|poke|p1|Iron Moth|
|poke|p1|Kleavor, F|
|poke|p1|Garchomp, F|
|poke|p1|Gholdengo|
|poke|p1|Sneasler, F|
|poke|p1|Quaquaval, F|
|poke|p2|Sneasler, M|
|poke|p2|Ursaluna, F|
|poke|p2|Basculegion-F, F|
|poke|p2|Heatran, F|
|poke|p2|Samurott-Hisui, M|
|poke|p2|Great Tusk|
|teampreview
|
|start
|switch|p1a: Quaquaval|Quaquaval, F|100/100
|switch|p2a: Basculegion|Basculegion-F, F|100/100
|turn|1
|
|move|p1a: Quaquaval|Aqua Step|p2a: Basculegion
|-resisted|p2a: Basculegion
|-damage|p2a: Basculegion|77/100
|-boost|p1a: Quaquaval|spe|1
|move|p2a: Basculegion|Shadow Ball|p1a: Quaquaval
|-damage|p1a: Quaquaval|4/100
|
|-heal|p1a: Quaquaval|10/100|[from] item: Leftovers
|turn|2
|
|move|p1a: Quaquaval|Aqua Step|p2a: Basculegion
|-resisted|p2a: Basculegion
|-crit|p2a: Basculegion
|-damage|p2a: Basculegion|44/100
|-boost|p1a: Quaquaval|spe|1
|move|p2a: Basculegion|Shadow Ball|p1a: Quaquaval
|-damage|p1a: Quaquaval|0 fnt
|faint|p1a: Quaquaval
|
|
|switch|p1a: Kleavor|Kleavor, F, shiny|100/100
|turn|3
|
|switch|p2a: Great Tusk|Great Tusk|100/100
|move|p1a: Kleavor|Stone Axe|p2a: Great Tusk
|-resisted|p2a: Great Tusk
|-damage|p2a: Great Tusk|95/100
|-sidestart|p2: eats your potato*|move: Stealth Rock
|
|-heal|p2a: Great Tusk|100/100|[from] item: Leftovers
|turn|4
|
|switch|p1a: Sneasler|Sneasler, F, shiny|100/100
|-item|p1a: Sneasler|Air Balloon
|move|p2a: Great Tusk|Knock Off|p1a: Sneasler
|-resisted|p1a: Sneasler
|-damage|p1a: Sneasler|77/100
|-enditem|p1a: Sneasler|Air Balloon
|
|turn|5
|
|move|p1a: Sneasler|Dire Claw|p2a: Great Tusk
|-resisted|p2a: Great Tusk
|-crit|p2a: Great Tusk
|-damage|p2a: Great Tusk|83/100
|-status|p2a: Great Tusk|psn
|move|p2a: Great Tusk|Earthquake|p1a: Sneasler
|-supereffective|p1a: Sneasler
|-crit|p1a: Sneasler
|-damage|p1a: Sneasler|0 fnt
|faint|p1a: Sneasler
|
|-heal|p2a: Great Tusk|89/100 psn|[from] item: Leftovers
|-damage|p2a: Great Tusk|77/100 psn|[from] psn
|
|switch|p1a: Garchomp|Garchomp, F|100/100
|turn|6
|
|-end|p2a: Great Tusk|Protosynthesis|[silent]
|switch|p2a: Ursaluna|Ursaluna, F|100/100
|-damage|p2a: Ursaluna|94/100|[from] Stealth Rock
|move|p1a: Garchomp|Draco Meteor|p2a: Ursaluna
|-damage|p2a: Ursaluna|41/100
|-unboost|p1a: Garchomp|spa|2
|-damage|p1a: Garchomp|91/100|[from] item: Life Orb
|
|-status|p2a: Ursaluna|brn|[from] item: Flame Orb
|turn|7
|
|move|p1a: Garchomp|Earthquake|p2a: Ursaluna
|-damage|p2a: Ursaluna|1/100 brn
|-damage|p1a: Garchomp|81/100|[from] item: Life Orb
|move|p2a: Ursaluna|Earthquake|p1a: Garchomp
|-damage|p1a: Garchomp|0 fnt
|faint|p1a: Garchomp
|
|-damage|p2a: Ursaluna|0 fnt|[from] brn
|faint|p2a: Ursaluna
|
|switch|p1a: Kleavor|Kleavor, F, shiny|100/100
|switch|p2a: Heatran|Heatran, F|100/100
|-damage|p2a: Heatran|88/100|[from] Stealth Rock
|turn|8
|
|move|p1a: Kleavor|Close Combat|p2a: Heatran
|-supereffective|p2a: Heatran
|-damage|p2a: Heatran|13/100
|-unboost|p1a: Kleavor|def|1
|-unboost|p1a: Kleavor|spd|1
|move|p2a: Heatran|Magma Storm|p1a: Kleavor
|-damage|p1a: Kleavor|2/100
|-activate|p1a: Kleavor|move: Magma Storm|[of] p2a: Heatran
|
|-heal|p2a: Heatran|20/100|[from] item: Leftovers
|-damage|p1a: Kleavor|0 fnt|[from] move: Magma Storm|[partiallytrapped]
|faint|p1a: Kleavor
|
|switch|p1a: Iron Moth|Iron Moth|100/100
|-enditem|p1a: Iron Moth|Booster Energy
|-activate|p1a: Iron Moth|ability: Quark Drive|[fromitem]
|-start|p1a: Iron Moth|quarkdrivespe
|turn|9
|
|move|p1a: Iron Moth|Psychic|p2a: Heatran
|-resisted|p2a: Heatran
|-damage|p2a: Heatran|11/100
|move|p2a: Heatran|Earth Power|p1a: Iron Moth
|-supereffective|p1a: Iron Moth
|-damage|p1a: Iron Moth|0 fnt
|faint|p1a: Iron Moth
|-end|p1a: Iron Moth|Quark Drive|[silent]
|
|-heal|p2a: Heatran|17/100|[from] item: Leftovers
|
|switch|p1a: Gholdengo|Gholdengo|100/100
|turn|10
|
|-terastallize|p1a: Gholdengo|Flying
|move|p1a: Gholdengo|Thunder Wave|p2a: Heatran
|-status|p2a: Heatran|par
|move|p2a: Heatran|Earth Power|p1a: Gholdengo
|-immune|p1a: Gholdengo
|
|-heal|p2a: Heatran|23/100 par|[from] item: Leftovers
|turn|11
|
|move|p1a: Gholdengo|Nasty Plot|p1a: Gholdengo
|-boost|p1a: Gholdengo|spa|2
|cant|p2a: Heatran|par
|
|-heal|p2a: Heatran|30/100 par|[from] item: Leftovers
|turn|12
|
|move|p1a: Gholdengo|Hex|p2a: Heatran
|-damage|p2a: Heatran|0 fnt
|faint|p2a: Heatran
|
|
|switch|p2a: Sneasler|Sneasler, M|100/100
|-damage|p2a: Sneasler|95/100|[from] Stealth Rock
|turn|13
|
|move|p2a: Sneasler|Night Slash|p1a: Gholdengo
|-damage|p1a: Gholdengo|83/100
|move|p1a: Gholdengo|Thunder Wave|p2a: Sneasler
|-status|p2a: Sneasler|par
|
|-heal|p1a: Gholdengo|89/100|[from] item: Leftovers
|turn|14
|
|move|p1a: Gholdengo|Hex|p2a: Sneasler
|-damage|p2a: Sneasler|0 fnt
|faint|p2a: Sneasler
|
|-heal|p1a: Gholdengo|95/100|[from] item: Leftovers
|
|switch|p2a: Basculegion|Basculegion-F, F|44/100
|-damage|p2a: Basculegion|31/100|[from] Stealth Rock
|turn|15
|
|-terastallize|p2a: Basculegion|Ground
|move|p1a: Gholdengo|Hex|p2a: Basculegion
|-damage|p2a: Basculegion|0 fnt
|faint|p2a: Basculegion
|
|-heal|p1a: Gholdengo|100/100|[from] item: Leftovers
|
|switch|p2a: Samurott|Samurott-Hisui, M|100/100
|-damage|p2a: Samurott|88/100|[from] Stealth Rock
|turn|16
|
|move|p2a: Samurott|Aqua Cutter|p1a: Gholdengo
|-damage|p1a: Gholdengo|68/100
|move|p1a: Gholdengo|Thunder Wave|p2a: Samurott
|-status|p2a: Samurott|par
|
|-heal|p1a: Gholdengo|74/100|[from] item: Leftovers
|turn|17
|
|move|p2a: Samurott|Aqua Cutter|p1a: Gholdengo
|-damage|p1a: Gholdengo|41/100
|move|p1a: Gholdengo|Recover|p1a: Gholdengo
|-heal|p1a: Gholdengo|91/100
|
|-heal|p1a: Gholdengo|97/100|[from] item: Leftovers
|turn|18
|
|move|p2a: Samurott|Aqua Cutter|p1a: Gholdengo
|-damage|p1a: Gholdengo|62/100
|move|p1a: Gholdengo|Hex|p2a: Samurott
|-resisted|p2a: Samurott
|-damage|p2a: Samurott|0 fnt
|faint|p2a: Samurott
|
|-heal|p1a: Gholdengo|68/100|[from] item: Leftovers
|
|switch|p2a: Great Tusk|Great Tusk|77/100 psn
|-damage|p2a: Great Tusk|74/100 psn|[from] Stealth Rock
|turn|19
|
|move|p2a: Great Tusk|Knock Off|p1a: Gholdengo
|-damage|p1a: Gholdengo|51/100
|-enditem|p1a: Gholdengo|Leftovers|[from] move: Knock Off|[of] p2a: Great Tusk
|move|p1a: Gholdengo|Hex|p2a: Great Tusk
|-damage|p2a: Great Tusk|0 fnt
|faint|p2a: Great Tusk
|-end|p2a: Great Tusk|Protosynthesis|[silent]
|
|win|IrisBlaze
