# advantage = p2
|poke|p1|Slowking, F|
|poke|p1|Heatran, M|
|poke|p1|Urshifu-*, M|
|poke|p1|Corviknight, F|
|poke|p1|Iron Valiant|
|poke|p1|Ting-Lu|
|poke|p2|Hatterene, F|
|poke|p2|Ursaluna, F|
|poke|p2|Kingambit, F|
|poke|p2|Slowking, M|
|poke|p2|Avalugg-Hisui, M|
|poke|p2|Magearna|
|teampreview
|
|start
|switch|p1a: Heatran|Heatran, M|100/100
|switch|p2a: Ursaluna|Ursaluna, F|100/100
|turn|1
|
|-terastallize|p1a: Heatran|Grass
|move|p1a: Heatran|Tera Blast|p2a: Ursaluna
|-supereffective|p2a: Ursaluna
|-damage|p2a: Ursaluna|38/100
|move|p2a: Ursaluna|Earthquake|p1a: Heatran
|-resisted|p1a: Heatran
|-damage|p1a: Heatran|75/100
|
|-heal|p1a: Heatran|81/100|[from] item: Leftovers
|-status|p2a: Ursaluna|brn|[from] item: Flame Orb
|turn|2
|
|switch|p2a: Slowking|Slowking, M|100/100
|move|p1a: Heatran|Magma Storm|p2a: Slowking
|-resisted|p2a: Slowking
|-damage|p2a: Slowking|85/100
|-activate|p2a: Slowking|move: Magma Storm|[of] p1a: Heatran
|
|-heal|p1a: Heatran|87/100|[from] item: Leftovers
|-heal|p2a: Slowking|91/100|[from] item: Leftovers
|-damage|p2a: Slowking|78/100|[from] move: Magma Storm|[partiallytrapped]
|turn|3
|
|move|p1a: Heatran|Taunt|p2a: Slowking
|-start|p2a: Slowking|move: Taunt
|move|p2a: Slowking|Psychic|p1a: Heatran
|-damage|p1a: Heatran|56/100
|
|-heal|p1a: Heatran|62/100|[from] item: Leftovers
|-heal|p2a: Slowking|84/100|[from] item: Leftovers
|-damage|p2a: Slowking|72/100|[from] move: Magma Storm|[partiallytrapped]
|turn|4
|
|move|p1a: Heatran|Tera Blast|p2a: Slowking
|-supereffective|p2a: Slowking
|-damage|p2a: Slowking|20/100
|move|p2a: Slowking|Psychic|p1a: Heatran
|-damage|p1a: Heatran|33/100
|
|-heal|p1a: Heatran|39/100|[from] item: Leftovers
|-heal|p2a: Slowking|26/100|[from] item: Leftovers
|-damage|p2a: Slowking|14/100|[from] move: Magma Storm|[partiallytrapped]
|turn|5
|
|move|p1a: Heatran|Tera Blast|p2a: Slowking
|-supereffective|p2a: Slowking
|-damage|p2a: Slowking|0 fnt
|faint|p2a: Slowking
|
|-heal|p1a: Heatran|45/100|[from] item: Leftovers
|
|switch|p2a: Hatterene|Hatterene, F|100/100
|turn|6
|
|move|p1a: Heatran|Magma Storm|p2a: Hatterene|[miss]
|-miss|p1a: Heatran|p2a: Hatterene
|move|p2a: Hatterene|Trick Room|p2a: Hatterene
|-fieldstart|move: Trick Room|[of] p2a: Hatterene
|
|-heal|p1a: Heatran|52/100|[from] item: Leftovers
|turn|7
|
|move|p2a: Hatterene|Calm Mind|p2a: Hatterene
|-boost|p2a: Hatterene|spa|1
|-boost|p2a: Hatterene|spd|1
|move|p1a: Heatran|Magma Storm|p2a: Hatterene
|-damage|p2a: Hatterene|68/100
|-activate|p2a: Hatterene|move: Magma Storm|[of] p1a: Heatran
|
|-heal|p2a: Hatterene|74/100|[from] item: Leftovers
|-heal|p1a: Heatran|58/100|[from] item: Leftovers
|-damage|p2a: Hatterene|62/100|[from] move: Magma Storm|[partiallytrapped]
|turn|8
|
|switch|p1a: Corviknight|Corviknight, F|100/100
|-ability|p1a: Corviknight|Pressure
|move|p2a: Hatterene|Draining Kiss|p1a: Corviknight
|-resisted|p1a: Corviknight
|-crit|p1a: Corviknight
|-damage|p1a: Corviknight|70/100
|-heal|p2a: Hatterene|90/100|[from] drain|[of] p1a: Corviknight
|-damage|p2a: Hatterene|74/100|[from] item: Rocky Helmet|[of] p1a: Corviknight
|
|-heal|p2a: Hatterene|80/100|[from] item: Leftovers
|-end|p2a: Hatterene|Magma Storm|[partiallytrapped]|[silent]
|turn|9
|
|move|p2a: Hatterene|Draining Kiss|p1a: Corviknight
|-resisted|p1a: Corviknight
|-damage|p1a: Corviknight|49/100
|-heal|p2a: Hatterene|99/100|[from] drain|[of] p1a: Corviknight
|-damage|p2a: Hatterene|83/100|[from] item: Rocky Helmet|[of] p1a: Corviknight
|move|p1a: Corviknight|Brave Bird|p2a: Hatterene
|-damage|p2a: Hatterene|43/100
|-damage|p1a: Corviknight|39/100|[from] Recoil
|
|-heal|p2a: Hatterene|49/100|[from] item: Leftovers
|turn|10
|
|move|p2a: Hatterene|Psyshock|p1a: Corviknight
|-resisted|p1a: Corviknight
|-damage|p1a: Corviknight|19/100
|move|p1a: Corviknight|Brave Bird|p2a: Hatterene
|-damage|p2a: Hatterene|5/100
|-damage|p1a: Corviknight|7/100|[from] Recoil
|
|-heal|p2a: Hatterene|11/100|[from] item: Leftovers
|-fieldend|move: Trick Room
|turn|11
|
|move|p1a: Corviknight|Brave Bird|p2a: Hatterene
|-damage|p2a: Hatterene|0 fnt
|faint|p2a: Hatterene
|-damage|p1a: Corviknight|4/100|[from] Recoil
|
|
|switch|p2a: Magearna|Magearna|100/100
|turn|12
|
|move|p1a: Corviknight|Roost|p1a: Corviknight
|-heal|p1a: Corviknight|54/100
|-singleturn|p1a: Corviknight|move: Roost
|move|p2a: Magearna|Iron Defense|p2a: Magearna
|-boost|p2a: Magearna|def|2
|
|turn|13
|
|move|p1a: Corviknight|U-turn|p2a: Magearna
|-resisted|p2a: Magearna
|-damage|p2a: Magearna|99/100
|
|switch|p1a: Heatran|Heatran, M, tera:Grass|58/100|[from] U-turn
|move|p2a: Magearna|Calm Mind|p2a: Magearna
|-boost|p2a: Magearna|spa|1
|-boost|p2a: Magearna|spd|1
|
|-heal|p1a: Heatran|64/100|[from] item: Leftovers
|-heal|p2a: Magearna|100/100|[from] item: Leftovers
|turn|14
|
|move|p1a: Heatran|Taunt|p2a: Magearna
|-start|p2a: Magearna|move: Taunt
|cant|p2a: Magearna|move: Taunt|Calm Mind
|
|-heal|p1a: Heatran|70/100|[from] item: Leftovers
|turn|15
|
|move|p1a: Heatran|Magma Storm|p2a: Magearna
|-supereffective|p2a: Magearna
|-damage|p2a: Magearna|54/100
|-activate|p2a: Magearna|move: Magma Storm|[of] p1a: Heatran
|move|p2a: Magearna|Stored Power|p1a: Heatran
|-damage|p1a: Heatran|33/100
|
|-heal|p1a: Heatran|39/100|[from] item: Leftovers
|-heal|p2a: Magearna|60/100|[from] item: Leftovers
|-damage|p2a: Magearna|47/100|[from] move: Magma Storm|[partiallytrapped]
|turn|16
|
|move|p1a: Heatran|Magma Storm|p2a: Magearna
|-supereffective|p2a: Magearna
|-damage|p2a: Magearna|6/100
|move|p2a: Magearna|Draining Kiss|p1a: Heatran
|-damage|p1a: Heatran|9/100
|-heal|p2a: Magearna|29/100|[from] drain|[of] p1a: Heatran
|
|-heal|p1a: Heatran|16/100|[from] item: Leftovers
|-heal|p2a: Magearna|35/100|[from] item: Leftovers
|-damage|p2a: Magearna|23/100|[from] move: Magma Storm|[partiallytrapped]
|-end|p2a: Magearna|move: Taunt
|turn|17
|
|move|p1a: Heatran|Magma Storm|p2a: Magearna
|-supereffective|p2a: Magearna
|-damage|p2a: Magearna|0 fnt
|faint|p2a: Magearna
|
|-heal|p1a: Heatran|22/100|[from] item: Leftovers
|
|switch|p2a: Avalugg|Avalugg-Hisui, M|100/100
|turn|18
|
|move|p1a: Heatran|Tera Blast|p2a: Avalugg
|-supereffective|p2a: Avalugg
|-ability|p2a: Avalugg|Sturdy
|-damage|p2a: Avalugg|1/100
|move|p2a: Avalugg|Mountain Gale|p1a: Heatran
|-supereffective|p1a: Heatran
|-damage|p1a: Heatran|0 fnt
|faint|p1a: Heatran
|
|
|switch|p1a: Urshifu|Urshifu-Rapid-Strike, M|100/100
|turn|19
|
|switch|p2a: Ursaluna|Ursaluna, F|38/100 brn
|move|p1a: Urshifu|Swords Dance|p1a: Urshifu
|-boost|p1a: Urshifu|atk|2
|
|-damage|p2a: Ursaluna|32/100 brn|[from] brn
|turn|20
|
|move|p1a: Urshifu|Surging Strikes|p2a: Ursaluna
|-supereffective|p2a: Ursaluna
|-crit|p2a: Ursaluna
|-damage|p2a: Ursaluna|0 fnt
|faint|p2a: Ursaluna
|-hitcount|p2: Ursaluna|1
|
|
|switch|p2a: Kingambit|Kingambit, F|100/100
|-activate|p2a: Kingambit|ability: Supreme Overlord
|-start|p2a: Kingambit|fallen4|[silent]
|turn|21
|
|-terastallize|p2a: Kingambit|Flying
|move|p1a: Urshifu|Surging Strikes|p2a: Kingambit
|-crit|p2a: Kingambit
|-damage|p2a: Kingambit|66/100
|-crit|p2a: Kingambit
|-damage|p2a: Kingambit|31/100
|-crit|p2a: Kingambit
|-damage|p2a: Kingambit|0 fnt
|faint|p2a: Kingambit
|-end|p2a: Kingambit|fallen4|[silent]
|-hitcount|p2: Kingambit|3
|
|-message|p2 forfeited.
|
|win|p1
