|poke|p1|Great Tusk|
|poke|p1|Braviary-Hisui, M|
|poke|p1|Arcanine-Hisui, F|
|poke|p1|Meowscarada, F|
|poke|p1|Gholdengo|
|poke|p1|Amoonguss, F|
|poke|p2|Avalugg-Hisui, F|
|poke|p2|Landorus-Therian, M|
|poke|p2|Tauros-Paldea-Blaze, M|
|poke|p2|Dragapult, F|
|poke|p2|Quaquaval, F|
|poke|p2|Tornadus-Therian, M|
|teampreview
|
|start
|switch|p1a: Kandy Muse|Amoonguss, F|100/100
|switch|p2a: Tauros|Tauros-Paldea-Blaze, M|100/100
|-ability|p2a: Tauros|Intimidate|boost
|-unboost|p1a: Kandy Muse|atk|1
|turn|1
|
|switch|p1a: Eureka|Great Tusk|100/100
|-terastallize|p2a: Tauros|Grass
|move|p2a: Tauros|Bulk Up|p2a: Tauros
|-boost|p2a: Tauros|atk|1
|-boost|p2a: Tauros|def|1
|
|turn|2
|
|move|p1a: Eureka|Stealth Rock|p2a: Tauros
|-sidestart|p2: p2|move: Stealth Rock
|move|p2a: Tauros|Will-O-Wisp|p1a: Eureka
|-status|p1a: Eureka|brn
|
|-damage|p1a: Eureka|94/100 brn|[from] brn
|turn|3
|
|-end|p1a: Eureka|Protosynthesis|[silent]
|switch|p1a: Omelette|Braviary-Hisui, M|100/100
|move|p2a: Tauros|Bulk Up|p2a: Tauros
|-boost|p2a: Tauros|atk|1
|-boost|p2a: Tauros|def|1
|
|turn|4
|
|move|p2a: Tauros|Raging Bull|p1a: Omelette
|-damage|p1a: Omelette|47/100
|move|p1a: Omelette|Air Slash|p2a: Tauros
|-supereffective|p2a: Tauros
|-damage|p2a: Tauros|46/100
|
|-heal|p2a: Tauros|52/100|[from] item: Leftovers
|turn|5
|
|move|p2a: Tauros|Raging Bull|p1a: Omelette
|-damage|p1a: Omelette|0 fnt
|faint|p1a: Omelette
|
|-heal|p2a: Tauros|58/100|[from] item: Leftovers
|
|switch|p1a: Just my 2 cents..|Gholdengo|100/100
|turn|6
|
|move|p1a: Just my 2 cents..|Make It Rain|p2a: Tauros
|-damage|p2a: Tauros|0 fnt
|-unboost|p1a: Just my 2 cents..|spa|1
|faint|p2a: Tauros
|
|
|switch|p2a: Landorus|Landorus-Therian, M|100/100
|-damage|p2a: Landorus|88/100|[from] Stealth Rock
|-ability|p2a: Landorus|Intimidate|boost
|-unboost|p1a: Just my 2 cents..|atk|1
|turn|7
|
|switch|p1a: Puss in Tights|Meowscarada, F|100/100
|move|p2a: Landorus|Earthquake|p1a: Puss in Tights
|-resisted|p1a: Puss in Tights
|-damage|p1a: Puss in Tights|54/100
|
|turn|8
|
|move|p1a: Puss in Tights|Knock Off|p2a: Landorus
|-start|p1a: Puss in Tights|typechange|Dark|[from] ability: Protean
|-damage|p2a: Landorus|34/100
|-enditem|p2a: Landorus|Assault Vest|[from] move: Knock Off|[of] p1a: Puss in Tights
|move|p2a: Landorus|U-turn|p1a: Puss in Tights
|-supereffective|p1a: Puss in Tights
|-damage|p1a: Puss in Tights|0 fnt
|faint|p1a: Puss in Tights
|
|switch|p2a: Tornadus|Tornadus-Therian, M|100/100|[from] U-turn
|
|
|switch|p1a: Good boy|Arcanine-Hisui, F|100/100
|turn|9
|
|switch|p2a: Landorus|Landorus-Therian, M|34/100
|-damage|p2a: Landorus|22/100|[from] Stealth Rock
|-ability|p2a: Landorus|Intimidate|boost
|-unboost|p1a: Good boy|atk|1
|move|p1a: Good boy|Head Smash|p2a: Landorus|[miss]
|-miss|p1a: Good boy|p2a: Landorus
|
|turn|10
|
|switch|p1a: Eureka|Great Tusk|94/100 brn
|move|p2a: Landorus|Earthquake|p1a: Eureka
|-damage|p1a: Eureka|56/100 brn
|
|-heal|p1a: Eureka|62/100 brn|[from] item: Leftovers
|-damage|p1a: Eureka|56/100 brn|[from] brn
|turn|11
|
|move|p2a: Landorus|Earthquake|p1a: Eureka
|-damage|p1a: Eureka|12/100 brn
|move|p1a: Eureka|Close Combat|p2a: Landorus
|-resisted|p2a: Landorus
|-damage|p2a: Landorus|4/100
|-unboost|p1a: Eureka|def|1
|-unboost|p1a: Eureka|spd|1
|
|-heal|p1a: Eureka|18/100 brn|[from] item: Leftovers
|-damage|p1a: Eureka|12/100 brn|[from] brn
|turn|12
|
|move|p2a: Landorus|Earthquake|p1a: Eureka
|-damage|p1a: Eureka|0 fnt
|faint|p1a: Eureka
|-end|p1a: Eureka|Protosynthesis|[silent]
|
|
|switch|p1a: Just my 2 cents..|Gholdengo|100/100
|turn|13
|
|move|p1a: Just my 2 cents..|Shadow Ball|p2a: Landorus
|-damage|p2a: Landorus|0 fnt
|faint|p2a: Landorus
|
|
|switch|p2a: Quaquaval|Quaquaval, F|100/100
|-damage|p2a: Quaquaval|94/100|[from] Stealth Rock
|turn|14
|
|move|p1a: Just my 2 cents..|Shadow Ball|p2a: Quaquaval
|-damage|p2a: Quaquaval|42/100
|-unboost|p2a: Quaquaval|spd|1
|move|p2a: Quaquaval|Aqua Step|p1a: Just my 2 cents..
|-damage|p1a: Just my 2 cents..|56/100
|-boost|p2a: Quaquaval|spe|1
|
|-heal|p2a: Quaquaval|48/100|[from] item: Leftovers
|turn|15
|
|move|p1a: Just my 2 cents..|Shadow Ball|p2a: Quaquaval
|-damage|p2a: Quaquaval|0 fnt
|faint|p2a: Quaquaval
|
|
|switch|p2a: Avalugg|Avalugg-Hisui, F|100/100
|-damage|p2a: Avalugg|76/100|[from] Stealth Rock
|turn|16
|
|move|p1a: Just my 2 cents..|Shadow Ball|p2a: Avalugg
|-damage|p2a: Avalugg|0 fnt
|faint|p2a: Avalugg
|
|
|switch|p2a: Tornadus|Tornadus-Therian, M|100/100
|turn|17
|
|switch|p1a: Good boy|Arcanine-Hisui, F|100/100
|move|p2a: Tornadus|Heat Wave|p1a: Good boy
|-resisted|p1a: Good boy
|-damage|p1a: Good boy|92/100
|
|turn|18
|
|move|p2a: Tornadus|Hurricane|p1a: Good boy|[miss]
|-miss|p2a: Tornadus|p1a: Good boy
|move|p1a: Good boy|Head Smash|p2a: Tornadus
|-supereffective|p2a: Tornadus
|-damage|p2a: Tornadus|0 fnt
|faint|p2a: Tornadus
|
|
|switch|p2a: Dragapult|Dragapult, F|100/100
|-damage|p2a: Dragapult|88/100|[from] Stealth Rock
|turn|19
|
|move|p2a: Dragapult|Shadow Ball|p1a: Good boy
|-damage|p1a: Good boy|30/100
|-unboost|p1a: Good boy|spd|1
|move|p1a: Good boy|Head Smash|p2a: Dragapult
|-damage|p2a: Dragapult|0 fnt
|faint|p2a: Dragapult
|
|win|p1
