|poke|p1|Enamorus, F|
|poke|p1|Dragapult, F|
|poke|p1|Diancie|
|poke|p1|Urshifu-*, M|
|poke|p1|Zapdos|
|poke|p1|Great Tusk|
|poke|p2|Chien-Pao|
|poke|p2|Scream Tail|
|poke|p2|Corviknight, M|
|poke|p2|Kingambit, F|
|poke|p2|Great Tusk|
|poke|p2|Walking Wake|
|teampreview
|
|start
|switch|p1a: Diancie|Diancie|100/100
|switch|p2a: Kingambit|Kingambit, F|100/100
|turn|1
|
|-terastallize|p1a: Diancie|Fairy
|move|p2a: Kingambit|Stealth Rock|p1a: Diancie
|-sidestart|p1: p1|move: Stealth Rock
|move|p1a: Diancie|Iron Defense|p1a: Diancie
|-boost|p1a: Diancie|def|2
|
|turn|2
|
|move|p2a: Kingambit|Iron Head|p1a: Diancie
|-supereffective|p1a: Diancie
|-damage|p1a: Diancie|50/100
|move|p1a: Diancie|Iron Defense|p1a: Diancie
|-boost|p1a: Diancie|def|2
|
|-heal|p1a: Diancie|56/100|[from] item: Leftovers
|turn|3
|
|move|p2a: Kingambit|Iron Head|p1a: Diancie
|-supereffective|p1a: Diancie
|-damage|p1a: Diancie|23/100
|cant|p1a: Diancie|flinch
|
|-heal|p1a: Diancie|29/100|[from] item: Leftovers
|turn|4
|
|switch|p1a: Zapdos|Zapdos|100/100
|move|p2a: Kingambit|Iron Head|p1a: Zapdos
|-resisted|p1a: Zapdos
|-damage|p1a: Zapdos|85/100
|-status|p2a: Kingambit|par|[from] ability: Static|[of] p1a: Zapdos
|
|turn|5
|
|-end|p2a: Kingambit|fallenundefined|[silent]
|switch|p2a: Scream Tail|Scream Tail|100/100
|move|p1a: Zapdos|Volt Switch|p2a: Scream Tail
|-damage|p2a: Scream Tail|81/100
|
|switch|p1a: Diancie|Diancie, tera:Fairy|29/100|[from] Volt Switch
|-damage|p1a: Diancie|17/100|[from] Stealth Rock
|
|-heal|p2a: Scream Tail|87/100|[from] item: Leftovers
|-heal|p1a: Diancie|23/100|[from] item: Leftovers
|turn|6
|
|move|p2a: Scream Tail|Wish|p2a: Scream Tail
|move|p1a: Diancie|Calm Mind|p1a: Diancie
|-boost|p1a: Diancie|spa|1
|-boost|p1a: Diancie|spd|1
|
|-heal|p2a: Scream Tail|94/100|[from] item: Leftovers
|-heal|p1a: Diancie|29/100|[from] item: Leftovers
|turn|7
|
|move|p2a: Scream Tail|Encore|p1a: Diancie
|-start|p1a: Diancie|Encore
|move|p1a: Diancie|Calm Mind|p1a: Diancie
|-boost|p1a: Diancie|spa|1
|-boost|p1a: Diancie|spd|1
|
|-heal|p2a: Scream Tail|100/100|[from] move: Wish|[wisher] Scream Tail
|-heal|p1a: Diancie|35/100|[from] item: Leftovers
|turn|8
|
|move|p2a: Scream Tail|Dazzling Gleam|p1a: Diancie
|-damage|p1a: Diancie|27/100
|move|p1a: Diancie|Calm Mind|p1a: Diancie
|-boost|p1a: Diancie|spa|1
|-boost|p1a: Diancie|spd|1
|
|-heal|p1a: Diancie|33/100|[from] item: Leftovers
|turn|9
|
|move|p2a: Scream Tail|Wish|p2a: Scream Tail
|move|p1a: Diancie|Calm Mind|p1a: Diancie
|-boost|p1a: Diancie|spa|1
|-boost|p1a: Diancie|spd|1
|
|-heal|p1a: Diancie|39/100|[from] item: Leftovers
|-end|p1a: Diancie|Encore
|turn|10
|
|switch|p1a: Zapdos|Zapdos|85/100
|move|p2a: Scream Tail|Encore||[still]
|-fail|p2a: Scream Tail
|
|turn|11
|
|move|p2a: Scream Tail|Protect|p2a: Scream Tail
|-singleturn|p2a: Scream Tail|Protect
|move|p1a: Zapdos|Volt Switch|p2a: Scream Tail
|-activate|p2a: Scream Tail|move: Protect
|
|turn|12
|
|move|p2a: Scream Tail|Wish|p2a: Scream Tail
|move|p1a: Zapdos|Hurricane|p2a: Scream Tail|[miss]
|-miss|p1a: Zapdos|p2a: Scream Tail
|
|turn|13
|
|-end|p2a: Scream Tail|Protosynthesis|[silent]
|switch|p2a: Kingambit|Kingambit, F|100/100 par
|move|p1a: Zapdos|Volt Switch|p2a: Kingambit
|-damage|p2a: Kingambit|70/100 par
|
|switch|p1a: Urshifu|Urshifu-Rapid-Strike, M|100/100|[from] Volt Switch
|-damage|p1a: Urshifu|94/100|[from] Stealth Rock
|
|-heal|p2a: Kingambit|100/100 par|[from] move: Wish|[wisher] Scream Tail
|turn|14
|
|move|p1a: Urshifu|Close Combat|p2a: Kingambit
|-supereffective|p2a: Kingambit
|-enditem|p2a: Kingambit|Focus Sash
|-damage|p2a: Kingambit|1/100 par
|-unboost|p1a: Urshifu|def|1
|-unboost|p1a: Urshifu|spd|1
|move|p2a: Kingambit|Kowtow Cleave|p1a: Urshifu
|-resisted|p1a: Urshifu
|-damage|p1a: Urshifu|54/100
|
|turn|15
|
|move|p2a: Kingambit|Sucker Punch|p1a: Urshifu
|-resisted|p1a: Urshifu
|-damage|p1a: Urshifu|25/100
|move|p1a: Urshifu|Close Combat|p2a: Kingambit
|-supereffective|p2a: Kingambit
|-damage|p2a: Kingambit|0 fnt
|-unboost|p1a: Urshifu|def|1
|-unboost|p1a: Urshifu|spd|1
|faint|p2a: Kingambit
|-end|p2a: Kingambit|fallenundefined|[silent]
|
|
|switch|p2a: Walking Wake|Walking Wake|100/100
|turn|16
|
|move|p1a: Urshifu|Close Combat|p2a: Walking Wake
|-damage|p2a: Walking Wake|29/100
|-unboost|p1a: Urshifu|def|1
|-unboost|p1a: Urshifu|spd|1
|move|p2a: Walking Wake|Substitute|p2a: Walking Wake
|-start|p2a: Walking Wake|Substitute
|-damage|p2a: Walking Wake|4/100
|
|-heal|p2a: Walking Wake|10/100|[from] item: Leftovers
|turn|17
|
|move|p1a: Urshifu|Close Combat|p2a: Walking Wake
|-end|p2a: Walking Wake|Substitute
|-unboost|p1a: Urshifu|def|1
|-unboost|p1a: Urshifu|spd|1
|move|p2a: Walking Wake|Hydro Steam|p1a: Urshifu
|-resisted|p1a: Urshifu
|-damage|p1a: Urshifu|0 fnt
|faint|p1a: Urshifu
|
|-heal|p2a: Walking Wake|16/100|[from] item: Leftovers
|
|switch|p1a: Dragapult|Dragapult, F|100/100
|-damage|p1a: Dragapult|88/100|[from] Stealth Rock
|turn|18
|
|move|p1a: Dragapult|Substitute|p1a: Dragapult
|-start|p1a: Dragapult|Substitute
|-damage|p1a: Dragapult|63/100
|move|p2a: Walking Wake|Dragon Pulse|p1a: Dragapult
|-supereffective|p1a: Dragapult
|-end|p1a: Dragapult|Substitute
|
|-heal|p1a: Dragapult|69/100|[from] item: Leftovers
|-heal|p2a: Walking Wake|22/100|[from] item: Leftovers
|turn|19
|
|move|p1a: Dragapult|Dragon Darts|p2a: Walking Wake
|-supereffective|p2a: Walking Wake
|-damage|p2a: Walking Wake|0 fnt
|faint|p2a: Walking Wake
|-end|p2a: Walking Wake|Protosynthesis|[silent]
|
|-heal|p1a: Dragapult|75/100|[from] item: Leftovers
|
|switch|p2a: Scream Tail|Scream Tail|100/100
|turn|20
|
|move|p1a: Dragapult|Will-O-Wisp|p2a: Scream Tail
|-status|p2a: Scream Tail|brn
|move|p2a: Scream Tail|Dazzling Gleam|p1a: Dragapult
|-supereffective|p1a: Dragapult
|-damage|p1a: Dragapult|25/100
|
|-heal|p1a: Dragapult|31/100|[from] item: Leftovers
|-damage|p2a: Scream Tail|94/100 brn|[from] brn
|turn|21
|
|move|p1a: Dragapult|Hex|p2a: Scream Tail
|-supereffective|p2a: Scream Tail
|-damage|p2a: Scream Tail|27/100 brn
|move|p2a: Scream Tail|Dazzling Gleam|p1a: Dragapult
|-supereffective|p1a: Dragapult
|-crit|p1a: Dragapult
|-damage|p1a: Dragapult|0 fnt
|faint|p1a: Dragapult
|
|-heal|p2a: Scream Tail|33/100 brn|[from] item: Leftovers
|-damage|p2a: Scream Tail|27/100 brn|[from] brn
|
|switch|p1a: Enamorus|Enamorus, F|100/100
|-damage|p1a: Enamorus|76/100|[from] Stealth Rock
|turn|22
|
|move|p1a: Enamorus|Draining Kiss|p2a: Scream Tail
|-damage|p2a: Scream Tail|13/100 brn
|-heal|p1a: Enamorus|91/100|[from] drain|[of] p2a: Scream Tail
|move|p2a: Scream Tail|Encore|p1a: Enamorus
|-start|p1a: Enamorus|Encore
|
|-heal|p1a: Enamorus|97/100|[from] item: Leftovers
|-heal|p2a: Scream Tail|19/100 brn|[from] item: Leftovers
|-damage|p2a: Scream Tail|13/100 brn|[from] brn
|turn|23
|
|move|p1a: Enamorus|Draining Kiss|p2a: Scream Tail
|-damage|p2a: Scream Tail|0 fnt
|-heal|p1a: Enamorus|100/100|[from] drain|[of] p2a: Scream Tail
|faint|p2a: Scream Tail
|-end|p2a: Scream Tail|Protosynthesis|[silent]
|
|
|switch|p2a: Corviknight|Corviknight, M|100/100
|-ability|p2a: Corviknight|Pressure
|turn|24
|
|switch|p1a: Zapdos|Zapdos|85/100
|move|p2a: Corviknight|Iron Defense|p2a: Corviknight
|-boost|p2a: Corviknight|def|2
|
|turn|25
|
|-terastallize|p2a: Corviknight|Electric
|move|p1a: Zapdos|Volt Switch|p2a: Corviknight
|-resisted|p2a: Corviknight
|-damage|p2a: Corviknight|86/100
|
|switch|p1a: Enamorus|Enamorus, F|100/100|[from] Volt Switch
|-damage|p1a: Enamorus|76/100|[from] Stealth Rock
|move|p2a: Corviknight|Iron Defense|p2a: Corviknight
|-boost|p2a: Corviknight|def|2
|
|-heal|p1a: Enamorus|82/100|[from] item: Leftovers
|-heal|p2a: Corviknight|93/100|[from] item: Leftovers
|turn|26
|
|move|p1a: Enamorus|Superpower|p2a: Corviknight
|-damage|p2a: Corviknight|86/100
|-boost|p1a: Enamorus|atk|1
|-boost|p1a: Enamorus|def|1
|move|p2a: Corviknight|Body Press|p1a: Enamorus
|-resisted|p1a: Enamorus
|-damage|p1a: Enamorus|69/100
|
|-heal|p1a: Enamorus|75/100|[from] item: Leftovers
|-heal|p2a: Corviknight|92/100|[from] item: Leftovers
|turn|27
|
|move|p1a: Enamorus|Superpower|p2a: Corviknight
|-damage|p2a: Corviknight|82/100
|-boost|p1a: Enamorus|atk|1
|-boost|p1a: Enamorus|def|1
|move|p2a: Corviknight|Iron Defense|p2a: Corviknight
|-boost|p2a: Corviknight|def|2
|
|-heal|p1a: Enamorus|81/100|[from] item: Leftovers
|-heal|p2a: Corviknight|88/100|[from] item: Leftovers
|turn|28
|
|move|p1a: Enamorus|Superpower|p2a: Corviknight
|-damage|p2a: Corviknight|78/100
|-boost|p1a: Enamorus|atk|1
|-boost|p1a: Enamorus|def|1
|move|p2a: Corviknight|Iron Defense|p2a: Corviknight
|-boost|p2a: Corviknight|def|0
|
|-heal|p1a: Enamorus|87/100|[from] item: Leftovers
|-heal|p2a: Corviknight|84/100|[from] item: Leftovers
|turn|29
|
|move|p1a: Enamorus|Superpower|p2a: Corviknight
|-damage|p2a: Corviknight|72/100
|-boost|p1a: Enamorus|atk|1
|-boost|p1a: Enamorus|def|1
|move|p2a: Corviknight|Iron Defense|p2a: Corviknight
|-boost|p2a: Corviknight|def|0
|
|-heal|p1a: Enamorus|94/100|[from] item: Leftovers
|-heal|p2a: Corviknight|78/100|[from] item: Leftovers
|turn|30
|
|move|p1a: Enamorus|Draining Kiss|p2a: Corviknight
|-damage|p2a: Corviknight|58/100
|-heal|p1a: Enamorus|100/100|[from] drain|[of] p2a: Corviknight
|move|p2a: Corviknight|Hurricane|p1a: Enamorus
|-damage|p1a: Enamorus|66/100
|
|-heal|p1a: Enamorus|72/100|[from] item: Leftovers
|-heal|p2a: Corviknight|64/100|[from] item: Leftovers
|turn|31
|
|switch|p1a: Great Tusk|Great Tusk|100/100
|-enditem|p1a: Great Tusk|Booster Energy
|-activate|p1a: Great Tusk|ability: Protosynthesis|[fromitem]
|-start|p1a: Great Tusk|protosynthesisspe
|-damage|p1a: Great Tusk|98/100|[from] Stealth Rock
|move|p2a: Corviknight|Iron Defense|p2a: Corviknight
|-boost|p2a: Corviknight|def|0
|
|-heal|p2a: Corviknight|70/100|[from] item: Leftovers
|turn|32
|
|move|p1a: Great Tusk|Knock Off|p2a: Corviknight
|-damage|p2a: Corviknight|65/100
|-enditem|p2a: Corviknight|Leftovers|[from] move: Knock Off|[of] p1a: Great Tusk
|move|p2a: Corviknight|Hurricane|p1a: Great Tusk
|-supereffective|p1a: Great Tusk
|-damage|p1a: Great Tusk|42/100
|
|turn|33
|
|move|p1a: Great Tusk|Stealth Rock|p2a: Corviknight
|-sidestart|p2: p2|move: Stealth Rock
|move|p2a: Corviknight|Roost|p2a: Corviknight
|-heal|p2a: Corviknight|100/100
|
|turn|34
|
|move|p1a: Great Tusk|Rapid Spin|p2a: Corviknight
|-damage|p2a: Corviknight|97/100
|-boost|p1a: Great Tusk|spe|1
|-sideend|p1: p1|Stealth Rock|[from] move: Rapid Spin|[of] p1a: Great Tusk
|move|p2a: Corviknight|Hurricane|p1a: Great Tusk
|-supereffective|p1a: Great Tusk
|-damage|p1a: Great Tusk|0 fnt
|faint|p1a: Great Tusk
|-end|p1a: Great Tusk|Protosynthesis|[silent]
|
|
|switch|p1a: Diancie|Diancie, tera:Fairy|39/100
|turn|35
|
|move|p2a: Corviknight|Body Press|p1a: Diancie
|-resisted|p1a: Diancie
|-crit|p1a: Diancie
|-damage|p1a: Diancie|0 fnt
|faint|p1a: Diancie
|
|player|p1|
|-message|p1 lost due to inactivity.
|
|win|p2
