# advantage = p1
|poke|p1|Indeedee, M|
|poke|p1|Zamazenta-*|
|poke|p1|Armarouge, M|
|poke|p1|Hatterene, F|
|poke|p1|Polteageist|
|poke|p1|Magearna|
|poke|p2|Cresselia, F|
|poke|p2|Ursaluna, F|
|poke|p2|Magearna|
|poke|p2|Enamorus-Therian, F|
|poke|p2|Slowking-Galar, F|
|poke|p2|Baxcalibur, F|
|teampreview
|
|start
|switch|p1a: Indeedee|Indeedee, M|100/100
|switch|p2a: Cresselia|Cresselia, F|100/100
|-fieldstart|move: Psychic Terrain|[from] ability: Psychic Surge|[of] p1a: Indeedee
|turn|1
|
|switch|p1a: Hatterene|Hatterene, F|100/100
|move|p2a: Cresselia|Light Screen|p2a: Cresselia
|-sidestart|p2: p2|move: Light Screen
|
|turn|2
|
|switch|p1a: Indeedee|Indeedee, M|100/100
|move|p2a: Cresselia|Trick Room|p2a: Cresselia
|-fieldstart|move: Trick Room|[of] p2a: Cresselia
|
|turn|3
|
|switch|p2a: Ursaluna|Ursaluna, F|100/100
|move|p1a: Indeedee|Encore||[still]
|-fail|p1a: Indeedee
|
|-status|p2a: Ursaluna|brn|[from] item: Flame Orb
|turn|4
|
|switch|p1a: Hatterene|Hatterene, F|100/100
|move|p2a: Ursaluna|Headlong Rush|p1a: Hatterene
|-crit|p1a: Hatterene
|-damage|p1a: Hatterene|0 fnt
|-unboost|p2a: Ursaluna|def|1
|-unboost|p2a: Ursaluna|spd|1
|faint|p1a: Hatterene
|
|-damage|p2a: Ursaluna|94/100 brn|[from] brn
|
|switch|p1a: Zamazenta|Zamazenta-Crowned|100/100
|-ability|p1a: Zamazenta|Dauntless Shield|boost
|-boost|p1a: Zamazenta|def|1
|turn|5
|
|switch|p2a: Slowking|Slowking-Galar, F|100/100
|-terastallize|p1a: Zamazenta|Ghost
|move|p1a: Zamazenta|Iron Defense|p1a: Zamazenta
|-boost|p1a: Zamazenta|def|2
|
|turn|6
|
|move|p2a: Slowking|Chilly Reception|p2a: Slowking
|-weather|Snow
|
|switch|p2a: Magearna|Magearna|100/100|[from] Chilly Reception
|move|p1a: Zamazenta|Tera Blast|p2a: Magearna
|-damage|p2a: Magearna|75/100
|
|-weather|Snow|[upkeep]
|-fieldend|move: Trick Room
|turn|7
|
|move|p1a: Zamazenta|Body Press|p2a: Magearna
|-damage|p2a: Magearna|0 fnt
|faint|p2a: Magearna
|
|-weather|Snow|[upkeep]
|
|switch|p2a: Enamorus|Enamorus-Therian, F|100/100
|turn|8
|
|move|p1a: Zamazenta|Behemoth Bash|p2a: Enamorus
|-supereffective|p2a: Enamorus
|-damage|p2a: Enamorus|46/100
|move|p2a: Enamorus|Substitute|p2a: Enamorus
|-start|p2a: Enamorus|Substitute
|-damage|p2a: Enamorus|22/100
|
|-weather|Snow|[upkeep]
|-heal|p2a: Enamorus|28/100|[from] item: Leftovers
|-sideend|p2: p2|move: Light Screen
|-fieldend|move: Psychic Terrain
|turn|9
|
|move|p1a: Zamazenta|Behemoth Bash|p2a: Enamorus
|-supereffective|p2a: Enamorus
|-end|p2a: Enamorus|Substitute
|move|p2a: Enamorus|Draining Kiss|p1a: Zamazenta
|-damage|p1a: Zamazenta|84/100
|-heal|p2a: Enamorus|42/100|[from] drain|[of] p1a: Zamazenta
|
|-weather|Snow|[upkeep]
|-heal|p2a: Enamorus|48/100|[from] item: Leftovers
|turn|10
|
|switch|p2a: Cresselia|Cresselia, F|100/100
|move|p1a: Zamazenta|Behemoth Bash|p2a: Cresselia
|-damage|p2a: Cresselia|74/100
|
|-weather|none
|turn|11
|
|move|p1a: Zamazenta|Tera Blast|p2a: Cresselia
|-supereffective|p2a: Cresselia
|-damage|p2a: Cresselia|38/100
|move|p2a: Cresselia|Reflect|p2a: Cresselia
|-sidestart|p2: p2|Reflect
|
|turn|12
|
|move|p1a: Zamazenta|Iron Defense|p1a: Zamazenta
|-boost|p1a: Zamazenta|def|2
|move|p2a: Cresselia|Trick Room|p2a: Cresselia
|-fieldstart|move: Trick Room|[of] p2a: Cresselia
|
|turn|13
|
|move|p2a: Cresselia|Lunar Dance|p2a: Cresselia
|faint|p2a: Cresselia
|move|p1a: Zamazenta|Tera Blast|p2: Cresselia|[notarget]
|-fail|p1a: Zamazenta
|
|
|switch|p2a: Enamorus|Enamorus-Therian, F|48/100
|-heal|p2a: Enamorus|100/100|[from] move: Lunar Dance
|turn|14
|
|-terastallize|p2a: Enamorus|Water
|move|p2a: Enamorus|Calm Mind|p2a: Enamorus
|-boost|p2a: Enamorus|spa|1
|-boost|p2a: Enamorus|spd|1
|move|p1a: Zamazenta|Behemoth Bash|p2a: Enamorus
|-resisted|p2a: Enamorus
|-damage|p2a: Enamorus|93/100
|
|-heal|p2a: Enamorus|99/100|[from] item: Leftovers
|turn|15
|
|move|p2a: Enamorus|Calm Mind|p2a: Enamorus
|-boost|p2a: Enamorus|spa|1
|-boost|p2a: Enamorus|spd|1
|move|p1a: Zamazenta|Body Press|p2a: Enamorus
|-damage|p2a: Enamorus|58/100
|
|-heal|p2a: Enamorus|64/100|[from] item: Leftovers
|turn|16
|
|move|p2a: Enamorus|Draining Kiss|p1a: Zamazenta
|-damage|p1a: Zamazenta|57/100
|-heal|p2a: Enamorus|88/100|[from] drain|[of] p1a: Zamazenta
|move|p1a: Zamazenta|Body Press|p2a: Enamorus
|-damage|p2a: Enamorus|43/100
|
|-heal|p2a: Enamorus|49/100|[from] item: Leftovers
|-fieldend|move: Trick Room
|turn|17
|
|move|p1a: Zamazenta|Body Press|p2a: Enamorus
|-damage|p2a: Enamorus|3/100
|move|p2a: Enamorus|Draining Kiss|p1a: Zamazenta
|-damage|p1a: Zamazenta|26/100
|-heal|p2a: Enamorus|29/100|[from] drain|[of] p1a: Zamazenta
|
|-heal|p2a: Enamorus|36/100|[from] item: Leftovers
|turn|18
|
|switch|p2a: Slowking|Slowking-Galar, F|100/100
|move|p1a: Zamazenta|Body Press|p2a: Slowking
|-resisted|p2a: Slowking
|-damage|p2a: Slowking|83/100
|
|-sideend|p2: p2|Reflect
|turn|19
|
|move|p1a: Zamazenta|Tera Blast|p2a: Slowking
|-supereffective|p2a: Slowking
|-damage|p2a: Slowking|17/100
|move|p2a: Slowking|Trick Room|p2a: Slowking
|-fieldstart|move: Trick Room|[of] p2a: Slowking
|
|turn|20
|
|move|p2a: Slowking|Psychic|p1a: Zamazenta
|-damage|p1a: Zamazenta|3/100
|move|p1a: Zamazenta|Body Press|p2a: Slowking
|-resisted|p2a: Slowking
|-damage|p2a: Slowking|0 fnt
|faint|p2a: Slowking
|
|
|switch|p2a: Ursaluna|Ursaluna, F|94/100 brn
|turn|21
|
|switch|p1a: Polteageist|Polteageist|100/100
|move|p2a: Ursaluna|Headlong Rush|p1a: Polteageist
|-enditem|p1a: Polteageist|Focus Sash
|-damage|p1a: Polteageist|1/100
|-unboost|p2a: Ursaluna|def|1
|-unboost|p2a: Ursaluna|spd|1
|-ability|p1a: Polteageist|Weak Armor|boost
|-unboost|p1a: Polteageist|def|1
|-boost|p1a: Polteageist|spe|2
|
|-damage|p2a: Ursaluna|88/100 brn|[from] brn
|turn|22
|
|move|p2a: Ursaluna|Headlong Rush|p1a: Polteageist
|-damage|p1a: Polteageist|0 fnt
|-unboost|p2a: Ursaluna|def|1
|-unboost|p2a: Ursaluna|spd|1
|faint|p1a: Polteageist
|
|-damage|p2a: Ursaluna|82/100 brn|[from] brn
|
|switch|p1a: Armarouge|Armarouge, M|100/100
|turn|23
|
|move|p1a: Armarouge|Endure|p1a: Armarouge
|-singleturn|p1a: Armarouge|move: Endure
|move|p2a: Ursaluna|Headlong Rush|p1a: Armarouge
|-supereffective|p1a: Armarouge
|-activate|p1a: Armarouge|move: Endure
|-damage|p1a: Armarouge|1/100
|-unboost|p2a: Ursaluna|def|1
|-unboost|p2a: Ursaluna|spd|1
|-ability|p1a: Armarouge|Weak Armor|boost
|-unboost|p1a: Armarouge|def|1
|-boost|p1a: Armarouge|spe|2
|-enditem|p1a: Armarouge|Weakness Policy
|-boost|p1a: Armarouge|atk|2|[from] item: Weakness Policy
|-boost|p1a: Armarouge|spa|2|[from] item: Weakness Policy
|
|-damage|p2a: Ursaluna|76/100 brn|[from] brn
|-fieldend|move: Trick Room
|turn|24
|
|switch|p2a: Enamorus|Enamorus-Therian, F, tera:Water|36/100
|move|p1a: Armarouge|Armor Cannon|p2a: Enamorus
|-resisted|p2a: Enamorus
|-damage|p2a: Enamorus|0 fnt
|-unboost|p1a: Armarouge|def|1
|-unboost|p1a: Armarouge|spd|1
|faint|p2a: Enamorus
|
|
|switch|p2a: Baxcalibur|Baxcalibur, F|100/100
|turn|25
|
|move|p2a: Baxcalibur|Ice Shard|p1a: Armarouge
|-resisted|p1a: Armarouge
|-damage|p1a: Armarouge|0 fnt
|faint|p1a: Armarouge
|
|
|switch|p1a: Indeedee|Indeedee, M|100/100
|-fieldstart|move: Psychic Terrain|[from] ability: Psychic Surge|[of] p1a: Indeedee
|turn|26
|
|switch|p2a: Ursaluna|Ursaluna, F|76/100 brn
|move|p1a: Indeedee|Encore||[still]
|-fail|p1a: Indeedee
|
|-damage|p2a: Ursaluna|70/100 brn|[from] brn
|turn|27
|
|move|p1a: Indeedee|Healing Wish|p1a: Indeedee
|faint|p1a: Indeedee
|move|p2a: Ursaluna|Headlong Rush|p1: Indeedee|[notarget]
|-fail|p2a: Ursaluna
|
|-damage|p2a: Ursaluna|64/100 brn|[from] brn
|
|switch|p1a: Zamazenta|Zamazenta-Crowned, tera:Ghost|3/100
|-heal|p1a: Zamazenta|100/100|[from] move: Healing Wish
|turn|28
|
|move|p1a: Zamazenta|Iron Defense|p1a: Zamazenta
|-boost|p1a: Zamazenta|def|2
|move|p2a: Ursaluna|Headlong Rush|p1a: Zamazenta
|-damage|p1a: Zamazenta|64/100
|-unboost|p2a: Ursaluna|def|1
|-unboost|p2a: Ursaluna|spd|1
|
|-damage|p2a: Ursaluna|58/100 brn|[from] brn
|turn|29
|
|move|p1a: Zamazenta|Body Press|p2a: Ursaluna
|-supereffective|p2a: Ursaluna
|-damage|p2a: Ursaluna|0 fnt
|faint|p2a: Ursaluna
|
|
|switch|p2a: Baxcalibur|Baxcalibur, F|100/100
|turn|30
|
|move|p1a: Zamazenta|Body Press|p2a: Baxcalibur
|-supereffective|p2a: Baxcalibur
|-damage|p2a: Baxcalibur|0 fnt
|faint|p2a: Baxcalibur
|
|win|p1
