|poke|p1|Arcanine-Hisui, F|
|poke|p1|Gholdengo|
|poke|p1|Masquerain, M|
|poke|p1|Volcanion|
|poke|p1|Great Tusk|
|poke|p1|Goodra-Hisui, M|
|poke|p2|Rillaboom, F|
|poke|p2|Breloom, M|
|poke|p2|Dragapult, M|
|poke|p2|Sneasler, M|
|poke|p2|Zamazenta-*|
|poke|p2|Kleavor, M|
|teampreview
|
|start
|switch|p1a: Masquerain|Masquerain, M|100/100
|switch|p2a: Kleavor|Kleavor, M|100/100
|-ability|p1a: Masquerain|Intimidate|boost
|-unboost|p2a: Kleavor|atk|1
|turn|1
|
|move|p2a: Kleavor|Stone Axe|p1a: Masquerain
|-supereffective|p1a: Masquerain
|-enditem|p1a: Masquerain|Focus Sash
|-damage|p1a: Masquerain|1/100
|-sidestart|p1: szkolna13|move: Stealth Rock
|move|p1a: Masquerain|Sticky Web|p2a: Kleavor
|-sidestart|p2: Achoo-ler|move: Sticky Web
|
|turn|2
|
|move|p2a: Kleavor|Defog|p1a: Masquerain
|-unboost|p1a: Masquerain|evasion|1
|-sideend|p1: szkolna13|Stealth Rock|[from] move: Defog|[of] p2a: Kleavor
|-sideend|p2: Achoo-ler|Sticky Web|[from] move: Defog|[of] p2a: Kleavor
|move|p1a: Masquerain|Hydro Pump|p2a: Kleavor|[miss]
|-miss|p1a: Masquerain|p2a: Kleavor
|
|turn|3
|
|switch|p1a: Great Tusk|Great Tusk|100/100
|move|p2a: Kleavor|Stone Axe|p1a: Great Tusk|[miss]
|-miss|p2a: Kleavor|p1a: Great Tusk
|
|turn|4
|
|switch|p2a: Rillaboom|Rillaboom, F|100/100
|-fieldstart|move: Grassy Terrain|[from] ability: Grassy Surge|[of] p2a: Rillaboom
|move|p1a: Great Tusk|Knock Off|p2a: Rillaboom
|-damage|p2a: Rillaboom|69/100
|-enditem|p2a: Rillaboom|Choice Scarf|[from] move: Knock Off|[of] p1a: Great Tusk
|
|-heal|p2a: Rillaboom|75/100|[from] Grassy Terrain
|turn|5
|
|-end|p1a: Great Tusk|Protosynthesis|[silent]
|switch|p1a: Gholdengo|Gholdengo|100/100
|move|p2a: Rillaboom|Wood Hammer|p1a: Gholdengo
|-resisted|p1a: Gholdengo
|-damage|p1a: Gholdengo|51/100
|-damage|p2a: Rillaboom|60/100|[from] Recoil
|
|-heal|p1a: Gholdengo|57/100|[from] Grassy Terrain
|-heal|p1a: Gholdengo|63/100|[from] item: Leftovers
|-heal|p2a: Rillaboom|66/100|[from] Grassy Terrain
|turn|6
|
|move|p1a: Gholdengo|Shadow Ball|p2a: Rillaboom
|-damage|p2a: Rillaboom|10/100
|move|p2a: Rillaboom|U-turn|p1a: Gholdengo
|-resisted|p1a: Gholdengo
|-damage|p1a: Gholdengo|55/100
|
|switch|p2a: Dragapult|Dragapult, M|100/100|[from] U-turn
|
|-heal|p1a: Gholdengo|61/100|[from] Grassy Terrain
|-heal|p1a: Gholdengo|67/100|[from] item: Leftovers
|turn|7
|
|switch|p1a: Goodra|Goodra-Hisui, M|100/100
|move|p2a: Dragapult|Light Screen|p2a: Dragapult
|-sidestart|p2: Achoo-ler|move: Light Screen
|
|turn|8
|
|move|p2a: Dragapult|Reflect|p2a: Dragapult
|-sidestart|p2: Achoo-ler|Reflect
|move|p1a: Goodra|Ice Beam|p2a: Dragapult
|-supereffective|p2a: Dragapult
|-damage|p2a: Dragapult|72/100
|
|-heal|p2a: Dragapult|78/100|[from] Grassy Terrain
|-fieldend|move: Grassy Terrain
|turn|9
|
|move|p2a: Dragapult|U-turn|p1a: Goodra
|-resisted|p1a: Goodra
|-damage|p1a: Goodra|91/100
|
|switch|p2a: Kleavor|Kleavor, M|100/100|[from] U-turn
|move|p1a: Goodra|Ice Beam|p2a: Kleavor
|-damage|p2a: Kleavor|81/100
|
|turn|10
|
|switch|p1a: Great Tusk|Great Tusk|100/100
|move|p2a: Kleavor|Stone Axe|p1a: Great Tusk
|-resisted|p1a: Great Tusk
|-damage|p1a: Great Tusk|94/100
|-sidestart|p1: szkolna13|move: Stealth Rock
|
|-heal|p1a: Great Tusk|99/100|[from] item: Leftovers
|turn|11
|
|switch|p2a: Zamazenta|Zamazenta-Crowned|100/100
|-ability|p2a: Zamazenta|Dauntless Shield|boost
|-boost|p2a: Zamazenta|def|1
|move|p1a: Great Tusk|Knock Off|p2a: Zamazenta
|-resisted|p2a: Zamazenta
|-damage|p2a: Zamazenta|99/100
|
|-heal|p1a: Great Tusk|100/100|[from] item: Leftovers
|turn|12
|
|move|p2a: Zamazenta|Iron Defense|p2a: Zamazenta
|-boost|p2a: Zamazenta|def|2
|move|p1a: Great Tusk|Rapid Spin|p2a: Zamazenta
|-resisted|p2a: Zamazenta
|-damage|p2a: Zamazenta|98/100
|-boost|p1a: Great Tusk|spe|1
|-sideend|p1: szkolna13|Stealth Rock|[from] move: Rapid Spin|[of] p1a: Great Tusk
|
|turn|13
|
|move|p2a: Zamazenta|Iron Defense|p2a: Zamazenta
|-boost|p2a: Zamazenta|def|2
|move|p1a: Great Tusk|Bulk Up|p1a: Great Tusk
|-boost|p1a: Great Tusk|atk|1
|-boost|p1a: Great Tusk|def|1
|
|turn|14
|
|move|p2a: Zamazenta|Body Press|p1a: Great Tusk
|-damage|p1a: Great Tusk|50/100
|move|p1a: Great Tusk|Bulk Up|p1a: Great Tusk
|-boost|p1a: Great Tusk|atk|1
|-boost|p1a: Great Tusk|def|1
|
|-heal|p1a: Great Tusk|57/100|[from] item: Leftovers
|-sideend|p2: Achoo-ler|move: Light Screen
|turn|15
|
|move|p2a: Zamazenta|Body Press|p1a: Great Tusk
|-damage|p1a: Great Tusk|13/100
|move|p1a: Great Tusk|Knock Off|p2a: Zamazenta
|-resisted|p2a: Zamazenta
|-damage|p2a: Zamazenta|96/100
|
|-heal|p1a: Great Tusk|19/100|[from] item: Leftovers
|-sideend|p2: Achoo-ler|Reflect
|turn|16
|
|-end|p1a: Great Tusk|Protosynthesis|[silent]
|switch|p1a: Gholdengo|Gholdengo|67/100
|move|p2a: Zamazenta|Body Press|p1a: Gholdengo
|-immune|p1a: Gholdengo
|
|-heal|p1a: Gholdengo|73/100|[from] item: Leftovers
|turn|17
|
|move|p2a: Zamazenta|Crunch|p1a: Gholdengo
|-supereffective|p1a: Gholdengo
|-damage|p1a: Gholdengo|26/100
|-unboost|p1a: Gholdengo|def|1
|move|p1a: Gholdengo|Shadow Ball|p2a: Zamazenta
|-damage|p2a: Zamazenta|61/100
|
|-heal|p1a: Gholdengo|32/100|[from] item: Leftovers
|turn|18
|
|switch|p1a: Masquerain|Masquerain, M|1/100
|-ability|p1a: Masquerain|Intimidate|boost
|-unboost|p2a: Zamazenta|atk|1
|move|p2a: Zamazenta|Crunch|p1a: Masquerain
|-damage|p1a: Masquerain|0 fnt
|faint|p1a: Masquerain
|
|
|switch|p1a: Gholdengo|Gholdengo|32/100
|turn|19
|
|move|p2a: Zamazenta|Crunch|p1a: Gholdengo
|-supereffective|p1a: Gholdengo
|-damage|p1a: Gholdengo|0 fnt
|faint|p1a: Gholdengo
|
|
|switch|p1a: Volcanion|Volcanion|100/100
|turn|20
|
|move|p2a: Zamazenta|Body Press|p1a: Volcanion
|-damage|p1a: Volcanion|0 fnt
|faint|p1a: Volcanion
|
|-message|szkolna13 forfeited.
|
|win|Achoo-ler
