|poke|p1|Tyranitar, M|
|poke|p1|Lycanroc, M|
|poke|p1|Amoonguss, M|
|poke|p1|Corviknight, M|
|poke|p1|Dragapult, M|
|poke|p1|Urshifu-*, M|
|poke|p2|Uxie|
|poke|p2|Magearna|
|teampreview
|
|start
|switch|p1a: Tyranitar|Tyranitar, M|100/100
|switch|p2a: Uxie|Uxie, shiny|100/100
|-weather|Sandstorm|[from] ability: Sand Stream|[of] p1a: Tyranitar
|turn|1
|
|move|p2a: Uxie|Reflect|p2a: Uxie
|-sidestart|p2: koraidon03|Reflect
|move|p1a: Tyranitar|Taunt|p2a: Uxie
|-start|p2a: Uxie|move: Taunt
|
|-weather|Sandstorm|[upkeep]
|-damage|p2a: Uxie|94/100|[from] Sandstorm
|turn|2
|
|switch|p2a: Magearna|Magearna|100/100
|switch|p1a: Dragapult|Dragapult, M|100/100
|
|-weather|Sandstorm|[upkeep]
|-damage|p1a: Dragapult|95/100|[from] Sandstorm
|turn|3
|
|-terastallize|p2a: Magearna|Fairy
|move|p1a: Dragapult|Fire Blast|p2a: Magearna
|-crit|p2a: Magearna
|-damage|p2a: Magearna|33/100
|move|p2a: Magearna|Shift Gear|p2a: Magearna
|-boost|p2a: Magearna|spe|2
|-boost|p2a: Magearna|atk|1
|
|-weather|Sandstorm|[upkeep]
|-damage|p2a: Magearna|27/100|[from] Sandstorm
|-damage|p1a: Dragapult|89/100|[from] Sandstorm
|turn|4
|
|move|p2a: Magearna|Draining Kiss|p1a: Dragapult
|-supereffective|p1a: Dragapult
|-damage|p1a: Dragapult|0 fnt
|-heal|p2a: Magearna|97/100|[from] drain|[of] p1a: Dragapult
|faint|p1a: Dragapult
|-ability|p2a: Magearna|Soul-Heart|boost
|-boost|p2a: Magearna|spa|1
|
|-weather|Sandstorm|[upkeep]
|-damage|p2a: Magearna|91/100|[from] Sandstorm
|
|switch|p1a: Amoonguss|Amoonguss, M, shiny|100/100
|turn|5
|
|move|p2a: Magearna|Stored Power|p1a: Amoonguss
|-supereffective|p1a: Amoonguss
|-damage|p1a: Amoonguss|7/100
|-enditem|p1a: Amoonguss|Eject Button
|
|switch|p1a: Tyranitar|Tyranitar, M|100/100
|
|-weather|Sandstorm|[upkeep]
|-damage|p2a: Magearna|85/100|[from] Sandstorm
|turn|6
|
|move|p2a: Magearna|Calm Mind|p2a: Magearna
|-boost|p2a: Magearna|spa|1
|-boost|p2a: Magearna|spd|1
|move|p1a: Tyranitar|Rock Blast|p2a: Magearna
|-damage|p2a: Magearna|80/100
|-damage|p2a: Magearna|74/100
|-damage|p2a: Magearna|69/100
|-hitcount|p2a: Magearna|3
|
|-weather|Sandstorm|[upkeep]
|-damage|p2a: Magearna|63/100|[from] Sandstorm
|turn|7
|
|move|p2a: Magearna|Draining Kiss|p1a: Tyranitar
|-supereffective|p1a: Tyranitar
|-damage|p1a: Tyranitar|24/100
|-heal|p2a: Magearna|100/100|[from] drain|[of] p1a: Tyranitar
|move|p1a: Tyranitar|Taunt|p2a: Magearna
|-start|p2a: Magearna|move: Taunt
|
|-weather|Sandstorm|[upkeep]
|-damage|p2a: Magearna|95/100|[from] Sandstorm
|turn|8
|
|move|p2a: Magearna|Draining Kiss|p1a: Tyranitar
|-supereffective|p1a: Tyranitar
|-damage|p1a: Tyranitar|0 fnt
|-heal|p2a: Magearna|100/100|[from] drain|[of] p1a: Tyranitar
|faint|p1a: Tyranitar
|-ability|p2a: Magearna|Soul-Heart|boost
|-boost|p2a: Magearna|spa|1
|
|-weather|none
|-sideend|p2: koraidon03|Reflect
|-message|iLunen forfeited.
|
|win|koraidon03
