# advantage = p1
|poke|p1|Rillaboom, F|
|poke|p1|Magearna|
|poke|p1|Zamazenta-*|
|poke|p1|Grimmsnarl, M|
|poke|p1|Gholdengo|
|poke|p1|Kingambit, M|
|poke|p2|Pelipper, F|
|poke|p2|Thundurus-Therian, M|
|poke|p2|Corviknight, M|
|poke|p2|Basculegion, M|
|poke|p2|Overqwil, M|
|poke|p2|Clodsire, F|
|teampreview
|
|start
|switch|p1a: Grimmsnarl|Grimmsnarl, M|100/100
|switch|p2a: Overqwil|Overqwil, M|100/100
|turn|1
|
|move|p1a: Grimmsnarl|Reflect|p1a: Grimmsnarl
|-sidestart|p1: p1|Reflect
|move|p2a: Overqwil|Barb Barrage|p1a: Grimmsnarl
|-supereffective|p1a: Grimmsnarl
|-damage|p1a: Grimmsnarl|74/100
|-status|p1a: Grimmsnarl|psn
|
|-damage|p1a: Grimmsnarl|61/100 psn|[from] psn
|turn|2
|
|move|p1a: Grimmsnarl|Thunder Wave|p2a: Overqwil
|-hint|Since gen 7, Dark is immune to Prankster moves.
|-immune|p2a: Overqwil
|move|p2a: Overqwil|Swords Dance|p2a: Overqwil
|-boost|p2a: Overqwil|atk|2
|
|-damage|p1a: Grimmsnarl|49/100 psn|[from] psn
|turn|3
|
|move|p1a: Grimmsnarl|Light Screen|p1a: Grimmsnarl
|-sidestart|p1: p1|move: Light Screen
|move|p2a: Overqwil|Barb Barrage|p1a: Grimmsnarl
|-supereffective|p1a: Grimmsnarl
|-damage|p1a: Grimmsnarl|0 fnt
|faint|p1a: Grimmsnarl
|
|
|switch|p1a: Rillaboom|Rillaboom, F|100/100
|-fieldstart|move: Grassy Terrain|[from] ability: Grassy Surge|[of] p1a: Rillaboom
|turn|4
|
|move|p1a: Rillaboom|U-turn|p2a: Overqwil
|-damage|p2a: Overqwil|71/100
|
|switch|p1a: Magearna|Magearna|100/100|[from] U-turn
|move|p2a: Overqwil|Barb Barrage|p1a: Magearna
|-immune|p1a: Magearna
|
|-heal|p2a: Overqwil|77/100|[from] Grassy Terrain
|turn|5
|
|move|p2a: Overqwil|Crunch|p1a: Magearna
|-resisted|p1a: Magearna
|-damage|p1a: Magearna|82/100
|-unboost|p1a: Magearna|def|1
|move|p1a: Magearna|Calm Mind|p1a: Magearna
|-boost|p1a: Magearna|spa|1
|-boost|p1a: Magearna|spd|1
|
|-heal|p2a: Overqwil|83/100|[from] Grassy Terrain
|-heal|p1a: Magearna|88/100|[from] Grassy Terrain
|-heal|p1a: Magearna|94/100|[from] item: Leftovers
|turn|6
|
|move|p2a: Overqwil|Crunch|p1a: Magearna
|-resisted|p1a: Magearna
|-damage|p1a: Magearna|67/100
|-unboost|p1a: Magearna|def|1
|move|p1a: Magearna|Iron Defense|p1a: Magearna
|-boost|p1a: Magearna|def|2
|
|-heal|p2a: Overqwil|89/100|[from] Grassy Terrain
|-heal|p1a: Magearna|73/100|[from] Grassy Terrain
|-heal|p1a: Magearna|79/100|[from] item: Leftovers
|turn|7
|
|switch|p2a: Pelipper|Pelipper, F|100/100
|-weather|RainDance|[from] ability: Drizzle|[of] p2a: Pelipper
|move|p1a: Magearna|Iron Defense|p1a: Magearna
|-boost|p1a: Magearna|def|2
|
|-weather|RainDance|[upkeep]
|-heal|p1a: Magearna|85/100|[from] Grassy Terrain
|-heal|p1a: Magearna|91/100|[from] item: Leftovers
|turn|8
|
|move|p2a: Pelipper|U-turn|p1a: Magearna
|-resisted|p1a: Magearna
|-damage|p1a: Magearna|91/100
|
|switch|p2a: Basculegion|Basculegion, M|100/100|[from] U-turn
|move|p1a: Magearna|Calm Mind|p1a: Magearna
|-boost|p1a: Magearna|spa|1
|-boost|p1a: Magearna|spd|1
|
|-weather|RainDance|[upkeep]
|-heal|p1a: Magearna|97/100|[from] Grassy Terrain
|-heal|p1a: Magearna|100/100|[from] item: Leftovers
|-sideend|p1: p1|Reflect
|turn|9
|
|-terastallize|p2a: Basculegion|Water
|move|p2a: Basculegion|Wave Crash|p1a: Magearna
|-crit|p1a: Magearna
|-damage|p1a: Magearna|0 fnt
|faint|p1a: Magearna
|-damage|p2a: Basculegion|69/100|[from] Recoil
|
|-weather|RainDance|[upkeep]
|-heal|p2a: Basculegion|75/100|[from] Grassy Terrain
|
|switch|p1a: Zamazenta|Zamazenta|100/100
|-ability|p1a: Zamazenta|Dauntless Shield|boost
|-boost|p1a: Zamazenta|def|1
|turn|10
|
|switch|p2a: Clodsire|Clodsire, F|100/100
|move|p1a: Zamazenta|Body Press|p2a: Clodsire
|-resisted|p2a: Clodsire
|-damage|p2a: Clodsire|67/100
|
|-weather|RainDance|[upkeep]
|-heal|p2a: Clodsire|74/100|[from] Grassy Terrain
|-heal|p2a: Clodsire|80/100|[from] item: Leftovers
|-sideend|p1: p1|move: Light Screen
|turn|11
|
|switch|p1a: Kingambit|Kingambit, M|100/100
|-activate|p1a: Kingambit|ability: Supreme Overlord
|-start|p1a: Kingambit|fallen2|[silent]
|move|p2a: Clodsire|Chilling Water|p1a: Kingambit
|-damage|p1a: Kingambit|92/100
|-unboost|p1a: Kingambit|atk|1
|
|-weather|RainDance|[upkeep]
|-heal|p1a: Kingambit|98/100|[from] Grassy Terrain
|-heal|p1a: Kingambit|100/100|[from] item: Leftovers
|-heal|p2a: Clodsire|86/100|[from] Grassy Terrain
|-heal|p2a: Clodsire|92/100|[from] item: Leftovers
|-fieldend|move: Grassy Terrain
|turn|12
|
|switch|p2a: Corviknight|Corviknight, M|100/100
|-ability|p2a: Corviknight|Pressure
|move|p1a: Kingambit|Swords Dance|p1a: Kingambit
|-boost|p1a: Kingambit|atk|2
|
|-weather|RainDance|[upkeep]
|turn|13
|
|-terastallize|p1a: Kingambit|Fire
|move|p2a: Corviknight|Body Press|p1a: Kingambit
|-damage|p1a: Kingambit|81/100
|move|p1a: Kingambit|Swords Dance|p1a: Kingambit
|-boost|p1a: Kingambit|atk|2
|
|-weather|RainDance|[upkeep]
|-heal|p1a: Kingambit|87/100|[from] item: Leftovers
|turn|14
|
|switch|p2a: Overqwil|Overqwil, M|89/100
|move|p1a: Kingambit|Swords Dance|p1a: Kingambit
|-boost|p1a: Kingambit|atk|2
|
|-weather|none
|-heal|p1a: Kingambit|94/100|[from] item: Leftovers
|turn|15
|
|move|p2a: Overqwil|Aqua Jet|p1a: Kingambit
|-supereffective|p1a: Kingambit
|-damage|p1a: Kingambit|74/100
|move|p1a: Kingambit|Sucker Punch||[still]
|-fail|p1a: Kingambit
|
|-heal|p1a: Kingambit|80/100|[from] item: Leftovers
|turn|16
|
|move|p2a: Overqwil|Crunch|p1a: Kingambit
|-damage|p1a: Kingambit|52/100
|move|p1a: Kingambit|Kowtow Cleave|p2a: Overqwil
|-resisted|p2a: Overqwil
|-damage|p2a: Overqwil|0 fnt
|faint|p2a: Overqwil
|
|-heal|p1a: Kingambit|58/100|[from] item: Leftovers
|
|switch|p2a: Pelipper|Pelipper, F|100/100
|-weather|RainDance|[from] ability: Drizzle|[of] p2a: Pelipper
|turn|17
|
|move|p1a: Kingambit|Sucker Punch|p2a: Pelipper
|-damage|p2a: Pelipper|0 fnt
|faint|p2a: Pelipper
|
|-weather|RainDance|[upkeep]
|-heal|p1a: Kingambit|64/100|[from] item: Leftovers
|
|switch|p2a: Basculegion|Basculegion, M, tera:Water|75/100
|turn|18
|
|move|p2a: Basculegion|Aqua Jet|p1a: Kingambit
|-supereffective|p1a: Kingambit
|-damage|p1a: Kingambit|0 fnt
|faint|p1a: Kingambit
|-end|p1a: Kingambit|fallen2|[silent]
|
|-weather|RainDance|[upkeep]
|
|switch|p1a: Rillaboom|Rillaboom, F|100/100
|-fieldstart|move: Grassy Terrain|[from] ability: Grassy Surge|[of] p1a: Rillaboom
|turn|19
|
|switch|p2a: Corviknight|Corviknight, M|100/100
|-ability|p2a: Corviknight|Pressure
|move|p1a: Rillaboom|U-turn|p2a: Corviknight
|-resisted|p2a: Corviknight
|-damage|p2a: Corviknight|97/100
|-damage|p1a: Rillaboom|84/100|[from] item: Rocky Helmet|[of] p2a: Corviknight
|
|switch|p1a: Gholdengo|Gholdengo|100/100|[from] U-turn
|
|-weather|RainDance|[upkeep]
|turn|20
|
|move|p1a: Gholdengo|Shadow Ball|p2a: Corviknight
|-damage|p2a: Corviknight|54/100
|move|p2a: Corviknight|U-turn|p1a: Gholdengo
|-resisted|p1a: Gholdengo
|-damage|p1a: Gholdengo|97/100
|
|switch|p2a: Clodsire|Clodsire, F|92/100|[from] U-turn
|
|-weather|RainDance|[upkeep]
|-heal|p1a: Gholdengo|100/100|[from] Grassy Terrain
|-heal|p2a: Clodsire|99/100|[from] Grassy Terrain
|-heal|p2a: Clodsire|100/100|[from] item: Leftovers
|turn|21
|
|move|p1a: Gholdengo|Nasty Plot|p1a: Gholdengo
|-boost|p1a: Gholdengo|spa|2
|move|p2a: Clodsire|Earthquake|p1a: Gholdengo
|-supereffective|p1a: Gholdengo
|-damage|p1a: Gholdengo|77/100
|
|-weather|RainDance|[upkeep]
|-heal|p1a: Gholdengo|83/100|[from] Grassy Terrain
|-heal|p1a: Gholdengo|89/100|[from] item: Leftovers
|turn|22
|
|switch|p2a: Thundurus|Thundurus-Therian, M|100/100
|move|p1a: Gholdengo|Shadow Ball|p2a: Thundurus
|-damage|p2a: Thundurus|0 fnt
|faint|p2a: Thundurus
|
|-weather|RainDance|[upkeep]
|-heal|p1a: Gholdengo|95/100|[from] Grassy Terrain
|-heal|p1a: Gholdengo|100/100|[from] item: Leftovers
|
|switch|p2a: Basculegion|Basculegion, M, tera:Water|75/100
|turn|23
|
|switch|p1a: Rillaboom|Rillaboom, F|84/100
|move|p2a: Basculegion|Wave Crash|p1a: Rillaboom
|-resisted|p1a: Rillaboom
|-damage|p1a: Rillaboom|0 fnt
|faint|p1a: Rillaboom
|-damage|p2a: Basculegion|50/100|[from] Recoil
|
|-weather|RainDance|[upkeep]
|-heal|p2a: Basculegion|56/100|[from] Grassy Terrain
|
|switch|p1a: Zamazenta|Zamazenta|100/100
|turn|24
|
|move|p2a: Basculegion|Wave Crash|p1a: Zamazenta
|-damage|p1a: Zamazenta|0 fnt
|faint|p1a: Zamazenta
|-damage|p2a: Basculegion|23/100|[from] Recoil
|
|-weather|none
|-heal|p2a: Basculegion|29/100|[from] Grassy Terrain
|
|switch|p1a: Gholdengo|Gholdengo|100/100
|turn|25
|
|move|p2a: Basculegion|Wave Crash|p1a: Gholdengo
|-damage|p1a: Gholdengo|0 fnt
|faint|p1a: Gholdengo
|-damage|p2a: Basculegion|0 fnt|[from] Recoil
|faint|p2a: Basculegion
|
|win|p2
