|poke|p1|Great Tusk|
|poke|p1|Urshifu-*, M|
|poke|p1|Dragapult, M|
|poke|p1|Enamorus, F|
|poke|p1|Kingambit, M|
|poke|p1|Arcanine-Hisui, M|
|poke|p2|Zamazenta-*|
|poke|p2|Magearna|
|poke|p2|Chien-Pao|
|poke|p2|Dragapult, M|
|poke|p2|Ursaluna, F|
|poke|p2|Great Tusk|
|teampreview
|
|start
|switch|p1a: Urshifu|Urshifu-Rapid-Strike, M|100/100
|switch|p2a: Dragapult|Dragapult, M|100/100
|turn|1
|
|switch|p1a: Kingambit|Kingambit, M|100/100
|move|p2a: Dragapult|Reflect|p2a: Dragapult
|-sidestart|p2: Knowledgini|Reflect
|
|turn|2
|
|move|p2a: Dragapult|Light Screen|p2a: Dragapult
|-sidestart|p2: Knowledgini|move: Light Screen
|move|p1a: Kingambit|Kowtow Cleave|p2a: Dragapult
|-supereffective|p2a: Dragapult
|-damage|p2a: Dragapult|32/100
|
|turn|3
|
|move|p1a: Kingambit|Sucker Punch||[still]
|-fail|p1a: Kingambit
|move|p2a: Dragapult|Curse|p1a: Kingambit
|-start|p1a: Kingambit|Curse|[of] p2a: Dragapult
|-damage|p2a: Dragapult|0 fnt
|faint|p2a: Dragapult
|
|-damage|p1a: Kingambit|76/100|[from] Curse
|
|switch|p2a: Magearna|Magearna|100/100
|turn|4
|
|-end|p1a: Kingambit|fallenundefined|[silent]
|switch|p1a: Urshifu|Urshifu-Rapid-Strike, M|100/100
|move|p2a: Magearna|Shift Gear|p2a: Magearna
|-boost|p2a: Magearna|spe|2
|-boost|p2a: Magearna|atk|1
|
|turn|5
|
|-terastallize|p1a: Urshifu|Water
|move|p2a: Magearna|Iron Defense|p2a: Magearna
|-boost|p2a: Magearna|def|2
|move|p1a: Urshifu|Surging Strikes|p2a: Magearna
|-crit|p2a: Magearna
|-damage|p2a: Magearna|75/100
|-crit|p2a: Magearna
|-damage|p2a: Magearna|49/100
|-crit|p2a: Magearna
|-damage|p2a: Magearna|20/100
|-hitcount|p2a: Magearna|3
|
|turn|6
|
|switch|p1a: Kingambit|Kingambit, M|76/100
|-terastallize|p2a: Magearna|Fairy
|move|p2a: Magearna|Draining Kiss|p1a: Kingambit
|-damage|p1a: Kingambit|31/100
|-heal|p2a: Magearna|57/100|[from] drain|[of] p1a: Kingambit
|
|turn|7
|
|move|p2a: Magearna|Iron Defense|p2a: Magearna
|-boost|p2a: Magearna|def|2
|move|p1a: Kingambit|Iron Head|p2a: Magearna
|-supereffective|p2a: Magearna
|-damage|p2a: Magearna|42/100
|-enditem|p2a: Magearna|Weakness Policy
|-boost|p2a: Magearna|atk|2|[from] item: Weakness Policy
|-boost|p2a: Magearna|spa|2|[from] item: Weakness Policy
|
|turn|8
|
|move|p2a: Magearna|Draining Kiss|p1a: Kingambit
|-damage|p1a: Kingambit|0 fnt
|-heal|p2a: Magearna|68/100|[from] drain|[of] p1a: Kingambit
|faint|p1a: Kingambit
|-ability|p2a: Magearna|Soul-Heart|boost
|-boost|p2a: Magearna|spa|1
|-end|p1a: Kingambit|fallenundefined|[silent]
|
|-sideend|p2: Knowledgini|Reflect
|
|switch|p1a: Arcanine|Arcanine-Hisui, M|100/100
|turn|9
|
|move|p2a: Magearna|Stored Power|p1a: Arcanine
|-damage|p1a: Arcanine|0 fnt
|faint|p1a: Arcanine
|-ability|p2a: Magearna|Soul-Heart|boost
|-boost|p2a: Magearna|spa|1
|
|-sideend|p2: Knowledgini|move: Light Screen
|-message|poiutghjkl forfeited.
|
|win|Knowledgini
