# advantage = p2
|poke|p1|Samurott-Hisui, F|
|poke|p1|Magearna|
|poke|p1|Iron Valiant|
|poke|p1|Kingambit, F|
|poke|p1|Dragapult, F|
|poke|p1|Walking Wake|
|poke|p2|Ursaluna, M|
|poke|p2|Enamorus, F|
|poke|p2|Slowking-Galar, M|
|poke|p2|Great Tusk|
|poke|p2|Dragapult, F|
|poke|p2|Urshifu-*, M|
|teampreview
|
|start
|switch|p1a: Dragapult|Dragapult, F|100/100
|switch|p2a: Enamorus|Enamorus, F|100/100
|turn|1
|
|move|p1a: Dragapult|Thunder Wave|p2a: Enamorus
|-status|p2a: Enamorus|par
|cant|p2a: Enamorus|par
|
|turn|2
|
|move|p1a: Dragapult|Hex|p2a: Enamorus
|-damage|p2a: Enamorus|22/100 par
|cant|p2a: Enamorus|par
|
|turn|3
|
|switch|p2a: Ursaluna|Ursaluna, M|100/100
|move|p1a: Dragapult|Hex|p2a: Ursaluna
|-immune|p2a: Ursaluna
|
|-status|p2a: Ursaluna|brn|[from] item: Flame Orb
|turn|4
|
|move|p1a: Dragapult|Dragon Darts|p2a: Ursaluna
|-damage|p2a: Ursaluna|85/100 brn
|-anim|p1a: Dragapult|Dragon Darts|p2a: Ursaluna
|-damage|p2a: Ursaluna|69/100 brn
|move|p2a: Ursaluna|Earthquake|p1a: Dragapult
|-damage|p1a: Dragapult|0 fnt
|faint|p1a: Dragapult
|
|-damage|p2a: Ursaluna|63/100 brn|[from] brn
|
|switch|p1a: Iron Valiant|Iron Valiant|100/100
|-enditem|p1a: Iron Valiant|Booster Energy
|-activate|p1a: Iron Valiant|ability: Quark Drive|[fromitem]
|-start|p1a: Iron Valiant|quarkdrivespe
|turn|5
|
|-terastallize|p2a: Ursaluna|Water
|move|p1a: Iron Valiant|Swords Dance|p1a: Iron Valiant
|-boost|p1a: Iron Valiant|atk|2
|move|p2a: Ursaluna|Facade|p1a: Iron Valiant
|-damage|p1a: Iron Valiant|0 fnt
|faint|p1a: Iron Valiant
|-end|p1a: Iron Valiant|Quark Drive|[silent]
|
|-damage|p2a: Ursaluna|57/100 brn|[from] brn
|
|switch|p1a: Samurott|Samurott-Hisui, F, shiny|100/100
|turn|6
|
|switch|p2a: Urshifu|Urshifu-Rapid-Strike, M|100/100
|move|p1a: Samurott|Ceaseless Edge|p2a: Urshifu
|-resisted|p2a: Urshifu
|-damage|p2a: Urshifu|79/100
|-sidestart|p2: p2|Spikes
|
|turn|7
|
|move|p2a: Urshifu|Drain Punch|p1a: Samurott
|-supereffective|p1a: Samurott
|-enditem|p1a: Samurott|Focus Sash
|-damage|p1a: Samurott|1/100
|-heal|p2a: Urshifu|100/100|[from] drain|[of] p1a: Samurott
|move|p1a: Samurott|Ceaseless Edge|p2a: Urshifu|[miss]
|-miss|p1a: Samurott|p2a: Urshifu
|
|turn|8
|
|move|p1a: Samurott|Aqua Jet|p2a: Urshifu
|-resisted|p2a: Urshifu
|-damage|p2a: Urshifu|91/100
|move|p2a: Urshifu|Surging Strikes|p1a: Samurott
|-resisted|p1a: Samurott
|-crit|p1a: Samurott
|-damage|p1a: Samurott|0 fnt
|faint|p1a: Samurott
|-hitcount|p1: Samurott|1
|
|
|switch|p1a: Magearna|Magearna|100/100
|turn|9
|
|switch|p2a: Slowking|Slowking-Galar, M|100/100
|-damage|p2a: Slowking|88/100|[from] Spikes
|-terastallize|p1a: Magearna|Water
|move|p1a: Magearna|Shift Gear|p1a: Magearna
|-boost|p1a: Magearna|spe|2
|-boost|p1a: Magearna|atk|1
|
|turn|10
|
|move|p1a: Magearna|Calm Mind|p1a: Magearna
|-boost|p1a: Magearna|spa|1
|-boost|p1a: Magearna|spd|1
|move|p2a: Slowking|Trick Room|p2a: Slowking
|-fieldstart|move: Trick Room|[of] p2a: Slowking
|
|turn|11
|
|move|p1a: Magearna|Calm Mind|p1a: Magearna
|-boost|p1a: Magearna|spa|1
|-boost|p1a: Magearna|spd|1
|move|p2a: Slowking|Chilly Reception|p2a: Slowking
|-weather|Snow
|
|switch|p2a: Ursaluna|Ursaluna, M, tera:Water|57/100 brn|[from] Chilly Reception
|-damage|p2a: Ursaluna|44/100 brn|[from] Spikes
|
|-weather|Snow|[upkeep]
|-damage|p2a: Ursaluna|38/100 brn|[from] brn
|turn|12
|
|move|p2a: Ursaluna|Facade|p1a: Magearna
|-damage|p1a: Magearna|13/100
|move|p1a: Magearna|Draining Kiss|p2a: Ursaluna
|-damage|p2a: Ursaluna|0 fnt
|-heal|p1a: Magearna|51/100|[from] drain|[of] p2a: Ursaluna
|faint|p2a: Ursaluna
|-ability|p1a: Magearna|Soul-Heart|boost
|-boost|p1a: Magearna|spa|1
|
|-weather|Snow|[upkeep]
|-heal|p1a: Magearna|57/100|[from] item: Leftovers
|
|switch|p2a: Dragapult|Dragapult, F|100/100
|-damage|p2a: Dragapult|88/100|[from] Spikes
|turn|13
|
|move|p2a: Dragapult|Draco Meteor|p1a: Magearna
|-damage|p1a: Magearna|19/100
|-unboost|p2a: Dragapult|spa|2
|move|p1a: Magearna|Draining Kiss|p2a: Dragapult
|-supereffective|p2a: Dragapult
|-damage|p2a: Dragapult|0 fnt
|-heal|p1a: Magearna|81/100|[from] drain|[of] p2a: Dragapult
|faint|p2a: Dragapult
|-ability|p1a: Magearna|Soul-Heart|boost
|-boost|p1a: Magearna|spa|1
|
|-weather|Snow|[upkeep]
|-heal|p1a: Magearna|87/100|[from] item: Leftovers
|-message|p2 forfeited.
|
|win|p1
|player|p1|p1|lady-gen4
