|poke|p1|Slowbro-Galar, M|
|poke|p1|Mesprit|
|poke|p1|Glimmora, M|
|poke|p1|Skeledirge, M|
|poke|p1|Great Tusk|
|poke|p1|Typhlosion-Hisui, M|
|poke|p2|Chien-Pao|
|poke|p2|Gholdengo|
|poke|p2|Tyranitar, F|
|poke|p2|Quaquaval, F|
|poke|p2|Iron Treads|
|poke|p2|Amoonguss, M|
|teampreview
|
|start
|switch|p1a: Glimmora|Glimmora, M|100/100
|switch|p2a: Amoonguss|Amoonguss, M|100/100
|turn|1
|
|move|p1a: Glimmora|Stealth Rock|p2a: Amoonguss
|-sidestart|p2: p2|move: Stealth Rock
|move|p2a: Amoonguss|Giga Drain|p1a: Glimmora
|-damage|p1a: Glimmora|68/100
|
|turn|2
|
|move|p1a: Glimmora|Power Gem|p2a: Amoonguss
|-damage|p2a: Amoonguss|63/100
|move|p2a: Amoonguss|Giga Drain|p1a: Glimmora
|-damage|p1a: Glimmora|32/100
|-heal|p2a: Amoonguss|78/100|[from] drain|[of] p1a: Glimmora
|
|-heal|p2a: Amoonguss|85/100|[from] item: Black Sludge
|turn|3
|
|switch|p1a: Mesprit|Mesprit|100/100
|move|p2a: Amoonguss|Giga Drain|p1a: Mesprit
|-damage|p1a: Mesprit|75/100
|-heal|p2a: Amoonguss|95/100|[from] drain|[of] p1a: Mesprit
|
|-heal|p2a: Amoonguss|100/100|[from] item: Black Sludge
|turn|4
|
|switch|p2a: Quaquaval|Quaquaval, F|100/100
|-damage|p2a: Quaquaval|94/100|[from] Stealth Rock
|move|p1a: Mesprit|Future Sight|p2a: Quaquaval
|-start|p1a: Mesprit|move: Future Sight
|
|turn|5
|
|move|p1a: Mesprit|Draining Kiss|p2a: Quaquaval
|-supereffective|p2a: Quaquaval
|-damage|p2a: Quaquaval|64/100
|-heal|p1a: Mesprit|100/100|[from] drain|[of] p2a: Quaquaval
|move|p2a: Quaquaval|Close Combat|p1a: Mesprit
|-resisted|p1a: Mesprit
|-damage|p1a: Mesprit|75/100
|-unboost|p2a: Quaquaval|def|1
|-unboost|p2a: Quaquaval|spd|1
|
|turn|6
|
|switch|p2a: Iron Treads|Iron Treads|100/100
|-damage|p2a: Iron Treads|97/100|[from] Stealth Rock
|move|p1a: Mesprit|Draining Kiss|p2a: Iron Treads
|-resisted|p2a: Iron Treads
|-damage|p2a: Iron Treads|90/100
|-heal|p1a: Mesprit|81/100|[from] drain|[of] p2a: Iron Treads
|
|-end|p2a: Iron Treads|move: Future Sight
|-resisted|p2a: Iron Treads
|-damage|p2a: Iron Treads|66/100
|-heal|p2a: Iron Treads|72/100|[from] item: Leftovers
|turn|7
|
|move|p1a: Mesprit|Future Sight|p2a: Iron Treads
|-start|p1a: Mesprit|move: Future Sight
|move|p2a: Iron Treads|Stealth Rock|p1a: Mesprit
|-sidestart|p1: p1|move: Stealth Rock
|
|-heal|p2a: Iron Treads|79/100|[from] item: Leftovers
|turn|8
|
|move|p1a: Mesprit|U-turn|p2a: Iron Treads
|-resisted|p2a: Iron Treads
|-damage|p2a: Iron Treads|74/100
|
|switch|p1a: Great Tusk|Great Tusk|100/100|[from] U-turn
|-damage|p1a: Great Tusk|98/100|[from] Stealth Rock
|move|p2a: Iron Treads|Rapid Spin|p1a: Great Tusk
|-crit|p1a: Great Tusk
|-damage|p1a: Great Tusk|83/100
|-boost|p2a: Iron Treads|spe|1
|-sideend|p2: p2|Stealth Rock|[from] move: Rapid Spin|[of] p2a: Iron Treads
|
|-heal|p2a: Iron Treads|80/100|[from] item: Leftovers
|turn|9
|
|-end|p2a: Iron Treads|Quark Drive|[silent]
|switch|p2a: Chien-Pao|Chien-Pao|100/100
|-ability|p2a: Chien-Pao|Sword of Ruin
|move|p1a: Great Tusk|Rapid Spin|p2a: Chien-Pao
|-damage|p2a: Chien-Pao|76/100
|-boost|p1a: Great Tusk|spe|1
|-sideend|p1: p1|Stealth Rock|[from] move: Rapid Spin|[of] p1a: Great Tusk
|
|-end|p2a: Chien-Pao|move: Future Sight
|-immune|p2a: Chien-Pao
|turn|10
|
|move|p1a: Great Tusk|Close Combat|p2a: Chien-Pao
|-supereffective|p2a: Chien-Pao
|-damage|p2a: Chien-Pao|0 fnt
|-unboost|p1a: Great Tusk|def|1
|-unboost|p1a: Great Tusk|spd|1
|faint|p2a: Chien-Pao
|
|
|switch|p2a: Quaquaval|Quaquaval, F|64/100
|turn|11
|
|-end|p1a: Great Tusk|Protosynthesis|[silent]
|switch|p1a: Glimmora|Glimmora, M|32/100
|move|p2a: Quaquaval|Aqua Step|p1a: Glimmora
|-supereffective|p1a: Glimmora
|-damage|p1a: Glimmora|0 fnt
|-boost|p2a: Quaquaval|spe|1
|-activate|p1a: Glimmora|ability: Toxic Debris
|-sidestart|p2: p2|move: Toxic Spikes
|faint|p1a: Glimmora
|-ability|p2a: Quaquaval|Moxie|boost
|-boost|p2a: Quaquaval|atk|1
|
|
|switch|p1a: Skeledirge|Skeledirge, M|100/100
|turn|12
|
|-terastallize|p2a: Quaquaval|Water
|-terastallize|p1a: Skeledirge|Fairy
|move|p2a: Quaquaval|Aqua Step|p1a: Skeledirge
|-damage|p1a: Skeledirge|63/100
|-boost|p2a: Quaquaval|spe|1
|move|p1a: Skeledirge|Yawn|p2a: Quaquaval
|-start|p2a: Quaquaval|move: Yawn|[of] p1a: Skeledirge
|
|-heal|p1a: Skeledirge|69/100|[from] item: Leftovers
|turn|13
|error|No Pokémon, item, move, ability or nature named 'drowsy' was found. (Check your spelling?)
|
|move|p2a: Quaquaval|Roost|p2a: Quaquaval
|-heal|p2a: Quaquaval|100/100
|move|p1a: Skeledirge|Slack Off|p1a: Skeledirge
|-heal|p1a: Skeledirge|100/100
|
|-end|p2a: Quaquaval|move: Yawn|[silent]
|-status|p2a: Quaquaval|slp
|turn|14
|
|cant|p2a: Quaquaval|slp
|move|p1a: Skeledirge|Torch Song|p2a: Quaquaval
|-resisted|p2a: Quaquaval
|-damage|p2a: Quaquaval|83/100 slp
|-boost|p1a: Skeledirge|spa|1
|
|turn|15
|
|-curestatus|p2a: Quaquaval|slp|[msg]
|move|p2a: Quaquaval|Bulk Up|p2a: Quaquaval
|-boost|p2a: Quaquaval|atk|1
|-boost|p2a: Quaquaval|def|1
|move|p1a: Skeledirge|Torch Song|p2a: Quaquaval
|-resisted|p2a: Quaquaval
|-damage|p2a: Quaquaval|57/100
|-boost|p1a: Skeledirge|spa|1
|
|turn|16
|
|move|p2a: Quaquaval|Aqua Step|p1a: Skeledirge
|-damage|p1a: Skeledirge|60/100
|-boost|p2a: Quaquaval|spe|1
|move|p1a: Skeledirge|Torch Song|p2a: Quaquaval
|-resisted|p2a: Quaquaval
|-damage|p2a: Quaquaval|22/100
|-boost|p1a: Skeledirge|spa|1
|
|-heal|p1a: Skeledirge|66/100|[from] item: Leftovers
|turn|17
|
|move|p2a: Quaquaval|Roost|p2a: Quaquaval
|-heal|p2a: Quaquaval|72/100
|move|p1a: Skeledirge|Yawn|p2a: Quaquaval
|-start|p2a: Quaquaval|move: Yawn|[of] p1a: Skeledirge
|
|-heal|p1a: Skeledirge|72/100|[from] item: Leftovers
|turn|18
|
|move|p2a: Quaquaval|Aqua Step|p1a: Skeledirge
|-damage|p1a: Skeledirge|32/100
|-boost|p2a: Quaquaval|spe|1
|move|p1a: Skeledirge|Torch Song|p2a: Quaquaval
|-resisted|p2a: Quaquaval
|-damage|p2a: Quaquaval|26/100
|-boost|p1a: Skeledirge|spa|1
|
|-heal|p1a: Skeledirge|38/100|[from] item: Leftovers
|-end|p2a: Quaquaval|move: Yawn|[silent]
|-status|p2a: Quaquaval|slp
|turn|19
|
|cant|p2a: Quaquaval|slp
|move|p1a: Skeledirge|Slack Off|p1a: Skeledirge
|-heal|p1a: Skeledirge|88/100
|
|-heal|p1a: Skeledirge|94/100|[from] item: Leftovers
|turn|20
|
|cant|p2a: Quaquaval|slp
|move|p1a: Skeledirge|Torch Song|p2a: Quaquaval
|-resisted|p2a: Quaquaval
|-damage|p2a: Quaquaval|0 fnt
|-boost|p1a: Skeledirge|spa|1
|faint|p2a: Quaquaval
|
|-heal|p1a: Skeledirge|99/100|[from] item: Leftovers
|
|switch|p2a: Amoonguss|Amoonguss, M|100/100
|-sideend|p2: p2|move: Toxic Spikes|[of] p2a: Amoonguss
|turn|21
|
|switch|p2a: Tyranitar|Tyranitar, F|100/100
|-weather|Sandstorm|[from] ability: Sand Stream|[of] p2a: Tyranitar
|move|p1a: Skeledirge|Torch Song|p2a: Tyranitar
|-resisted|p2a: Tyranitar
|-damage|p2a: Tyranitar|86/100
|-boost|p1a: Skeledirge|spa|1
|
|-weather|Sandstorm|[upkeep]
|-damage|p1a: Skeledirge|94/100|[from] Sandstorm
|-heal|p1a: Skeledirge|99/100|[from] item: Leftovers
|turn|22
|
|move|p1a: Skeledirge|Yawn|p2a: Tyranitar
|-start|p2a: Tyranitar|move: Yawn|[of] p1a: Skeledirge
|move|p2a: Tyranitar|Earthquake|p1a: Skeledirge
|-damage|p1a: Skeledirge|81/100
|
|-weather|Sandstorm|[upkeep]
|-damage|p1a: Skeledirge|75/100|[from] Sandstorm
|-heal|p1a: Skeledirge|81/100|[from] item: Leftovers
|turn|23
|
|switch|p2a: Iron Treads|Iron Treads|80/100
|move|p1a: Skeledirge|Shadow Ball|p2a: Iron Treads
|-damage|p2a: Iron Treads|0 fnt
|faint|p2a: Iron Treads
|-end|p2a: Iron Treads|Quark Drive|[silent]
|
|-weather|Sandstorm|[upkeep]
|-damage|p1a: Skeledirge|75/100|[from] Sandstorm
|-heal|p1a: Skeledirge|81/100|[from] item: Leftovers
|
|switch|p2a: Tyranitar|Tyranitar, F|86/100
|turn|24
|
|move|p1a: Skeledirge|Yawn|p2a: Tyranitar
|-start|p2a: Tyranitar|move: Yawn|[of] p1a: Skeledirge
|move|p2a: Tyranitar|Stone Edge|p1a: Skeledirge
|-damage|p1a: Skeledirge|53/100
|
|-weather|Sandstorm|[upkeep]
|-damage|p1a: Skeledirge|47/100|[from] Sandstorm
|-heal|p1a: Skeledirge|53/100|[from] item: Leftovers
|turn|25
|
|move|p1a: Skeledirge|Shadow Ball|p2a: Tyranitar
|-resisted|p2a: Tyranitar
|-damage|p2a: Tyranitar|71/100
|move|p2a: Tyranitar|Stone Edge|p1a: Skeledirge
|-damage|p1a: Skeledirge|24/100
|
|-weather|none
|-heal|p1a: Skeledirge|30/100|[from] item: Leftovers
|-end|p2a: Tyranitar|move: Yawn|[silent]
|-status|p2a: Tyranitar|slp
|turn|26
|
|move|p1a: Skeledirge|Slack Off|p1a: Skeledirge
|-heal|p1a: Skeledirge|80/100
|cant|p2a: Tyranitar|slp
|
|-heal|p1a: Skeledirge|86/100|[from] item: Leftovers
|turn|27
|
|move|p1a: Skeledirge|Shadow Ball|p2a: Tyranitar
|-resisted|p2a: Tyranitar
|-damage|p2a: Tyranitar|46/100 slp
|cant|p2a: Tyranitar|slp
|
|-heal|p1a: Skeledirge|92/100|[from] item: Leftovers
|turn|28
|
|move|p1a: Skeledirge|Shadow Ball|p2a: Tyranitar
|-resisted|p2a: Tyranitar
|-damage|p2a: Tyranitar|24/100 slp
|cant|p2a: Tyranitar|slp
|
|-heal|p1a: Skeledirge|98/100|[from] item: Leftovers
|turn|29
|
|move|p1a: Skeledirge|Shadow Ball|p2a: Tyranitar
|-resisted|p2a: Tyranitar
|-damage|p2a: Tyranitar|0 fnt
|faint|p2a: Tyranitar
|
|-heal|p1a: Skeledirge|100/100|[from] item: Leftovers
|
|switch|p2a: Gholdengo|Gholdengo|100/100
|turn|30
|
|move|p2a: Gholdengo|Make It Rain|p1a: Skeledirge
|-supereffective|p1a: Skeledirge
|-damage|p1a: Skeledirge|0 fnt
|-unboost|p2a: Gholdengo|spa|1
|faint|p1a: Skeledirge
|
|
|switch|p1a: Typhlosion|Typhlosion-Hisui, M|100/100
|turn|31
|
|move|p1a: Typhlosion|Eruption|p2a: Gholdengo
|-supereffective|p2a: Gholdengo
|-damage|p2a: Gholdengo|0 fnt
|faint|p2a: Gholdengo
|
|
|switch|p2a: Amoonguss|Amoonguss, M|100/100
|turn|32
|
|move|p1a: Typhlosion|Eruption|p2a: Amoonguss
|-supereffective|p2a: Amoonguss
|-damage|p2a: Amoonguss|0 fnt
|faint|p2a: Amoonguss
|
|win|p1
