|poke|p1|Cloyster, F|
|poke|p1|Polteageist-Antique|
|poke|p1|Grimmsnarl, M|
|poke|p1|Volcarona, M|
|poke|p1|Iron Treads|
|poke|p1|Kingambit, F|
|poke|p2|Iron Treads|
|poke|p2|Breloom, M|
|poke|p2|Dragapult, F|
|poke|p2|Walking Wake|
|poke|p2|Roaring Moon|
|poke|p2|Rotom-Heat|
|teampreview
|
|start
|switch|p1a: Grimmsnarl|Grimmsnarl, M|100/100
|switch|p2a: Breloom|Breloom, M|100/100
|turn|1
|
|move|p1a: Grimmsnarl|Reflect|p1a: Grimmsnarl
|-sidestart|p1: p1|Reflect
|move|p2a: Breloom|Spore|p1a: Grimmsnarl
|-status|p1a: Grimmsnarl|slp|[from] move: Spore
|
|turn|2
|
|cant|p1a: Grimmsnarl|slp
|move|p2a: Breloom|Swords Dance|p2a: Breloom
|-boost|p2a: Breloom|atk|2
|
|turn|3
|
|move|p2a: Breloom|Swords Dance|p2a: Breloom
|-boost|p2a: Breloom|atk|2
|-curestatus|p1a: Grimmsnarl|slp|[msg]
|move|p1a: Grimmsnarl|Play Rough|p2a: Breloom|[miss]
|-miss|p1a: Grimmsnarl|p2a: Breloom
|
|turn|4
|
|move|p2a: Breloom|Spore|p1a: Grimmsnarl
|-status|p1a: Grimmsnarl|slp|[from] move: Spore
|cant|p1a: Grimmsnarl|slp
|
|turn|5
|
|move|p2a: Breloom|Bullet Seed|p1a: Grimmsnarl
|-damage|p1a: Grimmsnarl|77/100 slp
|-damage|p1a: Grimmsnarl|55/100 slp
|-hitcount|p1a: Grimmsnarl|2
|cant|p1a: Grimmsnarl|slp
|
|turn|6
|
|move|p2a: Breloom|Bullet Seed|p1a: Grimmsnarl
|-damage|p1a: Grimmsnarl|32/100 slp
|-damage|p1a: Grimmsnarl|8/100 slp
|-damage|p1a: Grimmsnarl|0 fnt
|faint|p1a: Grimmsnarl
|-hitcount|p1: Grimmsnarl|3
|
|
|switch|p1a: Volcarona|Volcarona, M|100/100
|turn|7
|
|move|p1a: Volcarona|Fiery Dance|p2a: Breloom
|-supereffective|p2a: Breloom
|-enditem|p2a: Breloom|Focus Sash
|-damage|p2a: Breloom|1/100
|-boost|p1a: Volcarona|spa|1
|move|p2a: Breloom|Bullet Seed|p1a: Volcarona
|-resisted|p1a: Volcarona
|-damage|p1a: Volcarona|92/100
|-resisted|p1a: Volcarona
|-damage|p1a: Volcarona|83/100
|-hitcount|p1a: Volcarona|2
|
|turn|8
|
|move|p2a: Breloom|Mach Punch|p1a: Volcarona
|-resisted|p1a: Volcarona
|-crit|p1a: Volcarona
|-damage|p1a: Volcarona|0 fnt
|faint|p1a: Volcarona
|
|-sideend|p1: p1|Reflect
|n|!p1|p1
|
|switch|p1a: Iron Treads|Iron Treads|100/100
|turn|9
|
|-terastallize|p1a: Iron Treads|Ground
|move|p2a: Breloom|Mach Punch|p1a: Iron Treads
|-damage|p1a: Iron Treads|31/100
|move|p1a: Iron Treads|Rapid Spin|p2a: Breloom
|-damage|p2a: Breloom|0 fnt
|-boost|p1a: Iron Treads|spe|1
|faint|p2a: Breloom
|
|-heal|p1a: Iron Treads|37/100|[from] item: Leftovers
|
|switch|p2a: Walking Wake|Walking Wake|100/100
|-enditem|p2a: Walking Wake|Booster Energy
|-activate|p2a: Walking Wake|ability: Protosynthesis|[fromitem]
|-start|p2a: Walking Wake|protosynthesisspe
|turn|10
|
|move|p2a: Walking Wake|Hydro Steam|p1a: Iron Treads
|-supereffective|p1a: Iron Treads
|-damage|p1a: Iron Treads|0 fnt
|faint|p1a: Iron Treads
|-end|p1a: Iron Treads|Quark Drive|[silent]
|
|
|switch|p1a: Polteageist|Polteageist-Antique|100/100
|turn|11
|
|move|p2a: Walking Wake|Draco Meteor|p1a: Polteageist|[miss]
|-miss|p2a: Walking Wake|p1a: Polteageist
|move|p1a: Polteageist|Shell Smash|p1a: Polteageist
|-unboost|p1a: Polteageist|def|1
|-unboost|p1a: Polteageist|spd|1
|-boost|p1a: Polteageist|atk|2
|-boost|p1a: Polteageist|spa|2
|-boost|p1a: Polteageist|spe|2
|
|turn|12
|
|move|p2a: Walking Wake|Draco Meteor|p1a: Polteageist
|-enditem|p1a: Polteageist|Focus Sash
|-damage|p1a: Polteageist|1/100
|-unboost|p2a: Walking Wake|spa|2
|move|p1a: Polteageist|Stored Power|p2a: Walking Wake
|-damage|p2a: Walking Wake|0 fnt
|faint|p2a: Walking Wake
|-end|p2a: Walking Wake|Protosynthesis|[silent]
|
|
|switch|p2a: Dragapult|Dragapult, F, shiny|100/100
|turn|13
|
|move|p2a: Dragapult|Sucker Punch|p1a: Polteageist
|-supereffective|p1a: Polteageist
|-damage|p1a: Polteageist|0 fnt
|faint|p1a: Polteageist
|-damage|p2a: Dragapult|91/100|[from] item: Life Orb
|
|
|switch|p1a: Cloyster|Cloyster, F|100/100
|turn|14
|
|move|p2a: Dragapult|Dragon Darts|p1a: Cloyster
|-damage|p1a: Cloyster|78/100
|-anim|p2a: Dragapult|Dragon Darts|p1a: Cloyster
|-damage|p1a: Cloyster|54/100
|-damage|p2a: Dragapult|81/100|[from] item: Life Orb
|move|p1a: Cloyster|Shell Smash|p1a: Cloyster
|-unboost|p1a: Cloyster|def|1
|-unboost|p1a: Cloyster|spd|1
|-boost|p1a: Cloyster|atk|2
|-boost|p1a: Cloyster|spa|2
|-boost|p1a: Cloyster|spe|2
|-enditem|p1a: Cloyster|White Herb
|-clearnegativeboost|p1a: Cloyster|[silent]
|
|turn|15
|
|move|p2a: Dragapult|Sucker Punch|p1a: Cloyster
|-damage|p1a: Cloyster|31/100
|-damage|p2a: Dragapult|71/100|[from] item: Life Orb
|move|p1a: Cloyster|Icicle Spear|p2a: Dragapult
|-supereffective|p2a: Dragapult
|-damage|p2a: Dragapult|8/100
|-supereffective|p2a: Dragapult
|-damage|p2a: Dragapult|0 fnt
|faint|p2a: Dragapult
|-hitcount|p2: Dragapult|2
|
|
|switch|p2a: Rotom|Rotom-Heat|100/100
|turn|16
|
|-terastallize|p2a: Rotom|Electric
|move|p1a: Cloyster|Rock Blast|p2a: Rotom
|-damage|p2a: Rotom|85/100
|-damage|p2a: Rotom|67/100
|-damage|p2a: Rotom|51/100
|-damage|p2a: Rotom|35/100
|-damage|p2a: Rotom|20/100
|-hitcount|p2a: Rotom|5
|move|p2a: Rotom|Overheat|p1a: Cloyster
|-damage|p1a: Cloyster|0 fnt
|-unboost|p2a: Rotom|spa|2
|faint|p1a: Cloyster
|
|-heal|p2a: Rotom|26/100|[from] item: Leftovers
|
|switch|p1a: Kingambit|Kingambit, F|100/100
|turn|17
|
|move|p2a: Rotom|Thunder Wave|p1a: Kingambit|[miss]
|-miss|p2a: Rotom|p1a: Kingambit
|move|p1a: Kingambit|Low Kick|p2a: Rotom
|-damage|p2a: Rotom|15/100
|-damage|p1a: Kingambit|91/100|[from] item: Life Orb
|
|-heal|p2a: Rotom|21/100|[from] item: Leftovers
|turn|18
|
|move|p1a: Kingambit|Sucker Punch||[still]
|-fail|p1a: Kingambit
|move|p2a: Rotom|Thunder Wave|p1a: Kingambit
|-status|p1a: Kingambit|par
|
|-heal|p2a: Rotom|27/100|[from] item: Leftovers
|turn|19
|
|move|p1a: Kingambit|Sucker Punch||[still]
|-fail|p1a: Kingambit
|move|p2a: Rotom|Substitute|p2a: Rotom
|-start|p2a: Rotom|Substitute
|-damage|p2a: Rotom|2/100
|
|-heal|p2a: Rotom|8/100|[from] item: Leftovers
|turn|20
|
|move|p2a: Rotom|Nasty Plot|p2a: Rotom
|-boost|p2a: Rotom|spa|2
|move|p1a: Kingambit|Iron Head|p2a: Rotom
|-resisted|p2a: Rotom
|-end|p2a: Rotom|Substitute
|-damage|p1a: Kingambit|81/100 par|[from] item: Life Orb
|
|-heal|p2a: Rotom|14/100|[from] item: Leftovers
|turn|21
|
|cant|p1a: Kingambit|par
|move|p2a: Rotom|Overheat|p1a: Kingambit
|-supereffective|p1a: Kingambit
|-damage|p1a: Kingambit|0 fnt
|-unboost|p2a: Rotom|spa|2
|faint|p1a: Kingambit
|
|win|p2
