|poke|p1|Zamazenta-*|
|poke|p1|Hoopa-Unbound|
|poke|p1|Rotom-Wash|
|poke|p1|Magearna|
|poke|p1|Ursaluna, M|
|poke|p1|Heatran, M|
|poke|p2|Urshifu-*, F|
|poke|p2|Magearna|
|poke|p2|Slowking-Galar, F|
|poke|p2|Arcanine-Hisui, F|
|poke|p2|Landorus-Therian, M|
|poke|p2|Iron Treads|
|teampreview
|
|start
|switch|p1a: Rotom|Rotom-Wash|100/100
|switch|p2a: Slowking|Slowking-Galar, F|100/100
|turn|1
|
|move|p1a: Rotom|Trick|p2a: Slowking
|-activate|p1a: Rotom|move: Trick|[of] p2a: Slowking
|-item|p2a: Slowking|Choice Specs|[from] move: Trick
|-item|p1a: Rotom|Black Sludge|[from] move: Trick
|move|p2a: Slowking|Future Sight|p1a: Rotom
|-start|p2a: Slowking|move: Future Sight
|
|-damage|p1a: Rotom|88/100|[from] item: Black Sludge
|turn|2
|
|switch|p2a: Magearna|Magearna|100/100
|move|p1a: Rotom|Volt Switch|p2a: Magearna
|-damage|p2a: Magearna|76/100
|
|switch|p1a: Heatran|Heatran, M|100/100|[from] Volt Switch
|
|-heal|p2a: Magearna|82/100|[from] item: Leftovers
|turn|3
|
|switch|p2a: Arcanine|Arcanine-Hisui, F|100/100
|move|p1a: Heatran|Magma Storm|p2a: Arcanine
|-resisted|p2a: Arcanine
|-damage|p2a: Arcanine|84/100
|-activate|p2a: Arcanine|move: Magma Storm|[of] p1a: Heatran
|
|-end|p1a: Heatran|move: Future Sight
|-resisted|p1a: Heatran
|-damage|p1a: Heatran|80/100
|-heal|p1a: Heatran|87/100|[from] item: Leftovers
|-damage|p2a: Arcanine|72/100|[from] move: Magma Storm|[partiallytrapped]
|turn|4
|
|move|p1a: Heatran|Protect|p1a: Heatran
|-singleturn|p1a: Heatran|Protect
|move|p2a: Arcanine|Head Smash|p1a: Heatran
|-activate|p1a: Heatran|move: Protect
|
|-heal|p1a: Heatran|93/100|[from] item: Leftovers
|-damage|p2a: Arcanine|59/100|[from] move: Magma Storm|[partiallytrapped]
|turn|5
|
|move|p2a: Arcanine|Head Smash|p1a: Heatran
|-damage|p1a: Heatran|4/100
|move|p1a: Heatran|Earth Power|p2a: Arcanine
|-supereffective|p2a: Arcanine
|-damage|p2a: Arcanine|0 fnt
|faint|p2a: Arcanine
|
|-heal|p1a: Heatran|10/100|[from] item: Leftovers
|
|switch|p2a: Landorus|Landorus-Therian, M|100/100
|-ability|p2a: Landorus|Intimidate|boost
|-unboost|p1a: Heatran|atk|1
|turn|6
|
|move|p2a: Landorus|Substitute|p2a: Landorus
|-start|p2a: Landorus|Substitute
|-damage|p2a: Landorus|76/100
|move|p1a: Heatran|Magma Storm|p2a: Landorus
|-end|p2a: Landorus|Substitute
|
|-heal|p2a: Landorus|82/100|[from] item: Leftovers
|-heal|p1a: Heatran|17/100|[from] item: Leftovers
|turn|7
|
|move|p1a: Heatran|Protect|p1a: Heatran
|-singleturn|p1a: Heatran|Protect
|move|p2a: Landorus|Earthquake|p1a: Heatran
|-activate|p1a: Heatran|move: Protect
|
|-heal|p2a: Landorus|88/100|[from] item: Leftovers
|-heal|p1a: Heatran|23/100|[from] item: Leftovers
|turn|8
|
|switch|p1a: Rotom|Rotom-Wash|88/100
|move|p2a: Landorus|Substitute|p2a: Landorus
|-start|p2a: Landorus|Substitute
|-damage|p2a: Landorus|63/100
|
|-heal|p2a: Landorus|69/100|[from] item: Leftovers
|-damage|p1a: Rotom|75/100|[from] item: Black Sludge
|turn|9
|
|move|p2a: Landorus|Bulk Up|p2a: Landorus
|-boost|p2a: Landorus|atk|1
|-boost|p2a: Landorus|def|1
|move|p1a: Rotom|Hydro Pump|p2a: Landorus
|-supereffective|p2a: Landorus
|-end|p2a: Landorus|Substitute
|
|-heal|p2a: Landorus|75/100|[from] item: Leftovers
|-damage|p1a: Rotom|63/100|[from] item: Black Sludge
|turn|10
|
|switch|p2a: Slowking|Slowking-Galar, F|100/100
|move|p1a: Rotom|Hydro Pump|p2a: Slowking
|-damage|p2a: Slowking|78/100
|
|-damage|p1a: Rotom|50/100|[from] item: Black Sludge
|turn|11
|
|switch|p1a: Heatran|Heatran, M|23/100
|move|p2a: Slowking|Future Sight|p1a: Heatran
|-start|p2a: Slowking|move: Future Sight
|
|-heal|p1a: Heatran|29/100|[from] item: Leftovers
|turn|12
|
|switch|p2a: Urshifu|Urshifu-Rapid-Strike, F|100/100
|move|p1a: Heatran|Stealth Rock|p2a: Urshifu
|-sidestart|p2: Owany|move: Stealth Rock
|
|-heal|p1a: Heatran|35/100|[from] item: Leftovers
|turn|13
|
|move|p1a: Heatran|Protect|p1a: Heatran
|-singleturn|p1a: Heatran|Protect
|move|p2a: Urshifu|Swords Dance|p2a: Urshifu
|-boost|p2a: Urshifu|atk|2
|
|-end|p1a: Heatran|move: Future Sight
|-resisted|p1a: Heatran
|-damage|p1a: Heatran|15/100
|-heal|p1a: Heatran|21/100|[from] item: Leftovers
|turn|14
|
|switch|p1a: Rotom|Rotom-Wash|50/100
|move|p2a: Urshifu|Trailblaze|p1a: Rotom
|-supereffective|p1a: Rotom
|-damage|p1a: Rotom|0 fnt
|-boost|p2a: Urshifu|spe|1
|faint|p1a: Rotom
|
|
|switch|p1a: Zamazenta|Zamazenta-Crowned|100/100
|-ability|p1a: Zamazenta|Dauntless Shield|boost
|-boost|p1a: Zamazenta|def|1
|turn|15
|
|-terastallize|p1a: Zamazenta|Ghost
|move|p2a: Urshifu|Close Combat|p1a: Zamazenta
|-immune|p1a: Zamazenta
|move|p1a: Zamazenta|Iron Defense|p1a: Zamazenta
|-boost|p1a: Zamazenta|def|2
|
|turn|16
|
|-terastallize|p2a: Urshifu|Water
|move|p2a: Urshifu|Surging Strikes|p1a: Zamazenta
|-crit|p1a: Zamazenta
|-damage|p1a: Zamazenta|64/100
|-crit|p1a: Zamazenta
|-damage|p1a: Zamazenta|27/100
|-crit|p1a: Zamazenta
|-damage|p1a: Zamazenta|0 fnt
|faint|p1a: Zamazenta
|-hitcount|p1: Zamazenta|3
|
|-message|lsplsp forfeited.
|
|win|Owany
|l|☆lsplsp
