|poke|p1|Sneasler, M|
|poke|p1|Cresselia, F|
|poke|p1|Enamorus, F|
|poke|p1|Zapdos|
|poke|p1|Samurott-Hisui, F|
|poke|p1|Chien-Pao|
|poke|p2|Ursaluna, M|
|poke|p2|Zamazenta-*|
|poke|p2|Zoroark-Hisui, M|
|poke|p2|Toedscruel, F|
|poke|p2|Iron Valiant|
|poke|p2|Rotom-Wash|
|teampreview
|
|start
|switch|p1a: EPIC NINJA|Samurott-Hisui, F|100/100
|switch|p2a: Toedscruel|Toedscruel, F|100/100
|turn|1
|
|move|p1a: EPIC NINJA|Ceaseless Edge|p2a: Toedscruel
|-damage|p2a: Toedscruel|27/100
|-sidestart|p2: Sr.wez1ng|Spikes
|-damage|p1a: EPIC NINJA|91/100|[from] item: Life Orb
|move|p2a: Toedscruel|Spore|p1a: EPIC NINJA
|-status|p1a: EPIC NINJA|slp|[from] move: Spore
|
|-heal|p2a: Toedscruel|33/100|[from] item: Leftovers
|turn|2
|
|cant|p1a: EPIC NINJA|slp
|move|p2a: Toedscruel|Leech Seed|p1a: EPIC NINJA
|-start|p1a: EPIC NINJA|move: Leech Seed
|
|-heal|p2a: Toedscruel|40/100|[from] item: Leftovers
|-damage|p1a: EPIC NINJA|78/100 slp|[from] Leech Seed|[of] p2a: Toedscruel
|-heal|p2a: Toedscruel|50/100|[silent]
|turn|3
|
|cant|p1a: EPIC NINJA|slp
|move|p2a: Toedscruel|Rapid Spin|p1a: EPIC NINJA
|-damage|p1a: EPIC NINJA|67/100 slp
|-boost|p2a: Toedscruel|spe|1
|-sideend|p2: Sr.wez1ng|Spikes|[from] move: Rapid Spin|[of] p2a: Toedscruel
|
|-heal|p2a: Toedscruel|57/100|[from] item: Leftovers
|-damage|p1a: EPIC NINJA|55/100 slp|[from] Leech Seed|[of] p2a: Toedscruel
|-heal|p2a: Toedscruel|68/100|[silent]
|turn|4
|
|switch|p2a: Zamazenta|Zamazenta-Crowned|100/100
|-ability|p2a: Zamazenta|Dauntless Shield|boost
|-boost|p2a: Zamazenta|def|1
|-curestatus|p1a: EPIC NINJA|slp|[msg]
|move|p1a: EPIC NINJA|Ceaseless Edge|p2a: Zamazenta
|-resisted|p2a: Zamazenta
|-damage|p2a: Zamazenta|87/100
|-sidestart|p2: Sr.wez1ng|Spikes
|-damage|p1a: EPIC NINJA|45/100|[from] item: Life Orb
|
|-damage|p1a: EPIC NINJA|32/100|[from] Leech Seed|[of] p2a: Zamazenta
|-heal|p2a: Zamazenta|97/100|[silent]
|turn|5
|
|move|p1a: EPIC NINJA|Sacred Sword|p2a: Zamazenta
|-supereffective|p2a: Zamazenta
|-damage|p2a: Zamazenta|25/100
|-damage|p1a: EPIC NINJA|22/100|[from] item: Life Orb
|move|p2a: Zamazenta|Crunch|p1a: EPIC NINJA
|-resisted|p1a: EPIC NINJA
|-damage|p1a: EPIC NINJA|2/100
|
|-damage|p1a: EPIC NINJA|0 fnt|[from] Leech Seed|[of] p2a: Zamazenta
|-heal|p2a: Zamazenta|26/100|[silent]
|faint|p1a: EPIC NINJA
|
|switch|p1a: dog|Chien-Pao|100/100
|-ability|p1a: dog|Sword of Ruin
|turn|6
|
|move|p1a: dog|Crunch|p2a: Zamazenta
|-resisted|p2a: Zamazenta
|-damage|p2a: Zamazenta|8/100
|move|p2a: Zamazenta|Body Press|p1a: dog
|-supereffective|p1a: dog
|-damage|p1a: dog|0 fnt
|faint|p1a: dog
|
|
|switch|p1a: Sneasy F Baby|Sneasler, M|100/100
|turn|7
|
|move|p1a: Sneasy F Baby|Close Combat|p2a: Zamazenta
|-supereffective|p2a: Zamazenta
|-damage|p2a: Zamazenta|0 fnt
|-unboost|p1a: Sneasy F Baby|def|1
|-unboost|p1a: Sneasy F Baby|spd|1
|faint|p2a: Zamazenta
|
|
|switch|p2a: Rotom|Rotom-Wash, shiny|100/100
|turn|8
|
|move|p1a: Sneasy F Baby|Close Combat|p2a: Rotom
|-damage|p2a: Rotom|25/100
|-unboost|p1a: Sneasy F Baby|def|1
|-unboost|p1a: Sneasy F Baby|spd|1
|move|p2a: Rotom|Volt Switch|p1a: Sneasy F Baby
|-damage|p1a: Sneasy F Baby|31/100
|
|switch|p2a: Iron Valiant|Iron Valiant, shiny|100/100|[from] Volt Switch
|-damage|p2a: Iron Valiant|88/100|[from] Spikes
|
|turn|9
|
|move|p1a: Sneasy F Baby|Close Combat|p2a: Iron Valiant
|-resisted|p2a: Iron Valiant
|-damage|p2a: Iron Valiant|28/100
|-unboost|p1a: Sneasy F Baby|def|1
|-unboost|p1a: Sneasy F Baby|spd|1
|move|p2a: Iron Valiant|Moonblast|p1a: Sneasy F Baby
|-crit|p1a: Sneasy F Baby
|-damage|p1a: Sneasy F Baby|0 fnt
|faint|p1a: Sneasy F Baby
|-damage|p2a: Iron Valiant|18/100|[from] item: Life Orb
|
|
|switch|p1a: Mad eye|Cresselia, F|100/100
|turn|10
|
|move|p2a: Iron Valiant|Knock Off|p1a: Mad eye
|-supereffective|p1a: Mad eye
|-damage|p1a: Mad eye|52/100
|-enditem|p1a: Mad eye|Light Clay|[from] move: Knock Off|[of] p2a: Iron Valiant
|-damage|p2a: Iron Valiant|8/100|[from] item: Life Orb
|move|p1a: Mad eye|Light Screen|p1a: Mad eye
|-sidestart|p1: RichieF|move: Light Screen
|
|turn|11
|
|-end|p2a: Iron Valiant|Quark Drive|[silent]
|switch|p2a: Toedscruel|Toedscruel, F|68/100
|-damage|p2a: Toedscruel|55/100|[from] Spikes
|move|p1a: Mad eye|Reflect|p1a: Mad eye
|-sidestart|p1: RichieF|Reflect
|
|-heal|p2a: Toedscruel|61/100|[from] item: Leftovers
|turn|12
|
|move|p2a: Toedscruel|Rapid Spin|p1a: Mad eye
|-damage|p1a: Mad eye|49/100
|-boost|p2a: Toedscruel|spe|1
|-sideend|p2: Sr.wez1ng|Spikes|[from] move: Rapid Spin|[of] p2a: Toedscruel
|move|p1a: Mad eye|Thunder Wave|p2a: Toedscruel
|-immune|p2a: Toedscruel
|
|-heal|p2a: Toedscruel|67/100|[from] item: Leftovers
|turn|13
|
|switch|p1a: EPIC BIRD|Zapdos|100/100
|move|p2a: Toedscruel|Leech Seed|p1a: EPIC BIRD|[miss]
|-miss|p2a: Toedscruel|p1a: EPIC BIRD
|
|-heal|p2a: Toedscruel|73/100|[from] item: Leftovers
|turn|14
|
|-terastallize|p2a: Toedscruel|Ghost
|move|p1a: EPIC BIRD|Heat Wave|p2a: Toedscruel
|-damage|p2a: Toedscruel|54/100
|move|p2a: Toedscruel|Leech Seed|p1a: EPIC BIRD
|-start|p1a: EPIC BIRD|move: Leech Seed
|
|-heal|p2a: Toedscruel|60/100|[from] item: Leftovers
|-damage|p1a: EPIC BIRD|88/100|[from] Leech Seed|[of] p2a: Toedscruel
|-heal|p2a: Toedscruel|73/100|[silent]
|-sideend|p1: RichieF|move: Light Screen
|turn|15
|
|switch|p1a: Lotsa|Enamorus, F|100/100
|move|p2a: Toedscruel|Spore|p1a: Lotsa
|-status|p1a: Lotsa|slp|[from] move: Spore
|
|-heal|p2a: Toedscruel|79/100|[from] item: Leftovers
|-sideend|p1: RichieF|Reflect
|turn|16
|-message|RichieF forfeited.
|
|win|Sr.wez1ng
