|poke|p1|Ursaluna, M|
|poke|p1|Zamazenta-*|
|poke|p1|Dondozo, F|
|poke|p1|Carbink|
|poke|p1|Chien-Pao|
|poke|p1|Delphox, F|
|poke|p2|Typhlosion-Hisui, M|
|poke|p2|Urshifu-*, M|
|poke|p2|Slowking-Galar, F|
|poke|p2|Gholdengo|
|poke|p2|Great Tusk|
|poke|p2|Roaring Moon|
|teampreview
|
|start
|switch|p1a: Carbink|Carbink|100/100
|switch|p2a: Typhlosion|Typhlosion-Hisui, M|100/100
|turn|1
|
|move|p2a: Typhlosion|Eruption|p1a: Carbink
|-resisted|p1a: Carbink
|-damage|p1a: Carbink|64/100
|move|p1a: Carbink|Light Screen|p1a: Carbink
|-sidestart|p1: p1|move: Light Screen
|
|-heal|p1a: Carbink|69/100|[from] item: Leftovers
|turn|2
|
|switch|p2a: Urshifu|Urshifu-Rapid-Strike, M|100/100
|move|p1a: Carbink|Stealth Rock|p2a: Urshifu
|-sidestart|p2: p2|move: Stealth Rock
|
|-heal|p1a: Carbink|75/100|[from] item: Leftovers
|turn|3
|
|switch|p1a: Dondozo|Dondozo, F|100/100
|move|p2a: Urshifu|Surging Strikes|p1a: Dondozo
|-resisted|p1a: Dondozo
|-crit|p1a: Dondozo
|-damage|p1a: Dondozo|95/100
|-resisted|p1a: Dondozo
|-crit|p1a: Dondozo
|-damage|p1a: Dondozo|89/100
|-resisted|p1a: Dondozo
|-crit|p1a: Dondozo
|-damage|p1a: Dondozo|82/100
|-hitcount|p1a: Dondozo|3
|
|-heal|p1a: Dondozo|88/100|[from] item: Leftovers
|turn|4
|
|switch|p2a: Great Tusk|Great Tusk|100/100
|-damage|p2a: Great Tusk|97/100|[from] Stealth Rock
|move|p1a: Dondozo|Curse|p1a: Dondozo
|-unboost|p1a: Dondozo|spe|1
|-boost|p1a: Dondozo|atk|1
|-boost|p1a: Dondozo|def|1
|
|-heal|p2a: Great Tusk|100/100|[from] item: Leftovers
|-heal|p1a: Dondozo|94/100|[from] item: Leftovers
|turn|5
|
|move|p2a: Great Tusk|Knock Off|p1a: Dondozo
|-crit|p1a: Dondozo
|-damage|p1a: Dondozo|68/100
|-enditem|p1a: Dondozo|Leftovers|[from] move: Knock Off|[of] p2a: Great Tusk
|move|p1a: Dondozo|Wave Crash|p2a: Great Tusk
|-supereffective|p2a: Great Tusk
|-crit|p2a: Great Tusk
|-damage|p2a: Great Tusk|6/100
|-damage|p1a: Dondozo|41/100|[from] Recoil
|
|-heal|p2a: Great Tusk|12/100|[from] item: Leftovers
|-sideend|p1: p1|move: Light Screen
|turn|6
|
|-end|p2a: Great Tusk|Protosynthesis|[silent]
|switch|p2a: Gholdengo|Gholdengo|100/100
|-damage|p2a: Gholdengo|94/100|[from] Stealth Rock
|move|p1a: Dondozo|Rest|p1a: Dondozo
|-status|p1a: Dondozo|slp|[from] move: Rest
|-heal|p1a: Dondozo|100/100 slp|[silent]
|
|turn|7
|
|move|p2a: Gholdengo|Hex|p1a: Dondozo
|-damage|p1a: Dondozo|61/100 slp
|cant|p1a: Dondozo|slp
|move|p1a: Dondozo|Sleep Talk|p1a: Dondozo
|move|p1a: Dondozo|Wave Crash|p2a: Gholdengo|[from]move: Sleep Talk
|-damage|p2a: Gholdengo|46/100
|-damage|p1a: Dondozo|49/100 slp|[from] Recoil
|
|turn|8
|
|-terastallize|p1a: Dondozo|Dark
|move|p2a: Gholdengo|Hex|p1a: Dondozo
|-resisted|p1a: Dondozo
|-damage|p1a: Dondozo|30/100 slp
|cant|p1a: Dondozo|slp
|move|p1a: Dondozo|Sleep Talk|p1a: Dondozo
|move|p1a: Dondozo|Rest||[from]move: Sleep Talk|[still]
|-fail|p1a: Dondozo
|
|turn|9
|
|move|p2a: Gholdengo|Recover|p2a: Gholdengo
|-heal|p2a: Gholdengo|96/100
|-curestatus|p1a: Dondozo|slp|[msg]
|move|p1a: Dondozo|Rest|p1a: Dondozo
|-status|p1a: Dondozo|slp|[from] move: Rest
|-heal|p1a: Dondozo|100/100 slp|[silent]
|
|turn|10
|
|switch|p2a: Urshifu|Urshifu-Rapid-Strike, M|100/100
|-damage|p2a: Urshifu|94/100|[from] Stealth Rock
|cant|p1a: Dondozo|slp
|move|p1a: Dondozo|Sleep Talk|p1a: Dondozo
|move|p1a: Dondozo|Curse|p1a: Dondozo|[from]move: Sleep Talk
|-unboost|p1a: Dondozo|spe|1
|-boost|p1a: Dondozo|atk|1
|-boost|p1a: Dondozo|def|1
|
|turn|11
|
|move|p2a: Urshifu|Close Combat|p1a: Dondozo
|-supereffective|p1a: Dondozo
|-damage|p1a: Dondozo|61/100 slp
|-unboost|p2a: Urshifu|def|1
|-unboost|p2a: Urshifu|spd|1
|cant|p1a: Dondozo|slp
|move|p1a: Dondozo|Sleep Talk|p1a: Dondozo
|move|p1a: Dondozo|Wave Crash|p2a: Urshifu|[from]move: Sleep Talk
|-resisted|p2a: Urshifu
|-damage|p2a: Urshifu|47/100
|-damage|p1a: Dondozo|51/100 slp|[from] Recoil
|
|turn|12
|
|move|p2a: Urshifu|Close Combat|p1a: Dondozo
|-supereffective|p1a: Dondozo
|-damage|p1a: Dondozo|12/100 slp
|-unboost|p2a: Urshifu|def|1
|-unboost|p2a: Urshifu|spd|1
|-curestatus|p1a: Dondozo|slp|[msg]
|move|p1a: Dondozo|Rest|p1a: Dondozo
|-status|p1a: Dondozo|slp|[from] move: Rest
|-heal|p1a: Dondozo|100/100 slp|[silent]
|
|turn|13
|
|move|p2a: Urshifu|Close Combat|p1a: Dondozo
|-supereffective|p1a: Dondozo
|-damage|p1a: Dondozo|64/100 slp
|-unboost|p2a: Urshifu|def|1
|-unboost|p2a: Urshifu|spd|1
|cant|p1a: Dondozo|slp
|move|p1a: Dondozo|Sleep Talk|p1a: Dondozo
|move|p1a: Dondozo|Curse|p1a: Dondozo|[from]move: Sleep Talk
|-unboost|p1a: Dondozo|spe|1
|-boost|p1a: Dondozo|atk|1
|-boost|p1a: Dondozo|def|1
|
|turn|14
|
|move|p2a: Urshifu|Close Combat|p1a: Dondozo
|-supereffective|p1a: Dondozo
|-damage|p1a: Dondozo|34/100 slp
|-unboost|p2a: Urshifu|def|1
|-unboost|p2a: Urshifu|spd|1
|cant|p1a: Dondozo|slp
|move|p1a: Dondozo|Sleep Talk|p1a: Dondozo
|move|p1a: Dondozo|Wave Crash|p2a: Urshifu|[from]move: Sleep Talk
|-resisted|p2a: Urshifu
|-damage|p2a: Urshifu|0 fnt
|faint|p2a: Urshifu
|-damage|p1a: Dondozo|24/100 slp|[from] Recoil
|
|
|switch|p2a: Gholdengo|Gholdengo|96/100
|-damage|p2a: Gholdengo|90/100|[from] Stealth Rock
|turn|15
|
|move|p2a: Gholdengo|Hex|p1a: Dondozo
|-resisted|p1a: Dondozo
|-damage|p1a: Dondozo|5/100 slp
|-curestatus|p1a: Dondozo|slp|[msg]
|move|p1a: Dondozo|Rest|p1a: Dondozo
|-status|p1a: Dondozo|slp|[from] move: Rest
|-heal|p1a: Dondozo|100/100 slp|[silent]
|
|turn|16
|-message|p2 forfeited.
|
|win|p1
