|poke|p1|Pelipper, F|
|poke|p1|Basculegion, M|
|poke|p1|Barraskewda, F|
|poke|p1|Garganacl, F|
|poke|p1|Thundurus-Therian, M|
|poke|p1|Volcanion|
|poke|p2|Ceruledge, M|
|poke|p2|Garchomp, M|
|poke|p2|Pelipper, M|
|poke|p2|Torkoal, M|
|poke|p2|Barraskewda, M|
|poke|p2|Rotom-Wash|
|teampreview
|
|start
|switch|p1a: Pelipper|Pelipper, F|100/100
|switch|p2a: Rotom|Rotom-Wash, shiny|100/100
|-weather|RainDance|[from] ability: Drizzle|[of] p1a: Pelipper
|turn|1
|
|switch|p1a: Thundurus|Thundurus-Therian, M|100/100
|move|p2a: Rotom|Thunderbolt|p1a: Thundurus
|-immune|p1a: Thundurus|[from] ability: Volt Absorb
|
|-weather|RainDance|[upkeep]
|turn|2
|
|move|p1a: Thundurus|Grass Knot|p2a: Rotom
|-supereffective|p2a: Rotom
|-damage|p2a: Rotom|85/100
|move|p2a: Rotom|Will-O-Wisp|p1a: Thundurus|[miss]
|-miss|p2a: Rotom|p1a: Thundurus
|
|-weather|RainDance|[upkeep]
|-heal|p2a: Rotom|92/100|[from] item: Leftovers
|turn|3
|
|move|p1a: Thundurus|Volt Switch|p2a: Rotom
|-damage|p2a: Rotom|56/100
|
|switch|p1a: Basculegion|Basculegion, M|100/100|[from] Volt Switch
|move|p2a: Rotom|Will-O-Wisp|p1a: Basculegion
|-status|p1a: Basculegion|brn
|
|-weather|RainDance|[upkeep]
|-heal|p2a: Rotom|62/100|[from] item: Leftovers
|-damage|p1a: Basculegion|94/100 brn|[from] brn
|turn|4
|
|move|p1a: Basculegion|Wave Crash|p2a: Rotom
|-resisted|p2a: Rotom
|-damage|p2a: Rotom|31/100
|-damage|p1a: Basculegion|86/100 brn|[from] Recoil
|move|p2a: Rotom|Thunderbolt|p1a: Basculegion
|-supereffective|p1a: Basculegion
|-damage|p1a: Basculegion|7/100 brn
|
|-weather|RainDance|[upkeep]
|-heal|p2a: Rotom|38/100|[from] item: Leftovers
|-damage|p1a: Basculegion|1/100 brn|[from] brn
|turn|5
|
|move|p2a: Rotom|Protect|p2a: Rotom
|-singleturn|p2a: Rotom|Protect
|move|p1a: Basculegion|Wave Crash|p2a: Rotom
|-activate|p2a: Rotom|move: Protect
|
|-weather|RainDance|[upkeep]
|-heal|p2a: Rotom|44/100|[from] item: Leftovers
|-damage|p1a: Basculegion|0 fnt|[from] brn
|faint|p1a: Basculegion
|
|switch|p1a: Thundurus|Thundurus-Therian, M|100/100
|turn|6
|
|move|p1a: Thundurus|Wildbolt Storm|p2a: Rotom
|-damage|p2a: Rotom|0 fnt
|faint|p2a: Rotom
|
|-weather|RainDance|[upkeep]
|
|switch|p2a: Torkoal|Torkoal, M, shiny|100/100
|-weather|SunnyDay|[from] ability: Drought|[of] p2a: Torkoal
|turn|7
|
|move|p1a: Thundurus|Volt Switch|p2a: Torkoal
|-damage|p2a: Torkoal|61/100
|
|switch|p1a: Pelipper|Pelipper, F|100/100|[from] Volt Switch
|-weather|RainDance|[from] ability: Drizzle|[of] p1a: Pelipper
|move|p2a: Torkoal|Stealth Rock|p1a: Pelipper
|-sidestart|p1: zorasilva|move: Stealth Rock
|
|-weather|RainDance|[upkeep]
|-heal|p2a: Torkoal|67/100|[from] item: Leftovers
|turn|8
|
|switch|p2a: Garchomp|Garchomp, M, shiny|100/100
|move|p1a: Pelipper|Surf|p2a: Garchomp
|-damage|p2a: Garchomp|50/100
|
|-weather|RainDance|[upkeep]
|-heal|p2a: Garchomp|56/100|[from] item: Leftovers
|turn|9
|
|move|p2a: Garchomp|Dragon Claw|p1a: Pelipper
|-damage|p1a: Pelipper|70/100
|move|p1a: Pelipper|U-turn|p2a: Garchomp
|-damage|p2a: Garchomp|47/100
|-damage|p1a: Pelipper|57/100|[from] ability: Rough Skin|[of] p2a: Garchomp
|
|switch|p1a: Barraskewda|Barraskewda, F|100/100|[from] U-turn
|-damage|p1a: Barraskewda|88/100|[from] Stealth Rock
|
|-weather|RainDance|[upkeep]
|-heal|p2a: Garchomp|53/100|[from] item: Leftovers
|turn|10
|
|move|p1a: Barraskewda|Liquidation|p2a: Garchomp
|-damage|p2a: Garchomp|0 fnt
|-damage|p1a: Barraskewda|76/100|[from] ability: Rough Skin|[of] p2a: Garchomp
|faint|p2a: Garchomp
|
|-weather|RainDance|[upkeep]
|
|switch|p2a: Torkoal|Torkoal, M, shiny|67/100
|-weather|SunnyDay|[from] ability: Drought|[of] p2a: Torkoal
|turn|11
|
|move|p1a: Barraskewda|Liquidation|p2a: Torkoal
|-supereffective|p2a: Torkoal
|-crit|p2a: Torkoal
|-damage|p2a: Torkoal|0 fnt
|faint|p2a: Torkoal
|
|-weather|SunnyDay|[upkeep]
|
|switch|p2a: Ceruledge|Ceruledge, M, shiny|100/100
|turn|12
|
|move|p1a: Barraskewda|Liquidation|p2a: Ceruledge
|-supereffective|p2a: Ceruledge
|-damage|p2a: Ceruledge|27/100
|-ability|p2a: Ceruledge|Weak Armor|boost
|-unboost|p2a: Ceruledge|def|1
|-boost|p2a: Ceruledge|spe|2
|move|p2a: Ceruledge|Solar Blade||[still]
|-prepare|p2a: Ceruledge|Solar Blade
|-anim|p2a: Ceruledge|Solar Blade|p1a: Barraskewda
|-supereffective|p1a: Barraskewda
|-damage|p1a: Barraskewda|0 fnt
|faint|p1a: Barraskewda
|
|-weather|SunnyDay|[upkeep]
|
|switch|p1a: Volcanion|Volcanion|100/100
|turn|13
|
|move|p2a: Ceruledge|Solar Blade||[still]
|-prepare|p2a: Ceruledge|Solar Blade
|-anim|p2a: Ceruledge|Solar Blade|p1a: Volcanion
|-damage|p1a: Volcanion|63/100
|move|p1a: Volcanion|Steam Eruption|p2a: Ceruledge|[miss]
|-miss|p1a: Volcanion|p2a: Ceruledge
|
|-weather|SunnyDay|[upkeep]
|turn|14
|
|-terastallize|p2a: Ceruledge|Ghost
|move|p2a: Ceruledge|Bitter Blade|p1a: Volcanion
|-resisted|p1a: Volcanion
|-damage|p1a: Volcanion|47/100
|-heal|p2a: Ceruledge|36/100|[from] drain|[of] p1a: Volcanion
|move|p1a: Volcanion|Steam Eruption|p2a: Ceruledge
|-damage|p2a: Ceruledge|2/100
|-status|p2a: Ceruledge|brn
|
|-weather|SunnyDay|[upkeep]
|-damage|p2a: Ceruledge|0 fnt|[from] brn
|faint|p2a: Ceruledge
|
|switch|p2a: Pelipper|Pelipper, M, shiny|100/100
|-weather|RainDance|[from] ability: Drizzle|[of] p2a: Pelipper
|turn|15
|
|move|p1a: Volcanion|Sludge Bomb|p2a: Pelipper
|-damage|p2a: Pelipper|63/100
|move|p2a: Pelipper|U-turn|p1a: Volcanion
|-resisted|p1a: Volcanion
|-damage|p1a: Volcanion|44/100
|
|switch|p2a: Barraskewda|Barraskewda, M, shiny|100/100|[from] U-turn
|
|-weather|RainDance|[upkeep]
|turn|16
|
|move|p2a: Barraskewda|Close Combat|p1a: Volcanion
|-damage|p1a: Volcanion|0 fnt
|-unboost|p2a: Barraskewda|def|1
|-unboost|p2a: Barraskewda|spd|1
|faint|p1a: Volcanion
|
|-weather|RainDance|[upkeep]
|
|switch|p1a: Thundurus|Thundurus-Therian, M|100/100
|turn|17
|
|switch|p2a: Pelipper|Pelipper, M, shiny|63/100
|move|p1a: Thundurus|Wildbolt Storm|p2a: Pelipper
|-supereffective|p2a: Pelipper
|-damage|p2a: Pelipper|0 fnt
|faint|p2a: Pelipper
|
|-weather|RainDance|[upkeep]
|
|switch|p2a: Barraskewda|Barraskewda, M, shiny|100/100
|turn|18
|
|-terastallize|p1a: Thundurus|Flying
|move|p2a: Barraskewda|Liquidation|p1a: Thundurus
|-damage|p1a: Thundurus|0 fnt
|faint|p1a: Thundurus
|
|-weather|RainDance|[upkeep]
|
|switch|p1a: Garganacl|Garganacl, F|100/100
|-damage|p1a: Garganacl|88/100|[from] Stealth Rock
|turn|19
|
|move|p2a: Barraskewda|Liquidation|p1a: Garganacl
|-supereffective|p1a: Garganacl
|-damage|p1a: Garganacl|0 fnt
|faint|p1a: Garganacl
|
|-weather|none
|-message|zorasilva forfeited.
|
|win|NaOH3412
