# advantage = p1
|poke|p1|Ursaluna, M|
|poke|p1|Lucario, F|
|poke|p1|Pikachu-Sinnoh, M|
|poke|p1|Urshifu-*, F|
|poke|p1|Corviknight, F|
|poke|p1|Regidrago|
|poke|p2|Arcanine-Hisui, F|
|poke|p2|Enamorus, F|
|poke|p2|Magearna|
|poke|p2|Chien-Pao|
|poke|p2|Thundurus-Therian, M|
|poke|p2|Iron Treads|
|teampreview
|
|start
|switch|p1a: Pikachu|Pikachu-Sinnoh, M|100/100
|switch|p2a: Arcanine|Arcanine-Hisui, F|100/100
|turn|1
|
|move|p1a: Pikachu|Surf|p2a: Arcanine
|-supereffective|p2a: Arcanine
|-damage|p2a: Arcanine|0 fnt
|faint|p2a: Arcanine
|
|
|switch|p2a: Chien-Pao|Chien-Pao|100/100
|-ability|p2a: Chien-Pao|Sword of Ruin
|turn|2
|
|move|p2a: Chien-Pao|Sacred Sword|p1a: Pikachu
|-damage|p1a: Pikachu|0 fnt
|-status|p2a: Chien-Pao|par|[from] ability: Static|[of] p1a: Pikachu
|faint|p1a: Pikachu
|
|
|switch|p1a: Lucario|Lucario, F|100/100
|turn|3
|
|switch|p2a: Enamorus|Enamorus, F|100/100
|move|p1a: Lucario|Aura Sphere|p2a: Enamorus
|-resisted|p2a: Enamorus
|-damage|p2a: Enamorus|85/100
|
|turn|4
|
|move|p2a: Enamorus|Superpower|p1a: Lucario
|-supereffective|p1a: Lucario
|-damage|p1a: Lucario|0 fnt
|-boost|p2a: Enamorus|atk|1
|-boost|p2a: Enamorus|def|1
|faint|p1a: Lucario
|
|
|switch|p1a: Urshifu|Urshifu-Rapid-Strike, F|100/100
|turn|5
|
|move|p2a: Enamorus|Fly||[still]
|-prepare|p2a: Enamorus|Fly
|-enditem|p2a: Enamorus|Power Herb
|-anim|p2a: Enamorus|Fly|p1a: Urshifu
|-supereffective|p1a: Urshifu
|-damage|p1a: Urshifu|0 fnt
|faint|p1a: Urshifu
|
|
|switch|p1a: Corviknight|Corviknight, F|100/100
|turn|6
|
|move|p2a: Enamorus|Superpower|p1a: Corviknight
|-damage|p1a: Corviknight|51/100
|-boost|p2a: Enamorus|atk|1
|-boost|p2a: Enamorus|def|1
|move|p1a: Corviknight|Iron Defense|p1a: Corviknight
|-boost|p1a: Corviknight|def|2
|
|-heal|p1a: Corviknight|57/100|[from] item: Leftovers
|turn|7
|
|move|p2a: Enamorus|Superpower|p1a: Corviknight
|-damage|p1a: Corviknight|26/100
|-boost|p2a: Enamorus|atk|1
|-boost|p2a: Enamorus|def|1
|move|p1a: Corviknight|Iron Defense|p1a: Corviknight
|-boost|p1a: Corviknight|def|2
|
|-heal|p1a: Corviknight|32/100|[from] item: Leftovers
|turn|8
|
|move|p2a: Enamorus|Superpower|p1a: Corviknight
|-damage|p1a: Corviknight|7/100
|-boost|p2a: Enamorus|atk|1
|-boost|p2a: Enamorus|def|1
|move|p1a: Corviknight|Body Press|p2a: Enamorus
|-resisted|p2a: Enamorus
|-damage|p2a: Enamorus|77/100
|
|-heal|p1a: Corviknight|13/100|[from] item: Leftovers
|turn|9
|
|move|p2a: Enamorus|Superpower|p1a: Corviknight
|-damage|p1a: Corviknight|0 fnt
|-boost|p2a: Enamorus|atk|1
|-boost|p2a: Enamorus|def|1
|faint|p1a: Corviknight
|
|
|switch|p1a: Ursaluna|Ursaluna, M|100/100
|turn|10
|
|move|p2a: Enamorus|Superpower|p1a: Ursaluna
|-supereffective|p1a: Ursaluna
|-damage|p1a: Ursaluna|0 fnt
|-boost|p2a: Enamorus|atk|1
|-boost|p2a: Enamorus|def|1
|faint|p1a: Ursaluna
|
|
|switch|p1a: Regidrago|Regidrago, shiny|100/100
|turn|11
|
|move|p2a: Enamorus|Superpower|p1a: Regidrago
|-damage|p1a: Regidrago|0 fnt
|faint|p1a: Regidrago
|
|win|p2
