# advantage = p1
|poke|p1|Sneasler, F|
|poke|p1|Magearna|
|poke|p1|Heatran, M|
|poke|p1|Great Tusk|
|poke|p1|Slowking, F|
|poke|p1|Volcarona, M|
|poke|p2|Zamazenta-*|
|poke|p2|Abomasnow, M|
|poke|p2|Chien-Pao|
|poke|p2|Magearna|
|poke|p2|Skeledirge, F|
|poke|p2|Iron Treads|
|teampreview
|
|start
|switch|p1a: Sneasler|Sneasler, F|100/100
|switch|p2a: Abomasnow|Abomasnow, M|100/100
|-weather|Snow|[from] ability: Snow Warning|[of] p2a: Abomasnow
|turn|1
|
|move|p1a: Sneasler|U-turn|p2a: Abomasnow
|-supereffective|p2a: Abomasnow
|-damage|p2a: Abomasnow|59/100
|
|switch|p1a: Heatran|Heatran, M|100/100|[from] U-turn
|move|p2a: Abomasnow|Aurora Veil|p2a: Abomasnow
|-sidestart|p2: p2|move: Aurora Veil
|
|-weather|Snow|[upkeep]
|turn|2
|
|move|p1a: Heatran|Stealth Rock|p2a: Abomasnow
|-sidestart|p2: p2|move: Stealth Rock
|move|p2a: Abomasnow|Earth Power|p1a: Heatran
|-supereffective|p1a: Heatran
|-damage|p1a: Heatran|0 fnt
|faint|p1a: Heatran
|
|-weather|Snow|[upkeep]
|
|switch|p1a: Volcarona|Volcarona, M|100/100
|turn|3
|
|switch|p2a: Skeledirge|Skeledirge, F|100/100
|move|p1a: Volcarona|U-turn|p2a: Skeledirge
|-resisted|p2a: Skeledirge
|-damage|p2a: Skeledirge|99/100
|
|switch|p1a: Sneasler|Sneasler, F|100/100|[from] U-turn
|
|-weather|Snow|[upkeep]
|turn|4
|
|move|p1a: Sneasler|Dire Claw|p2a: Skeledirge
|-resisted|p2a: Skeledirge
|-damage|p2a: Skeledirge|90/100
|-status|p2a: Skeledirge|slp
|cant|p2a: Skeledirge|slp
|
|-weather|Snow|[upkeep]
|turn|5
|
|move|p1a: Sneasler|U-turn|p2a: Skeledirge
|-resisted|p2a: Skeledirge
|-damage|p2a: Skeledirge|88/100 slp
|
|switch|p1a: Great Tusk|Great Tusk|100/100|[from] U-turn
|cant|p2a: Skeledirge|slp
|
|-weather|none
|turn|6
|
|move|p1a: Great Tusk|Knock Off|p2a: Skeledirge
|-supereffective|p2a: Skeledirge
|-damage|p2a: Skeledirge|64/100 slp
|-enditem|p2a: Skeledirge|Heavy-Duty Boots|[from] move: Knock Off|[of] p1a: Great Tusk
|cant|p2a: Skeledirge|slp
|
|turn|7
|
|move|p1a: Great Tusk|Earthquake|p2a: Skeledirge
|-supereffective|p2a: Skeledirge
|-damage|p2a: Skeledirge|28/100 slp
|-curestatus|p2a: Skeledirge|slp|[msg]
|move|p2a: Skeledirge|Will-O-Wisp|p1a: Great Tusk
|-status|p1a: Great Tusk|brn
|
|-damage|p1a: Great Tusk|94/100 brn|[from] brn
|turn|8
|
|-end|p1a: Great Tusk|Protosynthesis|[silent]
|switch|p1a: Sneasler|Sneasler, F|100/100
|move|p2a: Skeledirge|Slack Off|p2a: Skeledirge
|-heal|p2a: Skeledirge|78/100
|
|-sideend|p2: p2|move: Aurora Veil
|turn|9
|
|move|p1a: Sneasler|U-turn|p2a: Skeledirge
|-resisted|p2a: Skeledirge
|-damage|p2a: Skeledirge|73/100
|-status|p2a: Skeledirge|psn|[from] ability: Poison Touch|[of] p1a: Sneasler
|
|switch|p1a: Slowking|Slowking, F|100/100|[from] U-turn
|move|p2a: Skeledirge|Will-O-Wisp|p1a: Slowking
|-status|p1a: Slowking|brn
|
|-damage|p2a: Skeledirge|60/100 psn|[from] psn
|-damage|p1a: Slowking|94/100 brn|[from] brn
|turn|10
|
|switch|p2a: Abomasnow|Abomasnow, M|59/100
|-damage|p2a: Abomasnow|34/100|[from] Stealth Rock
|-weather|Snow|[from] ability: Snow Warning|[of] p2a: Abomasnow
|move|p1a: Slowking|Chilly Reception|p1a: Slowking
|
|switch|p1a: Sneasler|Sneasler, F|100/100|[from] Chilly Reception
|
|-weather|Snow|[upkeep]
|turn|11
|
|move|p1a: Sneasler|Close Combat|p2a: Abomasnow
|-supereffective|p2a: Abomasnow
|-damage|p2a: Abomasnow|0 fnt
|-unboost|p1a: Sneasler|def|1
|-unboost|p1a: Sneasler|spd|1
|faint|p2a: Abomasnow
|
|-weather|Snow|[upkeep]
|
|switch|p2a: Magearna|Magearna|100/100
|-damage|p2a: Magearna|94/100|[from] Stealth Rock
|turn|12
|
|move|p1a: Sneasler|U-turn|p2a: Magearna
|-resisted|p2a: Magearna
|-damage|p2a: Magearna|90/100
|
|switch|p1a: Volcarona|Volcarona, M|100/100|[from] U-turn
|move|p2a: Magearna|Shift Gear|p2a: Magearna
|-boost|p2a: Magearna|spe|2
|-boost|p2a: Magearna|atk|1
|
|-weather|Snow|[upkeep]
|turn|13
|
|move|p2a: Magearna|Calm Mind|p2a: Magearna
|-boost|p2a: Magearna|spa|1
|-boost|p2a: Magearna|spd|1
|move|p1a: Volcarona|Heat Wave|p2a: Magearna
|-supereffective|p2a: Magearna
|-damage|p2a: Magearna|45/100
|-enditem|p2a: Magearna|Weakness Policy
|-boost|p2a: Magearna|atk|2|[from] item: Weakness Policy
|-boost|p2a: Magearna|spa|2|[from] item: Weakness Policy
|
|-weather|Snow|[upkeep]
|turn|14
|
|move|p2a: Magearna|Stored Power|p1a: Volcarona
|-damage|p1a: Volcarona|0 fnt
|faint|p1a: Volcarona
|-ability|p2a: Magearna|Soul-Heart|boost
|-boost|p2a: Magearna|spa|1
|
|-weather|none
|
|switch|p1a: Great Tusk|Great Tusk|94/100 brn
|turn|15
|-message|p1 forfeited.
|
|win|p2
