# advantage = p2
|poke|p1|Urshifu-*, F|
|poke|p1|Samurott-Hisui, F|
|poke|p1|Landorus-Therian, M|
|poke|p1|Hoopa-Unbound|
|poke|p1|Dondozo, F|
|poke|p1|Chien-Pao|
|poke|p2|Chien-Pao|
|poke|p2|Breloom, F|
|poke|p2|Baxcalibur, M|
|poke|p2|Great Tusk|
|poke|p2|Magearna|
|poke|p2|Zamazenta-*|
|teampreview
|
|start
|switch|p1a: Samurott|Samurott-Hisui, F|100/100
|switch|p2a: Chien-Pao|Chien-Pao|100/100
|-ability|p2a: Chien-Pao|Sword of Ruin
|turn|1
|
|-terastallize|p2a: Chien-Pao|Fighting
|move|p2a: Chien-Pao|Sacred Sword|p1a: Samurott
|-supereffective|p1a: Samurott
|-enditem|p1a: Samurott|Focus Sash
|-damage|p1a: Samurott|1/100
|move|p1a: Samurott|Sacred Sword|p2a: Chien-Pao
|-damage|p2a: Chien-Pao|33/100
|
|turn|2
|
|move|p2a: Chien-Pao|Ice Shard|p1a: Samurott
|-resisted|p1a: Samurott
|-damage|p1a: Samurott|0 fnt
|faint|p1a: Samurott
|
|
|switch|p1a: Chien-Pao|Chien-Pao|100/100
|-ability|p1a: Chien-Pao|Sword of Ruin
|turn|3
|
|move|p1a: Chien-Pao|Ice Shard|p2a: Chien-Pao
|-damage|p2a: Chien-Pao|0 fnt
|faint|p2a: Chien-Pao
|
|
|switch|p2a: Breloom|Breloom, F|100/100
|turn|4
|
|move|p1a: Chien-Pao|Ice Shard|p2a: Breloom
|-supereffective|p2a: Breloom
|-damage|p2a: Breloom|0 fnt
|faint|p2a: Breloom
|
|
|switch|p2a: Magearna|Magearna|100/100
|turn|5
|
|switch|p1a: Urshifu|Urshifu-Rapid-Strike, F|100/100
|move|p2a: Magearna|Shift Gear|p2a: Magearna
|-boost|p2a: Magearna|spe|2
|-boost|p2a: Magearna|atk|1
|-enditem|p1a: Urshifu|Mirror Herb
|-boost|p1a: Urshifu|spe|2|[from] item: Mirror Herb
|-boost|p1a: Urshifu|atk|1|[from] item: Mirror Herb
|
|turn|6
|
|-terastallize|p1a: Urshifu|Water
|move|p1a: Urshifu|Surging Strikes|p2a: Magearna
|-crit|p2a: Magearna
|-damage|p2a: Magearna|68/100
|-crit|p2a: Magearna
|-damage|p2a: Magearna|35/100
|-crit|p2a: Magearna
|-damage|p2a: Magearna|0 fnt
|faint|p2a: Magearna
|-hitcount|p2: Magearna|3
|
|-message|p2 forfeited.
|
|win|p1
