|poke|p1|Gholdengo|
|poke|p1|Sneasler, M|
|poke|p1|Landorus-Therian, M|
|poke|p1|Heatran, F|
|poke|p1|Iron Valiant|
|poke|p1|Basculegion, M|
|poke|p2|Chien-Pao|
|poke|p2|Gholdengo|
|poke|p2|Garchomp, M|
|poke|p2|Gyarados, M|
|poke|p2|Glimmora, F|
|poke|p2|Talonflame, M|
|teampreview
|
|start
|switch|p1a: Landorus|Landorus-Therian, M|100/100
|switch|p2a: Venusita|Glimmora, F|100/100
|-ability|p1a: Landorus|Intimidate|boost
|-unboost|p2a: Venusita|atk|1
|turn|1
|
|move|p1a: Landorus|Earthquake|p2a: Venusita
|-supereffective|p2a: Venusita
|-enditem|p2a: Venusita|Focus Sash
|-damage|p2a: Venusita|1/100
|-activate|p2a: Venusita|ability: Toxic Debris
|-sidestart|p1: treeshhhh|move: Toxic Spikes
|move|p2a: Venusita|Stealth Rock|p1a: Landorus
|-sidestart|p1: treeshhhh|move: Stealth Rock
|
|turn|2
|
|move|p1a: Landorus|Bulk Up|p1a: Landorus
|-boost|p1a: Landorus|atk|1
|-boost|p1a: Landorus|def|1
|move|p2a: Venusita|Explosion|p1a: Landorus
|-damage|p1a: Landorus|83/100
|faint|p2a: Venusita
|
|-heal|p1a: Landorus|89/100|[from] item: Leftovers
|
|switch|p2a: Leopardo|Chien-Pao|100/100
|-ability|p2a: Leopardo|Sword of Ruin
|turn|3
|
|-terastallize|p1a: Landorus|Fire
|move|p2a: Leopardo|Ice Spinner|p1a: Landorus
|-resisted|p1a: Landorus
|-damage|p1a: Landorus|69/100
|move|p1a: Landorus|Hammer Arm|p2a: Leopardo
|-supereffective|p2a: Leopardo
|-enditem|p2a: Leopardo|Focus Sash
|-damage|p2a: Leopardo|1/100
|-unboost|p1a: Landorus|spe|1
|
|-heal|p1a: Landorus|75/100|[from] item: Leftovers
|turn|4
|
|move|p2a: Leopardo|Sacred Sword|p1a: Landorus
|-damage|p1a: Landorus|32/100
|move|p1a: Landorus|Earthquake|p2a: Leopardo
|-damage|p2a: Leopardo|0 fnt
|faint|p2a: Leopardo
|
|-heal|p1a: Landorus|38/100|[from] item: Leftovers
|
|switch|p2a: Atrillon|Gyarados, M|100/100
|-ability|p2a: Atrillon|Intimidate|boost
|-unboost|p1a: Landorus|atk|1
|turn|5
|
|move|p2a: Atrillon|Waterfall|p1a: Landorus
|-supereffective|p1a: Landorus
|-damage|p1a: Landorus|0 fnt
|faint|p1a: Landorus
|
|
|switch|p1a: Sneasler|Sneasler, M|100/100
|-sideend|p1: treeshhhh|move: Toxic Spikes|[of] p1a: Sneasler
|-damage|p1a: Sneasler|95/100|[from] Stealth Rock
|turn|6
|
|move|p1a: Sneasler|Dire Claw|p2a: Atrillon
|-damage|p2a: Atrillon|21/100
|-status|p2a: Atrillon|par
|cant|p2a: Atrillon|par
|
|turn|7
|-message|zegaron forfeited.
|
|win|treeshhhh
