|poke|p1|Samurott-Hisui, M|
|poke|p1|Magearna|
|poke|p1|Ursaluna, M|
|poke|p1|Sneasler, M|
|poke|p1|Urshifu-*, F|
|poke|p1|Great Tusk|
|poke|p2|Great Tusk|
|poke|p2|Thundurus-Therian, M|
|poke|p2|Magearna|
|poke|p2|Rotom-Wash|
|poke|p2|Gholdengo|
|poke|p2|Chien-Pao|
|teampreview
|j| 5EternalNoob5
|
|start
|switch|p1a: Sneasler|Sneasler, M|100/100
|switch|p2a: Chien-Pao|Chien-Pao|100/100
|-ability|p2a: Chien-Pao|Sword of Ruin
|turn|1
|
|switch|p2a: Donphan-Mega|Great Tusk|100/100
|move|p1a: Sneasler|U-turn|p2a: Donphan-Mega
|-resisted|p2a: Donphan-Mega
|-crit|p2a: Donphan-Mega
|-damage|p2a: Donphan-Mega|92/100
|-status|p2a: Donphan-Mega|psn|[from] ability: Poison Touch|[of] p1a: Sneasler
|
|switch|p1a: Urshifu|Urshifu-Rapid-Strike, F|100/100|[from] U-turn
|
|-heal|p2a: Donphan-Mega|98/100 psn|[from] item: Leftovers
|-damage|p2a: Donphan-Mega|85/100 psn|[from] psn
|turn|2
|
|-end|p2a: Donphan-Mega|Protosynthesis|[silent]
|switch|p2a: Rotom|Rotom-Wash|100/100
|move|p1a: Urshifu|U-turn|p2a: Rotom
|-damage|p2a: Rotom|73/100
|
|switch|p1a: Magearna|Magearna|100/100|[from] U-turn
|
|-heal|p2a: Rotom|79/100|[from] item: Leftovers
|turn|3
|
|move|p2a: Rotom|Volt Switch|p1a: Magearna
|-damage|p1a: Magearna|75/100
|l| 5EternalNoob5
|
|switch|p2a: Magearna|Magearna|100/100|[from] Volt Switch
|move|p1a: Magearna|Fleur Cannon|p2a: Magearna
|-resisted|p2a: Magearna
|-damage|p2a: Magearna|77/100
|-unboost|p1a: Magearna|spa|2
|
|turn|4
|
|switch|p1a: Ursaluna|Ursaluna, M|100/100
|move|p2a: Magearna|Volt Switch|p1a: Ursaluna
|-immune|p1a: Ursaluna
|
|turn|5
|
|switch|p2a: Gholdengo|Gholdengo|100/100
|-item|p2a: Gholdengo|Air Balloon
|move|p1a: Ursaluna|Earthquake|p2a: Gholdengo
|-immune|p2a: Gholdengo
|
|turn|6
|
|switch|p1a: Samurott|Samurott-Hisui, M|100/100
|move|p2a: Gholdengo|Nasty Plot|p2a: Gholdengo
|-boost|p2a: Gholdengo|spa|2
|
|turn|7
|
|switch|p2a: Rotom|Rotom-Wash|79/100
|move|p1a: Samurott|Ceaseless Edge|p2a: Rotom|[miss]
|-miss|p1a: Samurott|p2a: Rotom
|
|-heal|p2a: Rotom|85/100|[from] item: Leftovers
|turn|8
|
|switch|p1a: Ursaluna|Ursaluna, M|100/100
|move|p2a: Rotom|Will-O-Wisp|p1a: Ursaluna
|-status|p1a: Ursaluna|brn
|
|-heal|p2a: Rotom|91/100|[from] item: Leftovers
|-damage|p1a: Ursaluna|94/100 brn|[from] brn
|turn|9
|n|☆GOAT CB|goatcb
|
|switch|p1a: Urshifu|Urshifu-Rapid-Strike, F|100/100
|-terastallize|p2a: Rotom|Ghost
|move|p2a: Rotom|Hydro Pump|p1a: Urshifu
|-resisted|p1a: Urshifu
|-damage|p1a: Urshifu|72/100
|
|-heal|p2a: Rotom|98/100|[from] item: Leftovers
|turn|10
|
|move|p1a: Urshifu|U-turn|p2a: Rotom
|-resisted|p2a: Rotom
|-damage|p2a: Rotom|84/100
|
|switch|p1a: Ursaluna|Ursaluna, M|94/100 brn|[from] U-turn
|move|p2a: Rotom|Volt Switch|p1a: Ursaluna
|-immune|p1a: Ursaluna
|
|-heal|p2a: Rotom|90/100|[from] item: Leftovers
|-heal|p1a: Ursaluna|100/100 brn|[from] item: Leftovers
|-damage|p1a: Ursaluna|94/100 brn|[from] brn
|turn|11
|
|switch|p1a: Great Tusk|Great Tusk|100/100
|move|p2a: Rotom|Hydro Pump|p1a: Great Tusk
|-supereffective|p1a: Great Tusk
|-damage|p1a: Great Tusk|6/100
|
|-heal|p1a: Great Tusk|12/100|[from] item: Leftovers
|-heal|p2a: Rotom|97/100|[from] item: Leftovers
|turn|12
|
|switch|p2a: Donphan-Mega|Great Tusk|85/100 psn
|move|p1a: Great Tusk|Knock Off|p2a: Donphan-Mega
|-resisted|p2a: Donphan-Mega
|-damage|p2a: Donphan-Mega|78/100 psn
|-enditem|p2a: Donphan-Mega|Leftovers|[from] move: Knock Off|[of] p1a: Great Tusk
|
|-heal|p1a: Great Tusk|18/100|[from] item: Leftovers
|-damage|p2a: Donphan-Mega|66/100 psn|[from] psn
|turn|13
|
|move|p1a: Great Tusk|Stealth Rock|p2a: Donphan-Mega
|-sidestart|p2: GOAT CB|move: Stealth Rock
|move|p2a: Donphan-Mega|Rapid Spin|p1a: Great Tusk
|-damage|p1a: Great Tusk|11/100
|-boost|p2a: Donphan-Mega|spe|1
|-sideend|p2: GOAT CB|Stealth Rock|[from] move: Rapid Spin|[of] p2a: Donphan-Mega
|
|-heal|p1a: Great Tusk|17/100|[from] item: Leftovers
|-damage|p2a: Donphan-Mega|53/100 psn|[from] psn
|turn|14
|
|move|p2a: Donphan-Mega|Earthquake|p1a: Great Tusk
|-damage|p1a: Great Tusk|0 fnt
|faint|p1a: Great Tusk
|-end|p1a: Great Tusk|Protosynthesis|[silent]
|
|-damage|p2a: Donphan-Mega|41/100 psn|[from] psn
|
|switch|p1a: Samurott|Samurott-Hisui, M|100/100
|turn|15
|
|move|p2a: Donphan-Mega|Earthquake|p1a: Samurott
|-damage|p1a: Samurott|45/100
|move|p1a: Samurott|Aqua Cutter|p2a: Donphan-Mega
|-supereffective|p2a: Donphan-Mega
|-damage|p2a: Donphan-Mega|0 fnt
|faint|p2a: Donphan-Mega
|-end|p2a: Donphan-Mega|Protosynthesis|[silent]
|
|
|switch|p2a: Chien-Pao|Chien-Pao|100/100
|-ability|p2a: Chien-Pao|Sword of Ruin
|turn|16
|
|switch|p1a: Sneasler|Sneasler, M|100/100
|move|p2a: Chien-Pao|Crunch|p1a: Sneasler
|-resisted|p1a: Sneasler
|-damage|p1a: Sneasler|33/100
|
|turn|17
|
|switch|p2a: Magearna|Magearna|77/100
|move|p1a: Sneasler|Fake Out|p2a: Magearna
|-resisted|p2a: Magearna
|-damage|p2a: Magearna|71/100
|
|turn|18
|
|move|p1a: Sneasler|U-turn|p2a: Magearna
|-resisted|p2a: Magearna
|-damage|p2a: Magearna|66/100
|
|switch|p1a: Magearna|Magearna|75/100|[from] U-turn
|move|p2a: Magearna|Fleur Cannon|p1a: Magearna
|-resisted|p1a: Magearna
|-damage|p1a: Magearna|52/100
|-unboost|p2a: Magearna|spa|2
|
|turn|19
|
|move|p1a: Magearna|Volt Switch|p2a: Magearna
|-damage|p2a: Magearna|49/100
|
|switch|p1a: Ursaluna|Ursaluna, M|94/100 brn|[from] Volt Switch
|move|p2a: Magearna|Volt Switch|p1a: Ursaluna
|-immune|p1a: Ursaluna
|
|-heal|p1a: Ursaluna|100/100 brn|[from] item: Leftovers
|-damage|p1a: Ursaluna|94/100 brn|[from] brn
|turn|20
|
|switch|p2a: Rotom|Rotom-Wash, tera:Ghost|97/100
|switch|p1a: Samurott|Samurott-Hisui, M|45/100
|
|-heal|p2a: Rotom|100/100|[from] item: Leftovers
|turn|21
|
|switch|p2a: Chien-Pao|Chien-Pao|100/100
|-ability|p2a: Chien-Pao|Sword of Ruin
|move|p1a: Samurott|Ceaseless Edge|p2a: Chien-Pao
|-resisted|p2a: Chien-Pao
|-damage|p2a: Chien-Pao|66/100
|-sidestart|p2: GOAT CB|Spikes
|
|turn|22
|
|move|p2a: Chien-Pao|Crunch|p1a: Samurott
|-resisted|p1a: Samurott
|-damage|p1a: Samurott|0 fnt
|faint|p1a: Samurott
|
|
|switch|p1a: Sneasler|Sneasler, M|33/100
|turn|23
|
|switch|p2a: Rotom|Rotom-Wash, tera:Ghost|100/100
|move|p1a: Sneasler|Fake Out|p2a: Rotom
|-immune|p2a: Rotom
|
|turn|24
|
|move|p1a: Sneasler|U-turn|p2a: Rotom
|-resisted|p2a: Rotom
|-damage|p2a: Rotom|90/100
|
|switch|p1a: Magearna|Magearna|52/100|[from] U-turn
|move|p2a: Rotom|Hydro Pump|p1a: Magearna
|-damage|p1a: Magearna|14/100
|
|-heal|p2a: Rotom|96/100|[from] item: Leftovers
|turn|25
|-message|ven2zama forfeited.
|
|win|GOAT CB
|l|☆ven2zama
