|poke|p1|Rillaboom, F|
|poke|p1|Sneasler, F|
|poke|p1|Gholdengo|
|poke|p1|Iron Treads|
|poke|p1|Zamazenta-*|
|poke|p1|Iron Moth|
|poke|p2|Greedent, M|
|poke|p2|Talonflame, M|
|poke|p2|Tinkaton, F|
|poke|p2|Jolteon, F|
|poke|p2|Walking Wake|
|poke|p2|Landorus-Therian, M|
|teampreview
|
|start
|switch|p1a: Zamazenta|Zamazenta|100/100
|switch|p2a: Tinkaton|Tinkaton, F|100/100
|-ability|p1a: Zamazenta|Dauntless Shield|boost
|-boost|p1a: Zamazenta|def|1
|-ability|p2a: Tinkaton|Mold Breaker
|turn|1
|
|move|p2a: Tinkaton|Fake Out|p1a: Zamazenta
|-damage|p1a: Zamazenta|95/100
|cant|p1a: Zamazenta|flinch
|
|turn|2
|
|move|p1a: Zamazenta|Iron Head|p2a: Tinkaton
|-damage|p2a: Tinkaton|60/100
|move|p2a: Tinkaton|Knock Off|p1a: Zamazenta
|-resisted|p1a: Zamazenta
|-damage|p1a: Zamazenta|90/100
|-enditem|p1a: Zamazenta|Choice Band|[from] move: Knock Off|[of] p2a: Tinkaton
|
|-heal|p2a: Tinkaton|66/100|[from] item: Leftovers
|turn|3
|
|move|p2a: Tinkaton|Protect|p2a: Tinkaton
|-singleturn|p2a: Tinkaton|Protect
|move|p1a: Zamazenta|Wild Charge|p2a: Tinkaton
|-activate|p2a: Tinkaton|move: Protect
|
|-heal|p2a: Tinkaton|72/100|[from] item: Leftovers
|turn|4
|
|move|p1a: Zamazenta|Wild Charge|p2a: Tinkaton
|-crit|p2a: Tinkaton
|-damage|p2a: Tinkaton|25/100
|-damage|p1a: Zamazenta|76/100|[from] Recoil
|move|p2a: Tinkaton|Gigaton Hammer|p1a: Zamazenta
|-damage|p1a: Zamazenta|49/100
|
|-heal|p2a: Tinkaton|32/100|[from] item: Leftovers
|turn|5
|
|move|p2a: Tinkaton|Protect|p2a: Tinkaton
|-singleturn|p2a: Tinkaton|Protect
|move|p1a: Zamazenta|Wild Charge|p2a: Tinkaton
|-activate|p2a: Tinkaton|move: Protect
|
|-heal|p2a: Tinkaton|38/100|[from] item: Leftovers
|turn|6
|
|switch|p2a: Jolteon|Jolteon, F|100/100
|move|p1a: Zamazenta|Crunch|p2a: Jolteon
|-damage|p2a: Jolteon|59/100
|
|-status|p2a: Jolteon|brn|[from] item: Flame Orb
|turn|7
|
|switch|p1a: ?|Gholdengo|100/100
|move|p2a: Jolteon|Volt Switch|p1a: ?
|-damage|p1a: ?|60/100
|
|switch|p2a: Talonflame|Talonflame, M|100/100|[from] Volt Switch
|
|turn|8
|
|move|p2a: Talonflame|Brave Bird|p1a: ?
|-resisted|p1a: ?
|-damage|p1a: ?|36/100
|-damage|p2a: Talonflame|94/100|[from] Recoil
|move|p1a: ?|Trick|p2a: Talonflame
|-activate|p1a: ?|move: Trick|[of] p2a: Talonflame
|-item|p2a: Talonflame|Choice Scarf|[from] move: Trick
|-item|p1a: ?|Heavy-Duty Boots|[from] move: Trick
|
|turn|9
|
|switch|p2a: Landorus|Landorus-Therian, M|100/100
|-ability|p2a: Landorus|Intimidate|boost
|-unboost|p1a: ?|atk|1
|move|p1a: ?|Shadow Ball|p2a: Landorus
|-damage|p2a: Landorus|56/100
|
|-heal|p2a: Landorus|62/100|[from] item: Leftovers
|turn|10
|
|move|p1a: ?|Make It Rain|p2a: Landorus
|-damage|p2a: Landorus|0 fnt
|-unboost|p1a: ?|spa|1
|faint|p2a: Landorus
|
|
|switch|p2a: Jolteon|Jolteon, F|59/100 brn
|turn|11
|
|switch|p1a: Iron Treads|Iron Treads|100/100
|-enditem|p1a: Iron Treads|Booster Energy
|-activate|p1a: Iron Treads|ability: Quark Drive|[fromitem]
|-start|p1a: Iron Treads|quarkdrivespe
|move|p2a: Jolteon|Volt Switch|p1a: Iron Treads
|-immune|p1a: Iron Treads
|
|-damage|p2a: Jolteon|53/100 brn|[from] brn
|turn|12
|
|switch|p2a: Talonflame|Talonflame, M|94/100
|move|p1a: Iron Treads|Stealth Rock|p2a: Talonflame
|-sidestart|p2: p2|move: Stealth Rock
|
|turn|13
|
|-end|p1a: Iron Treads|Quark Drive|[silent]
|switch|p1a: ?|Gholdengo|36/100
|move|p2a: Talonflame|Will-O-Wisp|p1a: ?
|-immune|p1a: ?|[from] ability: Good as Gold
|
|turn|14
|
|switch|p2a: Walking Wake|Walking Wake|100/100
|-damage|p2a: Walking Wake|88/100|[from] Stealth Rock
|move|p1a: ?|Make It Rain|p2a: Walking Wake
|-resisted|p2a: Walking Wake
|-damage|p2a: Walking Wake|51/100
|-unboost|p1a: ?|spa|1
|
|turn|15
|
|move|p2a: Walking Wake|Flamethrower|p1a: ?
|-supereffective|p1a: ?
|-damage|p1a: ?|0 fnt
|faint|p1a: ?
|
|
|switch|p1a: monkey|Rillaboom, F|100/100
|-fieldstart|move: Grassy Terrain|[from] ability: Grassy Surge|[of] p1a: monkey
|turn|16
|
|move|p2a: Walking Wake|Flamethrower|p1a: monkey
|-supereffective|p1a: monkey
|-damage|p1a: monkey|12/100
|move|p1a: monkey|U-turn|p2a: Walking Wake
|-damage|p2a: Walking Wake|9/100
|
|switch|p1a: 0 broken|Sneasler, F, shiny|100/100|[from] U-turn
|-enditem|p1a: 0 broken|Grassy Seed
|-boost|p1a: 0 broken|def|1|[from] item: Grassy Seed
|
|-heal|p2a: Walking Wake|15/100|[from] Grassy Terrain
|turn|17
|
|-end|p2a: Walking Wake|Protosynthesis|[silent]
|switch|p2a: WHOOAAARRGHH|Greedent, M|100/100
|-damage|p2a: WHOOAAARRGHH|88/100|[from] Stealth Rock
|move|p1a: 0 broken|Acrobatics|p2a: WHOOAAARRGHH
|-damage|p2a: WHOOAAARRGHH|58/100
|
|-heal|p2a: WHOOAAARRGHH|64/100|[from] Grassy Terrain
|turn|18
|
|-terastallize|p2a: WHOOAAARRGHH|Normal
|move|p1a: 0 broken|Swords Dance|p1a: 0 broken
|-boost|p1a: 0 broken|atk|2
|move|p2a: WHOOAAARRGHH|Belly Drum|p2a: WHOOAAARRGHH
|-damage|p2a: WHOOAAARRGHH|14/100
|-setboost|p2a: WHOOAAARRGHH|atk|6|[from] move: Belly Drum
|-enditem|p2a: WHOOAAARRGHH|Sitrus Berry|[eat]
|-heal|p2a: WHOOAAARRGHH|39/100|[from] item: Sitrus Berry
|-heal|p2a: WHOOAAARRGHH|72/100|[from] ability: Cheek Pouch
|
|-heal|p2a: WHOOAAARRGHH|78/100|[from] Grassy Terrain
|turn|19
|
|move|p1a: 0 broken|Close Combat|p2a: WHOOAAARRGHH
|-supereffective|p2a: WHOOAAARRGHH
|-damage|p2a: WHOOAAARRGHH|0 fnt
|-unboost|p1a: 0 broken|def|1
|-unboost|p1a: 0 broken|spd|1
|faint|p2a: WHOOAAARRGHH
|
|
|switch|p2a: Jolteon|Jolteon, F|53/100 brn
|-damage|p2a: Jolteon|41/100 brn|[from] Stealth Rock
|turn|20
|
|move|p1a: 0 broken|Fire Punch|p2a: Jolteon
|-damage|p2a: Jolteon|0 fnt
|faint|p2a: Jolteon
|
|-fieldend|move: Grassy Terrain
|
|switch|p2a: Walking Wake|Walking Wake|15/100
|-damage|p2a: Walking Wake|3/100|[from] Stealth Rock
|turn|21
|
|move|p1a: 0 broken|Acrobatics|p2a: Walking Wake
|-damage|p2a: Walking Wake|0 fnt
|faint|p2a: Walking Wake
|-end|p2a: Walking Wake|Protosynthesis|[silent]
|
|
|switch|p2a: Talonflame|Talonflame, M|94/100
|-damage|p2a: Talonflame|44/100|[from] Stealth Rock
|turn|22
|
|move|p1a: 0 broken|Acrobatics|p2a: Talonflame
|-damage|p2a: Talonflame|0 fnt
|faint|p2a: Talonflame
|
|
|switch|p2a: Tinkaton|Tinkaton, F|38/100
|-damage|p2a: Tinkaton|32/100|[from] Stealth Rock
|-ability|p2a: Tinkaton|Mold Breaker
|turn|23
|
|move|p2a: Tinkaton|Protect|p2a: Tinkaton
|-singleturn|p2a: Tinkaton|Protect
|move|p1a: 0 broken|Fire Punch|p2a: Tinkaton
|-activate|p2a: Tinkaton|move: Protect
|
|-heal|p2a: Tinkaton|38/100|[from] item: Leftovers
|turn|24
|
|move|p1a: 0 broken|Fire Punch|p2a: Tinkaton
|-supereffective|p2a: Tinkaton
|-damage|p2a: Tinkaton|0 fnt
|faint|p2a: Tinkaton
|
|win|p1
