|poke|p1|Dragapult, M|
|poke|p1|Iron Valiant|
|poke|p1|Magearna|
|poke|p1|Slowbro-Galar, M|
|poke|p1|Volcarona, F|
|poke|p1|Ursaluna, M|
|poke|p2|Grimmsnarl, M|
|poke|p2|Ursaluna, M|
|poke|p2|Magearna|
|poke|p2|Enamorus, F|
|poke|p2|Sneasler, M|
|poke|p2|Braviary-Hisui, M|
|teampreview
|
|start
|switch|p1a: Dragapult|Dragapult, M|100/100
|switch|p2a: Grimmsnarl|Grimmsnarl, M|100/100
|turn|1
|player|p2|
|
|move|p2a: Grimmsnarl|Taunt|p1a: Dragapult
|-start|p1a: Dragapult|move: Taunt
|cant|p1a: Dragapult|move: Taunt|Reflect
|
|turn|2
|player|p2|Bh100%|supernerd
|
|switch|p1a: Ursaluna|Ursaluna, M|100/100
|move|p2a: Grimmsnarl|Taunt|p1a: Ursaluna
|-start|p1a: Ursaluna|move: Taunt
|
|-status|p1a: Ursaluna|brn|[from] item: Flame Orb
|turn|3
|
|move|p2a: Grimmsnarl|Reflect|p2a: Grimmsnarl
|-sidestart|p2: Bh100%|Reflect
|move|p1a: Ursaluna|Facade|p2a: Grimmsnarl
|-damage|p2a: Grimmsnarl|18/100
|
|-damage|p1a: Ursaluna|94/100 brn|[from] brn
|turn|4
|
|move|p2a: Grimmsnarl|Parting Shot|p1a: Ursaluna
|-unboost|p1a: Ursaluna|atk|1
|-unboost|p1a: Ursaluna|spa|1
|
|switch|p2a: Magearna|Magearna|100/100|[from] Parting Shot
|move|p1a: Ursaluna|Facade|p2a: Magearna
|-resisted|p2a: Magearna
|-crit|p2a: Magearna
|-damage|p2a: Magearna|19/100
|
|-heal|p2a: Magearna|25/100|[from] item: Leftovers
|-damage|p1a: Ursaluna|88/100 brn|[from] brn
|-end|p1a: Ursaluna|move: Taunt
|turn|5
|
|move|p1a: Ursaluna|Facade|p2a: Magearna
|-resisted|p2a: Magearna
|-damage|p2a: Magearna|7/100
|move|p2a: Magearna|Shift Gear|p2a: Magearna
|-boost|p2a: Magearna|spe|2
|-boost|p2a: Magearna|atk|1
|
|-heal|p2a: Magearna|13/100|[from] item: Leftovers
|-damage|p1a: Ursaluna|82/100 brn|[from] brn
|turn|6
|
|move|p2a: Magearna|Draining Kiss|p1a: Ursaluna
|-damage|p1a: Ursaluna|53/100 brn
|-heal|p2a: Magearna|38/100|[from] drain|[of] p1a: Ursaluna
|move|p1a: Ursaluna|Earthquake|p2a: Magearna
|-supereffective|p2a: Magearna
|-damage|p2a: Magearna|0 fnt
|faint|p2a: Magearna
|
|-damage|p1a: Ursaluna|47/100 brn|[from] brn
|
|switch|p2a: Enamorus|Enamorus, F|100/100
|turn|7
|
|switch|p1a: Magearna|Magearna|100/100
|move|p2a: Enamorus|Superpower|p1a: Magearna
|-damage|p1a: Magearna|64/100
|-boost|p2a: Enamorus|atk|1
|-boost|p2a: Enamorus|def|1
|
|-heal|p1a: Magearna|70/100|[from] item: Leftovers
|turn|8
|
|move|p2a: Enamorus|Superpower|p1a: Magearna
|-damage|p1a: Magearna|13/100
|-boost|p2a: Enamorus|atk|1
|-boost|p2a: Enamorus|def|1
|move|p1a: Magearna|Shift Gear|p1a: Magearna
|-boost|p1a: Magearna|spe|2
|-boost|p1a: Magearna|atk|1
|
|-heal|p1a: Magearna|19/100|[from] item: Leftovers
|turn|9
|
|move|p1a: Magearna|Draining Kiss|p2a: Enamorus
|-damage|p2a: Enamorus|60/100
|-heal|p1a: Magearna|47/100|[from] drain|[of] p2a: Enamorus
|move|p2a: Enamorus|Superpower|p1a: Magearna
|-damage|p1a: Magearna|0 fnt
|-boost|p2a: Enamorus|atk|1
|-boost|p2a: Enamorus|def|1
|faint|p1a: Magearna
|
|
|switch|p1a: Slowbro|Slowbro-Galar, M|100/100
|turn|10
|-activate|p1a: Slowbro|item: Quick Claw
|
|move|p1a: Slowbro|Ice Beam|p2a: Enamorus
|-supereffective|p2a: Enamorus
|-damage|p2a: Enamorus|0 fnt
|faint|p2a: Enamorus
|
|-sideend|p2: Bh100%|Reflect
|n|!Bh100%|bh100
|
|switch|p2a: Grimmsnarl|Grimmsnarl, M|18/100
|turn|11
|player|p2|
|
|move|p2a: Grimmsnarl|Light Screen|p2a: Grimmsnarl
|-sidestart|p2: Bh100%|move: Light Screen
|move|p1a: Slowbro|Nasty Plot|p1a: Slowbro
|-boost|p1a: Slowbro|spa|2
|
|turn|12
|player|p2|Bh100%|supernerd
|-activate|p1a: Slowbro|ability: Quick Draw
|
|move|p2a: Grimmsnarl|Taunt|p1a: Slowbro
|-start|p1a: Slowbro|move: Taunt
|move|p1a: Slowbro|Ice Beam|p2a: Grimmsnarl
|-damage|p2a: Grimmsnarl|0 fnt
|faint|p2a: Grimmsnarl
|
|
|switch|p2a: Braviary|Braviary-Hisui, M|100/100
|turn|13
|
|-terastallize|p2a: Braviary|Psychic
|move|p2a: Braviary|Esper Wing|p1a: Slowbro
|-damage|p1a: Slowbro|56/100
|-boost|p2a: Braviary|spe|1
|move|p1a: Slowbro|Ice Beam|p2a: Braviary
|-damage|p2a: Braviary|68/100
|
|turn|14
|
|move|p2a: Braviary|Esper Wing|p1a: Slowbro
|-damage|p1a: Slowbro|6/100
|-boost|p2a: Braviary|spe|1
|move|p1a: Slowbro|Ice Beam|p2a: Braviary
|-damage|p2a: Braviary|35/100
|
|-end|p1a: Slowbro|move: Taunt
|turn|15
|-activate|p1a: Slowbro|ability: Quick Draw
|
|move|p1a: Slowbro|Ice Beam|p2a: Braviary
|-damage|p2a: Braviary|6/100
|move|p2a: Braviary|Esper Wing|p1a: Slowbro
|-damage|p1a: Slowbro|0 fnt
|-boost|p2a: Braviary|spe|1
|faint|p1a: Slowbro
|
|
|switch|p1a: Dragapult|Dragapult, M|100/100
|turn|16
|
|move|p1a: Dragapult|Curse|p2a: Braviary
|-start|p2a: Braviary|Curse|[of] p1a: Dragapult
|-damage|p1a: Dragapult|50/100
|move|p2a: Braviary|Esper Wing|p1a: Dragapult
|-damage|p1a: Dragapult|4/100
|-boost|p2a: Braviary|spe|1
|
|-damage|p2a: Braviary|0 fnt|[from] Curse
|faint|p2a: Braviary
|
|switch|p2a: Sneasler|Sneasler, M|100/100
|turn|17
|
|switch|p2a: Ursaluna|Ursaluna, M|100/100
|move|p1a: Dragapult|Will-O-Wisp|p2a: Ursaluna|[miss]
|-miss|p1a: Dragapult|p2a: Ursaluna
|
|-status|p2a: Ursaluna|brn|[from] item: Flame Orb
|turn|18
|
|move|p1a: Dragapult|Curse|p2a: Ursaluna
|-start|p2a: Ursaluna|Curse|[of] p1a: Dragapult
|-damage|p1a: Dragapult|0 fnt
|faint|p1a: Dragapult
|move|p2a: Ursaluna|Headlong Rush|p1: Dragapult|[notarget]
|-fail|p2a: Ursaluna
|
|-damage|p2a: Ursaluna|94/100 brn|[from] brn
|-damage|p2a: Ursaluna|70/100 brn|[from] Curse
|-sideend|p2: Bh100%|move: Light Screen
|
|switch|p1a: Iron Valiant|Iron Valiant|100/100
|-enditem|p1a: Iron Valiant|Booster Energy
|-activate|p1a: Iron Valiant|ability: Quark Drive|[fromitem]
|-start|p1a: Iron Valiant|quarkdrivespe
|turn|19
|
|move|p1a: Iron Valiant|Close Combat|p2a: Ursaluna
|-supereffective|p2a: Ursaluna
|-damage|p2a: Ursaluna|0 fnt
|-unboost|p1a: Iron Valiant|def|1
|-unboost|p1a: Iron Valiant|spd|1
|faint|p2a: Ursaluna
|
|
|switch|p2a: Sneasler|Sneasler, M|100/100
|turn|20
|
|move|p1a: Iron Valiant|Ice Punch|p2a: Sneasler
|-damage|p2a: Sneasler|55/100
|move|p2a: Sneasler|Close Combat|p1a: Iron Valiant
|-resisted|p1a: Iron Valiant
|-damage|p1a: Iron Valiant|39/100
|-unboost|p2a: Sneasler|def|1
|-unboost|p2a: Sneasler|spd|1
|-enditem|p2a: Sneasler|White Herb
|-clearnegativeboost|p2a: Sneasler|[silent]
|
|turn|21
|
|-terastallize|p1a: Iron Valiant|Ghost
|move|p2a: Sneasler|Acrobatics|p1a: Iron Valiant
|-damage|p1a: Iron Valiant|0 fnt
|faint|p1a: Iron Valiant
|-end|p1a: Iron Valiant|Quark Drive|[silent]
|
|
|switch|p1a: Volcarona|Volcarona, F|100/100
|turn|22
|
|move|p2a: Sneasler|Acrobatics|p1a: Volcarona
|-supereffective|p1a: Volcarona
|-damage|p1a: Volcarona|0 fnt
|faint|p1a: Volcarona
|
|
|switch|p1a: Ursaluna|Ursaluna, M|47/100 brn
|turn|23
|
|move|p2a: Sneasler|Close Combat|p1a: Ursaluna
|-supereffective|p1a: Ursaluna
|-damage|p1a: Ursaluna|0 fnt
|-unboost|p2a: Sneasler|def|1
|-unboost|p2a: Sneasler|spd|1
|faint|p1a: Ursaluna
|
|win|Bh100%
