# advantage = p2
|poke|p1|Masquerain, M|
|poke|p1|Hoopa-Unbound|
|poke|p1|Gholdengo|
|poke|p1|Urshifu-*, M|
|poke|p1|Kleavor, M|
|poke|p1|Magearna|
|poke|p2|Sneasler, M|
|poke|p2|Skeledirge, F|
|poke|p2|Rotom-Wash|
|poke|p2|Magearna|
|poke|p2|Dragonite, F|
|poke|p2|Landorus-Therian, M|
|teampreview
|
|start
|switch|p1a: Masquerain|Masquerain, M|100/100
|switch|p2a: Sneasler|Sneasler, M|100/100
|-ability|p1a: Masquerain|Intimidate|boost
|-unboost|p2a: Sneasler|atk|1
|turn|1
|
|move|p2a: Sneasler|Dire Claw|p1a: Masquerain
|-damage|p1a: Masquerain|60/100
|move|p1a: Masquerain|Sticky Web|p2a: Sneasler
|-sidestart|p2: p2|move: Sticky Web
|
|turn|2
|
|move|p2a: Sneasler|Dire Claw|p1a: Masquerain
|-damage|p1a: Masquerain|20/100
|move|p1a: Masquerain|Air Slash|p2a: Sneasler
|-supereffective|p2a: Sneasler
|-crit|p2a: Sneasler
|-damage|p2a: Sneasler|2/100
|
|turn|3
|
|move|p2a: Sneasler|Dire Claw|p1a: Masquerain
|-damage|p1a: Masquerain|0 fnt
|faint|p1a: Masquerain
|
|
|switch|p1a: Magearna|Magearna|100/100
|turn|4
|
|switch|p2a: Skeledirge|Skeledirge, F|100/100
|move|p1a: Magearna|Shift Gear|p1a: Magearna
|-boost|p1a: Magearna|spe|2
|-boost|p1a: Magearna|atk|1
|
|turn|5
|
|switch|p1a: Hoopa|Hoopa-Unbound|100/100
|move|p2a: Skeledirge|Torch Song|p1a: Hoopa
|-damage|p1a: Hoopa|73/100
|-boost|p2a: Skeledirge|spa|1
|
|turn|6
|
|switch|p2a: Magearna|Magearna|100/100
|-activate|p2a: Magearna|move: Sticky Web
|-unboost|p2a: Magearna|spe|1
|move|p1a: Hoopa|Dark Pulse|p2a: Magearna
|-resisted|p2a: Magearna
|-damage|p2a: Magearna|65/100
|
|-heal|p2a: Magearna|71/100|[from] item: Leftovers
|turn|7
|
|switch|p1a: Gholdengo|Gholdengo|100/100
|-item|p1a: Gholdengo|Air Balloon
|move|p2a: Magearna|Spikes|p1a: Gholdengo
|-sidestart|p1: p1|Spikes
|
|-heal|p2a: Magearna|77/100|[from] item: Leftovers
|turn|8
|
|move|p1a: Gholdengo|Nasty Plot|p1a: Gholdengo
|-boost|p1a: Gholdengo|spa|2
|move|p2a: Magearna|Spikes|p1a: Gholdengo
|-sidestart|p1: p1|Spikes
|
|-heal|p2a: Magearna|83/100|[from] item: Leftovers
|turn|9
|
|move|p1a: Gholdengo|Shadow Ball|p2a: Magearna
|-damage|p2a: Magearna|15/100
|-unboost|p2a: Magearna|spd|1
|move|p2a: Magearna|Volt Switch|p1a: Gholdengo
|-damage|p1a: Gholdengo|77/100
|-enditem|p1a: Gholdengo|Air Balloon
|
|switch|p2a: Landorus|Landorus-Therian, M|100/100|[from] Volt Switch
|-ability|p2a: Landorus|Intimidate|boost
|-unboost|p1a: Gholdengo|atk|1
|
|turn|10
|
|switch|p2a: Skeledirge|Skeledirge, F|100/100
|move|p1a: Gholdengo|Make It Rain|p2a: Skeledirge
|-resisted|p2a: Skeledirge
|-damage|p2a: Skeledirge|78/100
|-unboost|p1a: Gholdengo|spa|1
|
|turn|11
|
|switch|p1a: Hoopa|Hoopa-Unbound|73/100
|-damage|p1a: Hoopa|57/100|[from] Spikes
|switch|p2a: Magearna|Magearna|15/100
|-activate|p2a: Magearna|move: Sticky Web
|-unboost|p2a: Magearna|spe|1
|
|-heal|p2a: Magearna|21/100|[from] item: Leftovers
|turn|12
|
|move|p1a: Hoopa|Dark Pulse|p2a: Magearna
|-resisted|p2a: Magearna
|-damage|p2a: Magearna|0 fnt
|faint|p2a: Magearna
|
|
|switch|p2a: Sneasler|Sneasler, M|2/100
|-activate|p2a: Sneasler|move: Sticky Web
|-unboost|p2a: Sneasler|spe|1
|turn|13
|
|move|p2a: Sneasler|U-turn|p1a: Hoopa
|-supereffective|p1a: Hoopa
|-crit|p1a: Hoopa
|-damage|p1a: Hoopa|0 fnt
|faint|p1a: Hoopa
|
|switch|p2a: Rotom|Rotom-Wash|100/100|[from] U-turn
|
|
|switch|p1a: Kleavor|Kleavor, M|100/100
|turn|14
|
|move|p1a: Kleavor|Stone Axe|p2a: Rotom
|-damage|p2a: Rotom|62/100
|-sidestart|p2: p2|move: Stealth Rock
|move|p2a: Rotom|Thunder Wave|p1a: Kleavor
|-status|p1a: Kleavor|par
|
|-heal|p2a: Rotom|68/100|[from] item: Leftovers
|turn|15
|
|move|p2a: Rotom|Hydro Pump|p1a: Kleavor|[miss]
|-miss|p2a: Rotom|p1a: Kleavor
|cant|p1a: Kleavor|par
|
|-heal|p2a: Rotom|75/100|[from] item: Leftovers
|turn|16
|
|switch|p1a: Urshifu|Urshifu-Rapid-Strike, M|100/100
|-damage|p1a: Urshifu|84/100|[from] Spikes
|move|p2a: Rotom|Hydro Pump|p1a: Urshifu
|-resisted|p1a: Urshifu
|-damage|p1a: Urshifu|56/100
|
|-heal|p2a: Rotom|81/100|[from] item: Leftovers
|turn|17
|
|move|p1a: Urshifu|Drain Punch|p2a: Rotom
|-damage|p2a: Rotom|43/100
|-heal|p1a: Urshifu|73/100|[from] drain|[of] p2a: Rotom
|move|p2a: Rotom|Thunder Wave|p1a: Urshifu
|-status|p1a: Urshifu|par
|
|-heal|p2a: Rotom|49/100|[from] item: Leftovers
|turn|18
|
|move|p2a: Rotom|Volt Switch|p1a: Urshifu
|-supereffective|p1a: Urshifu
|-damage|p1a: Urshifu|2/100 par
|
|switch|p2a: Landorus|Landorus-Therian, M|100/100|[from] Volt Switch
|-damage|p2a: Landorus|88/100|[from] Stealth Rock
|-ability|p2a: Landorus|Intimidate|boost
|-unboost|p1a: Urshifu|atk|1
|move|p1a: Urshifu|Drain Punch|p2a: Landorus
|-resisted|p2a: Landorus
|-damage|p2a: Landorus|73/100
|-heal|p1a: Urshifu|11/100 par|[from] drain|[of] p2a: Landorus
|
|turn|19
|
|move|p2a: Landorus|Earthquake|p1a: Urshifu
|-damage|p1a: Urshifu|0 fnt
|faint|p1a: Urshifu
|
|
|switch|p1a: Magearna|Magearna|100/100
|-damage|p1a: Magearna|84/100|[from] Spikes
|turn|20
|
|-terastallize|p1a: Magearna|Fairy
|move|p2a: Landorus|U-turn|p1a: Magearna
|-resisted|p1a: Magearna
|-damage|p1a: Magearna|75/100
|
|switch|p2a: Skeledirge|Skeledirge, F|78/100|[from] U-turn
|move|p1a: Magearna|Shift Gear|p1a: Magearna
|-boost|p1a: Magearna|spe|2
|-boost|p1a: Magearna|atk|1
|
|-heal|p1a: Magearna|81/100|[from] item: Leftovers
|turn|21
|
|move|p1a: Magearna|Calm Mind|p1a: Magearna
|-boost|p1a: Magearna|spa|1
|-boost|p1a: Magearna|spd|1
|move|p2a: Skeledirge|Will-O-Wisp|p1a: Magearna|[miss]
|-miss|p2a: Skeledirge|p1a: Magearna
|
|-heal|p1a: Magearna|87/100|[from] item: Leftovers
|turn|22
|
|-terastallize|p2a: Skeledirge|Dark
|move|p1a: Magearna|Stored Power|p2a: Skeledirge
|-immune|p2a: Skeledirge
|move|p2a: Skeledirge|Will-O-Wisp|p1a: Magearna
|-status|p1a: Magearna|brn
|
|-heal|p1a: Magearna|93/100 brn|[from] item: Leftovers
|-damage|p1a: Magearna|87/100 brn|[from] brn
|turn|23
|
|move|p1a: Magearna|Draining Kiss|p2a: Skeledirge
|-supereffective|p2a: Skeledirge
|-damage|p2a: Skeledirge|11/100
|-heal|p1a: Magearna|100/100 brn|[from] drain|[of] p2a: Skeledirge
|move|p2a: Skeledirge|Torch Song|p1a: Magearna
|-damage|p1a: Magearna|75/100 brn
|-boost|p2a: Skeledirge|spa|1
|
|-heal|p1a: Magearna|81/100 brn|[from] item: Leftovers
|-damage|p1a: Magearna|75/100 brn|[from] brn
|turn|24
|
|move|p1a: Magearna|Draining Kiss|p2a: Skeledirge
|-supereffective|p2a: Skeledirge
|-damage|p2a: Skeledirge|0 fnt
|-heal|p1a: Magearna|84/100 brn|[from] drain|[of] p2a: Skeledirge
|faint|p2a: Skeledirge
|-ability|p1a: Magearna|Soul-Heart|boost
|-boost|p1a: Magearna|spa|1
|
|-heal|p1a: Magearna|90/100 brn|[from] item: Leftovers
|-damage|p1a: Magearna|84/100 brn|[from] brn
|
|switch|p2a: Sneasler|Sneasler, M|2/100
|-activate|p2a: Sneasler|move: Sticky Web
|-unboost|p2a: Sneasler|spe|1
|-damage|p2a: Sneasler|0 fnt|[from] Stealth Rock
|faint|p2a: Sneasler
|-ability|p1a: Magearna|Soul-Heart|boost
|-boost|p1a: Magearna|spa|1
|
|switch|p2a: Dragonite|Dragonite, F|100/100
|turn|25
|
|move|p2a: Dragonite|Extreme Speed|p1a: Magearna
|-damage|p1a: Magearna|58/100 brn
|move|p1a: Magearna|Draining Kiss|p2a: Dragonite
|-supereffective|p2a: Dragonite
|-damage|p2a: Dragonite|0 fnt
|-heal|p1a: Magearna|100/100 brn|[from] drain|[of] p2a: Dragonite
|faint|p2a: Dragonite
|-ability|p1a: Magearna|Soul-Heart|boost
|-boost|p1a: Magearna|spa|1
|
|-damage|p1a: Magearna|94/100 brn|[from] brn
|
|switch|p2a: Landorus|Landorus-Therian, M|73/100
|-damage|p2a: Landorus|61/100|[from] Stealth Rock
|-ability|p2a: Landorus|Intimidate|boost
|-unboost|p1a: Magearna|atk|1
|turn|26
|
|move|p1a: Magearna|Stored Power|p2a: Landorus
|-damage|p2a: Landorus|0 fnt
|faint|p2a: Landorus
|-ability|p1a: Magearna|Soul-Heart|boost
|-boost|p1a: Magearna|spa|1
|
|-heal|p1a: Magearna|100/100 brn|[from] item: Leftovers
|-damage|p1a: Magearna|94/100 brn|[from] brn
|-message|p2 forfeited.
|
|win|p1
