# advantage = p2
|poke|p1|Basculegion, M|
|poke|p1|Goodra-Hisui, F|
|poke|p1|Great Tusk|
|poke|p1|Thundurus, M|
|poke|p1|Corviknight, M|
|poke|p1|Volcarona, F|
|poke|p2|Dragapult, F|
|poke|p2|Corviknight, M|
|poke|p2|Grimmsnarl, M|
|poke|p2|Skeledirge, M|
|poke|p2|Clodsire, F|
|poke|p2|Arcanine-Hisui, F|
|teampreview
|
|start
|switch|p1a: Thundurus|Thundurus, M|100/100
|switch|p2a: Grimmsnarl|Grimmsnarl, M, shiny|100/100
|turn|1
|
|move|p1a: Thundurus|Nasty Plot|p1a: Thundurus
|-boost|p1a: Thundurus|spa|2
|move|p2a: Grimmsnarl|Light Screen|p2a: Grimmsnarl
|-sidestart|p2: p2|move: Light Screen
|
|turn|2
|
|move|p1a: Thundurus|Nasty Plot|p1a: Thundurus
|-boost|p1a: Thundurus|spa|2
|move|p2a: Grimmsnarl|Reflect|p2a: Grimmsnarl
|-sidestart|p2: p2|Reflect
|
|turn|3
|
|move|p1a: Thundurus|Nasty Plot|p1a: Thundurus
|-boost|p1a: Thundurus|spa|2
|move|p2a: Grimmsnarl|Parting Shot|p1a: Thundurus
|-unboost|p1a: Thundurus|atk|1
|-unboost|p1a: Thundurus|spa|1
|
|switch|p2a: Clodsire|Clodsire, F|100/100|[from] Parting Shot
|
|turn|4
|
|switch|p1a: Goodra|Goodra-Hisui, F|100/100
|move|p2a: Clodsire|Toxic|p1a: Goodra
|-immune|p1a: Goodra
|
|turn|5
|
|move|p1a: Goodra|Chilling Water|p2a: Clodsire
|-immune|p2a: Clodsire|[from] ability: Water Absorb
|move|p2a: Clodsire|Earthquake|p1a: Goodra
|-supereffective|p1a: Goodra
|-damage|p1a: Goodra|59/100
|
|-heal|p1a: Goodra|65/100|[from] item: Leftovers
|turn|6
|
|switch|p1a: Corviknight|Corviknight, M|100/100
|-ability|p1a: Corviknight|Pressure
|move|p2a: Clodsire|Earthquake|p1a: Corviknight
|-immune|p1a: Corviknight
|
|turn|7
|
|switch|p2a: Arcanine|Arcanine-Hisui, F|100/100
|move|p1a: Corviknight|Brave Bird|p2a: Arcanine
|-resisted|p2a: Arcanine
|-damage|p2a: Arcanine|88/100
|-damage|p1a: Corviknight|97/100|[from] Recoil
|
|-heal|p1a: Corviknight|100/100|[from] item: Leftovers
|turn|8
|
|switch|p1a: Great Tusk|Great Tusk|100/100
|move|p2a: Arcanine|Head Smash|p1a: Great Tusk|[miss]
|-miss|p2a: Arcanine|p1a: Great Tusk
|
|-sideend|p2: p2|move: Light Screen
|turn|9
|
|move|p2a: Arcanine|Head Smash|p1a: Great Tusk
|-resisted|p1a: Great Tusk
|-damage|p1a: Great Tusk|89/100
|move|p1a: Great Tusk|Earthquake|p2a: Arcanine
|-supereffective|p2a: Arcanine
|-damage|p2a: Arcanine|0 fnt
|faint|p2a: Arcanine
|
|-heal|p1a: Great Tusk|95/100|[from] item: Leftovers
|-sideend|p2: p2|Reflect
|
|switch|p2a: Grimmsnarl|Grimmsnarl, M, shiny|100/100
|turn|10
|
|move|p2a: Grimmsnarl|Reflect|p2a: Grimmsnarl
|-sidestart|p2: p2|Reflect
|move|p1a: Great Tusk|Earthquake|p2a: Grimmsnarl
|-damage|p2a: Grimmsnarl|75/100
|
|-heal|p1a: Great Tusk|100/100|[from] item: Leftovers
|turn|11
|
|move|p1a: Great Tusk|Earthquake|p2a: Grimmsnarl
|-damage|p2a: Grimmsnarl|48/100
|move|p2a: Grimmsnarl|Play Rough|p1a: Great Tusk
|-supereffective|p1a: Great Tusk
|-damage|p1a: Great Tusk|51/100
|-unboost|p1a: Great Tusk|atk|1
|
|-heal|p1a: Great Tusk|57/100|[from] item: Leftovers
|turn|12
|
|-end|p1a: Great Tusk|Protosynthesis|[silent]
|switch|p1a: Corviknight|Corviknight, M|100/100
|-ability|p1a: Corviknight|Pressure
|move|p2a: Grimmsnarl|Play Rough|p1a: Corviknight
|-resisted|p1a: Corviknight
|-damage|p1a: Corviknight|89/100
|
|-heal|p1a: Corviknight|95/100|[from] item: Leftovers
|turn|13
|
|move|p2a: Grimmsnarl|Parting Shot|p1a: Corviknight
|-unboost|p1a: Corviknight|atk|1
|-unboost|p1a: Corviknight|spa|1
|
|switch|p2a: Skeledirge|Skeledirge, M|100/100|[from] Parting Shot
|move|p1a: Corviknight|U-turn|p2a: Skeledirge
|-resisted|p2a: Skeledirge
|-damage|p2a: Skeledirge|99/100
|
|switch|p1a: Thundurus|Thundurus, M|100/100|[from] U-turn
|
|turn|14
|
|-terastallize|p2a: Skeledirge|Fairy
|move|p1a: Thundurus|Thunder Wave|p2a: Skeledirge|[miss]
|-miss|p1a: Thundurus|p2a: Skeledirge
|move|p2a: Skeledirge|Torch Song|p1a: Thundurus
|-damage|p1a: Thundurus|56/100
|-boost|p2a: Skeledirge|spa|1
|
|turn|15
|
|move|p1a: Thundurus|Thunder Wave|p2a: Skeledirge
|-status|p2a: Skeledirge|par
|move|p2a: Skeledirge|Torch Song|p1a: Thundurus
|-damage|p1a: Thundurus|0 fnt
|-boost|p2a: Skeledirge|spa|1
|faint|p1a: Thundurus
|
|
|switch|p1a: Goodra|Goodra-Hisui, F|65/100
|turn|16
|
|-terastallize|p1a: Goodra|Water
|move|p1a: Goodra|Chilling Water|p2a: Skeledirge
|-damage|p2a: Skeledirge|84/100 par
|-unboost|p2a: Skeledirge|atk|1
|move|p2a: Skeledirge|Torch Song|p1a: Goodra
|-resisted|p1a: Goodra
|-damage|p1a: Goodra|43/100
|-boost|p2a: Skeledirge|spa|1
|
|-heal|p1a: Goodra|49/100|[from] item: Leftovers
|turn|17
|
|move|p1a: Goodra|Flash Cannon|p2a: Skeledirge
|-supereffective|p2a: Skeledirge
|-damage|p2a: Skeledirge|40/100 par
|cant|p2a: Skeledirge|par
|
|-heal|p1a: Goodra|55/100|[from] item: Leftovers
|-sideend|p2: p2|Reflect
|turn|18
|
|move|p1a: Goodra|Flash Cannon|p2a: Skeledirge
|-supereffective|p2a: Skeledirge
|-damage|p2a: Skeledirge|2/100 par
|move|p2a: Skeledirge|Earth Power|p1a: Goodra
|-damage|p1a: Goodra|14/100
|
|-heal|p1a: Goodra|20/100|[from] item: Leftovers
|turn|19
|
|move|p1a: Goodra|Flash Cannon|p2a: Skeledirge
|-supereffective|p2a: Skeledirge
|-damage|p2a: Skeledirge|0 fnt
|faint|p2a: Skeledirge
|
|-heal|p1a: Goodra|26/100|[from] item: Leftovers
|
|switch|p2a: Dragapult|Dragapult, F|100/100
|turn|20
|
|move|p2a: Dragapult|Substitute|p2a: Dragapult
|-start|p2a: Dragapult|Substitute
|-damage|p2a: Dragapult|76/100
|move|p1a: Goodra|Flash Cannon|p2a: Dragapult
|-end|p2a: Dragapult|Substitute
|
|-heal|p1a: Goodra|32/100|[from] item: Leftovers
|turn|21
|
|move|p2a: Dragapult|Dragon Darts|p1a: Goodra
|-damage|p1a: Goodra|8/100
|-anim|p2a: Dragapult|Dragon Darts|p1a: Goodra
|-damage|p1a: Goodra|0 fnt
|faint|p1a: Goodra
|
|
|switch|p1a: Great Tusk|Great Tusk|57/100
|turn|22
|
|move|p2a: Dragapult|Substitute|p2a: Dragapult
|-start|p2a: Dragapult|Substitute
|-damage|p2a: Dragapult|51/100
|move|p1a: Great Tusk|Ice Spinner|p2a: Dragapult
|-supereffective|p2a: Dragapult
|-end|p2a: Dragapult|Substitute
|
|-heal|p1a: Great Tusk|63/100|[from] item: Leftovers
|turn|23
|
|switch|p2a: Corviknight|Corviknight, M, shiny|100/100
|move|p1a: Great Tusk|Ice Spinner|p2a: Corviknight
|-damage|p2a: Corviknight|86/100
|
|-heal|p1a: Great Tusk|69/100|[from] item: Leftovers
|-heal|p2a: Corviknight|92/100|[from] item: Leftovers
|turn|24
|
|-end|p1a: Great Tusk|Protosynthesis|[silent]
|switch|p1a: Corviknight|Corviknight, M|95/100
|-ability|p1a: Corviknight|Pressure
|move|p2a: Corviknight|Brave Bird|p1a: Corviknight
|-resisted|p1a: Corviknight
|-damage|p1a: Corviknight|85/100
|-damage|p2a: Corviknight|89/100|[from] Recoil
|
|-heal|p2a: Corviknight|95/100|[from] item: Leftovers
|-heal|p1a: Corviknight|91/100|[from] item: Leftovers
|turn|25
|
|move|p2a: Corviknight|Iron Defense|p2a: Corviknight
|-boost|p2a: Corviknight|def|2
|move|p1a: Corviknight|U-turn|p2a: Corviknight
|-resisted|p2a: Corviknight
|-crit|p2a: Corviknight
|-damage|p2a: Corviknight|91/100
|
|switch|p1a: Volcarona|Volcarona, F|100/100|[from] U-turn
|
|-heal|p2a: Corviknight|98/100|[from] item: Leftovers
|turn|26
|
|move|p1a: Volcarona|Flamethrower|p2a: Corviknight
|-supereffective|p2a: Corviknight
|-crit|p2a: Corviknight
|-damage|p2a: Corviknight|0 fnt
|faint|p2a: Corviknight
|
|-message|p2 forfeited.
|
|win|p1
