|poke|p1|Iron Thorns|
|poke|p1|Pincurchin, F|
|poke|p1|Gastrodon, F|
|poke|p1|Iron Leaves|
|poke|p1|Gardevoir, M|
|poke|p1|Roaring Moon|
|poke|p2|Skeledirge, F|
|poke|p2|Frosmoth, F|
|poke|p2|Heracross, M|
|poke|p2|Donphan, M|
|poke|p2|Kingambit, M|
|poke|p2|Dragonite, M|
|teampreview
|j| Ptok
|j| UnovaJournies
|j| Tredz
|j| Amoongdrip
|l| UnovaJournies
|
|start
|switch|p1a: kabobs|Pincurchin, F|100/100
|switch|p2a: Donut|Donphan, M|100/100
|-fieldstart|move: Electric Terrain|[from] ability: Electric Surge|[of] p1a: kabobs
|turn|1
|j| UnovaJournies
|
|switch|p1a: vegan option|Iron Leaves|100/100
|-activate|p1a: vegan option|ability: Quark Drive
|-start|p1a: vegan option|quarkdriveatk
|move|p2a: Donut|Stealth Rock|p1a: vegan option
|-sidestart|p1: dittoboys|move: Stealth Rock
|
|turn|2
|
|move|p2a: Donut|Ice Shard|p1a: vegan option
|-supereffective|p1a: vegan option
|-damage|p1a: vegan option|64/100
|-enditem|p1a: vegan option|Weakness Policy
|-boost|p1a: vegan option|atk|2|[from] item: Weakness Policy
|-boost|p1a: vegan option|spa|2|[from] item: Weakness Policy
|move|p1a: vegan option|Swords Dance|p1a: vegan option
|-boost|p1a: vegan option|atk|2
|
|turn|3
|
|move|p2a: Donut|Ice Shard|p1a: vegan option
|-supereffective|p1a: vegan option
|-damage|p1a: vegan option|32/100
|move|p1a: vegan option|Leaf Blade|p2a: Donut
|-supereffective|p2a: Donut
|-ability|p2a: Donut|Sturdy
|-damage|p2a: Donut|1/100
|
|-heal|p2a: Donut|7/100|[from] item: Leftovers
|turn|4
|
|move|p2a: Donut|Ice Shard|p1a: vegan option
|-supereffective|p1a: vegan option
|-damage|p1a: vegan option|0 fnt
|faint|p1a: vegan option
|-end|p1a: vegan option|Quark Drive|[silent]
|
|-heal|p2a: Donut|13/100|[from] item: Leftovers
|l| Amoongdrip
|
|switch|p1a: escargo|Gastrodon, F|100/100
|-damage|p1a: escargo|94/100|[from] Stealth Rock
|turn|5
|
|move|p2a: Donut|Earthquake|p1a: escargo
|-damage|p1a: escargo|51/100
|move|p1a: escargo|Stealth Rock|p2a: Donut
|-sidestart|p2: Raptors4TheChip|move: Stealth Rock
|
|-heal|p2a: Donut|20/100|[from] item: Leftovers
|-heal|p1a: escargo|57/100|[from] item: Leftovers
|turn|6
|
|move|p2a: Donut|Rapid Spin|p1a: escargo
|-damage|p1a: escargo|45/100
|-boost|p2a: Donut|spe|1
|-sideend|p2: Raptors4TheChip|Stealth Rock|[from] move: Rapid Spin|[of] p2a: Donut
|move|p1a: escargo|Recover|p1a: escargo
|-heal|p1a: escargo|95/100
|
|-heal|p2a: Donut|26/100|[from] item: Leftovers
|-heal|p1a: escargo|100/100|[from] item: Leftovers
|turn|7
|
|move|p2a: Donut|Earthquake|p1a: escargo
|-damage|p1a: escargo|62/100
|move|p1a: escargo|Ice Beam|p2a: Donut
|-supereffective|p2a: Donut
|-damage|p2a: Donut|0 fnt
|faint|p2a: Donut
|
|-heal|p1a: escargo|68/100|[from] item: Leftovers
|
|switch|p2a: Drumstick|Heracross, M|100/100
|turn|8
|
|switch|p1a: waitress|Gardevoir, M|100/100
|-damage|p1a: waitress|88/100|[from] Stealth Rock
|-ability|p1a: waitress|Guts|[from] ability: Trace|[of] p2a: Drumstick
|move|p2a: Drumstick|Trailblaze|p1a: waitress
|-damage|p1a: waitress|62/100
|-boost|p2a: Drumstick|spe|1
|
|-heal|p1a: waitress|68/100|[from] item: Leftovers
|-fieldend|move: Electric Terrain
|-status|p2a: Drumstick|brn|[from] item: Flame Orb
|turn|9
|
|move|p2a: Drumstick|Megahorn|p1a: waitress
|-damage|p1a: waitress|0 fnt
|faint|p1a: waitress
|
|-damage|p2a: Drumstick|95/100 brn|[from] brn
|
|switch|p1a: kabobs|Pincurchin, F|100/100
|-damage|p1a: kabobs|88/100|[from] Stealth Rock
|-fieldstart|move: Electric Terrain|[from] ability: Electric Surge|[of] p1a: kabobs
|turn|10
|
|move|p2a: Drumstick|Earthquake|p1a: kabobs
|-supereffective|p1a: kabobs
|-damage|p1a: kabobs|3/100
|move|p1a: kabobs|Memento|p2a: Drumstick
|-unboost|p2a: Drumstick|atk|2
|-unboost|p2a: Drumstick|spa|2
|faint|p1a: kabobs
|
|-damage|p2a: Drumstick|89/100 brn|[from] brn
|
|switch|p1a: nachos*|Iron Thorns|100/100
|-damage|p1a: nachos*|88/100|[from] Stealth Rock
|-activate|p1a: nachos*|ability: Quark Drive
|-start|p1a: nachos*|quarkdriveatk
|turn|11
|j| Amoongdrip
|l| Tredz
|
|-terastallize|p1a: nachos*|Water
|move|p2a: Drumstick|Trailblaze|p1a: nachos*
|-supereffective|p1a: nachos*
|-damage|p1a: nachos*|62/100
|-boost|p2a: Drumstick|spe|1
|move|p1a: nachos*|Dragon Dance|p1a: nachos*
|-boost|p1a: nachos*|atk|1
|-boost|p1a: nachos*|spe|1
|
|-damage|p2a: Drumstick|83/100 brn|[from] brn
|turn|12
|
|move|p2a: Drumstick|Trailblaze|p1a: nachos*
|-supereffective|p1a: nachos*
|-damage|p1a: nachos*|40/100
|-boost|p2a: Drumstick|spe|1
|move|p1a: nachos*|Rock Blast|p2a: Drumstick
|-crit|p2a: Drumstick
|-damage|p2a: Drumstick|17/100 brn
|-damage|p2a: Drumstick|0 fnt
|faint|p2a: Drumstick
|-hitcount|p2: Drumstick|2
|
|
|switch|p2a: Rump Roast|Dragonite, M|100/100
|turn|13
|
|-terastallize|p2a: Rump Roast|Normal
|move|p2a: Rump Roast|Extreme Speed|p1a: nachos*
|-damage|p1a: nachos*|0 fnt
|faint|p1a: nachos*
|-end|p1a: nachos*|Quark Drive|[silent]
|
|l| Amoongdrip
|
|switch|p1a: Croissant|Roaring Moon|100/100
|-damage|p1a: Croissant|88/100|[from] Stealth Rock
|turn|14
|
|move|p1a: Croissant|U-turn|p2a: Rump Roast
|-damage|p2a: Rump Roast|75/100
|
|-end|p1a: Croissant|Protosynthesis|[silent]
|switch|p1a: escargo|Gastrodon, F|68/100|[from] U-turn
|-damage|p1a: escargo|62/100|[from] Stealth Rock
|move|p2a: Rump Roast|Dragon Dance|p2a: Rump Roast
|-boost|p2a: Rump Roast|atk|1
|-boost|p2a: Rump Roast|spe|1
|
|-heal|p2a: Rump Roast|82/100|[from] item: Leftovers
|-heal|p1a: escargo|68/100|[from] item: Leftovers
|turn|15
|
|move|p2a: Rump Roast|Extreme Speed|p1a: escargo
|-damage|p1a: escargo|18/100
|move|p1a: escargo|Earth Power|p2a: Rump Roast
|-damage|p2a: Rump Roast|52/100
|
|-heal|p2a: Rump Roast|58/100|[from] item: Leftovers
|-heal|p1a: escargo|24/100|[from] item: Leftovers
|turn|16
|
|move|p2a: Rump Roast|Dragon Dance|p2a: Rump Roast
|-boost|p2a: Rump Roast|atk|1
|-boost|p2a: Rump Roast|spe|1
|move|p1a: escargo|Recover|p1a: escargo
|-heal|p1a: escargo|74/100
|
|-heal|p2a: Rump Roast|64/100|[from] item: Leftovers
|-heal|p1a: escargo|81/100|[from] item: Leftovers
|turn|17
|
|move|p2a: Rump Roast|Extreme Speed|p1a: escargo
|-damage|p1a: escargo|13/100
|move|p1a: escargo|Earth Power|p2a: Rump Roast
|-damage|p2a: Rump Roast|33/100
|
|-heal|p2a: Rump Roast|39/100|[from] item: Leftovers
|-heal|p1a: escargo|19/100|[from] item: Leftovers
|-fieldend|move: Electric Terrain
|turn|18
|
|move|p2a: Rump Roast|Extreme Speed|p1a: escargo
|-damage|p1a: escargo|0 fnt
|faint|p1a: escargo
|
|-heal|p2a: Rump Roast|45/100|[from] item: Leftovers
|
|switch|p1a: Croissant|Roaring Moon|88/100
|-damage|p1a: Croissant|76/100|[from] Stealth Rock
|turn|19
|
|move|p2a: Rump Roast|Extreme Speed|p1a: Croissant
|-damage|p1a: Croissant|0 fnt
|faint|p1a: Croissant
|-end|p1a: Croissant|Protosynthesis|[silent]
|
|win|Raptors4TheChip
|l|☆dittoboys
|l| UnovaJournies
