# advantage = p1
|poke|p1|Samurott-Hisui, M|
|poke|p1|Dragapult, F|
|poke|p1|Sneasler, F|
|poke|p1|Magearna|
|poke|p1|Volcarona, F|
|poke|p1|Zamazenta-*|
|poke|p2|Thundurus, M|
|poke|p2|Volcanion|
|poke|p2|Landorus-Therian, M|
|poke|p2|Gholdengo|
|poke|p2|Great Tusk|
|poke|p2|Sneasler, F|
|teampreview
|
|start
|switch|p1a: Samurott|Samurott-Hisui, M, shiny|100/100
|switch|p2a: SNEAS|Sneasler, F, shiny|100/100
|turn|1
|
|move|p2a: SNEAS|U-turn|p1a: Samurott
|-supereffective|p1a: Samurott
|-damage|p1a: Samurott|36/100
|-status|p1a: Samurott|psn|[from] ability: Poison Touch|[of] p2a: SNEAS
|
|switch|p2a: TUSK|Great Tusk|100/100|[from] U-turn
|move|p1a: Samurott|Razor Shell|p2a: TUSK
|-supereffective|p2a: TUSK
|-damage|p2a: TUSK|52/100
|-unboost|p2a: TUSK|def|1
|
|-damage|p1a: Samurott|24/100 psn|[from] psn
|turn|2
|
|-end|p2a: TUSK|Protosynthesis|[silent]
|switch|p2a: VOLC|Volcanion|100/100
|move|p1a: Samurott|Razor Shell|p2a: VOLC
|-immune|p2a: VOLC|[from] ability: Water Absorb
|
|-damage|p1a: Samurott|11/100 psn|[from] psn
|turn|3
|
|switch|p2a: TUSK|Great Tusk|52/100
|move|p1a: Samurott|Ceaseless Edge|p2a: TUSK
|-resisted|p2a: TUSK
|-damage|p2a: TUSK|41/100
|-sidestart|p2: p2|Spikes
|
|-damage|p1a: Samurott|0 fnt|[from] psn
|faint|p1a: Samurott
|
|switch|p1a: Dragapult|Dragapult, F|100/100
|turn|4
|
|move|p1a: Dragapult|Reflect|p1a: Dragapult
|-sidestart|p1: p1|Reflect
|move|p2a: TUSK|Knock Off|p1a: Dragapult
|-supereffective|p1a: Dragapult
|-crit|p1a: Dragapult
|-damage|p1a: Dragapult|7/100
|-enditem|p1a: Dragapult|Light Clay|[from] move: Knock Off|[of] p2a: TUSK
|
|turn|5
|
|move|p1a: Dragapult|Light Screen|p1a: Dragapult
|-sidestart|p1: p1|move: Light Screen
|move|p2a: TUSK|Earthquake|p1a: Dragapult
|-damage|p1a: Dragapult|0 fnt
|faint|p1a: Dragapult
|
|
|switch|p1a: Sneasler|Sneasler, F|100/100
|-item|p1a: Sneasler|Air Balloon
|turn|6
|
|-end|p2a: TUSK|Protosynthesis|[silent]
|switch|p2a: VOLC|Volcanion|100/100
|move|p1a: Sneasler|Swords Dance|p1a: Sneasler
|-boost|p1a: Sneasler|atk|2
|
|turn|7
|
|move|p1a: Sneasler|Dire Claw|p2a: VOLC
|-damage|p2a: VOLC|29/100
|-status|p2a: VOLC|psn
|move|p2a: VOLC|Will-O-Wisp|p1a: Sneasler
|-status|p1a: Sneasler|brn
|
|-damage|p2a: VOLC|17/100 psn|[from] psn
|-damage|p1a: Sneasler|94/100 brn|[from] brn
|turn|8
|
|switch|p2a: LANDO|Landorus-Therian, M|100/100
|-ability|p2a: LANDO|Intimidate|boost
|-unboost|p1a: Sneasler|atk|1
|move|p1a: Sneasler|Swords Dance|p1a: Sneasler
|-boost|p1a: Sneasler|atk|2
|
|-damage|p1a: Sneasler|88/100 brn|[from] brn
|turn|9
|
|switch|p2a: DENGO|Gholdengo|100/100
|-damage|p2a: DENGO|88/100|[from] Spikes
|move|p1a: Sneasler|Swords Dance|p1a: Sneasler
|-boost|p1a: Sneasler|atk|2
|
|-heal|p2a: DENGO|94/100|[from] item: Leftovers
|-damage|p1a: Sneasler|82/100 brn|[from] brn
|-sideend|p1: p1|move: Light Screen
|turn|10
|
|move|p1a: Sneasler|Acrobatics|p2a: DENGO
|-resisted|p2a: DENGO
|-damage|p2a: DENGO|83/100
|move|p2a: DENGO|Hex|p1a: Sneasler
|-damage|p1a: Sneasler|17/100 brn
|-enditem|p1a: Sneasler|Air Balloon
|
|-heal|p2a: DENGO|89/100|[from] item: Leftovers
|-damage|p1a: Sneasler|11/100 brn|[from] brn
|turn|11
|
|move|p1a: Sneasler|Acrobatics|p2a: DENGO
|-resisted|p2a: DENGO
|-damage|p2a: DENGO|65/100
|move|p2a: DENGO|Hex|p1a: Sneasler
|-damage|p1a: Sneasler|0 fnt
|faint|p1a: Sneasler
|
|-heal|p2a: DENGO|71/100|[from] item: Leftovers
|-sideend|p1: p1|Reflect
|
|switch|p1a: Volcarona|Volcarona, F, shiny|100/100
|turn|12
|
|move|p1a: Volcarona|Quiver Dance|p1a: Volcarona
|-boost|p1a: Volcarona|spa|1
|-boost|p1a: Volcarona|spd|1
|-boost|p1a: Volcarona|spe|1
|move|p2a: DENGO|Thunder Wave|p1a: Volcarona
|-status|p1a: Volcarona|par
|
|-heal|p2a: DENGO|77/100|[from] item: Leftovers
|turn|13
|
|switch|p2a: VOLC|Volcanion|17/100 psn
|move|p1a: Volcarona|Fiery Dance|p2a: VOLC
|-resisted|p2a: VOLC
|-damage|p2a: VOLC|0 fnt
|-boost|p1a: Volcarona|spa|1
|faint|p2a: VOLC
|
|
|switch|p2a: LANDO|Landorus-Therian, M|100/100
|-ability|p2a: LANDO|Intimidate|boost
|-unboost|p1a: Volcarona|atk|1
|turn|14
|
|move|p1a: Volcarona|Fiery Dance|p2a: LANDO
|-damage|p2a: LANDO|48/100
|-boost|p1a: Volcarona|spa|1
|move|p2a: LANDO|Stone Edge|p1a: Volcarona
|-supereffective|p1a: Volcarona
|-damage|p1a: Volcarona|0 fnt
|faint|p1a: Volcarona
|
|
|switch|p1a: Magearna|Magearna|100/100
|turn|15
|
|-terastallize|p1a: Magearna|Water
|move|p1a: Magearna|Iron Defense|p1a: Magearna
|-boost|p1a: Magearna|def|2
|move|p2a: LANDO|Earthquake|p1a: Magearna
|-damage|p1a: Magearna|77/100
|
|-heal|p1a: Magearna|83/100|[from] item: Leftovers
|turn|16
|
|move|p1a: Magearna|Calm Mind|p1a: Magearna
|-boost|p1a: Magearna|spa|1
|-boost|p1a: Magearna|spd|1
|move|p2a: LANDO|Sandsear Storm|p1a: Magearna|[miss]
|-miss|p2a: LANDO|p1a: Magearna
|
|-heal|p1a: Magearna|89/100|[from] item: Leftovers
|turn|17
|
|move|p1a: Magearna|Iron Defense|p1a: Magearna
|-boost|p1a: Magearna|def|2
|move|p2a: LANDO|U-turn|p1a: Magearna
|-damage|p1a: Magearna|82/100
|
|switch|p2a: DENGO|Gholdengo|77/100|[from] U-turn
|-damage|p2a: DENGO|65/100|[from] Spikes
|
|-heal|p1a: Magearna|88/100|[from] item: Leftovers
|-heal|p2a: DENGO|71/100|[from] item: Leftovers
|turn|18
|
|move|p1a: Magearna|Calm Mind|p1a: Magearna
|-boost|p1a: Magearna|spa|1
|-boost|p1a: Magearna|spd|1
|move|p2a: DENGO|Thunder Wave|p1a: Magearna
|-status|p1a: Magearna|par
|
|-heal|p2a: DENGO|77/100|[from] item: Leftovers
|-heal|p1a: Magearna|94/100 par|[from] item: Leftovers
|turn|19
|
|move|p2a: DENGO|Hex|p1a: Magearna
|-damage|p1a: Magearna|72/100 par
|move|p1a: Magearna|Calm Mind|p1a: Magearna
|-boost|p1a: Magearna|spa|1
|-boost|p1a: Magearna|spd|1
|
|-heal|p2a: DENGO|83/100|[from] item: Leftovers
|-heal|p1a: Magearna|78/100 par|[from] item: Leftovers
|turn|20
|
|switch|p2a: THUND|Thundurus, M, shiny|100/100
|move|p1a: Magearna|Calm Mind|p1a: Magearna
|-boost|p1a: Magearna|spa|1
|-boost|p1a: Magearna|spd|1
|
|-heal|p1a: Magearna|84/100 par|[from] item: Leftovers
|turn|21
|
|move|p2a: THUND|Thunderbolt|p1a: Magearna
|-supereffective|p1a: Magearna
|-damage|p1a: Magearna|59/100 par
|move|p1a: Magearna|Draining Kiss|p2a: THUND
|-crit|p2a: THUND
|-damage|p2a: THUND|0 fnt
|-heal|p1a: Magearna|100/100 par|[from] drain|[of] p2a: THUND
|faint|p2a: THUND
|-ability|p1a: Magearna|Soul-Heart|boost
|-boost|p1a: Magearna|spa|1
|
|
|switch|p2a: SNEAS|Sneasler, F, shiny|100/100
|turn|22
|
|move|p2a: SNEAS|Close Combat|p1a: Magearna
|-damage|p1a: Magearna|83/100 par
|-unboost|p2a: SNEAS|def|1
|-unboost|p2a: SNEAS|spd|1
|cant|p1a: Magearna|par
|
|-heal|p1a: Magearna|89/100 par|[from] item: Leftovers
|turn|23
|
|move|p2a: SNEAS|Close Combat|p1a: Magearna
|-damage|p1a: Magearna|73/100 par
|-unboost|p2a: SNEAS|def|1
|-unboost|p2a: SNEAS|spd|1
|move|p1a: Magearna|Draining Kiss|p2a: SNEAS
|-damage|p2a: SNEAS|0 fnt
|-heal|p1a: Magearna|100/100 par|[from] drain|[of] p2a: SNEAS
|faint|p2a: SNEAS
|-ability|p1a: Magearna|Soul-Heart|boost
|-boost|p1a: Magearna|spa|1
|
|
|switch|p2a: DENGO|Gholdengo|83/100
|-damage|p2a: DENGO|70/100|[from] Spikes
|turn|24
|
|move|p2a: DENGO|Recover|p2a: DENGO
|-heal|p2a: DENGO|100/100
|cant|p1a: Magearna|par
|
|turn|25
|
|move|p2a: DENGO|Hex|p1a: Magearna
|-damage|p1a: Magearna|83/100 par
|move|p1a: Magearna|Stored Power|p2a: DENGO
|-resisted|p2a: DENGO
|-damage|p2a: DENGO|0 fnt
|faint|p2a: DENGO
|
|-heal|p1a: Magearna|89/100 par|[from] item: Leftovers
|-message|p2 forfeited.
|
|win|p1
