|poke|p1|Magearna|
|poke|p1|Grimmsnarl, M|
|poke|p1|Slowking-Galar, F|
|poke|p1|Landorus-Therian, M|
|poke|p1|Quaquaval, F|
|poke|p1|Moltres-Galar|
|poke|p2|Blissey, F|
|poke|p2|Clodsire, F|
|poke|p2|Toxapex, M|
|poke|p2|Alomomola, F|
|poke|p2|Dondozo, M|
|poke|p2|Drifblim, F|
|teampreview
|
|start
|switch|p1a: Grimmsnarl|Grimmsnarl, M|100/100
|switch|p2a: Alomomola|Alomomola, F|100/100
|turn|1
|
|move|p1a: Grimmsnarl|Thunder Wave|p2a: Alomomola
|-status|p2a: Alomomola|par
|cant|p2a: Alomomola|par
|
|turn|2
|
|move|p1a: Grimmsnarl|Light Screen|p1a: Grimmsnarl
|-sidestart|p1: p1|move: Light Screen
|move|p2a: Alomomola|Whirlpool|p1a: Grimmsnarl
|-damage|p1a: Grimmsnarl|98/100
|-activate|p1a: Grimmsnarl|move: Whirlpool|[of] p2a: Alomomola
|
|-damage|p1a: Grimmsnarl|85/100|[from] move: Whirlpool|[partiallytrapped]
|turn|3
|
|move|p2a: Alomomola|Protect|p2a: Alomomola
|-singleturn|p2a: Alomomola|Protect
|move|p1a: Grimmsnarl|Reflect|p1a: Grimmsnarl
|-sidestart|p1: p1|Reflect
|
|-damage|p1a: Grimmsnarl|73/100|[from] move: Whirlpool|[partiallytrapped]
|turn|4
|
|move|p1a: Grimmsnarl|Parting Shot|p2a: Alomomola
|-unboost|p2a: Alomomola|atk|1
|-unboost|p2a: Alomomola|spa|1
|
|switch|p1a: Magearna|Magearna|100/100|[from] Parting Shot
|move|p2a: Alomomola|Whirlpool|p1a: Magearna
|-damage|p1a: Magearna|99/100
|-activate|p1a: Magearna|move: Whirlpool|[of] p2a: Alomomola
|
|-heal|p1a: Magearna|100/100|[from] item: Leftovers
|-damage|p1a: Magearna|88/100|[from] move: Whirlpool|[partiallytrapped]
|turn|5
|
|switch|p2a: Clodsire|Clodsire, F|100/100
|move|p1a: Magearna|Shift Gear|p1a: Magearna
|-boost|p1a: Magearna|spe|2
|-boost|p1a: Magearna|atk|1
|
|-heal|p1a: Magearna|94/100|[from] item: Leftovers
|-end|p1a: Magearna|Whirlpool|[partiallytrapped]|[silent]
|turn|6
|
|move|p1a: Magearna|Calm Mind|p1a: Magearna
|-boost|p1a: Magearna|spa|1
|-boost|p1a: Magearna|spd|1
|move|p2a: Clodsire|Spikes|p1a: Magearna
|-sidestart|p1: p1|Spikes
|
|-heal|p1a: Magearna|99/100|[from] item: Leftovers
|turn|7
|
|move|p1a: Magearna|Calm Mind|p1a: Magearna
|-boost|p1a: Magearna|spa|1
|-boost|p1a: Magearna|spd|1
|move|p2a: Clodsire|Spikes|p1a: Magearna
|-sidestart|p1: p1|Spikes
|
|-heal|p1a: Magearna|100/100|[from] item: Leftovers
|turn|8
|
|-terastallize|p2a: Clodsire|Fire
|move|p1a: Magearna|Shift Gear|p1a: Magearna
|-boost|p1a: Magearna|spe|2
|-boost|p1a: Magearna|atk|1
|move|p2a: Clodsire|Earthquake|p1a: Magearna
|-supereffective|p1a: Magearna
|-damage|p1a: Magearna|79/100
|
|-heal|p1a: Magearna|85/100|[from] item: Leftovers
|turn|9
|
|move|p1a: Magearna|Calm Mind|p1a: Magearna
|-boost|p1a: Magearna|spa|1
|-boost|p1a: Magearna|spd|1
|move|p2a: Clodsire|Spikes|p1a: Magearna
|-sidestart|p1: p1|Spikes
|
|-heal|p1a: Magearna|91/100|[from] item: Leftovers
|-sideend|p1: p1|move: Light Screen
|turn|10
|
|move|p1a: Magearna|Calm Mind|p1a: Magearna
|-boost|p1a: Magearna|spa|1
|-boost|p1a: Magearna|spd|1
|move|p2a: Clodsire|Earthquake|p1a: Magearna
|-supereffective|p1a: Magearna
|-damage|p1a: Magearna|72/100
|
|-heal|p1a: Magearna|78/100|[from] item: Leftovers
|-sideend|p1: p1|Reflect
|turn|11
|
|move|p1a: Magearna|Stored Power|p2a: Clodsire
|-damage|p2a: Clodsire|46/100
|move|p2a: Clodsire|Earthquake|p1a: Magearna
|-supereffective|p1a: Magearna
|-damage|p1a: Magearna|37/100
|
|-heal|p1a: Magearna|43/100|[from] item: Leftovers
|turn|12
|
|move|p1a: Magearna|Stored Power|p2a: Clodsire
|-damage|p2a: Clodsire|0 fnt
|faint|p2a: Clodsire
|-ability|p1a: Magearna|Soul-Heart|boost
|-boost|p1a: Magearna|spa|1
|
|-heal|p1a: Magearna|49/100|[from] item: Leftovers
|
|switch|p2a: Dondozo|Dondozo, M|100/100
|turn|13
|
|move|p1a: Magearna|Draining Kiss|p2a: Dondozo
|-damage|p2a: Dondozo|85/100
|-heal|p1a: Magearna|67/100|[from] drain|[of] p2a: Dondozo
|move|p2a: Dondozo|Liquidation|p1a: Magearna
|-damage|p1a: Magearna|43/100
|
|-heal|p1a: Magearna|49/100|[from] item: Leftovers
|turn|14
|
|move|p1a: Magearna|Stored Power|p2a: Dondozo
|-damage|p2a: Dondozo|11/100
|move|p2a: Dondozo|Liquidation|p1a: Magearna
|-damage|p1a: Magearna|25/100
|-unboost|p1a: Magearna|def|1
|
|-heal|p1a: Magearna|31/100|[from] item: Leftovers
|turn|15
|
|move|p1a: Magearna|Stored Power|p2a: Dondozo
|-damage|p2a: Dondozo|0 fnt
|faint|p2a: Dondozo
|-ability|p1a: Magearna|Soul-Heart|boost
|-boost|p1a: Magearna|spa|1
|
|-heal|p1a: Magearna|37/100|[from] item: Leftovers
|
|switch|p2a: Blissey|Blissey, F|100/100
|turn|16
|
|move|p1a: Magearna|Draining Kiss|p2a: Blissey
|-damage|p2a: Blissey|74/100
|-heal|p1a: Magearna|80/100|[from] drain|[of] p2a: Blissey
|move|p2a: Blissey|Seismic Toss|p1a: Magearna
|-damage|p1a: Magearna|46/100
|
|-heal|p1a: Magearna|52/100|[from] item: Leftovers
|turn|17
|-message|p2 forfeited.
|
|win|p1
