|poke|p1|Ursaluna, M|
|poke|p1|Zapdos|
|poke|p1|Urshifu-*, F|
|poke|p1|Heatran, F|
|poke|p1|Dragapult, M|
|poke|p1|Zamazenta-*|
|poke|p2|Maushold|
|poke|p2|Sneasler, M|
|poke|p2|Garchomp, M|
|poke|p2|Gholdengo|
|poke|p2|Zapdos|
|poke|p2|Samurott-Hisui, M|
|teampreview
|
|start
|switch|p1a: Dragapult|Dragapult, M|100/100
|switch|p2a: Zapdos|Zapdos|100/100
|turn|1
|
|move|p1a: Dragapult|Draco Meteor|p2a: Zapdos
|-damage|p2a: Zapdos|18/100
|-unboost|p1a: Dragapult|spa|2
|move|p2a: Zapdos|Hurricane|p1a: Dragapult
|-damage|p1a: Dragapult|34/100
|-start|p1a: Dragapult|confusion
|
|turn|2
|
|switch|p2a: Samurott|Samurott-Hisui, M|100/100
|-activate|p1a: Dragapult|confusion
|move|p1a: Dragapult|Draco Meteor|p2a: Samurott
|-damage|p2a: Samurott|75/100
|-unboost|p1a: Dragapult|spa|2
|
|turn|3
|
|switch|p1a: Zapdos|Zapdos|100/100
|move|p2a: Samurott|Ceaseless Edge|p1a: Zapdos
|-damage|p1a: Zapdos|74/100
|-sidestart|p1: p1|Spikes
|
|turn|4
|
|switch|p2a: Zapdos|Zapdos|18/100
|move|p1a: Zapdos|U-turn|p2a: Zapdos
|-resisted|p2a: Zapdos
|-damage|p2a: Zapdos|13/100
|
|switch|p1a: Heatran|Heatran, F|100/100|[from] U-turn
|-damage|p1a: Heatran|88/100|[from] Spikes
|
|-heal|p1a: Heatran|94/100|[from] item: Leftovers
|turn|5
|
|move|p2a: Zapdos|Roost|p2a: Zapdos
|-heal|p2a: Zapdos|63/100
|-singleturn|p2a: Zapdos|move: Roost
|move|p1a: Heatran|Stealth Rock|p2a: Zapdos
|-sidestart|p2: p2|move: Stealth Rock
|
|-heal|p1a: Heatran|100/100|[from] item: Leftovers
|turn|6
|
|move|p2a: Zapdos|Volt Switch|p1a: Heatran
|-damage|p1a: Heatran|82/100
|
|switch|p2a: Garchomp|Garchomp, M|100/100|[from] Volt Switch
|-damage|p2a: Garchomp|94/100|[from] Stealth Rock
|move|p1a: Heatran|Magma Storm|p2a: Garchomp
|-resisted|p2a: Garchomp
|-damage|p2a: Garchomp|68/100
|-activate|p2a: Garchomp|move: Magma Storm|[of] p1a: Heatran
|
|-heal|p1a: Heatran|88/100|[from] item: Leftovers
|-damage|p2a: Garchomp|56/100|[from] move: Magma Storm|[partiallytrapped]
|turn|7
|
|switch|p1a: Zamazenta|Zamazenta-Crowned|100/100
|-damage|p1a: Zamazenta|88/100|[from] Spikes
|-ability|p1a: Zamazenta|Dauntless Shield|boost
|-boost|p1a: Zamazenta|def|1
|move|p2a: Garchomp|Stealth Rock|p1a: Zamazenta
|-sidestart|p1: p1|move: Stealth Rock
|
|-end|p2a: Garchomp|Magma Storm|[partiallytrapped]|[silent]
|turn|8
|
|switch|p2a: Zapdos|Zapdos|63/100
|move|p1a: Zamazenta|Body Press|p2a: Zapdos
|-resisted|p2a: Zapdos
|-damage|p2a: Zapdos|36/100
|
|turn|9
|
|move|p1a: Zamazenta|Heavy Slam|p2a: Zapdos
|-resisted|p2a: Zapdos
|-damage|p2a: Zapdos|19/100
|-status|p1a: Zamazenta|par|[from] ability: Static|[of] p2a: Zapdos
|move|p2a: Zapdos|Roost|p2a: Zapdos
|-heal|p2a: Zapdos|69/100
|-singleturn|p2a: Zapdos|move: Roost
|
|turn|10
|
|move|p2a: Zapdos|Roost|p2a: Zapdos
|-heal|p2a: Zapdos|100/100
|-singleturn|p2a: Zapdos|move: Roost
|cant|p1a: Zamazenta|par
|
|turn|11
|
|move|p2a: Zapdos|Heat Wave|p1a: Zamazenta
|-supereffective|p1a: Zamazenta
|-damage|p1a: Zamazenta|52/100 par
|move|p1a: Zamazenta|Iron Defense|p1a: Zamazenta
|-boost|p1a: Zamazenta|def|2
|
|turn|12
|
|move|p2a: Zapdos|Heat Wave|p1a: Zamazenta
|-supereffective|p1a: Zamazenta
|-damage|p1a: Zamazenta|18/100 par
|move|p1a: Zamazenta|Body Press|p2a: Zapdos
|-resisted|p2a: Zapdos
|-damage|p2a: Zapdos|58/100
|
|turn|13
|
|move|p2a: Zapdos|Roost|p2a: Zapdos
|-heal|p2a: Zapdos|100/100
|-singleturn|p2a: Zapdos|move: Roost
|move|p1a: Zamazenta|Body Press|p2a: Zapdos
|-damage|p2a: Zapdos|8/100
|
|turn|14
|
|move|p2a: Zapdos|Heat Wave|p1a: Zamazenta
|-supereffective|p1a: Zamazenta
|-damage|p1a: Zamazenta|0 fnt
|faint|p1a: Zamazenta
|
|
|switch|p1a: Dragapult|Dragapult, M|34/100
|-damage|p1a: Dragapult|22/100|[from] Spikes
|-damage|p1a: Dragapult|9/100|[from] Stealth Rock
|turn|15
|
|switch|p2a: Samurott|Samurott-Hisui, M|75/100
|-damage|p2a: Samurott|63/100|[from] Stealth Rock
|move|p1a: Dragapult|Flamethrower|p2a: Samurott
|-resisted|p2a: Samurott
|-damage|p2a: Samurott|51/100
|
|turn|16
|
|move|p1a: Dragapult|Flamethrower|p2a: Samurott
|-resisted|p2a: Samurott
|-damage|p2a: Samurott|40/100
|move|p2a: Samurott|Ceaseless Edge|p1a: Dragapult
|-supereffective|p1a: Dragapult
|-damage|p1a: Dragapult|0 fnt
|-sidestart|p1: p1|Spikes
|faint|p1a: Dragapult
|
|
|switch|p1a: Urshifu|Urshifu-Rapid-Strike, F|100/100
|-damage|p1a: Urshifu|84/100|[from] Spikes
|-damage|p1a: Urshifu|78/100|[from] Stealth Rock
|turn|17
|
|switch|p2a: Zapdos|Zapdos|8/100
|move|p1a: Urshifu|Surging Strikes|p2a: Zapdos
|-crit|p2a: Zapdos
|-damage|p2a: Zapdos|0 fnt
|faint|p2a: Zapdos
|-hitcount|p2: Zapdos|1
|
|
|switch|p2a: Sneasler|Sneasler, M|100/100
|-damage|p2a: Sneasler|95/100|[from] Stealth Rock
|turn|18
|
|-terastallize|p1a: Urshifu|Water
|move|p2a: Sneasler|Fake Out|p1a: Urshifu
|-crit|p1a: Urshifu
|-damage|p1a: Urshifu|56/100
|cant|p1a: Urshifu|flinch
|
|turn|19
|
|move|p1a: Urshifu|Surging Strikes|p2a: Sneasler
|-crit|p2a: Sneasler
|-damage|p2a: Sneasler|49/100
|-crit|p2a: Sneasler
|-damage|p2a: Sneasler|1/100
|-crit|p2a: Sneasler
|-damage|p2a: Sneasler|0 fnt
|faint|p2a: Sneasler
|-hitcount|p2: Sneasler|3
|
|
|switch|p2a: Gholdengo|Gholdengo|100/100
|-damage|p2a: Gholdengo|94/100|[from] Stealth Rock
|-item|p2a: Gholdengo|Air Balloon
|turn|20
|
|move|p1a: Urshifu|Surging Strikes|p2a: Gholdengo
|-crit|p2a: Gholdengo
|-damage|p2a: Gholdengo|71/100
|-enditem|p2a: Gholdengo|Air Balloon
|-crit|p2a: Gholdengo
|-damage|p2a: Gholdengo|48/100
|-crit|p2a: Gholdengo
|-damage|p2a: Gholdengo|25/100
|-hitcount|p2a: Gholdengo|3
|move|p2a: Gholdengo|Shadow Ball|p1a: Urshifu
|-damage|p1a: Urshifu|0 fnt
|faint|p1a: Urshifu
|
|
|switch|p1a: Heatran|Heatran, F|88/100
|-damage|p1a: Heatran|71/100|[from] Spikes
|-damage|p1a: Heatran|59/100|[from] Stealth Rock
|turn|21
|
|move|p2a: Gholdengo|Shadow Ball|p1a: Heatran
|-damage|p1a: Heatran|36/100
|move|p1a: Heatran|Earth Power|p2a: Gholdengo
|-supereffective|p2a: Gholdengo
|-damage|p2a: Gholdengo|0 fnt
|faint|p2a: Gholdengo
|
|-heal|p1a: Heatran|42/100|[from] item: Leftovers
|
|switch|p2a: Garchomp|Garchomp, M|56/100
|-damage|p2a: Garchomp|50/100|[from] Stealth Rock
|turn|22
|
|move|p2a: Garchomp|Draco Meteor|p1a: Heatran
|-resisted|p1a: Heatran
|-damage|p1a: Heatran|24/100
|-unboost|p2a: Garchomp|spa|2
|-damage|p2a: Garchomp|40/100|[from] item: Life Orb
|move|p1a: Heatran|Magma Storm|p2a: Garchomp
|-resisted|p2a: Garchomp
|-damage|p2a: Garchomp|12/100
|-activate|p2a: Garchomp|move: Magma Storm|[of] p1a: Heatran
|
|-heal|p1a: Heatran|31/100|[from] item: Leftovers
|-damage|p2a: Garchomp|0 fnt|[from] move: Magma Storm|[partiallytrapped]
|faint|p2a: Garchomp
|
|switch|p2a: Samurott|Samurott-Hisui, M|40/100
|-damage|p2a: Samurott|27/100|[from] Stealth Rock
|turn|23
|
|move|p2a: Samurott|Razor Shell|p1a: Heatran
|-supereffective|p1a: Heatran
|-crit|p1a: Heatran
|-damage|p1a: Heatran|0 fnt
|faint|p1a: Heatran
|
|
|switch|p1a: Zapdos|Zapdos|74/100
|turn|24
|
|move|p1a: Zapdos|Discharge|p2a: Samurott
|-supereffective|p2a: Samurott
|-damage|p2a: Samurott|0 fnt
|faint|p2a: Samurott
|
|
|switch|p2a: Maushold|Maushold|100/100
|-damage|p2a: Maushold|88/100|[from] Stealth Rock
|turn|25
|
|move|p2a: Maushold|Population Bomb|p1a: Zapdos
|-damage|p1a: Zapdos|65/100
|-damage|p1a: Zapdos|56/100
|-damage|p1a: Zapdos|47/100
|-damage|p1a: Zapdos|37/100
|-damage|p1a: Zapdos|28/100
|-damage|p1a: Zapdos|19/100
|-damage|p1a: Zapdos|10/100
|-damage|p1a: Zapdos|2/100
|-status|p2a: Maushold|par|[from] ability: Static|[of] p1a: Zapdos
|-damage|p1a: Zapdos|0 fnt
|faint|p1a: Zapdos
|-hitcount|p1: Zapdos|9
|
|
|switch|p1a: Ursaluna|Ursaluna, M|100/100
|-damage|p1a: Ursaluna|84/100|[from] Spikes
|-damage|p1a: Ursaluna|78/100|[from] Stealth Rock
|turn|26
|
|-terastallize|p2a: Maushold|Ghost
|move|p2a: Maushold|Encore||[still]
|-fail|p2a: Maushold
|move|p1a: Ursaluna|Earthquake|p2a: Maushold
|-damage|p2a: Maushold|0 fnt
|faint|p2a: Maushold
|
|win|p1
