# advantage = p1
|poke|p1|Sneasler, M|
|poke|p1|Rillaboom, M|
|poke|p1|Azelf|
|poke|p1|Hawlucha, M|
|poke|p1|Hydreigon, M|
|poke|p1|Volcarona, M|
|poke|p2|Chien-Pao|
|poke|p2|Gholdengo|
|poke|p2|Garganacl, F|
|poke|p2|Toxapex, F|
|poke|p2|Great Tusk|
|poke|p2|Dragonite, F|
|teampreview
|
|start
|switch|p1a: Azelf|Azelf|100/100
|switch|p2a: Toxapex|Toxapex, F|100/100
|turn|1
|
|move|p1a: Azelf|Stealth Rock|p2a: Toxapex
|-sidestart|p2: p2|move: Stealth Rock
|move|p2a: Toxapex|Infestation|p1a: Azelf
|-supereffective|p1a: Azelf
|-damage|p1a: Azelf|92/100
|-activate|p1a: Azelf|move: Infestation|[of] p2a: Toxapex
|
|-damage|p1a: Azelf|79/100|[from] move: Infestation|[partiallytrapped]
|turn|2
|
|move|p1a: Azelf|Explosion|p2a: Toxapex
|-damage|p2a: Toxapex|33/100
|faint|p1a: Azelf
|move|p2a: Toxapex|Toxic Spikes|p1: Azelf
|-sidestart|p1: p1|move: Toxic Spikes
|
|-heal|p2a: Toxapex|39/100|[from] item: Leftovers
|
|switch|p1a: Sneasler|Sneasler, M|100/100
|-sideend|p1: p1|move: Toxic Spikes|[of] p1a: Sneasler
|turn|3
|
|switch|p1a: Rillaboom|Rillaboom, M|100/100
|-fieldstart|move: Grassy Terrain|[from] ability: Grassy Surge|[of] p1a: Rillaboom
|move|p2a: Toxapex|Recover|p2a: Toxapex
|-heal|p2a: Toxapex|89/100
|
|-heal|p2a: Toxapex|95/100|[from] Grassy Terrain
|-heal|p2a: Toxapex|100/100|[from] item: Leftovers
|turn|4
|
|move|p1a: Rillaboom|U-turn|p2a: Toxapex
|-resisted|p2a: Toxapex
|-damage|p2a: Toxapex|91/100
|
|switch|p1a: Sneasler|Sneasler, M|100/100|[from] U-turn
|-enditem|p1a: Sneasler|Grassy Seed
|-boost|p1a: Sneasler|def|1|[from] item: Grassy Seed
|move|p2a: Toxapex|Infestation|p1a: Sneasler
|-resisted|p1a: Sneasler
|-damage|p1a: Sneasler|99/100
|-activate|p1a: Sneasler|move: Infestation|[of] p2a: Toxapex
|
|-heal|p1a: Sneasler|100/100|[from] Grassy Terrain
|-heal|p2a: Toxapex|97/100|[from] Grassy Terrain
|-heal|p2a: Toxapex|100/100|[from] item: Leftovers
|-damage|p1a: Sneasler|88/100|[from] move: Infestation|[partiallytrapped]
|turn|5
|
|move|p1a: Sneasler|Swords Dance|p1a: Sneasler
|-boost|p1a: Sneasler|atk|2
|move|p2a: Toxapex|Toxic Spikes|p1a: Sneasler
|-sidestart|p1: p1|move: Toxic Spikes
|
|-heal|p1a: Sneasler|94/100|[from] Grassy Terrain
|-damage|p1a: Sneasler|82/100|[from] move: Infestation|[partiallytrapped]
|turn|6
|
|move|p1a: Sneasler|Dire Claw|p2a: Toxapex
|-resisted|p2a: Toxapex
|-damage|p2a: Toxapex|64/100
|-status|p2a: Toxapex|slp
|cant|p2a: Toxapex|slp
|
|-heal|p1a: Sneasler|88/100|[from] Grassy Terrain
|-heal|p2a: Toxapex|70/100 slp|[from] Grassy Terrain
|-heal|p2a: Toxapex|76/100 slp|[from] item: Leftovers
|-damage|p1a: Sneasler|76/100|[from] move: Infestation|[partiallytrapped]
|turn|7
|
|move|p1a: Sneasler|Swords Dance|p1a: Sneasler
|-boost|p1a: Sneasler|atk|2
|-curestatus|p2a: Toxapex|slp|[msg]
|move|p2a: Toxapex|Toxic Spikes|p1a: Sneasler
|-sidestart|p1: p1|move: Toxic Spikes
|
|-heal|p1a: Sneasler|82/100|[from] Grassy Terrain
|-heal|p2a: Toxapex|83/100|[from] Grassy Terrain
|-heal|p2a: Toxapex|89/100|[from] item: Leftovers
|-damage|p1a: Sneasler|69/100|[from] move: Infestation|[partiallytrapped]
|-fieldend|move: Grassy Terrain
|turn|8
|
|switch|p2a: Gholdengo|Gholdengo|100/100
|-damage|p2a: Gholdengo|94/100|[from] Stealth Rock
|-terastallize|p1a: Sneasler|Flying
|move|p1a: Sneasler|Acrobatics|p2a: Gholdengo
|-resisted|p2a: Gholdengo
|-damage|p2a: Gholdengo|11/100
|
|-end|p1a: Sneasler|Infestation|[partiallytrapped]|[silent]
|turn|9
|
|move|p1a: Sneasler|Acrobatics|p2a: Gholdengo
|-resisted|p2a: Gholdengo
|-damage|p2a: Gholdengo|0 fnt
|faint|p2a: Gholdengo
|
|
|switch|p2a: Dragonite|Dragonite, F|100/100
|turn|10
|
|move|p2a: Dragonite|Extreme Speed|p1a: Sneasler
|-damage|p1a: Sneasler|30/100
|move|p1a: Sneasler|Acrobatics|p2a: Dragonite
|-damage|p2a: Dragonite|8/100
|
|turn|11
|
|move|p2a: Dragonite|Extreme Speed|p1a: Sneasler
|-crit|p1a: Sneasler
|-damage|p1a: Sneasler|0 fnt
|faint|p1a: Sneasler
|
|
|switch|p1a: Rillaboom|Rillaboom, M|100/100
|-status|p1a: Rillaboom|tox
|-fieldstart|move: Grassy Terrain|[from] ability: Grassy Surge|[of] p1a: Rillaboom
|turn|12
|
|move|p2a: Dragonite|Extreme Speed|p1a: Rillaboom
|-damage|p1a: Rillaboom|69/100 tox
|move|p1a: Rillaboom|U-turn|p2a: Dragonite
|-resisted|p2a: Dragonite
|-damage|p2a: Dragonite|0 fnt
|faint|p2a: Dragonite
|
|switch|p1a: Hawlucha|Hawlucha, M|100/100|[from] U-turn
|-enditem|p1a: Hawlucha|Grassy Seed
|-boost|p1a: Hawlucha|def|1|[from] item: Grassy Seed
|
|
|switch|p2a: Toxapex|Toxapex, F|100/100
|-damage|p2a: Toxapex|88/100|[from] Stealth Rock
|turn|13
|
|move|p1a: Hawlucha|Swords Dance|p1a: Hawlucha
|-boost|p1a: Hawlucha|atk|2
|move|p2a: Toxapex|Toxic|p1a: Hawlucha
|-status|p1a: Hawlucha|tox
|
|-heal|p2a: Toxapex|94/100|[from] Grassy Terrain
|-heal|p2a: Toxapex|100/100|[from] item: Leftovers
|-damage|p1a: Hawlucha|94/100 tox|[from] psn
|turn|14
|
|move|p1a: Hawlucha|Acrobatics|p2a: Toxapex
|-damage|p2a: Toxapex|20/100
|move|p2a: Toxapex|Recover|p2a: Toxapex
|-heal|p2a: Toxapex|70/100
|
|-heal|p2a: Toxapex|76/100|[from] Grassy Terrain
|-heal|p2a: Toxapex|82/100|[from] item: Leftovers
|-damage|p1a: Hawlucha|82/100 tox|[from] psn
|turn|15
|
|move|p1a: Hawlucha|Swords Dance|p1a: Hawlucha
|-boost|p1a: Hawlucha|atk|2
|move|p2a: Toxapex|Infestation|p1a: Hawlucha
|-resisted|p1a: Hawlucha
|-damage|p1a: Hawlucha|81/100 tox
|-activate|p1a: Hawlucha|move: Infestation|[of] p2a: Toxapex
|
|-heal|p2a: Toxapex|88/100|[from] Grassy Terrain
|-heal|p2a: Toxapex|95/100|[from] item: Leftovers
|-damage|p1a: Hawlucha|63/100 tox|[from] psn
|-damage|p1a: Hawlucha|51/100 tox|[from] move: Infestation|[partiallytrapped]
|turn|16
|
|switch|p2a: Garganacl|Garganacl, F|100/100
|-damage|p2a: Garganacl|88/100|[from] Stealth Rock
|move|p1a: Hawlucha|Acrobatics|p2a: Garganacl
|-resisted|p2a: Garganacl
|-damage|p2a: Garganacl|35/100
|
|-heal|p2a: Garganacl|41/100|[from] Grassy Terrain
|-heal|p2a: Garganacl|47/100|[from] item: Leftovers
|-damage|p1a: Hawlucha|26/100 tox|[from] psn
|-end|p1a: Hawlucha|Infestation|[partiallytrapped]|[silent]
|-fieldend|move: Grassy Terrain
|turn|17
|
|move|p1a: Hawlucha|Close Combat|p2a: Garganacl
|-supereffective|p2a: Garganacl
|-damage|p2a: Garganacl|0 fnt
|-unboost|p1a: Hawlucha|def|1
|-unboost|p1a: Hawlucha|spd|1
|faint|p2a: Garganacl
|
|-damage|p1a: Hawlucha|0 fnt|[from] psn
|faint|p1a: Hawlucha
|
|switch|p1a: Rillaboom|Rillaboom, M|69/100 tox
|switch|p2a: Great Tusk|Great Tusk|100/100
|-fieldstart|move: Grassy Terrain|[from] ability: Grassy Surge|[of] p1a: Rillaboom
|-damage|p2a: Great Tusk|98/100|[from] Stealth Rock
|turn|18
|
|-end|p2a: Great Tusk|Protosynthesis|[silent]
|switch|p2a: Toxapex|Toxapex, F|100/100
|-damage|p2a: Toxapex|88/100|[from] Stealth Rock
|move|p1a: Rillaboom|Wood Hammer|p2a: Toxapex
|-damage|p2a: Toxapex|24/100
|-damage|p1a: Rillaboom|50/100 tox|[from] Recoil
|
|-heal|p1a: Rillaboom|57/100 tox|[from] Grassy Terrain
|-heal|p2a: Toxapex|30/100|[from] Grassy Terrain
|-heal|p2a: Toxapex|36/100|[from] item: Leftovers
|-damage|p1a: Rillaboom|50/100 tox|[from] psn
|turn|19
|
|move|p1a: Rillaboom|Wood Hammer|p2a: Toxapex
|-damage|p2a: Toxapex|0 fnt
|faint|p2a: Toxapex
|-damage|p1a: Rillaboom|40/100 tox|[from] Recoil
|
|-heal|p1a: Rillaboom|46/100 tox|[from] Grassy Terrain
|-damage|p1a: Rillaboom|34/100 tox|[from] psn
|
|switch|p2a: Chien-Pao|Chien-Pao|100/100
|-damage|p2a: Chien-Pao|76/100|[from] Stealth Rock
|-ability|p2a: Chien-Pao|Sword of Ruin
|turn|20
|
|move|p2a: Chien-Pao|Sucker Punch|p1a: Rillaboom
|-damage|p1a: Rillaboom|0 fnt
|faint|p1a: Rillaboom
|
|-heal|p2a: Chien-Pao|82/100|[from] Grassy Terrain
|
|switch|p1a: Hydreigon|Hydreigon, M|100/100
|turn|21
|
|move|p2a: Chien-Pao|Ice Spinner|p1a: Hydreigon
|-supereffective|p1a: Hydreigon
|-damage|p1a: Hydreigon|0 fnt
|-fieldend|move: Grassy Terrain
|faint|p1a: Hydreigon
|
|
|switch|p1a: Volcarona|Volcarona, M|100/100
|turn|22
|
|-terastallize|p2a: Chien-Pao|Dark
|move|p2a: Chien-Pao|Crunch|p1a: Volcarona
|-damage|p1a: Volcarona|7/100
|-status|p2a: Chien-Pao|brn|[from] ability: Flame Body|[of] p1a: Volcarona
|move|p1a: Volcarona|Quiver Dance|p1a: Volcarona
|-boost|p1a: Volcarona|spa|1
|-boost|p1a: Volcarona|spd|1
|-boost|p1a: Volcarona|spe|1
|
|-damage|p2a: Chien-Pao|76/100 brn|[from] brn
|turn|23
|
|move|p1a: Volcarona|Morning Sun|p1a: Volcarona
|-heal|p1a: Volcarona|57/100
|move|p2a: Chien-Pao|Crunch|p1a: Volcarona
|-damage|p1a: Volcarona|10/100
|
|-damage|p2a: Chien-Pao|70/100 brn|[from] brn
|turn|24
|
|move|p1a: Volcarona|Morning Sun|p1a: Volcarona
|-heal|p1a: Volcarona|60/100
|move|p2a: Chien-Pao|Crunch|p1a: Volcarona
|-damage|p1a: Volcarona|9/100
|
|-damage|p2a: Chien-Pao|64/100 brn|[from] brn
|turn|25
|
|move|p2a: Chien-Pao|Sucker Punch|p1a: Volcarona
|-damage|p1a: Volcarona|0 fnt
|faint|p1a: Volcarona
|
|win|p2
