|poke|p1|Enamorus, F|
|poke|p1|Gholdengo|
|poke|p1|Sneasler, M|
|poke|p1|Zamazenta-*|
|poke|p1|Dragapult, F|
|poke|p1|Garchomp, M|
|poke|p2|Tyranitar, F|
|poke|p2|Dugtrio-Alola, M|
|poke|p2|Corviknight, F|
|poke|p2|Dragapult, F|
|poke|p2|Sneasler, F|
|poke|p2|Scream Tail|
|teampreview
|
|start
|switch|p1a: Garchomp|Garchomp, M, shiny|100/100
|switch|p2a: Shotzi|Dragapult, F, shiny|100/100
|turn|1
|
|move|p2a: Shotzi|Draco Meteor|p1a: Garchomp
|-supereffective|p1a: Garchomp
|-damage|p1a: Garchomp|0 fnt
|-unboost|p2a: Shotzi|spa|2
|faint|p1a: Garchomp
|
|
|switch|p1a: Enamorus|Enamorus, F|100/100
|turn|2
|
|switch|p2a: Corvette|Corviknight, F, shiny|100/100
|-ability|p2a: Corvette|Pressure
|move|p1a: Enamorus|Substitute|p1a: Enamorus
|-start|p1a: Enamorus|Substitute
|-damage|p1a: Enamorus|76/100
|
|-heal|p1a: Enamorus|82/100|[from] item: Leftovers
|turn|3
|
|move|p1a: Enamorus|Superpower|p2a: Corvette
|-damage|p2a: Corvette|77/100
|-boost|p1a: Enamorus|atk|1
|-boost|p1a: Enamorus|def|1
|move|p2a: Corvette|U-turn|p1a: Enamorus
|-resisted|p1a: Enamorus
|-activate|p1a: Enamorus|move: Substitute|[damage]
|
|switch|p2a: screm tail|Scream Tail|100/100|[from] U-turn
|
|-heal|p1a: Enamorus|88/100|[from] item: Leftovers
|turn|4
|
|move|p1a: Enamorus|Taunt|p2a: screm tail
|-start|p2a: screm tail|move: Taunt
|cant|p2a: screm tail|move: Taunt|Encore
|
|-heal|p1a: Enamorus|94/100|[from] item: Leftovers
|turn|5
|
|move|p1a: Enamorus|Superpower|p2a: screm tail
|-resisted|p2a: screm tail
|-damage|p2a: screm tail|88/100
|-boost|p1a: Enamorus|atk|1
|-boost|p1a: Enamorus|def|1
|move|p2a: screm tail|Dazzling Gleam|p1a: Enamorus
|-end|p1a: Enamorus|Substitute
|
|-heal|p1a: Enamorus|100/100|[from] item: Leftovers
|-heal|p2a: screm tail|94/100|[from] item: Leftovers
|turn|6
|
|move|p1a: Enamorus|Play Rough|p2a: screm tail
|-damage|p2a: screm tail|23/100
|move|p2a: screm tail|Dazzling Gleam|p1a: Enamorus
|-damage|p1a: Enamorus|74/100
|
|-heal|p1a: Enamorus|80/100|[from] item: Leftovers
|-heal|p2a: screm tail|29/100|[from] item: Leftovers
|-end|p2a: screm tail|move: Taunt
|turn|7
|
|move|p1a: Enamorus|Play Rough|p2a: screm tail
|-damage|p2a: screm tail|0 fnt
|faint|p2a: screm tail
|-end|p2a: screm tail|Protosynthesis|[silent]
|
|-heal|p1a: Enamorus|87/100|[from] item: Leftovers
|
|switch|p2a: hate this mon|Sneasler, F, shiny|100/100
|turn|8
|
|-terastallize|p1a: Enamorus|Steel
|move|p2a: hate this mon|Dire Claw|p1a: Enamorus
|-immune|p1a: Enamorus
|move|p1a: Enamorus|Play Rough|p2a: hate this mon
|-damage|p2a: hate this mon|0 fnt
|faint|p2a: hate this mon
|
|-heal|p1a: Enamorus|93/100|[from] item: Leftovers
|
|switch|p2a: Shotzi|Dragapult, F, shiny|100/100
|turn|9
|
|move|p2a: Shotzi|Flamethrower|p1a: Enamorus
|-supereffective|p1a: Enamorus
|-damage|p1a: Enamorus|0 fnt
|faint|p1a: Enamorus
|
|
|switch|p1a: Gholdengo|Gholdengo|100/100
|turn|10
|
|switch|p2a: TTube|Tyranitar, F|100/100
|-weather|Sandstorm|[from] ability: Sand Stream|[of] p2a: TTube
|move|p1a: Gholdengo|Nasty Plot|p1a: Gholdengo
|-boost|p1a: Gholdengo|spa|2
|
|-weather|Sandstorm|[upkeep]
|turn|11
|
|move|p1a: Gholdengo|Make It Rain|p2a: TTube
|-supereffective|p2a: TTube
|-damage|p2a: TTube|11/100
|-unboost|p1a: Gholdengo|spa|1
|move|p2a: TTube|Crunch|p1a: Gholdengo
|-supereffective|p1a: Gholdengo
|-damage|p1a: Gholdengo|30/100
|
|-weather|Sandstorm|[upkeep]
|turn|12
|
|move|p1a: Gholdengo|Shadow Ball|p2a: TTube
|-resisted|p2a: TTube
|-damage|p2a: TTube|0 fnt
|faint|p2a: TTube
|
|-weather|Sandstorm|[upkeep]
|
|switch|p2a: Owen Wilsons|Dugtrio-Alola, M|100/100
|turn|13
|
|move|p2a: Owen Wilsons|Earthquake|p1a: Gholdengo
|-supereffective|p1a: Gholdengo
|-enditem|p1a: Gholdengo|Shuca Berry|[eat]
|-enditem|p1a: Gholdengo|Shuca Berry|[weaken]
|-damage|p1a: Gholdengo|0 fnt
|faint|p1a: Gholdengo
|
|-weather|Sandstorm|[upkeep]
|
|switch|p1a: Sneasler|Sneasler, M|100/100
|-item|p1a: Sneasler|Air Balloon
|turn|14
|
|switch|p2a: Shotzi|Dragapult, F, shiny|100/100
|move|p1a: Sneasler|Swords Dance|p1a: Sneasler
|-boost|p1a: Sneasler|atk|2
|
|-weather|Sandstorm|[upkeep]
|-damage|p2a: Shotzi|95/100|[from] Sandstorm
|-damage|p1a: Sneasler|95/100|[from] Sandstorm
|turn|15
|
|move|p2a: Shotzi|Draco Meteor|p1a: Sneasler
|-damage|p1a: Sneasler|0 fnt
|-unboost|p2a: Shotzi|spa|2
|-enditem|p1a: Sneasler|Air Balloon
|faint|p1a: Sneasler
|
|-weather|Sandstorm|[upkeep]
|-damage|p2a: Shotzi|89/100|[from] Sandstorm
|
|switch|p1a: Zamazenta|Zamazenta|100/100
|-ability|p1a: Zamazenta|Dauntless Shield|boost
|-boost|p1a: Zamazenta|def|1
|turn|16
|
|switch|p2a: Corvette|Corviknight, F, shiny|77/100
|-ability|p2a: Corvette|Pressure
|move|p1a: Zamazenta|Substitute|p1a: Zamazenta
|-start|p1a: Zamazenta|Substitute
|-damage|p1a: Zamazenta|76/100
|
|-weather|Sandstorm|[upkeep]
|-damage|p1a: Zamazenta|69/100|[from] Sandstorm
|-heal|p1a: Zamazenta|76/100|[from] item: Leftovers
|-heal|p2a: Corvette|83/100|[from] item: Leftovers
|turn|17
|
|move|p1a: Zamazenta|Iron Defense|p1a: Zamazenta
|-boost|p1a: Zamazenta|def|2
|move|p2a: Corvette|Body Press|p1a: Zamazenta
|-activate|p1a: Zamazenta|move: Substitute|[damage]
|
|-weather|none
|-heal|p1a: Zamazenta|82/100|[from] item: Leftovers
|-heal|p2a: Corvette|89/100|[from] item: Leftovers
|turn|18
|
|move|p1a: Zamazenta|Iron Defense|p1a: Zamazenta
|-boost|p1a: Zamazenta|def|2
|move|p2a: Corvette|Body Press|p1a: Zamazenta
|-activate|p1a: Zamazenta|move: Substitute|[damage]
|
|-heal|p1a: Zamazenta|88/100|[from] item: Leftovers
|-heal|p2a: Corvette|95/100|[from] item: Leftovers
|turn|19
|
|move|p1a: Zamazenta|Iron Defense|p1a: Zamazenta
|-boost|p1a: Zamazenta|def|1
|move|p2a: Corvette|Body Press|p1a: Zamazenta
|-activate|p1a: Zamazenta|move: Substitute|[damage]
|
|-heal|p1a: Zamazenta|94/100|[from] item: Leftovers
|-heal|p2a: Corvette|100/100|[from] item: Leftovers
|turn|20
|
|move|p1a: Zamazenta|Body Press|p2a: Corvette
|-damage|p2a: Corvette|23/100
|move|p2a: Corvette|Roost|p2a: Corvette
|-heal|p2a: Corvette|73/100
|-singleturn|p2a: Corvette|move: Roost
|
|-heal|p1a: Zamazenta|100/100|[from] item: Leftovers
|-heal|p2a: Corvette|79/100|[from] item: Leftovers
|turn|21
|
|move|p1a: Zamazenta|Body Press|p2a: Corvette
|-damage|p2a: Corvette|4/100
|move|p2a: Corvette|Roost|p2a: Corvette
|-heal|p2a: Corvette|54/100
|-singleturn|p2a: Corvette|move: Roost
|
|-heal|p2a: Corvette|60/100|[from] item: Leftovers
|turn|22
|
|move|p1a: Zamazenta|Crunch|p2a: Corvette
|-damage|p2a: Corvette|47/100
|-unboost|p2a: Corvette|def|1
|move|p2a: Corvette|Roost|p2a: Corvette
|-heal|p2a: Corvette|97/100
|-singleturn|p2a: Corvette|move: Roost
|
|-heal|p2a: Corvette|100/100|[from] item: Leftovers
|turn|23
|
|move|p1a: Zamazenta|Body Press|p2a: Corvette
|-damage|p2a: Corvette|0 fnt
|faint|p2a: Corvette
|
|
|switch|p2a: Shotzi|Dragapult, F, shiny|89/100
|turn|24
|
|-terastallize|p2a: Shotzi|Ghost
|move|p2a: Shotzi|Shadow Ball|p1a: Zamazenta
|-damage|p1a: Zamazenta|49/100
|-unboost|p1a: Zamazenta|spd|1
|move|p1a: Zamazenta|Crunch|p2a: Shotzi
|-supereffective|p2a: Shotzi
|-damage|p2a: Shotzi|35/100
|
|-heal|p1a: Zamazenta|55/100|[from] item: Leftovers
|turn|25
|
|switch|p1a: Dragapult|Dragapult, F|100/100
|move|p2a: Shotzi|Shadow Ball|p1a: Dragapult
|-supereffective|p1a: Dragapult
|-damage|p1a: Dragapult|0 fnt
|faint|p1a: Dragapult
|
|
|switch|p1a: Zamazenta|Zamazenta|55/100
|turn|26
|
|move|p2a: Shotzi|Shadow Ball|p1a: Zamazenta
|-damage|p1a: Zamazenta|1/100
|-unboost|p1a: Zamazenta|spd|1
|move|p1a: Zamazenta|Crunch|p2a: Shotzi
|-supereffective|p2a: Shotzi
|-damage|p2a: Shotzi|0 fnt
|faint|p2a: Shotzi
|
|-heal|p1a: Zamazenta|7/100|[from] item: Leftovers
|
|switch|p2a: Owen Wilsons|Dugtrio-Alola, M|100/100
|turn|27
|
|move|p2a: Owen Wilsons|Earthquake|p1a: Zamazenta
|-damage|p1a: Zamazenta|0 fnt
|faint|p1a: Zamazenta
|
|win|kugfgih
