|poke|p1|Glimmora, M|
|poke|p1|Rotom-Wash|
|poke|p1|Sneasler, F|
|poke|p1|Typhlosion-Hisui, F|
|poke|p1|Dragapult, M|
|poke|p1|Toedscruel, F|
|poke|p2|Urshifu-*, F|
|poke|p2|Slowking-Galar, F|
|poke|p2|Ting-Lu|
|poke|p2|Corviknight, M|
|poke|p2|Great Tusk|
|poke|p2|Dragapult, F|
|teampreview
|
|start
|switch|p1a: Rotom|Rotom-Wash|100/100
|switch|p2a: Great Tusk|Great Tusk|100/100
|turn|1
|
|move|p2a: Great Tusk|Close Combat|p1a: Rotom
|-damage|p1a: Rotom|55/100
|-unboost|p2a: Great Tusk|def|1
|-unboost|p2a: Great Tusk|spd|1
|-enditem|p2a: Great Tusk|Eject Pack
|
|-end|p2a: Great Tusk|Protosynthesis|[silent]
|switch|p2a: Slowking|Slowking-Galar, F|100/100
|move|p1a: Rotom|Thunder Wave|p2a: Slowking
|-status|p2a: Slowking|par
|
|-heal|p1a: Rotom|61/100|[from] item: Leftovers
|turn|2
|
|move|p1a: Rotom|Volt Switch|p2a: Slowking
|-damage|p2a: Slowking|80/100 par
|
|switch|p1a: Dragapult|Dragapult, M|100/100|[from] Volt Switch
|move|p2a: Slowking|Trick|p1a: Dragapult
|-activate|p2a: Slowking|move: Trick|[of] p1a: Dragapult
|-item|p1a: Dragapult|Black Sludge|[from] move: Trick
|-item|p2a: Slowking|Leftovers|[from] move: Trick
|
|-damage|p1a: Dragapult|88/100|[from] item: Black Sludge
|-heal|p2a: Slowking|86/100 par|[from] item: Leftovers
|turn|3
|
|move|p1a: Dragapult|Dragon Darts|p2a: Slowking
|-crit|p2a: Slowking
|-damage|p2a: Slowking|61/100 par
|-anim|p1a: Dragapult|Dragon Darts|p2a: Slowking
|-damage|p2a: Slowking|45/100 par
|move|p2a: Slowking|Chilly Reception|p2a: Slowking
|-weather|Snow
|
|switch|p2a: Ting-Lu|Ting-Lu|100/100|[from] Chilly Reception
|-ability|p2a: Ting-Lu|Vessel of Ruin
|
|-weather|Snow|[upkeep]
|-damage|p1a: Dragapult|76/100|[from] item: Black Sludge
|turn|4
|
|move|p1a: Dragapult|Will-O-Wisp|p2a: Ting-Lu|[miss]
|-miss|p1a: Dragapult|p2a: Ting-Lu
|move|p2a: Ting-Lu|Stealth Rock|p1a: Dragapult
|-sidestart|p1: p1|move: Stealth Rock
|
|-weather|Snow|[upkeep]
|-damage|p1a: Dragapult|64/100|[from] item: Black Sludge
|turn|5
|
|switch|p2a: Slowking|Slowking-Galar, F|78/100 par
|move|p1a: Dragapult|Will-O-Wisp||[still]
|-fail|p1a: Dragapult
|
|-weather|Snow|[upkeep]
|-damage|p1a: Dragapult|51/100|[from] item: Black Sludge
|-heal|p2a: Slowking|84/100 par|[from] item: Leftovers
|turn|6
|
|move|p1a: Dragapult|Hex|p2a: Slowking
|-supereffective|p2a: Slowking
|-damage|p2a: Slowking|0 fnt
|faint|p2a: Slowking
|
|-weather|Snow|[upkeep]
|-damage|p1a: Dragapult|39/100|[from] item: Black Sludge
|
|switch|p2a: Corviknight|Corviknight, M|100/100
|-ability|p2a: Corviknight|Pressure
|turn|7
|
|move|p1a: Dragapult|Will-O-Wisp|p2a: Corviknight
|-status|p2a: Corviknight|brn
|move|p2a: Corviknight|U-turn|p1a: Dragapult
|-resisted|p1a: Dragapult
|-damage|p1a: Dragapult|33/100
|
|switch|p2a: Ting-Lu|Ting-Lu|100/100|[from] U-turn
|-ability|p2a: Ting-Lu|Vessel of Ruin
|
|-weather|none
|-damage|p1a: Dragapult|21/100|[from] item: Black Sludge
|turn|8
|
|move|p1a: Dragapult|Will-O-Wisp|p2a: Ting-Lu
|-status|p2a: Ting-Lu|brn
|move|p2a: Ting-Lu|Whirlwind|p1a: Dragapult
|drag|p1a: Typhlosion|Typhlosion-Hisui, F|100/100
|-damage|p1a: Typhlosion|76/100|[from] Stealth Rock
|
|-damage|p2a: Ting-Lu|94/100 brn|[from] brn
|turn|9
|
|-terastallize|p1a: Typhlosion|Normal
|move|p1a: Typhlosion|Hyper Beam|p2a: Ting-Lu
|-damage|p2a: Ting-Lu|46/100 brn
|-mustrecharge|p1a: Typhlosion
|move|p2a: Ting-Lu|Ruination|p1a: Typhlosion
|-damage|p1a: Typhlosion|38/100
|
|-heal|p2a: Ting-Lu|52/100 brn|[from] item: Leftovers
|-damage|p2a: Ting-Lu|46/100 brn|[from] brn
|turn|10
|
|cant|p1a: Typhlosion|recharge
|move|p2a: Ting-Lu|Whirlwind|p1a: Typhlosion
|drag|p1a: Rotom|Rotom-Wash|61/100
|-damage|p1a: Rotom|49/100|[from] Stealth Rock
|
|-heal|p1a: Rotom|55/100|[from] item: Leftovers
|-heal|p2a: Ting-Lu|52/100 brn|[from] item: Leftovers
|-damage|p2a: Ting-Lu|46/100 brn|[from] brn
|turn|11
|
|switch|p2a: Corviknight|Corviknight, M|100/100 brn
|-ability|p2a: Corviknight|Pressure
|move|p1a: Rotom|Thunder Wave||[still]
|-fail|p1a: Rotom
|
|-heal|p1a: Rotom|61/100|[from] item: Leftovers
|-damage|p2a: Corviknight|94/100 brn|[from] brn
|turn|12
|
|move|p1a: Rotom|Protect|p1a: Rotom
|-singleturn|p1a: Rotom|Protect
|move|p2a: Corviknight|Roost|p2a: Corviknight
|-heal|p2a: Corviknight|100/100 brn
|-singleturn|p2a: Corviknight|move: Roost
|
|-heal|p1a: Rotom|68/100|[from] item: Leftovers
|-damage|p2a: Corviknight|94/100 brn|[from] brn
|turn|13
|
|move|p1a: Rotom|Volt Switch|p2a: Corviknight
|-supereffective|p2a: Corviknight
|-damage|p2a: Corviknight|49/100 brn
|
|switch|p1a: Glimmora|Glimmora, M|100/100|[from] Volt Switch
|-damage|p1a: Glimmora|88/100|[from] Stealth Rock
|move|p2a: Corviknight|U-turn|p1a: Glimmora
|-resisted|p1a: Glimmora
|-damage|p1a: Glimmora|84/100
|-activate|p1a: Glimmora|ability: Toxic Debris
|-sidestart|p2: p2|move: Toxic Spikes
|
|switch|p2a: Urshifu|Urshifu-Rapid-Strike, F|100/100|[from] U-turn
|-status|p2a: Urshifu|psn
|
|-damage|p2a: Urshifu|88/100 psn|[from] psn
|turn|14
|
|move|p2a: Urshifu|Surging Strikes|p1a: Glimmora
|-supereffective|p1a: Glimmora
|-crit|p1a: Glimmora
|-damage|p1a: Glimmora|13/100
|-activate|p1a: Glimmora|ability: Toxic Debris
|-sidestart|p2: p2|move: Toxic Spikes
|-supereffective|p1a: Glimmora
|-crit|p1a: Glimmora
|-damage|p1a: Glimmora|0 fnt
|faint|p1a: Glimmora
|-hitcount|p1: Glimmora|2
|
|-damage|p2a: Urshifu|76/100 psn|[from] psn
|
|switch|p1a: Rotom|Rotom-Wash|68/100
|-damage|p1a: Rotom|55/100|[from] Stealth Rock
|turn|15
|
|move|p2a: Urshifu|Surging Strikes|p1a: Rotom
|-resisted|p1a: Rotom
|-crit|p1a: Rotom
|-damage|p1a: Rotom|43/100
|-resisted|p1a: Rotom
|-crit|p1a: Rotom
|-damage|p1a: Rotom|32/100
|-resisted|p1a: Rotom
|-crit|p1a: Rotom
|-damage|p1a: Rotom|20/100
|-hitcount|p1a: Rotom|3
|move|p1a: Rotom|Volt Switch|p2a: Urshifu
|-supereffective|p2a: Urshifu
|-damage|p2a: Urshifu|5/100 psn
|
|switch|p1a: Typhlosion|Typhlosion-Hisui, F, tera:Normal|38/100|[from] Volt Switch
|-damage|p1a: Typhlosion|26/100|[from] Stealth Rock
|
|-damage|p2a: Urshifu|0 fnt|[from] psn
|faint|p2a: Urshifu
|
|switch|p2a: Corviknight|Corviknight, M|49/100 brn
|-ability|p2a: Corviknight|Pressure
|turn|16
|
|move|p1a: Typhlosion|Infernal Parade|p2a: Corviknight
|-damage|p2a: Corviknight|0 fnt
|faint|p2a: Corviknight
|
|
|switch|p2a: Dragapult|Dragapult, F|100/100
|-status|p2a: Dragapult|tox
|turn|17
|
|switch|p1a: Rotom|Rotom-Wash|20/100
|-damage|p1a: Rotom|7/100|[from] Stealth Rock
|move|p2a: Dragapult|Dragon Darts|p1a: Rotom
|-damage|p1a: Rotom|0 fnt
|faint|p1a: Rotom
|
|-damage|p2a: Dragapult|95/100 tox|[from] psn
|
|switch|p1a: Dragapult|Dragapult, M|21/100
|-damage|p1a: Dragapult|9/100|[from] Stealth Rock
|turn|18
|
|switch|p2a: Ting-Lu|Ting-Lu|46/100 brn
|-ability|p2a: Ting-Lu|Vessel of Ruin
|move|p1a: Dragapult|Hex|p2a: Ting-Lu
|-resisted|p2a: Ting-Lu
|-damage|p2a: Ting-Lu|35/100 brn
|
|-damage|p1a: Dragapult|0 fnt|[from] item: Black Sludge
|faint|p1a: Dragapult
|-heal|p2a: Ting-Lu|41/100 brn|[from] item: Leftovers
|-damage|p2a: Ting-Lu|35/100 brn|[from] brn
|
|switch|p1a: Toedscruel|Toedscruel, F|100/100
|-damage|p1a: Toedscruel|95/100|[from] Stealth Rock
|turn|19
|
|move|p1a: Toedscruel|Rapid Spin|p2a: Ting-Lu
|-damage|p2a: Ting-Lu|30/100 brn
|-boost|p1a: Toedscruel|spe|1
|-sideend|p1: p1|Stealth Rock|[from] move: Rapid Spin|[of] p1a: Toedscruel
|move|p2a: Ting-Lu|Ruination|p1a: Toedscruel
|-damage|p1a: Toedscruel|48/100
|
|-heal|p2a: Ting-Lu|36/100 brn|[from] item: Leftovers
|-damage|p2a: Ting-Lu|30/100 brn|[from] brn
|turn|20
|
|move|p1a: Toedscruel|Earth Power|p2a: Ting-Lu
|-damage|p2a: Ting-Lu|15/100 brn
|-unboost|p2a: Ting-Lu|spd|1
|move|p2a: Ting-Lu|Stealth Rock|p1a: Toedscruel
|-sidestart|p1: p1|move: Stealth Rock
|
|-heal|p2a: Ting-Lu|21/100 brn|[from] item: Leftovers
|-damage|p2a: Ting-Lu|15/100 brn|[from] brn
|turn|21
|
|move|p1a: Toedscruel|Earth Power|p2a: Ting-Lu
|-damage|p2a: Ting-Lu|0 fnt
|faint|p2a: Ting-Lu
|
|
|switch|p2a: Dragapult|Dragapult, F|95/100 tox
|turn|22
|
|move|p1a: Toedscruel|Earth Power|p2a: Dragapult
|-damage|p2a: Dragapult|42/100 tox
|move|p2a: Dragapult|Dragon Darts|p1a: Toedscruel
|-damage|p1a: Toedscruel|12/100
|-anim|p2a: Dragapult|Dragon Darts|p1a: Toedscruel
|-damage|p1a: Toedscruel|0 fnt
|faint|p1a: Toedscruel
|
|-heal|p2a: Dragapult|48/100 tox|[from] item: Leftovers
|-damage|p2a: Dragapult|42/100 tox|[from] psn
|
|switch|p1a: Typhlosion|Typhlosion-Hisui, F, tera:Normal|26/100
|-damage|p1a: Typhlosion|14/100|[from] Stealth Rock
|turn|23
|
|move|p2a: Dragapult|Dragon Darts|p1a: Typhlosion
|-damage|p1a: Typhlosion|0 fnt
|faint|p1a: Typhlosion
|
|-heal|p2a: Dragapult|48/100 tox|[from] item: Leftovers
|-damage|p2a: Dragapult|36/100 tox|[from] psn
|
|switch|p1a: Sneasler|Sneasler, F|100/100
|-damage|p1a: Sneasler|95/100|[from] Stealth Rock
|-item|p1a: Sneasler|Air Balloon
|turn|24
|
|move|p2a: Dragapult|Will-O-Wisp|p1a: Sneasler
|-status|p1a: Sneasler|brn
|move|p1a: Sneasler|Swords Dance|p1a: Sneasler
|-boost|p1a: Sneasler|atk|2
|
|-heal|p2a: Dragapult|42/100 tox|[from] item: Leftovers
|-damage|p2a: Dragapult|24/100 tox|[from] psn
|-damage|p1a: Sneasler|89/100 brn|[from] brn
|turn|25
|
|move|p2a: Dragapult|Hex|p1a: Sneasler
|-damage|p1a: Sneasler|14/100 brn
|-enditem|p1a: Sneasler|Air Balloon
|move|p1a: Sneasler|Acrobatics|p2a: Dragapult
|-damage|p2a: Dragapult|0 fnt
|faint|p2a: Dragapult
|
|-damage|p1a: Sneasler|8/100 brn|[from] brn
|
|switch|p2a: Great Tusk|Great Tusk|100/100
|-status|p2a: Great Tusk|tox
|turn|26
|
|-terastallize|p2a: Great Tusk|Fire
|move|p1a: Sneasler|Acrobatics|p2a: Great Tusk
|-damage|p2a: Great Tusk|71/100 tox
|move|p2a: Great Tusk|Knock Off|p1a: Sneasler
|-resisted|p1a: Sneasler
|-damage|p1a: Sneasler|0 fnt
|faint|p1a: Sneasler
|
|win|p2
