# advantage = p1
|poke|p1|Glastrier|
|poke|p1|Magearna|
|poke|p1|Cresselia, F|
|poke|p1|Ursaluna, F|
|poke|p1|Kingambit, M|
|poke|p1|Slowking-Galar, M|
|poke|p2|Zapdos|
|poke|p2|Urshifu-*, M|
|poke|p2|Magearna|
|poke|p2|Great Tusk|
|poke|p2|Dragapult, F|
|poke|p2|Chien-Pao|
|teampreview
|
|start
|switch|p1a: Cresselia|Cresselia, F, shiny|100/100
|switch|p2a: Zapdos|Zapdos|100/100
|turn|1
|
|move|p2a: Zapdos|Heat Wave|p1a: Cresselia
|-damage|p1a: Cresselia|84/100
|move|p1a: Cresselia|Ice Beam|p2a: Zapdos
|-supereffective|p2a: Zapdos
|-damage|p2a: Zapdos|63/100
|
|turn|2
|
|move|p2a: Zapdos|Volt Switch|p1a: Cresselia
|-damage|p1a: Cresselia|64/100
|
|switch|p2a: Urshifu|Urshifu-Rapid-Strike, M|100/100|[from] Volt Switch
|move|p1a: Cresselia|Trick Room|p1a: Cresselia
|-fieldstart|move: Trick Room|[of] p1a: Cresselia
|
|turn|3
|
|switch|p1a: Glastrier|Glastrier|100/100
|switch|p2a: Magearna|Magearna|100/100
|
|turn|4
|
|move|p1a: Glastrier|Stomping Tantrum|p2a: Magearna
|-supereffective|p2a: Magearna
|-damage|p2a: Magearna|58/100
|move|p2a: Magearna|Spikes|p1a: Glastrier
|-sidestart|p1: p1|Spikes
|
|turn|5
|
|move|p1a: Glastrier|Swords Dance|p1a: Glastrier
|-boost|p1a: Glastrier|atk|2
|move|p2a: Magearna|Volt Switch|p1a: Glastrier
|-damage|p1a: Glastrier|86/100
|
|switch|p2a: Zapdos|Zapdos|63/100|[from] Volt Switch
|
|turn|6
|
|switch|p2a: Urshifu|Urshifu-Rapid-Strike, M|100/100
|move|p1a: Glastrier|Icicle Crash|p2a: Urshifu
|-resisted|p2a: Urshifu
|-damage|p2a: Urshifu|50/100
|
|-fieldend|move: Trick Room
|turn|7
|
|-terastallize|p1a: Glastrier|Electric
|move|p2a: Urshifu|Close Combat|p1a: Glastrier
|-damage|p1a: Glastrier|43/100
|-unboost|p2a: Urshifu|def|1
|-unboost|p2a: Urshifu|spd|1
|move|p1a: Glastrier|Tera Blast|p2a: Urshifu
|-supereffective|p2a: Urshifu
|-damage|p2a: Urshifu|0 fnt
|faint|p2a: Urshifu
|-ability|p1a: Glastrier|Chilling Neigh|boost
|-boost|p1a: Glastrier|atk|1
|
|
|switch|p2a: Great Tusk|Great Tusk|100/100
|-enditem|p2a: Great Tusk|Booster Energy
|-activate|p2a: Great Tusk|ability: Protosynthesis|[fromitem]
|-start|p2a: Great Tusk|protosynthesisspe
|turn|8
|
|move|p2a: Great Tusk|Knock Off|p1a: Glastrier
|-crit|p1a: Glastrier
|-damage|p1a: Glastrier|13/100
|-enditem|p1a: Glastrier|Heavy-Duty Boots|[from] move: Knock Off|[of] p2a: Great Tusk
|move|p1a: Glastrier|Icicle Crash|p2a: Great Tusk
|-supereffective|p2a: Great Tusk
|-damage|p2a: Great Tusk|0 fnt
|faint|p2a: Great Tusk
|-end|p2a: Great Tusk|Protosynthesis|[silent]
|-ability|p1a: Glastrier|Chilling Neigh|boost
|-boost|p1a: Glastrier|atk|1
|
|
|switch|p2a: Dragapult|Dragapult, F|100/100
|turn|9
|
|move|p2a: Dragapult|Dragon Darts|p1a: Glastrier
|-damage|p1a: Glastrier|0 fnt
|faint|p1a: Glastrier
|
|
|switch|p1a: Magearna|Magearna|100/100
|-damage|p1a: Magearna|88/100|[from] Spikes
|turn|10
|
|move|p2a: Dragapult|Substitute|p2a: Dragapult
|-start|p2a: Dragapult|Substitute
|-damage|p2a: Dragapult|76/100
|move|p1a: Magearna|Trick Room|p1a: Magearna
|-fieldstart|move: Trick Room|[of] p1a: Magearna
|
|-heal|p2a: Dragapult|82/100|[from] item: Leftovers
|turn|11
|
|move|p1a: Magearna|Fleur Cannon|p2a: Dragapult
|-supereffective|p2a: Dragapult
|-end|p2a: Dragapult|Substitute
|-unboost|p1a: Magearna|spa|2
|-enditem|p1a: Magearna|Eject Pack
|
|switch|p1a: Ursaluna|Ursaluna, F, shiny|100/100
|-damage|p1a: Ursaluna|88/100|[from] Spikes
|move|p2a: Dragapult|Dragon Darts|p1a: Ursaluna
|-damage|p1a: Ursaluna|74/100
|-anim|p2a: Dragapult|Dragon Darts|p1a: Ursaluna
|-damage|p1a: Ursaluna|57/100
|
|-heal|p2a: Dragapult|88/100|[from] item: Leftovers
|-status|p1a: Ursaluna|brn|[from] item: Flame Orb
|turn|12
|
|move|p1a: Ursaluna|Swords Dance|p1a: Ursaluna
|-boost|p1a: Ursaluna|atk|2
|move|p2a: Dragapult|Substitute|p2a: Dragapult
|-start|p2a: Dragapult|Substitute
|-damage|p2a: Dragapult|63/100
|
|-heal|p2a: Dragapult|69/100|[from] item: Leftovers
|-damage|p1a: Ursaluna|51/100 brn|[from] brn
|turn|13
|
|move|p1a: Ursaluna|Earthquake|p2a: Dragapult
|-end|p2a: Dragapult|Substitute
|move|p2a: Dragapult|Dragon Darts|p1a: Ursaluna
|-damage|p1a: Ursaluna|36/100 brn
|-anim|p2a: Dragapult|Dragon Darts|p1a: Ursaluna
|-damage|p1a: Ursaluna|19/100 brn
|
|-heal|p2a: Dragapult|75/100|[from] item: Leftovers
|-damage|p1a: Ursaluna|13/100 brn|[from] brn
|turn|14
|
|move|p1a: Ursaluna|Facade|p2a: Dragapult
|-immune|p2a: Dragapult
|move|p2a: Dragapult|Substitute|p2a: Dragapult
|-start|p2a: Dragapult|Substitute
|-damage|p2a: Dragapult|50/100
|
|-heal|p2a: Dragapult|56/100|[from] item: Leftovers
|-damage|p1a: Ursaluna|7/100 brn|[from] brn
|-fieldend|move: Trick Room
|turn|15
|-message|p1 forfeited.
|
|win|p2
