# advantage = p2
|poke|p1|Basculegion, M|
|poke|p1|Pelipper, M|
|poke|p1|Amoonguss, F|
|poke|p1|Pawmot, F|
|poke|p1|Zapdos|
|poke|p1|Great Tusk|
|poke|p2|Pelipper, F|
|poke|p2|Urshifu-*, F|
|poke|p2|Basculegion-F, F|
|poke|p2|Zapdos|
|poke|p2|Slowking-Galar, F|
|poke|p2|Quaquaval, F|
|teampreview
|
|start
|switch|p1a: Zapdos|Zapdos|100/100
|switch|p2a: Zapdos|Zapdos|100/100
|turn|1
|
|move|p1a: Zapdos|Volt Switch|p2a: Zapdos
|-damage|p2a: Zapdos|45/100
|
|switch|p1a: Pelipper|Pelipper, M|100/100|[from] Volt Switch
|-weather|RainDance|[from] ability: Drizzle|[of] p1a: Pelipper
|move|p2a: Zapdos|Volt Switch|p1a: Pelipper
|-supereffective|p1a: Pelipper
|-crit|p1a: Pelipper
|-damage|p1a: Pelipper|0 fnt
|faint|p1a: Pelipper
|
|switch|p2a: Dubious creature|Urshifu-Rapid-Strike, F|100/100|[from] Volt Switch
|
|-weather|RainDance|[upkeep]
|
|switch|p1a: Amoonguss|Amoonguss, F|100/100
|turn|2
|
|switch|p2a: little guy|Pelipper, F|100/100
|move|p1a: Amoonguss|Spore|p2a: little guy
|-status|p2a: little guy|slp|[from] move: Spore
|
|-weather|RainDance|[upkeep]
|turn|3
|
|switch|p2a: Slowking|Slowking-Galar, F, shiny|100/100
|switch|p1a: Basculegion|Basculegion, M|100/100
|
|-weather|RainDance|[upkeep]
|turn|4
|
|switch|p2a: Zapdos|Zapdos|45/100
|move|p1a: Basculegion|Wave Crash|p2a: Zapdos
|-damage|p2a: Zapdos|0 fnt
|faint|p2a: Zapdos
|-damage|p1a: Basculegion|86/100|[from] Recoil
|
|-weather|RainDance|[upkeep]
|
|switch|p2a: I know what u are|Quaquaval, F, shiny|100/100
|turn|5
|
|switch|p1a: Amoonguss|Amoonguss, F|100/100
|move|p2a: I know what u are|Liquidation|p1a: Amoonguss
|-resisted|p1a: Amoonguss
|-damage|p1a: Amoonguss|82/100
|-enditem|p1a: Amoonguss|Eject Button
|
|switch|p1a: Zapdos|Zapdos|100/100
|
|-weather|RainDance|[upkeep]
|turn|6
|
|switch|p2a: Slowking|Slowking-Galar, F, shiny|100/100
|move|p1a: Zapdos|Thunder|p2a: Slowking
|-damage|p2a: Slowking|67/100
|-status|p2a: Slowking|par
|
|-weather|RainDance|[upkeep]
|turn|7
|
|switch|p1a: Great Tusk|Great Tusk|100/100
|move|p2a: Slowking|Future Sight|p1a: Great Tusk
|-start|p2a: Slowking|move: Future Sight
|
|-weather|RainDance|[upkeep]
|turn|8
|
|switch|p2a: little guy|Pelipper, F|100/100 slp
|move|p1a: Great Tusk|Stealth Rock|p2a: little guy
|-sidestart|p2: p2|move: Stealth Rock
|
|-weather|none
|turn|9
|
|-end|p1a: Great Tusk|Protosynthesis|[silent]
|switch|p1a: Zapdos|Zapdos|100/100
|cant|p2a: little guy|slp
|
|-end|p1a: Zapdos|move: Future Sight
|-damage|p1a: Zapdos|45/100
|turn|10
|
|switch|p2a: Slowking|Slowking-Galar, F, shiny|99/100 par
|-damage|p2a: Slowking|88/100 par|[from] Stealth Rock
|move|p1a: Zapdos|Volt Switch|p2a: Slowking
|-damage|p2a: Slowking|63/100 par
|
|switch|p1a: Great Tusk|Great Tusk|100/100|[from] Volt Switch
|
|turn|11
|
|switch|p2a: I know what u are|Quaquaval, F, shiny|100/100
|move|p1a: Great Tusk|Earthquake|p2a: I know what u are
|-damage|p2a: I know what u are|55/100
|
|turn|12
|
|move|p2a: I know what u are|Rapid Spin|p1a: Great Tusk
|-damage|p1a: Great Tusk|94/100
|-boost|p2a: I know what u are|spe|1
|-sideend|p2: p2|Stealth Rock|[from] move: Rapid Spin|[of] p2a: I know what u are
|move|p1a: Great Tusk|Rapid Spin|p2a: I know what u are
|-crit|p2a: I know what u are
|-damage|p2a: I know what u are|29/100
|-boost|p1a: Great Tusk|spe|1
|
|-heal|p1a: Great Tusk|99/100|[from] item: Leftovers
|turn|13
|
|move|p2a: I know what u are|Taunt|p1a: Great Tusk
|-start|p1a: Great Tusk|move: Taunt
|move|p1a: Great Tusk|Earthquake|p2a: I know what u are
|-damage|p2a: I know what u are|0 fnt
|faint|p2a: I know what u are
|
|-heal|p1a: Great Tusk|100/100|[from] item: Leftovers
|
|switch|p2a: little guy|Pelipper, F|100/100 slp
|-weather|RainDance|[from] ability: Drizzle|[of] p2a: little guy
|turn|14
|
|-end|p1a: Great Tusk|Protosynthesis|[silent]
|switch|p1a: Basculegion|Basculegion, M|86/100
|-curestatus|p2a: little guy|slp|[msg]
|move|p2a: little guy|Hurricane|p1a: Basculegion
|-damage|p1a: Basculegion|47/100
|-start|p1a: Basculegion|confusion
|
|-weather|RainDance|[upkeep]
|turn|15
|
|-terastallize|p1a: Basculegion|Water
|-activate|p1a: Basculegion|confusion
|move|p1a: Basculegion|Wave Crash|p2a: little guy
|-resisted|p2a: little guy
|-damage|p2a: little guy|30/100
|-damage|p1a: Basculegion|28/100|[from] Recoil
|move|p2a: little guy|U-turn|p1a: Basculegion
|-damage|p1a: Basculegion|16/100
|
|switch|p2a: Dubious creature|Urshifu-Rapid-Strike, F|100/100|[from] U-turn
|
|-weather|RainDance|[upkeep]
|turn|16
|
|switch|p1a: Amoonguss|Amoonguss, F|100/100
|move|p2a: Dubious creature|Trailblaze|p1a: Amoonguss
|-resisted|p1a: Amoonguss
|-damage|p1a: Amoonguss|97/100
|-boost|p2a: Dubious creature|spe|1
|
|-weather|RainDance|[upkeep]
|turn|17
|
|switch|p2a: Slowking|Slowking-Galar, F, shiny|96/100 par
|move|p1a: Amoonguss|Giga Drain|p2a: Slowking
|-resisted|p2a: Slowking
|-damage|p2a: Slowking|91/100 par
|-heal|p1a: Amoonguss|99/100|[from] drain|[of] p2a: Slowking
|
|-weather|RainDance|[upkeep]
|turn|18
|
|switch|p1a: Zapdos|Zapdos|45/100
|cant|p2a: Slowking|par
|
|-weather|RainDance|[upkeep]
|turn|19
|
|move|p1a: Zapdos|Hurricane|p2a: Slowking
|-damage|p2a: Slowking|54/100 par
|cant|p2a: Slowking|par
|
|-weather|RainDance|[upkeep]
|turn|20
|
|move|p1a: Zapdos|Hurricane|p2a: Slowking
|-damage|p2a: Slowking|15/100 par
|move|p2a: Slowking|Future Sight|p1a: Zapdos
|-start|p2a: Slowking|move: Future Sight
|
|-weather|RainDance|[upkeep]
|turn|21
|
|switch|p2a: little guy|Pelipper, F|30/100
|move|p1a: Zapdos|Hurricane|p2a: little guy
|-damage|p2a: little guy|0 fnt
|faint|p2a: little guy
|
|-weather|none
|
|switch|p2a: Slowking|Slowking-Galar, F, shiny|48/100 par
|turn|22
|
|move|p1a: Zapdos|Hurricane|p2a: Slowking
|-damage|p2a: Slowking|11/100 par
|move|p2a: Slowking|Flamethrower|p1a: Zapdos
|-damage|p1a: Zapdos|17/100
|
|-end|p1a: Zapdos|move: Future Sight
|-damage|p1a: Zapdos|0 fnt
|faint|p1a: Zapdos
|
|switch|p1a: Pawmot|Pawmot, F|100/100
|turn|23
|
|move|p1a: Pawmot|Revival Blessing|p1a: Pawmot
|
|-heal|p1: Zapdos|50/100|[from] move: Revival Blessing
|move|p2a: Slowking|Future Sight|p1a: Pawmot
|-start|p2a: Slowking|move: Future Sight
|
|turn|24
|
|move|p1a: Pawmot|Double Shock|p2a: Slowking
|-damage|p2a: Slowking|0 fnt
|-start|p1a: Pawmot|typechange|???/Fighting|[from] move: Double Shock
|faint|p2a: Slowking
|
|
|switch|p2a: Dubious creature|Urshifu-Rapid-Strike, F|100/100
|turn|25
|
|switch|p1a: Amoonguss|Amoonguss, F|100/100
|move|p2a: Dubious creature|Swords Dance|p2a: Dubious creature
|-boost|p2a: Dubious creature|atk|2
|
|-end|p1a: Amoonguss|move: Future Sight
|-supereffective|p1a: Amoonguss
|-damage|p1a: Amoonguss|14/100
|turn|26
|
|move|p2a: Dubious creature|Surging Strikes|p1a: Amoonguss
|-resisted|p1a: Amoonguss
|-crit|p1a: Amoonguss
|-damage|p1a: Amoonguss|0 fnt
|faint|p1a: Amoonguss
|-hitcount|p1: Amoonguss|1
|
|
|switch|p1a: Zapdos|Zapdos|50/100
|turn|27
|
|-terastallize|p2a: Dubious creature|Fighting
|move|p1a: Zapdos|Thunder|p2a: Dubious creature
|-damage|p2a: Dubious creature|0 fnt
|faint|p2a: Dubious creature
|
|-message|p2 forfeited.
|
|win|p1
