# advantage = p2
|poke|p1|Dragapult, M|
|poke|p1|Slowking, F|
|poke|p1|Zamazenta-*|
|poke|p1|Ting-Lu|
|poke|p1|Corviknight, F|
|poke|p1|Skeledirge, M|
|poke|p2|Great Tusk|
|poke|p2|Indeedee, M|
|poke|p2|Volcarona, F|
|poke|p2|Sneasler, M|
|poke|p2|Hatterene, F|
|poke|p2|Polteageist|
|teampreview
|
|start
|switch|p1a: Ting-Lu|Ting-Lu|100/100
|switch|p2a: Great Tusk|Great Tusk|100/100
|-ability|p1a: Ting-Lu|Vessel of Ruin
|turn|1
|
|switch|p1a: Slowking|Slowking, F|100/100
|move|p2a: Great Tusk|Close Combat|p1a: Slowking
|-resisted|p1a: Slowking
|-damage|p1a: Slowking|76/100
|-unboost|p2a: Great Tusk|def|1
|-unboost|p2a: Great Tusk|spd|1
|
|turn|2
|
|move|p2a: Great Tusk|Stealth Rock|p1a: Slowking
|-sidestart|p1: p1|move: Stealth Rock
|move|p1a: Slowking|Surf|p2a: Great Tusk
|-supereffective|p2a: Great Tusk
|-enditem|p2a: Great Tusk|Focus Sash
|-damage|p2a: Great Tusk|1/100
|
|turn|3
|
|-end|p2a: Great Tusk|Protosynthesis|[silent]
|switch|p2a: Indeedee|Indeedee, M|100/100
|-fieldstart|move: Psychic Terrain|[from] ability: Psychic Surge|[of] p2a: Indeedee
|move|p1a: Slowking|Future Sight|p2a: Indeedee
|-start|p1a: Slowking|move: Future Sight
|
|turn|4
|
|move|p2a: Indeedee|Encore|p1a: Slowking
|-start|p1a: Slowking|Encore
|move|p1a: Slowking|Future Sight||[still]
|-fail|p1a: Slowking
|
|turn|5
|
|switch|p2a: Great Tusk|Great Tusk|1/100
|switch|p1a: Ting-Lu|Ting-Lu|100/100
|-damage|p1a: Ting-Lu|94/100|[from] Stealth Rock
|-ability|p1a: Ting-Lu|Vessel of Ruin
|
|-end|p2a: Great Tusk|move: Future Sight
|-supereffective|p2a: Great Tusk
|-damage|p2a: Great Tusk|0 fnt
|faint|p2a: Great Tusk
|-end|p2a: Great Tusk|Protosynthesis|[silent]
|-heal|p1a: Ting-Lu|100/100|[from] item: Leftovers
|
|switch|p2a: Sneasler|Sneasler, M, shiny|100/100
|-enditem|p2a: Sneasler|Psychic Seed
|-boost|p2a: Sneasler|spd|1|[from] item: Psychic Seed
|turn|6
|
|move|p2a: Sneasler|Close Combat|p1a: Ting-Lu
|-supereffective|p1a: Ting-Lu
|-damage|p1a: Ting-Lu|20/100
|-unboost|p2a: Sneasler|def|1
|-unboost|p2a: Sneasler|spd|1
|move|p1a: Ting-Lu|Earthquake|p2a: Sneasler
|-supereffective|p2a: Sneasler
|-damage|p2a: Sneasler|0 fnt
|faint|p2a: Sneasler
|
|-heal|p1a: Ting-Lu|26/100|[from] item: Leftovers
|
|switch|p2a: Volcarona|Volcarona, F|100/100
|turn|7
|
|move|p2a: Volcarona|Quiver Dance|p2a: Volcarona
|-boost|p2a: Volcarona|spa|1
|-boost|p2a: Volcarona|spd|1
|-boost|p2a: Volcarona|spe|1
|move|p1a: Ting-Lu|Earthquake|p2a: Volcarona
|-damage|p2a: Volcarona|38/100
|
|-heal|p1a: Ting-Lu|32/100|[from] item: Leftovers
|turn|8
|
|move|p2a: Volcarona|Giga Drain|p1a: Ting-Lu
|-supereffective|p1a: Ting-Lu
|-damage|p1a: Ting-Lu|0 fnt
|-heal|p2a: Volcarona|65/100|[from] drain|[of] p1a: Ting-Lu
|faint|p1a: Ting-Lu
|
|
|switch|p1a: Dragapult|Dragapult, M|100/100
|-damage|p1a: Dragapult|88/100|[from] Stealth Rock
|turn|9
|
|-terastallize|p2a: Volcarona|Ground
|move|p1a: Dragapult|Dragon Darts|p2a: Volcarona
|-damage|p2a: Volcarona|21/100
|-anim|p1a: Dragapult|Dragon Darts|p2a: Volcarona
|-damage|p2a: Volcarona|0 fnt
|faint|p2a: Volcarona
|
|
|switch|p2a: Polteageist|Polteageist|100/100
|turn|10
|
|move|p1a: Dragapult|Dragon Darts|p2a: Polteageist
|-damage|p2a: Polteageist|53/100
|-ability|p2a: Polteageist|Weak Armor|boost
|-unboost|p2a: Polteageist|def|1
|-boost|p2a: Polteageist|spe|2
|-anim|p1a: Dragapult|Dragon Darts|p2a: Polteageist
|-damage|p2a: Polteageist|0 fnt
|faint|p2a: Polteageist
|
|-fieldend|move: Psychic Terrain
|
|switch|p2a: Indeedee|Indeedee, M|100/100
|-fieldstart|move: Psychic Terrain|[from] ability: Psychic Surge|[of] p2a: Indeedee
|turn|11
|
|switch|p2a: Hatterene|Hatterene, F|100/100
|move|p1a: Dragapult|Dragon Darts|p2a: Hatterene
|-immune|p2a: Hatterene
|
|turn|12
|
|switch|p1a: Skeledirge|Skeledirge, M|100/100
|move|p2a: Hatterene|Psychic|p1a: Skeledirge
|-damage|p1a: Skeledirge|54/100
|
|turn|13
|
|move|p1a: Skeledirge|Shadow Ball|p2a: Hatterene
|-supereffective|p2a: Hatterene
|-damage|p2a: Hatterene|37/100
|-enditem|p2a: Hatterene|Eject Button
|
|switch|p2a: Indeedee|Indeedee, M|100/100
|
|turn|14
|
|switch|p1a: Slowking|Slowking, F|100/100
|move|p2a: Indeedee|Encore||[still]
|-fail|p2a: Indeedee
|
|turn|15
|
|move|p2a: Indeedee|Psychic|p1a: Slowking
|-resisted|p1a: Slowking
|-damage|p1a: Slowking|80/100
|move|p1a: Slowking|Chilly Reception|p1a: Slowking
|-weather|Snow
|
|switch|p1a: Dragapult|Dragapult, M|88/100|[from] Chilly Reception
|-damage|p1a: Dragapult|76/100|[from] Stealth Rock
|
|-weather|Snow|[upkeep]
|turn|16
|
|move|p1a: Dragapult|U-turn|p2a: Indeedee
|-supereffective|p2a: Indeedee
|-damage|p2a: Indeedee|0 fnt
|faint|p2a: Indeedee
|
|switch|p1a: Zamazenta|Zamazenta|100/100|[from] U-turn
|-damage|p1a: Zamazenta|94/100|[from] Stealth Rock
|-ability|p1a: Zamazenta|Dauntless Shield|boost
|-boost|p1a: Zamazenta|def|1
|
|-weather|Snow|[upkeep]
|
|switch|p2a: Hatterene|Hatterene, F|37/100
|turn|17
|
|move|p1a: Zamazenta|Iron Head|p2a: Hatterene
|-supereffective|p2a: Hatterene
|-damage|p2a: Hatterene|0 fnt
|faint|p2a: Hatterene
|
|win|p1
