|poke|p1|Avalugg-Hisui, F|
|poke|p1|Venomoth, F|
|poke|p1|Talonflame, F|
|poke|p1|Mismagius, M|
|poke|p1|Breloom, M|
|poke|p1|Meloetta|
|poke|p2|Goodra-Hisui, F|
|poke|p2|Arcanine-Hisui, F|
|poke|p2|Decidueye-Hisui, M|
|poke|p2|Samurott-Hisui, F|
|poke|p2|Typhlosion-Hisui, F|
|poke|p2|Lilligant-Hisui, F|
|teampreview
|
|start
|switch|p1a: Talonflame|Talonflame, F|100/100
|switch|p2a: Goodra|Goodra-Hisui, F|100/100
|turn|1
|
|move|p1a: Talonflame|Flare Blitz|p2a: Goodra
|-damage|p2a: Goodra|61/100
|-damage|p1a: Talonflame|87/100|[from] Recoil
|move|p2a: Goodra|Hydro Pump|p1a: Talonflame
|-supereffective|p1a: Talonflame
|-damage|p1a: Talonflame|0 fnt
|faint|p1a: Talonflame
|
|
|switch|p1a: Meloetta|Meloetta|100/100
|turn|2
|
|move|p1a: Meloetta|Focus Blast|p2a: Goodra
|-supereffective|p2a: Goodra
|-damage|p2a: Goodra|0 fnt
|faint|p2a: Goodra
|
|
|switch|p2a: Typhlosion|Typhlosion-Hisui, F|100/100
|turn|3
|
|move|p2a: Typhlosion|Eruption|p1a: Meloetta
|-damage|p1a: Meloetta|67/100
|move|p1a: Meloetta|Psychic|p2a: Typhlosion
|-damage|p2a: Typhlosion|55/100
|
|turn|4
|
|move|p2a: Typhlosion|Fire Blast|p1a: Meloetta
|-damage|p1a: Meloetta|44/100
|-status|p1a: Meloetta|brn
|move|p1a: Meloetta|Psychic|p2a: Typhlosion
|-damage|p2a: Typhlosion|8/100
|
|-damage|p1a: Meloetta|38/100 brn|[from] brn
|turn|5
|
|switch|p2a: Samurott|Samurott-Hisui, F|100/100
|move|p1a: Meloetta|Psychic|p2a: Samurott
|-immune|p2a: Samurott
|
|-damage|p1a: Meloetta|32/100 brn|[from] brn
|turn|6
|
|move|p2a: Samurott|Ceaseless Edge|p1a: Meloetta
|-supereffective|p1a: Meloetta
|-damage|p1a: Meloetta|0 fnt
|-sidestart|p1: DawnTyrantEo|Spikes
|faint|p1a: Meloetta
|-damage|p2a: Samurott|91/100|[from] item: Life Orb
|
|
|switch|p1a: Breloom|Breloom, M|100/100
|-damage|p1a: Breloom|88/100|[from] Spikes
|turn|7
|
|switch|p2a: Lilligant|Lilligant-Hisui, F|100/100
|move|p1a: Breloom|Seed Bomb|p2a: Lilligant
|-resisted|p2a: Lilligant
|-damage|p2a: Lilligant|64/100
|
|turn|8
|
|move|p1a: Breloom|Mach Punch|p2a: Lilligant
|-damage|p2a: Lilligant|10/100
|move|p2a: Lilligant|Victory Dance|p2a: Lilligant
|-boost|p2a: Lilligant|atk|1
|-boost|p2a: Lilligant|def|1
|-boost|p2a: Lilligant|spe|1
|
|turn|9
|
|switch|p2a: Typhlosion|Typhlosion-Hisui, F|8/100
|move|p1a: Breloom|Mach Punch|p2a: Typhlosion
|-immune|p2a: Typhlosion
|
|turn|10
|
|move|p2a: Typhlosion|Fire Blast|p1a: Breloom
|-supereffective|p1a: Breloom
|-damage|p1a: Breloom|0 fnt
|faint|p1a: Breloom
|
|
|switch|p1a: Mismagius|Mismagius, M|100/100
|turn|11
|
|move|p1a: Mismagius|Shadow Ball|p2a: Typhlosion
|-supereffective|p2a: Typhlosion
|-damage|p2a: Typhlosion|0 fnt
|faint|p2a: Typhlosion
|
|
|switch|p2a: Samurott|Samurott-Hisui, F|91/100
|turn|12
|
|move|p1a: Mismagius|Nasty Plot|p1a: Mismagius
|-boost|p1a: Mismagius|spa|2
|move|p2a: Samurott|Ceaseless Edge|p1a: Mismagius
|-supereffective|p1a: Mismagius
|-enditem|p1a: Mismagius|Colbur Berry|[eat]
|-enditem|p1a: Mismagius|Colbur Berry|[weaken]
|-damage|p1a: Mismagius|0 fnt
|-sidestart|p1: DawnTyrantEo|Spikes
|faint|p1a: Mismagius
|-damage|p2a: Samurott|81/100|[from] item: Life Orb
|
|
|switch|p1a: Avalugg|Avalugg-Hisui, F|100/100
|turn|13
|
|move|p2a: Samurott|Aqua Cutter|p1a: Avalugg
|-supereffective|p1a: Avalugg
|-damage|p1a: Avalugg|47/100
|-damage|p2a: Samurott|71/100|[from] item: Life Orb
|move|p1a: Avalugg|Rapid Spin|p2a: Samurott
|-damage|p2a: Samurott|51/100
|-boost|p1a: Avalugg|spe|1
|-sideend|p1: DawnTyrantEo|Spikes|[from] move: Rapid Spin|[of] p1a: Avalugg
|
|turn|14
|
|-terastallize|p1a: Avalugg|Flying
|move|p2a: Samurott|Aqua Cutter|p1a: Avalugg
|-crit|p1a: Avalugg
|-damage|p1a: Avalugg|9/100
|-damage|p2a: Samurott|41/100|[from] item: Life Orb
|move|p1a: Avalugg|Recover|p1a: Avalugg
|-heal|p1a: Avalugg|59/100
|
|turn|15
|
|-terastallize|p2a: Samurott|Water
|move|p2a: Samurott|Aqua Cutter|p1a: Avalugg
|-damage|p1a: Avalugg|25/100
|-damage|p2a: Samurott|31/100|[from] item: Life Orb
|move|p1a: Avalugg|Recover|p1a: Avalugg
|-heal|p1a: Avalugg|75/100
|
|turn|16
|
|move|p2a: Samurott|Aqua Cutter|p1a: Avalugg
|-crit|p1a: Avalugg
|-damage|p1a: Avalugg|27/100
|-damage|p2a: Samurott|21/100|[from] item: Life Orb
|move|p1a: Avalugg|Recover|p1a: Avalugg
|-heal|p1a: Avalugg|77/100
|
|turn|17
|
|move|p2a: Samurott|Ceaseless Edge|p1a: Avalugg
|-damage|p1a: Avalugg|52/100
|-sidestart|p1: DawnTyrantEo|Spikes
|-damage|p2a: Samurott|11/100|[from] item: Life Orb
|move|p1a: Avalugg|Recover|p1a: Avalugg
|-heal|p1a: Avalugg|100/100
|
|turn|18
|
|move|p2a: Samurott|Ceaseless Edge|p1a: Avalugg
|-damage|p1a: Avalugg|77/100
|-sidestart|p1: DawnTyrantEo|Spikes
|-damage|p2a: Samurott|1/100|[from] item: Life Orb
|move|p1a: Avalugg|Rapid Spin|p2a: Samurott
|-damage|p2a: Samurott|0 fnt
|-boost|p1a: Avalugg|spe|1
|-sideend|p1: DawnTyrantEo|Spikes|[from] move: Rapid Spin|[of] p1a: Avalugg
|faint|p2a: Samurott
|
|
|switch|p2a: Arcanine|Arcanine-Hisui, F|100/100
|turn|19
|
|move|p2a: Arcanine|Head Smash|p1a: Avalugg
|-supereffective|p1a: Avalugg
|-damage|p1a: Avalugg|20/100
|move|p1a: Avalugg|Stone Edge|p2a: Arcanine
|-supereffective|p2a: Arcanine
|-damage|p2a: Arcanine|2/100
|
|turn|20
|
|move|p2a: Arcanine|Head Smash|p1a: Avalugg
|-supereffective|p1a: Avalugg
|-damage|p1a: Avalugg|0 fnt
|faint|p1a: Avalugg
|
|
|switch|p1a: Venomoth|Venomoth, F|100/100
|turn|21
|
|move|p2a: Arcanine|Head Smash|p1a: Venomoth
|-supereffective|p1a: Venomoth
|-enditem|p1a: Venomoth|Focus Sash
|-damage|p1a: Venomoth|1/100
|move|p1a: Venomoth|Quiver Dance|p1a: Venomoth
|-boost|p1a: Venomoth|spa|1
|-boost|p1a: Venomoth|spd|1
|-boost|p1a: Venomoth|spe|1
|
|turn|22
|
|move|p1a: Venomoth|Psychic|p2a: Arcanine
|-damage|p2a: Arcanine|0 fnt
|faint|p2a: Arcanine
|
|
|switch|p2a: Decidueye|Decidueye-Hisui, M|100/100
|turn|23
|
|move|p2a: Decidueye|Sucker Punch|p1a: Venomoth
|-damage|p1a: Venomoth|0 fnt
|faint|p1a: Venomoth
|
|win|LordofFire2000
