|poke|p1|Slowking, F|
|poke|p1|Enamorus-Therian, F|
|poke|p1|Ursaluna, M|
|poke|p1|Diancie|
|poke|p1|Glastrier|
|poke|p1|Azumarill, F|
|poke|p2|Zoroark-Hisui, M|
|poke|p2|Sneasler, F|
|poke|p2|Wo-Chien|
|poke|p2|Brambleghast, M|
|poke|p2|Tauros-Paldea-Blaze, M|
|poke|p2|Mimikyu, F|
|teampreview
|
|start
|switch|p1a: Slowking|Slowking, F|100/100
|switch|p2a: Sneasler|Sneasler, F|100/100
|turn|1
|
|move|p2a: Sneasler|Fake Out|p1a: Slowking
|-damage|p1a: Slowking|87/100
|-status|p1a: Slowking|psn|[from] ability: Poison Touch|[of] p2a: Sneasler
|cant|p1a: Slowking|flinch
|
|-heal|p1a: Slowking|93/100 psn|[from] item: Leftovers
|-damage|p1a: Slowking|81/100 psn|[from] psn
|turn|2
|
|move|p2a: Sneasler|U-turn|p1a: Slowking
|-supereffective|p1a: Slowking
|-damage|p1a: Slowking|35/100 psn
|
|switch|p2a: Wo-Chien|Wo-Chien|100/100|[from] U-turn
|-ability|p2a: Wo-Chien|Tablets of Ruin
|move|p1a: Slowking|Psyshock|p2a: Wo-Chien
|-immune|p2a: Wo-Chien
|
|-heal|p1a: Slowking|41/100 psn|[from] item: Leftovers
|-damage|p1a: Slowking|29/100 psn|[from] psn
|turn|3
|
|move|p2a: Wo-Chien|Trailblaze|p1a: Slowking
|-supereffective|p1a: Slowking
|-damage|p1a: Slowking|0 fnt
|-boost|p2a: Wo-Chien|spe|1
|faint|p1a: Slowking
|
|
|switch|p1a: Diancie|Diancie|100/100
|turn|4
|
|move|p2a: Wo-Chien|Ruination|p1a: Diancie
|-damage|p1a: Diancie|50/100
|move|p1a: Diancie|Trick Room|p1a: Diancie
|-fieldstart|move: Trick Room|[of] p1a: Diancie
|
|-heal|p1a: Diancie|57/100|[from] item: Leftovers
|turn|5
|
|move|p1a: Diancie|Diamond Storm|p2a: Wo-Chien
|-damage|p2a: Wo-Chien|77/100
|move|p2a: Wo-Chien|Ruination|p1a: Diancie
|-damage|p1a: Diancie|29/100
|
|-heal|p1a: Diancie|35/100|[from] item: Leftovers
|turn|6
|
|move|p1a: Diancie|Diamond Storm|p2a: Wo-Chien
|-damage|p2a: Wo-Chien|53/100
|move|p2a: Wo-Chien|Trailblaze|p1a: Diancie
|-supereffective|p1a: Diancie
|-damage|p1a: Diancie|11/100
|-boost|p2a: Wo-Chien|spe|1
|
|-heal|p1a: Diancie|18/100|[from] item: Leftovers
|turn|7
|
|move|p1a: Diancie|Body Press|p2a: Wo-Chien
|-supereffective|p2a: Wo-Chien
|-damage|p2a: Wo-Chien|23/100
|move|p2a: Wo-Chien|Trailblaze|p1a: Diancie
|-supereffective|p1a: Diancie
|-damage|p1a: Diancie|0 fnt
|-boost|p2a: Wo-Chien|spe|1
|faint|p1a: Diancie
|
|
|switch|p1a: Enamorus|Enamorus-Therian, F|100/100
|turn|8
|
|move|p1a: Enamorus|Moonblast|p2a: Wo-Chien
|-supereffective|p2a: Wo-Chien
|-damage|p2a: Wo-Chien|0 fnt
|faint|p2a: Wo-Chien
|
|-fieldend|move: Trick Room
|
|switch|p2a: Sneasler|Sneasler, F|100/100
|turn|9
|
|switch|p1a: Glastrier|Glastrier|100/100
|move|p2a: Sneasler|Fake Out|p1a: Glastrier
|-damage|p1a: Glastrier|91/100
|
|turn|10
|
|move|p2a: Sneasler|Dire Claw|p1a: Glastrier
|-crit|p1a: Glastrier
|-damage|p1a: Glastrier|47/100
|-status|p1a: Glastrier|psn|[from] ability: Poison Touch|[of] p2a: Sneasler
|move|p1a: Glastrier|Icicle Crash|p2a: Sneasler
|-damage|p2a: Sneasler|14/100
|
|-damage|p1a: Glastrier|34/100 psn|[from] psn
|turn|11
|
|move|p2a: Sneasler|U-turn|p1a: Glastrier
|-crit|p1a: Glastrier
|-damage|p1a: Glastrier|8/100 psn
|
|switch|p2a: Tauros|Tauros-Paldea-Blaze, M|100/100|[from] U-turn
|move|p1a: Glastrier|Icicle Crash|p2a: Tauros
|-resisted|p2a: Tauros
|-damage|p2a: Tauros|70/100
|
|-damage|p1a: Glastrier|0 fnt|[from] psn
|faint|p1a: Glastrier
|
|switch|p1a: Azumarill|Azumarill, F|100/100
|turn|12
|
|move|p2a: Tauros|Trailblaze|p1a: Azumarill
|-supereffective|p1a: Azumarill
|-damage|p1a: Azumarill|65/100
|-boost|p2a: Tauros|spe|1
|move|p1a: Azumarill|Liquidation|p2a: Tauros
|-supereffective|p2a: Tauros
|-damage|p2a: Tauros|0 fnt
|faint|p2a: Tauros
|
|
|switch|p2a: Brambleghast|Brambleghast, M|100/100
|turn|13
|
|switch|p1a: Enamorus|Enamorus-Therian, F|100/100
|move|p2a: Brambleghast|Bullet Seed|p1a: Enamorus
|-resisted|p1a: Enamorus
|-damage|p1a: Enamorus|96/100
|-resisted|p1a: Enamorus
|-damage|p1a: Enamorus|92/100
|-resisted|p1a: Enamorus
|-damage|p1a: Enamorus|88/100
|-resisted|p1a: Enamorus
|-crit|p1a: Enamorus
|-damage|p1a: Enamorus|81/100
|-resisted|p1a: Enamorus
|-damage|p1a: Enamorus|77/100
|-hitcount|p1a: Enamorus|5
|
|turn|14
|
|move|p2a: Brambleghast|Bullet Seed|p1a: Enamorus
|-resisted|p1a: Enamorus
|-damage|p1a: Enamorus|72/100
|-resisted|p1a: Enamorus
|-damage|p1a: Enamorus|68/100
|-resisted|p1a: Enamorus
|-crit|p1a: Enamorus
|-damage|p1a: Enamorus|61/100
|-resisted|p1a: Enamorus
|-damage|p1a: Enamorus|57/100
|-hitcount|p1a: Enamorus|4
|move|p1a: Enamorus|Moonblast|p2a: Brambleghast
|-damage|p2a: Brambleghast|14/100
|-unboost|p2a: Brambleghast|spa|1
|
|turn|15
|
|move|p2a: Brambleghast|Strength Sap|p1a: Enamorus
|-unboost|p1a: Enamorus|atk|1
|-heal|p2a: Brambleghast|81/100
|move|p1a: Enamorus|Moonblast|p2a: Brambleghast
|-damage|p2a: Brambleghast|0 fnt
|faint|p2a: Brambleghast
|
|
|switch|p2a: Sneasler|Sneasler, F|14/100
|turn|16
|
|move|p2a: Sneasler|Fake Out|p1a: Enamorus
|-damage|p1a: Enamorus|45/100
|cant|p1a: Enamorus|flinch
|
|turn|17
|
|-terastallize|p1a: Enamorus|Ground
|move|p2a: Sneasler|Dire Claw|p1a: Enamorus
|-resisted|p1a: Enamorus
|-damage|p1a: Enamorus|25/100
|move|p1a: Enamorus|Moonblast|p2a: Sneasler
|-damage|p2a: Sneasler|0 fnt
|faint|p2a: Sneasler
|
|
|switch|p2a: Mimikyu|Mimikyu, F|100/100
|turn|18
|
|move|p2a: Mimikyu|Hyper Voice|p1a: Enamorus
|-damage|p1a: Enamorus|0 fnt
|faint|p1a: Enamorus
|
|
|switch|p1a: Azumarill|Azumarill, F|65/100
|turn|19
|
|move|p1a: Azumarill|Aqua Jet|p2a: Mimikyu
|-damage|p2a: Mimikyu|25/100
|replace|p2a: Zoroark|Zoroark-Hisui, M
|-end|p2a: Zoroark|Illusion
|move|p2a: Zoroark|Hyper Voice|p1a: Azumarill
|-damage|p1a: Azumarill|18/100
|
|turn|20
|
|move|p1a: Azumarill|Aqua Jet|p2a: Zoroark
|-damage|p2a: Zoroark|0 fnt
|faint|p2a: Zoroark
|
|
|switch|p2a: Mimikyu|Mimikyu, F|100/100
|turn|21
|
|move|p1a: Azumarill|Aqua Jet|p2a: Mimikyu
|-activate|p2a: Mimikyu|ability: Disguise
|-damage|p2a: Mimikyu|100/100
|detailschange|p2a: Mimikyu|Mimikyu-Busted, F
|-damage|p2a: Mimikyu|88/100|[from] pokemon: Mimikyu-Busted
|move|p2a: Mimikyu|Shadow Claw|p1a: Azumarill
|-damage|p1a: Azumarill|0 fnt
|faint|p1a: Azumarill
|
|-heal|p2a: Mimikyu|94/100|[from] item: Leftovers
|
|switch|p1a: Ursaluna|Ursaluna, M|100/100
|turn|22
|
|move|p2a: Mimikyu|Bulk Up|p2a: Mimikyu
|-boost|p2a: Mimikyu|atk|1
|-boost|p2a: Mimikyu|def|1
|move|p1a: Ursaluna|Headlong Rush|p2a: Mimikyu
|-damage|p2a: Mimikyu|17/100
|-unboost|p1a: Ursaluna|def|1
|-unboost|p1a: Ursaluna|spd|1
|
|-heal|p2a: Mimikyu|23/100|[from] item: Leftovers
|-status|p1a: Ursaluna|brn|[from] item: Flame Orb
|turn|23
|
|-terastallize|p2a: Mimikyu|Fighting
|move|p2a: Mimikyu|Drain Punch|p1a: Ursaluna
|-supereffective|p1a: Ursaluna
|-damage|p1a: Ursaluna|0 fnt
|-heal|p2a: Mimikyu|100/100|[from] drain|[of] p1a: Ursaluna
|faint|p1a: Ursaluna
|
|win|p2
