|poke|p1|Articuno-Galar|
|poke|p1|Corviknight, F|
|poke|p1|Moltres-Galar|
|poke|p1|Zapdos|
|poke|p1|Braviary-Hisui, M|
|poke|p1|Tornadus-Therian, M|
|poke|p2|Zapdos|
|poke|p2|Heatran, F|
|poke|p2|Kingambit, F|
|poke|p2|Sneasler, M|
|poke|p2|Lucario, M|
|poke|p2|Chien-Pao|
|teampreview
|
|start
|switch|p1a: Moltres|Moltres-Galar|100/100
|switch|p2a: Heatran|Heatran, F|100/100
|turn|1
|
|move|p1a: Moltres|Nasty Plot|p1a: Moltres
|-boost|p1a: Moltres|spa|2
|move|p2a: Heatran|Stealth Rock|p1a: Moltres
|-sidestart|p1: Thicc Juicy Boi|move: Stealth Rock
|
|turn|2
|
|move|p1a: Moltres|Agility|p1a: Moltres
|-boost|p1a: Moltres|spe|2
|move|p2a: Heatran|Lava Plume|p1a: Moltres
|-damage|p1a: Moltres|71/100
|
|turn|3
|
|move|p1a: Moltres|Nasty Plot|p1a: Moltres
|-boost|p1a: Moltres|spa|2
|move|p2a: Heatran|Lava Plume|p1a: Moltres
|-damage|p1a: Moltres|39/100
|-ability|p1a: Moltres|Berserk|boost
|-boost|p1a: Moltres|spa|1
|
|turn|4
|
|move|p1a: Moltres|Fiery Wrath|p2a: Heatran
|-damage|p2a: Heatran|0 fnt
|faint|p2a: Heatran
|
|
|switch|p2a: Chien-Pao|Chien-Pao|100/100
|-ability|p2a: Chien-Pao|Sword of Ruin
|turn|5
|
|-terastallize|p1a: Moltres|Dark
|move|p2a: Chien-Pao|Ice Shard|p1a: Moltres
|-damage|p1a: Moltres|5/100
|-enditem|p1a: Moltres|Salac Berry|[eat]
|-boost|p1a: Moltres|spe|1|[from] item: Salac Berry
|move|p1a: Moltres|Fiery Wrath|p2a: Chien-Pao
|-resisted|p2a: Chien-Pao
|-damage|p2a: Chien-Pao|0 fnt
|faint|p2a: Chien-Pao
|
|
|switch|p2a: Lucario|Lucario, M|100/100
|turn|6
|
|switch|p1a: Corviknight|Corviknight, F|100/100
|-ability|p1a: Corviknight|Pressure
|move|p2a: Lucario|Vacuum Wave|p1a: Corviknight
|-damage|p1a: Corviknight|78/100
|
|turn|7
|
|move|p2a: Lucario|Nasty Plot|p2a: Lucario
|-boost|p2a: Lucario|spa|2
|move|p1a: Corviknight|Defog|p2a: Lucario
|-unboost|p2a: Lucario|evasion|1
|-sideend|p1: Thicc Juicy Boi|Stealth Rock|[from] move: Defog|[of] p1a: Corviknight
|
|turn|8
|
|move|p2a: Lucario|Focus Blast|p1a: Corviknight|[miss]
|-miss|p2a: Lucario|p1a: Corviknight
|move|p1a: Corviknight|U-turn|p2a: Lucario
|-resisted|p2a: Lucario
|-damage|p2a: Lucario|95/100
|
|switch|p1a: Braviary|Braviary-Hisui, M|100/100|[from] U-turn
|
|turn|9
|
|move|p2a: Lucario|Flash Cannon|p1a: Braviary
|-damage|p1a: Braviary|11/100
|move|p1a: Braviary|Esper Wing|p2a: Lucario
|-damage|p2a: Lucario|26/100
|-boost|p1a: Braviary|spe|1
|
|-heal|p1a: Braviary|17/100|[from] item: Leftovers
|turn|10
|
|move|p2a: Lucario|Focus Blast|p1a: Braviary
|-resisted|p1a: Braviary
|-damage|p1a: Braviary|0 fnt
|faint|p1a: Braviary
|
|
|switch|p1a: Zapdos|Zapdos|100/100
|turn|11
|
|move|p1a: Zapdos|Volt Switch|p2a: Lucario
|-damage|p2a: Lucario|0 fnt
|faint|p2a: Lucario
|
|switch|p1a: Tornadus|Tornadus-Therian, M|100/100|[from] Volt Switch
|
|
|switch|p2a: Kingambit|Kingambit, F|100/100
|-activate|p2a: Kingambit|ability: Supreme Overlord
|-start|p2a: Kingambit|fallen3|[silent]
|turn|12
|
|move|p1a: Tornadus|Focus Blast|p2a: Kingambit
|-supereffective|p2a: Kingambit
|-damage|p2a: Kingambit|0 fnt
|faint|p2a: Kingambit
|-end|p2a: Kingambit|fallen3|[silent]
|
|
|switch|p2a: Sneasler|Sneasler, M|100/100
|turn|13
|
|-terastallize|p2a: Sneasler|Fighting
|move|p1a: Tornadus|Bleakwind Storm|p2a: Sneasler
|-supereffective|p2a: Sneasler
|-damage|p2a: Sneasler|0 fnt
|faint|p2a: Sneasler
|
|-message|izoulecrack forfeited.
|
|win|Thicc Juicy Boi
