|poke|p1|Pelipper, M|
|poke|p1|Walking Wake|
|poke|p1|Basculegion, M|
|poke|p1|Rotom-Wash|
|poke|p1|Baxcalibur, F|
|poke|p1|Samurott-Hisui, M|
|poke|p2|Zamazenta-*|
|poke|p2|Magearna|
|poke|p2|Chien-Pao|
|poke|p2|Dragapult, F|
|poke|p2|Ursaluna, F|
|poke|p2|Great Tusk|
|teampreview
|
|start
|switch|p1a: Pelipper|Pelipper, M|100/100
|switch|p2a: Chien-Pao|Chien-Pao|100/100
|-ability|p2a: Chien-Pao|Sword of Ruin
|-weather|RainDance|[from] ability: Drizzle|[of] p1a: Pelipper
|turn|1
|
|move|p2a: Chien-Pao|Icicle Crash|p1a: Pelipper|[miss]
|-miss|p2a: Chien-Pao|p1a: Pelipper
|move|p1a: Pelipper|Knock Off|p2a: Chien-Pao
|-resisted|p2a: Chien-Pao
|-damage|p2a: Chien-Pao|91/100
|-enditem|p2a: Chien-Pao|Choice Band|[from] move: Knock Off|[of] p1a: Pelipper
|
|-weather|RainDance|[upkeep]
|turn|2
|
|switch|p1a: Rotom|Rotom-Wash|100/100
|move|p2a: Chien-Pao|Crunch|p1a: Rotom
|-damage|p1a: Rotom|42/100
|
|-weather|RainDance|[upkeep]
|-heal|p1a: Rotom|49/100|[from] item: Leftovers
|turn|3
|
|move|p2a: Chien-Pao|Crunch|p1a: Rotom
|-damage|p1a: Rotom|0 fnt
|faint|p1a: Rotom
|
|-weather|RainDance|[upkeep]
|
|switch|p1a: Walking Wake|Walking Wake|100/100
|-enditem|p1a: Walking Wake|Booster Energy
|-activate|p1a: Walking Wake|ability: Protosynthesis|[fromitem]
|-start|p1a: Walking Wake|protosynthesisspa
|turn|4
|
|switch|p2a: Ursaluna|Ursaluna, F|100/100
|move|p1a: Walking Wake|Flamethrower|p2a: Ursaluna
|-damage|p2a: Ursaluna|83/100
|
|-weather|RainDance|[upkeep]
|-status|p2a: Ursaluna|brn|[from] item: Flame Orb
|turn|5
|
|move|p1a: Walking Wake|Draco Meteor|p2a: Ursaluna
|-damage|p2a: Ursaluna|1/100 brn
|-unboost|p1a: Walking Wake|spa|2
|move|p2a: Ursaluna|Earthquake|p1a: Walking Wake
|-damage|p1a: Walking Wake|2/100
|
|-weather|RainDance|[upkeep]
|-damage|p2a: Ursaluna|0 fnt|[from] brn
|faint|p2a: Ursaluna
|
|switch|p2a: Dragapult|Dragapult, F|100/100
|turn|6
|
|-end|p1a: Walking Wake|Protosynthesis|[silent]
|switch|p1a: Samurott|Samurott-Hisui, M|100/100
|move|p2a: Dragapult|Light Screen|p2a: Dragapult
|-sidestart|p2: Knowledgini|move: Light Screen
|
|-weather|RainDance|[upkeep]
|turn|7
|
|move|p2a: Dragapult|Reflect|p2a: Dragapult
|-sidestart|p2: Knowledgini|Reflect
|move|p1a: Samurott|Ceaseless Edge|p2a: Dragapult
|-supereffective|p2a: Dragapult
|-damage|p2a: Dragapult|50/100
|-sidestart|p2: Knowledgini|Spikes
|-start|p1a: Samurott|Disable|Ceaseless Edge|[from] ability: Cursed Body|[of] p2a: Dragapult
|
|-weather|RainDance|[upkeep]
|turn|8
|
|move|p1a: Samurott|Sucker Punch||[still]
|-fail|p1a: Samurott
|move|p2a: Dragapult|Curse|p1a: Samurott
|-start|p1a: Samurott|Curse|[of] p2a: Dragapult
|-damage|p2a: Dragapult|0 fnt
|faint|p2a: Dragapult
|
|-weather|none
|-damage|p1a: Samurott|76/100|[from] Curse
|
|switch|p2a: Magearna|Magearna|100/100
|-damage|p2a: Magearna|88/100|[from] Spikes
|turn|9
|
|switch|p1a: Walking Wake|Walking Wake|2/100
|move|p2a: Magearna|Shift Gear|p2a: Magearna
|-boost|p2a: Magearna|spe|2
|-boost|p2a: Magearna|atk|1
|
|turn|10
|
|move|p2a: Magearna|Shift Gear|p2a: Magearna
|-boost|p2a: Magearna|spe|2
|-boost|p2a: Magearna|atk|1
|move|p1a: Walking Wake|Flamethrower|p2a: Magearna
|-supereffective|p2a: Magearna
|-damage|p2a: Magearna|62/100
|-enditem|p2a: Magearna|Weakness Policy
|-boost|p2a: Magearna|atk|2|[from] item: Weakness Policy
|-boost|p2a: Magearna|spa|2|[from] item: Weakness Policy
|
|turn|11
|
|move|p2a: Magearna|Draining Kiss|p1a: Walking Wake
|-supereffective|p1a: Walking Wake
|-damage|p1a: Walking Wake|0 fnt
|-heal|p2a: Magearna|63/100|[from] drain|[of] p1a: Walking Wake
|faint|p1a: Walking Wake
|-ability|p2a: Magearna|Soul-Heart|boost
|-boost|p2a: Magearna|spa|1
|-end|p1a: Walking Wake|Protosynthesis|[silent]
|
|
|switch|p1a: Pelipper|Pelipper, M|100/100
|-weather|RainDance|[from] ability: Drizzle|[of] p1a: Pelipper
|turn|12
|
|move|p2a: Magearna|Stored Power|p1a: Pelipper
|-damage|p1a: Pelipper|0 fnt
|faint|p1a: Pelipper
|-ability|p2a: Magearna|Soul-Heart|boost
|-boost|p2a: Magearna|spa|1
|
|-weather|RainDance|[upkeep]
|
|switch|p1a: Basculegion|Basculegion, M|100/100
|turn|13
|
|switch|p1a: Samurott|Samurott-Hisui, M|76/100
|move|p2a: Magearna|Stored Power|p1a: Samurott
|-immune|p1a: Samurott
|
|-weather|RainDance|[upkeep]
|-sideend|p2: Knowledgini|move: Light Screen
|turn|14
|
|switch|p1a: Baxcalibur|Baxcalibur, F|100/100
|move|p2a: Magearna|Draining Kiss|p1a: Baxcalibur
|-supereffective|p1a: Baxcalibur
|-damage|p1a: Baxcalibur|0 fnt
|-heal|p2a: Magearna|100/100|[from] drain|[of] p1a: Baxcalibur
|faint|p1a: Baxcalibur
|-ability|p2a: Magearna|Soul-Heart|boost
|-boost|p2a: Magearna|spa|1
|
|-weather|RainDance|[upkeep]
|-sideend|p2: Knowledgini|Reflect
|
|switch|p1a: Basculegion|Basculegion, M|100/100
|turn|15
|
|move|p2a: Magearna|Stored Power|p1a: Basculegion
|-damage|p1a: Basculegion|0 fnt
|faint|p1a: Basculegion
|-ability|p2a: Magearna|Soul-Heart|boost
|-boost|p2a: Magearna|spa|1
|
|-weather|RainDance|[upkeep]
|
|switch|p1a: Samurott|Samurott-Hisui, M|76/100
|turn|16
|
|move|p2a: Magearna|Draining Kiss|p1a: Samurott
|-supereffective|p1a: Samurott
|-damage|p1a: Samurott|0 fnt
|faint|p1a: Samurott
|
|win|Knowledgini
