|poke|p1|Volcarona, F|
|poke|p1|Breloom, M|
|poke|p1|Gastrodon, M|
|poke|p1|Haxorus, F|
|poke|p1|Iron Valiant|
|poke|p1|Noivern, M|
|poke|p2|Lilligant-Hisui, F|
|poke|p2|Toxapex, M|
|poke|p2|Garganacl, M|
|poke|p2|Meowscarada, M|
|poke|p2|Gholdengo|
|poke|p2|Garchomp, F|
|teampreview
|
|start
|switch|p1a: Noivern|Noivern, M|100/100
|switch|p2a: Garganacl|Garganacl, M|100/100
|turn|1
|
|move|p1a: Noivern|Tailwind|p1a: Noivern
|-sidestart|p1: p1|move: Tailwind
|move|p2a: Garganacl|Stealth Rock|p1a: Noivern
|-sidestart|p1: p1|move: Stealth Rock
|
|turn|2
|
|switch|p1a: Breloom|Breloom, M|100/100
|-damage|p1a: Breloom|94/100|[from] Stealth Rock
|move|p2a: Garganacl|Salt Cure|p1a: Breloom
|-resisted|p1a: Breloom
|-damage|p1a: Breloom|84/100
|-start|p1a: Breloom|Salt Cure
|
|-damage|p1a: Breloom|72/100|[from] Salt Cure
|turn|3
|
|switch|p2a: Gholdengo|Gholdengo|100/100
|move|p1a: Breloom|Bullet Seed|p2a: Gholdengo
|-resisted|p2a: Gholdengo
|-damage|p2a: Gholdengo|88/100
|-resisted|p2a: Gholdengo
|-damage|p2a: Gholdengo|76/100
|-resisted|p2a: Gholdengo
|-damage|p2a: Gholdengo|64/100
|-resisted|p2a: Gholdengo
|-damage|p2a: Gholdengo|52/100
|-resisted|p2a: Gholdengo
|-damage|p2a: Gholdengo|41/100
|-hitcount|p2a: Gholdengo|5
|
|-damage|p1a: Breloom|60/100|[from] Salt Cure
|turn|4
|
|switch|p1a: Haxorus|Haxorus, F|100/100
|-damage|p1a: Haxorus|88/100|[from] Stealth Rock
|-ability|p1a: Haxorus|Mold Breaker
|move|p2a: Gholdengo|Recover|p2a: Gholdengo
|-heal|p2a: Gholdengo|91/100
|
|-sideend|p1: p1|move: Tailwind
|turn|5
|
|switch|p2a: Toxapex|Toxapex, M|100/100
|move|p1a: Haxorus|Earthquake|p2a: Toxapex
|-supereffective|p2a: Toxapex
|-damage|p2a: Toxapex|15/100
|
|turn|6
|
|switch|p2a: Garchomp|Garchomp, F|100/100
|move|p1a: Haxorus|Earthquake|p2a: Garchomp
|-damage|p2a: Garchomp|46/100
|
|turn|7
|
|switch|p1a: Iron Valiant|Iron Valiant|100/100
|-enditem|p1a: Iron Valiant|Booster Energy
|-activate|p1a: Iron Valiant|ability: Quark Drive|[fromitem]
|-start|p1a: Iron Valiant|quarkdrivespe
|-damage|p1a: Iron Valiant|94/100|[from] Stealth Rock
|move|p2a: Garchomp|Draco Meteor|p1a: Iron Valiant
|-immune|p1a: Iron Valiant
|
|turn|8
|
|switch|p2a: Gholdengo|Gholdengo|91/100
|move|p1a: Iron Valiant|Swords Dance|p1a: Iron Valiant
|-boost|p1a: Iron Valiant|atk|2
|
|turn|9
|
|-terastallize|p1a: Iron Valiant|Ghost
|move|p1a: Iron Valiant|Shadow Ball|p2a: Gholdengo
|-supereffective|p2a: Gholdengo
|-damage|p2a: Gholdengo|9/100
|move|p2a: Gholdengo|Make It Rain|p1a: Iron Valiant
|-damage|p1a: Iron Valiant|0 fnt
|-unboost|p2a: Gholdengo|spa|1
|faint|p1a: Iron Valiant
|-end|p1a: Iron Valiant|Quark Drive|[silent]
|
|
|switch|p1a: Volcarona|Volcarona, F, shiny|100/100
|turn|10
|
|switch|p2a: Garganacl|Garganacl, M|100/100
|move|p1a: Volcarona|Fiery Dance|p2a: Garganacl
|-resisted|p2a: Garganacl
|-damage|p2a: Garganacl|81/100
|
|-heal|p2a: Garganacl|87/100|[from] item: Leftovers
|turn|11
|
|move|p1a: Volcarona|Quiver Dance|p1a: Volcarona
|-boost|p1a: Volcarona|spa|1
|-boost|p1a: Volcarona|spd|1
|-boost|p1a: Volcarona|spe|1
|move|p2a: Garganacl|Salt Cure|p1a: Volcarona
|-supereffective|p1a: Volcarona
|-damage|p1a: Volcarona|20/100
|-start|p1a: Volcarona|Salt Cure
|
|-heal|p2a: Garganacl|93/100|[from] item: Leftovers
|-damage|p1a: Volcarona|8/100|[from] Salt Cure
|turn|12
|
|move|p2a: Garganacl|Protect|p2a: Garganacl
|-singleturn|p2a: Garganacl|Protect
|move|p1a: Volcarona|Giga Drain|p2a: Garganacl
|-activate|p2a: Garganacl|move: Protect
|
|-heal|p2a: Garganacl|99/100|[from] item: Leftovers
|-damage|p1a: Volcarona|0 fnt|[from] Salt Cure
|faint|p1a: Volcarona
|
|switch|p1a: Haxorus|Haxorus, F|88/100
|-damage|p1a: Haxorus|76/100|[from] Stealth Rock
|-ability|p1a: Haxorus|Mold Breaker
|turn|13
|
|move|p1a: Haxorus|Earthquake|p2a: Garganacl
|-supereffective|p2a: Garganacl
|-damage|p2a: Garganacl|38/100
|move|p2a: Garganacl|Salt Cure|p1a: Haxorus
|-damage|p1a: Haxorus|57/100
|-start|p1a: Haxorus|Salt Cure
|
|-heal|p2a: Garganacl|45/100|[from] item: Leftovers
|-damage|p1a: Haxorus|44/100|[from] Salt Cure
|turn|14
|
|switch|p2a: Gholdengo|Gholdengo|9/100
|move|p1a: Haxorus|Earthquake|p2a: Gholdengo
|-supereffective|p2a: Gholdengo
|-damage|p2a: Gholdengo|0 fnt
|faint|p2a: Gholdengo
|
|-damage|p1a: Haxorus|32/100|[from] Salt Cure
|
|switch|p2a: Lilligant|Lilligant-Hisui, F|100/100
|turn|15
|
|switch|p1a: Noivern|Noivern, M|100/100
|-damage|p1a: Noivern|76/100|[from] Stealth Rock
|move|p2a: Lilligant|Ice Spinner|p1a: Noivern
|-supereffective|p1a: Noivern
|-damage|p1a: Noivern|0 fnt
|faint|p1a: Noivern
|
|
|switch|p1a: Gastrodon|Gastrodon, M|100/100
|-damage|p1a: Gastrodon|94/100|[from] Stealth Rock
|turn|16
|
|switch|p2a: Meowscarada|Meowscarada, M|100/100
|move|p1a: Gastrodon|Sludge Bomb|p2a: Meowscarada
|-supereffective|p2a: Meowscarada
|-damage|p2a: Meowscarada|41/100
|
|-heal|p1a: Gastrodon|100/100|[from] item: Leftovers
|turn|17
|
|switch|p1a: Breloom|Breloom, M|60/100
|-damage|p1a: Breloom|54/100|[from] Stealth Rock
|move|p2a: Meowscarada|Flower Trick|p1a: Breloom
|-start|p2a: Meowscarada|typechange|Grass|[from] ability: Protean
|-resisted|p1a: Breloom
|-crit|p1a: Breloom
|-damage|p1a: Breloom|17/100
|
|turn|18
|
|move|p1a: Breloom|Mach Punch|p2a: Meowscarada
|-damage|p2a: Meowscarada|0 fnt
|faint|p2a: Meowscarada
|
|
|switch|p2a: Garchomp|Garchomp, F|46/100
|turn|19
|
|switch|p1a: Gastrodon|Gastrodon, M|100/100
|-damage|p1a: Gastrodon|94/100|[from] Stealth Rock
|move|p2a: Garchomp|Fire Blast|p1a: Gastrodon|[miss]
|-miss|p2a: Garchomp|p1a: Gastrodon
|
|-heal|p1a: Gastrodon|100/100|[from] item: Leftovers
|turn|20
|
|switch|p2a: Lilligant|Lilligant-Hisui, F|100/100
|move|p1a: Gastrodon|Rain Dance|p1a: Gastrodon
|-weather|RainDance
|
|-weather|RainDance|[upkeep]
|turn|21
|
|switch|p2a: Toxapex|Toxapex, M|49/100
|switch|p1a: Breloom|Breloom, M|17/100
|-damage|p1a: Breloom|10/100|[from] Stealth Rock
|
|-weather|RainDance|[upkeep]
|turn|22
|
|switch|p2a: Garchomp|Garchomp, F|46/100
|move|p1a: Breloom|Bullet Seed|p2a: Garchomp
|-damage|p2a: Garchomp|26/100
|-damage|p2a: Garchomp|6/100
|-damage|p2a: Garchomp|0 fnt
|faint|p2a: Garchomp
|-hitcount|p2: Garchomp|3
|
|-weather|RainDance|[upkeep]
|
|switch|p2a: Toxapex|Toxapex, M|82/100
|turn|23
|
|move|p1a: Breloom|Bullet Seed|p2a: Toxapex
|-damage|p2a: Toxapex|66/100
|-damage|p2a: Toxapex|48/100
|-damage|p2a: Toxapex|32/100
|-damage|p2a: Toxapex|14/100
|-hitcount|p2a: Toxapex|4
|move|p2a: Toxapex|Infestation|p1a: Breloom
|-damage|p1a: Breloom|2/100
|-activate|p1a: Breloom|move: Infestation|[of] p2a: Toxapex
|
|-weather|RainDance|[upkeep]
|-damage|p1a: Breloom|0 fnt|[from] move: Infestation|[partiallytrapped]
|faint|p1a: Breloom
|
|switch|p1a: Gastrodon|Gastrodon, M|100/100
|-damage|p1a: Gastrodon|94/100|[from] Stealth Rock
|turn|24
|
|move|p2a: Toxapex|Sludge Bomb|p1a: Gastrodon
|-resisted|p1a: Gastrodon
|-damage|p1a: Gastrodon|84/100
|-status|p1a: Gastrodon|psn
|move|p1a: Gastrodon|Earth Power|p2a: Toxapex
|-supereffective|p2a: Toxapex
|-damage|p2a: Toxapex|0 fnt
|faint|p2a: Toxapex
|
|-weather|none
|-heal|p1a: Gastrodon|90/100 psn|[from] item: Leftovers
|-damage|p1a: Gastrodon|78/100 psn|[from] psn
|
|switch|p2a: Garganacl|Garganacl, M|45/100
|turn|25
|
|-terastallize|p2a: Garganacl|Fairy
|move|p2a: Garganacl|Recover|p2a: Garganacl
|-heal|p2a: Garganacl|95/100
|move|p1a: Gastrodon|Earth Power|p2a: Garganacl
|-damage|p2a: Garganacl|69/100
|
|-heal|p2a: Garganacl|75/100|[from] item: Leftovers
|-heal|p1a: Gastrodon|84/100 psn|[from] item: Leftovers
|-damage|p1a: Gastrodon|71/100 psn|[from] psn
|turn|26
|
|move|p2a: Garganacl|Salt Cure|p1a: Gastrodon
|-resisted|p1a: Gastrodon
|-damage|p1a: Gastrodon|64/100 psn
|-start|p1a: Gastrodon|Salt Cure
|move|p1a: Gastrodon|Hydro Pump|p2a: Garganacl|[miss]
|-miss|p1a: Gastrodon|p2a: Garganacl
|
|-heal|p2a: Garganacl|81/100|[from] item: Leftovers
|-heal|p1a: Gastrodon|70/100 psn|[from] item: Leftovers
|-damage|p1a: Gastrodon|57/100 psn|[from] psn
|-damage|p1a: Gastrodon|32/100 psn|[from] Salt Cure
|turn|27
|
|move|p2a: Garganacl|Recover|p2a: Garganacl
|-heal|p2a: Garganacl|100/100
|move|p1a: Gastrodon|Sludge Bomb|p2a: Garganacl
|-supereffective|p2a: Garganacl
|-damage|p2a: Garganacl|69/100
|
|-heal|p2a: Garganacl|75/100|[from] item: Leftovers
|-heal|p1a: Gastrodon|39/100 psn|[from] item: Leftovers
|-damage|p1a: Gastrodon|26/100 psn|[from] psn
|-damage|p1a: Gastrodon|1/100 psn|[from] Salt Cure
|turn|28
|
|move|p2a: Garganacl|Protect|p2a: Garganacl
|-singleturn|p2a: Garganacl|Protect
|move|p1a: Gastrodon|Earth Power|p2a: Garganacl
|-activate|p2a: Garganacl|move: Protect
|
|-heal|p2a: Garganacl|82/100|[from] item: Leftovers
|-heal|p1a: Gastrodon|7/100 psn|[from] item: Leftovers
|-damage|p1a: Gastrodon|0 fnt|[from] psn
|faint|p1a: Gastrodon
|
|switch|p1a: Haxorus|Haxorus, F|32/100
|-damage|p1a: Haxorus|20/100|[from] Stealth Rock
|-ability|p1a: Haxorus|Mold Breaker
|turn|29
|
|move|p1a: Haxorus|Iron Head|p2a: Garganacl
|-supereffective|p2a: Garganacl
|-damage|p2a: Garganacl|31/100
|move|p2a: Garganacl|Salt Cure|p1a: Haxorus
|-damage|p1a: Haxorus|3/100
|-start|p1a: Haxorus|Salt Cure
|
|-heal|p2a: Garganacl|37/100|[from] item: Leftovers
|-damage|p1a: Haxorus|0 fnt|[from] Salt Cure
|faint|p1a: Haxorus
|
|win|p2
