|poke|p1|Volcanion|
|poke|p1|Greninja, F|
|poke|p1|Lilligant-Hisui, F|
|poke|p1|Overqwil, F|
|poke|p1|Enamorus, F|
|poke|p1|Goodra-Hisui, F|
|poke|p2|Zoroark-Hisui, F|
|poke|p2|Garchomp, F|
|poke|p2|Iron Leaves|
|poke|p2|Cinderace, F|
|poke|p2|Iron Moth|
|poke|p2|Samurott-Hisui, M|
|teampreview
|
|start
|switch|p1a: Overqwil|Overqwil, F|100/100
|switch|p2a: Samurott|Samurott-Hisui, M, shiny|100/100
|-ability|p1a: Overqwil|Intimidate|boost
|-unboost|p2a: Samurott|atk|1
|turn|1
|
|move|p2a: Samurott|Sacred Sword|p1a: Overqwil
|-damage|p1a: Overqwil|83/100
|move|p1a: Overqwil|Barb Barrage|p2a: Samurott
|-damage|p2a: Samurott|72/100
|-status|p2a: Samurott|psn
|
|-heal|p1a: Overqwil|89/100|[from] item: Black Sludge
|-damage|p2a: Samurott|60/100 psn|[from] psn
|turn|2
|
|switch|p2a: 地龙|Garchomp, F|100/100
|move|p1a: Overqwil|Toxic Spikes|p2a: 地龙
|-sidestart|p2: slmfjn|move: Toxic Spikes
|
|-heal|p1a: Overqwil|95/100|[from] item: Black Sludge
|turn|3
|
|switch|p1a: Enamorus|Enamorus, F|100/100
|move|p2a: 地龙|Stealth Rock|p1a: Enamorus
|-sidestart|p1: Dragonfly26|move: Stealth Rock
|
|turn|4
|
|switch|p2a: 四弱飞|Iron Moth|100/100
|-sideend|p2: slmfjn|move: Toxic Spikes|[of] p2a: 四弱飞
|move|p1a: Enamorus|Moonblast|p2a: 四弱飞
|-resisted|p2a: 四弱飞
|-damage|p2a: 四弱飞|89/100
|-damage|p1a: Enamorus|91/100|[from] item: Life Orb
|
|turn|5
|
|move|p2a: 四弱飞|Fiery Dance|p1a: Enamorus
|-damage|p1a: Enamorus|27/100
|move|p1a: Enamorus|Earth Power|p2a: 四弱飞
|-supereffective|p2a: 四弱飞
|-damage|p2a: 四弱飞|0 fnt
|faint|p2a: 四弱飞
|-end|p2a: 四弱飞|Quark Drive|[silent]
|-damage|p1a: Enamorus|17/100|[from] item: Life Orb
|
|
|switch|p2a: Samurott|Samurott-Hisui, M, shiny|60/100 psn
|turn|6
|
|move|p2a: Samurott|Smart Strike|p1a: Enamorus
|-supereffective|p1a: Enamorus
|-damage|p1a: Enamorus|0 fnt
|faint|p1a: Enamorus
|
|-damage|p2a: Samurott|48/100 psn|[from] psn
|
|switch|p1a: Lilligant|Lilligant-Hisui, F|100/100
|-damage|p1a: Lilligant|94/100|[from] Stealth Rock
|turn|7
|
|switch|p2a: 铁毕|Iron Leaves|100/100
|-enditem|p2a: 铁毕|Booster Energy
|-activate|p2a: 铁毕|ability: Quark Drive|[fromitem]
|-start|p2a: 铁毕|quarkdriveatk
|move|p1a: Lilligant|Victory Dance|p1a: Lilligant
|-boost|p1a: Lilligant|atk|1
|-boost|p1a: Lilligant|def|1
|-boost|p1a: Lilligant|spe|1
|
|turn|8
|
|move|p1a: Lilligant|Ice Spinner|p2a: 铁毕
|-supereffective|p2a: 铁毕
|-damage|p2a: 铁毕|0 fnt
|faint|p2a: 铁毕
|-end|p2a: 铁毕|Quark Drive|[silent]
|
|
|switch|p2a: 地龙|Garchomp, F|100/100
|turn|9
|
|move|p1a: Lilligant|Ice Spinner|p2a: 地龙
|-damage|p2a: 地龙|0 fnt
|replace|p2a: 极狐|Zoroark-Hisui, F
|-end|p2a: 极狐|Illusion
|faint|p2a: 极狐
|
|
|switch|p2a: 地龙|Garchomp, F|100/100
|turn|10
|
|move|p1a: Lilligant|Ice Spinner|p2a: 地龙
|-supereffective|p2a: 地龙
|-damage|p2a: 地龙|0 fnt
|-damage|p1a: Lilligant|82/100|[from] ability: Rough Skin|[of] p2a: 地龙
|-damage|p1a: Lilligant|65/100|[from] item: Rocky Helmet|[of] p2a: 地龙
|faint|p2a: 地龙
|
|
|switch|p2a: 兔头|Cinderace, F|100/100
|turn|11
|
|move|p1a: Lilligant|Axe Kick|p2a: 兔头|[miss]
|-miss|p1a: Lilligant|p2a: 兔头
|-damage|p1a: Lilligant|15/100|[from] highjumpkick
|move|p2a: 兔头|Pyro Ball|p1a: Lilligant
|-supereffective|p1a: Lilligant
|-damage|p1a: Lilligant|0 fnt
|faint|p1a: Lilligant
|
|
|switch|p1a: Greninja|Greninja, F|100/100
|-damage|p1a: Greninja|88/100|[from] Stealth Rock
|turn|12
|
|move|p1a: Greninja|Liquidation|p2a: 兔头
|-start|p1a: Greninja|typechange|Water|[from] ability: Protean
|-supereffective|p2a: 兔头
|-damage|p2a: 兔头|0 fnt
|faint|p2a: 兔头
|
|
|switch|p2a: Samurott|Samurott-Hisui, M, shiny|48/100 psn
|turn|13
|
|-terastallize|p2a: Samurott|Fighting
|move|p2a: Samurott|Sacred Sword|p1a: Greninja
|-damage|p1a: Greninja|0 fnt
|faint|p1a: Greninja
|
|-damage|p2a: Samurott|36/100 psn|[from] psn
|
|switch|p1a: Overqwil|Overqwil, F|95/100
|-damage|p1a: Overqwil|83/100|[from] Stealth Rock
|-ability|p1a: Overqwil|Intimidate|boost
|-unboost|p2a: Samurott|atk|1
|turn|14
|
|move|p2a: Samurott|Sacred Sword|p1a: Overqwil
|-damage|p1a: Overqwil|56/100
|move|p1a: Overqwil|Barb Barrage|p2a: Samurott
|-damage|p2a: Samurott|0 fnt
|faint|p2a: Samurott
|
|win|Dragonfly26
