|poke|p1|Braviary-Hisui, M|
|poke|p1|Kleavor, F|
|poke|p1|Decidueye-Hisui, M|
|poke|p1|Typhlosion-Hisui, F|
|poke|p1|Rotom-Wash|
|poke|p1|Iron Treads|
|poke|p2|Roaring Moon|
|poke|p2|Torkoal, F|
|poke|p2|Lilligant-Hisui, F|
|poke|p2|Glimmora, M|
|poke|p2|Walking Wake|
|poke|p2|Scream Tail|
|teampreview
|
|start
|switch|p1a: Braviary|Braviary-Hisui, M|100/100
|switch|p2a: Torkoal|Torkoal, F|100/100
|-weather|SunnyDay|[from] ability: Drought|[of] p2a: Torkoal
|turn|1
|
|move|p1a: Braviary|Calm Mind|p1a: Braviary
|-boost|p1a: Braviary|spa|1
|-boost|p1a: Braviary|spd|1
|move|p2a: Torkoal|Lava Plume|p1a: Braviary
|-damage|p1a: Braviary|76/100
|
|-weather|SunnyDay|[upkeep]
|-heal|p1a: Braviary|83/100|[from] item: Leftovers
|turn|2
|
|switch|p2a: Glimmora|Glimmora, M|100/100
|move|p1a: Braviary|Esper Wing|p2a: Glimmora
|-supereffective|p2a: Glimmora
|-crit|p2a: Glimmora
|-enditem|p2a: Glimmora|Focus Sash
|-damage|p2a: Glimmora|1/100
|-boost|p1a: Braviary|spe|1
|
|-weather|SunnyDay|[upkeep]
|-heal|p1a: Braviary|89/100|[from] item: Leftovers
|turn|3
|
|move|p2a: Glimmora|Spiky Shield|p2a: Glimmora
|-singleturn|p2a: Glimmora|move: Protect
|move|p1a: Braviary|Esper Wing|p2a: Glimmora
|-activate|p2a: Glimmora|move: Protect
|
|-weather|SunnyDay|[upkeep]
|-heal|p1a: Braviary|95/100|[from] item: Leftovers
|turn|4
|
|move|p2a: Glimmora|Mortal Spin|p1a: Braviary
|-damage|p1a: Braviary|90/100
|-status|p1a: Braviary|psn
|move|p1a: Braviary|Calm Mind|p1a: Braviary
|-boost|p1a: Braviary|spa|1
|-boost|p1a: Braviary|spd|1
|
|-weather|SunnyDay|[upkeep]
|-heal|p1a: Braviary|96/100 psn|[from] item: Leftovers
|-damage|p1a: Braviary|83/100 psn|[from] psn
|turn|5
|
|move|p2a: Glimmora|Stealth Rock|p1a: Braviary
|-sidestart|p1: p1|move: Stealth Rock
|move|p1a: Braviary|Calm Mind|p1a: Braviary
|-boost|p1a: Braviary|spa|1
|-boost|p1a: Braviary|spd|1
|
|-weather|none
|-heal|p1a: Braviary|89/100 psn|[from] item: Leftovers
|-damage|p1a: Braviary|77/100 psn|[from] psn
|turn|6
|
|move|p2a: Glimmora|Dazzling Gleam|p1a: Braviary
|-damage|p1a: Braviary|66/100 psn
|move|p1a: Braviary|Roost|p1a: Braviary
|-heal|p1a: Braviary|100/100 psn
|-singleturn|p1a: Braviary|move: Roost
|
|-damage|p1a: Braviary|88/100 psn|[from] psn
|turn|7
|
|move|p2a: Glimmora|Dazzling Gleam|p1a: Braviary
|-damage|p1a: Braviary|77/100 psn
|move|p1a: Braviary|Esper Wing|p2a: Glimmora
|-supereffective|p2a: Glimmora
|-damage|p2a: Glimmora|0 fnt
|-boost|p1a: Braviary|spe|1
|faint|p2a: Glimmora
|
|-heal|p1a: Braviary|84/100 psn|[from] item: Leftovers
|-damage|p1a: Braviary|71/100 psn|[from] psn
|
|switch|p2a: Torkoal|Torkoal, F|100/100
|-weather|SunnyDay|[from] ability: Drought|[of] p2a: Torkoal
|turn|8
|
|switch|p2a: Scream Tail|Scream Tail|100/100
|-activate|p2a: Scream Tail|ability: Protosynthesis
|-start|p2a: Scream Tail|protosynthesisspe
|move|p1a: Braviary|Esper Wing|p2a: Scream Tail
|-resisted|p2a: Scream Tail
|-damage|p2a: Scream Tail|50/100
|-boost|p1a: Braviary|spe|1
|-enditem|p2a: Scream Tail|Eject Button
|
|-end|p2a: Scream Tail|Protosynthesis|[silent]
|switch|p2a: Roaring Moon|Roaring Moon|100/100
|-activate|p2a: Roaring Moon|ability: Protosynthesis
|-start|p2a: Roaring Moon|protosynthesisatk
|
|-weather|SunnyDay|[upkeep]
|-heal|p1a: Braviary|77/100 psn|[from] item: Leftovers
|-damage|p1a: Braviary|65/100 psn|[from] psn
|turn|9
|
|move|p1a: Braviary|Air Slash|p2a: Roaring Moon
|-damage|p2a: Roaring Moon|27/100
|move|p2a: Roaring Moon|Dragon Claw|p1a: Braviary
|-damage|p1a: Braviary|1/100 psn
|-damage|p2a: Roaring Moon|17/100|[from] item: Life Orb
|
|-weather|SunnyDay|[upkeep]
|-heal|p1a: Braviary|7/100 psn|[from] item: Leftovers
|-damage|p1a: Braviary|0 fnt|[from] psn
|faint|p1a: Braviary
|
|switch|p1a: Iron Treads|Iron Treads|100/100
|-damage|p1a: Iron Treads|97/100|[from] Stealth Rock
|turn|10
|
|move|p1a: Iron Treads|Rapid Spin|p2a: Roaring Moon
|-damage|p2a: Roaring Moon|0 fnt
|-boost|p1a: Iron Treads|spe|1
|-sideend|p1: p1|Stealth Rock|[from] move: Rapid Spin|[of] p1a: Iron Treads
|faint|p2a: Roaring Moon
|-end|p2a: Roaring Moon|Protosynthesis|[silent]
|
|-weather|SunnyDay|[upkeep]
|-heal|p1a: Iron Treads|100/100|[from] item: Leftovers
|
|switch|p2a: Lilligant|Lilligant-Hisui, F|100/100
|turn|11
|
|move|p2a: Lilligant|Victory Dance|p2a: Lilligant
|-boost|p2a: Lilligant|atk|1
|-boost|p2a: Lilligant|def|1
|-boost|p2a: Lilligant|spe|1
|move|p1a: Iron Treads|Stealth Rock|p2a: Lilligant
|-sidestart|p2: p2|move: Stealth Rock
|
|-weather|SunnyDay|[upkeep]
|turn|12
|
|move|p2a: Lilligant|Axe Kick|p1a: Iron Treads
|-supereffective|p1a: Iron Treads
|-damage|p1a: Iron Treads|0 fnt
|faint|p1a: Iron Treads
|-end|p1a: Iron Treads|Quark Drive|[silent]
|
|-weather|none
|
|switch|p1a: Typhlosion|Typhlosion-Hisui, F, shiny|100/100
|turn|13
|
|move|p2a: Lilligant|Leaf Blade|p1a: Typhlosion
|-resisted|p1a: Typhlosion
|-crit|p1a: Typhlosion
|-damage|p1a: Typhlosion|22/100
|move|p1a: Typhlosion|Eruption|p2a: Lilligant
|-supereffective|p2a: Lilligant
|-damage|p2a: Lilligant|14/100
|
|turn|14
|
|move|p2a: Lilligant|Leaf Blade|p1a: Typhlosion
|-resisted|p1a: Typhlosion
|-damage|p1a: Typhlosion|0 fnt
|faint|p1a: Typhlosion
|-heal|p2a: Lilligant|17/100|[from] item: Shell Bell|[of] p1: Typhlosion
|
|
|switch|p1a: Decidueye|Decidueye-Hisui, M, shiny|100/100
|turn|15
|
|move|p2a: Lilligant|Ice Spinner|p1a: Decidueye
|-supereffective|p1a: Decidueye
|-damage|p1a: Decidueye|9/100
|-heal|p2a: Lilligant|32/100|[from] item: Shell Bell|[of] p1a: Decidueye
|move|p1a: Decidueye|Triple Arrows|p2a: Lilligant
|-damage|p2a: Lilligant|0 fnt
|faint|p2a: Lilligant
|
|-heal|p1a: Decidueye|15/100|[from] item: Leftovers
|
|switch|p2a: Torkoal|Torkoal, F|100/100
|-damage|p2a: Torkoal|75/100|[from] Stealth Rock
|-weather|SunnyDay|[from] ability: Drought|[of] p2a: Torkoal
|turn|16
|
|move|p1a: Decidueye|Bulk Up|p1a: Decidueye
|-boost|p1a: Decidueye|atk|1
|-boost|p1a: Decidueye|def|1
|move|p2a: Torkoal|Rapid Spin|p1a: Decidueye
|-damage|p1a: Decidueye|9/100
|-boost|p2a: Torkoal|spe|1
|-sideend|p2: p2|Stealth Rock|[from] move: Rapid Spin|[of] p2a: Torkoal
|
|-weather|SunnyDay|[upkeep]
|-heal|p1a: Decidueye|15/100|[from] item: Leftovers
|-heal|p2a: Torkoal|82/100|[from] item: Leftovers
|turn|17
|
|move|p1a: Decidueye|Triple Arrows|p2a: Torkoal
|-damage|p2a: Torkoal|53/100
|cant|p2a: Torkoal|flinch
|
|-weather|SunnyDay|[upkeep]
|-heal|p1a: Decidueye|21/100|[from] item: Leftovers
|-heal|p2a: Torkoal|59/100|[from] item: Leftovers
|turn|18
|
|move|p1a: Decidueye|Triple Arrows|p2a: Torkoal
|-damage|p2a: Torkoal|32/100
|-unboost|p2a: Torkoal|def|1
|move|p2a: Torkoal|Lava Plume|p1a: Decidueye
|-supereffective|p1a: Decidueye
|-damage|p1a: Decidueye|0 fnt
|faint|p1a: Decidueye
|
|-weather|SunnyDay|[upkeep]
|-heal|p2a: Torkoal|38/100|[from] item: Leftovers
|
|switch|p1a: Kleavor|Kleavor, F|100/100
|turn|19
|
|switch|p2a: Scream Tail|Scream Tail|50/100
|-activate|p2a: Scream Tail|ability: Protosynthesis
|-start|p2a: Scream Tail|protosynthesisspe
|move|p1a: Kleavor|Stone Axe|p2a: Scream Tail|[miss]
|-miss|p1a: Kleavor|p2a: Scream Tail
|
|-weather|SunnyDay|[upkeep]
|turn|20
|
|move|p2a: Scream Tail|Disable|p1a: Kleavor
|-start|p1a: Kleavor|Disable|Stone Axe
|cant|p1a: Kleavor|Disable|Stone Axe
|
|-weather|none
|-end|p2a: Scream Tail|Protosynthesis
|turn|21
|
|move|p2a: Scream Tail|Reflect|p2a: Scream Tail
|-sidestart|p2: p2|Reflect
|move|p1a: Kleavor|Trailblaze|p2a: Scream Tail
|-damage|p2a: Scream Tail|42/100
|-boost|p1a: Kleavor|spe|1
|
|turn|22
|
|-end|p2a: Scream Tail|Protosynthesis|[silent]
|switch|p2a: Torkoal|Torkoal, F|38/100
|-weather|SunnyDay|[from] ability: Drought|[of] p2a: Torkoal
|move|p1a: Kleavor|Trailblaze|p2a: Torkoal
|-resisted|p2a: Torkoal
|-damage|p2a: Torkoal|35/100
|-boost|p1a: Kleavor|spe|1
|
|-weather|SunnyDay|[upkeep]
|-heal|p2a: Torkoal|41/100|[from] item: Leftovers
|turn|23
|
|move|p1a: Kleavor|Night Slash|p2a: Torkoal
|-damage|p2a: Torkoal|31/100
|move|p2a: Torkoal|Lava Plume|p1a: Kleavor
|-damage|p1a: Kleavor|60/100
|
|-weather|SunnyDay|[upkeep]
|-heal|p2a: Torkoal|37/100|[from] item: Leftovers
|-end|p1a: Kleavor|Disable
|turn|24
|
|switch|p2a: Walking Wake|Walking Wake|100/100
|-activate|p2a: Walking Wake|ability: Protosynthesis
|-start|p2a: Walking Wake|protosynthesisspa
|move|p1a: Kleavor|Stone Axe|p2a: Walking Wake
|-damage|p2a: Walking Wake|67/100
|-sidestart|p2: p2|move: Stealth Rock
|
|-weather|SunnyDay|[upkeep]
|-heal|p2a: Walking Wake|73/100|[from] item: Leftovers
|turn|25
|
|switch|p1a: Rotom|Rotom-Wash|100/100
|move|p2a: Walking Wake|Agility|p2a: Walking Wake
|-boost|p2a: Walking Wake|spe|2
|
|-weather|SunnyDay|[upkeep]
|-heal|p2a: Walking Wake|79/100|[from] item: Leftovers
|-sideend|p2: p2|Reflect
|turn|26
|
|move|p2a: Walking Wake|Dragon Pulse|p1a: Rotom
|-damage|p1a: Rotom|12/100
|-enditem|p1a: Rotom|Aguav Berry|[eat]
|-heal|p1a: Rotom|45/100|[from] item: Aguav Berry
|move|p1a: Rotom|Thunder Wave|p2a: Walking Wake
|-status|p2a: Walking Wake|par
|
|-weather|none
|-end|p2a: Walking Wake|Protosynthesis
|-heal|p2a: Walking Wake|85/100 par|[from] item: Leftovers
|turn|27
|
|move|p2a: Walking Wake|Dragon Pulse|p1a: Rotom
|-damage|p1a: Rotom|0 fnt
|faint|p1a: Rotom
|
|-heal|p2a: Walking Wake|92/100 par|[from] item: Leftovers
|
|switch|p1a: Kleavor|Kleavor, F|60/100
|turn|28
|
|-terastallize|p1a: Kleavor|Bug
|move|p2a: Walking Wake|Hydro Steam|p1a: Kleavor
|-damage|p1a: Kleavor|9/100
|move|p1a: Kleavor|X-Scissor|p2a: Walking Wake
|-damage|p2a: Walking Wake|0 fnt
|faint|p2a: Walking Wake
|-end|p2a: Walking Wake|Protosynthesis|[silent]
|
|
|switch|p2a: Scream Tail|Scream Tail|42/100
|-damage|p2a: Scream Tail|29/100|[from] Stealth Rock
|turn|29
|
|move|p2a: Scream Tail|Reflect|p2a: Scream Tail
|-sidestart|p2: p2|Reflect
|move|p1a: Kleavor|Night Slash|p2a: Scream Tail
|-damage|p2a: Scream Tail|13/100
|
|turn|30
|
|move|p2a: Scream Tail|Stealth Rock|p1a: Kleavor
|-sidestart|p1: p1|move: Stealth Rock
|move|p1a: Kleavor|X-Scissor|p2a: Scream Tail
|-damage|p2a: Scream Tail|0 fnt
|faint|p2a: Scream Tail
|-end|p2a: Scream Tail|Protosynthesis|[silent]
|
|
|switch|p2a: Torkoal|Torkoal, F|37/100
|-damage|p2a: Torkoal|12/100|[from] Stealth Rock
|-weather|SunnyDay|[from] ability: Drought|[of] p2a: Torkoal
|turn|31
|
|move|p2a: Torkoal|Protect|p2a: Torkoal
|-singleturn|p2a: Torkoal|Protect
|move|p1a: Kleavor|Stone Axe|p2a: Torkoal
|-activate|p2a: Torkoal|move: Protect
|
|-weather|SunnyDay|[upkeep]
|-heal|p2a: Torkoal|18/100|[from] item: Leftovers
|turn|32
|
|move|p1a: Kleavor|Stone Axe|p2a: Torkoal
|-supereffective|p2a: Torkoal
|-crit|p2a: Torkoal
|-damage|p2a: Torkoal|0 fnt
|faint|p2a: Torkoal
|
|win|p1
