# advantage = p2
|poke|p1|Dragapult, F|
|poke|p1|Magearna|
|poke|p1|Sneasler, M|
|poke|p1|Kingambit, F|
|poke|p1|Zamazenta-*|
|poke|p1|Volcarona, M|
|poke|p2|Sneasler, F|
|poke|p2|Indeedee, M|
|poke|p2|Magearna|
|poke|p2|Chien-Pao|
|poke|p2|Iron Treads|
|poke|p2|Volcarona, F|
|teampreview
|
|start
|switch|p1a: Dragapult|Dragapult, F, shiny|100/100
|switch|p2a: Iron Treads|Iron Treads|100/100
|turn|1
|
|move|p1a: Dragapult|Light Screen|p1a: Dragapult
|-sidestart|p1: p1|move: Light Screen
|move|p2a: Iron Treads|Stealth Rock|p1a: Dragapult
|-sidestart|p1: p1|move: Stealth Rock
|
|turn|2
|
|move|p1a: Dragapult|Reflect|p1a: Dragapult
|-sidestart|p1: p1|Reflect
|move|p2a: Iron Treads|Iron Head|p1a: Dragapult
|-damage|p1a: Dragapult|81/100
|
|turn|3
|
|move|p1a: Dragapult|Curse|p2a: Iron Treads
|-start|p2a: Iron Treads|Curse|[of] p1a: Dragapult
|-damage|p1a: Dragapult|31/100
|move|p2a: Iron Treads|Earthquake|p1a: Dragapult
|-damage|p1a: Dragapult|2/100
|
|-damage|p2a: Iron Treads|76/100|[from] Curse
|turn|4
|
|-end|p2a: Iron Treads|Quark Drive|[silent]
|switch|p2a: Magearna|Magearna|100/100
|move|p1a: Dragapult|Will-O-Wisp|p2a: Magearna
|-status|p2a: Magearna|brn
|
|-damage|p2a: Magearna|94/100 brn|[from] brn
|turn|5
|
|move|p1a: Dragapult|Curse|p2a: Magearna
|-start|p2a: Magearna|Curse|[of] p1a: Dragapult
|-damage|p1a: Dragapult|0 fnt
|faint|p1a: Dragapult
|-ability|p2a: Magearna|Soul-Heart|boost
|-boost|p2a: Magearna|spa|1
|move|p2a: Magearna|Shift Gear|p2a: Magearna
|-boost|p2a: Magearna|spe|2
|-boost|p2a: Magearna|atk|1
|
|-heal|p2a: Magearna|100/100 brn|[from] item: Leftovers
|-damage|p2a: Magearna|94/100 brn|[from] brn
|-damage|p2a: Magearna|69/100 brn|[from] Curse
|-sideend|p1: p1|move: Light Screen
|
|switch|p1a: Volcarona|Volcarona, M|100/100
|turn|6
|
|move|p2a: Magearna|Calm Mind|p2a: Magearna
|-boost|p2a: Magearna|spa|1
|-boost|p2a: Magearna|spd|1
|move|p1a: Volcarona|Quiver Dance|p1a: Volcarona
|-boost|p1a: Volcarona|spa|1
|-boost|p1a: Volcarona|spd|1
|-boost|p1a: Volcarona|spe|1
|
|-heal|p2a: Magearna|75/100 brn|[from] item: Leftovers
|-damage|p2a: Magearna|69/100 brn|[from] brn
|-damage|p2a: Magearna|44/100 brn|[from] Curse
|-sideend|p1: p1|Reflect
|turn|7
|
|-terastallize|p2a: Magearna|Water
|move|p1a: Volcarona|Fiery Dance|p2a: Magearna
|-resisted|p2a: Magearna
|-damage|p2a: Magearna|26/100 brn
|move|p2a: Magearna|Tera Blast|p1a: Volcarona
|-supereffective|p1a: Volcarona
|-damage|p1a: Volcarona|0 fnt
|faint|p1a: Volcarona
|-ability|p2a: Magearna|Soul-Heart|boost
|-boost|p2a: Magearna|spa|1
|
|-heal|p2a: Magearna|32/100 brn|[from] item: Leftovers
|-damage|p2a: Magearna|26/100 brn|[from] brn
|-damage|p2a: Magearna|1/100 brn|[from] Curse
|
|switch|p1a: Kingambit|Kingambit, F|100/100
|-damage|p1a: Kingambit|94/100|[from] Stealth Rock
|-activate|p1a: Kingambit|ability: Supreme Overlord
|-start|p1a: Kingambit|fallen2|[silent]
|turn|8
|
|move|p1a: Kingambit|Sucker Punch|p2a: Magearna
|-damage|p2a: Magearna|0 fnt
|faint|p2a: Magearna
|
|-heal|p1a: Kingambit|100/100|[from] item: Leftovers
|
|switch|p2a: Iron Treads|Iron Treads|76/100
|turn|9
|
|-end|p1a: Kingambit|fallen2|[silent]
|switch|p1a: Sneasler|Sneasler, M|100/100
|-damage|p1a: Sneasler|95/100|[from] Stealth Rock
|-item|p1a: Sneasler|Air Balloon
|move|p2a: Iron Treads|Earthquake|p1a: Sneasler
|-immune|p1a: Sneasler
|
|turn|10
|
|move|p2a: Iron Treads|Rapid Spin|p1a: Sneasler
|-damage|p1a: Sneasler|71/100
|-boost|p2a: Iron Treads|spe|1
|-enditem|p1a: Sneasler|Air Balloon
|move|p1a: Sneasler|Swords Dance|p1a: Sneasler
|-boost|p1a: Sneasler|atk|2
|
|turn|11
|
|move|p1a: Sneasler|Close Combat|p2a: Iron Treads
|-supereffective|p2a: Iron Treads
|-damage|p2a: Iron Treads|0 fnt
|-unboost|p1a: Sneasler|def|1
|-unboost|p1a: Sneasler|spd|1
|faint|p2a: Iron Treads
|-end|p2a: Iron Treads|Quark Drive|[silent]
|
|
|switch|p2a: Chien-Pao|Chien-Pao|100/100
|-ability|p2a: Chien-Pao|Sword of Ruin
|turn|12
|
|move|p1a: Sneasler|Close Combat|p2a: Chien-Pao
|-supereffective|p2a: Chien-Pao
|-enditem|p2a: Chien-Pao|Focus Sash
|-damage|p2a: Chien-Pao|1/100
|-unboost|p1a: Sneasler|def|1
|-unboost|p1a: Sneasler|spd|1
|move|p2a: Chien-Pao|Icicle Crash|p1a: Sneasler
|-damage|p1a: Sneasler|0 fnt
|faint|p1a: Sneasler
|
|
|switch|p1a: Magearna|Magearna|100/100
|-damage|p1a: Magearna|95/100|[from] Stealth Rock
|turn|13
|
|-terastallize|p1a: Magearna|Water
|move|p2a: Chien-Pao|Sacred Sword|p1a: Magearna
|-damage|p1a: Magearna|52/100
|move|p1a: Magearna|Shift Gear|p1a: Magearna
|-boost|p1a: Magearna|spe|2
|-boost|p1a: Magearna|atk|1
|
|turn|14
|
|move|p1a: Magearna|Draining Kiss|p2a: Chien-Pao
|-supereffective|p2a: Chien-Pao
|-damage|p2a: Chien-Pao|0 fnt
|-heal|p1a: Magearna|52/100|[from] drain|[of] p2a: Chien-Pao
|faint|p2a: Chien-Pao
|-ability|p1a: Magearna|Soul-Heart|boost
|-boost|p1a: Magearna|spa|1
|
|
|switch|p2a: Indeedee|Indeedee, M|100/100
|-fieldstart|move: Psychic Terrain|[from] ability: Psychic Surge|[of] p2a: Indeedee
|turn|15
|
|move|p1a: Magearna|Draining Kiss|p2a: Indeedee
|-damage|p2a: Indeedee|45/100
|-heal|p1a: Magearna|88/100|[from] drain|[of] p2a: Indeedee
|move|p2a: Indeedee|Psychic|p1a: Magearna
|-damage|p1a: Magearna|35/100
|
|turn|16
|
|move|p1a: Magearna|Draining Kiss|p2a: Indeedee
|-damage|p2a: Indeedee|0 fnt
|-heal|p1a: Magearna|64/100|[from] drain|[of] p2a: Indeedee
|faint|p2a: Indeedee
|-ability|p1a: Magearna|Soul-Heart|boost
|-boost|p1a: Magearna|spa|1
|
|
|switch|p2a: Sneasler|Sneasler, F|100/100
|-enditem|p2a: Sneasler|Psychic Seed
|-boost|p2a: Sneasler|spd|1|[from] item: Psychic Seed
|turn|17
|
|move|p2a: Sneasler|Close Combat|p1a: Magearna
|-damage|p1a: Magearna|0 fnt
|-unboost|p2a: Sneasler|def|1
|-unboost|p2a: Sneasler|spd|1
|faint|p1a: Magearna
|
|
|switch|p1a: Zamazenta|Zamazenta|100/100
|-damage|p1a: Zamazenta|95/100|[from] Stealth Rock
|-ability|p1a: Zamazenta|Dauntless Shield|boost
|-boost|p1a: Zamazenta|def|1
|turn|18
|
|move|p2a: Sneasler|Acrobatics|p1a: Zamazenta
|-supereffective|p1a: Zamazenta
|-damage|p1a: Zamazenta|53/100
|move|p1a: Zamazenta|Iron Defense|p1a: Zamazenta
|-boost|p1a: Zamazenta|def|2
|
|-heal|p1a: Zamazenta|59/100|[from] item: Leftovers
|turn|19
|
|move|p2a: Sneasler|Swords Dance|p2a: Sneasler
|-boost|p2a: Sneasler|atk|2
|move|p1a: Zamazenta|Substitute|p1a: Zamazenta
|-start|p1a: Zamazenta|Substitute
|-damage|p1a: Zamazenta|35/100
|
|-heal|p1a: Zamazenta|41/100|[from] item: Leftovers
|turn|20
|
|move|p2a: Sneasler|Acrobatics|p1a: Zamazenta
|-supereffective|p1a: Zamazenta
|-end|p1a: Zamazenta|Substitute
|move|p1a: Zamazenta|Body Press|p2a: Sneasler
|-resisted|p2a: Sneasler
|-damage|p2a: Sneasler|0 fnt
|faint|p2a: Sneasler
|
|-heal|p1a: Zamazenta|47/100|[from] item: Leftovers
|
|switch|p2a: Volcarona|Volcarona, F|100/100
|turn|21
|
|move|p1a: Zamazenta|Substitute|p1a: Zamazenta
|-start|p1a: Zamazenta|Substitute
|-damage|p1a: Zamazenta|22/100
|move|p2a: Volcarona|Psychic|p1a: Zamazenta
|-supereffective|p1a: Zamazenta
|-end|p1a: Zamazenta|Substitute
|
|-heal|p1a: Zamazenta|28/100|[from] item: Leftovers
|turn|22
|
|move|p1a: Zamazenta|Body Press|p2a: Volcarona
|-resisted|p2a: Volcarona
|-damage|p2a: Volcarona|27/100
|move|p2a: Volcarona|Psychic|p1a: Zamazenta
|-supereffective|p1a: Zamazenta
|-crit|p1a: Zamazenta
|-damage|p1a: Zamazenta|0 fnt
|faint|p1a: Zamazenta
|
|-fieldend|move: Psychic Terrain
|
|switch|p1a: Kingambit|Kingambit, F|100/100
|-damage|p1a: Kingambit|94/100|[from] Stealth Rock
|-activate|p1a: Kingambit|ability: Supreme Overlord
|-start|p1a: Kingambit|fallen5|[silent]
|turn|23
|
|move|p2a: Volcarona|Quiver Dance|p2a: Volcarona
|-boost|p2a: Volcarona|spa|1
|-boost|p2a: Volcarona|spd|1
|-boost|p2a: Volcarona|spe|1
|move|p1a: Kingambit|Kowtow Cleave|p2a: Volcarona
|-damage|p2a: Volcarona|0 fnt
|faint|p2a: Volcarona
|
|win|p1
