|poke|p1|Landorus-Therian, M|
|poke|p1|Tornadus, M|
|poke|p1|Thundurus-Therian, M|
|poke|p1|Enamorus, F|
|poke|p1|Magearna|
|poke|p1|Mew|
|poke|p2|Goodra-Hisui, F|
|poke|p2|Persian-Alola, F|
|poke|p2|Zoroark-Hisui, M|
|poke|p2|Sneasler, F|
|poke|p2|Ceruledge, M|
|poke|p2|Braviary-Hisui, M|
|teampreview
|
|start
|switch|p1a: Landorus|Landorus-Therian, M|100/100
|switch|p2a: Persian|Persian-Alola, F|100/100
|-ability|p1a: Landorus|Intimidate|boost
|-unboost|p2a: Persian|atk|1
|turn|1
|
|move|p1a: Landorus|Stealth Rock|p2a: Persian
|-sidestart|p2: Kingbon2323!|move: Stealth Rock
|move|p2a: Persian|Foul Play|p1a: Landorus
|-damage|p1a: Landorus|26/100
|
|turn|2
|
|switch|p1a: Enamorus|Enamorus, F|100/100
|move|p2a: Persian|Parting Shot|p1a: Enamorus
|-boost|p1a: Enamorus|atk|1
|-boost|p1a: Enamorus|spa|1
|
|switch|p2a: Goodra|Goodra-Hisui, F|100/100|[from] Parting Shot
|-damage|p2a: Goodra|94/100|[from] Stealth Rock
|
|-heal|p2a: Goodra|100/100|[from] item: Leftovers
|turn|3
|
|-terastallize|p1a: Enamorus|Fighting
|move|p1a: Enamorus|Superpower|p2a: Goodra
|-supereffective|p2a: Goodra
|-damage|p2a: Goodra|0 fnt
|-boost|p1a: Enamorus|atk|1
|-boost|p1a: Enamorus|def|1
|-ability|p2a: Goodra|Gooey
|-boost|p1a: Enamorus|spe|1
|faint|p2a: Goodra
|
|
|switch|p2a: Ceruledge|Ceruledge, M|100/100
|-damage|p2a: Ceruledge|88/100|[from] Stealth Rock
|turn|4
|
|move|p2a: Ceruledge|Trick|p1a: Enamorus
|-activate|p2a: Ceruledge|move: Trick|[of] p1a: Enamorus
|-item|p1a: Enamorus|Choice Scarf|[from] move: Trick
|-item|p2a: Ceruledge|Shell Bell|[from] move: Trick
|move|p1a: Enamorus|Play Rough|p2a: Ceruledge|[miss]
|-miss|p1a: Enamorus|p2a: Ceruledge
|
|turn|5
|
|move|p1a: Enamorus|Play Rough|p2a: Ceruledge
|-damage|p2a: Ceruledge|0 fnt
|replace|p2a: Zoroark|Zoroark-Hisui, M
|-end|p2a: Zoroark|Illusion
|faint|p2a: Zoroark
|
|
|switch|p2a: Sneasler|Sneasler, F|100/100
|-damage|p2a: Sneasler|95/100|[from] Stealth Rock
|turn|6
|
|move|p1a: Enamorus|Play Rough|p2a: Sneasler
|-damage|p2a: Sneasler|0 fnt
|faint|p2a: Sneasler
|
|-message|Kingbon2323! forfeited.
|
|win|Ozzer Yunarei
