# advantage = p2
|poke|p1|Lilligant-Hisui, F|
|poke|p1|Magearna|
|poke|p1|Volcarona, M|
|poke|p1|Great Tusk|
|poke|p1|Dragapult, M|
|poke|p1|Garganacl, F|
|poke|p2|Lilligant-Hisui, F|
|poke|p2|Glimmora, F|
|poke|p2|Magearna|
|poke|p2|Grimmsnarl, M|
|poke|p2|Gholdengo|
|poke|p2|Iron Valiant|
|teampreview
|
|start
|switch|p1a: Dragapult|Dragapult, M|100/100
|switch|p2a: Glimmora|Glimmora, F|100/100
|turn|1
|
|move|p1a: Dragapult|Light Screen|p1a: Dragapult
|-sidestart|p1: p1|move: Light Screen
|move|p2a: Glimmora|Stealth Rock|p1a: Dragapult
|-sidestart|p1: p1|move: Stealth Rock
|
|turn|2
|
|move|p1a: Dragapult|Shadow Ball|p2a: Glimmora
|-damage|p2a: Glimmora|65/100
|move|p2a: Glimmora|Sludge Wave|p1a: Dragapult
|-resisted|p1a: Dragapult
|-damage|p1a: Dragapult|87/100
|
|turn|3
|
|switch|p1a: Great Tusk|Great Tusk|100/100
|-damage|p1a: Great Tusk|98/100|[from] Stealth Rock
|move|p2a: Glimmora|Earth Power|p1a: Great Tusk
|-damage|p1a: Great Tusk|73/100
|
|-heal|p1a: Great Tusk|79/100|[from] item: Leftovers
|turn|4
|
|move|p1a: Great Tusk|Rapid Spin|p2a: Glimmora
|-resisted|p2a: Glimmora
|-damage|p2a: Glimmora|57/100
|-boost|p1a: Great Tusk|spe|1
|-activate|p2a: Glimmora|ability: Toxic Debris
|-sidestart|p1: p1|move: Toxic Spikes
|-sideend|p1: p1|Toxic Spikes|[from] move: Rapid Spin|[of] p1a: Great Tusk
|-sideend|p1: p1|Stealth Rock|[from] move: Rapid Spin|[of] p1a: Great Tusk
|move|p2a: Glimmora|Energy Ball|p1a: Great Tusk
|-supereffective|p1a: Great Tusk
|-damage|p1a: Great Tusk|32/100
|-unboost|p1a: Great Tusk|spd|1
|
|-heal|p1a: Great Tusk|38/100|[from] item: Leftovers
|turn|5
|
|move|p1a: Great Tusk|Earthquake|p2a: Glimmora
|-supereffective|p2a: Glimmora
|-damage|p2a: Glimmora|0 fnt
|-activate|p2a: Glimmora|ability: Toxic Debris
|-sidestart|p1: p1|move: Toxic Spikes
|faint|p2a: Glimmora
|
|-heal|p1a: Great Tusk|44/100|[from] item: Leftovers
|
|switch|p2a: Grimmsnarl|Grimmsnarl, M|100/100
|turn|6
|
|move|p2a: Grimmsnarl|Taunt|p1a: Great Tusk
|-start|p1a: Great Tusk|move: Taunt
|move|p1a: Great Tusk|Rapid Spin|p2a: Grimmsnarl
|-damage|p2a: Grimmsnarl|82/100
|-boost|p1a: Great Tusk|spe|1
|-sideend|p1: p1|Toxic Spikes|[from] move: Rapid Spin|[of] p1a: Great Tusk
|
|-heal|p1a: Great Tusk|51/100|[from] item: Leftovers
|turn|7
|
|move|p2a: Grimmsnarl|Reflect|p2a: Grimmsnarl
|-sidestart|p2: p2|Reflect
|move|p1a: Great Tusk|Earthquake|p2a: Grimmsnarl
|-damage|p2a: Grimmsnarl|58/100
|
|-heal|p1a: Great Tusk|57/100|[from] item: Leftovers
|turn|8
|
|-end|p1a: Great Tusk|Protosynthesis|[silent]
|switch|p1a: Dragapult|Dragapult, M|87/100
|move|p2a: Grimmsnarl|Light Screen|p2a: Grimmsnarl
|-sidestart|p2: p2|move: Light Screen
|
|-sideend|p1: p1|move: Light Screen
|turn|9
|
|move|p2a: Grimmsnarl|Taunt|p1a: Dragapult
|-start|p1a: Dragapult|move: Taunt
|move|p1a: Dragapult|Shadow Ball|p2a: Grimmsnarl
|-resisted|p2a: Grimmsnarl
|-damage|p2a: Grimmsnarl|48/100
|-unboost|p2a: Grimmsnarl|spd|1
|
|turn|10
|
|move|p2a: Grimmsnarl|Parting Shot|p1a: Dragapult
|-unboost|p1a: Dragapult|atk|1
|-unboost|p1a: Dragapult|spa|1
|
|switch|p2a: Magearna|Magearna|100/100|[from] Parting Shot
|move|p1a: Dragapult|Shadow Ball|p2a: Magearna
|-damage|p2a: Magearna|81/100
|
|-heal|p2a: Magearna|87/100|[from] item: Leftovers
|turn|11
|
|switch|p1a: Volcarona|Volcarona, M|100/100
|move|p2a: Magearna|Shift Gear|p2a: Magearna
|-boost|p2a: Magearna|spe|2
|-boost|p2a: Magearna|atk|1
|
|-heal|p2a: Magearna|93/100|[from] item: Leftovers
|turn|12
|
|-terastallize|p2a: Magearna|Water
|move|p2a: Magearna|Calm Mind|p2a: Magearna
|-boost|p2a: Magearna|spa|1
|-boost|p2a: Magearna|spd|1
|move|p1a: Volcarona|Fiery Dance|p2a: Magearna
|-resisted|p2a: Magearna
|-damage|p2a: Magearna|86/100
|-boost|p1a: Volcarona|spa|1
|
|-heal|p2a: Magearna|92/100|[from] item: Leftovers
|turn|13
|
|move|p2a: Magearna|Calm Mind|p2a: Magearna
|-boost|p2a: Magearna|spa|1
|-boost|p2a: Magearna|spd|1
|move|p1a: Volcarona|Giga Drain|p2a: Magearna
|-supereffective|p2a: Magearna
|-damage|p2a: Magearna|71/100
|
|-heal|p2a: Magearna|77/100|[from] item: Leftovers
|turn|14
|
|move|p2a: Magearna|Stored Power|p1a: Volcarona
|-damage|p1a: Volcarona|0 fnt
|faint|p1a: Volcarona
|-ability|p2a: Magearna|Soul-Heart|boost
|-boost|p2a: Magearna|spa|1
|
|-heal|p2a: Magearna|83/100|[from] item: Leftovers
|-sideend|p2: p2|Reflect
|
|switch|p1a: Dragapult|Dragapult, M|87/100
|turn|15
|
|move|p2a: Magearna|Stored Power|p1a: Dragapult
|-damage|p1a: Dragapult|0 fnt
|faint|p1a: Dragapult
|-ability|p2a: Magearna|Soul-Heart|boost
|-boost|p2a: Magearna|spa|1
|
|-heal|p2a: Magearna|89/100|[from] item: Leftovers
|-sideend|p2: p2|move: Light Screen
|
|switch|p1a: Garganacl|Garganacl, F|100/100
|turn|16
|
|move|p2a: Magearna|Stored Power|p1a: Garganacl
|-damage|p1a: Garganacl|0 fnt
|faint|p1a: Garganacl
|-ability|p2a: Magearna|Soul-Heart|boost
|-boost|p2a: Magearna|spa|1
|
|-heal|p2a: Magearna|95/100|[from] item: Leftovers
|
|switch|p1a: Magearna|Magearna|100/100
|turn|17
|
|move|p2a: Magearna|Stored Power|p1a: Magearna
|-resisted|p1a: Magearna
|-damage|p1a: Magearna|0 fnt
|faint|p1a: Magearna
|-ability|p2a: Magearna|Soul-Heart|boost
|-boost|p2a: Magearna|spa|1
|
|-heal|p2a: Magearna|100/100|[from] item: Leftovers
|
|switch|p1a: Lilligant|Lilligant-Hisui, F, shiny|100/100
|turn|18
|
|-terastallize|p1a: Lilligant|Steel
|move|p2a: Magearna|Draining Kiss|p1a: Lilligant
|-resisted|p1a: Lilligant
|-damage|p1a: Lilligant|19/100
|move|p1a: Lilligant|Sleep Powder|p2a: Magearna|[miss]
|-miss|p1a: Lilligant|p2a: Magearna
|
|turn|19
|
|move|p2a: Magearna|Draining Kiss|p1a: Lilligant
|-resisted|p1a: Lilligant
|-damage|p1a: Lilligant|0 fnt
|faint|p1a: Lilligant
|
|
|switch|p1a: Great Tusk|Great Tusk|57/100
|turn|20
|
|move|p2a: Magearna|Draining Kiss|p1a: Great Tusk
|-supereffective|p1a: Great Tusk
|-damage|p1a: Great Tusk|0 fnt
|faint|p1a: Great Tusk
|-end|p1a: Great Tusk|Protosynthesis|[silent]
|
|win|p2
