|poke|p1|Magearna|
|poke|p1|Landorus-Therian, M|
|poke|p1|Typhlosion-Hisui, M|
|poke|p1|Iron Hands|
|poke|p1|Overqwil, F|
|poke|p1|Walking Wake|
|poke|p2|Samurott-Hisui, F|
|poke|p2|Zamazenta-*|
|poke|p2|Zapdos|
|poke|p2|Ditto|
|poke|p2|Dragonite, F|
|poke|p2|Heatran, F|
|teampreview
|
|start
|switch|p1a: Iron Hands|Iron Hands|100/100
|switch|p2a: D4rk Réfè|Samurott-Hisui, F|100/100
|-enditem|p1a: Iron Hands|Booster Energy
|-activate|p1a: Iron Hands|ability: Quark Drive|[fromitem]
|-start|p1a: Iron Hands|quarkdriveatk
|turn|1
|
|move|p2a: D4rk Réfè|Ceaseless Edge|p1a: Iron Hands
|-resisted|p1a: Iron Hands
|-damage|p1a: Iron Hands|81/100
|-sidestart|p1: p1|Spikes
|-damage|p2a: D4rk Réfè|91/100|[from] item: Life Orb
|move|p1a: Iron Hands|Thunder Punch|p2a: D4rk Réfè
|-supereffective|p2a: D4rk Réfè
|-damage|p2a: D4rk Réfè|0 fnt
|faint|p2a: D4rk Réfè
|
|
|switch|p2a: Color|Zamazenta|100/100
|-ability|p2a: Color|Dauntless Shield|boost
|-boost|p2a: Color|def|1
|turn|2
|
|move|p2a: Color|Agility|p2a: Color
|-boost|p2a: Color|spe|2
|move|p1a: Iron Hands|Drain Punch|p2a: Color
|-damage|p2a: Color|73/100
|-heal|p1a: Iron Hands|90/100|[from] drain|[of] p2a: Color
|
|turn|3
|
|move|p2a: Color|Body Press|p1a: Iron Hands
|-damage|p1a: Iron Hands|42/100
|-damage|p2a: Color|63/100|[from] item: Life Orb
|move|p1a: Iron Hands|Drain Punch|p2a: Color
|-damage|p2a: Color|31/100
|-heal|p1a: Iron Hands|53/100|[from] drain|[of] p2a: Color
|
|turn|4
|
|move|p2a: Color|Body Press|p1a: Iron Hands
|-damage|p1a: Iron Hands|4/100
|-damage|p2a: Color|22/100|[from] item: Life Orb
|move|p1a: Iron Hands|Drain Punch|p2a: Color
|-damage|p2a: Color|0 fnt
|-heal|p1a: Iron Hands|11/100|[from] drain|[of] p2a: Color
|faint|p2a: Color
|
|
|switch|p2a: Apagnan|Dragonite, F|100/100
|turn|5
|
|move|p2a: Apagnan|Dragon Dance|p2a: Apagnan
|-boost|p2a: Apagnan|atk|1
|-boost|p2a: Apagnan|spe|1
|move|p1a: Iron Hands|Ice Punch|p2a: Apagnan
|-supereffective|p2a: Apagnan
|-damage|p2a: Apagnan|9/100
|
|turn|6
|
|-terastallize|p2a: Apagnan|Normal
|move|p2a: Apagnan|Extreme Speed|p1a: Iron Hands
|-damage|p1a: Iron Hands|0 fnt
|faint|p1a: Iron Hands
|-end|p1a: Iron Hands|Quark Drive|[silent]
|
|
|switch|p1a: Landorus|Landorus-Therian, M|100/100
|-ability|p1a: Landorus|Intimidate|boost
|-unboost|p2a: Apagnan|atk|1
|turn|7
|
|move|p2a: Apagnan|Extreme Speed|p1a: Landorus
|-damage|p1a: Landorus|53/100
|move|p1a: Landorus|Stealth Rock|p2a: Apagnan
|-sidestart|p2: p2|move: Stealth Rock
|
|turn|8
|
|move|p2a: Apagnan|Extreme Speed|p1a: Landorus
|-damage|p1a: Landorus|0 fnt
|faint|p1a: Landorus
|
|
|switch|p1a: Typhlosion|Typhlosion-Hisui, M|100/100
|turn|9
|
|move|p2a: Apagnan|Dragon Claw|p1a: Typhlosion
|-crit|p1a: Typhlosion
|-damage|p1a: Typhlosion|0 fnt
|faint|p1a: Typhlosion
|
|
|switch|p1a: Magearna|Magearna|100/100
|-damage|p1a: Magearna|88/100|[from] Spikes
|turn|10
|
|move|p2a: Apagnan|Earthquake|p1a: Magearna
|-supereffective|p1a: Magearna
|-damage|p1a: Magearna|19/100
|move|p1a: Magearna|Calm Mind|p1a: Magearna
|-boost|p1a: Magearna|spa|1
|-boost|p1a: Magearna|spd|1
|
|-heal|p1a: Magearna|26/100|[from] item: Leftovers
|turn|11
|
|move|p2a: Apagnan|Earthquake|p1a: Magearna
|-supereffective|p1a: Magearna
|-damage|p1a: Magearna|0 fnt
|faint|p1a: Magearna
|
|
|switch|p1a: Overqwil|Overqwil, F|100/100
|-damage|p1a: Overqwil|88/100|[from] Spikes
|-ability|p1a: Overqwil|Intimidate|boost
|-unboost|p2a: Apagnan|atk|1
|turn|12
|
|move|p2a: Apagnan|Extreme Speed|p1a: Overqwil
|-damage|p1a: Overqwil|59/100
|move|p1a: Overqwil|Barb Barrage|p2a: Apagnan
|-damage|p2a: Apagnan|0 fnt
|faint|p2a: Apagnan
|
|
|switch|p2a: HOT SUMMER|Heatran, F|100/100
|-damage|p2a: HOT SUMMER|88/100|[from] Stealth Rock
|-item|p2a: HOT SUMMER|Air Balloon
|turn|13
|
|move|p1a: Overqwil|Liquidation|p2a: HOT SUMMER
|-supereffective|p2a: HOT SUMMER
|-damage|p2a: HOT SUMMER|40/100
|-enditem|p2a: HOT SUMMER|Air Balloon
|move|p2a: HOT SUMMER|Earth Power|p1a: Overqwil
|-supereffective|p1a: Overqwil
|-damage|p1a: Overqwil|11/100
|
|turn|14
|
|move|p1a: Overqwil|Liquidation|p2a: HOT SUMMER
|-supereffective|p2a: HOT SUMMER
|-damage|p2a: HOT SUMMER|0 fnt
|faint|p2a: HOT SUMMER
|
|
|switch|p2a: Matt Podcast|Ditto|100/100
|-damage|p2a: Matt Podcast|88/100|[from] Stealth Rock
|-transform|p2a: Matt Podcast|p1a: Overqwil|[from] ability: Imposter
|-ability|p2a: Matt Podcast|Intimidate|boost
|-unboost|p1a: Overqwil|atk|1
|turn|15
|
|move|p2a: Matt Podcast|Crunch|p1a: Overqwil
|-resisted|p1a: Overqwil
|-damage|p1a: Overqwil|0 fnt
|faint|p1a: Overqwil
|
|
|switch|p1a: Walking Wake|Walking Wake|100/100
|-damage|p1a: Walking Wake|88/100|[from] Spikes
|turn|16
|
|switch|p2a: Zappy deck|Zapdos|100/100
|-damage|p2a: Zappy deck|76/100|[from] Stealth Rock
|move|p1a: Walking Wake|Dragon Pulse|p2a: Zappy deck
|-damage|p2a: Zappy deck|19/100
|
|-heal|p2a: Zappy deck|25/100|[from] item: Leftovers
|turn|17
|
|move|p2a: Zappy deck|Protect|p2a: Zappy deck
|-singleturn|p2a: Zappy deck|Protect
|move|p1a: Walking Wake|Dragon Pulse|p2a: Zappy deck
|-activate|p2a: Zappy deck|move: Protect
|
|-heal|p2a: Zappy deck|31/100|[from] item: Leftovers
|turn|18
|
|move|p1a: Walking Wake|Dragon Pulse|p2a: Zappy deck
|-crit|p2a: Zappy deck
|-damage|p2a: Zappy deck|0 fnt
|faint|p2a: Zappy deck
|
|
|switch|p2a: Matt Podcast|Ditto|88/100
|-damage|p2a: Matt Podcast|76/100|[from] Stealth Rock
|-transform|p2a: Matt Podcast|p1a: Walking Wake|[from] ability: Imposter
|turn|19
|
|move|p2a: Matt Podcast|Draco Meteor|p1a: Walking Wake
|-supereffective|p1a: Walking Wake
|-damage|p1a: Walking Wake|0 fnt
|-unboost|p2a: Matt Podcast|spa|2
|faint|p1a: Walking Wake
|-end|p1a: Walking Wake|Protosynthesis|[silent]
|
|win|p2
