# advantage = p2
|poke|p1|Electrode-Hisui|
|poke|p1|Chien-Pao|
|poke|p1|Great Tusk|
|poke|p1|Scream Tail|
|poke|p1|Delphox, F|
|poke|p1|Slowbro-Galar, M|
|poke|p2|Samurott-Hisui, M|
|poke|p2|Dragapult, M|
|poke|p2|Sneasler, M|
|poke|p2|Magearna|
|poke|p2|Volcarona, F|
|poke|p2|Zamazenta-*|
|teampreview
|
|start
|switch|p1a: Electrode|Electrode-Hisui|100/100
|switch|p2a: Samurott|Samurott-Hisui, M|100/100
|turn|1
|
|move|p1a: Electrode|Volt Switch|p2a: Samurott
|-supereffective|p2a: Samurott
|-enditem|p2a: Samurott|Focus Sash
|-damage|p2a: Samurott|1/100
|
|switch|p1a: Great Tusk|Great Tusk|100/100|[from] Volt Switch
|move|p2a: Samurott|Ceaseless Edge|p1a: Great Tusk|[miss]
|-miss|p2a: Samurott|p1a: Great Tusk
|
|turn|2
|
|move|p2a: Samurott|Aqua Jet|p1a: Great Tusk
|-supereffective|p1a: Great Tusk
|-damage|p1a: Great Tusk|80/100
|move|p1a: Great Tusk|Rapid Spin|p2a: Samurott
|-damage|p2a: Samurott|0 fnt
|-boost|p1a: Great Tusk|spe|1
|faint|p2a: Samurott
|
|
|switch|p2a: Dragapult|Dragapult, M|100/100
|turn|3
|
|move|p2a: Dragapult|Reflect|p2a: Dragapult
|-sidestart|p2: p2|Reflect
|move|p1a: Great Tusk|Knock Off|p2a: Dragapult
|-supereffective|p2a: Dragapult
|-damage|p2a: Dragapult|70/100
|-enditem|p2a: Dragapult|Light Clay|[from] move: Knock Off|[of] p1a: Great Tusk
|
|turn|4
|
|-end|p1a: Great Tusk|Protosynthesis|[silent]
|switch|p1a: Scream Tail|Scream Tail|100/100
|move|p2a: Dragapult|U-turn|p1a: Scream Tail
|-damage|p1a: Scream Tail|86/100
|
|switch|p2a: Zamazenta|Zamazenta-Crowned|100/100|[from] U-turn
|-ability|p2a: Zamazenta|Dauntless Shield|boost
|-boost|p2a: Zamazenta|def|1
|
|-heal|p1a: Scream Tail|92/100|[from] item: Leftovers
|turn|5
|
|move|p2a: Zamazenta|Behemoth Bash|p1a: Scream Tail
|-supereffective|p1a: Scream Tail
|-damage|p1a: Scream Tail|30/100
|move|p1a: Scream Tail|Wish|p1a: Scream Tail
|
|-heal|p1a: Scream Tail|36/100|[from] item: Leftovers
|turn|6
|
|switch|p2a: Magearna|Magearna|100/100
|-end|p1a: Scream Tail|Protosynthesis|[silent]
|switch|p1a: Delphox|Delphox, F, shiny|100/100
|
|turn|7
|
|switch|p2a: Dragapult|Dragapult, M|70/100
|move|p1a: Delphox|Nasty Plot|p1a: Delphox
|-boost|p1a: Delphox|spa|2
|
|turn|8
|
|move|p2a: Dragapult|Curse|p1a: Delphox
|-start|p1a: Delphox|Curse|[of] p2a: Dragapult
|-damage|p2a: Dragapult|20/100
|move|p1a: Delphox|Psyshock|p2a: Dragapult
|-damage|p2a: Dragapult|0 fnt
|faint|p2a: Dragapult
|
|-damage|p1a: Delphox|76/100|[from] Curse
|
|switch|p2a: Zamazenta|Zamazenta-Crowned|100/100
|turn|9
|
|move|p2a: Zamazenta|Crunch|p1a: Delphox
|-supereffective|p1a: Delphox
|-damage|p1a: Delphox|13/100
|move|p1a: Delphox|Flamethrower|p2a: Zamazenta
|-supereffective|p2a: Zamazenta
|-damage|p2a: Zamazenta|0 fnt
|faint|p2a: Zamazenta
|
|-damage|p1a: Delphox|0 fnt|[from] Curse
|faint|p1a: Delphox
|
|switch|p2a: Magearna|Magearna|100/100
|switch|p1a: Slowbro|Slowbro-Galar, M|100/100
|turn|10
|
|move|p2a: Magearna|Calm Mind|p2a: Magearna
|-boost|p2a: Magearna|spa|1
|-boost|p2a: Magearna|spd|1
|move|p1a: Slowbro|Flamethrower|p2a: Magearna
|-supereffective|p2a: Magearna
|-damage|p2a: Magearna|70/100
|
|-heal|p2a: Magearna|76/100|[from] item: Leftovers
|-sideend|p2: p2|Reflect
|turn|11
|-activate|p1a: Slowbro|item: Quick Claw
|
|move|p1a: Slowbro|Psych Up|p2a: Magearna
|-copyboost|p1a: Slowbro|p2a: Magearna|[from] move: Psych Up
|move|p2a: Magearna|Calm Mind|p2a: Magearna
|-boost|p2a: Magearna|spa|1
|-boost|p2a: Magearna|spd|1
|
|-heal|p2a: Magearna|82/100|[from] item: Leftovers
|turn|12
|
|move|p2a: Magearna|Stored Power|p1a: Slowbro
|-damage|p1a: Slowbro|53/100
|move|p1a: Slowbro|Flamethrower|p2a: Magearna
|-supereffective|p2a: Magearna
|-damage|p2a: Magearna|47/100
|-status|p2a: Magearna|brn
|
|-heal|p2a: Magearna|53/100 brn|[from] item: Leftovers
|-damage|p2a: Magearna|47/100 brn|[from] brn
|turn|13
|
|move|p2a: Magearna|Stored Power|p1a: Slowbro
|-damage|p1a: Slowbro|6/100
|move|p1a: Slowbro|Psych Up|p2a: Magearna
|-copyboost|p1a: Slowbro|p2a: Magearna|[from] move: Psych Up
|
|-heal|p2a: Magearna|53/100 brn|[from] item: Leftovers
|-damage|p2a: Magearna|47/100 brn|[from] brn
|turn|14
|
|-terastallize|p1a: Slowbro|Dark
|move|p2a: Magearna|Stored Power|p1a: Slowbro
|-immune|p1a: Slowbro
|move|p1a: Slowbro|Flamethrower|p2a: Magearna
|-supereffective|p2a: Magearna
|-damage|p2a: Magearna|1/100 brn
|
|-heal|p2a: Magearna|7/100 brn|[from] item: Leftovers
|-damage|p2a: Magearna|1/100 brn|[from] brn
|turn|15
|-activate|p1a: Slowbro|item: Quick Claw
|
|move|p1a: Slowbro|Flamethrower|p2a: Magearna
|-supereffective|p2a: Magearna
|-damage|p2a: Magearna|0 fnt
|faint|p2a: Magearna
|
|
|switch|p2a: Sneasler|Sneasler, M|100/100
|-item|p2a: Sneasler|Air Balloon
|turn|16
|-activate|p1a: Slowbro|item: Quick Claw
|
|move|p1a: Slowbro|Psyshock|p2a: Sneasler
|-supereffective|p2a: Sneasler
|-damage|p2a: Sneasler|0 fnt
|-enditem|p2a: Sneasler|Air Balloon
|faint|p2a: Sneasler
|
|-message|p2 forfeited.
|
|win|p1
