|poke|p1|Enamorus, F|
|poke|p1|Heatran, M|
|poke|p1|Landorus-Therian, M|
|poke|p1|Great Tusk|
|poke|p1|Dragapult, F|
|poke|p1|Toxapex, M|
|poke|p2|Typhlosion-Hisui, M|
|poke|p2|Goodra-Hisui, F|
|poke|p2|Sneasler, F|
|poke|p2|Cresselia, F|
|poke|p2|Walking Wake|
|poke|p2|Tsareena, F|
|teampreview
|
|start
|switch|p1a: Heatran|Heatran, M|100/100
|switch|p2a: Goodra|Goodra-Hisui, F|100/100
|turn|1
|
|move|p1a: Heatran|Stealth Rock|p2a: Goodra
|-sidestart|p2: p2|move: Stealth Rock
|move|p2a: Goodra|Thunderbolt|p1a: Heatran
|-damage|p1a: Heatran|88/100
|
|-heal|p1a: Heatran|94/100|[from] item: Leftovers
|turn|2
|
|move|p1a: Heatran|Earth Power|p2a: Goodra
|-supereffective|p2a: Goodra
|-damage|p2a: Goodra|79/100
|move|p2a: Goodra|Chilling Water|p1a: Heatran
|-supereffective|p1a: Heatran
|-damage|p1a: Heatran|78/100
|-unboost|p1a: Heatran|atk|1
|
|-heal|p1a: Heatran|85/100|[from] item: Leftovers
|turn|3
|
|switch|p2a: Walking Wake|Walking Wake|100/100
|-enditem|p2a: Walking Wake|Booster Energy
|-activate|p2a: Walking Wake|ability: Protosynthesis|[fromitem]
|-start|p2a: Walking Wake|protosynthesisspe
|-damage|p2a: Walking Wake|88/100|[from] Stealth Rock
|move|p1a: Heatran|Magma Storm|p2a: Walking Wake
|-resisted|p2a: Walking Wake
|-damage|p2a: Walking Wake|76/100
|-activate|p2a: Walking Wake|move: Magma Storm|[of] p1a: Heatran
|
|-heal|p1a: Heatran|91/100|[from] item: Leftovers
|-damage|p2a: Walking Wake|63/100|[from] move: Magma Storm|[partiallytrapped]
|turn|4
|
|switch|p1a: Toxapex|Toxapex, M|100/100
|move|p2a: Walking Wake|Sunny Day|p2a: Walking Wake
|-weather|SunnyDay
|
|-weather|SunnyDay|[upkeep]
|-end|p2a: Walking Wake|Magma Storm|[partiallytrapped]|[silent]
|turn|5
|
|move|p2a: Walking Wake|Dragon Pulse|p1a: Toxapex
|-damage|p1a: Toxapex|75/100
|move|p1a: Toxapex|Sludge Bomb|p2a: Walking Wake
|-damage|p2a: Walking Wake|30/100
|
|-weather|SunnyDay|[upkeep]
|turn|6
|
|-end|p2a: Walking Wake|Protosynthesis|[silent]
|switch|p2a: Goodra|Goodra-Hisui, F|79/100
|-damage|p2a: Goodra|73/100|[from] Stealth Rock
|move|p1a: Toxapex|Sludge Bomb|p2a: Goodra
|-immune|p2a: Goodra
|
|-weather|SunnyDay|[upkeep]
|turn|7
|
|switch|p1a: Enamorus|Enamorus, F|100/100
|move|p2a: Goodra|Draco Meteor|p1a: Enamorus
|-immune|p1a: Enamorus
|
|-weather|SunnyDay|[upkeep]
|turn|8
|
|move|p1a: Enamorus|Superpower|p2a: Goodra
|-supereffective|p2a: Goodra
|-damage|p2a: Goodra|23/100
|-boost|p1a: Enamorus|atk|1
|-boost|p1a: Enamorus|def|1
|move|p2a: Goodra|Thunderbolt|p1a: Enamorus
|-supereffective|p1a: Enamorus
|-damage|p1a: Enamorus|33/100
|-status|p1a: Enamorus|par
|
|-weather|none
|turn|9
|
|cant|p1a: Enamorus|par
|move|p2a: Goodra|Chilling Water|p1a: Enamorus
|-damage|p1a: Enamorus|17/100 par
|-boost|p1a: Enamorus|atk|1
|
|turn|10
|
|move|p1a: Enamorus|Superpower|p2a: Goodra
|-supereffective|p2a: Goodra
|-damage|p2a: Goodra|0 fnt
|-boost|p1a: Enamorus|atk|1
|-boost|p1a: Enamorus|def|1
|faint|p2a: Goodra
|
|
|switch|p2a: Walking Wake|Walking Wake|30/100
|-damage|p2a: Walking Wake|17/100|[from] Stealth Rock
|turn|11
|
|move|p2a: Walking Wake|Flamethrower|p1a: Enamorus
|-damage|p1a: Enamorus|0 fnt
|faint|p1a: Enamorus
|
|
|switch|p1a: Dragapult|Dragapult, F|100/100
|turn|12
|
|move|p1a: Dragapult|Dragon Darts|p2a: Walking Wake
|-supereffective|p2a: Walking Wake
|-damage|p2a: Walking Wake|0 fnt
|faint|p2a: Walking Wake
|-end|p2a: Walking Wake|Protosynthesis|[silent]
|
|
|switch|p2a: Cresselia|Cresselia, F|100/100
|-damage|p2a: Cresselia|88/100|[from] Stealth Rock
|turn|13
|
|switch|p1a: Heatran|Heatran, M|91/100
|-terastallize|p2a: Cresselia|Poison
|move|p2a: Cresselia|Calm Mind|p2a: Cresselia
|-boost|p2a: Cresselia|spa|1
|-boost|p2a: Cresselia|spd|1
|
|-heal|p2a: Cresselia|94/100|[from] item: Leftovers
|-heal|p1a: Heatran|97/100|[from] item: Leftovers
|turn|14
|
|move|p2a: Cresselia|Calm Mind|p2a: Cresselia
|-boost|p2a: Cresselia|spa|1
|-boost|p2a: Cresselia|spd|1
|move|p1a: Heatran|Magma Storm|p2a: Cresselia|[miss]
|-miss|p1a: Heatran|p2a: Cresselia
|
|-heal|p2a: Cresselia|99/100|[from] item: Leftovers
|-heal|p1a: Heatran|100/100|[from] item: Leftovers
|turn|15
|
|move|p2a: Cresselia|Calm Mind|p2a: Cresselia
|-boost|p2a: Cresselia|spa|1
|-boost|p2a: Cresselia|spd|1
|move|p1a: Heatran|Magma Storm|p2a: Cresselia
|-damage|p2a: Cresselia|88/100
|-activate|p2a: Cresselia|move: Magma Storm|[of] p1a: Heatran
|
|-heal|p2a: Cresselia|94/100|[from] item: Leftovers
|-damage|p2a: Cresselia|82/100|[from] move: Magma Storm|[partiallytrapped]
|turn|16
|
|move|p2a: Cresselia|Calm Mind|p2a: Cresselia
|-boost|p2a: Cresselia|spa|1
|-boost|p2a: Cresselia|spd|1
|move|p1a: Heatran|Taunt|p2a: Cresselia
|-start|p2a: Cresselia|move: Taunt
|
|-heal|p2a: Cresselia|88/100|[from] item: Leftovers
|-damage|p2a: Cresselia|75/100|[from] move: Magma Storm|[partiallytrapped]
|turn|17
|
|move|p2a: Cresselia|Stored Power|p1a: Heatran
|-resisted|p1a: Heatran
|-damage|p1a: Heatran|59/100
|move|p1a: Heatran|Magma Storm|p2a: Cresselia|[miss]
|-miss|p1a: Heatran|p2a: Cresselia
|
|-heal|p2a: Cresselia|81/100|[from] item: Leftovers
|-heal|p1a: Heatran|65/100|[from] item: Leftovers
|-damage|p2a: Cresselia|69/100|[from] move: Magma Storm|[partiallytrapped]
|turn|18
|
|move|p2a: Cresselia|Stored Power|p1a: Heatran
|-resisted|p1a: Heatran
|-damage|p1a: Heatran|19/100
|move|p1a: Heatran|Magma Storm|p2a: Cresselia
|-damage|p2a: Cresselia|60/100
|
|-heal|p2a: Cresselia|66/100|[from] item: Leftovers
|-heal|p1a: Heatran|25/100|[from] item: Leftovers
|-damage|p2a: Cresselia|54/100|[from] move: Magma Storm|[partiallytrapped]
|turn|19
|
|move|p2a: Cresselia|Stored Power|p1a: Heatran
|-resisted|p1a: Heatran
|-damage|p1a: Heatran|0 fnt
|faint|p1a: Heatran
|
|-heal|p2a: Cresselia|60/100|[from] item: Leftovers
|-end|p2a: Cresselia|Magma Storm|[partiallytrapped]
|-end|p2a: Cresselia|move: Taunt
|
|switch|p1a: Dragapult|Dragapult, F|100/100
|turn|20
|
|move|p1a: Dragapult|Dragon Darts|p2a: Cresselia
|-damage|p2a: Cresselia|44/100
|-anim|p1a: Dragapult|Dragon Darts|p2a: Cresselia
|-damage|p2a: Cresselia|30/100
|move|p2a: Cresselia|Moonblast|p1a: Dragapult
|-supereffective|p1a: Dragapult
|-damage|p1a: Dragapult|0 fnt
|faint|p1a: Dragapult
|
|-heal|p2a: Cresselia|37/100|[from] item: Leftovers
|
|switch|p1a: Great Tusk|Great Tusk|100/100
|turn|21
|
|move|p2a: Cresselia|Lunar Blessing|p2a: Cresselia
|-heal|p2a: Cresselia|62/100
|move|p1a: Great Tusk|Knock Off|p2a: Cresselia
|-damage|p2a: Cresselia|47/100
|-enditem|p2a: Cresselia|Leftovers|[from] move: Knock Off|[of] p1a: Great Tusk
|
|turn|22
|
|move|p2a: Cresselia|Stored Power|p1a: Great Tusk
|-supereffective|p1a: Great Tusk
|-damage|p1a: Great Tusk|0 fnt
|faint|p1a: Great Tusk
|-end|p1a: Great Tusk|Protosynthesis|[silent]
|
|
|switch|p1a: Landorus|Landorus-Therian, M|100/100
|-ability|p1a: Landorus|Intimidate|boost
|-unboost|p2a: Cresselia|atk|1
|turn|23
|
|move|p1a: Landorus|Crunch|p2a: Cresselia
|-damage|p2a: Cresselia|29/100
|move|p2a: Cresselia|Stored Power|p1a: Landorus
|-damage|p1a: Landorus|0 fnt
|faint|p1a: Landorus
|
|
|switch|p1a: Toxapex|Toxapex, M|100/100
|turn|24
|
|-terastallize|p1a: Toxapex|Electric
|move|p2a: Cresselia|Stored Power|p1a: Toxapex
|-damage|p1a: Toxapex|26/100
|move|p1a: Toxapex|Tera Blast|p2a: Cresselia
|-damage|p2a: Cresselia|23/100
|
|turn|25
|
|move|p2a: Cresselia|Stored Power|p1a: Toxapex
|-damage|p1a: Toxapex|0 fnt
|faint|p1a: Toxapex
|
|win|p2
