|poke|p1|Lucario, M|
|poke|p1|Gardevoir, M|
|poke|p1|Charizard, M|
|poke|p1|Dragapult, M|
|poke|p1|Iron Treads|
|poke|p1|Electrode-Hisui|
|poke|p2|Enamorus, F|
|poke|p2|Kleavor, F|
|poke|p2|Ursaluna, F|
|poke|p2|Typhlosion-Hisui, M|
|poke|p2|Lilligant-Hisui, F|
|poke|p2|Arcanine-Hisui, F|
|teampreview
|
|start
|switch|p1a: Lucario|Lucario, M|100/100
|switch|p2a: Arcanine|Arcanine-Hisui, F|100/100
|turn|1
|
|move|p2a: Arcanine|Sunny Day|p2a: Arcanine
|-weather|SunnyDay
|move|p1a: Lucario|Counter||[still]
|-fail|p1a: Lucario
|
|-weather|SunnyDay|[upkeep]
|turn|2
|
|move|p2a: Arcanine|Flare Blitz|p1a: Lucario
|-supereffective|p1a: Lucario
|-damage|p1a: Lucario|0 fnt
|faint|p1a: Lucario
|-damage|p2a: Arcanine|67/100|[from] Recoil
|
|-weather|SunnyDay|[upkeep]
|
|switch|p1a: Iron Treads|Iron Treads|100/100
|turn|3
|
|move|p2a: Arcanine|Extreme Speed|p1a: Iron Treads
|-resisted|p1a: Iron Treads
|-damage|p1a: Iron Treads|90/100
|move|p1a: Iron Treads|Iron Head|p2a: Arcanine
|-damage|p2a: Arcanine|24/100
|
|-weather|SunnyDay|[upkeep]
|turn|4
|
|-terastallize|p2a: Arcanine|Fire
|move|p2a: Arcanine|Flare Blitz|p1a: Iron Treads
|-supereffective|p1a: Iron Treads
|-damage|p1a: Iron Treads|0 fnt
|faint|p1a: Iron Treads
|-end|p1a: Iron Treads|Quark Drive|[silent]
|-damage|p2a: Arcanine|0 fnt|[from] Recoil
|faint|p2a: Arcanine
|
|-weather|SunnyDay|[upkeep]
|
|switch|p2a: Lilligant|Lilligant-Hisui, F|100/100
|switch|p1a: Gardevoir|Gardevoir, M|100/100
|turn|5
|
|move|p2a: Lilligant|Leaf Blade|p1a: Gardevoir
|-damage|p1a: Gardevoir|29/100
|move|p1a: Gardevoir|Confusion|p2a: Lilligant
|-supereffective|p2a: Lilligant
|-damage|p2a: Lilligant|30/100
|-start|p2a: Lilligant|confusion
|-heal|p1a: Gardevoir|37/100|[from] item: Shell Bell|[of] p2a: Lilligant
|
|-weather|SunnyDay|[upkeep]
|turn|6
|
|-activate|p2a: Lilligant|confusion
|-damage|p2a: Lilligant|10/100|[from] confusion
|move|p1a: Gardevoir|Psychic|p2a: Lilligant
|-supereffective|p2a: Lilligant
|-damage|p2a: Lilligant|0 fnt
|faint|p2a: Lilligant
|-heal|p1a: Gardevoir|38/100|[from] item: Shell Bell|[of] p2: Lilligant
|
|-weather|SunnyDay|[upkeep]
|
|switch|p2a: Kleavor|Kleavor, F|100/100
|turn|7
|
|switch|p1a: Electrode|Electrode-Hisui|100/100
|move|p2a: Kleavor|Stone Axe|p1a: Electrode
|-damage|p1a: Electrode|32/100
|-sidestart|p1: p1|move: Stealth Rock
|
|-weather|SunnyDay|[upkeep]
|turn|8
|
|move|p1a: Electrode|Self-Destruct|p2a: Kleavor
|-resisted|p2a: Kleavor
|-damage|p2a: Kleavor|84/100
|faint|p1a: Electrode
|move|p2a: Kleavor|X-Scissor|p1: Electrode|[notarget]
|-fail|p2a: Kleavor
|
|-weather|none
|
|switch|p1a: Dragapult|Dragapult, M|100/100
|-damage|p1a: Dragapult|88/100|[from] Stealth Rock
|turn|9
|
|move|p1a: Dragapult|Hydro Pump|p2a: Kleavor
|-supereffective|p2a: Kleavor
|-damage|p2a: Kleavor|2/100
|move|p2a: Kleavor|Stone Axe|p1a: Dragapult
|-damage|p1a: Dragapult|26/100
|
|turn|10
|
|move|p1a: Dragapult|Hydro Pump|p2a: Kleavor
|-supereffective|p2a: Kleavor
|-damage|p2a: Kleavor|0 fnt
|faint|p2a: Kleavor
|
|
|switch|p2a: Typhlosion|Typhlosion-Hisui, M|100/100
|-item|p1a: Dragapult|Light Clay|[from] ability: Frisk|[of] p2a: Typhlosion|[identify]
|turn|11
|
|move|p1a: Dragapult|Hydro Pump|p2a: Typhlosion
|-supereffective|p2a: Typhlosion
|-damage|p2a: Typhlosion|33/100
|move|p2a: Typhlosion|Infernal Parade|p1a: Dragapult
|-supereffective|p1a: Dragapult
|-damage|p1a: Dragapult|0 fnt
|faint|p1a: Dragapult
|
|
|switch|p1a: Charizard|Charizard, M|100/100
|-damage|p1a: Charizard|51/100|[from] Stealth Rock
|turn|12
|
|move|p2a: Typhlosion|Infernal Parade|p1a: Charizard
|-damage|p1a: Charizard|5/100
|move|p1a: Charizard|Fire Blast|p2a: Typhlosion
|-resisted|p2a: Typhlosion
|-damage|p2a: Typhlosion|0 fnt
|faint|p2a: Typhlosion
|
|
|switch|p2a: Ursaluna|Ursaluna, F|100/100
|turn|13
|
|move|p1a: Charizard|Fly||[still]
|-prepare|p1a: Charizard|Fly
|move|p2a: Ursaluna|Substitute|p2a: Ursaluna
|-start|p2a: Ursaluna|Substitute
|-damage|p2a: Ursaluna|75/100
|
|-status|p2a: Ursaluna|brn|[from] item: Flame Orb
|turn|14
|
|move|p1a: Charizard|Fly|p2a: Ursaluna|[from]lockedmove
|-end|p2a: Ursaluna|Substitute
|move|p2a: Ursaluna|Thunder Punch|p1a: Charizard
|-supereffective|p1a: Charizard
|-damage|p1a: Charizard|0 fnt
|faint|p1a: Charizard
|
|-damage|p2a: Ursaluna|69/100 brn|[from] brn
|
|switch|p1a: Gardevoir|Gardevoir, M|38/100
|-damage|p1a: Gardevoir|25/100|[from] Stealth Rock
|turn|15
|
|move|p1a: Gardevoir|Confusion|p2a: Ursaluna
|-damage|p2a: Ursaluna|50/100 brn
|-heal|p1a: Gardevoir|29/100|[from] item: Shell Bell|[of] p2a: Ursaluna
|move|p2a: Ursaluna|Substitute|p2a: Ursaluna
|-start|p2a: Ursaluna|Substitute
|-damage|p2a: Ursaluna|25/100 brn
|
|-damage|p2a: Ursaluna|19/100 brn|[from] brn
|turn|16
|
|move|p1a: Gardevoir|Psychic|p2a: Ursaluna
|-end|p2a: Ursaluna|Substitute
|move|p2a: Ursaluna|Facade|p1a: Gardevoir
|-damage|p1a: Gardevoir|0 fnt
|faint|p1a: Gardevoir
|
|win|p2
