|poke|p1|Pawmot, M|
|poke|p1|Gengar, F|
|poke|p1|Jolteon, M|
|poke|p1|Iron Treads|
|poke|p1|Enamorus, F|
|poke|p1|Baxcalibur, M|
|poke|p2|Arcanine-Hisui, F|
|poke|p2|Amoonguss, F|
|poke|p2|Samurott-Hisui, M|
|poke|p2|Great Tusk|
|poke|p2|Kleavor, M|
|poke|p2|Skeledirge, M|
|teampreview
|
|start
|switch|p1a: Enamorus|Enamorus, F|100/100
|switch|p2a: Kleavor|Kleavor, M|100/100
|turn|1
|
|switch|p1a: Iron Treads|Iron Treads|100/100
|move|p2a: Kleavor|Stone Axe|p1a: Iron Treads
|-resisted|p1a: Iron Treads
|-damage|p1a: Iron Treads|90/100
|-sidestart|p1: p1|move: Stealth Rock
|
|-heal|p1a: Iron Treads|96/100|[from] item: Leftovers
|turn|2
|
|move|p1a: Iron Treads|Rapid Spin|p2a: Kleavor
|-resisted|p2a: Kleavor
|-damage|p2a: Kleavor|90/100
|-boost|p1a: Iron Treads|spe|1
|-sideend|p1: p1|Stealth Rock|[from] move: Rapid Spin|[of] p1a: Iron Treads
|move|p2a: Kleavor|U-turn|p1a: Iron Treads
|-resisted|p1a: Iron Treads
|-damage|p1a: Iron Treads|79/100
|
|switch|p2a: Skeledirge|Skeledirge, M|100/100|[from] U-turn
|
|-heal|p1a: Iron Treads|85/100|[from] item: Leftovers
|turn|3
|
|-terastallize|p1a: Iron Treads|Ground
|move|p1a: Iron Treads|Earthquake|p2a: Skeledirge
|-supereffective|p2a: Skeledirge
|-damage|p2a: Skeledirge|3/100
|move|p2a: Skeledirge|Will-O-Wisp|p1a: Iron Treads
|-status|p1a: Iron Treads|brn
|
|-heal|p1a: Iron Treads|91/100 brn|[from] item: Leftovers
|-damage|p1a: Iron Treads|85/100 brn|[from] brn
|turn|4
|
|switch|p2a: Samurott|Samurott-Hisui, M|100/100
|move|p1a: Iron Treads|Earthquake|p2a: Samurott
|-damage|p2a: Samurott|61/100
|
|-heal|p1a: Iron Treads|91/100 brn|[from] item: Leftovers
|-damage|p1a: Iron Treads|85/100 brn|[from] brn
|turn|5
|
|move|p1a: Iron Treads|Body Press|p2a: Samurott
|-supereffective|p2a: Samurott
|-damage|p2a: Samurott|34/100
|move|p2a: Samurott|Ceaseless Edge|p1a: Iron Treads
|-damage|p1a: Iron Treads|48/100 brn
|-sidestart|p1: p1|Spikes
|
|-heal|p1a: Iron Treads|54/100 brn|[from] item: Leftovers
|-damage|p1a: Iron Treads|48/100 brn|[from] brn
|turn|6
|
|-terastallize|p2a: Samurott|Water
|move|p1a: Iron Treads|Iron Defense|p1a: Iron Treads
|-boost|p1a: Iron Treads|def|2
|move|p2a: Samurott|Ceaseless Edge|p1a: Iron Treads
|-damage|p1a: Iron Treads|27/100 brn
|-sidestart|p1: p1|Spikes
|
|-heal|p1a: Iron Treads|33/100 brn|[from] item: Leftovers
|-damage|p1a: Iron Treads|27/100 brn|[from] brn
|turn|7
|
|move|p1a: Iron Treads|Rapid Spin|p2a: Samurott
|-damage|p2a: Samurott|24/100
|-boost|p1a: Iron Treads|spe|1
|-sideend|p1: p1|Spikes|[from] move: Rapid Spin|[of] p1a: Iron Treads
|move|p2a: Samurott|Aqua Cutter|p1a: Iron Treads
|-supereffective|p1a: Iron Treads
|-damage|p1a: Iron Treads|0 fnt
|faint|p1a: Iron Treads
|-end|p1a: Iron Treads|Quark Drive|[silent]
|
|
|switch|p1a: Enamorus|Enamorus, F|100/100
|turn|8
|
|move|p1a: Enamorus|Superpower|p2a: Samurott
|-damage|p2a: Samurott|0 fnt
|-boost|p1a: Enamorus|atk|1
|-boost|p1a: Enamorus|def|1
|faint|p2a: Samurott
|
|
|switch|p2a: Amoonguss|Amoonguss, F|100/100
|turn|9
|
|move|p1a: Enamorus|Mystical Fire|p2a: Amoonguss
|-supereffective|p2a: Amoonguss
|-damage|p2a: Amoonguss|55/100
|-unboost|p2a: Amoonguss|spa|1
|move|p2a: Amoonguss|Spore|p1a: Enamorus
|-status|p1a: Enamorus|slp|[from] move: Spore
|
|turn|10
|
|cant|p1a: Enamorus|slp
|move|p2a: Amoonguss|Clear Smog|p1a: Enamorus
|-supereffective|p1a: Enamorus
|-damage|p1a: Enamorus|73/100 slp
|-clearboost|p1a: Enamorus
|
|turn|11
|
|-curestatus|p1a: Enamorus|slp|[msg]
|move|p1a: Enamorus|Mystical Fire|p2a: Amoonguss
|-supereffective|p2a: Amoonguss
|-damage|p2a: Amoonguss|9/100
|-unboost|p2a: Amoonguss|spa|1
|move|p2a: Amoonguss|Sludge Bomb|p1a: Enamorus
|-supereffective|p1a: Enamorus
|-damage|p1a: Enamorus|33/100
|
|turn|12
|
|move|p1a: Enamorus|Superpower|p2a: Amoonguss
|-resisted|p2a: Amoonguss
|-damage|p2a: Amoonguss|0 fnt
|-boost|p1a: Enamorus|atk|1
|-boost|p1a: Enamorus|def|1
|faint|p2a: Amoonguss
|
|
|switch|p2a: Arcanine|Arcanine-Hisui, F|100/100
|turn|13
|
|move|p1a: Enamorus|Superpower|p2a: Arcanine
|-supereffective|p2a: Arcanine
|-damage|p2a: Arcanine|0 fnt
|-boost|p1a: Enamorus|atk|1
|-boost|p1a: Enamorus|def|1
|faint|p2a: Arcanine
|
|
|switch|p2a: Great Tusk|Great Tusk|100/100
|turn|14
|
|move|p1a: Enamorus|Play Rough|p2a: Great Tusk
|-supereffective|p2a: Great Tusk
|-damage|p2a: Great Tusk|0 fnt
|faint|p2a: Great Tusk
|-end|p2a: Great Tusk|Protosynthesis|[silent]
|
|-message|p2 forfeited.
|
|win|p1
