# advantage = p2
|poke|p1|Masquerain, F|
|poke|p1|Glimmora, M|
|poke|p1|Goodra-Hisui, M|
|poke|p1|Zoroark-Hisui, M|
|poke|p1|Baxcalibur, M|
|poke|p1|Dragapult, F|
|poke|p2|Sneasler, M|
|poke|p2|Indeedee, M|
|poke|p2|Magearna|
|poke|p2|Chien-Pao|
|poke|p2|Iron Treads|
|poke|p2|Volcarona, M|
|teampreview
|
|start
|switch|p1a: Masquerain|Masquerain, F|100/100
|switch|p2a: Iron Treads|Iron Treads|100/100
|-ability|p1a: Masquerain|Intimidate|boost
|-unboost|p2a: Iron Treads|atk|1
|turn|1
|
|move|p2a: Iron Treads|Stealth Rock|p1a: Masquerain
|-sidestart|p1: p1|move: Stealth Rock
|move|p1a: Masquerain|Sticky Web|p2a: Iron Treads
|-sidestart|p2: p2|move: Sticky Web
|
|turn|2
|
|switch|p1a: Glimmora|Glimmora, M|100/100
|-damage|p1a: Glimmora|88/100|[from] Stealth Rock
|move|p2a: Iron Treads|Rapid Spin|p1a: Glimmora
|-resisted|p1a: Glimmora
|-crit|p1a: Glimmora
|-damage|p1a: Glimmora|80/100
|-boost|p2a: Iron Treads|spe|1
|-activate|p1a: Glimmora|ability: Toxic Debris
|-sidestart|p2: p2|move: Toxic Spikes
|-sideend|p2: p2|Toxic Spikes|[from] move: Rapid Spin|[of] p2a: Iron Treads
|-sideend|p2: p2|Sticky Web|[from] move: Rapid Spin|[of] p2a: Iron Treads
|
|-heal|p1a: Glimmora|86/100|[from] item: Leftovers
|turn|3
|
|move|p2a: Iron Treads|Earthquake|p1a: Glimmora
|-supereffective|p1a: Glimmora
|-damage|p1a: Glimmora|4/100
|-activate|p1a: Glimmora|ability: Toxic Debris
|-sidestart|p2: p2|move: Toxic Spikes
|move|p1a: Glimmora|Mortal Spin|p2a: Iron Treads
|-immune|p2a: Iron Treads
|
|-heal|p1a: Glimmora|10/100|[from] item: Leftovers
|turn|4
|
|move|p2a: Iron Treads|Rapid Spin|p1a: Glimmora
|-resisted|p1a: Glimmora
|-damage|p1a: Glimmora|7/100
|-boost|p2a: Iron Treads|spe|1
|-activate|p1a: Glimmora|ability: Toxic Debris
|-sidestart|p2: p2|move: Toxic Spikes
|-sideend|p2: p2|Toxic Spikes|[from] move: Rapid Spin|[of] p2a: Iron Treads
|move|p1a: Glimmora|Earth Power|p2a: Iron Treads
|-supereffective|p2a: Iron Treads
|-damage|p2a: Iron Treads|28/100
|
|-heal|p1a: Glimmora|13/100|[from] item: Leftovers
|turn|5
|
|move|p1a: Glimmora|Protect|p1a: Glimmora
|-singleturn|p1a: Glimmora|Protect
|move|p2a: Iron Treads|Earthquake|p1a: Glimmora
|-activate|p1a: Glimmora|move: Protect
|
|-heal|p1a: Glimmora|19/100|[from] item: Leftovers
|turn|6
|
|move|p2a: Iron Treads|Iron Head|p1a: Glimmora
|-supereffective|p1a: Glimmora
|-damage|p1a: Glimmora|0 fnt
|-activate|p1a: Glimmora|ability: Toxic Debris
|-sidestart|p2: p2|move: Toxic Spikes
|faint|p1a: Glimmora
|
|
|switch|p1a: Masquerain|Masquerain, F|100/100
|-damage|p1a: Masquerain|51/100|[from] Stealth Rock
|-ability|p1a: Masquerain|Intimidate|boost
|-unboost|p2a: Iron Treads|atk|1
|turn|7
|
|move|p2a: Iron Treads|Rapid Spin|p1a: Masquerain
|-damage|p1a: Masquerain|36/100
|-boost|p2a: Iron Treads|spe|1
|-sideend|p2: p2|Toxic Spikes|[from] move: Rapid Spin|[of] p2a: Iron Treads
|move|p1a: Masquerain|Hurricane|p2a: Iron Treads
|-resisted|p2a: Iron Treads
|-damage|p2a: Iron Treads|0 fnt
|faint|p2a: Iron Treads
|-end|p2a: Iron Treads|Quark Drive|[silent]
|
|
|switch|p2a: Volcarona|Volcarona, M|100/100
|turn|8
|
|move|p2a: Volcarona|Quiver Dance|p2a: Volcarona
|-boost|p2a: Volcarona|spa|1
|-boost|p2a: Volcarona|spd|1
|-boost|p2a: Volcarona|spe|1
|move|p1a: Masquerain|Hurricane|p2a: Volcarona|[miss]
|-miss|p1a: Masquerain|p2a: Volcarona
|
|turn|9
|
|move|p2a: Volcarona|Fiery Dance|p1a: Masquerain
|-supereffective|p1a: Masquerain
|-damage|p1a: Masquerain|0 fnt
|-boost|p2a: Volcarona|spa|1
|faint|p1a: Masquerain
|
|
|switch|p1a: Goodra|Goodra-Hisui, M|100/100
|-damage|p1a: Goodra|95/100|[from] Stealth Rock
|turn|10
|
|-terastallize|p2a: Volcarona|Psychic
|move|p2a: Volcarona|Quiver Dance|p2a: Volcarona
|-boost|p2a: Volcarona|spa|1
|-boost|p2a: Volcarona|spd|1
|-boost|p2a: Volcarona|spe|1
|move|p1a: Goodra|Heavy Slam|p2a: Volcarona
|-damage|p2a: Volcarona|39/100
|-status|p1a: Goodra|brn|[from] ability: Flame Body|[of] p2a: Volcarona
|
|-heal|p1a: Goodra|100/100 brn|[from] item: Leftovers
|-damage|p1a: Goodra|95/100 brn|[from] brn
|turn|11
|
|move|p2a: Volcarona|Psychic|p1a: Goodra
|-resisted|p1a: Goodra
|-damage|p1a: Goodra|59/100 brn
|move|p1a: Goodra|Heavy Slam|p2a: Volcarona
|-damage|p2a: Volcarona|7/100
|
|-heal|p1a: Goodra|65/100 brn|[from] item: Leftovers
|-damage|p1a: Goodra|59/100 brn|[from] brn
|turn|12
|
|move|p2a: Volcarona|Giga Drain|p1a: Goodra
|-resisted|p1a: Goodra
|-damage|p1a: Goodra|49/100 brn
|-heal|p2a: Volcarona|12/100|[from] drain|[of] p1a: Goodra
|move|p1a: Goodra|Heavy Slam|p2a: Volcarona
|-damage|p2a: Volcarona|0 fnt
|faint|p2a: Volcarona
|
|-heal|p1a: Goodra|55/100 brn|[from] item: Leftovers
|-damage|p1a: Goodra|49/100 brn|[from] brn
|
|switch|p2a: Chien-Pao|Chien-Pao|100/100
|-ability|p2a: Chien-Pao|Sword of Ruin
|turn|13
|
|move|p2a: Chien-Pao|Icicle Crash|p1a: Goodra
|-damage|p1a: Goodra|0 fnt
|faint|p1a: Goodra
|
|
|switch|p1a: Dragapult|Dragapult, F|100/100
|-damage|p1a: Dragapult|88/100|[from] Stealth Rock
|turn|14
|
|move|p1a: Dragapult|U-turn|p2a: Chien-Pao
|-supereffective|p2a: Chien-Pao
|-damage|p2a: Chien-Pao|11/100
|
|switch|p1a: Dragapult|Dragapult, F|100/100|[from] U-turn
|-damage|p1a: Dragapult|88/100|[from] Stealth Rock
|move|p2a: Chien-Pao|Icicle Crash|p1a: Dragapult
|-damage|p1a: Dragapult|0 fnt
|replace|p1a: Zoroark|Zoroark-Hisui, M, shiny
|-end|p1a: Zoroark|Illusion
|faint|p1a: Zoroark
|
|
|switch|p1a: Dragapult|Dragapult, F|88/100
|-damage|p1a: Dragapult|76/100|[from] Stealth Rock
|turn|15
|
|move|p1a: Dragapult|Phantom Force||[still]
|-prepare|p1a: Dragapult|Phantom Force
|move|p2a: Chien-Pao|Crunch|p1a: Dragapult|[miss]
|-miss|p2a: Chien-Pao|p1a: Dragapult
|
|turn|16
|
|switch|p2a: Magearna|Magearna|100/100
|move|p1a: Dragapult|Phantom Force|p2a: Magearna|[from]lockedmove
|-damage|p2a: Magearna|55/100
|
|-heal|p2a: Magearna|61/100|[from] item: Leftovers
|turn|17
|
|move|p1a: Dragapult|Phantom Force||[still]
|-prepare|p1a: Dragapult|Phantom Force
|move|p2a: Magearna|Shift Gear|p2a: Magearna
|-boost|p2a: Magearna|spe|2
|-boost|p2a: Magearna|atk|1
|
|-heal|p2a: Magearna|67/100|[from] item: Leftovers
|turn|18
|
|move|p2a: Magearna|Shift Gear|p2a: Magearna
|-boost|p2a: Magearna|spe|2
|-boost|p2a: Magearna|atk|1
|move|p1a: Dragapult|Phantom Force|p2a: Magearna|[from]lockedmove
|-damage|p2a: Magearna|21/100
|
|-heal|p2a: Magearna|27/100|[from] item: Leftovers
|turn|19
|
|move|p2a: Magearna|Calm Mind|p2a: Magearna
|-boost|p2a: Magearna|spa|1
|-boost|p2a: Magearna|spd|1
|move|p1a: Dragapult|Phantom Force||[still]
|-prepare|p1a: Dragapult|Phantom Force
|
|-heal|p2a: Magearna|33/100|[from] item: Leftovers
|turn|20
|
|move|p2a: Magearna|Stored Power|p1a: Dragapult|[miss]
|-miss|p2a: Magearna|p1a: Dragapult
|move|p1a: Dragapult|Phantom Force|p2a: Magearna|[from]lockedmove
|-damage|p2a: Magearna|0 fnt
|faint|p2a: Magearna
|
|
|switch|p2a: Indeedee|Indeedee, M|100/100
|-fieldstart|move: Psychic Terrain|[from] ability: Psychic Surge|[of] p2a: Indeedee
|turn|21
|
|switch|p1a: Baxcalibur|Baxcalibur, M|100/100
|-damage|p1a: Baxcalibur|76/100|[from] Stealth Rock
|move|p2a: Indeedee|Dazzling Gleam|p1a: Baxcalibur
|-supereffective|p1a: Baxcalibur
|-damage|p1a: Baxcalibur|31/100
|
|-heal|p1a: Baxcalibur|37/100|[from] item: Leftovers
|turn|22
|
|-terastallize|p1a: Baxcalibur|Ground
|move|p2a: Indeedee|Dazzling Gleam|p1a: Baxcalibur
|-damage|p1a: Baxcalibur|12/100
|move|p1a: Baxcalibur|Dragon Dance|p1a: Baxcalibur
|-boost|p1a: Baxcalibur|atk|1
|-boost|p1a: Baxcalibur|spe|1
|
|-heal|p1a: Baxcalibur|18/100|[from] item: Leftovers
|turn|23
|
|move|p1a: Baxcalibur|Earthquake|p2a: Indeedee
|-damage|p2a: Indeedee|0 fnt
|faint|p2a: Indeedee
|
|-heal|p1a: Baxcalibur|25/100|[from] item: Leftovers
|
|switch|p2a: Sneasler|Sneasler, M|100/100
|-enditem|p2a: Sneasler|Psychic Seed
|-boost|p2a: Sneasler|spd|1|[from] item: Psychic Seed
|turn|24
|
|move|p2a: Sneasler|Close Combat|p1a: Baxcalibur
|-damage|p1a: Baxcalibur|0 fnt
|-unboost|p2a: Sneasler|def|1
|-unboost|p2a: Sneasler|spd|1
|faint|p1a: Baxcalibur
|
|
|switch|p1a: Dragapult|Dragapult, F|76/100
|-damage|p1a: Dragapult|64/100|[from] Stealth Rock
|turn|25
|
|move|p2a: Sneasler|Acrobatics|p1a: Dragapult
|-damage|p1a: Dragapult|1/100
|move|p1a: Dragapult|Dragon Darts|p2a: Sneasler
|-damage|p2a: Sneasler|10/100
|-anim|p1a: Dragapult|Dragon Darts|p2a: Sneasler
|-damage|p2a: Sneasler|0 fnt
|faint|p2a: Sneasler
|
|
|switch|p2a: Chien-Pao|Chien-Pao|11/100
|-ability|p2a: Chien-Pao|Sword of Ruin
|turn|26
|
|move|p1a: Dragapult|Dragon Darts|p2a: Chien-Pao
|-damage|p2a: Chien-Pao|0 fnt
|faint|p2a: Chien-Pao
|
|win|p1
