|poke|p1|Tyranitar, M|
|poke|p1|Quaquaval, F|
|poke|p1|Pelipper, M|
|poke|p1|Garchomp, F|
|poke|p1|Qwilfish, F|
|poke|p1|Basculegion-F, F|
|poke|p2|Azelf|
|poke|p2|Moltres-Galar|
|poke|p2|Urshifu-*, M|
|poke|p2|Magearna|
|poke|p2|Roaring Moon|
|poke|p2|Kingambit, M|
|teampreview
|
|start
|switch|p1a: Tyrant's Downpour|Pelipper, M|100/100
|switch|p2a: Azelf|Azelf, shiny|100/100
|-weather|RainDance|[from] ability: Drizzle|[of] p1a: Tyrant's Downpour
|turn|1
|
|move|p2a: Azelf|Reflect|p2a: Azelf
|-sidestart|p2: The crimson wooper|Reflect
|move|p1a: Tyrant's Downpour|U-turn|p2a: Azelf
|-supereffective|p2a: Azelf
|-damage|p2a: Azelf|88/100
|
|switch|p1a: Tyrant's Onslaught|Basculegion-F, F|100/100|[from] U-turn
|
|-weather|RainDance|[upkeep]
|turn|2
|
|move|p1a: Tyrant's Onslaught|Shadow Ball|p2a: Azelf
|-supereffective|p2a: Azelf
|-damage|p2a: Azelf|0 fnt
|faint|p2a: Azelf
|-damage|p1a: Tyrant's Onslaught|91/100|[from] item: Life Orb
|
|-weather|RainDance|[upkeep]
|
|switch|p2a: Magearna|Magearna|100/100
|turn|3
|
|move|p1a: Tyrant's Onslaught|Surf|p2a: Magearna
|-damage|p2a: Magearna|36/100
|-damage|p1a: Tyrant's Onslaught|81/100|[from] item: Life Orb
|move|p2a: Magearna|Calm Mind|p2a: Magearna
|-boost|p2a: Magearna|spa|1
|-boost|p2a: Magearna|spd|1
|
|-weather|RainDance|[upkeep]
|-heal|p2a: Magearna|42/100|[from] item: Leftovers
|turn|4
|
|-terastallize|p1a: Tyrant's Onslaught|Water
|-terastallize|p2a: Magearna|Water
|move|p1a: Tyrant's Onslaught|Surf|p2a: Magearna
|-resisted|p2a: Magearna
|-damage|p2a: Magearna|11/100
|-damage|p1a: Tyrant's Onslaught|71/100|[from] item: Life Orb
|move|p2a: Magearna|Draining Kiss|p1a: Tyrant's Onslaught
|-damage|p1a: Tyrant's Onslaught|31/100
|-heal|p2a: Magearna|42/100|[from] drain|[of] p1a: Tyrant's Onslaught
|
|-weather|RainDance|[upkeep]
|-heal|p2a: Magearna|48/100|[from] item: Leftovers
|turn|5
|
|move|p1a: Tyrant's Onslaught|Shadow Ball|p2a: Magearna
|-damage|p2a: Magearna|20/100
|-damage|p1a: Tyrant's Onslaught|21/100|[from] item: Life Orb
|move|p2a: Magearna|Draining Kiss|p1a: Tyrant's Onslaught
|-damage|p1a: Tyrant's Onslaught|0 fnt
|-heal|p2a: Magearna|37/100|[from] drain|[of] p1a: Tyrant's Onslaught
|faint|p1a: Tyrant's Onslaught
|-ability|p2a: Magearna|Soul-Heart|boost
|-boost|p2a: Magearna|spa|1
|
|-weather|RainDance|[upkeep]
|-heal|p2a: Magearna|43/100|[from] item: Leftovers
|
|switch|p1a: King Tyrant|Tyranitar, M|100/100
|-weather|Sandstorm|[from] ability: Sand Stream|[of] p1a: King Tyrant
|turn|6
|
|move|p2a: Magearna|Shift Gear|p2a: Magearna
|-boost|p2a: Magearna|spe|2
|-boost|p2a: Magearna|atk|1
|move|p1a: King Tyrant|Thunderbolt|p2a: Magearna
|-supereffective|p2a: Magearna
|-damage|p2a: Magearna|13/100
|
|-weather|Sandstorm|[upkeep]
|-damage|p2a: Magearna|7/100|[from] Sandstorm
|-heal|p2a: Magearna|13/100|[from] item: Leftovers
|turn|7
|
|move|p2a: Magearna|Draining Kiss|p1a: King Tyrant
|-supereffective|p1a: King Tyrant
|-damage|p1a: King Tyrant|54/100
|-heal|p2a: Magearna|52/100|[from] drain|[of] p1a: King Tyrant
|-enditem|p1a: King Tyrant|Weakness Policy
|-boost|p1a: King Tyrant|atk|2|[from] item: Weakness Policy
|-boost|p1a: King Tyrant|spa|2|[from] item: Weakness Policy
|move|p1a: King Tyrant|Thunderbolt|p2a: Magearna
|-supereffective|p2a: Magearna
|-damage|p2a: Magearna|0 fnt
|faint|p2a: Magearna
|
|-weather|Sandstorm|[upkeep]
|
|switch|p2a: Urshifu|Urshifu-Rapid-Strike, M|100/100
|turn|8
|
|switch|p1a: Tyrant's Vanguard|Garchomp, F|100/100
|move|p2a: Urshifu|Surging Strikes|p1a: Tyrant's Vanguard
|-crit|p1a: Tyrant's Vanguard
|-damage|p1a: Tyrant's Vanguard|85/100
|-damage|p2a: Urshifu|88/100|[from] ability: Rough Skin|[of] p1a: Tyrant's Vanguard
|-damage|p2a: Urshifu|72/100|[from] item: Rocky Helmet|[of] p1a: Tyrant's Vanguard
|-crit|p1a: Tyrant's Vanguard
|-damage|p1a: Tyrant's Vanguard|70/100
|-damage|p2a: Urshifu|59/100|[from] ability: Rough Skin|[of] p1a: Tyrant's Vanguard
|-damage|p2a: Urshifu|43/100|[from] item: Rocky Helmet|[of] p1a: Tyrant's Vanguard
|-crit|p1a: Tyrant's Vanguard
|-damage|p1a: Tyrant's Vanguard|55/100
|-damage|p2a: Urshifu|31/100|[from] ability: Rough Skin|[of] p1a: Tyrant's Vanguard
|-damage|p2a: Urshifu|14/100|[from] item: Rocky Helmet|[of] p1a: Tyrant's Vanguard
|-hitcount|p1a: Tyrant's Vanguard|3
|
|-weather|Sandstorm|[upkeep]
|-damage|p2a: Urshifu|8/100|[from] Sandstorm
|-heal|p2a: Urshifu|14/100|[from] item: Leftovers
|-sideend|p2: The crimson wooper|Reflect
|turn|9
|
|move|p2a: Urshifu|Close Combat|p1a: Tyrant's Vanguard
|-damage|p1a: Tyrant's Vanguard|5/100
|-unboost|p2a: Urshifu|def|1
|-unboost|p2a: Urshifu|spd|1
|-damage|p2a: Urshifu|2/100|[from] ability: Rough Skin|[of] p1a: Tyrant's Vanguard
|-damage|p2a: Urshifu|0 fnt|[from] item: Rocky Helmet|[of] p1a: Tyrant's Vanguard
|faint|p2a: Urshifu
|move|p1a: Tyrant's Vanguard|Spikes|p2: Urshifu
|-sidestart|p2: The crimson wooper|Spikes
|
|-weather|Sandstorm|[upkeep]
|
|switch|p2a: Moltres|Moltres-Galar, shiny|100/100
|turn|10
|
|move|p2a: Moltres|Agility|p2a: Moltres
|-boost|p2a: Moltres|spe|2
|move|p1a: Tyrant's Vanguard|Spikes|p2a: Moltres
|-sidestart|p2: The crimson wooper|Spikes
|
|-weather|none
|turn|11
|
|move|p2a: Moltres|Fiery Wrath|p1a: Tyrant's Vanguard
|-damage|p1a: Tyrant's Vanguard|0 fnt
|faint|p1a: Tyrant's Vanguard
|
|
|switch|p1a: Tyrant's Downpour|Pelipper, M|100/100
|-weather|RainDance|[from] ability: Drizzle|[of] p1a: Tyrant's Downpour
|turn|12
|
|move|p2a: Moltres|Hurricane|p1a: Tyrant's Downpour
|-damage|p1a: Tyrant's Downpour|28/100
|-start|p1a: Tyrant's Downpour|confusion
|-activate|p1a: Tyrant's Downpour|confusion
|move|p1a: Tyrant's Downpour|Surf|p2a: Moltres
|-damage|p2a: Moltres|65/100
|
|-weather|RainDance|[upkeep]
|turn|13
|
|move|p2a: Moltres|Agility|p2a: Moltres
|-boost|p2a: Moltres|spe|2
|-activate|p1a: Tyrant's Downpour|confusion
|-damage|p1a: Tyrant's Downpour|24/100|[from] confusion
|
|-weather|RainDance|[upkeep]
|turn|14
|
|move|p2a: Moltres|Nasty Plot|p2a: Moltres
|-boost|p2a: Moltres|spa|2
|-end|p1a: Tyrant's Downpour|confusion
|move|p1a: Tyrant's Downpour|Knock Off|p2a: Moltres
|-resisted|p2a: Moltres
|-damage|p2a: Moltres|57/100
|-enditem|p2a: Moltres|Heavy-Duty Boots|[from] move: Knock Off|[of] p1a: Tyrant's Downpour
|
|-weather|RainDance|[upkeep]
|turn|15
|
|switch|p1a: King Tyrant|Tyranitar, M|54/100
|-weather|Sandstorm|[from] ability: Sand Stream|[of] p1a: King Tyrant
|move|p2a: Moltres|Hurricane|p1a: King Tyrant
|-resisted|p1a: King Tyrant
|-damage|p1a: King Tyrant|25/100
|
|-weather|Sandstorm|[upkeep]
|-damage|p2a: Moltres|51/100|[from] Sandstorm
|turn|16
|
|move|p2a: Moltres|Fiery Wrath|p1a: King Tyrant
|-resisted|p1a: King Tyrant
|-damage|p1a: King Tyrant|0 fnt
|faint|p1a: King Tyrant
|
|-weather|Sandstorm|[upkeep]
|-damage|p2a: Moltres|45/100|[from] Sandstorm
|
|switch|p1a: Tyrant's Downpour|Pelipper, M|24/100
|-weather|RainDance|[from] ability: Drizzle|[of] p1a: Tyrant's Downpour
|turn|17
|
|move|p2a: Moltres|Hurricane|p1a: Tyrant's Downpour
|-damage|p1a: Tyrant's Downpour|0 fnt
|faint|p1a: Tyrant's Downpour
|
|-weather|RainDance|[upkeep]
|
|switch|p1a: Tyrant's Endgame|Qwilfish, F|100/100
|turn|18
|
|move|p1a: Tyrant's Endgame|Aqua Jet|p2a: Moltres
|-damage|p2a: Moltres|2/100
|-damage|p1a: Tyrant's Endgame|91/100|[from] item: Life Orb
|move|p2a: Moltres|Hurricane|p1a: Tyrant's Endgame
|-damage|p1a: Tyrant's Endgame|0 fnt
|faint|p1a: Tyrant's Endgame
|
|-weather|RainDance|[upkeep]
|
|switch|p1a: Tyrant's Envoy|Quaquaval, F|100/100
|turn|19
|
|move|p1a: Tyrant's Envoy|Aqua Jet|p2a: Moltres
|-damage|p2a: Moltres|0 fnt
|faint|p2a: Moltres
|-ability|p1a: Tyrant's Envoy|Moxie|boost
|-boost|p1a: Tyrant's Envoy|atk|1
|-damage|p1a: Tyrant's Envoy|91/100|[from] item: Life Orb
|
|-weather|RainDance|[upkeep]
|
|switch|p2a: Roaring Moon|Roaring Moon|100/100
|-damage|p2a: Roaring Moon|84/100|[from] Spikes
|-enditem|p2a: Roaring Moon|Booster Energy
|-activate|p2a: Roaring Moon|ability: Protosynthesis|[fromitem]
|-start|p2a: Roaring Moon|protosynthesisatk
|turn|20
|
|move|p2a: Roaring Moon|Acrobatics|p1a: Tyrant's Envoy
|-supereffective|p1a: Tyrant's Envoy
|-damage|p1a: Tyrant's Envoy|0 fnt
|faint|p1a: Tyrant's Envoy
|
|win|The crimson wooper
