|poke|p1|Sneasler, F|
|poke|p1|Rillaboom, F|
|poke|p1|Samurott-Hisui, F|
|poke|p1|Dragapult, F|
|poke|p1|Heatran, M|
|poke|p1|Corviknight, F|
|poke|p2|Iron Treads|
|poke|p2|Dragapult, M|
|poke|p2|Sneasler, F|
|poke|p2|Volcarona, M|
|poke|p2|Chien-Pao|
|poke|p2|Zamazenta-*|
|teampreview
|
|start
|switch|p1a: Samurott|Samurott-Hisui, F|100/100
|switch|p2a: Iron Treads|Iron Treads|100/100
|-enditem|p2a: Iron Treads|Booster Energy
|-activate|p2a: Iron Treads|ability: Quark Drive|[fromitem]
|-start|p2a: Iron Treads|quarkdrivespe
|turn|1
|
|move|p2a: Iron Treads|Stealth Rock|p1a: Samurott
|-sidestart|p1: p1|move: Stealth Rock
|move|p1a: Samurott|Razor Shell|p2a: Iron Treads
|-supereffective|p2a: Iron Treads
|-damage|p2a: Iron Treads|0 fnt
|faint|p2a: Iron Treads
|-end|p2a: Iron Treads|Quark Drive|[silent]
|
|
|switch|p2a: Zamazenta|Zamazenta|100/100
|-ability|p2a: Zamazenta|Dauntless Shield|boost
|-boost|p2a: Zamazenta|def|1
|turn|2
|
|move|p2a: Zamazenta|Body Press|p1a: Samurott
|-supereffective|p1a: Samurott
|-damage|p1a: Samurott|0 fnt
|faint|p1a: Samurott
|
|
|switch|p1a: Dragapult|Dragapult, F|100/100
|-damage|p1a: Dragapult|88/100|[from] Stealth Rock
|turn|3
|
|move|p1a: Dragapult|Draco Meteor|p2a: Zamazenta
|-damage|p2a: Zamazenta|36/100
|-unboost|p1a: Dragapult|spa|2
|move|p2a: Zamazenta|Crunch|p1a: Dragapult
|-supereffective|p1a: Dragapult
|-damage|p1a: Dragapult|31/100
|
|-heal|p2a: Zamazenta|42/100|[from] item: Leftovers
|turn|4
|
|switch|p1a: Corviknight|Corviknight, F|100/100
|-damage|p1a: Corviknight|88/100|[from] Stealth Rock
|-ability|p1a: Corviknight|Pressure
|move|p2a: Zamazenta|Crunch|p1a: Corviknight
|-damage|p1a: Corviknight|75/100
|
|-heal|p2a: Zamazenta|49/100|[from] item: Leftovers
|turn|5
|
|move|p2a: Zamazenta|Body Press|p1a: Corviknight
|-damage|p1a: Corviknight|45/100
|move|p1a: Corviknight|U-turn|p2a: Zamazenta
|-resisted|p2a: Zamazenta
|-damage|p2a: Zamazenta|44/100
|
|switch|p1a: Dragapult|Dragapult, F|31/100|[from] U-turn
|-damage|p1a: Dragapult|18/100|[from] Stealth Rock
|
|-heal|p2a: Zamazenta|51/100|[from] item: Leftovers
|turn|6
|
|move|p1a: Dragapult|Draco Meteor|p2a: Zamazenta|[miss]
|-miss|p1a: Dragapult|p2a: Zamazenta
|move|p2a: Zamazenta|Crunch|p1a: Dragapult
|-supereffective|p1a: Dragapult
|-crit|p1a: Dragapult
|-damage|p1a: Dragapult|0 fnt
|faint|p1a: Dragapult
|
|-heal|p2a: Zamazenta|57/100|[from] item: Leftovers
|-message|p1 forfeited.
|
|win|p2
