|poke|p1|Azelf|
|poke|p1|Dragapult, M|
|poke|p1|Corviknight, M|
|poke|p1|Glimmora, F|
|poke|p1|Iron Leaves|
|poke|p1|Skeledirge, F|
|poke|p2|Landorus-Therian, M|
|poke|p2|Hoopa-Unbound|
|poke|p2|Diancie|
|poke|p2|Sneasler, M|
|poke|p2|Great Tusk|
|poke|p2|Thundurus, M|
|teampreview
|
|start
|switch|p1a: Glimmora|Glimmora, F, shiny|100/100
|switch|p2a: Diancie|Diancie|100/100
|turn|1
|
|move|p1a: Glimmora|Venoshock|p2a: Diancie
|-damage|p2a: Diancie|78/100
|move|p2a: Diancie|Stealth Rock|p1a: Glimmora
|-sidestart|p1: p1|move: Stealth Rock
|
|-heal|p2a: Diancie|84/100|[from] item: Leftovers
|turn|2
|
|move|p1a: Glimmora|Energy Ball|p2a: Diancie
|-supereffective|p2a: Diancie
|-damage|p2a: Diancie|39/100
|move|p2a: Diancie|Spikes|p1a: Glimmora
|-sidestart|p1: p1|Spikes
|
|-heal|p2a: Diancie|45/100|[from] item: Leftovers
|turn|3
|
|move|p1a: Glimmora|Spikes|p2a: Diancie
|-sidestart|p2: p2|Spikes
|move|p2a: Diancie|Body Press|p1a: Glimmora
|-damage|p1a: Glimmora|67/100
|-activate|p1a: Glimmora|ability: Toxic Debris
|-sidestart|p2: p2|move: Toxic Spikes
|
|-heal|p2a: Diancie|52/100|[from] item: Leftovers
|turn|4
|
|move|p1a: Glimmora|Energy Ball|p2a: Diancie
|-supereffective|p2a: Diancie
|-damage|p2a: Diancie|10/100
|move|p2a: Diancie|Spikes|p1a: Glimmora
|-sidestart|p1: p1|Spikes
|
|-heal|p2a: Diancie|16/100|[from] item: Leftovers
|turn|5
|
|move|p1a: Glimmora|Spikes|p2a: Diancie
|-sidestart|p2: p2|Spikes
|move|p2a: Diancie|Spikes|p1a: Glimmora
|-sidestart|p1: p1|Spikes
|
|-heal|p2a: Diancie|22/100|[from] item: Leftovers
|turn|6
|
|switch|p2a: Great Tusk|Great Tusk|100/100
|-damage|p2a: Great Tusk|84/100|[from] Spikes
|-status|p2a: Great Tusk|psn
|move|p1a: Glimmora|Energy Ball|p2a: Great Tusk
|-supereffective|p2a: Great Tusk
|-damage|p2a: Great Tusk|44/100 psn
|
|-damage|p2a: Great Tusk|31/100 psn|[from] psn
|turn|7
|
|move|p1a: Glimmora|Energy Ball|p2a: Great Tusk
|-supereffective|p2a: Great Tusk
|-damage|p2a: Great Tusk|0 fnt
|faint|p2a: Great Tusk
|-end|p2a: Great Tusk|Protosynthesis|[silent]
|
|
|switch|p2a: Sneasler|Sneasler, M|100/100
|-damage|p2a: Sneasler|84/100|[from] Spikes
|-sideend|p2: p2|move: Toxic Spikes|[of] p2a: Sneasler
|-ability|p2a: Sneasler|Pressure
|turn|8
|
|move|p2a: Sneasler|Fake Out|p1a: Glimmora
|-resisted|p1a: Glimmora
|-crit|p1a: Glimmora
|-damage|p1a: Glimmora|54/100
|-activate|p1a: Glimmora|ability: Toxic Debris
|-sidestart|p2: p2|move: Toxic Spikes
|-damage|p2a: Sneasler|74/100|[from] item: Life Orb
|cant|p1a: Glimmora|flinch
|
|turn|9
|
|move|p2a: Sneasler|Brick Break|p1a: Glimmora
|-damage|p1a: Glimmora|4/100
|-activate|p1a: Glimmora|ability: Toxic Debris
|-sidestart|p2: p2|move: Toxic Spikes
|-damage|p2a: Sneasler|64/100|[from] item: Life Orb
|move|p1a: Glimmora|Spikes|p2a: Sneasler
|-sidestart|p2: p2|Spikes
|
|turn|10
|
|move|p2a: Sneasler|Brick Break|p1a: Glimmora
|-damage|p1a: Glimmora|0 fnt
|faint|p1a: Glimmora
|-damage|p2a: Sneasler|54/100|[from] item: Life Orb
|
|
|switch|p1a: Iron Leaves|Iron Leaves|100/100
|-damage|p1a: Iron Leaves|88/100|[from] Stealth Rock
|-damage|p1a: Iron Leaves|63/100|[from] Spikes
|-enditem|p1a: Iron Leaves|Booster Energy
|-activate|p1a: Iron Leaves|ability: Quark Drive|[fromitem]
|-start|p1a: Iron Leaves|quarkdriveatk
|turn|11
|
|switch|p2a: Diancie|Diancie|22/100
|-damage|p2a: Diancie|0 fnt|[from] Spikes
|faint|p2a: Diancie
|move|p1a: Iron Leaves|Psyblade|p2: Diancie|[notarget]
|-fail|p1a: Iron Leaves
|
|
|switch|p2a: Sneasler|Sneasler, M|54/100
|-damage|p2a: Sneasler|29/100|[from] Spikes
|-sideend|p2: p2|move: Toxic Spikes|[of] p2a: Sneasler
|-ability|p2a: Sneasler|Pressure
|turn|12
|
|switch|p2a: Thundurus|Thundurus, M|100/100
|move|p1a: Iron Leaves|Psyblade|p2a: Thundurus
|-damage|p2a: Thundurus|17/100
|
|turn|13
|
|move|p2a: Thundurus|Thunder Wave|p1a: Iron Leaves
|-status|p1a: Iron Leaves|par
|move|p1a: Iron Leaves|Psyblade|p2a: Thundurus
|-damage|p2a: Thundurus|0 fnt
|faint|p2a: Thundurus
|
|
|switch|p2a: Hoopa|Hoopa-Unbound|100/100
|-damage|p2a: Hoopa|76/100|[from] Spikes
|turn|14
|
|move|p2a: Hoopa|Hyperspace Fury|p1a: Iron Leaves
|-supereffective|p1a: Iron Leaves
|-damage|p1a: Iron Leaves|0 fnt
|-unboost|p2a: Hoopa|def|1
|faint|p1a: Iron Leaves
|-end|p1a: Iron Leaves|Quark Drive|[silent]
|
|
|switch|p1a: Dragapult|Dragapult, M, shiny|100/100
|-damage|p1a: Dragapult|88/100|[from] Stealth Rock
|-damage|p1a: Dragapult|63/100|[from] Spikes
|turn|15
|
|switch|p2a: Landorus|Landorus-Therian, M|100/100
|-ability|p2a: Landorus|Intimidate|boost
|-unboost|p1a: Dragapult|atk|1
|move|p1a: Dragapult|U-turn|p2a: Landorus
|-resisted|p2a: Landorus
|-damage|p2a: Landorus|92/100
|
|switch|p1a: Skeledirge|Skeledirge, F, shiny|100/100|[from] U-turn
|
|turn|16
|
|move|p2a: Landorus|Earthquake|p1a: Skeledirge
|-supereffective|p1a: Skeledirge
|-damage|p1a: Skeledirge|4/100
|move|p1a: Skeledirge|Seed Bomb|p2a: Landorus
|-damage|p2a: Landorus|76/100
|
|turn|17
|
|move|p2a: Landorus|U-turn|p1a: Skeledirge
|-resisted|p1a: Skeledirge
|-damage|p1a: Skeledirge|0 fnt
|faint|p1a: Skeledirge
|
|switch|p2a: Sneasler|Sneasler, M|29/100|[from] U-turn
|-damage|p2a: Sneasler|4/100|[from] Spikes
|-ability|p2a: Sneasler|Pressure
|
|
|switch|p1a: Azelf|Azelf, shiny|100/100
|-damage|p1a: Azelf|88/100|[from] Stealth Rock
|turn|18
|
|move|p2a: Sneasler|Fake Out|p1a: Azelf
|-damage|p1a: Azelf|59/100
|-damage|p2a: Sneasler|0 fnt|[from] item: Life Orb
|faint|p2a: Sneasler
|cant|p1a: Azelf|flinch
|
|
|switch|p2a: Hoopa|Hoopa-Unbound|76/100
|-damage|p2a: Hoopa|51/100|[from] Spikes
|turn|19
|
|move|p1a: Azelf|Drain Punch|p2a: Hoopa
|-damage|p2a: Hoopa|10/100
|-heal|p1a: Azelf|80/100|[from] drain|[of] p2a: Hoopa
|move|p2a: Hoopa|Hyperspace Fury|p1a: Azelf
|-supereffective|p1a: Azelf
|-damage|p1a: Azelf|0 fnt
|-unboost|p2a: Hoopa|def|1
|faint|p1a: Azelf
|
|
|switch|p1a: Dragapult|Dragapult, M, shiny|63/100
|-damage|p1a: Dragapult|51/100|[from] Stealth Rock
|-damage|p1a: Dragapult|26/100|[from] Spikes
|turn|20
|
|move|p1a: Dragapult|Sucker Punch|p2a: Hoopa
|-damage|p2a: Hoopa|0 fnt
|faint|p2a: Hoopa
|
|
|switch|p2a: Landorus|Landorus-Therian, M|76/100
|-ability|p2a: Landorus|Intimidate|boost
|-unboost|p1a: Dragapult|atk|1
|turn|21
|
|-terastallize|p1a: Dragapult|Dragon
|move|p1a: Dragapult|Dragon Darts|p2a: Landorus
|-damage|p2a: Landorus|51/100
|-anim|p1a: Dragapult|Dragon Darts|p2a: Landorus
|-damage|p2a: Landorus|26/100
|move|p2a: Landorus|Crunch|p1a: Dragapult
|-damage|p1a: Dragapult|0 fnt
|faint|p1a: Dragapult
|
|
|switch|p1a: Corviknight|Corviknight, M, shiny|100/100
|-damage|p1a: Corviknight|88/100|[from] Stealth Rock
|turn|22
|
|move|p2a: Landorus|Rock Slide|p1a: Corviknight
|-damage|p1a: Corviknight|69/100
|move|p1a: Corviknight|Body Press|p2a: Landorus
|-resisted|p2a: Landorus
|-damage|p2a: Landorus|11/100
|
|turn|23
|
|move|p2a: Landorus|Crunch|p1a: Corviknight
|-damage|p1a: Corviknight|49/100
|-ability|p1a: Corviknight|Mirror Armor
|-unboost|p2a: Landorus|def|1
|-damage|p2a: Landorus|0 fnt|[from] item: Rocky Helmet|[of] p1a: Corviknight
|faint|p2a: Landorus
|
|win|p1
