# advantage = p2
|poke|p1|Baxcalibur, F|
|poke|p1|Gholdengo|
|poke|p1|Great Tusk|
|poke|p1|Kingambit, M|
|poke|p1|Corviknight, F|
|poke|p1|Slowking, M|
|poke|p2|Landorus-Therian, M|
|poke|p2|Corviknight, M|
|poke|p2|Slowking-Galar, M|
|poke|p2|Samurott-Hisui, M|
|poke|p2|Chien-Pao|
|poke|p2|Magearna|
|teampreview
|
|start
|switch|p1a: Great Tusk|Great Tusk|100/100
|switch|p2a: Landorus|Landorus-Therian, M, shiny|100/100
|-ability|p2a: Landorus|Intimidate|boost
|-unboost|p1a: Great Tusk|atk|1
|turn|1
|
|move|p2a: Landorus|U-turn|p1a: Great Tusk
|-resisted|p1a: Great Tusk
|-damage|p1a: Great Tusk|96/100
|-damage|p2a: Landorus|84/100|[from] item: Rocky Helmet|[of] p1a: Great Tusk
|
|switch|p2a: Magearna|Magearna|100/100|[from] U-turn
|move|p1a: Great Tusk|Stealth Rock|p2a: Magearna
|-sidestart|p2: p2|move: Stealth Rock
|
|turn|2
|
|-end|p1a: Great Tusk|Protosynthesis|[silent]
|switch|p1a: Corviknight|Corviknight, F|100/100
|-ability|p1a: Corviknight|Pressure
|-terastallize|p2a: Magearna|Flying
|move|p2a: Magearna|Iron Defense|p2a: Magearna
|-boost|p2a: Magearna|def|2
|
|turn|3
|
|move|p2a: Magearna|Calm Mind|p2a: Magearna
|-boost|p2a: Magearna|spa|1
|-boost|p2a: Magearna|spd|1
|move|p1a: Corviknight|U-turn|p2a: Magearna
|-resisted|p2a: Magearna
|-damage|p2a: Magearna|98/100
|
|switch|p1a: Gholdengo|Gholdengo|100/100|[from] U-turn
|
|-heal|p2a: Magearna|100/100|[from] item: Leftovers
|turn|4
|
|move|p1a: Gholdengo|Trick|p2a: Magearna
|-activate|p1a: Gholdengo|move: Trick|[of] p2a: Magearna
|-item|p2a: Magearna|Choice Scarf|[from] move: Trick
|-item|p1a: Gholdengo|Leftovers|[from] move: Trick
|move|p2a: Magearna|Calm Mind|p2a: Magearna
|-boost|p2a: Magearna|spa|1
|-boost|p2a: Magearna|spd|1
|
|turn|5
|
|switch|p2a: Samurott|Samurott-Hisui, M|100/100
|-damage|p2a: Samurott|88/100|[from] Stealth Rock
|move|p1a: Gholdengo|Make It Rain|p2a: Samurott
|-resisted|p2a: Samurott
|-damage|p2a: Samurott|40/100
|-unboost|p1a: Gholdengo|spa|1
|
|turn|6
|
|switch|p1a: Great Tusk|Great Tusk|96/100
|move|p2a: Samurott|Aqua Cutter|p1a: Great Tusk
|-supereffective|p1a: Great Tusk
|-damage|p1a: Great Tusk|52/100
|
|turn|7
|
|move|p2a: Samurott|Aqua Cutter|p1a: Great Tusk
|-supereffective|p1a: Great Tusk
|-damage|p1a: Great Tusk|9/100
|move|p1a: Great Tusk|Earthquake|p2a: Samurott
|-damage|p2a: Samurott|0 fnt
|faint|p2a: Samurott
|
|
|switch|p2a: Magearna|Magearna, tera:Flying|100/100
|-damage|p2a: Magearna|75/100|[from] Stealth Rock
|turn|8
|
|move|p2a: Magearna|Draining Kiss|p1a: Great Tusk
|-supereffective|p1a: Great Tusk
|-damage|p1a: Great Tusk|0 fnt
|-heal|p2a: Magearna|83/100|[from] drain|[of] p1a: Great Tusk
|-damage|p2a: Magearna|67/100|[from] item: Rocky Helmet|[of] p1a: Great Tusk
|faint|p1a: Great Tusk
|-ability|p2a: Magearna|Soul-Heart|boost
|-boost|p2a: Magearna|spa|1
|-end|p1a: Great Tusk|Protosynthesis|[silent]
|
|
|switch|p1a: Corviknight|Corviknight, F|100/100
|-ability|p1a: Corviknight|Pressure
|turn|9
|
|move|p2a: Magearna|Draining Kiss|p1a: Corviknight
|-resisted|p1a: Corviknight
|-crit|p1a: Corviknight
|-damage|p1a: Corviknight|76/100
|-heal|p2a: Magearna|87/100|[from] drain|[of] p1a: Corviknight
|-damage|p2a: Magearna|70/100|[from] item: Rocky Helmet|[of] p1a: Corviknight
|move|p1a: Corviknight|U-turn|p2a: Magearna
|-resisted|p2a: Magearna
|-damage|p2a: Magearna|65/100
|
|switch|p1a: Slowking|Slowking, M|100/100|[from] U-turn
|
|turn|10
|
|move|p2a: Magearna|Draining Kiss|p1a: Slowking
|-damage|p1a: Slowking|80/100
|-heal|p2a: Magearna|82/100|[from] drain|[of] p1a: Slowking
|move|p1a: Slowking|Future Sight|p2a: Magearna
|-start|p1a: Slowking|move: Future Sight
|
|-heal|p1a: Slowking|86/100|[from] item: Leftovers
|turn|11
|
|move|p2a: Magearna|Draining Kiss|p1a: Slowking
|-damage|p1a: Slowking|66/100
|-heal|p2a: Magearna|98/100|[from] drain|[of] p1a: Slowking
|move|p1a: Slowking|Chilly Reception|p1a: Slowking
|-weather|Snow
|
|switch|p1a: Corviknight|Corviknight, F|76/100|[from] Chilly Reception
|-ability|p1a: Corviknight|Pressure
|
|-weather|Snow|[upkeep]
|turn|12
|
|switch|p2a: Corviknight|Corviknight, M, shiny|100/100
|-damage|p2a: Corviknight|88/100|[from] Stealth Rock
|-ability|p2a: Corviknight|Pressure
|move|p1a: Corviknight|Roost|p1a: Corviknight
|-heal|p1a: Corviknight|100/100
|-singleturn|p1a: Corviknight|move: Roost
|
|-weather|Snow|[upkeep]
|-end|p2a: Corviknight|move: Future Sight
|-resisted|p2a: Corviknight
|-damage|p2a: Corviknight|67/100
|-heal|p2a: Corviknight|73/100|[from] item: Leftovers
|turn|13
|
|move|p1a: Corviknight|Iron Defense|p1a: Corviknight
|-boost|p1a: Corviknight|def|2
|move|p2a: Corviknight|U-turn|p1a: Corviknight
|-resisted|p1a: Corviknight
|-damage|p1a: Corviknight|99/100
|-damage|p2a: Corviknight|56/100|[from] item: Rocky Helmet|[of] p1a: Corviknight
|
|switch|p2a: Slowking|Slowking-Galar, M, shiny|100/100|[from] U-turn
|-damage|p2a: Slowking|88/100|[from] Stealth Rock
|
|-weather|Snow|[upkeep]
|turn|14
|
|switch|p1a: Slowking|Slowking, M|99/100
|move|p2a: Slowking|Flamethrower|p1a: Slowking
|-resisted|p1a: Slowking
|-damage|p1a: Slowking|93/100
|
|-weather|Snow|[upkeep]
|-heal|p1a: Slowking|99/100|[from] item: Leftovers
|turn|15
|
|switch|p2a: Corviknight|Corviknight, M, shiny|56/100
|-damage|p2a: Corviknight|44/100|[from] Stealth Rock
|-ability|p2a: Corviknight|Pressure
|move|p1a: Slowking|Chilly Reception|p1a: Slowking
|
|switch|p1a: Gholdengo|Gholdengo|100/100|[from] Chilly Reception
|
|-weather|none
|-heal|p2a: Corviknight|50/100|[from] item: Leftovers
|turn|16
|
|switch|p2a: Slowking|Slowking-Galar, M, shiny|100/100
|-damage|p2a: Slowking|88/100|[from] Stealth Rock
|move|p1a: Gholdengo|Shadow Ball|p2a: Slowking
|-supereffective|p2a: Slowking
|-crit|p2a: Slowking
|-damage|p2a: Slowking|32/100
|-unboost|p2a: Slowking|spd|1
|
|turn|17
|
|switch|p2a: Chien-Pao|Chien-Pao|100/100
|-damage|p2a: Chien-Pao|76/100|[from] Stealth Rock
|-ability|p2a: Chien-Pao|Sword of Ruin
|move|p1a: Gholdengo|Shadow Ball|p2a: Chien-Pao
|-resisted|p2a: Chien-Pao
|-damage|p2a: Chien-Pao|41/100
|
|turn|18
|
|-terastallize|p1a: Gholdengo|Fighting
|move|p2a: Chien-Pao|Crunch|p1a: Gholdengo
|-resisted|p1a: Gholdengo
|-damage|p1a: Gholdengo|55/100
|move|p1a: Gholdengo|Make It Rain|p2a: Chien-Pao
|-supereffective|p2a: Chien-Pao
|-damage|p2a: Chien-Pao|0 fnt
|-unboost|p1a: Gholdengo|spa|1
|faint|p2a: Chien-Pao
|
|-heal|p1a: Gholdengo|61/100|[from] item: Leftovers
|
|switch|p2a: Magearna|Magearna, tera:Flying|98/100
|-damage|p2a: Magearna|73/100|[from] Stealth Rock
|turn|19
|
|switch|p1a: Slowking|Slowking, M|100/100
|move|p2a: Magearna|Draining Kiss|p1a: Slowking
|-damage|p1a: Slowking|89/100
|-heal|p2a: Magearna|83/100|[from] drain|[of] p1a: Slowking
|
|-heal|p1a: Slowking|95/100|[from] item: Leftovers
|turn|20
|-message|p2 forfeited.
|
|win|p1
