# advantage = p1
|poke|p1|Sneasler, F|
|poke|p1|Dragapult, M|
|poke|p1|Ting-Lu|
|poke|p1|Toxapex, F|
|poke|p1|Slowking-Galar, M|
|poke|p1|Decidueye, M|
|poke|p2|Enamorus, F|
|poke|p2|Goodra-Hisui, M|
|poke|p2|Great Tusk|
|poke|p2|Heatran, F|
|poke|p2|Azumarill, F|
|poke|p2|Chien-Pao|
|teampreview
|
|start
|switch|p1a: Marshon Lynch|Dragapult, M|100/100
|switch|p2a: Enamorus|Enamorus, F|100/100
|turn|1
|
|switch|p1a: Toxapex|Toxapex, F|100/100
|move|p2a: Enamorus|Moonblast|p1a: Toxapex
|-resisted|p1a: Toxapex
|-damage|p1a: Toxapex|80/100
|
|-heal|p1a: Toxapex|86/100|[from] item: Leftovers
|turn|2
|
|switch|p2a: Heatran|Heatran, F|100/100
|move|p1a: Toxapex|Toxic|p2a: Heatran
|-immune|p2a: Heatran
|
|-heal|p1a: Toxapex|92/100|[from] item: Leftovers
|turn|3
|
|switch|p1a: 7th Ward Hard Head|Ting-Lu|100/100
|-ability|p1a: 7th Ward Hard Head|Vessel of Ruin
|move|p2a: Heatran|Magma Storm|p1a: 7th Ward Hard Head
|-damage|p1a: 7th Ward Hard Head|80/100
|-activate|p1a: 7th Ward Hard Head|move: Magma Storm|[of] p2a: Heatran
|
|-heal|p1a: 7th Ward Hard Head|86/100|[from] item: Leftovers
|-damage|p1a: 7th Ward Hard Head|74/100|[from] move: Magma Storm|[partiallytrapped]
|turn|4
|
|-terastallize|p2a: Heatran|Grass
|move|p2a: Heatran|Taunt|p1a: 7th Ward Hard Head
|-start|p1a: 7th Ward Hard Head|move: Taunt
|cant|p1a: 7th Ward Hard Head|move: Taunt|Stealth Rock
|
|-heal|p1a: 7th Ward Hard Head|80/100|[from] item: Leftovers
|-damage|p1a: 7th Ward Hard Head|68/100|[from] move: Magma Storm|[partiallytrapped]
|turn|5
|
|move|p2a: Heatran|Magma Storm|p1a: 7th Ward Hard Head
|-damage|p1a: 7th Ward Hard Head|45/100
|move|p1a: 7th Ward Hard Head|Earthquake|p2a: Heatran
|-resisted|p2a: Heatran
|-crit|p2a: Heatran
|-damage|p2a: Heatran|79/100
|
|-heal|p2a: Heatran|85/100|[from] item: Leftovers
|-heal|p1a: 7th Ward Hard Head|52/100|[from] item: Leftovers
|-damage|p1a: 7th Ward Hard Head|39/100|[from] move: Magma Storm|[partiallytrapped]
|turn|6
|
|move|p2a: Heatran|Stealth Rock|p1a: 7th Ward Hard Head
|-sidestart|p1: p1|move: Stealth Rock
|move|p1a: 7th Ward Hard Head|Earthquake|p2a: Heatran
|-resisted|p2a: Heatran
|-damage|p2a: Heatran|70/100
|
|-heal|p2a: Heatran|77/100|[from] item: Leftovers
|-heal|p1a: 7th Ward Hard Head|45/100|[from] item: Leftovers
|-damage|p1a: 7th Ward Hard Head|33/100|[from] move: Magma Storm|[partiallytrapped]
|-end|p1a: 7th Ward Hard Head|move: Taunt
|turn|7
|
|move|p2a: Heatran|Taunt|p1a: 7th Ward Hard Head
|-start|p1a: 7th Ward Hard Head|move: Taunt
|cant|p1a: 7th Ward Hard Head|move: Taunt|Stealth Rock
|
|-heal|p2a: Heatran|83/100|[from] item: Leftovers
|-heal|p1a: 7th Ward Hard Head|39/100|[from] item: Leftovers
|-end|p1a: 7th Ward Hard Head|Magma Storm|[partiallytrapped]
|turn|8
|
|switch|p1a: Toxapex|Toxapex, F|100/100
|-damage|p1a: Toxapex|88/100|[from] Stealth Rock
|move|p2a: Heatran|Magma Storm|p1a: Toxapex|[miss]
|-miss|p2a: Heatran|p1a: Toxapex
|
|-heal|p2a: Heatran|89/100|[from] item: Leftovers
|-heal|p1a: Toxapex|94/100|[from] item: Leftovers
|turn|9
|
|move|p2a: Heatran|Magma Storm|p1a: Toxapex
|-resisted|p1a: Toxapex
|-damage|p1a: Toxapex|74/100
|-activate|p1a: Toxapex|move: Magma Storm|[of] p2a: Heatran
|move|p1a: Toxapex|Toxic|p2a: Heatran
|-status|p2a: Heatran|tox
|
|-heal|p2a: Heatran|95/100 tox|[from] item: Leftovers
|-heal|p1a: Toxapex|80/100|[from] item: Leftovers
|-damage|p2a: Heatran|89/100 tox|[from] psn
|-damage|p1a: Toxapex|68/100|[from] move: Magma Storm|[partiallytrapped]
|turn|10
|
|move|p2a: Heatran|Earth Power|p1a: Toxapex
|-supereffective|p1a: Toxapex
|-damage|p1a: Toxapex|21/100
|move|p1a: Toxapex|Surf|p2a: Heatran
|-resisted|p2a: Heatran
|-damage|p2a: Heatran|82/100 tox
|
|-heal|p2a: Heatran|88/100 tox|[from] item: Leftovers
|-heal|p1a: Toxapex|27/100|[from] item: Leftovers
|-damage|p2a: Heatran|75/100 tox|[from] psn
|-damage|p1a: Toxapex|14/100|[from] move: Magma Storm|[partiallytrapped]
|turn|11
|
|move|p2a: Heatran|Earth Power|p1a: Toxapex
|-supereffective|p1a: Toxapex
|-damage|p1a: Toxapex|0 fnt
|faint|p1a: Toxapex
|
|-heal|p2a: Heatran|82/100 tox|[from] item: Leftovers
|-damage|p2a: Heatran|63/100 tox|[from] psn
|
|switch|p1a: MC Hammer|Sneasler, F|100/100
|-damage|p1a: MC Hammer|95/100|[from] Stealth Rock
|turn|12
|
|move|p1a: MC Hammer|Close Combat|p2a: Heatran
|-damage|p2a: Heatran|0 fnt
|-unboost|p1a: MC Hammer|def|1
|-unboost|p1a: MC Hammer|spd|1
|faint|p2a: Heatran
|
|
|switch|p2a: Azumarill|Azumarill, F|100/100
|turn|13
|player|p2|
|player|p2|p2|2
|
|switch|p1a: 7th Ward Hard Head|Ting-Lu|39/100
|-damage|p1a: 7th Ward Hard Head|33/100|[from] Stealth Rock
|-ability|p1a: 7th Ward Hard Head|Vessel of Ruin
|move|p2a: Azumarill|Play Rough|p1a: 7th Ward Hard Head
|-supereffective|p1a: 7th Ward Hard Head
|-damage|p1a: 7th Ward Hard Head|0 fnt
|faint|p1a: 7th Ward Hard Head
|
|
|switch|p1a: MC Hammer|Sneasler, F|95/100
|-damage|p1a: MC Hammer|89/100|[from] Stealth Rock
|turn|14
|
|switch|p2a: Great Tusk|Great Tusk|100/100
|move|p1a: MC Hammer|Dire Claw|p2a: Great Tusk
|-resisted|p2a: Great Tusk
|-damage|p2a: Great Tusk|79/100
|-status|p2a: Great Tusk|slp
|-damage|p1a: MC Hammer|72/100|[from] item: Rocky Helmet|[of] p2a: Great Tusk
|
|turn|15
|
|switch|p1a: Wildlife Ranger|Decidueye, M|100/100
|cant|p2a: Great Tusk|slp
|
|turn|16
|
|-end|p2a: Great Tusk|Protosynthesis|[silent]
|switch|p2a: Goodra|Goodra-Hisui, M|100/100
|move|p1a: Wildlife Ranger|Defog|p2a: Goodra
|-unboost|p2a: Goodra|evasion|1
|-sideend|p1: p1|Stealth Rock|[from] move: Defog|[of] p1a: Wildlife Ranger
|
|turn|17
|
|switch|p1a: Dr. Strange|Slowking-Galar, M|100/100
|move|p2a: Goodra|Flash Cannon|p1a: Dr. Strange
|-damage|p1a: Dr. Strange|62/100
|
|-heal|p1a: Dr. Strange|68/100|[from] item: Leftovers
|turn|18
|
|move|p2a: Goodra|Flash Cannon|p1a: Dr. Strange
|-damage|p1a: Dr. Strange|33/100
|-unboost|p1a: Dr. Strange|spd|1
|move|p1a: Dr. Strange|Chilly Reception|p1a: Dr. Strange
|-weather|Snow
|
|switch|p1a: MC Hammer|Sneasler, F|72/100|[from] Chilly Reception
|
|-weather|Snow|[upkeep]
|turn|19
|player|p2|
|player|p2|p2|2
|
|switch|p2a: Great Tusk|Great Tusk|79/100 slp
|move|p1a: MC Hammer|Close Combat|p2a: Great Tusk
|-damage|p2a: Great Tusk|14/100 slp
|-unboost|p1a: MC Hammer|def|1
|-unboost|p1a: MC Hammer|spd|1
|-damage|p1a: MC Hammer|55/100|[from] item: Rocky Helmet|[of] p2a: Great Tusk
|
|-weather|Snow|[upkeep]
|turn|20
|
|move|p1a: MC Hammer|Close Combat|p2a: Great Tusk
|-damage|p2a: Great Tusk|0 fnt
|-unboost|p1a: MC Hammer|def|1
|-unboost|p1a: MC Hammer|spd|1
|-damage|p1a: MC Hammer|39/100|[from] item: Rocky Helmet|[of] p2a: Great Tusk
|faint|p2a: Great Tusk
|-end|p2a: Great Tusk|Protosynthesis|[silent]
|
|-weather|Snow|[upkeep]
|
|switch|p2a: Chien-Pao|Chien-Pao|100/100
|-ability|p2a: Chien-Pao|Sword of Ruin
|turn|21
|
|switch|p1a: Wildlife Ranger|Decidueye, M|100/100
|move|p2a: Chien-Pao|Ice Spinner|p1a: Wildlife Ranger
|-supereffective|p1a: Wildlife Ranger
|-damage|p1a: Wildlife Ranger|0 fnt
|faint|p1a: Wildlife Ranger
|-damage|p2a: Chien-Pao|91/100|[from] item: Life Orb
|
|-weather|Snow|[upkeep]
|
|switch|p1a: Marshon Lynch|Dragapult, M|100/100
|turn|22
|
|-terastallize|p1a: Marshon Lynch|Ghost
|move|p1a: Marshon Lynch|Draco Meteor|p2a: Chien-Pao
|-damage|p2a: Chien-Pao|0 fnt
|-unboost|p1a: Marshon Lynch|spa|2
|faint|p2a: Chien-Pao
|
|-weather|none
|
|switch|p2a: Azumarill|Azumarill, F|100/100
|turn|23
|player|p2|
|player|p2|p2|2
|
|switch|p1a: Dr. Strange|Slowking-Galar, M|66/100
|move|p2a: Azumarill|Liquidation|p1a: Dr. Strange
|-damage|p1a: Dr. Strange|8/100
|
|-heal|p1a: Dr. Strange|14/100|[from] item: Leftovers
|turn|24
|
|move|p2a: Azumarill|Liquidation|p1a: Dr. Strange
|-damage|p1a: Dr. Strange|0 fnt
|faint|p1a: Dr. Strange
|
|
|switch|p1a: MC Hammer|Sneasler, F|39/100
|turn|25
|player|p2|
|n|!p1|falcothefinesser
|player|p2|p2|2
|
|move|p2a: Azumarill|Aqua Jet|p1a: MC Hammer
|-damage|p1a: MC Hammer|0 fnt
|faint|p1a: MC Hammer
|
|
|switch|p1a: Marshon Lynch|Dragapult, M, tera:Ghost|100/100
|turn|26
|
|move|p1a: Marshon Lynch|Shadow Ball|p2a: Azumarill
|-damage|p2a: Azumarill|51/100
|-unboost|p2a: Azumarill|spd|1
|move|p2a: Azumarill|Liquidation|p1a: Marshon Lynch
|-damage|p1a: Marshon Lynch|26/100
|
|turn|27
|
|move|p2a: Azumarill|Aqua Jet|p1a: Marshon Lynch
|-damage|p1a: Marshon Lynch|0 fnt
|faint|p1a: Marshon Lynch
|
|win|p2
