# advantage = p1
|poke|p1|Alomomola, F|
|poke|p1|Corviknight, F|
|poke|p1|Talonflame, F|
|poke|p1|Dondozo, F|
|poke|p1|Blissey, F|
|poke|p1|Clodsire, M|
|poke|p2|Ditto|
|poke|p2|Samurott-Hisui, F|
|poke|p2|Magearna|
|poke|p2|Great Tusk|
|poke|p2|Corviknight, M|
|poke|p2|Amoonguss, M|
|teampreview
|
|start
|switch|p1a: Corviknight|Corviknight, F|100/100
|switch|p2a: Samurott|Samurott-Hisui, F|100/100
|-ability|p1a: Corviknight|Pressure
|turn|1
|
|move|p2a: Samurott|Ceaseless Edge|p1a: Corviknight
|-damage|p1a: Corviknight|78/100
|-sidestart|p1: p1|Spikes
|-damage|p2a: Samurott|84/100|[from] item: Rocky Helmet|[of] p1a: Corviknight
|move|p1a: Corviknight|Body Press|p2a: Samurott
|-supereffective|p2a: Samurott
|-damage|p2a: Samurott|32/100
|
|-heal|p2a: Samurott|38/100|[from] item: Leftovers
|turn|2
|
|switch|p2a: Corviknight|Corviknight, M, shiny|100/100
|-ability|p2a: Corviknight|Pressure
|move|p1a: Corviknight|Body Press|p2a: Corviknight
|-damage|p2a: Corviknight|84/100
|
|-heal|p2a: Corviknight|90/100|[from] item: Leftovers
|turn|3
|
|switch|p2a: Great Tusk|Great Tusk|100/100
|switch|p1a: Talonflame|Talonflame, F|100/100
|
|turn|4
|
|move|p1a: Talonflame|Will-O-Wisp|p2a: Great Tusk
|-status|p2a: Great Tusk|brn
|move|p2a: Great Tusk|Knock Off|p1a: Talonflame
|-damage|p1a: Talonflame|87/100
|-enditem|p1a: Talonflame|Heavy-Duty Boots|[from] move: Knock Off|[of] p2a: Great Tusk
|
|-damage|p2a: Great Tusk|94/100 brn|[from] brn
|turn|5
|
|-end|p2a: Great Tusk|Protosynthesis|[silent]
|switch|p2a: Samurott|Samurott-Hisui, F|38/100
|move|p1a: Talonflame|Substitute|p1a: Talonflame
|-start|p1a: Talonflame|Substitute
|-damage|p1a: Talonflame|62/100
|
|-heal|p2a: Samurott|44/100|[from] item: Leftovers
|turn|6
|
|move|p1a: Talonflame|Will-O-Wisp|p2a: Samurott|[miss]
|-miss|p1a: Talonflame|p2a: Samurott
|move|p2a: Samurott|Rest|p2a: Samurott
|-status|p2a: Samurott|slp|[from] move: Rest
|-heal|p2a: Samurott|100/100 slp|[silent]
|
|turn|7
|
|move|p1a: Talonflame|Defog|p2a: Samurott
|-unboost|p2a: Samurott|evasion|1
|-sideend|p1: p1|Spikes|[from] move: Defog|[of] p1a: Talonflame
|cant|p2a: Samurott|slp
|move|p2a: Samurott|Sleep Talk|p2a: Samurott
|move|p2a: Samurott|Razor Shell|p1a: Talonflame|[from]move: Sleep Talk
|-supereffective|p1a: Talonflame
|-end|p1a: Talonflame|Substitute
|
|turn|8
|
|switch|p1a: Corviknight|Corviknight, F|78/100
|-ability|p1a: Corviknight|Pressure
|cant|p2a: Samurott|slp
|move|p2a: Samurott|Sleep Talk|p2a: Samurott
|move|p2a: Samurott|Rest||[from]move: Sleep Talk|[still]
|-fail|p2a: Samurott
|
|turn|9
|
|switch|p2a: Magearna|Magearna|100/100
|move|p1a: Corviknight|Body Press|p2a: Magearna
|-damage|p2a: Magearna|83/100
|
|turn|10
|
|switch|p1a: Clodsire|Clodsire, M|100/100
|move|p2a: Magearna|Volt Switch|p1a: Clodsire
|-immune|p1a: Clodsire
|
|turn|11
|
|switch|p2a: Corviknight|Corviknight, M, shiny|90/100
|-ability|p2a: Corviknight|Pressure
|move|p1a: Clodsire|Spikes|p2a: Corviknight
|-sidestart|p2: p2|Spikes
|
|-heal|p2a: Corviknight|96/100|[from] item: Leftovers
|turn|12
|
|switch|p1a: Talonflame|Talonflame, F|62/100
|move|p2a: Corviknight|Defog|p1a: Talonflame
|-unboost|p1a: Talonflame|evasion|1
|-sideend|p2: p2|Spikes|[from] move: Defog|[of] p2a: Corviknight
|
|-heal|p2a: Corviknight|100/100|[from] item: Leftovers
|turn|13
|
|switch|p2a: Samurott|Samurott-Hisui, F|100/100 slp
|move|p1a: Talonflame|Roost|p1a: Talonflame
|-heal|p1a: Talonflame|100/100
|-singleturn|p1a: Talonflame|move: Roost
|
|turn|14
|
|switch|p1a: Corviknight|Corviknight, F|78/100
|-ability|p1a: Corviknight|Pressure
|-curestatus|p2a: Samurott|slp|[msg]
|move|p2a: Samurott|Razor Shell|p1a: Corviknight
|-damage|p1a: Corviknight|52/100
|-unboost|p1a: Corviknight|def|1
|-damage|p2a: Samurott|84/100|[from] item: Rocky Helmet|[of] p1a: Corviknight
|
|-heal|p2a: Samurott|90/100|[from] item: Leftovers
|turn|15
|
|switch|p1a: Dondozo|Dondozo, F|100/100
|move|p2a: Samurott|Ceaseless Edge|p1a: Dondozo
|-crit|p1a: Dondozo
|-damage|p1a: Dondozo|78/100
|-sidestart|p1: p1|Spikes
|
|-heal|p2a: Samurott|96/100|[from] item: Leftovers
|turn|16
|
|switch|p2a: Magearna|Magearna|83/100
|move|p1a: Dondozo|Body Press|p2a: Magearna
|-damage|p2a: Magearna|65/100
|
|turn|17
|
|switch|p1a: Clodsire|Clodsire, M|100/100
|-damage|p1a: Clodsire|88/100|[from] Spikes
|move|p2a: Magearna|Ice Beam|p1a: Clodsire
|-supereffective|p1a: Clodsire
|-damage|p1a: Clodsire|61/100
|-status|p1a: Clodsire|frz
|
|-heal|p1a: Clodsire|67/100 frz|[from] item: Leftovers
|turn|18
|
|switch|p1a: Blissey|Blissey, F|100/100
|move|p2a: Magearna|Ice Beam|p1a: Blissey
|-damage|p1a: Blissey|93/100
|
|turn|19
|
|move|p2a: Magearna|Volt Switch|p1a: Blissey
|-damage|p1a: Blissey|87/100
|
|switch|p2a: Samurott|Samurott-Hisui, F|96/100|[from] Volt Switch
|move|p1a: Blissey|Heal Bell|p1a: Blissey
|-activate|p1a: Blissey|move: Heal Bell
|-curestatus|p1: Clodsire|frz|[msg]
|
|-heal|p2a: Samurott|100/100|[from] item: Leftovers
|turn|20
|
|switch|p1a: Dondozo|Dondozo, F|78/100
|move|p2a: Samurott|Ceaseless Edge|p1a: Dondozo
|-damage|p1a: Dondozo|63/100
|-sidestart|p1: p1|Spikes
|
|turn|21
|
|switch|p2a: Amoonguss|Amoonguss, M, shiny|100/100
|move|p1a: Dondozo|Rest|p1a: Dondozo
|-status|p1a: Dondozo|slp|[from] move: Rest
|-heal|p1a: Dondozo|100/100 slp|[silent]
|
|turn|22
|
|switch|p2a: Magearna|Magearna|65/100
|switch|p1a: Blissey|Blissey, F|87/100
|
|turn|23
|
|move|p2a: Magearna|Volt Switch|p1a: Blissey
|-damage|p1a: Blissey|82/100
|
|switch|p2a: Ditto|Ditto, shiny|100/100|[from] Volt Switch
|-transform|p2a: Ditto|p1a: Blissey|[from] ability: Imposter
|move|p1a: Blissey|Stealth Rock|p2a: Ditto
|-sidestart|p2: p2|move: Stealth Rock
|
|turn|24
|
|switch|p1a: Corviknight|Corviknight, F|52/100
|-ability|p1a: Corviknight|Pressure
|move|p2a: Ditto|Stealth Rock|p1a: Corviknight
|-sidestart|p1: p1|move: Stealth Rock
|
|turn|25
|
|switch|p2a: Great Tusk|Great Tusk|94/100 brn
|-damage|p2a: Great Tusk|91/100 brn|[from] Stealth Rock
|move|p1a: Corviknight|Roost|p1a: Corviknight
|-heal|p1a: Corviknight|100/100
|-singleturn|p1a: Corviknight|move: Roost
|
|-heal|p2a: Great Tusk|98/100 brn|[from] item: Leftovers
|-damage|p2a: Great Tusk|91/100 brn|[from] brn
|turn|26
|
|switch|p1a: Talonflame|Talonflame, F|100/100
|-damage|p1a: Talonflame|50/100|[from] Stealth Rock
|move|p2a: Great Tusk|Knock Off|p1a: Talonflame
|-damage|p1a: Talonflame|42/100
|
|-heal|p2a: Great Tusk|98/100 brn|[from] item: Leftovers
|-damage|p2a: Great Tusk|91/100 brn|[from] brn
|turn|27
|
|move|p1a: Talonflame|Substitute|p1a: Talonflame
|-start|p1a: Talonflame|Substitute
|-damage|p1a: Talonflame|17/100
|move|p2a: Great Tusk|Rapid Spin|p1a: Talonflame
|-activate|p1a: Talonflame|move: Substitute|[damage]
|-sideend|p2: p2|Stealth Rock|[from] move: Rapid Spin|[of] p2a: Great Tusk
|-boost|p2a: Great Tusk|spe|1
|
|-heal|p2a: Great Tusk|98/100 brn|[from] item: Leftovers
|-damage|p2a: Great Tusk|91/100 brn|[from] brn
|turn|28
|
|-end|p2a: Great Tusk|Protosynthesis|[silent]
|switch|p2a: Samurott|Samurott-Hisui, F|100/100
|move|p1a: Talonflame|Roost|p1a: Talonflame
|-heal|p1a: Talonflame|67/100
|-singleturn|p1a: Talonflame|move: Roost
|
|turn|29
|
|move|p1a: Talonflame|Will-O-Wisp|p2a: Samurott
|-status|p2a: Samurott|brn
|move|p2a: Samurott|Razor Shell|p1a: Talonflame
|-supereffective|p1a: Talonflame
|-end|p1a: Talonflame|Substitute
|
|-damage|p2a: Samurott|94/100 brn|[from] brn
|turn|30
|
|switch|p1a: Corviknight|Corviknight, F|100/100
|-damage|p1a: Corviknight|88/100|[from] Stealth Rock
|-ability|p1a: Corviknight|Pressure
|move|p2a: Samurott|Razor Shell|p1a: Corviknight
|-damage|p1a: Corviknight|76/100
|-unboost|p1a: Corviknight|def|1
|-damage|p2a: Samurott|78/100 brn|[from] item: Rocky Helmet|[of] p1a: Corviknight
|
|-heal|p2a: Samurott|84/100 brn|[from] item: Leftovers
|-damage|p2a: Samurott|78/100 brn|[from] brn
|turn|31
|
|switch|p2a: Amoonguss|Amoonguss, M, shiny|100/100
|move|p1a: Corviknight|Defog|p2a: Amoonguss
|-unboost|p2a: Amoonguss|evasion|1
|-sideend|p1: p1|Spikes|[from] move: Defog|[of] p1a: Corviknight
|-sideend|p1: p1|Stealth Rock|[from] move: Defog|[of] p1a: Corviknight
|
|turn|32
|
|switch|p1a: Blissey|Blissey, F|82/100
|move|p2a: Amoonguss|Spore|p1a: Blissey
|-status|p1a: Blissey|slp|[from] move: Spore
|
|turn|33
|
|cant|p1a: Blissey|slp
|move|p2a: Amoonguss|Spore|p1a: Blissey
|-fail|p1a: Blissey|slp
|
|turn|34
|
|switch|p2a: Ditto|Ditto, shiny|100/100
|-transform|p2a: Ditto|p1a: Blissey|[from] ability: Imposter
|cant|p1a: Blissey|slp
|
|turn|35
|
|-curestatus|p1a: Blissey|slp|[from] ability: Natural Cure
|switch|p1a: Talonflame|Talonflame, F|67/100
|move|p2a: Ditto|Heal Bell|p2a: Ditto
|-activate|p2a: Ditto|move: Heal Bell
|-curestatus|p2: Samurott|brn|[msg]
|-curestatus|p2: Great Tusk|brn|[msg]
|
|turn|36
|
|switch|p2a: Samurott|Samurott-Hisui, F|78/100
|move|p1a: Talonflame|Will-O-Wisp|p2a: Samurott
|-status|p2a: Samurott|brn
|
|-heal|p2a: Samurott|84/100 brn|[from] item: Leftovers
|-damage|p2a: Samurott|78/100 brn|[from] brn
|turn|37
|
|switch|p1a: Corviknight|Corviknight, F|76/100
|-ability|p1a: Corviknight|Pressure
|switch|p2a: Magearna|Magearna|65/100
|
|turn|38
|
|switch|p1a: Clodsire|Clodsire, M|67/100
|move|p2a: Magearna|Ice Beam|p1a: Clodsire
|-supereffective|p1a: Clodsire
|-damage|p1a: Clodsire|40/100
|
|-heal|p1a: Clodsire|47/100|[from] item: Leftovers
|turn|39
|
|move|p2a: Magearna|Ice Beam|p1a: Clodsire
|-supereffective|p1a: Clodsire
|-damage|p1a: Clodsire|21/100
|move|p1a: Clodsire|Recover|p1a: Clodsire
|-heal|p1a: Clodsire|71/100
|
|-heal|p1a: Clodsire|77/100|[from] item: Leftovers
|turn|40
|
|switch|p2a: Great Tusk|Great Tusk|91/100
|move|p1a: Clodsire|Spikes|p2a: Great Tusk
|-sidestart|p2: p2|Spikes
|
|-heal|p2a: Great Tusk|98/100|[from] item: Leftovers
|-heal|p1a: Clodsire|83/100|[from] item: Leftovers
|turn|41
|player|p2|
|player|p2|p2|doctor
|
|switch|p1a: Talonflame|Talonflame, F|67/100
|move|p2a: Great Tusk|Rapid Spin|p1a: Talonflame
|-damage|p1a: Talonflame|55/100
|-boost|p2a: Great Tusk|spe|1
|-sideend|p2: p2|Spikes|[from] move: Rapid Spin|[of] p2a: Great Tusk
|
|-heal|p2a: Great Tusk|100/100|[from] item: Leftovers
|turn|42
|
|-end|p2a: Great Tusk|Protosynthesis|[silent]
|switch|p2a: Samurott|Samurott-Hisui, F|78/100 brn
|move|p1a: Talonflame|Substitute|p1a: Talonflame
|-start|p1a: Talonflame|Substitute
|-damage|p1a: Talonflame|30/100
|
|-heal|p2a: Samurott|84/100 brn|[from] item: Leftovers
|-damage|p2a: Samurott|78/100 brn|[from] brn
|turn|43
|player|p2|
|player|p2|p2|doctor
|
|move|p1a: Talonflame|Roost|p1a: Talonflame
|-heal|p1a: Talonflame|80/100
|-singleturn|p1a: Talonflame|move: Roost
|move|p2a: Samurott|Razor Shell|p1a: Talonflame
|-supereffective|p1a: Talonflame
|-end|p1a: Talonflame|Substitute
|
|-heal|p2a: Samurott|84/100 brn|[from] item: Leftovers
|-damage|p2a: Samurott|78/100 brn|[from] brn
|turn|44
|
|switch|p1a: Corviknight|Corviknight, F|76/100
|-ability|p1a: Corviknight|Pressure
|switch|p2a: Magearna|Magearna|65/100
|
|turn|45
|player|p2|
|player|p2|p2|doctor
|
|switch|p1a: Clodsire|Clodsire, M|83/100
|move|p2a: Magearna|Ice Beam|p1a: Clodsire
|-supereffective|p1a: Clodsire
|-damage|p1a: Clodsire|54/100
|
|-heal|p1a: Clodsire|60/100|[from] item: Leftovers
|turn|46
|
|switch|p2a: Great Tusk|Great Tusk|100/100
|move|p1a: Clodsire|Recover|p1a: Clodsire
|-heal|p1a: Clodsire|100/100
|
|turn|47
|
|-end|p2a: Great Tusk|Protosynthesis|[silent]
|switch|p2a: Samurott|Samurott-Hisui, F|78/100 brn
|switch|p1a: Talonflame|Talonflame, F|80/100
|
|-heal|p2a: Samurott|84/100 brn|[from] item: Leftovers
|-damage|p2a: Samurott|78/100 brn|[from] brn
|turn|48
|player|p2|
|
|switch|p1a: Dondozo|Dondozo, F|100/100 slp
|move|p2a: Samurott|Razor Shell|p1a: Dondozo
|-resisted|p1a: Dondozo
|-damage|p1a: Dondozo|96/100 slp
|
|-heal|p2a: Samurott|84/100 brn|[from] item: Leftovers
|-damage|p2a: Samurott|78/100 brn|[from] brn
|turn|49
|player|p2|p2|doctor
|
|move|p2a: Samurott|Ceaseless Edge|p1a: Dondozo
|-damage|p1a: Dondozo|87/100 slp
|-sidestart|p1: p1|Spikes
|cant|p1a: Dondozo|slp
|move|p1a: Dondozo|Sleep Talk|p1a: Dondozo
|move|p1a: Dondozo|Liquidation|p2a: Samurott|[from]move: Sleep Talk
|-resisted|p2a: Samurott
|-damage|p2a: Samurott|61/100 brn
|
|-heal|p2a: Samurott|67/100 brn|[from] item: Leftovers
|-damage|p2a: Samurott|61/100 brn|[from] brn
|turn|50
|
|switch|p2a: Magearna|Magearna|65/100
|cant|p1a: Dondozo|slp
|move|p1a: Dondozo|Sleep Talk|p1a: Dondozo
|move|p1a: Dondozo|Rest||[from]move: Sleep Talk|[still]
|-fail|p1a: Dondozo
|
|turn|51
|
|switch|p1a: Clodsire|Clodsire, M|100/100
|-damage|p1a: Clodsire|88/100|[from] Spikes
|move|p2a: Magearna|Ice Beam|p1a: Clodsire
|-supereffective|p1a: Clodsire
|-damage|p1a: Clodsire|60/100
|-status|p1a: Clodsire|frz
|
|-heal|p1a: Clodsire|66/100 frz|[from] item: Leftovers
|turn|52
|
|switch|p1a: Blissey|Blissey, F|82/100
|move|p2a: Magearna|Volt Switch|p1a: Blissey
|-damage|p1a: Blissey|76/100
|
|switch|p2a: Great Tusk|Great Tusk|100/100|[from] Volt Switch
|
|turn|53
|
|switch|p1a: Talonflame|Talonflame, F|80/100
|move|p2a: Great Tusk|Body Press|p1a: Talonflame
|-resisted|p1a: Talonflame
|-damage|p1a: Talonflame|61/100
|
|turn|54
|
|-end|p2a: Great Tusk|Protosynthesis|[silent]
|switch|p2a: Samurott|Samurott-Hisui, F|61/100 brn
|move|p1a: Talonflame|Substitute|p1a: Talonflame
|-start|p1a: Talonflame|Substitute
|-damage|p1a: Talonflame|36/100
|
|-heal|p2a: Samurott|67/100 brn|[from] item: Leftovers
|-damage|p2a: Samurott|61/100 brn|[from] brn
|turn|55
|
|switch|p2a: Magearna|Magearna|65/100
|move|p1a: Talonflame|Roost|p1a: Talonflame
|-heal|p1a: Talonflame|86/100
|-singleturn|p1a: Talonflame|move: Roost
|
|turn|56
|
|switch|p2a: Ditto|Ditto, shiny|100/100
|move|p1a: Talonflame|Will-O-Wisp|p2a: Ditto
|-status|p2a: Ditto|brn
|
|-damage|p2a: Ditto|94/100 brn|[from] brn
|turn|57
|
|switch|p2a: Samurott|Samurott-Hisui, F|61/100 brn
|move|p1a: Talonflame|Defog|p2a: Samurott
|-unboost|p2a: Samurott|evasion|1
|-sideend|p1: p1|Spikes|[from] move: Defog|[of] p1a: Talonflame
|
|-heal|p2a: Samurott|67/100 brn|[from] item: Leftovers
|-damage|p2a: Samurott|61/100 brn|[from] brn
|turn|58
|
|move|p1a: Talonflame|Will-O-Wisp|p2a: Samurott
|-fail|p2a: Samurott|brn
|move|p2a: Samurott|Rest|p2a: Samurott
|-status|p2a: Samurott|slp|[from] move: Rest
|-heal|p2a: Samurott|100/100 slp|[silent]
|
|turn|59
|
|switch|p1a: Blissey|Blissey, F|76/100
|cant|p2a: Samurott|slp
|move|p2a: Samurott|Sleep Talk|p2a: Samurott
|move|p2a: Samurott|Razor Shell|p1a: Blissey|[from]move: Sleep Talk
|-damage|p1a: Blissey|0 fnt
|faint|p1a: Blissey
|
|player|p2|
|
|switch|p1a: Corviknight|Corviknight, F|76/100
|-ability|p1a: Corviknight|Pressure
|turn|60
|player|p2|p2|doctor
|
|switch|p2a: Amoonguss|Amoonguss, M, shiny|100/100
|move|p1a: Corviknight|Body Press|p2a: Amoonguss
|-resisted|p2a: Amoonguss
|-damage|p2a: Amoonguss|90/100
|
|-heal|p2a: Amoonguss|96/100|[from] item: Leftovers
|turn|61
|
|switch|p1a: Clodsire|Clodsire, M|66/100 frz
|move|p2a: Amoonguss|Spore||[still]
|-fail|p2a: Amoonguss
|
|-heal|p2a: Amoonguss|100/100|[from] item: Leftovers
|-heal|p1a: Clodsire|72/100 frz|[from] item: Leftovers
|turn|62
|
|switch|p2a: Samurott|Samurott-Hisui, F|100/100 slp
|cant|p1a: Clodsire|frz
|
|-heal|p1a: Clodsire|78/100 frz|[from] item: Leftovers
|turn|63
|
|switch|p2a: Magearna|Magearna|65/100
|switch|p1a: Corviknight|Corviknight, F|76/100
|-ability|p1a: Corviknight|Pressure
|
|turn|64
|
|switch|p1a: Clodsire|Clodsire, M|78/100 frz
|move|p2a: Magearna|Ice Beam|p1a: Clodsire
|-supereffective|p1a: Clodsire
|-damage|p1a: Clodsire|51/100 frz
|
|-heal|p1a: Clodsire|57/100 frz|[from] item: Leftovers
|turn|65
|
|move|p2a: Magearna|Ice Beam|p1a: Clodsire
|-supereffective|p1a: Clodsire
|-damage|p1a: Clodsire|31/100 frz
|-curestatus|p1a: Clodsire|frz|[msg]
|move|p1a: Clodsire|Recover|p1a: Clodsire
|-heal|p1a: Clodsire|81/100
|
|-heal|p1a: Clodsire|87/100|[from] item: Leftovers
|turn|66
|
|switch|p2a: Great Tusk|Great Tusk|100/100
|move|p1a: Clodsire|Spikes|p2a: Great Tusk
|-sidestart|p2: p2|Spikes
|
|-heal|p1a: Clodsire|94/100|[from] item: Leftovers
|turn|67
|
|switch|p1a: Talonflame|Talonflame, F|86/100
|move|p2a: Great Tusk|Rapid Spin|p1a: Talonflame
|-damage|p1a: Talonflame|74/100
|-boost|p2a: Great Tusk|spe|1
|-status|p2a: Great Tusk|brn|[from] ability: Flame Body|[of] p1a: Talonflame
|-sideend|p2: p2|Spikes|[from] move: Rapid Spin|[of] p2a: Great Tusk
|
|-damage|p2a: Great Tusk|94/100 brn|[from] brn
|turn|68
|
|-end|p2a: Great Tusk|Protosynthesis|[silent]
|switch|p2a: Samurott|Samurott-Hisui, F|100/100 slp
|move|p1a: Talonflame|Substitute|p1a: Talonflame
|-start|p1a: Talonflame|Substitute
|-damage|p1a: Talonflame|49/100
|
|turn|69
|
|move|p1a: Talonflame|Roost|p1a: Talonflame
|-heal|p1a: Talonflame|99/100
|-singleturn|p1a: Talonflame|move: Roost
|cant|p2a: Samurott|slp
|move|p2a: Samurott|Sleep Talk|p2a: Samurott
|move|p2a: Samurott|Ceaseless Edge|p1a: Talonflame|[from]move: Sleep Talk
|-end|p1a: Talonflame|Substitute
|-sidestart|p1: p1|Spikes
|
|turn|70
|
|move|p1a: Talonflame|Substitute|p1a: Talonflame
|-start|p1a: Talonflame|Substitute
|-damage|p1a: Talonflame|74/100
|-curestatus|p2a: Samurott|slp|[msg]
|move|p2a: Samurott|Sleep Talk||[still]
|-fail|p2a: Samurott
|
|turn|71
|
|move|p1a: Talonflame|Will-O-Wisp|p2a: Samurott
|-status|p2a: Samurott|brn
|move|p2a: Samurott|Razor Shell|p1a: Talonflame
|-supereffective|p1a: Talonflame
|-end|p1a: Talonflame|Substitute
|
|-damage|p2a: Samurott|94/100 brn|[from] brn
|turn|72
|
|switch|p1a: Corviknight|Corviknight, F|76/100
|-ability|p1a: Corviknight|Pressure
|move|p2a: Samurott|Razor Shell|p1a: Corviknight
|-damage|p1a: Corviknight|65/100
|-damage|p2a: Samurott|78/100 brn|[from] item: Rocky Helmet|[of] p1a: Corviknight
|
|-heal|p2a: Samurott|84/100 brn|[from] item: Leftovers
|-damage|p2a: Samurott|78/100 brn|[from] brn
|turn|73
|
|switch|p2a: Magearna|Magearna|65/100
|move|p1a: Corviknight|Body Press|p2a: Magearna
|-damage|p2a: Magearna|47/100
|
|turn|74
|player|p2|
|player|p2|p2|doctor
|
|switch|p1a: Clodsire|Clodsire, M|94/100
|-damage|p1a: Clodsire|81/100|[from] Spikes
|move|p2a: Magearna|Ice Beam|p1a: Clodsire
|-supereffective|p1a: Clodsire
|-damage|p1a: Clodsire|52/100
|
|-heal|p1a: Clodsire|58/100|[from] item: Leftovers
|turn|75
|
|move|p2a: Magearna|Ice Beam|p1a: Clodsire
|-supereffective|p1a: Clodsire
|-damage|p1a: Clodsire|31/100
|move|p1a: Clodsire|Recover|p1a: Clodsire
|-heal|p1a: Clodsire|81/100
|
|-heal|p1a: Clodsire|88/100|[from] item: Leftovers
|turn|76
|
|switch|p2a: Great Tusk|Great Tusk|94/100 brn
|move|p1a: Clodsire|Spikes|p2a: Great Tusk
|-sidestart|p2: p2|Spikes
|
|-heal|p2a: Great Tusk|100/100 brn|[from] item: Leftovers
|-heal|p1a: Clodsire|94/100|[from] item: Leftovers
|-damage|p2a: Great Tusk|94/100 brn|[from] brn
|turn|77
|player|p2|
|
|switch|p1a: Talonflame|Talonflame, F|74/100
|move|p2a: Great Tusk|Rapid Spin|p1a: Talonflame
|-damage|p1a: Talonflame|67/100
|-boost|p2a: Great Tusk|spe|1
|-sideend|p2: p2|Spikes|[from] move: Rapid Spin|[of] p2a: Great Tusk
|
|-heal|p2a: Great Tusk|100/100 brn|[from] item: Leftovers
|-damage|p2a: Great Tusk|94/100 brn|[from] brn
|turn|78
|player|p2|p2|doctor
|
|-end|p2a: Great Tusk|Protosynthesis|[silent]
|switch|p2a: Samurott|Samurott-Hisui, F|78/100 brn
|move|p1a: Talonflame|Defog|p2a: Samurott
|-unboost|p2a: Samurott|evasion|1
|-sideend|p1: p1|Spikes|[from] move: Defog|[of] p1a: Talonflame
|
|-heal|p2a: Samurott|84/100 brn|[from] item: Leftovers
|-damage|p2a: Samurott|78/100 brn|[from] brn
|turn|79
|
|switch|p1a: Corviknight|Corviknight, F|65/100
|-ability|p1a: Corviknight|Pressure
|move|p2a: Samurott|Rest|p2a: Samurott
|-status|p2a: Samurott|slp|[from] move: Rest
|-heal|p2a: Samurott|100/100 slp|[silent]
|
|turn|80
|
|switch|p2a: Amoonguss|Amoonguss, M, shiny|100/100
|move|p1a: Corviknight|Roost|p1a: Corviknight
|-heal|p1a: Corviknight|100/100
|-singleturn|p1a: Corviknight|move: Roost
|
|turn|81
|player|p2|
|
|switch|p1a: Talonflame|Talonflame, F|67/100
|move|p2a: Amoonguss|Spore|p1a: Talonflame
|-status|p1a: Talonflame|slp|[from] move: Spore
|
|turn|82
|player|p2|p2|doctor
|
|switch|p1a: Corviknight|Corviknight, F|100/100
|-ability|p1a: Corviknight|Pressure
|move|p2a: Amoonguss|Sludge Bomb|p1a: Corviknight
|-immune|p1a: Corviknight
|
|turn|83
|
|move|p1a: Corviknight|Body Press|p2a: Amoonguss
|-resisted|p2a: Amoonguss
|-damage|p2a: Amoonguss|91/100
|move|p2a: Amoonguss|Foul Play|p1a: Corviknight
|-damage|p1a: Corviknight|90/100
|-damage|p2a: Amoonguss|75/100|[from] item: Rocky Helmet|[of] p1a: Corviknight
|
|-heal|p2a: Amoonguss|81/100|[from] item: Leftovers
|turn|84
|
|move|p1a: Corviknight|Iron Defense|p1a: Corviknight
|-boost|p1a: Corviknight|def|2
|move|p2a: Amoonguss|Foul Play|p1a: Corviknight
|-damage|p1a: Corviknight|84/100
|-damage|p2a: Amoonguss|64/100|[from] item: Rocky Helmet|[of] p1a: Corviknight
|
|-heal|p2a: Amoonguss|70/100|[from] item: Leftovers
|turn|85
|
|switch|p2a: Magearna|Magearna|47/100
|move|p1a: Corviknight|Body Press|p2a: Magearna
|-damage|p2a: Magearna|16/100
|
|turn|86
|
|switch|p1a: Clodsire|Clodsire, M|94/100
|move|p2a: Magearna|Ice Beam|p1a: Clodsire
|-supereffective|p1a: Clodsire
|-damage|p1a: Clodsire|64/100
|
|-heal|p1a: Clodsire|70/100|[from] item: Leftovers
|turn|87
|
|switch|p2a: Great Tusk|Great Tusk|94/100 brn
|move|p1a: Clodsire|Recover|p1a: Clodsire
|-heal|p1a: Clodsire|100/100
|
|-heal|p2a: Great Tusk|100/100 brn|[from] item: Leftovers
|-damage|p2a: Great Tusk|94/100 brn|[from] brn
|turn|88
|
|switch|p1a: Talonflame|Talonflame, F|67/100 slp
|move|p2a: Great Tusk|Rapid Spin|p1a: Talonflame
|-damage|p1a: Talonflame|60/100 slp
|-boost|p2a: Great Tusk|spe|1
|
|-heal|p2a: Great Tusk|100/100 brn|[from] item: Leftovers
|-damage|p2a: Great Tusk|94/100 brn|[from] brn
|turn|89
|
|-end|p2a: Great Tusk|Protosynthesis|[silent]
|switch|p2a: Samurott|Samurott-Hisui, F|100/100 slp
|cant|p1a: Talonflame|slp
|
|turn|90
|
|switch|p1a: Dondozo|Dondozo, F|87/100 slp
|cant|p2a: Samurott|slp
|move|p2a: Samurott|Sleep Talk|p2a: Samurott
|move|p2a: Samurott|Razor Shell|p1a: Dondozo|[from]move: Sleep Talk
|-resisted|p1a: Dondozo
|-damage|p1a: Dondozo|79/100 slp
|
|turn|91
|
|switch|p2a: Amoonguss|Amoonguss, M, shiny|100/100
|-curestatus|p1a: Dondozo|slp|[msg]
|move|p1a: Dondozo|Body Press|p2a: Amoonguss
|-resisted|p2a: Amoonguss
|-damage|p2a: Amoonguss|89/100
|
|-heal|p2a: Amoonguss|96/100|[from] item: Leftovers
|turn|92
|
|switch|p1a: Corviknight|Corviknight, F|84/100
|-ability|p1a: Corviknight|Pressure
|move|p2a: Amoonguss|Giga Drain|p1a: Corviknight
|-resisted|p1a: Corviknight
|-damage|p1a: Corviknight|79/100
|-heal|p2a: Amoonguss|98/100|[from] drain|[of] p1a: Corviknight
|
|-heal|p2a: Amoonguss|100/100|[from] item: Leftovers
|turn|93
|
|switch|p2a: Corviknight|Corviknight, M, shiny|100/100
|-ability|p2a: Corviknight|Pressure
|move|p1a: Corviknight|Body Press|p2a: Corviknight
|-damage|p2a: Corviknight|86/100
|
|-heal|p2a: Corviknight|92/100|[from] item: Leftovers
|turn|94
|
|switch|p1a: Talonflame|Talonflame, F|60/100 slp
|move|p2a: Corviknight|U-turn|p1a: Talonflame
|-resisted|p1a: Talonflame
|-damage|p1a: Talonflame|58/100 slp
|-status|p2a: Corviknight|brn|[from] ability: Flame Body|[of] p1a: Talonflame
|
|switch|p2a: Samurott|Samurott-Hisui, F|100/100 slp|[from] U-turn
|
|turn|95
|
|switch|p1a: Dondozo|Dondozo, F|79/100
|cant|p2a: Samurott|slp
|move|p2a: Samurott|Sleep Talk|p2a: Samurott
|move|p2a: Samurott|Razor Shell|p1a: Dondozo|[from]move: Sleep Talk
|-resisted|p1a: Dondozo
|-damage|p1a: Dondozo|70/100
|-unboost|p1a: Dondozo|def|1
|
|turn|96
|
|switch|p1a: Corviknight|Corviknight, F|79/100
|-ability|p1a: Corviknight|Pressure
|-curestatus|p2a: Samurott|slp|[msg]
|move|p2a: Samurott|Ceaseless Edge|p1a: Corviknight
|-damage|p1a: Corviknight|58/100
|-sidestart|p1: p1|Spikes
|-damage|p2a: Samurott|84/100|[from] item: Rocky Helmet|[of] p1a: Corviknight
|
|-heal|p2a: Samurott|90/100|[from] item: Leftovers
|turn|97
|
|move|p2a: Samurott|Razor Shell|p1a: Corviknight
|-damage|p1a: Corviknight|34/100
|-unboost|p1a: Corviknight|def|1
|-damage|p2a: Samurott|73/100|[from] item: Rocky Helmet|[of] p1a: Corviknight
|move|p1a: Corviknight|Roost|p1a: Corviknight
|-heal|p1a: Corviknight|84/100
|-singleturn|p1a: Corviknight|move: Roost
|
|-heal|p2a: Samurott|80/100|[from] item: Leftovers
|turn|98
|
|switch|p1a: Dondozo|Dondozo, F|70/100
|move|p2a: Samurott|Ceaseless Edge|p1a: Dondozo
|-damage|p1a: Dondozo|54/100
|-sidestart|p1: p1|Spikes
|
|-heal|p2a: Samurott|86/100|[from] item: Leftovers
|turn|99
|player|p2|
|player|p2|p2|doctor
|
|switch|p2a: Amoonguss|Amoonguss, M, shiny|100/100
|move|p1a: Dondozo|Body Press|p2a: Amoonguss
|-resisted|p2a: Amoonguss
|-crit|p2a: Amoonguss
|-damage|p2a: Amoonguss|83/100
|
|-heal|p2a: Amoonguss|89/100|[from] item: Leftovers
|turn|100
|
|switch|p2a: Magearna|Magearna|16/100
|switch|p1a: Corviknight|Corviknight, F|84/100
|-ability|p1a: Corviknight|Pressure
|
|turn|101
|
|switch|p1a: Clodsire|Clodsire, M|100/100
|-damage|p1a: Clodsire|84/100|[from] Spikes
|move|p2a: Magearna|Volt Switch|p1a: Clodsire
|-immune|p1a: Clodsire
|
|-heal|p1a: Clodsire|90/100|[from] item: Leftovers
|turn|102
|
|switch|p2a: Great Tusk|Great Tusk|94/100 brn
|move|p1a: Clodsire|Spikes|p2a: Great Tusk
|-sidestart|p2: p2|Spikes
|
|-heal|p2a: Great Tusk|100/100 brn|[from] item: Leftovers
|-heal|p1a: Clodsire|96/100|[from] item: Leftovers
|-damage|p2a: Great Tusk|94/100 brn|[from] brn
|turn|103
|
|switch|p1a: Talonflame|Talonflame, F|58/100 slp
|move|p2a: Great Tusk|Rapid Spin|p1a: Talonflame
|-damage|p1a: Talonflame|51/100 slp
|-boost|p2a: Great Tusk|spe|1
|-sideend|p2: p2|Spikes|[from] move: Rapid Spin|[of] p2a: Great Tusk
|
|-heal|p2a: Great Tusk|100/100 brn|[from] item: Leftovers
|-damage|p2a: Great Tusk|94/100 brn|[from] brn
|turn|104
|
|-end|p2a: Great Tusk|Protosynthesis|[silent]
|switch|p2a: Samurott|Samurott-Hisui, F|86/100
|cant|p1a: Talonflame|slp
|
|-heal|p2a: Samurott|92/100|[from] item: Leftovers
|turn|105
|
|switch|p1a: Corviknight|Corviknight, F|84/100
|-ability|p1a: Corviknight|Pressure
|move|p2a: Samurott|Razor Shell|p1a: Corviknight
|-damage|p1a: Corviknight|58/100
|-unboost|p1a: Corviknight|def|1
|-damage|p2a: Samurott|75/100|[from] item: Rocky Helmet|[of] p1a: Corviknight
|
|-heal|p2a: Samurott|82/100|[from] item: Leftovers
|turn|106
|
|switch|p1a: Dondozo|Dondozo, F|54/100
|move|p2a: Samurott|Ceaseless Edge|p1a: Dondozo
|-damage|p1a: Dondozo|40/100
|-sidestart|p1: p1|Spikes
|
|-heal|p2a: Samurott|88/100|[from] item: Leftovers
|turn|107
|
|switch|p2a: Magearna|Magearna|16/100
|move|p1a: Dondozo|Rest|p1a: Dondozo
|-status|p1a: Dondozo|slp|[from] move: Rest
|-heal|p1a: Dondozo|100/100 slp|[silent]
|
|turn|108
|
|switch|p1a: Clodsire|Clodsire, M|96/100
|-damage|p1a: Clodsire|71/100|[from] Spikes
|move|p2a: Magearna|Ice Beam|p1a: Clodsire
|-supereffective|p1a: Clodsire
|-damage|p1a: Clodsire|44/100
|
|-heal|p1a: Clodsire|50/100|[from] item: Leftovers
|turn|109
|
|move|p2a: Magearna|Ice Beam|p1a: Clodsire
|-supereffective|p1a: Clodsire
|-damage|p1a: Clodsire|23/100
|move|p1a: Clodsire|Recover|p1a: Clodsire
|-heal|p1a: Clodsire|73/100
|
|-heal|p1a: Clodsire|80/100|[from] item: Leftovers
|turn|110
|
|switch|p2a: Samurott|Samurott-Hisui, F|88/100
|move|p1a: Clodsire|Spikes|p2a: Samurott
|-sidestart|p2: p2|Spikes
|
|-heal|p2a: Samurott|94/100|[from] item: Leftovers
|-heal|p1a: Clodsire|86/100|[from] item: Leftovers
|turn|111
|
|switch|p1a: Corviknight|Corviknight, F|58/100
|-ability|p1a: Corviknight|Pressure
|move|p2a: Samurott|Ceaseless Edge|p1a: Corviknight
|-damage|p1a: Corviknight|38/100
|-damage|p2a: Samurott|78/100|[from] item: Rocky Helmet|[of] p1a: Corviknight
|
|-heal|p2a: Samurott|84/100|[from] item: Leftovers
|turn|112
|
|move|p2a: Samurott|Razor Shell|p1a: Corviknight
|-damage|p1a: Corviknight|15/100
|-damage|p2a: Samurott|67/100|[from] item: Rocky Helmet|[of] p1a: Corviknight
|move|p1a: Corviknight|Roost|p1a: Corviknight
|-heal|p1a: Corviknight|65/100
|-singleturn|p1a: Corviknight|move: Roost
|
|-heal|p2a: Samurott|73/100|[from] item: Leftovers
|turn|113
|-message|p2 forfeited.
|
|win|p1
