|poke|p1|Typhlosion, M|
|poke|p1|Torkoal, M|
|poke|p1|Hatterene, F|
|poke|p1|Roaring Moon|
|poke|p1|Amoonguss, F|
|poke|p1|Ceruledge, M|
|poke|p2|Ursaluna, F|
|poke|p2|Sneasler, M|
|poke|p2|Hatterene, F|
|poke|p2|Rillaboom, M|
|poke|p2|Tornadus-Therian, M|
|poke|p2|Lilligant-Hisui, F|
|teampreview
|
|start
|switch|p1a: Torkoal|Torkoal, M|100/100
|switch|p2a: Rillaboom|Rillaboom, M|100/100
|-fieldstart|move: Grassy Terrain|[from] ability: Grassy Surge|[of] p2a: Rillaboom
|-weather|SunnyDay|[from] ability: Drought|[of] p1a: Torkoal
|turn|1
|
|move|p2a: Rillaboom|Knock Off|p1a: Torkoal
|-crit|p1a: Torkoal
|-damage|p1a: Torkoal|61/100
|-enditem|p1a: Torkoal|Heat Rock|[from] move: Knock Off|[of] p2a: Rillaboom
|-damage|p2a: Rillaboom|91/100|[from] item: Life Orb
|move|p1a: Torkoal|Lava Plume|p2a: Rillaboom
|-supereffective|p2a: Rillaboom
|-damage|p2a: Rillaboom|0 fnt
|faint|p2a: Rillaboom
|
|-weather|SunnyDay|[upkeep]
|-heal|p1a: Torkoal|68/100|[from] Grassy Terrain
|
|switch|p2a: Ursaluna|Ursaluna, F|100/100
|turn|2
|
|move|p2a: Ursaluna|Swords Dance|p2a: Ursaluna
|-boost|p2a: Ursaluna|atk|2
|move|p1a: Torkoal|Stealth Rock|p2a: Ursaluna
|-sidestart|p2: p2|move: Stealth Rock
|
|-weather|SunnyDay|[upkeep]
|-heal|p1a: Torkoal|74/100|[from] Grassy Terrain
|-status|p2a: Ursaluna|brn|[from] item: Flame Orb
|turn|3
|
|-terastallize|p1a: Torkoal|Water
|move|p2a: Ursaluna|Earthquake|p1a: Torkoal
|-damage|p1a: Torkoal|25/100
|move|p1a: Torkoal|Body Press|p2a: Ursaluna
|-supereffective|p2a: Ursaluna
|-damage|p2a: Ursaluna|61/100 brn
|
|-weather|SunnyDay|[upkeep]
|-heal|p2a: Ursaluna|67/100 brn|[from] Grassy Terrain
|-heal|p1a: Torkoal|31/100|[from] Grassy Terrain
|-damage|p2a: Ursaluna|61/100 brn|[from] brn
|turn|4
|
|switch|p1a: Hatterene|Hatterene, F|100/100
|move|p2a: Ursaluna|Facade|p1a: Hatterene
|-damage|p1a: Hatterene|0 fnt
|faint|p1a: Hatterene
|
|-weather|SunnyDay|[upkeep]
|-heal|p2a: Ursaluna|67/100 brn|[from] Grassy Terrain
|-damage|p2a: Ursaluna|61/100 brn|[from] brn
|
|switch|p1a: Amoonguss|Amoonguss, F|100/100
|turn|5
|
|move|p2a: Ursaluna|Facade|p1a: Amoonguss
|-crit|p1a: Amoonguss
|-damage|p1a: Amoonguss|0 fnt
|faint|p1a: Amoonguss
|
|-weather|SunnyDay|[upkeep]
|-heal|p2a: Ursaluna|67/100 brn|[from] Grassy Terrain
|-damage|p2a: Ursaluna|61/100 brn|[from] brn
|-fieldend|move: Grassy Terrain
|
|switch|p1a: Typhlosion|Typhlosion, M|100/100
|turn|6
|
|move|p1a: Typhlosion|Eruption|p2a: Ursaluna
|-damage|p2a: Ursaluna|0 fnt
|faint|p2a: Ursaluna
|
|-weather|SunnyDay|[upkeep]
|
|switch|p2a: Sneasler|Sneasler, M|100/100
|-damage|p2a: Sneasler|95/100|[from] Stealth Rock
|turn|7
|
|move|p1a: Typhlosion|Eruption|p2a: Sneasler
|-damage|p2a: Sneasler|0 fnt
|faint|p2a: Sneasler
|
|-weather|SunnyDay|[upkeep]
|
|switch|p2a: Hatterene|Hatterene, F|100/100
|-damage|p2a: Hatterene|88/100|[from] Stealth Rock
|turn|8
|
|-terastallize|p2a: Hatterene|Water
|move|p1a: Typhlosion|Eruption|p2a: Hatterene
|-resisted|p2a: Hatterene
|-damage|p2a: Hatterene|33/100
|-enditem|p2a: Hatterene|Eject Button
|
|switch|p2a: Tornadus|Tornadus-Therian, M|100/100
|-damage|p2a: Tornadus|76/100|[from] Stealth Rock
|
|-weather|none
|turn|9
|
|switch|p1a: Torkoal|Torkoal, M, tera:Water|31/100
|-weather|SunnyDay|[from] ability: Drought|[of] p1a: Torkoal
|move|p2a: Tornadus|Bleakwind Storm|p1a: Torkoal
|-damage|p1a: Torkoal|0 fnt
|faint|p1a: Torkoal
|
|-weather|SunnyDay|[upkeep]
|
|switch|p1a: Typhlosion|Typhlosion, M|100/100
|turn|10
|
|move|p1a: Typhlosion|Eruption|p2a: Tornadus
|-damage|p2a: Tornadus|2/100
|move|p2a: Tornadus|Bleakwind Storm|p1a: Typhlosion
|-damage|p1a: Typhlosion|56/100
|
|-weather|SunnyDay|[upkeep]
|turn|11
|
|switch|p2a: Hatterene|Hatterene, F, tera:Water|33/100
|-damage|p2a: Hatterene|21/100|[from] Stealth Rock
|move|p1a: Typhlosion|Eruption|p2a: Hatterene
|-resisted|p2a: Hatterene
|-damage|p2a: Hatterene|0 fnt
|faint|p2a: Hatterene
|
|-weather|SunnyDay|[upkeep]
|
|switch|p2a: Tornadus|Tornadus-Therian, M|36/100
|-damage|p2a: Tornadus|11/100|[from] Stealth Rock
|turn|12
|
|move|p1a: Typhlosion|Eruption|p2a: Tornadus
|-damage|p2a: Tornadus|0 fnt
|faint|p2a: Tornadus
|
|-weather|SunnyDay|[upkeep]
|
|switch|p2a: Lilligant|Lilligant-Hisui, F|100/100
|-damage|p2a: Lilligant|94/100|[from] Stealth Rock
|turn|13
|
|switch|p1a: Ceruledge|Ceruledge, M|100/100
|move|p2a: Lilligant|Sleep Powder|p1a: Ceruledge
|-status|p1a: Ceruledge|slp|[from] move: Sleep Powder
|
|-weather|none
|turn|14
|
|move|p2a: Lilligant|Victory Dance|p2a: Lilligant
|-boost|p2a: Lilligant|atk|1
|-boost|p2a: Lilligant|def|1
|-boost|p2a: Lilligant|spe|1
|cant|p1a: Ceruledge|slp
|
|turn|15
|
|move|p2a: Lilligant|Victory Dance|p2a: Lilligant
|-boost|p2a: Lilligant|atk|1
|-boost|p2a: Lilligant|def|1
|-boost|p2a: Lilligant|spe|1
|cant|p1a: Ceruledge|slp
|
|turn|16
|
|move|p2a: Lilligant|Victory Dance|p2a: Lilligant
|-boost|p2a: Lilligant|atk|1
|-boost|p2a: Lilligant|def|1
|-boost|p2a: Lilligant|spe|1
|cant|p1a: Ceruledge|slp
|
|turn|17
|
|move|p2a: Lilligant|Leaf Blade|p1a: Ceruledge|[miss]
|-miss|p2a: Lilligant|p1a: Ceruledge
|-curestatus|p1a: Ceruledge|slp|[msg]
|move|p1a: Ceruledge|Swords Dance|p1a: Ceruledge
|-boost|p1a: Ceruledge|atk|2
|
|turn|18
|
|move|p2a: Lilligant|Leaf Blade|p1a: Ceruledge|[miss]
|-miss|p2a: Lilligant|p1a: Ceruledge
|move|p1a: Ceruledge|Swords Dance|p1a: Ceruledge
|-boost|p1a: Ceruledge|atk|2
|
|turn|19
|
|move|p2a: Lilligant|Leaf Blade|p1a: Ceruledge|[miss]
|-miss|p2a: Lilligant|p1a: Ceruledge
|move|p1a: Ceruledge|Swords Dance|p1a: Ceruledge
|-boost|p1a: Ceruledge|atk|2
|
|turn|20
|
|move|p2a: Lilligant|Leaf Blade|p1a: Ceruledge
|-resisted|p1a: Ceruledge
|-enditem|p1a: Ceruledge|Focus Sash
|-damage|p1a: Ceruledge|1/100
|-ability|p1a: Ceruledge|Weak Armor|boost
|-unboost|p1a: Ceruledge|def|1
|-boost|p1a: Ceruledge|spe|2
|move|p1a: Ceruledge|Swords Dance|p1a: Ceruledge
|-boost|p1a: Ceruledge|atk|0
|
|turn|21
|
|move|p2a: Lilligant|Leaf Blade|p1a: Ceruledge
|-resisted|p1a: Ceruledge
|-damage|p1a: Ceruledge|0 fnt
|faint|p1a: Ceruledge
|
|
|switch|p1a: Roaring Moon|Roaring Moon|100/100
|turn|22
|
|move|p2a: Lilligant|Sleep Powder|p1a: Roaring Moon|[miss]
|-miss|p2a: Lilligant|p1a: Roaring Moon
|move|p1a: Roaring Moon|Outrage|p2a: Lilligant
|-damage|p2a: Lilligant|39/100
|
|turn|23
|
|move|p2a: Lilligant|Close Combat|p1a: Roaring Moon
|-supereffective|p1a: Roaring Moon
|-damage|p1a: Roaring Moon|0 fnt
|-unboost|p2a: Lilligant|def|1
|-unboost|p2a: Lilligant|spd|1
|faint|p1a: Roaring Moon
|-end|p1a: Roaring Moon|Protosynthesis|[silent]
|
|
|switch|p1a: Typhlosion|Typhlosion, M|56/100
|turn|24
|
|move|p2a: Lilligant|Leaf Blade|p1a: Typhlosion
|-resisted|p1a: Typhlosion
|-crit|p1a: Typhlosion
|-damage|p1a: Typhlosion|0 fnt
|faint|p1a: Typhlosion
|
|win|p2
