# advantage = p2
|poke|p1|Urshifu-*, M|
|poke|p1|Arcanine-Hisui, M|
|poke|p1|Sandy Shocks|
|poke|p1|Dragonite, F|
|poke|p1|Baxcalibur, M|
|poke|p1|Enamorus, F|
|poke|p2|Pelipper, M|
|poke|p2|Basculegion, M|
|poke|p2|Overqwil, M|
|poke|p2|Zapdos|
|poke|p2|Samurott-Hisui, F|
|poke|p2|Clodsire, M|
|teampreview
|
|start
|switch|p1a: Sandy Shocks|Sandy Shocks|100/100
|switch|p2a: Zapdos|Zapdos|100/100
|-enditem|p1a: Sandy Shocks|Booster Energy
|-activate|p1a: Sandy Shocks|ability: Protosynthesis|[fromitem]
|-start|p1a: Sandy Shocks|protosynthesisspe
|turn|1
|
|switch|p2a: Clodsire|Clodsire, M|100/100
|move|p1a: Sandy Shocks|Stealth Rock|p2a: Clodsire
|-sidestart|p2: p2|move: Stealth Rock
|
|turn|2
|
|-end|p1a: Sandy Shocks|Protosynthesis|[silent]
|switch|p1a: Urshifu|Urshifu-Rapid-Strike, M|100/100
|move|p2a: Clodsire|Stealth Rock|p1a: Urshifu
|-sidestart|p1: p1|move: Stealth Rock
|
|turn|3
|
|move|p1a: Urshifu|Surging Strikes|p2a: Clodsire
|-immune|p2a: Clodsire|[from] ability: Water Absorb
|move|p2a: Clodsire|Stealth Rock||[still]
|-fail|p2a: Clodsire
|
|turn|4
|
|move|p1a: Urshifu|Bulk Up|p1a: Urshifu
|-boost|p1a: Urshifu|atk|1
|-boost|p1a: Urshifu|def|1
|move|p2a: Clodsire|Toxic|p1a: Urshifu
|-status|p1a: Urshifu|tox
|
|-damage|p1a: Urshifu|94/100 tox|[from] psn
|turn|5
|n|‽p2|thepandapg
|
|move|p1a: Urshifu|Trailblaze|p2a: Clodsire
|-damage|p2a: Clodsire|68/100
|-boost|p1a: Urshifu|spe|1
|move|p2a: Clodsire|Earthquake|p1a: Urshifu
|-damage|p1a: Urshifu|76/100 tox
|
|-heal|p1a: Urshifu|82/100 tox|[from] item: Leftovers
|-heal|p2a: Clodsire|74/100|[from] item: Leftovers
|-damage|p1a: Urshifu|70/100 tox|[from] psn
|turn|6
|n|☆p2|thepandapg
|
|move|p1a: Urshifu|Trailblaze|p2a: Clodsire
|-damage|p2a: Clodsire|43/100
|-boost|p1a: Urshifu|spe|1
|move|p2a: Clodsire|Recover|p2a: Clodsire
|-heal|p2a: Clodsire|93/100
|
|-heal|p1a: Urshifu|76/100 tox|[from] item: Leftovers
|-heal|p2a: Clodsire|99/100|[from] item: Leftovers
|-damage|p1a: Urshifu|58/100 tox|[from] psn
|turn|7
|
|move|p1a: Urshifu|Bulk Up|p1a: Urshifu
|-boost|p1a: Urshifu|atk|1
|-boost|p1a: Urshifu|def|1
|move|p2a: Clodsire|Earthquake|p1a: Urshifu
|-damage|p1a: Urshifu|44/100 tox
|
|-heal|p1a: Urshifu|50/100 tox|[from] item: Leftovers
|-heal|p2a: Clodsire|100/100|[from] item: Leftovers
|-damage|p1a: Urshifu|26/100 tox|[from] psn
|turn|8
|
|move|p1a: Urshifu|Trailblaze|p2a: Clodsire
|-crit|p2a: Clodsire
|-damage|p2a: Clodsire|40/100
|-boost|p1a: Urshifu|spe|1
|move|p2a: Clodsire|Earthquake|p1a: Urshifu
|-damage|p1a: Urshifu|12/100 tox
|
|-heal|p1a: Urshifu|18/100 tox|[from] item: Leftovers
|-heal|p2a: Clodsire|47/100|[from] item: Leftovers
|-damage|p1a: Urshifu|0 fnt|[from] psn
|faint|p1a: Urshifu
|
|switch|p1a: Baxcalibur|Baxcalibur, M|100/100
|-damage|p1a: Baxcalibur|76/100|[from] Stealth Rock
|turn|9
|
|move|p1a: Baxcalibur|Icicle Spear|p2a: Clodsire
|-supereffective|p2a: Clodsire
|-damage|p2a: Clodsire|14/100
|-supereffective|p2a: Clodsire
|-damage|p2a: Clodsire|0 fnt
|faint|p2a: Clodsire
|-hitcount|p2: Clodsire|2
|
|
|switch|p2a: Pelipper|Pelipper, M|100/100
|-damage|p2a: Pelipper|76/100|[from] Stealth Rock
|-weather|RainDance|[from] ability: Drizzle|[of] p2a: Pelipper
|turn|10
|
|move|p1a: Baxcalibur|Dragon Dance|p1a: Baxcalibur
|-boost|p1a: Baxcalibur|atk|1
|-boost|p1a: Baxcalibur|spe|1
|move|p2a: Pelipper|U-turn|p1a: Baxcalibur
|-damage|p1a: Baxcalibur|67/100
|
|switch|p2a: Overqwil|Overqwil, M|100/100|[from] U-turn
|-damage|p2a: Overqwil|88/100|[from] Stealth Rock
|
|-weather|RainDance|[upkeep]
|-heal|p2a: Overqwil|94/100|[from] item: Leftovers
|turn|11
|
|move|p2a: Overqwil|Destiny Bond|p2a: Overqwil
|-singlemove|p2a: Overqwil|Destiny Bond
|move|p1a: Baxcalibur|Earthquake|p2a: Overqwil
|-supereffective|p2a: Overqwil
|-damage|p2a: Overqwil|0 fnt
|faint|p2a: Overqwil
|-activate|p2a: Overqwil|move: Destiny Bond
|faint|p1a: Baxcalibur
|
|-weather|RainDance|[upkeep]
|
|switch|p2a: Zapdos|Zapdos|100/100
|switch|p1a: Sandy Shocks|Sandy Shocks|100/100
|-damage|p1a: Sandy Shocks|94/100|[from] Stealth Rock
|turn|12
|
|move|p1a: Sandy Shocks|Thunderbolt|p2a: Zapdos
|-damage|p2a: Zapdos|57/100
|move|p2a: Zapdos|Thunder|p1a: Sandy Shocks
|-immune|p1a: Sandy Shocks
|
|-weather|RainDance|[upkeep]
|turn|13
|
|move|p1a: Sandy Shocks|Thunderbolt|p2a: Zapdos
|-damage|p2a: Zapdos|15/100
|move|p2a: Zapdos|Roost|p2a: Zapdos
|-heal|p2a: Zapdos|66/100
|-singleturn|p2a: Zapdos|move: Roost
|
|-weather|RainDance|[upkeep]
|turn|14
|
|switch|p2a: Basculegion|Basculegion, M|100/100
|-damage|p2a: Basculegion|88/100|[from] Stealth Rock
|move|p1a: Sandy Shocks|Thunderbolt|p2a: Basculegion
|-supereffective|p2a: Basculegion
|-crit|p2a: Basculegion
|-damage|p2a: Basculegion|0 fnt
|faint|p2a: Basculegion
|
|-weather|RainDance|[upkeep]
|
|switch|p2a: Samurott|Samurott-Hisui, F|100/100
|-damage|p2a: Samurott|88/100|[from] Stealth Rock
|turn|15
|
|-end|p1a: Sandy Shocks|Protosynthesis|[silent]
|switch|p1a: Dragonite|Dragonite, F|100/100
|move|p2a: Samurott|Aqua Cutter|p1a: Dragonite
|-resisted|p1a: Dragonite
|-damage|p1a: Dragonite|73/100
|-damage|p2a: Samurott|78/100|[from] item: Life Orb
|
|-weather|RainDance|[upkeep]
|turn|16
|
|move|p1a: Dragonite|Extreme Speed|p2a: Samurott
|-damage|p2a: Samurott|38/100
|move|p2a: Samurott|Ceaseless Edge|p1a: Dragonite|[miss]
|-miss|p2a: Samurott|p1a: Dragonite
|
|-weather|RainDance|[upkeep]
|turn|17
|
|move|p2a: Samurott|Ceaseless Edge|p1a: Dragonite
|-damage|p1a: Dragonite|13/100
|-sidestart|p1: p1|Spikes
|-damage|p2a: Samurott|28/100|[from] item: Life Orb
|move|p1a: Dragonite|Dragon Dance|p1a: Dragonite
|-boost|p1a: Dragonite|atk|1
|-boost|p1a: Dragonite|spe|1
|
|-weather|none
|turn|18
|
|move|p1a: Dragonite|Extreme Speed|p2a: Samurott
|-damage|p2a: Samurott|0 fnt
|faint|p2a: Samurott
|
|-message|p2 forfeited.
|
|win|p1
