# advantage = p1
|poke|p1|Azelf|
|poke|p1|Moltres-Galar|
|poke|p1|Urshifu-*, M|
|poke|p1|Magearna|
|poke|p1|Roaring Moon|
|poke|p1|Kingambit, M|
|poke|p2|Urshifu-*, M|
|poke|p2|Kleavor, M|
|poke|p2|Chien-Pao|
|poke|p2|Rotom-Wash|
|poke|p2|Dragonite, M|
|poke|p2|Dragapult, M|
|teampreview
|
|start
|switch|p1a: Azelf|Azelf, shiny|100/100
|switch|p2a: Croisade|Kleavor, M|100/100
|turn|1
|
|move|p1a: Azelf|Reflect|p1a: Azelf
|-sidestart|p1: p1|Reflect
|move|p2a: Croisade|Stone Axe|p1a: Azelf
|-damage|p1a: Azelf|68/100
|-sidestart|p1: p1|move: Stealth Rock
|
|turn|2
|
|move|p1a: Azelf|Stealth Rock|p2a: Croisade
|-sidestart|p2: p2|move: Stealth Rock
|move|p2a: Croisade|X-Scissor|p1a: Azelf
|-supereffective|p1a: Azelf
|-damage|p1a: Azelf|0 fnt
|faint|p1a: Azelf
|
|
|switch|p1a: Magearna|Magearna|100/100
|-damage|p1a: Magearna|94/100|[from] Stealth Rock
|turn|3
|
|move|p2a: Croisade|U-turn|p1a: Magearna
|-resisted|p1a: Magearna
|-damage|p1a: Magearna|91/100
|
|switch|p2a: Bad Boy|Dragapult, M|100/100|[from] U-turn
|-damage|p2a: Bad Boy|88/100|[from] Stealth Rock
|move|p1a: Magearna|Shift Gear|p1a: Magearna
|-boost|p1a: Magearna|spe|2
|-boost|p1a: Magearna|atk|1
|
|-heal|p1a: Magearna|97/100|[from] item: Leftovers
|turn|4
|
|move|p2a: Bad Boy|Fire Blast|p1a: Magearna
|-supereffective|p1a: Magearna
|-damage|p1a: Magearna|26/100
|-damage|p2a: Bad Boy|78/100|[from] item: Life Orb
|move|p1a: Magearna|Calm Mind|p1a: Magearna
|-boost|p1a: Magearna|spa|1
|-boost|p1a: Magearna|spd|1
|
|-heal|p1a: Magearna|32/100|[from] item: Leftovers
|turn|5
|
|-terastallize|p1a: Magearna|Water
|move|p2a: Bad Boy|Fire Blast|p1a: Magearna
|-resisted|p1a: Magearna
|-damage|p1a: Magearna|20/100
|-damage|p2a: Bad Boy|69/100|[from] item: Life Orb
|move|p1a: Magearna|Draining Kiss|p2a: Bad Boy
|-supereffective|p2a: Bad Boy
|-damage|p2a: Bad Boy|0 fnt
|-heal|p1a: Magearna|65/100|[from] drain|[of] p2a: Bad Boy
|faint|p2a: Bad Boy
|-ability|p1a: Magearna|Soul-Heart|boost
|-boost|p1a: Magearna|spa|1
|
|-heal|p1a: Magearna|71/100|[from] item: Leftovers
|
|switch|p2a: Darty|Rotom-Wash, shiny|100/100
|-damage|p2a: Darty|88/100|[from] Stealth Rock
|turn|6
|
|move|p1a: Magearna|Calm Mind|p1a: Magearna
|-boost|p1a: Magearna|spa|1
|-boost|p1a: Magearna|spd|1
|move|p2a: Darty|Thunder Wave|p1a: Magearna
|-status|p1a: Magearna|par
|
|-heal|p2a: Darty|94/100|[from] item: Leftovers
|-heal|p1a: Magearna|77/100 par|[from] item: Leftovers
|turn|7
|
|move|p2a: Darty|Protect|p2a: Darty
|-singleturn|p2a: Darty|Protect
|move|p1a: Magearna|Shift Gear|p1a: Magearna
|-boost|p1a: Magearna|spe|2
|-boost|p1a: Magearna|atk|1
|
|-heal|p1a: Magearna|83/100 par|[from] item: Leftovers
|-heal|p2a: Darty|100/100|[from] item: Leftovers
|turn|8
|
|move|p1a: Magearna|Stored Power|p2a: Darty
|-damage|p2a: Darty|0 fnt
|faint|p2a: Darty
|-ability|p1a: Magearna|Soul-Heart|boost
|-boost|p1a: Magearna|spa|1
|
|-heal|p1a: Magearna|89/100 par|[from] item: Leftovers
|-sideend|p1: p1|Reflect
|
|switch|p2a: Minou|Chien-Pao|100/100
|-damage|p2a: Minou|76/100|[from] Stealth Rock
|-ability|p2a: Minou|Sword of Ruin
|turn|9
|
|move|p2a: Minou|Crunch|p1a: Magearna
|-damage|p1a: Magearna|38/100 par
|move|p1a: Magearna|Draining Kiss|p2a: Minou
|-supereffective|p2a: Minou
|-damage|p2a: Minou|0 fnt
|-heal|p1a: Magearna|85/100 par|[from] drain|[of] p2a: Minou
|faint|p2a: Minou
|-ability|p1a: Magearna|Soul-Heart|boost
|-boost|p1a: Magearna|spa|1
|
|-heal|p1a: Magearna|91/100 par|[from] item: Leftovers
|-message|p2 forfeited.
|
|win|p1
