|poke|p1|Meowscarada, M|
|poke|p1|Chien-Pao|
|poke|p1|Basculegion-F, F|
|poke|p1|Corviknight, F|
|poke|p1|Gholdengo|
|poke|p1|Zamazenta-*|
|poke|p2|Sneasler, M|
|poke|p2|Landorus-Therian, M|
|poke|p2|Lokix, F|
|poke|p2|Gholdengo|
|poke|p2|Samurott-Hisui, M|
|poke|p2|Scream Tail|
|teampreview
|
|start
|switch|p1a: Meowscarada|Meowscarada, M|100/100
|switch|p2a: Sneasler|Sneasler, M|100/100
|turn|1
|
|switch|p1a: Corviknight|Corviknight, F|100/100
|-ability|p1a: Corviknight|Pressure
|move|p2a: Sneasler|Fake Out|p1a: Corviknight
|-resisted|p1a: Corviknight
|-damage|p1a: Corviknight|96/100
|-damage|p2a: Sneasler|84/100|[from] item: Rocky Helmet|[of] p1a: Corviknight
|
|turn|2
|
|switch|p2a: Scream Tail|Scream Tail|100/100
|move|p1a: Corviknight|U-turn|p2a: Scream Tail
|-damage|p2a: Scream Tail|88/100
|
|switch|p1a: Basculegion|Basculegion-F, F|100/100|[from] U-turn
|
|turn|3
|
|switch|p1a: Meowscarada|Meowscarada, M|100/100
|move|p2a: Scream Tail|Protect||[still]
|-fail|p2a: Scream Tail
|
|turn|4
|
|-end|p2a: Scream Tail|Protosynthesis|[silent]
|switch|p2a: Lokix|Lokix, F|100/100
|move|p1a: Meowscarada|Knock Off|p2a: Lokix
|-resisted|p2a: Lokix
|-damage|p2a: Lokix|68/100
|-enditem|p2a: Lokix|Heavy-Duty Boots|[from] move: Knock Off|[of] p1a: Meowscarada
|
|turn|5
|
|switch|p1a: Corviknight|Corviknight, F|96/100
|-ability|p1a: Corviknight|Pressure
|move|p2a: Lokix|U-turn|p1a: Corviknight
|-resisted|p1a: Corviknight
|-damage|p1a: Corviknight|87/100
|-damage|p2a: Lokix|51/100|[from] item: Rocky Helmet|[of] p1a: Corviknight
|
|switch|p2a: Gholdengo|Gholdengo|100/100|[from] U-turn
|-item|p2a: Gholdengo|Air Balloon
|
|turn|6
|
|move|p2a: Gholdengo|Thunder Wave|p1a: Corviknight
|-status|p1a: Corviknight|par
|cant|p1a: Corviknight|par
|
|turn|7
|
|move|p2a: Gholdengo|Hex|p1a: Corviknight
|-damage|p1a: Corviknight|33/100 par
|move|p1a: Corviknight|U-turn|p2a: Gholdengo
|-resisted|p2a: Gholdengo
|-damage|p2a: Gholdengo|97/100
|-enditem|p2a: Gholdengo|Air Balloon
|
|switch|p1a: Meowscarada|Meowscarada, M|100/100|[from] U-turn
|
|turn|8
|
|switch|p2a: Lokix|Lokix, F|51/100
|move|p1a: Meowscarada|Knock Off|p2a: Lokix
|-resisted|p2a: Lokix
|-crit|p2a: Lokix
|-damage|p2a: Lokix|20/100
|
|turn|9
|
|switch|p1a: Corviknight|Corviknight, F|33/100 par
|-ability|p1a: Corviknight|Pressure
|move|p2a: Lokix|First Impression|p1a: Corviknight
|-resisted|p1a: Corviknight
|-damage|p1a: Corviknight|21/100 par
|-damage|p2a: Lokix|4/100|[from] item: Rocky Helmet|[of] p1a: Corviknight
|
|turn|10
|
|switch|p2a: Gholdengo|Gholdengo|97/100
|move|p1a: Corviknight|Roost|p1a: Corviknight
|-heal|p1a: Corviknight|71/100 par
|-singleturn|p1a: Corviknight|move: Roost
|
|turn|11
|
|switch|p1a: Chien-Pao|Chien-Pao|100/100
|-ability|p1a: Chien-Pao|Sword of Ruin
|move|p2a: Gholdengo|Hex|p1a: Chien-Pao
|-resisted|p1a: Chien-Pao
|-damage|p1a: Chien-Pao|77/100
|
|turn|12
|
|switch|p2a: Landorus|Landorus-Therian, M|100/100
|-ability|p2a: Landorus|Intimidate|boost
|-unboost|p1a: Chien-Pao|atk|1
|-terastallize|p1a: Chien-Pao|Dark
|move|p1a: Chien-Pao|Crunch|p2a: Landorus
|-damage|p2a: Landorus|45/100
|-unboost|p2a: Landorus|def|1
|
|-heal|p2a: Landorus|51/100|[from] item: Leftovers
|turn|13
|
|move|p2a: Landorus|Protect|p2a: Landorus
|-singleturn|p2a: Landorus|Protect
|move|p1a: Chien-Pao|Crunch|p2a: Landorus
|-activate|p2a: Landorus|move: Protect
|
|-heal|p2a: Landorus|57/100|[from] item: Leftovers
|turn|14
|
|switch|p2a: Scream Tail|Scream Tail|88/100
|move|p1a: Chien-Pao|Crunch|p2a: Scream Tail
|-damage|p2a: Scream Tail|33/100
|
|turn|15
|
|move|p2a: Scream Tail|Protect|p2a: Scream Tail
|-singleturn|p2a: Scream Tail|Protect
|move|p1a: Chien-Pao|Crunch|p2a: Scream Tail
|-activate|p2a: Scream Tail|move: Protect
|
|turn|16
|
|move|p1a: Chien-Pao|Crunch|p2a: Scream Tail
|-damage|p2a: Scream Tail|0 fnt
|faint|p2a: Scream Tail
|-end|p2a: Scream Tail|Protosynthesis|[silent]
|
|
|switch|p2a: Sneasler|Sneasler, M|84/100
|turn|17
|
|switch|p1a: Corviknight|Corviknight, F|71/100 par
|-ability|p1a: Corviknight|Pressure
|move|p2a: Sneasler|U-turn|p1a: Corviknight
|-resisted|p1a: Corviknight
|-damage|p1a: Corviknight|67/100 par
|-damage|p2a: Sneasler|67/100|[from] item: Rocky Helmet|[of] p1a: Corviknight
|
|switch|p2a: Samurott|Samurott-Hisui, M|100/100|[from] U-turn
|
|turn|18
|
|move|p2a: Samurott|Ceaseless Edge|p1a: Corviknight
|-damage|p1a: Corviknight|41/100 par
|-sidestart|p1: GohanMG|Spikes
|-damage|p2a: Samurott|84/100|[from] item: Rocky Helmet|[of] p1a: Corviknight
|cant|p1a: Corviknight|par
|
|turn|19
|
|switch|p2a: Gholdengo|Gholdengo|97/100
|move|p1a: Corviknight|Roost|p1a: Corviknight
|-heal|p1a: Corviknight|91/100 par
|-singleturn|p1a: Corviknight|move: Roost
|
|turn|20
|
|move|p2a: Gholdengo|Thunder Wave|p1a: Corviknight
|-fail|p1a: Corviknight|par
|move|p1a: Corviknight|U-turn|p2a: Gholdengo
|-resisted|p2a: Gholdengo
|-damage|p2a: Gholdengo|94/100
|
|switch|p1a: Chien-Pao|Chien-Pao, tera:Dark|77/100|[from] U-turn
|-damage|p1a: Chien-Pao|65/100|[from] Spikes
|-ability|p1a: Chien-Pao|Sword of Ruin
|
|turn|21
|
|switch|p2a: Lokix|Lokix, F|4/100
|move|p1a: Chien-Pao|Crunch|p2a: Lokix
|-resisted|p2a: Lokix
|-damage|p2a: Lokix|0 fnt
|faint|p2a: Lokix
|
|
|switch|p2a: Landorus|Landorus-Therian, M|57/100
|-ability|p2a: Landorus|Intimidate|boost
|-unboost|p1a: Chien-Pao|atk|1
|turn|22
|
|switch|p1a: Corviknight|Corviknight, F|91/100 par
|-ability|p1a: Corviknight|Pressure
|move|p2a: Landorus|Stealth Rock|p1a: Corviknight
|-sidestart|p1: GohanMG|move: Stealth Rock
|
|-heal|p2a: Landorus|63/100|[from] item: Leftovers
|turn|23
|
|switch|p2a: Gholdengo|Gholdengo|94/100
|cant|p1a: Corviknight|par
|
|turn|24
|
|move|p2a: Gholdengo|Hex|p1a: Corviknight
|-crit|p1a: Corviknight
|-damage|p1a: Corviknight|9/100 par
|cant|p1a: Corviknight|par
|
|turn|25
|
|move|p2a: Gholdengo|Hex|p1a: Corviknight
|-damage|p1a: Corviknight|0 fnt
|faint|p1a: Corviknight
|
|
|switch|p1a: Chien-Pao|Chien-Pao, tera:Dark|65/100
|-damage|p1a: Chien-Pao|52/100|[from] Spikes
|-damage|p1a: Chien-Pao|40/100|[from] Stealth Rock
|-ability|p1a: Chien-Pao|Sword of Ruin
|turn|26
|
|switch|p2a: Sneasler|Sneasler, M|67/100
|move|p1a: Chien-Pao|Crunch|p2a: Sneasler
|-resisted|p2a: Sneasler
|-damage|p2a: Sneasler|0 fnt
|faint|p2a: Sneasler
|
|
|switch|p2a: Samurott|Samurott-Hisui, M|84/100
|turn|27
|
|move|p1a: Chien-Pao|Crunch|p2a: Samurott
|-resisted|p2a: Samurott
|-crit|p2a: Samurott
|-damage|p2a: Samurott|0 fnt
|faint|p2a: Samurott
|
|
|switch|p2a: Landorus|Landorus-Therian, M|63/100
|-ability|p2a: Landorus|Intimidate|boost
|-unboost|p1a: Chien-Pao|atk|1
|turn|28
|
|switch|p1a: Zamazenta|Zamazenta|100/100
|-damage|p1a: Zamazenta|88/100|[from] Spikes
|-damage|p1a: Zamazenta|82/100|[from] Stealth Rock
|-ability|p1a: Zamazenta|Dauntless Shield|boost
|-boost|p1a: Zamazenta|def|1
|move|p2a: Landorus|Protect||[still]
|-fail|p2a: Landorus
|
|-heal|p1a: Zamazenta|88/100|[from] item: Leftovers
|-heal|p2a: Landorus|70/100|[from] item: Leftovers
|turn|29
|
|move|p1a: Zamazenta|Iron Defense|p1a: Zamazenta
|-boost|p1a: Zamazenta|def|2
|move|p2a: Landorus|U-turn|p1a: Zamazenta
|-resisted|p1a: Zamazenta
|-damage|p1a: Zamazenta|84/100
|
|switch|p2a: Gholdengo|Gholdengo|94/100|[from] U-turn
|
|-heal|p1a: Zamazenta|91/100|[from] item: Leftovers
|turn|30
|
|switch|p2a: Landorus|Landorus-Therian, M|70/100
|-ability|p2a: Landorus|Intimidate|boost
|-unboost|p1a: Zamazenta|atk|1
|move|p1a: Zamazenta|Crunch|p2a: Landorus
|-damage|p2a: Landorus|57/100
|-unboost|p2a: Landorus|def|1
|
|-heal|p1a: Zamazenta|97/100|[from] item: Leftovers
|-heal|p2a: Landorus|63/100|[from] item: Leftovers
|turn|31
|
|switch|p2a: Gholdengo|Gholdengo|94/100
|move|p1a: Zamazenta|Iron Defense|p1a: Zamazenta
|-boost|p1a: Zamazenta|def|2
|
|-heal|p1a: Zamazenta|100/100|[from] item: Leftovers
|turn|32
|
|move|p1a: Zamazenta|Body Press|p2a: Gholdengo
|-immune|p2a: Gholdengo
|move|p2a: Gholdengo|Thunder Wave|p1a: Zamazenta
|-status|p1a: Zamazenta|par
|
|turn|33
|
|move|p2a: Gholdengo|Hex|p1a: Zamazenta
|-damage|p1a: Zamazenta|52/100 par
|move|p1a: Zamazenta|Substitute|p1a: Zamazenta
|-start|p1a: Zamazenta|Substitute
|-damage|p1a: Zamazenta|27/100 par
|
|-heal|p1a: Zamazenta|33/100 par|[from] item: Leftovers
|turn|34
|
|move|p2a: Gholdengo|Hex|p1a: Zamazenta
|-end|p1a: Zamazenta|Substitute
|move|p1a: Zamazenta|Crunch|p2a: Gholdengo
|-supereffective|p2a: Gholdengo
|-damage|p2a: Gholdengo|64/100
|
|-heal|p1a: Zamazenta|39/100 par|[from] item: Leftovers
|turn|35
|
|switch|p1a: Gholdengo|Gholdengo|100/100
|-damage|p1a: Gholdengo|88/100|[from] Spikes
|-damage|p1a: Gholdengo|82/100|[from] Stealth Rock
|move|p2a: Gholdengo|Recover|p2a: Gholdengo
|-heal|p2a: Gholdengo|100/100
|
|turn|36
|
|move|p1a: Gholdengo|Shadow Ball|p2a: Gholdengo
|-supereffective|p2a: Gholdengo
|-damage|p2a: Gholdengo|43/100
|move|p2a: Gholdengo|Hex|p1a: Gholdengo
|-supereffective|p1a: Gholdengo
|-damage|p1a: Gholdengo|15/100
|
|turn|37
|
|-terastallize|p2a: Gholdengo|Dark
|move|p1a: Gholdengo|Shadow Ball|p2a: Gholdengo
|-resisted|p2a: Gholdengo
|-damage|p2a: Gholdengo|27/100
|-unboost|p2a: Gholdengo|spd|1
|move|p2a: Gholdengo|Recover|p2a: Gholdengo
|-heal|p2a: Gholdengo|77/100
|
|turn|38
|
|switch|p2a: Landorus|Landorus-Therian, M|63/100
|-ability|p2a: Landorus|Intimidate|boost
|-unboost|p1a: Gholdengo|atk|1
|move|p1a: Gholdengo|Shadow Ball|p2a: Landorus
|-damage|p2a: Landorus|13/100
|-unboost|p2a: Landorus|spd|1
|
|-heal|p2a: Landorus|19/100|[from] item: Leftovers
|turn|39
|
|move|p2a: Landorus|Protect|p2a: Landorus
|-singleturn|p2a: Landorus|Protect
|move|p1a: Gholdengo|Shadow Ball|p2a: Landorus
|-activate|p2a: Landorus|move: Protect
|
|-heal|p2a: Landorus|25/100|[from] item: Leftovers
|turn|40
|
|switch|p1a: Chien-Pao|Chien-Pao, tera:Dark|40/100
|-damage|p1a: Chien-Pao|28/100|[from] Spikes
|-damage|p1a: Chien-Pao|15/100|[from] Stealth Rock
|-ability|p1a: Chien-Pao|Sword of Ruin
|switch|p2a: Gholdengo|Gholdengo, tera:Dark|77/100
|
|turn|41
|
|move|p1a: Chien-Pao|Sacred Sword|p2a: Gholdengo
|-supereffective|p2a: Gholdengo
|-damage|p2a: Gholdengo|0 fnt
|faint|p2a: Gholdengo
|
|
|switch|p2a: Landorus|Landorus-Therian, M|25/100
|-ability|p2a: Landorus|Intimidate|boost
|-unboost|p1a: Chien-Pao|atk|1
|turn|42
|
|move|p2a: Landorus|Protect|p2a: Landorus
|-singleturn|p2a: Landorus|Protect
|move|p1a: Chien-Pao|Sacred Sword|p2a: Landorus
|-activate|p2a: Landorus|move: Protect
|
|-heal|p2a: Landorus|31/100|[from] item: Leftovers
|turn|43
|
|move|p1a: Chien-Pao|Sacred Sword|p2a: Landorus
|-resisted|p2a: Landorus
|-damage|p2a: Landorus|15/100
|move|p2a: Landorus|U-turn|p1a: Chien-Pao
|-supereffective|p1a: Chien-Pao
|-damage|p1a: Chien-Pao|0 fnt
|faint|p1a: Chien-Pao
|
|-heal|p2a: Landorus|21/100|[from] item: Leftovers
|
|switch|p1a: Meowscarada|Meowscarada, M|100/100
|-damage|p1a: Meowscarada|88/100|[from] Spikes
|-damage|p1a: Meowscarada|76/100|[from] Stealth Rock
|turn|44
|
|move|p2a: Landorus|Protect|p2a: Landorus
|-singleturn|p2a: Landorus|Protect
|move|p1a: Meowscarada|Knock Off|p2a: Landorus
|-activate|p2a: Landorus|move: Protect
|
|-heal|p2a: Landorus|28/100|[from] item: Leftovers
|turn|45
|
|move|p2a: Landorus|Protect||[still]
|-fail|p2a: Landorus
|move|p1a: Meowscarada|Knock Off|p2a: Landorus
|-damage|p2a: Landorus|0 fnt
|-enditem|p2a: Landorus|Leftovers|[from] move: Knock Off|[of] p1a: Meowscarada
|faint|p2a: Landorus
|
|win|GohanMG
