|poke|p1|Pelipper, F|
|poke|p1|Basculegion, M|
|poke|p1|Zapdos|
|poke|p1|Samurott-Hisui, M|
|poke|p1|Urshifu-*, M|
|poke|p1|Chien-Pao|
|poke|p2|Scizor, M|
|poke|p2|Garchomp, M|
|poke|p2|Rotom-Wash|
|poke|p2|Meowscarada, F|
|poke|p2|Hydreigon, M|
|poke|p2|Clodsire, F|
|teampreview
|
|start
|switch|p1a: Chien-Pao|Chien-Pao|100/100
|switch|p2a: Rotom|Rotom-Wash|100/100
|-ability|p1a: Chien-Pao|Sword of Ruin
|turn|1
|
|move|p1a: Chien-Pao|Crunch|p2a: Rotom
|-damage|p2a: Rotom|41/100
|move|p2a: Rotom|Will-O-Wisp|p1a: Chien-Pao
|-status|p1a: Chien-Pao|brn
|
|-heal|p2a: Rotom|48/100|[from] item: Leftovers
|-damage|p1a: Chien-Pao|95/100 brn|[from] brn
|turn|2
|
|move|p1a: Chien-Pao|Crunch|p2a: Rotom
|-damage|p2a: Rotom|15/100
|-unboost|p2a: Rotom|def|1
|move|p2a: Rotom|Volt Switch|p1a: Chien-Pao
|-damage|p1a: Chien-Pao|55/100 brn
|
|switch|p2a: Hydreigon|Hydreigon, M|100/100|[from] Volt Switch
|
|-damage|p1a: Chien-Pao|49/100 brn|[from] brn
|turn|3
|
|switch|p1a: Pelipper|Pelipper, F|100/100
|-weather|RainDance|[from] ability: Drizzle|[of] p1a: Pelipper
|move|p2a: Hydreigon|Substitute|p2a: Hydreigon
|-start|p2a: Hydreigon|Substitute
|-damage|p2a: Hydreigon|76/100
|
|-weather|RainDance|[upkeep]
|-heal|p2a: Hydreigon|82/100|[from] item: Leftovers
|turn|4
|
|move|p2a: Hydreigon|Nasty Plot|p2a: Hydreigon
|-boost|p2a: Hydreigon|spa|2
|move|p1a: Pelipper|U-turn|p2a: Hydreigon
|-supereffective|p2a: Hydreigon
|-activate|p2a: Hydreigon|move: Substitute|[damage]
|
|switch|p1a: Chien-Pao|Chien-Pao|49/100 brn|[from] U-turn
|-ability|p1a: Chien-Pao|Sword of Ruin
|
|-weather|RainDance|[upkeep]
|-heal|p2a: Hydreigon|88/100|[from] item: Leftovers
|-damage|p1a: Chien-Pao|43/100 brn|[from] brn
|turn|5
|
|-terastallize|p2a: Hydreigon|Steel
|move|p1a: Chien-Pao|Ice Spinner|p2a: Hydreigon
|-resisted|p2a: Hydreigon
|-end|p2a: Hydreigon|Substitute
|move|p2a: Hydreigon|Dark Pulse|p1a: Chien-Pao
|-resisted|p1a: Chien-Pao
|-damage|p1a: Chien-Pao|0 fnt
|faint|p1a: Chien-Pao
|
|-weather|RainDance|[upkeep]
|-heal|p2a: Hydreigon|94/100|[from] item: Leftovers
|
|switch|p1a: Urshifu|Urshifu-Rapid-Strike, M|100/100
|turn|6
|
|move|p2a: Hydreigon|Earth Power|p1a: Urshifu
|-damage|p1a: Urshifu|13/100
|move|p1a: Urshifu|Close Combat|p2a: Hydreigon
|-supereffective|p2a: Hydreigon
|-damage|p2a: Hydreigon|0 fnt
|-unboost|p1a: Urshifu|def|1
|-unboost|p1a: Urshifu|spd|1
|faint|p2a: Hydreigon
|
|-weather|RainDance|[upkeep]
|-heal|p1a: Urshifu|19/100|[from] item: Leftovers
|
|switch|p2a: Scizor|Scizor, M|100/100
|turn|7
|
|move|p1a: Urshifu|Aqua Jet|p2a: Scizor
|-damage|p2a: Scizor|68/100
|move|p2a: Scizor|U-turn|p1a: Urshifu
|-resisted|p1a: Urshifu
|-damage|p1a: Urshifu|0 fnt
|faint|p1a: Urshifu
|
|switch|p2a: Meowscarada|Meowscarada, F|100/100|[from] U-turn
|
|-weather|RainDance|[upkeep]
|
|switch|p1a: Pelipper|Pelipper, F|100/100
|turn|8
|
|move|p2a: Meowscarada|Knock Off|p1a: Pelipper
|-damage|p1a: Pelipper|74/100
|-enditem|p1a: Pelipper|Damp Rock|[from] move: Knock Off|[of] p2a: Meowscarada
|move|p1a: Pelipper|U-turn|p2a: Meowscarada
|-supereffective|p2a: Meowscarada
|-damage|p2a: Meowscarada|46/100
|
|switch|p1a: Samurott|Samurott-Hisui, M|100/100|[from] U-turn
|
|-weather|RainDance|[upkeep]
|turn|9
|
|move|p1a: Samurott|Ceaseless Edge|p2a: Meowscarada
|-resisted|p2a: Meowscarada
|-damage|p2a: Meowscarada|8/100
|-sidestart|p2: p2|Spikes
|move|p2a: Meowscarada|Leaf Storm|p1a: Samurott
|-supereffective|p1a: Samurott
|-damage|p1a: Samurott|0 fnt
|-unboost|p2a: Meowscarada|spa|2
|faint|p1a: Samurott
|
|-weather|RainDance|[upkeep]
|
|switch|p1a: Pelipper|Pelipper, F|74/100
|turn|10
|
|move|p2a: Meowscarada|Spikes|p1a: Pelipper
|-sidestart|p1: p1|Spikes
|move|p1a: Pelipper|Roost|p1a: Pelipper
|-heal|p1a: Pelipper|100/100
|-singleturn|p1a: Pelipper|move: Roost
|
|-weather|none
|turn|11
|
|move|p2a: Meowscarada|Taunt|p1a: Pelipper
|-start|p1a: Pelipper|move: Taunt
|move|p1a: Pelipper|U-turn|p2a: Meowscarada
|-supereffective|p2a: Meowscarada
|-damage|p2a: Meowscarada|0 fnt
|faint|p2a: Meowscarada
|
|switch|p1a: Zapdos|Zapdos|100/100|[from] U-turn
|
|
|switch|p2a: Garchomp|Garchomp, M|100/100
|-damage|p2a: Garchomp|88/100|[from] Spikes
|turn|12
|
|move|p2a: Garchomp|Stealth Rock|p1a: Zapdos
|-sidestart|p1: p1|move: Stealth Rock
|move|p1a: Zapdos|Hurricane|p2a: Garchomp
|-damage|p2a: Garchomp|11/100
|
|turn|13
|
|move|p2a: Garchomp|Draco Meteor|p1a: Zapdos
|-damage|p1a: Zapdos|38/100
|-unboost|p2a: Garchomp|spa|2
|-damage|p2a: Garchomp|1/100|[from] item: Life Orb
|move|p1a: Zapdos|Hurricane|p2a: Garchomp
|-damage|p2a: Garchomp|0 fnt
|faint|p2a: Garchomp
|
|
|switch|p2a: Scizor|Scizor, M|68/100
|-damage|p2a: Scizor|55/100|[from] Spikes
|turn|14
|
|move|p1a: Zapdos|Volt Switch|p2a: Scizor
|-damage|p2a: Scizor|8/100
|
|switch|p1a: Pelipper|Pelipper, F|100/100|[from] Volt Switch
|-damage|p1a: Pelipper|76/100|[from] Stealth Rock
|-weather|RainDance|[from] ability: Drizzle|[of] p1a: Pelipper
|move|p2a: Scizor|Thief|p1a: Pelipper
|-damage|p1a: Pelipper|37/100
|
|-weather|RainDance|[upkeep]
|turn|15
|
|move|p2a: Scizor|Thief|p1a: Pelipper
|-damage|p1a: Pelipper|0 fnt
|faint|p1a: Pelipper
|
|-weather|RainDance|[upkeep]
|
|switch|p1a: Basculegion|Basculegion, M|100/100
|-damage|p1a: Basculegion|88/100|[from] Spikes
|-damage|p1a: Basculegion|76/100|[from] Stealth Rock
|turn|16
|
|move|p1a: Basculegion|Phantom Force||[still]
|-prepare|p1a: Basculegion|Phantom Force
|move|p2a: Scizor|Thief|p1a: Basculegion|[miss]
|-miss|p2a: Scizor|p1a: Basculegion
|
|-weather|RainDance|[upkeep]
|turn|17
|
|move|p1a: Basculegion|Phantom Force|p2a: Scizor|[from]lockedmove
|-damage|p2a: Scizor|0 fnt
|faint|p2a: Scizor
|
|-weather|RainDance|[upkeep]
|
|switch|p2a: Clodsire|Clodsire, F|100/100
|-damage|p2a: Clodsire|88/100|[from] Spikes
|turn|18
|
|move|p1a: Basculegion|Phantom Force||[still]
|-prepare|p1a: Basculegion|Phantom Force
|move|p2a: Clodsire|Toxic|p1a: Basculegion
|-status|p1a: Basculegion|tox
|
|-weather|none
|-heal|p2a: Clodsire|94/100|[from] item: Leftovers
|-damage|p1a: Basculegion|70/100 tox|[from] psn
|turn|19
|
|move|p1a: Basculegion|Phantom Force|p2a: Clodsire|[from]lockedmove
|-damage|p2a: Clodsire|12/100
|move|p2a: Clodsire|Earthquake|p1a: Basculegion
|-damage|p1a: Basculegion|36/100 tox
|
|-heal|p2a: Clodsire|18/100|[from] item: Leftovers
|-damage|p1a: Basculegion|24/100 tox|[from] psn
|turn|20
|
|switch|p2a: Rotom|Rotom-Wash|15/100
|move|p1a: Basculegion|Phantom Force||[still]
|-prepare|p1a: Basculegion|Phantom Force
|
|-heal|p2a: Rotom|22/100|[from] item: Leftovers
|-damage|p1a: Basculegion|6/100 tox|[from] psn
|turn|21
|
|move|p1a: Basculegion|Phantom Force|p2a: Rotom|[from]lockedmove
|-crit|p2a: Rotom
|-damage|p2a: Rotom|0 fnt
|faint|p2a: Rotom
|
|-damage|p1a: Basculegion|0 fnt|[from] psn
|faint|p1a: Basculegion
|
|switch|p1a: Zapdos|Zapdos|38/100
|switch|p2a: Clodsire|Clodsire, F|18/100
|-damage|p2a: Clodsire|6/100|[from] Spikes
|turn|22
|
|move|p1a: Zapdos|Hurricane|p2a: Clodsire
|-damage|p2a: Clodsire|0 fnt
|faint|p2a: Clodsire
|
|win|p1
