|poke|p1|Skeledirge, M|
|poke|p1|Slowking-Galar, M|
|poke|p1|Ting-Lu|
|poke|p1|Dragapult, M|
|poke|p1|Zamazenta-*|
|poke|p1|Zapdos|
|poke|p2|Maushold|
|poke|p2|Sneasler, M|
|poke|p2|Garchomp, M|
|poke|p2|Gholdengo|
|poke|p2|Zapdos|
|poke|p2|Samurott-Hisui, M|
|teampreview
|
|start
|switch|p1a: Zapdos|Zapdos|100/100
|switch|p2a: Samurott|Samurott-Hisui, M|100/100
|turn|1
|
|switch|p2a: Garchomp|Garchomp, M|100/100
|move|p1a: Zapdos|Discharge|p2a: Garchomp
|-immune|p2a: Garchomp
|
|turn|2
|
|switch|p1a: Ting-Lu|Ting-Lu|100/100
|-ability|p1a: Ting-Lu|Vessel of Ruin
|move|p2a: Garchomp|Draco Meteor|p1a: Ting-Lu
|-damage|p1a: Ting-Lu|72/100
|-unboost|p2a: Garchomp|spa|2
|-damage|p2a: Garchomp|91/100|[from] item: Life Orb
|
|-heal|p1a: Ting-Lu|78/100|[from] item: Leftovers
|turn|3
|
|switch|p2a: Gholdengo|Gholdengo|100/100
|-item|p2a: Gholdengo|Air Balloon
|move|p1a: Ting-Lu|Earthquake|p2a: Gholdengo
|-immune|p2a: Gholdengo
|
|-heal|p1a: Ting-Lu|84/100|[from] item: Leftovers
|turn|4
|
|switch|p1a: Zapdos|Zapdos|100/100
|move|p2a: Gholdengo|Nasty Plot|p2a: Gholdengo
|-boost|p2a: Gholdengo|spa|2
|
|turn|5
|
|move|p1a: Zapdos|Heat Wave|p2a: Gholdengo
|-supereffective|p2a: Gholdengo
|-damage|p2a: Gholdengo|48/100
|-enditem|p2a: Gholdengo|Air Balloon
|move|p2a: Gholdengo|Shadow Ball|p1a: Zapdos
|-damage|p1a: Zapdos|31/100
|
|turn|6
|
|switch|p2a: Garchomp|Garchomp, M|91/100
|move|p1a: Zapdos|Substitute|p1a: Zapdos
|-start|p1a: Zapdos|Substitute
|-damage|p1a: Zapdos|6/100
|
|turn|7
|
|move|p2a: Garchomp|Fire Blast|p1a: Zapdos
|-end|p1a: Zapdos|Substitute
|-damage|p2a: Garchomp|81/100|[from] item: Life Orb
|move|p1a: Zapdos|Roost|p1a: Zapdos
|-heal|p1a: Zapdos|56/100
|-singleturn|p1a: Zapdos|move: Roost
|
|turn|8
|
|switch|p1a: Ting-Lu|Ting-Lu|84/100
|-ability|p1a: Ting-Lu|Vessel of Ruin
|move|p2a: Garchomp|Draco Meteor|p1a: Ting-Lu
|-damage|p1a: Ting-Lu|56/100
|-unboost|p2a: Garchomp|spa|2
|-damage|p2a: Garchomp|71/100|[from] item: Life Orb
|
|-heal|p1a: Ting-Lu|62/100|[from] item: Leftovers
|turn|9
|
|move|p2a: Garchomp|Earthquake|p1a: Ting-Lu
|-damage|p1a: Ting-Lu|30/100
|-damage|p2a: Garchomp|61/100|[from] item: Life Orb
|move|p1a: Ting-Lu|Earthquake|p2a: Garchomp
|-damage|p2a: Garchomp|27/100
|
|-heal|p1a: Ting-Lu|36/100|[from] item: Leftovers
|turn|10
|
|move|p2a: Garchomp|Earthquake|p1a: Ting-Lu
|-damage|p1a: Ting-Lu|5/100
|-damage|p2a: Garchomp|17/100|[from] item: Life Orb
|move|p1a: Ting-Lu|Earthquake|p2a: Garchomp
|-damage|p2a: Garchomp|0 fnt
|faint|p2a: Garchomp
|
|-heal|p1a: Ting-Lu|12/100|[from] item: Leftovers
|
|switch|p2a: Samurott|Samurott-Hisui, M|100/100
|turn|11
|
|move|p2a: Samurott|Razor Shell|p1a: Ting-Lu|[miss]
|-miss|p2a: Samurott|p1a: Ting-Lu
|move|p1a: Ting-Lu|Spikes|p2a: Samurott
|-sidestart|p2: p2|Spikes
|
|-heal|p1a: Ting-Lu|18/100|[from] item: Leftovers
|turn|12
|
|move|p2a: Samurott|Razor Shell|p1a: Ting-Lu
|-supereffective|p1a: Ting-Lu
|-damage|p1a: Ting-Lu|0 fnt
|faint|p1a: Ting-Lu
|
|
|switch|p1a: Zamazenta|Zamazenta|100/100
|-ability|p1a: Zamazenta|Dauntless Shield|boost
|-boost|p1a: Zamazenta|def|1
|turn|13
|
|switch|p2a: Zapdos|Zapdos|100/100
|move|p1a: Zamazenta|Iron Defense|p1a: Zamazenta
|-boost|p1a: Zamazenta|def|2
|
|turn|14
|
|move|p1a: Zamazenta|Substitute|p1a: Zamazenta
|-start|p1a: Zamazenta|Substitute
|-damage|p1a: Zamazenta|76/100
|move|p2a: Zapdos|Hurricane|p1a: Zamazenta|[miss]
|-miss|p2a: Zapdos|p1a: Zamazenta
|
|-heal|p1a: Zamazenta|82/100|[from] item: Leftovers
|turn|15
|
|move|p1a: Zamazenta|Iron Defense|p1a: Zamazenta
|-boost|p1a: Zamazenta|def|2
|move|p2a: Zapdos|Volt Switch|p1a: Zamazenta
|-activate|p1a: Zamazenta|move: Substitute|[damage]
|
|switch|p2a: Maushold|Maushold|100/100|[from] Volt Switch
|-damage|p2a: Maushold|88/100|[from] Spikes
|
|-heal|p1a: Zamazenta|88/100|[from] item: Leftovers
|turn|16
|
|-terastallize|p2a: Maushold|Ghost
|move|p1a: Zamazenta|Body Press|p2a: Maushold
|-immune|p2a: Maushold
|move|p2a: Maushold|Encore|p1a: Zamazenta
|-start|p1a: Zamazenta|Encore
|
|-heal|p1a: Zamazenta|94/100|[from] item: Leftovers
|turn|17
|n| HE'S A LAKER|dacomeup
|
|switch|p1a: Dragapult|Dragapult, M|100/100
|move|p2a: Maushold|Tidy Up|p2a: Maushold
|-sideend|p2: p2|Spikes
|-activate|p2a: Maushold|move: Tidy Up
|-boost|p2a: Maushold|atk|1
|-boost|p2a: Maushold|spe|1
|
|turn|18
|
|move|p2a: Maushold|Bite|p1a: Dragapult
|-supereffective|p1a: Dragapult
|-damage|p1a: Dragapult|5/100
|cant|p1a: Dragapult|flinch
|
|-heal|p1a: Dragapult|11/100|[from] item: Leftovers
|turn|19
|
|switch|p1a: Skeledirge|Skeledirge, M|100/100
|move|p2a: Maushold|Bite|p1a: Skeledirge
|-supereffective|p1a: Skeledirge
|-crit|p1a: Skeledirge
|-damage|p1a: Skeledirge|60/100
|
|turn|20
|
|move|p2a: Maushold|Bite|p1a: Skeledirge
|-supereffective|p1a: Skeledirge
|-damage|p1a: Skeledirge|32/100
|cant|p1a: Skeledirge|flinch
|
|turn|21
|
|move|p2a: Maushold|Bite|p1a: Skeledirge
|-supereffective|p1a: Skeledirge
|-damage|p1a: Skeledirge|7/100
|cant|p1a: Skeledirge|flinch
|
|turn|22
|-message|p1 forfeited.
|
|win|p2
