# advantage = p2
|poke|p1|Kleavor, M|
|poke|p1|Ditto|
|poke|p1|Magearna|
|poke|p1|Urshifu-*, M|
|poke|p1|Chien-Pao|
|poke|p1|Iron Moth|
|poke|p2|Skeledirge, M|
|poke|p2|Volcanion|
|poke|p2|Ting-Lu|
|poke|p2|Glimmora, F|
|poke|p2|Heatran, M|
|poke|p2|Urshifu-*, M|
|teampreview
|
|start
|switch|p1a: Kleavor|Kleavor, M|100/100
|switch|p2a: Volcanion|Volcanion|100/100
|turn|1
|
|move|p1a: Kleavor|Stone Axe|p2a: Volcanion
|-supereffective|p2a: Volcanion
|-crit|p2a: Volcanion
|-damage|p2a: Volcanion|0 fnt
|-sidestart|p2: p2|move: Stealth Rock
|faint|p2a: Volcanion
|
|
|switch|p2a: Urshifu|Urshifu-Rapid-Strike, M|100/100
|-damage|p2a: Urshifu|94/100|[from] Stealth Rock
|turn|2
|
|switch|p1a: Iron Moth|Iron Moth|100/100
|move|p2a: Urshifu|Surging Strikes|p1a: Iron Moth
|-supereffective|p1a: Iron Moth
|-crit|p1a: Iron Moth
|-damage|p1a: Iron Moth|25/100
|-supereffective|p1a: Iron Moth
|-crit|p1a: Iron Moth
|-damage|p1a: Iron Moth|0 fnt
|faint|p1a: Iron Moth
|-end|p1a: Iron Moth|Quark Drive|[silent]
|-hitcount|p1: Iron Moth|2
|
|
|switch|p1a: Magearna|Magearna|100/100
|turn|3
|
|switch|p2a: Skeledirge|Skeledirge, M|100/100
|switch|p1a: Urshifu|Urshifu-Rapid-Strike, M|100/100
|
|turn|4
|
|-terastallize|p2a: Skeledirge|Fairy
|move|p1a: Urshifu|Surging Strikes|p2a: Skeledirge
|-crit|p2a: Skeledirge
|-damage|p2a: Skeledirge|77/100
|-crit|p2a: Skeledirge
|-damage|p2a: Skeledirge|54/100
|-crit|p2a: Skeledirge
|-damage|p2a: Skeledirge|29/100
|-hitcount|p2a: Skeledirge|3
|move|p2a: Skeledirge|Will-O-Wisp|p1a: Urshifu
|-status|p1a: Urshifu|brn
|
|-damage|p1a: Urshifu|94/100 brn|[from] brn
|turn|5
|
|move|p1a: Urshifu|Surging Strikes|p2a: Skeledirge
|-crit|p2a: Skeledirge
|-damage|p2a: Skeledirge|18/100
|-crit|p2a: Skeledirge
|-damage|p2a: Skeledirge|5/100
|-crit|p2a: Skeledirge
|-damage|p2a: Skeledirge|0 fnt
|faint|p2a: Skeledirge
|-hitcount|p2: Skeledirge|3
|
|-damage|p1a: Urshifu|88/100 brn|[from] brn
|
|switch|p2a: Urshifu|Urshifu-Rapid-Strike, M|94/100
|-damage|p2a: Urshifu|88/100|[from] Stealth Rock
|turn|6
|
|switch|p1a: Ditto|Ditto|100/100
|-transform|p1a: Ditto|p2a: Urshifu|[from] ability: Imposter
|move|p2a: Urshifu|Swords Dance|p2a: Urshifu
|-boost|p2a: Urshifu|atk|2
|
|turn|7
|
|switch|p1a: Urshifu|Urshifu-Rapid-Strike, M|88/100 brn
|move|p2a: Urshifu|Surging Strikes|p1a: Urshifu
|-resisted|p1a: Urshifu
|-crit|p1a: Urshifu
|-damage|p1a: Urshifu|66/100 brn
|-resisted|p1a: Urshifu
|-crit|p1a: Urshifu
|-damage|p1a: Urshifu|44/100 brn
|-resisted|p1a: Urshifu
|-crit|p1a: Urshifu
|-damage|p1a: Urshifu|21/100 brn
|-hitcount|p1a: Urshifu|3
|
|-damage|p1a: Urshifu|15/100 brn|[from] brn
|turn|8
|
|move|p2a: Urshifu|Aqua Jet|p1a: Urshifu
|-resisted|p1a: Urshifu
|-damage|p1a: Urshifu|0 fnt
|faint|p1a: Urshifu
|
|
|switch|p1a: Ditto|Ditto|100/100
|-transform|p1a: Ditto|p2a: Urshifu|[from] ability: Imposter
|turn|9
|
|move|p1a: Ditto|Close Combat|p2a: Urshifu
|-damage|p2a: Urshifu|0 fnt
|-unboost|p1a: Ditto|def|1
|-unboost|p1a: Ditto|spd|1
|faint|p2a: Urshifu
|
|
|switch|p2a: Ting-Lu|Ting-Lu|100/100
|-damage|p2a: Ting-Lu|94/100|[from] Stealth Rock
|-ability|p2a: Ting-Lu|Vessel of Ruin
|turn|10
|
|move|p2a: Ting-Lu|Protect|p2a: Ting-Lu
|-singleturn|p2a: Ting-Lu|Protect
|move|p1a: Ditto|Close Combat|p2a: Ting-Lu
|-supereffective|p2a: Ting-Lu
|-damage|p2a: Ting-Lu|0 fnt
|-unboost|p1a: Ditto|def|1
|-unboost|p1a: Ditto|spd|1
|faint|p2a: Ting-Lu
|
|
|switch|p2a: Glimmora|Glimmora, F|100/100
|-damage|p2a: Glimmora|88/100|[from] Stealth Rock
|-item|p2a: Glimmora|Air Balloon
|turn|11
|
|move|p1a: Ditto|Close Combat|p2a: Glimmora
|-damage|p2a: Glimmora|0 fnt
|-unboost|p1a: Ditto|def|1
|-unboost|p1a: Ditto|spd|1
|-enditem|p2a: Glimmora|Air Balloon
|faint|p2a: Glimmora
|
|
|switch|p2a: Heatran|Heatran, M|100/100
|-damage|p2a: Heatran|88/100|[from] Stealth Rock
|turn|12
|
|move|p1a: Ditto|Close Combat|p2a: Heatran
|-supereffective|p2a: Heatran
|-damage|p2a: Heatran|0 fnt
|-unboost|p1a: Ditto|def|1
|-unboost|p1a: Ditto|spd|1
|faint|p2a: Heatran
|
|win|p1
