# advantage = p2
|poke|p1|Polteageist|
|poke|p1|Mimikyu, M|
|poke|p1|Lucario, M|
|poke|p1|Froslass, F|
|poke|p1|Gardevoir, F|
|poke|p1|Lokix, F|
|poke|p2|Enamorus, F|
|poke|p2|Zamazenta-*|
|poke|p2|Azumarill, M|
|poke|p2|Glimmora, M|
|poke|p2|Dragapult, F|
|poke|p2|Kingambit, M|
|teampreview
|
|start
|switch|p1a: Froslass|Froslass, F, shiny|100/100
|switch|p2a: Dragapult|Dragapult, F|100/100
|turn|1
|
|move|p2a: Dragapult|Shadow Ball|p1a: Froslass
|-supereffective|p1a: Froslass
|-enditem|p1a: Froslass|Focus Sash
|-damage|p1a: Froslass|1/100
|-damage|p2a: Dragapult|91/100|[from] item: Life Orb
|move|p1a: Froslass|Spikes|p2a: Dragapult
|-sidestart|p2: p2|Spikes
|
|turn|2
|
|move|p2a: Dragapult|Shadow Ball|p1a: Froslass
|-supereffective|p1a: Froslass
|-damage|p1a: Froslass|0 fnt
|faint|p1a: Froslass
|-damage|p2a: Dragapult|81/100|[from] item: Life Orb
|
|
|switch|p1a: Mimikyu|Mimikyu, M, shiny|100/100
|turn|3
|
|switch|p2a: Glimmora|Glimmora, M|100/100
|-damage|p2a: Glimmora|88/100|[from] Spikes
|move|p1a: Mimikyu|Swords Dance|p1a: Mimikyu
|-boost|p1a: Mimikyu|atk|2
|
|turn|4
|
|move|p1a: Mimikyu|Drain Punch|p2a: Glimmora
|-damage|p2a: Glimmora|29/100
|-activate|p2a: Glimmora|ability: Toxic Debris
|-sidestart|p1: p1|move: Toxic Spikes
|-damage|p1a: Mimikyu|91/100|[from] item: Life Orb
|move|p2a: Glimmora|Mortal Spin|p1a: Mimikyu
|-activate|p1a: Mimikyu|ability: Disguise
|-damage|p1a: Mimikyu|91/100
|-status|p1a: Mimikyu|psn
|-sideend|p2: p2|Spikes|[from] move: Mortal Spin|[of] p2a: Glimmora
|detailschange|p1a: Mimikyu|Mimikyu-Busted, M, shiny
|-damage|p1a: Mimikyu|78/100 psn|[from] pokemon: Mimikyu-Busted
|
|-damage|p1a: Mimikyu|66/100 psn|[from] psn
|turn|5
|
|move|p1a: Mimikyu|Drain Punch|p2a: Glimmora
|-damage|p2a: Glimmora|0 fnt
|-heal|p1a: Mimikyu|83/100 psn|[from] drain|[of] p2a: Glimmora
|-activate|p2a: Glimmora|ability: Toxic Debris
|-sidestart|p1: p1|move: Toxic Spikes
|faint|p2a: Glimmora
|-damage|p1a: Mimikyu|73/100 psn|[from] item: Life Orb
|
|-damage|p1a: Mimikyu|61/100 psn|[from] psn
|
|switch|p2a: Enamorus|Enamorus, F|100/100
|turn|6
|
|move|p2a: Enamorus|Zen Headbutt|p1a: Mimikyu
|-damage|p1a: Mimikyu|20/100 psn
|move|p1a: Mimikyu|Shadow Claw|p2a: Enamorus
|-damage|p2a: Enamorus|0 fnt
|faint|p2a: Enamorus
|-damage|p1a: Mimikyu|10/100 psn|[from] item: Life Orb
|
|-damage|p1a: Mimikyu|0 fnt|[from] psn
|faint|p1a: Mimikyu
|
|switch|p2a: Azumarill|Azumarill, M|100/100
|switch|p1a: Polteageist|Polteageist|100/100
|-status|p1a: Polteageist|tox
|turn|7
|
|move|p1a: Polteageist|Shell Smash|p1a: Polteageist
|-unboost|p1a: Polteageist|def|1
|-unboost|p1a: Polteageist|spd|1
|-boost|p1a: Polteageist|atk|2
|-boost|p1a: Polteageist|spa|2
|-boost|p1a: Polteageist|spe|2
|-enditem|p1a: Polteageist|White Herb
|-clearnegativeboost|p1a: Polteageist|[silent]
|move|p2a: Azumarill|Belly Drum|p2a: Azumarill
|-damage|p2a: Azumarill|50/100
|-setboost|p2a: Azumarill|atk|6|[from] move: Belly Drum
|-enditem|p2a: Azumarill|Sitrus Berry|[eat]
|-heal|p2a: Azumarill|75/100|[from] item: Sitrus Berry
|
|-damage|p1a: Polteageist|95/100 tox|[from] psn
|turn|8
|
|-terastallize|p2a: Azumarill|Water
|move|p2a: Azumarill|Aqua Jet|p1a: Polteageist
|-damage|p1a: Polteageist|0 fnt
|faint|p1a: Polteageist
|
|
|switch|p1a: Lucario|Lucario, M|100/100
|turn|9
|
|move|p2a: Azumarill|Aqua Jet|p1a: Lucario
|-damage|p1a: Lucario|0 fnt
|faint|p1a: Lucario
|
|
|switch|p1a: Lokix|Lokix, F|100/100
|-status|p1a: Lokix|tox
|turn|10
|
|-terastallize|p1a: Lokix|Bug
|move|p1a: Lokix|First Impression|p2a: Azumarill
|-damage|p2a: Azumarill|0 fnt
|faint|p2a: Azumarill
|
|-damage|p1a: Lokix|94/100 tox|[from] psn
|
|switch|p2a: Zamazenta|Zamazenta|100/100
|-ability|p2a: Zamazenta|Dauntless Shield|boost
|-boost|p2a: Zamazenta|def|1
|turn|11
|
|switch|p1a: Gardevoir|Gardevoir, F, shiny|100/100
|-status|p1a: Gardevoir|tox
|-ability|p1a: Gardevoir|Dauntless Shield|boost
|-boost|p1a: Gardevoir|def|1
|-ability|p1a: Gardevoir|Dauntless Shield|[from] ability: Trace|[of] p2a: Zamazenta
|move|p2a: Zamazenta|Stone Edge|p1a: Gardevoir|[miss]
|-miss|p2a: Zamazenta|p1a: Gardevoir
|
|-damage|p1a: Gardevoir|94/100 tox|[from] psn
|turn|12
|
|switch|p2a: Kingambit|Kingambit, M|100/100
|-activate|p2a: Kingambit|ability: Supreme Overlord
|-start|p2a: Kingambit|fallen3|[silent]
|move|p1a: Gardevoir|Psychic|p2a: Kingambit
|-immune|p2a: Kingambit
|
|-damage|p1a: Gardevoir|82/100 tox|[from] psn
|turn|13
|
|switch|p1a: Lokix|Lokix, F, tera:Bug|94/100 tox
|move|p2a: Kingambit|Swords Dance|p2a: Kingambit
|-boost|p2a: Kingambit|atk|2
|
|-damage|p1a: Lokix|88/100 tox|[from] psn
|turn|14
|
|move|p1a: Lokix|First Impression|p2a: Kingambit
|-damage|p2a: Kingambit|25/100
|move|p2a: Kingambit|Iron Head|p1a: Lokix
|-damage|p1a: Lokix|0 fnt
|faint|p1a: Lokix
|
|
|switch|p1a: Gardevoir|Gardevoir, F, shiny|82/100 tox
|-activate|p1a: Gardevoir|ability: Supreme Overlord
|-start|p1a: Gardevoir|fallen5|[silent]
|-ability|p1a: Gardevoir|Supreme Overlord|[from] ability: Trace|[of] p2a: Kingambit
|turn|15
|
|move|p1a: Gardevoir|Moonblast|p2a: Kingambit
|-damage|p2a: Kingambit|0 fnt
|faint|p2a: Kingambit
|-end|p2a: Kingambit|fallen3|[silent]
|
|-damage|p1a: Gardevoir|76/100 tox|[from] psn
|
|switch|p2a: Zamazenta|Zamazenta|100/100
|turn|16
|
|move|p1a: Gardevoir|Moonblast|p2a: Zamazenta
|-supereffective|p2a: Zamazenta
|-damage|p2a: Zamazenta|0 fnt
|faint|p2a: Zamazenta
|
|-damage|p1a: Gardevoir|64/100 tox|[from] psn
|
|switch|p2a: Dragapult|Dragapult, F|81/100
|turn|17
|
|move|p1a: Gardevoir|Moonblast|p2a: Dragapult
|-supereffective|p2a: Dragapult
|-damage|p2a: Dragapult|0 fnt
|faint|p2a: Dragapult
|
|win|p1
