# advantage = p1
|poke|p1|Chien-Pao|
|poke|p1|Enamorus-Therian, F|
|poke|p1|Landorus-Therian, M|
|poke|p1|Glastrier|
|poke|p1|Lilligant-Hisui, F|
|poke|p1|Samurott-Hisui, M|
|poke|p2|Pelipper, F|
|poke|p2|Amoonguss, M|
|poke|p2|Barraskewda, F|
|poke|p2|Ceruledge, F|
|poke|p2|Vaporeon, M|
|poke|p2|Meowscarada, F|
|teampreview
|
|start
|switch|p1a: Glastrier|Glastrier|100/100
|switch|p2a: Vaporeon|Vaporeon, M|100/100
|turn|1
|
|move|p2a: Vaporeon|Calm Mind|p2a: Vaporeon
|-boost|p2a: Vaporeon|spa|1
|-boost|p2a: Vaporeon|spd|1
|move|p1a: Glastrier|Swords Dance|p1a: Glastrier
|-boost|p1a: Glastrier|atk|2
|
|turn|2
|
|move|p2a: Vaporeon|Chilling Water|p1a: Glastrier
|-damage|p1a: Glastrier|80/100
|-unboost|p1a: Glastrier|atk|1
|move|p1a: Glastrier|Close Combat|p2a: Vaporeon
|-damage|p2a: Vaporeon|41/100
|-unboost|p1a: Glastrier|def|1
|-unboost|p1a: Glastrier|spd|1
|
|-heal|p2a: Vaporeon|47/100|[from] item: Leftovers
|turn|3
|
|move|p2a: Vaporeon|Protect|p2a: Vaporeon
|-singleturn|p2a: Vaporeon|Protect
|move|p1a: Glastrier|Close Combat|p2a: Vaporeon
|-activate|p2a: Vaporeon|move: Protect
|
|-heal|p2a: Vaporeon|54/100|[from] item: Leftovers
|turn|4
|
|move|p2a: Vaporeon|Chilling Water|p1a: Glastrier
|-damage|p1a: Glastrier|49/100
|-unboost|p1a: Glastrier|atk|1
|move|p1a: Glastrier|Swords Dance|p1a: Glastrier
|-boost|p1a: Glastrier|atk|2
|
|-heal|p2a: Vaporeon|60/100|[from] item: Leftovers
|turn|5
|
|move|p2a: Vaporeon|Protect|p2a: Vaporeon
|-singleturn|p2a: Vaporeon|Protect
|move|p1a: Glastrier|Close Combat|p2a: Vaporeon
|-activate|p2a: Vaporeon|move: Protect
|
|-heal|p2a: Vaporeon|66/100|[from] item: Leftovers
|turn|6
|
|move|p2a: Vaporeon|Wish|p2a: Vaporeon
|move|p1a: Glastrier|Close Combat|p2a: Vaporeon
|-damage|p2a: Vaporeon|0 fnt
|-unboost|p1a: Glastrier|def|1
|-unboost|p1a: Glastrier|spd|1
|faint|p2a: Vaporeon
|-ability|p1a: Glastrier|Chilling Neigh|boost
|-boost|p1a: Glastrier|atk|1
|
|
|switch|p2a: Barraskewda|Barraskewda, F|100/100
|turn|7
|
|move|p2a: Barraskewda|Liquidation|p1a: Glastrier
|-damage|p1a: Glastrier|0 fnt
|faint|p1a: Glastrier
|
|
|switch|p1a: Lilligant|Lilligant-Hisui, F, shiny|100/100
|turn|8
|
|switch|p2a: Pelipper|Pelipper, F|100/100
|-weather|RainDance|[from] ability: Drizzle|[of] p2a: Pelipper
|move|p1a: Lilligant|Victory Dance|p1a: Lilligant
|-boost|p1a: Lilligant|atk|1
|-boost|p1a: Lilligant|def|1
|-boost|p1a: Lilligant|spe|1
|
|-weather|RainDance|[upkeep]
|turn|9
|
|move|p1a: Lilligant|Victory Dance|p1a: Lilligant
|-boost|p1a: Lilligant|atk|1
|-boost|p1a: Lilligant|def|1
|-boost|p1a: Lilligant|spe|1
|move|p2a: Pelipper|Hurricane|p1a: Lilligant
|-supereffective|p1a: Lilligant
|-enditem|p1a: Lilligant|Focus Sash
|-damage|p1a: Lilligant|1/100
|
|-weather|RainDance|[upkeep]
|turn|10
|
|switch|p2a: Meowscarada|Meowscarada, F|100/100
|move|p1a: Lilligant|Leaf Blade|p2a: Meowscarada
|-resisted|p2a: Meowscarada
|-damage|p2a: Meowscarada|2/100
|
|-weather|RainDance|[upkeep]
|turn|11
|
|move|p2a: Meowscarada|Sucker Punch||[still]
|-fail|p2a: Meowscarada
|move|p1a: Lilligant|Victory Dance|p1a: Lilligant
|-boost|p1a: Lilligant|atk|1
|-boost|p1a: Lilligant|def|1
|-boost|p1a: Lilligant|spe|1
|
|-weather|RainDance|[upkeep]
|turn|12
|
|move|p2a: Meowscarada|Sucker Punch||[still]
|-fail|p2a: Meowscarada
|move|p1a: Lilligant|Victory Dance|p1a: Lilligant
|-boost|p1a: Lilligant|atk|1
|-boost|p1a: Lilligant|def|1
|-boost|p1a: Lilligant|spe|1
|
|-weather|RainDance|[upkeep]
|turn|13
|
|move|p2a: Meowscarada|Sucker Punch|p1a: Lilligant
|-resisted|p1a: Lilligant
|-damage|p1a: Lilligant|0 fnt
|faint|p1a: Lilligant
|
|-weather|RainDance|[upkeep]
|
|switch|p1a: Samurott|Samurott-Hisui, M|100/100
|turn|14
|
|move|p1a: Samurott|Aqua Jet|p2a: Meowscarada
|-resisted|p2a: Meowscarada
|-damage|p2a: Meowscarada|0 fnt
|faint|p2a: Meowscarada
|-damage|p1a: Samurott|91/100|[from] item: Life Orb
|
|-weather|RainDance|[upkeep]
|
|switch|p2a: Pelipper|Pelipper, F|100/100
|turn|15
|
|switch|p2a: Amoonguss|Amoonguss, M|100/100
|move|p1a: Samurott|Swords Dance|p1a: Samurott
|-boost|p1a: Samurott|atk|2
|
|-weather|none
|turn|16
|
|move|p1a: Samurott|Ceaseless Edge|p2a: Amoonguss
|-damage|p2a: Amoonguss|0 fnt
|-sidestart|p2: p2|Spikes
|faint|p2a: Amoonguss
|-damage|p1a: Samurott|81/100|[from] item: Life Orb
|
|
|switch|p2a: Pelipper|Pelipper, F|100/100
|-weather|RainDance|[from] ability: Drizzle|[of] p2a: Pelipper
|turn|17
|
|move|p1a: Samurott|Ceaseless Edge|p2a: Pelipper
|-crit|p2a: Pelipper
|-damage|p2a: Pelipper|0 fnt
|-sidestart|p2: p2|Spikes
|faint|p2a: Pelipper
|-damage|p1a: Samurott|71/100|[from] item: Life Orb
|
|-weather|RainDance|[upkeep]
|
|switch|p2a: Barraskewda|Barraskewda, F|100/100
|-damage|p2a: Barraskewda|84/100|[from] Spikes
|turn|18
|
|move|p1a: Samurott|Aqua Jet|p2a: Barraskewda
|-resisted|p2a: Barraskewda
|-damage|p2a: Barraskewda|14/100
|-damage|p1a: Samurott|61/100|[from] item: Life Orb
|move|p2a: Barraskewda|Liquidation|p1a: Samurott
|-resisted|p1a: Samurott
|-damage|p1a: Samurott|0 fnt
|faint|p1a: Samurott
|
|-weather|RainDance|[upkeep]
|
|switch|p1a: Chien-Pao|Chien-Pao|100/100
|-ability|p1a: Chien-Pao|Sword of Ruin
|turn|19
|
|move|p1a: Chien-Pao|Ice Shard|p2a: Barraskewda
|-resisted|p2a: Barraskewda
|-damage|p2a: Barraskewda|0 fnt
|faint|p2a: Barraskewda
|
|-weather|RainDance|[upkeep]
|
|switch|p2a: Ceruledge|Ceruledge, F|100/100
|-damage|p2a: Ceruledge|84/100|[from] Spikes
|turn|20
|
|switch|p1a: emiou-ground|Landorus-Therian, M, shiny|100/100
|-ability|p1a: emiou-ground|Intimidate|boost
|-unboost|p2a: Ceruledge|atk|1
|move|p2a: Ceruledge|Bulk Up|p2a: Ceruledge
|-boost|p2a: Ceruledge|atk|1
|-boost|p2a: Ceruledge|def|1
|
|-weather|RainDance|[upkeep]
|turn|21
|
|move|p1a: emiou-ground|Sandsear Storm|p2a: Ceruledge
|-supereffective|p2a: Ceruledge
|-damage|p2a: Ceruledge|0 fnt
|faint|p2a: Ceruledge
|-damage|p1a: emiou-ground|91/100|[from] item: Life Orb
|
|win|p1
