|poke|p1|Ursaluna, M|
|poke|p1|Zamazenta-*|
|poke|p1|Rotom-Wash|
|poke|p1|Zoroark-Hisui, F|
|poke|p1|Toedscruel, M|
|poke|p1|Hoopa-Unbound|
|poke|p2|Pawmot, F|
|poke|p2|Ursaluna, F|
|poke|p2|Zarude|
|poke|p2|Lilligant-Hisui, F|
|poke|p2|Dragapult, M|
|poke|p2|Glimmora, F|
|teampreview
|
|start
|switch|p1a: Toedscruel|Toedscruel, M|100/100
|switch|p2a: Glamora|Glimmora, F|100/100
|turn|1
|
|move|p2a: Glamora|Mortal Spin|p1a: Toedscruel
|-damage|p1a: Toedscruel|92/100
|-status|p1a: Toedscruel|psn
|move|p1a: Toedscruel|Spore|p2a: Glamora
|-status|p2a: Glamora|slp|[from] move: Spore
|
|-heal|p1a: Toedscruel|98/100 psn|[from] item: Leftovers
|-damage|p1a: Toedscruel|86/100 psn|[from] psn
|turn|2
|
|switch|p2a: Mimi|Lilligant-Hisui, F|100/100
|move|p1a: Toedscruel|Earth Power|p2a: Mimi
|-resisted|p2a: Mimi
|-damage|p2a: Mimi|86/100
|-unboost|p2a: Mimi|spd|1
|
|-heal|p1a: Toedscruel|92/100 psn|[from] item: Leftovers
|-damage|p1a: Toedscruel|80/100 psn|[from] psn
|turn|3
|
|switch|p2a: ZZZ|Zarude|100/100
|switch|p1a: Zamazenta|Zamazenta-Crowned|100/100
|-ability|p1a: Zamazenta|Dauntless Shield|boost
|-boost|p1a: Zamazenta|def|1
|
|turn|4
|
|switch|p2a: Glamora|Glimmora, F|100/100 slp
|move|p1a: Zamazenta|Crunch|p2a: Glamora
|-damage|p2a: Glamora|64/100 slp
|-unboost|p2a: Glamora|def|1
|-activate|p2a: Glamora|ability: Toxic Debris
|-sidestart|p1: Sr.wez1ng|move: Toxic Spikes
|
|turn|5
|
|move|p1a: Zamazenta|Body Press|p2a: Glamora
|-damage|p2a: Glamora|0 fnt
|-activate|p2a: Glamora|ability: Toxic Debris
|-sidestart|p1: Sr.wez1ng|move: Toxic Spikes
|faint|p2a: Glamora
|
|
|switch|p2a: OU THE PULT|Dragapult, M|100/100
|turn|6
|
|move|p2a: OU THE PULT|Flamethrower|p1a: Zamazenta
|-supereffective|p1a: Zamazenta
|-damage|p1a: Zamazenta|47/100
|move|p1a: Zamazenta|Crunch|p2a: OU THE PULT
|-supereffective|p2a: OU THE PULT
|-damage|p2a: OU THE PULT|28/100
|-unboost|p2a: OU THE PULT|def|1
|
|turn|7
|
|switch|p2a: Mimi|Lilligant-Hisui, F|86/100
|switch|p1a: Rotom|Rotom-Wash, shiny|100/100
|
|turn|8
|
|move|p1a: Rotom|Protect|p1a: Rotom
|-singleturn|p1a: Rotom|Protect
|move|p2a: Mimi|Leaf Blade|p1a: Rotom
|-activate|p1a: Rotom|move: Protect
|
|turn|9
|
|move|p2a: Mimi|Leaf Blade|p1a: Rotom
|-supereffective|p1a: Rotom
|-crit|p1a: Rotom
|-damage|p1a: Rotom|0 fnt
|faint|p1a: Rotom
|
|
|switch|p1a: Zamazenta|Zamazenta-Crowned|47/100
|turn|10
|
|move|p2a: Mimi|Victory Dance|p2a: Mimi
|-boost|p2a: Mimi|atk|1
|-boost|p2a: Mimi|def|1
|-boost|p2a: Mimi|spe|1
|move|p1a: Zamazenta|Behemoth Bash|p2a: Mimi
|-damage|p2a: Mimi|34/100
|
|turn|11
|
|move|p2a: Mimi|Axe Kick|p1a: Zamazenta
|-supereffective|p1a: Zamazenta
|-damage|p1a: Zamazenta|0 fnt
|faint|p1a: Zamazenta
|
|
|switch|p1a: Hoopa|Hoopa-Unbound|100/100
|-status|p1a: Hoopa|tox
|turn|12
|
|move|p2a: Mimi|Leaf Blade|p1a: Hoopa|[miss]
|-miss|p2a: Mimi|p1a: Hoopa
|move|p1a: Hoopa|Zen Headbutt|p2a: Mimi
|-supereffective|p2a: Mimi
|-damage|p2a: Mimi|0 fnt
|faint|p2a: Mimi
|
|-damage|p1a: Hoopa|95/100 tox|[from] psn
|
|switch|p2a: ZZZ|Zarude|100/100
|turn|13
|
|switch|p1a: Toedscruel|Toedscruel, M|80/100 psn
|move|p2a: ZZZ|Seed Bomb|p1a: Toedscruel
|-damage|p1a: Toedscruel|35/100 psn
|
|-heal|p1a: Toedscruel|41/100 psn|[from] item: Leftovers
|-damage|p1a: Toedscruel|29/100 psn|[from] psn
|turn|14
|
|move|p2a: ZZZ|Bulk Up|p2a: ZZZ
|-boost|p2a: ZZZ|atk|1
|-boost|p2a: ZZZ|def|1
|move|p1a: Toedscruel|Trick Room|p1a: Toedscruel
|-fieldstart|move: Trick Room|[of] p1a: Toedscruel
|
|-heal|p1a: Toedscruel|35/100 psn|[from] item: Leftovers
|-damage|p1a: Toedscruel|22/100 psn|[from] psn
|turn|15
|
|move|p1a: Toedscruel|Earth Power|p2a: ZZZ
|-resisted|p2a: ZZZ
|-damage|p2a: ZZZ|91/100
|move|p2a: ZZZ|Bulk Up|p2a: ZZZ
|-boost|p2a: ZZZ|atk|1
|-boost|p2a: ZZZ|def|1
|
|-heal|p1a: Toedscruel|28/100 psn|[from] item: Leftovers
|-heal|p2a: ZZZ|97/100|[from] item: Leftovers
|-damage|p1a: Toedscruel|16/100 psn|[from] psn
|turn|16
|
|move|p1a: Toedscruel|Earth Power|p2a: ZZZ
|-resisted|p2a: ZZZ
|-damage|p2a: ZZZ|87/100
|move|p2a: ZZZ|Bulk Up|p2a: ZZZ
|-boost|p2a: ZZZ|atk|1
|-boost|p2a: ZZZ|def|1
|
|-heal|p1a: Toedscruel|22/100 psn|[from] item: Leftovers
|-heal|p2a: ZZZ|93/100|[from] item: Leftovers
|-damage|p1a: Toedscruel|10/100 psn|[from] psn
|turn|17
|
|move|p1a: Toedscruel|Earth Power|p2a: ZZZ
|-resisted|p2a: ZZZ
|-damage|p2a: ZZZ|84/100
|move|p2a: ZZZ|Bulk Up|p2a: ZZZ
|-boost|p2a: ZZZ|atk|1
|-boost|p2a: ZZZ|def|1
|
|-heal|p1a: Toedscruel|16/100 psn|[from] item: Leftovers
|-heal|p2a: ZZZ|90/100|[from] item: Leftovers
|-damage|p1a: Toedscruel|3/100 psn|[from] psn
|turn|18
|
|move|p2a: ZZZ|Seed Bomb|p1a: Toedscruel
|-damage|p1a: Toedscruel|0 fnt
|faint|p1a: Toedscruel
|
|-heal|p2a: ZZZ|96/100|[from] item: Leftovers
|-fieldend|move: Trick Room
|-message|Sr.wez1ng forfeited.
|
|win|ZaneCrescentB
