|poke|p1|Ceruledge, M|
|poke|p1|Torkoal, M|
|poke|p1|Scovillain, F|
|poke|p1|Clodsire, M|
|poke|p1|Lokix, M|
|poke|p1|Garganacl, M|
|poke|p2|Breloom, M|
|poke|p2|Dragonite, F|
|poke|p2|Scizor, M|
|poke|p2|Ampharos, F|
|poke|p2|Forretress, F|
|poke|p2|Skeledirge, F|
|teampreview
|
|start
|switch|p1a: Ceruledge|Ceruledge, M|100/100
|switch|p2a: see you later|Skeledirge, F|100/100
|turn|1
|
|-terastallize|p1a: Ceruledge|Grass
|move|p1a: Ceruledge|Shadow Claw|p2a: see you later
|-supereffective|p2a: see you later
|-damage|p2a: see you later|24/100
|-damage|p1a: Ceruledge|91/100|[from] item: Life Orb
|move|p2a: see you later|Earth Power|p1a: Ceruledge
|-resisted|p1a: Ceruledge
|-damage|p1a: Ceruledge|73/100
|
|turn|2
|
|switch|p2a: scissors|Scizor, M|100/100
|move|p1a: Ceruledge|Shadow Sneak|p2a: scissors
|-damage|p2a: scissors|74/100
|-damage|p1a: Ceruledge|63/100|[from] item: Life Orb
|
|turn|3
|
|switch|p1a: Torkoal|Torkoal, M|100/100
|-weather|SunnyDay|[from] ability: Drought|[of] p1a: Torkoal
|move|p2a: scissors|Struggle Bug|p1a: Torkoal
|-resisted|p1a: Torkoal
|-damage|p1a: Torkoal|91/100
|-unboost|p1a: Torkoal|spa|1
|
|-weather|SunnyDay|[upkeep]
|turn|4
|
|switch|p2a: battery|Ampharos, F|100/100
|move|p1a: Torkoal|Lava Plume|p2a: battery
|-damage|p2a: battery|77/100
|-status|p2a: battery|brn
|
|-weather|SunnyDay|[upkeep]
|-damage|p2a: battery|71/100 brn|[from] brn
|turn|5
|
|move|p2a: battery|Power Gem|p1a: Torkoal
|-supereffective|p1a: Torkoal
|-damage|p1a: Torkoal|0 fnt
|faint|p1a: Torkoal
|
|-weather|SunnyDay|[upkeep]
|-damage|p2a: battery|65/100 brn|[from] brn
|
|switch|p1a: Scovillain|Scovillain, F, shiny|100/100
|turn|6
|
|move|p1a: Scovillain|Growth|p1a: Scovillain
|-boost|p1a: Scovillain|atk|2
|-boost|p1a: Scovillain|spa|2
|move|p2a: battery|Power Gem|p1a: Scovillain
|-supereffective|p1a: Scovillain
|-damage|p1a: Scovillain|0 fnt
|faint|p1a: Scovillain
|
|-weather|SunnyDay|[upkeep]
|-damage|p2a: battery|59/100 brn|[from] brn
|
|switch|p1a: Clodsire|Clodsire, M|100/100
|turn|7
|
|move|p2a: battery|Power Gem|p1a: Clodsire
|-resisted|p1a: Clodsire
|-damage|p1a: Clodsire|89/100
|move|p1a: Clodsire|Toxic||[still]
|-fail|p1a: Clodsire
|
|-weather|none
|-heal|p1a: Clodsire|95/100|[from] item: Leftovers
|-damage|p2a: battery|53/100 brn|[from] brn
|turn|8
|
|switch|p2a: mario|Breloom, M, shiny|100/100
|move|p1a: Clodsire|Earthquake|p2a: mario
|-resisted|p2a: mario
|-damage|p2a: mario|89/100
|
|-heal|p1a: Clodsire|100/100|[from] item: Leftovers
|-status|p2a: mario|tox|[from] item: Toxic Orb
|turn|9
|
|move|p2a: mario|Spore|p1a: Clodsire
|-status|p1a: Clodsire|slp|[from] move: Spore
|cant|p1a: Clodsire|slp
|
|-heal|p2a: mario|100/100 tox|[from] ability: Poison Heal
|turn|10
|
|switch|p1a: Lokix|Lokix, M|100/100
|move|p2a: mario|Swords Dance|p2a: mario
|-boost|p2a: mario|atk|2
|
|turn|11
|
|move|p1a: Lokix|First Impression|p2a: mario
|-damage|p2a: mario|52/100 tox
|move|p2a: mario|Swords Dance|p2a: mario
|-boost|p2a: mario|atk|2
|
|-heal|p2a: mario|65/100 tox|[from] ability: Poison Heal
|turn|12
|
|switch|p1a: Clodsire|Clodsire, M|100/100 slp
|move|p2a: mario|Facade|p1a: Clodsire
|-crit|p1a: Clodsire
|-damage|p1a: Clodsire|0 fnt
|faint|p1a: Clodsire
|
|-heal|p2a: mario|77/100 tox|[from] ability: Poison Heal
|
|switch|p1a: Lokix|Lokix, M|100/100
|turn|13
|
|move|p1a: Lokix|First Impression|p2a: mario
|-damage|p2a: mario|21/100 tox
|move|p2a: mario|Facade|p1a: Lokix
|-damage|p1a: Lokix|0 fnt
|faint|p1a: Lokix
|
|-heal|p2a: mario|34/100 tox|[from] ability: Poison Heal
|
|switch|p1a: Ceruledge|Ceruledge, M, tera:Grass|63/100
|turn|14
|
|move|p1a: Ceruledge|Bitter Blade|p2a: mario
|-supereffective|p2a: mario
|-crit|p2a: mario
|-damage|p2a: mario|0 fnt
|-heal|p1a: Ceruledge|82/100|[from] drain|[of] p2a: mario
|faint|p2a: mario
|-damage|p1a: Ceruledge|72/100|[from] item: Life Orb
|
|
|switch|p2a: see you later|Skeledirge, F|24/100
|turn|15
|
|move|p1a: Ceruledge|Shadow Claw|p2a: see you later
|-supereffective|p2a: see you later
|-damage|p2a: see you later|0 fnt
|faint|p2a: see you later
|-damage|p1a: Ceruledge|62/100|[from] item: Life Orb
|
|
|switch|p2a: goofy|Dragonite, F|100/100
|turn|16
|
|move|p1a: Ceruledge|Shadow Claw|p2a: goofy
|-damage|p2a: goofy|76/100
|-damage|p1a: Ceruledge|52/100|[from] item: Life Orb
|move|p2a: goofy|Dragon Dance|p2a: goofy
|-boost|p2a: goofy|atk|1
|-boost|p2a: goofy|spe|1
|
|turn|17
|
|move|p1a: Ceruledge|Shadow Sneak|p2a: goofy
|-damage|p2a: goofy|45/100
|-damage|p1a: Ceruledge|42/100|[from] item: Life Orb
|move|p2a: goofy|Dragon Dance|p2a: goofy
|-boost|p2a: goofy|atk|1
|-boost|p2a: goofy|spe|1
|
|turn|18
|
|move|p2a: goofy|Extreme Speed|p1a: Ceruledge
|-damage|p1a: Ceruledge|0 fnt
|faint|p1a: Ceruledge
|-damage|p2a: goofy|35/100|[from] item: Life Orb
|
|
|switch|p1a: Garganacl|Garganacl, M|100/100
|turn|19
|
|-terastallize|p2a: goofy|Steel
|move|p2a: goofy|Iron Head|p1a: Garganacl
|-supereffective|p1a: Garganacl
|-crit|p1a: Garganacl
|-damage|p1a: Garganacl|0 fnt
|-damage|p2a: goofy|19/100|[from] item: Rocky Helmet|[of] p1a: Garganacl
|faint|p1a: Garganacl
|-damage|p2a: goofy|9/100|[from] item: Life Orb
|
|win|spudmane
