|poke|p1|Goodra-Hisui, F|
|poke|p1|Ursaluna, F|
|poke|p1|Cresselia, F|
|poke|p1|Slowking-Galar, F|
|poke|p1|Glastrier|
|poke|p1|Kingambit, M|
|poke|p2|Meowscarada, F|
|poke|p2|Iron Moth|
|poke|p2|Gholdengo|
|poke|p2|Great Tusk|
|poke|p2|Iron Jugulis|
|poke|p2|Dragonite, M|
|teampreview
|
|start
|switch|p1a: Goodra|Goodra-Hisui, F|100/100
|switch|p2a: Meowscarada|Meowscarada, F|100/100
|turn|1
|
|move|p2a: Meowscarada|Spikes|p1a: Goodra
|-sidestart|p1: p1|Spikes
|move|p1a: Goodra|Ice Beam|p2a: Meowscarada
|-supereffective|p2a: Meowscarada
|-damage|p2a: Meowscarada|25/100
|
|turn|2
|
|switch|p2a: Gholdengo|Gholdengo|100/100
|move|p1a: Goodra|Acid Armor|p1a: Goodra
|-boost|p1a: Goodra|def|2
|
|turn|3
|
|move|p2a: Gholdengo|Shadow Ball|p1a: Goodra
|-damage|p1a: Goodra|75/100
|move|p1a: Goodra|Earthquake|p2a: Gholdengo
|-supereffective|p2a: Gholdengo
|-damage|p2a: Gholdengo|27/100
|
|turn|4
|
|move|p2a: Gholdengo|Make It Rain|p1a: Goodra
|-resisted|p1a: Goodra
|-damage|p1a: Goodra|52/100
|-unboost|p2a: Gholdengo|spa|1
|-enditem|p2a: Gholdengo|Eject Pack
|
|switch|p2a: Great Tusk|Great Tusk|100/100
|move|p1a: Goodra|Dragon Tail|p2a: Great Tusk
|-damage|p2a: Great Tusk|79/100
|-end|p2a: Great Tusk|Protosynthesis|[silent]
|drag|p2a: Iron Moth|Iron Moth|100/100
|-enditem|p2a: Iron Moth|Booster Energy
|-activate|p2a: Iron Moth|ability: Quark Drive|[fromitem]
|-start|p2a: Iron Moth|quarkdrivespa
|
|turn|5
|
|move|p2a: Iron Moth|Flamethrower|p1a: Goodra
|-damage|p1a: Goodra|5/100
|move|p1a: Goodra|Earthquake|p2a: Iron Moth
|-supereffective|p2a: Iron Moth
|-damage|p2a: Iron Moth|0 fnt
|faint|p2a: Iron Moth
|-end|p2a: Iron Moth|Quark Drive|[silent]
|
|
|switch|p2a: Meowscarada|Meowscarada, F|25/100
|turn|6
|
|move|p2a: Meowscarada|Knock Off|p1a: Goodra
|-damage|p1a: Goodra|0 fnt
|-damage|p2a: Meowscarada|8/100|[from] item: Rocky Helmet|[of] p1a: Goodra
|-enditem|p1a: Goodra|Rocky Helmet|[from] move: Knock Off|[of] p2a: Meowscarada
|faint|p1a: Goodra
|
|
|switch|p1a: Cresselia|Cresselia, F|100/100
|turn|7
|
|move|p2a: Meowscarada|Knock Off|p1a: Cresselia
|-supereffective|p1a: Cresselia
|-damage|p1a: Cresselia|48/100
|-enditem|p1a: Cresselia|Leftovers|[from] move: Knock Off|[of] p2a: Meowscarada
|move|p1a: Cresselia|Trick Room|p1a: Cresselia
|-fieldstart|move: Trick Room|[of] p1a: Cresselia
|
|turn|8
|
|switch|p1a: Kingambit|Kingambit, M|100/100
|-damage|p1a: Kingambit|88/100|[from] Spikes
|-activate|p1a: Kingambit|ability: Supreme Overlord
|-start|p1a: Kingambit|fallen1|[silent]
|switch|p2a: Gholdengo|Gholdengo|27/100
|
|turn|9
|
|move|p1a: Kingambit|Kowtow Cleave|p2a: Gholdengo
|-supereffective|p2a: Gholdengo
|-damage|p2a: Gholdengo|0 fnt
|faint|p2a: Gholdengo
|
|
|switch|p2a: Great Tusk|Great Tusk|79/100
|turn|10
|
|-end|p1a: Kingambit|fallen1|[silent]
|switch|p1a: Glastrier|Glastrier|100/100
|move|p2a: Great Tusk|Headlong Rush|p1a: Glastrier
|-damage|p1a: Glastrier|60/100
|-unboost|p2a: Great Tusk|def|1
|-unboost|p2a: Great Tusk|spd|1
|-enditem|p2a: Great Tusk|Eject Pack
|
|-end|p2a: Great Tusk|Protosynthesis|[silent]
|switch|p2a: Meowscarada|Meowscarada, F|8/100
|
|turn|11
|
|move|p1a: Glastrier|Icicle Crash|p2a: Meowscarada
|-supereffective|p2a: Meowscarada
|-damage|p2a: Meowscarada|0 fnt
|faint|p2a: Meowscarada
|-ability|p1a: Glastrier|Chilling Neigh|boost
|-boost|p1a: Glastrier|atk|1
|
|-fieldend|move: Trick Room
|
|switch|p2a: Great Tusk|Great Tusk|79/100
|turn|12
|
|move|p2a: Great Tusk|Close Combat|p1a: Glastrier
|-supereffective|p1a: Glastrier
|-damage|p1a: Glastrier|0 fnt
|-unboost|p2a: Great Tusk|def|1
|-unboost|p2a: Great Tusk|spd|1
|faint|p1a: Glastrier
|
|
|switch|p1a: Cresselia|Cresselia, F|48/100
|turn|13
|
|-end|p2a: Great Tusk|Protosynthesis|[silent]
|switch|p2a: Iron Jugulis|Iron Jugulis|100/100
|-enditem|p2a: Iron Jugulis|Booster Energy
|-activate|p2a: Iron Jugulis|ability: Quark Drive|[fromitem]
|-start|p2a: Iron Jugulis|quarkdrivespe
|move|p1a: Cresselia|Trick Room|p1a: Cresselia
|-fieldstart|move: Trick Room|[of] p1a: Cresselia
|
|turn|14
|
|move|p1a: Cresselia|Thunder Wave|p2a: Iron Jugulis
|-status|p2a: Iron Jugulis|par
|move|p2a: Iron Jugulis|Dark Pulse|p1a: Cresselia
|-supereffective|p1a: Cresselia
|-damage|p1a: Cresselia|11/100
|
|turn|15
|
|move|p1a: Cresselia|Lunar Dance|p1a: Cresselia
|faint|p1a: Cresselia
|move|p2a: Iron Jugulis|Fire Blast|p1: Cresselia|[notarget]
|-fail|p2a: Iron Jugulis
|
|
|switch|p1a: Kingambit|Kingambit, M|88/100
|-heal|p1a: Kingambit|100/100|[from] move: Lunar Dance
|-damage|p1a: Kingambit|88/100|[from] Spikes
|-activate|p1a: Kingambit|ability: Supreme Overlord
|-start|p1a: Kingambit|fallen3|[silent]
|turn|16
|
|-terastallize|p1a: Kingambit|Flying
|-terastallize|p2a: Iron Jugulis|Fire
|move|p1a: Kingambit|Tera Blast|p2a: Iron Jugulis
|-damage|p2a: Iron Jugulis|0 fnt
|faint|p2a: Iron Jugulis
|-end|p2a: Iron Jugulis|Quark Drive|[silent]
|
|
|switch|p2a: Dragonite|Dragonite, M|100/100
|turn|17
|
|move|p1a: Kingambit|Tera Blast|p2a: Dragonite
|-damage|p2a: Dragonite|53/100
|move|p2a: Dragonite|Dragon Dance|p2a: Dragonite
|-boost|p2a: Dragonite|atk|1
|-boost|p2a: Dragonite|spe|1
|
|-fieldend|move: Trick Room
|turn|18
|
|move|p2a: Dragonite|Extreme Speed|p1a: Kingambit
|-damage|p1a: Kingambit|55/100
|move|p1a: Kingambit|Tera Blast|p2a: Dragonite
|-damage|p2a: Dragonite|0 fnt
|faint|p2a: Dragonite
|
|
|switch|p2a: Great Tusk|Great Tusk|79/100
|turn|19
|
|move|p2a: Great Tusk|Close Combat|p1a: Kingambit
|-resisted|p1a: Kingambit
|-damage|p1a: Kingambit|33/100
|-unboost|p2a: Great Tusk|def|1
|-unboost|p2a: Great Tusk|spd|1
|move|p1a: Kingambit|Tera Blast|p2a: Great Tusk
|-supereffective|p2a: Great Tusk
|-damage|p2a: Great Tusk|0 fnt
|faint|p2a: Great Tusk
|-end|p2a: Great Tusk|Protosynthesis|[silent]
|
|win|p1
