# advantage = p2
|poke|p1|Typhlosion-Hisui, F|
|poke|p1|Magearna|
|poke|p1|Dragapult, F|
|poke|p1|Urshifu-*, M|
|poke|p1|Zapdos|
|poke|p1|Great Tusk|
|poke|p2|Breloom, M|
|poke|p2|Heatran, F|
|poke|p2|Mew|
|poke|p2|Glimmora, F|
|poke|p2|Zapdos|
|poke|p2|Urshifu-*, F|
|teampreview
|
|start
|switch|p1a: Typhlosion|Typhlosion-Hisui, F|100/100
|switch|p2a: Breloom|Breloom, M|100/100
|turn|1
|
|switch|p2a: Zapdos|Zapdos|100/100
|move|p1a: Typhlosion|Eruption|p2a: Zapdos
|-damage|p2a: Zapdos|0 fnt
|faint|p2a: Zapdos
|
|
|switch|p2a: Urshifu|Urshifu-Rapid-Strike, F|100/100
|turn|2
|
|switch|p1a: Zapdos|Zapdos|100/100
|move|p2a: Urshifu|Surging Strikes|p1a: Zapdos
|-crit|p1a: Zapdos
|-damage|p1a: Zapdos|77/100
|-status|p2a: Urshifu|par|[from] ability: Static|[of] p1a: Zapdos
|-crit|p1a: Zapdos
|-damage|p1a: Zapdos|55/100
|-crit|p1a: Zapdos
|-damage|p1a: Zapdos|33/100
|-hitcount|p1a: Zapdos|3
|
|turn|3
|
|move|p1a: Zapdos|Roost|p1a: Zapdos
|-heal|p1a: Zapdos|83/100
|-singleturn|p1a: Zapdos|move: Roost
|cant|p2a: Urshifu|par
|
|turn|4
|
|switch|p2a: Glimmora|Glimmora, F|100/100
|move|p1a: Zapdos|Volt Switch|p2a: Glimmora
|-damage|p2a: Glimmora|60/100
|
|switch|p1a: Great Tusk|Great Tusk|100/100|[from] Volt Switch
|-enditem|p1a: Great Tusk|Booster Energy
|-activate|p1a: Great Tusk|ability: Protosynthesis|[fromitem]
|-start|p1a: Great Tusk|protosynthesisspe
|
|turn|5
|
|switch|p2a: Breloom|Breloom, M|100/100
|move|p1a: Great Tusk|Stealth Rock|p2a: Breloom
|-sidestart|p2: p2|move: Stealth Rock
|
|-status|p2a: Breloom|tox|[from] item: Toxic Orb
|turn|6
|
|-end|p1a: Great Tusk|Protosynthesis|[silent]
|switch|p1a: Zapdos|Zapdos|83/100
|switch|p2a: Heatran|Heatran, F|100/100
|-damage|p2a: Heatran|88/100|[from] Stealth Rock
|
|-heal|p2a: Heatran|94/100|[from] item: Leftovers
|turn|7
|
|move|p1a: Zapdos|Volt Switch|p2a: Heatran
|-damage|p2a: Heatran|77/100
|
|switch|p1a: Great Tusk|Great Tusk|100/100|[from] Volt Switch
|move|p2a: Heatran|Magma Storm|p1a: Great Tusk
|-damage|p1a: Great Tusk|45/100
|-activate|p1a: Great Tusk|move: Magma Storm|[of] p2a: Heatran
|
|-heal|p2a: Heatran|83/100|[from] item: Leftovers
|-damage|p1a: Great Tusk|33/100|[from] move: Magma Storm|[partiallytrapped]
|turn|8
|
|move|p1a: Great Tusk|Headlong Rush|p2a: Heatran
|-supereffective|p2a: Heatran
|-damage|p2a: Heatran|0 fnt
|-unboost|p1a: Great Tusk|def|1
|-unboost|p1a: Great Tusk|spd|1
|faint|p2a: Heatran
|
|-end|p1a: Great Tusk|Magma Storm|[partiallytrapped]|[silent]
|
|switch|p2a: Mew|Mew|100/100
|-damage|p2a: Mew|88/100|[from] Stealth Rock
|turn|9
|
|move|p1a: Great Tusk|Knock Off|p2a: Mew
|-supereffective|p2a: Mew
|-damage|p2a: Mew|39/100
|-enditem|p2a: Mew|Weakness Policy
|-boost|p2a: Mew|atk|2|[from] item: Weakness Policy
|-boost|p2a: Mew|spa|2|[from] item: Weakness Policy
|move|p2a: Mew|Dragon Dance|p2a: Mew
|-boost|p2a: Mew|atk|1
|-boost|p2a: Mew|spe|1
|
|turn|10
|
|move|p2a: Mew|Zen Headbutt|p1a: Great Tusk
|-supereffective|p1a: Great Tusk
|-damage|p1a: Great Tusk|0 fnt
|faint|p1a: Great Tusk
|-end|p1a: Great Tusk|Protosynthesis|[silent]
|
|
|switch|p1a: Magearna|Magearna|100/100
|turn|11
|
|-terastallize|p2a: Mew|Fighting
|-terastallize|p1a: Magearna|Water
|move|p2a: Mew|Close Combat|p1a: Magearna
|-damage|p1a: Magearna|24/100
|-unboost|p2a: Mew|def|1
|-unboost|p2a: Mew|spd|1
|move|p1a: Magearna|Flash Cannon|p2a: Mew
|-damage|p2a: Mew|0 fnt
|faint|p2a: Mew
|-ability|p1a: Magearna|Soul-Heart|boost
|-boost|p1a: Magearna|spa|1
|
|
|switch|p2a: Urshifu|Urshifu-Rapid-Strike, F|100/100 par
|-damage|p2a: Urshifu|94/100 par|[from] Stealth Rock
|turn|12
|
|move|p1a: Magearna|Volt Switch|p2a: Urshifu
|-supereffective|p2a: Urshifu
|-damage|p2a: Urshifu|0 fnt
|faint|p2a: Urshifu
|-ability|p1a: Magearna|Soul-Heart|boost
|-boost|p1a: Magearna|spa|1
|
|switch|p1a: Urshifu|Urshifu-Rapid-Strike, M|100/100|[from] Volt Switch
|
|
|switch|p2a: Breloom|Breloom, M|100/100 tox
|-damage|p2a: Breloom|94/100 tox|[from] Stealth Rock
|turn|13
|-message|p2 forfeited.
|
|win|p1
