# advantage = p2
|poke|p1|Arcanine-Hisui, M|
|poke|p1|Urshifu-*, F|
|poke|p1|Kingambit, M|
|poke|p1|Great Tusk|
|poke|p1|Garchomp, F|
|poke|p1|Zapdos|
|poke|p2|Clodsire, M|
|poke|p2|Sableye, F|
|poke|p2|Zamazenta-*|
|poke|p2|Brambleghast, F|
|poke|p2|Muk-Alola, F|
|poke|p2|Hoopa-Unbound|
|teampreview
|
|start
|switch|p1a: Urshifu|Urshifu-Rapid-Strike, F|100/100
|switch|p2a: Hoopa|Hoopa-Unbound|100/100
|turn|1
|
|move|p2a: Hoopa|Psychic|p1a: Urshifu
|-supereffective|p1a: Urshifu
|-damage|p1a: Urshifu|0 fnt
|faint|p1a: Urshifu
|
|
|switch|p1a: Kingambit|Kingambit, M|100/100
|-activate|p1a: Kingambit|ability: Supreme Overlord
|-start|p1a: Kingambit|fallen1|[silent]
|turn|2
|
|switch|p2a: Zamazenta|Zamazenta|100/100
|-ability|p2a: Zamazenta|Dauntless Shield|boost
|-boost|p2a: Zamazenta|def|1
|move|p1a: Kingambit|Swords Dance|p1a: Kingambit
|-boost|p1a: Kingambit|atk|2
|
|turn|3
|
|-terastallize|p1a: Kingambit|Flying
|move|p2a: Zamazenta|Stone Edge|p1a: Kingambit
|-supereffective|p1a: Kingambit
|-crit|p1a: Kingambit
|-damage|p1a: Kingambit|0 fnt
|faint|p1a: Kingambit
|-end|p1a: Kingambit|fallen1|[silent]
|
|
|switch|p1a: Garchomp|Garchomp, F|100/100
|turn|4
|
|switch|p2a: Sableye|Sableye, F|100/100
|move|p1a: Garchomp|Spikes|p2a: Sableye
|-sidestart|p2: p2|Spikes
|
|turn|5
|
|move|p2a: Sableye|Taunt|p1a: Garchomp
|-start|p1a: Garchomp|move: Taunt
|cant|p1a: Garchomp|move: Taunt|Spikes
|
|turn|6
|
|move|p2a: Sableye|Will-O-Wisp|p1a: Garchomp
|-status|p1a: Garchomp|brn
|move|p1a: Garchomp|Earthquake|p2a: Sableye
|-damage|p2a: Sableye|73/100
|-damage|p1a: Garchomp|91/100 brn|[from] item: Life Orb
|
|-damage|p1a: Garchomp|85/100 brn|[from] brn
|turn|7
|
|move|p1a: Garchomp|Draco Meteor|p2a: Sableye
|-damage|p2a: Sableye|0 fnt
|-unboost|p1a: Garchomp|spa|2
|faint|p2a: Sableye
|-damage|p1a: Garchomp|75/100 brn|[from] item: Life Orb
|
|-damage|p1a: Garchomp|69/100 brn|[from] brn
|-end|p1a: Garchomp|move: Taunt
|
|switch|p2a: Zamazenta|Zamazenta|100/100
|-damage|p2a: Zamazenta|88/100|[from] Spikes
|turn|8
|
|switch|p1a: Great Tusk|Great Tusk, shiny|100/100
|move|p2a: Zamazenta|Close Combat|p1a: Great Tusk
|-damage|p1a: Great Tusk|57/100
|-unboost|p2a: Zamazenta|def|1
|-unboost|p2a: Zamazenta|spd|1
|
|-heal|p1a: Great Tusk|63/100|[from] item: Leftovers
|turn|9
|
|-terastallize|p2a: Zamazenta|Fighting
|move|p2a: Zamazenta|Close Combat|p1a: Great Tusk
|-damage|p1a: Great Tusk|0 fnt
|-unboost|p2a: Zamazenta|def|1
|-unboost|p2a: Zamazenta|spd|1
|faint|p1a: Great Tusk
|-end|p1a: Great Tusk|Protosynthesis|[silent]
|
|
|switch|p1a: Zapdos|Zapdos|100/100
|turn|10
|
|switch|p2a: Brambleghast|Brambleghast, F|100/100
|move|p1a: Zapdos|Hurricane|p2a: Brambleghast
|-ability|p2a: Brambleghast|Wind Rider|boost
|-boost|p2a: Brambleghast|atk|1
|
|turn|11
|
|move|p2a: Brambleghast|Strength Sap|p1a: Zapdos
|-unboost|p1a: Zapdos|atk|1
|move|p1a: Zapdos|Heat Wave|p2a: Brambleghast
|-ability|p2a: Brambleghast|Wind Rider|boost
|-boost|p2a: Brambleghast|atk|1
|
|turn|12
|
|move|p2a: Brambleghast|Spikes|p1a: Zapdos
|-sidestart|p1: p1|Spikes
|move|p1a: Zapdos|Volt Switch|p2a: Brambleghast
|-resisted|p2a: Brambleghast
|-damage|p2a: Brambleghast|78/100
|
|switch|p1a: Arcanine|Arcanine-Hisui, M|100/100|[from] Volt Switch
|-damage|p1a: Arcanine|88/100|[from] Spikes
|
|turn|13
|
|switch|p2a: Clodsire|Clodsire, M|100/100
|-damage|p2a: Clodsire|88/100|[from] Spikes
|move|p1a: Arcanine|Flare Blitz|p2a: Clodsire
|-damage|p2a: Clodsire|0 fnt
|faint|p2a: Clodsire
|
|
|switch|p2a: Zamazenta|Zamazenta, tera:Fighting|88/100
|-damage|p2a: Zamazenta|76/100|[from] Spikes
|turn|14
|
|switch|p1a: Zapdos|Zapdos|100/100
|move|p2a: Zamazenta|Stone Edge|p1a: Zapdos
|-supereffective|p1a: Zapdos
|-crit|p1a: Zapdos
|-damage|p1a: Zapdos|0 fnt
|faint|p1a: Zapdos
|
|-message|p1 forfeited.
|
|win|p2
