|poke|p1|Chien-Pao|
|poke|p1|Arcanine-Hisui, M|
|poke|p1|Great Tusk|
|poke|p1|Volcanion|
|poke|p1|Dragonite, M|
|poke|p1|Zoroark-Hisui, M|
|poke|p2|Lokix, M|
|poke|p2|Skeledirge, F|
|poke|p2|Toedscruel, M|
|poke|p2|Garchomp, F|
|poke|p2|Flamigo, M|
|poke|p2|Iron Moth|
|teampreview
|
|start
|switch|p1a: Arcanine|Arcanine-Hisui, M|100/100
|switch|p2a: Garchomp|Garchomp, F|100/100
|-ability|p1a: Arcanine|Intimidate|boost
|-unboost|p2a: Garchomp|atk|1
|turn|1
|
|-terastallize|p1a: Arcanine|Grass
|move|p2a: Garchomp|Stealth Rock|p1a: Arcanine
|-sidestart|p1: p1|move: Stealth Rock
|move|p1a: Arcanine|Will-O-Wisp|p2a: Garchomp
|-status|p2a: Garchomp|brn
|
|-damage|p2a: Garchomp|94/100 brn|[from] brn
|turn|2
|
|switch|p2a: Skeledirge|Skeledirge, F|100/100
|move|p1a: Arcanine|Stealth Rock|p2a: Skeledirge
|-sidestart|p2: p2|move: Stealth Rock
|
|turn|3
|
|move|p1a: Arcanine|Flare Blitz|p2a: Skeledirge
|-resisted|p2a: Skeledirge
|-damage|p2a: Skeledirge|85/100
|-damage|p1a: Arcanine|95/100|[from] Recoil
|move|p2a: Skeledirge|Will-O-Wisp|p1a: Arcanine
|-status|p1a: Arcanine|brn
|
|-heal|p1a: Arcanine|100/100 brn|[from] item: Leftovers
|-damage|p1a: Arcanine|94/100 brn|[from] brn
|turn|4
|
|switch|p1a: Great Tusk|Great Tusk|100/100
|-damage|p1a: Great Tusk|98/100|[from] Stealth Rock
|move|p2a: Skeledirge|Slack Off|p2a: Skeledirge
|-heal|p2a: Skeledirge|100/100
|
|turn|5
|
|-end|p1a: Great Tusk|Protosynthesis|[silent]
|switch|p1a: Volcanion|Volcanion|100/100
|-terastallize|p2a: Skeledirge|Water
|move|p2a: Skeledirge|Will-O-Wisp|p1a: Volcanion|[miss]
|-miss|p2a: Skeledirge|p1a: Volcanion
|
|turn|6
|
|move|p1a: Volcanion|Sludge Bomb|p2a: Skeledirge
|-damage|p2a: Skeledirge|61/100
|move|p2a: Skeledirge|Torch Song|p1a: Volcanion
|-resisted|p1a: Volcanion
|-damage|p1a: Volcanion|93/100
|-boost|p2a: Skeledirge|spa|1
|
|turn|7
|
|move|p1a: Volcanion|Sludge Bomb|p2a: Skeledirge
|-damage|p2a: Skeledirge|25/100
|move|p2a: Skeledirge|Slack Off|p2a: Skeledirge
|-heal|p2a: Skeledirge|75/100
|
|turn|8
|
|switch|p2a: Garchomp|Garchomp, F|94/100 brn
|-damage|p2a: Garchomp|88/100 brn|[from] Stealth Rock
|move|p1a: Volcanion|Sludge Bomb|p2a: Garchomp
|-resisted|p2a: Garchomp
|-damage|p2a: Garchomp|71/100 brn
|
|-damage|p2a: Garchomp|65/100 brn|[from] brn
|turn|9
|
|switch|p1a: Great Tusk|Great Tusk|98/100
|-damage|p1a: Great Tusk|95/100|[from] Stealth Rock
|move|p2a: Garchomp|Stone Edge|p1a: Great Tusk
|-resisted|p1a: Great Tusk
|-damage|p1a: Great Tusk|92/100
|
|-damage|p2a: Garchomp|58/100 brn|[from] brn
|turn|10
|
|switch|p2a: Skeledirge|Skeledirge, F, tera:Water|75/100
|move|p1a: Great Tusk|Rapid Spin|p2a: Skeledirge
|-damage|p2a: Skeledirge|66/100
|-boost|p1a: Great Tusk|spe|1
|-sideend|p1: p1|Stealth Rock|[from] move: Rapid Spin|[of] p1a: Great Tusk
|
|turn|11
|
|-end|p1a: Great Tusk|Protosynthesis|[silent]
|switch|p1a: Volcanion|Volcanion|93/100
|move|p2a: Skeledirge|Slack Off|p2a: Skeledirge
|-heal|p2a: Skeledirge|100/100
|
|turn|12
|
|switch|p2a: Garchomp|Garchomp, F|58/100 brn
|-damage|p2a: Garchomp|52/100 brn|[from] Stealth Rock
|move|p1a: Volcanion|Earth Power|p2a: Garchomp
|-damage|p2a: Garchomp|15/100 brn
|
|-damage|p2a: Garchomp|9/100 brn|[from] brn
|turn|13
|
|switch|p1a: Great Tusk|Great Tusk|92/100
|move|p2a: Garchomp|Stealth Rock|p1a: Great Tusk
|-sidestart|p1: p1|move: Stealth Rock
|
|-damage|p2a: Garchomp|2/100 brn|[from] brn
|turn|14
|
|move|p2a: Garchomp|Stealth Rock||[still]
|-fail|p2a: Garchomp
|move|p1a: Great Tusk|Rapid Spin|p2a: Garchomp
|-damage|p2a: Garchomp|0 fnt
|-boost|p1a: Great Tusk|spe|1
|-damage|p1a: Great Tusk|80/100|[from] ability: Rough Skin|[of] p2a: Garchomp
|-sideend|p1: p1|Stealth Rock|[from] move: Rapid Spin|[of] p1a: Great Tusk
|faint|p2a: Garchomp
|
|
|switch|p2a: Skeledirge|Skeledirge, F, tera:Water|100/100
|turn|15
|
|-end|p1a: Great Tusk|Protosynthesis|[silent]
|switch|p1a: Volcanion|Volcanion|93/100
|move|p2a: Skeledirge|Torch Song|p1a: Volcanion
|-resisted|p1a: Volcanion
|-damage|p1a: Volcanion|86/100
|-boost|p2a: Skeledirge|spa|1
|
|turn|16
|
|move|p1a: Volcanion|Earth Power|p2a: Skeledirge
|-damage|p2a: Skeledirge|62/100
|move|p2a: Skeledirge|Torch Song|p1a: Volcanion
|-resisted|p1a: Volcanion
|-damage|p1a: Volcanion|74/100
|-boost|p2a: Skeledirge|spa|1
|
|turn|17
|
|move|p1a: Volcanion|Sludge Bomb|p2a: Skeledirge
|-damage|p2a: Skeledirge|25/100
|move|p2a: Skeledirge|Slack Off|p2a: Skeledirge
|-heal|p2a: Skeledirge|75/100
|
|turn|18
|
|move|p1a: Volcanion|Sludge Bomb|p2a: Skeledirge
|-damage|p2a: Skeledirge|37/100
|move|p2a: Skeledirge|Slack Off|p2a: Skeledirge
|-heal|p2a: Skeledirge|87/100
|
|turn|19
|
|move|p1a: Volcanion|Earth Power|p2a: Skeledirge
|-damage|p2a: Skeledirge|53/100
|move|p2a: Skeledirge|Hex|p1a: Volcanion
|-damage|p1a: Volcanion|21/100
|
|turn|20
|
|move|p1a: Volcanion|Sludge Bomb|p2a: Skeledirge
|-damage|p2a: Skeledirge|18/100
|move|p2a: Skeledirge|Slack Off|p2a: Skeledirge
|-heal|p2a: Skeledirge|68/100
|
|turn|21
|
|move|p1a: Volcanion|Sludge Bomb|p2a: Skeledirge
|-damage|p2a: Skeledirge|33/100
|-status|p2a: Skeledirge|psn
|move|p2a: Skeledirge|Slack Off|p2a: Skeledirge
|-heal|p2a: Skeledirge|83/100 psn
|
|-damage|p2a: Skeledirge|71/100 psn|[from] psn
|turn|22
|
|switch|p1a: Great Tusk|Great Tusk|100/100
|move|p2a: Skeledirge|Hex|p1a: Great Tusk
|-immune|p1a: Great Tusk
|
|-damage|p2a: Skeledirge|58/100 psn|[from] psn
|turn|23
|
|switch|p1a: Volcanion|Volcanion|21/100
|move|p2a: Skeledirge|Slack Off|p2a: Skeledirge
|-heal|p2a: Skeledirge|100/100 psn
|
|-damage|p2a: Skeledirge|88/100 psn|[from] psn
|turn|24
|
|move|p1a: Volcanion|Sludge Bomb|p2a: Skeledirge
|-damage|p2a: Skeledirge|53/100 psn
|move|p2a: Skeledirge|Hex|p1a: Volcanion
|-damage|p1a: Volcanion|0 fnt
|faint|p1a: Volcanion
|
|-damage|p2a: Skeledirge|40/100 psn|[from] psn
|
|switch|p1a: Chien-Pao|Chien-Pao|100/100
|-ability|p1a: Chien-Pao|Sword of Ruin
|turn|25
|
|move|p1a: Chien-Pao|Crunch|p2a: Skeledirge
|-damage|p2a: Skeledirge|0 fnt
|faint|p2a: Skeledirge
|-damage|p1a: Chien-Pao|91/100|[from] item: Life Orb
|
|
|switch|p2a: Lokix|Lokix, M|100/100
|-damage|p2a: Lokix|76/100|[from] Stealth Rock
|turn|26
|
|switch|p1a: Arcanine|Arcanine-Hisui, M, tera:Grass|94/100 brn
|-ability|p1a: Arcanine|Intimidate|boost
|-unboost|p2a: Lokix|atk|1
|move|p2a: Lokix|U-turn|p1a: Arcanine
|-supereffective|p1a: Arcanine
|-damage|p1a: Arcanine|18/100 brn
|
|switch|p2a: Toedscruel|Toedscruel, M|100/100|[from] U-turn
|-damage|p2a: Toedscruel|95/100|[from] Stealth Rock
|
|-heal|p2a: Toedscruel|100/100|[from] item: Leftovers
|-heal|p1a: Arcanine|24/100 brn|[from] item: Leftovers
|-damage|p1a: Arcanine|18/100 brn|[from] brn
|turn|27
|
|move|p2a: Toedscruel|Rapid Spin|p1a: Arcanine
|-damage|p1a: Arcanine|10/100 brn
|-boost|p2a: Toedscruel|spe|1
|-sideend|p2: p2|Stealth Rock|[from] move: Rapid Spin|[of] p2a: Toedscruel
|move|p1a: Arcanine|Flare Blitz|p2a: Toedscruel
|-supereffective|p2a: Toedscruel
|-damage|p2a: Toedscruel|21/100
|-damage|p1a: Arcanine|0 fnt|[from] Recoil
|faint|p1a: Arcanine
|
|-heal|p2a: Toedscruel|27/100|[from] item: Leftovers
|
|switch|p1a: Chien-Pao|Chien-Pao|91/100
|-ability|p1a: Chien-Pao|Sword of Ruin
|turn|28
|
|move|p1a: Chien-Pao|Ice Shard|p2a: Toedscruel
|-supereffective|p2a: Toedscruel
|-damage|p2a: Toedscruel|0 fnt
|faint|p2a: Toedscruel
|-damage|p1a: Chien-Pao|81/100|[from] item: Life Orb
|
|
|switch|p2a: Iron Moth|Iron Moth|100/100
|turn|29
|
|move|p1a: Chien-Pao|Crunch|p2a: Iron Moth
|-damage|p2a: Iron Moth|0 fnt
|faint|p2a: Iron Moth
|-end|p2a: Iron Moth|Quark Drive|[silent]
|-damage|p1a: Chien-Pao|71/100|[from] item: Life Orb
|
|
|switch|p2a: Lokix|Lokix, M|76/100
|turn|30
|
|switch|p1a: Great Tusk|Great Tusk|80/100
|move|p2a: Lokix|First Impression|p1a: Great Tusk
|-resisted|p1a: Great Tusk
|-damage|p1a: Great Tusk|51/100
|-damage|p2a: Lokix|59/100|[from] item: Rocky Helmet|[of] p1a: Great Tusk
|
|turn|31
|
|switch|p2a: Flamigo|Flamigo, M|100/100
|move|p1a: Great Tusk|Knock Off|p2a: Flamigo
|-resisted|p2a: Flamigo
|-damage|p2a: Flamigo|81/100
|-enditem|p2a: Flamigo|Choice Band|[from] move: Knock Off|[of] p1a: Great Tusk
|
|turn|32
|
|move|p2a: Flamigo|Brave Bird|p1a: Great Tusk
|-supereffective|p1a: Great Tusk
|-damage|p1a: Great Tusk|0 fnt
|-damage|p2a: Flamigo|65/100|[from] item: Rocky Helmet|[of] p1a: Great Tusk
|faint|p1a: Great Tusk
|-end|p1a: Great Tusk|Protosynthesis|[silent]
|-damage|p2a: Flamigo|41/100|[from] Recoil
|
|
|switch|p1a: Chien-Pao|Chien-Pao|71/100
|-ability|p1a: Chien-Pao|Sword of Ruin
|turn|33
|
|move|p1a: Chien-Pao|Ice Spinner|p2a: Flamigo
|-supereffective|p2a: Flamigo
|-damage|p2a: Flamigo|0 fnt
|faint|p2a: Flamigo
|-damage|p1a: Chien-Pao|61/100|[from] item: Life Orb
|
|
|switch|p2a: Lokix|Lokix, M|59/100
|turn|34
|
|switch|p1a: Dragonite|Dragonite, M|100/100
|move|p2a: Lokix|Leech Life|p1a: Dragonite
|-resisted|p1a: Dragonite
|-damage|p1a: Dragonite|0 fnt
|-heal|p2a: Lokix|100/100|[from] drain|[of] p1a: Dragonite
|replace|p1a: Zoroark|Zoroark-Hisui, M
|-end|p1a: Zoroark|Illusion
|faint|p1a: Zoroark
|
|
|switch|p1a: Chien-Pao|Chien-Pao|61/100
|-ability|p1a: Chien-Pao|Sword of Ruin
|turn|35
|
|move|p1a: Chien-Pao|Ice Spinner|p2a: Lokix
|-damage|p2a: Lokix|5/100
|-damage|p1a: Chien-Pao|51/100|[from] item: Life Orb
|move|p2a: Lokix|Leech Life|p1a: Chien-Pao
|-supereffective|p1a: Chien-Pao
|-damage|p1a: Chien-Pao|0 fnt
|-heal|p2a: Lokix|32/100|[from] drain|[of] p1a: Chien-Pao
|faint|p1a: Chien-Pao
|
|
|switch|p1a: Dragonite|Dragonite, M|100/100
|turn|36
|
|move|p1a: Dragonite|Extreme Speed|p2a: Lokix
|-crit|p2a: Lokix
|-damage|p2a: Lokix|0 fnt
|faint|p2a: Lokix
|
|win|p1
