# advantage = p1
|poke|p1|Pelipper, F|
|poke|p1|Toedscruel, F|
|poke|p1|Volcanion|
|poke|p1|Zapdos|
|poke|p1|Clodsire, F|
|poke|p1|Tauros-Paldea-Blaze, M|
|poke|p2|Urshifu-*, F|
|poke|p2|Ursaluna, F|
|poke|p2|Magearna-Original|
|poke|p2|Sneasler, F|
|poke|p2|Volcarona, F|
|poke|p2|Dragapult, F|
|teampreview
|
|start
|switch|p1a: Toedscruel|Toedscruel, F|100/100
|switch|p2a: DEADLY PREMONITION|Dragapult, F, shiny|100/100
|turn|1
|
|switch|p1a: Volcanion|Volcanion|100/100
|move|p2a: DEADLY PREMONITION|Light Screen|p2a: DEADLY PREMONITION
|-sidestart|p2: p2|move: Light Screen
|
|turn|2
|
|switch|p1a: Toedscruel|Toedscruel, F|100/100
|move|p2a: DEADLY PREMONITION|U-turn|p1a: Toedscruel
|-supereffective|p1a: Toedscruel
|-damage|p1a: Toedscruel|53/100
|
|switch|p2a: UNEXIST|Volcarona, F, shiny|100/100|[from] U-turn
|
|turn|3
|
|move|p2a: UNEXIST|Flamethrower|p1a: Toedscruel
|-supereffective|p1a: Toedscruel
|-damage|p1a: Toedscruel|0 fnt
|faint|p1a: Toedscruel
|
|
|switch|p1a: Pelipper|Pelipper, F|100/100
|-weather|RainDance|[from] ability: Drizzle|[of] p1a: Pelipper
|turn|4
|
|move|p1a: Pelipper|Surf|p2a: UNEXIST
|-supereffective|p2a: UNEXIST
|-damage|p2a: UNEXIST|43/100
|move|p2a: UNEXIST|Quiver Dance|p2a: UNEXIST
|-boost|p2a: UNEXIST|spa|1
|-boost|p2a: UNEXIST|spd|1
|-boost|p2a: UNEXIST|spe|1
|
|-weather|RainDance|[upkeep]
|turn|5
|
|move|p2a: UNEXIST|Giga Drain|p1a: Pelipper
|-damage|p1a: Pelipper|23/100
|-heal|p2a: UNEXIST|75/100|[from] drain|[of] p1a: Pelipper
|move|p1a: Pelipper|Surf|p2a: UNEXIST
|-supereffective|p2a: UNEXIST
|-damage|p2a: UNEXIST|36/100
|
|-weather|RainDance|[upkeep]
|turn|6
|
|switch|p1a: Clodsire|Clodsire, F|100/100
|move|p2a: UNEXIST|Giga Drain|p1a: Clodsire
|-damage|p1a: Clodsire|79/100
|-heal|p2a: UNEXIST|51/100|[from] drain|[of] p1a: Clodsire
|
|-weather|RainDance|[upkeep]
|turn|7
|
|switch|p2a: TAIGA|Ursaluna, F, shiny|100/100
|move|p1a: Clodsire|Stockpile|p1a: Clodsire
|-start|p1a: Clodsire|stockpile1
|-boost|p1a: Clodsire|def|1
|-boost|p1a: Clodsire|spd|1
|
|-weather|RainDance|[upkeep]
|-status|p2a: TAIGA|brn|[from] item: Flame Orb
|turn|8
|
|move|p2a: TAIGA|Headlong Rush|p1a: Clodsire
|-supereffective|p1a: Clodsire
|-damage|p1a: Clodsire|0 fnt
|-unboost|p2a: TAIGA|def|1
|-unboost|p2a: TAIGA|spd|1
|faint|p1a: Clodsire
|
|-weather|none
|-damage|p2a: TAIGA|94/100 brn|[from] brn
|-sideend|p2: p2|move: Light Screen
|
|switch|p1a: Volcanion|Volcanion|100/100
|turn|9
|
|switch|p2a: DEADLY PREMONITION|Dragapult, F, shiny|100/100
|move|p1a: Volcanion|Substitute|p1a: Volcanion
|-start|p1a: Volcanion|Substitute
|-damage|p1a: Volcanion|76/100
|
|-heal|p1a: Volcanion|82/100|[from] item: Leftovers
|turn|10
|
|move|p2a: DEADLY PREMONITION|Light Screen|p2a: DEADLY PREMONITION
|-sidestart|p2: p2|move: Light Screen
|move|p1a: Volcanion|Steam Eruption|p2a: DEADLY PREMONITION|[miss]
|-miss|p1a: Volcanion|p2a: DEADLY PREMONITION
|
|-heal|p1a: Volcanion|88/100|[from] item: Leftovers
|turn|11
|
|move|p2a: DEADLY PREMONITION|Curse|p1a: Volcanion
|-start|p1a: Volcanion|Curse|[of] p2a: DEADLY PREMONITION
|-damage|p2a: DEADLY PREMONITION|51/100
|move|p1a: Volcanion|Steam Eruption|p2a: DEADLY PREMONITION
|-resisted|p2a: DEADLY PREMONITION
|-damage|p2a: DEADLY PREMONITION|33/100
|
|-heal|p1a: Volcanion|94/100|[from] item: Leftovers
|-damage|p1a: Volcanion|70/100|[from] Curse
|turn|12
|
|move|p2a: DEADLY PREMONITION|U-turn|p1a: Volcanion
|-resisted|p1a: Volcanion
|-activate|p1a: Volcanion|move: Substitute|[damage]
|
|switch|p2a: AQUEOUS|Urshifu-Rapid-Strike, F|100/100|[from] U-turn
|move|p1a: Volcanion|Steam Eruption|p2a: AQUEOUS
|-resisted|p2a: AQUEOUS
|-damage|p2a: AQUEOUS|79/100
|
|-heal|p1a: Volcanion|76/100|[from] item: Leftovers
|-damage|p1a: Volcanion|51/100|[from] Curse
|turn|13
|
|switch|p1a: Tauros|Tauros-Paldea-Blaze, M|100/100
|-ability|p1a: Tauros|Intimidate|boost
|-unboost|p2a: AQUEOUS|atk|1
|move|p2a: AQUEOUS|Close Combat|p1a: Tauros
|-damage|p1a: Tauros|72/100
|-unboost|p2a: AQUEOUS|def|1
|-unboost|p2a: AQUEOUS|spd|1
|
|-heal|p1a: Tauros|78/100|[from] item: Leftovers
|turn|14
|
|-terastallize|p1a: Tauros|Water
|move|p2a: AQUEOUS|Surging Strikes|p1a: Tauros
|-resisted|p1a: Tauros
|-crit|p1a: Tauros
|-damage|p1a: Tauros|72/100
|-resisted|p1a: Tauros
|-crit|p1a: Tauros
|-damage|p1a: Tauros|65/100
|-resisted|p1a: Tauros
|-crit|p1a: Tauros
|-damage|p1a: Tauros|59/100
|-hitcount|p1a: Tauros|3
|move|p1a: Tauros|Will-O-Wisp|p2a: AQUEOUS
|-status|p2a: AQUEOUS|brn
|
|-heal|p1a: Tauros|65/100|[from] item: Leftovers
|-damage|p2a: AQUEOUS|73/100 brn|[from] brn
|turn|15
|
|move|p2a: AQUEOUS|Taunt|p1a: Tauros
|-start|p1a: Tauros|move: Taunt
|move|p1a: Tauros|Earthquake|p2a: AQUEOUS
|-damage|p2a: AQUEOUS|34/100 brn
|
|-heal|p1a: Tauros|72/100|[from] item: Leftovers
|-damage|p2a: AQUEOUS|28/100 brn|[from] brn
|turn|16
|
|switch|p1a: Volcanion|Volcanion|51/100
|move|p2a: AQUEOUS|Close Combat|p1a: Volcanion
|-crit|p1a: Volcanion
|-damage|p1a: Volcanion|16/100
|-unboost|p2a: AQUEOUS|def|1
|-unboost|p2a: AQUEOUS|spd|1
|
|-heal|p1a: Volcanion|22/100|[from] item: Leftovers
|-damage|p2a: AQUEOUS|22/100 brn|[from] brn
|turn|17
|
|move|p2a: AQUEOUS|Close Combat|p1a: Volcanion
|-damage|p1a: Volcanion|7/100
|-unboost|p2a: AQUEOUS|def|1
|-unboost|p2a: AQUEOUS|spd|1
|move|p1a: Volcanion|Steam Eruption|p2a: AQUEOUS
|-resisted|p2a: AQUEOUS
|-damage|p2a: AQUEOUS|0 fnt
|faint|p2a: AQUEOUS
|
|-heal|p1a: Volcanion|13/100|[from] item: Leftovers
|-sideend|p2: p2|move: Light Screen
|
|switch|p2a: UNEXIST|Volcarona, F, shiny|51/100
|turn|18
|
|move|p2a: UNEXIST|Giga Drain|p1a: Volcanion
|-damage|p1a: Volcanion|0 fnt
|-heal|p2a: UNEXIST|58/100|[from] drain|[of] p1a: Volcanion
|faint|p1a: Volcanion
|
|
|switch|p1a: Pelipper|Pelipper, F|23/100
|-weather|RainDance|[from] ability: Drizzle|[of] p1a: Pelipper
|turn|19
|
|move|p1a: Pelipper|Hurricane|p2a: UNEXIST
|-supereffective|p2a: UNEXIST
|-damage|p2a: UNEXIST|0 fnt
|faint|p2a: UNEXIST
|
|-weather|RainDance|[upkeep]
|
|switch|p2a: CALLISTO|Magearna-Original|100/100
|turn|20
|
|switch|p1a: Zapdos|Zapdos|100/100
|move|p2a: CALLISTO|Calm Mind|p2a: CALLISTO
|-boost|p2a: CALLISTO|spa|1
|-boost|p2a: CALLISTO|spd|1
|
|-weather|RainDance|[upkeep]
|turn|21
|
|move|p1a: Zapdos|Discharge|p2a: CALLISTO
|-damage|p2a: CALLISTO|80/100
|move|p2a: CALLISTO|Calm Mind|p2a: CALLISTO
|-boost|p2a: CALLISTO|spa|1
|-boost|p2a: CALLISTO|spd|1
|
|-weather|RainDance|[upkeep]
|-heal|p2a: CALLISTO|86/100|[from] item: Leftovers
|turn|22
|
|move|p1a: Zapdos|Discharge|p2a: CALLISTO
|-damage|p2a: CALLISTO|68/100
|-status|p2a: CALLISTO|par
|cant|p2a: CALLISTO|par
|
|-weather|RainDance|[upkeep]
|-heal|p2a: CALLISTO|74/100 par|[from] item: Leftovers
|turn|23
|
|move|p1a: Zapdos|Substitute|p1a: Zapdos
|-start|p1a: Zapdos|Substitute
|-damage|p1a: Zapdos|76/100
|cant|p2a: CALLISTO|par
|
|-weather|none
|-heal|p2a: CALLISTO|80/100 par|[from] item: Leftovers
|turn|24
|
|move|p1a: Zapdos|Hurricane|p2a: CALLISTO|[miss]
|-miss|p1a: Zapdos|p2a: CALLISTO
|cant|p2a: CALLISTO|par
|
|-heal|p2a: CALLISTO|86/100 par|[from] item: Leftovers
|turn|25
|
|move|p1a: Zapdos|Hurricane|p2a: CALLISTO
|-resisted|p2a: CALLISTO
|-damage|p2a: CALLISTO|74/100 par
|move|p2a: CALLISTO|Calm Mind|p2a: CALLISTO
|-boost|p2a: CALLISTO|spa|1
|-boost|p2a: CALLISTO|spd|1
|
|-heal|p2a: CALLISTO|80/100 par|[from] item: Leftovers
|turn|26
|
|move|p1a: Zapdos|Hurricane|p2a: CALLISTO
|-resisted|p2a: CALLISTO
|-damage|p2a: CALLISTO|70/100 par
|-start|p2a: CALLISTO|confusion
|-activate|p2a: CALLISTO|confusion
|move|p2a: CALLISTO|Iron Defense|p2a: CALLISTO
|-boost|p2a: CALLISTO|def|2
|
|-heal|p2a: CALLISTO|76/100 par|[from] item: Leftovers
|turn|27
|
|move|p1a: Zapdos|Discharge|p2a: CALLISTO
|-damage|p2a: CALLISTO|63/100 par
|-activate|p2a: CALLISTO|confusion
|-damage|p2a: CALLISTO|60/100 par|[from] confusion
|
|-heal|p2a: CALLISTO|66/100 par|[from] item: Leftovers
|turn|28
|
|move|p1a: Zapdos|Discharge|p2a: CALLISTO
|-damage|p2a: CALLISTO|51/100 par
|-activate|p2a: CALLISTO|confusion
|cant|p2a: CALLISTO|par
|
|-heal|p2a: CALLISTO|57/100 par|[from] item: Leftovers
|turn|29
|
|move|p1a: Zapdos|Discharge|p2a: CALLISTO
|-damage|p2a: CALLISTO|43/100 par
|-activate|p2a: CALLISTO|confusion
|move|p2a: CALLISTO|Draining Kiss|p1a: Zapdos
|-end|p1a: Zapdos|Substitute
|-heal|p2a: CALLISTO|59/100 par|[from] drain|[of] p1a: Zapdos
|
|-heal|p2a: CALLISTO|65/100 par|[from] item: Leftovers
|turn|30
|
|move|p1a: Zapdos|Substitute|p1a: Zapdos
|-start|p1a: Zapdos|Substitute
|-damage|p1a: Zapdos|51/100
|-end|p2a: CALLISTO|confusion
|cant|p2a: CALLISTO|par
|
|-heal|p2a: CALLISTO|71/100 par|[from] item: Leftovers
|turn|31
|
|move|p1a: Zapdos|Roost|p1a: Zapdos
|-heal|p1a: Zapdos|100/100
|-singleturn|p1a: Zapdos|move: Roost
|move|p2a: CALLISTO|Draining Kiss|p1a: Zapdos
|-end|p1a: Zapdos|Substitute
|-heal|p2a: CALLISTO|88/100 par|[from] drain|[of] p1a: Zapdos
|
|-heal|p2a: CALLISTO|94/100 par|[from] item: Leftovers
|turn|32
|
|move|p1a: Zapdos|Substitute|p1a: Zapdos
|-start|p1a: Zapdos|Substitute
|-damage|p1a: Zapdos|76/100
|move|p2a: CALLISTO|Draining Kiss|p1a: Zapdos
|-end|p1a: Zapdos|Substitute
|-heal|p2a: CALLISTO|100/100 par|[from] drain|[of] p1a: Zapdos
|
|turn|33
|
|move|p1a: Zapdos|Substitute|p1a: Zapdos
|-start|p1a: Zapdos|Substitute
|-damage|p1a: Zapdos|51/100
|move|p2a: CALLISTO|Stored Power|p1a: Zapdos
|-end|p1a: Zapdos|Substitute
|
|turn|34
|
|move|p1a: Zapdos|Substitute|p1a: Zapdos
|-start|p1a: Zapdos|Substitute
|-damage|p1a: Zapdos|26/100
|move|p2a: CALLISTO|Draining Kiss|p1a: Zapdos
|-end|p1a: Zapdos|Substitute
|
|turn|35
|
|move|p1a: Zapdos|Substitute|p1a: Zapdos
|-start|p1a: Zapdos|Substitute
|-damage|p1a: Zapdos|1/100
|cant|p2a: CALLISTO|par
|
|turn|36
|
|move|p1a: Zapdos|Roost|p1a: Zapdos
|-heal|p1a: Zapdos|51/100
|-singleturn|p1a: Zapdos|move: Roost
|move|p2a: CALLISTO|Stored Power|p1a: Zapdos
|-end|p1a: Zapdos|Substitute
|
|turn|37
|
|move|p1a: Zapdos|Substitute|p1a: Zapdos
|-start|p1a: Zapdos|Substitute
|-damage|p1a: Zapdos|26/100
|cant|p2a: CALLISTO|par
|
|turn|38
|-message|p1 forfeited.
|
|win|p2
