|poke|p1|Magearna|
|poke|p1|Grimmsnarl, M|
|poke|p1|Sneasler, F|
|poke|p1|Landorus-Therian, M|
|poke|p1|Skeledirge, M|
|poke|p1|Volcanion|
|poke|p2|Magearna|
|poke|p2|Drifblim, M|
|poke|p2|Clodsire, F|
|poke|p2|Skeledirge, F|
|poke|p2|Toxapex, M|
|poke|p2|Blissey, F|
|teampreview
|
|start
|switch|p1a: Grimmsnarl|Grimmsnarl, M|100/100
|switch|p2a: Toxapex|Toxapex, M|100/100
|turn|1
|
|move|p1a: Grimmsnarl|Taunt|p2a: Toxapex
|-start|p2a: Toxapex|move: Taunt
|cant|p2a: Toxapex|move: Taunt|Toxic
|
|turn|2
|
|switch|p2a: Magearna|Magearna|100/100
|move|p1a: Grimmsnarl|Parting Shot|p2a: Magearna
|-unboost|p2a: Magearna|atk|1
|-unboost|p2a: Magearna|spa|1
|
|switch|p1a: Volcanion|Volcanion|100/100|[from] Parting Shot
|
|turn|3
|
|switch|p2a: Toxapex|Toxapex, M|100/100
|move|p1a: Volcanion|Earth Power|p2a: Toxapex
|-supereffective|p2a: Toxapex
|-damage|p2a: Toxapex|44/100
|
|turn|4
|
|switch|p2a: Blissey|Blissey, F|100/100
|move|p1a: Volcanion|Steam Eruption|p2a: Blissey
|-damage|p2a: Blissey|82/100
|
|turn|5
|
|switch|p1a: Magearna|Magearna|100/100
|move|p2a: Blissey|Stealth Rock|p1a: Magearna
|-sidestart|p1: p1|move: Stealth Rock
|
|turn|6
|
|switch|p1a: Landorus|Landorus-Therian, M|100/100
|-damage|p1a: Landorus|88/100|[from] Stealth Rock
|-ability|p1a: Landorus|Intimidate|boost
|-unboost|p2a: Blissey|atk|1
|switch|p2a: Clodsire|Clodsire, F|100/100
|
|-heal|p1a: Landorus|94/100|[from] item: Leftovers
|turn|7
|
|switch|p2a: Drifblim|Drifblim, M|100/100
|move|p1a: Landorus|Earthquake|p2a: Drifblim
|-immune|p2a: Drifblim
|
|-heal|p1a: Landorus|99/100|[from] item: Leftovers
|turn|8
|
|move|p2a: Drifblim|Will-O-Wisp|p1a: Landorus|[miss]
|-miss|p2a: Drifblim|p1a: Landorus
|move|p1a: Landorus|Stealth Rock|p2a: Drifblim
|-sidestart|p2: p2|move: Stealth Rock
|
|-heal|p1a: Landorus|100/100|[from] item: Leftovers
|turn|9
|
|switch|p1a: Volcanion|Volcanion|100/100
|move|p2a: Drifblim|Will-O-Wisp|p1a: Volcanion
|-immune|p1a: Volcanion
|
|turn|10
|
|switch|p2a: Blissey|Blissey, F|82/100
|switch|p1a: Sneasler|Sneasler, F|100/100
|-damage|p1a: Sneasler|95/100|[from] Stealth Rock
|
|turn|11
|
|switch|p2a: Drifblim|Drifblim, M|100/100
|move|p1a: Sneasler|Dire Claw|p2a: Drifblim
|-resisted|p2a: Drifblim
|-damage|p2a: Drifblim|84/100
|
|turn|12
|
|switch|p1a: Grimmsnarl|Grimmsnarl, M|100/100
|-damage|p1a: Grimmsnarl|88/100|[from] Stealth Rock
|move|p2a: Drifblim|Will-O-Wisp|p1a: Grimmsnarl
|-status|p1a: Grimmsnarl|brn
|
|-damage|p1a: Grimmsnarl|82/100 brn|[from] brn
|turn|13
|
|switch|p2a: Toxapex|Toxapex, M|77/100
|move|p1a: Grimmsnarl|Light Screen|p1a: Grimmsnarl
|-sidestart|p1: p1|move: Light Screen
|
|-damage|p1a: Grimmsnarl|76/100 brn|[from] brn
|turn|14
|
|move|p1a: Grimmsnarl|Parting Shot|p2a: Toxapex
|-unboost|p2a: Toxapex|atk|1
|-unboost|p2a: Toxapex|spa|1
|
|switch|p1a: Magearna|Magearna|100/100|[from] Parting Shot
|-damage|p1a: Magearna|95/100|[from] Stealth Rock
|move|p2a: Toxapex|Toxic Spikes|p1a: Magearna
|-sidestart|p1: p1|move: Toxic Spikes
|
|-heal|p1a: Magearna|100/100|[from] item: Leftovers
|turn|15
|
|move|p1a: Magearna|Calm Mind|p1a: Magearna
|-boost|p1a: Magearna|spa|1
|-boost|p1a: Magearna|spd|1
|move|p2a: Toxapex|Haze|p2a: Toxapex
|-clearallboost
|
|turn|16
|
|move|p1a: Magearna|Calm Mind|p1a: Magearna
|-boost|p1a: Magearna|spa|1
|-boost|p1a: Magearna|spd|1
|move|p2a: Toxapex|Haze|p2a: Toxapex
|-clearallboost
|
|turn|17
|
|move|p1a: Magearna|Calm Mind|p1a: Magearna
|-boost|p1a: Magearna|spa|1
|-boost|p1a: Magearna|spd|1
|move|p2a: Toxapex|Haze|p2a: Toxapex
|-clearallboost
|
|turn|18
|
|switch|p1a: Sneasler|Sneasler, F|95/100
|-damage|p1a: Sneasler|89/100|[from] Stealth Rock
|-sideend|p1: p1|move: Toxic Spikes|[of] p1a: Sneasler
|move|p2a: Toxapex|Haze|p2a: Toxapex
|-clearallboost
|
|turn|19
|
|move|p1a: Sneasler|Swords Dance|p1a: Sneasler
|-boost|p1a: Sneasler|atk|2
|move|p2a: Toxapex|Toxic Spikes|p1a: Sneasler
|-sidestart|p1: p1|move: Toxic Spikes
|
|turn|20
|
|move|p1a: Sneasler|Dire Claw|p2a: Toxapex
|-resisted|p2a: Toxapex
|-damage|p2a: Toxapex|48/100
|-status|p2a: Toxapex|par
|move|p2a: Toxapex|Toxic Spikes|p1a: Sneasler
|-sidestart|p1: p1|move: Toxic Spikes
|
|-sideend|p1: p1|move: Light Screen
|turn|21
|
|switch|p2a: Skeledirge|Skeledirge, F|100/100
|move|p1a: Sneasler|Dire Claw|p2a: Skeledirge
|-resisted|p2a: Skeledirge
|-damage|p2a: Skeledirge|88/100
|-status|p2a: Skeledirge|par
|
|turn|22
|
|switch|p1a: Skeledirge|Skeledirge, M|100/100
|move|p2a: Skeledirge|Will-O-Wisp|p1a: Skeledirge
|-immune|p1a: Skeledirge
|
|turn|23
|
|switch|p1a: Sneasler|Sneasler, F|89/100
|-damage|p1a: Sneasler|83/100|[from] Stealth Rock
|-sideend|p1: p1|move: Toxic Spikes|[of] p1a: Sneasler
|switch|p2a: Blissey|Blissey, F|82/100
|
|turn|24
|
|switch|p1a: Volcanion|Volcanion|100/100
|switch|p2a: Skeledirge|Skeledirge, F|88/100 par
|
|turn|25
|
|switch|p2a: Blissey|Blissey, F|82/100
|move|p1a: Volcanion|Steam Eruption|p2a: Blissey
|-damage|p2a: Blissey|65/100
|
|turn|26
|
|switch|p1a: Magearna|Magearna|100/100
|-damage|p1a: Magearna|95/100|[from] Stealth Rock
|move|p2a: Blissey|Heal Bell|p2a: Blissey
|-activate|p2a: Blissey|move: Heal Bell
|-curestatus|p2: Skeledirge|par|[msg]
|-curestatus|p2: Toxapex|par|[msg]
|
|-heal|p1a: Magearna|100/100|[from] item: Leftovers
|turn|27
|
|switch|p2a: Clodsire|Clodsire, F|100/100
|move|p1a: Magearna|Calm Mind|p1a: Magearna
|-boost|p1a: Magearna|spa|1
|-boost|p1a: Magearna|spd|1
|
|turn|28
|
|-terastallize|p2a: Clodsire|Flying
|move|p1a: Magearna|Calm Mind|p1a: Magearna
|-boost|p1a: Magearna|spa|1
|-boost|p1a: Magearna|spd|1
|move|p2a: Clodsire|Earthquake|p1a: Magearna
|-supereffective|p1a: Magearna
|-damage|p1a: Magearna|48/100
|
|-heal|p1a: Magearna|54/100|[from] item: Leftovers
|turn|29
|
|-terastallize|p1a: Magearna|Water
|move|p1a: Magearna|Stored Power|p2a: Clodsire
|-damage|p2a: Clodsire|82/100
|move|p2a: Clodsire|Earthquake|p1a: Magearna
|-damage|p1a: Magearna|25/100
|
|-heal|p1a: Magearna|31/100|[from] item: Leftovers
|turn|30
|-message|p1 forfeited.
|
|win|p2
