|poke|p1|Arcanine-Hisui, F|
|poke|p1|Urshifu-*, F|
|poke|p1|Kingambit, M|
|poke|p1|Great Tusk|
|poke|p1|Garchomp, M|
|poke|p1|Zapdos|
|poke|p2|Skeledirge, F|
|poke|p2|Maushold-Four|
|poke|p2|Quaquaval, M|
|poke|p2|Meowscarada, F|
|poke|p2|Clodsire, M|
|poke|p2|Garganacl, F|
|teampreview
|
|start
|switch|p1a: Urshifu|Urshifu-Rapid-Strike, F|100/100
|switch|p2a: Clodsire|Clodsire, M|100/100
|turn|1
|
|move|p1a: Urshifu|Surging Strikes|p2a: Clodsire
|-supereffective|p2a: Clodsire
|-crit|p2a: Clodsire
|-damage|p2a: Clodsire|49/100
|-supereffective|p2a: Clodsire
|-crit|p2a: Clodsire
|-damage|p2a: Clodsire|0 fnt
|faint|p2a: Clodsire
|-hitcount|p2: Clodsire|2
|
|
|switch|p2a: Garganacl|Garganacl, F|100/100
|turn|2
|
|-terastallize|p2a: Garganacl|Flying
|move|p1a: Urshifu|Surging Strikes|p2a: Garganacl
|-crit|p2a: Garganacl
|-damage|p2a: Garganacl|85/100
|-crit|p2a: Garganacl
|-damage|p2a: Garganacl|69/100
|-crit|p2a: Garganacl
|-damage|p2a: Garganacl|55/100
|-hitcount|p2a: Garganacl|3
|move|p2a: Garganacl|Salt Cure|p1a: Urshifu
|-resisted|p1a: Urshifu
|-damage|p1a: Urshifu|93/100
|-start|p1a: Urshifu|Salt Cure
|
|-heal|p2a: Garganacl|61/100|[from] item: Leftovers
|-damage|p1a: Urshifu|68/100|[from] Salt Cure
|turn|3
|
|switch|p1a: Arcanine|Arcanine-Hisui, F|100/100
|move|p2a: Garganacl|Protect||[still]
|-fail|p2a: Garganacl
|
|-heal|p2a: Garganacl|67/100|[from] item: Leftovers
|turn|4
|
|move|p1a: Arcanine|Head Smash|p2a: Garganacl|[miss]
|-miss|p1a: Arcanine|p2a: Garganacl
|move|p2a: Garganacl|Earthquake|p1a: Arcanine
|-supereffective|p1a: Arcanine
|-damage|p1a: Arcanine|0 fnt
|faint|p1a: Arcanine
|
|-heal|p2a: Garganacl|73/100|[from] item: Leftovers
|
|switch|p1a: Zapdos|Zapdos|100/100
|turn|5
|
|move|p1a: Zapdos|Volt Switch|p2a: Garganacl
|-supereffective|p2a: Garganacl
|-damage|p2a: Garganacl|38/100
|
|switch|p1a: Urshifu|Urshifu-Rapid-Strike, F|68/100|[from] Volt Switch
|move|p2a: Garganacl|Salt Cure|p1a: Urshifu
|-resisted|p1a: Urshifu
|-damage|p1a: Urshifu|61/100
|-start|p1a: Urshifu|Salt Cure
|
|-heal|p2a: Garganacl|44/100|[from] item: Leftovers
|-damage|p1a: Urshifu|36/100|[from] Salt Cure
|turn|6
|
|move|p2a: Garganacl|Protect|p2a: Garganacl
|-singleturn|p2a: Garganacl|Protect
|move|p1a: Urshifu|Surging Strikes|p2a: Garganacl
|-activate|p2a: Garganacl|move: Protect
|
|-heal|p2a: Garganacl|50/100|[from] item: Leftovers
|-damage|p1a: Urshifu|11/100|[from] Salt Cure
|turn|7
|
|switch|p2a: Meowscarada|Meowscarada, F, shiny|100/100
|move|p1a: Urshifu|Surging Strikes|p2a: Meowscarada
|-resisted|p2a: Meowscarada
|-crit|p2a: Meowscarada
|-damage|p2a: Meowscarada|84/100
|-resisted|p2a: Meowscarada
|-crit|p2a: Meowscarada
|-damage|p2a: Meowscarada|65/100
|-resisted|p2a: Meowscarada
|-crit|p2a: Meowscarada
|-damage|p2a: Meowscarada|47/100
|-hitcount|p2a: Meowscarada|3
|
|-damage|p1a: Urshifu|0 fnt|[from] Salt Cure
|faint|p1a: Urshifu
|
|switch|p1a: Great Tusk|Great Tusk, shiny|100/100
|turn|8
|
|switch|p2a: Garganacl|Garganacl, F, tera:Flying|50/100
|move|p1a: Great Tusk|Knock Off|p2a: Garganacl
|-damage|p2a: Garganacl|32/100
|-enditem|p2a: Garganacl|Leftovers|[from] move: Knock Off|[of] p1a: Great Tusk
|
|turn|9
|
|move|p1a: Great Tusk|Stealth Rock|p2a: Garganacl
|-sidestart|p2: Sweeoper|move: Stealth Rock
|move|p2a: Garganacl|Salt Cure|p1a: Great Tusk
|-resisted|p1a: Great Tusk
|-damage|p1a: Great Tusk|99/100
|-start|p1a: Great Tusk|Salt Cure
|
|-heal|p1a: Great Tusk|100/100|[from] item: Leftovers
|-damage|p1a: Great Tusk|88/100|[from] Salt Cure
|turn|10
|
|-end|p1a: Great Tusk|Protosynthesis|[silent]
|switch|p1a: Kingambit|Kingambit, M|100/100
|-activate|p1a: Kingambit|ability: Supreme Overlord
|-start|p1a: Kingambit|fallen2|[silent]
|move|p2a: Garganacl|Protect||[still]
|-fail|p2a: Garganacl
|
|turn|11
|
|move|p1a: Kingambit|Iron Head|p2a: Garganacl
|-damage|p2a: Garganacl|0 fnt
|faint|p2a: Garganacl
|
|
|switch|p2a: Quaquaval|Quaquaval, M, shiny|100/100
|-damage|p2a: Quaquaval|94/100|[from] Stealth Rock
|turn|12
|
|-end|p1a: Kingambit|fallen2|[silent]
|switch|p1a: Zapdos|Zapdos|100/100
|move|p2a: Quaquaval|Rapid Spin|p1a: Zapdos
|-damage|p1a: Zapdos|89/100
|-boost|p2a: Quaquaval|spe|1
|-sideend|p2: Sweeoper|Stealth Rock|[from] move: Rapid Spin|[of] p2a: Quaquaval
|
|turn|13
|
|move|p2a: Quaquaval|U-turn|p1a: Zapdos
|-resisted|p1a: Zapdos
|-damage|p1a: Zapdos|80/100
|
|switch|p2a: Maushold|Maushold-Four|100/100|[from] U-turn
|move|p1a: Zapdos|Volt Switch|p2a: Maushold
|-damage|p2a: Maushold|55/100
|
|switch|p1a: Great Tusk|Great Tusk, shiny|88/100|[from] Volt Switch
|
|-heal|p1a: Great Tusk|94/100|[from] item: Leftovers
|turn|14
|
|move|p2a: Maushold|Play Rough|p1a: Great Tusk|[miss]
|-miss|p2a: Maushold|p1a: Great Tusk
|move|p1a: Great Tusk|Knock Off|p2a: Maushold
|-damage|p2a: Maushold|26/100
|
|-heal|p1a: Great Tusk|100/100|[from] item: Leftovers
|turn|15
|
|-end|p1a: Great Tusk|Protosynthesis|[silent]
|switch|p1a: Kingambit|Kingambit, M|100/100
|-activate|p1a: Kingambit|ability: Supreme Overlord
|-start|p1a: Kingambit|fallen2|[silent]
|move|p2a: Maushold|Play Rough|p1a: Kingambit
|-damage|p1a: Kingambit|83/100
|-unboost|p1a: Kingambit|atk|1
|
|-heal|p1a: Kingambit|89/100|[from] item: Leftovers
|turn|16
|
|move|p1a: Kingambit|Sucker Punch|p2a: Maushold
|-damage|p2a: Maushold|0 fnt
|faint|p2a: Maushold
|
|-heal|p1a: Kingambit|95/100|[from] item: Leftovers
|
|switch|p2a: Quaquaval|Quaquaval, M, shiny|94/100
|turn|17
|
|-end|p1a: Kingambit|fallen2|[silent]
|switch|p1a: Zapdos|Zapdos|80/100
|move|p2a: Quaquaval|Close Combat|p1a: Zapdos
|-resisted|p1a: Zapdos
|-damage|p1a: Zapdos|60/100
|-unboost|p2a: Quaquaval|def|1
|-unboost|p2a: Quaquaval|spd|1
|
|turn|18
|
|switch|p2a: Meowscarada|Meowscarada, F, shiny|47/100
|move|p1a: Zapdos|Volt Switch|p2a: Meowscarada
|-resisted|p2a: Meowscarada
|-damage|p2a: Meowscarada|25/100
|
|switch|p1a: Garchomp|Garchomp, M|100/100|[from] Volt Switch
|
|turn|19
|
|move|p2a: Meowscarada|Play Rough|p1a: Garchomp
|-start|p2a: Meowscarada|typechange|Fairy|[from] ability: Protean
|-supereffective|p1a: Garchomp
|-damage|p1a: Garchomp|0 fnt
|-damage|p2a: Meowscarada|13/100|[from] ability: Rough Skin|[of] p1a: Garchomp
|faint|p1a: Garchomp
|
|
|switch|p1a: Kingambit|Kingambit, M|95/100
|-activate|p1a: Kingambit|ability: Supreme Overlord
|-start|p1a: Kingambit|fallen3|[silent]
|turn|20
|
|switch|p2a: Quaquaval|Quaquaval, M, shiny|94/100
|move|p1a: Kingambit|Sucker Punch||[still]
|-fail|p1a: Kingambit
|
|-heal|p1a: Kingambit|100/100|[from] item: Leftovers
|turn|21
|
|move|p1a: Kingambit|Sucker Punch|p2a: Quaquaval
|-resisted|p2a: Quaquaval
|-damage|p2a: Quaquaval|58/100
|move|p2a: Quaquaval|Close Combat|p1a: Kingambit
|-supereffective|p1a: Kingambit
|-damage|p1a: Kingambit|0 fnt
|-unboost|p2a: Quaquaval|def|1
|-unboost|p2a: Quaquaval|spd|1
|faint|p1a: Kingambit
|-end|p1a: Kingambit|fallen3|[silent]
|-ability|p2a: Quaquaval|Moxie|boost
|-boost|p2a: Quaquaval|atk|1
|
|
|switch|p1a: Zapdos|Zapdos|60/100
|turn|22
|
|move|p2a: Quaquaval|Close Combat|p1a: Zapdos
|-resisted|p1a: Zapdos
|-damage|p1a: Zapdos|26/100
|-unboost|p2a: Quaquaval|def|1
|-unboost|p2a: Quaquaval|spd|1
|-status|p2a: Quaquaval|par|[from] ability: Static|[of] p1a: Zapdos
|-enditem|p2a: Quaquaval|Lum Berry|[eat]
|-curestatus|p2a: Quaquaval|par|[msg]
|move|p1a: Zapdos|Hurricane|p2a: Quaquaval
|-supereffective|p2a: Quaquaval
|-damage|p2a: Quaquaval|0 fnt
|faint|p2a: Quaquaval
|
|
|switch|p2a: Meowscarada|Meowscarada, F, shiny|13/100
|turn|23
|
|move|p2a: Meowscarada|Flower Trick|p1a: Zapdos
|-start|p2a: Meowscarada|typechange|Grass|[from] ability: Protean
|-resisted|p1a: Zapdos
|-crit|p1a: Zapdos
|-damage|p1a: Zapdos|0 fnt
|faint|p1a: Zapdos
|
|
|switch|p1a: Great Tusk|Great Tusk, shiny|100/100
|turn|24
|
|move|p2a: Meowscarada|Flower Trick|p1a: Great Tusk
|-supereffective|p1a: Great Tusk
|-crit|p1a: Great Tusk
|-damage|p1a: Great Tusk|23/100
|move|p1a: Great Tusk|Rapid Spin|p2a: Meowscarada
|-damage|p2a: Meowscarada|0 fnt
|-boost|p1a: Great Tusk|spe|1
|faint|p2a: Meowscarada
|
|-heal|p1a: Great Tusk|29/100|[from] item: Leftovers
|
|switch|p2a: Skeledirge|Skeledirge, F|100/100
|turn|25
|
|-terastallize|p1a: Great Tusk|Water
|move|p1a: Great Tusk|Knock Off|p2a: Skeledirge
|-supereffective|p2a: Skeledirge
|-damage|p2a: Skeledirge|57/100
|-enditem|p2a: Skeledirge|Choice Specs|[from] move: Knock Off|[of] p1a: Great Tusk
|move|p2a: Skeledirge|Shadow Ball|p1a: Great Tusk
|-damage|p1a: Great Tusk|0 fnt
|faint|p1a: Great Tusk
|-end|p1a: Great Tusk|Protosynthesis|[silent]
|
|win|Sweeoper
