|poke|p1|Landorus-Therian, M|
|poke|p1|Torkoal, F|
|poke|p1|Staraptor, F|
|poke|p1|Lilligant-Hisui, F|
|poke|p1|Skeledirge, F|
|poke|p1|Hatterene, F|
|poke|p2|Lycanroc-Dusk, F|
|poke|p2|Zoroark-Hisui, F|
|poke|p2|Arcanine, M|
|poke|p2|Chien-Pao|
|poke|p2|Landorus-Therian, M|
|poke|p2|Zamazenta-*|
|teampreview
|
|start
|switch|p1a: Staraptor|Staraptor, F|100/100
|switch|p2a: Parker|Landorus-Therian, M, shiny|100/100
|-ability|p2a: Parker|Intimidate|boost
|-unboost|p1a: Staraptor|atk|1
|turn|1
|
|switch|p2a: Sparky|Arcanine, M, shiny|100/100
|-ability|p2a: Sparky|Intimidate|boost
|-unboost|p1a: Staraptor|atk|1
|move|p1a: Staraptor|U-turn|p2a: Sparky
|-resisted|p2a: Sparky
|-damage|p2a: Sparky|92/100
|
|switch|p1a: Landorus|Landorus-Therian, M|100/100|[from] U-turn
|-ability|p1a: Landorus|Intimidate|boost
|-unboost|p2a: Sparky|atk|1
|
|turn|2
|
|switch|p1a: Torkoal|Torkoal, F|100/100
|-weather|SunnyDay|[from] ability: Drought|[of] p1a: Torkoal
|move|p2a: Sparky|Will-O-Wisp|p1a: Torkoal
|-immune|p1a: Torkoal
|
|-weather|SunnyDay|[upkeep]
|turn|3
|
|switch|p2a: Parker|Landorus-Therian, M, shiny|100/100
|-ability|p2a: Parker|Intimidate|boost
|-unboost|p1a: Torkoal|atk|1
|move|p1a: Torkoal|Stealth Rock|p2a: Parker
|-sidestart|p2: Decaffinator|move: Stealth Rock
|
|-weather|SunnyDay|[upkeep]
|turn|4
|
|move|p2a: Parker|Earth Power|p1a: Torkoal
|-supereffective|p1a: Torkoal
|-damage|p1a: Torkoal|0 fnt
|faint|p1a: Torkoal
|-damage|p2a: Parker|91/100|[from] item: Life Orb
|
|-weather|SunnyDay|[upkeep]
|
|switch|p1a: Hatterene|Hatterene, F|100/100
|turn|5
|
|move|p2a: Parker|Nasty Plot|p2a: Parker
|-boost|p2a: Parker|spa|2
|move|p1a: Hatterene|Calm Mind|p1a: Hatterene
|-boost|p1a: Hatterene|spa|1
|-boost|p1a: Hatterene|spd|1
|
|-weather|SunnyDay|[upkeep]
|turn|6
|
|switch|p1a: Skeledirge|Skeledirge, F|100/100
|move|p2a: Parker|Sludge Bomb|p1a: Skeledirge
|-resisted|p1a: Skeledirge
|-damage|p1a: Skeledirge|89/100
|-damage|p2a: Parker|81/100|[from] item: Life Orb
|
|-weather|SunnyDay|[upkeep]
|-heal|p1a: Skeledirge|95/100|[from] item: Leftovers
|turn|7
|
|-terastallize|p1a: Skeledirge|Fairy
|move|p2a: Parker|Earth Power|p1a: Skeledirge
|-damage|p1a: Skeledirge|54/100
|-damage|p2a: Parker|71/100|[from] item: Life Orb
|move|p1a: Skeledirge|Torch Song|p2a: Parker
|-damage|p2a: Parker|16/100
|-boost|p1a: Skeledirge|spa|1
|
|-weather|SunnyDay|[upkeep]
|-heal|p1a: Skeledirge|60/100|[from] item: Leftovers
|turn|8
|
|switch|p1a: Landorus|Landorus-Therian, M|100/100
|-ability|p1a: Landorus|Intimidate|boost
|-unboost|p2a: Parker|atk|1
|move|p2a: Parker|Sludge Bomb|p1a: Landorus
|-resisted|p1a: Landorus
|-damage|p1a: Landorus|65/100
|-damage|p2a: Parker|6/100|[from] item: Life Orb
|
|-weather|SunnyDay|[upkeep]
|-heal|p1a: Landorus|71/100|[from] item: Leftovers
|turn|9
|
|move|p1a: Landorus|Substitute|p1a: Landorus
|-start|p1a: Landorus|Substitute
|-damage|p1a: Landorus|46/100
|move|p2a: Parker|Grass Knot|p1a: Landorus
|-end|p1a: Landorus|Substitute
|-damage|p2a: Parker|0 fnt|[from] item: Life Orb
|faint|p2a: Parker
|
|-weather|none
|-heal|p1a: Landorus|52/100|[from] item: Leftovers
|
|switch|p2a: Ch-Ian|Chien-Pao|100/100
|-damage|p2a: Ch-Ian|76/100|[from] Stealth Rock
|-ability|p2a: Ch-Ian|Sword of Ruin
|turn|10
|
|switch|p1a: Hatterene|Hatterene, F|100/100
|move|p2a: Ch-Ian|Icicle Crash|p1a: Hatterene|[miss]
|-miss|p2a: Ch-Ian|p1a: Hatterene
|
|turn|11
|
|switch|p2a: Sparky|Arcanine, M, shiny|92/100
|-ability|p2a: Sparky|Intimidate|boost
|-unboost|p1a: Hatterene|atk|1
|move|p1a: Hatterene|Draining Kiss|p2a: Sparky
|-resisted|p2a: Sparky
|-damage|p2a: Sparky|76/100
|
|turn|12
|
|switch|p1a: Skeledirge|Skeledirge, F, tera:Fairy|60/100
|move|p2a: Sparky|Flare Blitz|p1a: Skeledirge
|-damage|p1a: Skeledirge|16/100
|-damage|p2a: Sparky|58/100|[from] Recoil
|
|-heal|p1a: Skeledirge|22/100|[from] item: Leftovers
|turn|13
|
|switch|p1a: Landorus|Landorus-Therian, M|52/100
|-ability|p1a: Landorus|Intimidate|boost
|-unboost|p2a: Sparky|atk|1
|move|p2a: Sparky|Flare Blitz|p1a: Landorus
|-damage|p1a: Landorus|18/100
|-damage|p2a: Sparky|44/100|[from] Recoil
|
|-heal|p1a: Landorus|24/100|[from] item: Leftovers
|turn|14
|
|move|p2a: Sparky|Flare Blitz|p1a: Landorus
|-damage|p1a: Landorus|0 fnt
|faint|p1a: Landorus
|-damage|p2a: Sparky|35/100|[from] Recoil
|
|
|switch|p1a: Staraptor|Staraptor, F|100/100
|turn|15
|
|move|p2a: Sparky|Extreme Speed|p1a: Staraptor
|-damage|p1a: Staraptor|76/100
|move|p1a: Staraptor|Brave Bird|p2a: Sparky
|-damage|p2a: Sparky|0 fnt
|faint|p2a: Sparky
|-damage|p1a: Staraptor|65/100|[from] Recoil
|
|
|switch|p2a: Princess|Lycanroc-Dusk, F|100/100
|-damage|p2a: Princess|88/100|[from] Stealth Rock
|turn|16
|
|switch|p1a: Lilligant|Lilligant-Hisui, F|100/100
|move|p2a: Princess|Swords Dance|p2a: Princess
|-boost|p2a: Princess|atk|2
|
|turn|17
|
|move|p2a: Princess|Close Combat|p1a: Lilligant
|-damage|p1a: Lilligant|0 fnt
|-unboost|p2a: Princess|def|1
|-unboost|p2a: Princess|spd|1
|faint|p1a: Lilligant
|-damage|p2a: Princess|78/100|[from] item: Life Orb
|
|
|switch|p1a: Skeledirge|Skeledirge, F, tera:Fairy|22/100
|turn|18
|
|move|p2a: Princess|Stone Edge|p1a: Skeledirge
|-damage|p1a: Skeledirge|0 fnt
|faint|p1a: Skeledirge
|-damage|p2a: Princess|68/100|[from] item: Life Orb
|
|-message|newroots2497 forfeited.
|
|win|Decaffinator
