|poke|p1|Dragapult, F|
|poke|p1|Urshifu-*, M|
|poke|p1|Samurott-Hisui, M|
|poke|p1|Sneasler, F|
|poke|p1|Glimmora, M|
|poke|p1|Iron Valiant|
|poke|p2|Magearna|
|poke|p2|Volcarona, M|
|poke|p2|Grimmsnarl, M|
|poke|p2|Urshifu-*, F|
|poke|p2|Clodsire, F|
|poke|p2|Talonflame, M|
|teampreview
|
|start
|switch|p1a: Samurott|Samurott-Hisui, M|100/100
|switch|p2a: Grimmsnarl|Grimmsnarl, M|100/100
|turn|1
|
|move|p2a: Grimmsnarl|Reflect|p2a: Grimmsnarl
|-sidestart|p2: p2|Reflect
|move|p1a: Samurott|Ceaseless Edge|p2a: Grimmsnarl
|-resisted|p2a: Grimmsnarl
|-damage|p2a: Grimmsnarl|94/100
|-sidestart|p2: p2|Spikes
|
|turn|2
|
|switch|p2a: Magearna|Magearna|100/100
|-damage|p2a: Magearna|88/100|[from] Spikes
|move|p1a: Samurott|Ceaseless Edge|p2a: Magearna|[miss]
|-miss|p1a: Samurott|p2a: Magearna
|
|-heal|p2a: Magearna|94/100|[from] item: Leftovers
|turn|3
|
|move|p1a: Samurott|Ceaseless Edge|p2a: Magearna
|-resisted|p2a: Magearna
|-damage|p2a: Magearna|86/100
|-sidestart|p2: p2|Spikes
|move|p2a: Magearna|Shift Gear|p2a: Magearna
|-boost|p2a: Magearna|spe|2
|-boost|p2a: Magearna|atk|1
|
|-heal|p2a: Magearna|92/100|[from] item: Leftovers
|turn|4
|
|move|p1a: Samurott|Ceaseless Edge|p2a: Magearna
|-resisted|p2a: Magearna
|-damage|p2a: Magearna|83/100
|-sidestart|p2: p2|Spikes
|move|p2a: Magearna|Calm Mind|p2a: Magearna
|-boost|p2a: Magearna|spa|1
|-boost|p2a: Magearna|spd|1
|
|-heal|p2a: Magearna|89/100|[from] item: Leftovers
|turn|5
|
|switch|p1a: Glimmora|Glimmora, M|100/100
|move|p2a: Magearna|Shift Gear|p2a: Magearna
|-boost|p2a: Magearna|spe|2
|-boost|p2a: Magearna|atk|1
|
|-heal|p2a: Magearna|95/100|[from] item: Leftovers
|turn|6
|
|-terastallize|p2a: Magearna|Flying
|move|p2a: Magearna|Calm Mind|p2a: Magearna
|-boost|p2a: Magearna|spa|1
|-boost|p2a: Magearna|spd|1
|move|p1a: Glimmora|Earth Power|p2a: Magearna
|-immune|p2a: Magearna
|
|-heal|p2a: Magearna|100/100|[from] item: Leftovers
|turn|7
|
|move|p2a: Magearna|Stored Power|p1a: Glimmora
|-supereffective|p1a: Glimmora
|-enditem|p1a: Glimmora|Focus Sash
|-damage|p1a: Glimmora|1/100
|move|p1a: Glimmora|Mortal Spin|p2a: Magearna
|-damage|p2a: Magearna|98/100
|-status|p2a: Magearna|psn
|
|-heal|p2a: Magearna|100/100 psn|[from] item: Leftovers
|-damage|p2a: Magearna|88/100 psn|[from] psn
|turn|8
|
|move|p2a: Magearna|Draining Kiss|p1a: Glimmora
|-resisted|p1a: Glimmora
|-damage|p1a: Glimmora|0 fnt
|-heal|p2a: Magearna|88/100 psn|[from] drain|[of] p1a: Glimmora
|faint|p1a: Glimmora
|-ability|p2a: Magearna|Soul-Heart|boost
|-boost|p2a: Magearna|spa|1
|
|-heal|p2a: Magearna|94/100 psn|[from] item: Leftovers
|-damage|p2a: Magearna|82/100 psn|[from] psn
|-sideend|p2: p2|Reflect
|
|switch|p1a: Sneasler|Sneasler, F|100/100
|turn|9
|
|-terastallize|p1a: Sneasler|Dark
|move|p1a: Sneasler|Switcheroo|p2a: Magearna
|-activate|p1a: Sneasler|move: Trick|[of] p2a: Magearna
|-item|p2a: Magearna|Choice Scarf|[from] move: Switcheroo
|-item|p1a: Sneasler|Leftovers|[from] move: Switcheroo
|move|p2a: Magearna|Stored Power|p1a: Sneasler
|-immune|p1a: Sneasler
|
|-damage|p2a: Magearna|70/100 psn|[from] psn
|turn|10
|
|switch|p2a: Grimmsnarl|Grimmsnarl, M|94/100
|-damage|p2a: Grimmsnarl|69/100|[from] Spikes
|move|p1a: Sneasler|U-turn|p2a: Grimmsnarl
|-damage|p2a: Grimmsnarl|39/100
|-status|p2a: Grimmsnarl|psn|[from] ability: Poison Touch|[of] p1a: Sneasler
|
|switch|p1a: Iron Valiant|Iron Valiant|100/100|[from] U-turn
|
|-damage|p2a: Grimmsnarl|27/100 psn|[from] psn
|turn|11
|
|move|p2a: Grimmsnarl|Light Screen|p2a: Grimmsnarl
|-sidestart|p2: p2|move: Light Screen
|move|p1a: Iron Valiant|Thunderbolt|p2a: Grimmsnarl
|-damage|p2a: Grimmsnarl|11/100 psn
|
|-damage|p2a: Grimmsnarl|0 fnt|[from] psn
|faint|p2a: Grimmsnarl
|
|switch|p2a: Volcarona|Volcarona, M|100/100
|turn|12
|
|-end|p1a: Iron Valiant|Quark Drive|[silent]
|switch|p1a: Samurott|Samurott-Hisui, M|100/100
|move|p2a: Volcarona|Quiver Dance|p2a: Volcarona
|-boost|p2a: Volcarona|spa|1
|-boost|p2a: Volcarona|spd|1
|-boost|p2a: Volcarona|spe|1
|
|turn|13
|
|move|p2a: Volcarona|Giga Drain|p1a: Samurott
|-supereffective|p1a: Samurott
|-damage|p1a: Samurott|0 fnt
|faint|p1a: Samurott
|
|
|switch|p1a: Dragapult|Dragapult, F|100/100
|turn|14
|
|move|p2a: Volcarona|Quiver Dance|p2a: Volcarona
|-boost|p2a: Volcarona|spa|1
|-boost|p2a: Volcarona|spd|1
|-boost|p2a: Volcarona|spe|1
|move|p1a: Dragapult|Shadow Ball|p2a: Volcarona
|-damage|p2a: Volcarona|69/100
|-unboost|p2a: Volcarona|spd|1
|
|turn|15
|
|move|p2a: Volcarona|Bug Buzz|p1a: Dragapult
|-resisted|p1a: Dragapult
|-damage|p1a: Dragapult|24/100
|move|p1a: Dragapult|Shadow Ball|p2a: Volcarona
|-crit|p2a: Volcarona
|-damage|p2a: Volcarona|0 fnt
|faint|p2a: Volcarona
|
|
|switch|p2a: Talonflame|Talonflame, M|100/100
|turn|16
|
|move|p2a: Talonflame|Defog|p1a: Dragapult
|-unboost|p1a: Dragapult|evasion|1
|-sideend|p2: p2|Spikes|[from] move: Defog|[of] p2a: Talonflame
|move|p1a: Dragapult|Shadow Ball|p2a: Talonflame
|-damage|p2a: Talonflame|14/100
|
|turn|17
|
|move|p1a: Dragapult|Shadow Ball|p2a: Talonflame
|-damage|p2a: Talonflame|0 fnt
|faint|p2a: Talonflame
|
|
|switch|p2a: Urshifu|Urshifu-Rapid-Strike, F|100/100
|turn|18
|
|move|p1a: Dragapult|Shadow Ball|p2a: Urshifu
|-damage|p2a: Urshifu|18/100
|move|p2a: Urshifu|Ice Punch|p1a: Dragapult
|-supereffective|p1a: Dragapult
|-damage|p1a: Dragapult|0 fnt
|faint|p1a: Dragapult
|
|-sideend|p2: p2|move: Light Screen
|-message|p2 forfeited.
|
|win|p1
