# advantage = p2
|poke|p1|Sneasler, F|
|poke|p1|Rillaboom, M|
|poke|p1|Iron Treads|
|poke|p1|Gholdengo|
|poke|p1|Zamazenta-*|
|poke|p1|Iron Moth|
|poke|p2|Glimmora, F|
|poke|p2|Magearna|
|poke|p2|Chien-Pao|
|poke|p2|Iron Valiant|
|poke|p2|Dragapult, F|
|poke|p2|Kingambit, M|
|teampreview
|
|start
|switch|p1a: Iron Treads|Iron Treads, shiny|100/100
|switch|p2a: Glimmora|Glimmora, F|100/100
|-enditem|p1a: Iron Treads|Booster Energy
|-activate|p1a: Iron Treads|ability: Quark Drive|[fromitem]
|-start|p1a: Iron Treads|quarkdrivespe
|turn|1
|
|move|p1a: Iron Treads|Earth Power|p2a: Glimmora
|-supereffective|p2a: Glimmora
|-enditem|p2a: Glimmora|Focus Sash
|-damage|p2a: Glimmora|1/100
|move|p2a: Glimmora|Stealth Rock|p1a: Iron Treads
|-sidestart|p1: p1|move: Stealth Rock
|
|turn|2
|
|switch|p2a: Dragapult|Dragapult, F|100/100
|move|p1a: Iron Treads|Rapid Spin|p2a: Dragapult
|-immune|p2a: Dragapult
|
|turn|3
|
|move|p1a: Iron Treads|Stealth Rock|p2a: Dragapult
|-sidestart|p2: p2|move: Stealth Rock
|move|p2a: Dragapult|Flamethrower|p1a: Iron Treads
|-supereffective|p1a: Iron Treads
|-damage|p1a: Iron Treads|0 fnt
|faint|p1a: Iron Treads
|-end|p1a: Iron Treads|Quark Drive|[silent]
|
|
|switch|p1a: Iron Moth|Iron Moth, shiny|100/100
|-damage|p1a: Iron Moth|76/100|[from] Stealth Rock
|turn|4
|
|switch|p2a: Glimmora|Glimmora, F|1/100
|-damage|p2a: Glimmora|0 fnt|[from] Stealth Rock
|faint|p2a: Glimmora
|move|p1a: Iron Moth|U-turn|p2: Glimmora|[notarget]
|-fail|p1a: Iron Moth
|
|
|switch|p2a: Magearna|Magearna|100/100
|-damage|p2a: Magearna|95/100|[from] Stealth Rock
|turn|5
|
|move|p1a: Iron Moth|U-turn|p2a: Magearna
|-resisted|p2a: Magearna
|-damage|p2a: Magearna|92/100
|
|-end|p1a: Iron Moth|Quark Drive|[silent]
|switch|p1a: Gholdengo|Gholdengo|100/100|[from] U-turn
|-damage|p1a: Gholdengo|94/100|[from] Stealth Rock
|move|p2a: Magearna|Shift Gear|p2a: Magearna
|-boost|p2a: Magearna|spe|2
|-boost|p2a: Magearna|atk|1
|
|turn|6
|
|-terastallize|p2a: Magearna|Electric
|move|p2a: Magearna|Thunderbolt|p1a: Gholdengo
|-damage|p1a: Gholdengo|20/100
|-damage|p2a: Magearna|82/100|[from] item: Life Orb
|move|p1a: Gholdengo|Trick|p2a: Magearna
|-activate|p1a: Gholdengo|move: Trick|[of] p2a: Magearna
|-item|p2a: Magearna|Choice Scarf|[from] move: Trick
|-item|p1a: Gholdengo|Life Orb|[from] move: Trick
|
|turn|7
|
|move|p2a: Magearna|Ice Beam|p1a: Gholdengo
|-resisted|p1a: Gholdengo
|-damage|p1a: Gholdengo|0 fnt
|faint|p1a: Gholdengo
|-ability|p2a: Magearna|Soul-Heart|boost
|-boost|p2a: Magearna|spa|1
|
|
|switch|p1a: Iron Moth|Iron Moth, shiny|76/100
|-damage|p1a: Iron Moth|51/100|[from] Stealth Rock
|turn|8
|
|move|p2a: Magearna|Ice Beam|p1a: Iron Moth
|-resisted|p1a: Iron Moth
|-damage|p1a: Iron Moth|25/100
|-status|p1a: Iron Moth|frz
|cant|p1a: Iron Moth|frz
|
|turn|9
|
|move|p2a: Magearna|Ice Beam|p1a: Iron Moth
|-resisted|p1a: Iron Moth
|-damage|p1a: Iron Moth|0 fnt
|faint|p1a: Iron Moth
|-ability|p2a: Magearna|Soul-Heart|boost
|-boost|p2a: Magearna|spa|1
|-end|p1a: Iron Moth|Quark Drive|[silent]
|
|
|switch|p1a: Zamazenta|Zamazenta|100/100
|-damage|p1a: Zamazenta|94/100|[from] Stealth Rock
|-ability|p1a: Zamazenta|Dauntless Shield|boost
|-boost|p1a: Zamazenta|def|1
|turn|10
|
|move|p2a: Magearna|Ice Beam|p1a: Zamazenta
|-damage|p1a: Zamazenta|26/100
|move|p1a: Zamazenta|Close Combat|p2a: Magearna
|-damage|p2a: Magearna|0 fnt
|-unboost|p1a: Zamazenta|def|1
|-unboost|p1a: Zamazenta|spd|1
|faint|p2a: Magearna
|
|
|switch|p2a: Iron Valiant|Iron Valiant|100/100
|-damage|p2a: Iron Valiant|94/100|[from] Stealth Rock
|-enditem|p2a: Iron Valiant|Booster Energy
|-activate|p2a: Iron Valiant|ability: Quark Drive|[fromitem]
|-start|p2a: Iron Valiant|quarkdrivespe
|turn|11
|
|switch|p1a: Rillaboom|Rillaboom, M|100/100
|-damage|p1a: Rillaboom|88/100|[from] Stealth Rock
|-fieldstart|move: Grassy Terrain|[from] ability: Grassy Surge|[of] p1a: Rillaboom
|move|p2a: Iron Valiant|Psyshock|p1a: Rillaboom
|-damage|p1a: Rillaboom|61/100
|
|-heal|p2a: Iron Valiant|100/100|[from] Grassy Terrain
|-heal|p1a: Rillaboom|67/100|[from] Grassy Terrain
|turn|12
|
|-end|p2a: Iron Valiant|Quark Drive|[silent]
|switch|p2a: Kingambit|Kingambit, M|100/100
|-activate|p2a: Kingambit|ability: Supreme Overlord
|-start|p2a: Kingambit|fallen2|[silent]
|move|p1a: Rillaboom|U-turn|p2a: Kingambit
|-crit|p2a: Kingambit
|-damage|p2a: Kingambit|56/100
|
|switch|p1a: Zamazenta|Zamazenta|26/100|[from] U-turn
|-damage|p1a: Zamazenta|20/100|[from] Stealth Rock
|
|-heal|p1a: Zamazenta|26/100|[from] Grassy Terrain
|-heal|p2a: Kingambit|62/100|[from] Grassy Terrain
|turn|13
|
|move|p2a: Kingambit|Sucker Punch|p1a: Zamazenta
|-resisted|p1a: Zamazenta
|-damage|p1a: Zamazenta|5/100
|move|p1a: Zamazenta|Iron Head|p2a: Kingambit
|-resisted|p2a: Kingambit
|-damage|p2a: Kingambit|46/100
|
|-heal|p1a: Zamazenta|11/100|[from] Grassy Terrain
|-heal|p2a: Kingambit|52/100|[from] Grassy Terrain
|turn|14
|
|move|p2a: Kingambit|Sucker Punch|p1a: Zamazenta
|-resisted|p1a: Zamazenta
|-damage|p1a: Zamazenta|0 fnt
|faint|p1a: Zamazenta
|
|-heal|p2a: Kingambit|58/100|[from] Grassy Terrain
|
|switch|p1a: Sneasler|Sneasler, F|100/100
|-damage|p1a: Sneasler|95/100|[from] Stealth Rock
|-enditem|p1a: Sneasler|Grassy Seed
|-boost|p1a: Sneasler|def|1|[from] item: Grassy Seed
|turn|15
|
|move|p2a: Kingambit|Sucker Punch||[still]
|-fail|p2a: Kingambit
|move|p1a: Sneasler|Swords Dance|p1a: Sneasler
|-boost|p1a: Sneasler|atk|2
|
|-heal|p1a: Sneasler|100/100|[from] Grassy Terrain
|-heal|p2a: Kingambit|65/100|[from] Grassy Terrain
|-fieldend|move: Grassy Terrain
|turn|16
|
|move|p1a: Sneasler|Fire Punch|p2a: Kingambit
|-supereffective|p2a: Kingambit
|-damage|p2a: Kingambit|0 fnt
|faint|p2a: Kingambit
|-end|p2a: Kingambit|fallen2|[silent]
|
|
|switch|p2a: Iron Valiant|Iron Valiant|100/100
|-damage|p2a: Iron Valiant|94/100|[from] Stealth Rock
|turn|17
|
|move|p1a: Sneasler|Acrobatics|p2a: Iron Valiant
|-supereffective|p2a: Iron Valiant
|-damage|p2a: Iron Valiant|0 fnt
|faint|p2a: Iron Valiant
|-end|p2a: Iron Valiant|Quark Drive|[silent]
|
|
|switch|p2a: Chien-Pao|Chien-Pao|100/100
|-damage|p2a: Chien-Pao|76/100|[from] Stealth Rock
|-ability|p2a: Chien-Pao|Sword of Ruin
|turn|18
|
|move|p2a: Chien-Pao|Ice Shard|p1a: Sneasler
|-crit|p1a: Sneasler
|-damage|p1a: Sneasler|7/100
|-damage|p2a: Chien-Pao|66/100|[from] item: Life Orb
|move|p1a: Sneasler|Close Combat|p2a: Chien-Pao
|-supereffective|p2a: Chien-Pao
|-damage|p2a: Chien-Pao|0 fnt
|-unboost|p1a: Sneasler|def|1
|-unboost|p1a: Sneasler|spd|1
|faint|p2a: Chien-Pao
|
|
|switch|p2a: Dragapult|Dragapult, F|100/100
|-damage|p2a: Dragapult|88/100|[from] Stealth Rock
|turn|19
|
|move|p1a: Sneasler|Acrobatics|p2a: Dragapult
|-damage|p2a: Dragapult|0 fnt
|faint|p2a: Dragapult
|
|win|p1
