# advantage = p2
|poke|p1|Electrode-Hisui|
|poke|p1|Gholdengo|
|poke|p1|Kleavor, M|
|poke|p1|Ting-Lu|
|poke|p1|Scream Tail|
|poke|p1|Chien-Pao|
|poke|p2|Gholdengo|
|poke|p2|Magearna|
|poke|p2|Zamazenta-*|
|poke|p2|Samurott-Hisui, F|
|poke|p2|Ursaluna, M|
|poke|p2|Azelf|
|teampreview
|
|start
|switch|p1a: Kleavor|Kleavor, M|100/100
|switch|p2a: Azelf|Azelf|100/100
|turn|1
|
|move|p1a: Kleavor|Stone Axe|p2a: Azelf
|-damage|p2a: Azelf|53/100
|-sidestart|p2: p2|move: Stealth Rock
|move|p2a: Azelf|Reflect|p2a: Azelf
|-sidestart|p2: p2|Reflect
|
|turn|2
|
|move|p1a: Kleavor|Stone Axe|p2a: Azelf
|-damage|p2a: Azelf|30/100
|move|p2a: Azelf|Stealth Rock|p1a: Kleavor
|-sidestart|p1: p1|move: Stealth Rock
|
|turn|3
|
|move|p1a: Kleavor|Stone Axe|p2a: Azelf
|-damage|p2a: Azelf|7/100
|move|p2a: Azelf|Light Screen|p2a: Azelf
|-sidestart|p2: p2|move: Light Screen
|
|turn|4
|
|move|p1a: Kleavor|Stone Axe|p2a: Azelf
|-damage|p2a: Azelf|0 fnt
|faint|p2a: Azelf
|
|
|switch|p2a: Samurott|Samurott-Hisui, F|100/100
|-damage|p2a: Samurott|88/100|[from] Stealth Rock
|turn|5
|
|move|p1a: Kleavor|Stone Axe|p2a: Samurott
|-damage|p2a: Samurott|67/100
|move|p2a: Samurott|Ceaseless Edge|p1a: Kleavor
|-damage|p1a: Kleavor|31/100
|-sidestart|p1: p1|Spikes
|-damage|p2a: Samurott|58/100|[from] item: Life Orb
|
|-sideend|p2: p2|Reflect
|turn|6
|
|switch|p1a: Ting-Lu|Ting-Lu|100/100
|-damage|p1a: Ting-Lu|94/100|[from] Stealth Rock
|-damage|p1a: Ting-Lu|82/100|[from] Spikes
|-ability|p1a: Ting-Lu|Vessel of Ruin
|move|p2a: Samurott|Sucker Punch||[still]
|-fail|p2a: Samurott
|
|-heal|p1a: Ting-Lu|88/100|[from] item: Leftovers
|turn|7
|
|move|p2a: Samurott|Aqua Cutter|p1a: Ting-Lu
|-supereffective|p1a: Ting-Lu
|-crit|p1a: Ting-Lu
|-damage|p1a: Ting-Lu|0 fnt
|faint|p1a: Ting-Lu
|-damage|p2a: Samurott|48/100|[from] item: Life Orb
|
|-sideend|p2: p2|move: Light Screen
|
|switch|p1a: Electrode|Electrode-Hisui|100/100
|-damage|p1a: Electrode|88/100|[from] Stealth Rock
|-damage|p1a: Electrode|76/100|[from] Spikes
|turn|8
|
|move|p2a: Samurott|Sucker Punch|p1a: Electrode
|-damage|p1a: Electrode|17/100
|-damage|p2a: Samurott|38/100|[from] item: Life Orb
|move|p1a: Electrode|Discharge|p2a: Samurott
|-supereffective|p2a: Samurott
|-damage|p2a: Samurott|0 fnt
|faint|p2a: Samurott
|
|-heal|p1a: Electrode|23/100|[from] item: Leftovers
|
|switch|p2a: Gholdengo|Gholdengo|100/100
|-damage|p2a: Gholdengo|94/100|[from] Stealth Rock
|-item|p2a: Gholdengo|Air Balloon
|turn|9
|
|move|p1a: Electrode|Protect|p1a: Electrode
|-singleturn|p1a: Electrode|Protect
|move|p2a: Gholdengo|Shadow Ball|p1a: Electrode
|-activate|p1a: Electrode|move: Protect
|
|-heal|p1a: Electrode|29/100|[from] item: Leftovers
|turn|10
|
|switch|p1a: Kleavor|Kleavor, M|31/100
|-damage|p1a: Kleavor|6/100|[from] Stealth Rock
|-damage|p1a: Kleavor|0 fnt|[from] Spikes
|faint|p1a: Kleavor
|move|p2a: Gholdengo|Shadow Ball|p1: Kleavor|[notarget]
|-fail|p2a: Gholdengo
|
|
|switch|p1a: Chien-Pao|Chien-Pao|100/100
|-ability|p1a: Chien-Pao|Sword of Ruin
|turn|11
|
|move|p1a: Chien-Pao|Crunch|p2a: Gholdengo
|-supereffective|p2a: Gholdengo
|-damage|p2a: Gholdengo|15/100
|-unboost|p2a: Gholdengo|def|1
|-enditem|p2a: Gholdengo|Air Balloon
|move|p2a: Gholdengo|Make It Rain|p1a: Chien-Pao
|-supereffective|p1a: Chien-Pao
|-damage|p1a: Chien-Pao|0 fnt
|-unboost|p2a: Gholdengo|spa|1
|faint|p1a: Chien-Pao
|
|
|switch|p1a: Electrode|Electrode-Hisui|29/100
|-damage|p1a: Electrode|17/100|[from] Stealth Rock
|-damage|p1a: Electrode|4/100|[from] Spikes
|turn|12
|
|move|p1a: Electrode|Discharge|p2a: Gholdengo
|-damage|p2a: Gholdengo|0 fnt
|faint|p2a: Gholdengo
|
|-heal|p1a: Electrode|10/100|[from] item: Leftovers
|
|switch|p2a: Magearna|Magearna|100/100
|-damage|p2a: Magearna|94/100|[from] Stealth Rock
|turn|13
|
|move|p1a: Electrode|Leech Seed|p2a: Magearna
|-start|p2a: Magearna|move: Leech Seed
|move|p2a: Magearna|Shift Gear|p2a: Magearna
|-boost|p2a: Magearna|spe|2
|-boost|p2a: Magearna|atk|1
|
|-heal|p1a: Electrode|17/100|[from] item: Leftovers
|-damage|p2a: Magearna|82/100|[from] Leech Seed|[of] p1a: Electrode
|-heal|p1a: Electrode|30/100|[silent]
|turn|14
|
|move|p1a: Electrode|Protect|p1a: Electrode
|-singleturn|p1a: Electrode|Protect
|move|p2a: Magearna|Shift Gear|p2a: Magearna
|-boost|p2a: Magearna|spe|2
|-boost|p2a: Magearna|atk|1
|
|-heal|p1a: Electrode|37/100|[from] item: Leftovers
|-damage|p2a: Magearna|70/100|[from] Leech Seed|[of] p1a: Electrode
|-heal|p1a: Electrode|50/100|[silent]
|turn|15
|
|move|p2a: Magearna|Calm Mind|p2a: Magearna
|-boost|p2a: Magearna|spa|1
|-boost|p2a: Magearna|spd|1
|move|p1a: Electrode|Discharge|p2a: Magearna
|-damage|p2a: Magearna|56/100
|-status|p2a: Magearna|par
|
|-heal|p1a: Electrode|57/100|[from] item: Leftovers
|-damage|p2a: Magearna|44/100 par|[from] Leech Seed|[of] p1a: Electrode
|-heal|p1a: Electrode|71/100|[silent]
|turn|16
|
|move|p1a: Electrode|Substitute|p1a: Electrode
|-start|p1a: Electrode|Substitute
|-damage|p1a: Electrode|46/100
|move|p2a: Magearna|Draining Kiss|p1a: Electrode
|-crit|p1a: Electrode
|-end|p1a: Electrode|Substitute
|-heal|p2a: Magearna|61/100 par|[from] drain|[of] p1a: Electrode
|
|-heal|p1a: Electrode|52/100|[from] item: Leftovers
|-damage|p2a: Magearna|48/100 par|[from] Leech Seed|[of] p1a: Electrode
|-heal|p1a: Electrode|66/100|[silent]
|turn|17
|
|move|p1a: Electrode|Substitute|p1a: Electrode
|-start|p1a: Electrode|Substitute
|-damage|p1a: Electrode|41/100
|cant|p2a: Magearna|par
|
|-heal|p1a: Electrode|47/100|[from] item: Leftovers
|-damage|p2a: Magearna|36/100 par|[from] Leech Seed|[of] p1a: Electrode
|-heal|p1a: Electrode|61/100|[silent]
|turn|18
|
|move|p1a: Electrode|Protect|p1a: Electrode
|-singleturn|p1a: Electrode|Protect
|cant|p2a: Magearna|par
|
|-heal|p1a: Electrode|67/100|[from] item: Leftovers
|-damage|p2a: Magearna|24/100 par|[from] Leech Seed|[of] p1a: Electrode
|-heal|p1a: Electrode|81/100|[silent]
|turn|19
|
|move|p1a: Electrode|Discharge|p2a: Magearna
|-damage|p2a: Magearna|10/100 par
|move|p2a: Magearna|Draining Kiss|p1a: Electrode
|-end|p1a: Electrode|Substitute
|-heal|p2a: Magearna|26/100 par|[from] drain|[of] p1a: Electrode
|
|-heal|p1a: Electrode|87/100|[from] item: Leftovers
|-damage|p2a: Magearna|14/100 par|[from] Leech Seed|[of] p1a: Electrode
|-heal|p1a: Electrode|100/100|[silent]
|turn|20
|
|move|p1a: Electrode|Substitute|p1a: Electrode
|-start|p1a: Electrode|Substitute
|-damage|p1a: Electrode|75/100
|move|p2a: Magearna|Draining Kiss|p1a: Electrode
|-end|p1a: Electrode|Substitute
|-heal|p2a: Magearna|31/100 par|[from] drain|[of] p1a: Electrode
|
|-heal|p1a: Electrode|82/100|[from] item: Leftovers
|-damage|p2a: Magearna|18/100 par|[from] Leech Seed|[of] p1a: Electrode
|-heal|p1a: Electrode|96/100|[silent]
|turn|21
|
|move|p1a: Electrode|Substitute|p1a: Electrode
|-start|p1a: Electrode|Substitute
|-damage|p1a: Electrode|71/100
|move|p2a: Magearna|Draining Kiss|p1a: Electrode
|-end|p1a: Electrode|Substitute
|-heal|p2a: Magearna|35/100 par|[from] drain|[of] p1a: Electrode
|
|-heal|p1a: Electrode|77/100|[from] item: Leftovers
|-damage|p2a: Magearna|23/100 par|[from] Leech Seed|[of] p1a: Electrode
|-heal|p1a: Electrode|91/100|[silent]
|turn|22
|
|move|p1a: Electrode|Substitute|p1a: Electrode
|-start|p1a: Electrode|Substitute
|-damage|p1a: Electrode|66/100
|move|p2a: Magearna|Draining Kiss|p1a: Electrode
|-end|p1a: Electrode|Substitute
|-heal|p2a: Magearna|40/100 par|[from] drain|[of] p1a: Electrode
|
|-heal|p1a: Electrode|72/100|[from] item: Leftovers
|-damage|p2a: Magearna|27/100 par|[from] Leech Seed|[of] p1a: Electrode
|-heal|p1a: Electrode|86/100|[silent]
|turn|23
|
|move|p1a: Electrode|Substitute|p1a: Electrode
|-start|p1a: Electrode|Substitute
|-damage|p1a: Electrode|61/100
|move|p2a: Magearna|Draining Kiss|p1a: Electrode
|-end|p1a: Electrode|Substitute
|-heal|p2a: Magearna|44/100 par|[from] drain|[of] p1a: Electrode
|
|-heal|p1a: Electrode|67/100|[from] item: Leftovers
|-damage|p2a: Magearna|32/100 par|[from] Leech Seed|[of] p1a: Electrode
|-heal|p1a: Electrode|81/100|[silent]
|turn|24
|
|move|p1a: Electrode|Substitute|p1a: Electrode
|-start|p1a: Electrode|Substitute
|-damage|p1a: Electrode|56/100
|move|p2a: Magearna|Draining Kiss|p1a: Electrode
|-end|p1a: Electrode|Substitute
|-heal|p2a: Magearna|48/100 par|[from] drain|[of] p1a: Electrode
|
|-heal|p1a: Electrode|62/100|[from] item: Leftovers
|-damage|p2a: Magearna|36/100 par|[from] Leech Seed|[of] p1a: Electrode
|-heal|p1a: Electrode|76/100|[silent]
|turn|25
|
|move|p1a: Electrode|Protect|p1a: Electrode
|-singleturn|p1a: Electrode|Protect
|move|p2a: Magearna|Draining Kiss|p1a: Electrode
|-activate|p1a: Electrode|move: Protect
|
|-heal|p1a: Electrode|82/100|[from] item: Leftovers
|-damage|p2a: Magearna|24/100 par|[from] Leech Seed|[of] p1a: Electrode
|-heal|p1a: Electrode|96/100|[silent]
|turn|26
|
|move|p1a: Electrode|Substitute|p1a: Electrode
|-start|p1a: Electrode|Substitute
|-damage|p1a: Electrode|71/100
|move|p2a: Magearna|Draining Kiss|p1a: Electrode
|-end|p1a: Electrode|Substitute
|-heal|p2a: Magearna|40/100 par|[from] drain|[of] p1a: Electrode
|
|-heal|p1a: Electrode|77/100|[from] item: Leftovers
|-damage|p2a: Magearna|28/100 par|[from] Leech Seed|[of] p1a: Electrode
|-heal|p1a: Electrode|91/100|[silent]
|turn|27
|
|move|p1a: Electrode|Protect|p1a: Electrode
|-singleturn|p1a: Electrode|Protect
|move|p2a: Magearna|Stored Power|p1a: Electrode
|-activate|p1a: Electrode|move: Protect
|
|-heal|p1a: Electrode|97/100|[from] item: Leftovers
|-damage|p2a: Magearna|16/100 par|[from] Leech Seed|[of] p1a: Electrode
|-heal|p1a: Electrode|100/100|[silent]
|turn|28
|
|move|p1a: Electrode|Substitute|p1a: Electrode
|-start|p1a: Electrode|Substitute
|-damage|p1a: Electrode|75/100
|move|p2a: Magearna|Stored Power|p1a: Electrode
|-end|p1a: Electrode|Substitute
|
|-heal|p1a: Electrode|82/100|[from] item: Leftovers
|-damage|p2a: Magearna|3/100 par|[from] Leech Seed|[of] p1a: Electrode
|-heal|p1a: Electrode|96/100|[silent]
|turn|29
|
|move|p1a: Electrode|Substitute|p1a: Electrode
|-start|p1a: Electrode|Substitute
|-damage|p1a: Electrode|71/100
|move|p2a: Magearna|Stored Power|p1a: Electrode
|-end|p1a: Electrode|Substitute
|
|-heal|p1a: Electrode|77/100|[from] item: Leftovers
|-damage|p2a: Magearna|0 fnt|[from] Leech Seed|[of] p1a: Electrode
|-heal|p1a: Electrode|80/100|[silent]
|faint|p2a: Magearna
|
|switch|p2a: Ursaluna|Ursaluna, M|100/100
|-damage|p2a: Ursaluna|94/100|[from] Stealth Rock
|turn|30
|
|move|p1a: Electrode|Leech Seed|p2a: Ursaluna
|-start|p2a: Ursaluna|move: Leech Seed
|move|p2a: Ursaluna|Fire Punch|p1a: Electrode
|-supereffective|p1a: Electrode
|-damage|p1a: Electrode|0 fnt
|faint|p1a: Electrode
|
|-status|p2a: Ursaluna|brn|[from] item: Flame Orb
|
|switch|p1a: Gholdengo|Gholdengo|100/100
|-damage|p1a: Gholdengo|94/100|[from] Stealth Rock
|-item|p1a: Gholdengo|Air Balloon
|turn|31
|
|move|p1a: Gholdengo|Make It Rain|p2a: Ursaluna
|-damage|p2a: Ursaluna|40/100 brn
|-unboost|p1a: Gholdengo|spa|1
|move|p2a: Ursaluna|Fire Punch|p1a: Gholdengo
|-supereffective|p1a: Gholdengo
|-crit|p1a: Gholdengo
|-damage|p1a: Gholdengo|0 fnt
|-enditem|p1a: Gholdengo|Air Balloon
|faint|p1a: Gholdengo
|
|-damage|p2a: Ursaluna|34/100 brn|[from] brn
|
|switch|p1a: Scream Tail|Scream Tail|100/100
|-damage|p1a: Scream Tail|88/100|[from] Stealth Rock
|-damage|p1a: Scream Tail|76/100|[from] Spikes
|turn|32
|
|move|p1a: Scream Tail|Play Rough|p2a: Ursaluna
|-damage|p2a: Ursaluna|16/100 brn
|move|p2a: Ursaluna|Facade|p1a: Scream Tail
|-damage|p1a: Scream Tail|0 fnt
|faint|p1a: Scream Tail
|-end|p1a: Scream Tail|Protosynthesis|[silent]
|
|win|p2
