|poke|p1|Dragapult, F|
|poke|p1|Magearna|
|poke|p1|Chien-Pao|
|poke|p1|Sneasler, M|
|poke|p1|Zamazenta-*|
|poke|p1|Volcarona, M|
|poke|p2|Chien-Pao|
|poke|p2|Sneasler, M|
|poke|p2|Hoopa-Unbound|
|poke|p2|Zamazenta-*|
|poke|p2|Dragonite, M|
|poke|p2|Enamorus, F|
|teampreview
|
|start
|switch|p1a: Dragapult|Dragapult, F|100/100
|switch|p2a: Sneasler|Sneasler, M|100/100
|turn|1
|
|move|p1a: Dragapult|Reflect|p1a: Dragapult
|-sidestart|p1: p1|Reflect
|move|p2a: Sneasler|Dire Claw|p1a: Dragapult
|-resisted|p1a: Dragapult
|-damage|p1a: Dragapult|89/100
|
|turn|2
|
|move|p1a: Dragapult|Will-O-Wisp|p2a: Sneasler
|-status|p2a: Sneasler|brn
|move|p2a: Sneasler|U-turn|p1a: Dragapult
|-resisted|p1a: Dragapult
|-damage|p1a: Dragapult|86/100
|
|switch|p2a: Enamorus|Enamorus, F|100/100|[from] U-turn
|
|turn|3
|
|move|p1a: Dragapult|Light Screen|p1a: Dragapult
|-sidestart|p1: p1|move: Light Screen
|move|p2a: Enamorus|Draining Kiss|p1a: Dragapult
|-supereffective|p1a: Dragapult
|-damage|p1a: Dragapult|60/100
|
|turn|4
|
|move|p1a: Dragapult|Will-O-Wisp|p2a: Enamorus
|-status|p2a: Enamorus|brn
|move|p2a: Enamorus|Mystical Fire|p1a: Dragapult
|-resisted|p1a: Dragapult
|-damage|p1a: Dragapult|54/100
|-unboost|p1a: Dragapult|spa|1
|
|-damage|p2a: Enamorus|94/100 brn|[from] brn
|turn|5
|
|switch|p1a: Volcarona|Volcarona, M|100/100
|move|p2a: Enamorus|Draining Kiss|p1a: Volcarona
|-resisted|p1a: Volcarona
|-damage|p1a: Volcarona|94/100
|-heal|p2a: Enamorus|99/100 brn|[from] drain|[of] p1a: Volcarona
|
|-damage|p2a: Enamorus|94/100 brn|[from] brn
|turn|6
|
|move|p2a: Enamorus|Earth Power|p1a: Volcarona
|-damage|p1a: Volcarona|79/100
|move|p1a: Volcarona|Quiver Dance|p1a: Volcarona
|-boost|p1a: Volcarona|spa|1
|-boost|p1a: Volcarona|spd|1
|-boost|p1a: Volcarona|spe|1
|
|-damage|p2a: Enamorus|87/100 brn|[from] brn
|turn|7
|
|move|p1a: Volcarona|Quiver Dance|p1a: Volcarona
|-boost|p1a: Volcarona|spa|1
|-boost|p1a: Volcarona|spd|1
|-boost|p1a: Volcarona|spe|1
|move|p2a: Enamorus|Superpower|p1a: Volcarona
|-resisted|p1a: Volcarona
|-damage|p1a: Volcarona|73/100
|-boost|p2a: Enamorus|atk|1
|-boost|p2a: Enamorus|def|1
|
|-damage|p2a: Enamorus|81/100 brn|[from] brn
|turn|8
|
|move|p1a: Volcarona|Quiver Dance|p1a: Volcarona
|-boost|p1a: Volcarona|spa|1
|-boost|p1a: Volcarona|spd|1
|-boost|p1a: Volcarona|spe|1
|move|p2a: Enamorus|Earth Power|p1a: Volcarona
|-damage|p1a: Volcarona|67/100
|-unboost|p1a: Volcarona|spd|1
|
|-damage|p2a: Enamorus|75/100 brn|[from] brn
|-sideend|p1: p1|Reflect
|turn|9
|
|move|p1a: Volcarona|Quiver Dance|p1a: Volcarona
|-boost|p1a: Volcarona|spa|1
|-boost|p1a: Volcarona|spd|1
|-boost|p1a: Volcarona|spe|1
|move|p2a: Enamorus|Earth Power|p1a: Volcarona
|-damage|p1a: Volcarona|62/100
|
|-damage|p2a: Enamorus|69/100 brn|[from] brn
|turn|10
|
|move|p1a: Volcarona|Quiver Dance|p1a: Volcarona
|-boost|p1a: Volcarona|spa|1
|-boost|p1a: Volcarona|spd|1
|-boost|p1a: Volcarona|spe|1
|move|p2a: Enamorus|Superpower|p1a: Volcarona
|-resisted|p1a: Volcarona
|-damage|p1a: Volcarona|44/100
|-boost|p2a: Enamorus|atk|1
|-boost|p2a: Enamorus|def|1
|
|-damage|p2a: Enamorus|63/100 brn|[from] brn
|-sideend|p1: p1|move: Light Screen
|turn|11
|
|move|p1a: Volcarona|Giga Drain|p2a: Enamorus
|-resisted|p2a: Enamorus
|-damage|p2a: Enamorus|0 fnt
|-heal|p1a: Volcarona|73/100|[from] drain|[of] p2a: Enamorus
|faint|p2a: Enamorus
|
|
|switch|p2a: Sneasler|Sneasler, M|100/100 brn
|turn|12
|
|move|p2a: Sneasler|Fake Out|p1a: Volcarona
|-damage|p1a: Volcarona|62/100
|cant|p1a: Volcarona|flinch
|
|-damage|p2a: Sneasler|95/100 brn|[from] brn
|turn|13
|
|move|p1a: Volcarona|Fiery Dance|p2a: Sneasler
|-crit|p2a: Sneasler
|-damage|p2a: Sneasler|0 fnt
|-boost|p1a: Volcarona|spa|1
|faint|p2a: Sneasler
|
|
|switch|p2a: Dragonite|Dragonite, M|100/100
|turn|14
|
|move|p1a: Volcarona|Bug Buzz|p2a: Dragonite
|-resisted|p2a: Dragonite
|-damage|p2a: Dragonite|48/100
|-unboost|p2a: Dragonite|spd|1
|move|p2a: Dragonite|Dragon Dance|p2a: Dragonite
|-boost|p2a: Dragonite|atk|1
|-boost|p2a: Dragonite|spe|1
|
|turn|15
|
|-terastallize|p1a: Volcarona|Grass
|move|p2a: Dragonite|Aqua Jet|p1a: Volcarona
|-resisted|p1a: Volcarona
|-damage|p1a: Volcarona|45/100
|move|p1a: Volcarona|Giga Drain|p2a: Dragonite
|-resisted|p2a: Dragonite
|-damage|p2a: Dragonite|0 fnt
|-heal|p1a: Volcarona|70/100|[from] drain|[of] p2a: Dragonite
|faint|p2a: Dragonite
|
|-message|p2 forfeited.
|
|win|p1
