|poke|p1|Ursaluna, F|
|poke|p1|Enamorus, F|
|poke|p1|Slowking-Galar, F|
|poke|p1|Great Tusk|
|poke|p1|Dragapult, M|
|poke|p1|Urshifu-*, M|
|poke|p2|Pelipper, F|
|poke|p2|Floatzel, F|
|poke|p2|Azumarill, F|
|poke|p2|Golduck, M|
|poke|p2|Pawmot, M|
|poke|p2|Toedscruel, F|
|teampreview
|
|start
|switch|p1a: Slowking|Slowking-Galar, F|100/100
|switch|p2a: Ghoti carrier|Pelipper, F|100/100
|-weather|RainDance|[from] ability: Drizzle|[of] p2a: Ghoti carrier
|turn|1
|
|move|p2a: Ghoti carrier|U-turn|p1a: Slowking
|-damage|p1a: Slowking|92/100
|
|switch|p2a: Spaghetti Memory|Toedscruel, F|100/100|[from] U-turn
|move|p1a: Slowking|Chilly Reception|p1a: Slowking
|-weather|Snow
|
|switch|p1a: Ursaluna|Ursaluna, F|100/100|[from] Chilly Reception
|
|-weather|Snow|[upkeep]
|-status|p1a: Ursaluna|brn|[from] item: Flame Orb
|turn|2
|
|switch|p2a: Ghoti carrier|Pelipper, F|100/100
|-weather|RainDance|[from] ability: Drizzle|[of] p2a: Ghoti carrier
|move|p1a: Ursaluna|Facade|p2a: Ghoti carrier
|-damage|p2a: Ghoti carrier|0 fnt
|faint|p2a: Ghoti carrier
|
|-weather|RainDance|[upkeep]
|-damage|p1a: Ursaluna|94/100 brn|[from] brn
|
|switch|p2a: Seaking Duck|Golduck, M|100/100
|turn|3
|
|-terastallize|p1a: Ursaluna|Water
|move|p2a: Seaking Duck|Nasty Plot|p2a: Seaking Duck
|-boost|p2a: Seaking Duck|spa|2
|move|p1a: Ursaluna|Facade|p2a: Seaking Duck
|-damage|p2a: Seaking Duck|0 fnt
|faint|p2a: Seaking Duck
|
|-weather|RainDance|[upkeep]
|-damage|p1a: Ursaluna|88/100 brn|[from] brn
|
|switch|p2a: Spaghetti Memory|Toedscruel, F|100/100
|turn|4
|
|move|p2a: Spaghetti Memory|Knock Off|p1a: Ursaluna
|-damage|p1a: Ursaluna|77/100 brn
|-enditem|p1a: Ursaluna|Flame Orb|[from] move: Knock Off|[of] p2a: Spaghetti Memory
|move|p1a: Ursaluna|Facade|p2a: Spaghetti Memory
|-damage|p2a: Spaghetti Memory|0 fnt
|-damage|p1a: Ursaluna|60/100 brn|[from] item: Rocky Helmet|[of] p2a: Spaghetti Memory
|faint|p2a: Spaghetti Memory
|
|-weather|RainDance|[upkeep]
|-damage|p1a: Ursaluna|54/100 brn|[from] brn
|
|switch|p2a: BandedSkeda|Floatzel, F|100/100
|turn|5
|
|move|p2a: BandedSkeda|Wave Crash|p1a: Ursaluna
|-resisted|p1a: Ursaluna
|-damage|p1a: Ursaluna|10/100 brn
|-damage|p2a: BandedSkeda|81/100|[from] Recoil
|move|p1a: Ursaluna|Facade|p2a: BandedSkeda
|-damage|p2a: BandedSkeda|0 fnt
|faint|p2a: BandedSkeda
|
|-weather|RainDance|[upkeep]
|-damage|p1a: Ursaluna|3/100 brn|[from] brn
|
|switch|p2a: The Goat|Azumarill, F|100/100
|turn|6
|
|switch|p1a: Urshifu|Urshifu-Rapid-Strike, M|100/100
|move|p2a: The Goat|Aqua Jet|p1a: Urshifu
|-resisted|p1a: Urshifu
|-damage|p1a: Urshifu|79/100
|
|-weather|RainDance|[upkeep]
|turn|7
|
|move|p1a: Urshifu|Surging Strikes|p2a: The Goat
|-resisted|p2a: The Goat
|-crit|p2a: The Goat
|-damage|p2a: The Goat|84/100
|-resisted|p2a: The Goat
|-crit|p2a: The Goat
|-damage|p2a: The Goat|68/100
|-resisted|p2a: The Goat
|-crit|p2a: The Goat
|-damage|p2a: The Goat|50/100
|-enditem|p2a: The Goat|Sitrus Berry|[eat]
|-heal|p2a: The Goat|75/100|[from] item: Sitrus Berry
|-hitcount|p2a: The Goat|3
|move|p2a: The Goat|Belly Drum|p2a: The Goat
|-damage|p2a: The Goat|25/100
|-setboost|p2a: The Goat|atk|6|[from] move: Belly Drum
|
|-weather|RainDance|[upkeep]
|turn|8
|
|switch|p1a: Great Tusk|Great Tusk|100/100
|move|p2a: The Goat|Aqua Jet|p1a: Great Tusk
|-supereffective|p1a: Great Tusk
|-damage|p1a: Great Tusk|0 fnt
|-damage|p2a: The Goat|8/100|[from] item: Rocky Helmet|[of] p1a: Great Tusk
|faint|p1a: Great Tusk
|-end|p1a: Great Tusk|Protosynthesis|[silent]
|
|-weather|RainDance|[upkeep]
|
|switch|p1a: Urshifu|Urshifu-Rapid-Strike, M|79/100
|turn|9
|
|move|p1a: Urshifu|Aqua Jet|p2a: The Goat
|-resisted|p2a: The Goat
|-crit|p2a: The Goat
|-damage|p2a: The Goat|0 fnt
|faint|p2a: The Goat
|
|-weather|none
|
|switch|p2a: Really want eject|Pawmot, M|100/100
|turn|10
|
|move|p2a: Really want eject|Revival Blessing|p2a: Really want eject
|-enditem|p2a: Really want eject|Leppa Berry|[eat]
|-activate|p2a: Really want eject|item: Leppa Berry|Revival Blessing|[consumed]
|
|-heal|p2: Ghoti carrier|50/100|[from] move: Revival Blessing
|move|p1a: Urshifu|Surging Strikes|p2a: Really want eject
|-crit|p2a: Really want eject
|-damage|p2a: Really want eject|69/100
|-crit|p2a: Really want eject
|-damage|p2a: Really want eject|41/100
|-crit|p2a: Really want eject
|-damage|p2a: Really want eject|12/100
|-hitcount|p2a: Really want eject|3
|
|turn|11
|
|move|p1a: Urshifu|Aqua Jet|p2a: Really want eject
|-damage|p2a: Really want eject|0 fnt
|faint|p2a: Really want eject
|
|
|switch|p2a: Ghoti carrier|Pelipper, F|50/100
|-weather|RainDance|[from] ability: Drizzle|[of] p2a: Ghoti carrier
|turn|12
|
|move|p1a: Urshifu|Surging Strikes|p2a: Ghoti carrier
|-resisted|p2a: Ghoti carrier
|-crit|p2a: Ghoti carrier
|-damage|p2a: Ghoti carrier|34/100
|-resisted|p2a: Ghoti carrier
|-crit|p2a: Ghoti carrier
|-damage|p2a: Ghoti carrier|18/100
|-resisted|p2a: Ghoti carrier
|-crit|p2a: Ghoti carrier
|-damage|p2a: Ghoti carrier|2/100
|-hitcount|p2a: Ghoti carrier|3
|move|p2a: Ghoti carrier|Hurricane|p1a: Urshifu
|-supereffective|p1a: Urshifu
|-damage|p1a: Urshifu|0 fnt
|faint|p1a: Urshifu
|
|-weather|RainDance|[upkeep]
|
|switch|p1a: Enamorus|Enamorus, F|100/100
|turn|13
|
|move|p1a: Enamorus|Moonblast|p2a: Ghoti carrier
|-damage|p2a: Ghoti carrier|0 fnt
|faint|p2a: Ghoti carrier
|
|win|Whopper 4x
