|poke|p1|Pelipper, F|
|poke|p1|Hatterene, F|
|poke|p1|Amoonguss, F|
|poke|p1|Basculegion, M|
|poke|p1|Zapdos|
|poke|p1|Urshifu-*, M|
|poke|p2|Garchomp, M|
|poke|p2|Hydreigon, M|
|poke|p2|Magnezone|
|poke|p2|Moltres|
|poke|p2|Urshifu-*, M|
|poke|p2|Great Tusk|
|teampreview
|
|start
|switch|p1a: Pelipper|Pelipper, F|100/100
|switch|p2a: Magnezone|Magnezone|100/100
|-weather|RainDance|[from] ability: Drizzle|[of] p1a: Pelipper
|turn|1
|
|switch|p1a: Amoonguss|Amoonguss, F|100/100
|move|p2a: Magnezone|Volt Switch|p1a: Amoonguss
|-resisted|p1a: Amoonguss
|-damage|p1a: Amoonguss|78/100
|-enditem|p1a: Amoonguss|Eject Button
|
|switch|p1a: DANGER|Basculegion, M, shiny|100/100
|
|-weather|RainDance|[upkeep]
|turn|2
|
|switch|p2a: Garchomp|Garchomp, M|100/100
|move|p1a: DANGER|Wave Crash|p2a: Garchomp
|-damage|p2a: Garchomp|0 fnt
|-damage|p1a: DANGER|88/100|[from] ability: Rough Skin|[of] p2a: Garchomp
|-damage|p1a: DANGER|72/100|[from] item: Rocky Helmet|[of] p2a: Garchomp
|faint|p2a: Garchomp
|-damage|p1a: DANGER|35/100|[from] Recoil
|
|-weather|RainDance|[upkeep]
|
|switch|p2a: Urshifu|Urshifu-Rapid-Strike, M|100/100
|turn|3
|
|move|p1a: DANGER|Wave Crash|p2a: Urshifu
|-resisted|p2a: Urshifu
|-damage|p2a: Urshifu|37/100
|-damage|p1a: DANGER|16/100|[from] Recoil
|move|p2a: Urshifu|Surging Strikes|p1a: DANGER
|-resisted|p1a: DANGER
|-crit|p1a: DANGER
|-damage|p1a: DANGER|0 fnt
|faint|p1a: DANGER
|-hitcount|p1: DANGER|1
|
|-weather|RainDance|[upkeep]
|
|switch|p1a: Zapdos|Zapdos|100/100
|turn|4
|
|move|p2a: Urshifu|Surging Strikes|p1a: Zapdos
|-crit|p1a: Zapdos
|-damage|p1a: Zapdos|69/100
|-crit|p1a: Zapdos
|-damage|p1a: Zapdos|35/100
|-crit|p1a: Zapdos
|-damage|p1a: Zapdos|0 fnt
|faint|p1a: Zapdos
|-hitcount|p1: Zapdos|3
|
|-weather|RainDance|[upkeep]
|
|switch|p1a: Urshifu|Urshifu-Rapid-Strike, M|100/100
|turn|5
|
|move|p2a: Urshifu|Surging Strikes|p1a: Urshifu
|-resisted|p1a: Urshifu
|-crit|p1a: Urshifu
|-damage|p1a: Urshifu|87/100
|-resisted|p1a: Urshifu
|-crit|p1a: Urshifu
|-damage|p1a: Urshifu|73/100
|-resisted|p1a: Urshifu
|-crit|p1a: Urshifu
|-damage|p1a: Urshifu|59/100
|-hitcount|p1a: Urshifu|3
|move|p1a: Urshifu|Swords Dance|p1a: Urshifu
|-boost|p1a: Urshifu|atk|2
|
|-weather|RainDance|[upkeep]
|turn|6
|
|move|p2a: Urshifu|Surging Strikes|p1a: Urshifu
|-resisted|p1a: Urshifu
|-crit|p1a: Urshifu
|-damage|p1a: Urshifu|43/100
|-resisted|p1a: Urshifu
|-crit|p1a: Urshifu
|-damage|p1a: Urshifu|30/100
|-resisted|p1a: Urshifu
|-crit|p1a: Urshifu
|-damage|p1a: Urshifu|15/100
|-hitcount|p1a: Urshifu|3
|move|p1a: Urshifu|Drain Punch|p2a: Urshifu
|-damage|p2a: Urshifu|0 fnt
|-heal|p1a: Urshifu|33/100|[from] drain|[of] p2a: Urshifu
|faint|p2a: Urshifu
|
|-weather|RainDance|[upkeep]
|
|switch|p2a: Hydreigon|Hydreigon, M|100/100
|turn|7
|
|move|p2a: Hydreigon|Earth Power|p1a: Urshifu
|-damage|p1a: Urshifu|0 fnt
|faint|p1a: Urshifu
|
|-weather|RainDance|[upkeep]
|
|switch|p1a: Pelipper|Pelipper, F|100/100
|turn|8
|
|move|p2a: Hydreigon|Nasty Plot|p2a: Hydreigon
|-boost|p2a: Hydreigon|spa|2
|move|p1a: Pelipper|U-turn|p2a: Hydreigon
|-supereffective|p2a: Hydreigon
|-damage|p2a: Hydreigon|81/100
|
|switch|p1a: Hatterene|Hatterene, F|100/100|[from] U-turn
|
|-weather|none
|-heal|p2a: Hydreigon|87/100|[from] item: Leftovers
|turn|9
|
|-terastallize|p2a: Hydreigon|Steel
|move|p2a: Hydreigon|Dark Pulse|p1a: Hatterene
|-damage|p1a: Hatterene|21/100
|-enditem|p1a: Hatterene|Eject Button
|
|switch|p1a: Amoonguss|Amoonguss, F|100/100
|
|-heal|p2a: Hydreigon|93/100|[from] item: Leftovers
|turn|10
|
|move|p2a: Hydreigon|Substitute|p2a: Hydreigon
|-start|p2a: Hydreigon|Substitute
|-damage|p2a: Hydreigon|68/100
|move|p1a: Amoonguss|Spore||[still]
|-fail|p1a: Amoonguss
|
|-heal|p2a: Hydreigon|74/100|[from] item: Leftovers
|turn|11
|-message|RiloBR forfeited.
|
|win|x222y2
