|poke|p1|Samurott-Hisui, F|
|poke|p1|Landorus-Therian, M|
|poke|p1|Dragapult, F|
|poke|p1|Sneasler, F|
|poke|p1|Gholdengo|
|poke|p1|Magearna|
|poke|p2|Clodsire, F|
|poke|p2|Volcarona, M|
|poke|p2|Iron Treads|
|poke|p2|Kleavor, M|
|poke|p2|Urshifu-*, M|
|poke|p2|Ditto|
|teampreview
|
|start
|switch|p1a: Samurott|Samurott-Hisui, F|100/100
|switch|p2a: Volcarona|Volcarona, M|100/100
|turn|1
|
|-terastallize|p2a: Volcarona|Grass
|move|p2a: Volcarona|Quiver Dance|p2a: Volcarona
|-boost|p2a: Volcarona|spa|1
|-boost|p2a: Volcarona|spd|1
|-boost|p2a: Volcarona|spe|1
|move|p1a: Samurott|Razor Shell|p2a: Volcarona
|-resisted|p2a: Volcarona
|-damage|p2a: Volcarona|72/100
|-status|p1a: Samurott|brn|[from] ability: Flame Body|[of] p2a: Volcarona
|
|-heal|p2a: Volcarona|78/100|[from] item: Leftovers
|-damage|p1a: Samurott|94/100 brn|[from] brn
|turn|2
|
|switch|p1a: Sneasler|Sneasler, F|100/100
|move|p2a: Volcarona|Giga Drain|p1a: Sneasler
|-resisted|p1a: Sneasler
|-damage|p1a: Sneasler|70/100
|-heal|p2a: Volcarona|90/100|[from] drain|[of] p1a: Sneasler
|
|-heal|p2a: Volcarona|96/100|[from] item: Leftovers
|turn|3
|
|move|p1a: Sneasler|Dire Claw|p2a: Volcarona
|-supereffective|p2a: Volcarona
|-damage|p2a: Volcarona|10/100
|-status|p1a: Sneasler|brn|[from] ability: Flame Body|[of] p2a: Volcarona
|move|p2a: Volcarona|Fiery Dance|p1a: Sneasler
|-damage|p1a: Sneasler|0 fnt
|-boost|p2a: Volcarona|spa|1
|faint|p1a: Sneasler
|
|-heal|p2a: Volcarona|16/100|[from] item: Leftovers
|
|switch|p1a: Samurott|Samurott-Hisui, F|94/100 brn
|turn|4
|
|move|p1a: Samurott|Sucker Punch|p2a: Volcarona
|-damage|p2a: Volcarona|0 fnt
|faint|p2a: Volcarona
|
|-damage|p1a: Samurott|88/100 brn|[from] brn
|
|switch|p2a: Urshifu|Urshifu-Rapid-Strike, M|100/100
|turn|5
|
|switch|p1a: Gholdengo|Gholdengo|100/100
|move|p2a: Urshifu|Swords Dance|p2a: Urshifu
|-boost|p2a: Urshifu|atk|2
|
|turn|6
|
|move|p2a: Urshifu|Surging Strikes|p1a: Gholdengo
|-crit|p1a: Gholdengo
|-damage|p1a: Gholdengo|61/100
|-crit|p1a: Gholdengo
|-damage|p1a: Gholdengo|18/100
|-crit|p1a: Gholdengo
|-damage|p1a: Gholdengo|0 fnt
|faint|p1a: Gholdengo
|-hitcount|p1: Gholdengo|3
|
|
|switch|p1a: Magearna|Magearna|100/100
|turn|7
|
|-terastallize|p1a: Magearna|Water
|move|p2a: Urshifu|Surging Strikes|p1a: Magearna
|-resisted|p1a: Magearna
|-crit|p1a: Magearna
|-damage|p1a: Magearna|78/100
|-resisted|p1a: Magearna
|-crit|p1a: Magearna
|-damage|p1a: Magearna|54/100
|-resisted|p1a: Magearna
|-crit|p1a: Magearna
|-damage|p1a: Magearna|32/100
|-hitcount|p1a: Magearna|3
|move|p1a: Magearna|Shift Gear|p1a: Magearna
|-boost|p1a: Magearna|spe|2
|-boost|p1a: Magearna|atk|1
|
|-heal|p1a: Magearna|38/100|[from] item: Leftovers
|turn|8
|
|move|p1a: Magearna|Draining Kiss|p2a: Urshifu
|-supereffective|p2a: Urshifu
|-damage|p2a: Urshifu|11/100
|-heal|p1a: Magearna|100/100|[from] drain|[of] p2a: Urshifu
|move|p2a: Urshifu|Surging Strikes|p1a: Magearna
|-resisted|p1a: Magearna
|-crit|p1a: Magearna
|-damage|p1a: Magearna|78/100
|-resisted|p1a: Magearna
|-crit|p1a: Magearna
|-damage|p1a: Magearna|56/100
|-resisted|p1a: Magearna
|-crit|p1a: Magearna
|-damage|p1a: Magearna|35/100
|-hitcount|p1a: Magearna|3
|
|-heal|p1a: Magearna|41/100|[from] item: Leftovers
|turn|9
|
|move|p1a: Magearna|Draining Kiss|p2a: Urshifu
|-supereffective|p2a: Urshifu
|-damage|p2a: Urshifu|0 fnt
|-heal|p1a: Magearna|50/100|[from] drain|[of] p2a: Urshifu
|faint|p2a: Urshifu
|-ability|p1a: Magearna|Soul-Heart|boost
|-boost|p1a: Magearna|spa|1
|
|-heal|p1a: Magearna|56/100|[from] item: Leftovers
|
|switch|p2a: Ditto|Ditto|100/100
|-transform|p2a: Ditto|p1a: Magearna|[from] ability: Imposter
|-start|p2a: Ditto|typechange|Steel/Fairy|[silent]
|turn|10
|
|switch|p1a: Samurott|Samurott-Hisui, F|88/100 brn
|move|p2a: Ditto|Stored Power|p1a: Samurott
|-immune|p1a: Samurott
|
|-damage|p1a: Samurott|82/100 brn|[from] brn
|turn|11
|
|switch|p2a: Clodsire|Clodsire, F|100/100
|move|p1a: Samurott|Ceaseless Edge|p2a: Clodsire
|-damage|p2a: Clodsire|83/100
|-sidestart|p2: p2|Spikes
|
|-heal|p2a: Clodsire|89/100|[from] item: Black Sludge
|-damage|p1a: Samurott|76/100 brn|[from] brn
|turn|12
|
|move|p1a: Samurott|Ceaseless Edge|p2a: Clodsire
|-damage|p2a: Clodsire|70/100
|-sidestart|p2: p2|Spikes
|move|p2a: Clodsire|Stealth Rock|p1a: Samurott
|-sidestart|p1: p1|move: Stealth Rock
|
|-heal|p2a: Clodsire|77/100|[from] item: Black Sludge
|-damage|p1a: Samurott|69/100 brn|[from] brn
|turn|13
|
|move|p1a: Samurott|Ceaseless Edge|p2a: Clodsire
|-damage|p2a: Clodsire|59/100
|-sidestart|p2: p2|Spikes
|move|p2a: Clodsire|Spikes|p1a: Samurott
|-sidestart|p1: p1|Spikes
|
|-heal|p2a: Clodsire|65/100|[from] item: Black Sludge
|-damage|p1a: Samurott|63/100 brn|[from] brn
|turn|14
|
|switch|p1a: Landorus|Landorus-Therian, M|100/100
|-damage|p1a: Landorus|88/100|[from] Stealth Rock
|-ability|p1a: Landorus|Intimidate|boost
|-unboost|p2a: Clodsire|atk|1
|move|p2a: Clodsire|Recover|p2a: Clodsire
|-heal|p2a: Clodsire|100/100
|
|turn|15
|
|move|p1a: Landorus|Stone Edge|p2a: Clodsire
|-resisted|p2a: Clodsire
|-damage|p2a: Clodsire|88/100
|move|p2a: Clodsire|Toxic|p1a: Landorus
|-status|p1a: Landorus|tox
|
|-heal|p2a: Clodsire|94/100|[from] item: Black Sludge
|-damage|p1a: Landorus|82/100 tox|[from] psn
|turn|16
|
|move|p1a: Landorus|Earthquake|p2a: Clodsire
|-supereffective|p2a: Clodsire
|-damage|p2a: Clodsire|24/100
|move|p2a: Clodsire|Spikes|p1a: Landorus
|-sidestart|p1: p1|Spikes
|
|-heal|p2a: Clodsire|30/100|[from] item: Black Sludge
|-damage|p1a: Landorus|70/100 tox|[from] psn
|turn|17
|
|move|p1a: Landorus|Earthquake|p2a: Clodsire
|-supereffective|p2a: Clodsire
|-damage|p2a: Clodsire|0 fnt
|faint|p2a: Clodsire
|
|-damage|p1a: Landorus|52/100 tox|[from] psn
|
|switch|p2a: Iron Treads|Iron Treads|100/100
|-damage|p2a: Iron Treads|76/100|[from] Spikes
|-enditem|p2a: Iron Treads|Booster Energy
|-activate|p2a: Iron Treads|ability: Quark Drive|[fromitem]
|-start|p2a: Iron Treads|quarkdrivespe
|turn|18
|
|move|p2a: Iron Treads|Rapid Spin|p1a: Landorus
|-crit|p1a: Landorus
|-damage|p1a: Landorus|32/100 tox
|-boost|p2a: Iron Treads|spe|1
|-damage|p2a: Iron Treads|59/100|[from] item: Rocky Helmet|[of] p1a: Landorus
|-sideend|p2: p2|Spikes|[from] move: Rapid Spin|[of] p2a: Iron Treads
|move|p1a: Landorus|Earthquake|p2a: Iron Treads
|-supereffective|p2a: Iron Treads
|-damage|p2a: Iron Treads|0 fnt
|faint|p2a: Iron Treads
|-end|p2a: Iron Treads|Quark Drive|[silent]
|
|-damage|p1a: Landorus|8/100 tox|[from] psn
|
|switch|p2a: Kleavor|Kleavor, M|100/100
|turn|19
|
|move|p2a: Kleavor|Fury Cutter|p1a: Landorus
|-resisted|p1a: Landorus
|-damage|p1a: Landorus|0 fnt
|-damage|p2a: Kleavor|84/100|[from] item: Rocky Helmet|[of] p1a: Landorus
|faint|p1a: Landorus
|
|
|switch|p1a: Dragapult|Dragapult, F|100/100
|turn|20
|
|move|p1a: Dragapult|Will-O-Wisp|p2a: Kleavor
|-status|p2a: Kleavor|brn
|move|p2a: Kleavor|Fury Cutter|p1a: Dragapult
|-resisted|p1a: Dragapult
|-damage|p1a: Dragapult|78/100
|
|-damage|p2a: Kleavor|78/100 brn|[from] brn
|turn|21
|
|move|p1a: Dragapult|Hex|p2a: Kleavor
|-damage|p2a: Kleavor|0 fnt
|faint|p2a: Kleavor
|
|
|switch|p2a: Ditto|Ditto|100/100
|-transform|p2a: Ditto|p1a: Dragapult|[from] ability: Imposter
|turn|22
|
|switch|p1a: Samurott|Samurott-Hisui, F|63/100 brn
|-damage|p1a: Samurott|51/100 brn|[from] Stealth Rock
|-damage|p1a: Samurott|34/100 brn|[from] Spikes
|move|p2a: Ditto|Hex|p1a: Samurott
|-resisted|p1a: Samurott
|-damage|p1a: Samurott|5/100 brn
|
|-damage|p1a: Samurott|0 fnt|[from] brn
|faint|p1a: Samurott
|
|switch|p1a: Magearna|Magearna, tera:Water|56/100
|-damage|p1a: Magearna|43/100|[from] Stealth Rock
|-damage|p1a: Magearna|27/100|[from] Spikes
|turn|23
|
|move|p2a: Ditto|Hex|p1a: Magearna
|-damage|p1a: Magearna|0 fnt
|faint|p1a: Magearna
|
|
|switch|p1a: Dragapult|Dragapult, F|78/100
|turn|24
|
|move|p2a: Ditto|Hex|p1a: Dragapult
|-supereffective|p1a: Dragapult
|-damage|p1a: Dragapult|3/100
|move|p1a: Dragapult|Draco Meteor|p2a: Ditto
|-supereffective|p2a: Ditto
|-damage|p2a: Ditto|0 fnt
|-unboost|p1a: Dragapult|spa|2
|faint|p2a: Ditto
|
|win|p1
