|poke|p1|Urshifu-*, M|
|poke|p1|Great Tusk|
|poke|p1|Chien-Pao|
|poke|p1|Ursaluna, F|
|poke|p1|Skeledirge, M|
|poke|p1|Ceruledge, M|
|poke|p2|Meowscarada, M|
|poke|p2|Chien-Pao|
|poke|p2|Urshifu-*, M|
|poke|p2|Clodsire, F|
|poke|p2|Magearna|
|poke|p2|Zapdos|
|teampreview
|
|start
|switch|p1a: Great Tusk|Great Tusk|100/100
|switch|p2a: Urshifu|Urshifu-Rapid-Strike, M|100/100
|turn|1
|
|move|p2a: Urshifu|Surging Strikes|p1a: Great Tusk
|-supereffective|p1a: Great Tusk
|-crit|p1a: Great Tusk
|-damage|p1a: Great Tusk|74/100
|-supereffective|p1a: Great Tusk
|-crit|p1a: Great Tusk
|-damage|p1a: Great Tusk|48/100
|-supereffective|p1a: Great Tusk
|-crit|p1a: Great Tusk
|-damage|p1a: Great Tusk|19/100
|-hitcount|p1a: Great Tusk|3
|move|p1a: Great Tusk|Stealth Rock|p2a: Urshifu
|-sidestart|p2: p2|move: Stealth Rock
|
|-heal|p1a: Great Tusk|26/100|[from] item: Leftovers
|turn|2
|
|-end|p1a: Great Tusk|Protosynthesis|[silent]
|switch|p1a: Urshifu|Urshifu-Rapid-Strike, M|100/100
|move|p2a: Urshifu|Surging Strikes|p1a: Urshifu
|-resisted|p1a: Urshifu
|-crit|p1a: Urshifu
|-damage|p1a: Urshifu|86/100
|-resisted|p1a: Urshifu
|-crit|p1a: Urshifu
|-damage|p1a: Urshifu|71/100
|-resisted|p1a: Urshifu
|-crit|p1a: Urshifu
|-damage|p1a: Urshifu|57/100
|-hitcount|p1a: Urshifu|3
|
|turn|3
|
|-terastallize|p1a: Urshifu|Water
|move|p1a: Urshifu|Surging Strikes|p2a: Urshifu
|-resisted|p2a: Urshifu
|-crit|p2a: Urshifu
|-damage|p2a: Urshifu|83/100
|-resisted|p2a: Urshifu
|-crit|p2a: Urshifu
|-damage|p2a: Urshifu|64/100
|-resisted|p2a: Urshifu
|-crit|p2a: Urshifu
|-damage|p2a: Urshifu|46/100
|-hitcount|p2a: Urshifu|3
|-damage|p1a: Urshifu|47/100|[from] item: Life Orb
|move|p2a: Urshifu|Surging Strikes|p1a: Urshifu
|-resisted|p1a: Urshifu
|-crit|p1a: Urshifu
|-damage|p1a: Urshifu|33/100
|-resisted|p1a: Urshifu
|-crit|p1a: Urshifu
|-damage|p1a: Urshifu|19/100
|-resisted|p1a: Urshifu
|-crit|p1a: Urshifu
|-damage|p1a: Urshifu|3/100
|-hitcount|p1a: Urshifu|3
|
|turn|4
|
|move|p2a: Urshifu|Surging Strikes|p1a: Urshifu
|-resisted|p1a: Urshifu
|-crit|p1a: Urshifu
|-damage|p1a: Urshifu|0 fnt
|faint|p1a: Urshifu
|-hitcount|p1: Urshifu|1
|
|
|switch|p1a: Chien-Pao|Chien-Pao|100/100
|-ability|p1a: Chien-Pao|Sword of Ruin
|turn|5
|
|move|p1a: Chien-Pao|Sacred Sword|p2a: Urshifu
|-damage|p2a: Urshifu|0 fnt
|faint|p2a: Urshifu
|
|
|switch|p2a: Magearna|Magearna|100/100
|-damage|p2a: Magearna|94/100|[from] Stealth Rock
|turn|6
|
|switch|p1a: Skeledirge|Skeledirge, M|100/100
|move|p2a: Magearna|Flash Cannon|p1a: Skeledirge
|-resisted|p1a: Skeledirge
|-damage|p1a: Skeledirge|85/100
|
|-heal|p1a: Skeledirge|91/100|[from] item: Leftovers
|-heal|p2a: Magearna|100/100|[from] item: Leftovers
|turn|7
|
|switch|p2a: Clodsire|Clodsire, F|100/100
|-damage|p2a: Clodsire|94/100|[from] Stealth Rock
|move|p1a: Skeledirge|Will-O-Wisp|p2a: Clodsire
|-status|p2a: Clodsire|brn
|
|-heal|p1a: Skeledirge|97/100|[from] item: Leftovers
|-heal|p2a: Clodsire|100/100 brn|[from] item: Leftovers
|-damage|p2a: Clodsire|94/100 brn|[from] brn
|turn|8
|
|move|p1a: Skeledirge|Torch Song|p2a: Clodsire
|-damage|p2a: Clodsire|78/100 brn
|-boost|p1a: Skeledirge|spa|1
|move|p2a: Clodsire|Toxic|p1a: Skeledirge
|-status|p1a: Skeledirge|tox
|
|-heal|p1a: Skeledirge|100/100 tox|[from] item: Leftovers
|-heal|p2a: Clodsire|84/100 brn|[from] item: Leftovers
|-damage|p1a: Skeledirge|94/100 tox|[from] psn
|-damage|p2a: Clodsire|78/100 brn|[from] brn
|turn|9
|
|move|p1a: Skeledirge|Hex|p2a: Clodsire
|-damage|p2a: Clodsire|50/100 brn
|move|p2a: Clodsire|Stealth Rock|p1a: Skeledirge
|-sidestart|p1: p1|move: Stealth Rock
|
|-heal|p1a: Skeledirge|100/100 tox|[from] item: Leftovers
|-heal|p2a: Clodsire|56/100 brn|[from] item: Leftovers
|-damage|p1a: Skeledirge|88/100 tox|[from] psn
|-damage|p2a: Clodsire|50/100 brn|[from] brn
|turn|10
|
|switch|p1a: Great Tusk|Great Tusk|26/100
|-damage|p1a: Great Tusk|23/100|[from] Stealth Rock
|move|p2a: Clodsire|Recover|p2a: Clodsire
|-heal|p2a: Clodsire|99/100 brn
|
|-heal|p1a: Great Tusk|29/100|[from] item: Leftovers
|-heal|p2a: Clodsire|100/100 brn|[from] item: Leftovers
|-damage|p2a: Clodsire|94/100 brn|[from] brn
|turn|11
|
|move|p1a: Great Tusk|Rapid Spin|p2a: Clodsire
|-damage|p2a: Clodsire|79/100 brn
|-boost|p1a: Great Tusk|spe|1
|-sideend|p1: p1|Stealth Rock|[from] move: Rapid Spin|[of] p1a: Great Tusk
|move|p2a: Clodsire|Earthquake|p1a: Great Tusk
|-damage|p1a: Great Tusk|23/100
|
|-heal|p1a: Great Tusk|29/100|[from] item: Leftovers
|-heal|p2a: Clodsire|85/100 brn|[from] item: Leftovers
|-damage|p2a: Clodsire|79/100 brn|[from] brn
|turn|12
|
|move|p1a: Great Tusk|Knock Off|p2a: Clodsire
|-damage|p2a: Clodsire|46/100 brn
|-enditem|p2a: Clodsire|Leftovers|[from] move: Knock Off|[of] p1a: Great Tusk
|move|p2a: Clodsire|Toxic|p1a: Great Tusk
|-status|p1a: Great Tusk|tox
|
|-heal|p1a: Great Tusk|35/100 tox|[from] item: Leftovers
|-damage|p1a: Great Tusk|29/100 tox|[from] psn
|-damage|p2a: Clodsire|40/100 brn|[from] brn
|turn|13
|
|move|p1a: Great Tusk|Earthquake|p2a: Clodsire
|-supereffective|p2a: Clodsire
|-damage|p2a: Clodsire|0 fnt
|faint|p2a: Clodsire
|
|-heal|p1a: Great Tusk|35/100 tox|[from] item: Leftovers
|-damage|p1a: Great Tusk|23/100 tox|[from] psn
|
|switch|p2a: Meowscarada|Meowscarada, M|100/100
|-damage|p2a: Meowscarada|88/100|[from] Stealth Rock
|turn|14
|
|move|p2a: Meowscarada|Flower Trick|p1a: Great Tusk
|-supereffective|p1a: Great Tusk
|-crit|p1a: Great Tusk
|-damage|p1a: Great Tusk|0 fnt
|faint|p1a: Great Tusk
|-end|p1a: Great Tusk|Protosynthesis|[silent]
|
|
|switch|p1a: Chien-Pao|Chien-Pao|100/100
|-ability|p1a: Chien-Pao|Sword of Ruin
|turn|15
|
|switch|p1a: Ceruledge|Ceruledge, M|100/100
|move|p2a: Meowscarada|Flower Trick|p1a: Ceruledge
|-resisted|p1a: Ceruledge
|-crit|p1a: Ceruledge
|-damage|p1a: Ceruledge|64/100
|-ability|p1a: Ceruledge|Weak Armor|boost
|-unboost|p1a: Ceruledge|def|1
|-boost|p1a: Ceruledge|spe|2
|
|turn|16
|
|switch|p2a: Zapdos|Zapdos|100/100
|move|p1a: Ceruledge|Bitter Blade|p2a: Zapdos
|-damage|p2a: Zapdos|67/100
|-heal|p1a: Ceruledge|87/100|[from] drain|[of] p2a: Zapdos
|
|turn|17
|
|move|p1a: Ceruledge|Swords Dance|p1a: Ceruledge
|-boost|p1a: Ceruledge|atk|2
|move|p2a: Zapdos|Volt Switch|p1a: Ceruledge
|-damage|p1a: Ceruledge|50/100
|
|switch|p2a: Chien-Pao|Chien-Pao|100/100|[from] Volt Switch
|-ability|p2a: Chien-Pao|Sword of Ruin
|
|turn|18
|
|move|p2a: Chien-Pao|Sucker Punch|p1a: Ceruledge
|-supereffective|p1a: Ceruledge
|-damage|p1a: Ceruledge|0 fnt
|faint|p1a: Ceruledge
|
|
|switch|p1a: Ursaluna|Ursaluna, F|100/100
|turn|19
|
|switch|p2a: Zapdos|Zapdos|67/100
|move|p1a: Ursaluna|Facade|p2a: Zapdos
|-damage|p2a: Zapdos|32/100
|-status|p1a: Ursaluna|par|[from] ability: Static|[of] p2a: Zapdos
|
|turn|20
|
|move|p2a: Zapdos|Roost|p2a: Zapdos
|-heal|p2a: Zapdos|82/100
|-singleturn|p2a: Zapdos|move: Roost
|move|p1a: Ursaluna|Facade|p2a: Zapdos
|-damage|p2a: Zapdos|0 fnt
|faint|p2a: Zapdos
|
|
|switch|p2a: Meowscarada|Meowscarada, M|88/100
|-damage|p2a: Meowscarada|76/100|[from] Stealth Rock
|turn|21
|
|move|p2a: Meowscarada|Flower Trick|p1a: Ursaluna
|-supereffective|p1a: Ursaluna
|-crit|p1a: Ursaluna
|-damage|p1a: Ursaluna|33/100 par
|move|p1a: Ursaluna|Facade|p2a: Meowscarada
|-damage|p2a: Meowscarada|0 fnt
|faint|p2a: Meowscarada
|
|
|switch|p2a: Chien-Pao|Chien-Pao|100/100
|-ability|p2a: Chien-Pao|Sword of Ruin
|turn|22
|
|-terastallize|p2a: Chien-Pao|Dark
|move|p2a: Chien-Pao|Crunch|p1a: Ursaluna
|-damage|p1a: Ursaluna|0 fnt
|faint|p1a: Ursaluna
|
|
|switch|p1a: Chien-Pao|Chien-Pao|100/100
|-ability|p1a: Chien-Pao|Sword of Ruin
|turn|23
|
|move|p1a: Chien-Pao|Sacred Sword|p2a: Chien-Pao
|-supereffective|p2a: Chien-Pao
|-damage|p2a: Chien-Pao|0 fnt
|faint|p2a: Chien-Pao
|
|
|switch|p2a: Magearna|Magearna|100/100
|-damage|p2a: Magearna|94/100|[from] Stealth Rock
|turn|24
|
|move|p1a: Chien-Pao|Sacred Sword|p2a: Magearna
|-damage|p2a: Magearna|44/100
|move|p2a: Magearna|Flash Cannon|p1a: Chien-Pao
|-supereffective|p1a: Chien-Pao
|-damage|p1a: Chien-Pao|0 fnt
|faint|p1a: Chien-Pao
|-ability|p2a: Magearna|Soul-Heart|boost
|-boost|p2a: Magearna|spa|1
|
|-heal|p2a: Magearna|50/100|[from] item: Leftovers
|
|switch|p1a: Skeledirge|Skeledirge, M|88/100 tox
|turn|25
|
|move|p1a: Skeledirge|Torch Song|p2a: Magearna
|-supereffective|p2a: Magearna
|-damage|p2a: Magearna|0 fnt
|-boost|p1a: Skeledirge|spa|1
|faint|p2a: Magearna
|
|win|p1
|player|p2|p2|lady
