# advantage = p1
|poke|p1|Landorus-Therian, M|
|poke|p1|Zamazenta-*|
|poke|p1|Volcarona, M|
|poke|p1|Regieleki|
|poke|p1|Magearna|
|poke|p1|Urshifu-*, M|
|poke|p2|Pelipper, M|
|poke|p2|Floatzel, M|
|poke|p2|Azumarill, F|
|poke|p2|Golduck, M|
|poke|p2|Pawmot, M|
|poke|p2|Toedscruel, F|
|teampreview
|
|start
|switch|p1a: Landorus|Landorus-Therian, M|100/100
|switch|p2a: Ghoti carrier|Pelipper, M|100/100
|-ability|p1a: Landorus|Intimidate|boost
|-unboost|p2a: Ghoti carrier|atk|1
|-weather|RainDance|[from] ability: Drizzle|[of] p2a: Ghoti carrier
|turn|1
|
|move|p1a: Landorus|Stealth Rock|p2a: Ghoti carrier
|-sidestart|p2: p2|move: Stealth Rock
|move|p2a: Ghoti carrier|U-turn|p1a: Landorus
|-resisted|p1a: Landorus
|-damage|p1a: Landorus|96/100
|
|switch|p2a: Seaking Duck|Golduck, M|100/100|[from] U-turn
|-damage|p2a: Seaking Duck|88/100|[from] Stealth Rock
|
|-weather|RainDance|[upkeep]
|turn|2
|
|move|p2a: Seaking Duck|Surf|p1a: Landorus
|-supereffective|p1a: Landorus
|-damage|p1a: Landorus|0 fnt
|faint|p1a: Landorus
|-damage|p2a: Seaking Duck|78/100|[from] item: Life Orb
|
|-weather|RainDance|[upkeep]
|
|switch|p1a: Magearna|Magearna|100/100
|turn|3
|
|move|p2a: Seaking Duck|Surf|p1a: Magearna
|-damage|p1a: Magearna|38/100
|-damage|p2a: Seaking Duck|68/100|[from] item: Life Orb
|move|p1a: Magearna|Draining Kiss|p2a: Seaking Duck
|-damage|p2a: Seaking Duck|38/100
|-heal|p1a: Magearna|57/100|[from] drain|[of] p2a: Seaking Duck
|
|-weather|RainDance|[upkeep]
|-heal|p1a: Magearna|63/100|[from] item: Leftovers
|turn|4
|
|move|p2a: Seaking Duck|Nasty Plot|p2a: Seaking Duck
|-boost|p2a: Seaking Duck|spa|2
|move|p1a: Magearna|Draining Kiss|p2a: Seaking Duck
|-damage|p2a: Seaking Duck|9/100
|-heal|p1a: Magearna|81/100|[from] drain|[of] p2a: Seaking Duck
|
|-weather|RainDance|[upkeep]
|-heal|p1a: Magearna|87/100|[from] item: Leftovers
|turn|5
|
|move|p2a: Seaking Duck|Surf|p1a: Magearna
|-damage|p1a: Magearna|0 fnt
|faint|p1a: Magearna
|-damage|p2a: Seaking Duck|0 fnt|[from] item: Life Orb
|faint|p2a: Seaking Duck
|
|-weather|RainDance|[upkeep]
|
|switch|p2a: The Goat|Azumarill, F|100/100
|switch|p1a: Zamazenta|Zamazenta-Crowned|100/100
|-ability|p1a: Zamazenta|Dauntless Shield|boost
|-boost|p1a: Zamazenta|def|1
|-damage|p2a: The Goat|88/100|[from] Stealth Rock
|turn|6
|
|move|p1a: Zamazenta|Iron Defense|p1a: Zamazenta
|-boost|p1a: Zamazenta|def|2
|move|p2a: The Goat|Belly Drum|p2a: The Goat
|-damage|p2a: The Goat|38/100
|-setboost|p2a: The Goat|atk|6|[from] move: Belly Drum
|-enditem|p2a: The Goat|Sitrus Berry|[eat]
|-heal|p2a: The Goat|63/100|[from] item: Sitrus Berry
|
|-weather|RainDance|[upkeep]
|turn|7
|
|-terastallize|p1a: Zamazenta|Water
|move|p2a: The Goat|Aqua Jet|p1a: Zamazenta
|-resisted|p1a: Zamazenta
|-damage|p1a: Zamazenta|81/100
|move|p1a: Zamazenta|Iron Defense|p1a: Zamazenta
|-boost|p1a: Zamazenta|def|2
|
|-weather|RainDance|[upkeep]
|turn|8
|
|move|p1a: Zamazenta|Body Press|p2a: The Goat
|-resisted|p2a: The Goat
|-damage|p2a: The Goat|0 fnt
|faint|p2a: The Goat
|
|-weather|none
|
|switch|p2a: Really want eject|Pawmot, M|100/100
|-damage|p2a: Really want eject|94/100|[from] Stealth Rock
|turn|9
|
|-terastallize|p2a: Really want eject|Ghost
|move|p1a: Zamazenta|Body Press|p2a: Really want eject
|-immune|p2a: Really want eject
|move|p2a: Really want eject|Nuzzle|p1a: Zamazenta
|-supereffective|p1a: Zamazenta
|-damage|p1a: Zamazenta|77/100
|-status|p1a: Zamazenta|par
|
|turn|10
|
|move|p2a: Really want eject|Encore|p1a: Zamazenta
|-start|p1a: Zamazenta|Encore
|move|p1a: Zamazenta|Body Press|p2a: Really want eject
|-immune|p2a: Really want eject
|
|turn|11
|
|move|p2a: Really want eject|Revival Blessing|p2a: Really want eject
|-enditem|p2a: Really want eject|Leppa Berry|[eat]
|-activate|p2a: Really want eject|item: Leppa Berry|Revival Blessing|[consumed]
|
|-heal|p2: Seaking Duck|50/100|[from] move: Revival Blessing
|cant|p1a: Zamazenta|par
|
|turn|12
|
|move|p2a: Really want eject|Revival Blessing|p2a: Really want eject
|
|-heal|p2: The Goat|50/100|[from] move: Revival Blessing
|move|p1a: Zamazenta|Body Press|p2a: Really want eject
|-immune|p2a: Really want eject
|
|-end|p1a: Zamazenta|Encore
|turn|13
|
|move|p2a: Really want eject|Encore|p1a: Zamazenta
|-start|p1a: Zamazenta|Encore
|cant|p1a: Zamazenta|par
|
|turn|14
|
|move|p2a: Really want eject|Nuzzle|p1a: Zamazenta
|-supereffective|p1a: Zamazenta
|-damage|p1a: Zamazenta|74/100 par
|cant|p1a: Zamazenta|par
|
|turn|15
|
|move|p2a: Really want eject|Close Combat|p1a: Zamazenta
|-damage|p1a: Zamazenta|65/100 par
|-unboost|p2a: Really want eject|def|1
|-unboost|p2a: Really want eject|spd|1
|cant|p1a: Zamazenta|par
|
|-end|p1a: Zamazenta|Encore
|turn|16
|
|move|p2a: Really want eject|Encore|p1a: Zamazenta
|-start|p1a: Zamazenta|Encore
|move|p1a: Zamazenta|Body Press|p2a: Really want eject
|-immune|p2a: Really want eject
|
|turn|17
|
|move|p2a: Really want eject|Close Combat|p1a: Zamazenta
|-damage|p1a: Zamazenta|56/100 par
|-unboost|p2a: Really want eject|def|1
|-unboost|p2a: Really want eject|spd|1
|cant|p1a: Zamazenta|par
|
|turn|18
|
|move|p2a: Really want eject|Close Combat|p1a: Zamazenta
|-damage|p1a: Zamazenta|47/100 par
|-unboost|p2a: Really want eject|def|1
|-unboost|p2a: Really want eject|spd|1
|move|p1a: Zamazenta|Body Press|p2a: Really want eject
|-immune|p2a: Really want eject
|
|-end|p1a: Zamazenta|Encore
|turn|19
|
|switch|p1a: Regieleki|Regieleki|100/100
|move|p2a: Really want eject|Encore||[still]
|-fail|p2a: Really want eject
|
|turn|20
|
|switch|p1a: Volcarona|Volcarona, M|100/100
|switch|p2a: Spaghetti Memory|Toedscruel, F|100/100
|-damage|p2a: Spaghetti Memory|94/100|[from] Stealth Rock
|
|turn|21
|
|move|p1a: Volcarona|Quiver Dance|p1a: Volcarona
|-boost|p1a: Volcarona|spa|1
|-boost|p1a: Volcarona|spd|1
|-boost|p1a: Volcarona|spe|1
|move|p2a: Spaghetti Memory|Spore|p1a: Volcarona
|-status|p1a: Volcarona|slp|[from] move: Spore
|
|turn|22
|
|switch|p1a: Urshifu|Urshifu-Rapid-Strike, M|100/100
|switch|p2a: Ghoti carrier|Pelipper, M|100/100
|-damage|p2a: Ghoti carrier|76/100|[from] Stealth Rock
|-weather|RainDance|[from] ability: Drizzle|[of] p2a: Ghoti carrier
|
|-weather|RainDance|[upkeep]
|turn|23
|
|move|p1a: Urshifu|Swords Dance|p1a: Urshifu
|-boost|p1a: Urshifu|atk|2
|move|p2a: Ghoti carrier|Hurricane|p1a: Urshifu
|-supereffective|p1a: Urshifu
|-damage|p1a: Urshifu|0 fnt
|faint|p1a: Urshifu
|
|-weather|RainDance|[upkeep]
|
|switch|p1a: Regieleki|Regieleki|100/100
|turn|24
|
|switch|p2a: Spaghetti Memory|Toedscruel, F|94/100
|-damage|p2a: Spaghetti Memory|88/100|[from] Stealth Rock
|move|p1a: Regieleki|Thunderbolt|p2a: Spaghetti Memory
|-immune|p2a: Spaghetti Memory
|
|-weather|RainDance|[upkeep]
|turn|25
|-message|p1 forfeited.
|
|win|p2
