|poke|p1|Dragapult, M|
|poke|p1|Magearna|
|poke|p1|Ursaluna, M|
|poke|p1|Zamazenta-*|
|poke|p1|Great Tusk|
|poke|p1|Slowking-Galar, M|
|poke|p2|Indeedee, M|
|poke|p2|Magearna|
|poke|p2|Mew|
|poke|p2|Sneasler, M|
|poke|p2|Iron Treads|
|poke|p2|Chien-Pao|
|teampreview
|
|start
|switch|p1a: Dragapult|Dragapult, M|100/100
|switch|p2a: Indeedee|Indeedee, M|100/100
|-fieldstart|move: Psychic Terrain|[from] ability: Psychic Surge|[of] p2a: Indeedee
|turn|1
|
|move|p1a: Dragapult|Light Screen|p1a: Dragapult
|-sidestart|p1: p1|move: Light Screen
|move|p2a: Indeedee|Shadow Ball|p1a: Dragapult
|-supereffective|p1a: Dragapult
|-damage|p1a: Dragapult|75/100
|
|turn|2
|
|move|p1a: Dragapult|U-turn|p2a: Indeedee
|-supereffective|p2a: Indeedee
|-damage|p2a: Indeedee|24/100
|
|switch|p1a: Magearna|Magearna|100/100|[from] U-turn
|move|p2a: Indeedee|Shadow Ball|p1a: Magearna
|-damage|p1a: Magearna|89/100
|
|turn|3
|
|move|p2a: Indeedee|Shadow Ball|p1a: Magearna
|-damage|p1a: Magearna|77/100
|move|p1a: Magearna|Shift Gear|p1a: Magearna
|-boost|p1a: Magearna|spe|2
|-boost|p1a: Magearna|atk|1
|
|turn|4
|
|move|p1a: Magearna|Calm Mind|p1a: Magearna
|-boost|p1a: Magearna|spa|1
|-boost|p1a: Magearna|spd|1
|move|p2a: Indeedee|Shadow Ball|p1a: Magearna
|-damage|p1a: Magearna|69/100
|
|turn|5
|
|switch|p2a: Iron Treads|Iron Treads|100/100
|move|p1a: Magearna|Draining Kiss|p2a: Iron Treads
|-resisted|p2a: Iron Treads
|-damage|p2a: Iron Treads|82/100
|-heal|p1a: Magearna|85/100|[from] drain|[of] p2a: Iron Treads
|
|turn|6
|
|-terastallize|p1a: Magearna|Water
|move|p1a: Magearna|Calm Mind|p1a: Magearna
|-boost|p1a: Magearna|spa|1
|-boost|p1a: Magearna|spd|1
|move|p2a: Iron Treads|Earthquake|p1a: Magearna
|-damage|p1a: Magearna|43/100
|
|turn|7
|
|move|p1a: Magearna|Stored Power|p2a: Iron Treads
|-resisted|p2a: Iron Treads
|-damage|p2a: Iron Treads|11/100
|move|p2a: Iron Treads|Earthquake|p1a: Magearna
|-damage|p1a: Magearna|4/100
|
|turn|8
|
|-end|p2a: Iron Treads|Quark Drive|[silent]
|switch|p2a: Chien-Pao|Chien-Pao|100/100
|-ability|p2a: Chien-Pao|Sword of Ruin
|move|p1a: Magearna|Draining Kiss|p2a: Chien-Pao
|-supereffective|p2a: Chien-Pao
|-enditem|p2a: Chien-Pao|Focus Sash
|-damage|p2a: Chien-Pao|1/100
|-heal|p1a: Magearna|75/100|[from] drain|[of] p2a: Chien-Pao
|
|-sideend|p1: p1|move: Light Screen
|-fieldend|move: Psychic Terrain
|turn|9
|
|move|p1a: Magearna|Draining Kiss|p2a: Chien-Pao
|-supereffective|p2a: Chien-Pao
|-damage|p2a: Chien-Pao|0 fnt
|-heal|p1a: Magearna|76/100|[from] drain|[of] p2a: Chien-Pao
|faint|p2a: Chien-Pao
|-ability|p1a: Magearna|Soul-Heart|boost
|-boost|p1a: Magearna|spa|1
|
|
|switch|p2a: Indeedee|Indeedee, M|24/100
|-fieldstart|move: Psychic Terrain|[from] ability: Psychic Surge|[of] p2a: Indeedee
|turn|10
|
|move|p1a: Magearna|Draining Kiss|p2a: Indeedee
|-damage|p2a: Indeedee|0 fnt
|-heal|p1a: Magearna|90/100|[from] drain|[of] p2a: Indeedee
|faint|p2a: Indeedee
|-ability|p1a: Magearna|Soul-Heart|boost
|-boost|p1a: Magearna|spa|1
|
|
|switch|p2a: Iron Treads|Iron Treads|11/100
|turn|11
|
|move|p1a: Magearna|Draining Kiss|p2a: Iron Treads
|-resisted|p2a: Iron Treads
|-damage|p2a: Iron Treads|0 fnt
|-heal|p1a: Magearna|99/100|[from] drain|[of] p2a: Iron Treads
|faint|p2a: Iron Treads
|-ability|p1a: Magearna|Soul-Heart|boost
|-boost|p1a: Magearna|spa|1
|-end|p2a: Iron Treads|Quark Drive|[silent]
|
|
|switch|p2a: Magearna|Magearna|100/100
|turn|12
|
|move|p1a: Magearna|Stored Power|p2a: Magearna
|-resisted|p2a: Magearna
|-crit|p2a: Magearna
|-damage|p2a: Magearna|0 fnt
|faint|p2a: Magearna
|-ability|p1a: Magearna|Soul-Heart|boost
|-boost|p1a: Magearna|spa|1
|
|
|switch|p2a: Sneasler|Sneasler, M|100/100
|-enditem|p2a: Sneasler|Psychic Seed
|-boost|p2a: Sneasler|spd|1|[from] item: Psychic Seed
|turn|13
|
|move|p2a: Sneasler|Dire Claw|p1a: Magearna
|-damage|p1a: Magearna|61/100
|move|p1a: Magearna|Stored Power|p2a: Sneasler
|-supereffective|p2a: Sneasler
|-damage|p2a: Sneasler|0 fnt
|faint|p2a: Sneasler
|
|-message|p2 forfeited.
|
|win|p1
