|poke|p1|Ursaluna, M|
|poke|p1|Goodra-Hisui, F|
|poke|p1|Garganacl, M|
|poke|p1|Slither Wing|
|poke|p1|Cresselia, F|
|poke|p1|Forretress, F|
|poke|p2|Torkoal, M|
|poke|p2|Lilligant-Hisui, F|
|poke|p2|Hatterene, F|
|poke|p2|Arcanine-Hisui, M|
|poke|p2|Great Tusk|
|poke|p2|Walking Wake|
|teampreview
|l|☆Redribbonrenegade
|player|p1|
|j|☆Redribbonrenegade
|player|p1|Redribbonrenegade|alder
|
|start
|switch|p1a: Wojbomb 📠|Garganacl, M|100/100
|switch|p2a: Ground Beef|Great Tusk|100/100
|turn|1
|
|move|p2a: Ground Beef|Earthquake|p1a: Wojbomb 📠
|-supereffective|p1a: Wojbomb 📠
|-crit|p1a: Wojbomb 📠
|-damage|p1a: Wojbomb 📠|3/100
|move|p1a: Wojbomb 📠|Curse|p1a: Wojbomb 📠
|-unboost|p1a: Wojbomb 📠|spe|1
|-boost|p1a: Wojbomb 📠|atk|1
|-boost|p1a: Wojbomb 📠|def|1
|
|-heal|p1a: Wojbomb 📠|10/100|[from] item: Leftovers
|turn|2
|
|switch|p1a: Selina 🌙|Cresselia, F, shiny|100/100
|move|p2a: Ground Beef|Earthquake|p1a: Selina 🌙
|-immune|p1a: Selina 🌙|[from] ability: Levitate
|
|turn|3
|
|-end|p2a: Ground Beef|Protosynthesis|[silent]
|switch|p2a: Torkoal|Torkoal, M|100/100
|-weather|SunnyDay|[from] ability: Drought|[of] p2a: Torkoal
|move|p1a: Selina 🌙|Trick Room|p1a: Selina 🌙
|-fieldstart|move: Trick Room|[of] p1a: Selina 🌙
|
|-weather|SunnyDay|[upkeep]
|turn|4
|
|move|p2a: Torkoal|Clear Smog|p1a: Selina 🌙
|-damage|p1a: Selina 🌙|94/100
|-clearboost|p1a: Selina 🌙
|move|p1a: Selina 🌙|Future Sight|p2a: Torkoal
|-start|p1a: Selina 🌙|move: Future Sight
|
|-weather|SunnyDay|[upkeep]
|turn|5
|
|switch|p1a: Kim Joe Un ⛰️|Ursaluna, M, shiny|100/100
|move|p2a: Torkoal|Yawn|p1a: Kim Joe Un ⛰️
|-start|p1a: Kim Joe Un ⛰️|move: Yawn|[of] p2a: Torkoal
|
|-weather|SunnyDay|[upkeep]
|-status|p1a: Kim Joe Un ⛰️|brn|[from] item: Flame Orb
|turn|6
|
|switch|p2a: Hatterene|Hatterene, F|100/100
|move|p1a: Kim Joe Un ⛰️|Swords Dance|p1a: Kim Joe Un ⛰️
|-boost|p1a: Kim Joe Un ⛰️|atk|2
|
|-weather|SunnyDay|[upkeep]
|-end|p2a: Hatterene|move: Future Sight
|-resisted|p2a: Hatterene
|-damage|p2a: Hatterene|83/100
|-damage|p1a: Kim Joe Un ⛰️|94/100 brn|[from] brn
|-end|p1a: Kim Joe Un ⛰️|move: Yawn|[silent]
|turn|7
|
|move|p2a: Hatterene|Draining Kiss|p1a: Kim Joe Un ⛰️
|-damage|p1a: Kim Joe Un ⛰️|77/100 brn
|-heal|p2a: Hatterene|100/100|[from] drain|[of] p1a: Kim Joe Un ⛰️
|move|p1a: Kim Joe Un ⛰️|Facade|p2a: Hatterene
|-damage|p2a: Hatterene|0 fnt
|faint|p2a: Hatterene
|
|-weather|SunnyDay|[upkeep]
|-damage|p1a: Kim Joe Un ⛰️|71/100 brn|[from] brn
|-fieldend|move: Trick Room
|
|switch|p2a: Grace|Lilligant-Hisui, F|100/100
|turn|8
|
|switch|p1a: Grub 🐛|Slither Wing|100/100
|-activate|p1a: Grub 🐛|ability: Protosynthesis
|-start|p1a: Grub 🐛|protosynthesisatk
|move|p2a: Grace|Solar Blade||[still]
|-prepare|p2a: Grace|Solar Blade
|-anim|p2a: Grace|Solar Blade|p1a: Grub 🐛
|-resisted|p1a: Grub 🐛
|-damage|p1a: Grub 🐛|69/100
|
|-weather|SunnyDay|[upkeep]
|turn|9
|
|move|p2a: Grace|Victory Dance|p2a: Grace
|-boost|p2a: Grace|atk|1
|-boost|p2a: Grace|def|1
|-boost|p2a: Grace|spe|1
|move|p1a: Grub 🐛|Acrobatics|p2a: Grace
|-supereffective|p2a: Grace
|-enditem|p2a: Grace|Focus Sash
|-damage|p2a: Grace|1/100
|
|-weather|SunnyDay|[upkeep]
|turn|10
|
|switch|p2a: Husky|Arcanine-Hisui, M|100/100
|-end|p1a: Grub 🐛|Protosynthesis|[silent]
|switch|p1a: Forretress|Forretress, F|100/100
|
|-weather|none
|turn|11
|l|☆Redribbonrenegade
|player|p1|
|j|☆Redribbonrenegade
|player|p1|Redribbonrenegade|alder
|
|-terastallize|p1a: Forretress|Water
|move|p2a: Husky|Flare Blitz|p1a: Forretress
|-resisted|p1a: Forretress
|-damage|p1a: Forretress|75/100
|move|p1a: Forretress|Reflect|p1a: Forretress
|-sidestart|p1: Redribbonrenegade|Reflect
|
|turn|12
|
|switch|p2a: Torkoal|Torkoal, M|100/100
|-weather|SunnyDay|[from] ability: Drought|[of] p2a: Torkoal
|move|p1a: Forretress|Stealth Rock|p2a: Torkoal
|-sidestart|p2: Knightslash7274|move: Stealth Rock
|
|-weather|SunnyDay|[upkeep]
|turn|13
|
|move|p1a: Forretress|Light Screen|p1a: Forretress
|-sidestart|p1: Redribbonrenegade|move: Light Screen
|move|p2a: Torkoal|Rapid Spin|p1a: Forretress
|-damage|p1a: Forretress|73/100
|-boost|p2a: Torkoal|spe|1
|-sideend|p2: Knightslash7274|Stealth Rock|[from] move: Rapid Spin|[of] p2a: Torkoal
|
|-weather|SunnyDay|[upkeep]
|turn|14
|
|switch|p2a: Grace|Lilligant-Hisui, F|1/100
|move|p1a: Forretress|Stealth Rock|p2a: Grace
|-sidestart|p2: Knightslash7274|move: Stealth Rock
|
|-weather|SunnyDay|[upkeep]
|turn|15
|l|☆Redribbonrenegade
|player|p1|
|j|☆Redribbonrenegade
|player|p1|Redribbonrenegade|alder
|
|move|p2a: Grace|Solar Blade||[still]
|-prepare|p2a: Grace|Solar Blade
|-anim|p2a: Grace|Solar Blade|p1a: Forretress
|-supereffective|p1a: Forretress
|-damage|p1a: Forretress|37/100
|move|p1a: Forretress|Rapid Spin|p2a: Grace
|-damage|p2a: Grace|0 fnt
|-boost|p1a: Forretress|spe|1
|faint|p2a: Grace
|
|-weather|SunnyDay|[upkeep]
|
|switch|p2a: Husky|Arcanine-Hisui, M|100/100
|-damage|p2a: Husky|76/100|[from] Stealth Rock
|turn|16
|
|switch|p1a: Selina 🌙|Cresselia, F, shiny|94/100
|move|p2a: Husky|Extreme Speed|p1a: Selina 🌙
|-damage|p1a: Selina 🌙|84/100
|
|-weather|SunnyDay|[upkeep]
|turn|17
|
|switch|p2a: Torkoal|Torkoal, M|100/100
|-damage|p2a: Torkoal|76/100|[from] Stealth Rock
|move|p1a: Selina 🌙|Trick Room|p1a: Selina 🌙
|-fieldstart|move: Trick Room|[of] p1a: Selina 🌙
|
|-weather|SunnyDay|[upkeep]
|turn|18
|
|move|p2a: Torkoal|Clear Smog|p1a: Selina 🌙
|-damage|p1a: Selina 🌙|81/100
|-clearboost|p1a: Selina 🌙
|move|p1a: Selina 🌙|Future Sight|p2a: Torkoal
|-start|p1a: Selina 🌙|move: Future Sight
|
|-weather|SunnyDay|[upkeep]
|-sideend|p1: Redribbonrenegade|Reflect
|turn|19
|
|switch|p1a: Dragmag 🐚|Goodra-Hisui, F|100/100
|move|p2a: Torkoal|Lava Plume|p1a: Dragmag 🐚
|-damage|p1a: Dragmag 🐚|88/100
|
|-weather|none
|-heal|p1a: Dragmag 🐚|95/100|[from] item: Leftovers
|turn|20
|
|move|p2a: Torkoal|Yawn|p1a: Dragmag 🐚
|-start|p1a: Dragmag 🐚|move: Yawn|[of] p2a: Torkoal
|move|p1a: Dragmag 🐚|Acid Armor|p1a: Dragmag 🐚
|-boost|p1a: Dragmag 🐚|def|2
|
|-end|p2a: Torkoal|move: Future Sight
|-damage|p2a: Torkoal|44/100
|-heal|p1a: Dragmag 🐚|100/100|[from] item: Leftovers
|-sideend|p1: Redribbonrenegade|move: Light Screen
|turn|21
|
|switch|p2a: Ground Beef|Great Tusk|100/100
|-damage|p2a: Ground Beef|98/100|[from] Stealth Rock
|move|p1a: Dragmag 🐚|Acid Armor|p1a: Dragmag 🐚
|-boost|p1a: Dragmag 🐚|def|2
|
|-end|p1a: Dragmag 🐚|move: Yawn|[silent]
|-status|p1a: Dragmag 🐚|slp
|-fieldend|move: Trick Room
|turn|22
|
|switch|p1a: Selina 🌙|Cresselia, F, shiny|81/100
|move|p2a: Ground Beef|Earthquake|p1a: Selina 🌙
|-immune|p1a: Selina 🌙|[from] ability: Levitate
|
|turn|23
|
|move|p2a: Ground Beef|Ice Spinner|p1a: Selina 🌙
|-damage|p1a: Selina 🌙|65/100
|move|p1a: Selina 🌙|Future Sight|p2a: Ground Beef
|-start|p1a: Selina 🌙|move: Future Sight
|
|turn|24
|
|move|p2a: Ground Beef|Earthquake|p1a: Selina 🌙
|-immune|p1a: Selina 🌙|[from] ability: Levitate
|move|p1a: Selina 🌙|Moonlight|p1a: Selina 🌙
|-heal|p1a: Selina 🌙|100/100
|
|turn|25
|-message|Knightslash7274 forfeited.
|
|win|Redribbonrenegade
|l|☆Knightslash7274
