# advantage = p2
|poke|p1|Sneasler, M|
|poke|p1|Great Tusk|
|poke|p1|Grimmsnarl, M|
|poke|p1|Volcanion|
|poke|p1|Volcarona, F|
|poke|p1|Meowscarada, M|
|poke|p2|Arcanine-Hisui, F|
|poke|p2|Meowscarada, M|
|poke|p2|Iron Treads|
|poke|p2|Sneasler, F|
|poke|p2|Typhlosion-Hisui, F|
|poke|p2|Amoonguss, M|
|teampreview
|
|start
|switch|p1a: Meowscarada|Meowscarada, M|100/100
|switch|p2a: Meowscarada|Meowscarada, M|100/100
|turn|1
|
|move|p2a: Meowscarada|U-turn|p1a: Meowscarada
|-start|p2a: Meowscarada|typechange|Bug|[from] ability: Protean
|-supereffective|p1a: Meowscarada
|-damage|p1a: Meowscarada|0 fnt
|faint|p1a: Meowscarada
|
|switch|p2a: Amoonguss|Amoonguss, M|100/100|[from] U-turn
|
|
|switch|p1a: Grimmsnarl|Grimmsnarl, M|100/100
|turn|2
|
|switch|p2a: Meowscarada|Meowscarada, M|100/100
|move|p1a: Grimmsnarl|Taunt|p2a: Meowscarada
|-hint|Since gen 7, Dark is immune to Prankster moves.
|-immune|p2a: Meowscarada
|
|turn|3
|
|move|p1a: Grimmsnarl|Reflect|p1a: Grimmsnarl
|-sidestart|p1: p1|Reflect
|move|p2a: Meowscarada|Play Rough|p1a: Grimmsnarl
|-start|p2a: Meowscarada|typechange|Fairy|[from] ability: Protean
|-supereffective|p1a: Grimmsnarl
|-damage|p1a: Grimmsnarl|52/100
|
|turn|4
|
|switch|p2a: Iron Treads|Iron Treads|100/100
|move|p1a: Grimmsnarl|Light Screen|p1a: Grimmsnarl
|-sidestart|p1: p1|move: Light Screen
|
|turn|5
|
|move|p1a: Grimmsnarl|Taunt|p2a: Iron Treads
|-start|p2a: Iron Treads|move: Taunt
|move|p2a: Iron Treads|Knock Off|p1a: Grimmsnarl
|-resisted|p1a: Grimmsnarl
|-damage|p1a: Grimmsnarl|47/100
|-enditem|p1a: Grimmsnarl|Light Clay|[from] move: Knock Off|[of] p2a: Iron Treads
|
|turn|6
|
|move|p1a: Grimmsnarl|Parting Shot|p2a: Iron Treads
|-unboost|p2a: Iron Treads|atk|1
|-unboost|p2a: Iron Treads|spa|1
|
|switch|p1a: Volcarona|Volcarona, F|100/100|[from] Parting Shot
|move|p2a: Iron Treads|Earthquake|p1a: Volcarona
|-damage|p1a: Volcarona|77/100
|
|turn|7
|
|move|p2a: Iron Treads|Volt Switch|p1a: Volcarona
|-damage|p1a: Volcarona|73/100
|
|-end|p2a: Iron Treads|Quark Drive|[silent]
|switch|p2a: Arcanine|Arcanine-Hisui, F|100/100|[from] Volt Switch
|move|p1a: Volcarona|Quiver Dance|p1a: Volcarona
|-boost|p1a: Volcarona|spa|1
|-boost|p1a: Volcarona|spd|1
|-boost|p1a: Volcarona|spe|1
|
|turn|8
|
|-terastallize|p1a: Volcarona|Grass
|move|p1a: Volcarona|Giga Drain|p2a: Arcanine
|-damage|p2a: Arcanine|19/100
|-heal|p1a: Volcarona|100/100|[from] drain|[of] p2a: Arcanine
|move|p2a: Arcanine|Head Smash|p1a: Volcarona
|-damage|p1a: Volcarona|39/100
|
|turn|9
|
|move|p2a: Arcanine|Extreme Speed|p1a: Volcarona
|-damage|p1a: Volcarona|16/100
|move|p1a: Volcarona|Giga Drain|p2a: Arcanine
|-damage|p2a: Arcanine|0 fnt
|-heal|p1a: Volcarona|26/100|[from] drain|[of] p2a: Arcanine
|faint|p2a: Arcanine
|
|
|switch|p2a: Meowscarada|Meowscarada, M|100/100
|turn|10
|
|move|p2a: Meowscarada|U-turn|p1a: Volcarona
|-start|p2a: Meowscarada|typechange|Bug|[from] ability: Protean
|-supereffective|p1a: Volcarona
|-crit|p1a: Volcarona
|-damage|p1a: Volcarona|0 fnt
|faint|p1a: Volcarona
|
|switch|p2a: Sneasler|Sneasler, F|100/100|[from] U-turn
|-item|p2a: Sneasler|Air Balloon
|
|-sideend|p1: p1|Reflect
|
|switch|p1a: Grimmsnarl|Grimmsnarl, M|47/100
|turn|11
|
|move|p1a: Grimmsnarl|Reflect|p1a: Grimmsnarl
|-sidestart|p1: p1|Reflect
|move|p2a: Sneasler|Swords Dance|p2a: Sneasler
|-boost|p2a: Sneasler|atk|2
|
|-sideend|p1: p1|move: Light Screen
|turn|12
|
|move|p1a: Grimmsnarl|Parting Shot|p2a: Sneasler
|-unboost|p2a: Sneasler|atk|1
|-unboost|p2a: Sneasler|spa|1
|
|switch|p1a: Sneasler|Sneasler, M|100/100|[from] Parting Shot
|move|p2a: Sneasler|Dire Claw|p1a: Sneasler
|-resisted|p1a: Sneasler
|-damage|p1a: Sneasler|71/100
|-status|p1a: Sneasler|par
|
|turn|13
|-message|p1 forfeited.
|
|win|p2
