|poke|p1|Walking Wake|
|poke|p1|Kingambit, F|
|poke|p1|Dragonite, F|
|poke|p1|Iron Moth|
|poke|p1|Glimmora, F|
|poke|p1|Azumarill, M|
|poke|p2|Azelf|
|poke|p2|Magearna|
|poke|p2|Iron Moth|
|poke|p2|Iron Valiant|
|poke|p2|Kingambit, F|
|poke|p2|Chien-Pao|
|teampreview
|
|start
|switch|p1a: Glimmora|Glimmora, F, shiny|100/100
|switch|p2a: Azelf|Azelf|100/100
|turn|1
|
|move|p2a: Azelf|Psychic|p1a: Glimmora
|-supereffective|p1a: Glimmora
|-damage|p1a: Glimmora|6/100
|-unboost|p1a: Glimmora|spd|1
|move|p1a: Glimmora|Sludge Wave|p2a: Azelf
|-enditem|p2a: Azelf|Focus Sash
|-damage|p2a: Azelf|1/100
|
|turn|2
|
|switch|p1a: Kingambit|Kingambit, F, shiny|100/100
|move|p2a: Azelf|Psychic|p1a: Kingambit
|-immune|p1a: Kingambit
|
|turn|3
|
|move|p1a: Kingambit|Sucker Punch||[still]
|-fail|p1a: Kingambit
|move|p2a: Azelf|Stealth Rock|p1a: Kingambit
|-sidestart|p1: p1|move: Stealth Rock
|
|turn|4
|
|move|p1a: Kingambit|Sucker Punch||[still]
|-fail|p1a: Kingambit
|move|p2a: Azelf|Taunt|p1a: Kingambit
|-start|p1a: Kingambit|move: Taunt
|
|turn|5
|
|-end|p1a: Kingambit|fallenundefined|[silent]
|switch|p1a: Glimmora|Glimmora, F, shiny|6/100
|-damage|p1a: Glimmora|0 fnt|[from] Stealth Rock
|faint|p1a: Glimmora
|move|p2a: Azelf|Explosion|p1: Glimmora|[notarget]
|-fail|p2a: Azelf
|faint|p2a: Azelf
|
|
|switch|p2a: Iron Valiant|Iron Valiant|100/100
|switch|p1a: Iron Moth|Iron Moth, shiny|100/100
|-damage|p1a: Iron Moth|76/100|[from] Stealth Rock
|-enditem|p2a: Iron Valiant|Booster Energy
|-activate|p2a: Iron Valiant|ability: Quark Drive|[fromitem]
|-start|p2a: Iron Valiant|quarkdrivespe
|turn|6
|
|-terastallize|p1a: Iron Moth|Fairy
|move|p2a: Iron Valiant|Liquidation|p1a: Iron Moth
|-damage|p1a: Iron Moth|23/100
|-unboost|p1a: Iron Moth|def|1
|move|p1a: Iron Moth|Dazzling Gleam|p2a: Iron Valiant
|-supereffective|p2a: Iron Valiant
|-damage|p2a: Iron Valiant|0 fnt
|faint|p2a: Iron Valiant
|-end|p2a: Iron Valiant|Quark Drive|[silent]
|
|
|switch|p2a: Iron Moth|Iron Moth|100/100
|-enditem|p2a: Iron Moth|Booster Energy
|-activate|p2a: Iron Moth|ability: Quark Drive|[fromitem]
|-start|p2a: Iron Moth|quarkdrivespe
|turn|7
|
|-end|p1a: Iron Moth|Quark Drive|[silent]
|switch|p1a: Azumarill|Azumarill, M, shiny|100/100
|-damage|p1a: Azumarill|88/100|[from] Stealth Rock
|move|p2a: Iron Moth|Agility|p2a: Iron Moth
|-boost|p2a: Iron Moth|spe|2
|
|turn|8
|
|move|p1a: Azumarill|Aqua Jet|p2a: Iron Moth
|-supereffective|p2a: Iron Moth
|-damage|p2a: Iron Moth|32/100
|move|p2a: Iron Moth|Dazzling Gleam|p1a: Azumarill
|-damage|p1a: Azumarill|71/100
|
|turn|9
|
|move|p1a: Azumarill|Aqua Jet|p2a: Iron Moth
|-supereffective|p2a: Iron Moth
|-damage|p2a: Iron Moth|0 fnt
|faint|p2a: Iron Moth
|-end|p2a: Iron Moth|Quark Drive|[silent]
|
|
|switch|p2a: Magearna|Magearna|100/100
|turn|10
|
|switch|p1a: Dragonite|Dragonite, F, shiny|100/100
|move|p2a: Magearna|Shift Gear|p2a: Magearna
|-boost|p2a: Magearna|spe|2
|-boost|p2a: Magearna|atk|1
|
|turn|11
|
|move|p2a: Magearna|Calm Mind|p2a: Magearna
|-boost|p2a: Magearna|spa|1
|-boost|p2a: Magearna|spd|1
|move|p1a: Dragonite|Encore|p2a: Magearna
|-start|p2a: Magearna|Encore
|
|turn|12
|
|switch|p2a: Chien-Pao|Chien-Pao|100/100
|-ability|p2a: Chien-Pao|Sword of Ruin
|move|p1a: Dragonite|Fire Punch|p2a: Chien-Pao
|-supereffective|p2a: Chien-Pao
|-damage|p2a: Chien-Pao|31/100
|
|turn|13
|
|switch|p1a: Iron Moth|Iron Moth, shiny, tera:Fairy|23/100
|-damage|p1a: Iron Moth|10/100|[from] Stealth Rock
|move|p2a: Chien-Pao|Icicle Crash|p1a: Iron Moth
|-damage|p1a: Iron Moth|0 fnt
|faint|p1a: Iron Moth
|-end|p1a: Iron Moth|Quark Drive|[silent]
|-damage|p2a: Chien-Pao|21/100|[from] item: Life Orb
|
|
|switch|p1a: Azumarill|Azumarill, M, shiny|71/100
|-damage|p1a: Azumarill|59/100|[from] Stealth Rock
|turn|14
|
|move|p1a: Azumarill|Aqua Jet|p2a: Chien-Pao
|-damage|p2a: Chien-Pao|0 fnt
|faint|p2a: Chien-Pao
|
|
|switch|p2a: Magearna|Magearna|100/100
|turn|15
|
|switch|p1a: Dragonite|Dragonite, F, shiny|100/100
|move|p2a: Magearna|Shift Gear|p2a: Magearna
|-boost|p2a: Magearna|spe|2
|-boost|p2a: Magearna|atk|1
|
|turn|16
|
|move|p2a: Magearna|Draining Kiss|p1a: Dragonite
|-supereffective|p1a: Dragonite
|-damage|p1a: Dragonite|77/100
|move|p1a: Dragonite|Encore|p2a: Magearna
|-start|p2a: Magearna|Encore
|
|turn|17
|
|move|p2a: Magearna|Draining Kiss|p1a: Dragonite
|-supereffective|p1a: Dragonite
|-damage|p1a: Dragonite|31/100
|move|p1a: Dragonite|Fire Punch|p2a: Magearna
|-supereffective|p2a: Magearna
|-damage|p2a: Magearna|68/100
|
|-heal|p2a: Magearna|74/100|[from] item: Leftovers
|turn|18
|
|move|p2a: Magearna|Draining Kiss|p1a: Dragonite
|-supereffective|p1a: Dragonite
|-damage|p1a: Dragonite|0 fnt
|-heal|p2a: Magearna|94/100|[from] drain|[of] p1a: Dragonite
|faint|p1a: Dragonite
|-ability|p2a: Magearna|Soul-Heart|boost
|-boost|p2a: Magearna|spa|1
|
|-heal|p2a: Magearna|99/100|[from] item: Leftovers
|
|switch|p1a: Kingambit|Kingambit, F, shiny|100/100
|-damage|p1a: Kingambit|94/100|[from] Stealth Rock
|-activate|p1a: Kingambit|ability: Supreme Overlord
|-start|p1a: Kingambit|fallen3|[silent]
|turn|19
|
|move|p2a: Magearna|Draining Kiss|p1a: Kingambit
|-damage|p1a: Kingambit|58/100
|-heal|p2a: Magearna|100/100|[from] drain|[of] p1a: Kingambit
|move|p1a: Kingambit|Swords Dance|p1a: Kingambit
|-boost|p1a: Kingambit|atk|2
|
|-end|p2a: Magearna|Encore
|turn|20
|
|move|p2a: Magearna|Draining Kiss|p1a: Kingambit
|-crit|p1a: Kingambit
|-damage|p1a: Kingambit|9/100
|move|p1a: Kingambit|Iron Head|p2a: Magearna
|-damage|p2a: Magearna|21/100
|
|-heal|p2a: Magearna|27/100|[from] item: Leftovers
|turn|21
|
|move|p1a: Kingambit|Sucker Punch||[still]
|-fail|p1a: Kingambit
|move|p2a: Magearna|Calm Mind|p2a: Magearna
|-boost|p2a: Magearna|spa|1
|-boost|p2a: Magearna|spd|1
|
|-heal|p2a: Magearna|33/100|[from] item: Leftovers
|turn|22
|
|move|p1a: Kingambit|Sucker Punch|p2a: Magearna
|-resisted|p2a: Magearna
|-damage|p2a: Magearna|0 fnt
|faint|p2a: Magearna
|
|
|switch|p2a: Kingambit|Kingambit, F|100/100
|-activate|p2a: Kingambit|ability: Supreme Overlord
|-start|p2a: Kingambit|fallen5|[silent]
|turn|23
|
|move|p2a: Kingambit|Swords Dance|p2a: Kingambit
|-boost|p2a: Kingambit|atk|2
|move|p1a: Kingambit|Kowtow Cleave|p2a: Kingambit
|-resisted|p2a: Kingambit
|-damage|p2a: Kingambit|51/100
|
|-heal|p2a: Kingambit|57/100|[from] item: Leftovers
|turn|24
|
|move|p1a: Kingambit|Sucker Punch|p2a: Kingambit
|-resisted|p2a: Kingambit
|-damage|p2a: Kingambit|16/100
|move|p2a: Kingambit|Sucker Punch||[still]
|-fail|p2a: Kingambit
|
|-heal|p2a: Kingambit|23/100|[from] item: Leftovers
|turn|25
|
|move|p2a: Kingambit|Sucker Punch|p1a: Kingambit
|-resisted|p1a: Kingambit
|-damage|p1a: Kingambit|0 fnt
|faint|p1a: Kingambit
|-end|p1a: Kingambit|fallen3|[silent]
|
|-heal|p2a: Kingambit|29/100|[from] item: Leftovers
|
|switch|p1a: Walking Wake|Walking Wake|100/100
|-damage|p1a: Walking Wake|88/100|[from] Stealth Rock
|-enditem|p1a: Walking Wake|Booster Energy
|-activate|p1a: Walking Wake|ability: Protosynthesis|[fromitem]
|-start|p1a: Walking Wake|protosynthesisspa
|turn|26
|
|move|p2a: Kingambit|Sucker Punch||[still]
|-fail|p2a: Kingambit
|move|p1a: Walking Wake|Agility|p1a: Walking Wake
|-boost|p1a: Walking Wake|spe|2
|
|-heal|p2a: Kingambit|35/100|[from] item: Leftovers
|turn|27
|
|move|p2a: Kingambit|Sucker Punch|p1a: Walking Wake
|-damage|p1a: Walking Wake|0 fnt
|faint|p1a: Walking Wake
|-end|p1a: Walking Wake|Protosynthesis|[silent]
|
|-heal|p2a: Kingambit|41/100|[from] item: Leftovers
|
|switch|p1a: Azumarill|Azumarill, M, shiny|59/100
|-damage|p1a: Azumarill|46/100|[from] Stealth Rock
|turn|28
|
|move|p2a: Kingambit|Kowtow Cleave|p1a: Azumarill
|-resisted|p1a: Azumarill
|-damage|p1a: Azumarill|0 fnt
|faint|p1a: Azumarill
|
|win|p2
