|poke|p1|Arcanine, M|
|poke|p1|Rotom-Wash|
|poke|p1|Great Tusk|
|poke|p1|Garchomp, M|
|poke|p1|Gholdengo|
|poke|p1|Hawlucha, M|
|poke|p2|Samurott-Hisui, F|
|poke|p2|Dragapult, M|
|poke|p2|Sneasler, M|
|poke|p2|Magearna|
|poke|p2|Volcarona, F|
|poke|p2|Zamazenta-*|
|teampreview
|
|start
|switch|p1a: Rotom|Rotom-Wash|100/100
|switch|p2a: Samurott|Samurott-Hisui, F|100/100
|turn|1
|
|move|p2a: Samurott|Ceaseless Edge|p1a: Rotom
|-damage|p1a: Rotom|68/100
|-sidestart|p1: Death Coil|Spikes
|move|p1a: Rotom|Will-O-Wisp|p2a: Samurott
|-status|p2a: Samurott|brn
|
|-heal|p1a: Rotom|74/100|[from] item: Leftovers
|-damage|p2a: Samurott|94/100 brn|[from] brn
|turn|2
|
|move|p2a: Samurott|Ceaseless Edge|p1a: Rotom
|-damage|p1a: Rotom|57/100
|-sidestart|p1: Death Coil|Spikes
|move|p1a: Rotom|Thunderbolt|p2a: Samurott
|-supereffective|p2a: Samurott
|-damage|p2a: Samurott|1/100 brn
|
|-heal|p1a: Rotom|63/100|[from] item: Leftovers
|-damage|p2a: Samurott|0 fnt|[from] brn
|faint|p2a: Samurott
|
|switch|p2a: Dragapult|Dragapult, M|100/100
|turn|3
|
|move|p2a: Dragapult|Light Screen|p2a: Dragapult
|-sidestart|p2: Sharktocrab|move: Light Screen
|move|p1a: Rotom|Will-O-Wisp|p2a: Dragapult
|-status|p2a: Dragapult|brn
|
|-heal|p1a: Rotom|69/100|[from] item: Leftovers
|-damage|p2a: Dragapult|94/100 brn|[from] brn
|turn|4
|
|move|p2a: Dragapult|Reflect|p2a: Dragapult
|-sidestart|p2: Sharktocrab|Reflect
|move|p1a: Rotom|Volt Switch|p2a: Dragapult
|-resisted|p2a: Dragapult
|-damage|p2a: Dragapult|87/100 brn
|
|switch|p1a: Hawlucha|Hawlucha, M|100/100|[from] Volt Switch
|-ability|p1a: Hawlucha|Mold Breaker
|
|-damage|p2a: Dragapult|81/100 brn|[from] brn
|turn|5
|
|move|p2a: Dragapult|Curse|p1a: Hawlucha
|-start|p1a: Hawlucha|Curse|[of] p2a: Dragapult
|-damage|p2a: Dragapult|31/100 brn
|move|p1a: Hawlucha|Defog|p2a: Dragapult
|-unboost|p2a: Dragapult|evasion|1
|-sideend|p2: Sharktocrab|Reflect
|-sideend|p2: Sharktocrab|move: Light Screen
|-sideend|p1: Death Coil|Spikes|[from] move: Defog|[of] p1a: Hawlucha
|
|-damage|p2a: Dragapult|25/100 brn|[from] brn
|-damage|p1a: Hawlucha|76/100|[from] Curse
|turn|6
|
|move|p2a: Dragapult|U-turn|p1a: Hawlucha
|-resisted|p1a: Hawlucha
|-damage|p1a: Hawlucha|74/100
|-damage|p2a: Dragapult|8/100 brn|[from] item: Rocky Helmet|[of] p1a: Hawlucha
|
|switch|p2a: Zamazenta|Zamazenta-Crowned|100/100|[from] U-turn
|-ability|p2a: Zamazenta|Dauntless Shield|boost
|-boost|p2a: Zamazenta|def|1
|move|p1a: Hawlucha|U-turn|p2a: Zamazenta
|-resisted|p2a: Zamazenta
|-damage|p2a: Zamazenta|99/100
|
|switch|p1a: Garchomp|Garchomp, M|100/100|[from] U-turn
|
|turn|7
|
|move|p2a: Zamazenta|Iron Defense|p2a: Zamazenta
|-boost|p2a: Zamazenta|def|2
|move|p1a: Garchomp|Fire Blast|p2a: Zamazenta
|-supereffective|p2a: Zamazenta
|-damage|p2a: Zamazenta|42/100
|-damage|p1a: Garchomp|91/100|[from] item: Life Orb
|
|turn|8
|
|switch|p1a: Hawlucha|Hawlucha, M|74/100
|-ability|p1a: Hawlucha|Mold Breaker
|move|p2a: Zamazenta|Body Press|p1a: Hawlucha
|-resisted|p1a: Hawlucha
|-damage|p1a: Hawlucha|25/100
|-damage|p2a: Zamazenta|25/100|[from] item: Rocky Helmet|[of] p1a: Hawlucha
|
|turn|9
|
|switch|p1a: Gholdengo|Gholdengo|100/100
|move|p2a: Zamazenta|Body Press|p1a: Gholdengo
|-immune|p1a: Gholdengo
|
|turn|10
|
|move|p1a: Gholdengo|Shadow Ball|p2a: Zamazenta
|-damage|p2a: Zamazenta|0 fnt
|faint|p2a: Zamazenta
|
|
|switch|p2a: Volcarona|Volcarona, F|100/100
|turn|11
|
|switch|p1a: Garchomp|Garchomp, M|91/100
|move|p2a: Volcarona|Quiver Dance|p2a: Volcarona
|-boost|p2a: Volcarona|spa|1
|-boost|p2a: Volcarona|spd|1
|-boost|p2a: Volcarona|spe|1
|
|turn|12
|
|move|p2a: Volcarona|Fiery Dance|p1a: Garchomp
|-resisted|p1a: Garchomp
|-damage|p1a: Garchomp|50/100
|-boost|p2a: Volcarona|spa|1
|move|p1a: Garchomp|Earthquake|p2a: Volcarona
|-damage|p2a: Volcarona|20/100
|-damage|p1a: Garchomp|41/100|[from] item: Life Orb
|
|turn|13
|
|switch|p1a: Arcanine|Arcanine, M|100/100
|move|p2a: Volcarona|Giga Drain|p1a: Arcanine
|-resisted|p1a: Arcanine
|-damage|p1a: Arcanine|65/100
|-heal|p2a: Volcarona|39/100|[from] drain|[of] p1a: Arcanine
|
|turn|14
|
|-terastallize|p2a: Volcarona|Ground
|move|p1a: Arcanine|Extreme Speed|p2a: Volcarona
|-damage|p2a: Volcarona|0 fnt
|faint|p2a: Volcarona
|
|
|switch|p2a: Dragapult|Dragapult, M|8/100 brn
|turn|15
|
|switch|p1a: Hawlucha|Hawlucha, M|25/100
|-ability|p1a: Hawlucha|Mold Breaker
|move|p2a: Dragapult|Reflect|p2a: Dragapult
|-sidestart|p2: Sharktocrab|Reflect
|
|-damage|p2a: Dragapult|2/100 brn|[from] brn
|turn|16
|
|move|p2a: Dragapult|Curse|p1a: Hawlucha
|-start|p1a: Hawlucha|Curse|[of] p2a: Dragapult
|-damage|p2a: Dragapult|0 fnt
|faint|p2a: Dragapult
|move|p1a: Hawlucha|Defog|p2: Dragapult|[notarget]
|-fail|p1a: Hawlucha
|
|-damage|p1a: Hawlucha|0 fnt|[from] Curse
|faint|p1a: Hawlucha
|
|switch|p2a: Magearna|Magearna|100/100
|switch|p1a: Gholdengo|Gholdengo|100/100
|turn|17
|
|move|p1a: Gholdengo|Trick|p2a: Magearna
|-activate|p1a: Gholdengo|move: Trick|[of] p2a: Magearna
|-item|p2a: Magearna|Choice Scarf|[from] move: Trick
|-item|p1a: Gholdengo|Leftovers|[from] move: Trick
|move|p2a: Magearna|Calm Mind|p2a: Magearna
|-boost|p2a: Magearna|spa|1
|-boost|p2a: Magearna|spd|1
|
|turn|18
|
|switch|p2a: Sneasler|Sneasler, M|100/100
|-item|p2a: Sneasler|Air Balloon
|move|p1a: Gholdengo|Shadow Ball|p2a: Sneasler
|-damage|p2a: Sneasler|50/100
|-enditem|p2a: Sneasler|Air Balloon
|
|turn|19
|
|move|p2a: Sneasler|Acrobatics|p1a: Gholdengo
|-resisted|p1a: Gholdengo
|-damage|p1a: Gholdengo|76/100
|move|p1a: Gholdengo|Shadow Ball|p2a: Sneasler
|-damage|p2a: Sneasler|3/100
|
|-heal|p1a: Gholdengo|82/100|[from] item: Leftovers
|turn|20
|
|move|p2a: Sneasler|Acrobatics|p1a: Gholdengo
|-resisted|p1a: Gholdengo
|-damage|p1a: Gholdengo|58/100
|move|p1a: Gholdengo|Shadow Ball|p2a: Sneasler
|-crit|p2a: Sneasler
|-damage|p2a: Sneasler|0 fnt
|faint|p2a: Sneasler
|
|-heal|p1a: Gholdengo|64/100|[from] item: Leftovers
|
|switch|p2a: Magearna|Magearna|100/100
|turn|21
|
|move|p2a: Magearna|Draining Kiss|p1a: Gholdengo
|-resisted|p1a: Gholdengo
|-damage|p1a: Gholdengo|52/100
|move|p1a: Gholdengo|Shadow Ball|p2a: Magearna
|-damage|p2a: Magearna|65/100
|
|-heal|p1a: Gholdengo|58/100|[from] item: Leftovers
|turn|22
|
|move|p2a: Magearna|Draining Kiss|p1a: Gholdengo
|-resisted|p1a: Gholdengo
|-damage|p1a: Gholdengo|46/100
|-heal|p2a: Magearna|72/100|[from] drain|[of] p1a: Gholdengo
|move|p1a: Gholdengo|Shadow Ball|p2a: Magearna
|-damage|p2a: Magearna|39/100
|
|-heal|p1a: Gholdengo|52/100|[from] item: Leftovers
|-sideend|p2: Sharktocrab|Reflect
|turn|23
|-message|Sharktocrab forfeited.
|
|win|Death Coil
|n|☆Death Coil|deathcoil
|n|☆Sharktocrab|sharktocrab
|n| tyresepennywhistle|tyresepennywhistle
|n|+SetsuStsna|setsustsna
