|poke|p1|Typhlosion-Hisui, F|
|poke|p1|Zapdos|
|poke|p1|Sneasler, F|
|poke|p1|Great Tusk|
|poke|p1|Gholdengo|
|poke|p1|Samurott-Hisui, M|
|poke|p2|Magearna|
|poke|p2|Drifblim, M|
|poke|p2|Clodsire, F|
|poke|p2|Skeledirge, F|
|poke|p2|Toxapex, F|
|poke|p2|Blissey, F|
|teampreview
|
|start
|switch|p1a: Samurott|Samurott-Hisui, M|100/100
|switch|p2a: Toxapex|Toxapex, F|100/100
|turn|1
|
|move|p1a: Samurott|Ceaseless Edge|p2a: Toxapex
|-damage|p2a: Toxapex|72/100
|-sidestart|p2: Granny Pie|Spikes
|move|p2a: Toxapex|Toxic|p1a: Samurott
|-status|p1a: Samurott|tox
|
|-damage|p1a: Samurott|94/100 tox|[from] psn
|turn|2
|
|move|p1a: Samurott|Ceaseless Edge|p2a: Toxapex
|-damage|p2a: Toxapex|46/100
|-sidestart|p2: Granny Pie|Spikes
|move|p2a: Toxapex|Toxic Spikes|p1a: Samurott
|-sidestart|p1: pkmnallrounder|move: Toxic Spikes
|
|-damage|p1a: Samurott|82/100 tox|[from] psn
|turn|3
|
|move|p1a: Samurott|Ceaseless Edge|p2a: Toxapex
|-damage|p2a: Toxapex|19/100
|-sidestart|p2: Granny Pie|Spikes
|move|p2a: Toxapex|Toxic Spikes|p1a: Samurott
|-sidestart|p1: pkmnallrounder|move: Toxic Spikes
|
|-damage|p1a: Samurott|63/100 tox|[from] psn
|turn|4
|
|switch|p1a: Sneasler|Sneasler, F|100/100
|-sideend|p1: pkmnallrounder|move: Toxic Spikes|[of] p1a: Sneasler
|switch|p2a: Magearna|Magearna|100/100
|
|turn|5
|
|move|p1a: Sneasler|Fire Punch|p2a: Magearna
|-supereffective|p2a: Magearna
|-damage|p2a: Magearna|51/100
|move|p2a: Magearna|Spikes|p1a: Sneasler
|-sidestart|p1: pkmnallrounder|Spikes
|
|turn|6
|
|switch|p2a: Skeledirge|Skeledirge, F|100/100
|move|p1a: Sneasler|Fire Punch|p2a: Skeledirge
|-resisted|p2a: Skeledirge
|-damage|p2a: Skeledirge|89/100
|
|turn|7
|
|switch|p1a: Great Tusk|Great Tusk|100/100
|-enditem|p1a: Great Tusk|Booster Energy
|-activate|p1a: Great Tusk|ability: Protosynthesis|[fromitem]
|-start|p1a: Great Tusk|protosynthesisspe
|-damage|p1a: Great Tusk|88/100|[from] Spikes
|move|p2a: Skeledirge|Will-O-Wisp|p1a: Great Tusk
|-status|p1a: Great Tusk|brn
|
|-damage|p1a: Great Tusk|82/100 brn|[from] brn
|turn|8
|
|switch|p2a: Drifblim|Drifblim, M|100/100
|move|p1a: Great Tusk|Stealth Rock|p2a: Drifblim
|-sidestart|p2: Granny Pie|move: Stealth Rock
|
|-damage|p1a: Great Tusk|76/100 brn|[from] brn
|turn|9
|
|move|p1a: Great Tusk|Ice Spinner|p2a: Drifblim
|-supereffective|p2a: Drifblim
|-damage|p2a: Drifblim|83/100
|move|p2a: Drifblim|Hex|p1a: Great Tusk
|-crit|p1a: Great Tusk
|-damage|p1a: Great Tusk|0 fnt
|faint|p1a: Great Tusk
|-end|p1a: Great Tusk|Protosynthesis|[silent]
|
|
|switch|p1a: Sneasler|Sneasler, F|100/100
|-damage|p1a: Sneasler|88/100|[from] Spikes
|turn|10
|
|move|p1a: Sneasler|U-turn|p2a: Drifblim
|-resisted|p2a: Drifblim
|-damage|p2a: Drifblim|76/100
|-status|p2a: Drifblim|psn|[from] ability: Poison Touch|[of] p1a: Sneasler
|
|switch|p1a: Gholdengo|Gholdengo|100/100|[from] U-turn
|-damage|p1a: Gholdengo|88/100|[from] Spikes
|move|p2a: Drifblim|Will-O-Wisp|p1a: Gholdengo
|-immune|p1a: Gholdengo|[from] ability: Good as Gold
|
|-damage|p2a: Drifblim|63/100 psn|[from] psn
|turn|11
|
|switch|p2a: Blissey|Blissey, F|100/100
|move|p1a: Gholdengo|Hex|p2a: Blissey
|-immune|p2a: Blissey
|
|turn|12
|
|move|p1a: Gholdengo|Substitute|p1a: Gholdengo
|-start|p1a: Gholdengo|Substitute
|-damage|p1a: Gholdengo|63/100
|move|p2a: Blissey|Heal Bell|p2a: Blissey
|-activate|p2a: Blissey|move: Heal Bell
|-curestatus|p2: Drifblim|psn|[msg]
|
|turn|13
|-message|pkmnallrounder forfeited.
|
|win|Granny Pie
