|poke|p1|Pelipper, F|
|poke|p1|Basculegion, M|
|poke|p1|Floatzel, F|
|poke|p1|Urshifu-*, F|
|poke|p1|Samurott-Hisui, F|
|poke|p1|Ditto|
|poke|p2|Gholdengo|
|poke|p2|Corviknight, M|
|poke|p2|Azumarill, M|
|poke|p2|Greninja, F|
|poke|p2|Baxcalibur, F|
|poke|p2|Landorus-Therian, M|
|teampreview
|
|start
|switch|p1a: kill bill|Pelipper, F, shiny|100/100
|switch|p2a: Baxcalibur|Baxcalibur, F|100/100
|-weather|RainDance|[from] ability: Drizzle|[of] p1a: kill bill
|turn|1
|
|-terastallize|p2a: Baxcalibur|Dragon
|move|p2a: Baxcalibur|Glaive Rush|p1a: kill bill
|-damage|p1a: kill bill|0 fnt
|-singlemove|p2a: Baxcalibur|Glaive Rush|[silent]
|faint|p1a: kill bill
|
|-weather|RainDance|[upkeep]
|
|switch|p1a: mark 5:9|Basculegion, M, shiny|100/100
|turn|2
|
|switch|p2a: Azumarill|Azumarill, M|100/100
|-terastallize|p1a: mark 5:9|Water
|move|p1a: mark 5:9|Wave Crash|p2a: Azumarill
|-resisted|p2a: Azumarill
|-damage|p2a: Azumarill|0 fnt
|faint|p2a: Azumarill
|-damage|p1a: mark 5:9|66/100|[from] Recoil
|
|-weather|RainDance|[upkeep]
|
|switch|p2a: Baxcalibur|Baxcalibur, F, tera:Dragon|100/100
|turn|3
|
|move|p1a: mark 5:9|Wave Crash|p2a: Baxcalibur
|-resisted|p2a: Baxcalibur
|-damage|p2a: Baxcalibur|14/100
|-damage|p1a: mark 5:9|38/100|[from] Recoil
|move|p2a: Baxcalibur|Glaive Rush|p1a: mark 5:9
|-damage|p1a: mark 5:9|0 fnt
|-singlemove|p2a: Baxcalibur|Glaive Rush|[silent]
|faint|p1a: mark 5:9
|
|-weather|RainDance|[upkeep]
|
|switch|p1a: crasher wake|Floatzel, F, shiny|100/100
|turn|4
|
|switch|p2a: Corviknight|Corviknight, M|100/100
|move|p1a: crasher wake|Wave Crash|p2a: Corviknight
|-damage|p2a: Corviknight|0 fnt
|-damage|p1a: crasher wake|84/100|[from] item: Rocky Helmet|[of] p2a: Corviknight
|faint|p2a: Corviknight
|-damage|p1a: crasher wake|42/100|[from] Recoil
|
|-weather|RainDance|[upkeep]
|
|switch|p2a: Greninja|Greninja, F|100/100
|turn|5
|
|move|p1a: crasher wake|Wave Crash|p2a: Greninja
|-resisted|p2a: Greninja
|-damage|p2a: Greninja|0 fnt
|faint|p2a: Greninja
|-damage|p1a: crasher wake|11/100|[from] Recoil
|
|-weather|RainDance|[upkeep]
|
|switch|p2a: Baxcalibur|Baxcalibur, F, tera:Dragon|14/100
|turn|6
|
|switch|p1a: fjordlord|Samurott-Hisui, F, shiny|100/100
|move|p2a: Baxcalibur|Ice Shard|p1a: fjordlord
|-resisted|p1a: fjordlord
|-damage|p1a: fjordlord|78/100
|
|-weather|RainDance|[upkeep]
|turn|7
|
|switch|p2a: Landorus|Landorus-Therian, M|100/100
|-ability|p2a: Landorus|Intimidate|boost
|-unboost|p1a: fjordlord|atk|1
|move|p1a: fjordlord|Aqua Cutter|p2a: Landorus
|-supereffective|p2a: Landorus
|-crit|p2a: Landorus
|-damage|p2a: Landorus|0 fnt
|faint|p2a: Landorus
|
|-weather|RainDance|[upkeep]
|
|switch|p2a: Gholdengo|Gholdengo|100/100
|turn|8
|
|move|p1a: fjordlord|Aqua Cutter|p2a: Gholdengo
|-crit|p2a: Gholdengo
|-damage|p2a: Gholdengo|1/100
|move|p2a: Gholdengo|Make It Rain|p1a: fjordlord
|-resisted|p1a: fjordlord
|-damage|p1a: fjordlord|25/100
|-unboost|p2a: Gholdengo|spa|1
|-enditem|p2a: Gholdengo|Eject Pack
|-message|p2 forfeited.
|
|win|p1
