|poke|p1|Uxie|
|poke|p1|Ursaluna, F|
|poke|p1|Enamorus, F|
|poke|p1|Great Tusk|
|poke|p1|Gholdengo|
|poke|p1|Thundurus-Therian, M|
|poke|p2|Zapdos|
|poke|p2|Heatran, M|
|poke|p2|Slowking, M|
|poke|p2|Landorus-Therian, M|
|poke|p2|Kingambit, F|
|poke|p2|Hoopa-Unbound|
|teampreview
|
|start
|switch|p1a: Uxie|Uxie|100/100
|switch|p2a: PLUG|Heatran, M|100/100
|turn|1
|
|move|p1a: Uxie|Light Screen|p1a: Uxie
|-sidestart|p1: p33zer|move: Light Screen
|move|p2a: PLUG|Taunt|p1a: Uxie
|-start|p1a: Uxie|move: Taunt
|
|turn|2
|
|move|p1a: Uxie|Future Sight|p2a: PLUG
|-start|p1a: Uxie|move: Future Sight
|move|p2a: PLUG|Stealth Rock|p1a: Uxie
|-sidestart|p1: p33zer|move: Stealth Rock
|
|turn|3
|
|switch|p1a: Enamorus|Enamorus, F|100/100
|-damage|p1a: Enamorus|76/100|[from] Stealth Rock
|move|p2a: PLUG|Magma Storm|p1a: Enamorus
|-damage|p1a: Enamorus|48/100
|-activate|p1a: Enamorus|move: Magma Storm|[of] p2a: PLUG
|
|-damage|p1a: Enamorus|35/100|[from] move: Magma Storm|[partiallytrapped]
|turn|4
|
|switch|p2a: FADE|Zapdos|100/100
|move|p1a: Enamorus|Superpower|p2a: FADE
|-resisted|p2a: FADE
|-crit|p2a: FADE
|-damage|p2a: FADE|59/100
|-boost|p1a: Enamorus|atk|1
|-boost|p1a: Enamorus|def|1
|-damage|p1a: Enamorus|25/100|[from] item: Life Orb
|
|-end|p2a: FADE|move: Future Sight
|-damage|p2a: FADE|24/100
|-end|p1a: Enamorus|Magma Storm|[partiallytrapped]|[silent]
|turn|5
|
|move|p1a: Enamorus|Superpower|p2a: FADE
|-resisted|p2a: FADE
|-damage|p2a: FADE|0 fnt
|-boost|p1a: Enamorus|atk|1
|-boost|p1a: Enamorus|def|1
|-status|p1a: Enamorus|par|[from] ability: Static|[of] p2a: FADE
|faint|p2a: FADE
|-damage|p1a: Enamorus|16/100 par|[from] item: Life Orb
|
|
|switch|p2a: Dark Magician|Hoopa-Unbound|100/100
|turn|6
|
|move|p2a: Dark Magician|Gunk Shot|p1a: Enamorus
|-supereffective|p1a: Enamorus
|-damage|p1a: Enamorus|0 fnt
|faint|p1a: Enamorus
|
|
|switch|p1a: Uxie|Uxie|100/100
|-damage|p1a: Uxie|88/100|[from] Stealth Rock
|turn|7
|
|switch|p2a: PLUG|Heatran, M|100/100
|move|p1a: Uxie|Reflect|p1a: Uxie
|-sidestart|p1: p33zer|Reflect
|
|turn|8
|
|move|p1a: Uxie|Thunder Wave|p2a: PLUG
|-status|p2a: PLUG|par
|move|p2a: PLUG|Magma Storm|p1a: Uxie
|-damage|p1a: Uxie|76/100
|-activate|p1a: Uxie|move: Magma Storm|[of] p2a: PLUG
|
|-damage|p1a: Uxie|63/100|[from] move: Magma Storm|[partiallytrapped]
|-sideend|p1: p33zer|move: Light Screen
|turn|9
|
|move|p1a: Uxie|Light Screen|p1a: Uxie
|-sidestart|p1: p33zer|move: Light Screen
|move|p2a: PLUG|Taunt|p1a: Uxie
|-start|p1a: Uxie|move: Taunt
|
|-damage|p1a: Uxie|51/100|[from] move: Magma Storm|[partiallytrapped]
|turn|10
|
|move|p1a: Uxie|Future Sight|p2a: PLUG
|-start|p1a: Uxie|move: Future Sight
|move|p2a: PLUG|Magma Storm|p1a: Uxie
|-damage|p1a: Uxie|39/100
|
|-damage|p1a: Uxie|26/100|[from] move: Magma Storm|[partiallytrapped]
|turn|11
|
|move|p1a: Uxie|Future Sight||[still]
|-fail|p1a: Uxie
|cant|p2a: PLUG|par
|
|-damage|p1a: Uxie|14/100|[from] move: Magma Storm|[partiallytrapped]
|turn|12
|
|move|p1a: Uxie|Future Sight||[still]
|-fail|p1a: Uxie
|move|p2a: PLUG|Magma Storm|p1a: Uxie
|-damage|p1a: Uxie|1/100
|
|-end|p2a: PLUG|move: Future Sight
|-resisted|p2a: PLUG
|-damage|p2a: PLUG|90/100 par
|-heal|p2a: PLUG|96/100 par|[from] item: Leftovers
|-damage|p1a: Uxie|0 fnt|[from] move: Magma Storm|[partiallytrapped]
|faint|p1a: Uxie
|
|switch|p1a: Ursaluna|Ursaluna, F|100/100
|-damage|p1a: Ursaluna|94/100|[from] Stealth Rock
|turn|13
|
|switch|p2a: CASHING|Landorus-Therian, M|100/100
|-ability|p2a: CASHING|Intimidate|boost
|-unboost|p1a: Ursaluna|atk|1
|move|p1a: Ursaluna|Headlong Rush|p2a: CASHING
|-immune|p2a: CASHING
|
|-status|p1a: Ursaluna|brn|[from] item: Flame Orb
|turn|14
|
|-terastallize|p1a: Ursaluna|Normal
|move|p2a: CASHING|Earthquake|p1a: Ursaluna
|-damage|p1a: Ursaluna|76/100 brn
|move|p1a: Ursaluna|Facade|p2a: CASHING
|-damage|p2a: CASHING|19/100
|
|-heal|p2a: CASHING|25/100|[from] item: Leftovers
|-damage|p1a: Ursaluna|70/100 brn|[from] brn
|-sideend|p1: p33zer|Reflect
|turn|15
|
|switch|p2a: PLUG|Heatran, M|96/100 par
|switch|p1a: Great Tusk|Great Tusk|100/100
|-damage|p1a: Great Tusk|98/100|[from] Stealth Rock
|
|-heal|p1a: Great Tusk|100/100|[from] item: Leftovers
|-heal|p2a: PLUG|100/100 par|[from] item: Leftovers
|turn|16
|
|switch|p2a: FUNK THE FUNK|Slowking, M|100/100
|move|p1a: Great Tusk|Rapid Spin|p2a: FUNK THE FUNK
|-damage|p2a: FUNK THE FUNK|86/100
|-boost|p1a: Great Tusk|spe|1
|-sideend|p1: p33zer|Stealth Rock|[from] move: Rapid Spin|[of] p1a: Great Tusk
|
|-sideend|p1: p33zer|move: Light Screen
|turn|17
|
|move|p1a: Great Tusk|Knock Off|p2a: FUNK THE FUNK
|-supereffective|p2a: FUNK THE FUNK
|-damage|p2a: FUNK THE FUNK|29/100
|-enditem|p2a: FUNK THE FUNK|Heavy-Duty Boots|[from] move: Knock Off|[of] p1a: Great Tusk
|move|p2a: FUNK THE FUNK|Future Sight|p1a: Great Tusk
|-start|p2a: FUNK THE FUNK|move: Future Sight
|
|turn|18
|
|switch|p2a: PLUG|Heatran, M|100/100 par
|move|p1a: Great Tusk|Knock Off|p2a: PLUG
|-damage|p2a: PLUG|76/100 par
|-enditem|p2a: PLUG|Leftovers|[from] move: Knock Off|[of] p1a: Great Tusk
|
|turn|19
|
|switch|p2a: FUNK THE FUNK|Slowking, M|63/100
|move|p1a: Great Tusk|Earthquake|p2a: FUNK THE FUNK
|-damage|p2a: FUNK THE FUNK|14/100
|
|-end|p1a: Great Tusk|move: Future Sight
|-supereffective|p1a: Great Tusk
|-damage|p1a: Great Tusk|0 fnt
|faint|p1a: Great Tusk
|-end|p1a: Great Tusk|Protosynthesis|[silent]
|
|switch|p1a: Ursaluna|Ursaluna, F, tera:Normal|70/100 brn
|turn|20
|
|switch|p2a: PLUG|Heatran, M|76/100 par
|move|p1a: Ursaluna|Facade|p2a: PLUG
|-resisted|p2a: PLUG
|-damage|p2a: PLUG|10/100 par
|
|-damage|p1a: Ursaluna|64/100 brn|[from] brn
|turn|21
|
|move|p1a: Ursaluna|Facade|p2a: PLUG
|-resisted|p2a: PLUG
|-crit|p2a: PLUG
|-damage|p2a: PLUG|0 fnt
|faint|p2a: PLUG
|
|-damage|p1a: Ursaluna|58/100 brn|[from] brn
|
|switch|p2a: Dark Magician|Hoopa-Unbound|100/100
|turn|22
|
|move|p2a: Dark Magician|Drain Punch|p1a: Ursaluna
|-supereffective|p1a: Ursaluna
|-damage|p1a: Ursaluna|0 fnt
|faint|p1a: Ursaluna
|
|
|switch|p1a: Gholdengo|Gholdengo|100/100
|turn|23
|
|switch|p2a: SAVIN THESE HOES|Kingambit, F|100/100
|-activate|p2a: SAVIN THESE HOES|ability: Supreme Overlord
|-start|p2a: SAVIN THESE HOES|fallen2|[silent]
|move|p1a: Gholdengo|Make It Rain|p2a: SAVIN THESE HOES
|-resisted|p2a: SAVIN THESE HOES
|-damage|p2a: SAVIN THESE HOES|69/100
|-unboost|p1a: Gholdengo|spa|1
|
|turn|24
|
|switch|p1a: Thundurus|Thundurus-Therian, M|100/100
|move|p2a: SAVIN THESE HOES|Swords Dance|p2a: SAVIN THESE HOES
|-boost|p2a: SAVIN THESE HOES|atk|2
|
|turn|25
|
|move|p1a: Thundurus|Thunderbolt|p2a: SAVIN THESE HOES
|-damage|p2a: SAVIN THESE HOES|20/100
|move|p2a: SAVIN THESE HOES|Kowtow Cleave|p1a: Thundurus
|-damage|p1a: Thundurus|0 fnt
|faint|p1a: Thundurus
|
|
|switch|p1a: Gholdengo|Gholdengo|100/100
|turn|26
|
|move|p2a: SAVIN THESE HOES|Sucker Punch|p1a: Gholdengo
|-supereffective|p1a: Gholdengo
|-damage|p1a: Gholdengo|0 fnt
|faint|p1a: Gholdengo
|
|win|snazzybeatle
