|poke|p1|Urshifu-*, M|
|poke|p1|Magearna|
|poke|p1|Slowking-Galar, F|
|poke|p1|Arcanine-Hisui, F|
|poke|p1|Landorus-Therian, M|
|poke|p1|Iron Treads|
|poke|p2|Ursaluna, F|
|poke|p2|Iron Treads|
|poke|p2|Uxie|
|poke|p2|Chien-Pao|
|poke|p2|Lilligant-Hisui, F|
|poke|p2|Magearna|
|teampreview
|
|start
|switch|p1a: Landorus|Landorus-Therian, M|100/100
|switch|p2a: Uxie|Uxie|100/100
|-ability|p1a: Landorus|Intimidate|boost
|-unboost|p2a: Uxie|atk|1
|turn|1
|
|move|p1a: Landorus|Substitute|p1a: Landorus
|-start|p1a: Landorus|Substitute
|-damage|p1a: Landorus|76/100
|move|p2a: Uxie|Reflect|p2a: Uxie
|-sidestart|p2: p2|Reflect
|
|-heal|p1a: Landorus|82/100|[from] item: Leftovers
|turn|2
|
|move|p1a: Landorus|Bulk Up|p1a: Landorus
|-boost|p1a: Landorus|atk|1
|-boost|p1a: Landorus|def|1
|move|p2a: Uxie|Light Screen|p2a: Uxie
|-sidestart|p2: p2|move: Light Screen
|
|-heal|p1a: Landorus|88/100|[from] item: Leftovers
|turn|3
|
|move|p1a: Landorus|Earthquake|p2a: Uxie
|-immune|p2a: Uxie|[from] ability: Levitate
|move|p2a: Uxie|Memento||[still]
|-fail|p2a: Uxie
|
|-heal|p1a: Landorus|94/100|[from] item: Leftovers
|turn|4
|
|move|p1a: Landorus|Bulk Up|p1a: Landorus
|-boost|p1a: Landorus|atk|1
|-boost|p1a: Landorus|def|1
|move|p2a: Uxie|Trick Room|p2a: Uxie
|-fieldstart|move: Trick Room|[of] p2a: Uxie
|
|-heal|p1a: Landorus|99/100|[from] item: Leftovers
|turn|5
|
|switch|p2a: Coca|Ursaluna, F|100/100
|move|p1a: Landorus|Bulk Up|p1a: Landorus
|-boost|p1a: Landorus|atk|1
|-boost|p1a: Landorus|def|1
|
|-heal|p1a: Landorus|100/100|[from] item: Leftovers
|-status|p2a: Coca|brn|[from] item: Flame Orb
|turn|6
|
|move|p2a: Coca|Facade|p1a: Landorus
|-end|p1a: Landorus|Substitute
|move|p1a: Landorus|Earthquake|p2a: Coca
|-damage|p2a: Coca|55/100 brn
|
|-damage|p2a: Coca|49/100 brn|[from] brn
|turn|7
|
|move|p2a: Coca|Facade|p1a: Landorus
|-damage|p1a: Landorus|44/100
|move|p1a: Landorus|Earthquake|p2a: Coca
|-damage|p2a: Coca|2/100 brn
|
|-heal|p1a: Landorus|50/100|[from] item: Leftovers
|-damage|p2a: Coca|0 fnt|[from] brn
|faint|p2a: Coca
|
|switch|p2a: Uxie|Uxie|100/100
|turn|8
|
|move|p2a: Uxie|Memento|p1a: Landorus
|-unboost|p1a: Landorus|atk|2
|-unboost|p1a: Landorus|spa|2
|faint|p2a: Uxie
|move|p1a: Landorus|Substitute|p1a: Landorus
|-start|p1a: Landorus|Substitute
|-damage|p1a: Landorus|25/100
|
|-heal|p1a: Landorus|31/100|[from] item: Leftovers
|-sideend|p2: p2|Reflect
|-fieldend|move: Trick Room
|
|switch|p2a: Iron Treads|Iron Treads|100/100
|turn|9
|
|move|p2a: Iron Treads|Steel Beam|p1a: Landorus
|-end|p1a: Landorus|Substitute
|-damage|p2a: Iron Treads|50/100|[from] steelbeam
|move|p1a: Landorus|Earthquake|p2a: Iron Treads
|-supereffective|p2a: Iron Treads
|-damage|p2a: Iron Treads|0 fnt
|faint|p2a: Iron Treads
|-end|p2a: Iron Treads|Quark Drive|[silent]
|
|-heal|p1a: Landorus|37/100|[from] item: Leftovers
|-sideend|p2: p2|move: Light Screen
|
|switch|p2a: Chien-Pao|Chien-Pao|100/100
|-ability|p2a: Chien-Pao|Sword of Ruin
|turn|10
|
|switch|p1a: Magearna|Magearna|100/100
|move|p2a: Chien-Pao|Icicle Crash|p1a: Magearna
|-resisted|p1a: Magearna
|-damage|p1a: Magearna|72/100
|
|-heal|p1a: Magearna|78/100|[from] item: Leftovers
|turn|11
|
|move|p2a: Chien-Pao|Sacred Sword|p1a: Magearna
|-damage|p1a: Magearna|41/100
|move|p1a: Magearna|Fleur Cannon|p2a: Chien-Pao
|-supereffective|p2a: Chien-Pao
|-enditem|p2a: Chien-Pao|Focus Sash
|-damage|p2a: Chien-Pao|1/100
|-unboost|p1a: Magearna|spa|2
|
|-heal|p1a: Magearna|47/100|[from] item: Leftovers
|turn|12
|
|move|p2a: Chien-Pao|Sacred Sword|p1a: Magearna
|-damage|p1a: Magearna|7/100
|move|p1a: Magearna|Volt Switch|p2a: Chien-Pao
|-damage|p2a: Chien-Pao|0 fnt
|faint|p2a: Chien-Pao
|-ability|p1a: Magearna|Soul-Heart|boost
|-boost|p1a: Magearna|spa|1
|
|switch|p1a: Slowking|Slowking-Galar, F|100/100|[from] Volt Switch
|
|
|switch|p2a: Lilligant|Lilligant-Hisui, F|100/100
|turn|13
|
|move|p2a: Lilligant|Victory Dance|p2a: Lilligant
|-boost|p2a: Lilligant|atk|1
|-boost|p2a: Lilligant|def|1
|-boost|p2a: Lilligant|spe|1
|move|p1a: Slowking|Sludge Bomb|p2a: Lilligant
|-supereffective|p2a: Lilligant
|-damage|p2a: Lilligant|2/100
|
|turn|14
|
|-terastallize|p2a: Lilligant|Flying
|move|p2a: Lilligant|Acrobatics|p1a: Slowking
|-damage|p1a: Slowking|37/100
|move|p1a: Slowking|Flamethrower|p2a: Lilligant
|-crit|p2a: Lilligant
|-damage|p2a: Lilligant|0 fnt
|faint|p2a: Lilligant
|
|-heal|p1a: Slowking|43/100|[from] item: Black Sludge
|-message|p2 forfeited.
|
|win|p1
