|poke|p1|Sneasler, F|
|poke|p1|Chien-Pao|
|poke|p1|Landorus-Therian, M|
|poke|p1|Samurott-Hisui, M|
|poke|p1|Dragapult, F|
|poke|p1|Magearna|
|poke|p2|Basculegion, M|
|poke|p2|Clodsire, M|
|poke|p2|Corviknight, F|
|poke|p2|Magearna|
|poke|p2|Chien-Pao|
|poke|p2|Cinderace, F|
|teampreview
|
|start
|switch|p1a: Samurott|Samurott-Hisui, M, shiny|100/100
|switch|p2a: Magearna|Magearna|100/100
|turn|1
|
|move|p1a: Samurott|Aqua Cutter|p2a: Magearna
|-damage|p2a: Magearna|68/100
|move|p2a: Magearna|Volt Switch|p1a: Samurott
|-supereffective|p1a: Samurott
|-damage|p1a: Samurott|22/100
|
|switch|p2a: Basculegion|Basculegion, M|100/100|[from] Volt Switch
|
|-heal|p1a: Samurott|28/100|[from] item: Leftovers
|turn|2
|
|move|p2a: Basculegion|Liquidation|p1a: Samurott
|-resisted|p1a: Samurott
|-damage|p1a: Samurott|6/100
|-unboost|p1a: Samurott|def|1
|move|p1a: Samurott|Ceaseless Edge|p2a: Basculegion
|-supereffective|p2a: Basculegion
|-damage|p2a: Basculegion|6/100
|-sidestart|p2: p2|Spikes
|
|-heal|p1a: Samurott|12/100|[from] item: Leftovers
|turn|3
|
|move|p2a: Basculegion|Liquidation|p1a: Samurott
|-resisted|p1a: Samurott
|-damage|p1a: Samurott|0 fnt
|faint|p1a: Samurott
|
|
|switch|p1a: Chien-Pao|Chien-Pao|100/100
|-ability|p1a: Chien-Pao|Sword of Ruin
|turn|4
|
|move|p1a: Chien-Pao|Crunch|p2a: Basculegion
|-supereffective|p2a: Basculegion
|-damage|p2a: Basculegion|0 fnt
|faint|p2a: Basculegion
|
|
|switch|p2a: Corviknight|Corviknight, F|100/100
|-ability|p2a: Corviknight|Pressure
|turn|5
|
|switch|p1a: Dragapult|Dragapult, F|100/100
|move|p2a: Corviknight|Defog|p1a: Dragapult
|-unboost|p1a: Dragapult|evasion|1
|-sideend|p2: p2|Spikes|[from] move: Defog|[of] p2a: Corviknight
|
|turn|6
|
|switch|p2a: Clodsire|Clodsire, M|100/100
|move|p1a: Dragapult|Reflect|p1a: Dragapult
|-sidestart|p1: p1|Reflect
|
|turn|7
|
|move|p1a: Dragapult|Light Screen|p1a: Dragapult
|-sidestart|p1: p1|move: Light Screen
|move|p2a: Clodsire|Toxic|p1a: Dragapult
|-status|p1a: Dragapult|tox
|
|-damage|p1a: Dragapult|94/100 tox|[from] psn
|turn|8
|
|move|p1a: Dragapult|Will-O-Wisp|p2a: Clodsire
|-status|p2a: Clodsire|brn
|move|p2a: Clodsire|Toxic|p1a: Dragapult
|-fail|p1a: Dragapult|tox
|
|-damage|p1a: Dragapult|82/100 tox|[from] psn
|-damage|p2a: Clodsire|94/100 brn|[from] brn
|turn|9
|
|switch|p1a: Chien-Pao|Chien-Pao|100/100
|-ability|p1a: Chien-Pao|Sword of Ruin
|move|p2a: Clodsire|Toxic|p1a: Chien-Pao
|-status|p1a: Chien-Pao|tox
|
|-heal|p2a: Clodsire|100/100 brn|[from] item: Black Sludge
|-damage|p1a: Chien-Pao|95/100 tox|[from] psn
|-damage|p2a: Clodsire|94/100 brn|[from] brn
|turn|10
|
|switch|p2a: Corviknight|Corviknight, F|100/100
|-ability|p2a: Corviknight|Pressure
|move|p1a: Chien-Pao|Icicle Crash|p2a: Corviknight
|-damage|p2a: Corviknight|65/100
|
|-damage|p1a: Chien-Pao|83/100 tox|[from] psn
|turn|11
|
|move|p1a: Chien-Pao|Icicle Crash|p2a: Corviknight
|-damage|p2a: Corviknight|30/100
|move|p2a: Corviknight|Roost|p2a: Corviknight
|-heal|p2a: Corviknight|80/100
|-singleturn|p2a: Corviknight|move: Roost
|
|-damage|p1a: Chien-Pao|65/100 tox|[from] psn
|turn|12
|
|move|p1a: Chien-Pao|Crunch|p2a: Corviknight
|-damage|p2a: Corviknight|41/100
|-unboost|p2a: Corviknight|def|1
|-damage|p1a: Chien-Pao|48/100 tox|[from] item: Rocky Helmet|[of] p2a: Corviknight
|move|p2a: Corviknight|Body Press|p1a: Chien-Pao
|-supereffective|p1a: Chien-Pao
|-damage|p1a: Chien-Pao|0 fnt
|faint|p1a: Chien-Pao
|
|
|switch|p1a: Sneasler|Sneasler, F, shiny|100/100
|turn|13
|
|switch|p2a: Magearna|Magearna|68/100
|move|p1a: Sneasler|Close Combat|p2a: Magearna
|-damage|p2a: Magearna|0 fnt
|-unboost|p1a: Sneasler|def|1
|-unboost|p1a: Sneasler|spd|1
|faint|p2a: Magearna
|
|-sideend|p1: p1|Reflect
|
|switch|p2a: Corviknight|Corviknight, F|41/100
|-ability|p2a: Corviknight|Pressure
|turn|14
|
|move|p1a: Sneasler|Close Combat|p2a: Corviknight
|-damage|p2a: Corviknight|0 fnt
|-unboost|p1a: Sneasler|def|1
|-unboost|p1a: Sneasler|spd|1
|-damage|p1a: Sneasler|84/100|[from] item: Rocky Helmet|[of] p2a: Corviknight
|faint|p2a: Corviknight
|
|-sideend|p1: p1|move: Light Screen
|
|switch|p2a: Chien-Pao|Chien-Pao|100/100
|-ability|p2a: Chien-Pao|Sword of Ruin
|turn|15
|
|switch|p1a: Magearna|Magearna|100/100
|move|p2a: Chien-Pao|Swords Dance|p2a: Chien-Pao
|-boost|p2a: Chien-Pao|atk|2
|
|turn|16
|
|-terastallize|p2a: Chien-Pao|Fighting
|move|p2a: Chien-Pao|Sacred Sword|p1a: Magearna
|-damage|p1a: Magearna|0 fnt
|faint|p1a: Magearna
|
|
|switch|p1a: Landorus|Landorus-Therian, M|100/100
|-ability|p1a: Landorus|Intimidate|boost
|-unboost|p2a: Chien-Pao|atk|1
|turn|17
|
|-terastallize|p1a: Landorus|Water
|move|p2a: Chien-Pao|Ice Spinner|p1a: Landorus
|-resisted|p1a: Landorus
|-damage|p1a: Landorus|52/100
|move|p1a: Landorus|Earthquake|p2a: Chien-Pao
|-damage|p2a: Chien-Pao|33/100
|
|-heal|p1a: Landorus|58/100|[from] item: Leftovers
|turn|18
|
|move|p2a: Chien-Pao|Crunch|p1a: Landorus
|-damage|p1a: Landorus|0 fnt
|faint|p1a: Landorus
|
|
|switch|p1a: Dragapult|Dragapult, F|82/100 tox
|turn|19
|
|switch|p2a: Cinderace|Cinderace, F|100/100
|move|p1a: Dragapult|Hex|p2a: Cinderace
|-damage|p2a: Cinderace|67/100
|
|-damage|p1a: Dragapult|76/100 tox|[from] psn
|turn|20
|
|move|p1a: Dragapult|Reflect|p1a: Dragapult
|-sidestart|p1: p1|Reflect
|move|p2a: Cinderace|Pyro Ball|p1a: Dragapult
|-resisted|p1a: Dragapult
|-damage|p1a: Dragapult|59/100 tox
|-start|p2a: Cinderace|Disable|Pyro Ball|[from] ability: Cursed Body|[of] p1a: Dragapult
|
|-damage|p1a: Dragapult|47/100 tox|[from] psn
|turn|21
|
|move|p1a: Dragapult|Light Screen|p1a: Dragapult
|-sidestart|p1: p1|move: Light Screen
|move|p2a: Cinderace|Court Change|p2a: Cinderace
|-start|p2a: Cinderace|typechange|Normal|[from] ability: Libero
|-swapsideconditions
|-activate|p2a: Cinderace|move: Court Change
|
|-damage|p1a: Dragapult|29/100 tox|[from] psn
|turn|22
|
|move|p1a: Dragapult|Reflect|p1a: Dragapult
|-sidestart|p1: p1|Reflect
|move|p2a: Cinderace|U-turn|p1a: Dragapult
|-resisted|p1a: Dragapult
|-damage|p1a: Dragapult|22/100 tox
|
|switch|p2a: Chien-Pao|Chien-Pao, tera:Fighting|33/100|[from] U-turn
|-ability|p2a: Chien-Pao|Sword of Ruin
|
|-damage|p1a: Dragapult|0 fnt|[from] psn
|faint|p1a: Dragapult
|
|switch|p1a: Sneasler|Sneasler, F, shiny|84/100
|turn|23
|
|move|p2a: Chien-Pao|Ice Spinner|p1a: Sneasler
|-damage|p1a: Sneasler|41/100
|move|p1a: Sneasler|Close Combat|p2a: Chien-Pao
|-damage|p2a: Chien-Pao|0 fnt
|-unboost|p1a: Sneasler|def|1
|-unboost|p1a: Sneasler|spd|1
|faint|p2a: Chien-Pao
|
|
|switch|p2a: Cinderace|Cinderace, F|67/100
|turn|24
|
|move|p1a: Sneasler|Close Combat|p2a: Cinderace
|-damage|p2a: Cinderace|4/100
|-unboost|p1a: Sneasler|def|1
|-unboost|p1a: Sneasler|spd|1
|-status|p2a: Cinderace|psn|[from] ability: Poison Touch|[of] p1a: Sneasler
|move|p2a: Cinderace|Pyro Ball|p1a: Sneasler
|-damage|p1a: Sneasler|0 fnt
|faint|p1a: Sneasler
|
|win|p2
