# advantage = p2
|poke|p1|Magearna|
|poke|p1|Gholdengo|
|poke|p1|Garganacl, M|
|poke|p1|Urshifu-*, F|
|poke|p1|Volcarona, F|
|poke|p1|Landorus-Therian, M|
|poke|p2|Azelf|
|poke|p2|Landorus-Therian, M|
|poke|p2|Basculegion, M|
|poke|p2|Braviary-Hisui, M|
|poke|p2|Great Tusk|
|poke|p2|Samurott-Hisui, F|
|teampreview
|
|start
|switch|p1a: Gholdengo|Gholdengo|100/100
|switch|p2a: Samurott|Samurott-Hisui, F|100/100
|-item|p1a: Gholdengo|Air Balloon
|turn|1
|
|switch|p1a: Magearna|Magearna|100/100
|move|p2a: Samurott|Ceaseless Edge|p1a: Magearna|[miss]
|-miss|p2a: Samurott|p1a: Magearna
|
|turn|2
|
|move|p2a: Samurott|Ceaseless Edge|p1a: Magearna|[miss]
|-miss|p2a: Samurott|p1a: Magearna
|move|p1a: Magearna|Spikes|p2a: Samurott
|-sidestart|p2: p2|Spikes
|
|turn|3
|
|move|p2a: Samurott|Ceaseless Edge|p1a: Magearna
|-resisted|p1a: Magearna
|-damage|p1a: Magearna|85/100
|-sidestart|p1: p1|Spikes
|move|p1a: Magearna|Volt Switch|p2a: Samurott
|-supereffective|p2a: Samurott
|-damage|p2a: Samurott|27/100
|
|switch|p1a: Urshifu|Urshifu-Rapid-Strike, F|100/100|[from] Volt Switch
|-damage|p1a: Urshifu|88/100|[from] Spikes
|
|turn|4
|
|move|p1a: Urshifu|U-turn|p2a: Samurott
|-supereffective|p2a: Samurott
|-damage|p2a: Samurott|0 fnt
|faint|p2a: Samurott
|
|switch|p1a: Landorus|Landorus-Therian, M|100/100|[from] U-turn
|
|
|switch|p2a: Braviary|Braviary-Hisui, M|100/100
|turn|5
|
|switch|p1a: Garganacl|Garganacl, M|100/100
|-damage|p1a: Garganacl|88/100|[from] Spikes
|move|p2a: Braviary|Calm Mind|p2a: Braviary
|-boost|p2a: Braviary|spa|1
|-boost|p2a: Braviary|spd|1
|
|-heal|p1a: Garganacl|94/100|[from] item: Leftovers
|turn|6
|
|move|p2a: Braviary|Agility|p2a: Braviary
|-boost|p2a: Braviary|spe|2
|move|p1a: Garganacl|Salt Cure|p2a: Braviary
|-supereffective|p2a: Braviary
|-damage|p2a: Braviary|67/100
|-start|p2a: Braviary|Salt Cure
|
|-heal|p2a: Braviary|74/100|[from] item: Leftovers
|-heal|p1a: Garganacl|100/100|[from] item: Leftovers
|-damage|p2a: Braviary|61/100|[from] Salt Cure
|turn|7
|
|move|p2a: Braviary|Calm Mind|p2a: Braviary
|-boost|p2a: Braviary|spa|1
|-boost|p2a: Braviary|spd|1
|move|p1a: Garganacl|Salt Cure|p2a: Braviary
|-supereffective|p2a: Braviary
|-damage|p2a: Braviary|30/100
|
|-heal|p2a: Braviary|36/100|[from] item: Leftovers
|-damage|p2a: Braviary|23/100|[from] Salt Cure
|turn|8
|
|move|p2a: Braviary|Stored Power|p1a: Garganacl
|-damage|p1a: Garganacl|0 fnt
|faint|p1a: Garganacl
|
|-heal|p2a: Braviary|30/100|[from] item: Leftovers
|-damage|p2a: Braviary|17/100|[from] Salt Cure
|
|switch|p1a: Urshifu|Urshifu-Rapid-Strike, F|88/100
|-damage|p1a: Urshifu|76/100|[from] Spikes
|turn|9
|
|move|p1a: Urshifu|Aqua Jet|p2a: Braviary
|-damage|p2a: Braviary|0 fnt
|faint|p2a: Braviary
|
|
|switch|p2a: Azelf|Azelf|100/100
|turn|10
|
|switch|p1a: Magearna|Magearna|85/100
|-damage|p1a: Magearna|73/100|[from] Spikes
|move|p2a: Azelf|Fire Blast|p1a: Magearna
|-supereffective|p1a: Magearna
|-damage|p1a: Magearna|11/100
|
|-heal|p1a: Magearna|17/100|[from] item: Leftovers
|turn|11
|
|move|p2a: Azelf|Psyshock|p1a: Magearna
|-resisted|p1a: Magearna
|-damage|p1a: Magearna|3/100
|move|p1a: Magearna|Pain Split|p2a: Azelf
|-sethp|p2a: Azelf|52/100|[from] move: Pain Split|[silent]
|-sethp|p1a: Magearna|42/100|[from] move: Pain Split
|
|-heal|p1a: Magearna|48/100|[from] item: Leftovers
|turn|12
|
|move|p2a: Azelf|Fire Blast|p1a: Magearna|[miss]
|-miss|p2a: Azelf|p1a: Magearna
|move|p1a: Magearna|Fleur Cannon|p2a: Azelf
|-damage|p2a: Azelf|0 fnt
|-unboost|p1a: Magearna|spa|2
|faint|p2a: Azelf
|-ability|p1a: Magearna|Soul-Heart|boost
|-boost|p1a: Magearna|spa|1
|
|-heal|p1a: Magearna|54/100|[from] item: Leftovers
|
|switch|p2a: Great Tusk|Great Tusk|100/100
|-damage|p2a: Great Tusk|88/100|[from] Spikes
|turn|13
|
|switch|p1a: Landorus|Landorus-Therian, M|100/100
|-ability|p1a: Landorus|Intimidate|boost
|-unboost|p2a: Great Tusk|atk|1
|move|p2a: Great Tusk|Rapid Spin|p1a: Landorus
|-damage|p1a: Landorus|92/100
|-boost|p2a: Great Tusk|spe|1
|-sideend|p2: p2|Spikes|[from] move: Rapid Spin|[of] p2a: Great Tusk
|
|-heal|p1a: Landorus|98/100|[from] item: Leftovers
|turn|14
|
|move|p2a: Great Tusk|Knock Off|p1a: Landorus
|-damage|p1a: Landorus|81/100
|-enditem|p1a: Landorus|Leftovers|[from] move: Knock Off|[of] p2a: Great Tusk
|move|p1a: Landorus|Earthquake|p2a: Great Tusk
|-damage|p2a: Great Tusk|56/100
|
|turn|15
|
|-end|p2a: Great Tusk|Protosynthesis|[silent]
|switch|p2a: Landorus|Landorus-Therian, M|100/100
|-ability|p2a: Landorus|Intimidate|boost
|-unboost|p1a: Landorus|atk|1
|move|p1a: Landorus|Earthquake|p2a: Landorus
|-immune|p2a: Landorus
|
|turn|16
|
|move|p2a: Landorus|Taunt|p1a: Landorus
|-start|p1a: Landorus|move: Taunt
|cant|p1a: Landorus|move: Taunt|Stealth Rock
|
|turn|17
|
|move|p2a: Landorus|Stealth Rock|p1a: Landorus
|-sidestart|p1: p1|move: Stealth Rock
|move|p1a: Landorus|U-turn|p2a: Landorus
|-resisted|p2a: Landorus
|-damage|p2a: Landorus|92/100
|-damage|p1a: Landorus|65/100|[from] item: Rocky Helmet|[of] p2a: Landorus
|
|switch|p1a: Urshifu|Urshifu-Rapid-Strike, F|76/100|[from] U-turn
|-damage|p1a: Urshifu|64/100|[from] Spikes
|-damage|p1a: Urshifu|57/100|[from] Stealth Rock
|
|turn|18
|
|move|p1a: Urshifu|Surging Strikes|p2a: Landorus
|-supereffective|p2a: Landorus
|-crit|p2a: Landorus
|-damage|p2a: Landorus|28/100
|-damage|p1a: Urshifu|41/100|[from] item: Rocky Helmet|[of] p2a: Landorus
|-supereffective|p2a: Landorus
|-crit|p2a: Landorus
|-damage|p2a: Landorus|0 fnt
|-damage|p1a: Urshifu|25/100|[from] item: Rocky Helmet|[of] p2a: Landorus
|faint|p2a: Landorus
|-hitcount|p2: Landorus|2
|
|
|switch|p2a: Basculegion|Basculegion, M|100/100
|turn|19
|
|switch|p1a: Gholdengo|Gholdengo|100/100
|-damage|p1a: Gholdengo|94/100|[from] Stealth Rock
|-item|p1a: Gholdengo|Air Balloon
|move|p2a: Basculegion|Phantom Force||[still]
|-prepare|p2a: Basculegion|Phantom Force
|
|turn|20
|
|switch|p1a: Magearna|Magearna|54/100
|-damage|p1a: Magearna|41/100|[from] Spikes
|-damage|p1a: Magearna|35/100|[from] Stealth Rock
|move|p2a: Basculegion|Phantom Force|p1a: Magearna|[from]lockedmove
|-crit|p1a: Magearna
|-damage|p1a: Magearna|0 fnt
|faint|p1a: Magearna
|
|
|switch|p1a: Landorus|Landorus-Therian, M|65/100
|-damage|p1a: Landorus|52/100|[from] Stealth Rock
|-ability|p1a: Landorus|Intimidate|boost
|-unboost|p2a: Basculegion|atk|1
|turn|21
|
|move|p1a: Landorus|U-turn|p2a: Basculegion
|-resisted|p2a: Basculegion
|-damage|p2a: Basculegion|88/100
|
|switch|p1a: Gholdengo|Gholdengo|94/100|[from] U-turn
|-damage|p1a: Gholdengo|88/100|[from] Stealth Rock
|-item|p1a: Gholdengo|Air Balloon
|move|p2a: Basculegion|Phantom Force||[still]
|-prepare|p2a: Basculegion|Phantom Force
|
|turn|22
|
|-terastallize|p1a: Gholdengo|Ground
|move|p1a: Gholdengo|Thunder Wave|p2a: Basculegion|[miss]
|-miss|p1a: Gholdengo|p2a: Basculegion
|move|p2a: Basculegion|Phantom Force|p1a: Gholdengo|[from]lockedmove
|-damage|p1a: Gholdengo|44/100
|-enditem|p1a: Gholdengo|Air Balloon
|
|turn|23
|
|switch|p2a: Great Tusk|Great Tusk|56/100
|move|p1a: Gholdengo|Thunder Wave|p2a: Great Tusk
|-immune|p2a: Great Tusk
|
|turn|24
|
|move|p2a: Great Tusk|Headlong Rush|p1a: Gholdengo
|-damage|p1a: Gholdengo|5/100
|-unboost|p2a: Great Tusk|def|1
|-unboost|p2a: Great Tusk|spd|1
|move|p1a: Gholdengo|Recover|p1a: Gholdengo
|-heal|p1a: Gholdengo|55/100
|
|turn|25
|
|move|p2a: Great Tusk|Close Combat|p1a: Gholdengo
|-damage|p1a: Gholdengo|10/100
|-unboost|p2a: Great Tusk|def|1
|-unboost|p2a: Great Tusk|spd|1
|move|p1a: Gholdengo|Recover|p1a: Gholdengo
|-heal|p1a: Gholdengo|60/100
|
|turn|26
|
|-end|p2a: Great Tusk|Protosynthesis|[silent]
|switch|p2a: Basculegion|Basculegion, M|88/100
|switch|p1a: Landorus|Landorus-Therian, M|52/100
|-damage|p1a: Landorus|40/100|[from] Stealth Rock
|-ability|p1a: Landorus|Intimidate|boost
|-unboost|p2a: Basculegion|atk|1
|
|turn|27
|
|move|p1a: Landorus|U-turn|p2a: Basculegion
|-resisted|p2a: Basculegion
|-damage|p2a: Basculegion|75/100
|
|switch|p1a: Volcarona|Volcarona, F|100/100|[from] U-turn
|move|p2a: Basculegion|Wave Crash|p1a: Volcarona
|-supereffective|p1a: Volcarona
|-damage|p1a: Volcarona|0 fnt
|faint|p1a: Volcarona
|-damage|p2a: Basculegion|47/100|[from] Recoil
|
|
|switch|p1a: Gholdengo|Gholdengo, tera:Ground|60/100
|-damage|p1a: Gholdengo|48/100|[from] Spikes
|-damage|p1a: Gholdengo|42/100|[from] Stealth Rock
|turn|28
|
|move|p1a: Gholdengo|Thunder Wave|p2a: Basculegion
|-status|p2a: Basculegion|par
|move|p2a: Basculegion|Wave Crash|p1a: Gholdengo
|-supereffective|p1a: Gholdengo
|-damage|p1a: Gholdengo|0 fnt
|faint|p1a: Gholdengo
|-damage|p2a: Basculegion|36/100 par|[from] Recoil
|
|
|switch|p1a: Urshifu|Urshifu-Rapid-Strike, F|25/100
|-damage|p1a: Urshifu|12/100|[from] Spikes
|-damage|p1a: Urshifu|6/100|[from] Stealth Rock
|turn|29
|
|move|p1a: Urshifu|Surging Strikes|p2a: Basculegion
|-resisted|p2a: Basculegion
|-crit|p2a: Basculegion
|-damage|p2a: Basculegion|17/100 par
|-resisted|p2a: Basculegion
|-crit|p2a: Basculegion
|-damage|p2a: Basculegion|0 fnt
|faint|p2a: Basculegion
|-hitcount|p2: Basculegion|2
|
|
|switch|p2a: Great Tusk|Great Tusk|56/100
|turn|30
|
|-terastallize|p2a: Great Tusk|Steel
|move|p1a: Urshifu|Surging Strikes|p2a: Great Tusk
|-crit|p2a: Great Tusk
|-damage|p2a: Great Tusk|35/100
|-crit|p2a: Great Tusk
|-damage|p2a: Great Tusk|12/100
|-crit|p2a: Great Tusk
|-damage|p2a: Great Tusk|0 fnt
|faint|p2a: Great Tusk
|-end|p2a: Great Tusk|Protosynthesis|[silent]
|-hitcount|p2: Great Tusk|3
|
|win|p1
