|poke|p1|Hydreigon, F|
|poke|p1|Overqwil, M|
|poke|p1|Great Tusk|
|poke|p1|Slowking, F|
|poke|p1|Gholdengo|
|poke|p1|Zapdos|
|poke|p2|Pelipper, M|
|poke|p2|Ditto|
|poke|p2|Breloom, M|
|poke|p2|Kingambit, M|
|poke|p2|Basculegion, M|
|poke|p2|Overqwil, F|
|teampreview
|
|start
|switch|p1a: Gholdengo|Gholdengo|100/100
|switch|p2a: Ditto|Ditto|100/100
|-transform|p2a: Ditto|p1a: Gholdengo|[from] ability: Imposter
|-item|p1a: Gholdengo|Air Balloon
|turn|1
|
|switch|p1a: Overqwil|Overqwil, M|100/100
|-ability|p1a: Overqwil|Intimidate|boost
|-unboost|p2a: Ditto|atk|1
|move|p2a: Ditto|Shadow Ball|p1a: Overqwil
|-resisted|p1a: Overqwil
|-damage|p1a: Overqwil|78/100
|
|-heal|p1a: Overqwil|84/100|[from] item: Leftovers
|turn|2
|
|switch|p2a: Pelipper|Pelipper, M|100/100
|-weather|RainDance|[from] ability: Drizzle|[of] p2a: Pelipper
|move|p1a: Overqwil|Spikes|p2a: Pelipper
|-sidestart|p2: G-Recike|Spikes
|
|-weather|RainDance|[upkeep]
|-heal|p1a: Overqwil|90/100|[from] item: Leftovers
|turn|3
|
|move|p1a: Overqwil|Taunt|p2a: Pelipper
|-start|p2a: Pelipper|move: Taunt
|move|p2a: Pelipper|U-turn|p1a: Overqwil
|-damage|p1a: Overqwil|83/100
|
|switch|p2a: Ditto|Ditto|100/100|[from] U-turn
|-damage|p2a: Ditto|88/100|[from] Spikes
|-transform|p2a: Ditto|p1a: Overqwil|[from] ability: Imposter
|-ability|p2a: Ditto|Intimidate|boost
|-unboost|p1a: Overqwil|atk|1
|
|-weather|RainDance|[upkeep]
|-heal|p1a: Overqwil|90/100|[from] item: Leftovers
|turn|4
|
|switch|p1a: Great Tusk|Great Tusk|100/100
|-enditem|p1a: Great Tusk|Booster Energy
|-activate|p1a: Great Tusk|ability: Protosynthesis|[fromitem]
|-start|p1a: Great Tusk|protosynthesisspe
|move|p2a: Ditto|Taunt|p1a: Great Tusk
|-start|p1a: Great Tusk|move: Taunt
|
|-weather|RainDance|[upkeep]
|turn|5
|
|switch|p2a: Pelipper|Pelipper, M|100/100
|move|p1a: Great Tusk|Knock Off|p2a: Pelipper
|-damage|p2a: Pelipper|78/100
|-enditem|p2a: Pelipper|Damp Rock|[from] move: Knock Off|[of] p1a: Great Tusk
|
|-weather|RainDance|[upkeep]
|turn|6
|
|-end|p1a: Great Tusk|Protosynthesis|[silent]
|switch|p1a: Slowking|Slowking, F|100/100
|move|p2a: Pelipper|Hurricane|p1a: Slowking
|-damage|p1a: Slowking|80/100
|
|-weather|RainDance|[upkeep]
|turn|7
|
|move|p2a: Pelipper|U-turn|p1a: Slowking
|-supereffective|p1a: Slowking
|-damage|p1a: Slowking|63/100
|
|switch|p2a: Overqwil|Overqwil, F|100/100|[from] U-turn
|-damage|p2a: Overqwil|88/100|[from] Spikes
|move|p1a: Slowking|Chilly Reception|p1a: Slowking
|-weather|Snow
|
|switch|p1a: Great Tusk|Great Tusk|100/100|[from] Chilly Reception
|
|-weather|Snow|[upkeep]
|-heal|p2a: Overqwil|94/100|[from] item: Black Sludge
|turn|8
|
|switch|p2a: Pelipper|Pelipper, M|78/100
|-weather|RainDance|[from] ability: Drizzle|[of] p2a: Pelipper
|move|p1a: Great Tusk|Stealth Rock|p2a: Pelipper
|-sidestart|p2: G-Recike|move: Stealth Rock
|
|-weather|RainDance|[upkeep]
|turn|9
|
|-end|p1a: Great Tusk|Protosynthesis|[silent]
|switch|p1a: Slowking|Slowking, F|96/100
|move|p2a: Pelipper|U-turn|p1a: Slowking
|-supereffective|p1a: Slowking
|-damage|p1a: Slowking|78/100
|
|switch|p2a: Breloom|Breloom, M|100/100|[from] U-turn
|-damage|p2a: Breloom|88/100|[from] Spikes
|-damage|p2a: Breloom|82/100|[from] Stealth Rock
|
|-weather|RainDance|[upkeep]
|turn|10
|
|switch|p1a: Zapdos|Zapdos|100/100
|move|p2a: Breloom|Swords Dance|p2a: Breloom
|-boost|p2a: Breloom|atk|2
|
|-weather|RainDance|[upkeep]
|turn|11
|
|move|p2a: Breloom|Spore|p1a: Zapdos
|-status|p1a: Zapdos|slp|[from] move: Spore
|cant|p1a: Zapdos|slp
|
|-weather|RainDance|[upkeep]
|turn|12
|
|move|p2a: Breloom|Swords Dance|p2a: Breloom
|-boost|p2a: Breloom|atk|2
|-curestatus|p1a: Zapdos|slp|[msg]
|move|p1a: Zapdos|Heat Wave|p2a: Breloom
|-supereffective|p2a: Breloom
|-damage|p2a: Breloom|15/100
|
|-weather|none
|turn|13
|
|move|p2a: Breloom|Spore|p1a: Zapdos
|-status|p1a: Zapdos|slp|[from] move: Spore
|cant|p1a: Zapdos|slp
|
|turn|14
|
|move|p2a: Breloom|Bullet Seed|p1a: Zapdos
|-resisted|p1a: Zapdos
|-damage|p1a: Zapdos|72/100 slp
|-resisted|p1a: Zapdos
|-damage|p1a: Zapdos|42/100 slp
|-hitcount|p1a: Zapdos|2
|cant|p1a: Zapdos|slp
|
|turn|15
|
|move|p2a: Breloom|Bullet Seed|p1a: Zapdos
|-resisted|p1a: Zapdos
|-damage|p1a: Zapdos|12/100 slp
|-resisted|p1a: Zapdos
|-damage|p1a: Zapdos|0 fnt
|faint|p1a: Zapdos
|-hitcount|p1: Zapdos|2
|
|
|switch|p1a: Gholdengo|Gholdengo|100/100
|-item|p1a: Gholdengo|Air Balloon
|turn|16
|
|move|p1a: Gholdengo|Shadow Ball|p2a: Breloom
|-damage|p2a: Breloom|0 fnt
|faint|p2a: Breloom
|
|
|switch|p2a: Ditto|Ditto|88/100
|-damage|p2a: Ditto|76/100|[from] Spikes
|-damage|p2a: Ditto|63/100|[from] Stealth Rock
|-transform|p2a: Ditto|p1a: Gholdengo|[from] ability: Imposter
|turn|17
|-message|G-Recike forfeited.
|
|win|BlobfishNugget21
