|poke|p1|Enamorus, F|
|poke|p1|Zamazenta-*|
|poke|p1|Azumarill, F|
|poke|p1|Glimmora, F|
|poke|p1|Dragapult, M|
|poke|p1|Kingambit, F|
|poke|p2|Chien-Pao|
|poke|p2|Enamorus-Therian, F|
|poke|p2|Landorus-Therian, M|
|poke|p2|Glastrier|
|poke|p2|Lilligant-Hisui, F|
|poke|p2|Samurott-Hisui, F|
|teampreview
|
|start
|switch|p1a: Glimmora|Glimmora, F|100/100
|switch|p2a: emiou-ground|Landorus-Therian, M, shiny|100/100
|-ability|p2a: emiou-ground|Intimidate|boost
|-unboost|p1a: Glimmora|atk|1
|turn|1
|
|move|p2a: emiou-ground|Nasty Plot|p2a: emiou-ground
|-boost|p2a: emiou-ground|spa|2
|move|p1a: Glimmora|Stealth Rock|p2a: emiou-ground
|-sidestart|p2: p2|move: Stealth Rock
|
|turn|2
|
|move|p2a: emiou-ground|Sandsear Storm|p1a: Glimmora
|-supereffective|p1a: Glimmora
|-enditem|p1a: Glimmora|Focus Sash
|-damage|p1a: Glimmora|1/100
|-damage|p2a: emiou-ground|91/100|[from] item: Life Orb
|move|p1a: Glimmora|Mortal Spin|p2a: emiou-ground
|-resisted|p2a: emiou-ground
|-damage|p2a: emiou-ground|88/100
|-status|p2a: emiou-ground|psn
|
|-damage|p2a: emiou-ground|76/100 psn|[from] psn
|turn|3
|
|switch|p1a: Enamorus|Enamorus, F|100/100
|move|p2a: emiou-ground|Sludge Bomb|p1a: Enamorus
|-supereffective|p1a: Enamorus
|-damage|p1a: Enamorus|0 fnt
|faint|p1a: Enamorus
|-damage|p2a: emiou-ground|66/100 psn|[from] item: Life Orb
|
|-damage|p2a: emiou-ground|54/100 psn|[from] psn
|
|switch|p1a: Azumarill|Azumarill, F|100/100
|turn|4
|
|move|p1a: Azumarill|Aqua Jet|p2a: emiou-ground
|-supereffective|p2a: emiou-ground
|-damage|p2a: emiou-ground|0 fnt
|faint|p2a: emiou-ground
|
|
|switch|p2a: Lilligant|Lilligant-Hisui, F, shiny|100/100
|-damage|p2a: Lilligant|94/100|[from] Stealth Rock
|turn|5
|
|switch|p1a: Dragapult|Dragapult, M|100/100
|move|p2a: Lilligant|Victory Dance|p2a: Lilligant
|-boost|p2a: Lilligant|atk|1
|-boost|p2a: Lilligant|def|1
|-boost|p2a: Lilligant|spe|1
|
|turn|6
|
|-terastallize|p2a: Lilligant|Ghost
|move|p2a: Lilligant|Tera Blast|p1a: Dragapult
|-supereffective|p1a: Dragapult
|-damage|p1a: Dragapult|0 fnt
|faint|p1a: Dragapult
|
|-message|p1 forfeited.
|
|win|p2
