# advantage = p2
|poke|p1|Dragonite, M|
|poke|p1|Garchomp, F|
|poke|p1|Kingambit, F|
|poke|p1|Iron Moth|
|poke|p1|Gholdengo|
|poke|p1|Walking Wake|
|poke|p2|Ursaluna, M|
|poke|p2|Goodra-Hisui, F|
|poke|p2|Garganacl, M|
|poke|p2|Slither Wing|
|poke|p2|Cresselia, F|
|poke|p2|Forretress, F|
|teampreview
|
|start
|switch|p1a: Garchomp|Garchomp, F|100/100
|switch|p2a: Selina 🌙|Cresselia, F, shiny|100/100
|turn|1
|
|move|p1a: Garchomp|Stealth Rock|p2a: Selina 🌙
|-sidestart|p2: p2|move: Stealth Rock
|move|p2a: Selina 🌙|Future Sight|p1a: Garchomp
|-start|p2a: Selina 🌙|move: Future Sight
|
|turn|2
|
|move|p1a: Garchomp|Spikes|p2a: Selina 🌙
|-sidestart|p2: p2|Spikes
|move|p2a: Selina 🌙|Trick Room|p2a: Selina 🌙
|-fieldstart|move: Trick Room|[of] p2a: Selina 🌙
|
|turn|3
|
|move|p2a: Selina 🌙|Moonlight|p2a: Selina 🌙
|-fail|p2a: Selina 🌙|heal
|move|p1a: Garchomp|Spikes|p2a: Selina 🌙
|-sidestart|p2: p2|Spikes
|
|-end|p1a: Garchomp|move: Future Sight
|-damage|p1a: Garchomp|63/100
|turn|4
|
|switch|p2a: Forretress|Forretress, F|100/100
|-damage|p2a: Forretress|88/100|[from] Stealth Rock
|-damage|p2a: Forretress|71/100|[from] Spikes
|move|p1a: Garchomp|Spikes|p2a: Forretress
|-sidestart|p2: p2|Spikes
|
|turn|5
|
|move|p2a: Forretress|Light Screen|p2a: Forretress
|-sidestart|p2: p2|move: Light Screen
|move|p1a: Garchomp|Dragon Tail|p2a: Forretress
|-resisted|p2a: Forretress
|-damage|p2a: Forretress|63/100
|drag|p2a: Wojbomb 📠|Garganacl, M|100/100
|-damage|p2a: Wojbomb 📠|88/100|[from] Stealth Rock
|-damage|p2a: Wojbomb 📠|63/100|[from] Spikes
|
|-heal|p2a: Wojbomb 📠|69/100|[from] item: Leftovers
|turn|6
|
|switch|p2a: Selina 🌙|Cresselia, F, shiny|100/100
|-damage|p2a: Selina 🌙|88/100|[from] Stealth Rock
|move|p1a: Garchomp|Earthquake|p2a: Selina 🌙
|-immune|p2a: Selina 🌙|[from] ability: Levitate
|
|-fieldend|move: Trick Room
|turn|7
|
|switch|p1a: Kingambit|Kingambit, F|100/100
|move|p2a: Selina 🌙|Future Sight|p1a: Kingambit
|-start|p2a: Selina 🌙|move: Future Sight
|
|turn|8
|
|switch|p2a: Forretress|Forretress, F|63/100
|-damage|p2a: Forretress|51/100|[from] Stealth Rock
|-damage|p2a: Forretress|26/100|[from] Spikes
|move|p1a: Kingambit|Swords Dance|p1a: Kingambit
|-boost|p1a: Kingambit|atk|2
|
|turn|9
|
|move|p1a: Kingambit|Kowtow Cleave|p2a: Forretress
|-damage|p2a: Forretress|0 fnt
|faint|p2a: Forretress
|
|-end|p1a: Kingambit|move: Future Sight
|-immune|p1a: Kingambit
|
|switch|p2a: Grub 🐛|Slither Wing|100/100
|-damage|p2a: Grub 🐛|88/100|[from] Stealth Rock
|-damage|p2a: Grub 🐛|63/100|[from] Spikes
|-enditem|p2a: Grub 🐛|Booster Energy
|-activate|p2a: Grub 🐛|ability: Protosynthesis|[fromitem]
|-start|p2a: Grub 🐛|protosynthesisatk
|turn|10
|
|move|p1a: Kingambit|Sucker Punch||[still]
|-fail|p1a: Kingambit
|move|p2a: Grub 🐛|Will-O-Wisp|p1a: Kingambit
|-status|p1a: Kingambit|brn
|
|-damage|p1a: Kingambit|94/100 brn|[from] brn
|turn|11
|
|-end|p1a: Kingambit|fallenundefined|[silent]
|switch|p1a: Garchomp|Garchomp, F|63/100
|move|p2a: Grub 🐛|Close Combat|p1a: Garchomp
|-damage|p1a: Garchomp|0 fnt
|-unboost|p2a: Grub 🐛|def|1
|-unboost|p2a: Grub 🐛|spd|1
|-damage|p2a: Grub 🐛|51/100|[from] ability: Rough Skin|[of] p1a: Garchomp
|faint|p1a: Garchomp
|
|
|switch|p1a: Iron Moth|Iron Moth|100/100
|-enditem|p1a: Iron Moth|Booster Energy
|-activate|p1a: Iron Moth|ability: Quark Drive|[fromitem]
|-start|p1a: Iron Moth|quarkdrivespe
|turn|12
|
|-end|p2a: Grub 🐛|Protosynthesis|[silent]
|switch|p2a: Dragmag 🐚|Goodra-Hisui, F|100/100
|-damage|p2a: Dragmag 🐚|94/100|[from] Stealth Rock
|-damage|p2a: Dragmag 🐚|69/100|[from] Spikes
|move|p1a: Iron Moth|Fiery Dance|p2a: Dragmag 🐚
|-damage|p2a: Dragmag 🐚|58/100
|-boost|p1a: Iron Moth|spa|1
|
|-heal|p2a: Dragmag 🐚|64/100|[from] item: Leftovers
|-sideend|p2: p2|move: Light Screen
|turn|13
|
|-end|p1a: Iron Moth|Quark Drive|[silent]
|switch|p1a: Kingambit|Kingambit, F|94/100 brn
|-activate|p1a: Kingambit|ability: Supreme Overlord
|-start|p1a: Kingambit|fallen1|[silent]
|-terastallize|p2a: Dragmag 🐚|Water
|move|p2a: Dragmag 🐚|Acid Armor|p2a: Dragmag 🐚
|-boost|p2a: Dragmag 🐚|def|2
|
|-heal|p1a: Kingambit|100/100 brn|[from] item: Leftovers
|-heal|p2a: Dragmag 🐚|70/100|[from] item: Leftovers
|-damage|p1a: Kingambit|94/100 brn|[from] brn
|turn|14
|
|move|p1a: Kingambit|Swords Dance|p1a: Kingambit
|-boost|p1a: Kingambit|atk|2
|move|p2a: Dragmag 🐚|Body Press|p1a: Kingambit
|-supereffective|p1a: Kingambit
|-damage|p1a: Kingambit|0 fnt
|faint|p1a: Kingambit
|-end|p1a: Kingambit|fallen1|[silent]
|
|-heal|p2a: Dragmag 🐚|76/100|[from] item: Leftovers
|
|switch|p1a: Dragonite|Dragonite, M|100/100
|turn|15
|
|move|p1a: Dragonite|Dragon Dance|p1a: Dragonite
|-boost|p1a: Dragonite|atk|1
|-boost|p1a: Dragonite|spe|1
|move|p2a: Dragmag 🐚|Acid Armor|p2a: Dragmag 🐚
|-boost|p2a: Dragmag 🐚|def|2
|
|-heal|p2a: Dragmag 🐚|83/100|[from] item: Leftovers
|turn|16

|
|move|p1a: Dragonite|Dragon Dance|p1a: Dragonite
|-boost|p1a: Dragonite|atk|1
|-boost|p1a: Dragonite|spe|1
|move|p2a: Dragmag 🐚|Acid Armor|p2a: Dragmag 🐚
|-boost|p2a: Dragmag 🐚|def|2
|
|-heal|p2a: Dragmag 🐚|89/100|[from] item: Leftovers
|turn|17
|
|move|p1a: Dragonite|Dragon Dance|p1a: Dragonite
|-boost|p1a: Dragonite|atk|1
|-boost|p1a: Dragonite|spe|1
|move|p2a: Dragmag 🐚|Body Press|p1a: Dragonite
|-resisted|p1a: Dragonite
|-damage|p1a: Dragonite|78/100
|
|-heal|p2a: Dragmag 🐚|95/100|[from] item: Leftovers
|turn|18
|
|move|p1a: Dragonite|Dragon Dance|p1a: Dragonite
|-boost|p1a: Dragonite|atk|1
|-boost|p1a: Dragonite|spe|1
|move|p2a: Dragmag 🐚|Body Press|p1a: Dragonite
|-resisted|p1a: Dragonite
|-damage|p1a: Dragonite|26/100
|
|-heal|p2a: Dragmag 🐚|100/100|[from] item: Leftovers
|turn|19
|
|-terastallize|p1a: Dragonite|Normal
|move|p1a: Dragonite|Extreme Speed|p2a: Dragmag 🐚
|-damage|p2a: Dragmag 🐚|73/100
|move|p2a: Dragmag 🐚|Body Press|p1a: Dragonite
|-supereffective|p1a: Dragonite
|-damage|p1a: Dragonite|0 fnt
|faint|p1a: Dragonite
|
|-heal|p2a: Dragmag 🐚|79/100|[from] item: Leftovers
|
|switch|p1a: Gholdengo|Gholdengo|100/100
|turn|20
|
|move|p1a: Gholdengo|Nasty Plot|p1a: Gholdengo
|-boost|p1a: Gholdengo|spa|2
|move|p2a: Dragmag 🐚|Flamethrower|p1a: Gholdengo
|-supereffective|p1a: Gholdengo
|-damage|p1a: Gholdengo|49/100
|
|-heal|p2a: Dragmag 🐚|85/100|[from] item: Leftovers
|turn|21
|
|move|p1a: Gholdengo|Shadow Ball|p2a: Dragmag 🐚
|-damage|p2a: Dragmag 🐚|39/100
|move|p2a: Dragmag 🐚|Flamethrower|p1a: Gholdengo
|-supereffective|p1a: Gholdengo
|-damage|p1a: Gholdengo|0 fnt
|faint|p1a: Gholdengo
|
|-heal|p2a: Dragmag 🐚|45/100|[from] item: Leftovers
|
|switch|p1a: Walking Wake|Walking Wake|100/100
|-enditem|p1a: Walking Wake|Booster Energy
|-activate|p1a: Walking Wake|ability: Protosynthesis|[fromitem]
|-start|p1a: Walking Wake|protosynthesisspa
|turn|22
|
|move|p1a: Walking Wake|Dragon Pulse|p2a: Dragmag 🐚
|-damage|p2a: Dragmag 🐚|6/100
|move|p2a: Dragmag 🐚|Life Dew|p2a: Dragmag 🐚
|-heal|p2a: Dragmag 🐚|31/100
|
|-heal|p2a: Dragmag 🐚|38/100|[from] item: Leftovers
|turn|23
|
|move|p1a: Walking Wake|Dragon Pulse|p2a: Dragmag 🐚
|-damage|p2a: Dragmag 🐚|0 fnt
|faint|p2a: Dragmag 🐚
|
|
|switch|p2a: Kim Joe Un ⛰️|Ursaluna, M, shiny|100/100
|-damage|p2a: Kim Joe Un ⛰️|94/100|[from] Stealth Rock
|-damage|p2a: Kim Joe Un ⛰️|69/100|[from] Spikes
|turn|24
|
|move|p1a: Walking Wake|Hydro Pump|p2a: Kim Joe Un ⛰️|[miss]
|-miss|p1a: Walking Wake|p2a: Kim Joe Un ⛰️
|move|p2a: Kim Joe Un ⛰️|Play Rough|p1a: Walking Wake
|-supereffective|p1a: Walking Wake
|-damage|p1a: Walking Wake|35/100
|
|-status|p2a: Kim Joe Un ⛰️|brn|[from] item: Flame Orb
|turn|25
|
|move|p1a: Walking Wake|Hydro Pump|p2a: Kim Joe Un ⛰️
|-supereffective|p2a: Kim Joe Un ⛰️
|-damage|p2a: Kim Joe Un ⛰️|0 fnt
|faint|p2a: Kim Joe Un ⛰️
|
|
|switch|p2a: Grub 🐛|Slither Wing|51/100
|-damage|p2a: Grub 🐛|38/100|[from] Stealth Rock
|-damage|p2a: Grub 🐛|13/100|[from] Spikes
|turn|26
|
|move|p2a: Grub 🐛|First Impression|p1a: Walking Wake
|-damage|p1a: Walking Wake|0 fnt
|faint|p1a: Walking Wake
|-end|p1a: Walking Wake|Protosynthesis|[silent]
|
|
|switch|p1a: Iron Moth|Iron Moth|100/100
|turn|27
|
|move|p1a: Iron Moth|Sludge Wave|p2a: Grub 🐛
|-damage|p2a: Grub 🐛|0 fnt
|faint|p2a: Grub 🐛
|-end|p2a: Grub 🐛|Protosynthesis|[silent]
|
|
|switch|p2a: Wojbomb 📠|Garganacl, M|69/100
|-damage|p2a: Wojbomb 📠|57/100|[from] Stealth Rock
|-damage|p2a: Wojbomb 📠|32/100|[from] Spikes
|turn|28
|
|move|p1a: Iron Moth|Fiery Dance|p2a: Wojbomb 📠
|-resisted|p2a: Wojbomb 📠
|-damage|p2a: Wojbomb 📠|18/100
|move|p2a: Wojbomb 📠|Earthquake|p1a: Iron Moth
|-supereffective|p1a: Iron Moth
|-damage|p1a: Iron Moth|0 fnt
|faint|p1a: Iron Moth
|-end|p1a: Iron Moth|Quark Drive|[silent]
|
|win|p2
