# advantage = p1
|poke|p1|Chien-Pao|
|poke|p1|Torkoal, M|
|poke|p1|Walking Wake|
|poke|p1|Great Tusk|
|poke|p1|Gholdengo|
|poke|p1|Ursaluna, M|
|poke|p2|Pelipper, F|
|poke|p2|Urshifu-*, M|
|poke|p2|Tornadus, M|
|poke|p2|Greninja, F|
|poke|p2|Basculegion, M|
|poke|p2|Quaquaval, F|
|teampreview
|
|start
|switch|p1a: Sun Only|Torkoal, M|100/100
|switch|p2a: Basculegion|Basculegion, M|100/100
|-weather|SunnyDay|[from] ability: Drought|[of] p1a: Sun Only
|turn|1
|
|move|p2a: Basculegion|Wave Crash|p1a: Sun Only
|-supereffective|p1a: Sun Only
|-damage|p1a: Sun Only|56/100
|-damage|p2a: Basculegion|87/100|[from] Recoil
|move|p1a: Sun Only|Stealth Rock|p2a: Basculegion
|-sidestart|p2: p2|move: Stealth Rock
|
|-weather|SunnyDay|[upkeep]
|turn|2
|
|switch|p1a: Spam Water Move|Walking Wake|100/100
|-activate|p1a: Spam Water Move|ability: Protosynthesis
|-start|p1a: Spam Water Move|protosynthesisspe
|move|p2a: Basculegion|Wave Crash|p1a: Spam Water Move
|-resisted|p1a: Spam Water Move
|-damage|p1a: Spam Water Move|90/100
|-damage|p2a: Basculegion|84/100|[from] Recoil
|
|-weather|SunnyDay|[upkeep]
|turn|3
|
|switch|p2a: Pelipper|Pelipper, F|100/100
|-damage|p2a: Pelipper|76/100|[from] Stealth Rock
|-weather|RainDance|[from] ability: Drizzle|[of] p2a: Pelipper
|-end|p1a: Spam Water Move|Protosynthesis
|move|p1a: Spam Water Move|Draco Meteor|p2a: Pelipper
|-damage|p2a: Pelipper|0 fnt
|-unboost|p1a: Spam Water Move|spa|2
|faint|p2a: Pelipper
|
|-weather|RainDance|[upkeep]
|
|switch|p2a: Quaquaval|Quaquaval, F|100/100
|-damage|p2a: Quaquaval|94/100|[from] Stealth Rock
|turn|4
|
|-end|p1a: Spam Water Move|Protosynthesis|[silent]
|switch|p1a: Sun Only|Torkoal, M|56/100
|-weather|SunnyDay|[from] ability: Drought|[of] p1a: Sun Only
|move|p2a: Quaquaval|Rapid Spin|p1a: Sun Only
|-damage|p1a: Sun Only|47/100
|-boost|p2a: Quaquaval|spe|1
|-sideend|p2: p2|Stealth Rock|[from] move: Rapid Spin|[of] p2a: Quaquaval
|
|-weather|SunnyDay|[upkeep]
|-heal|p2a: Quaquaval|100/100|[from] item: Leftovers
|turn|5
|
|move|p2a: Quaquaval|Bulk Up|p2a: Quaquaval
|-boost|p2a: Quaquaval|atk|1
|-boost|p2a: Quaquaval|def|1
|move|p1a: Sun Only|Stealth Rock|p2a: Quaquaval
|-sidestart|p2: p2|move: Stealth Rock
|
|-weather|SunnyDay|[upkeep]
|turn|6
|
|switch|p1a: Spam Water Move|Walking Wake|90/100
|-activate|p1a: Spam Water Move|ability: Protosynthesis
|-start|p1a: Spam Water Move|protosynthesisspe
|move|p2a: Quaquaval|Close Combat|p1a: Spam Water Move
|-damage|p1a: Spam Water Move|0 fnt
|-unboost|p2a: Quaquaval|def|1
|-unboost|p2a: Quaquaval|spd|1
|faint|p1a: Spam Water Move
|-end|p1a: Spam Water Move|Protosynthesis|[silent]
|-ability|p2a: Quaquaval|Moxie|boost
|-boost|p2a: Quaquaval|atk|1
|
|-weather|SunnyDay|[upkeep]
|
|switch|p1a: Gholdengo|Gholdengo|100/100
|turn|7
|
|-terastallize|p2a: Quaquaval|Water
|move|p2a: Quaquaval|Tera Blast|p1a: Gholdengo
|-damage|p1a: Gholdengo|40/100
|move|p1a: Gholdengo|Nasty Plot|p1a: Gholdengo
|-boost|p1a: Gholdengo|spa|2
|
|-weather|SunnyDay|[upkeep]
|turn|8
|
|move|p2a: Quaquaval|Tera Blast|p1a: Gholdengo
|-damage|p1a: Gholdengo|0 fnt
|faint|p1a: Gholdengo
|-ability|p2a: Quaquaval|Moxie|boost
|-boost|p2a: Quaquaval|atk|1
|
|-weather|SunnyDay|[upkeep]
|
|switch|p1a: AGAIN!!!|Chien-Pao|100/100
|-ability|p1a: AGAIN!!!|Sword of Ruin
|turn|9
|
|-terastallize|p1a: AGAIN!!!|Dark
|move|p2a: Quaquaval|Close Combat|p1a: AGAIN!!!
|-supereffective|p1a: AGAIN!!!
|-damage|p1a: AGAIN!!!|0 fnt
|-unboost|p2a: Quaquaval|def|1
|-unboost|p2a: Quaquaval|spd|1
|faint|p1a: AGAIN!!!
|-ability|p2a: Quaquaval|Moxie|boost
|-boost|p2a: Quaquaval|atk|1
|
|-weather|SunnyDay|[upkeep]
|-message|p1 forfeited.
|
|win|p2
