# advantage = p1
|poke|p1|Roaring Moon|
|poke|p1|Clodsire, M|
|poke|p1|Samurott-Hisui, F|
|poke|p1|Hatterene, F|
|poke|p1|Great Tusk|
|poke|p1|Volcanion|
|poke|p2|Meowscarada, M|
|poke|p2|Arboliva, F|
|poke|p2|Breloom, F|
|poke|p2|Toedscruel, F|
|poke|p2|Sawsbuck, F|
|poke|p2|Gogoat, M|
|teampreview
|
|start
|switch|p1a: Clodsire|Clodsire, M|100/100
|switch|p2a: Arboliva|Arboliva, F|100/100
|turn|1
|
|move|p2a: Arboliva|Reflect|p2a: Arboliva
|-sidestart|p2: p2|Reflect
|move|p1a: Clodsire|Toxic|p2a: Arboliva
|-status|p2a: Arboliva|tox
|
|-damage|p2a: Arboliva|94/100 tox|[from] psn
|turn|2
|
|move|p2a: Arboliva|Light Screen|p2a: Arboliva
|-sidestart|p2: p2|move: Light Screen
|move|p1a: Clodsire|Stealth Rock|p2a: Arboliva
|-sidestart|p2: p2|move: Stealth Rock
|
|-damage|p2a: Arboliva|82/100 tox|[from] psn
|turn|3
|
|move|p2a: Arboliva|Leech Seed|p1a: Clodsire
|-start|p1a: Clodsire|move: Leech Seed
|move|p1a: Clodsire|Toxic|p2a: Arboliva
|-fail|p2a: Arboliva|tox
|
|-damage|p1a: Clodsire|88/100|[from] Leech Seed|[of] p2a: Arboliva
|-heal|p2a: Arboliva|100/100 tox|[silent]
|-damage|p2a: Arboliva|82/100 tox|[from] psn
|turn|4
|
|switch|p1a: Hatterene|Hatterene, F|100/100
|move|p2a: Arboliva|Giga Drain|p1a: Hatterene
|-damage|p1a: Hatterene|63/100
|-heal|p2a: Arboliva|100/100 tox|[from] drain|[of] p1a: Hatterene
|
|-heal|p1a: Hatterene|69/100|[from] item: Leftovers
|-damage|p2a: Arboliva|76/100 tox|[from] psn
|turn|5
|
|switch|p2a: Maria Joana|Meowscarada, M|100/100
|-damage|p2a: Maria Joana|88/100|[from] Stealth Rock
|move|p1a: Hatterene|Calm Mind|p1a: Hatterene
|-boost|p1a: Hatterene|spa|1
|-boost|p1a: Hatterene|spd|1
|
|-heal|p1a: Hatterene|75/100|[from] item: Leftovers
|-sideend|p2: p2|Reflect
|turn|6
|
|move|p2a: Maria Joana|Flower Trick|p1a: Hatterene
|-start|p2a: Maria Joana|typechange|Grass|[from] ability: Protean
|-crit|p1a: Hatterene
|-damage|p1a: Hatterene|34/100
|move|p1a: Hatterene|Draining Kiss|p2a: Maria Joana
|-damage|p2a: Maria Joana|61/100
|-heal|p1a: Hatterene|52/100|[from] drain|[of] p2a: Maria Joana
|
|-heal|p1a: Hatterene|58/100|[from] item: Leftovers
|-sideend|p2: p2|move: Light Screen
|turn|7
|
|-terastallize|p1a: Hatterene|Fire
|move|p2a: Maria Joana|Shadow Claw|p1a: Hatterene
|-damage|p1a: Hatterene|39/100
|move|p1a: Hatterene|Mystical Fire|p2a: Maria Joana
|-supereffective|p2a: Maria Joana
|-damage|p2a: Maria Joana|0 fnt
|faint|p2a: Maria Joana
|
|-heal|p1a: Hatterene|45/100|[from] item: Leftovers
|
|switch|p2a: yany|Sawsbuck, F, shiny|100/100
|-damage|p2a: yany|88/100|[from] Stealth Rock
|turn|8
|
|-terastallize|p2a: yany|Water
|move|p2a: yany|Tera Blast|p1a: Hatterene
|-supereffective|p1a: Hatterene
|-damage|p1a: Hatterene|0 fnt
|faint|p1a: Hatterene
|-damage|p2a: yany|78/100|[from] item: Life Orb
|
|
|switch|p1a: Roaring Moon|Roaring Moon|100/100
|turn|9
|
|move|p1a: Roaring Moon|Focus Energy|p1a: Roaring Moon
|-start|p1a: Roaring Moon|move: Focus Energy
|move|p2a: yany|Play Rough|p1a: Roaring Moon
|-supereffective|p1a: Roaring Moon
|-damage|p1a: Roaring Moon|0 fnt
|faint|p1a: Roaring Moon
|-end|p1a: Roaring Moon|Protosynthesis|[silent]
|-damage|p2a: yany|68/100|[from] item: Life Orb
|
|
|switch|p1a: Volcanion|Volcanion|100/100
|turn|10
|
|switch|p1a: Samurott|Samurott-Hisui, F|100/100
|move|p2a: yany|Zen Headbutt|p1a: Samurott
|-immune|p1a: Samurott
|
|turn|11
|
|move|p1a: Samurott|Ceaseless Edge|p2a: yany
|-damage|p2a: yany|0 fnt
|-sidestart|p2: p2|Spikes
|faint|p2a: yany
|
|
|switch|p2a: toad|Breloom, F, shiny|100/100
|-damage|p2a: toad|94/100|[from] Stealth Rock
|-damage|p2a: toad|82/100|[from] Spikes
|turn|12
|
|switch|p1a: Clodsire|Clodsire, M|88/100
|move|p2a: toad|Force Palm|p1a: Clodsire
|-resisted|p1a: Clodsire
|-damage|p1a: Clodsire|54/100
|-damage|p2a: toad|72/100|[from] item: Life Orb
|
|-heal|p1a: Clodsire|60/100|[from] item: Leftovers
|turn|13
|
|move|p2a: toad|Bulldoze|p1a: Clodsire
|-supereffective|p1a: Clodsire
|-damage|p1a: Clodsire|0 fnt
|faint|p1a: Clodsire
|-damage|p2a: toad|62/100|[from] item: Life Orb
|
|
|switch|p1a: Volcanion|Volcanion|100/100
|turn|14
|
|move|p2a: toad|Bulldoze|p1a: Volcanion
|-supereffective|p1a: Volcanion
|-damage|p1a: Volcanion|8/100
|-unboost|p1a: Volcanion|spe|1
|-damage|p2a: toad|52/100|[from] item: Life Orb
|move|p1a: Volcanion|Flamethrower|p2a: toad
|-supereffective|p2a: toad
|-damage|p2a: toad|0 fnt
|faint|p2a: toad
|
|
|switch|p2a: dona aranha|Toedscruel, F|100/100
|-damage|p2a: dona aranha|94/100|[from] Stealth Rock
|-damage|p2a: dona aranha|82/100|[from] Spikes
|turn|15
|
|move|p2a: dona aranha|Foul Play|p1a: Volcanion
|-damage|p1a: Volcanion|0 fnt
|faint|p1a: Volcanion
|
|
|switch|p1a: Great Tusk|Great Tusk|100/100
|turn|16
|
|move|p1a: Great Tusk|Knock Off|p2a: dona aranha
|-damage|p2a: dona aranha|46/100
|-enditem|p2a: dona aranha|Quick Claw|[from] move: Knock Off|[of] p1a: Great Tusk
|move|p2a: dona aranha|Spore|p1a: Great Tusk
|-status|p1a: Great Tusk|slp|[from] move: Spore
|
|turn|17
|
|-end|p1a: Great Tusk|Protosynthesis|[silent]
|switch|p1a: Samurott|Samurott-Hisui, F|100/100
|move|p2a: dona aranha|Grassy Terrain|p2a: dona aranha
|-fieldstart|move: Grassy Terrain
|
|-heal|p2a: dona aranha|52/100|[from] Grassy Terrain
|turn|18
|
|move|p1a: Samurott|Sacred Sword|p2a: dona aranha
|-crit|p2a: dona aranha
|-damage|p2a: dona aranha|0 fnt
|faint|p2a: dona aranha
|
|
|switch|p2a: Arboliva|Arboliva, F|76/100 tox
|-damage|p2a: Arboliva|64/100 tox|[from] Stealth Rock
|-damage|p2a: Arboliva|52/100 tox|[from] Spikes
|turn|19
|
|move|p1a: Samurott|Sacred Sword|p2a: Arboliva
|-supereffective|p2a: Arboliva
|-damage|p2a: Arboliva|0 fnt
|faint|p2a: Arboliva
|
|
|switch|p2a: catito|Gogoat, M|100/100
|-damage|p2a: catito|88/100|[from] Stealth Rock
|-damage|p2a: catito|76/100|[from] Spikes
|turn|20
|
|move|p1a: Samurott|Sacred Sword|p2a: catito
|-damage|p2a: catito|56/100
|move|p2a: catito|Defense Curl|p2a: catito
|-boost|p2a: catito|def|1
|
|-heal|p2a: catito|62/100|[from] Grassy Terrain
|-heal|p2a: catito|68/100|[from] item: Leftovers
|turn|21
|
|move|p1a: Samurott|Sucker Punch||[still]
|-fail|p1a: Samurott
|move|p2a: catito|Defense Curl|p2a: catito
|-boost|p2a: catito|def|1
|
|-heal|p2a: catito|74/100|[from] Grassy Terrain
|-heal|p2a: catito|81/100|[from] item: Leftovers
|-fieldend|move: Grassy Terrain
|turn|22
|
|switch|p1a: Great Tusk|Great Tusk|100/100 slp
|move|p2a: catito|Grassy Terrain|p2a: catito
|-fieldstart|move: Grassy Terrain
|
|-heal|p2a: catito|87/100|[from] Grassy Terrain
|-heal|p2a: catito|93/100|[from] item: Leftovers
|turn|23
|
|cant|p1a: Great Tusk|slp
|move|p2a: catito|Defense Curl|p2a: catito
|-boost|p2a: catito|def|1
|
|-heal|p2a: catito|99/100|[from] Grassy Terrain
|-heal|p2a: catito|100/100|[from] item: Leftovers
|turn|24
|
|cant|p1a: Great Tusk|slp
|move|p2a: catito|Rollout|p1a: Great Tusk
|-resisted|p1a: Great Tusk
|-damage|p1a: Great Tusk|99/100 slp
|
|-heal|p1a: Great Tusk|100/100 slp|[from] Grassy Terrain
|turn|25
|
|-curestatus|p1a: Great Tusk|slp|[msg]
|move|p1a: Great Tusk|Knock Off|p2a: catito
|-damage|p2a: catito|95/100
|-enditem|p2a: catito|Leftovers|[from] move: Knock Off|[of] p1a: Great Tusk
|move|p2a: catito|Rollout|p1a: Great Tusk|[from]lockedmove
|-resisted|p1a: Great Tusk
|-damage|p1a: Great Tusk|98/100
|
|-heal|p1a: Great Tusk|100/100|[from] Grassy Terrain
|-heal|p2a: catito|100/100|[from] Grassy Terrain
|turn|26
|
|move|p1a: Great Tusk|Body Press|p2a: catito
|-damage|p2a: catito|91/100
|move|p2a: catito|Rollout|p1a: Great Tusk|[from]lockedmove
|-resisted|p1a: Great Tusk
|-crit|p1a: Great Tusk
|-damage|p1a: Great Tusk|91/100
|
|-heal|p1a: Great Tusk|97/100|[from] Grassy Terrain
|-heal|p2a: catito|97/100|[from] Grassy Terrain
|-fieldend|move: Grassy Terrain
|turn|27
|
|-end|p1a: Great Tusk|Protosynthesis|[silent]
|switch|p1a: Samurott|Samurott-Hisui, F|100/100
|move|p2a: catito|Rollout|p1a: Samurott|[from]lockedmove
|-damage|p1a: Samurott|0 fnt
|faint|p1a: Samurott
|
|
|switch|p1a: Great Tusk|Great Tusk|97/100
|turn|28
|
|move|p1a: Great Tusk|Rapid Spin|p2a: catito
|-damage|p2a: catito|93/100
|-boost|p1a: Great Tusk|spe|1
|move|p2a: catito|Rollout|p1a: Great Tusk|[from]lockedmove
|-resisted|p1a: Great Tusk
|-damage|p1a: Great Tusk|74/100
|
|turn|29
|
|move|p1a: Great Tusk|Rapid Spin|p2a: catito
|-damage|p2a: catito|89/100
|-boost|p1a: Great Tusk|spe|1
|move|p2a: catito|Rollout|p1a: Great Tusk
|-resisted|p1a: Great Tusk
|-damage|p1a: Great Tusk|72/100
|
|turn|30
|
|move|p1a: Great Tusk|Earthquake|p2a: catito
|-resisted|p2a: catito
|-damage|p2a: catito|83/100
|move|p2a: catito|Rollout|p1a: Great Tusk|[from]lockedmove
|-resisted|p1a: Great Tusk
|-damage|p1a: Great Tusk|68/100
|
|turn|31
|
|move|p1a: Great Tusk|Knock Off|p2a: catito
|-damage|p2a: catito|77/100
|move|p2a: catito|Rollout|p1a: Great Tusk|[from]lockedmove
|-resisted|p1a: Great Tusk
|-damage|p1a: Great Tusk|62/100
|
|turn|32
|
|move|p1a: Great Tusk|Knock Off|p2a: catito
|-damage|p2a: catito|72/100
|move|p2a: catito|Rollout|p1a: Great Tusk|[from]lockedmove
|-resisted|p1a: Great Tusk
|-damage|p1a: Great Tusk|48/100
|
|turn|33
|
|move|p1a: Great Tusk|Knock Off|p2a: catito
|-damage|p2a: catito|66/100
|move|p2a: catito|Rollout|p1a: Great Tusk|[from]lockedmove
|-resisted|p1a: Great Tusk
|-crit|p1a: Great Tusk
|-damage|p1a: Great Tusk|11/100
|
|turn|34
|
|move|p1a: Great Tusk|Knock Off|p2a: catito
|-damage|p2a: catito|60/100
|move|p2a: catito|Rollout|p1a: Great Tusk
|-resisted|p1a: Great Tusk
|-damage|p1a: Great Tusk|10/100
|
|turn|35
|
|move|p1a: Great Tusk|Rapid Spin|p2a: catito
|-damage|p2a: catito|56/100
|-boost|p1a: Great Tusk|spe|1
|move|p2a: catito|Rollout|p1a: Great Tusk|[from]lockedmove
|-resisted|p1a: Great Tusk
|-damage|p1a: Great Tusk|6/100
|
|turn|36
|
|move|p1a: Great Tusk|Body Press|p2a: catito
|-crit|p2a: catito
|-damage|p2a: catito|9/100
|move|p2a: catito|Rollout|p1a: Great Tusk|[from]lockedmove
|-resisted|p1a: Great Tusk
|-damage|p1a: Great Tusk|0 fnt
|faint|p1a: Great Tusk
|-end|p1a: Great Tusk|Protosynthesis|[silent]
|
|win|p2
