# advantage = p1
|poke|p1|Bisharp, M|
|poke|p1|Baxcalibur, M|
|poke|p1|Rotom-Wash|
|poke|p1|Zoroark-Hisui, F|
|poke|p1|Garchomp, M|
|poke|p1|Volcarona, F|
|poke|p2|Dragonite, F|
|poke|p2|Gholdengo|
|poke|p2|Volcarona, F|
|poke|p2|Sylveon, F|
|poke|p2|Glimmora, F|
|poke|p2|Meowscarada, M|
|teampreview
|
|start
|switch|p1a: Garchomp|Garchomp, M|100/100
|switch|p2a: Dragonite|Dragonite, F|100/100
|turn|1
|
|switch|p1a: Bisharp|Bisharp, M|100/100
|move|p2a: Dragonite|Earthquake|p1a: Bisharp
|-supereffective|p1a: Bisharp
|-damage|p1a: Bisharp|58/100
|
|turn|2
|
|-terastallize|p2a: Dragonite|Ice
|move|p1a: Bisharp|Thunder Wave|p2a: Dragonite
|-status|p2a: Dragonite|par
|move|p2a: Dragonite|Earthquake|p1a: Bisharp
|-supereffective|p1a: Bisharp
|-damage|p1a: Bisharp|11/100
|
|turn|3
|
|move|p2a: Dragonite|Extreme Speed|p1a: Bisharp
|-resisted|p1a: Bisharp
|-damage|p1a: Bisharp|3/100
|move|p1a: Bisharp|Iron Head|p2a: Dragonite
|-supereffective|p2a: Dragonite
|-damage|p2a: Dragonite|76/100 par
|
|turn|4
|
|move|p2a: Dragonite|Extreme Speed|p1a: Bisharp
|-resisted|p1a: Bisharp
|-damage|p1a: Bisharp|0 fnt
|faint|p1a: Bisharp
|
|
|switch|p1a: Floatstinger|Volcarona, F|100/100
|turn|5
|
|move|p1a: Floatstinger|Quiver Dance|p1a: Floatstinger
|-boost|p1a: Floatstinger|spa|1
|-boost|p1a: Floatstinger|spd|1
|-boost|p1a: Floatstinger|spe|1
|cant|p2a: Dragonite|par
|
|turn|6
|
|move|p1a: Floatstinger|Quiver Dance|p1a: Floatstinger
|-boost|p1a: Floatstinger|spa|1
|-boost|p1a: Floatstinger|spd|1
|-boost|p1a: Floatstinger|spe|1
|move|p2a: Dragonite|Earthquake|p1a: Floatstinger
|-damage|p1a: Floatstinger|62/100
|
|turn|7
|
|switch|p2a: Glimmora|Glimmora, F|100/100
|move|p1a: Floatstinger|Flamethrower|p2a: Glimmora
|-resisted|p2a: Glimmora
|-damage|p2a: Glimmora|46/100
|
|turn|8
|
|move|p1a: Floatstinger|Flamethrower|p2a: Glimmora
|-resisted|p2a: Glimmora
|-damage|p2a: Glimmora|0 fnt
|faint|p2a: Glimmora
|
|
|switch|p2a: Meowscarada|Meowscarada, M|100/100
|turn|9
|
|move|p2a: Meowscarada|Sucker Punch|p1a: Floatstinger
|-start|p2a: Meowscarada|typechange|Dark|[from] ability: Protean
|-damage|p1a: Floatstinger|20/100
|move|p1a: Floatstinger|Bug Buzz|p2a: Meowscarada
|-supereffective|p2a: Meowscarada
|-enditem|p2a: Meowscarada|Focus Sash
|-damage|p2a: Meowscarada|1/100
|
|turn|10
|
|switch|p1a: Baxcalibur|Baxcalibur, M|100/100
|move|p2a: Meowscarada|Sucker Punch||[still]
|-fail|p2a: Meowscarada
|
|turn|11
|
|switch|p2a: Gholdengo|Gholdengo|100/100
|move|p1a: Baxcalibur|Ice Shard|p2a: Gholdengo
|-resisted|p2a: Gholdengo
|-damage|p2a: Gholdengo|88/100
|
|turn|12
|
|-terastallize|p1a: Baxcalibur|Ground
|move|p2a: Gholdengo|Make It Rain|p1a: Baxcalibur
|-damage|p1a: Baxcalibur|37/100
|-unboost|p2a: Gholdengo|spa|1
|move|p1a: Baxcalibur|Earthquake|p2a: Gholdengo
|-supereffective|p2a: Gholdengo
|-damage|p2a: Gholdengo|0 fnt
|faint|p2a: Gholdengo
|
|
|switch|p2a: Dragonite|Dragonite, F, tera:Ice|76/100 par
|turn|13
|
|move|p2a: Dragonite|Extreme Speed|p1a: Baxcalibur
|-damage|p1a: Baxcalibur|9/100
|move|p1a: Baxcalibur|Earthquake|p2a: Dragonite
|-crit|p2a: Dragonite
|-damage|p2a: Dragonite|12/100 par
|
|turn|14
|
|cant|p2a: Dragonite|par
|move|p1a: Baxcalibur|Ice Shard|p2a: Dragonite
|-resisted|p2a: Dragonite
|-damage|p2a: Dragonite|3/100 par
|
|turn|15
|
|cant|p2a: Dragonite|par
|move|p1a: Baxcalibur|Ice Shard|p2a: Dragonite
|-resisted|p2a: Dragonite
|-damage|p2a: Dragonite|0 fnt
|faint|p2a: Dragonite
|
|
|switch|p2a: Meowscarada|Meowscarada, M|1/100
|turn|16
|
|move|p1a: Baxcalibur|Ice Shard|p2a: Meowscarada
|-supereffective|p2a: Meowscarada
|-damage|p2a: Meowscarada|0 fnt
|faint|p2a: Meowscarada
|
|
|switch|p2a: Volcarona|Volcarona, F, shiny|100/100
|turn|17
|
|move|p2a: Volcarona|Giga Drain|p1a: Baxcalibur
|-supereffective|p1a: Baxcalibur
|-damage|p1a: Baxcalibur|0 fnt
|faint|p1a: Baxcalibur
|
|
|switch|p1a: Garchomp|Garchomp, M|100/100
|turn|18
|
|switch|p2a: Sylveon|Sylveon, F, shiny|100/100
|move|p1a: Garchomp|Earthquake|p2a: Sylveon
|-damage|p2a: Sylveon|56/100
|
|-heal|p2a: Sylveon|62/100|[from] item: Leftovers
|turn|19
|
|move|p1a: Garchomp|Poison Jab|p2a: Sylveon
|-supereffective|p2a: Sylveon
|-damage|p2a: Sylveon|13/100
|move|p2a: Sylveon|Draining Kiss|p1a: Garchomp
|-supereffective|p1a: Garchomp
|-damage|p1a: Garchomp|71/100
|-heal|p2a: Sylveon|33/100|[from] drain|[of] p1a: Garchomp
|-damage|p2a: Sylveon|20/100|[from] ability: Rough Skin|[of] p1a: Garchomp
|
|-heal|p1a: Garchomp|78/100|[from] item: Leftovers
|-heal|p2a: Sylveon|26/100|[from] item: Leftovers
|turn|20
|
|move|p1a: Garchomp|Earthquake|p2a: Sylveon
|-damage|p2a: Sylveon|0 fnt
|faint|p2a: Sylveon
|
|-heal|p1a: Garchomp|84/100|[from] item: Leftovers
|
|switch|p2a: Volcarona|Volcarona, F, shiny|100/100
|turn|21
|
|move|p2a: Volcarona|Giga Drain|p1a: Garchomp
|-damage|p1a: Garchomp|63/100
|move|p1a: Garchomp|Earthquake|p2a: Volcarona
|-damage|p2a: Volcarona|30/100
|
|-heal|p2a: Volcarona|36/100|[from] item: Leftovers
|-heal|p1a: Garchomp|69/100|[from] item: Leftovers
|turn|22
|
|move|p2a: Volcarona|Giga Drain|p1a: Garchomp
|-damage|p1a: Garchomp|45/100
|-heal|p2a: Volcarona|50/100|[from] drain|[of] p1a: Garchomp
|move|p1a: Garchomp|Earthquake|p2a: Volcarona
|-damage|p2a: Volcarona|0 fnt
|faint|p2a: Volcarona
|
|win|p1
