# advantage = p1
|poke|p1|Skeledirge, M|
|poke|p1|Corviknight, M|
|poke|p1|Sneasler, F|
|poke|p1|Gholdengo|
|poke|p1|Gastrodon, M|
|poke|p1|Iron Treads|
|poke|p2|Braviary-Hisui, M|
|poke|p2|Gholdengo|
|poke|p2|Roaring Moon|
|poke|p2|Heatran, M|
|poke|p2|Iron Valiant|
|poke|p2|Great Tusk|
|teampreview
|
|start
|switch|p1a: Sneasler|Sneasler, F|100/100
|switch|p2a: Nosferatu Zodd|Roaring Moon|100/100
|turn|1
|
|-end|p2a: Nosferatu Zodd|Protosynthesis|[silent]
|switch|p2a: Tuskuthy the Great|Great Tusk|100/100
|move|p1a: Sneasler|Fake Out|p2a: Tuskuthy the Great
|-damage|p2a: Tuskuthy the Great|93/100
|-damage|p1a: Sneasler|84/100|[from] item: Rocky Helmet|[of] p2a: Tuskuthy the Great
|
|turn|2
|
|move|p1a: Sneasler|U-turn|p2a: Tuskuthy the Great
|-resisted|p2a: Tuskuthy the Great
|-damage|p2a: Tuskuthy the Great|87/100
|-damage|p1a: Sneasler|67/100|[from] item: Rocky Helmet|[of] p2a: Tuskuthy the Great
|
|switch|p1a: Corviknight|Corviknight, M|100/100|[from] U-turn
|move|p2a: Tuskuthy the Great|Knock Off|p1a: Corviknight
|-damage|p1a: Corviknight|84/100
|-damage|p2a: Tuskuthy the Great|71/100|[from] item: Rocky Helmet|[of] p1a: Corviknight
|-enditem|p1a: Corviknight|Rocky Helmet|[from] move: Knock Off|[of] p2a: Tuskuthy the Great
|
|turn|3
|
|-end|p2a: Tuskuthy the Great|Protosynthesis|[silent]
|switch|p2a: Akainu|Heatran, M, shiny|100/100
|move|p1a: Corviknight|U-turn|p2a: Akainu
|-resisted|p2a: Akainu
|-damage|p2a: Akainu|98/100
|
|switch|p1a: Gastrodon|Gastrodon, M|100/100|[from] U-turn
|
|-heal|p2a: Akainu|100/100|[from] item: Leftovers
|turn|4
|
|switch|p2a: Kageyama|Braviary-Hisui, M, shiny|100/100
|move|p1a: Gastrodon|Spikes|p2a: Kageyama
|-sidestart|p2: p2|Spikes
|
|turn|5
|
|move|p2a: Kageyama|Esper Wing|p1a: Gastrodon
|-crit|p1a: Gastrodon
|-damage|p1a: Gastrodon|58/100
|-boost|p2a: Kageyama|spe|1
|move|p1a: Gastrodon|Clear Smog|p2a: Kageyama
|-damage|p2a: Kageyama|87/100
|-clearboost|p2a: Kageyama
|
|-heal|p1a: Gastrodon|64/100|[from] item: Leftovers
|turn|6
|
|switch|p1a: Iron Treads|Iron Treads|100/100
|move|p2a: Kageyama|Esper Wing|p1a: Iron Treads
|-resisted|p1a: Iron Treads
|-damage|p1a: Iron Treads|46/100
|-boost|p2a: Kageyama|spe|1
|
|-heal|p1a: Iron Treads|52/100|[from] item: Leftovers
|turn|7
|
|move|p2a: Kageyama|Esper Wing|p1a: Iron Treads
|-resisted|p1a: Iron Treads
|-damage|p1a: Iron Treads|0 fnt
|-boost|p2a: Kageyama|spe|1
|faint|p1a: Iron Treads
|-end|p1a: Iron Treads|Quark Drive|[silent]
|
|
|switch|p1a: Skeledirge|Skeledirge, M|100/100
|turn|8
|
|move|p2a: Kageyama|Esper Wing|p1a: Skeledirge
|-damage|p1a: Skeledirge|33/100
|-boost|p2a: Kageyama|spe|1
|move|p1a: Skeledirge|Torch Song|p2a: Kageyama
|-damage|p2a: Kageyama|51/100
|-boost|p1a: Skeledirge|spa|1
|
|turn|9
|
|move|p2a: Kageyama|Esper Wing|p1a: Skeledirge
|-damage|p1a: Skeledirge|0 fnt
|-boost|p2a: Kageyama|spe|1
|faint|p1a: Skeledirge
|
|
|switch|p1a: Sneasler|Sneasler, F|67/100
|turn|10
|
|move|p1a: Sneasler|Fake Out|p2a: Kageyama
|-damage|p2a: Kageyama|35/100
|cant|p2a: Kageyama|flinch
|
|turn|11
|
|switch|p1a: Gastrodon|Gastrodon, M|64/100
|move|p2a: Kageyama|Esper Wing|p1a: Gastrodon
|-damage|p1a: Gastrodon|35/100
|-boost|p2a: Kageyama|spe|1
|
|-heal|p1a: Gastrodon|42/100|[from] item: Leftovers
|turn|12
|
|move|p2a: Kageyama|Esper Wing|p1a: Gastrodon
|-damage|p1a: Gastrodon|9/100
|-boost|p2a: Kageyama|spe|1
|move|p1a: Gastrodon|Clear Smog|p2a: Kageyama
|-damage|p2a: Kageyama|21/100
|-clearboost|p2a: Kageyama
|
|-heal|p1a: Gastrodon|15/100|[from] item: Leftovers
|turn|13
|
|move|p2a: Kageyama|Esper Wing|p1a: Gastrodon
|-damage|p1a: Gastrodon|0 fnt
|-boost|p2a: Kageyama|spe|1
|faint|p1a: Gastrodon
|
|
|switch|p1a: Sneasler|Sneasler, F|67/100
|turn|14
|
|switch|p2a: MakeItRainOnEmHoes|Gholdengo|100/100
|-item|p2a: MakeItRainOnEmHoes|Air Balloon
|move|p1a: Sneasler|Fake Out|p2a: MakeItRainOnEmHoes
|-immune|p2a: MakeItRainOnEmHoes
|
|turn|15
|
|move|p1a: Sneasler|U-turn|p2a: MakeItRainOnEmHoes
|-resisted|p2a: MakeItRainOnEmHoes
|-damage|p2a: MakeItRainOnEmHoes|95/100
|-enditem|p2a: MakeItRainOnEmHoes|Air Balloon
|
|switch|p1a: Corviknight|Corviknight, M|84/100|[from] U-turn
|move|p2a: MakeItRainOnEmHoes|Shadow Ball|p1a: Corviknight
|-damage|p1a: Corviknight|42/100
|
|turn|16
|-message|p1 forfeited.
|
|win|p2
