|poke|p1|Magearna|
|poke|p1|Lilligant-Hisui, F|
|poke|p1|Great Tusk|
|poke|p1|Goodra-Hisui, M|
|poke|p1|Rotom-Wash|
|poke|p1|Zapdos-Galar|
|poke|p2|Slowking, F|
|poke|p2|Iron Valiant|
|poke|p2|Landorus-Therian, M|
|poke|p2|Kingambit, M|
|poke|p2|Heatran, F|
|poke|p2|Sneasler, F|
|teampreview
|
|start
|switch|p1a: Zapdos|Zapdos-Galar|100/100
|switch|p2a: Iron Valiant|Iron Valiant|100/100
|turn|1
|
|move|p2a: Iron Valiant|Moonblast|p1a: Zapdos
|-supereffective|p1a: Zapdos
|-damage|p1a: Zapdos|0 fnt
|faint|p1a: Zapdos
|
|
|switch|p1a: Magearna|Magearna|100/100
|turn|2
|
|-end|p2a: Iron Valiant|Quark Drive|[silent]
|switch|p2a: Heatran|Heatran, F|100/100
|move|p1a: Magearna|Fleur Cannon|p2a: Heatran
|-resisted|p2a: Heatran
|-damage|p2a: Heatran|86/100
|-unboost|p1a: Magearna|spa|2
|-damage|p1a: Magearna|91/100|[from] item: Life Orb
|
|-heal|p2a: Heatran|92/100|[from] item: Leftovers
|turn|3
|
|switch|p1a: Great Tusk|Great Tusk|100/100
|move|p2a: Heatran|Magma Storm|p1a: Great Tusk
|-damage|p1a: Great Tusk|36/100
|-activate|p1a: Great Tusk|move: Magma Storm|[of] p2a: Heatran
|
|-heal|p1a: Great Tusk|42/100|[from] item: Leftovers
|-heal|p2a: Heatran|98/100|[from] item: Leftovers
|-damage|p1a: Great Tusk|29/100|[from] move: Magma Storm|[partiallytrapped]
|turn|4
|
|switch|p2a: Landorus|Landorus-Therian, M|100/100
|-ability|p2a: Landorus|Intimidate|boost
|-unboost|p1a: Great Tusk|atk|1
|move|p1a: Great Tusk|Knock Off|p2a: Landorus
|-damage|p2a: Landorus|73/100
|-enditem|p2a: Landorus|Heavy-Duty Boots|[from] move: Knock Off|[of] p1a: Great Tusk
|
|-heal|p1a: Great Tusk|36/100|[from] item: Leftovers
|-end|p1a: Great Tusk|Magma Storm|[partiallytrapped]|[silent]
|turn|5
|
|-end|p1a: Great Tusk|Protosynthesis|[silent]
|switch|p1a: Rotom|Rotom-Wash|100/100
|move|p2a: Landorus|Stealth Rock|p1a: Rotom
|-sidestart|p1: Zenith519|move: Stealth Rock
|
|turn|6
|
|switch|p2a: Slowking|Slowking, F|100/100
|move|p1a: Rotom|Hydro Pump|p2a: Slowking
|-resisted|p2a: Slowking
|-damage|p2a: Slowking|89/100
|
|turn|7
|
|switch|p1a: Great Tusk|Great Tusk|36/100
|-damage|p1a: Great Tusk|33/100|[from] Stealth Rock
|move|p2a: Slowking|Future Sight|p1a: Great Tusk
|-start|p2a: Slowking|move: Future Sight
|
|-heal|p1a: Great Tusk|39/100|[from] item: Leftovers
|turn|8
|
|switch|p2a: Landorus|Landorus-Therian, M|73/100
|-ability|p2a: Landorus|Intimidate|boost
|-unboost|p1a: Great Tusk|atk|1
|move|p1a: Great Tusk|Rapid Spin|p2a: Landorus
|-damage|p2a: Landorus|59/100
|-boost|p1a: Great Tusk|spe|1
|-sideend|p1: Zenith519|Stealth Rock|[from] move: Rapid Spin|[of] p1a: Great Tusk
|
|-heal|p1a: Great Tusk|45/100|[from] item: Leftovers
|turn|9
|
|move|p1a: Great Tusk|Close Combat|p2a: Landorus
|-resisted|p2a: Landorus
|-damage|p2a: Landorus|34/100
|-unboost|p1a: Great Tusk|def|1
|-unboost|p1a: Great Tusk|spd|1
|move|p2a: Landorus|Stealth Rock|p1a: Great Tusk
|-sidestart|p1: Zenith519|move: Stealth Rock
|
|-end|p1a: Great Tusk|move: Future Sight
|-supereffective|p1a: Great Tusk
|-damage|p1a: Great Tusk|0 fnt
|faint|p1a: Great Tusk
|-end|p1a: Great Tusk|Protosynthesis|[silent]
|
|switch|p1a: Rotom|Rotom-Wash|100/100
|-damage|p1a: Rotom|88/100|[from] Stealth Rock
|turn|10
|
|switch|p2a: Slowking|Slowking, F|100/100
|move|p1a: Rotom|Volt Switch|p2a: Slowking
|-supereffective|p2a: Slowking
|-damage|p2a: Slowking|71/100
|
|switch|p1a: Lilligant|Lilligant-Hisui, F|100/100|[from] Volt Switch
|-damage|p1a: Lilligant|94/100|[from] Stealth Rock
|
|turn|11
|
|switch|p2a: Landorus|Landorus-Therian, M|34/100
|-ability|p2a: Landorus|Intimidate|boost
|-unboost|p1a: Lilligant|atk|1
|move|p1a: Lilligant|Victory Dance|p1a: Lilligant
|-boost|p1a: Lilligant|atk|1
|-boost|p1a: Lilligant|def|1
|-boost|p1a: Lilligant|spe|1
|
|turn|12
|
|move|p1a: Lilligant|Petal Blizzard|p2a: Landorus
|-damage|p2a: Landorus|0 fnt
|faint|p2a: Landorus
|
|
|switch|p2a: Heatran|Heatran, F|98/100
|turn|13
|
|-terastallize|p2a: Heatran|Grass
|move|p1a: Lilligant|Axe Kick|p2a: Heatran
|-damage|p2a: Heatran|52/100
|move|p2a: Heatran|Magma Storm|p1a: Lilligant
|-supereffective|p1a: Lilligant
|-damage|p1a: Lilligant|0 fnt
|faint|p1a: Lilligant
|
|-heal|p2a: Heatran|58/100|[from] item: Leftovers
|
|switch|p1a: Goodra|Goodra-Hisui, M|100/100
|-damage|p1a: Goodra|94/100|[from] Stealth Rock
|turn|14
|
|switch|p2a: Sneasler|Sneasler, F|100/100
|move|p1a: Goodra|Substitute|p1a: Goodra
|-start|p1a: Goodra|Substitute
|-damage|p1a: Goodra|70/100
|
|-heal|p1a: Goodra|76/100|[from] item: Leftovers
|turn|15
|
|move|p2a: Sneasler|Fire Punch|p1a: Goodra
|-activate|p1a: Goodra|move: Substitute|[damage]
|move|p1a: Goodra|Acid Armor|p1a: Goodra
|-boost|p1a: Goodra|def|2
|
|-heal|p1a: Goodra|82/100|[from] item: Leftovers
|turn|16
|
|move|p2a: Sneasler|Close Combat|p1a: Goodra
|-supereffective|p1a: Goodra
|-end|p1a: Goodra|Substitute
|-unboost|p2a: Sneasler|def|1
|-unboost|p2a: Sneasler|spd|1
|move|p1a: Goodra|Acid Armor|p1a: Goodra
|-boost|p1a: Goodra|def|2
|
|-heal|p1a: Goodra|88/100|[from] item: Leftovers
|turn|17
|
|move|p2a: Sneasler|Close Combat|p1a: Goodra
|-supereffective|p1a: Goodra
|-damage|p1a: Goodra|55/100
|-unboost|p2a: Sneasler|def|1
|-unboost|p2a: Sneasler|spd|1
|-ability|p1a: Goodra|Gooey
|-unboost|p2a: Sneasler|spe|1
|move|p1a: Goodra|Substitute|p1a: Goodra
|-start|p1a: Goodra|Substitute
|-damage|p1a: Goodra|30/100
|
|-heal|p1a: Goodra|36/100|[from] item: Leftovers
|turn|18
|
|move|p2a: Sneasler|Close Combat|p1a: Goodra
|-supereffective|p1a: Goodra
|-end|p1a: Goodra|Substitute
|-unboost|p2a: Sneasler|def|1
|-unboost|p2a: Sneasler|spd|1
|move|p1a: Goodra|Acid Armor|p1a: Goodra
|-boost|p1a: Goodra|def|2
|
|-heal|p1a: Goodra|42/100|[from] item: Leftovers
|turn|19
|
|move|p2a: Sneasler|Close Combat|p1a: Goodra
|-supereffective|p1a: Goodra
|-damage|p1a: Goodra|19/100
|-unboost|p2a: Sneasler|def|1
|-unboost|p2a: Sneasler|spd|1
|-ability|p1a: Goodra|Gooey
|-unboost|p2a: Sneasler|spe|1
|move|p1a: Goodra|Heavy Slam|p2a: Sneasler
|-damage|p2a: Sneasler|0 fnt
|faint|p2a: Sneasler
|
|-heal|p1a: Goodra|25/100|[from] item: Leftovers
|
|switch|p2a: Iron Valiant|Iron Valiant|100/100
|turn|20
|
|move|p2a: Iron Valiant|Shadow Ball|p1a: Goodra
|-damage|p1a: Goodra|10/100
|move|p1a: Goodra|Heavy Slam|p2a: Iron Valiant
|-supereffective|p2a: Iron Valiant
|-damage|p2a: Iron Valiant|0 fnt
|faint|p2a: Iron Valiant
|-end|p2a: Iron Valiant|Quark Drive|[silent]
|
|-heal|p1a: Goodra|16/100|[from] item: Leftovers
|
|switch|p2a: Kingambit|Kingambit, M|100/100
|-activate|p2a: Kingambit|ability: Supreme Overlord
|-start|p2a: Kingambit|fallen3|[silent]
|turn|21
|
|move|p2a: Kingambit|Sucker Punch|p1a: Goodra
|-damage|p1a: Goodra|6/100
|-ability|p1a: Goodra|Gooey
|-unboost|p2a: Kingambit|spe|1
|move|p1a: Goodra|Body Press|p2a: Kingambit
|-supereffective|p2a: Kingambit
|-damage|p2a: Kingambit|0 fnt
|faint|p2a: Kingambit
|-end|p2a: Kingambit|fallen3|[silent]
|
|-heal|p1a: Goodra|12/100|[from] item: Leftovers
|
|switch|p2a: Slowking|Slowking, F|100/100
|turn|22
|
|move|p1a: Goodra|Body Press|p2a: Slowking
|-resisted|p2a: Slowking
|-crit|p2a: Slowking
|-damage|p2a: Slowking|34/100
|move|p2a: Slowking|Surf|p1a: Goodra
|-resisted|p1a: Goodra
|-damage|p1a: Goodra|4/100
|
|-heal|p1a: Goodra|10/100|[from] item: Leftovers
|turn|23
|-message|Tikitia_Pepega forfeited.
|
|win|Zenith519
