# advantage = p2
|poke|p1|Meloetta|
|poke|p1|Samurott-Hisui, M|
|poke|p1|Slowking-Galar, M|
|poke|p1|Chien-Pao|
|poke|p1|Zamazenta-*|
|poke|p1|Corviknight, F|
|poke|p2|Samurott-Hisui, F|
|poke|p2|Enamorus, F|
|poke|p2|Landorus-Therian, M|
|poke|p2|Zamazenta-*|
|poke|p2|Slowking-Galar, F|
|poke|p2|Magearna|
|teampreview
|
|start
|switch|p1a: Corviknight|Corviknight, F|100/100
|switch|p2a: Enamorus|Enamorus, F|100/100
|-ability|p1a: Corviknight|Pressure
|turn|1
|
|switch|p1a: Slowking|Slowking-Galar, M|100/100
|move|p2a: Enamorus|Superpower|p1a: Slowking
|-resisted|p1a: Slowking
|-damage|p1a: Slowking|90/100
|-boost|p2a: Enamorus|atk|1
|-boost|p2a: Enamorus|def|1
|
|-heal|p1a: Slowking|96/100|[from] item: Black Sludge
|turn|2
|
|move|p2a: Enamorus|Superpower|p1a: Slowking
|-resisted|p1a: Slowking
|-damage|p1a: Slowking|82/100
|-boost|p2a: Enamorus|atk|1
|-boost|p2a: Enamorus|def|1
|move|p1a: Slowking|Chilly Reception|p1a: Slowking
|-weather|Snow
|
|switch|p1a: Chien-Pao|Chien-Pao|100/100|[from] Chilly Reception
|-ability|p1a: Chien-Pao|Sword of Ruin
|
|-weather|Snow|[upkeep]
|turn|3
|
|-terastallize|p2a: Enamorus|Fighting
|move|p1a: Chien-Pao|Icicle Crash|p2a: Enamorus
|-damage|p2a: Enamorus|23/100
|move|p2a: Enamorus|Superpower|p1a: Chien-Pao
|-supereffective|p1a: Chien-Pao
|-damage|p1a: Chien-Pao|0 fnt
|-boost|p2a: Enamorus|atk|1
|-boost|p2a: Enamorus|def|1
|faint|p1a: Chien-Pao
|
|-weather|Snow|[upkeep]
|
|switch|p1a: Corviknight|Corviknight, F|100/100
|-ability|p1a: Corviknight|Pressure
|turn|4
|
|move|p2a: Enamorus|Superpower|p1a: Corviknight
|-damage|p1a: Corviknight|15/100
|-boost|p2a: Enamorus|atk|1
|-boost|p2a: Enamorus|def|1
|move|p1a: Corviknight|Brave Bird|p2a: Enamorus
|-supereffective|p2a: Enamorus
|-damage|p2a: Enamorus|0 fnt
|faint|p2a: Enamorus
|-damage|p1a: Corviknight|10/100|[from] Recoil
|
|-weather|Snow|[upkeep]
|
|switch|p2a: Magearna|Magearna|100/100
|turn|5
|
|switch|p1a: Meloetta|Meloetta|100/100
|move|p2a: Magearna|Shift Gear|p2a: Magearna
|-boost|p2a: Magearna|spe|2
|-boost|p2a: Magearna|atk|1
|
|-weather|Snow|[upkeep]
|turn|6
|
|move|p2a: Magearna|Calm Mind|p2a: Magearna
|-boost|p2a: Magearna|spa|1
|-boost|p2a: Magearna|spd|1
|move|p1a: Meloetta|Calm Mind|p1a: Meloetta
|-boost|p1a: Meloetta|spa|1
|-boost|p1a: Meloetta|spd|1
|
|-weather|none
|turn|7
|
|move|p2a: Magearna|Calm Mind|p2a: Magearna
|-boost|p2a: Magearna|spa|1
|-boost|p2a: Magearna|spd|1
|move|p1a: Meloetta|Calm Mind|p1a: Meloetta
|-boost|p1a: Meloetta|spa|1
|-boost|p1a: Meloetta|spd|1
|
|turn|8
|
|move|p2a: Magearna|Calm Mind|p2a: Magearna
|-boost|p2a: Magearna|spa|1
|-boost|p2a: Magearna|spd|1
|move|p1a: Meloetta|Calm Mind|p1a: Meloetta
|-boost|p1a: Meloetta|spa|1
|-boost|p1a: Meloetta|spd|1
|
|turn|9
|
|move|p2a: Magearna|Calm Mind|p2a: Magearna
|-boost|p2a: Magearna|spa|1
|-boost|p2a: Magearna|spd|1
|move|p1a: Meloetta|Psyshock|p2a: Magearna
|-resisted|p2a: Magearna
|-damage|p2a: Magearna|55/100
|
|-heal|p2a: Magearna|61/100|[from] item: Leftovers
|turn|10
|
|move|p2a: Magearna|Stored Power|p1a: Meloetta
|-resisted|p1a: Meloetta
|-damage|p1a: Meloetta|56/100
|move|p1a: Meloetta|Psyshock|p2a: Magearna
|-resisted|p2a: Magearna
|-damage|p2a: Magearna|21/100
|
|-heal|p2a: Magearna|27/100|[from] item: Leftovers
|turn|11
|
|move|p2a: Magearna|Draining Kiss|p1a: Meloetta
|-damage|p1a: Meloetta|30/100
|-heal|p2a: Magearna|45/100|[from] drain|[of] p1a: Meloetta
|move|p1a: Meloetta|Psyshock|p2a: Magearna
|-resisted|p2a: Magearna
|-crit|p2a: Magearna
|-damage|p2a: Magearna|0 fnt
|faint|p2a: Magearna
|
|
|switch|p2a: Samurott|Samurott-Hisui, F, shiny|100/100
|turn|12
|
|move|p1a: Meloetta|Relic Song|p2a: Samurott
|-crit|p2a: Samurott
|-damage|p2a: Samurott|0 fnt
|faint|p2a: Samurott
|-formechange|p1a: Meloetta|Meloetta-Pirouette|[msg]
|-enditem|p1a: Meloetta|Throat Spray
|-boost|p1a: Meloetta|spa|1|[from] item: Throat Spray
|
|
|switch|p2a: Landorus|Landorus-Therian, M|100/100
|-ability|p2a: Landorus|Intimidate|boost
|-unboost|p1a: Meloetta|atk|1
|turn|13
|
|move|p1a: Meloetta|Relic Song|p2a: Landorus
|-crit|p2a: Landorus
|-damage|p2a: Landorus|0 fnt
|faint|p2a: Landorus
|-formechange|p1a: Meloetta|Meloetta|[msg]
|
|
|switch|p2a: Slowking|Slowking-Galar, F|100/100
|turn|14
|
|move|p1a: Meloetta|Psyshock|p2a: Slowking
|-damage|p2a: Slowking|0 fnt
|faint|p2a: Slowking
|
|
|switch|p2a: Zamazenta|Zamazenta-Crowned|100/100
|-ability|p2a: Zamazenta|Dauntless Shield|boost
|-boost|p2a: Zamazenta|def|1
|turn|15
|
|move|p2a: Zamazenta|Body Press|p1a: Meloetta
|-damage|p1a: Meloetta|0 fnt
|faint|p1a: Meloetta
|
|
|switch|p1a: Slowking|Slowking-Galar, M|100/100
|turn|16
|
|move|p2a: Zamazenta|Iron Defense|p2a: Zamazenta
|-boost|p2a: Zamazenta|def|2
|move|p1a: Slowking|Future Sight|p2a: Zamazenta
|-start|p1a: Slowking|move: Future Sight
|
|turn|17
|
|move|p2a: Zamazenta|Body Press|p1a: Slowking
|-resisted|p1a: Slowking
|-crit|p1a: Slowking
|-damage|p1a: Slowking|68/100
|move|p1a: Slowking|Chilly Reception|p1a: Slowking
|-weather|Snow
|
|switch|p1a: Zamazenta|Zamazenta|100/100|[from] Chilly Reception
|-ability|p1a: Zamazenta|Dauntless Shield|boost
|-boost|p1a: Zamazenta|def|1
|
|-weather|Snow|[upkeep]
|turn|18
|
|move|p1a: Zamazenta|Iron Defense|p1a: Zamazenta
|-boost|p1a: Zamazenta|def|2
|move|p2a: Zamazenta|Iron Defense|p2a: Zamazenta
|-boost|p2a: Zamazenta|def|2
|
|-weather|Snow|[upkeep]
|-end|p2a: Zamazenta|move: Future Sight
|-damage|p2a: Zamazenta|73/100
|turn|19
|
|move|p1a: Zamazenta|Iron Defense|p1a: Zamazenta
|-boost|p1a: Zamazenta|def|2
|move|p2a: Zamazenta|Iron Defense|p2a: Zamazenta
|-boost|p2a: Zamazenta|def|1
|
|-weather|Snow|[upkeep]
|turn|20
|
|-terastallize|p1a: Zamazenta|Fighting
|move|p1a: Zamazenta|Body Press|p2a: Zamazenta
|-supereffective|p2a: Zamazenta
|-damage|p2a: Zamazenta|28/100
|move|p2a: Zamazenta|Body Press|p1a: Zamazenta
|-damage|p1a: Zamazenta|60/100
|
|-weather|Snow|[upkeep]
|-heal|p1a: Zamazenta|67/100|[from] item: Leftovers
|turn|21
|
|move|p1a: Zamazenta|Body Press|p2a: Zamazenta
|-supereffective|p2a: Zamazenta
|-crit|p2a: Zamazenta
|-damage|p2a: Zamazenta|0 fnt
|faint|p2a: Zamazenta
|
|win|p1
