|poke|p1|Landorus-Therian, M|
|poke|p1|Magearna|
|poke|p1|Skeledirge, M|
|poke|p1|Enamorus, F|
|poke|p1|Corviknight, M|
|poke|p1|Garganacl, M|
|poke|p2|Gholdengo|
|poke|p2|Zapdos|
|poke|p2|Zamazenta-*|
|poke|p2|Great Tusk|
|poke|p2|Volcanion|
|poke|p2|Ting-Lu|
|teampreview
|
|start
|switch|p1a: Landorus|Landorus-Therian, M|100/100
|switch|p2a: Pb|Ting-Lu|100/100
|-ability|p1a: Landorus|Intimidate|boost
|-unboost|p2a: Pb|atk|1
|-ability|p2a: Pb|Vessel of Ruin
|turn|1
|
|move|p1a: Landorus|Swords Dance|p1a: Landorus
|-boost|p1a: Landorus|atk|2
|move|p2a: Pb|Stealth Rock|p1a: Landorus
|-sidestart|p1: p1|move: Stealth Rock
|
|turn|2
|
|move|p1a: Landorus|Earthquake|p2a: Pb
|-damage|p2a: Pb|42/100
|move|p2a: Pb|Whirlwind|p1a: Landorus
|drag|p1a: Skeledirge|Skeledirge, M|100/100
|
|-heal|p2a: Pb|49/100|[from] item: Leftovers
|turn|3
|
|move|p1a: Skeledirge|Will-O-Wisp|p2a: Pb
|-status|p2a: Pb|brn
|move|p2a: Pb|Spikes|p1a: Skeledirge
|-sidestart|p1: p1|Spikes
|
|-heal|p2a: Pb|55/100 brn|[from] item: Leftovers
|-damage|p2a: Pb|49/100 brn|[from] brn
|turn|4
|
|move|p1a: Skeledirge|Torch Song|p2a: Pb
|-damage|p2a: Pb|35/100 brn
|-boost|p1a: Skeledirge|spa|1
|move|p2a: Pb|Spikes|p1a: Skeledirge
|-sidestart|p1: p1|Spikes
|
|-heal|p2a: Pb|41/100 brn|[from] item: Leftovers
|-damage|p2a: Pb|35/100 brn|[from] brn
|turn|5
|
|move|p1a: Skeledirge|Torch Song|p2a: Pb
|-damage|p2a: Pb|14/100 brn
|-boost|p1a: Skeledirge|spa|1
|move|p2a: Pb|Whirlwind|p1a: Skeledirge
|drag|p1a: Landorus|Landorus-Therian, M|100/100
|-damage|p1a: Landorus|88/100|[from] Stealth Rock
|-ability|p1a: Landorus|Intimidate|boost
|-unboost|p2a: Pb|atk|1
|
|-heal|p1a: Landorus|94/100|[from] item: Leftovers
|-heal|p2a: Pb|20/100 brn|[from] item: Leftovers
|-damage|p2a: Pb|14/100 brn|[from] brn
|turn|6
|
|move|p1a: Landorus|Earthquake|p2a: Pb
|-damage|p2a: Pb|0 fnt
|faint|p2a: Pb
|
|-heal|p1a: Landorus|100/100|[from] item: Leftovers
|
|switch|p2a: S|Volcanion|100/100
|turn|7
|
|move|p2a: S|Steam Eruption|p1a: Landorus
|-supereffective|p1a: Landorus
|-damage|p1a: Landorus|0 fnt
|faint|p1a: Landorus
|
|
|switch|p1a: Garganacl|Garganacl, M|100/100
|-damage|p1a: Garganacl|88/100|[from] Stealth Rock
|-damage|p1a: Garganacl|72/100|[from] Spikes
|turn|8
|
|-terastallize|p1a: Garganacl|Water
|move|p2a: S|Steam Eruption|p1a: Garganacl
|-resisted|p1a: Garganacl
|-damage|p1a: Garganacl|53/100
|move|p1a: Garganacl|Block|p2a: S
|-activate|p2a: S|trapped
|
|-heal|p1a: Garganacl|59/100|[from] item: Leftovers
|turn|9
|
|move|p2a: S|Steam Eruption|p1a: Garganacl
|-resisted|p1a: Garganacl
|-damage|p1a: Garganacl|41/100
|move|p1a: Garganacl|Stealth Rock|p2a: S
|-sidestart|p2: p2|move: Stealth Rock
|
|-heal|p1a: Garganacl|48/100|[from] item: Leftovers
|turn|10
|
|move|p2a: S|Steam Eruption|p1a: Garganacl
|-resisted|p1a: Garganacl
|-damage|p1a: Garganacl|30/100
|move|p1a: Garganacl|Salt Cure|p2a: S
|-supereffective|p2a: S
|-damage|p2a: S|74/100
|-start|p2a: S|Salt Cure
|
|-heal|p1a: Garganacl|36/100|[from] item: Leftovers
|-damage|p2a: S|49/100|[from] Salt Cure
|turn|11
|
|move|p2a: S|Steam Eruption|p1a: Garganacl
|-resisted|p1a: Garganacl
|-damage|p1a: Garganacl|18/100
|move|p1a: Garganacl|Recover|p1a: Garganacl
|-heal|p1a: Garganacl|68/100
|
|-heal|p1a: Garganacl|75/100|[from] item: Leftovers
|-damage|p2a: S|24/100|[from] Salt Cure
|turn|12
|
|move|p2a: S|Steam Eruption|p1a: Garganacl
|-resisted|p1a: Garganacl
|-damage|p1a: Garganacl|56/100
|move|p1a: Garganacl|Recover|p1a: Garganacl
|-heal|p1a: Garganacl|100/100
|
|-damage|p2a: S|0 fnt|[from] Salt Cure
|faint|p2a: S
|
|switch|p2a: Cu|Zapdos|100/100
|turn|13
|
|move|p2a: Cu|Volt Switch|p1a: Garganacl
|-supereffective|p1a: Garganacl
|-damage|p1a: Garganacl|60/100
|
|switch|p2a: Ca|Great Tusk|100/100|[from] Volt Switch
|-damage|p2a: Ca|98/100|[from] Stealth Rock
|move|p1a: Garganacl|Salt Cure|p2a: Ca
|-resisted|p2a: Ca
|-damage|p2a: Ca|95/100
|-start|p2a: Ca|Salt Cure
|
|-heal|p1a: Garganacl|66/100|[from] item: Leftovers
|-damage|p2a: Ca|83/100|[from] Salt Cure
|turn|14
|
|switch|p1a: Corviknight|Corviknight, M|100/100
|-damage|p1a: Corviknight|88/100|[from] Stealth Rock
|-ability|p1a: Corviknight|Pressure
|move|p2a: Ca|Rapid Spin|p1a: Corviknight
|-resisted|p1a: Corviknight
|-damage|p1a: Corviknight|83/100
|-boost|p2a: Ca|spe|1
|-damage|p2a: Ca|66/100|[from] item: Rocky Helmet|[of] p1a: Corviknight
|-sideend|p2: p2|Stealth Rock|[from] move: Rapid Spin|[of] p2a: Ca
|
|-damage|p2a: Ca|54/100|[from] Salt Cure
|turn|15
|
|-end|p2a: Ca|Protosynthesis|[silent]
|switch|p2a: Au|Gholdengo|100/100
|move|p1a: Corviknight|U-turn|p2a: Au
|-resisted|p2a: Au
|-damage|p2a: Au|98/100
|-damage|p1a: Corviknight|67/100|[from] item: Rocky Helmet|[of] p2a: Au
|
|switch|p1a: Garganacl|Garganacl, M, tera:Water|66/100|[from] U-turn
|-damage|p1a: Garganacl|54/100|[from] Stealth Rock
|-damage|p1a: Garganacl|37/100|[from] Spikes
|
|-heal|p1a: Garganacl|43/100|[from] item: Leftovers
|turn|16
|
|switch|p2a: Cu|Zapdos|100/100
|move|p1a: Garganacl|Salt Cure|p2a: Cu
|-supereffective|p2a: Cu
|-damage|p2a: Cu|74/100
|-start|p2a: Cu|Salt Cure
|
|-heal|p1a: Garganacl|50/100|[from] item: Leftovers
|-damage|p2a: Cu|62/100|[from] Salt Cure
|turn|17
|
|move|p2a: Cu|Roost|p2a: Cu
|-heal|p2a: Cu|100/100
|-singleturn|p2a: Cu|move: Roost
|move|p1a: Garganacl|Recover|p1a: Garganacl
|-heal|p1a: Garganacl|99/100
|
|-heal|p1a: Garganacl|100/100|[from] item: Leftovers
|-damage|p2a: Cu|88/100|[from] Salt Cure
|turn|18
|
|move|p2a: Cu|Volt Switch|p1a: Garganacl
|-supereffective|p1a: Garganacl
|-damage|p1a: Garganacl|61/100
|
|switch|p2a: Ca|Great Tusk|54/100|[from] Volt Switch
|move|p1a: Garganacl|Salt Cure|p2a: Ca
|-resisted|p2a: Ca
|-damage|p2a: Ca|52/100
|-start|p2a: Ca|Salt Cure
|
|-heal|p1a: Garganacl|68/100|[from] item: Leftovers
|-damage|p2a: Ca|39/100|[from] Salt Cure
|turn|19
|
|switch|p1a: Enamorus|Enamorus, F|100/100
|-damage|p1a: Enamorus|75/100|[from] Stealth Rock
|move|p2a: Ca|Headlong Rush|p1a: Enamorus
|-immune|p1a: Enamorus
|
|-heal|p1a: Enamorus|82/100|[from] item: Leftovers
|-damage|p2a: Ca|27/100|[from] Salt Cure
|turn|20
|
|move|p1a: Enamorus|Calm Mind|p1a: Enamorus
|-boost|p1a: Enamorus|spa|1
|-boost|p1a: Enamorus|spd|1
|move|p2a: Ca|Ice Spinner|p1a: Enamorus
|-supereffective|p1a: Enamorus
|-damage|p1a: Enamorus|13/100
|
|-heal|p1a: Enamorus|19/100|[from] item: Leftovers
|-damage|p2a: Ca|15/100|[from] Salt Cure
|turn|21
|
|move|p1a: Enamorus|Draining Kiss|p2a: Ca
|-supereffective|p2a: Ca
|-damage|p2a: Ca|0 fnt
|-heal|p1a: Enamorus|31/100|[from] drain|[of] p2a: Ca
|faint|p2a: Ca
|-end|p2a: Ca|Protosynthesis|[silent]
|
|-heal|p1a: Enamorus|38/100|[from] item: Leftovers
|
|switch|p2a: Fe|Zamazenta-Crowned|100/100
|-ability|p2a: Fe|Dauntless Shield|boost
|-boost|p2a: Fe|def|1
|turn|22
|
|switch|p1a: Skeledirge|Skeledirge, M|100/100
|move|p2a: Fe|Heavy Slam|p1a: Skeledirge
|-resisted|p1a: Skeledirge
|-crit|p1a: Skeledirge
|-damage|p1a: Skeledirge|86/100
|
|turn|23
|
|switch|p2a: Au|Gholdengo|98/100
|move|p1a: Skeledirge|Torch Song|p2a: Au
|-supereffective|p2a: Au
|-damage|p2a: Au|41/100
|-boost|p1a: Skeledirge|spa|1
|
|turn|24
|
|move|p2a: Au|Shadow Ball|p1a: Skeledirge
|-supereffective|p1a: Skeledirge
|-damage|p1a: Skeledirge|38/100
|move|p1a: Skeledirge|Torch Song|p2a: Au
|-supereffective|p2a: Au
|-damage|p2a: Au|0 fnt
|-boost|p1a: Skeledirge|spa|1
|faint|p2a: Au
|
|
|switch|p2a: Cu|Zapdos|88/100
|turn|25
|
|move|p2a: Cu|Hurricane|p1a: Skeledirge
|-damage|p1a: Skeledirge|8/100
|-start|p1a: Skeledirge|confusion
|-activate|p1a: Skeledirge|confusion
|-damage|p1a: Skeledirge|3/100|[from] confusion
|
|turn|26
|
|move|p2a: Cu|Volt Switch|p1a: Skeledirge
|-damage|p1a: Skeledirge|0 fnt
|faint|p1a: Skeledirge
|
|switch|p2a: Fe|Zamazenta-Crowned|100/100|[from] Volt Switch
|
|
|switch|p1a: Garganacl|Garganacl, M, tera:Water|68/100
|-damage|p1a: Garganacl|55/100|[from] Stealth Rock
|-damage|p1a: Garganacl|39/100|[from] Spikes
|turn|27
|
|switch|p2a: Cu|Zapdos|88/100
|move|p1a: Garganacl|Salt Cure|p2a: Cu
|-supereffective|p2a: Cu
|-damage|p2a: Cu|60/100
|-start|p2a: Cu|Salt Cure
|
|-heal|p1a: Garganacl|45/100|[from] item: Leftovers
|-damage|p2a: Cu|48/100|[from] Salt Cure
|turn|28
|
|move|p2a: Cu|Volt Switch|p1a: Garganacl
|-supereffective|p1a: Garganacl
|-damage|p1a: Garganacl|8/100
|
|switch|p2a: Fe|Zamazenta-Crowned|100/100|[from] Volt Switch
|move|p1a: Garganacl|Recover|p1a: Garganacl
|-heal|p1a: Garganacl|58/100
|
|-heal|p1a: Garganacl|64/100|[from] item: Leftovers
|turn|29
|
|-terastallize|p2a: Fe|Fighting
|move|p2a: Fe|Iron Defense|p2a: Fe
|-boost|p2a: Fe|def|2
|move|p1a: Garganacl|Salt Cure|p2a: Fe
|-resisted|p2a: Fe
|-crit|p2a: Fe
|-damage|p2a: Fe|94/100
|-start|p2a: Fe|Salt Cure
|
|-heal|p1a: Garganacl|70/100|[from] item: Leftovers
|-damage|p2a: Fe|81/100|[from] Salt Cure
|turn|30
|
|switch|p1a: Enamorus|Enamorus, F|38/100
|-damage|p1a: Enamorus|13/100|[from] Stealth Rock
|move|p2a: Fe|Body Press|p1a: Enamorus
|-resisted|p1a: Enamorus
|-damage|p1a: Enamorus|0 fnt
|faint|p1a: Enamorus
|
|-damage|p2a: Fe|69/100|[from] Salt Cure
|
|switch|p1a: Magearna|Magearna|100/100
|-damage|p1a: Magearna|94/100|[from] Stealth Rock
|-damage|p1a: Magearna|78/100|[from] Spikes
|turn|31
|
|move|p2a: Fe|Body Press|p1a: Magearna
|-damage|p1a: Magearna|10/100
|move|p1a: Magearna|Fleur Cannon|p2a: Fe
|-supereffective|p2a: Fe
|-crit|p2a: Fe
|-damage|p2a: Fe|0 fnt
|-unboost|p1a: Magearna|spa|2
|faint|p2a: Fe
|-ability|p1a: Magearna|Soul-Heart|boost
|-boost|p1a: Magearna|spa|1
|
|-heal|p1a: Magearna|16/100|[from] item: Leftovers
|
|switch|p2a: Cu|Zapdos|48/100
|turn|32
|
|move|p2a: Cu|Roost|p2a: Cu
|-heal|p2a: Cu|98/100
|-singleturn|p2a: Cu|move: Roost
|move|p1a: Magearna|Pain Split|p2a: Cu
|-sethp|p2a: Cu|57/100|[from] move: Pain Split|[silent]
|-sethp|p1a: Magearna|58/100|[from] move: Pain Split
|
|-heal|p1a: Magearna|64/100|[from] item: Leftovers
|turn|33
|
|move|p2a: Cu|Heat Wave|p1a: Magearna
|-supereffective|p1a: Magearna
|-damage|p1a: Magearna|22/100
|move|p1a: Magearna|Volt Switch|p2a: Cu
|-damage|p2a: Cu|43/100
|
|switch|p1a: Garganacl|Garganacl, M, tera:Water|70/100|[from] Volt Switch
|-damage|p1a: Garganacl|58/100|[from] Stealth Rock
|-damage|p1a: Garganacl|41/100|[from] Spikes
|
|-heal|p1a: Garganacl|47/100|[from] item: Leftovers
|turn|34
|
|move|p2a: Cu|Volt Switch|p1a: Garganacl
|-supereffective|p1a: Garganacl
|-damage|p1a: Garganacl|8/100
|move|p1a: Garganacl|Recover|p1a: Garganacl
|-heal|p1a: Garganacl|58/100
|
|-heal|p1a: Garganacl|64/100|[from] item: Leftovers
|turn|35
|
|move|p2a: Cu|Hurricane|p1a: Garganacl
|-damage|p1a: Garganacl|33/100
|move|p1a: Garganacl|Recover|p1a: Garganacl
|-heal|p1a: Garganacl|83/100
|
|-heal|p1a: Garganacl|89/100|[from] item: Leftovers
|turn|36
|
|move|p2a: Cu|Hurricane|p1a: Garganacl
|-damage|p1a: Garganacl|61/100
|move|p1a: Garganacl|Salt Cure|p2a: Cu
|-supereffective|p2a: Cu
|-damage|p2a: Cu|18/100
|-start|p2a: Cu|Salt Cure
|
|-heal|p1a: Garganacl|67/100|[from] item: Leftovers
|-damage|p2a: Cu|5/100|[from] Salt Cure
|turn|37
|
|move|p2a: Cu|Roost|p2a: Cu
|-heal|p2a: Cu|56/100
|-singleturn|p2a: Cu|move: Roost
|move|p1a: Garganacl|Salt Cure|p2a: Cu
|-damage|p2a: Cu|41/100
|
|-heal|p1a: Garganacl|73/100|[from] item: Leftovers
|-damage|p2a: Cu|28/100|[from] Salt Cure
|turn|38
|
|move|p2a: Cu|Roost|p2a: Cu
|-heal|p2a: Cu|78/100
|-singleturn|p2a: Cu|move: Roost
|move|p1a: Garganacl|Salt Cure|p2a: Cu
|-damage|p2a: Cu|65/100
|
|-heal|p1a: Garganacl|79/100|[from] item: Leftovers
|-damage|p2a: Cu|53/100|[from] Salt Cure
|turn|39
|
|move|p2a: Cu|Hurricane|p1a: Garganacl|[miss]
|-miss|p2a: Cu|p1a: Garganacl
|move|p1a: Garganacl|Salt Cure|p2a: Cu
|-supereffective|p2a: Cu
|-damage|p2a: Cu|25/100
|
|-heal|p1a: Garganacl|86/100|[from] item: Leftovers
|-damage|p2a: Cu|12/100|[from] Salt Cure
|turn|40
|
|move|p2a: Cu|Roost|p2a: Cu
|-heal|p2a: Cu|62/100
|-singleturn|p2a: Cu|move: Roost
|move|p1a: Garganacl|Salt Cure|p2a: Cu
|-damage|p2a: Cu|48/100
|
|-heal|p1a: Garganacl|92/100|[from] item: Leftovers
|-damage|p2a: Cu|36/100|[from] Salt Cure
|turn|41
|
|move|p2a: Cu|Roost|p2a: Cu
|-heal|p2a: Cu|86/100
|-singleturn|p2a: Cu|move: Roost
|move|p1a: Garganacl|Salt Cure|p2a: Cu
|-damage|p2a: Cu|72/100
|
|-heal|p1a: Garganacl|98/100|[from] item: Leftovers
|-damage|p2a: Cu|59/100|[from] Salt Cure
|turn|42
|
|move|p2a: Cu|Hurricane|p1a: Garganacl
|-damage|p1a: Garganacl|69/100
|move|p1a: Garganacl|Salt Cure|p2a: Cu
|-supereffective|p2a: Cu
|-damage|p2a: Cu|33/100
|
|-heal|p1a: Garganacl|75/100|[from] item: Leftovers
|-damage|p2a: Cu|21/100|[from] Salt Cure
|turn|43
|-message|p2 forfeited.
|
|win|p1
