# advantage = p1
|poke|p1|Pelipper, F|
|poke|p1|Pawmot, F|
|poke|p1|Golduck, F|
|poke|p1|Volcanion|
|poke|p1|Barraskewda, F|
|poke|p1|Clodsire, F|
|poke|p2|Torkoal, M|
|poke|p2|Lilligant-Hisui, F|
|poke|p2|Walking Wake|
|poke|p2|Arcanine-Hisui, M|
|poke|p2|Hatterene, F|
|poke|p2|Great Tusk|
|teampreview
|
|start
|switch|p1a: Clodsire|Clodsire, F|100/100
|switch|p2a: Torkoal|Torkoal, M|100/100
|-weather|SunnyDay|[from] ability: Drought|[of] p2a: Torkoal
|turn|1
|
|switch|p2a: Hatterene|Hatterene, F|100/100
|move|p1a: Clodsire|Stealth Rock|p2a: Hatterene
|move|p2a: Hatterene|Stealth Rock|p1a: Clodsire|[from]ability: Magic Bounce
|-sidestart|p1: p1|move: Stealth Rock
|
|-weather|SunnyDay|[upkeep]
|turn|2
|
|move|p2a: Hatterene|Psychic|p1a: Clodsire
|-supereffective|p1a: Clodsire
|-damage|p1a: Clodsire|61/100
|move|p1a: Clodsire|Earthquake|p2a: Hatterene
|-damage|p2a: Hatterene|74/100
|-enditem|p2a: Hatterene|Eject Button
|
|switch|p2a: Arcanine|Arcanine-Hisui, M|100/100
|
|-weather|SunnyDay|[upkeep]
|-heal|p1a: Clodsire|68/100|[from] item: Black Sludge
|turn|3
|
|switch|p1a: Pelipper|Pelipper, F|100/100
|-damage|p1a: Pelipper|76/100|[from] Stealth Rock
|-weather|RainDance|[from] ability: Drizzle|[of] p1a: Pelipper
|move|p2a: Arcanine|Head Smash|p1a: Pelipper|[miss]
|-miss|p2a: Arcanine|p1a: Pelipper
|
|-weather|RainDance|[upkeep]
|turn|4
|
|move|p2a: Arcanine|Head Smash|p1a: Pelipper
|-supereffective|p1a: Pelipper
|-damage|p1a: Pelipper|0 fnt
|faint|p1a: Pelipper
|
|-weather|RainDance|[upkeep]
|
|switch|p1a: Barraskewda|Barraskewda, F|100/100
|-damage|p1a: Barraskewda|88/100|[from] Stealth Rock
|turn|5
|
|switch|p2a: Torkoal|Torkoal, M|100/100
|-weather|SunnyDay|[from] ability: Drought|[of] p2a: Torkoal
|move|p1a: Barraskewda|Liquidation|p2a: Torkoal
|-supereffective|p2a: Torkoal
|-damage|p2a: Torkoal|62/100
|
|-weather|SunnyDay|[upkeep]
|turn|6
|
|switch|p1a: Pawmot|Pawmot, F|100/100
|-damage|p1a: Pawmot|94/100|[from] Stealth Rock
|switch|p2a: Walking Wake|Walking Wake|100/100
|-activate|p2a: Walking Wake|ability: Protosynthesis
|-start|p2a: Walking Wake|protosynthesisspe
|
|-weather|SunnyDay|[upkeep]
|-heal|p1a: Pawmot|100/100|[from] item: Leftovers
|turn|7
|
|move|p2a: Walking Wake|Draco Meteor|p1a: Pawmot
|-damage|p1a: Pawmot|0 fnt
|-unboost|p2a: Walking Wake|spa|2
|faint|p1a: Pawmot
|
|-weather|SunnyDay|[upkeep]
|
|switch|p1a: Clodsire|Clodsire, F|68/100
|-damage|p1a: Clodsire|61/100|[from] Stealth Rock
|turn|8
|
|-end|p2a: Walking Wake|Protosynthesis|[silent]
|switch|p2a: Hatterene|Hatterene, F|74/100
|move|p1a: Clodsire|Toxic|p2a: Hatterene
|move|p2a: Hatterene|Toxic|p1a: Clodsire|[from]ability: Magic Bounce
|-immune|p1a: Clodsire
|
|-weather|SunnyDay|[upkeep]
|-heal|p1a: Clodsire|68/100|[from] item: Black Sludge
|turn|9
|
|switch|p1a: Volcanion|Volcanion|100/100
|-damage|p1a: Volcanion|76/100|[from] Stealth Rock
|move|p2a: Hatterene|Psychic|p1a: Volcanion
|-damage|p1a: Volcanion|24/100
|
|-weather|SunnyDay|[upkeep]
|turn|10
|
|switch|p2a: Walking Wake|Walking Wake|100/100
|-activate|p2a: Walking Wake|ability: Protosynthesis
|-start|p2a: Walking Wake|protosynthesisspe
|move|p1a: Volcanion|Heat Wave|p2a: Walking Wake
|-resisted|p2a: Walking Wake
|-damage|p2a: Walking Wake|65/100
|
|-weather|SunnyDay|[upkeep]
|turn|11
|
|switch|p1a: Clodsire|Clodsire, F|68/100
|-damage|p1a: Clodsire|61/100|[from] Stealth Rock
|move|p2a: Walking Wake|Dragon Pulse|p1a: Clodsire
|-damage|p1a: Clodsire|29/100
|
|-weather|SunnyDay|[upkeep]
|-heal|p1a: Clodsire|35/100|[from] item: Black Sludge
|turn|12
|
|-end|p2a: Walking Wake|Protosynthesis|[silent]
|switch|p2a: Hatterene|Hatterene, F|74/100
|move|p1a: Clodsire|Earthquake|p2a: Hatterene
|-damage|p2a: Hatterene|48/100
|
|-weather|none
|-heal|p1a: Clodsire|41/100|[from] item: Black Sludge
|turn|13
|
|move|p2a: Hatterene|Psychic|p1a: Clodsire
|-supereffective|p1a: Clodsire
|-damage|p1a: Clodsire|1/100
|move|p1a: Clodsire|Earthquake|p2a: Hatterene
|-crit|p2a: Hatterene
|-damage|p2a: Hatterene|10/100
|
|-heal|p1a: Clodsire|8/100|[from] item: Black Sludge
|turn|14
|
|move|p2a: Hatterene|Psychic|p1a: Clodsire
|-supereffective|p1a: Clodsire
|-damage|p1a: Clodsire|0 fnt
|faint|p1a: Clodsire
|
|
|switch|p1a: Golduck|Golduck, F|100/100
|-damage|p1a: Golduck|88/100|[from] Stealth Rock
|turn|15
|
|move|p1a: Golduck|Surf|p2a: Hatterene
|-damage|p2a: Hatterene|0 fnt
|faint|p2a: Hatterene
|
|
|switch|p2a: Lilligant|Lilligant-Hisui, F|100/100
|turn|16
|
|switch|p1a: Volcanion|Volcanion|24/100
|-damage|p1a: Volcanion|0 fnt|[from] Stealth Rock
|faint|p1a: Volcanion
|move|p2a: Lilligant|Leaf Blade|p1: Volcanion|[notarget]
|-fail|p2a: Lilligant
|
|
|switch|p1a: Golduck|Golduck, F|88/100
|-damage|p1a: Golduck|76/100|[from] Stealth Rock
|turn|17
|
|move|p2a: Lilligant|Leaf Blade|p1a: Golduck
|-supereffective|p1a: Golduck
|-damage|p1a: Golduck|0 fnt
|faint|p1a: Golduck
|
|
|switch|p1a: Barraskewda|Barraskewda, F|88/100
|-damage|p1a: Barraskewda|76/100|[from] Stealth Rock
|turn|18
|
|switch|p2a: Great Tusk|Great Tusk, shiny|100/100
|move|p1a: Barraskewda|Psychic Fangs|p2a: Great Tusk
|-supereffective|p2a: Great Tusk
|-damage|p2a: Great Tusk|49/100
|
|-heal|p2a: Great Tusk|55/100|[from] item: Leftovers
|turn|19
|
|move|p1a: Barraskewda|Psychic Fangs|p2a: Great Tusk
|-supereffective|p2a: Great Tusk
|-damage|p2a: Great Tusk|10/100
|move|p2a: Great Tusk|Earthquake|p1a: Barraskewda
|-damage|p1a: Barraskewda|0 fnt
|faint|p1a: Barraskewda
|
|win|p2
