# advantage = p1
|poke|p1|Dragapult, F|
|poke|p1|Sandaconda, F|
|poke|p1|Iron Moth|
|poke|p1|Meowscarada, F|
|poke|p1|Cryogonal|
|poke|p1|Urshifu-*, F|
|poke|p2|Sneasler, M|
|poke|p2|Hatterene, F|
|poke|p2|Breloom, F|
|poke|p2|Dragapult, F|
|poke|p2|Clodsire, M|
|poke|p2|Azelf|
|teampreview
|
|start
|switch|p1a: Taka-Taka|Sandaconda, F|100/100
|switch|p2a: Azelf|Azelf|100/100
|turn|1
|
|move|p2a: Azelf|Taunt|p1a: Taka-Taka
|-start|p1a: Taka-Taka|move: Taunt
|cant|p1a: Taka-Taka|move: Taunt|Glare
|
|turn|2
|
|switch|p1a: Rashōmon|Cryogonal, shiny|100/100
|move|p2a: Azelf|Stealth Rock|p1a: Rashōmon
|-sidestart|p1: p1|move: Stealth Rock
|
|turn|3
|
|move|p2a: Azelf|Taunt|p1a: Rashōmon
|-start|p1a: Rashōmon|move: Taunt
|move|p1a: Rashōmon|Rapid Spin|p2a: Azelf
|-damage|p2a: Azelf|92/100
|-boost|p1a: Rashōmon|spe|1
|-sideend|p1: p1|Stealth Rock|[from] move: Rapid Spin|[of] p1a: Rashōmon
|
|turn|4
|
|move|p1a: Rashōmon|Freeze-Dry|p2a: Azelf
|-damage|p2a: Azelf|59/100
|move|p2a: Azelf|Stealth Rock|p1a: Rashōmon
|-sidestart|p1: p1|move: Stealth Rock
|
|turn|5
|
|move|p1a: Rashōmon|Rapid Spin|p2a: Azelf
|-damage|p2a: Azelf|50/100
|-boost|p1a: Rashōmon|spe|1
|-sideend|p1: p1|Stealth Rock|[from] move: Rapid Spin|[of] p1a: Rashōmon
|move|p2a: Azelf|Explosion|p1a: Rashōmon
|-damage|p1a: Rashōmon|0 fnt
|faint|p2a: Azelf
|faint|p1a: Rashōmon
|
|
|switch|p2a: Breloom|Breloom, F|100/100
|switch|p1a: Taka-Taka|Sandaconda, F|100/100
|turn|6
|
|move|p2a: Breloom|Spore|p1a: Taka-Taka
|-status|p1a: Taka-Taka|slp|[from] move: Spore
|cant|p1a: Taka-Taka|slp
|
|-activate|p1a: Taka-Taka|ability: Shed Skin
|-curestatus|p1a: Taka-Taka|slp|[msg]
|turn|7
|
|move|p2a: Breloom|Spore|p1a: Taka-Taka
|-status|p1a: Taka-Taka|slp|[from] move: Spore
|cant|p1a: Taka-Taka|slp
|
|turn|8
|
|move|p2a: Breloom|Swords Dance|p2a: Breloom
|-boost|p2a: Breloom|atk|2
|cant|p1a: Taka-Taka|slp
|
|turn|9
|
|move|p2a: Breloom|Bullet Seed|p1a: Taka-Taka
|-supereffective|p1a: Taka-Taka
|-damage|p1a: Taka-Taka|52/100 slp
|-supereffective|p1a: Taka-Taka
|-damage|p1a: Taka-Taka|2/100 slp
|-supereffective|p1a: Taka-Taka
|-damage|p1a: Taka-Taka|0 fnt
|faint|p1a: Taka-Taka
|-hitcount|p1: Taka-Taka|3
|
|
|switch|p1a: Morning Star|Iron Moth|100/100
|turn|10
|
|switch|p2a: Clodsire|Clodsire, M, shiny|100/100
|move|p1a: Morning Star|Fiery Dance|p2a: Clodsire
|-damage|p2a: Clodsire|78/100
|-boost|p1a: Morning Star|spa|1
|
|-heal|p2a: Clodsire|84/100|[from] item: Leftovers
|turn|11
|
|move|p1a: Morning Star|U-turn|p2a: Clodsire
|-resisted|p2a: Clodsire
|-damage|p2a: Clodsire|78/100
|
|-end|p1a: Morning Star|Quark Drive|[silent]
|switch|p1a: Di Alighieri|Meowscarada, F|100/100|[from] U-turn
|move|p2a: Clodsire|Earthquake|p1a: Di Alighieri
|-resisted|p1a: Di Alighieri
|-damage|p1a: Di Alighieri|79/100
|
|-heal|p2a: Clodsire|84/100|[from] item: Leftovers
|turn|12
|
|move|p1a: Di Alighieri|Knock Off|p2a: Clodsire
|-start|p1a: Di Alighieri|typechange|Dark|[from] ability: Protean
|-damage|p2a: Clodsire|35/100
|-enditem|p2a: Clodsire|Leftovers|[from] move: Knock Off|[of] p1a: Di Alighieri
|move|p2a: Clodsire|Toxic|p1a: Di Alighieri
|-status|p1a: Di Alighieri|tox
|
|-damage|p1a: Di Alighieri|73/100 tox|[from] psn
|turn|13
|
|switch|p1a: Tomioka|Urshifu-Rapid-Strike, F|100/100
|move|p2a: Clodsire|Recover|p2a: Clodsire
|-heal|p2a: Clodsire|86/100
|
|turn|14
|
|move|p1a: Tomioka|Body Slam|p2a: Clodsire
|-crit|p2a: Clodsire
|-damage|p2a: Clodsire|35/100
|move|p2a: Clodsire|Spikes|p1a: Tomioka
|-sidestart|p1: p1|Spikes
|
|turn|15
|
|move|p1a: Tomioka|Body Slam|p2a: Clodsire
|-damage|p2a: Clodsire|3/100
|move|p2a: Clodsire|Recover|p2a: Clodsire
|-heal|p2a: Clodsire|53/100
|
|turn|16
|
|move|p1a: Tomioka|Surging Strikes|p2a: Clodsire
|-supereffective|p2a: Clodsire
|-crit|p2a: Clodsire
|-damage|p2a: Clodsire|7/100
|-supereffective|p2a: Clodsire
|-crit|p2a: Clodsire
|-damage|p2a: Clodsire|0 fnt
|faint|p2a: Clodsire
|-hitcount|p2: Clodsire|2
|
|
|switch|p2a: Sneasler|Sneasler, M|100/100
|turn|17
|
|move|p2a: Sneasler|Dire Claw|p1a: Tomioka
|-damage|p1a: Tomioka|58/100
|move|p1a: Tomioka|Surging Strikes|p2a: Sneasler
|-crit|p2a: Sneasler
|-damage|p2a: Sneasler|61/100
|-crit|p2a: Sneasler
|-damage|p2a: Sneasler|25/100
|-crit|p2a: Sneasler
|-damage|p2a: Sneasler|0 fnt
|faint|p2a: Sneasler
|-hitcount|p2: Sneasler|3
|
|
|switch|p2a: Breloom|Breloom, F|100/100
|turn|18
|
|move|p1a: Tomioka|Close Combat|p2a: Breloom
|-enditem|p2a: Breloom|Focus Sash
|-damage|p2a: Breloom|1/100
|-unboost|p1a: Tomioka|def|1
|-unboost|p1a: Tomioka|spd|1
|move|p2a: Breloom|Spore|p1a: Tomioka
|-status|p1a: Tomioka|slp|[from] move: Spore
|
|turn|19
|
|switch|p1a: Morning Star|Iron Moth|100/100
|-damage|p1a: Morning Star|88/100|[from] Spikes
|move|p2a: Breloom|Swords Dance|p2a: Breloom
|-boost|p2a: Breloom|atk|2
|
|turn|20
|
|move|p2a: Breloom|Mach Punch|p1a: Morning Star
|-resisted|p1a: Morning Star
|-damage|p1a: Morning Star|34/100
|move|p1a: Morning Star|Fiery Dance|p2a: Breloom
|-supereffective|p2a: Breloom
|-damage|p2a: Breloom|0 fnt
|faint|p2a: Breloom
|
|
|switch|p2a: Hatterene|Hatterene, F|100/100
|turn|21
|
|move|p1a: Morning Star|Sludge Wave|p2a: Hatterene
|-supereffective|p2a: Hatterene
|-damage|p2a: Hatterene|0 fnt
|faint|p2a: Hatterene
|
|
|switch|p2a: Dragapult|Dragapult, F|100/100
|turn|22
|
|move|p2a: Dragapult|Shadow Ball|p1a: Morning Star
|-damage|p1a: Morning Star|6/100
|move|p1a: Morning Star|Sludge Wave|p2a: Dragapult
|-resisted|p2a: Dragapult
|-damage|p2a: Dragapult|70/100
|
|turn|23
|
|move|p2a: Dragapult|Shadow Ball|p1a: Morning Star
|-damage|p1a: Morning Star|0 fnt
|faint|p1a: Morning Star
|-end|p1a: Morning Star|Quark Drive|[silent]
|
|
|switch|p1a: Di Alighieri|Meowscarada, F|73/100 tox
|-damage|p1a: Di Alighieri|61/100 tox|[from] Spikes
|turn|24
|
|move|p1a: Di Alighieri|Knock Off|p2a: Dragapult
|-start|p1a: Di Alighieri|typechange|Dark|[from] ability: Protean
|-supereffective|p2a: Dragapult
|-damage|p2a: Dragapult|0 fnt
|-enditem|p2a: Dragapult|Light Clay|[from] move: Knock Off|[of] p1a: Di Alighieri
|faint|p2a: Dragapult
|
|win|p1
