# advantage = p1
|poke|p1|Masquerain, M|
|poke|p1|Talonflame, M|
|poke|p1|Dragonite, M|
|poke|p1|Tinkaton, F|
|poke|p1|Ceruledge, F|
|poke|p1|Haxorus, F|
|poke|p2|Skeledirge, M|
|poke|p2|Decidueye, M|
|poke|p2|Meowscarada, M|
|poke|p2|Bisharp, F|
|poke|p2|Braviary, M|
|poke|p2|Floragato, M|
|teampreview
|
|start
|switch|p1a: Tinkaton|Tinkaton, F|100/100
|switch|p2a: Meowscarada|Meowscarada, M, shiny|100/100
|-ability|p1a: Tinkaton|Mold Breaker
|turn|1
|
|move|p2a: Meowscarada|Thunder Punch|p1a: Tinkaton
|-start|p2a: Meowscarada|typechange|Electric|[from] ability: Protean
|-damage|p1a: Tinkaton|42/100
|-damage|p2a: Meowscarada|91/100|[from] item: Life Orb
|move|p1a: Tinkaton|Thunder Wave|p2a: Meowscarada
|-immune|p2a: Meowscarada
|
|-heal|p1a: Tinkaton|48/100|[from] item: Leftovers
|turn|2
|
|switch|p1a: Talonflame|Talonflame, M|100/100
|move|p2a: Meowscarada|Thunder Punch|p1a: Talonflame
|-supereffective|p1a: Talonflame
|-damage|p1a: Talonflame|0 fnt
|faint|p1a: Talonflame
|-damage|p2a: Meowscarada|81/100|[from] item: Life Orb
|
|
|switch|p1a: Haxorus|Haxorus, F|100/100
|-ability|p1a: Haxorus|Mold Breaker
|turn|3
|
|switch|p2a: Floragato|Floragato, M|100/100
|move|p1a: Haxorus|Dragon Dance|p1a: Haxorus
|-boost|p1a: Haxorus|atk|1
|-boost|p1a: Haxorus|spe|1
|
|turn|4
|
|move|p1a: Haxorus|Poison Jab|p2a: Floragato
|-supereffective|p2a: Floragato
|-damage|p2a: Floragato|0 fnt
|faint|p2a: Floragato
|
|
|switch|p2a: Skeledirge|Skeledirge, M|100/100
|turn|5
|
|move|p1a: Haxorus|Earthquake|p2a: Skeledirge
|-supereffective|p2a: Skeledirge
|-damage|p2a: Skeledirge|29/100
|move|p2a: Skeledirge|Will-O-Wisp|p1a: Haxorus
|-status|p1a: Haxorus|brn
|-enditem|p1a: Haxorus|Lum Berry|[eat]
|-curestatus|p1a: Haxorus|brn|[msg]
|
|-heal|p2a: Skeledirge|35/100|[from] item: Leftovers
|turn|6
|
|switch|p2a: Braviary|Braviary, M|100/100
|move|p1a: Haxorus|Earthquake|p2a: Braviary
|-immune|p2a: Braviary
|
|turn|7
|
|move|p1a: Haxorus|Dragon Claw|p2a: Braviary
|-damage|p2a: Braviary|45/100
|move|p2a: Braviary|U-turn|p1a: Haxorus
|-damage|p1a: Haxorus|74/100
|
|switch|p2a: Bisharp|Bisharp, F, shiny|100/100|[from] U-turn
|
|turn|8
|
|move|p2a: Bisharp|Sucker Punch|p1a: Haxorus
|-damage|p1a: Haxorus|24/100
|move|p1a: Haxorus|Earthquake|p2a: Bisharp
|-supereffective|p2a: Bisharp
|-damage|p2a: Bisharp|11/100
|
|turn|9
|
|move|p1a: Haxorus|Dragon Dance|p1a: Haxorus
|-boost|p1a: Haxorus|atk|1
|-boost|p1a: Haxorus|spe|1
|move|p2a: Bisharp|Stealth Rock|p1a: Haxorus
|-sidestart|p1: p1|move: Stealth Rock
|
|turn|10
|
|move|p2a: Bisharp|Sucker Punch||[still]
|-fail|p2a: Bisharp
|move|p1a: Haxorus|Dragon Dance|p1a: Haxorus
|-boost|p1a: Haxorus|atk|1
|-boost|p1a: Haxorus|spe|1
|
|turn|11
|
|move|p2a: Bisharp|Sucker Punch||[still]
|-fail|p2a: Bisharp
|move|p1a: Haxorus|Dragon Dance|p1a: Haxorus
|-boost|p1a: Haxorus|atk|1
|-boost|p1a: Haxorus|spe|1
|
|turn|12
|
|move|p2a: Bisharp|Sucker Punch||[still]
|-fail|p2a: Bisharp
|move|p1a: Haxorus|Dragon Dance|p1a: Haxorus
|-boost|p1a: Haxorus|atk|1
|-boost|p1a: Haxorus|spe|1
|
|turn|13
|
|move|p2a: Bisharp|Sucker Punch||[still]
|-fail|p2a: Bisharp
|move|p1a: Haxorus|Dragon Dance|p1a: Haxorus
|-boost|p1a: Haxorus|atk|1
|-boost|p1a: Haxorus|spe|1
|
|turn|14
|
|move|p2a: Bisharp|Sucker Punch||[still]
|-fail|p2a: Bisharp
|move|p1a: Haxorus|Dragon Dance|p1a: Haxorus
|-boost|p1a: Haxorus|atk|0
|-boost|p1a: Haxorus|spe|0
|
|turn|15
|
|move|p2a: Bisharp|Sucker Punch|p1a: Haxorus
|-damage|p1a: Haxorus|0 fnt
|faint|p1a: Haxorus
|
|
|switch|p1a: Dragonite|Dragonite, M|100/100
|-damage|p1a: Dragonite|76/100|[from] Stealth Rock
|turn|16
|
|move|p1a: Dragonite|Dragon Dance|p1a: Dragonite
|-boost|p1a: Dragonite|atk|1
|-boost|p1a: Dragonite|spe|1
|move|p2a: Bisharp|Iron Head|p1a: Dragonite
|-damage|p1a: Dragonite|32/100
|
|-heal|p1a: Dragonite|38/100|[from] item: Leftovers
|turn|17
|
|move|p1a: Dragonite|Roost|p1a: Dragonite
|-heal|p1a: Dragonite|88/100
|-singleturn|p1a: Dragonite|move: Roost
|move|p2a: Bisharp|Iron Head|p1a: Dragonite
|-damage|p1a: Dragonite|46/100
|
|-heal|p1a: Dragonite|52/100|[from] item: Leftovers
|turn|18
|
|move|p1a: Dragonite|Roost|p1a: Dragonite
|-heal|p1a: Dragonite|100/100
|-singleturn|p1a: Dragonite|move: Roost
|move|p2a: Bisharp|Iron Head|p1a: Dragonite
|-damage|p1a: Dragonite|81/100
|
|-heal|p1a: Dragonite|87/100|[from] item: Leftovers
|turn|19
|
|move|p1a: Dragonite|Dragon Dance|p1a: Dragonite
|-boost|p1a: Dragonite|atk|1
|-boost|p1a: Dragonite|spe|1
|move|p2a: Bisharp|Iron Head|p1a: Dragonite
|-damage|p1a: Dragonite|48/100
|
|-heal|p1a: Dragonite|54/100|[from] item: Leftovers
|turn|20
|
|move|p1a: Dragonite|Roost|p1a: Dragonite
|-heal|p1a: Dragonite|100/100
|-singleturn|p1a: Dragonite|move: Roost
|move|p2a: Bisharp|Iron Head|p1a: Dragonite
|-damage|p1a: Dragonite|78/100
|
|-heal|p1a: Dragonite|84/100|[from] item: Leftovers
|turn|21
|
|move|p1a: Dragonite|Dragon Dance|p1a: Dragonite
|-boost|p1a: Dragonite|atk|1
|-boost|p1a: Dragonite|spe|1
|move|p2a: Bisharp|Iron Head|p1a: Dragonite
|-damage|p1a: Dragonite|41/100
|
|-heal|p1a: Dragonite|48/100|[from] item: Leftovers
|turn|22
|
|move|p1a: Dragonite|Roost|p1a: Dragonite
|-heal|p1a: Dragonite|98/100
|-singleturn|p1a: Dragonite|move: Roost
|move|p2a: Bisharp|Iron Head|p1a: Dragonite
|-damage|p1a: Dragonite|54/100
|
|-heal|p1a: Dragonite|60/100|[from] item: Leftovers
|turn|23
|
|move|p1a: Dragonite|Roost|p1a: Dragonite
|-heal|p1a: Dragonite|100/100
|-singleturn|p1a: Dragonite|move: Roost
|move|p2a: Bisharp|Iron Head|p1a: Dragonite
|-crit|p1a: Dragonite
|-damage|p1a: Dragonite|70/100
|
|-heal|p1a: Dragonite|76/100|[from] item: Leftovers
|turn|24
|
|move|p1a: Dragonite|Extreme Speed|p2a: Bisharp
|-resisted|p2a: Bisharp
|-crit|p2a: Bisharp
|-damage|p2a: Bisharp|0 fnt
|faint|p2a: Bisharp
|
|-heal|p1a: Dragonite|83/100|[from] item: Leftovers
|
|switch|p2a: Skeledirge|Skeledirge, M|35/100
|turn|25
|
|-terastallize|p2a: Skeledirge|Water
|move|p1a: Dragonite|Earthquake|p2a: Skeledirge
|-damage|p2a: Skeledirge|11/100
|move|p2a: Skeledirge|Slack Off|p2a: Skeledirge
|-heal|p2a: Skeledirge|61/100
|
|-heal|p1a: Dragonite|89/100|[from] item: Leftovers
|-heal|p2a: Skeledirge|67/100|[from] item: Leftovers
|turn|26
|
|switch|p1a: Ceruledge|Ceruledge, F|100/100
|-damage|p1a: Ceruledge|76/100|[from] Stealth Rock
|move|p2a: Skeledirge|Slack Off|p2a: Skeledirge
|-heal|p2a: Skeledirge|100/100
|
|-heal|p1a: Ceruledge|82/100|[from] item: Leftovers
|turn|27
|
|move|p1a: Ceruledge|Substitute|p1a: Ceruledge
|-start|p1a: Ceruledge|Substitute
|-damage|p1a: Ceruledge|57/100
|move|p2a: Skeledirge|Hex|p1a: Ceruledge
|-supereffective|p1a: Ceruledge
|-end|p1a: Ceruledge|Substitute
|
|-heal|p1a: Ceruledge|63/100|[from] item: Leftovers
|turn|28
|
|-terastallize|p1a: Ceruledge|Bug
|move|p1a: Ceruledge|Substitute|p1a: Ceruledge
|-start|p1a: Ceruledge|Substitute
|-damage|p1a: Ceruledge|38/100
|move|p2a: Skeledirge|Hex|p1a: Ceruledge
|-activate|p1a: Ceruledge|move: Substitute|[damage]
|
|-heal|p1a: Ceruledge|45/100|[from] item: Leftovers
|turn|29
|
|move|p1a: Ceruledge|Bulk Up|p1a: Ceruledge
|-boost|p1a: Ceruledge|atk|1
|-boost|p1a: Ceruledge|def|1
|move|p2a: Skeledirge|Hex|p1a: Ceruledge
|-end|p1a: Ceruledge|Substitute
|
|-heal|p1a: Ceruledge|51/100|[from] item: Leftovers
|turn|30
|
|move|p1a: Ceruledge|Substitute|p1a: Ceruledge
|-start|p1a: Ceruledge|Substitute
|-damage|p1a: Ceruledge|26/100
|move|p2a: Skeledirge|Hex|p1a: Ceruledge
|-activate|p1a: Ceruledge|move: Substitute|[damage]
|
|-heal|p1a: Ceruledge|32/100|[from] item: Leftovers
|turn|31
|
|move|p1a: Ceruledge|Bulk Up|p1a: Ceruledge
|-boost|p1a: Ceruledge|atk|1
|-boost|p1a: Ceruledge|def|1
|move|p2a: Skeledirge|Hex|p1a: Ceruledge
|-end|p1a: Ceruledge|Substitute
|
|-heal|p1a: Ceruledge|38/100|[from] item: Leftovers
|turn|32
|
|move|p1a: Ceruledge|Bulk Up|p1a: Ceruledge
|-boost|p1a: Ceruledge|atk|1
|-boost|p1a: Ceruledge|def|1
|move|p2a: Skeledirge|Hex|p1a: Ceruledge
|-damage|p1a: Ceruledge|18/100
|
|-heal|p1a: Ceruledge|24/100|[from] item: Leftovers
|turn|33
|
|move|p1a: Ceruledge|Bitter Blade|p2a: Skeledirge
|-resisted|p2a: Skeledirge
|-damage|p2a: Skeledirge|89/100
|-heal|p1a: Ceruledge|31/100|[from] drain|[of] p2a: Skeledirge
|move|p2a: Skeledirge|Hex|p1a: Ceruledge
|-damage|p1a: Ceruledge|10/100
|
|-heal|p1a: Ceruledge|17/100|[from] item: Leftovers
|-heal|p2a: Skeledirge|95/100|[from] item: Leftovers
|turn|34
|
|move|p1a: Ceruledge|Bitter Blade|p2a: Skeledirge
|-resisted|p2a: Skeledirge
|-damage|p2a: Skeledirge|84/100
|-heal|p1a: Ceruledge|23/100|[from] drain|[of] p2a: Skeledirge
|move|p2a: Skeledirge|Hex|p1a: Ceruledge
|-damage|p1a: Ceruledge|5/100
|
|-heal|p1a: Ceruledge|11/100|[from] item: Leftovers
|-heal|p2a: Skeledirge|90/100|[from] item: Leftovers
|turn|35
|
|move|p1a: Ceruledge|Shadow Claw|p2a: Skeledirge
|-damage|p2a: Skeledirge|73/100
|move|p2a: Skeledirge|Hex|p1a: Ceruledge
|-damage|p1a: Ceruledge|0 fnt
|faint|p1a: Ceruledge
|
|-heal|p2a: Skeledirge|79/100|[from] item: Leftovers
|-message|p1 lost due to inactivity.
|
|win|p2
