# advantage = p1
|poke|p1|Ursaluna, M|
|poke|p1|Magearna|
|poke|p1|Slowking-Galar, M|
|poke|p1|Cresselia, F|
|poke|p1|Glastrier|
|poke|p1|Copperajah, M|
|poke|p2|Typhlosion-Hisui, M|
|poke|p2|Dragapult, M|
|poke|p2|Magearna|
|poke|p2|Urshifu-*, F|
|poke|p2|Zapdos|
|poke|p2|Great Tusk|
|teampreview
|
|start
|switch|p1a: Cresselia|Cresselia, F|100/100
|switch|p2a: Magearna|Magearna|100/100
|turn|1
|
|move|p2a: Magearna|Spikes|p1a: Cresselia
|-sidestart|p1: p1|Spikes
|move|p1a: Cresselia|Trick Room|p1a: Cresselia
|-fieldstart|move: Trick Room|[of] p1a: Cresselia
|
|turn|2
|
|switch|p1a: Glastrier|Glastrier|100/100
|-damage|p1a: Glastrier|88/100|[from] Spikes
|move|p2a: Magearna|Spikes|p1a: Glastrier
|-sidestart|p1: p1|Spikes
|
|turn|3
|
|move|p1a: Glastrier|Close Combat|p2a: Magearna
|-damage|p2a: Magearna|52/100
|-unboost|p1a: Glastrier|def|1
|-unboost|p1a: Glastrier|spd|1
|move|p2a: Magearna|Volt Switch|p1a: Glastrier
|-damage|p1a: Glastrier|65/100
|
|switch|p2a: Typhlosion|Typhlosion-Hisui, M|100/100|[from] Volt Switch
|
|turn|4
|
|switch|p1a: Copperajah|Copperajah, M|100/100
|-damage|p1a: Copperajah|84/100|[from] Spikes
|move|p2a: Typhlosion|Eruption|p1a: Copperajah
|-supereffective|p1a: Copperajah
|-damage|p1a: Copperajah|0 fnt
|faint|p1a: Copperajah
|
|
|switch|p1a: Magearna|Magearna|100/100
|turn|5
|
|move|p1a: Magearna|Volt Switch|p2a: Typhlosion
|-damage|p2a: Typhlosion|74/100
|
|switch|p1a: Slowking|Slowking-Galar, M|100/100|[from] Volt Switch
|move|p2a: Typhlosion|Eruption|p1a: Slowking
|-damage|p1a: Slowking|56/100
|
|-fieldend|move: Trick Room
|turn|6
|
|move|p2a: Typhlosion|Eruption|p1a: Slowking
|-damage|p1a: Slowking|8/100
|move|p1a: Slowking|Trick Room|p1a: Slowking
|-fieldstart|move: Trick Room|[of] p1a: Slowking
|
|turn|7
|
|switch|p2a: Magearna|Magearna|52/100
|move|p1a: Slowking|Chilly Reception|p1a: Slowking
|-weather|Snow
|
|switch|p1a: Glastrier|Glastrier|65/100|[from] Chilly Reception
|-damage|p1a: Glastrier|48/100|[from] Spikes
|
|-weather|Snow|[upkeep]
|turn|8
|
|move|p1a: Glastrier|Stomping Tantrum|p2a: Magearna
|-supereffective|p2a: Magearna
|-damage|p2a: Magearna|0 fnt
|faint|p2a: Magearna
|-ability|p1a: Glastrier|Chilling Neigh|boost
|-boost|p1a: Glastrier|atk|1
|
|-weather|Snow|[upkeep]
|
|switch|p2a: Zapdos|Zapdos|100/100
|turn|9
|
|switch|p1a: Cresselia|Cresselia, F|100/100
|-terastallize|p2a: Zapdos|Fire
|move|p2a: Zapdos|Heat Wave|p1a: Cresselia
|-damage|p1a: Cresselia|82/100
|
|-weather|Snow|[upkeep]
|turn|10
|
|switch|p1a: Slowking|Slowking-Galar, M|41/100
|switch|p2a: Great Tusk|Great Tusk|100/100
|-enditem|p2a: Great Tusk|Booster Energy
|-activate|p2a: Great Tusk|ability: Protosynthesis|[fromitem]
|-start|p2a: Great Tusk|protosynthesisspe
|
|-weather|Snow|[upkeep]
|-fieldend|move: Trick Room
|turn|11
|
|switch|p1a: Cresselia|Cresselia, F|82/100
|move|p2a: Great Tusk|Knock Off|p1a: Cresselia
|-supereffective|p1a: Cresselia
|-damage|p1a: Cresselia|44/100
|-enditem|p1a: Cresselia|Heavy-Duty Boots|[from] move: Knock Off|[of] p2a: Great Tusk
|
|-weather|none
|turn|12
|
|move|p2a: Great Tusk|Stealth Rock|p1a: Cresselia
|-sidestart|p1: p1|move: Stealth Rock
|move|p1a: Cresselia|Trick Room|p1a: Cresselia
|-fieldstart|move: Trick Room|[of] p1a: Cresselia
|
|turn|13
|
|move|p1a: Cresselia|Lunar Dance|p1a: Cresselia
|faint|p1a: Cresselia
|move|p2a: Great Tusk|Headlong Rush|p1: Cresselia|[notarget]
|-fail|p2a: Great Tusk
|
|
|switch|p1a: Glastrier|Glastrier|48/100
|-heal|p1a: Glastrier|100/100|[from] move: Lunar Dance
|-damage|p1a: Glastrier|84/100|[from] Spikes
|-damage|p1a: Glastrier|59/100|[from] Stealth Rock
|turn|14
|
|-end|p2a: Great Tusk|Protosynthesis|[silent]
|switch|p2a: Urshifu|Urshifu-Rapid-Strike, F|100/100
|-terastallize|p1a: Glastrier|Water
|move|p1a: Glastrier|Tera Blast|p2a: Urshifu
|-resisted|p2a: Urshifu
|-damage|p2a: Urshifu|62/100
|
|turn|15
|
|move|p1a: Glastrier|Tera Blast|p2a: Urshifu
|-resisted|p2a: Urshifu
|-damage|p2a: Urshifu|27/100
|move|p2a: Urshifu|Surging Strikes|p1a: Glastrier
|-resisted|p1a: Glastrier
|-crit|p1a: Glastrier
|-damage|p1a: Glastrier|52/100
|-resisted|p1a: Glastrier
|-crit|p1a: Glastrier
|-damage|p1a: Glastrier|46/100
|-resisted|p1a: Glastrier
|-crit|p1a: Glastrier
|-damage|p1a: Glastrier|39/100
|-hitcount|p1a: Glastrier|3
|
|turn|16
|
|move|p1a: Glastrier|Tera Blast|p2a: Urshifu
|-resisted|p2a: Urshifu
|-damage|p2a: Urshifu|0 fnt
|faint|p2a: Urshifu
|-ability|p1a: Glastrier|Chilling Neigh|boost
|-boost|p1a: Glastrier|atk|1
|
|-fieldend|move: Trick Room
|
|switch|p2a: Dragapult|Dragapult, M|100/100
|turn|17
|
|switch|p1a: Slowking|Slowking-Galar, M|74/100
|move|p2a: Dragapult|Substitute|p2a: Dragapult
|-start|p2a: Dragapult|Substitute
|-damage|p2a: Dragapult|76/100
|
|-heal|p2a: Dragapult|82/100|[from] item: Leftovers
|turn|18
|
|move|p2a: Dragapult|Will-O-Wisp|p1a: Slowking
|-status|p1a: Slowking|brn
|move|p1a: Slowking|Trick Room|p1a: Slowking
|-fieldstart|move: Trick Room|[of] p1a: Slowking
|
|-heal|p2a: Dragapult|88/100|[from] item: Leftovers
|-damage|p1a: Slowking|68/100 brn|[from] brn
|turn|19
|
|move|p1a: Slowking|Psychic|p2a: Dragapult
|-end|p2a: Dragapult|Substitute
|move|p2a: Dragapult|Will-O-Wisp|p1a: Slowking
|-fail|p1a: Slowking|brn
|
|-heal|p2a: Dragapult|94/100|[from] item: Leftovers
|-damage|p1a: Slowking|62/100 brn|[from] brn
|turn|20
|
|move|p1a: Slowking|Psychic|p2a: Dragapult
|-damage|p2a: Dragapult|45/100
|move|p2a: Dragapult|Substitute|p2a: Dragapult
|-start|p2a: Dragapult|Substitute
|-damage|p2a: Dragapult|20/100
|
|-heal|p2a: Dragapult|26/100|[from] item: Leftovers
|-damage|p1a: Slowking|56/100 brn|[from] brn
|turn|21
|
|move|p1a: Slowking|Psychic|p2a: Dragapult
|-end|p2a: Dragapult|Substitute
|move|p2a: Dragapult|Hex|p1a: Slowking
|-supereffective|p1a: Slowking
|-damage|p1a: Slowking|0 fnt
|faint|p1a: Slowking
|
|-heal|p2a: Dragapult|32/100|[from] item: Leftovers
|
|switch|p1a: Glastrier|Glastrier, tera:Water|39/100
|-damage|p1a: Glastrier|22/100|[from] Spikes
|-damage|p1a: Glastrier|10/100|[from] Stealth Rock
|turn|22
|
|move|p1a: Glastrier|Stomping Tantrum|p2a: Dragapult
|-damage|p2a: Dragapult|0 fnt
|faint|p2a: Dragapult
|-ability|p1a: Glastrier|Chilling Neigh|boost
|-boost|p1a: Glastrier|atk|1
|
|-fieldend|move: Trick Room
|
|switch|p2a: Typhlosion|Typhlosion-Hisui, M|74/100
|turn|23
|
|move|p2a: Typhlosion|Eruption|p1a: Glastrier
|-resisted|p1a: Glastrier
|-damage|p1a: Glastrier|0 fnt
|faint|p1a: Glastrier
|
|
|switch|p1a: Magearna|Magearna|100/100
|turn|24
|
|move|p2a: Typhlosion|Eruption|p1a: Magearna
|-supereffective|p1a: Magearna
|-damage|p1a: Magearna|0 fnt
|faint|p1a: Magearna
|
|
|switch|p1a: Ursaluna|Ursaluna, M, shiny|100/100
|-damage|p1a: Ursaluna|84/100|[from] Spikes
|-damage|p1a: Ursaluna|78/100|[from] Stealth Rock
|turn|25
|
|move|p2a: Typhlosion|Eruption|p1a: Ursaluna
|-damage|p1a: Ursaluna|2/100
|move|p1a: Ursaluna|Earthquake|p2a: Typhlosion
|-supereffective|p2a: Typhlosion
|-damage|p2a: Typhlosion|0 fnt
|faint|p2a: Typhlosion
|
|-status|p1a: Ursaluna|brn|[from] item: Flame Orb
|
|switch|p2a: Great Tusk|Great Tusk|100/100
|turn|26
|
|move|p2a: Great Tusk|Headlong Rush|p1a: Ursaluna
|-damage|p1a: Ursaluna|0 fnt
|-unboost|p2a: Great Tusk|def|1
|-unboost|p2a: Great Tusk|spd|1
|faint|p1a: Ursaluna
|
|win|p2
