|poke|p1|Torkoal, M|
|poke|p1|Great Tusk|
|poke|p1|Hatterene, F|
|poke|p1|Walking Wake|
|poke|p1|Ceruledge, F|
|poke|p1|Sandy Shocks|
|poke|p2|Indeedee, M|
|poke|p2|Armarouge, M|
|poke|p2|Iron Treads|
|poke|p2|Polteageist|
|poke|p2|Hatterene, F|
|poke|p2|Volcarona, M|
|teampreview
|j| Macaque Large
|
|start
|switch|p1a: Sandy Shocks|Sandy Shocks|100/100
|switch|p2a: Indeedee|Indeedee, M|100/100
|-fieldstart|move: Psychic Terrain|[from] ability: Psychic Surge|[of] p2a: Indeedee
|turn|1
|
|-end|p1a: Sandy Shocks|Protosynthesis|[silent]
|switch|p1a: Torkoal|Torkoal, M|100/100
|-weather|SunnyDay|[from] ability: Drought|[of] p1a: Torkoal
|move|p2a: Indeedee|Psychic|p1a: Torkoal
|-damage|p1a: Torkoal|53/100
|
|-weather|SunnyDay|[upkeep]
|turn|2
|
|switch|p2a: Hatterene|Hatterene, F|100/100
|move|p1a: Torkoal|Flamethrower|p2a: Hatterene
|-damage|p2a: Hatterene|55/100
|-status|p2a: Hatterene|brn
|-enditem|p2a: Hatterene|Eject Button
|
|switch|p2a: Armarouge|Armarouge, M|100/100
|
|-weather|SunnyDay|[upkeep]
|turn|3
|
|switch|p1a: Hatterene|Hatterene, F|100/100
|move|p2a: Armarouge|Expanding Force|p1a: Hatterene
|-resisted|p1a: Hatterene
|-damage|p1a: Hatterene|52/100
|
|-weather|SunnyDay|[upkeep]
|-heal|p1a: Hatterene|58/100|[from] item: Leftovers
|turn|4
|
|move|p2a: Armarouge|Armor Cannon|p1a: Hatterene
|-damage|p1a: Hatterene|0 fnt
|-unboost|p2a: Armarouge|def|1
|-unboost|p2a: Armarouge|spd|1
|faint|p1a: Hatterene
|
|-weather|SunnyDay|[upkeep]
|j| shedtailhater
|
|switch|p1a: Sandy Shocks|Sandy Shocks|100/100
|-activate|p1a: Sandy Shocks|ability: Protosynthesis
|-start|p1a: Sandy Shocks|protosynthesisspe
|turn|5
|
|switch|p2a: Hatterene|Hatterene, F|55/100 brn
|move|p1a: Sandy Shocks|Volt Switch|p2a: Hatterene
|-damage|p2a: Hatterene|17/100 brn
|
|-end|p1a: Sandy Shocks|Protosynthesis|[silent]
|switch|p1a: Great Tusk|Great Tusk|100/100|[from] Volt Switch
|-activate|p1a: Great Tusk|ability: Protosynthesis
|-start|p1a: Great Tusk|protosynthesisdef
|
|-weather|SunnyDay|[upkeep]
|-damage|p2a: Hatterene|11/100 brn|[from] brn
|turn|6
|
|move|p1a: Great Tusk|Earthquake|p2a: Hatterene
|-damage|p2a: Hatterene|0 fnt
|faint|p2a: Hatterene
|
|-weather|SunnyDay|[upkeep]
|
|switch|p2a: Armarouge|Armarouge, M|100/100
|turn|7
|
|-terastallize|p2a: Armarouge|Psychic
|move|p2a: Armarouge|Expanding Force|p1a: Great Tusk
|-supereffective|p1a: Great Tusk
|-damage|p1a: Great Tusk|0 fnt
|faint|p1a: Great Tusk
|-end|p1a: Great Tusk|Protosynthesis|[silent]
|
|-weather|SunnyDay|[upkeep]
|
|switch|p1a: Sandy Shocks|Sandy Shocks|100/100
|-activate|p1a: Sandy Shocks|ability: Protosynthesis
|-start|p1a: Sandy Shocks|protosynthesisspe
|turn|8
|j| Motor Hawk
|
|switch|p2a: Iron Treads|Iron Treads|100/100
|-enditem|p2a: Iron Treads|Booster Energy
|-activate|p2a: Iron Treads|ability: Quark Drive|[fromitem]
|-start|p2a: Iron Treads|quarkdrivespe
|move|p1a: Sandy Shocks|Spikes|p2a: Iron Treads
|-sidestart|p2: af lele.tomas|Spikes
|
|-weather|none
|-end|p1a: Sandy Shocks|Protosynthesis
|-fieldend|move: Psychic Terrain
|turn|9
|j| The Heatbender
|j| Foufakirby
|
|-end|p1a: Sandy Shocks|Protosynthesis|[silent]
|switch|p1a: Ceruledge|Ceruledge, F|100/100
|move|p2a: Iron Treads|Earthquake|p1a: Ceruledge
|-supereffective|p1a: Ceruledge
|-damage|p1a: Ceruledge|0 fnt
|faint|p1a: Ceruledge
|
|
|switch|p1a: Walking Wake|Walking Wake|100/100
|turn|10
|
|move|p2a: Iron Treads|Rapid Spin|p1a: Walking Wake
|-damage|p1a: Walking Wake|84/100
|-boost|p2a: Iron Treads|spe|1
|-sideend|p2: af lele.tomas|Spikes|[from] move: Rapid Spin|[of] p2a: Iron Treads
|move|p1a: Walking Wake|Hydro Steam|p2a: Iron Treads
|-supereffective|p2a: Iron Treads
|-damage|p2a: Iron Treads|0 fnt
|faint|p2a: Iron Treads
|-end|p2a: Iron Treads|Quark Drive|[silent]
|
|j| Ahsan-219
|j| misterioussaint
|
|switch|p2a: Polteageist|Polteageist|100/100
|turn|11
|
|move|p1a: Walking Wake|Hydro Steam|p2a: Polteageist
|-damage|p2a: Polteageist|26/100
|move|p2a: Polteageist|Shell Smash|p2a: Polteageist
|-unboost|p2a: Polteageist|def|1
|-unboost|p2a: Polteageist|spd|1
|-boost|p2a: Polteageist|atk|2
|-boost|p2a: Polteageist|spa|2
|-boost|p2a: Polteageist|spe|2
|
|turn|12
|
|-end|p1a: Walking Wake|Protosynthesis|[silent]
|switch|p1a: Torkoal|Torkoal, M|53/100
|-weather|SunnyDay|[from] ability: Drought|[of] p1a: Torkoal
|move|p2a: Polteageist|Stored Power|p1a: Torkoal
|-damage|p1a: Torkoal|0 fnt
|faint|p1a: Torkoal
|
|-weather|SunnyDay|[upkeep]
|j| stevenstonesenior
|
|switch|p1a: Sandy Shocks|Sandy Shocks|100/100
|-activate|p1a: Sandy Shocks|ability: Protosynthesis
|-start|p1a: Sandy Shocks|protosynthesisspe
|turn|13
|
|move|p1a: Sandy Shocks|Earth Power|p2a: Polteageist
|-damage|p2a: Polteageist|0 fnt
|faint|p2a: Polteageist
|
|-weather|SunnyDay|[upkeep]
|
|switch|p2a: Indeedee|Indeedee, M|100/100
|-fieldstart|move: Psychic Terrain|[from] ability: Psychic Surge|[of] p2a: Indeedee
|turn|14
|
|switch|p2a: Volcarona|Volcarona, M|100/100
|move|p1a: Sandy Shocks|Spikes|p2a: Volcarona
|-sidestart|p2: af lele.tomas|Spikes
|
|-weather|SunnyDay|[upkeep]
|turn|15
|
|move|p1a: Sandy Shocks|Volt Switch|p2a: Volcarona
|-damage|p2a: Volcarona|66/100
|
|-end|p1a: Sandy Shocks|Protosynthesis|[silent]
|switch|p1a: Walking Wake|Walking Wake|84/100|[from] Volt Switch
|-activate|p1a: Walking Wake|ability: Protosynthesis
|-start|p1a: Walking Wake|protosynthesisspe
|move|p2a: Volcarona|Quiver Dance|p2a: Volcarona
|-boost|p2a: Volcarona|spa|1
|-boost|p2a: Volcarona|spd|1
|-boost|p2a: Volcarona|spe|1
|
|-weather|SunnyDay|[upkeep]
|turn|16
|
|move|p1a: Walking Wake|Hydro Steam|p2a: Volcarona
|-supereffective|p2a: Volcarona
|-damage|p2a: Volcarona|0 fnt
|faint|p2a: Volcarona
|
|-weather|SunnyDay|[upkeep]
|j| viveleroidefrance
|l| viveleroidefrance
|
|switch|p2a: Indeedee|Indeedee, M|100/100
|-damage|p2a: Indeedee|88/100|[from] Spikes
|turn|17
|l| misterioussaint
|
|move|p1a: Walking Wake|Hydro Steam|p2a: Indeedee
|-damage|p2a: Indeedee|0 fnt
|faint|p2a: Indeedee
|
|-weather|SunnyDay|[upkeep]
|
|switch|p2a: Armarouge|Armarouge, M, tera:Psychic|100/100
|-damage|p2a: Armarouge|88/100|[from] Spikes
|turn|18
|
|move|p1a: Walking Wake|Hydro Steam|p2a: Armarouge
|-damage|p2a: Armarouge|0 fnt
|faint|p2a: Armarouge
|
|win|HYper
|j| misterioussaint
|l|☆af lele.tomas
|l| Ahsan-219
|l| shedtailhater
|l|☆HYper
