# advantage = p2
|poke|p1|Urshifu-*, M|
|poke|p1|Dragapult, M|
|poke|p1|Corviknight, F|
|poke|p1|Landorus-Therian, M|
|poke|p1|Magnezone|
|poke|p1|Dragonite, F|
|poke|p2|Toxapex, M|
|poke|p2|Garganacl, F|
|poke|p2|Gholdengo|
|poke|p2|Tyranitar, M|
|poke|p2|Slowking-Galar, F|
|poke|p2|Rotom-Wash|
|teampreview
|
|start
|switch|p1a: Urshifu|Urshifu-Rapid-Strike, M|100/100
|switch|p2a: Rotom|Rotom-Wash|100/100
|turn|1
|
|move|p1a: Urshifu|U-turn|p2a: Rotom
|-damage|p2a: Rotom|70/100
|
|switch|p1a: Landorus|Landorus-Therian, M|100/100|[from] U-turn
|-ability|p1a: Landorus|Intimidate|boost
|-unboost|p2a: Rotom|atk|1
|move|p2a: Rotom|Volt Switch|p1a: Landorus
|-immune|p1a: Landorus
|
|-heal|p2a: Rotom|76/100|[from] item: Leftovers
|turn|2
|
|switch|p1a: Dragapult|Dragapult, M|100/100
|move|p2a: Rotom|Hydro Pump|p1a: Dragapult
|-resisted|p1a: Dragapult
|-damage|p1a: Dragapult|76/100
|
|-heal|p2a: Rotom|83/100|[from] item: Leftovers
|turn|3
|
|switch|p2a: Tyranitar|Tyranitar, M|100/100
|-weather|Sandstorm|[from] ability: Sand Stream|[of] p2a: Tyranitar
|move|p1a: Dragapult|Draco Meteor|p2a: Tyranitar
|-damage|p2a: Tyranitar|66/100
|-unboost|p1a: Dragapult|spa|2
|
|-weather|Sandstorm|[upkeep]
|-damage|p1a: Dragapult|70/100|[from] Sandstorm
|-heal|p2a: Tyranitar|73/100|[from] item: Leftovers
|turn|4
|
|switch|p1a: Landorus|Landorus-Therian, M|100/100
|-ability|p1a: Landorus|Intimidate|boost
|-unboost|p2a: Tyranitar|atk|1
|move|p2a: Tyranitar|Ice Beam|p1a: Landorus
|-supereffective|p1a: Landorus
|-damage|p1a: Landorus|44/100
|
|-weather|Sandstorm|[upkeep]
|-heal|p1a: Landorus|50/100|[from] item: Leftovers
|-heal|p2a: Tyranitar|79/100|[from] item: Leftovers
|turn|5
|
|switch|p2a: Rotom|Rotom-Wash|83/100
|move|p1a: Landorus|Stealth Rock|p2a: Rotom
|-sidestart|p2: p2|move: Stealth Rock
|
|-weather|Sandstorm|[upkeep]
|-damage|p2a: Rotom|76/100|[from] Sandstorm
|-heal|p2a: Rotom|83/100|[from] item: Leftovers
|-heal|p1a: Landorus|56/100|[from] item: Leftovers
|turn|6
|
|move|p2a: Rotom|Hydro Pump|p1a: Landorus|[miss]
|-miss|p2a: Rotom|p1a: Landorus
|move|p1a: Landorus|U-turn|p2a: Rotom
|-damage|p2a: Rotom|66/100
|
|switch|p1a: Dragapult|Dragapult, M|70/100|[from] U-turn
|
|-weather|Sandstorm|[upkeep]
|-damage|p1a: Dragapult|64/100|[from] Sandstorm
|-damage|p2a: Rotom|60/100|[from] Sandstorm
|-heal|p2a: Rotom|66/100|[from] item: Leftovers
|turn|7
|
|move|p2a: Rotom|Protect|p2a: Rotom
|-singleturn|p2a: Rotom|Protect
|move|p1a: Dragapult|U-turn|p2a: Rotom
|-activate|p2a: Rotom|move: Protect
|
|-weather|none
|-heal|p2a: Rotom|72/100|[from] item: Leftovers
|turn|8
|
|move|p1a: Dragapult|U-turn|p2a: Rotom
|-damage|p2a: Rotom|58/100
|
|switch|p1a: Magnezone|Magnezone|100/100|[from] U-turn
|move|p2a: Rotom|Volt Switch|p1a: Magnezone
|-resisted|p1a: Magnezone
|-damage|p1a: Magnezone|83/100
|
|switch|p2a: Slowking|Slowking-Galar, F|100/100|[from] Volt Switch
|-damage|p2a: Slowking|88/100|[from] Stealth Rock
|
|-heal|p2a: Slowking|94/100|[from] item: Leftovers
|turn|9
|
|move|p1a: Magnezone|Volt Switch|p2a: Slowking
|-crit|p2a: Slowking
|-damage|p2a: Slowking|51/100
|
|switch|p1a: Landorus|Landorus-Therian, M|56/100|[from] Volt Switch
|-ability|p1a: Landorus|Intimidate|boost
|-unboost|p2a: Slowking|atk|1
|move|p2a: Slowking|Flamethrower|p1a: Landorus
|-damage|p1a: Landorus|38/100
|
|-heal|p1a: Landorus|44/100|[from] item: Leftovers
|-heal|p2a: Slowking|57/100|[from] item: Leftovers
|turn|10
|
|move|p1a: Landorus|U-turn|p2a: Slowking
|-damage|p2a: Slowking|39/100
|
|switch|p1a: Urshifu|Urshifu-Rapid-Strike, M|100/100|[from] U-turn
|move|p2a: Slowking|Calm Mind|p2a: Slowking
|-boost|p2a: Slowking|spa|1
|-boost|p2a: Slowking|spd|1
|
|-heal|p2a: Slowking|45/100|[from] item: Leftovers
|turn|11
|
|switch|p2a: Toxapex|Toxapex, M|100/100
|-damage|p2a: Toxapex|88/100|[from] Stealth Rock
|move|p1a: Urshifu|U-turn|p2a: Toxapex
|-resisted|p2a: Toxapex
|-damage|p2a: Toxapex|76/100
|
|switch|p1a: Magnezone|Magnezone|83/100|[from] U-turn
|
|-heal|p2a: Toxapex|82/100|[from] item: Leftovers
|turn|12
|
|switch|p2a: Slowking|Slowking-Galar, F|79/100
|-damage|p2a: Slowking|66/100|[from] Stealth Rock
|move|p1a: Magnezone|Thunderbolt|p2a: Slowking
|-damage|p2a: Slowking|28/100
|
|-heal|p2a: Slowking|34/100|[from] item: Leftovers
|turn|13
|
|move|p1a: Magnezone|Thunderbolt|p2a: Slowking
|-damage|p2a: Slowking|1/100
|move|p2a: Slowking|Slack Off|p2a: Slowking
|-heal|p2a: Slowking|51/100
|
|-heal|p2a: Slowking|57/100|[from] item: Leftovers
|turn|14
|
|switch|p1a: Landorus|Landorus-Therian, M|44/100
|-ability|p1a: Landorus|Intimidate|boost
|-unboost|p2a: Slowking|atk|1
|move|p2a: Slowking|Slack Off|p2a: Slowking
|-heal|p2a: Slowking|100/100
|
|-heal|p1a: Landorus|50/100|[from] item: Leftovers
|turn|15
|
|move|p1a: Landorus|Earthquake|p2a: Slowking
|-supereffective|p2a: Slowking
|-damage|p2a: Slowking|29/100
|move|p2a: Slowking|Psyshock|p1a: Landorus
|-damage|p1a: Landorus|22/100
|
|-heal|p1a: Landorus|28/100|[from] item: Leftovers
|-heal|p2a: Slowking|35/100|[from] item: Leftovers
|turn|16
|
|move|p1a: Landorus|U-turn|p2a: Slowking
|-damage|p2a: Slowking|18/100
|
|switch|p1a: Urshifu|Urshifu-Rapid-Strike, M|100/100|[from] U-turn
|move|p2a: Slowking|Slack Off|p2a: Slowking
|-heal|p2a: Slowking|68/100
|
|-heal|p2a: Slowking|74/100|[from] item: Leftovers
|turn|17
|
|move|p1a: Urshifu|Surging Strikes|p2a: Slowking
|-crit|p2a: Slowking
|-damage|p2a: Slowking|53/100
|-crit|p2a: Slowking
|-damage|p2a: Slowking|31/100
|-crit|p2a: Slowking
|-damage|p2a: Slowking|12/100
|-hitcount|p2a: Slowking|3
|move|p2a: Slowking|Psyshock|p1a: Urshifu
|-supereffective|p1a: Urshifu
|-damage|p1a: Urshifu|38/100
|
|-heal|p2a: Slowking|18/100|[from] item: Leftovers
|turn|18
|
|switch|p1a: Magnezone|Magnezone|83/100
|switch|p2a: Toxapex|Toxapex, M|100/100
|-damage|p2a: Toxapex|88/100|[from] Stealth Rock
|
|-heal|p2a: Toxapex|94/100|[from] item: Leftovers
|turn|19
|
|switch|p2a: Garganacl|Garganacl, F|100/100
|-damage|p2a: Garganacl|88/100|[from] Stealth Rock
|move|p1a: Magnezone|Thunderbolt|p2a: Garganacl
|-damage|p2a: Garganacl|49/100
|
|-heal|p2a: Garganacl|55/100|[from] item: Leftovers
|turn|20
|
|switch|p1a: Landorus|Landorus-Therian, M|28/100
|-ability|p1a: Landorus|Intimidate|boost
|-unboost|p2a: Garganacl|atk|1
|move|p2a: Garganacl|Recover|p2a: Garganacl
|-heal|p2a: Garganacl|100/100
|
|-heal|p1a: Landorus|34/100|[from] item: Leftovers
|turn|21
|
|switch|p2a: Rotom|Rotom-Wash|58/100
|-damage|p2a: Rotom|46/100|[from] Stealth Rock
|move|p1a: Landorus|Earthquake|p2a: Rotom
|-immune|p2a: Rotom|[from] ability: Levitate
|
|-heal|p2a: Rotom|52/100|[from] item: Leftovers
|-heal|p1a: Landorus|40/100|[from] item: Leftovers
|turn|22
|
|switch|p1a: Dragapult|Dragapult, M|64/100
|move|p2a: Rotom|Hydro Pump|p1a: Dragapult
|-resisted|p1a: Dragapult
|-damage|p1a: Dragapult|36/100
|
|-heal|p2a: Rotom|58/100|[from] item: Leftovers
|turn|23
|
|move|p2a: Rotom|Protect|p2a: Rotom
|-singleturn|p2a: Rotom|Protect
|move|p1a: Dragapult|Draco Meteor|p2a: Rotom
|-activate|p2a: Rotom|move: Protect
|
|-heal|p2a: Rotom|64/100|[from] item: Leftovers
|turn|24
|
|switch|p1a: Magnezone|Magnezone|83/100
|switch|p2a: Gholdengo|Gholdengo|100/100
|-damage|p2a: Gholdengo|94/100|[from] Stealth Rock
|
|turn|25
|
|move|p2a: Gholdengo|Focus Blast|p1a: Magnezone
|-supereffective|p1a: Magnezone
|-damage|p1a: Magnezone|0 fnt
|faint|p1a: Magnezone
|
|
|switch|p1a: Dragonite|Dragonite, F|100/100
|turn|26
|
|switch|p2a: Rotom|Rotom-Wash|64/100
|-damage|p2a: Rotom|52/100|[from] Stealth Rock
|move|p1a: Dragonite|Outrage|p2a: Rotom
|-damage|p2a: Rotom|0 fnt
|faint|p2a: Rotom
|
|
|switch|p2a: Toxapex|Toxapex, M|100/100
|-damage|p2a: Toxapex|88/100|[from] Stealth Rock
|turn|27
|
|move|p1a: Dragonite|Outrage|p2a: Toxapex|[from]lockedmove
|-damage|p2a: Toxapex|25/100
|move|p2a: Toxapex|Toxic|p1a: Dragonite
|-status|p1a: Dragonite|tox
|
|-heal|p2a: Toxapex|31/100|[from] item: Leftovers
|-damage|p1a: Dragonite|94/100 tox|[from] psn
|turn|28
|
|switch|p2a: Gholdengo|Gholdengo|94/100
|-damage|p2a: Gholdengo|88/100|[from] Stealth Rock
|move|p1a: Dragonite|Outrage|p2a: Gholdengo|[from]lockedmove
|-resisted|p2a: Gholdengo
|-damage|p2a: Gholdengo|26/100
|-start|p1a: Dragonite|confusion|[fatigue]
|
|-damage|p1a: Dragonite|82/100 tox|[from] psn
|turn|29
|
|switch|p1a: Corviknight|Corviknight, F|100/100
|-ability|p1a: Corviknight|Pressure
|move|p2a: Gholdengo|Make It Rain|p1a: Corviknight
|-resisted|p1a: Corviknight
|-damage|p1a: Corviknight|79/100
|-unboost|p2a: Gholdengo|spa|1
|
|-heal|p1a: Corviknight|85/100|[from] item: Leftovers
|turn|30
|
|switch|p2a: Toxapex|Toxapex, M|64/100
|-damage|p2a: Toxapex|52/100|[from] Stealth Rock
|move|p1a: Corviknight|Brave Bird|p2a: Toxapex
|-damage|p2a: Toxapex|28/100
|-damage|p1a: Corviknight|79/100|[from] Recoil
|
|-heal|p1a: Corviknight|85/100|[from] item: Leftovers
|-heal|p2a: Toxapex|34/100|[from] item: Leftovers
|turn|31
|
|move|p1a: Corviknight|U-turn|p2a: Toxapex
|-resisted|p2a: Toxapex
|-damage|p2a: Toxapex|30/100
|
|switch|p1a: Landorus|Landorus-Therian, M|40/100|[from] U-turn
|-ability|p1a: Landorus|Intimidate|boost
|-unboost|p2a: Toxapex|atk|1
|move|p2a: Toxapex|Recover|p2a: Toxapex
|-heal|p2a: Toxapex|80/100
|
|-heal|p1a: Landorus|46/100|[from] item: Leftovers
|-heal|p2a: Toxapex|86/100|[from] item: Leftovers
|turn|32
|
|move|p1a: Landorus|Earthquake|p2a: Toxapex
|-supereffective|p2a: Toxapex
|-damage|p2a: Toxapex|27/100
|move|p2a: Toxapex|Toxic|p1a: Landorus
|-status|p1a: Landorus|tox
|
|-heal|p1a: Landorus|52/100 tox|[from] item: Leftovers
|-heal|p2a: Toxapex|33/100|[from] item: Leftovers
|-damage|p1a: Landorus|46/100 tox|[from] psn
|turn|33
|
|switch|p2a: Slowking|Slowking-Galar, F|51/100
|-damage|p2a: Slowking|39/100|[from] Stealth Rock
|move|p1a: Landorus|Earthquake|p2a: Slowking
|-supereffective|p2a: Slowking
|-damage|p2a: Slowking|0 fnt
|faint|p2a: Slowking
|
|-heal|p1a: Landorus|52/100 tox|[from] item: Leftovers
|-damage|p1a: Landorus|40/100 tox|[from] psn
|
|switch|p2a: Gholdengo|Gholdengo|26/100
|-damage|p2a: Gholdengo|20/100|[from] Stealth Rock
|turn|34
|
|switch|p1a: Corviknight|Corviknight, F|85/100
|-ability|p1a: Corviknight|Pressure
|move|p2a: Gholdengo|Make It Rain|p1a: Corviknight
|-resisted|p1a: Corviknight
|-damage|p1a: Corviknight|63/100
|-unboost|p2a: Gholdengo|spa|1
|
|-heal|p1a: Corviknight|69/100|[from] item: Leftovers
|turn|35
|
|switch|p2a: Garganacl|Garganacl, F|100/100
|-damage|p2a: Garganacl|88/100|[from] Stealth Rock
|move|p1a: Corviknight|Brave Bird|p2a: Garganacl
|-resisted|p2a: Garganacl
|-damage|p2a: Garganacl|78/100
|-damage|p1a: Corviknight|66/100|[from] Recoil
|
|-heal|p1a: Corviknight|72/100|[from] item: Leftovers
|-heal|p2a: Garganacl|84/100|[from] item: Leftovers
|turn|36
|
|move|p1a: Corviknight|U-turn|p2a: Garganacl
|-damage|p2a: Garganacl|77/100
|
|switch|p1a: Landorus|Landorus-Therian, M|40/100 tox|[from] U-turn
|-ability|p1a: Landorus|Intimidate|boost
|-unboost|p2a: Garganacl|atk|1
|move|p2a: Garganacl|Salt Cure|p1a: Landorus
|-damage|p1a: Landorus|30/100 tox
|-start|p1a: Landorus|Salt Cure
|
|-heal|p1a: Landorus|36/100 tox|[from] item: Leftovers
|-heal|p2a: Garganacl|83/100|[from] item: Leftovers
|-damage|p1a: Landorus|30/100 tox|[from] psn
|-damage|p1a: Landorus|18/100 tox|[from] Salt Cure
|turn|37
|
|switch|p2a: Tyranitar|Tyranitar, M|79/100
|-damage|p2a: Tyranitar|66/100|[from] Stealth Rock
|-weather|Sandstorm|[from] ability: Sand Stream|[of] p2a: Tyranitar
|move|p1a: Landorus|Earthquake|p2a: Tyranitar
|-supereffective|p2a: Tyranitar
|-damage|p2a: Tyranitar|0 fnt
|faint|p2a: Tyranitar
|
|-weather|Sandstorm|[upkeep]
|-heal|p1a: Landorus|24/100 tox|[from] item: Leftovers
|-damage|p1a: Landorus|12/100 tox|[from] psn
|-damage|p1a: Landorus|0 fnt|[from] Salt Cure
|faint|p1a: Landorus
|
|switch|p1a: Dragapult|Dragapult, M|36/100
|switch|p2a: Toxapex|Toxapex, M|66/100
|-damage|p2a: Toxapex|54/100|[from] Stealth Rock
|turn|38
|
|-terastallize|p1a: Dragapult|Ghost
|move|p1a: Dragapult|Shadow Ball|p2a: Toxapex
|-damage|p2a: Toxapex|0 fnt
|faint|p2a: Toxapex
|
|-weather|Sandstorm|[upkeep]
|-damage|p1a: Dragapult|30/100|[from] Sandstorm
|
|switch|p2a: Garganacl|Garganacl, F|83/100
|-damage|p2a: Garganacl|71/100|[from] Stealth Rock
|turn|39
|
|move|p1a: Dragapult|Shadow Ball|p2a: Garganacl
|-damage|p2a: Garganacl|50/100
|move|p2a: Garganacl|Curse|p2a: Garganacl
|-unboost|p2a: Garganacl|spe|1
|-boost|p2a: Garganacl|atk|1
|-boost|p2a: Garganacl|def|1
|
|-weather|Sandstorm|[upkeep]
|-damage|p1a: Dragapult|24/100|[from] Sandstorm
|-heal|p2a: Garganacl|56/100|[from] item: Leftovers
|turn|40
|
|move|p1a: Dragapult|Shadow Ball|p2a: Garganacl
|-damage|p2a: Garganacl|37/100
|move|p2a: Garganacl|Recover|p2a: Garganacl
|-heal|p2a: Garganacl|87/100
|
|-weather|Sandstorm|[upkeep]
|-damage|p1a: Dragapult|18/100|[from] Sandstorm
|-heal|p2a: Garganacl|93/100|[from] item: Leftovers
|turn|41
|
|move|p1a: Dragapult|Shadow Ball|p2a: Garganacl
|-damage|p2a: Garganacl|73/100
|move|p2a: Garganacl|Curse|p2a: Garganacl
|-unboost|p2a: Garganacl|spe|1
|-boost|p2a: Garganacl|atk|1
|-boost|p2a: Garganacl|def|1
|
|-weather|none
|-heal|p2a: Garganacl|79/100|[from] item: Leftovers
|turn|42
|
|move|p1a: Dragapult|Shadow Ball|p2a: Garganacl
|-damage|p2a: Garganacl|50/100
|move|p2a: Garganacl|Curse|p2a: Garganacl
|-unboost|p2a: Garganacl|spe|1
|-boost|p2a: Garganacl|atk|1
|-boost|p2a: Garganacl|def|1
|
|-heal|p2a: Garganacl|57/100|[from] item: Leftovers
|turn|43
|
|move|p1a: Dragapult|Shadow Ball|p2a: Garganacl
|-damage|p2a: Garganacl|26/100
|move|p2a: Garganacl|Recover|p2a: Garganacl
|-heal|p2a: Garganacl|76/100
|
|-heal|p2a: Garganacl|83/100|[from] item: Leftovers
|turn|44
|
|move|p1a: Dragapult|Shadow Ball|p2a: Garganacl
|-damage|p2a: Garganacl|51/100
|move|p2a: Garganacl|Curse|p2a: Garganacl
|-unboost|p2a: Garganacl|spe|1
|-boost|p2a: Garganacl|atk|1
|-boost|p2a: Garganacl|def|1
|
|-heal|p2a: Garganacl|57/100|[from] item: Leftovers
|turn|45
|
|move|p1a: Dragapult|Shadow Ball|p2a: Garganacl
|-damage|p2a: Garganacl|28/100
|move|p2a: Garganacl|Recover|p2a: Garganacl
|-heal|p2a: Garganacl|78/100
|
|-heal|p2a: Garganacl|84/100|[from] item: Leftovers
|turn|46
|
|move|p1a: Dragapult|Shadow Ball|p2a: Garganacl
|-crit|p2a: Garganacl
|-damage|p2a: Garganacl|42/100
|move|p2a: Garganacl|Recover|p2a: Garganacl
|-heal|p2a: Garganacl|92/100
|
|-heal|p2a: Garganacl|98/100|[from] item: Leftovers
|turn|47
|
|move|p1a: Dragapult|Shadow Ball|p2a: Garganacl
|-damage|p2a: Garganacl|70/100
|-unboost|p2a: Garganacl|spd|1
|move|p2a: Garganacl|Salt Cure|p1a: Dragapult
|-damage|p1a: Dragapult|0 fnt
|faint|p1a: Dragapult
|
|-heal|p2a: Garganacl|76/100|[from] item: Leftovers
|
|switch|p1a: Urshifu|Urshifu-Rapid-Strike, M|38/100
|turn|48
|
|-terastallize|p2a: Garganacl|Water
|move|p1a: Urshifu|U-turn|p2a: Garganacl
|-damage|p2a: Garganacl|69/100
|
|switch|p1a: Corviknight|Corviknight, F|72/100|[from] U-turn
|-ability|p1a: Corviknight|Pressure
|move|p2a: Garganacl|Recover|p2a: Garganacl
|-heal|p2a: Garganacl|100/100
|
|-heal|p1a: Corviknight|78/100|[from] item: Leftovers
|turn|49
|
|move|p1a: Corviknight|Brave Bird|p2a: Garganacl
|-damage|p2a: Garganacl|93/100
|-damage|p1a: Corviknight|76/100|[from] Recoil
|move|p2a: Garganacl|Salt Cure|p1a: Corviknight
|-damage|p1a: Corviknight|40/100
|-start|p1a: Corviknight|Salt Cure
|
|-heal|p1a: Corviknight|46/100|[from] item: Leftovers
|-heal|p2a: Garganacl|99/100|[from] item: Leftovers
|-damage|p1a: Corviknight|21/100|[from] Salt Cure
|turn|50
|
|move|p1a: Corviknight|Brave Bird|p2a: Garganacl
|-damage|p2a: Garganacl|93/100
|-damage|p1a: Corviknight|19/100|[from] Recoil
|move|p2a: Garganacl|Earthquake|p1a: Corviknight
|-immune|p1a: Corviknight
|
|-heal|p1a: Corviknight|25/100|[from] item: Leftovers
|-heal|p2a: Garganacl|99/100|[from] item: Leftovers
|-damage|p1a: Corviknight|0 fnt|[from] Salt Cure
|faint|p1a: Corviknight
|
|switch|p1a: Urshifu|Urshifu-Rapid-Strike, M|38/100
|turn|51
|
|move|p1a: Urshifu|Close Combat|p2a: Garganacl
|-damage|p2a: Garganacl|80/100
|-unboost|p1a: Urshifu|def|1
|-unboost|p1a: Urshifu|spd|1
|move|p2a: Garganacl|Earthquake|p1a: Urshifu
|-damage|p1a: Urshifu|0 fnt
|faint|p1a: Urshifu
|
|-heal|p2a: Garganacl|86/100|[from] item: Leftovers
|
|switch|p1a: Dragonite|Dragonite, F|82/100 tox
|turn|52
|
|move|p1a: Dragonite|Outrage|p2a: Garganacl
|-damage|p2a: Garganacl|66/100
|move|p2a: Garganacl|Salt Cure|p1a: Dragonite
|-supereffective|p1a: Dragonite
|-damage|p1a: Dragonite|0 fnt
|faint|p1a: Dragonite
|
|win|p2
