|poke|p1|Samurott-Hisui, M|
|poke|p1|Dragapult, M|
|poke|p1|Sneasler, M|
|poke|p1|Magearna|
|poke|p1|Volcarona, F|
|poke|p1|Zamazenta-*|
|poke|p2|Rillaboom, M|
|poke|p2|Volcarona, M|
|poke|p2|Dragonite, M|
|poke|p2|Great Tusk|
|poke|p2|Roaring Moon|
|poke|p2|Urshifu-*, M|
|teampreview
|
|start
|switch|p1a: Samurott|Samurott-Hisui, M|100/100
|switch|p2a: Urshifu|Urshifu-Rapid-Strike, M|100/100
|turn|1
|
|switch|p1a: Dragapult|Dragapult, M|100/100
|move|p2a: Urshifu|Close Combat|p1a: Dragapult
|-immune|p1a: Dragapult
|
|turn|2
|
|move|p1a: Dragapult|Reflect|p1a: Dragapult
|-sidestart|p1: i♡concedingearly|Reflect
|move|p2a: Urshifu|Ice Spinner|p1a: Dragapult
|-supereffective|p1a: Dragapult
|-damage|p1a: Dragapult|61/100
|
|turn|3
|
|move|p1a: Dragapult|Light Screen|p1a: Dragapult
|-sidestart|p1: i♡concedingearly|move: Light Screen
|move|p2a: Urshifu|Ice Spinner|p1a: Dragapult
|-supereffective|p1a: Dragapult
|-damage|p1a: Dragapult|23/100
|
|turn|4
|
|move|p1a: Dragapult|Curse|p2a: Urshifu
|-start|p2a: Urshifu|Curse|[of] p1a: Dragapult
|-damage|p1a: Dragapult|0 fnt
|faint|p1a: Dragapult
|move|p2a: Urshifu|Surging Strikes|p1: Dragapult|[notarget]
|-fail|p2a: Urshifu
|
|-damage|p2a: Urshifu|76/100|[from] Curse
|
|switch|p1a: Magearna|Magearna|100/100
|turn|5
|
|move|p2a: Urshifu|Surging Strikes|p1a: Magearna
|-crit|p1a: Magearna
|-damage|p1a: Magearna|85/100
|-crit|p1a: Magearna
|-damage|p1a: Magearna|69/100
|-crit|p1a: Magearna
|-damage|p1a: Magearna|53/100
|-hitcount|p1a: Magearna|3
|move|p1a: Magearna|Iron Defense|p1a: Magearna
|-boost|p1a: Magearna|def|2
|
|-heal|p1a: Magearna|59/100|[from] item: Leftovers
|-damage|p2a: Urshifu|51/100|[from] Curse
|turn|6
|
|move|p2a: Urshifu|Surging Strikes|p1a: Magearna
|-crit|p1a: Magearna
|-damage|p1a: Magearna|45/100
|-crit|p1a: Magearna
|-damage|p1a: Magearna|29/100
|-crit|p1a: Magearna
|-damage|p1a: Magearna|13/100
|-hitcount|p1a: Magearna|3
|move|p1a: Magearna|Calm Mind|p1a: Magearna
|-boost|p1a: Magearna|spa|1
|-boost|p1a: Magearna|spd|1
|
|-heal|p1a: Magearna|19/100|[from] item: Leftovers
|-damage|p2a: Urshifu|26/100|[from] Curse
|turn|7
|
|-terastallize|p1a: Magearna|Water
|move|p2a: Urshifu|Surging Strikes|p1a: Magearna
|-resisted|p1a: Magearna
|-crit|p1a: Magearna
|-damage|p1a: Magearna|11/100
|-resisted|p1a: Magearna
|-crit|p1a: Magearna
|-damage|p1a: Magearna|3/100
|-resisted|p1a: Magearna
|-crit|p1a: Magearna
|-damage|p1a: Magearna|0 fnt
|faint|p1a: Magearna
|-hitcount|p1: Magearna|3
|
|-damage|p2a: Urshifu|1/100|[from] Curse
|
|switch|p1a: Sneasler|Sneasler, M|100/100
|-item|p1a: Sneasler|Air Balloon
|turn|8
|
|move|p2a: Urshifu|Aqua Jet|p1a: Sneasler
|-damage|p1a: Sneasler|86/100
|-enditem|p1a: Sneasler|Air Balloon
|move|p1a: Sneasler|Dire Claw|p2a: Urshifu
|-damage|p2a: Urshifu|0 fnt
|faint|p2a: Urshifu
|
|
|switch|p2a: Dragonite|Dragonite, M|100/100
|turn|9
|
|move|p1a: Sneasler|Dire Claw|p2a: Dragonite
|-damage|p2a: Dragonite|75/100
|-status|p2a: Dragonite|psn
|move|p2a: Dragonite|Dragon Dance|p2a: Dragonite
|-boost|p2a: Dragonite|atk|1
|-boost|p2a: Dragonite|spe|1
|
|-damage|p2a: Dragonite|62/100 psn|[from] psn
|-sideend|p1: i♡concedingearly|Reflect
|turn|10
|
|switch|p1a: Samurott|Samurott-Hisui, M|100/100
|move|p2a: Dragonite|Extreme Speed|p1a: Samurott
|-damage|p1a: Samurott|43/100
|
|-damage|p2a: Dragonite|50/100 psn|[from] psn
|-sideend|p1: i♡concedingearly|move: Light Screen
|turn|11
|
|move|p2a: Dragonite|Extreme Speed|p1a: Samurott
|-damage|p1a: Samurott|0 fnt
|faint|p1a: Samurott
|
|-damage|p2a: Dragonite|38/100 psn|[from] psn
|-message|i♡concedingearly forfeited.
|
|win|Tomasu Dejuru
