|poke|p1|Landorus-Therian, M|
|poke|p1|Chien-Pao|
|poke|p1|Dragapult, F|
|poke|p1|Corviknight, F|
|poke|p1|Azumarill, F|
|poke|p1|Heatran, F|
|poke|p2|Rotom-Wash|
|poke|p2|Meowscarada, M|
|poke|p2|Great Tusk|
|poke|p2|Gholdengo|
|poke|p2|Roaring Moon|
|poke|p2|Iron Valiant|
|teampreview
|j| pdxt
|
|start
|switch|p1a: Landorus|Landorus-Therian, M|100/100
|switch|p2a: Great Tusk|Great Tusk|100/100
|-ability|p1a: Landorus|Intimidate|boost
|-unboost|p2a: Great Tusk|atk|1
|-enditem|p2a: Great Tusk|Booster Energy
|-activate|p2a: Great Tusk|ability: Protosynthesis|[fromitem]
|-start|p2a: Great Tusk|protosynthesisspe
|turn|1
|
|switch|p1a: Azumarill|Azumarill, F|100/100
|move|p2a: Great Tusk|Knock Off|p1a: Azumarill
|-resisted|p1a: Azumarill
|-damage|p1a: Azumarill|91/100
|-enditem|p1a: Azumarill|Assault Vest|[from] move: Knock Off|[of] p2a: Great Tusk
|
|turn|2
|
|move|p2a: Great Tusk|Stealth Rock|p1a: Azumarill
|-sidestart|p1: royalrapids|move: Stealth Rock
|move|p1a: Azumarill|Play Rough|p2a: Great Tusk
|-supereffective|p2a: Great Tusk
|-damage|p2a: Great Tusk|34/100
|
|turn|3
|
|-end|p2a: Great Tusk|Protosynthesis|[silent]
|switch|p2a: Meowscarada|Meowscarada, M|100/100
|move|p1a: Azumarill|Play Rough|p2a: Meowscarada
|-supereffective|p2a: Meowscarada
|-enditem|p2a: Meowscarada|Focus Sash
|-damage|p2a: Meowscarada|1/100
|
|turn|4
|
|move|p1a: Azumarill|Aqua Jet|p2a: Meowscarada
|-resisted|p2a: Meowscarada
|-damage|p2a: Meowscarada|0 fnt
|faint|p2a: Meowscarada
|
|
|switch|p2a: Rotom|Rotom-Wash|100/100
|turn|5
|
|switch|p1a: Landorus|Landorus-Therian, M|100/100
|-damage|p1a: Landorus|88/100|[from] Stealth Rock
|-ability|p1a: Landorus|Intimidate|boost
|-unboost|p2a: Rotom|atk|1
|move|p2a: Rotom|Thunder Wave|p1a: Landorus
|-immune|p1a: Landorus
|
|-heal|p1a: Landorus|94/100|[from] item: Leftovers
|turn|6
|
|move|p1a: Landorus|Stealth Rock|p2a: Rotom
|-sidestart|p2: Slurp Slurpity|move: Stealth Rock
|move|p2a: Rotom|Nasty Plot|p2a: Rotom
|-boost|p2a: Rotom|spa|2
|
|-heal|p1a: Landorus|100/100|[from] item: Leftovers
|turn|7
|
|move|p2a: Rotom|Hydro Pump|p1a: Landorus
|-supereffective|p1a: Landorus
|-damage|p1a: Landorus|0 fnt
|faint|p1a: Landorus
|
|
|switch|p1a: Corviknight|Corviknight, F|100/100
|-damage|p1a: Corviknight|88/100|[from] Stealth Rock
|-ability|p1a: Corviknight|Pressure
|turn|8
|
|move|p2a: Rotom|Volt Switch|p1a: Corviknight
|-supereffective|p1a: Corviknight
|-damage|p1a: Corviknight|0 fnt
|faint|p1a: Corviknight
|
|switch|p2a: Great Tusk|Great Tusk|34/100|[from] Volt Switch
|-damage|p2a: Great Tusk|31/100|[from] Stealth Rock
|
|
|switch|p1a: Azumarill|Azumarill, F|91/100
|-damage|p1a: Azumarill|78/100|[from] Stealth Rock
|turn|9
|
|move|p2a: Great Tusk|Rapid Spin|p1a: Azumarill
|-damage|p1a: Azumarill|64/100
|-boost|p2a: Great Tusk|spe|1
|-sideend|p2: Slurp Slurpity|Stealth Rock|[from] move: Rapid Spin|[of] p2a: Great Tusk
|move|p1a: Azumarill|Liquidation|p2a: Great Tusk
|-supereffective|p2a: Great Tusk
|-damage|p2a: Great Tusk|0 fnt
|faint|p2a: Great Tusk
|-end|p2a: Great Tusk|Protosynthesis|[silent]
|
|
|switch|p2a: Rotom|Rotom-Wash|100/100
|turn|10
|
|switch|p1a: Dragapult|Dragapult, F|100/100
|-damage|p1a: Dragapult|88/100|[from] Stealth Rock
|move|p2a: Rotom|Nasty Plot|p2a: Rotom
|-boost|p2a: Rotom|spa|2
|
|turn|11
|
|move|p1a: Dragapult|Draco Meteor|p2a: Rotom
|-damage|p2a: Rotom|17/100
|-unboost|p1a: Dragapult|spa|2
|move|p2a: Rotom|Thunder Wave|p1a: Dragapult|[miss]
|-miss|p2a: Rotom|p1a: Dragapult
|
|-heal|p2a: Rotom|24/100|[from] item: Leftovers
|turn|12
|
|move|p1a: Dragapult|Draco Meteor|p2a: Rotom|[miss]
|-miss|p1a: Dragapult|p2a: Rotom
|move|p2a: Rotom|Thunder Wave|p1a: Dragapult
|-status|p1a: Dragapult|par
|
|-heal|p2a: Rotom|30/100|[from] item: Leftovers
|turn|13
|
|move|p2a: Rotom|Volt Switch|p1a: Dragapult
|-resisted|p1a: Dragapult
|-damage|p1a: Dragapult|55/100 par
|
|switch|p2a: Iron Valiant|Iron Valiant|100/100|[from] Volt Switch
|-enditem|p2a: Iron Valiant|Booster Energy
|-activate|p2a: Iron Valiant|ability: Quark Drive|[fromitem]
|-start|p2a: Iron Valiant|quarkdrivespe
|move|p1a: Dragapult|Draco Meteor|p2a: Iron Valiant
|-immune|p2a: Iron Valiant
|
|turn|14
|
|switch|p1a: Heatran|Heatran, F|100/100
|-damage|p1a: Heatran|88/100|[from] Stealth Rock
|move|p2a: Iron Valiant|Moonblast|p1a: Heatran
|-resisted|p1a: Heatran
|-damage|p1a: Heatran|81/100
|
|-heal|p1a: Heatran|87/100|[from] item: Leftovers
|turn|15
|
|-end|p2a: Iron Valiant|Quark Drive|[silent]
|switch|p2a: Rotom|Rotom-Wash|30/100
|move|p1a: Heatran|Flash Cannon|p2a: Rotom
|-resisted|p2a: Rotom
|-damage|p2a: Rotom|23/100
|
|-heal|p2a: Rotom|29/100|[from] item: Leftovers
|-heal|p1a: Heatran|94/100|[from] item: Leftovers
|turn|16
|
|move|p2a: Rotom|Hydro Pump|p1a: Heatran
|-supereffective|p1a: Heatran
|-damage|p1a: Heatran|39/100
|move|p1a: Heatran|Taunt|p2a: Rotom
|-start|p2a: Rotom|move: Taunt
|
|-heal|p2a: Rotom|35/100|[from] item: Leftovers
|-heal|p1a: Heatran|45/100|[from] item: Leftovers
|turn|17
|
|switch|p1a: Azumarill|Azumarill, F|64/100
|-damage|p1a: Azumarill|51/100|[from] Stealth Rock
|move|p2a: Rotom|Hydro Pump|p1a: Azumarill
|-resisted|p1a: Azumarill
|-damage|p1a: Azumarill|28/100
|
|-heal|p2a: Rotom|41/100|[from] item: Leftovers
|turn|18
|
|move|p2a: Rotom|Volt Switch|p1a: Azumarill
|-supereffective|p1a: Azumarill
|-damage|p1a: Azumarill|0 fnt
|faint|p1a: Azumarill
|
|switch|p2a: Iron Valiant|Iron Valiant|100/100|[from] Volt Switch
|
|
|switch|p1a: Heatran|Heatran, F|45/100
|-damage|p1a: Heatran|32/100|[from] Stealth Rock
|turn|19
|
|move|p2a: Iron Valiant|Shadow Ball|p1a: Heatran
|-damage|p1a: Heatran|15/100
|move|p1a: Heatran|Flash Cannon|p2a: Iron Valiant
|-supereffective|p2a: Iron Valiant
|-damage|p2a: Iron Valiant|0 fnt
|faint|p2a: Iron Valiant
|-end|p2a: Iron Valiant|Quark Drive|[silent]
|
|-heal|p1a: Heatran|21/100|[from] item: Leftovers
|
|switch|p2a: Roaring Moon|Roaring Moon|100/100
|-enditem|p2a: Roaring Moon|Booster Energy
|-activate|p2a: Roaring Moon|ability: Protosynthesis|[fromitem]
|-start|p2a: Roaring Moon|protosynthesisatk
|turn|20
|
|move|p2a: Roaring Moon|Crunch|p1a: Heatran
|-damage|p1a: Heatran|0 fnt
|faint|p1a: Heatran
|
|
|switch|p1a: Chien-Pao|Chien-Pao|100/100
|-damage|p1a: Chien-Pao|76/100|[from] Stealth Rock
|-ability|p1a: Chien-Pao|Sword of Ruin
|turn|21
|
|move|p1a: Chien-Pao|Ice Spinner|p2a: Roaring Moon
|-supereffective|p2a: Roaring Moon
|-damage|p2a: Roaring Moon|0 fnt
|faint|p2a: Roaring Moon
|-end|p2a: Roaring Moon|Protosynthesis|[silent]
|
|
|switch|p2a: Gholdengo|Gholdengo|100/100
|-item|p2a: Gholdengo|Air Balloon
|turn|22
|
|switch|p1a: Dragapult|Dragapult, F|55/100 par
|-damage|p1a: Dragapult|43/100 par|[from] Stealth Rock
|-terastallize|p2a: Gholdengo|Water
|move|p2a: Gholdengo|Make It Rain|p1a: Dragapult
|-damage|p1a: Dragapult|0 fnt
|-unboost|p2a: Gholdengo|spa|1
|faint|p1a: Dragapult
|
|
|switch|p1a: Chien-Pao|Chien-Pao|76/100
|-damage|p1a: Chien-Pao|51/100|[from] Stealth Rock
|-ability|p1a: Chien-Pao|Sword of Ruin
|turn|23
|
|switch|p2a: Rotom|Rotom-Wash|41/100
|-terastallize|p1a: Chien-Pao|Dark
|move|p1a: Chien-Pao|Crunch|p2a: Rotom
|-damage|p2a: Rotom|0 fnt
|faint|p2a: Rotom
|
|
|switch|p2a: Gholdengo|Gholdengo, tera:Water|100/100
|-item|p2a: Gholdengo|Air Balloon
|turn|24
|
|move|p1a: Chien-Pao|Crunch|p2a: Gholdengo
|-damage|p2a: Gholdengo|0 fnt
|-enditem|p2a: Gholdengo|Air Balloon
|faint|p2a: Gholdengo
|
|win|royalrapids
|l|☆Slurp Slurpity
