|poke|p1|Arcanine-Hisui, M|
|poke|p1|Amoonguss, F|
|poke|p1|Azumarill, M|
|poke|p1|Dragapult, M|
|poke|p1|Iron Valiant|
|poke|p1|Toxapex, M|
|poke|p2|Breloom, F|
|poke|p2|Gallade, M|
|poke|p2|Cloyster, F|
|poke|p2|Mesprit|
|poke|p2|Zangoose, F|
|poke|p2|Hoopa-Unbound|
|teampreview
|
|start
|switch|p1a: Toxapex|Toxapex, M|100/100
|switch|p2a: Hoopa|Hoopa-Unbound|100/100
|turn|1
|
|move|p1a: Toxapex|Baneful Bunker|p1a: Toxapex
|-singleturn|p1a: Toxapex|move: Protect
|move|p2a: Hoopa|Thunderbolt|p1a: Toxapex
|-activate|p1a: Toxapex|move: Protect
|
|turn|2
|
|switch|p1a: Dragapult|Dragapult, M|100/100
|move|p2a: Hoopa|Thunderbolt|p1a: Dragapult
|-resisted|p1a: Dragapult
|-damage|p1a: Dragapult|68/100
|-damage|p2a: Hoopa|91/100|[from] item: Life Orb
|
|turn|3
|
|switch|p2a: Gallaidan|Gallade, M|100/100
|move|p1a: Dragapult|Shadow Ball|p2a: Gallaidan
|-supereffective|p2a: Gallaidan
|-damage|p2a: Gallaidan|30/100
|
|turn|4
|
|move|p1a: Dragapult|Shadow Ball|p2a: Gallaidan
|-supereffective|p2a: Gallaidan
|-damage|p2a: Gallaidan|0 fnt
|faint|p2a: Gallaidan
|
|
|switch|p2a: Cloyster|Cloyster, F|100/100
|turn|5
|
|move|p2a: Cloyster|Ice Shard|p1a: Dragapult
|-supereffective|p1a: Dragapult
|-damage|p1a: Dragapult|15/100
|move|p1a: Dragapult|Shadow Ball|p2a: Cloyster
|-enditem|p2a: Cloyster|Focus Sash
|-damage|p2a: Cloyster|1/100
|
|turn|6
|
|move|p2a: Cloyster|Ice Shard|p1a: Dragapult
|-supereffective|p1a: Dragapult
|-damage|p1a: Dragapult|0 fnt
|faint|p1a: Dragapult
|
|
|switch|p1a: Arcanine|Arcanine-Hisui, M|100/100
|turn|7
|
|-terastallize|p1a: Arcanine|Rock
|move|p1a: Arcanine|Head Smash|p2a: Cloyster
|-supereffective|p2a: Cloyster
|-damage|p2a: Cloyster|0 fnt
|faint|p2a: Cloyster
|
|
|switch|p2a: Mr Mach|Breloom, F|100/100
|turn|8
|
|switch|p1a: Azumarill|Azumarill, M|100/100
|-terastallize|p2a: Mr Mach|Fighting
|move|p2a: Mr Mach|Mach Punch|p1a: Azumarill
|-resisted|p1a: Azumarill
|-damage|p1a: Azumarill|68/100
|-damage|p2a: Mr Mach|91/100|[from] item: Life Orb
|
|turn|9
|
|move|p2a: Mr Mach|Mach Punch|p1a: Azumarill
|-resisted|p1a: Azumarill
|-damage|p1a: Azumarill|38/100
|-enditem|p1a: Azumarill|Sitrus Berry|[eat]
|-heal|p1a: Azumarill|63/100|[from] item: Sitrus Berry
|-damage|p2a: Mr Mach|81/100|[from] item: Life Orb
|move|p1a: Azumarill|Belly Drum|p1a: Azumarill
|-damage|p1a: Azumarill|13/100
|-setboost|p1a: Azumarill|atk|6|[from] move: Belly Drum
|
|turn|10
|
|move|p2a: Mr Mach|Mach Punch|p1a: Azumarill
|-resisted|p1a: Azumarill
|-damage|p1a: Azumarill|0 fnt
|faint|p1a: Azumarill
|-damage|p2a: Mr Mach|71/100|[from] item: Life Orb
|
|
|switch|p1a: Amoonguss|Amoonguss, F|100/100
|turn|11
|
|move|p2a: Mr Mach|Aerial Ace|p1a: Amoonguss
|-supereffective|p1a: Amoonguss
|-damage|p1a: Amoonguss|15/100
|-enditem|p1a: Amoonguss|Aguav Berry|[eat]
|-heal|p1a: Amoonguss|49/100|[from] item: Aguav Berry
|-damage|p2a: Mr Mach|61/100|[from] item: Life Orb
|move|p1a: Amoonguss|Toxic|p2a: Mr Mach
|-status|p2a: Mr Mach|tox
|
|-damage|p2a: Mr Mach|55/100 tox|[from] psn
|turn|12
|
|switch|p1a: Arcanine|Arcanine-Hisui, M, tera:Rock|100/100
|move|p2a: Mr Mach|Aerial Ace|p1a: Arcanine
|-resisted|p1a: Arcanine
|-damage|p1a: Arcanine|76/100
|-damage|p2a: Mr Mach|45/100 tox|[from] item: Life Orb
|
|-damage|p2a: Mr Mach|33/100 tox|[from] psn
|turn|13
|
|move|p2a: Mr Mach|Mach Punch|p1a: Arcanine
|-supereffective|p1a: Arcanine
|-damage|p1a: Arcanine|0 fnt
|faint|p1a: Arcanine
|-damage|p2a: Mr Mach|23/100 tox|[from] item: Life Orb
|
|-damage|p2a: Mr Mach|4/100 tox|[from] psn
|
|switch|p1a: Toxapex|Toxapex, M|100/100
|turn|14
|
|move|p1a: Toxapex|Baneful Bunker|p1a: Toxapex
|-singleturn|p1a: Toxapex|move: Protect
|move|p2a: Mr Mach|Leech Seed|p1a: Toxapex
|-activate|p1a: Toxapex|move: Protect
|
|-damage|p2a: Mr Mach|0 fnt|[from] psn
|faint|p2a: Mr Mach
|
|switch|p2a: Hoopa|Hoopa-Unbound|91/100
|turn|15
|
|switch|p1a: Amoonguss|Amoonguss, F|82/100
|move|p2a: Hoopa|Thunderbolt|p1a: Amoonguss
|-resisted|p1a: Amoonguss
|-damage|p1a: Amoonguss|59/100
|-damage|p2a: Hoopa|81/100|[from] item: Life Orb
|
|turn|16
|
|move|p2a: Hoopa|Fire Punch|p1a: Amoonguss
|-supereffective|p1a: Amoonguss
|-damage|p1a: Amoonguss|0 fnt
|faint|p1a: Amoonguss
|-damage|p2a: Hoopa|71/100|[from] item: Life Orb
|
|
|switch|p1a: Toxapex|Toxapex, M|100/100
|turn|17
|
|move|p1a: Toxapex|Baneful Bunker|p1a: Toxapex
|-singleturn|p1a: Toxapex|move: Protect
|move|p2a: Hoopa|Thunderbolt|p1a: Toxapex
|-activate|p1a: Toxapex|move: Protect
|
|turn|18
|
|move|p2a: Hoopa|Thunderbolt|p1a: Toxapex
|-supereffective|p1a: Toxapex
|-damage|p1a: Toxapex|12/100
|-enditem|p1a: Toxapex|Aguav Berry|[eat]
|-heal|p1a: Toxapex|45/100|[from] item: Aguav Berry
|-damage|p2a: Hoopa|61/100|[from] item: Life Orb
|move|p1a: Toxapex|Toxic|p2a: Hoopa
|-status|p2a: Hoopa|tox
|
|-damage|p2a: Hoopa|55/100 tox|[from] psn
|turn|19
|
|move|p2a: Hoopa|Thunderbolt|p1a: Toxapex
|-supereffective|p1a: Toxapex
|-damage|p1a: Toxapex|0 fnt
|faint|p1a: Toxapex
|-damage|p2a: Hoopa|45/100 tox|[from] item: Life Orb
|
|-damage|p2a: Hoopa|33/100 tox|[from] psn
|
|switch|p1a: Iron Valiant|Iron Valiant|100/100
|-enditem|p1a: Iron Valiant|Booster Energy
|-activate|p1a: Iron Valiant|ability: Quark Drive|[fromitem]
|-start|p1a: Iron Valiant|quarkdriveatk
|turn|20
|
|move|p1a: Iron Valiant|Fire Punch|p2a: Hoopa
|-damage|p2a: Hoopa|0 fnt
|faint|p2a: Hoopa
|
|
|switch|p2a: defo not setup|Mesprit|100/100
|turn|21
|
|move|p1a: Iron Valiant|Knock Off|p2a: defo not setup
|-supereffective|p2a: defo not setup
|-damage|p2a: defo not setup|13/100
|-damage|p1a: Iron Valiant|84/100|[from] item: Rocky Helmet|[of] p2a: defo not setup
|-enditem|p2a: defo not setup|Rocky Helmet|[from] move: Knock Off|[of] p1a: Iron Valiant
|move|p2a: defo not setup|Reflect|p2a: defo not setup
|-sidestart|p2: Foxitrot|Reflect
|
|turn|22
|
|move|p1a: Iron Valiant|Fire Punch|p2a: defo not setup
|-damage|p2a: defo not setup|0 fnt
|faint|p2a: defo not setup
|
|
|switch|p2a: Zangoose|Zangoose, F|100/100
|turn|23
|
|move|p2a: Zangoose|Protect|p2a: Zangoose
|-singleturn|p2a: Zangoose|Protect
|move|p1a: Iron Valiant|Drain Punch|p2a: Zangoose
|-activate|p2a: Zangoose|move: Protect
|
|-status|p2a: Zangoose|tox|[from] item: Toxic Orb
|turn|24
|
|move|p1a: Iron Valiant|Drain Punch|p2a: Zangoose
|-supereffective|p2a: Zangoose
|-damage|p2a: Zangoose|1/100 tox
|-heal|p1a: Iron Valiant|100/100|[from] drain|[of] p2a: Zangoose
|move|p2a: Zangoose|Facade|p1a: Iron Valiant
|-damage|p1a: Iron Valiant|0 fnt
|faint|p1a: Iron Valiant
|-end|p1a: Iron Valiant|Quark Drive|[silent]
|
|win|Foxitrot
