# advantage = p2
|poke|p1|Goodra, F|
|poke|p1|Dondozo, M|
|poke|p1|Maushold-Four|
|poke|p1|Volcanion|
|poke|p1|Corviknight, F|
|poke|p1|Gengar, M|
|poke|p2|Kleavor, M|
|poke|p2|Enamorus-Therian, F|
|poke|p2|Braviary-Hisui, M|
|poke|p2|Ursaluna, F|
|poke|p2|Volcanion|
|poke|p2|Thundurus-Therian, M|
|teampreview
|
|start
|switch|p1a: Gengar|Gengar, M|100/100
|switch|p2a: Thundurus|Thundurus-Therian, M|100/100
|turn|1
|
|switch|p2a: Ursaluna|Ursaluna, F|100/100
|move|p1a: Gengar|Shadow Ball|p2a: Ursaluna
|-immune|p2a: Ursaluna
|
|-status|p2a: Ursaluna|brn|[from] item: Flame Orb
|turn|2
|
|switch|p1a: Corviknight|Corviknight, F|100/100
|-ability|p1a: Corviknight|Pressure
|move|p2a: Ursaluna|Close Combat|p1a: Corviknight
|-damage|p1a: Corviknight|45/100
|-unboost|p2a: Ursaluna|def|1
|-unboost|p2a: Ursaluna|spd|1
|
|-heal|p1a: Corviknight|51/100|[from] item: Leftovers
|-damage|p2a: Ursaluna|94/100 brn|[from] brn
|turn|3
|
|move|p2a: Ursaluna|Protect|p2a: Ursaluna
|-singleturn|p2a: Ursaluna|Protect
|move|p1a: Corviknight|Body Press|p2a: Ursaluna
|-activate|p2a: Ursaluna|move: Protect
|
|-heal|p1a: Corviknight|57/100|[from] item: Leftovers
|-damage|p2a: Ursaluna|88/100 brn|[from] brn
|turn|4
|
|switch|p2a: Enamorus|Enamorus-Therian, F|100/100
|move|p1a: Corviknight|Body Press|p2a: Enamorus
|-resisted|p2a: Enamorus
|-damage|p2a: Enamorus|97/100
|
|-heal|p1a: Corviknight|64/100|[from] item: Leftovers
|-heal|p2a: Enamorus|100/100|[from] item: Leftovers
|turn|5
|
|move|p1a: Corviknight|Roost|p1a: Corviknight
|-heal|p1a: Corviknight|100/100
|-singleturn|p1a: Corviknight|move: Roost
|move|p2a: Enamorus|Mystical Fire|p1a: Corviknight
|-supereffective|p1a: Corviknight
|-damage|p1a: Corviknight|57/100
|-unboost|p1a: Corviknight|spa|1
|
|-heal|p1a: Corviknight|64/100|[from] item: Leftovers
|turn|6
|
|switch|p1a: Lesma|Goodra, F|100/100
|move|p2a: Enamorus|Mystical Fire|p1a: Lesma
|-resisted|p1a: Lesma
|-damage|p1a: Lesma|94/100
|-unboost|p1a: Lesma|spa|1
|
|turn|7
|
|move|p1a: Lesma|Sludge Bomb|p2a: Enamorus
|-supereffective|p2a: Enamorus
|-damage|p2a: Enamorus|60/100
|-status|p2a: Enamorus|psn
|move|p2a: Enamorus|Moonblast|p1a: Lesma
|-supereffective|p1a: Lesma
|-damage|p1a: Lesma|42/100
|
|-heal|p2a: Enamorus|66/100 psn|[from] item: Leftovers
|-damage|p2a: Enamorus|53/100 psn|[from] psn
|turn|8
|
|switch|p1a: Corviknight|Corviknight, F|64/100
|-ability|p1a: Corviknight|Pressure
|move|p2a: Enamorus|Rest|p2a: Enamorus
|-status|p2a: Enamorus|slp|[from] move: Rest
|-heal|p2a: Enamorus|100/100 slp|[silent]
|
|-heal|p1a: Corviknight|70/100|[from] item: Leftovers
|turn|9
|
|switch|p1a: Maushold|Maushold-Four|100/100
|switch|p2a: Thundurus|Thundurus-Therian, M|100/100
|
|turn|10
|
|move|p1a: Maushold|Tidy Up|p1a: Maushold
|-boost|p1a: Maushold|atk|1
|-boost|p1a: Maushold|spe|1
|move|p2a: Thundurus|U-turn|p1a: Maushold
|-damage|p1a: Maushold|72/100
|-damage|p2a: Thundurus|91/100|[from] item: Life Orb
|
|switch|p2a: Kleavor|Kleavor, M|100/100|[from] U-turn
|
|turn|11
|
|move|p1a: Maushold|Bullet Seed|p2a: Kleavor
|-damage|p2a: Kleavor|83/100
|-damage|p2a: Kleavor|65/100
|-damage|p2a: Kleavor|48/100
|-hitcount|p2a: Kleavor|3
|move|p2a: Kleavor|X-Scissor|p1a: Maushold
|-damage|p1a: Maushold|0 fnt
|faint|p1a: Maushold
|
|-heal|p2a: Kleavor|54/100|[from] item: Leftovers
|
|switch|p1a: Gengar|Gengar, M|100/100
|turn|12
|
|switch|p2a: Ursaluna|Ursaluna, F|88/100 brn
|move|p1a: Gengar|Sludge Bomb|p2a: Ursaluna
|-resisted|p2a: Ursaluna
|-damage|p2a: Ursaluna|64/100 brn
|
|-damage|p2a: Ursaluna|58/100 brn|[from] brn
|turn|13
|
|switch|p1a: Corviknight|Corviknight, F|70/100
|-ability|p1a: Corviknight|Pressure
|move|p2a: Ursaluna|Headlong Rush|p1a: Corviknight
|-immune|p1a: Corviknight
|
|-heal|p1a: Corviknight|76/100|[from] item: Leftovers
|-damage|p2a: Ursaluna|52/100 brn|[from] brn
|turn|14
|
|switch|p2a: Volcanion|Volcanion|100/100
|move|p1a: Corviknight|Bulk Up|p1a: Corviknight
|-boost|p1a: Corviknight|atk|1
|-boost|p1a: Corviknight|def|1
|
|-heal|p1a: Corviknight|82/100|[from] item: Leftovers
|turn|15
|
|switch|p1a: Lesma|Goodra, F|42/100
|move|p2a: Volcanion|Earth Power|p1a: Lesma
|-damage|p1a: Lesma|20/100
|
|turn|16
|
|move|p1a: Lesma|Thunderbolt|p2a: Volcanion
|-supereffective|p2a: Volcanion
|-damage|p2a: Volcanion|37/100
|-status|p2a: Volcanion|par
|move|p2a: Volcanion|Earth Power|p1a: Lesma
|-damage|p1a: Lesma|0 fnt
|faint|p1a: Lesma
|
|
|switch|p1a: Gengar|Gengar, M|100/100
|turn|17
|
|move|p1a: Gengar|Psychic|p2a: Volcanion
|-damage|p2a: Volcanion|2/100 par
|move|p2a: Volcanion|Earth Power|p1a: Gengar
|-supereffective|p1a: Gengar
|-damage|p1a: Gengar|0 fnt
|-start|p2a: Volcanion|Disable|Earth Power|[from] ability: Cursed Body|[of] p1a: Gengar
|faint|p1a: Gengar
|
|
|switch|p1a: Dondozo|Dondozo, M|100/100
|turn|18
|
|move|p1a: Dondozo|Curse|p1a: Dondozo
|-unboost|p1a: Dondozo|spe|1
|-boost|p1a: Dondozo|atk|1
|-boost|p1a: Dondozo|def|1
|-activate|p2a: Volcanion|move: Struggle
|move|p2a: Volcanion|Struggle|p1a: Dondozo
|-damage|p1a: Dondozo|96/100
|-damage|p2a: Volcanion|0 fnt|[from] recoil
|faint|p2a: Volcanion
|
|-heal|p1a: Dondozo|100/100|[from] item: Leftovers
|
|switch|p2a: Thundurus|Thundurus-Therian, M|91/100
|turn|19
|
|move|p2a: Thundurus|Thunderbolt|p1a: Dondozo
|-supereffective|p1a: Dondozo
|-damage|p1a: Dondozo|17/100
|-damage|p2a: Thundurus|81/100|[from] item: Life Orb
|move|p1a: Dondozo|Liquidation|p2a: Thundurus
|-damage|p2a: Thundurus|15/100
|
|-heal|p1a: Dondozo|23/100|[from] item: Leftovers
|turn|20
|
|move|p2a: Thundurus|Thunderbolt|p1a: Dondozo
|-supereffective|p1a: Dondozo
|-damage|p1a: Dondozo|0 fnt
|faint|p1a: Dondozo
|-damage|p2a: Thundurus|5/100|[from] item: Life Orb
|
|
|switch|p1a: Corviknight|Corviknight, F|82/100
|-ability|p1a: Corviknight|Pressure
|turn|21
|
|move|p2a: Thundurus|Thunderbolt|p1a: Corviknight
|-supereffective|p1a: Corviknight
|-crit|p1a: Corviknight
|-damage|p1a: Corviknight|0 fnt
|faint|p1a: Corviknight
|-damage|p2a: Thundurus|0 fnt|[from] item: Life Orb
|faint|p2a: Thundurus
|
|
|switch|p2a: Braviary|Braviary-Hisui, M|100/100
|switch|p1a: Volcanion|Volcanion|100/100
|turn|22
|
|move|p2a: Braviary|Calm Mind|p2a: Braviary
|-boost|p2a: Braviary|spa|1
|-boost|p2a: Braviary|spd|1
|move|p1a: Volcanion|Steam Eruption|p2a: Braviary
|-damage|p2a: Braviary|43/100
|
|turn|23
|
|move|p2a: Braviary|Psychic|p1a: Volcanion
|-damage|p1a: Volcanion|18/100
|move|p1a: Volcanion|Steam Eruption|p2a: Braviary
|-damage|p2a: Braviary|0 fnt
|faint|p2a: Braviary
|
|
|switch|p2a: Kleavor|Kleavor, M|54/100
|turn|24
|
|move|p2a: Kleavor|U-turn|p1a: Volcanion
|-resisted|p1a: Volcanion
|-damage|p1a: Volcanion|2/100
|
|switch|p2a: Ursaluna|Ursaluna, F|52/100 brn|[from] U-turn
|move|p1a: Volcanion|Steam Eruption|p2a: Ursaluna
|-supereffective|p2a: Ursaluna
|-crit|p2a: Ursaluna
|-damage|p2a: Ursaluna|0 fnt
|faint|p2a: Ursaluna
|
|
|switch|p2a: Kleavor|Kleavor, M|54/100
|turn|25
|
|move|p2a: Kleavor|U-turn|p1a: Volcanion
|-resisted|p1a: Volcanion
|-damage|p1a: Volcanion|0 fnt
|faint|p1a: Volcanion
|
|win|p2
