# advantage = p2
|poke|p1|Scream Tail|
|poke|p1|Amoonguss, M|
|poke|p1|Enamorus-Therian, F|
|poke|p1|Typhlosion-Hisui, M|
|poke|p1|Magearna|
|poke|p1|Tsareena, F|
|poke|p2|Baxcalibur, F|
|poke|p2|Dondozo, F|
|poke|p2|Abomasnow, M|
|poke|p2|Glastrier|
|poke|p2|Dragapult, F|
|poke|p2|Heatran, F|
|teampreview
|
|start
|switch|p1a: Typhlosion|Typhlosion-Hisui, M|100/100
|switch|p2a: Heatran|Heatran, F|100/100
|-item|p2a: Heatran|Leftovers|[from] ability: Frisk|[of] p1a: Typhlosion|[identify]
|turn|1
|
|switch|p1a: Scream Tail|Scream Tail|100/100
|move|p2a: Heatran|Stealth Rock|p1a: Scream Tail
|-sidestart|p1: p1|move: Stealth Rock
|
|turn|2
|
|move|p1a: Scream Tail|Encore|p2a: Heatran
|-start|p2a: Heatran|Encore
|move|p2a: Heatran|Stealth Rock||[still]
|-fail|p2a: Heatran
|
|turn|3
|
|-end|p1a: Scream Tail|Protosynthesis|[silent]
|switch|p1a: Tsareena|Tsareena, F, shiny|100/100
|switch|p2a: Dondozo|Dondozo, F|100/100
|
|turn|4
|
|switch|p2a: Heatran|Heatran, F|100/100
|move|p1a: Tsareena|Rapid Spin|p2a: Heatran
|-resisted|p2a: Heatran
|-damage|p2a: Heatran|95/100
|-boost|p1a: Tsareena|spe|1
|-sideend|p1: p1|Stealth Rock|[from] move: Rapid Spin|[of] p1a: Tsareena
|
|-heal|p2a: Heatran|100/100|[from] item: Leftovers
|turn|5
|
|move|p1a: Tsareena|Low Kick|p2a: Heatran
|-supereffective|p2a: Heatran
|-damage|p2a: Heatran|43/100
|move|p2a: Heatran|Magma Storm|p1a: Tsareena|[miss]
|-miss|p2a: Heatran|p1a: Tsareena
|
|-heal|p2a: Heatran|50/100|[from] item: Leftovers
|turn|6
|
|switch|p2a: Dragapult|Dragapult, F|100/100
|move|p1a: Tsareena|U-turn|p2a: Dragapult
|-resisted|p2a: Dragapult
|-damage|p2a: Dragapult|87/100
|
|switch|p1a: Typhlosion|Typhlosion-Hisui, M|100/100|[from] U-turn
|-item|p2a: Dragapult|Choice Band|[from] ability: Frisk|[of] p1a: Typhlosion|[identify]
|
|turn|7
|
|switch|p1a: Scream Tail|Scream Tail|100/100
|move|p2a: Dragapult|Phantom Force||[still]
|-prepare|p2a: Dragapult|Phantom Force
|
|turn|8
|
|-end|p1a: Scream Tail|Protosynthesis|[silent]
|switch|p1a: Amoonguss|Amoonguss, M|100/100
|move|p2a: Dragapult|Phantom Force|p1a: Amoonguss|[from]lockedmove
|-damage|p1a: Amoonguss|53/100
|
|-heal|p1a: Amoonguss|59/100|[from] item: Leftovers
|turn|9
|
|switch|p2a: Heatran|Heatran, F|50/100
|move|p1a: Amoonguss|Spore|p2a: Heatran
|-status|p2a: Heatran|slp|[from] move: Spore
|
|-heal|p2a: Heatran|56/100 slp|[from] item: Leftovers
|-heal|p1a: Amoonguss|66/100|[from] item: Leftovers
|turn|10
|
|switch|p1a: Enamorus|Enamorus-Therian, F|100/100
|cant|p2a: Heatran|slp
|
|-heal|p2a: Heatran|62/100 slp|[from] item: Leftovers
|turn|11
|
|cant|p2a: Heatran|slp
|move|p1a: Enamorus|Earth Power|p2a: Heatran
|-supereffective|p2a: Heatran
|-damage|p2a: Heatran|0 fnt
|faint|p2a: Heatran
|
|
|switch|p2a: Abomasnow|Abomasnow, M, shiny|100/100
|-weather|Snow|[from] ability: Snow Warning|[of] p2a: Abomasnow
|turn|12
|
|switch|p1a: Typhlosion|Typhlosion-Hisui, M|100/100
|-item|p2a: Abomasnow|Icy Rock|[from] ability: Frisk|[of] p1a: Typhlosion|[identify]
|move|p2a: Abomasnow|Aurora Veil|p2a: Abomasnow
|-sidestart|p2: p2|move: Aurora Veil
|
|-weather|Snow|[upkeep]
|turn|13
|
|-terastallize|p2a: Abomasnow|Ground
|move|p1a: Typhlosion|Eruption|p2a: Abomasnow
|-damage|p2a: Abomasnow|40/100
|move|p2a: Abomasnow|Earth Power|p1a: Typhlosion
|-supereffective|p1a: Typhlosion
|-damage|p1a: Typhlosion|0 fnt
|faint|p1a: Typhlosion
|
|-weather|Snow|[upkeep]
|
|switch|p1a: Magearna|Magearna|100/100
|turn|14
|
|switch|p1a: Enamorus|Enamorus-Therian, F|100/100
|move|p2a: Abomasnow|Earth Power|p1a: Enamorus
|-immune|p1a: Enamorus
|
|-weather|Snow|[upkeep]
|turn|15
|
|switch|p2a: Baxcalibur|Baxcalibur, F|100/100
|move|p1a: Enamorus|Calm Mind|p1a: Enamorus
|-boost|p1a: Enamorus|spa|1
|-boost|p1a: Enamorus|spd|1
|
|-weather|Snow|[upkeep]
|turn|16
|
|-terastallize|p1a: Enamorus|Steel
|move|p2a: Baxcalibur|Icicle Spear|p1a: Enamorus
|-resisted|p1a: Enamorus
|-damage|p1a: Enamorus|94/100
|-resisted|p1a: Enamorus
|-damage|p1a: Enamorus|88/100
|-resisted|p1a: Enamorus
|-damage|p1a: Enamorus|82/100
|-hitcount|p1a: Enamorus|3
|move|p1a: Enamorus|Iron Defense|p1a: Enamorus
|-boost|p1a: Enamorus|def|2
|
|-weather|Snow|[upkeep]
|-sideend|p2: p2|move: Aurora Veil
|turn|17
|
|move|p2a: Baxcalibur|Earthquake|p1a: Enamorus
|-supereffective|p1a: Enamorus
|-damage|p1a: Enamorus|49/100
|move|p1a: Enamorus|Iron Defense|p1a: Enamorus
|-boost|p1a: Enamorus|def|2
|
|-weather|Snow|[upkeep]
|turn|18
|
|move|p2a: Baxcalibur|Dragon Dance|p2a: Baxcalibur
|-boost|p2a: Baxcalibur|atk|1
|-boost|p2a: Baxcalibur|spe|1
|move|p1a: Enamorus|Draining Kiss|p2a: Baxcalibur
|-supereffective|p2a: Baxcalibur
|-damage|p2a: Baxcalibur|33/100
|-heal|p1a: Enamorus|100/100|[from] drain|[of] p2a: Baxcalibur
|-enditem|p2a: Baxcalibur|Weakness Policy
|-boost|p2a: Baxcalibur|atk|2|[from] item: Weakness Policy
|-boost|p2a: Baxcalibur|spa|2|[from] item: Weakness Policy
|
|-weather|Snow|[upkeep]
|-heal|p2a: Baxcalibur|39/100|[from] ability: Ice Body
|turn|19
|
|move|p2a: Baxcalibur|Earthquake|p1a: Enamorus
|-supereffective|p1a: Enamorus
|-damage|p1a: Enamorus|42/100
|move|p1a: Enamorus|Draining Kiss|p2a: Baxcalibur
|-supereffective|p2a: Baxcalibur
|-damage|p2a: Baxcalibur|0 fnt
|-heal|p1a: Enamorus|84/100|[from] drain|[of] p2a: Baxcalibur
|faint|p2a: Baxcalibur
|
|-weather|none
|
|switch|p2a: Dondozo|Dondozo, F|100/100
|turn|20
|
|switch|p1a: Amoonguss|Amoonguss, M|99/100
|move|p2a: Dondozo|Yawn|p1a: Amoonguss
|-start|p1a: Amoonguss|move: Yawn|[of] p2a: Dondozo
|
|-heal|p1a: Amoonguss|100/100|[from] item: Leftovers
|turn|21
|
|move|p2a: Dondozo|Protect|p2a: Dondozo
|-singleturn|p2a: Dondozo|Protect
|move|p1a: Amoonguss|Spore|p2a: Dondozo
|-activate|p2a: Dondozo|move: Protect
|
|-end|p1a: Amoonguss|move: Yawn|[silent]
|-status|p1a: Amoonguss|slp
|turn|22
|
|move|p2a: Dondozo|Curse|p2a: Dondozo
|-unboost|p2a: Dondozo|spe|1
|-boost|p2a: Dondozo|atk|1
|-boost|p2a: Dondozo|def|1
|cant|p1a: Amoonguss|slp
|
|turn|23
|
|switch|p2a: Glastrier|Glastrier|100/100
|cant|p1a: Amoonguss|slp
|
|turn|24
|
|switch|p1a: Scream Tail|Scream Tail|100/100
|move|p2a: Glastrier|Avalanche|p1a: Scream Tail
|-damage|p1a: Scream Tail|70/100
|-enditem|p1a: Scream Tail|Eject Button
|
|-end|p1a: Scream Tail|Protosynthesis|[silent]
|switch|p1a: Tsareena|Tsareena, F, shiny|100/100
|
|turn|25
|
|move|p1a: Tsareena|Low Kick|p2a: Glastrier
|-supereffective|p2a: Glastrier
|-damage|p2a: Glastrier|61/100
|move|p2a: Glastrier|Avalanche|p1a: Tsareena
|-supereffective|p1a: Tsareena
|-damage|p1a: Tsareena|0 fnt
|faint|p1a: Tsareena
|-ability|p2a: Glastrier|Chilling Neigh|boost
|-boost|p2a: Glastrier|atk|1
|
|
|switch|p1a: Scream Tail|Scream Tail|70/100
|turn|26
|
|move|p1a: Scream Tail|Encore|p2a: Glastrier
|-start|p2a: Glastrier|Encore
|move|p2a: Glastrier|Avalanche|p1a: Scream Tail
|-damage|p1a: Scream Tail|27/100
|
|turn|27
|
|move|p1a: Scream Tail|Wish|p1a: Scream Tail
|move|p2a: Glastrier|Avalanche|p1a: Scream Tail
|-damage|p1a: Scream Tail|0 fnt
|faint|p1a: Scream Tail
|-end|p1a: Scream Tail|Protosynthesis|[silent]
|-ability|p2a: Glastrier|Chilling Neigh|boost
|-boost|p2a: Glastrier|atk|1
|
|
|switch|p1a: Enamorus|Enamorus-Therian, F, tera:Steel|84/100
|turn|28
|
|move|p1a: Enamorus|Iron Defense|p1a: Enamorus
|-boost|p1a: Enamorus|def|2
|move|p2a: Glastrier|Avalanche|p1a: Enamorus
|-resisted|p1a: Enamorus
|-damage|p1a: Enamorus|70/100
|
|-heal|p1a: Enamorus|100/100|[from] move: Wish|[wisher] Scream Tail
|-end|p2a: Glastrier|Encore
|turn|29
|
|move|p1a: Enamorus|Draining Kiss|p2a: Glastrier
|-damage|p2a: Glastrier|50/100
|move|p2a: Glastrier|Stomping Tantrum|p1a: Enamorus
|-supereffective|p1a: Enamorus
|-damage|p1a: Enamorus|49/100
|
|turn|30
|
|switch|p1a: Amoonguss|Amoonguss, M|100/100 slp
|move|p2a: Glastrier|Stomping Tantrum|p1a: Amoonguss
|-damage|p1a: Amoonguss|54/100 slp
|
|-heal|p1a: Amoonguss|60/100 slp|[from] item: Leftovers
|turn|31
|
|-curestatus|p1a: Amoonguss|slp|[msg]
|move|p1a: Amoonguss|Spore|p2a: Glastrier
|-status|p2a: Glastrier|slp|[from] move: Spore
|cant|p2a: Glastrier|slp
|
|-heal|p1a: Amoonguss|66/100|[from] item: Leftovers
|turn|32
|
|move|p1a: Amoonguss|Foul Play|p2a: Glastrier
|-damage|p2a: Glastrier|0 fnt
|faint|p2a: Glastrier
|
|-heal|p1a: Amoonguss|72/100|[from] item: Leftovers
|
|switch|p2a: Abomasnow|Abomasnow, M, shiny, tera:Ground|40/100
|-weather|Snow|[from] ability: Snow Warning|[of] p2a: Abomasnow
|turn|33
|
|move|p2a: Abomasnow|Earth Power|p1a: Amoonguss
|-damage|p1a: Amoonguss|37/100
|move|p1a: Amoonguss|Spore|p2a: Abomasnow
|-status|p2a: Abomasnow|slp|[from] move: Spore
|
|-weather|Snow|[upkeep]
|-heal|p1a: Amoonguss|43/100|[from] item: Leftovers
|turn|34
|
|cant|p2a: Abomasnow|slp
|move|p1a: Amoonguss|Foul Play|p2a: Abomasnow
|-damage|p2a: Abomasnow|22/100 slp
|
|-weather|Snow|[upkeep]
|-heal|p1a: Amoonguss|49/100|[from] item: Leftovers
|turn|35
|
|cant|p2a: Abomasnow|slp
|move|p1a: Amoonguss|Giga Drain|p2a: Abomasnow
|-supereffective|p2a: Abomasnow
|-damage|p2a: Abomasnow|0 fnt
|-heal|p1a: Amoonguss|59/100|[from] drain|[of] p2a: Abomasnow
|faint|p2a: Abomasnow
|
|-weather|Snow|[upkeep]
|-heal|p1a: Amoonguss|65/100|[from] item: Leftovers
|
|switch|p2a: Dragapult|Dragapult, F|87/100
|turn|36
|
|switch|p1a: Enamorus|Enamorus-Therian, F, tera:Steel|49/100
|move|p2a: Dragapult|Psychic Fangs|p1a: Enamorus
|-resisted|p1a: Enamorus
|-damage|p1a: Enamorus|31/100
|
|-weather|Snow|[upkeep]
|turn|37
|
|switch|p2a: Dondozo|Dondozo, F|100/100
|move|p1a: Enamorus|Draining Kiss|p2a: Dondozo
|-damage|p2a: Dondozo|86/100
|-heal|p1a: Enamorus|52/100|[from] drain|[of] p2a: Dondozo
|
|-weather|Snow|[upkeep]
|-heal|p2a: Dondozo|92/100|[from] item: Leftovers
|turn|38
|
|move|p1a: Enamorus|Draining Kiss|p2a: Dondozo
|-damage|p2a: Dondozo|78/100
|-heal|p1a: Enamorus|73/100|[from] drain|[of] p2a: Dondozo
|move|p2a: Dondozo|Yawn|p1a: Enamorus
|-start|p1a: Enamorus|move: Yawn|[of] p2a: Dondozo
|
|-weather|Snow|[upkeep]
|-heal|p2a: Dondozo|84/100|[from] item: Leftovers
|turn|39
|
|move|p1a: Enamorus|Draining Kiss|p2a: Dondozo
|-damage|p2a: Dondozo|71/100
|-heal|p1a: Enamorus|93/100|[from] drain|[of] p2a: Dondozo
|move|p2a: Dondozo|Yawn||[still]
|-fail|p2a: Dondozo
|
|-weather|Snow|[upkeep]
|-heal|p2a: Dondozo|77/100|[from] item: Leftovers
|-end|p1a: Enamorus|move: Yawn|[silent]
|-status|p1a: Enamorus|slp
|turn|40
|
|switch|p1a: Amoonguss|Amoonguss, M|99/100
|switch|p2a: Dragapult|Dragapult, F|87/100
|
|-weather|none
|-heal|p1a: Amoonguss|100/100|[from] item: Leftovers
|turn|41
|
|move|p2a: Dragapult|Dragon Darts|p1a: Amoonguss
|-damage|p1a: Amoonguss|74/100
|-anim|p2a: Dragapult|Dragon Darts|p1a: Amoonguss
|-damage|p1a: Amoonguss|48/100
|move|p1a: Amoonguss|Spore|p2a: Dragapult
|-status|p2a: Dragapult|slp|[from] move: Spore
|
|-heal|p1a: Amoonguss|54/100|[from] item: Leftovers
|turn|42
|
|cant|p2a: Dragapult|slp
|move|p1a: Amoonguss|Foul Play|p2a: Dragapult
|-supereffective|p2a: Dragapult
|-damage|p2a: Dragapult|3/100 slp
|
|-heal|p1a: Amoonguss|61/100|[from] item: Leftovers
|turn|43
|
|switch|p2a: Dondozo|Dondozo, F|77/100
|move|p1a: Amoonguss|Foul Play|p2a: Dondozo
|-crit|p2a: Dondozo
|-damage|p2a: Dondozo|58/100
|
|-heal|p2a: Dondozo|64/100|[from] item: Leftovers
|-heal|p1a: Amoonguss|67/100|[from] item: Leftovers
|turn|44
|
|move|p2a: Dondozo|Yawn|p1a: Amoonguss
|-start|p1a: Amoonguss|move: Yawn|[of] p2a: Dondozo
|move|p1a: Amoonguss|Giga Drain|p2a: Dondozo
|-supereffective|p2a: Dondozo
|-damage|p2a: Dondozo|37/100
|-heal|p1a: Amoonguss|83/100|[from] drain|[of] p2a: Dondozo
|
|-heal|p2a: Dondozo|43/100|[from] item: Leftovers
|-heal|p1a: Amoonguss|89/100|[from] item: Leftovers
|turn|45
|
|move|p2a: Dondozo|Curse|p2a: Dondozo
|-unboost|p2a: Dondozo|spe|1
|-boost|p2a: Dondozo|atk|1
|-boost|p2a: Dondozo|def|1
|move|p1a: Amoonguss|Giga Drain|p2a: Dondozo
|-supereffective|p2a: Dondozo
|-damage|p2a: Dondozo|13/100
|-heal|p1a: Amoonguss|100/100|[from] drain|[of] p2a: Dondozo
|
|-heal|p2a: Dondozo|19/100|[from] item: Leftovers
|-end|p1a: Amoonguss|move: Yawn|[silent]
|-message|Sleep Clause Mod activated.
|-hint|Sleep Clause Mod prevents players from putting more than one of their opponent's Pokémon to sleep at a time
|turn|46
|
|move|p2a: Dondozo|Protect|p2a: Dondozo
|-singleturn|p2a: Dondozo|Protect
|move|p1a: Amoonguss|Giga Drain|p2a: Dondozo
|-activate|p2a: Dondozo|move: Protect
|
|-heal|p2a: Dondozo|25/100|[from] item: Leftovers
|turn|47
|
|move|p2a: Dondozo|Liquidation|p1a: Amoonguss
|-resisted|p1a: Amoonguss
|-damage|p1a: Amoonguss|85/100
|move|p1a: Amoonguss|Giga Drain|p2a: Dondozo
|-supereffective|p2a: Dondozo
|-damage|p2a: Dondozo|0 fnt
|-heal|p1a: Amoonguss|99/100|[from] drain|[of] p2a: Dondozo
|faint|p2a: Dondozo
|
|-heal|p1a: Amoonguss|100/100|[from] item: Leftovers
|
|switch|p2a: Dragapult|Dragapult, F|3/100 slp
|turn|48
|
|-curestatus|p2a: Dragapult|slp|[msg]
|move|p2a: Dragapult|Phantom Force||[still]
|-prepare|p2a: Dragapult|Phantom Force
|move|p1a: Amoonguss|Foul Play|p2a: Dragapult|[miss]
|-miss|p1a: Amoonguss|p2a: Dragapult
|
|turn|49
|
|move|p2a: Dragapult|Phantom Force|p1a: Amoonguss|[from]lockedmove
|-damage|p1a: Amoonguss|47/100
|move|p1a: Amoonguss|Spore|p2a: Dragapult
|-status|p2a: Dragapult|slp|[from] move: Spore
|
|-heal|p1a: Amoonguss|53/100|[from] item: Leftovers
|turn|50
|-message|p2 forfeited.
|
|win|p1
