|poke|p1|Enamorus-Therian, F|
|poke|p1|Iron Treads|
|poke|p1|Tauros-Paldea-Aqua, M|
|poke|p1|Cinderace, F|
|poke|p1|Gholdengo|
|poke|p1|Dragapult, M|
|poke|p2|Samurott-Hisui, F|
|poke|p2|Dragapult, M|
|poke|p2|Sneasler, M|
|poke|p2|Magearna|
|poke|p2|Volcarona, M|
|poke|p2|Zamazenta-*|
|teampreview
|
|start
|switch|p1a: Magearna at home|Enamorus-Therian, F|100/100
|switch|p2a: Edgelord|Samurott-Hisui, F, shiny|100/100
|turn|1
|
|move|p2a: Edgelord|Taunt|p1a: Magearna at home
|-start|p1a: Magearna at home|move: Taunt
|cant|p1a: Magearna at home|move: Taunt|Calm Mind
|
|turn|2
|
|move|p2a: Edgelord|Ceaseless Edge|p1a: Magearna at home
|-resisted|p1a: Magearna at home
|-damage|p1a: Magearna at home|83/100
|-sidestart|p1: p1|Spikes
|move|p1a: Magearna at home|Draining Kiss|p2a: Edgelord
|-supereffective|p2a: Edgelord
|-damage|p2a: Edgelord|31/100
|-heal|p1a: Magearna at home|100/100|[from] drain|[of] p2a: Edgelord
|
|turn|3
|
|move|p2a: Edgelord|Razor Shell|p1a: Magearna at home
|-damage|p1a: Magearna at home|56/100
|move|p1a: Magearna at home|Draining Kiss|p2a: Edgelord
|-supereffective|p2a: Edgelord
|-damage|p2a: Edgelord|0 fnt
|-heal|p1a: Magearna at home|77/100|[from] drain|[of] p2a: Edgelord
|faint|p2a: Edgelord
|
|-heal|p1a: Magearna at home|83/100|[from] item: Leftovers
|-end|p1a: Magearna at home|move: Taunt
|
|switch|p2a: KingMidas|Sneasler, M, shiny|100/100
|-item|p2a: KingMidas|Air Balloon
|turn|4
|
|-terastallize|p1a: Magearna at home|Poison
|move|p2a: KingMidas|Swords Dance|p2a: KingMidas
|-boost|p2a: KingMidas|atk|2
|move|p1a: Magearna at home|Iron Defense|p1a: Magearna at home
|-boost|p1a: Magearna at home|def|2
|
|-heal|p1a: Magearna at home|89/100|[from] item: Leftovers
|turn|5
|
|move|p2a: KingMidas|Swords Dance|p2a: KingMidas
|-boost|p2a: KingMidas|atk|2
|move|p1a: Magearna at home|Iron Defense|p1a: Magearna at home
|-boost|p1a: Magearna at home|def|2
|
|-heal|p1a: Magearna at home|95/100|[from] item: Leftovers
|turn|6
|
|move|p2a: KingMidas|Swords Dance|p2a: KingMidas
|-boost|p2a: KingMidas|atk|2
|move|p1a: Magearna at home|Calm Mind|p1a: Magearna at home
|-boost|p1a: Magearna at home|spa|1
|-boost|p1a: Magearna at home|spd|1
|
|-heal|p1a: Magearna at home|100/100|[from] item: Leftovers
|turn|7
|
|move|p2a: KingMidas|Dire Claw|p1a: Magearna at home
|-resisted|p1a: Magearna at home
|-damage|p1a: Magearna at home|76/100
|move|p1a: Magearna at home|Draining Kiss|p2a: KingMidas
|-damage|p2a: KingMidas|57/100
|-heal|p1a: Magearna at home|100/100|[from] drain|[of] p2a: KingMidas
|-enditem|p2a: KingMidas|Air Balloon
|
|turn|8
|
|-terastallize|p2a: KingMidas|Flying
|move|p2a: KingMidas|Acrobatics|p1a: Magearna at home
|-damage|p1a: Magearna at home|35/100
|move|p1a: Magearna at home|Earth Power|p2a: KingMidas
|-immune|p2a: KingMidas
|
|-heal|p1a: Magearna at home|41/100|[from] item: Leftovers
|turn|9
|
|move|p2a: KingMidas|Acrobatics|p1a: Magearna at home
|-damage|p1a: Magearna at home|0 fnt
|faint|p1a: Magearna at home
|
|
|switch|p1a: Urshifu at home|Tauros-Paldea-Aqua, M|100/100
|-damage|p1a: Urshifu at home|88/100|[from] Spikes
|-ability|p1a: Urshifu at home|Intimidate|boost
|-unboost|p2a: KingMidas|atk|1
|turn|10
|
|move|p1a: Urshifu at home|Aqua Jet|p2a: KingMidas
|-damage|p2a: KingMidas|13/100
|move|p2a: KingMidas|Acrobatics|p1a: Urshifu at home
|-supereffective|p1a: Urshifu at home
|-damage|p1a: Urshifu at home|0 fnt
|faint|p1a: Urshifu at home
|
|-message|p1 forfeited.
|
|win|p2
