|poke|p1|Dondozo, F|
|poke|p1|Hydreigon, F|
|poke|p1|Cinderace, M|
|poke|p1|Toxapex, F|
|poke|p1|Great Tusk|
|poke|p1|Scream Tail|
|poke|p2|Iron Valiant|
|poke|p2|Chien-Pao|
|poke|p2|Great Tusk|
|poke|p2|Kingambit, M|
|poke|p2|Urshifu-*, M|
|poke|p2|Gholdengo|
|teampreview
|
|start
|switch|p1a: Great Tusk|Great Tusk|100/100
|switch|p2a: Great Tusk|Great Tusk, shiny|100/100
|turn|1
|
|move|p2a: Great Tusk|Stealth Rock|p1a: Great Tusk
|-sidestart|p1: p1|move: Stealth Rock
|move|p1a: Great Tusk|Knock Off|p2a: Great Tusk
|-resisted|p2a: Great Tusk
|-damage|p2a: Great Tusk|89/100
|-enditem|p2a: Great Tusk|Leftovers|[from] move: Knock Off|[of] p1a: Great Tusk
|
|turn|2
|
|move|p2a: Great Tusk|Rapid Spin|p1a: Great Tusk
|-damage|p1a: Great Tusk|92/100
|-boost|p2a: Great Tusk|spe|1
|move|p1a: Great Tusk|Earthquake|p2a: Great Tusk
|-damage|p2a: Great Tusk|57/100
|
|-heal|p1a: Great Tusk|98/100|[from] item: Leftovers
|turn|3
|
|-end|p2a: Great Tusk|Protosynthesis|[silent]
|switch|p2a: Iron Valiant|Iron Valiant|100/100
|-enditem|p2a: Iron Valiant|Booster Energy
|-activate|p2a: Iron Valiant|ability: Quark Drive|[fromitem]
|-start|p2a: Iron Valiant|quarkdrivespe
|move|p1a: Great Tusk|Earthquake|p2a: Iron Valiant
|-damage|p2a: Iron Valiant|47/100
|
|-heal|p1a: Great Tusk|100/100|[from] item: Leftovers
|turn|4
|
|-end|p2a: Iron Valiant|Quark Drive|[silent]
|switch|p2a: Chien-Pao|Chien-Pao|100/100
|-ability|p2a: Chien-Pao|Sword of Ruin
|-end|p1a: Great Tusk|Protosynthesis|[silent]
|switch|p1a: Toxapex|Toxapex, F|100/100
|-damage|p1a: Toxapex|88/100|[from] Stealth Rock
|
|turn|5
|
|move|p2a: Chien-Pao|Swords Dance|p2a: Chien-Pao
|-boost|p2a: Chien-Pao|atk|2
|move|p1a: Toxapex|Sludge Bomb|p2a: Chien-Pao
|-damage|p2a: Chien-Pao|58/100
|-status|p2a: Chien-Pao|psn
|
|-damage|p2a: Chien-Pao|46/100 psn|[from] psn
|turn|6
|
|switch|p1a: Great Tusk|Great Tusk|100/100
|-damage|p1a: Great Tusk|98/100|[from] Stealth Rock
|move|p2a: Chien-Pao|Throat Chop|p1a: Great Tusk
|-resisted|p1a: Great Tusk
|-damage|p1a: Great Tusk|72/100
|-start|p1a: Great Tusk|Throat Chop|[silent]
|
|-heal|p1a: Great Tusk|78/100|[from] item: Leftovers
|-damage|p2a: Chien-Pao|34/100 psn|[from] psn
|turn|7
|
|-end|p1a: Great Tusk|Protosynthesis|[silent]
|switch|p1a: Dondozo|Dondozo, F|100/100
|-damage|p1a: Dondozo|88/100|[from] Stealth Rock
|move|p2a: Chien-Pao|Ice Spinner|p1a: Dondozo
|-resisted|p1a: Dondozo
|-damage|p1a: Dondozo|76/100
|
|-heal|p1a: Dondozo|82/100|[from] item: Leftovers
|-damage|p2a: Chien-Pao|21/100 psn|[from] psn
|turn|8
|
|move|p2a: Chien-Pao|Throat Chop|p1a: Dondozo
|-damage|p1a: Dondozo|58/100
|-start|p1a: Dondozo|Throat Chop|[silent]
|move|p1a: Dondozo|Wave Crash|p2a: Chien-Pao
|-damage|p2a: Chien-Pao|0 fnt
|faint|p2a: Chien-Pao
|-damage|p1a: Dondozo|54/100|[from] Recoil
|
|-heal|p1a: Dondozo|60/100|[from] item: Leftovers
|
|switch|p2a: Kingambit|Kingambit, M, shiny|100/100
|-activate|p2a: Kingambit|ability: Supreme Overlord
|-start|p2a: Kingambit|fallen1|[silent]
|turn|9
|
|move|p2a: Kingambit|Swords Dance|p2a: Kingambit
|-boost|p2a: Kingambit|atk|2
|move|p1a: Dondozo|Body Press|p2a: Kingambit
|-supereffective|p2a: Kingambit
|-damage|p2a: Kingambit|17/100
|
|-heal|p2a: Kingambit|24/100|[from] item: Leftovers
|-heal|p1a: Dondozo|66/100|[from] item: Leftovers
|-end|p1a: Dondozo|Throat Chop|[silent]
|turn|10
|
|-terastallize|p2a: Kingambit|Flying
|move|p2a: Kingambit|Swords Dance|p2a: Kingambit
|-boost|p2a: Kingambit|atk|2
|move|p1a: Dondozo|Body Press|p2a: Kingambit
|-resisted|p2a: Kingambit
|-damage|p2a: Kingambit|14/100
|
|-heal|p2a: Kingambit|21/100|[from] item: Leftovers
|-heal|p1a: Dondozo|72/100|[from] item: Leftovers
|turn|11
|
|move|p2a: Kingambit|Sucker Punch|p1a: Dondozo
|-damage|p1a: Dondozo|52/100
|move|p1a: Dondozo|Wave Crash|p2a: Kingambit
|-damage|p2a: Kingambit|0 fnt
|faint|p2a: Kingambit
|-end|p2a: Kingambit|fallen1|[silent]
|-damage|p1a: Dondozo|46/100|[from] Recoil
|
|-heal|p1a: Dondozo|52/100|[from] item: Leftovers
|-message|p2 forfeited.
|
|win|p1
