|poke|p1|Ursaluna, M|
|poke|p1|Hatterene, F|
|poke|p1|Enamorus-Therian, F|
|poke|p1|Kingambit, F|
|poke|p1|Cresselia, F|
|poke|p1|Magearna|
|poke|p2|Drifblim, M|
|poke|p2|Slowking-Galar, M|
|poke|p2|Dondozo, M|
|poke|p2|Blissey, F|
|poke|p2|Alomomola, F|
|poke|p2|Clodsire, F|
|teampreview
|
|start
|switch|p1a: Hatterene|Hatterene, F, shiny|100/100
|switch|p2a: Slowking|Slowking-Galar, M|100/100
|turn|1
|
|move|p2a: Slowking|Sludge Bomb|p1a: Hatterene
|-supereffective|p1a: Hatterene
|-damage|p1a: Hatterene|32/100
|-status|p1a: Hatterene|psn
|move|p1a: Hatterene|Trick Room|p1a: Hatterene
|-fieldstart|move: Trick Room|[of] p1a: Hatterene
|
|-damage|p1a: Hatterene|20/100 psn|[from] psn
|turn|2
|
|move|p1a: Hatterene|Healing Wish|p1a: Hatterene
|faint|p1a: Hatterene
|move|p2a: Slowking|Sludge Bomb|p1: Hatterene|[notarget]
|-fail|p2a: Slowking
|
|
|switch|p1a: Ursaluna|Ursaluna, M, shiny|100/100
|turn|3
|
|switch|p2a: Drifblim|Drifblim, M|100/100
|move|p1a: Ursaluna|Fire Punch|p2a: Drifblim
|-damage|p2a: Drifblim|76/100
|
|-status|p1a: Ursaluna|brn|[from] item: Flame Orb
|turn|4
|
|move|p1a: Ursaluna|Fire Punch|p2a: Drifblim
|-damage|p2a: Drifblim|41/100
|move|p2a: Drifblim|Strength Sap|p1a: Ursaluna
|-unboost|p1a: Ursaluna|atk|1
|-heal|p2a: Drifblim|100/100
|
|-damage|p1a: Ursaluna|94/100 brn|[from] brn
|turn|5
|
|switch|p1a: Magearna|Magearna|100/100
|move|p2a: Drifblim|Strength Sap|p1a: Magearna
|-unboost|p1a: Magearna|atk|1
|
|-fieldend|move: Trick Room
|turn|6
|
|switch|p2a: Clodsire|Clodsire, F|100/100
|move|p1a: Magearna|Trick Room|p1a: Magearna
|-fieldstart|move: Trick Room|[of] p1a: Magearna
|
|turn|7
|
|switch|p1a: Ursaluna|Ursaluna, M, shiny|94/100 brn
|-heal|p1a: Ursaluna|100/100|[from] move: Healing Wish
|move|p2a: Clodsire|Earthquake|p1a: Ursaluna
|-damage|p1a: Ursaluna|80/100
|
|-status|p1a: Ursaluna|brn|[from] item: Flame Orb
|turn|8
|
|switch|p2a: Drifblim|Drifblim, M|100/100
|move|p1a: Ursaluna|Fire Punch|p2a: Drifblim
|-damage|p2a: Drifblim|60/100
|
|-damage|p1a: Ursaluna|73/100 brn|[from] brn
|turn|9
|
|switch|p1a: Enamorus|Enamorus-Therian, F, shiny|100/100
|move|p2a: Drifblim|Strength Sap|p1a: Enamorus
|-unboost|p1a: Enamorus|atk|1
|-heal|p2a: Drifblim|100/100
|
|turn|10
|
|switch|p2a: Slowking|Slowking-Galar, M|100/100
|move|p1a: Enamorus|Moonblast|p2a: Slowking
|-resisted|p2a: Slowking
|-damage|p2a: Slowking|74/100
|-unboost|p2a: Slowking|spa|1
|
|-fieldend|move: Trick Room
|turn|11
|
|switch|p1a: Cresselia|Cresselia, F, shiny|100/100
|switch|p2a: Blissey|Blissey, F|100/100
|
|turn|12
|
|move|p2a: Blissey|Stealth Rock|p1a: Cresselia
|-sidestart|p1: jour2e23 endeavour|move: Stealth Rock
|move|p1a: Cresselia|Trick Room|p1a: Cresselia
|-fieldstart|move: Trick Room|[of] p1a: Cresselia
|
|turn|13
|
|switch|p1a: Kingambit|Kingambit, F, shiny|100/100
|-damage|p1a: Kingambit|94/100|[from] Stealth Rock
|-activate|p1a: Kingambit|ability: Supreme Overlord
|-start|p1a: Kingambit|fallen1|[silent]
|move|p2a: Blissey|Seismic Toss|p1a: Kingambit
|-damage|p1a: Kingambit|70/100
|
|turn|14
|
|switch|p2a: Alomomola|Alomomola, F|100/100
|move|p1a: Kingambit|Kowtow Cleave|p2a: Alomomola
|-damage|p2a: Alomomola|65/100
|
|turn|15
|
|move|p1a: Kingambit|Swords Dance|p1a: Kingambit
|-boost|p1a: Kingambit|atk|2
|move|p2a: Alomomola|Wish|p2a: Alomomola
|
|turn|16
|
|switch|p2a: Dondozo|Dondozo, M|100/100
|move|p1a: Kingambit|Swords Dance|p1a: Kingambit
|-boost|p1a: Kingambit|atk|2
|
|-fieldend|move: Trick Room
|turn|17
|
|-end|p1a: Kingambit|fallen1|[silent]
|switch|p1a: Cresselia|Cresselia, F, shiny|100/100
|-damage|p1a: Cresselia|88/100|[from] Stealth Rock
|move|p2a: Dondozo|Body Press|p1a: Cresselia
|-resisted|p1a: Cresselia
|-damage|p1a: Cresselia|78/100
|
|turn|18
|
|switch|p2a: Clodsire|Clodsire, F|100/100
|move|p1a: Cresselia|Trick Room|p1a: Cresselia
|-fieldstart|move: Trick Room|[of] p1a: Cresselia
|
|turn|19
|
|move|p2a: Clodsire|Toxic|p1a: Cresselia
|-status|p1a: Cresselia|tox
|move|p1a: Cresselia|Psyshock|p2a: Clodsire
|-supereffective|p2a: Clodsire
|-damage|p2a: Clodsire|57/100
|
|-damage|p1a: Cresselia|72/100 tox|[from] psn
|turn|20
|
|switch|p1a: Enamorus|Enamorus-Therian, F, shiny|100/100
|-damage|p1a: Enamorus|75/100|[from] Stealth Rock
|move|p2a: Clodsire|Recover|p2a: Clodsire
|-heal|p2a: Clodsire|100/100
|
|turn|21
|
|switch|p2a: Slowking|Slowking-Galar, M|100/100
|move|p1a: Enamorus|Earth Power|p2a: Slowking
|-supereffective|p2a: Slowking
|-damage|p2a: Slowking|36/100
|
|turn|22
|
|switch|p2a: Blissey|Blissey, F|100/100
|move|p1a: Enamorus|Earth Power|p2a: Blissey
|-damage|p2a: Blissey|84/100
|
|-fieldend|move: Trick Room
|turn|23
|
|switch|p2a: Slowking|Slowking-Galar, M|69/100
|switch|p1a: Magearna|Magearna|100/100
|-damage|p1a: Magearna|94/100|[from] Stealth Rock
|
|-heal|p1a: Magearna|100/100|[from] item: Leftovers
|turn|24
|
|switch|p2a: Clodsire|Clodsire, F|100/100
|move|p1a: Magearna|Trick Room|p1a: Magearna
|-fieldstart|move: Trick Room|[of] p1a: Magearna
|
|turn|25
|
|switch|p1a: Ursaluna|Ursaluna, M, shiny|73/100 brn
|-damage|p1a: Ursaluna|67/100 brn|[from] Stealth Rock
|move|p2a: Clodsire|Earthquake|p1a: Ursaluna
|-damage|p1a: Ursaluna|48/100 brn
|
|-damage|p1a: Ursaluna|42/100 brn|[from] brn
|turn|26
|
|switch|p2a: Drifblim|Drifblim, M|100/100
|move|p1a: Ursaluna|Fire Punch|p2a: Drifblim
|-damage|p2a: Drifblim|63/100
|
|-damage|p1a: Ursaluna|36/100 brn|[from] brn
|turn|27
|
|move|p1a: Ursaluna|Fire Punch|p2a: Drifblim
|-damage|p2a: Drifblim|28/100
|move|p2a: Drifblim|Strength Sap|p1a: Ursaluna
|-unboost|p1a: Ursaluna|atk|1
|-heal|p2a: Drifblim|100/100
|
|-damage|p1a: Ursaluna|30/100 brn|[from] brn
|turn|28
|
|switch|p1a: Kingambit|Kingambit, F, shiny|70/100
|-damage|p1a: Kingambit|63/100|[from] Stealth Rock
|-activate|p1a: Kingambit|ability: Supreme Overlord
|-start|p1a: Kingambit|fallen1|[silent]
|move|p2a: Drifblim|Will-O-Wisp|p1a: Kingambit
|-status|p1a: Kingambit|brn
|
|-damage|p1a: Kingambit|57/100 brn|[from] brn
|-fieldend|move: Trick Room
|turn|29
|-message|jour2e23 endeavour forfeited.
|
|win|AColi
