|poke|p1|Corviknight, F|
|poke|p1|Meowscarada, F|
|poke|p1|Iron Moth|
|poke|p1|Diancie|
|poke|p1|Great Tusk|
|poke|p1|Basculegion, M|
|poke|p2|Typhlosion-Hisui, F|
|poke|p2|Garganacl, M|
|poke|p2|Samurott-Hisui, M|
|poke|p2|Hatterene, F|
|poke|p2|Corviknight, F|
|poke|p2|Great Tusk|
|teampreview
|
|start
|switch|p1a: Meowscarada|Meowscarada, F, shiny|100/100
|switch|p2a: Typhlosion|Typhlosion-Hisui, F|100/100
|-item|p1a: Meowscarada|Focus Sash|[from] ability: Frisk|[of] p2a: Typhlosion|[identify]
|turn|1
|
|switch|p2a: Corviknight|Corviknight, F|100/100
|move|p1a: Meowscarada|Knock Off|p2a: Corviknight
|-damage|p2a: Corviknight|78/100
|-damage|p1a: Meowscarada|84/100|[from] item: Rocky Helmet|[of] p2a: Corviknight
|-enditem|p2a: Corviknight|Rocky Helmet|[from] move: Knock Off|[of] p1a: Meowscarada
|
|turn|2
|
|move|p1a: Meowscarada|Spikes|p2a: Corviknight
|-sidestart|p2: p2|Spikes
|move|p2a: Corviknight|U-turn|p1a: Meowscarada
|-supereffective|p1a: Meowscarada
|-damage|p1a: Meowscarada|0 fnt
|faint|p1a: Meowscarada
|
|switch|p2a: Great Tusk|Great Tusk|100/100|[from] U-turn
|-damage|p2a: Great Tusk|88/100|[from] Spikes
|
|
|switch|p1a: Basculegion|Basculegion, M|100/100
|turn|3
|
|-terastallize|p2a: Great Tusk|Fighting
|move|p1a: Basculegion|Wave Crash|p2a: Great Tusk
|-damage|p2a: Great Tusk|55/100
|-damage|p1a: Basculegion|88/100|[from] Recoil
|move|p2a: Great Tusk|Knock Off|p1a: Basculegion
|-supereffective|p1a: Basculegion
|-damage|p1a: Basculegion|10/100
|-enditem|p1a: Basculegion|Choice Scarf|[from] move: Knock Off|[of] p2a: Great Tusk
|
|turn|4
|
|move|p1a: Basculegion|Aqua Jet|p2a: Great Tusk
|-damage|p2a: Great Tusk|44/100
|move|p2a: Great Tusk|Earthquake|p1a: Basculegion
|-damage|p1a: Basculegion|0 fnt
|faint|p1a: Basculegion
|
|
|switch|p1a: Iron Moth|Iron Moth|100/100
|-enditem|p1a: Iron Moth|Booster Energy
|-activate|p1a: Iron Moth|ability: Quark Drive|[fromitem]
|-start|p1a: Iron Moth|quarkdrivespa
|turn|5
|
|move|p1a: Iron Moth|Fiery Dance|p2a: Great Tusk
|-damage|p2a: Great Tusk|0 fnt
|-boost|p1a: Iron Moth|spa|1
|faint|p2a: Great Tusk
|-end|p2a: Great Tusk|Protosynthesis|[silent]
|
|
|switch|p2a: Hatterene|Hatterene, F|100/100
|-damage|p2a: Hatterene|88/100|[from] Spikes
|turn|6
|
|-terastallize|p1a: Iron Moth|Fairy
|move|p1a: Iron Moth|Fiery Dance|p2a: Hatterene
|-damage|p2a: Hatterene|31/100
|move|p2a: Hatterene|Nuzzle|p1a: Iron Moth
|-damage|p1a: Iron Moth|94/100
|-status|p1a: Iron Moth|par
|
|turn|7
|
|cant|p1a: Iron Moth|par
|move|p2a: Hatterene|Mystical Fire|p1a: Iron Moth
|-damage|p1a: Iron Moth|62/100 par
|-unboost|p1a: Iron Moth|spa|1
|
|turn|8
|
|move|p1a: Iron Moth|Fiery Dance|p2a: Hatterene
|-damage|p2a: Hatterene|0 fnt
|-boost|p1a: Iron Moth|spa|1
|faint|p2a: Hatterene
|
|
|switch|p2a: Samurott|Samurott-Hisui, M|100/100
|-damage|p2a: Samurott|88/100|[from] Spikes
|turn|9
|
|move|p2a: Samurott|Aqua Cutter|p1a: Iron Moth
|-damage|p1a: Iron Moth|0 fnt
|faint|p1a: Iron Moth
|-end|p1a: Iron Moth|Quark Drive|[silent]
|-damage|p2a: Samurott|78/100|[from] item: Life Orb
|
|
|switch|p1a: Corviknight|Corviknight, F|100/100
|-ability|p1a: Corviknight|Pressure
|turn|10
|
|switch|p2a: Corviknight|Corviknight, F|78/100
|move|p1a: Corviknight|U-turn|p2a: Corviknight
|-resisted|p2a: Corviknight
|-damage|p2a: Corviknight|76/100
|
|switch|p1a: Diancie|Diancie|100/100|[from] U-turn
|
|turn|11
|
|move|p2a: Corviknight|Body Press|p1a: Diancie
|-damage|p1a: Diancie|79/100
|move|p1a: Diancie|Diamond Storm|p2a: Corviknight
|-damage|p2a: Corviknight|57/100
|
|turn|12
|
|move|p2a: Corviknight|Body Press|p1a: Diancie
|-damage|p1a: Diancie|59/100
|move|p1a: Diancie|Diamond Storm|p2a: Corviknight
|-damage|p2a: Corviknight|38/100
|-boost|p1a: Diancie|def|2
|
|turn|13
|
|move|p2a: Corviknight|Roost|p2a: Corviknight
|-heal|p2a: Corviknight|88/100
|-singleturn|p2a: Corviknight|move: Roost
|move|p1a: Diancie|Body Press|p2a: Corviknight
|-supereffective|p2a: Corviknight
|-damage|p2a: Corviknight|24/100
|
|turn|14
|
|move|p2a: Corviknight|Body Press|p1a: Diancie
|-crit|p1a: Diancie
|-damage|p1a: Diancie|28/100
|move|p1a: Diancie|Diamond Storm|p2a: Corviknight|[miss]
|-miss|p1a: Diancie|p2a: Corviknight
|
|turn|15
|
|move|p2a: Corviknight|Body Press|p1a: Diancie
|-damage|p1a: Diancie|19/100
|move|p1a: Diancie|Body Press|p2a: Corviknight
|-damage|p2a: Corviknight|0 fnt
|faint|p2a: Corviknight
|
|
|switch|p2a: Typhlosion|Typhlosion-Hisui, F|100/100
|-damage|p2a: Typhlosion|88/100|[from] Spikes
|-item|p1a: Diancie|Assault Vest|[from] ability: Frisk|[of] p2a: Typhlosion|[identify]
|turn|16
|
|move|p2a: Typhlosion|Eruption|p1a: Diancie
|-resisted|p1a: Diancie
|-damage|p1a: Diancie|0 fnt
|faint|p1a: Diancie
|
|
|switch|p1a: Great Tusk|Great Tusk|100/100
|turn|17
|
|move|p2a: Typhlosion|Eruption|p1a: Great Tusk
|-damage|p1a: Great Tusk|0 fnt
|faint|p1a: Great Tusk
|-end|p1a: Great Tusk|Protosynthesis|[silent]
|
|player|p1|
|-message|p1 lost due to inactivity.
|
|win|p2
