# advantage = p2
|poke|p1|Landorus-Therian, M|
|poke|p1|Tornadus-Therian, M|
|poke|p1|Amoonguss, M|
|poke|p1|Skeledirge, F|
|poke|p1|Roaring Moon|
|poke|p1|Great Tusk|
|poke|p2|Dondozo, F|
|poke|p2|Landorus-Therian, M|
|poke|p2|Dragapult, F|
|poke|p2|Ceruledge, M|
|poke|p2|Greninja, F|
|poke|p2|Clodsire, F|
|teampreview
|
|start
|switch|p1a: Amoonguss|Amoonguss, M|100/100
|switch|p2a: Dragapult|Dragapult, F|100/100
|turn|1
|
|move|p2a: Dragapult|Reflect|p2a: Dragapult
|-sidestart|p2: p2|Reflect
|move|p1a: Amoonguss|Spore|p2a: Dragapult
|-status|p2a: Dragapult|slp|[from] move: Spore
|
|turn|2
|
|cant|p2a: Dragapult|slp
|move|p1a: Amoonguss|Sludge Bomb|p2a: Dragapult
|-resisted|p2a: Dragapult
|-damage|p2a: Dragapult|83/100 slp
|
|turn|3
|
|switch|p1a: Tornadus|Tornadus-Therian, M|100/100
|-curestatus|p2a: Dragapult|slp|[msg]
|move|p2a: Dragapult|Light Screen|p2a: Dragapult
|-sidestart|p2: p2|move: Light Screen
|
|turn|4
|
|move|p2a: Dragapult|Draco Meteor|p1a: Tornadus|[miss]
|-miss|p2a: Dragapult|p1a: Tornadus
|move|p1a: Tornadus|Nasty Plot|p1a: Tornadus
|-boost|p1a: Tornadus|spa|2
|
|turn|5
|
|move|p2a: Dragapult|Curse|p1a: Tornadus
|-start|p1a: Tornadus|Curse|[of] p2a: Dragapult
|-damage|p2a: Dragapult|34/100
|move|p1a: Tornadus|Bleakwind Storm|p2a: Dragapult
|-damage|p2a: Dragapult|0 fnt
|faint|p2a: Dragapult
|
|-damage|p1a: Tornadus|76/100|[from] Curse
|
|switch|p2a: Clodsire|Clodsire, F|100/100
|turn|6
|
|switch|p1a: Landorus|Landorus-Therian, M|100/100
|-ability|p1a: Landorus|Intimidate|boost
|-unboost|p2a: Clodsire|atk|1
|move|p2a: Clodsire|Stealth Rock|p1a: Landorus
|-sidestart|p1: p1|move: Stealth Rock
|
|turn|7
|
|move|p1a: Landorus|Swords Dance|p1a: Landorus
|-boost|p1a: Landorus|atk|2
|move|p2a: Clodsire|Toxic|p1a: Landorus
|-status|p1a: Landorus|tox
|
|-damage|p1a: Landorus|95/100 tox|[from] psn
|turn|8
|
|switch|p2a: Dondozo|Dondozo, F|100/100
|move|p1a: Landorus|Earthquake|p2a: Dondozo
|-damage|p2a: Dondozo|87/100
|
|-heal|p1a: Landorus|100/100 tox|[from] item: Leftovers
|-damage|p1a: Landorus|89/100 tox|[from] psn
|-sideend|p2: p2|Reflect
|turn|9
|
|move|p1a: Landorus|U-turn|p2a: Dondozo
|-damage|p2a: Dondozo|72/100
|-damage|p1a: Landorus|72/100 tox|[from] item: Rocky Helmet|[of] p2a: Dondozo
|
|switch|p1a: Amoonguss|Amoonguss, M|100/100|[from] U-turn
|-damage|p1a: Amoonguss|88/100|[from] Stealth Rock
|move|p2a: Dondozo|Curse|p2a: Dondozo
|-unboost|p2a: Dondozo|spe|1
|-boost|p2a: Dondozo|atk|1
|-boost|p2a: Dondozo|def|1
|
|turn|10
|
|move|p1a: Amoonguss|Clear Smog|p2a: Dondozo
|-damage|p2a: Dondozo|66/100
|-clearboost|p2a: Dondozo
|move|p2a: Dondozo|Wave Crash|p1a: Amoonguss
|-resisted|p1a: Amoonguss
|-damage|p1a: Amoonguss|71/100
|-damage|p2a: Dondozo|50/100|[from] item: Rocky Helmet|[of] p1a: Amoonguss
|-damage|p2a: Dondozo|44/100|[from] Recoil
|
|-sideend|p2: p2|move: Light Screen
|turn|11
|
|move|p2a: Dondozo|Rest|p2a: Dondozo
|-status|p2a: Dondozo|slp|[from] move: Rest
|-heal|p2a: Dondozo|100/100 slp|[silent]
|move|p1a: Amoonguss|Giga Drain|p2a: Dondozo
|-supereffective|p2a: Dondozo
|-damage|p2a: Dondozo|66/100 slp
|-heal|p1a: Amoonguss|89/100|[from] drain|[of] p2a: Dondozo
|
|turn|12
|
|cant|p2a: Dondozo|slp
|move|p2a: Dondozo|Sleep Talk|p2a: Dondozo
|move|p2a: Dondozo|Wave Crash|p1a: Amoonguss|[from]move: Sleep Talk
|-resisted|p1a: Amoonguss
|-damage|p1a: Amoonguss|72/100
|-damage|p2a: Dondozo|50/100 slp|[from] item: Rocky Helmet|[of] p1a: Amoonguss
|-damage|p2a: Dondozo|44/100 slp|[from] Recoil
|move|p1a: Amoonguss|Giga Drain|p2a: Dondozo
|-supereffective|p2a: Dondozo
|-damage|p2a: Dondozo|9/100 slp
|-heal|p1a: Amoonguss|90/100|[from] drain|[of] p2a: Dondozo
|
|turn|13
|
|cant|p2a: Dondozo|slp
|move|p2a: Dondozo|Sleep Talk|p2a: Dondozo
|move|p2a: Dondozo|Curse|p2a: Dondozo|[from]move: Sleep Talk
|-unboost|p2a: Dondozo|spe|1
|-boost|p2a: Dondozo|atk|1
|-boost|p2a: Dondozo|def|1
|move|p1a: Amoonguss|Sludge Bomb|p2a: Dondozo
|-damage|p2a: Dondozo|0 fnt
|faint|p2a: Dondozo
|
|
|switch|p2a: Ceruledge|Ceruledge, M|100/100
|turn|14
|
|switch|p1a: Landorus|Landorus-Therian, M|72/100 tox
|-damage|p1a: Landorus|60/100 tox|[from] Stealth Rock
|-ability|p1a: Landorus|Intimidate|boost
|-unboost|p2a: Ceruledge|atk|1
|-terastallize|p2a: Ceruledge|Grass
|move|p2a: Ceruledge|Bulk Up|p2a: Ceruledge
|-boost|p2a: Ceruledge|atk|1
|-boost|p2a: Ceruledge|def|1
|
|-heal|p1a: Landorus|66/100 tox|[from] item: Leftovers
|-damage|p1a: Landorus|60/100 tox|[from] psn
|turn|15
|
|move|p1a: Landorus|U-turn|p2a: Ceruledge
|-supereffective|p2a: Ceruledge
|-damage|p2a: Ceruledge|63/100
|
|switch|p1a: Tornadus|Tornadus-Therian, M|100/100|[from] U-turn
|move|p2a: Ceruledge|Bulk Up|p2a: Ceruledge
|-boost|p2a: Ceruledge|atk|1
|-boost|p2a: Ceruledge|def|1
|
|-heal|p2a: Ceruledge|70/100|[from] item: Leftovers
|turn|16
|
|move|p1a: Tornadus|Bleakwind Storm|p2a: Ceruledge
|-supereffective|p2a: Ceruledge
|-damage|p2a: Ceruledge|0 fnt
|faint|p2a: Ceruledge
|
|
|switch|p2a: Greninja|Greninja, F, shiny|100/100
|turn|17
|
|switch|p1a: Skeledirge|Skeledirge, F|100/100
|move|p2a: Greninja|Ice Beam|p1a: Skeledirge
|-start|p2a: Greninja|typechange|Ice|[from] ability: Protean
|-resisted|p1a: Skeledirge
|-damage|p1a: Skeledirge|74/100
|-damage|p2a: Greninja|91/100|[from] item: Life Orb
|
|turn|18
|
|switch|p2a: Clodsire|Clodsire, F|100/100
|switch|p1a: Roaring Moon|Roaring Moon|100/100
|-enditem|p1a: Roaring Moon|Booster Energy
|-activate|p1a: Roaring Moon|ability: Protosynthesis|[fromitem]
|-start|p1a: Roaring Moon|protosynthesisatk
|-damage|p1a: Roaring Moon|88/100|[from] Stealth Rock
|
|turn|19
|
|switch|p2a: Landorus|Landorus-Therian, M|100/100
|-ability|p2a: Landorus|Intimidate|boost
|-unboost|p1a: Roaring Moon|atk|1
|move|p1a: Roaring Moon|Earthquake|p2a: Landorus
|-immune|p2a: Landorus
|
|turn|20
|
|-terastallize|p1a: Roaring Moon|Flying
|move|p1a: Roaring Moon|Dragon Dance|p1a: Roaring Moon
|-boost|p1a: Roaring Moon|atk|1
|-boost|p1a: Roaring Moon|spe|1
|move|p2a: Landorus|Earthquake|p1a: Roaring Moon
|-immune|p1a: Roaring Moon
|
|turn|21
|
|move|p1a: Roaring Moon|Dragon Dance|p1a: Roaring Moon
|-boost|p1a: Roaring Moon|atk|1
|-boost|p1a: Roaring Moon|spe|1
|move|p2a: Landorus|Smack Down|p1a: Roaring Moon
|-supereffective|p1a: Roaring Moon
|-damage|p1a: Roaring Moon|38/100
|-start|p1a: Roaring Moon|Smack Down
|
|turn|22
|
|move|p1a: Roaring Moon|Acrobatics|p2a: Landorus
|-damage|p2a: Landorus|0 fnt
|faint|p2a: Landorus
|
|
|switch|p2a: Clodsire|Clodsire, F|100/100
|turn|23
|-message|p2 forfeited.
|
|win|p1
