|poke|p1|Pelipper, F|
|poke|p1|Basculegion, M|
|poke|p1|Floatzel, F|
|poke|p1|Ursaluna, M|
|poke|p1|Garchomp, F|
|poke|p1|Magearna|
|poke|p2|Roaring Moon|
|poke|p2|Clodsire, M|
|poke|p2|Great Tusk|
|poke|p2|Corviknight, M|
|poke|p2|Iron Valiant|
|poke|p2|Skeledirge, M|
|teampreview
|
|start
|switch|p1a: Garchomp|Garchomp, F|100/100
|switch|p2a: They/Them|Iron Valiant|100/100
|turn|1
|
|switch|p1a: Magearna|Magearna|100/100
|move|p2a: They/Them|Moonblast|p1a: Magearna
|-resisted|p1a: Magearna
|-damage|p1a: Magearna|83/100
|
|turn|2
|
|-end|p2a: They/Them|Quark Drive|[silent]
|switch|p2a: Worf|Skeledirge, M, shiny|100/100
|switch|p1a: Ursaluna|Ursaluna, M|100/100
|
|-status|p1a: Ursaluna|brn|[from] item: Flame Orb
|turn|3
|
|switch|p2a: Silver|Corviknight, M, shiny|100/100
|-ability|p2a: Silver|Pressure
|move|p1a: Ursaluna|Swords Dance|p1a: Ursaluna
|-boost|p1a: Ursaluna|atk|2
|
|-damage|p1a: Ursaluna|94/100 brn|[from] brn
|turn|4
|
|move|p1a: Ursaluna|Fire Punch|p2a: Silver
|-supereffective|p2a: Silver
|-damage|p2a: Silver|0 fnt
|-damage|p1a: Ursaluna|78/100 brn|[from] item: Rocky Helmet|[of] p2a: Silver
|faint|p2a: Silver
|
|-damage|p1a: Ursaluna|72/100 brn|[from] brn
|
|switch|p2a: They/Them|Iron Valiant|100/100
|turn|5
|
|-terastallize|p1a: Ursaluna|Ghost
|move|p2a: They/Them|Focus Blast|p1a: Ursaluna
|-immune|p1a: Ursaluna
|move|p1a: Ursaluna|Facade|p2a: They/Them
|-damage|p2a: They/Them|0 fnt
|faint|p2a: They/Them
|-end|p2a: They/Them|Quark Drive|[silent]
|
|-damage|p1a: Ursaluna|66/100 brn|[from] brn
|
|switch|p2a: Worf|Skeledirge, M, shiny|100/100
|turn|6
|
|move|p1a: Ursaluna|Headlong Rush|p2a: Worf
|-supereffective|p2a: Worf
|-damage|p2a: Worf|0 fnt
|-unboost|p1a: Ursaluna|def|1
|-unboost|p1a: Ursaluna|spd|1
|faint|p2a: Worf
|
|-damage|p1a: Ursaluna|60/100 brn|[from] brn
|-message|p2 forfeited.
|
|win|p1
