|poke|p1|Magearna|
|poke|p1|Ursaluna, M|
|poke|p1|Basculegion-F, F|
|poke|p1|Enamorus-Therian, F|
|poke|p1|Landorus-Therian, M|
|poke|p1|Hoopa-Unbound|
|poke|p2|Arcanine-Hisui, F|
|poke|p2|Torkoal, M|
|poke|p2|Walking Wake|
|poke|p2|Scream Tail|
|poke|p2|Lilligant-Hisui, F|
|poke|p2|Corviknight, M|
|teampreview
|
|start
|switch|p1a: Hoopa|Hoopa-Unbound|100/100
|switch|p2a: Corviknight|Corviknight, M|100/100
|turn|1
|
|switch|p1a: Magearna|Magearna|100/100
|move|p2a: Corviknight|U-turn|p1a: Magearna
|-resisted|p1a: Magearna
|-crit|p1a: Magearna
|-damage|p1a: Magearna|96/100
|
|switch|p2a: Woof Woof|Arcanine-Hisui, F|100/100|[from] U-turn
|
|-heal|p1a: Magearna|100/100|[from] item: Leftovers
|turn|2
|
|switch|p1a: Enamorus|Enamorus-Therian, F|100/100
|move|p2a: Woof Woof|Flare Blitz|p1a: Enamorus
|-damage|p1a: Enamorus|31/100
|-damage|p2a: Woof Woof|91/100|[from] item: Life Orb
|
|turn|3
|
|move|p2a: Woof Woof|Flare Blitz|p1a: Enamorus
|-damage|p1a: Enamorus|0 fnt
|faint|p1a: Enamorus
|-damage|p2a: Woof Woof|81/100|[from] item: Life Orb
|
|
|switch|p1a: Landorus|Landorus-Therian, M|100/100
|-ability|p1a: Landorus|Intimidate|boost
|-unboost|p2a: Woof Woof|atk|1
|turn|4
|
|switch|p2a: Corviknight|Corviknight, M|100/100
|move|p1a: Landorus|Stealth Rock|p2a: Corviknight
|-sidestart|p2: Devious FearVG|move: Stealth Rock
|
|turn|5
|
|move|p1a: Landorus|Smack Down|p2a: Corviknight
|-damage|p2a: Corviknight|88/100
|-start|p2a: Corviknight|Smack Down
|move|p2a: Corviknight|Defog|p1a: Landorus
|-unboost|p1a: Landorus|evasion|1
|-sideend|p2: Devious FearVG|Stealth Rock|[from] move: Defog|[of] p2a: Corviknight
|
|turn|6
|
|switch|p2a: Lilligant|Lilligant-Hisui, F|100/100
|move|p1a: Landorus|Earthquake|p2a: Lilligant
|-resisted|p2a: Lilligant
|-damage|p2a: Lilligant|50/100
|
|turn|7
|
|switch|p2a: Corviknight|Corviknight, M|88/100
|move|p1a: Landorus|U-turn|p2a: Corviknight
|-resisted|p2a: Corviknight
|-crit|p2a: Corviknight
|-damage|p2a: Corviknight|82/100
|-damage|p1a: Landorus|84/100|[from] item: Rocky Helmet|[of] p2a: Corviknight
|
|switch|p1a: Magearna|Magearna|100/100|[from] U-turn
|
|turn|8
|
|move|p2a: Corviknight|U-turn|p1a: Magearna
|-resisted|p1a: Magearna
|-damage|p1a: Magearna|97/100
|
|switch|p2a: Scream Tail|Scream Tail|100/100|[from] U-turn
|move|p1a: Magearna|Trick Room|p1a: Magearna
|-fieldstart|move: Trick Room|[of] p1a: Magearna
|
|-heal|p1a: Magearna|100/100|[from] item: Leftovers
|turn|9
|
|move|p1a: Magearna|Volt Switch|p2a: Scream Tail
|-damage|p2a: Scream Tail|85/100
|
|switch|p1a: Basculegion|Basculegion-F, F|100/100|[from] Volt Switch
|move|p2a: Scream Tail|Perish Song|p2a: Scream Tail
|-start|p1a: Basculegion|perish3|[silent]
|-start|p2a: Scream Tail|perish3|[silent]
|-fieldactivate|move: Perish Song
|
|-start|p1a: Basculegion|perish3
|-start|p2a: Scream Tail|perish3
|turn|10
|
|move|p1a: Basculegion|Shadow Ball|p2a: Scream Tail
|-supereffective|p2a: Scream Tail
|-damage|p2a: Scream Tail|10/100
|-damage|p1a: Basculegion|91/100|[from] item: Life Orb
|move|p2a: Scream Tail|Wish|p2a: Scream Tail
|
|-start|p1a: Basculegion|perish2
|-start|p2a: Scream Tail|perish2
|turn|11
|
|move|p2a: Scream Tail|Protect|p2a: Scream Tail
|-singleturn|p2a: Scream Tail|Protect
|move|p1a: Basculegion|Shadow Ball|p2a: Scream Tail
|-activate|p2a: Scream Tail|move: Protect
|
|-heal|p2a: Scream Tail|60/100|[from] move: Wish|[wisher] Scream Tail
|-start|p1a: Basculegion|perish1
|-start|p2a: Scream Tail|perish1
|turn|12
|
|switch|p1a: Ursaluna|Ursaluna, M, shiny|100/100
|-end|p2a: Scream Tail|Protosynthesis|[silent]
|switch|p2a: Lilligant|Lilligant-Hisui, F|50/100
|
|-fieldend|move: Trick Room
|-status|p1a: Ursaluna|brn|[from] item: Flame Orb
|turn|13
|
|switch|p1a: Landorus|Landorus-Therian, M|84/100
|-ability|p1a: Landorus|Intimidate|boost
|-unboost|p2a: Lilligant|atk|1
|move|p2a: Lilligant|Close Combat|p1a: Landorus
|-resisted|p1a: Landorus
|-damage|p1a: Landorus|56/100
|-unboost|p2a: Lilligant|def|1
|-unboost|p2a: Lilligant|spd|1
|
|turn|14
|
|move|p1a: Landorus|Stealth Rock|p2a: Lilligant
|-sidestart|p2: Devious FearVG|move: Stealth Rock
|move|p2a: Lilligant|Leaf Blade|p1a: Landorus
|-damage|p1a: Landorus|20/100
|
|turn|15
|
|move|p1a: Landorus|U-turn|p2a: Lilligant
|-damage|p2a: Lilligant|0 fnt
|faint|p2a: Lilligant
|
|switch|p1a: Ursaluna|Ursaluna, M, shiny|100/100 brn|[from] U-turn
|
|-damage|p1a: Ursaluna|94/100 brn|[from] brn
|
|switch|p2a: Corviknight|Corviknight, M|82/100
|-damage|p2a: Corviknight|70/100|[from] Stealth Rock
|turn|16
|
|move|p2a: Corviknight|Defog|p1a: Ursaluna
|-unboost|p1a: Ursaluna|evasion|1
|-sideend|p2: Devious FearVG|Stealth Rock|[from] move: Defog|[of] p2a: Corviknight
|move|p1a: Ursaluna|Swords Dance|p1a: Ursaluna
|-boost|p1a: Ursaluna|atk|2
|
|-damage|p1a: Ursaluna|88/100 brn|[from] brn
|turn|17
|
|move|p2a: Corviknight|Tailwind|p2a: Corviknight
|-sidestart|p2: Devious FearVG|move: Tailwind
|move|p1a: Ursaluna|Facade|p2a: Corviknight
|-resisted|p2a: Corviknight
|-damage|p2a: Corviknight|0 fnt
|-damage|p1a: Ursaluna|72/100 brn|[from] item: Rocky Helmet|[of] p2a: Corviknight
|faint|p2a: Corviknight
|
|-damage|p1a: Ursaluna|66/100 brn|[from] brn
|
|switch|p2a: Walking Wake|Walking Wake|100/100
|turn|18
|
|switch|p1a: Magearna|Magearna|100/100
|move|p2a: Walking Wake|Hydro Steam|p1a: Magearna
|-damage|p1a: Magearna|50/100
|
|-heal|p1a: Magearna|56/100|[from] item: Leftovers
|turn|19
|
|-terastallize|p2a: Walking Wake|Water
|move|p2a: Walking Wake|Hydro Steam|p1a: Magearna
|-damage|p1a: Magearna|0 fnt
|faint|p1a: Magearna
|
|
|switch|p1a: Basculegion|Basculegion-F, F|91/100
|turn|20
|
|-end|p2a: Walking Wake|Protosynthesis|[silent]
|switch|p2a: Torkoal|Torkoal, M|100/100
|-weather|SunnyDay|[from] ability: Drought|[of] p2a: Torkoal
|move|p1a: Basculegion|Shadow Ball|p2a: Torkoal
|-damage|p2a: Torkoal|16/100
|-damage|p1a: Basculegion|81/100|[from] item: Life Orb
|
|-weather|SunnyDay|[upkeep]
|-sideend|p2: Devious FearVG|move: Tailwind
|turn|21
|
|move|p1a: Basculegion|Shadow Ball|p2a: Torkoal
|-damage|p2a: Torkoal|0 fnt
|faint|p2a: Torkoal
|-damage|p1a: Basculegion|71/100|[from] item: Life Orb
|
|-weather|SunnyDay|[upkeep]
|
|switch|p2a: Woof Woof|Arcanine-Hisui, F|81/100
|turn|22
|
|move|p2a: Woof Woof|Solar Beam||[still]
|-prepare|p2a: Woof Woof|Solar Beam
|-anim|p2a: Woof Woof|Solar Beam|p1a: Basculegion
|-supereffective|p1a: Basculegion
|-damage|p1a: Basculegion|0 fnt
|faint|p1a: Basculegion
|-damage|p2a: Woof Woof|71/100|[from] item: Life Orb
|
|-weather|SunnyDay|[upkeep]
|
|switch|p1a: Ursaluna|Ursaluna, M, shiny|66/100 brn
|turn|23
|
|-terastallize|p1a: Ursaluna|Normal
|move|p2a: Woof Woof|Flare Blitz|p1a: Ursaluna
|-damage|p1a: Ursaluna|0 fnt
|faint|p1a: Ursaluna
|-damage|p2a: Woof Woof|61/100|[from] item: Life Orb
|
|-weather|SunnyDay|[upkeep]
|
|switch|p1a: Hoopa|Hoopa-Unbound|100/100
|turn|24
|
|move|p2a: Woof Woof|Flare Blitz|p1a: Hoopa
|-damage|p1a: Hoopa|0 fnt
|faint|p1a: Hoopa
|-damage|p2a: Woof Woof|51/100|[from] item: Life Orb
|
|-weather|SunnyDay|[upkeep]
|
|switch|p1a: Landorus|Landorus-Therian, M|20/100
|-ability|p1a: Landorus|Intimidate|boost
|-unboost|p2a: Woof Woof|atk|1
|turn|25
|
|move|p2a: Woof Woof|Extreme Speed|p1a: Landorus
|-damage|p1a: Landorus|0 fnt
|faint|p1a: Landorus
|-damage|p2a: Woof Woof|41/100|[from] item: Life Orb
|
|win|Devious FearVG
