|poke|p1|Sneasler, M|
|poke|p1|Skeledirge, M|
|poke|p1|Rotom-Wash|
|poke|p1|Magearna|
|poke|p1|Dragonite, F|
|poke|p1|Landorus-Therian, M|
|poke|p2|Sneasler, M|
|poke|p2|Indeedee, M|
|poke|p2|Magearna|
|poke|p2|Chien-Pao|
|poke|p2|Iron Treads|
|poke|p2|Volcarona, M|
|teampreview
|
|start
|switch|p1a: Sneasler|Sneasler, M|100/100
|switch|p2a: Dondon|Iron Treads|100/100
|turn|1
|
|move|p1a: Sneasler|Close Combat|p2a: Dondon
|-supereffective|p2a: Dondon
|-enditem|p2a: Dondon|Focus Sash
|-damage|p2a: Dondon|1/100
|-unboost|p1a: Sneasler|def|1
|-unboost|p1a: Sneasler|spd|1
|move|p2a: Dondon|Earthquake|p1a: Sneasler
|-supereffective|p1a: Sneasler
|-crit|p1a: Sneasler
|-damage|p1a: Sneasler|0 fnt
|faint|p1a: Sneasler
|
|
|switch|p1a: Dragonite|Dragonite, F|100/100
|turn|2
|
|move|p1a: Dragonite|Extreme Speed|p2a: Dondon
|-resisted|p2a: Dondon
|-damage|p2a: Dondon|0 fnt
|faint|p2a: Dondon
|-end|p2a: Dondon|Quark Drive|[silent]
|
|
|switch|p2a: En effet|Indeedee, M|100/100
|-fieldstart|move: Psychic Terrain|[from] ability: Psychic Surge|[of] p2a: En effet
|turn|3
|
|move|p2a: En effet|Dazzling Gleam|p1a: Dragonite
|-supereffective|p1a: Dragonite
|-damage|p1a: Dragonite|76/100
|move|p1a: Dragonite|Dragon Dance|p1a: Dragonite
|-boost|p1a: Dragonite|atk|1
|-boost|p1a: Dragonite|spe|1
|
|turn|4
|
|move|p1a: Dragonite|Earthquake|p2a: En effet
|-damage|p2a: En effet|0 fnt
|faint|p2a: En effet
|
|
|switch|p2a: Farfumé|Sneasler, M|100/100
|-enditem|p2a: Farfumé|Psychic Seed
|-boost|p2a: Farfumé|spd|1|[from] item: Psychic Seed
|turn|5
|
|-terastallize|p2a: Farfumé|Flying
|move|p2a: Farfumé|Swords Dance|p2a: Farfumé
|-boost|p2a: Farfumé|atk|2
|move|p1a: Dragonite|Earthquake|p2a: Farfumé
|-immune|p2a: Farfumé
|
|turn|6
|
|move|p1a: Dragonite|Extreme Speed|p2a: Farfumé
|-hint|Psychic Terrain doesn't affect Pokémon immune to Ground.
|-damage|p2a: Farfumé|15/100
|move|p2a: Farfumé|Acrobatics|p1a: Dragonite
|-damage|p1a: Dragonite|0 fnt
|faint|p1a: Dragonite
|
|
|switch|p1a: Landorus|Landorus-Therian, M|100/100
|-ability|p1a: Landorus|Intimidate|boost
|-unboost|p2a: Farfumé|atk|1
|turn|7
|
|move|p2a: Farfumé|Acrobatics|p1a: Landorus
|-damage|p1a: Landorus|18/100
|-damage|p2a: Farfumé|0 fnt|[from] item: Rocky Helmet|[of] p1a: Landorus
|faint|p2a: Farfumé
|move|p1a: Landorus|U-turn|p2: Farfumé|[notarget]
|-fail|p1a: Landorus
|
|
|switch|p2a: Amateratsu|Volcarona, M|100/100
|turn|8
|
|move|p2a: Amateratsu|Fiery Dance|p1a: Landorus
|-damage|p1a: Landorus|0 fnt
|-boost|p2a: Amateratsu|spa|1
|faint|p1a: Landorus
|
|
|switch|p1a: Skeledirge|Skeledirge, M|100/100
|turn|9
|
|move|p2a: Amateratsu|Psychic|p1a: Skeledirge
|-damage|p1a: Skeledirge|69/100
|move|p1a: Skeledirge|Torch Song|p2a: Amateratsu
|-damage|p2a: Amateratsu|69/100
|-boost|p1a: Skeledirge|spa|1
|
|turn|10
|
|move|p2a: Amateratsu|Quiver Dance|p2a: Amateratsu
|-boost|p2a: Amateratsu|spa|1
|-boost|p2a: Amateratsu|spd|1
|-boost|p2a: Amateratsu|spe|1
|move|p1a: Skeledirge|Slack Off|p1a: Skeledirge
|-heal|p1a: Skeledirge|100/100
|
|-fieldend|move: Psychic Terrain
|turn|11
|
|move|p2a: Amateratsu|Quiver Dance|p2a: Amateratsu
|-boost|p2a: Amateratsu|spa|1
|-boost|p2a: Amateratsu|spd|1
|-boost|p2a: Amateratsu|spe|1
|move|p1a: Skeledirge|Torch Song|p2a: Amateratsu
|-damage|p2a: Amateratsu|23/100
|-boost|p1a: Skeledirge|spa|1
|
|turn|12
|
|move|p2a: Amateratsu|Psychic|p1a: Skeledirge
|-damage|p1a: Skeledirge|78/100
|-unboost|p1a: Skeledirge|spd|1
|move|p1a: Skeledirge|Torch Song|p2a: Amateratsu
|-damage|p2a: Amateratsu|0 fnt
|-boost|p1a: Skeledirge|spa|1
|faint|p2a: Amateratsu
|
|
|switch|p2a: Dentiste|Chien-Pao|100/100
|-ability|p2a: Dentiste|Sword of Ruin
|turn|13
|
|-terastallize|p1a: Skeledirge|Dark
|move|p2a: Dentiste|Swords Dance|p2a: Dentiste
|-boost|p2a: Dentiste|atk|2
|move|p1a: Skeledirge|Torch Song|p2a: Dentiste
|-supereffective|p2a: Dentiste
|-enditem|p2a: Dentiste|Focus Sash
|-damage|p2a: Dentiste|1/100
|-boost|p1a: Skeledirge|spa|1
|
|turn|14
|
|move|p2a: Dentiste|Sacred Sword|p1a: Skeledirge
|-supereffective|p1a: Skeledirge
|-damage|p1a: Skeledirge|15/100
|move|p1a: Skeledirge|Torch Song|p2a: Dentiste
|-supereffective|p2a: Dentiste
|-damage|p2a: Dentiste|0 fnt
|-boost|p1a: Skeledirge|spa|1
|faint|p2a: Dentiste
|
|
|switch|p2a: Love death robot|Magearna|100/100
|turn|15
|
|move|p2a: Love death robot|Shift Gear|p2a: Love death robot
|-boost|p2a: Love death robot|spe|2
|-boost|p2a: Love death robot|atk|1
|move|p1a: Skeledirge|Torch Song|p2a: Love death robot
|-supereffective|p2a: Love death robot
|-damage|p2a: Love death robot|0 fnt
|-boost|p1a: Skeledirge|spa|1
|faint|p2a: Love death robot
|
|win|p1
