# advantage = p2
|poke|p1|Kleavor, M|
|poke|p1|Sneasler, F|
|poke|p1|Braviary-Hisui, M|
|poke|p1|Dragapult, F|
|poke|p1|Lilligant-Hisui, F|
|poke|p1|Ursaluna, F|
|poke|p2|Samurott-Hisui, F|
|poke|p2|Landorus-Therian, M|
|poke|p2|Dragapult, M|
|poke|p2|Sneasler, M|
|poke|p2|Gholdengo|
|poke|p2|Magearna|
|teampreview
|
|start
|switch|p1a: Lilligant|Lilligant-Hisui, F|100/100
|switch|p2a: Samurott|Samurott-Hisui, F|100/100
|turn|1
|
|switch|p2a: Landorus|Landorus-Therian, M|100/100
|-ability|p2a: Landorus|Intimidate|boost
|-unboost|p1a: Lilligant|atk|1
|move|p1a: Lilligant|Victory Dance|p1a: Lilligant
|-boost|p1a: Lilligant|atk|1
|-boost|p1a: Lilligant|def|1
|-boost|p1a: Lilligant|spe|1
|
|turn|2
|
|move|p1a: Lilligant|Ice Spinner|p2a: Landorus
|-supereffective|p2a: Landorus
|-damage|p2a: Landorus|0 fnt
|-damage|p1a: Lilligant|84/100|[from] item: Rocky Helmet|[of] p2a: Landorus
|faint|p2a: Landorus
|
|
|switch|p2a: Sneasler|Sneasler, M|100/100
|turn|3
|
|move|p2a: Sneasler|Dire Claw|p1a: Lilligant
|-supereffective|p1a: Lilligant
|-damage|p1a: Lilligant|0 fnt
|faint|p1a: Lilligant
|
|
|switch|p1a: Ursaluna|Ursaluna, F, shiny|100/100
|turn|4
|
|switch|p2a: Gholdengo|Gholdengo|100/100
|move|p1a: Ursaluna|Trailblaze|p2a: Gholdengo
|-resisted|p2a: Gholdengo
|-damage|p2a: Gholdengo|91/100
|-boost|p1a: Ursaluna|spe|1
|
|-status|p1a: Ursaluna|brn|[from] item: Flame Orb
|turn|5
|
|move|p2a: Gholdengo|Make It Rain|p1a: Ursaluna
|-damage|p1a: Ursaluna|53/100 brn
|-unboost|p2a: Gholdengo|spa|1
|move|p1a: Ursaluna|Earthquake|p2a: Gholdengo
|-supereffective|p2a: Gholdengo
|-damage|p2a: Gholdengo|0 fnt
|faint|p2a: Gholdengo
|
|-damage|p1a: Ursaluna|47/100 brn|[from] brn
|
|switch|p2a: Sneasler|Sneasler, M|100/100
|turn|6
|
|move|p2a: Sneasler|U-turn|p1a: Ursaluna
|-damage|p1a: Ursaluna|28/100 brn
|
|switch|p2a: Dragapult|Dragapult, M|100/100|[from] U-turn
|move|p1a: Ursaluna|Earthquake|p2a: Dragapult
|-crit|p2a: Dragapult
|-damage|p2a: Dragapult|0 fnt
|faint|p2a: Dragapult
|
|-damage|p1a: Ursaluna|22/100 brn|[from] brn
|
|switch|p2a: Sneasler|Sneasler, M|100/100
|turn|7
|
|move|p2a: Sneasler|Dire Claw|p1a: Ursaluna
|-resisted|p1a: Ursaluna
|-damage|p1a: Ursaluna|6/100 brn
|move|p1a: Ursaluna|Earthquake|p2a: Sneasler
|-supereffective|p2a: Sneasler
|-damage|p2a: Sneasler|0 fnt
|faint|p2a: Sneasler
|
|-damage|p1a: Ursaluna|0 fnt|[from] brn
|faint|p1a: Ursaluna
|
|switch|p2a: Magearna|Magearna|100/100
|switch|p1a: Kleavor|Kleavor, M|100/100
|turn|8
|
|move|p1a: Kleavor|Fury Cutter|p2a: Magearna
|-resisted|p2a: Magearna
|-crit|p2a: Magearna
|-damage|p2a: Magearna|87/100
|move|p2a: Magearna|Shift Gear|p2a: Magearna
|-boost|p2a: Magearna|spe|2
|-boost|p2a: Magearna|atk|1
|
|-heal|p2a: Magearna|93/100|[from] item: Leftovers
|turn|9
|
|move|p2a: Magearna|Calm Mind|p2a: Magearna
|-boost|p2a: Magearna|spa|1
|-boost|p2a: Magearna|spd|1
|move|p1a: Kleavor|Fury Cutter|p2a: Magearna
|-resisted|p2a: Magearna
|-damage|p2a: Magearna|76/100
|
|-heal|p2a: Magearna|82/100|[from] item: Leftovers
|turn|10
|
|move|p2a: Magearna|Calm Mind|p2a: Magearna
|-boost|p2a: Magearna|spa|1
|-boost|p2a: Magearna|spd|1
|move|p1a: Kleavor|Fury Cutter|p2a: Magearna
|-resisted|p2a: Magearna
|-damage|p2a: Magearna|45/100
|
|-heal|p2a: Magearna|51/100|[from] item: Leftovers
|turn|11
|
|move|p2a: Magearna|Stored Power|p1a: Kleavor
|-enditem|p1a: Kleavor|Focus Sash
|-damage|p1a: Kleavor|1/100
|move|p1a: Kleavor|Fury Cutter|p2a: Magearna
|-resisted|p2a: Magearna
|-damage|p2a: Magearna|17/100
|
|-heal|p2a: Magearna|23/100|[from] item: Leftovers
|turn|12
|
|move|p2a: Magearna|Draining Kiss|p1a: Kleavor
|-crit|p1a: Kleavor
|-damage|p1a: Kleavor|0 fnt
|-heal|p2a: Magearna|23/100|[from] drain|[of] p1a: Kleavor
|faint|p1a: Kleavor
|-ability|p2a: Magearna|Soul-Heart|boost
|-boost|p2a: Magearna|spa|1
|
|-heal|p2a: Magearna|29/100|[from] item: Leftovers
|
|switch|p1a: Braviary|Braviary-Hisui, M|100/100
|turn|13
|
|move|p2a: Magearna|Draining Kiss|p1a: Braviary
|-damage|p1a: Braviary|6/100
|-heal|p2a: Magearna|100/100|[from] drain|[of] p1a: Braviary
|move|p1a: Braviary|Esper Wing|p2a: Magearna
|-resisted|p2a: Magearna
|-damage|p2a: Magearna|71/100
|-boost|p1a: Braviary|spe|1
|
|-heal|p2a: Magearna|77/100|[from] item: Leftovers
|turn|14
|
|move|p2a: Magearna|Draining Kiss|p1a: Braviary
|-damage|p1a: Braviary|0 fnt
|-heal|p2a: Magearna|82/100|[from] drain|[of] p1a: Braviary
|faint|p1a: Braviary
|-ability|p2a: Magearna|Soul-Heart|boost
|-boost|p2a: Magearna|spa|1
|
|-heal|p2a: Magearna|88/100|[from] item: Leftovers
|
|switch|p1a: Sneasler|Sneasler, F|100/100
|turn|15
|
|-terastallize|p1a: Sneasler|Flying
|move|p2a: Magearna|Stored Power|p1a: Sneasler
|-damage|p1a: Sneasler|0 fnt
|faint|p1a: Sneasler
|-ability|p2a: Magearna|Soul-Heart|boost
|-boost|p2a: Magearna|spa|1
|
|-heal|p2a: Magearna|94/100|[from] item: Leftovers
|-message|p1 forfeited.
|
|win|p2
