|poke|p1|Bisharp, M|
|poke|p1|Cinderace, F|
|poke|p1|Salamence, M|
|poke|p1|Frogadier, F|
|poke|p1|Amoonguss, M|
|poke|p2|Gholdengo|
|poke|p2|Hydreigon, M|
|poke|p2|Dragonite, F|
|poke|p2|Braviary, M|
|poke|p2|Breloom, M|
|teampreview
|
|start
|switch|p1a: Cinderace|Cinderace, F|100/100
|switch|p2a: Gholdengo|Gholdengo|100/100
|turn|1
|
|switch|p2a: Dragonite|Dragonite, F|100/100
|move|p1a: Cinderace|Pyro Ball|p2a: Dragonite
|-resisted|p2a: Dragonite
|-damage|p2a: Dragonite|80/100
|-status|p2a: Dragonite|brn
|
|-heal|p2a: Dragonite|86/100 brn|[from] item: Leftovers
|-damage|p2a: Dragonite|80/100 brn|[from] brn
|turn|2
|
|switch|p1a: Amoonguss|Amoonguss, M|100/100
|move|p2a: Dragonite|Roost|p2a: Dragonite
|-heal|p2a: Dragonite|100/100 brn
|-singleturn|p2a: Dragonite|move: Roost
|
|-damage|p2a: Dragonite|94/100 brn|[from] brn
|turn|3
|
|move|p2a: Dragonite|Dragon Dance|p2a: Dragonite
|-boost|p2a: Dragonite|atk|1
|-boost|p2a: Dragonite|spe|1
|move|p1a: Amoonguss|Clear Smog|p2a: Dragonite
|-damage|p2a: Dragonite|82/100 brn
|-clearboost|p2a: Dragonite
|
|-heal|p2a: Dragonite|88/100 brn|[from] item: Leftovers
|-damage|p2a: Dragonite|82/100 brn|[from] brn
|turn|4
|
|switch|p2a: Gholdengo|Gholdengo|100/100
|move|p1a: Amoonguss|Clear Smog|p2a: Gholdengo
|-immune|p2a: Gholdengo
|
|turn|5
|
|switch|p1a: Bisharp|Bisharp, M, shiny|100/100
|move|p2a: Gholdengo|Make It Rain|p1a: Bisharp
|-resisted|p1a: Bisharp
|-damage|p1a: Bisharp|70/100
|-unboost|p2a: Gholdengo|spa|1
|
|turn|6
|
|switch|p2a: Hydreigon|Hydreigon, M|100/100
|move|p1a: Bisharp|Swords Dance|p1a: Bisharp
|-boost|p1a: Bisharp|atk|2
|
|turn|7
|
|-terastallize|p1a: Bisharp|Flying
|move|p2a: Hydreigon|Earth Power|p1a: Bisharp
|-immune|p1a: Bisharp
|move|p1a: Bisharp|Poison Jab|p2a: Hydreigon
|-damage|p2a: Hydreigon|34/100
|
|-heal|p2a: Hydreigon|40/100|[from] item: Leftovers
|turn|8
|
|move|p2a: Hydreigon|Dark Pulse|p1a: Bisharp
|-damage|p1a: Bisharp|31/100
|cant|p1a: Bisharp|flinch
|
|-heal|p2a: Hydreigon|46/100|[from] item: Leftovers
|turn|9
|
|move|p1a: Bisharp|Sucker Punch|p2a: Hydreigon
|-resisted|p2a: Hydreigon
|-damage|p2a: Hydreigon|3/100
|move|p2a: Hydreigon|Dark Pulse|p1a: Bisharp
|-damage|p1a: Bisharp|0 fnt
|faint|p1a: Bisharp
|
|-heal|p2a: Hydreigon|9/100|[from] item: Leftovers
|
|switch|p1a: Cinderace|Cinderace, F|100/100
|turn|10
|
|move|p1a: Cinderace|U-turn|p2a: Hydreigon
|-start|p1a: Cinderace|typechange|Bug|[from] ability: Libero
|-supereffective|p2a: Hydreigon
|-damage|p2a: Hydreigon|0 fnt
|faint|p2a: Hydreigon
|
|switch|p1a: Amoonguss|Amoonguss, M|100/100|[from] U-turn
|
|
|switch|p2a: Gholdengo|Gholdengo|100/100
|turn|11
|
|move|p2a: Gholdengo|Power Gem|p1a: Amoonguss
|-damage|p1a: Amoonguss|81/100
|move|p1a: Amoonguss|Giga Drain|p2a: Gholdengo
|-resisted|p2a: Gholdengo
|-damage|p2a: Gholdengo|88/100
|-heal|p1a: Amoonguss|86/100|[from] drain|[of] p2a: Gholdengo
|
|-heal|p1a: Amoonguss|92/100|[from] item: Black Sludge
|turn|12
|
|switch|p2a: Dragonite|Dragonite, F|82/100 brn
|move|p1a: Amoonguss|Giga Drain|p2a: Dragonite
|-resisted|p2a: Dragonite
|-damage|p2a: Dragonite|77/100 brn
|-heal|p1a: Amoonguss|94/100|[from] drain|[of] p2a: Dragonite
|
|-heal|p2a: Dragonite|83/100 brn|[from] item: Leftovers
|-heal|p1a: Amoonguss|99/100|[from] item: Black Sludge
|-damage|p2a: Dragonite|77/100 brn|[from] brn
|turn|13
|
|switch|p2a: Gholdengo|Gholdengo|88/100
|move|p1a: Amoonguss|Clear Smog|p2a: Gholdengo
|-immune|p2a: Gholdengo
|
|-heal|p1a: Amoonguss|100/100|[from] item: Black Sludge
|turn|14
|
|move|p2a: Gholdengo|Trick|p1a: Amoonguss
|-activate|p2a: Gholdengo|move: Trick|[of] p1a: Amoonguss
|-item|p1a: Amoonguss|Choice Scarf|[from] move: Trick
|-item|p2a: Gholdengo|Black Sludge|[from] move: Trick
|move|p1a: Amoonguss|Giga Drain|p2a: Gholdengo
|-resisted|p2a: Gholdengo
|-damage|p2a: Gholdengo|74/100
|
|-damage|p2a: Gholdengo|61/100|[from] item: Black Sludge
|turn|15
|
|switch|p1a: Frogadier|Frogadier, F|100/100
|move|p2a: Gholdengo|Shadow Ball|p1a: Frogadier
|-damage|p1a: Frogadier|6/100
|
|-damage|p2a: Gholdengo|49/100|[from] item: Black Sludge
|turn|16
|
|switch|p2a: Dragonite|Dragonite, F|77/100 brn
|move|p1a: Frogadier|Hydro Pump|p2a: Dragonite
|-resisted|p2a: Dragonite
|-damage|p2a: Dragonite|51/100 brn
|
|-heal|p2a: Dragonite|57/100 brn|[from] item: Leftovers
|-damage|p2a: Dragonite|51/100 brn|[from] brn
|turn|17
|
|switch|p1a: Amoonguss|Amoonguss, M|100/100
|move|p2a: Dragonite|Extreme Speed|p1a: Amoonguss
|-damage|p1a: Amoonguss|88/100
|
|-heal|p2a: Dragonite|57/100 brn|[from] item: Leftovers
|-damage|p2a: Dragonite|51/100 brn|[from] brn
|turn|18
|
|move|p2a: Dragonite|Roost|p2a: Dragonite
|-heal|p2a: Dragonite|100/100 brn
|-singleturn|p2a: Dragonite|move: Roost
|move|p1a: Amoonguss|Clear Smog|p2a: Dragonite
|-damage|p2a: Dragonite|94/100 brn
|-clearboost|p2a: Dragonite
|
|-heal|p2a: Dragonite|99/100 brn|[from] item: Leftovers
|-damage|p2a: Dragonite|94/100 brn|[from] brn
|turn|19
|
|switch|p2a: Braviary|Braviary, M|100/100
|move|p1a: Amoonguss|Clear Smog|p2a: Braviary
|-damage|p2a: Braviary|81/100
|-clearboost|p2a: Braviary
|
|turn|20
|
|switch|p1a: Frogadier|Frogadier, F|6/100
|move|p2a: Braviary|Brave Bird|p1a: Frogadier
|-damage|p1a: Frogadier|0 fnt
|faint|p1a: Frogadier
|-damage|p2a: Braviary|80/100|[from] Recoil
|
|
|switch|p1a: Salamence|Salamence, M|100/100
|turn|21
|
|move|p2a: Braviary|Brave Bird|p1a: Salamence
|-damage|p1a: Salamence|30/100
|-damage|p2a: Braviary|57/100|[from] Recoil
|move|p1a: Salamence|Dragon Dance|p1a: Salamence
|-boost|p1a: Salamence|atk|1
|-boost|p1a: Salamence|spe|1
|
|turn|22
|
|move|p1a: Salamence|Outrage|p2a: Braviary
|-damage|p2a: Braviary|0 fnt
|faint|p2a: Braviary
|-ability|p1a: Salamence|Moxie|boost
|-boost|p1a: Salamence|atk|1
|
|
|switch|p2a: Dragonite|Dragonite, F|94/100 brn
|turn|23
|
|-terastallize|p2a: Dragonite|Normal
|move|p2a: Dragonite|Extreme Speed|p1a: Salamence
|-damage|p1a: Salamence|7/100
|move|p1a: Salamence|Outrage|p2a: Dragonite|[from]lockedmove
|-damage|p2a: Dragonite|0 fnt
|faint|p2a: Dragonite
|-ability|p1a: Salamence|Moxie|boost
|-boost|p1a: Salamence|atk|1
|
|
|switch|p2a: Breloom|Breloom, M|100/100
|turn|24
|
|move|p2a: Breloom|Mach Punch|p1a: Salamence
|-resisted|p1a: Salamence
|-damage|p1a: Salamence|0 fnt
|faint|p1a: Salamence
|
|
|switch|p1a: Cinderace|Cinderace, F|100/100
|turn|25
|
|move|p2a: Breloom|Mach Punch|p1a: Cinderace
|-damage|p1a: Cinderace|33/100
|move|p1a: Cinderace|Pyro Ball|p2a: Breloom
|-supereffective|p2a: Breloom
|-damage|p2a: Breloom|0 fnt
|faint|p2a: Breloom
|
|
|switch|p2a: Gholdengo|Gholdengo|49/100
|turn|26
|
|move|p1a: Cinderace|Pyro Ball|p2a: Gholdengo
|-supereffective|p2a: Gholdengo
|-damage|p2a: Gholdengo|0 fnt
|faint|p2a: Gholdengo
|
|win|p1
|n|☆p1|aslock
|n|☆p2|penicillinlol
|n|*Lady Monita|ladymonita
|n| Icey Warzone|iceywarzone
|n| critlord14|critlord14
|n| Saya Amanogawa|sayaamanogawa
|n| Notbuilderman|notbuilderman
