|poke|p1|Lilligant-Hisui, F|
|poke|p1|Walking Wake|
|poke|p1|Torkoal, M|
|poke|p1|Kingambit, M|
|poke|p1|Delphox, M|
|poke|p1|Grimmsnarl, M|
|poke|p2|Typhlosion-Hisui, F|
|poke|p2|Magearna|
|poke|p2|Dragapult, M|
|poke|p2|Urshifu-*, M|
|poke|p2|Zapdos|
|poke|p2|Great Tusk|
|teampreview
|
|start
|switch|p1a: Grimmsnarl|Grimmsnarl, M|100/100
|switch|p2a: Great Tusk|Great Tusk|100/100
|-enditem|p2a: Great Tusk|Booster Energy
|-activate|p2a: Great Tusk|ability: Protosynthesis|[fromitem]
|-start|p2a: Great Tusk|protosynthesisspe
|turn|1
|
|move|p1a: Grimmsnarl|Reflect|p1a: Grimmsnarl
|-sidestart|p1: p1|Reflect
|move|p2a: Great Tusk|Knock Off|p1a: Grimmsnarl
|-resisted|p1a: Grimmsnarl
|-damage|p1a: Grimmsnarl|96/100
|-enditem|p1a: Grimmsnarl|Light Clay|[from] move: Knock Off|[of] p2a: Great Tusk
|
|turn|2
|
|move|p2a: Great Tusk|Stealth Rock|p1a: Grimmsnarl
|-sidestart|p1: p1|move: Stealth Rock
|move|p1a: Grimmsnarl|Spirit Break|p2a: Great Tusk
|-supereffective|p2a: Great Tusk
|-damage|p2a: Great Tusk|65/100
|-unboost|p2a: Great Tusk|spa|1
|
|turn|3
|
|-end|p2a: Great Tusk|Protosynthesis|[silent]
|switch|p2a: Magearna|Magearna|100/100
|move|p1a: Grimmsnarl|Spirit Break|p2a: Magearna
|-resisted|p2a: Magearna
|-damage|p2a: Magearna|90/100
|-unboost|p2a: Magearna|spa|1
|
|turn|4
|
|move|p1a: Grimmsnarl|Parting Shot|p2a: Magearna
|-unboost|p2a: Magearna|atk|1
|-unboost|p2a: Magearna|spa|1
|
|switch|p1a: Torkoal|Torkoal, M|100/100|[from] Parting Shot
|-damage|p1a: Torkoal|76/100|[from] Stealth Rock
|-weather|SunnyDay|[from] ability: Drought|[of] p1a: Torkoal
|move|p2a: Magearna|Spikes|p1a: Torkoal
|-sidestart|p1: p1|Spikes
|
|-weather|SunnyDay|[upkeep]
|turn|5
|
|switch|p2a: Typhlosion|Typhlosion-Hisui, F|100/100
|switch|p1a: Walking Wake|Walking Wake|100/100
|-damage|p1a: Walking Wake|88/100|[from] Stealth Rock
|-damage|p1a: Walking Wake|76/100|[from] Spikes
|-activate|p1a: Walking Wake|ability: Protosynthesis
|-start|p1a: Walking Wake|protosynthesisspe
|
|-weather|SunnyDay|[upkeep]
|turn|6
|
|-terastallize|p1a: Walking Wake|Water
|-terastallize|p2a: Typhlosion|Grass
|move|p1a: Walking Wake|Hydro Steam|p2a: Typhlosion
|-resisted|p2a: Typhlosion
|-damage|p2a: Typhlosion|15/100
|move|p2a: Typhlosion|Tera Blast|p1a: Walking Wake
|-supereffective|p1a: Walking Wake
|-crit|p1a: Walking Wake
|-damage|p1a: Walking Wake|0 fnt
|faint|p1a: Walking Wake
|-end|p1a: Walking Wake|Protosynthesis|[silent]
|
|-weather|SunnyDay|[upkeep]
|
|switch|p1a: Kingambit|Kingambit, M|100/100
|-damage|p1a: Kingambit|94/100|[from] Stealth Rock
|-damage|p1a: Kingambit|82/100|[from] Spikes
|-activate|p1a: Kingambit|ability: Supreme Overlord
|-start|p1a: Kingambit|fallen1|[silent]
|turn|7
|
|switch|p2a: Urshifu|Urshifu-Rapid-Strike, M|100/100
|move|p1a: Kingambit|Swords Dance|p1a: Kingambit
|-boost|p1a: Kingambit|atk|2
|
|-weather|SunnyDay|[upkeep]
|turn|8
|
|move|p2a: Urshifu|Close Combat|p1a: Kingambit
|-supereffective|p1a: Kingambit
|-damage|p1a: Kingambit|0 fnt
|-unboost|p2a: Urshifu|def|1
|-unboost|p2a: Urshifu|spd|1
|faint|p1a: Kingambit
|-end|p1a: Kingambit|fallen1|[silent]
|
|-weather|SunnyDay|[upkeep]
|-sideend|p1: p1|Reflect
|-message|p1 forfeited.
|
|win|p2
