|poke|p1|Greninja, F|
|poke|p1|Forretress, M|
|poke|p1|Bellibolt, F|
|poke|p1|Altaria, M|
|poke|p1|Copperajah, M|
|poke|p1|Meowscarada, M|
|poke|p2|Clodsire, M|
|poke|p2|Tyranitar, F|
|poke|p2|Glimmora, M|
|poke|p2|Magnezone|
|poke|p2|Heatran, F|
|poke|p2|Corviknight, M|
|teampreview
|
|start
|switch|p1a: Forretress|Forretress, M|100/100
|switch|p2a: Clodsire|Clodsire, M|100/100
|turn|1
|
|move|p1a: Forretress|Stealth Rock|p2a: Clodsire
|-sidestart|p2: TrainerCyan1|move: Stealth Rock
|move|p2a: Clodsire|Stealth Rock|p1a: Forretress
|-sidestart|p1: vs9425|move: Stealth Rock
|
|turn|2
|
|move|p1a: Forretress|Rapid Spin|p2a: Clodsire
|-damage|p2a: Clodsire|88/100
|-boost|p1a: Forretress|spe|1
|-sideend|p1: vs9425|Stealth Rock|[from] move: Rapid Spin|[of] p1a: Forretress
|move|p2a: Clodsire|Earthquake|p1a: Forretress
|-damage|p1a: Forretress|85/100
|
|-heal|p2a: Clodsire|94/100|[from] item: Leftovers
|turn|3
|
|move|p1a: Forretress|Iron Head|p2a: Clodsire
|-damage|p2a: Clodsire|63/100
|move|p2a: Clodsire|Stealth Rock|p1a: Forretress
|-sidestart|p1: vs9425|move: Stealth Rock
|
|-heal|p2a: Clodsire|69/100|[from] item: Leftovers
|turn|4
|
|move|p1a: Forretress|Iron Head|p2a: Clodsire
|-damage|p2a: Clodsire|35/100
|move|p2a: Clodsire|Recover|p2a: Clodsire
|-heal|p2a: Clodsire|85/100
|
|-heal|p2a: Clodsire|91/100|[from] item: Leftovers
|turn|5
|
|switch|p2a: Heatran|Heatran, F|100/100
|-damage|p2a: Heatran|88/100|[from] Stealth Rock
|move|p1a: Forretress|Rapid Spin|p2a: Heatran
|-resisted|p2a: Heatran
|-damage|p2a: Heatran|83/100
|-boost|p1a: Forretress|spe|1
|-sideend|p1: vs9425|Stealth Rock|[from] move: Rapid Spin|[of] p1a: Forretress
|
|-heal|p2a: Heatran|89/100|[from] item: Leftovers
|turn|6
|
|move|p1a: Forretress|Explosion|p2a: Heatran
|-resisted|p2a: Heatran
|-damage|p2a: Heatran|63/100
|faint|p1a: Forretress
|move|p2a: Heatran|Magma Storm|p1: Forretress|[notarget]
|-fail|p2a: Heatran
|
|-heal|p2a: Heatran|69/100|[from] item: Leftovers
|
|switch|p1a: Greninja|Greninja, F|100/100
|turn|7
|
|switch|p2a: Clodsire|Clodsire, M|91/100
|-damage|p2a: Clodsire|85/100|[from] Stealth Rock
|move|p1a: Greninja|Surf|p2a: Clodsire
|-start|p1a: Greninja|typechange|Water|[from] ability: Protean
|-heal|p2a: Clodsire|100/100|[from] ability: Water Absorb|[of] p1a: Greninja
|
|turn|8
|
|move|p1a: Greninja|U-turn|p2a: Clodsire
|-resisted|p2a: Clodsire
|-damage|p2a: Clodsire|88/100
|-damage|p1a: Greninja|91/100|[from] item: Life Orb
|
|switch|p1a: Meowscarada|Meowscarada, M|100/100|[from] U-turn
|move|p2a: Clodsire|Toxic|p1a: Meowscarada
|-status|p1a: Meowscarada|tox
|
|-heal|p2a: Clodsire|94/100|[from] item: Leftovers
|-damage|p1a: Meowscarada|94/100 tox|[from] psn
|turn|9
|
|switch|p2a: Heatran|Heatran, F|69/100
|-damage|p2a: Heatran|57/100|[from] Stealth Rock
|move|p1a: Meowscarada|Knock Off|p2a: Heatran
|-start|p1a: Meowscarada|typechange|Dark|[from] ability: Protean
|-damage|p2a: Heatran|9/100
|-enditem|p2a: Heatran|Leftovers|[from] move: Knock Off|[of] p1a: Meowscarada
|-damage|p1a: Meowscarada|84/100 tox|[from] item: Life Orb
|
|-damage|p1a: Meowscarada|72/100 tox|[from] psn
|turn|10
|
|move|p1a: Meowscarada|U-turn|p2a: Heatran
|-resisted|p2a: Heatran
|-damage|p2a: Heatran|3/100
|-damage|p1a: Meowscarada|62/100 tox|[from] item: Life Orb
|
|switch|p1a: Greninja|Greninja, F|91/100|[from] U-turn
|move|p2a: Heatran|Magma Storm|p1a: Greninja
|-resisted|p1a: Greninja
|-damage|p1a: Greninja|53/100
|-activate|p1a: Greninja|move: Magma Storm|[of] p2a: Heatran
|
|-damage|p1a: Greninja|40/100|[from] move: Magma Storm|[partiallytrapped]
|turn|11
|
|move|p1a: Greninja|U-turn|p2a: Heatran
|-start|p1a: Greninja|typechange|Bug|[from] ability: Protean
|-resisted|p2a: Heatran
|-damage|p2a: Heatran|0 fnt
|faint|p2a: Heatran
|-damage|p1a: Greninja|31/100|[from] item: Life Orb
|
|switch|p1a: Meowscarada|Meowscarada, M|62/100 tox|[from] U-turn
|
|-damage|p1a: Meowscarada|56/100 tox|[from] psn
|
|switch|p2a: Corviknight|Corviknight, M|100/100
|-damage|p2a: Corviknight|88/100|[from] Stealth Rock
|-ability|p2a: Corviknight|Pressure
|turn|12
|
|move|p1a: Meowscarada|Knock Off|p2a: Corviknight
|-start|p1a: Meowscarada|typechange|Dark|[from] ability: Protean
|-damage|p2a: Corviknight|54/100
|-damage|p1a: Meowscarada|40/100 tox|[from] item: Rocky Helmet|[of] p2a: Corviknight
|-enditem|p2a: Corviknight|Rocky Helmet|[from] move: Knock Off|[of] p1a: Meowscarada
|-damage|p1a: Meowscarada|30/100 tox|[from] item: Life Orb
|move|p2a: Corviknight|Roost|p2a: Corviknight
|-heal|p2a: Corviknight|100/100
|-singleturn|p2a: Corviknight|move: Roost
|
|-damage|p1a: Meowscarada|18/100 tox|[from] psn
|turn|13
|
|move|p1a: Meowscarada|U-turn|p2a: Corviknight
|-resisted|p2a: Corviknight
|-damage|p2a: Corviknight|96/100
|-damage|p1a: Meowscarada|8/100 tox|[from] item: Life Orb
|
|switch|p1a: Bellibolt|Bellibolt, F|100/100|[from] U-turn
|move|p2a: Corviknight|Defog|p1a: Bellibolt
|-unboost|p1a: Bellibolt|evasion|1
|-sideend|p2: TrainerCyan1|Stealth Rock|[from] move: Defog|[of] p2a: Corviknight
|
|turn|14
|
|switch|p1a: Meowscarada|Meowscarada, M|8/100 tox
|move|p2a: Corviknight|Brave Bird|p1a: Meowscarada
|-supereffective|p1a: Meowscarada
|-damage|p1a: Meowscarada|0 fnt
|faint|p1a: Meowscarada
|-damage|p2a: Corviknight|94/100|[from] Recoil
|
|
|switch|p1a: Bellibolt|Bellibolt, F|100/100
|turn|15
|
|move|p2a: Corviknight|U-turn|p1a: Bellibolt
|-damage|p1a: Bellibolt|90/100
|-start|p1a: Bellibolt|Charge|U-turn|[from] ability: Electromorphosis
|
|switch|p2a: Clodsire|Clodsire, M|94/100|[from] U-turn
|move|p1a: Bellibolt|Volt Switch|p2a: Clodsire
|-immune|p2a: Clodsire
|-end|p1a: Bellibolt|Charge|[silent]
|
|-heal|p1a: Bellibolt|96/100|[from] item: Leftovers
|-heal|p2a: Clodsire|100/100|[from] item: Leftovers
|turn|16
|-message|vs9425 forfeited.
|
|win|TrainerCyan1
