# advantage = p1
|poke|p1|Amoonguss, M|
|poke|p1|Cloyster, M|
|poke|p1|Kingambit, M|
|poke|p1|Toxicroak, F|
|poke|p1|Breloom, F|
|poke|p1|Sylveon, F|
|poke|p2|Braviary-Hisui, M|
|poke|p2|Baxcalibur, M|
|poke|p2|Gholdengo|
|poke|p2|Hatterene, F|
|poke|p2|Chien-Pao|
|poke|p2|Enamorus, F|
|teampreview
|
|start
|switch|p1a: 掩护扇贝！|Cloyster, M|100/100
|switch|p2a: Enamorus|Enamorus, F|100/100
|turn|1
|
|move|p2a: Enamorus|Superpower|p1a: 掩护扇贝！
|-supereffective|p1a: 掩护扇贝！
|-damage|p1a: 掩护扇贝！|11/100
|-boost|p2a: Enamorus|atk|1
|-boost|p2a: Enamorus|def|1
|-damage|p2a: Enamorus|91/100|[from] item: Life Orb
|move|p1a: 掩护扇贝！|Shell Smash|p1a: 掩护扇贝！
|-unboost|p1a: 掩护扇贝！|def|1
|-unboost|p1a: 掩护扇贝！|spd|1
|-boost|p1a: 掩护扇贝！|atk|2
|-boost|p1a: 掩护扇贝！|spa|2
|-boost|p1a: 掩护扇贝！|spe|2
|
|turn|2
|
|move|p1a: 掩护扇贝！|Icicle Spear|p2a: Enamorus
|-supereffective|p2a: Enamorus
|-damage|p2a: Enamorus|32/100
|-supereffective|p2a: Enamorus
|-damage|p2a: Enamorus|0 fnt
|faint|p2a: Enamorus
|-hitcount|p2: Enamorus|2
|
|
|switch|p2a: Chien-Pao|Chien-Pao|100/100
|-ability|p2a: Chien-Pao|Sword of Ruin
|turn|3
|
|-terastallize|p1a: 掩护扇贝！|Water
|move|p2a: Chien-Pao|Ice Shard|p1a: 掩护扇贝！
|-resisted|p1a: 掩护扇贝！
|-damage|p1a: 掩护扇贝！|0 fnt
|faint|p1a: 掩护扇贝！
|
|
|switch|p1a: Breloom|Breloom, F|100/100
|turn|4
|
|switch|p2a: Gholdengo|Gholdengo|100/100
|-item|p2a: Gholdengo|Air Balloon
|move|p1a: Breloom|Swords Dance|p1a: Breloom
|-boost|p1a: Breloom|atk|2
|
|turn|5
|
|move|p2a: Gholdengo|Psychic|p1a: Breloom
|-supereffective|p1a: Breloom
|-damage|p1a: Breloom|0 fnt
|faint|p1a: Breloom
|
|
|switch|p1a: 一休|Amoonguss, M|100/100
|turn|6
|
|move|p2a: Gholdengo|Psychic|p1a: 一休
|-supereffective|p1a: 一休
|-damage|p1a: 一休|62/100
|move|p1a: 一休|Spore|p2a: Gholdengo
|-immune|p2a: Gholdengo|[from] ability: Good as Gold
|
|-heal|p1a: 一休|68/100|[from] item: Leftovers
|turn|7
|
|move|p2a: Gholdengo|Nasty Plot|p2a: Gholdengo
|-boost|p2a: Gholdengo|spa|2
|move|p1a: 一休|Foul Play|p2a: Gholdengo
|-supereffective|p2a: Gholdengo
|-damage|p2a: Gholdengo|76/100
|-enditem|p2a: Gholdengo|Air Balloon
|
|-heal|p1a: 一休|74/100|[from] item: Leftovers
|turn|8
|
|move|p2a: Gholdengo|Psychic|p1a: 一休
|-supereffective|p1a: 一休
|-damage|p1a: 一休|0 fnt
|faint|p1a: 一休
|
|
|switch|p1a: Sylveon|Sylveon, F|100/100
|turn|9
|
|move|p1a: Sylveon|Protect|p1a: Sylveon
|-singleturn|p1a: Sylveon|Protect
|move|p2a: Gholdengo|Make It Rain|p1a: Sylveon
|-activate|p1a: Sylveon|move: Protect
|
|-status|p1a: Sylveon|brn|[from] item: Flame Orb
|turn|10
|
|move|p2a: Gholdengo|Make It Rain|p1a: Sylveon
|-supereffective|p1a: Sylveon
|-damage|p1a: Sylveon|0 fnt
|-unboost|p2a: Gholdengo|spa|1
|faint|p1a: Sylveon
|
|
|switch|p1a: Toxicroak|Toxicroak, F|100/100
|turn|11
|
|move|p1a: Toxicroak|Thunder Punch|p2a: Gholdengo
|-damage|p2a: Gholdengo|49/100
|move|p2a: Gholdengo|Psychic|p1a: Toxicroak
|-supereffective|p1a: Toxicroak
|-damage|p1a: Toxicroak|0 fnt
|faint|p1a: Toxicroak
|
|
|switch|p1a: Kingambit|Kingambit, M|100/100
|-activate|p1a: Kingambit|ability: Supreme Overlord
|-start|p1a: Kingambit|fallen5|[silent]
|turn|12
|
|move|p2a: Gholdengo|Shadow Ball|p1a: Kingambit
|-resisted|p1a: Kingambit
|-damage|p1a: Kingambit|68/100
|move|p1a: Kingambit|Swords Dance|p1a: Kingambit
|-boost|p1a: Kingambit|atk|2
|
|turn|13
|
|switch|p2a: Baxcalibur|Baxcalibur, M|100/100
|move|p1a: Kingambit|Sucker Punch||[still]
|-fail|p1a: Kingambit
|
|turn|14
|
|move|p1a: Kingambit|Sucker Punch||[still]
|-fail|p1a: Kingambit
|move|p2a: Baxcalibur|Dragon Dance|p2a: Baxcalibur
|-boost|p2a: Baxcalibur|atk|1
|-boost|p2a: Baxcalibur|spe|1
|
|turn|15
|
|move|p1a: Kingambit|Sucker Punch|p2a: Baxcalibur
|-damage|p2a: Baxcalibur|0 fnt
|faint|p2a: Baxcalibur
|
|
|switch|p2a: Hatterene|Hatterene, F, shiny|100/100
|turn|16
|
|move|p1a: Kingambit|Iron Head|p2a: Hatterene
|-supereffective|p2a: Hatterene
|-crit|p2a: Hatterene
|-damage|p2a: Hatterene|0 fnt
|faint|p2a: Hatterene
|
|
|switch|p2a: Braviary|Braviary-Hisui, M, shiny|100/100
|turn|17
|
|move|p1a: Kingambit|Sucker Punch|p2a: Braviary
|-supereffective|p2a: Braviary
|-damage|p2a: Braviary|0 fnt
|faint|p2a: Braviary
|
|
|switch|p2a: Gholdengo|Gholdengo|49/100
|turn|18
|
|move|p1a: Kingambit|Sucker Punch|p2a: Gholdengo
|-supereffective|p2a: Gholdengo
|-damage|p2a: Gholdengo|0 fnt
|faint|p2a: Gholdengo
|
|
|switch|p2a: Chien-Pao|Chien-Pao|100/100
|-ability|p2a: Chien-Pao|Sword of Ruin
|turn|19
|
|-terastallize|p2a: Chien-Pao|Dark
|move|p2a: Chien-Pao|Ice Spinner|p1a: Kingambit
|-resisted|p1a: Kingambit
|-damage|p1a: Kingambit|39/100
|move|p1a: Kingambit|Iron Head|p2a: Chien-Pao
|-damage|p2a: Chien-Pao|0 fnt
|faint|p2a: Chien-Pao
|
|win|p1
