|poke|p1|Garganacl, M|
|poke|p1|Volcarona, F|
|poke|p1|Magearna|
|poke|p1|Skeledirge, F|
|poke|p1|Landorus-Therian, M|
|poke|p1|Dragonite, F|
|poke|p2|Iron Valiant|
|poke|p2|Azumarill, M|
|poke|p2|Walking Wake|
|poke|p2|Zapdos|
|poke|p2|Magearna|
|poke|p2|Urshifu-*, F|
|teampreview
|
|start
|switch|p1a: Garganacl|Garganacl, M|100/100
|switch|p2a: Azumarill|Azumarill, M|100/100
|turn|1
|
|move|p2a: Azumarill|Belly Drum|p2a: Azumarill
|-damage|p2a: Azumarill|50/100
|-setboost|p2a: Azumarill|atk|6|[from] move: Belly Drum
|-enditem|p2a: Azumarill|Sitrus Berry|[eat]
|-heal|p2a: Azumarill|75/100|[from] item: Sitrus Berry
|move|p1a: Garganacl|Salt Cure|p2a: Azumarill
|-damage|p2a: Azumarill|62/100
|-start|p2a: Azumarill|Salt Cure
|
|-damage|p2a: Azumarill|37/100|[from] Salt Cure
|turn|2
|
|move|p1a: Garganacl|Protect|p1a: Garganacl
|-singleturn|p1a: Garganacl|Protect
|move|p2a: Azumarill|Liquidation|p1a: Garganacl
|-activate|p1a: Garganacl|move: Protect
|
|-damage|p2a: Azumarill|12/100|[from] Salt Cure
|turn|3
|
|switch|p1a: Dragonite|Dragonite, F|100/100
|move|p2a: Azumarill|Liquidation|p1a: Dragonite
|-resisted|p1a: Dragonite
|-damage|p1a: Dragonite|43/100
|
|-damage|p2a: Azumarill|0 fnt|[from] Salt Cure
|faint|p2a: Azumarill
|
|switch|p2a: Zapdos|Zapdos|100/100
|turn|4
|
|switch|p1a: Garganacl|Garganacl, M|100/100
|move|p2a: Zapdos|Discharge|p1a: Garganacl
|-damage|p1a: Garganacl|63/100
|
|-heal|p1a: Garganacl|69/100|[from] item: Leftovers
|turn|5
|
|switch|p2a: Urshifu|Urshifu-Rapid-Strike, F|100/100
|move|p1a: Garganacl|Stealth Rock|p2a: Urshifu
|-sidestart|p2: p2|move: Stealth Rock
|
|-heal|p1a: Garganacl|75/100|[from] item: Leftovers
|turn|6
|
|-terastallize|p1a: Garganacl|Ghost
|move|p2a: Urshifu|Surging Strikes|p1a: Garganacl
|-crit|p1a: Garganacl
|-damage|p1a: Garganacl|60/100
|-crit|p1a: Garganacl
|-damage|p1a: Garganacl|44/100
|-crit|p1a: Garganacl
|-damage|p1a: Garganacl|28/100
|-hitcount|p1a: Garganacl|3
|-damage|p2a: Urshifu|91/100|[from] item: Life Orb
|move|p1a: Garganacl|Salt Cure|p2a: Urshifu
|-resisted|p2a: Urshifu
|-damage|p2a: Urshifu|84/100
|-start|p2a: Urshifu|Salt Cure
|
|-heal|p1a: Garganacl|34/100|[from] item: Leftovers
|-damage|p2a: Urshifu|60/100|[from] Salt Cure
|turn|7
|
|switch|p1a: Dragonite|Dragonite, F|43/100
|move|p2a: Urshifu|Surging Strikes|p1a: Dragonite
|-resisted|p1a: Dragonite
|-crit|p1a: Dragonite
|-damage|p1a: Dragonite|28/100
|-resisted|p1a: Dragonite
|-crit|p1a: Dragonite
|-damage|p1a: Dragonite|12/100
|-resisted|p1a: Dragonite
|-crit|p1a: Dragonite
|-damage|p1a: Dragonite|0 fnt
|faint|p1a: Dragonite
|-hitcount|p1: Dragonite|3
|-damage|p2a: Urshifu|50/100|[from] item: Life Orb
|
|-damage|p2a: Urshifu|25/100|[from] Salt Cure
|
|switch|p1a: Landorus|Landorus-Therian, M|100/100
|-ability|p1a: Landorus|Intimidate|boost
|-unboost|p2a: Urshifu|atk|1
|turn|8
|
|move|p1a: Landorus|Stone Edge|p2a: Urshifu
|-resisted|p2a: Urshifu
|-damage|p2a: Urshifu|7/100
|move|p2a: Urshifu|Surging Strikes|p1a: Landorus
|-supereffective|p1a: Landorus
|-crit|p1a: Landorus
|-damage|p1a: Landorus|39/100
|-supereffective|p1a: Landorus
|-crit|p1a: Landorus
|-damage|p1a: Landorus|0 fnt
|faint|p1a: Landorus
|-hitcount|p1: Landorus|2
|-damage|p2a: Urshifu|0 fnt|[from] item: Life Orb
|faint|p2a: Urshifu
|
|
|switch|p1a: Magearna|Magearna|100/100
|switch|p2a: Magearna|Magearna|100/100
|-damage|p2a: Magearna|94/100|[from] Stealth Rock
|turn|9
|
|switch|p2a: Zapdos|Zapdos|100/100
|move|p1a: Magearna|Volt Switch|p2a: Zapdos
|-damage|p2a: Zapdos|70/100
|
|switch|p1a: Garganacl|Garganacl, M, tera:Ghost|34/100|[from] Volt Switch
|
|-heal|p1a: Garganacl|40/100|[from] item: Leftovers
|turn|10
|
|move|p1a: Garganacl|Protect|p1a: Garganacl
|-singleturn|p1a: Garganacl|Protect
|move|p2a: Zapdos|Hurricane|p1a: Garganacl
|-activate|p1a: Garganacl|move: Protect
|
|-heal|p1a: Garganacl|47/100|[from] item: Leftovers
|turn|11
|
|switch|p1a: Magearna|Magearna|100/100
|move|p2a: Zapdos|Hurricane|p1a: Magearna|[miss]
|-miss|p2a: Zapdos|p1a: Magearna
|
|turn|12
|
|move|p2a: Zapdos|Heat Wave|p1a: Magearna
|-supereffective|p1a: Magearna
|-damage|p1a: Magearna|59/100
|move|p1a: Magearna|Ice Beam|p2a: Zapdos
|-supereffective|p2a: Zapdos
|-damage|p2a: Zapdos|0 fnt
|faint|p2a: Zapdos
|-ability|p1a: Magearna|Soul-Heart|boost
|-boost|p1a: Magearna|spa|1
|
|
|switch|p2a: Walking Wake|Walking Wake|100/100
|-damage|p2a: Walking Wake|88/100|[from] Stealth Rock
|-enditem|p2a: Walking Wake|Booster Energy
|-activate|p2a: Walking Wake|ability: Protosynthesis|[fromitem]
|-start|p2a: Walking Wake|protosynthesisspe
|turn|13
|
|move|p2a: Walking Wake|Flamethrower|p1a: Magearna
|-supereffective|p1a: Magearna
|-damage|p1a: Magearna|28/100
|move|p1a: Magearna|Draining Kiss|p2a: Walking Wake
|-supereffective|p2a: Walking Wake
|-crit|p2a: Walking Wake
|-damage|p2a: Walking Wake|0 fnt
|-heal|p1a: Magearna|90/100|[from] drain|[of] p2a: Walking Wake
|faint|p2a: Walking Wake
|-ability|p1a: Magearna|Soul-Heart|boost
|-boost|p1a: Magearna|spa|1
|-end|p2a: Walking Wake|Protosynthesis|[silent]
|
|
|switch|p2a: Iron Valiant|Iron Valiant|100/100
|-damage|p2a: Iron Valiant|94/100|[from] Stealth Rock
|-enditem|p2a: Iron Valiant|Booster Energy
|-activate|p2a: Iron Valiant|ability: Quark Drive|[fromitem]
|-start|p2a: Iron Valiant|quarkdrivespe
|turn|14
|
|-terastallize|p2a: Iron Valiant|Steel
|move|p2a: Iron Valiant|Swords Dance|p2a: Iron Valiant
|-boost|p2a: Iron Valiant|atk|2
|move|p1a: Magearna|Draining Kiss|p2a: Iron Valiant
|-resisted|p2a: Iron Valiant
|-damage|p2a: Iron Valiant|48/100
|-heal|p1a: Magearna|100/100|[from] drain|[of] p2a: Iron Valiant
|
|turn|15
|
|move|p2a: Iron Valiant|Close Combat|p1a: Magearna
|-damage|p1a: Magearna|0 fnt
|-unboost|p2a: Iron Valiant|def|1
|-unboost|p2a: Iron Valiant|spd|1
|faint|p1a: Magearna
|
|
|switch|p1a: Skeledirge|Skeledirge, F|100/100
|turn|16
|
|move|p2a: Iron Valiant|Knock Off|p1a: Skeledirge
|-supereffective|p1a: Skeledirge
|-damage|p1a: Skeledirge|58/100
|-enditem|p1a: Skeledirge|Heavy-Duty Boots|[from] move: Knock Off|[of] p2a: Iron Valiant
|move|p1a: Skeledirge|Torch Song|p2a: Iron Valiant
|-supereffective|p2a: Iron Valiant
|-damage|p2a: Iron Valiant|0 fnt
|-boost|p1a: Skeledirge|spa|1
|faint|p2a: Iron Valiant
|-end|p2a: Iron Valiant|Quark Drive|[silent]
|
|
|switch|p2a: Magearna|Magearna|94/100
|-damage|p2a: Magearna|88/100|[from] Stealth Rock
|turn|17
|
|move|p1a: Skeledirge|Yawn|p2a: Magearna
|-start|p2a: Magearna|move: Yawn|[of] p1a: Skeledirge
|move|p2a: Magearna|Thunderbolt|p1a: Skeledirge
|-damage|p1a: Skeledirge|23/100
|
|-heal|p2a: Magearna|94/100|[from] item: Leftovers
|turn|18
|
|move|p1a: Skeledirge|Slack Off|p1a: Skeledirge
|-heal|p1a: Skeledirge|73/100
|move|p2a: Magearna|Thunderbolt|p1a: Skeledirge
|-damage|p1a: Skeledirge|33/100
|
|-heal|p2a: Magearna|100/100|[from] item: Leftovers
|-end|p2a: Magearna|move: Yawn|[silent]
|-status|p2a: Magearna|slp
|turn|19
|-message|p2 forfeited.
|
|win|p1
