# advantage = p2
|poke|p1|Magearna|
|poke|p1|Urshifu-*, M|
|poke|p1|Slowking-Galar, F|
|poke|p1|Corviknight, M|
|poke|p1|Great Tusk|
|poke|p1|Dragapult, F|
|poke|p2|Slowking-Galar, M|
|poke|p2|Enamorus, F|
|poke|p2|Ditto|
|poke|p2|Urshifu-*, M|
|poke|p2|Gholdengo|
|poke|p2|Samurott-Hisui, M|
|teampreview
|
|start
|switch|p1a: Urshifu|Urshifu-Rapid-Strike, M|100/100
|switch|p2a: Samurott|Samurott-Hisui, M|100/100
|turn|1
|
|move|p2a: Samurott|Ceaseless Edge|p1a: Urshifu
|-resisted|p1a: Urshifu
|-damage|p1a: Urshifu|80/100
|-sidestart|p1: p1|Spikes
|move|p1a: Urshifu|U-turn|p2a: Samurott
|-supereffective|p2a: Samurott
|-damage|p2a: Samurott|10/100
|
|switch|p1a: Corviknight|Corviknight, M|100/100|[from] U-turn
|-ability|p1a: Corviknight|Pressure
|
|turn|2
|
|switch|p2a: Enamorus|Enamorus, F|100/100
|move|p1a: Corviknight|Defog|p2a: Enamorus
|-unboost|p2a: Enamorus|evasion|1
|-sideend|p1: p1|Spikes|[from] move: Defog|[of] p1a: Corviknight
|
|turn|3
|
|switch|p1a: Slowking|Slowking-Galar, F|100/100
|move|p2a: Enamorus|Calm Mind|p2a: Enamorus
|-boost|p2a: Enamorus|spa|1
|-boost|p2a: Enamorus|spd|1
|
|turn|4
|
|move|p2a: Enamorus|Earth Power|p1a: Slowking
|-supereffective|p1a: Slowking
|-damage|p1a: Slowking|61/100
|move|p1a: Slowking|Sludge Bomb|p2a: Enamorus
|-supereffective|p2a: Enamorus
|-damage|p2a: Enamorus|31/100
|
|turn|5
|
|-terastallize|p2a: Enamorus|Steel
|move|p2a: Enamorus|Earth Power|p1a: Slowking
|-supereffective|p1a: Slowking
|-damage|p1a: Slowking|23/100
|move|p1a: Slowking|Sludge Bomb|p2a: Enamorus
|-immune|p2a: Enamorus
|
|turn|6
|
|move|p2a: Enamorus|Calm Mind|p2a: Enamorus
|-boost|p2a: Enamorus|spa|1
|-boost|p2a: Enamorus|spd|1
|move|p1a: Slowking|Flamethrower|p2a: Enamorus
|-supereffective|p2a: Enamorus
|-damage|p2a: Enamorus|0 fnt
|faint|p2a: Enamorus
|
|
|switch|p2a: Samurott|Samurott-Hisui, M|10/100
|turn|7
|
|switch|p1a: Corviknight|Corviknight, M|100/100
|-ability|p1a: Corviknight|Pressure
|move|p2a: Samurott|Ceaseless Edge|p1a: Corviknight
|-damage|p1a: Corviknight|74/100
|-sidestart|p1: p1|Spikes
|-damage|p2a: Samurott|0 fnt|[from] item: Rocky Helmet|[of] p1a: Corviknight
|faint|p2a: Samurott
|
|
|switch|p2a: Gholdengo|Gholdengo|100/100
|turn|8
|
|move|p2a: Gholdengo|Shadow Ball|p1a: Corviknight
|-damage|p1a: Corviknight|33/100
|-unboost|p1a: Corviknight|spd|1
|move|p1a: Corviknight|U-turn|p2a: Gholdengo
|-resisted|p2a: Gholdengo
|-damage|p2a: Gholdengo|96/100
|
|switch|p1a: Great Tusk|Great Tusk|100/100|[from] U-turn
|-damage|p1a: Great Tusk|88/100|[from] Spikes
|
|-heal|p1a: Great Tusk|94/100|[from] item: Leftovers
|turn|9
|
|move|p2a: Gholdengo|Shadow Ball|p1a: Great Tusk
|-damage|p1a: Great Tusk|34/100
|move|p1a: Great Tusk|Knock Off|p2a: Gholdengo
|-supereffective|p2a: Gholdengo
|-damage|p2a: Gholdengo|29/100
|-enditem|p2a: Gholdengo|Choice Scarf|[from] move: Knock Off|[of] p1a: Great Tusk
|
|-heal|p1a: Great Tusk|40/100|[from] item: Leftovers
|turn|10
|
|move|p2a: Gholdengo|Shadow Ball|p1a: Great Tusk
|-damage|p1a: Great Tusk|0 fnt
|faint|p1a: Great Tusk
|-end|p1a: Great Tusk|Protosynthesis|[silent]
|
|
|switch|p1a: Dragapult|Dragapult, F|100/100
|-damage|p1a: Dragapult|88/100|[from] Spikes
|turn|11
|
|move|p1a: Dragapult|Shadow Ball|p2a: Gholdengo
|-supereffective|p2a: Gholdengo
|-damage|p2a: Gholdengo|0 fnt
|faint|p2a: Gholdengo
|
|
|switch|p2a: Ditto|Ditto|100/100
|-transform|p2a: Ditto|p1a: Dragapult|[from] ability: Imposter
|turn|12
|
|switch|p1a: Corviknight|Corviknight, M|33/100
|-ability|p1a: Corviknight|Pressure
|move|p2a: Ditto|Shadow Ball|p1a: Corviknight
|-damage|p1a: Corviknight|0 fnt
|faint|p1a: Corviknight
|
|
|switch|p1a: Magearna|Magearna|100/100
|-damage|p1a: Magearna|88/100|[from] Spikes
|turn|13
|
|switch|p2a: Slowking|Slowking-Galar, M|100/100
|switch|p1a: Dragapult|Dragapult, F|88/100
|-damage|p1a: Dragapult|76/100|[from] Spikes
|
|turn|14
|
|move|p1a: Dragapult|Shadow Ball|p2a: Slowking
|-supereffective|p2a: Slowking
|-damage|p2a: Slowking|21/100
|move|p2a: Slowking|Chilly Reception|p2a: Slowking
|-weather|Snow
|
|switch|p2a: Ditto|Ditto|100/100|[from] Chilly Reception
|-transform|p2a: Ditto|p1a: Dragapult|[from] ability: Imposter
|
|-weather|Snow|[upkeep]
|turn|15
|
|switch|p1a: Slowking|Slowking-Galar, F|56/100
|-damage|p1a: Slowking|44/100|[from] Spikes
|move|p2a: Ditto|Shadow Ball|p1a: Slowking
|-supereffective|p1a: Slowking
|-crit|p1a: Slowking
|-damage|p1a: Slowking|0 fnt
|faint|p1a: Slowking
|
|-weather|Snow|[upkeep]
|
|switch|p1a: Magearna|Magearna|88/100
|-damage|p1a: Magearna|76/100|[from] Spikes
|turn|16
|
|switch|p2a: Slowking|Slowking-Galar, M|54/100
|move|p1a: Magearna|Calm Mind|p1a: Magearna
|-boost|p1a: Magearna|spa|1
|-boost|p1a: Magearna|spd|1
|
|-weather|Snow|[upkeep]
|-heal|p1a: Magearna|82/100|[from] item: Leftovers
|-heal|p2a: Slowking|60/100|[from] item: Leftovers
|turn|17
|
|move|p1a: Magearna|Calm Mind|p1a: Magearna
|-boost|p1a: Magearna|spa|1
|-boost|p1a: Magearna|spd|1
|move|p2a: Slowking|Chilly Reception|p2a: Slowking
|
|switch|p2a: Urshifu|Urshifu-Rapid-Strike, M|100/100|[from] Chilly Reception
|
|-weather|Snow|[upkeep]
|-heal|p1a: Magearna|88/100|[from] item: Leftovers
|turn|18
|
|move|p2a: Urshifu|Surging Strikes|p1a: Magearna
|-crit|p1a: Magearna
|-damage|p1a: Magearna|65/100
|-crit|p1a: Magearna
|-damage|p1a: Magearna|43/100
|-crit|p1a: Magearna
|-damage|p1a: Magearna|21/100
|-hitcount|p1a: Magearna|3
|move|p1a: Magearna|Draining Kiss|p2a: Urshifu
|-supereffective|p2a: Urshifu
|-damage|p2a: Urshifu|0 fnt
|-heal|p1a: Magearna|92/100|[from] drain|[of] p2a: Urshifu
|faint|p2a: Urshifu
|-ability|p1a: Magearna|Soul-Heart|boost
|-boost|p1a: Magearna|spa|1
|
|-weather|none
|-heal|p1a: Magearna|98/100|[from] item: Leftovers
|
|switch|p2a: Ditto|Ditto|100/100
|-transform|p2a: Ditto|p1a: Magearna|[from] ability: Imposter
|turn|19
|
|switch|p2a: Slowking|Slowking-Galar, M|93/100
|move|p1a: Magearna|Calm Mind|p1a: Magearna
|-boost|p1a: Magearna|spa|1
|-boost|p1a: Magearna|spd|1
|
|-heal|p1a: Magearna|100/100|[from] item: Leftovers
|-heal|p2a: Slowking|99/100|[from] item: Leftovers
|turn|20
|
|move|p1a: Magearna|Stored Power|p2a: Slowking
|-damage|p2a: Slowking|0 fnt
|faint|p2a: Slowking
|-ability|p1a: Magearna|Soul-Heart|boost
|-boost|p1a: Magearna|spa|1
|
|
|switch|p2a: Ditto|Ditto|100/100
|-transform|p2a: Ditto|p1a: Magearna|[from] ability: Imposter
|turn|21
|
|move|p2a: Ditto|Stored Power|p1a: Magearna
|-resisted|p1a: Magearna
|-damage|p1a: Magearna|72/100
|move|p1a: Magearna|Calm Mind|p1a: Magearna
|-boost|p1a: Magearna|spa|1
|-boost|p1a: Magearna|spd|1
|
|-heal|p1a: Magearna|78/100|[from] item: Leftovers
|turn|22
|
|move|p2a: Ditto|Stored Power|p1a: Magearna
|-resisted|p1a: Magearna
|-damage|p1a: Magearna|54/100
|move|p1a: Magearna|Calm Mind|p1a: Magearna
|-boost|p1a: Magearna|spa|0
|-boost|p1a: Magearna|spd|1
|
|-heal|p1a: Magearna|60/100|[from] item: Leftovers
|turn|23
|
|move|p2a: Ditto|Stored Power|p1a: Magearna
|-resisted|p1a: Magearna
|-damage|p1a: Magearna|39/100
|move|p1a: Magearna|Stored Power|p2a: Ditto
|-resisted|p2a: Ditto
|-damage|p2a: Ditto|41/100
|
|-heal|p1a: Magearna|45/100|[from] item: Leftovers
|turn|24
|
|move|p2a: Ditto|Stored Power|p1a: Magearna
|-resisted|p1a: Magearna
|-damage|p1a: Magearna|23/100
|move|p1a: Magearna|Stored Power|p2a: Ditto
|-resisted|p2a: Ditto
|-damage|p2a: Ditto|0 fnt
|faint|p2a: Ditto
|
|win|p1
