|poke|p1|Zamazenta-*|
|poke|p1|Magearna|
|poke|p1|Chien-Pao|
|poke|p1|Dragapult, M|
|poke|p1|Ursaluna, F|
|poke|p1|Great Tusk|
|poke|p2|Pelipper, M|
|poke|p2|Floatzel, M|
|poke|p2|Basculegion-F, F|
|poke|p2|Overqwil, M|
|poke|p2|Clodsire, M|
|poke|p2|Quaquaval, M|
|teampreview
|
|start
|switch|p1a: Dragapult|Dragapult, M|100/100
|switch|p2a: Link|Pelipper, M, shiny|100/100
|-weather|RainDance|[from] ability: Drizzle|[of] p2a: Link
|turn|1
|
|switch|p2a: Skull Kid|Clodsire, M|100/100
|move|p1a: Dragapult|Light Screen|p1a: Dragapult
|-sidestart|p1: Knowledgini|move: Light Screen
|
|-weather|RainDance|[upkeep]
|turn|2
|
|move|p1a: Dragapult|Reflect|p1a: Dragapult
|-sidestart|p1: Knowledgini|Reflect
|move|p2a: Skull Kid|Spikes|p1a: Dragapult
|-sidestart|p1: Knowledgini|Spikes
|
|-weather|RainDance|[upkeep]
|turn|3
|
|move|p1a: Dragapult|Curse|p2a: Skull Kid
|-start|p2a: Skull Kid|Curse|[of] p1a: Dragapult
|-damage|p1a: Dragapult|50/100
|move|p2a: Skull Kid|Spikes|p1a: Dragapult
|-sidestart|p1: Knowledgini|Spikes
|
|-weather|RainDance|[upkeep]
|-damage|p2a: Skull Kid|75/100|[from] Curse
|turn|4
|
|move|p1a: Dragapult|U-turn|p2a: Skull Kid
|-resisted|p2a: Skull Kid
|-damage|p2a: Skull Kid|65/100
|
|switch|p1a: Great Tusk|Great Tusk|100/100|[from] U-turn
|-damage|p1a: Great Tusk|84/100|[from] Spikes
|move|p2a: Skull Kid|Spikes|p1a: Great Tusk
|-sidestart|p1: Knowledgini|Spikes
|
|-weather|RainDance|[upkeep]
|-heal|p1a: Great Tusk|90/100|[from] item: Leftovers
|-heal|p2a: Skull Kid|71/100|[from] item: Black Sludge
|-damage|p2a: Skull Kid|46/100|[from] Curse
|turn|5
|
|switch|p2a: Zelda|Basculegion-F, F|100/100
|move|p1a: Great Tusk|Rapid Spin|p2a: Zelda
|-immune|p2a: Zelda
|
|-weather|RainDance|[upkeep]
|-heal|p1a: Great Tusk|96/100|[from] item: Leftovers
|turn|6
|
|move|p2a: Zelda|Surf|p1a: Great Tusk
|-supereffective|p1a: Great Tusk
|-damage|p1a: Great Tusk|18/100
|move|p1a: Great Tusk|Knock Off|p2a: Zelda
|-supereffective|p2a: Zelda
|-damage|p2a: Zelda|23/100
|-enditem|p2a: Zelda|Choice Specs|[from] move: Knock Off|[of] p1a: Great Tusk
|
|-weather|RainDance|[upkeep]
|-heal|p1a: Great Tusk|24/100|[from] item: Leftovers
|turn|7
|
|-end|p1a: Great Tusk|Protosynthesis|[silent]
|switch|p1a: Ursaluna|Ursaluna, F|100/100
|-damage|p1a: Ursaluna|76/100|[from] Spikes
|move|p2a: Zelda|Surf|p1a: Ursaluna
|-supereffective|p1a: Ursaluna
|-damage|p1a: Ursaluna|7/100
|
|-weather|RainDance|[upkeep]
|-status|p1a: Ursaluna|brn|[from] item: Flame Orb
|turn|8
|
|move|p2a: Zelda|Surf|p1a: Ursaluna
|-supereffective|p1a: Ursaluna
|-damage|p1a: Ursaluna|0 fnt
|faint|p1a: Ursaluna
|
|-weather|none
|-sideend|p1: Knowledgini|move: Light Screen
|
|switch|p1a: Magearna|Magearna|100/100
|-damage|p1a: Magearna|76/100|[from] Spikes
|turn|9
|
|switch|p2a: Skull Kid|Clodsire, M|46/100
|move|p1a: Magearna|Shift Gear|p1a: Magearna
|-boost|p1a: Magearna|spe|2
|-boost|p1a: Magearna|atk|1
|
|-heal|p2a: Skull Kid|53/100|[from] item: Black Sludge
|-sideend|p1: Knowledgini|Reflect
|turn|10
|
|move|p1a: Magearna|Iron Defense|p1a: Magearna
|-boost|p1a: Magearna|def|2
|move|p2a: Skull Kid|Earthquake|p1a: Magearna
|-supereffective|p1a: Magearna
|-damage|p1a: Magearna|49/100
|-enditem|p1a: Magearna|Weakness Policy
|-boost|p1a: Magearna|atk|2|[from] item: Weakness Policy
|-boost|p1a: Magearna|spa|2|[from] item: Weakness Policy
|
|-heal|p2a: Skull Kid|59/100|[from] item: Black Sludge
|turn|11
|
|switch|p2a: Link|Pelipper, M, shiny|100/100
|-weather|RainDance|[from] ability: Drizzle|[of] p2a: Link
|move|p1a: Magearna|Stored Power|p2a: Link
|-damage|p2a: Link|0 fnt
|faint|p2a: Link
|-ability|p1a: Magearna|Soul-Heart|boost
|-boost|p1a: Magearna|spa|1
|
|-weather|RainDance|[upkeep]
|
|switch|p2a: Ganon|Overqwil, M|100/100
|turn|12
|
|move|p2a: Ganon|Destiny Bond|p2a: Ganon
|-singlemove|p2a: Ganon|Destiny Bond
|move|p1a: Magearna|Draining Kiss|p2a: Ganon
|-damage|p2a: Ganon|12/100
|-heal|p1a: Magearna|100/100|[from] drain|[of] p2a: Ganon
|
|-weather|RainDance|[upkeep]
|turn|13
|
|move|p2a: Ganon|Destiny Bond||[still]
|-fail|p2a: Ganon
|move|p1a: Magearna|Draining Kiss|p2a: Ganon
|-damage|p2a: Ganon|0 fnt
|faint|p2a: Ganon
|-ability|p1a: Magearna|Soul-Heart|boost
|-boost|p1a: Magearna|spa|1
|
|-weather|RainDance|[upkeep]
|
|switch|p2a: Sidon|Floatzel, M|100/100
|turn|14
|
|-terastallize|p2a: Sidon|Water
|move|p2a: Sidon|Wave Crash|p1a: Magearna
|-damage|p1a: Magearna|15/100
|-damage|p2a: Sidon|70/100|[from] Recoil
|move|p1a: Magearna|Draining Kiss|p2a: Sidon
|-damage|p2a: Sidon|0 fnt
|-heal|p1a: Magearna|64/100|[from] drain|[of] p2a: Sidon
|faint|p2a: Sidon
|-ability|p1a: Magearna|Soul-Heart|boost
|-boost|p1a: Magearna|spa|1
|
|-weather|RainDance|[upkeep]
|
|switch|p2a: Revali|Quaquaval, M|100/100
|turn|15
|
|move|p1a: Magearna|Draining Kiss|p2a: Revali
|-supereffective|p2a: Revali
|-damage|p2a: Revali|0 fnt
|-heal|p1a: Magearna|100/100|[from] drain|[of] p2a: Revali
|faint|p2a: Revali
|-ability|p1a: Magearna|Soul-Heart|boost
|-boost|p1a: Magearna|spa|1
|
|-weather|RainDance|[upkeep]
|-message|first time raining forfeited.
|
|win|Knowledgini
