|poke|p1|Scream Tail|
|poke|p1|Muk-Alola, F|
|poke|p1|Pelipper, F|
|poke|p1|Dondozo, M|
|poke|p1|Basculegion, M|
|poke|p1|Electrode-Hisui|
|poke|p2|Goodra-Hisui, F|
|poke|p2|Braviary-Hisui, M|
|poke|p2|Qwilfish-Hisui, M|
|poke|p2|Cetitan, F|
|poke|p2|Rotom-Heat|
|poke|p2|Breloom, F|
|teampreview
|
|start
|switch|p1a: Muk|Muk-Alola, F|100/100
|switch|p2a: Qwilfish|Qwilfish-Hisui, M|100/100
|-ability|p2a: Qwilfish|Intimidate|boost
|-unboost|p1a: Muk|atk|1
|turn|1
|
|move|p2a: Qwilfish|Taunt|p1a: Muk
|-start|p1a: Muk|move: Taunt
|move|p1a: Muk|Knock Off|p2a: Qwilfish
|-resisted|p2a: Qwilfish
|-damage|p2a: Qwilfish|93/100
|-enditem|p2a: Qwilfish|Eviolite|[from] move: Knock Off|[of] p1a: Muk
|
|turn|2
|
|switch|p1a: Electrode|Electrode-Hisui|100/100
|move|p2a: Qwilfish|Spikes|p1a: Electrode
|-sidestart|p1: King124warrior|Spikes
|
|turn|3
|
|move|p1a: Electrode|Thunder Wave|p2a: Qwilfish
|-status|p2a: Qwilfish|par
|cant|p2a: Qwilfish|par
|
|turn|4
|
|move|p1a: Electrode|Volt Switch|p2a: Qwilfish
|-damage|p2a: Qwilfish|66/100 par
|
|switch|p1a: Pelipper|Pelipper, F|100/100|[from] Volt Switch
|-weather|RainDance|[from] ability: Drizzle|[of] p1a: Pelipper
|move|p2a: Qwilfish|Gunk Shot|p1a: Pelipper
|-damage|p1a: Pelipper|73/100
|-status|p1a: Pelipper|psn
|
|-weather|RainDance|[upkeep]
|-damage|p1a: Pelipper|60/100 psn|[from] psn
|turn|5
|
|move|p1a: Pelipper|Surf|p2a: Qwilfish
|-damage|p2a: Qwilfish|17/100 par
|cant|p2a: Qwilfish|par
|
|-weather|RainDance|[upkeep]
|-damage|p1a: Pelipper|48/100 psn|[from] psn
|turn|6
|
|switch|p2a: Goodra|Goodra-Hisui, F|100/100
|move|p1a: Pelipper|U-turn|p2a: Goodra
|-resisted|p2a: Goodra
|-damage|p2a: Goodra|96/100
|
|switch|p1a: Electrode|Electrode-Hisui|100/100|[from] U-turn
|
|-weather|RainDance|[upkeep]
|-heal|p2a: Goodra|100/100|[from] item: Leftovers
|turn|7
|
|move|p1a: Electrode|Thunder Wave|p2a: Goodra
|-status|p2a: Goodra|par
|cant|p2a: Goodra|par
|
|-weather|RainDance|[upkeep]
|turn|8
|
|move|p1a: Electrode|Leech Seed|p2a: Goodra
|-ability|p2a: Goodra|Sap Sipper|boost
|-boost|p2a: Goodra|atk|1
|cant|p2a: Goodra|par
|
|-weather|RainDance|[upkeep]
|turn|9
|
|move|p1a: Electrode|Foul Play|p2a: Goodra
|-damage|p2a: Goodra|77/100 par
|cant|p2a: Goodra|par
|
|-weather|RainDance|[upkeep]
|-heal|p2a: Goodra|83/100 par|[from] item: Leftovers
|turn|10
|
|move|p1a: Electrode|Volt Switch|p2a: Goodra
|-resisted|p2a: Goodra
|-damage|p2a: Goodra|74/100 par
|
|switch|p1a: Dondozo|Dondozo, M|100/100|[from] Volt Switch
|move|p2a: Goodra|Ice Beam|p1a: Dondozo
|-resisted|p1a: Dondozo
|-damage|p1a: Dondozo|86/100
|
|-weather|RainDance|[upkeep]
|-heal|p2a: Goodra|80/100 par|[from] item: Leftovers
|turn|11
|
|switch|p2a: Breloom|Breloom, F|100/100
|move|p1a: Dondozo|Body Press|p2a: Breloom
|-damage|p2a: Breloom|69/100
|
|-weather|none
|-status|p2a: Breloom|tox|[from] item: Toxic Orb
|turn|12
|
|-terastallize|p1a: Dondozo|Grass
|move|p2a: Breloom|Leech Seed|p1a: Dondozo
|-immune|p1a: Dondozo
|move|p1a: Dondozo|Body Press|p2a: Breloom
|-crit|p2a: Breloom
|-damage|p2a: Breloom|23/100 tox
|
|-heal|p2a: Breloom|36/100 tox|[from] ability: Poison Heal
|turn|13
|
|move|p2a: Breloom|Drain Punch|p1a: Dondozo
|-damage|p1a: Dondozo|73/100
|-heal|p2a: Breloom|46/100 tox|[from] drain|[of] p1a: Dondozo
|move|p1a: Dondozo|Body Press|p2a: Breloom
|-damage|p2a: Breloom|19/100 tox
|
|-heal|p2a: Breloom|32/100 tox|[from] ability: Poison Heal
|turn|14
|
|switch|p2a: Braviary|Braviary-Hisui, M|100/100
|move|p1a: Dondozo|Body Press|p2a: Braviary
|-resisted|p2a: Braviary
|-damage|p2a: Braviary|94/100
|
|turn|15
|
|switch|p1a: Electrode|Electrode-Hisui|100/100
|move|p2a: Braviary|Tailwind|p2a: Braviary
|-sidestart|p2: Ivegotfrostbyte|move: Tailwind
|
|turn|16
|
|switch|p2a: Qwilfish|Qwilfish-Hisui, M|17/100 par
|-ability|p2a: Qwilfish|Intimidate|boost
|-unboost|p1a: Electrode|atk|1
|move|p1a: Electrode|Thunder Wave|p2a: Qwilfish|[miss]
|-miss|p1a: Electrode|p2a: Qwilfish
|
|turn|17
|
|move|p1a: Electrode|Volt Switch|p2a: Qwilfish
|-damage|p2a: Qwilfish|0 fnt
|faint|p2a: Qwilfish
|
|switch|p1a: Pelipper|Pelipper, F|48/100 psn|[from] Volt Switch
|-weather|RainDance|[from] ability: Drizzle|[of] p1a: Pelipper
|
|-weather|RainDance|[upkeep]
|-damage|p1a: Pelipper|35/100 psn|[from] psn
|
|switch|p2a: Braviary|Braviary-Hisui, M|94/100
|turn|18
|
|switch|p1a: Scream Tail|Scream Tail|100/100
|-damage|p1a: Scream Tail|88/100|[from] Spikes
|move|p2a: Braviary|Hurricane|p1a: Scream Tail
|-damage|p1a: Scream Tail|51/100
|
|-weather|RainDance|[upkeep]
|-heal|p1a: Scream Tail|57/100|[from] item: Leftovers
|-sideend|p2: Ivegotfrostbyte|move: Tailwind
|turn|19
|
|move|p1a: Scream Tail|Wish|p1a: Scream Tail
|move|p2a: Braviary|Tailwind|p2a: Braviary
|-sidestart|p2: Ivegotfrostbyte|move: Tailwind
|
|-weather|RainDance|[upkeep]
|-heal|p1a: Scream Tail|64/100|[from] item: Leftovers
|turn|20
|
|switch|p2a: Rotom|Rotom-Heat|100/100
|move|p1a: Scream Tail|Encore||[still]
|-fail|p1a: Scream Tail
|
|-weather|RainDance|[upkeep]
|-heal|p1a: Scream Tail|100/100|[from] move: Wish|[wisher] Scream Tail
|turn|21
|
|move|p1a: Scream Tail|Protect|p1a: Scream Tail
|-singleturn|p1a: Scream Tail|Protect
|move|p2a: Rotom|Nasty Plot|p2a: Rotom
|-boost|p2a: Rotom|spa|2
|
|-weather|RainDance|[upkeep]
|turn|22
|
|move|p2a: Rotom|Volt Switch|p1a: Scream Tail
|-damage|p1a: Scream Tail|58/100
|
|switch|p2a: Goodra|Goodra-Hisui, F|80/100 par|[from] Volt Switch
|move|p1a: Scream Tail|Encore||[still]
|-fail|p1a: Scream Tail
|
|-weather|RainDance|[upkeep]
|-heal|p1a: Scream Tail|65/100|[from] item: Leftovers
|-heal|p2a: Goodra|86/100 par|[from] item: Leftovers
|-sideend|p2: Ivegotfrostbyte|move: Tailwind
|turn|23
|
|move|p1a: Scream Tail|Protect|p1a: Scream Tail
|-singleturn|p1a: Scream Tail|Protect
|cant|p2a: Goodra|par
|
|-weather|RainDance|[upkeep]
|-heal|p1a: Scream Tail|71/100|[from] item: Leftovers
|-heal|p2a: Goodra|93/100 par|[from] item: Leftovers
|turn|24
|
|-terastallize|p2a: Goodra|Steel
|move|p1a: Scream Tail|Wish|p1a: Scream Tail
|move|p2a: Goodra|Flash Cannon|p1a: Scream Tail
|-supereffective|p1a: Scream Tail
|-damage|p1a: Scream Tail|5/100
|
|-weather|none
|-heal|p1a: Scream Tail|11/100|[from] item: Leftovers
|-heal|p2a: Goodra|99/100 par|[from] item: Leftovers
|turn|25
|
|move|p1a: Scream Tail|Protect|p1a: Scream Tail
|-singleturn|p1a: Scream Tail|Protect
|move|p2a: Goodra|Flash Cannon|p1a: Scream Tail
|-activate|p1a: Scream Tail|move: Protect
|
|-heal|p1a: Scream Tail|61/100|[from] move: Wish|[wisher] Scream Tail
|-heal|p1a: Scream Tail|67/100|[from] item: Leftovers
|-heal|p2a: Goodra|100/100 par|[from] item: Leftovers
|turn|26
|
|-end|p1a: Scream Tail|Protosynthesis|[silent]
|switch|p1a: Muk|Muk-Alola, F|100/100
|-damage|p1a: Muk|88/100|[from] Spikes
|move|p2a: Goodra|Flash Cannon|p1a: Muk
|-damage|p1a: Muk|57/100
|
|-heal|p1a: Muk|63/100|[from] item: Leftovers
|turn|27
|
|switch|p2a: Breloom|Breloom, F|32/100 tox
|move|p1a: Muk|Knock Off|p2a: Breloom
|-resisted|p2a: Breloom
|-damage|p2a: Breloom|15/100 tox
|-enditem|p2a: Breloom|Toxic Orb|[from] move: Knock Off|[of] p1a: Muk
|
|-heal|p1a: Muk|69/100|[from] item: Leftovers
|-heal|p2a: Breloom|27/100 tox|[from] ability: Poison Heal
|turn|28
|
|switch|p1a: Electrode|Electrode-Hisui|100/100
|move|p2a: Breloom|Spore|p1a: Electrode
|-immune|p1a: Electrode
|
|-heal|p2a: Breloom|40/100 tox|[from] ability: Poison Heal
|turn|29
|
|move|p1a: Electrode|Foul Play|p2a: Breloom
|-resisted|p2a: Breloom
|-damage|p2a: Breloom|26/100 tox
|move|p2a: Breloom|Drain Punch|p1a: Electrode
|-damage|p1a: Electrode|39/100
|-heal|p2a: Breloom|51/100 tox|[from] drain|[of] p1a: Electrode
|
|-heal|p2a: Breloom|63/100 tox|[from] ability: Poison Heal
|turn|30
|
|move|p1a: Electrode|Volt Switch|p2a: Breloom
|-resisted|p2a: Breloom
|-damage|p2a: Breloom|43/100 tox
|
|switch|p1a: Dondozo|Dondozo, M, tera:Grass|73/100|[from] Volt Switch
|move|p2a: Breloom|Drain Punch|p1a: Dondozo
|-damage|p1a: Dondozo|59/100
|-heal|p2a: Breloom|54/100 tox|[from] drain|[of] p1a: Dondozo
|
|-heal|p2a: Breloom|66/100 tox|[from] ability: Poison Heal
|turn|31
|
|switch|p2a: Braviary|Braviary-Hisui, M|94/100
|move|p1a: Dondozo|Liquidation|p2a: Braviary
|-damage|p2a: Braviary|62/100
|
|turn|32
|
|switch|p1a: Scream Tail|Scream Tail|67/100
|-damage|p1a: Scream Tail|55/100|[from] Spikes
|move|p2a: Braviary|Tailwind|p2a: Braviary
|-sidestart|p2: Ivegotfrostbyte|move: Tailwind
|
|-heal|p1a: Scream Tail|61/100|[from] item: Leftovers
|turn|33
|
|switch|p2a: Goodra|Goodra-Hisui, F, tera:Steel|100/100 par
|move|p1a: Scream Tail|Wish|p1a: Scream Tail
|
|-heal|p1a: Scream Tail|67/100|[from] item: Leftovers
|turn|34
|
|move|p1a: Scream Tail|Protect|p1a: Scream Tail
|-singleturn|p1a: Scream Tail|Protect
|move|p2a: Goodra|Flash Cannon|p1a: Scream Tail
|-activate|p1a: Scream Tail|move: Protect
|
|-heal|p1a: Scream Tail|100/100|[from] move: Wish|[wisher] Scream Tail
|turn|35
|
|-end|p1a: Scream Tail|Protosynthesis|[silent]
|switch|p1a: Basculegion|Basculegion, M|100/100
|-damage|p1a: Basculegion|88/100|[from] Spikes
|cant|p2a: Goodra|par
|
|-sideend|p2: Ivegotfrostbyte|move: Tailwind
|turn|36
|
|move|p1a: Basculegion|Phantom Force||[still]
|-prepare|p1a: Basculegion|Phantom Force
|cant|p2a: Goodra|par
|
|turn|37
|
|move|p2a: Goodra|Protect|p2a: Goodra
|-singleturn|p2a: Goodra|Protect
|move|p1a: Basculegion|Phantom Force|p2a: Goodra|[from]lockedmove
|-activate|p2a: Goodra|move: Phantom Force|[broken]
|-damage|p2a: Goodra|37/100 par
|
|-heal|p2a: Goodra|43/100 par|[from] item: Leftovers
|turn|38
|
|switch|p2a: Cetitan|Cetitan, F|100/100
|move|p1a: Basculegion|Phantom Force||[still]
|-prepare|p1a: Basculegion|Phantom Force
|
|turn|39
|
|move|p1a: Basculegion|Phantom Force|p2a: Cetitan|[from]lockedmove
|-damage|p2a: Cetitan|35/100
|move|p2a: Cetitan|Earthquake|p1a: Basculegion
|-damage|p1a: Basculegion|46/100
|
|turn|40
|
|move|p2a: Cetitan|Ice Shard|p1a: Basculegion
|-resisted|p1a: Basculegion
|-damage|p1a: Basculegion|33/100
|move|p1a: Basculegion|Phantom Force||[still]
|-prepare|p1a: Basculegion|Phantom Force
|
|turn|41
|
|move|p1a: Basculegion|Phantom Force|p2a: Cetitan|[from]lockedmove
|-damage|p2a: Cetitan|0 fnt
|faint|p2a: Cetitan
|
|
|switch|p2a: Rotom|Rotom-Heat|100/100
|turn|42
|
|switch|p1a: Muk|Muk-Alola, F|69/100
|-damage|p1a: Muk|56/100|[from] Spikes
|move|p2a: Rotom|Volt Switch|p1a: Muk
|-damage|p1a: Muk|36/100
|
|switch|p2a: Breloom|Breloom, F|66/100 tox|[from] Volt Switch
|
|-heal|p1a: Muk|42/100|[from] item: Leftovers
|-heal|p2a: Breloom|78/100 tox|[from] ability: Poison Heal
|turn|43
|
|switch|p1a: Scream Tail|Scream Tail|100/100
|-damage|p1a: Scream Tail|88/100|[from] Spikes
|move|p2a: Breloom|Drain Punch|p1a: Scream Tail
|-resisted|p1a: Scream Tail
|-damage|p1a: Scream Tail|81/100
|-heal|p2a: Breloom|83/100 tox|[from] drain|[of] p1a: Scream Tail
|
|-heal|p1a: Scream Tail|87/100|[from] item: Leftovers
|-heal|p2a: Breloom|95/100 tox|[from] ability: Poison Heal
|turn|44
|
|move|p1a: Scream Tail|Encore|p2a: Breloom
|-start|p2a: Breloom|Encore
|move|p2a: Breloom|Drain Punch|p1a: Scream Tail
|-resisted|p1a: Scream Tail
|-damage|p1a: Scream Tail|81/100
|-heal|p2a: Breloom|99/100 tox|[from] drain|[of] p1a: Scream Tail
|
|-heal|p1a: Scream Tail|87/100|[from] item: Leftovers
|-heal|p2a: Breloom|100/100 tox|[from] ability: Poison Heal
|turn|45
|
|move|p1a: Scream Tail|Dazzling Gleam|p2a: Breloom
|-supereffective|p2a: Breloom
|-damage|p2a: Breloom|34/100 tox
|move|p2a: Breloom|Drain Punch|p1a: Scream Tail
|-resisted|p1a: Scream Tail
|-damage|p1a: Scream Tail|81/100
|-heal|p2a: Breloom|38/100 tox|[from] drain|[of] p1a: Scream Tail
|
|-heal|p1a: Scream Tail|87/100|[from] item: Leftovers
|-heal|p2a: Breloom|50/100 tox|[from] ability: Poison Heal
|turn|46
|
|switch|p2a: Goodra|Goodra-Hisui, F, tera:Steel|43/100 par
|move|p1a: Scream Tail|Dazzling Gleam|p2a: Goodra
|-resisted|p2a: Goodra
|-crit|p2a: Goodra
|-damage|p2a: Goodra|33/100 par
|
|-heal|p1a: Scream Tail|93/100|[from] item: Leftovers
|-heal|p2a: Goodra|39/100 par|[from] item: Leftovers
|turn|47
|
|switch|p2a: Breloom|Breloom, F|50/100 tox
|move|p1a: Scream Tail|Wish|p1a: Scream Tail
|
|-heal|p1a: Scream Tail|99/100|[from] item: Leftovers
|-heal|p2a: Breloom|63/100 tox|[from] ability: Poison Heal
|turn|48
|
|move|p1a: Scream Tail|Protect|p1a: Scream Tail
|-singleturn|p1a: Scream Tail|Protect
|move|p2a: Breloom|Spore|p1a: Scream Tail
|-activate|p1a: Scream Tail|move: Protect
|
|-heal|p1a: Scream Tail|100/100|[from] move: Wish|[wisher] Scream Tail
|-heal|p2a: Breloom|75/100 tox|[from] ability: Poison Heal
|turn|49
|
|-end|p1a: Scream Tail|Protosynthesis|[silent]
|switch|p1a: Dondozo|Dondozo, M, tera:Grass|59/100
|switch|p2a: Rotom|Rotom-Heat|100/100
|
|turn|50
|
|switch|p1a: Muk|Muk-Alola, F|42/100
|-damage|p1a: Muk|30/100|[from] Spikes
|move|p2a: Rotom|Nasty Plot|p2a: Rotom
|-boost|p2a: Rotom|spa|2
|
|-heal|p1a: Muk|36/100|[from] item: Leftovers
|turn|51
|
|move|p2a: Rotom|Thunderbolt|p1a: Muk
|-damage|p1a: Muk|0 fnt
|faint|p1a: Muk
|
|
|switch|p1a: Scream Tail|Scream Tail|100/100
|-damage|p1a: Scream Tail|88/100|[from] Spikes
|turn|52
|
|move|p1a: Scream Tail|Encore|p2a: Rotom
|-start|p2a: Rotom|Encore
|move|p2a: Rotom|Thunderbolt|p1a: Scream Tail
|-damage|p1a: Scream Tail|41/100
|
|-heal|p1a: Scream Tail|47/100|[from] item: Leftovers
|turn|53
|
|move|p1a: Scream Tail|Protect|p1a: Scream Tail
|-singleturn|p1a: Scream Tail|Protect
|move|p2a: Rotom|Thunderbolt|p1a: Scream Tail
|-activate|p1a: Scream Tail|move: Protect
|
|-heal|p1a: Scream Tail|53/100|[from] item: Leftovers
|turn|54
|
|move|p1a: Scream Tail|Wish|p1a: Scream Tail
|move|p2a: Rotom|Thunderbolt|p1a: Scream Tail
|-damage|p1a: Scream Tail|7/100
|-status|p1a: Scream Tail|par
|
|-heal|p1a: Scream Tail|13/100 par|[from] item: Leftovers
|-end|p2a: Rotom|Encore
|turn|55
|
|cant|p1a: Scream Tail|par
|move|p2a: Rotom|Thunderbolt|p1a: Scream Tail
|-crit|p1a: Scream Tail
|-damage|p1a: Scream Tail|0 fnt
|faint|p1a: Scream Tail
|-end|p1a: Scream Tail|Protosynthesis|[silent]
|
|
|switch|p1a: Pelipper|Pelipper, F|35/100 psn
|-weather|RainDance|[from] ability: Drizzle|[of] p1a: Pelipper
|turn|56
|
|move|p2a: Rotom|Thunderbolt|p1a: Pelipper
|-supereffective|p1a: Pelipper
|-damage|p1a: Pelipper|0 fnt
|faint|p1a: Pelipper
|
|-weather|RainDance|[upkeep]
|
|switch|p1a: Basculegion|Basculegion, M|33/100
|-damage|p1a: Basculegion|21/100|[from] Spikes
|turn|57
|
|move|p1a: Basculegion|Wave Crash|p2a: Rotom
|-supereffective|p2a: Rotom
|-damage|p2a: Rotom|0 fnt
|faint|p2a: Rotom
|-damage|p1a: Basculegion|0 fnt|[from] Recoil
|faint|p1a: Basculegion
|
|-weather|RainDance|[upkeep]
|
|switch|p2a: Goodra|Goodra-Hisui, F, tera:Steel|39/100 par
|switch|p1a: Electrode|Electrode-Hisui|39/100
|turn|58
|
|move|p1a: Electrode|Foul Play|p2a: Goodra
|-damage|p2a: Goodra|24/100 par
|move|p2a: Goodra|Ice Beam|p1a: Electrode
|-supereffective|p1a: Electrode
|-damage|p1a: Electrode|0 fnt
|faint|p1a: Electrode
|
|-weather|RainDance|[upkeep]
|-heal|p2a: Goodra|30/100 par|[from] item: Leftovers
|
|switch|p1a: Dondozo|Dondozo, M, tera:Grass|59/100
|turn|59
|
|move|p1a: Dondozo|Rest|p1a: Dondozo
|-status|p1a: Dondozo|slp|[from] move: Rest
|-heal|p1a: Dondozo|100/100 slp|[silent]
|cant|p2a: Goodra|par
|
|-weather|RainDance|[upkeep]
|-heal|p2a: Goodra|36/100 par|[from] item: Leftovers
|turn|60
|
|cant|p1a: Dondozo|slp
|move|p1a: Dondozo|Sleep Talk|p1a: Dondozo
|move|p1a: Dondozo|Rest||[from]move: Sleep Talk|[still]
|-fail|p1a: Dondozo
|cant|p2a: Goodra|par
|
|-weather|RainDance|[upkeep]
|-heal|p2a: Goodra|43/100 par|[from] item: Leftovers
|turn|61
|
|cant|p1a: Dondozo|slp
|move|p1a: Dondozo|Sleep Talk|p1a: Dondozo
|move|p1a: Dondozo|Liquidation|p2a: Goodra|[from]move: Sleep Talk
|-damage|p2a: Goodra|2/100 par
|-unboost|p2a: Goodra|def|1
|move|p2a: Goodra|Ice Beam|p1a: Dondozo
|-supereffective|p1a: Dondozo
|-damage|p1a: Dondozo|43/100 slp
|
|-weather|RainDance|[upkeep]
|-heal|p2a: Goodra|8/100 par|[from] item: Leftovers
|turn|62
|
|-curestatus|p1a: Dondozo|slp|[msg]
|move|p1a: Dondozo|Rest|p1a: Dondozo
|-status|p1a: Dondozo|slp|[from] move: Rest
|-heal|p1a: Dondozo|100/100 slp|[silent]
|move|p2a: Goodra|Ice Beam|p1a: Dondozo
|-supereffective|p1a: Dondozo
|-damage|p1a: Dondozo|41/100 slp
|
|-weather|RainDance|[upkeep]
|-heal|p2a: Goodra|14/100 par|[from] item: Leftovers
|turn|63
|
|cant|p1a: Dondozo|slp
|move|p1a: Dondozo|Sleep Talk|p1a: Dondozo
|move|p1a: Dondozo|Rest||[from]move: Sleep Talk|[still]
|-fail|p1a: Dondozo
|move|p2a: Goodra|Ice Beam|p1a: Dondozo
|-supereffective|p1a: Dondozo
|-damage|p1a: Dondozo|0 fnt
|faint|p1a: Dondozo
|
|win|Ivegotfrostbyte
