|poke|p1|Enamorus, F|
|poke|p1|Lilligant-Hisui, F|
|poke|p1|Chien-Pao|
|poke|p1|Typhlosion-Hisui, M|
|poke|p1|Torkoal, F|
|poke|p1|Dragapult, F|
|poke|p2|Tinkaton, F|
|poke|p2|Basculegion-F, F|
|poke|p2|Garchomp, F|
|poke|p2|Sneasler, M|
|poke|p2|Toxapex, M|
|poke|p2|Hydreigon, M|
|teampreview
|
|start
|switch|p1a: Torkoal|Torkoal, F|100/100
|switch|p2a: Sneasler|Sneasler, M|100/100
|-weather|SunnyDay|[from] ability: Drought|[of] p1a: Torkoal
|turn|1
|
|move|p2a: Sneasler|Fake Out|p1a: Torkoal
|-damage|p1a: Torkoal|91/100
|cant|p1a: Torkoal|flinch
|
|-weather|SunnyDay|[upkeep]
|turn|2
|
|move|p2a: Sneasler|U-turn|p1a: Torkoal
|-resisted|p1a: Torkoal
|-damage|p1a: Torkoal|82/100
|
|switch|p2a: Toxapex|Toxapex, M|100/100|[from] U-turn
|move|p1a: Torkoal|Stealth Rock|p2a: Toxapex
|-sidestart|p2: Lets beyblade bey-|move: Stealth Rock
|
|-weather|SunnyDay|[upkeep]
|turn|3
|
|move|p2a: Toxapex|Toxic Spikes|p1a: Torkoal
|-sidestart|p1: ShinyStardust|move: Toxic Spikes
|move|p1a: Torkoal|Yawn|p2a: Toxapex
|-start|p2a: Toxapex|move: Yawn|[of] p1a: Torkoal
|
|-weather|SunnyDay|[upkeep]
|turn|4
|
|switch|p1a: Lilligant|Lilligant-Hisui, F|100/100
|-status|p1a: Lilligant|psn
|move|p2a: Toxapex|Infestation|p1a: Lilligant
|-damage|p1a: Lilligant|96/100 psn
|-activate|p1a: Lilligant|move: Infestation|[of] p2a: Toxapex
|
|-weather|SunnyDay|[upkeep]
|-damage|p1a: Lilligant|84/100 psn|[from] psn
|-damage|p1a: Lilligant|71/100 psn|[from] move: Infestation|[partiallytrapped]
|-end|p2a: Toxapex|move: Yawn|[silent]
|-status|p2a: Toxapex|slp
|turn|5
|
|move|p1a: Lilligant|Victory Dance|p1a: Lilligant
|-boost|p1a: Lilligant|atk|1
|-boost|p1a: Lilligant|def|1
|-boost|p1a: Lilligant|spe|1
|cant|p2a: Toxapex|slp
|
|-weather|SunnyDay|[upkeep]
|-damage|p1a: Lilligant|59/100 psn|[from] psn
|-damage|p1a: Lilligant|46/100 psn|[from] move: Infestation|[partiallytrapped]
|turn|6
|
|move|p1a: Lilligant|Victory Dance|p1a: Lilligant
|-boost|p1a: Lilligant|atk|1
|-boost|p1a: Lilligant|def|1
|-boost|p1a: Lilligant|spe|1
|cant|p2a: Toxapex|slp
|
|-weather|SunnyDay|[upkeep]
|-damage|p1a: Lilligant|34/100 psn|[from] psn
|-damage|p1a: Lilligant|21/100 psn|[from] move: Infestation|[partiallytrapped]
|turn|7
|
|move|p1a: Lilligant|Leaf Blade|p2a: Toxapex
|-damage|p2a: Toxapex|40/100 slp
|cant|p2a: Toxapex|slp
|
|-weather|SunnyDay|[upkeep]
|-heal|p2a: Toxapex|46/100 slp|[from] item: Black Sludge
|-damage|p1a: Lilligant|9/100 psn|[from] psn
|-damage|p1a: Lilligant|0 fnt|[from] move: Infestation|[partiallytrapped]
|faint|p1a: Lilligant
|
|switch|p1a: Chien-Pao|Chien-Pao|100/100
|-status|p1a: Chien-Pao|psn
|-ability|p1a: Chien-Pao|Sword of Ruin
|turn|8
|
|switch|p2a: Tinkaton|Tinkaton, F|100/100
|-damage|p2a: Tinkaton|94/100|[from] Stealth Rock
|-ability|p2a: Tinkaton|Mold Breaker
|move|p1a: Chien-Pao|Crunch|p2a: Tinkaton
|-resisted|p2a: Tinkaton
|-damage|p2a: Tinkaton|40/100
|
|-weather|none
|-heal|p2a: Tinkaton|46/100|[from] item: Leftovers
|-damage|p1a: Chien-Pao|88/100 psn|[from] psn
|turn|9
|
|move|p1a: Chien-Pao|Crunch|p2a: Tinkaton
|-resisted|p2a: Tinkaton
|-damage|p2a: Tinkaton|0 fnt
|faint|p2a: Tinkaton
|
|-damage|p1a: Chien-Pao|76/100 psn|[from] psn
|
|switch|p2a: Sneasler|Sneasler, M|100/100
|-damage|p2a: Sneasler|95/100|[from] Stealth Rock
|turn|10
|
|switch|p1a: Torkoal|Torkoal, F|82/100
|-status|p1a: Torkoal|psn
|-weather|SunnyDay|[from] ability: Drought|[of] p1a: Torkoal
|move|p2a: Sneasler|U-turn|p1a: Torkoal
|-resisted|p1a: Torkoal
|-damage|p1a: Torkoal|72/100 psn
|
|switch|p2a: Toxapex|Toxapex, M|79/100 slp|[from] U-turn
|-damage|p2a: Toxapex|67/100 slp|[from] Stealth Rock
|
|-weather|SunnyDay|[upkeep]
|-heal|p2a: Toxapex|73/100 slp|[from] item: Black Sludge
|-damage|p1a: Torkoal|60/100 psn|[from] psn
|turn|11
|
|switch|p2a: Garchomp|Garchomp, F|100/100
|-damage|p2a: Garchomp|94/100|[from] Stealth Rock
|switch|p1a: Chien-Pao|Chien-Pao|76/100 psn
|-ability|p1a: Chien-Pao|Sword of Ruin
|
|-weather|SunnyDay|[upkeep]
|-damage|p1a: Chien-Pao|64/100 psn|[from] psn
|turn|12
|
|-terastallize|p2a: Garchomp|Water
|move|p1a: Chien-Pao|Ice Spinner|p2a: Garchomp
|-resisted|p2a: Garchomp
|-damage|p2a: Garchomp|57/100
|-damage|p1a: Chien-Pao|51/100 psn|[from] ability: Rough Skin|[of] p2a: Garchomp
|-damage|p1a: Chien-Pao|35/100 psn|[from] item: Rocky Helmet|[of] p2a: Garchomp
|move|p2a: Garchomp|Earthquake|p1a: Chien-Pao
|-damage|p1a: Chien-Pao|0 fnt
|faint|p1a: Chien-Pao
|
|-weather|SunnyDay|[upkeep]
|
|switch|p1a: Enamorus|Enamorus, F|100/100
|turn|13
|
|switch|p2a: Sneasler|Sneasler, M|95/100
|-damage|p2a: Sneasler|89/100|[from] Stealth Rock
|-terastallize|p1a: Enamorus|Fighting
|move|p1a: Enamorus|Superpower|p2a: Sneasler
|-resisted|p2a: Sneasler
|-damage|p2a: Sneasler|40/100
|-boost|p1a: Enamorus|atk|1
|-boost|p1a: Enamorus|def|1
|
|-weather|SunnyDay|[upkeep]
|turn|14
|
|move|p2a: Sneasler|Fake Out|p1a: Enamorus
|-damage|p1a: Enamorus|87/100
|-status|p1a: Enamorus|psn|[from] ability: Poison Touch|[of] p2a: Sneasler
|cant|p1a: Enamorus|flinch
|
|-weather|SunnyDay|[upkeep]
|-damage|p1a: Enamorus|74/100 psn|[from] psn
|turn|15
|-message|ShinyStardust lost due to inactivity.
|
|win|Lets beyblade bey-
