|poke|p1|Wo-Chien|
|poke|p1|Cinderace, M|
|poke|p1|Urshifu-*, F|
|poke|p1|Cryogonal|
|poke|p1|Corviknight, F|
|poke|p1|Great Tusk|
|poke|p2|Chien-Pao|
|poke|p2|Samurott-Hisui, M|
|poke|p2|Gholdengo|
|poke|p2|Landorus-Therian, M|
|poke|p2|Sneasler, M|
|poke|p2|Enamorus, F|
|teampreview
|
|start
|switch|p1a: Infernaldo|Cinderace, M|100/100
|switch|p2a: Sneasler|Sneasler, M|100/100
|turn|1
|
|switch|p1a: E. Wanda|Corviknight, F, shiny|100/100
|-ability|p1a: E. Wanda|Pressure
|move|p2a: Sneasler|Fake Out|p1a: E. Wanda
|-resisted|p1a: E. Wanda
|-damage|p1a: E. Wanda|94/100
|
|-heal|p1a: E. Wanda|100/100|[from] item: Leftovers
|turn|2
|
|switch|p2a: Landorus|Landorus-Therian, M|100/100
|-ability|p2a: Landorus|Intimidate|boost
|-unboost|p1a: E. Wanda|atk|1
|move|p1a: E. Wanda|U-turn|p2a: Landorus
|-resisted|p2a: Landorus
|-damage|p2a: Landorus|97/100
|
|switch|p1a: FACEINTHEWALL|Cryogonal, shiny|100/100|[from] U-turn
|
|-heal|p2a: Landorus|100/100|[from] item: Leftovers
|turn|3
|
|switch|p2a: Gholdengo|Gholdengo|100/100
|-item|p2a: Gholdengo|Air Balloon
|move|p1a: FACEINTHEWALL|Freeze-Dry|p2a: Gholdengo
|-resisted|p2a: Gholdengo
|-damage|p2a: Gholdengo|89/100
|-enditem|p2a: Gholdengo|Air Balloon
|
|turn|4
|
|switch|p1a: Jackie Chien|Wo-Chien|100/100
|-ability|p1a: Jackie Chien|Tablets of Ruin
|move|p2a: Gholdengo|Thunder Wave|p1a: Jackie Chien
|-status|p1a: Jackie Chien|par
|
|turn|5
|
|switch|p2a: Landorus|Landorus-Therian, M|100/100
|-ability|p2a: Landorus|Intimidate|boost
|-unboost|p1a: Jackie Chien|atk|1
|move|p1a: Jackie Chien|Knock Off|p2a: Landorus
|-damage|p2a: Landorus|86/100
|-enditem|p2a: Landorus|Leftovers|[from] move: Knock Off|[of] p1a: Jackie Chien
|
|turn|6
|
|switch|p1a: E. Wanda|Corviknight, F, shiny|100/100
|-ability|p1a: E. Wanda|Pressure
|move|p2a: Landorus|Stealth Rock|p1a: E. Wanda
|-sidestart|p1: p1|move: Stealth Rock
|
|turn|7
|
|move|p2a: Landorus|Protect|p2a: Landorus
|-singleturn|p2a: Landorus|Protect
|move|p1a: E. Wanda|Defog|p2a: Landorus
|-activate|p2a: Landorus|move: Protect
|
|turn|8
|
|switch|p2a: Gholdengo|Gholdengo|89/100
|move|p1a: E. Wanda|Defog|p2a: Gholdengo
|-immune|p2a: Gholdengo|[from] ability: Good as Gold
|
|turn|9
|
|move|p2a: Gholdengo|Thunder Wave|p1a: E. Wanda
|-status|p1a: E. Wanda|par
|move|p1a: E. Wanda|U-turn|p2a: Gholdengo
|-resisted|p2a: Gholdengo
|-damage|p2a: Gholdengo|85/100
|
|switch|p1a: Infernaldo|Cinderace, M|100/100|[from] U-turn
|-damage|p1a: Infernaldo|76/100|[from] Stealth Rock
|
|turn|10
|
|switch|p2a: Landorus|Landorus-Therian, M|86/100
|-ability|p2a: Landorus|Intimidate|boost
|-unboost|p1a: Infernaldo|atk|1
|move|p1a: Infernaldo|Pyro Ball|p2a: Landorus
|-crit|p2a: Landorus
|-damage|p2a: Landorus|0 fnt
|faint|p2a: Landorus
|
|
|switch|p2a: Sneasler|Sneasler, M|100/100
|turn|11
|
|switch|p1a: E. Wanda|Corviknight, F, shiny|100/100 par
|-damage|p1a: E. Wanda|88/100 par|[from] Stealth Rock
|-ability|p1a: E. Wanda|Pressure
|move|p2a: Sneasler|Close Combat|p1a: E. Wanda
|-damage|p1a: E. Wanda|41/100 par
|-unboost|p2a: Sneasler|def|1
|-unboost|p2a: Sneasler|spd|1
|
|-heal|p1a: E. Wanda|47/100 par|[from] item: Leftovers
|turn|12
|
|move|p2a: Sneasler|Close Combat|p1a: E. Wanda
|-damage|p1a: E. Wanda|0 fnt
|-unboost|p2a: Sneasler|def|1
|-unboost|p2a: Sneasler|spd|1
|faint|p1a: E. Wanda
|
|
|switch|p1a: GREAT MUSK|Great Tusk|100/100
|-damage|p1a: GREAT MUSK|98/100|[from] Stealth Rock
|turn|13
|
|switch|p2a: Enamorus|Enamorus, F|100/100
|move|p1a: GREAT MUSK|Rapid Spin|p2a: Enamorus
|-damage|p2a: Enamorus|68/100
|-boost|p1a: GREAT MUSK|spe|1
|-sideend|p1: p1|Stealth Rock|[from] move: Rapid Spin|[of] p1a: GREAT MUSK
|
|-heal|p2a: Enamorus|74/100|[from] item: Leftovers
|-heal|p1a: GREAT MUSK|100/100|[from] item: Leftovers
|turn|14
|
|-end|p1a: GREAT MUSK|Protosynthesis|[silent]
|switch|p1a: FACEINTHEWALL|Cryogonal, shiny|100/100
|move|p2a: Enamorus|Moonblast|p1a: FACEINTHEWALL
|-damage|p1a: FACEINTHEWALL|59/100
|
|-heal|p2a: Enamorus|80/100|[from] item: Leftovers
|turn|15
|
|move|p2a: Enamorus|Mystical Fire|p1a: FACEINTHEWALL
|-supereffective|p1a: FACEINTHEWALL
|-damage|p1a: FACEINTHEWALL|16/100
|-unboost|p1a: FACEINTHEWALL|spa|1
|move|p1a: FACEINTHEWALL|Freeze-Dry|p2a: Enamorus
|-supereffective|p2a: Enamorus
|-damage|p2a: Enamorus|26/100
|
|-heal|p2a: Enamorus|33/100|[from] item: Leftovers
|turn|16
|
|move|p2a: Enamorus|Moonblast|p1a: FACEINTHEWALL
|-damage|p1a: FACEINTHEWALL|0 fnt
|faint|p1a: FACEINTHEWALL
|
|-heal|p2a: Enamorus|39/100|[from] item: Leftovers
|
|switch|p1a: Infernaldo|Cinderace, M|76/100
|turn|17
|
|move|p1a: Infernaldo|Pyro Ball|p2a: Enamorus
|-damage|p2a: Enamorus|0 fnt
|faint|p2a: Enamorus
|
|
|switch|p2a: Sneasler|Sneasler, M|100/100
|turn|18
|
|switch|p1a: GREAT MUSK|Great Tusk|100/100
|move|p2a: Sneasler|U-turn|p1a: GREAT MUSK
|-resisted|p1a: GREAT MUSK
|-damage|p1a: GREAT MUSK|93/100
|
|switch|p2a: Samurott|Samurott-Hisui, M|100/100|[from] U-turn
|
|-heal|p1a: GREAT MUSK|99/100|[from] item: Leftovers
|turn|19
|
|-end|p1a: GREAT MUSK|Protosynthesis|[silent]
|switch|p1a: Jackie Chien|Wo-Chien|100/100 par
|-ability|p1a: Jackie Chien|Tablets of Ruin
|move|p2a: Samurott|Razor Shell|p1a: Jackie Chien
|-resisted|p1a: Jackie Chien
|-damage|p1a: Jackie Chien|82/100 par
|-unboost|p1a: Jackie Chien|def|1
|
|-heal|p1a: Jackie Chien|88/100 par|[from] item: Leftovers
|turn|20
|
|move|p2a: Samurott|Ceaseless Edge|p1a: Jackie Chien
|-resisted|p1a: Jackie Chien
|-damage|p1a: Jackie Chien|67/100 par
|-sidestart|p1: p1|Spikes
|move|p1a: Jackie Chien|Knock Off|p2a: Samurott
|-resisted|p2a: Samurott
|-damage|p2a: Samurott|81/100
|-enditem|p2a: Samurott|Heavy-Duty Boots|[from] move: Knock Off|[of] p1a: Jackie Chien
|
|-heal|p1a: Jackie Chien|73/100 par|[from] item: Leftovers
|turn|21
|
|switch|p2a: Gholdengo|Gholdengo|85/100
|move|p1a: Jackie Chien|Leech Seed|p2a: Gholdengo
|-immune|p2a: Gholdengo|[from] ability: Good as Gold
|
|-heal|p1a: Jackie Chien|79/100 par|[from] item: Leftovers
|turn|22
|
|move|p2a: Gholdengo|Thunder Wave|p1a: Jackie Chien
|-fail|p1a: Jackie Chien|par
|move|p1a: Jackie Chien|Knock Off|p2a: Gholdengo
|-supereffective|p2a: Gholdengo
|-damage|p2a: Gholdengo|49/100
|
|-heal|p1a: Jackie Chien|85/100 par|[from] item: Leftovers
|turn|23
|
|move|p2a: Gholdengo|Recover|p2a: Gholdengo
|-heal|p2a: Gholdengo|99/100
|move|p1a: Jackie Chien|Knock Off|p2a: Gholdengo
|-supereffective|p2a: Gholdengo
|-damage|p2a: Gholdengo|62/100
|
|-heal|p1a: Jackie Chien|91/100 par|[from] item: Leftovers
|turn|24
|
|switch|p2a: Chien-Pao|Chien-Pao|100/100
|-ability|p2a: Chien-Pao|Sword of Ruin
|move|p1a: Jackie Chien|Knock Off|p2a: Chien-Pao
|-resisted|p2a: Chien-Pao
|-damage|p2a: Chien-Pao|82/100
|-enditem|p2a: Chien-Pao|Heavy-Duty Boots|[from] move: Knock Off|[of] p1a: Jackie Chien
|
|-heal|p1a: Jackie Chien|98/100 par|[from] item: Leftovers
|turn|25
|
|switch|p1a: shofu|Urshifu-Rapid-Strike, F|100/100
|-damage|p1a: shofu|88/100|[from] Spikes
|move|p2a: Chien-Pao|Icicle Crash|p1a: shofu|[miss]
|-miss|p2a: Chien-Pao|p1a: shofu
|
|turn|26
|
|switch|p2a: Samurott|Samurott-Hisui, M|81/100
|move|p1a: shofu|Surging Strikes|p2a: Samurott
|-resisted|p2a: Samurott
|-crit|p2a: Samurott
|-damage|p2a: Samurott|68/100
|-resisted|p2a: Samurott
|-crit|p2a: Samurott
|-damage|p2a: Samurott|53/100
|-resisted|p2a: Samurott
|-crit|p2a: Samurott
|-damage|p2a: Samurott|39/100
|-hitcount|p2a: Samurott|3
|
|turn|27
|
|move|p2a: Samurott|Sucker Punch|p1a: shofu
|-resisted|p1a: shofu
|-damage|p1a: shofu|71/100
|move|p1a: shofu|Drain Punch|p2a: Samurott
|-supereffective|p2a: Samurott
|-damage|p2a: Samurott|0 fnt
|-heal|p1a: shofu|89/100|[from] drain|[of] p2a: Samurott
|faint|p2a: Samurott
|
|
|switch|p2a: Sneasler|Sneasler, M|100/100
|turn|28
|
|switch|p1a: Jackie Chien|Wo-Chien|98/100 par
|-damage|p1a: Jackie Chien|85/100 par|[from] Spikes
|-ability|p1a: Jackie Chien|Tablets of Ruin
|move|p2a: Sneasler|Fake Out|p1a: Jackie Chien
|-damage|p1a: Jackie Chien|76/100 par
|
|-heal|p1a: Jackie Chien|82/100 par|[from] item: Leftovers
|turn|29
|
|move|p2a: Sneasler|Close Combat|p1a: Jackie Chien
|-supereffective|p1a: Jackie Chien
|-damage|p1a: Jackie Chien|2/100 par
|-unboost|p2a: Sneasler|def|1
|-unboost|p2a: Sneasler|spd|1
|move|p1a: Jackie Chien|Leech Seed|p2a: Sneasler
|-start|p2a: Sneasler|move: Leech Seed
|
|-heal|p1a: Jackie Chien|8/100 par|[from] item: Leftovers
|-damage|p2a: Sneasler|88/100|[from] Leech Seed|[of] p1a: Jackie Chien
|-heal|p1a: Jackie Chien|18/100 par|[silent]
|turn|30
|
|move|p1a: Jackie Chien|Protect|p1a: Jackie Chien
|-singleturn|p1a: Jackie Chien|Protect
|move|p2a: Sneasler|U-turn|p1a: Jackie Chien
|-activate|p1a: Jackie Chien|move: Protect
|
|-heal|p1a: Jackie Chien|24/100 par|[from] item: Leftovers
|-damage|p2a: Sneasler|76/100|[from] Leech Seed|[of] p1a: Jackie Chien
|-heal|p1a: Jackie Chien|34/100 par|[silent]
|turn|31
|
|move|p1a: Jackie Chien|Protect|p1a: Jackie Chien
|-singleturn|p1a: Jackie Chien|Protect
|move|p2a: Sneasler|U-turn|p1a: Jackie Chien
|-activate|p1a: Jackie Chien|move: Protect
|
|-heal|p1a: Jackie Chien|40/100 par|[from] item: Leftovers
|-damage|p2a: Sneasler|64/100|[from] Leech Seed|[of] p1a: Jackie Chien
|-heal|p1a: Jackie Chien|50/100 par|[silent]
|turn|32
|
|move|p1a: Jackie Chien|Protect||[still]
|-fail|p1a: Jackie Chien
|move|p2a: Sneasler|U-turn|p1a: Jackie Chien
|-supereffective|p1a: Jackie Chien
|-crit|p1a: Jackie Chien
|-damage|p1a: Jackie Chien|0 fnt
|faint|p1a: Jackie Chien
|
|switch|p2a: Chien-Pao|Chien-Pao|82/100|[from] U-turn
|-ability|p2a: Chien-Pao|Sword of Ruin
|
|
|switch|p1a: shofu|Urshifu-Rapid-Strike, F|89/100
|-damage|p1a: shofu|77/100|[from] Spikes
|turn|33
|
|switch|p2a: Gholdengo|Gholdengo|62/100
|move|p1a: shofu|Surging Strikes|p2a: Gholdengo
|-crit|p2a: Gholdengo
|-damage|p2a: Gholdengo|40/100
|-crit|p2a: Gholdengo
|-damage|p2a: Gholdengo|20/100
|-crit|p2a: Gholdengo
|-damage|p2a: Gholdengo|1/100
|-hitcount|p2a: Gholdengo|3
|
|turn|34
|
|move|p1a: shofu|Surging Strikes|p2a: Gholdengo
|-crit|p2a: Gholdengo
|-damage|p2a: Gholdengo|0 fnt
|faint|p2a: Gholdengo
|-hitcount|p2: Gholdengo|1
|
|
|switch|p2a: Sneasler|Sneasler, M|64/100
|turn|35
|
|switch|p1a: Infernaldo|Cinderace, M|76/100
|-damage|p1a: Infernaldo|63/100|[from] Spikes
|move|p2a: Sneasler|Close Combat|p1a: Infernaldo
|-damage|p1a: Infernaldo|0 fnt
|-unboost|p2a: Sneasler|def|1
|-unboost|p2a: Sneasler|spd|1
|faint|p1a: Infernaldo
|
|
|switch|p1a: GREAT MUSK|Great Tusk|99/100
|-damage|p1a: GREAT MUSK|87/100|[from] Spikes
|turn|36
|
|move|p2a: Sneasler|Dire Claw|p1a: GREAT MUSK
|-resisted|p1a: GREAT MUSK
|-damage|p1a: GREAT MUSK|74/100
|-status|p1a: GREAT MUSK|slp
|cant|p1a: GREAT MUSK|slp
|
|-heal|p1a: GREAT MUSK|80/100 slp|[from] item: Leftovers
|turn|37
|
|move|p2a: Sneasler|Close Combat|p1a: GREAT MUSK
|-damage|p1a: GREAT MUSK|41/100 slp
|-unboost|p2a: Sneasler|def|1
|-unboost|p2a: Sneasler|spd|1
|cant|p1a: GREAT MUSK|slp
|
|-heal|p1a: GREAT MUSK|47/100 slp|[from] item: Leftovers
|turn|38
|
|move|p2a: Sneasler|Close Combat|p1a: GREAT MUSK
|-damage|p1a: GREAT MUSK|11/100 slp
|-unboost|p2a: Sneasler|def|1
|-unboost|p2a: Sneasler|spd|1
|cant|p1a: GREAT MUSK|slp
|
|-heal|p1a: GREAT MUSK|17/100 slp|[from] item: Leftovers
|turn|39
|
|move|p2a: Sneasler|Dire Claw|p1a: GREAT MUSK
|-resisted|p1a: GREAT MUSK
|-damage|p1a: GREAT MUSK|4/100 slp
|-curestatus|p1a: GREAT MUSK|slp|[msg]
|move|p1a: GREAT MUSK|Earthquake|p2a: Sneasler
|-supereffective|p2a: Sneasler
|-damage|p2a: Sneasler|0 fnt
|faint|p2a: Sneasler
|
|-heal|p1a: GREAT MUSK|11/100|[from] item: Leftovers
|
|switch|p2a: Chien-Pao|Chien-Pao|82/100
|-ability|p2a: Chien-Pao|Sword of Ruin
|turn|40
|
|move|p2a: Chien-Pao|Sacred Sword|p1a: GREAT MUSK
|-damage|p1a: GREAT MUSK|0 fnt
|faint|p1a: GREAT MUSK
|-end|p1a: GREAT MUSK|Protosynthesis|[silent]
|
|
|switch|p1a: shofu|Urshifu-Rapid-Strike, F|77/100
|-damage|p1a: shofu|65/100|[from] Spikes
|turn|41
|
|-terastallize|p2a: Chien-Pao|Fighting
|move|p2a: Chien-Pao|Sacred Sword|p1a: shofu
|-damage|p1a: shofu|4/100
|move|p1a: shofu|Drain Punch|p2a: Chien-Pao
|-crit|p2a: Chien-Pao
|-damage|p2a: Chien-Pao|0 fnt
|-heal|p1a: shofu|40/100|[from] drain|[of] p2a: Chien-Pao
|faint|p2a: Chien-Pao
|
|win|p1
