|poke|p1|Arcanine-Hisui, M|
|poke|p1|Meowscarada, F|
|poke|p1|Ursaluna, F|
|poke|p1|Iron Treads|
|poke|p1|Sneasler, M|
|poke|p1|Garganacl, M|
|poke|p2|Decidueye-Hisui, M|
|poke|p2|Toxapex, M|
|poke|p2|Ceruledge, M|
|poke|p2|Corviknight, M|
|poke|p2|Clodsire, F|
|poke|p2|Sneasler, F|
|teampreview
|
|start
|switch|p1a: Arcanine|Arcanine-Hisui, M|100/100
|switch|p2a: Decidueye|Decidueye-Hisui, M|100/100
|turn|1
|
|switch|p1a: Sneasler|Sneasler, M|100/100
|-item|p1a: Sneasler|Air Balloon
|switch|p2a: Clodsire|Clodsire, F|100/100
|
|turn|2
|
|switch|p2a: Corviknight|Corviknight, M|100/100
|move|p1a: Sneasler|Swords Dance|p1a: Sneasler
|-boost|p1a: Sneasler|atk|2
|
|turn|3
|
|switch|p1a: Garganacl|Garganacl, M|100/100
|move|p2a: Corviknight|Brave Bird|p1a: Garganacl
|-resisted|p1a: Garganacl
|-damage|p1a: Garganacl|90/100
|-damage|p2a: Corviknight|84/100|[from] item: Rocky Helmet|[of] p1a: Garganacl
|-damage|p2a: Corviknight|80/100|[from] Recoil
|
|turn|4
|
|switch|p2a: Clodsire|Clodsire, F|100/100
|move|p1a: Garganacl|Salt Cure|p2a: Clodsire
|-resisted|p2a: Clodsire
|-damage|p2a: Clodsire|93/100
|-start|p2a: Clodsire|Salt Cure
|
|-heal|p2a: Clodsire|99/100|[from] item: Leftovers
|-damage|p2a: Clodsire|86/100|[from] Salt Cure
|turn|5
|
|switch|p1a: Sneasler|Sneasler, M|100/100
|-item|p1a: Sneasler|Air Balloon
|move|p2a: Clodsire|Spikes|p1a: Sneasler
|-sidestart|p1: GliHybrid|Spikes
|
|-heal|p2a: Clodsire|93/100|[from] item: Leftovers
|-damage|p2a: Clodsire|80/100|[from] Salt Cure
|turn|6
|
|switch|p1a: Iron Treads|Iron Treads|100/100
|-damage|p1a: Iron Treads|88/100|[from] Spikes
|switch|p2a: Corviknight|Corviknight, M|80/100
|
|turn|7
|
|switch|p2a: Ceruledge|Ceruledge, M|100/100
|move|p1a: Iron Treads|Knock Off|p2a: Ceruledge
|-supereffective|p2a: Ceruledge
|-damage|p2a: Ceruledge|26/100
|-ability|p2a: Ceruledge|Weak Armor|boost
|-unboost|p2a: Ceruledge|def|1
|-boost|p2a: Ceruledge|spe|2
|-enditem|p2a: Ceruledge|Focus Sash|[from] move: Knock Off|[of] p1a: Iron Treads
|
|turn|8
|
|move|p2a: Ceruledge|Swords Dance|p2a: Ceruledge
|-boost|p2a: Ceruledge|atk|2
|move|p1a: Iron Treads|Earthquake|p2a: Ceruledge
|-supereffective|p2a: Ceruledge
|-damage|p2a: Ceruledge|0 fnt
|faint|p2a: Ceruledge
|
|
|switch|p2a: Decidueye|Decidueye-Hisui, M|100/100
|turn|9
|
|move|p1a: Iron Treads|Volt Switch|p2a: Decidueye
|-resisted|p2a: Decidueye
|-damage|p2a: Decidueye|95/100
|
|-end|p1a: Iron Treads|Quark Drive|[silent]
|switch|p1a: Sneasler|Sneasler, M|100/100|[from] Volt Switch
|-item|p1a: Sneasler|Air Balloon
|move|p2a: Decidueye|Triple Arrows|p1a: Sneasler
|-resisted|p1a: Sneasler
|-damage|p1a: Sneasler|40/100
|-unboost|p1a: Sneasler|def|1
|-enditem|p1a: Sneasler|Air Balloon
|
|turn|10
|
|switch|p2a: Corviknight|Corviknight, M|80/100
|move|p1a: Sneasler|Acrobatics|p2a: Corviknight
|-resisted|p2a: Corviknight
|-damage|p2a: Corviknight|69/100
|-damage|p1a: Sneasler|23/100|[from] item: Rocky Helmet|[of] p2a: Corviknight
|
|turn|11
|
|move|p1a: Sneasler|Close Combat|p2a: Corviknight
|-damage|p2a: Corviknight|24/100
|-unboost|p1a: Sneasler|def|1
|-unboost|p1a: Sneasler|spd|1
|-damage|p1a: Sneasler|6/100|[from] item: Rocky Helmet|[of] p2a: Corviknight
|move|p2a: Corviknight|Roost|p2a: Corviknight
|-heal|p2a: Corviknight|74/100
|-singleturn|p2a: Corviknight|move: Roost
|
|turn|12
|
|move|p1a: Sneasler|Swords Dance|p1a: Sneasler
|-boost|p1a: Sneasler|atk|2
|move|p2a: Corviknight|Roost|p2a: Corviknight
|-heal|p2a: Corviknight|100/100
|-singleturn|p2a: Corviknight|move: Roost
|
|turn|13
|
|move|p1a: Sneasler|Close Combat|p2a: Corviknight
|-damage|p2a: Corviknight|25/100
|-unboost|p1a: Sneasler|def|1
|-unboost|p1a: Sneasler|spd|1
|-damage|p1a: Sneasler|0 fnt|[from] item: Rocky Helmet|[of] p2a: Corviknight
|faint|p1a: Sneasler
|move|p2a: Corviknight|U-turn|p1: Sneasler|[notarget]
|-fail|p2a: Corviknight
|
|
|switch|p1a: Arcanine|Arcanine-Hisui, M|100/100
|turn|14
|
|switch|p2a: Clodsire|Clodsire, F|80/100
|move|p1a: Arcanine|Flare Blitz|p2a: Clodsire
|-damage|p2a: Clodsire|16/100
|
|-heal|p2a: Clodsire|22/100|[from] item: Leftovers
|turn|15
|
|move|p1a: Arcanine|Flare Blitz|p2a: Clodsire
|-damage|p2a: Clodsire|0 fnt
|faint|p2a: Clodsire
|
|
|switch|p2a: Sneasler|Sneasler, F|100/100
|turn|16
|
|move|p2a: Sneasler|Fake Out|p1a: Arcanine
|-resisted|p1a: Arcanine
|-damage|p1a: Arcanine|89/100
|-status|p1a: Arcanine|psn|[from] ability: Poison Touch|[of] p2a: Sneasler
|-damage|p2a: Sneasler|91/100|[from] item: Life Orb
|cant|p1a: Arcanine|flinch
|
|-damage|p1a: Arcanine|76/100 psn|[from] psn
|turn|17
|
|move|p1a: Arcanine|Extreme Speed|p2a: Sneasler
|-damage|p2a: Sneasler|45/100
|move|p2a: Sneasler|Close Combat|p1a: Arcanine
|-supereffective|p1a: Arcanine
|-damage|p1a: Arcanine|0 fnt
|-unboost|p2a: Sneasler|def|1
|-unboost|p2a: Sneasler|spd|1
|faint|p1a: Arcanine
|-damage|p2a: Sneasler|35/100|[from] item: Life Orb
|
|
|switch|p1a: Meowscarada|Meowscarada, F|100/100
|-damage|p1a: Meowscarada|88/100|[from] Spikes
|turn|18
|
|switch|p2a: Corviknight|Corviknight, M|25/100
|move|p1a: Meowscarada|Play Rough|p2a: Corviknight
|-start|p1a: Meowscarada|typechange|Fairy|[from] ability: Protean
|-resisted|p2a: Corviknight
|-damage|p2a: Corviknight|13/100
|-damage|p1a: Meowscarada|72/100|[from] item: Rocky Helmet|[of] p2a: Corviknight
|
|turn|19
|
|move|p1a: Meowscarada|Play Rough|p2a: Corviknight|[miss]
|-miss|p1a: Meowscarada|p2a: Corviknight
|move|p2a: Corviknight|Roost|p2a: Corviknight
|-heal|p2a: Corviknight|63/100
|-singleturn|p2a: Corviknight|move: Roost
|
|turn|20
|
|switch|p1a: Iron Treads|Iron Treads|88/100
|-damage|p1a: Iron Treads|76/100|[from] Spikes
|move|p2a: Corviknight|Roost|p2a: Corviknight
|-heal|p2a: Corviknight|100/100
|-singleturn|p2a: Corviknight|move: Roost
|
|turn|21
|
|move|p1a: Iron Treads|Rapid Spin|p2a: Corviknight
|-resisted|p2a: Corviknight
|-damage|p2a: Corviknight|96/100
|-boost|p1a: Iron Treads|spe|1
|-damage|p1a: Iron Treads|59/100|[from] item: Rocky Helmet|[of] p2a: Corviknight
|-sideend|p1: GliHybrid|Spikes|[from] move: Rapid Spin|[of] p1a: Iron Treads
|move|p2a: Corviknight|U-turn|p1a: Iron Treads
|-resisted|p1a: Iron Treads
|-damage|p1a: Iron Treads|53/100
|-enditem|p1a: Iron Treads|Red Card|[of] p2a: Corviknight
|drag|p2a: Sneasler|Sneasler, F|35/100
|
|turn|22
|
|move|p2a: Sneasler|Fake Out|p1a: Iron Treads
|-resisted|p1a: Iron Treads
|-damage|p1a: Iron Treads|44/100
|-damage|p2a: Sneasler|25/100|[from] item: Life Orb
|cant|p1a: Iron Treads|flinch
|
|turn|23
|
|switch|p2a: Decidueye|Decidueye-Hisui, M|95/100
|move|p1a: Iron Treads|Knock Off|p2a: Decidueye
|-resisted|p2a: Decidueye
|-damage|p2a: Decidueye|81/100
|-enditem|p2a: Decidueye|Choice Band|[from] move: Knock Off|[of] p1a: Iron Treads
|
|turn|24
|
|move|p1a: Iron Treads|Earthquake|p2a: Decidueye
|-resisted|p2a: Decidueye
|-damage|p2a: Decidueye|56/100
|move|p2a: Decidueye|Triple Arrows|p1a: Iron Treads
|-supereffective|p1a: Iron Treads
|-damage|p1a: Iron Treads|0 fnt
|faint|p1a: Iron Treads
|-end|p1a: Iron Treads|Quark Drive|[silent]
|
|
|switch|p1a: Garganacl|Garganacl, M|90/100
|turn|25
|
|-terastallize|p1a: Garganacl|Poison
|move|p2a: Decidueye|Triple Arrows|p1a: Garganacl
|-resisted|p1a: Garganacl
|-damage|p1a: Garganacl|77/100
|-unboost|p1a: Garganacl|def|1
|move|p1a: Garganacl|Salt Cure|p2a: Decidueye
|-resisted|p2a: Decidueye
|-crit|p2a: Decidueye
|-damage|p2a: Decidueye|44/100
|-start|p2a: Decidueye|Salt Cure
|
|-damage|p2a: Decidueye|32/100|[from] Salt Cure
|turn|26
|
|move|p1a: Garganacl|Protect|p1a: Garganacl
|-singleturn|p1a: Garganacl|Protect
|move|p2a: Decidueye|U-turn|p1a: Garganacl
|-activate|p1a: Garganacl|move: Protect
|
|-damage|p2a: Decidueye|19/100|[from] Salt Cure
|turn|27
|
|move|p2a: Decidueye|U-turn|p1a: Garganacl
|-resisted|p1a: Garganacl
|-damage|p1a: Garganacl|67/100
|-damage|p2a: Decidueye|3/100|[from] item: Rocky Helmet|[of] p1a: Garganacl
|
|switch|p2a: Corviknight|Corviknight, M|96/100|[from] U-turn
|move|p1a: Garganacl|Recover|p1a: Garganacl
|-heal|p1a: Garganacl|100/100
|
|turn|28
|
|move|p2a: Corviknight|U-turn|p1a: Garganacl
|-resisted|p1a: Garganacl
|-damage|p1a: Garganacl|94/100
|-damage|p2a: Corviknight|79/100|[from] item: Rocky Helmet|[of] p1a: Garganacl
|
|switch|p2a: Decidueye|Decidueye-Hisui, M|3/100|[from] U-turn
|move|p1a: Garganacl|Salt Cure|p2a: Decidueye
|-resisted|p2a: Decidueye
|-damage|p2a: Decidueye|0 fnt
|faint|p2a: Decidueye
|
|
|switch|p2a: Toxapex|Toxapex, M|100/100
|turn|29
|
|-terastallize|p2a: Toxapex|Fairy
|move|p2a: Toxapex|Infestation|p1a: Garganacl
|-resisted|p1a: Garganacl
|-damage|p1a: Garganacl|92/100
|-activate|p1a: Garganacl|move: Infestation|[of] p2a: Toxapex
|-damage|p2a: Toxapex|84/100|[from] item: Rocky Helmet|[of] p1a: Garganacl
|move|p1a: Garganacl|Salt Cure|p2a: Toxapex
|-damage|p2a: Toxapex|72/100
|-start|p2a: Toxapex|Salt Cure
|
|-damage|p2a: Toxapex|60/100|[from] Salt Cure
|-damage|p1a: Garganacl|80/100|[from] move: Infestation|[partiallytrapped]
|turn|30
|
|switch|p2a: Corviknight|Corviknight, M|79/100
|move|p1a: Garganacl|Body Slam|p2a: Corviknight
|-resisted|p2a: Corviknight
|-damage|p2a: Corviknight|73/100
|-status|p2a: Corviknight|par
|-damage|p1a: Garganacl|63/100|[from] item: Rocky Helmet|[of] p2a: Corviknight
|
|-end|p1a: Garganacl|Infestation|[partiallytrapped]|[silent]
|turn|31
|-message|Hashtag 628 forfeited.
|
|win|GliHybrid
