|poke|p1|Garchomp, M|
|poke|p1|Lilligant-Hisui, F|
|poke|p1|Chien-Pao|
|poke|p1|Braviary-Hisui, M|
|poke|p1|Zamazenta-*|
|poke|p1|Sneasler, M|
|poke|p2|Great Tusk|
|poke|p2|Urshifu-*, M|
|poke|p2|Chien-Pao|
|poke|p2|Magearna|
|poke|p2|Sneasler, F|
|poke|p2|Landorus-Therian, M|
|teampreview
|
|start
|switch|p1a: Garchomp|Garchomp, M|100/100
|switch|p2a: Frostfang Barioth|Chien-Pao|100/100
|-ability|p2a: Frostfang Barioth|Sword of Ruin
|turn|1
|
|move|p2a: Frostfang Barioth|Ice Spinner|p1a: Garchomp
|-supereffective|p1a: Garchomp
|-damage|p1a: Garchomp|0 fnt
|-damage|p2a: Frostfang Barioth|88/100|[from] ability: Rough Skin|[of] p1a: Garchomp
|-damage|p2a: Frostfang Barioth|72/100|[from] item: Rocky Helmet|[of] p1a: Garchomp
|faint|p1a: Garchomp
|
|
|switch|p1a: Zamazenta|Zamazenta|100/100
|-ability|p1a: Zamazenta|Dauntless Shield|boost
|-boost|p1a: Zamazenta|def|1
|turn|2
|
|switch|p2a: Golden Girl|Sneasler, F, shiny|100/100
|move|p1a: Zamazenta|Iron Defense|p1a: Zamazenta
|-boost|p1a: Zamazenta|def|2
|-enditem|p2a: Golden Girl|Mirror Herb
|-boost|p2a: Golden Girl|def|2|[from] item: Mirror Herb
|
|turn|3
|
|move|p2a: Golden Girl|Swords Dance|p2a: Golden Girl
|-boost|p2a: Golden Girl|atk|2
|move|p1a: Zamazenta|Substitute|p1a: Zamazenta
|-start|p1a: Zamazenta|Substitute
|-damage|p1a: Zamazenta|76/100
|
|-heal|p1a: Zamazenta|82/100|[from] item: Leftovers
|turn|4
|
|move|p2a: Golden Girl|Acrobatics|p1a: Zamazenta
|-supereffective|p1a: Zamazenta
|-end|p1a: Zamazenta|Substitute
|move|p1a: Zamazenta|Body Press|p2a: Golden Girl
|-resisted|p2a: Golden Girl
|-damage|p2a: Golden Girl|59/100
|
|-heal|p1a: Zamazenta|88/100|[from] item: Leftovers
|turn|5
|
|-terastallize|p2a: Golden Girl|Flying
|-terastallize|p1a: Zamazenta|Electric
|move|p2a: Golden Girl|Acrobatics|p1a: Zamazenta
|-resisted|p1a: Zamazenta
|-damage|p1a: Zamazenta|68/100
|move|p1a: Zamazenta|Substitute|p1a: Zamazenta
|-start|p1a: Zamazenta|Substitute
|-damage|p1a: Zamazenta|44/100
|
|-heal|p1a: Zamazenta|50/100|[from] item: Leftovers
|turn|6
|
|move|p2a: Golden Girl|Close Combat|p1a: Zamazenta
|-crit|p1a: Zamazenta
|-end|p1a: Zamazenta|Substitute
|-unboost|p2a: Golden Girl|def|1
|-unboost|p2a: Golden Girl|spd|1
|move|p1a: Zamazenta|Body Press|p2a: Golden Girl
|-resisted|p2a: Golden Girl
|-damage|p2a: Golden Girl|9/100
|
|-heal|p1a: Zamazenta|56/100|[from] item: Leftovers
|turn|7
|
|move|p2a: Golden Girl|Close Combat|p1a: Zamazenta
|-damage|p1a: Zamazenta|12/100
|-unboost|p2a: Golden Girl|def|1
|-unboost|p2a: Golden Girl|spd|1
|move|p1a: Zamazenta|Body Press|p2a: Golden Girl
|-resisted|p2a: Golden Girl
|-damage|p2a: Golden Girl|0 fnt
|faint|p2a: Golden Girl
|
|-heal|p1a: Zamazenta|19/100|[from] item: Leftovers
|
|switch|p2a: Frostfang Barioth|Chien-Pao|72/100
|-ability|p2a: Frostfang Barioth|Sword of Ruin
|turn|8
|
|move|p1a: Zamazenta|Body Press|p2a: Frostfang Barioth
|-supereffective|p2a: Frostfang Barioth
|-damage|p2a: Frostfang Barioth|0 fnt
|faint|p2a: Frostfang Barioth
|
|-heal|p1a: Zamazenta|25/100|[from] item: Leftovers
|
|switch|p2a: Un-BEAR-able|Urshifu-Rapid-Strike, M|100/100
|turn|9
|
|move|p2a: Un-BEAR-able|Surging Strikes|p1a: Zamazenta
|-crit|p1a: Zamazenta
|-damage|p1a: Zamazenta|8/100
|-crit|p1a: Zamazenta
|-damage|p1a: Zamazenta|0 fnt
|faint|p1a: Zamazenta
|-hitcount|p1: Zamazenta|2
|
|
|switch|p1a: Lilligant|Lilligant-Hisui, F|100/100
|turn|10
|
|switch|p2a: OU Mascot|Landorus-Therian, M|100/100
|-ability|p2a: OU Mascot|Intimidate|boost
|-unboost|p1a: Lilligant|atk|1
|move|p1a: Lilligant|Victory Dance|p1a: Lilligant
|-boost|p1a: Lilligant|atk|1
|-boost|p1a: Lilligant|def|1
|-boost|p1a: Lilligant|spe|1
|
|turn|11
|
|move|p1a: Lilligant|Victory Dance|p1a: Lilligant
|-boost|p1a: Lilligant|atk|1
|-boost|p1a: Lilligant|def|1
|-boost|p1a: Lilligant|spe|1
|move|p2a: OU Mascot|U-turn|p1a: Lilligant
|-damage|p1a: Lilligant|83/100
|
|switch|p2a: Iron Maiden|Magearna|100/100|[from] U-turn
|
|turn|12
|
|move|p1a: Lilligant|Close Combat|p2a: Iron Maiden
|-damage|p2a: Iron Maiden|25/100
|-unboost|p1a: Lilligant|def|1
|-unboost|p1a: Lilligant|spd|1
|move|p2a: Iron Maiden|Shift Gear|p2a: Iron Maiden
|-boost|p2a: Iron Maiden|spe|2
|-boost|p2a: Iron Maiden|atk|1
|
|-heal|p2a: Iron Maiden|31/100|[from] item: Leftovers
|turn|13
|
|move|p1a: Lilligant|Close Combat|p2a: Iron Maiden|[miss]
|-miss|p1a: Lilligant|p2a: Iron Maiden
|move|p2a: Iron Maiden|Draining Kiss|p1a: Lilligant
|-supereffective|p1a: Lilligant
|-damage|p1a: Lilligant|0 fnt
|-heal|p2a: Iron Maiden|79/100|[from] drain|[of] p1a: Lilligant
|faint|p1a: Lilligant
|-ability|p2a: Iron Maiden|Soul-Heart|boost
|-boost|p2a: Iron Maiden|spa|1
|
|-heal|p2a: Iron Maiden|85/100|[from] item: Leftovers
|
|switch|p1a: Braviary|Braviary-Hisui, M|100/100
|turn|14
|
|move|p2a: Iron Maiden|Calm Mind|p2a: Iron Maiden
|-boost|p2a: Iron Maiden|spa|1
|-boost|p2a: Iron Maiden|spd|1
|move|p1a: Braviary|Agility|p1a: Braviary
|-boost|p1a: Braviary|spe|2
|
|-heal|p2a: Iron Maiden|91/100|[from] item: Leftovers
|turn|15
|
|move|p1a: Braviary|Heat Wave|p2a: Iron Maiden
|-supereffective|p2a: Iron Maiden
|-damage|p2a: Iron Maiden|36/100
|move|p2a: Iron Maiden|Shift Gear|p2a: Iron Maiden
|-boost|p2a: Iron Maiden|spe|2
|-boost|p2a: Iron Maiden|atk|1
|
|-heal|p2a: Iron Maiden|42/100|[from] item: Leftovers
|turn|16
|
|move|p2a: Iron Maiden|Draining Kiss|p1a: Braviary
|-damage|p1a: Braviary|48/100
|-heal|p2a: Iron Maiden|81/100|[from] drain|[of] p1a: Braviary
|move|p1a: Braviary|Heat Wave|p2a: Iron Maiden
|-supereffective|p2a: Iron Maiden
|-damage|p2a: Iron Maiden|29/100
|
|-heal|p2a: Iron Maiden|35/100|[from] item: Leftovers
|turn|17
|
|move|p2a: Iron Maiden|Draining Kiss|p1a: Braviary
|-damage|p1a: Braviary|0 fnt
|-heal|p2a: Iron Maiden|70/100|[from] drain|[of] p1a: Braviary
|faint|p1a: Braviary
|-ability|p2a: Iron Maiden|Soul-Heart|boost
|-boost|p2a: Iron Maiden|spa|1
|
|-heal|p2a: Iron Maiden|76/100|[from] item: Leftovers
|-message|p1 forfeited.
|
|win|p2
