|poke|p1|Dondozo, M|
|poke|p1|Skeledirge, F|
|poke|p1|Amoonguss, F|
|poke|p1|Garganacl, M|
|poke|p1|Chien-Pao|
|poke|p1|Great Tusk|
|poke|p2|Samurott-Hisui, M|
|poke|p2|Heatran, F|
|poke|p2|Landorus-Therian, M|
|poke|p2|Kingambit, F|
|poke|p2|Corviknight, F|
|poke|p2|Gholdengo|
|teampreview
|
|start
|switch|p1a: ඞ|Amoonguss, F, shiny|100/100
|switch|p2a: Samurott|Samurott-Hisui, M|100/100
|turn|1
|
|move|p2a: Samurott|Knock Off|p1a: ඞ
|-damage|p1a: ඞ|45/100
|-damage|p2a: Samurott|84/100|[from] item: Rocky Helmet|[of] p1a: ඞ
|-enditem|p1a: ඞ|Rocky Helmet|[from] move: Knock Off|[of] p2a: Samurott
|move|p1a: ඞ|Spore|p2a: Samurott
|-status|p2a: Samurott|slp|[from] move: Spore
|
|turn|2
|
|switch|p2a: Heatran|Heatran, F|100/100
|switch|p1a: Mick|Skeledirge, F, shiny|100/100
|
|turn|3
|
|move|p2a: Heatran|Stealth Rock|p1a: Mick
|-sidestart|p1: kartana genocide|move: Stealth Rock
|move|p1a: Mick|Hex|p2a: Heatran
|-damage|p2a: Heatran|82/100
|
|-heal|p2a: Heatran|88/100|[from] item: Leftovers
|turn|4
|
|switch|p1a: Salt Lord|Garganacl, M|100/100
|-damage|p1a: Salt Lord|88/100|[from] Stealth Rock
|move|p2a: Heatran|Earth Power|p1a: Salt Lord
|-supereffective|p1a: Salt Lord
|-damage|p1a: Salt Lord|44/100
|
|-heal|p2a: Heatran|94/100|[from] item: Leftovers
|-heal|p1a: Salt Lord|50/100|[from] item: Leftovers
|turn|5
|
|-terastallize|p1a: Salt Lord|Water
|move|p2a: Heatran|Flash Cannon|p1a: Salt Lord
|-resisted|p1a: Salt Lord
|-damage|p1a: Salt Lord|36/100
|move|p1a: Salt Lord|Recover|p1a: Salt Lord
|-heal|p1a: Salt Lord|86/100
|
|-heal|p2a: Heatran|99/100|[from] item: Leftovers
|-heal|p1a: Salt Lord|92/100|[from] item: Leftovers
|turn|6
|
|switch|p2a: Landorus|Landorus-Therian, M|100/100
|-ability|p2a: Landorus|Intimidate|boost
|-unboost|p1a: Salt Lord|atk|1
|move|p1a: Salt Lord|Salt Cure|p2a: Landorus
|-damage|p2a: Landorus|90/100
|-start|p2a: Landorus|Salt Cure
|
|-heal|p2a: Landorus|96/100|[from] item: Leftovers
|-heal|p1a: Salt Lord|99/100|[from] item: Leftovers
|-damage|p2a: Landorus|84/100|[from] Salt Cure
|turn|7
|
|switch|p1a: Big Horny|Great Tusk|100/100
|-damage|p1a: Big Horny|98/100|[from] Stealth Rock
|move|p2a: Landorus|U-turn|p1a: Big Horny
|-resisted|p1a: Big Horny
|-damage|p1a: Big Horny|91/100
|
|switch|p2a: Corviknight|Corviknight, F|100/100|[from] U-turn
|
|-heal|p1a: Big Horny|98/100|[from] item: Leftovers
|turn|8
|
|move|p1a: Big Horny|Rapid Spin|p2a: Corviknight
|-resisted|p2a: Corviknight
|-damage|p2a: Corviknight|96/100
|-boost|p1a: Big Horny|spe|1
|-damage|p1a: Big Horny|81/100|[from] item: Rocky Helmet|[of] p2a: Corviknight
|-sideend|p1: kartana genocide|Stealth Rock|[from] move: Rapid Spin|[of] p1a: Big Horny
|move|p2a: Corviknight|U-turn|p1a: Big Horny
|-resisted|p1a: Big Horny
|-damage|p1a: Big Horny|77/100
|
|switch|p2a: Landorus|Landorus-Therian, M|84/100|[from] U-turn
|-ability|p2a: Landorus|Intimidate|boost
|-unboost|p1a: Big Horny|atk|1
|
|-heal|p1a: Big Horny|84/100|[from] item: Leftovers
|-heal|p2a: Landorus|90/100|[from] item: Leftovers
|turn|9
|
|move|p1a: Big Horny|Bulk Up|p1a: Big Horny
|-boost|p1a: Big Horny|atk|1
|-boost|p1a: Big Horny|def|1
|move|p2a: Landorus|U-turn|p1a: Big Horny
|-resisted|p1a: Big Horny
|-damage|p1a: Big Horny|80/100
|
|switch|p2a: Corviknight|Corviknight, F|96/100|[from] U-turn
|
|-heal|p1a: Big Horny|86/100|[from] item: Leftovers
|turn|10
|
|move|p1a: Big Horny|Bulk Up|p1a: Big Horny
|-boost|p1a: Big Horny|atk|1
|-boost|p1a: Big Horny|def|1
|move|p2a: Corviknight|U-turn|p1a: Big Horny
|-resisted|p1a: Big Horny
|-damage|p1a: Big Horny|84/100
|
|switch|p2a: Landorus|Landorus-Therian, M|90/100|[from] U-turn
|-ability|p2a: Landorus|Intimidate|boost
|-unboost|p1a: Big Horny|atk|1
|
|-heal|p1a: Big Horny|90/100|[from] item: Leftovers
|-heal|p2a: Landorus|96/100|[from] item: Leftovers
|turn|11
|
|move|p1a: Big Horny|Bulk Up|p1a: Big Horny
|-boost|p1a: Big Horny|atk|1
|-boost|p1a: Big Horny|def|1
|move|p2a: Landorus|U-turn|p1a: Big Horny
|-resisted|p1a: Big Horny
|-damage|p1a: Big Horny|88/100
|
|switch|p2a: Corviknight|Corviknight, F|96/100|[from] U-turn
|
|-heal|p1a: Big Horny|94/100|[from] item: Leftovers
|turn|12
|
|move|p1a: Big Horny|Bulk Up|p1a: Big Horny
|-boost|p1a: Big Horny|atk|1
|-boost|p1a: Big Horny|def|1
|move|p2a: Corviknight|Brave Bird|p1a: Big Horny
|-supereffective|p1a: Big Horny
|-damage|p1a: Big Horny|82/100
|-damage|p2a: Corviknight|92/100|[from] Recoil
|
|-heal|p1a: Big Horny|89/100|[from] item: Leftovers
|turn|13
|
|move|p1a: Big Horny|Bulk Up|p1a: Big Horny
|-boost|p1a: Big Horny|atk|1
|-boost|p1a: Big Horny|def|1
|move|p2a: Corviknight|Brave Bird|p1a: Big Horny
|-supereffective|p1a: Big Horny
|-damage|p1a: Big Horny|78/100
|-damage|p2a: Corviknight|88/100|[from] Recoil
|
|-heal|p1a: Big Horny|85/100|[from] item: Leftovers
|turn|14
|
|move|p1a: Big Horny|Bulk Up|p1a: Big Horny
|-boost|p1a: Big Horny|atk|1
|-boost|p1a: Big Horny|def|1
|move|p2a: Corviknight|Brave Bird|p1a: Big Horny
|-supereffective|p1a: Big Horny
|-damage|p1a: Big Horny|76/100
|-damage|p2a: Corviknight|85/100|[from] Recoil
|
|-heal|p1a: Big Horny|82/100|[from] item: Leftovers
|turn|15
|
|move|p1a: Big Horny|Knock Off|p2a: Corviknight
|-damage|p2a: Corviknight|39/100
|-damage|p1a: Big Horny|65/100|[from] item: Rocky Helmet|[of] p2a: Corviknight
|-enditem|p2a: Corviknight|Rocky Helmet|[from] move: Knock Off|[of] p1a: Big Horny
|move|p2a: Corviknight|Brave Bird|p1a: Big Horny
|-supereffective|p1a: Big Horny
|-damage|p1a: Big Horny|56/100
|-damage|p2a: Corviknight|35/100|[from] Recoil
|
|-heal|p1a: Big Horny|62/100|[from] item: Leftovers
|turn|16
|
|move|p1a: Big Horny|Rapid Spin|p2a: Corviknight
|-resisted|p2a: Corviknight
|-damage|p2a: Corviknight|23/100
|-boost|p1a: Big Horny|spe|1
|move|p2a: Corviknight|Roost|p2a: Corviknight
|-heal|p2a: Corviknight|73/100
|-singleturn|p2a: Corviknight|move: Roost
|
|-heal|p1a: Big Horny|68/100|[from] item: Leftovers
|turn|17
|
|move|p1a: Big Horny|Rapid Spin|p2a: Corviknight
|-resisted|p2a: Corviknight
|-damage|p2a: Corviknight|61/100
|-boost|p1a: Big Horny|spe|1
|move|p2a: Corviknight|Brave Bird|p1a: Big Horny
|-supereffective|p1a: Big Horny
|-damage|p1a: Big Horny|58/100
|-damage|p2a: Corviknight|57/100|[from] Recoil
|
|-heal|p1a: Big Horny|64/100|[from] item: Leftovers
|turn|18
|
|move|p1a: Big Horny|Bulk Up|p1a: Big Horny
|-boost|p1a: Big Horny|atk|1
|-boost|p1a: Big Horny|def|0
|move|p2a: Corviknight|Roost|p2a: Corviknight
|-heal|p2a: Corviknight|100/100
|-singleturn|p2a: Corviknight|move: Roost
|
|-heal|p1a: Big Horny|71/100|[from] item: Leftovers
|turn|19
|
|move|p1a: Big Horny|Bulk Up|p1a: Big Horny
|-boost|p1a: Big Horny|atk|1
|-boost|p1a: Big Horny|def|0
|move|p2a: Corviknight|Brave Bird|p1a: Big Horny
|-supereffective|p1a: Big Horny
|-damage|p1a: Big Horny|61/100
|-damage|p2a: Corviknight|97/100|[from] Recoil
|
|-heal|p1a: Big Horny|67/100|[from] item: Leftovers
|turn|20
|
|move|p1a: Big Horny|Knock Off|p2a: Corviknight
|-damage|p2a: Corviknight|52/100
|move|p2a: Corviknight|Brave Bird|p1a: Big Horny
|-supereffective|p1a: Big Horny
|-damage|p1a: Big Horny|59/100
|-damage|p2a: Corviknight|49/100|[from] Recoil
|
|-heal|p1a: Big Horny|65/100|[from] item: Leftovers
|turn|21
|
|move|p1a: Big Horny|Knock Off|p2a: Corviknight
|-damage|p2a: Corviknight|1/100
|move|p2a: Corviknight|Brave Bird|p1a: Big Horny
|-supereffective|p1a: Big Horny
|-damage|p1a: Big Horny|56/100
|-damage|p2a: Corviknight|0 fnt|[from] Recoil
|faint|p2a: Corviknight
|
|-heal|p1a: Big Horny|62/100|[from] item: Leftovers
|
|switch|p2a: Landorus|Landorus-Therian, M|96/100
|-ability|p2a: Landorus|Intimidate|boost
|-unboost|p1a: Big Horny|atk|1
|turn|22
|
|move|p1a: Big Horny|Knock Off|p2a: Landorus
|-damage|p2a: Landorus|0 fnt
|-enditem|p2a: Landorus|Leftovers|[from] move: Knock Off|[of] p1a: Big Horny
|faint|p2a: Landorus
|
|-heal|p1a: Big Horny|69/100|[from] item: Leftovers
|-message|tiger33 forfeited.
|
|win|kartana genocide
|l|☆tiger33
