|poke|p1|Magearna|
|poke|p1|Dragonite, M|
|poke|p1|Hoopa-Unbound|
|poke|p1|Skeledirge, M|
|poke|p1|Zapdos|
|poke|p1|Slowking, F|
|poke|p2|Urshifu-*, M|
|poke|p2|Corviknight, M|
|poke|p2|Magearna|
|poke|p2|Great Tusk|
|poke|p2|Zapdos|
|poke|p2|Sneasler, M|
|teampreview
|
|start
|switch|p1a: Zapdos|Zapdos|100/100
|switch|p2a: Zapdos|Zapdos|100/100
|turn|1
|
|move|p1a: Zapdos|Light Screen|p1a: Zapdos
|-sidestart|p1: p1|move: Light Screen
|move|p2a: Zapdos|Volt Switch|p1a: Zapdos
|-damage|p1a: Zapdos|84/100
|
|switch|p2a: Sneasler|Sneasler, M|100/100|[from] Volt Switch
|
|turn|2
|
|move|p2a: Sneasler|Taunt|p1a: Zapdos
|-start|p1a: Zapdos|move: Taunt
|move|p1a: Zapdos|Volt Switch|p2a: Sneasler
|-crit|p2a: Sneasler
|-damage|p2a: Sneasler|26/100
|
|switch|p1a: Magearna|Magearna|100/100|[from] Volt Switch
|
|turn|3
|
|move|p2a: Sneasler|Close Combat|p1a: Magearna
|-damage|p1a: Magearna|28/100
|-unboost|p2a: Sneasler|def|1
|-unboost|p2a: Sneasler|spd|1
|-damage|p2a: Sneasler|16/100|[from] item: Life Orb
|move|p1a: Magearna|Trick Room|p1a: Magearna
|-fieldstart|move: Trick Room|[of] p1a: Magearna
|
|turn|4
|
|move|p1a: Magearna|Flash Cannon|p2a: Sneasler
|-damage|p2a: Sneasler|0 fnt
|faint|p2a: Sneasler
|-ability|p1a: Magearna|Soul-Heart|boost
|-boost|p1a: Magearna|spa|1
|
|
|switch|p2a: Urshifu|Urshifu-Rapid-Strike, M|100/100
|turn|5
|
|move|p2a: Urshifu|Aqua Jet|p1a: Magearna
|-damage|p1a: Magearna|9/100
|-enditem|p1a: Magearna|Aguav Berry|[eat]
|-heal|p1a: Magearna|43/100|[from] item: Aguav Berry
|move|p1a: Magearna|Dazzling Gleam|p2a: Urshifu
|-supereffective|p2a: Urshifu
|-damage|p2a: Urshifu|0 fnt
|faint|p2a: Urshifu
|-ability|p1a: Magearna|Soul-Heart|boost
|-boost|p1a: Magearna|spa|1
|
|-sideend|p1: p1|move: Light Screen
|
|switch|p2a: Zapdos|Zapdos|100/100
|turn|6
|
|move|p1a: Magearna|Volt Switch|p2a: Zapdos
|-damage|p2a: Zapdos|60/100
|
|switch|p1a: Hoopa|Hoopa-Unbound|100/100|[from] Volt Switch
|move|p2a: Zapdos|Heat Wave|p1a: Hoopa
|-damage|p1a: Hoopa|77/100
|
|-heal|p2a: Zapdos|66/100|[from] item: Leftovers
|turn|7
|
|move|p1a: Hoopa|Fire Punch|p2a: Zapdos
|-damage|p2a: Zapdos|17/100
|-status|p1a: Hoopa|par|[from] ability: Static|[of] p2a: Zapdos
|move|p2a: Zapdos|Roost|p2a: Zapdos
|-heal|p2a: Zapdos|68/100
|-singleturn|p2a: Zapdos|move: Roost
|
|-heal|p2a: Zapdos|74/100|[from] item: Leftovers
|-fieldend|move: Trick Room
|turn|8
|
|switch|p1a: Zapdos|Zapdos|84/100
|move|p2a: Zapdos|Volt Switch|p1a: Zapdos
|-damage|p1a: Zapdos|51/100
|
|switch|p2a: Magearna|Magearna|100/100|[from] Volt Switch
|
|turn|9
|
|move|p1a: Zapdos|Light Screen|p1a: Zapdos
|-sidestart|p1: p1|move: Light Screen
|move|p2a: Magearna|Shift Gear|p2a: Magearna
|-boost|p2a: Magearna|spe|2
|-boost|p2a: Magearna|atk|1
|
|turn|10
|
|move|p2a: Magearna|Calm Mind|p2a: Magearna
|-boost|p2a: Magearna|spa|1
|-boost|p2a: Magearna|spd|1
|move|p1a: Zapdos|Heat Wave|p2a: Magearna
|-supereffective|p2a: Magearna
|-damage|p2a: Magearna|60/100
|
|-heal|p2a: Magearna|66/100|[from] item: Leftovers
|turn|11
|
|move|p2a: Magearna|Calm Mind|p2a: Magearna
|-boost|p2a: Magearna|spa|1
|-boost|p2a: Magearna|spd|1
|move|p1a: Zapdos|Volt Switch|p2a: Magearna
|-damage|p2a: Magearna|51/100
|
|switch|p1a: Skeledirge|Skeledirge, M|100/100|[from] Volt Switch
|
|-heal|p2a: Magearna|57/100|[from] item: Leftovers
|turn|12
|
|move|p2a: Magearna|Stored Power|p1a: Skeledirge
|-damage|p1a: Skeledirge|84/100
|move|p1a: Skeledirge|Torch Song|p2a: Magearna
|-supereffective|p2a: Magearna
|-damage|p2a: Magearna|8/100
|-boost|p1a: Skeledirge|spa|1
|
|-heal|p2a: Magearna|14/100|[from] item: Leftovers
|turn|13
|
|move|p2a: Magearna|Stored Power|p1a: Skeledirge
|-damage|p1a: Skeledirge|68/100
|move|p1a: Skeledirge|Torch Song|p2a: Magearna
|-supereffective|p2a: Magearna
|-damage|p2a: Magearna|0 fnt
|-boost|p1a: Skeledirge|spa|1
|faint|p2a: Magearna
|
|-sideend|p1: p1|move: Light Screen
|
|switch|p2a: Zapdos|Zapdos|74/100
|turn|14
|
|move|p2a: Zapdos|Discharge|p1a: Skeledirge
|-crit|p1a: Skeledirge
|-damage|p1a: Skeledirge|29/100
|move|p1a: Skeledirge|Will-O-Wisp|p2a: Zapdos|[miss]
|-miss|p1a: Skeledirge|p2a: Zapdos
|
|-heal|p2a: Zapdos|80/100|[from] item: Leftovers
|turn|15
|
|move|p2a: Zapdos|Discharge|p1a: Skeledirge
|-crit|p1a: Skeledirge
|-damage|p1a: Skeledirge|0 fnt
|faint|p1a: Skeledirge
|
|-heal|p2a: Zapdos|86/100|[from] item: Leftovers
|
|switch|p1a: Zapdos|Zapdos|51/100
|turn|16
|
|move|p2a: Zapdos|Discharge|p1a: Zapdos
|-damage|p1a: Zapdos|13/100
|move|p1a: Zapdos|Roost|p1a: Zapdos
|-heal|p1a: Zapdos|63/100
|-singleturn|p1a: Zapdos|move: Roost
|
|-heal|p2a: Zapdos|92/100|[from] item: Leftovers
|turn|17
|
|move|p2a: Zapdos|Volt Switch|p1a: Zapdos
|-damage|p1a: Zapdos|32/100
|
|switch|p2a: Great Tusk|Great Tusk|100/100|[from] Volt Switch
|move|p1a: Zapdos|Light Screen|p1a: Zapdos
|-sidestart|p1: p1|move: Light Screen
|
|turn|18
|
|switch|p1a: Slowking|Slowking, F|100/100
|move|p2a: Great Tusk|Ice Spinner|p1a: Slowking
|-resisted|p1a: Slowking
|-damage|p1a: Slowking|91/100
|
|-heal|p1a: Slowking|97/100|[from] item: Leftovers
|turn|19
|
|move|p2a: Great Tusk|Headlong Rush|p1a: Slowking
|-damage|p1a: Slowking|49/100
|-unboost|p2a: Great Tusk|def|1
|-unboost|p2a: Great Tusk|spd|1
|-enditem|p2a: Great Tusk|Eject Pack
|
|-end|p2a: Great Tusk|Protosynthesis|[silent]
|switch|p2a: Zapdos|Zapdos|92/100
|move|p1a: Slowking|Surf|p2a: Zapdos
|-damage|p2a: Zapdos|66/100
|
|-heal|p2a: Zapdos|72/100|[from] item: Leftovers
|-heal|p1a: Slowking|56/100|[from] item: Leftovers
|turn|20
|
|switch|p1a: Hoopa|Hoopa-Unbound|77/100 par
|move|p2a: Zapdos|Volt Switch|p1a: Hoopa
|-damage|p1a: Hoopa|64/100 par
|
|switch|p2a: Corviknight|Corviknight, M|100/100|[from] Volt Switch
|-ability|p2a: Corviknight|Pressure
|
|turn|21
|
|switch|p1a: Zapdos|Zapdos|32/100
|move|p2a: Corviknight|U-turn|p1a: Zapdos
|-resisted|p1a: Zapdos
|-damage|p1a: Zapdos|25/100
|
|switch|p2a: Zapdos|Zapdos|72/100|[from] U-turn
|
|-heal|p2a: Zapdos|78/100|[from] item: Leftovers
|-sideend|p1: p1|move: Light Screen
|turn|22
|
|move|p1a: Zapdos|Roost|p1a: Zapdos
|-heal|p1a: Zapdos|75/100
|-singleturn|p1a: Zapdos|move: Roost
|move|p2a: Zapdos|Discharge|p1a: Zapdos
|-resisted|p1a: Zapdos
|-crit|p1a: Zapdos
|-damage|p1a: Zapdos|47/100
|
|-heal|p2a: Zapdos|84/100|[from] item: Leftovers
|turn|23
|
|move|p1a: Zapdos|Light Screen|p1a: Zapdos
|-sidestart|p1: p1|move: Light Screen
|move|p2a: Zapdos|Discharge|p1a: Zapdos
|-damage|p1a: Zapdos|28/100
|
|-heal|p2a: Zapdos|90/100|[from] item: Leftovers
|turn|24
|
|move|p2a: Zapdos|Volt Switch|p1a: Zapdos
|-damage|p1a: Zapdos|13/100
|
|switch|p2a: Great Tusk|Great Tusk|100/100|[from] Volt Switch
|move|p1a: Zapdos|Roost|p1a: Zapdos
|-heal|p1a: Zapdos|63/100
|-singleturn|p1a: Zapdos|move: Roost
|
|turn|25
|
|move|p2a: Great Tusk|Ice Spinner|p1a: Zapdos
|-supereffective|p1a: Zapdos
|-damage|p1a: Zapdos|2/100
|move|p1a: Zapdos|Roost|p1a: Zapdos
|-heal|p1a: Zapdos|52/100
|-singleturn|p1a: Zapdos|move: Roost
|
|turn|26
|
|switch|p1a: Slowking|Slowking, F|89/100
|move|p2a: Great Tusk|Ice Spinner|p1a: Slowking
|-resisted|p1a: Slowking
|-damage|p1a: Slowking|78/100
|
|-heal|p1a: Slowking|85/100|[from] item: Leftovers
|turn|27
|
|-end|p2a: Great Tusk|Protosynthesis|[silent]
|switch|p2a: Zapdos|Zapdos|90/100
|move|p1a: Slowking|Calm Mind|p1a: Slowking
|-boost|p1a: Slowking|spa|1
|-boost|p1a: Slowking|spd|1
|
|-heal|p2a: Zapdos|96/100|[from] item: Leftovers
|-heal|p1a: Slowking|91/100|[from] item: Leftovers
|-sideend|p1: p1|move: Light Screen
|turn|28
|
|move|p2a: Zapdos|Discharge|p1a: Slowking
|-supereffective|p1a: Slowking
|-crit|p1a: Slowking
|-damage|p1a: Slowking|5/100
|move|p1a: Slowking|Calm Mind|p1a: Slowking
|-boost|p1a: Slowking|spa|1
|-boost|p1a: Slowking|spd|1
|
|-heal|p2a: Zapdos|100/100|[from] item: Leftovers
|-heal|p1a: Slowking|11/100|[from] item: Leftovers
|turn|29
|
|switch|p1a: Dragonite|Dragonite, M|100/100
|move|p2a: Zapdos|Volt Switch|p1a: Dragonite
|-crit|p1a: Dragonite
|-damage|p1a: Dragonite|75/100
|
|switch|p2a: Great Tusk|Great Tusk|100/100|[from] Volt Switch
|
|turn|30
|
|switch|p1a: Zapdos|Zapdos|52/100
|move|p2a: Great Tusk|Ice Spinner|p1a: Zapdos
|-supereffective|p1a: Zapdos
|-damage|p1a: Zapdos|0 fnt
|faint|p1a: Zapdos
|
|
|switch|p1a: Slowking|Slowking, F|45/100
|turn|31
|
|-terastallize|p2a: Great Tusk|Ground
|-terastallize|p1a: Slowking|Water
|move|p2a: Great Tusk|Headlong Rush|p1a: Slowking
|-damage|p1a: Slowking|0 fnt
|-unboost|p2a: Great Tusk|def|1
|-unboost|p2a: Great Tusk|spd|1
|faint|p1a: Slowking
|
|-message|p1 forfeited.
|
|win|p2
