# advantage = p1
|poke|p1|Kleavor, M|
|poke|p1|Lilligant-Hisui, F|
|poke|p1|Magearna|
|poke|p1|Slowking, M|
|poke|p1|Great Tusk|
|poke|p1|Typhlosion-Hisui, M|
|poke|p2|Chien-Pao|
|poke|p2|Zamazenta-*|
|poke|p2|Arcanine-Hisui, M|
|poke|p2|Kleavor, M|
|poke|p2|Kingambit, F|
|poke|p2|Ursaluna, F|
|teampreview
|
|start
|switch|p1a: Kleavor|Kleavor, M|100/100
|switch|p2a: Axeusations|Kleavor, M, shiny|100/100
|turn|1
|
|move|p2a: Axeusations|Stone Axe|p1a: Kleavor
|-supereffective|p1a: Kleavor
|-enditem|p1a: Kleavor|Focus Sash
|-damage|p1a: Kleavor|1/100
|-sidestart|p1: p1|move: Stealth Rock
|move|p1a: Kleavor|Stone Axe|p2a: Axeusations
|-supereffective|p2a: Axeusations
|-enditem|p2a: Axeusations|Focus Sash
|-damage|p2a: Axeusations|1/100
|-sidestart|p2: p2|move: Stealth Rock
|
|turn|2
|
|move|p1a: Kleavor|U-turn|p2a: Axeusations
|-damage|p2a: Axeusations|0 fnt
|faint|p2a: Axeusations
|
|switch|p1a: Great Tusk|Great Tusk|100/100|[from] U-turn
|-damage|p1a: Great Tusk|98/100|[from] Stealth Rock
|
|-heal|p1a: Great Tusk|100/100|[from] item: Leftovers
|
|switch|p2a: Puss in Boots|Chien-Pao|100/100
|-damage|p2a: Puss in Boots|76/100|[from] Stealth Rock
|-ability|p2a: Puss in Boots|Sword of Ruin
|turn|3
|
|-terastallize|p1a: Great Tusk|Ghost
|move|p2a: Puss in Boots|Ice Spinner|p1a: Great Tusk
|-damage|p1a: Great Tusk|42/100
|move|p1a: Great Tusk|Rapid Spin|p2a: Puss in Boots
|-crit|p2a: Puss in Boots
|-damage|p2a: Puss in Boots|41/100
|-boost|p1a: Great Tusk|spe|1
|-sideend|p1: p1|Stealth Rock|[from] move: Rapid Spin|[of] p1a: Great Tusk
|
|-heal|p1a: Great Tusk|48/100|[from] item: Leftovers
|turn|4
|
|-end|p1a: Great Tusk|Protosynthesis|[silent]
|switch|p1a: Magearna|Magearna|100/100
|move|p2a: Puss in Boots|Ice Spinner|p1a: Magearna
|-resisted|p1a: Magearna
|-damage|p1a: Magearna|70/100
|
|-heal|p1a: Magearna|76/100|[from] item: Leftovers
|turn|5
|
|switch|p2a: Wat da dawg doin?|Zamazenta-Crowned, shiny|100/100
|-damage|p2a: Wat da dawg doin?|97/100|[from] Stealth Rock
|-ability|p2a: Wat da dawg doin?|Dauntless Shield|boost
|-boost|p2a: Wat da dawg doin?|def|1
|move|p1a: Magearna|Draining Kiss|p2a: Wat da dawg doin?
|-damage|p2a: Wat da dawg doin?|76/100
|-heal|p1a: Magearna|91/100|[from] drain|[of] p2a: Wat da dawg doin?
|
|-heal|p1a: Magearna|97/100|[from] item: Leftovers
|turn|6
|
|switch|p1a: Kleavor|Kleavor, M|1/100
|move|p2a: Wat da dawg doin?|Iron Defense|p2a: Wat da dawg doin?
|-boost|p2a: Wat da dawg doin?|def|2
|
|turn|7
|
|move|p2a: Wat da dawg doin?|Trailblaze|p1a: Kleavor
|-damage|p1a: Kleavor|0 fnt
|-boost|p2a: Wat da dawg doin?|spe|1
|faint|p1a: Kleavor
|
|
|switch|p1a: Typhlosion|Typhlosion-Hisui, M|100/100
|turn|8
|
|move|p2a: Wat da dawg doin?|Crunch|p1a: Typhlosion
|-supereffective|p1a: Typhlosion
|-damage|p1a: Typhlosion|36/100
|move|p1a: Typhlosion|Fire Blast|p2a: Wat da dawg doin?
|-supereffective|p2a: Wat da dawg doin?
|-damage|p2a: Wat da dawg doin?|0 fnt
|faint|p2a: Wat da dawg doin?
|
|
|switch|p2a: Golden Fire Lord|Arcanine-Hisui, M, shiny|100/100
|-damage|p2a: Golden Fire Lord|76/100|[from] Stealth Rock
|turn|9
|
|switch|p1a: Magearna|Magearna|97/100
|move|p2a: Golden Fire Lord|Head Smash|p1a: Magearna
|-resisted|p1a: Magearna
|-damage|p1a: Magearna|51/100
|
|-heal|p1a: Magearna|57/100|[from] item: Leftovers
|turn|10
|
|switch|p2a: Bear Necessities|Ursaluna, F, shiny|100/100
|-damage|p2a: Bear Necessities|94/100|[from] Stealth Rock
|move|p1a: Magearna|Volt Switch|p2a: Bear Necessities
|-immune|p2a: Bear Necessities
|
|-heal|p1a: Magearna|63/100|[from] item: Leftovers
|-status|p2a: Bear Necessities|brn|[from] item: Flame Orb
|turn|11
|
|move|p1a: Magearna|Ice Beam|p2a: Bear Necessities
|-supereffective|p2a: Bear Necessities
|-damage|p2a: Bear Necessities|30/100 brn
|move|p2a: Bear Necessities|Swords Dance|p2a: Bear Necessities
|-boost|p2a: Bear Necessities|atk|2
|
|-heal|p1a: Magearna|69/100|[from] item: Leftovers
|-damage|p2a: Bear Necessities|24/100 brn|[from] brn
|turn|12
|
|move|p1a: Magearna|Ice Beam|p2a: Bear Necessities
|-supereffective|p2a: Bear Necessities
|-damage|p2a: Bear Necessities|0 fnt
|faint|p2a: Bear Necessities
|-ability|p1a: Magearna|Soul-Heart|boost
|-boost|p1a: Magearna|spa|1
|
|-heal|p1a: Magearna|75/100|[from] item: Leftovers
|
|switch|p2a: Golden Fire Lord|Arcanine-Hisui, M, shiny|76/100
|-damage|p2a: Golden Fire Lord|51/100|[from] Stealth Rock
|turn|13
|
|switch|p1a: Slowking|Slowking, M|100/100
|-terastallize|p2a: Golden Fire Lord|Electric
|move|p2a: Golden Fire Lord|Wild Charge|p1a: Slowking
|-supereffective|p1a: Slowking
|-damage|p1a: Slowking|0 fnt
|faint|p1a: Slowking
|
|
|switch|p1a: Magearna|Magearna|75/100
|turn|14
|
|move|p2a: Golden Fire Lord|Wild Charge|p1a: Magearna
|-damage|p1a: Magearna|19/100
|move|p1a: Magearna|Ice Beam|p2a: Golden Fire Lord
|-damage|p2a: Golden Fire Lord|5/100
|
|-heal|p1a: Magearna|25/100|[from] item: Leftovers
|turn|15
|
|move|p2a: Golden Fire Lord|Wild Charge|p1a: Magearna
|-damage|p1a: Magearna|0 fnt
|faint|p1a: Magearna
|
|
|switch|p1a: Great Tusk|Great Tusk, tera:Ghost|48/100
|turn|16
|
|move|p2a: Golden Fire Lord|Wild Charge|p1a: Great Tusk
|-damage|p1a: Great Tusk|2/100
|move|p1a: Great Tusk|Rapid Spin|p2a: Golden Fire Lord
|-damage|p2a: Golden Fire Lord|0 fnt
|-boost|p1a: Great Tusk|spe|1
|faint|p2a: Golden Fire Lord
|
|-heal|p1a: Great Tusk|9/100|[from] item: Leftovers
|
|switch|p2a: Puss in Boots|Chien-Pao|41/100
|-damage|p2a: Puss in Boots|16/100|[from] Stealth Rock
|-ability|p2a: Puss in Boots|Sword of Ruin
|turn|17
|
|move|p2a: Puss in Boots|Ice Shard|p1a: Great Tusk
|-damage|p1a: Great Tusk|0 fnt
|faint|p1a: Great Tusk
|-end|p1a: Great Tusk|Protosynthesis|[silent]
|
|
|switch|p1a: Typhlosion|Typhlosion-Hisui, M|36/100
|turn|18
|
|move|p2a: Puss in Boots|Ice Shard|p1a: Typhlosion
|-resisted|p1a: Typhlosion
|-damage|p1a: Typhlosion|9/100
|move|p1a: Typhlosion|Fire Blast|p2a: Puss in Boots
|-supereffective|p2a: Puss in Boots
|-damage|p2a: Puss in Boots|0 fnt
|faint|p2a: Puss in Boots
|
|
|switch|p2a: Shao Khan|Kingambit, F, shiny|100/100
|-damage|p2a: Shao Khan|94/100|[from] Stealth Rock
|-activate|p2a: Shao Khan|ability: Supreme Overlord
|-start|p2a: Shao Khan|fallen5|[silent]
|turn|19
|
|move|p2a: Shao Khan|Sucker Punch|p1a: Typhlosion
|-supereffective|p1a: Typhlosion
|-damage|p1a: Typhlosion|0 fnt
|faint|p1a: Typhlosion
|-damage|p2a: Shao Khan|84/100|[from] item: Life Orb
|
|
|switch|p1a: Lilligant|Lilligant-Hisui, F|100/100
|turn|20
|
|move|p1a: Lilligant|Sleep Powder|p2a: Shao Khan|[miss]
|-miss|p1a: Lilligant|p2a: Shao Khan
|move|p2a: Shao Khan|Zen Headbutt|p1a: Lilligant
|-supereffective|p1a: Lilligant
|-damage|p1a: Lilligant|0 fnt
|faint|p1a: Lilligant
|-damage|p2a: Shao Khan|75/100|[from] item: Life Orb
|
|win|p2
