|poke|p1|Gholdengo|
|poke|p1|Ursaluna, F|
|poke|p1|Sneasler, F|
|poke|p1|Tyranitar, M|
|poke|p1|Rotom-Wash|
|poke|p1|Volcarona, F|
|poke|p2|Basculegion, M|
|poke|p2|Pelipper, F|
|poke|p2|Gholdengo|
|poke|p2|Great Tusk|
|poke|p2|Clodsire, F|
|poke|p2|Meowscarada, M|
|teampreview
|
|start
|switch|p1a: Sneasler|Sneasler, F|100/100
|switch|p2a: Dumbo|Great Tusk|100/100
|turn|1
|
|move|p1a: Sneasler|U-turn|p2a: Dumbo
|-resisted|p2a: Dumbo
|-damage|p2a: Dumbo|93/100
|
|switch|p1a: Rotom|Rotom-Wash|100/100|[from] U-turn
|move|p2a: Dumbo|Earthquake|p1a: Rotom
|-immune|p1a: Rotom|[from] ability: Levitate
|
|turn|2
|
|-end|p2a: Dumbo|Protosynthesis|[silent]
|switch|p2a: God|Clodsire, F|100/100
|move|p1a: Rotom|Will-O-Wisp|p2a: God
|-status|p2a: God|brn
|
|-damage|p2a: God|94/100 brn|[from] brn
|turn|3
|
|move|p1a: Rotom|Hex|p2a: God
|-damage|p2a: God|77/100 brn
|move|p2a: God|Stealth Rock|p1a: Rotom
|-sidestart|p1: p1|move: Stealth Rock
|
|-heal|p2a: God|83/100 brn|[from] item: Leftovers
|-damage|p2a: God|77/100 brn|[from] brn
|turn|4
|
|move|p1a: Rotom|Hex|p2a: God
|-damage|p2a: God|59/100 brn
|move|p2a: God|Yawn|p1a: Rotom
|-start|p1a: Rotom|move: Yawn|[of] p2a: God
|
|-heal|p2a: God|65/100 brn|[from] item: Leftovers
|-damage|p2a: God|59/100 brn|[from] brn
|turn|5
|
|switch|p1a: Ursaluna|Ursaluna, F|100/100
|-damage|p1a: Ursaluna|94/100|[from] Stealth Rock
|switch|p2a: Carl|Pelipper, F|100/100
|-weather|RainDance|[from] ability: Drizzle|[of] p2a: Carl
|
|-weather|RainDance|[upkeep]
|-status|p1a: Ursaluna|brn|[from] item: Flame Orb
|turn|6
|
|switch|p1a: Rotom|Rotom-Wash|100/100
|-damage|p1a: Rotom|88/100|[from] Stealth Rock
|move|p2a: Carl|U-turn|p1a: Rotom
|-crit|p1a: Rotom
|-damage|p1a: Rotom|74/100
|
|switch|p2a: I move first|Meowscarada, M|100/100|[from] U-turn
|
|-weather|RainDance|[upkeep]
|-heal|p1a: Rotom|80/100|[from] item: Leftovers
|turn|7
|
|switch|p1a: Sneasler|Sneasler, F|100/100
|-damage|p1a: Sneasler|95/100|[from] Stealth Rock
|move|p2a: I move first|Flower Trick|p1a: Sneasler
|-start|p2a: I move first|typechange|Grass|[from] ability: Protean
|-resisted|p1a: Sneasler
|-crit|p1a: Sneasler
|-damage|p1a: Sneasler|49/100
|-enditem|p1a: Sneasler|Sitrus Berry|[eat]
|-heal|p1a: Sneasler|74/100|[from] item: Sitrus Berry
|
|-weather|RainDance|[upkeep]
|turn|8
|
|switch|p2a: God|Clodsire, F|59/100 brn
|move|p1a: Sneasler|Acrobatics|p2a: God
|-damage|p2a: God|22/100 brn
|
|-weather|RainDance|[upkeep]
|-heal|p2a: God|29/100 brn|[from] item: Leftovers
|-damage|p2a: God|22/100 brn|[from] brn
|turn|9
|
|switch|p2a: Carl|Pelipper, F|100/100
|move|p1a: Sneasler|Acrobatics|p2a: Carl
|-damage|p2a: Carl|68/100
|
|-weather|RainDance|[upkeep]
|turn|10
|
|move|p1a: Sneasler|Dire Claw|p2a: Carl
|-damage|p2a: Carl|28/100
|-status|p2a: Carl|par
|move|p2a: Carl|Hurricane|p1a: Sneasler
|-supereffective|p1a: Sneasler
|-damage|p1a: Sneasler|0 fnt
|faint|p1a: Sneasler
|
|-weather|RainDance|[upkeep]
|
|switch|p1a: Tyranitar|Tyranitar, M|100/100
|-damage|p1a: Tyranitar|88/100|[from] Stealth Rock
|-weather|Sandstorm|[from] ability: Sand Stream|[of] p1a: Tyranitar
|turn|11
|
|switch|p2a: Dumbo|Great Tusk|93/100
|move|p1a: Tyranitar|Dragon Dance|p1a: Tyranitar
|-boost|p1a: Tyranitar|atk|1
|-boost|p1a: Tyranitar|spe|1
|
|-weather|Sandstorm|[upkeep]
|-heal|p1a: Tyranitar|94/100|[from] item: Leftovers
|turn|12
|
|switch|p1a: Rotom|Rotom-Wash|80/100
|-damage|p1a: Rotom|68/100|[from] Stealth Rock
|move|p2a: Dumbo|Close Combat|p1a: Rotom
|-damage|p1a: Rotom|1/100
|-unboost|p2a: Dumbo|def|1
|-unboost|p2a: Dumbo|spd|1
|
|-weather|Sandstorm|[upkeep]
|-damage|p1a: Rotom|0 fnt|[from] Sandstorm
|faint|p1a: Rotom
|
|switch|p1a: Volcarona|Volcarona, F|100/100
|turn|13
|
|-end|p2a: Dumbo|Protosynthesis|[silent]
|switch|p2a: Carl|Pelipper, F|28/100 par
|-weather|RainDance|[from] ability: Drizzle|[of] p2a: Carl
|-terastallize|p1a: Volcarona|Grass
|move|p1a: Volcarona|Quiver Dance|p1a: Volcarona
|-boost|p1a: Volcarona|spa|1
|-boost|p1a: Volcarona|spd|1
|-boost|p1a: Volcarona|spe|1
|
|-weather|RainDance|[upkeep]
|turn|14
|
|move|p1a: Volcarona|Giga Drain|p2a: Carl
|-damage|p2a: Carl|0 fnt
|faint|p2a: Carl
|
|-weather|RainDance|[upkeep]
|
|switch|p2a: I move first|Meowscarada, M|100/100
|turn|15
|
|move|p1a: Volcarona|Fiery Dance|p2a: I move first
|-supereffective|p2a: I move first
|-enditem|p2a: I move first|Focus Sash
|-damage|p2a: I move first|1/100
|move|p2a: I move first|U-turn|p1a: Volcarona
|-start|p2a: I move first|typechange|Bug|[from] ability: Protean
|-supereffective|p1a: Volcarona
|-damage|p1a: Volcarona|4/100
|
|switch|p2a: Prepare your ass|Basculegion, M|100/100|[from] U-turn
|
|-weather|RainDance|[upkeep]
|turn|16
|
|move|p2a: Prepare your ass|Wave Crash|p1a: Volcarona
|-resisted|p1a: Volcarona
|-damage|p1a: Volcarona|0 fnt
|faint|p1a: Volcarona
|-damage|p2a: Prepare your ass|99/100|[from] Recoil
|
|-weather|RainDance|[upkeep]
|
|switch|p1a: Tyranitar|Tyranitar, M|94/100
|-damage|p1a: Tyranitar|82/100|[from] Stealth Rock
|-weather|Sandstorm|[from] ability: Sand Stream|[of] p1a: Tyranitar
|turn|17
|
|move|p2a: Prepare your ass|Wave Crash|p1a: Tyranitar
|-supereffective|p1a: Tyranitar
|-damage|p1a: Tyranitar|0 fnt
|faint|p1a: Tyranitar
|-damage|p2a: Prepare your ass|75/100|[from] Recoil
|
|-weather|Sandstorm|[upkeep]
|-damage|p2a: Prepare your ass|69/100|[from] Sandstorm
|
|switch|p1a: Gholdengo|Gholdengo|100/100
|turn|18
|
|switch|p2a: God|Clodsire, F|22/100 brn
|move|p1a: Gholdengo|Shadow Ball|p2a: God
|-crit|p2a: God
|-damage|p2a: God|0 fnt
|faint|p2a: God
|
|-weather|Sandstorm|[upkeep]
|
|switch|p2a: I move first|Meowscarada, M|1/100
|turn|19
|
|move|p2a: I move first|Knock Off|p1a: Gholdengo
|-start|p2a: I move first|typechange|Dark|[from] ability: Protean
|-supereffective|p1a: Gholdengo
|-damage|p1a: Gholdengo|19/100
|-enditem|p1a: Gholdengo|Heavy-Duty Boots|[from] move: Knock Off|[of] p2a: I move first
|move|p1a: Gholdengo|Substitute|p1a: Gholdengo
|-fail|p1a: Gholdengo|move: Substitute|[weak]
|
|-weather|Sandstorm|[upkeep]
|-damage|p2a: I move first|0 fnt|[from] Sandstorm
|faint|p2a: I move first
|
|switch|p2a: Prepare your ass|Basculegion, M|69/100
|turn|20
|
|move|p1a: Gholdengo|Shadow Ball|p2a: Prepare your ass
|-supereffective|p2a: Prepare your ass
|-crit|p2a: Prepare your ass
|-damage|p2a: Prepare your ass|0 fnt
|faint|p2a: Prepare your ass
|
|-weather|Sandstorm|[upkeep]
|
|switch|p2a: Dumbo|Great Tusk|93/100
|turn|21
|
|move|p1a: Gholdengo|Shadow Ball|p2a: Dumbo
|-damage|p2a: Dumbo|70/100
|move|p2a: Dumbo|Earthquake|p1a: Gholdengo
|-supereffective|p1a: Gholdengo
|-damage|p1a: Gholdengo|0 fnt
|faint|p1a: Gholdengo
|
|-weather|none
|
|switch|p1a: Ursaluna|Ursaluna, F|94/100 brn
|-damage|p1a: Ursaluna|88/100 brn|[from] Stealth Rock
|turn|22
|
|move|p2a: Dumbo|Close Combat|p1a: Ursaluna
|-supereffective|p1a: Ursaluna
|-damage|p1a: Ursaluna|0 fnt
|-unboost|p2a: Dumbo|def|1
|-unboost|p2a: Dumbo|spd|1
|faint|p1a: Ursaluna
|
|win|p2
