|poke|p1|Garganacl, M|
|poke|p1|Slowking-Galar, F|
|poke|p1|Corviknight, F|
|poke|p1|Samurott-Hisui, F|
|poke|p1|Urshifu-*, M|
|poke|p1|Iron Valiant|
|poke|p2|Pelipper, M|
|poke|p2|Basculegion-F, F|
|poke|p2|Overqwil, F|
|poke|p2|Volcanion|
|poke|p2|Orthworm, F|
|poke|p2|Thundurus-Therian, M|
|teampreview
|
|start
|switch|p1a: Samurott|Samurott-Hisui, F|100/100
|switch|p2a: Pelipper|Pelipper, M|100/100
|-weather|RainDance|[from] ability: Drizzle|[of] p2a: Pelipper
|turn|1
|
|move|p1a: Samurott|Ceaseless Edge|p2a: Pelipper
|-damage|p2a: Pelipper|61/100
|-sidestart|p2: illuzionist bald|Spikes
|move|p2a: Pelipper|U-turn|p1a: Samurott
|-supereffective|p1a: Samurott
|-damage|p1a: Samurott|81/100
|
|switch|p2a: Basculegion|Basculegion-F, F|100/100|[from] U-turn
|-damage|p2a: Basculegion|88/100|[from] Spikes
|
|-weather|RainDance|[upkeep]
|turn|2
|
|-terastallize|p2a: Basculegion|Water
|move|p2a: Basculegion|Hydro Pump|p1a: Samurott|[miss]
|-miss|p2a: Basculegion|p1a: Samurott
|move|p1a: Samurott|Ceaseless Edge|p2a: Basculegion
|-damage|p2a: Basculegion|29/100
|-sidestart|p2: illuzionist bald|Spikes
|
|-weather|RainDance|[upkeep]
|turn|3
|
|move|p2a: Basculegion|Hydro Pump|p1a: Samurott
|-resisted|p1a: Samurott
|-damage|p1a: Samurott|22/100
|move|p1a: Samurott|Ceaseless Edge|p2a: Basculegion
|-damage|p2a: Basculegion|0 fnt
|-sidestart|p2: illuzionist bald|Spikes
|faint|p2a: Basculegion
|
|-weather|RainDance|[upkeep]
|
|switch|p2a: Thundurus|Thundurus-Therian, M|100/100
|turn|4
|
|switch|p1a: Slowking|Slowking-Galar, F|100/100
|move|p2a: Thundurus|Thunder|p1a: Slowking
|-damage|p1a: Slowking|63/100
|
|-weather|RainDance|[upkeep]
|-heal|p1a: Slowking|69/100|[from] item: Leftovers
|turn|5
|
|move|p2a: Thundurus|Nasty Plot|p2a: Thundurus
|-boost|p2a: Thundurus|spa|2
|move|p1a: Slowking|Chilly Reception|p1a: Slowking
|-weather|Snow
|
|switch|p1a: Garganacl|Garganacl, M|100/100|[from] Chilly Reception
|
|-weather|Snow|[upkeep]
|turn|6
|
|move|p2a: Thundurus|Substitute|p2a: Thundurus
|-start|p2a: Thundurus|Substitute
|-damage|p2a: Thundurus|76/100
|move|p1a: Garganacl|Salt Cure|p2a: Thundurus
|-supereffective|p2a: Thundurus
|-end|p2a: Thundurus|Substitute
|
|-weather|Snow|[upkeep]
|turn|7
|
|switch|p1a: Slowking|Slowking-Galar, F|100/100
|move|p2a: Thundurus|Thunder|p1a: Slowking|[miss]
|-miss|p2a: Thundurus|p1a: Slowking
|
|-weather|Snow|[upkeep]
|turn|8
|
|move|p2a: Thundurus|Thunder|p1a: Slowking|[miss]
|-miss|p2a: Thundurus|p1a: Slowking
|move|p1a: Slowking|Sludge Bomb|p2a: Thundurus
|-damage|p2a: Thundurus|32/100
|
|-weather|Snow|[upkeep]
|turn|9
|
|move|p2a: Thundurus|Thunder|p1a: Slowking
|-damage|p1a: Slowking|27/100
|move|p1a: Slowking|Sludge Bomb|p2a: Thundurus
|-damage|p2a: Thundurus|0 fnt
|faint|p2a: Thundurus
|
|-weather|none
|-heal|p1a: Slowking|33/100|[from] item: Leftovers
|
|switch|p2a: Volcanion|Volcanion|100/100
|turn|10
|
|switch|p1a: Corviknight|Corviknight, F|100/100
|-ability|p1a: Corviknight|Pressure
|move|p2a: Volcanion|Steam Eruption|p1a: Corviknight
|-damage|p1a: Corviknight|42/100
|
|turn|11
|
|switch|p1a: Samurott|Samurott-Hisui, F|22/100
|move|p2a: Volcanion|Steam Eruption|p1a: Samurott
|-resisted|p1a: Samurott
|-damage|p1a: Samurott|0 fnt
|faint|p1a: Samurott
|
|
|switch|p1a: Iron Valiant|Iron Valiant|100/100
|turn|12
|
|move|p1a: Iron Valiant|Thunderbolt|p2a: Volcanion
|-supereffective|p2a: Volcanion
|-damage|p2a: Volcanion|12/100
|move|p2a: Volcanion|Steam Eruption|p1a: Iron Valiant
|-damage|p1a: Iron Valiant|0 fnt
|faint|p1a: Iron Valiant
|-end|p1a: Iron Valiant|Quark Drive|[silent]
|
|
|switch|p1a: Urshifu|Urshifu-Rapid-Strike, M|100/100
|turn|13
|
|switch|p2a: Pelipper|Pelipper, M|61/100
|-weather|RainDance|[from] ability: Drizzle|[of] p2a: Pelipper
|move|p1a: Urshifu|U-turn|p2a: Pelipper
|-resisted|p2a: Pelipper
|-damage|p2a: Pelipper|49/100
|
|switch|p1a: Slowking|Slowking-Galar, F|66/100|[from] U-turn
|
|-weather|RainDance|[upkeep]
|-heal|p1a: Slowking|72/100|[from] item: Leftovers
|turn|14
|
|move|p2a: Pelipper|Knock Off|p1a: Slowking
|-supereffective|p1a: Slowking
|-damage|p1a: Slowking|47/100
|-enditem|p1a: Slowking|Leftovers|[from] move: Knock Off|[of] p2a: Pelipper
|move|p1a: Slowking|Chilly Reception|p1a: Slowking
|-weather|Snow
|
|switch|p1a: Garganacl|Garganacl, M|100/100|[from] Chilly Reception
|
|-weather|Snow|[upkeep]
|turn|15
|
|move|p2a: Pelipper|U-turn|p1a: Garganacl
|-damage|p1a: Garganacl|94/100
|
|switch|p2a: Orthworm|Orthworm, F|100/100|[from] U-turn
|-damage|p2a: Orthworm|75/100|[from] Spikes
|move|p1a: Garganacl|Salt Cure|p2a: Orthworm
|-resisted|p2a: Orthworm
|-damage|p2a: Orthworm|71/100
|-start|p2a: Orthworm|Salt Cure
|
|-weather|Snow|[upkeep]
|-heal|p1a: Garganacl|100/100|[from] item: Leftovers
|-damage|p2a: Orthworm|46/100|[from] Salt Cure
|-enditem|p2a: Orthworm|Sitrus Berry|[eat]
|-heal|p2a: Orthworm|71/100|[from] item: Sitrus Berry
|turn|16
|
|move|p1a: Garganacl|Protect|p1a: Garganacl
|-singleturn|p1a: Garganacl|Protect
|move|p2a: Orthworm|Stealth Rock|p1a: Garganacl
|-sidestart|p1: Talonshadow|move: Stealth Rock
|
|-weather|Snow|[upkeep]
|-damage|p2a: Orthworm|46/100|[from] Salt Cure
|turn|17
|
|move|p2a: Orthworm|Spikes|p1a: Garganacl
|-sidestart|p1: Talonshadow|Spikes
|move|p1a: Garganacl|Stealth Rock|p2a: Orthworm
|-sidestart|p2: illuzionist bald|move: Stealth Rock
|
|-weather|Snow|[upkeep]
|-damage|p2a: Orthworm|21/100|[from] Salt Cure
|turn|18
|
|switch|p1a: Corviknight|Corviknight, F|42/100
|-damage|p1a: Corviknight|30/100|[from] Stealth Rock
|-ability|p1a: Corviknight|Pressure
|move|p2a: Orthworm|Spikes|p1a: Corviknight
|-sidestart|p1: Talonshadow|Spikes
|
|-weather|none
|-damage|p2a: Orthworm|0 fnt|[from] Salt Cure
|faint|p2a: Orthworm
|
|switch|p2a: Volcanion|Volcanion|12/100
|turn|19
|
|move|p2a: Volcanion|Steam Eruption|p1a: Corviknight
|-damage|p1a: Corviknight|0 fnt
|faint|p1a: Corviknight
|
|
|switch|p1a: Urshifu|Urshifu-Rapid-Strike, M|100/100
|-damage|p1a: Urshifu|94/100|[from] Stealth Rock
|-damage|p1a: Urshifu|78/100|[from] Spikes
|turn|20
|
|switch|p2a: Pelipper|Pelipper, M|49/100
|-damage|p2a: Pelipper|24/100|[from] Stealth Rock
|-weather|RainDance|[from] ability: Drizzle|[of] p2a: Pelipper
|move|p1a: Urshifu|U-turn|p2a: Pelipper
|-resisted|p2a: Pelipper
|-damage|p2a: Pelipper|9/100
|
|switch|p1a: Slowking|Slowking-Galar, F|80/100|[from] U-turn
|-damage|p1a: Slowking|68/100|[from] Stealth Rock
|-damage|p1a: Slowking|52/100|[from] Spikes
|
|-weather|RainDance|[upkeep]
|turn|21
|
|move|p2a: Pelipper|Roost|p2a: Pelipper
|-heal|p2a: Pelipper|59/100
|-singleturn|p2a: Pelipper|move: Roost
|move|p1a: Slowking|Sludge Bomb|p2a: Pelipper
|-damage|p2a: Pelipper|13/100
|-status|p2a: Pelipper|psn
|
|-weather|RainDance|[upkeep]
|-damage|p2a: Pelipper|1/100 psn|[from] psn
|turn|22
|
|move|p2a: Pelipper|Hurricane|p1a: Slowking
|-crit|p1a: Slowking
|-damage|p1a: Slowking|18/100
|move|p1a: Slowking|Sludge Bomb|p2a: Pelipper
|-damage|p2a: Pelipper|0 fnt
|faint|p2a: Pelipper
|
|-weather|RainDance|[upkeep]
|
|switch|p2a: Volcanion|Volcanion|12/100
|turn|23
|
|move|p2a: Volcanion|Steam Eruption|p1a: Slowking
|-damage|p1a: Slowking|0 fnt
|faint|p1a: Slowking
|
|-weather|RainDance|[upkeep]
|
|switch|p1a: Urshifu|Urshifu-Rapid-Strike, M|78/100
|-damage|p1a: Urshifu|72/100|[from] Stealth Rock
|-damage|p1a: Urshifu|55/100|[from] Spikes
|turn|24
|
|move|p1a: Urshifu|Close Combat|p2a: Volcanion
|-damage|p2a: Volcanion|0 fnt
|-unboost|p1a: Urshifu|def|1
|-unboost|p1a: Urshifu|spd|1
|faint|p2a: Volcanion
|
|-weather|RainDance|[upkeep]
|
|switch|p2a: Overqwil|Overqwil, F|100/100
|turn|25
|
|move|p2a: Overqwil|Swords Dance|p2a: Overqwil
|-boost|p2a: Overqwil|atk|2
|move|p1a: Urshifu|Close Combat|p2a: Overqwil
|-damage|p2a: Overqwil|0 fnt
|-unboost|p1a: Urshifu|def|1
|-unboost|p1a: Urshifu|spd|1
|faint|p2a: Overqwil
|
|win|Talonshadow
