|poke|p1|Arcanine-Hisui, M|
|poke|p1|Baxcalibur, F|
|poke|p1|Clodsire, F|
|poke|p1|Electrode-Hisui|
|poke|p1|Samurott-Hisui, M|
|poke|p1|Muk-Alola, M|
|poke|p2|Lilligant-Hisui, F|
|poke|p2|Zapdos-Galar|
|poke|p2|Moltres-Galar|
|poke|p2|Articuno-Galar|
|poke|p2|Azelf|
|poke|p2|Basculegion, M|
|teampreview
|
|start
|switch|p1a: Clodsire|Clodsire, F|100/100
|switch|p2a: Azelf|Azelf, shiny|100/100
|turn|1
|
|move|p2a: Azelf|Taunt|p1a: Clodsire
|-start|p1a: Clodsire|move: Taunt
|cant|p1a: Clodsire|move: Taunt|Stealth Rock
|
|turn|2
|
|switch|p1a: Muk|Muk-Alola, M|100/100
|move|p2a: Azelf|Stealth Rock|p1a: Muk
|-sidestart|p1: Jaref6669|move: Stealth Rock
|
|turn|3
|
|move|p2a: Azelf|U-turn|p1a: Muk
|-damage|p1a: Muk|81/100
|
|switch|p2a: Zapdos|Zapdos-Galar|100/100|[from] U-turn
|move|p1a: Muk|Knock Off|p2a: Zapdos
|-resisted|p2a: Zapdos
|-damage|p2a: Zapdos|72/100
|-enditem|p2a: Zapdos|Choice Scarf|[from] move: Knock Off|[of] p1a: Muk
|
|-heal|p1a: Muk|87/100|[from] item: Black Sludge
|turn|4
|
|move|p2a: Zapdos|Thunderous Kick|p1a: Muk
|-crit|p1a: Muk
|-damage|p1a: Muk|15/100
|-unboost|p1a: Muk|def|1
|move|p1a: Muk|Poison Jab|p2a: Zapdos
|-damage|p2a: Zapdos|30/100
|-status|p2a: Zapdos|psn
|
|-heal|p1a: Muk|21/100|[from] item: Black Sludge
|-damage|p2a: Zapdos|18/100 psn|[from] psn
|turn|5
|
|move|p2a: Zapdos|Thunderous Kick|p1a: Muk
|-damage|p1a: Muk|0 fnt
|faint|p1a: Muk
|
|-damage|p2a: Zapdos|5/100 psn|[from] psn
|
|switch|p1a: Clodsire|Clodsire, F|100/100
|-damage|p1a: Clodsire|94/100|[from] Stealth Rock
|turn|6
|
|move|p2a: Zapdos|Stomping Tantrum|p1a: Clodsire
|-supereffective|p1a: Clodsire
|-damage|p1a: Clodsire|37/100
|move|p1a: Clodsire|Toxic Spikes|p2a: Zapdos
|-sidestart|p2: Tehspap|move: Toxic Spikes
|
|-heal|p1a: Clodsire|43/100|[from] item: Black Sludge
|-damage|p2a: Zapdos|0 fnt|[from] psn
|faint|p2a: Zapdos
|
|switch|p2a: Azelf|Azelf, shiny|100/100
|turn|7
|
|switch|p1a: Samurott|Samurott-Hisui, M|100/100
|-damage|p1a: Samurott|88/100|[from] Stealth Rock
|move|p2a: Azelf|Psyshock|p1a: Samurott
|-immune|p1a: Samurott
|
|turn|8
|
|move|p1a: Samurott|Ceaseless Edge|p2a: Azelf
|-supereffective|p2a: Azelf
|-enditem|p2a: Azelf|Focus Sash
|-damage|p2a: Azelf|1/100
|-sidestart|p2: Tehspap|Spikes
|move|p2a: Azelf|U-turn|p1a: Samurott
|-supereffective|p1a: Samurott
|-damage|p1a: Samurott|41/100
|
|switch|p2a: Lilligant|Lilligant-Hisui, F, shiny|100/100|[from] U-turn
|-status|p2a: Lilligant|psn
|-damage|p2a: Lilligant|88/100 psn|[from] Spikes
|
|-heal|p2a: Lilligant|94/100 psn|[from] item: Leftovers
|-damage|p2a: Lilligant|82/100 psn|[from] psn
|turn|9
|
|switch|p1a: Clodsire|Clodsire, F|43/100
|-damage|p1a: Clodsire|37/100|[from] Stealth Rock
|move|p2a: Lilligant|Victory Dance|p2a: Lilligant
|-boost|p2a: Lilligant|atk|1
|-boost|p2a: Lilligant|def|1
|-boost|p2a: Lilligant|spe|1
|
|-heal|p2a: Lilligant|88/100 psn|[from] item: Leftovers
|-heal|p1a: Clodsire|43/100|[from] item: Black Sludge
|-damage|p2a: Lilligant|75/100 psn|[from] psn
|turn|10
|
|move|p2a: Lilligant|Leaf Blade|p1a: Clodsire
|-damage|p1a: Clodsire|0 fnt
|faint|p1a: Clodsire
|
|-heal|p2a: Lilligant|81/100 psn|[from] item: Leftovers
|-damage|p2a: Lilligant|69/100 psn|[from] psn
|
|switch|p1a: Electrode|Electrode-Hisui|100/100
|-damage|p1a: Electrode|88/100|[from] Stealth Rock
|turn|11
|
|move|p2a: Lilligant|Axe Kick|p1a: Electrode
|-crit|p1a: Electrode
|-damage|p1a: Electrode|0 fnt
|-damage|p2a: Lilligant|44/100 psn|[from] ability: Aftermath|[of] p1a: Electrode
|faint|p1a: Electrode
|
|-heal|p2a: Lilligant|50/100 psn|[from] item: Leftovers
|-damage|p2a: Lilligant|38/100 psn|[from] psn
|
|switch|p1a: Samurott|Samurott-Hisui, M|41/100
|-damage|p1a: Samurott|29/100|[from] Stealth Rock
|turn|12
|
|move|p2a: Lilligant|Leaf Blade|p1a: Samurott
|-supereffective|p1a: Samurott
|-damage|p1a: Samurott|0 fnt
|faint|p1a: Samurott
|
|-heal|p2a: Lilligant|44/100 psn|[from] item: Leftovers
|-damage|p2a: Lilligant|31/100 psn|[from] psn
|
|switch|p1a: Baxcalibur|Baxcalibur, F|100/100
|turn|13
|
|move|p2a: Lilligant|Axe Kick|p1a: Baxcalibur
|-supereffective|p1a: Baxcalibur
|-damage|p1a: Baxcalibur|0 fnt
|faint|p1a: Baxcalibur
|
|-heal|p2a: Lilligant|37/100 psn|[from] item: Leftovers
|-damage|p2a: Lilligant|25/100 psn|[from] psn
|
|switch|p1a: Arcanine|Arcanine-Hisui, M|100/100
|-damage|p1a: Arcanine|76/100|[from] Stealth Rock
|turn|14
|
|move|p1a: Arcanine|Extreme Speed|p2a: Lilligant
|-damage|p2a: Lilligant|0 fnt
|faint|p2a: Lilligant
|-damage|p1a: Arcanine|66/100|[from] item: Life Orb
|
|
|switch|p2a: Azelf|Azelf, shiny|1/100
|turn|15
|
|move|p1a: Arcanine|Extreme Speed|p2a: Azelf
|-damage|p2a: Azelf|0 fnt
|faint|p2a: Azelf
|-damage|p1a: Arcanine|56/100|[from] item: Life Orb
|
|
|switch|p2a: Basculegion|Basculegion, M, shiny|100/100
|-status|p2a: Basculegion|psn
|-damage|p2a: Basculegion|88/100 psn|[from] Spikes
|turn|16
|
|move|p2a: Basculegion|Aqua Jet|p1a: Arcanine
|-supereffective|p1a: Arcanine
|-damage|p1a: Arcanine|0 fnt
|faint|p1a: Arcanine
|
|win|Tehspap
