|poke|p1|Thundurus, M|
|poke|p1|Volcanion|
|poke|p1|Landorus-Therian, M|
|poke|p1|Gholdengo|
|poke|p1|Great Tusk|
|poke|p1|Sneasler, M|
|poke|p2|Landorus-Therian, M|
|poke|p2|Magearna|
|poke|p2|Samurott-Hisui, M|
|poke|p2|Volcarona, M|
|poke|p2|Zamazenta-*|
|poke|p2|Dragapult, F|
|teampreview
|player|p1|
|player|p1|p1|maid
|
|start
|switch|p1a: SNEAS|Sneasler, M, shiny|100/100
|switch|p2a: Landorus|Landorus-Therian, M|100/100
|-ability|p2a: Landorus|Intimidate|boost
|-unboost|p1a: SNEAS|atk|1
|turn|1
|
|move|p2a: Landorus|U-turn|p1a: SNEAS
|-resisted|p1a: SNEAS
|-damage|p1a: SNEAS|89/100
|
|switch|p2a: Zamazenta|Zamazenta|100/100|[from] U-turn
|-ability|p2a: Zamazenta|Dauntless Shield|boost
|-boost|p2a: Zamazenta|def|1
|move|p1a: SNEAS|U-turn|p2a: Zamazenta
|-resisted|p2a: Zamazenta
|-damage|p2a: Zamazenta|96/100
|
|switch|p1a: VOLC|Volcanion|100/100|[from] U-turn
|
|turn|2
|
|move|p2a: Zamazenta|Substitute|p2a: Zamazenta
|-start|p2a: Zamazenta|Substitute
|-damage|p2a: Zamazenta|71/100
|move|p1a: VOLC|Steam Eruption|p2a: Zamazenta
|-end|p2a: Zamazenta|Substitute
|
|turn|3
|
|move|p2a: Zamazenta|Body Press|p1a: VOLC
|-damage|p1a: VOLC|53/100
|move|p1a: VOLC|Steam Eruption|p2a: Zamazenta
|-damage|p2a: Zamazenta|13/100
|-status|p2a: Zamazenta|brn
|-enditem|p2a: Zamazenta|Lum Berry|[eat]
|-curestatus|p2a: Zamazenta|brn|[msg]
|
|turn|4
|
|switch|p1a: DENGO|Gholdengo|100/100
|move|p2a: Zamazenta|Body Press|p1a: DENGO
|-immune|p1a: DENGO
|
|turn|5
|
|move|p2a: Zamazenta|Crunch|p1a: DENGO
|-supereffective|p1a: DENGO
|-damage|p1a: DENGO|62/100
|move|p1a: DENGO|Hex|p2a: Zamazenta
|-damage|p2a: Zamazenta|0 fnt
|faint|p2a: Zamazenta
|
|-heal|p1a: DENGO|68/100|[from] item: Leftovers
|
|switch|p2a: Volcarona|Volcarona, M|100/100
|turn|6
|
|move|p2a: Volcarona|Quiver Dance|p2a: Volcarona
|-boost|p2a: Volcarona|spa|1
|-boost|p2a: Volcarona|spd|1
|-boost|p2a: Volcarona|spe|1
|move|p1a: DENGO|Thunder Wave|p2a: Volcarona
|-status|p2a: Volcarona|par
|
|-heal|p1a: DENGO|74/100|[from] item: Leftovers
|turn|7
|
|switch|p1a: VOLC|Volcanion|53/100
|move|p2a: Volcarona|Quiver Dance|p2a: Volcarona
|-boost|p2a: Volcarona|spa|1
|-boost|p2a: Volcarona|spd|1
|-boost|p2a: Volcarona|spe|1
|
|turn|8
|
|move|p2a: Volcarona|Giga Drain|p1a: VOLC
|-damage|p1a: VOLC|0 fnt
|faint|p1a: VOLC
|
|
|switch|p1a: LANDO|Landorus-Therian, M|100/100
|-ability|p1a: LANDO|Intimidate|boost
|-unboost|p2a: Volcarona|atk|1
|turn|9
|
|move|p2a: Volcarona|Psychic|p1a: LANDO
|-damage|p1a: LANDO|56/100
|move|p1a: LANDO|Stone Edge|p2a: Volcarona
|-supereffective|p2a: Volcarona
|-damage|p2a: Volcarona|0 fnt
|faint|p2a: Volcarona
|
|
|switch|p2a: Samurott|Samurott-Hisui, M|100/100
|turn|10
|
|move|p2a: Samurott|Ceaseless Edge|p1a: LANDO
|-damage|p1a: LANDO|15/100
|-sidestart|p1: p1|Spikes
|move|p1a: LANDO|U-turn|p2a: Samurott
|-supereffective|p2a: Samurott
|-damage|p2a: Samurott|35/100
|
|switch|p1a: TUSK|Great Tusk|100/100|[from] U-turn
|
|turn|11
|
|move|p2a: Samurott|Razor Shell|p1a: TUSK
|-supereffective|p1a: TUSK
|-damage|p1a: TUSK|43/100
|-unboost|p1a: TUSK|def|1
|move|p1a: TUSK|Rapid Spin|p2a: Samurott
|-damage|p2a: Samurott|15/100
|-boost|p1a: TUSK|spe|1
|-sideend|p1: p1|Spikes|[from] move: Rapid Spin|[of] p1a: TUSK
|
|turn|12
|
|move|p1a: TUSK|Rapid Spin|p2a: Samurott
|-damage|p2a: Samurott|0 fnt
|-boost|p1a: TUSK|spe|1
|faint|p2a: Samurott
|
|
|switch|p2a: Landorus|Landorus-Therian, M|100/100
|-ability|p2a: Landorus|Intimidate|boost
|-unboost|p1a: TUSK|atk|1
|turn|13
|
|move|p1a: TUSK|Stealth Rock|p2a: Landorus
|-sidestart|p2: p2|move: Stealth Rock
|move|p2a: Landorus|Earthquake|p1a: TUSK
|-damage|p1a: TUSK|0 fnt
|faint|p1a: TUSK
|-end|p1a: TUSK|Protosynthesis|[silent]
|
|
|switch|p1a: THUND|Thundurus, M, shiny|100/100
|turn|14
|
|switch|p2a: Dragapult|Dragapult, F|100/100
|-damage|p2a: Dragapult|88/100|[from] Stealth Rock
|move|p1a: THUND|Nasty Plot|p1a: THUND
|-boost|p1a: THUND|spa|2
|
|turn|15
|
|-terastallize|p1a: THUND|Ice
|move|p2a: Dragapult|Light Screen|p2a: Dragapult
|-sidestart|p2: p2|move: Light Screen
|move|p1a: THUND|Tera Blast|p2a: Dragapult
|-supereffective|p2a: Dragapult
|-damage|p2a: Dragapult|3/100
|
|turn|16
|
|move|p2a: Dragapult|Curse|p1a: THUND
|-start|p1a: THUND|Curse|[of] p2a: Dragapult
|-damage|p2a: Dragapult|0 fnt
|faint|p2a: Dragapult
|move|p1a: THUND|Tera Blast|p2: Dragapult|[notarget]
|-fail|p1a: THUND
|
|-damage|p1a: THUND|76/100|[from] Curse
|
|switch|p2a: Landorus|Landorus-Therian, M|100/100
|-damage|p2a: Landorus|88/100|[from] Stealth Rock
|-ability|p2a: Landorus|Intimidate|boost
|-unboost|p1a: THUND|atk|1
|turn|17
|
|move|p2a: Landorus|Rock Tomb|p1a: THUND
|-supereffective|p1a: THUND
|-damage|p1a: THUND|4/100
|-unboost|p1a: THUND|spe|1
|move|p1a: THUND|Tera Blast|p2a: Landorus
|-supereffective|p2a: Landorus
|-damage|p2a: Landorus|0 fnt
|faint|p2a: Landorus
|
|-damage|p1a: THUND|0 fnt|[from] Curse
|faint|p1a: THUND
|
|switch|p1a: LANDO|Landorus-Therian, M|15/100
|switch|p2a: Magearna|Magearna|100/100
|-damage|p2a: Magearna|95/100|[from] Stealth Rock
|-ability|p1a: LANDO|Intimidate|boost
|-unboost|p2a: Magearna|atk|1
|turn|18
|
|-terastallize|p2a: Magearna|Flying
|move|p2a: Magearna|Shift Gear|p2a: Magearna
|-boost|p2a: Magearna|spe|2
|-boost|p2a: Magearna|atk|1
|move|p1a: LANDO|Earthquake|p2a: Magearna
|-immune|p2a: Magearna
|
|-heal|p2a: Magearna|100/100|[from] item: Leftovers
|turn|19
|
|move|p2a: Magearna|Calm Mind|p2a: Magearna
|-boost|p2a: Magearna|spa|1
|-boost|p2a: Magearna|spd|1
|move|p1a: LANDO|Stone Edge|p2a: Magearna|[miss]
|-miss|p1a: LANDO|p2a: Magearna
|
|turn|20
|
|move|p2a: Magearna|Calm Mind|p2a: Magearna
|-boost|p2a: Magearna|spa|1
|-boost|p2a: Magearna|spd|1
|move|p1a: LANDO|Stone Edge|p2a: Magearna
|-supereffective|p2a: Magearna
|-damage|p2a: Magearna|32/100
|
|-heal|p2a: Magearna|38/100|[from] item: Leftovers
|turn|21
|
|move|p2a: Magearna|Draining Kiss|p1a: LANDO
|-damage|p1a: LANDO|0 fnt
|-heal|p2a: Magearna|49/100|[from] drain|[of] p1a: LANDO
|faint|p1a: LANDO
|-ability|p2a: Magearna|Soul-Heart|boost
|-boost|p2a: Magearna|spa|1
|
|-heal|p2a: Magearna|55/100|[from] item: Leftovers
|
|switch|p1a: SNEAS|Sneasler, M, shiny|89/100
|turn|22
|
|move|p2a: Magearna|Draining Kiss|p1a: SNEAS
|-damage|p1a: SNEAS|4/100
|-heal|p2a: Magearna|100/100|[from] drain|[of] p1a: SNEAS
|move|p1a: SNEAS|Dire Claw|p2a: Magearna
|-damage|p2a: Magearna|63/100
|
|-heal|p2a: Magearna|69/100|[from] item: Leftovers
|-sideend|p2: p2|move: Light Screen
|turn|23
|
|move|p2a: Magearna|Draining Kiss|p1a: SNEAS
|-damage|p1a: SNEAS|0 fnt
|-heal|p2a: Magearna|71/100|[from] drain|[of] p1a: SNEAS
|faint|p1a: SNEAS
|-ability|p2a: Magearna|Soul-Heart|boost
|-boost|p2a: Magearna|spa|1
|
|-heal|p2a: Magearna|77/100|[from] item: Leftovers
|
|switch|p1a: DENGO|Gholdengo|74/100
|turn|24
|
|move|p2a: Magearna|Stored Power|p1a: DENGO
|-resisted|p1a: DENGO
|-damage|p1a: DENGO|0 fnt
|faint|p1a: DENGO
|
|win|p2
