|poke|p1|Pincurchin, M|
|poke|p1|Raichu-Alola, M|
|poke|p1|Iron Leaves|
|poke|p1|Iron Valiant|
|poke|p1|Corviknight, M|
|poke|p1|Basculegion, M|
|poke|p2|Enamorus, F|
|poke|p2|Zamazenta-*|
|poke|p2|Great Tusk|
|poke|p2|Kleavor, F|
|poke|p2|Hoopa-Unbound|
|poke|p2|Dragapult, M|
|teampreview
|
|start
|switch|p1a: Pincurchin|Pincurchin, M|100/100
|switch|p2a: Kleavor|Kleavor, F|100/100
|-fieldstart|move: Electric Terrain|[from] ability: Electric Surge|[of] p1a: Pincurchin
|turn|1
|
|switch|p1a: Corviknight|Corviknight, M|100/100
|-ability|p1a: Corviknight|Pressure
|move|p2a: Kleavor|Stone Axe|p1a: Corviknight
|-damage|p1a: Corviknight|70/100
|-sidestart|p1: p1|move: Stealth Rock
|
|-heal|p1a: Corviknight|76/100|[from] item: Leftovers
|turn|2
|
|move|p2a: Kleavor|U-turn|p1a: Corviknight
|-resisted|p1a: Corviknight
|-crit|p1a: Corviknight
|-damage|p1a: Corviknight|67/100
|
|switch|p2a: Enamorus|Enamorus, F|100/100|[from] U-turn
|move|p1a: Corviknight|Defog|p2a: Enamorus
|-boost|p2a: Enamorus|evasion|1
|-sideend|p1: p1|Stealth Rock|[from] move: Defog|[of] p1a: Corviknight
|-fieldend|move: Electric Terrain
|
|-heal|p1a: Corviknight|73/100|[from] item: Leftovers
|turn|3
|
|move|p2a: Enamorus|Mystical Fire|p1a: Corviknight
|-supereffective|p1a: Corviknight
|-damage|p1a: Corviknight|24/100
|-unboost|p1a: Corviknight|spa|1
|move|p1a: Corviknight|U-turn|p2a: Enamorus
|-resisted|p2a: Enamorus
|-damage|p2a: Enamorus|94/100
|
|switch|p1a: Raichu|Raichu-Alola, M|100/100|[from] U-turn
|
|turn|4
|
|switch|p2a: Dragapult|Dragapult, M|100/100
|-terastallize|p1a: Raichu|Electric
|move|p1a: Raichu|Thunderbolt|p2a: Dragapult
|-resisted|p2a: Dragapult
|-damage|p2a: Dragapult|58/100
|-damage|p1a: Raichu|91/100|[from] item: Life Orb
|
|turn|5
|
|switch|p1a: Pincurchin|Pincurchin, M|100/100
|-fieldstart|move: Electric Terrain|[from] ability: Electric Surge|[of] p1a: Pincurchin
|move|p2a: Dragapult|Draco Meteor|p1a: Pincurchin
|-crit|p1a: Pincurchin
|-damage|p1a: Pincurchin|0 fnt
|-unboost|p2a: Dragapult|spa|2
|faint|p1a: Pincurchin
|
|
|switch|p1a: Iron Valiant|Iron Valiant|100/100
|-activate|p1a: Iron Valiant|ability: Quark Drive
|-start|p1a: Iron Valiant|quarkdrivespe
|turn|6
|
|switch|p2a: Kleavor|Kleavor, F|100/100
|move|p1a: Iron Valiant|Moonblast|p2a: Kleavor
|-enditem|p2a: Kleavor|Focus Sash
|-damage|p2a: Kleavor|1/100
|
|turn|7
|
|move|p1a: Iron Valiant|Moonblast|p2a: Kleavor
|-damage|p2a: Kleavor|0 fnt
|faint|p2a: Kleavor
|
|
|switch|p2a: Enamorus|Enamorus, F|94/100
|turn|8
|
|-end|p1a: Iron Valiant|Quark Drive|[silent]
|switch|p1a: Raichu|Raichu-Alola, M, tera:Electric|91/100
|move|p2a: Enamorus|Moonblast|p1a: Raichu
|-damage|p1a: Raichu|19/100
|
|turn|9
|
|switch|p2a: Great Tusk|Great Tusk|100/100
|move|p1a: Raichu|Thunderbolt|p2a: Great Tusk
|-immune|p2a: Great Tusk
|
|turn|10
|
|move|p1a: Raichu|Psychic|p2a: Great Tusk
|-supereffective|p2a: Great Tusk
|-damage|p2a: Great Tusk|0 fnt
|faint|p2a: Great Tusk
|-end|p2a: Great Tusk|Protosynthesis|[silent]
|-damage|p1a: Raichu|9/100|[from] item: Life Orb
|
|
|switch|p2a: Dragapult|Dragapult, M|58/100
|turn|11
|
|move|p1a: Raichu|Psychic|p2a: Dragapult
|-damage|p2a: Dragapult|0 fnt
|faint|p2a: Dragapult
|-damage|p1a: Raichu|0 fnt|[from] item: Life Orb
|faint|p1a: Raichu
|
|
|switch|p2a: Enamorus|Enamorus, F|94/100
|switch|p1a: Iron Valiant|Iron Valiant|100/100
|-activate|p1a: Iron Valiant|ability: Quark Drive
|-start|p1a: Iron Valiant|quarkdrivespe
|turn|12
|
|move|p1a: Iron Valiant|Thunderbolt|p2a: Enamorus
|-supereffective|p2a: Enamorus
|-damage|p2a: Enamorus|0 fnt
|faint|p2a: Enamorus
|
|-fieldend|move: Electric Terrain
|-end|p1a: Iron Valiant|Quark Drive
|
|switch|p2a: Hoopa|Hoopa-Unbound|100/100
|turn|13
|
|-end|p1a: Iron Valiant|Quark Drive|[silent]
|switch|p1a: Corviknight|Corviknight, M|24/100
|-ability|p1a: Corviknight|Pressure
|move|p2a: Hoopa|Psyshock|p1a: Corviknight
|-resisted|p1a: Corviknight
|-crit|p1a: Corviknight
|-damage|p1a: Corviknight|1/100
|
|-heal|p1a: Corviknight|7/100|[from] item: Leftovers
|turn|14
|
|move|p2a: Hoopa|Psyshock|p1a: Corviknight
|-resisted|p1a: Corviknight
|-damage|p1a: Corviknight|0 fnt
|faint|p1a: Corviknight
|
|
|switch|p1a: Basculegion|Basculegion, M|100/100
|turn|15
|
|switch|p2a: Zamazenta|Zamazenta|100/100
|-ability|p2a: Zamazenta|Dauntless Shield|boost
|-boost|p2a: Zamazenta|def|1
|move|p1a: Basculegion|Wave Crash|p2a: Zamazenta
|-damage|p2a: Zamazenta|18/100
|-damage|p1a: Basculegion|77/100|[from] Recoil
|
|turn|16
|
|switch|p1a: Iron Leaves|Iron Leaves|100/100
|move|p2a: Zamazenta|Crunch|p1a: Iron Leaves
|-supereffective|p1a: Iron Leaves
|-damage|p1a: Iron Leaves|6/100
|
|-heal|p1a: Iron Leaves|13/100|[from] item: Leftovers
|turn|17
|
|move|p2a: Zamazenta|Crunch|p1a: Iron Leaves
|-supereffective|p1a: Iron Leaves
|-damage|p1a: Iron Leaves|0 fnt
|faint|p1a: Iron Leaves
|-end|p1a: Iron Leaves|Quark Drive|[silent]
|
|
|switch|p1a: Basculegion|Basculegion, M|77/100
|turn|18
|
|move|p1a: Basculegion|Aqua Jet|p2a: Zamazenta
|-crit|p2a: Zamazenta
|-damage|p2a: Zamazenta|0 fnt
|faint|p2a: Zamazenta
|
|
|switch|p2a: Hoopa|Hoopa-Unbound|100/100
|turn|19
|
|move|p1a: Basculegion|Aqua Jet|p2a: Hoopa
|-damage|p2a: Hoopa|27/100
|move|p2a: Hoopa|Psyshock|p1a: Basculegion
|-damage|p1a: Basculegion|14/100
|
|turn|20
|-message|p2 forfeited.
|
|win|p1
