|poke|p1|Decidueye-Hisui, F|
|poke|p1|Gholdengo|
|poke|p1|Heatran, F|
|poke|p1|Urshifu-*, M|
|poke|p1|Ursaluna, M|
|poke|p1|Inteleon, F|
|poke|p2|Hoopa-Unbound|
|poke|p2|Avalugg-Hisui, F|
|poke|p2|Meloetta|
|poke|p2|Regidrago|
|poke|p2|Zamazenta-*|
|poke|p2|Overqwil, M|
|teampreview
|
|start
|switch|p1a: Inteleon|Inteleon, F|100/100
|switch|p2a: Meloetta|Meloetta|100/100
|turn|1
|
|move|p1a: Inteleon|Snipe Shot|p2a: Meloetta
|-damage|p2a: Meloetta|68/100
|move|p2a: Meloetta|Relic Song|p1a: Inteleon
|-damage|p1a: Inteleon|26/100
|-formechange|p2a: Meloetta|Meloetta-Pirouette|[msg]
|-damage|p2a: Meloetta|58/100|[from] item: Life Orb
|
|turn|2
|
|move|p1a: Inteleon|Snipe Shot|p2a: Meloetta
|-damage|p2a: Meloetta|9/100
|move|p2a: Meloetta|Thunder Punch|p1a: Inteleon
|-supereffective|p1a: Inteleon
|-damage|p1a: Inteleon|0 fnt
|faint|p1a: Inteleon
|-damage|p2a: Meloetta|0 fnt|[from] item: Life Orb
|faint|p2a: Meloetta
|
|
|switch|p1a: Ursaluna|Ursaluna, M|100/100
|switch|p2a: Overqwil|Overqwil, M|100/100
|turn|3
|
|move|p2a: Overqwil|Liquidation|p1a: Ursaluna
|-supereffective|p1a: Ursaluna
|-damage|p1a: Ursaluna|35/100
|move|p1a: Ursaluna|Headlong Rush|p2a: Overqwil
|-supereffective|p2a: Overqwil
|-damage|p2a: Overqwil|0 fnt
|-unboost|p1a: Ursaluna|def|1
|-unboost|p1a: Ursaluna|spd|1
|-status|p1a: Ursaluna|psn|[from] ability: Poison Point|[of] p2a: Overqwil
|faint|p2a: Overqwil
|
|-heal|p1a: Ursaluna|41/100 psn|[from] item: Leftovers
|-damage|p1a: Ursaluna|29/100 psn|[from] psn
|
|switch|p2a: Zamazenta|Zamazenta|100/100
|-ability|p2a: Zamazenta|Dauntless Shield|boost
|-boost|p2a: Zamazenta|def|1
|turn|4
|
|move|p2a: Zamazenta|Iron Head|p1a: Ursaluna
|-crit|p1a: Ursaluna
|-damage|p1a: Ursaluna|0 fnt
|faint|p1a: Ursaluna
|
|
|switch|p1a: Gholdengo|Gholdengo|100/100
|turn|5
|
|switch|p2a: Hoopa|Hoopa-Unbound|100/100
|move|p1a: Gholdengo|Psychic|p2a: Hoopa
|-immune|p2a: Hoopa
|
|turn|6
|
|switch|p1a: Heatran|Heatran, F|100/100
|move|p2a: Hoopa|Knock Off|p1a: Heatran
|-damage|p1a: Heatran|50/100
|-enditem|p1a: Heatran|Leftovers|[from] move: Knock Off|[of] p2a: Hoopa
|-damage|p2a: Hoopa|91/100|[from] item: Life Orb
|
|turn|7
|
|move|p2a: Hoopa|Dark Pulse|p1a: Heatran
|-damage|p1a: Heatran|0 fnt
|faint|p1a: Heatran
|-damage|p2a: Hoopa|81/100|[from] item: Life Orb
|
|
|switch|p1a: Gholdengo|Gholdengo|100/100
|turn|8
|
|move|p1a: Gholdengo|Make It Rain|p2a: Hoopa
|-damage|p2a: Hoopa|20/100
|-unboost|p1a: Gholdengo|spa|1
|move|p2a: Hoopa|Dark Pulse|p1a: Gholdengo
|-supereffective|p1a: Gholdengo
|-damage|p1a: Gholdengo|0 fnt
|faint|p1a: Gholdengo
|-damage|p2a: Hoopa|10/100|[from] item: Life Orb
|
|
|switch|p1a: Urshifu|Urshifu-Rapid-Strike, M|100/100
|turn|9
|
|move|p1a: Urshifu|Surging Strikes|p2a: Hoopa
|-crit|p2a: Hoopa
|-damage|p2a: Hoopa|0 fnt
|faint|p2a: Hoopa
|-hitcount|p2: Hoopa|1
|
|
|switch|p2a: Zamazenta|Zamazenta|100/100
|turn|10
|
|move|p2a: Zamazenta|Play Rough|p1a: Urshifu|[miss]
|-miss|p2a: Zamazenta|p1a: Urshifu
|move|p1a: Urshifu|Surging Strikes|p2a: Zamazenta
|-crit|p2a: Zamazenta
|-damage|p2a: Zamazenta|80/100
|-crit|p2a: Zamazenta
|-damage|p2a: Zamazenta|61/100
|-crit|p2a: Zamazenta
|-damage|p2a: Zamazenta|41/100
|-hitcount|p2a: Zamazenta|3
|
|turn|11
|
|move|p2a: Zamazenta|Play Rough|p1a: Urshifu
|-supereffective|p1a: Urshifu
|-damage|p1a: Urshifu|21/100
|move|p1a: Urshifu|Surging Strikes|p2a: Zamazenta
|-crit|p2a: Zamazenta
|-damage|p2a: Zamazenta|21/100
|-crit|p2a: Zamazenta
|-damage|p2a: Zamazenta|1/100
|-crit|p2a: Zamazenta
|-damage|p2a: Zamazenta|0 fnt
|faint|p2a: Zamazenta
|-hitcount|p2: Zamazenta|3
|
|
|switch|p2a: Avalugg|Avalugg-Hisui, F|100/100
|turn|12
|
|-terastallize|p2a: Avalugg|Ice
|move|p1a: Urshifu|Drain Punch|p2a: Avalugg
|-supereffective|p2a: Avalugg
|-damage|p2a: Avalugg|59/100
|-heal|p1a: Urshifu|41/100|[from] drain|[of] p2a: Avalugg
|move|p2a: Avalugg|Ice Fang|p1a: Urshifu
|-resisted|p1a: Urshifu
|-damage|p1a: Urshifu|8/100
|
|turn|13
|
|move|p1a: Urshifu|Drain Punch|p2a: Avalugg
|-supereffective|p2a: Avalugg
|-damage|p2a: Avalugg|15/100
|-heal|p1a: Urshifu|30/100|[from] drain|[of] p2a: Avalugg
|move|p2a: Avalugg|Body Press|p1a: Urshifu
|-damage|p1a: Urshifu|0 fnt
|faint|p1a: Urshifu
|
|
|switch|p1a: Decidueye|Decidueye-Hisui, F|100/100
|turn|14
|
|move|p1a: Decidueye|Triple Arrows|p2a: Avalugg
|-supereffective|p2a: Avalugg
|-damage|p2a: Avalugg|0 fnt
|faint|p2a: Avalugg
|
|
|switch|p2a: Regidrago|Regidrago|100/100
|turn|15
|
|move|p2a: Regidrago|Dragon Energy|p1a: Decidueye
|-damage|p1a: Decidueye|14/100
|move|p1a: Decidueye|Triple Arrows|p2a: Regidrago
|-damage|p2a: Regidrago|49/100
|
|turn|16
|
|move|p2a: Regidrago|Dragon Energy|p1a: Decidueye
|-crit|p1a: Decidueye
|-damage|p1a: Decidueye|0 fnt
|faint|p1a: Decidueye
|
|win|gluesniff
