|poke|p1|Kleavor, M|
|poke|p1|Pelipper, M|
|poke|p1|Basculegion-F, F|
|poke|p1|Great Tusk|
|poke|p1|Rillaboom, F|
|poke|p1|Sneasler, F|
|poke|p2|Goodra-Hisui, M|
|poke|p2|Landorus-Therian, M|
|poke|p2|Arcanine-Hisui, M|
|poke|p2|Dragapult, F|
|poke|p2|Magearna|
|poke|p2|Ursaluna, M|
|teampreview
|
|start
|switch|p1a: No-hated Lando|Great Tusk|100/100
|switch|p2a: Goodra|Goodra-Hisui, M|100/100
|turn|1
|
|-terastallize|p2a: Goodra|Water
|move|p1a: No-hated Lando|Earthquake|p2a: Goodra
|-damage|p2a: Goodra|43/100
|move|p2a: Goodra|Surf|p1a: No-hated Lando
|-supereffective|p1a: No-hated Lando
|-damage|p1a: No-hated Lando|16/100
|
|-heal|p2a: Goodra|49/100|[from] item: Leftovers
|turn|2
|
|switch|p2a: Landorus|Landorus-Therian, M|100/100
|-ability|p2a: Landorus|Intimidate|boost
|-unboost|p1a: No-hated Lando|atk|1
|move|p1a: No-hated Lando|Close Combat|p2a: Landorus
|-resisted|p2a: Landorus
|-damage|p2a: Landorus|74/100
|-unboost|p1a: No-hated Lando|def|1
|-unboost|p1a: No-hated Lando|spd|1
|
|-heal|p2a: Landorus|80/100|[from] item: Leftovers
|turn|3
|
|-end|p1a: No-hated Lando|Protosynthesis|[silent]
|switch|p1a: Grassy Gliden't|Rillaboom, F|100/100
|-fieldstart|move: Grassy Terrain|[from] ability: Grassy Surge|[of] p1a: Grassy Gliden't
|move|p2a: Landorus|Swords Dance|p2a: Landorus
|-boost|p2a: Landorus|atk|2
|
|-heal|p2a: Landorus|86/100|[from] item: Leftovers
|turn|4
|
|move|p2a: Landorus|Stealth Rock|p1a: Grassy Gliden't
|-sidestart|p1: adpg.alt|move: Stealth Rock
|move|p1a: Grassy Gliden't|Wood Hammer|p2a: Landorus
|-damage|p2a: Landorus|0 fnt
|faint|p2a: Landorus
|-damage|p1a: Grassy Gliden't|74/100|[from] Recoil
|
|-heal|p1a: Grassy Gliden't|80/100|[from] Grassy Terrain
|
|switch|p2a: Goodra|Goodra-Hisui, M, tera:Water|49/100
|turn|5
|
|switch|p1a: Tata|Kleavor, M|100/100
|-damage|p1a: Tata|76/100|[from] Stealth Rock
|move|p2a: Goodra|Thunderbolt|p1a: Tata
|-damage|p1a: Tata|26/100
|-status|p1a: Tata|par
|
|-heal|p2a: Goodra|55/100|[from] Grassy Terrain
|-heal|p2a: Goodra|61/100|[from] item: Leftovers
|-heal|p1a: Tata|33/100 par|[from] Grassy Terrain
|turn|6
|
|move|p2a: Goodra|Surf|p1a: Tata
|-supereffective|p1a: Tata
|-damage|p1a: Tata|0 fnt
|faint|p1a: Tata
|
|-heal|p2a: Goodra|67/100|[from] Grassy Terrain
|-heal|p2a: Goodra|73/100|[from] item: Leftovers
|
|switch|p1a: No-hated Lando|Great Tusk|16/100
|-damage|p1a: No-hated Lando|13/100|[from] Stealth Rock
|turn|7
|
|switch|p2a: Ursaluna|Ursaluna, M|100/100
|move|p1a: No-hated Lando|Rapid Spin|p2a: Ursaluna
|-damage|p2a: Ursaluna|87/100
|-boost|p1a: No-hated Lando|spe|1
|-sideend|p1: adpg.alt|Stealth Rock|[from] move: Rapid Spin|[of] p1a: No-hated Lando
|
|-heal|p1a: No-hated Lando|19/100|[from] Grassy Terrain
|-heal|p2a: Ursaluna|93/100|[from] Grassy Terrain
|-fieldend|move: Grassy Terrain
|-status|p2a: Ursaluna|brn|[from] item: Flame Orb
|turn|8
|
|switch|p2a: Goodra|Goodra-Hisui, M, tera:Water|73/100
|move|p1a: No-hated Lando|Close Combat|p2a: Goodra
|-damage|p2a: Goodra|10/100
|-unboost|p1a: No-hated Lando|def|1
|-unboost|p1a: No-hated Lando|spd|1
|
|-heal|p2a: Goodra|16/100|[from] item: Leftovers
|turn|9
|
|move|p1a: No-hated Lando|Rapid Spin|p2a: Goodra
|-damage|p2a: Goodra|0 fnt
|-boost|p1a: No-hated Lando|spe|1
|faint|p2a: Goodra
|
|
|switch|p2a: Dragapult|Dragapult, F|100/100
|turn|10
|
|move|p2a: Dragapult|Flamethrower|p1a: No-hated Lando
|-damage|p1a: No-hated Lando|0 fnt
|faint|p1a: No-hated Lando
|-end|p1a: No-hated Lando|Protosynthesis|[silent]
|-damage|p2a: Dragapult|91/100|[from] item: Life Orb
|
|
|switch|p1a: Pelippo|Pelipper, M|100/100
|-weather|RainDance|[from] ability: Drizzle|[of] p1a: Pelippo
|turn|11
|
|move|p2a: Dragapult|Shadow Ball|p1a: Pelippo
|-damage|p1a: Pelippo|31/100
|-damage|p2a: Dragapult|81/100|[from] item: Life Orb
|move|p1a: Pelippo|U-turn|p2a: Dragapult
|-resisted|p2a: Dragapult
|-damage|p2a: Dragapult|75/100
|
|switch|p1a: Basculona|Basculegion-F, F|100/100|[from] U-turn
|
|-weather|RainDance|[upkeep]
|turn|12
|
|move|p1a: Basculona|Shadow Ball|p2a: Dragapult
|-supereffective|p2a: Dragapult
|-damage|p2a: Dragapult|0 fnt
|faint|p2a: Dragapult
|
|-weather|RainDance|[upkeep]
|
|switch|p2a: Magearna|Magearna|100/100
|turn|13
|
|switch|p1a: Grassy Gliden't|Rillaboom, F|80/100
|-fieldstart|move: Grassy Terrain|[from] ability: Grassy Surge|[of] p1a: Grassy Gliden't
|move|p2a: Magearna|Trick Room|p2a: Magearna
|-fieldstart|move: Trick Room|[of] p2a: Magearna
|
|-weather|RainDance|[upkeep]
|-heal|p1a: Grassy Gliden't|86/100|[from] Grassy Terrain
|turn|14
|
|move|p2a: Magearna|Fleur Cannon|p1a: Grassy Gliden't
|-damage|p1a: Grassy Gliden't|0 fnt
|-unboost|p2a: Magearna|spa|2
|-enditem|p2a: Magearna|Eject Pack
|faint|p1a: Grassy Gliden't
|-ability|p2a: Magearna|Soul-Heart|boost
|-boost|p2a: Magearna|spa|1
|
|switch|p2a: Ursaluna|Ursaluna, M|93/100 brn
|
|-weather|RainDance|[upkeep]
|-heal|p2a: Ursaluna|99/100 brn|[from] Grassy Terrain
|-damage|p2a: Ursaluna|93/100 brn|[from] brn
|
|switch|p1a: Basculona|Basculegion-F, F|100/100
|turn|15
|
|move|p2a: Ursaluna|Swords Dance|p2a: Ursaluna
|-boost|p2a: Ursaluna|atk|2
|move|p1a: Basculona|Surf|p2a: Ursaluna
|-supereffective|p2a: Ursaluna
|-damage|p2a: Ursaluna|0 fnt
|faint|p2a: Ursaluna
|
|-weather|RainDance|[upkeep]
|
|switch|p2a: Magearna|Magearna|100/100
|turn|16
|
|-terastallize|p1a: Basculona|Water
|move|p2a: Magearna|Dazzling Gleam|p1a: Basculona
|-damage|p1a: Basculona|46/100
|move|p1a: Basculona|Surf|p2a: Magearna
|-damage|p2a: Magearna|0 fnt
|faint|p2a: Magearna
|
|-weather|RainDance|[upkeep]
|-heal|p1a: Basculona|52/100|[from] Grassy Terrain
|
|switch|p2a: Arcanine|Arcanine-Hisui, M|100/100
|turn|17
|
|move|p2a: Arcanine|Close Combat|p1a: Basculona
|-damage|p1a: Basculona|0 fnt
|-unboost|p2a: Arcanine|def|1
|-unboost|p2a: Arcanine|spd|1
|faint|p1a: Basculona
|
|-weather|RainDance|[upkeep]
|-fieldend|move: Trick Room
|-fieldend|move: Grassy Terrain
|
|switch|p1a: Past Weavile|Sneasler, F|100/100
|turn|18
|
|move|p1a: Past Weavile|Close Combat|p2a: Arcanine
|-supereffective|p2a: Arcanine
|-damage|p2a: Arcanine|0 fnt
|-unboost|p1a: Past Weavile|def|1
|-unboost|p1a: Past Weavile|spd|1
|faint|p2a: Arcanine
|
|win|adpg.alt
