|poke|p1|Gholdengo|
|poke|p1|Dragonite, F|
|poke|p1|Great Tusk|
|poke|p1|Chien-Pao|
|poke|p1|Zapdos|
|poke|p1|Pelipper, M|
|poke|p2|Typhlosion-Hisui, F|
|poke|p2|Dragapult, M|
|poke|p2|Gholdengo|
|poke|p2|Glimmora, F|
|poke|p2|Iron Valiant|
|poke|p2|Baxcalibur, F|
|teampreview
|
|start
|switch|p1a: Pelipper|Pelipper, M|100/100
|switch|p2a: Legoland|Glimmora, F|100/100
|-weather|RainDance|[from] ability: Drizzle|[of] p1a: Pelipper
|turn|1
|
|move|p2a: Legoland|Stealth Rock|p1a: Pelipper
|-sidestart|p1: zshmoneyy|move: Stealth Rock
|move|p1a: Pelipper|Surf|p2a: Legoland
|-supereffective|p2a: Legoland
|-damage|p2a: Legoland|22/100
|-enditem|p2a: Legoland|Red Card|[of] p1a: Pelipper
|drag|p1a: Dragonite|Dragonite, F|100/100
|
|-weather|RainDance|[upkeep]
|turn|2
|
|move|p2a: Legoland|Endure|p2a: Legoland
|-singleturn|p2a: Legoland|move: Endure
|move|p1a: Dragonite|Extreme Speed|p2a: Legoland
|-resisted|p2a: Legoland
|-damage|p2a: Legoland|9/100
|-activate|p2a: Legoland|ability: Toxic Debris
|-sidestart|p1: zshmoneyy|move: Toxic Spikes
|
|-weather|RainDance|[upkeep]
|turn|3
|
|move|p1a: Dragonite|Earthquake|p2a: Legoland
|-supereffective|p2a: Legoland
|-crit|p2a: Legoland
|-damage|p2a: Legoland|0 fnt
|-activate|p2a: Legoland|ability: Toxic Debris
|-sidestart|p1: zshmoneyy|move: Toxic Spikes
|faint|p2a: Legoland
|
|-weather|RainDance|[upkeep]
|
|switch|p2a: Rich Guy|Gholdengo|100/100
|-item|p2a: Rich Guy|Air Balloon
|turn|4
|
|switch|p1a: Zapdos|Zapdos|100/100
|move|p2a: Rich Guy|Thunder Wave|p1a: Zapdos
|-immune|p1a: Zapdos
|
|-weather|RainDance|[upkeep]
|turn|5
|
|switch|p2a: OuijaBolts|Dragapult, M|100/100
|move|p1a: Zapdos|Volt Switch|p2a: OuijaBolts
|-resisted|p2a: OuijaBolts
|-damage|p2a: OuijaBolts|80/100
|
|switch|p1a: Gholdengo|Gholdengo|100/100|[from] Volt Switch
|-damage|p1a: Gholdengo|94/100|[from] Stealth Rock
|-item|p1a: Gholdengo|Air Balloon
|
|-weather|RainDance|[upkeep]
|turn|6
|
|move|p2a: OuijaBolts|Light Screen|p2a: OuijaBolts
|-sidestart|p2: Next Battle Please|move: Light Screen
|move|p1a: Gholdengo|Shadow Ball|p2a: OuijaBolts
|-supereffective|p2a: OuijaBolts
|-damage|p2a: OuijaBolts|33/100
|-start|p1a: Gholdengo|Disable|Shadow Ball|[from] ability: Cursed Body|[of] p2a: OuijaBolts
|
|-weather|RainDance|[upkeep]
|turn|7
|
|move|p2a: OuijaBolts|Reflect|p2a: OuijaBolts
|-sidestart|p2: Next Battle Please|Reflect
|move|p1a: Gholdengo|Make It Rain|p2a: OuijaBolts
|-damage|p2a: OuijaBolts|0 fnt
|-unboost|p1a: Gholdengo|spa|1
|faint|p2a: OuijaBolts
|
|-weather|RainDance|[upkeep]
|
|switch|p2a: Cheempao|Baxcalibur, F|100/100
|turn|8
|
|-terastallize|p2a: Cheempao|Dragon
|move|p2a: Cheempao|Dragon Dance|p2a: Cheempao
|-boost|p2a: Cheempao|atk|1
|-boost|p2a: Cheempao|spe|1
|move|p1a: Gholdengo|Nasty Plot|p1a: Gholdengo
|-boost|p1a: Gholdengo|spa|2
|
|-weather|none
|turn|9
|
|move|p2a: Cheempao|Icicle Spear|p1a: Gholdengo
|-resisted|p1a: Gholdengo
|-damage|p1a: Gholdengo|86/100
|-enditem|p1a: Gholdengo|Air Balloon
|-resisted|p1a: Gholdengo
|-damage|p1a: Gholdengo|77/100
|-resisted|p1a: Gholdengo
|-crit|p1a: Gholdengo
|-damage|p1a: Gholdengo|63/100
|-resisted|p1a: Gholdengo
|-damage|p1a: Gholdengo|55/100
|-resisted|p1a: Gholdengo
|-damage|p1a: Gholdengo|45/100
|-hitcount|p1a: Gholdengo|5
|move|p1a: Gholdengo|Make It Rain|p2a: Cheempao
|-damage|p2a: Cheempao|58/100
|-unboost|p1a: Gholdengo|spa|1
|
|-end|p1a: Gholdengo|Disable
|turn|10
|
|-terastallize|p1a: Gholdengo|Flying
|move|p2a: Cheempao|Earthquake|p1a: Gholdengo
|-immune|p1a: Gholdengo
|move|p1a: Gholdengo|Make It Rain|p2a: Cheempao
|-damage|p2a: Cheempao|30/100
|-unboost|p1a: Gholdengo|spa|1
|
|turn|11
|
|switch|p1a: Pelipper|Pelipper, M|100/100
|-damage|p1a: Pelipper|76/100|[from] Stealth Rock
|-weather|RainDance|[from] ability: Drizzle|[of] p1a: Pelipper
|move|p2a: Cheempao|Icicle Spear|p1a: Pelipper
|-damage|p1a: Pelipper|61/100
|-damage|p1a: Pelipper|45/100
|-damage|p1a: Pelipper|30/100
|-crit|p1a: Pelipper
|-damage|p1a: Pelipper|6/100
|-damage|p1a: Pelipper|0 fnt
|faint|p1a: Pelipper
|-hitcount|p1: Pelipper|5
|
|-weather|RainDance|[upkeep]
|
|switch|p1a: Chien-Pao|Chien-Pao|100/100
|-damage|p1a: Chien-Pao|76/100|[from] Stealth Rock
|-status|p1a: Chien-Pao|tox
|-ability|p1a: Chien-Pao|Sword of Ruin
|turn|12
|
|move|p1a: Chien-Pao|Ice Shard|p2a: Cheempao
|-supereffective|p2a: Cheempao
|-damage|p2a: Cheempao|4/100
|move|p2a: Cheempao|Earthquake|p1a: Chien-Pao
|-damage|p1a: Chien-Pao|5/100 tox
|
|-weather|RainDance|[upkeep]
|-damage|p1a: Chien-Pao|0 fnt|[from] psn
|faint|p1a: Chien-Pao
|
|switch|p1a: Dragonite|Dragonite, F|100/100
|turn|13
|
|switch|p2a: Rich Guy|Gholdengo|100/100
|-item|p2a: Rich Guy|Air Balloon
|move|p1a: Dragonite|Extreme Speed|p2a: Rich Guy
|-immune|p2a: Rich Guy
|
|-weather|RainDance|[upkeep]
|-sideend|p2: Next Battle Please|move: Light Screen
|turn|14
|
|switch|p1a: Zapdos|Zapdos|100/100
|switch|p2a: Cheempao|Baxcalibur, F, tera:Dragon|4/100
|
|-weather|RainDance|[upkeep]
|-sideend|p2: Next Battle Please|Reflect
|turn|15
|
|move|p2a: Cheempao|Icicle Spear|p1a: Zapdos
|-supereffective|p1a: Zapdos
|-damage|p1a: Zapdos|64/100
|-supereffective|p1a: Zapdos
|-damage|p1a: Zapdos|29/100
|-supereffective|p1a: Zapdos
|-damage|p1a: Zapdos|0 fnt
|faint|p1a: Zapdos
|-hitcount|p1: Zapdos|3
|
|-weather|RainDance|[upkeep]
|
|switch|p1a: Dragonite|Dragonite, F|100/100
|turn|16
|
|switch|p2a: Rich Guy|Gholdengo|100/100
|-item|p2a: Rich Guy|Air Balloon
|switch|p1a: Great Tusk|Great Tusk|100/100
|-damage|p1a: Great Tusk|98/100|[from] Stealth Rock
|-status|p1a: Great Tusk|tox
|
|-weather|RainDance|[upkeep]
|-damage|p1a: Great Tusk|92/100 tox|[from] psn
|turn|17
|
|move|p1a: Great Tusk|Knock Off|p2a: Rich Guy
|-supereffective|p2a: Rich Guy
|-damage|p2a: Rich Guy|59/100
|-enditem|p2a: Rich Guy|Air Balloon
|move|p2a: Rich Guy|Make It Rain|p1a: Great Tusk
|-damage|p1a: Great Tusk|35/100 tox
|-unboost|p2a: Rich Guy|spa|1
|
|-weather|RainDance|[upkeep]
|-damage|p1a: Great Tusk|23/100 tox|[from] psn
|turn|18
|
|switch|p2a: Cheempao|Baxcalibur, F, tera:Dragon|4/100
|move|p1a: Great Tusk|Earthquake|p2a: Cheempao
|-damage|p2a: Cheempao|0 fnt
|faint|p2a: Cheempao
|
|-weather|none
|-damage|p1a: Great Tusk|5/100 tox|[from] psn
|
|switch|p2a: Iron Vagialiant|Iron Valiant|100/100
|-enditem|p2a: Iron Vagialiant|Booster Energy
|-activate|p2a: Iron Vagialiant|ability: Quark Drive|[fromitem]
|-start|p2a: Iron Vagialiant|quarkdrivespe
|turn|19
|
|move|p2a: Iron Vagialiant|Knock Off|p1a: Great Tusk
|-resisted|p1a: Great Tusk
|-damage|p1a: Great Tusk|0 fnt
|-damage|p2a: Iron Vagialiant|84/100|[from] item: Rocky Helmet|[of] p1a: Great Tusk
|-enditem|p1a: Great Tusk|Rocky Helmet|[from] move: Knock Off|[of] p2a: Iron Vagialiant
|faint|p1a: Great Tusk
|-end|p1a: Great Tusk|Protosynthesis|[silent]
|
|
|switch|p1a: Dragonite|Dragonite, F|100/100
|turn|20
|
|-end|p2a: Iron Vagialiant|Quark Drive|[silent]
|switch|p2a: Zooted|Typhlosion-Hisui, F|100/100
|-item|p1a: Dragonite|Heavy-Duty Boots|[from] ability: Frisk|[of] p2a: Zooted|[identify]
|move|p1a: Dragonite|Extreme Speed|p2a: Zooted
|-immune|p2a: Zooted
|
|turn|21
|
|switch|p1a: Gholdengo|Gholdengo, tera:Flying|45/100
|-damage|p1a: Gholdengo|20/100|[from] Stealth Rock
|move|p2a: Zooted|Infernal Parade|p1a: Gholdengo
|-damage|p1a: Gholdengo|0 fnt
|faint|p1a: Gholdengo
|
|
|switch|p1a: Dragonite|Dragonite, F|100/100
|turn|22
|
|move|p2a: Zooted|Infernal Parade|p1a: Dragonite
|-damage|p1a: Dragonite|87/100
|move|p1a: Dragonite|Dragon Dance|p1a: Dragonite
|-boost|p1a: Dragonite|atk|1
|-boost|p1a: Dragonite|spe|1
|
|turn|23
|
|move|p2a: Zooted|Infernal Parade|p1a: Dragonite
|-damage|p1a: Dragonite|56/100
|move|p1a: Dragonite|Dragon Dance|p1a: Dragonite
|-boost|p1a: Dragonite|atk|1
|-boost|p1a: Dragonite|spe|1
|
|turn|24
|
|move|p1a: Dragonite|Earthquake|p2a: Zooted
|-supereffective|p2a: Zooted
|-damage|p2a: Zooted|0 fnt
|faint|p2a: Zooted
|
|
|switch|p2a: Iron Vagialiant|Iron Valiant|84/100
|turn|25
|
|move|p1a: Dragonite|Extreme Speed|p2a: Iron Vagialiant
|-damage|p2a: Iron Vagialiant|6/100
|move|p2a: Iron Vagialiant|Knock Off|p1a: Dragonite
|-damage|p1a: Dragonite|21/100
|-enditem|p1a: Dragonite|Heavy-Duty Boots|[from] move: Knock Off|[of] p2a: Iron Vagialiant
|
|turn|26
|-message|Next Battle Please forfeited.
|
|win|zshmoneyy
