|poke|p1|Amoonguss, M|
|poke|p1|Cloyster, F|
|poke|p1|Kingambit, F|
|poke|p1|Toxicroak, F|
|poke|p1|Breloom, M|
|poke|p1|Sylveon, F|
|poke|p2|Cetitan, M|
|poke|p2|Avalugg-Hisui, F|
|poke|p2|Slowking, M|
|poke|p2|Cryogonal|
|poke|p2|Garchomp, M|
|poke|p2|Gholdengo|
|teampreview
|
|start
|switch|p1a: 掩护扇贝！|Cloyster, F|100/100
|switch|p2a: Slowking|Slowking, M|100/100
|turn|1
|
|move|p1a: 掩护扇贝！|Shell Smash|p1a: 掩护扇贝！
|-unboost|p1a: 掩护扇贝！|def|1
|-unboost|p1a: 掩护扇贝！|spd|1
|-boost|p1a: 掩护扇贝！|atk|2
|-boost|p1a: 掩护扇贝！|spa|2
|-boost|p1a: 掩护扇贝！|spe|2
|move|p2a: Slowking|Thunder Wave|p1a: 掩护扇贝！
|-status|p1a: 掩护扇贝！|par
|
|turn|2
|
|cant|p1a: 掩护扇贝！|par
|move|p2a: Slowking|Future Sight|p1a: 掩护扇贝！
|-start|p2a: Slowking|move: Future Sight
|
|turn|3
|
|switch|p2a: Gholdengo|Gholdengo|100/100
|cant|p1a: 掩护扇贝！|par
|
|turn|4
|
|move|p2a: Gholdengo|Make It Rain|p1a: 掩护扇贝！
|-enditem|p1a: 掩护扇贝！|Focus Sash
|-damage|p1a: 掩护扇贝！|1/100 par
|-unboost|p2a: Gholdengo|spa|1
|cant|p1a: 掩护扇贝！|par
|
|-end|p1a: 掩护扇贝！|move: Future Sight
|-damage|p1a: 掩护扇贝！|0 fnt
|faint|p1a: 掩护扇贝！
|
|switch|p1a: Breloom|Breloom, M|100/100
|turn|5
|
|move|p2a: Gholdengo|Make It Rain|p1a: Breloom
|-damage|p1a: Breloom|0 fnt
|-unboost|p2a: Gholdengo|spa|1
|faint|p1a: Breloom
|
|
|switch|p1a: 一休|Amoonguss, M|100/100
|turn|6
|
|move|p2a: Gholdengo|Make It Rain|p1a: 一休
|-damage|p1a: 一休|66/100
|-unboost|p2a: Gholdengo|spa|1
|move|p1a: 一休|Foul Play|p2a: Gholdengo
|-supereffective|p2a: Gholdengo
|-damage|p2a: Gholdengo|76/100
|
|-heal|p1a: 一休|73/100|[from] item: Leftovers
|turn|7
|
|switch|p2a: Garchomp|Garchomp, M|100/100
|move|p1a: 一休|Spore|p2a: Garchomp
|-status|p2a: Garchomp|slp|[from] move: Spore
|
|-heal|p1a: 一休|79/100|[from] item: Leftovers
|turn|8
|
|cant|p2a: Garchomp|slp
|move|p1a: 一休|Spore|p2a: Garchomp
|-fail|p2a: Garchomp|slp
|
|-heal|p1a: 一休|85/100|[from] item: Leftovers
|turn|9
|
|-terastallize|p1a: 一休|Grass
|-curestatus|p2a: Garchomp|slp|[msg]
|move|p2a: Garchomp|Stealth Rock|p1a: 一休
|-sidestart|p1: DDCxbw菜.巨菜(´-_-)|move: Stealth Rock
|move|p1a: 一休|Giga Drain|p2a: Garchomp
|-damage|p2a: Garchomp|70/100
|-heal|p1a: 一休|99/100|[from] drain|[of] p2a: Garchomp
|
|-heal|p1a: 一休|100/100|[from] item: Leftovers
|turn|10
|
|move|p1a: 一休|Spore|p2a: Garchomp
|-status|p2a: Garchomp|slp|[from] move: Spore
|cant|p2a: Garchomp|slp
|
|turn|11
|
|switch|p2a: Slowking|Slowking, M|100/100
|switch|p1a: Sylveon|Sylveon, F|100/100
|-damage|p1a: Sylveon|88/100|[from] Stealth Rock
|
|-status|p1a: Sylveon|brn|[from] item: Flame Orb
|turn|12
|
|move|p1a: Sylveon|Wish|p1a: Sylveon
|move|p2a: Slowking|Chilly Reception|p2a: Slowking
|-weather|Snow
|
|switch|p2a: Cetitan|Cetitan, M|100/100|[from] Chilly Reception
|
|-weather|Snow|[upkeep]
|-damage|p1a: Sylveon|82/100 brn|[from] brn
|turn|13
|
|move|p2a: Cetitan|Ice Spinner|p1a: Sylveon
|-damage|p1a: Sylveon|0 fnt
|faint|p1a: Sylveon
|
|-weather|Snow|[upkeep]
|
|switch|p1a: Toxicroak|Toxicroak, F|100/100
|-damage|p1a: Toxicroak|94/100|[from] Stealth Rock
|turn|14
|
|move|p2a: Cetitan|Ice Spinner|p1a: Toxicroak
|-damage|p1a: Toxicroak|11/100
|move|p1a: Toxicroak|Foul Play|p2a: Cetitan
|-damage|p2a: Cetitan|81/100
|
|-weather|Snow|[upkeep]
|turn|15
|
|move|p2a: Cetitan|Ice Spinner|p1a: Toxicroak
|-damage|p1a: Toxicroak|0 fnt
|faint|p1a: Toxicroak
|
|-weather|Snow|[upkeep]
|
|switch|p1a: 一休|Amoonguss, M, tera:Grass|100/100
|-damage|p1a: 一休|88/100|[from] Stealth Rock
|turn|16
|
|move|p2a: Cetitan|Ice Spinner|p1a: 一休
|-supereffective|p1a: 一休
|-damage|p1a: 一休|0 fnt
|faint|p1a: 一休
|
|-weather|Snow|[upkeep]
|
|switch|p1a: Kingambit|Kingambit, F|100/100
|-damage|p1a: Kingambit|94/100|[from] Stealth Rock
|-activate|p1a: Kingambit|ability: Supreme Overlord
|-start|p1a: Kingambit|fallen5|[silent]
|turn|17
|
|switch|p2a: Avalugg|Avalugg-Hisui, F|100/100
|move|p1a: Kingambit|Swords Dance|p1a: Kingambit
|-boost|p1a: Kingambit|atk|2
|
|-weather|Snow|[upkeep]
|turn|18
|
|move|p1a: Kingambit|Swords Dance|p1a: Kingambit
|-boost|p1a: Kingambit|atk|2
|move|p2a: Avalugg|Body Press|p1a: Kingambit
|-supereffective|p1a: Kingambit
|-damage|p1a: Kingambit|0 fnt
|faint|p1a: Kingambit
|-end|p1a: Kingambit|fallen5|[silent]
|
|win|Droide_Pogo
