|poke|p1|Ursaluna, F|
|poke|p1|Zamazenta-*|
|poke|p1|Rotom-Wash|
|poke|p1|Zoroark-Hisui, M|
|poke|p1|Toedscruel, F|
|poke|p1|Iron Valiant|
|poke|p2|Grimmsnarl, M|
|poke|p2|Hatterene, F|
|poke|p2|Dragonite, M|
|poke|p2|Walking Wake|
|poke|p2|Gholdengo|
|poke|p2|Clodsire, M|
|teampreview
|
|start
|switch|p1a: Toedscruel|Toedscruel, F|100/100
|switch|p2a: Frank Horrigan|Grimmsnarl, M|100/100
|turn|1
|
|move|p2a: Frank Horrigan|Reflect|p2a: Frank Horrigan
|-sidestart|p2: jotchwah|Reflect
|move|p1a: Toedscruel|Spore|p2a: Frank Horrigan
|-status|p2a: Frank Horrigan|slp|[from] move: Spore
|
|turn|2
|
|cant|p2a: Frank Horrigan|slp
|move|p1a: Toedscruel|Leech Seed|p2a: Frank Horrigan
|-start|p2a: Frank Horrigan|move: Leech Seed
|
|-damage|p2a: Frank Horrigan|88/100 slp|[from] Leech Seed|[of] p1a: Toedscruel
|turn|3
|
|switch|p1a: Zamazenta|Zamazenta-Crowned|100/100
|-ability|p1a: Zamazenta|Dauntless Shield|boost
|-boost|p1a: Zamazenta|def|1
|cant|p2a: Frank Horrigan|slp
|
|-damage|p2a: Frank Horrigan|76/100 slp|[from] Leech Seed|[of] p1a: Zamazenta
|turn|4
|
|-curestatus|p2a: Frank Horrigan|slp|[msg]
|move|p2a: Frank Horrigan|Parting Shot|p1a: Zamazenta
|-unboost|p1a: Zamazenta|atk|1
|-unboost|p1a: Zamazenta|spa|1
|
|switch|p2a: Clodsire|Clodsire, M|100/100|[from] Parting Shot
|move|p1a: Zamazenta|Iron Defense|p1a: Zamazenta
|-boost|p1a: Zamazenta|def|2
|
|turn|5
|
|switch|p1a: Rotom|Rotom-Wash, shiny|100/100
|move|p2a: Clodsire|Earthquake|p1a: Rotom
|-immune|p1a: Rotom|[from] ability: Levitate
|
|turn|6
|
|move|p1a: Rotom|Will-O-Wisp|p2a: Clodsire
|-status|p2a: Clodsire|brn
|move|p2a: Clodsire|Toxic|p1a: Rotom
|-status|p1a: Rotom|tox
|
|-damage|p1a: Rotom|94/100 tox|[from] psn
|-damage|p2a: Clodsire|94/100 brn|[from] brn
|turn|7
|
|switch|p1a: Toedscruel|Toedscruel, F|100/100
|move|p2a: Clodsire|Stealth Rock|p1a: Toedscruel
|-sidestart|p1: Sr.wez1ng|move: Stealth Rock
|
|-heal|p2a: Clodsire|100/100 brn|[from] item: Black Sludge
|-damage|p2a: Clodsire|94/100 brn|[from] brn
|turn|8
|
|move|p1a: Toedscruel|Rapid Spin|p2a: Clodsire
|-damage|p2a: Clodsire|90/100 brn
|-boost|p1a: Toedscruel|spe|1
|-sideend|p1: Sr.wez1ng|Stealth Rock|[from] move: Rapid Spin|[of] p1a: Toedscruel
|move|p2a: Clodsire|Toxic|p1a: Toedscruel
|-status|p1a: Toedscruel|tox
|
|-heal|p2a: Clodsire|96/100 brn|[from] item: Black Sludge
|-damage|p1a: Toedscruel|94/100 tox|[from] psn
|-damage|p2a: Clodsire|90/100 brn|[from] brn
|-sideend|p2: jotchwah|Reflect
|turn|9
|
|move|p2a: Clodsire|Stealth Rock|p1a: Toedscruel
|-sidestart|p1: Sr.wez1ng|move: Stealth Rock
|move|p1a: Toedscruel|Leech Seed|p2a: Clodsire
|-start|p2a: Clodsire|move: Leech Seed
|
|-heal|p1a: Toedscruel|100/100 tox|[from] item: Leftovers
|-heal|p2a: Clodsire|96/100 brn|[from] item: Black Sludge
|-damage|p2a: Clodsire|83/100 brn|[from] Leech Seed|[of] p1a: Toedscruel
|-damage|p1a: Toedscruel|88/100 tox|[from] psn
|-damage|p2a: Clodsire|77/100 brn|[from] brn
|turn|10
|
|switch|p2a: Dragonite|Dragonite, M|100/100
|move|p1a: Toedscruel|Earth Power|p2a: Dragonite
|-immune|p2a: Dragonite
|
|-heal|p1a: Toedscruel|94/100 tox|[from] item: Leftovers
|-damage|p1a: Toedscruel|76/100 tox|[from] psn
|turn|11
|
|move|p2a: Dragonite|Dragon Dance|p2a: Dragonite
|-boost|p2a: Dragonite|atk|1
|-boost|p2a: Dragonite|spe|1
|move|p1a: Toedscruel|Spore|p2a: Dragonite
|-status|p2a: Dragonite|slp|[from] move: Spore
|
|-heal|p1a: Toedscruel|82/100 tox|[from] item: Leftovers
|-damage|p1a: Toedscruel|58/100 tox|[from] psn
|turn|12
|
|switch|p1a: Zamazenta|Zamazenta-Crowned|100/100
|-damage|p1a: Zamazenta|97/100|[from] Stealth Rock
|cant|p2a: Dragonite|slp
|
|turn|13
|
|cant|p2a: Dragonite|slp
|move|p1a: Zamazenta|Iron Defense|p1a: Zamazenta
|-boost|p1a: Zamazenta|def|2
|
|turn|14
|
|-curestatus|p2a: Dragonite|slp|[msg]
|move|p2a: Dragonite|Earthquake|p1a: Zamazenta
|-supereffective|p1a: Zamazenta
|-damage|p1a: Zamazenta|61/100
|move|p1a: Zamazenta|Iron Defense|p1a: Zamazenta
|-boost|p1a: Zamazenta|def|2
|
|turn|15
|
|move|p2a: Dragonite|Dragon Dance|p2a: Dragonite
|-boost|p2a: Dragonite|atk|1
|-boost|p2a: Dragonite|spe|1
|move|p1a: Zamazenta|Body Press|p2a: Dragonite
|-resisted|p2a: Dragonite
|-damage|p2a: Dragonite|72/100
|
|turn|16
|
|move|p2a: Dragonite|Dragon Dance|p2a: Dragonite
|-boost|p2a: Dragonite|atk|1
|-boost|p2a: Dragonite|spe|1
|move|p1a: Zamazenta|Body Press|p2a: Dragonite
|-resisted|p2a: Dragonite
|-damage|p2a: Dragonite|10/100
|
|turn|17
|
|move|p2a: Dragonite|Earthquake|p1a: Zamazenta
|-supereffective|p1a: Zamazenta
|-damage|p1a: Zamazenta|18/100
|move|p1a: Zamazenta|Body Press|p2a: Dragonite
|-resisted|p2a: Dragonite
|-damage|p2a: Dragonite|0 fnt
|faint|p2a: Dragonite
|
|
|switch|p2a: Clodsire|Clodsire, M|77/100 brn
|turn|18
|
|move|p1a: Zamazenta|Body Press|p2a: Clodsire
|-resisted|p2a: Clodsire
|-damage|p2a: Clodsire|57/100 brn
|move|p2a: Clodsire|Earthquake|p1a: Zamazenta
|-supereffective|p1a: Zamazenta
|-damage|p1a: Zamazenta|2/100
|
|-heal|p2a: Clodsire|63/100 brn|[from] item: Black Sludge
|-damage|p2a: Clodsire|57/100 brn|[from] brn
|turn|19
|
|move|p1a: Zamazenta|Body Press|p2a: Clodsire
|-resisted|p2a: Clodsire
|-damage|p2a: Clodsire|36/100 brn
|move|p2a: Clodsire|Recover|p2a: Clodsire
|-heal|p2a: Clodsire|86/100 brn
|
|-heal|p2a: Clodsire|93/100 brn|[from] item: Black Sludge
|-damage|p2a: Clodsire|86/100 brn|[from] brn
|turn|20
|
|move|p1a: Zamazenta|Body Press|p2a: Clodsire
|-resisted|p2a: Clodsire
|-damage|p2a: Clodsire|65/100 brn
|move|p2a: Clodsire|Earthquake|p1a: Zamazenta
|-supereffective|p1a: Zamazenta
|-crit|p1a: Zamazenta
|-damage|p1a: Zamazenta|0 fnt
|faint|p1a: Zamazenta
|
|-heal|p2a: Clodsire|71/100 brn|[from] item: Black Sludge
|-damage|p2a: Clodsire|65/100 brn|[from] brn
|
|switch|p1a: Toedscruel|Toedscruel, F|58/100 tox
|-damage|p1a: Toedscruel|52/100 tox|[from] Stealth Rock
|turn|21
|
|move|p2a: Clodsire|Recover|p2a: Clodsire
|-heal|p2a: Clodsire|100/100 brn
|move|p1a: Toedscruel|Leech Seed|p2a: Clodsire
|-start|p2a: Clodsire|move: Leech Seed
|
|-heal|p1a: Toedscruel|58/100 tox|[from] item: Leftovers
|-damage|p2a: Clodsire|88/100 brn|[from] Leech Seed|[of] p1a: Toedscruel
|-heal|p1a: Toedscruel|74/100 tox|[silent]
|-damage|p1a: Toedscruel|68/100 tox|[from] psn
|-damage|p2a: Clodsire|82/100 brn|[from] brn
|turn|22
|
|move|p1a: Toedscruel|Earth Power|p2a: Clodsire
|-supereffective|p2a: Clodsire
|-damage|p2a: Clodsire|53/100 brn
|move|p2a: Clodsire|Recover|p2a: Clodsire
|-heal|p2a: Clodsire|100/100 brn
|
|-heal|p1a: Toedscruel|74/100 tox|[from] item: Leftovers
|-damage|p2a: Clodsire|88/100 brn|[from] Leech Seed|[of] p1a: Toedscruel
|-heal|p1a: Toedscruel|90/100 tox|[silent]
|-damage|p1a: Toedscruel|78/100 tox|[from] psn
|-damage|p2a: Clodsire|82/100 brn|[from] brn
|turn|23
|
|move|p1a: Toedscruel|Rapid Spin|p2a: Clodsire
|-damage|p2a: Clodsire|71/100 brn
|-boost|p1a: Toedscruel|spe|1
|-sideend|p1: Sr.wez1ng|Stealth Rock|[from] move: Rapid Spin|[of] p1a: Toedscruel
|move|p2a: Clodsire|Recover|p2a: Clodsire
|-heal|p2a: Clodsire|100/100 brn
|
|-heal|p1a: Toedscruel|84/100 tox|[from] item: Leftovers
|-damage|p2a: Clodsire|88/100 brn|[from] Leech Seed|[of] p1a: Toedscruel
|-heal|p1a: Toedscruel|99/100 tox|[silent]
|-damage|p1a: Toedscruel|82/100 tox|[from] psn
|-damage|p2a: Clodsire|82/100 brn|[from] brn
|turn|24
|
|switch|p1a: Ursaluna|Ursaluna, F|100/100
|move|p2a: Clodsire|Recover|p2a: Clodsire
|-heal|p2a: Clodsire|100/100 brn
|
|-damage|p2a: Clodsire|88/100 brn|[from] Leech Seed|[of] p1a: Ursaluna
|-damage|p2a: Clodsire|82/100 brn|[from] brn
|-status|p1a: Ursaluna|brn|[from] item: Flame Orb
|turn|25
|
|move|p1a: Ursaluna|Swords Dance|p1a: Ursaluna
|-boost|p1a: Ursaluna|atk|2
|move|p2a: Clodsire|Stealth Rock|p1a: Ursaluna
|-sidestart|p1: Sr.wez1ng|move: Stealth Rock
|
|-heal|p2a: Clodsire|88/100 brn|[from] item: Black Sludge
|-damage|p2a: Clodsire|75/100 brn|[from] Leech Seed|[of] p1a: Ursaluna
|-damage|p1a: Ursaluna|94/100 brn|[from] brn
|-damage|p2a: Clodsire|69/100 brn|[from] brn
|turn|26
|
|move|p1a: Ursaluna|Facade|p2a: Clodsire
|-damage|p2a: Clodsire|0 fnt
|faint|p2a: Clodsire
|
|-damage|p1a: Ursaluna|88/100 brn|[from] brn
|
|switch|p2a: Walking Wake|Walking Wake|100/100
|-enditem|p2a: Walking Wake|Booster Energy
|-activate|p2a: Walking Wake|ability: Protosynthesis|[fromitem]
|-start|p2a: Walking Wake|protosynthesisspa
|turn|27
|
|switch|p1a: Rotom|Rotom-Wash, shiny|94/100 tox
|-damage|p1a: Rotom|82/100 tox|[from] Stealth Rock
|move|p2a: Walking Wake|Surf|p1a: Rotom
|-resisted|p1a: Rotom
|-damage|p1a: Rotom|57/100 tox
|
|-heal|p1a: Rotom|63/100 tox|[from] item: Leftovers
|-damage|p1a: Rotom|57/100 tox|[from] psn
|turn|28
|
|move|p2a: Walking Wake|Dragon Pulse|p1a: Rotom
|-damage|p1a: Rotom|10/100 tox
|move|p1a: Rotom|Volt Switch|p2a: Walking Wake
|-damage|p2a: Walking Wake|73/100
|
|switch|p1a: Iron Valiant|Iron Valiant, shiny|100/100|[from] Volt Switch
|-damage|p1a: Iron Valiant|94/100|[from] Stealth Rock
|
|turn|29
|
|-terastallize|p2a: Walking Wake|Water
|move|p1a: Iron Valiant|Moonblast|p2a: Walking Wake
|-crit|p2a: Walking Wake
|-damage|p2a: Walking Wake|0 fnt
|faint|p2a: Walking Wake
|-end|p2a: Walking Wake|Protosynthesis|[silent]
|-damage|p1a: Iron Valiant|85/100|[from] item: Life Orb
|
|
|switch|p2a: Gholdengo|Gholdengo|100/100
|-item|p2a: Gholdengo|Air Balloon
|turn|30
|
|-end|p1a: Iron Valiant|Quark Drive|[silent]
|switch|p1a: Rotom|Rotom-Wash, shiny|10/100 tox
|-damage|p1a: Rotom|0 fnt|[from] Stealth Rock
|faint|p1a: Rotom
|move|p2a: Gholdengo|Nasty Plot|p2a: Gholdengo
|-boost|p2a: Gholdengo|spa|2
|
|
|switch|p1a: Iron Valiant|Iron Valiant, shiny|100/100
|-damage|p1a: Iron Valiant|88/100|[from] Stealth Rock
|turn|31
|
|move|p1a: Iron Valiant|Shadow Ball|p2a: Gholdengo
|-supereffective|p2a: Gholdengo
|-damage|p2a: Gholdengo|5/100
|-enditem|p2a: Gholdengo|Air Balloon
|move|p2a: Gholdengo|Make It Rain|p1a: Iron Valiant
|-damage|p1a: Iron Valiant|0 fnt
|-unboost|p2a: Gholdengo|spa|1
|replace|p1a: Zoroark|Zoroark-Hisui, M
|-end|p1a: Zoroark|Illusion
|faint|p1a: Zoroark
|
|
|switch|p1a: Iron Valiant|Iron Valiant, shiny|85/100
|-damage|p1a: Iron Valiant|78/100|[from] Stealth Rock
|turn|32
|
|move|p1a: Iron Valiant|Knock Off|p2a: Gholdengo
|-supereffective|p2a: Gholdengo
|-damage|p2a: Gholdengo|0 fnt
|faint|p2a: Gholdengo
|-damage|p1a: Iron Valiant|69/100|[from] item: Life Orb
|
|
|switch|p2a: Hatterene|Hatterene, F|100/100
|turn|33
|
|-end|p1a: Iron Valiant|Quark Drive|[silent]
|switch|p1a: Toedscruel|Toedscruel, F|82/100 tox
|-damage|p1a: Toedscruel|76/100 tox|[from] Stealth Rock
|move|p2a: Hatterene|Calm Mind|p2a: Hatterene
|-boost|p2a: Hatterene|spa|1
|-boost|p2a: Hatterene|spd|1
|
|-heal|p1a: Toedscruel|82/100 tox|[from] item: Leftovers
|-damage|p1a: Toedscruel|76/100 tox|[from] psn
|turn|34
|
|move|p2a: Hatterene|Calm Mind|p2a: Hatterene
|-boost|p2a: Hatterene|spa|1
|-boost|p2a: Hatterene|spd|1
|move|p1a: Toedscruel|Spore|p2a: Hatterene
|-status|p2a: Hatterene|slp|[from] move: Spore
|
|-heal|p1a: Toedscruel|82/100 tox|[from] item: Leftovers
|-damage|p1a: Toedscruel|70/100 tox|[from] psn
|turn|35
|
|cant|p2a: Hatterene|slp
|move|p1a: Toedscruel|Leech Seed|p2a: Hatterene
|-start|p2a: Hatterene|move: Leech Seed
|
|-heal|p1a: Toedscruel|76/100 tox|[from] item: Leftovers
|-damage|p2a: Hatterene|88/100 slp|[from] Leech Seed|[of] p1a: Toedscruel
|-heal|p1a: Toedscruel|86/100 tox|[silent]
|-damage|p1a: Toedscruel|68/100 tox|[from] psn
|turn|36
|
|switch|p1a: Ursaluna|Ursaluna, F|88/100 brn
|-damage|p1a: Ursaluna|82/100 brn|[from] Stealth Rock
|cant|p2a: Hatterene|slp
|
|-heal|p2a: Hatterene|94/100 slp|[from] item: Leftovers
|-damage|p2a: Hatterene|82/100 slp|[from] Leech Seed|[of] p1a: Ursaluna
|-heal|p1a: Ursaluna|91/100 brn|[silent]
|-damage|p1a: Ursaluna|85/100 brn|[from] brn
|turn|37
|
|-terastallize|p1a: Ursaluna|Normal
|move|p1a: Ursaluna|Facade|p2a: Hatterene
|-damage|p2a: Hatterene|0 fnt
|faint|p2a: Hatterene
|
|-damage|p1a: Ursaluna|79/100 brn|[from] brn
|
|switch|p2a: Frank Horrigan|Grimmsnarl, M|76/100
|turn|38
|
|move|p2a: Frank Horrigan|Spirit Break|p1a: Ursaluna
|-damage|p1a: Ursaluna|58/100 brn
|-unboost|p1a: Ursaluna|spa|1
|move|p1a: Ursaluna|Swords Dance|p1a: Ursaluna
|-boost|p1a: Ursaluna|atk|2
|
|-damage|p1a: Ursaluna|52/100 brn|[from] brn
|turn|39
|
|move|p2a: Frank Horrigan|Spirit Break|p1a: Ursaluna
|-damage|p1a: Ursaluna|29/100 brn
|-unboost|p1a: Ursaluna|spa|1
|move|p1a: Ursaluna|Facade|p2a: Frank Horrigan
|-damage|p2a: Frank Horrigan|0 fnt
|faint|p2a: Frank Horrigan
|
|win|Sr.wez1ng
