|poke|p1|Kleavor, F|
|poke|p1|Pelipper, F|
|poke|p1|Basculegion, M|
|poke|p1|Iron Treads|
|poke|p1|Rabsca, F|
|poke|p1|Dragonite, F|
|poke|p2|Avalugg-Hisui, M|
|poke|p2|Slither Wing|
|poke|p2|Amoonguss, M|
|poke|p2|Zoroark-Hisui, F|
|poke|p2|Dragonite, M|
|poke|p2|Basculegion, M|
|teampreview
|
|start
|switch|p1a: Kleavor|Kleavor, F|100/100
|switch|p2a: GISH|Basculegion, M|100/100
|turn|1
|
|move|p1a: Kleavor|Night Slash|p2a: GISH
|-supereffective|p2a: GISH
|-damage|p2a: GISH|12/100
|move|p2a: GISH|Wave Crash|p1a: Kleavor
|-supereffective|p1a: Kleavor
|-crit|p1a: Kleavor
|-enditem|p1a: Kleavor|Focus Sash
|-damage|p1a: Kleavor|1/100
|-damage|p2a: GISH|0 fnt|[from] Recoil
|faint|p2a: GISH
|
|
|switch|p2a: THE HUG BUG|Slither Wing|100/100
|turn|2
|
|switch|p1a: Pelipper|Pelipper, F|100/100
|-weather|RainDance|[from] ability: Drizzle|[of] p1a: Pelipper
|move|p2a: THE HUG BUG|First Impression|p1a: Pelipper
|-resisted|p1a: Pelipper
|-damage|p1a: Pelipper|69/100
|
|-weather|RainDance|[upkeep]
|turn|3
|
|-end|p2a: THE HUG BUG|Protosynthesis|[silent]
|switch|p2a: MUCORMYCOSIS|Amoonguss, M|100/100
|move|p1a: Pelipper|Hurricane|p2a: MUCORMYCOSIS
|-supereffective|p2a: MUCORMYCOSIS
|-damage|p2a: MUCORMYCOSIS|27/100
|
|-weather|RainDance|[upkeep]
|-heal|p2a: MUCORMYCOSIS|33/100|[from] item: Leftovers
|turn|4
|
|switch|p2a: LIYU|Dragonite, M|100/100
|move|p1a: Pelipper|Hurricane|p2a: LIYU
|-crit|p2a: LIYU
|-damage|p2a: LIYU|71/100
|
|-weather|RainDance|[upkeep]
|turn|5
|
|switch|p1a: Basculegion|Basculegion, M|100/100
|move|p2a: LIYU|Dragon Dance|p2a: LIYU
|-boost|p2a: LIYU|atk|1
|-boost|p2a: LIYU|spe|1
|
|-weather|RainDance|[upkeep]
|turn|6
|
|move|p1a: Basculegion|Wave Crash|p2a: LIYU
|-resisted|p2a: LIYU
|-damage|p2a: LIYU|0 fnt
|faint|p2a: LIYU
|-damage|p1a: Basculegion|80/100|[from] Recoil
|
|-weather|RainDance|[upkeep]
|
|switch|p2a: MUCORMYCOSIS|Amoonguss, M|66/100
|turn|7
|
|-terastallize|p1a: Basculegion|Water
|move|p1a: Basculegion|Wave Crash|p2a: MUCORMYCOSIS
|-resisted|p2a: MUCORMYCOSIS
|-damage|p2a: MUCORMYCOSIS|5/100
|-damage|p1a: Basculegion|57/100|[from] Recoil
|move|p2a: MUCORMYCOSIS|Giga Drain|p1a: Basculegion
|-supereffective|p1a: Basculegion
|-damage|p1a: Basculegion|3/100
|-heal|p2a: MUCORMYCOSIS|29/100|[from] drain|[of] p1a: Basculegion
|
|-weather|RainDance|[upkeep]
|-heal|p2a: MUCORMYCOSIS|35/100|[from] item: Leftovers
|turn|8
|
|move|p1a: Basculegion|Wave Crash|p2a: MUCORMYCOSIS
|-resisted|p2a: MUCORMYCOSIS
|-damage|p2a: MUCORMYCOSIS|0 fnt
|faint|p2a: MUCORMYCOSIS
|-damage|p1a: Basculegion|0 fnt|[from] Recoil
|faint|p1a: Basculegion
|
|-weather|RainDance|[upkeep]
|
|switch|p1a: Rabsca|Rabsca, F|100/100
|switch|p2a: THEY CALL HIM|Avalugg-Hisui, M|100/100
|turn|9
|
|move|p2a: THEY CALL HIM|Shadow Ball|p1a: Rabsca
|-supereffective|p1a: Rabsca
|-enditem|p1a: Rabsca|Focus Sash
|-damage|p1a: Rabsca|1/100
|move|p1a: Rabsca|Trick Room|p1a: Rabsca
|-fieldstart|move: Trick Room|[of] p1a: Rabsca
|
|-weather|none
|turn|10
|
|move|p1a: Rabsca|Revival Blessing|p1a: Rabsca
|
|-heal|p1: Basculegion|50/100|[from] move: Revival Blessing
|move|p2a: THEY CALL HIM|Shadow Ball|p1a: Rabsca
|-supereffective|p1a: Rabsca
|-damage|p1a: Rabsca|0 fnt
|faint|p1a: Rabsca
|
|
|switch|p1a: Kleavor|Kleavor, F|1/100
|turn|11
|
|switch|p2a: THEY CALL HIM|Avalugg-Hisui, M|100/100
|move|p1a: Kleavor|Stone Axe|p2a: THEY CALL HIM
|-supereffective|p2a: THEY CALL HIM
|-damage|p2a: THEY CALL HIM|61/100
|-sidestart|p2: ANTZ Durant Colony|move: Stealth Rock
|
|turn|12
|
|switch|p1a: Pelipper|Pelipper, F|69/100
|-weather|RainDance|[from] ability: Drizzle|[of] p1a: Pelipper
|move|p2a: THEY CALL HIM|Rapid Spin|p1a: Pelipper
|-damage|p1a: Pelipper|58/100
|-boost|p2a: THEY CALL HIM|spe|1
|-sideend|p2: ANTZ Durant Colony|Stealth Rock|[from] move: Rapid Spin|[of] p2a: THEY CALL HIM
|
|-weather|RainDance|[upkeep]
|turn|13
|
|switch|p2a: THEY CALL HIM|Avalugg-Hisui, M|100/100
|switch|p1a: Kleavor|Kleavor, F|1/100
|
|-weather|RainDance|[upkeep]
|-fieldend|move: Trick Room
|turn|14
|
|move|p2a: THEY CALL HIM|Shadow Ball|p1a: Kleavor
|-damage|p1a: Kleavor|0 fnt
|faint|p1a: Kleavor
|
|-weather|RainDance|[upkeep]
|
|switch|p1a: Iron Treads|Iron Treads|100/100
|turn|15
|
|switch|p2a: THEY CALL HIM|Avalugg-Hisui, M|61/100
|move|p1a: Iron Treads|Iron Head|p2a: THEY CALL HIM
|-supereffective|p2a: THEY CALL HIM
|-damage|p2a: THEY CALL HIM|0 fnt
|faint|p2a: THEY CALL HIM
|
|-weather|RainDance|[upkeep]
|
|switch|p2a: THE HUG BUG|Slither Wing|100/100
|turn|16
|
|move|p1a: Iron Treads|Iron Head|p2a: THE HUG BUG
|-damage|p2a: THE HUG BUG|47/100
|cant|p2a: THE HUG BUG|flinch
|
|-weather|RainDance|[upkeep]
|turn|17
|
|-end|p2a: THE HUG BUG|Protosynthesis|[silent]
|switch|p2a: THE HUG BUG|Slither Wing|100/100
|move|p1a: Iron Treads|Iron Head|p2a: THE HUG BUG
|-damage|p2a: THE HUG BUG|16/100
|replace|p2a: CURTAINS|Zoroark-Hisui, F
|-end|p2a: CURTAINS|Illusion
|
|-weather|RainDance|[upkeep]
|turn|18
|
|-terastallize|p2a: CURTAINS|Ghost
|move|p2a: CURTAINS|Shadow Ball|p1a: Iron Treads
|-damage|p1a: Iron Treads|21/100
|move|p1a: Iron Treads|Iron Head|p2a: CURTAINS
|-damage|p2a: CURTAINS|0 fnt
|faint|p2a: CURTAINS
|
|-weather|RainDance|[upkeep]
|
|switch|p2a: THE HUG BUG|Slither Wing|47/100
|turn|19
|
|move|p2a: THE HUG BUG|First Impression|p1a: Iron Treads
|-resisted|p1a: Iron Treads
|-damage|p1a: Iron Treads|0 fnt
|faint|p1a: Iron Treads
|-end|p1a: Iron Treads|Quark Drive|[silent]
|
|-weather|none
|
|switch|p1a: Pelipper|Pelipper, F|58/100
|-weather|RainDance|[from] ability: Drizzle|[of] p1a: Pelipper
|turn|20
|
|move|p2a: THE HUG BUG|First Impression||[still]
|-hint|First Impression only works on your first turn out.
|-fail|p2a: THE HUG BUG
|move|p1a: Pelipper|Hurricane|p2a: THE HUG BUG
|-supereffective|p2a: THE HUG BUG
|-damage|p2a: THE HUG BUG|0 fnt
|faint|p2a: THE HUG BUG
|-end|p2a: THE HUG BUG|Protosynthesis|[silent]
|
|win|LowELOtest
