|poke|p1|Kleavor, F|
|poke|p1|Pelipper, F|
|poke|p1|Basculegion-F, F|
|poke|p1|Great Tusk|
|poke|p1|Rillaboom, M|
|poke|p1|Sneasler, M|
|poke|p2|Sneasler, F|
|poke|p2|Zamazenta-*|
|poke|p2|Ursaluna, M|
|poke|p2|Walking Wake|
|poke|p2|Scizor, F|
|poke|p2|Chien-Pao|
|teampreview
|
|start
|switch|p1a: Pelippo|Pelipper, F|100/100
|switch|p2a: Sneasler|Sneasler, F|100/100
|-item|p2a: Sneasler|Air Balloon
|-weather|RainDance|[from] ability: Drizzle|[of] p1a: Pelippo
|turn|1
|
|move|p2a: Sneasler|Substitute|p2a: Sneasler
|-start|p2a: Sneasler|Substitute
|-damage|p2a: Sneasler|76/100
|move|p1a: Pelippo|Hurricane|p2a: Sneasler
|-supereffective|p2a: Sneasler
|-end|p2a: Sneasler|Substitute
|-enditem|p2a: Sneasler|Air Balloon
|
|-weather|RainDance|[upkeep]
|turn|2
|
|move|p2a: Sneasler|Substitute|p2a: Sneasler
|-start|p2a: Sneasler|Substitute
|-damage|p2a: Sneasler|51/100
|move|p1a: Pelippo|Hurricane|p2a: Sneasler
|-supereffective|p2a: Sneasler
|-crit|p2a: Sneasler
|-end|p2a: Sneasler|Substitute
|
|-weather|RainDance|[upkeep]
|turn|3
|
|move|p2a: Sneasler|Substitute|p2a: Sneasler
|-start|p2a: Sneasler|Substitute
|-damage|p2a: Sneasler|26/100
|move|p1a: Pelippo|Hurricane|p2a: Sneasler
|-supereffective|p2a: Sneasler
|-end|p2a: Sneasler|Substitute
|
|-weather|RainDance|[upkeep]
|turn|4
|
|move|p2a: Sneasler|Substitute|p2a: Sneasler
|-start|p2a: Sneasler|Substitute
|-damage|p2a: Sneasler|1/100
|move|p1a: Pelippo|Hurricane|p2a: Sneasler
|-supereffective|p2a: Sneasler
|-end|p2a: Sneasler|Substitute
|
|-weather|RainDance|[upkeep]
|turn|5
|
|move|p2a: Sneasler|Acrobatics|p1a: Pelippo
|-damage|p1a: Pelippo|71/100
|move|p1a: Pelippo|U-turn|p2a: Sneasler
|-resisted|p2a: Sneasler
|-crit|p2a: Sneasler
|-damage|p2a: Sneasler|0 fnt
|faint|p2a: Sneasler
|
|switch|p1a: Tata|Kleavor, F|100/100|[from] U-turn
|
|-weather|RainDance|[upkeep]
|
|switch|p2a: Walking Wake|Walking Wake|100/100
|-enditem|p2a: Walking Wake|Booster Energy
|-activate|p2a: Walking Wake|ability: Protosynthesis|[fromitem]
|-start|p2a: Walking Wake|protosynthesisspa
|turn|6
|
|move|p2a: Walking Wake|Agility|p2a: Walking Wake
|-boost|p2a: Walking Wake|spe|2
|move|p1a: Tata|Stone Axe|p2a: Walking Wake
|-damage|p2a: Walking Wake|46/100
|-sidestart|p2: hioerfovofd|move: Stealth Rock
|
|-weather|RainDance|[upkeep]
|turn|7
|
|move|p2a: Walking Wake|Hydro Pump|p1a: Tata
|-supereffective|p1a: Tata
|-enditem|p1a: Tata|Focus Sash
|-damage|p1a: Tata|1/100
|move|p1a: Tata|Stone Axe|p2a: Walking Wake
|-damage|p2a: Walking Wake|0 fnt
|faint|p2a: Walking Wake
|-end|p2a: Walking Wake|Protosynthesis|[silent]
|
|-weather|RainDance|[upkeep]
|
|switch|p2a: Zamazenta|Zamazenta, shiny|100/100
|-damage|p2a: Zamazenta|94/100|[from] Stealth Rock
|-ability|p2a: Zamazenta|Dauntless Shield|boost
|-boost|p2a: Zamazenta|def|1
|turn|8
|
|move|p2a: Zamazenta|Crunch|p1a: Tata
|-damage|p1a: Tata|0 fnt
|faint|p1a: Tata
|
|-weather|none
|
|switch|p1a: Pelippo|Pelipper, F|71/100
|-weather|RainDance|[from] ability: Drizzle|[of] p1a: Pelippo
|turn|9
|
|move|p2a: Zamazenta|Crunch|p1a: Pelippo
|-damage|p1a: Pelippo|48/100
|move|p1a: Pelippo|Hurricane|p2a: Zamazenta
|-supereffective|p2a: Zamazenta
|-damage|p2a: Zamazenta|55/100
|
|-weather|RainDance|[upkeep]
|turn|10
|
|move|p2a: Zamazenta|Crunch|p1a: Pelippo
|-damage|p1a: Pelippo|27/100
|move|p1a: Pelippo|Roost|p1a: Pelippo
|-heal|p1a: Pelippo|77/100
|-singleturn|p1a: Pelippo|move: Roost
|
|-weather|RainDance|[upkeep]
|turn|11
|
|switch|p2a: Chien-Pao|Chien-Pao|100/100
|-damage|p2a: Chien-Pao|76/100|[from] Stealth Rock
|-ability|p2a: Chien-Pao|Sword of Ruin
|move|p1a: Pelippo|Hurricane|p2a: Chien-Pao
|-damage|p2a: Chien-Pao|18/100
|
|-weather|RainDance|[upkeep]
|turn|12
|
|-terastallize|p2a: Chien-Pao|Dark
|move|p2a: Chien-Pao|Crunch|p1a: Pelippo
|-damage|p1a: Pelippo|0 fnt
|faint|p1a: Pelippo
|
|-weather|RainDance|[upkeep]
|
|switch|p1a: Basculona|Basculegion-F, F|100/100
|turn|13
|
|switch|p2a: Ursaluna|Ursaluna, M|100/100
|-damage|p2a: Ursaluna|94/100|[from] Stealth Rock
|-terastallize|p1a: Basculona|Water
|move|p1a: Basculona|Surf|p2a: Ursaluna
|-supereffective|p2a: Ursaluna
|-damage|p2a: Ursaluna|0 fnt
|faint|p2a: Ursaluna
|
|-weather|RainDance|[upkeep]
|
|switch|p2a: Chien-Pao|Chien-Pao, tera:Dark|18/100
|-damage|p2a: Chien-Pao|5/100|[from] Stealth Rock
|-ability|p2a: Chien-Pao|Sword of Ruin
|turn|14
|
|switch|p1a: No-hated Lando|Great Tusk|100/100
|move|p2a: Chien-Pao|Sucker Punch||[still]
|-fail|p2a: Chien-Pao
|
|-weather|RainDance|[upkeep]
|turn|15
|
|move|p2a: Chien-Pao|Sucker Punch|p1a: No-hated Lando
|-resisted|p1a: No-hated Lando
|-damage|p1a: No-hated Lando|70/100
|move|p1a: No-hated Lando|Knock Off|p2a: Chien-Pao
|-resisted|p2a: Chien-Pao
|-damage|p2a: Chien-Pao|0 fnt
|-enditem|p2a: Chien-Pao|Choice Band|[from] move: Knock Off|[of] p1a: No-hated Lando
|faint|p2a: Chien-Pao
|
|-weather|RainDance|[upkeep]
|-message|hioerfovofd forfeited.
|
|win|adpg.alt
