|poke|p1|Urshifu-*, M|
|poke|p1|Tinkaton, F|
|poke|p1|Hydreigon, M|
|poke|p1|Slowbro-Galar, M|
|poke|p1|Dondozo, M|
|poke|p1|Iron Valiant|
|poke|p2|Tauros-Paldea-Aqua, M|
|poke|p2|Gholdengo|
|poke|p2|Enamorus, F|
|poke|p2|Volcarona, F|
|poke|p2|Uxie|
|poke|p2|Great Tusk|
|teampreview
|
|start
|switch|p1a: Tinkaton|Tinkaton, F|100/100
|switch|p2a: Enamorus|Enamorus, F|100/100
|-ability|p1a: Tinkaton|Mold Breaker
|turn|1
|
|switch|p2a: Gholdengo|Gholdengo|100/100
|move|p1a: Tinkaton|Steel Beam|p2a: Gholdengo
|-resisted|p2a: Gholdengo
|-damage|p2a: Gholdengo|80/100
|-damage|p1a: Tinkaton|50/100|[from] steelbeam
|-damage|p1a: Tinkaton|40/100|[from] item: Life Orb
|
|-heal|p2a: Gholdengo|86/100|[from] item: Leftovers
|turn|2
|
|move|p1a: Tinkaton|Stealth Rock|p2a: Gholdengo
|-sidestart|p2: p2|move: Stealth Rock
|move|p2a: Gholdengo|Thunder Wave|p1a: Tinkaton
|-status|p1a: Tinkaton|par
|
|-heal|p2a: Gholdengo|92/100|[from] item: Leftovers
|turn|3
|
|move|p2a: Gholdengo|Hex|p1a: Tinkaton
|-damage|p1a: Tinkaton|0 fnt
|faint|p1a: Tinkaton
|
|-heal|p2a: Gholdengo|98/100|[from] item: Leftovers
|
|switch|p1a: Hydreigon|Hydreigon, M|100/100
|turn|4
|
|switch|p2a: Enamorus|Enamorus, F|100/100
|-damage|p2a: Enamorus|76/100|[from] Stealth Rock
|move|p1a: Hydreigon|Substitute|p1a: Hydreigon
|-start|p1a: Hydreigon|Substitute
|-damage|p1a: Hydreigon|76/100
|
|-heal|p1a: Hydreigon|82/100|[from] item: Leftovers
|turn|5
|
|move|p2a: Enamorus|Mystical Fire|p1a: Hydreigon
|-resisted|p1a: Hydreigon
|-activate|p1a: Hydreigon|move: Substitute|[damage]
|move|p1a: Hydreigon|Dark Pulse|p2a: Enamorus
|-resisted|p2a: Enamorus
|-damage|p2a: Enamorus|45/100
|
|-heal|p1a: Hydreigon|88/100|[from] item: Leftovers
|turn|6
|
|switch|p2a: Tauros|Tauros-Paldea-Aqua, M|100/100
|-damage|p2a: Tauros|94/100|[from] Stealth Rock
|-ability|p2a: Tauros|Intimidate|boost
|-immune|p1a: Hydreigon
|move|p1a: Hydreigon|Dark Pulse|p2a: Tauros
|-resisted|p2a: Tauros
|-damage|p2a: Tauros|62/100
|
|-heal|p1a: Hydreigon|94/100|[from] item: Leftovers
|-heal|p2a: Tauros|69/100|[from] item: Leftovers
|turn|7
|
|move|p1a: Hydreigon|Earth Power|p2a: Tauros
|-damage|p2a: Tauros|21/100
|move|p2a: Tauros|Body Press|p1a: Hydreigon
|-supereffective|p1a: Hydreigon
|-end|p1a: Hydreigon|Substitute
|
|-heal|p1a: Hydreigon|99/100|[from] item: Leftovers
|-heal|p2a: Tauros|28/100|[from] item: Leftovers
|turn|8
|
|move|p1a: Hydreigon|Substitute|p1a: Hydreigon
|-start|p1a: Hydreigon|Substitute
|-damage|p1a: Hydreigon|75/100
|move|p2a: Tauros|Body Press|p1a: Hydreigon
|-supereffective|p1a: Hydreigon
|-end|p1a: Hydreigon|Substitute
|
|-heal|p1a: Hydreigon|81/100|[from] item: Leftovers
|-heal|p2a: Tauros|34/100|[from] item: Leftovers
|turn|9
|
|move|p1a: Hydreigon|Earth Power|p2a: Tauros
|-damage|p2a: Tauros|0 fnt
|faint|p2a: Tauros
|
|-heal|p1a: Hydreigon|88/100|[from] item: Leftovers
|
|switch|p2a: Enamorus|Enamorus, F|45/100
|-damage|p2a: Enamorus|20/100|[from] Stealth Rock
|turn|10
|
|switch|p1a: Slowbro|Slowbro-Galar, M|100/100
|move|p2a: Enamorus|Moonblast|p1a: Slowbro
|-resisted|p1a: Slowbro
|-damage|p1a: Slowbro|73/100
|
|turn|11
|
|switch|p2a: Uxie|Uxie|100/100
|-damage|p2a: Uxie|88/100|[from] Stealth Rock
|move|p1a: Slowbro|Nasty Plot|p1a: Slowbro
|-boost|p1a: Slowbro|spa|2
|
|-heal|p2a: Uxie|94/100|[from] item: Leftovers
|turn|12
|
|move|p2a: Uxie|Yawn|p1a: Slowbro
|-start|p1a: Slowbro|move: Yawn|[of] p2a: Uxie
|move|p1a: Slowbro|Sludge Bomb|p2a: Uxie
|-damage|p2a: Uxie|42/100
|
|-heal|p2a: Uxie|48/100|[from] item: Leftovers
|turn|13
|
|switch|p1a: Hydreigon|Hydreigon, M|88/100
|move|p2a: Uxie|U-turn|p1a: Hydreigon
|-supereffective|p1a: Hydreigon
|-damage|p1a: Hydreigon|61/100
|
|switch|p2a: Volcarona|Volcarona, F|100/100|[from] U-turn
|
|-heal|p1a: Hydreigon|67/100|[from] item: Leftovers
|turn|14
|
|move|p1a: Hydreigon|Dark Pulse|p2a: Volcarona
|-damage|p2a: Volcarona|66/100
|move|p2a: Volcarona|Quiver Dance|p2a: Volcarona
|-boost|p2a: Volcarona|spa|1
|-boost|p2a: Volcarona|spd|1
|-boost|p2a: Volcarona|spe|1
|
|-heal|p1a: Hydreigon|73/100|[from] item: Leftovers
|turn|15
|
|move|p2a: Volcarona|Fiery Dance|p1a: Hydreigon
|-resisted|p1a: Hydreigon
|-damage|p1a: Hydreigon|44/100
|move|p1a: Hydreigon|Dark Pulse|p2a: Volcarona
|-damage|p2a: Volcarona|42/100
|
|-heal|p1a: Hydreigon|50/100|[from] item: Leftovers
|turn|16
|
|move|p2a: Volcarona|Morning Sun|p2a: Volcarona
|-heal|p2a: Volcarona|92/100
|move|p1a: Hydreigon|Nasty Plot|p1a: Hydreigon
|-boost|p1a: Hydreigon|spa|2
|
|-heal|p1a: Hydreigon|56/100|[from] item: Leftovers
|turn|17
|
|move|p2a: Volcarona|Fiery Dance|p1a: Hydreigon
|-resisted|p1a: Hydreigon
|-damage|p1a: Hydreigon|28/100
|move|p1a: Hydreigon|Dark Pulse|p2a: Volcarona
|-damage|p2a: Volcarona|46/100
|
|-heal|p1a: Hydreigon|34/100|[from] item: Leftovers
|turn|18
|
|move|p2a: Volcarona|Morning Sun|p2a: Volcarona
|-heal|p2a: Volcarona|96/100
|move|p1a: Hydreigon|Dark Pulse|p2a: Volcarona
|-damage|p2a: Volcarona|49/100
|
|-heal|p1a: Hydreigon|40/100|[from] item: Leftovers
|turn|19
|
|move|p2a: Volcarona|Fiery Dance|p1a: Hydreigon
|-resisted|p1a: Hydreigon
|-damage|p1a: Hydreigon|10/100
|move|p1a: Hydreigon|Dark Pulse|p2a: Volcarona
|-damage|p2a: Volcarona|1/100
|
|-heal|p1a: Hydreigon|16/100|[from] item: Leftovers
|turn|20
|
|move|p2a: Volcarona|Fiery Dance|p1a: Hydreigon
|-resisted|p1a: Hydreigon
|-damage|p1a: Hydreigon|0 fnt
|faint|p1a: Hydreigon
|
|
|switch|p1a: Urshifu|Urshifu-Rapid-Strike, M|100/100
|turn|21
|
|switch|p2a: Uxie|Uxie|48/100
|-damage|p2a: Uxie|36/100|[from] Stealth Rock
|move|p1a: Urshifu|Aqua Jet|p2a: Uxie
|-damage|p2a: Uxie|12/100
|-damage|p1a: Urshifu|91/100|[from] item: Life Orb
|
|-heal|p2a: Uxie|19/100|[from] item: Leftovers
|turn|22
|
|move|p1a: Urshifu|Aqua Jet|p2a: Uxie
|-damage|p2a: Uxie|0 fnt
|faint|p2a: Uxie
|-damage|p1a: Urshifu|81/100|[from] item: Life Orb
|
|
|switch|p2a: Gholdengo|Gholdengo|98/100
|-damage|p2a: Gholdengo|92/100|[from] Stealth Rock
|turn|23
|
|move|p1a: Urshifu|Surging Strikes|p2a: Gholdengo
|-crit|p2a: Gholdengo
|-damage|p2a: Gholdengo|74/100
|-crit|p2a: Gholdengo
|-damage|p2a: Gholdengo|55/100
|-crit|p2a: Gholdengo
|-damage|p2a: Gholdengo|37/100
|-hitcount|p2a: Gholdengo|3
|-damage|p1a: Urshifu|71/100|[from] item: Life Orb
|move|p2a: Gholdengo|Thunder Wave|p1a: Urshifu
|-status|p1a: Urshifu|par
|
|-heal|p2a: Gholdengo|43/100|[from] item: Leftovers
|turn|24
|
|move|p2a: Gholdengo|Recover|p2a: Gholdengo
|-heal|p2a: Gholdengo|93/100
|cant|p1a: Urshifu|par
|
|-heal|p2a: Gholdengo|99/100|[from] item: Leftovers
|turn|25
|
|move|p2a: Gholdengo|Nasty Plot|p2a: Gholdengo
|-boost|p2a: Gholdengo|spa|2
|move|p1a: Urshifu|Surging Strikes|p2a: Gholdengo
|-crit|p2a: Gholdengo
|-damage|p2a: Gholdengo|81/100
|-crit|p2a: Gholdengo
|-damage|p2a: Gholdengo|63/100
|-crit|p2a: Gholdengo
|-damage|p2a: Gholdengo|46/100
|-hitcount|p2a: Gholdengo|3
|-damage|p1a: Urshifu|61/100 par|[from] item: Life Orb
|
|-heal|p2a: Gholdengo|52/100|[from] item: Leftovers
|turn|26
|
|move|p2a: Gholdengo|Hex|p1a: Urshifu
|-damage|p1a: Urshifu|0 fnt
|faint|p1a: Urshifu
|
|-heal|p2a: Gholdengo|58/100|[from] item: Leftovers
|
|switch|p1a: Iron Valiant|Iron Valiant|100/100
|-enditem|p1a: Iron Valiant|Booster Energy
|-activate|p1a: Iron Valiant|ability: Quark Drive|[fromitem]
|-start|p1a: Iron Valiant|quarkdrivespe
|turn|27
|
|-terastallize|p1a: Iron Valiant|Electric
|-terastallize|p2a: Gholdengo|Fairy
|move|p1a: Iron Valiant|Calm Mind|p1a: Iron Valiant
|-boost|p1a: Iron Valiant|spa|1
|-boost|p1a: Iron Valiant|spd|1
|move|p2a: Gholdengo|Hex|p1a: Iron Valiant
|-damage|p1a: Iron Valiant|30/100
|
|-heal|p2a: Gholdengo|64/100|[from] item: Leftovers
|turn|28
|
|move|p1a: Iron Valiant|Moonblast|p2a: Gholdengo
|-crit|p2a: Gholdengo
|-damage|p2a: Gholdengo|0 fnt
|faint|p2a: Gholdengo
|
|
|switch|p2a: Great Tusk|Great Tusk|100/100
|-damage|p2a: Great Tusk|98/100|[from] Stealth Rock
|turn|29
|
|move|p1a: Iron Valiant|Moonblast|p2a: Great Tusk
|-supereffective|p2a: Great Tusk
|-crit|p2a: Great Tusk
|-damage|p2a: Great Tusk|0 fnt
|faint|p2a: Great Tusk
|-end|p2a: Great Tusk|Protosynthesis|[silent]
|
|
|switch|p2a: Enamorus|Enamorus, F|20/100
|-damage|p2a: Enamorus|0 fnt|[from] Stealth Rock
|faint|p2a: Enamorus
|
|switch|p2a: Volcarona|Volcarona, F|1/100
|turn|30
|
|move|p1a: Iron Valiant|Moonblast|p2a: Volcarona
|-resisted|p2a: Volcarona
|-damage|p2a: Volcarona|0 fnt
|faint|p2a: Volcarona
|
|win|p1
