|poke|p1|Enamorus, F|
|poke|p1|Thundurus-Therian, M|
|poke|p1|Chien-Pao|
|poke|p1|Great Tusk|
|poke|p1|Volcanion|
|poke|p1|Zamazenta-*|
|poke|p2|Samurott-Hisui, F|
|poke|p2|Landorus-Therian, M|
|poke|p2|Dragapult, M|
|poke|p2|Sneasler, M|
|poke|p2|Gholdengo|
|poke|p2|Magearna|
|teampreview
|
|start
|switch|p1a: Security!|Enamorus, F|100/100
|switch|p2a: Samurott|Samurott-Hisui, F|100/100
|turn|1
|
|switch|p2a: Gholdengo|Gholdengo|100/100
|move|p1a: Security!|Moonblast|p2a: Gholdengo
|-resisted|p2a: Gholdengo
|-damage|p2a: Gholdengo|76/100
|
|turn|2
|
|switch|p1a: Peroxide|Volcanion|100/100
|move|p2a: Gholdengo|Make It Rain|p1a: Peroxide
|-resisted|p1a: Peroxide
|-damage|p1a: Peroxide|86/100
|-unboost|p2a: Gholdengo|spa|1
|
|turn|3
|
|switch|p2a: Samurott|Samurott-Hisui, F|100/100
|move|p1a: Peroxide|Substitute|p1a: Peroxide
|-start|p1a: Peroxide|Substitute
|-damage|p1a: Peroxide|61/100
|
|turn|4
|
|move|p2a: Samurott|Ceaseless Edge|p1a: Peroxide
|-end|p1a: Peroxide|Substitute
|-sidestart|p1: p1|Spikes
|move|p1a: Peroxide|Steam Eruption|p2a: Samurott
|-resisted|p2a: Samurott
|-damage|p2a: Samurott|68/100
|
|turn|5
|
|move|p2a: Samurott|Ceaseless Edge|p1a: Peroxide
|-damage|p1a: Peroxide|23/100
|-sidestart|p1: p1|Spikes
|move|p1a: Peroxide|Steam Eruption|p2a: Samurott
|-resisted|p2a: Samurott
|-damage|p2a: Samurott|36/100
|-status|p2a: Samurott|brn
|
|-damage|p2a: Samurott|29/100 brn|[from] brn
|turn|6
|
|move|p2a: Samurott|Ceaseless Edge|p1a: Peroxide
|-damage|p1a: Peroxide|6/100
|-sidestart|p1: p1|Spikes
|move|p1a: Peroxide|Steam Eruption|p2a: Samurott
|-resisted|p2a: Samurott
|-damage|p2a: Samurott|0 fnt
|faint|p2a: Samurott
|
|
|switch|p2a: Sneasler|Sneasler, M|100/100
|turn|7
|
|move|p2a: Sneasler|U-turn|p1a: Peroxide
|-resisted|p1a: Peroxide
|-damage|p1a: Peroxide|0 fnt
|faint|p1a: Peroxide
|
|switch|p2a: Magearna|Magearna|100/100|[from] U-turn
|
|
|switch|p1a: Cc|Great Tusk|100/100
|-damage|p1a: Cc|76/100|[from] Spikes
|turn|8
|
|-terastallize|p2a: Magearna|Water
|move|p1a: Cc|Rapid Spin|p2a: Magearna
|-damage|p2a: Magearna|86/100
|-boost|p1a: Cc|spe|1
|-sideend|p1: p1|Spikes|[from] move: Rapid Spin|[of] p1a: Cc
|move|p2a: Magearna|Shift Gear|p2a: Magearna
|-boost|p2a: Magearna|spe|2
|-boost|p2a: Magearna|atk|1
|
|-heal|p2a: Magearna|92/100|[from] item: Leftovers
|-heal|p1a: Cc|82/100|[from] item: Leftovers
|turn|9
|
|-end|p1a: Cc|Protosynthesis|[silent]
|switch|p1a: AAA Powerline|Thundurus-Therian, M|100/100
|move|p2a: Magearna|Shift Gear|p2a: Magearna
|-boost|p2a: Magearna|spe|2
|-boost|p2a: Magearna|atk|1
|
|-heal|p2a: Magearna|98/100|[from] item: Leftovers
|turn|10
|
|move|p2a: Magearna|Calm Mind|p2a: Magearna
|-boost|p2a: Magearna|spa|1
|-boost|p2a: Magearna|spd|1
|move|p1a: AAA Powerline|Thunderbolt|p2a: Magearna
|-supereffective|p2a: Magearna
|-damage|p2a: Magearna|29/100
|
|-heal|p2a: Magearna|35/100|[from] item: Leftovers
|turn|11
|
|move|p2a: Magearna|Stored Power|p1a: AAA Powerline
|-damage|p1a: AAA Powerline|0 fnt
|faint|p1a: AAA Powerline
|-ability|p2a: Magearna|Soul-Heart|boost
|-boost|p2a: Magearna|spa|1
|
|-heal|p2a: Magearna|41/100|[from] item: Leftovers
|
|switch|p1a: Fragile|Zamazenta-Crowned|100/100
|-ability|p1a: Fragile|Dauntless Shield|boost
|-boost|p1a: Fragile|def|1
|turn|12
|
|move|p2a: Magearna|Stored Power|p1a: Fragile
|-damage|p1a: Fragile|0 fnt
|faint|p1a: Fragile
|-ability|p2a: Magearna|Soul-Heart|boost
|-boost|p2a: Magearna|spa|1
|
|-heal|p2a: Magearna|47/100|[from] item: Leftovers
|-message|p1 forfeited.
|
|win|p2
