# advantage = p1
|poke|p1|Pelipper, M|
|poke|p1|Floatzel, M|
|poke|p1|Iron Valiant|
|poke|p1|Arcanine, F|
|poke|p1|Great Tusk|
|poke|p1|Avalugg, M|
|poke|p2|Torkoal, F|
|poke|p2|Haxorus, M|
|poke|p2|Clodsire, M|
|poke|p2|Klefki, F|
|poke|p2|Bisharp, F|
|poke|p2|Drifblim, M|
|teampreview
|player|p1|
|player|p1|p1|ethan
|
|start
|switch|p1a: Latte|Great Tusk|100/100
|switch|p2a: Tricky|Klefki, F|100/100
|turn|1
|
|move|p2a: Tricky|Protect|p2a: Tricky
|-singleturn|p2a: Tricky|Protect
|move|p1a: Latte|Headlong Rush|p2a: Tricky
|-activate|p2a: Tricky|move: Protect
|
|turn|2
|
|switch|p2a: Twooy|Drifblim, M, shiny|100/100
|move|p1a: Latte|Headlong Rush|p2a: Twooy
|-immune|p2a: Twooy
|
|turn|3
|
|-end|p1a: Latte|Protosynthesis|[silent]
|switch|p1a: Espresso|Pelipper, M|100/100
|-weather|RainDance|[from] ability: Drizzle|[of] p1a: Espresso
|move|p2a: Twooy|Will-O-Wisp|p1a: Espresso
|-status|p1a: Espresso|brn
|
|-weather|RainDance|[upkeep]
|-damage|p1a: Espresso|94/100 brn|[from] brn
|turn|4
|
|switch|p2a: Tricky|Klefki, F|100/100
|move|p1a: Espresso|U-turn|p2a: Tricky
|-resisted|p2a: Tricky
|-damage|p2a: Tricky|99/100
|
|switch|p1a: Latte|Great Tusk|100/100|[from] U-turn
|
|-weather|RainDance|[upkeep]
|turn|5
|
|move|p2a: Tricky|Protect|p2a: Tricky
|-singleturn|p2a: Tricky|Protect
|move|p1a: Latte|Stealth Rock|p2a: Tricky
|-sidestart|p2: p2|move: Stealth Rock
|
|-weather|RainDance|[upkeep]
|turn|6
|
|-end|p1a: Latte|Protosynthesis|[silent]
|switch|p1a: Machiatto|Arcanine, F|100/100
|-ability|p1a: Machiatto|Intimidate|boost
|-unboost|p2a: Tricky|atk|1
|switch|p2a: Twooy|Drifblim, M, shiny|100/100
|
|-weather|RainDance|[upkeep]
|turn|7
|
|switch|p2a: Timmy|Torkoal, F, shiny|100/100
|-damage|p2a: Timmy|76/100|[from] Stealth Rock
|-weather|SunnyDay|[from] ability: Drought|[of] p2a: Timmy
|move|p1a: Machiatto|Roar|p2a: Timmy
|drag|p2a: Terry|Bisharp, F, shiny|100/100
|-damage|p2a: Terry|94/100|[from] Stealth Rock
|
|-weather|SunnyDay|[upkeep]
|turn|8
|
|switch|p2a: Twooy|Drifblim, M, shiny|100/100
|move|p1a: Machiatto|Will-O-Wisp|p2a: Twooy|[miss]
|-miss|p1a: Machiatto|p2a: Twooy
|
|-weather|SunnyDay|[upkeep]
|turn|9
|
|move|p1a: Machiatto|Flamethrower|p2a: Twooy
|-damage|p2a: Twooy|43/100
|move|p2a: Twooy|Air Slash|p1a: Machiatto
|-damage|p1a: Machiatto|65/100
|
|-weather|SunnyDay|[upkeep]
|-heal|p1a: Machiatto|71/100|[from] item: Leftovers
|turn|10
|
|switch|p2a: Timmy|Torkoal, F, shiny|76/100
|-damage|p2a: Timmy|51/100|[from] Stealth Rock
|move|p1a: Machiatto|Flamethrower|p2a: Timmy
|-resisted|p2a: Timmy
|-damage|p2a: Timmy|19/100
|
|-weather|SunnyDay|[upkeep]
|-heal|p1a: Machiatto|77/100|[from] item: Leftovers
|turn|11
|
|move|p1a: Machiatto|Flamethrower|p2a: Timmy
|-resisted|p2a: Timmy
|-damage|p2a: Timmy|0 fnt
|faint|p2a: Timmy
|
|-weather|SunnyDay|[upkeep]
|-heal|p1a: Machiatto|83/100|[from] item: Leftovers
|
|switch|p2a: Tricky|Klefki, F|99/100
|-damage|p2a: Tricky|94/100|[from] Stealth Rock
|turn|12
|
|move|p2a: Tricky|Light Screen|p2a: Tricky
|-sidestart|p2: p2|move: Light Screen
|move|p1a: Machiatto|Flamethrower|p2a: Tricky
|-supereffective|p2a: Tricky
|-crit|p2a: Tricky
|-damage|p2a: Tricky|0 fnt
|faint|p2a: Tricky
|
|-weather|SunnyDay|[upkeep]
|-heal|p1a: Machiatto|90/100|[from] item: Leftovers
|
|switch|p2a: Tommy|Haxorus, M, shiny|100/100
|-damage|p2a: Tommy|88/100|[from] Stealth Rock
|-ability|p2a: Tommy|Mold Breaker
|turn|13
|
|move|p1a: Machiatto|Will-O-Wisp|p2a: Tommy
|-status|p2a: Tommy|brn
|move|p2a: Tommy|Close Combat|p1a: Machiatto
|-damage|p1a: Machiatto|60/100
|-unboost|p2a: Tommy|def|1
|-unboost|p2a: Tommy|spd|1
|-damage|p2a: Tommy|78/100 brn|[from] item: Life Orb
|
|-weather|SunnyDay|[upkeep]
|-heal|p1a: Machiatto|66/100|[from] item: Leftovers
|-damage|p2a: Tommy|72/100 brn|[from] brn
|turn|14
|
|move|p1a: Machiatto|Morning Sun|p1a: Machiatto
|-heal|p1a: Machiatto|100/100
|move|p2a: Tommy|Earthquake|p1a: Machiatto
|-supereffective|p1a: Machiatto
|-damage|p1a: Machiatto|46/100
|-damage|p2a: Tommy|62/100 brn|[from] item: Life Orb
|
|-weather|none
|-heal|p1a: Machiatto|52/100|[from] item: Leftovers
|-damage|p2a: Tommy|56/100 brn|[from] brn
|turn|15
|
|switch|p1a: Espresso|Pelipper, M|94/100 brn
|-weather|RainDance|[from] ability: Drizzle|[of] p1a: Espresso
|move|p2a: Tommy|Swords Dance|p2a: Tommy
|-boost|p2a: Tommy|atk|2
|
|-weather|RainDance|[upkeep]
|-damage|p2a: Tommy|50/100 brn|[from] brn
|-damage|p1a: Espresso|88/100 brn|[from] brn
|turn|16
|player|p1|
|
|switch|p2a: Terry|Bisharp, F, shiny|94/100
|-damage|p2a: Terry|88/100|[from] Stealth Rock
|move|p1a: Espresso|Hurricane|p2a: Terry
|-resisted|p2a: Terry
|-damage|p2a: Terry|79/100
|
|-weather|RainDance|[upkeep]
|-damage|p1a: Espresso|82/100 brn|[from] brn
|turn|17
|player|p1|p1|ethan
|
|move|p2a: Terry|Swords Dance|p2a: Terry
|-boost|p2a: Terry|atk|2
|move|p1a: Espresso|Hydro Pump|p2a: Terry
|-damage|p2a: Terry|47/100
|
|-weather|RainDance|[upkeep]
|-damage|p1a: Espresso|76/100 brn|[from] brn
|turn|18
|
|move|p2a: Terry|Iron Head|p1a: Espresso
|-resisted|p1a: Espresso
|-damage|p1a: Espresso|40/100 brn
|move|p1a: Espresso|U-turn|p2a: Terry
|-damage|p2a: Terry|43/100
|
|switch|p1a: Machiatto|Arcanine, F|52/100|[from] U-turn
|-ability|p1a: Machiatto|Intimidate|boost
|-unboost|p2a: Terry|atk|1
|-ability|p2a: Terry|Defiant|boost
|-boost|p2a: Terry|atk|2
|
|-weather|RainDance|[upkeep]
|-heal|p1a: Machiatto|59/100|[from] item: Leftovers
|turn|19
|
|move|p2a: Terry|Sucker Punch||[still]
|-fail|p2a: Terry
|move|p1a: Machiatto|Will-O-Wisp|p2a: Terry|[miss]
|-miss|p1a: Machiatto|p2a: Terry
|
|-weather|none
|-heal|p1a: Machiatto|65/100|[from] item: Leftovers
|-sideend|p2: p2|move: Light Screen
|turn|20
|
|move|p1a: Machiatto|Will-O-Wisp|p2a: Terry
|-status|p2a: Terry|brn
|move|p2a: Terry|Night Slash|p1a: Machiatto
|-damage|p1a: Machiatto|19/100
|
|-heal|p1a: Machiatto|25/100|[from] item: Leftovers
|-damage|p2a: Terry|37/100 brn|[from] brn
|turn|21
|
|switch|p1a: Cold Brew|Avalugg, M|100/100
|move|p2a: Terry|Night Slash|p1a: Cold Brew
|-crit|p1a: Cold Brew
|-damage|p1a: Cold Brew|70/100
|
|-heal|p1a: Cold Brew|76/100|[from] item: Leftovers
|-damage|p2a: Terry|31/100 brn|[from] brn
|turn|22
|
|move|p2a: Terry|Iron Head|p1a: Cold Brew
|-supereffective|p1a: Cold Brew
|-damage|p1a: Cold Brew|29/100
|move|p1a: Cold Brew|Recover|p1a: Cold Brew
|-heal|p1a: Cold Brew|79/100
|
|-heal|p1a: Cold Brew|85/100|[from] item: Leftovers
|-damage|p2a: Terry|25/100 brn|[from] brn
|turn|23
|
|move|p2a: Terry|Iron Head|p1a: Cold Brew
|-supereffective|p1a: Cold Brew
|-damage|p1a: Cold Brew|38/100
|cant|p1a: Cold Brew|flinch
|
|-heal|p1a: Cold Brew|44/100|[from] item: Leftovers
|-damage|p2a: Terry|19/100 brn|[from] brn
|turn|24
|
|switch|p1a: Espresso|Pelipper, M|40/100 brn
|-weather|RainDance|[from] ability: Drizzle|[of] p1a: Espresso
|move|p2a: Terry|Iron Head|p1a: Espresso
|-resisted|p1a: Espresso
|-damage|p1a: Espresso|18/100 brn
|
|-weather|RainDance|[upkeep]
|-damage|p2a: Terry|13/100 brn|[from] brn
|-damage|p1a: Espresso|12/100 brn|[from] brn
|turn|25
|
|move|p2a: Terry|Sucker Punch||[still]
|-fail|p2a: Terry
|move|p1a: Espresso|Roost|p1a: Espresso
|-heal|p1a: Espresso|62/100 brn
|-singleturn|p1a: Espresso|move: Roost
|
|-weather|RainDance|[upkeep]
|-damage|p2a: Terry|7/100 brn|[from] brn
|-damage|p1a: Espresso|56/100 brn|[from] brn
|turn|26
|
|move|p2a: Terry|Night Slash|p1a: Espresso
|-damage|p1a: Espresso|22/100 brn
|move|p1a: Espresso|Roost|p1a: Espresso
|-heal|p1a: Espresso|72/100 brn
|-singleturn|p1a: Espresso|move: Roost
|
|-weather|RainDance|[upkeep]
|-damage|p2a: Terry|1/100 brn|[from] brn
|-damage|p1a: Espresso|66/100 brn|[from] brn
|turn|27
|
|move|p2a: Terry|Iron Head|p1a: Espresso
|-resisted|p1a: Espresso
|-damage|p1a: Espresso|43/100 brn
|move|p1a: Espresso|Roost|p1a: Espresso
|-heal|p1a: Espresso|93/100 brn
|-singleturn|p1a: Espresso|move: Roost
|
|-weather|RainDance|[upkeep]
|-damage|p2a: Terry|0 fnt|[from] brn
|faint|p2a: Terry
|-damage|p1a: Espresso|87/100 brn|[from] brn
|
|switch|p2a: Tommy|Haxorus, M, shiny|50/100 brn
|-damage|p2a: Tommy|38/100 brn|[from] Stealth Rock
|-ability|p2a: Tommy|Mold Breaker
|turn|28
|
|switch|p1a: Cold Brew|Avalugg, M|44/100
|move|p2a: Tommy|Tera Blast|p1a: Cold Brew
|-damage|p1a: Cold Brew|20/100
|-damage|p2a: Tommy|28/100 brn|[from] item: Life Orb
|
|-weather|none
|-heal|p1a: Cold Brew|26/100|[from] item: Leftovers
|-damage|p2a: Tommy|22/100 brn|[from] brn
|turn|29
|
|move|p2a: Tommy|Earthquake|p1a: Cold Brew
|-damage|p1a: Cold Brew|15/100
|-damage|p2a: Tommy|12/100 brn|[from] item: Life Orb
|move|p1a: Cold Brew|Recover|p1a: Cold Brew
|-heal|p1a: Cold Brew|65/100
|
|-heal|p1a: Cold Brew|71/100|[from] item: Leftovers
|-damage|p2a: Tommy|6/100 brn|[from] brn
|turn|30
|
|switch|p1a: Espresso|Pelipper, M|87/100 brn
|-weather|RainDance|[from] ability: Drizzle|[of] p1a: Espresso
|move|p2a: Tommy|Close Combat|p1a: Espresso
|-resisted|p1a: Espresso
|-damage|p1a: Espresso|74/100 brn
|-unboost|p2a: Tommy|def|1
|-unboost|p2a: Tommy|spd|1
|-damage|p2a: Tommy|0 fnt|[from] item: Life Orb
|faint|p2a: Tommy
|
|-weather|RainDance|[upkeep]
|-damage|p1a: Espresso|68/100 brn|[from] brn
|
|switch|p2a: Bob|Clodsire, M, shiny|100/100
|-damage|p2a: Bob|94/100|[from] Stealth Rock
|turn|31
|
|move|p1a: Espresso|U-turn|p2a: Bob
|-resisted|p2a: Bob
|-damage|p2a: Bob|92/100
|
|switch|p1a: Doppio|Floatzel, M|100/100|[from] U-turn
|move|p2a: Bob|Spikes|p1a: Doppio
|-sidestart|p1: p1|Spikes
|
|-weather|RainDance|[upkeep]
|-heal|p2a: Bob|98/100|[from] item: Leftovers
|turn|32
|
|move|p1a: Doppio|Ice Spinner|p2a: Bob
|-supereffective|p2a: Bob
|-damage|p2a: Bob|8/100
|move|p2a: Bob|Toxic|p1a: Doppio
|-status|p1a: Doppio|tox
|
|-weather|RainDance|[upkeep]
|-heal|p2a: Bob|14/100|[from] item: Leftovers
|-damage|p1a: Doppio|94/100 tox|[from] psn
|turn|33
|
|move|p1a: Doppio|Ice Spinner|p2a: Bob
|-supereffective|p2a: Bob
|-damage|p2a: Bob|0 fnt
|faint|p2a: Bob
|
|-weather|RainDance|[upkeep]
|-damage|p1a: Doppio|82/100 tox|[from] psn
|
|switch|p2a: Twooy|Drifblim, M, shiny|43/100
|turn|34
|
|move|p1a: Doppio|Ice Spinner|p2a: Twooy
|-supereffective|p2a: Twooy
|-damage|p2a: Twooy|0 fnt
|faint|p2a: Twooy
|
|win|p1
