|poke|p1|Ursaluna, F|
|poke|p1|Clodsire, F|
|poke|p1|Tornadus, M|
|poke|p1|Kleavor, F|
|poke|p1|Magearna|
|poke|p1|Roaring Moon|
|poke|p2|Arcanine-Hisui, M|
|poke|p2|Goodra-Hisui, F|
|poke|p2|Garchomp, M|
|poke|p2|Enamorus-Therian, F|
|poke|p2|Walking Wake|
|poke|p2|Articuno-Galar|
|teampreview
|
|start
|switch|p1a: Magearna|Magearna|100/100
|switch|p2a: Arcanine|Arcanine-Hisui, M|100/100
|turn|1
|
|move|p2a: Arcanine|Flare Blitz|p1a: Magearna
|-supereffective|p1a: Magearna
|-enditem|p1a: Magearna|Focus Sash
|-damage|p1a: Magearna|1/100
|move|p1a: Magearna|Trick Room|p1a: Magearna
|-fieldstart|move: Trick Room|[of] p1a: Magearna
|
|turn|2
|
|switch|p2a: Goodra|Goodra-Hisui, F|100/100
|move|p1a: Magearna|Encore||[still]
|-fail|p1a: Magearna
|
|turn|3
|
|move|p2a: Goodra|Body Press|p1a: Magearna
|-crit|p1a: Magearna
|-damage|p1a: Magearna|0 fnt
|faint|p1a: Magearna
|
|
|switch|p1a: Ursaluna|Ursaluna, F|100/100
|turn|4
|
|-terastallize|p2a: Goodra|Water
|move|p1a: Ursaluna|Yawn|p2a: Goodra
|-start|p2a: Goodra|move: Yawn|[of] p1a: Ursaluna
|move|p2a: Goodra|Curse|p2a: Goodra
|-unboost|p2a: Goodra|spe|1
|-boost|p2a: Goodra|atk|1
|-boost|p2a: Goodra|def|1
|
|turn|5
|
|move|p2a: Goodra|Curse|p2a: Goodra
|-unboost|p2a: Goodra|spe|1
|-boost|p2a: Goodra|atk|1
|-boost|p2a: Goodra|def|1
|move|p1a: Ursaluna|Hyper Voice|p2a: Goodra
|-damage|p2a: Goodra|89/100
|
|-end|p2a: Goodra|move: Yawn|[silent]
|-status|p2a: Goodra|slp
|-fieldend|move: Trick Room
|turn|6
|
|move|p1a: Ursaluna|Hyper Voice|p2a: Goodra
|-damage|p2a: Goodra|78/100 slp
|cant|p2a: Goodra|slp
|move|p2a: Goodra|Sleep Talk|p2a: Goodra
|move|p2a: Goodra|Curse|p2a: Goodra|[from]move: Sleep Talk
|-unboost|p2a: Goodra|spe|1
|-boost|p2a: Goodra|atk|1
|-boost|p2a: Goodra|def|1
|
|turn|7
|
|move|p1a: Ursaluna|Taunt|p2a: Goodra
|-start|p2a: Goodra|move: Taunt
|cant|p2a: Goodra|slp
|cant|p2a: Goodra|move: Taunt|Sleep Talk
|
|turn|8
|
|move|p1a: Ursaluna|Hyper Voice|p2a: Goodra
|-damage|p2a: Goodra|66/100 slp
|-curestatus|p2a: Goodra|slp|[msg]
|move|p2a: Goodra|Body Press|p1a: Ursaluna
|-supereffective|p1a: Ursaluna
|-damage|p1a: Ursaluna|8/100
|
|-heal|p1a: Ursaluna|15/100|[from] item: Leftovers
|turn|9
|
|move|p1a: Ursaluna|Yawn|p2a: Goodra
|-start|p2a: Goodra|move: Yawn|[of] p1a: Ursaluna
|move|p2a: Goodra|Body Press|p1a: Ursaluna
|-supereffective|p1a: Ursaluna
|-damage|p1a: Ursaluna|0 fnt
|faint|p1a: Ursaluna
|
|-end|p2a: Goodra|move: Taunt
|
|switch|p1a: Tornadus|Tornadus, M|100/100
|turn|10
|
|switch|p2a: Enamorus|Enamorus-Therian, F|100/100
|move|p1a: Tornadus|Tailwind|p1a: Tornadus
|-sidestart|p1: justobefrank|move: Tailwind
|
|turn|11
|
|move|p1a: Tornadus|Bleakwind Storm|p2a: Enamorus
|-damage|p2a: Enamorus|67/100
|move|p2a: Enamorus|Calm Mind|p2a: Enamorus
|-boost|p2a: Enamorus|spa|1
|-boost|p2a: Enamorus|spd|1
|
|-heal|p2a: Enamorus|74/100|[from] item: Leftovers
|turn|12
|
|move|p1a: Tornadus|Bleakwind Storm|p2a: Enamorus
|-damage|p2a: Enamorus|48/100
|move|p2a: Enamorus|Mystical Fire|p1a: Tornadus
|-damage|p1a: Tornadus|53/100
|-unboost|p1a: Tornadus|spa|1
|
|-heal|p2a: Enamorus|54/100|[from] item: Leftovers
|turn|13
|
|move|p1a: Tornadus|Bleakwind Storm|p2a: Enamorus
|-damage|p2a: Enamorus|39/100
|-unboost|p2a: Enamorus|spe|1
|move|p2a: Enamorus|Springtide Storm|p1a: Tornadus
|-damage|p1a: Tornadus|0 fnt
|faint|p1a: Tornadus
|
|-heal|p2a: Enamorus|45/100|[from] item: Leftovers
|-sideend|p1: justobefrank|move: Tailwind
|
|switch|p1a: Kleavor|Kleavor, F|100/100
|turn|14
|
|switch|p2a: Garchomp|Garchomp, M|100/100
|move|p1a: Kleavor|Stone Axe|p2a: Garchomp
|-resisted|p2a: Garchomp
|-damage|p2a: Garchomp|78/100
|-sidestart|p2: GreatGodPan|move: Stealth Rock
|-damage|p1a: Kleavor|88/100|[from] ability: Rough Skin|[of] p2a: Garchomp
|-damage|p1a: Kleavor|71/100|[from] item: Rocky Helmet|[of] p2a: Garchomp
|
|turn|15
|
|move|p2a: Garchomp|Substitute|p2a: Garchomp
|-start|p2a: Garchomp|Substitute
|-damage|p2a: Garchomp|53/100
|move|p1a: Kleavor|U-turn|p2a: Garchomp
|-end|p2a: Garchomp|Substitute
|
|switch|p1a: Clodsire|Clodsire, F|100/100|[from] U-turn
|
|turn|16
|
|switch|p2a: Articuno|Articuno-Galar|100/100
|-damage|p2a: Articuno|76/100|[from] Stealth Rock
|move|p1a: Clodsire|Trailblaze|p2a: Articuno
|-resisted|p2a: Articuno
|-damage|p2a: Articuno|69/100
|-boost|p1a: Clodsire|spe|1
|
|turn|17
|
|switch|p1a: Roaring Moon|Roaring Moon|100/100
|-enditem|p1a: Roaring Moon|Booster Energy
|-activate|p1a: Roaring Moon|ability: Protosynthesis|[fromitem]
|-start|p1a: Roaring Moon|protosynthesisspe
|move|p2a: Articuno|Tailwind|p2a: Articuno
|-sidestart|p2: GreatGodPan|move: Tailwind
|
|turn|18
|
|switch|p2a: Garchomp|Garchomp, M|53/100
|-damage|p2a: Garchomp|47/100|[from] Stealth Rock
|move|p1a: Roaring Moon|Dragon Dance|p1a: Roaring Moon
|-boost|p1a: Roaring Moon|atk|1
|-boost|p1a: Roaring Moon|spe|1
|
|turn|19
|
|move|p1a: Roaring Moon|Dragon Claw|p2a: Garchomp
|-supereffective|p2a: Garchomp
|-damage|p2a: Garchomp|0 fnt
|-damage|p1a: Roaring Moon|88/100|[from] ability: Rough Skin|[of] p2a: Garchomp
|-damage|p1a: Roaring Moon|71/100|[from] item: Rocky Helmet|[of] p2a: Garchomp
|faint|p2a: Garchomp
|
|
|switch|p2a: Walking Wake|Walking Wake|100/100
|-damage|p2a: Walking Wake|88/100|[from] Stealth Rock
|-enditem|p2a: Walking Wake|Booster Energy
|-activate|p2a: Walking Wake|ability: Protosynthesis|[fromitem]
|-start|p2a: Walking Wake|protosynthesisspe
|turn|20
|
|move|p2a: Walking Wake|Draco Meteor|p1a: Roaring Moon|[miss]
|-miss|p2a: Walking Wake|p1a: Roaring Moon
|move|p1a: Roaring Moon|Dragon Claw|p2a: Walking Wake
|-supereffective|p2a: Walking Wake
|-damage|p2a: Walking Wake|0 fnt
|faint|p2a: Walking Wake
|-end|p2a: Walking Wake|Protosynthesis|[silent]
|
|-sideend|p2: GreatGodPan|move: Tailwind
|
|switch|p2a: Arcanine|Arcanine-Hisui, M|100/100
|-damage|p2a: Arcanine|76/100|[from] Stealth Rock
|turn|21
|
|move|p2a: Arcanine|Extreme Speed|p1a: Roaring Moon
|-damage|p1a: Roaring Moon|22/100
|move|p1a: Roaring Moon|Crunch|p2a: Arcanine
|-damage|p2a: Arcanine|0 fnt
|faint|p2a: Arcanine
|
|
|switch|p2a: Articuno|Articuno-Galar|69/100
|-damage|p2a: Articuno|44/100|[from] Stealth Rock
|turn|22
|
|move|p1a: Roaring Moon|Acrobatics|p2a: Articuno
|-damage|p2a: Articuno|0 fnt
|faint|p2a: Articuno
|
|-message|GreatGodPan forfeited.
|
|win|justobefrank
