# advantage = p2
|poke|p1|Espeon, F|
|poke|p1|Great Tusk|
|poke|p1|Talonflame, F|
|poke|p1|Goodra-Hisui, M|
|poke|p1|Dondozo, M|
|poke|p1|Chien-Pao|
|poke|p2|Arcanine-Hisui, M|
|poke|p2|Great Tusk|
|poke|p2|Glimmora, F|
|poke|p2|Dudunsparce-*, M|
|poke|p2|Magearna|
|poke|p2|Mew|
|teampreview
|
|start
|switch|p1a: Great Tusk|Great Tusk|100/100
|switch|p2a: Plug|Glimmora, F|100/100
|turn|1
|
|move|p2a: Plug|Spiky Shield|p2a: Plug
|-singleturn|p2a: Plug|move: Protect
|move|p1a: Great Tusk|Rapid Spin|p2a: Plug
|-activate|p2a: Plug|move: Protect
|-damage|p1a: Great Tusk|88/100|[from] Spiky Shield|[of] p2a: Plug
|
|turn|2
|
|move|p2a: Plug|Energy Ball|p1a: Great Tusk
|-supereffective|p1a: Great Tusk
|-damage|p1a: Great Tusk|44/100
|-unboost|p1a: Great Tusk|spd|1
|move|p1a: Great Tusk|Rapid Spin|p2a: Plug
|-resisted|p2a: Plug
|-damage|p2a: Plug|90/100
|-boost|p1a: Great Tusk|spe|1
|-activate|p2a: Plug|ability: Toxic Debris
|-sidestart|p1: p1|move: Toxic Spikes
|-sideend|p1: p1|Toxic Spikes|[from] move: Rapid Spin|[of] p1a: Great Tusk
|
|turn|3
|
|-terastallize|p2a: Plug|Flying
|move|p1a: Great Tusk|Earthquake|p2a: Plug
|-immune|p2a: Plug
|move|p2a: Plug|Energy Ball|p1a: Great Tusk
|-supereffective|p1a: Great Tusk
|-damage|p1a: Great Tusk|0 fnt
|faint|p1a: Great Tusk
|-end|p1a: Great Tusk|Protosynthesis|[silent]
|
|
|switch|p1a: Espeon|Espeon, F|100/100
|-item|p1a: Espeon|Air Balloon
|turn|4
|
|move|p1a: Espeon|Psychic|p2a: Plug
|-damage|p2a: Plug|21/100
|move|p2a: Plug|Mortal Spin|p1a: Espeon
|-damage|p1a: Espeon|89/100
|-status|p1a: Espeon|psn
|-enditem|p1a: Espeon|Air Balloon
|
|-damage|p1a: Espeon|77/100 psn|[from] psn
|turn|5
|
|move|p2a: Plug|Spiky Shield|p2a: Plug
|-singleturn|p2a: Plug|move: Protect
|move|p1a: Espeon|Psychic|p2a: Plug
|-activate|p2a: Plug|move: Protect
|
|-damage|p1a: Espeon|65/100 psn|[from] psn
|turn|6
|
|switch|p2a: God Tier|Mew|100/100
|move|p1a: Espeon|Psychic|p2a: God Tier
|-resisted|p2a: God Tier
|-damage|p2a: God Tier|76/100
|
|-damage|p1a: Espeon|53/100 psn|[from] psn
|turn|7
|
|move|p1a: Espeon|Thunder Wave||[still]
|-status|p2a: God Tier|par
|-activate|p2a: God Tier|ability: Synchronize
|-fail|p2a: God Tier
|move|p2a: God Tier|Volt Switch|p1a: Espeon
|-damage|p1a: Espeon|27/100 psn
|
|switch|p2a: Good Boy|Arcanine-Hisui, M|100/100|[from] Volt Switch
|
|-damage|p1a: Espeon|15/100 psn|[from] psn
|turn|8
|
|switch|p1a: Goodra|Goodra-Hisui, M|100/100
|move|p2a: Good Boy|Extreme Speed|p1a: Goodra
|-resisted|p1a: Goodra
|-damage|p1a: Goodra|88/100
|-damage|p2a: Good Boy|91/100|[from] item: Life Orb
|
|-heal|p1a: Goodra|94/100|[from] item: Leftovers
|turn|9
|
|-terastallize|p1a: Goodra|Ghost
|move|p2a: Good Boy|Close Combat|p1a: Goodra
|-immune|p1a: Goodra
|move|p1a: Goodra|Counter||[still]
|-fail|p1a: Goodra
|
|-heal|p1a: Goodra|99/100|[from] item: Leftovers
|turn|10
|
|move|p2a: Good Boy|Head Smash|p1a: Goodra
|-damage|p1a: Goodra|17/100
|-damage|p2a: Good Boy|81/100|[from] item: Life Orb
|move|p1a: Goodra|Sludge Bomb|p2a: Good Boy
|-resisted|p2a: Good Boy
|-damage|p2a: Good Boy|65/100
|
|-heal|p1a: Goodra|23/100|[from] item: Leftovers
|turn|11
|
|switch|p1a: Espeon|Espeon, F|15/100 psn
|move|p2a: Good Boy|Head Smash|p1a: Espeon
|-damage|p1a: Espeon|0 fnt
|faint|p1a: Espeon
|-damage|p2a: Good Boy|55/100|[from] item: Life Orb
|
|
|switch|p1a: Chien-Pao|Chien-Pao|100/100
|-ability|p1a: Chien-Pao|Sword of Ruin
|turn|12
|
|move|p1a: Chien-Pao|Crunch|p2a: Good Boy
|-damage|p2a: Good Boy|0 fnt
|faint|p2a: Good Boy
|
|
|switch|p2a: Ban me|Magearna|100/100
|turn|13
|
|move|p1a: Chien-Pao|Crunch|p2a: Ban me
|-resisted|p2a: Ban me
|-damage|p2a: Ban me|81/100
|move|p2a: Ban me|Shift Gear|p2a: Ban me
|-boost|p2a: Ban me|spe|2
|-boost|p2a: Ban me|atk|1
|
|-heal|p2a: Ban me|87/100|[from] item: Leftovers
|turn|14
|
|switch|p1a: Dondozo|Dondozo, M|100/100
|move|p2a: Ban me|Calm Mind|p2a: Ban me
|-boost|p2a: Ban me|spa|1
|-boost|p2a: Ban me|spd|1
|
|-heal|p2a: Ban me|93/100|[from] item: Leftovers
|turn|15
|
|move|p2a: Ban me|Draining Kiss|p1a: Dondozo
|-damage|p1a: Dondozo|79/100
|-heal|p2a: Ban me|100/100|[from] drain|[of] p1a: Dondozo
|move|p1a: Dondozo|Yawn|p2a: Ban me
|-start|p2a: Ban me|move: Yawn|[of] p1a: Dondozo
|
|-heal|p1a: Dondozo|85/100|[from] item: Leftovers
|turn|16
|
|move|p2a: Ban me|Shift Gear|p2a: Ban me
|-boost|p2a: Ban me|spe|2
|-boost|p2a: Ban me|atk|1
|move|p1a: Dondozo|Liquidation|p2a: Ban me
|-damage|p2a: Ban me|75/100
|-unboost|p2a: Ban me|def|1
|
|-heal|p2a: Ban me|82/100|[from] item: Leftovers
|-heal|p1a: Dondozo|91/100|[from] item: Leftovers
|-end|p2a: Ban me|move: Yawn|[silent]
|-status|p2a: Ban me|slp
|turn|17
|
|cant|p2a: Ban me|slp
|move|p1a: Dondozo|Earthquake|p2a: Ban me
|-supereffective|p2a: Ban me
|-damage|p2a: Ban me|44/100 slp
|
|-heal|p2a: Ban me|50/100 slp|[from] item: Leftovers
|-heal|p1a: Dondozo|97/100|[from] item: Leftovers
|turn|18
|
|-curestatus|p2a: Ban me|slp|[msg]
|move|p2a: Ban me|Draining Kiss|p1a: Dondozo
|-damage|p1a: Dondozo|74/100
|-heal|p2a: Ban me|70/100|[from] drain|[of] p1a: Dondozo
|move|p1a: Dondozo|Earthquake|p2a: Ban me
|-supereffective|p2a: Ban me
|-damage|p2a: Ban me|32/100
|
|-heal|p2a: Ban me|38/100|[from] item: Leftovers
|-heal|p1a: Dondozo|81/100|[from] item: Leftovers
|turn|19
|
|move|p2a: Ban me|Stored Power|p1a: Dondozo
|-damage|p1a: Dondozo|23/100
|move|p1a: Dondozo|Yawn|p2a: Ban me
|-start|p2a: Ban me|move: Yawn|[of] p1a: Dondozo
|
|-heal|p2a: Ban me|44/100|[from] item: Leftovers
|-heal|p1a: Dondozo|29/100|[from] item: Leftovers
|turn|20
|
|move|p1a: Dondozo|Protect|p1a: Dondozo
|-singleturn|p1a: Dondozo|Protect
|move|p2a: Ban me|Draining Kiss|p1a: Dondozo
|-activate|p1a: Dondozo|move: Protect
|
|-heal|p2a: Ban me|50/100|[from] item: Leftovers
|-heal|p1a: Dondozo|35/100|[from] item: Leftovers
|-end|p2a: Ban me|move: Yawn|[silent]
|-status|p2a: Ban me|slp
|turn|21
|
|cant|p2a: Ban me|slp
|move|p1a: Dondozo|Earthquake|p2a: Ban me
|-supereffective|p2a: Ban me
|-damage|p2a: Ban me|11/100 slp
|
|-heal|p2a: Ban me|17/100 slp|[from] item: Leftovers
|-heal|p1a: Dondozo|41/100|[from] item: Leftovers
|turn|22
|
|cant|p2a: Ban me|slp
|move|p1a: Dondozo|Liquidation|p2a: Ban me
|-damage|p2a: Ban me|0 fnt
|faint|p2a: Ban me
|
|-heal|p1a: Dondozo|47/100|[from] item: Leftovers
|
|switch|p2a: Coucou !|Dudunsparce-Three-Segment, M|100/100
|turn|23
|
|move|p1a: Dondozo|Protect|p1a: Dondozo
|-singleturn|p1a: Dondozo|Protect
|move|p2a: Coucou !|Boomburst|p1a: Dondozo
|-activate|p1a: Dondozo|move: Protect
|
|-heal|p1a: Dondozo|54/100|[from] item: Leftovers
|turn|24
|
|switch|p1a: Goodra|Goodra-Hisui, M, tera:Ghost|23/100
|move|p2a: Coucou !|Boomburst|p1a: Goodra
|-immune|p1a: Goodra
|
|-heal|p1a: Goodra|29/100|[from] item: Leftovers
|turn|25
|
|switch|p2a: God Tier|Mew|76/100 par
|move|p1a: Goodra|Ice Beam|p2a: God Tier
|-damage|p2a: God Tier|48/100 par
|
|-heal|p1a: Goodra|35/100|[from] item: Leftovers
|turn|26
|
|cant|p2a: God Tier|par
|move|p1a: Goodra|Life Dew|p1a: Goodra
|-heal|p1a: Goodra|60/100
|
|-heal|p1a: Goodra|66/100|[from] item: Leftovers
|turn|27
|
|move|p2a: God Tier|Taunt|p1a: Goodra
|-start|p1a: Goodra|move: Taunt
|move|p1a: Goodra|Ice Beam|p2a: God Tier
|-damage|p2a: God Tier|20/100 par
|
|-heal|p1a: Goodra|72/100|[from] item: Leftovers
|turn|28
|
|move|p2a: God Tier|Volt Switch|p1a: Goodra
|-damage|p1a: Goodra|58/100
|
|switch|p2a: Plug|Glimmora, F, tera:Flying|21/100|[from] Volt Switch
|move|p1a: Goodra|Ice Beam|p2a: Plug
|-supereffective|p2a: Plug
|-damage|p2a: Plug|0 fnt
|faint|p2a: Plug
|
|-heal|p1a: Goodra|64/100|[from] item: Leftovers
|
|switch|p2a: Babar|Great Tusk|100/100
|turn|29
|
|move|p2a: Babar|Knock Off|p1a: Goodra
|-supereffective|p1a: Goodra
|-damage|p1a: Goodra|2/100
|-enditem|p1a: Goodra|Leftovers|[from] move: Knock Off|[of] p2a: Babar
|move|p1a: Goodra|Counter|p2a: Babar
|-damage|p2a: Babar|0 fnt
|faint|p2a: Babar
|-end|p2a: Babar|Protosynthesis|[silent]
|
|-end|p1a: Goodra|move: Taunt
|
|switch|p2a: God Tier|Mew|20/100 par
|turn|30
|
|move|p2a: God Tier|Volt Switch|p1a: Goodra
|-damage|p1a: Goodra|0 fnt
|faint|p1a: Goodra
|
|switch|p2a: Coucou !|Dudunsparce-Three-Segment, M|100/100|[from] Volt Switch
|
|
|switch|p1a: Chien-Pao|Chien-Pao|100/100
|-ability|p1a: Chien-Pao|Sword of Ruin
|turn|31
|
|move|p1a: Chien-Pao|Crunch|p2a: Coucou !
|-damage|p2a: Coucou !|48/100
|-ability|p2a: Coucou !|Rattled|boost
|-boost|p2a: Coucou !|spe|1
|move|p2a: Coucou !|Boomburst|p1a: Chien-Pao
|-enditem|p1a: Chien-Pao|Focus Sash
|-damage|p1a: Chien-Pao|1/100
|
|turn|32
|
|move|p1a: Chien-Pao|Crunch|p2a: Coucou !
|-damage|p2a: Coucou !|0 fnt
|faint|p2a: Coucou !
|
|-message|p2 forfeited.
|
|win|p1
