|poke|p1|Cinderace, F|
|poke|p1|Enamorus, F|
|poke|p1|Toxapex, M|
|poke|p1|Slowking-Galar, F|
|poke|p1|Braviary-Hisui, M|
|poke|p1|Dragapult, F|
|poke|p2|Typhlosion-Hisui, M|
|poke|p2|Dragapult, M|
|poke|p2|Magearna|
|poke|p2|Urshifu-*, F|
|poke|p2|Zapdos|
|poke|p2|Great Tusk|
|teampreview
|
|start
|switch|p1a: Dragapult|Dragapult, F|100/100
|switch|p2a: Magearna|Magearna|100/100
|turn|1
|
|move|p1a: Dragapult|Substitute|p1a: Dragapult
|-start|p1a: Dragapult|Substitute
|-damage|p1a: Dragapult|76/100
|move|p2a: Magearna|Volt Switch|p1a: Dragapult
|-resisted|p1a: Dragapult
|-activate|p1a: Dragapult|move: Substitute|[damage]
|
|switch|p2a: Dragapult|Dragapult, M|100/100|[from] Volt Switch
|
|-heal|p1a: Dragapult|82/100|[from] item: Leftovers
|turn|2
|
|switch|p1a: Enamorus|Enamorus, F|100/100
|move|p2a: Dragapult|Dragon Darts|p1a: Enamorus
|-immune|p1a: Enamorus
|
|turn|3
|
|switch|p2a: Magearna|Magearna|100/100
|move|p1a: Enamorus|Moonblast|p2a: Magearna
|-resisted|p2a: Magearna
|-damage|p2a: Magearna|75/100
|-unboost|p2a: Magearna|spa|1
|
|turn|4
|
|switch|p1a: Slowking|Slowking-Galar, F|100/100
|move|p2a: Magearna|Volt Switch|p1a: Slowking
|-damage|p1a: Slowking|94/100
|
|switch|p2a: Dragapult|Dragapult, M|100/100|[from] Volt Switch
|
|turn|5
|
|move|p2a: Dragapult|Substitute|p2a: Dragapult
|-start|p2a: Dragapult|Substitute
|-damage|p2a: Dragapult|76/100
|move|p1a: Slowking|Psyshock|p2a: Dragapult
|-end|p2a: Dragapult|Substitute
|
|-heal|p2a: Dragapult|82/100|[from] item: Leftovers
|turn|6
|
|switch|p2a: Magearna|Magearna|75/100
|move|p1a: Slowking|Psyshock|p2a: Magearna
|-resisted|p2a: Magearna
|-damage|p2a: Magearna|60/100
|
|turn|7
|
|move|p2a: Magearna|Pain Split|p1a: Slowking
|-sethp|p1a: Slowking|74/100|[from] move: Pain Split|[silent]
|-sethp|p2a: Magearna|80/100|[from] move: Pain Split
|move|p1a: Slowking|Fire Blast|p2a: Magearna
|-supereffective|p2a: Magearna
|-damage|p2a: Magearna|27/100
|
|turn|8
|
|move|p2a: Magearna|Pain Split|p1a: Slowking
|-sethp|p1a: Slowking|50/100|[from] move: Pain Split|[silent]
|-sethp|p2a: Magearna|54/100|[from] move: Pain Split
|move|p1a: Slowking|Fire Blast|p2a: Magearna
|-supereffective|p2a: Magearna
|-damage|p2a: Magearna|0 fnt
|faint|p2a: Magearna
|
|
|switch|p2a: Typhlosion|Typhlosion-Hisui, M|100/100
|turn|9
|
|switch|p1a: Toxapex|Toxapex, M|100/100
|move|p2a: Typhlosion|Eruption|p1a: Toxapex
|-resisted|p1a: Toxapex
|-crit|p1a: Toxapex
|-damage|p1a: Toxapex|39/100
|
|-heal|p1a: Toxapex|46/100|[from] item: Leftovers
|turn|10
|
|switch|p1a: Slowking|Slowking-Galar, F|83/100
|move|p2a: Typhlosion|Eruption|p1a: Slowking
|-damage|p1a: Slowking|23/100
|
|turn|11
|
|switch|p2a: Zapdos|Zapdos|100/100
|switch|p1a: Toxapex|Toxapex, M|79/100
|
|-heal|p1a: Toxapex|85/100|[from] item: Leftovers
|turn|12
|
|switch|p1a: Slowking|Slowking-Galar, F|56/100
|move|p2a: Zapdos|Volt Switch|p1a: Slowking
|-damage|p1a: Slowking|41/100
|
|switch|p2a: Great Tusk|Great Tusk|100/100|[from] Volt Switch
|-enditem|p2a: Great Tusk|Booster Energy
|-activate|p2a: Great Tusk|ability: Protosynthesis|[fromitem]
|-start|p2a: Great Tusk|protosynthesisspe
|
|turn|13
|
|switch|p1a: Braviary|Braviary-Hisui, M|100/100
|move|p2a: Great Tusk|Stealth Rock|p1a: Braviary
|-sidestart|p1: p1|move: Stealth Rock
|
|turn|14
|
|move|p2a: Great Tusk|Knock Off|p1a: Braviary
|-supereffective|p1a: Braviary
|-damage|p1a: Braviary|33/100
|-enditem|p1a: Braviary|Life Orb|[from] move: Knock Off|[of] p2a: Great Tusk
|move|p1a: Braviary|Agility|p1a: Braviary
|-boost|p1a: Braviary|spe|2
|
|turn|15
|
|move|p1a: Braviary|Psychic|p2a: Great Tusk
|-supereffective|p2a: Great Tusk
|-damage|p2a: Great Tusk|0 fnt
|faint|p2a: Great Tusk
|-end|p2a: Great Tusk|Protosynthesis|[silent]
|
|
|switch|p2a: Zapdos|Zapdos|100/100
|turn|16
|
|move|p1a: Braviary|Psychic|p2a: Zapdos
|-damage|p2a: Zapdos|38/100
|move|p2a: Zapdos|Volt Switch|p1a: Braviary
|-supereffective|p1a: Braviary
|-damage|p1a: Braviary|0 fnt
|faint|p1a: Braviary
|
|switch|p2a: Urshifu|Urshifu-Rapid-Strike, F|100/100|[from] Volt Switch
|
|
|switch|p1a: Enamorus|Enamorus, F|100/100
|-damage|p1a: Enamorus|76/100|[from] Stealth Rock
|turn|17
|
|-terastallize|p2a: Urshifu|Water
|move|p2a: Urshifu|Ice Spinner|p1a: Enamorus
|-supereffective|p1a: Enamorus
|-damage|p1a: Enamorus|0 fnt
|faint|p1a: Enamorus
|
|
|switch|p1a: Toxapex|Toxapex, M|100/100
|-damage|p1a: Toxapex|88/100|[from] Stealth Rock
|turn|18
|
|switch|p2a: Zapdos|Zapdos|38/100
|move|p1a: Toxapex|Toxic|p2a: Zapdos
|-status|p2a: Zapdos|tox
|
|-heal|p1a: Toxapex|94/100|[from] item: Leftovers
|-damage|p2a: Zapdos|32/100 tox|[from] psn
|turn|19
|
|move|p2a: Zapdos|Roost|p2a: Zapdos
|-heal|p2a: Zapdos|82/100 tox
|-singleturn|p2a: Zapdos|move: Roost
|move|p1a: Toxapex|Recover|p1a: Toxapex
|-heal|p1a: Toxapex|100/100
|
|-damage|p2a: Zapdos|70/100 tox|[from] psn
|turn|20
|
|switch|p1a: Slowking|Slowking-Galar, F|74/100
|-damage|p1a: Slowking|62/100|[from] Stealth Rock
|move|p2a: Zapdos|Volt Switch|p1a: Slowking
|-damage|p1a: Slowking|47/100
|
|switch|p2a: Typhlosion|Typhlosion-Hisui, M|100/100|[from] Volt Switch
|
|turn|21
|
|switch|p1a: Toxapex|Toxapex, M|100/100
|-damage|p1a: Toxapex|88/100|[from] Stealth Rock
|move|p2a: Typhlosion|Infernal Parade|p1a: Toxapex
|-damage|p1a: Toxapex|53/100
|-status|p1a: Toxapex|brn
|
|-heal|p1a: Toxapex|60/100 brn|[from] item: Leftovers
|-damage|p1a: Toxapex|53/100 brn|[from] brn
|turn|22
|
|move|p2a: Typhlosion|Infernal Parade|p1a: Toxapex
|-damage|p1a: Toxapex|0 fnt
|faint|p1a: Toxapex
|
|
|switch|p1a: Dragapult|Dragapult, F|82/100
|-damage|p1a: Dragapult|69/100|[from] Stealth Rock
|turn|23
|
|switch|p2a: Zapdos|Zapdos|70/100 tox
|move|p1a: Dragapult|Phantom Force||[still]
|-prepare|p1a: Dragapult|Phantom Force
|
|-heal|p1a: Dragapult|75/100|[from] item: Leftovers
|-damage|p2a: Zapdos|64/100 tox|[from] psn
|turn|24
|
|move|p1a: Dragapult|Phantom Force|p2a: Zapdos|[from]lockedmove
|-damage|p2a: Zapdos|25/100 tox
|-status|p1a: Dragapult|par|[from] ability: Static|[of] p2a: Zapdos
|move|p2a: Zapdos|Roost|p2a: Zapdos
|-heal|p2a: Zapdos|75/100 tox
|-singleturn|p2a: Zapdos|move: Roost
|
|-heal|p1a: Dragapult|81/100 par|[from] item: Leftovers
|-damage|p2a: Zapdos|63/100 tox|[from] psn
|turn|25
|
|move|p2a: Zapdos|Hurricane|p1a: Dragapult
|-damage|p1a: Dragapult|15/100 par
|move|p1a: Dragapult|Dragon Darts|p2a: Zapdos
|-damage|p2a: Zapdos|44/100 tox
|-anim|p1a: Dragapult|Dragon Darts|p2a: Zapdos
|-damage|p2a: Zapdos|25/100 tox
|
|-heal|p1a: Dragapult|21/100 par|[from] item: Leftovers
|-damage|p2a: Zapdos|7/100 tox|[from] psn
|turn|26
|
|move|p2a: Zapdos|Hurricane|p1a: Dragapult|[miss]
|-miss|p2a: Zapdos|p1a: Dragapult
|move|p1a: Dragapult|Dragon Darts|p2a: Zapdos
|-damage|p2a: Zapdos|0 fnt
|faint|p2a: Zapdos
|
|-heal|p1a: Dragapult|27/100 par|[from] item: Leftovers
|
|switch|p2a: Dragapult|Dragapult, M|82/100
|turn|27
|
|move|p2a: Dragapult|Hex|p1a: Dragapult
|-supereffective|p1a: Dragapult
|-damage|p1a: Dragapult|0 fnt
|faint|p1a: Dragapult
|
|-heal|p2a: Dragapult|88/100|[from] item: Leftovers
|
|switch|p1a: Cinderace|Cinderace, F|100/100
|turn|28
|
|move|p2a: Dragapult|Substitute|p2a: Dragapult
|-start|p2a: Dragapult|Substitute
|-damage|p2a: Dragapult|63/100
|move|p1a: Cinderace|Pyro Ball|p2a: Dragapult
|-resisted|p2a: Dragapult
|-end|p2a: Dragapult|Substitute
|
|-heal|p2a: Dragapult|69/100|[from] item: Leftovers
|turn|29
|
|move|p2a: Dragapult|Dragon Darts|p1a: Cinderace
|-damage|p1a: Cinderace|72/100
|-anim|p2a: Dragapult|Dragon Darts|p1a: Cinderace
|-damage|p1a: Cinderace|39/100
|move|p1a: Cinderace|Pyro Ball|p2a: Dragapult|[miss]
|-miss|p1a: Cinderace|p2a: Dragapult
|
|-heal|p2a: Dragapult|75/100|[from] item: Leftovers
|turn|30
|-message|p1 forfeited.
|
|win|p2
