# advantage = p2
|poke|p1|Ursaluna, F|
|poke|p1|Articuno|
|poke|p1|Garchomp, F|
|poke|p1|Breloom, M|
|poke|p1|Decidueye-Hisui, M|
|poke|p1|Hatterene, F|
|poke|p2|Magearna|
|poke|p2|Kleavor, M|
|poke|p2|Volcarona, F|
|poke|p2|Alomomola, F|
|poke|p2|Dragonite, F|
|poke|p2|Grimmsnarl, M|
|teampreview
|
|start
|switch|p1a: Breloom|Breloom, M|100/100
|switch|p2a: Kleavor|Kleavor, M|100/100
|turn|1
|
|move|p2a: Kleavor|X-Scissor|p1a: Breloom
|-damage|p1a: Breloom|0 fnt
|faint|p1a: Breloom
|
|
|switch|p1a: Hatterene|Hatterene, F|100/100
|turn|2
|
|switch|p2a: Alomomola|Alomomola, F|100/100
|move|p1a: Hatterene|Swords Dance|p1a: Hatterene
|-boost|p1a: Hatterene|atk|2
|
|turn|3
|
|move|p2a: Alomomola|Whirlpool|p1a: Hatterene
|-damage|p1a: Hatterene|92/100
|-activate|p1a: Hatterene|move: Whirlpool|[of] p2a: Alomomola
|move|p1a: Hatterene|Nuzzle|p2a: Alomomola
|-supereffective|p2a: Alomomola
|-damage|p2a: Alomomola|82/100
|-status|p2a: Alomomola|par
|-damage|p1a: Hatterene|76/100|[from] item: Rocky Helmet|[of] p2a: Alomomola
|
|-damage|p1a: Hatterene|64/100|[from] move: Whirlpool|[partiallytrapped]
|turn|4
|
|move|p1a: Hatterene|Play Rough|p2a: Alomomola
|-damage|p2a: Alomomola|22/100 par
|-damage|p1a: Hatterene|47/100|[from] item: Rocky Helmet|[of] p2a: Alomomola
|move|p2a: Alomomola|Wish|p2a: Alomomola
|
|-damage|p1a: Hatterene|35/100|[from] move: Whirlpool|[partiallytrapped]
|turn|5
|
|move|p2a: Alomomola|Protect|p2a: Alomomola
|-singleturn|p2a: Alomomola|Protect
|move|p1a: Hatterene|Play Rough|p2a: Alomomola
|-activate|p2a: Alomomola|move: Protect
|
|-heal|p2a: Alomomola|72/100 par|[from] move: Wish|[wisher] Alomomola
|-damage|p1a: Hatterene|23/100|[from] move: Whirlpool|[partiallytrapped]
|turn|6
|
|move|p1a: Hatterene|Swords Dance|p1a: Hatterene
|-boost|p1a: Hatterene|atk|2
|move|p2a: Alomomola|Wish|p2a: Alomomola
|
|-damage|p1a: Hatterene|11/100|[from] move: Whirlpool|[partiallytrapped]
|turn|7
|
|switch|p2a: Dragonite|Dragonite, F|100/100
|move|p1a: Hatterene|Play Rough|p2a: Dragonite
|-supereffective|p2a: Dragonite
|-damage|p2a: Dragonite|0 fnt
|faint|p2a: Dragonite
|
|-end|p1a: Hatterene|Whirlpool|[partiallytrapped]|[silent]
|-message|p2 forfeited.
|
|win|p1
