# advantage = p2
|poke|p1|Muk-Alola, M|
|poke|p1|Kleavor, M|
|poke|p1|Corviknight, M|
|poke|p1|Magearna|
|poke|p1|Chien-Pao|
|poke|p1|Walking Wake|
|poke|p2|Kingambit, M|
|poke|p2|Hatterene, F|
|poke|p2|Garchomp, F|
|poke|p2|Dragonite, M|
|poke|p2|Cinderace, M|
|poke|p2|Scizor, F|
|teampreview
|
|start
|switch|p1a: Muk|Muk-Alola, M|100/100
|switch|p2a: Bangkok<3|Garchomp, F, shiny|100/100
|turn|1
|
|switch|p1a: Corviknight|Corviknight, M|100/100
|-ability|p1a: Corviknight|Pressure
|move|p2a: Bangkok<3|Draco Meteor|p1a: Corviknight
|-resisted|p1a: Corviknight
|-damage|p1a: Corviknight|72/100
|-unboost|p2a: Bangkok<3|spa|2
|-damage|p2a: Bangkok<3|91/100|[from] item: Life Orb
|
|-heal|p1a: Corviknight|78/100|[from] item: Leftovers
|turn|2
|
|move|p2a: Bangkok<3|Fire Blast|p1a: Corviknight
|-supereffective|p1a: Corviknight
|-damage|p1a: Corviknight|48/100
|-damage|p2a: Bangkok<3|81/100|[from] item: Life Orb
|move|p1a: Corviknight|Bulk Up|p1a: Corviknight
|-boost|p1a: Corviknight|atk|1
|-boost|p1a: Corviknight|def|1
|
|-heal|p1a: Corviknight|54/100|[from] item: Leftovers
|turn|3
|
|move|p2a: Bangkok<3|Fire Blast|p1a: Corviknight|[miss]
|-miss|p2a: Bangkok<3|p1a: Corviknight
|move|p1a: Corviknight|Roost|p1a: Corviknight
|-heal|p1a: Corviknight|100/100
|-singleturn|p1a: Corviknight|move: Roost
|
|turn|4
|
|move|p2a: Bangkok<3|Fire Blast|p1a: Corviknight
|-supereffective|p1a: Corviknight
|-damage|p1a: Corviknight|66/100
|-damage|p2a: Bangkok<3|71/100|[from] item: Life Orb
|move|p1a: Corviknight|U-turn|p2a: Bangkok<3
|-damage|p2a: Bangkok<3|51/100
|-damage|p1a: Corviknight|53/100|[from] ability: Rough Skin|[of] p2a: Bangkok<3
|
|switch|p1a: Muk|Muk-Alola, M|100/100|[from] U-turn
|
|turn|5
|
|move|p2a: Bangkok<3|Draco Meteor|p1a: Muk|[miss]
|-miss|p2a: Bangkok<3|p1a: Muk
|move|p1a: Muk|Acid Armor|p1a: Muk
|-boost|p1a: Muk|def|2
|
|turn|6
|
|move|p2a: Bangkok<3|Draco Meteor|p1a: Muk
|-damage|p1a: Muk|75/100
|-unboost|p2a: Bangkok<3|spa|2
|-damage|p2a: Bangkok<3|41/100|[from] item: Life Orb
|move|p1a: Muk|Knock Off|p2a: Bangkok<3
|-damage|p2a: Bangkok<3|0 fnt
|-damage|p1a: Muk|63/100|[from] ability: Rough Skin|[of] p2a: Bangkok<3
|-enditem|p2a: Bangkok<3|Life Orb|[from] move: Knock Off|[of] p1a: Muk
|faint|p2a: Bangkok<3
|
|-heal|p1a: Muk|69/100|[from] item: Leftovers
|
|switch|p2a: Hat Yai City<3|Dragonite, M, shiny|100/100
|turn|7
|
|move|p2a: Hat Yai City<3|Earthquake|p1a: Muk
|-supereffective|p1a: Muk
|-damage|p1a: Muk|15/100
|move|p1a: Muk|Knock Off|p2a: Hat Yai City<3
|-damage|p2a: Hat Yai City<3|75/100
|-enditem|p2a: Hat Yai City<3|Choice Band|[from] move: Knock Off|[of] p1a: Muk
|
|-heal|p1a: Muk|21/100|[from] item: Leftovers
|turn|8
|
|-terastallize|p1a: Muk|Flying
|move|p2a: Hat Yai City<3|Earthquake|p1a: Muk
|-immune|p1a: Muk
|move|p1a: Muk|Acid Armor|p1a: Muk
|-boost|p1a: Muk|def|2
|
|-heal|p1a: Muk|27/100|[from] item: Leftovers
|turn|9
|
|move|p2a: Hat Yai City<3|Outrage|p1a: Muk
|-damage|p1a: Muk|4/100
|move|p1a: Muk|Drain Punch|p2a: Hat Yai City<3
|-resisted|p2a: Hat Yai City<3
|-damage|p2a: Hat Yai City<3|63/100
|-heal|p1a: Muk|9/100|[from] drain|[of] p2a: Hat Yai City<3
|
|-heal|p1a: Muk|15/100|[from] item: Leftovers
|turn|10
|
|move|p2a: Hat Yai City<3|Outrage|p1a: Muk|[from]lockedmove
|-damage|p1a: Muk|0 fnt
|faint|p1a: Muk
|-start|p2a: Hat Yai City<3|confusion|[fatigue]
|
|
|switch|p1a: Chien-Pao|Chien-Pao|100/100
|-ability|p1a: Chien-Pao|Sword of Ruin
|turn|11
|
|switch|p2a: Surat Thani City<3|Scizor, F, shiny|100/100
|move|p1a: Chien-Pao|Swords Dance|p1a: Chien-Pao
|-boost|p1a: Chien-Pao|atk|2
|
|turn|12
|
|move|p1a: Chien-Pao|Crunch|p2a: Surat Thani City<3
|-damage|p2a: Surat Thani City<3|0 fnt
|faint|p2a: Surat Thani City<3
|
|
|switch|p2a: Pak Kret City<3|Hatterene, F, shiny|100/100
|turn|13
|
|move|p1a: Chien-Pao|Ice Spinner|p2a: Pak Kret City<3
|-damage|p2a: Pak Kret City<3|8/100
|move|p2a: Pak Kret City<3|Draining Kiss|p1a: Chien-Pao
|-supereffective|p1a: Chien-Pao
|-damage|p1a: Chien-Pao|30/100
|-heal|p2a: Pak Kret City<3|60/100|[from] drain|[of] p1a: Chien-Pao
|
|-heal|p2a: Pak Kret City<3|66/100|[from] item: Leftovers
|turn|14
|
|move|p1a: Chien-Pao|Crunch|p2a: Pak Kret City<3
|-damage|p2a: Pak Kret City<3|0 fnt
|faint|p2a: Pak Kret City<3
|
|
|switch|p2a: Hat Yai City<3|Dragonite, M, shiny|63/100
|turn|15
|
|switch|p1a: Corviknight|Corviknight, M|53/100
|-ability|p1a: Corviknight|Pressure
|move|p2a: Hat Yai City<3|Extreme Speed|p1a: Corviknight
|-resisted|p1a: Corviknight
|-damage|p1a: Corviknight|44/100
|
|-heal|p1a: Corviknight|50/100|[from] item: Leftovers
|turn|16
|
|move|p2a: Hat Yai City<3|Fire Punch|p1a: Corviknight
|-supereffective|p1a: Corviknight
|-damage|p1a: Corviknight|15/100
|move|p1a: Corviknight|Roost|p1a: Corviknight
|-heal|p1a: Corviknight|65/100
|-singleturn|p1a: Corviknight|move: Roost
|
|-heal|p1a: Corviknight|72/100|[from] item: Leftovers
|turn|17
|
|switch|p1a: Walking Wake|Walking Wake|100/100
|move|p2a: Hat Yai City<3|Fire Punch|p1a: Walking Wake
|-resisted|p1a: Walking Wake
|-damage|p1a: Walking Wake|93/100
|
|turn|18
|
|switch|p2a: Chiang Mai City<3|Cinderace, M, shiny|100/100
|move|p1a: Walking Wake|Dragon Pulse|p2a: Chiang Mai City<3
|-damage|p2a: Chiang Mai City<3|6/100
|
|turn|19
|
|move|p2a: Chiang Mai City<3|High Jump Kick|p1a: Walking Wake
|-start|p2a: Chiang Mai City<3|typechange|Fighting|[from] ability: Libero
|-damage|p1a: Walking Wake|30/100
|move|p1a: Walking Wake|Dragon Pulse|p2a: Chiang Mai City<3
|-damage|p2a: Chiang Mai City<3|0 fnt
|faint|p2a: Chiang Mai City<3
|
|
|switch|p2a: Hat Yai City<3|Dragonite, M, shiny|63/100
|turn|20
|
|-end|p1a: Walking Wake|Protosynthesis|[silent]
|switch|p1a: Kleavor|Kleavor, M|100/100
|move|p2a: Hat Yai City<3|Extreme Speed|p1a: Kleavor
|-resisted|p1a: Kleavor
|-damage|p1a: Kleavor|81/100
|
|turn|21
|
|move|p2a: Hat Yai City<3|Outrage|p1a: Kleavor
|-damage|p1a: Kleavor|0 fnt
|faint|p1a: Kleavor
|
|
|switch|p1a: Magearna|Magearna|100/100
|turn|22
|
|move|p2a: Hat Yai City<3|Outrage|p1a: Magearna|[from]lockedmove
|-immune|p1a: Magearna
|-start|p2a: Hat Yai City<3|confusion|[fatigue]
|move|p1a: Magearna|Iron Defense|p1a: Magearna
|-boost|p1a: Magearna|def|2
|
|turn|23
|
|switch|p2a: Khon Kaen City<3|Kingambit, M, shiny|100/100
|-activate|p2a: Khon Kaen City<3|ability: Supreme Overlord
|-start|p2a: Khon Kaen City<3|fallen4|[silent]
|move|p1a: Magearna|Iron Defense|p1a: Magearna
|-boost|p1a: Magearna|def|2
|
|turn|24
|
|move|p2a: Khon Kaen City<3|Swords Dance|p2a: Khon Kaen City<3
|-boost|p2a: Khon Kaen City<3|atk|2
|move|p1a: Magearna|Calm Mind|p1a: Magearna
|-boost|p1a: Magearna|spa|1
|-boost|p1a: Magearna|spd|1
|
|turn|25
|
|move|p2a: Khon Kaen City<3|Swords Dance|p2a: Khon Kaen City<3
|-boost|p2a: Khon Kaen City<3|atk|2
|move|p1a: Magearna|Calm Mind|p1a: Magearna
|-boost|p1a: Magearna|spa|1
|-boost|p1a: Magearna|spd|1
|
|turn|26
|
|move|p2a: Khon Kaen City<3|Swords Dance|p2a: Khon Kaen City<3
|-boost|p2a: Khon Kaen City<3|atk|2
|move|p1a: Magearna|Calm Mind|p1a: Magearna
|-boost|p1a: Magearna|spa|1
|-boost|p1a: Magearna|spd|1
|
|turn|27
|
|move|p2a: Khon Kaen City<3|Kowtow Cleave|p1a: Magearna
|-resisted|p1a: Magearna
|-damage|p1a: Magearna|62/100
|move|p1a: Magearna|Iron Defense|p1a: Magearna
|-boost|p1a: Magearna|def|2
|
|-heal|p1a: Magearna|68/100|[from] item: Leftovers
|turn|28
|
|move|p2a: Khon Kaen City<3|Kowtow Cleave|p1a: Magearna
|-resisted|p1a: Magearna
|-damage|p1a: Magearna|39/100
|move|p1a: Magearna|Draining Kiss|p2a: Khon Kaen City<3
|-damage|p2a: Khon Kaen City<3|38/100
|-heal|p1a: Magearna|86/100|[from] drain|[of] p2a: Khon Kaen City<3
|
|-heal|p1a: Magearna|93/100|[from] item: Leftovers
|turn|29
|-message|p2 forfeited.
|
|win|p1
