|poke|p1|Samurott-Hisui, M|
|poke|p1|Great Tusk|
|poke|p1|Skeledirge, M|
|poke|p1|Goodra-Hisui, M|
|poke|p1|Meowscarada, M|
|poke|p1|Gholdengo|
|poke|p2|Magearna|
|poke|p2|Landorus-Therian, M|
|poke|p2|Thundurus-Therian, M|
|poke|p2|Tornadus-Therian, M|
|poke|p2|Enamorus-Therian, F|
|poke|p2|Chien-Pao|
|teampreview
|
|start
|switch|p1a: KoS(o)V(o)|Samurott-Hisui, M, shiny|100/100
|switch|p2a: Thundurus|Thundurus-Therian, M|100/100
|turn|1
|
|-terastallize|p1a: KoS(o)V(o)|Ice
|move|p1a: KoS(o)V(o)|Tera Blast|p2a: Thundurus
|-supereffective|p2a: Thundurus
|-enditem|p2a: Thundurus|Focus Sash
|-damage|p2a: Thundurus|1/100
|move|p2a: Thundurus|Nasty Plot|p2a: Thundurus
|-boost|p2a: Thundurus|spa|2
|
|turn|2
|
|switch|p2a: Magearna|Magearna|100/100
|move|p1a: KoS(o)V(o)|Tera Blast|p2a: Magearna
|-resisted|p2a: Magearna
|-damage|p2a: Magearna|87/100
|
|-heal|p2a: Magearna|93/100|[from] item: Leftovers
|turn|3
|
|switch|p1a: Best Croc|Skeledirge, M, shiny|100/100
|switch|p2a: Tornadus|Tornadus-Therian, M|100/100
|
|turn|4
|
|move|p2a: Tornadus|Hurricane|p1a: Best Croc
|-damage|p1a: Best Croc|62/100
|move|p1a: Best Croc|Will-O-Wisp|p2a: Tornadus
|-status|p2a: Tornadus|brn
|
|-damage|p2a: Tornadus|94/100 brn|[from] brn
|turn|5
|
|switch|p1a: Just Better|Goodra-Hisui, M, shiny|100/100
|move|p2a: Tornadus|Hurricane|p1a: Just Better
|-resisted|p1a: Just Better
|-damage|p1a: Just Better|83/100
|
|-heal|p1a: Just Better|89/100|[from] item: Leftovers
|-damage|p2a: Tornadus|88/100 brn|[from] brn
|turn|6
|
|move|p2a: Tornadus|Nasty Plot|p2a: Tornadus
|-boost|p2a: Tornadus|spa|2
|move|p1a: Just Better|Fire Blast|p2a: Tornadus
|-damage|p2a: Tornadus|38/100 brn
|
|-heal|p1a: Just Better|95/100|[from] item: Leftovers
|-damage|p2a: Tornadus|32/100 brn|[from] brn
|turn|7
|
|move|p2a: Tornadus|Heat Wave|p1a: Just Better
|-damage|p1a: Just Better|52/100
|move|p1a: Just Better|Draco Meteor|p2a: Tornadus
|-damage|p2a: Tornadus|0 fnt
|-unboost|p1a: Just Better|spa|2
|faint|p2a: Tornadus
|
|-heal|p1a: Just Better|58/100|[from] item: Leftovers
|
|switch|p2a: Magearna|Magearna|93/100
|turn|8
|
|switch|p1a: Best Croc|Skeledirge, M, shiny|62/100
|move|p2a: Magearna|Iron Defense|p2a: Magearna
|-boost|p2a: Magearna|def|2
|
|-heal|p2a: Magearna|99/100|[from] item: Leftovers
|turn|9
|
|-terastallize|p2a: Magearna|Flying
|move|p2a: Magearna|Calm Mind|p2a: Magearna
|-boost|p2a: Magearna|spa|1
|-boost|p2a: Magearna|spd|1
|move|p1a: Best Croc|Torch Song|p2a: Magearna
|-damage|p2a: Magearna|78/100
|-boost|p1a: Best Croc|spa|1
|
|-heal|p2a: Magearna|84/100|[from] item: Leftovers
|turn|10
|
|move|p2a: Magearna|Calm Mind|p2a: Magearna
|-boost|p2a: Magearna|spa|1
|-boost|p2a: Magearna|spd|1
|move|p1a: Best Croc|Will-O-Wisp|p2a: Magearna
|-status|p2a: Magearna|brn
|
|-heal|p2a: Magearna|90/100 brn|[from] item: Leftovers
|-damage|p2a: Magearna|84/100 brn|[from] brn
|turn|11
|
|move|p2a: Magearna|Calm Mind|p2a: Magearna
|-boost|p2a: Magearna|spa|1
|-boost|p2a: Magearna|spd|1
|move|p1a: Best Croc|Hex|p2a: Magearna
|-damage|p2a: Magearna|36/100 brn
|
|-heal|p2a: Magearna|42/100 brn|[from] item: Leftovers
|-damage|p2a: Magearna|36/100 brn|[from] brn
|turn|12
|
|move|p2a: Magearna|Stored Power|p1a: Best Croc
|-damage|p1a: Best Croc|22/100
|move|p1a: Best Croc|Hex|p2a: Magearna
|-damage|p2a: Magearna|0 fnt
|faint|p2a: Magearna
|
|
|switch|p2a: Thundurus|Thundurus-Therian, M|1/100
|turn|13
|
|switch|p1a: Lando Bad|Great Tusk|100/100
|move|p2a: Thundurus|Thunderbolt|p1a: Lando Bad
|-immune|p1a: Lando Bad
|
|turn|14
|
|move|p2a: Thundurus|Grass Knot|p1a: Lando Bad
|-supereffective|p1a: Lando Bad
|-damage|p1a: Lando Bad|0 fnt
|faint|p1a: Lando Bad
|-end|p1a: Lando Bad|Protosynthesis|[silent]
|
|
|switch|p1a: KoS(o)V(o)|Samurott-Hisui, M, shiny, tera:Ice|100/100
|turn|15
|
|move|p1a: KoS(o)V(o)|Sacred Sword|p2a: Thundurus
|-resisted|p2a: Thundurus
|-damage|p2a: Thundurus|0 fnt
|faint|p2a: Thundurus
|
|
|switch|p2a: Landorus|Landorus-Therian, M|100/100
|-ability|p2a: Landorus|Intimidate|boost
|-unboost|p1a: KoS(o)V(o)|atk|1
|turn|16
|
|switch|p1a: You're*|Gholdengo|100/100
|-item|p1a: You're*|Air Balloon
|move|p2a: Landorus|Earthquake|p1a: You're*
|-immune|p1a: You're*
|
|turn|17
|
|move|p2a: Landorus|Outrage|p1a: You're*
|-resisted|p1a: You're*
|-damage|p1a: You're*|75/100
|-enditem|p1a: You're*|Air Balloon
|move|p1a: You're*|Make It Rain|p2a: Landorus
|-damage|p2a: Landorus|24/100
|-unboost|p1a: You're*|spa|1
|
|-heal|p2a: Landorus|30/100|[from] item: Leftovers
|turn|18
|
|move|p2a: Landorus|Outrage|p1a: You're*|[from]lockedmove
|-resisted|p1a: You're*
|-damage|p1a: You're*|49/100
|-start|p2a: Landorus|confusion|[fatigue]
|move|p1a: You're*|Shadow Ball|p2a: Landorus
|-damage|p2a: Landorus|0 fnt
|faint|p2a: Landorus
|
|
|switch|p2a: Chien-Pao|Chien-Pao|100/100
|-ability|p2a: Chien-Pao|Sword of Ruin
|turn|19
|
|switch|p1a: Best Croc|Skeledirge, M, shiny|22/100
|move|p2a: Chien-Pao|Swords Dance|p2a: Chien-Pao
|-boost|p2a: Chien-Pao|atk|2
|
|turn|20
|n|%seroo@!|seroo
|
|move|p2a: Chien-Pao|Icicle Crash|p1a: Best Croc
|-resisted|p1a: Best Croc
|-damage|p1a: Best Croc|0 fnt
|faint|p1a: Best Croc
|
|
|switch|p1a: KoS(o)V(o)|Samurott-Hisui, M, shiny, tera:Ice|100/100
|turn|21
|
|move|p2a: Chien-Pao|Sucker Punch|p1a: KoS(o)V(o)
|-damage|p1a: KoS(o)V(o)|0 fnt
|faint|p1a: KoS(o)V(o)
|
|
|switch|p1a: No don't|Meowscarada, M, shiny|100/100
|turn|22
|
|move|p2a: Chien-Pao|Sacred Sword|p1a: No don't
|-supereffective|p1a: No don't
|-damage|p1a: No don't|0 fnt
|faint|p1a: No don't
|
|
|switch|p1a: You're*|Gholdengo|49/100
|turn|23
|
|move|p2a: Chien-Pao|Icicle Crash|p1a: You're*|[miss]
|-miss|p2a: Chien-Pao|p1a: You're*
|move|p1a: You're*|Make It Rain|p2a: Chien-Pao
|-supereffective|p2a: Chien-Pao
|-enditem|p2a: Chien-Pao|Focus Sash
|-damage|p2a: Chien-Pao|1/100
|-unboost|p1a: You're*|spa|1
|
|turn|24
|
|move|p2a: Chien-Pao|Sucker Punch|p1a: You're*
|-supereffective|p1a: You're*
|-damage|p1a: You're*|0 fnt
|faint|p1a: You're*
|
|
|switch|p1a: Just Better|Goodra-Hisui, M, shiny|58/100
|turn|25
|
|move|p2a: Chien-Pao|Sacred Sword|p1a: Just Better
|-supereffective|p1a: Just Better
|-damage|p1a: Just Better|0 fnt
|-ability|p1a: Just Better|Gooey
|-unboost|p2a: Chien-Pao|spe|1
|faint|p1a: Just Better
|
|win|Its better to lie
|n|☆PiXeLBro489|pixelbro489
|n|☆Its better to lie|itsbettertolie
|n|*Lady Monita|ladymonita
|n| seroo@!|seroo
