|poke|p1|Urshifu-*, M|
|poke|p1|Great Tusk|
|poke|p1|Heatran, M|
|poke|p1|Chien-Pao|
|poke|p1|Rotom-Wash|
|poke|p1|Corviknight, F|
|poke|p2|Breloom, M|
|poke|p2|Tinkaton, F|
|poke|p2|Dragonite, F|
|poke|p2|Slowbro-Galar, M|
|poke|p2|Dondozo, M|
|poke|p2|Volcarona, M|
|teampreview
|
|start
|switch|p1a: Urshifu|Urshifu-Rapid-Strike, M|100/100
|switch|p2a: Tinkaton|Tinkaton, F|100/100
|-ability|p2a: Tinkaton|Mold Breaker
|turn|1
|
|switch|p1a: Heatran|Heatran, M|100/100
|move|p2a: Tinkaton|Stealth Rock|p1a: Heatran
|-sidestart|p1: p1|move: Stealth Rock
|
|turn|2
|
|switch|p2a: Dragonite|Dragonite, F|100/100
|move|p1a: Heatran|Magma Storm|p2a: Dragonite
|-resisted|p2a: Dragonite
|-damage|p2a: Dragonite|89/100
|-activate|p2a: Dragonite|move: Magma Storm|[of] p1a: Heatran
|
|-damage|p2a: Dragonite|77/100|[from] move: Magma Storm|[partiallytrapped]
|turn|3
|
|switch|p1a: Rotom|Rotom-Wash|100/100
|-damage|p1a: Rotom|88/100|[from] Stealth Rock
|move|p2a: Dragonite|Dragon Dance|p2a: Dragonite
|-boost|p2a: Dragonite|atk|1
|-boost|p2a: Dragonite|spe|1
|
|-heal|p1a: Rotom|94/100|[from] item: Leftovers
|-end|p2a: Dragonite|Magma Storm|[partiallytrapped]|[silent]
|turn|4
|
|move|p2a: Dragonite|Extreme Speed|p1a: Rotom
|-damage|p1a: Rotom|43/100
|move|p1a: Rotom|Thunder Wave|p2a: Dragonite
|-status|p2a: Dragonite|par
|-enditem|p2a: Dragonite|Lum Berry|[eat]
|-curestatus|p2a: Dragonite|par|[msg]
|
|-heal|p1a: Rotom|49/100|[from] item: Leftovers
|turn|5
|
|switch|p2a: Volcarona|Volcarona, M|100/100
|move|p1a: Rotom|Protect||[still]
|-fail|p1a: Rotom
|
|-heal|p1a: Rotom|55/100|[from] item: Leftovers
|turn|6
|
|switch|p1a: Heatran|Heatran, M|100/100
|-damage|p1a: Heatran|88/100|[from] Stealth Rock
|move|p2a: Volcarona|Bug Buzz|p1a: Heatran
|-resisted|p1a: Heatran
|-damage|p1a: Heatran|77/100
|-unboost|p1a: Heatran|spd|1
|-damage|p2a: Volcarona|91/100|[from] item: Life Orb
|
|-heal|p1a: Heatran|83/100|[from] item: Leftovers
|turn|7
|
|-terastallize|p2a: Volcarona|Ground
|move|p2a: Volcarona|Tera Blast|p1a: Heatran
|-supereffective|p1a: Heatran
|-damage|p1a: Heatran|0 fnt
|faint|p1a: Heatran
|-damage|p2a: Volcarona|81/100|[from] item: Life Orb
|
|
|switch|p1a: Chien-Pao|Chien-Pao|100/100
|-damage|p1a: Chien-Pao|76/100|[from] Stealth Rock
|-ability|p1a: Chien-Pao|Sword of Ruin
|turn|8
|
|switch|p2a: Tinkaton|Tinkaton, F|100/100
|-ability|p2a: Tinkaton|Mold Breaker
|move|p1a: Chien-Pao|Icicle Crash|p2a: Tinkaton
|-resisted|p2a: Tinkaton
|-damage|p2a: Tinkaton|40/100
|
|turn|9
|
|switch|p1a: Rotom|Rotom-Wash|55/100
|-damage|p1a: Rotom|43/100|[from] Stealth Rock
|move|p2a: Tinkaton|Fake Out|p1a: Rotom
|-damage|p1a: Rotom|29/100
|-damage|p2a: Tinkaton|30/100|[from] item: Life Orb
|
|-heal|p1a: Rotom|35/100|[from] item: Leftovers
|turn|10
|
|switch|p2a: Volcarona|Volcarona, M, tera:Ground|81/100
|move|p1a: Rotom|Volt Switch|p2a: Volcarona
|-immune|p2a: Volcarona
|
|-heal|p1a: Rotom|41/100|[from] item: Leftovers
|turn|11
|
|move|p1a: Rotom|Protect|p1a: Rotom
|-singleturn|p1a: Rotom|Protect
|move|p2a: Volcarona|Bug Buzz|p1a: Rotom
|-activate|p1a: Rotom|move: Protect
|
|-heal|p1a: Rotom|48/100|[from] item: Leftovers
|turn|12
|
|move|p2a: Volcarona|Bug Buzz|p1a: Rotom
|-damage|p1a: Rotom|0 fnt
|faint|p1a: Rotom
|-damage|p2a: Volcarona|71/100|[from] item: Life Orb
|
|
|switch|p1a: Urshifu|Urshifu-Rapid-Strike, M|100/100
|-damage|p1a: Urshifu|94/100|[from] Stealth Rock
|turn|13
|
|switch|p2a: Dondozo|Dondozo, M|100/100
|move|p1a: Urshifu|Aqua Jet|p2a: Dondozo
|-resisted|p2a: Dondozo
|-damage|p2a: Dondozo|96/100
|
|turn|14
|
|switch|p1a: Corviknight|Corviknight, F|100/100
|-damage|p1a: Corviknight|88/100|[from] Stealth Rock
|-ability|p1a: Corviknight|Pressure
|move|p2a: Dondozo|Curse|p2a: Dondozo
|-unboost|p2a: Dondozo|spe|1
|-boost|p2a: Dondozo|atk|1
|-boost|p2a: Dondozo|def|1
|
|-heal|p1a: Corviknight|94/100|[from] item: Leftovers
|turn|15
|
|move|p1a: Corviknight|U-turn|p2a: Dondozo
|-damage|p2a: Dondozo|91/100
|-damage|p1a: Corviknight|78/100|[from] item: Rocky Helmet|[of] p2a: Dondozo
|
|switch|p1a: Chien-Pao|Chien-Pao|76/100|[from] U-turn
|-damage|p1a: Chien-Pao|51/100|[from] Stealth Rock
|-ability|p1a: Chien-Pao|Sword of Ruin
|move|p2a: Dondozo|Curse|p2a: Dondozo
|-unboost|p2a: Dondozo|spe|1
|-boost|p2a: Dondozo|atk|1
|-boost|p2a: Dondozo|def|1
|
|turn|16
|
|move|p1a: Chien-Pao|Sacred Sword|p2a: Dondozo
|-damage|p2a: Dondozo|62/100
|-damage|p1a: Chien-Pao|34/100|[from] item: Rocky Helmet|[of] p2a: Dondozo
|move|p2a: Dondozo|Liquidation|p1a: Chien-Pao
|-damage|p1a: Chien-Pao|0 fnt
|faint|p1a: Chien-Pao
|
|-message|p1 forfeited.
|
|win|p2
