|poke|p1|Torkoal, F|
|poke|p1|Slowking-Galar, M|
|poke|p1|Ursaluna, M|
|poke|p1|Glastrier|
|poke|p1|Hatterene, F|
|poke|p1|Magearna|
|poke|p2|Basculegion-F, F|
|poke|p2|Meowscarada, F|
|poke|p2|Heatran, F|
|poke|p2|Garchomp, F|
|poke|p2|Great Tusk|
|poke|p2|Urshifu-*, M|
|teampreview
|
|start
|switch|p1a: Magearna|Magearna|100/100
|switch|p2a: Heatran|Heatran, F|100/100
|turn|1
|
|move|p2a: Heatran|Taunt|p1a: Magearna
|-start|p1a: Magearna|move: Taunt
|cant|p1a: Magearna|move: Taunt|Trick Room
|
|turn|2
|
|switch|p1a: Slowking|Slowking-Galar, M|100/100
|move|p2a: Heatran|Magma Storm|p1a: Slowking
|-damage|p1a: Slowking|71/100
|-activate|p1a: Slowking|move: Magma Storm|[of] p2a: Heatran
|-enditem|p1a: Slowking|Eject Button
|
|switch|p1a: Ursaluna|Ursaluna, M|100/100
|
|-status|p1a: Ursaluna|brn|[from] item: Flame Orb
|turn|3
|
|switch|p2a: Garchomp|Garchomp, F|100/100
|move|p1a: Ursaluna|Headlong Rush|p2a: Garchomp
|-damage|p2a: Garchomp|4/100
|-unboost|p1a: Ursaluna|def|1
|-unboost|p1a: Ursaluna|spd|1
|-damage|p1a: Ursaluna|88/100 brn|[from] ability: Rough Skin|[of] p2a: Garchomp
|-damage|p1a: Ursaluna|71/100 brn|[from] item: Rocky Helmet|[of] p2a: Garchomp
|
|-damage|p1a: Ursaluna|65/100 brn|[from] brn
|turn|4
|
|switch|p1a: Hatterene|Hatterene, F|100/100
|move|p2a: Garchomp|Earthquake|p1a: Hatterene
|-damage|p1a: Hatterene|55/100
|
|-heal|p1a: Hatterene|61/100|[from] item: Leftovers
|turn|5
|
|switch|p2a: Basculegion|Basculegion-F, F, shiny|100/100
|move|p1a: Hatterene|Trick Room|p1a: Hatterene
|-fieldstart|move: Trick Room|[of] p1a: Hatterene
|
|-heal|p1a: Hatterene|67/100|[from] item: Leftovers
|turn|6
|
|move|p1a: Hatterene|Healing Wish|p1a: Hatterene
|faint|p1a: Hatterene
|move|p2a: Basculegion|Substitute|p2a: Basculegion
|-start|p2a: Basculegion|Substitute
|-damage|p2a: Basculegion|75/100
|
|
|switch|p1a: Magearna|Magearna|100/100
|turn|7
|
|move|p1a: Magearna|Volt Switch|p2a: Basculegion
|-supereffective|p2a: Basculegion
|-end|p2a: Basculegion|Substitute
|
|switch|p1a: Torkoal|Torkoal, F|100/100|[from] Volt Switch
|-weather|SunnyDay|[from] ability: Drought|[of] p1a: Torkoal
|move|p2a: Basculegion|Surf|p1a: Torkoal
|-supereffective|p1a: Torkoal
|-damage|p1a: Torkoal|5/100
|
|-weather|SunnyDay|[upkeep]
|turn|8
|
|move|p1a: Torkoal|Solar Beam||[still]
|-prepare|p1a: Torkoal|Solar Beam
|-anim|p1a: Torkoal|Solar Beam|p2a: Basculegion
|-supereffective|p2a: Basculegion
|-damage|p2a: Basculegion|5/100
|-enditem|p2a: Basculegion|Petaya Berry|[eat]
|-boost|p2a: Basculegion|spa|1|[from] item: Petaya Berry
|move|p2a: Basculegion|Surf|p1a: Torkoal
|-supereffective|p1a: Torkoal
|-damage|p1a: Torkoal|0 fnt
|faint|p1a: Torkoal
|
|-weather|SunnyDay|[upkeep]
|
|switch|p1a: Glastrier|Glastrier|100/100
|turn|9
|
|move|p1a: Glastrier|Crunch|p2a: Basculegion
|-supereffective|p2a: Basculegion
|-damage|p2a: Basculegion|0 fnt
|faint|p2a: Basculegion
|-ability|p1a: Glastrier|Chilling Neigh|boost
|-boost|p1a: Glastrier|atk|1
|
|-weather|SunnyDay|[upkeep]
|-fieldend|move: Trick Room
|
|switch|p2a: Heatran|Heatran, F|100/100
|turn|10
|
|-terastallize|p1a: Glastrier|Water
|move|p2a: Heatran|Magma Storm|p1a: Glastrier|[miss]
|-miss|p2a: Heatran|p1a: Glastrier
|move|p1a: Glastrier|Close Combat|p2a: Heatran
|-supereffective|p2a: Heatran
|-damage|p2a: Heatran|0 fnt
|-unboost|p1a: Glastrier|def|1
|-unboost|p1a: Glastrier|spd|1
|faint|p2a: Heatran
|-ability|p1a: Glastrier|Chilling Neigh|boost
|-boost|p1a: Glastrier|atk|1
|
|-weather|SunnyDay|[upkeep]
|
|switch|p2a: Meowscarada|Meowscarada, F|100/100
|turn|11
|
|switch|p1a: Magearna|Magearna|100/100
|move|p2a: Meowscarada|U-turn|p1a: Magearna
|-start|p2a: Meowscarada|typechange|Bug|[from] ability: Protean
|-resisted|p1a: Magearna
|-damage|p1a: Magearna|95/100
|
|switch|p2a: Great Tusk|Great Tusk|100/100|[from] U-turn
|-activate|p2a: Great Tusk|ability: Protosynthesis
|-start|p2a: Great Tusk|protosynthesisdef
|
|-weather|SunnyDay|[upkeep]
|-heal|p1a: Magearna|100/100|[from] item: Leftovers
|turn|12
|
|move|p2a: Great Tusk|Earthquake|p1a: Magearna
|-supereffective|p1a: Magearna
|-damage|p1a: Magearna|44/100
|move|p1a: Magearna|Trick Room|p1a: Magearna
|-fieldstart|move: Trick Room|[of] p1a: Magearna
|
|-weather|SunnyDay|[upkeep]
|-heal|p1a: Magearna|50/100|[from] item: Leftovers
|turn|13
|
|-terastallize|p2a: Great Tusk|Water
|move|p1a: Magearna|Fleur Cannon|p2a: Great Tusk
|-damage|p2a: Great Tusk|24/100
|-unboost|p1a: Magearna|spa|2
|move|p2a: Great Tusk|Earthquake|p1a: Magearna
|-supereffective|p1a: Magearna
|-damage|p1a: Magearna|0 fnt
|faint|p1a: Magearna
|
|-weather|SunnyDay|[upkeep]
|-heal|p2a: Great Tusk|30/100|[from] item: Leftovers
|
|switch|p1a: Glastrier|Glastrier, tera:Water|100/100
|turn|14
|
|move|p1a: Glastrier|Close Combat|p2a: Great Tusk
|-damage|p2a: Great Tusk|10/100
|-unboost|p1a: Glastrier|def|1
|-unboost|p1a: Glastrier|spd|1
|move|p2a: Great Tusk|Body Press|p1a: Glastrier
|-damage|p1a: Glastrier|50/100
|
|-weather|none
|-end|p2a: Great Tusk|Protosynthesis
|-heal|p2a: Great Tusk|17/100|[from] item: Leftovers
|turn|15
|
|-end|p2a: Great Tusk|Protosynthesis|[silent]
|switch|p2a: Garchomp|Garchomp, F|4/100
|move|p1a: Glastrier|Close Combat|p2a: Garchomp
|-damage|p2a: Garchomp|0 fnt
|-unboost|p1a: Glastrier|def|1
|-unboost|p1a: Glastrier|spd|1
|-damage|p1a: Glastrier|37/100|[from] ability: Rough Skin|[of] p2a: Garchomp
|-damage|p1a: Glastrier|21/100|[from] item: Rocky Helmet|[of] p2a: Garchomp
|faint|p2a: Garchomp
|-ability|p1a: Glastrier|Chilling Neigh|boost
|-boost|p1a: Glastrier|atk|1
|
|
|switch|p2a: Great Tusk|Great Tusk, tera:Water|17/100
|turn|16
|
|move|p1a: Glastrier|Close Combat|p2a: Great Tusk
|-damage|p2a: Great Tusk|0 fnt
|-unboost|p1a: Glastrier|def|1
|-unboost|p1a: Glastrier|spd|1
|faint|p2a: Great Tusk
|-end|p2a: Great Tusk|Protosynthesis|[silent]
|-ability|p1a: Glastrier|Chilling Neigh|boost
|-boost|p1a: Glastrier|atk|1
|
|-fieldend|move: Trick Room
|
|switch|p2a: Meowscarada|Meowscarada, F|100/100
|turn|17
|
|move|p2a: Meowscarada|Knock Off|p1a: Glastrier
|-start|p2a: Meowscarada|typechange|Dark|[from] ability: Protean
|-damage|p1a: Glastrier|0 fnt
|-enditem|p1a: Glastrier|Assault Vest|[from] move: Knock Off|[of] p2a: Meowscarada
|faint|p1a: Glastrier
|
|
|switch|p1a: Slowking|Slowking-Galar, M|100/100
|turn|18
|
|move|p2a: Meowscarada|Knock Off|p1a: Slowking
|-supereffective|p1a: Slowking
|-damage|p1a: Slowking|41/100
|move|p1a: Slowking|Trick Room|p1a: Slowking
|-fieldstart|move: Trick Room|[of] p1a: Slowking
|
|turn|19
|
|move|p1a: Slowking|Future Sight|p2a: Meowscarada
|-start|p1a: Slowking|move: Future Sight
|move|p2a: Meowscarada|Knock Off|p1a: Slowking
|-supereffective|p1a: Slowking
|-damage|p1a: Slowking|0 fnt
|faint|p1a: Slowking
|
|
|switch|p1a: Ursaluna|Ursaluna, M|65/100 brn
|-heal|p1a: Ursaluna|100/100|[from] move: Healing Wish
|turn|20
|
|move|p1a: Ursaluna|Brick Break|p2a: Meowscarada
|-supereffective|p2a: Meowscarada
|-damage|p2a: Meowscarada|2/100
|move|p2a: Meowscarada|Knock Off|p1a: Ursaluna
|-damage|p1a: Ursaluna|71/100
|-enditem|p1a: Ursaluna|Flame Orb|[from] move: Knock Off|[of] p2a: Meowscarada
|
|turn|21
|
|move|p1a: Ursaluna|Facade|p2a: Meowscarada
|-damage|p2a: Meowscarada|0 fnt
|faint|p2a: Meowscarada
|
|-hint|Future Sight did not hit because the target is fainted.
|
|switch|p2a: Urshifu|Urshifu-Rapid-Strike, M|100/100
|turn|22
|
|move|p1a: Ursaluna|Headlong Rush|p2a: Urshifu
|-damage|p2a: Urshifu|25/100
|-unboost|p1a: Ursaluna|def|1
|-unboost|p1a: Ursaluna|spd|1
|move|p2a: Urshifu|Surging Strikes|p1a: Ursaluna
|-supereffective|p1a: Ursaluna
|-crit|p1a: Ursaluna
|-damage|p1a: Ursaluna|18/100
|-supereffective|p1a: Ursaluna
|-crit|p1a: Ursaluna
|-damage|p1a: Ursaluna|0 fnt
|faint|p1a: Ursaluna
|-hitcount|p1: Ursaluna|2
|
|win|donkkut
|l|☆UBD drago1400
