|poke|p1|Goodra-Hisui, M|
|poke|p1|Ursaluna, M|
|poke|p1|Pelipper, F|
|poke|p1|Glimmora, M|
|poke|p1|Basculegion-F, F|
|poke|p1|Urshifu-*, F|
|poke|p2|Arcanine-Hisui, M|
|poke|p2|Urshifu-*, M|
|poke|p2|Great Tusk|
|poke|p2|Zapdos|
|poke|p2|Slowking-Galar, M|
|poke|p2|Magearna|
|teampreview
|
|start
|switch|p1a: Urshifu|Urshifu-Rapid-Strike, F|100/100
|switch|p2a: Arcanine|Arcanine-Hisui, M|100/100
|turn|1
|
|switch|p2a: Zapdos|Zapdos|100/100
|move|p1a: Urshifu|Surging Strikes|p2a: Zapdos
|-crit|p2a: Zapdos
|-damage|p2a: Zapdos|85/100
|-crit|p2a: Zapdos
|-damage|p2a: Zapdos|69/100
|-status|p1a: Urshifu|par|[from] ability: Static|[of] p2a: Zapdos
|-crit|p2a: Zapdos
|-damage|p2a: Zapdos|52/100
|-hitcount|p2a: Zapdos|3
|
|turn|2
|
|switch|p1a: Goodra|Goodra-Hisui, M, shiny|100/100
|move|p2a: Zapdos|Roost|p2a: Zapdos
|-heal|p2a: Zapdos|100/100
|-singleturn|p2a: Zapdos|move: Roost
|
|turn|3
|
|switch|p2a: Arcanine|Arcanine-Hisui, M|100/100
|move|p1a: Goodra|Ice Beam|p2a: Arcanine
|-resisted|p2a: Arcanine
|-damage|p2a: Arcanine|87/100
|
|turn|4
|
|move|p2a: Arcanine|Flare Blitz|p1a: Goodra
|-damage|p1a: Goodra|42/100
|-status|p1a: Goodra|brn
|move|p1a: Goodra|Earthquake|p2a: Arcanine
|-supereffective|p2a: Arcanine
|-damage|p2a: Arcanine|31/100
|
|-damage|p1a: Goodra|35/100 brn|[from] brn
|turn|5
|
|move|p2a: Arcanine|Flare Blitz|p1a: Goodra
|-damage|p1a: Goodra|0 fnt
|faint|p1a: Goodra
|
|
|switch|p1a: Pelipper|Pelipper, F|100/100
|-weather|RainDance|[from] ability: Drizzle|[of] p1a: Pelipper
|turn|6
|
|switch|p2a: Slowking|Slowking-Galar, M|100/100
|switch|p1a: Ursaluna|Ursaluna, M, shiny|100/100
|
|-weather|RainDance|[upkeep]
|-status|p1a: Ursaluna|brn|[from] item: Flame Orb
|turn|7
|
|switch|p2a: Great Tusk|Great Tusk|100/100
|move|p1a: Ursaluna|Facade|p2a: Great Tusk
|-damage|p2a: Great Tusk|38/100
|-damage|p1a: Ursaluna|84/100 brn|[from] item: Rocky Helmet|[of] p2a: Great Tusk
|
|-weather|RainDance|[upkeep]
|-damage|p1a: Ursaluna|78/100 brn|[from] brn
|turn|8
|
|move|p2a: Great Tusk|Earthquake|p1a: Ursaluna
|-damage|p1a: Ursaluna|42/100 brn
|move|p1a: Ursaluna|Facade|p2a: Great Tusk
|-damage|p2a: Great Tusk|0 fnt
|-damage|p1a: Ursaluna|25/100 brn|[from] item: Rocky Helmet|[of] p2a: Great Tusk
|faint|p2a: Great Tusk
|-end|p2a: Great Tusk|Protosynthesis|[silent]
|
|-weather|RainDance|[upkeep]
|-damage|p1a: Ursaluna|19/100 brn|[from] brn
|
|switch|p2a: Urshifu|Urshifu-Rapid-Strike, M|100/100
|turn|9
|
|move|p2a: Urshifu|Surging Strikes|p1a: Ursaluna
|-supereffective|p1a: Ursaluna
|-crit|p1a: Ursaluna
|-damage|p1a: Ursaluna|0 fnt
|faint|p1a: Ursaluna
|-hitcount|p1: Ursaluna|1
|
|-weather|RainDance|[upkeep]
|
|switch|p1a: Urshifu|Urshifu-Rapid-Strike, F|100/100 par
|turn|10
|
|move|p2a: Urshifu|Thunder Punch|p1a: Urshifu
|-supereffective|p1a: Urshifu
|-damage|p1a: Urshifu|39/100 par
|move|p1a: Urshifu|U-turn|p2a: Urshifu
|-resisted|p2a: Urshifu
|-damage|p2a: Urshifu|88/100
|
|switch|p1a: Basculegion|Basculegion-F, F|100/100|[from] U-turn
|
|-weather|none
|turn|11
|
|move|p2a: Urshifu|Thunder Punch|p1a: Basculegion
|-supereffective|p1a: Basculegion
|-damage|p1a: Basculegion|31/100
|move|p1a: Basculegion|Shadow Ball|p2a: Urshifu
|-damage|p2a: Urshifu|22/100
|-damage|p1a: Basculegion|21/100|[from] item: Life Orb
|
|turn|12
|
|switch|p1a: Urshifu|Urshifu-Rapid-Strike, F|39/100 par
|move|p2a: Urshifu|Thunder Punch|p1a: Urshifu
|-supereffective|p1a: Urshifu
|-damage|p1a: Urshifu|0 fnt
|faint|p1a: Urshifu
|
|
|switch|p1a: Glimmora|Glimmora, M|100/100
|turn|13
|
|move|p1a: Glimmora|Sludge Wave|p2a: Urshifu
|-damage|p2a: Urshifu|0 fnt
|faint|p2a: Urshifu
|
|
|switch|p2a: Magearna|Magearna|100/100
|turn|14
|
|switch|p1a: Pelipper|Pelipper, F|100/100
|-weather|RainDance|[from] ability: Drizzle|[of] p1a: Pelipper
|move|p2a: Magearna|Shift Gear|p2a: Magearna
|-boost|p2a: Magearna|spe|2
|-boost|p2a: Magearna|atk|1
|
|-weather|RainDance|[upkeep]
|turn|15
|
|move|p2a: Magearna|Shift Gear|p2a: Magearna
|-boost|p2a: Magearna|spe|2
|-boost|p2a: Magearna|atk|1
|move|p1a: Pelipper|Surf|p2a: Magearna
|-damage|p2a: Magearna|7/100
|
|-weather|RainDance|[upkeep]
|-heal|p2a: Magearna|13/100|[from] item: Leftovers
|turn|16
|
|move|p2a: Magearna|Stored Power|p1a: Pelipper
|-damage|p1a: Pelipper|28/100
|move|p1a: Pelipper|Surf|p2a: Magearna
|-damage|p2a: Magearna|0 fnt
|faint|p2a: Magearna
|
|-weather|RainDance|[upkeep]
|
|switch|p2a: Slowking|Slowking-Galar, M|100/100
|turn|17
|
|move|p1a: Pelipper|Surf|p2a: Slowking
|-damage|p2a: Slowking|60/100
|move|p2a: Slowking|Future Sight|p1a: Pelipper
|-start|p2a: Slowking|move: Future Sight
|
|-weather|RainDance|[upkeep]
|turn|18
|
|move|p1a: Pelipper|Surf|p2a: Slowking
|-damage|p2a: Slowking|19/100
|move|p2a: Slowking|Sludge Bomb|p1a: Pelipper
|-damage|p1a: Pelipper|0 fnt
|faint|p1a: Pelipper
|
|-weather|none
|
|switch|p1a: Basculegion|Basculegion-F, F|21/100
|turn|19
|
|move|p1a: Basculegion|Shadow Ball|p2a: Slowking
|-supereffective|p2a: Slowking
|-damage|p2a: Slowking|0 fnt
|faint|p2a: Slowking
|-damage|p1a: Basculegion|11/100|[from] item: Life Orb
|
|-end|p1a: Basculegion|move: Future Sight
|-damage|p1a: Basculegion|0 fnt
|faint|p1a: Basculegion
|
|switch|p1a: Glimmora|Glimmora, M|100/100
|switch|p2a: Zapdos|Zapdos|100/100
|turn|20
|
|move|p1a: Glimmora|Power Gem|p2a: Zapdos
|-supereffective|p2a: Zapdos
|-damage|p2a: Zapdos|22/100
|move|p2a: Zapdos|Hurricane|p1a: Glimmora
|-resisted|p1a: Glimmora
|-damage|p1a: Glimmora|71/100
|-start|p1a: Glimmora|confusion
|
|turn|21
|
|-activate|p1a: Glimmora|confusion
|move|p1a: Glimmora|Power Gem|p2a: Zapdos
|-supereffective|p2a: Zapdos
|-damage|p2a: Zapdos|0 fnt
|faint|p2a: Zapdos
|
|
|switch|p2a: Arcanine|Arcanine-Hisui, M|31/100
|turn|22
|
|-terastallize|p1a: Glimmora|Ground
|-terastallize|p2a: Arcanine|Rock
|-activate|p1a: Glimmora|confusion
|move|p1a: Glimmora|Power Gem|p2a: Arcanine
|-damage|p2a: Arcanine|0 fnt
|faint|p2a: Arcanine
|
|win|p1
