|poke|p1|Great Tusk|
|poke|p1|Breloom, F|
|poke|p1|Dragapult, M|
|poke|p1|Kingambit, M|
|poke|p1|Rotom-Wash|
|poke|p1|Cinderace, F|
|poke|p2|Magearna|
|poke|p2|Volcarona, M|
|poke|p2|Sneasler, F|
|poke|p2|Samurott-Hisui, M|
|poke|p2|Dragapult, M|
|poke|p2|Zamazenta-*|
|teampreview
|
|start
|switch|p1a: Cinderace|Cinderace, F|100/100
|switch|p2a: Dragapult|Dragapult, M|100/100
|turn|1
|player|p1|
|player|p1|realspades|2
|
|move|p2a: Dragapult|Reflect|p2a: Dragapult
|-sidestart|p2: X-Scizor|Reflect
|move|p1a: Cinderace|Will-O-Wisp|p2a: Dragapult
|-status|p2a: Dragapult|brn
|
|-damage|p2a: Dragapult|94/100 brn|[from] brn
|turn|2
|
|move|p2a: Dragapult|Light Screen|p2a: Dragapult
|-sidestart|p2: X-Scizor|move: Light Screen
|move|p1a: Cinderace|U-turn|p2a: Dragapult
|-start|p1a: Cinderace|typechange|Bug|[from] ability: Libero
|-resisted|p2a: Dragapult
|-crit|p2a: Dragapult
|-damage|p2a: Dragapult|70/100 brn
|
|switch|p1a: Dragapult|Dragapult, M|100/100|[from] U-turn
|
|-damage|p2a: Dragapult|64/100 brn|[from] brn
|turn|3
|
|move|p2a: Dragapult|U-turn|p1a: Dragapult
|-resisted|p1a: Dragapult
|-damage|p1a: Dragapult|94/100
|
|switch|p2a: Sneasler|Sneasler, F|100/100|[from] U-turn
|-item|p2a: Sneasler|Air Balloon
|move|p1a: Dragapult|Substitute|p1a: Dragapult
|-start|p1a: Dragapult|Substitute
|-damage|p1a: Dragapult|69/100
|
|-heal|p1a: Dragapult|75/100|[from] item: Leftovers
|turn|4
|
|move|p1a: Dragapult|Will-O-Wisp|p2a: Sneasler
|-status|p2a: Sneasler|brn
|move|p2a: Sneasler|Swords Dance|p2a: Sneasler
|-boost|p2a: Sneasler|atk|2
|
|-heal|p1a: Dragapult|81/100|[from] item: Leftovers
|-damage|p2a: Sneasler|94/100 brn|[from] brn
|turn|5
|
|move|p1a: Dragapult|Hex|p2a: Sneasler
|-damage|p2a: Sneasler|27/100 brn
|-enditem|p2a: Sneasler|Air Balloon
|move|p2a: Sneasler|Swords Dance|p2a: Sneasler
|-boost|p2a: Sneasler|atk|2
|
|-heal|p1a: Dragapult|87/100|[from] item: Leftovers
|-damage|p2a: Sneasler|20/100 brn|[from] brn
|turn|6
|
|switch|p2a: Samurott|Samurott-Hisui, M|100/100
|switch|p1a: Great Tusk|Great Tusk|100/100
|
|turn|7
|
|move|p2a: Samurott|Razor Shell|p1a: Great Tusk
|-supereffective|p1a: Great Tusk
|-damage|p1a: Great Tusk|42/100
|move|p1a: Great Tusk|Knock Off|p2a: Samurott
|-resisted|p2a: Samurott
|-damage|p2a: Samurott|91/100
|-enditem|p2a: Samurott|Focus Sash|[from] move: Knock Off|[of] p1a: Great Tusk
|
|-heal|p1a: Great Tusk|49/100|[from] item: Leftovers
|turn|8
|
|-terastallize|p1a: Great Tusk|Water
|move|p2a: Samurott|Razor Shell|p1a: Great Tusk
|-resisted|p1a: Great Tusk
|-damage|p1a: Great Tusk|34/100
|move|p1a: Great Tusk|Earthquake|p2a: Samurott
|-damage|p2a: Samurott|64/100
|
|-heal|p1a: Great Tusk|40/100|[from] item: Leftovers
|-sideend|p2: X-Scizor|Reflect
|turn|9
|
|move|p2a: Samurott|Ceaseless Edge|p1a: Great Tusk
|-damage|p1a: Great Tusk|17/100
|-sidestart|p1: realspades|Spikes
|move|p1a: Great Tusk|Stealth Rock|p2a: Samurott
|-sidestart|p2: X-Scizor|move: Stealth Rock
|
|-heal|p1a: Great Tusk|23/100|[from] item: Leftovers
|-sideend|p2: X-Scizor|move: Light Screen
|turn|10
|
|move|p2a: Samurott|Ceaseless Edge|p1a: Great Tusk
|-damage|p1a: Great Tusk|1/100
|-sidestart|p1: realspades|Spikes
|move|p1a: Great Tusk|Earthquake|p2a: Samurott
|-damage|p2a: Samurott|3/100
|
|-heal|p1a: Great Tusk|7/100|[from] item: Leftovers
|turn|11
|
|-end|p1a: Great Tusk|Protosynthesis|[silent]
|switch|p1a: Breloom|Breloom, F|100/100
|-damage|p1a: Breloom|84/100|[from] Spikes
|move|p2a: Samurott|Ceaseless Edge|p1a: Breloom
|-resisted|p1a: Breloom
|-damage|p1a: Breloom|46/100
|-sidestart|p1: realspades|Spikes
|
|turn|12
|
|move|p2a: Samurott|Razor Shell|p1a: Breloom
|-resisted|p1a: Breloom
|-damage|p1a: Breloom|5/100
|move|p1a: Breloom|Rock Tomb|p2a: Samurott
|-damage|p2a: Samurott|0 fnt
|faint|p2a: Samurott
|
|
|switch|p2a: Dragapult|Dragapult, M|64/100 brn
|-damage|p2a: Dragapult|51/100 brn|[from] Stealth Rock
|turn|13
|
|move|p2a: Dragapult|Reflect|p2a: Dragapult
|-sidestart|p2: X-Scizor|Reflect
|move|p1a: Breloom|Rock Tomb|p2a: Dragapult
|-damage|p2a: Dragapult|21/100 brn
|-unboost|p2a: Dragapult|spe|1
|
|-damage|p2a: Dragapult|15/100 brn|[from] brn
|turn|14
|
|move|p2a: Dragapult|U-turn|p1a: Breloom
|-damage|p1a: Breloom|0 fnt
|faint|p1a: Breloom
|
|switch|p2a: Magearna|Magearna|100/100|[from] U-turn
|-damage|p2a: Magearna|94/100|[from] Stealth Rock
|
|-heal|p2a: Magearna|100/100|[from] item: Leftovers
|
|switch|p1a: Cinderace|Cinderace, F|100/100
|turn|15
|
|-terastallize|p2a: Magearna|Water
|move|p1a: Cinderace|Pyro Ball|p2a: Magearna
|-resisted|p2a: Magearna
|-crit|p2a: Magearna
|-damage|p2a: Magearna|73/100
|move|p2a: Magearna|Iron Defense|p2a: Magearna
|-boost|p2a: Magearna|def|2
|
|-heal|p2a: Magearna|79/100|[from] item: Leftovers
|turn|16
|
|move|p1a: Cinderace|U-turn|p2a: Magearna
|-start|p1a: Cinderace|typechange|Bug|[from] ability: Libero
|-damage|p2a: Magearna|74/100
|
|switch|p1a: Great Tusk|Great Tusk, tera:Water|7/100|[from] U-turn
|-damage|p1a: Great Tusk|0 fnt|[from] Spikes
|faint|p1a: Great Tusk
|-ability|p2a: Magearna|Soul-Heart|boost
|-boost|p2a: Magearna|spa|1
|-end|p1a: Great Tusk|Protosynthesis|[silent]
|move|p2a: Magearna|Calm Mind|p2a: Magearna
|-boost|p2a: Magearna|spa|1
|-boost|p2a: Magearna|spd|1
|
|-heal|p2a: Magearna|80/100|[from] item: Leftovers
|
|switch|p1a: Rotom|Rotom-Wash|100/100
|turn|17
|
|move|p2a: Magearna|Calm Mind|p2a: Magearna
|-boost|p2a: Magearna|spa|1
|-boost|p2a: Magearna|spd|1
|move|p1a: Rotom|Thunderbolt|p2a: Magearna
|-supereffective|p2a: Magearna
|-damage|p2a: Magearna|55/100
|
|-heal|p2a: Magearna|61/100|[from] item: Leftovers
|turn|18
|
|move|p2a: Magearna|Draining Kiss|p1a: Rotom
|-damage|p1a: Rotom|74/100
|-heal|p2a: Magearna|78/100|[from] drain|[of] p1a: Rotom
|move|p1a: Rotom|Thunderbolt|p2a: Magearna
|-supereffective|p2a: Magearna
|-damage|p2a: Magearna|51/100
|
|-heal|p2a: Magearna|57/100|[from] item: Leftovers
|turn|19
|
|move|p2a: Magearna|Stored Power|p1a: Rotom
|-damage|p1a: Rotom|16/100
|move|p1a: Rotom|Thunderbolt|p2a: Magearna
|-supereffective|p2a: Magearna
|-damage|p2a: Magearna|29/100
|
|-heal|p2a: Magearna|35/100|[from] item: Leftovers
|turn|20
|
|move|p2a: Magearna|Draining Kiss|p1a: Rotom
|-damage|p1a: Rotom|0 fnt
|-heal|p2a: Magearna|45/100|[from] drain|[of] p1a: Rotom
|faint|p1a: Rotom
|-ability|p2a: Magearna|Soul-Heart|boost
|-boost|p2a: Magearna|spa|1
|
|-heal|p2a: Magearna|51/100|[from] item: Leftovers
|-sideend|p2: X-Scizor|Reflect
|
|switch|p1a: Dragapult|Dragapult, M|87/100
|-damage|p1a: Dragapult|62/100|[from] Spikes
|turn|21
|
|move|p1a: Dragapult|Dragon Darts|p2a: Magearna
|-damage|p2a: Magearna|42/100
|-anim|p1a: Dragapult|Dragon Darts|p2a: Magearna
|-damage|p2a: Magearna|33/100
|move|p2a: Magearna|Draining Kiss|p1a: Dragapult
|-supereffective|p1a: Dragapult
|-damage|p1a: Dragapult|0 fnt
|-heal|p2a: Magearna|73/100|[from] drain|[of] p1a: Dragapult
|faint|p1a: Dragapult
|-ability|p2a: Magearna|Soul-Heart|boost
|-boost|p2a: Magearna|spa|1
|
|-heal|p2a: Magearna|79/100|[from] item: Leftovers
|
|switch|p1a: Kingambit|Kingambit, M|100/100
|-damage|p1a: Kingambit|76/100|[from] Spikes
|-activate|p1a: Kingambit|ability: Supreme Overlord
|-start|p1a: Kingambit|fallen4|[silent]
|turn|22
|
|move|p2a: Magearna|Draining Kiss|p1a: Kingambit
|-damage|p1a: Kingambit|0 fnt
|-heal|p2a: Magearna|100/100|[from] drain|[of] p1a: Kingambit
|faint|p1a: Kingambit
|-ability|p2a: Magearna|Soul-Heart|boost
|-boost|p2a: Magearna|spa|1
|-end|p1a: Kingambit|fallen4|[silent]
|
|
|switch|p1a: Cinderace|Cinderace, F|100/100
|turn|23
|
|move|p1a: Cinderace|Court Change|p1a: Cinderace
|-start|p1a: Cinderace|typechange|Normal|[from] ability: Libero
|-swapsideconditions
|-activate|p1a: Cinderace|move: Court Change
|move|p2a: Magearna|Stored Power|p1a: Cinderace
|-damage|p1a: Cinderace|0 fnt
|faint|p1a: Cinderace
|
|win|X-Scizor
