# advantage = p1
|poke|p1|Dragapult, F|
|poke|p1|Great Tusk|
|poke|p1|Magearna|
|poke|p1|Zamazenta-*|
|poke|p1|Sneasler, F|
|poke|p1|Urshifu-*, F|
|poke|p2|Typhlosion-Hisui, F|
|poke|p2|Garchomp, F|
|poke|p2|Dragonite, F|
|poke|p2|Chien-Pao|
|poke|p2|Toxapex, M|
|poke|p2|Gholdengo|
|teampreview
|
|start
|switch|p1a: Dragapult|Dragapult, F|100/100
|switch|p2a: Garchomp|Garchomp, F|100/100
|turn|1
|
|switch|p2a: Toxapex|Toxapex, M, shiny|100/100
|move|p1a: Dragapult|Draco Meteor|p2a: Toxapex
|-damage|p2a: Toxapex|51/100
|-unboost|p1a: Dragapult|spa|2
|
|turn|2
|
|switch|p1a: Magearna|Magearna|100/100
|switch|p2a: Garchomp|Garchomp, F|100/100
|
|turn|3
|
|move|p2a: Garchomp|Earthquake|p1a: Magearna
|-supereffective|p1a: Magearna
|-damage|p1a: Magearna|16/100
|move|p1a: Magearna|Ice Beam|p2a: Garchomp
|-supereffective|p2a: Garchomp
|-crit|p2a: Garchomp
|-damage|p2a: Garchomp|0 fnt
|faint|p2a: Garchomp
|-ability|p1a: Magearna|Soul-Heart|boost
|-boost|p1a: Magearna|spa|1
|
|
|switch|p2a: Typhlosion|Typhlosion-Hisui, F|100/100
|-item|p1a: Magearna|Assault Vest|[from] ability: Frisk|[of] p2a: Typhlosion|[identify]
|turn|4
|
|move|p2a: Typhlosion|Eruption|p1a: Magearna
|-supereffective|p1a: Magearna
|-damage|p1a: Magearna|0 fnt
|faint|p1a: Magearna
|
|
|switch|p1a: Dragapult|Dragapult, F|100/100
|turn|5
|
|switch|p2a: Toxapex|Toxapex, M, shiny|84/100
|move|p1a: Dragapult|Thunderbolt|p2a: Toxapex
|-supereffective|p2a: Toxapex
|-damage|p2a: Toxapex|39/100
|
|turn|6
|
|switch|p2a: Gholdengo|Gholdengo|100/100
|move|p1a: Dragapult|Thunderbolt|p2a: Gholdengo
|-damage|p2a: Gholdengo|56/100
|
|turn|7
|
|move|p2a: Gholdengo|Shadow Ball|p1a: Dragapult
|-supereffective|p1a: Dragapult
|-damage|p1a: Dragapult|0 fnt
|faint|p1a: Dragapult
|
|
|switch|p1a: Great Tusk|Great Tusk|100/100
|turn|8
|
|move|p2a: Gholdengo|Shadow Ball|p1a: Great Tusk
|-damage|p1a: Great Tusk|44/100
|move|p1a: Great Tusk|Stealth Rock|p2a: Gholdengo
|-sidestart|p2: p2|move: Stealth Rock
|
|-heal|p1a: Great Tusk|50/100|[from] item: Leftovers
|turn|9
|
|move|p2a: Gholdengo|Shadow Ball|p1a: Great Tusk
|-damage|p1a: Great Tusk|0 fnt
|faint|p1a: Great Tusk
|-end|p1a: Great Tusk|Protosynthesis|[silent]
|
|
|switch|p1a: Urshifu|Urshifu-Rapid-Strike, F|100/100
|turn|10
|
|move|p2a: Gholdengo|Shadow Ball|p1a: Urshifu
|-damage|p1a: Urshifu|33/100
|move|p1a: Urshifu|Swords Dance|p1a: Urshifu
|-boost|p1a: Urshifu|atk|2
|
|turn|11
|
|move|p1a: Urshifu|Aqua Jet|p2a: Gholdengo
|-damage|p2a: Gholdengo|6/100
|move|p2a: Gholdengo|Shadow Ball|p1a: Urshifu
|-damage|p1a: Urshifu|0 fnt
|faint|p1a: Urshifu
|
|
|switch|p1a: Sneasler|Sneasler, F|100/100
|turn|12
|
|move|p1a: Sneasler|U-turn|p2a: Gholdengo
|-resisted|p2a: Gholdengo
|-damage|p2a: Gholdengo|0 fnt
|faint|p2a: Gholdengo
|
|switch|p1a: Zamazenta|Zamazenta-Crowned|100/100|[from] U-turn
|-ability|p1a: Zamazenta|Dauntless Shield|boost
|-boost|p1a: Zamazenta|def|1
|
|
|switch|p2a: Chien-Pao|Chien-Pao|100/100
|-damage|p2a: Chien-Pao|76/100|[from] Stealth Rock
|-ability|p2a: Chien-Pao|Sword of Ruin
|turn|13
|
|-terastallize|p1a: Zamazenta|Fairy
|move|p2a: Chien-Pao|Sacred Sword|p1a: Zamazenta
|-resisted|p1a: Zamazenta
|-damage|p1a: Zamazenta|85/100
|move|p1a: Zamazenta|Iron Defense|p1a: Zamazenta
|-boost|p1a: Zamazenta|def|2
|
|turn|14
|
|switch|p2a: Toxapex|Toxapex, M, shiny|73/100
|-damage|p2a: Toxapex|61/100|[from] Stealth Rock
|move|p1a: Zamazenta|Iron Defense|p1a: Zamazenta
|-boost|p1a: Zamazenta|def|2
|
|turn|15
|
|move|p1a: Zamazenta|Body Press|p2a: Toxapex
|-resisted|p2a: Toxapex
|-damage|p2a: Toxapex|0 fnt
|faint|p2a: Toxapex
|
|
|switch|p2a: Typhlosion|Typhlosion-Hisui, F|100/100
|-damage|p2a: Typhlosion|76/100|[from] Stealth Rock
|-item|p1a: Zamazenta|Rusted Shield|[from] ability: Frisk|[of] p2a: Typhlosion|[identify]
|turn|16
|
|move|p2a: Typhlosion|Flamethrower|p1a: Zamazenta
|-damage|p1a: Zamazenta|43/100
|move|p1a: Zamazenta|Body Press|p2a: Typhlosion
|-immune|p2a: Typhlosion
|
|turn|17
|
|move|p2a: Typhlosion|Flamethrower|p1a: Zamazenta
|-damage|p1a: Zamazenta|0 fnt
|faint|p1a: Zamazenta
|
|
|switch|p1a: Sneasler|Sneasler, F|100/100
|turn|18
|
|move|p1a: Sneasler|Dire Claw|p2a: Typhlosion
|-resisted|p2a: Typhlosion
|-damage|p2a: Typhlosion|48/100
|-status|p2a: Typhlosion|par
|cant|p2a: Typhlosion|par
|
|turn|19
|
|move|p1a: Sneasler|Dire Claw|p2a: Typhlosion
|-resisted|p2a: Typhlosion
|-damage|p2a: Typhlosion|16/100 par
|cant|p2a: Typhlosion|par
|
|turn|20
|
|move|p1a: Sneasler|Dire Claw|p2a: Typhlosion
|-resisted|p2a: Typhlosion
|-damage|p2a: Typhlosion|0 fnt
|faint|p2a: Typhlosion
|
|
|switch|p2a: Dragonite|Dragonite, F|100/100
|turn|21
|
|move|p1a: Sneasler|Dire Claw|p2a: Dragonite
|-damage|p2a: Dragonite|78/100
|-status|p2a: Dragonite|slp
|cant|p2a: Dragonite|slp
|
|turn|22
|
|move|p1a: Sneasler|Dire Claw|p2a: Dragonite
|-damage|p2a: Dragonite|33/100 slp
|cant|p2a: Dragonite|slp
|
|turn|23
|
|-terastallize|p2a: Dragonite|Normal
|cant|p2a: Dragonite|slp
|move|p1a: Sneasler|Dire Claw|p2a: Dragonite
|-damage|p2a: Dragonite|0 fnt
|faint|p2a: Dragonite
|
|
|switch|p2a: Chien-Pao|Chien-Pao|76/100
|-damage|p2a: Chien-Pao|51/100|[from] Stealth Rock
|-ability|p2a: Chien-Pao|Sword of Ruin
|turn|24
|
|move|p2a: Chien-Pao|Ice Shard|p1a: Sneasler
|-damage|p1a: Sneasler|32/100
|move|p1a: Sneasler|Dire Claw|p2a: Chien-Pao
|-damage|p2a: Chien-Pao|0 fnt
|faint|p2a: Chien-Pao
|
|win|p1
