# advantage = p2
|poke|p1|Krookodile, M|
|poke|p1|Clodsire, M|
|poke|p1|Corviknight, M|
|poke|p1|Rotom-Wash|
|poke|p1|Hawlucha, M|
|poke|p1|Breloom, M|
|poke|p2|Lilligant-Hisui, F|
|poke|p2|Zapdos-Galar|
|poke|p2|Moltres-Galar|
|poke|p2|Articuno-Galar|
|poke|p2|Azelf|
|poke|p2|Basculegion, M|
|teampreview
|
|start
|switch|p1a: Clodsire|Clodsire, M|100/100
|switch|p2a: Azelf|Azelf, shiny|100/100
|turn|1
|
|move|p2a: Azelf|Taunt|p1a: Clodsire
|-start|p1a: Clodsire|move: Taunt
|cant|p1a: Clodsire|move: Taunt|Stealth Rock
|
|turn|2
|
|switch|p1a: Krookodile|Krookodile, M|100/100
|move|p2a: Azelf|Stealth Rock|p1a: Krookodile
|-sidestart|p1: p1|move: Stealth Rock
|
|turn|3
|
|move|p2a: Azelf|U-turn|p1a: Krookodile
|-supereffective|p1a: Krookodile
|-damage|p1a: Krookodile|54/100
|
|switch|p2a: Zapdos|Zapdos-Galar|100/100|[from] U-turn
|move|p1a: Krookodile|Bulk Up|p1a: Krookodile
|-boost|p1a: Krookodile|atk|1
|-boost|p1a: Krookodile|def|1
|
|turn|4
|
|-terastallize|p1a: Krookodile|Ground
|move|p2a: Zapdos|Thunderous Kick|p1a: Krookodile
|-damage|p1a: Krookodile|15/100
|-unboost|p1a: Krookodile|def|1
|move|p1a: Krookodile|Gunk Shot|p2a: Zapdos
|-damage|p2a: Zapdos|39/100
|
|turn|5
|
|switch|p1a: Hawlucha|Hawlucha, M|100/100
|-damage|p1a: Hawlucha|88/100|[from] Stealth Rock
|move|p2a: Zapdos|Thunderous Kick|p1a: Hawlucha
|-resisted|p1a: Hawlucha
|-damage|p1a: Hawlucha|58/100
|-unboost|p1a: Hawlucha|def|1
|-enditem|p1a: Hawlucha|White Herb
|-clearnegativeboost|p1a: Hawlucha|[silent]
|
|turn|6
|
|move|p1a: Hawlucha|Acrobatics|p2a: Zapdos
|-supereffective|p2a: Zapdos
|-damage|p2a: Zapdos|0 fnt
|faint|p2a: Zapdos
|
|
|switch|p2a: Azelf|Azelf, shiny|100/100
|turn|7
|
|move|p1a: Hawlucha|Acrobatics|p2a: Azelf
|-damage|p2a: Azelf|37/100
|move|p2a: Azelf|Psyshock|p1a: Hawlucha
|-supereffective|p1a: Hawlucha
|-damage|p1a: Hawlucha|0 fnt
|faint|p1a: Hawlucha
|
|
|switch|p1a: Krookodile|Krookodile, M, tera:Ground|15/100
|-damage|p1a: Krookodile|9/100|[from] Stealth Rock
|turn|8
|
|switch|p1a: Rotom|Rotom-Wash|100/100
|-damage|p1a: Rotom|88/100|[from] Stealth Rock
|move|p2a: Azelf|U-turn|p1a: Rotom
|-damage|p1a: Rotom|68/100
|
|switch|p2a: Lilligant|Lilligant-Hisui, F, shiny|100/100|[from] U-turn
|
|turn|9
|
|move|p1a: Rotom|Volt Switch|p2a: Lilligant
|-resisted|p2a: Lilligant
|-damage|p2a: Lilligant|76/100
|
|switch|p1a: Clodsire|Clodsire, M|100/100|[from] Volt Switch
|-damage|p1a: Clodsire|94/100|[from] Stealth Rock
|move|p2a: Lilligant|Victory Dance|p2a: Lilligant
|-boost|p2a: Lilligant|atk|1
|-boost|p2a: Lilligant|def|1
|-boost|p2a: Lilligant|spe|1
|
|-heal|p2a: Lilligant|82/100|[from] item: Leftovers
|-heal|p1a: Clodsire|100/100|[from] item: Leftovers
|turn|10
|
|move|p2a: Lilligant|Leaf Blade|p1a: Clodsire
|-crit|p1a: Clodsire
|-damage|p1a: Clodsire|0 fnt
|faint|p1a: Clodsire
|
|-heal|p2a: Lilligant|88/100|[from] item: Leftovers
|
|switch|p1a: Breloom|Breloom, M|100/100
|-damage|p1a: Breloom|94/100|[from] Stealth Rock
|turn|11
|
|switch|p1a: Corviknight|Corviknight, M|100/100
|-damage|p1a: Corviknight|88/100|[from] Stealth Rock
|move|p2a: Lilligant|Axe Kick|p1a: Corviknight
|-damage|p1a: Corviknight|20/100
|
|-heal|p2a: Lilligant|94/100|[from] item: Leftovers
|-heal|p1a: Corviknight|27/100|[from] item: Leftovers
|turn|12
|
|switch|p1a: Krookodile|Krookodile, M, tera:Ground|9/100
|-damage|p1a: Krookodile|3/100|[from] Stealth Rock
|move|p2a: Lilligant|Axe Kick|p1a: Krookodile
|-damage|p1a: Krookodile|0 fnt
|faint|p1a: Krookodile
|
|-heal|p2a: Lilligant|99/100|[from] item: Leftovers
|
|switch|p1a: Rotom|Rotom-Wash|68/100
|-damage|p1a: Rotom|56/100|[from] Stealth Rock
|turn|13
|
|move|p2a: Lilligant|Leaf Blade|p1a: Rotom
|-supereffective|p1a: Rotom
|-damage|p1a: Rotom|0 fnt
|faint|p1a: Rotom
|
|-heal|p2a: Lilligant|100/100|[from] item: Leftovers
|
|switch|p1a: Breloom|Breloom, M|94/100
|-damage|p1a: Breloom|88/100|[from] Stealth Rock
|turn|14
|
|move|p2a: Lilligant|Axe Kick|p1a: Breloom
|-damage|p1a: Breloom|0 fnt
|faint|p1a: Breloom
|
|
|switch|p1a: Corviknight|Corviknight, M|27/100
|-damage|p1a: Corviknight|14/100|[from] Stealth Rock
|turn|15
|
|move|p2a: Lilligant|Axe Kick|p1a: Corviknight
|-damage|p1a: Corviknight|0 fnt
|faint|p1a: Corviknight
|
|win|p2
