# advantage = p1
|poke|p1|Pelipper, F|
|poke|p1|Overqwil, M|
|poke|p1|Basculegion-F, F|
|poke|p1|Urshifu-*, F|
|poke|p1|Iron Treads|
|poke|p1|Samurott-Hisui, M|
|poke|p2|Electrode-Hisui|
|poke|p2|Moltres-Galar|
|poke|p2|Slowking-Galar, F|
|poke|p2|Urshifu-*, F|
|poke|p2|Iron Treads|
|poke|p2|Ting-Lu|
|teampreview
|
|start
|switch|p1a: Pelipper|Pelipper, F, shiny|100/100
|switch|p2a: Iron Treads|Iron Treads|100/100
|-weather|RainDance|[from] ability: Drizzle|[of] p1a: Pelipper
|turn|1
|
|move|p2a: Iron Treads|Volt Switch|p1a: Pelipper
|-supereffective|p1a: Pelipper
|-damage|p1a: Pelipper|0 fnt
|faint|p1a: Pelipper
|-damage|p2a: Iron Treads|91/100|[from] item: Life Orb
|
|-end|p2a: Iron Treads|Quark Drive|[silent]
|switch|p2a: Electrode|Electrode-Hisui|100/100|[from] Volt Switch
|
|-weather|RainDance|[upkeep]
|
|switch|p1a: Overqwil|Overqwil, M, shiny|100/100
|turn|2
|
|switch|p2a: Ting-Lu|Ting-Lu|100/100
|-ability|p2a: Ting-Lu|Vessel of Ruin
|move|p1a: Overqwil|Swords Dance|p1a: Overqwil
|-boost|p1a: Overqwil|atk|2
|
|-weather|RainDance|[upkeep]
|turn|3
|
|-terastallize|p1a: Overqwil|Water
|move|p1a: Overqwil|Liquidation|p2a: Ting-Lu
|-supereffective|p2a: Ting-Lu
|-damage|p2a: Ting-Lu|0 fnt
|faint|p2a: Ting-Lu
|-damage|p1a: Overqwil|91/100|[from] item: Life Orb
|
|-weather|RainDance|[upkeep]
|
|switch|p2a: Urshifu|Urshifu-Rapid-Strike, F|100/100
|turn|4
|
|move|p1a: Overqwil|Poison Jab|p2a: Urshifu
|-damage|p2a: Urshifu|0 fnt
|faint|p2a: Urshifu
|-damage|p1a: Overqwil|81/100|[from] item: Life Orb
|
|-weather|RainDance|[upkeep]
|
|switch|p2a: Electrode|Electrode-Hisui|100/100
|turn|5
|
|switch|p2a: Slowking|Slowking-Galar, F|100/100
|move|p1a: Overqwil|Crunch|p2a: Slowking
|-supereffective|p2a: Slowking
|-crit|p2a: Slowking
|-damage|p2a: Slowking|0 fnt
|faint|p2a: Slowking
|-damage|p1a: Overqwil|71/100|[from] item: Life Orb
|
|-weather|RainDance|[upkeep]
|
|switch|p2a: Iron Treads|Iron Treads|91/100
|turn|6
|
|move|p1a: Overqwil|Liquidation|p2a: Iron Treads
|-supereffective|p2a: Iron Treads
|-damage|p2a: Iron Treads|0 fnt
|faint|p2a: Iron Treads
|-end|p2a: Iron Treads|Quark Drive|[silent]
|-damage|p1a: Overqwil|61/100|[from] item: Life Orb
|
|-weather|RainDance|[upkeep]
|
|switch|p2a: Electrode|Electrode-Hisui|100/100
|turn|7
|
|move|p1a: Overqwil|Poison Jab|p2a: Electrode
|-supereffective|p2a: Electrode
|-crit|p2a: Electrode
|-damage|p2a: Electrode|0 fnt
|faint|p2a: Electrode
|-damage|p1a: Overqwil|51/100|[from] item: Life Orb
|
|-weather|RainDance|[upkeep]
|
|switch|p2a: Moltres|Moltres-Galar|100/100
|turn|8
|
|-terastallize|p2a: Moltres|Steel
|move|p1a: Overqwil|Liquidation|p2a: Moltres
|-damage|p2a: Moltres|0 fnt
|faint|p2a: Moltres
|-damage|p1a: Overqwil|41/100|[from] item: Life Orb
|
|win|p1
