|poke|p1|Slowbro-Galar, F|
|poke|p2|Zamazenta-*|
|poke|p2|Lilligant-Hisui, F|
|poke|p2|Arcanine-Hisui, F|
|poke|p2|Torkoal, M|
|poke|p2|Landorus-Therian, M|
|poke|p2|Walking Wake|
|teampreview
|
|start
|switch|p1a: Slowbro|Slowbro-Galar, F|100/100
|switch|p2a: lando :)|Landorus-Therian, M|100/100
|-ability|p2a: lando :)|Intimidate|boost
|-unboost|p1a: Slowbro|atk|1
|turn|1
|
|-terastallize|p1a: Slowbro|Flying
|move|p2a: lando :)|Earthquake|p1a: Slowbro
|-immune|p1a: Slowbro
|move|p1a: Slowbro|Belly Drum|p1a: Slowbro
|-damage|p1a: Slowbro|51/100
|-setboost|p1a: Slowbro|atk|6|[from] move: Belly Drum
|
|turn|2
|
|move|p2a: lando :)|U-turn|p1a: Slowbro
|-resisted|p1a: Slowbro
|-damage|p1a: Slowbro|38/100
|
|switch|p2a: turtle :)|Torkoal, M, shiny|100/100|[from] U-turn
|-weather|SunnyDay|[from] ability: Drought|[of] p2a: turtle :)
|move|p1a: Slowbro|Shell Side Arm|p2a: turtle :)|[anim] Shell Side Arm Physical
|-crit|p2a: turtle :)
|-damage|p2a: turtle :)|0 fnt
|-hint|Physical Shell Side Arm
|faint|p2a: turtle :)
|
|-weather|SunnyDay|[upkeep]
|
|switch|p2a: lady :)|Lilligant-Hisui, F, shiny|100/100
|turn|3
|
|move|p2a: lady :)|Sleep Powder|p1a: Slowbro
|-status|p1a: Slowbro|slp|[from] move: Sleep Powder
|cant|p1a: Slowbro|slp
|
|-weather|SunnyDay|[upkeep]
|turn|4
|-activate|p1a: Slowbro|ability: Quick Draw
|
|cant|p1a: Slowbro|slp
|move|p2a: lady :)|Solar Blade||[still]
|-prepare|p2a: lady :)|Solar Blade
|-anim|p2a: lady :)|Solar Blade|p1a: Slowbro
|-resisted|p1a: Slowbro
|-damage|p1a: Slowbro|10/100 slp
|
|-weather|SunnyDay|[upkeep]
|turn|5
|-activate|p1a: Slowbro|ability: Quick Draw
|
|-curestatus|p1a: Slowbro|slp|[msg]
|move|p1a: Slowbro|Shell Side Arm|p2a: lady :)|[anim] Shell Side Arm Physical
|-supereffective|p2a: lady :)
|-damage|p2a: lady :)|0 fnt
|-hint|Physical Shell Side Arm
|faint|p2a: lady :)
|
|-weather|SunnyDay|[upkeep]
|
|switch|p2a: ouppy :)|Arcanine-Hisui, F|100/100
|turn|6
|-activate|p1a: Slowbro|item: Quick Claw
|
|move|p2a: ouppy :)|Extreme Speed|p1a: Slowbro
|-damage|p1a: Slowbro|0 fnt
|faint|p1a: Slowbro
|
|win|p2
