|poke|p1|Samurott-Hisui, F|
|poke|p1|Dragapult, F|
|poke|p1|Sneasler, F|
|poke|p1|Magearna|
|poke|p1|Volcarona, F|
|poke|p1|Zamazenta-*|
|poke|p2|Pelipper, F|
|poke|p2|Landorus-Therian, M|
|poke|p2|Basculegion, M|
|poke|p2|Volcanion|
|poke|p2|Magearna|
|poke|p2|Urshifu-*, M|
|teampreview
|
|start
|switch|p1a: Samurott|Samurott-Hisui, F|100/100
|switch|p2a: VESPERTINE|Magearna|100/100
|turn|1
|
|move|p1a: Samurott|Ceaseless Edge|p2a: VESPERTINE
|-resisted|p2a: VESPERTINE
|-damage|p2a: VESPERTINE|81/100
|-sidestart|p2: p2|Spikes
|move|p2a: VESPERTINE|Volt Switch|p1a: Samurott
|-supereffective|p1a: Samurott
|-crit|p1a: Samurott
|-enditem|p1a: Samurott|Focus Sash
|-damage|p1a: Samurott|1/100
|
|switch|p2a: DEBUT|Pelipper, F|100/100|[from] Volt Switch
|-weather|RainDance|[from] ability: Drizzle|[of] p2a: DEBUT
|
|-weather|RainDance|[upkeep]
|turn|2
|
|move|p1a: Samurott|Taunt|p2a: DEBUT
|-start|p2a: DEBUT|move: Taunt
|move|p2a: DEBUT|U-turn|p1a: Samurott
|-supereffective|p1a: Samurott
|-damage|p1a: Samurott|0 fnt
|faint|p1a: Samurott
|
|switch|p2a: VULNICURA|Volcanion|100/100|[from] U-turn
|-damage|p2a: VULNICURA|88/100|[from] Spikes
|
|-weather|RainDance|[upkeep]
|
|switch|p1a: Dragapult|Dragapult, F|100/100
|turn|3
|
|move|p1a: Dragapult|Light Screen|p1a: Dragapult
|-sidestart|p1: p1|move: Light Screen
|move|p2a: VULNICURA|Steam Eruption|p1a: Dragapult
|-resisted|p1a: Dragapult
|-damage|p1a: Dragapult|59/100
|-status|p1a: Dragapult|brn
|
|-weather|RainDance|[upkeep]
|-damage|p1a: Dragapult|52/100 brn|[from] brn
|turn|4
|
|switch|p2a: BIOPHILIA|Urshifu-Rapid-Strike, M|100/100
|-damage|p2a: BIOPHILIA|88/100|[from] Spikes
|move|p1a: Dragapult|Reflect|p1a: Dragapult
|-sidestart|p1: p1|Reflect
|
|-weather|RainDance|[upkeep]
|-damage|p1a: Dragapult|46/100 brn|[from] brn
|turn|5
|
|switch|p2a: VESPERTINE|Magearna|81/100
|-damage|p2a: VESPERTINE|68/100|[from] Spikes
|move|p1a: Dragapult|Curse|p2a: VESPERTINE
|-start|p2a: VESPERTINE|Curse|[of] p1a: Dragapult
|-damage|p1a: Dragapult|0 fnt
|faint|p1a: Dragapult
|-ability|p2a: VESPERTINE|Soul-Heart|boost
|-boost|p2a: VESPERTINE|spa|1
|
|-weather|RainDance|[upkeep]
|-damage|p2a: VESPERTINE|43/100|[from] Curse
|
|switch|p1a: Magearna|Magearna|100/100
|turn|6
|
|move|p1a: Magearna|Calm Mind|p1a: Magearna
|-boost|p1a: Magearna|spa|1
|-boost|p1a: Magearna|spd|1
|move|p2a: VESPERTINE|Volt Switch|p1a: Magearna
|-damage|p1a: Magearna|85/100
|
|switch|p2a: BIOPHILIA|Urshifu-Rapid-Strike, M|88/100|[from] Volt Switch
|-damage|p2a: BIOPHILIA|76/100|[from] Spikes
|
|-weather|RainDance|[upkeep]
|-heal|p1a: Magearna|91/100|[from] item: Leftovers
|turn|7
|
|-terastallize|p2a: BIOPHILIA|Water
|-terastallize|p1a: Magearna|Water
|move|p2a: BIOPHILIA|Surging Strikes|p1a: Magearna
|-resisted|p1a: Magearna
|-crit|p1a: Magearna
|-damage|p1a: Magearna|75/100
|-resisted|p1a: Magearna
|-crit|p1a: Magearna
|-damage|p1a: Magearna|61/100
|-resisted|p1a: Magearna
|-crit|p1a: Magearna
|-damage|p1a: Magearna|45/100
|-hitcount|p1a: Magearna|3
|move|p1a: Magearna|Draining Kiss|p2a: BIOPHILIA
|-damage|p2a: BIOPHILIA|27/100
|-heal|p1a: Magearna|80/100|[from] drain|[of] p2a: BIOPHILIA
|
|-weather|RainDance|[upkeep]
|-heal|p1a: Magearna|86/100|[from] item: Leftovers
|turn|8
|
|move|p2a: BIOPHILIA|Surging Strikes|p1a: Magearna
|-resisted|p1a: Magearna
|-crit|p1a: Magearna
|-damage|p1a: Magearna|70/100
|-resisted|p1a: Magearna
|-crit|p1a: Magearna
|-damage|p1a: Magearna|56/100
|-resisted|p1a: Magearna
|-crit|p1a: Magearna
|-damage|p1a: Magearna|42/100
|-hitcount|p1a: Magearna|3
|move|p1a: Magearna|Draining Kiss|p2a: BIOPHILIA
|-damage|p2a: BIOPHILIA|0 fnt
|-heal|p1a: Magearna|60/100|[from] drain|[of] p2a: BIOPHILIA
|faint|p2a: BIOPHILIA
|-ability|p1a: Magearna|Soul-Heart|boost
|-boost|p1a: Magearna|spa|1
|
|-weather|none
|-heal|p1a: Magearna|66/100|[from] item: Leftovers
|
|switch|p2a: DEBUT|Pelipper, F|100/100
|-weather|RainDance|[from] ability: Drizzle|[of] p2a: DEBUT
|turn|9
|
|switch|p2a: VULNICURA|Volcanion|88/100
|-damage|p2a: VULNICURA|76/100|[from] Spikes
|move|p1a: Magearna|Iron Defense|p1a: Magearna
|-boost|p1a: Magearna|def|2
|
|-weather|RainDance|[upkeep]
|-heal|p1a: Magearna|72/100|[from] item: Leftovers
|turn|10
|
|move|p1a: Magearna|Stored Power|p2a: VULNICURA
|-damage|p2a: VULNICURA|5/100
|move|p2a: VULNICURA|Sludge Bomb|p1a: Magearna
|-damage|p1a: Magearna|57/100
|-status|p1a: Magearna|psn
|
|-weather|RainDance|[upkeep]
|-heal|p1a: Magearna|63/100 psn|[from] item: Leftovers
|-damage|p1a: Magearna|51/100 psn|[from] psn
|-sideend|p1: p1|move: Light Screen
|turn|11
|
|move|p1a: Magearna|Draining Kiss|p2a: VULNICURA
|-resisted|p2a: VULNICURA
|-damage|p2a: VULNICURA|0 fnt
|-heal|p1a: Magearna|54/100 psn|[from] drain|[of] p2a: VULNICURA
|faint|p2a: VULNICURA
|-ability|p1a: Magearna|Soul-Heart|boost
|-boost|p1a: Magearna|spa|1
|
|-weather|RainDance|[upkeep]
|-heal|p1a: Magearna|60/100 psn|[from] item: Leftovers
|-damage|p1a: Magearna|47/100 psn|[from] psn
|-sideend|p1: p1|Reflect
|
|switch|p2a: HOMOGENIC|Basculegion, M|100/100
|-damage|p2a: HOMOGENIC|88/100|[from] Spikes
|turn|12
|
|move|p2a: HOMOGENIC|Wave Crash|p1a: Magearna
|-resisted|p1a: Magearna
|-damage|p1a: Magearna|19/100 psn
|-damage|p2a: HOMOGENIC|79/100|[from] Recoil
|move|p1a: Magearna|Stored Power|p2a: HOMOGENIC
|-damage|p2a: HOMOGENIC|0 fnt
|faint|p2a: HOMOGENIC
|-ability|p1a: Magearna|Soul-Heart|boost
|-boost|p1a: Magearna|spa|1
|
|-weather|RainDance|[upkeep]
|-heal|p1a: Magearna|25/100 psn|[from] item: Leftovers
|-damage|p1a: Magearna|13/100 psn|[from] psn
|
|switch|p2a: FOSSORA|Landorus-Therian, M|100/100
|-ability|p2a: FOSSORA|Intimidate|boost
|-unboost|p1a: Magearna|atk|1
|turn|13
|
|move|p2a: FOSSORA|Grass Knot|p1a: Magearna
|-supereffective|p1a: Magearna
|-damage|p1a: Magearna|0 fnt
|faint|p1a: Magearna
|
|-weather|RainDance|[upkeep]
|
|switch|p1a: Zamazenta|Zamazenta|100/100
|-ability|p1a: Zamazenta|Dauntless Shield|boost
|-boost|p1a: Zamazenta|def|1
|turn|14
|
|switch|p2a: VESPERTINE|Magearna|43/100
|-damage|p2a: VESPERTINE|31/100|[from] Spikes
|move|p1a: Zamazenta|Iron Defense|p1a: Zamazenta
|-boost|p1a: Zamazenta|def|2
|
|-weather|RainDance|[upkeep]
|turn|15
|
|move|p1a: Zamazenta|Body Press|p2a: VESPERTINE
|-damage|p2a: VESPERTINE|0 fnt
|faint|p2a: VESPERTINE
|
|-weather|RainDance|[upkeep]
|
|switch|p2a: FOSSORA|Landorus-Therian, M|100/100
|-ability|p2a: FOSSORA|Intimidate|boost
|-unboost|p1a: Zamazenta|atk|1
|turn|16
|
|move|p2a: FOSSORA|Earth Power|p1a: Zamazenta
|-damage|p1a: Zamazenta|63/100
|-unboost|p1a: Zamazenta|spd|1
|move|p1a: Zamazenta|Substitute|p1a: Zamazenta
|-start|p1a: Zamazenta|Substitute
|-damage|p1a: Zamazenta|38/100
|
|-weather|none
|-heal|p1a: Zamazenta|44/100|[from] item: Leftovers
|turn|17
|
|move|p2a: FOSSORA|Earth Power|p1a: Zamazenta
|-end|p1a: Zamazenta|Substitute
|move|p1a: Zamazenta|Body Press|p2a: FOSSORA
|-resisted|p2a: FOSSORA
|-damage|p2a: FOSSORA|42/100
|
|-heal|p1a: Zamazenta|51/100|[from] item: Leftovers
|turn|18
|
|move|p2a: FOSSORA|Earth Power|p1a: Zamazenta
|-damage|p1a: Zamazenta|0 fnt
|faint|p1a: Zamazenta
|
|
|switch|p1a: Sneasler|Sneasler, F|100/100
|-item|p1a: Sneasler|Air Balloon
|turn|19
|
|switch|p2a: DEBUT|Pelipper, F|100/100
|-weather|RainDance|[from] ability: Drizzle|[of] p2a: DEBUT
|move|p1a: Sneasler|Swords Dance|p1a: Sneasler
|-boost|p1a: Sneasler|atk|2
|
|-weather|RainDance|[upkeep]
|turn|20
|
|move|p1a: Sneasler|Dire Claw|p2a: DEBUT
|-damage|p2a: DEBUT|26/100
|move|p2a: DEBUT|Hurricane|p1a: Sneasler
|-supereffective|p1a: Sneasler
|-damage|p1a: Sneasler|17/100
|-enditem|p1a: Sneasler|Air Balloon
|
|-weather|RainDance|[upkeep]
|turn|21
|
|move|p1a: Sneasler|Acrobatics|p2a: DEBUT
|-damage|p2a: DEBUT|0 fnt
|faint|p2a: DEBUT
|
|-weather|RainDance|[upkeep]
|
|switch|p2a: FOSSORA|Landorus-Therian, M|42/100
|-ability|p2a: FOSSORA|Intimidate|boost
|-unboost|p1a: Sneasler|atk|1
|turn|22
|
|move|p1a: Sneasler|Acrobatics|p2a: FOSSORA
|-damage|p2a: FOSSORA|0 fnt
|faint|p2a: FOSSORA
|
|win|p1
