|poke|p1|Ursaluna, M|
|poke|p1|Magearna|
|poke|p1|Cresselia, F|
|poke|p1|Hatterene, F|
|poke|p1|Slowking, M|
|poke|p1|Enamorus-Therian, F|
|poke|p2|Pelipper, M|
|poke|p2|Basculegion, M|
|poke|p2|Floatzel, F|
|poke|p2|Ursaluna, M|
|poke|p2|Garchomp, F|
|poke|p2|Magearna|
|teampreview
|
|start
|switch|p1a: Hatterene|Hatterene, F|100/100
|switch|p2a: Pelipper|Pelipper, M|100/100
|-weather|RainDance|[from] ability: Drizzle|[of] p2a: Pelipper
|turn|1
|
|move|p2a: Pelipper|U-turn|p1a: Hatterene
|-damage|p1a: Hatterene|90/100
|
|switch|p2a: Ursaluna|Ursaluna, M|100/100|[from] U-turn
|move|p1a: Hatterene|Trick Room|p1a: Hatterene
|-fieldstart|move: Trick Room|[of] p1a: Hatterene
|
|-weather|RainDance|[upkeep]
|-status|p2a: Ursaluna|brn|[from] item: Flame Orb
|turn|2
|
|move|p1a: Hatterene|Dazzling Gleam|p2a: Ursaluna
|-damage|p2a: Ursaluna|54/100 brn
|move|p2a: Ursaluna|Facade|p1a: Hatterene
|-damage|p1a: Hatterene|0 fnt
|faint|p1a: Hatterene
|
|-weather|RainDance|[upkeep]
|-damage|p2a: Ursaluna|48/100 brn|[from] brn
|
|switch|p1a: Enamorus|Enamorus-Therian, F|100/100
|turn|3
|
|switch|p2a: Magearna|Magearna|100/100
|move|p1a: Enamorus|Grass Knot|p2a: Magearna
|-resisted|p2a: Magearna
|-damage|p2a: Magearna|89/100
|-damage|p1a: Enamorus|91/100|[from] item: Life Orb
|
|-weather|RainDance|[upkeep]
|turn|4
|
|move|p1a: Enamorus|Earth Power|p2a: Magearna
|-supereffective|p2a: Magearna
|-damage|p2a: Magearna|39/100
|-damage|p1a: Enamorus|81/100|[from] item: Life Orb
|move|p2a: Magearna|Fleur Cannon|p1a: Enamorus
|-damage|p1a: Enamorus|4/100
|-unboost|p2a: Magearna|spa|2
|
|-weather|RainDance|[upkeep]
|turn|5
|
|move|p1a: Enamorus|Earth Power|p2a: Magearna
|-supereffective|p2a: Magearna
|-damage|p2a: Magearna|0 fnt
|faint|p2a: Magearna
|-damage|p1a: Enamorus|0 fnt|[from] item: Life Orb
|faint|p1a: Enamorus
|
|-weather|RainDance|[upkeep]
|-fieldend|move: Trick Room
|
|switch|p2a: Floatzel|Floatzel, F|100/100
|switch|p1a: Slowking|Slowking, M|100/100
|turn|6
|
|move|p2a: Floatzel|Crunch|p1a: Slowking
|-supereffective|p1a: Slowking
|-enditem|p1a: Slowking|Colbur Berry|[eat]
|-enditem|p1a: Slowking|Colbur Berry|[weaken]
|-damage|p1a: Slowking|56/100
|move|p1a: Slowking|Trick Room|p1a: Slowking
|-fieldstart|move: Trick Room|[of] p1a: Slowking
|
|-weather|RainDance|[upkeep]
|turn|7
|
|switch|p2a: Garchomp|Garchomp, F|100/100
|move|p1a: Slowking|Chilly Reception|p1a: Slowking
|-weather|Snow
|
|switch|p1a: Ursaluna|Ursaluna, M|100/100|[from] Chilly Reception
|
|-weather|Snow|[upkeep]
|-status|p1a: Ursaluna|brn|[from] item: Flame Orb
|turn|8
|
|move|p1a: Ursaluna|Facade|p2a: Garchomp
|-damage|p2a: Garchomp|25/100
|-damage|p1a: Ursaluna|88/100 brn|[from] ability: Rough Skin|[of] p2a: Garchomp
|-damage|p1a: Ursaluna|72/100 brn|[from] item: Rocky Helmet|[of] p2a: Garchomp
|move|p2a: Garchomp|Stealth Rock|p1a: Ursaluna
|-sidestart|p1: MrBannannas|move: Stealth Rock
|
|-weather|Snow|[upkeep]
|-damage|p1a: Ursaluna|66/100 brn|[from] brn
|turn|9
|
|move|p1a: Ursaluna|Earthquake|p2a: Garchomp
|-damage|p2a: Garchomp|0 fnt
|faint|p2a: Garchomp
|
|-weather|Snow|[upkeep]
|-damage|p1a: Ursaluna|59/100 brn|[from] brn
|
|switch|p2a: Pelipper|Pelipper, M|100/100
|-weather|RainDance|[from] ability: Drizzle|[of] p2a: Pelipper
|turn|10
|
|move|p2a: Pelipper|U-turn|p1a: Ursaluna
|-damage|p1a: Ursaluna|53/100 brn
|
|switch|p2a: Basculegion|Basculegion, M|100/100|[from] U-turn
|move|p1a: Ursaluna|Facade|p2a: Basculegion
|-immune|p2a: Basculegion
|
|-weather|RainDance|[upkeep]
|-damage|p1a: Ursaluna|47/100 brn|[from] brn
|-fieldend|move: Trick Room
|turn|11
|
|switch|p1a: Slowking|Slowking, M|89/100
|-damage|p1a: Slowking|77/100|[from] Stealth Rock
|-terastallize|p2a: Basculegion|Water
|move|p2a: Basculegion|Wave Crash|p1a: Slowking
|-resisted|p1a: Slowking
|-damage|p1a: Slowking|0 fnt
|faint|p1a: Slowking
|-damage|p2a: Basculegion|75/100|[from] Recoil
|
|-weather|RainDance|[upkeep]
|
|switch|p1a: Cresselia|Cresselia, F|100/100
|-damage|p1a: Cresselia|88/100|[from] Stealth Rock
|turn|12
|
|move|p2a: Basculegion|Wave Crash|p1a: Cresselia
|-damage|p1a: Cresselia|0 fnt
|faint|p1a: Cresselia
|-damage|p2a: Basculegion|41/100|[from] Recoil
|
|-weather|RainDance|[upkeep]
|
|switch|p1a: Magearna|Magearna|100/100
|-damage|p1a: Magearna|94/100|[from] Stealth Rock
|turn|13
|
|move|p2a: Basculegion|Wave Crash|p1a: Magearna
|-damage|p1a: Magearna|0 fnt
|faint|p1a: Magearna
|-damage|p2a: Basculegion|11/100|[from] Recoil
|
|-weather|RainDance|[upkeep]
|
|switch|p1a: Ursaluna|Ursaluna, M|47/100 brn
|-damage|p1a: Ursaluna|41/100 brn|[from] Stealth Rock
|turn|14
|
|move|p2a: Basculegion|Wave Crash|p1a: Ursaluna
|-supereffective|p1a: Ursaluna
|-damage|p1a: Ursaluna|0 fnt
|faint|p1a: Ursaluna
|-damage|p2a: Basculegion|0 fnt|[from] Recoil
|faint|p2a: Basculegion
|
|win|DDD951
