|poke|p1|Cinderace, M|
|poke|p1|Dragonite, M|
|poke|p1|Gengar, M|
|poke|p1|Walking Wake|
|poke|p1|Garchomp, M|
|poke|p1|Torkoal, F|
|poke|p2|Azelf|
|poke|p2|Moltres-Galar|
|poke|p2|Urshifu-*, F|
|poke|p2|Magearna|
|poke|p2|Roaring Moon|
|poke|p2|Kingambit, M|
|teampreview
|
|start
|switch|p1a: Gengar|Gengar, M|100/100
|switch|p2a: Azelf|Azelf, shiny|100/100
|turn|1
|
|switch|p2a: UNDYNE|Kingambit, M, shiny|100/100
|move|p1a: Gengar|Shadow Ball|p2a: UNDYNE
|-resisted|p2a: UNDYNE
|-damage|p2a: UNDYNE|78/100
|
|turn|2
|
|move|p1a: Gengar|Shadow Ball|p2a: UNDYNE
|-resisted|p2a: UNDYNE
|-damage|p2a: UNDYNE|56/100
|move|p2a: UNDYNE|Kowtow Cleave|p1a: Gengar
|-supereffective|p1a: Gengar
|-enditem|p1a: Gengar|Focus Sash
|-damage|p1a: Gengar|1/100
|
|turn|3
|
|move|p2a: UNDYNE|Sucker Punch||[still]
|-fail|p2a: UNDYNE
|move|p1a: Gengar|Destiny Bond|p1a: Gengar
|-singlemove|p1a: Gengar|Destiny Bond
|
|turn|4
|
|move|p1a: Gengar|Shadow Ball|p2a: UNDYNE
|-resisted|p2a: UNDYNE
|-damage|p2a: UNDYNE|35/100
|move|p2a: UNDYNE|Swords Dance|p2a: UNDYNE
|-boost|p2a: UNDYNE|atk|2
|
|turn|5
|
|move|p2a: UNDYNE|Sucker Punch||[still]
|-fail|p2a: UNDYNE
|move|p1a: Gengar|Encore|p2a: UNDYNE
|-start|p2a: UNDYNE|Encore
|
|turn|6
|
|switch|p1a: Garchomp|Garchomp, M|100/100
|move|p2a: UNDYNE|Sucker Punch||[still]
|-fail|p2a: UNDYNE
|
|turn|7
|
|-end|p2a: UNDYNE|fallenundefined|[silent]
|switch|p2a: Moltres|Moltres-Galar, shiny|100/100
|move|p1a: Garchomp|Stealth Rock|p2a: Moltres
|-sidestart|p2: The crimson wooper|move: Stealth Rock
|
|turn|8
|
|move|p2a: Moltres|Agility|p2a: Moltres
|-boost|p2a: Moltres|spe|2
|move|p1a: Garchomp|Dragon Tail|p2a: Moltres
|-damage|p2a: Moltres|60/100
|drag|p2a: Azelf|Azelf, shiny|100/100
|-damage|p2a: Azelf|88/100|[from] Stealth Rock
|
|turn|9
|
|move|p2a: Azelf|Reflect|p2a: Azelf
|-sidestart|p2: The crimson wooper|Reflect
|move|p1a: Garchomp|Dragon Tail|p2a: Azelf
|-damage|p2a: Azelf|67/100
|drag|p2a: Moltres|Moltres-Galar, shiny|60/100
|
|turn|10
|
|move|p2a: Moltres|Fiery Wrath|p1a: Garchomp
|-damage|p1a: Garchomp|64/100
|move|p1a: Garchomp|Dragon Tail|p2a: Moltres
|-damage|p2a: Moltres|41/100
|-ability|p2a: Moltres|Berserk|boost
|-boost|p2a: Moltres|spa|1
|drag|p2a: Urshifu|Urshifu-Rapid-Strike, F|100/100
|-damage|p2a: Urshifu|94/100|[from] Stealth Rock
|
|-heal|p2a: Urshifu|100/100|[from] item: Leftovers
|turn|11
|
|move|p2a: Urshifu|Close Combat|p1a: Garchomp
|-damage|p1a: Garchomp|10/100
|-unboost|p2a: Urshifu|def|1
|-unboost|p2a: Urshifu|spd|1
|-damage|p2a: Urshifu|88/100|[from] ability: Rough Skin|[of] p1a: Garchomp
|-damage|p2a: Urshifu|72/100|[from] item: Rocky Helmet|[of] p1a: Garchomp
|move|p1a: Garchomp|Dragon Tail|p2a: Urshifu
|-damage|p2a: Urshifu|45/100
|drag|p2a: Azelf|Azelf, shiny|67/100
|-damage|p2a: Azelf|54/100|[from] Stealth Rock
|
|turn|12
|
|switch|p2a: Magearna|Magearna|100/100
|-damage|p2a: Magearna|94/100|[from] Stealth Rock
|move|p1a: Garchomp|Bulldoze|p2a: Magearna
|-supereffective|p2a: Magearna
|-damage|p2a: Magearna|75/100
|-unboost|p2a: Magearna|spe|1
|
|-heal|p2a: Magearna|81/100|[from] item: Leftovers
|turn|13
|
|switch|p1a: Gengar|Gengar, M|1/100
|move|p2a: Magearna|Calm Mind|p2a: Magearna
|-boost|p2a: Magearna|spa|1
|-boost|p2a: Magearna|spd|1
|
|-heal|p2a: Magearna|87/100|[from] item: Leftovers
|turn|14
|
|move|p1a: Gengar|Encore|p2a: Magearna
|-start|p2a: Magearna|Encore
|move|p2a: Magearna|Calm Mind|p2a: Magearna
|-boost|p2a: Magearna|spa|1
|-boost|p2a: Magearna|spd|1
|
|-heal|p2a: Magearna|93/100|[from] item: Leftovers
|turn|15
|
|switch|p1a: Cinderace|Cinderace, M|100/100
|move|p2a: Magearna|Calm Mind|p2a: Magearna
|-boost|p2a: Magearna|spa|1
|-boost|p2a: Magearna|spd|1
|
|-heal|p2a: Magearna|99/100|[from] item: Leftovers
|turn|16
|
|move|p1a: Cinderace|Pyro Ball|p2a: Magearna
|-supereffective|p2a: Magearna
|-damage|p2a: Magearna|58/100
|-status|p2a: Magearna|brn
|move|p2a: Magearna|Calm Mind|p2a: Magearna
|-boost|p2a: Magearna|spa|1
|-boost|p2a: Magearna|spd|1
|
|-heal|p2a: Magearna|64/100 brn|[from] item: Leftovers
|-damage|p2a: Magearna|58/100 brn|[from] brn
|-end|p2a: Magearna|Encore
|-sideend|p2: The crimson wooper|Reflect
|turn|17
|
|-terastallize|p2a: Magearna|Water
|move|p1a: Cinderace|Sucker Punch||[still]
|-fail|p1a: Cinderace
|move|p2a: Magearna|Shift Gear|p2a: Magearna
|-boost|p2a: Magearna|spe|2
|-boost|p2a: Magearna|atk|1
|
|-heal|p2a: Magearna|64/100 brn|[from] item: Leftovers
|-damage|p2a: Magearna|58/100 brn|[from] brn
|turn|18
|
|move|p1a: Cinderace|High Jump Kick|p2a: Magearna|[miss]
|-start|p1a: Cinderace|typechange|Fighting|[from] ability: Libero
|-miss|p1a: Cinderace|p2a: Magearna
|-damage|p1a: Cinderace|51/100|[from] highjumpkick
|move|p2a: Magearna|Shift Gear|p2a: Magearna
|-boost|p2a: Magearna|spe|2
|-boost|p2a: Magearna|atk|1
|
|-heal|p2a: Magearna|64/100 brn|[from] item: Leftovers
|-damage|p2a: Magearna|58/100 brn|[from] brn
|turn|19
|
|move|p2a: Magearna|Draining Kiss|p1a: Cinderace
|-supereffective|p1a: Cinderace
|-damage|p1a: Cinderace|0 fnt
|-heal|p2a: Magearna|89/100 brn|[from] drain|[of] p1a: Cinderace
|faint|p1a: Cinderace
|-ability|p2a: Magearna|Soul-Heart|boost
|-boost|p2a: Magearna|spa|1
|
|-heal|p2a: Magearna|96/100 brn|[from] item: Leftovers
|-damage|p2a: Magearna|89/100 brn|[from] brn
|-message|Thruxy forfeited.
|
|win|The crimson wooper
