|poke|p1|Pelipper, F|
|poke|p1|Barraskewda, F|
|poke|p1|Basculegion, M|
|poke|p1|Dragonite, F|
|poke|p1|Zapdos|
|poke|p1|Great Tusk|
|poke|p2|Dragapult, F|
|poke|p2|Slowbro-Galar, M|
|poke|p2|Magearna|
|poke|p2|Grimmsnarl, M|
|poke|p2|Landorus-Therian, M|
|poke|p2|Corviknight, M|
|teampreview
|
|start
|switch|p1a: Pelipper|Pelipper, F|100/100
|switch|p2a: Grimmsnarl|Grimmsnarl, M|100/100
|-weather|RainDance|[from] ability: Drizzle|[of] p1a: Pelipper
|turn|1
|
|move|p2a: Grimmsnarl|Light Screen|p2a: Grimmsnarl
|-sidestart|p2: Jixel|move: Light Screen
|move|p1a: Pelipper|U-turn|p2a: Grimmsnarl
|-damage|p2a: Grimmsnarl|89/100
|
|switch|p1a: Basculegion|Basculegion, M|100/100|[from] U-turn
|
|-weather|RainDance|[upkeep]
|turn|2
|
|-terastallize|p1a: Basculegion|Water
|move|p2a: Grimmsnarl|Reflect|p2a: Grimmsnarl
|-sidestart|p2: Jixel|Reflect
|move|p1a: Basculegion|Wave Crash|p2a: Grimmsnarl
|-damage|p2a: Grimmsnarl|0 fnt
|faint|p2a: Grimmsnarl
|-damage|p1a: Basculegion|70/100|[from] Recoil
|
|-weather|RainDance|[upkeep]
|
|switch|p2a: Slowbro|Slowbro-Galar, M|100/100
|turn|3
|
|move|p1a: Basculegion|Wave Crash|p2a: Slowbro
|-damage|p2a: Slowbro|19/100
|-damage|p1a: Basculegion|42/100|[from] Recoil
|move|p2a: Slowbro|Zen Headbutt|p1a: Basculegion
|-damage|p1a: Basculegion|0 fnt
|faint|p1a: Basculegion
|
|-weather|RainDance|[upkeep]
|
|switch|p1a: Great Tusk|Great Tusk|100/100
|turn|4
|-activate|p2a: Slowbro|item: Quick Claw
|
|move|p2a: Slowbro|Zen Headbutt|p1a: Great Tusk
|-supereffective|p1a: Great Tusk
|-damage|p1a: Great Tusk|42/100
|move|p1a: Great Tusk|Earthquake|p2a: Slowbro
|-supereffective|p2a: Slowbro
|-damage|p2a: Slowbro|0 fnt
|faint|p2a: Slowbro
|
|-weather|RainDance|[upkeep]
|
|switch|p2a: Magearna|Magearna|100/100
|turn|5
|
|move|p1a: Great Tusk|Earthquake|p2a: Magearna
|-supereffective|p2a: Magearna
|-damage|p2a: Magearna|54/100
|move|p2a: Magearna|Iron Defense|p2a: Magearna
|-boost|p2a: Magearna|def|2
|
|-weather|RainDance|[upkeep]
|-heal|p2a: Magearna|60/100|[from] item: Leftovers
|turn|6
|
|-terastallize|p2a: Magearna|Psychic
|move|p1a: Great Tusk|Earthquake|p2a: Magearna
|-damage|p2a: Magearna|48/100
|move|p2a: Magearna|Calm Mind|p2a: Magearna
|-boost|p2a: Magearna|spa|1
|-boost|p2a: Magearna|spd|1
|
|-weather|RainDance|[upkeep]
|-heal|p2a: Magearna|54/100|[from] item: Leftovers
|turn|7
|
|move|p1a: Great Tusk|Earthquake|p2a: Magearna
|-damage|p2a: Magearna|43/100
|move|p2a: Magearna|Calm Mind|p2a: Magearna
|-boost|p2a: Magearna|spa|1
|-boost|p2a: Magearna|spd|1
|
|-weather|RainDance|[upkeep]
|-heal|p2a: Magearna|49/100|[from] item: Leftovers
|turn|8
|
|move|p1a: Great Tusk|Earthquake|p2a: Magearna
|-damage|p2a: Magearna|38/100
|move|p2a: Magearna|Draining Kiss|p1a: Great Tusk
|-supereffective|p1a: Great Tusk
|-damage|p1a: Great Tusk|0 fnt
|-heal|p2a: Magearna|70/100|[from] drain|[of] p1a: Great Tusk
|faint|p1a: Great Tusk
|-ability|p2a: Magearna|Soul-Heart|boost
|-boost|p2a: Magearna|spa|1
|-end|p1a: Great Tusk|Protosynthesis|[silent]
|
|-weather|none
|-heal|p2a: Magearna|76/100|[from] item: Leftovers
|-sideend|p2: Jixel|move: Light Screen
|
|switch|p1a: Pelipper|Pelipper, F|100/100
|-weather|RainDance|[from] ability: Drizzle|[of] p1a: Pelipper
|turn|9
|
|move|p2a: Magearna|Calm Mind|p2a: Magearna
|-boost|p2a: Magearna|spa|1
|-boost|p2a: Magearna|spd|1
|move|p1a: Pelipper|U-turn|p2a: Magearna
|-supereffective|p2a: Magearna
|-damage|p2a: Magearna|72/100
|
|switch|p1a: Barraskewda|Barraskewda, F|100/100|[from] U-turn
|
|-weather|RainDance|[upkeep]
|-heal|p2a: Magearna|78/100|[from] item: Leftovers
|-sideend|p2: Jixel|Reflect
|turn|10
|
|move|p1a: Barraskewda|Liquidation|p2a: Magearna
|-damage|p2a: Magearna|35/100
|-unboost|p2a: Magearna|def|1
|move|p2a: Magearna|Stored Power|p1a: Barraskewda
|-damage|p1a: Barraskewda|0 fnt
|faint|p1a: Barraskewda
|-ability|p2a: Magearna|Soul-Heart|boost
|-boost|p2a: Magearna|spa|1
|
|-weather|RainDance|[upkeep]
|-heal|p2a: Magearna|41/100|[from] item: Leftovers
|
|switch|p1a: Dragonite|Dragonite, F|100/100
|turn|11
|
|move|p1a: Dragonite|Extreme Speed|p2a: Magearna
|-damage|p2a: Magearna|24/100
|move|p2a: Magearna|Draining Kiss|p1a: Dragonite
|-supereffective|p1a: Dragonite
|-damage|p1a: Dragonite|0 fnt
|-heal|p2a: Magearna|91/100|[from] drain|[of] p1a: Dragonite
|faint|p1a: Dragonite
|-ability|p2a: Magearna|Soul-Heart|boost
|-boost|p2a: Magearna|spa|1
|
|-weather|RainDance|[upkeep]
|-heal|p2a: Magearna|97/100|[from] item: Leftovers
|-message|Prime573 forfeited.
|
|win|Jixel
|player|p1|Prime573|n-masters3
