|poke|p1|Samurott-Hisui, M|
|poke|p1|Gholdengo|
|poke|p1|Great Tusk|
|poke|p1|Glimmora, M|
|poke|p1|Dragapult, M|
|poke|p1|Garchomp, M|
|poke|p2|Pikachu, M|
|poke|p2|Rillaboom, M|
|poke|p2|Corviknight, M|
|poke|p2|Volcarona, M|
|poke|p2|Samurott-Hisui, M|
|poke|p2|Baxcalibur, M|
|teampreview
|
|start
|switch|p1a: Dragapult|Dragapult, M|100/100
|switch|p2a: Samurott|Samurott-Hisui, M|100/100
|turn|1
|
|move|p1a: Dragapult|Light Screen|p1a: Dragapult
|-sidestart|p1: TheSansWoman|move: Light Screen
|move|p2a: Samurott|Ceaseless Edge|p1a: Dragapult
|-supereffective|p1a: Dragapult
|-damage|p1a: Dragapult|0 fnt
|-sidestart|p1: TheSansWoman|Spikes
|faint|p1a: Dragapult
|
|
|switch|p1a: Great Tusk|Great Tusk|100/100
|turn|2
|
|move|p1a: Great Tusk|Close Combat|p2a: Samurott
|-supereffective|p2a: Samurott
|-enditem|p2a: Samurott|Focus Sash
|-damage|p2a: Samurott|1/100
|-unboost|p1a: Great Tusk|def|1
|-unboost|p1a: Great Tusk|spd|1
|move|p2a: Samurott|Razor Shell|p1a: Great Tusk
|-supereffective|p1a: Great Tusk
|-damage|p1a: Great Tusk|0 fnt
|faint|p1a: Great Tusk
|-end|p1a: Great Tusk|Protosynthesis|[silent]
|
|
|switch|p1a: Garchomp|Garchomp, M|100/100
|-damage|p1a: Garchomp|88/100|[from] Spikes
|turn|3
|
|move|p2a: Samurott|Sucker Punch||[still]
|-fail|p2a: Samurott
|move|p1a: Garchomp|Swords Dance|p1a: Garchomp
|-boost|p1a: Garchomp|atk|2
|
|turn|4
|
|move|p1a: Garchomp|Swords Dance|p1a: Garchomp
|-boost|p1a: Garchomp|atk|2
|move|p2a: Samurott|Razor Shell|p1a: Garchomp
|-crit|p1a: Garchomp
|-damage|p1a: Garchomp|9/100
|-unboost|p1a: Garchomp|def|1
|-damage|p2a: Samurott|0 fnt|[from] ability: Rough Skin|[of] p1a: Garchomp
|faint|p2a: Samurott
|
|
|switch|p2a: Baxcalibur|Baxcalibur, M|100/100
|turn|5
|
|move|p2a: Baxcalibur|Ice Shard|p1a: Garchomp
|-supereffective|p1a: Garchomp
|-damage|p1a: Garchomp|0 fnt
|faint|p1a: Garchomp
|
|
|switch|p1a: Gholdengo|Gholdengo|100/100
|-item|p1a: Gholdengo|Air Balloon
|turn|6
|
|move|p2a: Baxcalibur|Icicle Crash|p1a: Gholdengo
|-resisted|p1a: Gholdengo
|-damage|p1a: Gholdengo|77/100
|-enditem|p1a: Gholdengo|Air Balloon
|cant|p1a: Gholdengo|flinch
|
|turn|7
|
|move|p2a: Baxcalibur|Earthquake|p1a: Gholdengo
|-supereffective|p1a: Gholdengo
|-damage|p1a: Gholdengo|11/100
|move|p1a: Gholdengo|Flash Cannon|p2a: Baxcalibur
|-supereffective|p2a: Baxcalibur
|-damage|p2a: Baxcalibur|30/100
|
|turn|8
|-message|TheSansWoman forfeited.
|
|win|Tomasu Dejuru
|l|☆TheSansWoman
