|poke|p1|Regidrago|
|poke|p1|Muk-Alola, F|
|poke|p1|Garganacl, M|
|poke|p1|Landorus-Therian, M|
|poke|p1|Sneasler, F|
|poke|p1|Corviknight, F|
|poke|p2|Uxie|
|poke|p2|Magearna|
|teampreview
|
|start
|switch|p1a: Moist Slime|Muk-Alola, F|100/100
|switch|p2a: Uxie|Uxie, shiny|100/100
|turn|1
|
|move|p2a: Uxie|Reflect|p2a: Uxie
|-sidestart|p2: p2|Reflect
|move|p1a: Moist Slime|Knock Off|p2a: Uxie
|-supereffective|p2a: Uxie
|-damage|p2a: Uxie|62/100
|-status|p2a: Uxie|psn|[from] ability: Poison Touch|[of] p1a: Moist Slime
|-enditem|p2a: Uxie|Light Clay|[from] move: Knock Off|[of] p1a: Moist Slime
|
|-damage|p2a: Uxie|50/100 psn|[from] psn
|turn|2
|
|move|p2a: Uxie|Light Screen|p2a: Uxie
|-sidestart|p2: p2|move: Light Screen
|move|p1a: Moist Slime|Knock Off|p2a: Uxie
|-supereffective|p2a: Uxie
|-damage|p2a: Uxie|25/100 psn
|
|-damage|p2a: Uxie|12/100 psn|[from] psn
|turn|3
|
|switch|p1a: Dr. Garg A. Nacl|Garganacl, M|100/100
|move|p2a: Uxie|Yawn|p1a: Dr. Garg A. Nacl
|-immune|p1a: Dr. Garg A. Nacl|[from] ability: Purifying Salt
|
|-damage|p2a: Uxie|0 fnt|[from] psn
|faint|p2a: Uxie
|
|switch|p2a: Magearna|Magearna|100/100
|turn|4
|
|-terastallize|p2a: Magearna|Fairy
|-terastallize|p1a: Dr. Garg A. Nacl|Ghost
|move|p2a: Magearna|Shift Gear|p2a: Magearna
|-boost|p2a: Magearna|spe|2
|-boost|p2a: Magearna|atk|1
|move|p1a: Dr. Garg A. Nacl|Salt Cure|p2a: Magearna
|-damage|p2a: Magearna|94/100
|-start|p2a: Magearna|Salt Cure
|
|-damage|p2a: Magearna|82/100|[from] Salt Cure
|turn|5
|
|move|p2a: Magearna|Calm Mind|p2a: Magearna
|-boost|p2a: Magearna|spa|1
|-boost|p2a: Magearna|spd|1
|move|p1a: Dr. Garg A. Nacl|Curse|p2a: Magearna
|-start|p2a: Magearna|Curse|[of] p1a: Dr. Garg A. Nacl
|-damage|p1a: Dr. Garg A. Nacl|50/100
|
|-heal|p1a: Dr. Garg A. Nacl|57/100|[from] item: Leftovers
|-damage|p2a: Magearna|57/100|[from] Curse
|-damage|p2a: Magearna|45/100|[from] Salt Cure
|turn|6
|
|move|p2a: Magearna|Draining Kiss|p1a: Dr. Garg A. Nacl
|-damage|p1a: Dr. Garg A. Nacl|0 fnt
|-heal|p2a: Magearna|100/100|[from] drain|[of] p1a: Dr. Garg A. Nacl
|faint|p1a: Dr. Garg A. Nacl
|-ability|p2a: Magearna|Soul-Heart|boost
|-boost|p2a: Magearna|spa|1
|
|-damage|p2a: Magearna|76/100|[from] Curse
|-damage|p2a: Magearna|63/100|[from] Salt Cure
|-sideend|p2: p2|move: Light Screen
|
|switch|p1a: Tinkaton bait|Corviknight, F|100/100
|-ability|p1a: Tinkaton bait|Pressure
|turn|7
|
|move|p2a: Magearna|Draining Kiss|p1a: Tinkaton bait
|-resisted|p1a: Tinkaton bait
|-damage|p1a: Tinkaton bait|57/100
|-heal|p2a: Magearna|100/100|[from] drain|[of] p1a: Tinkaton bait
|move|p1a: Tinkaton bait|Iron Head|p2a: Magearna
|-supereffective|p2a: Magearna
|-damage|p2a: Magearna|75/100
|-enditem|p2a: Magearna|Weakness Policy
|-boost|p2a: Magearna|atk|2|[from] item: Weakness Policy
|-boost|p2a: Magearna|spa|2|[from] item: Weakness Policy
|
|-heal|p1a: Tinkaton bait|64/100|[from] item: Leftovers
|-damage|p2a: Magearna|50/100|[from] Curse
|-damage|p2a: Magearna|38/100|[from] Salt Cure
|turn|8
|
|move|p2a: Magearna|Draining Kiss|p1a: Tinkaton bait
|-resisted|p1a: Tinkaton bait
|-damage|p1a: Tinkaton bait|1/100
|-heal|p2a: Magearna|100/100|[from] drain|[of] p1a: Tinkaton bait
|move|p1a: Tinkaton bait|Iron Head|p2a: Magearna
|-supereffective|p2a: Magearna
|-damage|p2a: Magearna|77/100
|
|-heal|p1a: Tinkaton bait|8/100|[from] item: Leftovers
|-damage|p2a: Magearna|52/100|[from] Curse
|-damage|p2a: Magearna|40/100|[from] Salt Cure
|-sideend|p2: p2|Reflect
|turn|9
|
|move|p2a: Magearna|Draining Kiss|p1a: Tinkaton bait
|-resisted|p1a: Tinkaton bait
|-damage|p1a: Tinkaton bait|0 fnt
|-heal|p2a: Magearna|47/100|[from] drain|[of] p1a: Tinkaton bait
|faint|p1a: Tinkaton bait
|-ability|p2a: Magearna|Soul-Heart|boost
|-boost|p2a: Magearna|spa|1
|
|-damage|p2a: Magearna|22/100|[from] Curse
|-damage|p2a: Magearna|10/100|[from] Salt Cure
|
|switch|p1a: hawlucha V2|Sneasler, F|100/100
|turn|10
|
|move|p2a: Magearna|Draining Kiss|p1a: hawlucha V2
|-damage|p1a: hawlucha V2|0 fnt
|-heal|p2a: Magearna|85/100|[from] drain|[of] p1a: hawlucha V2
|faint|p1a: hawlucha V2
|-ability|p2a: Magearna|Soul-Heart|boost
|-boost|p2a: Magearna|spa|1
|
|-damage|p2a: Magearna|60/100|[from] Curse
|-damage|p2a: Magearna|48/100|[from] Salt Cure
|
|switch|p1a: Gaming|Regidrago|100/100
|turn|11
|
|move|p2a: Magearna|Draining Kiss|p1a: Gaming
|-supereffective|p1a: Gaming
|-damage|p1a: Gaming|0 fnt
|-heal|p2a: Magearna|100/100|[from] drain|[of] p1a: Gaming
|faint|p1a: Gaming
|
|-damage|p2a: Magearna|76/100|[from] Curse
|-damage|p2a: Magearna|63/100|[from] Salt Cure
|
|switch|p1a: Moist Slime|Muk-Alola, F|100/100
|turn|12
|
|move|p2a: Magearna|Draining Kiss|p1a: Moist Slime
|-damage|p1a: Moist Slime|0 fnt
|-heal|p2a: Magearna|100/100|[from] drain|[of] p1a: Moist Slime
|faint|p1a: Moist Slime
|
|-damage|p2a: Magearna|76/100|[from] Curse
|-damage|p2a: Magearna|63/100|[from] Salt Cure
|-message|p1 forfeited.
|
|win|p2
