|poke|p1|Torkoal, F|
|poke|p1|Polteageist-Antique|
|poke|p1|Tauros-Paldea-Aqua, M|
|poke|p1|Hatterene, F|
|poke|p1|Skeledirge, M|
|poke|p1|Scovillain, F|
|poke|p2|Pelipper, M|
|poke|p2|Basculegion-F, F|
|poke|p2|Azumarill, M|
|poke|p2|Clodsire, M|
|poke|p2|Zapdos|
|poke|p2|Overqwil, M|
|teampreview
|
|start
|switch|p1a: Hatterene|Hatterene, F|100/100
|switch|p2a: Pelipper|Pelipper, M|100/100
|-weather|RainDance|[from] ability: Drizzle|[of] p2a: Pelipper
|turn|1
|
|move|p2a: Pelipper|Hurricane|p1a: Hatterene
|-damage|p1a: Hatterene|74/100
|move|p1a: Hatterene|Trick|p2a: Pelipper
|-activate|p1a: Hatterene|move: Trick|[of] p2a: Pelipper
|-item|p2a: Pelipper|Choice Band|[from] move: Trick
|-item|p1a: Hatterene|Damp Rock|[from] move: Trick
|
|-weather|RainDance|[upkeep]
|turn|2
|
|switch|p1a: Torkoal|Torkoal, F|100/100
|-weather|SunnyDay|[from] ability: Drought|[of] p1a: Torkoal
|move|p2a: Pelipper|U-turn|p1a: Torkoal
|-resisted|p1a: Torkoal
|-damage|p1a: Torkoal|97/100
|
|switch|p2a: Clodsire|Clodsire, M|100/100|[from] U-turn
|
|-weather|SunnyDay|[upkeep]
|-heal|p1a: Torkoal|100/100|[from] item: Leftovers
|turn|3
|
|switch|p1a: Hatterene|Hatterene, F|74/100
|move|p2a: Clodsire|Earthquake|p1a: Hatterene
|-crit|p1a: Hatterene
|-damage|p1a: Hatterene|28/100
|
|-weather|SunnyDay|[upkeep]
|turn|4
|
|switch|p2a: Pelipper|Pelipper, M|100/100
|-weather|RainDance|[from] ability: Drizzle|[of] p2a: Pelipper
|move|p1a: Hatterene|Trick|p2a: Pelipper
|-activate|p1a: Hatterene|move: Trick|[of] p2a: Pelipper
|-item|p2a: Pelipper|Damp Rock|[from] move: Trick
|-item|p1a: Hatterene|Choice Band|[from] move: Trick
|
|-weather|RainDance|[upkeep]
|turn|5
|
|move|p2a: Pelipper|Hurricane|p1a: Hatterene
|-damage|p1a: Hatterene|0 fnt
|faint|p1a: Hatterene
|
|-weather|RainDance|[upkeep]
|
|switch|p1a: Scovillain|Scovillain, F|100/100
|turn|6
|
|-terastallize|p1a: Scovillain|Electric
|move|p1a: Scovillain|Tera Blast|p2a: Pelipper
|-supereffective|p2a: Pelipper
|-damage|p2a: Pelipper|0 fnt
|faint|p2a: Pelipper
|
|-weather|RainDance|[upkeep]
|
|switch|p2a: Clodsire|Clodsire, M|100/100
|turn|7
|
|switch|p1a: Tauros|Tauros-Paldea-Aqua, M|100/100
|-ability|p1a: Tauros|Intimidate|boost
|-unboost|p2a: Clodsire|atk|1
|move|p2a: Clodsire|Earthquake|p1a: Tauros
|-damage|p1a: Tauros|85/100
|
|-weather|RainDance|[upkeep]
|turn|8
|
|switch|p2a: Zapdos|Zapdos|100/100
|move|p1a: Tauros|Raging Bull|p2a: Zapdos
|-damage|p2a: Zapdos|41/100
|-status|p1a: Tauros|par|[from] ability: Static|[of] p2a: Zapdos
|
|-weather|none
|turn|9
|
|switch|p1a: Torkoal|Torkoal, F|100/100
|-weather|SunnyDay|[from] ability: Drought|[of] p1a: Torkoal
|move|p2a: Zapdos|Thunder|p1a: Torkoal
|-damage|p1a: Torkoal|22/100
|
|-weather|SunnyDay|[upkeep]
|-heal|p1a: Torkoal|28/100|[from] item: Leftovers
|turn|10
|
|switch|p1a: Scovillain|Scovillain, F, tera:Electric|100/100
|move|p2a: Zapdos|Volt Switch|p1a: Scovillain
|-resisted|p1a: Scovillain
|-damage|p1a: Scovillain|70/100
|
|switch|p2a: Clodsire|Clodsire, M|100/100|[from] Volt Switch
|
|-weather|SunnyDay|[upkeep]
|turn|11
|
|move|p1a: Scovillain|Solar Beam||[still]
|-prepare|p1a: Scovillain|Solar Beam
|-anim|p1a: Scovillain|Solar Beam|p2a: Clodsire
|-damage|p2a: Clodsire|66/100
|move|p2a: Clodsire|Stealth Rock|p1a: Scovillain
|-sidestart|p1: bocoloco123|move: Stealth Rock
|
|-weather|SunnyDay|[upkeep]
|-heal|p2a: Clodsire|72/100|[from] item: Leftovers
|turn|12
|
|move|p1a: Scovillain|Flamethrower|p2a: Clodsire
|-damage|p2a: Clodsire|36/100
|move|p2a: Clodsire|Recover|p2a: Clodsire
|-heal|p2a: Clodsire|86/100
|
|-weather|SunnyDay|[upkeep]
|-heal|p2a: Clodsire|92/100|[from] item: Leftovers
|turn|13
|
|switch|p1a: Skeledirge|Skeledirge, M|100/100
|-damage|p1a: Skeledirge|76/100|[from] Stealth Rock
|move|p2a: Clodsire|Earthquake|p1a: Skeledirge
|-supereffective|p1a: Skeledirge
|-damage|p1a: Skeledirge|22/100
|
|-weather|none
|-heal|p2a: Clodsire|98/100|[from] item: Leftovers
|turn|14
|
|move|p1a: Skeledirge|Earth Power|p2a: Clodsire
|-supereffective|p2a: Clodsire
|-damage|p2a: Clodsire|66/100
|move|p2a: Clodsire|Earthquake|p1a: Skeledirge
|-supereffective|p1a: Skeledirge
|-damage|p1a: Skeledirge|0 fnt
|faint|p1a: Skeledirge
|
|-heal|p2a: Clodsire|72/100|[from] item: Leftovers
|
|switch|p1a: Torkoal|Torkoal, F|28/100
|-damage|p1a: Torkoal|3/100|[from] Stealth Rock
|-weather|SunnyDay|[from] ability: Drought|[of] p1a: Torkoal
|turn|15
|
|switch|p2a: Azumarill|Azumarill, M|100/100
|move|p1a: Torkoal|Rapid Spin|p2a: Azumarill
|-damage|p2a: Azumarill|90/100
|-boost|p1a: Torkoal|spe|1
|-sideend|p1: bocoloco123|Stealth Rock|[from] move: Rapid Spin|[of] p1a: Torkoal
|
|-weather|SunnyDay|[upkeep]
|-heal|p1a: Torkoal|9/100|[from] item: Leftovers
|turn|16
|
|move|p2a: Azumarill|Aqua Jet|p1a: Torkoal
|-supereffective|p1a: Torkoal
|-damage|p1a: Torkoal|0 fnt
|faint|p1a: Torkoal
|
|-weather|SunnyDay|[upkeep]
|
|switch|p1a: Polteageist|Polteageist-Antique|100/100
|turn|17
|
|move|p1a: Polteageist|Shell Smash|p1a: Polteageist
|-unboost|p1a: Polteageist|def|1
|-unboost|p1a: Polteageist|spd|1
|-boost|p1a: Polteageist|atk|2
|-boost|p1a: Polteageist|spa|2
|-boost|p1a: Polteageist|spe|2
|move|p2a: Azumarill|Play Rough|p1a: Polteageist
|-enditem|p1a: Polteageist|Focus Sash
|-damage|p1a: Polteageist|1/100
|-ability|p1a: Polteageist|Weak Armor|boost
|-unboost|p1a: Polteageist|def|1
|-boost|p1a: Polteageist|spe|2
|
|-weather|SunnyDay|[upkeep]
|turn|18
|
|switch|p1a: Tauros|Tauros-Paldea-Aqua, M|85/100 par
|-ability|p1a: Tauros|Intimidate|boost
|-unboost|p2a: Azumarill|atk|1
|move|p2a: Azumarill|Aqua Jet|p1a: Tauros
|-resisted|p1a: Tauros
|-damage|p1a: Tauros|81/100 par
|
|-weather|SunnyDay|[upkeep]
|turn|19
|
|switch|p2a: Zapdos|Zapdos|41/100
|move|p1a: Tauros|Bulk Up|p1a: Tauros
|-boost|p1a: Tauros|atk|1
|-boost|p1a: Tauros|def|1
|
|-weather|none
|turn|20
|
|move|p2a: Zapdos|Thunder|p1a: Tauros|[miss]
|-miss|p2a: Zapdos|p1a: Tauros
|move|p1a: Tauros|Raging Bull|p2a: Zapdos
|-damage|p2a: Zapdos|0 fnt
|faint|p2a: Zapdos
|
|
|switch|p2a: Basculegion|Basculegion-F, F|100/100
|turn|21
|
|-terastallize|p2a: Basculegion|Fairy
|move|p2a: Basculegion|Tera Blast|p1a: Tauros
|-supereffective|p1a: Tauros
|-damage|p1a: Tauros|0 fnt
|faint|p1a: Tauros
|
|
|switch|p1a: Scovillain|Scovillain, F, tera:Electric|70/100
|turn|22
|
|move|p1a: Scovillain|Giga Drain|p2a: Basculegion
|-damage|p2a: Basculegion|62/100
|-heal|p1a: Scovillain|100/100|[from] drain|[of] p2a: Basculegion
|move|p2a: Basculegion|Tera Blast|p1a: Scovillain
|-damage|p1a: Scovillain|3/100
|
|turn|23
|
|move|p1a: Scovillain|Flamethrower|p2a: Basculegion
|-damage|p2a: Basculegion|17/100
|move|p2a: Basculegion|Tera Blast|p1a: Scovillain
|-damage|p1a: Scovillain|0 fnt
|faint|p1a: Scovillain
|
|
|switch|p1a: Polteageist|Polteageist-Antique|1/100
|turn|24
|
|move|p1a: Polteageist|Shadow Ball|p2a: Basculegion
|-damage|p2a: Basculegion|0 fnt
|faint|p2a: Basculegion
|
|
|switch|p2a: Azumarill|Azumarill, M|90/100
|turn|25
|
|move|p2a: Azumarill|Aqua Jet|p1a: Polteageist
|-damage|p1a: Polteageist|0 fnt
|faint|p1a: Polteageist
|
|win|TrainerCyan1
