# advantage = p1
|poke|p1|Maushold|
|poke|p1|Sneasler, M|
|poke|p1|Garchomp, M|
|poke|p1|Gholdengo|
|poke|p1|Zapdos|
|poke|p1|Samurott-Hisui, M|
|poke|p2|Quaquaval, M|
|poke|p2|Garganacl, M|
|poke|p2|Gholdengo|
|poke|p2|Tinkaton, F|
|poke|p2|Toedscruel, M|
|poke|p2|Baxcalibur, F|
|teampreview
|
|start
|switch|p1a: Garchomp|Garchomp, M|100/100
|switch|p2a: Super-Dragon|Baxcalibur, F|100/100
|turn|1
|
|-terastallize|p1a: Garchomp|Fire
|move|p2a: Super-Dragon|Ice Shard|p1a: Garchomp
|-resisted|p1a: Garchomp
|-damage|p1a: Garchomp|86/100
|-damage|p2a: Super-Dragon|91/100|[from] item: Life Orb
|move|p1a: Garchomp|Draco Meteor|p2a: Super-Dragon
|-supereffective|p2a: Super-Dragon
|-damage|p2a: Super-Dragon|0 fnt
|-unboost|p1a: Garchomp|spa|2
|faint|p2a: Super-Dragon
|-damage|p1a: Garchomp|76/100|[from] item: Life Orb
|
|
|switch|p2a: Coin??Coin!?|Quaquaval, M|100/100
|turn|2
|
|switch|p1a: Zapdos|Zapdos|100/100
|-terastallize|p2a: Coin??Coin!?|Water
|move|p2a: Coin??Coin!?|Aqua Step|p1a: Zapdos
|-damage|p1a: Zapdos|39/100
|-boost|p2a: Coin??Coin!?|spe|1
|
|turn|3
|
|move|p2a: Coin??Coin!?|Aqua Step|p1a: Zapdos
|-damage|p1a: Zapdos|0 fnt
|-boost|p2a: Coin??Coin!?|spe|1
|faint|p1a: Zapdos
|-ability|p2a: Coin??Coin!?|Moxie|boost
|-boost|p2a: Coin??Coin!?|atk|1
|
|
|switch|p1a: Sneasler|Sneasler, M|100/100
|turn|4
|
|move|p1a: Sneasler|Fake Out|p2a: Coin??Coin!?
|-damage|p2a: Coin??Coin!?|80/100
|cant|p2a: Coin??Coin!?|flinch
|
|turn|5
|
|switch|p1a: Samurott|Samurott-Hisui, M|100/100
|move|p2a: Coin??Coin!?|Aqua Step|p1a: Samurott
|-resisted|p1a: Samurott
|-damage|p1a: Samurott|42/100
|-boost|p2a: Coin??Coin!?|spe|1
|
|turn|6
|
|move|p2a: Coin??Coin!?|Aqua Step|p1a: Samurott
|-resisted|p1a: Samurott
|-damage|p1a: Samurott|0 fnt
|-boost|p2a: Coin??Coin!?|spe|1
|faint|p1a: Samurott
|-ability|p2a: Coin??Coin!?|Moxie|boost
|-boost|p2a: Coin??Coin!?|atk|1
|
|
|switch|p1a: Sneasler|Sneasler, M|100/100
|turn|7
|
|move|p1a: Sneasler|Fake Out|p2a: Coin??Coin!?
|-damage|p2a: Coin??Coin!?|60/100
|cant|p2a: Coin??Coin!?|flinch
|
|turn|8
|
|switch|p1a: Maushold|Maushold|100/100
|move|p2a: Coin??Coin!?|Aqua Step|p1a: Maushold
|-damage|p1a: Maushold|0 fnt
|-boost|p2a: Coin??Coin!?|spe|1
|faint|p1a: Maushold
|-ability|p2a: Coin??Coin!?|Moxie|boost
|-boost|p2a: Coin??Coin!?|atk|1
|
|
|switch|p1a: Sneasler|Sneasler, M|100/100
|turn|9
|
|move|p1a: Sneasler|Fake Out|p2a: Coin??Coin!?
|-damage|p2a: Coin??Coin!?|41/100
|cant|p2a: Coin??Coin!?|flinch
|
|turn|10
|
|move|p2a: Coin??Coin!?|Aqua Step|p1a: Sneasler
|-damage|p1a: Sneasler|0 fnt
|-boost|p2a: Coin??Coin!?|spe|1
|faint|p1a: Sneasler
|-ability|p2a: Coin??Coin!?|Moxie|boost
|-boost|p2a: Coin??Coin!?|atk|1
|
|-message|p1 forfeited.
|
|win|p2
