|poke|p1|Grimmsnarl, M|
|poke|p1|Kleavor, M|
|poke|p1|Zamazenta-*|
|poke|p1|Magearna|
|poke|p1|Volcanion|
|poke|p1|Landorus-Therian, M|
|poke|p2|Basculegion, M|
|poke|p2|Pelipper, F|
|poke|p2|Landorus-Therian, M|
|poke|p2|Great Tusk|
|poke|p2|Braviary-Hisui, M|
|poke|p2|Lilligant-Hisui, F|
|teampreview
|
|start
|switch|p1a: Smoker|Volcanion|100/100
|switch|p2a: Gambling !|Lilligant-Hisui, F, shiny|100/100
|turn|1
|
|switch|p2a: RAIN WORLD|Pelipper, F|100/100
|-weather|RainDance|[from] ability: Drizzle|[of] p2a: RAIN WORLD
|move|p1a: Smoker|Steam Eruption|p2a: RAIN WORLD
|-resisted|p2a: RAIN WORLD
|-damage|p2a: RAIN WORLD|0 fnt
|faint|p2a: RAIN WORLD
|
|-weather|RainDance|[upkeep]
|
|switch|p2a: Average Tusk|Great Tusk|100/100
|-enditem|p2a: Average Tusk|Booster Energy
|-activate|p2a: Average Tusk|ability: Protosynthesis|[fromitem]
|-start|p2a: Average Tusk|protosynthesisatk
|turn|2
|
|switch|p1a: Lando Bando|Landorus-Therian, M, shiny|100/100
|-ability|p1a: Lando Bando|Intimidate|boost
|-unboost|p2a: Average Tusk|atk|1
|move|p2a: Average Tusk|Headlong Rush|p1a: Lando Bando
|-immune|p1a: Lando Bando
|
|-weather|RainDance|[upkeep]
|turn|3
|
|move|p2a: Average Tusk|Ice Spinner|p1a: Lando Bando
|-supereffective|p1a: Lando Bando
|-damage|p1a: Lando Bando|2/100
|-damage|p2a: Average Tusk|84/100|[from] item: Rocky Helmet|[of] p1a: Lando Bando
|move|p1a: Lando Bando|Grass Knot|p2a: Average Tusk
|-supereffective|p2a: Average Tusk
|-damage|p2a: Average Tusk|0 fnt
|faint|p2a: Average Tusk
|-end|p2a: Average Tusk|Protosynthesis|[silent]
|
|-weather|RainDance|[upkeep]
|
|switch|p2a: Gambling !|Lilligant-Hisui, F, shiny|100/100
|turn|4
|
|move|p2a: Gambling !|Victory Dance|p2a: Gambling !
|-boost|p2a: Gambling !|atk|1
|-boost|p2a: Gambling !|def|1
|-boost|p2a: Gambling !|spe|1
|move|p1a: Lando Bando|Sandsear Storm|p2a: Gambling !
|-resisted|p2a: Gambling !
|-damage|p2a: Gambling !|68/100
|
|-weather|RainDance|[upkeep]
|turn|5
|
|move|p2a: Gambling !|Bullet Seed|p1a: Lando Bando
|-damage|p1a: Lando Bando|0 fnt
|faint|p1a: Lando Bando
|-hitcount|p1: Lando Bando|1
|
|-weather|RainDance|[upkeep]
|
|switch|p1a: Asta|Grimmsnarl, M, shiny|100/100
|turn|6
|
|move|p1a: Asta|Taunt|p2a: Gambling !
|-start|p2a: Gambling !|move: Taunt
|cant|p2a: Gambling !|move: Taunt|Victory Dance
|
|-weather|RainDance|[upkeep]
|turn|7
|
|move|p1a: Asta|Reflect|p1a: Asta
|-sidestart|p1: p1|Reflect
|move|p2a: Gambling !|Bullet Seed|p1a: Asta|[miss]
|-miss|p2a: Gambling !|p1a: Asta
|
|-weather|RainDance|[upkeep]
|turn|8
|
|move|p1a: Asta|Parting Shot|p2a: Gambling !
|-unboost|p2a: Gambling !|atk|1
|-unboost|p2a: Gambling !|spa|1
|
|switch|p1a: Meat|Kleavor, M, shiny|100/100|[from] Parting Shot
|move|p2a: Gambling !|Bullet Seed|p1a: Meat
|-damage|p1a: Meat|90/100
|-damage|p1a: Meat|78/100
|-damage|p1a: Meat|68/100
|-damage|p1a: Meat|56/100
|-hitcount|p1a: Meat|4
|
|-weather|none
|-end|p2a: Gambling !|move: Taunt
|turn|9
|
|switch|p2a: Glue <3|Landorus-Therian, M|100/100
|-ability|p2a: Glue <3|Intimidate|boost
|-unboost|p1a: Meat|atk|1
|move|p1a: Meat|Fury Cutter|p2a: Glue <3
|-resisted|p2a: Glue <3
|-damage|p2a: Glue <3|88/100
|
|turn|10
|
|move|p1a: Meat|Fury Cutter|p2a: Glue <3
|-resisted|p2a: Glue <3
|-damage|p2a: Glue <3|61/100
|move|p2a: Glue <3|Earthquake|p1a: Meat
|-damage|p1a: Meat|14/100
|
|turn|11
|
|move|p1a: Meat|Fury Cutter|p2a: Glue <3
|-resisted|p2a: Glue <3
|-damage|p2a: Glue <3|0 fnt
|faint|p2a: Glue <3
|
|
|switch|p2a: TOTSUGEKI|Basculegion, M, shiny|100/100
|turn|12
|
|move|p2a: TOTSUGEKI|Aqua Jet|p1a: Meat
|-supereffective|p1a: Meat
|-damage|p1a: Meat|0 fnt
|faint|p1a: Meat
|
|
|switch|p1a: Smoker|Volcanion|100/100
|turn|13
|
|switch|p2a: STRONG WINDS|Braviary-Hisui, M, shiny|100/100
|move|p1a: Smoker|Steam Eruption|p2a: STRONG WINDS
|-damage|p2a: STRONG WINDS|0 fnt
|faint|p2a: STRONG WINDS
|
|
|switch|p2a: Gambling !|Lilligant-Hisui, F, shiny|68/100
|turn|14
|
|move|p2a: Gambling !|Bullet Seed|p1a: Smoker
|-damage|p1a: Smoker|94/100
|-damage|p1a: Smoker|87/100
|-damage|p1a: Smoker|80/100
|-damage|p1a: Smoker|74/100
|-hitcount|p1a: Smoker|4
|move|p1a: Smoker|Steam Eruption|p2a: Gambling !
|-resisted|p2a: Gambling !
|-damage|p2a: Gambling !|0 fnt
|faint|p2a: Gambling !
|
|-sideend|p1: p1|Reflect
|
|switch|p2a: TOTSUGEKI|Basculegion, M, shiny|100/100
|turn|15
|
|move|p2a: TOTSUGEKI|Head Smash|p1a: Smoker
|-supereffective|p1a: Smoker
|-crit|p1a: Smoker
|-damage|p1a: Smoker|0 fnt
|faint|p1a: Smoker
|-damage|p2a: TOTSUGEKI|66/100|[from] Recoil
|
|
|switch|p1a: Asta|Grimmsnarl, M, shiny|100/100
|turn|16
|
|move|p1a: Asta|Reflect|p1a: Asta
|-sidestart|p1: p1|Reflect
|move|p2a: TOTSUGEKI|Head Smash|p1a: Asta
|-damage|p1a: Asta|55/100
|-damage|p2a: TOTSUGEKI|42/100|[from] Recoil
|
|turn|17
|
|move|p1a: Asta|Parting Shot|p2a: TOTSUGEKI
|-unboost|p2a: TOTSUGEKI|atk|1
|-unboost|p2a: TOTSUGEKI|spa|1
|
|switch|p1a: Magenta|Zamazenta-Crowned, shiny|100/100|[from] Parting Shot
|-ability|p1a: Magenta|Dauntless Shield|boost
|-boost|p1a: Magenta|def|1
|move|p2a: TOTSUGEKI|Head Smash|p1a: Magenta
|-resisted|p1a: Magenta
|-damage|p1a: Magenta|97/100
|-damage|p2a: TOTSUGEKI|40/100|[from] Recoil
|
|turn|18
|-message|p2 forfeited.
|
|win|p1
