# advantage = p2
|poke|p1|Zapdos|
|poke|p1|Gholdengo|
|poke|p1|Dragapult, F|
|poke|p1|Rotom-Wash|
|poke|p1|Corviknight, F|
|poke|p1|Magearna|
|poke|p2|Chien-Pao|
|poke|p2|Lilligant-Hisui, F|
|poke|p2|Sneasler, F|
|poke|p2|Zapdos|
|poke|p2|Glimmora, F|
|poke|p2|Magearna|
|teampreview
|
|start
|switch|p1a: Dragapult|Dragapult, F|100/100
|switch|p2a: Glimmora|Glimmora, F|100/100
|turn|1
|
|switch|p2a: Magearna|Magearna|100/100
|move|p1a: Dragapult|Thunder Wave|p2a: Magearna
|-status|p2a: Magearna|par
|
|turn|2
|
|move|p1a: Dragapult|Hex|p2a: Magearna
|-damage|p2a: Magearna|69/100 par
|move|p2a: Magearna|Shift Gear|p2a: Magearna
|-boost|p2a: Magearna|spe|2
|-boost|p2a: Magearna|atk|1
|
|-heal|p2a: Magearna|75/100 par|[from] item: Leftovers
|turn|3
|
|move|p1a: Dragapult|U-turn|p2a: Magearna
|-resisted|p2a: Magearna
|-damage|p2a: Magearna|71/100 par
|
|switch|p1a: Gholdengo|Gholdengo|100/100|[from] U-turn
|move|p2a: Magearna|Draining Kiss|p1a: Gholdengo
|-resisted|p1a: Gholdengo
|-damage|p1a: Gholdengo|90/100
|-heal|p2a: Magearna|79/100 par|[from] drain|[of] p1a: Gholdengo
|
|-heal|p1a: Gholdengo|97/100|[from] item: Leftovers
|-heal|p2a: Magearna|85/100 par|[from] item: Leftovers
|turn|4
|
|move|p1a: Gholdengo|Nasty Plot|p1a: Gholdengo
|-boost|p1a: Gholdengo|spa|2
|move|p2a: Magearna|Calm Mind|p2a: Magearna
|-boost|p2a: Magearna|spa|1
|-boost|p2a: Magearna|spd|1
|
|-heal|p1a: Gholdengo|100/100|[from] item: Leftovers
|-heal|p2a: Magearna|91/100 par|[from] item: Leftovers
|turn|5
|
|move|p1a: Gholdengo|Nasty Plot|p1a: Gholdengo
|-boost|p1a: Gholdengo|spa|2
|move|p2a: Magearna|Calm Mind|p2a: Magearna
|-boost|p2a: Magearna|spa|1
|-boost|p2a: Magearna|spd|1
|
|-heal|p2a: Magearna|97/100 par|[from] item: Leftovers
|turn|6
|
|move|p1a: Gholdengo|Hex|p2a: Magearna
|-damage|p2a: Magearna|48/100 par
|move|p2a: Magearna|Calm Mind|p2a: Magearna
|-boost|p2a: Magearna|spa|1
|-boost|p2a: Magearna|spd|1
|
|-heal|p2a: Magearna|54/100 par|[from] item: Leftovers
|turn|7
|
|move|p1a: Gholdengo|Hex|p2a: Magearna
|-damage|p2a: Magearna|10/100 par
|cant|p2a: Magearna|par
|
|-heal|p2a: Magearna|16/100 par|[from] item: Leftovers
|turn|8
|
|move|p1a: Gholdengo|Hex|p2a: Magearna
|-damage|p2a: Magearna|0 fnt
|faint|p2a: Magearna
|
|
|switch|p2a: Chien-Pao|Chien-Pao|100/100
|-ability|p2a: Chien-Pao|Sword of Ruin
|turn|9
|
|switch|p1a: Magearna|Magearna|100/100
|move|p2a: Chien-Pao|Crunch|p1a: Magearna
|-resisted|p1a: Magearna
|-damage|p1a: Magearna|70/100
|
|-heal|p1a: Magearna|76/100|[from] item: Leftovers
|turn|10
|
|switch|p2a: Glimmora|Glimmora, F|100/100
|move|p1a: Magearna|Shift Gear|p1a: Magearna
|-boost|p1a: Magearna|spe|2
|-boost|p1a: Magearna|atk|1
|
|-heal|p1a: Magearna|82/100|[from] item: Leftovers
|turn|11
|
|move|p1a: Magearna|Calm Mind|p1a: Magearna
|-boost|p1a: Magearna|spa|1
|-boost|p1a: Magearna|spd|1
|move|p2a: Glimmora|Stealth Rock|p1a: Magearna
|-sidestart|p1: p1|move: Stealth Rock
|
|-heal|p1a: Magearna|88/100|[from] item: Leftovers
|turn|12
|
|move|p1a: Magearna|Stored Power|p2a: Glimmora
|-supereffective|p2a: Glimmora
|-enditem|p2a: Glimmora|Focus Sash
|-damage|p2a: Glimmora|1/100
|move|p2a: Glimmora|Memento|p1a: Magearna
|-unboost|p1a: Magearna|atk|2
|-unboost|p1a: Magearna|spa|2
|faint|p2a: Glimmora
|-ability|p1a: Magearna|Soul-Heart|boost
|-boost|p1a: Magearna|spa|1
|
|-heal|p1a: Magearna|94/100|[from] item: Leftovers
|
|switch|p2a: Zapdos|Zapdos|100/100
|-ability|p2a: Zapdos|Pressure
|turn|13
|
|move|p1a: Magearna|Calm Mind|p1a: Magearna
|-boost|p1a: Magearna|spa|1
|-boost|p1a: Magearna|spd|1
|move|p2a: Zapdos|Discharge|p1a: Magearna
|-damage|p1a: Magearna|80/100
|
|-heal|p1a: Magearna|86/100|[from] item: Leftovers
|turn|14
|
|move|p1a: Magearna|Calm Mind|p1a: Magearna
|-boost|p1a: Magearna|spa|1
|-boost|p1a: Magearna|spd|1
|move|p2a: Zapdos|Discharge|p1a: Magearna
|-damage|p1a: Magearna|76/100
|
|-heal|p1a: Magearna|82/100|[from] item: Leftovers
|turn|15
|
|move|p1a: Magearna|Stored Power|p2a: Zapdos
|-damage|p2a: Zapdos|0 fnt
|faint|p2a: Zapdos
|-ability|p1a: Magearna|Soul-Heart|boost
|-boost|p1a: Magearna|spa|1
|
|-heal|p1a: Magearna|88/100|[from] item: Leftovers
|
|switch|p2a: Lilligant|Lilligant-Hisui, F|100/100
|turn|16
|
|move|p2a: Lilligant|Victory Dance|p2a: Lilligant
|-boost|p2a: Lilligant|atk|1
|-boost|p2a: Lilligant|def|1
|-boost|p2a: Lilligant|spe|1
|move|p1a: Magearna|Draining Kiss|p2a: Lilligant
|-supereffective|p2a: Lilligant
|-enditem|p2a: Lilligant|Focus Sash
|-damage|p2a: Lilligant|1/100
|-heal|p1a: Magearna|100/100|[from] drain|[of] p2a: Lilligant
|
|turn|17
|
|move|p2a: Lilligant|Close Combat|p1a: Magearna
|-crit|p1a: Magearna
|-damage|p1a: Magearna|0 fnt
|-unboost|p2a: Lilligant|def|1
|-unboost|p2a: Lilligant|spd|1
|faint|p1a: Magearna
|
|
|switch|p1a: Dragapult|Dragapult, F|100/100
|turn|18
|
|move|p2a: Lilligant|Ice Spinner|p1a: Dragapult
|-supereffective|p1a: Dragapult
|-damage|p1a: Dragapult|0 fnt
|faint|p1a: Dragapult
|
|
|switch|p1a: Gholdengo|Gholdengo|100/100
|-damage|p1a: Gholdengo|94/100|[from] Stealth Rock
|turn|19
|
|move|p2a: Lilligant|Leaf Blade|p1a: Gholdengo
|-resisted|p1a: Gholdengo
|-damage|p1a: Gholdengo|66/100
|move|p1a: Gholdengo|Hex|p2a: Lilligant
|-damage|p2a: Lilligant|0 fnt
|faint|p2a: Lilligant
|
|-heal|p1a: Gholdengo|72/100|[from] item: Leftovers
|
|switch|p2a: Chien-Pao|Chien-Pao|100/100
|-ability|p2a: Chien-Pao|Sword of Ruin
|turn|20
|
|-terastallize|p2a: Chien-Pao|Dark
|move|p2a: Chien-Pao|Crunch|p1a: Gholdengo
|-supereffective|p1a: Gholdengo
|-damage|p1a: Gholdengo|0 fnt
|faint|p1a: Gholdengo
|
|
|switch|p1a: Zapdos|Zapdos|100/100
|turn|21
|
|move|p2a: Chien-Pao|Crunch|p1a: Zapdos
|-damage|p1a: Zapdos|0 fnt
|faint|p1a: Zapdos
|
|
|switch|p1a: Corviknight|Corviknight, F|100/100
|-damage|p1a: Corviknight|88/100|[from] Stealth Rock
|-ability|p1a: Corviknight|Pressure
|turn|22
|
|move|p2a: Chien-Pao|Crunch|p1a: Corviknight
|-crit|p1a: Corviknight
|-damage|p1a: Corviknight|0 fnt
|faint|p1a: Corviknight
|
|
|switch|p1a: Rotom|Rotom-Wash|100/100
|-damage|p1a: Rotom|88/100|[from] Stealth Rock
|turn|23
|
|move|p2a: Chien-Pao|Crunch|p1a: Rotom
|-damage|p1a: Rotom|0 fnt
|faint|p1a: Rotom
|
|win|p2
