|poke|p1|Sneasler, M|
|poke|p1|Arcanine-Hisui, F|
|poke|p1|Basculegion, M|
|poke|p1|Electrode-Hisui|
|poke|p1|Decidueye-Hisui, F|
|poke|p1|Meloetta|
|poke|p2|Dugtrio-Alola, M|
|poke|p2|Sandaconda, F|
|poke|p2|Hippowdon, M|
|poke|p2|Iron Treads|
|poke|p2|Slowbro-Galar, M|
|poke|p2|Tyranitar, F|
|teampreview
|
|start
|switch|p1a: Seed Bomb|Electrode-Hisui|100/100
|switch|p2a: Sandaconda|Sandaconda, F, shiny|100/100
|turn|1
|
|move|p1a: Seed Bomb|Reflect|p1a: Seed Bomb
|-sidestart|p1: p1|Reflect
|move|p2a: Sandaconda|Glare|p1a: Seed Bomb
|-immune|p1a: Seed Bomb
|
|turn|2
|
|move|p1a: Seed Bomb|Chloroblast|p2a: Sandaconda
|-supereffective|p2a: Sandaconda
|-damage|p2a: Sandaconda|0 fnt
|-weather|Sandstorm|[from] ability: Sand Spit|[of] p2a: Sandaconda
|-damage|p1a: Seed Bomb|50/100|[from] chloroblast
|faint|p2a: Sandaconda
|-heal|p1a: Seed Bomb|67/100|[from] item: Shell Bell|[of] p2: Sandaconda
|
|-weather|Sandstorm|[upkeep]
|-damage|p1a: Seed Bomb|61/100|[from] Sandstorm
|
|switch|p2a: Tyranitar|Tyranitar, F|100/100
|turn|3
|
|move|p1a: Seed Bomb|Giga Drain|p2a: Tyranitar
|-supereffective|p2a: Tyranitar
|-damage|p2a: Tyranitar|78/100
|-heal|p1a: Seed Bomb|78/100|[from] drain|[of] p2a: Tyranitar
|-heal|p1a: Seed Bomb|82/100|[from] item: Shell Bell|[of] p2a: Tyranitar
|move|p2a: Tyranitar|Brick Break|p1a: Seed Bomb
|-sideend|p1: p1|Reflect
|-damage|p1a: Seed Bomb|30/100
|
|-weather|Sandstorm|[upkeep]
|-damage|p1a: Seed Bomb|23/100|[from] Sandstorm
|turn|4
|
|move|p1a: Seed Bomb|Chloroblast|p2a: Tyranitar
|-supereffective|p2a: Tyranitar
|-damage|p2a: Tyranitar|36/100
|-damage|p1a: Seed Bomb|0 fnt|[from] chloroblast
|faint|p1a: Seed Bomb
|move|p2a: Tyranitar|Stone Edge|p1: Seed Bomb|[notarget]
|-fail|p2a: Tyranitar
|
|-weather|Sandstorm|[upkeep]
|
|switch|p1a: 2n🥛FX:The Pokémon|Sneasler, M|100/100
|-item|p1a: 2n🥛FX:The Pokémon|Air Balloon
|turn|5
|
|switch|p2a: Slowbro|Slowbro-Galar, M|100/100
|move|p1a: 2n🥛FX:The Pokémon|Close Combat|p2a: Slowbro
|-resisted|p2a: Slowbro
|-damage|p2a: Slowbro|86/100
|-unboost|p1a: 2n🥛FX:The Pokémon|def|1
|-unboost|p1a: 2n🥛FX:The Pokémon|spd|1
|
|-weather|Sandstorm|[upkeep]
|-damage|p1a: 2n🥛FX:The Pokémon|95/100|[from] Sandstorm
|-damage|p2a: Slowbro|79/100|[from] Sandstorm
|turn|6
|
|switch|p1a: Serene Singer|Meloetta|100/100
|-terastallize|p2a: Slowbro|Ground
|move|p2a: Slowbro|Power Gem|p1a: Serene Singer
|-damage|p1a: Serene Singer|77/100
|
|-weather|Sandstorm|[upkeep]
|-damage|p1a: Serene Singer|71/100|[from] Sandstorm
|turn|7
|-activate|p2a: Slowbro|ability: Quick Draw
|
|move|p2a: Slowbro|Ice Beam|p1a: Serene Singer
|-damage|p1a: Serene Singer|43/100
|move|p1a: Serene Singer|Relic Song|p2a: Slowbro
|-damage|p2a: Slowbro|38/100
|-formechange|p1a: Serene Singer|Meloetta-Pirouette|[msg]
|
|-weather|Sandstorm|[upkeep]
|-damage|p1a: Serene Singer|37/100|[from] Sandstorm
|turn|8
|
|move|p1a: Serene Singer|Shadow Claw|p2a: Slowbro
|-damage|p2a: Slowbro|17/100
|move|p2a: Slowbro|Sludge Bomb|p1a: Serene Singer
|-damage|p1a: Serene Singer|0 fnt
|faint|p1a: Serene Singer
|
|-weather|Sandstorm|[upkeep]
|
|switch|p1a: Happy Lad|Basculegion, M, shiny|100/100
|turn|9
|
|move|p1a: Happy Lad|Agility|p1a: Happy Lad
|-boost|p1a: Happy Lad|spe|2
|move|p2a: Slowbro|Sludge Bomb|p1a: Happy Lad
|-resisted|p1a: Happy Lad
|-damage|p1a: Happy Lad|76/100
|-status|p1a: Happy Lad|psn
|
|-weather|none
|-damage|p1a: Happy Lad|63/100 psn|[from] psn
|turn|10
|-activate|p2a: Slowbro|item: Quick Claw
|
|move|p2a: Slowbro|Sludge Bomb|p1a: Happy Lad
|-resisted|p1a: Happy Lad
|-damage|p1a: Happy Lad|38/100 psn
|move|p1a: Happy Lad|Facade|p2a: Slowbro
|-damage|p2a: Slowbro|0 fnt
|faint|p2a: Slowbro
|
|-damage|p1a: Happy Lad|26/100 psn|[from] psn
|
|switch|p2a: Tyranitar|Tyranitar, F|36/100
|-weather|Sandstorm|[from] ability: Sand Stream|[of] p2a: Tyranitar
|turn|11
|
|move|p1a: Happy Lad|Wave Crash|p2a: Tyranitar
|-supereffective|p2a: Tyranitar
|-damage|p2a: Tyranitar|0 fnt
|faint|p2a: Tyranitar
|-damage|p1a: Happy Lad|13/100 psn|[from] Recoil
|-enditem|p1a: Happy Lad|Aguav Berry|[eat]
|-heal|p1a: Happy Lad|46/100 psn|[from] item: Aguav Berry
|
|-weather|Sandstorm|[upkeep]
|-damage|p1a: Happy Lad|40/100 psn|[from] Sandstorm
|-damage|p1a: Happy Lad|28/100 psn|[from] psn
|
|switch|p2a: Iron Treads|Iron Treads|100/100
|-enditem|p2a: Iron Treads|Booster Energy
|-activate|p2a: Iron Treads|ability: Quark Drive|[fromitem]
|-start|p2a: Iron Treads|quarkdriveatk
|turn|12
|
|move|p1a: Happy Lad|Wave Crash|p2a: Iron Treads
|-supereffective|p2a: Iron Treads
|-damage|p2a: Iron Treads|0 fnt
|faint|p2a: Iron Treads
|-end|p2a: Iron Treads|Quark Drive|[silent]
|-damage|p1a: Happy Lad|0 fnt|[from] Recoil
|faint|p1a: Happy Lad
|
|-weather|Sandstorm|[upkeep]
|
|switch|p2a: Dugtrio|Dugtrio-Alola, M|100/100
|switch|p1a: 2n🥛FX:The Pokémon|Sneasler, M|95/100
|-item|p1a: 2n🥛FX:The Pokémon|Air Balloon
|turn|13
|
|move|p1a: 2n🥛FX:The Pokémon|Close Combat|p2a: Dugtrio
|-supereffective|p2a: Dugtrio
|-damage|p2a: Dugtrio|0 fnt
|-unboost|p1a: 2n🥛FX:The Pokémon|def|1
|-unboost|p1a: 2n🥛FX:The Pokémon|spd|1
|faint|p2a: Dugtrio
|
|-weather|Sandstorm|[upkeep]
|-damage|p1a: 2n🥛FX:The Pokémon|89/100|[from] Sandstorm
|
|switch|p2a: Hippowdon|Hippowdon, M|100/100
|turn|14
|
|move|p1a: 2n🥛FX:The Pokémon|Dire Claw|p2a: Hippowdon
|-resisted|p2a: Hippowdon
|-damage|p2a: Hippowdon|85/100
|move|p2a: Hippowdon|Fire Fang|p1a: 2n🥛FX:The Pokémon
|-damage|p1a: 2n🥛FX:The Pokémon|44/100
|-enditem|p1a: 2n🥛FX:The Pokémon|Air Balloon
|
|-weather|Sandstorm|[upkeep]
|-damage|p1a: 2n🥛FX:The Pokémon|38/100|[from] Sandstorm
|turn|15
|
|move|p1a: 2n🥛FX:The Pokémon|Dire Claw|p2a: Hippowdon
|-resisted|p2a: Hippowdon
|-damage|p2a: Hippowdon|71/100
|-status|p2a: Hippowdon|psn|[from] ability: Poison Touch|[of] p1a: 2n🥛FX:The Pokémon
|move|p2a: Hippowdon|Earthquake|p1a: 2n🥛FX:The Pokémon
|-supereffective|p1a: 2n🥛FX:The Pokémon
|-damage|p1a: 2n🥛FX:The Pokémon|0 fnt
|faint|p1a: 2n🥛FX:The Pokémon
|
|-weather|none
|-damage|p2a: Hippowdon|58/100 psn|[from] psn
|
|switch|p1a: Decidueye|Decidueye-Hisui, F|100/100
|turn|16
|
|move|p1a: Decidueye|Triple Arrows|p2a: Hippowdon
|-damage|p2a: Hippowdon|27/100 psn
|-unboost|p2a: Hippowdon|def|1
|move|p2a: Hippowdon|Fire Fang|p1a: Decidueye
|-supereffective|p1a: Decidueye
|-damage|p1a: Decidueye|65/100
|
|-damage|p2a: Hippowdon|14/100 psn|[from] psn
|turn|17
|
|move|p1a: Decidueye|Knock Off|p2a: Hippowdon
|-damage|p2a: Hippowdon|0 fnt
|-enditem|p2a: Hippowdon|Smooth Rock|[from] move: Knock Off|[of] p1a: Decidueye
|faint|p2a: Hippowdon
|
|win|p1
