|poke|p1|Enamorus, F|
|poke|p1|Magearna|
|poke|p1|Mew|
|poke|p1|Chien-Pao|
|poke|p1|Skeledirge, F|
|poke|p1|Thundurus-Therian, M|
|poke|p2|Enamorus, F|
|poke|p2|Zamazenta-*|
|poke|p2|Azumarill, M|
|poke|p2|Glimmora, M|
|poke|p2|Dragapult, F|
|poke|p2|Kingambit, F|
|teampreview
|
|start
|switch|p1a: Mew|Mew|100/100
|switch|p2a: Glimmora|Glimmora, M|100/100
|turn|1
|
|switch|p2a: Kingambit|Kingambit, F|100/100
|move|p1a: Mew|Taunt|p2a: Kingambit
|-start|p2a: Kingambit|move: Taunt
|
|turn|2
|
|move|p1a: Mew|Stealth Rock|p2a: Kingambit
|-sidestart|p2: p2|move: Stealth Rock
|move|p2a: Kingambit|Iron Head|p1a: Mew
|-damage|p1a: Mew|55/100
|
|turn|3
|
|move|p1a: Mew|Spikes|p2a: Kingambit
|-sidestart|p2: p2|Spikes
|move|p2a: Kingambit|Kowtow Cleave|p1a: Mew
|-supereffective|p1a: Mew
|-damage|p1a: Mew|0 fnt
|faint|p1a: Mew
|
|-end|p2a: Kingambit|move: Taunt
|
|switch|p1a: Chien-Pao|Chien-Pao|100/100
|-ability|p1a: Chien-Pao|Sword of Ruin
|turn|4
|
|move|p1a: Chien-Pao|Sacred Sword|p2a: Kingambit
|-supereffective|p2a: Kingambit
|-damage|p2a: Kingambit|0 fnt
|faint|p2a: Kingambit
|-end|p2a: Kingambit|fallenundefined|[silent]
|
|
|switch|p2a: Zamazenta|Zamazenta|100/100
|-damage|p2a: Zamazenta|94/100|[from] Stealth Rock
|-damage|p2a: Zamazenta|82/100|[from] Spikes
|-ability|p2a: Zamazenta|Dauntless Shield|boost
|-boost|p2a: Zamazenta|def|1
|turn|5
|
|switch|p1a: Enamorus|Enamorus, F|100/100
|move|p2a: Zamazenta|Stone Edge|p1a: Enamorus
|-supereffective|p1a: Enamorus
|-damage|p1a: Enamorus|0 fnt
|faint|p1a: Enamorus
|
|
|switch|p1a: Magearna|Magearna|100/100
|turn|6
|
|-terastallize|p2a: Zamazenta|Fighting
|move|p2a: Zamazenta|Close Combat|p1a: Magearna
|-crit|p1a: Magearna
|-damage|p1a: Magearna|33/100
|-unboost|p2a: Zamazenta|def|1
|-unboost|p2a: Zamazenta|spd|1
|move|p1a: Magearna|Calm Mind|p1a: Magearna
|-boost|p1a: Magearna|spa|1
|-boost|p1a: Magearna|spd|1
|
|-heal|p1a: Magearna|39/100|[from] item: Leftovers
|turn|7
|
|move|p2a: Zamazenta|Close Combat|p1a: Magearna
|-damage|p1a: Magearna|0 fnt
|-unboost|p2a: Zamazenta|def|1
|-unboost|p2a: Zamazenta|spd|1
|faint|p1a: Magearna
|
|
|switch|p1a: Thundurus|Thundurus-Therian, M|100/100
|turn|8
|
|move|p2a: Zamazenta|Stone Edge|p1a: Thundurus
|-supereffective|p1a: Thundurus
|-damage|p1a: Thundurus|0 fnt
|faint|p1a: Thundurus
|
|
|switch|p1a: Chien-Pao|Chien-Pao|100/100
|-ability|p1a: Chien-Pao|Sword of Ruin
|turn|9
|
|move|p2a: Zamazenta|Close Combat|p1a: Chien-Pao
|-supereffective|p1a: Chien-Pao
|-damage|p1a: Chien-Pao|0 fnt
|-unboost|p2a: Zamazenta|def|1
|-unboost|p2a: Zamazenta|spd|1
|faint|p1a: Chien-Pao
|
|-message|p1 forfeited.
|
|win|p2
