|poke|p1|Enamorus-Therian, F|
|poke|p1|Gholdengo|
|poke|p1|Sneasler, F|
|poke|p1|Zamazenta-*|
|poke|p1|Dragapult, M|
|poke|p1|Garchomp, F|
|poke|p2|Pelipper, M|
|poke|p2|Rotom-Wash|
|poke|p2|Barraskewda, M|
|poke|p2|Garchomp, F|
|poke|p2|Gholdengo|
|poke|p2|Quaquaval, M|
|teampreview
|
|start
|switch|p1a: Sleonard H.|Sneasler, F|100/100
|switch|p2a: Garchomp|Garchomp, F|100/100
|-item|p1a: Sleonard H.|Air Balloon
|turn|1
|
|switch|p1a: Shelldon Cooper|Enamorus-Therian, F|100/100
|move|p2a: Garchomp|Dragon Tail|p1a: Shelldon Cooper
|-immune|p1a: Shelldon Cooper
|
|turn|2
|
|switch|p2a: Gholdengo|Gholdengo|100/100
|move|p1a: Shelldon Cooper|Tailwind|p1a: Shelldon Cooper
|-sidestart|p1: p1|move: Tailwind
|
|turn|3
|
|move|p1a: Shelldon Cooper|Mystical Fire|p2a: Gholdengo
|-supereffective|p2a: Gholdengo
|-damage|p2a: Gholdengo|37/100
|-damage|p1a: Shelldon Cooper|91/100|[from] item: Life Orb
|move|p2a: Gholdengo|Thunder Wave|p1a: Shelldon Cooper
|-status|p1a: Shelldon Cooper|par
|
|turn|4
|
|switch|p2a: Pelipper|Pelipper, M|100/100
|-weather|RainDance|[from] ability: Drizzle|[of] p2a: Pelipper
|cant|p1a: Shelldon Cooper|par
|
|-weather|RainDance|[upkeep]
|turn|5
|
|switch|p1a: Draj Koothra|Dragapult, M|100/100
|move|p2a: Pelipper|U-turn|p1a: Draj Koothra
|-resisted|p1a: Draj Koothra
|-crit|p1a: Draj Koothra
|-damage|p1a: Draj Koothra|94/100
|-start|p2a: Pelipper|Disable|U-turn|[from] ability: Cursed Body|[of] p1a: Draj Koothra
|
|switch|p2a: Quaquaval|Quaquaval, M|100/100|[from] U-turn
|
|-weather|RainDance|[upkeep]
|-sideend|p1: p1|move: Tailwind
|turn|6
|
|-terastallize|p1a: Draj Koothra|Steel
|move|p1a: Draj Koothra|Will-O-Wisp|p2a: Quaquaval
|-status|p2a: Quaquaval|brn
|move|p2a: Quaquaval|Aqua Step|p1a: Draj Koothra
|-damage|p1a: Draj Koothra|60/100
|-boost|p2a: Quaquaval|spe|1
|-start|p2a: Quaquaval|Disable|Aqua Step|[from] ability: Cursed Body|[of] p1a: Draj Koothra
|
|-weather|RainDance|[upkeep]
|-damage|p2a: Quaquaval|94/100 brn|[from] brn
|turn|7
|
|switch|p1a: Shelldon Cooper|Enamorus-Therian, F|91/100 par
|move|p2a: Quaquaval|Close Combat|p1a: Shelldon Cooper
|-resisted|p1a: Shelldon Cooper
|-damage|p1a: Shelldon Cooper|84/100 par
|-unboost|p2a: Quaquaval|def|1
|-unboost|p2a: Quaquaval|spd|1
|
|-weather|RainDance|[upkeep]
|-damage|p2a: Quaquaval|88/100 brn|[from] brn
|turn|8
|
|move|p2a: Quaquaval|Ice Spinner|p1a: Shelldon Cooper
|-supereffective|p1a: Shelldon Cooper
|-damage|p1a: Shelldon Cooper|53/100 par
|cant|p1a: Shelldon Cooper|par
|
|-weather|RainDance|[upkeep]
|-damage|p2a: Quaquaval|82/100 brn|[from] brn
|turn|9
|
|move|p2a: Quaquaval|Ice Spinner|p1a: Shelldon Cooper
|-supereffective|p1a: Shelldon Cooper
|-damage|p1a: Shelldon Cooper|26/100 par
|move|p1a: Shelldon Cooper|Moonblast|p2a: Quaquaval
|-supereffective|p2a: Quaquaval
|-damage|p2a: Quaquaval|0 fnt
|faint|p2a: Quaquaval
|-damage|p1a: Shelldon Cooper|16/100 par|[from] item: Life Orb
|
|-weather|RainDance|[upkeep]
|
|switch|p2a: Gholdengo|Gholdengo|37/100
|turn|10
|
|move|p2a: Gholdengo|Recover|p2a: Gholdengo
|-heal|p2a: Gholdengo|87/100
|move|p1a: Shelldon Cooper|Mystical Fire|p2a: Gholdengo
|-supereffective|p2a: Gholdengo
|-damage|p2a: Gholdengo|55/100
|-damage|p1a: Shelldon Cooper|7/100 par|[from] item: Life Orb
|
|-weather|RainDance|[upkeep]
|turn|11
|
|move|p2a: Gholdengo|Hex|p1a: Shelldon Cooper
|-damage|p1a: Shelldon Cooper|0 fnt
|faint|p1a: Shelldon Cooper
|
|-weather|none
|
|switch|p1a: Hazard Wolowitz|Garchomp, F|100/100
|turn|12
|
|switch|p2a: Pelipper|Pelipper, M|100/100
|-weather|RainDance|[from] ability: Drizzle|[of] p2a: Pelipper
|move|p1a: Hazard Wolowitz|Spikes|p2a: Pelipper
|-sidestart|p2: p2|Spikes
|
|-weather|RainDance|[upkeep]
|turn|13
|
|move|p2a: Pelipper|Hydro Pump|p1a: Hazard Wolowitz
|-damage|p1a: Hazard Wolowitz|38/100
|move|p1a: Hazard Wolowitz|Dragon Tail|p2a: Pelipper
|-damage|p2a: Pelipper|73/100
|drag|p2a: Gholdengo|Gholdengo|55/100
|-damage|p2a: Gholdengo|43/100|[from] Spikes
|
|-weather|RainDance|[upkeep]
|turn|14
|
|switch|p2a: Pelipper|Pelipper, M|73/100
|move|p1a: Hazard Wolowitz|Earthquake|p2a: Pelipper
|-immune|p2a: Pelipper
|
|-weather|RainDance|[upkeep]
|turn|15
|
|switch|p1a: Penny|Gholdengo|100/100
|move|p2a: Pelipper|Hydro Pump|p1a: Penny
|-damage|p1a: Penny|22/100
|
|-weather|RainDance|[upkeep]
|turn|16
|
|switch|p2a: Rotom|Rotom-Wash|100/100
|move|p1a: Penny|Recover|p1a: Penny
|-heal|p1a: Penny|72/100
|
|-weather|RainDance|[upkeep]
|turn|17
|
|move|p1a: Penny|Shadow Ball|p2a: Rotom
|-damage|p2a: Rotom|59/100
|move|p2a: Rotom|Hydro Pump|p1a: Penny
|-damage|p1a: Penny|0 fnt
|faint|p1a: Penny
|
|-weather|RainDance|[upkeep]
|-heal|p2a: Rotom|65/100|[from] item: Leftovers
|
|switch|p1a: Sleonard H.|Sneasler, F|100/100
|-item|p1a: Sleonard H.|Air Balloon
|turn|18
|
|move|p1a: Sleonard H.|Dire Claw|p2a: Rotom
|-damage|p2a: Rotom|18/100
|-status|p2a: Rotom|psn
|move|p2a: Rotom|Will-O-Wisp|p1a: Sleonard H.|[miss]
|-miss|p2a: Rotom|p1a: Sleonard H.
|
|-weather|RainDance|[upkeep]
|-heal|p2a: Rotom|24/100 psn|[from] item: Leftovers
|-damage|p2a: Rotom|12/100 psn|[from] psn
|turn|19
|
|move|p1a: Sleonard H.|Swords Dance|p1a: Sleonard H.
|-boost|p1a: Sleonard H.|atk|2
|move|p2a: Rotom|Will-O-Wisp|p1a: Sleonard H.
|-status|p1a: Sleonard H.|brn
|
|-weather|none
|-heal|p2a: Rotom|18/100 psn|[from] item: Leftovers
|-damage|p2a: Rotom|5/100 psn|[from] psn
|-damage|p1a: Sleonard H.|95/100 brn|[from] brn
|turn|20
|
|move|p1a: Sleonard H.|Swords Dance|p1a: Sleonard H.
|-boost|p1a: Sleonard H.|atk|2
|move|p2a: Rotom|Volt Switch|p1a: Sleonard H.
|-damage|p1a: Sleonard H.|54/100 brn
|-enditem|p1a: Sleonard H.|Air Balloon
|
|switch|p2a: Pelipper|Pelipper, M|73/100|[from] Volt Switch
|-weather|RainDance|[from] ability: Drizzle|[of] p2a: Pelipper
|
|-weather|RainDance|[upkeep]
|-damage|p1a: Sleonard H.|48/100 brn|[from] brn
|turn|21
|
|switch|p2a: Rotom|Rotom-Wash|5/100 psn
|move|p1a: Sleonard H.|Dire Claw|p2a: Rotom
|-damage|p2a: Rotom|0 fnt
|faint|p2a: Rotom
|
|-weather|RainDance|[upkeep]
|-damage|p1a: Sleonard H.|42/100 brn|[from] brn
|
|switch|p2a: Barraskewda|Barraskewda, M|100/100
|-damage|p2a: Barraskewda|88/100|[from] Spikes
|turn|22
|
|move|p2a: Barraskewda|Liquidation|p1a: Sleonard H.
|-damage|p1a: Sleonard H.|0 fnt
|faint|p1a: Sleonard H.
|
|-weather|RainDance|[upkeep]
|
|switch|p1a: Zamy Howler|Zamazenta|100/100
|-ability|p1a: Zamy Howler|Dauntless Shield|boost
|-boost|p1a: Zamy Howler|def|1
|turn|23
|
|switch|p2a: Garchomp|Garchomp, F|100/100
|-damage|p2a: Garchomp|88/100|[from] Spikes
|move|p1a: Zamy Howler|Body Press|p2a: Garchomp
|-damage|p2a: Garchomp|54/100
|-damage|p1a: Zamy Howler|88/100|[from] ability: Rough Skin|[of] p2a: Garchomp
|-damage|p1a: Zamy Howler|72/100|[from] item: Rocky Helmet|[of] p2a: Garchomp
|
|-weather|RainDance|[upkeep]
|-heal|p1a: Zamy Howler|78/100|[from] item: Leftovers
|turn|24
|
|move|p1a: Zamy Howler|Iron Defense|p1a: Zamy Howler
|-boost|p1a: Zamy Howler|def|2
|move|p2a: Garchomp|Dragon Tail|p1a: Zamy Howler
|-damage|p1a: Zamy Howler|69/100
|drag|p1a: Hazard Wolowitz|Garchomp, F|38/100
|
|-weather|RainDance|[upkeep]
|turn|25
|
|move|p1a: Hazard Wolowitz|Stealth Rock|p2a: Garchomp
|-sidestart|p2: p2|move: Stealth Rock
|move|p2a: Garchomp|Dragon Tail|p1a: Hazard Wolowitz
|-supereffective|p1a: Hazard Wolowitz
|-damage|p1a: Hazard Wolowitz|0 fnt
|-damage|p2a: Garchomp|42/100|[from] ability: Rough Skin|[of] p1a: Hazard Wolowitz
|-damage|p2a: Garchomp|25/100|[from] item: Rocky Helmet|[of] p1a: Hazard Wolowitz
|faint|p1a: Hazard Wolowitz
|
|-weather|RainDance|[upkeep]
|
|switch|p1a: Draj Koothra|Dragapult, M, tera:Steel|60/100
|turn|26
|
|move|p1a: Draj Koothra|Will-O-Wisp|p2a: Garchomp
|-status|p2a: Garchomp|brn
|move|p2a: Garchomp|Earthquake|p1a: Draj Koothra
|-supereffective|p1a: Draj Koothra
|-damage|p1a: Draj Koothra|8/100
|
|-weather|RainDance|[upkeep]
|-damage|p2a: Garchomp|19/100 brn|[from] brn
|turn|27
|
|move|p1a: Draj Koothra|Reflect|p1a: Draj Koothra
|-sidestart|p1: p1|Reflect
|move|p2a: Garchomp|Earthquake|p1a: Draj Koothra
|-supereffective|p1a: Draj Koothra
|-damage|p1a: Draj Koothra|0 fnt
|faint|p1a: Draj Koothra
|
|-weather|none
|-damage|p2a: Garchomp|13/100 brn|[from] brn
|
|switch|p1a: Zamy Howler|Zamazenta|69/100
|turn|28
|
|switch|p2a: Pelipper|Pelipper, M|73/100
|-damage|p2a: Pelipper|48/100|[from] Stealth Rock
|-weather|RainDance|[from] ability: Drizzle|[of] p2a: Pelipper
|move|p1a: Zamy Howler|Iron Defense|p1a: Zamy Howler
|-boost|p1a: Zamy Howler|def|2
|
|-weather|RainDance|[upkeep]
|-heal|p1a: Zamy Howler|75/100|[from] item: Leftovers
|turn|29
|
|move|p1a: Zamy Howler|Body Press|p2a: Pelipper
|-resisted|p2a: Pelipper
|-damage|p2a: Pelipper|19/100
|move|p2a: Pelipper|Hurricane|p1a: Zamy Howler
|-supereffective|p1a: Zamy Howler
|-damage|p1a: Zamy Howler|11/100
|
|-weather|RainDance|[upkeep]
|-heal|p1a: Zamy Howler|18/100|[from] item: Leftovers
|turn|30
|
|move|p1a: Zamy Howler|Body Press|p2a: Pelipper
|-resisted|p2a: Pelipper
|-damage|p2a: Pelipper|0 fnt
|faint|p2a: Pelipper
|
|-weather|RainDance|[upkeep]
|-heal|p1a: Zamy Howler|24/100|[from] item: Leftovers
|
|switch|p2a: Garchomp|Garchomp, F|13/100 brn
|-damage|p2a: Garchomp|0 fnt|[from] Spikes
|faint|p2a: Garchomp
|
|switch|p2a: Gholdengo|Gholdengo|43/100
|-damage|p2a: Gholdengo|30/100|[from] Spikes
|-damage|p2a: Gholdengo|24/100|[from] Stealth Rock
|turn|31
|
|move|p1a: Zamy Howler|Crunch|p2a: Gholdengo
|-supereffective|p2a: Gholdengo
|-damage|p2a: Gholdengo|0 fnt
|faint|p2a: Gholdengo
|
|-weather|RainDance|[upkeep]
|-heal|p1a: Zamy Howler|30/100|[from] item: Leftovers
|
|switch|p2a: Barraskewda|Barraskewda, M|88/100
|-damage|p2a: Barraskewda|76/100|[from] Spikes
|-damage|p2a: Barraskewda|64/100|[from] Stealth Rock
|turn|32
|
|-terastallize|p2a: Barraskewda|Water
|move|p2a: Barraskewda|Liquidation|p1a: Zamy Howler
|-damage|p1a: Zamy Howler|3/100
|move|p1a: Zamy Howler|Body Press|p2a: Barraskewda
|-crit|p2a: Barraskewda
|-damage|p2a: Barraskewda|0 fnt
|faint|p2a: Barraskewda
|
|win|p1
