|poke|p1|Thundurus-Therian, M|
|poke|p1|Lilligant-Hisui, F|
|poke|p1|Slowking, F|
|poke|p1|Breloom, M|
|poke|p1|Arcanine-Hisui, F|
|poke|p1|Pawmot, M|
|poke|p2|Masquerain, F|
|poke|p2|Gholdengo|
|poke|p2|Iron Valiant|
|poke|p2|Kingambit, M|
|poke|p2|Iron Treads|
|poke|p2|Ceruledge, F|
|teampreview
|
|start
|switch|p1a: Pawmot|Pawmot, M, shiny|100/100
|switch|p2a: Masquerain|Masquerain, F|100/100
|-ability|p2a: Masquerain|Intimidate|boost
|-unboost|p1a: Pawmot|atk|1
|turn|1
|
|switch|p2a: Gholdengo|Gholdengo|100/100
|move|p1a: Pawmot|Fake Out|p2a: Gholdengo
|-immune|p2a: Gholdengo
|
|turn|2
|
|move|p2a: Gholdengo|Shadow Ball|p1a: Pawmot
|-crit|p1a: Pawmot
|-damage|p1a: Pawmot|0 fnt
|faint|p1a: Pawmot
|
|
|switch|p1a: Arcanine|Arcanine-Hisui, F|100/100
|turn|3
|
|switch|p2a: Ceruledge|Ceruledge, F|100/100
|move|p1a: Arcanine|Head Smash|p2a: Ceruledge
|-supereffective|p2a: Ceruledge
|-damage|p2a: Ceruledge|0 fnt
|faint|p2a: Ceruledge
|
|
|switch|p2a: Masquerain|Masquerain, F|100/100
|-ability|p2a: Masquerain|Intimidate|boost
|-unboost|p1a: Arcanine|atk|1
|turn|4
|
|switch|p1a: Slowking|Slowking, F|100/100
|move|p2a: Masquerain|Sticky Web|p1a: Slowking
|-sidestart|p1: p1|move: Sticky Web
|
|turn|5
|
|move|p2a: Masquerain|Stun Spore|p1a: Slowking
|-status|p1a: Slowking|par
|move|p1a: Slowking|Surf|p2a: Masquerain
|-damage|p2a: Masquerain|54/100
|
|turn|6
|
|move|p2a: Masquerain|Air Slash|p1a: Slowking|[miss]
|-miss|p2a: Masquerain|p1a: Slowking
|move|p1a: Slowking|Chilly Reception|p1a: Slowking
|-weather|Snow
|
|switch|p1a: Lilligant|Lilligant-Hisui, F|100/100|[from] Chilly Reception
|
|-weather|Snow|[upkeep]
|turn|7
|
|move|p1a: Lilligant|Defog|p2a: Masquerain
|-unboost|p2a: Masquerain|evasion|1
|-sideend|p1: p1|Sticky Web|[from] move: Defog|[of] p1a: Lilligant
|move|p2a: Masquerain|Air Slash|p1a: Lilligant
|-supereffective|p1a: Lilligant
|-damage|p1a: Lilligant|0 fnt
|faint|p1a: Lilligant
|
|-weather|Snow|[upkeep]
|
|switch|p1a: Arcanine|Arcanine-Hisui, F|100/100
|turn|8
|
|move|p1a: Arcanine|Flare Blitz|p2a: Masquerain
|-supereffective|p2a: Masquerain
|-damage|p2a: Masquerain|0 fnt
|faint|p2a: Masquerain
|
|-weather|Snow|[upkeep]
|
|switch|p2a: Iron Valiant|Iron Valiant|100/100
|-enditem|p2a: Iron Valiant|Booster Energy
|-activate|p2a: Iron Valiant|ability: Quark Drive|[fromitem]
|-start|p2a: Iron Valiant|quarkdrivespe
|turn|9
|
|switch|p1a: Slowking|Slowking, F|100/100 par
|move|p2a: Iron Valiant|Calm Mind|p2a: Iron Valiant
|-boost|p2a: Iron Valiant|spa|1
|-boost|p2a: Iron Valiant|spd|1
|
|-weather|Snow|[upkeep]
|turn|10
|
|move|p2a: Iron Valiant|Moonblast|p1a: Slowking
|-damage|p1a: Slowking|48/100 par
|move|p1a: Slowking|Future Sight|p2a: Iron Valiant
|-start|p1a: Slowking|move: Future Sight
|
|-weather|none
|-heal|p1a: Slowking|54/100 par|[from] item: Leftovers
|turn|11
|
|move|p2a: Iron Valiant|Calm Mind|p2a: Iron Valiant
|-boost|p2a: Iron Valiant|spa|1
|-boost|p2a: Iron Valiant|spd|1
|move|p1a: Slowking|Surf|p2a: Iron Valiant
|-damage|p2a: Iron Valiant|72/100
|
|-heal|p1a: Slowking|60/100 par|[from] item: Leftovers
|turn|12
|
|move|p2a: Iron Valiant|Moonblast|p1a: Slowking
|-damage|p1a: Slowking|0 fnt
|faint|p1a: Slowking
|
|-end|p2a: Iron Valiant|move: Future Sight
|-supereffective|p2a: Iron Valiant
|-damage|p2a: Iron Valiant|0 fnt
|faint|p2a: Iron Valiant
|-end|p2a: Iron Valiant|Quark Drive|[silent]
|
|switch|p2a: Gholdengo|Gholdengo|100/100
|switch|p1a: Arcanine|Arcanine-Hisui, F|100/100
|turn|13
|
|-terastallize|p1a: Arcanine|Fire
|move|p1a: Arcanine|Flare Blitz|p2a: Gholdengo
|-supereffective|p2a: Gholdengo
|-damage|p2a: Gholdengo|0 fnt
|faint|p2a: Gholdengo
|
|
|switch|p2a: Iron Treads|Iron Treads|100/100
|turn|14
|
|-terastallize|p2a: Iron Treads|Flying
|move|p1a: Arcanine|Flare Blitz|p2a: Iron Treads
|-damage|p2a: Iron Treads|34/100
|-status|p2a: Iron Treads|brn
|move|p2a: Iron Treads|Rapid Spin|p1a: Arcanine
|-damage|p1a: Arcanine|91/100
|-boost|p2a: Iron Treads|spe|1
|
|-heal|p2a: Iron Treads|40/100 brn|[from] item: Leftovers
|-damage|p2a: Iron Treads|34/100 brn|[from] brn
|turn|15
|-message|p2 forfeited.
|
|win|p1
