|poke|p1|Arcanine-Hisui, F|
|poke|p1|Meowscarada, F|
|poke|p1|Iron Treads|
|poke|p1|Sneasler, F|
|poke|p1|Typhlosion-Hisui, M|
|poke|p1|Amoonguss, F|
|poke|p2|Glimmora, M|
|poke|p2|Rotom-Wash|
|poke|p2|Sneasler, F|
|poke|p2|Typhlosion-Hisui, F|
|poke|p2|Dragapult, F|
|poke|p2|Toedscruel, M|
|teampreview
|
|start
|switch|p1a: Meowscarada|Meowscarada, F|100/100
|switch|p2a: Glimmora|Glimmora, M|100/100
|turn|1
|
|move|p1a: Meowscarada|U-turn|p2a: Glimmora
|-start|p1a: Meowscarada|typechange|Bug|[from] ability: Protean
|-resisted|p2a: Glimmora
|-damage|p2a: Glimmora|82/100
|-activate|p2a: Glimmora|ability: Toxic Debris
|-sidestart|p1: p1|move: Toxic Spikes
|
|switch|p1a: Sneasler|Sneasler, F|100/100|[from] U-turn
|-item|p1a: Sneasler|Air Balloon
|move|p2a: Glimmora|Mortal Spin|p1a: Sneasler
|-resisted|p1a: Sneasler
|-damage|p1a: Sneasler|95/100
|-enditem|p1a: Sneasler|Air Balloon
|
|turn|2
|
|move|p1a: Sneasler|Swords Dance|p1a: Sneasler
|-boost|p1a: Sneasler|atk|2
|move|p2a: Glimmora|Earth Power|p1a: Sneasler
|-supereffective|p1a: Sneasler
|-damage|p1a: Sneasler|16/100
|
|turn|3
|
|move|p1a: Sneasler|Close Combat|p2a: Glimmora
|-damage|p2a: Glimmora|0 fnt
|-unboost|p1a: Sneasler|def|1
|-unboost|p1a: Sneasler|spd|1
|-activate|p2a: Glimmora|ability: Toxic Debris
|-sidestart|p1: p1|move: Toxic Spikes
|faint|p2a: Glimmora
|
|
|switch|p2a: Toedscruel|Toedscruel, M|100/100
|turn|4
|
|move|p1a: Sneasler|Acrobatics|p2a: Toedscruel
|-supereffective|p2a: Toedscruel
|-enditem|p2a: Toedscruel|Focus Sash
|-damage|p2a: Toedscruel|1/100
|move|p2a: Toedscruel|Earth Power|p1a: Sneasler
|-supereffective|p1a: Sneasler
|-damage|p1a: Sneasler|0 fnt
|faint|p1a: Sneasler
|
|
|switch|p1a: Amoonguss|Amoonguss, F|100/100
|-sideend|p1: p1|move: Toxic Spikes|[of] p1a: Amoonguss
|turn|5
|
|switch|p2a: Rotom|Rotom-Wash|100/100
|move|p1a: Amoonguss|Giga Drain|p2a: Rotom
|-supereffective|p2a: Rotom
|-damage|p2a: Rotom|50/100
|
|-heal|p2a: Rotom|57/100|[from] item: Leftovers
|turn|6
|
|move|p2a: Rotom|Protect|p2a: Rotom
|-singleturn|p2a: Rotom|Protect
|move|p1a: Amoonguss|Spore|p2a: Rotom
|-activate|p2a: Rotom|move: Protect
|
|-heal|p2a: Rotom|63/100|[from] item: Leftovers
|turn|7
|
|move|p2a: Rotom|Thunder Wave|p1a: Amoonguss
|-status|p1a: Amoonguss|par
|move|p1a: Amoonguss|Giga Drain|p2a: Rotom
|-supereffective|p2a: Rotom
|-damage|p2a: Rotom|12/100
|
|-heal|p2a: Rotom|18/100|[from] item: Leftovers
|turn|8
|
|move|p2a: Rotom|Volt Switch|p1a: Amoonguss
|-resisted|p1a: Amoonguss
|-damage|p1a: Amoonguss|90/100 par
|
|switch|p2a: Toedscruel|Toedscruel, M|1/100|[from] Volt Switch
|move|p1a: Amoonguss|Spore|p2a: Toedscruel
|-immune|p2a: Toedscruel
|
|-heal|p1a: Amoonguss|96/100 par|[from] item: Black Sludge
|turn|9
|
|move|p2a: Toedscruel|Earth Power|p1a: Amoonguss
|-damage|p1a: Amoonguss|63/100 par
|-unboost|p1a: Amoonguss|spd|1
|cant|p1a: Amoonguss|par
|
|-heal|p1a: Amoonguss|69/100 par|[from] item: Black Sludge
|turn|10
|
|move|p2a: Toedscruel|Earth Power|p1a: Amoonguss
|-damage|p1a: Amoonguss|22/100 par
|move|p1a: Amoonguss|Giga Drain|p2a: Toedscruel
|-damage|p2a: Toedscruel|0 fnt
|-heal|p1a: Amoonguss|22/100 par|[from] drain|[of] p2a: Toedscruel
|faint|p2a: Toedscruel
|
|-heal|p1a: Amoonguss|28/100 par|[from] item: Black Sludge
|
|switch|p2a: Dragapult|Dragapult, F|100/100
|turn|11
|
|move|p2a: Dragapult|Substitute|p2a: Dragapult
|-start|p2a: Dragapult|Substitute
|-damage|p2a: Dragapult|76/100
|move|p1a: Amoonguss|Spore||[still]
|-fail|p1a: Amoonguss
|
|-heal|p2a: Dragapult|82/100|[from] item: Leftovers
|-heal|p1a: Amoonguss|34/100 par|[from] item: Black Sludge
|turn|12
|
|switch|p1a: Iron Treads|Iron Treads|100/100
|move|p2a: Dragapult|Hex|p1a: Iron Treads
|-damage|p1a: Iron Treads|62/100
|-enditem|p1a: Iron Treads|Red Card|[of] p2a: Dragapult
|drag|p2a: Sneasler|Sneasler, F|100/100
|-item|p2a: Sneasler|Air Balloon
|
|turn|13
|
|move|p1a: Iron Treads|Volt Switch|p2a: Sneasler
|-damage|p2a: Sneasler|86/100
|-enditem|p2a: Sneasler|Air Balloon
|
|-end|p1a: Iron Treads|Quark Drive|[silent]
|switch|p1a: Amoonguss|Amoonguss, F|67/100 par|[from] Volt Switch
|move|p2a: Sneasler|Swords Dance|p2a: Sneasler
|-boost|p2a: Sneasler|atk|2
|
|-heal|p1a: Amoonguss|74/100 par|[from] item: Black Sludge
|turn|14
|
|move|p2a: Sneasler|Acrobatics|p1a: Amoonguss
|-supereffective|p1a: Amoonguss
|-damage|p1a: Amoonguss|0 fnt
|faint|p1a: Amoonguss
|
|
|switch|p1a: Typhlosion|Typhlosion-Hisui, M|100/100
|turn|15
|
|move|p2a: Sneasler|Dire Claw|p1a: Typhlosion
|-resisted|p1a: Typhlosion
|-damage|p1a: Typhlosion|30/100
|move|p1a: Typhlosion|Infernal Parade|p2a: Sneasler
|-damage|p2a: Sneasler|47/100
|-status|p2a: Sneasler|brn
|
|-damage|p2a: Sneasler|41/100 brn|[from] brn
|turn|16
|
|move|p2a: Sneasler|Acrobatics|p1a: Typhlosion
|-damage|p1a: Typhlosion|0 fnt
|faint|p1a: Typhlosion
|
|-damage|p2a: Sneasler|35/100 brn|[from] brn
|
|switch|p1a: Meowscarada|Meowscarada, F|100/100
|turn|17
|
|move|p2a: Sneasler|Dire Claw|p1a: Meowscarada
|-supereffective|p1a: Meowscarada
|-damage|p1a: Meowscarada|0 fnt
|faint|p1a: Meowscarada
|
|-damage|p2a: Sneasler|29/100 brn|[from] brn
|
|switch|p1a: Arcanine|Arcanine-Hisui, F|100/100
|turn|18
|
|move|p1a: Arcanine|Extreme Speed|p2a: Sneasler
|-damage|p2a: Sneasler|0 fnt
|faint|p2a: Sneasler
|
|
|switch|p2a: Typhlosion|Typhlosion-Hisui, F|100/100
|turn|19
|
|move|p2a: Typhlosion|Infernal Parade|p1a: Arcanine
|-damage|p1a: Arcanine|49/100
|move|p1a: Arcanine|Agility|p1a: Arcanine
|-boost|p1a: Arcanine|spe|2
|
|turn|20
|
|switch|p2a: Rotom|Rotom-Wash|18/100
|move|p1a: Arcanine|Head Smash|p2a: Rotom
|-damage|p2a: Rotom|0 fnt
|faint|p2a: Rotom
|
|
|switch|p2a: Dragapult|Dragapult, F|82/100
|turn|21
|
|move|p1a: Arcanine|Head Smash|p2a: Dragapult
|-damage|p2a: Dragapult|0 fnt
|faint|p2a: Dragapult
|
|
|switch|p2a: Typhlosion|Typhlosion-Hisui, F|100/100
|turn|22
|
|-terastallize|p2a: Typhlosion|Normal
|move|p1a: Arcanine|Head Smash|p2a: Typhlosion
|-damage|p2a: Typhlosion|0 fnt
|faint|p2a: Typhlosion
|
|win|p1
