|poke|p1|Chien-Pao|
|poke|p1|Enamorus, F|
|poke|p1|Landorus-Therian, M|
|poke|p1|Gholdengo|
|poke|p1|Heatran, F|
|poke|p1|Great Tusk|
|poke|p2|Slowking-Galar, F|
|poke|p2|Magearna|
|poke|p2|Ursaluna, M|
|poke|p2|Glastrier|
|poke|p2|Enamorus-Therian, F|
|poke|p2|Corviknight, F|
|teampreview
|
|start
|switch|p1a: Heatran|Heatran, F|100/100
|switch|p2a: Corviknight|Corviknight, F|100/100
|turn|1
|
|switch|p2a: Slowking|Slowking-Galar, F|100/100
|move|p1a: Heatran|Stealth Rock|p2a: Slowking
|-sidestart|p2: p2|move: Stealth Rock
|
|turn|2
|
|move|p1a: Heatran|Earth Power|p2a: Slowking
|-supereffective|p2a: Slowking
|-damage|p2a: Slowking|50/100
|move|p2a: Slowking|Trick Room|p2a: Slowking
|-fieldstart|move: Trick Room|[of] p2a: Slowking
|
|-heal|p2a: Slowking|56/100|[from] item: Black Sludge
|turn|3
|
|move|p2a: Slowking|Chilly Reception|p2a: Slowking
|-weather|Snow
|
|switch|p2a: Ursaluna|Ursaluna, M|100/100|[from] Chilly Reception
|-damage|p2a: Ursaluna|94/100|[from] Stealth Rock
|move|p1a: Heatran|Earth Power|p2a: Ursaluna
|-damage|p2a: Ursaluna|63/100
|
|-weather|Snow|[upkeep]
|-status|p2a: Ursaluna|brn|[from] item: Flame Orb
|turn|4
|
|move|p2a: Ursaluna|Swords Dance|p2a: Ursaluna
|-boost|p2a: Ursaluna|atk|2
|move|p1a: Heatran|Fire Blast|p2a: Ursaluna
|-damage|p2a: Ursaluna|6/100 brn
|
|-weather|Snow|[upkeep]
|-damage|p2a: Ursaluna|0 fnt|[from] brn
|faint|p2a: Ursaluna
|
|switch|p2a: Enamorus|Enamorus-Therian, F|100/100
|-damage|p2a: Enamorus|75/100|[from] Stealth Rock
|turn|5
|
|move|p2a: Enamorus|Earth Power|p1a: Heatran
|-supereffective|p1a: Heatran
|-damage|p1a: Heatran|0 fnt
|faint|p1a: Heatran
|
|-weather|Snow|[upkeep]
|
|switch|p1a: Landorus|Landorus-Therian, M|100/100
|-ability|p1a: Landorus|Intimidate|boost
|-unboost|p2a: Enamorus|atk|1
|turn|6
|
|switch|p2a: Corviknight|Corviknight, F|100/100
|-damage|p2a: Corviknight|88/100|[from] Stealth Rock
|move|p1a: Landorus|Stone Edge|p2a: Corviknight
|-damage|p2a: Corviknight|67/100
|
|-weather|Snow|[upkeep]
|-heal|p2a: Corviknight|73/100|[from] item: Leftovers
|-fieldend|move: Trick Room
|turn|7
|
|switch|p1a: Gholdengo|Gholdengo|100/100
|move|p2a: Corviknight|U-turn|p1a: Gholdengo
|-resisted|p1a: Gholdengo
|-damage|p1a: Gholdengo|97/100
|
|switch|p2a: Magearna|Magearna|100/100|[from] U-turn
|-damage|p2a: Magearna|94/100|[from] Stealth Rock
|
|-weather|none
|turn|8
|
|move|p1a: Gholdengo|Make It Rain|p2a: Magearna
|-damage|p2a: Magearna|44/100
|-unboost|p1a: Gholdengo|spa|1
|move|p2a: Magearna|Trick Room|p2a: Magearna
|-fieldstart|move: Trick Room|[of] p2a: Magearna
|
|turn|9
|
|move|p2a: Magearna|Fleur Cannon|p1a: Gholdengo
|-resisted|p1a: Gholdengo
|-damage|p1a: Gholdengo|55/100
|-unboost|p2a: Magearna|spa|2
|-enditem|p2a: Magearna|Eject Pack
|
|switch|p2a: Slowking|Slowking-Galar, F|89/100
|-damage|p2a: Slowking|77/100|[from] Stealth Rock
|move|p1a: Gholdengo|Make It Rain|p2a: Slowking
|-damage|p2a: Slowking|46/100
|-unboost|p1a: Gholdengo|spa|1
|
|-heal|p2a: Slowking|52/100|[from] item: Black Sludge
|turn|10
|
|switch|p1a: Landorus|Landorus-Therian, M|100/100
|-ability|p1a: Landorus|Intimidate|boost
|-unboost|p2a: Slowking|atk|1
|move|p2a: Slowking|Surf|p1a: Landorus
|-supereffective|p1a: Landorus
|-damage|p1a: Landorus|27/100
|
|-heal|p2a: Slowking|58/100|[from] item: Black Sludge
|turn|11
|
|move|p2a: Slowking|Surf|p1a: Landorus
|-supereffective|p1a: Landorus
|-damage|p1a: Landorus|0 fnt
|faint|p1a: Landorus
|
|-heal|p2a: Slowking|64/100|[from] item: Black Sludge
|
|switch|p1a: Enamorus|Enamorus, F|100/100
|turn|12
|
|move|p2a: Slowking|Psychic|p1a: Enamorus
|-damage|p1a: Enamorus|43/100
|move|p1a: Enamorus|Superpower|p2a: Slowking
|-resisted|p2a: Slowking
|-damage|p2a: Slowking|55/100
|-boost|p1a: Enamorus|atk|1
|-boost|p1a: Enamorus|def|1
|
|-heal|p2a: Slowking|61/100|[from] item: Black Sludge
|-heal|p1a: Enamorus|50/100|[from] item: Leftovers
|-fieldend|move: Trick Room
|turn|13
|
|move|p1a: Enamorus|Healing Wish|p1a: Enamorus
|faint|p1a: Enamorus
|move|p2a: Slowking|Trick Room|p2a: Slowking
|-fieldstart|move: Trick Room|[of] p2a: Slowking
|
|-heal|p2a: Slowking|67/100|[from] item: Black Sludge
|
|switch|p1a: Chien-Pao|Chien-Pao|100/100
|-ability|p1a: Chien-Pao|Sword of Ruin
|turn|14
|
|-terastallize|p1a: Chien-Pao|Dark
|move|p2a: Slowking|Chilly Reception|p2a: Slowking
|-weather|Snow
|
|switch|p2a: Corviknight|Corviknight, F|73/100|[from] Chilly Reception
|-damage|p2a: Corviknight|61/100|[from] Stealth Rock
|move|p1a: Chien-Pao|Crunch|p2a: Corviknight
|-damage|p2a: Corviknight|1/100
|-ability|p2a: Corviknight|Mirror Armor
|-unboost|p1a: Chien-Pao|def|1
|
|-weather|Snow|[upkeep]
|-heal|p2a: Corviknight|8/100|[from] item: Leftovers
|turn|15
|
|move|p2a: Corviknight|Defog|p1a: Chien-Pao
|-unboost|p1a: Chien-Pao|evasion|1
|-sideend|p2: p2|Stealth Rock|[from] move: Defog|[of] p2a: Corviknight
|move|p1a: Chien-Pao|Crunch|p2a: Corviknight
|-damage|p2a: Corviknight|0 fnt
|faint|p2a: Corviknight
|
|-weather|Snow|[upkeep]
|
|switch|p2a: Glastrier|Glastrier|100/100
|turn|16
|
|switch|p1a: Gholdengo|Gholdengo|55/100
|-heal|p1a: Gholdengo|100/100|[from] move: Healing Wish
|move|p2a: Glastrier|Swords Dance|p2a: Glastrier
|-boost|p2a: Glastrier|atk|2
|
|-weather|Snow|[upkeep]
|turn|17
|
|move|p2a: Glastrier|Stomping Tantrum|p1a: Gholdengo
|-supereffective|p1a: Gholdengo
|-damage|p1a: Gholdengo|0 fnt
|faint|p1a: Gholdengo
|-ability|p2a: Glastrier|Chilling Neigh|boost
|-boost|p2a: Glastrier|atk|1
|
|-weather|Snow|[upkeep]
|-fieldend|move: Trick Room
|
|switch|p1a: Great Tusk|Great Tusk|100/100
|turn|18
|
|switch|p2a: Enamorus|Enamorus-Therian, F|75/100
|move|p1a: Great Tusk|Earthquake|p2a: Enamorus
|-immune|p2a: Enamorus
|
|-weather|none
|turn|19
|
|move|p1a: Great Tusk|Knock Off|p2a: Enamorus
|-resisted|p2a: Enamorus
|-damage|p2a: Enamorus|62/100
|-enditem|p2a: Enamorus|Choice Specs|[from] move: Knock Off|[of] p1a: Great Tusk
|move|p2a: Enamorus|Moonblast|p1a: Great Tusk
|-supereffective|p1a: Great Tusk
|-damage|p1a: Great Tusk|0 fnt
|faint|p1a: Great Tusk
|-end|p1a: Great Tusk|Protosynthesis|[silent]
|
|
|switch|p1a: Chien-Pao|Chien-Pao, tera:Dark|100/100
|-ability|p1a: Chien-Pao|Sword of Ruin
|turn|20
|
|move|p1a: Chien-Pao|Crunch|p2a: Enamorus
|-resisted|p2a: Enamorus
|-damage|p2a: Enamorus|14/100
|move|p2a: Enamorus|Moonblast|p1a: Chien-Pao
|-supereffective|p1a: Chien-Pao
|-damage|p1a: Chien-Pao|0 fnt
|faint|p1a: Chien-Pao
|
|win|p2
