|poke|p1|Zoroark-Hisui, M|
|poke|p1|Kingambit, F|
|poke|p1|Great Tusk|
|poke|p1|Slowking, F|
|poke|p1|Iron Valiant|
|poke|p1|Dragonite, F|
|poke|p2|Chien-Pao|
|poke|p2|Dragapult, M|
|poke|p2|Volcarona, M|
|poke|p2|Ursaluna, M|
|poke|p2|Magearna|
|poke|p2|Dragonite, F|
|teampreview
|
|start
|switch|p1a: Tuskuthy|Great Tusk|100/100
|switch|p2a: Dragapult|Dragapult, M, shiny|100/100
|turn|1
|
|-end|p1a: Tuskuthy|Protosynthesis|[silent]
|switch|p1a: Shenlong|Dragonite, F|100/100
|move|p2a: Dragapult|Will-O-Wisp|p1a: Shenlong
|-status|p1a: Shenlong|brn
|
|-damage|p1a: Shenlong|95/100 brn|[from] brn
|turn|2
|
|move|p2a: Dragapult|Reflect|p2a: Dragapult
|-sidestart|p2: p2|Reflect
|move|p1a: Shenlong|Shadow Ball|p2a: Dragapult
|-supereffective|p2a: Dragapult
|-damage|p2a: Dragapult|0 fnt
|faint|p2a: Dragapult
|
|-damage|p1a: Shenlong|89/100 brn|[from] brn
|
|switch|p2a: Dragonite|Dragonite, F, shiny|100/100
|turn|3
|
|-terastallize|p2a: Dragonite|Normal
|move|p1a: Shenlong|Shadow Ball|p2a: Dragonite
|-immune|p2a: Dragonite
|move|p2a: Dragonite|Dragon Dance|p2a: Dragonite
|-boost|p2a: Dragonite|atk|1
|-boost|p2a: Dragonite|spe|1
|
|-damage|p1a: Shenlong|83/100 brn|[from] brn
|turn|4
|
|switch|p1a: Tuskuthy|Great Tusk|100/100
|move|p2a: Dragonite|Dragon Dance|p2a: Dragonite
|-boost|p2a: Dragonite|atk|1
|-boost|p2a: Dragonite|spe|1
|
|turn|5
|
|move|p2a: Dragonite|Extreme Speed|p1a: Tuskuthy
|-damage|p1a: Tuskuthy|57/100
|move|p1a: Tuskuthy|Knock Off|p2a: Dragonite
|-damage|p2a: Dragonite|93/100
|-enditem|p2a: Dragonite|Heavy-Duty Boots|[from] move: Knock Off|[of] p1a: Tuskuthy
|
|-heal|p1a: Tuskuthy|63/100|[from] item: Leftovers
|turn|6
|
|move|p2a: Dragonite|Extreme Speed|p1a: Tuskuthy
|-damage|p1a: Tuskuthy|17/100
|move|p1a: Tuskuthy|Stealth Rock|p2a: Dragonite
|-sidestart|p2: p2|move: Stealth Rock
|
|-heal|p1a: Tuskuthy|23/100|[from] item: Leftovers
|turn|7
|
|move|p2a: Dragonite|Roost|p2a: Dragonite
|-heal|p2a: Dragonite|100/100
|move|p1a: Tuskuthy|Knock Off|p2a: Dragonite
|-damage|p2a: Dragonite|95/100
|
|-heal|p1a: Tuskuthy|30/100|[from] item: Leftovers
|turn|8
|
|move|p2a: Dragonite|Extreme Speed|p1a: Tuskuthy
|-damage|p1a: Tuskuthy|0 fnt
|faint|p1a: Tuskuthy
|-end|p1a: Tuskuthy|Protosynthesis|[silent]
|
|
|switch|p1a: Shenlong|Dragonite, F|83/100 brn
|turn|9
|
|move|p2a: Dragonite|Extreme Speed|p1a: Shenlong
|-immune|p1a: Shenlong
|move|p1a: Shenlong|Focus Blast|p2a: Dragonite
|-supereffective|p2a: Dragonite
|-damage|p2a: Dragonite|0 fnt
|faint|p2a: Dragonite
|
|-damage|p1a: Shenlong|77/100 brn|[from] brn
|-sideend|p2: p2|Reflect
|
|switch|p2a: Volcarona|Volcarona, M, shiny|100/100
|turn|10
|
|switch|p1a: Shenlong|Dragonite, F|100/100
|move|p2a: Volcarona|Quiver Dance|p2a: Volcarona
|-boost|p2a: Volcarona|spa|1
|-boost|p2a: Volcarona|spd|1
|-boost|p2a: Volcarona|spe|1
|
|turn|11
|
|move|p2a: Volcarona|Quiver Dance|p2a: Volcarona
|-boost|p2a: Volcarona|spa|1
|-boost|p2a: Volcarona|spd|1
|-boost|p2a: Volcarona|spe|1
|move|p1a: Shenlong|Dragon Dance|p1a: Shenlong
|-boost|p1a: Shenlong|atk|1
|-boost|p1a: Shenlong|spe|1
|
|turn|12
|
|move|p2a: Volcarona|Fiery Dance|p1a: Shenlong
|-resisted|p1a: Shenlong
|-damage|p1a: Shenlong|80/100
|move|p1a: Shenlong|Dragon Dance|p1a: Shenlong
|-boost|p1a: Shenlong|atk|1
|-boost|p1a: Shenlong|spe|1
|
|turn|13
|
|-terastallize|p1a: Shenlong|Normal
|move|p1a: Shenlong|Extreme Speed|p2a: Volcarona
|-damage|p2a: Volcarona|0 fnt
|-status|p1a: Shenlong|brn|[from] ability: Flame Body|[of] p2a: Volcarona
|faint|p2a: Volcarona
|
|-damage|p1a: Shenlong|74/100 brn|[from] brn
|
|switch|p2a: Magearna|Magearna|100/100
|-damage|p2a: Magearna|94/100|[from] Stealth Rock
|turn|14
|
|switch|p2a: Ursaluna|Ursaluna, M, shiny|100/100
|-damage|p2a: Ursaluna|94/100|[from] Stealth Rock
|move|p1a: Shenlong|Earthquake|p2a: Ursaluna
|-damage|p2a: Ursaluna|65/100
|
|-damage|p1a: Shenlong|67/100 brn|[from] brn
|-status|p2a: Ursaluna|brn|[from] item: Flame Orb
|turn|15
|
|move|p1a: Shenlong|Extreme Speed|p2a: Ursaluna
|-damage|p2a: Ursaluna|31/100 brn
|move|p2a: Ursaluna|Drain Punch|p1a: Shenlong
|-supereffective|p1a: Shenlong
|-damage|p1a: Shenlong|0 fnt
|-heal|p2a: Ursaluna|57/100 brn|[from] drain|[of] p1a: Shenlong
|faint|p1a: Shenlong
|
|-damage|p2a: Ursaluna|51/100 brn|[from] brn
|
|switch|p1a: Mav's Joint|Iron Valiant|100/100
|turn|16
|
|move|p1a: Mav's Joint|Close Combat|p2a: Ursaluna
|-supereffective|p2a: Ursaluna
|-damage|p2a: Ursaluna|0 fnt
|-unboost|p1a: Mav's Joint|def|1
|-unboost|p1a: Mav's Joint|spd|1
|faint|p2a: Ursaluna
|
|
|switch|p2a: Magearna|Magearna|94/100
|-damage|p2a: Magearna|88/100|[from] Stealth Rock
|turn|17
|
|-end|p1a: Mav's Joint|Quark Drive|[silent]
|switch|p1a: Erebus|Kingambit, F|100/100
|-activate|p1a: Erebus|ability: Supreme Overlord
|-start|p1a: Erebus|fallen2|[silent]
|move|p2a: Magearna|Shift Gear|p2a: Magearna
|-boost|p2a: Magearna|spe|2
|-boost|p2a: Magearna|atk|1
|
|-heal|p2a: Magearna|94/100|[from] item: Leftovers
|turn|18
|
|move|p2a: Magearna|Calm Mind|p2a: Magearna
|-boost|p2a: Magearna|spa|1
|-boost|p2a: Magearna|spd|1
|move|p1a: Erebus|Iron Head|p2a: Magearna
|-damage|p2a: Magearna|50/100
|
|-heal|p2a: Magearna|57/100|[from] item: Leftovers
|turn|19
|
|move|p2a: Magearna|Draining Kiss|p1a: Erebus
|-damage|p1a: Erebus|51/100
|-heal|p2a: Magearna|93/100|[from] drain|[of] p1a: Erebus
|move|p1a: Erebus|Iron Head|p2a: Magearna
|-damage|p2a: Magearna|47/100
|
|-heal|p2a: Magearna|53/100|[from] item: Leftovers
|-heal|p1a: Erebus|58/100|[from] item: Leftovers
|turn|20
|
|move|p2a: Magearna|Calm Mind|p2a: Magearna
|-boost|p2a: Magearna|spa|1
|-boost|p2a: Magearna|spd|1
|move|p1a: Erebus|Iron Head|p2a: Magearna
|-damage|p2a: Magearna|3/100
|
|-heal|p2a: Magearna|9/100|[from] item: Leftovers
|-heal|p1a: Erebus|64/100|[from] item: Leftovers
|turn|21
|
|move|p1a: Erebus|Sucker Punch|p2a: Magearna
|-resisted|p2a: Magearna
|-crit|p2a: Magearna
|-damage|p2a: Magearna|0 fnt
|faint|p2a: Magearna
|
|-heal|p1a: Erebus|70/100|[from] item: Leftovers
|
|switch|p2a: Chien-Pao|Chien-Pao|100/100
|-ability|p2a: Chien-Pao|Sword of Ruin
|turn|22
|
|move|p1a: Erebus|Sucker Punch||[still]
|-fail|p1a: Erebus
|move|p2a: Chien-Pao|Swords Dance|p2a: Chien-Pao
|-boost|p2a: Chien-Pao|atk|2
|
|-heal|p1a: Erebus|76/100|[from] item: Leftovers
|turn|23
|
|move|p2a: Chien-Pao|Icicle Crash|p1a: Erebus
|-resisted|p1a: Erebus
|-damage|p1a: Erebus|33/100
|move|p1a: Erebus|Iron Head|p2a: Chien-Pao
|-supereffective|p2a: Chien-Pao
|-damage|p2a: Chien-Pao|0 fnt
|faint|p2a: Chien-Pao
|
|win|p1
