|poke|p1|Clodsire, M|
|poke|p1|Dondozo, M|
|poke|p1|Alomomola, F|
|poke|p1|Talonflame, M|
|poke|p1|Toxapex, F|
|poke|p1|Blissey, F|
|poke|p2|Persian-Alola, F|
|poke|p2|Landorus-Therian, M|
|poke|p2|Dragapult, M|
|poke|p2|Muk-Alola, M|
|poke|p2|Cresselia, F|
|poke|p2|Sneasler, M|
|teampreview
|
|start
|switch|p1a: Blissey|Blissey, F|100/100
|switch|p2a: Persian|Persian-Alola, F|100/100
|turn|1
|
|move|p2a: Persian|Fake Out|p1a: Blissey
|-damage|p1a: Blissey|90/100
|cant|p1a: Blissey|flinch
|
|turn|2
|
|move|p2a: Persian|Taunt|p1a: Blissey
|-start|p1a: Blissey|move: Taunt
|cant|p1a: Blissey|move: Taunt|Stealth Rock
|
|turn|3
|
|switch|p1a: Toxapex|Toxapex, F|100/100
|move|p2a: Persian|Parting Shot|p1a: Toxapex
|-unboost|p1a: Toxapex|atk|1
|-unboost|p1a: Toxapex|spa|1
|
|switch|p2a: Landorus|Landorus-Therian, M|100/100|[from] Parting Shot
|-ability|p2a: Landorus|Intimidate|boost
|-unboost|p1a: Toxapex|atk|1
|
|turn|4
|
|switch|p1a: Dondozo|Dondozo, M|100/100
|move|p2a: Landorus|Stealth Rock|p1a: Dondozo
|-sidestart|p1: IsAnythingReal|move: Stealth Rock
|
|turn|5
|
|switch|p2a: Persian|Persian-Alola, F|100/100
|move|p1a: Dondozo|Liquidation|p2a: Persian
|-damage|p2a: Persian|76/100
|
|turn|6
|
|move|p2a: Persian|Fake Out|p1a: Dondozo
|-damage|p1a: Dondozo|98/100
|cant|p1a: Dondozo|flinch
|
|turn|7
|
|move|p2a: Persian|Taunt|p1a: Dondozo
|-start|p1a: Dondozo|move: Taunt
|move|p1a: Dondozo|Body Press|p2a: Persian
|-supereffective|p2a: Persian
|-damage|p2a: Persian|31/100
|-enditem|p2a: Persian|Sitrus Berry|[eat]
|-heal|p2a: Persian|56/100|[from] item: Sitrus Berry
|
|turn|8
|
|move|p2a: Persian|Parting Shot|p1a: Dondozo
|-unboost|p1a: Dondozo|atk|1
|-unboost|p1a: Dondozo|spa|1
|
|switch|p2a: Dragapult|Dragapult, M|100/100|[from] Parting Shot
|move|p1a: Dondozo|Body Press|p2a: Dragapult
|-immune|p2a: Dragapult
|
|turn|9
|
|switch|p1a: Toxapex|Toxapex, F|100/100
|move|p2a: Dragapult|U-turn|p1a: Toxapex
|-resisted|p1a: Toxapex
|-damage|p1a: Toxapex|96/100
|
|switch|p2a: Cresselia|Cresselia, F|100/100|[from] U-turn
|
|turn|10
|
|-terastallize|p1a: Toxapex|Fairy
|move|p2a: Cresselia|Calm Mind|p2a: Cresselia
|-boost|p2a: Cresselia|spa|1
|-boost|p2a: Cresselia|spd|1
|move|p1a: Toxapex|Toxic|p2a: Cresselia
|-status|p2a: Cresselia|tox
|
|-damage|p2a: Cresselia|94/100 tox|[from] psn
|turn|11
|
|switch|p2a: Sneasler|Sneasler, M|100/100
|move|p1a: Toxapex|Haze|p1a: Toxapex
|-clearallboost
|
|turn|12
|j| MistyKetchum2023
|
|switch|p1a: Talonflame|Talonflame, M|100/100
|move|p2a: Sneasler|Dire Claw|p1a: Talonflame
|-damage|p1a: Talonflame|57/100
|-status|p1a: Talonflame|slp
|-status|p2a: Sneasler|brn|[from] ability: Flame Body|[of] p1a: Talonflame
|
|-damage|p2a: Sneasler|95/100 brn|[from] brn
|turn|13
|
|switch|p1a: Toxapex|Toxapex, F, tera:Fairy|100/100
|move|p2a: Sneasler|Swords Dance|p2a: Sneasler
|-boost|p2a: Sneasler|atk|2
|
|-damage|p2a: Sneasler|89/100 brn|[from] brn
|turn|14
|
|move|p2a: Sneasler|Dire Claw|p1a: Toxapex
|-supereffective|p1a: Toxapex
|-damage|p1a: Toxapex|45/100
|move|p1a: Toxapex|Haze|p1a: Toxapex
|-clearallboost
|
|-damage|p2a: Sneasler|83/100 brn|[from] brn
|turn|15
|
|switch|p1a: Dondozo|Dondozo, M|98/100
|move|p2a: Sneasler|Dire Claw|p1a: Dondozo
|-damage|p1a: Dondozo|88/100
|
|-damage|p2a: Sneasler|77/100 brn|[from] brn
|turn|16
|
|move|p2a: Sneasler|U-turn|p1a: Dondozo
|-damage|p1a: Dondozo|81/100
|
|switch|p2a: Persian|Persian-Alola, F|56/100|[from] U-turn
|move|p1a: Dondozo|Liquidation|p2a: Persian
|-damage|p2a: Persian|30/100
|
|turn|17
|
|move|p2a: Persian|Parting Shot|p1a: Dondozo
|-unboost|p1a: Dondozo|atk|1
|-unboost|p1a: Dondozo|spa|1
|
|switch|p2a: Landorus|Landorus-Therian, M|100/100|[from] Parting Shot
|-ability|p2a: Landorus|Intimidate|boost
|-unboost|p1a: Dondozo|atk|1
|move|p1a: Dondozo|Body Press|p2a: Landorus
|-resisted|p2a: Landorus
|-damage|p2a: Landorus|84/100
|
|turn|18
|
|switch|p1a: Alomomola|Alomomola, F|100/100
|move|p2a: Landorus|U-turn|p1a: Alomomola
|-damage|p1a: Alomomola|86/100
|
|switch|p2a: Dragapult|Dragapult, M|100/100|[from] U-turn
|
|turn|19
|
|switch|p1a: Toxapex|Toxapex, F, tera:Fairy|78/100
|move|p2a: Dragapult|Thunderbolt|p1a: Toxapex
|-damage|p1a: Toxapex|44/100
|
|turn|20
|
|switch|p1a: Clodsire|Clodsire, M|100/100
|move|p2a: Dragapult|Thunderbolt|p1a: Clodsire
|-immune|p1a: Clodsire
|
|turn|21
|
|switch|p2a: Landorus|Landorus-Therian, M|84/100
|-ability|p2a: Landorus|Intimidate|boost
|-unboost|p1a: Clodsire|atk|1
|move|p1a: Clodsire|Toxic|p2a: Landorus
|-status|p2a: Landorus|tox
|
|-damage|p2a: Landorus|78/100 tox|[from] psn
|turn|22
|
|switch|p1a: Alomomola|Alomomola, F|100/100
|move|p2a: Landorus|Earthquake|p1a: Alomomola
|-damage|p1a: Alomomola|67/100
|
|-damage|p2a: Landorus|66/100 tox|[from] psn
|turn|23
|
|switch|p2a: Muk|Muk-Alola, M, shiny|100/100
|move|p1a: Alomomola|Wish|p1a: Alomomola
|
|turn|24
|
|move|p1a: Alomomola|Protect|p1a: Alomomola
|-singleturn|p1a: Alomomola|Protect
|move|p2a: Muk|Knock Off|p1a: Alomomola
|-activate|p1a: Alomomola|move: Protect
|
|-heal|p1a: Alomomola|100/100|[from] move: Wish|[wisher] Alomomola
|turn|25
|
|switch|p1a: Talonflame|Talonflame, M|57/100 slp
|move|p2a: Muk|Knock Off|p1a: Talonflame
|-damage|p1a: Talonflame|15/100 slp
|-enditem|p1a: Talonflame|Heavy-Duty Boots|[from] move: Knock Off|[of] p2a: Muk
|
|turn|26
|l|☆James897_YT
|player|p2|
|
|cant|p1a: Talonflame|slp
|move|p2a: Muk|Poison Jab|p1a: Talonflame
|-damage|p1a: Talonflame|0 fnt
|faint|p1a: Talonflame
|
|
|switch|p1a: Clodsire|Clodsire, M|100/100
|turn|27
|j|☆James897_YT
|player|p2|James897_YT|cynthia-gen4
|
|move|p2a: Muk|Knock Off|p1a: Clodsire
|-damage|p1a: Clodsire|53/100
|-enditem|p1a: Clodsire|Heavy-Duty Boots|[from] move: Knock Off|[of] p2a: Muk
|move|p1a: Clodsire|Earthquake|p2a: Muk
|-supereffective|p2a: Muk
|-damage|p2a: Muk|48/100
|
|turn|28
|
|move|p2a: Muk|Ice Punch|p1a: Clodsire
|-supereffective|p1a: Clodsire
|-damage|p1a: Clodsire|3/100
|move|p1a: Clodsire|Recover|p1a: Clodsire
|-heal|p1a: Clodsire|53/100
|
|turn|29
|
|move|p2a: Muk|Ice Punch|p1a: Clodsire
|-supereffective|p1a: Clodsire
|-damage|p1a: Clodsire|5/100
|-status|p1a: Clodsire|frz
|cant|p1a: Clodsire|frz
|
|turn|30
|
|move|p2a: Muk|Ice Punch|p1a: Clodsire
|-supereffective|p1a: Clodsire
|-damage|p1a: Clodsire|0 fnt
|faint|p1a: Clodsire
|
|
|switch|p1a: Dondozo|Dondozo, M|81/100
|turn|31
|
|move|p2a: Muk|Poison Jab|p1a: Dondozo
|-damage|p1a: Dondozo|65/100
|move|p1a: Dondozo|Body Press|p2a: Muk
|-damage|p2a: Muk|19/100
|
|turn|32
|
|move|p2a: Muk|Poison Jab|p1a: Dondozo
|-damage|p1a: Dondozo|50/100
|-status|p1a: Dondozo|psn
|move|p1a: Dondozo|Body Press|p2a: Muk
|-damage|p2a: Muk|0 fnt
|faint|p2a: Muk
|
|-damage|p1a: Dondozo|38/100 psn|[from] psn
|
|switch|p2a: Dragapult|Dragapult, M|100/100
|turn|33
|
|switch|p1a: Blissey|Blissey, F|90/100
|move|p2a: Dragapult|Thunderbolt|p1a: Blissey
|-damage|p1a: Blissey|79/100
|-status|p1a: Blissey|par
|
|turn|34
|
|switch|p2a: Cresselia|Cresselia, F|94/100 tox
|move|p1a: Blissey|Stealth Rock|p2a: Cresselia
|-sidestart|p2: James897_YT|move: Stealth Rock
|
|-damage|p2a: Cresselia|88/100 tox|[from] psn
|turn|35
|
|move|p2a: Cresselia|Lunar Dance|p2a: Cresselia
|faint|p2a: Cresselia
|move|p1a: Blissey|Seismic Toss|p2: Cresselia|[notarget]
|-fail|p1a: Blissey
|
|
|switch|p2a: Sneasler|Sneasler, M|77/100 brn
|-heal|p2a: Sneasler|100/100|[from] move: Lunar Dance
|-damage|p2a: Sneasler|95/100|[from] Stealth Rock
|turn|36
|
|-curestatus|p1a: Blissey|par|[from] ability: Natural Cure
|switch|p1a: Alomomola|Alomomola, F|100/100
|move|p2a: Sneasler|Swords Dance|p2a: Sneasler
|-boost|p2a: Sneasler|atk|2
|
|turn|37
|
|move|p2a: Sneasler|Dire Claw|p1a: Alomomola
|-damage|p1a: Alomomola|49/100
|move|p1a: Alomomola|Wish|p1a: Alomomola
|
|turn|38
|
|switch|p1a: Dondozo|Dondozo, M|38/100 psn
|move|p2a: Sneasler|Swords Dance|p2a: Sneasler
|-boost|p2a: Sneasler|atk|2
|
|-heal|p1a: Dondozo|91/100 psn|[from] move: Wish|[wisher] Alomomola
|-damage|p1a: Dondozo|78/100 psn|[from] psn
|turn|39
|
|move|p2a: Sneasler|Dire Claw|p1a: Dondozo
|-damage|p1a: Dondozo|58/100 psn
|move|p1a: Dondozo|Liquidation|p2a: Sneasler
|-crit|p2a: Sneasler
|-damage|p2a: Sneasler|14/100
|-unboost|p2a: Sneasler|def|1
|-enditem|p2a: Sneasler|White Herb
|-clearnegativeboost|p2a: Sneasler|[silent]
|
|-damage|p1a: Dondozo|46/100 psn|[from] psn
|turn|40
|
|move|p2a: Sneasler|U-turn|p1a: Dondozo
|-damage|p1a: Dondozo|34/100 psn
|
|switch|p2a: Dragapult|Dragapult, M|100/100|[from] U-turn
|-damage|p2a: Dragapult|88/100|[from] Stealth Rock
|move|p1a: Dondozo|Liquidation|p2a: Dragapult
|-resisted|p2a: Dragapult
|-damage|p2a: Dragapult|67/100
|
|-damage|p1a: Dondozo|22/100 psn|[from] psn
|turn|41
|
|switch|p1a: Blissey|Blissey, F|79/100
|move|p2a: Dragapult|U-turn|p1a: Blissey
|-damage|p1a: Blissey|45/100
|
|switch|p2a: Landorus|Landorus-Therian, M|66/100 tox|[from] U-turn
|-damage|p2a: Landorus|53/100 tox|[from] Stealth Rock
|-ability|p2a: Landorus|Intimidate|boost
|-unboost|p1a: Blissey|atk|1
|
|-damage|p2a: Landorus|48/100 tox|[from] psn
|turn|42
|
|switch|p1a: Dondozo|Dondozo, M|22/100 psn
|move|p2a: Landorus|U-turn|p1a: Dondozo
|-damage|p1a: Dondozo|8/100 psn
|
|switch|p2a: Dragapult|Dragapult, M|67/100|[from] U-turn
|-damage|p2a: Dragapult|55/100|[from] Stealth Rock
|
|-damage|p1a: Dondozo|0 fnt|[from] psn
|faint|p1a: Dondozo
|
|switch|p1a: Blissey|Blissey, F|45/100
|turn|43
|
|move|p2a: Dragapult|U-turn|p1a: Blissey
|-damage|p1a: Blissey|11/100
|
|switch|p2a: Landorus|Landorus-Therian, M|48/100 tox|[from] U-turn
|-damage|p2a: Landorus|35/100 tox|[from] Stealth Rock
|-ability|p2a: Landorus|Intimidate|boost
|-unboost|p1a: Blissey|atk|1
|move|p1a: Blissey|Soft-Boiled|p1a: Blissey
|-heal|p1a: Blissey|61/100
|
|-damage|p2a: Landorus|29/100 tox|[from] psn
|turn|44
|
|move|p2a: Landorus|Earthquake|p1a: Blissey
|-damage|p1a: Blissey|0 fnt
|faint|p1a: Blissey
|
|-damage|p2a: Landorus|17/100 tox|[from] psn
|
|switch|p1a: Alomomola|Alomomola, F|83/100
|turn|45
|
|move|p2a: Landorus|Earthquake|p1a: Alomomola
|-damage|p1a: Alomomola|52/100
|move|p1a: Alomomola|Chilling Water|p2a: Landorus
|-supereffective|p2a: Landorus
|-damage|p2a: Landorus|0 fnt
|faint|p2a: Landorus
|
|
|switch|p2a: Dragapult|Dragapult, M|55/100
|-damage|p2a: Dragapult|42/100|[from] Stealth Rock
|turn|46
|
|move|p1a: Alomomola|Protect|p1a: Alomomola
|-singleturn|p1a: Alomomola|Protect
|move|p2a: Dragapult|Thunderbolt|p1a: Alomomola
|-activate|p1a: Alomomola|move: Protect
|
|turn|47
|
|move|p2a: Dragapult|Thunderbolt|p1a: Alomomola
|-supereffective|p1a: Alomomola
|-damage|p1a: Alomomola|0 fnt
|faint|p1a: Alomomola
|
|
|switch|p1a: Toxapex|Toxapex, F, tera:Fairy|77/100
|turn|48
|
|move|p2a: Dragapult|Thunderbolt|p1a: Toxapex
|-damage|p1a: Toxapex|45/100
|move|p1a: Toxapex|Infestation|p2a: Dragapult
|-resisted|p2a: Dragapult
|-damage|p2a: Dragapult|40/100
|-activate|p2a: Dragapult|move: Infestation|[of] p1a: Toxapex
|
|-damage|p2a: Dragapult|28/100|[from] move: Infestation|[partiallytrapped]
|turn|49
|
|move|p2a: Dragapult|Thunderbolt|p1a: Toxapex
|-damage|p1a: Toxapex|14/100
|move|p1a: Toxapex|Recover|p1a: Toxapex
|-heal|p1a: Toxapex|64/100
|
|-damage|p2a: Dragapult|16/100|[from] move: Infestation|[partiallytrapped]
|turn|50
|
|move|p2a: Dragapult|Thunderbolt|p1a: Toxapex
|-damage|p1a: Toxapex|33/100
|move|p1a: Toxapex|Recover|p1a: Toxapex
|-heal|p1a: Toxapex|83/100
|
|-damage|p2a: Dragapult|4/100|[from] move: Infestation|[partiallytrapped]
|turn|51
|
|move|p2a: Dragapult|Thunderbolt|p1a: Toxapex
|-crit|p1a: Toxapex
|-damage|p1a: Toxapex|38/100
|move|p1a: Toxapex|Recover|p1a: Toxapex
|-heal|p1a: Toxapex|88/100
|
|-damage|p2a: Dragapult|0 fnt|[from] move: Infestation|[partiallytrapped]
|faint|p2a: Dragapult
|
|switch|p2a: Sneasler|Sneasler, M|14/100
|-damage|p2a: Sneasler|8/100|[from] Stealth Rock
|turn|52
|
|move|p2a: Sneasler|Swords Dance|p2a: Sneasler
|-boost|p2a: Sneasler|atk|2
|move|p1a: Toxapex|Infestation|p2a: Sneasler
|-resisted|p2a: Sneasler
|-damage|p2a: Sneasler|7/100
|-activate|p2a: Sneasler|move: Infestation|[of] p1a: Toxapex
|
|-damage|p2a: Sneasler|0 fnt|[from] move: Infestation|[partiallytrapped]
|faint|p2a: Sneasler
|
|switch|p2a: Persian|Persian-Alola, F|30/100
|-damage|p2a: Persian|18/100|[from] Stealth Rock
|turn|53
|-message|James897_YT forfeited.
|
|win|IsAnythingReal
|l|☆James897_YT
|l|☆IsAnythingReal
