# advantage = p1
|poke|p1|Tornadus-Therian, M|
|poke|p1|Thundurus-Therian, M|
|poke|p1|Landorus-Therian, M|
|poke|p1|Enamorus, F|
|poke|p1|Gallade, M|
|poke|p1|Glimmora, M|
|poke|p2|Sneasler, M|
|poke|p2|Typhlosion-Hisui, M|
|poke|p2|Glimmora, F|
|poke|p2|Dragapult, F|
|poke|p2|Great Tusk|
|poke|p2|Garganacl, F|
|teampreview
|
|start
|switch|p1a: Landorus|Landorus-Therian, M|100/100
|switch|p2a: Pault Walker|Dragapult, F|100/100
|-ability|p1a: Landorus|Intimidate|boost
|-unboost|p2a: Pault Walker|atk|1
|turn|1
|
|move|p2a: Pault Walker|Substitute|p2a: Pault Walker
|-start|p2a: Pault Walker|Substitute
|-damage|p2a: Pault Walker|76/100
|move|p1a: Landorus|Stealth Rock|p2a: Pault Walker
|-sidestart|p2: p2|move: Stealth Rock
|
|-heal|p2a: Pault Walker|82/100|[from] item: Leftovers
|turn|2
|
|move|p2a: Pault Walker|Will-O-Wisp|p1a: Landorus
|-status|p1a: Landorus|brn
|move|p1a: Landorus|Earthquake|p2a: Pault Walker
|-end|p2a: Pault Walker|Substitute
|
|-heal|p2a: Pault Walker|88/100|[from] item: Leftovers
|-damage|p1a: Landorus|94/100 brn|[from] brn
|turn|3
|
|move|p2a: Pault Walker|Hex|p1a: Landorus
|-damage|p1a: Landorus|35/100 brn
|move|p1a: Landorus|Earthquake|p2a: Pault Walker
|-damage|p2a: Pault Walker|41/100
|
|-heal|p2a: Pault Walker|47/100|[from] item: Leftovers
|-heal|p1a: Landorus|41/100 brn|[from] item: Leftovers
|-damage|p1a: Landorus|35/100 brn|[from] brn
|turn|4
|
|switch|p1a: Tornadus|Tornadus-Therian, M|100/100
|move|p2a: Pault Walker|Hex|p1a: Tornadus
|-damage|p1a: Tornadus|79/100
|
|-heal|p2a: Pault Walker|53/100|[from] item: Leftovers
|turn|5
|
|move|p2a: Pault Walker|Will-O-Wisp|p1a: Tornadus
|-status|p1a: Tornadus|brn
|move|p1a: Tornadus|Hurricane|p2a: Pault Walker
|-damage|p2a: Pault Walker|0 fnt
|faint|p2a: Pault Walker
|
|-damage|p1a: Tornadus|73/100 brn|[from] brn
|
|switch|p2a: Toc tusk... Is me|Great Tusk|100/100
|-damage|p2a: Toc tusk... Is me|98/100|[from] Stealth Rock
|turn|6
|
|move|p1a: Tornadus|Hurricane|p2a: Toc tusk... Is me
|-supereffective|p2a: Toc tusk... Is me
|-damage|p2a: Toc tusk... Is me|3/100
|move|p2a: Toc tusk... Is me|Rapid Spin|p1a: Tornadus
|-damage|p1a: Tornadus|54/100 brn
|-boost|p2a: Toc tusk... Is me|spe|1
|-sideend|p2: p2|Stealth Rock|[from] move: Rapid Spin|[of] p2a: Toc tusk... Is me
|
|-damage|p1a: Tornadus|48/100 brn|[from] brn
|turn|7
|
|move|p1a: Tornadus|U-turn|p2a: Toc tusk... Is me
|-resisted|p2a: Toc tusk... Is me
|-damage|p2a: Toc tusk... Is me|1/100
|
|switch|p1a: Landorus|Landorus-Therian, M|35/100 brn|[from] U-turn
|-ability|p1a: Landorus|Intimidate|boost
|-unboost|p2a: Toc tusk... Is me|atk|1
|move|p2a: Toc tusk... Is me|Ice Spinner|p1a: Landorus
|-supereffective|p1a: Landorus
|-crit|p1a: Landorus
|-damage|p1a: Landorus|0 fnt
|faint|p1a: Landorus
|
|
|switch|p1a: Tornadus|Tornadus-Therian, M|81/100 brn
|turn|8
|
|move|p1a: Tornadus|Sludge Bomb|p2a: Toc tusk... Is me
|-resisted|p2a: Toc tusk... Is me
|-damage|p2a: Toc tusk... Is me|0 fnt
|faint|p2a: Toc tusk... Is me
|-end|p2a: Toc tusk... Is me|Protosynthesis|[silent]
|
|-damage|p1a: Tornadus|75/100 brn|[from] brn
|
|switch|p2a: Freed|Typhlosion-Hisui, M, shiny|100/100
|-item|p1a: Tornadus|Assault Vest|[from] ability: Frisk|[of] p2a: Freed|[identify]
|turn|9
|
|move|p2a: Freed|Eruption|p1a: Tornadus
|-damage|p1a: Tornadus|14/100 brn
|move|p1a: Tornadus|Hurricane|p2a: Freed
|-crit|p2a: Freed
|-damage|p2a: Freed|5/100
|
|-damage|p1a: Tornadus|8/100 brn|[from] brn
|turn|10
|
|switch|p2a: Dereck Debris|Glimmora, F|100/100
|move|p1a: Tornadus|Sludge Bomb|p2a: Dereck Debris
|-resisted|p2a: Dereck Debris
|-damage|p2a: Dereck Debris|91/100
|
|-damage|p1a: Tornadus|2/100 brn|[from] brn
|turn|11
|
|move|p1a: Tornadus|Hurricane|p2a: Dereck Debris
|-resisted|p2a: Dereck Debris
|-damage|p2a: Dereck Debris|56/100
|move|p2a: Dereck Debris|Stealth Rock|p1a: Tornadus
|-sidestart|p1: p1|move: Stealth Rock
|
|-damage|p1a: Tornadus|0 fnt|[from] brn
|faint|p1a: Tornadus
|
|switch|p1a: Glimmora|Glimmora, M|100/100
|-damage|p1a: Glimmora|88/100|[from] Stealth Rock
|turn|12
|
|move|p1a: Glimmora|Earth Power|p2a: Dereck Debris
|-supereffective|p2a: Dereck Debris
|-damage|p2a: Dereck Debris|0 fnt
|faint|p2a: Dereck Debris
|
|
|switch|p2a: Jally Chi-Chi|Garganacl, F|100/100
|turn|13
|
|move|p1a: Glimmora|Mortal Spin|p2a: Jally Chi-Chi
|-resisted|p2a: Jally Chi-Chi
|-damage|p2a: Jally Chi-Chi|98/100
|-sideend|p1: p1|Stealth Rock|[from] move: Mortal Spin|[of] p1a: Glimmora
|move|p2a: Jally Chi-Chi|Earthquake|p1a: Glimmora
|-supereffective|p1a: Glimmora
|-damage|p1a: Glimmora|0 fnt
|-activate|p1a: Glimmora|ability: Toxic Debris
|-sidestart|p2: p2|move: Toxic Spikes
|faint|p1a: Glimmora
|
|-heal|p2a: Jally Chi-Chi|100/100|[from] item: Leftovers
|
|switch|p1a: Gallade|Gallade, M|100/100
|turn|14
|
|switch|p2a: Goldin Ramsem|Sneasler, M|100/100
|-sideend|p2: p2|move: Toxic Spikes|[of] p2a: Goldin Ramsem
|move|p1a: Gallade|Leaf Blade|p2a: Goldin Ramsem
|-resisted|p2a: Goldin Ramsem
|-damage|p2a: Goldin Ramsem|58/100
|
|turn|15
|
|switch|p1a: Thundurus|Thundurus-Therian, M|100/100
|move|p2a: Goldin Ramsem|Dire Claw|p1a: Thundurus
|-damage|p1a: Thundurus|4/100
|-status|p1a: Thundurus|psn|[from] ability: Poison Touch|[of] p2a: Goldin Ramsem
|
|-damage|p1a: Thundurus|0 fnt|[from] psn
|faint|p1a: Thundurus
|
|switch|p1a: Enamorus|Enamorus, F|100/100
|turn|16
|
|move|p2a: Goldin Ramsem|Dire Claw|p1a: Enamorus
|-supereffective|p1a: Enamorus
|-damage|p1a: Enamorus|0 fnt
|faint|p1a: Enamorus
|
|
|switch|p1a: Gallade|Gallade, M|100/100
|turn|17
|
|move|p1a: Gallade|Psycho Cut|p2a: Goldin Ramsem
|-supereffective|p2a: Goldin Ramsem
|-damage|p2a: Goldin Ramsem|0 fnt
|faint|p2a: Goldin Ramsem
|
|
|switch|p2a: Jally Chi-Chi|Garganacl, F|100/100
|turn|18
|
|-terastallize|p2a: Jally Chi-Chi|Water
|move|p1a: Gallade|Psycho Cut|p2a: Jally Chi-Chi
|-damage|p2a: Jally Chi-Chi|67/100
|move|p2a: Jally Chi-Chi|Salt Cure|p1a: Gallade
|-resisted|p1a: Gallade
|-damage|p1a: Gallade|90/100
|-start|p1a: Gallade|Salt Cure
|
|-heal|p2a: Jally Chi-Chi|73/100|[from] item: Leftovers
|-damage|p1a: Gallade|77/100|[from] Salt Cure
|turn|19
|
|move|p1a: Gallade|Psycho Cut|p2a: Jally Chi-Chi
|-damage|p2a: Jally Chi-Chi|39/100
|move|p2a: Jally Chi-Chi|Curse|p2a: Jally Chi-Chi
|-unboost|p2a: Jally Chi-Chi|spe|1
|-boost|p2a: Jally Chi-Chi|atk|1
|-boost|p2a: Jally Chi-Chi|def|1
|
|-heal|p2a: Jally Chi-Chi|45/100|[from] item: Leftovers
|-damage|p1a: Gallade|65/100|[from] Salt Cure
|turn|20
|
|move|p1a: Gallade|Psycho Cut|p2a: Jally Chi-Chi
|-damage|p2a: Jally Chi-Chi|22/100
|move|p2a: Jally Chi-Chi|Recover|p2a: Jally Chi-Chi
|-heal|p2a: Jally Chi-Chi|72/100
|
|-heal|p2a: Jally Chi-Chi|78/100|[from] item: Leftovers
|-damage|p1a: Gallade|53/100|[from] Salt Cure
|turn|21
|
|move|p1a: Gallade|Psycho Cut|p2a: Jally Chi-Chi
|-damage|p2a: Jally Chi-Chi|52/100
|move|p2a: Jally Chi-Chi|Earthquake|p1a: Gallade
|-damage|p1a: Gallade|0 fnt
|faint|p1a: Gallade
|
|win|p2
