|poke|p1|Kleavor, M|
|poke|p1|Samurott-Hisui, M|
|poke|p1|Gholdengo|
|poke|p1|Great Tusk|
|poke|p1|Enamorus, F|
|poke|p1|Dragapult, M|
|poke|p2|Volcarona, M|
|poke|p2|Torkoal, F|
|poke|p2|Arcanine-Hisui, F|
|poke|p2|Lilligant-Hisui, F|
|poke|p2|Gholdengo|
|poke|p2|Magearna|
|teampreview
|
|start
|switch|p1a: Kleavor|Kleavor, M|100/100
|switch|p2a: Magearna|Magearna|100/100
|turn|1
|
|move|p1a: Kleavor|Stone Axe|p2a: Magearna
|-resisted|p2a: Magearna
|-damage|p2a: Magearna|77/100
|-sidestart|p2: p2|move: Stealth Rock
|move|p2a: Magearna|Shift Gear|p2a: Magearna
|-boost|p2a: Magearna|spe|2
|-boost|p2a: Magearna|atk|1
|
|-heal|p2a: Magearna|83/100|[from] item: Leftovers
|turn|2
|
|switch|p1a: Gholdengo|Gholdengo|100/100
|move|p2a: Magearna|Calm Mind|p2a: Magearna
|-boost|p2a: Magearna|spa|1
|-boost|p2a: Magearna|spd|1
|
|-heal|p2a: Magearna|89/100|[from] item: Leftovers
|turn|3
|
|move|p2a: Magearna|Calm Mind|p2a: Magearna
|-boost|p2a: Magearna|spa|1
|-boost|p2a: Magearna|spd|1
|move|p1a: Gholdengo|Thunder Wave|p2a: Magearna
|-status|p2a: Magearna|par
|
|-heal|p2a: Magearna|95/100 par|[from] item: Leftovers
|turn|4
|
|move|p2a: Magearna|Stored Power|p1a: Gholdengo
|-resisted|p1a: Gholdengo
|-damage|p1a: Gholdengo|46/100
|move|p1a: Gholdengo|Nasty Plot|p1a: Gholdengo
|-boost|p1a: Gholdengo|spa|2
|
|-heal|p2a: Magearna|100/100 par|[from] item: Leftovers
|-heal|p1a: Gholdengo|52/100|[from] item: Leftovers
|turn|5
|
|move|p2a: Magearna|Stored Power|p1a: Gholdengo
|-resisted|p1a: Gholdengo
|-damage|p1a: Gholdengo|0 fnt
|faint|p1a: Gholdengo
|-ability|p2a: Magearna|Soul-Heart|boost
|-boost|p2a: Magearna|spa|1
|
|
|switch|p1a: Great Tusk|Great Tusk|100/100
|turn|6
|
|move|p1a: Great Tusk|Headlong Rush|p2a: Magearna
|-supereffective|p2a: Magearna
|-damage|p2a: Magearna|0 fnt
|-unboost|p1a: Great Tusk|def|1
|-unboost|p1a: Great Tusk|spd|1
|faint|p2a: Magearna
|
|
|switch|p2a: Torkoal|Torkoal, F|100/100
|-damage|p2a: Torkoal|76/100|[from] Stealth Rock
|-weather|SunnyDay|[from] ability: Drought|[of] p2a: Torkoal
|-activate|p1a: Great Tusk|ability: Protosynthesis
|-start|p1a: Great Tusk|protosynthesisatk
|turn|7
|
|switch|p2a: Lilligant|Lilligant-Hisui, F|100/100
|-damage|p2a: Lilligant|94/100|[from] Stealth Rock
|move|p1a: Great Tusk|Headlong Rush|p2a: Lilligant
|-resisted|p2a: Lilligant
|-damage|p2a: Lilligant|46/100
|-unboost|p1a: Great Tusk|def|1
|-unboost|p1a: Great Tusk|spd|1
|
|-weather|SunnyDay|[upkeep]
|-heal|p2a: Lilligant|52/100|[from] item: Leftovers
|turn|8
|
|-end|p1a: Great Tusk|Protosynthesis|[silent]
|switch|p1a: Kleavor|Kleavor, M|100/100
|move|p2a: Lilligant|Leaf Blade|p1a: Kleavor
|-crit|p1a: Kleavor
|-damage|p1a: Kleavor|34/100
|
|-weather|SunnyDay|[upkeep]
|-heal|p2a: Lilligant|58/100|[from] item: Leftovers
|turn|9
|
|move|p2a: Lilligant|Leaf Blade|p1a: Kleavor
|-damage|p1a: Kleavor|0 fnt
|faint|p1a: Kleavor
|
|-weather|SunnyDay|[upkeep]
|-heal|p2a: Lilligant|64/100|[from] item: Leftovers
|
|switch|p1a: Dragapult|Dragapult, M|100/100
|turn|10
|
|move|p2a: Lilligant|Leech Seed|p1a: Dragapult
|-start|p1a: Dragapult|move: Leech Seed
|move|p1a: Dragapult|Flamethrower|p2a: Lilligant
|-supereffective|p2a: Lilligant
|-damage|p2a: Lilligant|0 fnt
|faint|p2a: Lilligant
|
|-weather|SunnyDay|[upkeep]
|
|switch|p2a: Volcarona|Volcarona, M|100/100
|turn|11
|
|switch|p1a: Samurott|Samurott-Hisui, M|100/100
|move|p2a: Volcarona|Quiver Dance|p2a: Volcarona
|-boost|p2a: Volcarona|spa|1
|-boost|p2a: Volcarona|spd|1
|-boost|p2a: Volcarona|spe|1
|
|-weather|SunnyDay|[upkeep]
|turn|12
|
|move|p2a: Volcarona|Giga Drain|p1a: Samurott
|-supereffective|p1a: Samurott
|-damage|p1a: Samurott|18/100
|move|p1a: Samurott|Ceaseless Edge|p2a: Volcarona
|-damage|p2a: Volcarona|25/100
|-sidestart|p2: p2|Spikes
|-status|p1a: Samurott|brn|[from] ability: Flame Body|[of] p2a: Volcarona
|
|-weather|SunnyDay|[upkeep]
|-damage|p1a: Samurott|12/100 brn|[from] brn
|turn|13
|
|move|p1a: Samurott|Sucker Punch|p2a: Volcarona
|-crit|p2a: Volcarona
|-damage|p2a: Volcarona|0 fnt
|faint|p2a: Volcarona
|
|-weather|SunnyDay|[upkeep]
|-damage|p1a: Samurott|6/100 brn|[from] brn
|
|switch|p2a: Arcanine|Arcanine-Hisui, F|100/100
|-damage|p2a: Arcanine|76/100|[from] Stealth Rock
|-damage|p2a: Arcanine|63/100|[from] Spikes
|turn|14
|
|move|p1a: Samurott|Sucker Punch|p2a: Arcanine
|-damage|p2a: Arcanine|45/100
|move|p2a: Arcanine|Head Smash|p1a: Samurott|[miss]
|-miss|p2a: Arcanine|p1a: Samurott
|
|-weather|none
|-damage|p1a: Samurott|0 fnt|[from] brn
|faint|p1a: Samurott
|
|switch|p1a: Dragapult|Dragapult, M|100/100
|turn|15
|
|-terastallize|p1a: Dragapult|Ghost
|move|p2a: Arcanine|Head Smash|p1a: Dragapult
|-damage|p1a: Dragapult|5/100
|move|p1a: Dragapult|Shadow Ball|p2a: Arcanine
|-damage|p2a: Arcanine|0 fnt
|faint|p2a: Arcanine
|
|
|switch|p2a: Torkoal|Torkoal, F|76/100
|-damage|p2a: Torkoal|51/100|[from] Stealth Rock
|-damage|p2a: Torkoal|39/100|[from] Spikes
|-weather|SunnyDay|[from] ability: Drought|[of] p2a: Torkoal
|turn|16
|
|switch|p2a: Gholdengo|Gholdengo|100/100
|-damage|p2a: Gholdengo|94/100|[from] Stealth Rock
|-damage|p2a: Gholdengo|82/100|[from] Spikes
|move|p1a: Dragapult|Shadow Ball|p2a: Gholdengo
|-supereffective|p2a: Gholdengo
|-damage|p2a: Gholdengo|0 fnt
|faint|p2a: Gholdengo
|
|-weather|SunnyDay|[upkeep]
|-message|p2 forfeited.
|
|win|p1
