|poke|p1|Typhlosion-Hisui, M|
|poke|p1|Arboliva, F|
|poke|p1|Umbreon, M|
|poke|p1|Toxapex, F|
|poke|p1|Avalugg-Hisui, M|
|poke|p1|Raichu-Alola, F|
|poke|p2|Dragapult, F|
|poke|p2|Magearna|
|poke|p2|Chien-Pao|
|poke|p2|Sneasler, M|
|poke|p2|Zamazenta-*|
|poke|p2|Volcarona, F|
|teampreview
|
|start
|switch|p1a: Avalugg|Avalugg-Hisui, M|100/100
|switch|p2a: Dragapult|Dragapult, F|100/100
|turn|1
|
|move|p2a: Dragapult|Reflect|p2a: Dragapult
|-sidestart|p2: insertcatpuns|Reflect
|move|p1a: Avalugg|Stealth Rock|p2a: Dragapult
|-sidestart|p2: insertcatpuns|move: Stealth Rock
|
|turn|2
|
|move|p2a: Dragapult|Light Screen|p2a: Dragapult
|-sidestart|p2: insertcatpuns|move: Light Screen
|move|p1a: Avalugg|Ice Fang|p2a: Dragapult|[miss]
|-miss|p1a: Avalugg|p2a: Dragapult
|
|turn|3
|
|switch|p1a: Umbreon|Umbreon, M, shiny|100/100
|move|p2a: Dragapult|Will-O-Wisp|p1a: Umbreon
|-status|p1a: Umbreon|brn
|
|-damage|p1a: Umbreon|94/100 brn|[from] brn
|turn|4
|
|switch|p2a: Magearna|Magearna|100/100
|-damage|p2a: Magearna|94/100|[from] Stealth Rock
|move|p1a: Umbreon|Reflect|p1a: Umbreon
|-sidestart|p1: GasterBlaster31|Reflect
|
|-heal|p2a: Magearna|100/100|[from] item: Leftovers
|-damage|p1a: Umbreon|88/100 brn|[from] brn
|turn|5
|
|move|p2a: Magearna|Shift Gear|p2a: Magearna
|-boost|p2a: Magearna|spe|2
|-boost|p2a: Magearna|atk|1
|move|p1a: Umbreon|Light Screen|p1a: Umbreon
|-sidestart|p1: GasterBlaster31|move: Light Screen
|
|-damage|p1a: Umbreon|82/100 brn|[from] brn
|turn|6
|
|move|p2a: Magearna|Shift Gear|p2a: Magearna
|-boost|p2a: Magearna|spe|2
|-boost|p2a: Magearna|atk|1
|move|p1a: Umbreon|Thunder Wave|p2a: Magearna
|-status|p2a: Magearna|par
|
|-damage|p1a: Umbreon|76/100 brn|[from] brn
|turn|7
|
|switch|p1a: Arboliva|Arboliva, F|100/100
|move|p2a: Magearna|Calm Mind|p2a: Magearna
|-boost|p2a: Magearna|spa|1
|-boost|p2a: Magearna|spd|1
|
|turn|8
|
|move|p2a: Magearna|Calm Mind|p2a: Magearna
|-boost|p2a: Magearna|spa|1
|-boost|p2a: Magearna|spd|1
|move|p1a: Arboliva|Substitute|p1a: Arboliva
|-start|p1a: Arboliva|Substitute
|-damage|p1a: Arboliva|75/100
|
|-sideend|p2: insertcatpuns|Reflect
|turn|9
|
|move|p2a: Magearna|Calm Mind|p2a: Magearna
|-boost|p2a: Magearna|spa|1
|-boost|p2a: Magearna|spd|1
|move|p1a: Arboliva|Strength Sap|p2a: Magearna
|-unboost|p2a: Magearna|atk|1
|-heal|p1a: Arboliva|100/100
|
|-sideend|p2: insertcatpuns|move: Light Screen
|turn|10
|
|move|p2a: Magearna|Draining Kiss|p1a: Arboliva
|-activate|p1a: Arboliva|move: Substitute|[damage]
|move|p1a: Arboliva|Earth Power|p2a: Magearna
|-supereffective|p2a: Magearna
|-damage|p2a: Magearna|83/100 par
|-unboost|p2a: Magearna|spd|1
|
|-heal|p2a: Magearna|89/100 par|[from] item: Leftovers
|turn|11
|
|move|p2a: Magearna|Calm Mind|p2a: Magearna
|-boost|p2a: Magearna|spa|1
|-boost|p2a: Magearna|spd|1
|move|p1a: Arboliva|Earth Power|p2a: Magearna
|-supereffective|p2a: Magearna
|-damage|p2a: Magearna|72/100 par
|
|-heal|p2a: Magearna|78/100 par|[from] item: Leftovers
|-sideend|p1: GasterBlaster31|Reflect
|turn|12
|
|move|p2a: Magearna|Calm Mind|p2a: Magearna
|-boost|p2a: Magearna|spa|1
|-boost|p2a: Magearna|spd|1
|move|p1a: Arboliva|Earth Power|p2a: Magearna
|-supereffective|p2a: Magearna
|-damage|p2a: Magearna|64/100 par
|
|-heal|p2a: Magearna|70/100 par|[from] item: Leftovers
|-sideend|p1: GasterBlaster31|move: Light Screen
|turn|13
|
|move|p2a: Magearna|Draining Kiss|p1a: Arboliva
|-end|p1a: Arboliva|Substitute
|-heal|p2a: Magearna|71/100 par|[from] drain|[of] p1a: Arboliva
|move|p1a: Arboliva|Earth Power|p2a: Magearna
|-supereffective|p2a: Magearna
|-damage|p2a: Magearna|58/100 par
|
|-heal|p2a: Magearna|64/100 par|[from] item: Leftovers
|turn|14
|
|switch|p1a: Typhlosion|Typhlosion-Hisui, M, shiny|100/100
|move|p2a: Magearna|Draining Kiss|p1a: Typhlosion
|-resisted|p1a: Typhlosion
|-damage|p1a: Typhlosion|43/100
|-heal|p2a: Magearna|100/100 par|[from] drain|[of] p1a: Typhlosion
|
|turn|15
|
|cant|p2a: Magearna|par
|move|p1a: Typhlosion|Lava Plume|p2a: Magearna
|-supereffective|p2a: Magearna
|-damage|p2a: Magearna|77/100 par
|
|-heal|p2a: Magearna|83/100 par|[from] item: Leftovers
|turn|16
|
|move|p2a: Magearna|Draining Kiss|p1a: Typhlosion
|-resisted|p1a: Typhlosion
|-damage|p1a: Typhlosion|0 fnt
|-heal|p2a: Magearna|100/100 par|[from] drain|[of] p1a: Typhlosion
|faint|p1a: Typhlosion
|-ability|p2a: Magearna|Soul-Heart|boost
|-boost|p2a: Magearna|spa|1
|
|
|switch|p1a: Toxapex|Toxapex, F|100/100
|turn|17
|
|move|p1a: Toxapex|Baneful Bunker|p1a: Toxapex
|-singleturn|p1a: Toxapex|move: Protect
|move|p2a: Magearna|Stored Power|p1a: Toxapex
|-activate|p1a: Toxapex|move: Protect
|
|turn|18
|
|switch|p1a: Umbreon|Umbreon, M, shiny|76/100 brn
|cant|p2a: Magearna|par
|
|-damage|p1a: Umbreon|70/100 brn|[from] brn
|turn|19
|
|move|p2a: Magearna|Draining Kiss|p1a: Umbreon
|-supereffective|p1a: Umbreon
|-damage|p1a: Umbreon|0 fnt
|faint|p1a: Umbreon
|
|
|switch|p1a: Avalugg|Avalugg-Hisui, M|100/100
|turn|20
|
|move|p2a: Magearna|Stored Power|p1a: Avalugg
|-damage|p1a: Avalugg|0 fnt
|faint|p1a: Avalugg
|
|
|switch|p1a: Raichu|Raichu-Alola, F|100/100
|turn|21
|
|move|p1a: Raichu|Surf|p2a: Magearna
|-damage|p2a: Magearna|90/100 par
|move|p2a: Magearna|Stored Power|p1a: Raichu
|-resisted|p1a: Raichu
|-damage|p1a: Raichu|0 fnt
|faint|p1a: Raichu
|
|-heal|p2a: Magearna|96/100 par|[from] item: Leftovers
|
|switch|p1a: Arboliva|Arboliva, F|100/100
|turn|22
|
|move|p2a: Magearna|Stored Power|p1a: Arboliva
|-damage|p1a: Arboliva|0 fnt
|faint|p1a: Arboliva
|
|-heal|p2a: Magearna|100/100 par|[from] item: Leftovers
|
|switch|p1a: Toxapex|Toxapex, F|100/100
|turn|23
|
|move|p1a: Toxapex|Baneful Bunker|p1a: Toxapex
|-singleturn|p1a: Toxapex|move: Protect
|move|p2a: Magearna|Stored Power|p1a: Toxapex
|-activate|p1a: Toxapex|move: Protect
|
|turn|24
|
|move|p2a: Magearna|Stored Power|p1a: Toxapex
|-supereffective|p1a: Toxapex
|-damage|p1a: Toxapex|0 fnt
|faint|p1a: Toxapex
|
|win|insertcatpuns
