|poke|p1|Armarouge, M|
|poke|p1|Volcanion|
|poke|p1|Haxorus, M|
|poke|p1|Arboliva, M|
|poke|p1|Kleavor, M|
|poke|p1|Azelf|
|poke|p2|Garchomp, F|
|poke|p2|Magearna|
|poke|p2|Zapdos|
|poke|p2|Sneasler, M|
|poke|p2|Zamazenta-*|
|poke|p2|Chien-Pao|
|teampreview
|
|start
|switch|p1a: Azelf|Azelf|100/100
|switch|p2a: Sneasler|Sneasler, M|100/100
|turn|1
|
|move|p2a: Sneasler|U-turn|p1a: Azelf
|-supereffective|p1a: Azelf
|-damage|p1a: Azelf|32/100
|-status|p1a: Azelf|psn|[from] ability: Poison Touch|[of] p2a: Sneasler
|
|switch|p2a: Chien-Pao|Chien-Pao|100/100|[from] U-turn
|-ability|p2a: Chien-Pao|Sword of Ruin
|move|p1a: Azelf|Reflect|p1a: Azelf
|-sidestart|p1: Kidzukaworld|Reflect
|
|-damage|p1a: Azelf|20/100 psn|[from] psn
|turn|2
|
|move|p2a: Chien-Pao|Crunch|p1a: Azelf
|-supereffective|p1a: Azelf
|-damage|p1a: Azelf|0 fnt
|faint|p1a: Azelf
|
|
|switch|p1a: Kleavor|Kleavor, M|100/100
|turn|3
|
|switch|p2a: Zamazenta|Zamazenta-Crowned, shiny|100/100
|-ability|p2a: Zamazenta|Dauntless Shield|boost
|-boost|p2a: Zamazenta|def|1
|move|p1a: Kleavor|Agility|p1a: Kleavor
|-boost|p1a: Kleavor|spe|2
|
|turn|4
|
|move|p1a: Kleavor|Swords Dance|p1a: Kleavor
|-boost|p1a: Kleavor|atk|2
|move|p2a: Zamazenta|Iron Defense|p2a: Zamazenta
|-boost|p2a: Zamazenta|def|2
|
|turn|5
|
|move|p1a: Kleavor|Stone Axe|p2a: Zamazenta
|-resisted|p2a: Zamazenta
|-crit|p2a: Zamazenta
|-damage|p2a: Zamazenta|74/100
|-sidestart|p2: This December|move: Stealth Rock
|move|p2a: Zamazenta|Iron Defense|p2a: Zamazenta
|-boost|p2a: Zamazenta|def|2
|
|-sideend|p1: Kidzukaworld|Reflect
|turn|6
|
|move|p1a: Kleavor|Swords Dance|p1a: Kleavor
|-boost|p1a: Kleavor|atk|2
|move|p2a: Zamazenta|Body Press|p1a: Kleavor
|-damage|p1a: Kleavor|0 fnt
|faint|p1a: Kleavor
|
|
|switch|p1a: Volcanion|Volcanion|100/100
|turn|7
|
|move|p1a: Volcanion|Fire Blast|p2a: Zamazenta
|-supereffective|p2a: Zamazenta
|-damage|p2a: Zamazenta|4/100
|move|p2a: Zamazenta|Body Press|p1a: Volcanion
|-damage|p1a: Volcanion|0 fnt
|faint|p1a: Volcanion
|
|
|switch|p1a: Haxorus|Haxorus, M, shiny|100/100
|-ability|p1a: Haxorus|Mold Breaker
|turn|8
|
|move|p2a: Zamazenta|Body Press|p1a: Haxorus
|-damage|p1a: Haxorus|0 fnt
|faint|p1a: Haxorus
|
|
|switch|p1a: Arboliva|Arboliva, M|100/100
|turn|9
|
|switch|p1a: Armarouge|Armarouge, M|100/100
|move|p2a: Zamazenta|Body Press|p1a: Armarouge
|-resisted|p1a: Armarouge
|-damage|p1a: Armarouge|31/100
|-ability|p1a: Armarouge|Weak Armor|boost
|-unboost|p1a: Armarouge|def|1
|-boost|p1a: Armarouge|spe|2
|
|turn|10
|
|move|p1a: Armarouge|Stored Power|p2a: Zamazenta
|-damage|p2a: Zamazenta|0 fnt
|faint|p2a: Zamazenta
|
|
|switch|p2a: Sneasler|Sneasler, M|100/100
|-damage|p2a: Sneasler|95/100|[from] Stealth Rock
|turn|11
|
|move|p2a: Sneasler|Close Combat|p1a: Armarouge
|-resisted|p1a: Armarouge
|-damage|p1a: Armarouge|0 fnt
|-unboost|p2a: Sneasler|def|1
|-unboost|p2a: Sneasler|spd|1
|faint|p1a: Armarouge
|
|
|switch|p1a: Arboliva|Arboliva, M|100/100
|turn|12
|
|move|p2a: Sneasler|Close Combat|p1a: Arboliva
|-supereffective|p1a: Arboliva
|-damage|p1a: Arboliva|0 fnt
|-unboost|p2a: Sneasler|def|1
|-unboost|p2a: Sneasler|spd|1
|-fieldstart|move: Grassy Terrain|[from] ability: Seed Sower|[of] p1a: Arboliva
|faint|p1a: Arboliva
|
|win|This December
