|poke|p1|Slowbro, F|
|poke|p1|Iron Moth|
|poke|p1|Iron Treads|
|poke|p1|Hippowdon, F|
|poke|p1|Iron Valiant|
|poke|p1|Iron Jugulis|
|poke|p2|Rotom-Frost|
|poke|p2|Charizard, M|
|poke|p2|Roaring Moon|
|poke|p2|Gholdengo|
|poke|p2|Krookodile, M|
|poke|p2|Scream Tail|
|teampreview
|
|start
|switch|p1a: Iron Treads|Iron Treads|100/100
|switch|p2a: Rotom|Rotom-Frost|100/100
|turn|1
|
|switch|p2a: Krookodile|Krookodile, M|100/100
|-ability|p2a: Krookodile|Intimidate|boost
|-unboost|p1a: Iron Treads|atk|1
|move|p1a: Iron Treads|Stealth Rock|p2a: Krookodile
|-sidestart|p2: p2|move: Stealth Rock
|
|turn|2
|
|-end|p1a: Iron Treads|Quark Drive|[silent]
|switch|p1a: Slowbro|Slowbro, F|100/100
|move|p2a: Krookodile|Earthquake|p1a: Slowbro
|-damage|p1a: Slowbro|71/100
|
|turn|3
|
|move|p2a: Krookodile|Crunch|p1a: Slowbro
|-supereffective|p1a: Slowbro
|-damage|p1a: Slowbro|28/100
|-damage|p2a: Krookodile|84/100|[from] item: Rocky Helmet|[of] p1a: Slowbro
|move|p1a: Slowbro|Chilling Water|p2a: Krookodile
|-supereffective|p2a: Krookodile
|-damage|p2a: Krookodile|34/100
|-unboost|p2a: Krookodile|atk|1
|
|-heal|p2a: Krookodile|40/100|[from] item: Leftovers
|turn|4
|
|switch|p1a: Hippowdon|Hippowdon, F|100/100
|-weather|Sandstorm|[from] ability: Sand Stream|[of] p1a: Hippowdon
|move|p2a: Krookodile|Crunch|p1a: Hippowdon
|-damage|p1a: Hippowdon|85/100
|-unboost|p1a: Hippowdon|def|1
|-damage|p2a: Krookodile|24/100|[from] item: Rocky Helmet|[of] p1a: Hippowdon
|
|-weather|Sandstorm|[upkeep]
|-heal|p2a: Krookodile|30/100|[from] item: Leftovers
|turn|5
|
|move|p2a: Krookodile|Stealth Rock|p1a: Hippowdon
|-sidestart|p1: p1|move: Stealth Rock
|move|p1a: Hippowdon|Roar|p2a: Krookodile
|drag|p2a: Rotom|Rotom-Frost|100/100
|-damage|p2a: Rotom|76/100|[from] Stealth Rock
|
|-weather|Sandstorm|[upkeep]
|-damage|p2a: Rotom|69/100|[from] Sandstorm
|-status|p2a: Rotom|tox|[from] item: Toxic Orb
|turn|6
|
|switch|p1a: Iron Treads|Iron Treads|100/100
|-damage|p1a: Iron Treads|98/100|[from] Stealth Rock
|move|p2a: Rotom|Trick|p1a: Iron Treads
|-activate|p2a: Rotom|move: Trick|[of] p1a: Iron Treads
|-item|p1a: Iron Treads|Toxic Orb|[from] move: Trick
|-item|p2a: Rotom|Shuca Berry|[from] move: Trick
|
|-weather|Sandstorm|[upkeep]
|-damage|p2a: Rotom|63/100 tox|[from] Sandstorm
|-damage|p2a: Rotom|57/100 tox|[from] psn
|turn|7
|
|move|p1a: Iron Treads|Rapid Spin|p2a: Rotom
|-crit|p2a: Rotom
|-damage|p2a: Rotom|31/100 tox
|-boost|p1a: Iron Treads|spe|1
|-sideend|p1: p1|Stealth Rock|[from] move: Rapid Spin|[of] p1a: Iron Treads
|move|p2a: Rotom|Blizzard|p1a: Iron Treads
|-damage|p1a: Iron Treads|39/100
|
|-weather|Sandstorm|[upkeep]
|-damage|p2a: Rotom|25/100 tox|[from] Sandstorm
|-damage|p2a: Rotom|13/100 tox|[from] psn
|turn|8
|
|move|p1a: Iron Treads|Rapid Spin|p2a: Rotom
|-damage|p2a: Rotom|0 fnt
|-boost|p1a: Iron Treads|spe|1
|faint|p2a: Rotom
|
|-weather|none
|
|switch|p2a: Krookodile|Krookodile, M|30/100
|-damage|p2a: Krookodile|24/100|[from] Stealth Rock
|-ability|p2a: Krookodile|Intimidate|boost
|-unboost|p1a: Iron Treads|atk|1
|turn|9
|
|move|p1a: Iron Treads|Megahorn|p2a: Krookodile
|-supereffective|p2a: Krookodile
|-damage|p2a: Krookodile|0 fnt
|faint|p2a: Krookodile
|
|
|switch|p2a: Scream Tail|Scream Tail|100/100
|-damage|p2a: Scream Tail|88/100|[from] Stealth Rock
|turn|10
|
|-end|p1a: Iron Treads|Quark Drive|[silent]
|switch|p1a: Iron Moth|Iron Moth|100/100
|move|p2a: Scream Tail|Fire Punch|p1a: Iron Moth
|-resisted|p1a: Iron Moth
|-damage|p1a: Iron Moth|87/100
|
|-heal|p2a: Scream Tail|94/100|[from] item: Leftovers
|turn|11
|
|move|p1a: Iron Moth|Fiery Dance|p2a: Scream Tail
|-damage|p2a: Scream Tail|49/100
|move|p2a: Scream Tail|Bulk Up|p2a: Scream Tail
|-boost|p2a: Scream Tail|atk|1
|-boost|p2a: Scream Tail|def|1
|
|-heal|p2a: Scream Tail|55/100|[from] item: Leftovers
|turn|12
|
|move|p1a: Iron Moth|Fiery Dance|p2a: Scream Tail
|-damage|p2a: Scream Tail|15/100
|-boost|p1a: Iron Moth|spa|1
|move|p2a: Scream Tail|Psychic Fangs|p1a: Iron Moth
|-supereffective|p1a: Iron Moth
|-damage|p1a: Iron Moth|0 fnt
|faint|p1a: Iron Moth
|-end|p1a: Iron Moth|Quark Drive|[silent]
|
|-heal|p2a: Scream Tail|21/100|[from] item: Leftovers
|
|switch|p1a: Iron Treads|Iron Treads|39/100
|turn|13
|
|move|p1a: Iron Treads|Heavy Slam|p2a: Scream Tail
|-supereffective|p2a: Scream Tail
|-damage|p2a: Scream Tail|0 fnt
|faint|p2a: Scream Tail
|-end|p2a: Scream Tail|Protosynthesis|[silent]
|
|
|switch|p2a: Gholdengo|Gholdengo|100/100
|-damage|p2a: Gholdengo|94/100|[from] Stealth Rock
|turn|14
|
|move|p1a: Iron Treads|Heavy Slam|p2a: Gholdengo
|-resisted|p2a: Gholdengo
|-damage|p2a: Gholdengo|67/100
|move|p2a: Gholdengo|Shadow Ball|p1a: Iron Treads
|-damage|p1a: Iron Treads|0 fnt
|faint|p1a: Iron Treads
|-end|p1a: Iron Treads|Quark Drive|[silent]
|
|
|switch|p1a: Iron Jugulis|Iron Jugulis|100/100
|turn|15
|
|switch|p2a: Charizard|Charizard, M|100/100
|move|p1a: Iron Jugulis|Knock Off|p2a: Charizard
|-damage|p2a: Charizard|64/100
|-enditem|p2a: Charizard|Heavy-Duty Boots|[from] move: Knock Off|[of] p1a: Iron Jugulis
|
|turn|16
|
|move|p1a: Iron Jugulis|Hydro Pump|p2a: Charizard
|-supereffective|p2a: Charizard
|-damage|p2a: Charizard|0 fnt
|faint|p2a: Charizard
|
|
|switch|p2a: Gholdengo|Gholdengo|67/100
|-damage|p2a: Gholdengo|60/100|[from] Stealth Rock
|turn|17
|
|move|p1a: Iron Jugulis|Knock Off|p2a: Gholdengo
|-supereffective|p2a: Gholdengo
|-crit|p2a: Gholdengo
|-damage|p2a: Gholdengo|0 fnt
|-enditem|p2a: Gholdengo|Choice Specs|[from] move: Knock Off|[of] p1a: Iron Jugulis
|faint|p2a: Gholdengo
|
|
|switch|p2a: Roaring Moon|Roaring Moon|100/100
|-damage|p2a: Roaring Moon|88/100|[from] Stealth Rock
|-enditem|p2a: Roaring Moon|Booster Energy
|-activate|p2a: Roaring Moon|ability: Protosynthesis|[fromitem]
|-start|p2a: Roaring Moon|protosynthesisatk
|turn|18
|
|move|p2a: Roaring Moon|Dragon Dance|p2a: Roaring Moon
|-boost|p2a: Roaring Moon|atk|1
|-boost|p2a: Roaring Moon|spe|1
|move|p1a: Iron Jugulis|Dragon Pulse|p2a: Roaring Moon
|-supereffective|p2a: Roaring Moon
|-damage|p2a: Roaring Moon|32/100
|
|turn|19
|
|-terastallize|p2a: Roaring Moon|Dragon
|move|p2a: Roaring Moon|Outrage|p1a: Iron Jugulis
|-damage|p1a: Iron Jugulis|0 fnt
|faint|p1a: Iron Jugulis
|-end|p1a: Iron Jugulis|Quark Drive|[silent]
|
|
|switch|p1a: Iron Valiant|Iron Valiant|100/100
|-enditem|p1a: Iron Valiant|Booster Energy
|-activate|p1a: Iron Valiant|ability: Quark Drive|[fromitem]
|-start|p1a: Iron Valiant|quarkdrivespe
|turn|20
|
|-terastallize|p1a: Iron Valiant|Fairy
|move|p1a: Iron Valiant|Close Combat|p2a: Roaring Moon
|-damage|p2a: Roaring Moon|0 fnt
|-unboost|p1a: Iron Valiant|def|1
|-unboost|p1a: Iron Valiant|spd|1
|faint|p2a: Roaring Moon
|-end|p2a: Roaring Moon|Protosynthesis|[silent]
|
|win|p1
