|poke|p1|Baxcalibur, M|
|poke|p1|Gholdengo|
|poke|p1|Decidueye-Hisui, M|
|poke|p1|Clodsire, F|
|poke|p1|Greninja, M|
|poke|p1|Tinkaton, F|
|poke|p2|Samurott-Hisui, M|
|poke|p2|Dragapult, F|
|poke|p2|Sneasler, M|
|poke|p2|Magearna|
|poke|p2|Volcarona, F|
|poke|p2|Zamazenta-*|
|teampreview
|
|start
|switch|p1a: Decidueye|Decidueye-Hisui, M|100/100
|switch|p2a: Dragapult|Dragapult, F|100/100
|turn|1
|
|move|p1a: Decidueye|Sucker Punch||[still]
|-fail|p1a: Decidueye
|move|p2a: Dragapult|Reflect|p2a: Dragapult
|-sidestart|p2: Pelipper do Pix|Reflect
|
|turn|2
|
|switch|p2a: Samurott|Samurott-Hisui, M|100/100
|move|p1a: Decidueye|Shadow Claw|p2a: Samurott
|-resisted|p2a: Samurott
|-damage|p2a: Samurott|92/100
|
|turn|3
|
|move|p2a: Samurott|Ceaseless Edge|p1a: Decidueye
|-resisted|p1a: Decidueye
|-damage|p1a: Decidueye|76/100
|-sidestart|p1: Chosen for the win|Spikes
|move|p1a: Decidueye|Leaf Blade|p2a: Samurott
|-supereffective|p2a: Samurott
|-damage|p2a: Samurott|25/100
|
|turn|4
|
|move|p2a: Samurott|Ceaseless Edge|p1a: Decidueye
|-resisted|p1a: Decidueye
|-damage|p1a: Decidueye|48/100
|-sidestart|p1: Chosen for the win|Spikes
|move|p1a: Decidueye|Leaf Blade|p2a: Samurott
|-supereffective|p2a: Samurott
|-damage|p2a: Samurott|0 fnt
|faint|p2a: Samurott
|
|
|switch|p2a: Sneasler|Sneasler, M|100/100
|-item|p2a: Sneasler|Air Balloon
|turn|5
|
|switch|p1a: Clodsire|Clodsire, F|100/100
|-damage|p1a: Clodsire|84/100|[from] Spikes
|move|p2a: Sneasler|Dire Claw|p1a: Clodsire
|-resisted|p1a: Clodsire
|-damage|p1a: Clodsire|70/100
|
|turn|6
|
|switch|p2a: Dragapult|Dragapult, F|100/100
|move|p1a: Clodsire|Gunk Shot|p2a: Dragapult
|-resisted|p2a: Dragapult
|-damage|p2a: Dragapult|92/100
|
|turn|7
|
|move|p2a: Dragapult|Light Screen|p2a: Dragapult
|-sidestart|p2: Pelipper do Pix|move: Light Screen
|move|p1a: Clodsire|Earthquake|p2a: Dragapult
|-damage|p2a: Dragapult|77/100
|
|turn|8
|
|switch|p1a: Tinkaton|Tinkaton, F|100/100
|-damage|p1a: Tinkaton|84/100|[from] Spikes
|move|p2a: Dragapult|Curse|p1a: Tinkaton
|-start|p1a: Tinkaton|Curse|[of] p2a: Dragapult
|-damage|p2a: Dragapult|27/100
|
|-heal|p1a: Tinkaton|90/100|[from] item: Leftovers
|-damage|p1a: Tinkaton|65/100|[from] Curse
|-sideend|p2: Pelipper do Pix|Reflect
|turn|9
|
|move|p2a: Dragapult|Reflect|p2a: Dragapult
|-sidestart|p2: Pelipper do Pix|Reflect
|move|p1a: Tinkaton|Play Rough|p2a: Dragapult
|-supereffective|p2a: Dragapult
|-damage|p2a: Dragapult|0 fnt
|faint|p2a: Dragapult
|
|-heal|p1a: Tinkaton|72/100|[from] item: Leftovers
|-damage|p1a: Tinkaton|47/100|[from] Curse
|
|switch|p2a: Volcarona|Volcarona, F|100/100
|turn|10
|
|switch|p1a: Greninja|Greninja, M, shiny|100/100
|-damage|p1a: Greninja|84/100|[from] Spikes
|move|p2a: Volcarona|Quiver Dance|p2a: Volcarona
|-boost|p2a: Volcarona|spa|1
|-boost|p2a: Volcarona|spd|1
|-boost|p2a: Volcarona|spe|1
|
|turn|11
|
|move|p1a: Greninja|Water Shuriken|p2a: Volcarona
|-start|p1a: Greninja|typechange|Water|[from] ability: Protean
|-supereffective|p2a: Volcarona
|-damage|p2a: Volcarona|94/100
|-supereffective|p2a: Volcarona
|-damage|p2a: Volcarona|88/100
|-supereffective|p2a: Volcarona
|-damage|p2a: Volcarona|81/100
|-hitcount|p2a: Volcarona|3
|-damage|p1a: Greninja|74/100|[from] item: Life Orb
|move|p2a: Volcarona|Giga Drain|p1a: Greninja
|-supereffective|p1a: Greninja
|-damage|p1a: Greninja|0 fnt
|-heal|p2a: Volcarona|100/100|[from] drain|[of] p1a: Greninja
|faint|p1a: Greninja
|
|
|switch|p1a: Gholdengo|Gholdengo|100/100
|-damage|p1a: Gholdengo|84/100|[from] Spikes
|turn|12
|
|move|p2a: Volcarona|Fiery Dance|p1a: Gholdengo
|-supereffective|p1a: Gholdengo
|-damage|p1a: Gholdengo|0 fnt
|faint|p1a: Gholdengo
|
|
|switch|p1a: Clodsire|Clodsire, F|70/100
|-damage|p1a: Clodsire|53/100|[from] Spikes
|turn|13
|
|move|p2a: Volcarona|Giga Drain|p1a: Clodsire
|-damage|p1a: Clodsire|31/100
|move|p1a: Clodsire|Recover|p1a: Clodsire
|-heal|p1a: Clodsire|81/100
|
|turn|14
|
|-terastallize|p2a: Volcarona|Ground
|move|p2a: Volcarona|Tera Blast|p1a: Clodsire
|-supereffective|p1a: Clodsire
|-damage|p1a: Clodsire|15/100
|move|p1a: Clodsire|Toxic|p2a: Volcarona
|-status|p2a: Volcarona|tox
|
|-damage|p2a: Volcarona|94/100 tox|[from] psn
|-sideend|p2: Pelipper do Pix|move: Light Screen
|turn|15
|
|switch|p1a: Tinkaton|Tinkaton, F|47/100
|-damage|p1a: Tinkaton|30/100|[from] Spikes
|move|p2a: Volcarona|Tera Blast|p1a: Tinkaton
|-supereffective|p1a: Tinkaton
|-damage|p1a: Tinkaton|0 fnt
|faint|p1a: Tinkaton
|
|-damage|p2a: Volcarona|82/100 tox|[from] psn
|
|switch|p1a: Baxcalibur|Baxcalibur, M|100/100
|-damage|p1a: Baxcalibur|84/100|[from] Spikes
|turn|16
|
|move|p2a: Volcarona|Fiery Dance|p1a: Baxcalibur
|-damage|p1a: Baxcalibur|15/100
|-boost|p2a: Volcarona|spa|1
|-ability|p1a: Baxcalibur|Thermal Exchange|boost
|-boost|p1a: Baxcalibur|atk|1
|move|p1a: Baxcalibur|Avalanche|p2a: Volcarona
|-supereffective|p2a: Volcarona
|-damage|p2a: Volcarona|0 fnt
|faint|p2a: Volcarona
|
|-sideend|p2: Pelipper do Pix|Reflect
|
|switch|p2a: Magearna|Magearna|100/100
|turn|17
|
|-terastallize|p1a: Baxcalibur|Fire
|move|p2a: Magearna|Iron Defense|p2a: Magearna
|-boost|p2a: Magearna|def|2
|move|p1a: Baxcalibur|Iron Head|p2a: Magearna
|-damage|p2a: Magearna|84/100
|
|-heal|p2a: Magearna|90/100|[from] item: Leftovers
|turn|18
|
|move|p2a: Magearna|Calm Mind|p2a: Magearna
|-boost|p2a: Magearna|spa|1
|-boost|p2a: Magearna|spd|1
|move|p1a: Baxcalibur|Tera Blast|p2a: Magearna
|-supereffective|p2a: Magearna
|-damage|p2a: Magearna|37/100
|
|-heal|p2a: Magearna|43/100|[from] item: Leftovers
|turn|19
|
|move|p2a: Magearna|Stored Power|p1a: Baxcalibur
|-damage|p1a: Baxcalibur|0 fnt
|faint|p1a: Baxcalibur
|-ability|p2a: Magearna|Soul-Heart|boost
|-boost|p2a: Magearna|spa|1
|
|-heal|p2a: Magearna|50/100|[from] item: Leftovers
|
|switch|p1a: Decidueye|Decidueye-Hisui, M|48/100
|-damage|p1a: Decidueye|32/100|[from] Spikes
|turn|20
|
|move|p2a: Magearna|Draining Kiss|p1a: Decidueye
|-supereffective|p1a: Decidueye
|-damage|p1a: Decidueye|0 fnt
|-heal|p2a: Magearna|74/100|[from] drain|[of] p1a: Decidueye
|faint|p1a: Decidueye
|-ability|p2a: Magearna|Soul-Heart|boost
|-boost|p2a: Magearna|spa|1
|
|-heal|p2a: Magearna|80/100|[from] item: Leftovers
|
|switch|p1a: Clodsire|Clodsire, F|15/100
|-damage|p1a: Clodsire|0 fnt|[from] Spikes
|faint|p1a: Clodsire
|
|win|Pelipper do Pix
