# advantage = p1
|poke|p1|Samurott-Hisui, F|
|poke|p1|Gholdengo|
|poke|p1|Sneasler, M|
|poke|p1|Landorus-Therian, M|
|poke|p1|Heatran, F|
|poke|p1|Kilowattrel, M|
|poke|p2|Lokix, M|
|poke|p2|Iron Valiant|
|poke|p2|Baxcalibur, M|
|poke|p2|Gholdengo|
|poke|p2|Garganacl, M|
|poke|p2|Cinderace, F|
|teampreview
|
|start
|switch|p1a: Landorus|Landorus-Therian, M|100/100
|switch|p2a: Gholdengo|Gholdengo|100/100
|-ability|p1a: Landorus|Intimidate|boost
|-unboost|p2a: Gholdengo|atk|1
|turn|1
|
|move|p2a: Gholdengo|Make It Rain|p1a: Landorus
|-damage|p1a: Landorus|29/100
|-unboost|p2a: Gholdengo|spa|1
|move|p1a: Landorus|U-turn|p2a: Gholdengo
|-resisted|p2a: Gholdengo
|-damage|p2a: Gholdengo|95/100
|
|switch|p1a: Samurott|Samurott-Hisui, F|100/100|[from] U-turn
|
|turn|2
|
|switch|p2a: Baxcalibur|Baxcalibur, M|100/100
|move|p1a: Samurott|Ceaseless Edge|p2a: Baxcalibur
|-damage|p2a: Baxcalibur|66/100
|-sidestart|p2: p2|Spikes
|
|turn|3
|
|switch|p1a: Sneasler|Sneasler, M|100/100
|move|p2a: Baxcalibur|Dragon Dance|p2a: Baxcalibur
|-boost|p2a: Baxcalibur|atk|1
|-boost|p2a: Baxcalibur|spe|1
|
|turn|4
|
|move|p2a: Baxcalibur|Earthquake|p1a: Sneasler
|-supereffective|p1a: Sneasler
|-damage|p1a: Sneasler|0 fnt
|faint|p1a: Sneasler
|
|
|switch|p1a: Heatran|Heatran, F|100/100
|turn|5
|
|-terastallize|p2a: Baxcalibur|Ground
|-terastallize|p1a: Heatran|Grass
|move|p2a: Baxcalibur|Dragon Dance|p2a: Baxcalibur
|-boost|p2a: Baxcalibur|atk|1
|-boost|p2a: Baxcalibur|spe|1
|move|p1a: Heatran|Earth Power|p2a: Baxcalibur
|-damage|p2a: Baxcalibur|40/100
|
|turn|6
|
|move|p2a: Baxcalibur|Icicle Spear|p1a: Heatran
|-supereffective|p1a: Heatran
|-damage|p1a: Heatran|55/100
|-supereffective|p1a: Heatran
|-damage|p1a: Heatran|7/100
|-supereffective|p1a: Heatran
|-damage|p1a: Heatran|0 fnt
|faint|p1a: Heatran
|-hitcount|p1: Heatran|3
|
|-message|p1 forfeited.
|
|win|p2
