|poke|p1|Rillaboom, F|
|poke|p1|Chien-Pao|
|poke|p1|Gholdengo|
|poke|p1|Ursaluna, M|
|poke|p1|Zoroark-Hisui, M|
|poke|p1|Gastrodon-East, M|
|poke|p2|Chien-Pao|
|poke|p2|Gholdengo|
|poke|p2|Tyranitar, F|
|poke|p2|Quaquaval, M|
|poke|p2|Amoonguss, F|
|poke|p2|Iron Treads|
|teampreview
|
|start
|switch|p1a: Gastrodon|Gastrodon-East, M|100/100
|switch|p2a: Chien-Pao|Chien-Pao|100/100
|-ability|p2a: Chien-Pao|Sword of Ruin
|turn|1
|
|move|p2a: Chien-Pao|Sacred Sword|p1a: Gastrodon
|-immune|p1a: Gastrodon
|move|p1a: Gastrodon|Hyper Voice|p2a: Chien-Pao
|-enditem|p2a: Chien-Pao|Focus Sash
|-damage|p2a: Chien-Pao|1/100
|
|turn|2
|
|move|p2a: Chien-Pao|Sucker Punch|p1a: Gastrodon
|-supereffective|p1a: Gastrodon
|-damage|p1a: Gastrodon|0 fnt
|replace|p1a: Zoroark|Zoroark-Hisui, M, shiny
|-end|p1a: Zoroark|Illusion
|faint|p1a: Zoroark
|
|
|switch|p1a: Gastrodon|Gastrodon-East, M|100/100
|turn|3
|
|switch|p2a: Amoonguss|Amoonguss, F|100/100
|move|p1a: Gastrodon|Stealth Rock|p2a: Amoonguss
|-sidestart|p2: sahil0819|move: Stealth Rock
|
|turn|4
|
|switch|p1a: Rillaboom|Rillaboom, F, shiny|100/100
|-fieldstart|move: Grassy Terrain|[from] ability: Grassy Surge|[of] p1a: Rillaboom
|-enditem|p1a: Rillaboom|Grassy Seed
|-boost|p1a: Rillaboom|def|1|[from] item: Grassy Seed
|move|p2a: Amoonguss|Toxic|p1a: Rillaboom
|-status|p1a: Rillaboom|tox
|
|-damage|p1a: Rillaboom|94/100 tox|[from] psn
|turn|5
|
|move|p1a: Rillaboom|Swords Dance|p1a: Rillaboom
|-boost|p1a: Rillaboom|atk|2
|move|p2a: Amoonguss|Sludge Bomb|p1a: Rillaboom
|-supereffective|p1a: Rillaboom
|-damage|p1a: Rillaboom|15/100 tox
|
|-heal|p1a: Rillaboom|21/100 tox|[from] Grassy Terrain
|-damage|p1a: Rillaboom|9/100 tox|[from] psn
|turn|6
|
|move|p1a: Rillaboom|Acrobatics|p2a: Amoonguss
|-supereffective|p2a: Amoonguss
|-damage|p2a: Amoonguss|0 fnt
|faint|p2a: Amoonguss
|
|-heal|p1a: Rillaboom|15/100 tox|[from] Grassy Terrain
|-damage|p1a: Rillaboom|0 fnt|[from] psn
|faint|p1a: Rillaboom
|
|switch|p1a: Gastrodon|Gastrodon-East, M|100/100
|switch|p2a: Iron Treads|Iron Treads|100/100
|-damage|p2a: Iron Treads|97/100|[from] Stealth Rock
|turn|7
|
|move|p2a: Iron Treads|Rapid Spin|p1a: Gastrodon
|-damage|p1a: Gastrodon|83/100
|-boost|p2a: Iron Treads|spe|1
|-sideend|p2: sahil0819|Stealth Rock|[from] move: Rapid Spin|[of] p2a: Iron Treads
|move|p1a: Gastrodon|Earth Power|p2a: Iron Treads
|-supereffective|p2a: Iron Treads
|-damage|p2a: Iron Treads|21/100
|
|-heal|p2a: Iron Treads|27/100|[from] Grassy Terrain
|-heal|p2a: Iron Treads|33/100|[from] item: Leftovers
|-heal|p1a: Gastrodon|89/100|[from] Grassy Terrain
|-heal|p1a: Gastrodon|95/100|[from] item: Leftovers
|turn|8
|
|move|p2a: Iron Treads|Heavy Slam|p1a: Gastrodon
|-resisted|p1a: Gastrodon
|-damage|p1a: Gastrodon|63/100
|move|p1a: Gastrodon|Earth Power|p2a: Iron Treads
|-supereffective|p2a: Iron Treads
|-damage|p2a: Iron Treads|0 fnt
|faint|p2a: Iron Treads
|-end|p2a: Iron Treads|Quark Drive|[silent]
|
|-heal|p1a: Gastrodon|69/100|[from] Grassy Terrain
|-heal|p1a: Gastrodon|75/100|[from] item: Leftovers
|-fieldend|move: Grassy Terrain
|
|switch|p2a: Quaquaval|Quaquaval, M|100/100
|turn|9
|
|move|p2a: Quaquaval|Close Combat|p1a: Gastrodon
|-damage|p1a: Gastrodon|14/100
|-unboost|p2a: Quaquaval|def|1
|-unboost|p2a: Quaquaval|spd|1
|move|p1a: Gastrodon|Stealth Rock|p2a: Quaquaval
|-sidestart|p2: sahil0819|move: Stealth Rock
|
|-heal|p1a: Gastrodon|20/100|[from] item: Leftovers
|turn|10
|
|switch|p1a: Gholdengo|Gholdengo|100/100
|move|p2a: Quaquaval|Close Combat|p1a: Gholdengo
|-immune|p1a: Gholdengo
|
|turn|11
|
|switch|p1a: Gastrodon|Gastrodon-East, M|20/100
|switch|p2a: Tyranitar|Tyranitar, F|100/100
|-damage|p2a: Tyranitar|88/100|[from] Stealth Rock
|-weather|Sandstorm|[from] ability: Sand Stream|[of] p2a: Tyranitar
|
|-weather|Sandstorm|[upkeep]
|-heal|p1a: Gastrodon|26/100|[from] item: Leftovers
|turn|12
|
|switch|p2a: Quaquaval|Quaquaval, M|100/100
|-damage|p2a: Quaquaval|94/100|[from] Stealth Rock
|move|p1a: Gastrodon|Recover|p1a: Gastrodon
|-heal|p1a: Gastrodon|76/100
|
|-weather|Sandstorm|[upkeep]
|-damage|p2a: Quaquaval|88/100|[from] Sandstorm
|-heal|p1a: Gastrodon|82/100|[from] item: Leftovers
|turn|13
|
|move|p2a: Quaquaval|Bulk Up|p2a: Quaquaval
|-boost|p2a: Quaquaval|atk|1
|-boost|p2a: Quaquaval|def|1
|move|p1a: Gastrodon|Earth Power|p2a: Quaquaval
|-crit|p2a: Quaquaval
|-damage|p2a: Quaquaval|49/100
|
|-weather|Sandstorm|[upkeep]
|-damage|p2a: Quaquaval|42/100|[from] Sandstorm
|-heal|p1a: Gastrodon|88/100|[from] item: Leftovers
|turn|14
|
|move|p2a: Quaquaval|Close Combat|p1a: Gastrodon
|-damage|p1a: Gastrodon|3/100
|-unboost|p2a: Quaquaval|def|1
|-unboost|p2a: Quaquaval|spd|1
|move|p1a: Gastrodon|Earth Power|p2a: Quaquaval
|-damage|p2a: Quaquaval|4/100
|
|-weather|Sandstorm|[upkeep]
|-damage|p2a: Quaquaval|0 fnt|[from] Sandstorm
|faint|p2a: Quaquaval
|-heal|p1a: Gastrodon|9/100|[from] item: Leftovers
|
|switch|p2a: Gholdengo|Gholdengo|100/100
|-damage|p2a: Gholdengo|94/100|[from] Stealth Rock
|turn|15
|
|move|p2a: Gholdengo|Shadow Ball|p1a: Gastrodon
|-damage|p1a: Gastrodon|0 fnt
|faint|p1a: Gastrodon
|
|-weather|none
|-heal|p2a: Gholdengo|100/100|[from] item: Leftovers
|
|switch|p1a: Ursaluna|Ursaluna, M|100/100
|turn|16
|
|move|p2a: Gholdengo|Shadow Ball|p1a: Ursaluna
|-immune|p1a: Ursaluna
|move|p1a: Ursaluna|Swords Dance|p1a: Ursaluna
|-boost|p1a: Ursaluna|atk|2
|
|-status|p1a: Ursaluna|brn|[from] item: Flame Orb
|turn|17
|
|move|p2a: Gholdengo|Make It Rain|p1a: Ursaluna
|-damage|p1a: Ursaluna|42/100 brn
|-unboost|p2a: Gholdengo|spa|1
|move|p1a: Ursaluna|Trailblaze|p2a: Gholdengo
|-resisted|p2a: Gholdengo
|-damage|p2a: Gholdengo|71/100
|-boost|p1a: Ursaluna|spe|1
|
|-heal|p2a: Gholdengo|77/100|[from] item: Leftovers
|-damage|p1a: Ursaluna|36/100 brn|[from] brn
|turn|18
|
|move|p1a: Ursaluna|Headlong Rush|p2a: Gholdengo
|-supereffective|p2a: Gholdengo
|-damage|p2a: Gholdengo|0 fnt
|-unboost|p1a: Ursaluna|def|1
|-unboost|p1a: Ursaluna|spd|1
|faint|p2a: Gholdengo
|
|-damage|p1a: Ursaluna|30/100 brn|[from] brn
|
|switch|p2a: Tyranitar|Tyranitar, F|88/100
|-damage|p2a: Tyranitar|76/100|[from] Stealth Rock
|-weather|Sandstorm|[from] ability: Sand Stream|[of] p2a: Tyranitar
|turn|19
|
|-terastallize|p2a: Tyranitar|Ghost
|move|p1a: Ursaluna|Headlong Rush|p2a: Tyranitar
|-damage|p2a: Tyranitar|0 fnt
|-unboost|p1a: Ursaluna|def|1
|-unboost|p1a: Ursaluna|spd|1
|faint|p2a: Tyranitar
|
|-weather|Sandstorm|[upkeep]
|-damage|p1a: Ursaluna|24/100 brn|[from] brn
|
|switch|p2a: Chien-Pao|Chien-Pao|1/100
|-damage|p2a: Chien-Pao|0 fnt|[from] Stealth Rock
|faint|p2a: Chien-Pao
|
|win|littensalt
