|poke|p1|Samurott-Hisui, M|
|poke|p1|Iron Valiant|
|poke|p1|Sneasler, F|
|poke|p1|Landorus-Therian, M|
|poke|p1|Slowking-Galar, F|
|poke|p1|Dragapult, M|
|poke|p2|Magearna|
|poke|p2|Arcanine-Hisui, F|
|poke|p2|Chien-Pao|
|poke|p2|Roaring Moon|
|poke|p2|Moltres-Galar|
|poke|p2|Zamazenta-*|
|teampreview
|
|start
|switch|p1a: Samurott|Samurott-Hisui, M|100/100
|switch|p2a: fire rock dog|Arcanine-Hisui, F|100/100
|turn|1
|
|move|p1a: Samurott|Razor Shell|p2a: fire rock dog
|-supereffective|p2a: fire rock dog
|-damage|p2a: fire rock dog|0 fnt
|faint|p2a: fire rock dog
|
|
|switch|p2a: fire birb|Moltres-Galar, shiny|100/100
|turn|2
|
|switch|p1a: Iron Valiant|Iron Valiant|100/100
|-enditem|p1a: Iron Valiant|Booster Energy
|-activate|p1a: Iron Valiant|ability: Quark Drive|[fromitem]
|-start|p1a: Iron Valiant|quarkdrivespe
|move|p2a: fire birb|Agility|p2a: fire birb
|-boost|p2a: fire birb|spe|2
|
|turn|3
|
|-terastallize|p1a: Iron Valiant|Fairy
|move|p1a: Iron Valiant|Calm Mind|p1a: Iron Valiant
|-boost|p1a: Iron Valiant|spa|1
|-boost|p1a: Iron Valiant|spd|1
|move|p2a: fire birb|Shadow Ball|p1a: Iron Valiant
|-damage|p1a: Iron Valiant|76/100
|-unboost|p1a: Iron Valiant|spd|1
|
|turn|4
|
|-terastallize|p2a: fire birb|Flying
|move|p1a: Iron Valiant|Calm Mind|p1a: Iron Valiant
|-boost|p1a: Iron Valiant|spa|1
|-boost|p1a: Iron Valiant|spd|1
|move|p2a: fire birb|Tera Blast|p1a: Iron Valiant
|-damage|p1a: Iron Valiant|31/100
|
|turn|5
|
|move|p1a: Iron Valiant|Moonblast|p2a: fire birb
|-damage|p2a: fire birb|13/100
|-ability|p2a: fire birb|Berserk|boost
|-boost|p2a: fire birb|spa|1
|move|p2a: fire birb|Tera Blast|p1a: Iron Valiant
|-damage|p1a: Iron Valiant|0 fnt
|faint|p1a: Iron Valiant
|-end|p1a: Iron Valiant|Quark Drive|[silent]
|
|
|switch|p1a: Slowking|Slowking-Galar, F|100/100
|turn|6
|
|move|p2a: fire birb|Fiery Wrath|p1a: Slowking
|-supereffective|p1a: Slowking
|-damage|p1a: Slowking|42/100
|move|p1a: Slowking|Ice Beam|p2a: fire birb
|-supereffective|p2a: fire birb
|-damage|p2a: fire birb|0 fnt
|faint|p2a: fire birb
|
|
|switch|p2a: mage|Magearna|100/100
|turn|7
|
|switch|p1a: Sneasler|Sneasler, F|100/100
|move|p2a: mage|Shift Gear|p2a: mage
|-boost|p2a: mage|spe|2
|-boost|p2a: mage|atk|1
|
|turn|8
|
|move|p2a: mage|Stored Power|p1a: Sneasler
|-supereffective|p1a: Sneasler
|-crit|p1a: Sneasler
|-damage|p1a: Sneasler|0 fnt
|faint|p1a: Sneasler
|-ability|p2a: mage|Soul-Heart|boost
|-boost|p2a: mage|spa|1
|
|
|switch|p1a: Landorus|Landorus-Therian, M|100/100
|-ability|p1a: Landorus|Intimidate|boost
|-unboost|p2a: mage|atk|1
|turn|9
|
|move|p2a: mage|Calm Mind|p2a: mage
|-boost|p2a: mage|spa|1
|-boost|p2a: mage|spd|1
|move|p1a: Landorus|Earthquake|p2a: mage
|-supereffective|p2a: mage
|-damage|p2a: mage|21/100
|
|-heal|p2a: mage|27/100|[from] item: Leftovers
|turn|10
|
|move|p2a: mage|Draining Kiss|p1a: Landorus
|-damage|p1a: Landorus|56/100
|-heal|p2a: mage|61/100|[from] drain|[of] p1a: Landorus
|-damage|p2a: mage|44/100|[from] item: Rocky Helmet|[of] p1a: Landorus
|move|p1a: Landorus|Earthquake|p2a: mage
|-supereffective|p2a: mage
|-damage|p2a: mage|0 fnt
|faint|p2a: mage
|
|
|switch|p2a: bing chilling|Chien-Pao|100/100
|-ability|p2a: bing chilling|Sword of Ruin
|turn|11
|
|move|p2a: bing chilling|Ice Spinner|p1a: Landorus
|-supereffective|p1a: Landorus
|-damage|p1a: Landorus|0 fnt
|-damage|p2a: bing chilling|84/100|[from] item: Rocky Helmet|[of] p1a: Landorus
|faint|p1a: Landorus
|
|
|switch|p1a: Samurott|Samurott-Hisui, M|100/100
|turn|12
|
|switch|p2a: mege mence dino|Roaring Moon|100/100
|-enditem|p2a: mege mence dino|Booster Energy
|-activate|p2a: mege mence dino|ability: Protosynthesis|[fromitem]
|-start|p2a: mege mence dino|protosynthesisspe
|move|p1a: Samurott|Ceaseless Edge|p2a: mege mence dino
|-resisted|p2a: mege mence dino
|-damage|p2a: mege mence dino|69/100
|-sidestart|p2: Ryu-09|Spikes
|
|turn|13
|
|switch|p1a: Slowking|Slowking-Galar, F|75/100
|move|p2a: mege mence dino|Dragon Dance|p2a: mege mence dino
|-boost|p2a: mege mence dino|atk|1
|-boost|p2a: mege mence dino|spe|1
|
|turn|14
|
|move|p2a: mege mence dino|Crunch|p1a: Slowking
|-supereffective|p1a: Slowking
|-damage|p1a: Slowking|0 fnt
|faint|p1a: Slowking
|
|
|switch|p1a: Samurott|Samurott-Hisui, M|100/100
|turn|15
|
|move|p2a: mege mence dino|Acrobatics|p1a: Samurott
|-damage|p1a: Samurott|30/100
|move|p1a: Samurott|Sacred Sword|p2a: mege mence dino
|-supereffective|p2a: mege mence dino
|-damage|p2a: mege mence dino|0 fnt
|faint|p2a: mege mence dino
|-end|p2a: mege mence dino|Protosynthesis|[silent]
|
|
|switch|p2a: bing chilling|Chien-Pao|84/100
|-damage|p2a: bing chilling|72/100|[from] Spikes
|-ability|p2a: bing chilling|Sword of Ruin
|turn|16
|
|move|p1a: Samurott|Sacred Sword|p2a: bing chilling
|-supereffective|p2a: bing chilling
|-damage|p2a: bing chilling|0 fnt
|faint|p2a: bing chilling
|
|
|switch|p2a: armored dog|Zamazenta-Crowned|100/100
|-damage|p2a: armored dog|88/100|[from] Spikes
|-ability|p2a: armored dog|Dauntless Shield|boost
|-boost|p2a: armored dog|def|1
|turn|17
|
|move|p1a: Samurott|Sacred Sword|p2a: armored dog
|-supereffective|p2a: armored dog
|-damage|p2a: armored dog|41/100
|move|p2a: armored dog|Body Press|p1a: Samurott
|-supereffective|p1a: Samurott
|-damage|p1a: Samurott|0 fnt
|faint|p1a: Samurott
|
|
|switch|p1a: Dragapult|Dragapult, M, shiny|100/100
|turn|18
|
|move|p1a: Dragapult|Dragon Dance|p1a: Dragapult
|-boost|p1a: Dragapult|atk|1
|-boost|p1a: Dragapult|spe|1
|move|p2a: armored dog|Iron Defense|p2a: armored dog
|-boost|p2a: armored dog|def|2
|
|turn|19
|
|move|p1a: Dragapult|Dragon Dance|p1a: Dragapult
|-boost|p1a: Dragapult|atk|1
|-boost|p1a: Dragapult|spe|1
|move|p2a: armored dog|Iron Defense|p2a: armored dog
|-boost|p2a: armored dog|def|2
|
|turn|20
|
|move|p1a: Dragapult|Phantom Force||[still]
|-prepare|p1a: Dragapult|Phantom Force
|move|p2a: armored dog|Behemoth Bash|p1a: Dragapult|[miss]
|-miss|p2a: armored dog|p1a: Dragapult
|
|turn|21
|
|move|p1a: Dragapult|Phantom Force|p2a: armored dog|[from]lockedmove
|-damage|p2a: armored dog|25/100
|move|p2a: armored dog|Behemoth Bash|p1a: Dragapult
|-damage|p1a: Dragapult|34/100
|
|-heal|p1a: Dragapult|40/100|[from] item: Leftovers
|turn|22
|
|move|p1a: Dragapult|Tera Blast|p2a: armored dog
|-resisted|p2a: armored dog
|-crit|p2a: armored dog
|-damage|p2a: armored dog|17/100
|move|p2a: armored dog|Behemoth Bash|p1a: Dragapult
|-damage|p1a: Dragapult|0 fnt
|faint|p1a: Dragapult
|
|win|Ryu-09
