|poke|p1|Samurott-Hisui, M|
|poke|p1|Dragapult, F|
|poke|p1|Sneasler, M|
|poke|p1|Magearna|
|poke|p1|Volcarona, M|
|poke|p1|Zamazenta-*|
|poke|p2|Urshifu-*, M|
|poke|p2|Heatran, F|
|poke|p2|Garchomp, F|
|poke|p2|Zapdos|
|poke|p2|Hoopa-Unbound|
|poke|p2|Greninja, F|
|teampreview
|
|start
|switch|p1a: Samurott|Samurott-Hisui, M|100/100
|switch|p2a: Hoopa|Hoopa-Unbound|100/100
|turn|1
|
|move|p2a: Hoopa|Grass Knot|p1a: Samurott
|-supereffective|p1a: Samurott
|-enditem|p1a: Samurott|Focus Sash
|-damage|p1a: Samurott|1/100
|move|p1a: Samurott|Taunt|p2a: Hoopa
|-start|p2a: Hoopa|move: Taunt
|
|turn|2
|
|move|p1a: Samurott|Aqua Jet|p2a: Hoopa
|-damage|p2a: Hoopa|65/100
|move|p2a: Hoopa|Grass Knot|p1a: Samurott
|-supereffective|p1a: Samurott
|-damage|p1a: Samurott|0 fnt
|faint|p1a: Samurott
|
|
|switch|p1a: Dragapult|Dragapult, F|100/100
|turn|3
|
|switch|p2a: Heatran|Heatran, F|100/100
|move|p1a: Dragapult|Light Screen|p1a: Dragapult
|-sidestart|p1: Wo-Chienjoyer|move: Light Screen
|
|turn|4
|
|move|p1a: Dragapult|Reflect|p1a: Dragapult
|-sidestart|p1: Wo-Chienjoyer|Reflect
|move|p2a: Heatran|Magma Storm|p1a: Dragapult
|-resisted|p1a: Dragapult
|-damage|p1a: Dragapult|88/100
|-activate|p1a: Dragapult|move: Magma Storm|[of] p2a: Heatran
|-start|p2a: Heatran|Disable|Magma Storm|[from] ability: Cursed Body|[of] p1a: Dragapult
|
|-damage|p1a: Dragapult|75/100|[from] move: Magma Storm|[partiallytrapped]
|turn|5
|
|switch|p2a: Greninja|Greninja, F|100/100
|move|p1a: Dragapult|U-turn|p2a: Greninja
|-supereffective|p2a: Greninja
|-damage|p2a: Greninja|32/100
|
|switch|p1a: Magearna|Magearna|100/100|[from] U-turn
|
|turn|6
|
|move|p2a: Greninja|U-turn|p1a: Magearna
|-start|p2a: Greninja|typechange|Bug|[from] ability: Protean
|-resisted|p1a: Magearna
|-damage|p1a: Magearna|99/100
|
|switch|p2a: Heatran|Heatran, F|100/100|[from] U-turn
|move|p1a: Magearna|Calm Mind|p1a: Magearna
|-boost|p1a: Magearna|spa|1
|-boost|p1a: Magearna|spd|1
|
|-heal|p1a: Magearna|100/100|[from] item: Leftovers
|turn|7
|
|-terastallize|p1a: Magearna|Water
|move|p1a: Magearna|Calm Mind|p1a: Magearna
|-boost|p1a: Magearna|spa|1
|-boost|p1a: Magearna|spd|1
|move|p2a: Heatran|Taunt|p1a: Magearna
|-start|p1a: Magearna|move: Taunt
|
|turn|8
|
|move|p1a: Magearna|Stored Power|p2a: Heatran
|-resisted|p2a: Heatran
|-damage|p2a: Heatran|83/100
|move|p2a: Heatran|Magma Storm|p1a: Magearna|[miss]
|-miss|p2a: Heatran|p1a: Magearna
|
|-heal|p2a: Heatran|89/100|[from] item: Leftovers
|turn|9
|
|move|p1a: Magearna|Stored Power|p2a: Heatran
|-resisted|p2a: Heatran
|-damage|p2a: Heatran|71/100
|move|p2a: Heatran|Magma Storm|p1a: Magearna
|-resisted|p1a: Magearna
|-damage|p1a: Magearna|96/100
|-activate|p1a: Magearna|move: Magma Storm|[of] p2a: Heatran
|
|-heal|p1a: Magearna|100/100|[from] item: Leftovers
|-heal|p2a: Heatran|77/100|[from] item: Leftovers
|-damage|p1a: Magearna|88/100|[from] move: Magma Storm|[partiallytrapped]
|turn|10
|
|move|p1a: Magearna|Draining Kiss|p2a: Heatran
|-resisted|p2a: Heatran
|-damage|p2a: Heatran|71/100
|-heal|p1a: Magearna|93/100|[from] drain|[of] p2a: Heatran
|move|p2a: Heatran|Earth Power|p1a: Magearna
|-damage|p1a: Magearna|88/100
|
|-heal|p1a: Magearna|94/100|[from] item: Leftovers
|-heal|p2a: Heatran|77/100|[from] item: Leftovers
|-damage|p1a: Magearna|81/100|[from] move: Magma Storm|[partiallytrapped]
|-end|p1a: Magearna|move: Taunt
|-sideend|p1: Wo-Chienjoyer|move: Light Screen
|turn|11
|
|move|p1a: Magearna|Calm Mind|p1a: Magearna
|-boost|p1a: Magearna|spa|1
|-boost|p1a: Magearna|spd|1
|move|p2a: Heatran|Taunt|p1a: Magearna
|-start|p1a: Magearna|move: Taunt
|
|-heal|p1a: Magearna|88/100|[from] item: Leftovers
|-heal|p2a: Heatran|83/100|[from] item: Leftovers
|-damage|p1a: Magearna|75/100|[from] move: Magma Storm|[partiallytrapped]
|-sideend|p1: Wo-Chienjoyer|Reflect
|turn|12
|
|move|p1a: Magearna|Stored Power|p2a: Heatran
|-resisted|p2a: Heatran
|-damage|p2a: Heatran|52/100
|move|p2a: Heatran|Will-O-Wisp|p1a: Magearna
|-status|p1a: Magearna|brn
|
|-heal|p1a: Magearna|81/100 brn|[from] item: Leftovers
|-heal|p2a: Heatran|58/100|[from] item: Leftovers
|-damage|p1a: Magearna|75/100 brn|[from] brn
|-damage|p1a: Magearna|63/100 brn|[from] move: Magma Storm|[partiallytrapped]
|turn|13
|
|switch|p2a: Hoopa|Hoopa-Unbound|65/100
|move|p1a: Magearna|Draining Kiss|p2a: Hoopa
|-supereffective|p2a: Hoopa
|-damage|p2a: Hoopa|0 fnt
|-heal|p1a: Magearna|100/100 brn|[from] drain|[of] p2a: Hoopa
|faint|p2a: Hoopa
|-ability|p1a: Magearna|Soul-Heart|boost
|-boost|p1a: Magearna|spa|1
|
|-damage|p1a: Magearna|94/100 brn|[from] brn
|-end|p1a: Magearna|Magma Storm|[partiallytrapped]
|
|switch|p2a: Zapdos|Zapdos|100/100
|turn|14
|
|move|p2a: Zapdos|Discharge|p1a: Magearna
|-supereffective|p1a: Magearna
|-damage|p1a: Magearna|69/100 brn
|move|p1a: Magearna|Draining Kiss|p2a: Zapdos
|-damage|p2a: Zapdos|27/100
|-heal|p1a: Magearna|100/100 brn|[from] drain|[of] p2a: Zapdos
|
|-damage|p1a: Magearna|94/100 brn|[from] brn
|-end|p1a: Magearna|move: Taunt
|turn|15
|
|move|p2a: Zapdos|Discharge|p1a: Magearna
|-supereffective|p1a: Magearna
|-damage|p1a: Magearna|66/100 brn
|move|p1a: Magearna|Calm Mind|p1a: Magearna
|-boost|p1a: Magearna|spa|1
|-boost|p1a: Magearna|spd|1
|
|-heal|p1a: Magearna|72/100 brn|[from] item: Leftovers
|-damage|p1a: Magearna|66/100 brn|[from] brn
|turn|16
|
|move|p2a: Zapdos|Discharge|p1a: Magearna
|-supereffective|p1a: Magearna
|-damage|p1a: Magearna|44/100 brn
|move|p1a: Magearna|Iron Defense|p1a: Magearna
|-boost|p1a: Magearna|def|2
|
|-heal|p1a: Magearna|50/100 brn|[from] item: Leftovers
|-damage|p1a: Magearna|44/100 brn|[from] brn
|turn|17
|
|move|p2a: Zapdos|Discharge|p1a: Magearna
|-supereffective|p1a: Magearna
|-damage|p1a: Magearna|22/100 brn
|move|p1a: Magearna|Draining Kiss|p2a: Zapdos
|-damage|p2a: Zapdos|0 fnt
|-heal|p1a: Magearna|40/100 brn|[from] drain|[of] p2a: Zapdos
|faint|p2a: Zapdos
|-ability|p1a: Magearna|Soul-Heart|boost
|-boost|p1a: Magearna|spa|1
|
|-heal|p1a: Magearna|46/100 brn|[from] item: Leftovers
|-damage|p1a: Magearna|40/100 brn|[from] brn
|
|switch|p2a: Urshifu|Urshifu-Rapid-Strike, M|100/100
|turn|18
|
|move|p2a: Urshifu|Close Combat|p1a: Magearna
|-damage|p1a: Magearna|4/100 brn
|-unboost|p2a: Urshifu|def|1
|-unboost|p2a: Urshifu|spd|1
|move|p1a: Magearna|Draining Kiss|p2a: Urshifu
|-supereffective|p2a: Urshifu
|-damage|p2a: Urshifu|0 fnt
|-heal|p1a: Magearna|75/100 brn|[from] drain|[of] p2a: Urshifu
|faint|p2a: Urshifu
|
|-heal|p1a: Magearna|81/100 brn|[from] item: Leftovers
|-damage|p1a: Magearna|75/100 brn|[from] brn
|-message|66633a real forfeited.
|
|win|Wo-Chienjoyer
