|poke|p1|Arcanine-Hisui, F|
|poke|p1|Walking Wake|
|poke|p1|Torkoal, M|
|poke|p1|Scovillain, M|
|poke|p1|Kleavor, F|
|poke|p1|Thundurus, M|
|poke|p2|Zamazenta-*|
|poke|p2|Samurott-Hisui, F|
|poke|p2|Typhlosion-Hisui, M|
|poke|p2|Decidueye-Hisui, F|
|poke|p2|Goodra-Hisui, F|
|poke|p2|Basculegion, M|
|teampreview
|
|start
|switch|p1a: Kleavor|Kleavor, F|100/100
|switch|p2a: Goodra|Goodra-Hisui, F|100/100
|turn|1
|
|move|p1a: Kleavor|Stone Axe|p2a: Goodra
|-resisted|p2a: Goodra
|-damage|p2a: Goodra|67/100
|-sidestart|p2: p2|move: Stealth Rock
|-ability|p2a: Goodra|Gooey
|-unboost|p1a: Kleavor|spe|1
|-damage|p1a: Kleavor|91/100|[from] item: Life Orb
|move|p2a: Goodra|Shelter|p2a: Goodra
|-boost|p2a: Goodra|def|2
|
|-heal|p2a: Goodra|73/100|[from] item: Leftovers
|turn|2
|
|move|p1a: Kleavor|U-turn|p2a: Goodra
|-resisted|p2a: Goodra
|-damage|p2a: Goodra|61/100
|-ability|p2a: Goodra|Gooey
|-unboost|p1a: Kleavor|spe|1
|-damage|p1a: Kleavor|81/100|[from] item: Life Orb
|
|switch|p1a: Torkoal|Torkoal, M|100/100|[from] U-turn
|-weather|SunnyDay|[from] ability: Drought|[of] p1a: Torkoal
|move|p2a: Goodra|Shelter|p2a: Goodra
|-boost|p2a: Goodra|def|2
|
|-weather|SunnyDay|[upkeep]
|-heal|p2a: Goodra|68/100|[from] item: Leftovers
|turn|3
|
|move|p2a: Goodra|Body Press|p1a: Torkoal
|-damage|p1a: Torkoal|61/100
|move|p1a: Torkoal|Yawn|p2a: Goodra
|-start|p2a: Goodra|move: Yawn|[of] p1a: Torkoal
|
|-weather|SunnyDay|[upkeep]
|-heal|p2a: Goodra|74/100|[from] item: Leftovers
|turn|4
|
|move|p2a: Goodra|Shelter|p2a: Goodra
|-boost|p2a: Goodra|def|2
|move|p1a: Torkoal|Flamethrower|p2a: Goodra
|-crit|p2a: Goodra
|-damage|p2a: Goodra|21/100
|
|-weather|SunnyDay|[upkeep]
|-heal|p2a: Goodra|27/100|[from] item: Leftovers
|-end|p2a: Goodra|move: Yawn|[silent]
|-status|p2a: Goodra|slp
|turn|5
|
|cant|p2a: Goodra|slp
|move|p1a: Torkoal|Body Press|p2a: Goodra
|-supereffective|p2a: Goodra
|-damage|p2a: Goodra|11/100 slp
|-ability|p2a: Goodra|Gooey
|-unboost|p1a: Torkoal|spe|1
|
|-weather|SunnyDay|[upkeep]
|-heal|p2a: Goodra|17/100 slp|[from] item: Leftovers
|turn|6
|
|-curestatus|p2a: Goodra|slp|[msg]
|move|p2a: Goodra|Body Press|p1a: Torkoal
|-damage|p1a: Torkoal|7/100
|move|p1a: Torkoal|Flamethrower|p2a: Goodra
|-damage|p2a: Goodra|0 fnt
|faint|p2a: Goodra
|
|-weather|SunnyDay|[upkeep]
|
|switch|p2a: Typhlosion|Typhlosion-Hisui, M|100/100
|-item|p1a: Torkoal|Heat Rock|[from] ability: Frisk|[of] p2a: Typhlosion|[identify]
|turn|7
|
|switch|p1a: Walking Wake|Walking Wake|100/100
|-activate|p1a: Walking Wake|ability: Protosynthesis
|-start|p1a: Walking Wake|protosynthesisspa
|move|p2a: Typhlosion|Infernal Parade|p1a: Walking Wake
|-damage|p1a: Walking Wake|60/100
|
|-weather|SunnyDay|[upkeep]
|-heal|p1a: Walking Wake|66/100|[from] item: Leftovers
|turn|8
|
|move|p1a: Walking Wake|Hydro Steam|p2a: Typhlosion
|-supereffective|p2a: Typhlosion
|-damage|p2a: Typhlosion|0 fnt
|faint|p2a: Typhlosion
|
|-weather|SunnyDay|[upkeep]
|-heal|p1a: Walking Wake|72/100|[from] item: Leftovers
|
|switch|p2a: Zamazenta|Zamazenta-Crowned|100/100
|-damage|p2a: Zamazenta|97/100|[from] Stealth Rock
|-ability|p2a: Zamazenta|Dauntless Shield|boost
|-boost|p2a: Zamazenta|def|1
|turn|9
|
|move|p2a: Zamazenta|Body Press|p1a: Walking Wake
|-damage|p1a: Walking Wake|4/100
|move|p1a: Walking Wake|Flamethrower|p2a: Zamazenta
|-supereffective|p2a: Zamazenta
|-damage|p2a: Zamazenta|0 fnt
|faint|p2a: Zamazenta
|
|-weather|none
|-end|p1a: Walking Wake|Protosynthesis
|-heal|p1a: Walking Wake|10/100|[from] item: Leftovers
|
|switch|p2a: Basculegion|Basculegion, M|100/100
|-damage|p2a: Basculegion|88/100|[from] Stealth Rock
|turn|10
|
|-end|p1a: Walking Wake|Protosynthesis|[silent]
|switch|p1a: Torkoal|Torkoal, M|7/100
|-weather|SunnyDay|[from] ability: Drought|[of] p1a: Torkoal
|move|p2a: Basculegion|Agility|p2a: Basculegion
|-boost|p2a: Basculegion|spe|2
|
|-weather|SunnyDay|[upkeep]
|-heal|p2a: Basculegion|94/100|[from] item: Leftovers
|turn|11
|
|move|p2a: Basculegion|Aqua Jet|p1a: Torkoal
|-supereffective|p1a: Torkoal
|-crit|p1a: Torkoal
|-damage|p1a: Torkoal|0 fnt
|faint|p1a: Torkoal
|
|-weather|SunnyDay|[upkeep]
|-heal|p2a: Basculegion|99/100|[from] item: Leftovers
|
|switch|p1a: Scovillain|Scovillain, M|100/100
|turn|12
|
|move|p1a: Scovillain|Solar Beam||[still]
|-prepare|p1a: Scovillain|Solar Beam
|-anim|p1a: Scovillain|Solar Beam|p2a: Basculegion
|-supereffective|p2a: Basculegion
|-damage|p2a: Basculegion|0 fnt
|faint|p2a: Basculegion
|
|-weather|SunnyDay|[upkeep]
|
|switch|p2a: Decidueye|Decidueye-Hisui, F|100/100
|-damage|p2a: Decidueye|95/100|[from] Stealth Rock
|turn|13
|
|move|p1a: Scovillain|Solar Beam||[still]
|-prepare|p1a: Scovillain|Solar Beam
|-anim|p1a: Scovillain|Solar Beam|p2a: Decidueye
|-resisted|p2a: Decidueye
|-damage|p2a: Decidueye|49/100
|move|p2a: Decidueye|Brave Bird|p1a: Scovillain
|-supereffective|p1a: Scovillain
|-damage|p1a: Scovillain|0 fnt
|faint|p1a: Scovillain
|-damage|p2a: Decidueye|21/100|[from] Recoil
|
|-weather|SunnyDay|[upkeep]
|
|switch|p1a: Walking Wake|Walking Wake|10/100
|-activate|p1a: Walking Wake|ability: Protosynthesis
|-start|p1a: Walking Wake|protosynthesisspa
|turn|14
|
|move|p2a: Decidueye|Brave Bird|p1a: Walking Wake
|-damage|p1a: Walking Wake|0 fnt
|faint|p1a: Walking Wake
|-end|p1a: Walking Wake|Protosynthesis|[silent]
|-damage|p2a: Decidueye|18/100|[from] Recoil
|
|-weather|SunnyDay|[upkeep]
|
|switch|p1a: Arcanine|Arcanine-Hisui, F|100/100
|turn|15
|
|move|p1a: Arcanine|Extreme Speed|p2a: Decidueye
|-damage|p2a: Decidueye|0 fnt
|faint|p2a: Decidueye
|
|-weather|SunnyDay|[upkeep]
|
|switch|p2a: Samurott|Samurott-Hisui, F|100/100
|-damage|p2a: Samurott|88/100|[from] Stealth Rock
|turn|16
|
|-terastallize|p1a: Arcanine|Flying
|move|p1a: Arcanine|Wild Charge|p2a: Samurott
|-supereffective|p2a: Samurott
|-damage|p2a: Samurott|19/100
|move|p2a: Samurott|Razor Shell|p1a: Arcanine
|-damage|p1a: Arcanine|55/100
|-unboost|p1a: Arcanine|def|1
|-damage|p2a: Samurott|9/100|[from] item: Life Orb
|
|-weather|SunnyDay|[upkeep]
|turn|17
|
|move|p1a: Arcanine|Extreme Speed|p2a: Samurott
|-damage|p2a: Samurott|0 fnt
|faint|p2a: Samurott
|
|win|p1
