# advantage = p1
|poke|p1|Clodsire, F|
|poke|p1|Volcarona, F|
|poke|p1|Corviknight, F|
|poke|p1|Chien-Pao|
|poke|p1|Dragapult, M|
|poke|p1|Urshifu-*, F|
|poke|p2|Sneasler, M|
|poke|p2|Enamorus, F|
|poke|p2|Samurott-Hisui, F|
|poke|p2|Zamazenta-*|
|poke|p2|Iron Treads|
|poke|p2|Skeledirge, F|
|teampreview
|
|start
|switch|p1a: Star Platinium|Urshifu-Rapid-Strike, F|100/100
|switch|p2a: Sneasler|Sneasler, M|100/100
|turn|1
|
|move|p2a: Sneasler|Close Combat|p1a: Star Platinium
|-damage|p1a: Star Platinium|42/100
|-unboost|p2a: Sneasler|def|1
|-unboost|p2a: Sneasler|spd|1
|move|p1a: Star Platinium|U-turn|p2a: Sneasler
|-resisted|p2a: Sneasler
|-damage|p2a: Sneasler|85/100
|
|switch|p1a: Vanilla Ace|Dragapult, M|100/100|[from] U-turn
|
|turn|2
|
|switch|p2a: Enamorus|Enamorus, F|100/100
|move|p1a: Vanilla Ace|Thunderbolt|p2a: Enamorus
|-supereffective|p2a: Enamorus
|-damage|p2a: Enamorus|0 fnt
|faint|p2a: Enamorus
|
|
|switch|p2a: Iron Treads|Iron Treads|100/100
|turn|3
|
|switch|p1a: Magician Black|Corviknight, F|100/100
|-ability|p1a: Magician Black|Pressure
|move|p2a: Iron Treads|Knock Off|p1a: Magician Black
|-damage|p1a: Magician Black|80/100
|-damage|p2a: Iron Treads|84/100|[from] item: Rocky Helmet|[of] p1a: Magician Black
|-enditem|p1a: Magician Black|Rocky Helmet|[from] move: Knock Off|[of] p2a: Iron Treads
|
|turn|4
|
|move|p2a: Iron Treads|Rapid Spin|p1a: Magician Black
|-resisted|p1a: Magician Black
|-damage|p1a: Magician Black|75/100
|-boost|p2a: Iron Treads|spe|1
|move|p1a: Magician Black|U-turn|p2a: Iron Treads
|-resisted|p2a: Iron Treads
|-damage|p2a: Iron Treads|77/100
|
|switch|p1a: Abdol|Volcarona, F|100/100|[from] U-turn
|
|turn|5
|
|-terastallize|p1a: Abdol|Grass
|move|p2a: Iron Treads|Earthquake|p1a: Abdol
|-resisted|p1a: Abdol
|-damage|p1a: Abdol|63/100
|move|p1a: Abdol|Quiver Dance|p1a: Abdol
|-boost|p1a: Abdol|spa|1
|-boost|p1a: Abdol|spd|1
|-boost|p1a: Abdol|spe|1
|
|turn|6
|
|move|p2a: Iron Treads|Ice Spinner|p1a: Abdol
|-supereffective|p1a: Abdol
|-damage|p1a: Abdol|0 fnt
|faint|p1a: Abdol
|
|
|switch|p1a: Star Platinium|Urshifu-Rapid-Strike, F|42/100
|turn|7
|
|move|p2a: Iron Treads|Earthquake|p1a: Star Platinium
|-damage|p1a: Star Platinium|0 fnt
|faint|p1a: Star Platinium
|
|
|switch|p1a: Vanilla Ace|Dragapult, M|100/100
|turn|8
|
|move|p2a: Iron Treads|Knock Off|p1a: Vanilla Ace
|-supereffective|p1a: Vanilla Ace
|-damage|p1a: Vanilla Ace|22/100
|-enditem|p1a: Vanilla Ace|Choice Specs|[from] move: Knock Off|[of] p2a: Iron Treads
|move|p1a: Vanilla Ace|Shadow Ball|p2a: Iron Treads
|-crit|p2a: Iron Treads
|-damage|p2a: Iron Treads|28/100
|
|turn|9
|
|move|p2a: Iron Treads|Ice Spinner|p1a: Vanilla Ace
|-supereffective|p1a: Vanilla Ace
|-damage|p1a: Vanilla Ace|0 fnt
|faint|p1a: Vanilla Ace
|
|
|switch|p1a: Iggy|Chien-Pao|100/100
|-ability|p1a: Iggy|Sword of Ruin
|turn|10
|
|move|p1a: Iggy|Ice Shard|p2a: Iron Treads
|-crit|p2a: Iron Treads
|-damage|p2a: Iron Treads|0 fnt
|faint|p2a: Iron Treads
|-end|p2a: Iron Treads|Quark Drive|[silent]
|-damage|p1a: Iggy|91/100|[from] item: Life Orb
|
|
|switch|p2a: Sneasler|Sneasler, M|85/100
|turn|11
|
|move|p2a: Sneasler|U-turn|p1a: Iggy
|-supereffective|p1a: Iggy
|-damage|p1a: Iggy|21/100
|
|switch|p2a: Zamazenta|Zamazenta|100/100|[from] U-turn
|-ability|p2a: Zamazenta|Dauntless Shield|boost
|-boost|p2a: Zamazenta|def|1
|move|p1a: Iggy|Icicle Crash|p2a: Zamazenta|[miss]
|-miss|p1a: Iggy|p2a: Zamazenta
|
|turn|12
|
|switch|p1a: Magician Black|Corviknight, F|75/100
|-ability|p1a: Magician Black|Pressure
|move|p2a: Zamazenta|Heavy Slam|p1a: Magician Black
|-resisted|p1a: Magician Black
|-damage|p1a: Magician Black|69/100
|
|turn|13
|
|move|p2a: Zamazenta|Close Combat|p1a: Magician Black
|-damage|p1a: Magician Black|30/100
|-unboost|p2a: Zamazenta|def|1
|-unboost|p2a: Zamazenta|spd|1
|move|p1a: Magician Black|Brave Bird|p2a: Zamazenta
|-supereffective|p2a: Zamazenta
|-damage|p2a: Zamazenta|32/100
|-damage|p1a: Magician Black|11/100|[from] Recoil
|
|-heal|p2a: Zamazenta|38/100|[from] item: Leftovers
|turn|14
|
|move|p2a: Zamazenta|Crunch|p1a: Magician Black
|-damage|p1a: Magician Black|0 fnt
|faint|p1a: Magician Black
|
|-heal|p2a: Zamazenta|44/100|[from] item: Leftovers
|
|switch|p1a: Iggy|Chien-Pao|21/100
|-ability|p1a: Iggy|Sword of Ruin
|turn|15
|
|move|p1a: Iggy|Ice Shard|p2a: Zamazenta
|-damage|p2a: Zamazenta|11/100
|-damage|p1a: Iggy|11/100|[from] item: Life Orb
|move|p2a: Zamazenta|Heavy Slam|p1a: Iggy
|-supereffective|p1a: Iggy
|-damage|p1a: Iggy|0 fnt
|faint|p1a: Iggy
|
|-heal|p2a: Zamazenta|17/100|[from] item: Leftovers
|
|switch|p1a: Notorious B.I.G|Clodsire, F|100/100
|turn|16
|
|move|p2a: Zamazenta|Crunch|p1a: Notorious B.I.G
|-damage|p1a: Notorious B.I.G|72/100
|move|p1a: Notorious B.I.G|Earthquake|p2a: Zamazenta
|-damage|p2a: Zamazenta|0 fnt
|faint|p2a: Zamazenta
|
|-heal|p1a: Notorious B.I.G|79/100|[from] item: Leftovers
|
|switch|p2a: Samurott|Samurott-Hisui, F|100/100
|turn|17
|
|move|p2a: Samurott|Ceaseless Edge|p1a: Notorious B.I.G|[miss]
|-miss|p2a: Samurott|p1a: Notorious B.I.G
|move|p1a: Notorious B.I.G|Toxic|p2a: Samurott
|-status|p2a: Samurott|tox
|
|-heal|p1a: Notorious B.I.G|85/100|[from] item: Leftovers
|-damage|p2a: Samurott|94/100 tox|[from] psn
|turn|18
|
|move|p2a: Samurott|Ceaseless Edge|p1a: Notorious B.I.G
|-damage|p1a: Notorious B.I.G|36/100
|-sidestart|p1: p1|Spikes
|move|p1a: Notorious B.I.G|Stealth Rock|p2a: Samurott
|-sidestart|p2: p2|move: Stealth Rock
|
|-heal|p1a: Notorious B.I.G|42/100|[from] item: Leftovers
|-damage|p2a: Samurott|82/100 tox|[from] psn
|turn|19
|
|move|p2a: Samurott|Ceaseless Edge|p1a: Notorious B.I.G
|-damage|p1a: Notorious B.I.G|0 fnt
|-sidestart|p1: p1|Spikes
|faint|p1a: Notorious B.I.G
|
|win|p2
