|poke|p1|Spidops, F|
|poke|p1|Baxcalibur, M|
|poke|p1|Gholdengo|
|poke|p1|Typhlosion-Hisui, F|
|poke|p1|Great Tusk|
|poke|p1|Kingambit, M|
|poke|p2|Kingambit, F|
|poke|p2|Hatterene, F|
|poke|p2|Iron Hands|
|poke|p2|Slowbro, M|
|poke|p2|Magnezone|
|poke|p2|Ursaluna, F|
|teampreview
|
|start
|switch|p1a: Spidops|Spidops, F|100/100
|switch|p2a: Irmão Lento|Slowbro, M|100/100
|turn|1
|
|move|p1a: Spidops|Sticky Web|p2a: Irmão Lento
|-sidestart|p2: Azeitona Mutante|move: Sticky Web
|move|p2a: Irmão Lento|Trick Room|p2a: Irmão Lento
|-fieldstart|move: Trick Room|[of] p2a: Irmão Lento
|
|turn|2
|
|switch|p2a: SOCO|Iron Hands|100/100
|-enditem|p2a: SOCO|Booster Energy
|-activate|p2a: SOCO|ability: Quark Drive|[fromitem]
|-start|p2a: SOCO|quarkdriveatk
|-activate|p2a: SOCO|move: Sticky Web
|-unboost|p2a: SOCO|spe|1
|move|p1a: Spidops|U-turn|p2a: SOCO
|-resisted|p2a: SOCO
|-damage|p2a: SOCO|94/100
|
|switch|p1a: Great Tusk|Great Tusk|100/100|[from] U-turn
|
|turn|3
|
|move|p2a: SOCO|Ice Punch|p1a: Great Tusk
|-supereffective|p1a: Great Tusk
|-damage|p1a: Great Tusk|39/100
|move|p1a: Great Tusk|Headlong Rush|p2a: SOCO
|-supereffective|p2a: SOCO
|-damage|p2a: SOCO|15/100
|-unboost|p1a: Great Tusk|def|1
|-unboost|p1a: Great Tusk|spd|1
|
|-heal|p1a: Great Tusk|45/100|[from] item: Leftovers
|turn|4
|
|move|p2a: SOCO|Ice Punch|p1a: Great Tusk
|-supereffective|p1a: Great Tusk
|-damage|p1a: Great Tusk|0 fnt
|faint|p1a: Great Tusk
|-end|p1a: Great Tusk|Protosynthesis|[silent]
|
|
|switch|p1a: Baxcalibur|Baxcalibur, M|100/100
|turn|5
|
|move|p1a: Baxcalibur|Ice Shard|p2a: SOCO
|-damage|p2a: SOCO|0 fnt
|faint|p2a: SOCO
|-end|p2a: SOCO|Quark Drive|[silent]
|
|-fieldend|move: Trick Room
|
|switch|p2a: Hatterene|Hatterene, F|100/100
|-activate|p2a: Hatterene|move: Sticky Web
|-unboost|p2a: Hatterene|spe|1
|turn|6
|
|move|p1a: Baxcalibur|Ice Shard|p2a: Hatterene
|-damage|p2a: Hatterene|64/100
|move|p2a: Hatterene|Trick Room|p2a: Hatterene
|-fieldstart|move: Trick Room|[of] p2a: Hatterene
|
|turn|7
|
|switch|p2a: Bigodón|Kingambit, F|100/100
|-activate|p2a: Bigodón|move: Sticky Web
|-unboost|p2a: Bigodón|spe|1
|-activate|p2a: Bigodón|ability: Supreme Overlord
|-start|p2a: Bigodón|fallen1|[silent]
|switch|p1a: Gholdengo|Gholdengo|100/100
|
|turn|8
|
|switch|p1a: Kingambit|Kingambit, M|100/100
|-activate|p1a: Kingambit|ability: Supreme Overlord
|-start|p1a: Kingambit|fallen1|[silent]
|move|p2a: Bigodón|Kowtow Cleave|p1a: Kingambit
|-resisted|p1a: Kingambit
|-damage|p1a: Kingambit|75/100
|
|-heal|p1a: Kingambit|81/100|[from] item: Leftovers
|turn|9
|
|move|p2a: Bigodón|Stealth Rock|p1a: Kingambit
|-sidestart|p1: OibOcd|move: Stealth Rock
|move|p1a: Kingambit|Swords Dance|p1a: Kingambit
|-boost|p1a: Kingambit|atk|2
|
|-heal|p1a: Kingambit|87/100|[from] item: Leftovers
|turn|10
|
|move|p2a: Bigodón|Iron Head|p1a: Kingambit
|-resisted|p1a: Kingambit
|-damage|p1a: Kingambit|68/100
|move|p1a: Kingambit|Swords Dance|p1a: Kingambit
|-boost|p1a: Kingambit|atk|2
|
|-heal|p1a: Kingambit|74/100|[from] item: Leftovers
|-fieldend|move: Trick Room
|turn|11
|
|move|p1a: Kingambit|Kowtow Cleave|p2a: Bigodón
|-resisted|p2a: Bigodón
|-damage|p2a: Bigodón|43/100
|move|p2a: Bigodón|Kowtow Cleave|p1a: Kingambit
|-resisted|p1a: Kingambit
|-damage|p1a: Kingambit|47/100
|
|-heal|p1a: Kingambit|53/100|[from] item: Leftovers
|turn|12
|
|move|p2a: Bigodón|Sucker Punch|p1a: Kingambit
|-resisted|p1a: Kingambit
|-damage|p1a: Kingambit|31/100
|move|p1a: Kingambit|Kowtow Cleave|p2a: Bigodón
|-resisted|p2a: Bigodón
|-crit|p2a: Bigodón
|-damage|p2a: Bigodón|0 fnt
|faint|p2a: Bigodón
|-end|p2a: Bigodón|fallen1|[silent]
|
|-heal|p1a: Kingambit|37/100|[from] item: Leftovers
|
|switch|p2a: Magnezone|Magnezone|100/100
|-activate|p2a: Magnezone|move: Sticky Web
|-unboost|p2a: Magnezone|spe|1
|turn|13
|
|move|p2a: Magnezone|Discharge|p1a: Kingambit
|-damage|p1a: Kingambit|0 fnt
|faint|p1a: Kingambit
|-end|p1a: Kingambit|fallen1|[silent]
|
|
|switch|p1a: Baxcalibur|Baxcalibur, M|100/100
|-damage|p1a: Baxcalibur|76/100|[from] Stealth Rock
|turn|14
|
|move|p1a: Baxcalibur|Glaive Rush|p2a: Magnezone
|-resisted|p2a: Magnezone
|-damage|p2a: Magnezone|42/100
|-singlemove|p1a: Baxcalibur|Glaive Rush|[silent]
|move|p2a: Magnezone|Discharge|p1a: Baxcalibur
|-resisted|p1a: Baxcalibur
|-damage|p1a: Baxcalibur|30/100
|-status|p1a: Baxcalibur|par
|
|turn|15
|
|move|p2a: Magnezone|Discharge|p1a: Baxcalibur
|-resisted|p1a: Baxcalibur
|-damage|p1a: Baxcalibur|0 fnt
|faint|p1a: Baxcalibur
|
|
|switch|p1a: Gholdengo|Gholdengo|100/100
|-damage|p1a: Gholdengo|94/100|[from] Stealth Rock
|turn|16
|
|move|p1a: Gholdengo|Shadow Ball|p2a: Magnezone
|-damage|p2a: Magnezone|0 fnt
|faint|p2a: Magnezone
|
|-heal|p1a: Gholdengo|100/100|[from] item: Leftovers
|
|switch|p2a: Ursaluna|Ursaluna, F|100/100
|-activate|p2a: Ursaluna|move: Sticky Web
|-unboost|p2a: Ursaluna|spe|1
|turn|17
|
|switch|p1a: Spidops|Spidops, F|100/100
|-damage|p1a: Spidops|76/100|[from] Stealth Rock
|move|p2a: Ursaluna|Earthquake|p1a: Spidops
|-resisted|p1a: Spidops
|-damage|p1a: Spidops|51/100
|
|-status|p2a: Ursaluna|brn|[from] item: Flame Orb
|turn|18
|
|switch|p2a: Hatterene|Hatterene, F|64/100
|-activate|p2a: Hatterene|move: Sticky Web
|-unboost|p2a: Hatterene|spe|1
|move|p1a: Spidops|Memento|p2a: Hatterene
|-unboost|p2a: Hatterene|atk|2
|-unboost|p2a: Hatterene|spa|2
|faint|p1a: Spidops
|
|
|switch|p1a: Typhlosion|Typhlosion-Hisui, F|100/100
|-damage|p1a: Typhlosion|76/100|[from] Stealth Rock
|-item|p2a: Hatterene|Focus Sash|[from] ability: Frisk|[of] p1a: Typhlosion|[identify]
|turn|19
|
|-terastallize|p1a: Typhlosion|Grass
|move|p1a: Typhlosion|Tera Blast|p2a: Hatterene
|-damage|p2a: Hatterene|3/100
|move|p2a: Hatterene|Trick Room|p2a: Hatterene
|-fieldstart|move: Trick Room|[of] p2a: Hatterene
|
|turn|20
|
|move|p2a: Hatterene|Psychic|p1a: Typhlosion
|-damage|p1a: Typhlosion|39/100
|-unboost|p1a: Typhlosion|spd|1
|move|p1a: Typhlosion|Tera Blast|p2a: Hatterene
|-damage|p2a: Hatterene|0 fnt
|faint|p2a: Hatterene
|
|
|switch|p2a: Ursaluna|Ursaluna, F|100/100 brn
|-activate|p2a: Ursaluna|move: Sticky Web
|-unboost|p2a: Ursaluna|spe|1
|turn|21
|
|switch|p1a: Gholdengo|Gholdengo|100/100
|-damage|p1a: Gholdengo|94/100|[from] Stealth Rock
|move|p2a: Ursaluna|Fire Punch|p1a: Gholdengo
|-supereffective|p1a: Gholdengo
|-damage|p1a: Gholdengo|0 fnt
|faint|p1a: Gholdengo
|
|-damage|p2a: Ursaluna|94/100 brn|[from] brn
|
|switch|p1a: Typhlosion|Typhlosion-Hisui, F, tera:Grass|39/100
|-damage|p1a: Typhlosion|27/100|[from] Stealth Rock
|-item|p2a: Ursaluna|Flame Orb|[from] ability: Frisk|[of] p1a: Typhlosion|[identify]
|turn|22
|
|-terastallize|p2a: Ursaluna|Normal
|move|p2a: Ursaluna|Facade|p1a: Typhlosion
|-damage|p1a: Typhlosion|0 fnt
|faint|p1a: Typhlosion
|
|win|Azeitona Mutante
|l|☆OibOcd
