|poke|p1|Magearna|
|poke|p1|Great Tusk|
|poke|p1|Samurott-Hisui, F|
|poke|p1|Gholdengo|
|poke|p1|Zamazenta-*|
|poke|p1|Dragapult, F|
|poke|p2|Samurott-Hisui, F|
|poke|p2|Dragapult, F|
|poke|p2|Sneasler, M|
|poke|p2|Magearna|
|poke|p2|Volcarona, M|
|poke|p2|Zamazenta-*|
|teampreview
|
|start
|switch|p1a: Magearna|Magearna|100/100
|switch|p2a: Samurott|Samurott-Hisui, F|100/100
|turn|1
|
|move|p2a: Samurott|Taunt|p1a: Magearna
|-start|p1a: Magearna|move: Taunt
|cant|p1a: Magearna|move: Taunt|Iron Defense
|
|turn|2
|
|move|p2a: Samurott|Ceaseless Edge|p1a: Magearna
|-resisted|p1a: Magearna
|-damage|p1a: Magearna|80/100
|-sidestart|p1: ayyk_47|Spikes
|move|p1a: Magearna|Draining Kiss|p2a: Samurott
|-supereffective|p2a: Samurott
|-damage|p2a: Samurott|15/100
|-heal|p1a: Magearna|100/100|[from] drain|[of] p2a: Samurott
|
|turn|3
|
|move|p2a: Samurott|Ceaseless Edge|p1a: Magearna
|-resisted|p1a: Magearna
|-damage|p1a: Magearna|82/100
|-sidestart|p1: ayyk_47|Spikes
|move|p1a: Magearna|Draining Kiss|p2a: Samurott
|-supereffective|p2a: Samurott
|-damage|p2a: Samurott|0 fnt
|-heal|p1a: Magearna|91/100|[from] drain|[of] p2a: Samurott
|faint|p2a: Samurott
|-ability|p1a: Magearna|Soul-Heart|boost
|-boost|p1a: Magearna|spa|1
|
|-heal|p1a: Magearna|97/100|[from] item: Leftovers
|-end|p1a: Magearna|move: Taunt
|
|switch|p2a: Volcarona|Volcarona, M|100/100
|turn|4
|
|switch|p1a: Samurott|Samurott-Hisui, F|100/100
|-damage|p1a: Samurott|84/100|[from] Spikes
|move|p2a: Volcarona|Quiver Dance|p2a: Volcarona
|-boost|p2a: Volcarona|spa|1
|-boost|p2a: Volcarona|spd|1
|-boost|p2a: Volcarona|spe|1
|
|turn|5
|
|move|p2a: Volcarona|Giga Drain|p1a: Samurott
|-supereffective|p1a: Samurott
|-damage|p1a: Samurott|19/100
|move|p1a: Samurott|Razor Shell|p2a: Volcarona
|-supereffective|p2a: Volcarona
|-damage|p2a: Volcarona|0 fnt
|faint|p2a: Volcarona
|
|
|switch|p2a: Dragapult|Dragapult, F|100/100
|turn|6
|
|move|p1a: Samurott|Sucker Punch||[still]
|-fail|p1a: Samurott
|move|p2a: Dragapult|Reflect|p2a: Dragapult
|-sidestart|p2: XerKalm|Reflect
|
|turn|7
|
|move|p2a: Dragapult|Light Screen|p2a: Dragapult
|-sidestart|p2: XerKalm|move: Light Screen
|move|p1a: Samurott|Ceaseless Edge|p2a: Dragapult
|-supereffective|p2a: Dragapult
|-damage|p2a: Dragapult|45/100
|-sidestart|p2: XerKalm|Spikes
|
|turn|8
|
|switch|p1a: Gholdengo|Gholdengo|100/100
|-item|p1a: Gholdengo|Air Balloon
|move|p2a: Dragapult|Curse|p1a: Gholdengo
|-immune|p1a: Gholdengo|[from] ability: Good as Gold
|
|turn|9
|
|move|p2a: Dragapult|U-turn|p1a: Gholdengo
|-resisted|p1a: Gholdengo
|-damage|p1a: Gholdengo|96/100
|-enditem|p1a: Gholdengo|Air Balloon
|
|switch|p2a: Sneasler|Sneasler, M|100/100|[from] U-turn
|-item|p2a: Sneasler|Air Balloon
|move|p1a: Gholdengo|Nasty Plot|p1a: Gholdengo
|-boost|p1a: Gholdengo|spa|2
|
|turn|10
|
|move|p1a: Gholdengo|Nasty Plot|p1a: Gholdengo
|-boost|p1a: Gholdengo|spa|2
|move|p2a: Sneasler|Swords Dance|p2a: Sneasler
|-boost|p2a: Sneasler|atk|2
|
|turn|11
|
|move|p1a: Gholdengo|Make It Rain|p2a: Sneasler
|-damage|p2a: Sneasler|0 fnt
|-unboost|p1a: Gholdengo|spa|1
|-enditem|p2a: Sneasler|Air Balloon
|faint|p2a: Sneasler
|
|
|switch|p2a: Magearna|Magearna|100/100
|-damage|p2a: Magearna|88/100|[from] Spikes
|turn|12
|
|move|p1a: Gholdengo|Make It Rain|p2a: Magearna
|-damage|p2a: Magearna|19/100
|-unboost|p1a: Gholdengo|spa|1
|move|p2a: Magearna|Calm Mind|p2a: Magearna
|-boost|p2a: Magearna|spa|1
|-boost|p2a: Magearna|spd|1
|
|-heal|p2a: Magearna|25/100|[from] item: Leftovers
|turn|13
|
|move|p1a: Gholdengo|Make It Rain|p2a: Magearna
|-damage|p2a: Magearna|0 fnt
|-unboost|p1a: Gholdengo|spa|1
|faint|p2a: Magearna
|
|-sideend|p2: XerKalm|Reflect
|-message|XerKalm forfeited.
|
|win|ayyk_47
