|poke|p1|Enamorus, F|
|poke|p1|Landorus-Therian, M|
|poke|p1|Braviary-Hisui, M|
|poke|p1|Magearna|
|poke|p1|Ursaluna, F|
|poke|p1|Hoopa-Unbound|
|poke|p2|Toxtricity-Low-Key, F|
|poke|p2|Skeledirge, M|
|poke|p2|Corviknight, M|
|poke|p2|Dragapult, M|
|poke|p2|Ting-Lu|
|poke|p2|Great Tusk|
|teampreview
|
|start
|switch|p1a: Enamorus|Enamorus, F, shiny|100/100
|switch|p2a: Ting-Lu|Ting-Lu|100/100
|-ability|p2a: Ting-Lu|Vessel of Ruin
|turn|1
|
|move|p1a: Enamorus|Superpower|p2a: Ting-Lu
|-supereffective|p2a: Ting-Lu
|-damage|p2a: Ting-Lu|63/100
|-boost|p1a: Enamorus|atk|1
|-boost|p1a: Enamorus|def|1
|move|p2a: Ting-Lu|Stealth Rock|p1a: Enamorus
|-sidestart|p1: p1|move: Stealth Rock
|
|-heal|p2a: Ting-Lu|69/100|[from] item: Leftovers
|turn|2
|
|move|p1a: Enamorus|Zen Headbutt|p2a: Ting-Lu
|-immune|p2a: Ting-Lu
|move|p2a: Ting-Lu|Whirlwind|p1a: Enamorus
|drag|p1a: Hoopa|Hoopa-Unbound|100/100
|-damage|p1a: Hoopa|88/100|[from] Stealth Rock
|
|-heal|p2a: Ting-Lu|76/100|[from] item: Leftovers
|turn|3
|
|move|p1a: Hoopa|Trick|p2a: Ting-Lu
|-activate|p1a: Hoopa|move: Trick|[of] p2a: Ting-Lu
|-item|p2a: Ting-Lu|Choice Scarf|[from] move: Trick
|-item|p1a: Hoopa|Leftovers|[from] move: Trick
|move|p2a: Ting-Lu|Earthquake|p1a: Hoopa
|-damage|p1a: Hoopa|27/100
|
|-heal|p1a: Hoopa|33/100|[from] item: Leftovers
|turn|4
|
|switch|p1a: Landorus|Landorus-Therian, M|100/100
|-damage|p1a: Landorus|88/100|[from] Stealth Rock
|-ability|p1a: Landorus|Intimidate|boost
|-unboost|p2a: Ting-Lu|atk|1
|move|p2a: Ting-Lu|Earthquake|p1a: Landorus
|-immune|p1a: Landorus
|
|-heal|p1a: Landorus|94/100|[from] item: Leftovers
|turn|5
|
|switch|p2a: ela é diferente|Great Tusk|100/100
|move|p1a: Landorus|Stealth Rock|p2a: ela é diferente
|-sidestart|p2: p2|move: Stealth Rock
|
|-heal|p1a: Landorus|100/100|[from] item: Leftovers
|turn|6
|
|move|p1a: Landorus|Swords Dance|p1a: Landorus
|-boost|p1a: Landorus|atk|2
|move|p2a: ela é diferente|Rapid Spin|p1a: Landorus
|-damage|p1a: Landorus|80/100
|-boost|p2a: ela é diferente|spe|1
|-sideend|p2: p2|Stealth Rock|[from] move: Rapid Spin|[of] p2a: ela é diferente
|
|-heal|p1a: Landorus|86/100|[from] item: Leftovers
|turn|7
|
|move|p2a: ela é diferente|Heavy Slam|p1a: Landorus
|-damage|p1a: Landorus|45/100
|move|p1a: Landorus|Earthquake|p2a: ela é diferente
|-damage|p2a: ela é diferente|25/100
|
|-heal|p1a: Landorus|51/100|[from] item: Leftovers
|turn|8
|
|move|p2a: ela é diferente|Heavy Slam|p1a: Landorus
|-damage|p1a: Landorus|9/100
|move|p1a: Landorus|Earthquake|p2a: ela é diferente
|-damage|p2a: ela é diferente|0 fnt
|faint|p2a: ela é diferente
|-end|p2a: ela é diferente|Protosynthesis|[silent]
|
|-heal|p1a: Landorus|15/100|[from] item: Leftovers
|
|switch|p2a: Perfect|Dragapult, M|100/100
|turn|9
|
|move|p2a: Perfect|Dragon Darts|p1a: Landorus
|-damage|p1a: Landorus|0 fnt
|faint|p1a: Landorus
|
|
|switch|p1a: Magearna|Magearna|100/100
|-damage|p1a: Magearna|95/100|[from] Stealth Rock
|turn|10
|
|switch|p2a: Lacoste|Skeledirge, M|100/100
|move|p1a: Magearna|Shift Gear|p1a: Magearna
|-boost|p1a: Magearna|spe|2
|-boost|p1a: Magearna|atk|1
|
|turn|11
|
|switch|p1a: Enamorus|Enamorus, F, shiny|100/100
|-damage|p1a: Enamorus|76/100|[from] Stealth Rock
|move|p2a: Lacoste|Will-O-Wisp|p1a: Enamorus
|-status|p1a: Enamorus|brn
|
|-damage|p1a: Enamorus|69/100 brn|[from] brn
|turn|12
|
|move|p1a: Enamorus|Play Rough|p2a: Lacoste
|-resisted|p2a: Lacoste
|-damage|p2a: Lacoste|91/100
|move|p2a: Lacoste|Hex|p1a: Enamorus
|-damage|p1a: Enamorus|24/100 brn
|
|-damage|p1a: Enamorus|17/100 brn|[from] brn
|turn|13
|
|move|p1a: Enamorus|Tera Blast|p2a: Lacoste
|-immune|p2a: Lacoste
|move|p2a: Lacoste|Torch Song|p1a: Enamorus
|-damage|p1a: Enamorus|0 fnt
|-boost|p2a: Lacoste|spa|1
|faint|p1a: Enamorus
|
|
|switch|p1a: Hoopa|Hoopa-Unbound|33/100
|-damage|p1a: Hoopa|20/100|[from] Stealth Rock
|turn|14
|
|move|p1a: Hoopa|Dark Pulse|p2a: Lacoste
|-supereffective|p2a: Lacoste
|-damage|p2a: Lacoste|8/100
|move|p2a: Lacoste|Torch Song|p1a: Hoopa
|-damage|p1a: Hoopa|0 fnt
|-boost|p2a: Lacoste|spa|1
|faint|p1a: Hoopa
|
|
|switch|p1a: Magearna|Magearna|95/100
|-damage|p1a: Magearna|89/100|[from] Stealth Rock
|turn|15
|
|move|p1a: Magearna|Draining Kiss|p2a: Lacoste
|-resisted|p2a: Lacoste
|-damage|p2a: Lacoste|0 fnt
|-heal|p1a: Magearna|96/100|[from] drain|[of] p2a: Lacoste
|faint|p2a: Lacoste
|-ability|p1a: Magearna|Soul-Heart|boost
|-boost|p1a: Magearna|spa|1
|
|
|switch|p2a: Ting-Lu|Ting-Lu|76/100
|-ability|p2a: Ting-Lu|Vessel of Ruin
|turn|16
|
|move|p1a: Magearna|Draining Kiss|p2a: Ting-Lu
|-supereffective|p2a: Ting-Lu
|-damage|p2a: Ting-Lu|27/100
|-heal|p1a: Magearna|100/100|[from] drain|[of] p2a: Ting-Lu
|move|p2a: Ting-Lu|Earthquake|p1a: Magearna
|-supereffective|p1a: Magearna
|-damage|p1a: Magearna|20/100
|-enditem|p1a: Magearna|Weakness Policy
|-boost|p1a: Magearna|atk|2|[from] item: Weakness Policy
|-boost|p1a: Magearna|spa|2|[from] item: Weakness Policy
|
|turn|17
|
|move|p1a: Magearna|Draining Kiss|p2a: Ting-Lu
|-supereffective|p2a: Ting-Lu
|-damage|p2a: Ting-Lu|0 fnt
|-heal|p1a: Magearna|54/100|[from] drain|[of] p2a: Ting-Lu
|faint|p2a: Ting-Lu
|-ability|p1a: Magearna|Soul-Heart|boost
|-boost|p1a: Magearna|spa|1
|
|
|switch|p2a: Toxtricity|Toxtricity-Low-Key, F, shiny|100/100
|turn|18
|
|move|p2a: Toxtricity|Boomburst|p1a: Magearna
|-resisted|p1a: Magearna
|-damage|p1a: Magearna|21/100
|move|p1a: Magearna|Draining Kiss|p2a: Toxtricity
|-resisted|p2a: Toxtricity
|-damage|p2a: Toxtricity|38/100
|-heal|p1a: Magearna|66/100|[from] drain|[of] p2a: Toxtricity
|
|turn|19
|
|-terastallize|p2a: Toxtricity|Normal
|move|p2a: Toxtricity|Boomburst|p1a: Magearna
|-resisted|p1a: Magearna
|-damage|p1a: Magearna|18/100
|move|p1a: Magearna|Shift Gear|p1a: Magearna
|-boost|p1a: Magearna|spe|2
|-boost|p1a: Magearna|atk|1
|
|turn|20
|
|move|p1a: Magearna|Draining Kiss|p2a: Toxtricity
|-damage|p2a: Toxtricity|0 fnt
|-heal|p1a: Magearna|46/100|[from] drain|[of] p2a: Toxtricity
|faint|p2a: Toxtricity
|-ability|p1a: Magearna|Soul-Heart|boost
|-boost|p1a: Magearna|spa|1
|
|
|switch|p2a: Perfect|Dragapult, M|100/100
|turn|21
|
|move|p2a: Perfect|Sucker Punch|p1a: Magearna
|-resisted|p1a: Magearna
|-damage|p1a: Magearna|25/100
|move|p1a: Magearna|Draining Kiss|p2a: Perfect
|-supereffective|p2a: Perfect
|-damage|p2a: Perfect|0 fnt
|-heal|p1a: Magearna|100/100|[from] drain|[of] p2a: Perfect
|faint|p2a: Perfect
|-ability|p1a: Magearna|Soul-Heart|boost
|-boost|p1a: Magearna|spa|1
|
|
|switch|p2a: batman|Corviknight, M, shiny|100/100
|-ability|p2a: batman|Pressure
|turn|22
|
|move|p1a: Magearna|Flash Cannon|p2a: batman
|-resisted|p2a: batman
|-damage|p2a: batman|19/100
|move|p2a: batman|Brave Bird|p1a: Magearna
|-resisted|p1a: Magearna
|-damage|p1a: Magearna|82/100
|-damage|p2a: batman|14/100|[from] Recoil
|
|turn|23
|
|move|p1a: Magearna|Draining Kiss|p2a: batman
|-resisted|p2a: batman
|-damage|p2a: batman|0 fnt
|-heal|p1a: Magearna|96/100|[from] drain|[of] p2a: batman
|-damage|p1a: Magearna|79/100|[from] item: Rocky Helmet|[of] p2a: batman
|faint|p2a: batman
|
|win|p1
