|poke|p1|Dragapult, M|
|poke|p1|Urshifu-*, M|
|poke|p1|Enamorus, F|
|poke|p1|Amoonguss, F|
|poke|p1|Heatran, F|
|poke|p1|Great Tusk|
|poke|p2|Urshifu-*, M|
|poke|p2|Enamorus-Therian, F|
|poke|p2|Great Tusk|
|poke|p2|Gholdengo|
|poke|p2|Moltres|
|poke|p2|Dragapult, M|
|teampreview
|
|start
|switch|p1a: Dragapult|Dragapult, M|100/100
|switch|p2a: Moltres|Moltres|100/100
|turn|1
|
|move|p1a: Dragapult|Shadow Ball|p2a: Moltres
|-damage|p2a: Moltres|64/100
|move|p2a: Moltres|Brave Bird|p1a: Dragapult
|-damage|p1a: Dragapult|41/100
|-damage|p2a: Moltres|48/100|[from] Recoil
|
|turn|2
|
|switch|p1a: Heatran|Heatran, F|100/100
|move|p2a: Moltres|Roost|p2a: Moltres
|-heal|p2a: Moltres|98/100
|-singleturn|p2a: Moltres|move: Roost
|
|turn|3
|
|move|p2a: Moltres|U-turn|p1a: Heatran
|-resisted|p1a: Heatran
|-damage|p1a: Heatran|97/100
|
|switch|p2a: Urshifu|Urshifu-Rapid-Strike, M|100/100|[from] U-turn
|move|p1a: Heatran|Stealth Rock|p2a: Urshifu
|-sidestart|p2: p2|move: Stealth Rock
|
|-heal|p1a: Heatran|100/100|[from] item: Leftovers
|turn|4
|
|switch|p2a: Gholdengo|Gholdengo|100/100
|-damage|p2a: Gholdengo|94/100|[from] Stealth Rock
|switch|p1a: Amoonguss|Amoonguss, F|100/100
|
|turn|5
|
|switch|p1a: Heatran|Heatran, F|100/100
|move|p2a: Gholdengo|Shadow Ball|p1a: Heatran
|-damage|p1a: Heatran|62/100
|
|-heal|p1a: Heatran|68/100|[from] item: Leftovers
|turn|6
|
|switch|p2a: Urshifu|Urshifu-Rapid-Strike, M|100/100
|-damage|p2a: Urshifu|94/100|[from] Stealth Rock
|move|p1a: Heatran|Lava Plume|p2a: Urshifu
|-resisted|p2a: Urshifu
|-damage|p2a: Urshifu|70/100
|-status|p2a: Urshifu|brn
|
|-heal|p1a: Heatran|75/100|[from] item: Leftovers
|-damage|p2a: Urshifu|64/100 brn|[from] brn
|turn|7
|
|switch|p2a: Moltres|Moltres|98/100
|switch|p1a: Amoonguss|Amoonguss, F|100/100
|
|turn|8
|
|switch|p1a: Heatran|Heatran, F|75/100
|move|p2a: Moltres|U-turn|p1a: Heatran
|-resisted|p1a: Heatran
|-damage|p1a: Heatran|71/100
|
|switch|p2a: Dragapult|Dragapult, M|100/100|[from] U-turn
|-damage|p2a: Dragapult|88/100|[from] Stealth Rock
|
|-heal|p1a: Heatran|77/100|[from] item: Leftovers
|turn|9
|
|move|p2a: Dragapult|Shadow Ball|p1a: Heatran
|-damage|p1a: Heatran|44/100
|move|p1a: Heatran|Lava Plume|p2a: Dragapult
|-resisted|p2a: Dragapult
|-damage|p2a: Dragapult|63/100
|-status|p2a: Dragapult|brn
|
|-heal|p1a: Heatran|50/100|[from] item: Leftovers
|-damage|p2a: Dragapult|57/100 brn|[from] brn
|turn|10
|
|move|p2a: Dragapult|Shadow Ball|p1a: Heatran
|-damage|p1a: Heatran|18/100
|move|p1a: Heatran|Earth Power|p2a: Dragapult
|-crit|p2a: Dragapult
|-damage|p2a: Dragapult|7/100 brn
|-unboost|p2a: Dragapult|spd|1
|
|-heal|p1a: Heatran|24/100|[from] item: Leftovers
|-damage|p2a: Dragapult|1/100 brn|[from] brn
|turn|11
|
|switch|p1a: Amoonguss|Amoonguss, F|100/100
|move|p2a: Dragapult|Shadow Ball|p1a: Amoonguss
|-damage|p1a: Amoonguss|53/100
|
|-damage|p2a: Dragapult|0 fnt|[from] brn
|faint|p2a: Dragapult
|
|switch|p2a: Gholdengo|Gholdengo|94/100
|-damage|p2a: Gholdengo|88/100|[from] Stealth Rock
|turn|12
|
|switch|p1a: Heatran|Heatran, F|24/100
|move|p2a: Gholdengo|Shadow Ball|p1a: Heatran
|-damage|p1a: Heatran|0 fnt
|faint|p1a: Heatran
|
|
|switch|p1a: Dragapult|Dragapult, M|41/100
|turn|13
|
|switch|p2a: Great Tusk|Great Tusk|100/100
|-enditem|p2a: Great Tusk|Booster Energy
|-activate|p2a: Great Tusk|ability: Protosynthesis|[fromitem]
|-start|p2a: Great Tusk|protosynthesisspe
|-damage|p2a: Great Tusk|97/100|[from] Stealth Rock
|move|p1a: Dragapult|Shadow Ball|p2a: Great Tusk
|-damage|p2a: Great Tusk|28/100
|
|turn|14
|
|switch|p1a: Great Tusk|Great Tusk|100/100
|move|p2a: Great Tusk|Knock Off|p1a: Great Tusk
|-resisted|p1a: Great Tusk
|-damage|p1a: Great Tusk|94/100
|-enditem|p1a: Great Tusk|Leftovers|[from] move: Knock Off|[of] p2a: Great Tusk
|
|turn|15
|
|move|p2a: Great Tusk|Rapid Spin|p1a: Great Tusk
|-damage|p1a: Great Tusk|87/100
|-boost|p2a: Great Tusk|spe|1
|-sideend|p2: p2|Stealth Rock|[from] move: Rapid Spin|[of] p2a: Great Tusk
|move|p1a: Great Tusk|Earthquake|p2a: Great Tusk
|-damage|p2a: Great Tusk|0 fnt
|faint|p2a: Great Tusk
|-end|p2a: Great Tusk|Protosynthesis|[silent]
|
|
|switch|p2a: Enamorus|Enamorus-Therian, F|100/100
|turn|16
|
|-end|p1a: Great Tusk|Protosynthesis|[silent]
|switch|p1a: Amoonguss|Amoonguss, F|86/100
|move|p2a: Enamorus|Mystical Fire|p1a: Amoonguss
|-supereffective|p1a: Amoonguss
|-damage|p1a: Amoonguss|35/100
|-unboost|p1a: Amoonguss|spa|1
|
|turn|17
|
|switch|p1a: Urshifu|Urshifu-Rapid-Strike, M|100/100
|move|p2a: Enamorus|Mystical Fire|p1a: Urshifu
|-resisted|p1a: Urshifu
|-damage|p1a: Urshifu|80/100
|-unboost|p1a: Urshifu|spa|1
|
|turn|18
|
|move|p1a: Urshifu|Surging Strikes|p2a: Enamorus
|-crit|p2a: Enamorus
|-damage|p2a: Enamorus|80/100
|-crit|p2a: Enamorus
|-damage|p2a: Enamorus|61/100
|-crit|p2a: Enamorus
|-damage|p2a: Enamorus|41/100
|-hitcount|p2a: Enamorus|3
|move|p2a: Enamorus|Draining Kiss|p1a: Urshifu
|-supereffective|p1a: Urshifu
|-damage|p1a: Urshifu|0 fnt
|-heal|p2a: Enamorus|99/100|[from] drain|[of] p1a: Urshifu
|faint|p1a: Urshifu
|
|-heal|p2a: Enamorus|100/100|[from] item: Leftovers
|
|switch|p1a: Enamorus|Enamorus, F|100/100
|turn|19
|
|switch|p2a: Moltres|Moltres|98/100
|move|p1a: Enamorus|Moonblast|p2a: Moltres
|-resisted|p2a: Moltres
|-damage|p2a: Moltres|80/100
|-unboost|p2a: Moltres|spa|1
|
|turn|20
|
|move|p1a: Enamorus|Superpower|p2a: Moltres
|-resisted|p2a: Moltres
|-crit|p2a: Moltres
|-damage|p2a: Moltres|55/100
|-boost|p1a: Enamorus|atk|1
|-boost|p1a: Enamorus|def|1
|move|p2a: Moltres|Brave Bird|p1a: Enamorus
|-damage|p1a: Enamorus|50/100
|-damage|p2a: Moltres|42/100|[from] Recoil
|
|turn|21
|
|move|p1a: Enamorus|Superpower|p2a: Moltres
|-resisted|p2a: Moltres
|-damage|p2a: Moltres|18/100
|-boost|p1a: Enamorus|atk|1
|-boost|p1a: Enamorus|def|1
|-status|p1a: Enamorus|brn|[from] ability: Flame Body|[of] p2a: Moltres
|move|p2a: Moltres|Roost|p2a: Moltres
|-heal|p2a: Moltres|68/100
|-singleturn|p2a: Moltres|move: Roost
|
|-damage|p1a: Enamorus|43/100 brn|[from] brn
|turn|22
|-message|p1 forfeited.
|
|win|p2
