|poke|p1|Magearna|
|poke|p1|Landorus-Therian, M|
|poke|p1|Dragapult, F|
|poke|p1|Volcarona, M|
|poke|p1|Ursaluna, F|
|poke|p1|Gholdengo|
|poke|p2|Enamorus, F|
|poke|p2|Iron Treads|
|poke|p2|Dragonite, F|
|poke|p2|Zapdos|
|poke|p2|Hydreigon, M|
|poke|p2|Magearna|
|teampreview
|
|start
|switch|p1a: Dragapult|Dragapult, F|100/100
|switch|p2a: Dragonite|Dragonite, F|100/100
|turn|1
|
|move|p1a: Dragapult|Will-O-Wisp|p2a: Dragonite
|-status|p2a: Dragonite|brn
|move|p2a: Dragonite|Dragon Claw|p1a: Dragapult
|-supereffective|p1a: Dragapult
|-damage|p1a: Dragapult|44/100
|
|-damage|p2a: Dragonite|94/100 brn|[from] brn
|turn|2
|player|p1|
|player|p1|Copyninja101|2
|
|move|p1a: Dragapult|Reflect|p1a: Dragapult
|-sidestart|p1: Copyninja101|Reflect
|move|p2a: Dragonite|Dragon Dance|p2a: Dragonite
|-boost|p2a: Dragonite|atk|1
|-boost|p2a: Dragonite|spe|1
|
|-damage|p2a: Dragonite|88/100 brn|[from] brn
|turn|3
|
|move|p1a: Dragapult|Light Screen|p1a: Dragapult
|-sidestart|p1: Copyninja101|move: Light Screen
|move|p2a: Dragonite|Dragon Dance|p2a: Dragonite
|-boost|p2a: Dragonite|atk|1
|-boost|p2a: Dragonite|spe|1
|
|-damage|p2a: Dragonite|82/100 brn|[from] brn
|turn|4
|
|switch|p1a: Ursaluna|Ursaluna, F|100/100
|move|p2a: Dragonite|Dragon Claw|p1a: Ursaluna
|-damage|p1a: Ursaluna|83/100
|
|-damage|p2a: Dragonite|76/100 brn|[from] brn
|-status|p1a: Ursaluna|brn|[from] item: Flame Orb
|turn|5
|
|move|p2a: Dragonite|Dragon Claw|p1a: Ursaluna
|-damage|p1a: Ursaluna|64/100 brn
|move|p1a: Ursaluna|Facade|p2a: Dragonite
|-damage|p2a: Dragonite|0 fnt
|faint|p2a: Dragonite
|
|-damage|p1a: Ursaluna|58/100 brn|[from] brn
|
|switch|p2a: Hydreigon|Hydreigon, M|100/100
|turn|6
|
|move|p2a: Hydreigon|Hydro Pump|p1a: Ursaluna
|-supereffective|p1a: Ursaluna
|-damage|p1a: Ursaluna|22/100 brn
|move|p1a: Ursaluna|Facade|p2a: Hydreigon
|-crit|p2a: Hydreigon
|-damage|p2a: Hydreigon|0 fnt
|faint|p2a: Hydreigon
|
|-damage|p1a: Ursaluna|16/100 brn|[from] brn
|
|switch|p2a: Magearna|Magearna|100/100
|turn|7
|
|move|p1a: Ursaluna|Earthquake|p2a: Magearna
|-supereffective|p2a: Magearna
|-damage|p2a: Magearna|0 fnt
|faint|p2a: Magearna
|
|-damage|p1a: Ursaluna|9/100 brn|[from] brn
|-message|Poketrash12345 forfeited.
|
|win|Copyninja101
