|poke|p1|Toxapex, F|
|poke|p1|Landorus-Therian, M|
|poke|p1|Indeedee, M|
|poke|p1|Armarouge, M|
|poke|p1|Ting-Lu|
|poke|p1|Corviknight, F|
|poke|p2|Sneasler, F|
|poke|p2|Magearna|
|poke|p2|Urshifu-*, M|
|poke|p2|Landorus-Therian, M|
|poke|p2|Chien-Pao|
|poke|p2|Samurott-Hisui, M|
|teampreview
|
|start
|switch|p1a: Landorus|Landorus-Therian, M|100/100
|switch|p2a: Landorus|Landorus-Therian, M, shiny|100/100
|-ability|p1a: Landorus|Intimidate|boost
|-unboost|p2a: Landorus|atk|1
|-ability|p2a: Landorus|Intimidate|boost
|-unboost|p1a: Landorus|atk|1
|turn|1
|
|move|p1a: Landorus|U-turn|p2a: Landorus
|-resisted|p2a: Landorus
|-damage|p2a: Landorus|92/100
|-damage|p1a: Landorus|84/100|[from] item: Rocky Helmet|[of] p2a: Landorus
|
|switch|p1a: Corviknight|Corviknight, F|100/100|[from] U-turn
|-ability|p1a: Corviknight|Pressure
|move|p2a: Landorus|U-turn|p1a: Corviknight
|-resisted|p1a: Corviknight
|-damage|p1a: Corviknight|98/100
|-damage|p2a: Landorus|75/100|[from] item: Rocky Helmet|[of] p1a: Corviknight
|
|switch|p2a: Magearna|Magearna|100/100|[from] U-turn
|
|turn|2
|
|switch|p1a: Toxapex|Toxapex, F|100/100
|move|p2a: Magearna|Thunderbolt|p1a: Toxapex
|-supereffective|p1a: Toxapex
|-damage|p1a: Toxapex|38/100
|
|-heal|p1a: Toxapex|44/100|[from] item: Leftovers
|turn|3
|
|switch|p1a: Landorus|Landorus-Therian, M|84/100
|-ability|p1a: Landorus|Intimidate|boost
|-unboost|p2a: Magearna|atk|1
|move|p2a: Magearna|Ice Beam|p1a: Landorus
|-supereffective|p1a: Landorus
|-damage|p1a: Landorus|0 fnt
|faint|p1a: Landorus
|-ability|p2a: Magearna|Soul-Heart|boost
|-boost|p2a: Magearna|spa|1
|
|
|switch|p1a: Ting-Lu|Ting-Lu|100/100
|-ability|p1a: Ting-Lu|Vessel of Ruin
|turn|4
|
|move|p2a: Magearna|Ice Beam|p1a: Ting-Lu
|-supereffective|p1a: Ting-Lu
|-crit|p1a: Ting-Lu
|-damage|p1a: Ting-Lu|0 fnt
|faint|p1a: Ting-Lu
|-ability|p2a: Magearna|Soul-Heart|boost
|-boost|p2a: Magearna|spa|1
|
|
|switch|p1a: Indeedee|Indeedee, M|100/100
|-fieldstart|move: Psychic Terrain|[from] ability: Psychic Surge|[of] p1a: Indeedee
|turn|5
|
|move|p1a: Indeedee|Psychic|p2a: Magearna
|-resisted|p2a: Magearna
|-damage|p2a: Magearna|75/100
|move|p2a: Magearna|Thunderbolt|p1a: Indeedee
|-damage|p1a: Indeedee|11/100
|
|turn|6
|
|move|p1a: Indeedee|Psychic|p2a: Magearna
|-resisted|p2a: Magearna
|-damage|p2a: Magearna|47/100
|-unboost|p2a: Magearna|spd|1
|move|p2a: Magearna|Thunderbolt|p1a: Indeedee
|-damage|p1a: Indeedee|0 fnt
|faint|p1a: Indeedee
|-ability|p2a: Magearna|Soul-Heart|boost
|-boost|p2a: Magearna|spa|1
|
|
|switch|p1a: Armarouge|Armarouge, M|100/100
|turn|7
|
|-terastallize|p2a: Magearna|Ground
|move|p1a: Armarouge|Armor Cannon|p2a: Magearna
|-damage|p2a: Magearna|0 fnt
|-unboost|p1a: Armarouge|def|1
|-unboost|p1a: Armarouge|spd|1
|faint|p2a: Magearna
|
|
|switch|p2a: Samurott|Samurott-Hisui, M|100/100
|turn|8
|
|move|p1a: Armarouge|Endure|p1a: Armarouge
|-singleturn|p1a: Armarouge|move: Endure
|move|p2a: Samurott|Aqua Cutter|p1a: Armarouge
|-supereffective|p1a: Armarouge
|-activate|p1a: Armarouge|move: Endure
|-damage|p1a: Armarouge|1/100
|-ability|p1a: Armarouge|Weak Armor|boost
|-unboost|p1a: Armarouge|def|1
|-boost|p1a: Armarouge|spe|2
|-enditem|p1a: Armarouge|Weakness Policy
|-boost|p1a: Armarouge|atk|2|[from] item: Weakness Policy
|-boost|p1a: Armarouge|spa|2|[from] item: Weakness Policy
|-damage|p2a: Samurott|91/100|[from] item: Life Orb
|
|turn|9
|
|move|p1a: Armarouge|Aura Sphere|p2a: Samurott
|-supereffective|p2a: Samurott
|-damage|p2a: Samurott|0 fnt
|faint|p2a: Samurott
|
|
|switch|p2a: Sneasler|Sneasler, F, shiny|100/100
|turn|10
|
|move|p1a: Armarouge|Expanding Force|p2a: Sneasler
|-supereffective|p2a: Sneasler
|-damage|p2a: Sneasler|0 fnt
|faint|p2a: Sneasler
|
|
|switch|p2a: Urshifu|Urshifu-Rapid-Strike, M|100/100
|turn|11
|
|move|p1a: Armarouge|Armor Cannon|p2a: Urshifu
|-resisted|p2a: Urshifu
|-damage|p2a: Urshifu|14/100
|-unboost|p1a: Armarouge|def|1
|-unboost|p1a: Armarouge|spd|1
|move|p2a: Urshifu|Surging Strikes|p1a: Armarouge
|-supereffective|p1a: Armarouge
|-crit|p1a: Armarouge
|-damage|p1a: Armarouge|0 fnt
|faint|p1a: Armarouge
|-hitcount|p1: Armarouge|1
|
|
|switch|p1a: Corviknight|Corviknight, F|98/100
|-ability|p1a: Corviknight|Pressure
|turn|12
|
|move|p2a: Urshifu|Surging Strikes|p1a: Corviknight
|-crit|p1a: Corviknight
|-damage|p1a: Corviknight|85/100
|-crit|p1a: Corviknight
|-damage|p1a: Corviknight|71/100
|-crit|p1a: Corviknight
|-damage|p1a: Corviknight|57/100
|-hitcount|p1a: Corviknight|3
|move|p1a: Corviknight|Roost|p1a: Corviknight
|-heal|p1a: Corviknight|100/100
|-singleturn|p1a: Corviknight|move: Roost
|
|-fieldend|move: Psychic Terrain
|turn|13
|
|move|p2a: Urshifu|Surging Strikes|p1a: Corviknight
|-crit|p1a: Corviknight
|-damage|p1a: Corviknight|86/100
|-crit|p1a: Corviknight
|-damage|p1a: Corviknight|73/100
|-crit|p1a: Corviknight
|-damage|p1a: Corviknight|60/100
|-hitcount|p1a: Corviknight|3
|move|p1a: Corviknight|U-turn|p2a: Urshifu
|-resisted|p2a: Urshifu
|-damage|p2a: Urshifu|7/100
|
|switch|p1a: Toxapex|Toxapex, F|77/100|[from] U-turn
|
|-heal|p1a: Toxapex|84/100|[from] item: Leftovers
|turn|14
|
|move|p2a: Urshifu|Close Combat|p1a: Toxapex
|-resisted|p1a: Toxapex
|-damage|p1a: Toxapex|64/100
|-unboost|p2a: Urshifu|def|1
|-unboost|p2a: Urshifu|spd|1
|move|p1a: Toxapex|Toxic|p2a: Urshifu
|-status|p2a: Urshifu|tox
|
|-heal|p1a: Toxapex|70/100|[from] item: Leftovers
|-damage|p2a: Urshifu|1/100 tox|[from] psn
|turn|15
|
|move|p2a: Urshifu|Surging Strikes|p1a: Toxapex
|-resisted|p1a: Toxapex
|-crit|p1a: Toxapex
|-damage|p1a: Toxapex|63/100
|-resisted|p1a: Toxapex
|-crit|p1a: Toxapex
|-damage|p1a: Toxapex|57/100
|-resisted|p1a: Toxapex
|-crit|p1a: Toxapex
|-damage|p1a: Toxapex|50/100
|-hitcount|p1a: Toxapex|3
|move|p1a: Toxapex|Recover|p1a: Toxapex
|-heal|p1a: Toxapex|99/100
|
|-heal|p1a: Toxapex|100/100|[from] item: Leftovers
|-damage|p2a: Urshifu|0 fnt|[from] psn
|faint|p2a: Urshifu
|
|switch|p2a: Landorus|Landorus-Therian, M, shiny|75/100
|-ability|p2a: Landorus|Intimidate|boost
|-unboost|p1a: Toxapex|atk|1
|turn|16
|
|switch|p1a: Corviknight|Corviknight, F|60/100
|-ability|p1a: Corviknight|Pressure
|move|p2a: Landorus|Taunt|p1a: Corviknight
|-start|p1a: Corviknight|move: Taunt
|
|turn|17
|
|move|p2a: Landorus|Smack Down|p1a: Corviknight
|-damage|p1a: Corviknight|50/100
|-start|p1a: Corviknight|Smack Down
|move|p1a: Corviknight|Brave Bird|p2a: Landorus
|-damage|p2a: Landorus|36/100
|-damage|p1a: Corviknight|33/100|[from] item: Rocky Helmet|[of] p2a: Landorus
|-damage|p1a: Corviknight|21/100|[from] Recoil
|
|turn|18
|
|move|p2a: Landorus|Earthquake|p1a: Corviknight
|-supereffective|p1a: Corviknight
|-damage|p1a: Corviknight|0 fnt
|faint|p1a: Corviknight
|
|
|switch|p1a: Toxapex|Toxapex, F|100/100
|turn|19
|
|move|p2a: Landorus|Taunt|p1a: Toxapex
|-start|p1a: Toxapex|move: Taunt
|move|p1a: Toxapex|Chilling Water|p2a: Landorus
|-supereffective|p2a: Landorus
|-damage|p2a: Landorus|11/100
|-unboost|p2a: Landorus|atk|1
|
|turn|20
|
|move|p2a: Landorus|Earthquake|p1a: Toxapex
|-supereffective|p1a: Toxapex
|-damage|p1a: Toxapex|62/100
|move|p1a: Toxapex|Chilling Water|p2a: Landorus
|-supereffective|p2a: Landorus
|-damage|p2a: Landorus|0 fnt
|faint|p2a: Landorus
|
|-heal|p1a: Toxapex|69/100|[from] item: Leftovers

|
|switch|p2a: Chien-Pao|Chien-Pao|100/100
|-ability|p2a: Chien-Pao|Sword of Ruin
|turn|21
|
|move|p2a: Chien-Pao|Crunch|p1a: Toxapex
|-damage|p1a: Toxapex|18/100
|move|p1a: Toxapex|Chilling Water|p2a: Chien-Pao
|-damage|p2a: Chien-Pao|85/100
|-unboost|p2a: Chien-Pao|atk|1
|
|-heal|p1a: Toxapex|25/100|[from] item: Leftovers
|-end|p1a: Toxapex|move: Taunt
|turn|22
|
|move|p2a: Chien-Pao|Crunch|p1a: Toxapex
|-damage|p1a: Toxapex|0 fnt
|faint|p1a: Toxapex
|
|win|Azenty06
