# advantage = p2
|poke|p1|Hoopa-Unbound|
|poke|p1|Zamazenta-*|
|poke|p1|Heatran, F|
|poke|p1|Arcanine-Hisui, F|
|poke|p1|Torkoal, F|
|poke|p1|Corviknight, F|
|poke|p2|Typhlosion-Hisui, M|
|poke|p2|Iron Treads|
|poke|p2|Sneasler, M|
|poke|p2|Ursaluna, F|
|poke|p2|Iron Valiant|
|poke|p2|Rotom-Wash|
|teampreview
|
|start
|switch|p1a: Heatran|Heatran, F|100/100
|switch|p2a: Iron Treads|Iron Treads|100/100
|turn|1
|
|-terastallize|p1a: Heatran|Grass
|move|p1a: Heatran|Magma Storm|p2a: Iron Treads|[miss]
|-miss|p1a: Heatran|p2a: Iron Treads
|move|p2a: Iron Treads|Volt Switch|p1a: Heatran
|-resisted|p1a: Heatran
|-damage|p1a: Heatran|95/100
|
|-end|p2a: Iron Treads|Quark Drive|[silent]
|switch|p2a: Rotom|Rotom-Wash|100/100|[from] Volt Switch
|
|turn|2
|
|move|p2a: Rotom|Protect|p2a: Rotom
|-singleturn|p2a: Rotom|Protect
|move|p1a: Heatran|Magma Storm|p2a: Rotom
|-activate|p2a: Rotom|move: Protect
|
|turn|3
|
|move|p1a: Heatran|Magma Storm|p2a: Rotom
|-resisted|p2a: Rotom
|-damage|p2a: Rotom|78/100
|-activate|p2a: Rotom|move: Magma Storm|[of] p1a: Heatran
|move|p2a: Rotom|Volt Switch|p1a: Heatran
|-resisted|p1a: Heatran
|-damage|p1a: Heatran|82/100
|
|switch|p2a: Typhlosion|Typhlosion-Hisui, M|100/100|[from] Volt Switch
|-item|p1a: Heatran|Choice Scarf|[from] ability: Frisk|[of] p2a: Typhlosion|[identify]
|
|turn|4
|
|switch|p2a: Rotom|Rotom-Wash|78/100
|move|p1a: Heatran|Magma Storm|p2a: Rotom|[miss]
|-miss|p1a: Heatran|p2a: Rotom
|
|-heal|p2a: Rotom|85/100|[from] item: Leftovers
|turn|5
|
|move|p1a: Heatran|Magma Storm|p2a: Rotom
|-resisted|p2a: Rotom
|-damage|p2a: Rotom|66/100
|-activate|p2a: Rotom|move: Magma Storm|[of] p1a: Heatran
|move|p2a: Rotom|Volt Switch|p1a: Heatran
|-resisted|p1a: Heatran
|-damage|p1a: Heatran|69/100
|
|switch|p2a: Sneasler|Sneasler, M|100/100|[from] Volt Switch
|
|turn|6
|
|move|p1a: Heatran|Magma Storm|p2a: Sneasler
|-damage|p2a: Sneasler|32/100
|-activate|p2a: Sneasler|move: Magma Storm|[of] p1a: Heatran
|move|p2a: Sneasler|Close Combat|p1a: Heatran
|-damage|p1a: Heatran|0 fnt
|-unboost|p2a: Sneasler|def|1
|-unboost|p2a: Sneasler|spd|1
|-enditem|p2a: Sneasler|White Herb
|-clearnegativeboost|p2a: Sneasler|[silent]
|faint|p1a: Heatran
|
|-end|p2a: Sneasler|Magma Storm|[partiallytrapped]|[silent]
|
|switch|p1a: Hoopa|Hoopa-Unbound|100/100
|turn|7
|
|switch|p2a: Iron Treads|Iron Treads|100/100
|move|p1a: Hoopa|Zen Headbutt|p2a: Iron Treads
|-resisted|p2a: Iron Treads
|-damage|p2a: Iron Treads|77/100
|-damage|p1a: Hoopa|91/100|[from] item: Life Orb
|
|-heal|p2a: Iron Treads|83/100|[from] item: Leftovers
|turn|8
|
|move|p2a: Iron Treads|Stealth Rock|p1a: Hoopa
|-sidestart|p1: p1|move: Stealth Rock
|move|p1a: Hoopa|Ice Punch|p2a: Iron Treads
|-damage|p2a: Iron Treads|55/100
|-damage|p1a: Hoopa|81/100|[from] item: Life Orb
|
|-heal|p2a: Iron Treads|61/100|[from] item: Leftovers
|turn|9
|
|move|p2a: Iron Treads|Volt Switch|p1a: Hoopa
|-damage|p1a: Hoopa|71/100
|
|-end|p2a: Iron Treads|Quark Drive|[silent]
|switch|p2a: Rotom|Rotom-Wash|66/100|[from] Volt Switch
|move|p1a: Hoopa|Drain Punch|p2a: Rotom
|-damage|p2a: Rotom|26/100
|-heal|p1a: Hoopa|91/100|[from] drain|[of] p2a: Rotom
|-damage|p1a: Hoopa|81/100|[from] item: Life Orb
|
|-heal|p2a: Rotom|32/100|[from] item: Leftovers
|turn|10
|
|move|p1a: Hoopa|Drain Punch|p2a: Rotom
|-damage|p2a: Rotom|0 fnt
|-heal|p1a: Hoopa|98/100|[from] drain|[of] p2a: Rotom
|faint|p2a: Rotom
|-damage|p1a: Hoopa|88/100|[from] item: Life Orb
|
|
|switch|p2a: Iron Valiant|Iron Valiant|100/100
|turn|11
|
|move|p2a: Iron Valiant|Moonblast|p1a: Hoopa
|-supereffective|p1a: Hoopa
|-crit|p1a: Hoopa
|-damage|p1a: Hoopa|0 fnt
|faint|p1a: Hoopa
|
|
|switch|p1a: Corviknight|Corviknight, F|100/100
|-damage|p1a: Corviknight|88/100|[from] Stealth Rock
|-ability|p1a: Corviknight|Pressure
|turn|12
|
|-end|p2a: Iron Valiant|Quark Drive|[silent]
|switch|p2a: Iron Treads|Iron Treads|61/100
|move|p1a: Corviknight|Defog|p2a: Iron Treads
|-unboost|p2a: Iron Treads|evasion|1
|-sideend|p1: p1|Stealth Rock|[from] move: Defog|[of] p1a: Corviknight
|
|-heal|p2a: Iron Treads|67/100|[from] item: Leftovers
|-heal|p1a: Corviknight|94/100|[from] item: Leftovers
|turn|13
|
|move|p2a: Iron Treads|Volt Switch|p1a: Corviknight
|-supereffective|p1a: Corviknight
|-damage|p1a: Corviknight|72/100
|
|-end|p2a: Iron Treads|Quark Drive|[silent]
|switch|p2a: Typhlosion|Typhlosion-Hisui, M|100/100|[from] Volt Switch
|-item|p1a: Corviknight|Leftovers|[from] ability: Frisk|[of] p2a: Typhlosion|[identify]
|move|p1a: Corviknight|Iron Defense|p1a: Corviknight
|-boost|p1a: Corviknight|def|2
|
|-heal|p1a: Corviknight|78/100|[from] item: Leftovers
|turn|14
|
|switch|p1a: Torkoal|Torkoal, F|100/100
|-weather|SunnyDay|[from] ability: Drought|[of] p1a: Torkoal
|move|p2a: Typhlosion|Infernal Parade|p1a: Torkoal
|-damage|p1a: Torkoal|71/100
|
|-weather|SunnyDay|[upkeep]
|turn|15
|
|switch|p2a: Ursaluna|Ursaluna, F|100/100
|move|p1a: Torkoal|Yawn|p2a: Ursaluna
|-start|p2a: Ursaluna|move: Yawn|[of] p1a: Torkoal
|
|-weather|SunnyDay|[upkeep]
|-status|p2a: Ursaluna|brn|[from] item: Flame Orb
|turn|16
|
|switch|p1a: Corviknight|Corviknight, F|78/100
|-ability|p1a: Corviknight|Pressure
|move|p2a: Ursaluna|Headlong Rush|p1a: Corviknight
|-immune|p1a: Corviknight
|
|-weather|SunnyDay|[upkeep]
|-heal|p1a: Corviknight|84/100|[from] item: Leftovers
|-damage|p2a: Ursaluna|94/100 brn|[from] brn
|-end|p2a: Ursaluna|move: Yawn|[silent]
|turn|17
|
|move|p1a: Corviknight|Body Press|p2a: Ursaluna
|-supereffective|p2a: Ursaluna
|-damage|p2a: Ursaluna|54/100 brn
|move|p2a: Ursaluna|Fire Punch|p1a: Corviknight
|-supereffective|p1a: Corviknight
|-damage|p1a: Corviknight|9/100
|
|-weather|SunnyDay|[upkeep]
|-heal|p1a: Corviknight|15/100|[from] item: Leftovers
|-damage|p2a: Ursaluna|48/100 brn|[from] brn
|turn|18
|
|move|p1a: Corviknight|Body Press|p2a: Ursaluna
|-supereffective|p2a: Ursaluna
|-damage|p2a: Ursaluna|11/100 brn
|move|p2a: Ursaluna|Fire Punch|p1a: Corviknight
|-supereffective|p1a: Corviknight
|-crit|p1a: Corviknight
|-damage|p1a: Corviknight|0 fnt
|faint|p1a: Corviknight
|
|-weather|none
|-damage|p2a: Ursaluna|5/100 brn|[from] brn
|
|switch|p1a: Torkoal|Torkoal, F|71/100
|-weather|SunnyDay|[from] ability: Drought|[of] p1a: Torkoal
|turn|19
|
|move|p2a: Ursaluna|Headlong Rush|p1a: Torkoal
|-supereffective|p1a: Torkoal
|-damage|p1a: Torkoal|0 fnt
|-unboost|p2a: Ursaluna|def|1
|-unboost|p2a: Ursaluna|spd|1
|faint|p1a: Torkoal
|
|-weather|SunnyDay|[upkeep]
|-damage|p2a: Ursaluna|0 fnt|[from] brn
|faint|p2a: Ursaluna
|
|switch|p2a: Sneasler|Sneasler, M|32/100
|switch|p1a: Arcanine|Arcanine-Hisui, F|100/100
|turn|20
|
|move|p1a: Arcanine|Flare Blitz|p2a: Sneasler
|-damage|p2a: Sneasler|0 fnt
|faint|p2a: Sneasler
|
|-weather|SunnyDay|[upkeep]
|
|switch|p2a: Typhlosion|Typhlosion-Hisui, M|100/100
|-item|p1a: Arcanine|Choice Scarf|[from] ability: Frisk|[of] p2a: Typhlosion|[identify]
|turn|21
|
|move|p1a: Arcanine|Flare Blitz|p2a: Typhlosion
|-resisted|p2a: Typhlosion
|-damage|p2a: Typhlosion|34/100
|move|p2a: Typhlosion|Focus Blast|p1a: Arcanine
|-supereffective|p1a: Arcanine
|-crit|p1a: Arcanine
|-damage|p1a: Arcanine|0 fnt
|faint|p1a: Arcanine
|
|-weather|SunnyDay|[upkeep]
|
|switch|p1a: Zamazenta|Zamazenta|100/100
|-ability|p1a: Zamazenta|Dauntless Shield|boost
|-boost|p1a: Zamazenta|def|1
|turn|22
|
|move|p2a: Typhlosion|Focus Blast|p1a: Zamazenta
|-damage|p1a: Zamazenta|68/100
|move|p1a: Zamazenta|Trailblaze|p2a: Typhlosion
|-resisted|p2a: Typhlosion
|-damage|p2a: Typhlosion|25/100
|-boost|p1a: Zamazenta|spe|1
|
|-weather|SunnyDay|[upkeep]
|-heal|p1a: Zamazenta|74/100|[from] item: Leftovers
|turn|23
|
|switch|p2a: Iron Treads|Iron Treads|67/100
|move|p1a: Zamazenta|Trailblaze|p2a: Iron Treads
|-crit|p2a: Iron Treads
|-damage|p2a: Iron Treads|52/100
|-boost|p1a: Zamazenta|spe|1
|
|-weather|none
|-heal|p1a: Zamazenta|80/100|[from] item: Leftovers
|-heal|p2a: Iron Treads|58/100|[from] item: Leftovers
|turn|24
|
|move|p1a: Zamazenta|Substitute|p1a: Zamazenta
|-start|p1a: Zamazenta|Substitute
|-damage|p1a: Zamazenta|56/100
|move|p2a: Iron Treads|Volt Switch|p1a: Zamazenta
|-activate|p1a: Zamazenta|move: Substitute|[damage]
|
|-end|p2a: Iron Treads|Quark Drive|[silent]
|switch|p2a: Typhlosion|Typhlosion-Hisui, M|25/100|[from] Volt Switch
|-item|p1a: Zamazenta|Leftovers|[from] ability: Frisk|[of] p2a: Typhlosion|[identify]
|
|-heal|p1a: Zamazenta|62/100|[from] item: Leftovers
|turn|25
|
|move|p1a: Zamazenta|Iron Defense|p1a: Zamazenta
|-boost|p1a: Zamazenta|def|2
|move|p2a: Typhlosion|Infernal Parade|p1a: Zamazenta
|-end|p1a: Zamazenta|Substitute
|
|-heal|p1a: Zamazenta|68/100|[from] item: Leftovers
|turn|26
|
|move|p1a: Zamazenta|Trailblaze|p2a: Typhlosion
|-resisted|p2a: Typhlosion
|-damage|p2a: Typhlosion|15/100
|-boost|p1a: Zamazenta|spe|1
|move|p2a: Typhlosion|Infernal Parade|p1a: Zamazenta
|-damage|p1a: Zamazenta|41/100
|
|-heal|p1a: Zamazenta|48/100|[from] item: Leftovers
|turn|27
|
|move|p1a: Zamazenta|Trailblaze|p2a: Typhlosion
|-resisted|p2a: Typhlosion
|-damage|p2a: Typhlosion|6/100
|-boost|p1a: Zamazenta|spe|1
|move|p2a: Typhlosion|Infernal Parade|p1a: Zamazenta
|-damage|p1a: Zamazenta|22/100
|
|-heal|p1a: Zamazenta|29/100|[from] item: Leftovers
|turn|28
|
|move|p1a: Zamazenta|Trailblaze|p2a: Typhlosion
|-resisted|p2a: Typhlosion
|-damage|p2a: Typhlosion|0 fnt
|-boost|p1a: Zamazenta|spe|1
|faint|p2a: Typhlosion
|
|-heal|p1a: Zamazenta|35/100|[from] item: Leftovers
|
|switch|p2a: Iron Valiant|Iron Valiant|100/100
|turn|29
|
|move|p1a: Zamazenta|Substitute|p1a: Zamazenta
|-start|p1a: Zamazenta|Substitute
|-damage|p1a: Zamazenta|10/100
|move|p2a: Iron Valiant|Moonblast|p1a: Zamazenta
|-supereffective|p1a: Zamazenta
|-end|p1a: Zamazenta|Substitute
|
|-heal|p1a: Zamazenta|16/100|[from] item: Leftovers
|turn|30
|
|move|p1a: Zamazenta|Body Press|p2a: Iron Valiant
|-resisted|p2a: Iron Valiant
|-damage|p2a: Iron Valiant|50/100
|move|p2a: Iron Valiant|Moonblast|p1a: Zamazenta
|-supereffective|p1a: Zamazenta
|-damage|p1a: Zamazenta|0 fnt
|faint|p1a: Zamazenta
|
|win|p2
