# advantage = p1
|poke|p1|Kleavor, F|
|poke|p1|Pelipper, F|
|poke|p1|Basculegion, M|
|poke|p1|Iron Treads|
|poke|p1|Rabsca, F|
|poke|p1|Dragonite, F|
|poke|p2|Chien-Pao|
|poke|p2|Goodra-Hisui, M|
|poke|p2|Typhlosion-Hisui, M|
|poke|p2|Lilligant-Hisui, F|
|poke|p2|Dragapult, F|
|poke|p2|Enamorus, F|
|teampreview
|
|start
|switch|p1a: Kleavor|Kleavor, F|100/100
|switch|p2a: Lilligant|Lilligant-Hisui, F|100/100
|turn|1
|
|move|p2a: Lilligant|Sleep Powder|p1a: Kleavor
|-status|p1a: Kleavor|slp|[from] move: Sleep Powder
|cant|p1a: Kleavor|slp
|
|turn|2
|
|switch|p1a: Dragonite|Dragonite, F|100/100
|move|p2a: Lilligant|Leaf Blade|p1a: Dragonite
|-resisted|p1a: Dragonite
|-damage|p1a: Dragonite|92/100
|
|turn|3
|
|switch|p2a: Dragapult|Dragapult, F|100/100
|move|p1a: Dragonite|Hurricane|p2a: Dragapult
|-damage|p2a: Dragapult|34/100
|-start|p2a: Dragapult|confusion
|
|turn|4
|
|switch|p2a: Goodra|Goodra-Hisui, M|100/100
|switch|p1a: Iron Treads|Iron Treads|100/100
|
|turn|5
|
|-terastallize|p1a: Iron Treads|Ground
|move|p1a: Iron Treads|Earthquake|p2a: Goodra
|-supereffective|p2a: Goodra
|-damage|p2a: Goodra|0 fnt
|faint|p2a: Goodra
|
|
|switch|p2a: Lilligant|Lilligant-Hisui, F|100/100
|turn|6
|
|-end|p1a: Iron Treads|Quark Drive|[silent]
|switch|p1a: Pelipper|Pelipper, F|100/100
|-weather|RainDance|[from] ability: Drizzle|[of] p1a: Pelipper
|move|p2a: Lilligant|Victory Dance|p2a: Lilligant
|-boost|p2a: Lilligant|atk|1
|-boost|p2a: Lilligant|def|1
|-boost|p2a: Lilligant|spe|1
|
|-weather|RainDance|[upkeep]
|turn|7
|
|move|p2a: Lilligant|Leaf Blade|p1a: Pelipper
|-damage|p1a: Pelipper|32/100
|move|p1a: Pelipper|Hurricane|p2a: Lilligant
|-supereffective|p2a: Lilligant
|-damage|p2a: Lilligant|0 fnt
|faint|p2a: Lilligant
|
|-weather|RainDance|[upkeep]
|
|switch|p2a: Enamorus|Enamorus, F|100/100
|turn|8
|
|switch|p1a: Kleavor|Kleavor, F|100/100 slp
|move|p2a: Enamorus|Play Rough|p1a: Kleavor|[miss]
|-miss|p2a: Enamorus|p1a: Kleavor
|
|-weather|RainDance|[upkeep]
|turn|9
|
|move|p2a: Enamorus|Superpower|p1a: Kleavor
|-damage|p1a: Kleavor|53/100 slp
|-boost|p2a: Enamorus|atk|1
|-boost|p2a: Enamorus|def|1
|cant|p1a: Kleavor|slp
|
|-weather|RainDance|[upkeep]
|turn|10
|
|move|p2a: Enamorus|Superpower|p1a: Kleavor
|-damage|p1a: Kleavor|0 fnt
|-boost|p2a: Enamorus|atk|1
|-boost|p2a: Enamorus|def|1
|faint|p1a: Kleavor
|
|-weather|RainDance|[upkeep]
|
|switch|p1a: Basculegion|Basculegion, M|100/100
|turn|11
|
|move|p1a: Basculegion|Wave Crash|p2a: Enamorus
|-damage|p2a: Enamorus|0 fnt
|faint|p2a: Enamorus
|-damage|p1a: Basculegion|76/100|[from] Recoil
|
|-weather|RainDance|[upkeep]
|
|switch|p2a: Dragapult|Dragapult, F|34/100
|turn|12
|
|-terastallize|p2a: Dragapult|Ghost
|move|p2a: Dragapult|Tera Blast|p1a: Basculegion
|-supereffective|p1a: Basculegion
|-damage|p1a: Basculegion|0 fnt
|faint|p1a: Basculegion
|
|-weather|RainDance|[upkeep]
|
|switch|p1a: Rabsca|Rabsca, F|100/100
|turn|13
|
|move|p2a: Dragapult|Tera Blast|p1a: Rabsca
|-supereffective|p1a: Rabsca
|-enditem|p1a: Rabsca|Focus Sash
|-damage|p1a: Rabsca|1/100
|move|p1a: Rabsca|Trick Room|p1a: Rabsca
|-fieldstart|move: Trick Room|[of] p1a: Rabsca
|
|-weather|none
|turn|14
|
|move|p1a: Rabsca|Dazzling Gleam|p2a: Dragapult
|-damage|p2a: Dragapult|0 fnt
|faint|p2a: Dragapult
|
|
|switch|p2a: Chien-Pao|Chien-Pao|100/100
|-ability|p2a: Chien-Pao|Sword of Ruin
|turn|15
|
|move|p1a: Rabsca|Revival Blessing|p1a: Rabsca
|
|-heal|p1: Basculegion|50/100|[from] move: Revival Blessing
|move|p2a: Chien-Pao|Ice Spinner|p1a: Rabsca
|-damage|p1a: Rabsca|0 fnt
|faint|p1a: Rabsca
|
|
|switch|p1a: Iron Treads|Iron Treads, tera:Ground|100/100
|turn|16
|
|move|p2a: Chien-Pao|Sucker Punch|p1a: Iron Treads
|-crit|p1a: Iron Treads
|-damage|p1a: Iron Treads|38/100
|move|p1a: Iron Treads|Iron Head|p2a: Chien-Pao
|-supereffective|p2a: Chien-Pao
|-damage|p2a: Chien-Pao|0 fnt
|faint|p2a: Chien-Pao
|
|
|switch|p2a: Typhlosion|Typhlosion-Hisui, M|100/100
|-item|p1a: Iron Treads|Assault Vest|[from] ability: Frisk|[of] p2a: Typhlosion|[identify]
|turn|17
|
|move|p1a: Iron Treads|Earthquake|p2a: Typhlosion
|-supereffective|p2a: Typhlosion
|-damage|p2a: Typhlosion|0 fnt
|faint|p2a: Typhlosion
|
|win|p1
