# advantage = p1
|poke|p1|Sneasler, M|
|poke|p1|Indeedee, M|
|poke|p1|Magearna|
|poke|p1|Chien-Pao|
|poke|p1|Iron Treads|
|poke|p1|Zapdos-Galar|
|poke|p2|Arcanine-Hisui, F|
|poke|p2|Corviknight, M|
|poke|p2|Hatterene, F|
|poke|p2|Clodsire, F|
|poke|p2|Dragonite, M|
|poke|p2|Iron Valiant|
|teampreview
|
|start
|switch|p1a: Iron Treads|Iron Treads|100/100
|switch|p2a: Arcanine|Arcanine-Hisui, F|100/100
|turn|1
|
|switch|p2a: Corviknight|Corviknight, M|100/100
|-ability|p2a: Corviknight|Pressure
|move|p1a: Iron Treads|Stealth Rock|p2a: Corviknight
|-sidestart|p2: p2|move: Stealth Rock
|
|turn|2
|
|-end|p1a: Iron Treads|Quark Drive|[silent]
|switch|p1a: Magearna|Magearna|100/100
|move|p2a: Corviknight|Body Press|p1a: Magearna
|-damage|p1a: Magearna|82/100
|
|-heal|p1a: Magearna|88/100|[from] item: Leftovers
|turn|3
|
|move|p1a: Magearna|Shift Gear|p1a: Magearna
|-boost|p1a: Magearna|spe|2
|-boost|p1a: Magearna|atk|1
|move|p2a: Corviknight|U-turn|p1a: Magearna
|-resisted|p1a: Magearna
|-damage|p1a: Magearna|86/100
|
|switch|p2a: Clodsire|Clodsire, F|100/100|[from] U-turn
|-damage|p2a: Clodsire|94/100|[from] Stealth Rock
|
|-heal|p1a: Magearna|92/100|[from] item: Leftovers
|-heal|p2a: Clodsire|100/100|[from] item: Leftovers
|turn|4
|
|move|p1a: Magearna|Calm Mind|p1a: Magearna
|-boost|p1a: Magearna|spa|1
|-boost|p1a: Magearna|spd|1
|move|p2a: Clodsire|Earthquake|p1a: Magearna
|-supereffective|p1a: Magearna
|-damage|p1a: Magearna|52/100
|
|-heal|p1a: Magearna|58/100|[from] item: Leftovers
|turn|5
|
|move|p1a: Magearna|Stored Power|p2a: Clodsire
|-supereffective|p2a: Clodsire
|-damage|p2a: Clodsire|62/100
|move|p2a: Clodsire|Earthquake|p1a: Magearna
|-supereffective|p1a: Magearna
|-damage|p1a: Magearna|20/100
|
|-heal|p1a: Magearna|26/100|[from] item: Leftovers
|-heal|p2a: Clodsire|69/100|[from] item: Leftovers
|turn|6
|
|switch|p1a: Zapdos|Zapdos-Galar|100/100
|move|p2a: Clodsire|Earthquake|p1a: Zapdos
|-immune|p1a: Zapdos
|
|-heal|p2a: Clodsire|75/100|[from] item: Leftovers
|turn|7
|
|switch|p2a: Corviknight|Corviknight, M|100/100
|-damage|p2a: Corviknight|88/100|[from] Stealth Rock
|-ability|p2a: Corviknight|Pressure
|move|p1a: Zapdos|Stomping Tantrum|p2a: Corviknight
|-immune|p2a: Corviknight
|
|-heal|p2a: Corviknight|94/100|[from] item: Leftovers
|turn|8
|
|move|p1a: Zapdos|Close Combat|p2a: Corviknight
|-damage|p2a: Corviknight|60/100
|-unboost|p1a: Zapdos|def|1
|-unboost|p1a: Zapdos|spd|1
|move|p2a: Corviknight|U-turn|p1a: Zapdos
|-resisted|p1a: Zapdos
|-damage|p1a: Zapdos|94/100
|
|switch|p2a: Arcanine|Arcanine-Hisui, F|100/100|[from] U-turn
|-damage|p2a: Arcanine|76/100|[from] Stealth Rock
|
|-heal|p1a: Zapdos|100/100|[from] item: Leftovers
|turn|9
|
|move|p2a: Arcanine|Extreme Speed|p1a: Zapdos
|-damage|p1a: Zapdos|38/100
|move|p1a: Zapdos|Close Combat|p2a: Arcanine
|-supereffective|p2a: Arcanine
|-damage|p2a: Arcanine|0 fnt
|-unboost|p1a: Zapdos|def|1
|-unboost|p1a: Zapdos|spd|1
|faint|p2a: Arcanine
|
|-heal|p1a: Zapdos|44/100|[from] item: Leftovers
|
|switch|p2a: Iron Valiant|Iron Valiant|100/100
|-damage|p2a: Iron Valiant|94/100|[from] Stealth Rock
|-enditem|p2a: Iron Valiant|Booster Energy
|-activate|p2a: Iron Valiant|ability: Quark Drive|[fromitem]
|-start|p2a: Iron Valiant|quarkdrivespe
|turn|10
|
|switch|p1a: Magearna|Magearna|26/100
|move|p2a: Iron Valiant|Psyshock|p1a: Magearna
|-resisted|p1a: Magearna
|-crit|p1a: Magearna
|-damage|p1a: Magearna|13/100
|
|-heal|p1a: Magearna|19/100|[from] item: Leftovers
|turn|11
|
|move|p2a: Iron Valiant|Thunderbolt|p1a: Magearna
|-damage|p1a: Magearna|0 fnt
|faint|p1a: Magearna
|
|
|switch|p1a: Indeedee|Indeedee, M|100/100
|-fieldstart|move: Psychic Terrain|[from] ability: Psychic Surge|[of] p1a: Indeedee
|turn|12
|
|-terastallize|p2a: Iron Valiant|Fairy
|move|p2a: Iron Valiant|Moonblast|p1a: Indeedee
|-damage|p1a: Indeedee|13/100
|move|p1a: Indeedee|Psychic|p2a: Iron Valiant
|-damage|p2a: Iron Valiant|0 fnt
|faint|p2a: Iron Valiant
|-end|p2a: Iron Valiant|Quark Drive|[silent]
|
|
|switch|p2a: Hatterene|Hatterene, F|100/100
|-damage|p2a: Hatterene|88/100|[from] Stealth Rock
|turn|13
|
|move|p1a: Indeedee|Healing Wish|p1a: Indeedee
|faint|p1a: Indeedee
|move|p2a: Hatterene|Draining Kiss|p1: Indeedee|[notarget]
|-fail|p2a: Hatterene
|
|-heal|p2a: Hatterene|94/100|[from] item: Leftovers
|
|switch|p1a: Sneasler|Sneasler, M|100/100
|-enditem|p1a: Sneasler|Psychic Seed
|-boost|p1a: Sneasler|spd|1|[from] item: Psychic Seed
|turn|14
|
|move|p1a: Sneasler|Swords Dance|p1a: Sneasler
|-boost|p1a: Sneasler|atk|2
|move|p2a: Hatterene|Mystical Fire|p1a: Sneasler
|-damage|p1a: Sneasler|80/100
|-unboost|p1a: Sneasler|spa|1
|
|-heal|p2a: Hatterene|99/100|[from] item: Leftovers
|turn|15
|
|move|p1a: Sneasler|Dire Claw|p2a: Hatterene
|-supereffective|p2a: Hatterene
|-damage|p2a: Hatterene|0 fnt
|faint|p2a: Hatterene
|
|
|switch|p2a: Corviknight|Corviknight, M|60/100
|-damage|p2a: Corviknight|48/100|[from] Stealth Rock
|-ability|p2a: Corviknight|Pressure
|turn|16
|
|move|p1a: Sneasler|Close Combat|p2a: Corviknight
|-damage|p2a: Corviknight|0 fnt
|-unboost|p1a: Sneasler|def|1
|-unboost|p1a: Sneasler|spd|1
|faint|p2a: Corviknight
|
|-message|p2 forfeited.
|
|win|p1
