# advantage = p1
|poke|p1|Salamence, M|
|poke|p1|Camerupt, M|
|poke|p1|Gardevoir, F|
|poke|p1|Tinkaton, F|
|poke|p1|Urshifu-*, M|
|poke|p1|Rotom-Mow|
|poke|p2|Cinderace, M|
|poke|p2|Torkoal, M|
|poke|p2|Iron Moth|
|poke|p2|Rotom-Heat|
|poke|p2|Skeledirge, M|
|poke|p2|Scovillain, M|
|teampreview
|
|start
|switch|p1a: Salamence|Salamence, M|100/100
|switch|p2a: Torkoal|Torkoal, M|100/100
|-ability|p1a: Salamence|Intimidate|boost
|-unboost|p2a: Torkoal|atk|1
|-weather|SunnyDay|[from] ability: Drought|[of] p2a: Torkoal
|turn|1
|
|move|p1a: Salamence|Dragon Dance|p1a: Salamence
|-boost|p1a: Salamence|atk|1
|-boost|p1a: Salamence|spe|1
|move|p2a: Torkoal|Yawn|p1a: Salamence
|-start|p1a: Salamence|move: Yawn|[of] p2a: Torkoal
|
|-weather|SunnyDay|[upkeep]
|turn|2
|
|move|p1a: Salamence|Earthquake|p2a: Torkoal
|-supereffective|p2a: Torkoal
|-damage|p2a: Torkoal|46/100
|move|p2a: Torkoal|Stealth Rock|p1a: Salamence
|-sidestart|p1: p1|move: Stealth Rock
|
|-weather|SunnyDay|[upkeep]
|-end|p1a: Salamence|move: Yawn|[silent]
|-status|p1a: Salamence|slp
|turn|3
|
|switch|p2a: Scovillain|Scovillain, M|100/100
|cant|p1a: Salamence|slp
|
|-weather|SunnyDay|[upkeep]
|turn|4
|
|move|p2a: Scovillain|Growth|p2a: Scovillain
|-boost|p2a: Scovillain|atk|2
|-boost|p2a: Scovillain|spa|2
|cant|p1a: Salamence|slp
|
|-weather|SunnyDay|[upkeep]
|turn|5
|
|move|p2a: Scovillain|Flamethrower|p1a: Salamence
|-resisted|p1a: Salamence
|-damage|p1a: Salamence|2/100 slp
|-damage|p2a: Scovillain|91/100|[from] item: Life Orb
|cant|p1a: Salamence|slp
|
|-weather|SunnyDay|[upkeep]
|-heal|p1a: Salamence|8/100 slp|[from] item: Leftovers
|turn|6
|
|-curestatus|p1a: Salamence|slp|[msg]
|move|p1a: Salamence|Protect|p1a: Salamence
|-singleturn|p1a: Salamence|Protect
|move|p2a: Scovillain|Flamethrower|p1a: Salamence
|-activate|p1a: Salamence|move: Protect
|
|-weather|SunnyDay|[upkeep]
|-heal|p1a: Salamence|15/100|[from] item: Leftovers
|turn|7
|
|move|p1a: Salamence|Protect||[still]
|-fail|p1a: Salamence
|move|p2a: Scovillain|Flamethrower|p1a: Salamence
|-resisted|p1a: Salamence
|-damage|p1a: Salamence|0 fnt
|faint|p1a: Salamence
|-damage|p2a: Scovillain|81/100|[from] item: Life Orb
|
|-weather|SunnyDay|[upkeep]
|
|switch|p1a: Camerupt|Camerupt, M|100/100
|-damage|p1a: Camerupt|88/100|[from] Stealth Rock
|turn|8
|
|move|p2a: Scovillain|Solar Beam||[still]
|-prepare|p2a: Scovillain|Solar Beam
|-anim|p2a: Scovillain|Solar Beam|p1a: Camerupt
|-crit|p1a: Camerupt
|-damage|p1a: Camerupt|0 fnt
|faint|p1a: Camerupt
|-damage|p2a: Scovillain|71/100|[from] item: Life Orb
|
|-weather|none
|
|switch|p1a: Tinkaton|Tinkaton, F|100/100
|-damage|p1a: Tinkaton|94/100|[from] Stealth Rock
|-ability|p1a: Tinkaton|Mold Breaker
|turn|9
|
|move|p2a: Scovillain|Flamethrower|p1a: Tinkaton
|-supereffective|p1a: Tinkaton
|-damage|p1a: Tinkaton|0 fnt
|faint|p1a: Tinkaton
|-damage|p2a: Scovillain|61/100|[from] item: Life Orb
|
|
|switch|p1a: Gardevoir|Gardevoir, F|100/100
|-damage|p1a: Gardevoir|88/100|[from] Stealth Rock
|turn|10
|
|move|p2a: Scovillain|Flamethrower|p1a: Gardevoir
|-damage|p1a: Gardevoir|0 fnt
|faint|p1a: Gardevoir
|-damage|p2a: Scovillain|51/100|[from] item: Life Orb
|
|-message|p1 forfeited.
|
|win|p2
