|poke|p1|Gholdengo|
|poke|p1|Great Tusk|
|poke|p1|Urshifu-*, F|
|poke|p1|Rotom-Wash|
|poke|p1|Slowking-Galar, F|
|poke|p1|Delphox, F|
|poke|p2|Arcanine-Hisui, M|
|poke|p2|Samurott-Hisui, M|
|poke|p2|Masquerain, F|
|poke|p2|Chesnaught, M|
|poke|p2|Braviary-Hisui, M|
|poke|p2|Delphox, M|
|teampreview
|
|start
|switch|p1a: Tuskio|Great Tusk|100/100
|switch|p2a: Masquerain|Masquerain, F|100/100
|-ability|p2a: Masquerain|Intimidate|boost
|-unboost|p1a: Tuskio|atk|1
|turn|1
|
|move|p2a: Masquerain|Stun Spore|p1a: Tuskio
|-status|p1a: Tuskio|par
|move|p1a: Tuskio|Bulk Up|p1a: Tuskio
|-boost|p1a: Tuskio|atk|1
|-boost|p1a: Tuskio|def|1
|
|turn|2
|
|move|p2a: Masquerain|Sticky Web|p1a: Tuskio
|-sidestart|p1: Goobed|move: Sticky Web
|cant|p1a: Tuskio|par
|
|turn|3
|
|move|p2a: Masquerain|U-turn|p1a: Tuskio
|-resisted|p1a: Tuskio
|-damage|p1a: Tuskio|98/100 par
|
|switch|p2a: Delphox|Delphox, M|100/100|[from] U-turn
|move|p1a: Tuskio|Rapid Spin|p2a: Delphox
|-damage|p2a: Delphox|76/100
|-boost|p1a: Tuskio|spe|1
|-sideend|p1: Goobed|Sticky Web|[from] move: Rapid Spin|[of] p1a: Tuskio
|
|-heal|p1a: Tuskio|100/100 par|[from] item: Leftovers
|turn|4
|
|-end|p1a: Tuskio|Protosynthesis|[silent]
|switch|p1a: Slowqueen|Slowking-Galar, F|100/100
|move|p2a: Delphox|Dazzling Gleam|p1a: Slowqueen
|-resisted|p1a: Slowqueen
|-damage|p1a: Slowqueen|93/100
|-item|p2a: Delphox|Heavy-Duty Boots|[from] ability: Magician|[of] p1a: Slowqueen
|
|turn|5
|
|move|p2a: Delphox|Nasty Plot|p2a: Delphox
|-boost|p2a: Delphox|spa|2
|move|p1a: Slowqueen|Chilly Reception|p1a: Slowqueen
|-weather|Snow
|
|switch|p1a: Uvogin|Urshifu-Rapid-Strike, F|100/100|[from] Chilly Reception
|
|-weather|Snow|[upkeep]
|turn|6
|
|move|p1a: Uvogin|Aqua Jet|p2a: Delphox
|-supereffective|p2a: Delphox
|-damage|p2a: Delphox|0 fnt
|faint|p2a: Delphox
|
|-weather|Snow|[upkeep]
|
|switch|p2a: Chesnaught|Chesnaught, M, shiny|100/100
|turn|7
|
|switch|p1a: Umbra|Delphox, F, shiny|100/100
|move|p2a: Chesnaught|Iron Defense|p2a: Chesnaught
|-boost|p2a: Chesnaught|def|2
|
|-weather|Snow|[upkeep]
|turn|8
|
|switch|p2a: Arcanine|Arcanine-Hisui, M, shiny|100/100
|-ability|p2a: Arcanine|Intimidate|boost
|-unboost|p1a: Umbra|atk|1
|move|p1a: Umbra|Future Sight|p2a: Arcanine
|-start|p1a: Umbra|move: Future Sight
|
|-weather|Snow|[upkeep]
|turn|9
|
|switch|p1a: Tuskio|Great Tusk|100/100 par
|move|p2a: Arcanine|Stone Edge|p1a: Tuskio
|-resisted|p1a: Tuskio
|-damage|p1a: Tuskio|92/100 par
|
|-weather|none
|-heal|p1a: Tuskio|98/100 par|[from] item: Leftovers
|turn|10
|
|switch|p2a: Braviary|Braviary-Hisui, M, shiny|100/100
|move|p1a: Tuskio|Earthquake|p2a: Braviary
|-immune|p2a: Braviary
|
|-end|p2a: Braviary|move: Future Sight
|-resisted|p2a: Braviary
|-damage|p2a: Braviary|70/100
|-heal|p1a: Tuskio|100/100 par|[from] item: Leftovers
|turn|11
|
|-end|p1a: Tuskio|Protosynthesis|[silent]
|switch|p1a: Slowqueen|Slowking-Galar, F|100/100
|move|p2a: Braviary|Esper Wing|p1a: Slowqueen
|-damage|p1a: Slowqueen|78/100
|-boost|p2a: Braviary|spe|1
|
|turn|12
|
|move|p2a: Braviary|Air Slash|p1a: Slowqueen
|-damage|p1a: Slowqueen|56/100
|move|p1a: Slowqueen|Chilly Reception|p1a: Slowqueen
|-weather|Snow
|
|switch|p1a: Lil Dengo|Gholdengo|100/100|[from] Chilly Reception
|
|-weather|Snow|[upkeep]
|turn|13
|
|switch|p1a: Uvogin|Urshifu-Rapid-Strike, F|100/100
|move|p2a: Braviary|Protect||[still]
|-fail|p2a: Braviary
|
|-weather|Snow|[upkeep]
|turn|14
|
|switch|p1a: Lil Dengo|Gholdengo|100/100
|move|p2a: Braviary|Esper Wing|p1a: Lil Dengo
|-resisted|p1a: Lil Dengo
|-damage|p1a: Lil Dengo|60/100
|-boost|p2a: Braviary|spe|1
|
|-weather|Snow|[upkeep]
|turn|15
|
|move|p2a: Braviary|Protect|p2a: Braviary
|-singleturn|p2a: Braviary|Protect
|move|p1a: Lil Dengo|Shadow Ball|p2a: Braviary
|-activate|p2a: Braviary|move: Protect
|
|-weather|Snow|[upkeep]
|turn|16
|
|move|p2a: Braviary|Heat Wave|p1a: Lil Dengo
|-supereffective|p1a: Lil Dengo
|-damage|p1a: Lil Dengo|0 fnt
|faint|p1a: Lil Dengo
|
|-weather|none
|
|switch|p1a: Umbra|Delphox, F, shiny|100/100
|turn|17
|
|move|p2a: Braviary|Air Slash|p1a: Umbra
|-damage|p1a: Umbra|68/100
|cant|p1a: Umbra|flinch
|
|turn|18
|
|move|p2a: Braviary|Air Slash|p1a: Umbra
|-damage|p1a: Umbra|34/100
|move|p1a: Umbra|Wish|p1a: Umbra
|
|turn|19
|
|move|p1a: Umbra|Protect|p1a: Umbra
|-singleturn|p1a: Umbra|Protect
|move|p2a: Braviary|Air Slash|p1a: Umbra
|-activate|p1a: Umbra|move: Protect
|
|-heal|p1a: Umbra|84/100|[from] move: Wish|[wisher] Umbra
|turn|20
|
|move|p2a: Braviary|Air Slash|p1a: Umbra
|-damage|p1a: Umbra|50/100
|move|p1a: Umbra|Flamethrower|p2a: Braviary
|-damage|p2a: Braviary|27/100
|
|turn|21
|
|move|p2a: Braviary|Air Slash|p1a: Umbra
|-damage|p1a: Umbra|15/100
|move|p1a: Umbra|Wish|p1a: Umbra
|
|turn|22
|
|move|p1a: Umbra|Protect|p1a: Umbra
|-singleturn|p1a: Umbra|Protect
|move|p2a: Braviary|Air Slash|p1a: Umbra
|-activate|p1a: Umbra|move: Protect
|
|-heal|p1a: Umbra|65/100|[from] move: Wish|[wisher] Umbra
|turn|23
|
|move|p2a: Braviary|Air Slash|p1a: Umbra
|-damage|p1a: Umbra|32/100
|move|p1a: Umbra|Wish|p1a: Umbra
|
|turn|24
|
|move|p1a: Umbra|Protect|p1a: Umbra
|-singleturn|p1a: Umbra|Protect
|move|p2a: Braviary|Air Slash|p1a: Umbra
|-activate|p1a: Umbra|move: Protect
|
|-heal|p1a: Umbra|82/100|[from] move: Wish|[wisher] Umbra
|turn|25
|
|move|p2a: Braviary|Air Slash|p1a: Umbra|[miss]
|-miss|p2a: Braviary|p1a: Umbra
|move|p1a: Umbra|Flamethrower|p2a: Braviary
|-damage|p2a: Braviary|0 fnt
|faint|p2a: Braviary
|
|
|switch|p2a: Samurott|Samurott-Hisui, M, shiny|100/100
|turn|26
|
|switch|p1a: Rotom|Rotom-Wash|100/100
|move|p2a: Samurott|Ceaseless Edge|p1a: Rotom
|-damage|p1a: Rotom|55/100
|-sidestart|p1: Goobed|Spikes
|
|-heal|p1a: Rotom|61/100|[from] item: Leftovers
|turn|27
|
|move|p1a: Rotom|Will-O-Wisp|p2a: Samurott
|-status|p2a: Samurott|brn
|move|p2a: Samurott|Ceaseless Edge|p1a: Rotom
|-damage|p1a: Rotom|36/100
|-sidestart|p1: Goobed|Spikes
|
|-heal|p1a: Rotom|42/100|[from] item: Leftovers
|-damage|p2a: Samurott|94/100 brn|[from] brn
|turn|28
|
|move|p1a: Rotom|Volt Switch|p2a: Samurott
|-supereffective|p2a: Samurott
|-damage|p2a: Samurott|23/100 brn
|
|switch|p1a: Tuskio|Great Tusk|100/100 par|[from] Volt Switch
|-damage|p1a: Tuskio|84/100 par|[from] Spikes
|move|p2a: Samurott|Ceaseless Edge|p1a: Tuskio
|-resisted|p1a: Tuskio
|-damage|p1a: Tuskio|78/100 par
|-sidestart|p1: Goobed|Spikes
|
|-heal|p1a: Tuskio|85/100 par|[from] item: Leftovers
|-damage|p2a: Samurott|17/100 brn|[from] brn
|turn|29
|
|move|p2a: Samurott|Aqua Cutter|p1a: Tuskio
|-supereffective|p1a: Tuskio
|-damage|p1a: Tuskio|60/100 par
|move|p1a: Tuskio|Rapid Spin|p2a: Samurott
|-crit|p2a: Samurott
|-damage|p2a: Samurott|0 fnt
|-boost|p1a: Tuskio|spe|1
|-sideend|p1: Goobed|Spikes|[from] move: Rapid Spin|[of] p1a: Tuskio
|faint|p2a: Samurott
|
|-heal|p1a: Tuskio|66/100 par|[from] item: Leftovers
|
|switch|p2a: Masquerain|Masquerain, F|100/100
|-ability|p2a: Masquerain|Intimidate|boost
|-unboost|p1a: Tuskio|atk|1
|turn|30
|
|-end|p1a: Tuskio|Protosynthesis|[silent]
|switch|p1a: Rotom|Rotom-Wash|42/100
|move|p2a: Masquerain|Sticky Web|p1a: Rotom
|-sidestart|p1: Goobed|move: Sticky Web
|
|-heal|p1a: Rotom|48/100|[from] item: Leftovers
|turn|31
|
|move|p2a: Masquerain|Bug Buzz|p1a: Rotom
|-damage|p1a: Rotom|0 fnt
|faint|p1a: Rotom
|
|
|switch|p1a: Umbra|Delphox, F, shiny|82/100
|turn|32
|
|move|p1a: Umbra|Future Sight|p2a: Masquerain
|-start|p1a: Umbra|move: Future Sight
|move|p2a: Masquerain|Stun Spore|p1a: Umbra
|-status|p1a: Umbra|par
|
|turn|33
|
|move|p2a: Masquerain|Bug Buzz|p1a: Umbra
|-damage|p1a: Umbra|43/100 par
|cant|p1a: Umbra|par
|
|turn|34
|
|move|p2a: Masquerain|Bug Buzz|p1a: Umbra
|-damage|p1a: Umbra|4/100 par
|cant|p1a: Umbra|par
|
|-end|p2a: Masquerain|move: Future Sight
|-damage|p2a: Masquerain|37/100
|turn|35
|
|move|p2a: Masquerain|Bug Buzz|p1a: Umbra
|-damage|p1a: Umbra|0 fnt
|faint|p1a: Umbra
|
|
|switch|p1a: Tuskio|Great Tusk|66/100 par
|-activate|p1a: Tuskio|move: Sticky Web
|-unboost|p1a: Tuskio|spe|1
|turn|36
|
|move|p2a: Masquerain|U-turn|p1a: Tuskio
|-resisted|p1a: Tuskio
|-damage|p1a: Tuskio|62/100 par
|
|switch|p2a: Arcanine|Arcanine-Hisui, M, shiny|100/100|[from] U-turn
|-ability|p2a: Arcanine|Intimidate|boost
|-unboost|p1a: Tuskio|atk|1
|move|p1a: Tuskio|Knock Off|p2a: Arcanine
|-damage|p2a: Arcanine|77/100
|-enditem|p2a: Arcanine|Choice Band|[from] move: Knock Off|[of] p1a: Tuskio
|
|-heal|p1a: Tuskio|69/100 par|[from] item: Leftovers
|turn|37
|
|-terastallize|p2a: Arcanine|Grass
|move|p2a: Arcanine|Tera Blast|p1a: Tuskio
|-supereffective|p1a: Tuskio
|-damage|p1a: Tuskio|30/100 par
|move|p1a: Tuskio|Rapid Spin|p2a: Arcanine
|-damage|p2a: Arcanine|65/100
|-boost|p1a: Tuskio|spe|1
|-sideend|p1: Goobed|Sticky Web|[from] move: Rapid Spin|[of] p1a: Tuskio
|
|-heal|p1a: Tuskio|36/100 par|[from] item: Leftovers
|turn|38
|
|-end|p1a: Tuskio|Protosynthesis|[silent]
|switch|p1a: Slowqueen|Slowking-Galar, F|90/100
|move|p2a: Arcanine|Tera Blast|p1a: Slowqueen
|-resisted|p1a: Slowqueen
|-damage|p1a: Slowqueen|68/100
|
|turn|39
|
|move|p2a: Arcanine|Stone Edge|p1a: Slowqueen
|-damage|p1a: Slowqueen|12/100
|move|p1a: Slowqueen|Flamethrower|p2a: Arcanine
|-supereffective|p2a: Arcanine
|-damage|p2a: Arcanine|9/100
|
|turn|40
|
|switch|p1a: Tuskio|Great Tusk|36/100 par
|move|p2a: Arcanine|Tera Blast|p1a: Tuskio
|-supereffective|p1a: Tuskio
|-damage|p1a: Tuskio|0 fnt
|faint|p1a: Tuskio
|-end|p1a: Tuskio|Protosynthesis|[silent]
|
|
|switch|p1a: Uvogin|Urshifu-Rapid-Strike, F|100/100
|turn|41
|
|move|p1a: Uvogin|U-turn|p2a: Arcanine
|-supereffective|p2a: Arcanine
|-damage|p2a: Arcanine|0 fnt
|faint|p2a: Arcanine
|
|switch|p1a: Slowqueen|Slowking-Galar, F|45/100|[from] U-turn
|
|
|switch|p2a: Masquerain|Masquerain, F|37/100
|-ability|p2a: Masquerain|Intimidate|boost
|-unboost|p1a: Slowqueen|atk|1
|turn|42
|
|move|p2a: Masquerain|Stun Spore|p1a: Slowqueen
|-status|p1a: Slowqueen|par
|move|p1a: Slowqueen|Chilly Reception|p1a: Slowqueen
|-weather|Snow
|
|switch|p1a: Uvogin|Urshifu-Rapid-Strike, F|100/100|[from] Chilly Reception
|
|-weather|Snow|[upkeep]
|turn|43
|
|move|p1a: Uvogin|Surging Strikes|p2a: Masquerain
|-crit|p2a: Masquerain
|-damage|p2a: Masquerain|0 fnt
|faint|p2a: Masquerain
|-hitcount|p2: Masquerain|1
|
|-weather|Snow|[upkeep]
|
|switch|p2a: Chesnaught|Chesnaught, M, shiny|100/100
|turn|44
|
|-terastallize|p1a: Uvogin|Water
|move|p1a: Uvogin|Surging Strikes|p2a: Chesnaught
|-resisted|p2a: Chesnaught
|-crit|p2a: Chesnaught
|-damage|p2a: Chesnaught|86/100
|-resisted|p2a: Chesnaught
|-crit|p2a: Chesnaught
|-damage|p2a: Chesnaught|73/100
|-resisted|p2a: Chesnaught
|-crit|p2a: Chesnaught
|-damage|p2a: Chesnaught|58/100
|-hitcount|p2a: Chesnaught|3
|move|p2a: Chesnaught|Trailblaze|p1a: Uvogin
|-supereffective|p1a: Uvogin
|-damage|p1a: Uvogin|58/100
|-boost|p2a: Chesnaught|spe|1
|
|-weather|Snow|[upkeep]
|-heal|p2a: Chesnaught|64/100|[from] item: Leftovers
|turn|45
|
|move|p1a: Uvogin|Surging Strikes|p2a: Chesnaught
|-resisted|p2a: Chesnaught
|-crit|p2a: Chesnaught
|-damage|p2a: Chesnaught|50/100
|-resisted|p2a: Chesnaught
|-crit|p2a: Chesnaught
|-damage|p2a: Chesnaught|36/100
|-resisted|p2a: Chesnaught
|-crit|p2a: Chesnaught
|-damage|p2a: Chesnaught|23/100
|-hitcount|p2a: Chesnaught|3
|move|p2a: Chesnaught|Trailblaze|p1a: Uvogin
|-supereffective|p1a: Uvogin
|-damage|p1a: Uvogin|17/100
|-boost|p2a: Chesnaught|spe|1
|
|-weather|Snow|[upkeep]
|-heal|p2a: Chesnaught|29/100|[from] item: Leftovers
|turn|46
|
|move|p2a: Chesnaught|Trailblaze|p1a: Uvogin
|-supereffective|p1a: Uvogin
|-damage|p1a: Uvogin|0 fnt
|-boost|p2a: Chesnaught|spe|1
|faint|p1a: Uvogin
|
|-weather|none
|-heal|p2a: Chesnaught|35/100|[from] item: Leftovers
|
|switch|p1a: Slowqueen|Slowking-Galar, F|78/100 par
|turn|47
|
|move|p2a: Chesnaught|Crunch|p1a: Slowqueen
|-supereffective|p1a: Slowqueen
|-damage|p1a: Slowqueen|33/100 par
|cant|p1a: Slowqueen|par
|
|-heal|p2a: Chesnaught|41/100|[from] item: Leftovers
|turn|48
|
|move|p2a: Chesnaught|Crunch|p1a: Slowqueen
|-supereffective|p1a: Slowqueen
|-damage|p1a: Slowqueen|0 fnt
|faint|p1a: Slowqueen
|
|win|cristanronaldo
