# advantage = p2
|poke|p1|Cinderace, M|
|poke|p1|Urshifu-*, M|
|poke|p1|Slowking-Galar, F|
|poke|p1|Magearna|
|poke|p1|Great Tusk|
|poke|p1|Dragapult, F|
|poke|p2|Kingambit, F|
|poke|p2|Corviknight, F|
|poke|p2|Amoonguss, F|
|poke|p2|Hippowdon, M|
|poke|p2|Toxapex, M|
|poke|p2|Hatterene, F|
|teampreview
|
|start
|switch|p1a: Great Tusk|Great Tusk, shiny|100/100
|switch|p2a: Hippowdon|Hippowdon, M|100/100
|-weather|Sandstorm|[from] ability: Sand Stream|[of] p2a: Hippowdon
|turn|1
|
|switch|p2a: Amoonguss|Amoonguss, F|100/100
|move|p1a: Great Tusk|Knock Off|p2a: Amoonguss
|-damage|p2a: Amoonguss|78/100
|-damage|p1a: Great Tusk|84/100|[from] item: Rocky Helmet|[of] p2a: Amoonguss
|-enditem|p2a: Amoonguss|Rocky Helmet|[from] move: Knock Off|[of] p1a: Great Tusk
|
|-weather|Sandstorm|[upkeep]
|-damage|p2a: Amoonguss|72/100|[from] Sandstorm
|-heal|p1a: Great Tusk|90/100|[from] item: Leftovers
|turn|2
|
|move|p1a: Great Tusk|Stealth Rock|p2a: Amoonguss
|-sidestart|p2: p2|move: Stealth Rock
|move|p2a: Amoonguss|Giga Drain|p1a: Great Tusk
|-supereffective|p1a: Great Tusk
|-damage|p1a: Great Tusk|26/100
|-heal|p2a: Amoonguss|100/100|[from] drain|[of] p1a: Great Tusk
|
|-weather|Sandstorm|[upkeep]
|-damage|p2a: Amoonguss|94/100|[from] Sandstorm
|-heal|p1a: Great Tusk|32/100|[from] item: Leftovers
|turn|3
|
|-end|p1a: Great Tusk|Protosynthesis|[silent]
|switch|p1a: Slowking|Slowking-Galar, F|100/100
|move|p2a: Amoonguss|Spore|p1a: Slowking
|-status|p1a: Slowking|slp|[from] move: Spore
|
|-weather|Sandstorm|[upkeep]
|-damage|p2a: Amoonguss|88/100|[from] Sandstorm
|-damage|p1a: Slowking|94/100 slp|[from] Sandstorm
|-heal|p1a: Slowking|100/100 slp|[from] item: Black Sludge
|turn|4
|
|switch|p1a: Great Tusk|Great Tusk, shiny|32/100
|move|p2a: Amoonguss|Giga Drain|p1a: Great Tusk
|-supereffective|p1a: Great Tusk
|-damage|p1a: Great Tusk|0 fnt
|-heal|p2a: Amoonguss|100/100|[from] drain|[of] p1a: Great Tusk
|faint|p1a: Great Tusk
|-end|p1a: Great Tusk|Protosynthesis|[silent]
|
|-weather|Sandstorm|[upkeep]
|-damage|p2a: Amoonguss|94/100|[from] Sandstorm
|
|switch|p1a: Dragapult|Dragapult, F|100/100
|turn|5
|
|switch|p2a: Toxapex|Toxapex, M|100/100
|-damage|p2a: Toxapex|88/100|[from] Stealth Rock
|-terastallize|p1a: Dragapult|Ghost
|move|p1a: Dragapult|Shadow Ball|p2a: Toxapex
|-damage|p2a: Toxapex|43/100
|-unboost|p2a: Toxapex|spd|1
|
|-weather|none
|-heal|p2a: Toxapex|50/100|[from] item: Leftovers
|turn|6
|
|switch|p2a: Kingambit|Kingambit, F|100/100
|-damage|p2a: Kingambit|94/100|[from] Stealth Rock
|move|p1a: Dragapult|Shadow Ball|p2a: Kingambit
|-resisted|p2a: Kingambit
|-damage|p2a: Kingambit|58/100
|-unboost|p2a: Kingambit|spd|1
|
|-heal|p2a: Kingambit|65/100|[from] item: Leftovers
|turn|7
|
|switch|p1a: Urshifu|Urshifu-Rapid-Strike, M|100/100
|-end|p2a: Kingambit|fallenundefined|[silent]
|switch|p2a: Toxapex|Toxapex, M|83/100
|-damage|p2a: Toxapex|70/100|[from] Stealth Rock
|
|-heal|p2a: Toxapex|76/100|[from] item: Leftovers
|turn|8
|
|move|p1a: Urshifu|U-turn|p2a: Toxapex
|-resisted|p2a: Toxapex
|-damage|p2a: Toxapex|64/100
|
|switch|p1a: Slowking|Slowking-Galar, F|100/100 slp|[from] U-turn
|move|p2a: Toxapex|Recover|p2a: Toxapex
|-heal|p2a: Toxapex|100/100
|
|turn|9
|
|switch|p2a: Corviknight|Corviknight, F|100/100
|-damage|p2a: Corviknight|88/100|[from] Stealth Rock
|-ability|p2a: Corviknight|Pressure
|switch|p1a: Urshifu|Urshifu-Rapid-Strike, M|100/100
|
|turn|10
|
|move|p1a: Urshifu|Close Combat|p2a: Corviknight
|-crit|p2a: Corviknight
|-damage|p2a: Corviknight|8/100
|-unboost|p1a: Urshifu|def|1
|-unboost|p1a: Urshifu|spd|1
|-damage|p1a: Urshifu|84/100|[from] item: Rocky Helmet|[of] p2a: Corviknight
|move|p2a: Corviknight|Defog|p1a: Urshifu
|-unboost|p1a: Urshifu|evasion|1
|-sideend|p2: p2|Stealth Rock|[from] move: Defog|[of] p2a: Corviknight
|
|turn|11
|
|switch|p1a: Dragapult|Dragapult, F, tera:Ghost|100/100
|switch|p2a: Toxapex|Toxapex, M|100/100
|
|turn|12
|
|switch|p2a: Hippowdon|Hippowdon, M|100/100
|-weather|Sandstorm|[from] ability: Sand Stream|[of] p2a: Hippowdon
|move|p1a: Dragapult|Shadow Ball|p2a: Hippowdon
|-damage|p2a: Hippowdon|52/100
|
|-weather|Sandstorm|[upkeep]
|-damage|p1a: Dragapult|95/100|[from] Sandstorm
|-heal|p2a: Hippowdon|59/100|[from] item: Leftovers
|turn|13
|
|switch|p2a: Toxapex|Toxapex, M|100/100
|move|p1a: Dragapult|Shadow Ball|p2a: Toxapex
|-damage|p2a: Toxapex|53/100
|
|-weather|Sandstorm|[upkeep]
|-damage|p1a: Dragapult|89/100|[from] Sandstorm
|-damage|p2a: Toxapex|47/100|[from] Sandstorm
|-heal|p2a: Toxapex|53/100|[from] item: Leftovers
|turn|14
|
|move|p1a: Dragapult|Shadow Ball|p2a: Toxapex
|-damage|p2a: Toxapex|8/100
|move|p2a: Toxapex|Toxic|p1a: Dragapult
|-status|p1a: Dragapult|tox
|
|-weather|Sandstorm|[upkeep]
|-damage|p1a: Dragapult|83/100 tox|[from] Sandstorm
|-damage|p2a: Toxapex|2/100|[from] Sandstorm
|-heal|p2a: Toxapex|8/100|[from] item: Leftovers
|-damage|p1a: Dragapult|77/100 tox|[from] psn
|turn|15
|
|switch|p2a: Kingambit|Kingambit, F|65/100
|move|p1a: Dragapult|Shadow Ball|p2a: Kingambit
|-resisted|p2a: Kingambit
|-damage|p2a: Kingambit|28/100
|
|-weather|Sandstorm|[upkeep]
|-damage|p1a: Dragapult|71/100 tox|[from] Sandstorm
|-heal|p2a: Kingambit|34/100|[from] item: Leftovers
|-damage|p1a: Dragapult|59/100 tox|[from] psn
|turn|16
|
|switch|p1a: Urshifu|Urshifu-Rapid-Strike, M|84/100
|move|p2a: Kingambit|Sucker Punch||[still]
|-fail|p2a: Kingambit
|
|-weather|none
|-heal|p2a: Kingambit|41/100|[from] item: Leftovers
|turn|17
|
|-end|p2a: Kingambit|fallenundefined|[silent]
|switch|p2a: Amoonguss|Amoonguss, F|100/100
|move|p1a: Urshifu|Surging Strikes|p2a: Amoonguss
|-resisted|p2a: Amoonguss
|-crit|p2a: Amoonguss
|-damage|p2a: Amoonguss|88/100
|-resisted|p2a: Amoonguss
|-crit|p2a: Amoonguss
|-damage|p2a: Amoonguss|77/100
|-resisted|p2a: Amoonguss
|-crit|p2a: Amoonguss
|-damage|p2a: Amoonguss|65/100
|-hitcount|p2a: Amoonguss|3
|
|turn|18
|
|switch|p1a: Magearna|Magearna|100/100
|move|p2a: Amoonguss|Giga Drain|p1a: Magearna
|-resisted|p1a: Magearna
|-damage|p1a: Magearna|92/100
|-heal|p2a: Amoonguss|68/100|[from] drain|[of] p1a: Magearna
|
|-heal|p1a: Magearna|98/100|[from] item: Leftovers
|turn|19
|
|switch|p2a: Toxapex|Toxapex, M|42/100
|move|p1a: Magearna|Spikes|p2a: Toxapex
|-sidestart|p2: p2|Spikes
|
|-heal|p1a: Magearna|100/100|[from] item: Leftovers
|-heal|p2a: Toxapex|48/100|[from] item: Leftovers
|turn|20
|
|switch|p2a: Amoonguss|Amoonguss, F|100/100
|-damage|p2a: Amoonguss|88/100|[from] Spikes
|move|p1a: Magearna|Volt Switch|p2a: Amoonguss
|-resisted|p2a: Amoonguss
|-damage|p2a: Amoonguss|79/100
|
|switch|p1a: fun meta!|Cinderace, M|100/100|[from] Volt Switch
|
|turn|21
|
|switch|p2a: Toxapex|Toxapex, M|81/100
|-damage|p2a: Toxapex|69/100|[from] Spikes
|move|p1a: fun meta!|Pyro Ball|p2a: Toxapex
|-resisted|p2a: Toxapex
|-damage|p2a: Toxapex|53/100
|
|-heal|p2a: Toxapex|59/100|[from] item: Leftovers
|turn|22
|
|move|p1a: fun meta!|Will-O-Wisp|p2a: Toxapex
|-status|p2a: Toxapex|brn
|move|p2a: Toxapex|Recover|p2a: Toxapex
|-heal|p2a: Toxapex|100/100 brn
|
|-damage|p2a: Toxapex|94/100 brn|[from] brn
|turn|23
|
|move|p1a: fun meta!|U-turn|p2a: Toxapex
|-resisted|p2a: Toxapex
|-damage|p2a: Toxapex|87/100 brn
|
|switch|p1a: Slowking|Slowking-Galar, F|100/100 slp|[from] U-turn
|move|p2a: Toxapex|Ice Beam|p1a: Slowking
|-damage|p1a: Slowking|93/100 slp
|
|-heal|p2a: Toxapex|94/100 brn|[from] item: Leftovers
|-heal|p1a: Slowking|99/100 slp|[from] item: Black Sludge
|-damage|p2a: Toxapex|87/100 brn|[from] brn
|turn|24
|
|switch|p2a: Corviknight|Corviknight, F|8/100
|-ability|p2a: Corviknight|Pressure
|switch|p1a: Urshifu|Urshifu-Rapid-Strike, M|84/100
|
|turn|25
|
|switch|p2a: Toxapex|Toxapex, M|100/100 brn
|-damage|p2a: Toxapex|88/100 brn|[from] Spikes
|move|p1a: Urshifu|Surging Strikes|p2a: Toxapex
|-resisted|p2a: Toxapex
|-crit|p2a: Toxapex
|-damage|p2a: Toxapex|78/100 brn
|-resisted|p2a: Toxapex
|-crit|p2a: Toxapex
|-damage|p2a: Toxapex|68/100 brn
|-resisted|p2a: Toxapex
|-crit|p2a: Toxapex
|-damage|p2a: Toxapex|58/100 brn
|-hitcount|p2a: Toxapex|3
|
|-heal|p2a: Toxapex|65/100 brn|[from] item: Leftovers
|-damage|p2a: Toxapex|58/100 brn|[from] brn
|turn|26
|
|switch|p1a: Magearna|Magearna|100/100
|move|p2a: Toxapex|Recover|p2a: Toxapex
|-heal|p2a: Toxapex|100/100 brn
|
|-damage|p2a: Toxapex|94/100 brn|[from] brn
|turn|27
|
|move|p1a: Magearna|Volt Switch|p2a: Toxapex
|-supereffective|p2a: Toxapex
|-damage|p2a: Toxapex|65/100 brn
|
|switch|p1a: Slowking|Slowking-Galar, F|100/100 slp|[from] Volt Switch
|move|p2a: Toxapex|Ice Beam|p1a: Slowking
|-damage|p1a: Slowking|93/100 slp
|
|-heal|p2a: Toxapex|72/100 brn|[from] item: Leftovers
|-heal|p1a: Slowking|99/100 slp|[from] item: Black Sludge
|-damage|p2a: Toxapex|65/100 brn|[from] brn
|turn|28
|
|switch|p1a: Magearna|Magearna|100/100
|move|p2a: Toxapex|Toxic|p1a: Magearna
|-immune|p1a: Magearna
|
|-heal|p2a: Toxapex|72/100 brn|[from] item: Leftovers
|-damage|p2a: Toxapex|65/100 brn|[from] brn
|turn|29
|
|move|p1a: Magearna|Spikes|p2a: Toxapex
|-sidestart|p2: p2|Spikes
|move|p2a: Toxapex|Recover|p2a: Toxapex
|-heal|p2a: Toxapex|100/100 brn
|
|-damage|p2a: Toxapex|94/100 brn|[from] brn
|turn|30
|
|move|p1a: Magearna|Fleur Cannon|p2a: Toxapex
|-resisted|p2a: Toxapex
|-damage|p2a: Toxapex|74/100 brn
|-unboost|p1a: Magearna|spa|2
|move|p2a: Toxapex|Ice Beam|p1a: Magearna
|-resisted|p1a: Magearna
|-damage|p1a: Magearna|96/100
|
|-heal|p1a: Magearna|100/100|[from] item: Leftovers
|-heal|p2a: Toxapex|80/100 brn|[from] item: Leftovers
|-damage|p2a: Toxapex|74/100 brn|[from] brn
|turn|31
|
|switch|p1a: Urshifu|Urshifu-Rapid-Strike, M|84/100
|move|p2a: Toxapex|Toxic|p1a: Urshifu
|-status|p1a: Urshifu|tox
|
|-heal|p2a: Toxapex|80/100 brn|[from] item: Leftovers
|-damage|p1a: Urshifu|78/100 tox|[from] psn
|-damage|p2a: Toxapex|74/100 brn|[from] brn
|turn|32
|
|move|p1a: Urshifu|U-turn|p2a: Toxapex
|-resisted|p2a: Toxapex
|-damage|p2a: Toxapex|61/100 brn
|
|switch|p1a: Magearna|Magearna|100/100|[from] U-turn
|move|p2a: Toxapex|Recover|p2a: Toxapex
|-heal|p2a: Toxapex|100/100 brn
|
|-damage|p2a: Toxapex|94/100 brn|[from] brn
|turn|33
|
|move|p1a: Magearna|Volt Switch|p2a: Toxapex
|-supereffective|p2a: Toxapex
|-damage|p2a: Toxapex|66/100 brn
|
|switch|p1a: Slowking|Slowking-Galar, F|100/100 slp|[from] Volt Switch
|move|p2a: Toxapex|Ice Beam|p1a: Slowking
|-damage|p1a: Slowking|94/100 slp
|
|-heal|p2a: Toxapex|72/100 brn|[from] item: Leftovers
|-heal|p1a: Slowking|99/100 slp|[from] item: Black Sludge
|-damage|p2a: Toxapex|66/100 brn|[from] brn
|turn|34
|
|switch|p2a: Hippowdon|Hippowdon, M|59/100
|-damage|p2a: Hippowdon|42/100|[from] Spikes
|-weather|Sandstorm|[from] ability: Sand Stream|[of] p2a: Hippowdon
|switch|p1a: Magearna|Magearna|100/100
|
|-weather|Sandstorm|[upkeep]
|-heal|p2a: Hippowdon|48/100|[from] item: Leftovers
|turn|35
|
|move|p1a: Magearna|Fleur Cannon|p2a: Hippowdon
|-damage|p2a: Hippowdon|8/100
|-unboost|p1a: Magearna|spa|2
|move|p2a: Hippowdon|Slack Off|p2a: Hippowdon
|-heal|p2a: Hippowdon|58/100
|
|-weather|Sandstorm|[upkeep]
|-heal|p2a: Hippowdon|64/100|[from] item: Leftovers
|turn|36
|
|move|p1a: Magearna|Fleur Cannon|p2a: Hippowdon
|-damage|p2a: Hippowdon|43/100
|-unboost|p1a: Magearna|spa|2
|move|p2a: Hippowdon|Slack Off|p2a: Hippowdon
|-heal|p2a: Hippowdon|93/100
|
|-weather|Sandstorm|[upkeep]
|-heal|p2a: Hippowdon|99/100|[from] item: Leftovers
|turn|37
|
|move|p1a: Magearna|Spikes|p2a: Hippowdon
|-sidestart|p2: p2|Spikes
|move|p2a: Hippowdon|Earthquake|p1a: Magearna
|-supereffective|p1a: Magearna
|-damage|p1a: Magearna|49/100
|
|-weather|Sandstorm|[upkeep]
|-heal|p1a: Magearna|55/100|[from] item: Leftovers
|-heal|p2a: Hippowdon|100/100|[from] item: Leftovers
|turn|38
|
|move|p1a: Magearna|Fleur Cannon|p2a: Hippowdon|[miss]
|-miss|p1a: Magearna|p2a: Hippowdon
|move|p2a: Hippowdon|Earthquake|p1a: Magearna
|-supereffective|p1a: Magearna
|-damage|p1a: Magearna|3/100
|
|-weather|none
|-heal|p1a: Magearna|9/100|[from] item: Leftovers
|turn|39
|
|move|p1a: Magearna|Pain Split|p2a: Hippowdon
|-sethp|p2a: Hippowdon|54/100|[from] move: Pain Split|[silent]
|-sethp|p1a: Magearna|62/100|[from] move: Pain Split
|move|p2a: Hippowdon|Slack Off|p2a: Hippowdon
|-heal|p2a: Hippowdon|100/100
|
|-heal|p1a: Magearna|68/100|[from] item: Leftovers
|turn|40
|
|move|p1a: Magearna|Volt Switch|p2a: Hippowdon
|-immune|p2a: Hippowdon
|move|p2a: Hippowdon|Stealth Rock|p1a: Magearna
|-sidestart|p1: p1|move: Stealth Rock
|
|-heal|p1a: Magearna|74/100|[from] item: Leftovers
|turn|41
|
|move|p1a: Magearna|Volt Switch|p2a: Hippowdon
|-immune|p2a: Hippowdon
|move|p2a: Hippowdon|Rock Slide|p1a: Magearna
|-resisted|p1a: Magearna
|-damage|p1a: Magearna|68/100
|
|-heal|p1a: Magearna|74/100|[from] item: Leftovers
|turn|42
|
|move|p1a: Magearna|Volt Switch|p2a: Hippowdon
|-immune|p2a: Hippowdon
|move|p2a: Hippowdon|Stealth Rock||[still]
|-fail|p2a: Hippowdon
|
|-heal|p1a: Magearna|80/100|[from] item: Leftovers
|turn|43
|
|move|p1a: Magearna|Volt Switch|p2a: Hippowdon
|-immune|p2a: Hippowdon
|move|p2a: Hippowdon|Earthquake|p1a: Magearna
|-supereffective|p1a: Magearna
|-damage|p1a: Magearna|27/100
|
|-heal|p1a: Magearna|33/100|[from] item: Leftovers
|turn|44
|
|move|p1a: Magearna|Pain Split|p2a: Hippowdon
|-sethp|p2a: Hippowdon|64/100|[from] move: Pain Split|[silent]
|-sethp|p1a: Magearna|74/100|[from] move: Pain Split
|move|p2a: Hippowdon|Earthquake|p1a: Magearna
|-supereffective|p1a: Magearna
|-damage|p1a: Magearna|23/100
|
|-heal|p1a: Magearna|29/100|[from] item: Leftovers
|-heal|p2a: Hippowdon|70/100|[from] item: Leftovers
|turn|45
|
|move|p1a: Magearna|Pain Split|p2a: Hippowdon
|-sethp|p2a: Hippowdon|48/100|[from] move: Pain Split|[silent]
|-sethp|p1a: Magearna|55/100|[from] move: Pain Split
|move|p2a: Hippowdon|Earthquake|p1a: Magearna
|-supereffective|p1a: Magearna
|-damage|p1a: Magearna|9/100
|
|-heal|p1a: Magearna|15/100|[from] item: Leftovers
|-heal|p2a: Hippowdon|54/100|[from] item: Leftovers
|turn|46
|
|move|p1a: Magearna|Pain Split|p2a: Hippowdon
|-sethp|p2a: Hippowdon|34/100|[from] move: Pain Split|[silent]
|-sethp|p1a: Magearna|39/100|[from] move: Pain Split
|move|p2a: Hippowdon|Slack Off|p2a: Hippowdon
|-heal|p2a: Hippowdon|84/100
|
|-heal|p1a: Magearna|45/100|[from] item: Leftovers
|-heal|p2a: Hippowdon|90/100|[from] item: Leftovers
|turn|47
|
|switch|p2a: Corviknight|Corviknight, F|8/100
|-ability|p2a: Corviknight|Pressure
|move|p1a: Magearna|Pain Split|p2a: Corviknight
|-sethp|p2a: Corviknight|24/100|[from] move: Pain Split|[silent]
|-sethp|p1a: Magearna|26/100|[from] move: Pain Split
|
|-heal|p1a: Magearna|32/100|[from] item: Leftovers
|turn|48
|
|move|p2a: Corviknight|Roost|p2a: Corviknight
|-heal|p2a: Corviknight|74/100
|-singleturn|p2a: Corviknight|move: Roost
|move|p1a: Magearna|Volt Switch|p2a: Corviknight
|-damage|p2a: Corviknight|68/100
|
|switch|p1a: fun meta!|Cinderace, M|100/100|[from] Volt Switch
|
|turn|49
|
|-terastallize|p2a: Corviknight|Water
|move|p1a: fun meta!|Pyro Ball|p2a: Corviknight
|-resisted|p2a: Corviknight
|-damage|p2a: Corviknight|52/100
|move|p2a: Corviknight|Defog|p1a: fun meta!
|-unboost|p1a: fun meta!|evasion|1
|-sideend|p1: p1|Stealth Rock|[from] move: Defog|[of] p2a: Corviknight
|-sideend|p2: p2|Spikes|[from] move: Defog|[of] p2a: Corviknight
|
|turn|50
|
|switch|p2a: Toxapex|Toxapex, M|99/100 brn
|move|p1a: fun meta!|Will-O-Wisp|p2a: Toxapex
|-fail|p2a: Toxapex|brn
|
|-heal|p2a: Toxapex|100/100 brn|[from] item: Leftovers
|-damage|p2a: Toxapex|94/100 brn|[from] brn
|turn|51
|
|switch|p2a: Hippowdon|Hippowdon, M|90/100
|-weather|Sandstorm|[from] ability: Sand Stream|[of] p2a: Hippowdon
|move|p1a: fun meta!|U-turn|p2a: Hippowdon
|-damage|p2a: Hippowdon|76/100
|
|switch|p1a: Urshifu|Urshifu-Rapid-Strike, M|78/100 tox|[from] U-turn
|
|-weather|Sandstorm|[upkeep]
|-damage|p1a: Urshifu|72/100 tox|[from] Sandstorm
|-heal|p2a: Hippowdon|82/100|[from] item: Leftovers
|-damage|p1a: Urshifu|66/100 tox|[from] psn
|turn|52
|
|switch|p2a: Amoonguss|Amoonguss, F|100/100
|move|p1a: Urshifu|Surging Strikes|p2a: Amoonguss
|-resisted|p2a: Amoonguss
|-crit|p2a: Amoonguss
|-damage|p2a: Amoonguss|89/100
|-resisted|p2a: Amoonguss
|-crit|p2a: Amoonguss
|-damage|p2a: Amoonguss|77/100
|-resisted|p2a: Amoonguss
|-crit|p2a: Amoonguss
|-damage|p2a: Amoonguss|66/100
|-hitcount|p2a: Amoonguss|3
|
|-weather|Sandstorm|[upkeep]
|-damage|p1a: Urshifu|59/100 tox|[from] Sandstorm
|-damage|p2a: Amoonguss|59/100|[from] Sandstorm
|-damage|p1a: Urshifu|47/100 tox|[from] psn
|turn|53
|
|switch|p1a: Magearna|Magearna|32/100
|switch|p2a: Toxapex|Toxapex, M|100/100 brn
|
|-weather|Sandstorm|[upkeep]
|-damage|p2a: Toxapex|94/100 brn|[from] Sandstorm
|-heal|p1a: Magearna|38/100|[from] item: Leftovers
|-heal|p2a: Toxapex|100/100 brn|[from] item: Leftovers
|-damage|p2a: Toxapex|94/100 brn|[from] brn
|turn|54
|
|switch|p2a: Amoonguss|Amoonguss, F|93/100
|move|p1a: Magearna|Spikes|p2a: Amoonguss
|-sidestart|p2: p2|Spikes
|
|-weather|Sandstorm|[upkeep]
|-damage|p2a: Amoonguss|86/100|[from] Sandstorm
|-heal|p1a: Magearna|44/100|[from] item: Leftovers
|turn|55
|
|switch|p2a: Hippowdon|Hippowdon, M|82/100
|-damage|p2a: Hippowdon|70/100|[from] Spikes
|move|p1a: Magearna|Pain Split|p2a: Hippowdon
|-sethp|p2a: Hippowdon|54/100|[from] move: Pain Split|[silent]
|-sethp|p1a: Magearna|62/100|[from] move: Pain Split
|
|-weather|none
|-heal|p1a: Magearna|68/100|[from] item: Leftovers
|-heal|p2a: Hippowdon|60/100|[from] item: Leftovers
|turn|56
|
|switch|p1a: Urshifu|Urshifu-Rapid-Strike, M|47/100 tox
|move|p2a: Hippowdon|Slack Off|p2a: Hippowdon
|-heal|p2a: Hippowdon|100/100
|
|-damage|p1a: Urshifu|41/100 tox|[from] psn
|turn|57
|
|switch|p2a: Amoonguss|Amoonguss, F|100/100
|-damage|p2a: Amoonguss|88/100|[from] Spikes
|move|p1a: Urshifu|U-turn|p2a: Amoonguss
|-damage|p2a: Amoonguss|62/100
|
|switch|p1a: Dragapult|Dragapult, F, tera:Ghost|59/100 tox|[from] U-turn
|
|-damage|p1a: Dragapult|53/100 tox|[from] psn
|turn|58
|
|switch|p2a: Toxapex|Toxapex, M|100/100 brn
|-damage|p2a: Toxapex|88/100 brn|[from] Spikes
|move|p1a: Dragapult|Shadow Ball|p2a: Toxapex
|-damage|p2a: Toxapex|38/100 brn
|
|-heal|p2a: Toxapex|44/100 brn|[from] item: Leftovers
|-damage|p1a: Dragapult|41/100 tox|[from] psn
|-damage|p2a: Toxapex|38/100 brn|[from] brn
|turn|59
|
|switch|p2a: Kingambit|Kingambit, F|41/100
|-damage|p2a: Kingambit|28/100|[from] Spikes
|move|p1a: Dragapult|Shadow Ball|p2a: Kingambit
|-resisted|p2a: Kingambit
|-damage|p2a: Kingambit|0 fnt
|faint|p2a: Kingambit
|-end|p2a: Kingambit|fallenundefined|[silent]
|
|-damage|p1a: Dragapult|23/100 tox|[from] psn
|
|switch|p2a: Toxapex|Toxapex, M|71/100 brn
|-damage|p2a: Toxapex|59/100 brn|[from] Spikes
|turn|60
|
|switch|p1a: Magearna|Magearna|68/100
|move|p2a: Toxapex|Recover|p2a: Toxapex
|-heal|p2a: Toxapex|100/100 brn
|
|-heal|p1a: Magearna|74/100|[from] item: Leftovers
|-damage|p2a: Toxapex|94/100 brn|[from] brn
|turn|61
|
|switch|p2a: Hippowdon|Hippowdon, M|100/100
|-damage|p2a: Hippowdon|88/100|[from] Spikes
|-weather|Sandstorm|[from] ability: Sand Stream|[of] p2a: Hippowdon
|move|p1a: Magearna|Spikes|p2a: Hippowdon
|-sidestart|p2: p2|Spikes
|
|-weather|Sandstorm|[upkeep]
|-heal|p1a: Magearna|80/100|[from] item: Leftovers
|-heal|p2a: Hippowdon|94/100|[from] item: Leftovers
|turn|62
|
|move|p1a: Magearna|Spikes|p2a: Hippowdon
|-sidestart|p2: p2|Spikes
|move|p2a: Hippowdon|Stealth Rock|p1a: Magearna
|-sidestart|p1: p1|move: Stealth Rock
|
|-weather|Sandstorm|[upkeep]
|-heal|p1a: Magearna|86/100|[from] item: Leftovers
|-heal|p2a: Hippowdon|100/100|[from] item: Leftovers
|turn|63
|
|move|p1a: Magearna|Fleur Cannon|p2a: Hippowdon
|-damage|p2a: Hippowdon|61/100
|-unboost|p1a: Magearna|spa|2
|move|p2a: Hippowdon|Stealth Rock||[still]
|-fail|p2a: Hippowdon
|
|-weather|Sandstorm|[upkeep]
|-heal|p1a: Magearna|93/100|[from] item: Leftovers
|-heal|p2a: Hippowdon|67/100|[from] item: Leftovers
|turn|64
|
|switch|p1a: Urshifu|Urshifu-Rapid-Strike, M|41/100 tox
|-damage|p1a: Urshifu|35/100 tox|[from] Stealth Rock
|move|p2a: Hippowdon|Slack Off|p2a: Hippowdon
|-heal|p2a: Hippowdon|100/100
|
|-weather|Sandstorm|[upkeep]
|-damage|p1a: Urshifu|29/100 tox|[from] Sandstorm
|-damage|p1a: Urshifu|22/100 tox|[from] psn
|turn|65
|
|switch|p2a: Amoonguss|Amoonguss, F|95/100
|-damage|p2a: Amoonguss|70/100|[from] Spikes
|move|p1a: Urshifu|U-turn|p2a: Amoonguss
|-damage|p2a: Amoonguss|42/100
|
|switch|p1a: Slowking|Slowking-Galar, F|100/100 slp|[from] U-turn
|-damage|p1a: Slowking|88/100 slp|[from] Stealth Rock
|
|-weather|none
|-heal|p1a: Slowking|94/100 slp|[from] item: Black Sludge
|turn|66
|
|move|p2a: Amoonguss|Sludge Bomb|p1a: Slowking
|-resisted|p1a: Slowking
|-crit|p1a: Slowking
|-damage|p1a: Slowking|81/100 slp
|cant|p1a: Slowking|slp
|
|-heal|p1a: Slowking|87/100 slp|[from] item: Black Sludge
|turn|67
|
|move|p2a: Amoonguss|Sludge Bomb|p1a: Slowking
|-resisted|p1a: Slowking
|-damage|p1a: Slowking|80/100 slp
|cant|p1a: Slowking|slp
|
|-heal|p1a: Slowking|86/100 slp|[from] item: Black Sludge
|turn|68
|
|switch|p2a: Hippowdon|Hippowdon, M|100/100
|-damage|p2a: Hippowdon|75/100|[from] Spikes
|-weather|Sandstorm|[from] ability: Sand Stream|[of] p2a: Hippowdon
|cant|p1a: Slowking|slp
|
|-weather|Sandstorm|[upkeep]
|-damage|p1a: Slowking|80/100 slp|[from] Sandstorm
|-heal|p2a: Hippowdon|82/100|[from] item: Leftovers
|-heal|p1a: Slowking|86/100 slp|[from] item: Black Sludge
|turn|69
|
|move|p2a: Hippowdon|Earthquake|p1a: Slowking
|-supereffective|p1a: Slowking
|-damage|p1a: Slowking|5/100 slp
|-curestatus|p1a: Slowking|slp|[msg]
|move|p1a: Slowking|Chilly Reception|p1a: Slowking
|-weather|Snow
|
|switch|p1a: fun meta!|Cinderace, M|100/100|[from] Chilly Reception
|
|-weather|Snow|[upkeep]
|-heal|p2a: Hippowdon|88/100|[from] item: Leftovers
|turn|70
|
|move|p1a: fun meta!|Will-O-Wisp|p2a: Hippowdon
|-status|p2a: Hippowdon|brn
|move|p2a: Hippowdon|Earthquake|p1a: fun meta!
|-supereffective|p1a: fun meta!
|-damage|p1a: fun meta!|53/100
|
|-weather|Snow|[upkeep]
|-heal|p2a: Hippowdon|94/100 brn|[from] item: Leftovers
|-damage|p2a: Hippowdon|88/100 brn|[from] brn
|turn|71
|
|move|p1a: fun meta!|U-turn|p2a: Hippowdon
|-damage|p2a: Hippowdon|74/100 brn
|
|switch|p1a: Magearna|Magearna|93/100|[from] U-turn
|-damage|p1a: Magearna|86/100|[from] Stealth Rock
|move|p2a: Hippowdon|Earthquake|p1a: Magearna
|-supereffective|p1a: Magearna
|-damage|p1a: Magearna|63/100
|
|-weather|Snow|[upkeep]
|-heal|p1a: Magearna|69/100|[from] item: Leftovers
|-heal|p2a: Hippowdon|80/100 brn|[from] item: Leftovers
|-damage|p2a: Hippowdon|74/100 brn|[from] brn
|turn|72
|
|move|p1a: Magearna|Volt Switch|p2a: Hippowdon
|-immune|p2a: Hippowdon
|move|p2a: Hippowdon|Rock Slide|p1a: Magearna
|-resisted|p1a: Magearna
|-damage|p1a: Magearna|66/100
|
|-weather|Snow|[upkeep]
|-heal|p1a: Magearna|72/100|[from] item: Leftovers
|-heal|p2a: Hippowdon|80/100 brn|[from] item: Leftovers
|-damage|p2a: Hippowdon|74/100 brn|[from] brn
|turn|73
|
|move|p1a: Magearna|Volt Switch|p2a: Hippowdon
|-immune|p2a: Hippowdon
|move|p2a: Hippowdon|Stealth Rock||[still]
|-fail|p2a: Hippowdon
|
|-weather|none
|-heal|p1a: Magearna|79/100|[from] item: Leftovers
|-heal|p2a: Hippowdon|80/100 brn|[from] item: Leftovers
|-damage|p2a: Hippowdon|74/100 brn|[from] brn
|turn|74
|
|move|p1a: Magearna|Volt Switch|p2a: Hippowdon
|-immune|p2a: Hippowdon
|move|p2a: Hippowdon|Stealth Rock||[still]
|-fail|p2a: Hippowdon
|
|-heal|p1a: Magearna|85/100|[from] item: Leftovers
|-heal|p2a: Hippowdon|80/100 brn|[from] item: Leftovers
|-damage|p2a: Hippowdon|74/100 brn|[from] brn
|turn|75
|
|move|p1a: Magearna|Volt Switch|p2a: Hippowdon
|-immune|p2a: Hippowdon
|move|p2a: Hippowdon|Stealth Rock||[still]
|-fail|p2a: Hippowdon
|
|-heal|p1a: Magearna|91/100|[from] item: Leftovers
|-heal|p2a: Hippowdon|80/100 brn|[from] item: Leftovers
|-damage|p2a: Hippowdon|74/100 brn|[from] brn
|turn|76
|
|move|p1a: Magearna|Volt Switch|p2a: Hippowdon
|-immune|p2a: Hippowdon
|move|p2a: Hippowdon|Stealth Rock||[still]
|-fail|p2a: Hippowdon
|
|-heal|p1a: Magearna|97/100|[from] item: Leftovers
|-heal|p2a: Hippowdon|80/100 brn|[from] item: Leftovers
|-damage|p2a: Hippowdon|74/100 brn|[from] brn
|turn|77
|
|move|p1a: Magearna|Volt Switch|p2a: Hippowdon
|-immune|p2a: Hippowdon
|move|p2a: Hippowdon|Stealth Rock||[still]
|-fail|p2a: Hippowdon
|
|-heal|p1a: Magearna|100/100|[from] item: Leftovers
|-heal|p2a: Hippowdon|80/100 brn|[from] item: Leftovers
|-damage|p2a: Hippowdon|74/100 brn|[from] brn
|turn|78
|
|move|p1a: Magearna|Spikes||[still]
|-fail|p1a: Magearna
|move|p2a: Hippowdon|Earthquake|p1a: Magearna
|-supereffective|p1a: Magearna
|-damage|p1a: Magearna|76/100
|
|-heal|p1a: Magearna|82/100|[from] item: Leftovers
|-heal|p2a: Hippowdon|80/100 brn|[from] item: Leftovers
|-damage|p2a: Hippowdon|74/100 brn|[from] brn
|turn|79
|
|move|p1a: Magearna|Volt Switch|p2a: Hippowdon
|-immune|p2a: Hippowdon
|move|p2a: Hippowdon|Stealth Rock||[still]
|-fail|p2a: Hippowdon
|
|-heal|p1a: Magearna|88/100|[from] item: Leftovers
|-heal|p2a: Hippowdon|80/100 brn|[from] item: Leftovers
|-damage|p2a: Hippowdon|74/100 brn|[from] brn
|turn|80
|
|move|p1a: Magearna|Volt Switch|p2a: Hippowdon
|-immune|p2a: Hippowdon
|move|p2a: Hippowdon|Stealth Rock||[still]
|-fail|p2a: Hippowdon
|
|-heal|p1a: Magearna|94/100|[from] item: Leftovers
|-heal|p2a: Hippowdon|80/100 brn|[from] item: Leftovers
|-damage|p2a: Hippowdon|74/100 brn|[from] brn
|turn|81
|
|move|p1a: Magearna|Volt Switch|p2a: Hippowdon
|-immune|p2a: Hippowdon
|move|p2a: Hippowdon|Stealth Rock||[still]
|-fail|p2a: Hippowdon
|
|-heal|p1a: Magearna|100/100|[from] item: Leftovers
|-heal|p2a: Hippowdon|80/100 brn|[from] item: Leftovers
|-damage|p2a: Hippowdon|74/100 brn|[from] brn
|turn|82
|
|move|p1a: Magearna|Volt Switch|p2a: Hippowdon
|-immune|p2a: Hippowdon
|move|p2a: Hippowdon|Stealth Rock||[still]
|-fail|p2a: Hippowdon
|
|-heal|p2a: Hippowdon|80/100 brn|[from] item: Leftovers
|-damage|p2a: Hippowdon|74/100 brn|[from] brn
|turn|83
|
|move|p1a: Magearna|Volt Switch|p2a: Hippowdon
|-immune|p2a: Hippowdon
|move|p2a: Hippowdon|Stealth Rock||[still]
|-fail|p2a: Hippowdon
|
|-heal|p2a: Hippowdon|80/100 brn|[from] item: Leftovers
|-damage|p2a: Hippowdon|74/100 brn|[from] brn
|turn|84
|
|move|p1a: Magearna|Spikes||[still]
|-fail|p1a: Magearna
|move|p2a: Hippowdon|Stealth Rock||[still]
|-fail|p2a: Hippowdon
|
|-heal|p2a: Hippowdon|80/100 brn|[from] item: Leftovers
|-damage|p2a: Hippowdon|74/100 brn|[from] brn
|turn|85
|
|move|p1a: Magearna|Volt Switch|p2a: Hippowdon
|-immune|p2a: Hippowdon
|move|p2a: Hippowdon|Earthquake|p1a: Magearna
|-supereffective|p1a: Magearna
|-damage|p1a: Magearna|75/100
|
|-heal|p1a: Magearna|82/100|[from] item: Leftovers
|-heal|p2a: Hippowdon|80/100 brn|[from] item: Leftovers
|-damage|p2a: Hippowdon|74/100 brn|[from] brn
|turn|86
|
|move|p1a: Magearna|Volt Switch|p2a: Hippowdon
|-immune|p2a: Hippowdon
|move|p2a: Hippowdon|Earthquake|p1a: Magearna
|-supereffective|p1a: Magearna
|-damage|p1a: Magearna|57/100
|
|-heal|p1a: Magearna|63/100|[from] item: Leftovers
|-heal|p2a: Hippowdon|80/100 brn|[from] item: Leftovers
|-damage|p2a: Hippowdon|74/100 brn|[from] brn
|turn|87
|
|move|p1a: Magearna|Pain Split|p2a: Hippowdon
|-sethp|p2a: Hippowdon|64/100 brn|[from] move: Pain Split|[silent]
|-sethp|p1a: Magearna|74/100|[from] move: Pain Split
|move|p2a: Hippowdon|Stealth Rock||[still]
|-fail|p2a: Hippowdon
|
|-heal|p1a: Magearna|80/100|[from] item: Leftovers
|-heal|p2a: Hippowdon|70/100 brn|[from] item: Leftovers
|-damage|p2a: Hippowdon|64/100 brn|[from] brn
|turn|88
|
|move|p1a: Magearna|Volt Switch|p2a: Hippowdon
|-immune|p2a: Hippowdon
|move|p2a: Hippowdon|Slack Off|p2a: Hippowdon
|-heal|p2a: Hippowdon|100/100 brn
|
|-heal|p1a: Magearna|86/100|[from] item: Leftovers
|-damage|p2a: Hippowdon|94/100 brn|[from] brn
|turn|89
|
|move|p1a: Magearna|Spikes||[still]
|-fail|p1a: Magearna
|move|p2a: Hippowdon|Stealth Rock||[still]
|-fail|p2a: Hippowdon
|
|-heal|p1a: Magearna|92/100|[from] item: Leftovers
|-heal|p2a: Hippowdon|100/100 brn|[from] item: Leftovers
|-damage|p2a: Hippowdon|94/100 brn|[from] brn
|turn|90
|
|move|p1a: Magearna|Volt Switch|p2a: Hippowdon
|-immune|p2a: Hippowdon
|move|p2a: Hippowdon|Stealth Rock||[still]
|-fail|p2a: Hippowdon
|
|-heal|p1a: Magearna|98/100|[from] item: Leftovers
|-heal|p2a: Hippowdon|100/100 brn|[from] item: Leftovers
|-damage|p2a: Hippowdon|94/100 brn|[from] brn
|turn|91
|
|move|p1a: Magearna|Volt Switch|p2a: Hippowdon
|-immune|p2a: Hippowdon
|move|p2a: Hippowdon|Stealth Rock||[still]
|-fail|p2a: Hippowdon
|
|-heal|p1a: Magearna|100/100|[from] item: Leftovers
|-heal|p2a: Hippowdon|100/100 brn|[from] item: Leftovers
|-damage|p2a: Hippowdon|94/100 brn|[from] brn
|turn|92
|
|move|p1a: Magearna|Spikes||[still]
|-fail|p1a: Magearna
|move|p2a: Hippowdon|Stealth Rock||[still]
|-fail|p2a: Hippowdon
|
|-heal|p2a: Hippowdon|100/100 brn|[from] item: Leftovers
|-damage|p2a: Hippowdon|94/100 brn|[from] brn
|turn|93
|
|move|p1a: Magearna|Volt Switch|p2a: Hippowdon
|-immune|p2a: Hippowdon
|move|p2a: Hippowdon|Earthquake|p1a: Magearna
|-supereffective|p1a: Magearna
|-damage|p1a: Magearna|75/100
|
|-heal|p1a: Magearna|81/100|[from] item: Leftovers
|-heal|p2a: Hippowdon|100/100 brn|[from] item: Leftovers
|-damage|p2a: Hippowdon|94/100 brn|[from] brn
|turn|94
|
|switch|p2a: Corviknight|Corviknight, F, tera:Water|52/100
|-damage|p2a: Corviknight|27/100|[from] Spikes
|-ability|p2a: Corviknight|Pressure
|move|p1a: Magearna|Spikes||[still]
|-fail|p1a: Magearna
|
|-heal|p1a: Magearna|87/100|[from] item: Leftovers
|turn|95
|
|move|p2a: Corviknight|Roost|p2a: Corviknight
|-heal|p2a: Corviknight|77/100
|move|p1a: Magearna|Volt Switch|p2a: Corviknight
|-supereffective|p2a: Corviknight
|-damage|p2a: Corviknight|37/100
|
|switch|p1a: fun meta!|Cinderace, M|53/100|[from] Volt Switch
|
|turn|96
|
|switch|p2a: Toxapex|Toxapex, M|100/100 brn
|-damage|p2a: Toxapex|75/100 brn|[from] Spikes
|move|p1a: fun meta!|Will-O-Wisp|p2a: Toxapex
|-fail|p2a: Toxapex|brn
|
|-heal|p2a: Toxapex|82/100 brn|[from] item: Leftovers
|-damage|p2a: Toxapex|75/100 brn|[from] brn
|turn|97
|
|move|p1a: fun meta!|U-turn|p2a: Toxapex
|-resisted|p2a: Toxapex
|-damage|p2a: Toxapex|69/100 brn
|
|switch|p1a: Slowking|Slowking-Galar, F|38/100|[from] U-turn
|-damage|p1a: Slowking|25/100|[from] Stealth Rock
|move|p2a: Toxapex|Ice Beam|p1a: Slowking
|-damage|p1a: Slowking|19/100
|
|-heal|p2a: Toxapex|75/100 brn|[from] item: Leftovers
|-heal|p1a: Slowking|25/100|[from] item: Black Sludge
|-damage|p2a: Toxapex|69/100 brn|[from] brn
|turn|98
|
|switch|p2a: Amoonguss|Amoonguss, F|75/100
|-damage|p2a: Amoonguss|50/100|[from] Spikes
|move|p1a: Slowking|Future Sight|p2a: Amoonguss
|-start|p1a: Slowking|move: Future Sight
|
|-heal|p1a: Slowking|31/100|[from] item: Black Sludge
|turn|99
|
|switch|p1a: Magearna|Magearna|87/100
|-damage|p1a: Magearna|81/100|[from] Stealth Rock
|move|p2a: Amoonguss|Spore|p1a: Magearna
|-status|p1a: Magearna|slp|[from] move: Spore
|
|-heal|p1a: Magearna|87/100 slp|[from] item: Leftovers
|turn|100
|
|switch|p2a: Hatterene|Hatterene, F|100/100
|-damage|p2a: Hatterene|76/100|[from] Spikes
|cant|p1a: Magearna|slp
|
|-end|p2a: Hatterene|move: Future Sight
|-resisted|p2a: Hatterene
|-damage|p2a: Hatterene|53/100
|-heal|p1a: Magearna|93/100 slp|[from] item: Leftovers
|-heal|p2a: Hatterene|59/100|[from] item: Leftovers
|turn|101
|
|-curestatus|p1a: Magearna|slp|[msg]
|move|p1a: Magearna|Volt Switch|p2a: Hatterene
|-damage|p2a: Hatterene|37/100
|
|switch|p1a: Slowking|Slowking-Galar, F|64/100|[from] Volt Switch
|-damage|p1a: Slowking|52/100|[from] Stealth Rock
|move|p2a: Hatterene|Mystical Fire|p1a: Slowking
|-damage|p1a: Slowking|39/100
|-unboost|p1a: Slowking|spa|1
|
|-heal|p2a: Hatterene|43/100|[from] item: Leftovers
|-heal|p1a: Slowking|45/100|[from] item: Black Sludge
|turn|102
|
|move|p2a: Hatterene|Mystical Fire|p1a: Slowking
|-damage|p1a: Slowking|32/100
|-unboost|p1a: Slowking|spa|1
|move|p1a: Slowking|Chilly Reception|p1a: Slowking
|-weather|Snow
|
|switch|p1a: fun meta!|Cinderace, M|53/100|[from] Chilly Reception
|
|-weather|Snow|[upkeep]
|-heal|p2a: Hatterene|49/100|[from] item: Leftovers
|turn|103
|
|move|p1a: fun meta!|Pyro Ball|p2a: Hatterene
|-damage|p2a: Hatterene|12/100
|move|p2a: Hatterene|Psyshock|p1a: fun meta!
|-damage|p1a: fun meta!|10/100
|
|-weather|Snow|[upkeep]
|-heal|p2a: Hatterene|18/100|[from] item: Leftovers
|turn|104
|
|switch|p2a: Toxapex|Toxapex, M|100/100 brn
|-damage|p2a: Toxapex|75/100 brn|[from] Spikes
|move|p1a: fun meta!|U-turn|p2a: Toxapex
|-resisted|p2a: Toxapex
|-damage|p2a: Toxapex|69/100 brn
|
|switch|p1a: Slowking|Slowking-Galar, F|65/100|[from] U-turn
|-damage|p1a: Slowking|53/100|[from] Stealth Rock
|
|-weather|Snow|[upkeep]
|-heal|p2a: Toxapex|75/100 brn|[from] item: Leftovers
|-heal|p1a: Slowking|59/100|[from] item: Black Sludge
|-damage|p2a: Toxapex|69/100 brn|[from] brn
|turn|105
|
|switch|p2a: Corviknight|Corviknight, F, tera:Water|37/100
|-damage|p2a: Corviknight|13/100|[from] Spikes
|-ability|p2a: Corviknight|Pressure
|move|p1a: Slowking|Future Sight|p2a: Corviknight
|-start|p1a: Slowking|move: Future Sight
|
|-weather|Snow|[upkeep]
|-heal|p1a: Slowking|65/100|[from] item: Black Sludge
|turn|106
|
|move|p2a: Corviknight|Roost|p2a: Corviknight
|-heal|p2a: Corviknight|63/100
|move|p1a: Slowking|Trick|p2a: Corviknight
|-activate|p1a: Slowking|move: Trick|[of] p2a: Corviknight
|-item|p2a: Corviknight|Black Sludge|[from] move: Trick
|-item|p1a: Slowking|Rocky Helmet|[from] move: Trick
|
|-weather|none
|-damage|p2a: Corviknight|50/100|[from] item: Black Sludge
|turn|107
|
|move|p2a: Corviknight|Roost|p2a: Corviknight
|-heal|p2a: Corviknight|100/100
|move|p1a: Slowking|Chilly Reception|p1a: Slowking
|-weather|Snow
|
|switch|p1a: Magearna|Magearna|93/100|[from] Chilly Reception
|-damage|p1a: Magearna|87/100|[from] Stealth Rock
|
|-weather|Snow|[upkeep]
|-end|p2a: Corviknight|move: Future Sight
|-damage|p2a: Corviknight|55/100
|-damage|p2a: Corviknight|43/100|[from] item: Black Sludge
|-heal|p1a: Magearna|93/100|[from] item: Leftovers
|turn|108
|
|move|p2a: Corviknight|Roost|p2a: Corviknight
|-heal|p2a: Corviknight|93/100
|move|p1a: Magearna|Volt Switch|p2a: Corviknight
|-supereffective|p2a: Corviknight
|-damage|p2a: Corviknight|55/100
|
|switch|p1a: Dragapult|Dragapult, F, tera:Ghost|23/100 tox|[from] Volt Switch
|-damage|p1a: Dragapult|10/100 tox|[from] Stealth Rock
|
|-weather|Snow|[upkeep]
|-damage|p2a: Corviknight|43/100|[from] item: Black Sludge
|-damage|p1a: Dragapult|4/100 tox|[from] psn
|turn|109
|
|switch|p2a: Hatterene|Hatterene, F|18/100
|-damage|p2a: Hatterene|0 fnt|[from] Spikes
|faint|p2a: Hatterene
|move|p1a: Dragapult|Shadow Ball|p2: Hatterene|[notarget]
|-fail|p1a: Dragapult
|
|-weather|Snow|[upkeep]
|-damage|p1a: Dragapult|0 fnt|[from] psn
|faint|p1a: Dragapult
|
|switch|p1a: Slowking|Slowking-Galar, F|98/100
|switch|p2a: Amoonguss|Amoonguss, F|84/100
|-damage|p2a: Amoonguss|59/100|[from] Spikes
|-damage|p1a: Slowking|86/100|[from] Stealth Rock
|turn|110
|
|switch|p2a: Corviknight|Corviknight, F, tera:Water|43/100
|-damage|p2a: Corviknight|18/100|[from] Spikes
|-ability|p2a: Corviknight|Pressure
|switch|p1a: Magearna|Magearna|93/100
|-damage|p1a: Magearna|87/100|[from] Stealth Rock
|
|-weather|Snow|[upkeep]
|-damage|p2a: Corviknight|6/100|[from] item: Black Sludge
|-heal|p1a: Magearna|93/100|[from] item: Leftovers
|turn|111
|-message|p2 forfeited.
|
|win|p1
