|poke|p1|Chien-Pao|
|poke|p1|Sneasler, F|
|poke|p1|Landorus-Therian, M|
|poke|p1|Samurott-Hisui, M|
|poke|p1|Gholdengo|
|poke|p1|Enamorus, F|
|poke|p2|Gholdengo|
|poke|p2|Zapdos|
|poke|p2|Zamazenta-*|
|poke|p2|Great Tusk|
|poke|p2|Volcanion|
|poke|p2|Ting-Lu|
|teampreview
|
|start
|switch|p1a: Enamorus|Enamorus, F|100/100
|switch|p2a: Fe|Zamazenta-Crowned|100/100
|-ability|p2a: Fe|Dauntless Shield|boost
|-boost|p2a: Fe|def|1
|turn|1
|
|switch|p1a: Landorus|Landorus-Therian, M|100/100
|-ability|p1a: Landorus|Intimidate|boost
|-unboost|p2a: Fe|atk|1
|move|p2a: Fe|Heavy Slam|p1a: Landorus
|-damage|p1a: Landorus|71/100
|
|-heal|p1a: Landorus|77/100|[from] item: Leftovers
|turn|2
|
|switch|p2a: Pb|Ting-Lu|100/100
|-ability|p2a: Pb|Vessel of Ruin
|move|p1a: Landorus|Stealth Rock|p2a: Pb
|-sidestart|p2: im ❤ coral|move: Stealth Rock
|
|-heal|p1a: Landorus|83/100|[from] item: Leftovers
|turn|3
|
|move|p1a: Landorus|U-turn|p2a: Pb
|-supereffective|p2a: Pb
|-damage|p2a: Pb|77/100
|
|switch|p1a: Enamorus|Enamorus, F|100/100|[from] U-turn
|move|p2a: Pb|Stealth Rock|p1a: Enamorus
|-sidestart|p1: Ctannn|move: Stealth Rock
|
|-heal|p2a: Pb|84/100|[from] item: Leftovers
|turn|4
|
|switch|p2a: Cu|Zapdos|100/100
|move|p1a: Enamorus|Superpower|p2a: Cu
|-resisted|p2a: Cu
|-damage|p2a: Cu|87/100
|-boost|p1a: Enamorus|atk|1
|-boost|p1a: Enamorus|def|1
|-status|p1a: Enamorus|par|[from] ability: Static|[of] p2a: Cu
|
|turn|5
|
|move|p2a: Cu|Hurricane|p1a: Enamorus
|-damage|p1a: Enamorus|40/100 par
|-start|p1a: Enamorus|confusion
|-activate|p1a: Enamorus|confusion
|-damage|p1a: Enamorus|24/100 par|[from] confusion
|
|turn|6
|
|switch|p1a: Landorus|Landorus-Therian, M|83/100
|-damage|p1a: Landorus|70/100|[from] Stealth Rock
|-ability|p1a: Landorus|Intimidate|boost
|-unboost|p2a: Cu|atk|1
|move|p2a: Cu|Hurricane|p1a: Landorus
|-damage|p1a: Landorus|33/100
|
|-heal|p1a: Landorus|39/100|[from] item: Leftovers
|turn|7
|
|move|p1a: Landorus|Protect|p1a: Landorus
|-singleturn|p1a: Landorus|Protect
|move|p2a: Cu|Hurricane|p1a: Landorus
|-activate|p1a: Landorus|move: Protect
|
|-heal|p1a: Landorus|45/100|[from] item: Leftovers
|turn|8
|
|move|p2a: Cu|Hurricane|p1a: Landorus
|-damage|p1a: Landorus|12/100
|move|p1a: Landorus|U-turn|p2a: Cu
|-resisted|p2a: Cu
|-damage|p2a: Cu|75/100
|-status|p1a: Landorus|par|[from] ability: Static|[of] p2a: Cu
|
|switch|p1a: Chien-Pao|Chien-Pao|100/100|[from] U-turn
|-ability|p1a: Chien-Pao|Sword of Ruin
|
|turn|9
|
|switch|p2a: Au|Gholdengo|100/100
|-damage|p2a: Au|94/100|[from] Stealth Rock
|move|p1a: Chien-Pao|Icicle Crash|p2a: Au
|-resisted|p2a: Au
|-damage|p2a: Au|75/100
|
|turn|10
|
|-terastallize|p2a: Au|Flying
|move|p1a: Chien-Pao|Crunch|p2a: Au
|-damage|p2a: Au|35/100
|-damage|p1a: Chien-Pao|84/100|[from] item: Rocky Helmet|[of] p2a: Au
|move|p2a: Au|Make It Rain|p1a: Chien-Pao
|-supereffective|p1a: Chien-Pao
|-damage|p1a: Chien-Pao|0 fnt
|-unboost|p2a: Au|spa|1
|faint|p1a: Chien-Pao
|
|
|switch|p1a: Sneasler|Sneasler, F|100/100
|turn|11
|
|move|p1a: Sneasler|Dire Claw|p2a: Au
|-damage|p2a: Au|2/100
|-status|p2a: Au|psn
|-damage|p1a: Sneasler|84/100|[from] item: Rocky Helmet|[of] p2a: Au
|move|p2a: Au|Thunder Wave|p1a: Sneasler
|-status|p1a: Sneasler|par
|
|-damage|p2a: Au|0 fnt|[from] psn
|faint|p2a: Au
|
|switch|p2a: Ca|Great Tusk|100/100
|-damage|p2a: Ca|98/100|[from] Stealth Rock
|turn|12
|
|switch|p1a: Gholdengo|Gholdengo|100/100
|-damage|p1a: Gholdengo|94/100|[from] Stealth Rock
|-item|p1a: Gholdengo|Air Balloon
|move|p2a: Ca|Rapid Spin|p1a: Gholdengo
|-immune|p1a: Gholdengo
|
|turn|13
|
|-end|p2a: Ca|Protosynthesis|[silent]
|switch|p2a: Pb|Ting-Lu|84/100
|-damage|p2a: Pb|77/100|[from] Stealth Rock
|-ability|p2a: Pb|Vessel of Ruin
|move|p1a: Gholdengo|Shadow Ball|p2a: Pb
|-resisted|p2a: Pb
|-damage|p2a: Pb|70/100
|
|-heal|p2a: Pb|76/100|[from] item: Leftovers
|turn|14
|
|switch|p1a: Samurott|Samurott-Hisui, M|100/100
|move|p2a: Pb|Spikes|p1a: Samurott
|-sidestart|p1: Ctannn|Spikes
|
|-heal|p2a: Pb|82/100|[from] item: Leftovers
|turn|15
|
|switch|p2a: Cu|Zapdos|75/100
|move|p1a: Samurott|Ceaseless Edge|p2a: Cu
|-damage|p2a: Cu|33/100
|-sidestart|p2: im ❤ coral|Spikes
|
|turn|16
|
|move|p2a: Cu|Volt Switch|p1a: Samurott
|-supereffective|p1a: Samurott
|-damage|p1a: Samurott|6/100
|
|switch|p2a: Ca|Great Tusk|98/100|[from] Volt Switch
|-damage|p2a: Ca|95/100|[from] Stealth Rock
|-damage|p2a: Ca|82/100|[from] Spikes
|move|p1a: Samurott|Ceaseless Edge|p2a: Ca
|-resisted|p2a: Ca
|-damage|p2a: Ca|69/100
|-sidestart|p2: im ❤ coral|Spikes
|
|turn|17
|
|move|p1a: Samurott|Hydro Pump|p2a: Ca
|-supereffective|p2a: Ca
|-damage|p2a: Ca|16/100
|move|p2a: Ca|Ice Spinner|p1a: Samurott
|-resisted|p1a: Samurott
|-damage|p1a: Samurott|0 fnt
|faint|p1a: Samurott
|
|
|switch|p1a: Gholdengo|Gholdengo|94/100
|-damage|p1a: Gholdengo|88/100|[from] Stealth Rock
|-item|p1a: Gholdengo|Air Balloon
|turn|18
|
|move|p2a: Ca|Ice Spinner|p1a: Gholdengo
|-resisted|p1a: Gholdengo
|-damage|p1a: Gholdengo|80/100
|-enditem|p1a: Gholdengo|Air Balloon
|move|p1a: Gholdengo|Shadow Ball|p2a: Ca
|-damage|p2a: Ca|0 fnt
|faint|p2a: Ca
|-end|p2a: Ca|Protosynthesis|[silent]
|
|
|switch|p2a: Pb|Ting-Lu|82/100
|-damage|p2a: Pb|76/100|[from] Stealth Rock
|-damage|p2a: Pb|59/100|[from] Spikes
|-ability|p2a: Pb|Vessel of Ruin
|turn|19
|
|move|p1a: Gholdengo|Recover|p1a: Gholdengo
|-heal|p1a: Gholdengo|100/100
|move|p2a: Pb|Whirlwind|p1a: Gholdengo
|-immune|p1a: Gholdengo|[from] ability: Good as Gold
|
|-heal|p2a: Pb|66/100|[from] item: Leftovers
|turn|20
|
|move|p1a: Gholdengo|Shadow Ball|p2a: Pb
|-resisted|p2a: Pb
|-damage|p2a: Pb|58/100
|move|p2a: Pb|Ruination|p1a: Gholdengo
|-damage|p1a: Gholdengo|50/100
|
|-heal|p2a: Pb|64/100|[from] item: Leftovers
|turn|21
|
|move|p1a: Gholdengo|Shadow Ball|p2a: Pb
|-resisted|p2a: Pb
|-crit|p2a: Pb
|-damage|p2a: Pb|52/100
|move|p2a: Pb|Spikes|p1a: Gholdengo
|-sidestart|p1: Ctannn|Spikes
|
|-heal|p2a: Pb|58/100|[from] item: Leftovers
|turn|22
|
|move|p1a: Gholdengo|Shadow Ball|p2a: Pb
|-resisted|p2a: Pb
|-damage|p2a: Pb|50/100
|move|p2a: Pb|Spikes|p1a: Gholdengo
|-sidestart|p1: Ctannn|Spikes
|
|-heal|p2a: Pb|57/100|[from] item: Leftovers
|turn|23
|
|move|p1a: Gholdengo|Shadow Ball|p2a: Pb
|-resisted|p2a: Pb
|-damage|p2a: Pb|49/100
|-unboost|p2a: Pb|spd|1
|move|p2a: Pb|Ruination|p1a: Gholdengo
|-damage|p1a: Gholdengo|26/100
|
|-heal|p2a: Pb|55/100|[from] item: Leftovers
|turn|24
|
|switch|p2a: Cu|Zapdos|33/100
|move|p1a: Gholdengo|Shadow Ball|p2a: Cu
|-damage|p2a: Cu|0 fnt
|faint|p2a: Cu
|
|
|switch|p2a: S|Volcanion|100/100
|-damage|p2a: S|76/100|[from] Stealth Rock
|-damage|p2a: S|59/100|[from] Spikes
|turn|25
|
|move|p2a: S|Flamethrower|p1a: Gholdengo
|-supereffective|p1a: Gholdengo
|-crit|p1a: Gholdengo
|-damage|p1a: Gholdengo|0 fnt
|faint|p1a: Gholdengo
|
|
|switch|p1a: Sneasler|Sneasler, F|84/100 par
|turn|26
|
|-terastallize|p1a: Sneasler|Fire
|move|p2a: S|Flamethrower|p1a: Sneasler
|-resisted|p1a: Sneasler
|-damage|p1a: Sneasler|53/100 par
|move|p1a: Sneasler|Dire Claw|p2a: S
|-damage|p2a: S|17/100
|-status|p2a: S|slp
|
|turn|27
|
|cant|p2a: S|slp
|move|p1a: Sneasler|Dire Claw|p2a: S
|-damage|p2a: S|0 fnt
|faint|p2a: S
|
|
|switch|p2a: Pb|Ting-Lu|55/100
|-damage|p2a: Pb|49/100|[from] Stealth Rock
|-damage|p2a: Pb|33/100|[from] Spikes
|-ability|p2a: Pb|Vessel of Ruin
|turn|28
|
|move|p1a: Sneasler|U-turn|p2a: Pb
|-supereffective|p2a: Pb
|-damage|p2a: Pb|7/100
|-status|p2a: Pb|psn|[from] ability: Poison Touch|[of] p1a: Sneasler
|
|switch|p1a: Enamorus|Enamorus, F|24/100 par|[from] U-turn
|-damage|p1a: Enamorus|0 fnt|[from] Stealth Rock
|faint|p1a: Enamorus
|move|p2a: Pb|Whirlwind|p1: Enamorus|[notarget]
|-fail|p2a: Pb
|
|-heal|p2a: Pb|13/100 psn|[from] item: Leftovers
|-damage|p2a: Pb|1/100 psn|[from] psn
|
|switch|p1a: Sneasler|Sneasler, F, tera:Fire|53/100 par
|turn|29
|
|cant|p1a: Sneasler|par
|move|p2a: Pb|Ruination|p1a: Sneasler
|-damage|p1a: Sneasler|27/100 par
|
|-heal|p2a: Pb|7/100 psn|[from] item: Leftovers
|-damage|p2a: Pb|0 fnt|[from] psn
|faint|p2a: Pb
|
|switch|p2a: Fe|Zamazenta-Crowned|100/100
|-damage|p2a: Fe|98/100|[from] Stealth Rock
|-damage|p2a: Fe|81/100|[from] Spikes
|turn|30
|
|move|p2a: Fe|Body Press|p1a: Sneasler
|-damage|p1a: Sneasler|0 fnt
|faint|p1a: Sneasler
|
|-message|Ctannn forfeited.
|
|win|im ❤ coral
