# advantage = p1
|poke|p1|Torkoal, F|
|poke|p1|Walking Wake|
|poke|p1|Iron Valiant|
|poke|p1|Ceruledge, M|
|poke|p1|Ting-Lu|
|poke|p1|Lilligant-Hisui, F|
|poke|p2|Ursaluna, M|
|poke|p2|Slowking-Galar, M|
|poke|p2|Magearna|
|poke|p2|Glastrier|
|poke|p2|Cresselia, F|
|poke|p2|Kingambit, M|
|teampreview
|
|start
|switch|p1a: ise giso|Ting-Lu|100/100
|switch|p2a: My Glorious King|Slowking-Galar, M|100/100
|-ability|p1a: ise giso|Vessel of Ruin
|turn|1
|
|move|p1a: ise giso|Stealth Rock|p2a: My Glorious King
|-sidestart|p2: p2|move: Stealth Rock
|move|p2a: My Glorious King|Trick Room|p2a: My Glorious King
|-fieldstart|move: Trick Room|[of] p2a: My Glorious King
|
|turn|2
|
|move|p2a: My Glorious King|Chilly Reception|p2a: My Glorious King
|-weather|Snow
|
|switch|p2a: Cocaine Bear|Ursaluna, M|100/100|[from] Chilly Reception
|-damage|p2a: Cocaine Bear|94/100|[from] Stealth Rock
|move|p1a: ise giso|Whirlwind|p2a: Cocaine Bear
|drag|p2a: ZacianCustoms|Cresselia, F|100/100
|-damage|p2a: ZacianCustoms|88/100|[from] Stealth Rock
|
|-weather|Snow|[upkeep]
|turn|3
|
|move|p1a: ise giso|Spikes|p2a: ZacianCustoms
|-sidestart|p2: p2|Spikes
|move|p2a: ZacianCustoms|Reflect|p2a: ZacianCustoms
|-sidestart|p2: p2|Reflect
|
|-weather|Snow|[upkeep]
|turn|4
|
|move|p1a: ise giso|Spikes|p2a: ZacianCustoms
|-sidestart|p2: p2|Spikes
|move|p2a: ZacianCustoms|Light Screen|p2a: ZacianCustoms
|-sidestart|p2: p2|move: Light Screen
|
|-weather|Snow|[upkeep]
|turn|5
|
|move|p1a: ise giso|Spikes|p2a: ZacianCustoms
|-sidestart|p2: p2|Spikes
|move|p2a: ZacianCustoms|Light Screen||[still]
|-fail|p2a: ZacianCustoms
|
|-weather|Snow|[upkeep]
|-fieldend|move: Trick Room
|turn|6
|
|move|p1a: ise giso|Whirlwind|p2a: ZacianCustoms
|drag|p2a: My Glorious King|Slowking-Galar, M|100/100
|-damage|p2a: My Glorious King|88/100|[from] Stealth Rock
|-damage|p2a: My Glorious King|63/100|[from] Spikes
|
|-weather|none
|-heal|p2a: My Glorious King|69/100|[from] item: Leftovers
|turn|7
|
|move|p1a: ise giso|Earthquake|p2a: My Glorious King
|-supereffective|p2a: My Glorious King
|-damage|p2a: My Glorious King|40/100
|move|p2a: My Glorious King|Trick Room|p2a: My Glorious King
|-fieldstart|move: Trick Room|[of] p2a: My Glorious King
|
|-heal|p2a: My Glorious King|46/100|[from] item: Leftovers
|turn|8
|
|move|p2a: My Glorious King|Chilly Reception|p2a: My Glorious King
|-weather|Snow
|
|switch|p2a: Bojack|Glastrier|100/100|[from] Chilly Reception
|-damage|p2a: Bojack|76/100|[from] Stealth Rock
|-damage|p2a: Bojack|51/100|[from] Spikes
|move|p1a: ise giso|Whirlwind|p2a: Bojack
|drag|p2a: Ou Forever|Magearna|100/100
|-damage|p2a: Ou Forever|94/100|[from] Stealth Rock
|-damage|p2a: Ou Forever|69/100|[from] Spikes
|
|-weather|Snow|[upkeep]
|turn|9
|
|move|p1a: ise giso|Earthquake|p2a: Ou Forever
|-supereffective|p2a: Ou Forever
|-damage|p2a: Ou Forever|36/100
|move|p2a: Ou Forever|Calm Mind|p2a: Ou Forever
|-boost|p2a: Ou Forever|spa|1
|-boost|p2a: Ou Forever|spd|1
|
|-weather|Snow|[upkeep]
|turn|10
|
|move|p2a: Ou Forever|Fleur Cannon|p1a: ise giso
|-supereffective|p1a: ise giso
|-damage|p1a: ise giso|0 fnt
|-unboost|p2a: Ou Forever|spa|2
|-enditem|p2a: Ou Forever|Eject Pack
|faint|p1a: ise giso
|-ability|p2a: Ou Forever|Soul-Heart|boost
|-boost|p2a: Ou Forever|spa|1
|
|switch|p2a: Cocaine Bear|Ursaluna, M|94/100
|-damage|p2a: Cocaine Bear|88/100|[from] Stealth Rock
|-damage|p2a: Cocaine Bear|64/100|[from] Spikes
|
|-weather|Snow|[upkeep]
|-sideend|p2: p2|Reflect
|-status|p2a: Cocaine Bear|brn|[from] item: Flame Orb
|
|switch|p1a: Ceruledge|Ceruledge, M|100/100
|turn|11
|
|move|p1a: Ceruledge|Endure|p1a: Ceruledge
|-singleturn|p1a: Ceruledge|move: Endure
|move|p2a: Cocaine Bear|Earthquake|p1a: Ceruledge
|-supereffective|p1a: Ceruledge
|-activate|p1a: Ceruledge|move: Endure
|-damage|p1a: Ceruledge|1/100
|-ability|p1a: Ceruledge|Weak Armor|boost
|-unboost|p1a: Ceruledge|def|1
|-boost|p1a: Ceruledge|spe|2
|
|-weather|Snow|[upkeep]
|-heal|p1a: Ceruledge|7/100|[from] item: Leftovers
|-damage|p2a: Cocaine Bear|58/100 brn|[from] brn
|-sideend|p2: p2|move: Light Screen
|-fieldend|move: Trick Room
|turn|12
|
|move|p1a: Ceruledge|Close Combat|p2a: Cocaine Bear
|-supereffective|p2a: Cocaine Bear
|-damage|p2a: Cocaine Bear|0 fnt
|-unboost|p1a: Ceruledge|def|1
|-unboost|p1a: Ceruledge|spd|1
|faint|p2a: Cocaine Bear
|
|-weather|none
|-heal|p1a: Ceruledge|13/100|[from] item: Leftovers
|
|switch|p2a: ZacianCustoms|Cresselia, F|88/100
|-damage|p2a: ZacianCustoms|76/100|[from] Stealth Rock
|turn|13
|
|move|p1a: Ceruledge|Bitter Blade|p2a: ZacianCustoms
|-damage|p2a: ZacianCustoms|44/100
|-heal|p1a: Ceruledge|38/100|[from] drain|[of] p2a: ZacianCustoms
|move|p2a: ZacianCustoms|Reflect|p2a: ZacianCustoms
|-sidestart|p2: p2|Reflect
|
|-heal|p1a: Ceruledge|44/100|[from] item: Leftovers
|turn|14
|
|move|p1a: Ceruledge|Bulk Up|p1a: Ceruledge
|-boost|p1a: Ceruledge|atk|1
|-boost|p1a: Ceruledge|def|1
|move|p2a: ZacianCustoms|Trick Room|p2a: ZacianCustoms
|-fieldstart|move: Trick Room|[of] p2a: ZacianCustoms
|
|-heal|p1a: Ceruledge|50/100|[from] item: Leftovers
|turn|15
|
|move|p2a: ZacianCustoms|Lunar Dance|p2a: ZacianCustoms
|faint|p2a: ZacianCustoms
|move|p1a: Ceruledge|Bulk Up|p1a: Ceruledge
|-boost|p1a: Ceruledge|atk|1
|-boost|p1a: Ceruledge|def|1
|
|-heal|p1a: Ceruledge|56/100|[from] item: Leftovers
|
|switch|p2a: Bojack|Glastrier|51/100
|-heal|p2a: Bojack|100/100|[from] move: Lunar Dance
|-damage|p2a: Bojack|76/100|[from] Stealth Rock
|-damage|p2a: Bojack|51/100|[from] Spikes
|turn|16
|
|move|p2a: Bojack|Crunch|p1a: Ceruledge
|-supereffective|p1a: Ceruledge
|-damage|p1a: Ceruledge|0 fnt
|faint|p1a: Ceruledge
|-ability|p2a: Bojack|Chilling Neigh|boost
|-boost|p2a: Bojack|atk|1
|-damage|p2a: Bojack|41/100|[from] item: Life Orb
|
|
|switch|p1a: mbappe|Torkoal, F|100/100
|-weather|SunnyDay|[from] ability: Drought|[of] p1a: mbappe
|turn|17
|
|-terastallize|p2a: Bojack|Fighting
|move|p1a: mbappe|Yawn|p2a: Bojack
|-start|p2a: Bojack|move: Yawn|[of] p1a: mbappe
|move|p2a: Bojack|Swords Dance|p2a: Bojack
|-boost|p2a: Bojack|atk|2
|
|-weather|SunnyDay|[upkeep]
|turn|18
|
|move|p1a: mbappe|Lava Plume|p2a: Bojack
|-damage|p2a: Bojack|15/100
|-status|p2a: Bojack|brn
|move|p2a: Bojack|Close Combat|p1a: mbappe
|-damage|p1a: mbappe|31/100
|-unboost|p2a: Bojack|def|1
|-unboost|p2a: Bojack|spd|1
|-damage|p2a: Bojack|5/100 brn|[from] item: Life Orb
|
|-weather|SunnyDay|[upkeep]
|-damage|p2a: Bojack|0 fnt|[from] brn
|faint|p2a: Bojack
|-fieldend|move: Trick Room
|
|switch|p2a: My Glorious King|Slowking-Galar, M|79/100
|-damage|p2a: My Glorious King|66/100|[from] Stealth Rock
|-damage|p2a: My Glorious King|42/100|[from] Spikes
|turn|19
|
|switch|p1a: Lilligant|Lilligant-Hisui, F|100/100
|move|p2a: My Glorious King|Future Sight|p1a: Lilligant
|-start|p2a: My Glorious King|move: Future Sight
|
|-weather|SunnyDay|[upkeep]
|-heal|p2a: My Glorious King|48/100|[from] item: Leftovers
|turn|20
|
|move|p1a: Lilligant|Victory Dance|p1a: Lilligant
|-boost|p1a: Lilligant|atk|1
|-boost|p1a: Lilligant|def|1
|-boost|p1a: Lilligant|spe|1
|move|p2a: My Glorious King|Trick Room|p2a: My Glorious King
|-fieldstart|move: Trick Room|[of] p2a: My Glorious King
|
|-weather|SunnyDay|[upkeep]
|-heal|p2a: My Glorious King|54/100|[from] item: Leftovers
|-sideend|p2: p2|Reflect
|turn|21
|
|move|p2a: My Glorious King|Flamethrower|p1a: Lilligant
|-supereffective|p1a: Lilligant
|-damage|p1a: Lilligant|4/100
|move|p1a: Lilligant|Solar Blade||[still]
|-prepare|p1a: Lilligant|Solar Blade
|-anim|p1a: Lilligant|Solar Blade|p2a: My Glorious King
|-resisted|p2a: My Glorious King
|-damage|p2a: My Glorious King|18/100
|
|-weather|SunnyDay|[upkeep]
|-end|p1a: Lilligant|move: Future Sight
|-supereffective|p1a: Lilligant
|-damage|p1a: Lilligant|0 fnt
|faint|p1a: Lilligant
|-heal|p2a: My Glorious King|24/100|[from] item: Leftovers
|
|switch|p1a: george's dinosaur|Walking Wake|100/100
|-activate|p1a: george's dinosaur|ability: Protosynthesis
|-start|p1a: george's dinosaur|protosynthesisspa
|turn|22
|
|-end|p1a: george's dinosaur|Protosynthesis|[silent]
|switch|p1a: Iron Valiant|Iron Valiant|100/100
|-enditem|p1a: Iron Valiant|Booster Energy
|-activate|p1a: Iron Valiant|ability: Quark Drive|[fromitem]
|-start|p1a: Iron Valiant|quarkdrivespe
|move|p2a: My Glorious King|Future Sight|p1a: Iron Valiant
|-start|p2a: My Glorious King|move: Future Sight
|
|-weather|SunnyDay|[upkeep]
|-heal|p2a: My Glorious King|30/100|[from] item: Leftovers
|turn|23
|
|move|p2a: My Glorious King|Flamethrower|p1a: Iron Valiant
|-damage|p1a: Iron Valiant|33/100
|move|p1a: Iron Valiant|Moonblast|p2a: My Glorious King
|-resisted|p2a: My Glorious King
|-damage|p2a: My Glorious King|15/100
|-unboost|p2a: My Glorious King|spa|1
|
|-weather|SunnyDay|[upkeep]
|-heal|p2a: My Glorious King|21/100|[from] item: Leftovers
|turn|24
|
|move|p2a: My Glorious King|Flamethrower|p1a: Iron Valiant
|-damage|p1a: Iron Valiant|0 fnt
|faint|p1a: Iron Valiant
|-end|p1a: Iron Valiant|Quark Drive|[silent]
|
|-weather|none
|-hint|Future Sight did not hit because the target is fainted.
|-heal|p2a: My Glorious King|27/100|[from] item: Leftovers
|-fieldend|move: Trick Room
|
|switch|p1a: george's dinosaur|Walking Wake|100/100
|turn|25
|
|move|p1a: george's dinosaur|Flamethrower|p2a: My Glorious King
|-damage|p2a: My Glorious King|6/100
|move|p2a: My Glorious King|Trick Room|p2a: My Glorious King
|-fieldstart|move: Trick Room|[of] p2a: My Glorious King
|
|-heal|p2a: My Glorious King|12/100|[from] item: Leftovers
|turn|26
|
|move|p2a: My Glorious King|Future Sight|p1a: george's dinosaur
|-start|p2a: My Glorious King|move: Future Sight
|move|p1a: george's dinosaur|Flamethrower|p2a: My Glorious King
|-damage|p2a: My Glorious King|0 fnt
|faint|p2a: My Glorious King
|
|
|switch|p2a: Kingambit|Kingambit, M|100/100
|-damage|p2a: Kingambit|94/100|[from] Stealth Rock
|-damage|p2a: Kingambit|69/100|[from] Spikes
|-activate|p2a: Kingambit|ability: Supreme Overlord
|-start|p2a: Kingambit|fallen4|[silent]
|turn|27
|
|-terastallize|p1a: george's dinosaur|Steel
|move|p2a: Kingambit|Kowtow Cleave|p1a: george's dinosaur
|-damage|p1a: george's dinosaur|2/100
|move|p1a: george's dinosaur|Flamethrower|p2a: Kingambit
|-supereffective|p2a: Kingambit
|-damage|p2a: Kingambit|0 fnt
|faint|p2a: Kingambit
|-end|p2a: Kingambit|fallen4|[silent]
|
|
|switch|p2a: Ou Forever|Magearna|36/100
|-damage|p2a: Ou Forever|30/100|[from] Stealth Rock
|-damage|p2a: Ou Forever|5/100|[from] Spikes
|turn|28
|
|move|p2a: Ou Forever|Fleur Cannon|p1a: george's dinosaur
|-resisted|p1a: george's dinosaur
|-damage|p1a: george's dinosaur|0 fnt
|-unboost|p2a: Ou Forever|spa|2
|faint|p1a: george's dinosaur
|-ability|p2a: Ou Forever|Soul-Heart|boost
|-boost|p2a: Ou Forever|spa|1
|-end|p1a: george's dinosaur|Protosynthesis|[silent]
|
|-hint|Future Sight did not hit because the target is fainted.
|
|switch|p1a: mbappe|Torkoal, F|31/100
|-weather|SunnyDay|[from] ability: Drought|[of] p1a: mbappe
|turn|29
|
|move|p1a: mbappe|Lava Plume|p2a: Ou Forever
|-supereffective|p2a: Ou Forever
|-damage|p2a: Ou Forever|0 fnt
|faint|p2a: Ou Forever
|
|win|p1
