# advantage = p2
|poke|p1|Chien-Pao|
|poke|p1|Landorus-Therian, M|
|poke|p1|Kingambit, M|
|poke|p1|Zamazenta-*|
|poke|p1|Arcanine-Hisui, M|
|poke|p1|Zapdos|
|poke|p2|Glimmora, M|
|poke|p2|Zamazenta-*|
|poke|p2|Azumarill, F|
|poke|p2|Zapdos|
|poke|p2|Dragapult, M|
|poke|p2|Magearna|
|teampreview
|
|start
|switch|p1a: Zapdos|Zapdos|100/100
|switch|p2a: Magearna|Magearna|100/100
|turn|1
|
|move|p1a: Zapdos|Volt Switch|p2a: Magearna
|-damage|p2a: Magearna|71/100
|
|switch|p1a: Arcanine|Arcanine-Hisui, M|100/100|[from] Volt Switch
|move|p2a: Magearna|Volt Switch|p1a: Arcanine
|-damage|p1a: Arcanine|69/100
|
|switch|p2a: Glimmora|Glimmora, M|100/100|[from] Volt Switch
|
|turn|2
|
|switch|p1a: Zapdos|Zapdos|100/100
|move|p2a: Glimmora|Stealth Rock|p1a: Zapdos
|-sidestart|p1: p1|move: Stealth Rock
|
|turn|3
|
|move|p1a: Zapdos|Thunderbolt|p2a: Glimmora
|-damage|p2a: Glimmora|47/100
|move|p2a: Glimmora|Mortal Spin|p1a: Zapdos
|-damage|p1a: Zapdos|93/100
|-status|p1a: Zapdos|psn
|
|-damage|p1a: Zapdos|81/100 psn|[from] psn
|turn|4
|
|move|p1a: Zapdos|Thunderbolt|p2a: Glimmora
|-damage|p2a: Glimmora|0 fnt
|faint|p2a: Glimmora
|
|-damage|p1a: Zapdos|69/100 psn|[from] psn
|
|switch|p2a: Zamazenta|Zamazenta|100/100
|-ability|p2a: Zamazenta|Dauntless Shield|boost
|-boost|p2a: Zamazenta|def|1
|turn|5
|
|move|p2a: Zamazenta|Stone Edge|p1a: Zapdos
|-supereffective|p1a: Zapdos
|-damage|p1a: Zapdos|0 fnt
|faint|p1a: Zapdos
|
|
|switch|p1a: Landorus|Landorus-Therian, M|100/100
|-damage|p1a: Landorus|88/100|[from] Stealth Rock
|-ability|p1a: Landorus|Intimidate|boost
|-unboost|p2a: Zamazenta|atk|1
|turn|6
|
|move|p2a: Zamazenta|Crunch|p1a: Landorus
|-damage|p1a: Landorus|75/100
|-unboost|p1a: Landorus|def|1
|move|p1a: Landorus|Taunt|p2a: Zamazenta
|-start|p2a: Zamazenta|move: Taunt
|
|-heal|p1a: Landorus|81/100|[from] item: Leftovers
|turn|7
|
|move|p2a: Zamazenta|Crunch|p1a: Landorus
|-damage|p1a: Landorus|63/100
|move|p1a: Landorus|Earthquake|p2a: Zamazenta
|-damage|p2a: Zamazenta|71/100
|
|-heal|p1a: Landorus|69/100|[from] item: Leftovers
|turn|8
|
|move|p2a: Zamazenta|Crunch|p1a: Landorus
|-damage|p1a: Landorus|47/100
|move|p1a: Landorus|Earthquake|p2a: Zamazenta
|-damage|p2a: Zamazenta|42/100
|
|-heal|p1a: Landorus|53/100|[from] item: Leftovers
|turn|9
|
|move|p2a: Zamazenta|Close Combat|p1a: Landorus
|-resisted|p1a: Landorus
|-damage|p1a: Landorus|30/100
|-unboost|p2a: Zamazenta|def|1
|-unboost|p2a: Zamazenta|spd|1
|move|p1a: Landorus|Earthquake|p2a: Zamazenta
|-damage|p2a: Zamazenta|0 fnt
|faint|p2a: Zamazenta
|
|-heal|p1a: Landorus|36/100|[from] item: Leftovers
|
|switch|p2a: Dragapult|Dragapult, M|100/100
|turn|10
|
|move|p2a: Dragapult|Fire Blast|p1a: Landorus
|-damage|p1a: Landorus|0 fnt
|faint|p1a: Landorus
|-damage|p2a: Dragapult|91/100|[from] item: Life Orb
|
|
|switch|p1a: Arcanine|Arcanine-Hisui, M|69/100
|-damage|p1a: Arcanine|44/100|[from] Stealth Rock
|turn|11
|
|switch|p2a: Zapdos|Zapdos|100/100
|move|p1a: Arcanine|Head Smash|p2a: Zapdos
|-supereffective|p2a: Zapdos
|-crit|p2a: Zapdos
|-damage|p2a: Zapdos|0 fnt
|-status|p1a: Arcanine|par|[from] ability: Static|[of] p2a: Zapdos
|faint|p2a: Zapdos
|
|
|switch|p2a: Magearna|Magearna|71/100
|turn|12
|
|switch|p1a: Zamazenta|Zamazenta|100/100
|-damage|p1a: Zamazenta|94/100|[from] Stealth Rock
|-ability|p1a: Zamazenta|Dauntless Shield|boost
|-boost|p1a: Zamazenta|def|1
|move|p2a: Magearna|Flash Cannon|p1a: Zamazenta
|-damage|p1a: Zamazenta|49/100
|
|-heal|p2a: Magearna|77/100|[from] item: Leftovers
|turn|13
|
|move|p1a: Zamazenta|Close Combat|p2a: Magearna
|-damage|p2a: Magearna|12/100
|-unboost|p1a: Zamazenta|def|1
|-unboost|p1a: Zamazenta|spd|1
|-damage|p1a: Zamazenta|39/100|[from] item: Life Orb
|move|p2a: Magearna|Draining Kiss|p1a: Zamazenta
|-supereffective|p1a: Zamazenta
|-damage|p1a: Zamazenta|0 fnt
|-heal|p2a: Magearna|38/100|[from] drain|[of] p1a: Zamazenta
|faint|p1a: Zamazenta
|-ability|p2a: Magearna|Soul-Heart|boost
|-boost|p2a: Magearna|spa|1
|
|-heal|p2a: Magearna|44/100|[from] item: Leftovers
|
|switch|p1a: Arcanine|Arcanine-Hisui, M|44/100 par
|-damage|p1a: Arcanine|20/100 par|[from] Stealth Rock
|turn|14
|
|move|p1a: Arcanine|Flare Blitz|p2a: Magearna
|-supereffective|p2a: Magearna
|-damage|p2a: Magearna|0 fnt
|faint|p2a: Magearna
|
|
|switch|p2a: Azumarill|Azumarill, F, shiny|100/100
|turn|15
|
|move|p2a: Azumarill|Aqua Jet|p1a: Arcanine
|-supereffective|p1a: Arcanine
|-damage|p1a: Arcanine|0 fnt
|faint|p1a: Arcanine
|
|
|switch|p1a: Chien-Pao|Chien-Pao|100/100
|-ability|p1a: Chien-Pao|Sword of Ruin
|turn|16
|
|move|p1a: Chien-Pao|Crunch|p2a: Azumarill
|-resisted|p2a: Azumarill
|-damage|p2a: Azumarill|72/100
|move|p2a: Azumarill|Play Rough|p1a: Chien-Pao
|-supereffective|p1a: Chien-Pao
|-damage|p1a: Chien-Pao|0 fnt
|faint|p1a: Chien-Pao
|
|
|switch|p1a: Kingambit|Kingambit, M|100/100
|-damage|p1a: Kingambit|94/100|[from] Stealth Rock
|-activate|p1a: Kingambit|ability: Supreme Overlord
|-start|p1a: Kingambit|fallen5|[silent]
|turn|17
|
|move|p1a: Kingambit|Iron Head|p2a: Azumarill
|-damage|p2a: Azumarill|4/100
|-enditem|p2a: Azumarill|Sitrus Berry|[eat]
|-heal|p2a: Azumarill|29/100|[from] item: Sitrus Berry
|move|p2a: Azumarill|Liquidation|p1a: Kingambit
|-damage|p1a: Kingambit|53/100
|
|turn|18
|
|-terastallize|p2a: Azumarill|Water
|move|p2a: Azumarill|Aqua Jet|p1a: Kingambit
|-crit|p1a: Kingambit
|-damage|p1a: Kingambit|12/100
|move|p1a: Kingambit|Iron Head|p2a: Azumarill
|-resisted|p2a: Azumarill
|-damage|p2a: Azumarill|0 fnt
|faint|p2a: Azumarill
|
|
|switch|p2a: Dragapult|Dragapult, M|91/100
|turn|19
|
|-terastallize|p1a: Kingambit|Dark
|move|p1a: Kingambit|Sucker Punch|p2a: Dragapult
|-supereffective|p2a: Dragapult
|-damage|p2a: Dragapult|0 fnt
|faint|p2a: Dragapult
|
|win|p1
