# advantage = p1
|poke|p1|Zamazenta-*|
|poke|p1|Scream Tail|
|poke|p1|Tornadus-Therian, M|
|poke|p1|Torkoal, F|
|poke|p1|Alomomola, M|
|poke|p1|Goodra-Hisui, M|
|poke|p2|Decidueye-Hisui, M|
|poke|p2|Cresselia, F|
|poke|p2|Zapdos|
|poke|p2|Camerupt, M|
|poke|p2|Enamorus-Therian, F|
|poke|p2|Kingambit, F|
|teampreview
|
|start
|switch|p1a: Scream Tail|Scream Tail|100/100
|switch|p2a: Camerupt|Camerupt, M|100/100
|turn|1
|
|move|p1a: Scream Tail|Stealth Rock|p2a: Camerupt
|-sidestart|p2: p2|move: Stealth Rock
|move|p2a: Camerupt|Stealth Rock|p1a: Scream Tail
|-sidestart|p1: p1|move: Stealth Rock
|
|turn|2
|
|switch|p2a: Zapdos|Zapdos|100/100
|move|p1a: Scream Tail|Wish|p1a: Scream Tail
|
|turn|3
|
|-end|p1a: Scream Tail|Protosynthesis|[silent]
|switch|p1a: Torkoal|Torkoal, F|100/100
|-damage|p1a: Torkoal|75/100|[from] Stealth Rock
|-weather|SunnyDay|[from] ability: Drought|[of] p1a: Torkoal
|move|p2a: Zapdos|Volt Switch|p1a: Torkoal
|-damage|p1a: Torkoal|52/100
|
|switch|p2a: Camerupt|Camerupt, M|100/100|[from] Volt Switch
|-damage|p2a: Camerupt|88/100|[from] Stealth Rock
|
|-weather|SunnyDay|[upkeep]
|-heal|p1a: Torkoal|100/100|[from] move: Wish|[wisher] Scream Tail
|turn|4
|
|move|p2a: Camerupt|Earth Power|p1a: Torkoal
|-supereffective|p1a: Torkoal
|-damage|p1a: Torkoal|30/100
|move|p1a: Torkoal|Rapid Spin|p2a: Camerupt
|-damage|p2a: Camerupt|76/100
|-boost|p1a: Torkoal|spe|1
|-sideend|p1: p1|Stealth Rock|[from] move: Rapid Spin|[of] p1a: Torkoal
|
|-weather|SunnyDay|[upkeep]
|turn|5
|
|switch|p1a: Tornadus|Tornadus-Therian, M|100/100
|move|p2a: Camerupt|Earth Power|p1a: Tornadus
|-immune|p1a: Tornadus
|
|-weather|SunnyDay|[upkeep]
|turn|6
|
|move|p1a: Tornadus|U-turn|p2a: Camerupt
|-resisted|p2a: Camerupt
|-damage|p2a: Camerupt|65/100
|
|switch|p1a: Alomomola|Alomomola, M|100/100|[from] U-turn
|move|p2a: Camerupt|Fire Blast|p1a: Alomomola
|-resisted|p1a: Alomomola
|-damage|p1a: Alomomola|56/100
|
|-weather|SunnyDay|[upkeep]
|-heal|p1a: Alomomola|62/100|[from] item: Leftovers
|turn|7
|
|move|p1a: Alomomola|Whirlpool|p2a: Camerupt
|-supereffective|p2a: Camerupt
|-damage|p2a: Camerupt|55/100
|-activate|p2a: Camerupt|move: Whirlpool|[of] p1a: Alomomola
|-enditem|p2a: Camerupt|Weakness Policy
|-boost|p2a: Camerupt|atk|2|[from] item: Weakness Policy
|-boost|p2a: Camerupt|spa|2|[from] item: Weakness Policy
|move|p2a: Camerupt|Earth Power|p1a: Alomomola
|-damage|p1a: Alomomola|0 fnt
|faint|p1a: Alomomola
|
|-weather|none
|-end|p2a: Camerupt|Whirlpool|[partiallytrapped]|[silent]
|
|switch|p1a: Zamazenta|Zamazenta|100/100
|-ability|p1a: Zamazenta|Dauntless Shield|boost
|-boost|p1a: Zamazenta|def|1
|turn|8
|
|move|p1a: Zamazenta|Close Combat|p2a: Camerupt
|-crit|p2a: Camerupt
|-damage|p2a: Camerupt|0 fnt
|-unboost|p1a: Zamazenta|def|1
|-unboost|p1a: Zamazenta|spd|1
|faint|p2a: Camerupt
|
|
|switch|p2a: Zapdos|Zapdos|100/100
|turn|9
|
|switch|p1a: Scream Tail|Scream Tail|100/100
|move|p2a: Zapdos|Hurricane|p1a: Scream Tail|[miss]
|-miss|p2a: Zapdos|p1a: Scream Tail
|
|turn|10
|
|move|p1a: Scream Tail|Wish|p1a: Scream Tail
|move|p2a: Zapdos|Hurricane|p1a: Scream Tail|[miss]
|-miss|p2a: Zapdos|p1a: Scream Tail
|
|turn|11
|
|-end|p1a: Scream Tail|Protosynthesis|[silent]
|switch|p1a: Torkoal|Torkoal, F|30/100
|-weather|SunnyDay|[from] ability: Drought|[of] p1a: Torkoal
|move|p2a: Zapdos|Volt Switch|p1a: Torkoal
|-crit|p1a: Torkoal
|-damage|p1a: Torkoal|0 fnt
|faint|p1a: Torkoal
|
|switch|p2a: Decidueye|Decidueye-Hisui, M|100/100|[from] Volt Switch
|-damage|p2a: Decidueye|94/100|[from] Stealth Rock
|
|-weather|SunnyDay|[upkeep]
|
|switch|p1a: Tornadus|Tornadus-Therian, M|100/100
|turn|12
|
|switch|p2a: Zapdos|Zapdos|100/100
|-terastallize|p1a: Tornadus|Fire
|move|p1a: Tornadus|Heat Wave|p2a: Zapdos
|-damage|p2a: Zapdos|52/100
|
|-weather|SunnyDay|[upkeep]
|turn|13
|
|move|p1a: Tornadus|Heat Wave|p2a: Zapdos
|-damage|p2a: Zapdos|4/100
|move|p2a: Zapdos|Volt Switch|p1a: Tornadus
|-damage|p1a: Tornadus|82/100
|
|switch|p2a: Enamorus|Enamorus-Therian, F|100/100|[from] Volt Switch
|-damage|p2a: Enamorus|75/100|[from] Stealth Rock
|
|-weather|SunnyDay|[upkeep]
|-heal|p2a: Enamorus|82/100|[from] item: Leftovers
|turn|14
|
|move|p1a: Tornadus|U-turn|p2a: Enamorus
|-resisted|p2a: Enamorus
|-damage|p2a: Enamorus|79/100
|
|switch|p1a: Scream Tail|Scream Tail|100/100|[from] U-turn
|-activate|p1a: Scream Tail|ability: Protosynthesis
|-start|p1a: Scream Tail|protosynthesisspe
|move|p2a: Enamorus|Calm Mind|p2a: Enamorus
|-boost|p2a: Enamorus|spa|1
|-boost|p2a: Enamorus|spd|1
|
|-weather|SunnyDay|[upkeep]
|-heal|p2a: Enamorus|85/100|[from] item: Leftovers
|turn|15
|
|-end|p1a: Scream Tail|Protosynthesis|[silent]
|switch|p1a: Zamazenta|Zamazenta|100/100
|move|p2a: Enamorus|Draining Kiss|p1a: Zamazenta
|-supereffective|p1a: Zamazenta
|-damage|p1a: Zamazenta|56/100
|-heal|p2a: Enamorus|100/100|[from] drain|[of] p1a: Zamazenta
|
|-weather|none
|turn|16
|
|move|p1a: Zamazenta|Wild Charge|p2a: Enamorus
|-supereffective|p2a: Enamorus
|-damage|p2a: Enamorus|40/100
|-damage|p1a: Zamazenta|41/100|[from] Recoil
|move|p2a: Enamorus|Draining Kiss|p1a: Zamazenta
|-supereffective|p1a: Zamazenta
|-damage|p1a: Zamazenta|0 fnt
|-heal|p2a: Enamorus|72/100|[from] drain|[of] p1a: Zamazenta
|faint|p1a: Zamazenta
|
|-heal|p2a: Enamorus|78/100|[from] item: Leftovers
|
|switch|p1a: Goodra|Goodra-Hisui, M|100/100
|turn|17
|
|move|p1a: Goodra|Acid Armor|p1a: Goodra
|-boost|p1a: Goodra|def|2
|move|p2a: Enamorus|Earth Power|p1a: Goodra
|-supereffective|p1a: Goodra
|-damage|p1a: Goodra|38/100
|
|-heal|p2a: Enamorus|84/100|[from] item: Leftovers
|turn|18
|
|move|p1a: Goodra|Rest|p1a: Goodra
|-status|p1a: Goodra|slp|[from] move: Rest
|-heal|p1a: Goodra|100/100 slp|[silent]
|-enditem|p1a: Goodra|Chesto Berry|[eat]
|-curestatus|p1a: Goodra|slp|[msg]
|move|p2a: Enamorus|Earth Power|p1a: Goodra
|-supereffective|p1a: Goodra
|-damage|p1a: Goodra|46/100
|
|-heal|p2a: Enamorus|90/100|[from] item: Leftovers
|turn|19
|
|move|p1a: Goodra|Body Press|p2a: Enamorus
|-resisted|p2a: Enamorus
|-damage|p2a: Enamorus|81/100
|move|p2a: Enamorus|Earth Power|p1a: Goodra
|-supereffective|p1a: Goodra
|-damage|p1a: Goodra|0 fnt
|faint|p1a: Goodra
|
|-heal|p2a: Enamorus|87/100|[from] item: Leftovers
|
|switch|p1a: Tornadus|Tornadus-Therian, M, tera:Fire|100/100
|turn|20
|
|move|p1a: Tornadus|Hurricane|p2a: Enamorus
|-crit|p2a: Enamorus
|-damage|p2a: Enamorus|31/100
|-start|p2a: Enamorus|confusion
|-activate|p2a: Enamorus|confusion
|-damage|p2a: Enamorus|24/100|[from] confusion
|
|-heal|p2a: Enamorus|30/100|[from] item: Leftovers
|turn|21
|
|move|p1a: Tornadus|Hurricane|p2a: Enamorus|[miss]
|-miss|p1a: Tornadus|p2a: Enamorus
|-activate|p2a: Enamorus|confusion
|-damage|p2a: Enamorus|21/100|[from] confusion
|
|-heal|p2a: Enamorus|27/100|[from] item: Leftovers
|turn|22
|
|move|p1a: Tornadus|Hurricane|p2a: Enamorus
|-damage|p2a: Enamorus|0 fnt
|faint|p2a: Enamorus
|
|
|switch|p2a: Decidueye|Decidueye-Hisui, M|94/100
|-damage|p2a: Decidueye|88/100|[from] Stealth Rock
|turn|23
|
|move|p1a: Tornadus|Hurricane|p2a: Decidueye
|-supereffective|p2a: Decidueye
|-damage|p2a: Decidueye|0 fnt
|faint|p2a: Decidueye
|
|
|switch|p2a: Cresselia|Cresselia, F|100/100
|-damage|p2a: Cresselia|88/100|[from] Stealth Rock
|turn|24
|
|move|p1a: Tornadus|Hurricane|p2a: Cresselia
|-damage|p2a: Cresselia|59/100
|move|p2a: Cresselia|Calm Mind|p2a: Cresselia
|-boost|p2a: Cresselia|spa|1
|-boost|p2a: Cresselia|spd|1
|
|-heal|p2a: Cresselia|65/100|[from] item: Leftovers
|turn|25
|
|move|p1a: Tornadus|Hurricane|p2a: Cresselia|[miss]
|-miss|p1a: Tornadus|p2a: Cresselia
|move|p2a: Cresselia|Calm Mind|p2a: Cresselia
|-boost|p2a: Cresselia|spa|1
|-boost|p2a: Cresselia|spd|1
|
|-heal|p2a: Cresselia|71/100|[from] item: Leftovers
|turn|26
|
|move|p1a: Tornadus|Hurricane|p2a: Cresselia
|-damage|p2a: Cresselia|57/100
|move|p2a: Cresselia|Calm Mind|p2a: Cresselia
|-boost|p2a: Cresselia|spa|1
|-boost|p2a: Cresselia|spd|1
|
|-heal|p2a: Cresselia|63/100|[from] item: Leftovers
|turn|27
|
|move|p1a: Tornadus|Heat Wave|p2a: Cresselia
|-damage|p2a: Cresselia|54/100
|move|p2a: Cresselia|Calm Mind|p2a: Cresselia
|-boost|p2a: Cresselia|spa|1
|-boost|p2a: Cresselia|spd|1
|
|-heal|p2a: Cresselia|60/100|[from] item: Leftovers
|turn|28
|
|move|p1a: Tornadus|Heat Wave|p2a: Cresselia
|-damage|p2a: Cresselia|51/100
|move|p2a: Cresselia|Calm Mind|p2a: Cresselia
|-boost|p2a: Cresselia|spa|1
|-boost|p2a: Cresselia|spd|1
|
|-heal|p2a: Cresselia|57/100|[from] item: Leftovers
|turn|29
|
|move|p1a: Tornadus|Heat Wave|p2a: Cresselia
|-damage|p2a: Cresselia|50/100
|move|p2a: Cresselia|Calm Mind|p2a: Cresselia
|-boost|p2a: Cresselia|spa|1
|-boost|p2a: Cresselia|spd|1
|
|-heal|p2a: Cresselia|57/100|[from] item: Leftovers
|turn|30
|
|move|p1a: Tornadus|Hurricane|p2a: Cresselia
|-damage|p2a: Cresselia|50/100
|-start|p2a: Cresselia|confusion
|-activate|p2a: Cresselia|confusion
|move|p2a: Cresselia|Moonlight|p2a: Cresselia
|-heal|p2a: Cresselia|99/100
|
|-heal|p2a: Cresselia|100/100|[from] item: Leftovers
|turn|31
|
|move|p1a: Tornadus|Hurricane|p2a: Cresselia|[miss]
|-miss|p1a: Tornadus|p2a: Cresselia
|-activate|p2a: Cresselia|confusion
|move|p2a: Cresselia|Stored Power|p1a: Tornadus
|-damage|p1a: Tornadus|0 fnt
|faint|p1a: Tornadus
|
|
|switch|p1a: Scream Tail|Scream Tail|100/100
|turn|32
|
|move|p1a: Scream Tail|Dazzling Gleam|p2a: Cresselia
|-damage|p2a: Cresselia|97/100
|-end|p2a: Cresselia|confusion
|move|p2a: Cresselia|Stored Power|p1a: Scream Tail
|-resisted|p1a: Scream Tail
|-damage|p1a: Scream Tail|20/100
|
|-heal|p1a: Scream Tail|26/100|[from] item: Leftovers
|-heal|p2a: Cresselia|100/100|[from] item: Leftovers
|turn|33
|
|move|p1a: Scream Tail|Protect|p1a: Scream Tail
|-singleturn|p1a: Scream Tail|Protect
|move|p2a: Cresselia|Stored Power|p1a: Scream Tail
|-activate|p1a: Scream Tail|move: Protect
|
|-heal|p1a: Scream Tail|32/100|[from] item: Leftovers
|turn|34
|
|move|p1a: Scream Tail|Wish|p1a: Scream Tail
|move|p2a: Cresselia|Stored Power|p1a: Scream Tail
|-resisted|p1a: Scream Tail
|-damage|p1a: Scream Tail|0 fnt
|faint|p1a: Scream Tail
|-end|p1a: Scream Tail|Protosynthesis|[silent]
|
|win|p2
|n|☆p1|spookypatata
|n|☆p2|manjack
|n| dameatofdavoid|dameatofdavoid
|n| Pokemon Hates Me|pokemonhatesme
|n| NoTollsNoRolls|notollsnorolls
|n| NightLarry|nightlarry
|n|+AM|am
|n| DreadWarrior|dreadwarrior
|n| gotsnsd|gotsnsd
|n| Gummybean999|gummybean999
|n| Omegasization|omegasization
|n| ressyrock|ressyrock
|n| shoaple|shoaple
|n| weeltigre32|weeltigre32
|n| CassBubble|cassbubble
