|poke|p1|Slowking-Galar, M|
|poke|p1|Corviknight, F|
|poke|p1|Grimmsnarl, M|
|poke|p1|Mew|
|poke|p1|Goodra-Hisui, F|
|poke|p1|Dragonite, M|
|poke|p2|Gholdengo|
|poke|p2|Sneasler, F|
|poke|p2|Landorus-Therian, M|
|poke|p2|Heatran, M|
|poke|p2|Iron Valiant|
|poke|p2|Basculegion, M|
|teampreview
|
|start
|switch|p1a: Grimmsnarl|Grimmsnarl, M|100/100
|switch|p2a: Landorus|Landorus-Therian, M|100/100
|-ability|p2a: Landorus|Intimidate|boost
|-unboost|p1a: Grimmsnarl|atk|1
|turn|1
|
|move|p1a: Grimmsnarl|Reflect|p1a: Grimmsnarl
|-sidestart|p1: RomanTogepi|Reflect
|move|p2a: Landorus|Bulk Up|p2a: Landorus
|-boost|p2a: Landorus|atk|1
|-boost|p2a: Landorus|def|1
|
|turn|2
|
|switch|p1a: Goodra|Goodra-Hisui, F|100/100
|move|p2a: Landorus|Bulk Up|p2a: Landorus
|-boost|p2a: Landorus|atk|1
|-boost|p2a: Landorus|def|1
|
|turn|3
|
|move|p2a: Landorus|Earthquake|p1a: Goodra
|-supereffective|p1a: Goodra
|-damage|p1a: Goodra|25/100
|move|p1a: Goodra|Ice Beam|p2a: Landorus
|-supereffective|p2a: Landorus
|-damage|p2a: Landorus|0 fnt
|faint|p2a: Landorus
|
|
|switch|p2a: Basculegion|Basculegion, M|100/100
|turn|4
|
|move|p2a: Basculegion|Psychic Fangs|p1a: Goodra
|-sideend|p1: RomanTogepi|Reflect
|-resisted|p1a: Goodra
|-damage|p1a: Goodra|9/100
|move|p1a: Goodra|Draco Meteor|p2a: Basculegion
|-damage|p2a: Basculegion|49/100
|-unboost|p1a: Goodra|spa|2
|
|turn|5
|
|switch|p2a: Iron Valiant|Iron Valiant|100/100
|move|p1a: Goodra|Draco Meteor|p2a: Iron Valiant
|-immune|p2a: Iron Valiant
|
|turn|6
|
|switch|p1a: Grimmsnarl|Grimmsnarl, M|100/100
|move|p2a: Iron Valiant|Knock Off|p1a: Grimmsnarl
|-resisted|p1a: Grimmsnarl
|-damage|p1a: Grimmsnarl|94/100
|-enditem|p1a: Grimmsnarl|Light Clay|[from] move: Knock Off|[of] p2a: Iron Valiant
|
|turn|7
|
|-end|p2a: Iron Valiant|Quark Drive|[silent]
|switch|p2a: Sneasler|Sneasler, F|100/100
|move|p1a: Grimmsnarl|Reflect|p1a: Grimmsnarl
|-sidestart|p1: RomanTogepi|Reflect
|
|turn|8
|
|move|p1a: Grimmsnarl|Thunder Wave|p2a: Sneasler|[miss]
|-miss|p1a: Grimmsnarl|p2a: Sneasler
|move|p2a: Sneasler|Dire Claw|p1a: Grimmsnarl
|-supereffective|p1a: Grimmsnarl
|-damage|p1a: Grimmsnarl|41/100
|-status|p1a: Grimmsnarl|par
|
|turn|9
|
|switch|p2a: Gholdengo|Gholdengo|100/100
|-item|p2a: Gholdengo|Air Balloon
|move|p1a: Grimmsnarl|Thunder Wave|p2a: Gholdengo
|-immune|p2a: Gholdengo|[from] ability: Good as Gold
|
|turn|10
|
|cant|p1a: Grimmsnarl|par
|move|p2a: Gholdengo|Nasty Plot|p2a: Gholdengo
|-boost|p2a: Gholdengo|spa|2
|
|turn|11
|
|switch|p1a: Slowking|Slowking-Galar, M|100/100
|move|p2a: Gholdengo|Shadow Ball|p1a: Slowking
|-supereffective|p1a: Slowking
|-damage|p1a: Slowking|35/100
|
|-sideend|p1: RomanTogepi|Reflect
|turn|12
|
|switch|p1a: Grimmsnarl|Grimmsnarl, M|41/100 par
|move|p2a: Gholdengo|Shadow Ball|p1a: Grimmsnarl
|-resisted|p1a: Grimmsnarl
|-damage|p1a: Grimmsnarl|0 fnt
|faint|p1a: Grimmsnarl
|
|
|switch|p1a: Goodra|Goodra-Hisui, F|9/100
|turn|13
|
|move|p2a: Gholdengo|Shadow Ball|p1a: Goodra
|-damage|p1a: Goodra|0 fnt
|faint|p1a: Goodra
|
|
|switch|p1a: Corviknight|Corviknight, F|100/100
|-ability|p1a: Corviknight|Pressure
|turn|14
|
|move|p2a: Gholdengo|Shadow Ball|p1a: Corviknight
|-damage|p1a: Corviknight|24/100
|move|p1a: Corviknight|U-turn|p2a: Gholdengo
|-resisted|p2a: Gholdengo
|-crit|p2a: Gholdengo
|-damage|p2a: Gholdengo|96/100
|-enditem|p2a: Gholdengo|Air Balloon
|
|switch|p1a: Dragonite|Dragonite, M|100/100|[from] U-turn
|
|turn|15
|
|move|p2a: Gholdengo|Shadow Ball|p1a: Dragonite
|-crit|p1a: Dragonite
|-damage|p1a: Dragonite|51/100
|move|p1a: Dragonite|Dragon Dance|p1a: Dragonite
|-boost|p1a: Dragonite|atk|1
|-boost|p1a: Dragonite|spe|1
|
|turn|16
|
|-terastallize|p2a: Gholdengo|Flying
|move|p1a: Dragonite|Earthquake|p2a: Gholdengo
|-immune|p2a: Gholdengo
|move|p2a: Gholdengo|Shadow Ball|p1a: Dragonite
|-damage|p1a: Dragonite|0 fnt
|faint|p1a: Dragonite
|
|
|switch|p1a: Mew|Mew|100/100
|turn|17
|
|-terastallize|p1a: Mew|Grass
|move|p2a: Gholdengo|Shadow Ball|p1a: Mew
|-damage|p1a: Mew|33/100
|-unboost|p1a: Mew|spd|1
|move|p1a: Mew|Calm Mind|p1a: Mew
|-boost|p1a: Mew|spa|1
|-boost|p1a: Mew|spd|1
|
|-heal|p1a: Mew|40/100|[from] item: Leftovers
|turn|18
|-message|RomanTogepi forfeited.
|
|win|treeshhhh
