# advantage = p2
|poke|p1|Roaring Moon|
|poke|p1|Dragapult, F|
|poke|p1|Glimmora, F|
|poke|p1|Volcarona, F|
|poke|p1|Iron Valiant|
|poke|p1|Magearna|
|poke|p2|Grimmsnarl, M|
|poke|p2|Dragonite, F|
|poke|p2|Magearna|
|poke|p2|Urshifu-*, M|
|poke|p2|Kingambit, M|
|poke|p2|Slowking-Galar, M|
|teampreview
|
|start
|switch|p1a: Dreepy Airlines|Dragapult, F|100/100
|switch|p2a: Grimmsnarl|Grimmsnarl, M|100/100
|turn|1
|
|move|p2a: Grimmsnarl|Reflect|p2a: Grimmsnarl
|-sidestart|p2: p2|Reflect
|move|p1a: Dreepy Airlines|Reflect|p1a: Dreepy Airlines
|-sidestart|p1: p1|Reflect
|
|turn|2
|
|move|p2a: Grimmsnarl|Light Screen|p2a: Grimmsnarl
|-sidestart|p2: p2|move: Light Screen
|move|p1a: Dreepy Airlines|Light Screen|p1a: Dreepy Airlines
|-sidestart|p1: p1|move: Light Screen
|
|turn|3
|
|move|p2a: Grimmsnarl|Parting Shot|p1a: Dreepy Airlines
|-unboost|p1a: Dreepy Airlines|atk|1
|-unboost|p1a: Dreepy Airlines|spa|1
|
|switch|p2a: Magearna|Magearna|100/100|[from] Parting Shot
|move|p1a: Dreepy Airlines|Will-O-Wisp|p2a: Magearna|[miss]
|-miss|p1a: Dreepy Airlines|p2a: Magearna
|
|turn|4
|
|move|p1a: Dreepy Airlines|Curse|p2a: Magearna
|-start|p2a: Magearna|Curse|[of] p1a: Dreepy Airlines
|-damage|p1a: Dreepy Airlines|50/100
|move|p2a: Magearna|Shift Gear|p2a: Magearna
|-boost|p2a: Magearna|spe|2
|-boost|p2a: Magearna|atk|1
|
|-damage|p2a: Magearna|75/100|[from] Curse
|turn|5
|
|switch|p1a: Skill™|Magearna|100/100
|switch|p2a: Urshifu|Urshifu-Rapid-Strike, M|100/100
|
|turn|6
|
|switch|p1a: 3100 BC Croissant|Roaring Moon|100/100
|move|p2a: Urshifu|Surging Strikes|p1a: 3100 BC Croissant
|-resisted|p1a: 3100 BC Croissant
|-crit|p1a: 3100 BC Croissant
|-damage|p1a: 3100 BC Croissant|92/100
|-resisted|p1a: 3100 BC Croissant
|-crit|p1a: 3100 BC Croissant
|-damage|p1a: 3100 BC Croissant|82/100
|-resisted|p1a: 3100 BC Croissant
|-crit|p1a: 3100 BC Croissant
|-damage|p1a: 3100 BC Croissant|72/100
|-hitcount|p1a: 3100 BC Croissant|3
|
|turn|7
|
|switch|p2a: Slowking|Slowking-Galar, M|100/100
|-end|p1a: 3100 BC Croissant|Protosynthesis|[silent]
|switch|p1a: Dreepy Airlines|Dragapult, F|50/100
|
|turn|8
|
|move|p1a: Dreepy Airlines|Will-O-Wisp|p2a: Slowking
|-status|p2a: Slowking|brn
|move|p2a: Slowking|Future Sight|p1a: Dreepy Airlines
|-start|p2a: Slowking|move: Future Sight
|
|-damage|p2a: Slowking|94/100 brn|[from] brn
|-sideend|p2: p2|Reflect
|-sideend|p1: p1|Reflect
|turn|9
|
|move|p1a: Dreepy Airlines|Reflect|p1a: Dreepy Airlines
|-sidestart|p1: p1|Reflect
|move|p2a: Slowking|Sludge Bomb|p1a: Dreepy Airlines
|-resisted|p1a: Dreepy Airlines
|-damage|p1a: Dreepy Airlines|40/100
|-status|p1a: Dreepy Airlines|psn
|
|-damage|p1a: Dreepy Airlines|28/100 psn|[from] psn
|-damage|p2a: Slowking|88/100 brn|[from] brn
|-sideend|p2: p2|move: Light Screen
|-sideend|p1: p1|move: Light Screen
|turn|10
|
|switch|p1a: Skill™|Magearna|100/100
|move|p2a: Slowking|Chilly Reception|p2a: Slowking
|-weather|Snow
|
|switch|p2a: Dragonite|Dragonite, F|100/100|[from] Chilly Reception
|
|-weather|Snow|[upkeep]
|-end|p1a: Skill™|move: Future Sight
|-resisted|p1a: Skill™
|-damage|p1a: Skill™|78/100
|-heal|p1a: Skill™|84/100|[from] item: Leftovers
|turn|11
|
|move|p2a: Dragonite|Dragon Dance|p2a: Dragonite
|-boost|p2a: Dragonite|atk|1
|-boost|p2a: Dragonite|spe|1
|move|p1a: Skill™|Shift Gear|p1a: Skill™
|-boost|p1a: Skill™|spe|2
|-boost|p1a: Skill™|atk|1
|
|-weather|Snow|[upkeep]
|-heal|p1a: Skill™|90/100|[from] item: Leftovers
|turn|12
|
|move|p1a: Skill™|Encore|p2a: Dragonite
|-start|p2a: Dragonite|Encore
|move|p2a: Dragonite|Dragon Dance|p2a: Dragonite
|-boost|p2a: Dragonite|atk|1
|-boost|p2a: Dragonite|spe|1
|
|-weather|Snow|[upkeep]
|-heal|p1a: Skill™|96/100|[from] item: Leftovers
|turn|13
|
|switch|p2a: Grimmsnarl|Grimmsnarl, M|100/100
|move|p1a: Skill™|Ice Beam|p2a: Grimmsnarl
|-damage|p2a: Grimmsnarl|60/100
|
|-weather|Snow|[upkeep]
|-heal|p1a: Skill™|100/100|[from] item: Leftovers
|turn|14
|
|move|p2a: Grimmsnarl|Light Screen|p2a: Grimmsnarl
|-sidestart|p2: p2|move: Light Screen
|move|p1a: Skill™|Encore|p2a: Grimmsnarl
|-start|p2a: Grimmsnarl|Encore
|
|-weather|none
|turn|15
|
|switch|p2a: Magearna|Magearna|75/100
|move|p1a: Skill™|Tera Blast|p2a: Magearna
|-resisted|p2a: Magearna
|-damage|p2a: Magearna|69/100
|
|-heal|p2a: Magearna|75/100|[from] item: Leftovers
|turn|16
|
|-terastallize|p2a: Magearna|Grass
|move|p1a: Skill™|Shift Gear|p1a: Skill™
|-boost|p1a: Skill™|spe|2
|-boost|p1a: Skill™|atk|1
|move|p2a: Magearna|Shift Gear|p2a: Magearna
|-boost|p2a: Magearna|spe|2
|-boost|p2a: Magearna|atk|1
|
|-heal|p2a: Magearna|81/100|[from] item: Leftovers
|-sideend|p1: p1|Reflect
|turn|17
|
|move|p1a: Skill™|Encore|p2a: Magearna
|-start|p2a: Magearna|Encore
|move|p2a: Magearna|Shift Gear|p2a: Magearna
|-boost|p2a: Magearna|spe|2
|-boost|p2a: Magearna|atk|1
|
|-heal|p2a: Magearna|87/100|[from] item: Leftovers
|turn|18
|
|switch|p2a: Slowking|Slowking-Galar, M|100/100 brn
|move|p1a: Skill™|Ice Beam|p2a: Slowking
|-damage|p2a: Slowking|86/100 brn
|
|-damage|p2a: Slowking|80/100 brn|[from] brn
|turn|19
|
|move|p1a: Skill™|Ice Beam|p2a: Slowking
|-damage|p2a: Slowking|65/100 brn
|move|p2a: Slowking|Flamethrower|p1a: Skill™
|-supereffective|p1a: Skill™
|-damage|p1a: Skill™|60/100
|
|-heal|p1a: Skill™|67/100|[from] item: Leftovers
|-damage|p2a: Slowking|59/100 brn|[from] brn
|turn|20
|
|-terastallize|p1a: Skill™|Ground
|move|p1a: Skill™|Tera Blast|p2a: Slowking
|-supereffective|p2a: Slowking
|-damage|p2a: Slowking|24/100 brn
|move|p2a: Slowking|Flamethrower|p1a: Skill™
|-damage|p1a: Skill™|43/100
|
|-heal|p1a: Skill™|49/100|[from] item: Leftovers
|-damage|p2a: Slowking|18/100 brn|[from] brn
|turn|21
|
|switch|p2a: Grimmsnarl|Grimmsnarl, M|60/100
|move|p1a: Skill™|Tera Blast|p2a: Grimmsnarl
|-damage|p2a: Grimmsnarl|37/100
|
|-heal|p1a: Skill™|55/100|[from] item: Leftovers
|-sideend|p2: p2|move: Light Screen
|turn|22
|
|move|p2a: Grimmsnarl|Light Screen|p2a: Grimmsnarl
|-sidestart|p2: p2|move: Light Screen
|move|p1a: Skill™|Encore|p2a: Grimmsnarl
|-start|p2a: Grimmsnarl|Encore
|
|-heal|p1a: Skill™|61/100|[from] item: Leftovers
|turn|23
|
|switch|p2a: Slowking|Slowking-Galar, M|51/100 brn
|move|p1a: Skill™|Tera Blast|p2a: Slowking
|-supereffective|p2a: Slowking
|-damage|p2a: Slowking|17/100 brn
|
|-heal|p1a: Skill™|68/100|[from] item: Leftovers
|-damage|p2a: Slowking|11/100 brn|[from] brn
|turn|24
|
|switch|p2a: Urshifu|Urshifu-Rapid-Strike, M|100/100
|move|p1a: Skill™|Tera Blast|p2a: Urshifu
|-damage|p2a: Urshifu|69/100
|
|-heal|p1a: Skill™|74/100|[from] item: Leftovers
|turn|25
|
|switch|p1a: 3100 BC Croissant|Roaring Moon|72/100
|move|p2a: Urshifu|Swords Dance|p2a: Urshifu
|-boost|p2a: Urshifu|atk|2
|
|turn|26
|
|move|p2a: Urshifu|Close Combat|p1a: 3100 BC Croissant
|-supereffective|p1a: 3100 BC Croissant
|-damage|p1a: 3100 BC Croissant|0 fnt
|-unboost|p2a: Urshifu|def|1
|-unboost|p2a: Urshifu|spd|1
|faint|p1a: 3100 BC Croissant
|-end|p1a: 3100 BC Croissant|Protosynthesis|[silent]
|
|
|switch|p1a: Dreepy Airlines|Dragapult, F|28/100 psn
|turn|27
|
|switch|p2a: Slowking|Slowking-Galar, M|44/100 brn
|move|p1a: Dreepy Airlines|Reflect|p1a: Dreepy Airlines
|-sidestart|p1: p1|Reflect
|
|-damage|p1a: Dreepy Airlines|16/100 psn|[from] psn
|-damage|p2a: Slowking|38/100 brn|[from] brn
|turn|28
|
|switch|p1a: Glimm Shady|Glimmora, F|100/100
|switch|p2a: Grimmsnarl|Grimmsnarl, M|37/100
|
|turn|29
|
|switch|p2a: Magearna|Magearna, tera:Grass|87/100
|move|p1a: Glimm Shady|Stealth Rock|p2a: Magearna
|-sidestart|p2: p2|move: Stealth Rock
|
|-heal|p2a: Magearna|93/100|[from] item: Leftovers
|-sideend|p2: p2|move: Light Screen
|turn|30
|
|switch|p2a: Slowking|Slowking-Galar, M|71/100 brn
|move|p1a: Glimm Shady|Mortal Spin|p2a: Slowking
|-resisted|p2a: Slowking
|-damage|p2a: Slowking|69/100 brn
|
|-damage|p2a: Slowking|63/100 brn|[from] brn
|turn|31
|
|move|p1a: Glimm Shady|Earth Power|p2a: Slowking
|-supereffective|p2a: Slowking
|-damage|p2a: Slowking|15/100 brn
|move|p2a: Slowking|Future Sight|p1a: Glimm Shady
|-start|p2a: Slowking|move: Future Sight
|
|-damage|p2a: Slowking|9/100 brn|[from] brn
|turn|32
|
|switch|p2a: Dragonite|Dragonite, F|100/100
|move|p1a: Glimm Shady|Energy Ball|p2a: Dragonite
|-resisted|p2a: Dragonite
|-damage|p2a: Dragonite|97/100
|
|turn|33
|
|move|p1a: Glimm Shady|Mortal Spin|p2a: Dragonite
|-damage|p2a: Dragonite|90/100
|-status|p2a: Dragonite|psn
|move|p2a: Dragonite|Dragon Dance|p2a: Dragonite
|-boost|p2a: Dragonite|atk|1
|-boost|p2a: Dragonite|spe|1
|
|-end|p1a: Glimm Shady|move: Future Sight
|-supereffective|p1a: Glimm Shady
|-crit|p1a: Glimm Shady
|-enditem|p1a: Glimm Shady|Focus Sash
|-damage|p1a: Glimm Shady|1/100
|-damage|p2a: Dragonite|78/100 psn|[from] psn
|turn|34
|
|switch|p1a: Skill™|Magearna, tera:Ground|74/100
|move|p2a: Dragonite|Dragon Dance|p2a: Dragonite
|-boost|p2a: Dragonite|atk|1
|-boost|p2a: Dragonite|spe|1
|
|-heal|p1a: Skill™|80/100|[from] item: Leftovers
|-damage|p2a: Dragonite|66/100 psn|[from] psn
|-sideend|p1: p1|Reflect
|turn|35
|
|move|p2a: Dragonite|Earthquake|p1a: Skill™
|-damage|p1a: Skill™|9/100
|move|p1a: Skill™|Ice Beam|p2a: Dragonite
|-supereffective|p2a: Dragonite
|-damage|p2a: Dragonite|0 fnt
|faint|p2a: Dragonite
|-ability|p1a: Skill™|Soul-Heart|boost
|-boost|p1a: Skill™|spa|1
|
|-heal|p1a: Skill™|15/100|[from] item: Leftovers
|
|switch|p2a: Urshifu|Urshifu-Rapid-Strike, M|69/100
|-damage|p2a: Urshifu|63/100|[from] Stealth Rock
|turn|36
|
|switch|p1a: Glimm Shady|Glimmora, F|1/100
|move|p2a: Urshifu|Surging Strikes|p1a: Glimm Shady
|-supereffective|p1a: Glimm Shady
|-crit|p1a: Glimm Shady
|-damage|p1a: Glimm Shady|0 fnt
|-activate|p1a: Glimm Shady|ability: Toxic Debris
|-sidestart|p2: p2|move: Toxic Spikes
|faint|p1a: Glimm Shady
|-hitcount|p1: Glimm Shady|1
|
|
|switch|p1a: Dreepy Airlines|Dragapult, F|16/100 psn
|turn|37
|
|switch|p2a: Slowking|Slowking-Galar, M|42/100 brn
|-sideend|p2: p2|move: Toxic Spikes|[of] p2a: Slowking
|move|p1a: Dreepy Airlines|Light Screen|p1a: Dreepy Airlines
|-sidestart|p1: p1|move: Light Screen
|
|-damage|p1a: Dreepy Airlines|3/100 psn|[from] psn
|-damage|p2a: Slowking|36/100 brn|[from] brn
|turn|38
|
|switch|p1a: Skill™|Magearna, tera:Ground|15/100
|switch|p2a: Grimmsnarl|Grimmsnarl, M|37/100
|-damage|p2a: Grimmsnarl|24/100|[from] Stealth Rock
|
|-heal|p1a: Skill™|21/100|[from] item: Leftovers
|turn|39
|
|move|p2a: Grimmsnarl|Light Screen|p2a: Grimmsnarl
|-sidestart|p2: p2|move: Light Screen
|move|p1a: Skill™|Encore|p2a: Grimmsnarl
|-start|p2a: Grimmsnarl|Encore
|
|-heal|p1a: Skill™|27/100|[from] item: Leftovers
|turn|40
|
|switch|p2a: Slowking|Slowking-Galar, M|69/100 brn
|move|p1a: Skill™|Tera Blast|p2a: Slowking
|-supereffective|p2a: Slowking
|-damage|p2a: Slowking|32/100 brn
|
|-heal|p1a: Skill™|33/100|[from] item: Leftovers
|-damage|p2a: Slowking|26/100 brn|[from] brn
|turn|41
|
|move|p1a: Skill™|Tera Blast|p2a: Slowking
|-supereffective|p2a: Slowking
|-damage|p2a: Slowking|0 fnt
|faint|p2a: Slowking
|-ability|p1a: Skill™|Soul-Heart|boost
|-boost|p1a: Skill™|spa|1
|
|-heal|p1a: Skill™|40/100|[from] item: Leftovers
|
|switch|p2a: Urshifu|Urshifu-Rapid-Strike, M|63/100
|-damage|p2a: Urshifu|57/100|[from] Stealth Rock
|turn|42
|
|move|p2a: Urshifu|Swords Dance|p2a: Urshifu
|-boost|p2a: Urshifu|atk|2
|move|p1a: Skill™|Encore|p2a: Urshifu
|-start|p2a: Urshifu|Encore
|
|-heal|p1a: Skill™|46/100|[from] item: Leftovers
|turn|43
|
|switch|p2a: Grimmsnarl|Grimmsnarl, M|24/100
|-damage|p2a: Grimmsnarl|12/100|[from] Stealth Rock
|move|p1a: Skill™|Tera Blast|p2a: Grimmsnarl
|-damage|p2a: Grimmsnarl|0 fnt
|faint|p2a: Grimmsnarl
|-ability|p1a: Skill™|Soul-Heart|boost
|-boost|p1a: Skill™|spa|1
|
|-heal|p1a: Skill™|52/100|[from] item: Leftovers
|
|switch|p2a: Urshifu|Urshifu-Rapid-Strike, M|57/100
|-damage|p2a: Urshifu|50/100|[from] Stealth Rock
|turn|44
|
|switch|p1a: Dreepy Airlines|Dragapult, F|3/100 psn
|move|p2a: Urshifu|Surging Strikes|p1a: Dreepy Airlines
|-resisted|p1a: Dreepy Airlines
|-crit|p1a: Dreepy Airlines
|-damage|p1a: Dreepy Airlines|0 fnt
|faint|p1a: Dreepy Airlines
|-hitcount|p1: Dreepy Airlines|1
|
|-sideend|p1: p1|move: Light Screen
|
|switch|p1a: Gardevade|Iron Valiant|100/100
|-enditem|p1a: Gardevade|Booster Energy
|-activate|p1a: Gardevade|ability: Quark Drive|[fromitem]
|-start|p1a: Gardevade|quarkdrivespe
|turn|45
|
|switch|p2a: Magearna|Magearna, tera:Grass|93/100
|-damage|p2a: Magearna|81/100|[from] Stealth Rock
|move|p1a: Gardevade|Spirit Break|p2a: Magearna
|-damage|p2a: Magearna|50/100
|-unboost|p2a: Magearna|spa|1
|
|-heal|p2a: Magearna|56/100|[from] item: Leftovers
|turn|46
|
|-end|p1a: Gardevade|Quark Drive|[silent]
|switch|p1a: Pandemic|Volcarona, F|100/100
|move|p2a: Magearna|Draining Kiss|p1a: Pandemic
|-resisted|p1a: Pandemic
|-damage|p1a: Pandemic|92/100
|-heal|p2a: Magearna|63/100|[from] drain|[of] p1a: Pandemic
|
|-heal|p2a: Magearna|69/100|[from] item: Leftovers
|-sideend|p2: p2|move: Light Screen
|turn|47
|
|move|p1a: Pandemic|Quiver Dance|p1a: Pandemic
|-boost|p1a: Pandemic|spa|1
|-boost|p1a: Pandemic|spd|1
|-boost|p1a: Pandemic|spe|1
|move|p2a: Magearna|Calm Mind|p2a: Magearna
|-boost|p2a: Magearna|spa|1
|-boost|p2a: Magearna|spd|1
|
|-heal|p2a: Magearna|75/100|[from] item: Leftovers
|turn|48
|
|move|p1a: Pandemic|Fiery Dance|p2a: Magearna
|-supereffective|p2a: Magearna
|-damage|p2a: Magearna|10/100
|move|p2a: Magearna|Shift Gear|p2a: Magearna
|-boost|p2a: Magearna|spe|2
|-boost|p2a: Magearna|atk|1
|
|-heal|p2a: Magearna|16/100|[from] item: Leftovers
|turn|49
|
|move|p1a: Pandemic|Fiery Dance|p2a: Magearna
|-supereffective|p2a: Magearna
|-damage|p2a: Magearna|0 fnt
|-boost|p1a: Pandemic|spa|1
|faint|p2a: Magearna
|
|
|switch|p2a: Kingambit|Kingambit, M|100/100
|-damage|p2a: Kingambit|94/100|[from] Stealth Rock
|-activate|p2a: Kingambit|ability: Supreme Overlord
|-start|p2a: Kingambit|fallen4|[silent]
|turn|50
|
|move|p2a: Kingambit|Sucker Punch|p1a: Pandemic
|-damage|p1a: Pandemic|43/100
|-status|p2a: Kingambit|brn|[from] ability: Flame Body|[of] p1a: Pandemic
|move|p1a: Pandemic|Fiery Dance|p2a: Kingambit
|-supereffective|p2a: Kingambit
|-damage|p2a: Kingambit|0 fnt
|faint|p2a: Kingambit
|-end|p2a: Kingambit|fallen4|[silent]
|
|
|switch|p2a: Urshifu|Urshifu-Rapid-Strike, M|50/100
|-damage|p2a: Urshifu|44/100|[from] Stealth Rock
|turn|51
|
|move|p1a: Pandemic|Giga Drain|p2a: Urshifu
|-supereffective|p2a: Urshifu
|-damage|p2a: Urshifu|0 fnt
|-heal|p1a: Pandemic|63/100|[from] drain|[of] p2a: Urshifu
|faint|p2a: Urshifu
|
|win|p1
|n|☆p1|obana
|n|☆p2|opiumovulator
|n| WeAreLiveOnDiscord|weareliveondiscord
|n| Bradley Chadster|bradleychadster
|n| zeitera|zeitera
|n| ian_yo|ianyo
|n| Fragile OU Podcast|fragileoupodcast
|n|+SetsuStsna|setsustsna
|n| hkhlkjhj|hkhlkjhj
|n| tomebreaker|tomebreaker
|n| donkkut|donkkut
|n|+goldtodd1|goldtodd1
|n| Yuggy|yuggy
|n| vkhss|vkhss
|n| Mikirae69|mikirae69
|n| Thick and Creamy|thickandcreamy
