|poke|p1|Great Tusk|
|poke|p1|Urshifu-*, M|
|poke|p1|Chien-Pao|
|poke|p1|Magearna|
|poke|p1|Sneasler, F|
|poke|p1|Landorus-Therian, M|
|poke|p2|Iron Treads|
|poke|p2|Kingambit, M|
|poke|p2|Samurott-Hisui, F|
|poke|p2|Gholdengo|
|poke|p2|Volcanion|
|poke|p2|Zapdos|
|teampreview
|
|start
|switch|p1a: Frostfang Barioth|Chien-Pao|100/100
|switch|p2a: Volcanion|Volcanion|100/100
|-ability|p1a: Frostfang Barioth|Sword of Ruin
|turn|1
|
|switch|p1a: Un-BEAR-able|Urshifu-Rapid-Strike, M|100/100
|move|p2a: Volcanion|Steam Eruption|p1a: Un-BEAR-able
|-resisted|p1a: Un-BEAR-able
|-crit|p1a: Un-BEAR-able
|-damage|p1a: Un-BEAR-able|0 fnt
|faint|p1a: Un-BEAR-able
|
|
|switch|p1a: Iron Maiden|Magearna|100/100
|turn|2
|
|switch|p2a: Iron Treads|Iron Treads|100/100
|-enditem|p2a: Iron Treads|Booster Energy
|-activate|p2a: Iron Treads|ability: Quark Drive|[fromitem]
|-start|p2a: Iron Treads|quarkdrivespe
|-terastallize|p1a: Iron Maiden|Water
|move|p1a: Iron Maiden|Shift Gear|p1a: Iron Maiden
|-boost|p1a: Iron Maiden|spe|2
|-boost|p1a: Iron Maiden|atk|1
|
|turn|3
|
|move|p2a: Iron Treads|Earthquake|p1a: Iron Maiden
|-damage|p1a: Iron Maiden|74/100
|move|p1a: Iron Maiden|Calm Mind|p1a: Iron Maiden
|-boost|p1a: Iron Maiden|spa|1
|-boost|p1a: Iron Maiden|spd|1
|
|-heal|p1a: Iron Maiden|80/100|[from] item: Leftovers
|turn|4
|
|move|p2a: Iron Treads|Earthquake|p1a: Iron Maiden
|-damage|p1a: Iron Maiden|56/100
|move|p1a: Iron Maiden|Calm Mind|p1a: Iron Maiden
|-boost|p1a: Iron Maiden|spa|1
|-boost|p1a: Iron Maiden|spd|1
|
|-heal|p1a: Iron Maiden|62/100|[from] item: Leftovers
|turn|5
|
|move|p2a: Iron Treads|Earthquake|p1a: Iron Maiden
|-damage|p1a: Iron Maiden|35/100
|move|p1a: Iron Maiden|Shift Gear|p1a: Iron Maiden
|-boost|p1a: Iron Maiden|spe|2
|-boost|p1a: Iron Maiden|atk|1
|
|-heal|p1a: Iron Maiden|41/100|[from] item: Leftovers
|turn|6
|
|move|p1a: Iron Maiden|Draining Kiss|p2a: Iron Treads
|-resisted|p2a: Iron Treads
|-damage|p2a: Iron Treads|71/100
|-heal|p1a: Iron Maiden|63/100|[from] drain|[of] p2a: Iron Treads
|move|p2a: Iron Treads|Earthquake|p1a: Iron Maiden
|-damage|p1a: Iron Maiden|37/100
|
|-heal|p1a: Iron Maiden|43/100|[from] item: Leftovers
|turn|7
|
|move|p1a: Iron Maiden|Draining Kiss|p2a: Iron Treads
|-resisted|p2a: Iron Treads
|-damage|p2a: Iron Treads|40/100
|-heal|p1a: Iron Maiden|66/100|[from] drain|[of] p2a: Iron Treads
|move|p2a: Iron Treads|Earthquake|p1a: Iron Maiden
|-crit|p1a: Iron Maiden
|-damage|p1a: Iron Maiden|25/100
|
|-heal|p1a: Iron Maiden|31/100|[from] item: Leftovers
|turn|8
|
|move|p1a: Iron Maiden|Draining Kiss|p2a: Iron Treads
|-resisted|p2a: Iron Treads
|-damage|p2a: Iron Treads|7/100
|-heal|p1a: Iron Maiden|56/100|[from] drain|[of] p2a: Iron Treads
|move|p2a: Iron Treads|Earthquake|p1a: Iron Maiden
|-damage|p1a: Iron Maiden|31/100
|
|-heal|p1a: Iron Maiden|37/100|[from] item: Leftovers
|turn|9
|
|move|p1a: Iron Maiden|Draining Kiss|p2a: Iron Treads
|-resisted|p2a: Iron Treads
|-damage|p2a: Iron Treads|0 fnt
|-heal|p1a: Iron Maiden|41/100|[from] drain|[of] p2a: Iron Treads
|faint|p2a: Iron Treads
|-ability|p1a: Iron Maiden|Soul-Heart|boost
|-boost|p1a: Iron Maiden|spa|1
|-end|p2a: Iron Treads|Quark Drive|[silent]
|
|-heal|p1a: Iron Maiden|47/100|[from] item: Leftovers
|
|switch|p2a: Kingambit|Kingambit, M|100/100
|-activate|p2a: Kingambit|ability: Supreme Overlord
|-start|p2a: Kingambit|fallen1|[silent]
|turn|10
|
|-terastallize|p2a: Kingambit|Dark
|move|p2a: Kingambit|Sucker Punch|p1a: Iron Maiden
|-damage|p1a: Iron Maiden|10/100
|move|p1a: Iron Maiden|Draining Kiss|p2a: Kingambit
|-supereffective|p2a: Kingambit
|-damage|p2a: Kingambit|0 fnt
|-heal|p1a: Iron Maiden|85/100|[from] drain|[of] p2a: Kingambit
|faint|p2a: Kingambit
|-ability|p1a: Iron Maiden|Soul-Heart|boost
|-boost|p1a: Iron Maiden|spa|1
|-end|p2a: Kingambit|fallen1|[silent]
|
|-heal|p1a: Iron Maiden|91/100|[from] item: Leftovers
|-message|p2 forfeited.
|
|win|p1
