# advantage = p2
|poke|p1|Arcanine-Hisui, M|
|poke|p1|Amoonguss, M|
|poke|p1|Heatran, M|
|poke|p1|Samurott-Hisui, M|
|poke|p1|Gholdengo|
|poke|p1|Great Tusk|
|poke|p2|Zamazenta-*|
|poke|p2|Greninja, F|
|poke|p2|Azelf|
|poke|p2|Slaking, M|
|poke|p2|Magnezone|
|poke|p2|Magearna|
|teampreview
|
|start
|switch|p1a: Great Tusk|Great Tusk|100/100
|switch|p2a: Azelf|Azelf|100/100
|turn|1
|
|-end|p1a: Great Tusk|Protosynthesis|[silent]
|switch|p1a: Samurott|Samurott-Hisui, M|100/100
|move|p2a: Azelf|Stealth Rock|p1a: Samurott
|-sidestart|p1: p1|move: Stealth Rock
|
|turn|2
|
|move|p2a: Azelf|Thunder Wave|p1a: Samurott|[miss]
|-miss|p2a: Azelf|p1a: Samurott
|move|p1a: Samurott|Ceaseless Edge|p2a: Azelf
|-supereffective|p2a: Azelf
|-enditem|p2a: Azelf|Focus Sash
|-damage|p2a: Azelf|1/100
|-sidestart|p2: p2|Spikes
|-damage|p1a: Samurott|91/100|[from] item: Life Orb
|
|turn|3
|
|switch|p1a: Great Tusk|Great Tusk|100/100
|-damage|p1a: Great Tusk|98/100|[from] Stealth Rock
|move|p2a: Azelf|Thunder Wave|p1a: Great Tusk
|-immune|p1a: Great Tusk
|
|-heal|p1a: Great Tusk|100/100|[from] item: Leftovers
|turn|4
|
|move|p2a: Azelf|Psychic|p1a: Great Tusk
|-supereffective|p1a: Great Tusk
|-damage|p1a: Great Tusk|0 fnt
|faint|p1a: Great Tusk
|-end|p1a: Great Tusk|Protosynthesis|[silent]
|
|
|switch|p1a: Arcanine|Arcanine-Hisui, M|100/100
|-damage|p1a: Arcanine|76/100|[from] Stealth Rock
|turn|5
|
|move|p1a: Arcanine|Extreme Speed|p2a: Azelf
|-damage|p2a: Azelf|0 fnt
|faint|p2a: Azelf
|
|
|switch|p2a: Slaking|Slaking, M|100/100
|-damage|p2a: Slaking|88/100|[from] Spikes
|turn|6
|
|switch|p1a: Amoonguss|Amoonguss, M|100/100
|-damage|p1a: Amoonguss|88/100|[from] Stealth Rock
|move|p2a: Slaking|Earthquake|p1a: Amoonguss
|-damage|p1a: Amoonguss|47/100
|
|turn|7
|
|switch|p2a: Magearna|Magearna|100/100
|-damage|p2a: Magearna|88/100|[from] Spikes
|move|p1a: Amoonguss|Spore|p2a: Magearna
|-status|p2a: Magearna|slp|[from] move: Spore
|
|-heal|p2a: Magearna|94/100 slp|[from] item: Leftovers
|turn|8
|
|switch|p2a: Greninja|Greninja, F|100/100
|-damage|p2a: Greninja|88/100|[from] Spikes
|switch|p1a: Samurott|Samurott-Hisui, M|91/100
|-damage|p1a: Samurott|78/100|[from] Stealth Rock
|
|turn|9
|
|move|p2a: Greninja|Low Kick|p1a: Samurott
|-start|p2a: Greninja|typechange|Fighting|[from] ability: Protean
|-supereffective|p1a: Samurott
|-damage|p1a: Samurott|0 fnt
|faint|p1a: Samurott
|
|
|switch|p1a: Amoonguss|Amoonguss, M|80/100
|-damage|p1a: Amoonguss|68/100|[from] Stealth Rock
|turn|10
|
|move|p2a: Greninja|Ice Beam|p1a: Amoonguss
|-supereffective|p1a: Amoonguss
|-damage|p1a: Amoonguss|7/100
|move|p1a: Amoonguss|Giga Drain|p2a: Greninja
|-damage|p2a: Greninja|49/100
|-heal|p1a: Amoonguss|19/100|[from] drain|[of] p2a: Greninja
|
|turn|11
|
|switch|p1a: Gholdengo|Gholdengo|100/100
|-damage|p1a: Gholdengo|94/100|[from] Stealth Rock
|move|p2a: Greninja|Ice Beam|p1a: Gholdengo
|-resisted|p1a: Gholdengo
|-damage|p1a: Gholdengo|80/100
|
|turn|12
|
|switch|p2a: Slaking|Slaking, M|88/100
|-damage|p2a: Slaking|76/100|[from] Spikes
|move|p1a: Gholdengo|Shadow Ball|p2a: Slaking
|-immune|p2a: Slaking
|
|turn|13
|
|switch|p1a: Amoonguss|Amoonguss, M|53/100
|-damage|p1a: Amoonguss|40/100|[from] Stealth Rock
|move|p2a: Slaking|Earthquake|p1a: Amoonguss
|-damage|p1a: Amoonguss|0 fnt
|faint|p1a: Amoonguss
|
|
|switch|p1a: Heatran|Heatran, M|100/100
|-damage|p1a: Heatran|88/100|[from] Stealth Rock
|turn|14
|
|cant|p2a: Slaking|ability: Truant
|move|p1a: Heatran|Magma Storm|p2a: Slaking
|-crit|p2a: Slaking
|-damage|p2a: Slaking|1/100
|-activate|p2a: Slaking|move: Magma Storm|[of] p1a: Heatran
|
|-heal|p1a: Heatran|94/100|[from] item: Leftovers
|-damage|p2a: Slaking|0 fnt|[from] move: Magma Storm|[partiallytrapped]
|faint|p2a: Slaking
|
|switch|p2a: Greninja|Greninja, F|49/100
|-damage|p2a: Greninja|37/100|[from] Spikes
|turn|15
|
|move|p1a: Heatran|Protect|p1a: Heatran
|-singleturn|p1a: Heatran|Protect
|move|p2a: Greninja|Hydro Pump|p1a: Heatran
|-start|p2a: Greninja|typechange|Water|[from] ability: Protean
|-activate|p1a: Heatran|move: Protect
|
|-heal|p1a: Heatran|99/100|[from] item: Leftovers
|turn|16
|
|-terastallize|p1a: Heatran|Flying
|move|p2a: Greninja|Hydro Pump|p1a: Heatran
|-crit|p1a: Heatran
|-damage|p1a: Heatran|58/100
|move|p1a: Heatran|Earth Power|p2a: Greninja
|-damage|p2a: Greninja|0 fnt
|faint|p2a: Greninja
|
|-heal|p1a: Heatran|64/100|[from] item: Leftovers
|
|switch|p2a: Magnezone|Magnezone|100/100
|-damage|p2a: Magnezone|88/100|[from] Spikes
|turn|17
|
|move|p1a: Heatran|Protect|p1a: Heatran
|-singleturn|p1a: Heatran|Protect
|move|p2a: Magnezone|Thunderbolt|p1a: Heatran
|-activate|p1a: Heatran|move: Protect
|
|-heal|p1a: Heatran|70/100|[from] item: Leftovers
|-heal|p2a: Magnezone|94/100|[from] item: Leftovers
|turn|18
|
|move|p1a: Heatran|Magma Storm|p2a: Magnezone
|-supereffective|p2a: Magnezone
|-damage|p2a: Magnezone|6/100
|-activate|p2a: Magnezone|move: Magma Storm|[of] p1a: Heatran
|move|p2a: Magnezone|Thunderbolt|p1a: Heatran
|-supereffective|p1a: Heatran
|-damage|p1a: Heatran|7/100
|
|-heal|p1a: Heatran|13/100|[from] item: Leftovers
|-heal|p2a: Magnezone|12/100|[from] item: Leftovers
|-damage|p2a: Magnezone|0 fnt|[from] move: Magma Storm|[partiallytrapped]
|faint|p2a: Magnezone
|
|switch|p2a: Zamazenta|Zamazenta|100/100
|-damage|p2a: Zamazenta|88/100|[from] Spikes
|-ability|p2a: Zamazenta|Dauntless Shield|boost
|-boost|p2a: Zamazenta|def|1
|turn|19
|
|move|p1a: Heatran|Protect|p1a: Heatran
|-singleturn|p1a: Heatran|Protect
|move|p2a: Zamazenta|Iron Defense|p2a: Zamazenta
|-boost|p2a: Zamazenta|def|2
|
|-heal|p2a: Zamazenta|94/100|[from] item: Leftovers
|-heal|p1a: Heatran|19/100|[from] item: Leftovers
|turn|20
|
|move|p2a: Zamazenta|Substitute|p2a: Zamazenta
|-start|p2a: Zamazenta|Substitute
|-damage|p2a: Zamazenta|69/100
|move|p1a: Heatran|Magma Storm|p2a: Zamazenta
|-end|p2a: Zamazenta|Substitute
|
|-heal|p2a: Zamazenta|76/100|[from] item: Leftovers
|-heal|p1a: Heatran|25/100|[from] item: Leftovers
|turn|21
|
|move|p2a: Zamazenta|Crunch|p1a: Heatran
|-damage|p1a: Heatran|8/100
|move|p1a: Heatran|Magma Storm|p2a: Zamazenta
|-damage|p2a: Zamazenta|42/100
|-activate|p2a: Zamazenta|move: Magma Storm|[of] p1a: Heatran
|
|-heal|p2a: Zamazenta|49/100|[from] item: Leftovers
|-heal|p1a: Heatran|14/100|[from] item: Leftovers
|-damage|p2a: Zamazenta|36/100|[from] move: Magma Storm|[partiallytrapped]
|turn|22
|
|move|p1a: Heatran|Protect|p1a: Heatran
|-singleturn|p1a: Heatran|Protect
|move|p2a: Zamazenta|Body Press|p1a: Heatran
|-activate|p1a: Heatran|move: Protect
|
|-heal|p2a: Zamazenta|42/100|[from] item: Leftovers
|-heal|p1a: Heatran|20/100|[from] item: Leftovers
|-damage|p2a: Zamazenta|30/100|[from] move: Magma Storm|[partiallytrapped]
|turn|23
|
|move|p2a: Zamazenta|Body Press|p1a: Heatran
|-resisted|p1a: Heatran
|-damage|p1a: Heatran|0 fnt
|faint|p1a: Heatran
|
|-heal|p2a: Zamazenta|36/100|[from] item: Leftovers
|-end|p2a: Zamazenta|Magma Storm|[partiallytrapped]|[silent]
|
|switch|p1a: Gholdengo|Gholdengo|80/100
|-damage|p1a: Gholdengo|74/100|[from] Stealth Rock
|turn|24
|
|move|p2a: Zamazenta|Crunch|p1a: Gholdengo
|-supereffective|p1a: Gholdengo
|-damage|p1a: Gholdengo|27/100
|-unboost|p1a: Gholdengo|def|1
|move|p1a: Gholdengo|Make It Rain|p2a: Zamazenta
|-damage|p2a: Zamazenta|0 fnt
|-unboost|p1a: Gholdengo|spa|1
|faint|p2a: Zamazenta
|
|
|switch|p2a: Magearna|Magearna|94/100 slp
|-damage|p2a: Magearna|82/100 slp|[from] Spikes
|turn|25
|
|switch|p1a: Arcanine|Arcanine-Hisui, M|76/100
|-damage|p1a: Arcanine|51/100|[from] Stealth Rock
|cant|p2a: Magearna|slp
|
|-heal|p2a: Magearna|88/100 slp|[from] item: Leftovers
|turn|26
|
|move|p1a: Arcanine|Flare Blitz|p2a: Magearna
|-supereffective|p2a: Magearna
|-damage|p2a: Magearna|0 fnt
|faint|p2a: Magearna
|
|win|p1
