|poke|p1|Samurott-Hisui, F|
|poke|p1|Dragapult, F|
|poke|p1|Sneasler, F|
|poke|p1|Magearna|
|poke|p1|Volcarona, M|
|poke|p1|Zamazenta-*|
|poke|p2|Gholdengo|
|poke|p2|Slither Wing|
|poke|p2|Skeledirge, F|
|poke|p2|Roaring Moon|
|poke|p2|Kingambit, F|
|poke|p2|Glimmora, M|
|teampreview
|
|start
|switch|p1a: Samurott|Samurott-Hisui, F, shiny|100/100
|switch|p2a: Glimmochad|Glimmora, M|100/100
|turn|1
|
|-terastallize|p2a: Glimmochad|Grass
|move|p2a: Glimmochad|Energy Ball|p1a: Samurott
|-supereffective|p1a: Samurott
|-enditem|p1a: Samurott|Focus Sash
|-damage|p1a: Samurott|1/100
|-unboost|p1a: Samurott|spd|1
|move|p1a: Samurott|Ceaseless Edge|p2a: Glimmochad
|-damage|p2a: Glimmochad|40/100
|-sidestart|p2: OUDJ NullGuy|Spikes
|-activate|p2a: Glimmochad|ability: Toxic Debris
|-sidestart|p1: Dr. Drake6782|move: Toxic Spikes
|
|turn|2
|
|move|p1a: Samurott|Aqua Jet|p2a: Glimmochad
|-resisted|p2a: Glimmochad
|-damage|p2a: Glimmochad|28/100
|-activate|p2a: Glimmochad|ability: Toxic Debris
|-sidestart|p1: Dr. Drake6782|move: Toxic Spikes
|move|p2a: Glimmochad|Energy Ball|p1a: Samurott
|-supereffective|p1a: Samurott
|-damage|p1a: Samurott|0 fnt
|faint|p1a: Samurott
|
|
|switch|p1a: Sneasler|Sneasler, F|100/100
|-item|p1a: Sneasler|Air Balloon
|turn|3
|
|switch|p2a: Jean-Eude|Skeledirge, F|100/100
|move|p1a: Sneasler|Swords Dance|p1a: Sneasler
|-boost|p1a: Sneasler|atk|2
|
|turn|4
|
|switch|p1a: Volcarona|Volcarona, M, shiny|100/100
|move|p2a: Jean-Eude|Torch Song|p1a: Volcarona
|-damage|p1a: Volcarona|68/100
|-boost|p2a: Jean-Eude|spa|1
|
|turn|5
|
|-terastallize|p1a: Volcarona|Ground
|move|p1a: Volcarona|Tera Blast|p2a: Jean-Eude
|-supereffective|p2a: Jean-Eude
|-crit|p2a: Jean-Eude
|-damage|p2a: Jean-Eude|1/100
|move|p2a: Jean-Eude|Torch Song|p1a: Volcarona
|-damage|p1a: Volcarona|23/100
|-boost|p2a: Jean-Eude|spa|1
|
|turn|6
|
|move|p1a: Volcarona|Giga Drain|p2a: Jean-Eude
|-resisted|p2a: Jean-Eude
|-damage|p2a: Jean-Eude|0 fnt
|-heal|p1a: Volcarona|24/100|[from] drain|[of] p2a: Jean-Eude
|faint|p2a: Jean-Eude
|
|
|switch|p2a: Glimmochad|Glimmora, M, tera:Grass|28/100
|-damage|p2a: Glimmochad|15/100|[from] Spikes
|turn|7
|
|move|p2a: Glimmochad|Earth Power|p1a: Volcarona
|-damage|p1a: Volcarona|0 fnt
|faint|p1a: Volcarona
|
|
|switch|p1a: Sneasler|Sneasler, F|100/100
|-item|p1a: Sneasler|Air Balloon
|turn|8
|
|switch|p2a: Gabriel|Gholdengo|100/100
|-damage|p2a: Gabriel|88/100|[from] Spikes
|move|p1a: Sneasler|Swords Dance|p1a: Sneasler
|-boost|p1a: Sneasler|atk|2
|
|turn|9
|
|move|p2a: Gabriel|Make It Rain|p1a: Sneasler
|-damage|p1a: Sneasler|22/100
|-unboost|p2a: Gabriel|spa|1
|-enditem|p1a: Sneasler|Air Balloon
|move|p1a: Sneasler|Acrobatics|p2a: Gabriel
|-resisted|p2a: Gabriel
|-damage|p2a: Gabriel|38/100
|
|turn|10
|
|move|p1a: Sneasler|Acrobatics|p2a: Gabriel
|-resisted|p2a: Gabriel
|-damage|p2a: Gabriel|0 fnt
|faint|p2a: Gabriel
|
|
|switch|p2a: Patrick Balkany|Slither Wing|100/100
|-damage|p2a: Patrick Balkany|88/100|[from] Spikes
|turn|11
|
|move|p2a: Patrick Balkany|First Impression|p1a: Sneasler
|-resisted|p1a: Sneasler
|-damage|p1a: Sneasler|0 fnt
|faint|p1a: Sneasler
|
|
|switch|p1a: Zamazenta|Zamazenta-Crowned, shiny|100/100
|-ability|p1a: Zamazenta|Dauntless Shield|boost
|-boost|p1a: Zamazenta|def|1
|turn|12
|
|-end|p2a: Patrick Balkany|Protosynthesis|[silent]
|switch|p2a: Glimmochad|Glimmora, M, tera:Grass|15/100
|-damage|p2a: Glimmochad|3/100|[from] Spikes
|move|p1a: Zamazenta|Iron Defense|p1a: Zamazenta
|-boost|p1a: Zamazenta|def|2
|
|turn|13
|
|switch|p1a: Dragapult|Dragapult, F|100/100
|-status|p1a: Dragapult|tox
|move|p2a: Glimmochad|Earth Power|p1a: Dragapult
|-damage|p1a: Dragapult|66/100 tox
|
|-damage|p1a: Dragapult|60/100 tox|[from] psn
|turn|14
|
|move|p2a: Glimmochad|Earth Power|p1a: Dragapult
|-damage|p1a: Dragapult|23/100 tox
|move|p1a: Dragapult|U-turn|p2a: Glimmochad
|-supereffective|p2a: Glimmochad
|-damage|p2a: Glimmochad|0 fnt
|faint|p2a: Glimmochad
|
|switch|p1a: Zamazenta|Zamazenta-Crowned, shiny|100/100|[from] U-turn
|
|
|switch|p2a: Roger|Kingambit, F|100/100
|-damage|p2a: Roger|88/100|[from] Spikes
|-activate|p2a: Roger|ability: Supreme Overlord
|-start|p2a: Roger|fallen3|[silent]
|turn|15
|
|move|p1a: Zamazenta|Body Press|p2a: Roger
|-supereffective|p2a: Roger
|-damage|p2a: Roger|0 fnt
|faint|p2a: Roger
|-end|p2a: Roger|fallen3|[silent]
|
|
|switch|p2a: Patrick Balkany|Slither Wing|88/100
|-damage|p2a: Patrick Balkany|76/100|[from] Spikes
|turn|16
|
|move|p1a: Zamazenta|Iron Defense|p1a: Zamazenta
|-boost|p1a: Zamazenta|def|2
|move|p2a: Patrick Balkany|Earthquake|p1a: Zamazenta
|-supereffective|p1a: Zamazenta
|-damage|p1a: Zamazenta|60/100
|
|turn|17
|
|move|p1a: Zamazenta|Body Press|p2a: Patrick Balkany
|-resisted|p2a: Patrick Balkany
|-damage|p2a: Patrick Balkany|21/100
|move|p2a: Patrick Balkany|Earthquake|p1a: Zamazenta
|-supereffective|p1a: Zamazenta
|-damage|p1a: Zamazenta|19/100
|
|turn|18
|
|move|p1a: Zamazenta|Body Press|p2a: Patrick Balkany
|-resisted|p2a: Patrick Balkany
|-damage|p2a: Patrick Balkany|0 fnt
|faint|p2a: Patrick Balkany
|-end|p2a: Patrick Balkany|Protosynthesis|[silent]
|
|
|switch|p2a: Sébastien|Roaring Moon|100/100
|-damage|p2a: Sébastien|88/100|[from] Spikes
|-enditem|p2a: Sébastien|Booster Energy
|-activate|p2a: Sébastien|ability: Protosynthesis|[fromitem]
|-start|p2a: Sébastien|protosynthesisatk
|turn|19
|
|move|p1a: Zamazenta|Body Press|p2a: Sébastien
|-supereffective|p2a: Sébastien
|-damage|p2a: Sébastien|0 fnt
|faint|p2a: Sébastien
|-end|p2a: Sébastien|Protosynthesis|[silent]
|
|win|Dr. Drake6782
