|poke|p1|Great Tusk|
|poke|p1|Hatterene, F|
|poke|p1|Polteageist|
|poke|p1|Indeedee, M|
|poke|p1|Armarouge, F|
|poke|p1|Baxcalibur, F|
|poke|p2|Iron Valiant|
|poke|p2|Baxcalibur, F|
|poke|p2|Great Tusk|
|poke|p2|Meowscarada, F|
|poke|p2|Iron Moth|
|poke|p2|Kingambit, M|
|teampreview
|
|start
|switch|p1a: GO|Indeedee, M|100/100
|switch|p2a: Carmen Sandiego|Meowscarada, F|100/100
|-fieldstart|move: Psychic Terrain|[from] ability: Psychic Surge|[of] p1a: GO
|turn|1
|
|switch|p1a: Daronne de Woippy|Hatterene, F|100/100
|move|p2a: Carmen Sandiego|Spikes|p1a: Daronne de Woippy
|move|p1a: Daronne de Woippy|Spikes|p2a: Carmen Sandiego|[from]ability: Magic Bounce
|-sidestart|p2: p2|Spikes
|
|turn|2
|
|move|p2a: Carmen Sandiego|Taunt|p1a: Daronne de Woippy
|move|p1a: Daronne de Woippy|Taunt|p2a: Carmen Sandiego|[from]ability: Magic Bounce
|-start|p2a: Carmen Sandiego|move: Taunt
|move|p1a: Daronne de Woippy|Nuzzle|p2a: Carmen Sandiego
|-resisted|p2a: Carmen Sandiego
|-damage|p2a: Carmen Sandiego|98/100
|-status|p2a: Carmen Sandiego|par
|
|turn|3
|
|switch|p2a: Bushidobeard|Kingambit, M|100/100
|-damage|p2a: Bushidobeard|88/100|[from] Spikes
|move|p1a: Daronne de Woippy|Dazzling Gleam|p2a: Bushidobeard
|-damage|p2a: Bushidobeard|48/100
|
|turn|4
|
|-end|p2a: Bushidobeard|fallenundefined|[silent]
|switch|p2a: Iron Valorant|Iron Valiant|100/100
|-enditem|p2a: Iron Valorant|Booster Energy
|-activate|p2a: Iron Valorant|ability: Quark Drive|[fromitem]
|-start|p2a: Iron Valorant|quarkdrivespe
|-damage|p2a: Iron Valorant|88/100|[from] Spikes
|switch|p1a: LESOUPERESOUBE|Great Tusk|100/100
|
|turn|5
|
|-end|p1a: LESOUPERESOUBE|Protosynthesis|[silent]
|switch|p1a: Daronne de Woippy|Hatterene, F|100/100
|move|p2a: Iron Valorant|Moonblast|p1a: Daronne de Woippy
|-damage|p1a: Daronne de Woippy|50/100
|-enditem|p1a: Daronne de Woippy|Eject Button
|
|switch|p1a: VAMOS|Armarouge, F|100/100
|
|turn|6
|
|move|p2a: Iron Valorant|Shadow Ball|p1a: VAMOS
|-supereffective|p1a: VAMOS
|-damage|p1a: VAMOS|36/100
|-unboost|p1a: VAMOS|spd|1
|move|p1a: VAMOS|Armor Cannon|p2a: Iron Valorant
|-damage|p2a: Iron Valorant|0 fnt
|-unboost|p1a: VAMOS|def|1
|-unboost|p1a: VAMOS|spd|1
|faint|p2a: Iron Valorant
|-end|p2a: Iron Valorant|Quark Drive|[silent]
|
|
|switch|p2a: Mecha Mothra|Iron Moth|100/100
|-damage|p2a: Mecha Mothra|88/100|[from] Spikes
|-enditem|p2a: Mecha Mothra|Booster Energy
|-activate|p2a: Mecha Mothra|ability: Quark Drive|[fromitem]
|-start|p2a: Mecha Mothra|quarkdrivespe
|turn|7
|
|move|p2a: Mecha Mothra|Dazzling Gleam|p1a: VAMOS
|-resisted|p1a: VAMOS
|-damage|p1a: VAMOS|0 fnt
|faint|p1a: VAMOS
|
|
|switch|p1a: LESOUPERESOUBE|Great Tusk|100/100
|turn|8
|
|move|p2a: Mecha Mothra|Energy Ball|p1a: LESOUPERESOUBE
|-supereffective|p1a: LESOUPERESOUBE
|-crit|p1a: LESOUPERESOUBE
|-enditem|p1a: LESOUPERESOUBE|Focus Sash
|-damage|p1a: LESOUPERESOUBE|1/100
|move|p1a: LESOUPERESOUBE|Headlong Rush|p2a: Mecha Mothra
|-supereffective|p2a: Mecha Mothra
|-damage|p2a: Mecha Mothra|0 fnt
|-unboost|p1a: LESOUPERESOUBE|def|1
|-unboost|p1a: LESOUPERESOUBE|spd|1
|faint|p2a: Mecha Mothra
|-end|p2a: Mecha Mothra|Quark Drive|[silent]
|
|-fieldend|move: Psychic Terrain
|
|switch|p2a: T-Bone Steak|Great Tusk|100/100
|-damage|p2a: T-Bone Steak|88/100|[from] Spikes
|turn|9
|
|move|p1a: LESOUPERESOUBE|Stealth Rock|p2a: T-Bone Steak
|-sidestart|p2: p2|move: Stealth Rock
|move|p2a: T-Bone Steak|Rapid Spin|p1a: LESOUPERESOUBE
|-damage|p1a: LESOUPERESOUBE|0 fnt
|-boost|p2a: T-Bone Steak|spe|1
|-sideend|p2: p2|Spikes|[from] move: Rapid Spin|[of] p2a: T-Bone Steak
|-sideend|p2: p2|Stealth Rock|[from] move: Rapid Spin|[of] p2a: T-Bone Steak
|faint|p1a: LESOUPERESOUBE
|-end|p1a: LESOUPERESOUBE|Protosynthesis|[silent]
|
|
|switch|p1a: GOOOOO|Polteageist|100/100
|turn|10
|
|move|p2a: T-Bone Steak|Headlong Rush|p1a: GOOOOO
|-enditem|p1a: GOOOOO|Focus Sash
|-damage|p1a: GOOOOO|1/100
|-unboost|p2a: T-Bone Steak|def|1
|-unboost|p2a: T-Bone Steak|spd|1
|-enditem|p2a: T-Bone Steak|Eject Pack
|-ability|p1a: GOOOOO|Weak Armor|boost
|-unboost|p1a: GOOOOO|def|1
|-boost|p1a: GOOOOO|spe|2
|
|-end|p2a: T-Bone Steak|Protosynthesis|[silent]
|switch|p2a: Bushidobeard|Kingambit, M|48/100
|-activate|p2a: Bushidobeard|ability: Supreme Overlord
|-start|p2a: Bushidobeard|fallen2|[silent]
|move|p1a: GOOOOO|Shell Smash|p1a: GOOOOO
|-unboost|p1a: GOOOOO|def|1
|-unboost|p1a: GOOOOO|spd|1
|-boost|p1a: GOOOOO|atk|2
|-boost|p1a: GOOOOO|spa|2
|-boost|p1a: GOOOOO|spe|2
|
|turn|11
|
|-terastallize|p1a: GOOOOO|Fairy
|move|p1a: GOOOOO|Tera Blast|p2a: Bushidobeard
|-damage|p2a: Bushidobeard|0 fnt
|faint|p2a: Bushidobeard
|-end|p2a: Bushidobeard|fallen2|[silent]
|
|
|switch|p2a: Gojira|Baxcalibur, F|100/100
|turn|12
|
|move|p2a: Gojira|Ice Shard|p1a: GOOOOO
|-damage|p1a: GOOOOO|0 fnt
|faint|p1a: GOOOOO
|
|
|switch|p1a: GO|Indeedee, M|100/100
|-fieldstart|move: Psychic Terrain|[from] ability: Psychic Surge|[of] p1a: GO
|turn|13
|
|move|p1a: GO|Dazzling Gleam|p2a: Gojira
|-supereffective|p2a: Gojira
|-damage|p2a: Gojira|60/100
|move|p2a: Gojira|Swords Dance|p2a: Gojira
|-boost|p2a: Gojira|atk|2
|
|turn|14
|
|move|p1a: GO|Encore|p2a: Gojira
|-start|p2a: Gojira|Encore
|move|p2a: Gojira|Swords Dance|p2a: Gojira
|-boost|p2a: Gojira|atk|2
|
|turn|15
|
|switch|p2a: Carmen Sandiego|Meowscarada, F|98/100 par
|move|p1a: GO|Dazzling Gleam|p2a: Carmen Sandiego
|-supereffective|p2a: Carmen Sandiego
|-damage|p2a: Carmen Sandiego|27/100 par
|
|turn|16
|
|move|p1a: GO|Dazzling Gleam|p2a: Carmen Sandiego
|-supereffective|p2a: Carmen Sandiego
|-damage|p2a: Carmen Sandiego|0 fnt
|faint|p2a: Carmen Sandiego
|
|
|switch|p2a: T-Bone Steak|Great Tusk|88/100
|turn|17
|
|-terastallize|p2a: T-Bone Steak|Water
|move|p1a: GO|Psychic|p2a: T-Bone Steak
|-damage|p2a: T-Bone Steak|30/100
|move|p2a: T-Bone Steak|Rapid Spin|p1a: GO
|-damage|p1a: GO|71/100
|-boost|p2a: T-Bone Steak|spe|1
|
|turn|18
|
|switch|p1a: Daronne de Woippy|Hatterene, F|50/100
|move|p2a: T-Bone Steak|Knock Off|p1a: Daronne de Woippy
|-damage|p1a: Daronne de Woippy|30/100
|
|turn|19
|
|move|p2a: T-Bone Steak|Headlong Rush|p1a: Daronne de Woippy
|-damage|p1a: Daronne de Woippy|0 fnt
|-unboost|p2a: T-Bone Steak|def|1
|-unboost|p2a: T-Bone Steak|spd|1
|faint|p1a: Daronne de Woippy
|
|
|switch|p1a: vous|Baxcalibur, F|100/100
|turn|20
|
|move|p2a: T-Bone Steak|Close Combat|p1a: vous
|-supereffective|p1a: vous
|-damage|p1a: vous|0 fnt
|-unboost|p2a: T-Bone Steak|def|1
|-unboost|p2a: T-Bone Steak|spd|1
|faint|p1a: vous
|
|-fieldend|move: Psychic Terrain
|
|switch|p1a: GO|Indeedee, M|71/100
|-fieldstart|move: Psychic Terrain|[from] ability: Psychic Surge|[of] p1a: GO
|turn|21
|
|move|p2a: T-Bone Steak|Knock Off|p1a: GO
|-supereffective|p1a: GO
|-damage|p1a: GO|0 fnt
|-enditem|p1a: GO|Terrain Extender|[from] move: Knock Off|[of] p2a: T-Bone Steak
|faint|p1a: GO
|
|win|p2
