|poke|p1|Cresselia, F|
|poke|p1|Armarouge, F|
|poke|p1|Ursaluna, M|
|poke|p1|Hatterene, F|
|poke|p1|Decidueye-Hisui, F|
|poke|p1|Goodra-Hisui, M|
|poke|p2|Great Tusk|
|poke|p2|Slowking, F|
|poke|p2|Enamorus, F|
|poke|p2|Cinderace, M|
|poke|p2|Hoopa-Unbound|
|poke|p2|Urshifu-*, F|
|teampreview
|
|start
|switch|p1a: Cresselia|Cresselia, F|100/100
|switch|p2a: Hoopa|Hoopa-Unbound|100/100
|turn|1
|
|move|p1a: Cresselia|Protect|p1a: Cresselia
|-singleturn|p1a: Cresselia|Protect
|move|p2a: Hoopa|Hyperspace Fury|p1a: Cresselia
|-activate|p1a: Cresselia|move: Hyperspace Fury|[broken]
|-supereffective|p1a: Cresselia
|-damage|p1a: Cresselia|0 fnt
|-unboost|p2a: Hoopa|def|1
|faint|p1a: Cresselia
|
|
|switch|p1a: Hatterene|Hatterene, F|100/100
|turn|2
|
|move|p2a: Hoopa|Hyperspace Fury|p1a: Hatterene
|-damage|p1a: Hatterene|4/100
|-unboost|p2a: Hoopa|def|1
|move|p1a: Hatterene|Trick Room|p1a: Hatterene
|-fieldstart|move: Trick Room|[of] p1a: Hatterene
|
|turn|3
|
|switch|p2a: Slowking|Slowking, F|100/100
|move|p1a: Hatterene|Dazzling Gleam|p2a: Slowking
|-damage|p2a: Slowking|59/100
|-damage|p1a: Hatterene|0 fnt|[from] item: Life Orb
|faint|p1a: Hatterene
|
|
|switch|p1a: Decidueye|Decidueye-Hisui, F|100/100
|turn|4
|
|switch|p2a: Enamorus|Enamorus, F|100/100
|move|p1a: Decidueye|Triple Arrows|p2a: Enamorus
|-resisted|p2a: Enamorus
|-damage|p2a: Enamorus|76/100
|-damage|p1a: Decidueye|90/100|[from] item: Life Orb
|
|turn|5
|
|move|p1a: Decidueye|Triple Arrows|p2a: Enamorus
|-resisted|p2a: Enamorus
|-damage|p2a: Enamorus|53/100
|-damage|p1a: Decidueye|80/100|[from] item: Life Orb
|cant|p2a: Enamorus|flinch
|
|turn|6
|
|move|p1a: Decidueye|Brave Bird|p2a: Enamorus
|-crit|p2a: Enamorus
|-damage|p2a: Enamorus|0 fnt
|faint|p2a: Enamorus
|-damage|p1a: Decidueye|67/100|[from] Recoil
|-damage|p1a: Decidueye|57/100|[from] item: Life Orb
|
|-fieldend|move: Trick Room
|
|switch|p2a: Cinderace|Cinderace, M|100/100
|turn|7
|
|switch|p1a: Armarouge|Armarouge, F|100/100
|move|p2a: Cinderace|Pyro Ball|p1a: Armarouge
|-resisted|p1a: Armarouge
|-damage|p1a: Armarouge|76/100
|-ability|p1a: Armarouge|Weak Armor|boost
|-unboost|p1a: Armarouge|def|1
|-boost|p1a: Armarouge|spe|2
|
|turn|8
|
|-terastallize|p1a: Armarouge|Fire
|move|p1a: Armarouge|Armor Cannon|p2a: Cinderace
|-resisted|p2a: Cinderace
|-damage|p2a: Cinderace|8/100
|-unboost|p1a: Armarouge|def|1
|-unboost|p1a: Armarouge|spd|1
|move|p2a: Cinderace|U-turn|p1a: Armarouge
|-start|p2a: Cinderace|typechange|Bug|[from] ability: Libero
|-resisted|p1a: Armarouge
|-damage|p1a: Armarouge|44/100
|-ability|p1a: Armarouge|Weak Armor|boost
|-unboost|p1a: Armarouge|def|1
|-boost|p1a: Armarouge|spe|2
|
|switch|p2a: Slowking|Slowking, F|92/100|[from] U-turn
|
|turn|9
|
|switch|p1a: Decidueye|Decidueye-Hisui, F|57/100
|move|p2a: Slowking|Future Sight|p1a: Decidueye
|-start|p2a: Slowking|move: Future Sight
|
|turn|10
|
|move|p1a: Decidueye|Brave Bird|p2a: Slowking
|-damage|p2a: Slowking|29/100
|-damage|p1a: Decidueye|37/100|[from] Recoil
|-damage|p1a: Decidueye|27/100|[from] item: Life Orb
|move|p2a: Slowking|Chilly Reception|p2a: Slowking
|-weather|Snow
|
|switch|p2a: Urshifu|Urshifu-Rapid-Strike, F|100/100|[from] Chilly Reception
|
|-weather|Snow|[upkeep]
|turn|11
|j| Volcaronium
|
|switch|p1a: Goodra|Goodra-Hisui, M|100/100
|move|p2a: Urshifu|Surging Strikes|p1a: Goodra
|-resisted|p1a: Goodra
|-crit|p1a: Goodra
|-damage|p1a: Goodra|90/100
|-resisted|p1a: Goodra
|-crit|p1a: Goodra
|-damage|p1a: Goodra|79/100
|-resisted|p1a: Goodra
|-crit|p1a: Goodra
|-damage|p1a: Goodra|69/100
|-hitcount|p1a: Goodra|3
|
|-weather|Snow|[upkeep]
|-end|p1a: Goodra|move: Future Sight
|-resisted|p1a: Goodra
|-damage|p1a: Goodra|57/100
|-heal|p1a: Goodra|63/100|[from] item: Leftovers
|turn|12
|
|move|p2a: Urshifu|Close Combat|p1a: Goodra
|-supereffective|p1a: Goodra
|-crit|p1a: Goodra
|-damage|p1a: Goodra|0 fnt
|-unboost|p2a: Urshifu|def|1
|-unboost|p2a: Urshifu|spd|1
|-ability|p1a: Goodra|Gooey
|-unboost|p2a: Urshifu|spe|1
|faint|p1a: Goodra
|
|-weather|Snow|[upkeep]
|
|switch|p1a: Ursaluna|Ursaluna, M|100/100
|turn|13
|-message|roddyroderick44 forfeited.
|
|win|calamari sunday
|l|☆roddyroderick44
