|poke|p1|Skeledirge, F|
|poke|p1|Ting-Lu|
|poke|p1|Dondozo, F|
|poke|p1|Toxapex, F|
|poke|p1|Alomomola, M|
|poke|p1|Dragonite, M|
|poke|p2|Urshifu-*, M|
|poke|p2|Slowking-Galar, M|
|poke|p2|Enamorus, F|
|poke|p2|Delphox, F|
|poke|p2|Landorus-Therian, M|
|poke|p2|Regidrago|
|teampreview
|
|start
|switch|p1a: Ting-Lu|Ting-Lu|100/100
|switch|p2a: Landorus|Landorus-Therian, M|100/100
|-ability|p2a: Landorus|Intimidate|boost
|-unboost|p1a: Ting-Lu|atk|1
|-ability|p1a: Ting-Lu|Vessel of Ruin
|turn|1
|
|move|p2a: Landorus|U-turn|p1a: Ting-Lu
|-supereffective|p1a: Ting-Lu
|-damage|p1a: Ting-Lu|69/100
|
|switch|p2a: Urshifu|Urshifu-Rapid-Strike, M|100/100|[from] U-turn
|move|p1a: Ting-Lu|Stealth Rock|p2a: Urshifu
|-sidestart|p2: p2|move: Stealth Rock
|
|turn|2
|
|switch|p1a: Toxapex|Toxapex, F|100/100
|move|p2a: Urshifu|Close Combat|p1a: Toxapex
|-resisted|p1a: Toxapex
|-damage|p1a: Toxapex|81/100
|-unboost|p2a: Urshifu|def|1
|-unboost|p2a: Urshifu|spd|1
|
|turn|3
|
|switch|p2a: Slowking|Slowking-Galar, M|100/100
|-damage|p2a: Slowking|88/100|[from] Stealth Rock
|move|p1a: Toxapex|Toxic|p2a: Slowking
|-immune|p2a: Slowking
|
|turn|4
|
|switch|p1a: Alomomola|Alomomola, M|100/100
|move|p2a: Slowking|Future Sight|p1a: Alomomola
|-start|p2a: Slowking|move: Future Sight
|
|turn|5
|
|move|p1a: Alomomola|Wish|p1a: Alomomola
|move|p2a: Slowking|Sludge Bomb|p1a: Alomomola
|-damage|p1a: Alomomola|61/100
|-status|p1a: Alomomola|psn
|
|-damage|p1a: Alomomola|49/100 psn|[from] psn
|turn|6
|
|switch|p1a: Ting-Lu|Ting-Lu|69/100
|-ability|p1a: Ting-Lu|Vessel of Ruin
|switch|p2a: Urshifu|Urshifu-Rapid-Strike, M|100/100
|-damage|p2a: Urshifu|94/100|[from] Stealth Rock
|
|-end|p1a: Ting-Lu|move: Future Sight
|-immune|p1a: Ting-Lu
|-heal|p1a: Ting-Lu|100/100|[from] move: Wish|[wisher] Alomomola
|turn|7
|
|switch|p1a: Toxapex|Toxapex, F|100/100
|move|p2a: Urshifu|U-turn|p1a: Toxapex
|-resisted|p1a: Toxapex
|-damage|p1a: Toxapex|93/100
|
|switch|p2a: Regidrago|Regidrago|100/100|[from] U-turn
|-damage|p2a: Regidrago|88/100|[from] Stealth Rock
|
|turn|8
|
|move|p2a: Regidrago|Draco Meteor|p1a: Toxapex
|-damage|p1a: Toxapex|0 fnt
|-unboost|p2a: Regidrago|spa|2
|faint|p1a: Toxapex
|
|
|switch|p1a: Ting-Lu|Ting-Lu|100/100
|-ability|p1a: Ting-Lu|Vessel of Ruin
|turn|9
|
|switch|p2a: Landorus|Landorus-Therian, M|100/100
|-damage|p2a: Landorus|88/100|[from] Stealth Rock
|-ability|p2a: Landorus|Intimidate|boost
|-unboost|p1a: Ting-Lu|atk|1
|move|p1a: Ting-Lu|Spikes|p2a: Landorus
|-sidestart|p2: p2|Spikes
|
|turn|10
|
|move|p2a: Landorus|Stealth Rock|p1a: Ting-Lu
|-sidestart|p1: p1|move: Stealth Rock
|move|p1a: Ting-Lu|Spikes|p2a: Landorus
|-sidestart|p2: p2|Spikes
|
|turn|11
|
|switch|p2a: Enamorus|Enamorus, F|100/100
|-damage|p2a: Enamorus|76/100|[from] Stealth Rock
|move|p1a: Ting-Lu|Spikes|p2a: Enamorus
|-sidestart|p2: p2|Spikes
|
|-heal|p2a: Enamorus|82/100|[from] item: Leftovers
|turn|12
|
|switch|p1a: Skeledirge|Skeledirge, F|100/100
|move|p2a: Enamorus|Moonblast|p1a: Skeledirge
|-resisted|p1a: Skeledirge
|-damage|p1a: Skeledirge|83/100
|-unboost|p1a: Skeledirge|spa|1
|
|-heal|p2a: Enamorus|88/100|[from] item: Leftovers
|turn|13
|
|move|p2a: Enamorus|Earth Power|p1a: Skeledirge
|-supereffective|p1a: Skeledirge
|-crit|p1a: Skeledirge
|-damage|p1a: Skeledirge|9/100
|move|p1a: Skeledirge|Will-O-Wisp|p2a: Enamorus
|-status|p2a: Enamorus|brn
|
|-heal|p2a: Enamorus|94/100 brn|[from] item: Leftovers
|-damage|p2a: Enamorus|88/100 brn|[from] brn
|turn|14
|
|switch|p1a: Dragonite|Dragonite, M|100/100
|move|p2a: Enamorus|Moonblast|p1a: Dragonite
|-supereffective|p1a: Dragonite
|-damage|p1a: Dragonite|50/100
|
|-heal|p2a: Enamorus|94/100 brn|[from] item: Leftovers
|-damage|p2a: Enamorus|88/100 brn|[from] brn
|turn|15
|
|move|p1a: Dragonite|Extreme Speed|p2a: Enamorus
|-damage|p2a: Enamorus|30/100 brn
|-start|p1a: Dragonite|Attract|[from] ability: Cute Charm|[of] p2a: Enamorus
|move|p2a: Enamorus|Moonblast|p1a: Dragonite
|-supereffective|p1a: Dragonite
|-damage|p1a: Dragonite|0 fnt
|faint|p1a: Dragonite
|
|-heal|p2a: Enamorus|36/100 brn|[from] item: Leftovers
|-damage|p2a: Enamorus|30/100 brn|[from] brn
|
|switch|p1a: Alomomola|Alomomola, M|82/100 psn
|turn|16
|
|move|p1a: Alomomola|Protect|p1a: Alomomola
|-singleturn|p1a: Alomomola|Protect
|move|p2a: Enamorus|Moonblast|p1a: Alomomola
|-activate|p1a: Alomomola|move: Protect
|
|-heal|p2a: Enamorus|36/100 brn|[from] item: Leftovers
|-damage|p1a: Alomomola|70/100 psn|[from] psn
|-damage|p2a: Enamorus|30/100 brn|[from] brn
|turn|17
|
|move|p2a: Enamorus|Moonblast|p1a: Alomomola
|-damage|p1a: Alomomola|12/100 psn
|move|p1a: Alomomola|Wish|p1a: Alomomola
|
|-heal|p2a: Enamorus|36/100 brn|[from] item: Leftovers
|-damage|p1a: Alomomola|0 fnt|[from] psn
|faint|p1a: Alomomola
|-damage|p2a: Enamorus|30/100 brn|[from] brn
|-message|p1 forfeited.
|
|win|p2
