|poke|p1|Samurott-Hisui, F|
|poke|p1|Dragapult, F|
|poke|p1|Sneasler, F|
|poke|p1|Magearna|
|poke|p1|Volcarona, F|
|poke|p1|Zamazenta-*|
|poke|p2|Chien-Pao|
|poke|p2|Magearna|
|poke|p2|Toxapex, M|
|poke|p2|Heatran, M|
|poke|p2|Corviknight, F|
|poke|p2|Hoopa-Unbound|
|teampreview
|
|start
|switch|p1a: Samurott|Samurott-Hisui, F|100/100
|switch|p2a: Chien-Pao|Chien-Pao|100/100
|-ability|p2a: Chien-Pao|Sword of Ruin
|turn|1
|
|move|p2a: Chien-Pao|Sacred Sword|p1a: Samurott
|-supereffective|p1a: Samurott
|-enditem|p1a: Samurott|Focus Sash
|-damage|p1a: Samurott|1/100
|move|p1a: Samurott|Razor Shell|p2a: Chien-Pao
|-damage|p2a: Chien-Pao|24/100
|
|turn|2
|
|move|p1a: Samurott|Aqua Jet|p2a: Chien-Pao
|-damage|p2a: Chien-Pao|0 fnt
|faint|p2a: Chien-Pao
|
|
|switch|p2a: Hoopa|Hoopa-Unbound|100/100
|turn|3
|
|move|p2a: Hoopa|Knock Off|p1a: Samurott
|-resisted|p1a: Samurott
|-damage|p1a: Samurott|0 fnt
|faint|p1a: Samurott
|
|
|switch|p1a: Magearna|Magearna|100/100
|turn|4
|
|switch|p2a: Heatran|Heatran, M|100/100
|move|p1a: Magearna|Calm Mind|p1a: Magearna
|-boost|p1a: Magearna|spa|1
|-boost|p1a: Magearna|spd|1
|
|turn|5
|
|switch|p1a: Dragapult|Dragapult, F|100/100
|move|p2a: Heatran|Lava Plume|p1a: Dragapult
|-resisted|p1a: Dragapult
|-crit|p1a: Dragapult
|-damage|p1a: Dragapult|64/100
|
|turn|6
|
|move|p1a: Dragapult|Light Screen|p1a: Dragapult
|-sidestart|p1: SDK04|move: Light Screen
|move|p2a: Heatran|Stealth Rock|p1a: Dragapult
|-sidestart|p1: SDK04|move: Stealth Rock
|
|turn|7
|
|move|p1a: Dragapult|Reflect|p1a: Dragapult
|-sidestart|p1: SDK04|Reflect
|move|p2a: Heatran|Substitute|p2a: Heatran
|-start|p2a: Heatran|Substitute
|-damage|p2a: Heatran|76/100
|
|-heal|p2a: Heatran|82/100|[from] item: Leftovers
|turn|8
|
|move|p1a: Dragapult|Curse|p2a: Heatran
|-start|p2a: Heatran|Curse|[of] p1a: Dragapult
|-damage|p1a: Dragapult|14/100
|move|p2a: Heatran|Lava Plume|p1a: Dragapult
|-resisted|p1a: Dragapult
|-damage|p1a: Dragapult|3/100
|-start|p2a: Heatran|Disable|Lava Plume|[from] ability: Cursed Body|[of] p1a: Dragapult
|
|-heal|p2a: Heatran|88/100|[from] item: Leftovers
|-damage|p2a: Heatran|63/100|[from] Curse
|turn|9
|
|move|p1a: Dragapult|U-turn|p2a: Heatran
|-resisted|p2a: Heatran
|-activate|p2a: Heatran|move: Substitute|[damage]
|
|switch|p1a: Volcarona|Volcarona, F|100/100|[from] U-turn
|move|p2a: Heatran|Earth Power|p1a: Volcarona
|-damage|p1a: Volcarona|83/100
|
|-heal|p2a: Heatran|69/100|[from] item: Leftovers
|-damage|p2a: Heatran|44/100|[from] Curse
|turn|10
|
|switch|p2a: Hoopa|Hoopa-Unbound|100/100
|move|p1a: Volcarona|Quiver Dance|p1a: Volcarona
|-boost|p1a: Volcarona|spa|1
|-boost|p1a: Volcarona|spd|1
|-boost|p1a: Volcarona|spe|1
|
|turn|11
|
|move|p1a: Volcarona|Fiery Dance|p2a: Hoopa
|-damage|p2a: Hoopa|42/100
|move|p2a: Hoopa|Trick|p1a: Volcarona
|-activate|p2a: Hoopa|move: Trick|[of] p1a: Volcarona
|-item|p1a: Volcarona|Choice Scarf|[from] move: Trick
|-item|p2a: Hoopa|Heavy-Duty Boots|[from] move: Trick
|
|turn|12
|
|switch|p2a: Heatran|Heatran, M|44/100
|move|p1a: Volcarona|Tera Blast|p2a: Heatran
|-resisted|p2a: Heatran
|-damage|p2a: Heatran|28/100
|
|-heal|p2a: Heatran|34/100|[from] item: Leftovers
|turn|13
|
|switch|p2a: Toxapex|Toxapex, M, shiny|100/100
|move|p1a: Volcarona|Tera Blast|p2a: Toxapex
|-damage|p2a: Toxapex|65/100
|
|-sideend|p1: SDK04|move: Light Screen
|turn|14
|
|-terastallize|p1a: Volcarona|Ground
|move|p2a: Toxapex|Baneful Bunker|p2a: Toxapex
|-singleturn|p2a: Toxapex|move: Protect
|move|p1a: Volcarona|Tera Blast|p2a: Toxapex
|-activate|p2a: Toxapex|move: Protect
|
|-sideend|p1: SDK04|Reflect
|turn|15
|
|switch|p1a: Magearna|Magearna|100/100
|-damage|p1a: Magearna|94/100|[from] Stealth Rock
|switch|p2a: Corviknight|Corviknight, F|100/100
|-ability|p2a: Corviknight|Pressure
|
|-heal|p1a: Magearna|100/100|[from] item: Leftovers
|turn|16
|
|switch|p1a: Sneasler|Sneasler, F|100/100
|-damage|p1a: Sneasler|94/100|[from] Stealth Rock
|-item|p1a: Sneasler|Air Balloon
|switch|p2a: Magearna|Magearna|100/100
|
|turn|17
|
|switch|p2a: Corviknight|Corviknight, F|100/100
|-ability|p2a: Corviknight|Pressure
|move|p1a: Sneasler|Swords Dance|p1a: Sneasler
|-boost|p1a: Sneasler|atk|2
|
|turn|18
|
|move|p1a: Sneasler|Swords Dance|p1a: Sneasler
|-boost|p1a: Sneasler|atk|2
|move|p2a: Corviknight|Iron Defense|p2a: Corviknight
|-boost|p2a: Corviknight|def|2
|
|turn|19
|
|switch|p1a: Volcarona|Volcarona, F, tera:Ground|83/100
|-damage|p1a: Volcarona|77/100|[from] Stealth Rock
|move|p2a: Corviknight|Iron Defense|p2a: Corviknight
|-boost|p2a: Corviknight|def|2
|
|turn|20
|
|switch|p2a: Toxapex|Toxapex, M, shiny|98/100
|move|p1a: Volcarona|Tera Blast|p2a: Toxapex
|-supereffective|p2a: Toxapex
|-damage|p2a: Toxapex|28/100
|
|turn|21
|
|switch|p1a: Dragapult|Dragapult, F|3/100
|-damage|p1a: Dragapult|0 fnt|[from] Stealth Rock
|faint|p1a: Dragapult
|switch|p2a: Corviknight|Corviknight, F|100/100
|-ability|p2a: Corviknight|Pressure
|
|
|switch|p1a: Magearna|Magearna|100/100
|-damage|p1a: Magearna|94/100|[from] Stealth Rock
|turn|22
|
|switch|p2a: Magearna|Magearna|100/100
|move|p1a: Magearna|Iron Defense|p1a: Magearna
|-boost|p1a: Magearna|def|2
|
|-heal|p1a: Magearna|100/100|[from] item: Leftovers
|turn|23
|
|move|p2a: Magearna|Shift Gear|p2a: Magearna
|-boost|p2a: Magearna|spe|2
|-boost|p2a: Magearna|atk|1
|move|p1a: Magearna|Calm Mind|p1a: Magearna
|-boost|p1a: Magearna|spa|1
|-boost|p1a: Magearna|spd|1
|
|turn|24
|
|-terastallize|p2a: Magearna|Ground
|move|p2a: Magearna|Tera Blast|p1a: Magearna
|-supereffective|p1a: Magearna
|-damage|p1a: Magearna|51/100
|move|p1a: Magearna|Calm Mind|p1a: Magearna
|-boost|p1a: Magearna|spa|1
|-boost|p1a: Magearna|spd|1
|
|-heal|p1a: Magearna|57/100|[from] item: Leftovers
|turn|25
|
|move|p2a: Magearna|Tera Blast|p1a: Magearna
|-supereffective|p1a: Magearna
|-damage|p1a: Magearna|21/100
|move|p1a: Magearna|Draining Kiss|p2a: Magearna
|-damage|p2a: Magearna|59/100
|-heal|p1a: Magearna|47/100|[from] drain|[of] p2a: Magearna
|-enditem|p2a: Magearna|Red Card|[of] p1a: Magearna
|drag|p1a: Sneasler|Sneasler, F|94/100
|-damage|p1a: Sneasler|88/100|[from] Stealth Rock
|-item|p1a: Sneasler|Air Balloon
|
|turn|26
|
|move|p2a: Magearna|Thunderbolt|p1a: Sneasler
|-damage|p1a: Sneasler|53/100
|-enditem|p1a: Sneasler|Air Balloon
|move|p1a: Sneasler|Swords Dance|p1a: Sneasler
|-boost|p1a: Sneasler|atk|2
|
|turn|27
|
|move|p1a: Sneasler|Acrobatics|p2a: Magearna
|-damage|p2a: Magearna|0 fnt
|faint|p2a: Magearna
|
|
|switch|p2a: Corviknight|Corviknight, F|100/100
|-ability|p2a: Corviknight|Pressure
|turn|28
|
|move|p1a: Sneasler|Close Combat|p2a: Corviknight
|-damage|p2a: Corviknight|18/100
|-unboost|p1a: Sneasler|def|1
|-unboost|p1a: Sneasler|spd|1
|-damage|p1a: Sneasler|37/100|[from] item: Rocky Helmet|[of] p2a: Corviknight
|move|p2a: Corviknight|Iron Defense|p2a: Corviknight
|-boost|p2a: Corviknight|def|2
|
|turn|29
|
|move|p1a: Sneasler|Close Combat|p2a: Corviknight
|-damage|p2a: Corviknight|0 fnt
|-unboost|p1a: Sneasler|def|1
|-unboost|p1a: Sneasler|spd|1
|-damage|p1a: Sneasler|20/100|[from] item: Rocky Helmet|[of] p2a: Corviknight
|faint|p2a: Corviknight
|
|
|switch|p2a: Toxapex|Toxapex, M, shiny|62/100
|turn|30
|
|move|p2a: Toxapex|Baneful Bunker|p2a: Toxapex
|-singleturn|p2a: Toxapex|move: Protect
|move|p1a: Sneasler|Dire Claw|p2a: Toxapex
|-activate|p2a: Toxapex|move: Protect
|
|turn|31
|
|move|p1a: Sneasler|Dire Claw|p2a: Toxapex
|-resisted|p2a: Toxapex
|-damage|p2a: Toxapex|36/100
|move|p2a: Toxapex|Surf|p1a: Sneasler
|-damage|p1a: Sneasler|0 fnt
|faint|p1a: Sneasler
|
|
|switch|p1a: Volcarona|Volcarona, F, tera:Ground|77/100
|-damage|p1a: Volcarona|71/100|[from] Stealth Rock
|turn|32
|
|move|p2a: Toxapex|Baneful Bunker|p2a: Toxapex
|-singleturn|p2a: Toxapex|move: Protect
|move|p1a: Volcarona|Tera Blast|p2a: Toxapex
|-activate|p2a: Toxapex|move: Protect
|
|turn|33
|
|move|p1a: Volcarona|Tera Blast|p2a: Toxapex
|-supereffective|p2a: Toxapex
|-damage|p2a: Toxapex|0 fnt
|faint|p2a: Toxapex
|
|
|switch|p2a: Hoopa|Hoopa-Unbound|42/100
|turn|34
|
|switch|p1a: Magearna|Magearna|47/100
|-damage|p1a: Magearna|41/100|[from] Stealth Rock
|move|p2a: Hoopa|Ice Punch|p1a: Magearna
|-resisted|p1a: Magearna
|-damage|p1a: Magearna|28/100
|
|-heal|p1a: Magearna|34/100|[from] item: Leftovers
|turn|35
|
|switch|p2a: Heatran|Heatran, M|34/100
|move|p1a: Magearna|Calm Mind|p1a: Magearna
|-boost|p1a: Magearna|spa|1
|-boost|p1a: Magearna|spd|1
|
|-heal|p1a: Magearna|40/100|[from] item: Leftovers
|-heal|p2a: Heatran|40/100|[from] item: Leftovers
|turn|36
|
|move|p1a: Magearna|Calm Mind|p1a: Magearna
|-boost|p1a: Magearna|spa|1
|-boost|p1a: Magearna|spd|1
|move|p2a: Heatran|Lava Plume|p1a: Magearna
|-supereffective|p1a: Magearna
|-damage|p1a: Magearna|2/100
|
|-heal|p1a: Magearna|8/100|[from] item: Leftovers
|-heal|p2a: Heatran|47/100|[from] item: Leftovers
|turn|37
|
|move|p1a: Magearna|Draining Kiss|p2a: Heatran
|-resisted|p2a: Heatran
|-damage|p2a: Heatran|38/100
|-heal|p1a: Magearna|15/100|[from] drain|[of] p2a: Heatran
|move|p2a: Heatran|Lava Plume|p1a: Magearna
|-supereffective|p1a: Magearna
|-damage|p1a: Magearna|0 fnt
|faint|p1a: Magearna
|
|-heal|p2a: Heatran|44/100|[from] item: Leftovers
|
|switch|p1a: Zamazenta|Zamazenta-Crowned|100/100
|-damage|p1a: Zamazenta|97/100|[from] Stealth Rock
|-ability|p1a: Zamazenta|Dauntless Shield|boost
|-boost|p1a: Zamazenta|def|1
|turn|38
|
|move|p1a: Zamazenta|Body Press|p2a: Heatran
|-supereffective|p2a: Heatran
|-damage|p2a: Heatran|0 fnt
|faint|p2a: Heatran
|
|
|switch|p2a: Hoopa|Hoopa-Unbound|42/100
|turn|39
|
|move|p1a: Zamazenta|Body Press|p2a: Hoopa
|-damage|p2a: Hoopa|0 fnt
|faint|p2a: Hoopa
|
|win|SDK04
