# advantage = p1
|poke|p1|Garchomp, M|
|poke|p1|Sandaconda, F|
|poke|p1|Samurott-Hisui, F|
|poke|p1|Arcanine-Hisui, M|
|poke|p1|Lucario, F|
|poke|p1|Overqwil, M|
|poke|p2|Skeledirge, M|
|poke|p2|Avalugg-Hisui, M|
|poke|p2|Basculegion-F, F|
|poke|p2|Iron Jugulis|
|poke|p2|Slither Wing|
|poke|p2|Coalossal, M|
|teampreview
|
|start
|switch|p1a: Overqwil|Overqwil, M|100/100
|switch|p2a: Titan|Coalossal, M, shiny|100/100
|-ability|p1a: Overqwil|Intimidate|boost
|-unboost|p2a: Titan|atk|1
|-item|p1a: Overqwil|Air Balloon
|turn|1
|
|move|p1a: Overqwil|Toxic Spikes|p2a: Titan
|-sidestart|p2: p2|move: Toxic Spikes
|move|p2a: Titan|Earthquake|p1a: Overqwil
|-immune|p1a: Overqwil
|
|turn|2
|
|move|p1a: Overqwil|Aqua Jet|p2a: Titan
|-supereffective|p2a: Titan
|-damage|p2a: Titan|66/100
|-ability|p2a: Titan|Steam Engine|boost
|-boost|p2a: Titan|spe|6
|move|p2a: Titan|Fire Punch|p1a: Overqwil
|-damage|p1a: Overqwil|75/100
|-enditem|p1a: Overqwil|Air Balloon
|
|turn|3
|
|move|p1a: Overqwil|Aqua Jet|p2a: Titan
|-supereffective|p2a: Titan
|-damage|p2a: Titan|33/100
|move|p2a: Titan|Earthquake|p1a: Overqwil
|-supereffective|p1a: Overqwil
|-damage|p1a: Overqwil|41/100
|
|turn|4
|
|switch|p2a: Hy4-G0N3|Iron Jugulis|100/100
|-enditem|p2a: Hy4-G0N3|Booster Energy
|-activate|p2a: Hy4-G0N3|ability: Quark Drive|[fromitem]
|-start|p2a: Hy4-G0N3|quarkdrivespe
|move|p1a: Overqwil|Aqua Jet|p2a: Hy4-G0N3
|-damage|p2a: Hy4-G0N3|86/100
|
|turn|5
|
|move|p2a: Hy4-G0N3|Charge Beam|p1a: Overqwil
|-crit|p1a: Overqwil
|-damage|p1a: Overqwil|12/100
|-boost|p2a: Hy4-G0N3|spa|1
|move|p1a: Overqwil|Barb Barrage|p2a: Hy4-G0N3
|-damage|p2a: Hy4-G0N3|52/100
|-status|p2a: Hy4-G0N3|psn
|
|-damage|p2a: Hy4-G0N3|39/100 psn|[from] psn
|turn|6
|
|move|p1a: Overqwil|Aqua Jet|p2a: Hy4-G0N3
|-damage|p2a: Hy4-G0N3|23/100 psn
|move|p2a: Hy4-G0N3|Dark Pulse|p1a: Overqwil
|-resisted|p1a: Overqwil
|-damage|p1a: Overqwil|0 fnt
|faint|p1a: Overqwil
|
|-damage|p2a: Hy4-G0N3|11/100 psn|[from] psn
|
|switch|p1a: Arcanine|Arcanine-Hisui, M|100/100
|turn|7
|
|move|p1a: Arcanine|Extreme Speed|p2a: Hy4-G0N3
|-damage|p2a: Hy4-G0N3|0 fnt
|faint|p2a: Hy4-G0N3
|-end|p2a: Hy4-G0N3|Quark Drive|[silent]
|
|
|switch|p2a: Basculegion|Basculegion-F, F|100/100
|-status|p2a: Basculegion|psn
|turn|8
|
|switch|p1a: Lucario|Lucario, F|100/100
|move|p2a: Basculegion|Blizzard|p1a: Lucario
|-resisted|p1a: Lucario
|-damage|p1a: Lucario|60/100
|
|-damage|p2a: Basculegion|88/100 psn|[from] psn
|turn|9
|
|switch|p2a: Kurokodairu|Skeledirge, M|100/100
|move|p1a: Lucario|Earthquake|p2a: Kurokodairu
|-supereffective|p2a: Kurokodairu
|-damage|p2a: Kurokodairu|34/100
|-damage|p1a: Lucario|50/100|[from] item: Life Orb
|
|turn|10
|
|move|p1a: Lucario|Earthquake|p2a: Kurokodairu
|-supereffective|p2a: Kurokodairu
|-damage|p2a: Kurokodairu|0 fnt
|faint|p2a: Kurokodairu
|-damage|p1a: Lucario|40/100|[from] item: Life Orb
|
|
|switch|p2a: Itō|Slither Wing, shiny|100/100
|-status|p2a: Itō|psn
|turn|11
|
|switch|p1a: Overkill|Garchomp, M|100/100
|move|p2a: Itō|Close Combat|p1a: Overkill
|-damage|p1a: Overkill|5/100
|-unboost|p2a: Itō|def|1
|-unboost|p2a: Itō|spd|1
|-damage|p2a: Itō|88/100 psn|[from] ability: Rough Skin|[of] p1a: Overkill
|
|-damage|p2a: Itō|76/100 psn|[from] psn
|turn|12
|
|move|p1a: Overkill|Stealth Rock|p2a: Itō
|-sidestart|p2: p2|move: Stealth Rock
|move|p2a: Itō|Close Combat|p1a: Overkill
|-damage|p1a: Overkill|0 fnt
|-unboost|p2a: Itō|def|1
|-unboost|p2a: Itō|spd|1
|-damage|p2a: Itō|64/100 psn|[from] ability: Rough Skin|[of] p1a: Overkill
|faint|p1a: Overkill
|
|-damage|p2a: Itō|52/100 psn|[from] psn
|
|switch|p1a: Arcanine|Arcanine-Hisui, M|100/100
|turn|13
|
|-end|p2a: Itō|Protosynthesis|[silent]
|switch|p2a: Basculegion|Basculegion-F, F|88/100 psn
|-damage|p2a: Basculegion|76/100 psn|[from] Stealth Rock
|move|p1a: Arcanine|Flare Blitz|p2a: Basculegion
|-resisted|p2a: Basculegion
|-damage|p2a: Basculegion|40/100 psn
|
|-damage|p2a: Basculegion|28/100 psn|[from] psn
|turn|14
|
|move|p1a: Arcanine|Head Smash|p2a: Basculegion
|-damage|p2a: Basculegion|0 fnt
|faint|p2a: Basculegion
|
|
|switch|p2a: Trudge|Avalugg-Hisui, M|100/100
|-status|p2a: Trudge|psn
|-damage|p2a: Trudge|76/100 psn|[from] Stealth Rock
|turn|15
|
|move|p1a: Arcanine|Head Smash|p2a: Trudge
|-supereffective|p2a: Trudge
|-damage|p2a: Trudge|10/100 psn
|move|p2a: Trudge|Body Press|p1a: Arcanine
|-supereffective|p1a: Arcanine
|-damage|p1a: Arcanine|25/100
|
|-damage|p2a: Trudge|0 fnt|[from] psn
|faint|p2a: Trudge
|
|switch|p2a: Titan|Coalossal, M, shiny|33/100
|-status|p2a: Titan|psn
|-damage|p2a: Titan|9/100 psn|[from] Stealth Rock
|turn|16
|
|move|p1a: Arcanine|Extreme Speed|p2a: Titan
|-resisted|p2a: Titan
|-damage|p2a: Titan|1/100 psn
|move|p2a: Titan|Stone Edge|p1a: Arcanine|[miss]
|-miss|p2a: Titan|p1a: Arcanine
|
|-damage|p2a: Titan|0 fnt|[from] psn
|faint|p2a: Titan
|
|switch|p2a: Itō|Slither Wing, shiny|52/100 psn
|-damage|p2a: Itō|39/100 psn|[from] Stealth Rock
|turn|17
|
|move|p1a: Arcanine|Flare Blitz|p2a: Itō
|-supereffective|p2a: Itō
|-damage|p2a: Itō|0 fnt
|faint|p2a: Itō
|-end|p2a: Itō|Protosynthesis|[silent]
|
|win|p1
