|poke|p1|Garchomp, F|
|poke|p1|Scizor, M|
|poke|p1|Armarouge, M|
|poke|p1|Overqwil, M|
|poke|p1|Abomasnow, F|
|poke|p1|Basculegion, M|
|poke|p2|Basculegion, M|
|poke|p2|Pelipper, M|
|poke|p2|Sneasler, M|
|poke|p2|Electrode-Hisui|
|poke|p2|Slither Wing|
|poke|p2|Clodsire, F|
|teampreview
|
|start
|switch|p1a: tetris|Overqwil, M|100/100
|switch|p2a: Pelipper|Pelipper, M|100/100
|-weather|RainDance|[from] ability: Drizzle|[of] p2a: Pelipper
|turn|1
|
|move|p1a: tetris|Gunk Shot|p2a: Pelipper
|-damage|p2a: Pelipper|52/100
|move|p2a: Pelipper|U-turn|p1a: tetris
|-damage|p1a: tetris|90/100
|-status|p2a: Pelipper|psn|[from] ability: Poison Point|[of] p1a: tetris
|
|switch|p2a: Sneasler|Sneasler, M|100/100|[from] U-turn
|
|-weather|RainDance|[upkeep]
|-heal|p1a: tetris|96/100|[from] item: Black Sludge
|turn|2
|
|move|p2a: Sneasler|Swords Dance|p2a: Sneasler
|-boost|p2a: Sneasler|atk|2
|move|p1a: tetris|Blizzard|p2a: Sneasler
|-damage|p2a: Sneasler|81/100
|
|-weather|RainDance|[upkeep]
|-heal|p1a: tetris|100/100|[from] item: Black Sludge
|turn|3
|
|switch|p1a: om nom|Garchomp, F|100/100
|move|p2a: Sneasler|Close Combat|p1a: om nom
|-damage|p1a: om nom|0 fnt
|-unboost|p2a: Sneasler|def|1
|-unboost|p2a: Sneasler|spd|1
|-damage|p2a: Sneasler|68/100|[from] ability: Rough Skin|[of] p1a: om nom
|faint|p1a: om nom
|
|-weather|RainDance|[upkeep]
|
|switch|p1a: bludgeon|Basculegion, M, shiny|100/100
|turn|4
|
|-terastallize|p2a: Sneasler|Flying
|move|p1a: bludgeon|Phantom Force||[still]
|-prepare|p1a: bludgeon|Phantom Force
|move|p2a: Sneasler|Acrobatics|p1a: bludgeon|[miss]
|-miss|p2a: Sneasler|p1a: bludgeon
|
|-weather|RainDance|[upkeep]
|turn|5
|
|switch|p2a: Pelipper|Pelipper, M|52/100 psn
|move|p1a: bludgeon|Phantom Force|p2a: Pelipper|[from]lockedmove
|-damage|p2a: Pelipper|19/100 psn
|
|-weather|RainDance|[upkeep]
|-damage|p2a: Pelipper|7/100 psn|[from] psn
|turn|6
|
|move|p1a: bludgeon|Crunch|p2a: Pelipper
|-damage|p2a: Pelipper|0 fnt
|faint|p2a: Pelipper
|
|-weather|RainDance|[upkeep]
|
|switch|p2a: Basculegion|Basculegion, M|100/100
|turn|7
|
|move|p2a: Basculegion|Phantom Force||[still]
|-prepare|p2a: Basculegion|Phantom Force
|move|p1a: bludgeon|Phantom Force||[still]
|-prepare|p1a: bludgeon|Phantom Force
|
|-weather|RainDance|[upkeep]
|turn|8
|
|move|p2a: Basculegion|Phantom Force|p1a: bludgeon|[from]lockedmove|[miss]
|-miss|p2a: Basculegion|p1a: bludgeon
|move|p1a: bludgeon|Phantom Force|p2a: Basculegion|[from]lockedmove
|-supereffective|p2a: Basculegion
|-damage|p2a: Basculegion|1/100
|
|-weather|none
|turn|9
|
|move|p2a: Basculegion|Wave Crash|p1a: bludgeon
|-resisted|p1a: bludgeon
|-damage|p1a: bludgeon|61/100
|-damage|p2a: Basculegion|0 fnt|[from] Recoil
|faint|p2a: Basculegion
|move|p1a: bludgeon|Crunch|p2: Basculegion|[notarget]
|-fail|p1a: bludgeon
|
|-heal|p1a: bludgeon|67/100|[from] item: Leftovers
|
|switch|p2a: Electrode|Electrode-Hisui|100/100
|turn|10
|
|switch|p1a: obama care|Abomasnow, F, shiny|100/100
|-weather|Snow|[from] ability: Snow Warning|[of] p1a: obama care
|move|p2a: Electrode|Volt Switch|p1a: obama care
|-resisted|p1a: obama care
|-damage|p1a: obama care|87/100
|
|switch|p2a: Sneasler|Sneasler, M, tera:Flying|68/100|[from] Volt Switch
|
|-weather|Snow|[upkeep]
|turn|11
|
|move|p2a: Sneasler|Swords Dance|p2a: Sneasler
|-boost|p2a: Sneasler|atk|2
|move|p1a: obama care|Aurora Veil|p1a: obama care
|-sidestart|p1: SerCosmo|move: Aurora Veil
|
|-weather|Snow|[upkeep]
|turn|12
|
|move|p2a: Sneasler|Acrobatics|p1a: obama care
|-supereffective|p1a: obama care
|-damage|p1a: obama care|41/100
|move|p1a: obama care|Giga Drain|p2a: Sneasler
|-resisted|p2a: Sneasler
|-damage|p2a: Sneasler|53/100
|-heal|p1a: obama care|47/100|[from] drain|[of] p2a: Sneasler
|
|-weather|Snow|[upkeep]
|turn|13
|
|switch|p1a: tetris|Overqwil, M|100/100
|move|p2a: Sneasler|Swords Dance|p2a: Sneasler
|-boost|p2a: Sneasler|atk|2
|
|-weather|Snow|[upkeep]
|turn|14
|
|move|p2a: Sneasler|Close Combat|p1a: tetris
|-damage|p1a: tetris|0 fnt
|-unboost|p2a: Sneasler|def|1
|-unboost|p2a: Sneasler|spd|1
|faint|p1a: tetris
|
|-weather|none
|
|switch|p1a: anec|Scizor, M|100/100
|turn|15
|
|move|p2a: Sneasler|Acrobatics|p1a: anec
|-damage|p1a: anec|47/100
|move|p1a: anec|U-turn|p2a: Sneasler
|-resisted|p2a: Sneasler
|-damage|p2a: Sneasler|7/100
|
|switch|p1a: Armarouge|Armarouge, M|100/100|[from] U-turn
|
|turn|16
|
|move|p2a: Sneasler|Acrobatics|p1a: Armarouge
|-crit|p1a: Armarouge
|-damage|p1a: Armarouge|0 fnt
|faint|p1a: Armarouge
|
|
|switch|p1a: bludgeon|Basculegion, M, shiny|67/100
|turn|17
|
|move|p2a: Sneasler|Acrobatics|p1a: bludgeon
|-damage|p1a: bludgeon|23/100
|move|p1a: bludgeon|Phantom Force||[still]
|-prepare|p1a: bludgeon|Phantom Force
|
|-heal|p1a: bludgeon|29/100|[from] item: Leftovers
|turn|18
|
|move|p2a: Sneasler|Acrobatics|p1a: bludgeon|[miss]
|-miss|p2a: Sneasler|p1a: bludgeon
|move|p1a: bludgeon|Phantom Force|p2a: Sneasler|[from]lockedmove
|-damage|p2a: Sneasler|0 fnt
|faint|p2a: Sneasler
|
|-heal|p1a: bludgeon|35/100|[from] item: Leftovers
|-sideend|p1: SerCosmo|move: Aurora Veil
|
|switch|p2a: Electrode|Electrode-Hisui|100/100
|turn|19
|
|switch|p1a: obama care|Abomasnow, F, shiny|47/100
|-weather|Snow|[from] ability: Snow Warning|[of] p1a: obama care
|move|p2a: Electrode|Volt Switch|p1a: obama care
|-resisted|p1a: obama care
|-damage|p1a: obama care|33/100
|
|switch|p2a: Slither Wing|Slither Wing|100/100|[from] Volt Switch
|
|-weather|Snow|[upkeep]
|turn|20
|
|switch|p1a: bludgeon|Basculegion, M, shiny|35/100
|move|p2a: Slither Wing|First Impression|p1a: bludgeon
|-resisted|p1a: bludgeon
|-damage|p1a: bludgeon|14/100
|
|-weather|Snow|[upkeep]
|-heal|p1a: bludgeon|20/100|[from] item: Leftovers
|turn|21
|
|-end|p2a: Slither Wing|Protosynthesis|[silent]
|switch|p2a: Clodsire|Clodsire, F|100/100
|move|p1a: bludgeon|Phantom Force||[still]
|-prepare|p1a: bludgeon|Phantom Force
|
|-weather|Snow|[upkeep]
|-heal|p1a: bludgeon|26/100|[from] item: Leftovers
|turn|22
|
|move|p1a: bludgeon|Phantom Force|p2a: Clodsire|[from]lockedmove
|-damage|p2a: Clodsire|52/100
|move|p2a: Clodsire|Toxic|p1a: bludgeon
|-status|p1a: bludgeon|tox
|
|-weather|Snow|[upkeep]
|-heal|p1a: bludgeon|32/100 tox|[from] item: Leftovers
|-heal|p2a: Clodsire|58/100|[from] item: Leftovers
|-damage|p1a: bludgeon|26/100 tox|[from] psn
|turn|23
|
|-terastallize|p1a: bludgeon|Water
|move|p1a: bludgeon|Wave Crash|p2a: Clodsire
|-heal|p2a: Clodsire|83/100|[from] ability: Water Absorb|[of] p1a: bludgeon
|move|p2a: Clodsire|Recover|p2a: Clodsire
|-heal|p2a: Clodsire|100/100
|
|-weather|none
|-heal|p1a: bludgeon|32/100 tox|[from] item: Leftovers
|-damage|p1a: bludgeon|20/100 tox|[from] psn
|turn|24
|
|move|p1a: bludgeon|Crunch|p2a: Clodsire
|-damage|p2a: Clodsire|72/100
|move|p2a: Clodsire|Earthquake|p1a: bludgeon
|-damage|p1a: bludgeon|0 fnt
|faint|p1a: bludgeon
|
|-heal|p2a: Clodsire|78/100|[from] item: Leftovers
|
|switch|p1a: obama care|Abomasnow, F, shiny|33/100
|-weather|Snow|[from] ability: Snow Warning|[of] p1a: obama care
|turn|25
|
|switch|p2a: Slither Wing|Slither Wing|100/100
|move|p1a: obama care|Giga Drain|p2a: Slither Wing
|-resisted|p2a: Slither Wing
|-damage|p2a: Slither Wing|95/100
|-heal|p1a: obama care|36/100|[from] drain|[of] p2a: Slither Wing
|
|-weather|Snow|[upkeep]
|turn|26
|
|switch|p1a: anec|Scizor, M|47/100
|move|p2a: Slither Wing|Flare Blitz|p1a: anec
|-supereffective|p1a: anec
|-damage|p1a: anec|0 fnt
|faint|p1a: anec
|-damage|p2a: Slither Wing|83/100|[from] Recoil
|
|-weather|Snow|[upkeep]
|
|switch|p1a: obama care|Abomasnow, F, shiny|36/100
|turn|27
|
|move|p2a: Slither Wing|Flare Blitz|p1a: obama care
|-supereffective|p1a: obama care
|-damage|p1a: obama care|0 fnt
|faint|p1a: obama care
|-damage|p2a: Slither Wing|70/100|[from] Recoil
|
|win|Red-ghost1
