|poke|p1|Grimmsnarl, M|
|poke|p1|Moltres-Galar|
|poke|p1|Sneasler, M|
|poke|p1|Zamazenta-*|
|poke|p1|Glimmora, M|
|poke|p1|Thundurus-Therian, M|
|poke|p2|Zapdos|
|poke|p2|Great Tusk|
|poke|p2|Dragapult, M|
|poke|p2|Tornadus-Therian, M|
|poke|p2|Cinderace, F|
|poke|p2|Enamorus-Therian, F|
|teampreview
|
|start
|switch|p1a: Glimmora|Glimmora, M, shiny|100/100
|switch|p2a: Great Tusk|Great Tusk|100/100
|turn|1
|
|-end|p2a: Great Tusk|Protosynthesis|[silent]
|switch|p2a: Tornadus|Tornadus-Therian, M|100/100
|move|p1a: Glimmora|Energy Ball|p2a: Tornadus
|-resisted|p2a: Tornadus
|-damage|p2a: Tornadus|90/100
|
|turn|2
|
|move|p1a: Glimmora|Stealth Rock|p2a: Tornadus
|-sidestart|p2: p2|move: Stealth Rock
|move|p2a: Tornadus|U-turn|p1a: Glimmora
|-resisted|p1a: Glimmora
|-damage|p1a: Glimmora|91/100
|-activate|p1a: Glimmora|ability: Toxic Debris
|-sidestart|p2: p2|move: Toxic Spikes
|
|switch|p2a: Dragapult|Dragapult, M|100/100|[from] U-turn
|
|turn|3
|
|switch|p1a: Grimmsnarl|Grimmsnarl, M|100/100
|move|p2a: Dragapult|U-turn|p1a: Grimmsnarl
|-damage|p1a: Grimmsnarl|78/100
|
|switch|p2a: Enamorus|Enamorus-Therian, F|100/100|[from] U-turn
|-damage|p2a: Enamorus|76/100|[from] Stealth Rock
|
|turn|4
|
|move|p1a: Grimmsnarl|Light Screen|p1a: Grimmsnarl
|-sidestart|p1: p1|move: Light Screen
|move|p2a: Enamorus|Moonblast|p1a: Grimmsnarl
|-supereffective|p1a: Grimmsnarl
|-damage|p1a: Grimmsnarl|21/100
|-damage|p2a: Enamorus|66/100|[from] item: Life Orb
|
|turn|5
|
|switch|p1a: Sneasler|Sneasler, M|100/100
|move|p2a: Enamorus|Earth Power|p1a: Sneasler
|-supereffective|p1a: Sneasler
|-damage|p1a: Sneasler|42/100
|-damage|p2a: Enamorus|56/100|[from] item: Life Orb
|
|turn|6
|
|switch|p2a: Great Tusk|Great Tusk|100/100
|-damage|p2a: Great Tusk|98/100|[from] Stealth Rock
|-status|p2a: Great Tusk|psn
|move|p1a: Sneasler|Dire Claw|p2a: Great Tusk
|-resisted|p2a: Great Tusk
|-damage|p2a: Great Tusk|86/100 psn
|
|-heal|p2a: Great Tusk|92/100 psn|[from] item: Leftovers
|-damage|p2a: Great Tusk|80/100 psn|[from] psn
|turn|7
|
|move|p1a: Sneasler|Close Combat|p2a: Great Tusk
|-damage|p2a: Great Tusk|48/100 psn
|-unboost|p1a: Sneasler|def|1
|-unboost|p1a: Sneasler|spd|1
|-enditem|p1a: Sneasler|White Herb
|-clearnegativeboost|p1a: Sneasler|[silent]
|move|p2a: Great Tusk|Rapid Spin|p1a: Sneasler
|-damage|p1a: Sneasler|18/100
|-boost|p2a: Great Tusk|spe|1
|-sideend|p2: p2|Toxic Spikes|[from] move: Rapid Spin|[of] p2a: Great Tusk
|-sideend|p2: p2|Stealth Rock|[from] move: Rapid Spin|[of] p2a: Great Tusk
|
|-heal|p2a: Great Tusk|54/100 psn|[from] item: Leftovers
|-damage|p2a: Great Tusk|41/100 psn|[from] psn
|turn|8
|
|move|p1a: Sneasler|Acrobatics|p2a: Great Tusk
|-supereffective|p2a: Great Tusk
|-damage|p2a: Great Tusk|0 fnt
|faint|p2a: Great Tusk
|-end|p2a: Great Tusk|Protosynthesis|[silent]
|
|
|switch|p2a: Zapdos|Zapdos|100/100
|turn|9
|
|move|p1a: Sneasler|Dire Claw|p2a: Zapdos
|-damage|p2a: Zapdos|68/100
|-status|p1a: Sneasler|par|[from] ability: Static|[of] p2a: Zapdos
|move|p2a: Zapdos|Discharge|p1a: Sneasler
|-damage|p1a: Sneasler|0 fnt
|faint|p1a: Sneasler
|
|
|switch|p1a: Thundurus|Thundurus-Therian, M, shiny|100/100
|turn|10
|
|-terastallize|p2a: Zapdos|Electric
|move|p1a: Thundurus|Agility|p1a: Thundurus
|-boost|p1a: Thundurus|spe|2
|move|p2a: Zapdos|Roost|p2a: Zapdos
|-heal|p2a: Zapdos|100/100
|
|turn|11
|
|move|p1a: Thundurus|Nasty Plot|p1a: Thundurus
|-boost|p1a: Thundurus|spa|2
|move|p2a: Zapdos|Heat Wave|p1a: Thundurus
|-damage|p1a: Thundurus|81/100
|
|-sideend|p1: p1|move: Light Screen
|turn|12
|
|move|p1a: Thundurus|Grass Knot|p2a: Zapdos
|-damage|p2a: Zapdos|40/100
|move|p2a: Zapdos|Heat Wave|p1a: Thundurus
|-damage|p1a: Thundurus|44/100
|
|turn|13
|
|move|p1a: Thundurus|Thunderbolt|p2a: Zapdos
|-resisted|p2a: Zapdos
|-damage|p2a: Zapdos|0 fnt
|faint|p2a: Zapdos
|
|
|switch|p2a: Cinderace|Cinderace, F|100/100
|turn|14
|
|move|p2a: Cinderace|Sucker Punch||[still]
|-fail|p2a: Cinderace
|move|p1a: Thundurus|Nasty Plot|p1a: Thundurus
|-boost|p1a: Thundurus|spa|2
|
|turn|15
|
|move|p2a: Cinderace|Sucker Punch||[still]
|-fail|p2a: Cinderace
|move|p1a: Thundurus|Nasty Plot|p1a: Thundurus
|-boost|p1a: Thundurus|spa|2
|
|turn|16
|
|move|p2a: Cinderace|Sucker Punch||[still]
|-fail|p2a: Cinderace
|move|p1a: Thundurus|Agility|p1a: Thundurus
|-boost|p1a: Thundurus|spe|2
|
|turn|17
|
|move|p1a: Thundurus|Agility|p1a: Thundurus
|-boost|p1a: Thundurus|spe|2
|move|p2a: Cinderace|Pyro Ball|p1a: Thundurus
|-damage|p1a: Thundurus|0 fnt
|faint|p1a: Thundurus
|
|
|switch|p1a: Glimmora|Glimmora, M, shiny|91/100
|turn|18
|
|move|p2a: Cinderace|U-turn|p1a: Glimmora
|-start|p2a: Cinderace|typechange|Bug|[from] ability: Libero
|-resisted|p1a: Glimmora
|-damage|p1a: Glimmora|72/100
|-activate|p1a: Glimmora|ability: Toxic Debris
|-sidestart|p2: p2|move: Toxic Spikes
|
|switch|p2a: Tornadus|Tornadus-Therian, M|100/100|[from] U-turn
|move|p1a: Glimmora|Stealth Rock|p2a: Tornadus
|-sidestart|p2: p2|move: Stealth Rock
|
|turn|19
|
|move|p1a: Glimmora|Mortal Spin|p2a: Tornadus
|-damage|p2a: Tornadus|94/100
|-status|p2a: Tornadus|psn
|move|p2a: Tornadus|Bleakwind Storm|p1a: Glimmora
|-resisted|p1a: Glimmora
|-damage|p1a: Glimmora|41/100
|-unboost|p1a: Glimmora|spe|1
|
|-damage|p2a: Tornadus|81/100 psn|[from] psn
|turn|20
|
|move|p2a: Tornadus|Bleakwind Storm|p1a: Glimmora|[miss]
|-miss|p2a: Tornadus|p1a: Glimmora
|move|p1a: Glimmora|Energy Ball|p2a: Tornadus
|-resisted|p2a: Tornadus
|-damage|p2a: Tornadus|71/100 psn
|
|-damage|p2a: Tornadus|59/100 psn|[from] psn
|turn|21
|
|move|p2a: Tornadus|Bleakwind Storm|p1a: Glimmora
|-resisted|p1a: Glimmora
|-damage|p1a: Glimmora|7/100
|move|p1a: Glimmora|Energy Ball|p2a: Tornadus
|-resisted|p2a: Tornadus
|-damage|p2a: Tornadus|48/100 psn
|
|-damage|p2a: Tornadus|35/100 psn|[from] psn
|turn|22
|
|move|p2a: Tornadus|U-turn|p1a: Glimmora
|-resisted|p1a: Glimmora
|-damage|p1a: Glimmora|0 fnt
|-activate|p1a: Glimmora|ability: Toxic Debris
|-sidestart|p2: p2|move: Toxic Spikes
|faint|p1a: Glimmora
|
|switch|p2a: Enamorus|Enamorus-Therian, F|56/100|[from] U-turn
|-damage|p2a: Enamorus|31/100|[from] Stealth Rock
|
|
|switch|p1a: Grimmsnarl|Grimmsnarl, M|21/100
|turn|23
|
|move|p1a: Grimmsnarl|Light Screen|p1a: Grimmsnarl
|-sidestart|p1: p1|move: Light Screen
|move|p2a: Enamorus|Draining Kiss|p1a: Grimmsnarl
|-supereffective|p1a: Grimmsnarl
|-damage|p1a: Grimmsnarl|0 fnt
|-heal|p2a: Enamorus|49/100|[from] drain|[of] p1a: Grimmsnarl
|faint|p1a: Grimmsnarl
|-damage|p2a: Enamorus|39/100|[from] item: Life Orb
|
|
|switch|p1a: Moltres|Moltres-Galar|100/100
|turn|24
|
|move|p1a: Moltres|Agility|p1a: Moltres
|-boost|p1a: Moltres|spe|2
|move|p2a: Enamorus|Draining Kiss|p1a: Moltres
|-supereffective|p1a: Moltres
|-damage|p1a: Moltres|67/100
|-heal|p2a: Enamorus|62/100|[from] drain|[of] p1a: Moltres
|-enditem|p1a: Moltres|Weakness Policy
|-boost|p1a: Moltres|atk|2|[from] item: Weakness Policy
|-boost|p1a: Moltres|spa|2|[from] item: Weakness Policy
|-damage|p2a: Enamorus|52/100|[from] item: Life Orb
|
|turn|25
|
|move|p1a: Moltres|Hurricane|p2a: Enamorus
|-damage|p2a: Enamorus|0 fnt
|faint|p2a: Enamorus
|
|
|switch|p2a: Tornadus|Tornadus-Therian, M|68/100 psn
|-damage|p2a: Tornadus|44/100 psn|[from] Stealth Rock
|turn|26
|
|move|p1a: Moltres|Fiery Wrath|p2a: Tornadus
|-damage|p2a: Tornadus|0 fnt
|faint|p2a: Tornadus
|
|
|switch|p2a: Dragapult|Dragapult, M|100/100
|turn|27
|
|move|p1a: Moltres|Fiery Wrath|p2a: Dragapult
|-supereffective|p2a: Dragapult
|-damage|p2a: Dragapult|0 fnt
|faint|p2a: Dragapult
|
|-message|p2 forfeited.
|
|win|p1
