|poke|p1|Volcarona, M|
|poke|p1|Zoroark-Hisui, M|
|poke|p1|Dragonite, M|
|poke|p1|Breloom, F|
|poke|p1|Clodsire, M|
|poke|p1|Electrode-Hisui|
|poke|p2|Great Tusk|
|poke|p2|Urshifu-*, F|
|poke|p2|Dragapult, M|
|poke|p2|Enamorus, F|
|poke|p2|Kingambit, M|
|poke|p2|Arcanine-Hisui, F|
|teampreview
|
|start
|switch|p1a: Electrode|Electrode-Hisui|100/100
|switch|p2a: Dragapult|Dragapult, M|100/100
|turn|1
|
|-terastallize|p1a: Electrode|Ice
|move|p1a: Electrode|Tera Blast|p2a: Dragapult
|-supereffective|p2a: Dragapult
|-damage|p2a: Dragapult|0 fnt
|faint|p2a: Dragapult
|
|
|switch|p2a: Arcanine|Arcanine-Hisui, F|100/100
|turn|2
|
|switch|p1a: Clodsire|Clodsire, M|100/100
|move|p2a: Arcanine|Flare Blitz|p1a: Clodsire
|-damage|p1a: Clodsire|41/100
|
|-heal|p1a: Clodsire|47/100|[from] item: Leftovers
|turn|3
|
|move|p2a: Arcanine|Flare Blitz|p1a: Clodsire
|-damage|p1a: Clodsire|0 fnt
|faint|p1a: Clodsire
|
|
|switch|p1a: Dragonite|Dragonite, M|100/100
|turn|4
|
|switch|p2a: Enamorus|Enamorus, F|100/100
|move|p1a: Dragonite|Earthquake|p2a: Enamorus
|-immune|p2a: Enamorus
|
|turn|5
|
|switch|p1a: Electrode|Electrode-Hisui, tera:Ice|100/100
|move|p2a: Enamorus|Moonblast|p1a: Electrode
|-damage|p1a: Electrode|17/100
|
|turn|6
|
|switch|p2a: Arcanine|Arcanine-Hisui, F|100/100
|move|p1a: Electrode|Thunder|p2a: Arcanine
|-damage|p2a: Arcanine|17/100
|-status|p2a: Arcanine|par
|
|turn|7
|
|cant|p2a: Arcanine|par
|move|p1a: Electrode|Thunder|p2a: Arcanine|[miss]
|-miss|p1a: Electrode|p2a: Arcanine
|
|turn|8
|
|move|p2a: Arcanine|Extreme Speed|p1a: Electrode
|-damage|p1a: Electrode|0 fnt
|faint|p1a: Electrode
|
|
|switch|p1a: Breloom|Breloom, F|100/100
|turn|9
|
|move|p2a: Arcanine|Extreme Speed|p1a: Breloom
|-immune|p1a: Breloom
|move|p1a: Breloom|Shadow Ball|p2a: Arcanine
|-damage|p2a: Arcanine|0 fnt
|faint|p2a: Arcanine
|
|
|switch|p2a: Kingambit|Kingambit, M|100/100
|-activate|p2a: Kingambit|ability: Supreme Overlord
|-start|p2a: Kingambit|fallen2|[silent]
|turn|10
|
|-terastallize|p2a: Kingambit|Dark
|move|p1a: Breloom|Nasty Plot|p1a: Breloom
|-boost|p1a: Breloom|spa|2
|move|p2a: Kingambit|Swords Dance|p2a: Kingambit
|-boost|p2a: Kingambit|atk|2
|
|turn|11
|
|move|p2a: Kingambit|Sucker Punch|p1a: Breloom
|-supereffective|p1a: Breloom
|-damage|p1a: Breloom|0 fnt
|replace|p1a: Zoroark|Zoroark-Hisui, M
|-end|p1a: Zoroark|Illusion
|faint|p1a: Zoroark
|
|
|switch|p1a: Breloom|Breloom, F|100/100
|turn|12
|
|-end|p2a: Kingambit|fallen2|[silent]
|switch|p2a: Great Tusk|Great Tusk|100/100
|move|p1a: Breloom|Mach Punch|p2a: Great Tusk
|-damage|p2a: Great Tusk|85/100
|
|-heal|p2a: Great Tusk|91/100|[from] item: Leftovers
|turn|13
|
|move|p1a: Breloom|Spore|p2a: Great Tusk
|-status|p2a: Great Tusk|slp|[from] move: Spore
|cant|p2a: Great Tusk|slp
|
|-heal|p2a: Great Tusk|97/100 slp|[from] item: Leftovers
|turn|14
|
|-end|p2a: Great Tusk|Protosynthesis|[silent]
|switch|p2a: Enamorus|Enamorus, F|100/100
|move|p1a: Breloom|Bullet Seed|p2a: Enamorus
|-resisted|p2a: Enamorus
|-damage|p2a: Enamorus|84/100
|-resisted|p2a: Enamorus
|-damage|p2a: Enamorus|66/100
|-hitcount|p2a: Enamorus|2
|
|turn|15
|
|move|p2a: Enamorus|Moonblast|p1a: Breloom
|-supereffective|p1a: Breloom
|-enditem|p1a: Breloom|Focus Sash
|-damage|p1a: Breloom|1/100
|move|p1a: Breloom|Bullet Seed|p2a: Enamorus
|-resisted|p2a: Enamorus
|-damage|p2a: Enamorus|50/100
|-resisted|p2a: Enamorus
|-damage|p2a: Enamorus|32/100
|-hitcount|p2a: Enamorus|2
|
|turn|16
|
|move|p1a: Breloom|Mach Punch|p2a: Enamorus
|-resisted|p2a: Enamorus
|-damage|p2a: Enamorus|18/100
|move|p2a: Enamorus|Mystical Fire|p1a: Breloom
|-supereffective|p1a: Breloom
|-damage|p1a: Breloom|0 fnt
|faint|p1a: Breloom
|
|
|switch|p1a: Dragonite|Dragonite, M|100/100
|turn|17
|
|move|p1a: Dragonite|Extreme Speed|p2a: Enamorus
|-damage|p2a: Enamorus|0 fnt
|faint|p2a: Enamorus
|
|
|switch|p2a: Kingambit|Kingambit, M, tera:Dark|100/100
|-activate|p2a: Kingambit|ability: Supreme Overlord
|-start|p2a: Kingambit|fallen3|[silent]
|turn|18
|
|move|p1a: Dragonite|Dragon Claw|p2a: Kingambit
|-damage|p2a: Kingambit|66/100
|move|p2a: Kingambit|Kowtow Cleave|p1a: Dragonite
|-damage|p1a: Dragonite|38/100
|
|turn|19
|
|move|p1a: Dragonite|Dragon Claw|p2a: Kingambit
|-damage|p2a: Kingambit|30/100
|move|p2a: Kingambit|Kowtow Cleave|p1a: Dragonite
|-damage|p1a: Dragonite|0 fnt
|faint|p1a: Dragonite
|
|
|switch|p1a: Volcarona|Volcarona, M|100/100
|turn|20
|
|move|p1a: Volcarona|Quiver Dance|p1a: Volcarona
|-boost|p1a: Volcarona|spa|1
|-boost|p1a: Volcarona|spd|1
|-boost|p1a: Volcarona|spe|1
|move|p2a: Kingambit|Kowtow Cleave|p1a: Volcarona
|-damage|p1a: Volcarona|0 fnt
|faint|p1a: Volcarona
|
|win|p2
