|poke|p1|Dondozo, M|
|poke|p1|Skeledirge, M|
|poke|p1|Amoonguss, F|
|poke|p1|Garganacl, F|
|poke|p1|Chien-Pao|
|poke|p1|Great Tusk|
|poke|p2|Sneasler, M|
|poke|p2|Thundurus-Therian, M|
|poke|p2|Volcanion|
|poke|p2|Landorus-Therian, M|
|poke|p2|Magearna|
|poke|p2|Dragapult, F|
|teampreview
|
|start
|switch|p1a: Da White Taiga|Chien-Pao|100/100
|switch|p2a: Landorus|Landorus-Therian, M|100/100
|-ability|p1a: Da White Taiga|Sword of Ruin
|-ability|p2a: Landorus|Intimidate|boost
|-unboost|p1a: Da White Taiga|atk|1
|turn|1
|
|switch|p2a: Magearna|Magearna|100/100
|move|p1a: Da White Taiga|Ice Spinner|p2a: Magearna
|-resisted|p2a: Magearna
|-damage|p2a: Magearna|84/100
|
|-heal|p2a: Magearna|90/100|[from] item: Leftovers
|turn|2
|
|switch|p1a: Mick|Skeledirge, M, shiny|100/100
|move|p2a: Magearna|Volt Switch|p1a: Mick
|-damage|p1a: Mick|86/100
|
|switch|p2a: Landorus|Landorus-Therian, M|100/100|[from] Volt Switch
|-ability|p2a: Landorus|Intimidate|boost
|-unboost|p1a: Mick|atk|1
|
|turn|3
|
|switch|p1a: Big Horny|Great Tusk|100/100
|move|p2a: Landorus|Earthquake|p1a: Big Horny
|-damage|p1a: Big Horny|76/100
|
|-heal|p1a: Big Horny|83/100|[from] item: Leftovers
|turn|4
|
|move|p1a: Big Horny|Bulk Up|p1a: Big Horny
|-boost|p1a: Big Horny|atk|1
|-boost|p1a: Big Horny|def|1
|move|p2a: Landorus|Taunt|p1a: Big Horny
|-start|p1a: Big Horny|move: Taunt
|
|-heal|p1a: Big Horny|89/100|[from] item: Leftovers
|turn|5
|
|move|p1a: Big Horny|Rapid Spin|p2a: Landorus
|-damage|p2a: Landorus|85/100
|-boost|p1a: Big Horny|spe|1
|move|p2a: Landorus|Stealth Rock|p1a: Big Horny
|-sidestart|p1: p1|move: Stealth Rock
|
|-heal|p1a: Big Horny|95/100|[from] item: Leftovers
|-heal|p2a: Landorus|91/100|[from] item: Leftovers
|turn|6
|
|move|p1a: Big Horny|Knock Off|p2a: Landorus
|-damage|p2a: Landorus|64/100
|-enditem|p2a: Landorus|Leftovers|[from] move: Knock Off|[of] p1a: Big Horny
|move|p2a: Landorus|U-turn|p1a: Big Horny
|-resisted|p1a: Big Horny
|-damage|p1a: Big Horny|92/100
|
|switch|p2a: Thundurus|Thundurus-Therian, M|100/100|[from] U-turn
|
|-heal|p1a: Big Horny|98/100|[from] item: Leftovers
|turn|7
|
|move|p1a: Big Horny|Rapid Spin|p2a: Thundurus
|-damage|p2a: Thundurus|64/100
|-boost|p1a: Big Horny|spe|1
|-sideend|p1: p1|Stealth Rock|[from] move: Rapid Spin|[of] p1a: Big Horny
|move|p2a: Thundurus|Focus Blast|p1a: Big Horny
|-damage|p1a: Big Horny|8/100
|
|-heal|p1a: Big Horny|14/100|[from] item: Leftovers
|-end|p1a: Big Horny|move: Taunt
|turn|8
|
|move|p1a: Big Horny|Knock Off|p2a: Thundurus
|-damage|p2a: Thundurus|0 fnt
|-enditem|p2a: Thundurus|Choice Specs|[from] move: Knock Off|[of] p1a: Big Horny
|faint|p2a: Thundurus
|
|-heal|p1a: Big Horny|20/100|[from] item: Leftovers
|
|switch|p2a: Landorus|Landorus-Therian, M|64/100
|-ability|p2a: Landorus|Intimidate|boost
|-unboost|p1a: Big Horny|atk|1
|turn|9
|
|move|p1a: Big Horny|Bulk Up|p1a: Big Horny
|-boost|p1a: Big Horny|atk|1
|-boost|p1a: Big Horny|def|1
|move|p2a: Landorus|Earthquake|p1a: Big Horny
|-damage|p1a: Big Horny|10/100
|
|-heal|p1a: Big Horny|16/100|[from] item: Leftovers
|turn|10
|
|move|p1a: Big Horny|Bulk Up|p1a: Big Horny
|-boost|p1a: Big Horny|atk|1
|-boost|p1a: Big Horny|def|1
|move|p2a: Landorus|Taunt|p1a: Big Horny
|-start|p1a: Big Horny|move: Taunt
|
|-heal|p1a: Big Horny|22/100|[from] item: Leftovers
|turn|11
|
|move|p1a: Big Horny|Knock Off|p2a: Landorus
|-damage|p2a: Landorus|37/100
|move|p2a: Landorus|U-turn|p1a: Big Horny
|-resisted|p1a: Big Horny
|-damage|p1a: Big Horny|20/100
|
|switch|p2a: Magearna|Magearna|90/100|[from] U-turn
|
|-heal|p1a: Big Horny|26/100|[from] item: Leftovers
|-heal|p2a: Magearna|96/100|[from] item: Leftovers
|turn|12
|
|move|p1a: Big Horny|Earthquake|p2a: Magearna
|-supereffective|p2a: Magearna
|-damage|p2a: Magearna|0 fnt
|faint|p2a: Magearna
|
|-heal|p1a: Big Horny|32/100|[from] item: Leftovers
|-message|p2 forfeited.
|
|win|p1
