|poke|p1|Urshifu-*, F|
|poke|p1|Magearna|
|poke|p1|Mew|
|poke|p1|Enamorus, F|
|poke|p1|Ting-Lu|
|poke|p1|Amoonguss, M|
|poke|p2|Sneasler, F|
|poke|p2|Magearna|
|poke|p2|Dragapult, M|
|poke|p2|Zamazenta-*|
|poke|p2|Volcarona, M|
|poke|p2|Ursaluna, F|
|teampreview
|
|start
|switch|p1a: Urshifu|Urshifu-Rapid-Strike, F|100/100
|switch|p2a: Dragapult|Dragapult, M|100/100
|turn|1
|
|switch|p1a: Amoonguss|Amoonguss, M|100/100
|move|p2a: Dragapult|Reflect|p2a: Dragapult
|-sidestart|p2: venom94|Reflect
|
|turn|2
|
|move|p2a: Dragapult|Light Screen|p2a: Dragapult
|-sidestart|p2: venom94|move: Light Screen
|move|p1a: Amoonguss|Sludge Bomb|p2a: Dragapult
|-resisted|p2a: Dragapult
|-damage|p2a: Dragapult|93/100
|-status|p2a: Dragapult|psn
|
|-damage|p2a: Dragapult|81/100 psn|[from] psn
|turn|3
|
|move|p2a: Dragapult|Curse|p1a: Amoonguss
|-start|p1a: Amoonguss|Curse|[of] p2a: Dragapult
|-damage|p2a: Dragapult|31/100 psn
|move|p1a: Amoonguss|Foul Play|p2a: Dragapult
|-supereffective|p2a: Dragapult
|-damage|p2a: Dragapult|8/100 psn
|
|-damage|p2a: Dragapult|0 fnt|[from] psn
|faint|p2a: Dragapult
|-damage|p1a: Amoonguss|75/100|[from] Curse
|
|switch|p2a: Zamazenta|Zamazenta|100/100
|-ability|p2a: Zamazenta|Dauntless Shield|boost
|-boost|p2a: Zamazenta|def|1
|turn|4
|
|switch|p1a: Mew|Mew|100/100
|move|p2a: Zamazenta|Substitute|p2a: Zamazenta
|-start|p2a: Zamazenta|Substitute
|-damage|p2a: Zamazenta|76/100
|
|-heal|p2a: Zamazenta|82/100|[from] item: Leftovers
|turn|5
|
|move|p2a: Zamazenta|Iron Defense|p2a: Zamazenta
|-boost|p2a: Zamazenta|def|2
|move|p1a: Mew|Taunt|p2a: Zamazenta
|-start|p2a: Zamazenta|move: Taunt
|
|-heal|p2a: Zamazenta|88/100|[from] item: Leftovers
|turn|6
|
|switch|p1a: Enamorus|Enamorus, F|100/100
|move|p2a: Zamazenta|Body Press|p1a: Enamorus
|-resisted|p1a: Enamorus
|-damage|p1a: Enamorus|60/100
|
|-heal|p2a: Zamazenta|94/100|[from] item: Leftovers
|-heal|p1a: Enamorus|67/100|[from] item: Leftovers
|turn|7
|
|move|p2a: Zamazenta|Body Press|p1a: Enamorus
|-resisted|p1a: Enamorus
|-damage|p1a: Enamorus|26/100
|move|p1a: Enamorus|Superpower|p2a: Zamazenta
|-activate|p2a: Zamazenta|move: Substitute|[damage]
|-boost|p1a: Enamorus|atk|1
|-boost|p1a: Enamorus|def|1
|
|-heal|p2a: Zamazenta|99/100|[from] item: Leftovers
|-heal|p1a: Enamorus|33/100|[from] item: Leftovers
|turn|8
|
|move|p2a: Zamazenta|Body Press|p1a: Enamorus
|-resisted|p1a: Enamorus
|-damage|p1a: Enamorus|7/100
|move|p1a: Enamorus|Play Rough|p2a: Zamazenta
|-supereffective|p2a: Zamazenta
|-end|p2a: Zamazenta|Substitute
|
|-heal|p2a: Zamazenta|100/100|[from] item: Leftovers
|-heal|p1a: Enamorus|13/100|[from] item: Leftovers
|-end|p2a: Zamazenta|move: Taunt
|-sideend|p2: venom94|Reflect
|turn|9
|
|move|p2a: Zamazenta|Iron Defense|p2a: Zamazenta
|-boost|p2a: Zamazenta|def|2
|move|p1a: Enamorus|Play Rough|p2a: Zamazenta
|-supereffective|p2a: Zamazenta
|-damage|p2a: Zamazenta|74/100
|
|-heal|p2a: Zamazenta|80/100|[from] item: Leftovers
|-heal|p1a: Enamorus|19/100|[from] item: Leftovers
|-sideend|p2: venom94|move: Light Screen
|turn|10
|
|move|p2a: Zamazenta|Body Press|p1a: Enamorus
|-resisted|p1a: Enamorus
|-damage|p1a: Enamorus|0 fnt
|faint|p1a: Enamorus
|
|-heal|p2a: Zamazenta|86/100|[from] item: Leftovers
|
|switch|p1a: Magearna|Magearna|100/100
|turn|11
|
|move|p2a: Zamazenta|Substitute|p2a: Zamazenta
|-start|p2a: Zamazenta|Substitute
|-damage|p2a: Zamazenta|61/100
|move|p1a: Magearna|Fleur Cannon|p2a: Zamazenta
|-supereffective|p2a: Zamazenta
|-end|p2a: Zamazenta|Substitute
|-unboost|p1a: Magearna|spa|2
|
|-heal|p2a: Zamazenta|68/100|[from] item: Leftovers
|turn|12
|
|move|p2a: Zamazenta|Substitute|p2a: Zamazenta
|-start|p2a: Zamazenta|Substitute
|-damage|p2a: Zamazenta|43/100
|move|p1a: Magearna|Fleur Cannon|p2a: Zamazenta
|-supereffective|p2a: Zamazenta
|-end|p2a: Zamazenta|Substitute
|-unboost|p1a: Magearna|spa|2
|
|-heal|p2a: Zamazenta|49/100|[from] item: Leftovers
|turn|13
|
|switch|p1a: Urshifu|Urshifu-Rapid-Strike, F|100/100
|move|p2a: Zamazenta|Body Press|p1a: Urshifu
|-damage|p1a: Urshifu|0 fnt
|faint|p1a: Urshifu
|
|-heal|p2a: Zamazenta|55/100|[from] item: Leftovers
|
|switch|p1a: Magearna|Magearna|100/100
|turn|14
|
|-terastallize|p1a: Magearna|Flying
|move|p2a: Zamazenta|Body Press|p1a: Magearna
|-resisted|p1a: Magearna
|-damage|p1a: Magearna|34/100
|move|p1a: Magearna|Fleur Cannon|p2a: Zamazenta
|-supereffective|p2a: Zamazenta
|-damage|p2a: Zamazenta|0 fnt
|-unboost|p1a: Magearna|spa|2
|faint|p2a: Zamazenta
|-ability|p1a: Magearna|Soul-Heart|boost
|-boost|p1a: Magearna|spa|1
|
|
|switch|p2a: Ursaluna|Ursaluna, F|100/100
|turn|15
|
|move|p1a: Magearna|Fleur Cannon|p2a: Ursaluna
|-damage|p2a: Ursaluna|55/100
|-unboost|p1a: Magearna|spa|2
|move|p2a: Ursaluna|Fire Punch|p1a: Magearna
|-damage|p1a: Magearna|1/100
|
|-status|p2a: Ursaluna|brn|[from] item: Flame Orb
|turn|16
|
|move|p1a: Magearna|Fleur Cannon|p2a: Ursaluna
|-damage|p2a: Ursaluna|29/100 brn
|-unboost|p1a: Magearna|spa|2
|move|p2a: Ursaluna|Fire Punch|p1a: Magearna
|-damage|p1a: Magearna|0 fnt
|faint|p1a: Magearna
|
|-damage|p2a: Ursaluna|23/100 brn|[from] brn
|
|switch|p1a: Mew|Mew|100/100
|turn|17
|
|move|p1a: Mew|Ice Beam|p2a: Ursaluna
|-supereffective|p2a: Ursaluna
|-damage|p2a: Ursaluna|0 fnt
|faint|p2a: Ursaluna
|
|
|switch|p2a: Volcarona|Volcarona, M|100/100
|turn|18
|
|switch|p1a: Ting-Lu|Ting-Lu|100/100
|-ability|p1a: Ting-Lu|Vessel of Ruin
|move|p2a: Volcarona|Flamethrower|p1a: Ting-Lu
|-damage|p1a: Ting-Lu|77/100
|
|-heal|p1a: Ting-Lu|83/100|[from] item: Leftovers
|turn|19
|
|move|p2a: Volcarona|Quiver Dance|p2a: Volcarona
|-boost|p2a: Volcarona|spa|1
|-boost|p2a: Volcarona|spd|1
|-boost|p2a: Volcarona|spe|1
|move|p1a: Ting-Lu|Stealth Rock|p2a: Volcarona
|-sidestart|p2: venom94|move: Stealth Rock
|
|-heal|p1a: Ting-Lu|90/100|[from] item: Leftovers
|turn|20
|
|move|p2a: Volcarona|Flamethrower|p1a: Ting-Lu
|-damage|p1a: Ting-Lu|59/100
|-status|p1a: Ting-Lu|brn
|move|p1a: Ting-Lu|Whirlwind|p2a: Volcarona
|drag|p2a: Sneasler|Sneasler, F|100/100
|-damage|p2a: Sneasler|95/100|[from] Stealth Rock
|-item|p2a: Sneasler|Air Balloon
|
|-heal|p1a: Ting-Lu|65/100 brn|[from] item: Leftovers
|-damage|p1a: Ting-Lu|59/100 brn|[from] brn
|turn|21
|
|switch|p1a: Amoonguss|Amoonguss, M|100/100
|move|p2a: Sneasler|Swords Dance|p2a: Sneasler
|-boost|p2a: Sneasler|atk|2
|
|turn|22
|
|move|p2a: Sneasler|Dire Claw|p1a: Amoonguss
|-damage|p1a: Amoonguss|30/100
|-status|p1a: Amoonguss|slp
|-damage|p2a: Sneasler|78/100|[from] item: Rocky Helmet|[of] p1a: Amoonguss
|cant|p1a: Amoonguss|slp
|
|turn|23
|
|move|p2a: Sneasler|Dire Claw|p1a: Amoonguss
|-damage|p1a: Amoonguss|0 fnt
|-damage|p2a: Sneasler|62/100|[from] item: Rocky Helmet|[of] p1a: Amoonguss
|faint|p1a: Amoonguss
|
|
|switch|p1a: Mew|Mew|100/100
|turn|24
|
|move|p1a: Mew|Will-O-Wisp|p2a: Sneasler
|-status|p2a: Sneasler|brn
|move|p2a: Sneasler|Dire Claw||[still]
|-damage|p1a: Mew|59/100
|-status|p1a: Mew|par
|-activate|p1a: Mew|ability: Synchronize
|-fail|p1a: Mew
|
|-damage|p2a: Sneasler|56/100 brn|[from] brn
|turn|25
|
|move|p2a: Sneasler|Dire Claw|p1a: Mew
|-damage|p1a: Mew|19/100 par
|move|p1a: Mew|Spikes|p2a: Sneasler
|-sidestart|p2: venom94|Spikes
|
|-damage|p2a: Sneasler|50/100 brn|[from] brn
|turn|26
|
|move|p2a: Sneasler|Dire Claw|p1a: Mew
|-damage|p1a: Mew|0 fnt
|faint|p1a: Mew
|
|-damage|p2a: Sneasler|44/100 brn|[from] brn
|
|switch|p1a: Ting-Lu|Ting-Lu|59/100 brn
|-ability|p1a: Ting-Lu|Vessel of Ruin
|turn|27
|
|move|p2a: Sneasler|Close Combat|p1a: Ting-Lu
|-supereffective|p1a: Ting-Lu
|-damage|p1a: Ting-Lu|0 fnt
|-unboost|p2a: Sneasler|def|1
|-unboost|p2a: Sneasler|spd|1
|faint|p1a: Ting-Lu
|
|win|venom94
