# advantage = p2
|poke|p1|Kingambit, M|
|poke|p1|Glimmora, M|
|poke|p1|Cloyster, F|
|poke|p1|Maushold-Four|
|poke|p1|Toxtricity-Low-Key, M|
|poke|p1|Cinderace, M|
|poke|p2|Corviknight, M|
|poke|p2|Kilowattrel, F|
|poke|p2|Great Tusk|
|poke|p2|Meloetta|
|poke|p2|Pelipper, M|
|poke|p2|Barraskewda, M|
|teampreview
|
|start
|switch|p1a: spactory|Glimmora, M, shiny|100/100
|switch|p2a: Pelipper|Pelipper, M|100/100
|-weather|RainDance|[from] ability: Drizzle|[of] p2a: Pelipper
|turn|1
|
|move|p1a: spactory|Stealth Rock|p2a: Pelipper
|-sidestart|p2: p2|move: Stealth Rock
|move|p2a: Pelipper|U-turn|p1a: spactory
|-resisted|p1a: spactory
|-damage|p1a: spactory|96/100
|-activate|p1a: spactory|ability: Toxic Debris
|-sidestart|p2: p2|move: Toxic Spikes
|
|switch|p2a: Kilowattrel|Kilowattrel, F|100/100|[from] U-turn
|
|-weather|RainDance|[upkeep]
|turn|2
|
|move|p2a: Kilowattrel|Weather Ball|p1a: spactory
|-supereffective|p1a: spactory
|-damage|p1a: spactory|0 fnt
|faint|p1a: spactory
|
|-weather|RainDance|[upkeep]
|
|switch|p1a: low-key|Toxtricity-Low-Key, M, shiny|100/100
|turn|3
|
|move|p2a: Kilowattrel|Weather Ball|p1a: low-key
|-damage|p1a: low-key|40/100
|move|p1a: low-key|Boomburst|p2a: Kilowattrel
|-damage|p2a: Kilowattrel|0 fnt
|faint|p2a: Kilowattrel
|
|-weather|RainDance|[upkeep]
|
|switch|p2a: Barraskewda|Barraskewda, M|100/100
|-damage|p2a: Barraskewda|88/100|[from] Stealth Rock
|-status|p2a: Barraskewda|psn
|turn|4
|
|move|p2a: Barraskewda|Psychic Fangs|p1a: low-key
|-supereffective|p1a: low-key
|-damage|p1a: low-key|0 fnt
|faint|p1a: low-key
|
|-weather|RainDance|[upkeep]
|-damage|p2a: Barraskewda|75/100 psn|[from] psn
|
|switch|p1a: staby staby|Cloyster, F|100/100
|turn|5
|
|move|p2a: Barraskewda|Psychic Fangs|p1a: staby staby
|-damage|p1a: staby staby|67/100
|move|p1a: staby staby|Icicle Spear|p2a: Barraskewda
|-resisted|p2a: Barraskewda
|-damage|p2a: Barraskewda|64/100 psn
|-resisted|p2a: Barraskewda
|-damage|p2a: Barraskewda|54/100 psn
|-resisted|p2a: Barraskewda
|-damage|p2a: Barraskewda|42/100 psn
|-resisted|p2a: Barraskewda
|-damage|p2a: Barraskewda|30/100 psn
|-resisted|p2a: Barraskewda
|-damage|p2a: Barraskewda|20/100 psn
|-hitcount|p2a: Barraskewda|5
|
|-weather|RainDance|[upkeep]
|-heal|p1a: staby staby|73/100|[from] item: Leftovers
|-damage|p2a: Barraskewda|8/100 psn|[from] psn
|turn|6
|
|move|p2a: Barraskewda|Psychic Fangs|p1a: staby staby
|-damage|p1a: staby staby|41/100
|move|p1a: staby staby|Icicle Spear|p2a: Barraskewda
|-resisted|p2a: Barraskewda
|-damage|p2a: Barraskewda|0 fnt
|faint|p2a: Barraskewda
|-hitcount|p2: Barraskewda|1
|
|-weather|RainDance|[upkeep]
|-heal|p1a: staby staby|47/100|[from] item: Leftovers
|
|switch|p2a: Great Tusk|Great Tusk|100/100
|-damage|p2a: Great Tusk|98/100|[from] Stealth Rock
|-status|p2a: Great Tusk|psn
|-enditem|p2a: Great Tusk|Booster Energy
|-activate|p2a: Great Tusk|ability: Protosynthesis|[fromitem]
|-start|p2a: Great Tusk|protosynthesisatk
|turn|7
|
|move|p2a: Great Tusk|Rapid Spin|p1a: staby staby
|-damage|p1a: staby staby|31/100
|-boost|p2a: Great Tusk|spe|1
|-sideend|p2: p2|Toxic Spikes|[from] move: Rapid Spin|[of] p2a: Great Tusk
|-sideend|p2: p2|Stealth Rock|[from] move: Rapid Spin|[of] p2a: Great Tusk
|move|p1a: staby staby|Icicle Spear|p2a: Great Tusk
|-supereffective|p2a: Great Tusk
|-crit|p2a: Great Tusk
|-damage|p2a: Great Tusk|70/100 psn
|-supereffective|p2a: Great Tusk
|-damage|p2a: Great Tusk|51/100 psn
|-supereffective|p2a: Great Tusk
|-damage|p2a: Great Tusk|33/100 psn
|-supereffective|p2a: Great Tusk
|-damage|p2a: Great Tusk|17/100 psn
|-supereffective|p2a: Great Tusk
|-damage|p2a: Great Tusk|0 fnt
|faint|p2a: Great Tusk
|-end|p2a: Great Tusk|Protosynthesis|[silent]
|-hitcount|p2: Great Tusk|5
|
|-weather|RainDance|[upkeep]
|-heal|p1a: staby staby|36/100|[from] item: Leftovers
|
|switch|p2a: Meloetta|Meloetta|100/100
|turn|8
|
|move|p2a: Meloetta|Thunder|p1a: staby staby
|-supereffective|p1a: staby staby
|-damage|p1a: staby staby|0 fnt
|faint|p1a: staby staby
|-damage|p2a: Meloetta|91/100|[from] item: Life Orb
|
|-weather|none
|
|switch|p1a: markiplier|Cinderace, M|100/100
|turn|9
|
|switch|p2a: Corviknight|Corviknight, M|100/100
|-ability|p2a: Corviknight|Pressure
|-terastallize|p1a: markiplier|Fire
|move|p1a: markiplier|Flamethrower|p2a: Corviknight
|-supereffective|p2a: Corviknight
|-damage|p2a: Corviknight|29/100
|
|-heal|p2a: Corviknight|35/100|[from] item: Leftovers
|turn|10
|
|-terastallize|p2a: Corviknight|Water
|move|p1a: markiplier|Flamethrower|p2a: Corviknight
|-resisted|p2a: Corviknight
|-damage|p2a: Corviknight|19/100
|move|p2a: Corviknight|U-turn|p1a: markiplier
|-resisted|p1a: markiplier
|-damage|p1a: markiplier|90/100
|
|switch|p2a: Pelipper|Pelipper, M|100/100|[from] U-turn
|-weather|RainDance|[from] ability: Drizzle|[of] p2a: Pelipper
|
|-weather|RainDance|[upkeep]
|turn|11
|
|switch|p1a: repopulation|Maushold-Four, shiny|100/100
|move|p2a: Pelipper|Surf|p1a: repopulation
|-damage|p1a: repopulation|37/100
|
|-weather|RainDance|[upkeep]
|turn|12
|
|move|p1a: repopulation|Population Bomb|p2a: Pelipper
|-damage|p2a: Pelipper|92/100
|-damage|p2a: Pelipper|84/100
|-crit|p2a: Pelipper
|-damage|p2a: Pelipper|71/100
|-damage|p2a: Pelipper|62/100
|-damage|p2a: Pelipper|53/100
|-hitcount|p2a: Pelipper|5
|move|p2a: Pelipper|Hurricane|p1a: repopulation
|-damage|p1a: repopulation|0 fnt
|faint|p1a: repopulation
|
|-weather|RainDance|[upkeep]
|
|switch|p1a: the home boy|Kingambit, M, shiny|100/100
|-activate|p1a: the home boy|ability: Supreme Overlord
|-start|p1a: the home boy|fallen4|[silent]
|turn|13
|
|move|p1a: the home boy|Grass Knot|p2a: Pelipper
|-damage|p2a: Pelipper|35/100
|move|p2a: Pelipper|U-turn|p1a: the home boy
|-damage|p1a: the home boy|93/100
|
|switch|p2a: Corviknight|Corviknight, M, tera:Water|19/100|[from] U-turn
|-ability|p2a: Corviknight|Pressure
|
|-weather|RainDance|[upkeep]
|-heal|p2a: Corviknight|25/100|[from] item: Leftovers
|turn|14
|
|-end|p1a: the home boy|fallen4|[silent]
|switch|p1a: markiplier|Cinderace, M, tera:Fire|90/100
|move|p2a: Corviknight|Body Press|p1a: markiplier
|-damage|p1a: markiplier|49/100
|
|-weather|RainDance|[upkeep]
|-heal|p2a: Corviknight|31/100|[from] item: Leftovers
|turn|15
|
|move|p1a: markiplier|Flamethrower|p2a: Corviknight
|-resisted|p2a: Corviknight
|-damage|p2a: Corviknight|22/100
|move|p2a: Corviknight|Roost|p2a: Corviknight
|-heal|p2a: Corviknight|72/100
|
|-weather|RainDance|[upkeep]
|-heal|p2a: Corviknight|78/100|[from] item: Leftovers
|turn|16
|
|move|p1a: markiplier|Fire Punch|p2a: Corviknight
|-resisted|p2a: Corviknight
|-damage|p2a: Corviknight|70/100
|move|p2a: Corviknight|Brave Bird|p1a: markiplier
|-damage|p1a: markiplier|0 fnt
|faint|p1a: markiplier
|-damage|p2a: Corviknight|58/100|[from] Recoil
|
|-weather|RainDance|[upkeep]
|-heal|p2a: Corviknight|64/100|[from] item: Leftovers
|
|switch|p1a: the home boy|Kingambit, M, shiny|93/100
|-activate|p1a: the home boy|ability: Supreme Overlord
|-start|p1a: the home boy|fallen5|[silent]
|turn|17
|
|move|p2a: Corviknight|Body Press|p1a: the home boy
|-supereffective|p1a: the home boy
|-damage|p1a: the home boy|21/100
|-enditem|p1a: the home boy|Aguav Berry|[eat]
|-heal|p1a: the home boy|54/100|[from] item: Aguav Berry
|move|p1a: the home boy|Facade|p2a: Corviknight
|-damage|p2a: Corviknight|39/100
|
|-weather|none
|-heal|p2a: Corviknight|45/100|[from] item: Leftovers
|turn|18
|
|move|p2a: Corviknight|Body Press|p1a: the home boy
|-supereffective|p1a: the home boy
|-damage|p1a: the home boy|0 fnt
|faint|p1a: the home boy
|-end|p1a: the home boy|fallen5|[silent]
|
|win|p2
