|poke|p1|Ting-Lu|
|poke|p1|Iron Valiant|
|poke|p1|Clodsire, M|
|poke|p1|Dragonite, M|
|poke|p1|Gholdengo|
|poke|p1|Great Tusk|
|poke|p2|Baxcalibur, F|
|poke|p2|Hatterene, F|
|poke|p2|Gengar, M|
|poke|p2|Kingambit, F|
|poke|p2|Great Tusk|
|poke|p2|Ceruledge, F|
|teampreview
|
|start
|switch|p1a: Iron Valiant|Iron Valiant|100/100
|switch|p2a: Gengar|Gengar, M, shiny|100/100
|turn|1
|
|-end|p1a: Iron Valiant|Quark Drive|[silent]
|switch|p1a: Clodsire|Clodsire, M|100/100
|move|p2a: Gengar|Sludge Bomb|p1a: Clodsire
|-resisted|p1a: Clodsire
|-damage|p1a: Clodsire|92/100
|
|-heal|p1a: Clodsire|99/100|[from] item: Black Sludge
|turn|2
|
|switch|p2a: Great Tusk|Great Tusk|100/100
|move|p1a: Clodsire|Earthquake|p2a: Great Tusk
|-damage|p2a: Great Tusk|87/100
|
|-heal|p1a: Clodsire|100/100|[from] item: Black Sludge
|turn|3
|j| Maagnar
|j| FundHerLifestyle
|
|move|p2a: Great Tusk|Earthquake|p1a: Clodsire
|-supereffective|p1a: Clodsire
|-damage|p1a: Clodsire|35/100
|move|p1a: Clodsire|Toxic|p2a: Great Tusk
|-status|p2a: Great Tusk|tox
|
|-heal|p1a: Clodsire|41/100|[from] item: Black Sludge
|-damage|p2a: Great Tusk|81/100 tox|[from] psn
|turn|4
|
|switch|p1a: Great Tusk|Great Tusk|100/100
|move|p2a: Great Tusk|Knock Off|p1a: Great Tusk
|-resisted|p1a: Great Tusk
|-damage|p1a: Great Tusk|94/100
|-enditem|p1a: Great Tusk|Leftovers|[from] move: Knock Off|[of] p2a: Great Tusk
|
|-damage|p2a: Great Tusk|69/100 tox|[from] psn
|turn|5
|
|move|p2a: Great Tusk|Earthquake|p1a: Great Tusk
|-damage|p1a: Great Tusk|71/100
|move|p1a: Great Tusk|Knock Off|p2a: Great Tusk
|-resisted|p2a: Great Tusk
|-damage|p2a: Great Tusk|62/100 tox
|-damage|p1a: Great Tusk|55/100|[from] item: Rocky Helmet|[of] p2a: Great Tusk
|-enditem|p2a: Great Tusk|Rocky Helmet|[from] move: Knock Off|[of] p1a: Great Tusk
|
|-damage|p2a: Great Tusk|44/100 tox|[from] psn
|turn|6
|
|move|p2a: Great Tusk|Earthquake|p1a: Great Tusk
|-damage|p1a: Great Tusk|34/100
|move|p1a: Great Tusk|Rapid Spin|p2a: Great Tusk
|-damage|p2a: Great Tusk|37/100 tox
|-boost|p1a: Great Tusk|spe|1
|
|-damage|p2a: Great Tusk|13/100 tox|[from] psn
|turn|7
|
|move|p1a: Great Tusk|Earthquake|p2a: Great Tusk
|-damage|p2a: Great Tusk|0 fnt
|faint|p2a: Great Tusk
|-end|p2a: Great Tusk|Protosynthesis|[silent]
|
|
|switch|p2a: Gengar|Gengar, M, shiny|100/100
|turn|8
|j| tapu moxo
|
|-end|p1a: Great Tusk|Protosynthesis|[silent]
|switch|p1a: Ting-Lu|Ting-Lu|100/100
|-ability|p1a: Ting-Lu|Vessel of Ruin
|move|p2a: Gengar|Shadow Ball|p1a: Ting-Lu
|-resisted|p1a: Ting-Lu
|-damage|p1a: Ting-Lu|91/100
|
|-heal|p1a: Ting-Lu|98/100|[from] item: Leftovers
|turn|9
|
|switch|p2a: Hatterene|Hatterene, F|100/100
|move|p1a: Ting-Lu|Heavy Slam|p2a: Hatterene
|-supereffective|p2a: Hatterene
|-damage|p2a: Hatterene|49/100
|
|-heal|p2a: Hatterene|55/100|[from] item: Leftovers
|-heal|p1a: Ting-Lu|100/100|[from] item: Leftovers
|turn|10
|
|move|p2a: Hatterene|Draining Kiss|p1a: Ting-Lu
|-supereffective|p1a: Ting-Lu
|-damage|p1a: Ting-Lu|80/100
|-heal|p2a: Hatterene|79/100|[from] drain|[of] p1a: Ting-Lu
|move|p1a: Ting-Lu|Heavy Slam|p2a: Hatterene
|-supereffective|p2a: Hatterene
|-damage|p2a: Hatterene|27/100
|
|-heal|p2a: Hatterene|33/100|[from] item: Leftovers
|-heal|p1a: Ting-Lu|86/100|[from] item: Leftovers
|turn|11
|
|-terastallize|p2a: Hatterene|Water
|move|p2a: Hatterene|Draining Kiss|p1a: Ting-Lu
|-supereffective|p1a: Ting-Lu
|-damage|p1a: Ting-Lu|69/100
|-heal|p2a: Hatterene|55/100|[from] drain|[of] p1a: Ting-Lu
|move|p1a: Ting-Lu|Heavy Slam|p2a: Hatterene
|-resisted|p2a: Hatterene
|-damage|p2a: Hatterene|42/100
|
|-heal|p2a: Hatterene|48/100|[from] item: Leftovers
|-heal|p1a: Ting-Lu|75/100|[from] item: Leftovers
|turn|12
|
|switch|p1a: Gholdengo|Gholdengo|100/100
|move|p2a: Hatterene|Draining Kiss|p1a: Gholdengo
|-resisted|p1a: Gholdengo
|-damage|p1a: Gholdengo|89/100
|-heal|p2a: Hatterene|59/100|[from] drain|[of] p1a: Gholdengo
|
|-heal|p2a: Hatterene|65/100|[from] item: Leftovers
|turn|13
|
|switch|p2a: Kingambit|Kingambit, F|100/100
|-activate|p2a: Kingambit|ability: Supreme Overlord
|-start|p2a: Kingambit|fallen1|[silent]
|move|p1a: Gholdengo|Trick|p2a: Kingambit
|-activate|p1a: Gholdengo|move: Trick|[of] p2a: Kingambit
|-item|p2a: Kingambit|Choice Scarf|[from] move: Trick
|-item|p1a: Gholdengo|Leftovers|[from] move: Trick
|
|-heal|p1a: Gholdengo|95/100|[from] item: Leftovers
|turn|14
|
|switch|p1a: Ting-Lu|Ting-Lu|75/100
|-ability|p1a: Ting-Lu|Vessel of Ruin
|move|p2a: Kingambit|Iron Head|p1a: Ting-Lu
|-damage|p1a: Ting-Lu|45/100
|
|-heal|p1a: Ting-Lu|52/100|[from] item: Leftovers
|turn|15
|
|switch|p1a: Gholdengo|Gholdengo|95/100
|move|p2a: Kingambit|Iron Head|p1a: Gholdengo
|-resisted|p1a: Gholdengo
|-damage|p1a: Gholdengo|71/100
|
|-heal|p1a: Gholdengo|77/100|[from] item: Leftovers
|turn|16
|j| MentalChienneT
|
|move|p2a: Kingambit|Iron Head|p1a: Gholdengo
|-resisted|p1a: Gholdengo
|-damage|p1a: Gholdengo|52/100
|move|p1a: Gholdengo|Shadow Ball|p2a: Kingambit
|-resisted|p2a: Kingambit
|-damage|p2a: Kingambit|81/100
|
|-heal|p1a: Gholdengo|58/100|[from] item: Leftovers
|turn|17
|l| MentalChienneT
|
|-end|p2a: Kingambit|fallen1|[silent]
|switch|p2a: Gengar|Gengar, M, shiny|100/100
|move|p1a: Gholdengo|Focus Blast|p2a: Gengar
|-immune|p2a: Gengar
|
|-heal|p1a: Gholdengo|64/100|[from] item: Leftovers
|turn|18
|
|move|p2a: Gengar|Nasty Plot|p2a: Gengar
|-boost|p2a: Gengar|spa|2
|move|p1a: Gholdengo|Shadow Ball|p2a: Gengar
|-supereffective|p2a: Gengar
|-enditem|p2a: Gengar|Focus Sash
|-damage|p2a: Gengar|1/100
|
|-heal|p1a: Gholdengo|70/100|[from] item: Leftovers
|turn|19
|
|switch|p1a: Ting-Lu|Ting-Lu|52/100
|-ability|p1a: Ting-Lu|Vessel of Ruin
|move|p2a: Gengar|Shadow Ball|p1a: Ting-Lu
|-resisted|p1a: Ting-Lu
|-damage|p1a: Ting-Lu|35/100
|
|-heal|p1a: Ting-Lu|41/100|[from] item: Leftovers
|turn|20
|
|move|p2a: Gengar|Focus Blast|p1a: Ting-Lu
|-supereffective|p1a: Ting-Lu
|-damage|p1a: Ting-Lu|0 fnt
|faint|p1a: Ting-Lu
|
|
|switch|p1a: Dragonite|Dragonite, M|100/100
|turn|21
|
|move|p2a: Gengar|Sludge Bomb|p1a: Dragonite
|-damage|p1a: Dragonite|41/100
|move|p1a: Dragonite|Dragon Dance|p1a: Dragonite
|-boost|p1a: Dragonite|atk|1
|-boost|p1a: Dragonite|spe|1
|
|turn|22
|
|move|p1a: Dragonite|Earthquake|p2a: Gengar
|-supereffective|p2a: Gengar
|-damage|p2a: Gengar|0 fnt
|faint|p2a: Gengar
|
|
|switch|p2a: Baxcalibur|Baxcalibur, F|100/100
|turn|23
|j| esra86
|
|move|p1a: Dragonite|Extreme Speed|p2a: Baxcalibur
|-damage|p2a: Baxcalibur|51/100
|move|p2a: Baxcalibur|Ice Shard|p1a: Dragonite
|-supereffective|p1a: Dragonite
|-damage|p1a: Dragonite|0 fnt
|faint|p1a: Dragonite
|
|
|switch|p1a: Iron Valiant|Iron Valiant|100/100
|turn|24
|
|switch|p2a: Hatterene|Hatterene, F, tera:Water|65/100
|move|p1a: Iron Valiant|Moonblast|p2a: Hatterene
|-damage|p2a: Hatterene|0 fnt
|faint|p2a: Hatterene
|
|
|switch|p2a: Ceruledge|Ceruledge, F|100/100
|turn|25
|
|-terastallize|p1a: Iron Valiant|Fairy
|move|p1a: Iron Valiant|Moonblast|p2a: Ceruledge
|-resisted|p2a: Ceruledge
|-damage|p2a: Ceruledge|43/100
|move|p2a: Ceruledge|Bitter Blade|p1a: Iron Valiant
|-damage|p1a: Iron Valiant|37/100
|-heal|p2a: Ceruledge|74/100|[from] drain|[of] p1a: Iron Valiant
|
|turn|26
|
|-end|p1a: Iron Valiant|Quark Drive|[silent]
|switch|p1a: Clodsire|Clodsire, M|41/100
|move|p2a: Ceruledge|Bitter Blade|p1a: Clodsire
|-damage|p1a: Clodsire|6/100
|-heal|p2a: Ceruledge|100/100|[from] drain|[of] p1a: Clodsire
|
|-heal|p1a: Clodsire|13/100|[from] item: Black Sludge
|turn|27
|j| volcaronavgc
|
|move|p2a: Ceruledge|Bitter Blade|p1a: Clodsire
|-damage|p1a: Clodsire|0 fnt
|faint|p1a: Clodsire
|
|
|switch|p1a: Gholdengo|Gholdengo|70/100
|turn|28
|
|move|p1a: Gholdengo|Shadow Ball|p2a: Ceruledge
|-supereffective|p2a: Ceruledge
|-damage|p2a: Ceruledge|18/100
|move|p2a: Ceruledge|Bitter Blade|p1a: Gholdengo
|-supereffective|p1a: Gholdengo
|-damage|p1a: Gholdengo|0 fnt
|-heal|p2a: Ceruledge|63/100|[from] drain|[of] p1a: Gholdengo
|faint|p1a: Gholdengo
|
|
|switch|p1a: Great Tusk|Great Tusk|34/100
|turn|29
|l| volcaronavgc
|
|switch|p2a: Kingambit|Kingambit, F|81/100
|-activate|p2a: Kingambit|ability: Supreme Overlord
|-start|p2a: Kingambit|fallen3|[silent]
|move|p1a: Great Tusk|Earthquake|p2a: Kingambit
|-supereffective|p2a: Kingambit
|-damage|p2a: Kingambit|5/100
|
|turn|30
|j| volcaronavgc
|
|move|p2a: Kingambit|Iron Head|p1a: Great Tusk
|-damage|p1a: Great Tusk|7/100
|move|p1a: Great Tusk|Rapid Spin|p2a: Kingambit
|-resisted|p2a: Kingambit
|-damage|p2a: Kingambit|0 fnt
|-boost|p1a: Great Tusk|spe|1
|faint|p2a: Kingambit
|-end|p2a: Kingambit|fallen3|[silent]
|
|
|switch|p2a: Baxcalibur|Baxcalibur, F|51/100
|turn|31
|
|move|p2a: Baxcalibur|Ice Shard|p1a: Great Tusk
|-supereffective|p1a: Great Tusk
|-damage|p1a: Great Tusk|0 fnt
|faint|p1a: Great Tusk
|-end|p1a: Great Tusk|Protosynthesis|[silent]
|
|-message|Saimasseuh v10 forfeited.
|
|win|wrockstah
|l|☆Saimasseuh v10
|l| esra86
|l| Maagnar
|l| volcaronavgc
