|poke|p1|Zamazenta-*|
|poke|p1|Ursaluna, M|
|poke|p1|Roaring Moon|
|poke|p1|Urshifu-*, M|
|poke|p1|Volcarona, M|
|poke|p1|Corviknight, F|
|poke|p2|Spidops, M|
|poke|p2|Arcanine-Hisui, M|
|poke|p2|Gholdengo|
|poke|p2|Decidueye-Hisui, F|
|poke|p2|Chien-Pao|
|poke|p2|Iron Valiant|
|teampreview
|
|start
|switch|p1a: Zamazenta|Zamazenta|100/100
|switch|p2a: Slow|Spidops, M|100/100
|-ability|p1a: Zamazenta|Dauntless Shield|boost
|-boost|p1a: Zamazenta|def|1
|turn|1
|
|move|p2a: Slow|Silk Trap|p2a: Slow
|-singleturn|p2a: Slow|Protect
|move|p1a: Zamazenta|Reflect|p1a: Zamazenta
|-sidestart|p1: Crocwidgloc|Reflect
|
|turn|2
|
|move|p1a: Zamazenta|Light Screen|p1a: Zamazenta
|-sidestart|p1: Crocwidgloc|move: Light Screen
|move|p2a: Slow|Sticky Web|p1a: Zamazenta
|-sidestart|p1: Crocwidgloc|move: Sticky Web
|
|turn|3
|
|switch|p1a: Corviknight|Corviknight, F|100/100
|-ability|p1a: Corviknight|Pressure
|move|p2a: Slow|Taunt|p1a: Corviknight
|-start|p1a: Corviknight|move: Taunt
|
|turn|4
|
|move|p2a: Slow|Silk Trap|p2a: Slow
|-singleturn|p2a: Slow|Protect
|move|p1a: Corviknight|Brave Bird|p2a: Slow
|-activate|p2a: Slow|move: Protect
|-unboost|p1a: Corviknight|spe|1
|
|turn|5
|
|switch|p1a: Urshifu|Urshifu-Rapid-Strike, M|100/100
|-activate|p1a: Urshifu|move: Sticky Web
|-unboost|p1a: Urshifu|spe|1
|move|p2a: Slow|Sticky Web||[still]
|-fail|p2a: Slow
|
|turn|6
|
|move|p1a: Urshifu|Surging Strikes|p2a: Slow
|-crit|p2a: Slow
|-damage|p2a: Slow|81/100
|-crit|p2a: Slow
|-damage|p2a: Slow|61/100
|-crit|p2a: Slow
|-damage|p2a: Slow|41/100
|-hitcount|p2a: Slow|3
|move|p2a: Slow|Taunt|p1a: Urshifu
|-start|p1a: Urshifu|move: Taunt
|
|turn|7
|
|switch|p1a: Roaring Moon|Roaring Moon|100/100
|-enditem|p1a: Roaring Moon|Booster Energy
|-activate|p1a: Roaring Moon|ability: Protosynthesis|[fromitem]
|-start|p1a: Roaring Moon|protosynthesisatk
|-activate|p1a: Roaring Moon|move: Sticky Web
|-unboost|p1a: Roaring Moon|spe|1
|move|p2a: Slow|First Impression||[still]
|-hint|First Impression only works on your first turn out.
|-fail|p2a: Slow
|
|turn|8
|
|move|p1a: Roaring Moon|Dragon Dance|p1a: Roaring Moon
|-boost|p1a: Roaring Moon|atk|1
|-boost|p1a: Roaring Moon|spe|1
|move|p2a: Slow|Taunt|p1a: Roaring Moon
|-start|p1a: Roaring Moon|move: Taunt
|
|-sideend|p1: Crocwidgloc|Reflect
|turn|9
|
|move|p2a: Slow|Silk Trap|p2a: Slow
|-singleturn|p2a: Slow|Protect
|move|p1a: Roaring Moon|Earthquake|p2a: Slow
|-activate|p2a: Slow|move: Protect
|
|-sideend|p1: Crocwidgloc|move: Light Screen
|turn|10
|
|move|p1a: Roaring Moon|Acrobatics|p2a: Slow
|-supereffective|p2a: Slow
|-damage|p2a: Slow|0 fnt
|faint|p2a: Slow
|
|
|switch|p2a: Chien-Pao|Chien-Pao|100/100
|-ability|p2a: Chien-Pao|Sword of Ruin
|turn|11
|
|-end|p1a: Roaring Moon|Protosynthesis|[silent]
|switch|p1a: Corviknight|Corviknight, F|100/100
|-ability|p1a: Corviknight|Pressure
|move|p2a: Chien-Pao|Icicle Crash|p1a: Corviknight
|-damage|p1a: Corviknight|51/100
|
|-heal|p1a: Corviknight|57/100|[from] item: Leftovers
|turn|12
|
|switch|p2a: This is Elon musk|Gholdengo|100/100
|move|p1a: Corviknight|Defog|p2a: This is Elon musk
|-immune|p2a: This is Elon musk|[from] ability: Good as Gold
|
|-heal|p1a: Corviknight|63/100|[from] item: Leftovers
|turn|13
|
|switch|p1a: Volcarona|Volcarona, M|100/100
|move|p2a: This is Elon musk|Shadow Ball|p1a: Volcarona
|-damage|p1a: Volcarona|65/100
|
|turn|14
|
|move|p1a: Volcarona|Quiver Dance|p1a: Volcarona
|-boost|p1a: Volcarona|spa|1
|-boost|p1a: Volcarona|spd|1
|-boost|p1a: Volcarona|spe|1
|move|p2a: This is Elon musk|Thunder Wave|p1a: Volcarona
|-status|p1a: Volcarona|par
|
|turn|15
|
|move|p2a: This is Elon musk|Shadow Ball|p1a: Volcarona
|-damage|p1a: Volcarona|40/100 par
|cant|p1a: Volcarona|par
|
|turn|16
|
|move|p2a: This is Elon musk|Shadow Ball|p1a: Volcarona
|-damage|p1a: Volcarona|13/100 par
|move|p1a: Volcarona|Flamethrower|p2a: This is Elon musk
|-supereffective|p2a: This is Elon musk
|-damage|p2a: This is Elon musk|0 fnt
|faint|p2a: This is Elon musk
|
|
|switch|p2a: Chien-Pao|Chien-Pao|100/100
|-ability|p2a: Chien-Pao|Sword of Ruin
|turn|17
|
|move|p2a: Chien-Pao|Icicle Crash|p1a: Volcarona
|-resisted|p1a: Volcarona
|-damage|p1a: Volcarona|0 fnt
|faint|p1a: Volcarona
|
|
|switch|p1a: Corviknight|Corviknight, F|63/100
|-ability|p1a: Corviknight|Pressure
|turn|18
|
|move|p2a: Chien-Pao|Crunch|p1a: Corviknight
|-damage|p1a: Corviknight|23/100
|move|p1a: Corviknight|Defog|p2a: Chien-Pao
|-unboost|p2a: Chien-Pao|evasion|1
|-sideend|p1: Crocwidgloc|Sticky Web|[from] move: Defog|[of] p1a: Corviknight
|
|-heal|p1a: Corviknight|30/100|[from] item: Leftovers
|turn|19
|
|move|p2a: Chien-Pao|Icicle Crash|p1a: Corviknight
|-damage|p1a: Corviknight|0 fnt
|faint|p1a: Corviknight
|
|
|switch|p1a: Urshifu|Urshifu-Rapid-Strike, M|100/100
|turn|20
|
|move|p2a: Chien-Pao|Sacred Sword|p1a: Urshifu
|-crit|p1a: Urshifu
|-damage|p1a: Urshifu|44/100
|move|p1a: Urshifu|Swords Dance|p1a: Urshifu
|-boost|p1a: Urshifu|atk|2
|
|turn|21
|
|-terastallize|p1a: Urshifu|Water
|move|p1a: Urshifu|Aqua Jet|p2a: Chien-Pao
|-damage|p2a: Chien-Pao|20/100
|move|p2a: Chien-Pao|Sacred Sword|p1a: Urshifu
|-damage|p1a: Urshifu|4/100
|
|turn|22
|
|move|p2a: Chien-Pao|Sucker Punch|p1a: Urshifu
|-damage|p1a: Urshifu|0 fnt
|faint|p1a: Urshifu
|
|
|switch|p1a: Zamazenta|Zamazenta|100/100
|turn|23
|
|move|p1a: Zamazenta|Reflect|p1a: Zamazenta
|-sidestart|p1: Crocwidgloc|Reflect
|move|p2a: Chien-Pao|Icicle Crash|p1a: Zamazenta
|-damage|p1a: Zamazenta|79/100
|
|turn|24
|
|move|p1a: Zamazenta|Light Screen|p1a: Zamazenta
|-sidestart|p1: Crocwidgloc|move: Light Screen
|move|p2a: Chien-Pao|Icicle Crash|p1a: Zamazenta
|-damage|p1a: Zamazenta|58/100
|
|turn|25
|
|move|p2a: Chien-Pao|Sucker Punch|p1a: Zamazenta
|-resisted|p1a: Zamazenta
|-damage|p1a: Zamazenta|49/100
|move|p1a: Zamazenta|Body Press|p2a: Chien-Pao
|-supereffective|p2a: Chien-Pao
|-damage|p2a: Chien-Pao|0 fnt
|faint|p2a: Chien-Pao
|
|
|switch|p2a: Decidueye-Alola|Decidueye-Hisui, F, shiny|100/100
|turn|26
|
|switch|p1a: Ursaluna|Ursaluna, M|100/100
|move|p2a: Decidueye-Alola|Triple Arrows|p1a: Ursaluna
|-supereffective|p1a: Ursaluna
|-damage|p1a: Ursaluna|69/100
|-unboost|p1a: Ursaluna|def|1
|
|-status|p1a: Ursaluna|brn|[from] item: Flame Orb
|turn|27
|
|move|p2a: Decidueye-Alola|Triple Arrows|p1a: Ursaluna
|-supereffective|p1a: Ursaluna
|-damage|p1a: Ursaluna|25/100 brn
|-unboost|p1a: Ursaluna|def|1
|cant|p1a: Ursaluna|flinch
|
|-damage|p1a: Ursaluna|19/100 brn|[from] brn
|turn|28
|-message|Crocwidgloc forfeited.
|
|win|NonolandoscarfNOOO
