# advantage = p2
|poke|p1|Mimikyu, F|
|poke|p1|Arcanine, M|
|poke|p1|Decidueye, F|
|poke|p1|Quagsire, M|
|poke|p1|Goodra, M|
|poke|p1|Iron Hands|
|poke|p2|Pelipper, M|
|poke|p2|Floatzel, F|
|poke|p2|Scream Tail|
|poke|p2|Zangoose, F|
|poke|p2|Goodra, M|
|poke|p2|Magneton|
|teampreview
|n| YO0O|yo0o
|
|start
|switch|p1a: Humbaba|Iron Hands, shiny|100/100
|switch|p2a: Albatross|Pelipper, M|100/100
|-weather|RainDance|[from] ability: Drizzle|[of] p2a: Albatross
|turn|1
|
|move|p2a: Albatross|U-turn|p1a: Humbaba
|-resisted|p1a: Humbaba
|-damage|p1a: Humbaba|98/100
|
|switch|p2a: Juan Debiedma|Scream Tail, shiny|100/100|[from] U-turn
|move|p1a: Humbaba|Thunder Punch|p2a: Juan Debiedma
|-damage|p2a: Juan Debiedma|78/100
|
|-weather|RainDance|[upkeep]
|-heal|p1a: Humbaba|100/100|[from] item: Leftovers
|-status|p2a: Juan Debiedma|brn|[from] item: Flame Orb
|turn|2
|
|move|p2a: Juan Debiedma|Trick|p1a: Humbaba
|-activate|p2a: Juan Debiedma|move: Trick|[of] p1a: Humbaba
|-item|p1a: Humbaba|Flame Orb|[from] move: Trick
|-item|p2a: Juan Debiedma|Leftovers|[from] move: Trick
|move|p1a: Humbaba|Swords Dance|p1a: Humbaba
|-boost|p1a: Humbaba|atk|2
|
|-weather|RainDance|[upkeep]
|-heal|p2a: Juan Debiedma|84/100 brn|[from] item: Leftovers
|-damage|p2a: Juan Debiedma|78/100 brn|[from] brn
|-status|p1a: Humbaba|brn|[from] item: Flame Orb
|turn|3
|
|move|p2a: Juan Debiedma|Wish|p2a: Juan Debiedma
|move|p1a: Humbaba|Heavy Slam|p2a: Juan Debiedma
|-supereffective|p2a: Juan Debiedma
|-damage|p2a: Juan Debiedma|30/100 brn
|
|-weather|RainDance|[upkeep]
|-heal|p2a: Juan Debiedma|36/100 brn|[from] item: Leftovers
|-damage|p2a: Juan Debiedma|30/100 brn|[from] brn
|-damage|p1a: Humbaba|94/100 brn|[from] brn
|turn|4
|
|-end|p2a: Juan Debiedma|Protosynthesis|[silent]
|switch|p2a: how do they work|Magneton|100/100
|move|p1a: Humbaba|Swords Dance|p1a: Humbaba
|-boost|p1a: Humbaba|atk|2
|
|-weather|RainDance|[upkeep]
|-damage|p1a: Humbaba|88/100 brn|[from] brn
|turn|5
|
|move|p2a: how do they work|Thunder|p1a: Humbaba
|-resisted|p1a: Humbaba
|-crit|p1a: Humbaba
|-damage|p1a: Humbaba|41/100 brn
|move|p1a: Humbaba|Drain Punch|p2a: how do they work
|-supereffective|p2a: how do they work
|-ability|p2a: how do they work|Sturdy
|-damage|p2a: how do they work|1/100
|-heal|p1a: Humbaba|74/100 brn|[from] drain|[of] p2a: how do they work
|
|-weather|none
|-damage|p1a: Humbaba|68/100 brn|[from] brn
|turn|6
|
|move|p2a: how do they work|Thunder|p1a: Humbaba|[miss]
|-miss|p2a: how do they work|p1a: Humbaba
|move|p1a: Humbaba|Drain Punch|p2a: how do they work
|-supereffective|p2a: how do they work
|-damage|p2a: how do they work|0 fnt
|-heal|p1a: Humbaba|68/100 brn|[from] drain|[of] p2a: how do they work
|faint|p2a: how do they work
|
|-damage|p1a: Humbaba|62/100 brn|[from] brn
|
|switch|p2a: Albatross|Pelipper, M|100/100
|-weather|RainDance|[from] ability: Drizzle|[of] p2a: Albatross
|turn|7
|
|-terastallize|p2a: Albatross|Flying
|move|p2a: Albatross|Hurricane|p1a: Humbaba
|-damage|p1a: Humbaba|0 fnt
|faint|p1a: Humbaba
|-end|p1a: Humbaba|Quark Drive|[silent]
|
|-weather|RainDance|[upkeep]
|
|switch|p1a: Shamhat|Mimikyu, F|100/100
|turn|8
|
|move|p2a: Albatross|Hurricane|p1a: Shamhat
|-activate|p1a: Shamhat|ability: Disguise
|-damage|p1a: Shamhat|100/100
|detailschange|p1a: Shamhat|Mimikyu-Busted, F
|-damage|p1a: Shamhat|88/100|[from] pokemon: Mimikyu-Busted
|move|p1a: Shamhat|Swords Dance|p1a: Shamhat
|-boost|p1a: Shamhat|atk|2
|
|-weather|RainDance|[upkeep]
|turn|9
|
|move|p1a: Shamhat|Shadow Sneak|p2a: Albatross
|-damage|p2a: Albatross|47/100
|-damage|p1a: Shamhat|78/100|[from] item: Life Orb
|move|p2a: Albatross|Hurricane|p1a: Shamhat
|-damage|p1a: Shamhat|0 fnt
|faint|p1a: Shamhat
|
|-weather|RainDance|[upkeep]
|
|switch|p1a: Ishtar|Goodra, M|100/100
|turn|10
|
|switch|p2a: Mongoose|Zangoose, F|100/100
|move|p1a: Ishtar|Sludge Bomb|p2a: Mongoose
|-damage|p2a: Mongoose|50/100
|
|-weather|RainDance|[upkeep]
|-status|p2a: Mongoose|tox|[from] item: Toxic Orb
|turn|11
|
|move|p1a: Ishtar|Sludge Bomb|p2a: Mongoose
|-damage|p2a: Mongoose|0 fnt
|faint|p2a: Mongoose
|
|-weather|none
|
|switch|p2a: Slug|Goodra, M|100/100
|turn|12
|
|switch|p1a: Gilgamesh|Quagsire, M|100/100
|move|p2a: Slug|Acid Spray|p1a: Gilgamesh
|-resisted|p1a: Gilgamesh
|-damage|p1a: Gilgamesh|92/100
|-unboost|p1a: Gilgamesh|spd|2
|
|-heal|p1a: Gilgamesh|98/100|[from] item: Leftovers
|turn|13
|
|move|p2a: Slug|Dragon Pulse|p1a: Gilgamesh
|-damage|p1a: Gilgamesh|0 fnt
|faint|p1a: Gilgamesh
|
|
|switch|p1a: Enkidu|Arcanine, M|100/100
|-ability|p1a: Enkidu|Intimidate|boost
|-unboost|p2a: Slug|atk|1
|turn|14
|
|move|p1a: Enkidu|Play Rough|p2a: Slug
|-supereffective|p2a: Slug
|-damage|p2a: Slug|15/100
|move|p2a: Slug|Dragon Pulse|p1a: Enkidu
|-damage|p1a: Enkidu|50/100
|
|-heal|p2a: Slug|21/100|[from] item: Leftovers
|turn|15
|
|move|p1a: Enkidu|Play Rough|p2a: Slug
|-supereffective|p2a: Slug
|-damage|p2a: Slug|0 fnt
|faint|p2a: Slug
|
|
|switch|p2a: Albatross|Pelipper, M, tera:Flying|47/100
|-weather|RainDance|[from] ability: Drizzle|[of] p2a: Albatross
|turn|16
|
|switch|p1a: Ishtar|Goodra, M|100/100
|move|p2a: Albatross|Hurricane|p1a: Ishtar
|-damage|p1a: Ishtar|49/100
|
|-weather|RainDance|[upkeep]
|turn|17
|
|move|p1a: Ishtar|Sludge Bomb|p2a: Albatross
|-damage|p2a: Albatross|0 fnt
|faint|p2a: Albatross
|
|-weather|RainDance|[upkeep]
|
|switch|p2a: Weasle|Floatzel, F|100/100
|turn|18
|
|switch|p1a: Enkidu|Arcanine, M|50/100
|-ability|p1a: Enkidu|Intimidate|boost
|-unboost|p2a: Weasle|atk|1
|move|p2a: Weasle|Wave Crash|p1a: Enkidu
|-supereffective|p1a: Enkidu
|-damage|p1a: Enkidu|0 fnt
|faint|p1a: Enkidu
|-damage|p2a: Weasle|86/100|[from] Recoil
|
|-weather|RainDance|[upkeep]
|
|switch|p1a: Utnapishtim|Decidueye, F|100/100
|turn|19
|
|switch|p2a: Juan Debiedma|Scream Tail, shiny|30/100 brn
|-terastallize|p1a: Utnapishtim|Grass
|move|p1a: Utnapishtim|Leaf Blade|p2a: Juan Debiedma
|-crit|p2a: Juan Debiedma
|-damage|p2a: Juan Debiedma|0 fnt
|faint|p2a: Juan Debiedma
|-end|p2a: Juan Debiedma|Protosynthesis|[silent]
|
|-weather|RainDance|[upkeep]
|
|switch|p2a: Weasle|Floatzel, F|86/100
|turn|20
|
|move|p2a: Weasle|Ice Spinner|p1a: Utnapishtim
|-supereffective|p1a: Utnapishtim
|-damage|p1a: Utnapishtim|4/100
|move|p1a: Utnapishtim|Leaf Blade|p2a: Weasle
|-supereffective|p2a: Weasle
|-crit|p2a: Weasle
|-damage|p2a: Weasle|0 fnt
|faint|p2a: Weasle
|
|win|p1
