|poke|p1|Volcarona, M|
|poke|p1|Breloom, M|
|poke|p1|Glimmora, F|
|poke|p1|Ting-Lu|
|poke|p1|Dragapult, M|
|poke|p1|Gholdengo|
|poke|p2|Grimmsnarl, M|
|poke|p2|Gholdengo|
|poke|p2|Florges-Blue, F|
|poke|p2|Alomomola, M|
|poke|p2|Arcanine-Hisui, M|
|poke|p2|Glimmora, M|
|teampreview
|
|start
|switch|p1a: Ting-Lu|Ting-Lu|100/100
|switch|p2a: Grimmsnarl|Grimmsnarl, M|100/100
|-ability|p1a: Ting-Lu|Vessel of Ruin
|turn|1
|
|move|p2a: Grimmsnarl|Reflect|p2a: Grimmsnarl
|-sidestart|p2: Mky27|Reflect
|move|p1a: Ting-Lu|Stealth Rock|p2a: Grimmsnarl
|-sidestart|p2: Mky27|move: Stealth Rock
|
|turn|2
|
|move|p2a: Grimmsnarl|Light Screen|p2a: Grimmsnarl
|-sidestart|p2: Mky27|move: Light Screen
|move|p1a: Ting-Lu|Spikes|p2a: Grimmsnarl
|-sidestart|p2: Mky27|Spikes
|
|turn|3
|
|switch|p2a: Glimmora|Glimmora, M|100/100
|-damage|p2a: Glimmora|88/100|[from] Stealth Rock
|-damage|p2a: Glimmora|76/100|[from] Spikes
|move|p1a: Ting-Lu|Spikes|p2a: Glimmora
|-sidestart|p2: Mky27|Spikes
|
|turn|4
|
|move|p2a: Glimmora|Mortal Spin|p1a: Ting-Lu
|-resisted|p1a: Ting-Lu
|-damage|p1a: Ting-Lu|99/100
|-status|p1a: Ting-Lu|psn
|-sideend|p2: Mky27|Spikes|[from] move: Mortal Spin|[of] p2a: Glimmora
|-sideend|p2: Mky27|Stealth Rock|[from] move: Mortal Spin|[of] p2a: Glimmora
|move|p1a: Ting-Lu|Whirlwind|p2a: Glimmora
|drag|p2a: Arcanine|Arcanine-Hisui, M|100/100
|-ability|p2a: Arcanine|Intimidate|boost
|-unboost|p1a: Ting-Lu|atk|1
|
|-heal|p1a: Ting-Lu|100/100 psn|[from] item: Leftovers
|-damage|p1a: Ting-Lu|88/100 psn|[from] psn
|turn|5
|
|move|p2a: Arcanine|Stealth Rock|p1a: Ting-Lu
|-sidestart|p1: vJulius|move: Stealth Rock
|move|p1a: Ting-Lu|Stealth Rock|p2a: Arcanine
|-sidestart|p2: Mky27|move: Stealth Rock
|
|-heal|p1a: Ting-Lu|94/100 psn|[from] item: Leftovers
|-damage|p1a: Ting-Lu|82/100 psn|[from] psn
|turn|6
|
|move|p2a: Arcanine|Flare Blitz|p1a: Ting-Lu
|-damage|p1a: Ting-Lu|59/100 psn
|-damage|p2a: Arcanine|91/100|[from] Recoil
|move|p1a: Ting-Lu|Whirlwind|p2a: Arcanine
|drag|p2a: Grimmsnarl|Grimmsnarl, M|100/100
|-damage|p2a: Grimmsnarl|88/100|[from] Stealth Rock
|
|-heal|p1a: Ting-Lu|65/100 psn|[from] item: Leftovers
|-damage|p1a: Ting-Lu|53/100 psn|[from] psn
|turn|7
|
|switch|p1a: Gholdengo|Gholdengo|100/100
|-damage|p1a: Gholdengo|94/100|[from] Stealth Rock
|-item|p1a: Gholdengo|Air Balloon
|move|p2a: Grimmsnarl|Spirit Break|p1a: Gholdengo
|-resisted|p1a: Gholdengo
|-damage|p1a: Gholdengo|81/100
|-unboost|p1a: Gholdengo|spa|1
|-enditem|p1a: Gholdengo|Air Balloon
|
|turn|8
|
|switch|p2a: Gholdengo|Gholdengo|100/100
|-damage|p2a: Gholdengo|94/100|[from] Stealth Rock
|move|p1a: Gholdengo|Nasty Plot|p1a: Gholdengo
|-boost|p1a: Gholdengo|spa|2
|
|-sideend|p2: Mky27|Reflect
|turn|9
|
|switch|p1a: Ting-Lu|Ting-Lu|53/100 psn
|-damage|p1a: Ting-Lu|47/100 psn|[from] Stealth Rock
|-ability|p1a: Ting-Lu|Vessel of Ruin
|move|p2a: Gholdengo|Shadow Ball|p1a: Ting-Lu
|-resisted|p1a: Ting-Lu
|-damage|p1a: Ting-Lu|38/100 psn
|
|-heal|p1a: Ting-Lu|44/100 psn|[from] item: Leftovers
|-damage|p1a: Ting-Lu|31/100 psn|[from] psn
|-sideend|p2: Mky27|move: Light Screen
|turn|10
|
|switch|p2a: Alomomola|Alomomola, M|100/100
|-damage|p2a: Alomomola|88/100|[from] Stealth Rock
|move|p1a: Ting-Lu|Spikes|p2a: Alomomola
|-sidestart|p2: Mky27|Spikes
|
|-heal|p1a: Ting-Lu|38/100 psn|[from] item: Leftovers
|-damage|p1a: Ting-Lu|25/100 psn|[from] psn
|turn|11
|
|switch|p1a: Breloom|Breloom, M|100/100
|-damage|p1a: Breloom|94/100|[from] Stealth Rock
|move|p2a: Alomomola|Wish|p2a: Alomomola
|
|turn|12
|
|switch|p2a: Grimmsnarl|Grimmsnarl, M|88/100
|-damage|p2a: Grimmsnarl|76/100|[from] Stealth Rock
|-damage|p2a: Grimmsnarl|63/100|[from] Spikes
|move|p1a: Breloom|Bullet Seed|p2a: Grimmsnarl
|-damage|p2a: Grimmsnarl|42/100
|-damage|p2a: Grimmsnarl|24/100
|-damage|p2a: Grimmsnarl|4/100
|-damage|p2a: Grimmsnarl|0 fnt
|faint|p2a: Grimmsnarl
|-hitcount|p2: Grimmsnarl|4
|
|
|switch|p2a: Gholdengo|Gholdengo|94/100
|-damage|p2a: Gholdengo|88/100|[from] Stealth Rock
|-damage|p2a: Gholdengo|76/100|[from] Spikes
|turn|13
|
|switch|p1a: Ting-Lu|Ting-Lu|25/100 psn
|-damage|p1a: Ting-Lu|19/100 psn|[from] Stealth Rock
|-ability|p1a: Ting-Lu|Vessel of Ruin
|move|p2a: Gholdengo|Make It Rain|p1a: Ting-Lu
|-crit|p1a: Ting-Lu
|-damage|p1a: Ting-Lu|0 fnt
|-unboost|p2a: Gholdengo|spa|1
|faint|p1a: Ting-Lu
|
|
|switch|p1a: Dragapult|Dragapult, M|100/100
|-damage|p1a: Dragapult|88/100|[from] Stealth Rock
|turn|14
|
|switch|p2a: Florges|Florges-Blue, F|100/100
|-damage|p2a: Florges|88/100|[from] Stealth Rock
|-damage|p2a: Florges|75/100|[from] Spikes
|move|p1a: Dragapult|U-turn|p2a: Florges
|-resisted|p2a: Florges
|-damage|p2a: Florges|61/100
|
|switch|p1a: Gholdengo|Gholdengo|81/100|[from] U-turn
|-damage|p1a: Gholdengo|75/100|[from] Stealth Rock
|
|-heal|p2a: Florges|67/100|[from] item: Leftovers
|turn|15
|
|switch|p2a: Gholdengo|Gholdengo|76/100
|-damage|p2a: Gholdengo|70/100|[from] Stealth Rock
|-damage|p2a: Gholdengo|57/100|[from] Spikes
|move|p1a: Gholdengo|Shadow Ball|p2a: Gholdengo
|-supereffective|p2a: Gholdengo
|-damage|p2a: Gholdengo|0 fnt
|faint|p2a: Gholdengo
|
|
|switch|p2a: Glimmora|Glimmora, M|76/100
|-damage|p2a: Glimmora|63/100|[from] Stealth Rock
|-damage|p2a: Glimmora|51/100|[from] Spikes
|turn|16
|
|-terastallize|p1a: Gholdengo|Flying
|move|p2a: Glimmora|Earth Power|p1a: Gholdengo
|-immune|p1a: Gholdengo
|move|p1a: Gholdengo|Make It Rain|p2a: Glimmora
|-supereffective|p2a: Glimmora
|-damage|p2a: Glimmora|0 fnt
|-unboost|p1a: Gholdengo|spa|1
|faint|p2a: Glimmora
|
|
|switch|p2a: Florges|Florges-Blue, F|67/100
|-damage|p2a: Florges|55/100|[from] Stealth Rock
|-damage|p2a: Florges|42/100|[from] Spikes
|turn|17
|
|-terastallize|p2a: Florges|Grass
|move|p1a: Gholdengo|Make It Rain|p2a: Florges
|-damage|p2a: Florges|16/100
|-unboost|p1a: Gholdengo|spa|1
|move|p2a: Florges|Wish|p2a: Florges
|
|-heal|p2a: Florges|22/100|[from] item: Leftovers
|turn|18
|
|move|p1a: Gholdengo|Nasty Plot|p1a: Gholdengo
|-boost|p1a: Gholdengo|spa|2
|move|p2a: Florges|Draining Kiss|p1a: Gholdengo
|-damage|p1a: Gholdengo|57/100
|-heal|p2a: Florges|36/100|[from] drain|[of] p1a: Gholdengo
|
|-heal|p2a: Florges|86/100|[from] move: Wish|[wisher] Florges
|-heal|p2a: Florges|93/100|[from] item: Leftovers
|turn|19
|
|move|p1a: Gholdengo|Nasty Plot|p1a: Gholdengo
|-boost|p1a: Gholdengo|spa|2
|move|p2a: Florges|Calm Mind|p2a: Florges
|-boost|p2a: Florges|spa|1
|-boost|p2a: Florges|spd|1
|
|-heal|p2a: Florges|99/100|[from] item: Leftovers
|turn|20
|
|move|p1a: Gholdengo|Shadow Ball|p2a: Florges
|-damage|p2a: Florges|62/100
|move|p2a: Florges|Psychic|p1a: Gholdengo
|-damage|p1a: Gholdengo|25/100
|
|-heal|p2a: Florges|68/100|[from] item: Leftovers
|turn|21
|
|move|p1a: Gholdengo|Shadow Ball|p2a: Florges
|-damage|p2a: Florges|37/100
|move|p2a: Florges|Draining Kiss|p1a: Gholdengo
|-damage|p1a: Gholdengo|0 fnt
|-heal|p2a: Florges|57/100|[from] drain|[of] p1a: Gholdengo
|faint|p1a: Gholdengo
|
|-heal|p2a: Florges|63/100|[from] item: Leftovers
|
|switch|p1a: Volcarona|Volcarona, M|100/100
|turn|22
|
|move|p1a: Volcarona|Flamethrower|p2a: Florges
|-supereffective|p2a: Florges
|-damage|p2a: Florges|28/100
|move|p2a: Florges|Calm Mind|p2a: Florges
|-boost|p2a: Florges|spa|1
|-boost|p2a: Florges|spd|1
|
|-heal|p2a: Florges|35/100|[from] item: Leftovers
|turn|23
|
|move|p1a: Volcarona|Quiver Dance|p1a: Volcarona
|-boost|p1a: Volcarona|spa|1
|-boost|p1a: Volcarona|spd|1
|-boost|p1a: Volcarona|spe|1
|move|p2a: Florges|Psychic|p1a: Volcarona
|-damage|p1a: Volcarona|74/100
|
|-heal|p2a: Florges|41/100|[from] item: Leftovers
|turn|24
|
|move|p1a: Volcarona|Flamethrower|p2a: Florges
|-supereffective|p2a: Florges
|-damage|p2a: Florges|0 fnt
|faint|p2a: Florges
|
|
|switch|p2a: Arcanine|Arcanine-Hisui, M|91/100
|-ability|p2a: Arcanine|Intimidate|boost
|-unboost|p1a: Volcarona|atk|1
|turn|25
|
|switch|p1a: Glimmora|Glimmora, F|100/100
|-damage|p1a: Glimmora|88/100|[from] Stealth Rock
|move|p2a: Arcanine|Flare Blitz|p1a: Glimmora
|-resisted|p1a: Glimmora
|-damage|p1a: Glimmora|63/100
|-damage|p2a: Arcanine|83/100|[from] Recoil
|-enditem|p1a: Glimmora|Red Card|[of] p2a: Arcanine
|drag|p2a: Alomomola|Alomomola, M|100/100
|-damage|p2a: Alomomola|88/100|[from] Stealth Rock
|-damage|p2a: Alomomola|76/100|[from] Spikes
|
|turn|26
|
|move|p1a: Glimmora|Toxic|p2a: Alomomola
|-status|p2a: Alomomola|tox
|move|p2a: Alomomola|Whirlpool|p1a: Glimmora
|-supereffective|p1a: Glimmora
|-crit|p1a: Glimmora
|-damage|p1a: Glimmora|50/100
|-activate|p1a: Glimmora|move: Whirlpool|[of] p2a: Alomomola
|
|-damage|p2a: Alomomola|70/100 tox|[from] psn
|-damage|p1a: Glimmora|37/100|[from] move: Whirlpool|[partiallytrapped]
|turn|27
|-message|Mky27 forfeited.
|
|win|vJulius
|l|☆Mky27
