|poke|p1|Arboliva, F|
|poke|p1|Typhlosion-Hisui, M|
|poke|p1|Quaquaval, M|
|poke|p1|Bellibolt, M|
|poke|p1|Slowking-Galar, F|
|poke|p1|Orthworm, M|
|poke|p2|Arcanine-Hisui, F|
|poke|p2|Garchomp, M|
|poke|p2|Chesnaught, M|
|poke|p2|Clodsire, F|
|poke|p2|Mimikyu, M|
|poke|p2|Braviary-Hisui, M|
|teampreview
|
|start
|switch|p1a: Ghost Rider|Typhlosion-Hisui, M|100/100
|switch|p2a: Arcanine|Arcanine-Hisui, F|100/100
|turn|1
|
|switch|p1a: Amorbis|Orthworm, M|100/100
|move|p2a: Arcanine|Wild Charge|p1a: Amorbis
|-damage|p1a: Amorbis|83/100
|-damage|p2a: Arcanine|84/100|[from] item: Rocky Helmet|[of] p1a: Amorbis
|
|turn|2
|
|switch|p2a: Garchomp|Garchomp, M|100/100
|move|p1a: Amorbis|Stealth Rock|p2a: Garchomp
|-sidestart|p2: p2|move: Stealth Rock
|
|turn|3
|
|move|p2a: Garchomp|Stealth Rock|p1a: Amorbis
|-sidestart|p1: p1|move: Stealth Rock
|move|p1a: Amorbis|Coil|p1a: Amorbis
|-boost|p1a: Amorbis|atk|1
|-boost|p1a: Amorbis|def|1
|-boost|p1a: Amorbis|accuracy|1
|
|turn|4
|
|switch|p2a: Chesnaught|Chesnaught, M|100/100
|-damage|p2a: Chesnaught|94/100|[from] Stealth Rock
|move|p1a: Amorbis|Earthquake|p2a: Chesnaught
|-resisted|p2a: Chesnaught
|-damage|p2a: Chesnaught|83/100
|
|-heal|p2a: Chesnaught|89/100|[from] item: Leftovers
|turn|5
|
|move|p1a: Amorbis|Iron Head|p2a: Chesnaught
|-damage|p2a: Chesnaught|61/100
|move|p2a: Chesnaught|Curse|p2a: Chesnaught
|-unboost|p2a: Chesnaught|spe|1
|-boost|p2a: Chesnaught|atk|1
|-boost|p2a: Chesnaught|def|1
|
|-heal|p2a: Chesnaught|67/100|[from] item: Leftovers
|turn|6
|
|move|p1a: Amorbis|Coil|p1a: Amorbis
|-boost|p1a: Amorbis|atk|1
|-boost|p1a: Amorbis|def|1
|-boost|p1a: Amorbis|accuracy|1
|move|p2a: Chesnaught|Curse|p2a: Chesnaught
|-unboost|p2a: Chesnaught|spe|1
|-boost|p2a: Chesnaught|atk|1
|-boost|p2a: Chesnaught|def|1
|
|-heal|p2a: Chesnaught|73/100|[from] item: Leftovers
|turn|7
|
|move|p1a: Amorbis|Coil|p1a: Amorbis
|-boost|p1a: Amorbis|atk|1
|-boost|p1a: Amorbis|def|1
|-boost|p1a: Amorbis|accuracy|1
|move|p2a: Chesnaught|Curse|p2a: Chesnaught
|-unboost|p2a: Chesnaught|spe|1
|-boost|p2a: Chesnaught|atk|1
|-boost|p2a: Chesnaught|def|1
|
|-heal|p2a: Chesnaught|79/100|[from] item: Leftovers
|turn|8
|
|move|p1a: Amorbis|Coil|p1a: Amorbis
|-boost|p1a: Amorbis|atk|1
|-boost|p1a: Amorbis|def|1
|-boost|p1a: Amorbis|accuracy|1
|move|p2a: Chesnaught|Body Press|p1a: Amorbis
|-supereffective|p1a: Amorbis
|-damage|p1a: Amorbis|55/100
|-damage|p2a: Chesnaught|62/100|[from] item: Rocky Helmet|[of] p1a: Amorbis
|
|-heal|p2a: Chesnaught|68/100|[from] item: Leftovers
|turn|9
|
|move|p1a: Amorbis|Iron Head|p2a: Chesnaught
|-damage|p2a: Chesnaught|48/100
|move|p2a: Chesnaught|Curse|p2a: Chesnaught
|-unboost|p2a: Chesnaught|spe|1
|-boost|p2a: Chesnaught|atk|1
|-boost|p2a: Chesnaught|def|1
|
|-heal|p2a: Chesnaught|54/100|[from] item: Leftovers
|turn|10
|
|switch|p1a: Ghost Rider|Typhlosion-Hisui, M|100/100
|move|p2a: Chesnaught|Body Press|p1a: Ghost Rider
|-immune|p1a: Ghost Rider
|
|-heal|p2a: Chesnaught|60/100|[from] item: Leftovers
|turn|11
|
|move|p1a: Ghost Rider|Flamethrower|p2a: Chesnaught
|-supereffective|p2a: Chesnaught
|-damage|p2a: Chesnaught|0 fnt
|faint|p2a: Chesnaught
|
|
|switch|p2a: Clodsire|Clodsire, F|100/100
|-damage|p2a: Clodsire|94/100|[from] Stealth Rock
|turn|12
|
|switch|p1a: Borg|Slowking-Galar, F|100/100
|-damage|p1a: Borg|88/100|[from] Stealth Rock
|move|p2a: Clodsire|Earthquake|p1a: Borg
|-supereffective|p1a: Borg
|-damage|p1a: Borg|49/100
|
|-heal|p1a: Borg|55/100|[from] item: Black Sludge
|-heal|p2a: Clodsire|100/100|[from] item: Black Sludge
|turn|13
|
|move|p1a: Borg|Psychic|p2a: Clodsire
|-supereffective|p2a: Clodsire
|-damage|p2a: Clodsire|66/100
|move|p2a: Clodsire|Earthquake|p1a: Borg
|-supereffective|p1a: Borg
|-damage|p1a: Borg|15/100
|
|-heal|p1a: Borg|22/100|[from] item: Black Sludge
|-heal|p2a: Clodsire|73/100|[from] item: Black Sludge
|turn|14
|
|switch|p1a: Amorbis|Orthworm, M|55/100
|-damage|p1a: Amorbis|48/100|[from] Stealth Rock
|move|p2a: Clodsire|Earthquake|p1a: Amorbis
|-heal|p1a: Amorbis|73/100|[from] ability: Earth Eater|[of] p2a: Clodsire
|
|-heal|p2a: Clodsire|79/100|[from] item: Black Sludge
|turn|15
|
|switch|p2a: Arcanine|Arcanine-Hisui, F|84/100
|-damage|p2a: Arcanine|59/100|[from] Stealth Rock
|move|p1a: Amorbis|Coil|p1a: Amorbis
|-boost|p1a: Amorbis|atk|1
|-boost|p1a: Amorbis|def|1
|-boost|p1a: Amorbis|accuracy|1
|
|turn|16
|
|move|p2a: Arcanine|Flare Blitz|p1a: Amorbis
|-supereffective|p1a: Amorbis
|-damage|p1a: Amorbis|30/100
|-damage|p2a: Arcanine|42/100|[from] item: Rocky Helmet|[of] p1a: Amorbis
|move|p1a: Amorbis|Earthquake|p2a: Arcanine
|-supereffective|p2a: Arcanine
|-damage|p2a: Arcanine|0 fnt
|faint|p2a: Arcanine
|
|
|switch|p2a: Mimikyu|Mimikyu, M|100/100
|-damage|p2a: Mimikyu|88/100|[from] Stealth Rock
|turn|17
|
|move|p2a: Mimikyu|Swords Dance|p2a: Mimikyu
|-boost|p2a: Mimikyu|atk|2
|move|p1a: Amorbis|Iron Head|p2a: Mimikyu
|-activate|p2a: Mimikyu|ability: Disguise
|-damage|p2a: Mimikyu|88/100
|detailschange|p2a: Mimikyu|Mimikyu-Busted, M
|-damage|p2a: Mimikyu|76/100|[from] pokemon: Mimikyu-Busted
|
|turn|18
|
|move|p2a: Mimikyu|Swords Dance|p2a: Mimikyu
|-boost|p2a: Mimikyu|atk|2
|move|p1a: Amorbis|Iron Head|p2a: Mimikyu
|-supereffective|p2a: Mimikyu
|-damage|p2a: Mimikyu|0 fnt
|faint|p2a: Mimikyu
|
|-message|p2 forfeited.
|
|win|p1
