# advantage = p2
|poke|p1|Chien-Pao|
|poke|p1|Magearna|
|poke|p1|Dondozo, M|
|poke|p1|Enamorus-Therian, F|
|poke|p1|Braviary-Hisui, M|
|poke|p1|Great Tusk|
|poke|p2|Grimmsnarl, M|
|poke|p2|Kleavor, M|
|poke|p2|Zamazenta-*|
|poke|p2|Magearna|
|poke|p2|Volcanion|
|poke|p2|Landorus-Therian, M|
|teampreview
|
|start
|switch|p1a: Great Tusk|Great Tusk|100/100
|switch|p2a: Asta|Grimmsnarl, M, shiny|100/100
|turn|1
|
|move|p2a: Asta|Reflect|p2a: Asta
|-sidestart|p2: p2|Reflect
|move|p1a: Great Tusk|Knock Off|p2a: Asta
|-resisted|p2a: Asta
|-damage|p2a: Asta|96/100
|-enditem|p2a: Asta|Light Clay|[from] move: Knock Off|[of] p1a: Great Tusk
|
|turn|2
|
|-end|p1a: Great Tusk|Protosynthesis|[silent]
|switch|p1a: Braviary|Braviary-Hisui, M|100/100
|move|p2a: Asta|Taunt|p1a: Braviary
|-start|p1a: Braviary|move: Taunt
|
|turn|3
|
|move|p2a: Asta|Light Screen|p2a: Asta
|-sidestart|p2: p2|move: Light Screen
|move|p1a: Braviary|Heat Wave|p2a: Asta
|-damage|p2a: Asta|77/100
|
|turn|4
|
|move|p2a: Asta|Parting Shot|p1a: Braviary
|-unboost|p1a: Braviary|atk|1
|-unboost|p1a: Braviary|spa|1
|
|switch|p2a: Meat|Kleavor, M, shiny|100/100|[from] Parting Shot
|move|p1a: Braviary|Hurricane|p2a: Meat|[miss]
|-miss|p1a: Braviary|p2a: Meat
|
|-end|p1a: Braviary|move: Taunt
|turn|5
|
|switch|p1a: Great Tusk|Great Tusk|100/100
|move|p2a: Meat|Agility|p2a: Meat
|-boost|p2a: Meat|spe|2
|
|turn|6
|
|move|p2a: Meat|Fury Cutter|p1a: Great Tusk
|-resisted|p1a: Great Tusk
|-damage|p1a: Great Tusk|89/100
|move|p1a: Great Tusk|Knock Off|p2a: Meat
|-damage|p2a: Meat|84/100
|-enditem|p2a: Meat|Metronome|[from] move: Knock Off|[of] p1a: Great Tusk
|
|turn|7
|
|move|p2a: Meat|Fury Cutter|p1a: Great Tusk
|-resisted|p1a: Great Tusk
|-damage|p1a: Great Tusk|67/100
|move|p1a: Great Tusk|Earthquake|p2a: Meat
|-damage|p2a: Meat|57/100
|
|-sideend|p2: p2|move: Light Screen
|turn|8
|
|-terastallize|p2a: Meat|Bug
|move|p2a: Meat|Fury Cutter|p1a: Great Tusk
|-resisted|p1a: Great Tusk
|-damage|p1a: Great Tusk|6/100
|move|p1a: Great Tusk|Earthquake|p2a: Meat
|-resisted|p2a: Meat
|-damage|p2a: Meat|44/100
|
|-sideend|p2: p2|Reflect
|turn|9
|
|move|p2a: Meat|Fury Cutter|p1a: Great Tusk
|-resisted|p1a: Great Tusk
|-damage|p1a: Great Tusk|0 fnt
|faint|p1a: Great Tusk
|-end|p1a: Great Tusk|Protosynthesis|[silent]
|
|
|switch|p1a: Enamorus|Enamorus-Therian, F|100/100
|turn|10
|
|move|p2a: Meat|Fury Cutter|p1a: Enamorus
|-resisted|p1a: Enamorus
|-damage|p1a: Enamorus|68/100
|move|p1a: Enamorus|Mystical Fire|p2a: Meat
|-supereffective|p2a: Meat
|-damage|p2a: Meat|0 fnt
|faint|p2a: Meat
|
|
|switch|p2a: Asta|Grimmsnarl, M, shiny|77/100
|turn|11
|
|move|p2a: Asta|Light Screen|p2a: Asta
|-sidestart|p2: p2|move: Light Screen
|move|p1a: Enamorus|Calm Mind|p1a: Enamorus
|-boost|p1a: Enamorus|spa|1
|-boost|p1a: Enamorus|spd|1
|
|turn|12
|
|move|p2a: Asta|Taunt|p1a: Enamorus
|-start|p1a: Enamorus|move: Taunt
|cant|p1a: Enamorus|move: Taunt|Substitute
|
|turn|13
|
|move|p2a: Asta|Parting Shot|p1a: Enamorus
|-unboost|p1a: Enamorus|atk|1
|-unboost|p1a: Enamorus|spa|1
|
|switch|p2a: Lando Bando|Landorus-Therian, M, shiny|100/100|[from] Parting Shot
|-ability|p2a: Lando Bando|Intimidate|boost
|-unboost|p1a: Enamorus|atk|1
|move|p1a: Enamorus|Draining Kiss|p2a: Lando Bando
|-damage|p2a: Lando Bando|90/100
|-heal|p1a: Enamorus|77/100|[from] drain|[of] p2a: Lando Bando
|-damage|p1a: Enamorus|60/100|[from] item: Rocky Helmet|[of] p2a: Lando Bando
|
|turn|14
|
|move|p2a: Lando Bando|Calm Mind|p2a: Lando Bando
|-boost|p2a: Lando Bando|spa|1
|-boost|p2a: Lando Bando|spd|1
|move|p1a: Enamorus|Mystical Fire|p2a: Lando Bando
|-damage|p2a: Lando Bando|83/100
|-unboost|p2a: Lando Bando|spa|1
|
|-end|p1a: Enamorus|move: Taunt
|turn|15
|
|move|p2a: Lando Bando|Sludge Bomb|p1a: Enamorus
|-supereffective|p1a: Enamorus
|-damage|p1a: Enamorus|25/100
|move|p1a: Enamorus|Mystical Fire|p2a: Lando Bando
|-damage|p2a: Lando Bando|76/100
|-unboost|p2a: Lando Bando|spa|1
|
|-sideend|p2: p2|move: Light Screen
|turn|16
|
|move|p2a: Lando Bando|Calm Mind|p2a: Lando Bando
|-boost|p2a: Lando Bando|spa|1
|-boost|p2a: Lando Bando|spd|1
|move|p1a: Enamorus|Mystical Fire|p2a: Lando Bando
|-damage|p2a: Lando Bando|66/100
|-unboost|p2a: Lando Bando|spa|1
|
|turn|17
|
|move|p2a: Lando Bando|Sludge Bomb|p1a: Enamorus
|-supereffective|p1a: Enamorus
|-damage|p1a: Enamorus|4/100
|-status|p1a: Enamorus|psn
|move|p1a: Enamorus|Mystical Fire|p2a: Lando Bando
|-crit|p2a: Lando Bando
|-damage|p2a: Lando Bando|36/100
|-unboost|p2a: Lando Bando|spa|1
|
|-damage|p1a: Enamorus|0 fnt|[from] psn
|faint|p1a: Enamorus
|
|switch|p1a: Braviary|Braviary-Hisui, M|100/100
|turn|18
|
|move|p1a: Braviary|Esper Wing|p2a: Lando Bando
|-damage|p2a: Lando Bando|5/100
|move|p2a: Lando Bando|Sludge Bomb|p1a: Braviary
|-crit|p1a: Braviary
|-damage|p1a: Braviary|49/100
|
|turn|19
|
|move|p1a: Braviary|Shadow Ball|p2a: Lando Bando
|-damage|p2a: Lando Bando|0 fnt
|faint|p2a: Lando Bando
|
|
|switch|p2a: Asta|Grimmsnarl, M, shiny|77/100
|turn|20
|
|move|p2a: Asta|Light Screen|p2a: Asta
|-sidestart|p2: p2|move: Light Screen
|move|p1a: Braviary|Hurricane|p2a: Asta|[miss]
|-miss|p1a: Braviary|p2a: Asta
|
|turn|21
|
|move|p2a: Asta|Parting Shot|p1a: Braviary
|-unboost|p1a: Braviary|atk|1
|-unboost|p1a: Braviary|spa|1
|
|switch|p2a: Smoker|Volcanion|100/100|[from] Parting Shot
|move|p1a: Braviary|Hurricane|p2a: Smoker
|-damage|p2a: Smoker|69/100
|
|turn|22
|
|switch|p1a: Dondozo|Dondozo, M|100/100
|move|p2a: Smoker|Overheat|p1a: Dondozo
|-resisted|p1a: Dondozo
|-damage|p1a: Dondozo|44/100
|-unboost|p2a: Smoker|spa|2
|
|-heal|p1a: Dondozo|50/100|[from] item: Leftovers
|turn|23
|
|switch|p2a: Asta|Grimmsnarl, M, shiny|77/100
|switch|p1a: Magearna|Magearna|100/100
|
|turn|24
|
|move|p2a: Asta|Taunt|p1a: Magearna
|-start|p1a: Magearna|move: Taunt
|cant|p1a: Magearna|move: Taunt|Shift Gear
|
|-sideend|p2: p2|move: Light Screen
|turn|25
|
|switch|p1a: Braviary|Braviary-Hisui, M|49/100
|move|p2a: Asta|Light Screen|p2a: Asta
|-sidestart|p2: p2|move: Light Screen
|
|turn|26
|
|switch|p1a: Magearna|Magearna|100/100
|move|p2a: Asta|Reflect|p2a: Asta
|-sidestart|p2: p2|Reflect
|
|turn|27
|
|switch|p1a: Braviary|Braviary-Hisui, M|49/100
|move|p2a: Asta|Taunt|p1a: Braviary
|-start|p1a: Braviary|move: Taunt
|
|turn|28
|
|switch|p1a: Magearna|Magearna|100/100
|move|p2a: Asta|Parting Shot|p1a: Magearna
|-unboost|p1a: Magearna|atk|1
|-unboost|p1a: Magearna|spa|1
|
|switch|p2a: Smoker|Volcanion|69/100|[from] Parting Shot
|
|turn|29
|
|switch|p1a: Braviary|Braviary-Hisui, M|49/100
|move|p2a: Smoker|Overheat|p1a: Braviary
|-damage|p1a: Braviary|0 fnt
|-unboost|p2a: Smoker|spa|2
|faint|p1a: Braviary
|
|-sideend|p2: p2|move: Light Screen
|
|switch|p1a: Magearna|Magearna|100/100
|turn|30
|
|move|p2a: Smoker|Overheat|p1a: Magearna
|-supereffective|p1a: Magearna
|-damage|p1a: Magearna|6/100
|-unboost|p2a: Smoker|spa|2
|move|p1a: Magearna|Shift Gear|p1a: Magearna
|-boost|p1a: Magearna|spe|2
|-boost|p1a: Magearna|atk|1
|
|-heal|p1a: Magearna|12/100|[from] item: Leftovers
|-sideend|p2: p2|Reflect
|turn|31
|
|move|p1a: Magearna|Stored Power|p2a: Smoker
|-damage|p2a: Smoker|44/100
|move|p2a: Smoker|Overheat|p1a: Magearna
|-supereffective|p1a: Magearna
|-damage|p1a: Magearna|0 fnt
|-unboost|p2a: Smoker|spa|2
|faint|p1a: Magearna
|
|
|switch|p1a: Chien-Pao|Chien-Pao|100/100
|-ability|p1a: Chien-Pao|Sword of Ruin
|turn|32
|
|switch|p2a: Magenta|Zamazenta-Crowned, shiny|100/100
|-ability|p2a: Magenta|Dauntless Shield|boost
|-boost|p2a: Magenta|def|1
|move|p1a: Chien-Pao|Crunch|p2a: Magenta
|-resisted|p2a: Magenta
|-damage|p2a: Magenta|80/100
|-unboost|p2a: Magenta|def|1
|
|turn|33
|
|switch|p1a: Dondozo|Dondozo, M|50/100
|move|p2a: Magenta|Body Press|p1a: Dondozo
|-damage|p1a: Dondozo|34/100
|
|-heal|p1a: Dondozo|40/100|[from] item: Leftovers
|turn|34
|
|switch|p2a: Asta|Grimmsnarl, M, shiny|77/100
|move|p1a: Dondozo|Rest|p1a: Dondozo
|-status|p1a: Dondozo|slp|[from] move: Rest
|-heal|p1a: Dondozo|100/100 slp|[silent]
|
|turn|35
|
|switch|p1a: Chien-Pao|Chien-Pao|100/100
|-ability|p1a: Chien-Pao|Sword of Ruin
|move|p2a: Asta|Taunt|p1a: Chien-Pao
|-hint|Since gen 7, Dark is immune to Prankster moves.
|-immune|p1a: Chien-Pao
|
|turn|36
|
|move|p2a: Asta|Reflect|p2a: Asta
|-sidestart|p2: p2|Reflect
|move|p1a: Chien-Pao|Sacred Sword|p2a: Asta
|-damage|p2a: Asta|43/100
|
|turn|37
|
|switch|p1a: Dondozo|Dondozo, M|100/100 slp
|move|p2a: Asta|Light Screen|p2a: Asta
|-sidestart|p2: p2|move: Light Screen
|
|turn|38
|
|switch|p2a: shiest|Magearna|100/100
|switch|p1a: Chien-Pao|Chien-Pao|100/100
|-ability|p1a: Chien-Pao|Sword of Ruin
|
|turn|39
|
|move|p1a: Chien-Pao|Psychic Fangs|p2a: shiest
|-sideend|p2: p2|Reflect
|-sideend|p2: p2|move: Light Screen
|-resisted|p2a: shiest
|-damage|p2a: shiest|76/100
|move|p2a: shiest|Aura Sphere|p1a: Chien-Pao
|-supereffective|p1a: Chien-Pao
|-damage|p1a: Chien-Pao|0 fnt
|faint|p1a: Chien-Pao
|-ability|p2a: shiest|Soul-Heart|boost
|-boost|p2a: shiest|spa|1
|
|-message|p1 forfeited.
|
|win|p2
