# advantage = p1
|poke|p1|Mimikyu, F|
|poke|p1|Breloom, F|
|poke|p1|Garganacl, F|
|poke|p1|Forretress, F|
|poke|p1|Magearna|
|poke|p1|Hoopa-Unbound|
|poke|p2|Drifblim, M|
|poke|p2|Blissey, F|
|poke|p2|Clodsire, F|
|poke|p2|Alomomola, F|
|poke|p2|Dondozo, F|
|poke|p2|Toxapex, M|
|teampreview
|
|start
|switch|p1a: Garganacl|Garganacl, F|100/100
|switch|p2a: Clodsire|Clodsire, F|100/100
|turn|1
|
|-terastallize|p1a: Garganacl|Fairy
|move|p1a: Garganacl|Salt Cure|p2a: Clodsire
|-resisted|p2a: Clodsire
|-damage|p2a: Clodsire|93/100
|-start|p2a: Clodsire|Salt Cure
|move|p2a: Clodsire|Spikes|p1a: Garganacl
|-sidestart|p1: p1|Spikes
|
|-damage|p2a: Clodsire|81/100|[from] Salt Cure
|turn|2
|
|move|p1a: Garganacl|Iron Defense|p1a: Garganacl
|-boost|p1a: Garganacl|def|2
|move|p2a: Clodsire|Spikes|p1a: Garganacl
|-sidestart|p1: p1|Spikes
|
|-damage|p2a: Clodsire|68/100|[from] Salt Cure
|turn|3
|
|move|p1a: Garganacl|Body Press|p2a: Clodsire
|-resisted|p2a: Clodsire
|-damage|p2a: Clodsire|44/100
|move|p2a: Clodsire|Spikes|p1a: Garganacl
|-sidestart|p1: p1|Spikes
|
|-damage|p2a: Clodsire|31/100|[from] Salt Cure
|turn|4
|
|move|p1a: Garganacl|Salt Cure|p2a: Clodsire
|-resisted|p2a: Clodsire
|-damage|p2a: Clodsire|24/100
|move|p2a: Clodsire|Recover|p2a: Clodsire
|-heal|p2a: Clodsire|74/100
|
|-damage|p2a: Clodsire|61/100|[from] Salt Cure
|turn|5
|
|switch|p1a: Forretress|Forretress, F|100/100
|-damage|p1a: Forretress|76/100|[from] Spikes
|move|p2a: Clodsire|Recover|p2a: Clodsire
|-heal|p2a: Clodsire|100/100
|
|-heal|p1a: Forretress|82/100|[from] item: Leftovers
|-damage|p2a: Clodsire|88/100|[from] Salt Cure
|turn|6
|
|switch|p2a: Drifblim|Drifblim, M|100/100
|move|p1a: Forretress|Rapid Spin|p2a: Drifblim
|-immune|p2a: Drifblim
|
|-heal|p1a: Forretress|88/100|[from] item: Leftovers
|turn|7
|
|switch|p1a: Garganacl|Garganacl, F, tera:Fairy|100/100
|-damage|p1a: Garganacl|76/100|[from] Spikes
|move|p2a: Drifblim|Will-O-Wisp|p1a: Garganacl
|-immune|p1a: Garganacl|[from] ability: Purifying Salt
|
|-heal|p1a: Garganacl|82/100|[from] item: Leftovers
|turn|8
|
|switch|p1a: Breloom|Breloom, F|100/100
|-damage|p1a: Breloom|76/100|[from] Spikes
|move|p2a: Drifblim|Air Slash|p1a: Breloom
|-supereffective|p1a: Breloom
|-damage|p1a: Breloom|0 fnt
|faint|p1a: Breloom
|
|
|switch|p1a: Magearna|Magearna|100/100
|-damage|p1a: Magearna|75/100|[from] Spikes
|turn|9
|
|switch|p2a: Clodsire|Clodsire, F|88/100
|move|p1a: Magearna|Shift Gear|p1a: Magearna
|-boost|p1a: Magearna|spe|2
|-boost|p1a: Magearna|atk|1
|
|turn|10
|
|move|p1a: Magearna|Iron Head|p2a: Clodsire
|-damage|p2a: Clodsire|12/100
|-damage|p1a: Magearna|66/100|[from] item: Life Orb
|cant|p2a: Clodsire|flinch
|
|turn|11
|
|switch|p2a: Dondozo|Dondozo, F|100/100
|move|p1a: Magearna|Iron Head|p2a: Dondozo
|-resisted|p2a: Dondozo
|-damage|p2a: Dondozo|90/100
|-damage|p1a: Magearna|56/100|[from] item: Life Orb
|
|turn|12
|
|move|p1a: Magearna|Fleur Cannon|p2a: Dondozo
|-damage|p2a: Dondozo|25/100
|-unboost|p1a: Magearna|spa|2
|-damage|p1a: Magearna|46/100|[from] item: Life Orb
|move|p2a: Dondozo|Liquidation|p1a: Magearna
|-damage|p1a: Magearna|21/100
|
|turn|13
|
|switch|p2a: Toxapex|Toxapex, M|100/100
|move|p1a: Magearna|Fleur Cannon|p2a: Toxapex
|-resisted|p2a: Toxapex
|-damage|p2a: Toxapex|89/100
|-unboost|p1a: Magearna|spa|2
|-damage|p1a: Magearna|11/100|[from] item: Life Orb
|
|turn|14
|
|move|p1a: Magearna|Iron Head|p2a: Toxapex
|-resisted|p2a: Toxapex
|-damage|p2a: Toxapex|62/100
|-damage|p1a: Magearna|1/100|[from] item: Life Orb
|cant|p2a: Toxapex|flinch
|
|turn|15
|
|move|p1a: Magearna|Iron Head|p2a: Toxapex
|-resisted|p2a: Toxapex
|-damage|p2a: Toxapex|39/100
|-damage|p1a: Magearna|0 fnt|[from] item: Life Orb
|faint|p1a: Magearna
|move|p2a: Toxapex|Recover|p2a: Toxapex
|-heal|p2a: Toxapex|89/100
|
|
|switch|p1a: Forretress|Forretress, F|88/100
|-damage|p1a: Forretress|63/100|[from] Spikes
|turn|16
|
|switch|p2a: Drifblim|Drifblim, M|100/100
|move|p1a: Forretress|Rapid Spin|p2a: Drifblim
|-immune|p2a: Drifblim
|
|-heal|p1a: Forretress|69/100|[from] item: Leftovers
|turn|17
|
|switch|p1a: Garganacl|Garganacl, F, tera:Fairy|82/100
|-damage|p1a: Garganacl|57/100|[from] Spikes
|move|p2a: Drifblim|Air Slash|p1a: Garganacl
|-damage|p1a: Garganacl|40/100
|
|-heal|p1a: Garganacl|46/100|[from] item: Leftovers
|turn|18
|
|move|p2a: Drifblim|Air Slash|p1a: Garganacl
|-damage|p1a: Garganacl|31/100
|move|p1a: Garganacl|Recover|p1a: Garganacl
|-heal|p1a: Garganacl|82/100
|
|-heal|p1a: Garganacl|88/100|[from] item: Leftovers
|turn|19
|
|switch|p2a: Alomomola|Alomomola, F|100/100
|move|p1a: Garganacl|Salt Cure|p2a: Alomomola
|-damage|p2a: Alomomola|92/100
|-start|p2a: Alomomola|Salt Cure
|
|-heal|p2a: Alomomola|98/100|[from] item: Leftovers
|-heal|p1a: Garganacl|94/100|[from] item: Leftovers
|-damage|p2a: Alomomola|73/100|[from] Salt Cure
|turn|20
|
|-terastallize|p2a: Alomomola|Ghost
|move|p2a: Alomomola|Whirlpool|p1a: Garganacl
|-damage|p1a: Garganacl|90/100
|-activate|p1a: Garganacl|move: Whirlpool|[of] p2a: Alomomola
|move|p1a: Garganacl|Iron Defense|p1a: Garganacl
|-boost|p1a: Garganacl|def|2
|
|-heal|p2a: Alomomola|79/100|[from] item: Leftovers
|-heal|p1a: Garganacl|96/100|[from] item: Leftovers
|-damage|p2a: Alomomola|67/100|[from] Salt Cure
|-damage|p1a: Garganacl|84/100|[from] move: Whirlpool|[partiallytrapped]
|turn|21
|
|move|p2a: Alomomola|Wish|p2a: Alomomola
|move|p1a: Garganacl|Iron Defense|p1a: Garganacl
|-boost|p1a: Garganacl|def|2
|
|-heal|p2a: Alomomola|73/100|[from] item: Leftovers
|-heal|p1a: Garganacl|90/100|[from] item: Leftovers
|-damage|p2a: Alomomola|61/100|[from] Salt Cure
|-damage|p1a: Garganacl|78/100|[from] move: Whirlpool|[partiallytrapped]
|turn|22
|
|move|p2a: Alomomola|Chilling Water|p1a: Garganacl
|-damage|p1a: Garganacl|72/100
|-unboost|p1a: Garganacl|atk|1
|move|p1a: Garganacl|Salt Cure|p2a: Alomomola
|-damage|p2a: Alomomola|55/100
|
|-heal|p2a: Alomomola|100/100|[from] move: Wish|[wisher] Alomomola
|-heal|p1a: Garganacl|78/100|[from] item: Leftovers
|-damage|p2a: Alomomola|88/100|[from] Salt Cure
|-damage|p1a: Garganacl|65/100|[from] move: Whirlpool|[partiallytrapped]
|turn|23
|
|move|p2a: Alomomola|Chilling Water|p1a: Garganacl
|-damage|p1a: Garganacl|60/100
|-unboost|p1a: Garganacl|atk|1
|move|p1a: Garganacl|Salt Cure|p2a: Alomomola
|-damage|p2a: Alomomola|84/100
|
|-heal|p2a: Alomomola|90/100|[from] item: Leftovers
|-heal|p1a: Garganacl|66/100|[from] item: Leftovers
|-damage|p2a: Alomomola|78/100|[from] Salt Cure
|-damage|p1a: Garganacl|54/100|[from] move: Whirlpool|[partiallytrapped]
|turn|24
|
|move|p2a: Alomomola|Chilling Water|p1a: Garganacl
|-damage|p1a: Garganacl|48/100
|-unboost|p1a: Garganacl|atk|1
|move|p1a: Garganacl|Recover|p1a: Garganacl
|-heal|p1a: Garganacl|99/100
|
|-heal|p2a: Alomomola|84/100|[from] item: Leftovers
|-heal|p1a: Garganacl|100/100|[from] item: Leftovers
|-damage|p2a: Alomomola|71/100|[from] Salt Cure
|-end|p1a: Garganacl|Whirlpool|[partiallytrapped]
|turn|25
|
|switch|p1a: Hoopa|Hoopa-Unbound|100/100
|-damage|p1a: Hoopa|76/100|[from] Spikes
|move|p2a: Alomomola|Whirlpool|p1a: Hoopa
|-damage|p1a: Hoopa|70/100
|-activate|p1a: Hoopa|move: Whirlpool|[of] p2a: Alomomola
|
|-heal|p2a: Alomomola|78/100|[from] item: Leftovers
|-damage|p1a: Hoopa|57/100|[from] move: Whirlpool|[partiallytrapped]
|-damage|p2a: Alomomola|65/100|[from] Salt Cure
|turn|26
|
|switch|p2a: Clodsire|Clodsire, F|12/100
|move|p1a: Hoopa|Hyperspace Fury|p2a: Clodsire
|-damage|p2a: Clodsire|0 fnt
|-unboost|p1a: Hoopa|def|1
|faint|p2a: Clodsire
|
|-end|p1a: Hoopa|Whirlpool|[partiallytrapped]|[silent]
|
|switch|p2a: Dondozo|Dondozo, F|25/100
|turn|27
|
|switch|p1a: Forretress|Forretress, F|69/100
|-damage|p1a: Forretress|45/100|[from] Spikes
|move|p2a: Dondozo|Rest|p2a: Dondozo
|-status|p2a: Dondozo|slp|[from] move: Rest
|-heal|p2a: Dondozo|100/100 slp|[silent]
|
|-heal|p1a: Forretress|51/100|[from] item: Leftovers
|turn|28
|
|switch|p2a: Alomomola|Alomomola, F, tera:Ghost|99/100
|switch|p1a: Hoopa|Hoopa-Unbound|57/100
|-damage|p1a: Hoopa|32/100|[from] Spikes
|
|-heal|p2a: Alomomola|100/100|[from] item: Leftovers
|turn|29
|
|switch|p2a: Dondozo|Dondozo, F|100/100 slp
|move|p1a: Hoopa|Hyperspace Fury|p2a: Dondozo
|-damage|p2a: Dondozo|73/100 slp
|-unboost|p1a: Hoopa|def|1
|
|turn|30
|
|move|p1a: Hoopa|Hyperspace Fury|p2a: Dondozo
|-damage|p2a: Dondozo|47/100 slp
|-unboost|p1a: Hoopa|def|1
|cant|p2a: Dondozo|slp
|move|p2a: Dondozo|Sleep Talk|p2a: Dondozo
|move|p2a: Dondozo|Rest||[from]move: Sleep Talk|[still]
|-fail|p2a: Dondozo
|
|turn|31
|
|move|p1a: Hoopa|Hyperspace Fury|p2a: Dondozo
|-crit|p2a: Dondozo
|-damage|p2a: Dondozo|9/100 slp
|-unboost|p1a: Hoopa|def|1
|cant|p2a: Dondozo|slp
|move|p2a: Dondozo|Sleep Talk|p2a: Dondozo
|move|p2a: Dondozo|Liquidation|p1a: Hoopa|[from]move: Sleep Talk
|-damage|p1a: Hoopa|0 fnt
|faint|p1a: Hoopa
|
|
|switch|p1a: Mimikyu|Mimikyu, F|100/100
|-damage|p1a: Mimikyu|76/100|[from] Spikes
|turn|32
|
|move|p1a: Mimikyu|Shadow Sneak|p2a: Dondozo
|-damage|p2a: Dondozo|0 fnt
|faint|p2a: Dondozo
|
|
|switch|p2a: Toxapex|Toxapex, M|100/100
|turn|33
|
|move|p1a: Mimikyu|Swords Dance|p1a: Mimikyu
|-boost|p1a: Mimikyu|atk|2
|move|p2a: Toxapex|Toxic|p1a: Mimikyu
|-status|p1a: Mimikyu|tox
|
|-damage|p1a: Mimikyu|70/100 tox|[from] psn
|turn|34
|
|move|p1a: Mimikyu|Swords Dance|p1a: Mimikyu
|-boost|p1a: Mimikyu|atk|2
|move|p2a: Toxapex|Haze|p2a: Toxapex
|-clearallboost
|
|-damage|p1a: Mimikyu|58/100 tox|[from] psn
|turn|35
|
|move|p1a: Mimikyu|Thunder Wave|p2a: Toxapex
|-status|p2a: Toxapex|par
|move|p2a: Toxapex|Haze|p2a: Toxapex
|-clearallboost
|
|-damage|p1a: Mimikyu|39/100 tox|[from] psn
|turn|36
|
|switch|p1a: Forretress|Forretress, F|51/100
|-damage|p1a: Forretress|26/100|[from] Spikes
|move|p2a: Toxapex|Recover||[still]
|-fail|p2a: Toxapex|heal
|
|-heal|p1a: Forretress|32/100|[from] item: Leftovers
|turn|37
|
|switch|p2a: Drifblim|Drifblim, M|100/100
|move|p1a: Forretress|Earthquake|p2a: Drifblim
|-immune|p2a: Drifblim
|
|-heal|p1a: Forretress|38/100|[from] item: Leftovers
|turn|38
|
|switch|p1a: Garganacl|Garganacl, F, tera:Fairy|100/100
|-damage|p1a: Garganacl|76/100|[from] Spikes
|move|p2a: Drifblim|Air Slash|p1a: Garganacl
|-damage|p1a: Garganacl|61/100
|
|-heal|p1a: Garganacl|67/100|[from] item: Leftovers
|turn|39
|
|move|p2a: Drifblim|Air Slash|p1a: Garganacl
|-damage|p1a: Garganacl|52/100
|move|p1a: Garganacl|Salt Cure|p2a: Drifblim
|-supereffective|p2a: Drifblim
|-damage|p2a: Drifblim|79/100
|-start|p2a: Drifblim|Salt Cure
|
|-heal|p1a: Garganacl|58/100|[from] item: Leftovers
|-damage|p2a: Drifblim|67/100|[from] Salt Cure
|turn|40
|
|switch|p2a: Alomomola|Alomomola, F, tera:Ghost|100/100
|move|p1a: Garganacl|Recover|p1a: Garganacl
|-heal|p1a: Garganacl|100/100
|
|turn|41
|
|switch|p1a: Forretress|Forretress, F|38/100
|-damage|p1a: Forretress|13/100|[from] Spikes
|move|p2a: Alomomola|Whirlpool|p1a: Forretress
|-damage|p1a: Forretress|7/100
|-activate|p1a: Forretress|move: Whirlpool|[of] p2a: Alomomola
|
|-heal|p1a: Forretress|13/100|[from] item: Leftovers
|-damage|p1a: Forretress|0 fnt|[from] move: Whirlpool|[partiallytrapped]
|faint|p1a: Forretress
|
|switch|p1a: Mimikyu|Mimikyu, F|39/100 tox
|-damage|p1a: Mimikyu|15/100 tox|[from] Spikes
|turn|42
|
|move|p1a: Mimikyu|Shadow Sneak|p2a: Alomomola
|-supereffective|p2a: Alomomola
|-damage|p2a: Alomomola|79/100
|move|p2a: Alomomola|Wish|p2a: Alomomola
|
|-heal|p2a: Alomomola|85/100|[from] item: Leftovers
|-damage|p1a: Mimikyu|9/100 tox|[from] psn
|turn|43
|
|move|p2a: Alomomola|Protect|p2a: Alomomola
|-singleturn|p2a: Alomomola|Protect
|move|p1a: Mimikyu|Destiny Bond|p1a: Mimikyu
|-singlemove|p1a: Mimikyu|Destiny Bond
|
|-heal|p2a: Alomomola|100/100|[from] move: Wish|[wisher] Alomomola
|-damage|p1a: Mimikyu|0 fnt|[from] psn
|faint|p1a: Mimikyu
|-message|p1 forfeited.
|
|win|p2
