|poke|p1|Iron Hands|
|poke|p1|Enamorus, F|
|poke|p1|Kingambit, F|
|poke|p1|Great Tusk|
|poke|p1|Zapdos|
|poke|p1|Iron Moth|
|poke|p2|Chien-Pao|
|poke|p2|Sneasler, F|
|poke|p2|Volcarona, F|
|poke|p2|Samurott-Hisui, M|
|poke|p2|Landorus-Therian, M|
|poke|p2|Dragapult, F|
|teampreview
|
|start
|switch|p1a: Zapdos|Zapdos|100/100
|switch|p2a: Dragapult|Dragapult, F|100/100
|turn|1
|
|move|p2a: Dragapult|Light Screen|p2a: Dragapult
|-sidestart|p2: p2|move: Light Screen
|move|p1a: Zapdos|U-turn|p2a: Dragapult
|-resisted|p2a: Dragapult
|-damage|p2a: Dragapult|93/100
|-start|p1a: Zapdos|Disable|U-turn|[from] ability: Cursed Body|[of] p2a: Dragapult
|
|switch|p1a: Kingambit|Kingambit, F|100/100|[from] U-turn
|
|turn|2
|
|-end|p1a: Kingambit|fallenundefined|[silent]
|switch|p1a: Iron Moth|Iron Moth|100/100
|move|p2a: Dragapult|Reflect|p2a: Dragapult
|-sidestart|p2: p2|Reflect
|
|turn|3
|
|-end|p1a: Iron Moth|Quark Drive|[silent]
|switch|p1a: Great Tusk|Great Tusk|100/100
|move|p2a: Dragapult|Curse|p1a: Great Tusk
|-start|p1a: Great Tusk|Curse|[of] p2a: Dragapult
|-damage|p2a: Dragapult|43/100
|
|-damage|p1a: Great Tusk|76/100|[from] Curse
|turn|4
|
|switch|p2a: Chien-Pao|Chien-Pao|100/100
|-ability|p2a: Chien-Pao|Sword of Ruin
|-end|p1a: Great Tusk|Protosynthesis|[silent]
|switch|p1a: Zapdos|Zapdos|100/100
|
|turn|5
|
|move|p2a: Chien-Pao|Crunch|p1a: Zapdos
|-damage|p1a: Zapdos|23/100
|move|p1a: Zapdos|U-turn|p2a: Chien-Pao
|-supereffective|p2a: Chien-Pao
|-damage|p2a: Chien-Pao|83/100
|
|switch|p1a: Kingambit|Kingambit, F|100/100|[from] U-turn
|
|turn|6
|
|switch|p2a: Samurott|Samurott-Hisui, M|100/100
|move|p1a: Kingambit|Iron Head|p2a: Samurott
|-resisted|p2a: Samurott
|-damage|p2a: Samurott|86/100
|
|turn|7
|
|-end|p1a: Kingambit|fallenundefined|[silent]
|switch|p1a: Iron Hands|Iron Hands|100/100
|move|p2a: Samurott|Ceaseless Edge|p1a: Iron Hands
|-resisted|p1a: Iron Hands
|-damage|p1a: Iron Hands|79/100
|-sidestart|p1: p1|Spikes
|-damage|p2a: Samurott|77/100|[from] item: Life Orb
|
|turn|8
|
|switch|p2a: Landorus|Landorus-Therian, M|100/100
|-ability|p2a: Landorus|Intimidate|boost
|-unboost|p1a: Iron Hands|atk|1
|move|p1a: Iron Hands|Swords Dance|p1a: Iron Hands
|-boost|p1a: Iron Hands|atk|2
|
|-sideend|p2: p2|move: Light Screen
|turn|9
|
|move|p2a: Landorus|Earthquake|p1a: Iron Hands
|-supereffective|p1a: Iron Hands
|-enditem|p1a: Iron Hands|Shuca Berry|[eat]
|-enditem|p1a: Iron Hands|Shuca Berry|[weaken]
|-damage|p1a: Iron Hands|46/100
|move|p1a: Iron Hands|Ice Punch|p2a: Landorus
|-supereffective|p2a: Landorus
|-crit|p2a: Landorus
|-damage|p2a: Landorus|0 fnt
|faint|p2a: Landorus
|
|-sideend|p2: p2|Reflect
|
|switch|p2a: Sneasler|Sneasler, F|100/100
|-item|p2a: Sneasler|Air Balloon
|turn|10
|
|move|p2a: Sneasler|Dire Claw|p1a: Iron Hands
|-damage|p1a: Iron Hands|14/100
|move|p1a: Iron Hands|Thunder Punch|p2a: Sneasler
|-damage|p2a: Sneasler|0 fnt
|-enditem|p2a: Sneasler|Air Balloon
|faint|p2a: Sneasler
|
|
|switch|p2a: Dragapult|Dragapult, F|43/100
|turn|11
|
|move|p2a: Dragapult|Reflect|p2a: Dragapult
|-sidestart|p2: p2|Reflect
|move|p1a: Iron Hands|Ice Punch|p2a: Dragapult
|-supereffective|p2a: Dragapult
|-damage|p2a: Dragapult|0 fnt
|faint|p2a: Dragapult
|
|
|switch|p2a: Volcarona|Volcarona, F|100/100
|turn|12
|
|move|p2a: Volcarona|Quiver Dance|p2a: Volcarona
|-boost|p2a: Volcarona|spa|1
|-boost|p2a: Volcarona|spd|1
|-boost|p2a: Volcarona|spe|1
|move|p1a: Iron Hands|Thunder Punch|p2a: Volcarona
|-damage|p2a: Volcarona|52/100
|-status|p2a: Volcarona|par
|
|turn|13
|
|cant|p2a: Volcarona|par
|move|p1a: Iron Hands|Thunder Punch|p2a: Volcarona
|-damage|p2a: Volcarona|0 fnt
|-status|p1a: Iron Hands|brn|[from] ability: Flame Body|[of] p2a: Volcarona
|faint|p2a: Volcarona
|
|-damage|p1a: Iron Hands|8/100 brn|[from] brn
|-message|p2 forfeited.
|
|win|p1
