|poke|p1|Skeledirge, M|
|poke|p1|Amoonguss, F|
|poke|p1|Great Tusk|
|poke|p1|Rotom-Wash|
|poke|p1|Corviknight, M|
|poke|p1|Samurott-Hisui, M|
|poke|p2|Electrode-Hisui|
|poke|p2|Baxcalibur, M|
|poke|p2|Garganacl, M|
|poke|p2|Decidueye, M|
|poke|p2|Cresselia, F|
|poke|p2|Glimmora, F|
|teampreview
|
|start
|switch|p1a: Rotom|Rotom-Wash|100/100
|switch|p2a: Cresselia|Cresselia, F|100/100
|turn|1
|
|move|p1a: Rotom|Trick|p2a: Cresselia
|-activate|p1a: Rotom|move: Trick|[of] p2a: Cresselia
|-item|p2a: Cresselia|Choice Scarf|[from] move: Trick
|-item|p1a: Rotom|Leftovers|[from] move: Trick
|move|p2a: Cresselia|Psychic|p1a: Rotom
|-damage|p1a: Rotom|67/100
|
|-heal|p1a: Rotom|73/100|[from] item: Leftovers
|turn|2
|
|switch|p2a: Electrode|Electrode-Hisui|100/100
|move|p1a: Rotom|Volt Switch|p2a: Electrode
|-resisted|p2a: Electrode
|-damage|p2a: Electrode|92/100
|
|switch|p1a: Amoonguss|Amoonguss, F|100/100|[from] Volt Switch
|
|-heal|p2a: Electrode|98/100|[from] item: Leftovers
|turn|3
|
|move|p2a: Electrode|Volt Switch|p1a: Amoonguss
|-resisted|p1a: Amoonguss
|-damage|p1a: Amoonguss|92/100
|
|switch|p2a: Garganacl|Garganacl, M|100/100|[from] Volt Switch
|move|p1a: Amoonguss|Giga Drain|p2a: Garganacl
|-supereffective|p2a: Garganacl
|-damage|p2a: Garganacl|54/100
|-heal|p1a: Amoonguss|100/100|[from] drain|[of] p2a: Garganacl
|
|-heal|p2a: Garganacl|61/100|[from] item: Leftovers
|turn|4
|
|switch|p1a: Samurott|Samurott-Hisui, M|100/100
|move|p2a: Garganacl|Salt Cure|p1a: Samurott
|-damage|p1a: Samurott|81/100
|-start|p1a: Samurott|Salt Cure
|
|-heal|p2a: Garganacl|67/100|[from] item: Leftovers
|-damage|p1a: Samurott|57/100|[from] Salt Cure
|turn|5
|
|move|p2a: Garganacl|Protect|p2a: Garganacl
|-singleturn|p2a: Garganacl|Protect
|move|p1a: Samurott|Razor Shell|p2a: Garganacl
|-activate|p2a: Garganacl|move: Protect
|
|-heal|p2a: Garganacl|73/100|[from] item: Leftovers
|-damage|p1a: Samurott|32/100|[from] Salt Cure
|turn|6
|
|switch|p1a: Great Tusk|Great Tusk|100/100
|switch|p2a: Electrode|Electrode-Hisui|98/100
|
|-heal|p2a: Electrode|100/100|[from] item: Leftovers
|turn|7
|
|-end|p1a: Great Tusk|Protosynthesis|[silent]
|switch|p1a: Amoonguss|Amoonguss, F|100/100
|move|p2a: Electrode|Leech Seed|p1a: Amoonguss
|-immune|p1a: Amoonguss
|
|turn|8
|
|move|p2a: Electrode|Thunder Wave|p1a: Amoonguss
|-status|p1a: Amoonguss|par
|move|p1a: Amoonguss|Giga Drain|p2a: Electrode
|-resisted|p2a: Electrode
|-damage|p2a: Electrode|87/100
|
|-heal|p2a: Electrode|93/100|[from] item: Leftovers
|turn|9
|
|move|p2a: Electrode|Volt Switch|p1a: Amoonguss
|-resisted|p1a: Amoonguss
|-damage|p1a: Amoonguss|91/100 par
|
|switch|p2a: Cresselia|Cresselia, F|100/100|[from] Volt Switch
|cant|p1a: Amoonguss|par
|
|turn|10
|
|switch|p1a: Corviknight|Corviknight, M|100/100
|-ability|p1a: Corviknight|Pressure
|move|p2a: Cresselia|Psychic|p1a: Corviknight
|-resisted|p1a: Corviknight
|-crit|p1a: Corviknight
|-damage|p1a: Corviknight|76/100
|
|-heal|p1a: Corviknight|82/100|[from] item: Leftovers
|turn|11
|
|switch|p2a: Electrode|Electrode-Hisui|93/100
|switch|p1a: Samurott|Samurott-Hisui, M|32/100
|
|-heal|p2a: Electrode|99/100|[from] item: Leftovers
|turn|12
|
|switch|p1a: Amoonguss|Amoonguss, F|100/100 par
|move|p2a: Electrode|Leech Seed|p1a: Amoonguss
|-immune|p1a: Amoonguss
|
|-heal|p2a: Electrode|100/100|[from] item: Leftovers
|turn|13
|
|switch|p1a: Skeledirge|Skeledirge, M|100/100
|move|p2a: Electrode|Volt Switch|p1a: Skeledirge
|-damage|p1a: Skeledirge|87/100
|
|switch|p2a: Decidueye|Decidueye, M|100/100|[from] Volt Switch
|
|-heal|p1a: Skeledirge|93/100|[from] item: Leftovers
|turn|14
|
|switch|p1a: Amoonguss|Amoonguss, F|100/100 par
|move|p2a: Decidueye|Spirit Shackle|p1a: Amoonguss
|-crit|p1a: Amoonguss
|-damage|p1a: Amoonguss|57/100 par
|-activate|p1a: Amoonguss|trapped
|
|turn|15
|
|move|p2a: Decidueye|U-turn|p1a: Amoonguss
|-damage|p1a: Amoonguss|40/100 par
|-damage|p2a: Decidueye|84/100|[from] item: Rocky Helmet|[of] p1a: Amoonguss
|
|switch|p2a: Cresselia|Cresselia, F|100/100|[from] U-turn
|move|p1a: Amoonguss|Sludge Bomb|p2a: Cresselia
|-damage|p2a: Cresselia|82/100
|
|turn|16
|
|switch|p1a: Skeledirge|Skeledirge, M|93/100
|move|p2a: Cresselia|Psychic|p1a: Skeledirge
|-damage|p1a: Skeledirge|70/100
|
|-heal|p1a: Skeledirge|76/100|[from] item: Leftovers
|turn|17
|
|switch|p2a: Garganacl|Garganacl, M|73/100
|move|p1a: Skeledirge|Torch Song|p2a: Garganacl
|-resisted|p2a: Garganacl
|-damage|p2a: Garganacl|60/100
|-boost|p1a: Skeledirge|spa|1
|
|-heal|p1a: Skeledirge|82/100|[from] item: Leftovers
|-heal|p2a: Garganacl|67/100|[from] item: Leftovers
|turn|18
|
|switch|p1a: Great Tusk|Great Tusk|100/100
|move|p2a: Garganacl|Stealth Rock|p1a: Great Tusk
|-sidestart|p1: p1|move: Stealth Rock
|
|-heal|p2a: Garganacl|73/100|[from] item: Leftovers
|turn|19
|
|switch|p2a: Cresselia|Cresselia, F|82/100
|move|p1a: Great Tusk|Rapid Spin|p2a: Cresselia
|-damage|p2a: Cresselia|72/100
|-boost|p1a: Great Tusk|spe|1
|-sideend|p1: p1|Stealth Rock|[from] move: Rapid Spin|[of] p1a: Great Tusk
|
|turn|20
|
|-end|p1a: Great Tusk|Protosynthesis|[silent]
|switch|p1a: Samurott|Samurott-Hisui, M|32/100
|move|p2a: Cresselia|Psychic|p1a: Samurott
|-immune|p1a: Samurott
|
|turn|21
|
|switch|p2a: Electrode|Electrode-Hisui|100/100
|move|p1a: Samurott|Razor Shell|p2a: Electrode
|-resisted|p2a: Electrode
|-damage|p2a: Electrode|43/100
|-unboost|p2a: Electrode|def|1
|-status|p1a: Samurott|par|[from] ability: Static|[of] p2a: Electrode
|
|-heal|p2a: Electrode|49/100|[from] item: Leftovers
|turn|22
|
|move|p2a: Electrode|Protect|p2a: Electrode
|-singleturn|p2a: Electrode|Protect
|move|p1a: Samurott|Razor Shell|p2a: Electrode
|-activate|p2a: Electrode|move: Protect
|
|-heal|p2a: Electrode|55/100|[from] item: Leftovers
|turn|23
|
|switch|p1a: Great Tusk|Great Tusk|100/100
|move|p2a: Electrode|Volt Switch|p1a: Great Tusk
|-immune|p1a: Great Tusk
|
|-heal|p2a: Electrode|62/100|[from] item: Leftovers
|turn|24
|
|switch|p2a: Glimmora|Glimmora, F|100/100
|-item|p2a: Glimmora|Air Balloon
|move|p1a: Great Tusk|Stealth Rock|p2a: Glimmora
|-sidestart|p2: p2|move: Stealth Rock
|
|turn|25
|
|-end|p1a: Great Tusk|Protosynthesis|[silent]
|switch|p1a: Corviknight|Corviknight, M|82/100
|-ability|p1a: Corviknight|Pressure
|move|p2a: Glimmora|Toxic|p1a: Corviknight
|-status|p1a: Corviknight|tox
|
|-heal|p1a: Corviknight|88/100 tox|[from] item: Leftovers
|-damage|p1a: Corviknight|82/100 tox|[from] psn
|turn|26
|
|move|p2a: Glimmora|Spiky Shield|p2a: Glimmora
|-singleturn|p2a: Glimmora|move: Protect
|move|p1a: Corviknight|U-turn|p2a: Glimmora
|-activate|p2a: Glimmora|move: Protect
|-damage|p1a: Corviknight|70/100 tox|[from] Spiky Shield|[of] p2a: Glimmora
|
|-heal|p1a: Corviknight|76/100 tox|[from] item: Leftovers
|-damage|p1a: Corviknight|64/100 tox|[from] psn
|turn|27
|
|move|p2a: Glimmora|Toxic|p1a: Corviknight
|-fail|p1a: Corviknight|tox
|move|p1a: Corviknight|Roost|p1a: Corviknight
|-heal|p1a: Corviknight|100/100 tox
|-singleturn|p1a: Corviknight|move: Roost
|
|-damage|p1a: Corviknight|82/100 tox|[from] psn
|turn|28
|
|switch|p1a: Samurott|Samurott-Hisui, M|32/100 par
|move|p2a: Glimmora|Spiky Shield||[still]
|-fail|p2a: Glimmora
|
|turn|29
|
|switch|p1a: Corviknight|Corviknight, M|82/100 tox
|-ability|p1a: Corviknight|Pressure
|move|p2a: Glimmora|Spiky Shield||[still]
|-fail|p2a: Glimmora
|
|-heal|p1a: Corviknight|88/100 tox|[from] item: Leftovers
|-damage|p1a: Corviknight|82/100 tox|[from] psn
|turn|30
|
|switch|p1a: Samurott|Samurott-Hisui, M|32/100 par
|move|p2a: Glimmora|Spiky Shield||[still]
|-fail|p2a: Glimmora
|
|turn|31
|
|switch|p1a: Corviknight|Corviknight, M|82/100 tox
|-ability|p1a: Corviknight|Pressure
|move|p2a: Glimmora|Power Gem|p1a: Corviknight
|-damage|p1a: Corviknight|40/100 tox
|
|-heal|p1a: Corviknight|46/100 tox|[from] item: Leftovers
|-damage|p1a: Corviknight|40/100 tox|[from] psn
|turn|32
|
|switch|p1a: Amoonguss|Amoonguss, F|73/100 par
|move|p2a: Glimmora|Power Gem|p1a: Amoonguss
|-damage|p1a: Amoonguss|33/100 par
|
|turn|33
|
|switch|p1a: Samurott|Samurott-Hisui, M|32/100 par
|move|p2a: Glimmora|Power Gem|p1a: Samurott
|-damage|p1a: Samurott|0 fnt
|faint|p1a: Samurott
|
|
|switch|p1a: Rotom|Rotom-Wash|73/100
|turn|34
|
|switch|p2a: Electrode|Electrode-Hisui|62/100
|-damage|p2a: Electrode|49/100|[from] Stealth Rock
|move|p1a: Rotom|Hydro Pump|p2a: Electrode
|-resisted|p2a: Electrode
|-damage|p2a: Electrode|23/100
|
|-heal|p2a: Electrode|29/100|[from] item: Leftovers
|-heal|p1a: Rotom|79/100|[from] item: Leftovers
|turn|35
|
|move|p2a: Electrode|Leech Seed|p1a: Rotom
|-start|p1a: Rotom|move: Leech Seed
|move|p1a: Rotom|Volt Switch|p2a: Electrode
|-resisted|p2a: Electrode
|-damage|p2a: Electrode|21/100
|
|switch|p1a: Great Tusk|Great Tusk|100/100|[from] Volt Switch
|
|-heal|p2a: Electrode|27/100|[from] item: Leftovers
|turn|36
|
|move|p2a: Electrode|Protect|p2a: Electrode
|-singleturn|p2a: Electrode|Protect
|move|p1a: Great Tusk|Rapid Spin|p2a: Electrode
|-activate|p2a: Electrode|move: Protect
|
|-heal|p2a: Electrode|34/100|[from] item: Leftovers
|turn|37
|
|switch|p2a: Decidueye|Decidueye, M|84/100
|-damage|p2a: Decidueye|71/100|[from] Stealth Rock
|move|p1a: Great Tusk|Earthquake|p2a: Decidueye
|-resisted|p2a: Decidueye
|-damage|p2a: Decidueye|42/100
|
|turn|38
|
|move|p1a: Great Tusk|Knock Off|p2a: Decidueye
|-supereffective|p2a: Decidueye
|-damage|p2a: Decidueye|0 fnt
|-enditem|p2a: Decidueye|Assault Vest|[from] move: Knock Off|[of] p1a: Great Tusk
|faint|p2a: Decidueye
|
|
|switch|p2a: Garganacl|Garganacl, M|73/100
|-damage|p2a: Garganacl|60/100|[from] Stealth Rock
|turn|39
|
|-terastallize|p2a: Garganacl|Ghost
|move|p1a: Great Tusk|Knock Off|p2a: Garganacl
|-supereffective|p2a: Garganacl
|-damage|p2a: Garganacl|30/100
|-enditem|p2a: Garganacl|Leftovers|[from] move: Knock Off|[of] p1a: Great Tusk
|move|p2a: Garganacl|Stealth Rock|p1a: Great Tusk
|-sidestart|p1: p1|move: Stealth Rock
|
|turn|40
|
|move|p1a: Great Tusk|Earthquake|p2a: Garganacl
|-damage|p2a: Garganacl|10/100
|move|p2a: Garganacl|Recover|p2a: Garganacl
|-heal|p2a: Garganacl|60/100
|
|turn|41
|
|-end|p1a: Great Tusk|Protosynthesis|[silent]
|switch|p1a: Skeledirge|Skeledirge, M|82/100
|-damage|p1a: Skeledirge|57/100|[from] Stealth Rock
|move|p2a: Garganacl|Recover|p2a: Garganacl
|-heal|p2a: Garganacl|100/100
|
|-heal|p1a: Skeledirge|63/100|[from] item: Leftovers
|turn|42
|
|-terastallize|p1a: Skeledirge|Fairy
|move|p1a: Skeledirge|Torch Song|p2a: Garganacl
|-damage|p2a: Garganacl|74/100
|-boost|p1a: Skeledirge|spa|1
|move|p2a: Garganacl|Salt Cure|p1a: Skeledirge
|-damage|p1a: Skeledirge|52/100
|-start|p1a: Skeledirge|Salt Cure
|
|-heal|p1a: Skeledirge|58/100|[from] item: Leftovers
|-damage|p1a: Skeledirge|46/100|[from] Salt Cure
|turn|43
|
|move|p2a: Garganacl|Protect|p2a: Garganacl
|-singleturn|p2a: Garganacl|Protect
|move|p1a: Skeledirge|Slack Off|p1a: Skeledirge
|-heal|p1a: Skeledirge|96/100
|
|-heal|p1a: Skeledirge|100/100|[from] item: Leftovers
|-damage|p1a: Skeledirge|88/100|[from] Salt Cure
|turn|44
|
|switch|p2a: Glimmora|Glimmora, F|100/100
|-damage|p2a: Glimmora|88/100|[from] Stealth Rock
|-item|p2a: Glimmora|Air Balloon
|move|p1a: Skeledirge|Torch Song|p2a: Glimmora
|-resisted|p2a: Glimmora
|-damage|p2a: Glimmora|65/100
|-boost|p1a: Skeledirge|spa|1
|-enditem|p2a: Glimmora|Air Balloon
|
|-heal|p1a: Skeledirge|94/100|[from] item: Leftovers
|-damage|p1a: Skeledirge|82/100|[from] Salt Cure
|turn|45
|
|switch|p1a: Rotom|Rotom-Wash|79/100
|-damage|p1a: Rotom|67/100|[from] Stealth Rock
|move|p2a: Glimmora|Toxic|p1a: Rotom
|-status|p1a: Rotom|tox
|
|-heal|p1a: Rotom|73/100 tox|[from] item: Leftovers
|-damage|p1a: Rotom|67/100 tox|[from] psn
|turn|46
|
|move|p2a: Glimmora|Spiky Shield|p2a: Glimmora
|-singleturn|p2a: Glimmora|move: Protect
|move|p1a: Rotom|Hydro Pump|p2a: Glimmora
|-activate|p2a: Glimmora|move: Protect
|
|-heal|p1a: Rotom|73/100 tox|[from] item: Leftovers
|-damage|p1a: Rotom|61/100 tox|[from] psn
|turn|47
|
|switch|p2a: Cresselia|Cresselia, F|72/100
|-damage|p2a: Cresselia|60/100|[from] Stealth Rock
|move|p1a: Rotom|Volt Switch|p2a: Cresselia
|-damage|p2a: Cresselia|45/100
|
|switch|p1a: Skeledirge|Skeledirge, M, tera:Fairy|82/100|[from] Volt Switch
|-damage|p1a: Skeledirge|69/100|[from] Stealth Rock
|
|-heal|p1a: Skeledirge|75/100|[from] item: Leftovers
|turn|48
|
|move|p2a: Cresselia|Calm Mind|p2a: Cresselia
|-boost|p2a: Cresselia|spa|1
|-boost|p2a: Cresselia|spd|1
|move|p1a: Skeledirge|Torch Song|p2a: Cresselia
|-damage|p2a: Cresselia|25/100
|-boost|p1a: Skeledirge|spa|1
|
|-heal|p1a: Skeledirge|82/100|[from] item: Leftovers
|turn|49
|
|switch|p2a: Glimmora|Glimmora, F|65/100
|-damage|p2a: Glimmora|52/100|[from] Stealth Rock
|move|p1a: Skeledirge|Torch Song|p2a: Glimmora
|-resisted|p2a: Glimmora
|-damage|p2a: Glimmora|27/100
|-boost|p1a: Skeledirge|spa|1
|
|-heal|p1a: Skeledirge|88/100|[from] item: Leftovers
|turn|50
|
|switch|p1a: Corviknight|Corviknight, M|40/100 tox
|-damage|p1a: Corviknight|27/100 tox|[from] Stealth Rock
|-ability|p1a: Corviknight|Pressure
|move|p2a: Glimmora|Power Gem|p1a: Corviknight
|-damage|p1a: Corviknight|0 fnt
|faint|p1a: Corviknight
|
|
|switch|p1a: Rotom|Rotom-Wash|61/100 tox
|-damage|p1a: Rotom|48/100 tox|[from] Stealth Rock
|turn|51
|
|switch|p2a: Electrode|Electrode-Hisui|34/100
|-damage|p2a: Electrode|21/100|[from] Stealth Rock
|move|p1a: Rotom|Hydro Pump|p2a: Electrode
|-resisted|p2a: Electrode
|-damage|p2a: Electrode|0 fnt
|faint|p2a: Electrode
|
|-heal|p1a: Rotom|54/100 tox|[from] item: Leftovers
|-damage|p1a: Rotom|48/100 tox|[from] psn
|
|switch|p2a: Garganacl|Garganacl, M, tera:Ghost|74/100
|-damage|p2a: Garganacl|61/100|[from] Stealth Rock
|turn|52
|
|move|p1a: Rotom|Volt Switch|p2a: Garganacl
|-damage|p2a: Garganacl|38/100
|
|switch|p1a: Skeledirge|Skeledirge, M, tera:Fairy|88/100|[from] Volt Switch
|-damage|p1a: Skeledirge|75/100|[from] Stealth Rock
|move|p2a: Garganacl|Recover|p2a: Garganacl
|-heal|p2a: Garganacl|88/100
|
|-heal|p1a: Skeledirge|81/100|[from] item: Leftovers
|turn|53
|
|switch|p2a: Baxcalibur|Baxcalibur, M|100/100
|-damage|p2a: Baxcalibur|76/100|[from] Stealth Rock
|move|p1a: Skeledirge|Torch Song|p2a: Baxcalibur
|-damage|p2a: Baxcalibur|49/100
|-boost|p1a: Skeledirge|spa|1
|-ability|p2a: Baxcalibur|Thermal Exchange|boost
|-boost|p2a: Baxcalibur|atk|1
|
|-heal|p1a: Skeledirge|87/100|[from] item: Leftovers
|turn|54
|
|move|p2a: Baxcalibur|Ice Shard|p1a: Skeledirge
|-damage|p1a: Skeledirge|58/100
|move|p1a: Skeledirge|Torch Song|p2a: Baxcalibur
|-damage|p2a: Baxcalibur|7/100
|-boost|p1a: Skeledirge|spa|1
|-ability|p2a: Baxcalibur|Thermal Exchange|boost
|-boost|p2a: Baxcalibur|atk|1
|
|-heal|p1a: Skeledirge|64/100|[from] item: Leftovers
|turn|55
|
|move|p2a: Baxcalibur|Ice Shard|p1a: Skeledirge
|-damage|p1a: Skeledirge|30/100
|move|p1a: Skeledirge|Slack Off|p1a: Skeledirge
|-heal|p1a: Skeledirge|81/100
|
|-heal|p1a: Skeledirge|87/100|[from] item: Leftovers
|turn|56
|
|move|p2a: Baxcalibur|Ice Shard|p1a: Skeledirge
|-damage|p1a: Skeledirge|54/100
|move|p1a: Skeledirge|Slack Off|p1a: Skeledirge
|-heal|p1a: Skeledirge|100/100
|
|turn|57
|
|move|p2a: Baxcalibur|Ice Shard|p1a: Skeledirge
|-damage|p1a: Skeledirge|70/100
|move|p1a: Skeledirge|Torch Song|p2a: Baxcalibur
|-damage|p2a: Baxcalibur|0 fnt
|-boost|p1a: Skeledirge|spa|1
|faint|p2a: Baxcalibur
|
|-heal|p1a: Skeledirge|76/100|[from] item: Leftovers
|
|switch|p2a: Garganacl|Garganacl, M, tera:Ghost|88/100
|-damage|p2a: Garganacl|76/100|[from] Stealth Rock
|turn|58
|
|move|p1a: Skeledirge|Torch Song|p2a: Garganacl
|-damage|p2a: Garganacl|11/100
|-boost|p1a: Skeledirge|spa|1
|move|p2a: Garganacl|Salt Cure|p1a: Skeledirge
|-damage|p1a: Skeledirge|65/100
|-start|p1a: Skeledirge|Salt Cure
|
|-heal|p1a: Skeledirge|71/100|[from] item: Leftovers
|-damage|p1a: Skeledirge|59/100|[from] Salt Cure
|turn|59
|
|move|p1a: Skeledirge|Slack Off|p1a: Skeledirge
|-heal|p1a: Skeledirge|100/100
|move|p2a: Garganacl|Recover|p2a: Garganacl
|-heal|p2a: Garganacl|61/100
|
|-damage|p1a: Skeledirge|88/100|[from] Salt Cure
|turn|60
|
|move|p2a: Garganacl|Protect|p2a: Garganacl
|-singleturn|p2a: Garganacl|Protect
|move|p1a: Skeledirge|Torch Song|p2a: Garganacl
|-activate|p2a: Garganacl|move: Protect
|
|-heal|p1a: Skeledirge|94/100|[from] item: Leftovers
|-damage|p1a: Skeledirge|82/100|[from] Salt Cure
|turn|61
|
|move|p1a: Skeledirge|Torch Song|p2a: Garganacl
|-damage|p2a: Garganacl|0 fnt
|-boost|p1a: Skeledirge|spa|1
|faint|p2a: Garganacl
|
|-heal|p1a: Skeledirge|88/100|[from] item: Leftovers
|-damage|p1a: Skeledirge|75/100|[from] Salt Cure
|
|switch|p2a: Cresselia|Cresselia, F|25/100
|-damage|p2a: Cresselia|12/100|[from] Stealth Rock
|turn|62
|
|move|p2a: Cresselia|Thunderbolt|p1a: Skeledirge
|-damage|p1a: Skeledirge|58/100
|move|p1a: Skeledirge|Slack Off|p1a: Skeledirge
|-heal|p1a: Skeledirge|100/100
|
|-damage|p1a: Skeledirge|88/100|[from] Salt Cure
|turn|63
|
|move|p2a: Cresselia|Thunderbolt|p1a: Skeledirge
|-damage|p1a: Skeledirge|72/100
|move|p1a: Skeledirge|Torch Song|p2a: Cresselia
|-damage|p2a: Cresselia|0 fnt
|-boost|p1a: Skeledirge|spa|1
|faint|p2a: Cresselia
|
|-heal|p1a: Skeledirge|78/100|[from] item: Leftovers
|-damage|p1a: Skeledirge|65/100|[from] Salt Cure
|
|switch|p2a: Glimmora|Glimmora, F|27/100
|-damage|p2a: Glimmora|15/100|[from] Stealth Rock
|turn|64
|
|move|p2a: Glimmora|Toxic|p1a: Skeledirge
|-status|p1a: Skeledirge|tox
|move|p1a: Skeledirge|Torch Song|p2a: Glimmora
|-resisted|p2a: Glimmora
|-damage|p2a: Glimmora|0 fnt
|faint|p2a: Glimmora
|
|win|p1
