|poke|p1|Zapdos|
|poke|p1|Urshifu-*, M|
|poke|p1|Magearna|
|poke|p1|Great Tusk|
|poke|p1|Dragapult, M|
|poke|p1|Chien-Pao|
|poke|p2|Zamazenta-*|
|poke|p2|Great Tusk|
|poke|p2|Ting-Lu|
|poke|p2|Toxapex, F|
|poke|p2|Mew|
|poke|p2|Volcanion|
|teampreview
|
|start
|switch|p1a: Magearna|Magearna|100/100
|switch|p2a: Mew|Mew|100/100
|turn|1
|
|move|p2a: Mew|U-turn|p1a: Magearna
|-resisted|p1a: Magearna
|-damage|p1a: Magearna|98/100
|
|switch|p2a: Ting-Lu|Ting-Lu|100/100|[from] U-turn
|-ability|p2a: Ting-Lu|Vessel of Ruin
|move|p1a: Magearna|Spikes|p2a: Ting-Lu
|-sidestart|p2: DanyG7|Spikes
|
|turn|2
|
|switch|p1a: Urshifu|Urshifu-Rapid-Strike, M|100/100
|move|p2a: Ting-Lu|Earthquake|p1a: Urshifu
|-damage|p1a: Urshifu|65/100
|
|turn|3
|
|switch|p2a: Toxapex|Toxapex, F|100/100
|-damage|p2a: Toxapex|88/100|[from] Spikes
|move|p1a: Urshifu|Close Combat|p2a: Toxapex
|-resisted|p2a: Toxapex
|-damage|p2a: Toxapex|65/100
|-unboost|p1a: Urshifu|def|1
|-unboost|p1a: Urshifu|spd|1
|
|turn|4
|
|switch|p1a: Magearna|Magearna|98/100
|move|p2a: Toxapex|Infestation|p1a: Magearna
|-resisted|p1a: Magearna
|-damage|p1a: Magearna|97/100
|-activate|p1a: Magearna|move: Infestation|[of] p2a: Toxapex
|
|-damage|p1a: Magearna|85/100|[from] move: Infestation|[partiallytrapped]
|turn|5
|
|move|p1a: Magearna|Spikes|p2a: Toxapex
|-sidestart|p2: DanyG7|Spikes
|move|p2a: Toxapex|Surf|p1a: Magearna
|-crit|p1a: Magearna
|-damage|p1a: Magearna|53/100
|
|-damage|p1a: Magearna|41/100|[from] move: Infestation|[partiallytrapped]
|turn|6
|
|move|p1a: Magearna|Volt Switch|p2a: Toxapex
|-supereffective|p2a: Toxapex
|-damage|p2a: Toxapex|40/100
|
|switch|p1a: Zapdos|Zapdos|100/100|[from] Volt Switch
|move|p2a: Toxapex|Surf|p1a: Zapdos
|-damage|p1a: Zapdos|74/100
|
|turn|7
|
|switch|p2a: Ting-Lu|Ting-Lu|100/100
|-damage|p2a: Ting-Lu|84/100|[from] Spikes
|-ability|p2a: Ting-Lu|Vessel of Ruin
|move|p1a: Zapdos|Volt Switch|p2a: Ting-Lu
|-immune|p2a: Ting-Lu
|
|-heal|p2a: Ting-Lu|90/100|[from] item: Leftovers
|turn|8
|
|switch|p1a: Chien-Pao|Chien-Pao|100/100
|-ability|p1a: Chien-Pao|Sword of Ruin
|move|p2a: Ting-Lu|Spikes|p1a: Chien-Pao
|-sidestart|p1: PLAYB0I R0BBIE B|Spikes
|
|-heal|p2a: Ting-Lu|96/100|[from] item: Leftovers
|turn|9
|
|switch|p2a: Mew|Mew|100/100
|-damage|p2a: Mew|84/100|[from] Spikes
|move|p1a: Chien-Pao|Icicle Crash|p2a: Mew
|-damage|p2a: Mew|0 fnt
|faint|p2a: Mew
|
|
|switch|p2a: Zamazenta|Zamazenta-Crowned|100/100
|-damage|p2a: Zamazenta|84/100|[from] Spikes
|-ability|p2a: Zamazenta|Dauntless Shield|boost
|-boost|p2a: Zamazenta|def|1
|turn|10
|
|switch|p1a: Magearna|Magearna|41/100
|move|p2a: Zamazenta|Iron Defense|p2a: Zamazenta
|-boost|p2a: Zamazenta|def|2
|
|turn|11
|
|move|p2a: Zamazenta|Body Press|p1a: Magearna
|-damage|p1a: Magearna|0 fnt
|faint|p1a: Magearna
|
|
|switch|p1a: Dragapult|Dragapult, M|100/100
|-damage|p1a: Dragapult|88/100|[from] Spikes
|turn|12
|
|move|p1a: Dragapult|Will-O-Wisp|p2a: Zamazenta
|-status|p2a: Zamazenta|brn
|move|p2a: Zamazenta|Crunch|p1a: Dragapult
|-supereffective|p1a: Dragapult
|-crit|p1a: Dragapult
|-damage|p1a: Dragapult|39/100
|
|-heal|p1a: Dragapult|45/100|[from] item: Leftovers
|-damage|p2a: Zamazenta|78/100 brn|[from] brn
|turn|13
|
|move|p1a: Dragapult|Hex|p2a: Zamazenta
|-damage|p2a: Zamazenta|38/100 brn
|move|p2a: Zamazenta|Crunch|p1a: Dragapult
|-supereffective|p1a: Dragapult
|-damage|p1a: Dragapult|12/100
|
|-heal|p1a: Dragapult|18/100|[from] item: Leftovers
|-damage|p2a: Zamazenta|32/100 brn|[from] brn
|turn|14
|
|move|p1a: Dragapult|Hex|p2a: Zamazenta
|-damage|p2a: Zamazenta|0 fnt
|faint|p2a: Zamazenta
|
|-heal|p1a: Dragapult|24/100|[from] item: Leftovers
|
|switch|p2a: Ting-Lu|Ting-Lu|96/100
|-damage|p2a: Ting-Lu|80/100|[from] Spikes
|-ability|p2a: Ting-Lu|Vessel of Ruin
|turn|15
|
|move|p1a: Dragapult|Substitute|p1a: Dragapult
|-fail|p1a: Dragapult|move: Substitute|[weak]
|move|p2a: Ting-Lu|Earthquake|p1a: Dragapult
|-damage|p1a: Dragapult|0 fnt
|faint|p1a: Dragapult
|
|-heal|p2a: Ting-Lu|86/100|[from] item: Leftovers
|
|switch|p1a: Urshifu|Urshifu-Rapid-Strike, M|65/100
|-damage|p1a: Urshifu|53/100|[from] Spikes
|turn|16
|
|switch|p2a: Toxapex|Toxapex, F|73/100
|-damage|p2a: Toxapex|57/100|[from] Spikes
|move|p1a: Urshifu|U-turn|p2a: Toxapex
|-resisted|p2a: Toxapex
|-damage|p2a: Toxapex|48/100
|
|switch|p1a: Chien-Pao|Chien-Pao|100/100|[from] U-turn
|-damage|p1a: Chien-Pao|88/100|[from] Spikes
|-ability|p1a: Chien-Pao|Sword of Ruin
|
|turn|17
|
|-terastallize|p1a: Chien-Pao|Dark
|move|p1a: Chien-Pao|Crunch|p2a: Toxapex
|-damage|p2a: Toxapex|0 fnt
|faint|p2a: Toxapex
|
|
|switch|p2a: Great Tusk|Great Tusk|100/100
|-damage|p2a: Great Tusk|84/100|[from] Spikes
|turn|18
|
|switch|p1a: Zapdos|Zapdos|74/100
|move|p2a: Great Tusk|Rapid Spin|p1a: Zapdos
|-damage|p1a: Zapdos|64/100
|-boost|p2a: Great Tusk|spe|1
|-status|p2a: Great Tusk|par|[from] ability: Static|[of] p1a: Zapdos
|-sideend|p2: DanyG7|Spikes|[from] move: Rapid Spin|[of] p2a: Great Tusk
|
|-heal|p2a: Great Tusk|90/100 par|[from] item: Leftovers
|turn|19
|
|-end|p2a: Great Tusk|Protosynthesis|[silent]
|switch|p2a: Ting-Lu|Ting-Lu|86/100
|-ability|p2a: Ting-Lu|Vessel of Ruin
|move|p1a: Zapdos|Hurricane|p2a: Ting-Lu|[miss]
|-miss|p1a: Zapdos|p2a: Ting-Lu
|
|-heal|p2a: Ting-Lu|92/100|[from] item: Leftovers
|turn|20
|
|switch|p1a: Great Tusk|Great Tusk|100/100
|-enditem|p1a: Great Tusk|Booster Energy
|-activate|p1a: Great Tusk|ability: Protosynthesis|[fromitem]
|-start|p1a: Great Tusk|protosynthesisspe
|-damage|p1a: Great Tusk|88/100|[from] Spikes
|switch|p2a: Great Tusk|Great Tusk|90/100 par
|
|-heal|p2a: Great Tusk|96/100 par|[from] item: Leftovers
|turn|21
|
|move|p1a: Great Tusk|Ice Spinner|p2a: Great Tusk
|-supereffective|p2a: Great Tusk
|-damage|p2a: Great Tusk|76/100 par
|move|p2a: Great Tusk|Earthquake|p1a: Great Tusk
|-damage|p1a: Great Tusk|62/100
|
|-heal|p2a: Great Tusk|82/100 par|[from] item: Leftovers
|turn|22
|
|move|p1a: Great Tusk|Rapid Spin|p2a: Great Tusk
|-damage|p2a: Great Tusk|75/100 par
|-boost|p1a: Great Tusk|spe|1
|-sideend|p1: PLAYB0I R0BBIE B|Spikes|[from] move: Rapid Spin|[of] p1a: Great Tusk
|move|p2a: Great Tusk|Earthquake|p1a: Great Tusk
|-damage|p1a: Great Tusk|37/100
|
|-heal|p2a: Great Tusk|81/100 par|[from] item: Leftovers
|turn|23
|
|move|p1a: Great Tusk|Stealth Rock|p2a: Great Tusk
|-sidestart|p2: DanyG7|move: Stealth Rock
|move|p2a: Great Tusk|Earthquake|p1a: Great Tusk
|-damage|p1a: Great Tusk|8/100
|
|-heal|p2a: Great Tusk|87/100 par|[from] item: Leftovers
|turn|24
|
|-end|p1a: Great Tusk|Protosynthesis|[silent]
|switch|p1a: Zapdos|Zapdos|64/100
|move|p2a: Great Tusk|Rapid Spin|p1a: Zapdos
|-damage|p1a: Zapdos|52/100
|-boost|p2a: Great Tusk|spe|1
|-sideend|p2: DanyG7|Stealth Rock|[from] move: Rapid Spin|[of] p2a: Great Tusk
|
|-heal|p2a: Great Tusk|94/100 par|[from] item: Leftovers
|turn|25
|
|-end|p2a: Great Tusk|Protosynthesis|[silent]
|switch|p2a: Ting-Lu|Ting-Lu|92/100
|-ability|p2a: Ting-Lu|Vessel of Ruin
|move|p1a: Zapdos|Hurricane|p2a: Ting-Lu|[miss]
|-miss|p1a: Zapdos|p2a: Ting-Lu
|
|-heal|p2a: Ting-Lu|99/100|[from] item: Leftovers
|turn|26
|
|switch|p1a: Urshifu|Urshifu-Rapid-Strike, M|53/100
|move|p2a: Ting-Lu|Earthquake|p1a: Urshifu
|-damage|p1a: Urshifu|18/100
|
|-heal|p2a: Ting-Lu|100/100|[from] item: Leftovers
|turn|27
|
|switch|p2a: Volcanion|Volcanion|100/100
|move|p1a: Urshifu|Surging Strikes|p2a: Volcanion
|-immune|p2a: Volcanion|[from] ability: Water Absorb
|
|turn|28
|
|switch|p1a: Great Tusk|Great Tusk|8/100
|move|p2a: Volcanion|Earth Power|p1a: Great Tusk
|-damage|p1a: Great Tusk|0 fnt
|faint|p1a: Great Tusk
|-end|p1a: Great Tusk|Protosynthesis|[silent]
|
|
|switch|p1a: Chien-Pao|Chien-Pao, tera:Dark|88/100
|-ability|p1a: Chien-Pao|Sword of Ruin
|turn|29
|
|move|p1a: Chien-Pao|Icicle Crash|p2a: Volcanion
|-resisted|p2a: Volcanion
|-crit|p2a: Volcanion
|-damage|p2a: Volcanion|74/100
|move|p2a: Volcanion|Earth Power|p1a: Chien-Pao
|-damage|p1a: Chien-Pao|0 fnt
|faint|p1a: Chien-Pao
|
|
|switch|p1a: Zapdos|Zapdos|52/100
|turn|30
|
|switch|p2a: Ting-Lu|Ting-Lu|100/100
|-ability|p2a: Ting-Lu|Vessel of Ruin
|move|p1a: Zapdos|Volt Switch|p2a: Ting-Lu
|-immune|p2a: Ting-Lu
|
|turn|31
|-message|PLAYB0I R0BBIE B forfeited.
|
|win|DanyG7
