|poke|p1|Landorus-Therian, M|
|poke|p1|Zamazenta-*|
|poke|p1|Moltres-Galar|
|poke|p1|Volcarona, M|
|poke|p1|Meowscarada, M|
|poke|p1|Basculegion, M|
|poke|p2|Ceruledge, F|
|poke|p2|Armarouge, F|
|poke|p2|Glimmora, F|
|poke|p2|Iron Leaves|
|poke|p2|Azumarill, M|
|poke|p2|Great Tusk|
|teampreview
|
|start
|switch|p1a: Meowscarada|Meowscarada, M|100/100
|switch|p2a: Great Tusk|Great Tusk|100/100
|turn|1
|
|-end|p2a: Great Tusk|Protosynthesis|[silent]
|switch|p2a: Armarouge|Armarouge, F|100/100
|move|p1a: Meowscarada|Taunt|p2a: Armarouge
|-start|p2a: Armarouge|move: Taunt
|
|turn|2
|
|move|p1a: Meowscarada|Knock Off|p2a: Armarouge
|-supereffective|p2a: Armarouge
|-damage|p2a: Armarouge|8/100
|-ability|p2a: Armarouge|Weak Armor|boost
|-unboost|p2a: Armarouge|def|1
|-boost|p2a: Armarouge|spe|2
|-enditem|p2a: Armarouge|Weakness Policy
|-boost|p2a: Armarouge|atk|2|[from] item: Weakness Policy
|-boost|p2a: Armarouge|spa|2|[from] item: Weakness Policy
|move|p2a: Armarouge|Armor Cannon|p1a: Meowscarada
|-supereffective|p1a: Meowscarada
|-enditem|p1a: Meowscarada|Focus Sash
|-damage|p1a: Meowscarada|1/100
|-unboost|p2a: Armarouge|def|1
|-unboost|p2a: Armarouge|spd|1
|
|turn|3
|
|move|p2a: Armarouge|Aura Sphere|p1a: Meowscarada
|-supereffective|p1a: Meowscarada
|-damage|p1a: Meowscarada|0 fnt
|faint|p1a: Meowscarada
|
|-end|p2a: Armarouge|move: Taunt
|
|switch|p1a: Landorus|Landorus-Therian, M|100/100
|-ability|p1a: Landorus|Intimidate|boost
|-unboost|p2a: Armarouge|atk|1
|turn|4
|
|move|p2a: Armarouge|Endure|p2a: Armarouge
|-singleturn|p2a: Armarouge|move: Endure
|move|p1a: Landorus|Earthquake|p2a: Armarouge
|-supereffective|p2a: Armarouge
|-activate|p2a: Armarouge|move: Endure
|-damage|p2a: Armarouge|1/100
|-ability|p2a: Armarouge|Weak Armor|boost
|-unboost|p2a: Armarouge|def|1
|-boost|p2a: Armarouge|spe|2
|
|turn|5
|
|move|p2a: Armarouge|Armor Cannon|p1a: Landorus
|-damage|p1a: Landorus|0 fnt
|-unboost|p2a: Armarouge|def|1
|-unboost|p2a: Armarouge|spd|1
|faint|p1a: Landorus
|
|-message|Sunburnt_Sun forfeited.
|
|win|Typer Meme
