|poke|p1|Ursaluna, M|
|poke|p1|Decidueye-Hisui, M|
|poke|p1|Samurott-Hisui, F|
|poke|p1|Electrode-Hisui|
|poke|p1|Delphox, F|
|poke|p1|Moltres-Galar|
|poke|p2|Braviary-Hisui, M|
|poke|p2|Basculegion, M|
|poke|p2|Pelipper, F|
|poke|p2|Urshifu-*, M|
|poke|p2|Kingambit, M|
|poke|p2|Decidueye-Hisui, M|
|teampreview
|
|start
|switch|p1a: Moltres|Moltres-Galar|100/100
|switch|p2a: Decidueye|Decidueye-Hisui, M|100/100
|turn|1
|
|move|p1a: Moltres|Hurricane|p2a: Decidueye
|-supereffective|p2a: Decidueye
|-damage|p2a: Decidueye|0 fnt
|faint|p2a: Decidueye
|
|
|switch|p2a: AwA🥤|Pelipper, F, shiny|100/100
|-weather|RainDance|[from] ability: Drizzle|[of] p2a: AwA🥤
|turn|2
|
|move|p1a: Moltres|Agility|p1a: Moltres
|-boost|p1a: Moltres|spe|2
|move|p2a: AwA🥤|U-turn|p1a: Moltres
|-damage|p1a: Moltres|91/100
|
|switch|p2a: Kingambit|Kingambit, M|100/100|[from] U-turn
|-activate|p2a: Kingambit|ability: Supreme Overlord
|-start|p2a: Kingambit|fallen1|[silent]
|
|-weather|RainDance|[upkeep]
|turn|3
|
|-terastallize|p2a: Kingambit|Fairy
|move|p1a: Moltres|Fiery Wrath|p2a: Kingambit
|-resisted|p2a: Kingambit
|-damage|p2a: Kingambit|77/100
|move|p2a: Kingambit|Iron Head|p1a: Moltres
|-damage|p1a: Moltres|32/100
|-ability|p1a: Moltres|Berserk|boost
|-boost|p1a: Moltres|spa|1
|
|-weather|RainDance|[upkeep]
|turn|4
|
|move|p1a: Moltres|Hurricane|p2a: Kingambit
|-crit|p2a: Kingambit
|-damage|p2a: Kingambit|0 fnt
|faint|p2a: Kingambit
|-end|p2a: Kingambit|fallen1|[silent]
|
|-weather|RainDance|[upkeep]
|
|switch|p2a: Basculegion|Basculegion, M|100/100
|turn|5
|
|move|p1a: Moltres|Fiery Wrath|p2a: Basculegion
|-supereffective|p2a: Basculegion
|-damage|p2a: Basculegion|0 fnt
|faint|p2a: Basculegion
|
|-weather|RainDance|[upkeep]
|-message|Benet forfeited.
|
|win|Womanlover3432
