|poke|p1|Lilligant-Hisui, F|
|poke|p1|Arcanine-Hisui, F|
|poke|p1|Tornadus-Therian, M|
|poke|p1|Torkoal, F|
|poke|p1|Great Tusk|
|poke|p1|Walking Wake|
|poke|p2|Kilowattrel, M|
|poke|p2|Garchomp, F|
|poke|p2|Kingambit, F|
|poke|p2|Volcarona, F|
|poke|p2|Glimmora, F|
|poke|p2|Sneasler, F|
|teampreview
|
|start
|switch|p1a: Torkoal|Torkoal, F|100/100
|switch|p2a: Sneasler|Sneasler, F, shiny|100/100
|-weather|SunnyDay|[from] ability: Drought|[of] p1a: Torkoal
|turn|1
|
|move|p2a: Sneasler|Close Combat|p1a: Torkoal
|-damage|p1a: Torkoal|47/100
|-unboost|p2a: Sneasler|def|1
|-unboost|p2a: Sneasler|spd|1
|-enditem|p2a: Sneasler|White Herb
|-clearnegativeboost|p2a: Sneasler|[silent]
|move|p1a: Torkoal|Lava Plume|p2a: Sneasler
|-damage|p2a: Sneasler|51/100
|
|-weather|SunnyDay|[upkeep]
|turn|2
|
|switch|p1a: Great Tusk|Great Tusk|100/100
|-activate|p1a: Great Tusk|ability: Protosynthesis
|-start|p1a: Great Tusk|protosynthesisdef
|move|p2a: Sneasler|Dire Claw|p1a: Great Tusk
|-resisted|p1a: Great Tusk
|-damage|p1a: Great Tusk|92/100
|-status|p1a: Great Tusk|psn
|
|-weather|SunnyDay|[upkeep]
|-damage|p1a: Great Tusk|80/100 psn|[from] psn
|turn|3
|
|move|p2a: Sneasler|Close Combat|p1a: Great Tusk
|-damage|p1a: Great Tusk|56/100 psn
|-unboost|p2a: Sneasler|def|1
|-unboost|p2a: Sneasler|spd|1
|move|p1a: Great Tusk|Headlong Rush|p2a: Sneasler
|-supereffective|p2a: Sneasler
|-damage|p2a: Sneasler|0 fnt
|-unboost|p1a: Great Tusk|def|1
|-unboost|p1a: Great Tusk|spd|1
|faint|p2a: Sneasler
|
|-weather|SunnyDay|[upkeep]
|-damage|p1a: Great Tusk|43/100 psn|[from] psn
|
|switch|p2a: Kilowattrel|Kilowattrel, M|100/100
|turn|4
|
|move|p2a: Kilowattrel|Tailwind|p2a: Kilowattrel
|-sidestart|p2: p2|move: Tailwind
|-start|p2a: Kilowattrel|Charge|Tailwind|[from] ability: Wind Power
|move|p1a: Great Tusk|Knock Off|p2a: Kilowattrel
|-damage|p2a: Kilowattrel|49/100
|-enditem|p2a: Kilowattrel|Focus Sash|[from] move: Knock Off|[of] p1a: Great Tusk
|
|-weather|SunnyDay|[upkeep]
|-damage|p1a: Great Tusk|31/100 psn|[from] psn
|turn|5
|
|-end|p1a: Great Tusk|Protosynthesis|[silent]
|switch|p1a: Tornadus|Tornadus-Therian, M|100/100
|move|p2a: Kilowattrel|Hurricane|p1a: Tornadus|[miss]
|-miss|p2a: Kilowattrel|p1a: Tornadus
|
|-weather|SunnyDay|[upkeep]
|turn|6
|
|switch|p1a: Great Tusk|Great Tusk|31/100 psn
|-activate|p1a: Great Tusk|ability: Protosynthesis
|-start|p1a: Great Tusk|protosynthesisdef
|move|p2a: Kilowattrel|Electro Ball|p1a: Great Tusk
|-immune|p1a: Great Tusk
|-end|p2a: Kilowattrel|Charge|[silent]
|
|-weather|SunnyDay|[upkeep]
|-damage|p1a: Great Tusk|18/100 psn|[from] psn
|turn|7
|
|switch|p2a: Glimmora|Glimmora, F|100/100
|move|p1a: Great Tusk|Close Combat|p2a: Glimmora
|-damage|p2a: Glimmora|65/100
|-unboost|p1a: Great Tusk|def|1
|-unboost|p1a: Great Tusk|spd|1
|-damage|p1a: Great Tusk|2/100 psn|[from] item: Rocky Helmet|[of] p2a: Glimmora
|-activate|p2a: Glimmora|ability: Toxic Debris
|-sidestart|p1: p1|move: Toxic Spikes
|
|-weather|SunnyDay|[upkeep]
|-damage|p1a: Great Tusk|0 fnt|[from] psn
|faint|p1a: Great Tusk
|-end|p1a: Great Tusk|Protosynthesis|[silent]
|-sideend|p2: p2|move: Tailwind
|
|switch|p1a: Tornadus|Tornadus-Therian, M|100/100
|turn|8
|
|move|p1a: Tornadus|Focus Blast|p2a: Glimmora
|-damage|p2a: Glimmora|19/100
|move|p2a: Glimmora|Mortal Spin|p1a: Tornadus
|-damage|p1a: Tornadus|93/100
|-status|p1a: Tornadus|psn
|
|-weather|none
|-damage|p1a: Tornadus|81/100 psn|[from] psn
|turn|9
|
|move|p2a: Glimmora|Spiky Shield|p2a: Glimmora
|-singleturn|p2a: Glimmora|move: Protect
|move|p1a: Tornadus|Focus Blast|p2a: Glimmora
|-activate|p2a: Glimmora|move: Protect
|
|-damage|p1a: Tornadus|68/100 psn|[from] psn
|turn|10
|
|move|p1a: Tornadus|Focus Blast|p2a: Glimmora
|-crit|p2a: Glimmora
|-damage|p2a: Glimmora|0 fnt
|faint|p2a: Glimmora
|
|-damage|p1a: Tornadus|56/100 psn|[from] psn
|
|switch|p2a: Kilowattrel|Kilowattrel, M|49/100
|turn|11
|
|switch|p1a: Torkoal|Torkoal, F|47/100
|-status|p1a: Torkoal|psn
|-weather|SunnyDay|[from] ability: Drought|[of] p1a: Torkoal
|move|p2a: Kilowattrel|Tailwind|p2a: Kilowattrel
|-sidestart|p2: p2|move: Tailwind
|-start|p2a: Kilowattrel|Charge|Tailwind|[from] ability: Wind Power
|
|-weather|SunnyDay|[upkeep]
|-damage|p1a: Torkoal|35/100 psn|[from] psn
|turn|12
|
|move|p2a: Kilowattrel|Electro Ball|p1a: Torkoal
|-damage|p1a: Torkoal|0 fnt
|faint|p1a: Torkoal
|-end|p2a: Kilowattrel|Charge|[silent]
|
|-weather|SunnyDay|[upkeep]
|
|switch|p1a: Arcanine|Arcanine-Hisui, F|100/100
|-status|p1a: Arcanine|psn
|turn|13
|
|-terastallize|p2a: Kilowattrel|Electric
|move|p2a: Kilowattrel|Electro Ball|p1a: Arcanine
|-damage|p1a: Arcanine|39/100 psn
|move|p1a: Arcanine|Flare Blitz|p2a: Kilowattrel
|-damage|p2a: Kilowattrel|0 fnt
|faint|p2a: Kilowattrel
|
|-weather|SunnyDay|[upkeep]
|-damage|p1a: Arcanine|27/100 psn|[from] psn
|
|switch|p2a: Garchomp|Garchomp, F, shiny|100/100
|turn|14
|
|move|p1a: Arcanine|Flare Blitz|p2a: Garchomp
|-resisted|p2a: Garchomp
|-damage|p2a: Garchomp|36/100
|-damage|p1a: Arcanine|15/100 psn|[from] ability: Rough Skin|[of] p2a: Garchomp
|-damage|p1a: Arcanine|0 fnt|[from] item: Rocky Helmet|[of] p2a: Garchomp
|faint|p1a: Arcanine
|move|p2a: Garchomp|Dragon Tail|p1: Arcanine|[notarget]
|-fail|p2a: Garchomp
|
|-weather|SunnyDay|[upkeep]
|-sideend|p2: p2|move: Tailwind
|
|switch|p1a: Walking Wake|Walking Wake|100/100
|-status|p1a: Walking Wake|psn
|-activate|p1a: Walking Wake|ability: Protosynthesis
|-start|p1a: Walking Wake|protosynthesisspa
|turn|15
|
|move|p1a: Walking Wake|Hydro Steam|p2a: Garchomp
|-damage|p2a: Garchomp|0 fnt
|faint|p2a: Garchomp
|
|-weather|SunnyDay|[upkeep]
|-damage|p1a: Walking Wake|88/100 psn|[from] psn
|
|switch|p2a: Kingambit|Kingambit, F|100/100
|-activate|p2a: Kingambit|ability: Supreme Overlord
|-start|p2a: Kingambit|fallen4|[silent]
|turn|16
|
|move|p2a: Kingambit|Sucker Punch|p1a: Walking Wake
|-damage|p1a: Walking Wake|28/100 psn
|move|p1a: Walking Wake|Hydro Steam|p2a: Kingambit
|-damage|p2a: Kingambit|16/100
|
|-weather|SunnyDay|[upkeep]
|-damage|p1a: Walking Wake|15/100 psn|[from] psn
|turn|17
|
|move|p2a: Kingambit|Sucker Punch|p1a: Walking Wake
|-damage|p1a: Walking Wake|0 fnt
|faint|p1a: Walking Wake
|-end|p1a: Walking Wake|Protosynthesis|[silent]
|
|-weather|SunnyDay|[upkeep]
|
|switch|p1a: Lilligant|Lilligant-Hisui, F|100/100
|-status|p1a: Lilligant|psn
|turn|18
|
|move|p2a: Kingambit|Sucker Punch||[still]
|-fail|p2a: Kingambit
|move|p1a: Lilligant|Victory Dance|p1a: Lilligant
|-boost|p1a: Lilligant|atk|1
|-boost|p1a: Lilligant|def|1
|-boost|p1a: Lilligant|spe|1
|
|-weather|none
|-damage|p1a: Lilligant|88/100 psn|[from] psn
|turn|19
|
|move|p2a: Kingambit|Sucker Punch||[still]
|-fail|p2a: Kingambit
|move|p1a: Lilligant|Victory Dance|p1a: Lilligant
|-boost|p1a: Lilligant|atk|1
|-boost|p1a: Lilligant|def|1
|-boost|p1a: Lilligant|spe|1
|
|-damage|p1a: Lilligant|76/100 psn|[from] psn
|turn|20
|
|move|p1a: Lilligant|Close Combat|p2a: Kingambit
|-supereffective|p2a: Kingambit
|-damage|p2a: Kingambit|0 fnt
|-unboost|p1a: Lilligant|def|1
|-unboost|p1a: Lilligant|spd|1
|faint|p2a: Kingambit
|-end|p2a: Kingambit|fallen4|[silent]
|-damage|p1a: Lilligant|66/100 psn|[from] item: Life Orb
|
|-damage|p1a: Lilligant|53/100 psn|[from] psn
|
|switch|p2a: Volcarona|Volcarona, F, shiny|100/100
|turn|21
|
|move|p1a: Lilligant|Close Combat|p2a: Volcarona
|-resisted|p2a: Volcarona
|-damage|p2a: Volcarona|0 fnt
|-unboost|p1a: Lilligant|def|1
|-unboost|p1a: Lilligant|spd|1
|faint|p2a: Volcarona
|-damage|p1a: Lilligant|43/100 psn|[from] item: Life Orb
|
|win|p1
