# advantage = p1
|poke|p1|Decidueye-Hisui, M|
|poke|p1|Diancie|
|poke|p1|Ursaluna, F|
|poke|p1|Slowking-Galar, M|
|poke|p1|Zapdos-Galar|
|poke|p1|Bronzong|
|poke|p2|Samurott-Hisui, M|
|poke|p2|Thundurus-Therian, M|
|poke|p2|Toxapex, M|
|poke|p2|Garchomp, F|
|poke|p2|Heatran, M|
|poke|p2|Breloom, F|
|teampreview
|
|start
|switch|p1a: Bronzong|Bronzong|100/100
|switch|p2a: Garchomp|Garchomp, F|100/100
|turn|1
|
|move|p2a: Garchomp|Stealth Rock|p1a: Bronzong
|-sidestart|p1: p1|move: Stealth Rock
|move|p1a: Bronzong|Stealth Rock|p2a: Garchomp
|-sidestart|p2: p2|move: Stealth Rock
|
|turn|2
|
|move|p1a: Bronzong|Steel Beam|p2a: Garchomp
|-damage|p2a: Garchomp|46/100
|-damage|p1a: Bronzong|50/100|[from] steelbeam
|move|p2a: Garchomp|Dragon Tail|p1a: Bronzong
|-resisted|p1a: Bronzong
|-damage|p1a: Bronzong|37/100
|drag|p1a: Decidueye|Decidueye-Hisui, M|100/100
|-damage|p1a: Decidueye|94/100|[from] Stealth Rock
|
|turn|3
|
|move|p2a: Garchomp|Earthquake|p1a: Decidueye
|-resisted|p1a: Decidueye
|-damage|p1a: Decidueye|71/100
|move|p1a: Decidueye|Leaf Blade|p2a: Garchomp
|-crit|p2a: Garchomp
|-damage|p2a: Garchomp|7/100
|-damage|p1a: Decidueye|58/100|[from] ability: Rough Skin|[of] p2a: Garchomp
|-damage|p1a: Decidueye|42/100|[from] item: Rocky Helmet|[of] p2a: Garchomp
|
|turn|4
|
|move|p1a: Decidueye|Sucker Punch|p2a: Garchomp
|-damage|p2a: Garchomp|0 fnt
|-damage|p1a: Decidueye|29/100|[from] ability: Rough Skin|[of] p2a: Garchomp
|-damage|p1a: Decidueye|13/100|[from] item: Rocky Helmet|[of] p2a: Garchomp
|faint|p2a: Garchomp
|
|
|switch|p2a: Thundurus|Thundurus-Therian, M|100/100
|-damage|p2a: Thundurus|76/100|[from] Stealth Rock
|turn|5
|
|move|p2a: Thundurus|U-turn|p1a: Decidueye
|-damage|p1a: Decidueye|0 fnt
|faint|p1a: Decidueye
|
|switch|p2a: Breloom|Breloom, F, shiny|100/100|[from] U-turn
|-damage|p2a: Breloom|94/100|[from] Stealth Rock
|
|
|switch|p1a: Zapdos|Zapdos-Galar|100/100
|-damage|p1a: Zapdos|88/100|[from] Stealth Rock
|turn|6
|
|switch|p2a: Toxapex|Toxapex, M|100/100
|-damage|p2a: Toxapex|88/100|[from] Stealth Rock
|move|p1a: Zapdos|Brave Bird|p2a: Toxapex
|-damage|p2a: Toxapex|40/100
|-damage|p1a: Zapdos|73/100|[from] Recoil
|
|-heal|p2a: Toxapex|46/100|[from] item: Leftovers
|turn|7
|
|move|p2a: Toxapex|Protect|p2a: Toxapex
|-singleturn|p2a: Toxapex|Protect
|move|p1a: Zapdos|Brave Bird|p2a: Toxapex
|-activate|p2a: Toxapex|move: Protect
|
|-heal|p2a: Toxapex|52/100|[from] item: Leftovers
|turn|8
|
|switch|p1a: Slowking|Slowking-Galar, M|100/100
|-damage|p1a: Slowking|88/100|[from] Stealth Rock
|move|p2a: Toxapex|Ice Beam|p1a: Slowking
|-damage|p1a: Slowking|79/100
|
|-heal|p2a: Toxapex|58/100|[from] item: Leftovers
|-heal|p1a: Slowking|85/100|[from] item: Leftovers
|turn|9
|
|switch|p2a: Samurott|Samurott-Hisui, M|100/100
|-damage|p2a: Samurott|88/100|[from] Stealth Rock
|move|p1a: Slowking|Trick Room|p1a: Slowking
|-fieldstart|move: Trick Room|[of] p1a: Slowking
|
|-heal|p1a: Slowking|91/100|[from] item: Leftovers
|-heal|p2a: Samurott|94/100|[from] item: Leftovers
|turn|10
|
|switch|p1a: Bronzong|Bronzong|37/100
|-damage|p1a: Bronzong|31/100|[from] Stealth Rock
|move|p2a: Samurott|Ceaseless Edge|p1a: Bronzong
|-supereffective|p1a: Bronzong
|-damage|p1a: Bronzong|0 fnt
|-sidestart|p1: p1|Spikes
|faint|p1a: Bronzong
|
|-heal|p2a: Samurott|100/100|[from] item: Leftovers
|
|switch|p1a: Ursaluna|Ursaluna, F|100/100
|-damage|p1a: Ursaluna|94/100|[from] Stealth Rock
|-damage|p1a: Ursaluna|82/100|[from] Spikes
|turn|11
|
|move|p1a: Ursaluna|Close Combat|p2a: Samurott
|-supereffective|p2a: Samurott
|-crit|p2a: Samurott
|-damage|p2a: Samurott|0 fnt
|-unboost|p1a: Ursaluna|def|1
|-unboost|p1a: Ursaluna|spd|1
|faint|p2a: Samurott
|
|-status|p1a: Ursaluna|brn|[from] item: Flame Orb
|
|switch|p2a: Toxapex|Toxapex, M|92/100
|-damage|p2a: Toxapex|79/100|[from] Stealth Rock
|turn|12
|
|move|p1a: Ursaluna|Facade|p2a: Toxapex
|-damage|p2a: Toxapex|0 fnt
|faint|p2a: Toxapex
|
|-damage|p1a: Ursaluna|75/100 brn|[from] brn
|
|switch|p2a: Breloom|Breloom, F, shiny|94/100
|-damage|p2a: Breloom|88/100|[from] Stealth Rock
|turn|13
|
|move|p1a: Ursaluna|Facade|p2a: Breloom
|-damage|p2a: Breloom|0 fnt
|faint|p2a: Breloom
|
|-damage|p1a: Ursaluna|69/100 brn|[from] brn
|-fieldend|move: Trick Room
|
|switch|p2a: Thundurus|Thundurus-Therian, M|76/100
|-damage|p2a: Thundurus|51/100|[from] Stealth Rock
|turn|14
|
|move|p2a: Thundurus|Grass Knot|p1a: Ursaluna
|-supereffective|p1a: Ursaluna
|-damage|p1a: Ursaluna|0 fnt
|faint|p1a: Ursaluna
|
|
|switch|p1a: Diancie|Diancie|100/100
|-damage|p1a: Diancie|88/100|[from] Stealth Rock
|-damage|p1a: Diancie|75/100|[from] Spikes
|turn|15
|
|move|p2a: Thundurus|Grass Knot|p1a: Diancie
|-supereffective|p1a: Diancie
|-damage|p1a: Diancie|62/100
|move|p1a: Diancie|Diamond Storm|p2a: Thundurus
|-supereffective|p2a: Thundurus
|-damage|p2a: Thundurus|0 fnt
|-boost|p1a: Diancie|def|2
|faint|p2a: Thundurus
|
|-heal|p1a: Diancie|68/100|[from] item: Leftovers
|
|switch|p2a: Heatran|Heatran, M|100/100
|-damage|p2a: Heatran|88/100|[from] Stealth Rock
|-item|p2a: Heatran|Air Balloon
|turn|16
|
|move|p2a: Heatran|Flash Cannon|p1a: Diancie
|-supereffective|p1a: Diancie
|-damage|p1a: Diancie|0 fnt
|faint|p1a: Diancie
|
|
|switch|p1a: Zapdos|Zapdos-Galar|73/100
|-damage|p1a: Zapdos|60/100|[from] Stealth Rock
|turn|17
|
|-terastallize|p2a: Heatran|Flying
|move|p1a: Zapdos|Close Combat|p2a: Heatran
|-resisted|p2a: Heatran
|-damage|p2a: Heatran|62/100
|-unboost|p1a: Zapdos|def|1
|-unboost|p1a: Zapdos|spd|1
|-enditem|p2a: Heatran|Air Balloon
|move|p2a: Heatran|Magma Storm|p1a: Zapdos
|-damage|p1a: Zapdos|0 fnt
|faint|p1a: Zapdos
|
|
|switch|p1a: Slowking|Slowking-Galar, M|100/100
|-damage|p1a: Slowking|88/100|[from] Stealth Rock
|-damage|p1a: Slowking|76/100|[from] Spikes
|turn|18
|
|move|p2a: Heatran|Flash Cannon|p1a: Slowking
|-damage|p1a: Slowking|44/100
|move|p1a: Slowking|Sludge Bomb|p2a: Heatran
|-damage|p2a: Heatran|32/100
|
|-heal|p1a: Slowking|50/100|[from] item: Leftovers
|turn|19
|
|-terastallize|p1a: Slowking|Fire
|move|p2a: Heatran|Flash Cannon|p1a: Slowking
|-resisted|p1a: Slowking
|-damage|p1a: Slowking|34/100
|move|p1a: Slowking|Sludge Bomb|p2a: Heatran
|-damage|p2a: Heatran|0 fnt
|faint|p2a: Heatran
|
|win|p1
