|poke|p1|Thundurus, M|
|poke|p1|Toxapex, M|
|poke|p1|Dondozo, M|
|poke|p1|Landorus-Therian, M|
|poke|p1|Iron Treads|
|poke|p1|Skeledirge, F|
|poke|p2|Garchomp, M|
|poke|p2|Pelipper, M|
|poke|p2|Basculegion, M|
|poke|p2|Floatzel, M|
|poke|p2|Iron Treads|
|poke|p2|Gholdengo|
|teampreview
|
|start
|switch|p1a: Thundurus|Thundurus, M|100/100
|switch|p2a: Garchomp|Garchomp, M|100/100
|turn|1
|
|-terastallize|p1a: Thundurus|Ice
|move|p1a: Thundurus|Tera Blast|p2a: Garchomp
|-supereffective|p2a: Garchomp
|-damage|p2a: Garchomp|0 fnt
|faint|p2a: Garchomp
|
|
|switch|p2a: Iron Treads|Iron Treads|100/100
|-enditem|p2a: Iron Treads|Booster Energy
|-activate|p2a: Iron Treads|ability: Quark Drive|[fromitem]
|-start|p2a: Iron Treads|quarkdrivespe
|turn|2
|
|switch|p1a: Landorus|Landorus-Therian, M|100/100
|-ability|p1a: Landorus|Intimidate|boost
|-unboost|p2a: Iron Treads|atk|1
|move|p2a: Iron Treads|Knock Off|p1a: Landorus
|-damage|p1a: Landorus|86/100
|-enditem|p1a: Landorus|Leftovers|[from] move: Knock Off|[of] p2a: Iron Treads
|
|turn|3
|
|-end|p2a: Iron Treads|Quark Drive|[silent]
|switch|p2a: Pelipper|Pelipper, M|100/100
|-weather|RainDance|[from] ability: Drizzle|[of] p2a: Pelipper
|move|p1a: Landorus|U-turn|p2a: Pelipper
|-resisted|p2a: Pelipper
|-damage|p2a: Pelipper|93/100
|
|switch|p1a: Thundurus|Thundurus, M, tera:Ice|100/100|[from] U-turn
|
|-weather|RainDance|[upkeep]
|turn|4
|
|switch|p2a: Iron Treads|Iron Treads|100/100
|move|p1a: Thundurus|Volt Switch|p2a: Iron Treads
|-immune|p2a: Iron Treads
|
|-weather|RainDance|[upkeep]
|turn|5
|
|switch|p1a: Landorus|Landorus-Therian, M|86/100
|-ability|p1a: Landorus|Intimidate|boost
|-unboost|p2a: Iron Treads|atk|1
|move|p2a: Iron Treads|Iron Head|p1a: Landorus
|-damage|p1a: Landorus|66/100
|
|-weather|RainDance|[upkeep]
|turn|6
|
|-end|p2a: Iron Treads|Quark Drive|[silent]
|switch|p2a: Floatzel|Floatzel, M|100/100
|move|p1a: Landorus|U-turn|p2a: Floatzel
|-damage|p2a: Floatzel|63/100
|
|switch|p1a: Toxapex|Toxapex, M|100/100|[from] U-turn
|
|-weather|RainDance|[upkeep]
|turn|7
|
|move|p2a: Floatzel|Wave Crash|p1a: Toxapex
|-resisted|p1a: Toxapex
|-damage|p1a: Toxapex|61/100
|-damage|p2a: Floatzel|47/100|[from] item: Rocky Helmet|[of] p1a: Toxapex
|-damage|p2a: Floatzel|34/100|[from] Recoil
|move|p1a: Toxapex|Surf|p2a: Floatzel
|-resisted|p2a: Floatzel
|-crit|p2a: Floatzel
|-damage|p2a: Floatzel|0 fnt
|faint|p2a: Floatzel
|
|-weather|RainDance|[upkeep]
|
|switch|p2a: Basculegion|Basculegion, M|100/100
|turn|8
|
|switch|p1a: Dondozo|Dondozo, M|100/100
|-terastallize|p2a: Basculegion|Water
|move|p2a: Basculegion|Liquidation|p1a: Dondozo
|-resisted|p1a: Dondozo
|-damage|p1a: Dondozo|73/100
|-unboost|p1a: Dondozo|def|1
|
|-weather|RainDance|[upkeep]
|-heal|p1a: Dondozo|79/100|[from] item: Leftovers
|turn|9
|
|switch|p1a: Toxapex|Toxapex, M|94/100
|move|p2a: Basculegion|Liquidation|p1a: Toxapex
|-resisted|p1a: Toxapex
|-damage|p1a: Toxapex|57/100
|-damage|p2a: Basculegion|84/100|[from] item: Rocky Helmet|[of] p1a: Toxapex
|
|-weather|RainDance|[upkeep]
|turn|10
|-message|p2 forfeited.
|
|win|p1
