# advantage = p2
|poke|p1|Ursaluna, F|
|poke|p1|Zapdos|
|poke|p1|Urshifu-*, F|
|poke|p1|Zoroark-Hisui, F|
|poke|p1|Cinderace, M|
|poke|p1|Great Tusk|
|poke|p2|Great Tusk|
|poke|p2|Roaring Moon|
|poke|p2|Rotom-Wash|
|poke|p2|Meowscarada, F|
|poke|p2|Glimmora, M|
|poke|p2|Hydreigon, F|
|teampreview
|
|start
|switch|p1a: Chica|Zapdos|100/100
|switch|p2a: Rotom|Rotom-Wash|100/100
|turn|1
|
|move|p2a: Rotom|Volt Switch|p1a: Chica
|-damage|p1a: Chica|73/100
|
|switch|p2a: Great Tusk|Great Tusk|100/100|[from] Volt Switch
|move|p1a: Chica|Volt Switch|p2a: Great Tusk
|-immune|p2a: Great Tusk
|
|-heal|p1a: Chica|79/100|[from] item: Leftovers
|turn|2
|
|switch|p1a: Freddy|Urshifu-Rapid-Strike, F|100/100
|move|p2a: Great Tusk|Knock Off|p1a: Freddy
|-supereffective|p1a: Freddy
|-damage|p1a: Freddy|0 fnt
|replace|p1a: Foxy|Zoroark-Hisui, F
|-end|p1a: Foxy|Illusion
|-enditem|p1a: Foxy|Choice Specs|[from] move: Knock Off|[of] p2a: Great Tusk
|faint|p1a: Foxy
|
|
|switch|p1a: Freddy|Urshifu-Rapid-Strike, F|100/100
|turn|3
|
|-end|p2a: Great Tusk|Protosynthesis|[silent]
|switch|p2a: Glimmora|Glimmora, M|100/100
|move|p1a: Freddy|Taunt|p2a: Glimmora
|-start|p2a: Glimmora|move: Taunt
|
|turn|4
|
|move|p1a: Freddy|Swords Dance|p1a: Freddy
|-boost|p1a: Freddy|atk|2
|move|p2a: Glimmora|Sludge Wave|p1a: Freddy
|-damage|p1a: Freddy|29/100
|-status|p1a: Freddy|psn
|
|-damage|p1a: Freddy|17/100 psn|[from] psn
|turn|5
|
|move|p1a: Freddy|Surging Strikes|p2a: Glimmora
|-supereffective|p2a: Glimmora
|-crit|p2a: Glimmora
|-damage|p2a: Glimmora|8/100
|-activate|p2a: Glimmora|ability: Toxic Debris
|-sidestart|p1: p1|move: Toxic Spikes
|-supereffective|p2a: Glimmora
|-crit|p2a: Glimmora
|-damage|p2a: Glimmora|0 fnt
|-activate|p2a: Glimmora|ability: Toxic Debris
|-sidestart|p1: p1|move: Toxic Spikes
|faint|p2a: Glimmora
|-hitcount|p2: Glimmora|2
|
|-damage|p1a: Freddy|5/100 psn|[from] psn
|
|switch|p2a: Meowscarada|Meowscarada, F|100/100
|turn|6
|
|move|p2a: Meowscarada|Sucker Punch|p1a: Freddy
|-start|p2a: Meowscarada|typechange|Dark|[from] ability: Protean
|-resisted|p1a: Freddy
|-damage|p1a: Freddy|0 fnt
|faint|p1a: Freddy
|
|
|switch|p1a: Chica|Zapdos|79/100
|turn|7
|
|move|p2a: Meowscarada|Knock Off|p1a: Chica
|-crit|p1a: Chica
|-damage|p1a: Chica|15/100
|-enditem|p1a: Chica|Leftovers|[from] move: Knock Off|[of] p2a: Meowscarada
|move|p1a: Chica|Thunder Wave|p2a: Meowscarada
|-status|p2a: Meowscarada|par
|
|turn|8
|
|move|p1a: Chica|Roost|p1a: Chica
|-heal|p1a: Chica|65/100
|-singleturn|p1a: Chica|move: Roost
|move|p2a: Meowscarada|U-turn|p1a: Chica
|-damage|p1a: Chica|45/100
|
|switch|p2a: Great Tusk|Great Tusk|100/100|[from] U-turn
|
|turn|9
|
|move|p2a: Great Tusk|Rapid Spin|p1a: Chica
|-damage|p1a: Chica|29/100
|-boost|p2a: Great Tusk|spe|1
|move|p1a: Chica|Roost|p1a: Chica
|-heal|p1a: Chica|79/100
|-singleturn|p1a: Chica|move: Roost
|
|turn|10
|
|switch|p1a: Purple Guy|Great Tusk|100/100
|-status|p1a: Purple Guy|tox
|move|p2a: Great Tusk|Knock Off|p1a: Purple Guy
|-resisted|p1a: Purple Guy
|-damage|p1a: Purple Guy|91/100 tox
|-damage|p2a: Great Tusk|84/100|[from] item: Rocky Helmet|[of] p1a: Purple Guy
|-enditem|p1a: Purple Guy|Rocky Helmet|[from] move: Knock Off|[of] p2a: Great Tusk
|
|-damage|p1a: Purple Guy|85/100 tox|[from] psn
|turn|11
|
|move|p2a: Great Tusk|Headlong Rush|p1a: Purple Guy
|-damage|p1a: Purple Guy|53/100 tox
|-unboost|p2a: Great Tusk|def|1
|-unboost|p2a: Great Tusk|spd|1
|move|p1a: Purple Guy|Rapid Spin|p2a: Great Tusk
|-damage|p2a: Great Tusk|69/100
|-boost|p1a: Purple Guy|spe|1
|-sideend|p1: p1|Toxic Spikes|[from] move: Rapid Spin|[of] p1a: Purple Guy
|
|-damage|p1a: Purple Guy|41/100 tox|[from] psn
|turn|12
|
|move|p1a: Purple Guy|Knock Off|p2a: Great Tusk
|-resisted|p2a: Great Tusk
|-damage|p2a: Great Tusk|55/100
|-enditem|p2a: Great Tusk|Assault Vest|[from] move: Knock Off|[of] p1a: Purple Guy
|move|p2a: Great Tusk|Headlong Rush|p1a: Purple Guy
|-damage|p1a: Purple Guy|8/100 tox
|-unboost|p2a: Great Tusk|def|1
|-unboost|p2a: Great Tusk|spd|1
|
|-damage|p1a: Purple Guy|0 fnt|[from] psn
|faint|p1a: Purple Guy
|-end|p1a: Purple Guy|Protosynthesis|[silent]
|
|switch|p1a: Bonnie|Cinderace, M|100/100
|turn|13
|
|move|p1a: Bonnie|High Jump Kick|p2a: Great Tusk
|-start|p1a: Bonnie|typechange|Fighting|[from] ability: Libero
|-damage|p2a: Great Tusk|0 fnt
|faint|p2a: Great Tusk
|-end|p2a: Great Tusk|Protosynthesis|[silent]
|
|
|switch|p2a: Meowscarada|Meowscarada, F|100/100 par
|turn|14
|
|move|p1a: Bonnie|U-turn|p2a: Meowscarada
|-supereffective|p2a: Meowscarada
|-enditem|p2a: Meowscarada|Focus Sash
|-damage|p2a: Meowscarada|1/100 par
|
|switch|p1a: Chica|Zapdos|79/100|[from] U-turn
|move|p2a: Meowscarada|Flower Trick|p1a: Chica
|-start|p2a: Meowscarada|typechange|Grass|[from] ability: Protean
|-resisted|p1a: Chica
|-crit|p1a: Chica
|-damage|p1a: Chica|56/100
|
|turn|15
|
|move|p1a: Chica|Roost|p1a: Chica
|-heal|p1a: Chica|100/100
|-singleturn|p1a: Chica|move: Roost
|move|p2a: Meowscarada|Knock Off|p1a: Chica
|-damage|p1a: Chica|83/100
|
|turn|16
|
|move|p1a: Chica|Volt Switch|p2a: Meowscarada
|-resisted|p2a: Meowscarada
|-damage|p2a: Meowscarada|0 fnt
|faint|p2a: Meowscarada
|
|switch|p1a: IT'S ME|Ursaluna, F|100/100|[from] Volt Switch
|
|-status|p1a: IT'S ME|brn|[from] item: Flame Orb
|
|switch|p2a: Hydreigon|Hydreigon, F, shiny|100/100
|turn|17
|
|-terastallize|p2a: Hydreigon|Poison
|move|p2a: Hydreigon|Nasty Plot|p2a: Hydreigon
|-boost|p2a: Hydreigon|spa|2
|move|p1a: IT'S ME|Facade|p2a: Hydreigon
|-damage|p2a: Hydreigon|0 fnt
|faint|p2a: Hydreigon
|
|-damage|p1a: IT'S ME|94/100 brn|[from] brn
|-message|p2 forfeited.
|
|win|p1
