|poke|p1|Basculegion-F, F|
|poke|p1|Zapdos|
|poke|p1|Heatran, M|
|poke|p1|Chien-Pao|
|poke|p1|Samurott-Hisui, M|
|poke|p1|Great Tusk|
|poke|p2|Magearna|
|poke|p2|Slowbro, M|
|poke|p2|Garganacl, F|
|poke|p2|Ursaluna, M|
|poke|p2|Cyclizar, F|
|poke|p2|Azumarill, F|
|teampreview
|
|start
|switch|p1a: Zapdos|Zapdos|100/100
|switch|p2a: Magearna|Magearna|100/100
|turn|1
|
|move|p1a: Zapdos|Thunderbolt|p2a: Magearna
|-damage|p2a: Magearna|69/100
|move|p2a: Magearna|Trick Room|p2a: Magearna
|-fieldstart|move: Trick Room|[of] p2a: Magearna
|
|-heal|p2a: Magearna|75/100|[from] item: Leftovers
|turn|2
|
|move|p2a: Magearna|Volt Switch|p1a: Zapdos
|-damage|p1a: Zapdos|78/100
|
|switch|p2a: Ursaluna|Ursaluna, M|100/100|[from] Volt Switch
|move|p1a: Zapdos|Roost|p1a: Zapdos
|-heal|p1a: Zapdos|100/100
|-singleturn|p1a: Zapdos|move: Roost
|
|-status|p2a: Ursaluna|brn|[from] item: Flame Orb
|turn|3
|
|move|p2a: Ursaluna|Earthquake|p1a: Zapdos
|-immune|p1a: Zapdos
|move|p1a: Zapdos|Hurricane|p2a: Ursaluna
|-damage|p2a: Ursaluna|54/100 brn
|
|-damage|p2a: Ursaluna|48/100 brn|[from] brn
|turn|4
|
|switch|p1a: Heatran|Heatran, M|100/100
|move|p2a: Ursaluna|Facade|p1a: Heatran
|-resisted|p1a: Heatran
|-damage|p1a: Heatran|56/100
|
|-heal|p1a: Heatran|62/100|[from] item: Leftovers
|-damage|p2a: Ursaluna|42/100 brn|[from] brn
|turn|5
|
|switch|p2a: Slowbro|Slowbro, M|100/100
|move|p1a: Heatran|Protect||[still]
|-fail|p1a: Heatran
|
|-heal|p1a: Heatran|69/100|[from] item: Leftovers
|-fieldend|move: Trick Room
|turn|6
|
|move|p1a: Heatran|Stealth Rock|p2a: Slowbro
|-sidestart|p2: p2|move: Stealth Rock
|move|p2a: Slowbro|Trick Room|p2a: Slowbro
|-fieldstart|move: Trick Room|[of] p2a: Slowbro
|
|-heal|p1a: Heatran|75/100|[from] item: Leftovers
|turn|7
|
|switch|p1a: Basculegion|Basculegion-F, F, shiny|100/100
|move|p2a: Slowbro|Surf|p1a: Basculegion
|-resisted|p1a: Basculegion
|-damage|p1a: Basculegion|76/100
|
|turn|8
|
|switch|p2a: Azumarill|Azumarill, F|100/100
|-damage|p2a: Azumarill|88/100|[from] Stealth Rock
|move|p1a: Basculegion|Hydro Pump|p2a: Azumarill|[miss]
|-miss|p1a: Basculegion|p2a: Azumarill
|
|turn|9
|
|switch|p1a: Heatran|Heatran, M|75/100
|move|p2a: Azumarill|Liquidation|p1a: Heatran
|-supereffective|p1a: Heatran
|-damage|p1a: Heatran|0 fnt
|faint|p1a: Heatran
|
|
|switch|p1a: Zapdos|Zapdos|100/100
|turn|10
|
|move|p2a: Azumarill|Ice Spinner|p1a: Zapdos
|-supereffective|p1a: Zapdos
|-damage|p1a: Zapdos|24/100
|move|p1a: Zapdos|Thunderbolt|p2a: Azumarill
|-supereffective|p2a: Azumarill
|-damage|p2a: Azumarill|34/100
|
|-fieldend|move: Trick Room
|turn|11
|
|switch|p1a: Basculegion|Basculegion-F, F, shiny|76/100
|move|p2a: Azumarill|Aqua Jet|p1a: Basculegion
|-resisted|p1a: Basculegion
|-damage|p1a: Basculegion|58/100
|
|turn|12
|
|switch|p2a: Slowbro|Slowbro, M|100/100
|-damage|p2a: Slowbro|88/100|[from] Stealth Rock
|move|p1a: Basculegion|Hydro Pump|p2a: Slowbro
|-resisted|p2a: Slowbro
|-damage|p2a: Slowbro|50/100
|
|-heal|p2a: Slowbro|56/100|[from] item: Leftovers
|turn|13
|
|move|p1a: Basculegion|Hydro Pump|p2a: Slowbro|[miss]
|-miss|p1a: Basculegion|p2a: Slowbro
|move|p2a: Slowbro|Trick Room|p2a: Slowbro
|-fieldstart|move: Trick Room|[of] p2a: Slowbro
|
|-heal|p2a: Slowbro|62/100|[from] item: Leftovers
|turn|14
|
|switch|p2a: Cyclizar|Cyclizar, F|100/100
|move|p1a: Basculegion|Hydro Pump|p2a: Cyclizar|[miss]
|-miss|p1a: Basculegion|p2a: Cyclizar
|
|turn|15
|
|move|p1a: Basculegion|Hydro Pump|p2a: Cyclizar
|-resisted|p2a: Cyclizar
|-damage|p2a: Cyclizar|38/100
|move|p2a: Cyclizar|Knock Off|p1a: Basculegion
|-supereffective|p1a: Basculegion
|-damage|p1a: Basculegion|0 fnt
|-enditem|p1a: Basculegion|Choice Specs|[from] move: Knock Off|[of] p2a: Cyclizar
|faint|p1a: Basculegion
|
|
|switch|p1a: Chien-Pao|Chien-Pao|100/100
|-ability|p1a: Chien-Pao|Sword of Ruin
|turn|16
|
|move|p1a: Chien-Pao|Sucker Punch|p2a: Cyclizar
|-damage|p2a: Cyclizar|0 fnt
|faint|p2a: Cyclizar
|
|
|switch|p2a: Azumarill|Azumarill, F|34/100
|-damage|p2a: Azumarill|22/100|[from] Stealth Rock
|turn|17
|
|switch|p1a: Samurott|Samurott-Hisui, M|100/100
|move|p2a: Azumarill|Play Rough|p1a: Samurott
|-supereffective|p1a: Samurott
|-damage|p1a: Samurott|0 fnt
|faint|p1a: Samurott
|
|-fieldend|move: Trick Room
|
|switch|p1a: Chien-Pao|Chien-Pao|100/100
|-ability|p1a: Chien-Pao|Sword of Ruin
|turn|18
|
|switch|p2a: Ursaluna|Ursaluna, M|42/100 brn
|-damage|p2a: Ursaluna|36/100 brn|[from] Stealth Rock
|-terastallize|p1a: Chien-Pao|Dark
|move|p1a: Chien-Pao|Sucker Punch||[still]
|-fail|p1a: Chien-Pao
|
|-damage|p2a: Ursaluna|30/100 brn|[from] brn
|turn|19
|
|move|p1a: Chien-Pao|Crunch|p2a: Ursaluna
|-damage|p2a: Ursaluna|0 fnt
|faint|p2a: Ursaluna
|
|
|switch|p2a: Magearna|Magearna|75/100
|-damage|p2a: Magearna|69/100|[from] Stealth Rock
|turn|20
|
|switch|p1a: Zapdos|Zapdos|24/100
|move|p2a: Magearna|Trick Room|p2a: Magearna
|-fieldstart|move: Trick Room|[of] p2a: Magearna
|
|-heal|p2a: Magearna|75/100|[from] item: Leftovers
|turn|21
|
|move|p2a: Magearna|Volt Switch|p1a: Zapdos
|-damage|p1a: Zapdos|3/100
|
|switch|p2a: Garganacl|Garganacl, F|100/100|[from] Volt Switch
|-damage|p2a: Garganacl|88/100|[from] Stealth Rock
|move|p1a: Zapdos|Roost|p1a: Zapdos
|-heal|p1a: Zapdos|53/100
|-singleturn|p1a: Zapdos|move: Roost
|
|turn|22
|
|move|p2a: Garganacl|Salt Cure|p1a: Zapdos
|-supereffective|p1a: Zapdos
|-damage|p1a: Zapdos|22/100
|-start|p1a: Zapdos|Salt Cure
|move|p1a: Zapdos|Roost|p1a: Zapdos
|-heal|p1a: Zapdos|72/100
|-singleturn|p1a: Zapdos|move: Roost
|
|-damage|p1a: Zapdos|60/100|[from] Salt Cure
|turn|23
|
|switch|p1a: Great Tusk|Great Tusk, shiny|100/100
|move|p2a: Garganacl|Salt Cure|p1a: Great Tusk
|-resisted|p1a: Great Tusk
|-damage|p1a: Great Tusk|98/100
|-start|p1a: Great Tusk|Salt Cure
|
|-damage|p1a: Great Tusk|86/100|[from] Salt Cure
|turn|24
|
|move|p2a: Garganacl|Iron Defense|p2a: Garganacl
|-boost|p2a: Garganacl|def|2
|move|p1a: Great Tusk|Headlong Rush|p2a: Garganacl
|-supereffective|p2a: Garganacl
|-damage|p2a: Garganacl|46/100
|-unboost|p1a: Great Tusk|def|1
|-unboost|p1a: Great Tusk|spd|1
|-damage|p1a: Great Tusk|69/100|[from] item: Rocky Helmet|[of] p2a: Garganacl
|
|-damage|p1a: Great Tusk|57/100|[from] Salt Cure
|-fieldend|move: Trick Room
|turn|25
|
|move|p1a: Great Tusk|Headlong Rush|p2a: Garganacl
|-supereffective|p2a: Garganacl
|-damage|p2a: Garganacl|0 fnt
|-unboost|p1a: Great Tusk|def|1
|-unboost|p1a: Great Tusk|spd|1
|-damage|p1a: Great Tusk|40/100|[from] item: Rocky Helmet|[of] p2a: Garganacl
|faint|p2a: Garganacl
|
|-damage|p1a: Great Tusk|28/100|[from] Salt Cure
|
|switch|p2a: Azumarill|Azumarill, F|22/100
|-damage|p2a: Azumarill|9/100|[from] Stealth Rock
|turn|26
|
|-terastallize|p2a: Azumarill|Water
|move|p2a: Azumarill|Aqua Jet|p1a: Great Tusk
|-supereffective|p1a: Great Tusk
|-damage|p1a: Great Tusk|0 fnt
|faint|p1a: Great Tusk
|-end|p1a: Great Tusk|Protosynthesis|[silent]
|
|
|switch|p1a: Chien-Pao|Chien-Pao, tera:Dark|100/100
|-ability|p1a: Chien-Pao|Sword of Ruin
|turn|27
|
|move|p1a: Chien-Pao|Sucker Punch|p2a: Azumarill
|-damage|p2a: Azumarill|0 fnt
|faint|p2a: Azumarill
|
|
|switch|p2a: Magearna|Magearna|75/100
|-damage|p2a: Magearna|69/100|[from] Stealth Rock
|turn|28
|
|move|p1a: Chien-Pao|Crunch|p2a: Magearna
|-resisted|p2a: Magearna
|-damage|p2a: Magearna|48/100
|move|p2a: Magearna|Trick Room|p2a: Magearna
|-fieldstart|move: Trick Room|[of] p2a: Magearna
|
|-heal|p2a: Magearna|54/100|[from] item: Leftovers
|turn|29
|
|move|p1a: Chien-Pao|Sucker Punch|p2a: Magearna
|-resisted|p2a: Magearna
|-damage|p2a: Magearna|35/100
|move|p2a: Magearna|Fleur Cannon|p1a: Chien-Pao
|-supereffective|p1a: Chien-Pao
|-damage|p1a: Chien-Pao|0 fnt
|-unboost|p2a: Magearna|spa|2
|faint|p1a: Chien-Pao
|-ability|p2a: Magearna|Soul-Heart|boost
|-boost|p2a: Magearna|spa|1
|
|-heal|p2a: Magearna|41/100|[from] item: Leftovers
|
|switch|p1a: Zapdos|Zapdos|60/100
|turn|30
|
|move|p2a: Magearna|Fleur Cannon|p1a: Zapdos
|-damage|p1a: Zapdos|21/100
|-unboost|p2a: Magearna|spa|2
|move|p1a: Zapdos|Roost|p1a: Zapdos
|-heal|p1a: Zapdos|71/100
|-singleturn|p1a: Zapdos|move: Roost
|
|-heal|p2a: Magearna|47/100|[from] item: Leftovers
|turn|31
|
|move|p2a: Magearna|Volt Switch|p1a: Zapdos
|-damage|p1a: Zapdos|63/100
|
|switch|p2a: Slowbro|Slowbro, M|96/100|[from] Volt Switch
|-damage|p2a: Slowbro|83/100|[from] Stealth Rock
|move|p1a: Zapdos|Roost|p1a: Zapdos
|-heal|p1a: Zapdos|100/100
|-singleturn|p1a: Zapdos|move: Roost
|
|-heal|p2a: Slowbro|89/100|[from] item: Leftovers
|turn|32
|
|move|p2a: Slowbro|Psychic|p1a: Zapdos
|-damage|p1a: Zapdos|52/100
|move|p1a: Zapdos|Thunderbolt|p2a: Slowbro
|-supereffective|p2a: Slowbro
|-damage|p2a: Slowbro|2/100
|
|-heal|p2a: Slowbro|8/100|[from] item: Leftovers
|-fieldend|move: Trick Room
|turn|33
|
|move|p1a: Zapdos|Thunderbolt|p2a: Slowbro
|-supereffective|p2a: Slowbro
|-damage|p2a: Slowbro|0 fnt
|faint|p2a: Slowbro
|
|
|switch|p2a: Magearna|Magearna|47/100
|-damage|p2a: Magearna|41/100|[from] Stealth Rock
|turn|34
|
|move|p1a: Zapdos|Roost|p1a: Zapdos
|-heal|p1a: Zapdos|100/100
|-singleturn|p1a: Zapdos|move: Roost
|move|p2a: Magearna|Fleur Cannon|p1a: Zapdos
|-damage|p1a: Zapdos|43/100
|-unboost|p2a: Magearna|spa|2
|
|-heal|p2a: Magearna|47/100|[from] item: Leftovers
|turn|35
|
|move|p1a: Zapdos|Roost|p1a: Zapdos
|-heal|p1a: Zapdos|93/100
|-singleturn|p1a: Zapdos|move: Roost
|move|p2a: Magearna|Volt Switch|p1a: Zapdos
|-resisted|p1a: Zapdos
|-damage|p1a: Zapdos|87/100
|
|-heal|p2a: Magearna|54/100|[from] item: Leftovers
|turn|36
|-message|p2 forfeited.
|
|win|p1
