|poke|p1|Grimmsnarl, M|
|poke|p1|Ursaluna, F|
|poke|p1|Zamazenta-*|
|poke|p1|Magearna|
|poke|p1|Volcarona, F|
|poke|p1|Sneasler, M|
|poke|p2|Ursaluna, M|
|poke|p2|Magearna|
|poke|p2|Kingambit, M|
|poke|p2|Meowscarada, M|
|poke|p2|Gholdengo|
|poke|p2|Urshifu-*, M|
|teampreview
|
|start
|switch|p1a: Grimmsnarl|Grimmsnarl, M|100/100
|switch|p2a: Meowscarada|Meowscarada, M|100/100
|turn|1
|
|move|p1a: Grimmsnarl|Reflect|p1a: Grimmsnarl
|-sidestart|p1: LpZ IV|Reflect
|move|p2a: Meowscarada|Taunt|p1a: Grimmsnarl
|-start|p1a: Grimmsnarl|move: Taunt
|
|turn|2
|
|switch|p1a: Zamazenta|Zamazenta|100/100
|-ability|p1a: Zamazenta|Dauntless Shield|boost
|-boost|p1a: Zamazenta|def|1
|move|p2a: Meowscarada|Spikes|p1a: Zamazenta
|-sidestart|p1: LpZ IV|Spikes
|
|turn|3
|
|move|p1a: Zamazenta|Substitute|p1a: Zamazenta
|-start|p1a: Zamazenta|Substitute
|-damage|p1a: Zamazenta|75/100
|move|p2a: Meowscarada|Leaf Storm|p1a: Zamazenta|[miss]
|-miss|p2a: Meowscarada|p1a: Zamazenta
|
|-heal|p1a: Zamazenta|82/100|[from] item: Leftovers
|turn|4
|
|move|p1a: Zamazenta|Iron Defense|p1a: Zamazenta
|-boost|p1a: Zamazenta|def|2
|move|p2a: Meowscarada|Leaf Storm|p1a: Zamazenta
|-end|p1a: Zamazenta|Substitute
|-unboost|p2a: Meowscarada|spa|2
|
|-heal|p1a: Zamazenta|88/100|[from] item: Leftovers
|turn|5
|
|move|p1a: Zamazenta|Substitute|p1a: Zamazenta
|-start|p1a: Zamazenta|Substitute
|-damage|p1a: Zamazenta|63/100
|move|p2a: Meowscarada|Taunt|p1a: Zamazenta
|-start|p1a: Zamazenta|move: Taunt
|
|-heal|p1a: Zamazenta|69/100|[from] item: Leftovers
|turn|6
|
|move|p1a: Zamazenta|Crunch|p2a: Meowscarada
|-resisted|p2a: Meowscarada
|-damage|p2a: Meowscarada|84/100
|move|p2a: Meowscarada|Knock Off|p1a: Zamazenta
|-resisted|p1a: Zamazenta
|-activate|p1a: Zamazenta|move: Substitute|[damage]
|
|-heal|p1a: Zamazenta|75/100|[from] item: Leftovers
|turn|7
|
|move|p1a: Zamazenta|Body Press|p2a: Meowscarada
|-supereffective|p2a: Meowscarada
|-damage|p2a: Meowscarada|0 fnt
|faint|p2a: Meowscarada
|
|-heal|p1a: Zamazenta|81/100|[from] item: Leftovers
|
|switch|p2a: Gholdengo|Gholdengo|100/100
|turn|8
|
|move|p1a: Zamazenta|Crunch|p2a: Gholdengo
|-supereffective|p2a: Gholdengo
|-damage|p2a: Gholdengo|55/100
|move|p2a: Gholdengo|Nasty Plot|p2a: Gholdengo
|-boost|p2a: Gholdengo|spa|2
|
|-heal|p1a: Zamazenta|88/100|[from] item: Leftovers
|-end|p1a: Zamazenta|move: Taunt
|-sideend|p1: LpZ IV|Reflect
|turn|9
|
|move|p1a: Zamazenta|Crunch|p2a: Gholdengo
|-supereffective|p2a: Gholdengo
|-damage|p2a: Gholdengo|7/100
|move|p2a: Gholdengo|Shadow Ball|p1a: Zamazenta
|-end|p1a: Zamazenta|Substitute
|
|-heal|p1a: Zamazenta|94/100|[from] item: Leftovers
|turn|10
|
|move|p1a: Zamazenta|Crunch|p2a: Gholdengo
|-supereffective|p2a: Gholdengo
|-damage|p2a: Gholdengo|0 fnt
|faint|p2a: Gholdengo
|
|-heal|p1a: Zamazenta|99/100|[from] item: Leftovers
|
|switch|p2a: Magearna|Magearna|100/100
|turn|11
|
|switch|p1a: Volcarona|Volcarona, F|100/100
|move|p2a: Magearna|Calm Mind|p2a: Magearna
|-boost|p2a: Magearna|spa|1
|-boost|p2a: Magearna|spd|1
|
|turn|12
|
|move|p1a: Volcarona|Quiver Dance|p1a: Volcarona
|-boost|p1a: Volcarona|spa|1
|-boost|p1a: Volcarona|spd|1
|-boost|p1a: Volcarona|spe|1
|move|p2a: Magearna|Shift Gear|p2a: Magearna
|-boost|p2a: Magearna|spe|2
|-boost|p2a: Magearna|atk|1
|
|turn|13
|
|move|p2a: Magearna|Stored Power|p1a: Volcarona
|-damage|p1a: Volcarona|67/100
|move|p1a: Volcarona|Quiver Dance|p1a: Volcarona
|-boost|p1a: Volcarona|spa|1
|-boost|p1a: Volcarona|spd|1
|-boost|p1a: Volcarona|spe|1
|
|turn|14
|
|switch|p2a: Urshifu|Urshifu-Rapid-Strike, M|100/100
|move|p1a: Volcarona|Flamethrower|p2a: Urshifu
|-resisted|p2a: Urshifu
|-damage|p2a: Urshifu|31/100
|
|turn|15
|
|move|p2a: Urshifu|Aqua Jet|p1a: Volcarona
|-supereffective|p1a: Volcarona
|-damage|p1a: Volcarona|0 fnt
|faint|p1a: Volcarona
|
|
|switch|p1a: Grimmsnarl|Grimmsnarl, M|100/100
|-damage|p1a: Grimmsnarl|88/100|[from] Spikes
|turn|16
|
|move|p1a: Grimmsnarl|Reflect|p1a: Grimmsnarl
|-sidestart|p1: LpZ IV|Reflect
|move|p2a: Urshifu|Surging Strikes|p1a: Grimmsnarl
|-crit|p1a: Grimmsnarl
|-damage|p1a: Grimmsnarl|58/100
|-crit|p1a: Grimmsnarl
|-damage|p1a: Grimmsnarl|30/100
|-crit|p1a: Grimmsnarl
|-damage|p1a: Grimmsnarl|0 fnt
|faint|p1a: Grimmsnarl
|-hitcount|p1: Grimmsnarl|3
|
|
|switch|p1a: Magearna|Magearna|100/100
|-damage|p1a: Magearna|88/100|[from] Spikes
|turn|17
|
|-terastallize|p1a: Magearna|Water
|move|p2a: Urshifu|Surging Strikes|p1a: Magearna
|-resisted|p1a: Magearna
|-crit|p1a: Magearna
|-damage|p1a: Magearna|76/100
|-resisted|p1a: Magearna
|-crit|p1a: Magearna
|-damage|p1a: Magearna|64/100
|-resisted|p1a: Magearna
|-crit|p1a: Magearna
|-damage|p1a: Magearna|52/100
|-hitcount|p1a: Magearna|3
|move|p1a: Magearna|Shift Gear|p1a: Magearna
|-boost|p1a: Magearna|spe|2
|-boost|p1a: Magearna|atk|1
|
|turn|18
|
|move|p1a: Magearna|Calm Mind|p1a: Magearna
|-boost|p1a: Magearna|spa|1
|-boost|p1a: Magearna|spd|1
|move|p2a: Urshifu|Close Combat|p1a: Magearna
|-damage|p1a: Magearna|17/100
|-unboost|p2a: Urshifu|def|1
|-unboost|p2a: Urshifu|spd|1
|
|turn|19
|
|move|p1a: Magearna|Draining Kiss|p2a: Urshifu
|-supereffective|p2a: Urshifu
|-damage|p2a: Urshifu|0 fnt
|-heal|p1a: Magearna|44/100|[from] drain|[of] p2a: Urshifu
|faint|p2a: Urshifu
|-ability|p1a: Magearna|Soul-Heart|boost
|-boost|p1a: Magearna|spa|1
|
|
|switch|p2a: Kingambit|Kingambit, M|100/100
|-activate|p2a: Kingambit|ability: Supreme Overlord
|-start|p2a: Kingambit|fallen3|[silent]
|turn|20
|
|move|p2a: Kingambit|Sucker Punch|p1a: Magearna
|-damage|p1a: Magearna|9/100
|move|p1a: Magearna|Draining Kiss|p2a: Kingambit
|-damage|p2a: Kingambit|37/100
|-heal|p1a: Magearna|63/100|[from] drain|[of] p2a: Kingambit
|
|turn|21
|
|-end|p2a: Kingambit|fallen3|[silent]
|switch|p2a: Ursaluna|Ursaluna, M|100/100
|move|p1a: Magearna|Draining Kiss|p2a: Ursaluna
|-damage|p2a: Ursaluna|39/100
|-heal|p1a: Magearna|100/100|[from] drain|[of] p2a: Ursaluna
|
|-status|p2a: Ursaluna|brn|[from] item: Flame Orb
|turn|22
|
|move|p1a: Magearna|Draining Kiss|p2a: Ursaluna
|-damage|p2a: Ursaluna|0 fnt
|faint|p2a: Ursaluna
|-ability|p1a: Magearna|Soul-Heart|boost
|-boost|p1a: Magearna|spa|1
|
|
|switch|p2a: Kingambit|Kingambit, M|37/100
|-activate|p2a: Kingambit|ability: Supreme Overlord
|-start|p2a: Kingambit|fallen4|[silent]
|turn|23
|
|move|p2a: Kingambit|Sucker Punch|p1a: Magearna
|-damage|p1a: Magearna|67/100
|move|p1a: Magearna|Draining Kiss|p2a: Kingambit
|-damage|p2a: Kingambit|0 fnt
|-heal|p1a: Magearna|98/100|[from] drain|[of] p2a: Kingambit
|faint|p2a: Kingambit
|-ability|p1a: Magearna|Soul-Heart|boost
|-boost|p1a: Magearna|spa|1
|-end|p2a: Kingambit|fallen4|[silent]
|
|-sideend|p1: LpZ IV|Reflect
|
|switch|p2a: Magearna|Magearna|100/100
|turn|24
|
|move|p1a: Magearna|Stored Power|p2a: Magearna
|-resisted|p2a: Magearna
|-damage|p2a: Magearna|8/100
|move|p2a: Magearna|Calm Mind|p2a: Magearna
|-boost|p2a: Magearna|spa|1
|-boost|p2a: Magearna|spd|1
|
|-heal|p2a: Magearna|14/100|[from] item: Leftovers
|turn|25
|
|move|p1a: Magearna|Stored Power|p2a: Magearna
|-resisted|p2a: Magearna
|-damage|p2a: Magearna|0 fnt
|faint|p2a: Magearna
|
|win|LpZ IV
