|poke|p1|Glastrier|
|poke|p1|Magearna|
|poke|p1|Cresselia, F|
|poke|p1|Ursaluna, F|
|poke|p1|Kingambit, F|
|poke|p1|Slowking-Galar, F|
|poke|p1|Enamorus, F|
|poke|p1|Leafeon, F|
|poke|p2|Enamorus-Therian, F|
|poke|p2|Cinderace, F|
|poke|p2|Great Tusk|
|poke|p2|Kingambit, M|
|poke|p2|Dragapult, M|
|poke|p2|Slowking-Galar, M|
|poke|p2|Rotom-Wash|
|poke|p2|Iron Valiant|
|teampreview|6
|
|start
|switch|p1a: Ursaluna|Ursaluna, F|100/100
|switch|p2a: Cinderace|Cinderace, F|100/100
|turn|1
|
|move|p2a: Cinderace|High Jump Kick|p1a: Ursaluna
|-start|p2a: Cinderace|typechange|Fighting|[from] ability: Libero
|-supereffective|p1a: Ursaluna
|-damage|p1a: Ursaluna|19/100
|move|p1a: Ursaluna|Earthquake|p2a: Cinderace
|-damage|p2a: Cinderace|11/100
|
|-status|p1a: Ursaluna|brn|[from] item: Flame Orb
|turn|2
|
|switch|p1a: Slowking|Slowking-Galar, F|100/100
|move|p2a: Cinderace|U-turn|p1a: Slowking
|-damage|p1a: Slowking|85/100
|
|switch|p2a: Kingambit|Kingambit, M|100/100|[from] U-turn
|
|turn|3
|
|-end|p2a: Kingambit|fallenundefined|[silent]
|switch|p2a: Cinderace|Cinderace, F|11/100
|move|p1a: Slowking|Flamethrower|p2a: Cinderace
|-resisted|p2a: Cinderace
|-damage|p2a: Cinderace|0 fnt
|faint|p2a: Cinderace
|
|
|switch|p2a: Slowking|Slowking-Galar, M|100/100
|turn|4
|
|move|p2a: Slowking|Future Sight|p1a: Slowking
|-start|p2a: Slowking|move: Future Sight
|move|p1a: Slowking|Chilly Reception|p1a: Slowking
|-weather|Snow
|
|switch|p1a: Ursaluna|Ursaluna, F|19/100 brn|[from] Chilly Reception
|
|-weather|Snow|[upkeep]
|-damage|p1a: Ursaluna|12/100 brn|[from] brn
|turn|5
|
|switch|p2a: Enamorus|Enamorus-Therian, F|100/100
|move|p1a: Ursaluna|Earthquake|p2a: Enamorus
|-immune|p2a: Enamorus
|
|-weather|Snow|[upkeep]
|-damage|p1a: Ursaluna|6/100 brn|[from] brn
|turn|6
|
|move|p2a: Enamorus|Iron Defense|p2a: Enamorus
|-boost|p2a: Enamorus|def|2
|move|p1a: Ursaluna|Facade|p2a: Enamorus
|-damage|p2a: Enamorus|53/100
|
|-weather|Snow|[upkeep]
|-end|p1a: Ursaluna|move: Future Sight
|-damage|p1a: Ursaluna|0 fnt
|faint|p1a: Ursaluna
|-heal|p2a: Enamorus|59/100|[from] item: Leftovers
|
|switch|p1a: Magearna|Magearna|100/100
|turn|7
|
|-terastallize|p2a: Enamorus|Poison
|move|p2a: Enamorus|Calm Mind|p2a: Enamorus
|-boost|p2a: Enamorus|spa|1
|-boost|p2a: Enamorus|spd|1
|move|p1a: Magearna|Trick Room|p1a: Magearna
|-fieldstart|move: Trick Room|[of] p1a: Magearna
|
|-weather|Snow|[upkeep]
|-heal|p2a: Enamorus|65/100|[from] item: Leftovers
|turn|8
|
|move|p1a: Magearna|Thunderbolt|p2a: Enamorus
|-damage|p2a: Enamorus|42/100
|move|p2a: Enamorus|Earth Power|p1a: Magearna
|-supereffective|p1a: Magearna
|-damage|p1a: Magearna|29/100
|
|-weather|none
|-heal|p2a: Enamorus|48/100|[from] item: Leftovers
|turn|9
|
|move|p1a: Magearna|Thunderbolt|p2a: Enamorus
|-damage|p2a: Enamorus|26/100
|move|p2a: Enamorus|Earth Power|p1a: Magearna
|-supereffective|p1a: Magearna
|-damage|p1a: Magearna|0 fnt
|faint|p1a: Magearna
|
|-heal|p2a: Enamorus|32/100|[from] item: Leftovers
|
|switch|p1a: Enamorus|Enamorus, F|100/100
|turn|10
|
|move|p2a: Enamorus|Draining Kiss|p1a: Enamorus
|-damage|p1a: Enamorus|43/100
|-heal|p2a: Enamorus|67/100|[from] drain|[of] p1a: Enamorus
|move|p1a: Enamorus|Substitute|p1a: Enamorus
|-start|p1a: Enamorus|Substitute
|-damage|p1a: Enamorus|18/100
|
|-heal|p2a: Enamorus|73/100|[from] item: Leftovers
|-heal|p1a: Enamorus|25/100|[from] item: Leftovers
|turn|11
|
|move|p2a: Enamorus|Draining Kiss|p1a: Enamorus
|-end|p1a: Enamorus|Substitute
|-heal|p2a: Enamorus|88/100|[from] drain|[of] p1a: Enamorus
|move|p1a: Enamorus|Earth Power|p2a: Enamorus
|-supereffective|p2a: Enamorus
|-crit|p2a: Enamorus
|-damage|p2a: Enamorus|0 fnt
|faint|p2a: Enamorus
|
|-heal|p1a: Enamorus|31/100|[from] item: Leftovers
|-fieldend|move: Trick Room
|
|switch|p2a: Iron Valiant|Iron Valiant, shiny|100/100
|-enditem|p2a: Iron Valiant|Booster Energy
|-activate|p2a: Iron Valiant|ability: Quark Drive|[fromitem]
|-start|p2a: Iron Valiant|quarkdrivespe
|turn|12
|
|move|p2a: Iron Valiant|Spirit Break|p1a: Enamorus
|-crit|p1a: Enamorus
|-damage|p1a: Enamorus|0 fnt
|faint|p1a: Enamorus
|
|
|switch|p1a: Slowking|Slowking-Galar, F|100/100
|turn|13
|
|-terastallize|p1a: Slowking|Water
|move|p2a: Iron Valiant|Knock Off|p1a: Slowking
|-damage|p1a: Slowking|76/100
|-enditem|p1a: Slowking|Shuca Berry|[from] move: Knock Off|[of] p2a: Iron Valiant
|move|p1a: Slowking|Trick Room|p1a: Slowking
|-fieldstart|move: Trick Room|[of] p1a: Slowking
|
|turn|14
|
|-end|p2a: Iron Valiant|Quark Drive|[silent]
|switch|p2a: Slowking|Slowking-Galar, M|100/100
|move|p1a: Slowking|Flamethrower|p2a: Slowking
|-damage|p2a: Slowking|92/100
|
|turn|15
|
|move|p1a: Slowking|Chilly Reception|p1a: Slowking
|-weather|Snow
|
|switch|p1a: Glastrier|Glastrier|100/100|[from] Chilly Reception
|move|p2a: Slowking|Future Sight|p1a: Glastrier
|-start|p2a: Slowking|move: Future Sight
|
|-weather|Snow|[upkeep]
|turn|16
|
|move|p1a: Glastrier|Swords Dance|p1a: Glastrier
|-boost|p1a: Glastrier|atk|2
|move|p2a: Slowking|Flamethrower|p1a: Glastrier
|-supereffective|p1a: Glastrier
|-damage|p1a: Glastrier|62/100
|-status|p1a: Glastrier|brn
|
|-weather|Snow|[upkeep]
|-damage|p1a: Glastrier|56/100 brn|[from] brn
|turn|17
|
|move|p1a: Glastrier|Stomping Tantrum|p2a: Slowking
|-supereffective|p2a: Slowking
|-damage|p2a: Slowking|33/100
|move|p2a: Slowking|Flamethrower|p1a: Glastrier
|-supereffective|p1a: Glastrier
|-damage|p1a: Glastrier|19/100 brn
|
|-weather|Snow|[upkeep]
|-end|p1a: Glastrier|move: Future Sight
|-damage|p1a: Glastrier|0 fnt
|faint|p1a: Glastrier
|-fieldend|move: Trick Room
|
|switch|p1a: Fefeon|Leafeon, F|100/100
|turn|18
|
|switch|p2a: Iron Valiant|Iron Valiant, shiny|100/100
|move|p1a: Fefeon|Tera Blast|p2a: Iron Valiant
|-crit|p2a: Iron Valiant
|-damage|p2a: Iron Valiant|70/100
|
|-weather|Snow|[upkeep]
|turn|19
|
|switch|p1a: Slowking|Slowking-Galar, F, tera:Water|100/100
|move|p2a: Iron Valiant|Close Combat|p1a: Slowking
|-damage|p1a: Slowking|56/100
|-unboost|p2a: Iron Valiant|def|1
|-unboost|p2a: Iron Valiant|spd|1
|
|-weather|none
|turn|20
|
|move|p2a: Iron Valiant|Close Combat|p1a: Slowking
|-crit|p1a: Slowking
|-damage|p1a: Slowking|0 fnt
|-unboost|p2a: Iron Valiant|def|1
|-unboost|p2a: Iron Valiant|spd|1
|faint|p1a: Slowking
|
|
|switch|p1a: Fefeon|Leafeon, F|100/100
|turn|21
|
|move|p2a: Iron Valiant|Close Combat|p1a: Fefeon
|-damage|p1a: Fefeon|35/100
|-unboost|p2a: Iron Valiant|def|1
|-unboost|p2a: Iron Valiant|spd|1
|move|p1a: Fefeon|Leaf Blade|p2a: Iron Valiant
|-damage|p2a: Iron Valiant|0 fnt
|faint|p2a: Iron Valiant
|-end|p2a: Iron Valiant|Quark Drive|[silent]
|
|
|switch|p2a: Dragapult|Dragapult, M|100/100
|turn|22
|
|move|p2a: Dragapult|Will-O-Wisp|p1a: Fefeon
|-status|p1a: Fefeon|brn
|move|p1a: Fefeon|Leaf Blade|p2a: Dragapult
|-resisted|p2a: Dragapult
|-crit|p2a: Dragapult
|-damage|p2a: Dragapult|77/100
|
|-heal|p2a: Dragapult|83/100|[from] item: Leftovers
|-damage|p1a: Fefeon|29/100 brn|[from] brn
|turn|23
|
|move|p2a: Dragapult|Hex|p1a: Fefeon
|-damage|p1a: Fefeon|0 fnt
|faint|p1a: Fefeon
|
|win|p2
|n|☆p1|p1
|n|☆p2|zxblade
|n|*Lady Monita|ladymonita
|n| theironpikachu|theironpikachu
|n| happysh|happysh
|n| diemond35472|diemond35472
|n| Crown Oji|crownoji
|n| spcplayzz|spcplayzz
