|poke|p1|Samurott-Hisui, M|
|poke|p1|Corviknight, M|
|poke|p1|Meowscarada, M|
|poke|p1|Heatran, F|
|poke|p1|Landorus-Therian, M|
|poke|p1|Dragapult, F|
|poke|p2|Braviary-Hisui, M|
|poke|p2|Spidops, F|
|poke|p2|Salamence, M|
|poke|p2|Iron Treads|
|poke|p2|Rotom-Wash|
|poke|p2|Meowscarada, F|
|teampreview
|
|start
|switch|p1a: Samurott|Samurott-Hisui, M|100/100
|switch|p2a: Meowscarada|Meowscarada, F|100/100
|turn|1
|
|-terastallize|p1a: Samurott|Fairy
|move|p2a: Meowscarada|Knock Off|p1a: Samurott
|-resisted|p1a: Samurott
|-damage|p1a: Samurott|71/100
|-enditem|p1a: Samurott|Assault Vest|[from] move: Knock Off|[of] p2a: Meowscarada
|move|p1a: Samurott|Sacred Sword|p2a: Meowscarada
|-supereffective|p2a: Meowscarada
|-enditem|p2a: Meowscarada|Focus Sash
|-damage|p2a: Meowscarada|1/100
|
|turn|2
|
|move|p2a: Meowscarada|U-turn|p1a: Samurott
|-resisted|p1a: Samurott
|-damage|p1a: Samurott|57/100
|
|switch|p2a: Iron Treads|Iron Treads|100/100|[from] U-turn
|move|p1a: Samurott|Ceaseless Edge|p2a: Iron Treads
|-damage|p2a: Iron Treads|65/100
|-sidestart|p2: Gay Jynx|Spikes
|-damage|p1a: Samurott|40/100|[from] item: Rocky Helmet|[of] p2a: Iron Treads
|
|turn|3
|
|move|p2a: Iron Treads|Stealth Rock|p1a: Samurott
|-sidestart|p1: caju_the_kashuu|move: Stealth Rock
|move|p1a: Samurott|Razor Shell|p2a: Iron Treads
|-supereffective|p2a: Iron Treads
|-damage|p2a: Iron Treads|0 fnt
|-damage|p1a: Samurott|24/100|[from] item: Rocky Helmet|[of] p2a: Iron Treads
|faint|p2a: Iron Treads
|-end|p2a: Iron Treads|Quark Drive|[silent]
|
|
|switch|p2a: Meowscarada|Meowscarada, F|1/100
|-damage|p2a: Meowscarada|0 fnt|[from] Spikes
|faint|p2a: Meowscarada
|
|switch|p2a: Spidops|Spidops, F|100/100
|-damage|p2a: Spidops|88/100|[from] Spikes
|turn|4
|
|move|p1a: Samurott|Razor Shell|p2a: Spidops
|-damage|p2a: Spidops|23/100
|-unboost|p2a: Spidops|def|1
|move|p2a: Spidops|Sticky Web|p1a: Samurott
|-sidestart|p1: caju_the_kashuu|move: Sticky Web
|
|turn|5
|
|move|p1a: Samurott|Ceaseless Edge|p2a: Spidops
|-damage|p2a: Spidops|0 fnt
|-sidestart|p2: Gay Jynx|Spikes
|faint|p2a: Spidops
|
|
|switch|p2a: Braviary|Braviary-Hisui, M|100/100
|turn|6
|
|move|p1a: Samurott|Ceaseless Edge|p2a: Braviary
|-supereffective|p2a: Braviary
|-damage|p2a: Braviary|0 fnt
|-sidestart|p2: Gay Jynx|Spikes
|faint|p2a: Braviary
|
|
|switch|p2a: Salamence|Salamence, M|100/100
|turn|7
|
|move|p1a: Samurott|Sucker Punch||[still]
|-fail|p1a: Samurott
|move|p2a: Salamence|Dragon Dance|p2a: Salamence
|-boost|p2a: Salamence|atk|1
|-boost|p2a: Salamence|spe|1
|
|turn|8
|
|move|p1a: Samurott|Sucker Punch||[still]
|-fail|p1a: Samurott
|move|p2a: Salamence|Dragon Dance|p2a: Salamence
|-boost|p2a: Salamence|atk|1
|-boost|p2a: Salamence|spe|1
|
|turn|9
|
|move|p2a: Salamence|Dragon Dance|p2a: Salamence
|-boost|p2a: Salamence|atk|1
|-boost|p2a: Salamence|spe|1
|move|p1a: Samurott|Ceaseless Edge|p2a: Salamence
|-damage|p2a: Salamence|27/100
|
|turn|10
|
|move|p1a: Samurott|Sucker Punch||[still]
|-fail|p1a: Samurott
|move|p2a: Salamence|Dragon Dance|p2a: Salamence
|-boost|p2a: Salamence|atk|1
|-boost|p2a: Salamence|spe|1
|
|turn|11
|
|move|p1a: Samurott|Sucker Punch||[still]
|-fail|p1a: Samurott
|move|p2a: Salamence|Dragon Dance|p2a: Salamence
|-boost|p2a: Salamence|atk|1
|-boost|p2a: Salamence|spe|1
|
|turn|12
|
|move|p1a: Samurott|Sucker Punch|p2a: Salamence
|-damage|p2a: Salamence|0 fnt
|faint|p2a: Salamence
|
|-message|Gay Jynx forfeited.
|
|win|caju_the_kashuu
