|poke|p1|Urshifu-*, M|
|poke|p1|Magearna|
|poke|p1|Tornadus-Therian, M|
|poke|p1|Meowscarada, M|
|poke|p1|Garchomp, M|
|poke|p1|Iron Moth|
|poke|p2|Magearna|
|poke|p2|Grimmsnarl, M|
|poke|p2|Moltres-Galar|
|poke|p2|Glimmora, M|
|poke|p2|Gholdengo|
|poke|p2|Urshifu-*, M|
|teampreview
|
|start
|switch|p1a: Garchomp|Garchomp, M|100/100
|switch|p2a: Grimmsnarl|Grimmsnarl, M|100/100
|turn|1
|
|move|p2a: Grimmsnarl|Taunt|p1a: Garchomp
|-start|p1a: Garchomp|move: Taunt
|cant|p1a: Garchomp|move: Taunt|Spikes
|
|turn|2
|
|move|p2a: Grimmsnarl|Reflect|p2a: Grimmsnarl
|-sidestart|p2: p2|Reflect
|move|p1a: Garchomp|Earthquake|p2a: Grimmsnarl
|-damage|p2a: Grimmsnarl|73/100
|
|turn|3
|
|switch|p1a: Magearna|Magearna|100/100
|move|p2a: Grimmsnarl|Parting Shot|p1a: Magearna
|-unboost|p1a: Magearna|atk|1
|-unboost|p1a: Magearna|spa|1
|
|switch|p2a: Magearna|Magearna|100/100|[from] Parting Shot
|
|turn|4
|
|switch|p1a: Garchomp|Garchomp, M|100/100
|move|p2a: Magearna|Shift Gear|p2a: Magearna
|-boost|p2a: Magearna|spe|2
|-boost|p2a: Magearna|atk|1
|
|turn|5
|
|switch|p1a: Iron Moth|Iron Moth|100/100
|move|p2a: Magearna|Calm Mind|p2a: Magearna
|-boost|p2a: Magearna|spa|1
|-boost|p2a: Magearna|spd|1
|
|turn|6
|
|move|p2a: Magearna|Calm Mind|p2a: Magearna
|-boost|p2a: Magearna|spa|1
|-boost|p2a: Magearna|spd|1
|move|p1a: Iron Moth|Fiery Dance|p2a: Magearna
|-supereffective|p2a: Magearna
|-damage|p2a: Magearna|53/100
|-enditem|p2a: Magearna|Weakness Policy
|-boost|p2a: Magearna|atk|2|[from] item: Weakness Policy
|-boost|p2a: Magearna|spa|2|[from] item: Weakness Policy
|
|turn|7
|
|move|p2a: Magearna|Stored Power|p1a: Iron Moth
|-supereffective|p1a: Iron Moth
|-damage|p1a: Iron Moth|0 fnt
|faint|p1a: Iron Moth
|-ability|p2a: Magearna|Soul-Heart|boost
|-boost|p2a: Magearna|spa|1
|-end|p1a: Iron Moth|Quark Drive|[silent]
|
|
|switch|p1a: Magearna|Magearna|100/100
|turn|8
|
|move|p2a: Magearna|Stored Power|p1a: Magearna
|-resisted|p1a: Magearna
|-damage|p1a: Magearna|0 fnt
|faint|p1a: Magearna
|-ability|p2a: Magearna|Soul-Heart|boost
|-boost|p2a: Magearna|spa|1
|
|
|switch|p1a: Garchomp|Garchomp, M|100/100
|turn|9
|
|move|p2a: Magearna|Draining Kiss|p1a: Garchomp
|-supereffective|p1a: Garchomp
|-damage|p1a: Garchomp|0 fnt
|-heal|p2a: Magearna|100/100|[from] drain|[of] p1a: Garchomp
|-damage|p2a: Magearna|88/100|[from] ability: Rough Skin|[of] p1a: Garchomp
|-damage|p2a: Magearna|72/100|[from] item: Rocky Helmet|[of] p1a: Garchomp
|faint|p1a: Garchomp
|
|-sideend|p2: p2|Reflect
|
|switch|p1a: Meowscarada|Meowscarada, M|100/100
|turn|10
|
|move|p1a: Meowscarada|Sucker Punch|p2a: Magearna
|-start|p1a: Meowscarada|typechange|Dark|[from] ability: Protean
|-resisted|p2a: Magearna
|-damage|p2a: Magearna|54/100
|move|p2a: Magearna|Draining Kiss|p1a: Meowscarada
|-supereffective|p1a: Meowscarada
|-damage|p1a: Meowscarada|0 fnt
|-heal|p2a: Magearna|100/100|[from] drain|[of] p1a: Meowscarada
|faint|p1a: Meowscarada
|
|
|switch|p1a: Urshifu|Urshifu-Rapid-Strike, M|100/100
|turn|11
|
|-terastallize|p1a: Urshifu|Water
|move|p1a: Urshifu|Aqua Jet|p2a: Magearna
|-damage|p2a: Magearna|59/100
|move|p2a: Magearna|Stored Power|p1a: Urshifu
|-damage|p1a: Urshifu|0 fnt
|faint|p1a: Urshifu
|
|-message|p1 forfeited.
|
|win|p2
