|poke|p1|Tyranitar, M|
|poke|p1|Walking Wake|
|poke|p1|Torkoal, M|
|poke|p1|Abomasnow, M|
|poke|p1|Weavile, F|
|poke|p1|Copperajah, M|
|poke|p2|Great Tusk|
|poke|p2|Toxapex, M|
|poke|p2|Gengar, M|
|poke|p2|Charizard, M|
|poke|p2|Volcarona, M|
|poke|p2|Iron Thorns|
|teampreview
|
|start
|switch|p1a: Rocky|Tyranitar, M|100/100
|switch|p2a: Iron Thorns|Iron Thorns, shiny|100/100
|-weather|Sandstorm|[from] ability: Sand Stream|[of] p1a: Rocky
|-enditem|p2a: Iron Thorns|Booster Energy
|-activate|p2a: Iron Thorns|ability: Quark Drive|[fromitem]
|-start|p2a: Iron Thorns|quarkdriveatk
|turn|1
|
|move|p2a: Iron Thorns|Dragon Claw|p1a: Rocky
|-damage|p1a: Rocky|78/100
|move|p1a: Rocky|Stealth Rock|p2a: Iron Thorns
|-sidestart|p2: JayJayWTB|move: Stealth Rock
|
|-weather|Sandstorm|[upkeep]
|-heal|p1a: Rocky|84/100|[from] item: Leftovers
|turn|2
|
|-terastallize|p1a: Rocky|Ground
|move|p2a: Iron Thorns|Crunch|p1a: Rocky
|-damage|p1a: Rocky|57/100
|move|p1a: Rocky|Earthquake|p2a: Iron Thorns
|-supereffective|p2a: Iron Thorns
|-damage|p2a: Iron Thorns|0 fnt
|faint|p2a: Iron Thorns
|-end|p2a: Iron Thorns|Quark Drive|[silent]
|
|-weather|Sandstorm|[upkeep]
|-heal|p1a: Rocky|63/100|[from] item: Leftovers
|
|switch|p2a: Firefly|Volcarona, M, shiny|100/100
|turn|3
|
|move|p2a: Firefly|Giga Drain|p1a: Rocky
|-supereffective|p1a: Rocky
|-damage|p1a: Rocky|33/100
|move|p1a: Rocky|Earthquake|p2a: Firefly
|-crit|p2a: Firefly
|-damage|p2a: Firefly|11/100
|
|-weather|Sandstorm|[upkeep]
|-damage|p2a: Firefly|5/100|[from] Sandstorm
|-heal|p1a: Rocky|40/100|[from] item: Leftovers
|turn|4
|
|move|p2a: Firefly|Giga Drain|p1a: Rocky
|-supereffective|p1a: Rocky
|-damage|p1a: Rocky|8/100
|-heal|p2a: Firefly|24/100|[from] drain|[of] p1a: Rocky
|move|p1a: Rocky|Crunch|p2a: Firefly
|-damage|p2a: Firefly|0 fnt
|faint|p2a: Firefly
|
|-weather|Sandstorm|[upkeep]
|-heal|p1a: Rocky|14/100|[from] item: Leftovers
|
|switch|p2a: Toxavestisbest|Toxapex, M, shiny|100/100
|-damage|p2a: Toxavestisbest|88/100|[from] Stealth Rock
|turn|5
|
|move|p1a: Rocky|Stone Edge|p2a: Toxavestisbest
|-damage|p2a: Toxavestisbest|49/100
|move|p2a: Toxavestisbest|Surf|p1a: Rocky
|-supereffective|p1a: Rocky
|-damage|p1a: Rocky|0 fnt
|faint|p1a: Rocky
|
|-weather|none
|
|switch|p1a: Da Boom|Copperajah, M|100/100
|turn|6
|
|switch|p2a: Great Tusk|Great Tusk, shiny|100/100
|-damage|p2a: Great Tusk|98/100|[from] Stealth Rock
|move|p1a: Da Boom|Heavy Slam|p2a: Great Tusk
|-damage|p2a: Great Tusk|66/100
|
|-heal|p2a: Great Tusk|72/100|[from] item: Leftovers
|turn|7
|
|move|p2a: Great Tusk|Earthquake|p1a: Da Boom
|-supereffective|p1a: Da Boom
|-damage|p1a: Da Boom|16/100
|move|p1a: Da Boom|Whirlwind|p2a: Great Tusk
|-end|p2a: Great Tusk|Protosynthesis|[silent]
|drag|p2a: Toxavestisbest|Toxapex, M, shiny|82/100
|-damage|p2a: Toxavestisbest|70/100|[from] Stealth Rock
|
|-heal|p1a: Da Boom|23/100|[from] item: Leftovers
|turn|8
|
|switch|p2a: Great Tusk|Great Tusk, shiny|72/100
|-damage|p2a: Great Tusk|69/100|[from] Stealth Rock
|move|p1a: Da Boom|Heavy Slam|p2a: Great Tusk
|-damage|p2a: Great Tusk|39/100
|
|-heal|p2a: Great Tusk|45/100|[from] item: Leftovers
|-heal|p1a: Da Boom|29/100|[from] item: Leftovers
|turn|9
|
|move|p2a: Great Tusk|Earthquake|p1a: Da Boom
|-supereffective|p1a: Da Boom
|-damage|p1a: Da Boom|0 fnt
|faint|p1a: Da Boom
|
|-heal|p2a: Great Tusk|51/100|[from] item: Leftovers
|
|switch|p1a: Snowy|Abomasnow, M|100/100
|-weather|Snow|[from] ability: Snow Warning|[of] p1a: Snowy
|turn|10
|
|-end|p2a: Great Tusk|Protosynthesis|[silent]
|switch|p2a: The Black Dread|Charizard, M, shiny|100/100
|-damage|p2a: The Black Dread|51/100|[from] Stealth Rock
|move|p1a: Snowy|Aurora Veil|p1a: Snowy
|-sidestart|p1: tjking34|move: Aurora Veil
|
|-weather|Snow|[upkeep]
|-heal|p2a: The Black Dread|57/100|[from] item: Leftovers
|turn|11
|
|switch|p1a: Burny|Torkoal, M|100/100
|-weather|SunnyDay|[from] ability: Drought|[of] p1a: Burny
|move|p2a: The Black Dread|Flamethrower|p1a: Burny
|-resisted|p1a: Burny
|-damage|p1a: Burny|83/100
|
|-weather|SunnyDay|[upkeep]
|-heal|p2a: The Black Dread|63/100|[from] item: Leftovers
|turn|12
|
|switch|p1a: Watery|Walking Wake|100/100
|-activate|p1a: Watery|ability: Protosynthesis
|-start|p1a: Watery|protosynthesisspa
|move|p2a: The Black Dread|Air Slash|p1a: Watery
|-damage|p1a: Watery|84/100
|
|-weather|SunnyDay|[upkeep]
|-heal|p2a: The Black Dread|69/100|[from] item: Leftovers
|turn|13
|
|move|p1a: Watery|Hydro Steam|p2a: The Black Dread
|-supereffective|p2a: The Black Dread
|-damage|p2a: The Black Dread|0 fnt
|faint|p2a: The Black Dread
|
|-weather|SunnyDay|[upkeep]
|
|switch|p2a: Spoopy Boi|Gengar, M, shiny|100/100
|-damage|p2a: Spoopy Boi|88/100|[from] Stealth Rock
|turn|14
|
|move|p1a: Watery|Hydro Steam|p2a: Spoopy Boi
|-damage|p2a: Spoopy Boi|0 fnt
|faint|p2a: Spoopy Boi
|
|-weather|SunnyDay|[upkeep]
|-sideend|p1: tjking34|move: Aurora Veil
|
|switch|p2a: Toxavestisbest|Toxapex, M, shiny|100/100
|-damage|p2a: Toxavestisbest|88/100|[from] Stealth Rock
|turn|15
|
|-end|p1a: Watery|Protosynthesis|[silent]
|switch|p1a: Snowy|Abomasnow, M|100/100
|-weather|Snow|[from] ability: Snow Warning|[of] p1a: Snowy
|move|p2a: Toxavestisbest|Sludge Bomb|p1a: Snowy
|-supereffective|p1a: Snowy
|-damage|p1a: Snowy|54/100
|
|-weather|Snow|[upkeep]
|turn|16
|
|move|p1a: Snowy|Aurora Veil|p1a: Snowy
|-sidestart|p1: tjking34|move: Aurora Veil
|move|p2a: Toxavestisbest|Sludge Bomb|p1a: Snowy
|-supereffective|p1a: Snowy
|-damage|p1a: Snowy|32/100
|-status|p1a: Snowy|psn
|
|-weather|Snow|[upkeep]
|-damage|p1a: Snowy|20/100 psn|[from] psn
|turn|17
|
|move|p1a: Snowy|Earth Power|p2a: Toxavestisbest
|-supereffective|p2a: Toxavestisbest
|-damage|p2a: Toxavestisbest|58/100
|move|p2a: Toxavestisbest|Sludge Bomb|p1a: Snowy
|-supereffective|p1a: Snowy
|-damage|p1a: Snowy|0 fnt
|faint|p1a: Snowy
|
|-weather|Snow|[upkeep]
|
|switch|p1a: Slasher|Weavile, F|100/100
|-ability|p1a: Slasher|Pressure
|turn|18
|
|-terastallize|p2a: Toxavestisbest|Fairy
|move|p1a: Slasher|Night Slash|p2a: Toxavestisbest
|-resisted|p2a: Toxavestisbest
|-damage|p2a: Toxavestisbest|38/100
|move|p2a: Toxavestisbest|Sludge Bomb|p1a: Slasher
|-damage|p1a: Slasher|87/100
|-status|p1a: Slasher|psn
|
|-weather|Snow|[upkeep]
|-damage|p1a: Slasher|75/100 psn|[from] psn
|turn|19
|
|switch|p1a: Watery|Walking Wake|84/100
|move|p2a: Toxavestisbest|Infestation|p1a: Watery
|-damage|p1a: Watery|82/100
|-activate|p1a: Watery|move: Infestation|[of] p2a: Toxavestisbest
|
|-weather|Snow|[upkeep]
|-damage|p1a: Watery|70/100|[from] move: Infestation|[partiallytrapped]
|turn|20
|
|move|p1a: Watery|Dragon Pulse|p2a: Toxavestisbest
|-immune|p2a: Toxavestisbest
|move|p2a: Toxavestisbest|Sludge Bomb|p1a: Watery
|-damage|p1a: Watery|58/100
|-status|p1a: Watery|psn
|
|-weather|Snow|[upkeep]
|-damage|p1a: Watery|46/100 psn|[from] psn
|-damage|p1a: Watery|34/100 psn|[from] move: Infestation|[partiallytrapped]
|-sideend|p1: tjking34|move: Aurora Veil
|turn|21
|
|move|p1a: Watery|Dragon Pulse|p2a: Toxavestisbest
|-immune|p2a: Toxavestisbest
|move|p2a: Toxavestisbest|Sludge Bomb|p1a: Watery
|-crit|p1a: Watery
|-damage|p1a: Watery|0 fnt
|faint|p1a: Watery
|-end|p1a: Watery|Protosynthesis|[silent]
|
|-weather|Snow|[upkeep]
|
|switch|p1a: Slasher|Weavile, F|75/100 psn
|-ability|p1a: Slasher|Pressure
|turn|22
|
|move|p1a: Slasher|Ice Spinner|p2a: Toxavestisbest
|-damage|p2a: Toxavestisbest|0 fnt
|faint|p2a: Toxavestisbest
|
|-weather|none
|-damage|p1a: Slasher|63/100 psn|[from] psn
|
|switch|p2a: Great Tusk|Great Tusk, shiny|51/100
|-damage|p2a: Great Tusk|48/100|[from] Stealth Rock
|turn|23
|
|move|p1a: Slasher|Ice Spinner|p2a: Great Tusk
|-supereffective|p2a: Great Tusk
|-damage|p2a: Great Tusk|0 fnt
|faint|p2a: Great Tusk
|-end|p2a: Great Tusk|Protosynthesis|[silent]
|
|win|tjking34
