|poke|p1|Pelipper, M|
|poke|p1|Floatzel, M|
|poke|p1|Thundurus-Therian, M|
|poke|p1|Amoonguss, M|
|poke|p1|Great Tusk|
|poke|p1|Salamence, M|
|poke|p2|Goodra-Hisui, F|
|poke|p2|Zapdos-Galar|
|poke|p2|Chien-Pao|
|poke|p2|Dondozo, M|
|poke|p2|Iron Valiant|
|poke|p2|Enamorus-Therian, F|
|teampreview
|
|start
|switch|p1a: Pelipper|Pelipper, M|100/100
|switch|p2a: Chocobo|Zapdos-Galar|100/100
|-weather|RainDance|[from] ability: Drizzle|[of] p1a: Pelipper
|turn|1
|
|move|p2a: Chocobo|U-turn|p1a: Pelipper
|-resisted|p1a: Pelipper
|-damage|p1a: Pelipper|92/100
|
|switch|p2a: stank|Goodra-Hisui, F|100/100|[from] U-turn
|move|p1a: Pelipper|U-turn|p2a: stank
|-resisted|p2a: stank
|-damage|p2a: stank|97/100
|
|switch|p1a: Great Tusk|Great Tusk|100/100|[from] U-turn
|-enditem|p1a: Great Tusk|Booster Energy
|-activate|p1a: Great Tusk|ability: Protosynthesis|[fromitem]
|-start|p1a: Great Tusk|protosynthesisdef
|
|-weather|RainDance|[upkeep]
|-heal|p2a: stank|100/100|[from] item: Leftovers
|turn|2
|
|switch|p2a: packwatch|Dondozo, M|100/100
|move|p1a: Great Tusk|Stealth Rock|p2a: packwatch
|-sidestart|p2: GymLeader Avery|move: Stealth Rock
|
|-weather|RainDance|[upkeep]
|turn|3
|
|move|p1a: Great Tusk|Knock Off|p2a: packwatch
|-damage|p2a: packwatch|87/100
|-enditem|p2a: packwatch|Leftovers|[from] move: Knock Off|[of] p1a: Great Tusk
|move|p2a: packwatch|Wave Crash|p1a: Great Tusk
|-supereffective|p1a: Great Tusk
|-damage|p1a: Great Tusk|55/100
|-damage|p2a: packwatch|74/100|[from] Recoil
|
|-weather|RainDance|[upkeep]
|turn|4
|
|-end|p1a: Great Tusk|Protosynthesis|[silent]
|switch|p1a: Amoonguss|Amoonguss, M|100/100
|move|p2a: packwatch|Yawn|p1a: Amoonguss
|-start|p1a: Amoonguss|move: Yawn|[of] p2a: packwatch
|
|-weather|RainDance|[upkeep]
|turn|5
|
|move|p2a: packwatch|Protect|p2a: packwatch
|-singleturn|p2a: packwatch|Protect
|move|p1a: Amoonguss|Spore|p2a: packwatch
|-activate|p2a: packwatch|move: Protect
|
|-weather|RainDance|[upkeep]
|-end|p1a: Amoonguss|move: Yawn|[silent]
|-status|p1a: Amoonguss|slp
|turn|6
|
|switch|p2a: Chocobo|Zapdos-Galar|100/100
|-damage|p2a: Chocobo|88/100|[from] Stealth Rock
|cant|p1a: Amoonguss|slp
|
|-weather|RainDance|[upkeep]
|turn|7
|
|switch|p1a: Salamence|Salamence, M|100/100
|-ability|p1a: Salamence|Intimidate|boost
|-unboost|p2a: Chocobo|atk|1
|-ability|p2a: Chocobo|Defiant|boost
|-boost|p2a: Chocobo|atk|2
|move|p2a: Chocobo|Brave Bird|p1a: Salamence
|-damage|p1a: Salamence|0 fnt
|faint|p1a: Salamence
|-damage|p2a: Chocobo|54/100|[from] Recoil
|
|-weather|RainDance|[upkeep]
|
|switch|p1a: Floatzel|Floatzel, M|100/100
|turn|8
|
|switch|p2a: packwatch|Dondozo, M|74/100
|-damage|p2a: packwatch|62/100|[from] Stealth Rock
|move|p1a: Floatzel|Wave Crash|p2a: packwatch
|-resisted|p2a: packwatch
|-damage|p2a: packwatch|35/100
|-damage|p1a: Floatzel|86/100|[from] Recoil
|
|-weather|none
|turn|9
|
|switch|p1a: Pelipper|Pelipper, M|92/100
|-weather|RainDance|[from] ability: Drizzle|[of] p1a: Pelipper
|move|p2a: packwatch|Protect||[still]
|-fail|p2a: packwatch
|
|-weather|RainDance|[upkeep]
|turn|10
|
|switch|p2a: stank|Goodra-Hisui, F|100/100
|-damage|p2a: stank|94/100|[from] Stealth Rock
|move|p1a: Pelipper|Hurricane|p2a: stank
|-resisted|p2a: stank
|-damage|p2a: stank|85/100
|-start|p2a: stank|confusion
|
|-weather|RainDance|[upkeep]
|-heal|p2a: stank|91/100|[from] item: Leftovers
|turn|11
|
|switch|p1a: Thundurus|Thundurus-Therian, M|100/100
|-activate|p2a: stank|confusion
|-damage|p2a: stank|84/100|[from] confusion
|
|-weather|RainDance|[upkeep]
|-heal|p2a: stank|90/100|[from] item: Leftovers
|turn|12
|
|move|p1a: Thundurus|Focus Blast|p2a: stank|[miss]
|-miss|p1a: Thundurus|p2a: stank
|-activate|p2a: stank|confusion
|move|p2a: stank|Draco Meteor|p1a: Thundurus
|-damage|p1a: Thundurus|35/100
|-unboost|p2a: stank|spa|2
|
|-weather|RainDance|[upkeep]
|-heal|p2a: stank|96/100|[from] item: Leftovers
|turn|13
|
|switch|p2a: whistle|Enamorus-Therian, F|100/100
|-damage|p2a: whistle|75/100|[from] Stealth Rock
|move|p1a: Thundurus|Volt Switch|p2a: whistle
|-supereffective|p2a: whistle
|-damage|p2a: whistle|0 fnt
|faint|p2a: whistle
|
|switch|p1a: Floatzel|Floatzel, M|86/100|[from] Volt Switch
|
|-weather|RainDance|[upkeep]
|
|switch|p2a: stank|Goodra-Hisui, F|96/100
|-damage|p2a: stank|90/100|[from] Stealth Rock
|turn|14
|
|switch|p1a: Amoonguss|Amoonguss, M|100/100 slp
|move|p2a: stank|Thunderbolt|p1a: Amoonguss
|-resisted|p1a: Amoonguss
|-damage|p1a: Amoonguss|91/100 slp
|
|-weather|RainDance|[upkeep]
|-heal|p2a: stank|96/100|[from] item: Leftovers
|-heal|p1a: Amoonguss|97/100 slp|[from] item: Leftovers
|turn|15
|
|move|p2a: stank|Flash Cannon|p1a: Amoonguss
|-damage|p1a: Amoonguss|70/100 slp
|-unboost|p1a: Amoonguss|spd|1
|cant|p1a: Amoonguss|slp
|
|-weather|RainDance|[upkeep]
|-heal|p2a: stank|100/100|[from] item: Leftovers
|-heal|p1a: Amoonguss|76/100 slp|[from] item: Leftovers
|turn|16
|
|move|p2a: stank|Flash Cannon|p1a: Amoonguss
|-damage|p1a: Amoonguss|38/100 slp
|-unboost|p1a: Amoonguss|spd|1
|-curestatus|p1a: Amoonguss|slp|[msg]
|move|p1a: Amoonguss|Spore|p2a: stank
|-status|p2a: stank|slp|[from] move: Spore
|
|-weather|none
|-heal|p1a: Amoonguss|44/100|[from] item: Leftovers
|turn|17
|
|switch|p2a: Chocobo|Zapdos-Galar|54/100
|-damage|p2a: Chocobo|42/100|[from] Stealth Rock
|switch|p1a: Pelipper|Pelipper, M|92/100
|-weather|RainDance|[from] ability: Drizzle|[of] p1a: Pelipper
|
|-weather|RainDance|[upkeep]
|turn|18
|
|move|p2a: Chocobo|Brave Bird|p1a: Pelipper
|-damage|p1a: Pelipper|42/100
|-damage|p2a: Chocobo|25/100|[from] Recoil
|move|p1a: Pelipper|U-turn|p2a: Chocobo
|-resisted|p2a: Chocobo
|-damage|p2a: Chocobo|23/100
|
|switch|p1a: Floatzel|Floatzel, M|86/100|[from] U-turn
|
|-weather|RainDance|[upkeep]
|turn|19
|
|switch|p2a: packwatch|Dondozo, M|35/100
|-damage|p2a: packwatch|23/100|[from] Stealth Rock
|move|p1a: Floatzel|Wave Crash|p2a: packwatch
|-resisted|p2a: packwatch
|-damage|p2a: packwatch|0 fnt
|faint|p2a: packwatch
|-damage|p1a: Floatzel|74/100|[from] Recoil
|
|-weather|RainDance|[upkeep]
|
|switch|p2a: stank|Goodra-Hisui, F|100/100 slp
|-damage|p2a: stank|94/100 slp|[from] Stealth Rock
|turn|20
|
|-terastallize|p1a: Floatzel|Water
|move|p1a: Floatzel|Wave Crash|p2a: stank
|-resisted|p2a: stank
|-damage|p2a: stank|13/100 slp
|-damage|p1a: Floatzel|43/100|[from] Recoil
|cant|p2a: stank|slp
|
|-weather|RainDance|[upkeep]
|-heal|p2a: stank|19/100 slp|[from] item: Leftovers
|turn|21
|
|move|p1a: Floatzel|Wave Crash|p2a: stank
|-resisted|p2a: stank
|-damage|p2a: stank|0 fnt
|faint|p2a: stank
|-damage|p1a: Floatzel|36/100|[from] Recoil
|
|-weather|RainDance|[upkeep]
|
|switch|p2a: Diego|Chien-Pao|100/100
|-damage|p2a: Diego|76/100|[from] Stealth Rock
|-ability|p2a: Diego|Sword of Ruin
|turn|22
|
|move|p2a: Diego|Sucker Punch|p1a: Floatzel
|-damage|p1a: Floatzel|0 fnt
|faint|p1a: Floatzel
|
|-weather|RainDance|[upkeep]
|
|switch|p1a: Great Tusk|Great Tusk|55/100
|turn|23
|
|switch|p2a: Chocobo|Zapdos-Galar|23/100
|-damage|p2a: Chocobo|11/100|[from] Stealth Rock
|move|p1a: Great Tusk|Body Press|p2a: Chocobo
|-resisted|p2a: Chocobo
|-damage|p2a: Chocobo|0 fnt
|faint|p2a: Chocobo
|
|-weather|RainDance|[upkeep]
|
|switch|p2a: Gardellade|Iron Valiant|100/100
|-damage|p2a: Gardellade|94/100|[from] Stealth Rock
|-enditem|p2a: Gardellade|Booster Energy
|-activate|p2a: Gardellade|ability: Quark Drive|[fromitem]
|-start|p2a: Gardellade|quarkdrivespe
|turn|24
|
|-end|p1a: Great Tusk|Protosynthesis|[silent]
|switch|p1a: Thundurus|Thundurus-Therian, M|35/100
|move|p2a: Gardellade|Moonblast|p1a: Thundurus
|-damage|p1a: Thundurus|0 fnt
|faint|p1a: Thundurus
|
|-weather|none
|
|switch|p1a: Amoonguss|Amoonguss, M|77/100
|turn|25
|
|-terastallize|p2a: Gardellade|Steel
|move|p2a: Gardellade|Taunt|p1a: Amoonguss
|-start|p1a: Amoonguss|move: Taunt
|move|p1a: Amoonguss|Sludge Bomb|p2a: Gardellade
|-immune|p2a: Gardellade
|
|-heal|p1a: Amoonguss|83/100|[from] item: Leftovers
|turn|26
|
|switch|p1a: Great Tusk|Great Tusk|55/100
|move|p2a: Gardellade|Moonblast|p1a: Great Tusk
|-supereffective|p1a: Great Tusk
|-damage|p1a: Great Tusk|0 fnt
|faint|p1a: Great Tusk
|-end|p1a: Great Tusk|Protosynthesis|[silent]
|
|
|switch|p1a: Pelipper|Pelipper, M|42/100
|-weather|RainDance|[from] ability: Drizzle|[of] p1a: Pelipper
|turn|27
|
|move|p2a: Gardellade|Moonblast|p1a: Pelipper
|-damage|p1a: Pelipper|0 fnt
|faint|p1a: Pelipper
|
|-weather|RainDance|[upkeep]
|
|switch|p1a: Amoonguss|Amoonguss, M|100/100
|turn|28
|-message|pundeh 02 forfeited.
|
|win|GymLeader Avery
