|poke|p1|Ursaluna, M|
|poke|p1|Corviknight, F|
|poke|p1|Armarouge, F|
|poke|p1|Garchomp, M|
|poke|p1|Zoroark-Hisui, F|
|poke|p1|Iron Leaves|
|poke|p2|Meowscarada, F|
|poke|p2|Ting-Lu|
|poke|p2|Gholdengo|
|poke|p2|Dragonite, F|
|poke|p2|Iron Valiant|
|poke|p2|Great Tusk|
|teampreview
|
|start
|switch|p1a: Armarouge|Armarouge, F|100/100
|switch|p2a: Nyaruko|Meowscarada, F, shiny|100/100
|turn|1
|
|move|p2a: Nyaruko|Knock Off|p1a: Armarouge
|-supereffective|p1a: Armarouge
|-damage|p1a: Armarouge|18/100
|-ability|p1a: Armarouge|Weak Armor|boost
|-unboost|p1a: Armarouge|def|1
|-boost|p1a: Armarouge|spe|2
|-enditem|p1a: Armarouge|Focus Sash|[from] move: Knock Off|[of] p2a: Nyaruko
|move|p1a: Armarouge|Calm Mind|p1a: Armarouge
|-boost|p1a: Armarouge|spa|1
|-boost|p1a: Armarouge|spd|1
|
|turn|2
|
|move|p1a: Armarouge|Aura Sphere|p2a: Nyaruko
|-supereffective|p2a: Nyaruko
|-enditem|p2a: Nyaruko|Focus Sash
|-damage|p2a: Nyaruko|1/100
|move|p2a: Nyaruko|Knock Off|p1a: Armarouge
|-supereffective|p1a: Armarouge
|-damage|p1a: Armarouge|0 fnt
|faint|p1a: Armarouge
|
|
|switch|p1a: Ursaluna|Ursaluna, M|100/100
|turn|3
|
|switch|p2a: Mori|Ting-Lu|100/100
|-ability|p2a: Mori|Vessel of Ruin
|move|p1a: Ursaluna|Earthquake|p2a: Mori
|-damage|p2a: Mori|74/100
|
|-heal|p2a: Mori|80/100|[from] item: Leftovers
|-status|p1a: Ursaluna|brn|[from] item: Flame Orb
|turn|4
|
|switch|p2a: Anna|Gholdengo|100/100
|move|p1a: Ursaluna|Facade|p2a: Anna
|-immune|p2a: Anna
|
|-damage|p1a: Ursaluna|94/100 brn|[from] brn
|turn|5
|
|-terastallize|p2a: Anna|Flying
|move|p2a: Anna|Make It Rain|p1a: Ursaluna
|-damage|p1a: Ursaluna|35/100 brn
|-unboost|p2a: Anna|spa|1
|move|p1a: Ursaluna|Earthquake|p2a: Anna
|-immune|p2a: Anna
|
|-damage|p1a: Ursaluna|29/100 brn|[from] brn
|turn|6
|
|move|p2a: Anna|Make It Rain|p1a: Ursaluna
|-damage|p1a: Ursaluna|0 fnt
|-unboost|p2a: Anna|spa|1
|faint|p1a: Ursaluna
|
|
|switch|p1a: Iron Leaves|Iron Leaves|100/100
|-enditem|p1a: Iron Leaves|Booster Energy
|-activate|p1a: Iron Leaves|ability: Quark Drive|[fromitem]
|-start|p1a: Iron Leaves|quarkdriveatk
|turn|7
|
|switch|p2a: Nyaruko|Meowscarada, F, shiny|1/100
|move|p1a: Iron Leaves|Psyblade|p2a: Nyaruko
|-immune|p2a: Nyaruko
|
|turn|8
|
|move|p2a: Nyaruko|Spikes|p1a: Iron Leaves
|-sidestart|p1: p1|Spikes
|move|p1a: Iron Leaves|Megahorn|p2a: Nyaruko
|-supereffective|p2a: Nyaruko
|-damage|p2a: Nyaruko|0 fnt
|faint|p2a: Nyaruko
|
|
|switch|p2a: Hideri|Iron Valiant|100/100
|-enditem|p2a: Hideri|Booster Energy
|-activate|p2a: Hideri|ability: Quark Drive|[fromitem]
|-start|p2a: Hideri|quarkdrivespe
|turn|9
|
|move|p2a: Hideri|Spirit Break|p1a: Iron Leaves
|-damage|p1a: Iron Leaves|55/100
|-unboost|p1a: Iron Leaves|spa|1
|move|p1a: Iron Leaves|Psyblade|p2a: Hideri
|-supereffective|p2a: Hideri
|-damage|p2a: Hideri|0 fnt
|faint|p2a: Hideri
|-end|p2a: Hideri|Quark Drive|[silent]
|
|
|switch|p2a: Anna|Gholdengo, tera:Flying|100/100
|turn|10
|
|move|p2a: Anna|Make It Rain|p1a: Iron Leaves
|-damage|p1a: Iron Leaves|0 fnt
|-unboost|p2a: Anna|spa|1
|faint|p1a: Iron Leaves
|-end|p1a: Iron Leaves|Quark Drive|[silent]
|
|
|switch|p1a: Garchomp|Garchomp, M|100/100
|-damage|p1a: Garchomp|88/100|[from] Spikes
|turn|11
|
|switch|p2a: Mori|Ting-Lu|80/100
|-ability|p2a: Mori|Vessel of Ruin
|move|p1a: Garchomp|Bitter Malice|p2a: Mori
|-resisted|p2a: Mori
|-damage|p2a: Mori|69/100
|-unboost|p2a: Mori|atk|1
|
|-heal|p2a: Mori|75/100|[from] item: Leftovers
|turn|12
|
|switch|p1a: Corviknight|Corviknight, F|100/100
|move|p2a: Mori|Stealth Rock|p1a: Corviknight
|-sidestart|p1: p1|move: Stealth Rock
|
|-heal|p2a: Mori|82/100|[from] item: Leftovers
|turn|13
|
|switch|p2a: Anna|Gholdengo, tera:Flying|100/100
|move|p1a: Corviknight|Defog|p2a: Anna
|-immune|p2a: Anna|[from] ability: Good as Gold
|
|turn|14
|
|move|p2a: Anna|Trick|p1a: Corviknight
|-activate|p2a: Anna|move: Trick|[of] p1a: Corviknight
|-item|p1a: Corviknight|Choice Scarf|[from] move: Trick
|-item|p2a: Anna|Rocky Helmet|[from] move: Trick
|move|p1a: Corviknight|Brave Bird|p2a: Anna
|-damage|p2a: Anna|61/100
|-damage|p1a: Corviknight|84/100|[from] item: Rocky Helmet|[of] p2a: Anna
|-damage|p1a: Corviknight|74/100|[from] Recoil
|
|turn|15
|
|switch|p2a: Mori|Ting-Lu|82/100
|-ability|p2a: Mori|Vessel of Ruin
|move|p1a: Corviknight|Brave Bird|p2a: Mori
|-damage|p2a: Mori|64/100
|-damage|p1a: Corviknight|66/100|[from] Recoil
|
|-heal|p2a: Mori|70/100|[from] item: Leftovers
|turn|16
|
|move|p1a: Corviknight|Brave Bird|p2a: Mori
|-damage|p2a: Mori|53/100
|-damage|p1a: Corviknight|59/100|[from] Recoil
|move|p2a: Mori|Ruination|p1a: Corviknight
|-damage|p1a: Corviknight|30/100
|
|-heal|p2a: Mori|59/100|[from] item: Leftovers
|turn|17
|
|move|p1a: Corviknight|Brave Bird|p2a: Mori
|-damage|p2a: Mori|42/100
|-damage|p1a: Corviknight|22/100|[from] Recoil
|move|p2a: Mori|Ruination|p1a: Corviknight
|-damage|p1a: Corviknight|11/100
|
|-heal|p2a: Mori|48/100|[from] item: Leftovers
|turn|18
|
|move|p1a: Corviknight|Brave Bird|p2a: Mori
|-damage|p2a: Mori|32/100
|-damage|p1a: Corviknight|5/100|[from] Recoil
|move|p2a: Mori|Whirlwind|p1a: Corviknight
|drag|p1a: Garchomp|Garchomp, M|88/100
|-damage|p1a: Garchomp|76/100|[from] Spikes
|-damage|p1a: Garchomp|63/100|[from] Stealth Rock
|
|-heal|p2a: Mori|39/100|[from] item: Leftovers
|turn|19
|
|move|p1a: Garchomp|Focus Blast|p2a: Mori
|-supereffective|p2a: Mori
|-damage|p2a: Mori|0 fnt
|faint|p2a: Mori
|
|
|switch|p2a: Chi|Dragonite, F|100/100
|turn|20
|
|move|p1a: Garchomp|Bitter Malice|p2a: Chi
|-damage|p2a: Chi|82/100
|-unboost|p2a: Chi|atk|1
|move|p2a: Chi|Dragon Dance|p2a: Chi
|-boost|p2a: Chi|atk|1
|-boost|p2a: Chi|spe|1
|
|turn|21
|
|move|p2a: Chi|Earthquake|p1a: Garchomp
|-crit|p1a: Garchomp
|-damage|p1a: Garchomp|0 fnt
|replace|p1a: Zoroark|Zoroark-Hisui, F
|-end|p1a: Zoroark|Illusion
|faint|p1a: Zoroark
|
|
|switch|p1a: Corviknight|Corviknight, F|5/100
|-damage|p1a: Corviknight|0 fnt|[from] Stealth Rock
|faint|p1a: Corviknight
|
|switch|p1a: Garchomp|Garchomp, M|100/100
|-damage|p1a: Garchomp|88/100|[from] Spikes
|-damage|p1a: Garchomp|82/100|[from] Stealth Rock
|turn|22
|
|move|p1a: Garchomp|Outrage|p2a: Chi
|-supereffective|p2a: Chi
|-damage|p2a: Chi|0 fnt
|faint|p2a: Chi
|
|
|switch|p2a: Irina|Great Tusk|100/100
|turn|23
|
|move|p1a: Garchomp|Outrage|p2a: Irina|[from]lockedmove
|-damage|p2a: Irina|58/100
|move|p2a: Irina|Headlong Rush|p1a: Garchomp
|-damage|p1a: Garchomp|13/100
|-unboost|p2a: Irina|def|1
|-unboost|p2a: Irina|spd|1
|-enditem|p2a: Irina|Eject Pack
|-damage|p2a: Irina|46/100|[from] ability: Rough Skin|[of] p1a: Garchomp
|
|-end|p2a: Irina|Protosynthesis|[silent]
|switch|p2a: Anna|Gholdengo, tera:Flying|61/100
|
|turn|24
|
|move|p1a: Garchomp|Outrage|p2a: Anna|[from]lockedmove
|-damage|p2a: Anna|0 fnt
|-damage|p1a: Garchomp|0 fnt|[from] item: Rocky Helmet|[of] p2a: Anna
|faint|p2a: Anna
|faint|p1a: Garchomp
|
|win|p2
