|poke|p1|Urshifu-*, M|
|poke|p1|Slowking-Galar, F|
|poke|p1|Great Tusk|
|poke|p1|Zapdos|
|poke|p1|Garganacl, F|
|poke|p1|Dragapult, F|
|poke|p2|Quaquaval, M|
|poke|p2|Garganacl, M|
|poke|p2|Gholdengo|
|poke|p2|Tinkaton, F|
|poke|p2|Toedscruel, M|
|poke|p2|Baxcalibur, F|
|teampreview
|
|start
|switch|p1a: Dragapult|Dragapult, F|100/100
|switch|p2a: Super-Dragon|Baxcalibur, F|100/100
|turn|1
|
|switch|p1a: Slowking|Slowking-Galar, F|100/100
|move|p2a: Super-Dragon|Ice Shard|p1a: Slowking
|-damage|p1a: Slowking|69/100
|-damage|p2a: Super-Dragon|91/100|[from] item: Life Orb
|
|-heal|p1a: Slowking|75/100|[from] item: Leftovers
|turn|2
|
|switch|p1a: Zapdos|Zapdos|100/100
|move|p2a: Super-Dragon|Glaive Rush|p1a: Zapdos
|-damage|p1a: Zapdos|34/100
|-singlemove|p2a: Super-Dragon|Glaive Rush|[silent]
|-damage|p2a: Super-Dragon|81/100|[from] item: Life Orb
|
|turn|3
|
|switch|p1a: Urshifu|Urshifu-Rapid-Strike, M|100/100
|move|p2a: Super-Dragon|Ice Shard|p1a: Urshifu
|-resisted|p1a: Urshifu
|-damage|p1a: Urshifu|86/100
|-damage|p2a: Super-Dragon|71/100|[from] item: Life Orb
|
|turn|4
|
|move|p1a: Urshifu|Close Combat|p2a: Super-Dragon
|-supereffective|p2a: Super-Dragon
|-damage|p2a: Super-Dragon|0 fnt
|-unboost|p1a: Urshifu|def|1
|-unboost|p1a: Urshifu|spd|1
|faint|p2a: Super-Dragon
|
|
|switch|p2a: RIP Sia|Gholdengo|100/100
|turn|5
|
|switch|p1a: Slowking|Slowking-Galar, F|100/100
|move|p2a: RIP Sia|Make It Rain|p1a: Slowking
|-damage|p1a: Slowking|56/100
|-unboost|p2a: RIP Sia|spa|1
|
|-heal|p1a: Slowking|62/100|[from] item: Leftovers
|turn|6
|
|switch|p2a: DRAGONSLAYER|Tinkaton, F|100/100
|-ability|p2a: DRAGONSLAYER|Mold Breaker
|-item|p2a: DRAGONSLAYER|Air Balloon
|move|p1a: Slowking|Chilly Reception|p1a: Slowking
|-weather|Snow
|
|switch|p1a: Urshifu|Urshifu-Rapid-Strike, M|86/100|[from] Chilly Reception
|
|-weather|Snow|[upkeep]
|turn|7
|
|move|p1a: Urshifu|U-turn|p2a: DRAGONSLAYER
|-resisted|p2a: DRAGONSLAYER
|-damage|p2a: DRAGONSLAYER|87/100
|-enditem|p2a: DRAGONSLAYER|Air Balloon
|
|switch|p1a: Garganacl|Garganacl, F|100/100|[from] U-turn
|move|p2a: DRAGONSLAYER|Stealth Rock|p1a: Garganacl
|-sidestart|p1: FFK Foufakirby|move: Stealth Rock
|
|-weather|Snow|[upkeep]
|turn|8
|
|move|p2a: DRAGONSLAYER|Knock Off|p1a: Garganacl
|-damage|p1a: Garganacl|84/100
|-enditem|p1a: Garganacl|Leftovers|[from] move: Knock Off|[of] p2a: DRAGONSLAYER
|move|p1a: Garganacl|Salt Cure|p2a: DRAGONSLAYER
|-resisted|p2a: DRAGONSLAYER
|-damage|p2a: DRAGONSLAYER|78/100
|-start|p2a: DRAGONSLAYER|Salt Cure
|
|-weather|Snow|[upkeep]
|-damage|p2a: DRAGONSLAYER|53/100|[from] Salt Cure
|turn|9
|
|switch|p1a: Dragapult|Dragapult, F|100/100
|-damage|p1a: Dragapult|88/100|[from] Stealth Rock
|move|p2a: DRAGONSLAYER|Gigaton Hammer|p1a: Dragapult
|-crit|p1a: Dragapult
|-damage|p1a: Dragapult|0 fnt
|faint|p1a: Dragapult
|
|-weather|Snow|[upkeep]
|-damage|p2a: DRAGONSLAYER|28/100|[from] Salt Cure
|
|switch|p1a: Urshifu|Urshifu-Rapid-Strike, M|86/100
|-damage|p1a: Urshifu|79/100|[from] Stealth Rock
|turn|10
|
|move|p1a: Urshifu|Surging Strikes|p2a: DRAGONSLAYER
|-crit|p2a: DRAGONSLAYER
|-damage|p2a: DRAGONSLAYER|0 fnt
|faint|p2a: DRAGONSLAYER
|-hitcount|p2: DRAGONSLAYER|1
|
|-weather|none
|
|switch|p2a: Coin??Coin!?|Quaquaval, M|100/100
|turn|11
|
|switch|p1a: Zapdos|Zapdos|34/100
|-terastallize|p2a: Coin??Coin!?|Water
|move|p2a: Coin??Coin!?|Aqua Step|p1a: Zapdos
|-damage|p1a: Zapdos|0 fnt
|-boost|p2a: Coin??Coin!?|spe|1
|faint|p1a: Zapdos
|-ability|p2a: Coin??Coin!?|Moxie|boost
|-boost|p2a: Coin??Coin!?|atk|1
|
|
|switch|p1a: Garganacl|Garganacl, F|84/100
|-damage|p1a: Garganacl|71/100|[from] Stealth Rock
|turn|12
|
|-terastallize|p1a: Garganacl|Water
|move|p2a: Coin??Coin!?|Aqua Step|p1a: Garganacl
|-resisted|p1a: Garganacl
|-damage|p1a: Garganacl|30/100
|-boost|p2a: Coin??Coin!?|spe|1
|move|p1a: Garganacl|Salt Cure|p2a: Coin??Coin!?
|-damage|p2a: Coin??Coin!?|81/100
|-start|p2a: Coin??Coin!?|Salt Cure
|
|-damage|p2a: Coin??Coin!?|56/100|[from] Salt Cure
|turn|13
|
|move|p2a: Coin??Coin!?|Aqua Step|p1a: Garganacl
|-resisted|p1a: Garganacl
|-damage|p1a: Garganacl|0 fnt
|-boost|p2a: Coin??Coin!?|spe|1
|faint|p1a: Garganacl
|-ability|p2a: Coin??Coin!?|Moxie|boost
|-boost|p2a: Coin??Coin!?|atk|1
|
|-damage|p2a: Coin??Coin!?|31/100|[from] Salt Cure
|
|switch|p1a: Urshifu|Urshifu-Rapid-Strike, M|79/100
|-damage|p1a: Urshifu|73/100|[from] Stealth Rock
|turn|14
|
|move|p1a: Urshifu|Aqua Jet|p2a: Coin??Coin!?
|-resisted|p2a: Coin??Coin!?
|-damage|p2a: Coin??Coin!?|9/100
|move|p2a: Coin??Coin!?|Aqua Step|p1a: Urshifu
|-resisted|p1a: Urshifu
|-damage|p1a: Urshifu|1/100
|-boost|p2a: Coin??Coin!?|spe|1
|
|-damage|p2a: Coin??Coin!?|0 fnt|[from] Salt Cure
|faint|p2a: Coin??Coin!?
|
|switch|p2a: S.Cowell|Toedscruel, M|100/100
|turn|15
|
|move|p1a: Urshifu|Aqua Jet|p2a: S.Cowell
|-damage|p2a: S.Cowell|53/100
|move|p2a: S.Cowell|Rapid Spin|p1a: Urshifu
|-damage|p1a: Urshifu|0 fnt
|-boost|p2a: S.Cowell|spe|1
|faint|p1a: Urshifu
|
|-heal|p2a: S.Cowell|59/100|[from] item: Leftovers
|
|switch|p1a: Slowking|Slowking-Galar, F|95/100
|-damage|p1a: Slowking|83/100|[from] Stealth Rock
|turn|16
|
|switch|p1a: Great Tusk|Great Tusk|100/100
|-damage|p1a: Great Tusk|98/100|[from] Stealth Rock
|move|p2a: S.Cowell|Spore|p1a: Great Tusk
|-status|p1a: Great Tusk|slp|[from] move: Spore
|
|-heal|p2a: S.Cowell|65/100|[from] item: Leftovers
|-heal|p1a: Great Tusk|100/100 slp|[from] item: Leftovers
|turn|17
|
|-end|p1a: Great Tusk|Protosynthesis|[silent]
|switch|p1a: Slowking|Slowking-Galar, F|100/100
|-damage|p1a: Slowking|88/100|[from] Stealth Rock
|move|p2a: S.Cowell|Giga Drain|p1a: Slowking
|-resisted|p1a: Slowking
|-damage|p1a: Slowking|80/100
|-heal|p2a: S.Cowell|71/100|[from] drain|[of] p1a: Slowking
|
|-heal|p2a: S.Cowell|77/100|[from] item: Leftovers
|-heal|p1a: Slowking|86/100|[from] item: Leftovers
|turn|18
|
|move|p2a: S.Cowell|Earth Power|p1a: Slowking
|-supereffective|p1a: Slowking
|-damage|p1a: Slowking|46/100
|move|p1a: Slowking|Future Sight|p2a: S.Cowell
|-start|p1a: Slowking|move: Future Sight
|
|-heal|p2a: S.Cowell|83/100|[from] item: Leftovers
|-heal|p1a: Slowking|52/100|[from] item: Leftovers
|turn|19
|
|move|p2a: S.Cowell|Earth Power|p1a: Slowking
|-supereffective|p1a: Slowking
|-damage|p1a: Slowking|15/100
|move|p1a: Slowking|Slack Off|p1a: Slowking
|-heal|p1a: Slowking|65/100
|
|-heal|p2a: S.Cowell|89/100|[from] item: Leftovers
|-heal|p1a: Slowking|71/100|[from] item: Leftovers
|turn|20
|
|switch|p2a: RIP Sia|Gholdengo|100/100
|move|p1a: Slowking|Slack Off|p1a: Slowking
|-heal|p1a: Slowking|100/100
|
|-end|p2a: RIP Sia|move: Future Sight
|-resisted|p2a: RIP Sia
|-damage|p2a: RIP Sia|73/100
|turn|21
|
|move|p2a: RIP Sia|Shadow Ball|p1a: Slowking
|-supereffective|p1a: Slowking
|-crit|p1a: Slowking
|-damage|p1a: Slowking|13/100
|move|p1a: Slowking|Chilly Reception|p1a: Slowking
|-weather|Snow
|
|switch|p1a: Great Tusk|Great Tusk|100/100 slp|[from] Chilly Reception
|-damage|p1a: Great Tusk|98/100 slp|[from] Stealth Rock
|
|-weather|Snow|[upkeep]
|-heal|p1a: Great Tusk|100/100 slp|[from] item: Leftovers
|turn|22
|
|move|p2a: RIP Sia|Shadow Ball|p1a: Great Tusk
|-damage|p1a: Great Tusk|38/100 slp
|-unboost|p1a: Great Tusk|spd|1
|cant|p1a: Great Tusk|slp
|
|-weather|Snow|[upkeep]
|-heal|p1a: Great Tusk|44/100 slp|[from] item: Leftovers
|turn|23
|
|move|p2a: RIP Sia|Shadow Ball|p1a: Great Tusk
|-damage|p1a: Great Tusk|0 fnt
|faint|p1a: Great Tusk
|-end|p1a: Great Tusk|Protosynthesis|[silent]
|
|-weather|Snow|[upkeep]
|
|switch|p1a: Slowking|Slowking-Galar, F|46/100
|-damage|p1a: Slowking|34/100|[from] Stealth Rock
|turn|24
|
|move|p2a: RIP Sia|Shadow Ball|p1a: Slowking
|-supereffective|p1a: Slowking
|-damage|p1a: Slowking|0 fnt
|faint|p1a: Slowking
|
|win|Grain2Sel
