# advantage = p2
|poke|p1|Pelipper, F|
|poke|p1|Basculegion, M|
|poke|p1|Rillaboom, M|
|poke|p1|Sneasler, M|
|poke|p1|Magearna|
|poke|p1|Great Tusk|
|poke|p2|Kleavor, M|
|poke|p2|Enamorus, F|
|poke|p2|Articuno-Galar|
|poke|p2|Lilligant-Hisui, F|
|poke|p2|Goodra-Hisui, M|
|poke|p2|Arcanine-Hisui, F|
|teampreview
|
|start
|switch|p1a: Pelipper|Pelipper, F|100/100
|switch|p2a: Anti Rotom|Arcanine-Hisui, F|100/100
|-weather|RainDance|[from] ability: Drizzle|[of] p1a: Pelipper
|turn|1
|
|switch|p1a: Great Tusk|Great Tusk|100/100
|move|p2a: Anti Rotom|Head Smash|p1a: Great Tusk
|-resisted|p1a: Great Tusk
|-damage|p1a: Great Tusk|92/100
|
|-weather|RainDance|[upkeep]
|-heal|p1a: Great Tusk|98/100|[from] item: Leftovers
|turn|2
|
|switch|p2a: El Kun|Articuno-Galar|100/100
|move|p1a: Great Tusk|Bulk Up|p1a: Great Tusk
|-boost|p1a: Great Tusk|atk|1
|-boost|p1a: Great Tusk|def|1
|
|-weather|RainDance|[upkeep]
|-heal|p1a: Great Tusk|100/100|[from] item: Leftovers
|turn|3
|
|-end|p1a: Great Tusk|Protosynthesis|[silent]
|switch|p1a: Magearna|Magearna|100/100
|move|p2a: El Kun|Tailwind|p2a: El Kun
|-sidestart|p2: p2|move: Tailwind
|
|-weather|RainDance|[upkeep]
|turn|4
|
|move|p2a: El Kun|Hurricane|p1a: Magearna
|-resisted|p1a: Magearna
|-damage|p1a: Magearna|76/100
|-start|p1a: Magearna|confusion
|-activate|p1a: Magearna|confusion
|move|p1a: Magearna|Iron Defense|p1a: Magearna
|-boost|p1a: Magearna|def|2
|
|-weather|RainDance|[upkeep]
|-heal|p1a: Magearna|82/100|[from] item: Leftovers
|turn|5
|
|switch|p2a: Viamor|Enamorus, F|100/100
|-activate|p1a: Magearna|confusion
|move|p1a: Magearna|Calm Mind|p1a: Magearna
|-boost|p1a: Magearna|spa|1
|-boost|p1a: Magearna|spd|1
|
|-weather|RainDance|[upkeep]
|-heal|p1a: Magearna|88/100|[from] item: Leftovers
|turn|6
|
|-terastallize|p2a: Viamor|Steel
|move|p2a: Viamor|Earth Power|p1a: Magearna
|-supereffective|p1a: Magearna
|-damage|p1a: Magearna|51/100
|-end|p1a: Magearna|confusion
|move|p1a: Magearna|Calm Mind|p1a: Magearna
|-boost|p1a: Magearna|spa|1
|-boost|p1a: Magearna|spd|1
|
|-weather|RainDance|[upkeep]
|-heal|p1a: Magearna|58/100|[from] item: Leftovers
|-sideend|p2: p2|move: Tailwind
|turn|7
|
|move|p2a: Viamor|Calm Mind|p2a: Viamor
|-boost|p2a: Viamor|spa|1
|-boost|p2a: Viamor|spd|1
|move|p1a: Magearna|Draining Kiss|p2a: Viamor
|-resisted|p2a: Viamor
|-damage|p2a: Viamor|73/100
|-heal|p1a: Magearna|74/100|[from] drain|[of] p2a: Viamor
|
|-weather|RainDance|[upkeep]
|-heal|p2a: Viamor|79/100|[from] item: Leftovers
|-heal|p1a: Magearna|80/100|[from] item: Leftovers
|turn|8
|
|move|p2a: Viamor|Earth Power|p1a: Magearna
|-supereffective|p1a: Magearna
|-damage|p1a: Magearna|43/100
|move|p1a: Magearna|Calm Mind|p1a: Magearna
|-boost|p1a: Magearna|spa|1
|-boost|p1a: Magearna|spd|1
|
|-weather|none
|-heal|p2a: Viamor|86/100|[from] item: Leftovers
|-heal|p1a: Magearna|49/100|[from] item: Leftovers
|turn|9
|
|move|p2a: Viamor|Calm Mind|p2a: Viamor
|-boost|p2a: Viamor|spa|1
|-boost|p2a: Viamor|spd|1
|move|p1a: Magearna|Draining Kiss|p2a: Viamor
|-resisted|p2a: Viamor
|-damage|p2a: Viamor|59/100
|-heal|p1a: Magearna|65/100|[from] drain|[of] p2a: Viamor
|
|-heal|p2a: Viamor|66/100|[from] item: Leftovers
|-heal|p1a: Magearna|71/100|[from] item: Leftovers
|turn|10
|
|move|p2a: Viamor|Mystical Fire|p1a: Magearna
|-supereffective|p1a: Magearna
|-damage|p1a: Magearna|38/100
|-unboost|p1a: Magearna|spa|1
|move|p1a: Magearna|Calm Mind|p1a: Magearna
|-boost|p1a: Magearna|spa|1
|-boost|p1a: Magearna|spd|1
|
|-heal|p2a: Viamor|72/100|[from] item: Leftovers
|-heal|p1a: Magearna|44/100|[from] item: Leftovers
|turn|11
|
|-terastallize|p1a: Magearna|Psychic
|move|p2a: Viamor|Mystical Fire|p1a: Magearna
|-damage|p1a: Magearna|30/100
|-unboost|p1a: Magearna|spa|1
|move|p1a: Magearna|Stored Power|p2a: Viamor
|-resisted|p2a: Viamor
|-damage|p2a: Viamor|0 fnt
|faint|p2a: Viamor
|-ability|p1a: Magearna|Soul-Heart|boost
|-boost|p1a: Magearna|spa|1
|
|-heal|p1a: Magearna|36/100|[from] item: Leftovers
|
|switch|p2a: The Cooler Scizor|Kleavor, M, shiny|100/100
|turn|12
|
|move|p2a: The Cooler Scizor|Stone Axe|p1a: Magearna
|-damage|p1a: Magearna|15/100
|-sidestart|p1: p1|move: Stealth Rock
|move|p1a: Magearna|Draining Kiss|p2a: The Cooler Scizor
|-damage|p2a: The Cooler Scizor|0 fnt
|-heal|p1a: Magearna|73/100|[from] drain|[of] p2a: The Cooler Scizor
|faint|p2a: The Cooler Scizor
|-ability|p1a: Magearna|Soul-Heart|boost
|-boost|p1a: Magearna|spa|1
|
|-heal|p1a: Magearna|79/100|[from] item: Leftovers
|
|switch|p2a: Dance On Em|Lilligant-Hisui, F, shiny|100/100
|turn|13
|
|move|p2a: Dance On Em|Victory Dance|p2a: Dance On Em
|-boost|p2a: Dance On Em|atk|1
|-boost|p2a: Dance On Em|def|1
|-boost|p2a: Dance On Em|spe|1
|move|p1a: Magearna|Draining Kiss|p2a: Dance On Em
|-supereffective|p2a: Dance On Em
|-damage|p2a: Dance On Em|0 fnt
|-heal|p1a: Magearna|100/100|[from] drain|[of] p2a: Dance On Em
|faint|p2a: Dance On Em
|-ability|p1a: Magearna|Soul-Heart|boost
|-boost|p1a: Magearna|spa|1
|
|
|switch|p2a: El Kun|Articuno-Galar|100/100
|turn|14
|
|move|p2a: El Kun|Shadow Ball|p1a: Magearna
|-supereffective|p1a: Magearna
|-damage|p1a: Magearna|82/100
|move|p1a: Magearna|Draining Kiss|p2a: El Kun
|-damage|p2a: El Kun|19/100
|-heal|p1a: Magearna|100/100|[from] drain|[of] p2a: El Kun
|
|turn|15
|
|move|p2a: El Kun|Shadow Ball|p1a: Magearna
|-supereffective|p1a: Magearna
|-damage|p1a: Magearna|83/100
|move|p1a: Magearna|Draining Kiss|p2a: El Kun
|-crit|p2a: El Kun
|-damage|p2a: El Kun|0 fnt
|-heal|p1a: Magearna|98/100|[from] drain|[of] p2a: El Kun
|faint|p2a: El Kun
|-ability|p1a: Magearna|Soul-Heart|boost
|-boost|p1a: Magearna|spa|1
|
|-heal|p1a: Magearna|100/100|[from] item: Leftovers
|
|switch|p2a: Shell Shocker|Goodra-Hisui, M|100/100
|turn|16
|
|move|p1a: Magearna|Stored Power|p2a: Shell Shocker
|-resisted|p2a: Shell Shocker
|-damage|p2a: Shell Shocker|0 fnt
|faint|p2a: Shell Shocker
|
|
|switch|p2a: Anti Rotom|Arcanine-Hisui, F|100/100
|turn|17
|
|move|p2a: Anti Rotom|Head Smash|p1a: Magearna
|-damage|p1a: Magearna|73/100
|move|p1a: Magearna|Stored Power|p2a: Anti Rotom
|-damage|p2a: Anti Rotom|0 fnt
|faint|p2a: Anti Rotom
|
|win|p1
