# advantage = p1
|poke|p1|Garganacl, F|
|poke|p1|Amoonguss, F|
|poke|p1|Breloom, F|
|poke|p1|Ting-Lu|
|poke|p1|Rotom-Wash|
|poke|p1|Avalugg-Hisui, M|
|poke|p2|Kleavor, M|
|poke|p2|Braviary-Hisui, M|
|poke|p2|Arcanine-Hisui, F|
|poke|p2|Urshifu-*, F|
|poke|p2|Goodra-Hisui, M|
|poke|p2|Azelf|
|teampreview
|
|start
|switch|p1a: Ting-Lu|Ting-Lu|100/100
|switch|p2a: Kleavor|Kleavor, M|100/100
|-ability|p1a: Ting-Lu|Vessel of Ruin
|turn|1
|
|move|p2a: Kleavor|Close Combat|p1a: Ting-Lu
|-supereffective|p1a: Ting-Lu
|-damage|p1a: Ting-Lu|57/100
|-unboost|p2a: Kleavor|def|1
|-unboost|p2a: Kleavor|spd|1
|move|p1a: Ting-Lu|Stealth Rock|p2a: Kleavor
|-sidestart|p2: p2|move: Stealth Rock
|
|-heal|p1a: Ting-Lu|63/100|[from] item: Leftovers
|turn|2
|
|move|p2a: Kleavor|Stone Axe|p1a: Ting-Lu
|-resisted|p1a: Ting-Lu
|-damage|p1a: Ting-Lu|50/100
|-sidestart|p1: p1|move: Stealth Rock
|move|p1a: Ting-Lu|Ruination|p2a: Kleavor
|-damage|p2a: Kleavor|51/100
|
|-heal|p1a: Ting-Lu|57/100|[from] item: Leftovers
|turn|3
|
|move|p2a: Kleavor|U-turn|p1a: Ting-Lu
|-supereffective|p1a: Ting-Lu
|-damage|p1a: Ting-Lu|17/100
|
|switch|p2a: Azelf|Azelf|100/100|[from] U-turn
|move|p1a: Ting-Lu|Whirlwind|p2a: Azelf
|drag|p2a: Braviary|Braviary-Hisui, M, shiny|100/100
|
|-heal|p1a: Ting-Lu|23/100|[from] item: Leftovers
|turn|4
|
|move|p2a: Braviary|Heat Wave|p1a: Ting-Lu
|-crit|p1a: Ting-Lu
|-damage|p1a: Ting-Lu|0 fnt
|faint|p1a: Ting-Lu
|
|
|switch|p1a: Garganacl|Garganacl, F|100/100
|-damage|p1a: Garganacl|88/100|[from] Stealth Rock
|turn|5
|
|switch|p2a: Goodra|Goodra-Hisui, M|100/100
|-damage|p2a: Goodra|94/100|[from] Stealth Rock
|move|p1a: Garganacl|Salt Cure|p2a: Goodra
|-resisted|p2a: Goodra
|-damage|p2a: Goodra|88/100
|-start|p2a: Goodra|Salt Cure
|
|-heal|p2a: Goodra|94/100|[from] item: Leftovers
|-heal|p1a: Garganacl|94/100|[from] item: Leftovers
|-damage|p2a: Goodra|69/100|[from] Salt Cure
|turn|6
|
|switch|p2a: Kleavor|Kleavor, M|51/100
|-damage|p2a: Kleavor|26/100|[from] Stealth Rock
|move|p1a: Garganacl|Protect||[still]
|-fail|p1a: Garganacl
|
|-heal|p1a: Garganacl|100/100|[from] item: Leftovers
|turn|7
|
|move|p2a: Kleavor|Close Combat|p1a: Garganacl
|-supereffective|p1a: Garganacl
|-damage|p1a: Garganacl|46/100
|-unboost|p2a: Kleavor|def|1
|-unboost|p2a: Kleavor|spd|1
|move|p1a: Garganacl|Salt Cure|p2a: Kleavor
|-supereffective|p2a: Kleavor
|-damage|p2a: Kleavor|0 fnt
|faint|p2a: Kleavor
|
|-heal|p1a: Garganacl|52/100|[from] item: Leftovers
|
|switch|p2a: Urshifu|Urshifu-Rapid-Strike, F|100/100
|-damage|p2a: Urshifu|94/100|[from] Stealth Rock
|turn|8
|
|move|p2a: Urshifu|Close Combat|p1a: Garganacl
|-supereffective|p1a: Garganacl
|-damage|p1a: Garganacl|0 fnt
|-unboost|p2a: Urshifu|def|1
|-unboost|p2a: Urshifu|spd|1
|faint|p1a: Garganacl
|
|
|switch|p1a: Rotom|Rotom-Wash|100/100
|-damage|p1a: Rotom|88/100|[from] Stealth Rock
|turn|9
|
|switch|p2a: Goodra|Goodra-Hisui, M|69/100
|-damage|p2a: Goodra|63/100|[from] Stealth Rock
|move|p1a: Rotom|Thunderbolt|p2a: Goodra
|-resisted|p2a: Goodra
|-damage|p2a: Goodra|52/100
|
|-heal|p1a: Rotom|94/100|[from] item: Leftovers
|-heal|p2a: Goodra|58/100|[from] item: Leftovers
|turn|10
|
|move|p1a: Rotom|Dark Pulse|p2a: Goodra
|-damage|p2a: Goodra|46/100
|move|p2a: Goodra|Dragon Tail|p1a: Rotom
|-damage|p1a: Rotom|73/100
|drag|p1a: Breloom|Breloom, F|100/100
|-damage|p1a: Breloom|94/100|[from] Stealth Rock
|
|-heal|p2a: Goodra|52/100|[from] item: Leftovers
|-status|p1a: Breloom|tox|[from] item: Toxic Orb
|turn|11
|
|move|p1a: Breloom|Spore|p2a: Goodra
|-status|p2a: Goodra|slp|[from] move: Spore
|cant|p2a: Goodra|slp
|
|-heal|p2a: Goodra|58/100 slp|[from] item: Leftovers
|-heal|p1a: Breloom|100/100 tox|[from] ability: Poison Heal
|turn|12
|
|move|p1a: Breloom|Leech Seed|p2a: Goodra
|-start|p2a: Goodra|move: Leech Seed
|cant|p2a: Goodra|slp
|
|-heal|p2a: Goodra|64/100 slp|[from] item: Leftovers
|-damage|p2a: Goodra|52/100 slp|[from] Leech Seed|[of] p1a: Breloom
|turn|13
|
|move|p1a: Breloom|Substitute|p1a: Breloom
|-start|p1a: Breloom|Substitute
|-damage|p1a: Breloom|76/100 tox
|cant|p2a: Goodra|slp
|
|-heal|p2a: Goodra|58/100 slp|[from] item: Leftovers
|-damage|p2a: Goodra|46/100 slp|[from] Leech Seed|[of] p1a: Breloom
|-heal|p1a: Breloom|93/100 tox|[silent]
|-heal|p1a: Breloom|100/100 tox|[from] ability: Poison Heal
|turn|14
|
|move|p1a: Breloom|Drain Punch|p2a: Goodra
|-supereffective|p2a: Goodra
|-damage|p2a: Goodra|0 fnt
|-ability|p2a: Goodra|Gooey
|-unboost|p1a: Breloom|spe|1
|faint|p2a: Goodra
|
|
|switch|p2a: Azelf|Azelf|100/100
|turn|15
|
|move|p2a: Azelf|Fire Punch|p1a: Breloom
|-supereffective|p1a: Breloom
|-end|p1a: Breloom|Substitute
|move|p1a: Breloom|Leech Seed|p2a: Azelf
|-start|p2a: Azelf|move: Leech Seed
|
|-damage|p2a: Azelf|88/100|[from] Leech Seed|[of] p1a: Breloom
|turn|16
|
|switch|p1a: Rotom|Rotom-Wash|73/100
|-damage|p1a: Rotom|60/100|[from] Stealth Rock
|move|p2a: Azelf|Thunder Wave|p1a: Rotom
|-immune|p1a: Rotom
|
|-heal|p1a: Rotom|66/100|[from] item: Leftovers
|-damage|p2a: Azelf|76/100|[from] Leech Seed|[of] p1a: Rotom
|-heal|p1a: Rotom|78/100|[silent]
|turn|17
|
|move|p2a: Azelf|Explosion|p1a: Rotom
|-damage|p1a: Rotom|0 fnt
|faint|p2a: Azelf
|faint|p1a: Rotom
|
|
|switch|p2a: Urshifu|Urshifu-Rapid-Strike, F|94/100
|switch|p1a: Avalugg|Avalugg-Hisui, M|100/100
|-damage|p2a: Urshifu|88/100|[from] Stealth Rock
|-damage|p1a: Avalugg|75/100|[from] Stealth Rock
|turn|18
|
|move|p2a: Urshifu|Close Combat|p1a: Avalugg
|-supereffective|p1a: Avalugg
|-damage|p1a: Avalugg|0 fnt
|-unboost|p2a: Urshifu|def|1
|-unboost|p2a: Urshifu|spd|1
|faint|p1a: Avalugg
|
|
|switch|p1a: Amoonguss|Amoonguss, F|100/100
|-damage|p1a: Amoonguss|88/100|[from] Stealth Rock
|turn|19
|
|-terastallize|p2a: Urshifu|Psychic
|move|p2a: Urshifu|Tera Blast|p1a: Amoonguss
|-supereffective|p1a: Amoonguss
|-damage|p1a: Amoonguss|0 fnt
|faint|p1a: Amoonguss
|
|
|switch|p1a: Breloom|Breloom, F|100/100 tox
|-damage|p1a: Breloom|94/100 tox|[from] Stealth Rock
|turn|20
|
|move|p2a: Urshifu|Tera Blast|p1a: Breloom
|-supereffective|p1a: Breloom
|-damage|p1a: Breloom|0 fnt
|faint|p1a: Breloom
|
|win|p2
