|poke|p1|Chien-Pao|
|poke|p1|Pelipper, F|
|poke|p1|Basculegion, M|
|poke|p1|Amoonguss, F|
|poke|p1|Sneasler, F|
|poke|p1|Slowking, M|
|poke|p2|Great Tusk|
|poke|p2|Magearna|
|poke|p2|Baxcalibur, F|
|poke|p2|Ursaluna, M|
|poke|p2|Zapdos|
|poke|p2|Clodsire, F|
|teampreview
|
|start
|switch|p1a: Sneasler|Sneasler, F|100/100
|switch|p2a: Zapdos|Zapdos|100/100
|turn|1
|
|move|p1a: Sneasler|Fake Out|p2a: Zapdos
|-damage|p2a: Zapdos|86/100
|cant|p2a: Zapdos|flinch
|
|turn|2
|
|move|p1a: Sneasler|Dire Claw|p2a: Zapdos
|-damage|p2a: Zapdos|44/100
|-status|p2a: Zapdos|psn
|move|p2a: Zapdos|Volt Switch|p1a: Sneasler
|-damage|p1a: Sneasler|49/100
|
|switch|p2a: Magearna|Magearna|100/100|[from] Volt Switch
|
|turn|3
|
|move|p1a: Sneasler|U-turn|p2a: Magearna
|-resisted|p2a: Magearna
|-damage|p2a: Magearna|94/100
|
|switch|p1a: Amoonguss|Amoonguss, F, shiny|100/100|[from] U-turn
|move|p2a: Magearna|Shift Gear|p2a: Magearna
|-boost|p2a: Magearna|spe|2
|-boost|p2a: Magearna|atk|1
|
|-heal|p2a: Magearna|100/100|[from] item: Leftovers
|turn|4
|
|move|p2a: Magearna|Calm Mind|p2a: Magearna
|-boost|p2a: Magearna|spa|1
|-boost|p2a: Magearna|spd|1
|move|p1a: Amoonguss|Spore|p2a: Magearna
|-status|p2a: Magearna|slp|[from] move: Spore
|
|turn|5
|
|switch|p1a: Basculegion|Basculegion, M|100/100
|cant|p2a: Magearna|slp
|
|turn|6
|
|cant|p2a: Magearna|slp
|move|p1a: Basculegion|Wave Crash|p2a: Magearna
|-damage|p2a: Magearna|0 fnt
|faint|p2a: Magearna
|-damage|p1a: Basculegion|76/100|[from] Recoil
|
|
|switch|p2a: Baxcalibur|Baxcalibur, F|100/100
|turn|7
|
|switch|p1a: Slowking|Slowking, M|100/100
|move|p2a: Baxcalibur|Dragon Dance|p2a: Baxcalibur
|-boost|p2a: Baxcalibur|atk|1
|-boost|p2a: Baxcalibur|spe|1
|
|turn|8
|
|move|p2a: Baxcalibur|Dragon Dance|p2a: Baxcalibur
|-boost|p2a: Baxcalibur|atk|1
|-boost|p2a: Baxcalibur|spe|1
|move|p1a: Slowking|Thunder Wave|p2a: Baxcalibur|[miss]
|-miss|p1a: Slowking|p2a: Baxcalibur
|
|turn|9
|
|move|p2a: Baxcalibur|Glaive Rush|p1a: Slowking
|-damage|p1a: Slowking|8/100
|-singlemove|p2a: Baxcalibur|Glaive Rush|[silent]
|move|p1a: Slowking|Thunder Wave|p2a: Baxcalibur
|-status|p2a: Baxcalibur|par
|
|turn|10
|
|move|p2a: Baxcalibur|Icicle Spear|p1a: Slowking
|-resisted|p1a: Slowking
|-damage|p1a: Slowking|0 fnt
|faint|p1a: Slowking
|-hitcount|p1: Slowking|1
|
|
|switch|p1a: Chien-Pao|Chien-Pao|100/100
|-ability|p1a: Chien-Pao|Sword of Ruin
|turn|11
|
|switch|p2a: Zapdos|Zapdos|44/100 psn
|-terastallize|p1a: Chien-Pao|Dark
|move|p1a: Chien-Pao|Crunch|p2a: Zapdos
|-damage|p2a: Zapdos|0 fnt
|faint|p2a: Zapdos
|
|-message|p2 forfeited.
|
|win|p1
