|poke|p1|Zamazenta-*|
|poke|p1|Inteleon, F|
|poke|p1|Landorus-Therian, M|
|poke|p1|Meloetta|
|poke|p1|Hydreigon, F|
|poke|p1|Urshifu-*, F|
|poke|p2|Magearna|
|poke|p2|Dondozo, M|
|poke|p2|Cinderace, F|
|poke|p2|Dragapult, M|
|poke|p2|Volcarona, F|
|poke|p2|Hatterene, F|
|teampreview
|
|start
|switch|p1a: Landorus|Landorus-Therian, M|100/100
|switch|p2a: Dragapult|Dragapult, M|100/100
|-ability|p1a: Landorus|Intimidate|boost
|-unboost|p2a: Dragapult|atk|1
|turn|1
|
|switch|p1a: Meloetta|Meloetta|100/100
|move|p2a: Dragapult|U-turn|p1a: Meloetta
|-supereffective|p1a: Meloetta
|-damage|p1a: Meloetta|64/100
|
|switch|p2a: Cinderace|Cinderace, F|100/100|[from] U-turn
|
|-heal|p1a: Meloetta|70/100|[from] item: Leftovers
|turn|2
|
|move|p2a: Cinderace|U-turn|p1a: Meloetta
|-start|p2a: Cinderace|typechange|Bug|[from] ability: Libero
|-supereffective|p1a: Meloetta
|-damage|p1a: Meloetta|0 fnt
|faint|p1a: Meloetta
|
|switch|p2a: Dragapult|Dragapult, M|100/100|[from] U-turn
|
|
|switch|p1a: Urshifu|Urshifu-Rapid-Strike, F|100/100
|turn|3
|
|switch|p1a: Inteleon|Inteleon, F|100/100
|move|p2a: Dragapult|U-turn|p1a: Inteleon
|-damage|p1a: Inteleon|57/100
|
|switch|p2a: Cinderace|Cinderace, F|100/100|[from] U-turn
|
|turn|4
|
|move|p2a: Cinderace|Sucker Punch|p1a: Inteleon
|-start|p2a: Cinderace|typechange|Dark|[from] ability: Libero
|-damage|p1a: Inteleon|1/100
|move|p1a: Inteleon|Snipe Shot|p2a: Cinderace
|-crit|p2a: Cinderace
|-damage|p2a: Cinderace|0 fnt
|faint|p2a: Cinderace
|
|
|switch|p2a: Dragapult|Dragapult, M|100/100
|turn|5
|
|switch|p1a: Zamazenta|Zamazenta-Crowned|100/100
|-ability|p1a: Zamazenta|Dauntless Shield|boost
|-boost|p1a: Zamazenta|def|1
|move|p2a: Dragapult|U-turn|p1a: Zamazenta
|-resisted|p1a: Zamazenta
|-damage|p1a: Zamazenta|98/100
|
|switch|p2a: Volcarona|Volcarona, F|100/100|[from] U-turn
|
|turn|6
|
|move|p1a: Zamazenta|Body Press|p2a: Volcarona
|-resisted|p2a: Volcarona
|-damage|p2a: Volcarona|42/100
|-status|p1a: Zamazenta|brn|[from] ability: Flame Body|[of] p2a: Volcarona
|move|p2a: Volcarona|Quiver Dance|p2a: Volcarona
|-boost|p2a: Volcarona|spa|1
|-boost|p2a: Volcarona|spd|1
|-boost|p2a: Volcarona|spe|1
|
|-damage|p1a: Zamazenta|92/100 brn|[from] brn
|turn|7
|
|move|p2a: Volcarona|Fiery Dance|p1a: Zamazenta
|-supereffective|p1a: Zamazenta
|-damage|p1a: Zamazenta|0 fnt
|-boost|p2a: Volcarona|spa|1
|faint|p1a: Zamazenta
|
|
|switch|p1a: Urshifu|Urshifu-Rapid-Strike, F|100/100
|turn|8
|
|switch|p2a: Hatterene|Hatterene, F|100/100
|move|p1a: Urshifu|Aqua Jet|p2a: Hatterene
|-damage|p2a: Hatterene|76/100
|-enditem|p2a: Hatterene|Eject Button
|
|switch|p2a: Dondozo|Dondozo, M|100/100
|
|turn|9
|
|move|p1a: Urshifu|Close Combat|p2a: Dondozo
|-damage|p2a: Dondozo|75/100
|-unboost|p1a: Urshifu|def|1
|-unboost|p1a: Urshifu|spd|1
|-damage|p1a: Urshifu|84/100|[from] item: Rocky Helmet|[of] p2a: Dondozo
|move|p2a: Dondozo|Yawn|p1a: Urshifu
|-start|p1a: Urshifu|move: Yawn|[of] p2a: Dondozo
|
|turn|10
|
|switch|p1a: Hydreigon|Hydreigon, F|100/100
|move|p2a: Dondozo|Yawn|p1a: Hydreigon
|-start|p1a: Hydreigon|move: Yawn|[of] p2a: Dondozo
|
|turn|11
|
|switch|p1a: Inteleon|Inteleon, F|1/100
|switch|p2a: Hatterene|Hatterene, F|76/100
|
|turn|12
|
|move|p1a: Inteleon|Snipe Shot|p2a: Hatterene
|-crit|p2a: Hatterene
|-damage|p2a: Hatterene|0 fnt
|faint|p2a: Hatterene
|
|
|switch|p2a: Dragapult|Dragapult, M|100/100
|turn|13
|
|switch|p1a: Landorus|Landorus-Therian, M|100/100
|-ability|p1a: Landorus|Intimidate|boost
|-unboost|p2a: Dragapult|atk|1
|move|p2a: Dragapult|Dragon Darts|p1a: Landorus
|-damage|p1a: Landorus|79/100
|-anim|p2a: Dragapult|Dragon Darts|p1a: Landorus
|-damage|p1a: Landorus|62/100
|
|turn|14
|
|move|p2a: Dragapult|Dragon Darts|p1a: Landorus
|-damage|p1a: Landorus|43/100
|-anim|p2a: Dragapult|Dragon Darts|p1a: Landorus
|-damage|p1a: Landorus|25/100
|move|p1a: Landorus|U-turn|p2a: Dragapult
|-resisted|p2a: Dragapult
|-damage|p2a: Dragapult|79/100
|
|switch|p1a: Urshifu|Urshifu-Rapid-Strike, F|84/100|[from] U-turn
|
|turn|15
|
|switch|p2a: Dondozo|Dondozo, M|75/100
|move|p1a: Urshifu|Surging Strikes|p2a: Dondozo
|-resisted|p2a: Dondozo
|-crit|p2a: Dondozo
|-damage|p2a: Dondozo|70/100
|-damage|p1a: Urshifu|68/100|[from] item: Rocky Helmet|[of] p2a: Dondozo
|-resisted|p2a: Dondozo
|-crit|p2a: Dondozo
|-damage|p2a: Dondozo|66/100
|-damage|p1a: Urshifu|51/100|[from] item: Rocky Helmet|[of] p2a: Dondozo
|-resisted|p2a: Dondozo
|-crit|p2a: Dondozo
|-damage|p2a: Dondozo|62/100
|-damage|p1a: Urshifu|35/100|[from] item: Rocky Helmet|[of] p2a: Dondozo
|-hitcount|p2a: Dondozo|3
|
|turn|16
|
|switch|p1a: Inteleon|Inteleon, F|1/100
|move|p2a: Dondozo|Yawn|p1a: Inteleon
|-start|p1a: Inteleon|move: Yawn|[of] p2a: Dondozo
|
|turn|17
|
|move|p1a: Inteleon|Air Slash|p2a: Dondozo
|-damage|p2a: Dondozo|40/100
|cant|p2a: Dondozo|flinch
|
|-end|p1a: Inteleon|move: Yawn|[silent]
|-status|p1a: Inteleon|slp
|turn|18
|
|cant|p1a: Inteleon|slp
|move|p2a: Dondozo|Body Press|p1a: Inteleon
|-damage|p1a: Inteleon|0 fnt
|faint|p1a: Inteleon
|
|
|switch|p1a: Hydreigon|Hydreigon, F|100/100
|turn|19
|
|move|p1a: Hydreigon|Dark Pulse|p2a: Dondozo
|-damage|p2a: Dondozo|0 fnt
|faint|p2a: Dondozo
|
|
|switch|p2a: Dragapult|Dragapult, M|79/100
|turn|20
|
|switch|p1a: Urshifu|Urshifu-Rapid-Strike, F|35/100
|move|p2a: Dragapult|Dragon Darts|p1a: Urshifu
|-damage|p1a: Urshifu|12/100
|-anim|p2a: Dragapult|Dragon Darts|p1a: Urshifu
|-damage|p1a: Urshifu|0 fnt
|faint|p1a: Urshifu
|
|
|switch|p1a: Landorus|Landorus-Therian, M|25/100
|-ability|p1a: Landorus|Intimidate|boost
|-unboost|p2a: Dragapult|atk|1
|turn|21
|
|switch|p1a: Hydreigon|Hydreigon, F|100/100
|move|p2a: Dragapult|Dragon Darts|p1a: Hydreigon
|-supereffective|p1a: Hydreigon
|-damage|p1a: Hydreigon|61/100
|-anim|p2a: Dragapult|Dragon Darts|p1a: Hydreigon
|-supereffective|p1a: Hydreigon
|-damage|p1a: Hydreigon|25/100
|
|turn|22
|
|move|p2a: Dragapult|Dragon Darts|p1a: Hydreigon
|-supereffective|p1a: Hydreigon
|-damage|p1a: Hydreigon|0 fnt
|faint|p1a: Hydreigon
|
|
|switch|p1a: Landorus|Landorus-Therian, M|25/100
|-ability|p1a: Landorus|Intimidate|boost
|-unboost|p2a: Dragapult|atk|1
|turn|23
|
|move|p2a: Dragapult|Dragon Darts|p1a: Landorus
|-damage|p1a: Landorus|10/100
|-anim|p2a: Dragapult|Dragon Darts|p1a: Landorus
|-damage|p1a: Landorus|0 fnt
|faint|p1a: Landorus
|
|win|SoGangsta
|n|☆Runupdoneup|runupdoneup
|n|☆SoGangsta|sogangsta
|n|*Lady Monita|ladymonita
