# advantage = p2
|poke|p1|Jolteon, F|
|poke|p1|Slowking, F|
|poke|p1|Landorus-Therian, M|
|poke|p1|Gholdengo|
|poke|p1|Lilligant-Hisui, F|
|poke|p1|Kleavor, F|
|poke|p2|Dondozo, F|
|poke|p2|Amoonguss, M|
|poke|p2|Goodra-Hisui, M|
|poke|p2|Slowking, M|
|poke|p2|Dudunsparce-*, F|
|poke|p2|Orthworm, M|
|teampreview
|
|start
|switch|p1a: Slowking|Slowking, F|100/100
|switch|p2a: Slowking|Slowking, M|100/100
|turn|1
|
|move|p1a: Slowking|Future Sight|p2a: Slowking
|-start|p1a: Slowking|move: Future Sight
|move|p2a: Slowking|Trick Room|p2a: Slowking
|-fieldstart|move: Trick Room|[of] p2a: Slowking
|
|turn|2
|
|move|p2a: Slowking|Chilly Reception|p2a: Slowking
|-weather|Snow
|
|switch|p2a: Goodra|Goodra-Hisui, M|100/100|[from] Chilly Reception
|move|p1a: Slowking|Surf|p2a: Goodra
|-resisted|p2a: Goodra
|-damage|p2a: Goodra|89/100
|
|-weather|Snow|[upkeep]
|turn|3
|
|move|p1a: Slowking|Protect|p1a: Slowking
|-singleturn|p1a: Slowking|Protect
|move|p2a: Goodra|Curse|p2a: Goodra
|-unboost|p2a: Goodra|spe|1
|-boost|p2a: Goodra|atk|1
|-boost|p2a: Goodra|def|1
|
|-weather|Snow|[upkeep]
|-end|p2a: Goodra|move: Future Sight
|-resisted|p2a: Goodra
|-damage|p2a: Goodra|73/100
|turn|4
|
|move|p2a: Goodra|Curse|p2a: Goodra
|-unboost|p2a: Goodra|spe|1
|-boost|p2a: Goodra|atk|1
|-boost|p2a: Goodra|def|1
|move|p1a: Slowking|Future Sight|p2a: Goodra
|-start|p1a: Slowking|move: Future Sight
|
|-weather|Snow|[upkeep]
|turn|5
|
|move|p2a: Goodra|Dragon Claw|p1a: Slowking
|-damage|p1a: Slowking|44/100
|move|p1a: Slowking|Chilly Reception|p1a: Slowking
|
|switch|p1a: Kleavor|Kleavor, F|100/100|[from] Chilly Reception
|
|-weather|Snow|[upkeep]
|-fieldend|move: Trick Room
|turn|6
|
|move|p1a: Kleavor|Stone Axe|p2a: Goodra
|-resisted|p2a: Goodra
|-crit|p2a: Goodra
|-damage|p2a: Goodra|40/100
|-sidestart|p2: p2|move: Stealth Rock
|-ability|p2a: Goodra|Gooey
|-unboost|p1a: Kleavor|spe|1
|move|p2a: Goodra|Dragon Claw|p1a: Kleavor
|-damage|p1a: Kleavor|35/100
|
|-weather|none
|-end|p2a: Goodra|move: Future Sight
|-resisted|p2a: Goodra
|-damage|p2a: Goodra|24/100
|turn|7
|
|move|p1a: Kleavor|X-Scissor|p2a: Goodra
|-resisted|p2a: Goodra
|-damage|p2a: Goodra|12/100
|-ability|p2a: Goodra|Gooey
|-unboost|p1a: Kleavor|spe|1
|move|p2a: Goodra|Rest|p2a: Goodra
|-status|p2a: Goodra|slp|[from] move: Rest
|-heal|p2a: Goodra|100/100 slp|[silent]
|
|turn|8
|
|move|p1a: Kleavor|Night Slash|p2a: Goodra
|-damage|p2a: Goodra|84/100 slp
|-ability|p2a: Goodra|Gooey
|-unboost|p1a: Kleavor|spe|1
|cant|p2a: Goodra|slp
|move|p2a: Goodra|Sleep Talk|p2a: Goodra
|move|p2a: Goodra|Curse|p2a: Goodra|[from]move: Sleep Talk
|-unboost|p2a: Goodra|spe|1
|-boost|p2a: Goodra|atk|1
|-boost|p2a: Goodra|def|1
|
|turn|9
|
|switch|p1a: Slowking|Slowking, F|77/100
|cant|p2a: Goodra|slp
|move|p2a: Goodra|Sleep Talk|p2a: Goodra
|move|p2a: Goodra|Rest||[from]move: Sleep Talk|[still]
|-fail|p2a: Goodra
|
|-heal|p1a: Slowking|83/100|[from] item: Leftovers
|turn|10
|
|move|p1a: Slowking|Future Sight|p2a: Goodra
|-start|p1a: Slowking|move: Future Sight
|-curestatus|p2a: Goodra|slp|[msg]
|move|p2a: Goodra|Dragon Claw|p1a: Slowking
|-damage|p1a: Slowking|7/100
|
|-heal|p1a: Slowking|13/100|[from] item: Leftovers
|turn|11
|
|move|p1a: Slowking|Surf|p2a: Goodra
|-resisted|p2a: Goodra
|-damage|p2a: Goodra|72/100
|move|p2a: Goodra|Dragon Claw|p1a: Slowking
|-damage|p1a: Slowking|0 fnt
|faint|p1a: Slowking
|
|
|switch|p1a: Jolteon|Jolteon, F|100/100
|turn|12
|
|-terastallize|p1a: Jolteon|Ice
|move|p1a: Jolteon|Tera Blast|p2a: Goodra
|-damage|p2a: Goodra|36/100
|-damage|p1a: Jolteon|91/100|[from] item: Life Orb
|move|p2a: Goodra|Dragon Claw|p1a: Jolteon
|-damage|p1a: Jolteon|0 fnt
|faint|p1a: Jolteon
|
|-end|p2a: Goodra|move: Future Sight
|-resisted|p2a: Goodra
|-damage|p2a: Goodra|22/100
|
|switch|p1a: Gholdengo|Gholdengo|100/100
|turn|13
|
|move|p1a: Gholdengo|Make It Rain|p2a: Goodra
|-resisted|p2a: Goodra
|-damage|p2a: Goodra|0 fnt
|-unboost|p1a: Gholdengo|spa|1
|faint|p2a: Goodra
|
|
|switch|p2a: Dudunsparce|Dudunsparce, F|100/100
|-damage|p2a: Dudunsparce|88/100|[from] Stealth Rock
|turn|14
|
|switch|p1a: Lilligant|Lilligant-Hisui, F|100/100
|move|p2a: Dudunsparce|Fire Blast|p1a: Lilligant
|-supereffective|p1a: Lilligant
|-damage|p1a: Lilligant|0 fnt
|faint|p1a: Lilligant
|
|-message|p1 forfeited.
|
|win|p2
