# advantage = p1
|poke|p1|Ursaluna, F|
|poke|p1|Magearna|
|poke|p1|Slowking, M|
|poke|p1|Crabominable, M|
|poke|p1|Cinderace, M|
|poke|p1|Hoopa|
|poke|p2|Magearna|
|poke|p2|Skeledirge, F|
|poke|p2|Chien-Pao|
|poke|p2|Scream Tail|
|poke|p2|Walking Wake|
|poke|p2|Azumarill, F|
|teampreview
|
|start
|switch|p1a: Hoopa|Hoopa|100/100
|switch|p2a: Scream Tail|Scream Tail|100/100
|turn|1
|
|move|p2a: Scream Tail|Light Screen|p2a: Scream Tail
|-sidestart|p2: p2|move: Light Screen
|move|p1a: Hoopa|Trick Room|p1a: Hoopa
|-fieldstart|move: Trick Room|[of] p1a: Hoopa
|
|turn|2
|
|switch|p1a: Ursaluna|Ursaluna, F|100/100
|move|p2a: Scream Tail|Reflect|p2a: Scream Tail
|-sidestart|p2: p2|Reflect
|
|-status|p1a: Ursaluna|brn|[from] item: Flame Orb
|turn|3
|
|move|p1a: Ursaluna|Swords Dance|p1a: Ursaluna
|-boost|p1a: Ursaluna|atk|2
|move|p2a: Scream Tail|Psychic Fangs|p1a: Ursaluna
|-damage|p1a: Ursaluna|84/100 brn
|
|-damage|p1a: Ursaluna|78/100 brn|[from] brn
|turn|4
|
|move|p1a: Ursaluna|Facade|p2a: Scream Tail
|-crit|p2a: Scream Tail
|-damage|p2a: Scream Tail|0 fnt
|faint|p2a: Scream Tail
|-end|p2a: Scream Tail|Protosynthesis|[silent]
|
|-damage|p1a: Ursaluna|72/100 brn|[from] brn
|
|switch|p2a: Azumarill|Azumarill, F|100/100
|turn|5
|
|-terastallize|p1a: Ursaluna|Normal
|move|p2a: Azumarill|Aqua Jet|p1a: Ursaluna
|-damage|p1a: Ursaluna|55/100 brn
|move|p1a: Ursaluna|Facade|p2a: Azumarill
|-damage|p2a: Azumarill|0 fnt
|faint|p2a: Azumarill
|
|-damage|p1a: Ursaluna|49/100 brn|[from] brn
|-fieldend|move: Trick Room
|
|switch|p2a: Walking Wake|Walking Wake|100/100
|turn|6
|
|switch|p1a: Slowking|Slowking, M|100/100
|move|p2a: Walking Wake|Hydro Steam|p1a: Slowking
|-resisted|p1a: Slowking
|-damage|p1a: Slowking|74/100
|
|turn|7
|
|-end|p2a: Walking Wake|Protosynthesis|[silent]
|switch|p2a: Magearna|Magearna|100/100
|move|p1a: Slowking|Trick Room|p1a: Slowking
|-fieldstart|move: Trick Room|[of] p1a: Slowking
|
|turn|8
|
|move|p2a: Magearna|Calm Mind|p2a: Magearna
|-boost|p2a: Magearna|spa|1
|-boost|p2a: Magearna|spd|1
|move|p1a: Slowking|Chilly Reception|p1a: Slowking
|-weather|Snow
|
|switch|p1a: Magearna|Magearna|100/100|[from] Chilly Reception
|
|-weather|Snow|[upkeep]
|-sideend|p2: p2|move: Light Screen
|turn|9
|
|move|p1a: Magearna|Encore|p2a: Magearna
|-start|p2a: Magearna|Encore
|move|p2a: Magearna|Calm Mind|p2a: Magearna
|-boost|p2a: Magearna|spa|1
|-boost|p2a: Magearna|spd|1
|
|-weather|Snow|[upkeep]
|-sideend|p2: p2|Reflect
|turn|10
|
|switch|p2a: Skeledirge|Skeledirge, F, shiny|100/100
|move|p1a: Magearna|Volt Switch|p2a: Skeledirge
|-damage|p2a: Skeledirge|82/100
|
|switch|p1a: Hoopa|Hoopa|100/100|[from] Volt Switch
|
|-weather|Snow|[upkeep]
|turn|11
|
|move|p1a: Hoopa|Shadow Ball|p2a: Skeledirge
|-supereffective|p2a: Skeledirge
|-damage|p2a: Skeledirge|15/100
|-unboost|p2a: Skeledirge|spd|1
|move|p2a: Skeledirge|Shadow Ball|p1a: Hoopa
|-supereffective|p1a: Hoopa
|-damage|p1a: Hoopa|2/100
|
|-weather|Snow|[upkeep]
|-fieldend|move: Trick Room
|turn|12
|
|switch|p1a: Cinderace|Cinderace, M|100/100
|move|p2a: Skeledirge|Torch Song|p1a: Cinderace
|-resisted|p1a: Cinderace
|-damage|p1a: Cinderace|77/100
|-boost|p2a: Skeledirge|spa|1
|
|-weather|none
|turn|13
|
|move|p1a: Cinderace|Pyro Ball|p2a: Skeledirge
|-resisted|p2a: Skeledirge
|-damage|p2a: Skeledirge|0 fnt
|faint|p2a: Skeledirge
|
|
|switch|p2a: Walking Wake|Walking Wake|100/100
|turn|14
|
|move|p1a: Cinderace|U-turn|p2a: Walking Wake
|-start|p1a: Cinderace|typechange|Bug|[from] ability: Libero
|-crit|p2a: Walking Wake
|-damage|p2a: Walking Wake|44/100
|
|switch|p1a: Slowking|Slowking, M|100/100|[from] U-turn
|move|p2a: Walking Wake|Draco Meteor|p1a: Slowking|[miss]
|-miss|p2a: Walking Wake|p1a: Slowking
|
|turn|15
|
|-end|p2a: Walking Wake|Protosynthesis|[silent]
|switch|p2a: Magearna|Magearna|100/100
|move|p1a: Slowking|Trick Room|p1a: Slowking
|-fieldstart|move: Trick Room|[of] p1a: Slowking
|
|turn|16
|
|move|p2a: Magearna|Draining Kiss|p1a: Slowking
|-damage|p1a: Slowking|78/100
|move|p1a: Slowking|Chilly Reception|p1a: Slowking
|-weather|Snow
|
|switch|p1a: Ursaluna|Ursaluna, F, tera:Normal|49/100 brn|[from] Chilly Reception
|
|-weather|Snow|[upkeep]
|-damage|p1a: Ursaluna|43/100 brn|[from] brn
|turn|17
|
|-terastallize|p2a: Magearna|Flying
|move|p1a: Ursaluna|Earthquake|p2a: Magearna
|-immune|p2a: Magearna
|move|p2a: Magearna|Draining Kiss|p1a: Ursaluna
|-damage|p1a: Ursaluna|20/100 brn
|
|-weather|Snow|[upkeep]
|-damage|p1a: Ursaluna|14/100 brn|[from] brn
|turn|18
|
|move|p1a: Ursaluna|Facade|p2a: Magearna
|-damage|p2a: Magearna|0 fnt
|faint|p2a: Magearna
|
|-weather|Snow|[upkeep]
|-damage|p1a: Ursaluna|8/100 brn|[from] brn
|-message|p2 forfeited.
|
|win|p1
