|poke|p1|Kilowattrel, M|
|poke|p1|Basculegion, M|
|poke|p1|Great Tusk|
|poke|p1|Pelipper, M|
|poke|p1|Amoonguss, F|
|poke|p1|Urshifu-*, M|
|poke|p2|Pelipper, F|
|poke|p2|Thundurus-Therian, M|
|poke|p2|Corviknight, F|
|poke|p2|Basculegion, M|
|poke|p2|Overqwil, M|
|poke|p2|Clodsire, F|
|teampreview
|
|start
|switch|p1a: Kilowattrel|Kilowattrel, M, shiny|100/100
|switch|p2a: Thundurus|Thundurus-Therian, M|100/100
|turn|1
|
|move|p2a: Thundurus|Volt Switch|p1a: Kilowattrel
|-immune|p1a: Kilowattrel|[from] ability: Volt Absorb
|move|p1a: Kilowattrel|Substitute|p1a: Kilowattrel
|-start|p1a: Kilowattrel|Substitute
|-damage|p1a: Kilowattrel|76/100
|
|turn|2
|
|switch|p2a: Clodsire|Clodsire, F|100/100
|move|p1a: Kilowattrel|Hurricane|p2a: Clodsire
|-damage|p2a: Clodsire|69/100
|
|-heal|p2a: Clodsire|76/100|[from] item: Leftovers
|turn|3
|
|move|p1a: Kilowattrel|Hurricane|p2a: Clodsire
|-damage|p2a: Clodsire|45/100
|move|p2a: Clodsire|Chilling Water|p1a: Kilowattrel
|-activate|p1a: Kilowattrel|move: Substitute|[damage]
|
|-heal|p2a: Clodsire|51/100|[from] item: Leftovers
|turn|4
|
|move|p1a: Kilowattrel|Hurricane|p2a: Clodsire
|-damage|p2a: Clodsire|25/100
|move|p2a: Clodsire|Chilling Water|p1a: Kilowattrel
|-activate|p1a: Kilowattrel|move: Substitute|[damage]
|
|-heal|p2a: Clodsire|31/100|[from] item: Leftovers
|turn|5
|
|move|p1a: Kilowattrel|Hurricane|p2a: Clodsire
|-damage|p2a: Clodsire|3/100
|move|p2a: Clodsire|Recover|p2a: Clodsire
|-heal|p2a: Clodsire|53/100
|
|-heal|p2a: Clodsire|59/100|[from] item: Leftovers
|turn|6
|
|switch|p1a: Pelipper|Pelipper, M|100/100
|-weather|RainDance|[from] ability: Drizzle|[of] p1a: Pelipper
|move|p2a: Clodsire|Recover|p2a: Clodsire
|-heal|p2a: Clodsire|100/100
|
|-weather|RainDance|[upkeep]
|turn|7
|
|move|p1a: Pelipper|Knock Off|p2a: Clodsire
|-damage|p2a: Clodsire|87/100
|-enditem|p2a: Clodsire|Leftovers|[from] move: Knock Off|[of] p1a: Pelipper
|move|p2a: Clodsire|Toxic|p1a: Pelipper
|-status|p1a: Pelipper|tox
|
|-weather|RainDance|[upkeep]
|-damage|p1a: Pelipper|94/100 tox|[from] psn
|turn|8
|
|switch|p2a: Overqwil|Overqwil, M|100/100
|move|p1a: Pelipper|Hurricane|p2a: Overqwil
|-damage|p2a: Overqwil|28/100
|
|-weather|RainDance|[upkeep]
|-damage|p1a: Pelipper|82/100 tox|[from] psn
|turn|9
|
|switch|p1a: Aimoonguss|Amoonguss, F, shiny|100/100
|move|p2a: Overqwil|Barb Barrage|p1a: Aimoonguss
|-damage|p1a: Aimoonguss|75/100
|
|-weather|RainDance|[upkeep]
|turn|10
|
|switch|p2a: Pelipper|Pelipper, F|100/100
|switch|p1a: Great Tusk|Great Tusk|100/100
|
|-weather|RainDance|[upkeep]
|turn|11
|
|-end|p1a: Great Tusk|Protosynthesis|[silent]
|switch|p1a: Pelipper|Pelipper, M|82/100 tox
|move|p2a: Pelipper|Hurricane|p1a: Pelipper
|-damage|p1a: Pelipper|35/100 tox
|
|-weather|RainDance|[upkeep]
|-damage|p1a: Pelipper|28/100 tox|[from] psn
|turn|12
|
|switch|p2a: Clodsire|Clodsire, F|87/100
|move|p1a: Pelipper|Knock Off|p2a: Clodsire
|-damage|p2a: Clodsire|77/100
|
|-weather|RainDance|[upkeep]
|-damage|p1a: Pelipper|16/100 tox|[from] psn
|turn|13
|
|move|p1a: Pelipper|Hurricane|p2a: Clodsire
|-crit|p2a: Clodsire
|-damage|p2a: Clodsire|35/100
|move|p2a: Clodsire|Chilling Water|p1a: Pelipper
|-resisted|p1a: Pelipper
|-damage|p1a: Pelipper|9/100 tox
|-unboost|p1a: Pelipper|atk|1
|
|-weather|none
|-damage|p1a: Pelipper|0 fnt|[from] psn
|faint|p1a: Pelipper
|
|switch|p1a: Basculegion|Basculegion, M|100/100
|turn|14
|
|move|p1a: Basculegion|Crunch|p2a: Clodsire
|-damage|p2a: Clodsire|0 fnt
|faint|p2a: Clodsire
|
|
|switch|p2a: Overqwil|Overqwil, M|28/100
|turn|15
|
|switch|p1a: Great Tusk|Great Tusk|100/100
|move|p2a: Overqwil|Crunch|p1a: Great Tusk
|-resisted|p1a: Great Tusk
|-crit|p1a: Great Tusk
|-damage|p1a: Great Tusk|82/100
|
|-heal|p1a: Great Tusk|88/100|[from] item: Leftovers
|turn|16
|
|switch|p2a: Pelipper|Pelipper, F|100/100
|-weather|RainDance|[from] ability: Drizzle|[of] p2a: Pelipper
|move|p1a: Great Tusk|Stealth Rock|p2a: Pelipper
|-sidestart|p2: p2|move: Stealth Rock
|
|-weather|RainDance|[upkeep]
|-heal|p1a: Great Tusk|94/100|[from] item: Leftovers
|turn|17
|
|-end|p1a: Great Tusk|Protosynthesis|[silent]
|switch|p1a: Basculegion|Basculegion, M|100/100
|move|p2a: Pelipper|Hurricane|p1a: Basculegion
|-damage|p1a: Basculegion|63/100
|
|-weather|RainDance|[upkeep]
|turn|18
|
|switch|p2a: Overqwil|Overqwil, M|28/100
|-damage|p2a: Overqwil|16/100|[from] Stealth Rock
|move|p1a: Basculegion|Wave Crash|p2a: Overqwil
|-damage|p2a: Overqwil|0 fnt
|faint|p2a: Overqwil
|-damage|p1a: Basculegion|59/100|[from] Recoil
|
|-weather|RainDance|[upkeep]
|
|switch|p2a: Basculegion|Basculegion, M|100/100
|-damage|p2a: Basculegion|88/100|[from] Stealth Rock
|turn|19
|
|switch|p1a: Aimoonguss|Amoonguss, F, shiny|100/100
|move|p2a: Basculegion|Crunch|p1a: Aimoonguss
|-damage|p1a: Aimoonguss|69/100
|-damage|p2a: Basculegion|72/100|[from] item: Rocky Helmet|[of] p1a: Aimoonguss
|
|-weather|RainDance|[upkeep]
|turn|20
|
|switch|p2a: Pelipper|Pelipper, F|100/100
|-damage|p2a: Pelipper|76/100|[from] Stealth Rock
|move|p1a: Aimoonguss|Spore|p2a: Pelipper
|-status|p2a: Pelipper|slp|[from] move: Spore
|
|-weather|RainDance|[upkeep]
|turn|21
|
|switch|p2a: Basculegion|Basculegion, M|72/100
|-damage|p2a: Basculegion|59/100|[from] Stealth Rock
|switch|p1a: Basculegion|Basculegion, M|59/100
|
|-weather|RainDance|[upkeep]
|turn|22
|
|-terastallize|p1a: Basculegion|Water
|-terastallize|p2a: Basculegion|Water
|move|p1a: Basculegion|Wave Crash|p2a: Basculegion
|-resisted|p2a: Basculegion
|-damage|p2a: Basculegion|0 fnt
|faint|p2a: Basculegion
|-damage|p1a: Basculegion|39/100|[from] Recoil
|
|-weather|RainDance|[upkeep]
|-message|p2 forfeited.
|
|win|p1
