|poke|p1|Greninja, M|
|poke|p1|Garchomp, M|
|poke|p1|Ceruledge, M|
|poke|p1|Scizor, M|
|poke|p1|Hoopa-Unbound|
|poke|p1|Dragapult, M|
|poke|p2|Torkoal, M|
|poke|p2|Walking Wake|
|poke|p2|Lilligant-Hisui, F|
|poke|p2|Sandy Shocks|
|poke|p2|Maushold|
|poke|p2|Scream Tail|
|teampreview
|
|start
|switch|p1a: Garchomp|Garchomp, M|100/100
|switch|p2a: Scream Tail|Scream Tail|100/100
|turn|1
|
|move|p2a: Scream Tail|Sunny Day|p2a: Scream Tail
|-weather|SunnyDay
|-activate|p2a: Scream Tail|ability: Protosynthesis
|-start|p2a: Scream Tail|protosynthesisspe
|move|p1a: Garchomp|Stealth Rock|p2a: Scream Tail
|-sidestart|p2: p2|move: Stealth Rock
|
|-weather|SunnyDay|[upkeep]
|turn|2
|
|move|p2a: Scream Tail|Wish|p2a: Scream Tail
|move|p1a: Garchomp|Iron Head|p2a: Scream Tail
|-supereffective|p2a: Scream Tail
|-damage|p2a: Scream Tail|39/100
|-damage|p1a: Garchomp|91/100|[from] item: Life Orb
|
|-weather|SunnyDay|[upkeep]
|turn|3
|
|-end|p2a: Scream Tail|Protosynthesis|[silent]
|switch|p2a: Walking Wake|Walking Wake|100/100
|-damage|p2a: Walking Wake|88/100|[from] Stealth Rock
|-activate|p2a: Walking Wake|ability: Protosynthesis
|-start|p2a: Walking Wake|protosynthesisspa
|switch|p1a: Scizor|Scizor, M|100/100
|
|-weather|SunnyDay|[upkeep]
|-heal|p2a: Walking Wake|100/100|[from] move: Wish|[wisher] Scream Tail
|turn|4
|
|move|p2a: Walking Wake|Flamethrower|p1a: Scizor
|-supereffective|p1a: Scizor
|-damage|p1a: Scizor|0 fnt
|faint|p1a: Scizor
|-damage|p2a: Walking Wake|91/100|[from] item: Life Orb
|
|-weather|SunnyDay|[upkeep]
|
|switch|p1a: Dragapult|Dragapult, M|100/100
|turn|5
|
|-end|p2a: Walking Wake|Protosynthesis|[silent]
|switch|p2a: Scream Tail|Scream Tail|39/100
|-damage|p2a: Scream Tail|26/100|[from] Stealth Rock
|-activate|p2a: Scream Tail|ability: Protosynthesis
|-start|p2a: Scream Tail|protosynthesisspe
|move|p1a: Dragapult|Dragon Pulse|p2a: Scream Tail
|-immune|p2a: Scream Tail
|
|-weather|SunnyDay|[upkeep]
|turn|6
|
|switch|p1a: Hoopa|Hoopa-Unbound|100/100
|move|p2a: Scream Tail|Wish|p2a: Scream Tail
|
|-weather|SunnyDay|[upkeep]
|turn|7
|
|move|p2a: Scream Tail|Dazzling Gleam|p1a: Hoopa
|-supereffective|p1a: Hoopa
|-damage|p1a: Hoopa|79/100
|move|p1a: Hoopa|Hyperspace Fury|p2a: Scream Tail
|-damage|p2a: Scream Tail|0 fnt
|-unboost|p1a: Hoopa|def|1
|faint|p2a: Scream Tail
|-end|p2a: Scream Tail|Protosynthesis|[silent]
|
|-weather|SunnyDay|[upkeep]
|
|switch|p2a: Maushold|Maushold|100/100
|-damage|p2a: Maushold|88/100|[from] Stealth Rock
|turn|8
|
|move|p2a: Maushold|Tidy Up|p2a: Maushold
|-sideend|p2: p2|Stealth Rock
|-activate|p2a: Maushold|move: Tidy Up
|-boost|p2a: Maushold|atk|1
|-boost|p2a: Maushold|spe|1
|move|p1a: Hoopa|Drain Punch|p2a: Maushold
|-supereffective|p2a: Maushold
|-damage|p2a: Maushold|0 fnt
|-heal|p1a: Hoopa|100/100|[from] drain|[of] p2a: Maushold
|faint|p2a: Maushold
|
|-weather|none
|
|switch|p2a: Torkoal|Torkoal, M|100/100
|-weather|SunnyDay|[from] ability: Drought|[of] p2a: Torkoal
|turn|9
|
|move|p1a: Hoopa|Hyperspace Fury|p2a: Torkoal
|-damage|p2a: Torkoal|68/100
|-unboost|p1a: Hoopa|def|1
|move|p2a: Torkoal|Yawn|p1a: Hoopa
|-start|p1a: Hoopa|move: Yawn|[of] p2a: Torkoal
|
|-weather|SunnyDay|[upkeep]
|turn|10
|
|switch|p1a: Dragapult|Dragapult, M|100/100
|move|p2a: Torkoal|Stealth Rock|p1a: Dragapult
|-sidestart|p1: p1|move: Stealth Rock
|
|-weather|SunnyDay|[upkeep]
|turn|11
|
|switch|p2a: Sandy Shocks|Sandy Shocks|100/100
|-activate|p2a: Sandy Shocks|ability: Protosynthesis
|-start|p2a: Sandy Shocks|protosynthesisspa
|move|p1a: Dragapult|Dragon Pulse|p2a: Sandy Shocks
|-damage|p2a: Sandy Shocks|19/100
|
|-weather|SunnyDay|[upkeep]
|turn|12
|
|move|p1a: Dragapult|Dragon Pulse|p2a: Sandy Shocks
|-damage|p2a: Sandy Shocks|0 fnt
|faint|p2a: Sandy Shocks
|-end|p2a: Sandy Shocks|Protosynthesis|[silent]
|
|-weather|SunnyDay|[upkeep]
|
|switch|p2a: Lilligant|Lilligant-Hisui, F|100/100
|turn|13
|
|move|p2a: Lilligant|Ice Spinner|p1a: Dragapult
|-supereffective|p1a: Dragapult
|-damage|p1a: Dragapult|0 fnt
|faint|p1a: Dragapult
|
|-weather|SunnyDay|[upkeep]
|
|switch|p1a: Hoopa|Hoopa-Unbound|100/100
|-damage|p1a: Hoopa|88/100|[from] Stealth Rock
|turn|14
|
|switch|p2a: Torkoal|Torkoal, M|68/100
|move|p1a: Hoopa|Psychic|p2a: Torkoal
|-damage|p2a: Torkoal|10/100
|
|-weather|SunnyDay|[upkeep]
|turn|15
|
|switch|p2a: Walking Wake|Walking Wake|91/100
|-activate|p2a: Walking Wake|ability: Protosynthesis
|-start|p2a: Walking Wake|protosynthesisspa
|move|p1a: Hoopa|Psychic|p2a: Walking Wake
|-damage|p2a: Walking Wake|40/100
|
|-weather|SunnyDay|[upkeep]
|turn|16
|
|-terastallize|p1a: Hoopa|Psychic
|move|p2a: Walking Wake|Hydro Steam|p1a: Hoopa
|-damage|p1a: Hoopa|25/100
|-damage|p2a: Walking Wake|31/100|[from] item: Life Orb
|move|p1a: Hoopa|Psychic|p2a: Walking Wake
|-damage|p2a: Walking Wake|0 fnt
|faint|p2a: Walking Wake
|-end|p2a: Walking Wake|Protosynthesis|[silent]
|
|-weather|none
|
|switch|p2a: Lilligant|Lilligant-Hisui, F|100/100
|turn|17
|
|move|p2a: Lilligant|Ice Spinner|p1a: Hoopa
|-damage|p1a: Hoopa|0 fnt
|faint|p1a: Hoopa
|
|
|switch|p1a: Ceruledge|Ceruledge, M|100/100
|-damage|p1a: Ceruledge|75/100|[from] Stealth Rock
|turn|18
|
|switch|p2a: Torkoal|Torkoal, M|10/100
|-weather|SunnyDay|[from] ability: Drought|[of] p2a: Torkoal
|move|p1a: Ceruledge|Bitter Blade|p2a: Torkoal
|-resisted|p2a: Torkoal
|-damage|p2a: Torkoal|0 fnt
|-heal|p1a: Ceruledge|81/100|[from] drain|[of] p2a: Torkoal
|faint|p2a: Torkoal
|-damage|p1a: Ceruledge|71/100|[from] item: Life Orb
|
|-weather|SunnyDay|[upkeep]
|
|switch|p2a: Lilligant|Lilligant-Hisui, F|100/100
|turn|19
|
|-terastallize|p2a: Lilligant|Grass
|move|p2a: Lilligant|Solar Blade||[still]
|-prepare|p2a: Lilligant|Solar Blade
|-anim|p2a: Lilligant|Solar Blade|p1a: Ceruledge
|-resisted|p1a: Ceruledge
|-damage|p1a: Ceruledge|0 fnt
|faint|p1a: Ceruledge
|
|-weather|SunnyDay|[upkeep]
|
|switch|p1a: Greninja|Greninja, M, shiny|100/100
|-damage|p1a: Greninja|88/100|[from] Stealth Rock
|turn|20
|
|move|p2a: Lilligant|Solar Blade||[still]
|-prepare|p2a: Lilligant|Solar Blade
|-anim|p2a: Lilligant|Solar Blade|p1a: Greninja
|-supereffective|p1a: Greninja
|-damage|p1a: Greninja|0 fnt
|faint|p1a: Greninja
|
|-weather|SunnyDay|[upkeep]
|
|switch|p1a: Garchomp|Garchomp, M|91/100
|-damage|p1a: Garchomp|85/100|[from] Stealth Rock
|turn|21
|
|move|p2a: Lilligant|Solar Blade||[still]
|-prepare|p2a: Lilligant|Solar Blade
|-anim|p2a: Lilligant|Solar Blade|p1a: Garchomp
|-damage|p1a: Garchomp|0 fnt
|-damage|p2a: Lilligant|88/100|[from] ability: Rough Skin|[of] p1a: Garchomp
|faint|p1a: Garchomp
|
|win|p2
