# advantage = p1
|poke|p1|Enamorus, F|
|poke|p1|Toxapex, M|
|poke|p1|Zamazenta-*|
|poke|p1|Typhlosion-Hisui, F|
|poke|p1|Great Tusk|
|poke|p1|Heatran, F|
|poke|p2|Magearna|
|poke|p2|Chien-Pao|
|poke|p2|Arcanine-Hisui, M|
|poke|p2|Walking Wake|
|poke|p2|Urshifu-*, M|
|poke|p2|Iron Valiant|
|teampreview
|
|start
|switch|p1a: Zulp Zicton|Heatran, F|100/100
|switch|p2a: Arcanine|Arcanine-Hisui, M|100/100
|turn|1
|
|switch|p2a: Walking Wake|Walking Wake|100/100
|move|p1a: Zulp Zicton|Stealth Rock|p2a: Walking Wake
|-sidestart|p2: p2|move: Stealth Rock
|
|turn|2
|
|switch|p1a: Zarya|Toxapex, M|100/100
|move|p2a: Walking Wake|Hydro Steam|p1a: Zarya
|-resisted|p1a: Zarya
|-crit|p1a: Zarya
|-damage|p1a: Zarya|70/100
|
|-heal|p1a: Zarya|76/100|[from] item: Black Sludge
|turn|3
|
|-end|p2a: Walking Wake|Protosynthesis|[silent]
|switch|p2a: Iron Valiant|Iron Valiant|100/100
|-damage|p2a: Iron Valiant|94/100|[from] Stealth Rock
|switch|p1a: Zerengeti|Great Tusk|100/100
|
|turn|4
|
|-end|p1a: Zerengeti|Protosynthesis|[silent]
|switch|p1a: Ice Spice|Enamorus, F|100/100
|move|p2a: Iron Valiant|Moonblast|p1a: Ice Spice
|-damage|p1a: Ice Spice|62/100
|
|turn|5
|
|-terastallize|p2a: Iron Valiant|Fairy
|move|p2a: Iron Valiant|Moonblast|p1a: Ice Spice
|-damage|p1a: Ice Spice|14/100
|move|p1a: Ice Spice|Draining Kiss|p2a: Iron Valiant
|-damage|p2a: Iron Valiant|57/100
|-heal|p1a: Ice Spice|37/100|[from] drain|[of] p2a: Iron Valiant
|
|turn|6
|
|switch|p1a: Zarya|Toxapex, M|100/100
|move|p2a: Iron Valiant|Moonblast|p1a: Zarya
|-resisted|p1a: Zarya
|-damage|p1a: Zarya|80/100
|
|-heal|p1a: Zarya|86/100|[from] item: Black Sludge
|turn|7
|
|-end|p2a: Iron Valiant|Quark Drive|[silent]
|switch|p2a: Magearna|Magearna|100/100
|-damage|p2a: Magearna|94/100|[from] Stealth Rock
|move|p1a: Zarya|Toxic|p2a: Magearna
|-immune|p2a: Magearna
|
|-heal|p2a: Magearna|100/100|[from] item: Leftovers
|-heal|p1a: Zarya|93/100|[from] item: Black Sludge
|turn|8
|
|switch|p1a: Zarnival|Typhlosion-Hisui, F|100/100
|move|p2a: Magearna|Calm Mind|p2a: Magearna
|-boost|p2a: Magearna|spa|1
|-boost|p2a: Magearna|spd|1
|
|turn|9
|
|switch|p2a: Walking Wake|Walking Wake|100/100
|-damage|p2a: Walking Wake|88/100|[from] Stealth Rock
|move|p1a: Zarnival|Eruption|p2a: Walking Wake
|-resisted|p2a: Walking Wake
|-damage|p2a: Walking Wake|67/100
|
|turn|10
|
|switch|p1a: Zarya|Toxapex, M|100/100
|move|p2a: Walking Wake|Hydro Steam|p1a: Zarya
|-resisted|p1a: Zarya
|-damage|p1a: Zarya|81/100
|
|-heal|p1a: Zarya|87/100|[from] item: Black Sludge
|turn|11
|
|move|p2a: Walking Wake|Hydro Steam|p1a: Zarya
|-resisted|p1a: Zarya
|-damage|p1a: Zarya|68/100
|move|p1a: Zarya|Toxic|p2a: Walking Wake
|-status|p2a: Walking Wake|tox
|
|-heal|p1a: Zarya|75/100|[from] item: Black Sludge
|-damage|p2a: Walking Wake|60/100 tox|[from] psn
|turn|12
|
|-end|p2a: Walking Wake|Protosynthesis|[silent]
|switch|p2a: Iron Valiant|Iron Valiant, tera:Fairy|57/100
|-damage|p2a: Iron Valiant|44/100|[from] Stealth Rock
|switch|p1a: Zullzastiff|Zamazenta-Crowned|100/100
|-ability|p1a: Zullzastiff|Dauntless Shield|boost
|-boost|p1a: Zullzastiff|def|1
|
|turn|13
|
|switch|p1a: Zarya|Toxapex, M|100/100
|move|p2a: Iron Valiant|Aura Sphere|p1a: Zarya
|-resisted|p1a: Zarya
|-damage|p1a: Zarya|87/100
|
|-heal|p1a: Zarya|93/100|[from] item: Black Sludge
|turn|14
|
|-end|p2a: Iron Valiant|Quark Drive|[silent]
|switch|p2a: Magearna|Magearna|100/100
|-damage|p2a: Magearna|94/100|[from] Stealth Rock
|move|p1a: Zarya|Surf|p2a: Magearna
|-damage|p2a: Magearna|80/100
|
|-heal|p2a: Magearna|86/100|[from] item: Leftovers
|-heal|p1a: Zarya|99/100|[from] item: Black Sludge
|turn|15
|
|switch|p2a: Walking Wake|Walking Wake|60/100 tox
|-damage|p2a: Walking Wake|48/100 tox|[from] Stealth Rock
|switch|p1a: Zarnival|Typhlosion-Hisui, F|100/100
|
|-damage|p2a: Walking Wake|42/100 tox|[from] psn
|turn|16
|
|switch|p1a: Ice Spice|Enamorus, F|37/100
|move|p2a: Walking Wake|Draco Meteor|p1a: Ice Spice
|-immune|p1a: Ice Spice
|
|-damage|p2a: Walking Wake|29/100 tox|[from] psn
|turn|17
|
|-end|p2a: Walking Wake|Protosynthesis|[silent]
|switch|p2a: Chien-Pao|Chien-Pao|100/100
|-damage|p2a: Chien-Pao|76/100|[from] Stealth Rock
|-ability|p2a: Chien-Pao|Sword of Ruin
|move|p1a: Ice Spice|Superpower|p2a: Chien-Pao
|-supereffective|p2a: Chien-Pao
|-damage|p2a: Chien-Pao|0 fnt
|-boost|p1a: Ice Spice|atk|1
|-boost|p1a: Ice Spice|def|1
|faint|p2a: Chien-Pao
|
|
|switch|p2a: Urshifu|Urshifu-Rapid-Strike, M|100/100
|-damage|p2a: Urshifu|94/100|[from] Stealth Rock
|turn|18
|
|-terastallize|p1a: Ice Spice|Fairy
|move|p2a: Urshifu|Aqua Jet|p1a: Ice Spice
|-damage|p1a: Ice Spice|18/100
|move|p1a: Ice Spice|Draining Kiss|p2a: Urshifu
|-supereffective|p2a: Urshifu
|-damage|p2a: Urshifu|0 fnt
|-heal|p1a: Ice Spice|86/100|[from] drain|[of] p2a: Urshifu
|faint|p2a: Urshifu
|
|-message|p2 forfeited.
|
|win|p1
