|poke|p1|Kingambit, M|
|poke|p1|Garchomp, F|
|poke|p1|Iron Valiant|
|poke|p1|Hydreigon, F|
|poke|p1|Azumarill, F|
|poke|p1|Amoonguss, F|
|poke|p2|Pelipper, M|
|poke|p2|Floatzel, F|
|poke|p2|Azumarill, F|
|poke|p2|Golduck, F|
|poke|p2|Pawmot, M|
|poke|p2|Toedscruel, M|
|teampreview
|
|start
|switch|p1a: Garchomp|Garchomp, F|100/100
|switch|p2a: Spaghetti Memory|Toedscruel, M|100/100
|turn|1
|
|move|p1a: Garchomp|Earthquake|p2a: Spaghetti Memory
|-resisted|p2a: Spaghetti Memory
|-damage|p2a: Spaghetti Memory|62/100
|move|p2a: Spaghetti Memory|Spikes|p1a: Garchomp
|-sidestart|p1: kaiki177|Spikes
|
|turn|2
|
|move|p1a: Garchomp|Earthquake|p2a: Spaghetti Memory
|-resisted|p2a: Spaghetti Memory
|-damage|p2a: Spaghetti Memory|25/100
|move|p2a: Spaghetti Memory|Spore|p1a: Garchomp
|-status|p1a: Garchomp|slp|[from] move: Spore
|
|turn|3
|
|switch|p2a: Ghoti carrier|Pelipper, M|100/100
|-weather|RainDance|[from] ability: Drizzle|[of] p2a: Ghoti carrier
|cant|p1a: Garchomp|slp
|
|-weather|RainDance|[upkeep]
|turn|4
|
|switch|p2a: Seaking Duck|Golduck, F|100/100
|-curestatus|p1a: Garchomp|slp|[msg]
|move|p1a: Garchomp|Draco Meteor|p2a: Seaking Duck
|-damage|p2a: Seaking Duck|29/100
|-unboost|p1a: Garchomp|spa|2
|
|-weather|RainDance|[upkeep]
|turn|5
|
|move|p2a: Seaking Duck|Ice Beam|p1a: Garchomp
|-supereffective|p1a: Garchomp
|-crit|p1a: Garchomp
|-enditem|p1a: Garchomp|Focus Sash
|-damage|p1a: Garchomp|1/100
|-damage|p2a: Seaking Duck|19/100|[from] item: Life Orb
|move|p1a: Garchomp|Earthquake|p2a: Seaking Duck
|-damage|p2a: Seaking Duck|0 fnt
|faint|p2a: Seaking Duck
|
|-weather|RainDance|[upkeep]
|
|switch|p2a: The Goat|Azumarill, F|100/100
|turn|6
|
|move|p2a: The Goat|Aqua Jet|p1a: Garchomp
|-damage|p1a: Garchomp|0 fnt
|-damage|p2a: The Goat|88/100|[from] ability: Rough Skin|[of] p1a: Garchomp
|faint|p1a: Garchomp
|
|-weather|RainDance|[upkeep]
|
|switch|p1a: Amoonguss|Amoonguss, F|100/100
|-damage|p1a: Amoonguss|88/100|[from] Spikes
|turn|7
|
|switch|p2a: Spaghetti Memory|Toedscruel, M|25/100
|move|p1a: Amoonguss|Leaf Storm|p2a: Spaghetti Memory
|-damage|p2a: Spaghetti Memory|1/100
|-unboost|p1a: Amoonguss|spa|2
|-enditem|p1a: Amoonguss|Eject Pack
|
|switch|p1a: Hydreigon|Hydreigon, F|100/100
|
|-weather|RainDance|[upkeep]
|turn|8
|
|switch|p2a: Really want eject|Pawmot, M|100/100
|move|p1a: Hydreigon|Substitute|p1a: Hydreigon
|-start|p1a: Hydreigon|Substitute
|-damage|p1a: Hydreigon|75/100
|
|-weather|RainDance|[upkeep]
|-heal|p1a: Hydreigon|82/100|[from] item: Leftovers
|turn|9
|
|move|p2a: Really want eject|Encore|p1a: Hydreigon
|-start|p1a: Hydreigon|Encore
|move|p1a: Hydreigon|Substitute|p1a: Hydreigon
|-fail|p1a: Hydreigon|move: Substitute
|
|-weather|RainDance|[upkeep]
|-heal|p1a: Hydreigon|88/100|[from] item: Leftovers
|turn|10
|
|move|p2a: Really want eject|Nuzzle|p1a: Hydreigon
|-resisted|p1a: Hydreigon
|-activate|p1a: Hydreigon|move: Substitute|[damage]
|move|p1a: Hydreigon|Substitute|p1a: Hydreigon
|-fail|p1a: Hydreigon|move: Substitute
|
|-weather|none
|-heal|p1a: Hydreigon|94/100|[from] item: Leftovers
|turn|11
|
|move|p2a: Really want eject|Revival Blessing|p2a: Really want eject
|-enditem|p2a: Really want eject|Leppa Berry|[eat]
|-activate|p2a: Really want eject|item: Leppa Berry|Revival Blessing|[consumed]
|
|-heal|p2: Seaking Duck|50/100|[from] move: Revival Blessing
|move|p1a: Hydreigon|Substitute|p1a: Hydreigon
|-fail|p1a: Hydreigon|move: Substitute
|
|-heal|p1a: Hydreigon|100/100|[from] item: Leftovers
|-end|p1a: Hydreigon|Encore
|turn|12
|
|move|p2a: Really want eject|Encore|p1a: Hydreigon
|-start|p1a: Hydreigon|Encore
|move|p1a: Hydreigon|Substitute|p1a: Hydreigon
|-fail|p1a: Hydreigon|move: Substitute
|
|turn|13
|
|switch|p2a: Ghoti carrier|Pelipper, M|100/100
|-weather|RainDance|[from] ability: Drizzle|[of] p2a: Ghoti carrier
|move|p1a: Hydreigon|Substitute|p1a: Hydreigon
|-fail|p1a: Hydreigon|move: Substitute
|
|-weather|RainDance|[upkeep]
|turn|14
|
|move|p1a: Hydreigon|Substitute|p1a: Hydreigon
|-fail|p1a: Hydreigon|move: Substitute
|move|p2a: Ghoti carrier|U-turn|p1a: Hydreigon
|-supereffective|p1a: Hydreigon
|-activate|p1a: Hydreigon|move: Substitute|[damage]
|
|switch|p2a: Really want eject|Pawmot, M|100/100|[from] U-turn
|
|-weather|RainDance|[upkeep]
|-end|p1a: Hydreigon|Encore
|turn|15
|
|move|p2a: Really want eject|Encore|p1a: Hydreigon
|-start|p1a: Hydreigon|Encore
|move|p1a: Hydreigon|Substitute|p1a: Hydreigon
|-fail|p1a: Hydreigon|move: Substitute
|
|-weather|RainDance|[upkeep]
|turn|16
|
|switch|p2a: Ghoti carrier|Pelipper, M|100/100
|move|p1a: Hydreigon|Substitute|p1a: Hydreigon
|-fail|p1a: Hydreigon|move: Substitute
|
|-weather|RainDance|[upkeep]
|turn|17
|
|move|p1a: Hydreigon|Substitute|p1a: Hydreigon
|-fail|p1a: Hydreigon|move: Substitute
|move|p2a: Ghoti carrier|U-turn|p1a: Hydreigon
|-supereffective|p1a: Hydreigon
|-end|p1a: Hydreigon|Substitute
|
|switch|p2a: The Goat|Azumarill, F|88/100|[from] U-turn
|
|-weather|RainDance|[upkeep]
|-end|p1a: Hydreigon|Encore
|turn|18
|
|switch|p1a: Amoonguss|Amoonguss, F|100/100
|-damage|p1a: Amoonguss|88/100|[from] Spikes
|move|p2a: The Goat|Play Rough|p1a: Amoonguss
|-resisted|p1a: Amoonguss
|-damage|p1a: Amoonguss|68/100
|
|-weather|RainDance|[upkeep]
|turn|19
|
|switch|p2a: Spaghetti Memory|Toedscruel, M|1/100
|move|p1a: Amoonguss|Sludge Bomb|p2a: Spaghetti Memory
|-damage|p2a: Spaghetti Memory|0 fnt
|faint|p2a: Spaghetti Memory
|
|-weather|RainDance|[upkeep]
|
|switch|p2a: BandedSkewda|Floatzel, F|100/100
|turn|20
|
|-terastallize|p2a: BandedSkewda|Water
|move|p2a: BandedSkewda|Wave Crash|p1a: Amoonguss
|-resisted|p1a: Amoonguss
|-damage|p1a: Amoonguss|5/100
|-damage|p2a: BandedSkewda|74/100|[from] Recoil
|move|p1a: Amoonguss|Leaf Storm|p2a: BandedSkewda
|-supereffective|p2a: BandedSkewda
|-damage|p2a: BandedSkewda|0 fnt
|-unboost|p1a: Amoonguss|spa|2
|faint|p2a: BandedSkewda
|
|-weather|none
|
|switch|p2a: Ghoti carrier|Pelipper, M|100/100
|-weather|RainDance|[from] ability: Drizzle|[of] p2a: Ghoti carrier
|turn|21
|
|move|p2a: Ghoti carrier|U-turn|p1a: Amoonguss
|-damage|p1a: Amoonguss|0 fnt
|faint|p1a: Amoonguss
|
|switch|p2a: Seaking Duck|Golduck, F|50/100|[from] U-turn
|
|-weather|RainDance|[upkeep]
|
|switch|p1a: Kingambit|Kingambit, M|100/100
|-damage|p1a: Kingambit|88/100|[from] Spikes
|-activate|p1a: Kingambit|ability: Supreme Overlord
|-start|p1a: Kingambit|fallen2|[silent]
|turn|22
|
|switch|p2a: Really want eject|Pawmot, M|100/100
|move|p1a: Kingambit|Sucker Punch||[still]
|-fail|p1a: Kingambit
|
|-weather|RainDance|[upkeep]
|-heal|p1a: Kingambit|94/100|[from] item: Leftovers
|turn|23
|
|-end|p1a: Kingambit|fallen2|[silent]
|switch|p1a: Azumarill|Azumarill, F|100/100
|-damage|p1a: Azumarill|88/100|[from] Spikes
|move|p2a: Really want eject|Revival Blessing|p2a: Really want eject
|
|-heal|p2: BandedSkewda|50/100|[from] move: Revival Blessing
|
|-weather|RainDance|[upkeep]
|turn|24
|
|move|p2a: Really want eject|Nuzzle|p1a: Azumarill
|-supereffective|p1a: Azumarill
|-damage|p1a: Azumarill|68/100
|-status|p1a: Azumarill|par
|move|p1a: Azumarill|Liquidation|p2a: Really want eject
|-damage|p2a: Really want eject|0 fnt
|faint|p2a: Really want eject
|
|-weather|RainDance|[upkeep]
|
|switch|p2a: The Goat|Azumarill, F|88/100
|turn|25
|
|move|p2a: The Goat|Play Rough|p1a: Azumarill
|-damage|p1a: Azumarill|4/100 par
|move|p1a: Azumarill|Liquidation|p2a: The Goat
|-resisted|p2a: The Goat
|-damage|p2a: The Goat|23/100
|-enditem|p2a: The Goat|Sitrus Berry|[eat]
|-heal|p2a: The Goat|48/100|[from] item: Sitrus Berry
|
|-weather|RainDance|[upkeep]
|turn|26
|
|move|p2a: The Goat|Aqua Jet|p1a: Azumarill
|-resisted|p1a: Azumarill
|-damage|p1a: Azumarill|0 fnt
|faint|p1a: Azumarill
|
|-weather|RainDance|[upkeep]
|
|switch|p1a: Iron Valiant|Iron Valiant|100/100
|-damage|p1a: Iron Valiant|88/100|[from] Spikes
|-enditem|p1a: Iron Valiant|Booster Energy
|-activate|p1a: Iron Valiant|ability: Quark Drive|[fromitem]
|-start|p1a: Iron Valiant|quarkdrivespe
|turn|27
|
|switch|p2a: Seaking Duck|Golduck, F|50/100
|move|p1a: Iron Valiant|Thunderbolt|p2a: Seaking Duck
|-supereffective|p2a: Seaking Duck
|-damage|p2a: Seaking Duck|0 fnt
|faint|p2a: Seaking Duck
|
|-weather|RainDance|[upkeep]
|
|switch|p2a: BandedSkewda|Floatzel, F|50/100
|turn|28
|
|move|p2a: BandedSkewda|Liquidation|p1a: Iron Valiant
|-damage|p1a: Iron Valiant|0 fnt
|faint|p1a: Iron Valiant
|-end|p1a: Iron Valiant|Quark Drive|[silent]
|
|-weather|none
|
|switch|p1a: Hydreigon|Hydreigon, F|100/100
|turn|29
|
|switch|p2a: Ghoti carrier|Pelipper, M|100/100
|-weather|RainDance|[from] ability: Drizzle|[of] p2a: Ghoti carrier
|move|p1a: Hydreigon|Dark Pulse|p2a: Ghoti carrier
|-damage|p2a: Ghoti carrier|55/100
|
|-weather|RainDance|[upkeep]
|turn|30
|
|switch|p2a: The Goat|Azumarill, F|48/100
|move|p1a: Hydreigon|Substitute|p1a: Hydreigon
|-start|p1a: Hydreigon|Substitute
|-damage|p1a: Hydreigon|75/100
|
|-weather|RainDance|[upkeep]
|-heal|p1a: Hydreigon|82/100|[from] item: Leftovers
|turn|31
|
|move|p1a: Hydreigon|Earth Power|p2a: The Goat
|-damage|p2a: The Goat|14/100
|move|p2a: The Goat|Liquidation|p1a: Hydreigon
|-resisted|p1a: Hydreigon
|-end|p1a: Hydreigon|Substitute
|
|-weather|RainDance|[upkeep]
|-heal|p1a: Hydreigon|88/100|[from] item: Leftovers
|turn|32
|
|move|p2a: The Goat|Aqua Jet|p1a: Hydreigon
|-resisted|p1a: Hydreigon
|-damage|p1a: Hydreigon|68/100
|move|p1a: Hydreigon|Substitute|p1a: Hydreigon
|-start|p1a: Hydreigon|Substitute
|-damage|p1a: Hydreigon|43/100
|
|-weather|RainDance|[upkeep]
|-heal|p1a: Hydreigon|49/100|[from] item: Leftovers
|turn|33
|
|move|p1a: Hydreigon|Earth Power|p2a: The Goat
|-damage|p2a: The Goat|0 fnt
|faint|p2a: The Goat
|
|-weather|RainDance|[upkeep]
|-heal|p1a: Hydreigon|55/100|[from] item: Leftovers
|
|switch|p2a: Ghoti carrier|Pelipper, M|55/100
|turn|34
|
|-terastallize|p1a: Hydreigon|Steel
|move|p1a: Hydreigon|Dark Pulse|p2a: Ghoti carrier
|-damage|p2a: Ghoti carrier|12/100
|move|p2a: Ghoti carrier|Roost|p2a: Ghoti carrier
|-heal|p2a: Ghoti carrier|62/100
|-singleturn|p2a: Ghoti carrier|move: Roost
|
|-weather|RainDance|[upkeep]
|-heal|p1a: Hydreigon|62/100|[from] item: Leftovers
|turn|35
|
|move|p1a: Hydreigon|Dark Pulse|p2a: Ghoti carrier
|-damage|p2a: Ghoti carrier|18/100
|move|p2a: Ghoti carrier|Roost|p2a: Ghoti carrier
|-heal|p2a: Ghoti carrier|68/100
|-singleturn|p2a: Ghoti carrier|move: Roost
|
|-weather|RainDance|[upkeep]
|-heal|p1a: Hydreigon|68/100|[from] item: Leftovers
|turn|36
|
|move|p1a: Hydreigon|Dark Pulse|p2a: Ghoti carrier
|-damage|p2a: Ghoti carrier|21/100
|cant|p2a: Ghoti carrier|flinch
|
|-weather|none
|-heal|p1a: Hydreigon|74/100|[from] item: Leftovers
|turn|37
|-message|OUDJ UU to Suspect forfeited.
|
|win|kaiki177
