|poke|p1|Hydreigon, M|
|poke|p1|Skeledirge, F|
|poke|p1|Slowking-Galar, F|
|poke|p1|Chien-Pao|
|poke|p1|Great Tusk|
|poke|p1|Tauros-Paldea-Aqua, M|
|poke|p2|Magearna|
|poke|p2|Garchomp, M|
|poke|p2|Amoonguss, M|
|poke|p2|Tornadus-Therian, M|
|poke|p2|Cinderace, M|
|poke|p2|Urshifu-*, M|
|teampreview
|
|start
|switch|p1a: Chien-Pao|Chien-Pao|100/100
|switch|p2a: Tornadus|Tornadus-Therian, M|100/100
|-ability|p1a: Chien-Pao|Sword of Ruin
|turn|1
|
|switch|p2a: Urshifu|Urshifu-Rapid-Strike, M|100/100
|move|p1a: Chien-Pao|Icicle Crash|p2a: Urshifu
|-resisted|p2a: Urshifu
|-damage|p2a: Urshifu|58/100
|
|turn|2
|
|switch|p1a: Tauros|Tauros-Paldea-Aqua, M|100/100
|-ability|p1a: Tauros|Intimidate|boost
|-unboost|p2a: Urshifu|atk|1
|switch|p2a: Tornadus|Tornadus-Therian, M|100/100
|
|turn|3
|
|move|p1a: Tauros|Protect|p1a: Tauros
|-singleturn|p1a: Tauros|Protect
|move|p2a: Tornadus|Hurricane|p1a: Tauros
|-activate|p1a: Tauros|move: Protect
|
|turn|4
|
|switch|p1a: Slowking|Slowking-Galar, F|100/100
|move|p2a: Tornadus|Hurricane|p1a: Slowking
|-damage|p1a: Slowking|66/100
|
|turn|5
|
|move|p2a: Tornadus|U-turn|p1a: Slowking
|-damage|p1a: Slowking|51/100
|
|switch|p2a: Amoonguss|Amoonguss, M|100/100|[from] U-turn
|move|p1a: Slowking|Chilly Reception|p1a: Slowking
|-weather|Snow
|
|switch|p1a: Hydreigon|Hydreigon, M|100/100|[from] Chilly Reception
|
|-weather|Snow|[upkeep]
|turn|6
|
|switch|p2a: Garchomp|Garchomp, M|100/100
|-terastallize|p1a: Hydreigon|Poison
|move|p1a: Hydreigon|Substitute|p1a: Hydreigon
|-start|p1a: Hydreigon|Substitute
|-damage|p1a: Hydreigon|76/100
|
|-weather|Snow|[upkeep]
|-heal|p1a: Hydreigon|82/100|[from] item: Leftovers
|turn|7
|
|move|p2a: Garchomp|Fire Blast|p1a: Hydreigon
|-end|p1a: Hydreigon|Substitute
|-damage|p2a: Garchomp|91/100|[from] item: Life Orb
|move|p1a: Hydreigon|Nasty Plot|p1a: Hydreigon
|-boost|p1a: Hydreigon|spa|2
|
|-weather|Snow|[upkeep]
|-heal|p1a: Hydreigon|88/100|[from] item: Leftovers
|turn|8
|
|move|p2a: Garchomp|Draco Meteor|p1a: Hydreigon
|-damage|p1a: Hydreigon|20/100
|-unboost|p2a: Garchomp|spa|2
|-damage|p2a: Garchomp|81/100|[from] item: Life Orb
|move|p1a: Hydreigon|Dark Pulse|p2a: Garchomp
|-damage|p2a: Garchomp|0 fnt
|faint|p2a: Garchomp
|
|-weather|Snow|[upkeep]
|-heal|p1a: Hydreigon|26/100|[from] item: Leftovers
|
|switch|p2a: Cinderace|Cinderace, M|100/100
|turn|9
|
|switch|p1a: Tauros|Tauros-Paldea-Aqua, M|100/100
|-ability|p1a: Tauros|Intimidate|boost
|-unboost|p2a: Cinderace|atk|1
|move|p2a: Cinderace|Pyro Ball|p1a: Tauros|[miss]
|-miss|p2a: Cinderace|p1a: Tauros
|
|-weather|none
|turn|10
|
|switch|p1a: Slowking|Slowking-Galar, F|85/100
|move|p2a: Cinderace|U-turn|p1a: Slowking
|-start|p2a: Cinderace|typechange|Bug|[from] ability: Libero
|-damage|p1a: Slowking|64/100
|
|switch|p2a: Magearna|Magearna|100/100|[from] U-turn
|
|turn|11
|
|switch|p1a: Skeledirge|Skeledirge, F|100/100
|move|p2a: Magearna|Shift Gear|p2a: Magearna
|-boost|p2a: Magearna|spe|2
|-boost|p2a: Magearna|atk|1
|
|turn|12
|
|-terastallize|p2a: Magearna|Ground
|move|p2a: Magearna|Tera Blast|p1a: Skeledirge
|-supereffective|p1a: Skeledirge
|-damage|p1a: Skeledirge|32/100
|move|p1a: Skeledirge|Will-O-Wisp|p2a: Magearna
|-status|p2a: Magearna|brn
|
|-damage|p2a: Magearna|95/100 brn|[from] brn
|turn|13
|
|switch|p1a: Tauros|Tauros-Paldea-Aqua, M|100/100
|-ability|p1a: Tauros|Intimidate|boost
|-unboost|p2a: Magearna|atk|1
|move|p2a: Magearna|Tera Blast|p1a: Tauros
|-damage|p1a: Tauros|45/100
|
|-heal|p1a: Tauros|51/100|[from] item: Leftovers
|-damage|p2a: Magearna|89/100 brn|[from] brn
|turn|14
|
|move|p1a: Tauros|Protect|p1a: Tauros
|-singleturn|p1a: Tauros|Protect
|move|p2a: Magearna|Tera Blast|p1a: Tauros
|-activate|p1a: Tauros|move: Protect
|
|-heal|p1a: Tauros|58/100|[from] item: Leftovers
|-damage|p2a: Magearna|83/100 brn|[from] brn
|turn|15
|
|move|p2a: Magearna|Thunderbolt|p1a: Tauros
|-supereffective|p1a: Tauros
|-damage|p1a: Tauros|0 fnt
|faint|p1a: Tauros
|-ability|p2a: Magearna|Soul-Heart|boost
|-boost|p2a: Magearna|spa|1
|
|-damage|p2a: Magearna|77/100 brn|[from] brn
|
|switch|p1a: Slowking|Slowking-Galar, F|97/100
|turn|16
|
|move|p2a: Magearna|Tera Blast|p1a: Slowking
|-supereffective|p1a: Slowking
|-damage|p1a: Slowking|7/100
|move|p1a: Slowking|Future Sight|p2a: Magearna
|-start|p1a: Slowking|move: Future Sight
|
|-damage|p2a: Magearna|71/100 brn|[from] brn
|turn|17
|
|switch|p1a: Skeledirge|Skeledirge, F|32/100
|move|p2a: Magearna|Ice Beam|p1a: Skeledirge
|-resisted|p1a: Skeledirge
|-damage|p1a: Skeledirge|21/100
|
|-damage|p2a: Magearna|65/100 brn|[from] brn
|turn|18
|
|move|p2a: Magearna|Thunderbolt|p1a: Skeledirge
|-damage|p1a: Skeledirge|0 fnt
|faint|p1a: Skeledirge
|-ability|p2a: Magearna|Soul-Heart|boost
|-boost|p2a: Magearna|spa|1
|
|-end|p2a: Magearna|move: Future Sight
|-damage|p2a: Magearna|18/100 brn
|-damage|p2a: Magearna|12/100 brn|[from] brn
|
|switch|p1a: Chien-Pao|Chien-Pao|100/100
|-ability|p1a: Chien-Pao|Sword of Ruin
|turn|19
|
|switch|p2a: Urshifu|Urshifu-Rapid-Strike, M|58/100
|move|p1a: Chien-Pao|Ice Shard|p2a: Urshifu
|-resisted|p2a: Urshifu
|-damage|p2a: Urshifu|40/100
|
|turn|20
|
|switch|p1a: Slowking|Slowking-Galar, F|41/100
|move|p2a: Urshifu|Surging Strikes|p1a: Slowking
|-crit|p1a: Slowking
|-damage|p1a: Slowking|21/100
|-crit|p1a: Slowking
|-damage|p1a: Slowking|0 fnt
|faint|p1a: Slowking
|-hitcount|p1: Slowking|2
|
|
|switch|p1a: Hydreigon|Hydreigon, M, tera:Poison|26/100
|turn|21
|
|move|p2a: Urshifu|Aqua Jet|p1a: Hydreigon
|-damage|p1a: Hydreigon|1/100
|move|p1a: Hydreigon|Earth Power|p2a: Urshifu
|-damage|p2a: Urshifu|0 fnt
|faint|p2a: Urshifu
|
|-heal|p1a: Hydreigon|8/100|[from] item: Leftovers
|
|switch|p2a: Cinderace|Cinderace, M|100/100
|turn|22
|
|switch|p1a: Great Tusk|Great Tusk|100/100
|move|p2a: Cinderace|U-turn|p1a: Great Tusk
|-start|p2a: Cinderace|typechange|Bug|[from] ability: Libero
|-resisted|p1a: Great Tusk
|-damage|p1a: Great Tusk|88/100
|
|switch|p2a: Tornadus|Tornadus-Therian, M|100/100|[from] U-turn
|
|-heal|p1a: Great Tusk|95/100|[from] item: Leftovers
|turn|23
|
|-end|p1a: Great Tusk|Protosynthesis|[silent]
|switch|p1a: Hydreigon|Hydreigon, M, tera:Poison|8/100
|move|p2a: Tornadus|Hurricane|p1a: Hydreigon
|-damage|p1a: Hydreigon|0 fnt
|faint|p1a: Hydreigon
|
|
|switch|p1a: Chien-Pao|Chien-Pao|100/100
|-ability|p1a: Chien-Pao|Sword of Ruin
|turn|24
|
|switch|p2a: Magearna|Magearna, tera:Ground|12/100 brn
|move|p1a: Chien-Pao|Icicle Crash|p2a: Magearna
|-supereffective|p2a: Magearna
|-damage|p2a: Magearna|0 fnt
|faint|p2a: Magearna
|
|
|switch|p2a: Cinderace|Cinderace, M|100/100
|turn|25
|
|switch|p1a: Great Tusk|Great Tusk|95/100
|move|p2a: Cinderace|Pyro Ball|p1a: Great Tusk
|-damage|p1a: Great Tusk|50/100
|
|-heal|p1a: Great Tusk|56/100|[from] item: Leftovers
|turn|26
|
|move|p2a: Cinderace|U-turn|p1a: Great Tusk
|-start|p2a: Cinderace|typechange|Bug|[from] ability: Libero
|-resisted|p1a: Great Tusk
|-damage|p1a: Great Tusk|45/100
|
|switch|p2a: Tornadus|Tornadus-Therian, M|100/100|[from] U-turn
|move|p1a: Great Tusk|Rapid Spin|p2a: Tornadus
|-damage|p2a: Tornadus|78/100
|-boost|p1a: Great Tusk|spe|1
|
|-heal|p1a: Great Tusk|51/100|[from] item: Leftovers
|turn|27
|
|move|p1a: Great Tusk|Knock Off|p2a: Tornadus
|-crit|p2a: Tornadus
|-damage|p2a: Tornadus|4/100
|-enditem|p2a: Tornadus|Heavy-Duty Boots|[from] move: Knock Off|[of] p1a: Great Tusk
|move|p2a: Tornadus|Heat Wave|p1a: Great Tusk
|-damage|p1a: Great Tusk|5/100
|
|-heal|p1a: Great Tusk|11/100|[from] item: Leftovers
|turn|28
|
|move|p1a: Great Tusk|Rapid Spin|p2a: Tornadus
|-damage|p2a: Tornadus|0 fnt
|-boost|p1a: Great Tusk|spe|1
|faint|p2a: Tornadus
|
|-heal|p1a: Great Tusk|17/100|[from] item: Leftovers
|
|switch|p2a: Amoonguss|Amoonguss, M|100/100
|turn|29
|
|move|p1a: Great Tusk|Headlong Rush|p2a: Amoonguss
|-damage|p2a: Amoonguss|28/100
|-unboost|p1a: Great Tusk|def|1
|-unboost|p1a: Great Tusk|spd|1
|move|p2a: Amoonguss|Spore|p1a: Great Tusk
|-status|p1a: Great Tusk|slp|[from] move: Spore
|
|-heal|p1a: Great Tusk|23/100 slp|[from] item: Leftovers
|-heal|p2a: Amoonguss|35/100|[from] item: Leftovers
|turn|30
|
|cant|p1a: Great Tusk|slp
|move|p2a: Amoonguss|Giga Drain|p1a: Great Tusk
|-supereffective|p1a: Great Tusk
|-damage|p1a: Great Tusk|0 fnt
|-heal|p2a: Amoonguss|44/100|[from] drain|[of] p1a: Great Tusk
|faint|p1a: Great Tusk
|-end|p1a: Great Tusk|Protosynthesis|[silent]
|
|-heal|p2a: Amoonguss|51/100|[from] item: Leftovers
|
|switch|p1a: Chien-Pao|Chien-Pao|100/100
|-ability|p1a: Chien-Pao|Sword of Ruin
|turn|31
|
|move|p1a: Chien-Pao|Crunch|p2a: Amoonguss
|-damage|p2a: Amoonguss|0 fnt
|faint|p2a: Amoonguss
|
|
|switch|p2a: Cinderace|Cinderace, M|100/100
|turn|32
|
|move|p1a: Chien-Pao|Crunch|p2a: Cinderace
|-damage|p2a: Cinderace|0 fnt
|faint|p2a: Cinderace
|
|win|p1
