|poke|p1|Ursaluna, M|
|poke|p1|Dragapult, M|
|poke|p1|Sneasler, M|
|poke|p1|Magearna|
|poke|p1|Volcarona, M|
|poke|p1|Zamazenta-*|
|poke|p2|Spidops, F|
|poke|p2|Arcanine-Hisui, M|
|poke|p2|Gholdengo|
|poke|p2|Decidueye-Hisui, F|
|poke|p2|Chien-Pao|
|poke|p2|Iron Valiant|
|teampreview
|
|start
|switch|p1a: Magearna|Magearna|100/100
|switch|p2a: Slow|Spidops, F|100/100
|turn|1
|
|move|p1a: Magearna|Shift Gear|p1a: Magearna
|-boost|p1a: Magearna|spe|2
|-boost|p1a: Magearna|atk|1
|move|p2a: Slow|Sticky Web|p1a: Magearna
|-sidestart|p1: p1|move: Sticky Web
|
|turn|2
|
|move|p1a: Magearna|Calm Mind|p1a: Magearna
|-boost|p1a: Magearna|spa|1
|-boost|p1a: Magearna|spd|1
|move|p2a: Slow|Taunt|p1a: Magearna
|-start|p1a: Magearna|move: Taunt
|
|turn|3
|
|move|p1a: Magearna|Stored Power|p2a: Slow
|-crit|p2a: Slow
|-enditem|p2a: Slow|Focus Sash
|-damage|p2a: Slow|1/100
|move|p2a: Slow|Spikes|p1a: Magearna
|-sidestart|p1: p1|Spikes
|
|turn|4
|
|move|p1a: Magearna|Stored Power|p2a: Slow
|-damage|p2a: Slow|0 fnt
|faint|p2a: Slow
|-ability|p1a: Magearna|Soul-Heart|boost
|-boost|p1a: Magearna|spa|1
|
|
|switch|p2a: This is Elon musk|Gholdengo|100/100
|turn|5
|
|move|p1a: Magearna|Stored Power|p2a: This is Elon musk
|-resisted|p2a: This is Elon musk
|-damage|p2a: This is Elon musk|48/100
|move|p2a: This is Elon musk|Thunder Wave|p1a: Magearna
|-status|p1a: Magearna|par
|
|-end|p1a: Magearna|move: Taunt
|turn|6
|
|move|p2a: This is Elon musk|Recover|p2a: This is Elon musk
|-heal|p2a: This is Elon musk|98/100
|cant|p1a: Magearna|par
|
|turn|7
|
|move|p2a: This is Elon musk|Shadow Ball|p1a: Magearna
|-damage|p1a: Magearna|74/100 par
|move|p1a: Magearna|Shift Gear|p1a: Magearna
|-boost|p1a: Magearna|spe|2
|-boost|p1a: Magearna|atk|1
|
|-heal|p1a: Magearna|81/100 par|[from] item: Leftovers
|turn|8
|
|move|p1a: Magearna|Shift Gear|p1a: Magearna
|-boost|p1a: Magearna|spe|2
|-boost|p1a: Magearna|atk|1
|move|p2a: This is Elon musk|Make It Rain|p1a: Magearna
|-damage|p1a: Magearna|40/100 par
|-unboost|p2a: This is Elon musk|spa|1
|
|-heal|p1a: Magearna|46/100 par|[from] item: Leftovers
|turn|9
|
|move|p1a: Magearna|Stored Power|p2a: This is Elon musk
|-resisted|p2a: This is Elon musk
|-damage|p2a: This is Elon musk|0 fnt
|faint|p2a: This is Elon musk
|-ability|p1a: Magearna|Soul-Heart|boost
|-boost|p1a: Magearna|spa|1
|
|-heal|p1a: Magearna|53/100 par|[from] item: Leftovers
|
|switch|p2a: Chien-Pao|Chien-Pao|100/100
|-ability|p2a: Chien-Pao|Sword of Ruin
|turn|10
|
|move|p1a: Magearna|Draining Kiss|p2a: Chien-Pao
|-supereffective|p2a: Chien-Pao
|-damage|p2a: Chien-Pao|0 fnt
|-heal|p1a: Magearna|100/100 par|[from] drain|[of] p2a: Chien-Pao
|faint|p2a: Chien-Pao
|-ability|p1a: Magearna|Soul-Heart|boost
|-boost|p1a: Magearna|spa|1
|
|
|switch|p2a: Arcanine-Kanto|Arcanine-Hisui, M, shiny|100/100
|turn|11
|
|-terastallize|p2a: Arcanine-Kanto|Fire
|move|p1a: Magearna|Stored Power|p2a: Arcanine-Kanto
|-damage|p2a: Arcanine-Kanto|0 fnt
|faint|p2a: Arcanine-Kanto
|-ability|p1a: Magearna|Soul-Heart|boost
|-boost|p1a: Magearna|spa|1
|
|
|switch|p2a: Hey guys|Iron Valiant|100/100
|turn|12
|
|move|p1a: Magearna|Draining Kiss|p2a: Hey guys
|-supereffective|p2a: Hey guys
|-crit|p2a: Hey guys
|-damage|p2a: Hey guys|0 fnt
|faint|p2a: Hey guys
|-ability|p1a: Magearna|Soul-Heart|boost
|-boost|p1a: Magearna|spa|1
|-end|p2a: Hey guys|Quark Drive|[silent]
|
|
|switch|p2a: Decidueye-Kanto|Decidueye-Hisui, F, shiny|100/100
|turn|13
|
|cant|p1a: Magearna|par
|move|p2a: Decidueye-Kanto|Triple Arrows|p1a: Magearna
|-damage|p1a: Magearna|58/100 par
|-unboost|p1a: Magearna|def|1
|
|-heal|p1a: Magearna|65/100 par|[from] item: Leftovers
|turn|14
|
|move|p1a: Magearna|Stored Power|p2a: Decidueye-Kanto
|-supereffective|p2a: Decidueye-Kanto
|-damage|p2a: Decidueye-Kanto|0 fnt
|faint|p2a: Decidueye-Kanto
|
|win|p1
