# advantage = p1
|poke|p1|Meowscarada, F|
|poke|p1|Garganacl, F|
|poke|p1|Garchomp, M|
|poke|p1|Gholdengo|
|poke|p1|Kingambit, M|
|poke|p1|Volcarona, F|
|poke|p2|Kingambit, F|
|poke|p2|Garchomp, M|
|poke|p2|Iron Valiant|
|poke|p2|Hydreigon, F|
|poke|p2|Azumarill, F|
|poke|p2|Amoonguss, M|
|teampreview
|
|start
|switch|p1a: MatchupQueen|Meowscarada, F|100/100
|switch|p2a: Garchomp|Garchomp, M|100/100
|turn|1
|
|move|p1a: MatchupQueen|Knock Off|p2a: Garchomp
|-damage|p2a: Garchomp|47/100
|-damage|p1a: MatchupQueen|88/100|[from] ability: Rough Skin|[of] p2a: Garchomp
|-enditem|p2a: Garchomp|Focus Sash|[from] move: Knock Off|[of] p1a: MatchupQueen
|move|p2a: Garchomp|Earthquake|p1a: MatchupQueen
|-resisted|p1a: MatchupQueen
|-damage|p1a: MatchupQueen|43/100
|
|turn|2
|
|move|p1a: MatchupQueen|Flower Trick|p2a: Garchomp
|-crit|p2a: Garchomp
|-damage|p2a: Garchomp|0 fnt
|faint|p2a: Garchomp
|
|
|switch|p2a: Iron Valiant|Iron Valiant|100/100
|-enditem|p2a: Iron Valiant|Booster Energy
|-activate|p2a: Iron Valiant|ability: Quark Drive|[fromitem]
|-start|p2a: Iron Valiant|quarkdrivespe
|turn|3
|
|move|p2a: Iron Valiant|Moonblast|p1a: MatchupQueen
|-supereffective|p1a: MatchupQueen
|-damage|p1a: MatchupQueen|0 fnt
|faint|p1a: MatchupQueen
|
|
|switch|p1a: Gholdengo|Gholdengo|100/100
|turn|4
|
|-end|p2a: Iron Valiant|Quark Drive|[silent]
|switch|p2a: Kingambit|Kingambit, F|100/100
|-activate|p2a: Kingambit|ability: Supreme Overlord
|-start|p2a: Kingambit|fallen1|[silent]
|move|p1a: Gholdengo|Make It Rain|p2a: Kingambit
|-resisted|p2a: Kingambit
|-damage|p2a: Kingambit|71/100
|-unboost|p1a: Gholdengo|spa|1
|
|-heal|p2a: Kingambit|77/100|[from] item: Leftovers
|turn|5
|
|switch|p1a: Garchomp|Garchomp, M|100/100
|move|p2a: Kingambit|Swords Dance|p2a: Kingambit
|-boost|p2a: Kingambit|atk|2
|
|-heal|p2a: Kingambit|83/100|[from] item: Leftovers
|turn|6
|
|-terastallize|p2a: Kingambit|Flying
|move|p2a: Kingambit|Kowtow Cleave|p1a: Garchomp
|-damage|p1a: Garchomp|33/100
|-damage|p2a: Kingambit|71/100|[from] ability: Rough Skin|[of] p1a: Garchomp
|-damage|p2a: Kingambit|54/100|[from] item: Rocky Helmet|[of] p1a: Garchomp
|move|p1a: Garchomp|Dragon Tail|p2a: Kingambit
|-crit|p2a: Kingambit
|-damage|p2a: Kingambit|23/100
|-end|p2a: Kingambit|fallen1|[silent]
|drag|p2a: Iron Valiant|Iron Valiant|100/100
|
|turn|7
|
|switch|p1a: Gholdengo|Gholdengo|100/100
|move|p2a: Iron Valiant|Moonblast|p1a: Gholdengo
|-resisted|p1a: Gholdengo
|-damage|p1a: Gholdengo|73/100
|
|turn|8
|
|-end|p2a: Iron Valiant|Quark Drive|[silent]
|switch|p2a: Kingambit|Kingambit, F, tera:Flying|23/100
|-activate|p2a: Kingambit|ability: Supreme Overlord
|-start|p2a: Kingambit|fallen1|[silent]
|move|p1a: Gholdengo|Make It Rain|p2a: Kingambit
|-damage|p2a: Kingambit|0 fnt
|-unboost|p1a: Gholdengo|spa|1
|faint|p2a: Kingambit
|-end|p2a: Kingambit|fallen1|[silent]
|
|
|switch|p2a: Hydreigon|Hydreigon, F|100/100
|turn|9
|
|switch|p1a: Kingambit|Kingambit, M|100/100
|-activate|p1a: Kingambit|ability: Supreme Overlord
|-start|p1a: Kingambit|fallen1|[silent]
|move|p2a: Hydreigon|Dark Pulse|p1a: Kingambit
|-resisted|p1a: Kingambit
|-damage|p1a: Kingambit|78/100
|
|-heal|p1a: Kingambit|85/100|[from] item: Leftovers
|turn|10
|
|move|p2a: Hydreigon|Nasty Plot|p2a: Hydreigon
|-boost|p2a: Hydreigon|spa|2
|move|p1a: Kingambit|Iron Head|p2a: Hydreigon
|-damage|p2a: Hydreigon|49/100
|
|-heal|p2a: Hydreigon|56/100|[from] item: Leftovers
|-heal|p1a: Kingambit|91/100|[from] item: Leftovers
|turn|11
|
|-terastallize|p1a: Kingambit|Flying
|move|p2a: Hydreigon|Earth Power|p1a: Kingambit
|-immune|p1a: Kingambit
|move|p1a: Kingambit|Iron Head|p2a: Hydreigon
|-damage|p2a: Hydreigon|6/100
|
|-heal|p2a: Hydreigon|12/100|[from] item: Leftovers
|-heal|p1a: Kingambit|97/100|[from] item: Leftovers
|turn|12
|
|move|p1a: Kingambit|Sucker Punch||[still]
|-fail|p1a: Kingambit
|move|p2a: Hydreigon|Nasty Plot|p2a: Hydreigon
|-boost|p2a: Hydreigon|spa|2
|
|-heal|p2a: Hydreigon|19/100|[from] item: Leftovers
|-heal|p1a: Kingambit|100/100|[from] item: Leftovers
|turn|13
|
|move|p1a: Kingambit|Sucker Punch|p2a: Hydreigon
|-resisted|p2a: Hydreigon
|-damage|p2a: Hydreigon|0 fnt
|faint|p2a: Hydreigon
|
|
|switch|p2a: Azumarill|Azumarill, F|100/100
|turn|14
|
|move|p2a: Azumarill|Ice Spinner|p1a: Kingambit
|-supereffective|p1a: Kingambit
|-damage|p1a: Kingambit|15/100
|move|p1a: Kingambit|Iron Head|p2a: Azumarill
|-damage|p2a: Azumarill|44/100
|
|-heal|p1a: Kingambit|22/100|[from] item: Leftovers
|turn|15
|
|-end|p1a: Kingambit|fallen1|[silent]
|switch|p1a: Garchomp|Garchomp, M|33/100
|move|p2a: Azumarill|Ice Spinner|p1a: Garchomp
|-supereffective|p1a: Garchomp
|-damage|p1a: Garchomp|0 fnt
|-damage|p2a: Azumarill|32/100|[from] ability: Rough Skin|[of] p1a: Garchomp
|-damage|p2a: Azumarill|15/100|[from] item: Rocky Helmet|[of] p1a: Garchomp
|faint|p1a: Garchomp
|
|
|switch|p1a: Gholdengo|Gholdengo|73/100
|turn|16
|
|switch|p2a: Amoonguss|Amoonguss, M|100/100
|move|p1a: Gholdengo|Make It Rain|p2a: Amoonguss
|-damage|p2a: Amoonguss|42/100
|-unboost|p1a: Gholdengo|spa|1
|
|turn|17
|
|move|p1a: Gholdengo|Make It Rain|p2a: Amoonguss
|-damage|p2a: Amoonguss|2/100
|-unboost|p1a: Gholdengo|spa|1
|move|p2a: Amoonguss|Leaf Storm|p1a: Gholdengo|[miss]
|-miss|p2a: Amoonguss|p1a: Gholdengo
|
|turn|18
|
|move|p1a: Gholdengo|Make It Rain|p2a: Amoonguss
|-damage|p2a: Amoonguss|0 fnt
|-unboost|p1a: Gholdengo|spa|1
|faint|p2a: Amoonguss
|
|
|switch|p2a: Iron Valiant|Iron Valiant|100/100
|turn|19
|
|switch|p1a: Volcarona|Volcarona, F|100/100
|move|p2a: Iron Valiant|Shadow Ball|p1a: Volcarona
|-damage|p1a: Volcarona|76/100
|
|turn|20
|
|move|p2a: Iron Valiant|Shadow Ball|p1a: Volcarona
|-damage|p1a: Volcarona|53/100
|move|p1a: Volcarona|Flamethrower|p2a: Iron Valiant
|-damage|p2a: Iron Valiant|25/100
|
|turn|21
|
|move|p2a: Iron Valiant|Thunderbolt|p1a: Volcarona
|-damage|p1a: Volcarona|26/100
|move|p1a: Volcarona|Flamethrower|p2a: Iron Valiant
|-damage|p2a: Iron Valiant|0 fnt
|faint|p2a: Iron Valiant
|-end|p2a: Iron Valiant|Quark Drive|[silent]
|
|
|switch|p2a: Azumarill|Azumarill, F|15/100
|turn|22
|
|move|p2a: Azumarill|Aqua Jet|p1a: Volcarona
|-supereffective|p1a: Volcarona
|-damage|p1a: Volcarona|0 fnt
|faint|p1a: Volcarona
|
|
|switch|p1a: Gholdengo|Gholdengo|73/100
|turn|23
|
|move|p2a: Azumarill|Aqua Jet|p1a: Gholdengo
|-damage|p1a: Gholdengo|28/100
|move|p1a: Gholdengo|Make It Rain|p2a: Azumarill
|-damage|p2a: Azumarill|0 fnt
|-unboost|p1a: Gholdengo|spa|1
|faint|p2a: Azumarill
|
|win|p1
