|poke|p1|Grafaiai, M|
|poke|p1|Frogadier, M|
|poke|p1|Jolteon, F|
|poke|p1|Gardevoir, F|
|poke|p1|Annihilape, F|
|poke|p1|Iron Treads|
|poke|p2|Azumarill, F|
|poke|p2|Dragapult, F|
|poke|p2|Scizor, F|
|poke|p2|Grimmsnarl, M|
|poke|p2|Arboliva, F|
|poke|p2|Espathra, F|
|teampreview
|
|start
|switch|p1a: Latenna|Frogadier, M, shiny|100/100
|switch|p2a: Embezzlement|Espathra, F|100/100
|-item|p1a: Latenna|Focus Sash|[from] ability: Frisk|[of] p2a: Embezzlement|[identify]
|turn|1
|n| Agency Pyramids|luckylucas
|
|move|p1a: Latenna|Toxic Spikes|p2a: Embezzlement
|-start|p1a: Latenna|typechange|Poison|[from] ability: Protean
|-sidestart|p2: AnorLondoAzus|move: Toxic Spikes
|move|p2a: Embezzlement|U-turn|p1a: Latenna
|-resisted|p1a: Latenna
|-damage|p1a: Latenna|89/100
|
|switch|p2a: Domestic Violence|Scizor, F|100/100|[from] U-turn
|
|turn|2
|n|☆AnorLondoAzus|anorlondoazus
|
|switch|p1a: Gurranq|Annihilape, F|100/100
|move|p2a: Domestic Violence|Defog|p1a: Gurranq
|-unboost|p1a: Gurranq|evasion|1
|-ability|p1a: Gurranq|Defiant|boost
|-boost|p1a: Gurranq|atk|2
|-sideend|p2: AnorLondoAzus|Toxic Spikes|[from] move: Defog|[of] p2a: Domestic Violence
|
|turn|3
|
|switch|p2a: Drug Trafficking|Arboliva, F|100/100
|move|p1a: Gurranq|Shadow Claw|p2a: Drug Trafficking
|-immune|p2a: Drug Trafficking
|
|turn|4
|
|move|p1a: Gurranq|Shadow Claw|p2a: Drug Trafficking
|-immune|p2a: Drug Trafficking
|move|p2a: Drug Trafficking|Encore|p1a: Gurranq
|-start|p1a: Gurranq|Encore
|
|turn|5
|
|switch|p1a: Rennala|Gardevoir, F, shiny|100/100
|-ability|p1a: Rennala|Seed Sower|[from] ability: Trace|[of] p2a: Drug Trafficking
|move|p2a: Drug Trafficking|Leech Seed|p1a: Rennala
|-start|p1a: Rennala|move: Leech Seed
|
|-damage|p1a: Rennala|88/100|[from] Leech Seed|[of] p2a: Drug Trafficking
|turn|6
|
|move|p1a: Rennala|Moonblast|p2a: Drug Trafficking
|-damage|p2a: Drug Trafficking|60/100
|-fieldstart|move: Grassy Terrain|[from] ability: Seed Sower|[of] p2a: Drug Trafficking
|move|p2a: Drug Trafficking|Giga Drain|p1a: Rennala
|-damage|p1a: Rennala|39/100
|-heal|p2a: Drug Trafficking|79/100|[from] drain|[of] p1a: Rennala
|
|-heal|p1a: Rennala|46/100|[from] Grassy Terrain
|-heal|p2a: Drug Trafficking|85/100|[from] Grassy Terrain
|-damage|p1a: Rennala|33/100|[from] Leech Seed|[of] p2a: Drug Trafficking
|-heal|p2a: Drug Trafficking|95/100|[silent]
|turn|7
|
|switch|p1a: Vyke|Jolteon, F|100/100
|move|p2a: Drug Trafficking|Leech Seed|p1a: Vyke
|-start|p1a: Vyke|move: Leech Seed
|
|-heal|p2a: Drug Trafficking|100/100|[from] Grassy Terrain
|-damage|p1a: Vyke|88/100|[from] Leech Seed|[of] p2a: Drug Trafficking
|-status|p1a: Vyke|brn|[from] item: Flame Orb
|turn|8
|
|move|p1a: Vyke|Wish|p1a: Vyke
|move|p2a: Drug Trafficking|Giga Drain|p1a: Vyke
|-damage|p1a: Vyke|35/100 brn
|
|-heal|p1a: Vyke|41/100 brn|[from] Grassy Terrain
|-damage|p1a: Vyke|28/100 brn|[from] Leech Seed|[of] p2a: Drug Trafficking
|-damage|p1a: Vyke|22/100 brn|[from] brn
|turn|9
|
|move|p1a: Vyke|Volt Switch|p2a: Drug Trafficking
|-resisted|p2a: Drug Trafficking
|-damage|p2a: Drug Trafficking|85/100
|
|switch|p1a: Three Fingers|Grafaiai, M|100/100|[from] Volt Switch
|move|p2a: Drug Trafficking|Leech Seed|p1a: Three Fingers
|-start|p1a: Three Fingers|move: Leech Seed
|
|-heal|p2a: Drug Trafficking|92/100|[from] Grassy Terrain
|-damage|p1a: Three Fingers|88/100|[from] Leech Seed|[of] p2a: Drug Trafficking
|-heal|p2a: Drug Trafficking|100/100|[silent]
|turn|10
|
|switch|p2a: Tax Fraud|Grimmsnarl, M|100/100
|move|p1a: Three Fingers|Encore||[still]
|-fail|p1a: Three Fingers
|
|-heal|p1a: Three Fingers|94/100|[from] Grassy Terrain
|-heal|p1a: Three Fingers|99/100|[from] item: Black Sludge
|-damage|p1a: Three Fingers|88/100|[from] Leech Seed|[of] p2a: Tax Fraud
|-fieldend|move: Grassy Terrain
|turn|11
|
|move|p2a: Tax Fraud|Reflect|p2a: Tax Fraud
|-sidestart|p2: AnorLondoAzus|Reflect
|move|p1a: Three Fingers|Switcheroo|p2a: Tax Fraud
|-activate|p1a: Three Fingers|move: Trick|[of] p2a: Tax Fraud
|-item|p2a: Tax Fraud|Black Sludge|[from] move: Switcheroo
|-item|p1a: Three Fingers|Light Clay|[from] move: Switcheroo
|
|-damage|p2a: Tax Fraud|88/100|[from] item: Black Sludge
|-damage|p1a: Three Fingers|76/100|[from] Leech Seed|[of] p2a: Tax Fraud
|-heal|p2a: Tax Fraud|98/100|[silent]
|turn|12
|
|switch|p1a: Latenna|Frogadier, M, shiny|89/100
|move|p2a: Tax Fraud|Light Screen|p2a: Tax Fraud
|-sidestart|p2: AnorLondoAzus|move: Light Screen
|
|-damage|p2a: Tax Fraud|86/100|[from] item: Black Sludge
|turn|13
|
|move|p2a: Tax Fraud|Parting Shot|p1a: Latenna
|-unboost|p1a: Latenna|atk|1
|-unboost|p1a: Latenna|spa|1
|
|switch|p2a: Cyberbullying|Dragapult, F|100/100|[from] Parting Shot
|move|p1a: Latenna|Toxic Spikes|p2a: Cyberbullying
|-start|p1a: Latenna|typechange|Poison|[from] ability: Protean
|-sidestart|p2: AnorLondoAzus|move: Toxic Spikes
|
|turn|14
|
|move|p2a: Cyberbullying|U-turn|p1a: Latenna
|-resisted|p1a: Latenna
|-damage|p1a: Latenna|69/100
|
|switch|p2a: Domestic Violence|Scizor, F|100/100|[from] U-turn
|move|p1a: Latenna|Ice Beam|p2a: Domestic Violence
|-resisted|p2a: Domestic Violence
|-damage|p2a: Domestic Violence|96/100
|
|turn|15
|
|switch|p1a: Rennala|Gardevoir, F, shiny|33/100
|-ability|p1a: Rennala|Technician|[from] ability: Trace|[of] p2a: Domestic Violence
|move|p2a: Domestic Violence|Defog|p1a: Rennala
|-unboost|p1a: Rennala|evasion|1
|-sideend|p2: AnorLondoAzus|Toxic Spikes|[from] move: Defog|[of] p2a: Domestic Violence
|
|turn|16
|
|move|p2a: Domestic Violence|Bullet Punch|p1a: Rennala
|-supereffective|p1a: Rennala
|-damage|p1a: Rennala|0 fnt
|faint|p1a: Rennala
|
|-sideend|p2: AnorLondoAzus|move: Light Screen
|
|switch|p1a: Rollo|Iron Treads|100/100
|turn|17
|
|switch|p2a: Drug Trafficking|Arboliva, F|100/100
|move|p1a: Rollo|Volt Switch|p2a: Drug Trafficking
|-resisted|p2a: Drug Trafficking
|-damage|p2a: Drug Trafficking|95/100
|-fieldstart|move: Grassy Terrain|[from] ability: Seed Sower|[of] p2a: Drug Trafficking
|
|-end|p1a: Rollo|Quark Drive|[silent]
|switch|p1a: Three Fingers|Grafaiai, M|76/100|[from] Volt Switch
|
|-heal|p1a: Three Fingers|82/100|[from] Grassy Terrain
|-heal|p2a: Drug Trafficking|100/100|[from] Grassy Terrain
|turn|18
|
|switch|p2a: Tax Fraud|Grimmsnarl, M|86/100
|move|p1a: Three Fingers|Gunk Shot|p2a: Tax Fraud
|-supereffective|p2a: Tax Fraud
|-damage|p2a: Tax Fraud|41/100
|-status|p2a: Tax Fraud|psn
|
|-heal|p1a: Three Fingers|88/100|[from] Grassy Terrain
|-heal|p2a: Tax Fraud|47/100 psn|[from] Grassy Terrain
|-damage|p2a: Tax Fraud|34/100 psn|[from] item: Black Sludge
|-damage|p2a: Tax Fraud|22/100 psn|[from] psn
|-sideend|p2: AnorLondoAzus|Reflect
|turn|19
|
|move|p2a: Tax Fraud|Parting Shot|p1a: Three Fingers
|-unboost|p1a: Three Fingers|atk|1
|-unboost|p1a: Three Fingers|spa|1
|
|switch|p2a: Domestic Violence|Scizor, F|96/100|[from] Parting Shot
|move|p1a: Three Fingers|Switcheroo|p2a: Domestic Violence
|-activate|p1a: Three Fingers|move: Trick|[of] p2a: Domestic Violence
|-item|p2a: Domestic Violence|Light Clay|[from] move: Switcheroo
|-item|p1a: Three Fingers|Heavy-Duty Boots|[from] move: Switcheroo
|
|-heal|p1a: Three Fingers|94/100|[from] Grassy Terrain
|-heal|p2a: Domestic Violence|100/100|[from] Grassy Terrain
|turn|20
|
|move|p1a: Three Fingers|Gunk Shot|p2a: Domestic Violence
|-immune|p2a: Domestic Violence
|move|p2a: Domestic Violence|Close Combat|p1a: Three Fingers
|-damage|p1a: Three Fingers|31/100
|-unboost|p2a: Domestic Violence|def|1
|-unboost|p2a: Domestic Violence|spd|1
|
|-heal|p1a: Three Fingers|37/100|[from] Grassy Terrain
|turn|21
|
|move|p1a: Three Fingers|Encore|p2a: Domestic Violence
|-start|p2a: Domestic Violence|Encore
|move|p2a: Domestic Violence|Close Combat|p1a: Three Fingers
|-damage|p1a: Three Fingers|0 fnt
|-unboost|p2a: Domestic Violence|def|1
|-unboost|p2a: Domestic Violence|spd|1
|faint|p1a: Three Fingers
|
|-fieldend|move: Grassy Terrain
|
|switch|p1a: Latenna|Frogadier, M, shiny|69/100
|turn|22
|
|switch|p2a: Aggravated Assault|Azumarill, F|100/100
|move|p1a: Latenna|Toxic Spikes|p2a: Aggravated Assault
|-start|p1a: Latenna|typechange|Poison|[from] ability: Protean
|-sidestart|p2: AnorLondoAzus|move: Toxic Spikes
|
|turn|23
|
|switch|p1a: Gurranq|Annihilape, F|100/100
|move|p2a: Aggravated Assault|Liquidation|p1a: Gurranq
|-damage|p1a: Gurranq|63/100
|
|turn|24
|
|move|p1a: Gurranq|Bulk Up|p1a: Gurranq
|-boost|p1a: Gurranq|atk|1
|-boost|p1a: Gurranq|def|1
|move|p2a: Aggravated Assault|Play Rough|p1a: Gurranq
|-supereffective|p1a: Gurranq
|-damage|p1a: Gurranq|10/100
|
|turn|25
|
|-terastallize|p1a: Gurranq|Fairy
|move|p2a: Aggravated Assault|Aqua Jet|p1a: Gurranq
|-damage|p1a: Gurranq|0 fnt
|faint|p1a: Gurranq
|
|
|switch|p1a: Latenna|Frogadier, M, shiny|69/100
|turn|26
|
|move|p1a: Latenna|Ice Beam|p2a: Aggravated Assault
|-start|p1a: Latenna|typechange|Ice|[from] ability: Protean
|-resisted|p2a: Aggravated Assault
|-damage|p2a: Aggravated Assault|89/100
|move|p2a: Aggravated Assault|Liquidation|p1a: Latenna
|-damage|p1a: Latenna|0 fnt
|faint|p1a: Latenna
|
|
|switch|p1a: Rollo|Iron Treads|100/100
|turn|27
|
|move|p1a: Rollo|Volt Switch|p2a: Aggravated Assault
|-supereffective|p2a: Aggravated Assault
|-damage|p2a: Aggravated Assault|75/100
|
|-end|p1a: Rollo|Quark Drive|[silent]
|switch|p1a: Vyke|Jolteon, F|22/100 brn|[from] Volt Switch
|move|p2a: Aggravated Assault|Liquidation|p1a: Vyke
|-damage|p1a: Vyke|0 fnt
|faint|p1a: Vyke
|
|
|switch|p1a: Rollo|Iron Treads|100/100
|turn|28
|
|move|p1a: Rollo|Iron Head|p2a: Aggravated Assault
|-damage|p2a: Aggravated Assault|42/100
|move|p2a: Aggravated Assault|Liquidation|p1a: Rollo
|-supereffective|p1a: Rollo
|-crit|p1a: Rollo
|-damage|p1a: Rollo|0 fnt
|faint|p1a: Rollo
|-end|p1a: Rollo|Quark Drive|[silent]
|
|win|AnorLondoAzus
