|poke|p1|Pelipper, M|
|poke|p1|Basculegion, M|
|poke|p1|Urshifu-*, M|
|poke|p1|Chien-Pao|
|poke|p1|Mudsdale, M|
|poke|p1|Corviknight, F|
|poke|p2|Articuno-Galar|
|poke|p2|Muk-Alola, F|
|poke|p2|Typhlosion-Hisui, M|
|poke|p2|Heatran, M|
|poke|p2|Kleavor, M|
|poke|p2|Corviknight, F|
|teampreview
|
|start
|switch|p1a: Pelipper|Pelipper, M|100/100
|switch|p2a: Articuno|Articuno-Galar, shiny|100/100
|-weather|RainDance|[from] ability: Drizzle|[of] p1a: Pelipper
|turn|1
|
|move|p2a: Articuno|Agility|p2a: Articuno
|-boost|p2a: Articuno|spe|2
|move|p1a: Pelipper|U-turn|p2a: Articuno
|-damage|p2a: Articuno|88/100
|
|switch|p1a: Chien-Pao|Chien-Pao|100/100|[from] U-turn
|-ability|p1a: Chien-Pao|Sword of Ruin
|
|-weather|RainDance|[upkeep]
|turn|2
|
|-terastallize|p2a: Articuno|Fighting
|move|p1a: Chien-Pao|Ice Shard|p2a: Articuno
|-damage|p2a: Articuno|41/100
|-damage|p1a: Chien-Pao|91/100|[from] item: Life Orb
|move|p2a: Articuno|Tera Blast|p1a: Chien-Pao
|-supereffective|p1a: Chien-Pao
|-damage|p1a: Chien-Pao|0 fnt
|faint|p1a: Chien-Pao
|
|-weather|RainDance|[upkeep]
|
|switch|p1a: MF GOKU|Urshifu-Rapid-Strike, M|100/100
|turn|3
|
|move|p2a: Articuno|Freezing Glare|p1a: MF GOKU
|-supereffective|p1a: MF GOKU
|-crit|p1a: MF GOKU
|-enditem|p1a: MF GOKU|Focus Sash
|-damage|p1a: MF GOKU|1/100
|move|p1a: MF GOKU|Surging Strikes|p2a: Articuno
|-crit|p2a: Articuno
|-damage|p2a: Articuno|3/100
|-crit|p2a: Articuno
|-damage|p2a: Articuno|0 fnt
|faint|p2a: Articuno
|-hitcount|p2: Articuno|2
|
|-weather|RainDance|[upkeep]
|
|switch|p2a: Corviknight|Corviknight, F|100/100
|-ability|p2a: Corviknight|Pressure
|turn|4
|
|move|p1a: MF GOKU|Thunder Punch|p2a: Corviknight
|-supereffective|p2a: Corviknight
|-damage|p2a: Corviknight|71/100
|move|p2a: Corviknight|U-turn|p1a: MF GOKU
|-resisted|p1a: MF GOKU
|-damage|p1a: MF GOKU|0 fnt
|faint|p1a: MF GOKU
|
|switch|p2a: Kleavor|Kleavor, M|100/100|[from] U-turn
|
|-weather|RainDance|[upkeep]
|
|switch|p1a: WHEN ITS GONE|Basculegion, M|100/100
|turn|5
|
|-terastallize|p1a: WHEN ITS GONE|Water
|move|p1a: WHEN ITS GONE|Liquidation|p2a: Kleavor
|-supereffective|p2a: Kleavor
|-damage|p2a: Kleavor|0 fnt
|faint|p2a: Kleavor
|
|-weather|RainDance|[upkeep]
|
|switch|p2a: Corviknight|Corviknight, F|71/100
|-ability|p2a: Corviknight|Pressure
|turn|6
|
|move|p1a: WHEN ITS GONE|Liquidation|p2a: Corviknight
|-crit|p2a: Corviknight
|-damage|p2a: Corviknight|0 fnt
|faint|p2a: Corviknight
|
|-weather|RainDance|[upkeep]
|
|switch|p2a: Muk|Muk-Alola, F|100/100
|turn|7
|
|move|p1a: WHEN ITS GONE|Liquidation|p2a: Muk
|-damage|p2a: Muk|0 fnt
|faint|p2a: Muk
|
|-weather|RainDance|[upkeep]
|
|switch|p2a: Typhlosion|Typhlosion-Hisui, M|100/100
|turn|8
|
|switch|p2a: Heatran|Heatran, M|100/100
|-item|p2a: Heatran|Air Balloon
|move|p1a: WHEN ITS GONE|Liquidation|p2a: Heatran
|-supereffective|p2a: Heatran
|-damage|p2a: Heatran|0 fnt
|-enditem|p2a: Heatran|Air Balloon
|faint|p2a: Heatran
|
|-weather|none
|
|switch|p2a: Typhlosion|Typhlosion-Hisui, M|100/100
|turn|9
|
|switch|p1a: Pelipper|Pelipper, M|100/100
|-weather|RainDance|[from] ability: Drizzle|[of] p1a: Pelipper
|move|p2a: Typhlosion|Shadow Ball|p1a: Pelipper
|-damage|p1a: Pelipper|44/100
|-unboost|p1a: Pelipper|spd|1
|
|-weather|RainDance|[upkeep]
|turn|10
|
|move|p2a: Typhlosion|Shadow Ball|p1a: Pelipper
|-damage|p1a: Pelipper|0 fnt
|faint|p1a: Pelipper
|
|-weather|RainDance|[upkeep]
|
|switch|p1a: WHEN ITS GONE|Basculegion, M, tera:Water|100/100
|turn|11
|
|move|p1a: WHEN ITS GONE|Wave Crash|p2a: Typhlosion
|-supereffective|p2a: Typhlosion
|-damage|p2a: Typhlosion|0 fnt
|faint|p2a: Typhlosion
|-damage|p1a: WHEN ITS GONE|76/100|[from] Recoil
|
|win|p1
