|poke|p1|Samurott-Hisui, M|
|poke|p1|Dragapult, M|
|poke|p1|Sneasler, M|
|poke|p1|Magearna|
|poke|p1|Volcarona, M|
|poke|p1|Zamazenta-*|
|poke|p2|Dragapult, M|
|poke|p2|Azumarill, F|
|poke|p2|Great Tusk|
|poke|p2|Heatran, M|
|poke|p2|Sneasler, M|
|poke|p2|Magearna|
|teampreview
|
|start
|switch|p1a: Samurott|Samurott-Hisui, M, shiny|100/100
|switch|p2a: Azumarill|Azumarill, F|100/100
|turn|1
|
|move|p1a: Samurott|Ceaseless Edge|p2a: Azumarill
|-resisted|p2a: Azumarill
|-damage|p2a: Azumarill|76/100
|-sidestart|p2: Fun trading|Spikes
|move|p2a: Azumarill|Play Rough|p1a: Samurott|[miss]
|-miss|p2a: Azumarill|p1a: Samurott
|
|turn|2
|
|move|p1a: Samurott|Ceaseless Edge|p2a: Azumarill
|-resisted|p2a: Azumarill
|-damage|p2a: Azumarill|50/100
|-sidestart|p2: Fun trading|Spikes
|-enditem|p2a: Azumarill|Sitrus Berry|[eat]
|-heal|p2a: Azumarill|75/100|[from] item: Sitrus Berry
|move|p2a: Azumarill|Play Rough|p1a: Samurott
|-supereffective|p1a: Samurott
|-enditem|p1a: Samurott|Focus Sash
|-damage|p1a: Samurott|1/100
|
|turn|3
|
|switch|p1a: Dragapult|Dragapult, M|100/100
|move|p2a: Azumarill|Aqua Jet|p1a: Dragapult
|-resisted|p1a: Dragapult
|-damage|p1a: Dragapult|87/100
|-start|p2a: Azumarill|Disable|Aqua Jet|[from] ability: Cursed Body|[of] p1a: Dragapult
|
|turn|4
|
|move|p1a: Dragapult|Reflect|p1a: Dragapult
|-sidestart|p1: Dr. Drake6782|Reflect
|move|p2a: Azumarill|Play Rough|p1a: Dragapult
|-supereffective|p1a: Dragapult
|-damage|p1a: Dragapult|27/100
|
|turn|5
|
|move|p1a: Dragapult|Light Screen|p1a: Dragapult
|-sidestart|p1: Dr. Drake6782|move: Light Screen
|move|p2a: Azumarill|Play Rough|p1a: Dragapult
|-supereffective|p1a: Dragapult
|-damage|p1a: Dragapult|0 fnt
|faint|p1a: Dragapult
|
|
|switch|p1a: Sneasler|Sneasler, M|100/100
|-item|p1a: Sneasler|Air Balloon
|turn|6
|
|switch|p2a: Dragapult|Dragapult, M|100/100
|move|p1a: Sneasler|Swords Dance|p1a: Sneasler
|-boost|p1a: Sneasler|atk|2
|
|turn|7
|
|move|p2a: Dragapult|Will-O-Wisp|p1a: Sneasler
|-status|p1a: Sneasler|brn
|move|p1a: Sneasler|Swords Dance|p1a: Sneasler
|-boost|p1a: Sneasler|atk|2
|
|-damage|p1a: Sneasler|94/100 brn|[from] brn
|turn|8
|
|switch|p2a: Sneasler|Sneasler, M|100/100
|-item|p2a: Sneasler|Air Balloon
|move|p1a: Sneasler|Swords Dance|p1a: Sneasler
|-boost|p1a: Sneasler|atk|2
|
|-damage|p1a: Sneasler|88/100 brn|[from] brn
|turn|9
|
|move|p1a: Sneasler|Acrobatics|p2a: Sneasler
|-supereffective|p2a: Sneasler
|-damage|p2a: Sneasler|0 fnt
|-enditem|p2a: Sneasler|Air Balloon
|faint|p2a: Sneasler
|
|-damage|p1a: Sneasler|82/100 brn|[from] brn
|
|switch|p2a: Dragapult|Dragapult, M|100/100
|turn|10
|
|move|p2a: Dragapult|Draco Meteor|p1a: Sneasler
|-damage|p1a: Sneasler|11/100 brn
|-unboost|p2a: Dragapult|spa|2
|-enditem|p1a: Sneasler|Air Balloon
|move|p1a: Sneasler|Acrobatics|p2a: Dragapult
|-damage|p2a: Dragapult|0 fnt
|faint|p2a: Dragapult
|
|-damage|p1a: Sneasler|5/100 brn|[from] brn
|
|switch|p2a: Azumarill|Azumarill, F|75/100
|-damage|p2a: Azumarill|59/100|[from] Spikes
|turn|11
|
|move|p2a: Azumarill|Aqua Jet|p1a: Sneasler
|-damage|p1a: Sneasler|0 fnt
|faint|p1a: Sneasler
|
|-sideend|p1: Dr. Drake6782|Reflect
|
|switch|p1a: Zamazenta|Zamazenta-Crowned, shiny|100/100
|-ability|p1a: Zamazenta|Dauntless Shield|boost
|-boost|p1a: Zamazenta|def|1
|turn|12
|
|switch|p2a: Great Tusk|Great Tusk|100/100
|-damage|p2a: Great Tusk|84/100|[from] Spikes
|move|p1a: Zamazenta|Iron Defense|p1a: Zamazenta
|-boost|p1a: Zamazenta|def|2
|
|-sideend|p1: Dr. Drake6782|move: Light Screen
|turn|13
|
|move|p1a: Zamazenta|Iron Defense|p1a: Zamazenta
|-boost|p1a: Zamazenta|def|2
|move|p2a: Great Tusk|Rapid Spin|p1a: Zamazenta
|-resisted|p1a: Zamazenta
|-damage|p1a: Zamazenta|99/100
|-boost|p2a: Great Tusk|spe|1
|-sideend|p2: Fun trading|Spikes|[from] move: Rapid Spin|[of] p2a: Great Tusk
|
|turn|14
|
|move|p1a: Zamazenta|Iron Defense|p1a: Zamazenta
|-boost|p1a: Zamazenta|def|1
|move|p2a: Great Tusk|Headlong Rush|p1a: Zamazenta
|-supereffective|p1a: Zamazenta
|-damage|p1a: Zamazenta|73/100
|-unboost|p2a: Great Tusk|def|1
|-unboost|p2a: Great Tusk|spd|1
|
|turn|15
|
|move|p1a: Zamazenta|Body Press|p2a: Great Tusk
|-damage|p2a: Great Tusk|0 fnt
|faint|p2a: Great Tusk
|-end|p2a: Great Tusk|Protosynthesis|[silent]
|
|
|switch|p2a: Heatran|Heatran, M|100/100
|turn|16
|
|-terastallize|p2a: Heatran|Grass
|move|p1a: Zamazenta|Body Press|p2a: Heatran
|-damage|p2a: Heatran|0 fnt
|faint|p2a: Heatran
|
|-message|Fun trading forfeited.
|
|win|Dr. Drake6782
