# advantage = p1
|poke|p1|Corviknight, M|
|poke|p1|Skeledirge, M|
|poke|p1|Ting-Lu|
|poke|p1|Magearna|
|poke|p1|Zapdos|
|poke|p1|Blissey, F|
|poke|p2|Ursaluna, F|
|poke|p2|Rillaboom, F|
|poke|p2|Toxapex, M|
|poke|p2|Diancie|
|poke|p2|Dragapult, F|
|poke|p2|Iron Treads|
|teampreview
|
|start
|switch|p1a: Blissey|Blissey, F|100/100
|switch|p2a: Rillaboom|Rillaboom, F|100/100
|-fieldstart|move: Grassy Terrain|[from] ability: Grassy Surge|[of] p2a: Rillaboom
|turn|1
|
|switch|p1a: Skeledirge|Skeledirge, M|100/100
|move|p2a: Rillaboom|Knock Off|p1a: Skeledirge
|-supereffective|p1a: Skeledirge
|-damage|p1a: Skeledirge|58/100
|-enditem|p1a: Skeledirge|Heavy-Duty Boots|[from] move: Knock Off|[of] p2a: Rillaboom
|
|-heal|p1a: Skeledirge|64/100|[from] Grassy Terrain
|turn|2
|
|switch|p2a: Toxapex|Toxapex, M|100/100
|move|p1a: Skeledirge|Slack Off|p1a: Skeledirge
|-heal|p1a: Skeledirge|100/100
|
|turn|3
|
|move|p1a: Skeledirge|Will-O-Wisp|p2a: Toxapex
|-status|p2a: Toxapex|brn
|move|p2a: Toxapex|Toxic|p1a: Skeledirge
|-status|p1a: Skeledirge|tox
|
|-damage|p1a: Skeledirge|94/100 tox|[from] psn
|-damage|p2a: Toxapex|95/100 brn|[from] brn
|turn|4
|
|switch|p1a: Zapdos|Zapdos|100/100
|-ability|p1a: Zapdos|Pressure
|move|p2a: Toxapex|Chilling Water|p1a: Zapdos
|-damage|p1a: Zapdos|90/100
|-unboost|p1a: Zapdos|atk|1
|
|-heal|p2a: Toxapex|100/100 brn|[from] Grassy Terrain
|-damage|p2a: Toxapex|95/100 brn|[from] brn
|turn|5
|
|switch|p1a: Corviknight|Corviknight, M|100/100
|-ability|p1a: Corviknight|Pressure
|switch|p2a: Iron Treads|Iron Treads|100/100
|
|turn|6
|
|move|p2a: Iron Treads|Knock Off|p1a: Corviknight
|-damage|p1a: Corviknight|83/100
|-enditem|p1a: Corviknight|Leftovers|[from] move: Knock Off|[of] p2a: Iron Treads
|move|p1a: Corviknight|Body Press|p2a: Iron Treads
|-supereffective|p2a: Iron Treads
|-damage|p2a: Iron Treads|51/100
|
|-heal|p2a: Iron Treads|57/100|[from] Grassy Terrain
|-heal|p2a: Iron Treads|63/100|[from] item: Leftovers
|turn|7
|
|move|p2a: Iron Treads|Ice Spinner|p1a: Corviknight
|-damage|p1a: Corviknight|69/100
|-fieldend|move: Grassy Terrain
|move|p1a: Corviknight|U-turn|p2a: Iron Treads
|-resisted|p2a: Iron Treads
|-damage|p2a: Iron Treads|57/100
|
|switch|p1a: Ting-Lu|Ting-Lu|100/100|[from] U-turn
|-ability|p1a: Ting-Lu|Vessel of Ruin
|
|-heal|p2a: Iron Treads|63/100|[from] item: Leftovers
|turn|8
|
|move|p2a: Iron Treads|Ice Spinner|p1a: Ting-Lu
|-supereffective|p1a: Ting-Lu
|-damage|p1a: Ting-Lu|72/100
|move|p1a: Ting-Lu|Spikes|p2a: Iron Treads
|-sidestart|p2: p2|Spikes
|
|-heal|p2a: Iron Treads|69/100|[from] item: Leftovers
|-heal|p1a: Ting-Lu|79/100|[from] item: Leftovers
|turn|9
|
|-end|p2a: Iron Treads|Quark Drive|[silent]
|switch|p2a: Rillaboom|Rillaboom, F|100/100
|-damage|p2a: Rillaboom|88/100|[from] Spikes
|-fieldstart|move: Grassy Terrain|[from] ability: Grassy Surge|[of] p2a: Rillaboom
|move|p1a: Ting-Lu|Earthquake|p2a: Rillaboom
|-resisted|p2a: Rillaboom
|-damage|p2a: Rillaboom|80/100
|
|-heal|p2a: Rillaboom|86/100|[from] Grassy Terrain
|-heal|p1a: Ting-Lu|85/100|[from] Grassy Terrain
|-heal|p1a: Ting-Lu|91/100|[from] item: Leftovers
|turn|10
|
|switch|p1a: Corviknight|Corviknight, M|69/100
|-ability|p1a: Corviknight|Pressure
|move|p2a: Rillaboom|Drum Beating|p1a: Corviknight
|-resisted|p1a: Corviknight
|-crit|p1a: Corviknight
|-damage|p1a: Corviknight|59/100
|-unboost|p1a: Corviknight|spe|1
|
|-heal|p2a: Rillaboom|92/100|[from] Grassy Terrain
|turn|11
|
|move|p2a: Rillaboom|U-turn|p1a: Corviknight
|-resisted|p1a: Corviknight
|-damage|p1a: Corviknight|57/100
|
|switch|p2a: Toxapex|Toxapex, M|100/100 brn|[from] U-turn
|-damage|p2a: Toxapex|88/100 brn|[from] Spikes
|move|p1a: Corviknight|Roost|p1a: Corviknight
|-heal|p1a: Corviknight|100/100
|-singleturn|p1a: Corviknight|move: Roost
|
|-heal|p2a: Toxapex|94/100 brn|[from] Grassy Terrain
|-heal|p2a: Toxapex|99/100 brn|[from] item: Leftovers
|-damage|p2a: Toxapex|94/100 brn|[from] brn
|turn|12
|
|move|p1a: Corviknight|Body Press|p2a: Toxapex
|-resisted|p2a: Toxapex
|-damage|p2a: Toxapex|86/100 brn
|move|p2a: Toxapex|Chilling Water|p1a: Corviknight
|-damage|p1a: Corviknight|90/100
|-unboost|p1a: Corviknight|atk|1
|
|-heal|p2a: Toxapex|92/100 brn|[from] Grassy Terrain
|-heal|p2a: Toxapex|98/100 brn|[from] item: Leftovers
|-damage|p2a: Toxapex|92/100 brn|[from] brn
|turn|13
|
|switch|p2a: Dragapult|Dragapult, F|100/100
|-damage|p2a: Dragapult|88/100|[from] Spikes
|move|p1a: Corviknight|U-turn|p2a: Dragapult
|-resisted|p2a: Dragapult
|-damage|p2a: Dragapult|82/100
|
|switch|p1a: Blissey|Blissey, F|100/100|[from] U-turn
|
|-heal|p2a: Dragapult|88/100|[from] Grassy Terrain
|turn|14
|
|switch|p2a: Iron Treads|Iron Treads|69/100
|-damage|p2a: Iron Treads|57/100|[from] Spikes
|move|p1a: Blissey|Shadow Ball|p2a: Iron Treads
|-damage|p2a: Iron Treads|38/100
|
|-heal|p2a: Iron Treads|44/100|[from] Grassy Terrain
|-heal|p2a: Iron Treads|50/100|[from] item: Leftovers
|turn|15
|
|switch|p1a: Skeledirge|Skeledirge, M|94/100 tox
|move|p2a: Iron Treads|Knock Off|p1a: Skeledirge
|-supereffective|p1a: Skeledirge
|-damage|p1a: Skeledirge|61/100 tox
|
|-heal|p2a: Iron Treads|56/100|[from] Grassy Terrain
|-heal|p2a: Iron Treads|62/100|[from] item: Leftovers
|-heal|p1a: Skeledirge|67/100 tox|[from] Grassy Terrain
|-damage|p1a: Skeledirge|61/100 tox|[from] psn
|turn|16
|
|move|p2a: Iron Treads|Steel Roller|p1a: Skeledirge
|-resisted|p1a: Skeledirge
|-damage|p1a: Skeledirge|37/100 tox
|-fieldend|move: Grassy Terrain
|move|p1a: Skeledirge|Will-O-Wisp|p2a: Iron Treads
|-status|p2a: Iron Treads|brn
|
|-heal|p2a: Iron Treads|69/100 brn|[from] item: Leftovers
|-damage|p1a: Skeledirge|25/100 tox|[from] psn
|-damage|p2a: Iron Treads|62/100 brn|[from] brn
|turn|17
|
|move|p2a: Iron Treads|Rapid Spin|p1a: Skeledirge
|-immune|p1a: Skeledirge
|move|p1a: Skeledirge|Slack Off|p1a: Skeledirge
|-heal|p1a: Skeledirge|75/100 tox
|
|-heal|p2a: Iron Treads|69/100 brn|[from] item: Leftovers
|-damage|p1a: Skeledirge|57/100 tox|[from] psn
|-damage|p2a: Iron Treads|62/100 brn|[from] brn
|turn|18
|
|switch|p1a: Corviknight|Corviknight, M|90/100
|-ability|p1a: Corviknight|Pressure
|move|p2a: Iron Treads|Rapid Spin|p1a: Corviknight
|-resisted|p1a: Corviknight
|-damage|p1a: Corviknight|87/100
|-boost|p2a: Iron Treads|spe|1
|-sideend|p2: p2|Spikes|[from] move: Rapid Spin|[of] p2a: Iron Treads
|
|-heal|p2a: Iron Treads|69/100 brn|[from] item: Leftovers
|-damage|p2a: Iron Treads|62/100 brn|[from] brn
|turn|19
|
|-end|p2a: Iron Treads|Quark Drive|[silent]
|switch|p2a: Dragapult|Dragapult, F|88/100
|move|p1a: Corviknight|Body Press|p2a: Dragapult
|-immune|p2a: Dragapult
|
|turn|20
|
|switch|p1a: Blissey|Blissey, F|100/100
|move|p2a: Dragapult|Flamethrower|p1a: Blissey
|-damage|p1a: Blissey|91/100
|-damage|p2a: Dragapult|78/100|[from] item: Life Orb
|
|turn|21
|
|move|p2a: Dragapult|Thunder Wave|p1a: Blissey
|-status|p1a: Blissey|par
|move|p1a: Blissey|Stealth Rock|p2a: Dragapult
|-sidestart|p2: p2|move: Stealth Rock
|
|turn|22
|
|switch|p2a: Toxapex|Toxapex, M|100/100 brn
|-damage|p2a: Toxapex|88/100 brn|[from] Stealth Rock
|move|p1a: Blissey|Shadow Ball|p2a: Toxapex
|-damage|p2a: Toxapex|77/100 brn
|
|-heal|p2a: Toxapex|83/100 brn|[from] item: Leftovers
|-damage|p2a: Toxapex|77/100 brn|[from] brn
|turn|23
|
|switch|p2a: Iron Treads|Iron Treads|62/100 brn
|-damage|p2a: Iron Treads|59/100 brn|[from] Stealth Rock
|-curestatus|p1a: Blissey|par|[from] ability: Natural Cure
|switch|p1a: Ting-Lu|Ting-Lu|91/100
|-ability|p1a: Ting-Lu|Vessel of Ruin
|
|-heal|p2a: Iron Treads|66/100 brn|[from] item: Leftovers
|-heal|p1a: Ting-Lu|97/100|[from] item: Leftovers
|-damage|p2a: Iron Treads|59/100 brn|[from] brn
|turn|24
|
|move|p2a: Iron Treads|Rapid Spin|p1a: Ting-Lu
|-damage|p1a: Ting-Lu|93/100
|-boost|p2a: Iron Treads|spe|1
|-sideend|p2: p2|Stealth Rock|[from] move: Rapid Spin|[of] p2a: Iron Treads
|move|p1a: Ting-Lu|Earthquake|p2a: Iron Treads
|-supereffective|p2a: Iron Treads
|-damage|p2a: Iron Treads|0 fnt
|faint|p2a: Iron Treads
|-end|p2a: Iron Treads|Quark Drive|[silent]
|
|-heal|p1a: Ting-Lu|99/100|[from] item: Leftovers
|
|switch|p2a: Ursaluna|Ursaluna, F|100/100
|turn|25
|
|switch|p1a: Corviknight|Corviknight, M|87/100
|-ability|p1a: Corviknight|Pressure
|move|p2a: Ursaluna|Belly Drum|p2a: Ursaluna
|-damage|p2a: Ursaluna|51/100
|-setboost|p2a: Ursaluna|atk|6|[from] move: Belly Drum
|
|-heal|p2a: Ursaluna|57/100|[from] item: Leftovers
|turn|26
|
|-terastallize|p2a: Ursaluna|Water
|move|p2a: Ursaluna|Drain Punch|p1a: Corviknight
|-damage|p1a: Corviknight|27/100
|-heal|p2a: Ursaluna|87/100|[from] drain|[of] p1a: Corviknight
|move|p1a: Corviknight|Body Press|p2a: Ursaluna
|-crit|p2a: Ursaluna
|-damage|p2a: Ursaluna|52/100
|
|-heal|p2a: Ursaluna|58/100|[from] item: Leftovers
|turn|27
|
|move|p2a: Ursaluna|Trailblaze|p1a: Corviknight
|-resisted|p1a: Corviknight
|-damage|p1a: Corviknight|17/100
|-boost|p2a: Ursaluna|spe|1
|move|p1a: Corviknight|Body Press|p2a: Ursaluna
|-damage|p2a: Ursaluna|35/100
|
|-heal|p2a: Ursaluna|41/100|[from] item: Leftovers
|turn|28
|
|move|p2a: Ursaluna|Drain Punch|p1a: Corviknight
|-damage|p1a: Corviknight|0 fnt
|-heal|p2a: Ursaluna|50/100|[from] drain|[of] p1a: Corviknight
|faint|p1a: Corviknight
|
|-heal|p2a: Ursaluna|56/100|[from] item: Leftovers
|
|switch|p1a: Skeledirge|Skeledirge, M|57/100 tox
|turn|29
|
|move|p2a: Ursaluna|Earthquake|p1a: Skeledirge
|-supereffective|p1a: Skeledirge
|-damage|p1a: Skeledirge|0 fnt
|faint|p1a: Skeledirge
|
|-heal|p2a: Ursaluna|62/100|[from] item: Leftovers
|
|switch|p1a: Ting-Lu|Ting-Lu|99/100
|-ability|p1a: Ting-Lu|Vessel of Ruin
|turn|30
|
|switch|p1a: Zapdos|Zapdos|90/100
|-ability|p1a: Zapdos|Pressure
|move|p2a: Ursaluna|Trailblaze|p1a: Zapdos
|-resisted|p1a: Zapdos
|-damage|p1a: Zapdos|60/100
|-boost|p2a: Ursaluna|spe|1
|
|-heal|p2a: Ursaluna|68/100|[from] item: Leftovers
|turn|31
|
|move|p2a: Ursaluna|Drain Punch|p1a: Zapdos
|-resisted|p1a: Zapdos
|-damage|p1a: Zapdos|14/100
|-heal|p2a: Ursaluna|91/100|[from] drain|[of] p1a: Zapdos
|move|p1a: Zapdos|Roost|p1a: Zapdos
|-heal|p1a: Zapdos|64/100
|-singleturn|p1a: Zapdos|move: Roost
|
|-heal|p2a: Ursaluna|97/100|[from] item: Leftovers
|turn|32
|
|move|p2a: Ursaluna|Drain Punch|p1a: Zapdos
|-resisted|p1a: Zapdos
|-damage|p1a: Zapdos|22/100
|-heal|p2a: Ursaluna|100/100|[from] drain|[of] p1a: Zapdos
|move|p1a: Zapdos|Thunder Wave|p2a: Ursaluna
|-status|p2a: Ursaluna|par
|
|turn|33
|
|move|p1a: Zapdos|Roost|p1a: Zapdos
|-heal|p1a: Zapdos|72/100
|-singleturn|p1a: Zapdos|move: Roost
|move|p2a: Ursaluna|Drain Punch|p1a: Zapdos
|-damage|p1a: Zapdos|0 fnt
|faint|p1a: Zapdos
|
|
|switch|p1a: Magearna|Magearna|100/100
|turn|34
|
|move|p1a: Magearna|Iron Defense|p1a: Magearna
|-boost|p1a: Magearna|def|2
|move|p2a: Ursaluna|Earthquake|p1a: Magearna
|-supereffective|p1a: Magearna
|-damage|p1a: Magearna|0 fnt
|faint|p1a: Magearna
|
|
|switch|p1a: Ting-Lu|Ting-Lu|99/100
|-ability|p1a: Ting-Lu|Vessel of Ruin
|turn|35
|
|cant|p2a: Ursaluna|par
|move|p1a: Ting-Lu|Whirlwind|p2a: Ursaluna
|drag|p2a: Toxapex|Toxapex, M|100/100 brn
|
|-heal|p1a: Ting-Lu|100/100|[from] item: Leftovers
|-damage|p2a: Toxapex|95/100 brn|[from] brn
|turn|36
|
|move|p1a: Ting-Lu|Earthquake|p2a: Toxapex
|-supereffective|p2a: Toxapex
|-damage|p2a: Toxapex|45/100 brn
|move|p2a: Toxapex|Toxic|p1a: Ting-Lu
|-status|p1a: Ting-Lu|tox
|
|-heal|p2a: Toxapex|51/100 brn|[from] item: Leftovers
|-damage|p1a: Ting-Lu|94/100 tox|[from] psn
|-damage|p2a: Toxapex|45/100 brn|[from] brn
|turn|37
|
|move|p2a: Toxapex|Baneful Bunker|p2a: Toxapex
|-singleturn|p2a: Toxapex|move: Protect
|move|p1a: Ting-Lu|Body Press|p2a: Toxapex
|-activate|p2a: Toxapex|move: Protect
|
|-heal|p1a: Ting-Lu|100/100 tox|[from] item: Leftovers
|-heal|p2a: Toxapex|51/100 brn|[from] item: Leftovers
|-damage|p1a: Ting-Lu|88/100 tox|[from] psn
|-damage|p2a: Toxapex|45/100 brn|[from] brn
|turn|38
|-message|p1 forfeited.
|
|win|p2
