|poke|p1|Maushold|
|poke|p1|Goodra-Hisui, F|
|poke|p1|Magearna|
|poke|p1|Mimikyu, F|
|poke|p1|Dragonite, M|
|poke|p1|Quagsire, M|
|poke|p2|Walking Wake|
|poke|p2|Torkoal, M|
|poke|p2|Great Tusk|
|poke|p2|Dragapult, M|
|poke|p2|Clodsire, M|
|poke|p2|Corviknight, M|
|teampreview
|
|start
|switch|p1a: Quagsire|Quagsire, M|100/100
|switch|p2a: Dragapult|Dragapult, M|100/100
|turn|1
|
|switch|p1a: Goodra|Goodra-Hisui, F|100/100
|move|p2a: Dragapult|Shadow Ball|p1a: Goodra
|-damage|p1a: Goodra|79/100
|
|turn|2
|
|switch|p2a: Clodsire|Clodsire, M|100/100
|move|p1a: Goodra|Ice Beam|p2a: Clodsire
|-supereffective|p2a: Clodsire
|-damage|p2a: Clodsire|70/100
|
|-heal|p2a: Clodsire|76/100|[from] item: Black Sludge
|turn|3
|
|move|p1a: Goodra|Ice Beam|p2a: Clodsire
|-supereffective|p2a: Clodsire
|-damage|p2a: Clodsire|42/100
|move|p2a: Clodsire|Stealth Rock|p1a: Goodra
|-sidestart|p1: Zek123|move: Stealth Rock
|
|-heal|p2a: Clodsire|48/100|[from] item: Black Sludge
|turn|4
|
|move|p1a: Goodra|Ice Beam|p2a: Clodsire
|-supereffective|p2a: Clodsire
|-damage|p2a: Clodsire|15/100
|move|p2a: Clodsire|Recover|p2a: Clodsire
|-heal|p2a: Clodsire|65/100
|
|-heal|p2a: Clodsire|71/100|[from] item: Black Sludge
|turn|5
|
|move|p1a: Goodra|Ice Beam|p2a: Clodsire
|-supereffective|p2a: Clodsire
|-damage|p2a: Clodsire|41/100
|move|p2a: Clodsire|Recover|p2a: Clodsire
|-heal|p2a: Clodsire|91/100
|
|-heal|p2a: Clodsire|97/100|[from] item: Black Sludge
|turn|6
|
|move|p1a: Goodra|Ice Beam|p2a: Clodsire
|-supereffective|p2a: Clodsire
|-damage|p2a: Clodsire|64/100
|move|p2a: Clodsire|Earthquake|p1a: Goodra
|-supereffective|p1a: Goodra
|-damage|p1a: Goodra|25/100
|
|-heal|p2a: Clodsire|70/100|[from] item: Black Sludge
|turn|7
|
|switch|p1a: Quagsire|Quagsire, M|100/100
|-damage|p1a: Quagsire|94/100|[from] Stealth Rock
|move|p2a: Clodsire|Recover|p2a: Clodsire
|-heal|p2a: Clodsire|100/100
|
|-heal|p1a: Quagsire|100/100|[from] item: Leftovers
|turn|8
|
|move|p1a: Quagsire|Earthquake|p2a: Clodsire
|-supereffective|p2a: Clodsire
|-damage|p2a: Clodsire|33/100
|move|p2a: Clodsire|Toxic|p1a: Quagsire
|-status|p1a: Quagsire|tox
|
|-heal|p2a: Clodsire|39/100|[from] item: Black Sludge
|-damage|p1a: Quagsire|94/100 tox|[from] psn
|turn|9
|
|switch|p1a: Goodra|Goodra-Hisui, F|25/100
|-damage|p1a: Goodra|19/100|[from] Stealth Rock
|switch|p2a: Corviknight|Corviknight, M|100/100
|-ability|p2a: Corviknight|Pressure
|
|turn|10
|
|move|p2a: Corviknight|U-turn|p1a: Goodra
|-resisted|p1a: Goodra
|-damage|p1a: Goodra|13/100
|
|switch|p2a: Clodsire|Clodsire, M|39/100|[from] U-turn
|move|p1a: Goodra|Flamethrower|p2a: Clodsire
|-damage|p2a: Clodsire|22/100
|
|-heal|p2a: Clodsire|29/100|[from] item: Black Sludge
|turn|11
|
|switch|p2a: Walking Wake|Walking Wake|100/100
|move|p1a: Goodra|Ice Beam|p2a: Walking Wake
|-damage|p2a: Walking Wake|63/100
|
|turn|12
|
|switch|p1a: Mimikyu|Mimikyu, F|100/100
|-damage|p1a: Mimikyu|88/100|[from] Stealth Rock
|move|p2a: Walking Wake|Hydro Steam|p1a: Mimikyu
|-activate|p1a: Mimikyu|ability: Disguise
|-damage|p1a: Mimikyu|88/100
|detailschange|p1a: Mimikyu|Mimikyu-Busted, F
|-damage|p1a: Mimikyu|76/100|[from] pokemon: Mimikyu-Busted
|
|turn|13
|
|-end|p2a: Walking Wake|Protosynthesis|[silent]
|switch|p2a: Corviknight|Corviknight, M|100/100
|-ability|p2a: Corviknight|Pressure
|move|p1a: Mimikyu|Play Rough|p2a: Corviknight
|-resisted|p2a: Corviknight
|-damage|p2a: Corviknight|85/100
|-unboost|p2a: Corviknight|atk|1
|-damage|p1a: Mimikyu|66/100|[from] item: Life Orb
|
|turn|14
|
|move|p1a: Mimikyu|Swords Dance|p1a: Mimikyu
|-boost|p1a: Mimikyu|atk|2
|move|p2a: Corviknight|U-turn|p1a: Mimikyu
|-resisted|p1a: Mimikyu
|-damage|p1a: Mimikyu|62/100
|
|switch|p2a: Dragapult|Dragapult, M|100/100|[from] U-turn
|
|turn|15
|
|-terastallize|p2a: Dragapult|Dragon
|move|p1a: Mimikyu|Shadow Sneak|p2a: Dragapult
|-damage|p2a: Dragapult|41/100
|-damage|p1a: Mimikyu|52/100|[from] item: Life Orb
|move|p2a: Dragapult|Shadow Ball|p1a: Mimikyu
|-supereffective|p1a: Mimikyu
|-damage|p1a: Mimikyu|0 fnt
|faint|p1a: Mimikyu
|
|
|switch|p1a: Magearna|Magearna|100/100
|-damage|p1a: Magearna|94/100|[from] Stealth Rock
|turn|16
|
|switch|p2a: Torkoal|Torkoal, M|100/100
|-weather|SunnyDay|[from] ability: Drought|[of] p2a: Torkoal
|move|p1a: Magearna|Shift Gear|p1a: Magearna
|-boost|p1a: Magearna|spe|2
|-boost|p1a: Magearna|atk|1
|
|-weather|SunnyDay|[upkeep]
|-heal|p1a: Magearna|100/100|[from] item: Leftovers
|turn|17
|
|-terastallize|p1a: Magearna|Psychic
|move|p1a: Magearna|Calm Mind|p1a: Magearna
|-boost|p1a: Magearna|spa|1
|-boost|p1a: Magearna|spd|1
|move|p2a: Torkoal|Lava Plume|p1a: Magearna
|-damage|p1a: Magearna|80/100
|
|-weather|SunnyDay|[upkeep]
|-heal|p1a: Magearna|86/100|[from] item: Leftovers
|turn|18
|
|move|p1a: Magearna|Shift Gear|p1a: Magearna
|-boost|p1a: Magearna|spe|2
|-boost|p1a: Magearna|atk|1
|move|p2a: Torkoal|Lava Plume|p1a: Magearna
|-damage|p1a: Magearna|66/100
|
|-weather|SunnyDay|[upkeep]
|-heal|p1a: Magearna|72/100|[from] item: Leftovers
|turn|19
|
|move|p1a: Magearna|Calm Mind|p1a: Magearna
|-boost|p1a: Magearna|spa|1
|-boost|p1a: Magearna|spd|1
|move|p2a: Torkoal|Lava Plume|p1a: Magearna
|-damage|p1a: Magearna|57/100
|-status|p1a: Magearna|brn
|
|-weather|SunnyDay|[upkeep]
|-heal|p1a: Magearna|63/100 brn|[from] item: Leftovers
|-damage|p1a: Magearna|57/100 brn|[from] brn
|turn|20
|-message|Bubuchildh0 forfeited.
|
|win|Zek123
