|poke|p1|Sneasler, F|
|poke|p1|Zapdos|
|poke|p1|Heatran, F|
|poke|p1|Meowscarada, F|
|poke|p1|Walking Wake|
|poke|p1|Great Tusk|
|poke|p2|Sneasler, M|
|poke|p2|Dragapult, F|
|poke|p2|Samurott-Hisui, M|
|poke|p2|Glimmora, M|
|poke|p2|Urshifu-*, M|
|poke|p2|Iron Valiant|
|teampreview
|
|start
|switch|p1a: Zapdos|Zapdos|100/100
|switch|p2a: Glimmora|Glimmora, M|100/100
|turn|1
|
|move|p2a: Glimmora|Stealth Rock|p1a: Zapdos
|-sidestart|p1: p1|move: Stealth Rock
|move|p1a: Zapdos|Volt Switch|p2a: Glimmora
|-damage|p2a: Glimmora|55/100
|
|switch|p1a: Walking Wake|Walking Wake|100/100|[from] Volt Switch
|-damage|p1a: Walking Wake|88/100|[from] Stealth Rock
|
|turn|2
|
|switch|p2a: Dragapult|Dragapult, F|100/100
|move|p1a: Walking Wake|Hydro Steam|p2a: Dragapult
|-resisted|p2a: Dragapult
|-damage|p2a: Dragapult|61/100
|
|turn|3
|
|-end|p1a: Walking Wake|Protosynthesis|[silent]
|switch|p1a: Heatran|Heatran, F|100/100
|-damage|p1a: Heatran|88/100|[from] Stealth Rock
|move|p2a: Dragapult|Draco Meteor|p1a: Heatran
|-resisted|p1a: Heatran
|-damage|p1a: Heatran|59/100
|-unboost|p2a: Dragapult|spa|2
|
|-heal|p1a: Heatran|65/100|[from] item: Leftovers
|turn|4
|
|switch|p2a: Glimmora|Glimmora, M|55/100
|move|p1a: Heatran|Stealth Rock|p2a: Glimmora
|-sidestart|p2: p2|move: Stealth Rock
|
|-heal|p1a: Heatran|71/100|[from] item: Leftovers
|turn|5
|
|switch|p1a: Zapdos|Zapdos|100/100
|move|p2a: Glimmora|Earth Power|p1a: Zapdos
|-immune|p1a: Zapdos
|
|turn|6
|
|move|p2a: Glimmora|Mortal Spin|p1a: Zapdos
|-damage|p1a: Zapdos|96/100
|-status|p1a: Zapdos|psn
|-sideend|p2: p2|Stealth Rock|[from] move: Mortal Spin|[of] p2a: Glimmora
|move|p1a: Zapdos|Volt Switch|p2a: Glimmora
|-damage|p2a: Glimmora|7/100
|
|switch|p1a: Walking Wake|Walking Wake|88/100|[from] Volt Switch
|-damage|p1a: Walking Wake|76/100|[from] Stealth Rock
|
|turn|7
|
|switch|p2a: Dragapult|Dragapult, F|61/100
|move|p1a: Walking Wake|Hydro Pump|p2a: Dragapult|[miss]
|-miss|p1a: Walking Wake|p2a: Dragapult
|
|turn|8
|
|move|p2a: Dragapult|Shadow Ball|p1a: Walking Wake
|-damage|p1a: Walking Wake|16/100
|move|p1a: Walking Wake|Hydro Pump|p2a: Dragapult
|-resisted|p2a: Dragapult
|-damage|p2a: Dragapult|2/100
|
|turn|9
|
|-end|p1a: Walking Wake|Protosynthesis|[silent]
|switch|p1a: Meowscarada|Meowscarada, F|100/100
|-damage|p1a: Meowscarada|88/100|[from] Stealth Rock
|move|p2a: Dragapult|Shadow Ball|p1a: Meowscarada
|-resisted|p1a: Meowscarada
|-damage|p1a: Meowscarada|48/100
|
|turn|10
|
|switch|p2a: Glimmora|Glimmora, M|7/100
|move|p1a: Meowscarada|U-turn|p2a: Glimmora
|-start|p1a: Meowscarada|typechange|Bug|[from] ability: Protean
|-resisted|p2a: Glimmora
|-damage|p2a: Glimmora|0 fnt
|-activate|p2a: Glimmora|ability: Toxic Debris
|-sidestart|p1: p1|move: Toxic Spikes
|faint|p2a: Glimmora
|
|switch|p1a: Sneasler|Sneasler, F|100/100|[from] U-turn
|-damage|p1a: Sneasler|95/100|[from] Stealth Rock
|-sideend|p1: p1|move: Toxic Spikes|[of] p1a: Sneasler
|
|
|switch|p2a: Iron Valiant|Iron Valiant|100/100
|turn|11
|
|move|p1a: Sneasler|Fake Out|p2a: Iron Valiant
|-damage|p2a: Iron Valiant|81/100
|cant|p2a: Iron Valiant|flinch
|
|turn|12
|
|switch|p1a: Zapdos|Zapdos|96/100 psn
|move|p2a: Iron Valiant|Moonblast|p1a: Zapdos
|-damage|p1a: Zapdos|28/100 psn
|-unboost|p1a: Zapdos|spa|1
|
|-damage|p1a: Zapdos|15/100 psn|[from] psn
|turn|13
|
|switch|p1a: Heatran|Heatran, F|71/100
|-damage|p1a: Heatran|58/100|[from] Stealth Rock
|move|p2a: Iron Valiant|Moonblast|p1a: Heatran
|-resisted|p1a: Heatran
|-damage|p1a: Heatran|47/100
|
|-heal|p1a: Heatran|54/100|[from] item: Leftovers
|turn|14
|
|-end|p2a: Iron Valiant|Quark Drive|[silent]
|switch|p2a: Samurott|Samurott-Hisui, M|100/100
|move|p1a: Heatran|Stealth Rock|p2a: Samurott
|-sidestart|p2: p2|move: Stealth Rock
|
|-heal|p1a: Heatran|60/100|[from] item: Leftovers
|turn|15
|
|switch|p1a: Zapdos|Zapdos|15/100 psn
|move|p2a: Samurott|Ceaseless Edge|p1a: Zapdos
|-damage|p1a: Zapdos|0 fnt
|-sidestart|p1: p1|Spikes
|-status|p2a: Samurott|par|[from] ability: Static|[of] p1a: Zapdos
|faint|p1a: Zapdos
|
|
|switch|p1a: Great Tusk|Great Tusk|100/100
|-damage|p1a: Great Tusk|98/100|[from] Stealth Rock
|-damage|p1a: Great Tusk|85/100|[from] Spikes
|turn|16
|
|switch|p2a: Dragapult|Dragapult, F|2/100
|-damage|p2a: Dragapult|0 fnt|[from] Stealth Rock
|faint|p2a: Dragapult
|move|p1a: Great Tusk|Rapid Spin|p2: Dragapult|[notarget]
|-fail|p1a: Great Tusk
|
|-heal|p1a: Great Tusk|91/100|[from] item: Leftovers
|
|switch|p2a: Iron Valiant|Iron Valiant|81/100
|-damage|p2a: Iron Valiant|75/100|[from] Stealth Rock
|turn|17
|
|move|p2a: Iron Valiant|Moonblast|p1a: Great Tusk
|-supereffective|p1a: Great Tusk
|-damage|p1a: Great Tusk|0 fnt
|faint|p1a: Great Tusk
|-end|p1a: Great Tusk|Protosynthesis|[silent]
|
|
|switch|p1a: Heatran|Heatran, F|60/100
|-damage|p1a: Heatran|47/100|[from] Stealth Rock
|-damage|p1a: Heatran|35/100|[from] Spikes
|turn|18
|
|-end|p2a: Iron Valiant|Quark Drive|[silent]
|switch|p2a: Samurott|Samurott-Hisui, M|100/100 par
|-damage|p2a: Samurott|88/100 par|[from] Stealth Rock
|move|p1a: Heatran|Earth Power|p2a: Samurott
|-crit|p2a: Samurott
|-damage|p2a: Samurott|25/100 par
|
|-heal|p1a: Heatran|41/100|[from] item: Leftovers
|turn|19
|
|move|p1a: Heatran|Earth Power|p2a: Samurott
|-damage|p2a: Samurott|0 fnt
|faint|p2a: Samurott
|
|-heal|p1a: Heatran|47/100|[from] item: Leftovers
|
|switch|p2a: Iron Valiant|Iron Valiant|75/100
|-damage|p2a: Iron Valiant|69/100|[from] Stealth Rock
|turn|20
|
|switch|p1a: Sneasler|Sneasler, F|95/100
|-damage|p1a: Sneasler|89/100|[from] Stealth Rock
|-damage|p1a: Sneasler|76/100|[from] Spikes
|move|p2a: Iron Valiant|Moonblast|p1a: Sneasler
|-damage|p1a: Sneasler|0 fnt
|faint|p1a: Sneasler
|
|
|switch|p1a: Meowscarada|Meowscarada, F|48/100
|-damage|p1a: Meowscarada|36/100|[from] Stealth Rock
|-damage|p1a: Meowscarada|23/100|[from] Spikes
|turn|21
|
|move|p1a: Meowscarada|Flower Trick|p2a: Iron Valiant
|-start|p1a: Meowscarada|typechange|Grass|[from] ability: Protean
|-crit|p2a: Iron Valiant
|-damage|p2a: Iron Valiant|5/100
|move|p2a: Iron Valiant|Moonblast|p1a: Meowscarada
|-damage|p1a: Meowscarada|0 fnt
|faint|p1a: Meowscarada
|
|
|switch|p1a: Heatran|Heatran, F|47/100
|-damage|p1a: Heatran|34/100|[from] Stealth Rock
|-damage|p1a: Heatran|22/100|[from] Spikes
|turn|22
|
|move|p2a: Iron Valiant|Moonblast|p1a: Heatran
|-resisted|p1a: Heatran
|-damage|p1a: Heatran|10/100
|-unboost|p1a: Heatran|spa|1
|move|p1a: Heatran|Earth Power|p2a: Iron Valiant
|-damage|p2a: Iron Valiant|0 fnt
|faint|p2a: Iron Valiant
|-end|p2a: Iron Valiant|Quark Drive|[silent]
|
|-heal|p1a: Heatran|16/100|[from] item: Leftovers
|
|switch|p2a: Sneasler|Sneasler, M|100/100
|-damage|p2a: Sneasler|95/100|[from] Stealth Rock
|turn|23
|-message|p1 forfeited.
|
|win|p2
