# advantage = p1
|poke|p1|Meowscarada, F|
|poke|p1|Volcanion|
|poke|p1|Heatran, F|
|poke|p1|Great Tusk|
|poke|p1|Iron Valiant|
|poke|p1|Zapdos|
|poke|p2|Iron Valiant|
|poke|p2|Breloom, M|
|poke|p2|Baxcalibur, F|
|poke|p2|Kingambit, F|
|poke|p2|Masquerain, F|
|poke|p2|Gholdengo|
|teampreview
|
|start
|switch|p1a: Volcanion|Volcanion|100/100
|switch|p2a: Masquerain|Masquerain, F|100/100
|-ability|p2a: Masquerain|Intimidate|boost
|-unboost|p1a: Volcanion|atk|1
|turn|1
|
|move|p2a: Masquerain|Sticky Web|p1a: Volcanion
|-sidestart|p1: p1|move: Sticky Web
|move|p1a: Volcanion|Steam Eruption|p2a: Masquerain
|-enditem|p2a: Masquerain|Focus Sash
|-damage|p2a: Masquerain|1/100
|
|turn|2
|
|move|p2a: Masquerain|Hurricane|p1a: Volcanion|[miss]
|-miss|p2a: Masquerain|p1a: Volcanion
|move|p1a: Volcanion|Steam Eruption|p2a: Masquerain
|-damage|p2a: Masquerain|0 fnt
|faint|p2a: Masquerain
|
|
|switch|p2a: Breloom|Breloom, M|100/100
|turn|3
|
|switch|p1a: Meowscarada|Meowscarada, F|100/100
|-activate|p1a: Meowscarada|move: Sticky Web
|-unboost|p1a: Meowscarada|spe|1
|-terastallize|p2a: Breloom|Grass
|move|p2a: Breloom|Bullet Seed|p1a: Meowscarada
|-resisted|p1a: Meowscarada
|-damage|p1a: Meowscarada|77/100
|-resisted|p1a: Meowscarada
|-damage|p1a: Meowscarada|56/100
|-resisted|p1a: Meowscarada
|-damage|p1a: Meowscarada|32/100
|-resisted|p1a: Meowscarada
|-damage|p1a: Meowscarada|11/100
|-resisted|p1a: Meowscarada
|-damage|p1a: Meowscarada|0 fnt
|faint|p1a: Meowscarada
|-hitcount|p1: Meowscarada|5
|
|
|switch|p1a: Zapdos|Zapdos|100/100
|turn|4
|
|switch|p2a: Gholdengo|Gholdengo|100/100
|move|p1a: Zapdos|Volt Switch|p2a: Gholdengo
|-damage|p2a: Gholdengo|56/100
|
|switch|p1a: Heatran|Heatran, F|100/100|[from] Volt Switch
|-activate|p1a: Heatran|move: Sticky Web
|-unboost|p1a: Heatran|spe|1
|
|turn|5
|
|move|p2a: Gholdengo|Focus Blast|p1a: Heatran
|-supereffective|p1a: Heatran
|-damage|p1a: Heatran|47/100
|move|p1a: Heatran|Earth Power|p2a: Gholdengo
|-supereffective|p2a: Gholdengo
|-damage|p2a: Gholdengo|0 fnt
|faint|p2a: Gholdengo
|
|-heal|p1a: Heatran|53/100|[from] item: Leftovers
|
|switch|p2a: Iron Valiant|Iron Valiant|100/100
|-enditem|p2a: Iron Valiant|Booster Energy
|-activate|p2a: Iron Valiant|ability: Quark Drive|[fromitem]
|-start|p2a: Iron Valiant|quarkdrivespe
|turn|6
|
|move|p1a: Heatran|Protect|p1a: Heatran
|-singleturn|p1a: Heatran|Protect
|move|p2a: Iron Valiant|Aura Sphere|p1a: Heatran
|-activate|p1a: Heatran|move: Protect
|
|-heal|p1a: Heatran|59/100|[from] item: Leftovers
|turn|7
|
|move|p2a: Iron Valiant|Calm Mind|p2a: Iron Valiant
|-boost|p2a: Iron Valiant|spa|1
|-boost|p2a: Iron Valiant|spd|1
|move|p1a: Heatran|Magma Storm|p2a: Iron Valiant
|-crit|p2a: Iron Valiant
|-damage|p2a: Iron Valiant|0 fnt
|faint|p2a: Iron Valiant
|-end|p2a: Iron Valiant|Quark Drive|[silent]
|
|-heal|p1a: Heatran|65/100|[from] item: Leftovers
|
|switch|p2a: Baxcalibur|Baxcalibur, F|100/100
|turn|8
|
|switch|p1a: Great Tusk|Great Tusk|100/100
|-activate|p1a: Great Tusk|move: Sticky Web
|-unboost|p1a: Great Tusk|spe|1
|move|p2a: Baxcalibur|Dragon Dance|p2a: Baxcalibur
|-boost|p2a: Baxcalibur|atk|1
|-boost|p2a: Baxcalibur|spe|1
|
|turn|9
|
|-terastallize|p1a: Great Tusk|Water
|move|p2a: Baxcalibur|Substitute|p2a: Baxcalibur
|-start|p2a: Baxcalibur|Substitute
|-damage|p2a: Baxcalibur|76/100
|move|p1a: Great Tusk|Rapid Spin|p2a: Baxcalibur
|-activate|p2a: Baxcalibur|move: Substitute|[damage]
|-sideend|p1: p1|Sticky Web|[from] move: Rapid Spin|[of] p1a: Great Tusk
|-boost|p1a: Great Tusk|spe|1
|
|turn|10
|
|move|p2a: Baxcalibur|Dragon Dance|p2a: Baxcalibur
|-boost|p2a: Baxcalibur|atk|1
|-boost|p2a: Baxcalibur|spe|1
|move|p1a: Great Tusk|Body Press|p2a: Baxcalibur
|-supereffective|p2a: Baxcalibur
|-end|p2a: Baxcalibur|Substitute
|
|turn|11
|
|move|p2a: Baxcalibur|Earthquake|p1a: Great Tusk
|-damage|p1a: Great Tusk|63/100
|move|p1a: Great Tusk|Body Press|p2a: Baxcalibur
|-supereffective|p2a: Baxcalibur
|-damage|p2a: Baxcalibur|0 fnt
|faint|p2a: Baxcalibur
|
|-heal|p1a: Great Tusk|69/100|[from] item: Leftovers
|
|switch|p2a: Kingambit|Kingambit, F|100/100
|-activate|p2a: Kingambit|ability: Supreme Overlord
|-start|p2a: Kingambit|fallen4|[silent]
|turn|12
|
|move|p2a: Kingambit|Sucker Punch|p1a: Great Tusk
|-damage|p1a: Great Tusk|39/100
|move|p1a: Great Tusk|Ice Spinner|p2a: Kingambit
|-resisted|p2a: Kingambit
|-damage|p2a: Kingambit|92/100
|
|-heal|p1a: Great Tusk|46/100|[from] item: Leftovers
|turn|13
|
|move|p1a: Great Tusk|Body Press|p2a: Kingambit
|-supereffective|p2a: Kingambit
|-damage|p2a: Kingambit|0 fnt
|faint|p2a: Kingambit
|-end|p2a: Kingambit|fallen4|[silent]
|
|-heal|p1a: Great Tusk|52/100|[from] item: Leftovers
|-message|p2 forfeited.
|
|win|p1
|player|p2|p2|102
|player|p2|
