|poke|p1|Garchomp, F|
|poke|p1|Quaquaval, M|
|poke|p1|Gholdengo|
|poke|p1|Dragonite, M|
|poke|p1|Iron Valiant|
|poke|p1|Heatran, M|
|poke|p2|Uxie|
|poke|p2|Magearna|
|teampreview
|
|start
|switch|p1a: Garchomp|Garchomp, F|100/100
|switch|p2a: Uxie|Uxie, shiny|100/100
|turn|1
|
|move|p2a: Uxie|Reflect|p2a: Uxie
|-sidestart|p2: koraidon03|Reflect
|move|p1a: Garchomp|Dragon Tail|p2a: Uxie
|-damage|p2a: Uxie|89/100
|drag|p2a: Magearna|Magearna|100/100
|
|turn|2
|
|switch|p1a: Heatran|Heatran, M|100/100
|move|p2a: Magearna|Shift Gear|p2a: Magearna
|-boost|p2a: Magearna|spe|2
|-boost|p2a: Magearna|atk|1
|
|turn|3
|
|-terastallize|p2a: Magearna|Fairy
|-terastallize|p1a: Heatran|Bug
|move|p2a: Magearna|Calm Mind|p2a: Magearna
|-boost|p2a: Magearna|spa|1
|-boost|p2a: Magearna|spd|1
|move|p1a: Heatran|Magma Storm|p2a: Magearna|[miss]
|-miss|p1a: Heatran|p2a: Magearna
|
|turn|4
|
|move|p2a: Magearna|Calm Mind|p2a: Magearna
|-boost|p2a: Magearna|spa|1
|-boost|p2a: Magearna|spd|1
|move|p1a: Heatran|Magma Storm|p2a: Magearna
|-damage|p2a: Magearna|79/100
|-activate|p2a: Magearna|move: Magma Storm|[of] p1a: Heatran
|
|-damage|p2a: Magearna|67/100|[from] move: Magma Storm|[partiallytrapped]
|turn|5
|
|move|p2a: Magearna|Draining Kiss|p1a: Heatran
|-damage|p1a: Heatran|48/100
|-heal|p2a: Magearna|100/100|[from] drain|[of] p1a: Heatran
|move|p1a: Heatran|Taunt|p2a: Magearna
|-start|p2a: Magearna|move: Taunt
|
|-heal|p1a: Heatran|54/100|[from] item: Leftovers
|-damage|p2a: Magearna|88/100|[from] move: Magma Storm|[partiallytrapped]
|turn|6
|
|move|p1a: Heatran|Protect|p1a: Heatran
|-singleturn|p1a: Heatran|Protect
|move|p2a: Magearna|Draining Kiss|p1a: Heatran
|-activate|p1a: Heatran|move: Protect
|
|-heal|p1a: Heatran|60/100|[from] item: Leftovers
|-damage|p2a: Magearna|76/100|[from] move: Magma Storm|[partiallytrapped]
|turn|7
|
|switch|p1a: Gholdengo|Gholdengo|100/100
|-item|p1a: Gholdengo|Air Balloon
|move|p2a: Magearna|Stored Power|p1a: Gholdengo
|-resisted|p1a: Gholdengo
|-damage|p1a: Gholdengo|39/100
|-enditem|p1a: Gholdengo|Air Balloon
|
|-end|p2a: Magearna|Magma Storm|[partiallytrapped]|[silent]
|turn|8
|-message|Af Lele.Tomas forfeited.
|
|win|koraidon03
