|poke|p1|Landorus-Therian, M|
|poke|p1|Amoonguss, F|
|poke|p1|Sneasler, M|
|poke|p1|Dondozo, F|
|poke|p1|Ting-Lu|
|poke|p1|Magearna|
|poke|p2|Zamazenta-*|
|poke|p2|Abomasnow, M|
|poke|p2|Chien-Pao|
|poke|p2|Magearna|
|poke|p2|Skeledirge, M|
|poke|p2|Iron Treads|
|teampreview
|
|start
|switch|p1a: Magearna|Magearna|100/100
|switch|p2a: Iron Treads|Iron Treads|100/100
|turn|1
|
|switch|p1a: Landorus|Landorus-Therian, M|100/100
|-ability|p1a: Landorus|Intimidate|boost
|-unboost|p2a: Iron Treads|atk|1
|move|p2a: Iron Treads|Knock Off|p1a: Landorus
|-damage|p1a: Landorus|86/100
|-damage|p2a: Iron Treads|84/100|[from] item: Rocky Helmet|[of] p1a: Landorus
|-enditem|p1a: Landorus|Rocky Helmet|[from] move: Knock Off|[of] p2a: Iron Treads
|
|turn|2
|
|-end|p2a: Iron Treads|Quark Drive|[silent]
|switch|p2a: Abomasnow|Abomasnow, M|100/100
|-weather|Snow|[from] ability: Snow Warning|[of] p2a: Abomasnow
|move|p1a: Landorus|Stealth Rock|p2a: Abomasnow
|-sidestart|p2: p2|move: Stealth Rock
|
|-weather|Snow|[upkeep]
|turn|3
|
|move|p1a: Landorus|U-turn|p2a: Abomasnow
|-supereffective|p2a: Abomasnow
|-damage|p2a: Abomasnow|64/100
|
|switch|p1a: Magearna|Magearna|100/100|[from] U-turn
|move|p2a: Abomasnow|Blizzard|p1a: Magearna
|-resisted|p1a: Magearna
|-damage|p1a: Magearna|75/100
|
|-weather|Snow|[upkeep]
|turn|4
|
|move|p1a: Magearna|Aura Sphere|p2a: Abomasnow
|-supereffective|p2a: Abomasnow
|-damage|p2a: Abomasnow|0 fnt
|faint|p2a: Abomasnow
|-ability|p1a: Magearna|Soul-Heart|boost
|-boost|p1a: Magearna|spa|1
|
|-weather|Snow|[upkeep]
|
|switch|p2a: Iron Treads|Iron Treads|84/100
|-damage|p2a: Iron Treads|81/100|[from] Stealth Rock
|turn|5
|
|move|p2a: Iron Treads|Rapid Spin|p1a: Magearna
|-resisted|p1a: Magearna
|-damage|p1a: Magearna|67/100
|-boost|p2a: Iron Treads|spe|1
|-sideend|p2: p2|Stealth Rock|[from] move: Rapid Spin|[of] p2a: Iron Treads
|move|p1a: Magearna|Aura Sphere|p2a: Iron Treads
|-supereffective|p2a: Iron Treads
|-damage|p2a: Iron Treads|0 fnt
|faint|p2a: Iron Treads
|-ability|p1a: Magearna|Soul-Heart|boost
|-boost|p1a: Magearna|spa|1
|-end|p2a: Iron Treads|Quark Drive|[silent]
|
|-weather|Snow|[upkeep]
|
|switch|p2a: Skeledirge|Skeledirge, M|100/100
|turn|6
|
|switch|p1a: Ting-Lu|Ting-Lu|100/100
|-ability|p1a: Ting-Lu|Vessel of Ruin
|move|p2a: Skeledirge|Will-O-Wisp|p1a: Ting-Lu
|-status|p1a: Ting-Lu|brn
|
|-weather|none
|-damage|p1a: Ting-Lu|94/100 brn|[from] brn
|turn|7
|
|move|p2a: Skeledirge|Torch Song|p1a: Ting-Lu
|-damage|p1a: Ting-Lu|81/100 brn
|-boost|p2a: Skeledirge|spa|1
|move|p1a: Ting-Lu|Ruination|p2a: Skeledirge
|-damage|p2a: Skeledirge|51/100
|
|-heal|p1a: Ting-Lu|88/100 brn|[from] item: Leftovers
|-damage|p1a: Ting-Lu|81/100 brn|[from] brn
|turn|8
|
|move|p2a: Skeledirge|Torch Song|p1a: Ting-Lu
|-damage|p1a: Ting-Lu|64/100 brn
|-boost|p2a: Skeledirge|spa|1
|move|p1a: Ting-Lu|Ruination|p2a: Skeledirge
|-damage|p2a: Skeledirge|26/100
|
|-heal|p1a: Ting-Lu|70/100 brn|[from] item: Leftovers
|-damage|p1a: Ting-Lu|64/100 brn|[from] brn
|turn|9
|
|move|p2a: Skeledirge|Slack Off|p2a: Skeledirge
|-heal|p2a: Skeledirge|76/100
|move|p1a: Ting-Lu|Earthquake|p2a: Skeledirge
|-supereffective|p2a: Skeledirge
|-damage|p2a: Skeledirge|46/100
|
|-heal|p1a: Ting-Lu|70/100 brn|[from] item: Leftovers
|-damage|p1a: Ting-Lu|64/100 brn|[from] brn
|turn|10
|
|switch|p1a: Landorus|Landorus-Therian, M|86/100
|-ability|p1a: Landorus|Intimidate|boost
|-unboost|p2a: Skeledirge|atk|1
|move|p2a: Skeledirge|Slack Off|p2a: Skeledirge
|-heal|p2a: Skeledirge|96/100
|
|turn|11
|
|move|p1a: Landorus|Earthquake|p2a: Skeledirge
|-supereffective|p2a: Skeledirge
|-damage|p2a: Skeledirge|19/100
|move|p2a: Skeledirge|Will-O-Wisp|p1a: Landorus
|-status|p1a: Landorus|brn
|
|-damage|p1a: Landorus|80/100 brn|[from] brn
|turn|12
|
|move|p1a: Landorus|Earthquake|p2a: Skeledirge
|-supereffective|p2a: Skeledirge
|-damage|p2a: Skeledirge|0 fnt
|faint|p2a: Skeledirge
|
|-damage|p1a: Landorus|74/100 brn|[from] brn
|
|switch|p2a: Magearna|Magearna|100/100
|turn|13
|
|move|p1a: Landorus|Earthquake|p2a: Magearna
|-supereffective|p2a: Magearna
|-damage|p2a: Magearna|63/100
|-enditem|p2a: Magearna|Weakness Policy
|-boost|p2a: Magearna|atk|2|[from] item: Weakness Policy
|-boost|p2a: Magearna|spa|2|[from] item: Weakness Policy
|move|p2a: Magearna|Shift Gear|p2a: Magearna
|-boost|p2a: Magearna|spe|2
|-boost|p2a: Magearna|atk|1
|
|-damage|p1a: Landorus|68/100 brn|[from] brn
|turn|14
|
|move|p2a: Magearna|Shift Gear|p2a: Magearna
|-boost|p2a: Magearna|spe|2
|-boost|p2a: Magearna|atk|1
|move|p1a: Landorus|Earthquake|p2a: Magearna
|-supereffective|p2a: Magearna
|-damage|p2a: Magearna|23/100
|
|-damage|p1a: Landorus|62/100 brn|[from] brn
|turn|15
|
|-terastallize|p2a: Magearna|Fairy
|-terastallize|p1a: Landorus|Steel
|move|p2a: Magearna|Draining Kiss|p1a: Landorus
|-resisted|p1a: Landorus
|-damage|p1a: Landorus|20/100 brn
|-heal|p2a: Magearna|56/100|[from] drain|[of] p1a: Landorus
|move|p1a: Landorus|Earthquake|p2a: Magearna
|-damage|p2a: Magearna|36/100
|
|-damage|p1a: Landorus|14/100 brn|[from] brn
|turn|16
|
|move|p2a: Magearna|Draining Kiss|p1a: Landorus
|-resisted|p1a: Landorus
|-damage|p1a: Landorus|0 fnt
|-heal|p2a: Magearna|46/100|[from] drain|[of] p1a: Landorus
|faint|p1a: Landorus
|-ability|p2a: Magearna|Soul-Heart|boost
|-boost|p2a: Magearna|spa|1
|
|
|switch|p1a: Magearna|Magearna|67/100
|turn|17
|
|move|p2a: Magearna|Stored Power|p1a: Magearna
|-resisted|p1a: Magearna
|-damage|p1a: Magearna|0 fnt
|faint|p1a: Magearna
|-ability|p2a: Magearna|Soul-Heart|boost
|-boost|p2a: Magearna|spa|1
|
|
|switch|p1a: Dondozo|Dondozo, F|100/100
|turn|18
|
|move|p2a: Magearna|Draining Kiss|p1a: Dondozo
|-damage|p1a: Dondozo|74/100
|-heal|p2a: Magearna|74/100|[from] drain|[of] p1a: Dondozo
|move|p1a: Dondozo|Liquidation|p2a: Magearna
|-damage|p2a: Magearna|47/100
|
|-heal|p1a: Dondozo|80/100|[from] item: Leftovers
|turn|19
|
|move|p2a: Magearna|Draining Kiss|p1a: Dondozo
|-damage|p1a: Dondozo|52/100
|-heal|p2a: Magearna|77/100|[from] drain|[of] p1a: Dondozo
|move|p1a: Dondozo|Liquidation|p2a: Magearna
|-damage|p2a: Magearna|50/100
|
|-heal|p1a: Dondozo|58/100|[from] item: Leftovers
|turn|20
|
|move|p2a: Magearna|Draining Kiss|p1a: Dondozo
|-damage|p1a: Dondozo|33/100
|-heal|p2a: Magearna|76/100|[from] drain|[of] p1a: Dondozo
|move|p1a: Dondozo|Liquidation|p2a: Magearna
|-damage|p2a: Magearna|50/100
|
|-heal|p1a: Dondozo|39/100|[from] item: Leftovers
|turn|21
|
|move|p2a: Magearna|Draining Kiss|p1a: Dondozo
|-damage|p1a: Dondozo|12/100
|-heal|p2a: Magearna|78/100|[from] drain|[of] p1a: Dondozo
|move|p1a: Dondozo|Liquidation|p2a: Magearna
|-damage|p2a: Magearna|53/100
|
|-heal|p1a: Dondozo|18/100|[from] item: Leftovers
|turn|22
|
|move|p2a: Magearna|Draining Kiss|p1a: Dondozo
|-damage|p1a: Dondozo|0 fnt
|-heal|p2a: Magearna|72/100|[from] drain|[of] p1a: Dondozo
|faint|p1a: Dondozo
|-ability|p2a: Magearna|Soul-Heart|boost
|-boost|p2a: Magearna|spa|1
|
|
|switch|p1a: Ting-Lu|Ting-Lu|64/100 brn
|-ability|p1a: Ting-Lu|Vessel of Ruin
|turn|23
|
|move|p2a: Magearna|Draining Kiss|p1a: Ting-Lu
|-supereffective|p1a: Ting-Lu
|-damage|p1a: Ting-Lu|0 fnt
|-heal|p2a: Magearna|100/100|[from] drain|[of] p1a: Ting-Lu
|faint|p1a: Ting-Lu
|-ability|p2a: Magearna|Soul-Heart|boost
|-boost|p2a: Magearna|spa|1
|
|
|switch|p1a: Sneasler|Sneasler, M|100/100
|turn|24
|
|move|p2a: Magearna|Stored Power|p1a: Sneasler
|-supereffective|p1a: Sneasler
|-damage|p1a: Sneasler|0 fnt
|faint|p1a: Sneasler
|
|
|switch|p1a: Amoonguss|Amoonguss, F|100/100
|turn|25
|
|move|p2a: Magearna|Stored Power|p1a: Amoonguss
|-supereffective|p1a: Amoonguss
|-damage|p1a: Amoonguss|0 fnt
|faint|p1a: Amoonguss
|
|win|p2
