|poke|p1|Volcanion|
|poke|p1|Hoopa-Unbound|
|poke|p1|Heatran, F|
|poke|p1|Zapdos|
|poke|p1|Corviknight, M|
|poke|p1|Samurott-Hisui, M|
|poke|p2|Great Tusk|
|poke|p2|Dragapult, M|
|poke|p2|Goodra-Hisui, M|
|poke|p2|Samurott-Hisui, F|
|poke|p2|Landorus-Therian, M|
|poke|p2|Heatran, M|
|teampreview
|
|start
|switch|p1a: Mr. Craw|Samurott-Hisui, M|100/100
|switch|p2a: Dragapult|Dragapult, M|100/100
|turn|1
|
|switch|p2a: Goodra|Goodra-Hisui, M|100/100
|move|p1a: Mr. Craw|Ceaseless Edge|p2a: Goodra
|-damage|p2a: Goodra|68/100
|-sidestart|p2: deezgrutz|Spikes
|
|turn|2
|
|move|p1a: Mr. Craw|Ceaseless Edge|p2a: Goodra
|-damage|p2a: Goodra|32/100
|-sidestart|p2: deezgrutz|Spikes
|move|p2a: Goodra|Draco Meteor|p1a: Mr. Craw
|-damage|p1a: Mr. Craw|62/100
|-unboost|p2a: Goodra|spa|2
|
|turn|3
|
|switch|p2a: Great Tusk|Great Tusk|100/100
|-damage|p2a: Great Tusk|84/100|[from] Spikes
|move|p1a: Mr. Craw|Ceaseless Edge|p2a: Great Tusk
|-resisted|p2a: Great Tusk
|-damage|p2a: Great Tusk|75/100
|-sidestart|p2: deezgrutz|Spikes
|-damage|p1a: Mr. Craw|46/100|[from] item: Rocky Helmet|[of] p2a: Great Tusk
|
|turn|4
|
|-terastallize|p1a: Mr. Craw|Ghost
|move|p1a: Mr. Craw|Razor Shell|p2a: Great Tusk
|-supereffective|p2a: Great Tusk
|-damage|p2a: Great Tusk|33/100
|-unboost|p2a: Great Tusk|def|1
|-damage|p1a: Mr. Craw|29/100|[from] item: Rocky Helmet|[of] p2a: Great Tusk
|move|p2a: Great Tusk|Rapid Spin|p1a: Mr. Craw
|-immune|p1a: Mr. Craw
|
|turn|5
|
|move|p1a: Mr. Craw|Razor Shell|p2a: Great Tusk
|-supereffective|p2a: Great Tusk
|-damage|p2a: Great Tusk|0 fnt
|-damage|p1a: Mr. Craw|12/100|[from] item: Rocky Helmet|[of] p2a: Great Tusk
|faint|p2a: Great Tusk
|-end|p2a: Great Tusk|Protosynthesis|[silent]
|
|
|switch|p2a: Landorus|Landorus-Therian, M|100/100
|-ability|p2a: Landorus|Intimidate|boost
|-unboost|p1a: Mr. Craw|atk|1
|turn|6
|
|move|p2a: Landorus|U-turn|p1a: Mr. Craw
|-resisted|p1a: Mr. Craw
|-damage|p1a: Mr. Craw|0 fnt
|faint|p1a: Mr. Craw
|
|switch|p2a: Heatran|Heatran, M|100/100|[from] U-turn
|-damage|p2a: Heatran|76/100|[from] Spikes
|
|-heal|p2a: Heatran|82/100|[from] item: Leftovers
|
|switch|p1a: Volcanion|Volcanion|100/100
|turn|7
|
|switch|p2a: Goodra|Goodra-Hisui, M|32/100
|-damage|p2a: Goodra|7/100|[from] Spikes
|move|p1a: Volcanion|Steam Eruption|p2a: Goodra
|-resisted|p2a: Goodra
|-damage|p2a: Goodra|0 fnt
|faint|p2a: Goodra
|
|
|switch|p2a: Samurott|Samurott-Hisui, F|100/100
|-damage|p2a: Samurott|76/100|[from] Spikes
|turn|8
|
|switch|p1a: Corviknight|Corviknight, M|100/100
|move|p2a: Samurott|Ceaseless Edge|p1a: Corviknight
|-damage|p1a: Corviknight|65/100
|-sidestart|p1: Peter_Astroff|Spikes
|-damage|p2a: Samurott|59/100|[from] item: Rocky Helmet|[of] p1a: Corviknight
|-damage|p2a: Samurott|49/100|[from] item: Life Orb
|
|turn|9
|
|move|p2a: Samurott|Ceaseless Edge|p1a: Corviknight
|-damage|p1a: Corviknight|24/100
|-sidestart|p1: Peter_Astroff|Spikes
|-damage|p2a: Samurott|33/100|[from] item: Rocky Helmet|[of] p1a: Corviknight
|-damage|p2a: Samurott|23/100|[from] item: Life Orb
|move|p1a: Corviknight|U-turn|p2a: Samurott
|-supereffective|p2a: Samurott
|-damage|p2a: Samurott|0 fnt
|faint|p2a: Samurott
|
|switch|p1a: Zapdos|Zapdos|100/100|[from] U-turn
|
|
|switch|p2a: Dragapult|Dragapult, M|100/100
|-damage|p2a: Dragapult|76/100|[from] Spikes
|turn|10
|
|move|p2a: Dragapult|Draco Meteor|p1a: Zapdos|[miss]
|-miss|p2a: Dragapult|p1a: Zapdos
|move|p1a: Zapdos|Volt Switch|p2a: Dragapult
|-resisted|p2a: Dragapult
|-damage|p2a: Dragapult|54/100
|
|switch|p1a: Heatran|Heatran, F|100/100|[from] Volt Switch
|-damage|p1a: Heatran|84/100|[from] Spikes
|
|-heal|p1a: Heatran|90/100|[from] item: Leftovers
|turn|11
|
|switch|p2a: Landorus|Landorus-Therian, M|100/100
|-ability|p2a: Landorus|Intimidate|boost
|-unboost|p1a: Heatran|atk|1
|move|p1a: Heatran|Magma Storm|p2a: Landorus
|-damage|p2a: Landorus|44/100
|-activate|p2a: Landorus|move: Magma Storm|[of] p1a: Heatran
|
|-heal|p1a: Heatran|96/100|[from] item: Leftovers
|-damage|p2a: Landorus|32/100|[from] move: Magma Storm|[partiallytrapped]
|turn|12
|
|switch|p1a: Corviknight|Corviknight, M|24/100
|move|p2a: Landorus|U-turn|p1a: Corviknight
|-resisted|p1a: Corviknight
|-damage|p1a: Corviknight|19/100
|-damage|p2a: Landorus|15/100|[from] item: Rocky Helmet|[of] p1a: Corviknight
|
|switch|p2a: Dragapult|Dragapult, M|54/100|[from] U-turn
|-damage|p2a: Dragapult|29/100|[from] Spikes
|
|turn|13
|
|move|p2a: Dragapult|Shadow Ball|p1a: Corviknight
|-damage|p1a: Corviknight|0 fnt
|faint|p1a: Corviknight
|
|
|switch|p1a: Heatran|Heatran, F|96/100
|-damage|p1a: Heatran|80/100|[from] Spikes
|turn|14
|
|switch|p2a: Heatran|Heatran, M|82/100
|-damage|p2a: Heatran|57/100|[from] Spikes
|move|p1a: Heatran|Stealth Rock|p2a: Heatran
|-sidestart|p2: deezgrutz|move: Stealth Rock
|
|-heal|p2a: Heatran|63/100|[from] item: Leftovers
|-heal|p1a: Heatran|86/100|[from] item: Leftovers
|turn|15
|
|switch|p1a: Zapdos|Zapdos|100/100
|move|p2a: Heatran|Stealth Rock|p1a: Zapdos
|-sidestart|p1: Peter_Astroff|move: Stealth Rock
|
|-heal|p2a: Heatran|69/100|[from] item: Leftovers
|turn|16
|
|move|p1a: Zapdos|Thunderbolt|p2a: Heatran
|-damage|p2a: Heatran|42/100
|-status|p2a: Heatran|par
|move|p2a: Heatran|Magma Storm|p1a: Zapdos
|-crit|p1a: Zapdos
|-damage|p1a: Zapdos|34/100
|-activate|p1a: Zapdos|move: Magma Storm|[of] p2a: Heatran
|
|-heal|p2a: Heatran|48/100 par|[from] item: Leftovers
|-damage|p1a: Zapdos|22/100|[from] move: Magma Storm|[partiallytrapped]
|turn|17
|
|move|p1a: Zapdos|Volt Switch|p2a: Heatran
|-crit|p2a: Heatran
|-damage|p2a: Heatran|18/100 par
|
|switch|p1a: Volcanion|Volcanion|100/100|[from] Volt Switch
|-damage|p1a: Volcanion|84/100|[from] Spikes
|-damage|p1a: Volcanion|59/100|[from] Stealth Rock
|cant|p2a: Heatran|par
|
|-heal|p2a: Heatran|24/100 par|[from] item: Leftovers
|turn|18
|
|move|p1a: Volcanion|Steam Eruption|p2a: Heatran
|-supereffective|p2a: Heatran
|-damage|p2a: Heatran|0 fnt
|faint|p2a: Heatran
|
|
|switch|p2a: Landorus|Landorus-Therian, M|15/100
|-damage|p2a: Landorus|3/100|[from] Stealth Rock
|-ability|p2a: Landorus|Intimidate|boost
|-unboost|p1a: Volcanion|atk|1
|turn|19
|
|move|p2a: Landorus|Stone Edge|p1a: Volcanion
|-supereffective|p1a: Volcanion
|-damage|p1a: Volcanion|0 fnt
|faint|p1a: Volcanion
|
|
|switch|p1a: Zapdos|Zapdos|22/100
|turn|20
|
|move|p2a: Landorus|Stone Edge|p1a: Zapdos
|-supereffective|p1a: Zapdos
|-damage|p1a: Zapdos|0 fnt
|faint|p1a: Zapdos
|
|
|switch|p1a: Hoopa|Hoopa-Unbound|100/100
|-damage|p1a: Hoopa|84/100|[from] Spikes
|-damage|p1a: Hoopa|72/100|[from] Stealth Rock
|turn|21
|
|move|p2a: Landorus|Stone Edge|p1a: Hoopa
|-crit|p1a: Hoopa
|-damage|p1a: Hoopa|0 fnt
|faint|p1a: Hoopa
|
|
|switch|p1a: Heatran|Heatran, F|86/100
|-damage|p1a: Heatran|69/100|[from] Spikes
|-damage|p1a: Heatran|57/100|[from] Stealth Rock
|turn|22
|
|move|p2a: Landorus|Stone Edge|p1a: Heatran
|-damage|p1a: Heatran|24/100
|move|p1a: Heatran|Magma Storm|p2a: Landorus|[miss]
|-miss|p1a: Heatran|p2a: Landorus
|
|-heal|p1a: Heatran|31/100|[from] item: Leftovers
|turn|23
|
|move|p2a: Landorus|Stone Edge|p1a: Heatran
|-damage|p1a: Heatran|0 fnt
|faint|p1a: Heatran
|
|win|deezgrutz
