# advantage = p1
|poke|p1|Garchomp, M|
|poke|p1|Kingambit, M|
|poke|p1|Corviknight, M|
|poke|p1|Urshifu-*, M|
|poke|p1|Skeledirge, M|
|poke|p1|Zamazenta-*|
|poke|p2|Skeledirge, F|
|poke|p2|Lilligant-Hisui, F|
|poke|p2|Urshifu-*, F|
|poke|p2|Kingambit, M|
|poke|p2|Great Tusk|
|poke|p2|Zapdos|
|teampreview
|
|start
|switch|p1a: Urshifu|Urshifu-Rapid-Strike, M|100/100
|switch|p2a: Zapdos|Zapdos|100/100
|turn|1
|
|switch|p1a: Garchomp|Garchomp, M, shiny|100/100
|move|p2a: Zapdos|Hurricane|p1a: Garchomp
|-damage|p1a: Garchomp|54/100
|
|turn|2
|
|move|p1a: Garchomp|Stealth Rock|p2a: Zapdos
|-sidestart|p2: p2|move: Stealth Rock
|move|p2a: Zapdos|Hurricane|p1a: Garchomp
|-damage|p1a: Garchomp|8/100
|
|turn|3
|
|move|p1a: Garchomp|Spikes|p2a: Zapdos
|-sidestart|p2: p2|Spikes
|move|p2a: Zapdos|Hurricane|p1a: Garchomp
|-crit|p1a: Garchomp
|-damage|p1a: Garchomp|0 fnt
|faint|p1a: Garchomp
|
|
|switch|p1a: Skeledirge|Skeledirge, M|100/100
|turn|4
|
|move|p2a: Zapdos|Volt Switch|p1a: Skeledirge
|-damage|p1a: Skeledirge|78/100
|
|switch|p2a: Skeledirge|Skeledirge, F|100/100|[from] Volt Switch
|move|p1a: Skeledirge|Will-O-Wisp|p2a: Skeledirge
|-immune|p2a: Skeledirge
|
|turn|5
|
|switch|p2a: Kingambit|Kingambit, M|100/100
|-damage|p2a: Kingambit|94/100|[from] Stealth Rock
|-damage|p2a: Kingambit|82/100|[from] Spikes
|switch|p1a: Urshifu|Urshifu-Rapid-Strike, M|100/100
|
|-heal|p2a: Kingambit|88/100|[from] item: Leftovers
|turn|6
|
|-end|p2a: Kingambit|fallenundefined|[silent]
|switch|p2a: Zapdos|Zapdos|100/100
|move|p1a: Urshifu|Swords Dance|p1a: Urshifu
|-boost|p1a: Urshifu|atk|2
|
|turn|7
|
|move|p1a: Urshifu|Surging Strikes|p2a: Zapdos
|-crit|p2a: Zapdos
|-damage|p2a: Zapdos|70/100
|-crit|p2a: Zapdos
|-damage|p2a: Zapdos|40/100
|-crit|p2a: Zapdos
|-damage|p2a: Zapdos|10/100
|-hitcount|p2a: Zapdos|3
|move|p2a: Zapdos|Volt Switch|p1a: Urshifu
|-supereffective|p1a: Urshifu
|-damage|p1a: Urshifu|19/100
|
|switch|p2a: Lilligant|Lilligant-Hisui, F|100/100|[from] Volt Switch
|-damage|p2a: Lilligant|94/100|[from] Stealth Rock
|-damage|p2a: Lilligant|82/100|[from] Spikes
|
|turn|8
|
|move|p2a: Lilligant|Sleep Powder|p1a: Urshifu|[miss]
|-miss|p2a: Lilligant|p1a: Urshifu
|move|p1a: Urshifu|Close Combat|p2a: Lilligant
|-damage|p2a: Lilligant|0 fnt
|-unboost|p1a: Urshifu|def|1
|-unboost|p1a: Urshifu|spd|1
|faint|p2a: Lilligant
|
|
|switch|p2a: Great Tusk|Great Tusk|100/100
|-damage|p2a: Great Tusk|98/100|[from] Stealth Rock
|-damage|p2a: Great Tusk|85/100|[from] Spikes
|turn|9
|
|-terastallize|p2a: Great Tusk|Water
|move|p1a: Urshifu|Surging Strikes|p2a: Great Tusk
|-resisted|p2a: Great Tusk
|-crit|p2a: Great Tusk
|-damage|p2a: Great Tusk|74/100
|-resisted|p2a: Great Tusk
|-crit|p2a: Great Tusk
|-damage|p2a: Great Tusk|64/100
|-resisted|p2a: Great Tusk
|-crit|p2a: Great Tusk
|-damage|p2a: Great Tusk|54/100
|-hitcount|p2a: Great Tusk|3
|move|p2a: Great Tusk|Rapid Spin|p1a: Urshifu
|-damage|p1a: Urshifu|0 fnt
|-boost|p2a: Great Tusk|spe|1
|-sideend|p2: p2|Spikes|[from] move: Rapid Spin|[of] p2a: Great Tusk
|-sideend|p2: p2|Stealth Rock|[from] move: Rapid Spin|[of] p2a: Great Tusk
|faint|p1a: Urshifu
|
|-heal|p2a: Great Tusk|60/100|[from] item: Leftovers
|
|switch|p1a: Zamazenta|Zamazenta|100/100
|-ability|p1a: Zamazenta|Dauntless Shield|boost
|-boost|p1a: Zamazenta|def|1
|turn|10
|
|-end|p2a: Great Tusk|Protosynthesis|[silent]
|switch|p2a: Skeledirge|Skeledirge, F|100/100
|move|p1a: Zamazenta|Close Combat|p2a: Skeledirge
|-immune|p2a: Skeledirge
|
|turn|11
|
|switch|p1a: Skeledirge|Skeledirge, M|78/100
|move|p2a: Skeledirge|Torch Song|p1a: Skeledirge
|-resisted|p1a: Skeledirge
|-damage|p1a: Skeledirge|68/100
|-boost|p2a: Skeledirge|spa|1
|
|turn|12
|
|move|p1a: Skeledirge|Slack Off|p1a: Skeledirge
|-heal|p1a: Skeledirge|100/100
|move|p2a: Skeledirge|Shadow Ball|p1a: Skeledirge
|-supereffective|p1a: Skeledirge
|-damage|p1a: Skeledirge|59/100
|
|turn|13
|
|switch|p1a: Kingambit|Kingambit, M|100/100
|-activate|p1a: Kingambit|ability: Supreme Overlord
|-start|p1a: Kingambit|fallen2|[silent]
|move|p2a: Skeledirge|Shadow Ball|p1a: Kingambit
|-resisted|p1a: Kingambit
|-damage|p1a: Kingambit|80/100
|
|-heal|p1a: Kingambit|86/100|[from] item: Leftovers
|turn|14
|
|switch|p2a: Zapdos|Zapdos|10/100
|-terastallize|p1a: Kingambit|Flying
|move|p1a: Kingambit|Kowtow Cleave|p2a: Zapdos
|-damage|p2a: Zapdos|0 fnt
|faint|p2a: Zapdos
|
|-heal|p1a: Kingambit|92/100|[from] item: Leftovers
|
|switch|p2a: Urshifu|Urshifu-Rapid-Strike, F|100/100
|turn|15
|
|move|p2a: Urshifu|Swords Dance|p2a: Urshifu
|-boost|p2a: Urshifu|atk|2
|move|p1a: Kingambit|Tera Blast|p2a: Urshifu
|-supereffective|p2a: Urshifu
|-damage|p2a: Urshifu|0 fnt
|faint|p2a: Urshifu
|
|-heal|p1a: Kingambit|99/100|[from] item: Leftovers
|
|switch|p2a: Kingambit|Kingambit, M|88/100
|-activate|p2a: Kingambit|ability: Supreme Overlord
|-start|p2a: Kingambit|fallen3|[silent]
|turn|16
|
|move|p2a: Kingambit|Swords Dance|p2a: Kingambit
|-boost|p2a: Kingambit|atk|2
|move|p1a: Kingambit|Swords Dance|p1a: Kingambit
|-boost|p1a: Kingambit|atk|2
|
|-heal|p2a: Kingambit|94/100|[from] item: Leftovers
|-heal|p1a: Kingambit|100/100|[from] item: Leftovers
|turn|17
|
|move|p2a: Kingambit|Kowtow Cleave|p1a: Kingambit
|-damage|p1a: Kingambit|1/100
|move|p1a: Kingambit|Kowtow Cleave|p2a: Kingambit
|-resisted|p2a: Kingambit
|-damage|p2a: Kingambit|49/100
|
|-heal|p2a: Kingambit|55/100|[from] item: Leftovers
|-heal|p1a: Kingambit|7/100|[from] item: Leftovers
|turn|18
|
|move|p1a: Kingambit|Sucker Punch|p2a: Kingambit
|-resisted|p2a: Kingambit
|-damage|p2a: Kingambit|13/100
|move|p2a: Kingambit|Kowtow Cleave|p1a: Kingambit
|-damage|p1a: Kingambit|0 fnt
|faint|p1a: Kingambit
|-end|p1a: Kingambit|fallen2|[silent]
|
|-heal|p2a: Kingambit|19/100|[from] item: Leftovers
|
|switch|p1a: Zamazenta|Zamazenta|100/100
|turn|19
|
|move|p1a: Zamazenta|Crunch|p2a: Kingambit
|-resisted|p2a: Kingambit
|-damage|p2a: Kingambit|3/100
|move|p2a: Kingambit|Iron Head|p1a: Zamazenta
|-damage|p1a: Zamazenta|0 fnt
|faint|p1a: Zamazenta
|
|-heal|p2a: Kingambit|9/100|[from] item: Leftovers
|
|switch|p1a: Skeledirge|Skeledirge, M|59/100
|turn|20
|
|move|p2a: Kingambit|Kowtow Cleave|p1a: Skeledirge
|-supereffective|p1a: Skeledirge
|-damage|p1a: Skeledirge|0 fnt
|faint|p1a: Skeledirge
|
|-heal|p2a: Kingambit|15/100|[from] item: Leftovers
|
|switch|p1a: Corviknight|Corviknight, M, shiny|100/100
|-ability|p1a: Corviknight|Pressure
|turn|21
|
|move|p2a: Kingambit|Kowtow Cleave|p1a: Corviknight
|-damage|p1a: Corviknight|18/100
|-damage|p2a: Kingambit|0 fnt|[from] item: Rocky Helmet|[of] p1a: Corviknight
|faint|p2a: Kingambit
|-end|p2a: Kingambit|fallen3|[silent]
|move|p1a: Corviknight|Brave Bird|p2: Kingambit|[notarget]
|-fail|p1a: Corviknight
|
|
|switch|p2a: Skeledirge|Skeledirge, F|100/100
|turn|22
|-message|p1 forfeited.
|
|win|p2
