# advantage = p1
|poke|p1|Meowscarada, F|
|poke|p1|Great Tusk|
|poke|p1|Baxcalibur, M|
|poke|p1|Volcarona, F|
|poke|p1|Amoonguss, M|
|poke|p1|Braviary-Hisui, M|
|poke|p2|Slither Wing|
|poke|p2|Rabsca, F|
|poke|p2|Lokix, F|
|poke|p2|Spidops, F|
|poke|p2|Kleavor, F|
|poke|p2|Kricketune, M|
|teampreview
|
|start
|switch|p1a: Braviary|Braviary-Hisui, M|100/100
|switch|p2a: Kricketune|Kricketune, M|100/100
|turn|1
|
|move|p2a: Kricketune|Night Slash|p1a: Braviary
|-supereffective|p1a: Braviary
|-damage|p1a: Braviary|58/100
|move|p1a: Braviary|Esper Wing|p2a: Kricketune
|-crit|p2a: Kricketune
|-damage|p2a: Kricketune|0 fnt
|-boost|p1a: Braviary|spe|1
|faint|p2a: Kricketune
|
|-heal|p1a: Braviary|64/100|[from] item: Leftovers
|
|switch|p2a: Kleavor|Kleavor, F|100/100
|turn|2
|
|-terastallize|p1a: Braviary|Fighting
|move|p2a: Kleavor|Stone Edge|p1a: Braviary|[miss]
|-miss|p2a: Kleavor|p1a: Braviary
|move|p1a: Braviary|Esper Wing|p2a: Kleavor
|-damage|p2a: Kleavor|35/100
|-boost|p1a: Braviary|spe|1
|
|-heal|p1a: Braviary|70/100|[from] item: Leftovers
|turn|3
|
|move|p1a: Braviary|Tera Blast|p2a: Kleavor
|-damage|p2a: Kleavor|0 fnt
|faint|p2a: Kleavor
|
|-heal|p1a: Braviary|77/100|[from] item: Leftovers
|
|switch|p2a: Spidops|Spidops, F|100/100
|turn|4
|
|move|p1a: Braviary|Hurricane|p2a: Spidops
|-supereffective|p2a: Spidops
|-damage|p2a: Spidops|0 fnt
|faint|p2a: Spidops
|
|-heal|p1a: Braviary|83/100|[from] item: Leftovers
|
|switch|p2a: Lokix|Lokix, F|100/100
|turn|5
|
|move|p1a: Braviary|Hurricane|p2a: Lokix
|-supereffective|p2a: Lokix
|-damage|p2a: Lokix|0 fnt
|faint|p2a: Lokix
|
|-heal|p1a: Braviary|89/100|[from] item: Leftovers
|
|switch|p2a: Rabsca|Rabsca, F|100/100
|turn|6
|
|move|p1a: Braviary|Hurricane|p2a: Rabsca
|-supereffective|p2a: Rabsca
|-damage|p2a: Rabsca|0 fnt
|faint|p2a: Rabsca
|
|-heal|p1a: Braviary|95/100|[from] item: Leftovers
|
|switch|p2a: Slither Wing|Slither Wing|100/100
|-enditem|p2a: Slither Wing|Booster Energy
|-activate|p2a: Slither Wing|ability: Protosynthesis|[fromitem]
|-start|p2a: Slither Wing|protosynthesisatk
|turn|7
|
|-terastallize|p2a: Slither Wing|Bug
|move|p1a: Braviary|Esper Wing|p2a: Slither Wing
|-damage|p2a: Slither Wing|58/100
|-boost|p1a: Braviary|spe|1
|move|p2a: Slither Wing|Aerial Ace|p1a: Braviary
|-supereffective|p1a: Braviary
|-damage|p1a: Braviary|35/100
|
|-heal|p1a: Braviary|42/100|[from] item: Leftovers
|turn|8
|
|move|p1a: Braviary|Hurricane|p2a: Slither Wing
|-supereffective|p2a: Slither Wing
|-damage|p2a: Slither Wing|0 fnt
|faint|p2a: Slither Wing
|-end|p2a: Slither Wing|Protosynthesis|[silent]
|
|win|p1
