# advantage = p1
|poke|p1|Azelf|
|poke|p1|Moltres-Galar|
|poke|p1|Urshifu-*, M|
|poke|p1|Magearna|
|poke|p1|Roaring Moon|
|poke|p1|Kingambit, F|
|poke|p2|Iron Treads|
|poke|p2|Beartic, M|
|poke|p2|Cloyster, F|
|poke|p2|Cryogonal|
|poke|p2|Thundurus-Therian, M|
|poke|p2|Lucario, F|
|teampreview
|
|start
|switch|p1a: Magearna|Magearna|100/100
|switch|p2a: Thundurus|Thundurus-Therian, M|100/100
|turn|1
|
|move|p2a: Thundurus|Volt Switch|p1a: Magearna
|-damage|p1a: Magearna|65/100
|
|switch|p2a: Cryogonal|Cryogonal|100/100|[from] Volt Switch
|move|p1a: Magearna|Calm Mind|p1a: Magearna
|-boost|p1a: Magearna|spa|1
|-boost|p1a: Magearna|spd|1
|
|-heal|p1a: Magearna|71/100|[from] item: Leftovers
|turn|2
|
|move|p2a: Cryogonal|Snowscape|p2a: Cryogonal
|-weather|Snow
|move|p1a: Magearna|Calm Mind|p1a: Magearna
|-boost|p1a: Magearna|spa|1
|-boost|p1a: Magearna|spd|1
|
|-weather|Snow|[upkeep]
|-heal|p1a: Magearna|77/100|[from] item: Leftovers
|turn|3
|
|switch|p2a: Beartic|Beartic, M|100/100
|move|p1a: Magearna|Shift Gear|p1a: Magearna
|-boost|p1a: Magearna|spe|2
|-boost|p1a: Magearna|atk|1
|
|-weather|Snow|[upkeep]
|-heal|p1a: Magearna|83/100|[from] item: Leftovers
|turn|4
|
|-terastallize|p1a: Magearna|Water
|move|p2a: Beartic|Swords Dance|p2a: Beartic
|-boost|p2a: Beartic|atk|2
|move|p1a: Magearna|Shift Gear|p1a: Magearna
|-boost|p1a: Magearna|spe|2
|-boost|p1a: Magearna|atk|1
|
|-weather|Snow|[upkeep]
|-heal|p1a: Magearna|89/100|[from] item: Leftovers
|turn|5
|
|move|p1a: Magearna|Shift Gear|p1a: Magearna
|-boost|p1a: Magearna|spe|2
|-boost|p1a: Magearna|atk|1
|move|p2a: Beartic|Earthquake|p1a: Magearna
|-damage|p1a: Magearna|42/100
|
|-weather|Snow|[upkeep]
|-heal|p1a: Magearna|48/100|[from] item: Leftovers
|turn|6
|
|move|p1a: Magearna|Draining Kiss|p2a: Beartic
|-damage|p2a: Beartic|47/100
|-heal|p1a: Magearna|85/100|[from] drain|[of] p2a: Beartic
|move|p2a: Beartic|Earthquake|p1a: Magearna
|-damage|p1a: Magearna|34/100
|
|-weather|Snow|[upkeep]
|-heal|p1a: Magearna|40/100|[from] item: Leftovers
|turn|7
|
|move|p1a: Magearna|Draining Kiss|p2a: Beartic
|-damage|p2a: Beartic|0 fnt
|-heal|p1a: Magearna|72/100|[from] drain|[of] p2a: Beartic
|faint|p2a: Beartic
|-ability|p1a: Magearna|Soul-Heart|boost
|-boost|p1a: Magearna|spa|1
|
|-weather|Snow|[upkeep]
|-heal|p1a: Magearna|78/100|[from] item: Leftovers
|
|switch|p2a: Lucario|Lucario, F|100/100
|turn|8
|
|move|p1a: Magearna|Draining Kiss|p2a: Lucario
|-damage|p2a: Lucario|19/100
|-heal|p1a: Magearna|100/100|[from] drain|[of] p2a: Lucario
|move|p2a: Lucario|Swords Dance|p2a: Lucario
|-boost|p2a: Lucario|atk|2
|
|-weather|Snow|[upkeep]
|turn|9
|
|move|p2a: Lucario|Extreme Speed|p1a: Magearna
|-damage|p1a: Magearna|66/100
|move|p1a: Magearna|Draining Kiss|p2a: Lucario
|-damage|p2a: Lucario|0 fnt
|-heal|p1a: Magearna|77/100|[from] drain|[of] p2a: Lucario
|faint|p2a: Lucario
|-ability|p1a: Magearna|Soul-Heart|boost
|-boost|p1a: Magearna|spa|1
|
|-weather|none
|-heal|p1a: Magearna|83/100|[from] item: Leftovers
|
|switch|p2a: Thundurus|Thundurus-Therian, M|100/100
|turn|10
|
|move|p1a: Magearna|Stored Power|p2a: Thundurus
|-damage|p2a: Thundurus|0 fnt
|faint|p2a: Thundurus
|-ability|p1a: Magearna|Soul-Heart|boost
|-boost|p1a: Magearna|spa|1
|
|-heal|p1a: Magearna|89/100|[from] item: Leftovers
|
|switch|p2a: Cryogonal|Cryogonal|100/100
|turn|11
|
|move|p1a: Magearna|Stored Power|p2a: Cryogonal
|-damage|p2a: Cryogonal|0 fnt
|faint|p2a: Cryogonal
|-ability|p1a: Magearna|Soul-Heart|boost
|-boost|p1a: Magearna|spa|1
|
|-heal|p1a: Magearna|95/100|[from] item: Leftovers
|
|switch|p2a: Iron Treads|Iron Treads|100/100
|turn|12
|
|move|p1a: Magearna|Stored Power|p2a: Iron Treads
|-resisted|p2a: Iron Treads
|-damage|p2a: Iron Treads|0 fnt
|faint|p2a: Iron Treads
|-end|p2a: Iron Treads|Quark Drive|[silent]
|
|-heal|p1a: Magearna|100/100|[from] item: Leftovers
|
|switch|p2a: Cloyster|Cloyster, F|100/100
|turn|13
|
|move|p1a: Magearna|Stored Power|p2a: Cloyster
|-crit|p2a: Cloyster
|-damage|p2a: Cloyster|0 fnt
|faint|p2a: Cloyster
|
|win|p1
