# advantage = p2
|poke|p1|Iron Moth|
|poke|p1|Corviknight, F|
|poke|p1|Great Tusk|
|poke|p1|Gholdengo|
|poke|p1|Rotom-Wash|
|poke|p1|Azelf|
|poke|p2|Goodra-Hisui, M|
|poke|p2|Zapdos-Galar|
|poke|p2|Iron Treads|
|poke|p2|Dragapult, M|
|poke|p2|Volcanion|
|poke|p2|Enamorus-Therian, F|
|teampreview
|
|start
|switch|p1a: Azelf|Azelf|100/100
|switch|p2a: Iron Treads|Iron Treads|100/100
|turn|1
|
|move|p1a: Azelf|Stealth Rock|p2a: Iron Treads
|-sidestart|p2: p2|move: Stealth Rock
|move|p2a: Iron Treads|Rapid Spin|p1a: Azelf
|-damage|p1a: Azelf|80/100
|-boost|p2a: Iron Treads|spe|1
|-sideend|p2: p2|Stealth Rock|[from] move: Rapid Spin|[of] p2a: Iron Treads
|
|turn|2
|
|switch|p1a: Great Tusk|Great Tusk|100/100
|move|p2a: Iron Treads|Stealth Rock|p1a: Great Tusk
|-sidestart|p1: p1|move: Stealth Rock
|
|turn|3
|
|-end|p2a: Iron Treads|Quark Drive|[silent]
|switch|p2a: Enamorus|Enamorus-Therian, F|100/100
|move|p1a: Great Tusk|Rapid Spin|p2a: Enamorus
|-damage|p2a: Enamorus|85/100
|-boost|p1a: Great Tusk|spe|1
|-sideend|p1: p1|Stealth Rock|[from] move: Rapid Spin|[of] p1a: Great Tusk
|
|turn|4
|
|-end|p1a: Great Tusk|Protosynthesis|[silent]
|switch|p1a: Gholdengo|Gholdengo|100/100
|move|p2a: Enamorus|Draining Kiss|p1a: Gholdengo
|-resisted|p1a: Gholdengo
|-damage|p1a: Gholdengo|84/100
|-heal|p2a: Enamorus|98/100|[from] drain|[of] p1a: Gholdengo
|
|turn|5
|
|switch|p2a: Iron Treads|Iron Treads|100/100
|move|p1a: Gholdengo|Focus Blast|p2a: Iron Treads|[miss]
|-miss|p1a: Gholdengo|p2a: Iron Treads
|
|turn|6
|
|switch|p1a: Corviknight|Corviknight, F|100/100
|-ability|p1a: Corviknight|Pressure
|move|p2a: Iron Treads|Stealth Rock|p1a: Corviknight
|-sidestart|p1: p1|move: Stealth Rock
|
|turn|7
|
|move|p2a: Iron Treads|Volt Switch|p1a: Corviknight
|-supereffective|p1a: Corviknight
|-damage|p1a: Corviknight|77/100
|
|-end|p2a: Iron Treads|Quark Drive|[silent]
|switch|p2a: Volcanion|Volcanion|100/100|[from] Volt Switch
|move|p1a: Corviknight|U-turn|p2a: Volcanion
|-resisted|p2a: Volcanion
|-damage|p2a: Volcanion|94/100
|
|switch|p1a: Great Tusk|Great Tusk|100/100|[from] U-turn
|
|turn|8
|
|move|p2a: Volcanion|Steam Eruption|p1a: Great Tusk
|-supereffective|p1a: Great Tusk
|-damage|p1a: Great Tusk|0 fnt
|faint|p1a: Great Tusk
|-end|p1a: Great Tusk|Protosynthesis|[silent]
|
|
|switch|p1a: Rotom|Rotom-Wash|100/100
|-damage|p1a: Rotom|88/100|[from] Stealth Rock
|turn|9
|
|switch|p2a: Iron Treads|Iron Treads|100/100
|move|p1a: Rotom|Thunder Wave|p2a: Iron Treads
|-immune|p2a: Iron Treads
|
|-heal|p1a: Rotom|94/100|[from] item: Leftovers
|turn|10
|
|move|p2a: Iron Treads|Volt Switch|p1a: Rotom
|-damage|p1a: Rotom|85/100
|
|-end|p2a: Iron Treads|Quark Drive|[silent]
|switch|p2a: Dragapult|Dragapult, M|100/100|[from] Volt Switch
|move|p1a: Rotom|Hydro Pump|p2a: Dragapult
|-resisted|p2a: Dragapult
|-crit|p2a: Dragapult
|-damage|p2a: Dragapult|62/100
|
|-heal|p1a: Rotom|91/100|[from] item: Leftovers
|turn|11
|
|move|p2a: Dragapult|Shadow Ball|p1a: Rotom
|-damage|p1a: Rotom|49/100
|move|p1a: Rotom|Thunder Wave|p2a: Dragapult
|-status|p2a: Dragapult|par
|
|-heal|p1a: Rotom|55/100|[from] item: Leftovers
|turn|12
|
|move|p1a: Rotom|Volt Switch|p2a: Dragapult
|-resisted|p2a: Dragapult
|-damage|p2a: Dragapult|44/100 par
|
|switch|p1a: Azelf|Azelf|80/100|[from] Volt Switch
|-damage|p1a: Azelf|67/100|[from] Stealth Rock
|cant|p2a: Dragapult|par
|
|turn|13
|
|move|p1a: Azelf|Ice Punch|p2a: Dragapult
|-supereffective|p2a: Dragapult
|-damage|p2a: Dragapult|0 fnt
|faint|p2a: Dragapult
|
|
|switch|p2a: Volcanion|Volcanion|94/100
|turn|14
|
|move|p2a: Volcanion|Overheat|p1a: Azelf
|-damage|p1a: Azelf|0 fnt
|-unboost|p2a: Volcanion|spa|2
|faint|p1a: Azelf
|
|
|switch|p1a: Rotom|Rotom-Wash|55/100
|-damage|p1a: Rotom|42/100|[from] Stealth Rock
|turn|15
|
|switch|p2a: Goodra|Goodra-Hisui, M|100/100
|move|p1a: Rotom|Hydro Pump|p2a: Goodra
|-resisted|p2a: Goodra
|-damage|p2a: Goodra|90/100
|
|-heal|p1a: Rotom|49/100|[from] item: Leftovers
|-heal|p2a: Goodra|96/100|[from] item: Leftovers
|turn|16
|
|move|p1a: Rotom|Thunder Wave|p2a: Goodra
|-status|p2a: Goodra|par
|move|p2a: Goodra|Curse|p2a: Goodra
|-unboost|p2a: Goodra|spe|1
|-boost|p2a: Goodra|atk|1
|-boost|p2a: Goodra|def|1
|
|-heal|p1a: Rotom|55/100|[from] item: Leftovers
|-heal|p2a: Goodra|100/100 par|[from] item: Leftovers
|turn|17
|
|move|p1a: Rotom|Volt Switch|p2a: Goodra
|-resisted|p2a: Goodra
|-damage|p2a: Goodra|94/100 par
|
|switch|p1a: Gholdengo|Gholdengo|84/100|[from] Volt Switch
|-damage|p1a: Gholdengo|78/100|[from] Stealth Rock
|move|p2a: Goodra|Curse|p2a: Goodra
|-unboost|p2a: Goodra|spe|1
|-boost|p2a: Goodra|atk|1
|-boost|p2a: Goodra|def|1
|
|-heal|p2a: Goodra|99/100 par|[from] item: Leftovers
|turn|18
|
|-terastallize|p2a: Goodra|Water
|move|p1a: Gholdengo|Trick|p2a: Goodra
|-activate|p1a: Gholdengo|move: Trick|[of] p2a: Goodra
|-item|p2a: Goodra|Choice Scarf|[from] move: Trick
|-item|p1a: Gholdengo|Leftovers|[from] move: Trick
|cant|p2a: Goodra|par
|
|-heal|p1a: Gholdengo|84/100|[from] item: Leftovers
|turn|19
|
|move|p1a: Gholdengo|Shadow Ball|p2a: Goodra
|-crit|p2a: Goodra
|-damage|p2a: Goodra|66/100 par
|move|p2a: Goodra|Heavy Slam|p1a: Gholdengo
|-resisted|p1a: Gholdengo
|-damage|p1a: Gholdengo|41/100
|
|-heal|p1a: Gholdengo|47/100|[from] item: Leftovers
|turn|20
|
|move|p1a: Gholdengo|Shadow Ball|p2a: Goodra
|-damage|p2a: Goodra|43/100 par
|cant|p2a: Goodra|par
|
|-heal|p1a: Gholdengo|53/100|[from] item: Leftovers
|turn|21
|
|move|p1a: Gholdengo|Shadow Ball|p2a: Goodra
|-damage|p2a: Goodra|19/100 par
|move|p2a: Goodra|Heavy Slam|p1a: Gholdengo
|-resisted|p1a: Gholdengo
|-damage|p1a: Gholdengo|8/100
|
|-heal|p1a: Gholdengo|14/100|[from] item: Leftovers
|turn|22
|
|move|p1a: Gholdengo|Shadow Ball|p2a: Goodra
|-damage|p2a: Goodra|0 fnt
|faint|p2a: Goodra
|
|-heal|p1a: Gholdengo|20/100|[from] item: Leftovers
|
|switch|p2a: Zapdos|Zapdos-Galar|100/100
|turn|23
|
|move|p2a: Zapdos|U-turn|p1a: Gholdengo
|-resisted|p1a: Gholdengo
|-damage|p1a: Gholdengo|11/100
|
|switch|p2a: Iron Treads|Iron Treads|100/100|[from] U-turn
|move|p1a: Gholdengo|Make It Rain|p2a: Iron Treads
|-resisted|p2a: Iron Treads
|-damage|p2a: Iron Treads|66/100
|-unboost|p1a: Gholdengo|spa|1
|
|-heal|p1a: Gholdengo|17/100|[from] item: Leftovers
|turn|24
|
|move|p2a: Iron Treads|Volt Switch|p1a: Gholdengo
|-damage|p1a: Gholdengo|5/100
|
|-end|p2a: Iron Treads|Quark Drive|[silent]
|switch|p2a: Enamorus|Enamorus-Therian, F|98/100|[from] Volt Switch
|move|p1a: Gholdengo|Focus Blast|p2a: Enamorus
|-resisted|p2a: Enamorus
|-damage|p2a: Enamorus|89/100
|
|-heal|p1a: Gholdengo|11/100|[from] item: Leftovers
|turn|25
|
|move|p1a: Gholdengo|Make It Rain|p2a: Enamorus
|-supereffective|p2a: Enamorus
|-damage|p2a: Enamorus|0 fnt
|-unboost|p1a: Gholdengo|spa|1
|faint|p2a: Enamorus
|
|-heal|p1a: Gholdengo|17/100|[from] item: Leftovers
|
|switch|p2a: Volcanion|Volcanion|94/100
|turn|26
|
|move|p2a: Volcanion|Flamethrower|p1a: Gholdengo
|-supereffective|p1a: Gholdengo
|-damage|p1a: Gholdengo|0 fnt
|faint|p1a: Gholdengo
|
|
|switch|p1a: Rotom|Rotom-Wash|55/100
|-damage|p1a: Rotom|42/100|[from] Stealth Rock
|turn|27
|
|switch|p2a: Iron Treads|Iron Treads|66/100
|move|p1a: Rotom|Volt Switch|p2a: Iron Treads
|-immune|p2a: Iron Treads
|
|-heal|p1a: Rotom|49/100|[from] item: Leftovers
|turn|28
|
|move|p2a: Iron Treads|Rapid Spin|p1a: Rotom
|-damage|p1a: Rotom|34/100
|-boost|p2a: Iron Treads|spe|1
|move|p1a: Rotom|Volt Switch|p2a: Iron Treads
|-immune|p2a: Iron Treads
|
|-heal|p1a: Rotom|40/100|[from] item: Leftovers
|turn|29
|
|move|p2a: Iron Treads|Rapid Spin|p1a: Rotom
|-damage|p1a: Rotom|26/100
|-boost|p2a: Iron Treads|spe|1
|move|p1a: Rotom|Hydro Pump|p2a: Iron Treads
|-supereffective|p2a: Iron Treads
|-damage|p2a: Iron Treads|0 fnt
|faint|p2a: Iron Treads
|-end|p2a: Iron Treads|Quark Drive|[silent]
|
|-heal|p1a: Rotom|32/100|[from] item: Leftovers
|
|switch|p2a: Zapdos|Zapdos-Galar|100/100
|turn|30
|
|move|p2a: Zapdos|Close Combat|p1a: Rotom
|-damage|p1a: Rotom|0 fnt
|-unboost|p2a: Zapdos|def|1
|-unboost|p2a: Zapdos|spd|1
|faint|p1a: Rotom
|
|
|switch|p1a: Iron Moth|Iron Moth|100/100
|-damage|p1a: Iron Moth|76/100|[from] Stealth Rock
|-enditem|p1a: Iron Moth|Booster Energy
|-activate|p1a: Iron Moth|ability: Quark Drive|[fromitem]
|-start|p1a: Iron Moth|quarkdrivespe
|turn|31
|
|move|p1a: Iron Moth|Psychic|p2a: Zapdos
|-supereffective|p2a: Zapdos
|-damage|p2a: Zapdos|0 fnt
|faint|p2a: Zapdos
|
|
|switch|p2a: Volcanion|Volcanion|94/100
|turn|32
|
|-terastallize|p1a: Iron Moth|Fairy
|move|p1a: Iron Moth|Psychic|p2a: Volcanion
|-damage|p2a: Volcanion|58/100
|move|p2a: Volcanion|Steam Eruption|p1a: Iron Moth
|-damage|p1a: Iron Moth|16/100
|
|turn|33
|
|move|p1a: Iron Moth|Psychic|p2a: Volcanion
|-damage|p2a: Volcanion|18/100
|move|p2a: Volcanion|Steam Eruption|p1a: Iron Moth
|-damage|p1a: Iron Moth|0 fnt
|faint|p1a: Iron Moth
|-end|p1a: Iron Moth|Quark Drive|[silent]
|
|
|switch|p1a: Corviknight|Corviknight, F|77/100
|-damage|p1a: Corviknight|65/100|[from] Stealth Rock
|-ability|p1a: Corviknight|Pressure
|turn|34
|
|move|p2a: Volcanion|Steam Eruption|p1a: Corviknight
|-damage|p1a: Corviknight|10/100
|-status|p1a: Corviknight|brn
|move|p1a: Corviknight|Brave Bird|p2a: Volcanion
|-damage|p2a: Volcanion|2/100
|-damage|p1a: Corviknight|5/100 brn|[from] Recoil
|
|-heal|p1a: Corviknight|11/100 brn|[from] item: Leftovers
|-damage|p1a: Corviknight|5/100 brn|[from] brn
|turn|35
|
|move|p2a: Volcanion|Steam Eruption|p1a: Corviknight
|-damage|p1a: Corviknight|0 fnt
|faint|p1a: Corviknight
|
|win|p2
