# advantage = p2
|poke|p1|Magearna|
|poke|p1|Basculegion-F, F|
|poke|p1|Samurott-Hisui, M|
|poke|p1|Kingambit, M|
|poke|p1|Kleavor, F|
|poke|p1|Clodsire, F|
|poke|p2|Dondozo, M|
|poke|p2|Hydreigon, M|
|poke|p2|Cinderace, F|
|poke|p2|Toxapex, M|
|poke|p2|Great Tusk|
|poke|p2|Scream Tail|
|teampreview
|
|start
|switch|p1a: Samurott|Samurott-Hisui, M|100/100
|switch|p2a: Great Tusk|Great Tusk|100/100
|turn|1
|
|move|p2a: Great Tusk|Knock Off|p1a: Samurott
|-resisted|p1a: Samurott
|-damage|p1a: Samurott|89/100
|-enditem|p1a: Samurott|Assault Vest|[from] move: Knock Off|[of] p2a: Great Tusk
|move|p1a: Samurott|Razor Shell|p2a: Great Tusk
|-supereffective|p2a: Great Tusk
|-damage|p2a: Great Tusk|59/100
|
|-heal|p2a: Great Tusk|65/100|[from] item: Leftovers
|turn|2
|
|move|p2a: Great Tusk|Stealth Rock|p1a: Samurott
|-sidestart|p1: p1|move: Stealth Rock
|move|p1a: Samurott|Knock Off|p2a: Great Tusk
|-resisted|p2a: Great Tusk
|-damage|p2a: Great Tusk|56/100
|-enditem|p2a: Great Tusk|Leftovers|[from] move: Knock Off|[of] p1a: Samurott
|
|turn|3
|
|-end|p2a: Great Tusk|Protosynthesis|[silent]
|switch|p2a: Toxapex|Toxapex, M|100/100
|move|p1a: Samurott|Razor Shell|p2a: Toxapex
|-resisted|p2a: Toxapex
|-damage|p2a: Toxapex|84/100
|-unboost|p2a: Toxapex|def|1
|
|turn|4
|
|move|p1a: Samurott|Ceaseless Edge|p2a: Toxapex
|-damage|p2a: Toxapex|44/100
|-sidestart|p2: p2|Spikes
|move|p2a: Toxapex|Sludge Bomb|p1a: Samurott
|-damage|p1a: Samurott|59/100
|
|turn|5
|
|switch|p2a: Hydreigon|Hydreigon, M|100/100
|move|p1a: Samurott|Ceaseless Edge|p2a: Hydreigon|[miss]
|-miss|p1a: Samurott|p2a: Hydreigon
|
|turn|6
|
|move|p2a: Hydreigon|Substitute|p2a: Hydreigon
|-start|p2a: Hydreigon|Substitute
|-damage|p2a: Hydreigon|76/100
|move|p1a: Samurott|X-Scissor|p2a: Hydreigon
|-supereffective|p2a: Hydreigon
|-end|p2a: Hydreigon|Substitute
|
|-heal|p2a: Hydreigon|82/100|[from] item: Leftovers
|turn|7
|
|-terastallize|p2a: Hydreigon|Steel
|move|p2a: Hydreigon|Earth Power|p1a: Samurott
|-damage|p1a: Samurott|27/100
|move|p1a: Samurott|X-Scissor|p2a: Hydreigon
|-resisted|p2a: Hydreigon
|-damage|p2a: Hydreigon|64/100
|
|-heal|p2a: Hydreigon|70/100|[from] item: Leftovers
|turn|8
|
|move|p2a: Hydreigon|Earth Power|p1a: Samurott
|-damage|p1a: Samurott|0 fnt
|faint|p1a: Samurott
|
|-heal|p2a: Hydreigon|76/100|[from] item: Leftovers
|
|switch|p1a: Basculegion|Basculegion-F, F|100/100
|-damage|p1a: Basculegion|88/100|[from] Stealth Rock
|turn|9
|
|move|p2a: Hydreigon|Dark Pulse|p1a: Basculegion
|-supereffective|p1a: Basculegion
|-crit|p1a: Basculegion
|-damage|p1a: Basculegion|0 fnt
|faint|p1a: Basculegion
|
|-heal|p2a: Hydreigon|83/100|[from] item: Leftovers
|
|switch|p1a: Magearna|Magearna|100/100
|-damage|p1a: Magearna|94/100|[from] Stealth Rock
|turn|10
|
|move|p2a: Hydreigon|Earth Power|p1a: Magearna
|-supereffective|p1a: Magearna
|-damage|p1a: Magearna|44/100
|move|p1a: Magearna|Shift Gear|p1a: Magearna
|-boost|p1a: Magearna|spe|2
|-boost|p1a: Magearna|atk|1
|
|-heal|p1a: Magearna|50/100|[from] item: Leftovers
|-heal|p2a: Hydreigon|89/100|[from] item: Leftovers
|turn|11
|
|-terastallize|p1a: Magearna|Electric
|move|p1a: Magearna|Thunderbolt|p2a: Hydreigon
|-damage|p2a: Hydreigon|33/100
|move|p2a: Hydreigon|Earth Power|p1a: Magearna
|-supereffective|p1a: Magearna
|-damage|p1a: Magearna|0 fnt
|faint|p1a: Magearna
|
|-heal|p2a: Hydreigon|40/100|[from] item: Leftovers
|
|switch|p1a: Kleavor|Kleavor, F|100/100
|-damage|p1a: Kleavor|76/100|[from] Stealth Rock
|turn|12
|
|move|p2a: Hydreigon|Flash Cannon|p1a: Kleavor
|-supereffective|p1a: Kleavor
|-damage|p1a: Kleavor|0 fnt
|faint|p1a: Kleavor
|
|-heal|p2a: Hydreigon|46/100|[from] item: Leftovers
|
|switch|p1a: Clodsire|Clodsire, F|100/100
|-damage|p1a: Clodsire|94/100|[from] Stealth Rock
|turn|13
|
|move|p2a: Hydreigon|Earth Power|p1a: Clodsire
|-supereffective|p1a: Clodsire
|-damage|p1a: Clodsire|63/100
|move|p1a: Clodsire|Yawn|p2a: Hydreigon
|-start|p2a: Hydreigon|move: Yawn|[of] p1a: Clodsire
|
|-heal|p2a: Hydreigon|52/100|[from] item: Leftovers
|-heal|p1a: Clodsire|69/100|[from] item: Black Sludge
|turn|14
|
|switch|p2a: Great Tusk|Great Tusk|56/100
|-damage|p2a: Great Tusk|44/100|[from] Spikes
|move|p1a: Clodsire|Earthquake|p2a: Great Tusk
|-damage|p2a: Great Tusk|31/100
|
|-heal|p1a: Clodsire|75/100|[from] item: Black Sludge
|turn|15
|-message|p1 forfeited.
|
|win|p2
