|poke|p1|Sneasler, F|
|poke|p1|Landorus-Therian, M|
|poke|p1|Corviknight, F|
|poke|p1|Great Tusk|
|poke|p1|Braviary-Hisui, M|
|poke|p1|Typhlosion-Hisui, F|
|poke|p2|Enamorus, F|
|poke|p2|Cinderace, M|
|poke|p2|Diancie|
|poke|p2|Ursaluna, M|
|poke|p2|Slowking, M|
|poke|p2|Ting-Lu|
|teampreview
|
|start
|switch|p1a: Landorus|Landorus-Therian, M|100/100
|switch|p2a: Cinderace|Cinderace, M|100/100
|-ability|p1a: Landorus|Intimidate|boost
|-unboost|p2a: Cinderace|atk|1
|turn|1
|
|move|p2a: Cinderace|U-turn|p1a: Landorus
|-start|p2a: Cinderace|typechange|Bug|[from] ability: Libero
|-resisted|p1a: Landorus
|-damage|p1a: Landorus|91/100
|-damage|p2a: Cinderace|84/100|[from] item: Rocky Helmet|[of] p1a: Landorus
|
|switch|p2a: Ting-Lu|Ting-Lu|100/100|[from] U-turn
|-ability|p2a: Ting-Lu|Vessel of Ruin
|move|p1a: Landorus|Stealth Rock|p2a: Ting-Lu
|-sidestart|p2: INTRCTV|move: Stealth Rock
|
|turn|2
|
|move|p1a: Landorus|U-turn|p2a: Ting-Lu
|-supereffective|p2a: Ting-Lu
|-damage|p2a: Ting-Lu|74/100
|
|switch|p1a: Sneasler|Sneasler, F|100/100|[from] U-turn
|-item|p1a: Sneasler|Air Balloon
|move|p2a: Ting-Lu|Ruination|p1a: Sneasler
|-damage|p1a: Sneasler|51/100
|-enditem|p1a: Sneasler|Air Balloon
|
|-heal|p2a: Ting-Lu|80/100|[from] item: Leftovers
|turn|3
|
|move|p1a: Sneasler|Close Combat|p2a: Ting-Lu
|-supereffective|p2a: Ting-Lu
|-damage|p2a: Ting-Lu|10/100
|-unboost|p1a: Sneasler|def|1
|-unboost|p1a: Sneasler|spd|1
|move|p2a: Ting-Lu|Earthquake|p1a: Sneasler
|-supereffective|p1a: Sneasler
|-damage|p1a: Sneasler|0 fnt
|faint|p1a: Sneasler
|
|-heal|p2a: Ting-Lu|16/100|[from] item: Leftovers
|
|switch|p1a: Braviary|Braviary-Hisui, M|100/100
|turn|4
|
|move|p1a: Braviary|Calm Mind|p1a: Braviary
|-boost|p1a: Braviary|spa|1
|-boost|p1a: Braviary|spd|1
|move|p2a: Ting-Lu|Whirlwind|p1a: Braviary
|drag|p1a: Typhlosion|Typhlosion-Hisui, F|100/100
|
|-heal|p2a: Ting-Lu|22/100|[from] item: Leftovers
|turn|5
|
|move|p1a: Typhlosion|Eruption|p2a: Ting-Lu
|-damage|p2a: Ting-Lu|0 fnt
|faint|p2a: Ting-Lu
|
|
|switch|p2a: Slowking|Slowking, M|100/100
|-damage|p2a: Slowking|88/100|[from] Stealth Rock
|turn|6
|
|move|p1a: Typhlosion|Eruption|p2a: Slowking
|-resisted|p2a: Slowking
|-damage|p2a: Slowking|58/100
|move|p2a: Slowking|Trick Room|p2a: Slowking
|-fieldstart|move: Trick Room|[of] p2a: Slowking
|
|turn|7
|
|switch|p1a: Corviknight|Corviknight, F|100/100
|-ability|p1a: Corviknight|Pressure
|move|p2a: Slowking|Chilly Reception|p2a: Slowking
|-weather|Snow
|
|switch|p2a: Diancie|Diancie|100/100|[from] Chilly Reception
|-damage|p2a: Diancie|88/100|[from] Stealth Rock
|
|-weather|Snow|[upkeep]
|turn|8
|
|move|p2a: Diancie|Diamond Storm|p1a: Corviknight
|-damage|p1a: Corviknight|71/100
|move|p1a: Corviknight|Bulk Up|p1a: Corviknight
|-boost|p1a: Corviknight|atk|1
|-boost|p1a: Corviknight|def|1
|
|-weather|Snow|[upkeep]
|turn|9
|
|move|p2a: Diancie|Diamond Storm|p1a: Corviknight
|-damage|p1a: Corviknight|51/100
|-boost|p2a: Diancie|def|2
|move|p1a: Corviknight|Agility|p1a: Corviknight
|-boost|p1a: Corviknight|spe|2
|
|-weather|Snow|[upkeep]
|turn|10
|
|move|p2a: Diancie|Diamond Storm|p1a: Corviknight|[miss]
|-miss|p2a: Diancie|p1a: Corviknight
|move|p1a: Corviknight|Bulk Up|p1a: Corviknight
|-boost|p1a: Corviknight|atk|1
|-boost|p1a: Corviknight|def|1
|
|-weather|Snow|[upkeep]
|-fieldend|move: Trick Room
|turn|11
|
|move|p1a: Corviknight|Bulk Up|p1a: Corviknight
|-boost|p1a: Corviknight|atk|1
|-boost|p1a: Corviknight|def|1
|move|p2a: Diancie|Trick Room|p2a: Diancie
|-fieldstart|move: Trick Room|[of] p2a: Diancie
|
|-weather|none
|turn|12
|
|move|p2a: Diancie|Diamond Storm|p1a: Corviknight
|-damage|p1a: Corviknight|40/100
|-boost|p2a: Diancie|def|2
|move|p1a: Corviknight|Roost|p1a: Corviknight
|-heal|p1a: Corviknight|90/100
|-singleturn|p1a: Corviknight|move: Roost
|
|turn|13
|-message|INTRCTV forfeited.
|
|win|Ketchup2000
