# advantage = p2
|poke|p1|Arcanine-Hisui, F|
|poke|p1|Basculegion-F, F|
|poke|p1|Kleavor, M|
|poke|p1|Goodra-Hisui, F|
|poke|p1|Volcanion|
|poke|p1|Great Tusk|
|poke|p2|Heatran, M|
|poke|p2|Zapdos|
|poke|p2|Gholdengo|
|poke|p2|Chien-Pao|
|poke|p2|Magearna|
|poke|p2|Urshifu-*, M|
|teampreview
|
|start
|switch|p1a: Kleavor|Kleavor, M|100/100
|switch|p2a: Zapdos|Zapdos, shiny|100/100
|turn|1
|
|move|p1a: Kleavor|Stone Axe|p2a: Zapdos
|-supereffective|p2a: Zapdos
|-damage|p2a: Zapdos|30/100
|-sidestart|p2: p2|move: Stealth Rock
|-status|p1a: Kleavor|par|[from] ability: Static|[of] p2a: Zapdos
|move|p2a: Zapdos|Volt Switch|p1a: Kleavor
|-damage|p1a: Kleavor|53/100 par
|
|switch|p2a: Gholdengo|Gholdengo|100/100|[from] Volt Switch
|-damage|p2a: Gholdengo|94/100|[from] Stealth Rock
|
|turn|2
|
|switch|p1a: Goodra|Goodra-Hisui, F|100/100
|move|p2a: Gholdengo|Reflect|p2a: Gholdengo
|-sidestart|p2: p2|Reflect
|
|turn|3
|
|move|p2a: Gholdengo|Light Screen|p2a: Gholdengo
|-sidestart|p2: p2|move: Light Screen
|move|p1a: Goodra|Acid Armor|p1a: Goodra
|-boost|p1a: Goodra|def|2
|
|turn|4
|
|move|p2a: Gholdengo|Thunder Wave|p1a: Goodra
|-status|p1a: Goodra|par
|cant|p1a: Goodra|par
|
|turn|5
|
|switch|p2a: Magearna|Magearna|100/100
|-damage|p2a: Magearna|94/100|[from] Stealth Rock
|move|p1a: Goodra|Acid Armor|p1a: Goodra
|-boost|p1a: Goodra|def|2
|
|turn|6
|
|move|p2a: Magearna|Shift Gear|p2a: Magearna
|-boost|p2a: Magearna|spe|2
|-boost|p2a: Magearna|atk|1
|cant|p1a: Goodra|par
|
|turn|7
|
|move|p2a: Magearna|Calm Mind|p2a: Magearna
|-boost|p2a: Magearna|spa|1
|-boost|p2a: Magearna|spd|1
|move|p1a: Goodra|Body Press|p2a: Magearna
|-damage|p2a: Magearna|71/100
|
|turn|8
|
|move|p2a: Magearna|Shift Gear|p2a: Magearna
|-boost|p2a: Magearna|spe|2
|-boost|p2a: Magearna|atk|1
|move|p1a: Goodra|Body Press|p2a: Magearna
|-damage|p2a: Magearna|50/100
|
|turn|9
|
|move|p2a: Magearna|Draining Kiss|p1a: Goodra
|-damage|p1a: Goodra|79/100 par
|-heal|p2a: Magearna|66/100|[from] drain|[of] p1a: Goodra
|move|p1a: Goodra|Body Press|p2a: Magearna
|-damage|p2a: Magearna|44/100
|
|-heal|p1a: Goodra|85/100 par|[from] item: Leftovers
|-sideend|p2: p2|Reflect
|turn|10
|
|move|p2a: Magearna|Stored Power|p1a: Goodra
|-resisted|p1a: Goodra
|-damage|p1a: Goodra|59/100 par
|move|p1a: Goodra|Body Press|p2a: Magearna
|-damage|p2a: Magearna|0 fnt
|faint|p2a: Magearna
|
|-heal|p1a: Goodra|65/100 par|[from] item: Leftovers
|-sideend|p2: p2|move: Light Screen
|
|switch|p2a: Gholdengo|Gholdengo|94/100
|-damage|p2a: Gholdengo|88/100|[from] Stealth Rock
|turn|11
|
|move|p2a: Gholdengo|Reflect|p2a: Gholdengo
|-sidestart|p2: p2|Reflect
|cant|p1a: Goodra|par
|
|-heal|p1a: Goodra|71/100 par|[from] item: Leftovers
|turn|12
|
|move|p2a: Gholdengo|Light Screen|p2a: Gholdengo
|-sidestart|p2: p2|move: Light Screen
|move|p1a: Goodra|Acid Armor|p1a: Goodra
|-boost|p1a: Goodra|def|2
|
|-heal|p1a: Goodra|77/100 par|[from] item: Leftovers
|turn|13
|
|switch|p2a: Zapdos|Zapdos, shiny|30/100
|cant|p1a: Goodra|par
|
|-heal|p1a: Goodra|83/100 par|[from] item: Leftovers
|turn|14
|
|move|p2a: Zapdos|Heat Wave|p1a: Goodra
|-damage|p1a: Goodra|70/100 par
|move|p1a: Goodra|Body Press|p2a: Zapdos
|-resisted|p2a: Zapdos
|-damage|p2a: Zapdos|17/100
|
|-heal|p1a: Goodra|76/100 par|[from] item: Leftovers
|turn|15
|
|move|p2a: Zapdos|Roost|p2a: Zapdos
|-heal|p2a: Zapdos|67/100
|-singleturn|p2a: Zapdos|move: Roost
|move|p1a: Goodra|Heavy Slam|p2a: Zapdos
|-resisted|p2a: Zapdos
|-damage|p2a: Zapdos|60/100
|
|-heal|p1a: Goodra|82/100 par|[from] item: Leftovers
|turn|16
|
|move|p2a: Zapdos|Heat Wave|p1a: Goodra
|-damage|p1a: Goodra|68/100 par
|move|p1a: Goodra|Body Press|p2a: Zapdos
|-resisted|p2a: Zapdos
|-damage|p2a: Zapdos|48/100
|
|-heal|p1a: Goodra|74/100 par|[from] item: Leftovers
|turn|17
|
|move|p2a: Zapdos|Roost|p2a: Zapdos
|-heal|p2a: Zapdos|98/100
|-singleturn|p2a: Zapdos|move: Roost
|move|p1a: Goodra|Body Press|p2a: Zapdos
|-damage|p2a: Zapdos|70/100
|
|-heal|p1a: Goodra|80/100 par|[from] item: Leftovers
|turn|18
|
|move|p2a: Zapdos|Hurricane|p1a: Goodra
|-resisted|p1a: Goodra
|-damage|p1a: Goodra|68/100 par
|-start|p1a: Goodra|confusion
|-activate|p1a: Goodra|confusion
|-damage|p1a: Goodra|66/100 par|[from] confusion
|
|-heal|p1a: Goodra|72/100 par|[from] item: Leftovers
|-sideend|p2: p2|Reflect
|turn|19
|
|move|p2a: Zapdos|Heat Wave|p1a: Goodra
|-damage|p1a: Goodra|59/100 par
|-activate|p1a: Goodra|confusion
|cant|p1a: Goodra|par
|
|-heal|p1a: Goodra|65/100 par|[from] item: Leftovers
|-sideend|p2: p2|move: Light Screen
|turn|20
|
|move|p2a: Zapdos|Heat Wave|p1a: Goodra|[miss]
|-miss|p2a: Zapdos|p1a: Goodra
|-activate|p1a: Goodra|confusion
|move|p1a: Goodra|Draco Meteor|p2a: Zapdos
|-damage|p2a: Zapdos|25/100
|-unboost|p1a: Goodra|spa|2
|
|-heal|p1a: Goodra|71/100 par|[from] item: Leftovers
|turn|21
|
|move|p2a: Zapdos|Roost|p2a: Zapdos
|-heal|p2a: Zapdos|75/100
|-singleturn|p2a: Zapdos|move: Roost
|-activate|p1a: Goodra|confusion
|-damage|p1a: Goodra|68/100 par|[from] confusion
|
|-heal|p1a: Goodra|74/100 par|[from] item: Leftovers
|turn|22
|
|move|p2a: Zapdos|Heat Wave|p1a: Goodra
|-damage|p1a: Goodra|61/100 par
|-end|p1a: Goodra|confusion
|move|p1a: Goodra|Body Press|p2a: Zapdos
|-resisted|p2a: Zapdos
|-crit|p2a: Zapdos
|-damage|p2a: Zapdos|33/100
|
|-heal|p1a: Goodra|67/100 par|[from] item: Leftovers
|turn|23
|
|move|p2a: Zapdos|Hurricane|p1a: Goodra
|-resisted|p1a: Goodra
|-damage|p1a: Goodra|55/100 par
|-start|p1a: Goodra|confusion
|-activate|p1a: Goodra|confusion
|move|p1a: Goodra|Body Press|p2a: Zapdos
|-resisted|p2a: Zapdos
|-damage|p2a: Zapdos|6/100
|
|-heal|p1a: Goodra|61/100 par|[from] item: Leftovers
|turn|24
|
|move|p2a: Zapdos|Roost|p2a: Zapdos
|-heal|p2a: Zapdos|56/100
|-singleturn|p2a: Zapdos|move: Roost
|-end|p1a: Goodra|confusion
|cant|p1a: Goodra|par
|
|-heal|p1a: Goodra|67/100 par|[from] item: Leftovers
|turn|25
|
|move|p2a: Zapdos|Hurricane|p1a: Goodra|[miss]
|-miss|p2a: Zapdos|p1a: Goodra
|move|p1a: Goodra|Body Press|p2a: Zapdos
|-resisted|p2a: Zapdos
|-damage|p2a: Zapdos|31/100
|
|-heal|p1a: Goodra|73/100 par|[from] item: Leftovers
|turn|26
|
|move|p2a: Zapdos|Hurricane|p1a: Goodra
|-resisted|p1a: Goodra
|-damage|p1a: Goodra|61/100 par
|move|p1a: Goodra|Body Press|p2a: Zapdos
|-resisted|p2a: Zapdos
|-damage|p2a: Zapdos|6/100
|
|-heal|p1a: Goodra|67/100 par|[from] item: Leftovers
|turn|27
|
|move|p2a: Zapdos|Hurricane|p1a: Goodra
|-resisted|p1a: Goodra
|-damage|p1a: Goodra|56/100 par
|move|p1a: Goodra|Body Press|p2a: Zapdos
|-resisted|p2a: Zapdos
|-damage|p2a: Zapdos|0 fnt
|faint|p2a: Zapdos
|
|-heal|p1a: Goodra|62/100 par|[from] item: Leftovers
|
|switch|p2a: Urshifu|Urshifu-Rapid-Strike, M|100/100
|-damage|p2a: Urshifu|94/100|[from] Stealth Rock
|turn|28
|
|switch|p2a: Gholdengo|Gholdengo|88/100
|-damage|p2a: Gholdengo|82/100|[from] Stealth Rock
|cant|p1a: Goodra|par
|
|-heal|p1a: Goodra|68/100 par|[from] item: Leftovers
|turn|29
|
|move|p2a: Gholdengo|Reflect|p2a: Gholdengo
|-sidestart|p2: p2|Reflect
|move|p1a: Goodra|Heavy Slam|p2a: Gholdengo
|-resisted|p2a: Gholdengo
|-damage|p2a: Gholdengo|76/100
|
|-heal|p1a: Goodra|74/100 par|[from] item: Leftovers
|turn|30
|
|move|p2a: Gholdengo|Light Screen|p2a: Gholdengo
|-sidestart|p2: p2|move: Light Screen
|cant|p1a: Goodra|par
|
|-heal|p1a: Goodra|80/100 par|[from] item: Leftovers
|turn|31
|
|switch|p2a: Urshifu|Urshifu-Rapid-Strike, M|94/100
|-damage|p2a: Urshifu|88/100|[from] Stealth Rock
|cant|p1a: Goodra|par
|
|-heal|p1a: Goodra|86/100 par|[from] item: Leftovers
|turn|32
|
|move|p2a: Urshifu|Swords Dance|p2a: Urshifu
|-boost|p2a: Urshifu|atk|2
|cant|p1a: Goodra|par
|
|-heal|p1a: Goodra|92/100 par|[from] item: Leftovers
|turn|33
|
|move|p2a: Urshifu|Swords Dance|p2a: Urshifu
|-boost|p2a: Urshifu|atk|2
|cant|p1a: Goodra|par
|
|-heal|p1a: Goodra|98/100 par|[from] item: Leftovers
|turn|34
|
|move|p2a: Urshifu|Swords Dance|p2a: Urshifu
|-boost|p2a: Urshifu|atk|2
|move|p1a: Goodra|Body Press|p2a: Urshifu
|-damage|p2a: Urshifu|51/100
|
|-heal|p1a: Goodra|100/100 par|[from] item: Leftovers
|turn|35
|
|-terastallize|p2a: Urshifu|Water
|move|p2a: Urshifu|Surging Strikes|p1a: Goodra
|-resisted|p1a: Goodra
|-damage|p1a: Goodra|91/100 par
|-resisted|p1a: Goodra
|-damage|p1a: Goodra|82/100 par
|-resisted|p1a: Goodra
|-damage|p1a: Goodra|73/100 par
|-hitcount|p1a: Goodra|3
|cant|p1a: Goodra|par
|
|-heal|p1a: Goodra|79/100 par|[from] item: Leftovers
|turn|36
|
|move|p2a: Urshifu|Surging Strikes|p1a: Goodra
|-resisted|p1a: Goodra
|-damage|p1a: Goodra|69/100 par
|-resisted|p1a: Goodra
|-damage|p1a: Goodra|60/100 par
|-resisted|p1a: Goodra
|-damage|p1a: Goodra|50/100 par
|-hitcount|p1a: Goodra|3
|cant|p1a: Goodra|par
|
|-heal|p1a: Goodra|56/100 par|[from] item: Leftovers
|-sideend|p2: p2|Reflect
|turn|37
|
|move|p2a: Urshifu|Close Combat|p1a: Goodra
|-supereffective|p1a: Goodra
|-damage|p1a: Goodra|0 fnt
|-unboost|p2a: Urshifu|def|1
|-unboost|p2a: Urshifu|spd|1
|faint|p1a: Goodra
|
|-sideend|p2: p2|move: Light Screen
|
|switch|p1a: Volcanion|Volcanion|100/100
|turn|38
|
|move|p2a: Urshifu|Close Combat|p1a: Volcanion
|-damage|p1a: Volcanion|0 fnt
|-unboost|p2a: Urshifu|def|1
|-unboost|p2a: Urshifu|spd|1
|faint|p1a: Volcanion
|
|
|switch|p1a: Arcanine|Arcanine-Hisui, F|100/100
|turn|39
|
|switch|p2a: Gholdengo|Gholdengo|76/100
|-damage|p2a: Gholdengo|70/100|[from] Stealth Rock
|move|p1a: Arcanine|Extreme Speed|p2a: Gholdengo
|-immune|p2a: Gholdengo
|
|turn|40
|
|switch|p1a: Kleavor|Kleavor, M|53/100 par
|move|p2a: Gholdengo|Reflect|p2a: Gholdengo
|-sidestart|p2: p2|Reflect
|
|turn|41
|
|move|p1a: Kleavor|U-turn|p2a: Gholdengo
|-resisted|p2a: Gholdengo
|-damage|p2a: Gholdengo|66/100
|
|switch|p1a: Great Tusk|Great Tusk|100/100|[from] U-turn
|move|p2a: Gholdengo|Make It Rain|p1a: Great Tusk
|-damage|p1a: Great Tusk|23/100
|-unboost|p2a: Gholdengo|spa|1
|
|turn|42
|
|move|p1a: Great Tusk|Headlong Rush|p2a: Gholdengo
|-supereffective|p2a: Gholdengo
|-damage|p2a: Gholdengo|25/100
|-unboost|p1a: Great Tusk|def|1
|-unboost|p1a: Great Tusk|spd|1
|-enditem|p1a: Great Tusk|Eject Pack
|
|-end|p1a: Great Tusk|Protosynthesis|[silent]
|switch|p1a: Basculegion|Basculegion-F, F|100/100
|move|p2a: Gholdengo|Make It Rain|p1a: Basculegion
|-resisted|p1a: Basculegion
|-damage|p1a: Basculegion|82/100
|-unboost|p2a: Gholdengo|spa|1
|
|-heal|p1a: Basculegion|88/100|[from] item: Leftovers
|turn|43
|
|move|p1a: Basculegion|Shadow Ball|p2a: Gholdengo
|-supereffective|p2a: Gholdengo
|-damage|p2a: Gholdengo|0 fnt
|faint|p2a: Gholdengo
|
|-heal|p1a: Basculegion|94/100|[from] item: Leftovers
|
|switch|p2a: Heatran|Heatran, M, shiny|100/100
|-damage|p2a: Heatran|88/100|[from] Stealth Rock
|-item|p2a: Heatran|Air Balloon
|turn|44
|
|move|p1a: Basculegion|Agility|p1a: Basculegion
|-boost|p1a: Basculegion|spe|2
|move|p2a: Heatran|Magma Storm|p1a: Basculegion
|-resisted|p1a: Basculegion
|-damage|p1a: Basculegion|71/100
|-activate|p1a: Basculegion|move: Magma Storm|[of] p2a: Heatran
|
|-heal|p1a: Basculegion|77/100|[from] item: Leftovers
|-damage|p1a: Basculegion|65/100|[from] move: Magma Storm|[partiallytrapped]
|turn|45
|
|move|p1a: Basculegion|Hydro Pump|p2a: Heatran
|-supereffective|p2a: Heatran
|-crit|p2a: Heatran
|-damage|p2a: Heatran|0 fnt
|-enditem|p2a: Heatran|Air Balloon
|faint|p2a: Heatran
|
|-heal|p1a: Basculegion|71/100|[from] item: Leftovers
|-end|p1a: Basculegion|Magma Storm|[partiallytrapped]|[silent]
|
|switch|p2a: Urshifu|Urshifu-Rapid-Strike, M, tera:Water|51/100
|-damage|p2a: Urshifu|38/100|[from] Stealth Rock
|turn|46
|
|move|p1a: Basculegion|Shadow Ball|p2a: Urshifu
|-damage|p2a: Urshifu|0 fnt
|faint|p2a: Urshifu
|
|-heal|p1a: Basculegion|77/100|[from] item: Leftovers
|
|switch|p2a: Chien-Pao|Chien-Pao|100/100
|-damage|p2a: Chien-Pao|76/100|[from] Stealth Rock
|-ability|p2a: Chien-Pao|Sword of Ruin
|turn|47
|
|-terastallize|p1a: Basculegion|Water
|move|p1a: Basculegion|Hydro Pump|p2a: Chien-Pao
|-damage|p2a: Chien-Pao|0 fnt
|faint|p2a: Chien-Pao
|
|win|p1
