# advantage = p1
|poke|p1|Basculegion, M|
|poke|p1|Pelipper, M|
|poke|p1|Floatzel, M|
|poke|p1|Moltres-Galar|
|poke|p1|Iron Treads|
|poke|p1|Zapdos|
|poke|p2|Walking Wake|
|poke|p2|Kingambit, F|
|poke|p2|Dragonite, M|
|poke|p2|Iron Moth|
|poke|p2|Glimmora, F|
|poke|p2|Azumarill, F|
|teampreview
|
|start
|switch|p1a: Tusk 2:Mag killers|Iron Treads|100/100
|switch|p2a: Hydrophobia|Azumarill, F, shiny|100/100
|turn|1
|
|move|p1a: Tusk 2:Mag killers|Earthquake|p2a: Hydrophobia
|-damage|p2a: Hydrophobia|53/100
|move|p2a: Hydrophobia|Liquidation|p1a: Tusk 2:Mag killers
|-supereffective|p1a: Tusk 2:Mag killers
|-damage|p1a: Tusk 2:Mag killers|0 fnt
|faint|p1a: Tusk 2:Mag killers
|-end|p1a: Tusk 2:Mag killers|Quark Drive|[silent]
|
|
|switch|p1a: Piolin|Zapdos|100/100
|turn|2
|
|move|p1a: Piolin|Volt Switch|p2a: Hydrophobia
|-supereffective|p2a: Hydrophobia
|-damage|p2a: Hydrophobia|0 fnt
|faint|p2a: Hydrophobia
|
|switch|p1a: Perú|Pelipper, M|100/100|[from] Volt Switch
|-weather|RainDance|[from] ability: Drizzle|[of] p1a: Perú
|
|-weather|RainDance|[upkeep]
|
|switch|p2a: Toxiphobia|Glimmora, F, shiny|100/100
|turn|3
|
|move|p2a: Toxiphobia|Sludge Wave|p1a: Perú
|-damage|p1a: Perú|21/100
|move|p1a: Perú|Surf|p2a: Toxiphobia
|-supereffective|p2a: Toxiphobia
|-enditem|p2a: Toxiphobia|Focus Sash
|-damage|p2a: Toxiphobia|1/100
|
|-weather|RainDance|[upkeep]
|turn|4
|
|move|p2a: Toxiphobia|Sludge Wave|p1a: Perú
|-damage|p1a: Perú|0 fnt
|faint|p1a: Perú
|
|-weather|RainDance|[upkeep]
|
|switch|p1a: The True Jugg gdmt|Moltres-Galar|100/100
|turn|5
|
|-terastallize|p1a: The True Jugg gdmt|Steel
|move|p2a: Toxiphobia|Sludge Wave|p1a: The True Jugg gdmt
|-immune|p1a: The True Jugg gdmt
|move|p1a: The True Jugg gdmt|Agility|p1a: The True Jugg gdmt
|-boost|p1a: The True Jugg gdmt|spe|2
|
|-weather|RainDance|[upkeep]
|turn|6
|
|move|p1a: The True Jugg gdmt|Nasty Plot|p1a: The True Jugg gdmt
|-boost|p1a: The True Jugg gdmt|spa|2
|move|p2a: Toxiphobia|Earth Power|p1a: The True Jugg gdmt
|-supereffective|p1a: The True Jugg gdmt
|-damage|p1a: The True Jugg gdmt|52/100
|
|-weather|RainDance|[upkeep]
|turn|7
|
|move|p1a: The True Jugg gdmt|Fiery Wrath|p2a: Toxiphobia
|-damage|p2a: Toxiphobia|0 fnt
|faint|p2a: Toxiphobia
|
|-weather|RainDance|[upkeep]
|
|switch|p2a: Draconophobia|Dragonite, M, shiny|100/100
|turn|8
|
|move|p1a: The True Jugg gdmt|Hurricane|p2a: Draconophobia
|-damage|p2a: Draconophobia|48/100
|move|p2a: Draconophobia|Encore|p1a: The True Jugg gdmt
|-start|p1a: The True Jugg gdmt|Encore
|
|-weather|RainDance|[upkeep]
|turn|9
|
|move|p1a: The True Jugg gdmt|Hurricane|p2a: Draconophobia
|-damage|p2a: Draconophobia|0 fnt
|faint|p2a: Draconophobia
|
|-weather|none
|
|switch|p2a: Pyrophobia|Iron Moth, shiny|100/100
|-enditem|p2a: Pyrophobia|Booster Energy
|-activate|p2a: Pyrophobia|ability: Quark Drive|[fromitem]
|-start|p2a: Pyrophobia|quarkdrivespa
|turn|10
|
|move|p1a: The True Jugg gdmt|Hurricane|p2a: Pyrophobia
|-damage|p2a: Pyrophobia|0 fnt
|faint|p2a: Pyrophobia
|-end|p2a: Pyrophobia|Quark Drive|[silent]
|
|
|switch|p2a: Apeirophobia|Walking Wake|100/100
|-enditem|p2a: Apeirophobia|Booster Energy
|-activate|p2a: Apeirophobia|ability: Protosynthesis|[fromitem]
|-start|p2a: Apeirophobia|protosynthesisspa
|turn|11
|
|move|p1a: The True Jugg gdmt|Hurricane|p2a: Apeirophobia
|-damage|p2a: Apeirophobia|0 fnt
|faint|p2a: Apeirophobia
|-end|p2a: Apeirophobia|Protosynthesis|[silent]
|
|-end|p1a: The True Jugg gdmt|Encore
|
|switch|p2a: Thanatophobia|Kingambit, F, shiny|100/100
|-activate|p2a: Thanatophobia|ability: Supreme Overlord
|-start|p2a: Thanatophobia|fallen5|[silent]
|turn|12
|
|move|p1a: The True Jugg gdmt|Fiery Wrath|p2a: Thanatophobia
|-resisted|p2a: Thanatophobia
|-damage|p2a: Thanatophobia|53/100
|move|p2a: Thanatophobia|Kowtow Cleave|p1a: The True Jugg gdmt
|-damage|p1a: The True Jugg gdmt|0 fnt
|faint|p1a: The True Jugg gdmt
|
|
|switch|p1a: Piolin|Zapdos|100/100
|turn|13
|
|move|p1a: Piolin|Volt Switch|p2a: Thanatophobia
|-damage|p2a: Thanatophobia|11/100
|
|switch|p1a: Bernaldo Mercedes|Basculegion, M|100/100|[from] Volt Switch
|move|p2a: Thanatophobia|Kowtow Cleave|p1a: Bernaldo Mercedes
|-supereffective|p1a: Bernaldo Mercedes
|-damage|p1a: Bernaldo Mercedes|0 fnt
|faint|p1a: Bernaldo Mercedes
|
|
|switch|p1a: Mark O Poloini|Floatzel, M|100/100
|turn|14
|
|move|p1a: Mark O Poloini|Aqua Jet|p2a: Thanatophobia
|-crit|p2a: Thanatophobia
|-damage|p2a: Thanatophobia|0 fnt
|faint|p2a: Thanatophobia
|-end|p2a: Thanatophobia|fallen5|[silent]
|
|win|p1
