|poke|p1|Dragapult, F|
|poke|p1|Lilligant-Hisui, F|
|poke|p1|Corviknight, F|
|poke|p1|Clodsire, M|
|poke|p1|Sneasler, F|
|poke|p1|Rotom-Wash|
|poke|p2|Toxapex, F|
|poke|p2|Sneasler, F|
|poke|p2|Chien-Pao|
|poke|p2|Rillaboom, F|
|poke|p2|Great Tusk|
|poke|p2|Iron Valiant|
|teampreview
|
|start
|switch|p1a: Rotom|Rotom-Wash|100/100
|switch|p2a: Rillaboom|Rillaboom, F|100/100
|-fieldstart|move: Grassy Terrain|[from] ability: Grassy Surge|[of] p2a: Rillaboom
|turn|1
|
|move|p1a: Rotom|Trick|p2a: Rillaboom
|-activate|p1a: Rotom|move: Trick|[of] p2a: Rillaboom
|-item|p2a: Rillaboom|Choice Scarf|[from] move: Trick
|-item|p1a: Rotom|Choice Band|[from] move: Trick
|move|p2a: Rillaboom|U-turn|p1a: Rotom
|-damage|p1a: Rotom|68/100
|
|switch|p2a: Iron Valiant|Iron Valiant|100/100|[from] U-turn
|-enditem|p2a: Iron Valiant|Booster Energy
|-activate|p2a: Iron Valiant|ability: Quark Drive|[fromitem]
|-start|p2a: Iron Valiant|quarkdrivespe
|
|turn|2
|
|switch|p1a: Corviknight|Corviknight, F|100/100
|-ability|p1a: Corviknight|Pressure
|move|p2a: Iron Valiant|Calm Mind|p2a: Iron Valiant
|-boost|p2a: Iron Valiant|spa|1
|-boost|p2a: Iron Valiant|spd|1
|
|turn|3
|
|move|p2a: Iron Valiant|Aura Sphere|p1a: Corviknight
|-damage|p1a: Corviknight|39/100
|move|p1a: Corviknight|Brave Bird|p2a: Iron Valiant
|-supereffective|p2a: Iron Valiant
|-damage|p2a: Iron Valiant|2/100
|-damage|p1a: Corviknight|16/100|[from] Recoil
|
|-heal|p2a: Iron Valiant|8/100|[from] Grassy Terrain
|turn|4
|
|move|p2a: Iron Valiant|Moonblast|p1a: Corviknight
|-resisted|p1a: Corviknight
|-damage|p1a: Corviknight|0 fnt
|faint|p1a: Corviknight
|
|-heal|p2a: Iron Valiant|15/100|[from] Grassy Terrain
|
|switch|p1a: Clodsire|Clodsire, M|100/100
|turn|5
|
|move|p2a: Iron Valiant|Psyshock|p1a: Clodsire
|-supereffective|p1a: Clodsire
|-damage|p1a: Clodsire|20/100
|move|p1a: Clodsire|Earthquake|p2a: Iron Valiant
|-damage|p2a: Iron Valiant|0 fnt
|faint|p2a: Iron Valiant
|-end|p2a: Iron Valiant|Quark Drive|[silent]
|
|-heal|p1a: Clodsire|26/100|[from] Grassy Terrain
|-heal|p1a: Clodsire|32/100|[from] item: Black Sludge
|-fieldend|move: Grassy Terrain
|
|switch|p2a: Chien-Pao|Chien-Pao|100/100
|-ability|p2a: Chien-Pao|Sword of Ruin
|turn|6
|
|move|p2a: Chien-Pao|Crunch|p1a: Clodsire
|-damage|p1a: Clodsire|0 fnt
|faint|p1a: Clodsire
|
|
|switch|p1a: Sneasler|Sneasler, F|100/100
|turn|7
|
|switch|p2a: Great Tusk|Great Tusk|100/100
|move|p1a: Sneasler|U-turn|p2a: Great Tusk
|-resisted|p2a: Great Tusk
|-damage|p2a: Great Tusk|92/100
|
|switch|p1a: Lilligant|Lilligant-Hisui, F|100/100|[from] U-turn
|
|-heal|p2a: Great Tusk|98/100|[from] item: Leftovers
|turn|8
|
|move|p1a: Lilligant|Victory Dance|p1a: Lilligant
|-boost|p1a: Lilligant|atk|1
|-boost|p1a: Lilligant|def|1
|-boost|p1a: Lilligant|spe|1
|move|p2a: Great Tusk|Close Combat|p1a: Lilligant
|-damage|p1a: Lilligant|47/100
|-unboost|p2a: Great Tusk|def|1
|-unboost|p2a: Great Tusk|spd|1
|
|-heal|p2a: Great Tusk|100/100|[from] item: Leftovers
|turn|9
|
|move|p1a: Lilligant|Leaf Blade|p2a: Great Tusk
|-supereffective|p2a: Great Tusk
|-damage|p2a: Great Tusk|0 fnt
|faint|p2a: Great Tusk
|-end|p2a: Great Tusk|Protosynthesis|[silent]
|-damage|p1a: Lilligant|37/100|[from] item: Life Orb
|
|
|switch|p2a: Chien-Pao|Chien-Pao|100/100
|-ability|p2a: Chien-Pao|Sword of Ruin
|turn|10
|
|move|p2a: Chien-Pao|Ice Shard|p1a: Lilligant
|-supereffective|p1a: Lilligant
|-damage|p1a: Lilligant|0 fnt
|faint|p1a: Lilligant
|
|
|switch|p1a: Dragapult|Dragapult, F|100/100
|turn|11
|
|-terastallize|p2a: Chien-Pao|Ice
|move|p2a: Chien-Pao|Ice Shard|p1a: Dragapult
|-supereffective|p1a: Dragapult
|-damage|p1a: Dragapult|0 fnt
|faint|p1a: Dragapult
|
|-message|ricardosapee forfeited.
|
|win|BlackTalonPDX1
|l|☆ricardosapee
