# advantage = p1
|poke|p1|Ditto|
|poke|p1|Drednaw, M|
|poke|p1|Ceruledge, M|
|poke|p1|Regidrago|
|poke|p1|Magearna|
|poke|p1|Amoonguss, F|
|poke|p2|Lilligant-Hisui, F|
|poke|p2|Magearna|
|poke|p2|Glimmora, M|
|poke|p2|Grimmsnarl, M|
|poke|p2|Gholdengo|
|poke|p2|Iron Valiant|
|teampreview
|
|start
|switch|p1a: Amoonguss|Amoonguss, F|100/100
|switch|p2a: Glimmora|Glimmora, M|100/100
|turn|1
|
|move|p2a: Glimmora|Stealth Rock|p1a: Amoonguss
|-sidestart|p1: p1|move: Stealth Rock
|move|p1a: Amoonguss|Spore|p2a: Glimmora
|-status|p2a: Glimmora|slp|[from] move: Spore
|
|turn|2
|
|switch|p1a: Regidrago|Regidrago|100/100
|-damage|p1a: Regidrago|88/100|[from] Stealth Rock
|cant|p2a: Glimmora|slp
|
|turn|3
|
|switch|p2a: Grimmsnarl|Grimmsnarl, M|100/100
|move|p1a: Regidrago|Dragon Dance|p1a: Regidrago
|-boost|p1a: Regidrago|atk|1
|-boost|p1a: Regidrago|spe|1
|
|turn|4
|
|switch|p1a: Magearna|Magearna|100/100
|-damage|p1a: Magearna|94/100|[from] Stealth Rock
|move|p2a: Grimmsnarl|Reflect|p2a: Grimmsnarl
|-sidestart|p2: p2|Reflect
|
|turn|5
|
|move|p2a: Grimmsnarl|Taunt|p1a: Magearna
|-start|p1a: Magearna|move: Taunt
|cant|p1a: Magearna|move: Taunt|Calm Mind
|
|turn|6
|
|move|p2a: Grimmsnarl|Light Screen|p2a: Grimmsnarl
|-sidestart|p2: p2|move: Light Screen
|move|p1a: Magearna|Flash Cannon|p2a: Grimmsnarl
|-supereffective|p2a: Grimmsnarl
|-damage|p2a: Grimmsnarl|66/100
|
|turn|7
|
|move|p2a: Grimmsnarl|Parting Shot|p1a: Magearna
|-unboost|p1a: Magearna|atk|1
|-unboost|p1a: Magearna|spa|1
|
|switch|p2a: Magearna|Magearna|100/100|[from] Parting Shot
|move|p1a: Magearna|Flash Cannon|p2a: Magearna
|-damage|p2a: Magearna|86/100
|
|-heal|p2a: Magearna|92/100|[from] item: Leftovers
|-end|p1a: Magearna|move: Taunt
|turn|8
|
|move|p2a: Magearna|Shift Gear|p2a: Magearna
|-boost|p2a: Magearna|spe|2
|-boost|p2a: Magearna|atk|1
|move|p1a: Magearna|Calm Mind|p1a: Magearna
|-boost|p1a: Magearna|spa|1
|-boost|p1a: Magearna|spd|1
|
|-heal|p2a: Magearna|98/100|[from] item: Leftovers
|turn|9
|
|move|p2a: Magearna|Calm Mind|p2a: Magearna
|-boost|p2a: Magearna|spa|1
|-boost|p2a: Magearna|spd|1
|move|p1a: Magearna|Calm Mind|p1a: Magearna
|-boost|p1a: Magearna|spa|1
|-boost|p1a: Magearna|spd|1
|
|-heal|p2a: Magearna|100/100|[from] item: Leftovers
|turn|10
|
|move|p2a: Magearna|Calm Mind|p2a: Magearna
|-boost|p2a: Magearna|spa|1
|-boost|p2a: Magearna|spd|1
|move|p1a: Magearna|Calm Mind|p1a: Magearna
|-boost|p1a: Magearna|spa|1
|-boost|p1a: Magearna|spd|1
|
|turn|11
|
|-terastallize|p1a: Magearna|Steel
|move|p2a: Magearna|Calm Mind|p2a: Magearna
|-boost|p2a: Magearna|spa|1
|-boost|p2a: Magearna|spd|1
|move|p1a: Magearna|Flash Cannon|p2a: Magearna
|-damage|p2a: Magearna|76/100
|
|-heal|p2a: Magearna|82/100|[from] item: Leftovers
|-sideend|p2: p2|Reflect
|turn|12
|
|move|p2a: Magearna|Calm Mind|p2a: Magearna
|-boost|p2a: Magearna|spa|1
|-boost|p2a: Magearna|spd|1
|move|p1a: Magearna|Flash Cannon|p2a: Magearna
|-damage|p2a: Magearna|62/100
|
|-heal|p2a: Magearna|68/100|[from] item: Leftovers
|turn|13
|
|move|p2a: Magearna|Stored Power|p1a: Magearna
|-resisted|p1a: Magearna
|-damage|p1a: Magearna|50/100
|move|p1a: Magearna|Flash Cannon|p2a: Magearna
|-damage|p2a: Magearna|49/100
|
|-heal|p2a: Magearna|55/100|[from] item: Leftovers
|-sideend|p2: p2|move: Light Screen
|turn|14
|
|move|p2a: Magearna|Stored Power|p1a: Magearna
|-resisted|p1a: Magearna
|-damage|p1a: Magearna|12/100
|move|p1a: Magearna|Flash Cannon|p2a: Magearna
|-damage|p2a: Magearna|16/100
|
|-heal|p2a: Magearna|22/100|[from] item: Leftovers
|turn|15
|
|move|p2a: Magearna|Draining Kiss|p1a: Magearna
|-resisted|p1a: Magearna
|-damage|p1a: Magearna|0 fnt
|-heal|p2a: Magearna|32/100|[from] drain|[of] p1a: Magearna
|faint|p1a: Magearna
|-ability|p2a: Magearna|Soul-Heart|boost
|-boost|p2a: Magearna|spa|1
|
|-heal|p2a: Magearna|38/100|[from] item: Leftovers
|
|switch|p1a: Ditto|Ditto|100/100
|-damage|p1a: Ditto|88/100|[from] Stealth Rock
|-transform|p1a: Ditto|p2a: Magearna|[from] ability: Imposter
|turn|16
|
|-terastallize|p2a: Magearna|Water
|move|p1a: Ditto|Stored Power|p2a: Magearna
|-crit|p2a: Magearna
|-damage|p2a: Magearna|0 fnt
|faint|p2a: Magearna
|-ability|p1a: Ditto|Soul-Heart|boost
|-boost|p1a: Ditto|spa|1
|
|-heal|p1a: Ditto|94/100|[from] item: Leftovers
|
|switch|p2a: Grimmsnarl|Grimmsnarl, M|66/100
|turn|17
|
|move|p2a: Grimmsnarl|Light Screen|p2a: Grimmsnarl
|-sidestart|p2: p2|move: Light Screen
|move|p1a: Ditto|Stored Power|p2a: Grimmsnarl
|-immune|p2a: Grimmsnarl
|
|-heal|p1a: Ditto|99/100|[from] item: Leftovers
|turn|18
|
|move|p2a: Grimmsnarl|Taunt|p1a: Ditto
|-start|p1a: Ditto|move: Taunt
|move|p1a: Ditto|Draining Kiss|p2a: Grimmsnarl
|-supereffective|p2a: Grimmsnarl
|-damage|p2a: Grimmsnarl|0 fnt
|-heal|p1a: Ditto|100/100|[from] drain|[of] p2a: Grimmsnarl
|faint|p2a: Grimmsnarl
|
|
|switch|p2a: Iron Valiant|Iron Valiant|100/100
|-enditem|p2a: Iron Valiant|Booster Energy
|-activate|p2a: Iron Valiant|ability: Quark Drive|[fromitem]
|-start|p2a: Iron Valiant|quarkdrivespe
|turn|19
|
|move|p2a: Iron Valiant|Aura Sphere|p1a: Ditto
|-damage|p1a: Ditto|87/100
|move|p1a: Ditto|Draining Kiss|p2a: Iron Valiant
|-supereffective|p2a: Iron Valiant
|-damage|p2a: Iron Valiant|0 fnt
|-heal|p1a: Ditto|100/100|[from] drain|[of] p2a: Iron Valiant
|faint|p2a: Iron Valiant
|-end|p2a: Iron Valiant|Quark Drive|[silent]
|
|
|switch|p2a: Gholdengo|Gholdengo|100/100
|turn|20
|
|move|p1a: Ditto|Stored Power|p2a: Gholdengo
|-resisted|p2a: Gholdengo
|-damage|p2a: Gholdengo|0 fnt
|faint|p2a: Gholdengo
|
|-end|p1a: Ditto|move: Taunt
|
|switch|p2a: Glimmora|Glimmora, M|100/100 slp
|turn|21
|-message|p2 forfeited.
|
|win|p1
