|poke|p1|Kleavor, F|
|poke|p1|Pelipper, F|
|poke|p1|Basculegion-F, F|
|poke|p1|Great Tusk|
|poke|p1|Rillaboom, F|
|poke|p1|Sneasler, M|
|poke|p2|Great Tusk|
|poke|p2|Corviknight, M|
|poke|p2|Roaring Moon|
|poke|p2|Torkoal, M|
|poke|p2|Glimmora, F|
|poke|p2|Walking Wake|
|teampreview
|
|start
|switch|p1a: Pelippo|Pelipper, F|100/100
|switch|p2a: Hit me :)|Glimmora, F|100/100
|-weather|RainDance|[from] ability: Drizzle|[of] p1a: Pelippo
|turn|1
|
|move|p2a: Hit me :)|Stealth Rock|p1a: Pelippo
|-sidestart|p1: p1|move: Stealth Rock
|move|p1a: Pelippo|U-turn|p2a: Hit me :)
|-resisted|p2a: Hit me :)
|-damage|p2a: Hit me :)|96/100
|-activate|p2a: Hit me :)|ability: Toxic Debris
|-sidestart|p1: p1|move: Toxic Spikes
|
|switch|p1a: No-hated Lando|Great Tusk|100/100|[from] U-turn
|-damage|p1a: No-hated Lando|98/100|[from] Stealth Rock
|-status|p1a: No-hated Lando|psn
|
|-weather|RainDance|[upkeep]
|-damage|p1a: No-hated Lando|85/100 psn|[from] psn
|turn|2
|
|move|p2a: Hit me :)|Spikes|p1a: No-hated Lando
|-sidestart|p1: p1|Spikes
|move|p1a: No-hated Lando|Earthquake|p2a: Hit me :)
|-supereffective|p2a: Hit me :)
|-damage|p2a: Hit me :)|0 fnt
|-activate|p2a: Hit me :)|ability: Toxic Debris
|-sidestart|p1: p1|move: Toxic Spikes
|faint|p2a: Hit me :)
|
|-weather|RainDance|[upkeep]
|-damage|p1a: No-hated Lando|73/100 psn|[from] psn
|
|switch|p2a: Worst Ash' Poke|Torkoal, M|100/100
|-weather|SunnyDay|[from] ability: Drought|[of] p2a: Worst Ash' Poke
|-activate|p1a: No-hated Lando|ability: Protosynthesis
|-start|p1a: No-hated Lando|protosynthesisatk
|turn|3
|
|move|p1a: No-hated Lando|Rapid Spin|p2a: Worst Ash' Poke
|-damage|p2a: Worst Ash' Poke|85/100
|-boost|p1a: No-hated Lando|spe|1
|-sideend|p1: p1|Spikes|[from] move: Rapid Spin|[of] p1a: No-hated Lando
|-sideend|p1: p1|Toxic Spikes|[from] move: Rapid Spin|[of] p1a: No-hated Lando
|-sideend|p1: p1|Stealth Rock|[from] move: Rapid Spin|[of] p1a: No-hated Lando
|move|p2a: Worst Ash' Poke|Yawn||[still]
|-fail|p2a: Worst Ash' Poke
|
|-weather|SunnyDay|[upkeep]
|-damage|p1a: No-hated Lando|60/100 psn|[from] psn
|turn|4
|
|move|p1a: No-hated Lando|Earthquake|p2a: Worst Ash' Poke
|-supereffective|p2a: Worst Ash' Poke
|-damage|p2a: Worst Ash' Poke|4/100
|move|p2a: Worst Ash' Poke|Lava Plume|p1a: No-hated Lando
|-crit|p1a: No-hated Lando
|-damage|p1a: No-hated Lando|13/100 psn
|
|-weather|SunnyDay|[upkeep]
|-damage|p1a: No-hated Lando|1/100 psn|[from] psn
|turn|5
|
|move|p1a: No-hated Lando|Knock Off|p2a: Worst Ash' Poke
|-damage|p2a: Worst Ash' Poke|0 fnt
|-enditem|p2a: Worst Ash' Poke|Heat Rock|[from] move: Knock Off|[of] p1a: No-hated Lando
|faint|p2a: Worst Ash' Poke
|
|-weather|SunnyDay|[upkeep]
|-damage|p1a: No-hated Lando|0 fnt|[from] psn
|faint|p1a: No-hated Lando
|-end|p1a: No-hated Lando|Protosynthesis|[silent]
|
|switch|p1a: Tata|Kleavor, F|100/100
|switch|p2a: Grug Croone|Walking Wake|100/100
|-activate|p2a: Grug Croone|ability: Protosynthesis
|-start|p2a: Grug Croone|protosynthesisspe
|turn|6
|
|move|p2a: Grug Croone|Hydro Steam|p1a: Tata
|-supereffective|p1a: Tata
|-enditem|p1a: Tata|Focus Sash
|-damage|p1a: Tata|1/100
|move|p1a: Tata|Stone Axe|p2a: Grug Croone
|-damage|p2a: Grug Croone|44/100
|-sidestart|p2: p2|move: Stealth Rock
|
|-weather|SunnyDay|[upkeep]
|turn|7
|
|move|p2a: Grug Croone|Hydro Steam|p1a: Tata
|-supereffective|p1a: Tata
|-damage|p1a: Tata|0 fnt
|faint|p1a: Tata
|
|-weather|SunnyDay|[upkeep]
|
|switch|p1a: Pelippo|Pelipper, F|100/100
|-weather|RainDance|[from] ability: Drizzle|[of] p1a: Pelippo
|-end|p2a: Grug Croone|Protosynthesis
|turn|8
|
|move|p2a: Grug Croone|Hydro Steam|p1a: Pelippo
|-resisted|p1a: Pelippo
|-damage|p1a: Pelippo|32/100
|move|p1a: Pelippo|U-turn|p2a: Grug Croone
|-damage|p2a: Grug Croone|35/100
|
|switch|p1a: Grassy Gliden't|Rillaboom, F|100/100|[from] U-turn
|-fieldstart|move: Grassy Terrain|[from] ability: Grassy Surge|[of] p1a: Grassy Gliden't
|
|-weather|RainDance|[upkeep]
|-heal|p2a: Grug Croone|41/100|[from] Grassy Terrain
|turn|9
|
|-end|p2a: Grug Croone|Protosynthesis|[silent]
|switch|p2a: Adam|Corviknight, M|100/100
|-damage|p2a: Adam|88/100|[from] Stealth Rock
|-ability|p2a: Adam|Pressure
|move|p1a: Grassy Gliden't|Drain Punch|p2a: Adam
|-damage|p2a: Adam|64/100
|-damage|p1a: Grassy Gliden't|84/100|[from] item: Rocky Helmet|[of] p2a: Adam
|
|-weather|RainDance|[upkeep]
|-heal|p1a: Grassy Gliden't|90/100|[from] Grassy Terrain
|turn|10
|
|switch|p1a: Pelippo|Pelipper, F|32/100
|move|p2a: Adam|Defog|p1a: Pelippo
|-unboost|p1a: Pelippo|evasion|1
|-sideend|p2: p2|Stealth Rock|[from] move: Defog|[of] p2a: Adam
|-fieldend|move: Grassy Terrain
|
|-weather|RainDance|[upkeep]
|turn|11
|
|switch|p1a: Basculona|Basculegion-F, F|100/100
|move|p2a: Adam|Body Press|p1a: Basculona
|-immune|p1a: Basculona
|
|-weather|RainDance|[upkeep]
|turn|12
|
|move|p1a: Basculona|Ice Beam|p2a: Adam
|-damage|p2a: Adam|25/100
|move|p2a: Adam|U-turn|p1a: Basculona
|-resisted|p1a: Basculona
|-damage|p1a: Basculona|92/100
|
|switch|p2a: Grandpamence|Roaring Moon|100/100|[from] U-turn
|-enditem|p2a: Grandpamence|Booster Energy
|-activate|p2a: Grandpamence|ability: Protosynthesis|[fromitem]
|-start|p2a: Grandpamence|protosynthesisatk
|
|-weather|RainDance|[upkeep]
|turn|13
|
|-terastallize|p2a: Grandpamence|Flying
|move|p1a: Basculona|Ice Beam|p2a: Grandpamence
|-supereffective|p2a: Grandpamence
|-damage|p2a: Grandpamence|17/100
|-status|p2a: Grandpamence|frz
|cant|p2a: Grandpamence|frz
|
|-weather|RainDance|[upkeep]
|turn|14
|
|move|p1a: Basculona|Ice Beam|p2a: Grandpamence
|-supereffective|p2a: Grandpamence
|-damage|p2a: Grandpamence|0 fnt
|faint|p2a: Grandpamence
|-end|p2a: Grandpamence|Protosynthesis|[silent]
|
|-weather|RainDance|[upkeep]
|
|switch|p2a: Grug Croone|Walking Wake|41/100
|turn|15
|
|move|p1a: Basculona|Ice Beam|p2a: Grug Croone
|-damage|p2a: Grug Croone|0 fnt
|faint|p2a: Grug Croone
|-end|p2a: Grug Croone|Protosynthesis|[silent]
|
|-weather|none
|
|switch|p2a: Adam|Corviknight, M|25/100
|-ability|p2a: Adam|Pressure
|turn|16
|
|switch|p1a: Pelippo|Pelipper, F|32/100
|-weather|RainDance|[from] ability: Drizzle|[of] p1a: Pelippo
|move|p2a: Adam|Roost|p2a: Adam
|-heal|p2a: Adam|75/100
|-singleturn|p2a: Adam|move: Roost
|
|-weather|RainDance|[upkeep]
|turn|17
|
|move|p2a: Adam|U-turn|p1a: Pelippo
|-resisted|p1a: Pelippo
|-damage|p1a: Pelippo|27/100
|
|switch|p2a: Many Manito|Great Tusk|100/100|[from] U-turn
|move|p1a: Pelippo|Surf|p2a: Many Manito
|-supereffective|p2a: Many Manito
|-damage|p2a: Many Manito|0 fnt
|faint|p2a: Many Manito
|-end|p2a: Many Manito|Protosynthesis|[silent]
|
|-weather|RainDance|[upkeep]
|
|switch|p2a: Adam|Corviknight, M|75/100
|-ability|p2a: Adam|Pressure
|turn|18
|
|move|p2a: Adam|U-turn|p1a: Pelippo
|-resisted|p1a: Pelippo
|-damage|p1a: Pelippo|21/100
|move|p1a: Pelippo|U-turn|p2a: Adam
|-resisted|p2a: Adam
|-damage|p2a: Adam|74/100
|-damage|p1a: Pelippo|5/100|[from] item: Rocky Helmet|[of] p2a: Adam
|
|switch|p1a: Basculona|Basculegion-F, F|92/100|[from] U-turn
|
|-weather|RainDance|[upkeep]
|turn|19
|
|-terastallize|p1a: Basculona|Water
|move|p1a: Basculona|Surf|p2a: Adam
|-damage|p2a: Adam|0 fnt
|faint|p2a: Adam
|
|win|p1
|player|p1|p1|hilbert-wonderlauncher
