|poke|p1|Sneasler, F|
|poke|p1|Landorus-Therian, M|
|poke|p1|Rotom-Wash|
|poke|p1|Zamazenta-*|
|poke|p1|Magearna|
|poke|p1|Dragapult, F|
|poke|p2|Maushold|
|poke|p2|Sneasler, M|
|poke|p2|Garchomp, M|
|poke|p2|Gholdengo|
|poke|p2|Zapdos|
|poke|p2|Samurott-Hisui, M|
|teampreview
|
|start
|switch|p1a: Landorus|Landorus-Therian, M|100/100
|switch|p2a: Garchomp|Garchomp, M|100/100
|-ability|p1a: Landorus|Intimidate|boost
|-unboost|p2a: Garchomp|atk|1
|turn|1
|
|move|p2a: Garchomp|Stealth Rock|p1a: Landorus
|-sidestart|p1: p1|move: Stealth Rock
|move|p1a: Landorus|U-turn|p2a: Garchomp
|-damage|p2a: Garchomp|60/100
|-damage|p1a: Landorus|88/100|[from] ability: Rough Skin|[of] p2a: Garchomp
|
|switch|p1a: Dragapult|Dragapult, F|100/100|[from] U-turn
|-damage|p1a: Dragapult|88/100|[from] Stealth Rock
|
|turn|2
|
|switch|p2a: Zapdos|Zapdos|100/100
|move|p1a: Dragapult|U-turn|p2a: Zapdos
|-resisted|p2a: Zapdos
|-damage|p2a: Zapdos|94/100
|
|switch|p1a: Landorus|Landorus-Therian, M|88/100|[from] U-turn
|-damage|p1a: Landorus|76/100|[from] Stealth Rock
|-ability|p1a: Landorus|Intimidate|boost
|-unboost|p2a: Zapdos|atk|1
|
|turn|3
|
|switch|p2a: Garchomp|Garchomp, M|60/100
|move|p1a: Landorus|Stone Edge|p2a: Garchomp
|-resisted|p2a: Garchomp
|-damage|p2a: Garchomp|33/100
|
|turn|4
|
|switch|p1a: Rotom|Rotom-Wash|100/100
|-damage|p1a: Rotom|88/100|[from] Stealth Rock
|move|p2a: Garchomp|Draco Meteor|p1a: Rotom
|-damage|p1a: Rotom|38/100
|-unboost|p2a: Garchomp|spa|2
|-damage|p2a: Garchomp|23/100|[from] item: Life Orb
|
|-heal|p1a: Rotom|44/100|[from] item: Leftovers
|turn|5
|
|switch|p2a: Zapdos|Zapdos|94/100
|move|p1a: Rotom|Hydro Pump|p2a: Zapdos
|-damage|p2a: Zapdos|58/100
|
|-heal|p1a: Rotom|50/100|[from] item: Leftovers
|turn|6
|
|move|p2a: Zapdos|Roost|p2a: Zapdos
|-heal|p2a: Zapdos|100/100
|-singleturn|p2a: Zapdos|move: Roost
|move|p1a: Rotom|Volt Switch|p2a: Zapdos
|-resisted|p2a: Zapdos
|-damage|p2a: Zapdos|89/100
|
|switch|p1a: Landorus|Landorus-Therian, M|76/100|[from] Volt Switch
|-damage|p1a: Landorus|64/100|[from] Stealth Rock
|-ability|p1a: Landorus|Intimidate|boost
|-unboost|p2a: Zapdos|atk|1
|
|turn|7
|
|move|p2a: Zapdos|Hurricane|p1a: Landorus|[miss]
|-miss|p2a: Zapdos|p1a: Landorus
|move|p1a: Landorus|U-turn|p2a: Zapdos
|-resisted|p2a: Zapdos
|-damage|p2a: Zapdos|75/100
|-status|p1a: Landorus|par|[from] ability: Static|[of] p2a: Zapdos
|
|switch|p1a: Dragapult|Dragapult, F|88/100|[from] U-turn
|-damage|p1a: Dragapult|76/100|[from] Stealth Rock
|
|turn|8
|
|switch|p2a: Garchomp|Garchomp, M|23/100
|move|p1a: Dragapult|Draco Meteor|p2a: Garchomp
|-supereffective|p2a: Garchomp
|-damage|p2a: Garchomp|0 fnt
|-unboost|p1a: Dragapult|spa|2
|faint|p2a: Garchomp
|
|
|switch|p2a: Samurott|Samurott-Hisui, M|100/100
|turn|9
|
|switch|p1a: Sneasler|Sneasler, F|100/100
|-damage|p1a: Sneasler|95/100|[from] Stealth Rock
|-item|p1a: Sneasler|Air Balloon
|move|p2a: Samurott|Ceaseless Edge|p1a: Sneasler
|-resisted|p1a: Sneasler
|-damage|p1a: Sneasler|66/100
|-sidestart|p1: p1|Spikes
|-enditem|p1a: Sneasler|Air Balloon
|
|turn|10
|
|switch|p2a: Zapdos|Zapdos|75/100
|move|p1a: Sneasler|Acrobatics|p2a: Zapdos
|-resisted|p2a: Zapdos
|-damage|p2a: Zapdos|59/100
|
|turn|11
|
|move|p1a: Sneasler|Dire Claw|p2a: Zapdos
|-damage|p2a: Zapdos|25/100
|move|p2a: Zapdos|Roost|p2a: Zapdos
|-heal|p2a: Zapdos|75/100
|-singleturn|p2a: Zapdos|move: Roost
|
|turn|12
|
|move|p1a: Sneasler|Swords Dance|p1a: Sneasler
|-boost|p1a: Sneasler|atk|2
|move|p2a: Zapdos|Hurricane|p1a: Sneasler|[miss]
|-miss|p2a: Zapdos|p1a: Sneasler
|
|turn|13
|
|move|p1a: Sneasler|Dire Claw|p2a: Zapdos
|-damage|p2a: Zapdos|6/100
|-status|p2a: Zapdos|psn
|move|p2a: Zapdos|Hurricane|p1a: Sneasler|[miss]
|-miss|p2a: Zapdos|p1a: Sneasler
|
|-damage|p2a: Zapdos|0 fnt|[from] psn
|faint|p2a: Zapdos
|
|switch|p2a: Gholdengo|Gholdengo|100/100
|-item|p2a: Gholdengo|Air Balloon
|turn|14
|
|move|p1a: Sneasler|Acrobatics|p2a: Gholdengo
|-resisted|p2a: Gholdengo
|-damage|p2a: Gholdengo|65/100
|-enditem|p2a: Gholdengo|Air Balloon
|move|p2a: Gholdengo|Shadow Ball|p1a: Sneasler
|-damage|p1a: Sneasler|13/100
|
|turn|15
|
|move|p1a: Sneasler|Acrobatics|p2a: Gholdengo
|-resisted|p2a: Gholdengo
|-damage|p2a: Gholdengo|28/100
|move|p2a: Gholdengo|Recover|p2a: Gholdengo
|-heal|p2a: Gholdengo|78/100
|
|turn|16
|
|move|p1a: Sneasler|Swords Dance|p1a: Sneasler
|-boost|p1a: Sneasler|atk|2
|move|p2a: Gholdengo|Shadow Ball|p1a: Sneasler
|-damage|p1a: Sneasler|0 fnt
|faint|p1a: Sneasler
|
|
|switch|p1a: Landorus|Landorus-Therian, M|64/100 par
|-damage|p1a: Landorus|51/100 par|[from] Stealth Rock
|-ability|p1a: Landorus|Intimidate|boost
|-unboost|p2a: Gholdengo|atk|1
|turn|17
|
|move|p2a: Gholdengo|Make It Rain|p1a: Landorus
|-damage|p1a: Landorus|0 fnt
|-unboost|p2a: Gholdengo|spa|1
|faint|p1a: Landorus
|
|
|switch|p1a: Dragapult|Dragapult, F|76/100
|-damage|p1a: Dragapult|64/100|[from] Stealth Rock
|-damage|p1a: Dragapult|51/100|[from] Spikes
|turn|18
|
|switch|p2a: Samurott|Samurott-Hisui, M|100/100
|move|p1a: Dragapult|U-turn|p2a: Samurott
|-supereffective|p2a: Samurott
|-damage|p2a: Samurott|63/100
|
|switch|p1a: Zamazenta|Zamazenta|100/100|[from] U-turn
|-damage|p1a: Zamazenta|94/100|[from] Stealth Rock
|-damage|p1a: Zamazenta|82/100|[from] Spikes
|-ability|p1a: Zamazenta|Dauntless Shield|boost
|-boost|p1a: Zamazenta|def|1
|
|-heal|p1a: Zamazenta|88/100|[from] item: Leftovers
|turn|19
|
|switch|p2a: Maushold|Maushold|100/100
|move|p1a: Zamazenta|Substitute|p1a: Zamazenta
|-start|p1a: Zamazenta|Substitute
|-damage|p1a: Zamazenta|63/100
|
|-heal|p1a: Zamazenta|69/100|[from] item: Leftovers
|turn|20
|
|-terastallize|p2a: Maushold|Ghost
|move|p1a: Zamazenta|Iron Defense|p1a: Zamazenta
|-boost|p1a: Zamazenta|def|2
|move|p2a: Maushold|Encore|p1a: Zamazenta
|-start|p1a: Zamazenta|Encore
|
|-heal|p1a: Zamazenta|76/100|[from] item: Leftovers
|turn|21
|
|move|p1a: Zamazenta|Iron Defense|p1a: Zamazenta
|-boost|p1a: Zamazenta|def|2
|move|p2a: Maushold|Tidy Up|p2a: Maushold
|-end|p1a: Zamazenta|Substitute
|-sideend|p1: p1|Spikes
|-sideend|p1: p1|Stealth Rock
|-activate|p2a: Maushold|move: Tidy Up
|-boost|p2a: Maushold|atk|1
|-boost|p2a: Maushold|spe|1
|
|-heal|p1a: Zamazenta|82/100|[from] item: Leftovers
|turn|22
|
|move|p2a: Maushold|Tidy Up|p2a: Maushold
|-boost|p2a: Maushold|atk|1
|-boost|p2a: Maushold|spe|1
|move|p1a: Zamazenta|Iron Defense|p1a: Zamazenta
|-boost|p1a: Zamazenta|def|1
|
|-heal|p1a: Zamazenta|88/100|[from] item: Leftovers
|turn|23
|
|move|p2a: Maushold|Tidy Up|p2a: Maushold
|-boost|p2a: Maushold|atk|1
|-boost|p2a: Maushold|spe|1
|move|p1a: Zamazenta|Iron Defense|p1a: Zamazenta
|-boost|p1a: Zamazenta|def|0
|
|-heal|p1a: Zamazenta|94/100|[from] item: Leftovers
|-end|p1a: Zamazenta|Encore
|turn|24
|
|move|p2a: Maushold|Encore|p1a: Zamazenta
|-start|p1a: Zamazenta|Encore
|move|p1a: Zamazenta|Iron Defense|p1a: Zamazenta
|-boost|p1a: Zamazenta|def|0
|
|-heal|p1a: Zamazenta|100/100|[from] item: Leftovers
|turn|25
|
|switch|p1a: Rotom|Rotom-Wash|50/100
|move|p2a: Maushold|Tidy Up|p2a: Maushold
|-boost|p2a: Maushold|atk|1
|-boost|p2a: Maushold|spe|1
|
|-heal|p1a: Rotom|57/100|[from] item: Leftovers
|turn|26
|
|move|p2a: Maushold|Population Bomb|p1a: Rotom
|-damage|p1a: Rotom|22/100
|-damage|p1a: Rotom|0 fnt
|faint|p1a: Rotom
|-hitcount|p1: Rotom|2
|
|
|switch|p1a: Dragapult|Dragapult, F|51/100
|turn|27
|
|move|p2a: Maushold|Bite|p1a: Dragapult
|-supereffective|p1a: Dragapult
|-damage|p1a: Dragapult|0 fnt
|faint|p1a: Dragapult
|
|
|switch|p1a: Magearna|Magearna|100/100
|turn|28
|
|move|p2a: Maushold|Population Bomb|p1a: Magearna
|-resisted|p1a: Magearna
|-damage|p1a: Magearna|88/100
|-resisted|p1a: Magearna
|-damage|p1a: Magearna|76/100
|-resisted|p1a: Magearna
|-damage|p1a: Magearna|62/100
|-resisted|p1a: Magearna
|-damage|p1a: Magearna|50/100
|-hitcount|p1a: Magearna|4
|move|p1a: Magearna|Iron Defense|p1a: Magearna
|-boost|p1a: Magearna|def|2
|
|-heal|p1a: Magearna|56/100|[from] item: Leftovers
|turn|29
|
|move|p2a: Maushold|Encore|p1a: Magearna
|-start|p1a: Magearna|Encore
|move|p1a: Magearna|Iron Defense|p1a: Magearna
|-boost|p1a: Magearna|def|2
|
|-heal|p1a: Magearna|62/100|[from] item: Leftovers
|turn|30
|
|move|p2a: Maushold|Population Bomb|p1a: Magearna
|-resisted|p1a: Magearna
|-damage|p1a: Magearna|58/100
|-resisted|p1a: Magearna
|-damage|p1a: Magearna|53/100
|-resisted|p1a: Magearna
|-damage|p1a: Magearna|49/100
|-resisted|p1a: Magearna
|-damage|p1a: Magearna|45/100
|-resisted|p1a: Magearna
|-damage|p1a: Magearna|41/100
|-resisted|p1a: Magearna
|-damage|p1a: Magearna|37/100
|-resisted|p1a: Magearna
|-damage|p1a: Magearna|32/100
|-resisted|p1a: Magearna
|-damage|p1a: Magearna|28/100
|-resisted|p1a: Magearna
|-damage|p1a: Magearna|24/100
|-resisted|p1a: Magearna
|-damage|p1a: Magearna|20/100
|-hitcount|p1a: Magearna|10
|move|p1a: Magearna|Iron Defense|p1a: Magearna
|-boost|p1a: Magearna|def|2
|
|-heal|p1a: Magearna|26/100|[from] item: Leftovers
|turn|31
|
|move|p2a: Maushold|Population Bomb|p1a: Magearna
|-resisted|p1a: Magearna
|-damage|p1a: Magearna|23/100
|-resisted|p1a: Magearna
|-damage|p1a: Magearna|20/100
|-resisted|p1a: Magearna
|-damage|p1a: Magearna|16/100
|-resisted|p1a: Magearna
|-damage|p1a: Magearna|13/100
|-resisted|p1a: Magearna
|-damage|p1a: Magearna|10/100
|-resisted|p1a: Magearna
|-damage|p1a: Magearna|7/100
|-resisted|p1a: Magearna
|-damage|p1a: Magearna|3/100
|-resisted|p1a: Magearna
|-damage|p1a: Magearna|0 fnt
|faint|p1a: Magearna
|-hitcount|p1: Magearna|8
|
|
|switch|p1a: Zamazenta|Zamazenta|100/100
|turn|32
|
|move|p2a: Maushold|Population Bomb|p1a: Zamazenta
|-damage|p1a: Zamazenta|74/100
|-damage|p1a: Zamazenta|48/100
|-damage|p1a: Zamazenta|21/100
|-damage|p1a: Zamazenta|0 fnt
|faint|p1a: Zamazenta
|-hitcount|p1: Zamazenta|4
|
|win|p2
