|poke|p1|Clodsire, F|
|poke|p1|Garganacl, M|
|poke|p1|Great Tusk|
|poke|p1|Volcarona, F|
|poke|p1|Tornadus, M|
|poke|p1|Meowscarada, F|
|poke|p2|Samurott-Hisui, M|
|poke|p2|Lilligant-Hisui, F|
|poke|p2|Ursaluna, M|
|poke|p2|Arcanine-Hisui, M|
|poke|p2|Sneasler, F|
|poke|p2|Zoroark-Hisui, M|
|teampreview
|
|start
|switch|p1a: Meowscarada|Meowscarada, F|100/100
|switch|p2a: Sneasler|Sneasler, F|100/100
|-item|p2a: Sneasler|Air Balloon
|turn|1
|
|move|p1a: Meowscarada|U-turn|p2a: Sneasler
|-start|p1a: Meowscarada|typechange|Bug|[from] ability: Protean
|-resisted|p2a: Sneasler
|-damage|p2a: Sneasler|87/100
|-enditem|p2a: Sneasler|Air Balloon
|
|switch|p1a: Clodsire|Clodsire, F|100/100|[from] U-turn
|move|p2a: Sneasler|Swords Dance|p2a: Sneasler
|-boost|p2a: Sneasler|atk|2
|
|turn|2
|
|move|p2a: Sneasler|Acrobatics|p1a: Clodsire
|-damage|p1a: Clodsire|55/100
|move|p1a: Clodsire|Earthquake|p2a: Sneasler
|-supereffective|p2a: Sneasler
|-damage|p2a: Sneasler|0 fnt
|faint|p2a: Sneasler
|
|-heal|p1a: Clodsire|61/100|[from] item: Leftovers
|
|switch|p2a: Lilligant|Lilligant-Hisui, F|100/100
|turn|3
|
|switch|p1a: Tornadus|Tornadus, M|100/100
|move|p2a: Lilligant|Victory Dance|p2a: Lilligant
|-boost|p2a: Lilligant|atk|1
|-boost|p2a: Lilligant|def|1
|-boost|p2a: Lilligant|spe|1
|
|turn|4
|
|move|p1a: Tornadus|Substitute|p1a: Tornadus
|-start|p1a: Tornadus|Substitute
|-damage|p1a: Tornadus|76/100
|move|p2a: Lilligant|Ice Spinner|p1a: Tornadus
|-supereffective|p1a: Tornadus
|-end|p1a: Tornadus|Substitute
|
|-heal|p1a: Tornadus|82/100|[from] item: Leftovers
|turn|5
|player|p2|
|player|p2|p2|benga
|
|move|p2a: Lilligant|Ice Spinner|p1a: Tornadus
|-supereffective|p1a: Tornadus
|-damage|p1a: Tornadus|0 fnt
|faint|p1a: Tornadus
|
|
|switch|p1a: Clodsire|Clodsire, F|61/100
|turn|6
|
|move|p2a: Lilligant|Leaf Blade|p1a: Clodsire
|-damage|p1a: Clodsire|0 fnt
|faint|p1a: Clodsire
|
|
|switch|p1a: Volcarona|Volcarona, F|100/100
|turn|7
|
|-terastallize|p1a: Volcarona|Fire
|move|p2a: Lilligant|Close Combat|p1a: Volcarona
|-damage|p1a: Volcarona|0 fnt
|-unboost|p2a: Lilligant|def|1
|-unboost|p2a: Lilligant|spd|1
|faint|p1a: Volcarona
|
|-message|p1 forfeited.
|
|win|p2
|player|p2|p2|benga
