|poke|p1|Samurott-Hisui, M|
|poke|p1|Slowking-Galar, F|
|poke|p1|Landorus-Therian, M|
|poke|p1|Lilligant-Hisui, F|
|poke|p1|Zapdos|
|poke|p1|Glimmora, M|
|poke|p2|Tinkaton, F|
|poke|p2|Roaring Moon|
|poke|p2|Ceruledge, M|
|poke|p2|Maushold-Four|
|poke|p2|Kilowattrel, M|
|teampreview
|
|start
|switch|p1a: Landorus|Landorus-Therian, M|100/100
|switch|p2a: Tinkaton|Tinkaton, F|100/100
|-ability|p2a: Tinkaton|Mold Breaker
|-ability|p1a: Landorus|Intimidate|boost
|-unboost|p2a: Tinkaton|atk|1
|turn|1
|
|switch|p2a: Maushold|Maushold-Four|100/100
|move|p1a: Landorus|Taunt|p2a: Maushold
|-start|p2a: Maushold|move: Taunt
|
|turn|2
|
|move|p2a: Maushold|Population Bomb|p1a: Landorus
|-damage|p1a: Landorus|95/100
|-damage|p2a: Maushold|84/100|[from] item: Rocky Helmet|[of] p1a: Landorus
|-damage|p1a: Landorus|90/100
|-damage|p2a: Maushold|67/100|[from] item: Rocky Helmet|[of] p1a: Landorus
|-damage|p1a: Landorus|85/100
|-damage|p2a: Maushold|51/100|[from] item: Rocky Helmet|[of] p1a: Landorus
|-damage|p1a: Landorus|80/100
|-damage|p2a: Maushold|34/100|[from] item: Rocky Helmet|[of] p1a: Landorus
|-crit|p1a: Landorus
|-damage|p1a: Landorus|73/100
|-damage|p2a: Maushold|17/100|[from] item: Rocky Helmet|[of] p1a: Landorus
|-damage|p1a: Landorus|68/100
|-damage|p2a: Maushold|1/100|[from] item: Rocky Helmet|[of] p1a: Landorus
|-damage|p1a: Landorus|62/100
|-damage|p2a: Maushold|0 fnt|[from] item: Rocky Helmet|[of] p1a: Landorus
|faint|p2a: Maushold
|-hitcount|p1a: Landorus|7
|move|p1a: Landorus|U-turn|p2: Maushold|[notarget]
|-fail|p1a: Landorus
|
|
|switch|p2a: Roaring Moon|Roaring Moon|100/100
|-enditem|p2a: Roaring Moon|Booster Energy
|-activate|p2a: Roaring Moon|ability: Protosynthesis|[fromitem]
|-start|p2a: Roaring Moon|protosynthesisatk
|turn|3
|
|switch|p1a: Samurott|Samurott-Hisui, M|100/100
|move|p2a: Roaring Moon|Dragon Dance|p2a: Roaring Moon
|-boost|p2a: Roaring Moon|atk|1
|-boost|p2a: Roaring Moon|spe|1
|
|turn|4
|
|move|p2a: Roaring Moon|Outrage|p1a: Samurott
|-damage|p1a: Samurott|0 fnt
|faint|p1a: Samurott
|
|
|switch|p1a: Landorus|Landorus-Therian, M|62/100
|-ability|p1a: Landorus|Intimidate|boost
|-unboost|p2a: Roaring Moon|atk|1
|turn|5
|
|move|p2a: Roaring Moon|Outrage|p1a: Landorus|[from]lockedmove
|-damage|p1a: Landorus|0 fnt
|-damage|p2a: Roaring Moon|84/100|[from] item: Rocky Helmet|[of] p1a: Landorus
|faint|p1a: Landorus
|-start|p2a: Roaring Moon|confusion|[fatigue]
|
|
|switch|p1a: Zapdos|Zapdos|100/100
|turn|6
|
|-activate|p2a: Roaring Moon|confusion
|move|p2a: Roaring Moon|Dragon Dance|p2a: Roaring Moon
|-boost|p2a: Roaring Moon|atk|1
|-boost|p2a: Roaring Moon|spe|1
|move|p1a: Zapdos|Discharge|p2a: Roaring Moon
|-resisted|p2a: Roaring Moon
|-damage|p2a: Roaring Moon|67/100
|
|turn|7
|
|-activate|p2a: Roaring Moon|confusion
|-damage|p2a: Roaring Moon|38/100|[from] confusion
|move|p1a: Zapdos|Discharge|p2a: Roaring Moon
|-resisted|p2a: Roaring Moon
|-damage|p2a: Roaring Moon|20/100
|
|turn|8
|
|-activate|p2a: Roaring Moon|confusion
|move|p2a: Roaring Moon|Outrage|p1a: Zapdos
|-damage|p1a: Zapdos|5/100
|move|p1a: Zapdos|Discharge|p2a: Roaring Moon
|-resisted|p2a: Roaring Moon
|-damage|p2a: Roaring Moon|4/100
|-status|p2a: Roaring Moon|par
|
|turn|9
|
|-end|p2a: Roaring Moon|confusion
|move|p2a: Roaring Moon|Outrage|p1a: Zapdos|[from]lockedmove
|-damage|p1a: Zapdos|0 fnt
|faint|p1a: Zapdos
|
|
|switch|p1a: Glimmora|Glimmora, M|100/100
|turn|10
|
|move|p1a: Glimmora|Power Gem|p2a: Roaring Moon
|-damage|p2a: Roaring Moon|0 fnt
|faint|p2a: Roaring Moon
|-end|p2a: Roaring Moon|Protosynthesis|[silent]
|
|
|switch|p2a: Tinkaton|Tinkaton, F|100/100
|-ability|p2a: Tinkaton|Mold Breaker
|turn|11
|
|switch|p1a: Slowking|Slowking-Galar, F|100/100
|move|p2a: Tinkaton|Swords Dance|p2a: Tinkaton
|-boost|p2a: Tinkaton|atk|2
|
|turn|12
|
|move|p2a: Tinkaton|Gigaton Hammer|p1a: Slowking
|-damage|p1a: Slowking|0 fnt
|faint|p1a: Slowking
|
|
|switch|p1a: Lilligant|Lilligant-Hisui, F|100/100
|turn|13
|
|-terastallize|p1a: Lilligant|Grass
|move|p1a: Lilligant|Victory Dance|p1a: Lilligant
|-boost|p1a: Lilligant|atk|1
|-boost|p1a: Lilligant|def|1
|-boost|p1a: Lilligant|spe|1
|move|p2a: Tinkaton|Play Rough|p1a: Lilligant
|-damage|p1a: Lilligant|33/100
|
|-heal|p1a: Lilligant|39/100|[from] item: Leftovers
|turn|14
|-activate|p2a: Tinkaton|item: Quick Claw
|
|-terastallize|p2a: Tinkaton|Fire
|move|p2a: Tinkaton|Tera Blast|p1a: Lilligant
|-supereffective|p1a: Lilligant
|-damage|p1a: Lilligant|0 fnt
|faint|p1a: Lilligant
|
|
|switch|p1a: Glimmora|Glimmora, M|100/100
|turn|15
|
|move|p1a: Glimmora|Power Gem|p2a: Tinkaton
|-supereffective|p2a: Tinkaton
|-damage|p2a: Tinkaton|15/100
|move|p2a: Tinkaton|Gigaton Hammer|p1a: Glimmora
|-supereffective|p1a: Glimmora
|-damage|p1a: Glimmora|0 fnt
|-activate|p1a: Glimmora|ability: Toxic Debris
|-sidestart|p2: notengoniunpelo|move: Toxic Spikes
|faint|p1a: Glimmora
|
|win|notengoniunpelo
