|poke|p1|Baxcalibur, F|
|poke|p1|Corviknight, M|
|poke|p1|Ting-Lu|
|poke|p1|Electrode-Hisui|
|poke|p1|Skeledirge, F|
|poke|p1|Hatterene, F|
|poke|p2|Basculegion, M|
|poke|p2|Braviary-Hisui, M|
|poke|p2|Decidueye-Hisui, M|
|poke|p2|Enamorus, F|
|poke|p2|Goodra-Hisui, F|
|poke|p2|Kleavor, F|
|teampreview
|
|start
|switch|p1a: Electrode|Electrode-Hisui|100/100
|switch|p2a: Enamorus|Enamorus, F|100/100
|turn|1
|
|move|p1a: Electrode|Volt Switch|p2a: Enamorus
|-supereffective|p2a: Enamorus
|-damage|p2a: Enamorus|27/100
|
|switch|p1a: Skeledirge|Skeledirge, F|100/100|[from] Volt Switch
|move|p2a: Enamorus|Superpower|p1a: Skeledirge
|-immune|p1a: Skeledirge
|
|-heal|p2a: Enamorus|33/100|[from] item: Leftovers
|turn|2
|
|move|p2a: Enamorus|Play Rough|p1a: Skeledirge|[miss]
|-miss|p2a: Enamorus|p1a: Skeledirge
|move|p1a: Skeledirge|Will-O-Wisp|p2a: Enamorus
|-status|p2a: Enamorus|brn
|
|-heal|p2a: Enamorus|40/100 brn|[from] item: Leftovers
|-damage|p2a: Enamorus|33/100 brn|[from] brn
|turn|3
|
|move|p2a: Enamorus|Play Rough|p1a: Skeledirge|[miss]
|-miss|p2a: Enamorus|p1a: Skeledirge
|move|p1a: Skeledirge|Will-O-Wisp|p2a: Enamorus
|-fail|p2a: Enamorus|brn
|
|-heal|p2a: Enamorus|40/100 brn|[from] item: Leftovers
|-damage|p2a: Enamorus|33/100 brn|[from] brn
|turn|4
|
|move|p2a: Enamorus|Zen Headbutt|p1a: Skeledirge|[miss]
|-miss|p2a: Enamorus|p1a: Skeledirge
|move|p1a: Skeledirge|Will-O-Wisp|p2a: Enamorus
|-fail|p2a: Enamorus|brn
|
|-heal|p2a: Enamorus|40/100 brn|[from] item: Leftovers
|-damage|p2a: Enamorus|33/100 brn|[from] brn
|turn|5
|
|move|p2a: Enamorus|Zen Headbutt|p1a: Skeledirge
|-damage|p1a: Skeledirge|90/100
|move|p1a: Skeledirge|Torch Song|p2a: Enamorus
|-damage|p2a: Enamorus|0 fnt
|-boost|p1a: Skeledirge|spa|1
|faint|p2a: Enamorus
|
|-heal|p1a: Skeledirge|96/100|[from] item: Leftovers
|
|switch|p2a: Basculegion|Basculegion, M|100/100
|turn|6
|
|switch|p1a: Corviknight|Corviknight, M|100/100
|move|p2a: Basculegion|Phantom Force||[still]
|-prepare|p2a: Basculegion|Phantom Force
|
|turn|7
|
|move|p2a: Basculegion|Phantom Force|p1a: Corviknight|[from]lockedmove
|-damage|p1a: Corviknight|66/100
|-damage|p2a: Basculegion|84/100|[from] item: Rocky Helmet|[of] p1a: Corviknight
|move|p1a: Corviknight|Bulk Up|p1a: Corviknight
|-boost|p1a: Corviknight|atk|1
|-boost|p1a: Corviknight|def|1
|
|turn|8
|
|move|p2a: Basculegion|Wave Crash|p1a: Corviknight
|-damage|p1a: Corviknight|35/100
|-damage|p2a: Basculegion|67/100|[from] item: Rocky Helmet|[of] p1a: Corviknight
|-damage|p2a: Basculegion|57/100|[from] Recoil
|move|p1a: Corviknight|Roost|p1a: Corviknight
|-heal|p1a: Corviknight|85/100
|-singleturn|p1a: Corviknight|move: Roost
|
|turn|9
|player|p1|
|player|p1|p1|dawn
|
|move|p2a: Basculegion|Wave Crash|p1a: Corviknight
|-damage|p1a: Corviknight|57/100
|-damage|p2a: Basculegion|40/100|[from] item: Rocky Helmet|[of] p1a: Corviknight
|-damage|p2a: Basculegion|30/100|[from] Recoil
|move|p1a: Corviknight|Brave Bird|p2a: Basculegion
|-damage|p2a: Basculegion|0 fnt
|faint|p2a: Basculegion
|-damage|p1a: Corviknight|47/100|[from] Recoil
|
|
|switch|p2a: Braviary|Braviary-Hisui, M|100/100
|turn|10
|
|switch|p1a: 大哥|Baxcalibur, F|100/100
|-terastallize|p2a: Braviary|Fairy
|move|p2a: Braviary|Dazzling Gleam|p1a: 大哥
|-supereffective|p1a: 大哥
|-damage|p1a: 大哥|0 fnt
|faint|p1a: 大哥
|-damage|p2a: Braviary|91/100|[from] item: Life Orb
|
|
|switch|p1a: Ting-Lu|Ting-Lu|100/100
|-ability|p1a: Ting-Lu|Vessel of Ruin
|turn|11
|
|move|p2a: Braviary|Dazzling Gleam|p1a: Ting-Lu
|-supereffective|p1a: Ting-Lu
|-damage|p1a: Ting-Lu|67/100
|-damage|p2a: Braviary|81/100|[from] item: Life Orb
|move|p1a: Ting-Lu|Earthquake|p2a: Braviary
|-damage|p2a: Braviary|27/100
|
|turn|12
|
|move|p2a: Braviary|Dazzling Gleam|p1a: Ting-Lu
|-supereffective|p1a: Ting-Lu
|-damage|p1a: Ting-Lu|33/100
|-damage|p2a: Braviary|18/100|[from] item: Life Orb
|move|p1a: Ting-Lu|Earthquake|p2a: Braviary
|-damage|p2a: Braviary|0 fnt
|faint|p2a: Braviary
|
|
|switch|p2a: Kleavor|Kleavor, F|100/100
|turn|13
|
|switch|p1a: Corviknight|Corviknight, M|47/100
|move|p2a: Kleavor|Stone Axe|p1a: Corviknight
|-damage|p1a: Corviknight|16/100
|-sidestart|p1: p1|move: Stealth Rock
|-damage|p2a: Kleavor|84/100|[from] item: Rocky Helmet|[of] p1a: Corviknight
|
|turn|14
|
|move|p2a: Kleavor|Stone Axe|p1a: Corviknight|[miss]
|-miss|p2a: Kleavor|p1a: Corviknight
|move|p1a: Corviknight|Roost|p1a: Corviknight
|-heal|p1a: Corviknight|66/100
|-singleturn|p1a: Corviknight|move: Roost
|
|turn|15
|
|move|p2a: Kleavor|Close Combat|p1a: Corviknight
|-damage|p1a: Corviknight|38/100
|-unboost|p2a: Kleavor|def|1
|-unboost|p2a: Kleavor|spd|1
|-damage|p2a: Kleavor|68/100|[from] item: Rocky Helmet|[of] p1a: Corviknight
|move|p1a: Corviknight|Bulk Up|p1a: Corviknight
|-boost|p1a: Corviknight|atk|1
|-boost|p1a: Corviknight|def|1
|
|turn|16
|
|move|p2a: Kleavor|Stone Axe|p1a: Corviknight
|-damage|p1a: Corviknight|17/100
|-damage|p2a: Kleavor|51/100|[from] item: Rocky Helmet|[of] p1a: Corviknight
|move|p1a: Corviknight|Roost|p1a: Corviknight
|-heal|p1a: Corviknight|67/100
|-singleturn|p1a: Corviknight|move: Roost
|
|turn|17
|
|move|p2a: Kleavor|Close Combat|p1a: Corviknight
|-damage|p1a: Corviknight|49/100
|-unboost|p2a: Kleavor|def|1
|-unboost|p2a: Kleavor|spd|1
|-damage|p2a: Kleavor|35/100|[from] item: Rocky Helmet|[of] p1a: Corviknight
|move|p1a: Corviknight|Bulk Up|p1a: Corviknight
|-boost|p1a: Corviknight|atk|1
|-boost|p1a: Corviknight|def|1
|
|turn|18
|
|move|p2a: Kleavor|Close Combat|p1a: Corviknight
|-damage|p1a: Corviknight|37/100
|-unboost|p2a: Kleavor|def|1
|-unboost|p2a: Kleavor|spd|1
|-damage|p2a: Kleavor|19/100|[from] item: Rocky Helmet|[of] p1a: Corviknight
|move|p1a: Corviknight|Roost|p1a: Corviknight
|-heal|p1a: Corviknight|87/100
|-singleturn|p1a: Corviknight|move: Roost
|
|turn|19
|
|switch|p2a: Decidueye|Decidueye-Hisui, M|100/100
|move|p1a: Corviknight|Bulk Up|p1a: Corviknight
|-boost|p1a: Corviknight|atk|1
|-boost|p1a: Corviknight|def|1
|
|turn|20
|
|move|p1a: Corviknight|Brave Bird|p2a: Decidueye
|-supereffective|p2a: Decidueye
|-damage|p2a: Decidueye|0 fnt
|faint|p2a: Decidueye
|-damage|p1a: Corviknight|56/100|[from] Recoil
|
|
|switch|p2a: Goodra|Goodra-Hisui, F|100/100
|turn|21
|
|move|p1a: Corviknight|Defog|p2a: Goodra
|-unboost|p2a: Goodra|evasion|1
|-sideend|p1: p1|Stealth Rock|[from] move: Defog|[of] p1a: Corviknight
|move|p2a: Goodra|Acid Armor|p2a: Goodra
|-boost|p2a: Goodra|def|2
|
|turn|22
|
|switch|p1a: Skeledirge|Skeledirge, F|96/100
|move|p2a: Goodra|Acid Armor|p2a: Goodra
|-boost|p2a: Goodra|def|2
|
|-heal|p1a: Skeledirge|100/100|[from] item: Leftovers
|turn|23
|
|move|p1a: Skeledirge|Will-O-Wisp|p2a: Goodra
|-status|p2a: Goodra|brn
|move|p2a: Goodra|Draco Meteor|p1a: Skeledirge
|-damage|p1a: Skeledirge|55/100
|-unboost|p2a: Goodra|spa|2
|
|-heal|p1a: Skeledirge|61/100|[from] item: Leftovers
|-damage|p2a: Goodra|94/100 brn|[from] brn
|turn|24
|
|move|p1a: Skeledirge|Torch Song|p2a: Goodra
|-damage|p2a: Goodra|76/100 brn
|-boost|p1a: Skeledirge|spa|1
|move|p2a: Goodra|Acid Armor|p2a: Goodra
|-boost|p2a: Goodra|def|2
|
|-heal|p1a: Skeledirge|67/100|[from] item: Leftovers
|-damage|p2a: Goodra|70/100 brn|[from] brn
|turn|25
|
|move|p1a: Skeledirge|Torch Song|p2a: Goodra
|-damage|p2a: Goodra|43/100 brn
|-boost|p1a: Skeledirge|spa|1
|move|p2a: Goodra|Draco Meteor|p1a: Skeledirge
|-damage|p1a: Skeledirge|17/100
|-unboost|p2a: Goodra|spa|2
|
|-heal|p1a: Skeledirge|23/100|[from] item: Leftovers
|-damage|p2a: Goodra|37/100 brn|[from] brn
|turn|26
|
|-terastallize|p1a: Skeledirge|Fairy
|move|p1a: Skeledirge|Slack Off|p1a: Skeledirge
|-heal|p1a: Skeledirge|73/100
|move|p2a: Goodra|Draco Meteor|p1a: Skeledirge
|-immune|p1a: Skeledirge
|
|-heal|p1a: Skeledirge|79/100|[from] item: Leftovers
|-damage|p2a: Goodra|31/100 brn|[from] brn
|turn|27
|
|move|p1a: Skeledirge|Torch Song|p2a: Goodra
|-damage|p2a: Goodra|0 fnt
|-boost|p1a: Skeledirge|spa|1
|faint|p2a: Goodra
|
|-heal|p1a: Skeledirge|85/100|[from] item: Leftovers
|
|switch|p2a: Kleavor|Kleavor, F|19/100
|turn|28
|
|move|p2a: Kleavor|X-Scissor|p1a: Skeledirge
|-resisted|p1a: Skeledirge
|-damage|p1a: Skeledirge|58/100
|move|p1a: Skeledirge|Torch Song|p2a: Kleavor
|-damage|p2a: Kleavor|0 fnt
|-boost|p1a: Skeledirge|spa|1
|faint|p2a: Kleavor
|
|win|p1
|player|p1|p1|dawn
