# advantage = p1
|poke|p1|Magearna|
|poke|p1|Zamazenta-*|
|poke|p1|Great Tusk|
|poke|p1|Diancie|
|poke|p1|Kingambit, F|
|poke|p1|Regidrago|
|poke|p2|Torkoal, M|
|poke|p2|Walking Wake|
|poke|p2|Arcanine-Hisui, F|
|poke|p2|Lilligant-Hisui, F|
|poke|p2|Great Tusk|
|poke|p2|Hatterene, F|
|teampreview
|
|start
|switch|p1a: Landorus-T|Great Tusk|100/100
|switch|p2a: Torkoal|Torkoal, M|100/100
|-weather|SunnyDay|[from] ability: Drought|[of] p2a: Torkoal
|-activate|p1a: Landorus-T|ability: Protosynthesis
|-start|p1a: Landorus-T|protosynthesisdef
|turn|1
|
|switch|p2a: Lilligant|Lilligant-Hisui, F, shiny|100/100
|move|p1a: Landorus-T|Headlong Rush|p2a: Lilligant
|-resisted|p2a: Lilligant
|-damage|p2a: Lilligant|55/100
|-unboost|p1a: Landorus-T|def|1
|-unboost|p1a: Landorus-T|spd|1
|
|-weather|SunnyDay|[upkeep]
|turn|2
|
|-end|p1a: Landorus-T|Protosynthesis|[silent]
|switch|p1a: Jawrench|Regidrago|100/100
|-terastallize|p2a: Lilligant|Grass
|move|p2a: Lilligant|Victory Dance|p2a: Lilligant
|-boost|p2a: Lilligant|atk|1
|-boost|p2a: Lilligant|def|1
|-boost|p2a: Lilligant|spe|1
|
|-weather|SunnyDay|[upkeep]
|turn|3
|
|move|p2a: Lilligant|Solar Blade||[still]
|-prepare|p2a: Lilligant|Solar Blade
|-anim|p2a: Lilligant|Solar Blade|p1a: Jawrench
|-resisted|p1a: Jawrench
|-damage|p1a: Jawrench|15/100
|move|p1a: Jawrench|Dragon Energy|p2a: Lilligant
|-damage|p2a: Lilligant|30/100
|
|-weather|SunnyDay|[upkeep]
|-heal|p1a: Jawrench|21/100|[from] item: Leftovers
|turn|4
|
|move|p2a: Lilligant|Solar Blade||[still]
|-prepare|p2a: Lilligant|Solar Blade
|-anim|p2a: Lilligant|Solar Blade|p1a: Jawrench
|-resisted|p1a: Jawrench
|-damage|p1a: Jawrench|0 fnt
|faint|p1a: Jawrench
|
|-weather|SunnyDay|[upkeep]
|
|switch|p1a: Very on the Radar|Magearna|100/100
|turn|5
|
|move|p2a: Lilligant|Close Combat|p1a: Very on the Radar|[miss]
|-miss|p2a: Lilligant|p1a: Very on the Radar
|move|p1a: Very on the Radar|Draining Kiss|p2a: Lilligant
|-damage|p2a: Lilligant|0 fnt
|faint|p2a: Lilligant
|-ability|p1a: Very on the Radar|Soul-Heart|boost
|-boost|p1a: Very on the Radar|spa|1
|
|-weather|SunnyDay|[upkeep]
|
|switch|p2a: Arcanine|Arcanine-Hisui, F|100/100
|turn|6
|
|-terastallize|p1a: Very on the Radar|Psychic
|move|p2a: Arcanine|Flare Blitz|p1a: Very on the Radar
|-damage|p1a: Very on the Radar|6/100
|-status|p1a: Very on the Radar|brn
|-damage|p2a: Arcanine|91/100|[from] item: Life Orb
|move|p1a: Very on the Radar|Agility|p1a: Very on the Radar
|-boost|p1a: Very on the Radar|spe|2
|
|-weather|SunnyDay|[upkeep]
|-damage|p1a: Very on the Radar|0 fnt|[from] brn
|faint|p1a: Very on the Radar
|
|switch|p1a: Landorus-T|Great Tusk|100/100
|-activate|p1a: Landorus-T|ability: Protosynthesis
|-start|p1a: Landorus-T|protosynthesisdef
|turn|7
|
|switch|p2a: Hatterene|Hatterene, F|100/100
|-item|p2a: Hatterene|Air Balloon
|move|p1a: Landorus-T|Knock Off|p2a: Hatterene
|-crit|p2a: Hatterene
|-damage|p2a: Hatterene|61/100
|-enditem|p2a: Hatterene|Air Balloon
|
|-weather|SunnyDay|[upkeep]
|turn|8
|
|move|p1a: Landorus-T|Headlong Rush|p2a: Hatterene
|-damage|p2a: Hatterene|17/100
|-unboost|p1a: Landorus-T|def|1
|-unboost|p1a: Landorus-T|spd|1
|move|p2a: Hatterene|Psychic|p1a: Landorus-T
|-supereffective|p1a: Landorus-T
|-damage|p1a: Landorus-T|0 fnt
|faint|p1a: Landorus-T
|-end|p1a: Landorus-T|Protosynthesis|[silent]
|
|-weather|none
|
|switch|p1a: Carbink?? idk|Diancie|100/100
|turn|9
|
|switch|p2a: Torkoal|Torkoal, M|100/100
|-weather|SunnyDay|[from] ability: Drought|[of] p2a: Torkoal
|move|p1a: Carbink?? idk|Iron Defense|p1a: Carbink?? idk
|-boost|p1a: Carbink?? idk|def|2
|
|-weather|SunnyDay|[upkeep]
|turn|10
|
|move|p1a: Carbink?? idk|Body Press|p2a: Torkoal
|-damage|p2a: Torkoal|54/100
|move|p2a: Torkoal|Yawn|p1a: Carbink?? idk
|-start|p1a: Carbink?? idk|move: Yawn|[of] p2a: Torkoal
|
|-weather|SunnyDay|[upkeep]
|turn|11
|
|move|p1a: Carbink?? idk|Diamond Storm|p2a: Torkoal
|-supereffective|p2a: Torkoal
|-crit|p2a: Torkoal
|-damage|p2a: Torkoal|0 fnt
|-boost|p1a: Carbink?? idk|def|2
|faint|p2a: Torkoal
|
|-weather|SunnyDay|[upkeep]
|-end|p1a: Carbink?? idk|move: Yawn|[silent]
|-status|p1a: Carbink?? idk|slp
|
|switch|p2a: Walking Wake|Walking Wake|100/100
|-activate|p2a: Walking Wake|ability: Protosynthesis
|-start|p2a: Walking Wake|protosynthesisspe
|turn|12
|
|move|p2a: Walking Wake|Hydro Steam|p1a: Carbink?? idk
|-supereffective|p1a: Carbink?? idk
|-damage|p1a: Carbink?? idk|0 fnt
|faint|p1a: Carbink?? idk
|
|-weather|SunnyDay|[upkeep]
|
|switch|p1a: Leader's Crest|Kingambit, F|100/100
|-activate|p1a: Leader's Crest|ability: Supreme Overlord
|-start|p1a: Leader's Crest|fallen4|[silent]
|turn|13
|
|-end|p2a: Walking Wake|Protosynthesis|[silent]
|switch|p2a: Great Tusk|Great Tusk|100/100
|-activate|p2a: Great Tusk|ability: Protosynthesis
|-start|p2a: Great Tusk|protosynthesisatk
|move|p1a: Leader's Crest|Sucker Punch||[still]
|-fail|p1a: Leader's Crest
|
|-weather|SunnyDay|[upkeep]
|turn|14
|
|move|p2a: Great Tusk|Close Combat|p1a: Leader's Crest
|-supereffective|p1a: Leader's Crest
|-damage|p1a: Leader's Crest|0 fnt
|-unboost|p2a: Great Tusk|def|1
|-unboost|p2a: Great Tusk|spd|1
|faint|p1a: Leader's Crest
|-end|p1a: Leader's Crest|fallen4|[silent]
|
|-weather|SunnyDay|[upkeep]
|
|switch|p1a: bonky doggy|Zamazenta-Crowned|100/100
|-ability|p1a: bonky doggy|Dauntless Shield|boost
|-boost|p1a: bonky doggy|def|1
|turn|15
|
|-end|p2a: Great Tusk|Protosynthesis|[silent]
|switch|p2a: Walking Wake|Walking Wake|100/100
|-activate|p2a: Walking Wake|ability: Protosynthesis
|-start|p2a: Walking Wake|protosynthesisspe
|move|p1a: bonky doggy|Iron Defense|p1a: bonky doggy
|-boost|p1a: bonky doggy|def|2
|
|-weather|SunnyDay|[upkeep]
|turn|16
|
|move|p2a: Walking Wake|Hydro Steam|p1a: bonky doggy
|-damage|p1a: bonky doggy|37/100
|move|p1a: bonky doggy|Body Press|p2a: Walking Wake
|-damage|p2a: Walking Wake|0 fnt
|faint|p2a: Walking Wake
|-end|p2a: Walking Wake|Protosynthesis|[silent]
|
|-weather|none
|
|switch|p2a: Great Tusk|Great Tusk|100/100
|turn|17
|
|move|p2a: Great Tusk|Headlong Rush|p1a: bonky doggy
|-supereffective|p1a: bonky doggy
|-damage|p1a: bonky doggy|5/100
|-unboost|p2a: Great Tusk|def|1
|-unboost|p2a: Great Tusk|spd|1
|move|p1a: bonky doggy|Body Press|p2a: Great Tusk
|-damage|p2a: Great Tusk|0 fnt
|faint|p2a: Great Tusk
|-end|p2a: Great Tusk|Protosynthesis|[silent]
|
|
|switch|p2a: Arcanine|Arcanine-Hisui, F|91/100
|turn|18
|
|move|p2a: Arcanine|Extreme Speed|p1a: bonky doggy
|-resisted|p1a: bonky doggy
|-damage|p1a: bonky doggy|2/100
|-damage|p2a: Arcanine|81/100|[from] item: Life Orb
|move|p1a: bonky doggy|Body Press|p2a: Arcanine
|-supereffective|p2a: Arcanine
|-damage|p2a: Arcanine|0 fnt
|faint|p2a: Arcanine
|
|
|switch|p2a: Hatterene|Hatterene, F|17/100
|turn|19
|
|move|p1a: bonky doggy|Crunch|p2a: Hatterene
|-crit|p2a: Hatterene
|-damage|p2a: Hatterene|0 fnt
|faint|p2a: Hatterene
|
|win|p1
