# advantage = p1
|poke|p1|Magearna|
|poke|p1|Clodsire, F|
|poke|p1|Garganacl, M|
|poke|p1|Dondozo, F|
|poke|p1|Gholdengo|
|poke|p1|Corviknight, F|
|poke|p2|Pelipper, F|
|poke|p2|Zapdos|
|poke|p2|Basculegion, M|
|poke|p2|Urshifu-*, F|
|poke|p2|Iron Treads|
|poke|p2|Walking Wake|
|teampreview
|
|start
|switch|p1a: Cheesr|Gholdengo|100/100
|switch|p2a: Pelipper|Pelipper, F|100/100
|-weather|RainDance|[from] ability: Drizzle|[of] p2a: Pelipper
|turn|1
|
|switch|p2a: Iron Treads|Iron Treads|100/100
|move|p1a: Cheesr|Shadow Ball|p2a: Iron Treads
|-damage|p2a: Iron Treads|74/100
|
|-weather|RainDance|[upkeep]
|turn|2
|
|switch|p1a: The|Corviknight, F|100/100
|-ability|p1a: The|Pressure
|move|p2a: Iron Treads|Volt Switch|p1a: The
|-supereffective|p1a: The
|-damage|p1a: The|79/100
|
|-end|p2a: Iron Treads|Quark Drive|[silent]
|switch|p2a: Zapdos|Zapdos|100/100|[from] Volt Switch
|
|-weather|RainDance|[upkeep]
|turn|3
|
|switch|p1a: Magear no|Clodsire, F|100/100
|-terastallize|p2a: Zapdos|Water
|move|p2a: Zapdos|Tera Blast|p1a: Magear no
|-supereffective|p1a: Magear no
|-damage|p1a: Magear no|0 fnt
|faint|p1a: Magear no
|
|-weather|RainDance|[upkeep]
|
|switch|p1a: Chien Poast|Magearna|100/100
|turn|4
|
|switch|p2a: Iron Treads|Iron Treads|74/100
|move|p1a: Chien Poast|Calm Mind|p1a: Chien Poast
|-boost|p1a: Chien Poast|spa|1
|-boost|p1a: Chien Poast|spd|1
|
|-weather|RainDance|[upkeep]
|turn|5
|
|-terastallize|p1a: Chien Poast|Flying
|move|p2a: Iron Treads|Earthquake|p1a: Chien Poast
|-immune|p1a: Chien Poast
|move|p1a: Chien Poast|Shift Gear|p1a: Chien Poast
|-boost|p1a: Chien Poast|spe|2
|-boost|p1a: Chien Poast|atk|1
|
|-weather|RainDance|[upkeep]
|turn|6
|
|move|p1a: Chien Poast|Calm Mind|p1a: Chien Poast
|-boost|p1a: Chien Poast|spa|1
|-boost|p1a: Chien Poast|spd|1
|move|p2a: Iron Treads|Volt Switch|p1a: Chien Poast
|-supereffective|p1a: Chien Poast
|-damage|p1a: Chien Poast|91/100
|
|-end|p2a: Iron Treads|Quark Drive|[silent]
|switch|p2a: Basculegion|Basculegion, M|100/100|[from] Volt Switch
|
|-weather|RainDance|[upkeep]
|-heal|p1a: Chien Poast|97/100|[from] item: Leftovers
|turn|7
|
|move|p2a: Basculegion|Wave Crash|p1a: Chien Poast
|-damage|p1a: Chien Poast|0 fnt
|faint|p1a: Chien Poast
|-damage|p2a: Basculegion|70/100|[from] Recoil
|
|-weather|RainDance|[upkeep]
|
|switch|p1a: Oh carp|Dondozo, F|100/100
|turn|8
|
|move|p2a: Basculegion|Wave Crash|p1a: Oh carp
|-resisted|p1a: Oh carp
|-damage|p1a: Oh carp|71/100
|-damage|p2a: Basculegion|57/100|[from] Recoil
|move|p1a: Oh carp|Curse|p1a: Oh carp
|-unboost|p1a: Oh carp|spe|1
|-boost|p1a: Oh carp|atk|1
|-boost|p1a: Oh carp|def|1
|
|-weather|none
|-heal|p1a: Oh carp|77/100|[from] item: Leftovers
|turn|9
|
|switch|p2a: Pelipper|Pelipper, F|100/100
|-weather|RainDance|[from] ability: Drizzle|[of] p2a: Pelipper
|move|p1a: Oh carp|Liquidation|p2a: Pelipper
|-resisted|p2a: Pelipper
|-damage|p2a: Pelipper|74/100
|
|-weather|RainDance|[upkeep]
|-heal|p1a: Oh carp|83/100|[from] item: Leftovers
|turn|10
|
|move|p2a: Pelipper|U-turn|p1a: Oh carp
|-damage|p1a: Oh carp|81/100
|
|switch|p2a: Zapdos|Zapdos, tera:Water|100/100|[from] U-turn
|move|p1a: Oh carp|Liquidation|p2a: Zapdos
|-resisted|p2a: Zapdos
|-crit|p2a: Zapdos
|-damage|p2a: Zapdos|45/100
|-status|p1a: Oh carp|par|[from] ability: Static|[of] p2a: Zapdos
|
|-weather|RainDance|[upkeep]
|-heal|p1a: Oh carp|87/100 par|[from] item: Leftovers
|turn|11
|
|switch|p1a: Cheesr|Gholdengo|100/100
|move|p2a: Zapdos|Thunder|p1a: Cheesr
|-damage|p1a: Cheesr|0 fnt
|faint|p1a: Cheesr
|
|-weather|RainDance|[upkeep]
|
|switch|p1a: Me after losing|Garganacl, M|100/100
|turn|12
|
|move|p2a: Zapdos|Thunder|p1a: Me after losing
|-damage|p1a: Me after losing|45/100
|move|p1a: Me after losing|Salt Cure|p2a: Zapdos
|-damage|p2a: Zapdos|28/100
|-start|p2a: Zapdos|Salt Cure
|
|-weather|RainDance|[upkeep]
|-heal|p1a: Me after losing|51/100|[from] item: Leftovers
|-damage|p2a: Zapdos|3/100|[from] Salt Cure
|turn|13
|
|switch|p2a: Urshifu|Urshifu-Rapid-Strike, F|100/100
|move|p1a: Me after losing|Recover|p1a: Me after losing
|-heal|p1a: Me after losing|100/100
|
|-weather|RainDance|[upkeep]
|turn|14
|
|switch|p1a: Oh carp|Dondozo, F|87/100 par
|move|p2a: Urshifu|Swords Dance|p2a: Urshifu
|-boost|p2a: Urshifu|atk|2
|
|-weather|RainDance|[upkeep]
|-heal|p1a: Oh carp|93/100 par|[from] item: Leftovers
|turn|15
|
|switch|p2a: Walking Wake|Walking Wake|100/100
|move|p1a: Oh carp|Liquidation|p2a: Walking Wake
|-resisted|p2a: Walking Wake
|-damage|p2a: Walking Wake|89/100
|
|-weather|RainDance|[upkeep]
|-heal|p1a: Oh carp|99/100 par|[from] item: Leftovers
|turn|16
|
|move|p2a: Walking Wake|Draco Meteor|p1a: Oh carp
|-damage|p1a: Oh carp|4/100 par
|-unboost|p2a: Walking Wake|spa|2
|move|p1a: Oh carp|Rest|p1a: Oh carp
|-status|p1a: Oh carp|slp|[from] move: Rest
|-heal|p1a: Oh carp|100/100 slp|[silent]
|
|-weather|none
|turn|17
|
|switch|p1a: Me after losing|Garganacl, M|100/100
|move|p2a: Walking Wake|Draco Meteor|p1a: Me after losing
|-crit|p1a: Me after losing
|-damage|p1a: Me after losing|0 fnt
|-unboost|p2a: Walking Wake|spa|2
|faint|p1a: Me after losing
|
|-message|p1 forfeited.
|
|win|p2
|player|p2|p2|169
