|poke|p1|Slither Wing|
|poke|p1|Rabsca, F|
|poke|p1|Lokix, F|
|poke|p1|Spidops, M|
|poke|p1|Kleavor, M|
|poke|p1|Kricketune, F|
|poke|p2|Carbink|
|teampreview
|
|start
|switch|p1a: Kricketune|Kricketune, F|100/100
|switch|p2a: Silly tiny rock|Carbink|100/100
|turn|1
|
|move|p1a: Kricketune|Night Slash|p2a: Silly tiny rock
|-resisted|p2a: Silly tiny rock
|-damage|p2a: Silly tiny rock|94/100
|move|p2a: Silly tiny rock|Iron Defense|p2a: Silly tiny rock
|-boost|p2a: Silly tiny rock|def|2
|
|-heal|p2a: Silly tiny rock|99/100|[from] item: Leftovers
|turn|2
|
|move|p1a: Kricketune|Brick Break|p2a: Silly tiny rock
|-damage|p2a: Silly tiny rock|93/100
|move|p2a: Silly tiny rock|Iron Defense|p2a: Silly tiny rock
|-boost|p2a: Silly tiny rock|def|2
|
|-heal|p2a: Silly tiny rock|99/100|[from] item: Leftovers
|turn|3
|
|move|p1a: Kricketune|Aerial Ace|p2a: Silly tiny rock
|-resisted|p2a: Silly tiny rock
|-damage|p2a: Silly tiny rock|96/100
|move|p2a: Silly tiny rock|Iron Defense|p2a: Silly tiny rock
|-boost|p2a: Silly tiny rock|def|2
|
|-heal|p2a: Silly tiny rock|100/100|[from] item: Leftovers
|turn|4
|
|move|p1a: Kricketune|Brick Break|p2a: Silly tiny rock
|-damage|p2a: Silly tiny rock|97/100
|move|p2a: Silly tiny rock|Stone Edge|p1a: Kricketune
|-supereffective|p1a: Kricketune
|-damage|p1a: Kricketune|17/100
|-enditem|p1a: Kricketune|Salac Berry|[eat]
|-boost|p1a: Kricketune|spe|1|[from] item: Salac Berry
|
|-heal|p2a: Silly tiny rock|100/100|[from] item: Leftovers
|turn|5
|
|move|p1a: Kricketune|Brick Break|p2a: Silly tiny rock
|-damage|p2a: Silly tiny rock|97/100
|move|p2a: Silly tiny rock|Body Press|p1a: Kricketune
|-resisted|p1a: Kricketune
|-damage|p1a: Kricketune|0 fnt
|faint|p1a: Kricketune
|
|-heal|p2a: Silly tiny rock|100/100|[from] item: Leftovers
|
|switch|p1a: Rabsca|Rabsca, F|100/100
|turn|6
|
|move|p2a: Silly tiny rock|Stone Edge|p1a: Rabsca
|-supereffective|p1a: Rabsca
|-damage|p1a: Rabsca|48/100
|move|p1a: Rabsca|Earth Power|p2a: Silly tiny rock
|-supereffective|p2a: Silly tiny rock
|-damage|p2a: Silly tiny rock|56/100
|-unboost|p2a: Silly tiny rock|spd|1
|
|-heal|p2a: Silly tiny rock|63/100|[from] item: Leftovers
|turn|7
|
|move|p2a: Silly tiny rock|Stone Edge|p1a: Rabsca
|-supereffective|p1a: Rabsca
|-damage|p1a: Rabsca|0 fnt
|faint|p1a: Rabsca
|
|-heal|p2a: Silly tiny rock|69/100|[from] item: Leftovers
|
|switch|p1a: Spidops|Spidops, M|100/100
|turn|8
|
|move|p2a: Silly tiny rock|Stone Edge|p1a: Spidops
|-supereffective|p1a: Spidops
|-damage|p1a: Spidops|48/100
|move|p1a: Spidops|Poison Jab|p2a: Silly tiny rock
|-damage|p2a: Silly tiny rock|65/100
|-status|p2a: Silly tiny rock|psn
|
|-heal|p2a: Silly tiny rock|71/100 psn|[from] item: Leftovers
|-damage|p2a: Silly tiny rock|58/100 psn|[from] psn
|turn|9
|
|move|p2a: Silly tiny rock|Body Press|p1a: Spidops
|-resisted|p1a: Spidops
|-damage|p1a: Spidops|0 fnt
|faint|p1a: Spidops
|
|-heal|p2a: Silly tiny rock|65/100 psn|[from] item: Leftovers
|-damage|p2a: Silly tiny rock|52/100 psn|[from] psn
|
|switch|p1a: Kleavor|Kleavor, M|100/100
|turn|10
|
|move|p1a: Kleavor|Stone Edge|p2a: Silly tiny rock|[miss]
|-miss|p1a: Kleavor|p2a: Silly tiny rock
|move|p2a: Silly tiny rock|Body Press|p1a: Kleavor
|-damage|p1a: Kleavor|0 fnt
|faint|p1a: Kleavor
|
|-heal|p2a: Silly tiny rock|58/100 psn|[from] item: Leftovers
|-damage|p2a: Silly tiny rock|46/100 psn|[from] psn
|
|switch|p1a: Lokix|Lokix, F|100/100
|turn|11
|
|move|p1a: Lokix|Trailblaze|p2a: Silly tiny rock
|-supereffective|p2a: Silly tiny rock
|-damage|p2a: Silly tiny rock|41/100 psn
|-boost|p1a: Lokix|spe|1
|move|p2a: Silly tiny rock|Body Press|p1a: Lokix
|-damage|p1a: Lokix|0 fnt
|faint|p1a: Lokix
|
|-heal|p2a: Silly tiny rock|47/100 psn|[from] item: Leftovers
|-damage|p2a: Silly tiny rock|34/100 psn|[from] psn
|
|switch|p1a: Slither Wing|Slither Wing|100/100
|-enditem|p1a: Slither Wing|Booster Energy
|-activate|p1a: Slither Wing|ability: Protosynthesis|[fromitem]
|-start|p1a: Slither Wing|protosynthesisatk
|turn|12
|
|-terastallize|p1a: Slither Wing|Bug
|move|p1a: Slither Wing|Earthquake|p2a: Silly tiny rock
|-supereffective|p2a: Silly tiny rock
|-damage|p2a: Silly tiny rock|17/100 psn
|move|p2a: Silly tiny rock|Body Press|p1a: Slither Wing
|-resisted|p1a: Slither Wing
|-damage|p1a: Slither Wing|27/100
|
|-heal|p2a: Silly tiny rock|24/100 psn|[from] item: Leftovers
|-damage|p2a: Silly tiny rock|11/100 psn|[from] psn
|turn|13
|
|-terastallize|p2a: Silly tiny rock|Grass
|move|p1a: Slither Wing|Leech Life|p2a: Silly tiny rock
|-supereffective|p2a: Silly tiny rock
|-damage|p2a: Silly tiny rock|0 fnt
|-heal|p1a: Slither Wing|32/100|[from] drain|[of] p2a: Silly tiny rock
|faint|p2a: Silly tiny rock
|
|win|ost1234567891
