# advantage = p2
|poke|p1|Samurott-Hisui, M|
|poke|p1|Dragapult, M|
|poke|p1|Heatran, F|
|poke|p1|Meowscarada, M|
|poke|p1|Landorus-Therian, M|
|poke|p1|Iron Treads|
|poke|p2|Ursaluna, F|
|poke|p2|Magearna|
|poke|p2|Cresselia, F|
|poke|p2|Hatterene, F|
|poke|p2|Slowking, M|
|poke|p2|Hoopa-Unbound|
|teampreview
|
|start
|switch|p1a: Samurott|Samurott-Hisui, M|100/100
|switch|p2a: Ziz|Hatterene, F|100/100
|turn|1
|
|move|p1a: Samurott|Ceaseless Edge|p2a: Ziz
|-damage|p2a: Ziz|50/100
|-sidestart|p2: p2|Spikes
|move|p2a: Ziz|Trick Room|p2a: Ziz
|-fieldstart|move: Trick Room|[of] p2a: Ziz
|
|turn|2
|
|switch|p1a: Heatran|Heatran, F|100/100
|move|p2a: Ziz|Dazzling Gleam|p1a: Heatran
|-resisted|p1a: Heatran
|-damage|p1a: Heatran|89/100
|
|turn|3
|player|p1|
|player|p1|p1|265
|
|move|p2a: Ziz|Healing Wish|p2a: Ziz
|faint|p2a: Ziz
|move|p1a: Heatran|Magma Storm|p2: Ziz|[notarget]
|-fail|p1a: Heatran
|
|
|switch|p2a: Zing|Ursaluna, F|100/100
|-damage|p2a: Zing|88/100|[from] Spikes
|turn|4
|
|switch|p1a: Landorus|Landorus-Therian, M|100/100
|-ability|p1a: Landorus|Intimidate|boost
|-unboost|p2a: Zing|atk|1
|move|p2a: Zing|Swords Dance|p2a: Zing
|-boost|p2a: Zing|atk|2
|
|-status|p2a: Zing|brn|[from] item: Flame Orb
|turn|5
|
|switch|p1a: Dragapult|Dragapult, M|100/100
|move|p2a: Zing|Facade|p1a: Dragapult
|-immune|p1a: Dragapult
|
|-damage|p2a: Zing|82/100 brn|[from] brn
|-fieldend|move: Trick Room
|turn|6
|
|switch|p2a: Zuzu|Slowking, M|100/100
|-damage|p2a: Zuzu|88/100|[from] Spikes
|move|p1a: Dragapult|U-turn|p2a: Zuzu
|-supereffective|p2a: Zuzu
|-damage|p2a: Zuzu|56/100
|
|switch|p1a: Samurott|Samurott-Hisui, M|100/100|[from] U-turn
|
|turn|7
|
|switch|p2a: Zaza|Magearna|100/100
|-damage|p2a: Zaza|88/100|[from] Spikes
|move|p1a: Samurott|Taunt|p2a: Zaza
|-start|p2a: Zaza|move: Taunt
|
|turn|8
|
|switch|p1a: Heatran|Heatran, F|89/100
|move|p2a: Zaza|Aura Sphere|p1a: Heatran
|-supereffective|p1a: Heatran
|-damage|p1a: Heatran|29/100
|
|turn|9
|
|switch|p1a: Landorus|Landorus-Therian, M|100/100
|-ability|p1a: Landorus|Intimidate|boost
|-unboost|p2a: Zaza|atk|1
|move|p2a: Zaza|Aura Sphere|p1a: Landorus
|-resisted|p1a: Landorus
|-damage|p1a: Landorus|83/100
|
|-end|p2a: Zaza|move: Taunt
|turn|10
|
|move|p1a: Landorus|Earthquake|p2a: Zaza
|-supereffective|p2a: Zaza
|-enditem|p2a: Zaza|Shuca Berry|[eat]
|-enditem|p2a: Zaza|Shuca Berry|[weaken]
|-damage|p2a: Zaza|49/100
|move|p2a: Zaza|Trick Room|p2a: Zaza
|-fieldstart|move: Trick Room|[of] p2a: Zaza
|
|turn|11
|
|switch|p1a: Heatran|Heatran, F|29/100
|move|p2a: Zaza|Fleur Cannon|p1a: Heatran
|-resisted|p1a: Heatran
|-damage|p1a: Heatran|11/100
|-unboost|p2a: Zaza|spa|2
|
|turn|12
|
|move|p2a: Zaza|Fleur Cannon|p1a: Heatran
|-resisted|p1a: Heatran
|-damage|p1a: Heatran|1/100
|-unboost|p2a: Zaza|spa|2
|move|p1a: Heatran|Magma Storm|p2a: Zaza|[miss]
|-miss|p1a: Heatran|p2a: Zaza
|
|turn|13
|player|p1|
|player|p1|p1|265
|
|move|p2a: Zaza|Volt Switch|p1a: Heatran
|-damage|p1a: Heatran|0 fnt
|faint|p1a: Heatran
|-ability|p2a: Zaza|Soul-Heart|boost
|-boost|p2a: Zaza|spa|1
|
|switch|p2a: Hoopa|Hoopa-Unbound|100/100|[from] Volt Switch
|-damage|p2a: Hoopa|88/100|[from] Spikes
|
|
|switch|p1a: Landorus|Landorus-Therian, M|83/100
|-ability|p1a: Landorus|Intimidate|boost
|-unboost|p2a: Hoopa|atk|1
|turn|14
|
|switch|p1a: Iron Treads|Iron Treads|100/100
|-enditem|p1a: Iron Treads|Booster Energy
|-activate|p1a: Iron Treads|ability: Quark Drive|[fromitem]
|-start|p1a: Iron Treads|quarkdrivespe
|move|p2a: Hoopa|Psychic|p1a: Iron Treads
|-resisted|p1a: Iron Treads
|-damage|p1a: Iron Treads|53/100
|
|-fieldend|move: Trick Room
|turn|15
|
|move|p1a: Iron Treads|Earthquake|p2a: Hoopa
|-damage|p2a: Hoopa|19/100
|move|p2a: Hoopa|Trick Room|p2a: Hoopa
|-fieldstart|move: Trick Room|[of] p2a: Hoopa
|
|turn|16
|
|move|p2a: Hoopa|Dark Pulse|p1a: Iron Treads
|-damage|p1a: Iron Treads|0 fnt
|faint|p1a: Iron Treads
|-end|p1a: Iron Treads|Quark Drive|[silent]
|
|
|switch|p1a: Landorus|Landorus-Therian, M|83/100
|-ability|p1a: Landorus|Intimidate|boost
|-unboost|p2a: Hoopa|atk|1
|turn|17
|
|move|p2a: Hoopa|Dark Pulse|p1a: Landorus
|-damage|p1a: Landorus|21/100
|cant|p1a: Landorus|flinch
|
|turn|18
|
|move|p2a: Hoopa|Dark Pulse|p1a: Landorus
|-damage|p1a: Landorus|0 fnt
|faint|p1a: Landorus
|
|
|switch|p1a: Samurott|Samurott-Hisui, M|100/100
|turn|19
|
|switch|p1a: Dragapult|Dragapult, M|100/100
|move|p2a: Hoopa|Dark Pulse|p1a: Dragapult
|-supereffective|p1a: Dragapult
|-damage|p1a: Dragapult|0 fnt
|faint|p1a: Dragapult
|
|-fieldend|move: Trick Room
|
|switch|p1a: Samurott|Samurott-Hisui, M|100/100
|turn|20
|
|move|p1a: Samurott|Ceaseless Edge|p2a: Hoopa
|-damage|p2a: Hoopa|0 fnt
|-sidestart|p2: p2|Spikes
|faint|p2a: Hoopa
|
|
|switch|p2a: Zaza|Magearna|49/100
|-heal|p2a: Zaza|100/100|[from] move: Healing Wish
|-damage|p2a: Zaza|84/100|[from] Spikes
|turn|21
|
|-terastallize|p1a: Samurott|Ghost
|move|p1a: Samurott|Razor Shell|p2a: Zaza
|-damage|p2a: Zaza|38/100
|move|p2a: Zaza|Trick Room|p2a: Zaza
|-fieldstart|move: Trick Room|[of] p2a: Zaza
|
|turn|22
|
|move|p2a: Zaza|Fleur Cannon|p1a: Samurott
|-damage|p1a: Samurott|0 fnt
|-unboost|p2a: Zaza|spa|2
|faint|p1a: Samurott
|-ability|p2a: Zaza|Soul-Heart|boost
|-boost|p2a: Zaza|spa|1
|
|
|switch|p1a: Meowscarada|Meowscarada, M|100/100
|turn|23
|
|move|p1a: Meowscarada|Sucker Punch|p2a: Zaza
|-start|p1a: Meowscarada|typechange|Dark|[from] ability: Protean
|-resisted|p2a: Zaza
|-damage|p2a: Zaza|24/100
|move|p2a: Zaza|Fleur Cannon|p1a: Meowscarada
|-supereffective|p1a: Meowscarada
|-crit|p1a: Meowscarada
|-damage|p1a: Meowscarada|0 fnt
|-unboost|p2a: Zaza|spa|2
|faint|p1a: Meowscarada
|
|win|p2
