# advantage = p1
|poke|p1|Garganacl, M|
|poke|p1|Slither Wing|
|poke|p1|Zoroark-Hisui, M|
|poke|p1|Cinderace, F|
|poke|p1|Maushold-Four|
|poke|p1|Scream Tail|
|poke|p2|Quaquaval, F|
|poke|p2|Kingambit, M|
|poke|p2|Dragonite, F|
|poke|p2|Frosmoth, F|
|poke|p2|Toxtricity, F|
|poke|p2|Bronzong|
|teampreview
|
|start
|switch|p1a: AHHHHHHHHHHHH|Scream Tail|100/100
|switch|p2a: Randy Savage|Toxtricity, F|100/100
|turn|1
|
|move|p2a: Randy Savage|Sludge Bomb|p1a: AHHHHHHHHHHHH
|-supereffective|p1a: AHHHHHHHHHHHH
|-damage|p1a: AHHHHHHHHHHHH|41/100
|-status|p1a: AHHHHHHHHHHHH|psn
|move|p1a: AHHHHHHHHHHHH|Light Screen|p1a: AHHHHHHHHHHHH
|-sidestart|p1: p1|move: Light Screen
|
|-heal|p1a: AHHHHHHHHHHHH|47/100 psn|[from] item: Leftovers
|-damage|p1a: AHHHHHHHHHHHH|35/100 psn|[from] psn
|turn|2
|
|-end|p1a: AHHHHHHHHHHHH|Protosynthesis|[silent]
|switch|p1a: The Dead Sea|Garganacl, M|100/100
|move|p2a: Randy Savage|Sludge Bomb|p1a: The Dead Sea
|-resisted|p1a: The Dead Sea
|-damage|p1a: The Dead Sea|91/100
|
|-heal|p1a: The Dead Sea|97/100|[from] item: Leftovers
|turn|3
|
|move|p2a: Randy Savage|Sludge Bomb|p1a: The Dead Sea
|-resisted|p1a: The Dead Sea
|-damage|p1a: The Dead Sea|87/100
|move|p1a: The Dead Sea|Curse|p1a: The Dead Sea
|-unboost|p1a: The Dead Sea|spe|1
|-boost|p1a: The Dead Sea|atk|1
|-boost|p1a: The Dead Sea|def|1
|
|-heal|p1a: The Dead Sea|93/100|[from] item: Leftovers
|turn|4
|
|switch|p2a: The Rock|Bronzong|100/100
|move|p1a: The Dead Sea|Salt Cure|p2a: The Rock
|-resisted|p2a: The Rock
|-damage|p2a: The Rock|93/100
|-start|p2a: The Rock|Salt Cure
|
|-heal|p1a: The Dead Sea|99/100|[from] item: Leftovers
|-damage|p2a: The Rock|69/100|[from] Salt Cure
|turn|5
|
|move|p2a: The Rock|Reflect|p2a: The Rock
|-sidestart|p2: p2|Reflect
|move|p1a: The Dead Sea|Body Press|p2a: The Rock
|-damage|p2a: The Rock|53/100
|-damage|p1a: The Dead Sea|82/100|[from] item: Rocky Helmet|[of] p2a: The Rock
|
|-heal|p1a: The Dead Sea|89/100|[from] item: Leftovers
|-damage|p2a: The Rock|29/100|[from] Salt Cure
|-sideend|p1: p1|move: Light Screen
|turn|6
|
|switch|p2a: Randy Savage|Toxtricity, F|100/100
|move|p1a: The Dead Sea|Salt Cure|p2a: Randy Savage
|-damage|p2a: Randy Savage|84/100
|-start|p2a: Randy Savage|Salt Cure
|
|-heal|p1a: The Dead Sea|95/100|[from] item: Leftovers
|-damage|p2a: Randy Savage|72/100|[from] Salt Cure
|turn|7
|
|move|p2a: Randy Savage|Volt Switch|p1a: The Dead Sea
|-damage|p1a: The Dead Sea|63/100
|
|switch|p2a: The Rock|Bronzong|29/100|[from] Volt Switch
|move|p1a: The Dead Sea|Recover|p1a: The Dead Sea
|-heal|p1a: The Dead Sea|100/100
|
|turn|8
|
|switch|p2a: Randy Savage|Toxtricity, F|72/100
|move|p1a: The Dead Sea|Salt Cure|p2a: Randy Savage
|-damage|p2a: Randy Savage|57/100
|-start|p2a: Randy Savage|Salt Cure
|
|-damage|p2a: Randy Savage|44/100|[from] Salt Cure
|turn|9
|
|move|p2a: Randy Savage|Volt Switch|p1a: The Dead Sea
|-damage|p1a: The Dead Sea|68/100
|
|switch|p2a: The Rock|Bronzong|29/100|[from] Volt Switch
|move|p1a: The Dead Sea|Recover|p1a: The Dead Sea
|-heal|p1a: The Dead Sea|100/100
|
|-sideend|p2: p2|Reflect
|turn|10
|
|move|p2a: The Rock|Reflect|p2a: The Rock
|-sidestart|p2: p2|Reflect
|move|p1a: The Dead Sea|Salt Cure|p2a: The Rock
|-resisted|p2a: The Rock
|-damage|p2a: The Rock|25/100
|-start|p2a: The Rock|Salt Cure
|
|-damage|p2a: The Rock|0 fnt|[from] Salt Cure
|faint|p2a: The Rock
|
|switch|p2a: Rey Mysterio|Quaquaval, F, shiny|100/100
|turn|11
|
|move|p2a: Rey Mysterio|Aqua Step|p1a: The Dead Sea
|-supereffective|p1a: The Dead Sea
|-damage|p1a: The Dead Sea|72/100
|-boost|p2a: Rey Mysterio|spe|1
|move|p1a: The Dead Sea|Salt Cure|p2a: Rey Mysterio
|-resisted|p2a: Rey Mysterio
|-damage|p2a: Rey Mysterio|94/100
|-start|p2a: Rey Mysterio|Salt Cure
|
|-heal|p2a: Rey Mysterio|100/100|[from] item: Leftovers
|-heal|p1a: The Dead Sea|78/100|[from] item: Leftovers
|-damage|p2a: Rey Mysterio|76/100|[from] Salt Cure
|turn|12
|
|move|p2a: Rey Mysterio|Close Combat|p1a: The Dead Sea
|-supereffective|p1a: The Dead Sea
|-damage|p1a: The Dead Sea|39/100
|-unboost|p2a: Rey Mysterio|def|1
|-unboost|p2a: Rey Mysterio|spd|1
|move|p1a: The Dead Sea|Recover|p1a: The Dead Sea
|-heal|p1a: The Dead Sea|89/100
|
|-heal|p2a: Rey Mysterio|82/100|[from] item: Leftovers
|-heal|p1a: The Dead Sea|96/100|[from] item: Leftovers
|-damage|p2a: Rey Mysterio|57/100|[from] Salt Cure
|turn|13
|
|switch|p2a: Randy Savage|Toxtricity, F|44/100
|move|p1a: The Dead Sea|Curse|p1a: The Dead Sea
|-unboost|p1a: The Dead Sea|spe|1
|-boost|p1a: The Dead Sea|atk|1
|-boost|p1a: The Dead Sea|def|1
|
|-heal|p1a: The Dead Sea|100/100|[from] item: Leftovers
|turn|14
|
|move|p2a: Randy Savage|Overdrive|p1a: The Dead Sea
|-damage|p1a: The Dead Sea|52/100
|move|p1a: The Dead Sea|Body Press|p2a: Randy Savage
|-resisted|p2a: Randy Savage
|-damage|p2a: Randy Savage|21/100
|
|-heal|p1a: The Dead Sea|58/100|[from] item: Leftovers
|-sideend|p2: p2|Reflect
|turn|15
|
|move|p2a: Randy Savage|Overdrive|p1a: The Dead Sea
|-damage|p1a: The Dead Sea|16/100
|move|p1a: The Dead Sea|Recover|p1a: The Dead Sea
|-heal|p1a: The Dead Sea|66/100
|
|-heal|p1a: The Dead Sea|72/100|[from] item: Leftovers
|turn|16
|
|move|p2a: Randy Savage|Overdrive|p1a: The Dead Sea
|-damage|p1a: The Dead Sea|28/100
|move|p1a: The Dead Sea|Salt Cure|p2a: Randy Savage
|-damage|p2a: Randy Savage|0 fnt
|faint|p2a: Randy Savage
|
|-heal|p1a: The Dead Sea|35/100|[from] item: Leftovers
|
|switch|p2a: Ronda Rousey|Frosmoth, F|100/100
|turn|17
|
|move|p2a: Ronda Rousey|Giga Drain|p1a: The Dead Sea
|-supereffective|p1a: The Dead Sea
|-damage|p1a: The Dead Sea|0 fnt
|faint|p1a: The Dead Sea
|
|
|switch|p1a: Roger|Cinderace, F|100/100
|turn|18
|
|move|p1a: Roger|Sunny Day|p1a: Roger
|-weather|SunnyDay
|move|p2a: Ronda Rousey|Ice Beam|p1a: Roger
|-resisted|p1a: Roger
|-damage|p1a: Roger|62/100
|
|-weather|SunnyDay|[upkeep]
|turn|19
|
|move|p1a: Roger|Pyro Ball|p2a: Ronda Rousey
|-supereffective|p2a: Ronda Rousey
|-damage|p2a: Ronda Rousey|0 fnt
|faint|p2a: Ronda Rousey
|
|-weather|SunnyDay|[upkeep]
|
|switch|p2a: Rey Mysterio|Quaquaval, F, shiny|57/100
|turn|20
|
|move|p1a: Roger|Pyro Ball|p2a: Rey Mysterio
|-resisted|p2a: Rey Mysterio
|-damage|p2a: Rey Mysterio|2/100
|move|p2a: Rey Mysterio|Aqua Step|p1a: Roger
|-supereffective|p1a: Roger
|-damage|p1a: Roger|0 fnt
|-boost|p2a: Rey Mysterio|spe|1
|faint|p1a: Roger
|-ability|p2a: Rey Mysterio|Moxie|boost
|-boost|p2a: Rey Mysterio|atk|1
|
|-weather|SunnyDay|[upkeep]
|-heal|p2a: Rey Mysterio|8/100|[from] item: Leftovers
|
|switch|p1a: Last Dance (T)|Maushold-Four|100/100
|turn|21
|
|move|p2a: Rey Mysterio|Aqua Step|p1a: Last Dance (T)
|-damage|p1a: Last Dance (T)|38/100
|-boost|p2a: Rey Mysterio|spe|1
|replace|p1a: Who me?|Zoroark-Hisui, M
|-end|p1a: Who me?|Illusion
|move|p1a: Who me?|U-turn|p2a: Rey Mysterio
|-resisted|p2a: Rey Mysterio
|-damage|p2a: Rey Mysterio|0 fnt
|faint|p2a: Rey Mysterio
|
|switch|p1a: AHHHHHHHHHHHH|Scream Tail|35/100 psn|[from] U-turn
|-activate|p1a: AHHHHHHHHHHHH|ability: Protosynthesis
|-start|p1a: AHHHHHHHHHHHH|protosynthesisspe
|
|-weather|SunnyDay|[upkeep]
|-heal|p1a: AHHHHHHHHHHHH|41/100 psn|[from] item: Leftovers
|-damage|p1a: AHHHHHHHHHHHH|29/100 psn|[from] psn
|
|switch|p2a: The Undertaker|Kingambit, M, shiny|100/100
|-activate|p2a: The Undertaker|ability: Supreme Overlord
|-start|p2a: The Undertaker|fallen4|[silent]
|turn|22
|
|move|p1a: AHHHHHHHHHHHH|Thunder Wave|p2a: The Undertaker
|-status|p2a: The Undertaker|par
|cant|p2a: The Undertaker|par
|
|-weather|none
|-end|p1a: AHHHHHHHHHHHH|Protosynthesis
|-heal|p1a: AHHHHHHHHHHHH|35/100 psn|[from] item: Leftovers
|-damage|p1a: AHHHHHHHHHHHH|22/100 psn|[from] psn
|turn|23
|
|move|p1a: AHHHHHHHHHHHH|Reflect|p1a: AHHHHHHHHHHHH
|-sidestart|p1: p1|Reflect
|cant|p2a: The Undertaker|par
|
|-heal|p1a: AHHHHHHHHHHHH|29/100 psn|[from] item: Leftovers
|-damage|p1a: AHHHHHHHHHHHH|16/100 psn|[from] psn
|turn|24
|
|move|p1a: AHHHHHHHHHHHH|Dazzling Gleam|p2a: The Undertaker
|-damage|p2a: The Undertaker|80/100 par
|move|p2a: The Undertaker|Kowtow Cleave|p1a: AHHHHHHHHHHHH
|-damage|p1a: AHHHHHHHHHHHH|0 fnt
|faint|p1a: AHHHHHHHHHHHH
|-end|p1a: AHHHHHHHHHHHH|Protosynthesis|[silent]
|-damage|p2a: The Undertaker|71/100 par|[from] item: Life Orb
|
|
|switch|p1a: Slithering Away|Slither Wing|100/100
|turn|25
|
|move|p1a: Slithering Away|U-turn|p2a: The Undertaker
|-damage|p2a: The Undertaker|30/100 par
|
|-end|p1a: Slithering Away|Protosynthesis|[silent]
|switch|p1a: Last Dance (T)|Maushold-Four|100/100|[from] U-turn
|cant|p2a: The Undertaker|par
|
|turn|26
|
|move|p2a: The Undertaker|Sucker Punch|p1a: Last Dance (T)
|-damage|p1a: Last Dance (T)|38/100
|-damage|p2a: The Undertaker|21/100 par|[from] item: Life Orb
|move|p1a: Last Dance (T)|Population Bomb|p2a: The Undertaker
|-resisted|p2a: The Undertaker
|-damage|p2a: The Undertaker|17/100 par
|-resisted|p2a: The Undertaker
|-damage|p2a: The Undertaker|13/100 par
|-resisted|p2a: The Undertaker
|-damage|p2a: The Undertaker|9/100 par
|-resisted|p2a: The Undertaker
|-crit|p2a: The Undertaker
|-damage|p2a: The Undertaker|3/100 par
|-resisted|p2a: The Undertaker
|-damage|p2a: The Undertaker|0 fnt
|faint|p2a: The Undertaker
|-end|p2a: The Undertaker|fallen4|[silent]
|-hitcount|p2: The Undertaker|5
|
|
|switch|p2a: John Cena|Dragonite, F|100/100
|turn|27
|
|-terastallize|p1a: Last Dance (T)|Ghost
|move|p1a: Last Dance (T)|Tidy Up|p1a: Last Dance (T)
|-boost|p1a: Last Dance (T)|atk|1
|-boost|p1a: Last Dance (T)|spe|1
|move|p2a: John Cena|Dragon Dance|p2a: John Cena
|-boost|p2a: John Cena|atk|1
|-boost|p2a: John Cena|spe|1
|
|-sideend|p1: p1|Reflect
|turn|28
|
|move|p1a: Last Dance (T)|Population Bomb|p2a: John Cena
|-damage|p2a: John Cena|90/100
|-damage|p2a: John Cena|69/100
|-damage|p2a: John Cena|50/100
|-damage|p2a: John Cena|27/100
|-damage|p2a: John Cena|6/100
|-damage|p2a: John Cena|0 fnt
|faint|p2a: John Cena
|-hitcount|p2: John Cena|6
|
|win|p1
