# advantage = p2
|poke|p1|Baxcalibur, F|
|poke|p1|Thundurus-Therian, M|
|poke|p1|Basculegion-F, F|
|poke|p1|Overqwil, F|
|poke|p1|Pelipper, M|
|poke|p1|Great Tusk|
|poke|p2|Delphox, F|
|poke|p2|Lilligant-Hisui, F|
|poke|p2|Chien-Pao|
|poke|p2|Clodsire, M|
|poke|p2|Corviknight, M|
|poke|p2|Azelf|
|teampreview
|
|start
|switch|p1a: Pelipper|Pelipper, M|100/100
|switch|p2a: Azelf|Azelf|100/100
|-weather|RainDance|[from] ability: Drizzle|[of] p1a: Pelipper
|turn|1
|
|move|p2a: Azelf|Stealth Rock|p1a: Pelipper
|-sidestart|p1: p1|move: Stealth Rock
|move|p1a: Pelipper|U-turn|p2a: Azelf
|-supereffective|p2a: Azelf
|-damage|p2a: Azelf|71/100
|
|switch|p1a: Overqwil|Overqwil, F|100/100|[from] U-turn
|-damage|p1a: Overqwil|88/100|[from] Stealth Rock
|
|-weather|RainDance|[upkeep]
|turn|2
|
|switch|p2a: Lilligant|Lilligant-Hisui, F, shiny|100/100
|move|p1a: Overqwil|Crunch|p2a: Lilligant
|-resisted|p2a: Lilligant
|-damage|p2a: Lilligant|57/100
|
|-weather|RainDance|[upkeep]
|turn|3
|
|move|p1a: Overqwil|Crunch|p2a: Lilligant
|-resisted|p2a: Lilligant
|-damage|p2a: Lilligant|13/100
|-unboost|p2a: Lilligant|def|1
|move|p2a: Lilligant|Seed Bomb|p1a: Overqwil
|-resisted|p1a: Overqwil
|-damage|p1a: Overqwil|56/100
|
|-weather|RainDance|[upkeep]
|turn|4
|
|move|p1a: Overqwil|Crunch|p2a: Lilligant
|-resisted|p2a: Lilligant
|-crit|p2a: Lilligant
|-damage|p2a: Lilligant|0 fnt
|faint|p2a: Lilligant
|
|-weather|RainDance|[upkeep]
|
|switch|p2a: Chien-Pao|Chien-Pao|100/100
|-ability|p2a: Chien-Pao|Sword of Ruin
|turn|5
|
|move|p1a: Overqwil|Crunch|p2a: Chien-Pao
|-resisted|p2a: Chien-Pao
|-damage|p2a: Chien-Pao|62/100
|move|p2a: Chien-Pao|Icicle Crash|p1a: Overqwil
|-damage|p1a: Overqwil|0 fnt
|faint|p1a: Overqwil
|
|-weather|RainDance|[upkeep]
|
|switch|p1a: Basculegion|Basculegion-F, F|100/100
|-damage|p1a: Basculegion|88/100|[from] Stealth Rock
|turn|6
|
|switch|p2a: Corviknight|Corviknight, M|100/100
|-terastallize|p1a: Basculegion|Water
|move|p1a: Basculegion|Surf|p2a: Corviknight
|-damage|p2a: Corviknight|0 fnt
|faint|p2a: Corviknight
|
|-weather|RainDance|[upkeep]
|
|switch|p2a: Clodsire|Clodsire, M|100/100
|turn|7
|-message|p2 forfeited.
|
|win|p1
