|poke|p1|Samurott-Hisui, M|
|poke|p1|Dragapult, M|
|poke|p1|Sneasler, F|
|poke|p1|Magearna|
|poke|p1|Volcarona, M|
|poke|p1|Zamazenta-*|
|poke|p2|Lilligant-Hisui, F|
|poke|p2|Dragapult, M|
|poke|p2|Urshifu-*, F|
|poke|p2|Mew|
|poke|p2|Great Tusk|
|poke|p2|Baxcalibur, M|
|teampreview
|
|start
|switch|p1a: Samurott|Samurott-Hisui, M|100/100
|switch|p2a: Mew|Mew|100/100
|turn|1
|
|switch|p2a: Great Tusk|Great Tusk|100/100
|-enditem|p2a: Great Tusk|Booster Energy
|-activate|p2a: Great Tusk|ability: Protosynthesis|[fromitem]
|-start|p2a: Great Tusk|protosynthesisatk
|move|p1a: Samurott|Taunt|p2a: Great Tusk
|-start|p2a: Great Tusk|move: Taunt
|
|turn|2
|
|switch|p1a: Dragapult|Dragapult, M|100/100
|move|p2a: Great Tusk|Close Combat|p1a: Dragapult
|-immune|p1a: Dragapult
|
|turn|3
|
|move|p1a: Dragapult|Reflect|p1a: Dragapult
|-sidestart|p1: SDK04|Reflect
|move|p2a: Great Tusk|Ice Spinner|p1a: Dragapult
|-supereffective|p1a: Dragapult
|-damage|p1a: Dragapult|58/100
|-start|p2a: Great Tusk|Disable|Ice Spinner|[from] ability: Cursed Body|[of] p1a: Dragapult
|
|-end|p2a: Great Tusk|move: Taunt
|turn|4
|
|move|p1a: Dragapult|Curse|p2a: Great Tusk
|-start|p2a: Great Tusk|Curse|[of] p1a: Dragapult
|-damage|p1a: Dragapult|8/100
|move|p2a: Great Tusk|Headlong Rush|p1a: Dragapult
|-damage|p1a: Dragapult|0 fnt
|-unboost|p2a: Great Tusk|def|1
|-unboost|p2a: Great Tusk|spd|1
|faint|p1a: Dragapult
|
|-damage|p2a: Great Tusk|76/100|[from] Curse
|
|switch|p1a: Samurott|Samurott-Hisui, M|100/100
|turn|5
|
|-end|p2a: Great Tusk|Protosynthesis|[silent]
|switch|p2a: Urshifu|Urshifu-Rapid-Strike, F|100/100
|move|p1a: Samurott|Ceaseless Edge|p2a: Urshifu|[miss]
|-miss|p1a: Samurott|p2a: Urshifu
|
|turn|6
|
|move|p2a: Urshifu|Swords Dance|p2a: Urshifu
|-boost|p2a: Urshifu|atk|2
|move|p1a: Samurott|Ceaseless Edge|p2a: Urshifu
|-resisted|p2a: Urshifu
|-damage|p2a: Urshifu|76/100
|-sidestart|p2: manuel8833|Spikes
|
|turn|7
|
|switch|p1a: Zamazenta|Zamazenta-Crowned|100/100
|-ability|p1a: Zamazenta|Dauntless Shield|boost
|-boost|p1a: Zamazenta|def|1
|move|p2a: Urshifu|Close Combat|p1a: Zamazenta
|-supereffective|p1a: Zamazenta
|-damage|p1a: Zamazenta|47/100
|-unboost|p2a: Urshifu|def|1
|-unboost|p2a: Urshifu|spd|1
|
|turn|8
|
|move|p1a: Zamazenta|Body Press|p2a: Urshifu
|-damage|p2a: Urshifu|0 fnt
|faint|p2a: Urshifu
|
|
|switch|p2a: Mew|Mew|100/100
|-damage|p2a: Mew|88/100|[from] Spikes
|turn|9
|
|move|p1a: Zamazenta|Iron Defense|p1a: Zamazenta
|-boost|p1a: Zamazenta|def|2
|move|p2a: Mew|Taunt|p1a: Zamazenta
|-start|p1a: Zamazenta|move: Taunt
|
|turn|10
|
|switch|p2a: Great Tusk|Great Tusk|76/100
|-damage|p2a: Great Tusk|63/100|[from] Spikes
|move|p1a: Zamazenta|Crunch|p2a: Great Tusk
|-resisted|p2a: Great Tusk
|-damage|p2a: Great Tusk|56/100
|
|-sideend|p1: SDK04|Reflect
|turn|11
|
|move|p1a: Zamazenta|Body Press|p2a: Great Tusk
|-damage|p2a: Great Tusk|0 fnt
|faint|p2a: Great Tusk
|-end|p2a: Great Tusk|Protosynthesis|[silent]
|
|
|switch|p2a: Dragapult|Dragapult, M|100/100
|-damage|p2a: Dragapult|88/100|[from] Spikes
|turn|12
|
|move|p2a: Dragapult|Dragon Dance|p2a: Dragapult
|-boost|p2a: Dragapult|atk|1
|-boost|p2a: Dragapult|spe|1
|move|p1a: Zamazenta|Crunch|p2a: Dragapult
|-supereffective|p2a: Dragapult
|-damage|p2a: Dragapult|28/100
|
|-heal|p2a: Dragapult|34/100|[from] item: Leftovers
|-end|p1a: Zamazenta|move: Taunt
|turn|13
|
|-terastallize|p2a: Dragapult|Fire
|move|p2a: Dragapult|Tera Blast|p1a: Zamazenta
|-supereffective|p1a: Zamazenta
|-damage|p1a: Zamazenta|13/100
|move|p1a: Zamazenta|Crunch|p2a: Dragapult
|-damage|p2a: Dragapult|5/100
|-unboost|p2a: Dragapult|def|1
|
|-heal|p2a: Dragapult|11/100|[from] item: Leftovers
|turn|14
|
|move|p2a: Dragapult|Tera Blast|p1a: Zamazenta
|-supereffective|p1a: Zamazenta
|-damage|p1a: Zamazenta|0 fnt
|faint|p1a: Zamazenta
|
|-heal|p2a: Dragapult|17/100|[from] item: Leftovers
|
|switch|p1a: Samurott|Samurott-Hisui, M|100/100
|turn|15
|
|move|p1a: Samurott|Aqua Jet|p2a: Dragapult
|-supereffective|p2a: Dragapult
|-damage|p2a: Dragapult|0 fnt
|faint|p2a: Dragapult
|
|
|switch|p2a: Lilligant|Lilligant-Hisui, F|100/100
|-damage|p2a: Lilligant|88/100|[from] Spikes
|turn|16
|
|switch|p1a: Volcarona|Volcarona, M|100/100
|move|p2a: Lilligant|Sleep Powder|p1a: Volcarona
|-status|p1a: Volcarona|slp|[from] move: Sleep Powder
|
|turn|17
|
|switch|p2a: Baxcalibur|Baxcalibur, M|100/100
|-damage|p2a: Baxcalibur|88/100|[from] Spikes
|switch|p1a: Sneasler|Sneasler, F|100/100
|-item|p1a: Sneasler|Air Balloon
|
|turn|18
|
|move|p2a: Baxcalibur|Earthquake|p1a: Sneasler
|-immune|p1a: Sneasler
|move|p1a: Sneasler|Swords Dance|p1a: Sneasler
|-boost|p1a: Sneasler|atk|2
|
|turn|19
|
|move|p2a: Baxcalibur|Ice Shard|p1a: Sneasler
|-damage|p1a: Sneasler|67/100
|-enditem|p1a: Sneasler|Air Balloon
|move|p1a: Sneasler|Dire Claw|p2a: Baxcalibur
|-damage|p2a: Baxcalibur|0 fnt
|faint|p2a: Baxcalibur
|
|
|switch|p2a: Lilligant|Lilligant-Hisui, F|88/100
|-damage|p2a: Lilligant|76/100|[from] Spikes
|turn|20
|
|move|p1a: Sneasler|Dire Claw|p2a: Lilligant
|-supereffective|p2a: Lilligant
|-damage|p2a: Lilligant|0 fnt
|faint|p2a: Lilligant
|
|
|switch|p2a: Mew|Mew|88/100
|-damage|p2a: Mew|76/100|[from] Spikes
|turn|21
|
|-terastallize|p1a: Sneasler|Flying
|move|p1a: Sneasler|Acrobatics|p2a: Mew
|-damage|p2a: Mew|0 fnt
|faint|p2a: Mew
|
|win|SDK04
|l|☆manuel8833
