|poke|p1|Muk-Alola, M|
|poke|p1|Landorus-Therian, M|
|poke|p1|Regidrago|
|poke|p1|Volcanion|
|poke|p1|Corviknight, F|
|poke|p1|Breloom, F|
|poke|p2|Kleavor, F|
|poke|p2|Pelipper, F|
|poke|p2|Basculegion, M|
|poke|p2|Iron Treads|
|poke|p2|Rabsca, F|
|poke|p2|Dragonite, F|
|teampreview
|
|start
|switch|p1a: Muk|Muk-Alola, M, shiny|100/100
|switch|p2a: Pelipper|Pelipper, F|100/100
|-weather|RainDance|[from] ability: Drizzle|[of] p2a: Pelipper
|turn|1
|
|move|p2a: Pelipper|U-turn|p1a: Muk
|-damage|p1a: Muk|92/100
|
|switch|p2a: Iron Treads|Iron Treads|100/100|[from] U-turn
|move|p1a: Muk|Knock Off|p2a: Iron Treads
|-damage|p2a: Iron Treads|55/100
|-enditem|p2a: Iron Treads|Assault Vest|[from] move: Knock Off|[of] p1a: Muk
|
|-weather|RainDance|[upkeep]
|turn|2
|
|move|p2a: Iron Treads|Ice Spinner|p1a: Muk
|-damage|p1a: Muk|65/100
|move|p1a: Muk|Drain Punch|p2a: Iron Treads
|-supereffective|p2a: Iron Treads
|-damage|p2a: Iron Treads|9/100
|-heal|p1a: Muk|83/100|[from] drain|[of] p2a: Iron Treads
|
|-weather|RainDance|[upkeep]
|turn|3
|
|switch|p1a: Corviknight|Corviknight, F|100/100
|-ability|p1a: Corviknight|Pressure
|move|p2a: Iron Treads|Earthquake|p1a: Corviknight
|-immune|p1a: Corviknight
|
|-weather|RainDance|[upkeep]
|turn|4
|
|move|p2a: Iron Treads|Ice Spinner|p1a: Corviknight
|-damage|p1a: Corviknight|83/100
|-damage|p2a: Iron Treads|0 fnt|[from] item: Rocky Helmet|[of] p1a: Corviknight
|faint|p2a: Iron Treads
|-end|p2a: Iron Treads|Quark Drive|[silent]
|move|p1a: Corviknight|Body Press|p2: Iron Treads|[notarget]
|-fail|p1a: Corviknight
|
|-weather|RainDance|[upkeep]
|
|switch|p2a: Basculegion|Basculegion, M|100/100
|turn|5
|
|switch|p1a: Volcanion|Volcanion|100/100
|-terastallize|p2a: Basculegion|Water
|move|p2a: Basculegion|Wave Crash|p1a: Volcanion
|-immune|p1a: Volcanion|[from] ability: Water Absorb
|
|-weather|RainDance|[upkeep]
|turn|6
|
|switch|p2a: Kleavor|Kleavor, F|100/100
|move|p1a: Volcanion|Steam Eruption|p2a: Kleavor
|-supereffective|p2a: Kleavor
|-enditem|p2a: Kleavor|Focus Sash
|-damage|p2a: Kleavor|1/100
|
|-weather|RainDance|[upkeep]
|turn|7
|
|switch|p1a: Corviknight|Corviknight, F|83/100
|-ability|p1a: Corviknight|Pressure
|move|p2a: Kleavor|Stone Axe|p1a: Corviknight
|-damage|p1a: Corviknight|53/100
|-sidestart|p1: p1|move: Stealth Rock
|-damage|p2a: Kleavor|0 fnt|[from] item: Rocky Helmet|[of] p1a: Corviknight
|faint|p2a: Kleavor
|
|-weather|RainDance|[upkeep]
|
|switch|p2a: Dragonite|Dragonite, F|100/100
|turn|8
|
|move|p2a: Dragonite|Thunder|p1a: Corviknight
|-supereffective|p1a: Corviknight
|-damage|p1a: Corviknight|0 fnt
|faint|p1a: Corviknight
|
|-weather|none
|
|switch|p1a: Muk|Muk-Alola, M, shiny|83/100
|-damage|p1a: Muk|71/100|[from] Stealth Rock
|turn|9
|
|switch|p2a: Pelipper|Pelipper, F|100/100
|-weather|RainDance|[from] ability: Drizzle|[of] p2a: Pelipper
|move|p1a: Muk|Knock Off|p2a: Pelipper
|-crit|p2a: Pelipper
|-damage|p2a: Pelipper|41/100
|-enditem|p2a: Pelipper|Damp Rock|[from] move: Knock Off|[of] p1a: Muk
|
|-weather|RainDance|[upkeep]
|turn|10
|
|move|p2a: Pelipper|Hurricane|p1a: Muk
|-damage|p1a: Muk|50/100
|-start|p1a: Muk|confusion
|-activate|p1a: Muk|confusion
|-damage|p1a: Muk|36/100|[from] confusion
|
|-weather|RainDance|[upkeep]
|turn|11
|
|move|p2a: Pelipper|Roost|p2a: Pelipper
|-heal|p2a: Pelipper|91/100
|-singleturn|p2a: Pelipper|move: Roost
|-activate|p1a: Muk|confusion
|-damage|p1a: Muk|22/100|[from] confusion
|
|-weather|RainDance|[upkeep]
|turn|12
|
|move|p2a: Pelipper|Hurricane|p1a: Muk
|-damage|p1a: Muk|1/100
|-activate|p1a: Muk|confusion
|move|p1a: Muk|Crunch|p2a: Pelipper
|-damage|p2a: Pelipper|58/100
|-status|p2a: Pelipper|psn|[from] ability: Poison Touch|[of] p1a: Muk
|
|-weather|RainDance|[upkeep]
|-damage|p2a: Pelipper|46/100 psn|[from] psn
|turn|13
|
|move|p2a: Pelipper|Roost|p2a: Pelipper
|-heal|p2a: Pelipper|96/100 psn
|-singleturn|p2a: Pelipper|move: Roost
|-activate|p1a: Muk|confusion
|move|p1a: Muk|Knock Off|p2a: Pelipper
|-damage|p2a: Pelipper|72/100 psn
|
|-weather|RainDance|[upkeep]
|-damage|p2a: Pelipper|59/100 psn|[from] psn
|turn|14
|
|move|p2a: Pelipper|U-turn|p1a: Muk
|-damage|p1a: Muk|0 fnt
|faint|p1a: Muk
|
|switch|p2a: Rabsca|Rabsca, F|100/100|[from] U-turn
|
|-weather|RainDance|[upkeep]
|
|switch|p1a: Regidrago|Regidrago|100/100
|-damage|p1a: Regidrago|88/100|[from] Stealth Rock
|turn|15
|
|-terastallize|p1a: Regidrago|Dragon
|move|p1a: Regidrago|Dragon Energy|p2a: Rabsca
|-enditem|p2a: Rabsca|Focus Sash
|-damage|p2a: Rabsca|1/100
|move|p2a: Rabsca|Trick Room|p2a: Rabsca
|-fieldstart|move: Trick Room|[of] p2a: Rabsca
|
|-weather|RainDance|[upkeep]
|turn|16
|
|move|p2a: Rabsca|Revival Blessing|p2a: Rabsca
|
|-heal|p2: Iron Treads|50/100|[from] move: Revival Blessing
|move|p1a: Regidrago|Dragon Energy|p2a: Rabsca
|-damage|p2a: Rabsca|0 fnt
|faint|p2a: Rabsca
|
|-weather|none
|
|switch|p2a: Pelipper|Pelipper, F|59/100 psn
|-weather|RainDance|[from] ability: Drizzle|[of] p2a: Pelipper
|turn|17
|
|switch|p1a: Volcanion|Volcanion|100/100
|-damage|p1a: Volcanion|76/100|[from] Stealth Rock
|move|p2a: Pelipper|Hurricane|p1a: Volcanion
|-damage|p1a: Volcanion|37/100
|
|-weather|RainDance|[upkeep]
|-damage|p2a: Pelipper|47/100 psn|[from] psn
|turn|18
|
|move|p2a: Pelipper|Hurricane|p1a: Volcanion
|-damage|p1a: Volcanion|0 fnt
|faint|p1a: Volcanion
|
|-weather|RainDance|[upkeep]
|-damage|p2a: Pelipper|35/100 psn|[from] psn
|
|switch|p1a: Landorus|Landorus-Therian, M|100/100
|-damage|p1a: Landorus|88/100|[from] Stealth Rock
|-ability|p1a: Landorus|Intimidate|boost
|-unboost|p2a: Pelipper|atk|1
|turn|19
|
|move|p2a: Pelipper|Hurricane|p1a: Landorus
|-crit|p1a: Landorus
|-damage|p1a: Landorus|15/100
|move|p1a: Landorus|Stealth Rock|p2a: Pelipper
|-sidestart|p2: p2|move: Stealth Rock
|
|-weather|RainDance|[upkeep]
|-heal|p1a: Landorus|21/100|[from] item: Leftovers
|-damage|p2a: Pelipper|22/100 psn|[from] psn
|-fieldend|move: Trick Room
|turn|20
|
|move|p1a: Landorus|Stone Edge|p2a: Pelipper|[miss]
|-miss|p1a: Landorus|p2a: Pelipper
|move|p2a: Pelipper|Hurricane|p1a: Landorus
|-crit|p1a: Landorus
|-damage|p1a: Landorus|0 fnt
|faint|p1a: Landorus
|
|-weather|RainDance|[upkeep]
|-damage|p2a: Pelipper|10/100 psn|[from] psn
|
|switch|p1a: Regidrago|Regidrago, tera:Dragon|88/100
|-damage|p1a: Regidrago|76/100|[from] Stealth Rock
|turn|21
|
|move|p1a: Regidrago|Dragon Energy|p2a: Pelipper
|-damage|p2a: Pelipper|0 fnt
|faint|p2a: Pelipper
|
|-weather|none
|
|switch|p2a: Iron Treads|Iron Treads|50/100
|-damage|p2a: Iron Treads|47/100|[from] Stealth Rock
|turn|22
|
|move|p1a: Regidrago|Dragon Energy|p2a: Iron Treads
|-resisted|p2a: Iron Treads
|-damage|p2a: Iron Treads|0 fnt
|faint|p2a: Iron Treads
|-end|p2a: Iron Treads|Quark Drive|[silent]
|
|
|switch|p2a: Basculegion|Basculegion, M, tera:Water|100/100
|-damage|p2a: Basculegion|88/100|[from] Stealth Rock
|turn|23
|
|move|p2a: Basculegion|Aqua Jet|p1a: Regidrago
|-resisted|p1a: Regidrago
|-damage|p1a: Regidrago|52/100
|move|p1a: Regidrago|Dragon Energy|p2a: Basculegion
|-damage|p2a: Basculegion|15/100
|
|turn|24
|
|move|p2a: Basculegion|Aqua Jet|p1a: Regidrago
|-resisted|p1a: Regidrago
|-damage|p1a: Regidrago|28/100
|move|p1a: Regidrago|Dragon Energy|p2a: Basculegion
|-damage|p2a: Basculegion|0 fnt
|faint|p2a: Basculegion
|
|
|switch|p2a: Dragonite|Dragonite, F|100/100
|turn|25
|
|move|p2a: Dragonite|Extreme Speed|p1a: Regidrago
|-damage|p1a: Regidrago|0 fnt
|faint|p1a: Regidrago
|
|
|switch|p1a: Breloom|Breloom, F, shiny|100/100
|-damage|p1a: Breloom|94/100|[from] Stealth Rock
|turn|26
|
|move|p1a: Breloom|Spore|p2a: Dragonite
|-status|p2a: Dragonite|slp|[from] move: Spore
|cant|p2a: Dragonite|slp
|
|turn|27
|
|move|p1a: Breloom|Bullet Seed|p2a: Dragonite
|-resisted|p2a: Dragonite
|-damage|p2a: Dragonite|98/100 slp
|-resisted|p2a: Dragonite
|-damage|p2a: Dragonite|92/100 slp
|-resisted|p2a: Dragonite
|-damage|p2a: Dragonite|87/100 slp
|-hitcount|p2a: Dragonite|3
|-curestatus|p2a: Dragonite|slp|[msg]
|move|p2a: Dragonite|Hurricane|p1a: Breloom|[miss]
|-miss|p2a: Dragonite|p1a: Breloom
|
|turn|28
|
|move|p1a: Breloom|Spore|p2a: Dragonite
|-status|p2a: Dragonite|slp|[from] move: Spore
|cant|p2a: Dragonite|slp
|
|turn|29
|
|move|p1a: Breloom|Bullet Seed|p2a: Dragonite
|-resisted|p2a: Dragonite
|-damage|p2a: Dragonite|82/100 slp
|-resisted|p2a: Dragonite
|-damage|p2a: Dragonite|77/100 slp
|-resisted|p2a: Dragonite
|-damage|p2a: Dragonite|71/100 slp
|-hitcount|p2a: Dragonite|3
|cant|p2a: Dragonite|slp
|
|turn|30
|
|move|p1a: Breloom|Bullet Seed|p2a: Dragonite
|-resisted|p2a: Dragonite
|-damage|p2a: Dragonite|66/100 slp
|-resisted|p2a: Dragonite
|-damage|p2a: Dragonite|61/100 slp
|-resisted|p2a: Dragonite
|-damage|p2a: Dragonite|56/100 slp
|-resisted|p2a: Dragonite
|-damage|p2a: Dragonite|51/100 slp
|-resisted|p2a: Dragonite
|-damage|p2a: Dragonite|45/100 slp
|-hitcount|p2a: Dragonite|5
|cant|p2a: Dragonite|slp
|
|turn|31
|
|move|p1a: Breloom|Close Combat|p2a: Dragonite
|-resisted|p2a: Dragonite
|-damage|p2a: Dragonite|10/100 slp
|-unboost|p1a: Breloom|def|1
|-unboost|p1a: Breloom|spd|1
|-curestatus|p2a: Dragonite|slp|[msg]
|move|p2a: Dragonite|Hurricane|p1a: Breloom
|-supereffective|p1a: Breloom
|-damage|p1a: Breloom|0 fnt
|faint|p1a: Breloom
|
|win|p2
