# advantage = p1
|poke|p1|Sneasler, M|
|poke|p1|Rillaboom, M|
|poke|p1|Magearna|
|poke|p1|Grimmsnarl, M|
|poke|p1|Kleavor, M|
|poke|p1|Gholdengo|
|poke|p2|Pelipper, F|
|poke|p2|Basculegion, M|
|poke|p2|Thundurus-Therian, M|
|poke|p2|Corviknight, M|
|poke|p2|Kleavor, M|
|poke|p2|Chien-Pao|
|teampreview
|
|start
|switch|p1a: Kleavor|Kleavor, M|100/100
|switch|p2a: Pelipper|Pelipper, F|100/100
|-weather|RainDance|[from] ability: Drizzle|[of] p2a: Pelipper
|turn|1
|
|move|p1a: Kleavor|Stone Axe|p2a: Pelipper
|-supereffective|p2a: Pelipper
|-damage|p2a: Pelipper|19/100
|-sidestart|p2: p2|move: Stealth Rock
|move|p2a: Pelipper|Hydro Pump|p1a: Kleavor
|-supereffective|p1a: Kleavor
|-enditem|p1a: Kleavor|Focus Sash
|-damage|p1a: Kleavor|1/100
|
|-weather|RainDance|[upkeep]
|turn|2
|
|move|p1a: Kleavor|Stone Axe|p2a: Pelipper
|-supereffective|p2a: Pelipper
|-damage|p2a: Pelipper|0 fnt
|faint|p2a: Pelipper
|
|-weather|RainDance|[upkeep]
|
|switch|p2a: Basculegion|Basculegion, M|100/100
|-damage|p2a: Basculegion|88/100|[from] Stealth Rock
|turn|3
|
|move|p2a: Basculegion|Wave Crash|p1a: Kleavor
|-supereffective|p1a: Kleavor
|-damage|p1a: Kleavor|0 fnt
|faint|p1a: Kleavor
|-damage|p2a: Basculegion|88/100|[from] Recoil
|
|-weather|RainDance|[upkeep]
|
|switch|p1a: Rillaboom|Rillaboom, M|100/100
|-fieldstart|move: Grassy Terrain|[from] ability: Grassy Surge|[of] p1a: Rillaboom
|turn|4
|
|switch|p2a: Corviknight|Corviknight, M|100/100
|-damage|p2a: Corviknight|88/100|[from] Stealth Rock
|-ability|p2a: Corviknight|Pressure
|move|p1a: Rillaboom|Knock Off|p2a: Corviknight
|-damage|p2a: Corviknight|67/100
|-damage|p1a: Rillaboom|84/100|[from] item: Rocky Helmet|[of] p2a: Corviknight
|-enditem|p2a: Corviknight|Rocky Helmet|[from] move: Knock Off|[of] p1a: Rillaboom
|
|-weather|RainDance|[upkeep]
|-heal|p1a: Rillaboom|90/100|[from] Grassy Terrain
|turn|5
|
|move|p1a: Rillaboom|U-turn|p2a: Corviknight
|-resisted|p2a: Corviknight
|-damage|p2a: Corviknight|64/100
|
|switch|p1a: Gholdengo|Gholdengo|100/100|[from] U-turn
|move|p2a: Corviknight|U-turn|p1a: Gholdengo
|-resisted|p1a: Gholdengo
|-damage|p1a: Gholdengo|97/100
|
|switch|p2a: Chien-Pao|Chien-Pao|100/100|[from] U-turn
|-damage|p2a: Chien-Pao|76/100|[from] Stealth Rock
|-ability|p2a: Chien-Pao|Sword of Ruin
|
|-weather|RainDance|[upkeep]
|-heal|p2a: Chien-Pao|82/100|[from] Grassy Terrain
|-heal|p1a: Gholdengo|100/100|[from] Grassy Terrain
|turn|6
|
|-terastallize|p2a: Chien-Pao|Dark
|move|p2a: Chien-Pao|Crunch|p1a: Gholdengo
|-supereffective|p1a: Gholdengo
|-damage|p1a: Gholdengo|0 fnt
|faint|p1a: Gholdengo
|
|-weather|RainDance|[upkeep]
|-heal|p2a: Chien-Pao|88/100|[from] Grassy Terrain
|
|switch|p1a: Grimmsnarl|Grimmsnarl, M|100/100
|turn|7
|
|switch|p2a: Corviknight|Corviknight, M|64/100
|-damage|p2a: Corviknight|51/100|[from] Stealth Rock
|-ability|p2a: Corviknight|Pressure
|move|p1a: Grimmsnarl|Reflect|p1a: Grimmsnarl
|-sidestart|p1: p1|Reflect
|
|-weather|RainDance|[upkeep]
|turn|8
|
|move|p1a: Grimmsnarl|Parting Shot|p2a: Corviknight
|-unboost|p2a: Corviknight|atk|1
|-unboost|p2a: Corviknight|spa|1
|
|switch|p1a: Magearna|Magearna|100/100|[from] Parting Shot
|move|p2a: Corviknight|Defog|p1a: Magearna
|-unboost|p1a: Magearna|evasion|1
|-sideend|p1: p1|Reflect
|-sideend|p2: p2|Stealth Rock|[from] move: Defog|[of] p2a: Corviknight
|-fieldend|move: Grassy Terrain
|
|-weather|none
|turn|9
|
|move|p2a: Corviknight|U-turn|p1a: Magearna
|-resisted|p1a: Magearna
|-damage|p1a: Magearna|99/100
|
|switch|p2a: Chien-Pao|Chien-Pao, tera:Dark|88/100|[from] U-turn
|-ability|p2a: Chien-Pao|Sword of Ruin
|move|p1a: Magearna|Shift Gear|p1a: Magearna
|-boost|p1a: Magearna|spe|2
|-boost|p1a: Magearna|atk|1
|
|-heal|p1a: Magearna|100/100|[from] item: Leftovers
|turn|10
|
|move|p2a: Chien-Pao|Sacred Sword|p1a: Magearna
|-damage|p1a: Magearna|50/100
|move|p1a: Magearna|Draining Kiss|p2a: Chien-Pao
|-supereffective|p2a: Chien-Pao
|-damage|p2a: Chien-Pao|3/100
|-heal|p1a: Magearna|100/100|[from] drain|[of] p2a: Chien-Pao
|
|turn|11
|
|move|p2a: Chien-Pao|Sacred Sword|p1a: Magearna
|-damage|p1a: Magearna|51/100
|move|p1a: Magearna|Draining Kiss|p2a: Chien-Pao
|-supereffective|p2a: Chien-Pao
|-damage|p2a: Chien-Pao|0 fnt
|-heal|p1a: Magearna|53/100|[from] drain|[of] p2a: Chien-Pao
|faint|p2a: Chien-Pao
|-ability|p1a: Magearna|Soul-Heart|boost
|-boost|p1a: Magearna|spa|1
|
|-heal|p1a: Magearna|59/100|[from] item: Leftovers
|
|switch|p2a: Thundurus|Thundurus-Therian, M|100/100
|turn|12
|
|move|p1a: Magearna|Calm Mind|p1a: Magearna
|-boost|p1a: Magearna|spa|1
|-boost|p1a: Magearna|spd|1
|move|p2a: Thundurus|Wildbolt Storm|p1a: Magearna
|-damage|p1a: Magearna|16/100
|-damage|p2a: Thundurus|91/100|[from] item: Life Orb
|
|-heal|p1a: Magearna|22/100|[from] item: Leftovers
|turn|13
|
|move|p1a: Magearna|Draining Kiss|p2a: Thundurus
|-damage|p2a: Thundurus|12/100
|-heal|p1a: Magearna|71/100|[from] drain|[of] p2a: Thundurus
|move|p2a: Thundurus|Wildbolt Storm|p1a: Magearna
|-damage|p1a: Magearna|29/100
|-damage|p2a: Thundurus|2/100|[from] item: Life Orb
|
|-heal|p1a: Magearna|35/100|[from] item: Leftovers
|turn|14
|
|move|p1a: Magearna|Draining Kiss|p2a: Thundurus
|-damage|p2a: Thundurus|0 fnt
|-heal|p1a: Magearna|36/100|[from] drain|[of] p2a: Thundurus
|faint|p2a: Thundurus
|-ability|p1a: Magearna|Soul-Heart|boost
|-boost|p1a: Magearna|spa|1
|
|-heal|p1a: Magearna|42/100|[from] item: Leftovers
|
|switch|p2a: Kleavor|Kleavor, M|100/100
|turn|15
|
|move|p1a: Magearna|Draining Kiss|p2a: Kleavor
|-enditem|p2a: Kleavor|Focus Sash
|-damage|p2a: Kleavor|1/100
|-heal|p1a: Magearna|99/100|[from] drain|[of] p2a: Kleavor
|move|p2a: Kleavor|Close Combat|p1a: Magearna
|-damage|p1a: Magearna|65/100
|-unboost|p2a: Kleavor|def|1
|-unboost|p2a: Kleavor|spd|1
|
|-heal|p1a: Magearna|71/100|[from] item: Leftovers
|turn|16
|-message|p2 forfeited.
|
|win|p1
