|poke|p1|Pelipper, F|
|poke|p1|Walking Wake|
|poke|p1|Urshifu-*, M|
|poke|p1|Basculegion, M|
|poke|p1|Iron Treads|
|poke|p1|Magearna|
|poke|p2|Meloetta|
|poke|p2|Zamazenta-*|
|poke|p2|Magearna|
|poke|p2|Glimmora, F|
|poke|p2|Samurott-Hisui, M|
|poke|p2|Zoroark-Hisui, F|
|teampreview
|
|start
|switch|p1a: Jinwho|Urshifu-Rapid-Strike, M|100/100
|switch|p2a: Meloetta|Meloetta|100/100
|turn|1
|
|move|p1a: Jinwho|U-turn|p2a: Meloetta
|-resisted|p2a: Meloetta
|-damage|p2a: Meloetta|77/100
|replace|p2a: Zoroark|Zoroark-Hisui, F, shiny
|-end|p2a: Zoroark|Illusion
|
|switch|p1a: Pr-im turu5|Iron Treads|100/100|[from] U-turn
|move|p2a: Zoroark|Hyper Voice|p1a: Pr-im turu5
|-resisted|p1a: Pr-im turu5
|-damage|p1a: Pr-im turu5|67/100
|
|turn|2
|
|switch|p2a: Glimmora|Glimmora, F, shiny|100/100
|-item|p2a: Glimmora|Air Balloon
|move|p1a: Pr-im turu5|Knock Off|p2a: Glimmora
|-damage|p2a: Glimmora|66/100
|-activate|p2a: Glimmora|ability: Toxic Debris
|-sidestart|p1: p1|move: Toxic Spikes
|-enditem|p2a: Glimmora|Air Balloon
|
|turn|3
|
|switch|p2a: Samurott|Samurott-Hisui, M, shiny|100/100
|move|p1a: Pr-im turu5|Earthquake|p2a: Samurott
|-damage|p2a: Samurott|38/100
|
|turn|4
|
|move|p2a: Samurott|Aqua Cutter|p1a: Pr-im turu5
|-supereffective|p1a: Pr-im turu5
|-damage|p1a: Pr-im turu5|0 fnt
|faint|p1a: Pr-im turu5
|-end|p1a: Pr-im turu5|Quark Drive|[silent]
|
|
|switch|p1a: Madinhell|Magearna|100/100
|turn|5
|
|switch|p2a: Meloetta|Meloetta|77/100
|-terastallize|p1a: Madinhell|Water
|move|p1a: Madinhell|Iron Defense|p1a: Madinhell
|-boost|p1a: Madinhell|def|2
|
|turn|6
|
|move|p2a: Meloetta|Trick|p1a: Madinhell
|-activate|p2a: Meloetta|move: Trick|[of] p1a: Madinhell
|-item|p1a: Madinhell|Choice Specs|[from] move: Trick
|-item|p2a: Meloetta|Covert Cloak|[from] move: Trick
|move|p1a: Madinhell|Calm Mind|p1a: Madinhell
|-boost|p1a: Madinhell|spa|1
|-boost|p1a: Madinhell|spd|1
|
|turn|7
|
|switch|p1a: Devi|Pelipper, F, shiny|100/100
|-weather|RainDance|[from] ability: Drizzle|[of] p1a: Devi
|move|p2a: Meloetta|Shadow Ball|p1a: Devi
|-damage|p1a: Devi|41/100
|
|-weather|RainDance|[upkeep]
|turn|8
|
|switch|p1a: Madinhell|Magearna, tera:Water|100/100
|-status|p1a: Madinhell|psn
|move|p2a: Meloetta|Shadow Ball|p1a: Madinhell
|-damage|p1a: Madinhell|68/100 psn
|
|-weather|RainDance|[upkeep]
|-damage|p1a: Madinhell|56/100 psn|[from] psn
|turn|9
|-message|p1 forfeited.
|
|win|p2
