|poke|p1|Garchomp, F|
|poke|p1|Corviknight, F|
|poke|p1|Slowking-Galar, M|
|poke|p1|Amoonguss, M|
|poke|p1|Arcanine, M|
|poke|p1|Clodsire, M|
|poke|p2|Lilligant-Hisui, F|
|poke|p2|Typhlosion-Hisui, F|
|poke|p2|Moltres-Galar|
|poke|p2|Toxapex, M|
|poke|p2|Corviknight, F|
|poke|p2|Great Tusk|
|teampreview
|
|start
|switch|p1a: Clodsire|Clodsire, M|100/100
|switch|p2a: Great Tusk|Great Tusk|100/100
|turn|1
|
|move|p2a: Great Tusk|Headlong Rush|p1a: Clodsire
|-supereffective|p1a: Clodsire
|-crit|p1a: Clodsire
|-damage|p1a: Clodsire|0 fnt
|-unboost|p2a: Great Tusk|def|1
|-unboost|p2a: Great Tusk|spd|1
|faint|p1a: Clodsire
|
|
|switch|p1a: Slowking|Slowking-Galar, M|100/100
|turn|2
|
|move|p2a: Great Tusk|Headlong Rush|p1a: Slowking
|-supereffective|p1a: Slowking
|-damage|p1a: Slowking|0 fnt
|-unboost|p2a: Great Tusk|def|1
|-unboost|p2a: Great Tusk|spd|1
|faint|p1a: Slowking
|
|
|switch|p1a: Garchomp|Garchomp, F|100/100
|turn|3
|
|-end|p2a: Great Tusk|Protosynthesis|[silent]
|switch|p2a: Corviknight|Corviknight, F|100/100
|move|p1a: Garchomp|Dragon Claw|p2a: Corviknight
|-resisted|p2a: Corviknight
|-crit|p2a: Corviknight
|-damage|p2a: Corviknight|76/100
|-damage|p1a: Garchomp|91/100|[from] item: Life Orb
|
|-heal|p2a: Corviknight|83/100|[from] item: Leftovers
|turn|4
|
|switch|p1a: Arcanine|Arcanine, M|100/100
|-ability|p1a: Arcanine|Intimidate|boost
|-ability|p2a: Corviknight|Mirror Armor
|-unboost|p1a: Arcanine|atk|1
|move|p2a: Corviknight|Brave Bird|p1a: Arcanine
|-damage|p1a: Arcanine|73/100
|-damage|p2a: Corviknight|74/100|[from] Recoil
|
|-heal|p2a: Corviknight|80/100|[from] item: Leftovers
|turn|5
|
|switch|p2a: Toxapex|Toxapex, M|100/100
|move|p1a: Arcanine|Will-O-Wisp|p2a: Toxapex|[miss]
|-miss|p1a: Arcanine|p2a: Toxapex
|
|turn|6
|
|switch|p1a: Amoonguss|Amoonguss, M|100/100
|move|p2a: Toxapex|Chilling Water|p1a: Amoonguss
|-resisted|p1a: Amoonguss
|-damage|p1a: Amoonguss|96/100
|-unboost|p1a: Amoonguss|atk|1
|
|turn|7
|
|switch|p2a: Lilligant|Lilligant-Hisui, F|100/100
|move|p1a: Amoonguss|Sludge Bomb|p2a: Lilligant
|-supereffective|p2a: Lilligant
|-damage|p2a: Lilligant|21/100
|
|turn|8
|
|move|p2a: Lilligant|Ice Spinner|p1a: Amoonguss
|-supereffective|p1a: Amoonguss
|-damage|p1a: Amoonguss|57/100
|-damage|p2a: Lilligant|4/100|[from] item: Rocky Helmet|[of] p1a: Amoonguss
|move|p1a: Amoonguss|Spore|p2a: Lilligant
|-immune|p2a: Lilligant
|
|turn|9
|
|switch|p1a: Arcanine|Arcanine, M|73/100
|-ability|p1a: Arcanine|Intimidate|boost
|-unboost|p2a: Lilligant|atk|1
|move|p2a: Lilligant|Ice Spinner|p1a: Arcanine
|-resisted|p1a: Arcanine
|-damage|p1a: Arcanine|67/100
|
|turn|10
|
|switch|p2a: Toxapex|Toxapex, M|100/100
|move|p1a: Arcanine|Will-O-Wisp|p2a: Toxapex
|-status|p2a: Toxapex|brn
|
|-damage|p2a: Toxapex|94/100 brn|[from] brn
|turn|11
|
|move|p2a: Toxapex|Toxic|p1a: Arcanine
|-status|p1a: Arcanine|tox
|move|p1a: Arcanine|Roar|p2a: Toxapex
|drag|p2a: Typhlosion|Typhlosion-Hisui, F|100/100
|-item|p1a: Arcanine|Heavy-Duty Boots|[from] ability: Frisk|[of] p2a: Typhlosion|[identify]
|
|-damage|p1a: Arcanine|61/100 tox|[from] psn
|turn|12
|
|switch|p1a: Garchomp|Garchomp, F|91/100
|move|p2a: Typhlosion|Infernal Parade|p1a: Garchomp
|-damage|p1a: Garchomp|39/100
|-status|p1a: Garchomp|brn
|
|-damage|p1a: Garchomp|33/100 brn|[from] brn
|turn|13
|
|move|p1a: Garchomp|Facade|p2a: Typhlosion
|-immune|p2a: Typhlosion
|move|p2a: Typhlosion|Infernal Parade|p1a: Garchomp
|-damage|p1a: Garchomp|0 fnt
|faint|p1a: Garchomp
|
|
|switch|p1a: Arcanine|Arcanine, M|61/100 tox
|-ability|p1a: Arcanine|Intimidate|boost
|-unboost|p2a: Typhlosion|atk|1
|turn|14
|
|-terastallize|p1a: Arcanine|Water
|move|p2a: Typhlosion|Infernal Parade|p1a: Arcanine
|-damage|p1a: Arcanine|0 fnt
|faint|p1a: Arcanine
|
|
|switch|p1a: Corviknight|Corviknight, F|100/100
|-ability|p1a: Corviknight|Pressure
|turn|15
|
|switch|p2a: Toxapex|Toxapex, M|100/100 brn
|move|p1a: Corviknight|Brave Bird|p2a: Toxapex
|-damage|p2a: Toxapex|75/100 brn
|-damage|p1a: Corviknight|94/100|[from] Recoil
|
|-heal|p2a: Toxapex|81/100 brn|[from] item: Leftovers
|-damage|p2a: Toxapex|75/100 brn|[from] brn
|turn|16
|
|move|p1a: Corviknight|Body Press|p2a: Toxapex
|-resisted|p2a: Toxapex
|-damage|p2a: Toxapex|66/100 brn
|move|p2a: Toxapex|Chilling Water|p1a: Corviknight
|-damage|p1a: Corviknight|83/100
|-unboost|p1a: Corviknight|atk|1
|
|-heal|p2a: Toxapex|72/100 brn|[from] item: Leftovers
|-damage|p2a: Toxapex|66/100 brn|[from] brn
|turn|17
|
|move|p1a: Corviknight|U-turn|p2a: Toxapex
|-resisted|p2a: Toxapex
|-damage|p2a: Toxapex|63/100 brn
|
|switch|p1a: Amoonguss|Amoonguss, M|90/100|[from] U-turn
|move|p2a: Toxapex|Chilling Water|p1a: Amoonguss
|-resisted|p1a: Amoonguss
|-damage|p1a: Amoonguss|85/100
|-unboost|p1a: Amoonguss|atk|1
|
|-heal|p2a: Toxapex|69/100 brn|[from] item: Leftovers
|-damage|p2a: Toxapex|63/100 brn|[from] brn
|turn|18
|
|switch|p2a: Moltres|Moltres-Galar|100/100
|move|p1a: Amoonguss|Giga Drain|p2a: Moltres
|-resisted|p2a: Moltres
|-damage|p2a: Moltres|91/100
|-heal|p1a: Amoonguss|89/100|[from] drain|[of] p2a: Moltres
|
|turn|19
|
|move|p2a: Moltres|Hurricane|p1a: Amoonguss
|-supereffective|p1a: Amoonguss
|-damage|p1a: Amoonguss|0 fnt
|faint|p1a: Amoonguss
|
|
|switch|p1a: Corviknight|Corviknight, F|83/100
|-ability|p1a: Corviknight|Pressure
|turn|20
|
|switch|p2a: Typhlosion|Typhlosion-Hisui, F|100/100
|-item|p1a: Corviknight|Rocky Helmet|[from] ability: Frisk|[of] p2a: Typhlosion|[identify]
|move|p1a: Corviknight|Brave Bird|p2a: Typhlosion
|-damage|p2a: Typhlosion|42/100
|-damage|p1a: Corviknight|69/100|[from] Recoil
|
|turn|21
|
|switch|p2a: Corviknight|Corviknight, F|80/100
|move|p1a: Corviknight|Brave Bird|p2a: Corviknight
|-resisted|p2a: Corviknight
|-damage|p2a: Corviknight|70/100
|-damage|p1a: Corviknight|66/100|[from] Recoil
|
|-heal|p2a: Corviknight|76/100|[from] item: Leftovers
|turn|22
|
|move|p2a: Corviknight|Body Press|p1a: Corviknight
|-damage|p1a: Corviknight|49/100
|-damage|p2a: Corviknight|59/100|[from] item: Rocky Helmet|[of] p1a: Corviknight
|move|p1a: Corviknight|Body Press|p2a: Corviknight
|-damage|p2a: Corviknight|42/100
|
|-heal|p2a: Corviknight|49/100|[from] item: Leftovers
|turn|23
|
|move|p1a: Corviknight|Body Press|p2a: Corviknight
|-damage|p2a: Corviknight|32/100
|move|p2a: Corviknight|Body Press|p1a: Corviknight
|-damage|p1a: Corviknight|32/100
|-damage|p2a: Corviknight|15/100|[from] item: Rocky Helmet|[of] p1a: Corviknight
|
|-heal|p2a: Corviknight|21/100|[from] item: Leftovers
|turn|24
|
|switch|p2a: Typhlosion|Typhlosion-Hisui, F|42/100
|-item|p1a: Corviknight|Rocky Helmet|[from] ability: Frisk|[of] p2a: Typhlosion|[identify]
|move|p1a: Corviknight|Body Press|p2a: Typhlosion
|-immune|p2a: Typhlosion
|
|turn|25
|
|move|p2a: Typhlosion|Flamethrower|p1a: Corviknight
|-supereffective|p1a: Corviknight
|-damage|p1a: Corviknight|0 fnt
|faint|p1a: Corviknight
|
|win|p2
