|poke|p1|Sneasler, M|
|poke|p1|Magearna|
|poke|p1|Dragapult, M|
|poke|p1|Zamazenta-*|
|poke|p1|Volcarona, F|
|poke|p1|Ursaluna, M|
|poke|p2|Great Tusk|
|poke|p2|Chien-Pao|
|poke|p2|Urshifu-*, F|
|poke|p2|Iron Moth|
|poke|p2|Magearna|
|poke|p2|Zapdos|
|teampreview
|j| matulaak1218
|
|start
|switch|p1a: Dragapult|Dragapult, M|100/100
|switch|p2a: Iron Moth|Iron Moth|100/100
|turn|1
|
|move|p1a: Dragapult|Light Screen|p1a: Dragapult
|-sidestart|p1: Zsynaps|move: Light Screen
|move|p2a: Iron Moth|Dazzling Gleam|p1a: Dragapult
|-supereffective|p1a: Dragapult
|-damage|p1a: Dragapult|47/100
|-start|p2a: Iron Moth|Disable|Dazzling Gleam|[from] ability: Cursed Body|[of] p1a: Dragapult
|
|turn|2
|
|-end|p2a: Iron Moth|Quark Drive|[silent]
|switch|p2a: Chien-Pao|Chien-Pao|100/100
|-ability|p2a: Chien-Pao|Sword of Ruin
|move|p1a: Dragapult|Reflect|p1a: Dragapult
|-sidestart|p1: Zsynaps|Reflect
|
|turn|3
|
|switch|p1a: Magearna|Magearna|100/100
|move|p2a: Chien-Pao|Ice Spinner|p1a: Magearna
|-resisted|p1a: Magearna
|-damage|p1a: Magearna|84/100
|
|-heal|p1a: Magearna|90/100|[from] item: Leftovers
|turn|4
|
|switch|p2a: Iron Moth|Iron Moth|100/100
|move|p1a: Magearna|Shift Gear|p1a: Magearna
|-boost|p1a: Magearna|spe|2
|-boost|p1a: Magearna|atk|1
|
|-heal|p1a: Magearna|95/100|[from] item: Leftovers
|turn|5
|
|-terastallize|p1a: Magearna|Fairy
|move|p1a: Magearna|Calm Mind|p1a: Magearna
|-boost|p1a: Magearna|spa|1
|-boost|p1a: Magearna|spd|1
|move|p2a: Iron Moth|Fiery Dance|p1a: Magearna
|-damage|p1a: Magearna|73/100
|
|-heal|p1a: Magearna|79/100|[from] item: Leftovers
|turn|6
|
|move|p1a: Magearna|Calm Mind|p1a: Magearna
|-boost|p1a: Magearna|spa|1
|-boost|p1a: Magearna|spd|1
|move|p2a: Iron Moth|Fiery Dance|p1a: Magearna
|-damage|p1a: Magearna|63/100
|-boost|p2a: Iron Moth|spa|1
|
|-heal|p1a: Magearna|69/100|[from] item: Leftovers
|turn|7
|
|move|p1a: Magearna|Calm Mind|p1a: Magearna
|-boost|p1a: Magearna|spa|1
|-boost|p1a: Magearna|spd|1
|move|p2a: Iron Moth|Fiery Dance|p1a: Magearna
|-damage|p1a: Magearna|49/100
|
|-heal|p1a: Magearna|55/100|[from] item: Leftovers
|turn|8
|
|move|p1a: Magearna|Shift Gear|p1a: Magearna
|-boost|p1a: Magearna|spe|2
|-boost|p1a: Magearna|atk|1
|move|p2a: Iron Moth|Fiery Dance|p1a: Magearna
|-damage|p1a: Magearna|36/100
|-boost|p2a: Iron Moth|spa|1
|
|-heal|p1a: Magearna|42/100|[from] item: Leftovers
|-sideend|p1: Zsynaps|move: Light Screen
|turn|9
|
|move|p1a: Magearna|Stored Power|p2a: Iron Moth
|-supereffective|p2a: Iron Moth
|-damage|p2a: Iron Moth|0 fnt
|faint|p2a: Iron Moth
|-ability|p1a: Magearna|Soul-Heart|boost
|-boost|p1a: Magearna|spa|1
|-end|p2a: Iron Moth|Quark Drive|[silent]
|
|-heal|p1a: Magearna|48/100|[from] item: Leftovers
|-sideend|p1: Zsynaps|Reflect
|
|switch|p2a: Chien-Pao|Chien-Pao|100/100
|-ability|p2a: Chien-Pao|Sword of Ruin
|turn|10
|
|move|p2a: Chien-Pao|Ice Shard|p1a: Magearna
|-damage|p1a: Magearna|13/100
|move|p1a: Magearna|Draining Kiss|p2a: Chien-Pao
|-supereffective|p2a: Chien-Pao
|-damage|p2a: Chien-Pao|0 fnt
|-heal|p1a: Magearna|84/100|[from] drain|[of] p2a: Chien-Pao
|faint|p2a: Chien-Pao
|-ability|p1a: Magearna|Soul-Heart|boost
|-boost|p1a: Magearna|spa|1
|
|-heal|p1a: Magearna|90/100|[from] item: Leftovers
|-message|GL Zekrom forfeited.
|
|win|Zsynaps
|l|☆GL Zekrom
