|poke|p1|Muk-Alola, M|
|poke|p1|Kleavor, M|
|poke|p1|Corviknight, M|
|poke|p1|Magearna|
|poke|p1|Chien-Pao|
|poke|p1|Walking Wake|
|poke|p2|Mismagius, F|
|poke|p2|Zoroark-Hisui, M|
|poke|p2|Espeon, M|
|poke|p2|Typhlosion-Hisui, M|
|poke|p2|Goodra-Hisui, F|
|poke|p2|Sneasler, M|
|teampreview
|
|start
|switch|p1a: Muk|Muk-Alola, M|100/100
|switch|p2a: Lambda|Goodra-Hisui, F|100/100
|turn|1
|
|move|p2a: Lambda|Earthquake|p1a: Muk
|-supereffective|p1a: Muk
|-damage|p1a: Muk|31/100
|move|p1a: Muk|Knock Off|p2a: Lambda
|-damage|p2a: Lambda|56/100
|-ability|p2a: Lambda|Gooey
|-unboost|p1a: Muk|spe|1
|-enditem|p2a: Lambda|Assault Vest|[from] move: Knock Off|[of] p1a: Muk
|
|-heal|p1a: Muk|37/100|[from] item: Leftovers
|turn|2
|
|switch|p1a: Corviknight|Corviknight, M|100/100
|-ability|p1a: Corviknight|Pressure
|move|p2a: Lambda|Heavy Slam|p1a: Corviknight
|-resisted|p1a: Corviknight
|-damage|p1a: Corviknight|86/100
|
|-heal|p1a: Corviknight|92/100|[from] item: Leftovers
|turn|3
|
|move|p1a: Corviknight|U-turn|p2a: Lambda
|-resisted|p2a: Lambda
|-damage|p2a: Lambda|49/100
|-ability|p2a: Lambda|Gooey
|-unboost|p1a: Corviknight|spe|1
|
|switch|p1a: Magearna|Magearna|100/100|[from] U-turn
|move|p2a: Lambda|Thunder Punch|p1a: Magearna
|-damage|p1a: Magearna|82/100
|
|-heal|p1a: Magearna|88/100|[from] item: Leftovers
|turn|4
|
|move|p1a: Magearna|Iron Defense|p1a: Magearna
|-boost|p1a: Magearna|def|2
|move|p2a: Lambda|Earthquake|p1a: Magearna
|-supereffective|p1a: Magearna
|-damage|p1a: Magearna|64/100
|
|-heal|p1a: Magearna|70/100|[from] item: Leftovers
|turn|5
|
|switch|p2a: Charos|Mismagius, F|100/100
|move|p1a: Magearna|Iron Defense|p1a: Magearna
|-boost|p1a: Magearna|def|2
|
|-heal|p1a: Magearna|76/100|[from] item: Leftovers
|turn|6
|
|move|p2a: Charos|Taunt|p1a: Magearna
|-start|p1a: Magearna|move: Taunt
|cant|p1a: Magearna|move: Taunt|Calm Mind
|
|-heal|p1a: Magearna|82/100|[from] item: Leftovers
|turn|7
|
|move|p2a: Charos|Thunder Wave|p1a: Magearna
|-status|p1a: Magearna|par
|move|p1a: Magearna|Draining Kiss|p2a: Charos
|-damage|p2a: Charos|67/100
|-heal|p1a: Magearna|99/100 par|[from] drain|[of] p2a: Charos
|
|-heal|p2a: Charos|73/100|[from] item: Leftovers
|-heal|p1a: Magearna|100/100 par|[from] item: Leftovers
|turn|8
|
|move|p2a: Charos|Hex|p1a: Magearna
|-damage|p1a: Magearna|54/100 par
|move|p1a: Magearna|Draining Kiss|p2a: Charos
|-damage|p2a: Charos|40/100
|-heal|p1a: Magearna|71/100 par|[from] drain|[of] p2a: Charos
|
|-heal|p2a: Charos|46/100|[from] item: Leftovers
|-heal|p1a: Magearna|77/100 par|[from] item: Leftovers
|-end|p1a: Magearna|move: Taunt
|turn|9
|
|switch|p1a: Corviknight|Corviknight, M|92/100
|-ability|p1a: Corviknight|Pressure
|move|p2a: Charos|Hex|p1a: Corviknight
|-damage|p1a: Corviknight|66/100
|
|-heal|p2a: Charos|53/100|[from] item: Leftovers
|-heal|p1a: Corviknight|73/100|[from] item: Leftovers
|turn|10
|
|move|p2a: Charos|Thunder Wave|p1a: Corviknight
|-status|p1a: Corviknight|par
|move|p1a: Corviknight|Brave Bird|p2a: Charos
|-damage|p2a: Charos|0 fnt
|faint|p2a: Charos
|-damage|p1a: Corviknight|61/100 par|[from] Recoil
|
|-heal|p1a: Corviknight|68/100 par|[from] item: Leftovers
|
|switch|p2a: Pepper|Typhlosion-Hisui, M|100/100
|turn|11
|
|switch|p1a: Walking Wake|Walking Wake|100/100
|move|p2a: Pepper|Substitute|p2a: Pepper
|-start|p2a: Pepper|Substitute
|-damage|p2a: Pepper|76/100
|
|-heal|p2a: Pepper|82/100|[from] item: Leftovers
|turn|12
|
|move|p1a: Walking Wake|Hydro Steam|p2a: Pepper
|-supereffective|p2a: Pepper
|-crit|p2a: Pepper
|-end|p2a: Pepper|Substitute
|move|p2a: Pepper|Calm Mind|p2a: Pepper
|-boost|p2a: Pepper|spa|1
|-boost|p2a: Pepper|spd|1
|
|-heal|p2a: Pepper|88/100|[from] item: Leftovers
|turn|13
|
|move|p1a: Walking Wake|Hydro Steam|p2a: Pepper
|-supereffective|p2a: Pepper
|-damage|p2a: Pepper|0 fnt
|faint|p2a: Pepper
|
|
|switch|p2a: Oatmeal|Espeon, M|100/100
|turn|14
|
|-end|p1a: Walking Wake|Protosynthesis|[silent]
|switch|p1a: Corviknight|Corviknight, M|68/100 par
|-ability|p1a: Corviknight|Pressure
|move|p2a: Oatmeal|Light Screen|p2a: Oatmeal
|-sidestart|p2: p2|move: Light Screen
|
|-heal|p1a: Corviknight|74/100 par|[from] item: Leftovers
|turn|15
|
|move|p2a: Oatmeal|Reflect|p2a: Oatmeal
|-sidestart|p2: p2|Reflect
|move|p1a: Corviknight|U-turn|p2a: Oatmeal
|-supereffective|p2a: Oatmeal
|-damage|p2a: Oatmeal|79/100
|
|switch|p1a: Chien-Pao|Chien-Pao|100/100|[from] U-turn
|-ability|p1a: Chien-Pao|Sword of Ruin
|
|turn|16
|
|move|p1a: Chien-Pao|Swords Dance|p1a: Chien-Pao
|-boost|p1a: Chien-Pao|atk|2
|move|p2a: Oatmeal|Wish|p2a: Oatmeal
|
|turn|17
|
|move|p1a: Chien-Pao|Crunch|p2a: Oatmeal
|-supereffective|p2a: Oatmeal
|-damage|p2a: Oatmeal|0 fnt
|faint|p2a: Oatmeal
|
|
|switch|p2a: Senic|Sneasler, M|100/100
|turn|18
|
|-terastallize|p1a: Chien-Pao|Dark
|move|p1a: Chien-Pao|Crunch|p2a: Senic
|-supereffective|p2a: Senic
|-damage|p2a: Senic|0 fnt
|replace|p2a: Rayleigh|Zoroark-Hisui, M, shiny
|-end|p2a: Rayleigh|Illusion
|faint|p2a: Rayleigh
|
|
|switch|p2a: Senic|Sneasler, M|100/100
|turn|19
|
|move|p2a: Senic|Close Combat|p1a: Chien-Pao
|-supereffective|p1a: Chien-Pao
|-enditem|p1a: Chien-Pao|Focus Sash
|-damage|p1a: Chien-Pao|1/100
|-unboost|p2a: Senic|def|1
|-unboost|p2a: Senic|spd|1
|-enditem|p2a: Senic|White Herb
|-clearnegativeboost|p2a: Senic|[silent]
|move|p1a: Chien-Pao|Ice Spinner|p2a: Senic
|-damage|p2a: Senic|0 fnt
|faint|p2a: Senic
|
|
|switch|p2a: Lambda|Goodra-Hisui, F|49/100
|turn|20
|
|move|p1a: Chien-Pao|Crunch|p2a: Lambda
|-damage|p2a: Lambda|0 fnt
|-ability|p2a: Lambda|Gooey
|-unboost|p1a: Chien-Pao|spe|1
|faint|p2a: Lambda
|
|win|p1
