|poke|p1|Sneasler, F|
|poke|p1|Moltres-Galar|
|poke|p1|Dragonite, M|
|poke|p1|Dragapult, F|
|poke|p1|Magearna|
|poke|p1|Glimmora, M|
|poke|p2|Typhlosion-Hisui, M|
|poke|p2|Samurott-Hisui, M|
|poke|p2|Magearna|
|poke|p2|Tornadus-Therian, M|
|poke|p2|Landorus-Therian, M|
|poke|p2|Zapdos|
|teampreview
|
|start
|switch|p1a: 5'7 I'm Messi girl|Glimmora, M|100/100
|switch|p2a: Landorus|Landorus-Therian, M|100/100
|-ability|p2a: Landorus|Intimidate|boost
|-unboost|p1a: 5'7 I'm Messi girl|atk|1
|turn|1
|
|move|p2a: Landorus|Earthquake|p1a: 5'7 I'm Messi girl
|-supereffective|p1a: 5'7 I'm Messi girl
|-enditem|p1a: 5'7 I'm Messi girl|Focus Sash
|-damage|p1a: 5'7 I'm Messi girl|1/100
|-activate|p1a: 5'7 I'm Messi girl|ability: Toxic Debris
|-sidestart|p2: Renegade01|move: Toxic Spikes
|move|p1a: 5'7 I'm Messi girl|Stealth Rock|p2a: Landorus
|-sidestart|p2: Renegade01|move: Stealth Rock
|
|turn|2
|
|move|p2a: Landorus|Stealth Rock|p1a: 5'7 I'm Messi girl
|-sidestart|p1: jay9ne|move: Stealth Rock
|move|p1a: 5'7 I'm Messi girl|Mortal Spin|p2a: Landorus
|-resisted|p2a: Landorus
|-damage|p2a: Landorus|98/100
|-status|p2a: Landorus|psn
|-sideend|p1: jay9ne|Stealth Rock|[from] move: Mortal Spin|[of] p1a: 5'7 I'm Messi girl
|
|-damage|p2a: Landorus|85/100 psn|[from] psn
|turn|3
|
|move|p2a: Landorus|Stealth Rock|p1a: 5'7 I'm Messi girl
|-sidestart|p1: jay9ne|move: Stealth Rock
|move|p1a: 5'7 I'm Messi girl|Power Gem|p2a: Landorus
|-damage|p2a: Landorus|36/100 psn
|
|-damage|p2a: Landorus|23/100 psn|[from] psn
|turn|4
|
|move|p2a: Landorus|Smack Down|p1a: 5'7 I'm Messi girl
|-damage|p1a: 5'7 I'm Messi girl|0 fnt
|-activate|p1a: 5'7 I'm Messi girl|ability: Toxic Debris
|-sidestart|p2: Renegade01|move: Toxic Spikes
|faint|p1a: 5'7 I'm Messi girl
|
|-damage|p2a: Landorus|11/100 psn|[from] psn
|
|switch|p1a: Flog Gnaw|Dragapult, F|100/100
|-damage|p1a: Flog Gnaw|88/100|[from] Stealth Rock
|turn|5
|
|move|p1a: Flog Gnaw|Reflect|p1a: Flog Gnaw
|-sidestart|p1: jay9ne|Reflect
|move|p2a: Landorus|Earthquake|p1a: Flog Gnaw
|-damage|p1a: Flog Gnaw|56/100
|
|-heal|p1a: Flog Gnaw|62/100|[from] item: Leftovers
|-damage|p2a: Landorus|0 fnt|[from] psn
|faint|p2a: Landorus
|
|switch|p2a: Samurott|Samurott-Hisui, M|100/100
|-status|p2a: Samurott|tox
|-damage|p2a: Samurott|88/100 tox|[from] Stealth Rock
|turn|6
|
|move|p1a: Flog Gnaw|Light Screen|p1a: Flog Gnaw
|-sidestart|p1: jay9ne|move: Light Screen
|move|p2a: Samurott|Ceaseless Edge|p1a: Flog Gnaw
|-supereffective|p1a: Flog Gnaw
|-damage|p1a: Flog Gnaw|11/100
|-sidestart|p1: jay9ne|Spikes
|
|-heal|p1a: Flog Gnaw|17/100|[from] item: Leftovers
|-damage|p2a: Samurott|82/100 tox|[from] psn
|turn|7
|
|move|p2a: Samurott|Sucker Punch|p1a: Flog Gnaw
|-supereffective|p1a: Flog Gnaw
|-damage|p1a: Flog Gnaw|0 fnt
|faint|p1a: Flog Gnaw
|
|-damage|p2a: Samurott|69/100 tox|[from] psn
|
|switch|p1a: Princess Shoes|Magearna|100/100
|-damage|p1a: Princess Shoes|95/100|[from] Stealth Rock
|-damage|p1a: Princess Shoes|82/100|[from] Spikes
|turn|8
|
|move|p2a: Samurott|Razor Shell|p1a: Princess Shoes
|-damage|p1a: Princess Shoes|58/100
|-unboost|p1a: Princess Shoes|def|1
|move|p1a: Princess Shoes|Draining Kiss|p2a: Samurott
|-supereffective|p2a: Samurott
|-damage|p2a: Samurott|11/100 tox
|-heal|p1a: Princess Shoes|100/100|[from] drain|[of] p2a: Samurott
|
|-damage|p2a: Samurott|0 fnt|[from] psn
|faint|p2a: Samurott
|-ability|p1a: Princess Shoes|Soul-Heart|boost
|-boost|p1a: Princess Shoes|spa|1
|
|switch|p2a: Typhlosion|Typhlosion-Hisui, M|100/100
|-status|p2a: Typhlosion|tox
|-damage|p2a: Typhlosion|75/100 tox|[from] Stealth Rock
|turn|9
|
|-terastallize|p1a: Princess Shoes|Water
|move|p2a: Typhlosion|Lava Plume|p1a: Princess Shoes
|-resisted|p1a: Princess Shoes
|-damage|p1a: Princess Shoes|91/100
|-status|p1a: Princess Shoes|brn
|move|p1a: Princess Shoes|Shift Gear|p1a: Princess Shoes
|-boost|p1a: Princess Shoes|spe|2
|-boost|p1a: Princess Shoes|atk|1
|
|-heal|p1a: Princess Shoes|97/100 brn|[from] item: Leftovers
|-damage|p2a: Typhlosion|69/100 tox|[from] psn
|-damage|p1a: Princess Shoes|91/100 brn|[from] brn
|-sideend|p1: jay9ne|Reflect
|turn|10
|
|-terastallize|p2a: Typhlosion|Ghost
|move|p1a: Princess Shoes|Calm Mind|p1a: Princess Shoes
|-boost|p1a: Princess Shoes|spa|1
|-boost|p1a: Princess Shoes|spd|1
|move|p2a: Typhlosion|Infernal Parade|p1a: Princess Shoes
|-damage|p1a: Princess Shoes|62/100 brn
|
|-heal|p1a: Princess Shoes|68/100 brn|[from] item: Leftovers
|-damage|p2a: Typhlosion|57/100 tox|[from] psn
|-damage|p1a: Princess Shoes|62/100 brn|[from] brn
|-sideend|p1: jay9ne|move: Light Screen
|turn|11
|-message|Renegade01 forfeited.
|
|win|jay9ne
