# advantage = p2
|poke|p1|Pelipper, M|
|poke|p1|Overqwil, M|
|poke|p1|Gholdengo|
|poke|p1|Basculegion-F, F|
|poke|p1|Amoonguss, M|
|poke|p1|Great Tusk|
|poke|p2|Typhlosion-Hisui, M|
|poke|p2|Great Tusk|
|poke|p2|Slowking-Galar, M|
|poke|p2|Dragonite, M|
|poke|p2|Kingambit, M|
|poke|p2|Rotom-Wash|
|teampreview
|
|start
|switch|p1a: RAM & SLAM|Great Tusk, shiny|100/100
|switch|p2a: Rotom|Rotom-Wash, shiny|100/100
|turn|1
|
|-end|p1a: RAM & SLAM|Protosynthesis|[silent]
|switch|p1a: LINK|Amoonguss, M, shiny|100/100
|move|p2a: Rotom|Volt Switch|p1a: LINK
|-resisted|p1a: LINK
|-damage|p1a: LINK|88/100
|-enditem|p1a: LINK|Eject Button
|
|switch|p1a: Overqwil|Overqwil, M, shiny|100/100
|
|turn|2
|
|switch|p1a: Pelipe|Pelipper, M, shiny|100/100
|-weather|RainDance|[from] ability: Drizzle|[of] p1a: Pelipe
|move|p2a: Rotom|Volt Switch|p1a: Pelipe
|-supereffective|p1a: Pelipe
|-damage|p1a: Pelipe|0 fnt
|faint|p1a: Pelipe
|
|switch|p2a: Slowking|Slowking-Galar, M|100/100|[from] Volt Switch
|
|-weather|RainDance|[upkeep]
|
|switch|p1a: Overqwil|Overqwil, M, shiny|100/100
|turn|3
|
|switch|p2a: Great Tusk|Great Tusk|100/100
|move|p1a: Overqwil|Crunch|p2a: Great Tusk
|-resisted|p2a: Great Tusk
|-crit|p2a: Great Tusk
|-damage|p2a: Great Tusk|86/100
|
|-weather|RainDance|[upkeep]
|-heal|p2a: Great Tusk|92/100|[from] item: Leftovers
|turn|4
|
|switch|p1a: Basculegion|Basculegion-F, F|100/100
|move|p2a: Great Tusk|Stealth Rock|p1a: Basculegion
|-sidestart|p1: p1|move: Stealth Rock
|
|-weather|RainDance|[upkeep]
|-heal|p2a: Great Tusk|99/100|[from] item: Leftovers
|turn|5
|
|-end|p2a: Great Tusk|Protosynthesis|[silent]
|switch|p2a: Slowking|Slowking-Galar, M|100/100
|move|p1a: Basculegion|Hydro Pump|p2a: Slowking
|-damage|p2a: Slowking|27/100
|
|-weather|RainDance|[upkeep]
|-heal|p2a: Slowking|33/100|[from] item: Black Sludge
|turn|6
|
|switch|p2a: Rotom|Rotom-Wash, shiny|100/100
|move|p1a: Basculegion|Hydro Pump|p2a: Rotom|[miss]
|-miss|p1a: Basculegion|p2a: Rotom
|
|-weather|RainDance|[upkeep]
|turn|7
|
|move|p1a: Basculegion|Hydro Pump|p2a: Rotom
|-resisted|p2a: Rotom
|-damage|p2a: Rotom|17/100
|move|p2a: Rotom|Thunderbolt|p1a: Basculegion
|-supereffective|p1a: Basculegion
|-damage|p1a: Basculegion|4/100
|
|-weather|RainDance|[upkeep]
|turn|8
|
|switch|p2a: Slowking|Slowking-Galar, M|66/100
|move|p1a: Basculegion|Hydro Pump|p2a: Slowking
|-damage|p2a: Slowking|0 fnt
|faint|p2a: Slowking
|
|-weather|RainDance|[upkeep]
|
|switch|p2a: Kingambit|Kingambit, M|100/100
|-activate|p2a: Kingambit|ability: Supreme Overlord
|-start|p2a: Kingambit|fallen1|[silent]
|turn|9
|
|switch|p1a: RAM & SLAM|Great Tusk, shiny|100/100
|-damage|p1a: RAM & SLAM|98/100|[from] Stealth Rock
|move|p2a: Kingambit|Sucker Punch||[still]
|-fail|p2a: Kingambit
|
|-weather|none
|-heal|p1a: RAM & SLAM|100/100|[from] item: Leftovers
|turn|10
|
|-end|p2a: Kingambit|fallen1|[silent]
|switch|p2a: Great Tusk|Great Tusk|99/100
|move|p1a: RAM & SLAM|Knock Off|p2a: Great Tusk
|-resisted|p2a: Great Tusk
|-damage|p2a: Great Tusk|93/100
|-enditem|p2a: Great Tusk|Leftovers|[from] move: Knock Off|[of] p1a: RAM & SLAM
|
|turn|11
|
|move|p1a: RAM & SLAM|Stealth Rock|p2a: Great Tusk
|-sidestart|p2: p2|move: Stealth Rock
|move|p2a: Great Tusk|Knock Off|p1a: RAM & SLAM
|-resisted|p1a: RAM & SLAM
|-damage|p1a: RAM & SLAM|93/100
|-enditem|p1a: RAM & SLAM|Leftovers|[from] move: Knock Off|[of] p2a: Great Tusk
|
|turn|12
|
|-end|p1a: RAM & SLAM|Protosynthesis|[silent]
|switch|p1a: Gholdengo|Gholdengo|100/100
|-damage|p1a: Gholdengo|94/100|[from] Stealth Rock
|move|p2a: Great Tusk|Rapid Spin|p1a: Gholdengo
|-immune|p1a: Gholdengo
|
|-heal|p1a: Gholdengo|100/100|[from] item: Leftovers
|turn|13
|
|switch|p1a: RAM & SLAM|Great Tusk, shiny|93/100
|-damage|p1a: RAM & SLAM|90/100|[from] Stealth Rock
|move|p2a: Great Tusk|Earthquake|p1a: RAM & SLAM
|-damage|p1a: RAM & SLAM|68/100
|
|turn|14
|
|move|p1a: RAM & SLAM|Rapid Spin|p2a: Great Tusk
|-damage|p2a: Great Tusk|86/100
|-boost|p1a: RAM & SLAM|spe|1
|-sideend|p1: p1|Stealth Rock|[from] move: Rapid Spin|[of] p1a: RAM & SLAM
|move|p2a: Great Tusk|Knock Off|p1a: RAM & SLAM
|-resisted|p1a: RAM & SLAM
|-damage|p1a: RAM & SLAM|63/100
|
|turn|15
|
|-end|p1a: RAM & SLAM|Protosynthesis|[silent]
|switch|p1a: Basculegion|Basculegion-F, F|4/100
|move|p2a: Great Tusk|Rapid Spin|p1a: Basculegion
|-immune|p1a: Basculegion
|
|turn|16
|
|-end|p2a: Great Tusk|Protosynthesis|[silent]
|switch|p2a: Rotom|Rotom-Wash, shiny|17/100
|-damage|p2a: Rotom|5/100|[from] Stealth Rock
|move|p1a: Basculegion|Surf|p2a: Rotom
|-resisted|p2a: Rotom
|-damage|p2a: Rotom|0 fnt
|faint|p2a: Rotom
|
|
|switch|p2a: Kingambit|Kingambit, M|100/100
|-activate|p2a: Kingambit|ability: Supreme Overlord
|-start|p2a: Kingambit|fallen2|[silent]
|turn|17
|
|switch|p1a: LINK|Amoonguss, M, shiny|100/100
|move|p2a: Kingambit|Kowtow Cleave|p1a: LINK
|-damage|p1a: LINK|55/100
|
|turn|18
|
|move|p2a: Kingambit|Swords Dance|p2a: Kingambit
|-boost|p2a: Kingambit|atk|2
|move|p1a: LINK|Spore|p2a: Kingambit
|-status|p2a: Kingambit|slp|[from] move: Spore
|
|turn|19
|
|-end|p2a: Kingambit|fallen2|[silent]
|switch|p2a: Great Tusk|Great Tusk|86/100
|-damage|p2a: Great Tusk|83/100|[from] Stealth Rock
|switch|p1a: Basculegion|Basculegion-F, F|4/100
|
|turn|20
|
|-terastallize|p2a: Great Tusk|Grass
|move|p1a: Basculegion|Surf|p2a: Great Tusk
|-resisted|p2a: Great Tusk
|-damage|p2a: Great Tusk|38/100
|move|p2a: Great Tusk|Knock Off|p1a: Basculegion
|-supereffective|p1a: Basculegion
|-damage|p1a: Basculegion|0 fnt
|-enditem|p1a: Basculegion|Choice Specs|[from] move: Knock Off|[of] p2a: Great Tusk
|faint|p1a: Basculegion
|
|
|switch|p1a: Overqwil|Overqwil, M, shiny|100/100
|turn|21
|
|move|p1a: Overqwil|Gunk Shot|p2a: Great Tusk
|-supereffective|p2a: Great Tusk
|-damage|p2a: Great Tusk|0 fnt
|faint|p2a: Great Tusk
|-end|p2a: Great Tusk|Protosynthesis|[silent]
|
|
|switch|p2a: Dragonite|Dragonite, M|100/100
|turn|22
|
|move|p1a: Overqwil|Taunt|p2a: Dragonite
|-start|p2a: Dragonite|move: Taunt
|cant|p2a: Dragonite|move: Taunt|Dragon Dance
|
|turn|23
|
|move|p1a: Overqwil|Crunch|p2a: Dragonite
|-damage|p2a: Dragonite|76/100
|move|p2a: Dragonite|Earthquake|p1a: Overqwil
|-supereffective|p1a: Overqwil
|-damage|p1a: Overqwil|12/100
|
|turn|24
|
|move|p2a: Dragonite|Extreme Speed|p1a: Overqwil
|-damage|p1a: Overqwil|0 fnt
|faint|p1a: Overqwil
|
|-end|p2a: Dragonite|move: Taunt
|
|switch|p1a: Gholdengo|Gholdengo|100/100
|turn|25
|
|switch|p2a: Kingambit|Kingambit, M|100/100 slp
|-activate|p2a: Kingambit|ability: Supreme Overlord
|-start|p2a: Kingambit|fallen3|[silent]
|move|p1a: Gholdengo|Thunder Wave|p2a: Kingambit|[miss]
|-miss|p1a: Gholdengo|p2a: Kingambit
|
|turn|26
|
|switch|p1a: RAM & SLAM|Great Tusk, shiny|63/100
|cant|p2a: Kingambit|slp
|
|turn|27
|
|-end|p2a: Kingambit|fallen3|[silent]
|switch|p2a: Dragonite|Dragonite, M|76/100
|move|p1a: RAM & SLAM|Knock Off|p2a: Dragonite
|-damage|p2a: Dragonite|43/100
|-enditem|p2a: Dragonite|Heavy-Duty Boots|[from] move: Knock Off|[of] p1a: RAM & SLAM
|
|turn|28
|
|-end|p1a: RAM & SLAM|Protosynthesis|[silent]
|switch|p1a: LINK|Amoonguss, M, shiny|88/100
|move|p2a: Dragonite|Dragon Dance|p2a: Dragonite
|-boost|p2a: Dragonite|atk|1
|-boost|p2a: Dragonite|spe|1
|
|turn|29
|
|move|p2a: Dragonite|Earthquake|p1a: LINK
|-damage|p1a: LINK|42/100
|move|p1a: LINK|Clear Smog|p2a: Dragonite
|-damage|p2a: Dragonite|26/100
|-clearboost|p2a: Dragonite
|
|turn|30
|
|switch|p1a: RAM & SLAM|Great Tusk, shiny|63/100
|move|p2a: Dragonite|Earthquake|p1a: RAM & SLAM
|-damage|p1a: RAM & SLAM|42/100
|
|turn|31
|
|move|p2a: Dragonite|Earthquake|p1a: RAM & SLAM
|-damage|p1a: RAM & SLAM|20/100
|move|p1a: RAM & SLAM|Rapid Spin|p2a: Dragonite
|-damage|p2a: Dragonite|9/100
|-boost|p1a: RAM & SLAM|spe|1
|
|turn|32
|
|move|p2a: Dragonite|Extreme Speed|p1a: RAM & SLAM
|-damage|p1a: RAM & SLAM|4/100
|move|p1a: RAM & SLAM|Knock Off|p2a: Dragonite
|-damage|p2a: Dragonite|0 fnt
|faint|p2a: Dragonite
|
|
|switch|p2a: Typhlosion|Typhlosion-Hisui, M|100/100
|-damage|p2a: Typhlosion|76/100|[from] Stealth Rock
|turn|33
|
|move|p1a: RAM & SLAM|Knock Off|p2a: Typhlosion
|-supereffective|p2a: Typhlosion
|-damage|p2a: Typhlosion|0 fnt
|-enditem|p2a: Typhlosion|Choice Specs|[from] move: Knock Off|[of] p1a: RAM & SLAM
|faint|p2a: Typhlosion
|
|
|switch|p2a: Kingambit|Kingambit, M|100/100 slp
|-activate|p2a: Kingambit|ability: Supreme Overlord
|-start|p2a: Kingambit|fallen5|[silent]
|turn|34
|
|move|p1a: RAM & SLAM|Knock Off|p2a: Kingambit
|-resisted|p2a: Kingambit
|-crit|p2a: Kingambit
|-damage|p2a: Kingambit|87/100 slp
|-enditem|p2a: Kingambit|Heavy-Duty Boots|[from] move: Knock Off|[of] p1a: RAM & SLAM
|cant|p2a: Kingambit|slp
|
|turn|35
|
|move|p1a: RAM & SLAM|Earthquake|p2a: Kingambit
|-supereffective|p2a: Kingambit
|-damage|p2a: Kingambit|22/100 slp
|cant|p2a: Kingambit|slp
|
|turn|36
|
|-curestatus|p2a: Kingambit|slp|[msg]
|move|p2a: Kingambit|Sucker Punch||[still]
|-fail|p2a: Kingambit
|move|p1a: RAM & SLAM|Stealth Rock||[still]
|-fail|p1a: RAM & SLAM
|
|turn|37
|
|-end|p1a: RAM & SLAM|Protosynthesis|[silent]
|switch|p1a: LINK|Amoonguss, M, shiny|75/100
|move|p2a: Kingambit|Swords Dance|p2a: Kingambit
|-boost|p2a: Kingambit|atk|2
|
|turn|38
|
|move|p2a: Kingambit|Kowtow Cleave|p1a: LINK
|-damage|p1a: LINK|0 fnt
|faint|p1a: LINK
|
|
|switch|p1a: Gholdengo|Gholdengo|100/100
|turn|39
|
|-terastallize|p1a: Gholdengo|Flying
|move|p1a: Gholdengo|Thunder Wave|p2a: Kingambit
|-status|p2a: Kingambit|par
|cant|p2a: Kingambit|par
|
|turn|40
|
|move|p2a: Kingambit|Sucker Punch|p1a: Gholdengo
|-damage|p1a: Gholdengo|24/100
|move|p1a: Gholdengo|Hex|p2a: Kingambit
|-resisted|p2a: Kingambit
|-damage|p2a: Kingambit|0 fnt
|faint|p2a: Kingambit
|-end|p2a: Kingambit|fallen5|[silent]
|
|win|p1
