# advantage = p2
|poke|p1|Great Tusk|
|poke|p1|Chien-Pao|
|poke|p1|Enamorus, F|
|poke|p1|Slowking-Galar, M|
|poke|p1|Landorus-Therian, M|
|poke|p1|Baxcalibur, F|
|poke|p2|Chien-Pao|
|poke|p2|Zamazenta-*|
|poke|p2|Urshifu-*, M|
|poke|p2|Landorus-Therian, M|
|poke|p2|Skeledirge, M|
|poke|p2|Magearna|
|teampreview
|
|start
|switch|p1a: Landorus|Landorus-Therian, M|100/100
|switch|p2a: Chien-Pao|Chien-Pao|100/100
|-ability|p1a: Landorus|Intimidate|boost
|-unboost|p2a: Chien-Pao|atk|1
|-ability|p2a: Chien-Pao|Sword of Ruin
|turn|1
|
|move|p1a: Landorus|U-turn|p2a: Chien-Pao
|-supereffective|p2a: Chien-Pao
|-damage|p2a: Chien-Pao|31/100
|
|switch|p1a: Chien-Pao|Chien-Pao|100/100|[from] U-turn
|-ability|p1a: Chien-Pao|Sword of Ruin
|move|p2a: Chien-Pao|Swords Dance|p2a: Chien-Pao
|-boost|p2a: Chien-Pao|atk|2
|
|turn|2
|
|switch|p1a: Landorus|Landorus-Therian, M|100/100
|-ability|p1a: Landorus|Intimidate|boost
|-unboost|p2a: Chien-Pao|atk|1
|move|p2a: Chien-Pao|Sacred Sword|p1a: Landorus
|-resisted|p1a: Landorus
|-damage|p1a: Landorus|77/100
|
|turn|3
|
|move|p1a: Landorus|U-turn|p2a: Chien-Pao
|-supereffective|p2a: Chien-Pao
|-damage|p2a: Chien-Pao|0 fnt
|faint|p2a: Chien-Pao
|
|switch|p1a: Baxcalibur|Baxcalibur, F|100/100|[from] U-turn
|
|
|switch|p2a: Zamazenta|Zamazenta|100/100
|-ability|p2a: Zamazenta|Dauntless Shield|boost
|-boost|p2a: Zamazenta|def|1
|turn|4
|
|switch|p1a: Enamorus|Enamorus, F|100/100
|move|p2a: Zamazenta|Iron Defense|p2a: Zamazenta
|-boost|p2a: Zamazenta|def|2
|
|turn|5
|
|switch|p2a: Magearna|Magearna|100/100
|move|p1a: Enamorus|Moonblast|p2a: Magearna
|-resisted|p2a: Magearna
|-damage|p2a: Magearna|79/100
|-unboost|p2a: Magearna|spa|1
|
|-heal|p2a: Magearna|85/100|[from] item: Leftovers
|turn|6
|
|move|p1a: Enamorus|Calm Mind|p1a: Enamorus
|-boost|p1a: Enamorus|spa|1
|-boost|p1a: Enamorus|spd|1
|move|p2a: Magearna|Volt Switch|p1a: Enamorus
|-supereffective|p1a: Enamorus
|-damage|p1a: Enamorus|67/100
|
|switch|p2a: Skeledirge|Skeledirge, M|100/100|[from] Volt Switch
|
|turn|7
|
|move|p1a: Enamorus|Earth Power|p2a: Skeledirge
|-supereffective|p2a: Skeledirge
|-damage|p2a: Skeledirge|56/100
|move|p2a: Skeledirge|Torch Song|p1a: Enamorus
|-damage|p1a: Enamorus|23/100
|-boost|p2a: Skeledirge|spa|1
|
|-heal|p2a: Skeledirge|62/100|[from] item: Leftovers
|turn|8
|
|-terastallize|p2a: Skeledirge|Fairy
|move|p1a: Enamorus|Earth Power|p2a: Skeledirge
|-damage|p2a: Skeledirge|37/100
|move|p2a: Skeledirge|Slack Off|p2a: Skeledirge
|-heal|p2a: Skeledirge|87/100
|
|-heal|p2a: Skeledirge|93/100|[from] item: Leftovers
|turn|9
|
|move|p1a: Enamorus|Moonblast|p2a: Skeledirge
|-damage|p2a: Skeledirge|59/100
|-unboost|p2a: Skeledirge|spa|1
|move|p2a: Skeledirge|Torch Song|p1a: Enamorus
|-damage|p1a: Enamorus|0 fnt
|-boost|p2a: Skeledirge|spa|1
|faint|p1a: Enamorus
|
|-heal|p2a: Skeledirge|66/100|[from] item: Leftovers
|
|switch|p1a: Slowking|Slowking-Galar, M, shiny|100/100
|turn|10
|
|switch|p2a: Magearna|Magearna|85/100
|move|p1a: Slowking|Future Sight|p2a: Magearna
|-start|p1a: Slowking|move: Future Sight
|
|-heal|p2a: Magearna|91/100|[from] item: Leftovers
|turn|11
|
|move|p2a: Magearna|Ice Beam|p1a: Slowking
|-crit|p1a: Slowking
|-damage|p1a: Slowking|60/100
|move|p1a: Slowking|Chilly Reception|p1a: Slowking
|-weather|Snow
|
|switch|p1a: Landorus|Landorus-Therian, M|77/100|[from] Chilly Reception
|-ability|p1a: Landorus|Intimidate|boost
|-unboost|p2a: Magearna|atk|1
|
|-weather|Snow|[upkeep]
|-heal|p2a: Magearna|97/100|[from] item: Leftovers
|turn|12
|
|move|p1a: Landorus|U-turn|p2a: Magearna
|-resisted|p2a: Magearna
|-damage|p2a: Magearna|92/100
|
|switch|p1a: Slowking|Slowking-Galar, M, shiny|93/100|[from] U-turn
|move|p2a: Magearna|Ice Beam|p1a: Slowking
|-damage|p1a: Slowking|64/100
|
|-weather|Snow|[upkeep]
|-end|p2a: Magearna|move: Future Sight
|-resisted|p2a: Magearna
|-damage|p2a: Magearna|72/100
|-heal|p2a: Magearna|79/100|[from] item: Leftovers
|-heal|p1a: Slowking|70/100|[from] item: Leftovers
|turn|13
|
|move|p2a: Magearna|Volt Switch|p1a: Slowking
|-damage|p1a: Slowking|50/100
|
|switch|p2a: Landorus|Landorus-Therian, M|100/100|[from] Volt Switch
|-ability|p2a: Landorus|Intimidate|boost
|-unboost|p1a: Slowking|atk|1
|move|p1a: Slowking|Future Sight|p2a: Landorus
|-start|p1a: Slowking|move: Future Sight
|
|-weather|Snow|[upkeep]
|-heal|p1a: Slowking|56/100|[from] item: Leftovers
|turn|14
|
|switch|p1a: Landorus|Landorus-Therian, M|77/100
|-ability|p1a: Landorus|Intimidate|boost
|-unboost|p2a: Landorus|atk|1
|move|p2a: Landorus|Stealth Rock|p1a: Landorus
|-sidestart|p1: p1|move: Stealth Rock
|
|-weather|Snow|[upkeep]
|turn|15
|
|move|p1a: Landorus|U-turn|p2a: Landorus
|-resisted|p2a: Landorus
|-damage|p2a: Landorus|85/100
|
|switch|p1a: Great Tusk|Great Tusk, shiny|100/100|[from] U-turn
|-damage|p1a: Great Tusk|98/100|[from] Stealth Rock
|move|p2a: Landorus|U-turn|p1a: Great Tusk
|-resisted|p1a: Great Tusk
|-damage|p1a: Great Tusk|93/100
|
|switch|p2a: Zamazenta|Zamazenta|100/100|[from] U-turn
|
|-weather|none
|-end|p2a: Zamazenta|move: Future Sight
|-supereffective|p2a: Zamazenta
|-damage|p2a: Zamazenta|30/100
|-heal|p2a: Zamazenta|36/100|[from] item: Leftovers
|-heal|p1a: Great Tusk|99/100|[from] item: Leftovers
|turn|16
|
|move|p2a: Zamazenta|Iron Defense|p2a: Zamazenta
|-boost|p2a: Zamazenta|def|2
|move|p1a: Great Tusk|Earthquake|p2a: Zamazenta
|-damage|p2a: Zamazenta|18/100
|
|-heal|p2a: Zamazenta|25/100|[from] item: Leftovers
|-heal|p1a: Great Tusk|100/100|[from] item: Leftovers
|turn|17
|
|move|p2a: Zamazenta|Iron Defense|p2a: Zamazenta
|-boost|p2a: Zamazenta|def|2
|move|p1a: Great Tusk|Rapid Spin|p2a: Zamazenta
|-damage|p2a: Zamazenta|20/100
|-boost|p1a: Great Tusk|spe|1
|-sideend|p1: p1|Stealth Rock|[from] move: Rapid Spin|[of] p1a: Great Tusk
|
|-heal|p2a: Zamazenta|27/100|[from] item: Leftovers
|turn|18
|
|move|p2a: Zamazenta|Body Press|p1a: Great Tusk
|-crit|p1a: Great Tusk
|-damage|p1a: Great Tusk|38/100
|move|p1a: Great Tusk|Knock Off|p2a: Zamazenta
|-resisted|p2a: Zamazenta
|-damage|p2a: Zamazenta|23/100
|-enditem|p2a: Zamazenta|Leftovers|[from] move: Knock Off|[of] p1a: Great Tusk
|
|-heal|p1a: Great Tusk|45/100|[from] item: Leftovers
|turn|19
|
|-end|p1a: Great Tusk|Protosynthesis|[silent]
|switch|p1a: Slowking|Slowking-Galar, M, shiny|89/100
|move|p2a: Zamazenta|Body Press|p1a: Slowking
|-resisted|p1a: Slowking
|-damage|p1a: Slowking|72/100
|
|-heal|p1a: Slowking|78/100|[from] item: Leftovers
|turn|20
|
|move|p2a: Zamazenta|Crunch|p1a: Slowking
|-supereffective|p1a: Slowking
|-damage|p1a: Slowking|44/100
|move|p1a: Slowking|Future Sight|p2a: Zamazenta
|-start|p1a: Slowking|move: Future Sight
|
|-heal|p1a: Slowking|50/100|[from] item: Leftovers
|turn|21
|
|move|p2a: Zamazenta|Crunch|p1a: Slowking
|-supereffective|p1a: Slowking
|-damage|p1a: Slowking|18/100
|move|p1a: Slowking|Slack Off|p1a: Slowking
|-heal|p1a: Slowking|68/100
|
|-heal|p1a: Slowking|74/100|[from] item: Leftovers
|turn|22
|
|move|p2a: Zamazenta|Crunch|p1a: Slowking
|-supereffective|p1a: Slowking
|-crit|p1a: Slowking
|-damage|p1a: Slowking|25/100
|move|p1a: Slowking|Chilly Reception|p1a: Slowking
|-weather|Snow
|
|switch|p1a: Landorus|Landorus-Therian, M|77/100|[from] Chilly Reception
|-ability|p1a: Landorus|Intimidate|boost
|-unboost|p2a: Zamazenta|atk|1
|
|-weather|Snow|[upkeep]
|-end|p2a: Zamazenta|move: Future Sight
|-supereffective|p2a: Zamazenta
|-damage|p2a: Zamazenta|0 fnt
|faint|p2a: Zamazenta
|
|switch|p2a: Landorus|Landorus-Therian, M|85/100
|-ability|p2a: Landorus|Intimidate|boost
|-unboost|p1a: Landorus|atk|1
|turn|23
|
|-terastallize|p1a: Landorus|Ice
|move|p1a: Landorus|Tera Blast|p2a: Landorus
|-supereffective|p2a: Landorus
|-damage|p2a: Landorus|0 fnt
|faint|p2a: Landorus
|
|-weather|Snow|[upkeep]
|
|switch|p2a: Magearna|Magearna|79/100
|turn|24
|
|switch|p1a: Slowking|Slowking-Galar, M, shiny|58/100
|move|p2a: Magearna|Volt Switch|p1a: Slowking
|-damage|p1a: Slowking|35/100
|
|switch|p2a: Urshifu|Urshifu-Rapid-Strike, M|100/100|[from] Volt Switch
|
|-weather|Snow|[upkeep]
|-heal|p1a: Slowking|41/100|[from] item: Leftovers
|turn|25
|
|switch|p1a: Great Tusk|Great Tusk, shiny|45/100
|move|p2a: Urshifu|Swords Dance|p2a: Urshifu
|-boost|p2a: Urshifu|atk|2
|
|-weather|Snow|[upkeep]
|-heal|p1a: Great Tusk|51/100|[from] item: Leftovers
|turn|26
|
|move|p2a: Urshifu|Surging Strikes|p1a: Great Tusk
|-supereffective|p1a: Great Tusk
|-crit|p1a: Great Tusk
|-damage|p1a: Great Tusk|7/100
|-supereffective|p1a: Great Tusk
|-crit|p1a: Great Tusk
|-damage|p1a: Great Tusk|0 fnt
|faint|p1a: Great Tusk
|-end|p1a: Great Tusk|Protosynthesis|[silent]
|-hitcount|p1: Great Tusk|2
|
|-weather|none
|
|switch|p1a: Chien-Pao|Chien-Pao|100/100
|-ability|p1a: Chien-Pao|Sword of Ruin
|turn|27
|
|move|p1a: Chien-Pao|Sacred Sword|p2a: Urshifu
|-damage|p2a: Urshifu|62/100
|move|p2a: Urshifu|Surging Strikes|p1a: Chien-Pao
|-crit|p1a: Chien-Pao
|-damage|p1a: Chien-Pao|38/100
|-crit|p1a: Chien-Pao
|-damage|p1a: Chien-Pao|0 fnt
|faint|p1a: Chien-Pao
|-hitcount|p1: Chien-Pao|2
|
|
|switch|p1a: Slowking|Slowking-Galar, M, shiny|74/100
|turn|28
|
|switch|p1a: Baxcalibur|Baxcalibur, F|100/100
|move|p2a: Urshifu|Surging Strikes|p1a: Baxcalibur
|-resisted|p1a: Baxcalibur
|-crit|p1a: Baxcalibur
|-damage|p1a: Baxcalibur|79/100
|-resisted|p1a: Baxcalibur
|-crit|p1a: Baxcalibur
|-damage|p1a: Baxcalibur|57/100
|-resisted|p1a: Baxcalibur
|-crit|p1a: Baxcalibur
|-damage|p1a: Baxcalibur|37/100
|-hitcount|p1a: Baxcalibur|3
|
|turn|29
|
|move|p2a: Urshifu|Surging Strikes|p1a: Baxcalibur
|-resisted|p1a: Baxcalibur
|-crit|p1a: Baxcalibur
|-damage|p1a: Baxcalibur|16/100
|-resisted|p1a: Baxcalibur
|-crit|p1a: Baxcalibur
|-damage|p1a: Baxcalibur|0 fnt
|faint|p1a: Baxcalibur
|-hitcount|p1: Baxcalibur|2
|
|
|switch|p1a: Slowking|Slowking-Galar, M, shiny|100/100
|turn|30
|
|move|p2a: Urshifu|Surging Strikes|p1a: Slowking
|-crit|p1a: Slowking
|-damage|p1a: Slowking|67/100
|-crit|p1a: Slowking
|-damage|p1a: Slowking|37/100
|-crit|p1a: Slowking
|-damage|p1a: Slowking|5/100
|-hitcount|p1a: Slowking|3
|move|p1a: Slowking|Sludge Bomb|p2a: Urshifu
|-damage|p2a: Urshifu|13/100
|
|-heal|p1a: Slowking|11/100|[from] item: Leftovers
|turn|31
|
|move|p2a: Urshifu|Surging Strikes|p1a: Slowking
|-crit|p1a: Slowking
|-damage|p1a: Slowking|0 fnt
|faint|p1a: Slowking
|-hitcount|p1: Slowking|1
|
|
|switch|p1a: Landorus|Landorus-Therian, M, tera:Ice|77/100
|-ability|p1a: Landorus|Intimidate|boost
|-unboost|p2a: Urshifu|atk|1
|turn|32
|
|move|p1a: Landorus|Earthquake|p2a: Urshifu
|-damage|p2a: Urshifu|0 fnt
|faint|p2a: Urshifu
|
|
|switch|p2a: Skeledirge|Skeledirge, M, tera:Fairy|66/100
|turn|33
|
|move|p1a: Landorus|Earthquake|p2a: Skeledirge
|-damage|p2a: Skeledirge|18/100
|move|p2a: Skeledirge|Torch Song|p1a: Landorus
|-supereffective|p1a: Landorus
|-damage|p1a: Landorus|0 fnt
|-boost|p2a: Skeledirge|spa|1
|faint|p1a: Landorus
|
|win|p2
