# advantage = p2
|poke|p1|Iron Valiant|
|poke|p1|Rotom-Wash|
|poke|p1|Ting-Lu|
|poke|p1|Revavroom, F|
|poke|p1|Great Tusk|
|poke|p1|Cinderace, F|
|poke|p2|Ursaluna, F|
|poke|p2|Dragapult, F|
|poke|p2|Landorus-Therian, M|
|poke|p2|Arcanine-Hisui, F|
|poke|p2|Moltres-Galar|
|poke|p2|Goodra-Hisui, M|
|teampreview
|
|start
|switch|p1a: Rotom|Rotom-Wash|100/100
|switch|p2a: Ursaluna|Ursaluna, F|100/100
|turn|1
|
|move|p2a: Ursaluna|Protect|p2a: Ursaluna
|-singleturn|p2a: Ursaluna|Protect
|move|p1a: Rotom|Hydro Pump|p2a: Ursaluna
|-activate|p2a: Ursaluna|move: Protect
|
|-status|p2a: Ursaluna|brn|[from] item: Flame Orb
|turn|2
|
|switch|p2a: Goodra|Goodra-Hisui, M|100/100
|move|p1a: Rotom|Hydro Pump|p2a: Goodra
|-resisted|p2a: Goodra
|-damage|p2a: Goodra|92/100
|
|turn|3
|
|move|p1a: Rotom|Will-O-Wisp|p2a: Goodra|[miss]
|-miss|p1a: Rotom|p2a: Goodra
|move|p2a: Goodra|Thunder|p1a: Rotom|[miss]
|-miss|p2a: Goodra|p1a: Rotom
|
|turn|4
|
|move|p1a: Rotom|Will-O-Wisp|p2a: Goodra
|-status|p2a: Goodra|brn
|move|p2a: Goodra|Dragon Pulse|p1a: Rotom
|-damage|p1a: Rotom|68/100
|
|-heal|p1a: Rotom|74/100|[from] item: Leftovers
|-damage|p2a: Goodra|86/100 brn|[from] brn
|turn|5
|
|move|p1a: Rotom|Volt Switch|p2a: Goodra
|-resisted|p2a: Goodra
|-damage|p2a: Goodra|80/100 brn
|
|switch|p1a: Ting-Lu|Ting-Lu|100/100|[from] Volt Switch
|-ability|p1a: Ting-Lu|Vessel of Ruin
|move|p2a: Goodra|Thunder|p1a: Ting-Lu
|-immune|p1a: Ting-Lu
|
|-damage|p2a: Goodra|74/100 brn|[from] brn
|turn|6
|
|switch|p2a: Ursaluna|Ursaluna, F|100/100 brn
|move|p1a: Ting-Lu|Stealth Rock|p2a: Ursaluna
|-sidestart|p2: p2|move: Stealth Rock
|
|-damage|p2a: Ursaluna|94/100 brn|[from] brn
|turn|7
|
|switch|p1a: Rotom|Rotom-Wash|74/100
|move|p2a: Ursaluna|Swords Dance|p2a: Ursaluna
|-boost|p2a: Ursaluna|atk|2
|
|-heal|p1a: Rotom|80/100|[from] item: Leftovers
|-damage|p2a: Ursaluna|88/100 brn|[from] brn
|turn|8
|
|-terastallize|p2a: Ursaluna|Normal
|move|p1a: Rotom|Hydro Pump|p2a: Ursaluna
|-damage|p2a: Ursaluna|52/100 brn
|move|p2a: Ursaluna|Facade|p1a: Rotom
|-damage|p1a: Rotom|0 fnt
|faint|p1a: Rotom
|
|-damage|p2a: Ursaluna|46/100 brn|[from] brn
|
|switch|p1a: Iron Valiant|Iron Valiant|100/100
|-enditem|p1a: Iron Valiant|Booster Energy
|-activate|p1a: Iron Valiant|ability: Quark Drive|[fromitem]
|-start|p1a: Iron Valiant|quarkdrivespe
|turn|9
|
|switch|p2a: Landorus|Landorus-Therian, M|100/100
|-damage|p2a: Landorus|88/100|[from] Stealth Rock
|-ability|p2a: Landorus|Intimidate|boost
|-unboost|p1a: Iron Valiant|atk|1
|move|p1a: Iron Valiant|Close Combat|p2a: Landorus
|-resisted|p2a: Landorus
|-damage|p2a: Landorus|69/100
|-unboost|p1a: Iron Valiant|def|1
|-unboost|p1a: Iron Valiant|spd|1
|-damage|p1a: Iron Valiant|84/100|[from] item: Rocky Helmet|[of] p2a: Landorus
|
|turn|10
|
|-end|p1a: Iron Valiant|Quark Drive|[silent]
|switch|p1a: Great Tusk|Great Tusk|100/100
|move|p2a: Landorus|Stealth Rock|p1a: Great Tusk
|-sidestart|p1: p1|move: Stealth Rock
|
|turn|11
|
|move|p2a: Landorus|Earthquake|p1a: Great Tusk
|-damage|p1a: Great Tusk|73/100
|move|p1a: Great Tusk|Knock Off|p2a: Landorus
|-damage|p2a: Landorus|37/100
|-damage|p1a: Great Tusk|56/100|[from] item: Rocky Helmet|[of] p2a: Landorus
|-enditem|p2a: Landorus|Rocky Helmet|[from] move: Knock Off|[of] p1a: Great Tusk
|
|-heal|p1a: Great Tusk|62/100|[from] item: Leftovers
|turn|12
|
|move|p2a: Landorus|Earthquake|p1a: Great Tusk
|-damage|p1a: Great Tusk|33/100
|move|p1a: Great Tusk|Rapid Spin|p2a: Landorus
|-damage|p2a: Landorus|20/100
|-boost|p1a: Great Tusk|spe|1
|-sideend|p1: p1|Stealth Rock|[from] move: Rapid Spin|[of] p1a: Great Tusk
|
|-heal|p1a: Great Tusk|39/100|[from] item: Leftovers
|turn|13
|
|move|p1a: Great Tusk|Knock Off|p2a: Landorus
|-damage|p2a: Landorus|0 fnt
|faint|p2a: Landorus
|
|-heal|p1a: Great Tusk|45/100|[from] item: Leftovers
|
|switch|p2a: Moltres|Moltres-Galar|100/100
|turn|14
|
|-end|p1a: Great Tusk|Protosynthesis|[silent]
|switch|p1a: Ting-Lu|Ting-Lu|100/100
|-ability|p1a: Ting-Lu|Vessel of Ruin
|move|p2a: Moltres|Air Slash|p1a: Ting-Lu
|-damage|p1a: Ting-Lu|87/100
|
|-heal|p1a: Ting-Lu|94/100|[from] item: Leftovers
|turn|15
|
|move|p2a: Moltres|Nasty Plot|p2a: Moltres
|-boost|p2a: Moltres|spa|2
|move|p1a: Ting-Lu|Earthquake|p2a: Moltres
|-immune|p2a: Moltres
|
|-heal|p1a: Ting-Lu|99/100|[from] item: Leftovers
|turn|16
|
|move|p2a: Moltres|Air Slash|p1a: Ting-Lu
|-damage|p1a: Ting-Lu|71/100
|move|p1a: Ting-Lu|Whirlwind|p2a: Moltres
|drag|p2a: Goodra|Goodra-Hisui, M|74/100 brn
|-damage|p2a: Goodra|68/100 brn|[from] Stealth Rock
|
|-heal|p1a: Ting-Lu|77/100|[from] item: Leftovers
|-damage|p2a: Goodra|62/100 brn|[from] brn
|turn|17
|
|move|p2a: Goodra|Dragon Pulse|p1a: Ting-Lu
|-damage|p1a: Ting-Lu|60/100
|move|p1a: Ting-Lu|Earthquake|p2a: Goodra
|-supereffective|p2a: Goodra
|-damage|p2a: Goodra|0 fnt
|faint|p2a: Goodra
|
|-heal|p1a: Ting-Lu|66/100|[from] item: Leftovers
|
|switch|p2a: Ursaluna|Ursaluna, F, tera:Normal|46/100 brn
|-damage|p2a: Ursaluna|34/100 brn|[from] Stealth Rock
|turn|18
|
|switch|p1a: Cinderace|Cinderace, F|100/100
|move|p2a: Ursaluna|Facade|p1a: Cinderace
|-damage|p1a: Cinderace|0 fnt
|faint|p1a: Cinderace
|
|-damage|p2a: Ursaluna|28/100 brn|[from] brn
|
|switch|p1a: Iron Valiant|Iron Valiant|84/100
|turn|19
|
|move|p1a: Iron Valiant|Moonblast|p2a: Ursaluna
|-damage|p2a: Ursaluna|0 fnt
|faint|p2a: Ursaluna
|
|
|switch|p2a: Moltres|Moltres-Galar|100/100
|turn|20
|
|move|p1a: Iron Valiant|Moonblast|p2a: Moltres
|-supereffective|p2a: Moltres
|-damage|p2a: Moltres|20/100
|-unboost|p2a: Moltres|spa|1
|-ability|p2a: Moltres|Berserk|boost
|-boost|p2a: Moltres|spa|1
|move|p2a: Moltres|Air Slash|p1a: Iron Valiant
|-supereffective|p1a: Iron Valiant
|-damage|p1a: Iron Valiant|0 fnt
|faint|p1a: Iron Valiant
|-end|p1a: Iron Valiant|Quark Drive|[silent]
|
|
|switch|p1a: Revavroom|Revavroom, F|100/100
|-item|p1a: Revavroom|Air Balloon
|turn|21
|
|move|p2a: Moltres|Air Slash|p1a: Revavroom
|-resisted|p1a: Revavroom
|-damage|p1a: Revavroom|77/100
|-enditem|p1a: Revavroom|Air Balloon
|move|p1a: Revavroom|Shift Gear|p1a: Revavroom
|-boost|p1a: Revavroom|spe|2
|-boost|p1a: Revavroom|atk|1
|
|turn|22
|
|move|p1a: Revavroom|Iron Head|p2a: Moltres
|-damage|p2a: Moltres|0 fnt
|faint|p2a: Moltres
|
|
|switch|p2a: Arcanine|Arcanine-Hisui, F|100/100
|-damage|p2a: Arcanine|76/100|[from] Stealth Rock
|turn|23
|
|move|p1a: Revavroom|Iron Head|p2a: Arcanine
|-damage|p2a: Arcanine|0 fnt
|faint|p2a: Arcanine
|
|
|switch|p2a: Dragapult|Dragapult, F|100/100
|-damage|p2a: Dragapult|88/100|[from] Stealth Rock
|turn|24
|
|move|p1a: Revavroom|Iron Head|p2a: Dragapult
|-damage|p2a: Dragapult|0 fnt
|faint|p2a: Dragapult
|
|win|p1
