|poke|p1|Staraptor, M|
|poke|p1|Wyrdeer, M|
|poke|p1|Gimmighoul|
|poke|p2|Amoonguss, M|
|poke|p2|Haxorus, F|
|poke|p2|Zorua-Hisui, M|
|teampreview
|
|start
|switch|p1a: Naruto Bird|Staraptor, M|100/100
|switch|p2a: Haxorus|Haxorus, F|100/100
|-ability|p2a: Haxorus|Mold Breaker
|turn|1
|
|-terastallize|p1a: Naruto Bird|Normal
|move|p1a: Naruto Bird|Double-Edge|p2a: Haxorus
|-damage|p2a: Haxorus|0 fnt
|faint|p2a: Haxorus
|-damage|p1a: Naruto Bird|69/100|[from] Recoil
|
|
|switch|p2a: Amoonguss|Amoonguss, M|100/100
|turn|2
|
|move|p1a: Naruto Bird|Double-Edge|p2a: Amoonguss
|-immune|p2a: Amoonguss
|move|p2a: Amoonguss|Will-O-Wisp|p1a: Naruto Bird|[miss]
|-miss|p2a: Amoonguss|p1a: Naruto Bird
|
|turn|3
|
|switch|p1a: Wyrdeer|Wyrdeer, M|100/100
|-item|p2a: Amoonguss|Eviolite|[from] ability: Frisk|[of] p1a: Wyrdeer|[identify]
|move|p2a: Amoonguss|Dark Pulse|p1a: Wyrdeer
|-supereffective|p1a: Wyrdeer
|-damage|p1a: Wyrdeer|53/100
|
|turn|4
|
|move|p2a: Amoonguss|Dark Pulse|p1a: Wyrdeer
|-supereffective|p1a: Wyrdeer
|-damage|p1a: Wyrdeer|9/100
|move|p1a: Wyrdeer|Psyshock|p2a: Amoonguss
|-damage|p2a: Amoonguss|39/100
|replace|p2a: Zorua|Zorua-Hisui, M
|-end|p2a: Zorua|Illusion
|
|turn|5
|
|move|p2a: Zorua|Dark Pulse|p1a: Wyrdeer
|-supereffective|p1a: Wyrdeer
|-damage|p1a: Wyrdeer|0 fnt
|faint|p1a: Wyrdeer
|
|
|switch|p1a: Naruto Bird|Staraptor, M, tera:Normal|69/100
|turn|6
|
|move|p1a: Naruto Bird|Brave Bird|p2a: Zorua
|-damage|p2a: Zorua|0 fnt
|faint|p2a: Zorua
|-damage|p1a: Naruto Bird|58/100|[from] Recoil
|
|
|switch|p2a: Amoonguss|Amoonguss, M|100/100
|turn|7
|
|-terastallize|p2a: Amoonguss|Flying
|move|p1a: Naruto Bird|Brave Bird|p2a: Amoonguss
|-damage|p2a: Amoonguss|0 fnt
|-status|p1a: Naruto Bird|slp|[from] ability: Effect Spore|[of] p2a: Amoonguss
|faint|p2a: Amoonguss
|-damage|p1a: Naruto Bird|12/100 slp|[from] Recoil
|
|win|p1
|n|☆p1|notashadydude
|n|☆p2|p2
|n|*Lady Monita|ladymonita
|n| Nightslash121|nightslash121
|n| Leafeontc|leafeontc
