|poke|p1|Arcanine-Hisui, M|
|poke|p1|Azumarill, F|
|poke|p1|Great Tusk|
|poke|p1|Sneasler, M|
|poke|p1|Magearna|
|poke|p1|Enamorus, F|
|poke|p2|Pelipper, M|
|poke|p2|Overqwil, M|
|poke|p2|Gholdengo|
|poke|p2|Basculegion-F, F|
|poke|p2|Amoonguss, M|
|poke|p2|Great Tusk|
|teampreview
|
|start
|switch|p1a: Erik Spoelstra|Enamorus, F|100/100
|switch|p2a: Pelipe|Pelipper, M, shiny|100/100
|-weather|RainDance|[from] ability: Drizzle|[of] p2a: Pelipe
|turn|1
|
|move|p1a: Erik Spoelstra|Moonblast|p2a: Pelipe
|-damage|p2a: Pelipe|17/100
|move|p2a: Pelipe|U-turn|p1a: Erik Spoelstra
|-resisted|p1a: Erik Spoelstra
|-damage|p1a: Erik Spoelstra|97/100
|-start|p2a: Pelipe|Attract|[from] ability: Cute Charm|[of] p1a: Erik Spoelstra
|
|switch|p2a: Overqwil|Overqwil, M, shiny|100/100|[from] U-turn
|
|-weather|RainDance|[upkeep]
|turn|2
|
|switch|p2a: Basculegion|Basculegion-F, F|100/100
|switch|p1a: Jimmy Butler|Magearna|100/100
|
|-weather|RainDance|[upkeep]
|turn|3
|
|move|p2a: Basculegion|Surf|p1a: Jimmy Butler
|-damage|p1a: Jimmy Butler|25/100
|move|p1a: Jimmy Butler|Draining Kiss|p2a: Basculegion
|-damage|p2a: Basculegion|77/100
|-heal|p1a: Jimmy Butler|43/100|[from] drain|[of] p2a: Basculegion
|
|-weather|RainDance|[upkeep]
|-heal|p1a: Jimmy Butler|49/100|[from] item: Leftovers
|turn|4
|
|switch|p1a: Caleb Martin|Azumarill, F|100/100
|move|p2a: Basculegion|Surf|p1a: Caleb Martin
|-resisted|p1a: Caleb Martin
|-damage|p1a: Caleb Martin|55/100
|
|-weather|RainDance|[upkeep]
|-heal|p1a: Caleb Martin|61/100|[from] item: Leftovers
|turn|5
|
|switch|p2a: Overqwil|Overqwil, M, shiny|100/100
|move|p1a: Caleb Martin|Play Rough|p2a: Overqwil
|-damage|p2a: Overqwil|46/100
|
|-weather|RainDance|[upkeep]
|-heal|p1a: Caleb Martin|68/100|[from] item: Leftovers
|turn|6
|
|move|p1a: Caleb Martin|Protect|p1a: Caleb Martin
|-singleturn|p1a: Caleb Martin|Protect
|move|p2a: Overqwil|Toxic Spikes|p1a: Caleb Martin
|-sidestart|p1: p1|move: Toxic Spikes
|
|-weather|RainDance|[upkeep]
|-heal|p1a: Caleb Martin|74/100|[from] item: Leftovers
|turn|7
|
|switch|p1a: Jimmy Butler|Magearna|49/100
|move|p2a: Overqwil|Taunt|p1a: Jimmy Butler
|-start|p1a: Jimmy Butler|move: Taunt
|
|-weather|RainDance|[upkeep]
|-heal|p1a: Jimmy Butler|55/100|[from] item: Leftovers
|turn|8
|
|switch|p2a: Gholdengo|Gholdengo|100/100
|move|p1a: Jimmy Butler|Draining Kiss|p2a: Gholdengo
|-resisted|p2a: Gholdengo
|-damage|p2a: Gholdengo|90/100
|-heal|p1a: Jimmy Butler|63/100|[from] drain|[of] p2a: Gholdengo
|
|-weather|none
|-heal|p1a: Jimmy Butler|69/100|[from] item: Leftovers
|-heal|p2a: Gholdengo|96/100|[from] item: Leftovers
|turn|9
|
|switch|p1a: Erik Spoelstra|Enamorus, F|97/100
|move|p2a: Gholdengo|Hex|p1a: Erik Spoelstra
|-damage|p1a: Erik Spoelstra|59/100
|
|-heal|p2a: Gholdengo|100/100|[from] item: Leftovers
|turn|10
|
|switch|p2a: Pelipe|Pelipper, M, shiny|17/100
|-weather|RainDance|[from] ability: Drizzle|[of] p2a: Pelipe
|move|p1a: Erik Spoelstra|Earth Power|p2a: Pelipe
|-immune|p2a: Pelipe
|
|-weather|RainDance|[upkeep]
|turn|11
|
|switch|p1a: Jimmy Butler|Magearna|69/100
|switch|p2a: LINK|Amoonguss, M, shiny|100/100
|
|-weather|RainDance|[upkeep]
|-heal|p1a: Jimmy Butler|75/100|[from] item: Leftovers
|turn|12
|
|move|p1a: Jimmy Butler|Shift Gear|p1a: Jimmy Butler
|-boost|p1a: Jimmy Butler|spe|2
|-boost|p1a: Jimmy Butler|atk|1
|move|p2a: LINK|Spore|p1a: Jimmy Butler
|-status|p1a: Jimmy Butler|slp|[from] move: Spore
|
|-weather|RainDance|[upkeep]
|-heal|p1a: Jimmy Butler|82/100 slp|[from] item: Leftovers
|turn|13
|
|switch|p2a: Basculegion|Basculegion-F, F|77/100
|cant|p1a: Jimmy Butler|slp
|
|-weather|RainDance|[upkeep]
|-heal|p1a: Jimmy Butler|88/100 slp|[from] item: Leftovers
|turn|14
|
|-terastallize|p1a: Jimmy Butler|Water
|move|p2a: Basculegion|Surf|p1a: Jimmy Butler
|-resisted|p1a: Jimmy Butler
|-damage|p1a: Jimmy Butler|46/100 slp
|cant|p1a: Jimmy Butler|slp
|
|-weather|RainDance|[upkeep]
|-heal|p1a: Jimmy Butler|52/100 slp|[from] item: Leftovers
|turn|15
|
|switch|p2a: Gholdengo|Gholdengo|100/100
|-curestatus|p1a: Jimmy Butler|slp|[msg]
|move|p1a: Jimmy Butler|Calm Mind|p1a: Jimmy Butler
|-boost|p1a: Jimmy Butler|spa|1
|-boost|p1a: Jimmy Butler|spd|1
|
|-weather|RainDance|[upkeep]
|-heal|p1a: Jimmy Butler|58/100|[from] item: Leftovers
|turn|16
|
|move|p1a: Jimmy Butler|Calm Mind|p1a: Jimmy Butler
|-boost|p1a: Jimmy Butler|spa|1
|-boost|p1a: Jimmy Butler|spd|1
|move|p2a: Gholdengo|Thunder Wave|p1a: Jimmy Butler
|-status|p1a: Jimmy Butler|par
|
|-weather|RainDance|[upkeep]
|-heal|p1a: Jimmy Butler|65/100 par|[from] item: Leftovers
|turn|17
|
|move|p1a: Jimmy Butler|Stored Power|p2a: Gholdengo
|-resisted|p2a: Gholdengo
|-damage|p2a: Gholdengo|57/100
|move|p2a: Gholdengo|Nasty Plot|p2a: Gholdengo
|-boost|p2a: Gholdengo|spa|2
|
|-weather|none
|-heal|p1a: Jimmy Butler|71/100 par|[from] item: Leftovers
|-heal|p2a: Gholdengo|63/100|[from] item: Leftovers
|turn|18
|
|move|p1a: Jimmy Butler|Stored Power|p2a: Gholdengo
|-resisted|p2a: Gholdengo
|-damage|p2a: Gholdengo|17/100
|move|p2a: Gholdengo|Hex|p1a: Jimmy Butler
|-damage|p1a: Jimmy Butler|21/100 par
|
|-heal|p1a: Jimmy Butler|27/100 par|[from] item: Leftovers
|-heal|p2a: Gholdengo|24/100|[from] item: Leftovers
|turn|19
|
|cant|p1a: Jimmy Butler|par
|move|p2a: Gholdengo|Hex|p1a: Jimmy Butler
|-damage|p1a: Jimmy Butler|0 fnt
|faint|p1a: Jimmy Butler
|
|-heal|p2a: Gholdengo|30/100|[from] item: Leftovers
|
|switch|p1a: Erik Spoelstra|Enamorus, F|59/100
|turn|20
|
|switch|p2a: Pelipe|Pelipper, M, shiny|17/100
|-weather|RainDance|[from] ability: Drizzle|[of] p2a: Pelipe
|move|p1a: Erik Spoelstra|Earth Power|p2a: Pelipe
|-immune|p2a: Pelipe
|
|-weather|RainDance|[upkeep]
|turn|21
|
|switch|p1a: Max Strus|Sneasler, M|100/100
|-sideend|p1: p1|move: Toxic Spikes|[of] p1a: Max Strus
|switch|p2a: LINK|Amoonguss, M, shiny|100/100
|
|-weather|RainDance|[upkeep]
|turn|22
|
|switch|p1a: Caleb Martin|Azumarill, F|74/100
|move|p2a: LINK|Spore|p1a: Caleb Martin
|-status|p1a: Caleb Martin|slp|[from] move: Spore
|
|-weather|RainDance|[upkeep]
|-heal|p1a: Caleb Martin|80/100 slp|[from] item: Leftovers
|turn|23
|
|switch|p1a: Max Strus|Sneasler, M|100/100
|move|p2a: LINK|Sludge Bomb|p1a: Max Strus
|-resisted|p1a: Max Strus
|-damage|p1a: Max Strus|81/100
|
|-weather|RainDance|[upkeep]
|turn|24
|
|move|p1a: Max Strus|Acrobatics|p2a: LINK
|-supereffective|p2a: LINK
|-damage|p2a: LINK|67/100
|-enditem|p2a: LINK|Eject Button
|
|switch|p2a: Basculegion|Basculegion-F, F|77/100
|
|-weather|RainDance|[upkeep]
|turn|25
|
|switch|p1a: Caleb Martin|Azumarill, F|80/100 slp
|move|p2a: Basculegion|Surf|p1a: Caleb Martin
|-resisted|p1a: Caleb Martin
|-damage|p1a: Caleb Martin|34/100 slp
|
|-weather|RainDance|[upkeep]
|-heal|p1a: Caleb Martin|40/100 slp|[from] item: Leftovers
|turn|26
|
|cant|p1a: Caleb Martin|slp
|move|p2a: Basculegion|Surf|p1a: Caleb Martin
|-resisted|p1a: Caleb Martin
|-damage|p1a: Caleb Martin|0 fnt
|faint|p1a: Caleb Martin
|
|-weather|RainDance|[upkeep]
|
|switch|p1a: Erik Spoelstra|Enamorus, F|59/100
|turn|27
|
|move|p2a: Basculegion|Surf|p1a: Erik Spoelstra
|-damage|p1a: Erik Spoelstra|0 fnt
|faint|p1a: Erik Spoelstra
|
|-weather|none
|
|switch|p1a: Gabe Vincent|Arcanine-Hisui, M|100/100
|turn|28
|
|switch|p2a: Pelipe|Pelipper, M, shiny|17/100
|-weather|RainDance|[from] ability: Drizzle|[of] p2a: Pelipe
|move|p1a: Gabe Vincent|Flare Blitz|p2a: Pelipe
|-resisted|p2a: Pelipe
|-damage|p2a: Pelipe|2/100
|
|-weather|RainDance|[upkeep]
|turn|29
|
|switch|p2a: RAM & SLAM|Great Tusk, shiny|100/100
|move|p1a: Gabe Vincent|Flare Blitz|p2a: RAM & SLAM
|-damage|p2a: RAM & SLAM|77/100
|
|-weather|RainDance|[upkeep]
|-heal|p2a: RAM & SLAM|83/100|[from] item: Leftovers
|turn|30
|
|switch|p1a: Bam Adebayo|Great Tusk|100/100
|-end|p2a: RAM & SLAM|Protosynthesis|[silent]
|switch|p2a: Basculegion|Basculegion-F, F|77/100
|
|-weather|RainDance|[upkeep]
|turn|31
|
|-terastallize|p2a: Basculegion|Water
|move|p2a: Basculegion|Surf|p1a: Bam Adebayo
|-supereffective|p1a: Bam Adebayo
|-damage|p1a: Bam Adebayo|0 fnt
|faint|p1a: Bam Adebayo
|-end|p1a: Bam Adebayo|Protosynthesis|[silent]
|
|-weather|RainDance|[upkeep]
|
|switch|p1a: Gabe Vincent|Arcanine-Hisui, M|100/100
|turn|32
|
|move|p1a: Gabe Vincent|Extreme Speed|p2a: Basculegion
|-damage|p2a: Basculegion|25/100
|move|p2a: Basculegion|Surf|p1a: Gabe Vincent
|-supereffective|p1a: Gabe Vincent
|-damage|p1a: Gabe Vincent|0 fnt
|faint|p1a: Gabe Vincent
|
|-weather|RainDance|[upkeep]
|
|switch|p1a: Max Strus|Sneasler, M|81/100
|turn|33
|
|move|p1a: Max Strus|Fake Out|p2a: Basculegion
|-enditem|p1a: Max Strus|Normal Gem|[from] gem
|-damage|p2a: Basculegion|2/100
|cant|p2a: Basculegion|flinch
|
|-weather|RainDance|[upkeep]
|turn|34
|
|switch|p2a: RAM & SLAM|Great Tusk, shiny|83/100
|move|p1a: Max Strus|Acrobatics|p2a: RAM & SLAM
|-supereffective|p2a: RAM & SLAM
|-damage|p2a: RAM & SLAM|38/100
|
|-weather|RainDance|[upkeep]
|-heal|p2a: RAM & SLAM|45/100|[from] item: Leftovers
|turn|35
|
|move|p1a: Max Strus|Acrobatics|p2a: RAM & SLAM
|-supereffective|p2a: RAM & SLAM
|-damage|p2a: RAM & SLAM|2/100
|move|p2a: RAM & SLAM|Earthquake|p1a: Max Strus
|-supereffective|p1a: Max Strus
|-damage|p1a: Max Strus|0 fnt
|faint|p1a: Max Strus
|
|win|p2
