|poke|p1|Zamazenta-*|
|poke|p1|Urshifu-*, M|
|poke|p1|Kleavor, M|
|poke|p1|Great Tusk|
|poke|p1|Chien-Pao|
|poke|p1|Iron Moth|
|poke|p2|Chien-Pao|
|poke|p2|Landorus-Therian, M|
|poke|p2|Kingambit, M|
|poke|p2|Zamazenta-*|
|poke|p2|Arcanine-Hisui, M|
|poke|p2|Thundurus-Therian, M|
|teampreview
|
|start
|switch|p1a: Rockreaper|Kleavor, M|100/100
|switch|p2a: Landorus|Landorus-Therian, M|100/100
|-ability|p2a: Landorus|Intimidate|boost
|-unboost|p1a: Rockreaper|atk|1
|turn|1
|
|move|p1a: Rockreaper|Stone Axe|p2a: Landorus
|-damage|p2a: Landorus|61/100
|-sidestart|p2: 5EternalNoob5|move: Stealth Rock
|move|p2a: Landorus|Earthquake|p1a: Rockreaper
|-damage|p1a: Rockreaper|43/100
|
|-heal|p2a: Landorus|67/100|[from] item: Leftovers
|turn|2
|
|switch|p1a: Urshifu|Urshifu-Rapid-Strike, M|100/100
|move|p2a: Landorus|Earthquake|p1a: Urshifu
|-damage|p1a: Urshifu|51/100
|
|-heal|p2a: Landorus|73/100|[from] item: Leftovers
|turn|3
|
|switch|p2a: Thundurus|Thundurus-Therian, M|100/100
|-damage|p2a: Thundurus|76/100|[from] Stealth Rock
|move|p1a: Urshifu|Surging Strikes|p2a: Thundurus
|-crit|p2a: Thundurus
|-damage|p2a: Thundurus|43/100
|-crit|p2a: Thundurus
|-damage|p2a: Thundurus|9/100
|-crit|p2a: Thundurus
|-damage|p2a: Thundurus|0 fnt
|faint|p2a: Thundurus
|-hitcount|p2: Thundurus|3
|
|
|switch|p2a: Zamazenta|Zamazenta|100/100
|-damage|p2a: Zamazenta|94/100|[from] Stealth Rock
|-ability|p2a: Zamazenta|Dauntless Shield|boost
|-boost|p2a: Zamazenta|def|1
|turn|4
|
|move|p2a: Zamazenta|Wild Charge|p1a: Urshifu
|-supereffective|p1a: Urshifu
|-damage|p1a: Urshifu|0 fnt
|faint|p1a: Urshifu
|-damage|p2a: Zamazenta|81/100|[from] Recoil
|-damage|p2a: Zamazenta|71/100|[from] item: Life Orb
|
|
|switch|p1a: Landorus-Tusk|Great Tusk|100/100
|turn|5
|
|move|p2a: Zamazenta|Play Rough|p1a: Landorus-Tusk
|-supereffective|p1a: Landorus-Tusk
|-damage|p1a: Landorus-Tusk|40/100
|-damage|p2a: Zamazenta|61/100|[from] item: Life Orb
|move|p1a: Landorus-Tusk|Rapid Spin|p2a: Zamazenta
|-damage|p2a: Zamazenta|50/100
|-boost|p1a: Landorus-Tusk|spe|1
|
|-heal|p1a: Landorus-Tusk|46/100|[from] item: Leftovers
|turn|6
|
|move|p1a: Landorus-Tusk|Earthquake|p2a: Zamazenta
|-damage|p2a: Zamazenta|20/100
|move|p2a: Zamazenta|Play Rough|p1a: Landorus-Tusk
|-supereffective|p1a: Landorus-Tusk
|-damage|p1a: Landorus-Tusk|0 fnt
|faint|p1a: Landorus-Tusk
|-end|p1a: Landorus-Tusk|Protosynthesis|[silent]
|-damage|p2a: Zamazenta|10/100|[from] item: Life Orb
|
|
|switch|p1a: Zamazenta|Zamazenta-Crowned|100/100
|-ability|p1a: Zamazenta|Dauntless Shield|boost
|-boost|p1a: Zamazenta|def|1
|turn|7
|
|switch|p2a: Landorus|Landorus-Therian, M|73/100
|-damage|p2a: Landorus|61/100|[from] Stealth Rock
|-ability|p2a: Landorus|Intimidate|boost
|-unboost|p1a: Zamazenta|atk|1
|move|p1a: Zamazenta|Body Press|p2a: Landorus
|-resisted|p2a: Landorus
|-damage|p2a: Landorus|41/100
|
|-heal|p2a: Landorus|47/100|[from] item: Leftovers
|turn|8
|
|move|p1a: Zamazenta|Iron Defense|p1a: Zamazenta
|-boost|p1a: Zamazenta|def|2
|move|p2a: Landorus|Taunt|p1a: Zamazenta
|-start|p1a: Zamazenta|move: Taunt
|
|-heal|p2a: Landorus|53/100|[from] item: Leftovers
|turn|9
|
|move|p1a: Zamazenta|Body Press|p2a: Landorus
|-resisted|p2a: Landorus
|-damage|p2a: Landorus|21/100
|move|p2a: Landorus|Earthquake|p1a: Zamazenta
|-supereffective|p1a: Zamazenta
|-damage|p1a: Zamazenta|77/100
|
|-heal|p2a: Landorus|27/100|[from] item: Leftovers
|turn|10
|
|move|p1a: Zamazenta|Body Press|p2a: Landorus
|-resisted|p2a: Landorus
|-damage|p2a: Landorus|0 fnt
|faint|p2a: Landorus
|
|
|switch|p2a: Chien-Pao|Chien-Pao|100/100
|-ability|p2a: Chien-Pao|Sword of Ruin
|turn|11
|
|move|p2a: Chien-Pao|Sacred Sword|p1a: Zamazenta
|-supereffective|p1a: Zamazenta
|-damage|p1a: Zamazenta|27/100
|move|p1a: Zamazenta|Body Press|p2a: Chien-Pao
|-supereffective|p2a: Chien-Pao
|-damage|p2a: Chien-Pao|0 fnt
|faint|p2a: Chien-Pao
|
|-end|p1a: Zamazenta|move: Taunt
|
|switch|p2a: Arcanine|Arcanine-Hisui, M|100/100
|-damage|p2a: Arcanine|76/100|[from] Stealth Rock
|turn|12
|
|move|p2a: Arcanine|Flare Blitz|p1a: Zamazenta
|-supereffective|p1a: Zamazenta
|-damage|p1a: Zamazenta|0 fnt
|faint|p1a: Zamazenta
|
|
|switch|p1a: Queen|Iron Moth, shiny|100/100
|turn|13
|
|switch|p2a: Zamazenta|Zamazenta|10/100
|-damage|p2a: Zamazenta|4/100|[from] Stealth Rock
|move|p1a: Queen|Sludge Wave|p2a: Zamazenta
|-damage|p2a: Zamazenta|0 fnt
|faint|p2a: Zamazenta
|
|
|switch|p2a: Arcanine|Arcanine-Hisui, M|76/100
|-damage|p2a: Arcanine|51/100|[from] Stealth Rock
|turn|14
|
|-end|p1a: Queen|Quark Drive|[silent]
|switch|p1a: Rockreaper|Kleavor, M|43/100
|move|p2a: Arcanine|Head Smash|p1a: Rockreaper
|-supereffective|p1a: Rockreaper
|-damage|p1a: Rockreaper|0 fnt
|faint|p1a: Rockreaper
|
|
|switch|p1a: Queen|Iron Moth, shiny|100/100
|turn|15
|
|-terastallize|p1a: Queen|Grass
|move|p2a: Arcanine|Head Smash|p1a: Queen
|-damage|p1a: Queen|0 fnt
|faint|p1a: Queen
|-end|p1a: Queen|Quark Drive|[silent]
|
|
|switch|p1a: Snowball|Chien-Pao|100/100
|-ability|p1a: Snowball|Sword of Ruin
|turn|16
|
|move|p1a: Snowball|Sucker Punch|p2a: Arcanine
|-damage|p2a: Arcanine|0 fnt
|faint|p2a: Arcanine
|
|
|switch|p2a: Kingambit|Kingambit, M|100/100
|-damage|p2a: Kingambit|94/100|[from] Stealth Rock
|-activate|p2a: Kingambit|ability: Supreme Overlord
|-start|p2a: Kingambit|fallen5|[silent]
|turn|17
|
|move|p1a: Snowball|Sucker Punch|p2a: Kingambit
|-resisted|p2a: Kingambit
|-damage|p2a: Kingambit|68/100
|move|p2a: Kingambit|Kowtow Cleave|p1a: Snowball
|-resisted|p1a: Snowball
|-damage|p1a: Snowball|44/100
|
|turn|18
|
|move|p1a: Snowball|Sucker Punch|p2a: Kingambit
|-resisted|p2a: Kingambit
|-damage|p2a: Kingambit|40/100
|move|p2a: Kingambit|Sucker Punch||[still]
|-fail|p2a: Kingambit
|
|turn|19
|
|move|p1a: Snowball|Sucker Punch|p2a: Kingambit
|-resisted|p2a: Kingambit
|-damage|p2a: Kingambit|15/100
|move|p2a: Kingambit|Kowtow Cleave|p1a: Snowball
|-resisted|p1a: Snowball
|-damage|p1a: Snowball|0 fnt
|faint|p1a: Snowball
|
|win|5EternalNoob5
