# advantage = p2
|poke|p1|Chien-Pao|
|poke|p1|Scizor, F|
|poke|p1|Sneasler, F|
|poke|p1|Zoroark-Hisui, F|
|poke|p1|Rotom-Wash|
|poke|p1|Dragonite, M|
|poke|p2|Pelipper, F|
|poke|p2|Basculegion, M|
|poke|p2|Overqwil, M|
|poke|p2|Rillaboom, F|
|poke|p2|Sneasler, M|
|poke|p2|Magearna|
|teampreview
|
|start
|switch|p1a: Sneasler|Sneasler, F|100/100
|switch|p2a: Pelipper|Pelipper, F|100/100
|-item|p1a: Sneasler|Air Balloon
|-weather|RainDance|[from] ability: Drizzle|[of] p2a: Pelipper
|turn|1
|
|move|p1a: Sneasler|Fake Out|p2a: Pelipper
|-damage|p2a: Pelipper|89/100
|cant|p2a: Pelipper|flinch
|
|-weather|RainDance|[upkeep]
|turn|2
|
|move|p1a: Sneasler|U-turn|p2a: Pelipper
|-resisted|p2a: Pelipper
|-damage|p2a: Pelipper|80/100
|
|switch|p1a: Rotom|Rotom-Wash|100/100|[from] U-turn
|move|p2a: Pelipper|U-turn|p1a: Rotom
|-damage|p1a: Rotom|91/100
|
|switch|p2a: Rillaboom|Rillaboom, F|100/100|[from] U-turn
|-fieldstart|move: Grassy Terrain|[from] ability: Grassy Surge|[of] p2a: Rillaboom
|
|-weather|RainDance|[upkeep]
|-heal|p1a: Rotom|97/100|[from] item: Leftovers
|turn|3
|
|move|p1a: Rotom|Protect|p1a: Rotom
|-singleturn|p1a: Rotom|Protect
|move|p2a: Rillaboom|U-turn|p1a: Rotom
|-activate|p1a: Rotom|move: Protect
|
|-weather|RainDance|[upkeep]
|-heal|p1a: Rotom|100/100|[from] item: Leftovers
|turn|4
|
|move|p1a: Rotom|Thunder Wave|p2a: Rillaboom
|-status|p2a: Rillaboom|par
|move|p2a: Rillaboom|Wood Hammer|p1a: Rotom
|-supereffective|p1a: Rotom
|-crit|p1a: Rotom
|-damage|p1a: Rotom|0 fnt
|faint|p1a: Rotom
|-damage|p2a: Rillaboom|76/100 par|[from] Recoil
|
|-weather|RainDance|[upkeep]
|-heal|p2a: Rillaboom|82/100 par|[from] Grassy Terrain
|
|switch|p1a: Dragonite|Dragonite, M|100/100
|turn|5
|
|move|p1a: Dragonite|Dragon Dance|p1a: Dragonite
|-boost|p1a: Dragonite|atk|1
|-boost|p1a: Dragonite|spe|1
|move|p2a: Rillaboom|U-turn|p1a: Dragonite
|-resisted|p1a: Dragonite
|-damage|p1a: Dragonite|94/100
|
|switch|p2a: Magearna|Magearna|100/100|[from] U-turn
|
|-weather|RainDance|[upkeep]
|turn|6
|
|move|p1a: Dragonite|Earthquake|p2a: Magearna
|-supereffective|p2a: Magearna
|-damage|p2a: Magearna|61/100
|move|p2a: Magearna|Fleur Cannon|p1a: Dragonite
|-supereffective|p1a: Dragonite
|-damage|p1a: Dragonite|0 fnt
|-unboost|p2a: Magearna|spa|2
|faint|p1a: Dragonite
|-ability|p2a: Magearna|Soul-Heart|boost
|-boost|p2a: Magearna|spa|1
|
|-weather|RainDance|[upkeep]
|-heal|p2a: Magearna|67/100|[from] Grassy Terrain
|-fieldend|move: Grassy Terrain
|
|switch|p1a: Chien-Pao|Chien-Pao|100/100
|turn|7
|
|move|p1a: Chien-Pao|Flamethrower|p2a: Magearna
|-supereffective|p2a: Magearna
|-damage|p2a: Magearna|35/100
|-enditem|p2a: Magearna|Sitrus Berry|[eat]
|-heal|p2a: Magearna|60/100|[from] item: Sitrus Berry
|-damage|p1a: Chien-Pao|91/100|[from] item: Life Orb
|move|p2a: Magearna|Aura Sphere|p1a: Chien-Pao
|-immune|p1a: Chien-Pao
|
|-weather|RainDance|[upkeep]
|turn|8
|
|move|p1a: Chien-Pao|Flamethrower|p2a: Magearna
|-supereffective|p2a: Magearna
|-damage|p2a: Magearna|29/100
|-damage|p1a: Chien-Pao|81/100|[from] item: Life Orb
|move|p2a: Magearna|Volt Switch|p1a: Chien-Pao
|-damage|p1a: Chien-Pao|55/100
|replace|p1a: Zoroark|Zoroark-Hisui, F
|-end|p1a: Zoroark|Illusion
|
|switch|p2a: Rillaboom|Rillaboom, F|82/100 par|[from] Volt Switch
|-fieldstart|move: Grassy Terrain|[from] ability: Grassy Surge|[of] p2a: Rillaboom
|
|-weather|none
|-heal|p1a: Zoroark|61/100|[from] Grassy Terrain
|-heal|p2a: Rillaboom|88/100 par|[from] Grassy Terrain
|turn|9
|
|switch|p2a: Pelipper|Pelipper, F|80/100
|-weather|RainDance|[from] ability: Drizzle|[of] p2a: Pelipper
|move|p1a: Zoroark|Flamethrower|p2a: Pelipper
|-resisted|p2a: Pelipper
|-damage|p2a: Pelipper|66/100
|-damage|p1a: Zoroark|51/100|[from] item: Life Orb
|
|-weather|RainDance|[upkeep]
|-heal|p1a: Zoroark|57/100|[from] Grassy Terrain
|turn|10
|
|move|p1a: Zoroark|Bitter Malice|p2a: Pelipper
|-damage|p2a: Pelipper|0 fnt
|faint|p2a: Pelipper
|-damage|p1a: Zoroark|47/100|[from] item: Life Orb
|
|-weather|RainDance|[upkeep]
|-heal|p1a: Zoroark|53/100|[from] Grassy Terrain
|
|switch|p2a: Sneasler|Sneasler, M|100/100
|-enditem|p2a: Sneasler|Grassy Seed
|-boost|p2a: Sneasler|def|1|[from] item: Grassy Seed
|turn|11
|
|move|p2a: Sneasler|Night Slash|p1a: Zoroark
|-supereffective|p1a: Zoroark
|-damage|p1a: Zoroark|0 fnt
|faint|p1a: Zoroark
|
|-weather|RainDance|[upkeep]
|
|switch|p1a: Scizor|Scizor, F|100/100
|turn|12
|
|move|p1a: Scizor|Bullet Punch|p2a: Sneasler
|-damage|p2a: Sneasler|40/100
|move|p2a: Sneasler|Swords Dance|p2a: Sneasler
|-boost|p2a: Sneasler|atk|2
|
|-weather|RainDance|[upkeep]
|-heal|p2a: Sneasler|46/100|[from] Grassy Terrain
|-fieldend|move: Grassy Terrain
|turn|13
|
|move|p1a: Scizor|Bullet Punch|p2a: Sneasler
|-damage|p2a: Sneasler|0 fnt
|faint|p2a: Sneasler
|
|-weather|RainDance|[upkeep]
|
|switch|p2a: Rillaboom|Rillaboom, F|88/100 par
|-fieldstart|move: Grassy Terrain|[from] ability: Grassy Surge|[of] p2a: Rillaboom
|turn|14
|
|move|p1a: Scizor|Bullet Punch|p2a: Rillaboom
|-damage|p2a: Rillaboom|43/100 par
|move|p2a: Rillaboom|Knock Off|p1a: Scizor
|-damage|p1a: Scizor|70/100
|-enditem|p1a: Scizor|Choice Band|[from] move: Knock Off|[of] p2a: Rillaboom
|
|-weather|RainDance|[upkeep]
|-heal|p1a: Scizor|76/100|[from] Grassy Terrain
|-heal|p2a: Rillaboom|49/100 par|[from] Grassy Terrain
|turn|15
|n|!p2|p2
|
|move|p1a: Scizor|U-turn|p2a: Rillaboom
|-supereffective|p2a: Rillaboom
|-damage|p2a: Rillaboom|0 fnt
|faint|p2a: Rillaboom
|
|switch|p1a: Sneasler|Sneasler, F|100/100|[from] U-turn
|-item|p1a: Sneasler|Air Balloon
|
|-weather|RainDance|[upkeep]
|
|switch|p2a: Basculegion|Basculegion, M|100/100
|turn|16
|
|move|p2a: Basculegion|Liquidation|p1a: Sneasler
|-damage|p1a: Sneasler|0 fnt
|-enditem|p1a: Sneasler|Air Balloon
|faint|p1a: Sneasler
|
|-weather|none
|
|switch|p1a: Scizor|Scizor, F|76/100
|turn|17
|
|switch|p2a: Magearna|Magearna|29/100
|move|p1a: Scizor|Bullet Punch|p2a: Magearna
|-crit|p2a: Magearna
|-damage|p2a: Magearna|0 fnt
|faint|p2a: Magearna
|
|-heal|p1a: Scizor|82/100|[from] Grassy Terrain
|player|p2|
|-message|p2 lost due to inactivity.
|
|win|p1
