|poke|p1|Heracross, M|
|poke|p1|Zoroark-Hisui, M|
|poke|p1|Greninja, F|
|poke|p1|Dragonite, M|
|poke|p1|Great Tusk|
|poke|p1|Gholdengo|
|poke|p2|Basculegion, M|
|poke|p2|Pelipper, F|
|poke|p2|Tornadus-Therian, M|
|poke|p2|Amoonguss, F|
|poke|p2|Qwilfish-Hisui, M|
|poke|p2|Urshifu-*, F|
|teampreview
|
|start
|switch|p1a: Heracross|Heracross, M|100/100
|switch|p2a: Pelipper|Pelipper, F, shiny|100/100
|-weather|RainDance|[from] ability: Drizzle|[of] p2a: Pelipper
|turn|1
|
|switch|p2a: Qwilfish|Qwilfish-Hisui, M, shiny|100/100
|move|p1a: Heracross|Megahorn|p2a: Qwilfish
|-damage|p2a: Qwilfish|56/100
|
|-weather|RainDance|[upkeep]
|turn|2
|
|move|p2a: Qwilfish|Spikes|p1a: Heracross
|-sidestart|p1: vStar9k|Spikes
|move|p1a: Heracross|Earthquake|p2a: Qwilfish
|-supereffective|p2a: Qwilfish
|-damage|p2a: Qwilfish|2/100
|
|-weather|RainDance|[upkeep]
|turn|3
|
|move|p2a: Qwilfish|Destiny Bond|p2a: Qwilfish
|-singlemove|p2a: Qwilfish|Destiny Bond
|move|p1a: Heracross|Trailblaze|p2a: Qwilfish
|-resisted|p2a: Qwilfish
|-damage|p2a: Qwilfish|0 fnt
|-boost|p1a: Heracross|spe|1
|faint|p2a: Qwilfish
|-activate|p2a: Qwilfish|move: Destiny Bond
|faint|p1a: Heracross
|
|-weather|RainDance|[upkeep]
|
|switch|p1a: Great Tusk|Great Tusk|100/100
|switch|p2a: Amoonguss|Amoonguss, F, shiny|100/100
|-damage|p1a: Great Tusk|88/100|[from] Spikes
|turn|4
|
|move|p1a: Great Tusk|Rapid Spin|p2a: Amoonguss
|-damage|p2a: Amoonguss|86/100
|-boost|p1a: Great Tusk|spe|1
|-damage|p1a: Great Tusk|71/100|[from] item: Rocky Helmet|[of] p2a: Amoonguss
|-sideend|p1: vStar9k|Spikes|[from] move: Rapid Spin|[of] p1a: Great Tusk
|move|p2a: Amoonguss|Giga Drain|p1a: Great Tusk
|-supereffective|p1a: Great Tusk
|-damage|p1a: Great Tusk|34/100
|-heal|p2a: Amoonguss|100/100|[from] drain|[of] p1a: Great Tusk
|
|-weather|RainDance|[upkeep]
|turn|5
|
|move|p1a: Great Tusk|Ice Spinner|p2a: Amoonguss
|-supereffective|p2a: Amoonguss
|-damage|p2a: Amoonguss|49/100
|-damage|p1a: Great Tusk|18/100|[from] item: Rocky Helmet|[of] p2a: Amoonguss
|move|p2a: Amoonguss|Giga Drain|p1a: Great Tusk
|-supereffective|p1a: Great Tusk
|-damage|p1a: Great Tusk|0 fnt
|-heal|p2a: Amoonguss|58/100|[from] drain|[of] p1a: Great Tusk
|faint|p1a: Great Tusk
|-end|p1a: Great Tusk|Protosynthesis|[silent]
|
|-weather|none
|
|switch|p1a: Gholdengo|Gholdengo|100/100
|turn|6
|
|switch|p2a: Pelipper|Pelipper, F, shiny|100/100
|-weather|RainDance|[from] ability: Drizzle|[of] p2a: Pelipper
|move|p1a: Gholdengo|Thunder Wave|p2a: Pelipper
|-status|p2a: Pelipper|par
|
|-weather|RainDance|[upkeep]
|turn|7
|
|switch|p2a: Urshifu|Urshifu-Rapid-Strike, F|100/100
|move|p1a: Gholdengo|Nasty Plot|p1a: Gholdengo
|-boost|p1a: Gholdengo|spa|2
|
|-weather|RainDance|[upkeep]
|turn|8
|
|-terastallize|p2a: Urshifu|Water
|move|p2a: Urshifu|Surging Strikes|p1a: Gholdengo
|-crit|p1a: Gholdengo
|-damage|p1a: Gholdengo|45/100
|-crit|p1a: Gholdengo
|-damage|p1a: Gholdengo|0 fnt
|faint|p1a: Gholdengo
|-hitcount|p1: Gholdengo|2
|-damage|p2a: Urshifu|91/100|[from] item: Life Orb
|
|-weather|RainDance|[upkeep]
|
|switch|p1a: Greninja|Greninja, F|100/100
|turn|9
|
|switch|p2a: Amoonguss|Amoonguss, F, shiny|91/100
|move|p1a: Greninja|Nasty Plot|p1a: Greninja
|-boost|p1a: Greninja|spa|2
|
|-weather|RainDance|[upkeep]
|turn|10
|
|move|p1a: Greninja|Nasty Plot|p1a: Greninja
|-boost|p1a: Greninja|spa|2
|move|p2a: Amoonguss|Giga Drain|p1a: Greninja
|-damage|p1a: Greninja|53/100
|-heal|p2a: Amoonguss|100/100|[from] drain|[of] p1a: Greninja
|replace|p1a: Zoroark|Zoroark-Hisui, M
|-end|p1a: Zoroark|Illusion
|
|-weather|none
|turn|11
|
|move|p1a: Zoroark|Flamethrower|p2a: Amoonguss
|-supereffective|p2a: Amoonguss
|-damage|p2a: Amoonguss|0 fnt
|faint|p2a: Amoonguss
|-damage|p1a: Zoroark|44/100|[from] item: Life Orb
|
|
|switch|p2a: Basculegion|Basculegion, M, shiny|100/100
|turn|12
|
|move|p2a: Basculegion|Wave Crash|p1a: Zoroark
|-damage|p1a: Zoroark|0 fnt
|faint|p1a: Zoroark
|-damage|p2a: Basculegion|91/100|[from] Recoil
|
|
|switch|p1a: Greninja|Greninja, F|100/100
|turn|13
|
|switch|p2a: Pelipper|Pelipper, F, shiny|100/100 par
|-weather|RainDance|[from] ability: Drizzle|[of] p2a: Pelipper
|move|p1a: Greninja|Dark Pulse|p2a: Pelipper
|-start|p1a: Greninja|typechange|Dark|[from] ability: Protean
|-damage|p2a: Pelipper|36/100 par
|-damage|p1a: Greninja|91/100|[from] item: Life Orb
|
|-weather|RainDance|[upkeep]
|turn|14
|
|move|p1a: Greninja|Dark Pulse|p2a: Pelipper
|-damage|p2a: Pelipper|0 fnt
|faint|p2a: Pelipper
|-damage|p1a: Greninja|81/100|[from] item: Life Orb
|
|-weather|RainDance|[upkeep]
|
|switch|p2a: Basculegion|Basculegion, M, shiny|91/100
|turn|15
|
|move|p2a: Basculegion|Wave Crash|p1a: Greninja
|-damage|p1a: Greninja|0 fnt
|faint|p1a: Greninja
|-damage|p2a: Basculegion|71/100|[from] Recoil
|
|-weather|RainDance|[upkeep]
|
|switch|p1a: Dragonite|Dragonite, M|100/100
|turn|16
|
|move|p2a: Basculegion|Wave Crash|p1a: Dragonite
|-resisted|p1a: Dragonite
|-damage|p1a: Dragonite|69/100
|-damage|p2a: Basculegion|62/100|[from] Recoil
|move|p1a: Dragonite|Dragon Dance|p1a: Dragonite
|-boost|p1a: Dragonite|atk|1
|-boost|p1a: Dragonite|spe|1
|
|-weather|RainDance|[upkeep]
|turn|17
|
|move|p2a: Basculegion|Wave Crash|p1a: Dragonite
|-resisted|p1a: Dragonite
|-damage|p1a: Dragonite|7/100
|-damage|p2a: Basculegion|45/100|[from] Recoil
|move|p1a: Dragonite|Dragon Dance|p1a: Dragonite
|-boost|p1a: Dragonite|atk|1
|-boost|p1a: Dragonite|spe|1
|
|-weather|none
|turn|18
|
|move|p1a: Dragonite|Dragon Claw|p2a: Basculegion
|-damage|p2a: Basculegion|0 fnt
|faint|p2a: Basculegion
|
|
|switch|p2a: Urshifu|Urshifu-Rapid-Strike, F, tera:Water|91/100
|turn|19
|
|-terastallize|p1a: Dragonite|Normal
|move|p1a: Dragonite|Extreme Speed|p2a: Urshifu
|-damage|p2a: Urshifu|0 fnt
|faint|p2a: Urshifu
|
|
|switch|p2a: Tornadus|Tornadus-Therian, M, shiny|100/100
|turn|20
|
|move|p1a: Dragonite|Extreme Speed|p2a: Tornadus
|-damage|p2a: Tornadus|0 fnt
|faint|p2a: Tornadus
|
|win|vStar9k
