# advantage = p1
|poke|p1|Zamazenta-*|
|poke|p1|Basculegion, M|
|poke|p1|Arcanine-Hisui, M|
|poke|p1|Electrode-Hisui|
|poke|p1|Braviary-Hisui, M|
|poke|p1|Decidueye-Hisui, M|
|poke|p2|Basculegion, M|
|poke|p2|Pelipper, F|
|poke|p2|Gholdengo|
|poke|p2|Great Tusk|
|poke|p2|Clodsire, F|
|poke|p2|Meowscarada, M|
|teampreview
|
|start
|switch|p1a: Electrode|Electrode-Hisui, shiny|100/100
|switch|p2a: Ghost face killah|Gholdengo|100/100
|-item|p2a: Ghost face killah|Air Balloon
|turn|1
|
|move|p1a: Electrode|Volt Switch|p2a: Ghost face killah
|-damage|p2a: Ghost face killah|71/100
|-enditem|p2a: Ghost face killah|Air Balloon
|
|switch|p1a: Decidueye|Decidueye-Hisui, M|100/100|[from] Volt Switch
|move|p2a: Ghost face killah|Make It Rain|p1a: Decidueye
|-damage|p1a: Decidueye|41/100
|-unboost|p2a: Ghost face killah|spa|1
|
|-heal|p1a: Decidueye|47/100|[from] item: Leftovers
|turn|2
|
|switch|p2a: Carl|Pelipper, F|100/100
|-weather|RainDance|[from] ability: Drizzle|[of] p2a: Carl
|move|p1a: Decidueye|Roost|p1a: Decidueye
|-heal|p1a: Decidueye|97/100
|-singleturn|p1a: Decidueye|move: Roost
|
|-weather|RainDance|[upkeep]
|-heal|p1a: Decidueye|100/100|[from] item: Leftovers
|turn|3
|
|switch|p1a: Braviary|Braviary-Hisui, M, shiny|100/100
|move|p2a: Carl|Hurricane|p1a: Braviary
|-damage|p1a: Braviary|45/100
|-start|p1a: Braviary|confusion
|
|-weather|RainDance|[upkeep]
|turn|4
|
|-activate|p1a: Braviary|confusion
|move|p1a: Braviary|Esper Wing|p2a: Carl
|-crit|p2a: Carl
|-damage|p2a: Carl|7/100
|-boost|p1a: Braviary|spe|1
|move|p2a: Carl|U-turn|p1a: Braviary
|-damage|p1a: Braviary|33/100
|
|switch|p2a: Prepare your ass|Basculegion, M|100/100|[from] U-turn
|
|-weather|RainDance|[upkeep]
|turn|5
|
|-terastallize|p2a: Prepare your ass|Water
|move|p2a: Prepare your ass|Wave Crash|p1a: Braviary
|-damage|p1a: Braviary|0 fnt
|faint|p1a: Braviary
|-damage|p2a: Prepare your ass|90/100|[from] Recoil
|
|-weather|RainDance|[upkeep]
|
|switch|p1a: Basculegion|Basculegion, M|100/100
|turn|6
|
|switch|p2a: God|Clodsire, F|100/100
|move|p1a: Basculegion|Wave Crash|p2a: God
|-immune|p2a: God|[from] ability: Water Absorb
|
|-weather|RainDance|[upkeep]
|turn|7
|
|switch|p1a: Decidueye|Decidueye-Hisui, M|100/100
|move|p2a: God|Stealth Rock|p1a: Decidueye
|-sidestart|p1: p1|move: Stealth Rock
|
|-weather|RainDance|[upkeep]
|turn|8
|
|switch|p2a: I move first|Meowscarada, M|100/100
|move|p1a: Decidueye|Knock Off|p2a: I move first
|-resisted|p2a: I move first
|-damage|p2a: I move first|74/100
|-enditem|p2a: I move first|Focus Sash|[from] move: Knock Off|[of] p1a: Decidueye
|
|-weather|RainDance|[upkeep]
|turn|9
|
|move|p2a: I move first|U-turn|p1a: Decidueye
|-start|p2a: I move first|typechange|Bug|[from] ability: Protean
|-damage|p1a: Decidueye|55/100
|
|switch|p2a: Dumbo|Great Tusk|100/100|[from] U-turn
|move|p1a: Decidueye|Triple Arrows|p2a: Dumbo
|-damage|p2a: Dumbo|69/100
|
|-weather|none
|-heal|p1a: Decidueye|61/100|[from] item: Leftovers
|turn|10
|
|move|p2a: Dumbo|Ice Spinner|p1a: Decidueye
|-supereffective|p1a: Decidueye
|-damage|p1a: Decidueye|0 fnt
|faint|p1a: Decidueye
|
|
|switch|p1a: Basculegion|Basculegion, M|100/100
|-damage|p1a: Basculegion|88/100|[from] Stealth Rock
|turn|11
|
|-end|p2a: Dumbo|Protosynthesis|[silent]
|switch|p2a: God|Clodsire, F|100/100
|move|p1a: Basculegion|Psychic Fangs|p2a: God
|-supereffective|p2a: God
|-damage|p2a: God|43/100
|
|-heal|p2a: God|49/100|[from] item: Black Sludge
|turn|12
|
|switch|p2a: I move first|Meowscarada, M|74/100
|move|p1a: Basculegion|Psychic Fangs|p2a: I move first
|-immune|p2a: I move first
|
|turn|13
|
|switch|p1a: Electrode|Electrode-Hisui, shiny|100/100
|-damage|p1a: Electrode|88/100|[from] Stealth Rock
|move|p2a: I move first|Knock Off|p1a: Electrode
|-start|p2a: I move first|typechange|Dark|[from] ability: Protean
|-damage|p1a: Electrode|4/100
|-enditem|p1a: Electrode|Leftovers|[from] move: Knock Off|[of] p2a: I move first
|
|turn|14
|
|move|p1a: Electrode|Discharge|p2a: I move first
|-damage|p2a: I move first|23/100
|move|p2a: I move first|Knock Off|p1a: Electrode
|-damage|p1a: Electrode|0 fnt
|-damage|p2a: I move first|0 fnt|[from] ability: Aftermath|[of] p1a: Electrode
|faint|p1a: Electrode
|faint|p2a: I move first
|
|
|switch|p1a: Arcanine|Arcanine-Hisui, M|100/100
|switch|p2a: Ghost face killah|Gholdengo|71/100
|-damage|p1a: Arcanine|76/100|[from] Stealth Rock
|turn|15
|
|switch|p2a: God|Clodsire, F|49/100
|move|p1a: Arcanine|Flare Blitz|p2a: God
|-damage|p2a: God|0 fnt
|faint|p2a: God
|
|
|switch|p2a: Dumbo|Great Tusk|69/100
|turn|16
|
|move|p1a: Arcanine|Flare Blitz|p2a: Dumbo
|-damage|p2a: Dumbo|13/100
|move|p2a: Dumbo|Earthquake|p1a: Arcanine
|-supereffective|p1a: Arcanine
|-damage|p1a: Arcanine|0 fnt
|faint|p1a: Arcanine
|
|
|switch|p1a: Basculegion|Basculegion, M|88/100
|-damage|p1a: Basculegion|76/100|[from] Stealth Rock
|turn|17
|
|move|p1a: Basculegion|Wave Crash|p2a: Dumbo
|-supereffective|p2a: Dumbo
|-damage|p2a: Dumbo|0 fnt
|faint|p2a: Dumbo
|-end|p2a: Dumbo|Protosynthesis|[silent]
|-damage|p1a: Basculegion|72/100|[from] Recoil
|
|
|switch|p2a: Ghost face killah|Gholdengo|71/100
|turn|18
|
|move|p1a: Basculegion|Wave Crash|p2a: Ghost face killah
|-damage|p2a: Ghost face killah|0 fnt
|faint|p2a: Ghost face killah
|-damage|p1a: Basculegion|52/100|[from] Recoil
|
|
|switch|p2a: Carl|Pelipper, F|7/100
|-weather|RainDance|[from] ability: Drizzle|[of] p2a: Carl
|turn|19
|
|move|p2a: Carl|Protect|p2a: Carl
|-singleturn|p2a: Carl|Protect
|move|p1a: Basculegion|Wave Crash|p2a: Carl
|-activate|p2a: Carl|move: Protect
|
|-weather|RainDance|[upkeep]
|turn|20
|
|move|p1a: Basculegion|Wave Crash|p2a: Carl
|-resisted|p2a: Carl
|-damage|p2a: Carl|0 fnt
|faint|p2a: Carl
|-damage|p1a: Basculegion|51/100|[from] Recoil
|
|-weather|RainDance|[upkeep]
|
|switch|p2a: Prepare your ass|Basculegion, M, tera:Water|90/100
|turn|21
|
|move|p2a: Prepare your ass|Wave Crash|p1a: Basculegion
|-resisted|p1a: Basculegion
|-damage|p1a: Basculegion|0 fnt
|faint|p1a: Basculegion
|-damage|p2a: Prepare your ass|74/100|[from] Recoil
|
|-weather|RainDance|[upkeep]
|
|switch|p1a: Zamazenta|Zamazenta|100/100
|-damage|p1a: Zamazenta|94/100|[from] Stealth Rock
|-ability|p1a: Zamazenta|Dauntless Shield|boost
|-boost|p1a: Zamazenta|def|1
|turn|22
|
|move|p2a: Prepare your ass|Wave Crash|p1a: Zamazenta
|-damage|p1a: Zamazenta|0 fnt
|faint|p1a: Zamazenta
|-damage|p2a: Prepare your ass|47/100|[from] Recoil
|
|win|p2
