|poke|p1|Grimmsnarl, M|
|poke|p1|Kingambit, F|
|poke|p1|Lilligant-Hisui, F|
|poke|p1|Chien-Pao|
|poke|p1|Walking Wake|
|poke|p1|Magearna|
|poke|p2|Walking Wake|
|poke|p2|Urshifu-*, F|
|poke|p2|Iron Treads|
|poke|p2|Zamazenta-*|
|poke|p2|Enamorus, F|
|poke|p2|Muk-Alola, F|
|teampreview
|
|start
|switch|p1a: Grimmsnarl|Grimmsnarl, M|100/100
|switch|p2a: Enamorus|Enamorus, F|100/100
|turn|1
|
|move|p1a: Grimmsnarl|Light Screen|p1a: Grimmsnarl
|-sidestart|p1: p1|move: Light Screen
|move|p2a: Enamorus|Taunt|p1a: Grimmsnarl
|-start|p1a: Grimmsnarl|move: Taunt
|
|turn|2
|
|switch|p1a: Kingambit|Kingambit, F|100/100
|move|p2a: Enamorus|Moonblast|p1a: Kingambit
|-damage|p1a: Kingambit|76/100
|-unboost|p1a: Kingambit|spa|1
|
|-heal|p1a: Kingambit|82/100|[from] item: Leftovers
|turn|3
|
|switch|p2a: Zamazenta|Zamazenta|100/100
|-ability|p2a: Zamazenta|Dauntless Shield|boost
|-boost|p2a: Zamazenta|def|1
|-end|p1a: Kingambit|fallenundefined|[silent]
|switch|p1a: Grimmsnarl|Grimmsnarl, M|100/100
|
|turn|4
|
|move|p1a: Grimmsnarl|Taunt|p2a: Zamazenta
|-start|p2a: Zamazenta|move: Taunt
|cant|p2a: Zamazenta|move: Taunt|Iron Defense
|
|turn|5
|
|move|p1a: Grimmsnarl|Reflect|p1a: Grimmsnarl
|-sidestart|p1: p1|Reflect
|move|p2a: Zamazenta|Body Press|p1a: Grimmsnarl
|-damage|p1a: Grimmsnarl|77/100
|
|turn|6
|
|move|p1a: Grimmsnarl|Parting Shot|p2a: Zamazenta
|-unboost|p2a: Zamazenta|atk|1
|-unboost|p2a: Zamazenta|spa|1
|
|switch|p1a: Walking Wake|Walking Wake|100/100|[from] Parting Shot
|-enditem|p1a: Walking Wake|Booster Energy
|-activate|p1a: Walking Wake|ability: Protosynthesis|[fromitem]
|-start|p1a: Walking Wake|protosynthesisspa
|move|p2a: Zamazenta|Body Press|p1a: Walking Wake
|-damage|p1a: Walking Wake|75/100
|
|-end|p2a: Zamazenta|move: Taunt
|turn|7
|
|move|p2a: Zamazenta|Body Press|p1a: Walking Wake
|-damage|p1a: Walking Wake|50/100
|move|p1a: Walking Wake|Agility|p1a: Walking Wake
|-boost|p1a: Walking Wake|spe|2
|
|turn|8
|
|move|p1a: Walking Wake|Hydro Pump|p2a: Zamazenta
|-damage|p2a: Zamazenta|24/100
|move|p2a: Zamazenta|Body Press|p1a: Walking Wake
|-damage|p1a: Walking Wake|26/100
|
|-heal|p2a: Zamazenta|30/100|[from] item: Leftovers
|-sideend|p1: p1|move: Light Screen
|turn|9
|
|move|p1a: Walking Wake|Flamethrower|p2a: Zamazenta
|-damage|p2a: Zamazenta|0 fnt
|faint|p2a: Zamazenta
|
|
|switch|p2a: Muk|Muk-Alola, F|100/100
|turn|10
|
|move|p1a: Walking Wake|Draco Meteor|p2a: Muk
|-damage|p2a: Muk|49/100
|-unboost|p1a: Walking Wake|spa|2
|move|p2a: Muk|Gunk Shot|p1a: Walking Wake
|-damage|p1a: Walking Wake|0 fnt
|faint|p1a: Walking Wake
|-end|p1a: Walking Wake|Protosynthesis|[silent]
|
|
|switch|p1a: Grimmsnarl|Grimmsnarl, M|77/100
|turn|11
|
|move|p1a: Grimmsnarl|Light Screen|p1a: Grimmsnarl
|-sidestart|p1: p1|move: Light Screen
|move|p2a: Muk|Drain Punch|p1a: Grimmsnarl
|-damage|p1a: Grimmsnarl|65/100
|-heal|p2a: Muk|55/100|[from] drain|[of] p1a: Grimmsnarl
|
|turn|12
|
|switch|p2a: Enamorus|Enamorus, F|100/100
|move|p1a: Grimmsnarl|Taunt|p2a: Enamorus
|-start|p2a: Enamorus|move: Taunt
|
|-sideend|p1: p1|Reflect
|turn|13
|
|move|p1a: Grimmsnarl|Reflect|p1a: Grimmsnarl
|-sidestart|p1: p1|Reflect
|move|p2a: Enamorus|Moonblast|p1a: Grimmsnarl
|-supereffective|p1a: Grimmsnarl
|-damage|p1a: Grimmsnarl|14/100
|-unboost|p1a: Grimmsnarl|spa|1
|
|turn|14
|
|move|p1a: Grimmsnarl|Parting Shot|p2a: Enamorus
|-unboost|p2a: Enamorus|atk|1
|-unboost|p2a: Enamorus|spa|1
|
|switch|p1a: Kingambit|Kingambit, F|82/100|[from] Parting Shot
|-activate|p1a: Kingambit|ability: Supreme Overlord
|-start|p1a: Kingambit|fallen1|[silent]
|move|p2a: Enamorus|Earth Power|p1a: Kingambit
|-supereffective|p1a: Kingambit
|-damage|p1a: Kingambit|59/100
|
|-heal|p1a: Kingambit|65/100|[from] item: Leftovers
|-end|p2a: Enamorus|move: Taunt
|turn|15
|
|move|p2a: Enamorus|Taunt|p1a: Kingambit
|-start|p1a: Kingambit|move: Taunt
|cant|p1a: Kingambit|move: Taunt|Swords Dance
|
|-heal|p1a: Kingambit|71/100|[from] item: Leftovers
|turn|16
|
|switch|p2a: Urshifu|Urshifu-Rapid-Strike, F|100/100
|-end|p1a: Kingambit|fallen1|[silent]
|switch|p1a: Grimmsnarl|Grimmsnarl, M|14/100
|
|turn|17
|
|move|p1a: Grimmsnarl|Parting Shot|p2a: Urshifu
|-unboost|p2a: Urshifu|atk|1
|-unboost|p2a: Urshifu|spa|1
|
|switch|p1a: Lilligant|Lilligant-Hisui, F|100/100|[from] Parting Shot
|move|p2a: Urshifu|Swords Dance|p2a: Urshifu
|-boost|p2a: Urshifu|atk|2
|
|turn|18
|
|move|p2a: Urshifu|Close Combat|p1a: Lilligant
|-damage|p1a: Lilligant|35/100
|-unboost|p2a: Urshifu|def|1
|-unboost|p2a: Urshifu|spd|1
|move|p1a: Lilligant|Victory Dance|p1a: Lilligant
|-boost|p1a: Lilligant|atk|1
|-boost|p1a: Lilligant|def|1
|-boost|p1a: Lilligant|spe|1
|
|-sideend|p1: p1|move: Light Screen
|turn|19
|
|switch|p2a: Muk|Muk-Alola, F|55/100
|move|p1a: Lilligant|Leaf Blade|p2a: Muk
|-resisted|p2a: Muk
|-damage|p2a: Muk|0 fnt
|faint|p2a: Muk
|-damage|p1a: Lilligant|25/100|[from] item: Life Orb
|
|
|switch|p2a: Iron Treads|Iron Treads|100/100
|turn|20
|
|move|p1a: Lilligant|Close Combat|p2a: Iron Treads
|-supereffective|p2a: Iron Treads
|-enditem|p2a: Iron Treads|Focus Sash
|-damage|p2a: Iron Treads|1/100
|-unboost|p1a: Lilligant|def|1
|-unboost|p1a: Lilligant|spd|1
|-damage|p1a: Lilligant|15/100|[from] item: Life Orb
|move|p2a: Iron Treads|Iron Head|p1a: Lilligant
|-damage|p1a: Lilligant|0 fnt
|faint|p1a: Lilligant
|
|-sideend|p1: p1|Reflect
|
|switch|p1a: Grimmsnarl|Grimmsnarl, M|14/100
|turn|21
|
|move|p1a: Grimmsnarl|Reflect|p1a: Grimmsnarl
|-sidestart|p1: p1|Reflect
|move|p2a: Iron Treads|Iron Head|p1a: Grimmsnarl
|-supereffective|p1a: Grimmsnarl
|-damage|p1a: Grimmsnarl|0 fnt
|faint|p1a: Grimmsnarl
|
|
|switch|p1a: Magearna|Magearna|100/100
|turn|22
|
|move|p2a: Iron Treads|Earthquake|p1a: Magearna
|-supereffective|p1a: Magearna
|-damage|p1a: Magearna|67/100
|-enditem|p1a: Magearna|Weakness Policy
|-boost|p1a: Magearna|atk|2|[from] item: Weakness Policy
|-boost|p1a: Magearna|spa|2|[from] item: Weakness Policy
|move|p1a: Magearna|Shift Gear|p1a: Magearna
|-boost|p1a: Magearna|spe|2
|-boost|p1a: Magearna|atk|1
|
|turn|23
|
|move|p2a: Iron Treads|Earthquake|p1a: Magearna
|-supereffective|p1a: Magearna
|-damage|p1a: Magearna|29/100
|move|p1a: Magearna|Calm Mind|p1a: Magearna
|-boost|p1a: Magearna|spa|1
|-boost|p1a: Magearna|spd|1
|
|turn|24
|
|move|p2a: Iron Treads|Earthquake|p1a: Magearna
|-supereffective|p1a: Magearna
|-damage|p1a: Magearna|0 fnt
|faint|p1a: Magearna
|
|
|switch|p1a: Kingambit|Kingambit, F|71/100
|-activate|p1a: Kingambit|ability: Supreme Overlord
|-start|p1a: Kingambit|fallen4|[silent]
|turn|25
|
|-terastallize|p1a: Kingambit|Psychic
|move|p2a: Iron Treads|Earthquake|p1a: Kingambit
|-damage|p1a: Kingambit|53/100
|move|p1a: Kingambit|Swords Dance|p1a: Kingambit
|-boost|p1a: Kingambit|atk|2
|
|-heal|p1a: Kingambit|59/100|[from] item: Leftovers
|turn|26
|
|-end|p2a: Iron Treads|Quark Drive|[silent]
|switch|p2a: Urshifu|Urshifu-Rapid-Strike, F|100/100
|move|p1a: Kingambit|Sucker Punch||[still]
|-fail|p1a: Kingambit
|
|-heal|p1a: Kingambit|65/100|[from] item: Leftovers
|turn|27
|
|move|p2a: Urshifu|Surging Strikes|p1a: Kingambit
|-crit|p1a: Kingambit
|-damage|p1a: Kingambit|50/100
|-crit|p1a: Kingambit
|-damage|p1a: Kingambit|34/100
|-crit|p1a: Kingambit
|-damage|p1a: Kingambit|18/100
|-hitcount|p1a: Kingambit|3
|move|p1a: Kingambit|Zen Headbutt|p2a: Urshifu
|-supereffective|p2a: Urshifu
|-damage|p2a: Urshifu|0 fnt
|faint|p2a: Urshifu
|
|-heal|p1a: Kingambit|24/100|[from] item: Leftovers
|
|switch|p2a: Enamorus|Enamorus, F|100/100
|turn|28
|
|move|p2a: Enamorus|Moonblast|p1a: Kingambit
|-damage|p1a: Kingambit|0 fnt
|faint|p1a: Kingambit
|-end|p1a: Kingambit|fallen4|[silent]
|
|-sideend|p1: p1|Reflect
|
|switch|p1a: Chien-Pao|Chien-Pao|100/100
|-ability|p1a: Chien-Pao|Sword of Ruin
|turn|29
|
|move|p1a: Chien-Pao|Icicle Crash|p2a: Enamorus
|-supereffective|p2a: Enamorus
|-damage|p2a: Enamorus|0 fnt
|faint|p2a: Enamorus
|-damage|p1a: Chien-Pao|91/100|[from] item: Life Orb
|
|
|switch|p2a: Walking Wake|Walking Wake|100/100
|-enditem|p2a: Walking Wake|Booster Energy
|-activate|p2a: Walking Wake|ability: Protosynthesis|[fromitem]
|-start|p2a: Walking Wake|protosynthesisspa
|turn|30
|
|-terastallize|p2a: Walking Wake|Fire
|move|p1a: Chien-Pao|Icicle Crash|p2a: Walking Wake
|-resisted|p2a: Walking Wake
|-damage|p2a: Walking Wake|57/100
|-damage|p1a: Chien-Pao|81/100|[from] item: Life Orb
|move|p2a: Walking Wake|Draco Meteor|p1a: Chien-Pao
|-damage|p1a: Chien-Pao|0 fnt
|-unboost|p2a: Walking Wake|spa|2
|faint|p1a: Chien-Pao
|
|win|p2
