|poke|p1|Landorus-Therian, M|
|poke|p1|Chien-Pao|
|poke|p1|Lilligant-Hisui, F|
|poke|p1|Magearna|
|poke|p1|Urshifu-*, F|
|poke|p1|Zamazenta-*|
|poke|p2|Gyarados, F|
|poke|p2|Maushold|
|poke|p2|Muk-Alola, M|
|poke|p2|Thundurus, M|
|poke|p2|Moltres|
|poke|p2|Gallade, M|
|teampreview
|
|start
|switch|p1a: Lilligant|Lilligant-Hisui, F, shiny|100/100
|switch|p2a: Gallade|Gallade, M|100/100
|turn|1
|
|-terastallize|p1a: Lilligant|Steel
|move|p2a: Gallade|Sacred Sword|p1a: Lilligant
|-supereffective|p1a: Lilligant
|-damage|p1a: Lilligant|0 fnt
|faint|p1a: Lilligant
|
|
|switch|p1a: Chien-Pao|Chien-Pao|100/100
|-ability|p1a: Chien-Pao|Sword of Ruin
|turn|2
|
|move|p1a: Chien-Pao|Blizzard|p2a: Gallade
|-damage|p2a: Gallade|44/100
|-damage|p1a: Chien-Pao|91/100|[from] item: Life Orb
|move|p2a: Gallade|Sacred Sword|p1a: Chien-Pao
|-supereffective|p1a: Chien-Pao
|-damage|p1a: Chien-Pao|0 fnt
|faint|p1a: Chien-Pao
|
|
|switch|p1a: Landorus|Landorus-Therian, M, shiny|100/100
|-ability|p1a: Landorus|Intimidate|boost
|-unboost|p2a: Gallade|atk|1
|turn|3
|
|switch|p2a: Moltres|Moltres|100/100
|move|p1a: Landorus|Earth Power|p2a: Moltres
|-immune|p2a: Moltres
|
|turn|4
|
|move|p1a: Landorus|Calm Mind|p1a: Landorus
|-boost|p1a: Landorus|spa|1
|-boost|p1a: Landorus|spd|1
|move|p2a: Moltres|U-turn|p1a: Landorus
|-resisted|p1a: Landorus
|-damage|p1a: Landorus|92/100
|
|switch|p2a: Gyarados|Gyarados, F|100/100|[from] U-turn
|
|-heal|p1a: Landorus|98/100|[from] item: Leftovers
|turn|5
|
|move|p2a: Gyarados|Dragon Dance|p2a: Gyarados
|-boost|p2a: Gyarados|atk|1
|-boost|p2a: Gyarados|spe|1
|move|p1a: Landorus|Grass Knot|p2a: Gyarados
|-damage|p2a: Gyarados|47/100
|
|-heal|p1a: Landorus|100/100|[from] item: Leftovers
|turn|6
|
|move|p2a: Gyarados|Waterfall|p1a: Landorus
|-supereffective|p1a: Landorus
|-damage|p1a: Landorus|0 fnt
|faint|p1a: Landorus
|-ability|p2a: Gyarados|Moxie|boost
|-boost|p2a: Gyarados|atk|1
|
|
|switch|p1a: Urshifu|Urshifu-Rapid-Strike, F|100/100
|turn|7
|
|move|p2a: Gyarados|Earthquake|p1a: Urshifu
|-damage|p1a: Urshifu|51/100
|move|p1a: Urshifu|Bulk Up|p1a: Urshifu
|-boost|p1a: Urshifu|atk|1
|-boost|p1a: Urshifu|def|1
|
|turn|8
|
|switch|p1a: Zamazenta|Zamazenta|100/100
|-ability|p1a: Zamazenta|Dauntless Shield|boost
|-boost|p1a: Zamazenta|def|1
|move|p2a: Gyarados|Waterfall|p1a: Zamazenta
|-damage|p1a: Zamazenta|64/100
|
|-heal|p1a: Zamazenta|70/100|[from] item: Leftovers
|turn|9
|
|move|p2a: Gyarados|Waterfall|p1a: Zamazenta
|-damage|p1a: Zamazenta|33/100
|move|p1a: Zamazenta|Iron Defense|p1a: Zamazenta
|-boost|p1a: Zamazenta|def|2
|
|-heal|p1a: Zamazenta|40/100|[from] item: Leftovers
|turn|10
|
|move|p2a: Gyarados|Waterfall|p1a: Zamazenta
|-damage|p1a: Zamazenta|16/100
|cant|p1a: Zamazenta|flinch
|
|-heal|p1a: Zamazenta|22/100|[from] item: Leftovers
|turn|11
|
|move|p2a: Gyarados|Waterfall|p1a: Zamazenta
|-damage|p1a: Zamazenta|0 fnt
|faint|p1a: Zamazenta
|-ability|p2a: Gyarados|Moxie|boost
|-boost|p2a: Gyarados|atk|1
|
|
|switch|p1a: Urshifu|Urshifu-Rapid-Strike, F|51/100
|turn|12
|
|move|p2a: Gyarados|Earthquake|p1a: Urshifu
|-damage|p1a: Urshifu|0 fnt
|faint|p1a: Urshifu
|-ability|p2a: Gyarados|Moxie|boost
|-boost|p2a: Gyarados|atk|1
|
|
|switch|p1a: Magearna|Magearna|100/100
|turn|13
|
|-terastallize|p2a: Gyarados|Ground
|move|p2a: Gyarados|Earthquake|p1a: Magearna
|-supereffective|p1a: Magearna
|-damage|p1a: Magearna|0 fnt
|faint|p1a: Magearna
|
|win|p2
