|poke|p1|Dragapult, M|
|poke|p1|Skeledirge, M|
|poke|p1|Great Tusk|
|poke|p1|Corviknight, M|
|poke|p1|Clodsire, M|
|poke|p1|Dondozo, F|
|poke|p2|Cyclizar, M|
|poke|p2|Toxapex, M|
|poke|p2|Dragapult, M|
|poke|p2|Great Tusk|
|poke|p2|Corviknight, M|
|poke|p2|Skeledirge, F|
|teampreview
|
|start
|switch|p1a: Clodsire|Clodsire, M|100/100
|switch|p2a: Cyclizar|Cyclizar, M|100/100
|turn|1
|
|move|p2a: Cyclizar|Knock Off|p1a: Clodsire
|-damage|p1a: Clodsire|86/100
|-enditem|p1a: Clodsire|Leftovers|[from] move: Knock Off|[of] p2a: Cyclizar
|move|p1a: Clodsire|Toxic|p2a: Cyclizar
|-status|p2a: Cyclizar|tox
|
|-damage|p2a: Cyclizar|94/100 tox|[from] psn
|turn|2
|
|switch|p2a: Corviknight|Corviknight, M|100/100
|-ability|p2a: Corviknight|Pressure
|move|p1a: Clodsire|Spikes|p2a: Corviknight
|-sidestart|p2: p2|Spikes
|
|turn|3
|
|move|p2a: Corviknight|Brave Bird|p1a: Clodsire
|-damage|p1a: Clodsire|54/100
|-damage|p2a: Corviknight|88/100|[from] Recoil
|move|p1a: Clodsire|Spikes|p2a: Corviknight
|-sidestart|p2: p2|Spikes
|
|-heal|p2a: Corviknight|94/100|[from] item: Leftovers
|turn|4
|
|switch|p2a: Great Tusk|Great Tusk|100/100
|-damage|p2a: Great Tusk|84/100|[from] Spikes
|move|p1a: Clodsire|Recover|p1a: Clodsire
|-heal|p1a: Clodsire|100/100
|
|turn|5
|
|move|p2a: Great Tusk|Earthquake|p1a: Clodsire
|-supereffective|p1a: Clodsire
|-damage|p1a: Clodsire|29/100
|move|p1a: Clodsire|Toxic|p2a: Great Tusk
|-status|p2a: Great Tusk|tox
|
|-damage|p2a: Great Tusk|78/100 tox|[from] psn
|turn|6
|
|switch|p1a: Dragapult|Dragapult, M|100/100
|move|p2a: Great Tusk|Stealth Rock|p1a: Dragapult
|-sidestart|p1: p1|move: Stealth Rock
|
|-damage|p2a: Great Tusk|65/100 tox|[from] psn
|turn|7
|
|-end|p2a: Great Tusk|Protosynthesis|[silent]
|switch|p2a: Toxapex|Toxapex, M|100/100
|-damage|p2a: Toxapex|84/100|[from] Spikes
|move|p1a: Dragapult|Substitute|p1a: Dragapult
|-start|p1a: Dragapult|Substitute
|-damage|p1a: Dragapult|76/100
|
|-heal|p1a: Dragapult|82/100|[from] item: Leftovers
|-heal|p2a: Toxapex|90/100|[from] item: Leftovers
|turn|8
|
|switch|p2a: Corviknight|Corviknight, M|94/100
|-ability|p2a: Corviknight|Pressure
|move|p1a: Dragapult|Will-O-Wisp|p2a: Corviknight|[miss]
|-miss|p1a: Dragapult|p2a: Corviknight
|
|-heal|p1a: Dragapult|88/100|[from] item: Leftovers
|-heal|p2a: Corviknight|99/100|[from] item: Leftovers
|turn|9
|
|move|p1a: Dragapult|Will-O-Wisp|p2a: Corviknight
|-status|p2a: Corviknight|brn
|move|p2a: Corviknight|Brave Bird|p1a: Dragapult
|-end|p1a: Dragapult|Substitute
|-damage|p2a: Corviknight|94/100 brn|[from] Recoil|[of] p1a: Dragapult
|
|-heal|p1a: Dragapult|94/100|[from] item: Leftovers
|-heal|p2a: Corviknight|99/100 brn|[from] item: Leftovers
|-damage|p2a: Corviknight|94/100 brn|[from] brn
|turn|10
|
|move|p1a: Dragapult|Substitute|p1a: Dragapult
|-start|p1a: Dragapult|Substitute
|-damage|p1a: Dragapult|69/100
|move|p2a: Corviknight|Brave Bird|p1a: Dragapult
|-end|p1a: Dragapult|Substitute
|-damage|p2a: Corviknight|87/100 brn|[from] Recoil|[of] p1a: Dragapult
|
|-heal|p1a: Dragapult|75/100|[from] item: Leftovers
|-heal|p2a: Corviknight|93/100 brn|[from] item: Leftovers
|-damage|p2a: Corviknight|87/100 brn|[from] brn
|turn|11
|
|move|p1a: Dragapult|Hex|p2a: Corviknight
|-damage|p2a: Corviknight|43/100 brn
|move|p2a: Corviknight|Brave Bird|p1a: Dragapult
|-damage|p1a: Dragapult|46/100
|-damage|p2a: Corviknight|35/100 brn|[from] Recoil
|
|-heal|p1a: Dragapult|52/100|[from] item: Leftovers
|-heal|p2a: Corviknight|41/100 brn|[from] item: Leftovers
|-damage|p2a: Corviknight|35/100 brn|[from] brn
|turn|12
|
|move|p1a: Dragapult|Hex|p2a: Corviknight
|-crit|p2a: Corviknight
|-damage|p2a: Corviknight|0 fnt
|faint|p2a: Corviknight
|
|-heal|p1a: Dragapult|58/100|[from] item: Leftovers
|
|switch|p2a: Dragapult|Dragapult, M|100/100
|-damage|p2a: Dragapult|84/100|[from] Spikes
|turn|13
|
|switch|p1a: Corviknight|Corviknight, M|100/100
|-damage|p1a: Corviknight|88/100|[from] Stealth Rock
|-ability|p1a: Corviknight|Pressure
|-terastallize|p2a: Dragapult|Ghost
|move|p2a: Dragapult|Hex|p1a: Corviknight
|-damage|p1a: Corviknight|63/100
|
|-heal|p2a: Dragapult|90/100|[from] item: Leftovers
|turn|14
|
|move|p2a: Dragapult|Will-O-Wisp|p1a: Corviknight
|-status|p1a: Corviknight|brn
|move|p1a: Corviknight|U-turn|p2a: Dragapult
|-resisted|p2a: Dragapult
|-damage|p2a: Dragapult|84/100
|
|switch|p1a: Great Tusk|Great Tusk|100/100|[from] U-turn
|-damage|p1a: Great Tusk|98/100|[from] Stealth Rock
|
|-heal|p2a: Dragapult|90/100|[from] item: Leftovers
|-heal|p1a: Great Tusk|100/100|[from] item: Leftovers
|turn|15
|
|switch|p2a: Great Tusk|Great Tusk|65/100 tox
|-damage|p2a: Great Tusk|49/100 tox|[from] Spikes
|move|p1a: Great Tusk|Knock Off|p2a: Great Tusk
|-resisted|p2a: Great Tusk
|-damage|p2a: Great Tusk|42/100 tox
|-damage|p1a: Great Tusk|84/100|[from] item: Rocky Helmet|[of] p2a: Great Tusk
|-enditem|p2a: Great Tusk|Rocky Helmet|[from] move: Knock Off|[of] p1a: Great Tusk
|
|-heal|p1a: Great Tusk|90/100|[from] item: Leftovers
|-damage|p2a: Great Tusk|36/100 tox|[from] psn
|turn|16
|
|move|p2a: Great Tusk|Knock Off|p1a: Great Tusk
|-resisted|p1a: Great Tusk
|-damage|p1a: Great Tusk|84/100
|-enditem|p1a: Great Tusk|Leftovers|[from] move: Knock Off|[of] p2a: Great Tusk
|move|p1a: Great Tusk|Rapid Spin|p2a: Great Tusk
|-damage|p2a: Great Tusk|29/100 tox
|-boost|p1a: Great Tusk|spe|1
|-sideend|p1: p1|Stealth Rock|[from] move: Rapid Spin|[of] p1a: Great Tusk
|
|-damage|p2a: Great Tusk|17/100 tox|[from] psn
|turn|17
|
|move|p1a: Great Tusk|Earthquake|p2a: Great Tusk
|-damage|p2a: Great Tusk|0 fnt
|faint|p2a: Great Tusk
|-end|p2a: Great Tusk|Protosynthesis|[silent]
|
|
|switch|p2a: Cyclizar|Cyclizar, M|100/100 tox
|-damage|p2a: Cyclizar|84/100 tox|[from] Spikes
|turn|18
|
|move|p2a: Cyclizar|Draco Meteor|p1a: Great Tusk
|-crit|p1a: Great Tusk
|-damage|p1a: Great Tusk|1/100
|-unboost|p2a: Cyclizar|spa|2
|move|p1a: Great Tusk|Earthquake|p2a: Cyclizar
|-damage|p2a: Cyclizar|27/100 tox
|
|-damage|p2a: Cyclizar|21/100 tox|[from] psn
|turn|19
|
|-end|p1a: Great Tusk|Protosynthesis|[silent]
|switch|p1a: Dragapult|Dragapult, M|58/100
|move|p2a: Cyclizar|Rapid Spin|p1a: Dragapult
|-immune|p1a: Dragapult
|
|-heal|p1a: Dragapult|64/100|[from] item: Leftovers
|-damage|p2a: Cyclizar|9/100 tox|[from] psn
|turn|20
|
|move|p1a: Dragapult|Dragon Darts|p2a: Cyclizar
|-supereffective|p2a: Cyclizar
|-damage|p2a: Cyclizar|0 fnt
|faint|p2a: Cyclizar
|
|-heal|p1a: Dragapult|70/100|[from] item: Leftovers
|
|switch|p2a: Dragapult|Dragapult, M, tera:Ghost|90/100
|-damage|p2a: Dragapult|74/100|[from] Spikes
|turn|21
|
|-terastallize|p1a: Dragapult|Fairy
|move|p1a: Dragapult|Hex|p2a: Dragapult
|-supereffective|p2a: Dragapult
|-damage|p2a: Dragapult|4/100
|move|p2a: Dragapult|Hex|p1a: Dragapult
|-damage|p1a: Dragapult|22/100
|
|-heal|p1a: Dragapult|28/100|[from] item: Leftovers
|-heal|p2a: Dragapult|10/100|[from] item: Leftovers
|turn|22
|
|move|p1a: Dragapult|Hex|p2a: Dragapult
|-supereffective|p2a: Dragapult
|-damage|p2a: Dragapult|0 fnt
|faint|p2a: Dragapult
|
|-heal|p1a: Dragapult|34/100|[from] item: Leftovers
|
|switch|p2a: Toxapex|Toxapex, M|100/100
|-damage|p2a: Toxapex|84/100|[from] Spikes
|turn|23
|
|move|p1a: Dragapult|Substitute|p1a: Dragapult
|-start|p1a: Dragapult|Substitute
|-damage|p1a: Dragapult|9/100
|move|p2a: Toxapex|Surf|p1a: Dragapult
|-end|p1a: Dragapult|Substitute
|
|-heal|p1a: Dragapult|15/100|[from] item: Leftovers
|-heal|p2a: Toxapex|90/100|[from] item: Leftovers
|turn|24
|
|move|p1a: Dragapult|Will-O-Wisp|p2a: Toxapex
|-status|p2a: Toxapex|brn
|move|p2a: Toxapex|Surf|p1a: Dragapult
|-damage|p1a: Dragapult|0 fnt
|faint|p1a: Dragapult
|
|-heal|p2a: Toxapex|96/100 brn|[from] item: Leftovers
|-damage|p2a: Toxapex|90/100 brn|[from] brn
|
|switch|p1a: Clodsire|Clodsire, M|29/100
|turn|25
|
|move|p2a: Toxapex|Surf|p1a: Clodsire
|-heal|p1a: Clodsire|54/100|[from] ability: Water Absorb|[of] p2a: Toxapex
|move|p1a: Clodsire|Recover|p1a: Clodsire
|-heal|p1a: Clodsire|100/100
|
|-heal|p2a: Toxapex|96/100 brn|[from] item: Leftovers
|-damage|p2a: Toxapex|90/100 brn|[from] brn
|turn|26
|
|move|p2a: Toxapex|Toxic Spikes|p1a: Clodsire
|-sidestart|p1: p1|move: Toxic Spikes
|move|p1a: Clodsire|Toxic||[still]
|-fail|p1a: Clodsire
|
|-heal|p2a: Toxapex|96/100 brn|[from] item: Leftovers
|-damage|p2a: Toxapex|90/100 brn|[from] brn
|turn|27
|
|move|p2a: Toxapex|Toxic Spikes|p1a: Clodsire
|-sidestart|p1: p1|move: Toxic Spikes
|move|p1a: Clodsire|Spikes|p2a: Toxapex
|-sidestart|p2: p2|Spikes
|
|-heal|p2a: Toxapex|96/100 brn|[from] item: Leftovers
|-damage|p2a: Toxapex|90/100 brn|[from] brn
|turn|28
|-message|p2 forfeited.
|
|win|p1
