|poke|p1|Torkoal, M|
|poke|p1|Walking Wake|
|poke|p1|Roaring Moon|
|poke|p1|Hatterene, F|
|poke|p1|Great Tusk|
|poke|p1|Magearna|
|poke|p2|Enamorus, F|
|poke|p2|Kingambit, F|
|poke|p2|Samurott-Hisui, F|
|poke|p2|Great Tusk|
|poke|p2|Skeledirge, F|
|poke|p2|Amoonguss, M|
|teampreview
|
|start
|switch|p1a: Roaring Moon|Roaring Moon|100/100
|switch|p2a: Samurott|Samurott-Hisui, F|100/100
|turn|1
|
|switch|p2a: Amoonguss|Amoonguss, M|100/100
|move|p1a: Roaring Moon|U-turn|p2a: Amoonguss
|-damage|p2a: Amoonguss|73/100
|-damage|p1a: Roaring Moon|84/100|[from] item: Rocky Helmet|[of] p2a: Amoonguss
|
|-end|p1a: Roaring Moon|Protosynthesis|[silent]
|switch|p1a: Hatterene|Hatterene, F|100/100|[from] U-turn
|
|turn|2
|
|switch|p2a: Kingambit|Kingambit, F|100/100
|move|p1a: Hatterene|Nuzzle|p2a: Kingambit
|-damage|p2a: Kingambit|97/100
|-status|p2a: Kingambit|par
|
|turn|3
|
|switch|p1a: Great Tusk|Great Tusk|100/100
|cant|p2a: Kingambit|par
|
|turn|4
|
|-end|p2a: Kingambit|fallenundefined|[silent]
|switch|p2a: Great Tusk|Great Tusk|100/100
|move|p1a: Great Tusk|Knock Off|p2a: Great Tusk
|-resisted|p2a: Great Tusk
|-damage|p2a: Great Tusk|93/100
|-enditem|p2a: Great Tusk|Leftovers|[from] move: Knock Off|[of] p1a: Great Tusk
|
|turn|5
|
|-end|p1a: Great Tusk|Protosynthesis|[silent]
|switch|p1a: Hatterene|Hatterene, F|100/100
|move|p2a: Great Tusk|Knock Off|p1a: Hatterene
|-damage|p1a: Hatterene|77/100
|-enditem|p1a: Hatterene|Eject Button|[from] move: Knock Off|[of] p2a: Great Tusk
|
|turn|6
|
|-end|p2a: Great Tusk|Protosynthesis|[silent]
|switch|p2a: Kingambit|Kingambit, F|97/100 par
|move|p1a: Hatterene|Draining Kiss|p2a: Kingambit
|-damage|p2a: Kingambit|80/100 par
|-heal|p1a: Hatterene|90/100|[from] drain|[of] p2a: Kingambit
|
|turn|7
|
|switch|p1a: Great Tusk|Great Tusk|100/100
|-end|p2a: Kingambit|fallenundefined|[silent]
|switch|p2a: Enamorus|Enamorus, F|100/100
|
|turn|8
|
|-end|p1a: Great Tusk|Protosynthesis|[silent]
|switch|p1a: Magearna|Magearna|100/100
|move|p2a: Enamorus|Substitute|p2a: Enamorus
|-start|p2a: Enamorus|Substitute
|-damage|p2a: Enamorus|76/100
|
|-heal|p2a: Enamorus|82/100|[from] item: Leftovers
|turn|9
|
|-terastallize|p2a: Enamorus|Ground
|move|p2a: Enamorus|Earth Power|p1a: Magearna
|-supereffective|p1a: Magearna
|-damage|p1a: Magearna|63/100
|move|p1a: Magearna|Ice Beam|p2a: Enamorus
|-supereffective|p2a: Enamorus
|-end|p2a: Enamorus|Substitute
|
|-heal|p2a: Enamorus|88/100|[from] item: Leftovers
|turn|10
|
|switch|p2a: Samurott|Samurott-Hisui, F|100/100
|move|p1a: Magearna|Fleur Cannon|p2a: Samurott
|-supereffective|p2a: Samurott
|-damage|p2a: Samurott|0 fnt
|-unboost|p1a: Magearna|spa|2
|faint|p2a: Samurott
|-ability|p1a: Magearna|Soul-Heart|boost
|-boost|p1a: Magearna|spa|1
|
|
|switch|p2a: Skeledirge|Skeledirge, F|100/100
|turn|11
|
|move|p2a: Skeledirge|Torch Song|p1a: Magearna
|-supereffective|p1a: Magearna
|-damage|p1a: Magearna|36/100
|-boost|p2a: Skeledirge|spa|1
|move|p1a: Magearna|Volt Switch|p2a: Skeledirge
|-damage|p2a: Skeledirge|85/100
|
|switch|p1a: Walking Wake|Walking Wake|100/100|[from] Volt Switch
|
|turn|12
|
|switch|p2a: Amoonguss|Amoonguss, M|100/100
|move|p1a: Walking Wake|Hydro Steam|p2a: Amoonguss
|-resisted|p2a: Amoonguss
|-damage|p2a: Amoonguss|74/100
|
|turn|13
|
|-end|p1a: Walking Wake|Protosynthesis|[silent]
|switch|p1a: Hatterene|Hatterene, F|90/100
|move|p2a: Amoonguss|Sludge Bomb|p1a: Hatterene
|-supereffective|p1a: Hatterene
|-damage|p1a: Hatterene|37/100
|
|turn|14
|
|switch|p1a: Torkoal|Torkoal, M|100/100
|-weather|SunnyDay|[from] ability: Drought|[of] p1a: Torkoal
|switch|p2a: Skeledirge|Skeledirge, F|85/100
|
|-weather|SunnyDay|[upkeep]
|turn|15
|
|move|p2a: Skeledirge|Torch Song|p1a: Torkoal
|-resisted|p1a: Torkoal
|-damage|p1a: Torkoal|70/100
|-boost|p2a: Skeledirge|spa|1
|move|p1a: Torkoal|Yawn|p2a: Skeledirge
|-start|p2a: Skeledirge|move: Yawn|[of] p1a: Torkoal
|
|-weather|SunnyDay|[upkeep]
|turn|16
|
|switch|p2a: Enamorus|Enamorus, F, tera:Ground|88/100
|move|p1a: Torkoal|Stealth Rock|p2a: Enamorus
|-sidestart|p2: p2|move: Stealth Rock
|
|-weather|SunnyDay|[upkeep]
|-heal|p2a: Enamorus|94/100|[from] item: Leftovers
|turn|17
|
|switch|p1a: Magearna|Magearna|36/100
|move|p2a: Enamorus|Earth Power|p1a: Magearna
|-supereffective|p1a: Magearna
|-damage|p1a: Magearna|0 fnt
|faint|p1a: Magearna
|
|-weather|SunnyDay|[upkeep]
|-heal|p2a: Enamorus|100/100|[from] item: Leftovers
|
|switch|p1a: Walking Wake|Walking Wake|100/100
|-activate|p1a: Walking Wake|ability: Protosynthesis
|-start|p1a: Walking Wake|protosynthesisspa
|turn|18
|
|switch|p2a: Amoonguss|Amoonguss, M|100/100
|-damage|p2a: Amoonguss|88/100|[from] Stealth Rock
|-terastallize|p1a: Walking Wake|Water
|move|p1a: Walking Wake|Hydro Steam|p2a: Amoonguss
|-resisted|p2a: Amoonguss
|-damage|p2a: Amoonguss|22/100
|
|-weather|SunnyDay|[upkeep]
|turn|19
|-message|p2 forfeited.
|
|win|p1
