# advantage = p1
|poke|p1|Iron Treads|
|poke|p1|Decidueye-Hisui, F|
|poke|p1|Hatterene, F|
|poke|p1|Moltres-Galar|
|poke|p1|Cyclizar, F|
|poke|p1|Meloetta|
|poke|p2|Pelipper, F|
|poke|p2|Kilowattrel, F|
|poke|p2|Floatzel, M|
|poke|p2|Dragonite, F|
|poke|p2|Iron Treads|
|poke|p2|Breloom, M|
|teampreview
|
|start
|switch|p1a: Cyclizar|Cyclizar, F|100/100
|switch|p2a: Sp. Attacker|Pelipper, F, shiny|100/100
|-weather|RainDance|[from] ability: Drizzle|[of] p2a: Sp. Attacker
|turn|1
|
|move|p1a: Cyclizar|Shift Gear|p1a: Cyclizar
|-boost|p1a: Cyclizar|spe|2
|-boost|p1a: Cyclizar|atk|1
|move|p2a: Sp. Attacker|U-turn|p1a: Cyclizar
|-damage|p1a: Cyclizar|87/100
|
|switch|p2a: Phys. Attacker|Kilowattrel, F|100/100|[from] U-turn
|
|-weather|RainDance|[upkeep]
|turn|2
|
|move|p1a: Cyclizar|Body Slam|p2a: Phys. Attacker
|-damage|p2a: Phys. Attacker|0 fnt
|faint|p2a: Phys. Attacker
|
|-weather|RainDance|[upkeep]
|
|switch|p2a: Sp. Sweeper|Iron Treads|100/100
|turn|3
|
|-terastallize|p1a: Cyclizar|Ground
|move|p1a: Cyclizar|Tera Blast|p2a: Sp. Sweeper
|-supereffective|p2a: Sp. Sweeper
|-damage|p2a: Sp. Sweeper|17/100
|move|p2a: Sp. Sweeper|Stealth Rock|p1a: Cyclizar
|-sidestart|p1: p1|move: Stealth Rock
|
|-weather|RainDance|[upkeep]
|-heal|p2a: Sp. Sweeper|23/100|[from] item: Leftovers
|turn|4
|
|move|p1a: Cyclizar|Tera Blast|p2a: Sp. Sweeper
|-supereffective|p2a: Sp. Sweeper
|-damage|p2a: Sp. Sweeper|0 fnt
|faint|p2a: Sp. Sweeper
|-end|p2a: Sp. Sweeper|Quark Drive|[silent]
|
|-weather|RainDance|[upkeep]
|
|switch|p2a: Trick Room|Floatzel, M|100/100
|turn|5
|
|move|p1a: Cyclizar|Body Slam|p2a: Trick Room
|-damage|p2a: Trick Room|0 fnt
|faint|p2a: Trick Room
|
|-weather|RainDance|[upkeep]
|
|switch|p2a: Sp. Attacker|Pelipper, F, shiny|100/100
|turn|6
|
|move|p1a: Cyclizar|Body Slam|p2a: Sp. Attacker
|-damage|p2a: Sp. Attacker|59/100
|move|p2a: Sp. Attacker|Tailwind|p2a: Sp. Attacker
|-sidestart|p2: p2|move: Tailwind
|
|-weather|RainDance|[upkeep]
|turn|7
|
|move|p1a: Cyclizar|Shift Gear|p1a: Cyclizar
|-boost|p1a: Cyclizar|spe|2
|-boost|p1a: Cyclizar|atk|1
|move|p2a: Sp. Attacker|Hurricane|p1a: Cyclizar
|-damage|p1a: Cyclizar|23/100
|-start|p1a: Cyclizar|confusion
|
|-weather|RainDance|[upkeep]
|turn|8
|
|-activate|p1a: Cyclizar|confusion
|move|p1a: Cyclizar|Body Slam|p2a: Sp. Attacker
|-damage|p2a: Sp. Attacker|0 fnt
|faint|p2a: Sp. Attacker
|
|-weather|none
|
|switch|p2a: Wall|Dragonite, F, shiny|100/100
|turn|9
|
|-end|p1a: Cyclizar|confusion
|move|p1a: Cyclizar|Body Slam|p2a: Wall
|-crit|p2a: Wall
|-damage|p2a: Wall|38/100
|move|p2a: Wall|Ice Spinner|p1a: Cyclizar
|-supereffective|p1a: Cyclizar
|-damage|p1a: Cyclizar|0 fnt
|faint|p1a: Cyclizar
|
|-sideend|p2: p2|move: Tailwind
|
|switch|p1a: Iron Treads|Iron Treads|100/100
|-damage|p1a: Iron Treads|97/100|[from] Stealth Rock
|turn|10
|
|move|p1a: Iron Treads|Wild Charge|p2a: Wall
|-damage|p2a: Wall|4/100
|-damage|p1a: Iron Treads|89/100|[from] Recoil
|move|p2a: Wall|Earthquake|p1a: Iron Treads
|-supereffective|p1a: Iron Treads
|-damage|p1a: Iron Treads|20/100
|
|turn|11
|
|move|p2a: Wall|Extreme Speed|p1a: Iron Treads
|-resisted|p1a: Iron Treads
|-damage|p1a: Iron Treads|7/100
|move|p1a: Iron Treads|Wild Charge|p2a: Wall
|-damage|p2a: Wall|0 fnt
|faint|p2a: Wall
|-damage|p1a: Iron Treads|6/100|[from] Recoil
|
|
|switch|p2a: Utility|Breloom, M, shiny|100/100
|turn|12
|
|move|p2a: Utility|Mach Punch|p1a: Iron Treads
|-supereffective|p1a: Iron Treads
|-damage|p1a: Iron Treads|0 fnt
|faint|p1a: Iron Treads
|-end|p1a: Iron Treads|Quark Drive|[silent]
|
|
|switch|p1a: Hatterene|Hatterene, F|100/100
|-damage|p1a: Hatterene|88/100|[from] Stealth Rock
|turn|13
|
|move|p2a: Utility|Mach Punch|p1a: Hatterene
|-resisted|p1a: Hatterene
|-damage|p1a: Hatterene|74/100
|move|p1a: Hatterene|Psyshock|p2a: Utility
|-supereffective|p2a: Utility
|-damage|p2a: Utility|0 fnt
|faint|p2a: Utility
|
|win|p1
