|poke|p1|Lilligant-Hisui, F|
|poke|p1|Torkoal, M|
|poke|p1|Arcanine-Hisui, F|
|poke|p1|Walking Wake|
|poke|p1|Clodsire, F|
|poke|p1|Gholdengo|
|poke|p2|Kleavor, M|
|poke|p2|Enamorus, F|
|poke|p2|Samurott-Hisui, F|
|poke|p2|Ursaluna, F|
|poke|p2|Gholdengo|
|poke|p2|Goodra-Hisui, F|
|teampreview
|
|start
|switch|p1a: Walking Wake|Walking Wake|100/100
|switch|p2a: Gholdengo|Gholdengo|100/100
|-enditem|p1a: Walking Wake|Booster Energy
|-activate|p1a: Walking Wake|ability: Protosynthesis|[fromitem]
|-start|p1a: Walking Wake|protosynthesisspe
|turn|1
|
|move|p1a: Walking Wake|Flamethrower|p2a: Gholdengo
|-supereffective|p2a: Gholdengo
|-damage|p2a: Gholdengo|33/100
|-status|p2a: Gholdengo|brn
|move|p2a: Gholdengo|Trick|p1a: Walking Wake
|-activate|p2a: Gholdengo|move: Trick|[of] p1a: Walking Wake
|-item|p1a: Walking Wake|Choice Scarf|[from] move: Trick
|-enditem|p2a: Gholdengo|Choice Scarf|[silent]|[from] move: Trick
|
|-damage|p2a: Gholdengo|27/100 brn|[from] brn
|turn|2
|
|move|p1a: Walking Wake|Flamethrower|p2a: Gholdengo
|-supereffective|p2a: Gholdengo
|-damage|p2a: Gholdengo|0 fnt
|faint|p2a: Gholdengo
|
|
|switch|p2a: Samurott|Samurott-Hisui, F, shiny|100/100
|turn|3
|
|-end|p1a: Walking Wake|Protosynthesis|[silent]
|switch|p1a: Clodsire|Clodsire, F|100/100
|move|p2a: Samurott|Ceaseless Edge|p1a: Clodsire
|-damage|p1a: Clodsire|54/100
|-sidestart|p1: Arde Showdown|Spikes
|
|-heal|p1a: Clodsire|60/100|[from] item: Black Sludge
|turn|4
|
|switch|p1a: Torkoal|Torkoal, M|100/100
|-damage|p1a: Torkoal|88/100|[from] Spikes
|-weather|SunnyDay|[from] ability: Drought|[of] p1a: Torkoal
|move|p2a: Samurott|Ceaseless Edge|p1a: Torkoal
|-damage|p1a: Torkoal|56/100
|-sidestart|p1: Arde Showdown|Spikes
|
|-weather|SunnyDay|[upkeep]
|turn|5
|
|move|p2a: Samurott|Aqua Cutter|p1a: Torkoal
|-supereffective|p1a: Torkoal
|-damage|p1a: Torkoal|24/100
|move|p1a: Torkoal|Rapid Spin|p2a: Samurott
|-damage|p2a: Samurott|89/100
|-boost|p1a: Torkoal|spe|1
|-sideend|p1: Arde Showdown|Spikes|[from] move: Rapid Spin|[of] p1a: Torkoal
|
|-weather|SunnyDay|[upkeep]
|turn|6
|
|switch|p1a: Walking Wake|Walking Wake|100/100
|-activate|p1a: Walking Wake|ability: Protosynthesis
|-start|p1a: Walking Wake|protosynthesisspe
|move|p2a: Samurott|Ceaseless Edge|p1a: Walking Wake
|-damage|p1a: Walking Wake|55/100
|-sidestart|p1: Arde Showdown|Spikes
|
|-weather|SunnyDay|[upkeep]
|turn|7
|
|move|p1a: Walking Wake|Draco Meteor|p2a: Samurott
|-damage|p2a: Samurott|22/100
|-unboost|p1a: Walking Wake|spa|2
|move|p2a: Samurott|Ceaseless Edge|p1a: Walking Wake
|-damage|p1a: Walking Wake|8/100
|-sidestart|p1: Arde Showdown|Spikes
|
|-weather|SunnyDay|[upkeep]
|turn|8
|
|move|p1a: Walking Wake|Draco Meteor|p2a: Samurott
|-damage|p2a: Samurott|0 fnt
|-unboost|p1a: Walking Wake|spa|2
|faint|p2a: Samurott
|
|-weather|SunnyDay|[upkeep]
|
|switch|p2a: Goodra|Goodra-Hisui, F, shiny|100/100
|turn|9
|
|move|p1a: Walking Wake|Draco Meteor|p2a: Goodra
|-damage|p2a: Goodra|85/100
|-unboost|p1a: Walking Wake|spa|2
|move|p2a: Goodra|Dragon Pulse|p1a: Walking Wake
|-supereffective|p1a: Walking Wake
|-crit|p1a: Walking Wake
|-damage|p1a: Walking Wake|0 fnt
|faint|p1a: Walking Wake
|-end|p1a: Walking Wake|Protosynthesis|[silent]
|
|-weather|SunnyDay|[upkeep]
|
|switch|p1a: Arcanine|Arcanine-Hisui, F|100/100
|-damage|p1a: Arcanine|84/100|[from] Spikes
|turn|10
|
|move|p1a: Arcanine|Flare Blitz|p2a: Goodra
|-damage|p2a: Goodra|0 fnt
|faint|p2a: Goodra
|
|-weather|SunnyDay|[upkeep]
|
|switch|p2a: Kleavor|Kleavor, M, shiny|100/100
|turn|11
|
|move|p1a: Arcanine|Flare Blitz|p2a: Kleavor
|-damage|p2a: Kleavor|0 fnt
|faint|p2a: Kleavor
|
|-weather|none
|
|switch|p2a: Ursaluna|Ursaluna, F, shiny|100/100
|turn|12
|
|move|p1a: Arcanine|Flare Blitz|p2a: Ursaluna
|-damage|p2a: Ursaluna|59/100
|move|p2a: Ursaluna|Earthquake|p1a: Arcanine
|-supereffective|p1a: Arcanine
|-damage|p1a: Arcanine|0 fnt
|faint|p1a: Arcanine
|
|-status|p2a: Ursaluna|brn|[from] item: Flame Orb
|
|switch|p1a: Torkoal|Torkoal, M|24/100
|-damage|p1a: Torkoal|8/100|[from] Spikes
|-weather|SunnyDay|[from] ability: Drought|[of] p1a: Torkoal
|turn|13
|
|move|p2a: Ursaluna|Facade|p1a: Torkoal
|-damage|p1a: Torkoal|0 fnt
|faint|p1a: Torkoal
|
|-weather|SunnyDay|[upkeep]
|-damage|p2a: Ursaluna|53/100 brn|[from] brn
|
|switch|p1a: Lilligant|Lilligant-Hisui, F|100/100
|-damage|p1a: Lilligant|84/100|[from] Spikes
|turn|14
|
|move|p1a: Lilligant|Leaf Blade|p2a: Ursaluna
|-supereffective|p2a: Ursaluna
|-damage|p2a: Ursaluna|0 fnt
|faint|p2a: Ursaluna
|
|-weather|SunnyDay|[upkeep]
|-message|jdyal forfeited.
|
|win|Arde Showdown
|l|☆jdyal
