|poke|p1|Garganacl, F|
|poke|p1|Toxapex, F|
|poke|p1|Corviknight, F|
|poke|p1|Dondozo, F|
|poke|p1|Great Tusk|
|poke|p1|Cinderace, M|
|poke|p2|Dragonite, F|
|poke|p2|Dragapult, F|
|poke|p2|Iron Moth|
|poke|p2|Gholdengo|
|poke|p2|Ting-Lu|
|poke|p2|Kingambit, F|
|teampreview
|
|start
|switch|p1a: Cinderace|Cinderace, M|100/100
|switch|p2a: Dragapult|Dragapult, F|100/100
|turn|1
|
|switch|p2a: Ting-Lu|Ting-Lu|100/100
|-ability|p2a: Ting-Lu|Vessel of Ruin
|switch|p1a: Garganacl|Garganacl, F|100/100
|
|turn|2
|
|switch|p1a: Great Tusk|Great Tusk|100/100
|move|p2a: Ting-Lu|Stealth Rock|p1a: Great Tusk
|-sidestart|p1: stareal|move: Stealth Rock
|
|turn|3
|
|move|p1a: Great Tusk|Knock Off|p2a: Ting-Lu
|-resisted|p2a: Ting-Lu
|-damage|p2a: Ting-Lu|93/100
|-enditem|p2a: Ting-Lu|Red Card|[from] move: Knock Off|[of] p1a: Great Tusk
|move|p2a: Ting-Lu|Whirlwind|p1a: Great Tusk
|-end|p1a: Great Tusk|Protosynthesis|[silent]
|drag|p1a: Cinderace|Cinderace, M|100/100
|
|turn|4
|
|switch|p2a: Iron Moth|Iron Moth|100/100
|-enditem|p2a: Iron Moth|Booster Energy
|-activate|p2a: Iron Moth|ability: Quark Drive|[fromitem]
|-start|p2a: Iron Moth|quarkdrivespa
|move|p1a: Cinderace|U-turn|p2a: Iron Moth
|-resisted|p2a: Iron Moth
|-damage|p2a: Iron Moth|93/100
|
|switch|p1a: Toxapex|Toxapex, F|100/100|[from] U-turn
|-damage|p1a: Toxapex|88/100|[from] Stealth Rock
|
|turn|5
|
|-end|p2a: Iron Moth|Quark Drive|[silent]
|switch|p2a: Kingambit|Kingambit, F|100/100
|move|p1a: Toxapex|Surf|p2a: Kingambit
|-damage|p2a: Kingambit|66/100
|
|-heal|p2a: Kingambit|72/100|[from] item: Leftovers
|turn|6
|
|-end|p2a: Kingambit|fallenundefined|[silent]
|switch|p2a: Dragapult|Dragapult, F|100/100
|switch|p1a: Great Tusk|Great Tusk|100/100
|-damage|p1a: Great Tusk|98/100|[from] Stealth Rock
|
|-heal|p1a: Great Tusk|100/100|[from] item: Leftovers
|turn|7
|
|-end|p1a: Great Tusk|Protosynthesis|[silent]
|switch|p1a: Garganacl|Garganacl, F|100/100
|-damage|p1a: Garganacl|88/100|[from] Stealth Rock
|move|p2a: Dragapult|U-turn|p1a: Garganacl
|-damage|p1a: Garganacl|66/100
|
|switch|p2a: Gholdengo|Gholdengo|100/100|[from] U-turn
|
|-heal|p1a: Garganacl|72/100|[from] item: Leftovers
|turn|8
|
|switch|p1a: Toxapex|Toxapex, F|100/100
|-damage|p1a: Toxapex|88/100|[from] Stealth Rock
|move|p2a: Gholdengo|Trick|p1a: Toxapex
|-activate|p2a: Gholdengo|move: Trick|[of] p1a: Toxapex
|-item|p1a: Toxapex|Choice Scarf|[from] move: Trick
|-item|p2a: Gholdengo|Assault Vest|[from] move: Trick
|
|turn|9
|
|move|p2a: Gholdengo|Shadow Ball|p1a: Toxapex
|-damage|p1a: Toxapex|56/100
|move|p1a: Toxapex|Surf|p2a: Gholdengo
|-damage|p2a: Gholdengo|79/100
|
|turn|10
|
|switch|p1a: Cinderace|Cinderace, M|100/100
|move|p2a: Gholdengo|Shadow Ball|p1a: Cinderace
|-damage|p1a: Cinderace|46/100
|
|turn|11
|player|p1|
|
|switch|p2a: Iron Moth|Iron Moth|93/100
|move|p1a: Cinderace|Court Change|p1a: Cinderace
|-swapsideconditions
|-activate|p1a: Cinderace|move: Court Change
|
|turn|12
|player|p1|stareal|#omplxtempertyrantrums
|
|move|p1a: Cinderace|U-turn|p2a: Iron Moth
|-resisted|p2a: Iron Moth
|-damage|p2a: Iron Moth|84/100
|
|switch|p1a: Toxapex|Toxapex, F|89/100|[from] U-turn
|move|p2a: Iron Moth|Fiery Dance|p1a: Toxapex
|-resisted|p1a: Toxapex
|-damage|p1a: Toxapex|70/100
|-boost|p2a: Iron Moth|spa|1
|
|turn|13
|
|-end|p2a: Iron Moth|Quark Drive|[silent]
|switch|p2a: Dragonite|Dragonite, F|100/100
|switch|p1a: Dondozo|Dondozo, F|100/100
|
|turn|14
|
|switch|p1a: Garganacl|Garganacl, F|72/100
|move|p2a: Dragonite|Earthquake|p1a: Garganacl
|-supereffective|p1a: Garganacl
|-crit|p1a: Garganacl
|-damage|p1a: Garganacl|0 fnt
|faint|p1a: Garganacl
|
|
|switch|p1a: Dondozo|Dondozo, F|100/100
|turn|15
|
|move|p2a: Dragonite|Earthquake|p1a: Dondozo
|-damage|p1a: Dondozo|78/100
|move|p1a: Dondozo|Curse|p1a: Dondozo
|-unboost|p1a: Dondozo|spe|1
|-boost|p1a: Dondozo|atk|1
|-boost|p1a: Dondozo|def|1
|
|-heal|p1a: Dondozo|85/100|[from] item: Leftovers
|turn|16
|
|move|p2a: Dragonite|Encore|p1a: Dondozo
|-start|p1a: Dondozo|Encore
|move|p1a: Dondozo|Curse|p1a: Dondozo
|-unboost|p1a: Dondozo|spe|1
|-boost|p1a: Dondozo|atk|1
|-boost|p1a: Dondozo|def|1
|
|-heal|p1a: Dondozo|91/100|[from] item: Leftovers
|turn|17
|
|switch|p2a: Ting-Lu|Ting-Lu|93/100
|-damage|p2a: Ting-Lu|87/100|[from] Stealth Rock
|-ability|p2a: Ting-Lu|Vessel of Ruin
|move|p1a: Dondozo|Curse|p1a: Dondozo
|-unboost|p1a: Dondozo|spe|1
|-boost|p1a: Dondozo|atk|1
|-boost|p1a: Dondozo|def|1
|
|-heal|p1a: Dondozo|97/100|[from] item: Leftovers
|turn|18
|
|switch|p1a: Great Tusk|Great Tusk|100/100
|move|p2a: Ting-Lu|Whirlwind|p1a: Great Tusk
|-end|p1a: Great Tusk|Protosynthesis|[silent]
|drag|p1a: Toxapex|Toxapex, F|100/100
|
|turn|19
|
|move|p1a: Toxapex|Sludge Bomb|p2a: Ting-Lu
|-resisted|p2a: Ting-Lu
|-crit|p2a: Ting-Lu
|-damage|p2a: Ting-Lu|77/100
|-status|p2a: Ting-Lu|psn
|move|p2a: Ting-Lu|Stealth Rock|p1a: Toxapex
|-sidestart|p1: stareal|move: Stealth Rock
|
|-damage|p2a: Ting-Lu|65/100 psn|[from] psn
|turn|20
|
|switch|p1a: Great Tusk|Great Tusk|100/100
|-damage|p1a: Great Tusk|98/100|[from] Stealth Rock
|switch|p2a: Gholdengo|Gholdengo|79/100
|-damage|p2a: Gholdengo|73/100|[from] Stealth Rock
|
|-heal|p1a: Great Tusk|100/100|[from] item: Leftovers
|turn|21
|
|move|p2a: Gholdengo|Make It Rain|p1a: Great Tusk
|-damage|p1a: Great Tusk|11/100
|-unboost|p2a: Gholdengo|spa|1
|move|p1a: Great Tusk|Earthquake|p2a: Gholdengo
|-supereffective|p2a: Gholdengo
|-damage|p2a: Gholdengo|0 fnt
|faint|p2a: Gholdengo
|
|-heal|p1a: Great Tusk|18/100|[from] item: Leftovers
|
|switch|p2a: Dragapult|Dragapult, F|100/100
|-damage|p2a: Dragapult|88/100|[from] Stealth Rock
|turn|22
|
|-end|p1a: Great Tusk|Protosynthesis|[silent]
|switch|p1a: Corviknight|Corviknight, F|100/100
|-damage|p1a: Corviknight|88/100|[from] Stealth Rock
|-ability|p1a: Corviknight|Pressure
|-terastallize|p2a: Dragapult|Ghost
|move|p2a: Dragapult|Tera Blast|p1a: Corviknight
|-damage|p1a: Corviknight|34/100
|
|-heal|p1a: Corviknight|40/100|[from] item: Leftovers
|turn|23
|
|switch|p1a: Great Tusk|Great Tusk|18/100
|-damage|p1a: Great Tusk|15/100|[from] Stealth Rock
|move|p2a: Dragapult|Tera Blast|p1a: Great Tusk
|-damage|p1a: Great Tusk|0 fnt
|faint|p1a: Great Tusk
|-end|p1a: Great Tusk|Protosynthesis|[silent]
|
|
|switch|p1a: Toxapex|Toxapex, F|100/100
|-damage|p1a: Toxapex|88/100|[from] Stealth Rock
|turn|24
|
|-terastallize|p1a: Toxapex|Dark
|move|p2a: Dragapult|Tera Blast|p1a: Toxapex
|-resisted|p1a: Toxapex
|-damage|p1a: Toxapex|58/100
|move|p1a: Toxapex|Surf|p2a: Dragapult
|-damage|p2a: Dragapult|47/100
|
|turn|25
|
|switch|p2a: Dragonite|Dragonite, F|100/100
|switch|p1a: Corviknight|Corviknight, F|40/100
|-damage|p1a: Corviknight|28/100|[from] Stealth Rock
|-ability|p1a: Corviknight|Pressure
|
|-heal|p1a: Corviknight|34/100|[from] item: Leftovers
|turn|26
|
|switch|p2a: Iron Moth|Iron Moth|84/100
|-damage|p2a: Iron Moth|59/100|[from] Stealth Rock
|move|p1a: Corviknight|Roost|p1a: Corviknight
|-heal|p1a: Corviknight|84/100
|-singleturn|p1a: Corviknight|move: Roost
|
|-heal|p1a: Corviknight|90/100|[from] item: Leftovers
|turn|27
|
|switch|p1a: Dondozo|Dondozo, F|97/100
|-damage|p1a: Dondozo|84/100|[from] Stealth Rock
|move|p2a: Iron Moth|Sludge Wave|p1a: Dondozo
|-damage|p1a: Dondozo|49/100
|
|-heal|p1a: Dondozo|55/100|[from] item: Leftovers
|turn|28
|
|move|p1a: Dondozo|Protect|p1a: Dondozo
|-singleturn|p1a: Dondozo|Protect
|move|p2a: Iron Moth|Energy Ball|p1a: Dondozo
|-activate|p1a: Dondozo|move: Protect
|
|-heal|p1a: Dondozo|61/100|[from] item: Leftovers
|turn|29
|
|-end|p2a: Iron Moth|Quark Drive|[silent]
|switch|p2a: Dragonite|Dragonite, F|100/100
|switch|p1a: Corviknight|Corviknight, F|90/100
|-damage|p1a: Corviknight|78/100|[from] Stealth Rock
|-ability|p1a: Corviknight|Pressure
|
|-heal|p1a: Corviknight|84/100|[from] item: Leftovers
|turn|30
|
|move|p2a: Dragonite|Dragon Dance|p2a: Dragonite
|-boost|p2a: Dragonite|atk|1
|-boost|p2a: Dragonite|spe|1
|move|p1a: Corviknight|U-turn|p2a: Dragonite
|-resisted|p2a: Dragonite
|-damage|p2a: Dragonite|97/100
|
|switch|p1a: Dondozo|Dondozo, F|61/100|[from] U-turn
|-damage|p1a: Dondozo|49/100|[from] Stealth Rock
|
|-heal|p1a: Dondozo|55/100|[from] item: Leftovers
|turn|31
|
|move|p2a: Dragonite|Earthquake|p1a: Dondozo
|-damage|p1a: Dondozo|34/100
|move|p1a: Dondozo|Rest|p1a: Dondozo
|-status|p1a: Dondozo|slp|[from] move: Rest
|-heal|p1a: Dondozo|100/100 slp|[silent]
|
|turn|32
|
|switch|p2a: Iron Moth|Iron Moth|59/100
|-damage|p2a: Iron Moth|34/100|[from] Stealth Rock
|cant|p1a: Dondozo|slp
|
|turn|33
|
|cant|p1a: Dondozo|slp
|move|p2a: Iron Moth|Energy Ball|p1a: Dondozo
|-supereffective|p1a: Dondozo
|-damage|p1a: Dondozo|53/100 slp
|
|-heal|p1a: Dondozo|59/100 slp|[from] item: Leftovers
|turn|34
|
|-curestatus|p1a: Dondozo|slp|[msg]
|move|p1a: Dondozo|Protect|p1a: Dondozo
|-singleturn|p1a: Dondozo|Protect
|move|p2a: Iron Moth|Energy Ball|p1a: Dondozo
|-activate|p1a: Dondozo|move: Protect
|
|-heal|p1a: Dondozo|65/100|[from] item: Leftovers
|turn|35
|
|switch|p1a: Corviknight|Corviknight, F|84/100
|-damage|p1a: Corviknight|71/100|[from] Stealth Rock
|-ability|p1a: Corviknight|Pressure
|move|p2a: Iron Moth|Energy Ball|p1a: Corviknight
|-resisted|p1a: Corviknight
|-damage|p1a: Corviknight|63/100
|
|-heal|p1a: Corviknight|69/100|[from] item: Leftovers
|turn|36
|
|switch|p1a: Cinderace|Cinderace, M|46/100
|move|p2a: Iron Moth|Sludge Wave|p1a: Cinderace
|-damage|p1a: Cinderace|0 fnt
|faint|p1a: Cinderace
|
|
|switch|p1a: Toxapex|Toxapex, F, tera:Dark|91/100
|-damage|p1a: Toxapex|79/100|[from] Stealth Rock
|turn|37
|
|-end|p2a: Iron Moth|Quark Drive|[silent]
|switch|p2a: Dragonite|Dragonite, F|97/100
|move|p1a: Toxapex|Surf|p2a: Dragonite
|-resisted|p2a: Dragonite
|-damage|p2a: Dragonite|81/100
|
|turn|38
|
|switch|p2a: Ting-Lu|Ting-Lu|65/100 psn
|-damage|p2a: Ting-Lu|58/100 psn|[from] Stealth Rock
|-ability|p2a: Ting-Lu|Vessel of Ruin
|move|p1a: Toxapex|Surf|p2a: Ting-Lu
|-supereffective|p2a: Ting-Lu
|-damage|p2a: Ting-Lu|35/100 psn
|
|-damage|p2a: Ting-Lu|22/100 psn|[from] psn
|turn|39
|
|move|p1a: Toxapex|Surf|p2a: Ting-Lu
|-supereffective|p2a: Ting-Lu
|-damage|p2a: Ting-Lu|0 fnt
|faint|p2a: Ting-Lu
|
|
|switch|p2a: Dragapult|Dragapult, F, tera:Ghost|47/100
|-damage|p2a: Dragapult|35/100|[from] Stealth Rock
|turn|40
|
|switch|p1a: Corviknight|Corviknight, F|69/100
|-damage|p1a: Corviknight|57/100|[from] Stealth Rock
|-ability|p1a: Corviknight|Pressure
|move|p2a: Dragapult|U-turn|p1a: Corviknight
|-resisted|p1a: Corviknight
|-damage|p1a: Corviknight|51/100
|
|switch|p2a: Iron Moth|Iron Moth|34/100|[from] U-turn
|-damage|p2a: Iron Moth|9/100|[from] Stealth Rock
|
|-heal|p1a: Corviknight|58/100|[from] item: Leftovers
|turn|41
|
|switch|p1a: Toxapex|Toxapex, F, tera:Dark|100/100
|-damage|p1a: Toxapex|88/100|[from] Stealth Rock
|move|p2a: Iron Moth|Fiery Dance|p1a: Toxapex
|-damage|p1a: Toxapex|54/100
|
|turn|42
|
|move|p2a: Iron Moth|Dazzling Gleam|p1a: Toxapex
|-supereffective|p1a: Toxapex
|-damage|p1a: Toxapex|3/100
|move|p1a: Toxapex|Surf|p2a: Iron Moth
|-supereffective|p2a: Iron Moth
|-damage|p2a: Iron Moth|0 fnt
|faint|p2a: Iron Moth
|-end|p2a: Iron Moth|Quark Drive|[silent]
|
|
|switch|p2a: Dragapult|Dragapult, F, tera:Ghost|35/100
|-damage|p2a: Dragapult|23/100|[from] Stealth Rock
|turn|43
|
|move|p2a: Dragapult|Tera Blast|p1a: Toxapex
|-resisted|p1a: Toxapex
|-damage|p1a: Toxapex|0 fnt
|faint|p1a: Toxapex
|
|
|switch|p1a: Dondozo|Dondozo, F|65/100
|-damage|p1a: Dondozo|53/100|[from] Stealth Rock
|turn|44
|
|move|p1a: Dondozo|Protect|p1a: Dondozo
|-singleturn|p1a: Dondozo|Protect
|move|p2a: Dragapult|Tera Blast|p1a: Dondozo
|-activate|p1a: Dondozo|move: Protect
|
|-heal|p1a: Dondozo|59/100|[from] item: Leftovers
|turn|45
|
|move|p2a: Dragapult|Tera Blast|p1a: Dondozo
|-damage|p1a: Dondozo|12/100
|move|p1a: Dondozo|Wave Crash|p2a: Dragapult
|-damage|p2a: Dragapult|0 fnt
|faint|p2a: Dragapult
|-damage|p1a: Dondozo|7/100|[from] Recoil
|
|-heal|p1a: Dondozo|14/100|[from] item: Leftovers
|
|switch|p2a: Kingambit|Kingambit, F|72/100
|-damage|p2a: Kingambit|66/100|[from] Stealth Rock
|-activate|p2a: Kingambit|ability: Supreme Overlord
|-start|p2a: Kingambit|fallen4|[silent]
|turn|46
|
|move|p2a: Kingambit|Kowtow Cleave|p1a: Dondozo
|-damage|p1a: Dondozo|0 fnt
|faint|p1a: Dondozo
|
|-heal|p2a: Kingambit|72/100|[from] item: Leftovers
|
|switch|p1a: Corviknight|Corviknight, F|58/100
|-damage|p1a: Corviknight|45/100|[from] Stealth Rock
|-ability|p1a: Corviknight|Pressure
|turn|47
|
|move|p1a: Corviknight|Iron Defense|p1a: Corviknight
|-boost|p1a: Corviknight|def|2
|move|p2a: Kingambit|Kowtow Cleave|p1a: Corviknight
|-damage|p1a: Corviknight|21/100
|
|-heal|p1a: Corviknight|27/100|[from] item: Leftovers
|-heal|p2a: Kingambit|79/100|[from] item: Leftovers
|turn|48
|
|-end|p2a: Kingambit|fallen4|[silent]
|switch|p2a: Dragonite|Dragonite, F|81/100
|move|p1a: Corviknight|Iron Defense|p1a: Corviknight
|-boost|p1a: Corviknight|def|2
|
|-heal|p1a: Corviknight|34/100|[from] item: Leftovers
|turn|49
|
|move|p2a: Dragonite|Encore|p1a: Corviknight
|-start|p1a: Corviknight|Encore
|move|p1a: Corviknight|Iron Defense|p1a: Corviknight
|-boost|p1a: Corviknight|def|2
|
|-heal|p1a: Corviknight|40/100|[from] item: Leftovers
|turn|50
|
|switch|p2a: Kingambit|Kingambit, F|79/100
|-damage|p2a: Kingambit|72/100|[from] Stealth Rock
|-activate|p2a: Kingambit|ability: Supreme Overlord
|-start|p2a: Kingambit|fallen4|[silent]
|move|p1a: Corviknight|Iron Defense|p1a: Corviknight
|-boost|p1a: Corviknight|def|0
|
|-heal|p1a: Corviknight|46/100|[from] item: Leftovers
|-heal|p2a: Kingambit|79/100|[from] item: Leftovers
|turn|51
|
|move|p1a: Corviknight|Iron Defense|p1a: Corviknight
|-boost|p1a: Corviknight|def|0
|move|p2a: Kingambit|Kowtow Cleave|p1a: Corviknight
|-damage|p1a: Corviknight|34/100
|
|-heal|p1a: Corviknight|40/100|[from] item: Leftovers
|-heal|p2a: Kingambit|85/100|[from] item: Leftovers
|-end|p1a: Corviknight|Encore
|turn|52
|
|-end|p2a: Kingambit|fallen4|[silent]
|switch|p2a: Dragonite|Dragonite, F|81/100
|move|p1a: Corviknight|Body Press|p2a: Dragonite
|-resisted|p2a: Dragonite
|-damage|p2a: Dragonite|30/100
|
|-heal|p1a: Corviknight|47/100|[from] item: Leftovers
|turn|53
|
|move|p2a: Dragonite|Encore|p1a: Corviknight
|-start|p1a: Corviknight|Encore
|move|p1a: Corviknight|Body Press|p2a: Dragonite
|-resisted|p2a: Dragonite
|-damage|p2a: Dragonite|0 fnt
|faint|p2a: Dragonite
|
|-heal|p1a: Corviknight|53/100|[from] item: Leftovers
|
|switch|p2a: Kingambit|Kingambit, F|85/100
|-damage|p2a: Kingambit|79/100|[from] Stealth Rock
|-activate|p2a: Kingambit|ability: Supreme Overlord
|-start|p2a: Kingambit|fallen5|[silent]
|turn|54
|
|move|p2a: Kingambit|Sucker Punch|p1a: Corviknight
|-damage|p1a: Corviknight|43/100
|move|p1a: Corviknight|Body Press|p2a: Kingambit
|-supereffective|p2a: Kingambit
|-damage|p2a: Kingambit|0 fnt
|faint|p2a: Kingambit
|-end|p2a: Kingambit|fallen5|[silent]
|
|win|stareal
