|poke|p1|Arcanine-Hisui, F|
|poke|p1|Hattrem, F|
|poke|p1|Fuecoco, F|
|poke|p1|Dragalge, F|
|poke|p1|Greavard, F|
|poke|p2|Chansey, F|
|poke|p2|Quaquaval, F|
|poke|p2|Surskit, F|
|poke|p2|Scorbunny, M|
|poke|p2|Staravia, M|
|teampreview
|
|start
|switch|p1a: Dragalge|Dragalge, F|100/100
|switch|p2a: Surskit|Surskit, F|100/100
|turn|1
|
|switch|p1a: Hattrem|Hattrem, F|100/100
|move|p2a: Surskit|Bug Buzz|p1a: Hattrem
|-supereffective|p1a: Hattrem
|-damage|p1a: Hattrem|53/100
|
|turn|2
|
|move|p2a: Surskit|Bug Buzz|p1a: Hattrem
|-supereffective|p1a: Hattrem
|-damage|p1a: Hattrem|4/100
|move|p1a: Hattrem|Nuzzle|p2a: Surskit
|-supereffective|p2a: Surskit
|-damage|p2a: Surskit|84/100
|-status|p2a: Surskit|par
|
|turn|3
|
|move|p1a: Hattrem|Psyshock|p2a: Surskit
|-damage|p2a: Surskit|0 fnt
|faint|p2a: Surskit
|
|
|switch|p2a: Quaquaval|Quaquaval, F|100/100
|turn|4
|
|switch|p1a: Dragalge|Dragalge, F|100/100
|move|p2a: Quaquaval|Close Combat|p1a: Dragalge
|-resisted|p1a: Dragalge
|-damage|p1a: Dragalge|62/100
|-unboost|p2a: Quaquaval|def|1
|-unboost|p2a: Quaquaval|spd|1
|
|-heal|p1a: Dragalge|68/100|[from] item: Leftovers
|turn|5
|
|move|p2a: Quaquaval|Close Combat|p1a: Dragalge
|-resisted|p1a: Dragalge
|-damage|p1a: Dragalge|33/100
|-unboost|p2a: Quaquaval|def|1
|-unboost|p2a: Quaquaval|spd|1
|move|p1a: Dragalge|Toxic Spikes|p2a: Quaquaval
|-sidestart|p2: p2|move: Toxic Spikes
|
|-heal|p1a: Dragalge|39/100|[from] item: Leftovers
|turn|6
|
|move|p2a: Quaquaval|Close Combat|p1a: Dragalge
|-resisted|p1a: Dragalge
|-damage|p1a: Dragalge|0 fnt
|-unboost|p2a: Quaquaval|def|1
|-unboost|p2a: Quaquaval|spd|1
|faint|p1a: Dragalge
|-ability|p2a: Quaquaval|Moxie|boost
|-boost|p2a: Quaquaval|atk|1
|
|
|switch|p1a: Greavard|Greavard, F|100/100
|turn|7
|
|switch|p2a: Chansey|Chansey, F|100/100
|-status|p2a: Chansey|psn
|move|p1a: Greavard|Play Rough|p2a: Chansey
|-damage|p2a: Chansey|87/100 psn
|
|-damage|p2a: Chansey|75/100 psn|[from] psn
|turn|8
|
|switch|p1a: Hattrem|Hattrem, F|4/100
|move|p2a: Chansey|Thunder Wave|p1a: Hattrem
|move|p1a: Hattrem|Thunder Wave||[from]ability: Magic Bounce|[still]
|-fail|p1a: Hattrem
|
|-damage|p2a: Chansey|62/100 psn|[from] psn
|turn|9
|
|switch|p1a: Greavard|Greavard, F|100/100
|move|p2a: Chansey|Seismic Toss|p1a: Greavard
|-immune|p1a: Greavard
|
|-damage|p2a: Chansey|50/100 psn|[from] psn
|turn|10
|
|switch|p1a: Arcanine|Arcanine-Hisui, F|100/100
|move|p2a: Chansey|Soft-Boiled|p2a: Chansey
|-heal|p2a: Chansey|99/100 psn
|
|-damage|p2a: Chansey|87/100 psn|[from] psn
|turn|11
|
|move|p1a: Arcanine|Close Combat|p2a: Chansey
|-supereffective|p2a: Chansey
|-damage|p2a: Chansey|28/100 psn
|-unboost|p1a: Arcanine|def|1
|-unboost|p1a: Arcanine|spd|1
|-damage|p1a: Arcanine|91/100|[from] item: Life Orb
|move|p2a: Chansey|Thunder Wave|p1a: Arcanine
|-status|p1a: Arcanine|par
|
|-damage|p2a: Chansey|16/100 psn|[from] psn
|turn|12
|
|-curestatus|p2a: Chansey|psn|[from] ability: Natural Cure
|switch|p2a: Scorbunny|Scorbunny, M|100/100
|-status|p2a: Scorbunny|psn
|move|p1a: Arcanine|Extreme Speed|p2a: Scorbunny
|-damage|p2a: Scorbunny|3/100 psn
|-damage|p1a: Arcanine|81/100 par|[from] item: Life Orb
|
|-damage|p2a: Scorbunny|0 fnt|[from] psn
|faint|p2a: Scorbunny
|
|switch|p2a: Quaquaval|Quaquaval, F|100/100
|-status|p2a: Quaquaval|psn
|turn|13
|
|switch|p1a: Greavard|Greavard, F|100/100
|move|p2a: Quaquaval|Aqua Step|p1a: Greavard
|-damage|p1a: Greavard|72/100
|-boost|p2a: Quaquaval|spe|1
|
|-damage|p2a: Quaquaval|88/100 psn|[from] psn
|turn|14
|
|-terastallize|p2a: Quaquaval|Water
|move|p2a: Quaquaval|Bulk Up|p2a: Quaquaval
|-boost|p2a: Quaquaval|atk|1
|-boost|p2a: Quaquaval|def|1
|move|p1a: Greavard|Play Rough|p2a: Quaquaval
|-damage|p2a: Quaquaval|74/100 psn
|
|-heal|p2a: Quaquaval|80/100 psn|[from] item: Leftovers
|-damage|p2a: Quaquaval|68/100 psn|[from] psn
|turn|15
|
|move|p2a: Quaquaval|Bulk Up|p2a: Quaquaval
|-boost|p2a: Quaquaval|atk|1
|-boost|p2a: Quaquaval|def|1
|move|p1a: Greavard|Rest|p1a: Greavard
|-status|p1a: Greavard|slp|[from] move: Rest
|-heal|p1a: Greavard|100/100 slp|[silent]
|
|-heal|p2a: Quaquaval|74/100 psn|[from] item: Leftovers
|-damage|p2a: Quaquaval|61/100 psn|[from] psn
|turn|16
|
|move|p2a: Quaquaval|Roost|p2a: Quaquaval
|-heal|p2a: Quaquaval|100/100 psn
|cant|p1a: Greavard|slp
|move|p1a: Greavard|Sleep Talk|p1a: Greavard
|move|p1a: Greavard|Play Rough|p2a: Quaquaval|[from]move: Sleep Talk
|-damage|p2a: Quaquaval|90/100 psn
|
|-heal|p2a: Quaquaval|96/100 psn|[from] item: Leftovers
|-damage|p2a: Quaquaval|84/100 psn|[from] psn
|turn|17
|-message|p1 forfeited.
|
|win|p2
|n|☆p1|jaxhawk
|n|☆p2|hallo815
|n|*Lady Monita|ladymonita
|n| Elitemasterjames|elitemasterjames
|n| UFo3208_|ufo3208
|n| notagreatrainer|notagreatrainer
|n| Dragonair2fair|dragonair2fair
