|poke|p1|Lilligant-Hisui, F|
|poke|p1|Dragapult, F|
|poke|p1|Great Tusk|
|poke|p1|Volcarona, M|
|poke|p1|Urshifu-*, M|
|poke|p1|Clodsire, F|
|poke|p2|Masquerain, M|
|poke|p2|Gholdengo|
|poke|p2|Iron Valiant|
|poke|p2|Kingambit, F|
|poke|p2|Iron Treads|
|poke|p2|Ceruledge, M|
|teampreview
|
|start
|switch|p1a: Clodsire|Clodsire, F|100/100
|switch|p2a: Masquerain|Masquerain, M|100/100
|-ability|p2a: Masquerain|Intimidate|boost
|-unboost|p1a: Clodsire|atk|1
|turn|1
|
|move|p2a: Masquerain|Stun Spore|p1a: Clodsire
|-status|p1a: Clodsire|par
|move|p1a: Clodsire|Toxic|p2a: Masquerain
|-status|p2a: Masquerain|tox
|
|-damage|p2a: Masquerain|94/100 tox|[from] psn
|turn|2
|
|move|p2a: Masquerain|Sticky Web|p1a: Clodsire
|-sidestart|p1: Moha971|move: Sticky Web
|move|p1a: Clodsire|Stealth Rock|p2a: Masquerain
|-sidestart|p2: DiegoRuiz23|move: Stealth Rock
|
|-damage|p2a: Masquerain|82/100 tox|[from] psn
|turn|3
|
|move|p2a: Masquerain|Air Slash|p1a: Clodsire
|-damage|p1a: Clodsire|82/100 par
|cant|p1a: Clodsire|flinch
|
|-heal|p1a: Clodsire|88/100 par|[from] item: Black Sludge
|-damage|p2a: Masquerain|64/100 tox|[from] psn
|turn|4
|
|move|p2a: Masquerain|Hydro Pump|p1a: Clodsire
|-supereffective|p1a: Clodsire
|-damage|p1a: Clodsire|54/100 par
|cant|p1a: Clodsire|par
|
|-heal|p1a: Clodsire|60/100 par|[from] item: Black Sludge
|-damage|p2a: Masquerain|40/100 tox|[from] psn
|turn|5
|
|move|p2a: Masquerain|Air Slash|p1a: Clodsire
|-damage|p1a: Clodsire|44/100 par
|move|p1a: Clodsire|Recover|p1a: Clodsire
|-heal|p1a: Clodsire|94/100 par
|
|-heal|p1a: Clodsire|99/100 par|[from] item: Black Sludge
|-damage|p2a: Masquerain|10/100 tox|[from] psn
|turn|6
|
|move|p2a: Masquerain|Hydro Pump|p1a: Clodsire
|-supereffective|p1a: Clodsire
|-damage|p1a: Clodsire|68/100 par
|move|p1a: Clodsire|Stealth Rock||[still]
|-fail|p1a: Clodsire
|
|-heal|p1a: Clodsire|74/100 par|[from] item: Black Sludge
|-damage|p2a: Masquerain|0 fnt|[from] psn
|faint|p2a: Masquerain
|
|switch|p2a: Iron Treads|Iron Treads|100/100
|-damage|p2a: Iron Treads|97/100|[from] Stealth Rock
|turn|7
|
|switch|p1a: Great Tusk|Great Tusk|100/100
|-enditem|p1a: Great Tusk|Booster Energy
|-activate|p1a: Great Tusk|ability: Protosynthesis|[fromitem]
|-start|p1a: Great Tusk|protosynthesisatk
|-activate|p1a: Great Tusk|move: Sticky Web
|-unboost|p1a: Great Tusk|spe|1
|move|p2a: Iron Treads|Earthquake|p1a: Great Tusk
|-damage|p1a: Great Tusk|69/100
|
|-heal|p2a: Iron Treads|100/100|[from] item: Leftovers
|turn|8
|
|-end|p2a: Iron Treads|Quark Drive|[silent]
|switch|p2a: Gholdengo|Gholdengo|100/100
|-damage|p2a: Gholdengo|94/100|[from] Stealth Rock
|move|p1a: Great Tusk|Rapid Spin|p2a: Gholdengo
|-immune|p2a: Gholdengo
|
|turn|9
|
|move|p2a: Gholdengo|Make It Rain|p1a: Great Tusk
|-damage|p1a: Great Tusk|0 fnt
|-unboost|p2a: Gholdengo|spa|1
|faint|p1a: Great Tusk
|-end|p1a: Great Tusk|Protosynthesis|[silent]
|
|
|switch|p1a: Volcarona|Volcarona, M, shiny|100/100
|turn|10
|
|switch|p2a: Kingambit|Kingambit, F|100/100
|-damage|p2a: Kingambit|94/100|[from] Stealth Rock
|move|p1a: Volcarona|Quiver Dance|p1a: Volcarona
|-boost|p1a: Volcarona|spa|1
|-boost|p1a: Volcarona|spd|1
|-boost|p1a: Volcarona|spe|1
|
|-heal|p2a: Kingambit|100/100|[from] item: Leftovers
|turn|11
|
|move|p1a: Volcarona|Fiery Dance|p2a: Kingambit
|-supereffective|p2a: Kingambit
|-damage|p2a: Kingambit|5/100
|-boost|p1a: Volcarona|spa|1
|move|p2a: Kingambit|Swords Dance|p2a: Kingambit
|-boost|p2a: Kingambit|atk|2
|
|-heal|p2a: Kingambit|12/100|[from] item: Leftovers
|turn|12
|
|move|p2a: Kingambit|Sucker Punch||[still]
|-fail|p2a: Kingambit
|move|p1a: Volcarona|Quiver Dance|p1a: Volcarona
|-boost|p1a: Volcarona|spa|1
|-boost|p1a: Volcarona|spd|1
|-boost|p1a: Volcarona|spe|1
|
|-heal|p2a: Kingambit|18/100|[from] item: Leftovers
|turn|13
|
|move|p2a: Kingambit|Sucker Punch|p1a: Volcarona
|-damage|p1a: Volcarona|22/100
|move|p1a: Volcarona|Fiery Dance|p2a: Kingambit
|-supereffective|p2a: Kingambit
|-damage|p2a: Kingambit|0 fnt
|faint|p2a: Kingambit
|
|
|switch|p2a: Ceruledge|Ceruledge, M|100/100
|-damage|p2a: Ceruledge|76/100|[from] Stealth Rock
|turn|14
|
|-terastallize|p1a: Volcarona|Ground
|move|p2a: Ceruledge|Shadow Sneak|p1a: Volcarona
|-damage|p1a: Volcarona|2/100
|move|p1a: Volcarona|Tera Blast|p2a: Ceruledge
|-supereffective|p2a: Ceruledge
|-damage|p2a: Ceruledge|0 fnt
|faint|p2a: Ceruledge
|
|-message|DiegoRuiz23 forfeited.
|
|win|Moha971
