# advantage = p1
|poke|p1|Typhlosion-Hisui, M|
|poke|p1|Samurott-Hisui, F|
|poke|p1|Glimmora, M|
|poke|p1|Gholdengo|
|poke|p1|Lilligant-Hisui, F|
|poke|p1|Landorus-Therian, M|
|poke|p2|Decidueye-Hisui, M|
|poke|p2|Diancie|
|poke|p2|Ursaluna, F|
|poke|p2|Slowking-Galar, F|
|poke|p2|Zapdos-Galar|
|poke|p2|Bronzong|
|teampreview
|
|start
|switch|p1a: Gholdengo|Gholdengo|100/100
|switch|p2a: Bronzong|Bronzong|100/100
|turn|1
|
|move|p1a: Gholdengo|Trick|p2a: Bronzong
|-activate|p1a: Gholdengo|move: Trick|[of] p2a: Bronzong
|-item|p2a: Bronzong|Choice Scarf|[from] move: Trick
|-item|p1a: Gholdengo|Focus Sash|[from] move: Trick
|move|p2a: Bronzong|Trick Room|p2a: Bronzong
|-fieldstart|move: Trick Room|[of] p2a: Bronzong
|
|turn|2
|
|switch|p2a: Ursaluna|Ursaluna, F|100/100
|move|p1a: Gholdengo|Focus Blast|p2a: Ursaluna
|-supereffective|p2a: Ursaluna
|-damage|p2a: Ursaluna|27/100
|
|-status|p2a: Ursaluna|brn|[from] item: Flame Orb
|turn|3
|
|switch|p1a: Landorus|Landorus-Therian, M|100/100
|-ability|p1a: Landorus|Intimidate|boost
|-unboost|p2a: Ursaluna|atk|1
|move|p2a: Ursaluna|Crunch|p1a: Landorus
|-damage|p1a: Landorus|63/100
|
|-heal|p1a: Landorus|69/100|[from] item: Leftovers
|-damage|p2a: Ursaluna|21/100 brn|[from] brn
|turn|4
|
|move|p2a: Ursaluna|Facade|p1a: Landorus
|-damage|p1a: Landorus|0 fnt
|faint|p1a: Landorus
|
|-damage|p2a: Ursaluna|14/100 brn|[from] brn
|
|switch|p1a: Gholdengo|Gholdengo|100/100
|turn|5
|
|-terastallize|p1a: Gholdengo|Fighting
|move|p2a: Ursaluna|Earthquake|p1a: Gholdengo
|-damage|p1a: Gholdengo|31/100
|move|p1a: Gholdengo|Make It Rain|p2a: Ursaluna
|-damage|p2a: Ursaluna|0 fnt
|-unboost|p1a: Gholdengo|spa|1
|faint|p2a: Ursaluna
|
|-fieldend|move: Trick Room
|
|switch|p2a: Zapdos|Zapdos-Galar|100/100
|turn|6
|
|switch|p1a: Glimmora|Glimmora, M|100/100
|-item|p1a: Glimmora|Air Balloon
|move|p2a: Zapdos|Close Combat|p1a: Glimmora
|-damage|p1a: Glimmora|30/100
|-unboost|p2a: Zapdos|def|1
|-unboost|p2a: Zapdos|spd|1
|-activate|p1a: Glimmora|ability: Toxic Debris
|-sidestart|p2: p2|move: Toxic Spikes
|-enditem|p1a: Glimmora|Air Balloon
|
|turn|7
|
|move|p2a: Zapdos|Close Combat|p1a: Glimmora
|-damage|p1a: Glimmora|0 fnt
|-unboost|p2a: Zapdos|def|1
|-unboost|p2a: Zapdos|spd|1
|-activate|p1a: Glimmora|ability: Toxic Debris
|-sidestart|p2: p2|move: Toxic Spikes
|faint|p1a: Glimmora
|
|
|switch|p1a: Typhlosion|Typhlosion-Hisui, M|100/100
|-item|p2a: Zapdos|Choice Scarf|[from] ability: Frisk|[of] p1a: Typhlosion|[identify]
|turn|8
|
|switch|p2a: Bronzong|Bronzong|100/100
|move|p1a: Typhlosion|Eruption|p2a: Bronzong
|-supereffective|p2a: Bronzong
|-damage|p2a: Bronzong|0 fnt
|faint|p2a: Bronzong
|
|
|switch|p2a: Slowking|Slowking-Galar, F|100/100
|-sideend|p2: p2|move: Toxic Spikes|[of] p2a: Slowking
|turn|9
|
|move|p1a: Typhlosion|Eruption|p2a: Slowking
|-damage|p2a: Slowking|13/100
|move|p2a: Slowking|Trick Room|p2a: Slowking
|-fieldstart|move: Trick Room|[of] p2a: Slowking
|
|-heal|p2a: Slowking|19/100|[from] item: Leftovers
|turn|10
|
|move|p2a: Slowking|Sludge Bomb|p1a: Typhlosion
|-resisted|p1a: Typhlosion
|-crit|p1a: Typhlosion
|-damage|p1a: Typhlosion|50/100
|move|p1a: Typhlosion|Eruption|p2a: Slowking
|-crit|p2a: Slowking
|-damage|p2a: Slowking|0 fnt
|faint|p2a: Slowking
|
|
|switch|p2a: Decidueye|Decidueye-Hisui, M|100/100
|turn|11
|
|switch|p1a: Gholdengo|Gholdengo, tera:Fighting|31/100
|move|p2a: Decidueye|Triple Arrows|p1a: Gholdengo
|-crit|p1a: Gholdengo
|-damage|p1a: Gholdengo|0 fnt
|faint|p1a: Gholdengo
|
|
|switch|p1a: Lilligant|Lilligant-Hisui, F|100/100
|turn|12
|
|-terastallize|p2a: Decidueye|Fighting
|move|p2a: Decidueye|Triple Arrows|p1a: Lilligant
|-crit|p1a: Lilligant
|-enditem|p1a: Lilligant|Focus Sash
|-damage|p1a: Lilligant|1/100
|move|p1a: Lilligant|Ice Spinner|p2a: Decidueye|[miss]
|-miss|p1a: Lilligant|p2a: Decidueye
|
|turn|13
|
|switch|p1a: Typhlosion|Typhlosion-Hisui, M|50/100
|-item|p2a: Decidueye|Scope Lens|[from] ability: Frisk|[of] p1a: Typhlosion|[identify]
|move|p2a: Decidueye|Triple Arrows|p1a: Typhlosion
|-crit|p1a: Typhlosion
|-damage|p1a: Typhlosion|0 fnt
|faint|p1a: Typhlosion
|
|-fieldend|move: Trick Room
|
|switch|p1a: Samurott|Samurott-Hisui, F|100/100
|turn|14
|-message|p1 forfeited.
|
|win|p2
