|poke|p1|Pelipper, F|
|poke|p1|Thundurus-Therian, M|
|poke|p1|Corviknight, F|
|poke|p1|Basculegion, M|
|poke|p1|Zapdos|
|poke|p1|Clodsire, F|
|poke|p2|Arcanine-Hisui, M|
|poke|p2|Slowking, F|
|poke|p2|Roaring Moon|
|poke|p2|Donphan, F|
|poke|p2|Rotom-Mow|
|poke|p2|Toxtricity, F|
|teampreview
|
|start
|switch|p1a: Pelipper|Pelipper, F|100/100
|switch|p2a: Toxtricity|Toxtricity, F|100/100
|-weather|RainDance|[from] ability: Drizzle|[of] p1a: Pelipper
|turn|1
|
|switch|p1a: Thundurus|Thundurus-Therian, M|100/100
|-terastallize|p2a: Toxtricity|Normal
|move|p2a: Toxtricity|Boomburst|p1a: Thundurus
|-damage|p1a: Thundurus|0 fnt
|faint|p1a: Thundurus
|-damage|p2a: Toxtricity|91/100|[from] item: Life Orb
|
|-weather|RainDance|[upkeep]
|
|switch|p1a: Basculegion|Basculegion, M|100/100
|turn|2
|
|move|p1a: Basculegion|Wave Crash|p2a: Toxtricity
|-damage|p2a: Toxtricity|0 fnt
|faint|p2a: Toxtricity
|-damage|p1a: Basculegion|78/100|[from] Recoil
|
|-weather|RainDance|[upkeep]
|
|switch|p2a: Roaring Moon|Roaring Moon|100/100
|turn|3
|
|-terastallize|p1a: Basculegion|Water
|move|p1a: Basculegion|Wave Crash|p2a: Roaring Moon
|-resisted|p2a: Roaring Moon
|-damage|p2a: Roaring Moon|0 fnt
|faint|p2a: Roaring Moon
|-end|p2a: Roaring Moon|Protosynthesis|[silent]
|-damage|p1a: Basculegion|47/100|[from] Recoil
|
|-weather|RainDance|[upkeep]
|
|switch|p2a: Rotom|Rotom-Mow|100/100
|turn|4
|
|move|p1a: Basculegion|Wave Crash|p2a: Rotom
|-resisted|p2a: Rotom
|-damage|p2a: Rotom|0 fnt
|faint|p2a: Rotom
|-damage|p1a: Basculegion|26/100|[from] Recoil
|
|-weather|RainDance|[upkeep]
|
|switch|p2a: Slowking|Slowking, F|100/100
|turn|5
|
|move|p1a: Basculegion|Wave Crash|p2a: Slowking
|-resisted|p2a: Slowking
|-damage|p2a: Slowking|0 fnt
|faint|p2a: Slowking
|-damage|p1a: Basculegion|0 fnt|[from] Recoil
|faint|p1a: Basculegion
|
|-weather|RainDance|[upkeep]
|
|switch|p1a: Corviknight|Corviknight, F|100/100
|switch|p2a: Donphan|Donphan, F|100/100
|-ability|p1a: Corviknight|Pressure
|turn|6
|
|move|p1a: Corviknight|Body Press|p2a: Donphan
|-damage|p2a: Donphan|85/100
|move|p2a: Donphan|Stealth Rock|p1a: Corviknight
|-sidestart|p1: Ayudame1|move: Stealth Rock
|
|-weather|RainDance|[upkeep]
|-heal|p2a: Donphan|91/100|[from] item: Leftovers
|turn|7
|
|move|p1a: Corviknight|U-turn|p2a: Donphan
|-damage|p2a: Donphan|82/100
|
|switch|p1a: Pelipper|Pelipper, F|100/100|[from] U-turn
|-damage|p1a: Pelipper|76/100|[from] Stealth Rock
|move|p2a: Donphan|Knock Off|p1a: Pelipper
|-damage|p1a: Pelipper|55/100
|-enditem|p1a: Pelipper|Damp Rock|[from] move: Knock Off|[of] p2a: Donphan
|
|-weather|RainDance|[upkeep]
|-heal|p2a: Donphan|88/100|[from] item: Leftovers
|turn|8
|
|move|p1a: Pelipper|Surf|p2a: Donphan
|-supereffective|p2a: Donphan
|-damage|p2a: Donphan|0 fnt
|faint|p2a: Donphan
|
|-weather|none
|
|switch|p2a: Arcanine|Arcanine-Hisui, M|100/100
|turn|9
|
|move|p2a: Arcanine|Flare Blitz|p1a: Pelipper
|-resisted|p1a: Pelipper
|-damage|p1a: Pelipper|20/100
|move|p1a: Pelipper|Surf|p2a: Arcanine
|-supereffective|p2a: Arcanine
|-damage|p2a: Arcanine|0 fnt
|faint|p2a: Arcanine
|
|win|Ayudame1
