# advantage = p2
|poke|p1|Arcanine-Hisui, M|
|poke|p1|Torkoal, F|
|poke|p1|Walking Wake|
|poke|p1|Scream Tail|
|poke|p1|Lilligant-Hisui, F|
|poke|p1|Corviknight, M|
|poke|p2|Toxicroak, M|
|poke|p2|Goodra, F|
|poke|p2|Bruxish, F|
|poke|p2|Breloom, F|
|poke|p2|Drifblim, F|
|poke|p2|Ampharos, F|
|teampreview
|
|start
|switch|p1a: Corviknight|Corviknight, M|100/100
|switch|p2a: Goodra|Goodra, F|100/100
|turn|1
|
|move|p2a: Goodra|Thunderbolt|p1a: Corviknight
|-supereffective|p1a: Corviknight
|-damage|p1a: Corviknight|17/100
|move|p1a: Corviknight|U-turn|p2a: Goodra
|-crit|p2a: Goodra
|-damage|p2a: Goodra|77/100
|
|switch|p1a: Walking Wake|Walking Wake|100/100|[from] U-turn
|
|turn|2
|
|switch|p2a: Toxicroak|Toxicroak, M|100/100
|move|p1a: Walking Wake|Draco Meteor|p2a: Toxicroak
|-damage|p2a: Toxicroak|0 fnt
|-unboost|p1a: Walking Wake|spa|2
|faint|p2a: Toxicroak
|
|
|switch|p2a: Ampharos|Ampharos, F|100/100
|turn|3
|
|-end|p1a: Walking Wake|Protosynthesis|[silent]
|switch|p1a: Scream Tail|Scream Tail|100/100
|move|p2a: Ampharos|Agility|p2a: Ampharos
|-boost|p2a: Ampharos|spe|2
|
|turn|4
|
|move|p2a: Ampharos|Thunderbolt|p1a: Scream Tail
|-damage|p1a: Scream Tail|65/100
|-status|p1a: Scream Tail|par
|-damage|p2a: Ampharos|91/100|[from] item: Life Orb
|cant|p1a: Scream Tail|par
|
|turn|5
|
|move|p1a: Scream Tail|Protect|p1a: Scream Tail
|-singleturn|p1a: Scream Tail|Protect
|move|p2a: Ampharos|Thunderbolt|p1a: Scream Tail
|-activate|p1a: Scream Tail|move: Protect
|
|turn|6
|
|move|p2a: Ampharos|Thunderbolt|p1a: Scream Tail
|-damage|p1a: Scream Tail|30/100 par
|-damage|p2a: Ampharos|81/100|[from] item: Life Orb
|move|p1a: Scream Tail|Wish|p1a: Scream Tail
|
|turn|7
|
|move|p1a: Scream Tail|Protect|p1a: Scream Tail
|-singleturn|p1a: Scream Tail|Protect
|move|p2a: Ampharos|Agility|p2a: Ampharos
|-boost|p2a: Ampharos|spe|2
|
|-heal|p1a: Scream Tail|80/100 par|[from] move: Wish|[wisher] Scream Tail
|turn|8
|
|move|p2a: Ampharos|Thunderbolt|p1a: Scream Tail
|-damage|p1a: Scream Tail|45/100 par
|-damage|p2a: Ampharos|71/100|[from] item: Life Orb
|cant|p1a: Scream Tail|par
|
|turn|9
|
|move|p2a: Ampharos|Thunderbolt|p1a: Scream Tail
|-damage|p1a: Scream Tail|6/100 par
|-damage|p2a: Ampharos|61/100|[from] item: Life Orb
|move|p1a: Scream Tail|Wish|p1a: Scream Tail
|
|turn|10
|
|move|p1a: Scream Tail|Protect|p1a: Scream Tail
|-singleturn|p1a: Scream Tail|Protect
|move|p2a: Ampharos|Thunderbolt|p1a: Scream Tail
|-activate|p1a: Scream Tail|move: Protect
|
|-heal|p1a: Scream Tail|56/100 par|[from] move: Wish|[wisher] Scream Tail
|turn|11
|
|move|p2a: Ampharos|Thunderbolt|p1a: Scream Tail
|-damage|p1a: Scream Tail|20/100 par
|-damage|p2a: Ampharos|51/100|[from] item: Life Orb
|move|p1a: Scream Tail|Disable|p2a: Ampharos
|-start|p2a: Ampharos|Disable|Thunderbolt
|
|turn|12
|
|move|p2a: Ampharos|Dazzling Gleam|p1a: Scream Tail
|-damage|p1a: Scream Tail|0 fnt
|faint|p1a: Scream Tail
|-end|p1a: Scream Tail|Protosynthesis|[silent]
|-damage|p2a: Ampharos|41/100|[from] item: Life Orb
|
|
|switch|p1a: Woof Woof|Arcanine-Hisui, M|100/100
|turn|13
|
|move|p2a: Ampharos|Focus Blast|p1a: Woof Woof
|-supereffective|p1a: Woof Woof
|-damage|p1a: Woof Woof|0 fnt
|faint|p1a: Woof Woof
|-damage|p2a: Ampharos|31/100|[from] item: Life Orb
|
|
|switch|p1a: Torkoal|Torkoal, F|100/100
|-weather|SunnyDay|[from] ability: Drought|[of] p1a: Torkoal
|turn|14
|
|move|p2a: Ampharos|Focus Blast|p1a: Torkoal
|-damage|p1a: Torkoal|33/100
|-damage|p2a: Ampharos|21/100|[from] item: Life Orb
|move|p1a: Torkoal|Yawn|p2a: Ampharos
|-start|p2a: Ampharos|move: Yawn|[of] p1a: Torkoal
|
|-weather|SunnyDay|[upkeep]
|turn|15
|
|move|p2a: Ampharos|Focus Blast|p1a: Torkoal|[miss]
|-miss|p2a: Ampharos|p1a: Torkoal
|move|p1a: Torkoal|Stealth Rock|p2a: Ampharos
|-sidestart|p2: p2|move: Stealth Rock
|
|-weather|SunnyDay|[upkeep]
|-end|p2a: Ampharos|Disable
|-end|p2a: Ampharos|move: Yawn|[silent]
|-status|p2a: Ampharos|slp
|turn|16
|
|switch|p1a: Lilligant|Lilligant-Hisui, F|100/100
|cant|p2a: Ampharos|slp
|
|-weather|SunnyDay|[upkeep]
|turn|17
|
|cant|p2a: Ampharos|slp
|move|p1a: Lilligant|Victory Dance|p1a: Lilligant
|-boost|p1a: Lilligant|atk|1
|-boost|p1a: Lilligant|def|1
|-boost|p1a: Lilligant|spe|1
|
|-weather|SunnyDay|[upkeep]
|turn|18
|
|move|p1a: Lilligant|Leaf Blade|p2a: Ampharos
|-damage|p2a: Ampharos|0 fnt
|faint|p2a: Ampharos
|
|-weather|SunnyDay|[upkeep]
|
|switch|p2a: Drifblim|Drifblim, F|100/100
|-damage|p2a: Drifblim|76/100|[from] Stealth Rock
|turn|19
|
|-terastallize|p1a: Lilligant|Electric
|move|p1a: Lilligant|Tera Blast|p2a: Drifblim
|-supereffective|p2a: Drifblim
|-damage|p2a: Drifblim|0 fnt
|faint|p2a: Drifblim
|
|-weather|SunnyDay|[upkeep]
|
|switch|p2a: Breloom|Breloom, F|100/100
|-damage|p2a: Breloom|94/100|[from] Stealth Rock
|turn|20
|
|move|p2a: Breloom|Mach Punch|p1a: Lilligant
|-damage|p1a: Lilligant|61/100
|move|p1a: Lilligant|Close Combat|p2a: Breloom
|-damage|p2a: Breloom|0 fnt
|-unboost|p1a: Lilligant|def|1
|-unboost|p1a: Lilligant|spd|1
|faint|p2a: Breloom
|
|-weather|SunnyDay|[upkeep]
|
|switch|p2a: Bruxish|Bruxish, F|100/100
|-damage|p2a: Bruxish|88/100|[from] Stealth Rock
|turn|21
|
|-terastallize|p2a: Bruxish|Water
|move|p1a: Lilligant|Leaf Blade|p2a: Bruxish
|-supereffective|p2a: Bruxish
|-damage|p2a: Bruxish|0 fnt
|faint|p2a: Bruxish
|
|-weather|none
|
|switch|p2a: Goodra|Goodra, F|77/100
|-damage|p2a: Goodra|64/100|[from] Stealth Rock
|turn|22
|
|move|p1a: Lilligant|Close Combat|p2a: Goodra
|-damage|p2a: Goodra|0 fnt
|-unboost|p1a: Lilligant|def|1
|-unboost|p1a: Lilligant|spd|1
|faint|p2a: Goodra
|
|win|p1
