# advantage = p1
|poke|p1|Arcanine-Hisui, F|
|poke|p1|Urshifu-*, M|
|poke|p1|Kingambit, M|
|poke|p1|Great Tusk|
|poke|p1|Garchomp, M|
|poke|p1|Zapdos|
|poke|p2|Great Tusk|
|poke|p2|Skeledirge, F|
|poke|p2|Meowscarada, F|
|poke|p2|Hydreigon, M|
|poke|p2|Corviknight, M|
|poke|p2|Toxapex, F|
|teampreview
|
|start
|switch|p1a: Great Tusk|Great Tusk, shiny|100/100
|switch|p2a: Hydreigon|Hydreigon, M|100/100
|turn|1
|
|switch|p2a: Corviknight|Corviknight, M|100/100
|-ability|p2a: Corviknight|Pressure
|move|p1a: Great Tusk|Stealth Rock|p2a: Corviknight
|-sidestart|p2: p2|move: Stealth Rock
|
|turn|2
|
|move|p1a: Great Tusk|Knock Off|p2a: Corviknight
|-damage|p2a: Corviknight|85/100
|-damage|p1a: Great Tusk|84/100|[from] item: Rocky Helmet|[of] p2a: Corviknight
|-enditem|p2a: Corviknight|Rocky Helmet|[from] move: Knock Off|[of] p1a: Great Tusk
|move|p2a: Corviknight|Brave Bird|p1a: Great Tusk
|-supereffective|p1a: Great Tusk
|-damage|p1a: Great Tusk|48/100
|-damage|p2a: Corviknight|72/100|[from] Recoil
|
|-heal|p1a: Great Tusk|54/100|[from] item: Leftovers
|turn|3
|
|-end|p1a: Great Tusk|Protosynthesis|[silent]
|switch|p1a: Arcanine|Arcanine-Hisui, F|100/100
|move|p2a: Corviknight|U-turn|p1a: Arcanine
|-resisted|p1a: Arcanine
|-damage|p1a: Arcanine|92/100
|
|switch|p2a: Great Tusk|Great Tusk|100/100|[from] U-turn
|-damage|p2a: Great Tusk|98/100|[from] Stealth Rock
|
|-heal|p2a: Great Tusk|100/100|[from] item: Leftovers
|turn|4
|
|switch|p1a: Urshifu|Urshifu-Rapid-Strike, M|100/100
|move|p2a: Great Tusk|Rapid Spin|p1a: Urshifu
|-damage|p1a: Urshifu|86/100
|-boost|p2a: Great Tusk|spe|1
|-sideend|p2: p2|Stealth Rock|[from] move: Rapid Spin|[of] p2a: Great Tusk
|
|turn|5
|
|-terastallize|p2a: Great Tusk|Water
|move|p1a: Urshifu|U-turn|p2a: Great Tusk
|-damage|p2a: Great Tusk|90/100
|
|switch|p1a: Zapdos|Zapdos|100/100|[from] U-turn
|move|p2a: Great Tusk|Knock Off|p1a: Zapdos
|-damage|p1a: Zapdos|78/100
|-enditem|p1a: Zapdos|Heavy-Duty Boots|[from] move: Knock Off|[of] p2a: Great Tusk
|
|-heal|p2a: Great Tusk|96/100|[from] item: Leftovers
|turn|6
|
|-end|p2a: Great Tusk|Protosynthesis|[silent]
|switch|p2a: Hydreigon|Hydreigon, M|100/100
|move|p1a: Zapdos|Volt Switch|p2a: Hydreigon
|-resisted|p2a: Hydreigon
|-damage|p2a: Hydreigon|83/100
|
|switch|p1a: Urshifu|Urshifu-Rapid-Strike, M|86/100|[from] Volt Switch
|
|turn|7
|
|move|p2a: Hydreigon|Draco Meteor|p1a: Urshifu
|-damage|p1a: Urshifu|0 fnt
|-unboost|p2a: Hydreigon|spa|2
|faint|p1a: Urshifu
|
|
|switch|p1a: Arcanine|Arcanine-Hisui, F|92/100
|turn|8
|
|switch|p2a: Great Tusk|Great Tusk, tera:Water|96/100
|move|p1a: Arcanine|Head Smash|p2a: Great Tusk
|-damage|p2a: Great Tusk|44/100
|
|-heal|p2a: Great Tusk|50/100|[from] item: Leftovers
|turn|9
|
|-end|p2a: Great Tusk|Protosynthesis|[silent]
|switch|p2a: Corviknight|Corviknight, M|72/100
|-ability|p2a: Corviknight|Pressure
|-terastallize|p1a: Arcanine|Rock
|move|p1a: Arcanine|Head Smash|p2a: Corviknight|[miss]
|-miss|p1a: Arcanine|p2a: Corviknight
|
|turn|10
|
|switch|p2a: Great Tusk|Great Tusk, tera:Water|50/100
|move|p1a: Arcanine|Head Smash|p2a: Great Tusk
|-damage|p2a: Great Tusk|0 fnt
|faint|p2a: Great Tusk
|-end|p2a: Great Tusk|Protosynthesis|[silent]
|
|
|switch|p2a: Meowscarada|Meowscarada, F|100/100
|turn|11
|
|switch|p1a: Garchomp|Garchomp, M|100/100
|move|p2a: Meowscarada|Flower Trick|p1a: Garchomp
|-start|p2a: Meowscarada|typechange|Grass|[from] ability: Protean
|-crit|p1a: Garchomp
|-damage|p1a: Garchomp|55/100
|
|turn|12
|
|move|p2a: Meowscarada|Spikes|p1a: Garchomp
|-sidestart|p1: p1|Spikes
|move|p1a: Garchomp|Fire Blast|p2a: Meowscarada
|-supereffective|p2a: Meowscarada
|-crit|p2a: Meowscarada
|-damage|p2a: Meowscarada|0 fnt
|faint|p2a: Meowscarada
|-damage|p1a: Garchomp|45/100|[from] item: Life Orb
|
|
|switch|p2a: Hydreigon|Hydreigon, M|83/100
|turn|13
|
|move|p2a: Hydreigon|Draco Meteor|p1a: Garchomp
|-supereffective|p1a: Garchomp
|-damage|p1a: Garchomp|0 fnt
|-unboost|p2a: Hydreigon|spa|2
|faint|p1a: Garchomp
|
|
|switch|p1a: Kingambit|Kingambit, M|100/100
|-damage|p1a: Kingambit|88/100|[from] Spikes
|-activate|p1a: Kingambit|ability: Supreme Overlord
|-start|p1a: Kingambit|fallen2|[silent]
|turn|14
|
|switch|p2a: Corviknight|Corviknight, M|72/100
|-ability|p2a: Corviknight|Pressure
|move|p1a: Kingambit|Kowtow Cleave|p2a: Corviknight
|-damage|p2a: Corviknight|38/100
|
|-heal|p1a: Kingambit|94/100|[from] item: Leftovers
|turn|15
|
|move|p1a: Kingambit|Kowtow Cleave|p2a: Corviknight
|-damage|p2a: Corviknight|5/100
|move|p2a: Corviknight|Roost|p2a: Corviknight
|-heal|p2a: Corviknight|55/100
|-singleturn|p2a: Corviknight|move: Roost
|
|-heal|p1a: Kingambit|100/100|[from] item: Leftovers
|turn|16
|
|move|p1a: Kingambit|Swords Dance|p1a: Kingambit
|-boost|p1a: Kingambit|atk|2
|move|p2a: Corviknight|Roost|p2a: Corviknight
|-heal|p2a: Corviknight|100/100
|-singleturn|p2a: Corviknight|move: Roost
|
|turn|17
|
|move|p1a: Kingambit|Kowtow Cleave|p2a: Corviknight
|-crit|p2a: Corviknight
|-damage|p2a: Corviknight|0 fnt
|faint|p2a: Corviknight
|
|
|switch|p2a: Hydreigon|Hydreigon, M|83/100
|turn|18
|
|-end|p1a: Kingambit|fallen2|[silent]
|switch|p1a: Zapdos|Zapdos|78/100
|move|p2a: Hydreigon|Draco Meteor|p1a: Zapdos
|-damage|p1a: Zapdos|15/100
|-unboost|p2a: Hydreigon|spa|2
|
|turn|19
|
|move|p2a: Hydreigon|Draco Meteor|p1a: Zapdos
|-damage|p1a: Zapdos|0 fnt
|-unboost|p2a: Hydreigon|spa|2
|faint|p1a: Zapdos
|
|
|switch|p1a: Arcanine|Arcanine-Hisui, F, tera:Rock|92/100
|-damage|p1a: Arcanine|79/100|[from] Spikes
|turn|20
|
|switch|p2a: Toxapex|Toxapex, F|100/100
|move|p1a: Arcanine|Head Smash|p2a: Toxapex
|-damage|p2a: Toxapex|0 fnt
|faint|p2a: Toxapex
|
|
|switch|p2a: Hydreigon|Hydreigon, M|83/100
|turn|21
|
|switch|p1a: Great Tusk|Great Tusk, shiny|54/100
|-damage|p1a: Great Tusk|42/100|[from] Spikes
|move|p2a: Hydreigon|Draco Meteor|p1a: Great Tusk
|-damage|p1a: Great Tusk|0 fnt
|-unboost|p2a: Hydreigon|spa|2
|faint|p1a: Great Tusk
|-end|p1a: Great Tusk|Protosynthesis|[silent]
|
|
|switch|p1a: Arcanine|Arcanine-Hisui, F, tera:Rock|79/100
|-damage|p1a: Arcanine|67/100|[from] Spikes
|turn|22
|
|switch|p2a: Skeledirge|Skeledirge, F|100/100
|move|p1a: Arcanine|Head Smash|p2a: Skeledirge
|-supereffective|p2a: Skeledirge
|-damage|p2a: Skeledirge|0 fnt
|faint|p2a: Skeledirge
|
|
|switch|p2a: Hydreigon|Hydreigon, M|83/100
|turn|23
|
|move|p2a: Hydreigon|Draco Meteor|p1a: Arcanine
|-damage|p1a: Arcanine|0 fnt
|-unboost|p2a: Hydreigon|spa|2
|faint|p1a: Arcanine
|
|
|switch|p1a: Kingambit|Kingambit, M|100/100
|-damage|p1a: Kingambit|88/100|[from] Spikes
|-activate|p1a: Kingambit|ability: Supreme Overlord
|-start|p1a: Kingambit|fallen5|[silent]
|turn|24
|
|move|p2a: Hydreigon|Draco Meteor|p1a: Kingambit|[miss]
|-miss|p2a: Hydreigon|p1a: Kingambit
|move|p1a: Kingambit|Swords Dance|p1a: Kingambit
|-boost|p1a: Kingambit|atk|2
|
|-heal|p1a: Kingambit|94/100|[from] item: Leftovers
|turn|25
|
|move|p2a: Hydreigon|Draco Meteor|p1a: Kingambit
|-resisted|p1a: Kingambit
|-damage|p1a: Kingambit|78/100
|-unboost|p2a: Hydreigon|spa|2
|move|p1a: Kingambit|Swords Dance|p1a: Kingambit
|-boost|p1a: Kingambit|atk|2
|
|-heal|p1a: Kingambit|84/100|[from] item: Leftovers
|turn|26
|
|-activate|p2a: Hydreigon|move: Struggle
|move|p2a: Hydreigon|Struggle|p1a: Kingambit
|-damage|p1a: Kingambit|76/100
|-damage|p2a: Hydreigon|58/100|[from] recoil
|move|p1a: Kingambit|Swords Dance|p1a: Kingambit
|-boost|p1a: Kingambit|atk|2
|
|-heal|p1a: Kingambit|82/100|[from] item: Leftovers
|turn|27
|
|-activate|p2a: Hydreigon|move: Struggle
|move|p2a: Hydreigon|Struggle|p1a: Kingambit
|-damage|p1a: Kingambit|74/100
|-damage|p2a: Hydreigon|33/100|[from] recoil
|move|p1a: Kingambit|Swords Dance|p1a: Kingambit
|-boost|p1a: Kingambit|atk|0
|
|-heal|p1a: Kingambit|80/100|[from] item: Leftovers
|turn|28
|-message|p2 forfeited.
|
|win|p1
