|poke|p1|Corviknight, M|
|poke|p1|Great Tusk|
|poke|p1|Dragapult, F|
|poke|p1|Overqwil, F|
|poke|p1|Pelipper, M|
|poke|p1|Thundurus-Therian, M|
|poke|p2|Chien-Pao|
|poke|p2|Zamazenta-*|
|poke|p2|Basculegion-F, F|
|poke|p2|Magearna|
|poke|p2|Ursaluna, F|
|poke|p2|Dragapult, M|
|teampreview
|
|start
|switch|p1a: Pelipper|Pelipper, M|100/100
|switch|p2a: Basculegion|Basculegion-F, F|100/100
|-weather|RainDance|[from] ability: Drizzle|[of] p1a: Pelipper
|turn|1
|
|move|p2a: Basculegion|Hydro Pump|p1a: Pelipper
|-resisted|p1a: Pelipper
|-damage|p1a: Pelipper|0 fnt
|faint|p1a: Pelipper
|
|-weather|RainDance|[upkeep]
|
|switch|p1a: Thundurus|Thundurus-Therian, M|100/100
|turn|2
|
|-terastallize|p2a: Basculegion|Ground
|move|p1a: Thundurus|Thunder|p2a: Basculegion
|-immune|p2a: Basculegion
|move|p2a: Basculegion|Hydro Pump|p1a: Thundurus
|-damage|p1a: Thundurus|0 fnt
|faint|p1a: Thundurus
|
|-weather|RainDance|[upkeep]
|
|switch|p1a: Overqwil|Overqwil, F, shiny|100/100
|turn|3
|
|move|p1a: Overqwil|Liquidation|p2a: Basculegion
|-supereffective|p2a: Basculegion
|-damage|p2a: Basculegion|0 fnt
|faint|p2a: Basculegion
|-damage|p1a: Overqwil|91/100|[from] item: Life Orb
|
|-weather|RainDance|[upkeep]
|
|switch|p2a: Zamazenta|Zamazenta-Crowned|100/100
|-ability|p2a: Zamazenta|Dauntless Shield|boost
|-boost|p2a: Zamazenta|def|1
|turn|4
|
|switch|p1a: Corviknight|Corviknight, M, shiny|100/100
|move|p2a: Zamazenta|Body Press|p1a: Corviknight
|-damage|p1a: Corviknight|56/100
|
|-weather|RainDance|[upkeep]
|turn|5
|
|move|p2a: Zamazenta|Body Press|p1a: Corviknight
|-damage|p1a: Corviknight|10/100
|move|p1a: Corviknight|Body Press|p2a: Zamazenta
|-supereffective|p2a: Zamazenta
|-damage|p2a: Zamazenta|85/100
|
|-weather|RainDance|[upkeep]
|turn|6
|
|move|p2a: Zamazenta|Body Press|p1a: Corviknight
|-damage|p1a: Corviknight|0 fnt
|faint|p1a: Corviknight
|
|-weather|RainDance|[upkeep]
|
|switch|p1a: Great Tusk|Great Tusk|100/100
|turn|7
|
|move|p2a: Zamazenta|Body Press|p1a: Great Tusk
|-damage|p1a: Great Tusk|58/100
|move|p1a: Great Tusk|Headlong Rush|p2a: Zamazenta
|-supereffective|p2a: Zamazenta
|-damage|p2a: Zamazenta|35/100
|-unboost|p1a: Great Tusk|def|1
|-unboost|p1a: Great Tusk|spd|1
|
|-weather|RainDance|[upkeep]
|turn|8
|
|-end|p1a: Great Tusk|Protosynthesis|[silent]
|switch|p1a: Dragapult|Dragapult, F|100/100
|move|p2a: Zamazenta|Body Press|p1a: Dragapult
|-immune|p1a: Dragapult
|
|-weather|none
|turn|9
|
|move|p1a: Dragapult|Psychic Fangs|p2a: Zamazenta
|-damage|p2a: Zamazenta|21/100
|move|p2a: Zamazenta|Heavy Slam|p1a: Dragapult
|-damage|p1a: Dragapult|26/100
|
|turn|10
|
|move|p1a: Dragapult|Psychic Fangs|p2a: Zamazenta
|-damage|p2a: Zamazenta|6/100
|move|p2a: Zamazenta|Heavy Slam|p1a: Dragapult
|-damage|p1a: Dragapult|0 fnt
|faint|p1a: Dragapult
|
|
|switch|p1a: Overqwil|Overqwil, F, shiny|91/100
|turn|11
|
|move|p2a: Zamazenta|Body Press|p1a: Overqwil
|-damage|p1a: Overqwil|2/100
|move|p1a: Overqwil|Fell Stinger|p2a: Zamazenta
|-resisted|p2a: Zamazenta
|-damage|p2a: Zamazenta|5/100
|-damage|p1a: Overqwil|0 fnt|[from] item: Life Orb
|faint|p1a: Overqwil
|
|-message|jxy9 forfeited.
|
|win|Lenny331
|l|☆jxy9
