|poke|p1|Baxcalibur, F|
|poke|p1|Corviknight, F|
|poke|p1|Heatran, M|
|poke|p1|Sneasler, M|
|poke|p1|Zamazenta-*|
|poke|p1|Dragapult, F|
|poke|p2|Lilligant-Hisui, F|
|poke|p2|Sneasler, M|
|poke|p2|Corviknight, M|
|poke|p2|Landorus-Therian, M|
|poke|p2|Magearna|
|poke|p2|Chien-Pao|
|teampreview
|
|start
|switch|p1a: Dragapult|Dragapult, F|100/100
|switch|p2a: Chien-Pao|Chien-Pao|100/100
|-ability|p2a: Chien-Pao|Sword of Ruin
|turn|1
|
|switch|p1a: Corviknight|Corviknight, F|100/100
|-ability|p1a: Corviknight|Pressure
|move|p2a: Chien-Pao|Ice Shard|p1a: Corviknight
|-damage|p1a: Corviknight|76/100
|
|turn|2
|
|switch|p2a: Magearna|Magearna|100/100
|move|p1a: Corviknight|U-turn|p2a: Magearna
|-resisted|p2a: Magearna
|-damage|p2a: Magearna|97/100
|
|switch|p1a: Heatran|Heatran, M|100/100|[from] U-turn
|
|turn|3
|
|-terastallize|p2a: Magearna|Ground
|move|p2a: Magearna|Tera Blast|p1a: Heatran
|-supereffective|p1a: Heatran
|-damage|p1a: Heatran|0 fnt
|faint|p1a: Heatran
|-ability|p2a: Magearna|Soul-Heart|boost
|-boost|p2a: Magearna|spa|1
|
|
|switch|p1a: Baxcalibur|Baxcalibur, F|100/100
|turn|4
|
|switch|p2a: Chien-Pao|Chien-Pao|100/100
|-ability|p2a: Chien-Pao|Sword of Ruin
|move|p1a: Baxcalibur|Icicle Spear|p2a: Chien-Pao
|-resisted|p2a: Chien-Pao
|-damage|p2a: Chien-Pao|91/100
|-resisted|p2a: Chien-Pao
|-damage|p2a: Chien-Pao|82/100
|-resisted|p2a: Chien-Pao
|-damage|p2a: Chien-Pao|71/100
|-resisted|p2a: Chien-Pao
|-damage|p2a: Chien-Pao|61/100
|-resisted|p2a: Chien-Pao
|-damage|p2a: Chien-Pao|51/100
|-hitcount|p2a: Chien-Pao|5
|
|turn|5
|
|switch|p1a: Corviknight|Corviknight, F|76/100
|-ability|p1a: Corviknight|Pressure
|move|p2a: Chien-Pao|Sacred Sword|p1a: Corviknight
|-damage|p1a: Corviknight|43/100
|-damage|p2a: Chien-Pao|35/100|[from] item: Rocky Helmet|[of] p1a: Corviknight
|
|turn|6
|
|switch|p2a: Magearna|Magearna, tera:Ground|97/100
|move|p1a: Corviknight|Roost|p1a: Corviknight
|-heal|p1a: Corviknight|93/100
|-singleturn|p1a: Corviknight|move: Roost
|
|turn|7
|
|move|p2a: Magearna|Shift Gear|p2a: Magearna
|-boost|p2a: Magearna|spe|2
|-boost|p2a: Magearna|atk|1
|move|p1a: Corviknight|U-turn|p2a: Magearna
|-damage|p2a: Magearna|82/100
|
|switch|p1a: Sneasler|Sneasler, M|100/100|[from] U-turn
|-ability|p1a: Sneasler|Pressure
|-item|p1a: Sneasler|Air Balloon
|
|turn|8
|
|move|p1a: Sneasler|Fake Out|p2a: Magearna
|-damage|p2a: Magearna|67/100
|cant|p2a: Magearna|flinch
|
|turn|9
|
|-terastallize|p1a: Sneasler|Fighting
|move|p2a: Magearna|Thunderbolt|p1a: Sneasler
|-damage|p1a: Sneasler|52/100
|-enditem|p1a: Sneasler|Air Balloon
|move|p1a: Sneasler|Close Combat|p2a: Magearna
|-damage|p2a: Magearna|0 fnt
|-unboost|p1a: Sneasler|def|1
|-unboost|p1a: Sneasler|spd|1
|faint|p2a: Magearna
|
|
|switch|p2a: nerfed :(|Landorus-Therian, M|100/100
|-ability|p2a: nerfed :(|Intimidate|boost
|-unboost|p1a: Sneasler|atk|1
|turn|10
|
|switch|p1a: Corviknight|Corviknight, F|93/100
|-ability|p1a: Corviknight|Pressure
|move|p2a: nerfed :(|Earthquake|p1a: Corviknight
|-immune|p1a: Corviknight
|
|turn|11
|
|move|p2a: nerfed :(|Stealth Rock|p1a: Corviknight
|-sidestart|p1: Fear Forma|move: Stealth Rock
|move|p1a: Corviknight|U-turn|p2a: nerfed :(
|-resisted|p2a: nerfed :(
|-damage|p2a: nerfed :(|95/100
|
|switch|p1a: Baxcalibur|Baxcalibur, F|100/100|[from] U-turn
|-damage|p1a: Baxcalibur|76/100|[from] Stealth Rock
|
|-heal|p2a: nerfed :(|100/100|[from] item: Leftovers
|turn|12
|
|move|p1a: Baxcalibur|Icicle Spear|p2a: nerfed :(
|-supereffective|p2a: nerfed :(
|-damage|p2a: nerfed :(|59/100
|-supereffective|p2a: nerfed :(
|-damage|p2a: nerfed :(|18/100
|-supereffective|p2a: nerfed :(
|-crit|p2a: nerfed :(
|-damage|p2a: nerfed :(|0 fnt
|faint|p2a: nerfed :(
|-hitcount|p2: nerfed :(|3
|
|
|switch|p2a: Chien-Pao|Chien-Pao|35/100
|-ability|p2a: Chien-Pao|Sword of Ruin
|turn|13
|
|switch|p1a: Corviknight|Corviknight, F|93/100
|-damage|p1a: Corviknight|80/100|[from] Stealth Rock
|-ability|p1a: Corviknight|Pressure
|move|p2a: Chien-Pao|Icicle Crash|p1a: Corviknight
|-damage|p1a: Corviknight|26/100
|
|turn|14
|
|move|p2a: Chien-Pao|Icicle Crash|p1a: Corviknight
|-damage|p1a: Corviknight|0 fnt
|faint|p1a: Corviknight
|
|
|switch|p1a: Zamazenta|Zamazenta|100/100
|-damage|p1a: Zamazenta|94/100|[from] Stealth Rock
|-ability|p1a: Zamazenta|Dauntless Shield|boost
|-boost|p1a: Zamazenta|def|1
|turn|15
|
|switch|p2a: Corviknight|Corviknight, M|100/100
|move|p1a: Zamazenta|Iron Defense|p1a: Zamazenta
|-boost|p1a: Zamazenta|def|2
|
|-heal|p1a: Zamazenta|100/100|[from] item: Leftovers
|turn|16
|
|move|p1a: Zamazenta|Substitute|p1a: Zamazenta
|-start|p1a: Zamazenta|Substitute
|-damage|p1a: Zamazenta|76/100
|move|p2a: Corviknight|Brave Bird|p1a: Zamazenta
|-supereffective|p1a: Zamazenta
|-activate|p1a: Zamazenta|move: Substitute|[damage]
|-damage|p2a: Corviknight|94/100|[from] Recoil|[of] p1a: Zamazenta
|
|-heal|p1a: Zamazenta|82/100|[from] item: Leftovers
|turn|17
|
|move|p1a: Zamazenta|Iron Defense|p1a: Zamazenta
|-boost|p1a: Zamazenta|def|2
|move|p2a: Corviknight|Brave Bird|p1a: Zamazenta
|-supereffective|p1a: Zamazenta
|-end|p1a: Zamazenta|Substitute
|-damage|p2a: Corviknight|94/100|[from] Recoil|[of] p1a: Zamazenta
|
|-heal|p1a: Zamazenta|88/100|[from] item: Leftovers
|turn|18
|
|move|p1a: Zamazenta|Substitute|p1a: Zamazenta
|-start|p1a: Zamazenta|Substitute
|-damage|p1a: Zamazenta|63/100
|move|p2a: Corviknight|Brave Bird|p1a: Zamazenta
|-supereffective|p1a: Zamazenta
|-activate|p1a: Zamazenta|move: Substitute|[damage]
|-damage|p2a: Corviknight|89/100|[from] Recoil|[of] p1a: Zamazenta
|
|-heal|p1a: Zamazenta|69/100|[from] item: Leftovers
|turn|19
|
|move|p1a: Zamazenta|Body Press|p2a: Corviknight
|-damage|p2a: Corviknight|10/100
|-damage|p1a: Zamazenta|52/100|[from] item: Rocky Helmet|[of] p2a: Corviknight
|move|p2a: Corviknight|Brave Bird|p1a: Zamazenta
|-supereffective|p1a: Zamazenta
|-end|p1a: Zamazenta|Substitute
|-damage|p2a: Corviknight|8/100|[from] Recoil|[of] p1a: Zamazenta
|
|-heal|p1a: Zamazenta|59/100|[from] item: Leftovers
|turn|20
|
|move|p1a: Zamazenta|Substitute|p1a: Zamazenta
|-start|p1a: Zamazenta|Substitute
|-damage|p1a: Zamazenta|34/100
|move|p2a: Corviknight|Brave Bird|p1a: Zamazenta
|-supereffective|p1a: Zamazenta
|-activate|p1a: Zamazenta|move: Substitute|[damage]
|-damage|p2a: Corviknight|3/100|[from] Recoil|[of] p1a: Zamazenta
|
|-heal|p1a: Zamazenta|40/100|[from] item: Leftovers
|turn|21
|
|move|p1a: Zamazenta|Body Press|p2a: Corviknight
|-damage|p2a: Corviknight|0 fnt
|-damage|p1a: Zamazenta|23/100|[from] item: Rocky Helmet|[of] p2a: Corviknight
|faint|p2a: Corviknight
|
|-heal|p1a: Zamazenta|29/100|[from] item: Leftovers
|
|switch|p2a: Chien-Pao|Chien-Pao|35/100
|-ability|p2a: Chien-Pao|Sword of Ruin
|turn|22
|
|move|p2a: Chien-Pao|Ice Shard|p1a: Zamazenta
|-end|p1a: Zamazenta|Substitute
|move|p1a: Zamazenta|Body Press|p2a: Chien-Pao
|-supereffective|p2a: Chien-Pao
|-damage|p2a: Chien-Pao|0 fnt
|faint|p2a: Chien-Pao
|
|-heal|p1a: Zamazenta|36/100|[from] item: Leftovers
|
|switch|p2a: Lilligant|Lilligant-Hisui, F, shiny|100/100
|turn|23
|
|move|p1a: Zamazenta|Body Press|p2a: Lilligant
|-damage|p2a: Lilligant|0 fnt
|faint|p2a: Lilligant
|
|-heal|p1a: Zamazenta|42/100|[from] item: Leftovers
|
|switch|p2a: Sneasler|Sneasler, M, shiny|100/100
|turn|24
|
|move|p1a: Zamazenta|Body Press|p2a: Sneasler
|-resisted|p2a: Sneasler
|-damage|p2a: Sneasler|0 fnt
|faint|p2a: Sneasler
|
|win|Fear Forma
|l|☆CrunchyrollPremium
