|poke|p1|Ursaluna, F|
|poke|p1|Rillaboom, F|
|poke|p1|Dragapult, F|
|poke|p1|Magearna|
|poke|p1|Great Tusk|
|poke|p1|Slowbro, F|
|poke|p2|Indeedee, M|
|poke|p2|Espeon, M|
|poke|p2|Orthworm, F|
|poke|p2|Veluza, M|
|poke|p2|Polteageist|
|poke|p2|Roaring Moon|
|teampreview
|player|p1|
|player|p1|p1|dawn-gen4pt
|
|start
|switch|p1a: Dragapult|Dragapult, F, shiny|100/100
|switch|p2a: Orthworm|Orthworm, F, shiny|100/100
|turn|1
|
|move|p1a: Dragapult|Substitute|p1a: Dragapult
|-start|p1a: Dragapult|Substitute
|-damage|p1a: Dragapult|76/100
|move|p2a: Orthworm|Curse|p2a: Orthworm
|-unboost|p2a: Orthworm|spe|1
|-boost|p2a: Orthworm|atk|1
|-boost|p2a: Orthworm|def|1
|
|-heal|p1a: Dragapult|82/100|[from] item: Leftovers
|turn|2
|
|-terastallize|p2a: Orthworm|Electric
|move|p1a: Dragapult|Thunder Wave|p2a: Orthworm
|-immune|p2a: Orthworm
|move|p2a: Orthworm|Curse|p2a: Orthworm
|-unboost|p2a: Orthworm|spe|1
|-boost|p2a: Orthworm|atk|1
|-boost|p2a: Orthworm|def|1
|
|-heal|p1a: Dragapult|88/100|[from] item: Leftovers
|turn|3
|
|move|p1a: Dragapult|Hex|p2a: Orthworm
|-damage|p2a: Orthworm|75/100
|move|p2a: Orthworm|Curse|p2a: Orthworm
|-unboost|p2a: Orthworm|spe|1
|-boost|p2a: Orthworm|atk|1
|-boost|p2a: Orthworm|def|1
|
|-heal|p1a: Dragapult|94/100|[from] item: Leftovers
|-heal|p2a: Orthworm|81/100|[from] item: Leftovers
|turn|4
|
|move|p1a: Dragapult|Hex|p2a: Orthworm
|-damage|p2a: Orthworm|52/100
|move|p2a: Orthworm|Curse|p2a: Orthworm
|-unboost|p2a: Orthworm|spe|1
|-boost|p2a: Orthworm|atk|1
|-boost|p2a: Orthworm|def|1
|
|-heal|p1a: Dragapult|99/100|[from] item: Leftovers
|-heal|p2a: Orthworm|58/100|[from] item: Leftovers
|turn|5
|
|-terastallize|p1a: Dragapult|Ghost
|move|p1a: Dragapult|Hex|p2a: Orthworm
|-damage|p2a: Orthworm|23/100
|move|p2a: Orthworm|Heavy Slam|p1a: Dragapult
|-end|p1a: Dragapult|Substitute
|
|-heal|p1a: Dragapult|100/100|[from] item: Leftovers
|-heal|p2a: Orthworm|29/100|[from] item: Leftovers
|turn|6
|
|move|p1a: Dragapult|Hex|p2a: Orthworm
|-damage|p2a: Orthworm|0 fnt
|faint|p2a: Orthworm
|
|
|switch|p2a: Polteageist|Polteageist, shiny|100/100
|turn|7
|
|move|p1a: Dragapult|Dragon Darts|p2a: Polteageist
|-damage|p2a: Polteageist|58/100
|-ability|p2a: Polteageist|Weak Armor|boost
|-unboost|p2a: Polteageist|def|1
|-boost|p2a: Polteageist|spe|2
|-anim|p1a: Dragapult|Dragon Darts|p2a: Polteageist
|-damage|p2a: Polteageist|0 fnt
|faint|p2a: Polteageist
|
|
|switch|p2a: Indeedee|Indeedee, M|100/100
|-fieldstart|move: Psychic Terrain|[from] ability: Psychic Surge|[of] p2a: Indeedee
|turn|8
|
|move|p1a: Dragapult|Thunder Wave|p2a: Indeedee
|-status|p2a: Indeedee|par
|move|p2a: Indeedee|Dazzling Gleam|p1a: Dragapult
|-damage|p1a: Dragapult|66/100
|
|-heal|p1a: Dragapult|72/100|[from] item: Leftovers
|turn|9
|
|switch|p1a: Magearna|Magearna|100/100
|move|p2a: Indeedee|Dazzling Gleam|p1a: Magearna
|-resisted|p1a: Magearna
|-damage|p1a: Magearna|91/100
|
|-heal|p1a: Magearna|97/100|[from] item: Leftovers
|turn|10
|
|switch|p2a: Espeon|Espeon, M, shiny|100/100
|move|p1a: Magearna|Volt Switch|p2a: Espeon
|-damage|p2a: Espeon|75/100
|
|switch|p1a: Rillaboom|Rillaboom, F, shiny|100/100|[from] Volt Switch
|-fieldstart|move: Grassy Terrain|[from] ability: Grassy Surge|[of] p1a: Rillaboom
|
|-heal|p2a: Espeon|81/100|[from] Grassy Terrain
|turn|11
|
|switch|p2a: Indeedee|Indeedee, M|100/100 par
|-fieldstart|move: Psychic Terrain|[from] ability: Psychic Surge|[of] p2a: Indeedee
|move|p1a: Rillaboom|Wood Hammer|p2a: Indeedee
|-damage|p2a: Indeedee|0 fnt
|faint|p2a: Indeedee
|-damage|p1a: Rillaboom|75/100|[from] Recoil
|
|
|switch|p2a: Veluza|Veluza, M, shiny|100/100
|turn|12
|
|move|p1a: Rillaboom|Wood Hammer|p2a: Veluza
|-supereffective|p2a: Veluza
|-damage|p2a: Veluza|0 fnt
|faint|p2a: Veluza
|-damage|p1a: Rillaboom|44/100|[from] Recoil
|
|
|switch|p2a: Roaring Moon|Roaring Moon, shiny|100/100
|turn|13
|
|switch|p1a: Slowbro|Slowbro, F, shiny|100/100
|move|p2a: Roaring Moon|Dragon Dance|p2a: Roaring Moon
|-boost|p2a: Roaring Moon|atk|1
|-boost|p2a: Roaring Moon|spe|1
|
|turn|14
|
|move|p2a: Roaring Moon|Crunch|p1a: Slowbro
|-supereffective|p1a: Slowbro
|-enditem|p1a: Slowbro|Colbur Berry|[eat]
|-enditem|p1a: Slowbro|Colbur Berry|[weaken]
|-damage|p1a: Slowbro|52/100
|move|p1a: Slowbro|Body Press|p2a: Roaring Moon
|-supereffective|p2a: Roaring Moon
|-damage|p2a: Roaring Moon|36/100
|
|turn|15
|
|move|p2a: Roaring Moon|Crunch|p1a: Slowbro
|-supereffective|p1a: Slowbro
|-damage|p1a: Slowbro|0 fnt
|faint|p1a: Slowbro
|
|
|switch|p1a: Magearna|Magearna|97/100
|turn|16
|
|move|p1a: Magearna|Protect|p1a: Magearna
|-singleturn|p1a: Magearna|Protect
|move|p2a: Roaring Moon|Dragon Dance|p2a: Roaring Moon
|-boost|p2a: Roaring Moon|atk|1
|-boost|p2a: Roaring Moon|spe|1
|
|-heal|p1a: Magearna|100/100|[from] item: Leftovers
|turn|17
|
|move|p2a: Roaring Moon|Crunch|p1a: Magearna
|-resisted|p1a: Magearna
|-damage|p1a: Magearna|69/100
|move|p1a: Magearna|Fleur Cannon|p2a: Roaring Moon
|-supereffective|p2a: Roaring Moon
|-damage|p2a: Roaring Moon|0 fnt
|-unboost|p1a: Magearna|spa|2
|faint|p2a: Roaring Moon
|-ability|p1a: Magearna|Soul-Heart|boost
|-boost|p1a: Magearna|spa|1
|-end|p2a: Roaring Moon|Protosynthesis|[silent]
|
|-heal|p1a: Magearna|75/100|[from] item: Leftovers
|
|switch|p2a: Espeon|Espeon, M, shiny|81/100
|turn|18
|
|move|p2a: Espeon|Shadow Ball|p1a: Magearna
|-crit|p1a: Magearna
|-damage|p1a: Magearna|40/100
|move|p1a: Magearna|Volt Switch|p2a: Espeon
|-damage|p2a: Espeon|63/100
|
|switch|p1a: Dragapult|Dragapult, F, shiny, tera:Ghost|72/100|[from] Volt Switch
|
|-heal|p1a: Dragapult|78/100|[from] item: Leftovers
|-fieldend|move: Psychic Terrain
|turn|19
|
|move|p1a: Dragapult|Hex|p2a: Espeon
|-supereffective|p2a: Espeon
|-damage|p2a: Espeon|0 fnt
|faint|p2a: Espeon
|
|win|p1
