# advantage = p1
|poke|p1|Pelipper, F|
|poke|p1|Basculegion, M|
|poke|p1|Golduck, F|
|poke|p1|Thundurus-Therian, M|
|poke|p1|Scizor, M|
|poke|p1|Electrode-Hisui|
|poke|p2|Magearna|
|poke|p2|Masquerain, F|
|poke|p2|Gholdengo|
|poke|p2|Grimmsnarl, M|
|poke|p2|Zamazenta-*|
|poke|p2|Ursaluna, M|
|teampreview
|
|start
|switch|p1a: Thundurus|Thundurus-Therian, M|100/100
|switch|p2a: Masquerain|Masquerain, F|100/100
|-ability|p2a: Masquerain|Intimidate|boost
|-unboost|p1a: Thundurus|atk|1
|turn|1
|
|move|p1a: Thundurus|Taunt|p2a: Masquerain
|-start|p2a: Masquerain|move: Taunt
|cant|p2a: Masquerain|move: Taunt|Sticky Web
|
|turn|2
|
|switch|p2a: Ursaluna|Ursaluna, M|100/100
|move|p1a: Thundurus|Nasty Plot|p1a: Thundurus
|-boost|p1a: Thundurus|spa|2
|
|-status|p2a: Ursaluna|brn|[from] item: Flame Orb
|turn|3
|
|switch|p2a: Grimmsnarl|Grimmsnarl, M|100/100
|-terastallize|p1a: Thundurus|Ice
|move|p1a: Thundurus|Tera Blast|p2a: Grimmsnarl
|-crit|p2a: Grimmsnarl
|-damage|p2a: Grimmsnarl|0 fnt
|faint|p2a: Grimmsnarl
|
|
|switch|p2a: Masquerain|Masquerain, F|100/100
|-ability|p2a: Masquerain|Intimidate|boost
|-unboost|p1a: Thundurus|atk|1
|turn|4
|
|move|p1a: Thundurus|Taunt|p2a: Masquerain
|-start|p2a: Masquerain|move: Taunt
|cant|p2a: Masquerain|move: Taunt|Haze
|
|turn|5
|
|move|p1a: Thundurus|Tera Blast|p2a: Masquerain
|-supereffective|p2a: Masquerain
|-enditem|p2a: Masquerain|Focus Sash
|-damage|p2a: Masquerain|1/100
|move|p2a: Masquerain|U-turn|p1a: Thundurus
|-damage|p1a: Thundurus|72/100
|
|switch|p2a: Gholdengo|Gholdengo|100/100|[from] U-turn
|
|turn|6
|
|move|p1a: Thundurus|Wildbolt Storm|p2a: Gholdengo
|-damage|p2a: Gholdengo|0 fnt
|faint|p2a: Gholdengo
|
|
|switch|p2a: Magearna|Magearna|100/100
|turn|7
|
|move|p1a: Thundurus|Wildbolt Storm|p2a: Magearna
|-damage|p2a: Magearna|0 fnt
|faint|p2a: Magearna
|
|-message|p2 forfeited.
|
|win|p1
