# advantage = p1
|poke|p1|Pelipper, M|
|poke|p1|Basculegion, M|
|poke|p1|Walking Wake|
|poke|p1|Urshifu-*, M|
|poke|p1|Volcanion|
|poke|p1|Thundurus-Therian, M|
|poke|p2|Enamorus-Therian, F|
|poke|p2|Gholdengo|
|poke|p2|Sneasler, M|
|poke|p2|Zamazenta-*|
|poke|p2|Dragapult, F|
|poke|p2|Garchomp, M|
|teampreview
|
|start
|switch|p1a: Pelipper|Pelipper, M|100/100
|switch|p2a: Garchomp|Garchomp, M|100/100
|-weather|RainDance|[from] ability: Drizzle|[of] p1a: Pelipper
|turn|1
|
|switch|p1a: Walking Wake|Walking Wake|100/100
|move|p2a: Garchomp|Stealth Rock|p1a: Walking Wake
|-sidestart|p1: p1|move: Stealth Rock
|
|-weather|RainDance|[upkeep]
|turn|2
|
|move|p1a: Walking Wake|Hydro Pump|p2a: Garchomp
|-damage|p2a: Garchomp|0 fnt
|faint|p2a: Garchomp
|
|-weather|RainDance|[upkeep]
|
|switch|p2a: Dragapult|Dragapult, F|100/100
|turn|3
|
|move|p2a: Dragapult|Reflect|p2a: Dragapult
|-sidestart|p2: p2|Reflect
|move|p1a: Walking Wake|Hydro Pump|p2a: Dragapult|[miss]
|-miss|p1a: Walking Wake|p2a: Dragapult
|
|-weather|RainDance|[upkeep]
|turn|4
|
|-end|p1a: Walking Wake|Protosynthesis|[silent]
|switch|p1a: Thundurus|Thundurus-Therian, M|100/100
|move|p2a: Dragapult|Light Screen|p2a: Dragapult
|-sidestart|p2: p2|move: Light Screen
|
|-weather|RainDance|[upkeep]
|turn|5
|
|move|p2a: Dragapult|Curse|p1a: Thundurus
|-start|p1a: Thundurus|Curse|[of] p2a: Dragapult
|-damage|p2a: Dragapult|50/100
|move|p1a: Thundurus|Nasty Plot|p1a: Thundurus
|-boost|p1a: Thundurus|spa|2
|
|-weather|RainDance|[upkeep]
|-damage|p1a: Thundurus|76/100|[from] Curse
|turn|6
|
|move|p2a: Dragapult|Will-O-Wisp|p1a: Thundurus
|-status|p1a: Thundurus|brn
|move|p1a: Thundurus|Nasty Plot|p1a: Thundurus
|-boost|p1a: Thundurus|spa|2
|
|-weather|RainDance|[upkeep]
|-damage|p1a: Thundurus|70/100 brn|[from] brn
|-damage|p1a: Thundurus|45/100 brn|[from] Curse
|turn|7
|
|move|p2a: Dragapult|Curse||[still]
|-fail|p2a: Dragapult
|move|p1a: Thundurus|Thunder|p2a: Dragapult
|-resisted|p2a: Dragapult
|-damage|p2a: Dragapult|2/100
|
|-weather|RainDance|[upkeep]
|-damage|p1a: Thundurus|39/100 brn|[from] brn
|-damage|p1a: Thundurus|14/100 brn|[from] Curse
|turn|8
|
|move|p2a: Dragapult|Curse||[still]
|-fail|p2a: Dragapult
|move|p1a: Thundurus|Thunder|p2a: Dragapult
|-resisted|p2a: Dragapult
|-damage|p2a: Dragapult|0 fnt
|faint|p2a: Dragapult
|
|-weather|none
|-damage|p1a: Thundurus|8/100 brn|[from] brn
|-damage|p1a: Thundurus|0 fnt|[from] Curse
|faint|p1a: Thundurus
|
|switch|p2a: Sneasler|Sneasler, M|100/100
|switch|p1a: Volcanion|Volcanion|100/100
|-item|p2a: Sneasler|Air Balloon
|-damage|p1a: Volcanion|75/100|[from] Stealth Rock
|turn|9
|
|move|p2a: Sneasler|Swords Dance|p2a: Sneasler
|-boost|p2a: Sneasler|atk|2
|move|p1a: Volcanion|Steam Eruption|p2a: Sneasler
|-damage|p2a: Sneasler|66/100
|-enditem|p2a: Sneasler|Air Balloon
|
|turn|10
|
|move|p2a: Sneasler|Dire Claw|p1a: Volcanion
|-damage|p1a: Volcanion|1/100
|-status|p1a: Volcanion|psn
|move|p1a: Volcanion|Steam Eruption|p2a: Sneasler
|-damage|p2a: Sneasler|34/100
|-status|p2a: Sneasler|brn
|
|-damage|p1a: Volcanion|0 fnt|[from] psn
|faint|p1a: Volcanion
|-damage|p2a: Sneasler|28/100 brn|[from] brn
|-sideend|p2: p2|Reflect
|
|switch|p1a: Pelipper|Pelipper, M|100/100
|-damage|p1a: Pelipper|76/100|[from] Stealth Rock
|-weather|RainDance|[from] ability: Drizzle|[of] p1a: Pelipper
|turn|11
|
|move|p2a: Sneasler|Dire Claw|p1a: Pelipper
|-damage|p1a: Pelipper|43/100
|move|p1a: Pelipper|U-turn|p2a: Sneasler
|-resisted|p2a: Sneasler
|-damage|p2a: Sneasler|24/100 brn
|
|switch|p1a: Basculegion|Basculegion, M|100/100|[from] U-turn
|-damage|p1a: Basculegion|88/100|[from] Stealth Rock
|
|-weather|RainDance|[upkeep]
|-damage|p2a: Sneasler|18/100 brn|[from] brn
|-sideend|p2: p2|move: Light Screen
|turn|12
|
|move|p2a: Sneasler|Dire Claw|p1a: Basculegion
|-resisted|p1a: Basculegion
|-damage|p1a: Basculegion|60/100
|move|p1a: Basculegion|Wave Crash|p2a: Sneasler
|-damage|p2a: Sneasler|0 fnt
|faint|p2a: Sneasler
|-damage|p1a: Basculegion|55/100|[from] Recoil
|
|-weather|RainDance|[upkeep]
|
|switch|p2a: Zamazenta|Zamazenta|100/100
|-ability|p2a: Zamazenta|Dauntless Shield|boost
|-boost|p2a: Zamazenta|def|1
|turn|13
|
|-terastallize|p1a: Basculegion|Water
|move|p1a: Basculegion|Wave Crash|p2a: Zamazenta
|-damage|p2a: Zamazenta|12/100
|-damage|p1a: Basculegion|26/100|[from] Recoil
|move|p2a: Zamazenta|Crunch|p1a: Basculegion
|-damage|p1a: Basculegion|0 fnt
|faint|p1a: Basculegion
|
|-weather|RainDance|[upkeep]
|-heal|p2a: Zamazenta|18/100|[from] item: Leftovers
|
|switch|p1a: Urshifu|Urshifu-Rapid-Strike, M|100/100
|-damage|p1a: Urshifu|94/100|[from] Stealth Rock
|turn|14
|
|move|p2a: Zamazenta|Body Press|p1a: Urshifu
|-damage|p1a: Urshifu|45/100
|move|p1a: Urshifu|Swords Dance|p1a: Urshifu
|-boost|p1a: Urshifu|atk|2
|
|-weather|RainDance|[upkeep]
|-heal|p2a: Zamazenta|25/100|[from] item: Leftovers
|turn|15
|
|move|p1a: Urshifu|Aqua Jet|p2a: Zamazenta
|-damage|p2a: Zamazenta|0 fnt
|faint|p2a: Zamazenta
|
|-weather|RainDance|[upkeep]
|
|switch|p2a: Gholdengo|Gholdengo|100/100
|turn|16
|
|-terastallize|p2a: Gholdengo|Water
|move|p1a: Urshifu|Surging Strikes|p2a: Gholdengo
|-resisted|p2a: Gholdengo
|-crit|p2a: Gholdengo
|-damage|p2a: Gholdengo|66/100
|-resisted|p2a: Gholdengo
|-crit|p2a: Gholdengo
|-damage|p2a: Gholdengo|27/100
|-resisted|p2a: Gholdengo
|-crit|p2a: Gholdengo
|-damage|p2a: Gholdengo|0 fnt
|faint|p2a: Gholdengo
|-hitcount|p2: Gholdengo|3
|
|-weather|RainDance|[upkeep]
|
|switch|p2a: Enamorus|Enamorus-Therian, F|100/100
|turn|17
|
|move|p1a: Urshifu|Surging Strikes|p2a: Enamorus
|-crit|p2a: Enamorus
|-damage|p2a: Enamorus|30/100
|-crit|p2a: Enamorus
|-damage|p2a: Enamorus|0 fnt
|faint|p2a: Enamorus
|-hitcount|p2: Enamorus|2
|
|win|p1
