|poke|p1|Chien-Pao|
|poke|p1|Toxapex, F|
|poke|p1|Heatran, M|
|poke|p1|Zapdos|
|poke|p1|Great Tusk|
|poke|p1|Dragapult, F|
|poke|p2|Dragapult, F|
|poke|p2|Samurott-Hisui, F|
|poke|p2|Enamorus, F|
|poke|p2|Corviknight, M|
|poke|p2|Magearna|
|poke|p2|Armarouge, F|
|teampreview
|
|start
|switch|p1a: Nerfed|Zapdos, shiny|100/100
|switch|p2a: Samurott|Samurott-Hisui, F|100/100
|turn|1
|
|move|p1a: Nerfed|Volt Switch|p2a: Samurott
|-supereffective|p2a: Samurott
|-enditem|p2a: Samurott|Focus Sash
|-damage|p2a: Samurott|1/100
|
|switch|p1a: Syphilis|Toxapex, F|100/100|[from] Volt Switch
|move|p2a: Samurott|Ceaseless Edge|p1a: Syphilis
|-damage|p1a: Syphilis|70/100
|-sidestart|p1: p1|Spikes
|-damage|p2a: Samurott|0 fnt|[from] item: Rocky Helmet|[of] p1a: Syphilis
|faint|p2a: Samurott
|
|
|switch|p2a: Dragapult|Dragapult, F|100/100
|turn|2
|
|switch|p1a: Mauler|Heatran, M|100/100
|-damage|p1a: Mauler|88/100|[from] Spikes
|move|p2a: Dragapult|Light Screen|p2a: Dragapult
|-sidestart|p2: p2|move: Light Screen
|
|-heal|p1a: Mauler|94/100|[from] item: Leftovers
|turn|3
|
|move|p2a: Dragapult|Thunder Wave|p1a: Mauler
|-status|p1a: Mauler|par
|move|p1a: Mauler|Stealth Rock|p2a: Dragapult
|-sidestart|p2: p2|move: Stealth Rock
|
|-heal|p1a: Mauler|100/100 par|[from] item: Leftovers
|turn|4
|
|move|p2a: Dragapult|Reflect|p2a: Dragapult
|-sidestart|p2: p2|Reflect
|move|p1a: Mauler|Magma Storm|p2a: Dragapult
|-resisted|p2a: Dragapult
|-damage|p2a: Dragapult|88/100
|-activate|p2a: Dragapult|move: Magma Storm|[of] p1a: Mauler
|
|-damage|p2a: Dragapult|76/100|[from] move: Magma Storm|[partiallytrapped]
|turn|5
|
|switch|p2a: Magearna|Magearna|100/100
|-damage|p2a: Magearna|94/100|[from] Stealth Rock
|move|p1a: Mauler|Magma Storm|p2a: Magearna|[miss]
|-miss|p1a: Mauler|p2a: Magearna
|
|turn|6
|
|move|p2a: Magearna|Shift Gear|p2a: Magearna
|-boost|p2a: Magearna|spe|2
|-boost|p2a: Magearna|atk|1
|move|p1a: Mauler|Taunt|p2a: Magearna
|-start|p2a: Magearna|move: Taunt
|
|turn|7
|
|switch|p2a: Enamorus|Enamorus, F|100/100
|-damage|p2a: Enamorus|76/100|[from] Stealth Rock
|cant|p1a: Mauler|par
|
|turn|8
|
|switch|p1a: Syphilis|Toxapex, F|100/100
|-damage|p1a: Syphilis|88/100|[from] Spikes
|move|p2a: Enamorus|Earth Power|p1a: Syphilis
|-supereffective|p1a: Syphilis
|-damage|p1a: Syphilis|27/100
|
|turn|9
|
|switch|p1a: Nerfed|Zapdos, shiny|100/100
|move|p2a: Enamorus|Earth Power|p1a: Nerfed
|-immune|p1a: Nerfed
|
|-sideend|p2: p2|move: Light Screen
|turn|10
|
|switch|p2a: Dragapult|Dragapult, F|76/100
|-damage|p2a: Dragapult|63/100|[from] Stealth Rock
|move|p1a: Nerfed|Volt Switch|p2a: Dragapult
|-resisted|p2a: Dragapult
|-damage|p2a: Dragapult|42/100
|
|switch|p1a: Dragapult|Dragapult, F|100/100|[from] Volt Switch
|
|turn|11
|
|move|p1a: Dragapult|Dragon Darts|p2a: Dragapult
|-supereffective|p2a: Dragapult
|-damage|p2a: Dragapult|0 fnt
|-start|p1a: Dragapult|Disable|Dragon Darts|[from] ability: Cursed Body|[of] p2a: Dragapult
|faint|p2a: Dragapult
|
|-sideend|p2: p2|Reflect
|
|switch|p2a: Corviknight|Corviknight, M|100/100
|-damage|p2a: Corviknight|88/100|[from] Stealth Rock
|turn|12
|
|move|p1a: Dragapult|Will-O-Wisp|p2a: Corviknight
|-status|p2a: Corviknight|brn
|move|p2a: Corviknight|Agility|p2a: Corviknight
|-boost|p2a: Corviknight|spe|2
|
|-damage|p2a: Corviknight|82/100 brn|[from] brn
|turn|13
|
|move|p2a: Corviknight|Bulk Up|p2a: Corviknight
|-boost|p2a: Corviknight|atk|1
|-boost|p2a: Corviknight|def|1
|move|p1a: Dragapult|U-turn|p2a: Corviknight
|-resisted|p2a: Corviknight
|-damage|p2a: Corviknight|79/100 brn
|
|switch|p1a: Syphilis|Toxapex, F|60/100|[from] U-turn
|-damage|p1a: Syphilis|48/100|[from] Spikes
|
|-damage|p2a: Corviknight|72/100 brn|[from] brn
|turn|14
|
|move|p2a: Corviknight|Bulk Up|p2a: Corviknight
|-boost|p2a: Corviknight|atk|1
|-boost|p2a: Corviknight|def|1
|move|p1a: Syphilis|Haze|p1a: Syphilis
|-clearallboost
|
|-damage|p2a: Corviknight|66/100 brn|[from] brn
|turn|15
|
|switch|p2a: Enamorus|Enamorus, F|76/100
|-damage|p2a: Enamorus|51/100|[from] Stealth Rock
|move|p1a: Syphilis|Recover|p1a: Syphilis
|-heal|p1a: Syphilis|98/100
|
|turn|16
|
|move|p2a: Enamorus|Moonblast|p1a: Syphilis
|-resisted|p1a: Syphilis
|-damage|p1a: Syphilis|75/100
|move|p1a: Syphilis|Toxic|p2a: Enamorus
|-status|p2a: Enamorus|tox
|
|-damage|p2a: Enamorus|44/100 tox|[from] psn
|turn|17
|
|switch|p1a: Nerfed|Zapdos, shiny|100/100
|move|p2a: Enamorus|Moonblast|p1a: Nerfed
|-damage|p1a: Nerfed|44/100
|-unboost|p1a: Nerfed|spa|1
|
|-damage|p2a: Enamorus|32/100 tox|[from] psn
|turn|18
|
|switch|p1a: Syphilis|Toxapex, F|100/100
|-damage|p1a: Syphilis|88/100|[from] Spikes
|move|p2a: Enamorus|Moonblast|p1a: Syphilis
|-resisted|p1a: Syphilis
|-damage|p1a: Syphilis|66/100
|
|-damage|p2a: Enamorus|13/100 tox|[from] psn
|turn|19
|
|move|p2a: Enamorus|Moonblast|p1a: Syphilis
|-resisted|p1a: Syphilis
|-damage|p1a: Syphilis|44/100
|move|p1a: Syphilis|Recover|p1a: Syphilis
|-heal|p1a: Syphilis|95/100
|
|-damage|p2a: Enamorus|0 fnt|[from] psn
|faint|p2a: Enamorus
|
|switch|p2a: Armarouge|Armarouge, F|100/100
|-damage|p2a: Armarouge|76/100|[from] Stealth Rock
|turn|20
|
|switch|p1a: Saber|Chien-Pao|100/100
|-damage|p1a: Saber|88/100|[from] Spikes
|-ability|p1a: Saber|Sword of Ruin
|move|p2a: Armarouge|Calm Mind|p2a: Armarouge
|-boost|p2a: Armarouge|spa|1
|-boost|p2a: Armarouge|spd|1
|
|turn|21
|
|switch|p1a: Dragapult|Dragapult, F|100/100
|move|p2a: Armarouge|Armor Cannon|p1a: Dragapult
|-resisted|p1a: Dragapult
|-damage|p1a: Dragapult|48/100
|-unboost|p2a: Armarouge|def|1
|-unboost|p2a: Armarouge|spd|1
|
|turn|22
|
|switch|p2a: Corviknight|Corviknight, M|66/100 brn
|-damage|p2a: Corviknight|54/100 brn|[from] Stealth Rock
|move|p1a: Dragapult|Dragon Darts|p2a: Corviknight
|-resisted|p2a: Corviknight
|-damage|p2a: Corviknight|45/100 brn
|-anim|p1a: Dragapult|Dragon Darts|p2a: Corviknight
|-resisted|p2a: Corviknight
|-damage|p2a: Corviknight|36/100 brn
|
|-damage|p2a: Corviknight|30/100 brn|[from] brn
|turn|23
|
|move|p1a: Dragapult|Hex|p2a: Corviknight
|-damage|p2a: Corviknight|0 fnt
|faint|p2a: Corviknight
|
|
|switch|p2a: Armarouge|Armarouge, F|76/100
|-damage|p2a: Armarouge|51/100|[from] Stealth Rock
|turn|24
|
|move|p1a: Dragapult|Hex|p2a: Armarouge
|-supereffective|p2a: Armarouge
|-damage|p2a: Armarouge|0 fnt
|faint|p2a: Armarouge
|
|
|switch|p2a: Magearna|Magearna|94/100
|-damage|p2a: Magearna|88/100|[from] Stealth Rock
|turn|25
|
|move|p1a: Dragapult|U-turn|p2a: Magearna
|-resisted|p2a: Magearna
|-damage|p2a: Magearna|85/100
|
|switch|p1a: Mauler|Heatran, M|100/100 par|[from] U-turn
|-damage|p1a: Mauler|88/100 par|[from] Spikes
|move|p2a: Magearna|Shift Gear|p2a: Magearna
|-boost|p2a: Magearna|spe|2
|-boost|p2a: Magearna|atk|1
|
|-heal|p1a: Mauler|94/100 par|[from] item: Leftovers
|turn|26
|
|move|p2a: Magearna|Calm Mind|p2a: Magearna
|-boost|p2a: Magearna|spa|1
|-boost|p2a: Magearna|spd|1
|move|p1a: Mauler|Magma Storm|p2a: Magearna
|-supereffective|p2a: Magearna
|-damage|p2a: Magearna|38/100
|-activate|p2a: Magearna|move: Magma Storm|[of] p1a: Mauler
|-enditem|p2a: Magearna|Weakness Policy
|-boost|p2a: Magearna|atk|2|[from] item: Weakness Policy
|-boost|p2a: Magearna|spa|2|[from] item: Weakness Policy
|
|-heal|p1a: Mauler|100/100 par|[from] item: Leftovers
|-damage|p2a: Magearna|26/100|[from] move: Magma Storm|[partiallytrapped]
|turn|27
|
|move|p2a: Magearna|Draining Kiss|p1a: Mauler
|-resisted|p1a: Mauler
|-damage|p1a: Mauler|93/100 par
|-heal|p2a: Magearna|32/100|[from] drain|[of] p1a: Mauler
|move|p1a: Mauler|Earth Power|p2a: Magearna
|-supereffective|p2a: Magearna
|-damage|p2a: Magearna|3/100
|
|-heal|p1a: Mauler|99/100 par|[from] item: Leftovers
|-damage|p2a: Magearna|0 fnt|[from] move: Magma Storm|[partiallytrapped]
|faint|p2a: Magearna
|
|win|p1
