# advantage = p1
|poke|p1|Magearna|
|poke|p1|Clodsire, F|
|poke|p1|Dragapult, M|
|poke|p1|Chien-Pao|
|poke|p1|Great Tusk|
|poke|p1|Volcanion|
|poke|p2|Walking Wake|
|poke|p2|Torkoal, F|
|poke|p2|Lilligant-Hisui, F|
|poke|p2|Slither Wing|
|poke|p2|Magearna|
|poke|p2|Roaring Moon|
|teampreview
|
|start
|switch|p1a: Dragapult|Dragapult, M|100/100
|switch|p2a: Sylvester|Slither Wing|100/100
|turn|1
|
|move|p1a: Dragapult|Reflect|p1a: Dragapult
|-sidestart|p1: p1|Reflect
|move|p2a: Sylvester|Will-O-Wisp|p1a: Dragapult|[miss]
|-miss|p2a: Sylvester|p1a: Dragapult
|
|turn|2
|
|move|p1a: Dragapult|Will-O-Wisp|p2a: Sylvester|[miss]
|-miss|p1a: Dragapult|p2a: Sylvester
|move|p2a: Sylvester|U-turn|p1a: Dragapult
|-resisted|p1a: Dragapult
|-damage|p1a: Dragapult|90/100
|
|-end|p2a: Sylvester|Protosynthesis|[silent]
|switch|p2a: Torkoal|Torkoal, F|100/100|[from] U-turn
|-weather|SunnyDay|[from] ability: Drought|[of] p2a: Torkoal
|
|-weather|SunnyDay|[upkeep]
|turn|3
|
|move|p1a: Dragapult|Light Screen|p1a: Dragapult
|-sidestart|p1: p1|move: Light Screen
|move|p2a: Torkoal|Stealth Rock|p1a: Dragapult
|-sidestart|p1: p1|move: Stealth Rock
|
|-weather|SunnyDay|[upkeep]
|turn|4
|
|switch|p1a: Great Tusk|Great Tusk|100/100
|-damage|p1a: Great Tusk|98/100|[from] Stealth Rock
|-activate|p1a: Great Tusk|ability: Protosynthesis
|-start|p1a: Great Tusk|protosynthesisatk
|move|p2a: Torkoal|Yawn|p1a: Great Tusk
|-start|p1a: Great Tusk|move: Yawn|[of] p2a: Torkoal
|
|-weather|SunnyDay|[upkeep]
|turn|5
|
|-end|p1a: Great Tusk|Protosynthesis|[silent]
|switch|p1a: Magearna|Magearna|100/100
|-damage|p1a: Magearna|94/100|[from] Stealth Rock
|switch|p2a: Sylvester|Slither Wing|100/100
|-activate|p2a: Sylvester|ability: Protosynthesis
|-start|p2a: Sylvester|protosynthesisatk
|
|-weather|SunnyDay|[upkeep]
|-heal|p1a: Magearna|100/100|[from] item: Leftovers
|turn|6
|
|move|p2a: Sylvester|U-turn|p1a: Magearna
|-resisted|p1a: Magearna
|-damage|p1a: Magearna|97/100
|player|p2|
|-message|p2 lost due to inactivity.
|
|win|p1
