# advantage = p1
|poke|p1|Zamazenta-*|
|poke|p1|Overqwil, F|
|poke|p1|Pelipper, M|
|poke|p1|Basculegion, M|
|poke|p1|Regidrago|
|poke|p1|Corviknight, M|
|poke|p2|Skeledirge, M|
|poke|p2|Toxapex, F|
|poke|p2|Blissey, F|
|poke|p2|Garganacl, M|
|poke|p2|Corviknight, F|
|poke|p2|Great Tusk|
|teampreview
|
|start
|switch|p1a: Pelipper|Pelipper, M|100/100
|switch|p2a: Garganacl|Garganacl, M|100/100
|-weather|RainDance|[from] ability: Drizzle|[of] p1a: Pelipper
|turn|1
|
|-terastallize|p2a: Garganacl|Water
|move|p1a: Pelipper|U-turn|p2a: Garganacl
|-damage|p2a: Garganacl|94/100
|
|switch|p1a: Corviknight|Corviknight, M|100/100|[from] U-turn
|move|p2a: Garganacl|Salt Cure|p1a: Corviknight
|-damage|p1a: Corviknight|89/100
|-start|p1a: Corviknight|Salt Cure
|
|-weather|RainDance|[upkeep]
|-heal|p1a: Corviknight|95/100|[from] item: Leftovers
|-heal|p2a: Garganacl|100/100|[from] item: Leftovers
|-damage|p1a: Corviknight|70/100|[from] Salt Cure
|turn|2
|
|switch|p1a: Pelipper|Pelipper, M|100/100
|move|p2a: Garganacl|Iron Defense|p2a: Garganacl
|-boost|p2a: Garganacl|def|2
|
|-weather|RainDance|[upkeep]
|turn|3
|
|move|p1a: Pelipper|Knock Off|p2a: Garganacl
|-damage|p2a: Garganacl|96/100
|-enditem|p2a: Garganacl|Leftovers|[from] move: Knock Off|[of] p1a: Pelipper
|move|p2a: Garganacl|Salt Cure|p1a: Pelipper
|-supereffective|p1a: Pelipper
|-damage|p1a: Pelipper|80/100
|-start|p1a: Pelipper|Salt Cure
|
|-weather|RainDance|[upkeep]
|-damage|p1a: Pelipper|55/100|[from] Salt Cure
|turn|4
|
|move|p1a: Pelipper|Hurricane|p2a: Garganacl
|-damage|p2a: Garganacl|74/100
|move|p2a: Garganacl|Body Press|p1a: Pelipper
|-resisted|p1a: Pelipper
|-damage|p1a: Pelipper|37/100
|
|-weather|RainDance|[upkeep]
|-damage|p1a: Pelipper|12/100|[from] Salt Cure
|turn|5
|
|move|p1a: Pelipper|Roost|p1a: Pelipper
|-heal|p1a: Pelipper|62/100
|-singleturn|p1a: Pelipper|move: Roost
|move|p2a: Garganacl|Salt Cure|p1a: Pelipper
|-damage|p1a: Pelipper|52/100
|
|-weather|RainDance|[upkeep]
|-damage|p1a: Pelipper|27/100|[from] Salt Cure
|turn|6
|
|move|p1a: Pelipper|Hurricane|p2a: Garganacl
|-damage|p2a: Garganacl|51/100
|move|p2a: Garganacl|Body Press|p1a: Pelipper
|-resisted|p1a: Pelipper
|-crit|p1a: Pelipper
|-damage|p1a: Pelipper|0 fnt
|faint|p1a: Pelipper
|
|-weather|RainDance|[upkeep]
|
|switch|p1a: Regidrago|Regidrago|100/100
|turn|7
|
|-terastallize|p1a: Regidrago|Dragon
|move|p1a: Regidrago|Dragon Energy|p2a: Garganacl
|-damage|p2a: Garganacl|0 fnt
|faint|p2a: Garganacl
|
|-weather|RainDance|[upkeep]
|
|switch|p2a: Blissey|Blissey, F|100/100
|turn|8
|
|switch|p1a: Basculegion|Basculegion, M|100/100
|move|p2a: Blissey|Seismic Toss|p1a: Basculegion
|-immune|p1a: Basculegion
|
|-weather|none
|turn|9
|
|move|p1a: Basculegion|Wave Crash|p2a: Blissey
|-damage|p2a: Blissey|0 fnt
|faint|p2a: Blissey
|-damage|p1a: Basculegion|39/100|[from] Recoil
|
|
|switch|p2a: Corviknight|Corviknight, F|100/100
|-ability|p2a: Corviknight|Pressure
|turn|10
|
|move|p1a: Basculegion|Wave Crash|p2a: Corviknight
|-damage|p2a: Corviknight|45/100
|-damage|p1a: Basculegion|19/100|[from] Recoil
|move|p2a: Corviknight|U-turn|p1a: Basculegion
|-resisted|p1a: Basculegion
|-damage|p1a: Basculegion|11/100
|
|switch|p2a: Toxapex|Toxapex, F|100/100|[from] U-turn
|
|turn|11
|
|switch|p1a: Zamazenta|Zamazenta-Crowned|100/100
|-ability|p1a: Zamazenta|Dauntless Shield|boost
|-boost|p1a: Zamazenta|def|1
|move|p2a: Toxapex|Surf|p1a: Zamazenta
|-damage|p1a: Zamazenta|88/100
|
|turn|12
|
|switch|p2a: Skeledirge|Skeledirge, M|100/100
|move|p1a: Zamazenta|Body Press|p2a: Skeledirge
|-immune|p2a: Skeledirge
|
|turn|13
|
|move|p1a: Zamazenta|Behemoth Bash|p2a: Skeledirge
|-resisted|p2a: Skeledirge
|-damage|p2a: Skeledirge|84/100
|move|p2a: Skeledirge|Torch Song|p1a: Zamazenta
|-supereffective|p1a: Zamazenta
|-damage|p1a: Zamazenta|48/100
|-boost|p2a: Skeledirge|spa|1
|
|turn|14
|
|switch|p1a: Corviknight|Corviknight, M|70/100
|move|p2a: Skeledirge|Torch Song|p1a: Corviknight
|-supereffective|p1a: Corviknight
|-damage|p1a: Corviknight|8/100
|-boost|p2a: Skeledirge|spa|1
|
|-heal|p1a: Corviknight|15/100|[from] item: Leftovers
|turn|15
|
|move|p1a: Corviknight|Brave Bird|p2a: Skeledirge
|-damage|p2a: Skeledirge|55/100
|-damage|p1a: Corviknight|5/100|[from] Recoil
|move|p2a: Skeledirge|Torch Song|p1a: Corviknight
|-supereffective|p1a: Corviknight
|-damage|p1a: Corviknight|0 fnt
|-boost|p2a: Skeledirge|spa|1
|faint|p1a: Corviknight
|
|
|switch|p1a: Overqwil|Overqwil, F|100/100
|turn|16
|
|switch|p2a: Corviknight|Corviknight, F|45/100
|-ability|p2a: Corviknight|Pressure
|move|p1a: Overqwil|Crunch|p2a: Corviknight
|-damage|p2a: Corviknight|18/100
|-unboost|p2a: Corviknight|def|1
|
|-heal|p2a: Corviknight|24/100|[from] item: Leftovers
|turn|17
|
|move|p1a: Overqwil|Crunch|p2a: Corviknight
|-damage|p2a: Corviknight|0 fnt
|faint|p2a: Corviknight
|
|
|switch|p2a: Great Tusk|Great Tusk|100/100
|turn|18
|
|move|p1a: Overqwil|Liquidation|p2a: Great Tusk
|-supereffective|p2a: Great Tusk
|-damage|p2a: Great Tusk|72/100
|move|p2a: Great Tusk|Earthquake|p1a: Overqwil
|-supereffective|p1a: Overqwil
|-damage|p1a: Overqwil|0 fnt
|faint|p1a: Overqwil
|
|-heal|p2a: Great Tusk|79/100|[from] item: Leftovers
|
|switch|p1a: Regidrago|Regidrago, tera:Dragon|100/100
|turn|19
|
|move|p1a: Regidrago|Dragon Energy|p2a: Great Tusk
|-damage|p2a: Great Tusk|0 fnt
|faint|p2a: Great Tusk
|-end|p2a: Great Tusk|Protosynthesis|[silent]
|
|
|switch|p2a: Toxapex|Toxapex, F|100/100
|turn|20
|
|move|p1a: Regidrago|Dragon Energy|p2a: Toxapex
|-damage|p2a: Toxapex|0 fnt
|faint|p2a: Toxapex
|
|-message|p2 forfeited.
|
|win|p1
