# advantage = p1
|poke|p1|Tyranitar, F|
|poke|p1|Quaquaval, F|
|poke|p1|Pelipper, M|
|poke|p1|Garchomp, F|
|poke|p1|Qwilfish, M|
|poke|p1|Basculegion-F, F|
|poke|p2|Dragapult, M|
|poke|p2|Slowking-Galar, F|
|poke|p2|Rotom-Heat|
|poke|p2|Great Tusk|
|poke|p2|Clodsire, F|
|poke|p2|Amoonguss, F|
|teampreview
|
|start
|switch|p1a: King Tyrant|Tyranitar, F|100/100
|switch|p2a: Toothless|Dragapult, M|100/100
|-weather|Sandstorm|[from] ability: Sand Stream|[of] p1a: King Tyrant
|turn|1
|
|move|p2a: Toothless|U-turn|p1a: King Tyrant
|-supereffective|p1a: King Tyrant
|-damage|p1a: King Tyrant|46/100
|-enditem|p1a: King Tyrant|Weakness Policy
|-boost|p1a: King Tyrant|atk|2|[from] item: Weakness Policy
|-boost|p1a: King Tyrant|spa|2|[from] item: Weakness Policy
|
|switch|p2a: Kandy Muse|Great Tusk|100/100|[from] U-turn
|move|p1a: King Tyrant|Ice Beam|p2a: Kandy Muse
|-supereffective|p2a: Kandy Muse
|-damage|p2a: Kandy Muse|0 fnt
|faint|p2a: Kandy Muse
|-end|p2a: Kandy Muse|Protosynthesis|[silent]
|
|-weather|Sandstorm|[upkeep]
|
|switch|p2a: Toothless|Dragapult, M|100/100
|turn|2
|
|-terastallize|p1a: King Tyrant|Flying
|move|p2a: Toothless|Dragon Darts|p1a: King Tyrant
|-damage|p1a: King Tyrant|16/100
|-anim|p2a: Toothless|Dragon Darts|p1a: King Tyrant
|-damage|p1a: King Tyrant|0 fnt
|faint|p1a: King Tyrant
|
|-weather|Sandstorm|[upkeep]
|-damage|p2a: Toothless|95/100|[from] Sandstorm
|
|switch|p1a: Tyrant's Downpour|Pelipper, M|100/100
|-weather|RainDance|[from] ability: Drizzle|[of] p1a: Tyrant's Downpour
|turn|3
|
|move|p2a: Toothless|Dragon Darts|p1a: Tyrant's Downpour
|-damage|p1a: Tyrant's Downpour|68/100
|-anim|p2a: Toothless|Dragon Darts|p1a: Tyrant's Downpour
|-damage|p1a: Tyrant's Downpour|38/100
|move|p1a: Tyrant's Downpour|U-turn|p2a: Toothless
|-resisted|p2a: Toothless
|-damage|p2a: Toothless|88/100
|
|switch|p1a: Tyrant's Onslaught|Basculegion-F, F|100/100|[from] U-turn
|
|-weather|RainDance|[upkeep]
|turn|4
|
|switch|p2a: Eclair|Clodsire, F|100/100
|move|p1a: Tyrant's Onslaught|Shadow Ball|p2a: Eclair
|-damage|p2a: Eclair|74/100
|-damage|p1a: Tyrant's Onslaught|91/100|[from] item: Life Orb
|
|-weather|RainDance|[upkeep]
|-heal|p2a: Eclair|80/100|[from] item: Leftovers
|turn|5
|
|switch|p1a: Tyrant's Vanguard|Garchomp, F|100/100
|move|p2a: Eclair|Spikes|p1a: Tyrant's Vanguard
|-sidestart|p1: p1|Spikes
|
|-weather|RainDance|[upkeep]
|-heal|p2a: Eclair|86/100|[from] item: Leftovers
|turn|6
|
|switch|p2a: Toastiana|Rotom-Heat|100/100
|move|p1a: Tyrant's Vanguard|Earthquake|p2a: Toastiana
|-immune|p2a: Toastiana|[from] ability: Levitate
|
|-weather|RainDance|[upkeep]
|turn|7
|
|switch|p2a: Toothless|Dragapult, M|88/100
|move|p1a: Tyrant's Vanguard|Liquidation|p2a: Toothless
|-resisted|p2a: Toothless
|-damage|p2a: Toothless|63/100
|
|-weather|RainDance|[upkeep]
|turn|8
|
|switch|p1a: Tyrant's Onslaught|Basculegion-F, F|91/100
|-damage|p1a: Tyrant's Onslaught|78/100|[from] Spikes
|move|p2a: Toothless|Dragon Darts|p1a: Tyrant's Onslaught
|-crit|p1a: Tyrant's Onslaught
|-damage|p1a: Tyrant's Onslaught|0 fnt
|faint|p1a: Tyrant's Onslaught
|
|-weather|RainDance|[upkeep]
|
|switch|p1a: Tyrant's Endgame|Qwilfish, M|100/100
|-damage|p1a: Tyrant's Endgame|88/100|[from] Spikes
|turn|9
|
|switch|p2a: Sushroom|Amoonguss, F|100/100
|move|p1a: Tyrant's Endgame|Liquidation|p2a: Sushroom
|-resisted|p2a: Sushroom
|-damage|p2a: Sushroom|72/100
|-enditem|p2a: Sushroom|Red Card|[of] p1a: Tyrant's Endgame
|drag|p1a: Tyrant's Downpour|Pelipper, M|38/100
|
|-weather|RainDance|[upkeep]
|turn|10
|
|switch|p2a: Eclair|Clodsire, F|86/100
|move|p1a: Tyrant's Downpour|Hurricane|p2a: Eclair
|-damage|p2a: Eclair|68/100
|
|-weather|none
|-heal|p2a: Eclair|74/100|[from] item: Leftovers
|turn|11
|
|move|p1a: Tyrant's Downpour|Knock Off|p2a: Eclair
|-damage|p2a: Eclair|61/100
|-enditem|p2a: Eclair|Leftovers|[from] move: Knock Off|[of] p1a: Tyrant's Downpour
|move|p2a: Eclair|Toxic|p1a: Tyrant's Downpour
|-status|p1a: Tyrant's Downpour|tox
|
|-damage|p1a: Tyrant's Downpour|32/100 tox|[from] psn
|turn|12
|
|move|p1a: Tyrant's Downpour|U-turn|p2a: Eclair
|-resisted|p2a: Eclair
|-damage|p2a: Eclair|56/100
|
|switch|p1a: Tyrant's Vanguard|Garchomp, F|100/100|[from] U-turn
|-damage|p1a: Tyrant's Vanguard|88/100|[from] Spikes
|move|p2a: Eclair|Spikes|p1a: Tyrant's Vanguard
|-sidestart|p1: p1|Spikes
|
|turn|13
|
|switch|p2a: Toastiana|Rotom-Heat|100/100
|move|p1a: Tyrant's Vanguard|Spikes|p2a: Toastiana
|-sidestart|p2: p2|Spikes
|
|turn|14
|
|switch|p2a: Toothless|Dragapult, M|63/100
|-damage|p2a: Toothless|51/100|[from] Spikes
|move|p1a: Tyrant's Vanguard|Spikes|p2a: Toothless
|-sidestart|p2: p2|Spikes
|
|turn|15
|
|switch|p1a: Tyrant's Downpour|Pelipper, M|32/100 tox
|-weather|RainDance|[from] ability: Drizzle|[of] p1a: Tyrant's Downpour
|move|p2a: Toothless|Dragon Darts|p1a: Tyrant's Downpour
|-damage|p1a: Tyrant's Downpour|2/100 tox
|-anim|p2a: Toothless|Dragon Darts|p1a: Tyrant's Downpour
|-damage|p1a: Tyrant's Downpour|0 fnt
|faint|p1a: Tyrant's Downpour
|
|-weather|RainDance|[upkeep]
|
|switch|p1a: Tyrant's Endgame|Qwilfish, M|88/100
|-damage|p1a: Tyrant's Endgame|71/100|[from] Spikes
|turn|16
|
|switch|p2a: Eclair|Clodsire, F|56/100
|-damage|p2a: Eclair|39/100|[from] Spikes
|move|p1a: Tyrant's Endgame|Poison Jab|p2a: Eclair
|-resisted|p2a: Eclair
|-damage|p2a: Eclair|26/100
|-damage|p1a: Tyrant's Endgame|62/100|[from] item: Life Orb
|
|-weather|RainDance|[upkeep]
|turn|17
|
|switch|p1a: Tyrant's Vanguard|Garchomp, F|88/100
|-damage|p1a: Tyrant's Vanguard|71/100|[from] Spikes
|move|p2a: Eclair|Recover|p2a: Eclair
|-heal|p2a: Eclair|76/100
|
|-weather|RainDance|[upkeep]
|turn|18
|
|move|p2a: Eclair|Toxic|p1a: Tyrant's Vanguard
|-status|p1a: Tyrant's Vanguard|tox
|move|p1a: Tyrant's Vanguard|Dragon Tail|p2a: Eclair
|-damage|p2a: Eclair|47/100
|drag|p2a: Slowqueen|Slowking-Galar, F|100/100
|-damage|p2a: Slowqueen|84/100|[from] Spikes
|
|-weather|RainDance|[upkeep]
|-damage|p1a: Tyrant's Vanguard|65/100 tox|[from] psn
|turn|19
|
|move|p1a: Tyrant's Vanguard|Spikes|p2a: Slowqueen
|-sidestart|p2: p2|Spikes
|move|p2a: Slowqueen|Future Sight|p1a: Tyrant's Vanguard
|-start|p2a: Slowqueen|move: Future Sight
|
|-weather|RainDance|[upkeep]
|-damage|p1a: Tyrant's Vanguard|53/100 tox|[from] psn
|turn|20
|
|switch|p2a: Toastiana|Rotom-Heat|100/100
|move|p1a: Tyrant's Vanguard|Dragon Tail|p2a: Toastiana
|-damage|p2a: Toastiana|75/100
|drag|p2a: Slowqueen|Slowking-Galar, F|100/100
|-damage|p2a: Slowqueen|76/100|[from] Spikes
|
|-weather|RainDance|[upkeep]
|-damage|p1a: Tyrant's Vanguard|34/100 tox|[from] psn
|turn|21
|
|switch|p2a: Toastiana|Rotom-Heat|75/100
|move|p1a: Tyrant's Vanguard|Liquidation|p2a: Toastiana
|-supereffective|p2a: Toastiana
|-damage|p2a: Toastiana|0 fnt
|faint|p2a: Toastiana
|
|-weather|RainDance|[upkeep]
|-end|p1a: Tyrant's Vanguard|move: Future Sight
|-damage|p1a: Tyrant's Vanguard|0 fnt
|faint|p1a: Tyrant's Vanguard
|
|switch|p2a: Sushroom|Amoonguss, F|100/100
|switch|p1a: Tyrant's Endgame|Qwilfish, M|62/100
|-damage|p1a: Tyrant's Endgame|45/100|[from] Spikes
|-damage|p2a: Sushroom|75/100|[from] Spikes
|turn|22
|
|move|p1a: Tyrant's Endgame|Poison Jab|p2a: Sushroom
|-damage|p2a: Sushroom|35/100
|-damage|p1a: Tyrant's Endgame|35/100|[from] item: Life Orb
|move|p2a: Sushroom|Giga Drain|p1a: Tyrant's Endgame
|-damage|p1a: Tyrant's Endgame|0 fnt
|-heal|p2a: Sushroom|46/100|[from] drain|[of] p1a: Tyrant's Endgame
|faint|p1a: Tyrant's Endgame
|
|-weather|none
|
|switch|p1a: Tyrant's Envoy|Quaquaval, F|100/100
|-damage|p1a: Tyrant's Envoy|84/100|[from] Spikes
|turn|23
|
|-terastallize|p2a: Sushroom|Water
|move|p1a: Tyrant's Envoy|Wave Crash|p2a: Sushroom
|-resisted|p2a: Sushroom
|-damage|p2a: Sushroom|22/100
|-damage|p1a: Tyrant's Envoy|73/100|[from] Recoil
|move|p2a: Sushroom|Spore|p1a: Tyrant's Envoy
|-status|p1a: Tyrant's Envoy|slp|[from] move: Spore
|
|turn|24
|
|cant|p1a: Tyrant's Envoy|slp
|move|p2a: Sushroom|Giga Drain|p1a: Tyrant's Envoy
|-supereffective|p1a: Tyrant's Envoy
|-damage|p1a: Tyrant's Envoy|11/100 slp
|-heal|p2a: Sushroom|44/100|[from] drain|[of] p1a: Tyrant's Envoy
|-enditem|p1a: Tyrant's Envoy|Liechi Berry|[eat]
|-boost|p1a: Tyrant's Envoy|atk|1|[from] item: Liechi Berry
|
|turn|25
|
|cant|p1a: Tyrant's Envoy|slp
|move|p2a: Sushroom|Giga Drain|p1a: Tyrant's Envoy
|-supereffective|p1a: Tyrant's Envoy
|-damage|p1a: Tyrant's Envoy|0 fnt
|-heal|p2a: Sushroom|48/100|[from] drain|[of] p1a: Tyrant's Envoy
|faint|p1a: Tyrant's Envoy
|
|win|p2
