|poke|p1|Glimmora, M|
|poke|p1|Braviary-Hisui, M|
|poke|p1|Enamorus, F|
|poke|p1|Garchomp, M|
|poke|p1|Kingambit, F|
|poke|p1|Lilligant-Hisui, F|
|poke|p2|Uxie|
|poke|p2|Magearna|
|teampreview
|
|start
|switch|p1a: Kingambit|Kingambit, F|100/100
|switch|p2a: Uxie|Uxie, shiny|100/100
|turn|1
|
|-terastallize|p1a: Kingambit|Dark
|move|p2a: Uxie|Reflect|p2a: Uxie
|-sidestart|p2: p2|Reflect
|move|p1a: Kingambit|Kowtow Cleave|p2a: Uxie
|-supereffective|p2a: Uxie
|-crit|p2a: Uxie
|-damage|p2a: Uxie|0 fnt
|faint|p2a: Uxie
|
|
|switch|p2a: Magearna|Magearna|100/100
|turn|2
|
|move|p2a: Magearna|Shift Gear|p2a: Magearna
|-boost|p2a: Magearna|spe|2
|-boost|p2a: Magearna|atk|1
|move|p1a: Kingambit|Low Kick|p2a: Magearna
|-damage|p2a: Magearna|86/100
|
|turn|3
|
|-end|p1a: Kingambit|fallenundefined|[silent]
|switch|p1a: Garchomp|Garchomp, M|100/100
|move|p2a: Magearna|Calm Mind|p2a: Magearna
|-boost|p2a: Magearna|spa|1
|-boost|p2a: Magearna|spd|1
|
|turn|4
|
|-terastallize|p2a: Magearna|Fairy
|move|p2a: Magearna|Draining Kiss|p1a: Garchomp
|-supereffective|p1a: Garchomp
|-damage|p1a: Garchomp|0 fnt
|-heal|p2a: Magearna|100/100|[from] drain|[of] p1a: Garchomp
|-damage|p2a: Magearna|88/100|[from] ability: Rough Skin|[of] p1a: Garchomp
|-damage|p2a: Magearna|72/100|[from] item: Rocky Helmet|[of] p1a: Garchomp
|faint|p1a: Garchomp
|-ability|p2a: Magearna|Soul-Heart|boost
|-boost|p2a: Magearna|spa|1
|
|
|switch|p1a: Braviary|Braviary-Hisui, M, shiny|100/100
|turn|5
|
|move|p2a: Magearna|Calm Mind|p2a: Magearna
|-boost|p2a: Magearna|spa|1
|-boost|p2a: Magearna|spd|1
|move|p1a: Braviary|Esper Wing|p2a: Magearna
|-damage|p2a: Magearna|43/100
|-boost|p1a: Braviary|spe|1
|
|turn|6
|
|move|p2a: Magearna|Draining Kiss|p1a: Braviary
|-damage|p1a: Braviary|0 fnt
|-heal|p2a: Magearna|100/100|[from] drain|[of] p1a: Braviary
|faint|p1a: Braviary
|-ability|p2a: Magearna|Soul-Heart|boost
|-boost|p2a: Magearna|spa|1
|
|
|switch|p1a: Enamorus|Enamorus, F|100/100
|turn|7
|
|move|p2a: Magearna|Stored Power|p1a: Enamorus
|-damage|p1a: Enamorus|0 fnt
|faint|p1a: Enamorus
|-ability|p2a: Magearna|Soul-Heart|boost
|-boost|p2a: Magearna|spa|1
|
|
|switch|p1a: Glimmora|Glimmora, M|100/100
|turn|8
|
|move|p2a: Magearna|Stored Power|p1a: Glimmora
|-supereffective|p1a: Glimmora
|-crit|p1a: Glimmora
|-enditem|p1a: Glimmora|Focus Sash
|-damage|p1a: Glimmora|1/100
|move|p1a: Glimmora|Mortal Spin|p2a: Magearna
|-supereffective|p2a: Magearna
|-damage|p2a: Magearna|95/100
|-status|p2a: Magearna|psn
|-enditem|p2a: Magearna|Weakness Policy
|-boost|p2a: Magearna|atk|2|[from] item: Weakness Policy
|-boost|p2a: Magearna|spa|1|[from] item: Weakness Policy
|
|-damage|p2a: Magearna|82/100 psn|[from] psn
|-sideend|p2: p2|Reflect
|turn|9
|
|move|p2a: Magearna|Draining Kiss|p1a: Glimmora
|-resisted|p1a: Glimmora
|-damage|p1a: Glimmora|0 fnt
|-heal|p2a: Magearna|83/100 psn|[from] drain|[of] p1a: Glimmora
|faint|p1a: Glimmora
|
|-damage|p2a: Magearna|70/100 psn|[from] psn
|
|switch|p1a: Lilligant|Lilligant-Hisui, F|100/100
|turn|10
|
|move|p2a: Magearna|Draining Kiss|p1a: Lilligant
|-supereffective|p1a: Lilligant
|-damage|p1a: Lilligant|0 fnt
|-heal|p2a: Magearna|100/100 psn|[from] drain|[of] p1a: Lilligant
|faint|p1a: Lilligant
|
|-damage|p2a: Magearna|88/100 psn|[from] psn
|
|switch|p1a: Kingambit|Kingambit, F, tera:Dark|100/100
|-activate|p1a: Kingambit|ability: Supreme Overlord
|-start|p1a: Kingambit|fallen5|[silent]
|turn|11
|
|move|p2a: Magearna|Draining Kiss|p1a: Kingambit
|-supereffective|p1a: Kingambit
|-damage|p1a: Kingambit|0 fnt
|-heal|p2a: Magearna|100/100 psn|[from] drain|[of] p1a: Kingambit
|faint|p1a: Kingambit
|-end|p1a: Kingambit|fallen5|[silent]
|
|win|p2
