|poke|p1|Goodra-Hisui, M|
|poke|p1|Samurott-Hisui, F|
|poke|p1|Sneasler, F|
|poke|p1|Pincurchin, F|
|poke|p1|Talonflame, F|
|poke|p1|Iron Valiant|
|poke|p2|Goodra-Hisui, M|
|poke|p2|Diancie|
|poke|p2|Zamazenta-*|
|poke|p2|Gyarados, M|
|poke|p2|Toxapex, M|
|poke|p2|Dragonite, M|
|teampreview
|
|start
|switch|p1a: Samurott|Samurott-Hisui, F, shiny|100/100
|switch|p2a: Dragonite|Dragonite, M|100/100
|turn|1
|
|move|p1a: Samurott|Ceaseless Edge|p2a: Dragonite
|-damage|p2a: Dragonite|80/100
|-sidestart|p2: aladesus|Spikes
|move|p2a: Dragonite|Dragon Rush|p1a: Samurott
|-damage|p1a: Samurott|30/100
|
|turn|2
|
|move|p2a: Dragonite|Extreme Speed|p1a: Samurott
|-damage|p1a: Samurott|0 fnt
|faint|p1a: Samurott
|
|
|switch|p1a: Goodra|Goodra-Hisui, M, shiny|100/100
|turn|3
|
|-terastallize|p2a: Dragonite|Steel
|move|p2a: Dragonite|Earthquake|p1a: Goodra
|-supereffective|p1a: Goodra
|-damage|p1a: Goodra|24/100
|move|p1a: Goodra|Acid Armor|p1a: Goodra
|-boost|p1a: Goodra|def|2
|
|turn|4
|
|-terastallize|p1a: Goodra|Flying
|move|p2a: Dragonite|Earthquake|p1a: Goodra
|-immune|p1a: Goodra
|move|p1a: Goodra|Rest|p1a: Goodra
|-status|p1a: Goodra|slp|[from] move: Rest
|-heal|p1a: Goodra|100/100 slp|[silent]
|-enditem|p1a: Goodra|Chesto Berry|[eat]
|-curestatus|p1a: Goodra|slp|[msg]
|
|turn|5
|
|move|p2a: Dragonite|Dragon Rush|p1a: Goodra|[miss]
|-miss|p2a: Dragonite|p1a: Goodra
|move|p1a: Goodra|Acid Armor|p1a: Goodra
|-boost|p1a: Goodra|def|2
|
|turn|6
|
|move|p2a: Dragonite|Dragon Rush|p1a: Goodra
|-damage|p1a: Goodra|83/100
|-ability|p1a: Goodra|Gooey
|-unboost|p2a: Dragonite|spe|1
|move|p1a: Goodra|Acid Armor|p1a: Goodra
|-boost|p1a: Goodra|def|2
|
|turn|7
|
|switch|p2a: Goodra|Goodra-Hisui, M, shiny|100/100
|-damage|p2a: Goodra|88/100|[from] Spikes
|move|p1a: Goodra|Body Press|p2a: Goodra
|-supereffective|p2a: Goodra
|-damage|p2a: Goodra|0 fnt
|faint|p2a: Goodra
|
|
|switch|p2a: Diancie|Diancie, shiny|100/100
|-damage|p2a: Diancie|88/100|[from] Spikes
|turn|8
|
|move|p1a: Goodra|Body Press|p2a: Diancie
|-damage|p2a: Diancie|35/100
|move|p2a: Diancie|Diamond Storm|p1a: Goodra
|-supereffective|p1a: Goodra
|-damage|p1a: Goodra|65/100
|
|turn|9
|
|move|p1a: Goodra|Flash Cannon|p2a: Diancie
|-supereffective|p2a: Diancie
|-damage|p2a: Diancie|0 fnt
|faint|p2a: Diancie
|
|
|switch|p2a: Zamazenta|Zamazenta-Crowned, shiny|100/100
|-damage|p2a: Zamazenta|88/100|[from] Spikes
|-ability|p2a: Zamazenta|Dauntless Shield|boost
|-boost|p2a: Zamazenta|def|1
|turn|10
|
|move|p2a: Zamazenta|Iron Defense|p2a: Zamazenta
|-boost|p2a: Zamazenta|def|2
|move|p1a: Goodra|Body Press|p2a: Zamazenta
|-supereffective|p2a: Zamazenta
|-damage|p2a: Zamazenta|38/100
|
|turn|11
|
|move|p2a: Zamazenta|Body Press|p1a: Goodra
|-resisted|p1a: Goodra
|-damage|p1a: Goodra|53/100
|-ability|p1a: Goodra|Gooey
|-unboost|p2a: Zamazenta|spe|1
|move|p1a: Goodra|Body Press|p2a: Zamazenta
|-supereffective|p2a: Zamazenta
|-damage|p2a: Zamazenta|0 fnt
|faint|p2a: Zamazenta
|
|-message|aladesus forfeited.
|
|win|eruhxd
