|poke|p1|Zapdos|
|poke|p1|Urshifu-*, F|
|poke|p1|Magearna|
|poke|p1|Great Tusk|
|poke|p1|Dragapult, F|
|poke|p1|Chien-Pao|
|poke|p2|Toxapex, M|
|poke|p2|Corviknight, F|
|poke|p2|Chien-Pao|
|poke|p2|Great Tusk|
|poke|p2|Gholdengo|
|poke|p2|Kleavor, F|
|teampreview
|
|start
|switch|p1a: Great Tusk|Great Tusk|100/100
|switch|p2a: Kleavor|Kleavor, F, shiny|100/100
|-enditem|p1a: Great Tusk|Booster Energy
|-activate|p1a: Great Tusk|ability: Protosynthesis|[fromitem]
|-start|p1a: Great Tusk|protosynthesisspe
|turn|1
|
|move|p1a: Great Tusk|Stealth Rock|p2a: Kleavor
|-sidestart|p2: p2|move: Stealth Rock
|move|p2a: Kleavor|U-turn|p1a: Great Tusk
|-resisted|p1a: Great Tusk
|-damage|p1a: Great Tusk|91/100
|
|switch|p2a: Great Tusk|Great Tusk|100/100|[from] U-turn
|-damage|p2a: Great Tusk|97/100|[from] Stealth Rock
|
|-heal|p2a: Great Tusk|100/100|[from] item: Leftovers
|turn|2
|
|-end|p1a: Great Tusk|Protosynthesis|[silent]
|switch|p1a: Zapdos|Zapdos|100/100
|move|p2a: Great Tusk|Rapid Spin|p1a: Zapdos
|-damage|p1a: Zapdos|90/100
|-boost|p2a: Great Tusk|spe|1
|-status|p2a: Great Tusk|par|[from] ability: Static|[of] p1a: Zapdos
|-sideend|p2: p2|Stealth Rock|[from] move: Rapid Spin|[of] p2a: Great Tusk
|
|turn|3
|
|-end|p2a: Great Tusk|Protosynthesis|[silent]
|switch|p2a: Chien-Pao|Chien-Pao|100/100
|-ability|p2a: Chien-Pao|Sword of Ruin
|move|p1a: Zapdos|Hurricane|p2a: Chien-Pao|[miss]
|-miss|p1a: Zapdos|p2a: Chien-Pao
|
|turn|4
|
|-terastallize|p1a: Zapdos|Fire
|move|p2a: Chien-Pao|Icicle Crash|p1a: Zapdos
|-resisted|p1a: Zapdos
|-damage|p1a: Zapdos|56/100
|move|p1a: Zapdos|Heat Wave|p2a: Chien-Pao
|-supereffective|p2a: Chien-Pao
|-damage|p2a: Chien-Pao|0 fnt
|faint|p2a: Chien-Pao
|
|
|switch|p2a: Kleavor|Kleavor, F, shiny|100/100
|turn|5
|
|switch|p1a: Urshifu|Urshifu-Rapid-Strike, F|100/100
|move|p2a: Kleavor|Tailwind|p2a: Kleavor
|-sidestart|p2: p2|move: Tailwind
|
|turn|6
|
|move|p1a: Urshifu|Surging Strikes|p2a: Kleavor
|-supereffective|p2a: Kleavor
|-crit|p2a: Kleavor
|-damage|p2a: Kleavor|60/100
|-supereffective|p2a: Kleavor
|-crit|p2a: Kleavor
|-damage|p2a: Kleavor|18/100
|-supereffective|p2a: Kleavor
|-crit|p2a: Kleavor
|-damage|p2a: Kleavor|0 fnt
|faint|p2a: Kleavor
|-hitcount|p2: Kleavor|3
|
|
|switch|p2a: Gholdengo|Gholdengo|100/100
|turn|7
|
|switch|p1a: Great Tusk|Great Tusk|91/100
|move|p2a: Gholdengo|Shadow Ball|p1a: Great Tusk
|-damage|p1a: Great Tusk|1/100
|
|turn|8
|
|move|p2a: Gholdengo|Shadow Ball|p1a: Great Tusk
|-damage|p1a: Great Tusk|0 fnt
|faint|p1a: Great Tusk
|-end|p1a: Great Tusk|Protosynthesis|[silent]
|
|-sideend|p2: p2|move: Tailwind
|
|switch|p1a: Chien-Pao|Chien-Pao|100/100
|-ability|p1a: Chien-Pao|Sword of Ruin
|turn|9
|
|switch|p2a: Corviknight|Corviknight, F|100/100
|-ability|p2a: Corviknight|Pressure
|move|p1a: Chien-Pao|Crunch|p2a: Corviknight
|-damage|p2a: Corviknight|51/100
|
|-heal|p2a: Corviknight|58/100|[from] item: Leftovers
|turn|10
|
|switch|p1a: Zapdos|Zapdos, tera:Fire|56/100
|move|p2a: Corviknight|Roost|p2a: Corviknight
|-heal|p2a: Corviknight|100/100
|-singleturn|p2a: Corviknight|move: Roost
|
|turn|11
|
|switch|p2a: Great Tusk|Great Tusk|100/100 par
|move|p1a: Zapdos|Heat Wave|p2a: Great Tusk
|-damage|p2a: Great Tusk|51/100 par
|
|-heal|p2a: Great Tusk|57/100 par|[from] item: Leftovers
|turn|12
|
|move|p1a: Zapdos|Hurricane|p2a: Great Tusk|[miss]
|-miss|p1a: Zapdos|p2a: Great Tusk
|move|p2a: Great Tusk|Rapid Spin|p1a: Zapdos
|-damage|p1a: Zapdos|44/100
|-boost|p2a: Great Tusk|spe|1
|
|-heal|p2a: Great Tusk|63/100 par|[from] item: Leftovers
|turn|13
|
|move|p1a: Zapdos|Hurricane|p2a: Great Tusk
|-supereffective|p2a: Great Tusk
|-damage|p2a: Great Tusk|0 fnt
|faint|p2a: Great Tusk
|-end|p2a: Great Tusk|Protosynthesis|[silent]
|
|
|switch|p2a: Corviknight|Corviknight, F|100/100
|-ability|p2a: Corviknight|Pressure
|turn|14
|
|switch|p2a: Toxapex|Toxapex, M, shiny|100/100
|move|p1a: Zapdos|Roost|p1a: Zapdos
|-heal|p1a: Zapdos|94/100
|
|turn|15
|
|move|p1a: Zapdos|Volt Switch|p2a: Toxapex
|-supereffective|p2a: Toxapex
|-damage|p2a: Toxapex|63/100
|
|switch|p1a: Magearna|Magearna|100/100|[from] Volt Switch
|move|p2a: Toxapex|Toxic|p1a: Magearna
|-immune|p1a: Magearna
|
|-heal|p2a: Toxapex|69/100|[from] item: Leftovers
|turn|16
|
|move|p1a: Magearna|Spikes|p2a: Toxapex
|-sidestart|p2: p2|Spikes
|move|p2a: Toxapex|Infestation|p1a: Magearna
|-resisted|p1a: Magearna
|-damage|p1a: Magearna|99/100
|-activate|p1a: Magearna|move: Infestation|[of] p2a: Toxapex
|
|-heal|p2a: Toxapex|75/100|[from] item: Leftovers
|-damage|p1a: Magearna|88/100|[from] move: Infestation|[partiallytrapped]
|turn|17
|
|switch|p2a: Gholdengo|Gholdengo|100/100
|-damage|p2a: Gholdengo|88/100|[from] Spikes
|move|p1a: Magearna|Spikes|p2a: Gholdengo
|-sidestart|p2: p2|Spikes
|
|-end|p1a: Magearna|Infestation|[partiallytrapped]|[silent]
|turn|18
|
|move|p2a: Gholdengo|Make It Rain|p1a: Magearna
|-damage|p1a: Magearna|16/100
|-unboost|p2a: Gholdengo|spa|1
|move|p1a: Magearna|Volt Switch|p2a: Gholdengo
|-damage|p2a: Gholdengo|66/100
|
|switch|p1a: Zapdos|Zapdos, tera:Fire|94/100|[from] Volt Switch
|
|turn|19
|
|switch|p2a: Toxapex|Toxapex, M, shiny|100/100
|-damage|p2a: Toxapex|84/100|[from] Spikes
|move|p1a: Zapdos|Volt Switch|p2a: Toxapex
|-supereffective|p2a: Toxapex
|-damage|p2a: Toxapex|49/100
|
|switch|p1a: Dragapult|Dragapult, F|100/100|[from] Volt Switch
|
|-heal|p2a: Toxapex|55/100|[from] item: Leftovers
|turn|20
|
|move|p1a: Dragapult|Substitute|p1a: Dragapult
|-start|p1a: Dragapult|Substitute
|-damage|p1a: Dragapult|76/100
|move|p2a: Toxapex|Recover|p2a: Toxapex
|-heal|p2a: Toxapex|100/100
|
|-heal|p1a: Dragapult|82/100|[from] item: Leftovers
|turn|21
|
|move|p1a: Dragapult|Will-O-Wisp|p2a: Toxapex
|-status|p2a: Toxapex|brn
|move|p2a: Toxapex|Haze|p2a: Toxapex
|-clearallboost
|
|-heal|p1a: Dragapult|88/100|[from] item: Leftovers
|-damage|p2a: Toxapex|94/100 brn|[from] brn
|turn|22
|
|move|p1a: Dragapult|Hex|p2a: Toxapex
|-damage|p2a: Toxapex|60/100 brn
|move|p2a: Toxapex|Infestation|p1a: Dragapult
|-resisted|p1a: Dragapult
|-activate|p1a: Dragapult|move: Substitute|[damage]
|
|-heal|p1a: Dragapult|94/100|[from] item: Leftovers
|-heal|p2a: Toxapex|66/100 brn|[from] item: Leftovers
|-damage|p2a: Toxapex|60/100 brn|[from] brn
|turn|23
|
|move|p1a: Dragapult|Hex|p2a: Toxapex
|-damage|p2a: Toxapex|23/100 brn
|move|p2a: Toxapex|Recover|p2a: Toxapex
|-heal|p2a: Toxapex|73/100 brn
|
|-heal|p1a: Dragapult|99/100|[from] item: Leftovers
|-heal|p2a: Toxapex|79/100 brn|[from] item: Leftovers
|-damage|p2a: Toxapex|73/100 brn|[from] brn
|turn|24
|
|move|p1a: Dragapult|Hex|p2a: Toxapex
|-damage|p2a: Toxapex|43/100 brn
|move|p2a: Toxapex|Infestation|p1a: Dragapult
|-resisted|p1a: Dragapult
|-activate|p1a: Dragapult|move: Substitute|[damage]
|
|-heal|p1a: Dragapult|100/100|[from] item: Leftovers
|-heal|p2a: Toxapex|49/100 brn|[from] item: Leftovers
|-damage|p2a: Toxapex|43/100 brn|[from] brn
|turn|25
|
|move|p1a: Dragapult|Hex|p2a: Toxapex
|-damage|p2a: Toxapex|7/100 brn
|move|p2a: Toxapex|Recover|p2a: Toxapex
|-heal|p2a: Toxapex|57/100 brn
|
|-heal|p2a: Toxapex|63/100 brn|[from] item: Leftovers
|-damage|p2a: Toxapex|57/100 brn|[from] brn
|turn|26
|
|move|p1a: Dragapult|Hex|p2a: Toxapex
|-damage|p2a: Toxapex|22/100 brn
|move|p2a: Toxapex|Infestation|p1a: Dragapult
|-resisted|p1a: Dragapult
|-activate|p1a: Dragapult|move: Substitute|[damage]
|
|-heal|p2a: Toxapex|28/100 brn|[from] item: Leftovers
|-damage|p2a: Toxapex|22/100 brn|[from] brn
|turn|27
|
|move|p1a: Dragapult|Hex|p2a: Toxapex
|-damage|p2a: Toxapex|0 fnt
|faint|p2a: Toxapex
|
|
|switch|p2a: Corviknight|Corviknight, F|100/100
|-ability|p2a: Corviknight|Pressure
|turn|28
|
|move|p1a: Dragapult|Will-O-Wisp|p2a: Corviknight|[miss]
|-miss|p1a: Dragapult|p2a: Corviknight
|move|p2a: Corviknight|U-turn|p1a: Dragapult
|-resisted|p1a: Dragapult
|-activate|p1a: Dragapult|move: Substitute|[damage]
|
|switch|p2a: Gholdengo|Gholdengo|66/100|[from] U-turn
|-damage|p2a: Gholdengo|49/100|[from] Spikes
|
|turn|29
|
|move|p1a: Dragapult|Hex|p2a: Gholdengo
|-supereffective|p2a: Gholdengo
|-damage|p2a: Gholdengo|0 fnt
|faint|p2a: Gholdengo
|
|-message|p2 forfeited.
|
|win|p1
