|poke|p1|Pawmot, M|
|poke|p1|Abomasnow, M|
|poke|p1|Avalugg-Hisui, F|
|poke|p1|Slowking-Galar, F|
|poke|p1|Landorus-Therian, M|
|poke|p1|Magearna|
|poke|p2|Glastrier|
|poke|p2|Magearna|
|poke|p2|Cresselia, F|
|poke|p2|Ursaluna, M|
|poke|p2|Kingambit, F|
|poke|p2|Slowking-Galar, M|
|teampreview
|
|start
|switch|p1a: Landorus|Landorus-Therian, M|100/100
|switch|p2a: Cresselia|Cresselia, F|100/100
|-ability|p1a: Landorus|Intimidate|boost
|-unboost|p2a: Cresselia|atk|1
|turn|1
|
|move|p1a: Landorus|U-turn|p2a: Cresselia
|-supereffective|p2a: Cresselia
|-damage|p2a: Cresselia|64/100
|
|switch|p1a: Abomasnow|Abomasnow, M, shiny|100/100|[from] U-turn
|-weather|Snow|[from] ability: Snow Warning|[of] p1a: Abomasnow
|move|p2a: Cresselia|Ice Beam|p1a: Abomasnow
|-damage|p1a: Abomasnow|87/100
|
|-weather|Snow|[upkeep]
|turn|2
|
|move|p1a: Abomasnow|Leech Seed|p2a: Cresselia
|-start|p2a: Cresselia|move: Leech Seed
|move|p2a: Cresselia|Trick Room|p2a: Cresselia
|-fieldstart|move: Trick Room|[of] p2a: Cresselia
|
|-weather|Snow|[upkeep]
|-damage|p2a: Cresselia|52/100|[from] Leech Seed|[of] p1a: Abomasnow
|-heal|p1a: Abomasnow|100/100|[silent]
|turn|3
|
|switch|p2a: Slowking|Slowking-Galar, M|100/100
|move|p1a: Abomasnow|Aurora Veil|p1a: Abomasnow
|-sidestart|p1: Green Costume|move: Aurora Veil
|
|-weather|Snow|[upkeep]
|turn|4
|
|move|p2a: Slowking|Flamethrower|p1a: Abomasnow
|-supereffective|p1a: Abomasnow
|-damage|p1a: Abomasnow|67/100
|move|p1a: Abomasnow|Leech Seed|p2a: Slowking
|-start|p2a: Slowking|move: Leech Seed
|
|-weather|Snow|[upkeep]
|-damage|p2a: Slowking|88/100|[from] Leech Seed|[of] p1a: Abomasnow
|-heal|p1a: Abomasnow|80/100|[silent]
|turn|5
|
|switch|p1a: Landorus|Landorus-Therian, M|100/100
|-ability|p1a: Landorus|Intimidate|boost
|-unboost|p2a: Slowking|atk|1
|move|p2a: Slowking|Flamethrower|p1a: Landorus
|-crit|p1a: Landorus
|-damage|p1a: Landorus|57/100
|
|-weather|none
|-damage|p2a: Slowking|76/100|[from] Leech Seed|[of] p1a: Landorus
|-heal|p1a: Landorus|72/100|[silent]
|turn|6
|
|switch|p2a: Cresselia|Cresselia, F|52/100
|move|p1a: Landorus|Earthquake|p2a: Cresselia
|-immune|p2a: Cresselia|[from] ability: Levitate
|
|-fieldend|move: Trick Room
|turn|7
|
|switch|p1a: Abomasnow|Abomasnow, M, shiny|80/100
|-weather|Snow|[from] ability: Snow Warning|[of] p1a: Abomasnow
|switch|p2a: Slowking|Slowking-Galar, M|100/100
|
|-weather|Snow|[upkeep]
|turn|8
|
|move|p1a: Abomasnow|Leech Seed|p2a: Slowking
|-start|p2a: Slowking|move: Leech Seed
|move|p2a: Slowking|Trick Room|p2a: Slowking
|-fieldstart|move: Trick Room|[of] p2a: Slowking
|
|-weather|Snow|[upkeep]
|-damage|p2a: Slowking|88/100|[from] Leech Seed|[of] p1a: Abomasnow
|-heal|p1a: Abomasnow|94/100|[silent]
|turn|9
|
|switch|p1a: Landorus|Landorus-Therian, M|72/100
|-ability|p1a: Landorus|Intimidate|boost
|-unboost|p2a: Slowking|atk|1
|move|p2a: Slowking|Flamethrower|p1a: Landorus
|-damage|p1a: Landorus|57/100
|
|-weather|Snow|[upkeep]
|-damage|p2a: Slowking|76/100|[from] Leech Seed|[of] p1a: Landorus
|-heal|p1a: Landorus|72/100|[silent]
|turn|10
|
|move|p2a: Slowking|Chilly Reception|p2a: Slowking
|
|switch|p2a: Glastrier|Glastrier|100/100|[from] Chilly Reception
|move|p1a: Landorus|U-turn|p2a: Glastrier
|-damage|p2a: Glastrier|87/100
|
|switch|p1a: Abomasnow|Abomasnow, M, shiny|94/100|[from] U-turn
|
|-weather|Snow|[upkeep]
|-sideend|p1: Green Costume|move: Aurora Veil
|turn|11
|
|move|p2a: Glastrier|Icicle Crash|p1a: Abomasnow
|-damage|p1a: Abomasnow|51/100
|move|p1a: Abomasnow|Aurora Veil|p1a: Abomasnow
|-sidestart|p1: Green Costume|move: Aurora Veil
|
|-weather|none
|turn|12
|
|move|p2a: Glastrier|Swords Dance|p2a: Glastrier
|-boost|p2a: Glastrier|atk|2
|move|p1a: Abomasnow|Leech Seed|p2a: Glastrier
|-start|p2a: Glastrier|move: Leech Seed
|
|-damage|p2a: Glastrier|75/100|[from] Leech Seed|[of] p1a: Abomasnow
|-heal|p1a: Abomasnow|65/100|[silent]
|-fieldend|move: Trick Room
|turn|13
|
|switch|p1a: Slowking|Slowking-Galar, F|100/100
|move|p2a: Glastrier|Icicle Crash|p1a: Slowking
|-damage|p1a: Slowking|56/100
|
|-damage|p2a: Glastrier|63/100|[from] Leech Seed|[of] p1a: Slowking
|-heal|p1a: Slowking|71/100|[silent]
|turn|14
|
|move|p1a: Slowking|Future Sight|p2a: Glastrier
|-start|p1a: Slowking|move: Future Sight
|move|p2a: Glastrier|Stomping Tantrum|p1a: Slowking
|-supereffective|p1a: Slowking
|-damage|p1a: Slowking|15/100
|
|-damage|p2a: Glastrier|50/100|[from] Leech Seed|[of] p1a: Slowking
|-heal|p1a: Slowking|29/100|[silent]
|turn|15
|
|switch|p1a: Abomasnow|Abomasnow, M, shiny|65/100
|-weather|Snow|[from] ability: Snow Warning|[of] p1a: Abomasnow
|move|p2a: Glastrier|Stomping Tantrum|p1a: Abomasnow
|-resisted|p1a: Abomasnow
|-damage|p1a: Abomasnow|53/100
|
|-weather|Snow|[upkeep]
|-damage|p2a: Glastrier|38/100|[from] Leech Seed|[of] p1a: Abomasnow
|-heal|p1a: Abomasnow|67/100|[silent]
|turn|16
|
|switch|p1a: Slowking|Slowking-Galar, F|63/100
|switch|p2a: Kingambit|Kingambit, F|100/100
|
|-weather|Snow|[upkeep]
|-end|p2a: Kingambit|move: Future Sight
|-immune|p2a: Kingambit
|turn|17
|
|switch|p1a: Landorus|Landorus-Therian, M|72/100
|-ability|p1a: Landorus|Intimidate|boost
|-unboost|p2a: Kingambit|atk|1
|move|p2a: Kingambit|Swords Dance|p2a: Kingambit
|-boost|p2a: Kingambit|atk|2
|
|-weather|Snow|[upkeep]
|turn|18
|
|-end|p2a: Kingambit|fallenundefined|[silent]
|switch|p2a: Cresselia|Cresselia, F|52/100
|move|p1a: Landorus|Earthquake|p2a: Cresselia
|-immune|p2a: Cresselia|[from] ability: Levitate
|
|-weather|Snow|[upkeep]
|-sideend|p1: Green Costume|move: Aurora Veil
|turn|19
|
|switch|p1a: Abomasnow|Abomasnow, M, shiny|67/100
|move|p2a: Cresselia|Trick Room|p2a: Cresselia
|-fieldstart|move: Trick Room|[of] p2a: Cresselia
|
|-weather|none
|turn|20
|
|switch|p2a: Slowking|Slowking-Galar, M|100/100
|move|p1a: Abomasnow|Leech Seed|p2a: Slowking
|-start|p2a: Slowking|move: Leech Seed
|
|-damage|p2a: Slowking|88/100|[from] Leech Seed|[of] p1a: Abomasnow
|-heal|p1a: Abomasnow|81/100|[silent]
|turn|21
|
|switch|p1a: Slowking|Slowking-Galar, F|96/100
|move|p2a: Slowking|Flamethrower|p1a: Slowking
|-damage|p1a: Slowking|78/100
|
|-damage|p2a: Slowking|76/100|[from] Leech Seed|[of] p1a: Slowking
|-heal|p1a: Slowking|93/100|[silent]
|turn|22
|
|move|p2a: Slowking|Chilly Reception|p2a: Slowking
|-weather|Snow
|
|switch|p2a: Magearna|Magearna|100/100|[from] Chilly Reception
|move|p1a: Slowking|Future Sight|p2a: Magearna
|-start|p1a: Slowking|move: Future Sight
|
|-weather|Snow|[upkeep]
|turn|23
|
|switch|p1a: Landorus|Landorus-Therian, M|72/100
|-ability|p1a: Landorus|Intimidate|boost
|-unboost|p2a: Magearna|atk|1
|-enditem|p2a: Magearna|Eject Pack
|
|switch|p2a: Glastrier|Glastrier|38/100
|
|-weather|Snow|[upkeep]
|-fieldend|move: Trick Room
|turn|24
|
|move|p1a: Landorus|Stone Edge|p2a: Glastrier|[miss]
|-miss|p1a: Landorus|p2a: Glastrier
|move|p2a: Glastrier|Icicle Crash|p1a: Landorus
|-supereffective|p1a: Landorus
|-damage|p1a: Landorus|0 fnt
|faint|p1a: Landorus
|-ability|p2a: Glastrier|Chilling Neigh|boost
|-boost|p2a: Glastrier|atk|1
|
|-weather|Snow|[upkeep]
|-end|p2a: Glastrier|move: Future Sight
|-damage|p2a: Glastrier|2/100
|
|switch|p1a: Abomasnow|Abomasnow, M, shiny|81/100
|turn|25
|
|switch|p2a: Magearna|Magearna|100/100
|move|p1a: Abomasnow|Energy Ball|p2a: Magearna
|-resisted|p2a: Magearna
|-damage|p2a: Magearna|88/100
|
|-weather|Snow|[upkeep]
|turn|26
|
|move|p1a: Abomasnow|Aurora Veil|p1a: Abomasnow
|-sidestart|p1: Green Costume|move: Aurora Veil
|move|p2a: Magearna|Trick Room|p2a: Magearna
|-fieldstart|move: Trick Room|[of] p2a: Magearna
|
|-weather|none
|turn|27
|
|move|p2a: Magearna|Focus Blast|p1a: Abomasnow
|-supereffective|p1a: Abomasnow
|-crit|p1a: Abomasnow
|-damage|p1a: Abomasnow|0 fnt
|faint|p1a: Abomasnow
|-ability|p2a: Magearna|Soul-Heart|boost
|-boost|p2a: Magearna|spa|1
|
|
|switch|p1a: Dream Lord|Pawmot, M|100/100
|turn|28
|
|move|p2a: Magearna|Fleur Cannon|p1a: Dream Lord
|-supereffective|p1a: Dream Lord
|-enditem|p1a: Dream Lord|Focus Sash
|-damage|p1a: Dream Lord|1/100
|-unboost|p2a: Magearna|spa|2
|move|p1a: Dream Lord|Revival Blessing|p1a: Dream Lord
|
|-heal|p1: Abomasnow|50/100|[from] move: Revival Blessing
|
|turn|29
|
|switch|p1a: Slowking|Slowking-Galar, F|100/100
|move|p2a: Magearna|Thunderbolt|p1a: Slowking
|-damage|p1a: Slowking|92/100
|
|turn|30
|
|switch|p2a: Cresselia|Cresselia, F|52/100
|move|p1a: Slowking|Future Sight|p2a: Cresselia
|-start|p1a: Slowking|move: Future Sight
|
|-fieldend|move: Trick Room
|turn|31
|
|switch|p1a: Abomasnow|Abomasnow, M, shiny|50/100
|-weather|Snow|[from] ability: Snow Warning|[of] p1a: Abomasnow
|move|p2a: Cresselia|Trick Room|p2a: Cresselia
|-fieldstart|move: Trick Room|[of] p2a: Cresselia
|
|-weather|Snow|[upkeep]
|turn|32
|
|move|p1a: Abomasnow|Leech Seed|p2a: Cresselia
|-start|p2a: Cresselia|move: Leech Seed
|move|p2a: Cresselia|Lunar Dance|p2a: Cresselia
|faint|p2a: Cresselia
|
|-weather|Snow|[upkeep]
|-hint|Future Sight did not hit because the target is fainted.
|
|switch|p2a: Glastrier|Glastrier|2/100
|-heal|p2a: Glastrier|100/100|[from] move: Lunar Dance
|turn|33
|
|switch|p2a: Slowking|Slowking-Galar, M|100/100
|move|p1a: Abomasnow|Leech Seed|p2a: Slowking
|-start|p2a: Slowking|move: Leech Seed
|
|-weather|Snow|[upkeep]
|-damage|p2a: Slowking|88/100|[from] Leech Seed|[of] p1a: Abomasnow
|-heal|p1a: Abomasnow|64/100|[silent]
|-sideend|p1: Green Costume|move: Aurora Veil
|turn|34
|
|switch|p1a: Slowking|Slowking-Galar, F|100/100
|move|p2a: Slowking|Flamethrower|p1a: Slowking
|-damage|p1a: Slowking|82/100
|
|-weather|Snow|[upkeep]
|-damage|p2a: Slowking|76/100|[from] Leech Seed|[of] p1a: Slowking
|-heal|p1a: Slowking|97/100|[silent]
|turn|35
|
|move|p2a: Slowking|Psychic|p1a: Slowking
|-crit|p1a: Slowking
|-damage|p1a: Slowking|54/100
|-unboost|p1a: Slowking|spd|1
|move|p1a: Slowking|Future Sight|p2a: Slowking
|-start|p1a: Slowking|move: Future Sight
|
|-weather|none
|-damage|p2a: Slowking|63/100|[from] Leech Seed|[of] p1a: Slowking
|-heal|p1a: Slowking|68/100|[silent]
|-fieldend|move: Trick Room
|turn|36
|
|move|p1a: Slowking|Chilly Reception|p1a: Slowking
|-weather|Snow
|
|switch|p1a: Abomasnow|Abomasnow, M, shiny|64/100|[from] Chilly Reception
|move|p2a: Slowking|Psychic|p1a: Abomasnow
|-damage|p1a: Abomasnow|37/100
|
|-weather|Snow|[upkeep]
|-damage|p2a: Slowking|51/100|[from] Leech Seed|[of] p1a: Abomasnow
|-heal|p1a: Abomasnow|51/100|[silent]
|turn|37
|
|switch|p2a: Magearna|Magearna|88/100
|move|p1a: Abomasnow|Aurora Veil|p1a: Abomasnow
|-sidestart|p1: Green Costume|move: Aurora Veil
|
|-weather|Snow|[upkeep]
|-end|p2a: Magearna|move: Future Sight
|-resisted|p2a: Magearna
|-damage|p2a: Magearna|68/100
|turn|38
|
|move|p1a: Abomasnow|Leech Seed|p2a: Magearna
|-start|p2a: Magearna|move: Leech Seed
|move|p2a: Magearna|Trick Room|p2a: Magearna
|-fieldstart|move: Trick Room|[of] p2a: Magearna
|
|-weather|Snow|[upkeep]
|-damage|p2a: Magearna|55/100|[from] Leech Seed|[of] p1a: Abomasnow
|-heal|p1a: Abomasnow|64/100|[silent]
|turn|39
|
|switch|p1a: Magearna|Magearna|100/100
|move|p2a: Magearna|Focus Blast|p1a: Magearna|[miss]
|-miss|p2a: Magearna|p1a: Magearna
|
|-weather|Snow|[upkeep]
|-damage|p2a: Magearna|43/100|[from] Leech Seed|[of] p1a: Magearna
|turn|40
|
|switch|p2a: Slowking|Slowking-Galar, M|84/100
|move|p1a: Magearna|Calm Mind|p1a: Magearna
|-boost|p1a: Magearna|spa|1
|-boost|p1a: Magearna|spd|1
|
|-weather|none
|turn|41
|
|move|p2a: Slowking|Flamethrower|p1a: Magearna
|-supereffective|p1a: Magearna
|-damage|p1a: Magearna|85/100
|move|p1a: Magearna|Calm Mind|p1a: Magearna
|-boost|p1a: Magearna|spa|1
|-boost|p1a: Magearna|spd|1
|
|-heal|p1a: Magearna|92/100|[from] item: Leftovers
|turn|42
|
|move|p2a: Slowking|Flamethrower|p1a: Magearna
|-supereffective|p1a: Magearna
|-damage|p1a: Magearna|81/100
|move|p1a: Magearna|Calm Mind|p1a: Magearna
|-boost|p1a: Magearna|spa|1
|-boost|p1a: Magearna|spd|1
|
|-heal|p1a: Magearna|87/100|[from] item: Leftovers
|-fieldend|move: Trick Room
|turn|43
|
|move|p1a: Magearna|Calm Mind|p1a: Magearna
|-boost|p1a: Magearna|spa|1
|-boost|p1a: Magearna|spd|1
|move|p2a: Slowking|Trick Room|p2a: Slowking
|-fieldstart|move: Trick Room|[of] p2a: Slowking
|
|-heal|p1a: Magearna|93/100|[from] item: Leftovers
|turn|44
|
|move|p2a: Slowking|Flamethrower|p1a: Magearna
|-supereffective|p1a: Magearna
|-damage|p1a: Magearna|85/100
|move|p1a: Magearna|Calm Mind|p1a: Magearna
|-boost|p1a: Magearna|spa|1
|-boost|p1a: Magearna|spd|1
|
|-heal|p1a: Magearna|92/100|[from] item: Leftovers
|-sideend|p1: Green Costume|move: Aurora Veil
|turn|45
|
|switch|p2a: Ursaluna|Ursaluna, M|100/100
|move|p1a: Magearna|Calm Mind|p1a: Magearna
|-boost|p1a: Magearna|spa|1
|-boost|p1a: Magearna|spd|1
|
|-heal|p1a: Magearna|98/100|[from] item: Leftovers
|-status|p2a: Ursaluna|brn|[from] item: Flame Orb
|turn|46
|
|-terastallize|p1a: Magearna|Ground
|move|p2a: Ursaluna|Earthquake|p1a: Magearna
|-damage|p1a: Magearna|37/100
|move|p1a: Magearna|Draining Kiss|p2a: Ursaluna
|-damage|p2a: Ursaluna|11/100 brn
|-heal|p1a: Magearna|100/100|[from] drain|[of] p2a: Ursaluna
|
|-damage|p2a: Ursaluna|4/100 brn|[from] brn
|turn|47
|
|move|p2a: Ursaluna|Facade|p1a: Magearna
|-damage|p1a: Magearna|5/100
|move|p1a: Magearna|Shift Gear|p1a: Magearna
|-boost|p1a: Magearna|spe|2
|-boost|p1a: Magearna|atk|1
|
|-heal|p1a: Magearna|11/100|[from] item: Leftovers
|-damage|p2a: Ursaluna|0 fnt|[from] brn
|faint|p2a: Ursaluna
|-fieldend|move: Trick Room
|
|switch|p2a: Kingambit|Kingambit, F|100/100
|-activate|p2a: Kingambit|ability: Supreme Overlord
|-start|p2a: Kingambit|fallen2|[silent]
|turn|48
|
|move|p2a: Kingambit|Sucker Punch||[still]
|-fail|p2a: Kingambit
|move|p1a: Magearna|Shift Gear|p1a: Magearna
|-boost|p1a: Magearna|spe|2
|-boost|p1a: Magearna|atk|1
|
|-heal|p1a: Magearna|18/100|[from] item: Leftovers
|turn|49
|
|move|p2a: Kingambit|Sucker Punch||[still]
|-fail|p2a: Kingambit
|move|p1a: Magearna|Shift Gear|p1a: Magearna
|-boost|p1a: Magearna|spe|2
|-boost|p1a: Magearna|atk|1
|
|-heal|p1a: Magearna|24/100|[from] item: Leftovers
|turn|50
|
|move|p1a: Magearna|Draining Kiss|p2a: Kingambit
|-damage|p2a: Kingambit|9/100
|-heal|p1a: Magearna|100/100|[from] drain|[of] p2a: Kingambit
|move|p2a: Kingambit|Kowtow Cleave|p1a: Magearna
|-damage|p1a: Magearna|54/100
|
|-heal|p1a: Magearna|60/100|[from] item: Leftovers
|-heal|p2a: Kingambit|15/100|[from] item: Leftovers
|turn|51
|-message|Matt TG forfeited.
|
|win|Green Costume
