|poke|p1|Sneasler, M|
|poke|p1|Dragapult, M|
|poke|p1|Iron Valiant|
|poke|p1|Samurott-Hisui, F|
|poke|p1|Great Tusk|
|poke|p1|Skeledirge, F|
|poke|p2|Ursaluna, M|
|poke|p2|Kingambit, M|
|poke|p2|Magearna|
|poke|p2|Slowking-Galar, F|
|poke|p2|Corviknight, F|
|poke|p2|Braviary-Hisui, M|
|teampreview
|
|start
|switch|p1a: Nejibana|Samurott-Hisui, F|100/100
|switch|p2a: Mr. Heffner|Magearna|100/100
|turn|1
|
|move|p1a: Nejibana|Ceaseless Edge|p2a: Mr. Heffner
|-resisted|p2a: Mr. Heffner
|-damage|p2a: Mr. Heffner|84/100
|-sidestart|p2: p2|Spikes
|move|p2a: Mr. Heffner|Trick Room|p2a: Mr. Heffner
|-fieldstart|move: Trick Room|[of] p2a: Mr. Heffner
|
|turn|2
|
|move|p2a: Mr. Heffner|Fleur Cannon|p1a: Nejibana
|-supereffective|p1a: Nejibana
|-damage|p1a: Nejibana|0 fnt
|-unboost|p2a: Mr. Heffner|spa|2
|faint|p1a: Nejibana
|-ability|p2a: Mr. Heffner|Soul-Heart|boost
|-boost|p2a: Mr. Heffner|spa|1
|
|
|switch|p1a: Ryujin Jakka|Skeledirge, F|100/100
|turn|3
|
|move|p2a: Mr. Heffner|Light Screen|p2a: Mr. Heffner
|-sidestart|p2: p2|move: Light Screen
|move|p1a: Ryujin Jakka|Torch Song|p2a: Mr. Heffner
|-supereffective|p2a: Mr. Heffner
|-damage|p2a: Mr. Heffner|64/100
|-boost|p1a: Ryujin Jakka|spa|1
|
|turn|4
|
|switch|p2a: Michael Rosen|Ursaluna, M|100/100
|-damage|p2a: Michael Rosen|88/100|[from] Spikes
|move|p1a: Ryujin Jakka|Torch Song|p2a: Michael Rosen
|-damage|p2a: Michael Rosen|69/100
|-boost|p1a: Ryujin Jakka|spa|1
|
|-status|p2a: Michael Rosen|brn|[from] item: Flame Orb
|turn|5
|
|-terastallize|p1a: Ryujin Jakka|Fairy
|move|p2a: Michael Rosen|Earthquake|p1a: Ryujin Jakka
|-damage|p1a: Ryujin Jakka|22/100
|move|p1a: Ryujin Jakka|Torch Song|p2a: Michael Rosen
|-damage|p2a: Michael Rosen|43/100 brn
|-boost|p1a: Ryujin Jakka|spa|1
|
|-damage|p2a: Michael Rosen|37/100 brn|[from] brn
|-fieldend|move: Trick Room
|turn|6
|
|move|p1a: Ryujin Jakka|Torch Song|p2a: Michael Rosen
|-damage|p2a: Michael Rosen|4/100 brn
|-boost|p1a: Ryujin Jakka|spa|1
|move|p2a: Michael Rosen|Facade|p1a: Ryujin Jakka
|-damage|p1a: Ryujin Jakka|0 fnt
|faint|p1a: Ryujin Jakka
|
|-damage|p2a: Michael Rosen|0 fnt|[from] brn
|faint|p2a: Michael Rosen
|
|switch|p1a: Haineko|Sneasler, M|100/100
|switch|p2a: Gukko Force|Corviknight, F|100/100
|-ability|p2a: Gukko Force|Pressure
|turn|7
|
|move|p1a: Haineko|U-turn|p2a: Gukko Force
|-resisted|p2a: Gukko Force
|-damage|p2a: Gukko Force|95/100
|
|switch|p1a: Zabimaru|Great Tusk|100/100|[from] U-turn
|move|p2a: Gukko Force|Defog|p1a: Zabimaru
|-unboost|p1a: Zabimaru|evasion|1
|-sideend|p2: p2|Spikes|[from] move: Defog|[of] p2a: Gukko Force
|
|-heal|p2a: Gukko Force|100/100|[from] item: Leftovers
|turn|8
|
|move|p1a: Zabimaru|Ice Spinner|p2a: Gukko Force
|-damage|p2a: Gukko Force|74/100
|move|p2a: Gukko Force|Iron Defense|p2a: Gukko Force
|-boost|p2a: Gukko Force|def|2
|
|-heal|p2a: Gukko Force|80/100|[from] item: Leftovers
|turn|9
|
|-end|p1a: Zabimaru|Protosynthesis|[silent]
|switch|p1a: Tobiume|Dragapult, M|100/100
|move|p2a: Gukko Force|Iron Defense|p2a: Gukko Force
|-boost|p2a: Gukko Force|def|2
|
|-heal|p2a: Gukko Force|86/100|[from] item: Leftovers
|turn|10
|
|switch|p2a: Mr. Heffner|Magearna|64/100
|move|p1a: Tobiume|Flamethrower|p2a: Mr. Heffner
|-supereffective|p2a: Mr. Heffner
|-damage|p2a: Mr. Heffner|18/100
|
|-sideend|p2: p2|move: Light Screen
|turn|11
|
|move|p1a: Tobiume|Flamethrower|p2a: Mr. Heffner
|-supereffective|p2a: Mr. Heffner
|-damage|p2a: Mr. Heffner|0 fnt
|faint|p2a: Mr. Heffner
|
|
|switch|p2a: Thanos at home|Slowking-Galar, F|100/100
|turn|12
|
|move|p1a: Tobiume|Flamethrower|p2a: Thanos at home
|-damage|p2a: Thanos at home|77/100
|move|p2a: Thanos at home|Trick Room|p2a: Thanos at home
|-fieldstart|move: Trick Room|[of] p2a: Thanos at home
|
|turn|13
|
|move|p2a: Thanos at home|Future Sight|p1a: Tobiume
|-start|p2a: Thanos at home|move: Future Sight
|move|p1a: Tobiume|Flamethrower|p2a: Thanos at home
|-crit|p2a: Thanos at home
|-damage|p2a: Thanos at home|41/100
|
|turn|14
|
|move|p2a: Thanos at home|Slack Off|p2a: Thanos at home
|-heal|p2a: Thanos at home|91/100
|move|p1a: Tobiume|Flamethrower|p2a: Thanos at home
|-damage|p2a: Thanos at home|66/100
|
|turn|15
|
|switch|p1a: Zabimaru|Great Tusk|100/100
|move|p2a: Thanos at home|Slack Off|p2a: Thanos at home
|-heal|p2a: Thanos at home|100/100
|
|-end|p1a: Zabimaru|move: Future Sight
|-supereffective|p1a: Zabimaru
|-damage|p1a: Zabimaru|27/100
|turn|16
|
|move|p2a: Thanos at home|Chilly Reception|p2a: Thanos at home
|-weather|Snow
|
|switch|p2a: Greasy Sweet|Braviary-Hisui, M|100/100|[from] Chilly Reception
|move|p1a: Zabimaru|Earthquake|p2a: Greasy Sweet
|-immune|p2a: Greasy Sweet
|
|-weather|Snow|[upkeep]
|-fieldend|move: Trick Room
|turn|17
|
|move|p1a: Zabimaru|Ice Spinner|p2a: Greasy Sweet
|-supereffective|p2a: Greasy Sweet
|-damage|p2a: Greasy Sweet|30/100
|move|p2a: Greasy Sweet|Psychic|p1a: Zabimaru
|-supereffective|p1a: Zabimaru
|-crit|p1a: Zabimaru
|-damage|p1a: Zabimaru|0 fnt
|faint|p1a: Zabimaru
|-end|p1a: Zabimaru|Protosynthesis|[silent]
|
|-weather|Snow|[upkeep]
|
|switch|p1a: Zangetsu|Iron Valiant|100/100
|-enditem|p1a: Zangetsu|Booster Energy
|-activate|p1a: Zangetsu|ability: Quark Drive|[fromitem]
|-start|p1a: Zangetsu|quarkdrivespe
|turn|18
|
|move|p1a: Zangetsu|Moonblast|p2a: Greasy Sweet
|-damage|p2a: Greasy Sweet|0 fnt
|faint|p2a: Greasy Sweet
|
|-weather|Snow|[upkeep]
|
|switch|p2a: Thanos at home|Slowking-Galar, F|100/100
|turn|19
|
|move|p1a: Zangetsu|Shadow Ball|p2a: Thanos at home
|-supereffective|p2a: Thanos at home
|-damage|p2a: Thanos at home|68/100
|move|p2a: Thanos at home|Trick Room|p2a: Thanos at home
|-fieldstart|move: Trick Room|[of] p2a: Thanos at home
|
|-weather|Snow|[upkeep]
|turn|20
|
|move|p2a: Thanos at home|Future Sight|p1a: Zangetsu
|-start|p2a: Thanos at home|move: Future Sight
|move|p1a: Zangetsu|Shadow Ball|p2a: Thanos at home
|-supereffective|p2a: Thanos at home
|-damage|p2a: Thanos at home|38/100
|
|-weather|none
|turn|21
|
|move|p2a: Thanos at home|Slack Off|p2a: Thanos at home
|-heal|p2a: Thanos at home|88/100
|move|p1a: Zangetsu|Close Combat|p2a: Thanos at home
|-resisted|p2a: Thanos at home
|-damage|p2a: Thanos at home|74/100
|-unboost|p1a: Zangetsu|def|1
|-unboost|p1a: Zangetsu|spd|1
|
|turn|22
|
|move|p2a: Thanos at home|Chilly Reception|p2a: Thanos at home
|-weather|Snow
|
|switch|p2a: Gukko Force|Corviknight, F|86/100|[from] Chilly Reception
|-ability|p2a: Gukko Force|Pressure
|move|p1a: Zangetsu|Encore||[still]
|-fail|p1a: Zangetsu
|
|-weather|Snow|[upkeep]
|-end|p1a: Zangetsu|move: Future Sight
|-supereffective|p1a: Zangetsu
|-damage|p1a: Zangetsu|0 fnt
|faint|p1a: Zangetsu
|-end|p1a: Zangetsu|Quark Drive|[silent]
|-heal|p2a: Gukko Force|92/100|[from] item: Leftovers
|
|switch|p1a: Tobiume|Dragapult, M|100/100
|turn|23
|
|switch|p2a: Thanos at home|Slowking-Galar, F|100/100
|move|p1a: Tobiume|Flamethrower|p2a: Thanos at home
|-damage|p2a: Thanos at home|76/100
|
|-weather|Snow|[upkeep]
|-fieldend|move: Trick Room
|turn|24
|
|switch|p1a: Haineko|Sneasler, M|100/100
|move|p2a: Thanos at home|Trick Room|p2a: Thanos at home
|-fieldstart|move: Trick Room|[of] p2a: Thanos at home
|
|-weather|Snow|[upkeep]
|turn|25
|
|move|p2a: Thanos at home|Future Sight|p1a: Haineko
|-start|p2a: Thanos at home|move: Future Sight
|move|p1a: Haineko|Swords Dance|p1a: Haineko
|-boost|p1a: Haineko|atk|2
|
|-weather|Snow|[upkeep]
|turn|26
|
|move|p2a: Thanos at home|Slack Off|p2a: Thanos at home
|-heal|p2a: Thanos at home|100/100
|move|p1a: Haineko|Swords Dance|p1a: Haineko
|-boost|p1a: Haineko|atk|2
|
|-weather|none
|turn|27
|
|switch|p2a: Gukko Force|Corviknight, F|92/100
|-ability|p2a: Gukko Force|Pressure
|move|p1a: Haineko|Close Combat|p2a: Gukko Force
|-damage|p2a: Gukko Force|0 fnt
|-unboost|p1a: Haineko|def|1
|-unboost|p1a: Haineko|spd|1
|faint|p2a: Gukko Force
|
|-end|p1a: Haineko|move: Future Sight
|-supereffective|p1a: Haineko
|-damage|p1a: Haineko|0 fnt
|faint|p1a: Haineko
|
|switch|p2a: Aku Lord of Evil|Kingambit, M|100/100
|switch|p1a: Tobiume|Dragapult, M|100/100
|-activate|p2a: Aku Lord of Evil|ability: Supreme Overlord
|-start|p2a: Aku Lord of Evil|fallen4|[silent]
|turn|28
|
|-terastallize|p2a: Aku Lord of Evil|Fairy
|move|p2a: Aku Lord of Evil|Kowtow Cleave|p1a: Tobiume
|-supereffective|p1a: Tobiume
|-damage|p1a: Tobiume|0 fnt
|faint|p1a: Tobiume
|-damage|p2a: Aku Lord of Evil|91/100|[from] item: Life Orb
|
|win|p2
