|poke|p1|Electrode-Hisui|
|poke|p1|Zangoose, M|
|poke|p1|Tropius, M|
|poke|p1|Seviper, F|
|poke|p1|Enamorus, F|
|poke|p1|Heatran, M|
|poke|p2|Typhlosion-Hisui, M|
|poke|p2|Dragapult, M|
|poke|p2|Magearna|
|poke|p2|Urshifu-*, F|
|poke|p2|Zapdos|
|poke|p2|Great Tusk|
|teampreview
|
|start
|switch|p1a: Tropus|Tropius, M|100/100
|switch|p2a: Urshifu|Urshifu-Rapid-Strike, F|100/100
|turn|1
|
|move|p2a: Urshifu|Ice Spinner|p1a: Tropus
|-supereffective|p1a: Tropus
|-damage|p1a: Tropus|16/100
|-enditem|p1a: Tropus|Sitrus Berry|[eat]
|-heal|p1a: Tropus|41/100|[from] item: Sitrus Berry
|move|p1a: Tropus|Leech Seed|p2a: Urshifu
|-start|p2a: Urshifu|move: Leech Seed
|
|-damage|p2a: Urshifu|88/100|[from] Leech Seed|[of] p1a: Tropus
|-heal|p1a: Tropus|52/100|[silent]
|-item|p1a: Tropus|Sitrus Berry|[from] ability: Harvest
|turn|2
|
|-terastallize|p1a: Tropus|Fire
|move|p2a: Urshifu|Ice Spinner|p1a: Tropus
|-resisted|p1a: Tropus
|-damage|p1a: Tropus|42/100
|-enditem|p1a: Tropus|Sitrus Berry|[eat]
|-heal|p1a: Tropus|67/100|[from] item: Sitrus Berry
|move|p1a: Tropus|Giga Drain|p2a: Urshifu
|-supereffective|p2a: Urshifu
|-damage|p2a: Urshifu|17/100
|-heal|p1a: Tropus|98/100|[from] drain|[of] p2a: Urshifu
|
|-damage|p2a: Urshifu|5/100|[from] Leech Seed|[of] p1a: Tropus
|-heal|p1a: Tropus|100/100|[silent]
|turn|3
|
|switch|p2a: Dragapult|Dragapult, M|100/100
|move|p1a: Tropus|Substitute|p1a: Tropus
|-start|p1a: Tropus|Substitute
|-damage|p1a: Tropus|75/100
|
|turn|4
|
|move|p2a: Dragapult|Will-O-Wisp|p1a: Tropus
|-immune|p1a: Tropus
|move|p1a: Tropus|Leech Seed|p2a: Dragapult
|-start|p2a: Dragapult|move: Leech Seed
|
|-damage|p2a: Dragapult|88/100|[from] Leech Seed|[of] p1a: Tropus
|-heal|p1a: Tropus|86/100|[silent]
|turn|5
|
|switch|p2a: Zapdos|Zapdos|100/100
|move|p1a: Tropus|Air Slash|p2a: Zapdos
|-resisted|p2a: Zapdos
|-damage|p2a: Zapdos|90/100
|
|-item|p1a: Tropus|Sitrus Berry|[from] ability: Harvest
|turn|6
|
|move|p2a: Zapdos|Volt Switch|p1a: Tropus
|-end|p1a: Tropus|Substitute
|
|switch|p2a: Dragapult|Dragapult, M|88/100|[from] Volt Switch
|move|p1a: Tropus|Leech Seed|p2a: Dragapult
|-start|p2a: Dragapult|move: Leech Seed
|
|-heal|p2a: Dragapult|94/100|[from] item: Leftovers
|-damage|p2a: Dragapult|82/100|[from] Leech Seed|[of] p1a: Tropus
|-heal|p1a: Tropus|96/100|[silent]
|turn|7
|
|move|p2a: Dragapult|Dragon Darts|p1a: Tropus
|-damage|p1a: Tropus|79/100
|-anim|p2a: Dragapult|Dragon Darts|p1a: Tropus
|-damage|p1a: Tropus|64/100
|move|p1a: Tropus|Air Slash|p2a: Dragapult
|-crit|p2a: Dragapult
|-damage|p2a: Dragapult|33/100
|
|-heal|p2a: Dragapult|39/100|[from] item: Leftovers
|-damage|p2a: Dragapult|27/100|[from] Leech Seed|[of] p1a: Tropus
|-heal|p1a: Tropus|74/100|[silent]
|turn|8
|
|move|p2a: Dragapult|Substitute|p2a: Dragapult
|-start|p2a: Dragapult|Substitute
|-damage|p2a: Dragapult|2/100
|move|p1a: Tropus|Substitute|p1a: Tropus
|-start|p1a: Tropus|Substitute
|-damage|p1a: Tropus|49/100
|-enditem|p1a: Tropus|Sitrus Berry|[eat]
|-heal|p1a: Tropus|74/100|[from] item: Sitrus Berry
|
|-heal|p2a: Dragapult|8/100|[from] item: Leftovers
|-damage|p2a: Dragapult|0 fnt|[from] Leech Seed|[of] p1a: Tropus
|-heal|p1a: Tropus|80/100|[silent]
|faint|p2a: Dragapult
|-item|p1a: Tropus|Sitrus Berry|[from] ability: Harvest
|-message|p2 forfeited.
|
|win|p1
