|poke|p1|Grafaiai, M|
|poke|p1|Zoroark-Hisui, M|
|poke|p1|Corviknight, F|
|poke|p1|Meowscarada, F|
|poke|p1|Garganacl, F|
|poke|p1|Volcarona, M|
|poke|p2|Zamazenta-*|
|poke|p2|Enamorus-Therian, F|
|poke|p2|Rotom-Wash|
|poke|p2|Magearna|
|poke|p2|Dragapult, F|
|poke|p2|Urshifu-*, M|
|teampreview
|
|start
|switch|p1a: mort|Grafaiai, M, shiny|100/100
|switch|p2a: Hermes|Dragapult, F|100/100
|turn|1
|
|move|p2a: Hermes|Light Screen|p2a: Hermes
|-sidestart|p2: c9ffin|move: Light Screen
|move|p1a: mort|Knock Off|p2a: Hermes
|-supereffective|p2a: Hermes
|-damage|p2a: Hermes|39/100
|-start|p1a: mort|Disable|Knock Off|[from] ability: Cursed Body|[of] p2a: Hermes
|-enditem|p2a: Hermes|Light Clay|[from] move: Knock Off|[of] p1a: mort
|
|turn|2
|
|move|p1a: mort|Encore|p2a: Hermes
|-start|p2a: Hermes|Encore
|move|p2a: Hermes|Light Screen||[still]
|-fail|p2a: Hermes
|
|turn|3
|
|switch|p2a: Athena|Magearna|100/100
|move|p1a: mort|Gunk Shot|p2a: Athena
|-immune|p2a: Athena
|
|turn|4
|
|move|p1a: mort|Parting Shot|p2a: Athena
|-unboost|p2a: Athena|atk|1
|-unboost|p2a: Athena|spa|1
|
|switch|p1a: salt go brrrrrrr|Garganacl, F, shiny|100/100|[from] Parting Shot
|move|p2a: Athena|Shift Gear|p2a: Athena
|-boost|p2a: Athena|spe|2
|-boost|p2a: Athena|atk|1
|
|turn|5
|
|-terastallize|p2a: Athena|Flying
|move|p2a: Athena|Shift Gear|p2a: Athena
|-boost|p2a: Athena|spe|2
|-boost|p2a: Athena|atk|1
|move|p1a: salt go brrrrrrr|Salt Cure|p2a: Athena
|-supereffective|p2a: Athena
|-damage|p2a: Athena|64/100
|-start|p2a: Athena|Salt Cure
|
|-heal|p2a: Athena|70/100|[from] item: Leftovers
|-damage|p2a: Athena|58/100|[from] Salt Cure
|turn|6
|
|move|p2a: Athena|Calm Mind|p2a: Athena
|-boost|p2a: Athena|spa|1
|-boost|p2a: Athena|spd|1
|move|p1a: salt go brrrrrrr|Curse|p1a: salt go brrrrrrr
|-unboost|p1a: salt go brrrrrrr|spe|1
|-boost|p1a: salt go brrrrrrr|atk|1
|-boost|p1a: salt go brrrrrrr|def|1
|
|-heal|p2a: Athena|64/100|[from] item: Leftovers
|-damage|p2a: Athena|52/100|[from] Salt Cure
|turn|7
|
|move|p2a: Athena|Stored Power|p1a: salt go brrrrrrr
|-damage|p1a: salt go brrrrrrr|54/100
|move|p1a: salt go brrrrrrr|Curse|p1a: salt go brrrrrrr
|-unboost|p1a: salt go brrrrrrr|spe|1
|-boost|p1a: salt go brrrrrrr|atk|1
|-boost|p1a: salt go brrrrrrr|def|1
|
|-heal|p2a: Athena|58/100|[from] item: Leftovers
|-heal|p1a: salt go brrrrrrr|60/100|[from] item: Leftovers
|-damage|p2a: Athena|45/100|[from] Salt Cure
|turn|8
|
|switch|p1a: i needed a counter|Meowscarada, F, shiny|100/100
|move|p2a: Athena|Stored Power|p1a: i needed a counter
|-immune|p1a: i needed a counter
|
|-heal|p2a: Athena|51/100|[from] item: Leftovers
|-damage|p2a: Athena|39/100|[from] Salt Cure
|-sideend|p2: c9ffin|move: Light Screen
|turn|9
|
|move|p2a: Athena|Draining Kiss|p1a: i needed a counter
|-supereffective|p1a: i needed a counter
|-damage|p1a: i needed a counter|37/100
|-heal|p2a: Athena|83/100|[from] drain|[of] p1a: i needed a counter
|move|p1a: i needed a counter|Thunder Punch|p2a: Athena
|-start|p1a: i needed a counter|typechange|Electric|[from] ability: Protean
|-supereffective|p2a: Athena
|-damage|p2a: Athena|20/100
|
|-heal|p2a: Athena|26/100|[from] item: Leftovers
|-damage|p2a: Athena|14/100|[from] Salt Cure
|turn|10
|
|move|p1a: i needed a counter|Sucker Punch|p2a: Athena
|-damage|p2a: Athena|0 fnt
|faint|p2a: Athena
|
|
|switch|p2a: Apollo|Zamazenta-Crowned, shiny|100/100
|-ability|p2a: Apollo|Dauntless Shield|boost
|-boost|p2a: Apollo|def|1
|turn|11
|
|switch|p1a: god i love roost|Corviknight, F, shiny|100/100
|move|p2a: Apollo|Agility|p2a: Apollo
|-boost|p2a: Apollo|spe|2
|
|turn|12
|
|move|p2a: Apollo|Iron Defense|p2a: Apollo
|-boost|p2a: Apollo|def|2
|move|p1a: god i love roost|Body Press|p2a: Apollo
|-supereffective|p2a: Apollo
|-damage|p2a: Apollo|87/100
|
|turn|13
|
|move|p2a: Apollo|Iron Defense|p2a: Apollo
|-boost|p2a: Apollo|def|2
|move|p1a: god i love roost|Body Press|p2a: Apollo
|-supereffective|p2a: Apollo
|-damage|p2a: Apollo|78/100
|
|turn|14
|
|move|p2a: Apollo|Body Press|p1a: god i love roost
|-damage|p1a: god i love roost|12/100
|-damage|p2a: Apollo|61/100|[from] item: Rocky Helmet|[of] p1a: god i love roost
|move|p1a: god i love roost|Brave Bird|p2a: Apollo
|-damage|p2a: Apollo|54/100
|-damage|p1a: god i love roost|10/100|[from] Recoil
|
|turn|15
|
|move|p2a: Apollo|Behemoth Bash|p1a: god i love roost
|-resisted|p1a: god i love roost
|-damage|p1a: god i love roost|0 fnt
|-damage|p2a: Apollo|38/100|[from] item: Rocky Helmet|[of] p1a: god i love roost
|faint|p1a: god i love roost
|
|
|switch|p1a: mommy|Volcarona, M, shiny|100/100
|turn|16
|
|move|p2a: Apollo|Body Press|p1a: mommy
|-immune|p1a: mommy
|move|p1a: mommy|Bitter Malice|p2a: Apollo
|-damage|p2a: Apollo|16/100
|-unboost|p2a: Apollo|atk|1
|
|turn|17
|
|move|p2a: Apollo|Behemoth Bash|p1a: mommy
|-damage|p1a: mommy|43/100
|replace|p1a: pp|Zoroark-Hisui, M
|-end|p1a: pp|Illusion
|move|p1a: pp|Bitter Malice|p2a: Apollo
|-damage|p2a: Apollo|0 fnt
|faint|p2a: Apollo
|
|
|switch|p2a: Hermes|Dragapult, F|39/100
|turn|18
|
|move|p2a: Hermes|Light Screen|p2a: Hermes
|-sidestart|p2: c9ffin|move: Light Screen
|move|p1a: pp|Dark Pulse|p2a: Hermes
|-supereffective|p2a: Hermes
|-damage|p2a: Hermes|7/100
|-start|p1a: pp|Disable|Dark Pulse|[from] ability: Cursed Body|[of] p2a: Hermes
|
|turn|19
|
|switch|p1a: i needed a counter|Meowscarada, F, shiny|37/100
|move|p2a: Hermes|Reflect|p2a: Hermes
|-sidestart|p2: c9ffin|Reflect
|
|turn|20
|
|move|p1a: i needed a counter|Sucker Punch||[still]
|-fail|p1a: i needed a counter
|move|p2a: Hermes|Will-O-Wisp|p1a: i needed a counter
|-status|p1a: i needed a counter|brn
|
|-damage|p1a: i needed a counter|31/100 brn|[from] brn
|turn|21
|
|move|p1a: i needed a counter|Sucker Punch|p2a: Hermes
|-start|p1a: i needed a counter|typechange|Dark|[from] ability: Protean
|-supereffective|p2a: Hermes
|-damage|p2a: Hermes|0 fnt
|-start|p1a: i needed a counter|Disable|Sucker Punch|[from] ability: Cursed Body|[of] p2a: Hermes
|faint|p2a: Hermes
|
|-damage|p1a: i needed a counter|25/100 brn|[from] brn
|
|switch|p2a: Aphrodite|Enamorus-Therian, F|100/100
|turn|22
|
|move|p1a: i needed a counter|U-turn|p2a: Aphrodite
|-resisted|p2a: Aphrodite
|-damage|p2a: Aphrodite|99/100
|
|switch|p1a: mommy|Volcarona, M, shiny|43/100|[from] U-turn
|move|p2a: Aphrodite|Calm Mind|p2a: Aphrodite
|-boost|p2a: Aphrodite|spa|1
|-boost|p2a: Aphrodite|spd|1
|
|-sideend|p2: c9ffin|move: Light Screen
|turn|23
|
|move|p1a: mommy|Bitter Malice|p2a: Aphrodite
|-damage|p2a: Aphrodite|82/100
|-unboost|p2a: Aphrodite|atk|1
|move|p2a: Aphrodite|Draining Kiss|p1a: mommy
|-damage|p1a: mommy|0 fnt
|-heal|p2a: Aphrodite|100/100|[from] drain|[of] p1a: mommy
|replace|p1a: pp|Zoroark-Hisui, M
|-end|p1a: pp|Illusion
|faint|p1a: pp
|
|-sideend|p2: c9ffin|Reflect
|
|switch|p1a: mort|Grafaiai, M, shiny|100/100
|turn|24
|
|move|p1a: mort|Gunk Shot|p2a: Aphrodite
|-supereffective|p2a: Aphrodite
|-damage|p2a: Aphrodite|8/100
|-status|p2a: Aphrodite|psn
|move|p2a: Aphrodite|Earth Power|p1a: mort
|-supereffective|p1a: mort
|-damage|p1a: mort|0 fnt
|faint|p1a: mort
|
|-damage|p2a: Aphrodite|0 fnt|[from] psn
|faint|p2a: Aphrodite
|
|switch|p1a: i needed a counter|Meowscarada, F, shiny|25/100 brn
|switch|p2a: Poseidon|Urshifu-Rapid-Strike, M|100/100
|turn|25
|
|move|p1a: i needed a counter|Sucker Punch|p2a: Poseidon
|-start|p1a: i needed a counter|typechange|Dark|[from] ability: Protean
|-resisted|p2a: Poseidon
|-crit|p2a: Poseidon
|-damage|p2a: Poseidon|88/100
|move|p2a: Poseidon|Surging Strikes|p1a: i needed a counter
|-crit|p1a: i needed a counter
|-damage|p1a: i needed a counter|0 fnt
|faint|p1a: i needed a counter
|-hitcount|p1: i needed a counter|1
|
|
|switch|p1a: mommy|Volcarona, M, shiny|100/100
|turn|26
|
|-terastallize|p1a: mommy|Water
|move|p1a: mommy|Giga Drain|p2a: Poseidon
|-supereffective|p2a: Poseidon
|-damage|p2a: Poseidon|12/100
|move|p2a: Poseidon|Ice Punch|p1a: mommy
|-resisted|p1a: mommy
|-damage|p1a: mommy|80/100
|-status|p1a: mommy|frz
|
|turn|27
|
|cant|p1a: mommy|frz
|move|p2a: Poseidon|Close Combat|p1a: mommy
|-damage|p1a: mommy|0 fnt
|-unboost|p2a: Poseidon|def|1
|-unboost|p2a: Poseidon|spd|1
|faint|p1a: mommy
|
|
|switch|p1a: salt go brrrrrrr|Garganacl, F, shiny|60/100
|turn|28
|
|move|p2a: Poseidon|Surging Strikes|p1a: salt go brrrrrrr
|-supereffective|p1a: salt go brrrrrrr
|-crit|p1a: salt go brrrrrrr
|-damage|p1a: salt go brrrrrrr|32/100
|-supereffective|p1a: salt go brrrrrrr
|-crit|p1a: salt go brrrrrrr
|-damage|p1a: salt go brrrrrrr|1/100
|-supereffective|p1a: salt go brrrrrrr
|-crit|p1a: salt go brrrrrrr
|-damage|p1a: salt go brrrrrrr|0 fnt
|faint|p1a: salt go brrrrrrr
|-hitcount|p1: salt go brrrrrrr|3
|
|win|c9ffin
