|poke|p1|Breloom, M|
|poke|p1|Samurott-Hisui, M|
|poke|p1|Articuno|
|poke|p1|Arcanine-Hisui, M|
|poke|p1|Hoopa|
|poke|p1|Iron Treads|
|poke|p2|Hatterene, F|
|poke|p2|Magearna|
|poke|p2|Uxie|
|poke|p2|Ursaluna, F|
|poke|p2|Torkoal, F|
|poke|p2|Braviary-Hisui, M|
|teampreview
|
|start
|switch|p1a: Articuno|Articuno|100/100
|switch|p2a: World|Magearna|100/100
|-ability|p1a: Articuno|Pressure
|turn|1
|
|switch|p1a: Cupcake|Arcanine-Hisui, M|100/100
|move|p2a: World|Trick Room|p2a: World
|-fieldstart|move: Trick Room|[of] p2a: World
|
|turn|2
|
|move|p2a: World|Focus Blast|p1a: Cupcake|[miss]
|-miss|p2a: World|p1a: Cupcake
|move|p1a: Cupcake|Flare Blitz|p2a: World
|-supereffective|p2a: World
|-damage|p2a: World|0 fnt
|faint|p2a: World
|-damage|p1a: Cupcake|91/100|[from] item: Life Orb
|
|
|switch|p2a: Death|Ursaluna, F, shiny|100/100
|turn|3
|
|switch|p1a: Articuno|Articuno|100/100
|-ability|p1a: Articuno|Pressure
|move|p2a: Death|Headlong Rush|p1a: Articuno
|-immune|p1a: Articuno
|
|-status|p2a: Death|brn|[from] item: Flame Orb
|turn|4
|
|-terastallize|p2a: Death|Normal
|move|p2a: Death|Facade|p1a: Articuno
|-damage|p1a: Articuno|0 fnt
|faint|p1a: Articuno
|
|-damage|p2a: Death|94/100 brn|[from] brn
|
|switch|p1a: D1|Hoopa|100/100
|turn|5
|
|move|p2a: Death|Crunch|p1a: D1
|-supereffective|p1a: D1
|-damage|p1a: D1|0 fnt
|faint|p1a: D1
|
|-damage|p2a: Death|88/100 brn|[from] brn
|-fieldend|move: Trick Room
|
|switch|p1a: Breloom.TTV|Breloom, M, shiny|100/100
|turn|6
|
|switch|p2a: Hermit|Uxie|100/100
|-terastallize|p1a: Breloom.TTV|Water
|move|p1a: Breloom.TTV|Bulk Up|p1a: Breloom.TTV
|-boost|p1a: Breloom.TTV|atk|1
|-boost|p1a: Breloom.TTV|def|1
|
|turn|7
|
|move|p1a: Breloom.TTV|Bullet Seed|p2a: Hermit
|-crit|p2a: Hermit
|-damage|p2a: Hermit|61/100
|-damage|p2a: Hermit|36/100
|-damage|p2a: Hermit|11/100
|-damage|p2a: Hermit|0 fnt
|faint|p2a: Hermit
|-hitcount|p2: Hermit|4
|
|
|switch|p2a: Magician|Hatterene, F, shiny|100/100
|turn|8
|
|move|p1a: Breloom.TTV|Bullet Seed|p2a: Magician
|-damage|p2a: Magician|75/100
|-damage|p2a: Magician|49/100
|-damage|p2a: Magician|25/100
|-damage|p2a: Magician|0 fnt
|faint|p2a: Magician
|-hitcount|p2: Magician|4
|
|
|switch|p2a: Sun|Torkoal, F, shiny|100/100
|-weather|SunnyDay|[from] ability: Drought|[of] p2a: Sun
|turn|9
|
|move|p1a: Breloom.TTV|Aerial Ace|p2a: Sun
|-damage|p2a: Sun|66/100
|move|p2a: Sun|Solar Beam||[still]
|-prepare|p2a: Sun|Solar Beam
|-anim|p2a: Sun|Solar Beam|p1a: Breloom.TTV
|-supereffective|p1a: Breloom.TTV
|-damage|p1a: Breloom.TTV|0 fnt
|faint|p1a: Breloom.TTV
|
|-weather|SunnyDay|[upkeep]
|
|switch|p1a: Samurottski|Samurott-Hisui, M|100/100
|turn|10
|
|move|p1a: Samurottski|Razor Shell|p2a: Sun|[miss]
|-miss|p1a: Samurottski|p2a: Sun
|move|p2a: Sun|Solar Beam||[still]
|-prepare|p2a: Sun|Solar Beam
|-anim|p2a: Sun|Solar Beam|p1a: Samurottski
|-supereffective|p1a: Samurottski
|-damage|p1a: Samurottski|0 fnt
|faint|p1a: Samurottski
|
|-weather|SunnyDay|[upkeep]
|
|switch|p1a: Iron Treads|Iron Treads|100/100
|turn|11
|
|switch|p2a: Hanged Man|Braviary-Hisui, M, shiny|100/100
|move|p1a: Iron Treads|Earthquake|p2a: Hanged Man
|-immune|p2a: Hanged Man
|
|-weather|SunnyDay|[upkeep]
|turn|12
|
|move|p1a: Iron Treads|Volt Switch|p2a: Hanged Man
|-supereffective|p2a: Hanged Man
|-damage|p2a: Hanged Man|76/100
|
|-end|p1a: Iron Treads|Quark Drive|[silent]
|switch|p1a: Cupcake|Arcanine-Hisui, M|91/100|[from] Volt Switch
|move|p2a: Hanged Man|Heat Wave|p1a: Cupcake
|-resisted|p1a: Cupcake
|-crit|p1a: Cupcake
|-damage|p1a: Cupcake|54/100
|
|-weather|SunnyDay|[upkeep]
|turn|13
|
|move|p1a: Cupcake|Morning Sun|p1a: Cupcake
|-heal|p1a: Cupcake|100/100
|move|p2a: Hanged Man|Psychic|p1a: Cupcake
|-damage|p1a: Cupcake|3/100
|
|-weather|none
|turn|14
|
|move|p1a: Cupcake|Head Smash|p2a: Hanged Man
|-supereffective|p2a: Hanged Man
|-damage|p2a: Hanged Man|0 fnt
|faint|p2a: Hanged Man
|-damage|p1a: Cupcake|0 fnt|[from] item: Life Orb
|faint|p1a: Cupcake
|
|
|switch|p1a: Iron Treads|Iron Treads|100/100
|switch|p2a: Death|Ursaluna, F, shiny, tera:Normal|88/100 brn
|turn|15
|
|move|p1a: Iron Treads|Earthquake|p2a: Death
|-damage|p2a: Death|56/100 brn
|move|p2a: Death|Headlong Rush|p1a: Iron Treads
|-supereffective|p1a: Iron Treads
|-damage|p1a: Iron Treads|0 fnt
|-unboost|p2a: Death|def|1
|-unboost|p2a: Death|spd|1
|faint|p1a: Iron Treads
|-end|p1a: Iron Treads|Quark Drive|[silent]
|
|win|Yakult2Litro
