|poke|p1|Samurott-Hisui, F|
|poke|p1|Corviknight, M|
|poke|p1|Arcanine-Hisui, F|
|poke|p1|Decidueye-Hisui, M|
|poke|p1|Heatran, M|
|poke|p1|Landorus-Therian, M|
|poke|p2|Magearna|
|poke|p2|Ursaluna, M|
|poke|p2|Glastrier|
|poke|p2|Cresselia, F|
|poke|p2|Kingambit, F|
|poke|p2|Slowking-Galar, F|
|teampreview
|
|start
|switch|p1a: Samurott|Samurott-Hisui, F|100/100
|switch|p2a: Magearna|Magearna|100/100
|turn|1
|
|switch|p1a: Heatran|Heatran, M|100/100
|move|p2a: Magearna|Trick Room|p2a: Magearna
|-fieldstart|move: Trick Room|[of] p2a: Magearna
|
|turn|2
|
|switch|p2a: Cresselia|Cresselia, F|100/100
|move|p1a: Heatran|Overheat|p2a: Cresselia|[miss]
|-miss|p1a: Heatran|p2a: Cresselia
|
|turn|3
|
|-terastallize|p2a: Cresselia|Fighting
|move|p2a: Cresselia|Tera Blast|p1a: Heatran
|-supereffective|p1a: Heatran
|-damage|p1a: Heatran|54/100
|move|p1a: Heatran|Overheat|p2a: Cresselia
|-damage|p2a: Cresselia|59/100
|-unboost|p1a: Heatran|spa|2
|
|turn|4
|
|switch|p1a: Landorus|Landorus-Therian, M|100/100
|-ability|p1a: Landorus|Intimidate|boost
|-unboost|p2a: Cresselia|atk|1
|move|p2a: Cresselia|Tera Blast|p1a: Landorus
|-resisted|p1a: Landorus
|-crit|p1a: Landorus
|-damage|p1a: Landorus|86/100
|
|-heal|p1a: Landorus|92/100|[from] item: Leftovers
|turn|5
|
|move|p1a: Landorus|Stealth Rock|p2a: Cresselia
|-sidestart|p2: Barrman13|move: Stealth Rock
|move|p2a: Cresselia|Ice Beam|p1a: Landorus
|-supereffective|p1a: Landorus
|-damage|p1a: Landorus|35/100
|
|-heal|p1a: Landorus|41/100|[from] item: Leftovers
|-fieldend|move: Trick Room
|turn|6
|
|move|p1a: Landorus|U-turn|p2a: Cresselia
|-resisted|p2a: Cresselia
|-damage|p2a: Cresselia|53/100
|
|switch|p1a: Samurott|Samurott-Hisui, F|100/100|[from] U-turn
|move|p2a: Cresselia|Trick Room|p2a: Cresselia
|-fieldstart|move: Trick Room|[of] p2a: Cresselia
|
|turn|7
|
|-terastallize|p1a: Samurott|Fairy
|move|p2a: Cresselia|Tera Blast|p1a: Samurott
|-resisted|p1a: Samurott
|-damage|p1a: Samurott|88/100
|move|p1a: Samurott|Ceaseless Edge|p2a: Cresselia
|-resisted|p2a: Cresselia
|-damage|p2a: Cresselia|38/100
|-sidestart|p2: Barrman13|Spikes
|
|turn|8
|
|switch|p2a: Ursaluna|Ursaluna, M|100/100
|-damage|p2a: Ursaluna|94/100|[from] Stealth Rock
|-damage|p2a: Ursaluna|82/100|[from] Spikes
|move|p1a: Samurott|Ceaseless Edge|p2a: Ursaluna
|-damage|p2a: Ursaluna|46/100
|-sidestart|p2: Barrman13|Spikes
|
|-status|p2a: Ursaluna|brn|[from] item: Flame Orb
|turn|9
|
|switch|p1a: Corviknight|Corviknight, M|100/100
|-ability|p1a: Corviknight|Pressure
|move|p2a: Ursaluna|Facade|p1a: Corviknight
|-resisted|p1a: Corviknight
|-damage|p1a: Corviknight|61/100
|
|-heal|p1a: Corviknight|67/100|[from] item: Leftovers
|-damage|p2a: Ursaluna|40/100 brn|[from] brn
|turn|10
|
|move|p2a: Ursaluna|Fire Punch|p1a: Corviknight
|-supereffective|p1a: Corviknight
|-damage|p1a: Corviknight|14/100
|move|p1a: Corviknight|Brave Bird|p2a: Ursaluna
|-crit|p2a: Ursaluna
|-damage|p2a: Ursaluna|0 fnt
|faint|p2a: Ursaluna
|-damage|p1a: Corviknight|0 fnt|[from] Recoil
|faint|p1a: Corviknight
|
|-fieldend|move: Trick Room
|
|switch|p1a: Arcanine|Arcanine-Hisui, F|100/100
|switch|p2a: Magearna|Magearna|100/100
|-damage|p2a: Magearna|94/100|[from] Stealth Rock
|-damage|p2a: Magearna|78/100|[from] Spikes
|turn|11
|
|move|p1a: Arcanine|Flare Blitz|p2a: Magearna
|-supereffective|p2a: Magearna
|-damage|p2a: Magearna|0 fnt
|faint|p2a: Magearna
|
|
|switch|p2a: Slowking|Slowking-Galar, F|100/100
|-damage|p2a: Slowking|88/100|[from] Stealth Rock
|-damage|p2a: Slowking|72/100|[from] Spikes
|turn|12
|
|move|p1a: Arcanine|Flare Blitz|p2a: Slowking
|-damage|p2a: Slowking|27/100
|move|p2a: Slowking|Trick Room|p2a: Slowking
|-fieldstart|move: Trick Room|[of] p2a: Slowking
|
|turn|13
|
|move|p2a: Slowking|Chilly Reception|p2a: Slowking
|-weather|Snow
|
|switch|p2a: Cresselia|Cresselia, F, tera:Fighting|38/100|[from] Chilly Reception
|-damage|p2a: Cresselia|32/100|[from] Stealth Rock
|move|p1a: Arcanine|Flare Blitz|p2a: Cresselia
|-damage|p2a: Cresselia|0 fnt
|faint|p2a: Cresselia
|
|-weather|Snow|[upkeep]
|
|switch|p2a: Glastrier|Glastrier|100/100
|turn|14
|
|move|p2a: Glastrier|Stomping Tantrum|p1a: Arcanine
|-supereffective|p1a: Arcanine
|-damage|p1a: Arcanine|0 fnt
|faint|p1a: Arcanine
|-ability|p2a: Glastrier|Chilling Neigh|boost
|-boost|p2a: Glastrier|atk|1
|
|-weather|Snow|[upkeep]
|
|switch|p1a: Landorus|Landorus-Therian, M|41/100
|-ability|p1a: Landorus|Intimidate|boost
|-unboost|p2a: Glastrier|atk|1
|turn|15
|
|switch|p1a: Heatran|Heatran, M|54/100
|move|p2a: Glastrier|Icicle Crash|p1a: Heatran
|-resisted|p1a: Heatran
|-damage|p1a: Heatran|42/100
|
|-weather|Snow|[upkeep]
|turn|16
|
|switch|p1a: Landorus|Landorus-Therian, M|41/100
|-ability|p1a: Landorus|Intimidate|boost
|-unboost|p2a: Glastrier|atk|1
|move|p2a: Glastrier|Stomping Tantrum|p1a: Landorus
|-immune|p1a: Landorus
|
|-weather|Snow|[upkeep]
|-heal|p1a: Landorus|47/100|[from] item: Leftovers
|-fieldend|move: Trick Room
|turn|17
|
|switch|p2a: Slowking|Slowking-Galar, F|60/100
|-damage|p2a: Slowking|47/100|[from] Stealth Rock
|-damage|p2a: Slowking|31/100|[from] Spikes
|move|p1a: Landorus|U-turn|p2a: Slowking
|-damage|p2a: Slowking|14/100
|
|switch|p1a: Samurott|Samurott-Hisui, F, tera:Fairy|88/100|[from] U-turn
|
|-weather|none
|turn|18
|-message|Barrman13 forfeited.
|
|win|caju_the_kashuu
|l|☆Barrman13
