|poke|p1|Hippowdon, F|
|poke|p1|Tyranitar, F|
|poke|p1|Oricorio-Pa'u, F|
|poke|p1|Hydreigon, M|
|poke|p1|Corviknight, M|
|poke|p1|Scyther, F|
|poke|p2|Walking Wake|
|poke|p2|Torkoal, F|
|poke|p2|Glimmora, F|
|poke|p2|Lilligant-Hisui, F|
|poke|p2|Dragapult, F|
|poke|p2|Skeledirge, M|
|teampreview
|
|start
|switch|p1a: Tyranitar|Tyranitar, F|100/100
|switch|p2a: Glimmora|Glimmora, F|100/100
|-weather|Sandstorm|[from] ability: Sand Stream|[of] p1a: Tyranitar
|turn|1
|
|move|p2a: Glimmora|Earth Power|p1a: Tyranitar
|-supereffective|p1a: Tyranitar
|-damage|p1a: Tyranitar|57/100
|move|p1a: Tyranitar|Earthquake|p2a: Glimmora
|-supereffective|p2a: Glimmora
|-enditem|p2a: Glimmora|Focus Sash
|-damage|p2a: Glimmora|1/100
|-activate|p2a: Glimmora|ability: Toxic Debris
|-sidestart|p1: p1|move: Toxic Spikes
|
|-weather|Sandstorm|[upkeep]
|turn|2
|
|move|p2a: Glimmora|Stealth Rock|p1a: Tyranitar
|-sidestart|p1: p1|move: Stealth Rock
|move|p1a: Tyranitar|Earthquake|p2a: Glimmora
|-supereffective|p2a: Glimmora
|-damage|p2a: Glimmora|0 fnt
|-activate|p2a: Glimmora|ability: Toxic Debris
|-sidestart|p1: p1|move: Toxic Spikes
|faint|p2a: Glimmora
|
|-weather|Sandstorm|[upkeep]
|
|switch|p2a: Walking Wake|Walking Wake|100/100
|turn|3
|
|switch|p1a: Hydreigon|Hydreigon, M|100/100
|-damage|p1a: Hydreigon|88/100|[from] Stealth Rock
|move|p2a: Walking Wake|Hydro Steam|p1a: Hydreigon
|-resisted|p1a: Hydreigon
|-damage|p1a: Hydreigon|51/100
|
|-weather|Sandstorm|[upkeep]
|-damage|p1a: Hydreigon|45/100|[from] Sandstorm
|-damage|p2a: Walking Wake|94/100|[from] Sandstorm
|turn|4
|
|-end|p2a: Walking Wake|Protosynthesis|[silent]
|switch|p2a: Torkoal|Torkoal, F|100/100
|-weather|SunnyDay|[from] ability: Drought|[of] p2a: Torkoal
|move|p1a: Hydreigon|Draco Meteor|p2a: Torkoal
|-damage|p2a: Torkoal|7/100
|-unboost|p1a: Hydreigon|spa|2
|
|-weather|SunnyDay|[upkeep]
|turn|5
|
|move|p1a: Hydreigon|Draco Meteor|p2a: Torkoal
|-damage|p2a: Torkoal|0 fnt
|-unboost|p1a: Hydreigon|spa|2
|faint|p2a: Torkoal
|
|-weather|SunnyDay|[upkeep]
|
|switch|p2a: Lilligant|Lilligant-Hisui, F|100/100
|turn|6
|
|switch|p1a: Hippowdon|Hippowdon, F|100/100
|-status|p1a: Hippowdon|tox
|-damage|p1a: Hippowdon|94/100 tox|[from] Stealth Rock
|-weather|Sandstorm|[from] ability: Sand Stream|[of] p1a: Hippowdon
|move|p2a: Lilligant|Solar Blade||[still]
|-prepare|p2a: Lilligant|Solar Blade
|
|-weather|Sandstorm|[upkeep]
|-damage|p2a: Lilligant|94/100|[from] Sandstorm
|-heal|p1a: Hippowdon|100/100 tox|[from] item: Leftovers
|-damage|p1a: Hippowdon|94/100 tox|[from] psn
|turn|7
|
|move|p2a: Lilligant|Solar Blade|p1a: Hippowdon|[from]lockedmove
|-supereffective|p1a: Hippowdon
|-damage|p1a: Hippowdon|47/100 tox
|move|p1a: Hippowdon|Stealth Rock|p2a: Lilligant
|-sidestart|p2: p2|move: Stealth Rock
|
|-weather|Sandstorm|[upkeep]
|-damage|p2a: Lilligant|88/100|[from] Sandstorm
|-heal|p1a: Hippowdon|53/100 tox|[from] item: Leftovers
|-damage|p1a: Hippowdon|40/100 tox|[from] psn
|turn|8
|
|switch|p2a: Dragapult|Dragapult, F|100/100
|-damage|p2a: Dragapult|88/100|[from] Stealth Rock
|move|p1a: Hippowdon|Slack Off|p1a: Hippowdon
|-heal|p1a: Hippowdon|90/100 tox
|
|-weather|Sandstorm|[upkeep]
|-damage|p2a: Dragapult|82/100|[from] Sandstorm
|-heal|p2a: Dragapult|88/100|[from] item: Leftovers
|-heal|p1a: Hippowdon|97/100 tox|[from] item: Leftovers
|-damage|p1a: Hippowdon|78/100 tox|[from] psn
|turn|9
|
|move|p2a: Dragapult|Dragon Dance|p2a: Dragapult
|-boost|p2a: Dragapult|atk|1
|-boost|p2a: Dragapult|spe|1
|move|p1a: Hippowdon|Earthquake|p2a: Dragapult
|-damage|p2a: Dragapult|34/100
|
|-weather|Sandstorm|[upkeep]
|-damage|p2a: Dragapult|28/100|[from] Sandstorm
|-heal|p2a: Dragapult|34/100|[from] item: Leftovers
|-heal|p1a: Hippowdon|84/100 tox|[from] item: Leftovers
|-damage|p1a: Hippowdon|60/100 tox|[from] psn
|turn|10
|
|move|p2a: Dragapult|Dragon Darts|p1a: Hippowdon
|-damage|p1a: Hippowdon|40/100 tox
|-anim|p2a: Dragapult|Dragon Darts|p1a: Hippowdon
|-damage|p1a: Hippowdon|19/100 tox
|move|p1a: Hippowdon|Roar|p2a: Dragapult
|drag|p2a: Walking Wake|Walking Wake|94/100
|-damage|p2a: Walking Wake|82/100|[from] Stealth Rock
|
|-weather|none
|-heal|p1a: Hippowdon|25/100 tox|[from] item: Leftovers
|-damage|p1a: Hippowdon|0 fnt|[from] psn
|faint|p1a: Hippowdon
|
|switch|p1a: Hydreigon|Hydreigon, M|45/100
|-damage|p1a: Hydreigon|33/100|[from] Stealth Rock
|turn|11
|
|move|p1a: Hydreigon|Draco Meteor|p2a: Walking Wake
|-supereffective|p2a: Walking Wake
|-damage|p2a: Walking Wake|0 fnt
|-unboost|p1a: Hydreigon|spa|2
|faint|p2a: Walking Wake
|-end|p2a: Walking Wake|Protosynthesis|[silent]
|
|
|switch|p2a: Dragapult|Dragapult, F|34/100
|-damage|p2a: Dragapult|22/100|[from] Stealth Rock
|turn|12
|
|move|p1a: Hydreigon|Draco Meteor|p2a: Dragapult
|-supereffective|p2a: Dragapult
|-damage|p2a: Dragapult|0 fnt
|-unboost|p1a: Hydreigon|spa|2
|faint|p2a: Dragapult
|
|
|switch|p2a: Skeledirge|Skeledirge, M|100/100
|turn|13
|
|switch|p1a: Tyranitar|Tyranitar, F|57/100
|-status|p1a: Tyranitar|tox
|-damage|p1a: Tyranitar|45/100 tox|[from] Stealth Rock
|-weather|Sandstorm|[from] ability: Sand Stream|[of] p1a: Tyranitar
|move|p2a: Skeledirge|Torch Song|p1a: Tyranitar
|-resisted|p1a: Tyranitar
|-damage|p1a: Tyranitar|35/100 tox
|-boost|p2a: Skeledirge|spa|1
|
|-weather|Sandstorm|[upkeep]
|-damage|p2a: Skeledirge|94/100|[from] Sandstorm
|-damage|p1a: Tyranitar|28/100 tox|[from] psn
|turn|14
|
|move|p1a: Tyranitar|Stone Edge|p2a: Skeledirge
|-supereffective|p2a: Skeledirge
|-crit|p2a: Skeledirge
|-damage|p2a: Skeledirge|0 fnt
|faint|p2a: Skeledirge
|
|-weather|Sandstorm|[upkeep]
|-damage|p1a: Tyranitar|16/100 tox|[from] psn
|
|switch|p2a: Lilligant|Lilligant-Hisui, F|88/100
|-damage|p2a: Lilligant|82/100|[from] Stealth Rock
|turn|15
|
|switch|p1a: Corviknight|Corviknight, M|100/100
|-damage|p1a: Corviknight|88/100|[from] Stealth Rock
|-ability|p1a: Corviknight|Pressure
|move|p2a: Lilligant|Leaf Blade|p1a: Corviknight
|-resisted|p1a: Corviknight
|-damage|p1a: Corviknight|74/100
|
|-weather|Sandstorm|[upkeep]
|-damage|p2a: Lilligant|76/100|[from] Sandstorm
|-heal|p1a: Corviknight|80/100|[from] item: Leftovers
|turn|16
|-message|p2 forfeited.
|
|win|p1
