# advantage = p1
|poke|p1|Hatterene, F|
|poke|p1|Ceruledge, F|
|poke|p1|Amoonguss, F|
|poke|p1|Torkoal, M|
|poke|p1|Walking Wake|
|poke|p1|Lilligant-Hisui, F|
|poke|p2|Maushold-Four|
|poke|p2|Meowscarada, M|
|poke|p2|Dragapult, M|
|poke|p2|Dondozo, M|
|poke|p2|Magearna|
|poke|p2|Espeon, M|
|teampreview
|
|start
|switch|p1a: Straw Eater|Torkoal, M, shiny|100/100
|switch|p2a: The Splurgy|Espeon, M|100/100
|-weather|SunnyDay|[from] ability: Drought|[of] p1a: Straw Eater
|turn|1
|
|switch|p1a: WOMAN!!!!!!1|Hatterene, F, shiny|100/100
|move|p2a: The Splurgy|Substitute|p2a: The Splurgy
|-start|p2a: The Splurgy|Substitute
|-damage|p2a: The Splurgy|75/100
|
|-weather|SunnyDay|[upkeep]
|turn|2
|
|move|p2a: The Splurgy|Calm Mind|p2a: The Splurgy
|-boost|p2a: The Splurgy|spa|1
|-boost|p2a: The Splurgy|spd|1
|move|p1a: WOMAN!!!!!!1|Nuzzle|p2a: The Splurgy
|-crit|p2a: The Splurgy
|-activate|p2a: The Splurgy|move: Substitute|[damage]
|
|-weather|SunnyDay|[upkeep]
|turn|3
|
|switch|p1a: Flowah|Lilligant-Hisui, F|100/100
|move|p2a: The Splurgy|Calm Mind|p2a: The Splurgy
|-boost|p2a: The Splurgy|spa|1
|-boost|p2a: The Splurgy|spd|1
|
|-weather|SunnyDay|[upkeep]
|turn|4
|
|move|p1a: Flowah|Victory Dance|p1a: Flowah
|-boost|p1a: Flowah|atk|1
|-boost|p1a: Flowah|def|1
|-boost|p1a: Flowah|spe|1
|move|p2a: The Splurgy|Draining Kiss|p1a: Flowah
|-supereffective|p1a: Flowah
|-damage|p1a: Flowah|0 fnt
|-heal|p2a: The Splurgy|100/100|[from] drain|[of] p1a: Flowah
|faint|p1a: Flowah
|
|-weather|SunnyDay|[upkeep]
|
|switch|p1a: Not Aegislash|Ceruledge, F|100/100
|turn|5
|
|move|p1a: Not Aegislash|Shadow Sneak|p2a: The Splurgy
|-supereffective|p2a: The Splurgy
|-end|p2a: The Splurgy|Substitute
|move|p2a: The Splurgy|Psychic|p1a: Not Aegislash
|-enditem|p1a: Not Aegislash|Focus Sash
|-damage|p1a: Not Aegislash|1/100
|-unboost|p1a: Not Aegislash|spd|1
|
|-weather|SunnyDay|[upkeep]
|turn|6
|
|move|p2a: The Splurgy|Draining Kiss|p1a: Not Aegislash
|-resisted|p1a: Not Aegislash
|-damage|p1a: Not Aegislash|0 fnt
|faint|p1a: Not Aegislash
|
|-weather|SunnyDay|[upkeep]
|
|switch|p1a: Yo Micheal|Walking Wake|100/100
|-activate|p1a: Yo Micheal|ability: Protosynthesis
|-start|p1a: Yo Micheal|protosynthesisspa
|turn|7
|
|-end|p1a: Yo Micheal|Protosynthesis|[silent]
|switch|p1a: AMONG US|Amoonguss, F, shiny|100/100
|move|p2a: The Splurgy|Substitute|p2a: The Splurgy
|-start|p2a: The Splurgy|Substitute
|-damage|p2a: The Splurgy|75/100
|
|-weather|SunnyDay|[upkeep]
|turn|8
|
|move|p2a: The Splurgy|Calm Mind|p2a: The Splurgy
|-boost|p2a: The Splurgy|spa|1
|-boost|p2a: The Splurgy|spd|1
|move|p1a: AMONG US|Solar Beam||[still]
|-prepare|p1a: AMONG US|Solar Beam
|-anim|p1a: AMONG US|Solar Beam|p2a: The Splurgy
|-activate|p2a: The Splurgy|move: Substitute|[damage]
|
|-weather|none
|turn|9
|
|move|p2a: The Splurgy|Calm Mind|p2a: The Splurgy
|-boost|p2a: The Splurgy|spa|1
|-boost|p2a: The Splurgy|spd|1
|move|p1a: AMONG US|Synthesis|p1a: AMONG US
|-fail|p1a: AMONG US|heal
|
|turn|10
|
|move|p2a: The Splurgy|Calm Mind|p2a: The Splurgy
|-boost|p2a: The Splurgy|spa|1
|-boost|p2a: The Splurgy|spd|1
|move|p1a: AMONG US|Clear Smog|p2a: The Splurgy
|-end|p2a: The Splurgy|Substitute
|
|turn|11
|
|move|p2a: The Splurgy|Psychic|p1a: AMONG US
|-supereffective|p1a: AMONG US
|-damage|p1a: AMONG US|0 fnt
|faint|p1a: AMONG US
|
|
|switch|p1a: Yo Micheal|Walking Wake|100/100
|-enditem|p1a: Yo Micheal|Booster Energy
|-activate|p1a: Yo Micheal|ability: Protosynthesis|[fromitem]
|-start|p1a: Yo Micheal|protosynthesisspa
|turn|12
|
|-terastallize|p1a: Yo Micheal|Water
|move|p2a: The Splurgy|Substitute|p2a: The Splurgy
|-start|p2a: The Splurgy|Substitute
|-damage|p2a: The Splurgy|50/100
|move|p1a: Yo Micheal|Hydro Steam|p2a: The Splurgy
|-end|p2a: The Splurgy|Substitute
|
|turn|13
|
|move|p2a: The Splurgy|Psychic|p1a: Yo Micheal
|-damage|p1a: Yo Micheal|0 fnt
|faint|p1a: Yo Micheal
|-end|p1a: Yo Micheal|Protosynthesis|[silent]
|
|
|switch|p1a: WOMAN!!!!!!1|Hatterene, F, shiny|100/100
|turn|14
|
|move|p2a: The Splurgy|Psychic|p1a: WOMAN!!!!!!1
|-resisted|p1a: WOMAN!!!!!!1
|-damage|p1a: WOMAN!!!!!!1|14/100
|-enditem|p1a: WOMAN!!!!!!1|Eject Button
|
|switch|p1a: Straw Eater|Torkoal, M, shiny|100/100
|-weather|SunnyDay|[from] ability: Drought|[of] p1a: Straw Eater
|
|-weather|SunnyDay|[upkeep]
|turn|15
|
|move|p2a: The Splurgy|Psychic|p1a: Straw Eater
|-damage|p1a: Straw Eater|0 fnt
|faint|p1a: Straw Eater
|
|-weather|SunnyDay|[upkeep]
|
|switch|p1a: WOMAN!!!!!!1|Hatterene, F, shiny|14/100
|turn|16
|
|move|p2a: The Splurgy|Draining Kiss|p1a: WOMAN!!!!!!1
|-damage|p1a: WOMAN!!!!!!1|0 fnt
|-heal|p2a: The Splurgy|62/100|[from] drain|[of] p1a: WOMAN!!!!!!1
|faint|p1a: WOMAN!!!!!!1
|
|win|p2
