|poke|p1|Articuno-Galar|
|poke|p1|Tornadus, M|
|poke|p1|Typhlosion-Hisui, M|
|poke|p1|Great Tusk|
|poke|p1|Enamorus, F|
|poke|p1|Chien-Pao|
|poke|p2|Glastrier|
|poke|p2|Magearna|
|poke|p2|Cresselia, F|
|poke|p2|Ursaluna, M|
|poke|p2|Kingambit, M|
|poke|p2|Slowking-Galar, M|
|teampreview
|
|start
|switch|p1a: Enamorus|Enamorus, F|100/100
|switch|p2a: MEOW PLANKTON|Slowking-Galar, M|100/100
|turn|1
|
|move|p1a: Enamorus|Superpower|p2a: MEOW PLANKTON
|-resisted|p2a: MEOW PLANKTON
|-damage|p2a: MEOW PLANKTON|94/100
|-boost|p1a: Enamorus|atk|1
|-boost|p1a: Enamorus|def|1
|move|p2a: MEOW PLANKTON|Trick Room|p2a: MEOW PLANKTON
|-fieldstart|move: Trick Room|[of] p2a: MEOW PLANKTON
|
|turn|2
|
|move|p2a: MEOW PLANKTON|Chilly Reception|p2a: MEOW PLANKTON
|-weather|Snow
|
|switch|p2a: I actually hate u|Cresselia, F|100/100|[from] Chilly Reception
|move|p1a: Enamorus|Superpower|p2a: I actually hate u
|-resisted|p2a: I actually hate u
|-damage|p2a: I actually hate u|84/100
|-boost|p1a: Enamorus|atk|1
|-boost|p1a: Enamorus|def|1
|
|-weather|Snow|[upkeep]
|turn|3
|
|move|p2a: I actually hate u|Ice Beam|p1a: Enamorus
|-supereffective|p1a: Enamorus
|-damage|p1a: Enamorus|46/100
|move|p1a: Enamorus|Superpower|p2a: I actually hate u
|-resisted|p2a: I actually hate u
|-damage|p2a: I actually hate u|62/100
|-boost|p1a: Enamorus|atk|1
|-boost|p1a: Enamorus|def|1
|
|-weather|Snow|[upkeep]
|-heal|p1a: Enamorus|52/100|[from] item: Leftovers
|turn|4
|
|-terastallize|p1a: Enamorus|Fighting
|move|p2a: I actually hate u|Ice Beam|p1a: Enamorus
|-damage|p1a: Enamorus|24/100
|move|p1a: Enamorus|Superpower|p2a: I actually hate u
|-resisted|p2a: I actually hate u
|-damage|p2a: I actually hate u|19/100
|-boost|p1a: Enamorus|atk|1
|-boost|p1a: Enamorus|def|1
|
|-weather|Snow|[upkeep]
|-heal|p1a: Enamorus|31/100|[from] item: Leftovers
|turn|5
|
|move|p2a: I actually hate u|Ice Beam|p1a: Enamorus
|-damage|p1a: Enamorus|6/100
|-status|p1a: Enamorus|frz
|cant|p1a: Enamorus|frz
|
|-weather|Snow|[upkeep]
|-heal|p1a: Enamorus|12/100 frz|[from] item: Leftovers
|-fieldend|move: Trick Room
|turn|6
|
|cant|p1a: Enamorus|frz
|move|p2a: I actually hate u|Trick Room|p2a: I actually hate u
|-fieldstart|move: Trick Room|[of] p2a: I actually hate u
|
|-weather|none
|-heal|p1a: Enamorus|18/100 frz|[from] item: Leftovers
|turn|7
|
|move|p2a: I actually hate u|Ice Beam|p1a: Enamorus
|-damage|p1a: Enamorus|0 fnt
|faint|p1a: Enamorus
|
|
|switch|p1a: Chien-Pao|Chien-Pao|100/100
|-ability|p1a: Chien-Pao|Sword of Ruin
|turn|8
|
|move|p1a: Chien-Pao|Sucker Punch||[still]
|-fail|p1a: Chien-Pao
|move|p2a: I actually hate u|Lunar Dance|p2a: I actually hate u
|faint|p2a: I actually hate u
|
|
|switch|p2a: Big Sharp|Kingambit, M|100/100
|-activate|p2a: Big Sharp|ability: Supreme Overlord
|-start|p2a: Big Sharp|fallen1|[silent]
|turn|9
|
|switch|p1a: Great Tusk|Great Tusk|100/100
|move|p2a: Big Sharp|Iron Head|p1a: Great Tusk
|-damage|p1a: Great Tusk|76/100
|
|-heal|p1a: Great Tusk|82/100|[from] item: Leftovers
|turn|10
|
|-end|p2a: Big Sharp|fallen1|[silent]
|switch|p2a: Frosteed|Glastrier|100/100
|move|p1a: Great Tusk|Earthquake|p2a: Frosteed
|-damage|p2a: Frosteed|70/100
|
|-heal|p1a: Great Tusk|88/100|[from] item: Leftovers
|-fieldend|move: Trick Room
|turn|11
|
|move|p1a: Great Tusk|Stealth Rock|p2a: Frosteed
|-sidestart|p2: p2|move: Stealth Rock
|move|p2a: Frosteed|Icicle Crash|p1a: Great Tusk
|-supereffective|p1a: Great Tusk
|-damage|p1a: Great Tusk|36/100
|
|-heal|p1a: Great Tusk|42/100|[from] item: Leftovers
|turn|12
|
|move|p1a: Great Tusk|Knock Off|p2a: Frosteed
|-damage|p2a: Frosteed|53/100
|-enditem|p2a: Frosteed|Heavy-Duty Boots|[from] move: Knock Off|[of] p1a: Great Tusk
|move|p2a: Frosteed|Icicle Crash|p1a: Great Tusk
|-supereffective|p1a: Great Tusk
|-damage|p1a: Great Tusk|0 fnt
|faint|p1a: Great Tusk
|-end|p1a: Great Tusk|Protosynthesis|[silent]
|-ability|p2a: Frosteed|Chilling Neigh|boost
|-boost|p2a: Frosteed|atk|1
|
|
|switch|p1a: Tornadus|Tornadus, M|100/100
|turn|13
|
|move|p1a: Tornadus|Swagger|p2a: Frosteed
|-boost|p2a: Frosteed|atk|2
|-enditem|p1a: Tornadus|Mirror Herb
|-boost|p1a: Tornadus|atk|2|[from] item: Mirror Herb
|-start|p2a: Frosteed|confusion
|-activate|p2a: Frosteed|confusion
|move|p2a: Frosteed|Icicle Crash|p1a: Tornadus|[miss]
|-miss|p2a: Frosteed|p1a: Tornadus
|
|turn|14
|
|move|p1a: Tornadus|Acrobatics|p2a: Frosteed
|-damage|p2a: Frosteed|0 fnt
|faint|p2a: Frosteed
|
|
|switch|p2a: Robo-Babe|Magearna|100/100
|-damage|p2a: Robo-Babe|94/100|[from] Stealth Rock
|turn|15
|
|move|p1a: Tornadus|Acrobatics|p2a: Robo-Babe
|-resisted|p2a: Robo-Babe
|-damage|p2a: Robo-Babe|48/100
|move|p2a: Robo-Babe|Trick Room|p2a: Robo-Babe
|-fieldstart|move: Trick Room|[of] p2a: Robo-Babe
|
|turn|16
|
|move|p2a: Robo-Babe|Thunderbolt|p1a: Tornadus
|-supereffective|p1a: Tornadus
|-crit|p1a: Tornadus
|-damage|p1a: Tornadus|0 fnt
|faint|p1a: Tornadus
|-ability|p2a: Robo-Babe|Soul-Heart|boost
|-boost|p2a: Robo-Babe|spa|1
|
|
|switch|p1a: Articuno|Articuno-Galar|100/100
|turn|17
|
|move|p2a: Robo-Babe|Thunderbolt|p1a: Articuno
|-supereffective|p1a: Articuno
|-damage|p1a: Articuno|0 fnt
|faint|p1a: Articuno
|-ability|p2a: Robo-Babe|Soul-Heart|boost
|-boost|p2a: Robo-Babe|spa|1
|
|
|switch|p1a: Chien-Pao|Chien-Pao|100/100
|-ability|p1a: Chien-Pao|Sword of Ruin
|turn|18
|
|move|p2a: Robo-Babe|Fleur Cannon|p1a: Chien-Pao|[miss]
|-miss|p2a: Robo-Babe|p1a: Chien-Pao
|move|p1a: Chien-Pao|Sacred Sword|p2a: Robo-Babe
|-damage|p2a: Robo-Babe|0 fnt
|faint|p2a: Robo-Babe
|
|
|switch|p2a: Big Sharp|Kingambit, M|100/100
|-heal|p2a: Big Sharp|100/100|[from] move: Lunar Dance
|-damage|p2a: Big Sharp|94/100|[from] Stealth Rock
|-activate|p2a: Big Sharp|ability: Supreme Overlord
|-start|p2a: Big Sharp|fallen3|[silent]
|turn|19
|
|move|p2a: Big Sharp|Iron Head|p1a: Chien-Pao
|-supereffective|p1a: Chien-Pao
|-damage|p1a: Chien-Pao|0 fnt
|faint|p1a: Chien-Pao
|
|-heal|p2a: Big Sharp|100/100|[from] item: Leftovers
|-fieldend|move: Trick Room
|
|switch|p1a: Typhlosion|Typhlosion-Hisui, M|100/100
|-item|p2a: Big Sharp|Leftovers|[from] ability: Frisk|[of] p1a: Typhlosion|[identify]
|turn|20
|
|-terastallize|p2a: Big Sharp|Fire
|move|p1a: Typhlosion|Eruption|p2a: Big Sharp
|-resisted|p2a: Big Sharp
|-damage|p2a: Big Sharp|64/100
|move|p2a: Big Sharp|Kowtow Cleave|p1a: Typhlosion
|-supereffective|p1a: Typhlosion
|-damage|p1a: Typhlosion|0 fnt
|faint|p1a: Typhlosion
|
|win|p2
