|poke|p1|Basculegion, M|
|poke|p1|Pelipper, F|
|poke|p1|Gholdengo|
|poke|p1|Great Tusk|
|poke|p1|Clodsire, F|
|poke|p1|Meowscarada, M|
|poke|p2|Hydreigon, F|
|poke|p2|Great Tusk|
|poke|p2|Gholdengo|
|poke|p2|Glimmora, M|
|poke|p2|Rotom-Wash|
|poke|p2|Breloom, F|
|teampreview
|
|start
|switch|p1a: Carl|Pelipper, F|100/100
|switch|p2a: Glimmora|Glimmora, M|100/100
|-weather|RainDance|[from] ability: Drizzle|[of] p1a: Carl
|turn|1
|
|move|p2a: Glimmora|Stealth Rock|p1a: Carl
|-sidestart|p1: Arde Showdown|move: Stealth Rock
|move|p1a: Carl|Hurricane|p2a: Glimmora
|-resisted|p2a: Glimmora
|-damage|p2a: Glimmora|75/100
|
|-weather|RainDance|[upkeep]
|turn|2
|
|move|p2a: Glimmora|Mortal Spin|p1a: Carl
|-damage|p1a: Carl|94/100
|-status|p1a: Carl|psn
|move|p1a: Carl|U-turn|p2a: Glimmora
|-resisted|p2a: Glimmora
|-damage|p2a: Glimmora|69/100
|-activate|p2a: Glimmora|ability: Toxic Debris
|-sidestart|p1: Arde Showdown|move: Toxic Spikes
|
|switch|p1a: God|Clodsire, F|100/100|[from] U-turn
|-damage|p1a: God|94/100|[from] Stealth Rock
|-sideend|p1: Arde Showdown|move: Toxic Spikes|[of] p1a: God
|
|-weather|RainDance|[upkeep]
|-heal|p1a: God|100/100|[from] item: Leftovers
|turn|3
|
|move|p2a: Glimmora|Earth Power|p1a: God
|-supereffective|p1a: God
|-damage|p1a: God|66/100
|-unboost|p1a: God|spd|1
|move|p1a: God|Earthquake|p2a: Glimmora
|-supereffective|p2a: Glimmora
|-damage|p2a: Glimmora|0 fnt
|-activate|p2a: Glimmora|ability: Toxic Debris
|-sidestart|p1: Arde Showdown|move: Toxic Spikes
|faint|p2a: Glimmora
|
|-weather|RainDance|[upkeep]
|-heal|p1a: God|72/100|[from] item: Leftovers
|
|switch|p2a: Hydreigon|Hydreigon, F|100/100
|turn|4
|
|switch|p1a: Carl|Pelipper, F|94/100 psn
|-damage|p1a: Carl|69/100 psn|[from] Stealth Rock
|move|p2a: Hydreigon|Substitute|p2a: Hydreigon
|-start|p2a: Hydreigon|Substitute
|-damage|p2a: Hydreigon|76/100
|
|-weather|RainDance|[upkeep]
|-damage|p1a: Carl|57/100 psn|[from] psn
|turn|5
|
|move|p2a: Hydreigon|Dark Pulse|p1a: Carl
|-damage|p1a: Carl|0 fnt
|faint|p1a: Carl
|-damage|p2a: Hydreigon|66/100|[from] item: Life Orb
|
|-weather|RainDance|[upkeep]
|
|switch|p1a: Dumbo|Great Tusk|100/100
|-damage|p1a: Dumbo|98/100|[from] Stealth Rock
|-status|p1a: Dumbo|psn
|turn|6
|
|-terastallize|p2a: Hydreigon|Steel
|move|p2a: Hydreigon|Flash Cannon|p1a: Dumbo
|-damage|p1a: Dumbo|63/100 psn
|-damage|p2a: Hydreigon|56/100|[from] item: Life Orb
|move|p1a: Dumbo|Rapid Spin|p2a: Hydreigon
|-resisted|p2a: Hydreigon
|-activate|p2a: Hydreigon|move: Substitute|[damage]
|-sideend|p1: Arde Showdown|Toxic Spikes|[from] move: Rapid Spin|[of] p1a: Dumbo
|-sideend|p1: Arde Showdown|Stealth Rock|[from] move: Rapid Spin|[of] p1a: Dumbo
|-boost|p1a: Dumbo|spe|1
|
|-weather|RainDance|[upkeep]
|-damage|p1a: Dumbo|50/100 psn|[from] psn
|turn|7
|
|move|p2a: Hydreigon|Flash Cannon|p1a: Dumbo
|-damage|p1a: Dumbo|15/100 psn
|-unboost|p1a: Dumbo|spd|1
|-damage|p2a: Hydreigon|46/100|[from] item: Life Orb
|move|p1a: Dumbo|Earthquake|p2a: Hydreigon
|-immune|p2a: Hydreigon|[from] ability: Levitate
|
|-weather|RainDance|[upkeep]
|-damage|p1a: Dumbo|2/100 psn|[from] psn
|turn|8
|
|move|p2a: Hydreigon|Dark Pulse|p1a: Dumbo
|-resisted|p1a: Dumbo
|-damage|p1a: Dumbo|0 fnt
|faint|p1a: Dumbo
|-end|p1a: Dumbo|Protosynthesis|[silent]
|-damage|p2a: Hydreigon|36/100|[from] item: Life Orb
|
|-weather|none
|
|switch|p1a: I move first|Meowscarada, M|100/100
|turn|9
|
|move|p1a: I move first|U-turn|p2a: Hydreigon
|-start|p1a: I move first|typechange|Bug|[from] ability: Protean
|-resisted|p2a: Hydreigon
|-crit|p2a: Hydreigon
|-end|p2a: Hydreigon|Substitute
|
|switch|p1a: God|Clodsire, F|72/100|[from] U-turn
|move|p2a: Hydreigon|Flash Cannon|p1a: God
|-damage|p1a: God|44/100
|-damage|p2a: Hydreigon|26/100|[from] item: Life Orb
|
|-heal|p1a: God|50/100|[from] item: Leftovers
|turn|10
|
|move|p2a: Hydreigon|Dark Pulse|p1a: God
|-damage|p1a: God|21/100
|-damage|p2a: Hydreigon|16/100|[from] item: Life Orb
|cant|p1a: God|flinch
|
|-heal|p1a: God|27/100|[from] item: Leftovers
|turn|11
|
|move|p2a: Hydreigon|Dark Pulse|p1a: God
|-damage|p1a: God|0 fnt
|faint|p1a: God
|-damage|p2a: Hydreigon|7/100|[from] item: Life Orb
|
|
|switch|p1a: I move first|Meowscarada, M|100/100
|turn|12
|
|move|p1a: I move first|U-turn|p2a: Hydreigon
|-start|p1a: I move first|typechange|Bug|[from] ability: Protean
|-resisted|p2a: Hydreigon
|-damage|p2a: Hydreigon|0 fnt
|faint|p2a: Hydreigon
|
|switch|p1a: Ghost face killah|Gholdengo|100/100|[from] U-turn
|-item|p1a: Ghost face killah|Air Balloon
|
|
|switch|p2a: Gholdengo|Gholdengo|100/100
|turn|13
|
|switch|p1a: I move first|Meowscarada, M|100/100
|move|p2a: Gholdengo|Shadow Ball|p1a: I move first
|-resisted|p1a: I move first
|-damage|p1a: I move first|69/100
|-unboost|p1a: I move first|spd|1
|
|turn|14
|
|switch|p2a: Rotom|Rotom-Wash|100/100
|move|p1a: I move first|Knock Off|p2a: Rotom
|-start|p1a: I move first|typechange|Dark|[from] ability: Protean
|-damage|p2a: Rotom|56/100
|-enditem|p2a: Rotom|Choice Scarf|[from] move: Knock Off|[of] p1a: I move first
|
|turn|15
|
|move|p1a: I move first|Flower Trick|p2a: Rotom
|-supereffective|p2a: Rotom
|-crit|p2a: Rotom
|-damage|p2a: Rotom|0 fnt
|faint|p2a: Rotom
|
|
|switch|p2a: Breloom|Breloom, F|100/100
|turn|16
|
|switch|p1a: Ghost face killah|Gholdengo|100/100
|-item|p1a: Ghost face killah|Air Balloon
|move|p2a: Breloom|Swords Dance|p2a: Breloom
|-boost|p2a: Breloom|atk|2
|
|turn|17
|
|move|p1a: Ghost face killah|Make It Rain|p2a: Breloom
|-enditem|p2a: Breloom|Focus Sash
|-damage|p2a: Breloom|1/100
|-unboost|p1a: Ghost face killah|spa|1
|move|p2a: Breloom|Bullet Seed|p1a: Ghost face killah
|-resisted|p1a: Ghost face killah
|-damage|p1a: Ghost face killah|76/100
|-enditem|p1a: Ghost face killah|Air Balloon
|-resisted|p1a: Ghost face killah
|-damage|p1a: Ghost face killah|51/100
|-hitcount|p1a: Ghost face killah|2
|
|turn|18
|
|move|p1a: Ghost face killah|Shadow Ball|p2a: Breloom
|-damage|p2a: Breloom|0 fnt
|faint|p2a: Breloom
|
|
|switch|p2a: Great Tusk|Great Tusk|100/100
|turn|19
|
|switch|p1a: Prepare your ass|Basculegion, M|100/100
|move|p2a: Great Tusk|Knock Off|p1a: Prepare your ass
|-supereffective|p1a: Prepare your ass
|-damage|p1a: Prepare your ass|8/100
|-enditem|p1a: Prepare your ass|Choice Band|[from] move: Knock Off|[of] p2a: Great Tusk
|
|turn|20
|
|-terastallize|p1a: Prepare your ass|Water
|move|p2a: Great Tusk|Knock Off|p1a: Prepare your ass
|-damage|p1a: Prepare your ass|0 fnt
|faint|p1a: Prepare your ass
|
|
|switch|p1a: I move first|Meowscarada, M|69/100
|turn|21
|
|move|p1a: I move first|Flower Trick|p2a: Great Tusk
|-start|p1a: I move first|typechange|Grass|[from] ability: Protean
|-supereffective|p2a: Great Tusk
|-crit|p2a: Great Tusk
|-damage|p2a: Great Tusk|28/100
|move|p2a: Great Tusk|Rapid Spin|p1a: I move first
|-damage|p1a: I move first|41/100
|-boost|p2a: Great Tusk|spe|1
|
|turn|22
|
|move|p1a: I move first|Sucker Punch|p2a: Great Tusk
|-resisted|p2a: Great Tusk
|-damage|p2a: Great Tusk|19/100
|move|p2a: Great Tusk|Close Combat|p1a: I move first
|-damage|p1a: I move first|0 fnt
|-unboost|p2a: Great Tusk|def|1
|-unboost|p2a: Great Tusk|spd|1
|faint|p1a: I move first
|
|
|switch|p1a: Ghost face killah|Gholdengo|51/100
|turn|23
|
|move|p2a: Great Tusk|Headlong Rush|p1a: Ghost face killah
|-supereffective|p1a: Ghost face killah
|-damage|p1a: Ghost face killah|0 fnt
|-unboost|p2a: Great Tusk|def|1
|-unboost|p2a: Great Tusk|spd|1
|faint|p1a: Ghost face killah
|
|win|IsaiahZX7
