# advantage = p2
|poke|p1|Indeedee, M|
|poke|p1|Ursaluna, M|
|poke|p1|Polteageist-Antique|
|poke|p1|Dondozo, M|
|poke|p1|Armarouge, F|
|poke|p1|Forretress, F|
|poke|p2|Zamazenta-*|
|poke|p2|Urshifu-*, F|
|poke|p2|Muk-Alola, F|
|poke|p2|Zapdos|
|poke|p2|Goodra-Hisui, M|
|poke|p2|Hoopa-Unbound|
|teampreview
|
|start
|switch|p1a: Armarouge|Armarouge, F|100/100
|switch|p2a: Urshifu|Urshifu-Rapid-Strike, F|100/100
|turn|1
|
|switch|p1a: Indeedee|Indeedee, M|100/100
|-fieldstart|move: Psychic Terrain|[from] ability: Psychic Surge|[of] p1a: Indeedee
|move|p2a: Urshifu|Surging Strikes|p1a: Indeedee
|-crit|p1a: Indeedee
|-damage|p1a: Indeedee|57/100
|-crit|p1a: Indeedee
|-damage|p1a: Indeedee|7/100
|-crit|p1a: Indeedee
|-damage|p1a: Indeedee|0 fnt
|faint|p1a: Indeedee
|-hitcount|p1: Indeedee|3
|
|
|switch|p1a: Dondozo|Dondozo, M, shiny|100/100
|turn|2
|
|switch|p2a: Zapdos|Zapdos|100/100
|move|p1a: Dondozo|Wave Crash|p2a: Zapdos
|-damage|p2a: Zapdos|69/100
|-status|p1a: Dondozo|par|[from] ability: Static|[of] p2a: Zapdos
|-damage|p1a: Dondozo|93/100 par|[from] Recoil
|
|turn|3
|
|move|p2a: Zapdos|Roost|p2a: Zapdos
|-heal|p2a: Zapdos|100/100
|-singleturn|p2a: Zapdos|move: Roost
|move|p1a: Dondozo|Wave Crash|p2a: Zapdos
|-damage|p2a: Zapdos|70/100
|-damage|p1a: Dondozo|85/100 par|[from] Recoil
|
|turn|4
|
|switch|p1a: Armarouge|Armarouge, F|100/100
|move|p2a: Zapdos|Volt Switch|p1a: Armarouge
|-damage|p1a: Armarouge|71/100
|
|switch|p2a: Urshifu|Urshifu-Rapid-Strike, F|100/100|[from] Volt Switch
|
|turn|5
|
|-terastallize|p1a: Armarouge|Water
|move|p2a: Urshifu|Surging Strikes|p1a: Armarouge
|-resisted|p1a: Armarouge
|-crit|p1a: Armarouge
|-damage|p1a: Armarouge|62/100
|-resisted|p1a: Armarouge
|-crit|p1a: Armarouge
|-damage|p1a: Armarouge|54/100
|-resisted|p1a: Armarouge
|-crit|p1a: Armarouge
|-damage|p1a: Armarouge|45/100
|-hitcount|p1a: Armarouge|3
|move|p1a: Armarouge|Trick Room|p1a: Armarouge
|-fieldstart|move: Trick Room|[of] p1a: Armarouge
|
|turn|6
|
|switch|p2a: Muk|Muk-Alola, F|100/100
|move|p1a: Armarouge|Expanding Force|p2a: Muk
|-immune|p2a: Muk
|
|turn|7
|
|move|p2a: Muk|Knock Off|p1a: Armarouge
|-damage|p1a: Armarouge|12/100
|-status|p1a: Armarouge|psn|[from] ability: Poison Touch|[of] p2a: Muk
|-enditem|p1a: Armarouge|Eject Pack|[from] move: Knock Off|[of] p2a: Muk
|move|p1a: Armarouge|Armor Cannon|p2a: Muk
|-damage|p2a: Muk|75/100
|-unboost|p1a: Armarouge|def|1
|-unboost|p1a: Armarouge|spd|1
|
|-damage|p1a: Armarouge|0 fnt|[from] psn
|faint|p1a: Armarouge
|
|switch|p1a: Ursaluna|Ursaluna, M|100/100
|turn|8
|
|switch|p2a: Zapdos|Zapdos|70/100
|move|p1a: Ursaluna|Swords Dance|p1a: Ursaluna
|-boost|p1a: Ursaluna|atk|2
|
|-fieldend|move: Psychic Terrain
|-status|p1a: Ursaluna|brn|[from] item: Flame Orb
|turn|9
|
|switch|p2a: Muk|Muk-Alola, F|75/100
|move|p1a: Ursaluna|Facade|p2a: Muk
|-damage|p2a: Muk|0 fnt
|faint|p2a: Muk
|
|-damage|p1a: Ursaluna|94/100 brn|[from] brn
|-fieldend|move: Trick Room
|
|switch|p2a: Urshifu|Urshifu-Rapid-Strike, F|100/100
|turn|10
|
|switch|p1a: Dondozo|Dondozo, M, shiny|85/100 par
|move|p2a: Urshifu|Surging Strikes|p1a: Dondozo
|-resisted|p1a: Dondozo
|-crit|p1a: Dondozo
|-damage|p1a: Dondozo|80/100 par
|-resisted|p1a: Dondozo
|-crit|p1a: Dondozo
|-damage|p1a: Dondozo|75/100 par
|-resisted|p1a: Dondozo
|-crit|p1a: Dondozo
|-damage|p1a: Dondozo|70/100 par
|-hitcount|p1a: Dondozo|3
|
|turn|11
|
|switch|p2a: Zapdos|Zapdos|70/100
|switch|p1a: Forretress|Forretress, F|100/100
|
|turn|12
|
|move|p2a: Zapdos|Heat Wave|p1a: Forretress
|-supereffective|p1a: Forretress
|-ability|p1a: Forretress|Sturdy
|-damage|p1a: Forretress|1/100
|move|p1a: Forretress|Toxic Spikes|p2a: Zapdos
|-sidestart|p2: p2|move: Toxic Spikes
|
|turn|13
|
|move|p2a: Zapdos|Volt Switch|p1a: Forretress
|-damage|p1a: Forretress|0 fnt
|faint|p1a: Forretress
|
|switch|p2a: Goodra|Goodra-Hisui, M|100/100|[from] Volt Switch
|
|
|switch|p1a: Polteageist|Polteageist-Antique|100/100
|turn|14
|
|move|p1a: Polteageist|Shell Smash|p1a: Polteageist
|-unboost|p1a: Polteageist|def|1
|-unboost|p1a: Polteageist|spd|1
|-boost|p1a: Polteageist|atk|2
|-boost|p1a: Polteageist|spa|2
|-boost|p1a: Polteageist|spe|2
|move|p2a: Goodra|Draco Meteor|p1a: Polteageist
|-enditem|p1a: Polteageist|Focus Sash
|-damage|p1a: Polteageist|1/100
|-unboost|p2a: Goodra|spa|2
|-enditem|p2a: Goodra|Eject Pack
|
|switch|p2a: Urshifu|Urshifu-Rapid-Strike, F|100/100
|-status|p2a: Urshifu|psn
|
|-damage|p2a: Urshifu|88/100 psn|[from] psn
|turn|15
|
|move|p2a: Urshifu|Aqua Jet|p1a: Polteageist
|-damage|p1a: Polteageist|0 fnt
|faint|p1a: Polteageist
|
|-damage|p2a: Urshifu|76/100 psn|[from] psn
|
|switch|p1a: Dondozo|Dondozo, M, shiny|70/100 par
|turn|16
|
|switch|p2a: Goodra|Goodra-Hisui, M|100/100
|move|p1a: Dondozo|Rest|p1a: Dondozo
|-status|p1a: Dondozo|slp|[from] move: Rest
|-heal|p1a: Dondozo|100/100 slp|[silent]
|
|turn|17
|
|move|p2a: Goodra|Thunderbolt|p1a: Dondozo
|-supereffective|p1a: Dondozo
|-damage|p1a: Dondozo|37/100 slp
|cant|p1a: Dondozo|slp
|
|turn|18
|
|switch|p1a: Ursaluna|Ursaluna, M|94/100 brn
|move|p2a: Goodra|Thunderbolt|p1a: Ursaluna
|-immune|p1a: Ursaluna
|
|-damage|p1a: Ursaluna|88/100 brn|[from] brn
|turn|19
|
|-terastallize|p2a: Goodra|Dragon
|move|p2a: Goodra|Draco Meteor|p1a: Ursaluna
|-damage|p1a: Ursaluna|10/100 brn
|-unboost|p2a: Goodra|spa|2
|move|p1a: Ursaluna|Headlong Rush|p2a: Goodra
|-damage|p2a: Goodra|0 fnt
|-unboost|p1a: Ursaluna|def|1
|-unboost|p1a: Ursaluna|spd|1
|-ability|p2a: Goodra|Gooey
|-unboost|p1a: Ursaluna|spe|1
|faint|p2a: Goodra
|
|-damage|p1a: Ursaluna|4/100 brn|[from] brn
|
|switch|p2a: Zamazenta|Zamazenta|100/100
|-status|p2a: Zamazenta|psn
|-ability|p2a: Zamazenta|Dauntless Shield|boost
|-boost|p2a: Zamazenta|def|1
|turn|20
|
|switch|p2a: Hoopa|Hoopa-Unbound|100/100
|-status|p2a: Hoopa|psn
|switch|p1a: Dondozo|Dondozo, M, shiny|37/100 slp
|
|-damage|p2a: Hoopa|88/100 psn|[from] psn
|turn|21
|
|move|p2a: Hoopa|Grass Knot|p1a: Dondozo
|-supereffective|p1a: Dondozo
|-damage|p1a: Dondozo|0 fnt
|faint|p1a: Dondozo
|
|-damage|p2a: Hoopa|76/100 psn|[from] psn
|
|switch|p1a: Ursaluna|Ursaluna, M|4/100 brn
|turn|22
|
|move|p2a: Hoopa|Grass Knot|p1a: Ursaluna
|-supereffective|p1a: Ursaluna
|-damage|p1a: Ursaluna|0 fnt
|faint|p1a: Ursaluna
|
|win|p2
