|poke|p1|Copperajah, M|
|poke|p1|Hariyama, M|
|poke|p1|Blissey, F|
|poke|p1|Polteageist-Antique|
|poke|p1|Dragonite, M|
|poke|p2|Sandaconda, F|
|poke|p2|Bellibolt, F|
|poke|p2|Toxtricity, F|
|poke|p2|Lycanroc-Dusk, F|
|poke|p2|Volcarona, M|
|teampreview
|
|start
|switch|p1a: Copperajah|Copperajah, M|100/100
|switch|p2a: Sandaconda|Sandaconda, F|100/100
|turn|1
|
|move|p2a: Sandaconda|Earthquake|p1a: Copperajah
|-supereffective|p1a: Copperajah
|-damage|p1a: Copperajah|13/100
|move|p1a: Copperajah|Iron Head|p2a: Sandaconda
|-damage|p2a: Sandaconda|25/100
|-weather|Sandstorm|[from] ability: Sand Spit|[of] p2a: Sandaconda
|
|-weather|Sandstorm|[upkeep]
|turn|2
|
|move|p2a: Sandaconda|Earthquake|p1a: Copperajah
|-supereffective|p1a: Copperajah
|-damage|p1a: Copperajah|0 fnt
|faint|p1a: Copperajah
|
|-weather|Sandstorm|[upkeep]
|
|switch|p1a: Hariyama|Hariyama, M|100/100
|turn|3
|
|move|p2a: Sandaconda|Iron Head|p1a: Hariyama
|-damage|p1a: Hariyama|75/100
|cant|p1a: Hariyama|flinch
|
|-weather|Sandstorm|[upkeep]
|-damage|p1a: Hariyama|69/100|[from] Sandstorm
|-status|p1a: Hariyama|brn|[from] item: Flame Orb
|turn|4
|
|move|p2a: Sandaconda|Outrage|p1a: Hariyama
|-damage|p1a: Hariyama|33/100 brn
|move|p1a: Hariyama|Drain Punch|p2a: Sandaconda
|-damage|p2a: Sandaconda|0 fnt
|-heal|p1a: Hariyama|40/100 brn|[from] drain|[of] p2a: Sandaconda
|faint|p2a: Sandaconda
|
|-weather|Sandstorm|[upkeep]
|-damage|p1a: Hariyama|34/100 brn|[from] Sandstorm
|-damage|p1a: Hariyama|28/100 brn|[from] brn
|
|switch|p2a: Toxtricity|Toxtricity, F|100/100
|turn|5
|
|move|p2a: Toxtricity|Boomburst|p1a: Hariyama
|-damage|p1a: Hariyama|0 fnt
|faint|p1a: Hariyama
|
|-weather|none
|
|switch|p1a: Polteageist|Polteageist-Antique|100/100
|turn|6
|
|move|p1a: Polteageist|Shell Smash|p1a: Polteageist
|-unboost|p1a: Polteageist|def|1
|-unboost|p1a: Polteageist|spd|1
|-boost|p1a: Polteageist|atk|2
|-boost|p1a: Polteageist|spa|2
|-boost|p1a: Polteageist|spe|2
|-enditem|p1a: Polteageist|White Herb
|-clearnegativeboost|p1a: Polteageist|[silent]
|move|p2a: Toxtricity|Overdrive|p1a: Polteageist
|-damage|p1a: Polteageist|41/100
|
|turn|7
|
|move|p1a: Polteageist|Stored Power|p2a: Toxtricity
|-supereffective|p2a: Toxtricity
|-damage|p2a: Toxtricity|0 fnt
|faint|p2a: Toxtricity
|
|
|switch|p2a: Bellibolt|Bellibolt, F|100/100
|turn|8
|
|move|p2a: Bellibolt|Protect|p2a: Bellibolt
|-singleturn|p2a: Bellibolt|Protect
|move|p1a: Polteageist|Shadow Ball|p2a: Bellibolt
|-activate|p2a: Bellibolt|move: Protect
|
|turn|9
|
|move|p1a: Polteageist|Shadow Ball|p2a: Bellibolt
|-damage|p2a: Bellibolt|0 fnt
|faint|p2a: Bellibolt
|
|
|switch|p2a: Lycanroc|Lycanroc-Dusk, F|100/100
|turn|10
|
|-terastallize|p1a: Polteageist|Fighting
|move|p2a: Lycanroc|Accelerock|p1a: Polteageist
|-resisted|p1a: Polteageist
|-damage|p1a: Polteageist|8/100
|-start|p2a: Lycanroc|Disable|Accelerock|[from] ability: Cursed Body|[of] p1a: Polteageist
|-damage|p2a: Lycanroc|91/100|[from] item: Life Orb
|move|p1a: Polteageist|Tera Blast|p2a: Lycanroc
|-supereffective|p2a: Lycanroc
|-damage|p2a: Lycanroc|0 fnt
|faint|p2a: Lycanroc
|
|
|switch|p2a: Volcarona|Volcarona, M|100/100
|turn|11
|
|move|p1a: Polteageist|Shadow Ball|p2a: Volcarona
|-damage|p2a: Volcarona|11/100
|move|p2a: Volcarona|Fiery Dance|p1a: Polteageist
|-damage|p1a: Polteageist|0 fnt
|faint|p1a: Polteageist
|
|
|switch|p1a: Dragonite|Dragonite, M|100/100
|turn|12
|
|move|p2a: Volcarona|Fiery Dance|p1a: Dragonite
|-resisted|p1a: Dragonite
|-damage|p1a: Dragonite|81/100
|-boost|p2a: Volcarona|spa|1
|move|p1a: Dragonite|Earthquake|p2a: Volcarona
|-damage|p2a: Volcarona|0 fnt
|faint|p2a: Volcarona
|
|win|p1
|n|☆p1|aslock
|n|☆p2|awoopjumpscare
|n|*Lady Monita|ladymonita
|n| Nightslash121|nightslash121
|n| beeeebz|beeeebz
|n| stakitup|stakitup
|n| Dr Nolose|drnolose
