|poke|p1|Cinderace, F|
|poke|p1|Dragapult, F|
|poke|p1|Chien-Pao|
|poke|p1|Gholdengo|
|poke|p1|Zapdos|
|poke|p1|Ursaluna, M|
|poke|p2|Azelf|
|poke|p2|Ursaluna, M|
|poke|p2|Goodra-Hisui, M|
|poke|p2|Landorus-Therian, M|
|poke|p2|Urshifu-*, M|
|poke|p2|Magearna|
|teampreview
|
|start
|switch|p1a: Cinderace|Cinderace, F|100/100
|switch|p2a: Landorus|Landorus-Therian, M|100/100
|-ability|p2a: Landorus|Intimidate|boost
|-unboost|p1a: Cinderace|atk|1
|turn|1
|
|switch|p1a: Zapdos|Zapdos|100/100
|move|p2a: Landorus|Stealth Rock|p1a: Zapdos
|-sidestart|p1: DGP PLAYER|move: Stealth Rock
|
|turn|2
|
|switch|p2a: Goodra|Goodra-Hisui, M|100/100
|-terastallize|p1a: Zapdos|Water
|move|p1a: Zapdos|Tera Blast|p2a: Goodra
|-resisted|p2a: Goodra
|-damage|p2a: Goodra|93/100
|
|turn|3
|
|move|p1a: Zapdos|Volt Switch|p2a: Goodra
|-resisted|p2a: Goodra
|-damage|p2a: Goodra|87/100
|
|switch|p1a: Gholdengo|Gholdengo|100/100|[from] Volt Switch
|-damage|p1a: Gholdengo|94/100|[from] Stealth Rock
|move|p2a: Goodra|Draco Meteor|p1a: Gholdengo|[miss]
|-miss|p2a: Goodra|p1a: Gholdengo
|
|turn|4
|
|move|p1a: Gholdengo|Trick|p2a: Goodra
|-activate|p1a: Gholdengo|move: Trick|[of] p2a: Goodra
|-item|p2a: Goodra|Choice Scarf|[from] move: Trick
|-item|p1a: Gholdengo|Assault Vest|[from] move: Trick
|move|p2a: Goodra|Flamethrower|p1a: Gholdengo
|-supereffective|p1a: Gholdengo
|-damage|p1a: Gholdengo|54/100
|
|turn|5
|
|switch|p1a: Cinderace|Cinderace, F|100/100
|move|p2a: Goodra|Flamethrower|p1a: Cinderace
|-resisted|p1a: Cinderace
|-damage|p1a: Cinderace|82/100
|
|turn|6
|
|switch|p2a: Urshifu|Urshifu-Rapid-Strike, M|100/100
|move|p1a: Cinderace|Court Change|p1a: Cinderace
|-start|p1a: Cinderace|typechange|Normal|[from] ability: Libero
|-swapsideconditions
|-activate|p1a: Cinderace|move: Court Change
|
|turn|7
|
|switch|p1a: Zapdos|Zapdos, tera:Water|100/100
|move|p2a: Urshifu|Surging Strikes|p1a: Zapdos
|-resisted|p1a: Zapdos
|-crit|p1a: Zapdos
|-damage|p1a: Zapdos|91/100
|-resisted|p1a: Zapdos
|-crit|p1a: Zapdos
|-damage|p1a: Zapdos|82/100
|-resisted|p1a: Zapdos
|-crit|p1a: Zapdos
|-damage|p1a: Zapdos|73/100
|-hitcount|p1a: Zapdos|3
|
|-heal|p1a: Zapdos|79/100|[from] item: Leftovers
|turn|8
|
|switch|p2a: Goodra|Goodra-Hisui, M|87/100
|-damage|p2a: Goodra|81/100|[from] Stealth Rock
|move|p1a: Zapdos|Volt Switch|p2a: Goodra
|-resisted|p2a: Goodra
|-damage|p2a: Goodra|71/100
|
|switch|p1a: Cinderace|Cinderace, F|82/100|[from] Volt Switch
|
|turn|9
|
|switch|p2a: Landorus|Landorus-Therian, M|100/100
|-damage|p2a: Landorus|88/100|[from] Stealth Rock
|-ability|p2a: Landorus|Intimidate|boost
|-unboost|p1a: Cinderace|atk|1
|move|p1a: Cinderace|High Jump Kick|p2a: Landorus
|-start|p1a: Cinderace|typechange|Fighting|[from] ability: Libero
|-resisted|p2a: Landorus
|-damage|p2a: Landorus|75/100
|
|-heal|p2a: Landorus|81/100|[from] item: Leftovers
|turn|10
|
|move|p1a: Cinderace|U-turn|p2a: Landorus
|-resisted|p2a: Landorus
|-damage|p2a: Landorus|75/100
|
|switch|p1a: Zapdos|Zapdos, tera:Water|79/100|[from] U-turn
|move|p2a: Landorus|Earthquake|p1a: Zapdos
|-damage|p1a: Zapdos|37/100
|
|-heal|p1a: Zapdos|43/100|[from] item: Leftovers
|-heal|p2a: Landorus|82/100|[from] item: Leftovers
|turn|11
|
|switch|p2a: Goodra|Goodra-Hisui, M|71/100
|-damage|p2a: Goodra|65/100|[from] Stealth Rock
|move|p1a: Zapdos|Roost|p1a: Zapdos
|-heal|p1a: Zapdos|93/100
|
|-heal|p1a: Zapdos|99/100|[from] item: Leftovers
|turn|12
|
|move|p1a: Zapdos|Thunderbolt|p2a: Goodra
|-resisted|p2a: Goodra
|-damage|p2a: Goodra|53/100
|move|p2a: Goodra|Thunderbolt|p1a: Zapdos
|-supereffective|p1a: Zapdos
|-damage|p1a: Zapdos|50/100
|
|-heal|p1a: Zapdos|56/100|[from] item: Leftovers
|turn|13
|
|switch|p2a: Azelf|Azelf|100/100
|move|p1a: Zapdos|Volt Switch|p2a: Azelf
|-damage|p2a: Azelf|47/100
|
|switch|p1a: Cinderace|Cinderace, F|82/100|[from] Volt Switch
|
|turn|14
|
|switch|p2a: Landorus|Landorus-Therian, M|82/100
|-damage|p2a: Landorus|69/100|[from] Stealth Rock
|-ability|p2a: Landorus|Intimidate|boost
|-unboost|p1a: Cinderace|atk|1
|move|p1a: Cinderace|Pyro Ball|p2a: Landorus
|-damage|p2a: Landorus|42/100
|
|-heal|p2a: Landorus|48/100|[from] item: Leftovers
|turn|15
|
|move|p1a: Cinderace|U-turn|p2a: Landorus
|-start|p1a: Cinderace|typechange|Bug|[from] ability: Libero
|-resisted|p2a: Landorus
|-damage|p2a: Landorus|40/100
|
|switch|p1a: Ursaluna|Ursaluna, M|100/100|[from] U-turn
|move|p2a: Landorus|Stealth Rock|p1a: Ursaluna
|-sidestart|p1: DGP PLAYER|move: Stealth Rock
|
|-heal|p2a: Landorus|46/100|[from] item: Leftovers
|-status|p1a: Ursaluna|brn|[from] item: Flame Orb
|turn|16
|
|move|p2a: Landorus|Grass Knot|p1a: Ursaluna
|-supereffective|p1a: Ursaluna
|-damage|p1a: Ursaluna|56/100 brn
|move|p1a: Ursaluna|Facade|p2a: Landorus
|-damage|p2a: Landorus|0 fnt
|faint|p2a: Landorus
|
|-damage|p1a: Ursaluna|50/100 brn|[from] brn
|
|switch|p2a: Azelf|Azelf|47/100
|turn|17
|
|switch|p1a: Gholdengo|Gholdengo|54/100
|-damage|p1a: Gholdengo|48/100|[from] Stealth Rock
|move|p2a: Azelf|Psychic|p1a: Gholdengo
|-resisted|p1a: Gholdengo
|-damage|p1a: Gholdengo|29/100
|
|turn|18
|
|move|p2a: Azelf|Shadow Ball|p1a: Gholdengo
|-supereffective|p1a: Gholdengo
|-damage|p1a: Gholdengo|0 fnt
|faint|p1a: Gholdengo
|
|
|switch|p1a: Cinderace|Cinderace, F|82/100
|turn|19
|
|switch|p2a: Urshifu|Urshifu-Rapid-Strike, M|100/100
|-damage|p2a: Urshifu|94/100|[from] Stealth Rock
|move|p1a: Cinderace|High Jump Kick|p2a: Urshifu
|-start|p1a: Cinderace|typechange|Fighting|[from] ability: Libero
|-damage|p2a: Urshifu|30/100
|
|turn|20
|
|switch|p1a: Zapdos|Zapdos, tera:Water|56/100
|-damage|p1a: Zapdos|44/100|[from] Stealth Rock
|move|p2a: Urshifu|Surging Strikes|p1a: Zapdos
|-resisted|p1a: Zapdos
|-crit|p1a: Zapdos
|-damage|p1a: Zapdos|34/100
|-resisted|p1a: Zapdos
|-crit|p1a: Zapdos
|-damage|p1a: Zapdos|25/100
|-resisted|p1a: Zapdos
|-crit|p1a: Zapdos
|-damage|p1a: Zapdos|16/100
|-hitcount|p1a: Zapdos|3
|
|-heal|p1a: Zapdos|22/100|[from] item: Leftovers
|turn|21
|
|move|p2a: Urshifu|Drain Punch|p1a: Zapdos
|-crit|p1a: Zapdos
|-damage|p1a: Zapdos|0 fnt
|-heal|p2a: Urshifu|42/100|[from] drain|[of] p1a: Zapdos
|faint|p1a: Zapdos
|
|
|switch|p1a: Dragapult|Dragapult, F|100/100
|-damage|p1a: Dragapult|88/100|[from] Stealth Rock
|turn|22
|
|move|p1a: Dragapult|Will-O-Wisp|p2a: Urshifu
|-status|p2a: Urshifu|brn
|move|p2a: Urshifu|Ice Spinner|p1a: Dragapult
|-supereffective|p1a: Dragapult
|-damage|p1a: Dragapult|54/100
|
|-damage|p2a: Urshifu|36/100 brn|[from] brn
|turn|23
|
|move|p1a: Dragapult|Hex|p2a: Urshifu
|-damage|p2a: Urshifu|0 fnt
|faint|p2a: Urshifu
|-damage|p1a: Dragapult|44/100|[from] item: Life Orb
|
|
|switch|p2a: Magearna|Magearna|100/100
|-damage|p2a: Magearna|94/100|[from] Stealth Rock
|turn|24
|
|move|p1a: Dragapult|Fire Blast|p2a: Magearna
|-supereffective|p2a: Magearna
|-damage|p2a: Magearna|24/100
|-status|p2a: Magearna|brn
|-damage|p1a: Dragapult|34/100|[from] item: Life Orb
|move|p2a: Magearna|Iron Defense|p2a: Magearna
|-boost|p2a: Magearna|def|2
|
|-heal|p2a: Magearna|30/100 brn|[from] item: Leftovers
|-damage|p2a: Magearna|24/100 brn|[from] brn
|turn|25
|
|move|p1a: Dragapult|Hex|p2a: Magearna
|-damage|p2a: Magearna|0 fnt
|faint|p2a: Magearna
|-damage|p1a: Dragapult|24/100|[from] item: Life Orb
|
|
|switch|p2a: Azelf|Azelf|47/100
|turn|26
|
|move|p1a: Dragapult|Hex|p2a: Azelf
|-supereffective|p2a: Azelf
|-damage|p2a: Azelf|0 fnt
|faint|p2a: Azelf
|-damage|p1a: Dragapult|14/100|[from] item: Life Orb
|
|-message|bruhmemelol forfeited.
|
|win|DGP PLAYER
