# advantage = p2
|poke|p1|Gholdengo|
|poke|p1|Iron Valiant|
|poke|p1|Quaquaval, M|
|poke|p1|Tinkaton, F|
|poke|p1|Maushold-Four|
|poke|p1|Ceruledge, M|
|poke|p2|Hatterene, F|
|poke|p2|Garganacl, F|
|poke|p2|Volcanion|
|poke|p2|Clodsire, F|
|poke|p2|Decidueye-Hisui, M|
|poke|p2|Goodra-Hisui, F|
|teampreview
|
|start
|switch|p1a: Big Steppy|Quaquaval, M|100/100
|switch|p2a: Volcanion|Volcanion|100/100
|turn|1
|
|move|p1a: Big Steppy|Brave Bird|p2a: Volcanion
|-damage|p2a: Volcanion|54/100
|-damage|p1a: Big Steppy|83/100|[from] Recoil
|move|p2a: Volcanion|Earth Power|p1a: Big Steppy
|-damage|p1a: Big Steppy|37/100
|
|turn|2
|
|move|p1a: Big Steppy|Brave Bird|p2a: Volcanion
|-damage|p2a: Volcanion|11/100
|-damage|p1a: Big Steppy|20/100|[from] Recoil
|move|p2a: Volcanion|Earth Power|p1a: Big Steppy
|-damage|p1a: Big Steppy|0 fnt
|faint|p1a: Big Steppy
|
|
|switch|p1a: Maustake|Maushold-Four|100/100
|turn|3
|
|move|p1a: Maustake|Population Bomb|p2a: Volcanion
|-damage|p2a: Volcanion|3/100
|-damage|p2a: Volcanion|0 fnt
|faint|p2a: Volcanion
|-hitcount|p2: Volcanion|2
|
|
|switch|p2a: Stacky|Garganacl, F|100/100
|turn|4
|
|-terastallize|p2a: Stacky|Ghost
|move|p1a: Maustake|Population Bomb|p2a: Stacky
|-immune|p2a: Stacky
|move|p2a: Stacky|Salt Cure|p1a: Maustake
|-damage|p1a: Maustake|77/100
|-start|p1a: Maustake|Salt Cure
|
|-damage|p1a: Maustake|64/100|[from] Salt Cure
|turn|5
|
|switch|p1a: NUH-UH|Gholdengo|100/100
|move|p2a: Stacky|Earthquake|p1a: NUH-UH
|-supereffective|p1a: NUH-UH
|-damage|p1a: NUH-UH|47/100
|
|turn|6
|
|move|p1a: NUH-UH|Shadow Ball|p2a: Stacky
|-supereffective|p2a: Stacky
|-damage|p2a: Stacky|60/100
|move|p2a: Stacky|Earthquake|p1a: NUH-UH
|-supereffective|p1a: NUH-UH
|-damage|p1a: NUH-UH|0 fnt
|faint|p1a: NUH-UH
|
|-heal|p2a: Stacky|67/100|[from] item: Leftovers
|
|switch|p1a: Spectacled|Iron Valiant|100/100
|turn|7
|
|move|p1a: Spectacled|Shadow Sneak|p2a: Stacky
|-supereffective|p2a: Stacky
|-damage|p2a: Stacky|58/100
|-damage|p1a: Spectacled|91/100|[from] item: Life Orb
|move|p2a: Stacky|Recover|p2a: Stacky
|-heal|p2a: Stacky|100/100
|
|turn|8
|
|move|p1a: Spectacled|Spirit Break|p2a: Stacky
|-damage|p2a: Stacky|74/100
|-unboost|p2a: Stacky|spa|1
|-damage|p1a: Spectacled|81/100|[from] item: Life Orb
|move|p2a: Stacky|Salt Cure|p1a: Spectacled
|-resisted|p1a: Spectacled
|-damage|p1a: Spectacled|72/100
|-start|p1a: Spectacled|Salt Cure
|
|-heal|p2a: Stacky|80/100|[from] item: Leftovers
|-damage|p1a: Spectacled|60/100|[from] Salt Cure
|turn|9
|
|-end|p1a: Spectacled|Quark Drive|[silent]
|switch|p1a: Blimbo|Ceruledge, M|100/100
|move|p2a: Stacky|Earthquake|p1a: Blimbo
|-supereffective|p1a: Blimbo
|-damage|p1a: Blimbo|35/100
|
|-heal|p2a: Stacky|86/100|[from] item: Leftovers
|turn|10
|
|-terastallize|p1a: Blimbo|Fairy
|move|p1a: Blimbo|Bitter Blade|p2a: Stacky
|-damage|p2a: Stacky|64/100
|-heal|p1a: Blimbo|50/100|[from] drain|[of] p2a: Stacky
|move|p2a: Stacky|Salt Cure|p1a: Blimbo
|-damage|p1a: Blimbo|30/100
|-start|p1a: Blimbo|Salt Cure
|
|-heal|p2a: Stacky|70/100|[from] item: Leftovers
|-damage|p1a: Blimbo|18/100|[from] Salt Cure
|turn|11
|
|move|p1a: Blimbo|Bitter Blade|p2a: Stacky
|-damage|p2a: Stacky|45/100
|-heal|p1a: Blimbo|35/100|[from] drain|[of] p2a: Stacky
|move|p2a: Stacky|Ice Punch|p1a: Blimbo
|-damage|p1a: Blimbo|13/100
|
|-heal|p2a: Stacky|51/100|[from] item: Leftovers
|-damage|p1a: Blimbo|0 fnt|[from] Salt Cure
|faint|p1a: Blimbo
|-message|p1 forfeited.
|
|win|p2
