|poke|p1|Azelf|
|poke|p1|Cresselia, F|
|poke|p1|Enamorus, F|
|poke|p1|Lilligant-Hisui, F|
|poke|p1|Regidrago|
|poke|p1|Zamazenta-*|
|poke|p2|Clodsire, F|
|poke|p2|Typhlosion-Hisui, F|
|poke|p2|Sneasler, F|
|poke|p2|Zapdos|
|poke|p2|Chien-Pao|
|poke|p2|Corviknight, M|
|teampreview
|
|start
|switch|p1a: Regidrago|Regidrago|100/100
|switch|p2a: Sneasler|Sneasler, F, shiny|100/100
|turn|1
|
|move|p1a: Regidrago|Dragon Energy|p2a: Sneasler
|-damage|p2a: Sneasler|0 fnt
|faint|p2a: Sneasler
|
|
|switch|p2a: Clodsire|Clodsire, F, shiny|100/100
|turn|2
|
|-terastallize|p1a: Regidrago|Dragon
|move|p1a: Regidrago|Dragon Energy|p2a: Clodsire
|-damage|p2a: Clodsire|25/100
|move|p2a: Clodsire|Earthquake|p1a: Regidrago
|-damage|p1a: Regidrago|70/100
|
|-heal|p2a: Clodsire|32/100|[from] item: Leftovers
|turn|3
|
|switch|p2a: Corviknight|Corviknight, M|100/100
|move|p1a: Regidrago|Dragon Energy|p2a: Corviknight
|-resisted|p2a: Corviknight
|-damage|p2a: Corviknight|57/100
|
|turn|4
|
|switch|p1a: Zamazenta|Zamazenta-Crowned|100/100
|-ability|p1a: Zamazenta|Dauntless Shield|boost
|-boost|p1a: Zamazenta|def|1
|move|p2a: Corviknight|Brave Bird|p1a: Zamazenta
|-damage|p1a: Zamazenta|85/100
|-damage|p2a: Corviknight|53/100|[from] Recoil
|
|turn|5
|
|switch|p2a: Zapdos|Zapdos, shiny|100/100
|move|p1a: Zamazenta|Iron Defense|p1a: Zamazenta
|-boost|p1a: Zamazenta|def|2
|
|turn|6
|
|switch|p1a: Azelf|Azelf|100/100
|move|p2a: Zapdos|Tailwind|p2a: Zapdos
|-sidestart|p2: p2|move: Tailwind
|
|turn|7
|
|move|p2a: Zapdos|Discharge|p1a: Azelf
|-damage|p1a: Azelf|44/100
|move|p1a: Azelf|Stealth Rock|p2a: Zapdos
|-sidestart|p2: p2|move: Stealth Rock
|
|turn|8
|
|move|p2a: Zapdos|U-turn|p1a: Azelf
|-supereffective|p1a: Azelf
|-damage|p1a: Azelf|5/100
|
|switch|p2a: Corviknight|Corviknight, M|53/100|[from] U-turn
|move|p1a: Azelf|Explosion|p2a: Corviknight
|-resisted|p2a: Corviknight
|-damage|p2a: Corviknight|28/100
|faint|p1a: Azelf
|
|
|switch|p1a: Regidrago|Regidrago, tera:Dragon|70/100
|turn|9
|
|move|p1a: Regidrago|Dragon Pulse|p2a: Corviknight
|-resisted|p2a: Corviknight
|-damage|p2a: Corviknight|0 fnt
|faint|p2a: Corviknight
|
|-sideend|p2: p2|move: Tailwind
|
|switch|p2a: Chien-Pao|Chien-Pao|100/100
|-damage|p2a: Chien-Pao|76/100|[from] Stealth Rock
|-ability|p2a: Chien-Pao|Sword of Ruin
|turn|10
|
|-terastallize|p2a: Chien-Pao|Dark
|move|p2a: Chien-Pao|Ice Shard|p1a: Regidrago
|-supereffective|p1a: Regidrago
|-damage|p1a: Regidrago|0 fnt
|faint|p1a: Regidrago
|-damage|p2a: Chien-Pao|66/100|[from] item: Life Orb
|
|
|switch|p1a: Zamazenta|Zamazenta-Crowned|85/100
|turn|11
|
|switch|p2a: Zapdos|Zapdos, shiny|100/100
|-damage|p2a: Zapdos|76/100|[from] Stealth Rock
|move|p1a: Zamazenta|Body Press|p2a: Zapdos
|-resisted|p2a: Zapdos
|-damage|p2a: Zapdos|60/100
|-damage|p1a: Zamazenta|69/100|[from] item: Rocky Helmet|[of] p2a: Zapdos
|
|turn|12
|
|switch|p1a: Cresselia|Cresselia, F|100/100
|move|p2a: Zapdos|Roost|p2a: Zapdos
|-heal|p2a: Zapdos|100/100
|-singleturn|p2a: Zapdos|move: Roost
|
|turn|13
|
|switch|p2a: Clodsire|Clodsire, F, shiny|32/100
|-damage|p2a: Clodsire|25/100|[from] Stealth Rock
|move|p1a: Cresselia|Calm Mind|p1a: Cresselia
|-boost|p1a: Cresselia|spa|1
|-boost|p1a: Cresselia|spd|1
|
|-heal|p2a: Clodsire|32/100|[from] item: Leftovers
|turn|14
|
|move|p1a: Cresselia|Calm Mind|p1a: Cresselia
|-boost|p1a: Cresselia|spa|1
|-boost|p1a: Cresselia|spd|1
|move|p2a: Clodsire|Toxic|p1a: Cresselia
|-status|p1a: Cresselia|tox
|
|-heal|p2a: Clodsire|38/100|[from] item: Leftovers
|-damage|p1a: Cresselia|94/100 tox|[from] psn
|turn|15
|
|move|p1a: Cresselia|Stored Power|p2a: Clodsire
|-supereffective|p2a: Clodsire
|-damage|p2a: Clodsire|0 fnt
|faint|p2a: Clodsire
|
|-heal|p1a: Cresselia|100/100 tox|[from] item: Leftovers
|-damage|p1a: Cresselia|88/100 tox|[from] psn
|
|switch|p2a: Chien-Pao|Chien-Pao, tera:Dark|66/100
|-damage|p2a: Chien-Pao|53/100|[from] Stealth Rock
|-ability|p2a: Chien-Pao|Sword of Ruin
|turn|16
|
|move|p2a: Chien-Pao|Crunch|p1a: Cresselia
|-supereffective|p1a: Cresselia
|-damage|p1a: Cresselia|0 fnt
|faint|p1a: Cresselia
|-damage|p2a: Chien-Pao|43/100|[from] item: Life Orb
|
|
|switch|p1a: Enamorus|Enamorus, F|100/100
|turn|17
|
|move|p2a: Chien-Pao|Icicle Crash|p1a: Enamorus
|-supereffective|p1a: Enamorus
|-damage|p1a: Enamorus|0 fnt
|faint|p1a: Enamorus
|-damage|p2a: Chien-Pao|33/100|[from] item: Life Orb
|
|
|switch|p1a: Zamazenta|Zamazenta-Crowned|69/100
|turn|18
|
|switch|p1a: Lilligant|Lilligant-Hisui, F|100/100
|move|p2a: Chien-Pao|Crunch|p1a: Lilligant
|-resisted|p1a: Lilligant
|-damage|p1a: Lilligant|28/100
|-damage|p2a: Chien-Pao|23/100|[from] item: Life Orb
|
|turn|19
|-message|p1 forfeited.
|
|win|p2
