|poke|p1|Alomomola, F|
|poke|p1|Gholdengo|
|poke|p1|Blissey, F|
|poke|p1|Dondozo, M|
|poke|p1|Clodsire, M|
|poke|p1|Corviknight, M|
|poke|p2|Garchomp, F|
|poke|p2|Gholdengo|
|poke|p2|Toxapex, F|
|poke|p2|Garganacl, F|
|poke|p2|Great Tusk|
|poke|p2|Iron Valiant|
|teampreview
|
|start
|switch|p1a: bombshell|Blissey, F|100/100
|switch|p2a: Garganacl|Garganacl, F|100/100
|turn|1
|
|move|p1a: bombshell|Stealth Rock|p2a: Garganacl
|-sidestart|p2: p2|move: Stealth Rock
|move|p2a: Garganacl|Stealth Rock|p1a: bombshell
|-sidestart|p1: p1|move: Stealth Rock
|
|turn|2
|
|switch|p1a: reaper|Alomomola, F, shiny|100/100
|move|p2a: Garganacl|Salt Cure|p1a: reaper
|-damage|p1a: reaper|93/100
|-start|p1a: reaper|move: Salt Cure|[of] p2a: Garganacl
|
|-damage|p1a: reaper|68/100|[from] Salt Cure
|turn|3
|
|switch|p2a: Great Tusk|Great Tusk|100/100
|-damage|p2a: Great Tusk|98/100|[from] Stealth Rock
|-terastallize|p1a: reaper|Fairy
|move|p1a: reaper|Wish|p1a: reaper
|
|-heal|p2a: Great Tusk|100/100|[from] item: Leftovers
|-damage|p1a: reaper|55/100|[from] Salt Cure
|turn|4
|
|move|p2a: Great Tusk|Knock Off|p1a: reaper
|-resisted|p1a: reaper
|-damage|p1a: reaper|48/100
|-enditem|p1a: reaper|Heavy-Duty Boots|[from] move: Knock Off|[of] p2a: Great Tusk
|move|p1a: reaper|Whirlpool|p2a: Great Tusk|[miss]
|-miss|p1a: reaper|p2a: Great Tusk
|
|-heal|p1a: reaper|98/100|[from] move: Wish|[wisher] reaper
|-damage|p1a: reaper|86/100|[from] Salt Cure
|turn|5
|
|move|p2a: Great Tusk|Rapid Spin|p1a: reaper
|-damage|p1a: reaper|77/100
|-boost|p2a: Great Tusk|spe|1
|-sideend|p2: p2|Stealth Rock|[from] move: Rapid Spin|[of] p2a: Great Tusk
|move|p1a: reaper|Whirlpool|p2a: Great Tusk
|-supereffective|p2a: Great Tusk
|-damage|p2a: Great Tusk|83/100
|-activate|p2a: Great Tusk|move: Whirlpool|[of] p1a: reaper
|
|-heal|p2a: Great Tusk|90/100|[from] item: Leftovers
|-damage|p2a: Great Tusk|77/100|[from] move: Whirlpool|[partiallytrapped]
|-damage|p1a: reaper|65/100|[from] Salt Cure
|turn|6
|
|move|p2a: Great Tusk|Bulk Up|p2a: Great Tusk
|-boost|p2a: Great Tusk|atk|1
|-boost|p2a: Great Tusk|def|1
|move|p1a: reaper|Wish|p1a: reaper
|
|-heal|p2a: Great Tusk|83/100|[from] item: Leftovers
|-damage|p2a: Great Tusk|71/100|[from] move: Whirlpool|[partiallytrapped]
|-damage|p1a: reaper|53/100|[from] Salt Cure
|turn|7
|
|move|p2a: Great Tusk|Earthquake|p1a: reaper
|-damage|p1a: reaper|21/100
|move|p1a: reaper|Chilling Water|p2a: Great Tusk
|-supereffective|p2a: Great Tusk
|-damage|p2a: Great Tusk|48/100
|-unboost|p2a: Great Tusk|atk|1
|
|-heal|p1a: reaper|71/100|[from] move: Wish|[wisher] reaper
|-heal|p2a: Great Tusk|55/100|[from] item: Leftovers
|-damage|p2a: Great Tusk|42/100|[from] move: Whirlpool|[partiallytrapped]
|-damage|p1a: reaper|59/100|[from] Salt Cure
|turn|8
|
|move|p2a: Great Tusk|Rapid Spin|p1a: reaper
|-damage|p1a: reaper|51/100
|-boost|p2a: Great Tusk|spe|1
|-end|p2a: Great Tusk|Whirlpool|[partiallytrapped]
|move|p1a: reaper|Chilling Water|p2a: Great Tusk
|-supereffective|p2a: Great Tusk
|-damage|p2a: Great Tusk|17/100
|-unboost|p2a: Great Tusk|atk|1
|
|-heal|p2a: Great Tusk|24/100|[from] item: Leftovers
|-damage|p1a: reaper|39/100|[from] Salt Cure
|turn|9
|
|-end|p2a: Great Tusk|Protosynthesis|[silent]
|switch|p2a: Garchomp|Garchomp, F|100/100
|switch|p1a: blackhawk|Corviknight, M, shiny|100/100
|-damage|p1a: blackhawk|88/100|[from] Stealth Rock
|-ability|p1a: blackhawk|Pressure
|
|turn|10
|
|switch|p1a: reaper|Alomomola, F, shiny, tera:Fairy|72/100
|-damage|p1a: reaper|60/100|[from] Stealth Rock
|move|p2a: Garchomp|Fire Blast|p1a: reaper|[miss]
|-miss|p2a: Garchomp|p1a: reaper
|
|turn|11
|
|move|p2a: Garchomp|Spikes|p1a: reaper
|-sidestart|p1: p1|Spikes
|move|p1a: reaper|Wish|p1a: reaper
|
|turn|12
|
|switch|p2a: Toxapex|Toxapex, F|100/100
|move|p1a: reaper|Chilling Water|p2a: Toxapex
|-resisted|p2a: Toxapex
|-damage|p2a: Toxapex|98/100
|-unboost|p2a: Toxapex|atk|1
|
|-heal|p1a: reaper|100/100|[from] move: Wish|[wisher] reaper
|-heal|p2a: Toxapex|100/100|[from] item: Black Sludge
|turn|13
|
|switch|p1a: bombshell|Blissey, F|100/100
|switch|p2a: Garchomp|Garchomp, F|100/100
|
|turn|14
|
|move|p2a: Garchomp|Earthquake|p1a: bombshell
|-damage|p1a: bombshell|45/100
|-damage|p2a: Garchomp|91/100|[from] item: Life Orb
|move|p1a: bombshell|Stealth Rock|p2a: Garchomp
|-sidestart|p2: p2|move: Stealth Rock
|
|turn|15
|
|switch|p1a: abrams|Dondozo, M|100/100
|move|p2a: Garchomp|Earthquake|p1a: abrams
|-crit|p1a: abrams
|-damage|p1a: abrams|63/100
|-damage|p2a: Garchomp|81/100|[from] item: Life Orb
|
|turn|16
|
|move|p2a: Garchomp|Earthquake|p1a: abrams
|-damage|p1a: abrams|40/100
|-damage|p2a: Garchomp|71/100|[from] item: Life Orb
|move|p1a: abrams|Rest|p1a: abrams
|-status|p1a: abrams|slp|[from] move: Rest
|-heal|p1a: abrams|100/100 slp|[silent]
|
|turn|17
|
|move|p2a: Garchomp|Spikes|p1a: abrams
|-sidestart|p1: p1|Spikes
|cant|p1a: abrams|slp
|
|turn|18
|
|move|p2a: Garchomp|Spikes|p1a: abrams
|-sidestart|p1: p1|Spikes
|cant|p1a: abrams|slp
|
|turn|19
|
|switch|p2a: Toxapex|Toxapex, F|100/100
|-damage|p2a: Toxapex|88/100|[from] Stealth Rock
|-curestatus|p1a: abrams|slp|[msg]
|move|p1a: abrams|Curse|p1a: abrams
|-unboost|p1a: abrams|spe|1
|-boost|p1a: abrams|atk|1
|-boost|p1a: abrams|def|1
|
|-heal|p2a: Toxapex|94/100|[from] item: Black Sludge
|turn|20
|
|switch|p2a: Garchomp|Garchomp, F|71/100
|-damage|p2a: Garchomp|65/100|[from] Stealth Rock
|switch|p1a: normandy|Clodsire, M|100/100
|
|turn|21
|
|switch|p1a: abrams|Dondozo, M|100/100
|move|p2a: Garchomp|Draco Meteor|p1a: abrams
|-damage|p1a: abrams|44/100
|-unboost|p2a: Garchomp|spa|2
|-damage|p2a: Garchomp|55/100|[from] item: Life Orb
|
|turn|22
|
|switch|p1a: blackhawk|Corviknight, M, shiny|88/100
|-damage|p1a: blackhawk|76/100|[from] Stealth Rock
|-ability|p1a: blackhawk|Pressure
|move|p2a: Garchomp|Earthquake|p1a: blackhawk
|-immune|p1a: blackhawk
|
|turn|23
|
|switch|p2a: Gholdengo|Gholdengo|100/100
|-damage|p2a: Gholdengo|94/100|[from] Stealth Rock
|switch|p1a: bombshell|Blissey, F|45/100
|
|turn|24
|
|switch|p2a: Great Tusk|Great Tusk|24/100
|-damage|p2a: Great Tusk|21/100|[from] Stealth Rock
|move|p1a: bombshell|Shadow Ball|p2a: Great Tusk
|-damage|p2a: Great Tusk|0 fnt
|faint|p2a: Great Tusk
|-end|p2a: Great Tusk|Protosynthesis|[silent]
|
|
|switch|p2a: Gholdengo|Gholdengo|94/100
|-damage|p2a: Gholdengo|88/100|[from] Stealth Rock
|turn|25
|
|move|p2a: Gholdengo|Shadow Ball|p1a: bombshell
|-immune|p1a: bombshell
|move|p1a: bombshell|Shadow Ball|p2a: Gholdengo
|-supereffective|p2a: Gholdengo
|-damage|p2a: Gholdengo|56/100
|
|turn|26
|
|switch|p2a: Garganacl|Garganacl, F|100/100
|-damage|p2a: Garganacl|88/100|[from] Stealth Rock
|move|p1a: bombshell|Soft-Boiled|p1a: bombshell
|-heal|p1a: bombshell|95/100
|
|-heal|p2a: Garganacl|94/100|[from] item: Leftovers
|turn|27
|
|switch|p1a: normandy|Clodsire, M|100/100
|move|p2a: Garganacl|Salt Cure|p1a: normandy
|-resisted|p1a: normandy
|-damage|p1a: normandy|93/100
|-start|p1a: normandy|move: Salt Cure|[of] p2a: Garganacl
|
|-heal|p2a: Garganacl|100/100|[from] item: Leftovers
|-damage|p1a: normandy|80/100|[from] Salt Cure
|turn|28
|
|switch|p2a: Garchomp|Garchomp, F|55/100
|-damage|p2a: Garchomp|49/100|[from] Stealth Rock
|move|p1a: normandy|Spikes|p2a: Garchomp
|-sidestart|p2: p2|Spikes
|
|-damage|p1a: normandy|68/100|[from] Salt Cure
|turn|29
|
|switch|p1a: blackhawk|Corviknight, M, shiny|76/100
|-damage|p1a: blackhawk|64/100|[from] Stealth Rock
|-ability|p1a: blackhawk|Pressure
|move|p2a: Garchomp|Fire Blast|p1a: blackhawk
|-supereffective|p1a: blackhawk
|-damage|p1a: blackhawk|0 fnt
|faint|p1a: blackhawk
|-damage|p2a: Garchomp|39/100|[from] item: Life Orb
|
|
|switch|p1a: abrams|Dondozo, M|44/100
|turn|30
|
|move|p2a: Garchomp|Draco Meteor|p1a: abrams
|-damage|p1a: abrams|0 fnt
|-unboost|p2a: Garchomp|spa|2
|faint|p1a: abrams
|-damage|p2a: Garchomp|29/100|[from] item: Life Orb
|
|
|switch|p1a: bombshell|Blissey, F|95/100
|turn|31
|
|switch|p2a: Garganacl|Garganacl, F|100/100
|-damage|p2a: Garganacl|88/100|[from] Stealth Rock
|-damage|p2a: Garganacl|76/100|[from] Spikes
|move|p1a: bombshell|Shadow Ball|p2a: Garganacl
|-damage|p2a: Garganacl|69/100
|
|-heal|p2a: Garganacl|75/100|[from] item: Leftovers
|turn|32
|
|switch|p1a: reaper|Alomomola, F, shiny, tera:Fairy|100/100
|-damage|p1a: reaper|88/100|[from] Stealth Rock
|-damage|p1a: reaper|63/100|[from] Spikes
|move|p2a: Garganacl|Salt Cure|p1a: reaper
|-damage|p1a: reaper|56/100
|-start|p1a: reaper|move: Salt Cure|[of] p2a: Garganacl
|
|-heal|p2a: Garganacl|81/100|[from] item: Leftovers
|-damage|p1a: reaper|44/100|[from] Salt Cure
|turn|33
|
|switch|p2a: Gholdengo|Gholdengo|56/100
|-damage|p2a: Gholdengo|50/100|[from] Stealth Rock
|-damage|p2a: Gholdengo|38/100|[from] Spikes
|move|p1a: reaper|Wish|p1a: reaper
|
|-damage|p1a: reaper|31/100|[from] Salt Cure
|turn|34
|
|move|p1a: reaper|Protect|p1a: reaper
|-singleturn|p1a: reaper|Protect
|move|p2a: Gholdengo|Recover|p2a: Gholdengo
|-heal|p2a: Gholdengo|88/100
|
|-heal|p1a: reaper|81/100|[from] move: Wish|[wisher] reaper
|-damage|p1a: reaper|69/100|[from] Salt Cure
|turn|35
|
|switch|p2a: Iron Valiant|Iron Valiant|100/100
|-damage|p2a: Iron Valiant|94/100|[from] Stealth Rock
|-damage|p2a: Iron Valiant|82/100|[from] Spikes
|switch|p1a: normandy|Clodsire, M|68/100
|
|turn|36
|
|switch|p1a: goldfinger|Gholdengo, shiny|100/100
|move|p2a: Iron Valiant|Psyshock|p1a: goldfinger
|-resisted|p1a: goldfinger
|-damage|p1a: goldfinger|88/100
|
|turn|37
|
|-end|p2a: Iron Valiant|Quark Drive|[silent]
|switch|p2a: Toxapex|Toxapex, F|100/100
|-damage|p2a: Toxapex|88/100|[from] Stealth Rock
|-damage|p2a: Toxapex|75/100|[from] Spikes
|move|p1a: goldfinger|Make It Rain|p2a: Toxapex
|-resisted|p2a: Toxapex
|-damage|p2a: Toxapex|60/100
|-unboost|p1a: goldfinger|spa|1
|
|-heal|p2a: Toxapex|66/100|[from] item: Black Sludge
|turn|38
|
|move|p1a: goldfinger|Shadow Ball|p2a: Toxapex
|-damage|p2a: Toxapex|51/100
|move|p2a: Toxapex|Surf|p1a: goldfinger
|-damage|p1a: goldfinger|69/100
|
|-heal|p2a: Toxapex|57/100|[from] item: Black Sludge
|turn|39
|
|move|p1a: goldfinger|Nasty Plot|p1a: goldfinger
|-boost|p1a: goldfinger|spa|2
|move|p2a: Toxapex|Surf|p1a: goldfinger
|-damage|p1a: goldfinger|49/100
|
|-heal|p2a: Toxapex|64/100|[from] item: Black Sludge
|turn|40
|
|move|p1a: goldfinger|Recover|p1a: goldfinger
|-heal|p1a: goldfinger|99/100
|move|p2a: Toxapex|Surf|p1a: goldfinger
|-damage|p1a: goldfinger|82/100
|
|-heal|p2a: Toxapex|70/100|[from] item: Black Sludge
|turn|41
|
|move|p1a: goldfinger|Shadow Ball|p2a: Toxapex
|-damage|p2a: Toxapex|34/100
|move|p2a: Toxapex|Haze|p2a: Toxapex
|-clearallboost
|
|-heal|p2a: Toxapex|40/100|[from] item: Black Sludge
|turn|42
|
|move|p1a: goldfinger|Nasty Plot|p1a: goldfinger
|-boost|p1a: goldfinger|spa|2
|move|p2a: Toxapex|Recover|p2a: Toxapex
|-heal|p2a: Toxapex|90/100
|
|-heal|p2a: Toxapex|97/100|[from] item: Black Sludge
|turn|43
|
|move|p1a: goldfinger|Shadow Ball|p2a: Toxapex
|-damage|p2a: Toxapex|54/100
|move|p2a: Toxapex|Haze|p2a: Toxapex
|-clearallboost
|
|-heal|p2a: Toxapex|60/100|[from] item: Black Sludge
|turn|44
|
|move|p1a: goldfinger|Shadow Ball|p2a: Toxapex
|-damage|p2a: Toxapex|36/100
|move|p2a: Toxapex|Surf|p1a: goldfinger
|-damage|p1a: goldfinger|65/100
|
|-heal|p2a: Toxapex|42/100|[from] item: Black Sludge
|turn|45
|
|move|p1a: goldfinger|Nasty Plot|p1a: goldfinger
|-boost|p1a: goldfinger|spa|2
|move|p2a: Toxapex|Recover|p2a: Toxapex
|-heal|p2a: Toxapex|92/100
|
|-heal|p2a: Toxapex|98/100|[from] item: Black Sludge
|turn|46
|
|move|p1a: goldfinger|Shadow Ball|p2a: Toxapex
|-damage|p2a: Toxapex|51/100
|move|p2a: Toxapex|Haze|p2a: Toxapex
|-clearallboost
|
|-heal|p2a: Toxapex|57/100|[from] item: Black Sludge
|turn|47
|
|move|p1a: goldfinger|Shadow Ball|p2a: Toxapex
|-damage|p2a: Toxapex|34/100
|move|p2a: Toxapex|Surf|p1a: goldfinger
|-damage|p1a: goldfinger|46/100
|
|-heal|p2a: Toxapex|41/100|[from] item: Black Sludge
|turn|48
|
|switch|p2a: Gholdengo|Gholdengo|88/100
|-damage|p2a: Gholdengo|82/100|[from] Stealth Rock
|-damage|p2a: Gholdengo|69/100|[from] Spikes
|move|p1a: goldfinger|Shadow Ball|p2a: Gholdengo
|-supereffective|p2a: Gholdengo
|-damage|p2a: Gholdengo|0 fnt
|faint|p2a: Gholdengo
|
|
|switch|p2a: Garchomp|Garchomp, F|29/100
|-damage|p2a: Garchomp|23/100|[from] Stealth Rock
|-damage|p2a: Garchomp|11/100|[from] Spikes
|turn|49
|
|switch|p1a: bombshell|Blissey, F|95/100
|move|p2a: Garchomp|Earthquake|p1a: bombshell
|-damage|p1a: bombshell|39/100
|-damage|p2a: Garchomp|1/100|[from] item: Life Orb
|
|turn|50
|
|move|p2a: Garchomp|Draco Meteor|p1a: bombshell|[miss]
|-miss|p2a: Garchomp|p1a: bombshell
|move|p1a: bombshell|Soft-Boiled|p1a: bombshell
|-heal|p1a: bombshell|89/100
|
|turn|51
|
|switch|p2a: Garganacl|Garganacl, F|81/100
|-damage|p2a: Garganacl|69/100|[from] Stealth Rock
|-damage|p2a: Garganacl|57/100|[from] Spikes
|move|p1a: bombshell|Soft-Boiled|p1a: bombshell
|-heal|p1a: bombshell|100/100
|
|-heal|p2a: Garganacl|63/100|[from] item: Leftovers
|turn|52
|
|switch|p1a: reaper|Alomomola, F, shiny, tera:Fairy|100/100
|-damage|p1a: reaper|88/100|[from] Stealth Rock
|-damage|p1a: reaper|63/100|[from] Spikes
|move|p2a: Garganacl|Salt Cure|p1a: reaper
|-damage|p1a: reaper|56/100
|-start|p1a: reaper|move: Salt Cure|[of] p2a: Garganacl
|
|-heal|p2a: Garganacl|69/100|[from] item: Leftovers
|-damage|p1a: reaper|44/100|[from] Salt Cure
|turn|53
|
|move|p1a: reaper|Wish|p1a: reaper
|move|p2a: Garganacl|Salt Cure|p1a: reaper
|-damage|p1a: reaper|36/100
|
|-heal|p2a: Garganacl|75/100|[from] item: Leftovers
|-damage|p1a: reaper|24/100|[from] Salt Cure
|turn|54
|
|switch|p1a: goldfinger|Gholdengo, shiny|46/100
|move|p2a: Garganacl|Salt Cure|p1a: goldfinger
|-resisted|p1a: goldfinger
|-damage|p1a: goldfinger|41/100
|-start|p1a: goldfinger|move: Salt Cure|[of] p2a: Garganacl
|
|-heal|p1a: goldfinger|100/100|[from] move: Wish|[wisher] reaper
|-heal|p2a: Garganacl|81/100|[from] item: Leftovers
|-damage|p1a: goldfinger|76/100|[from] Salt Cure
|turn|55
|
|switch|p1a: normandy|Clodsire, M|68/100
|move|p2a: Garganacl|Protect||[still]
|-fail|p2a: Garganacl
|
|-heal|p2a: Garganacl|88/100|[from] item: Leftovers
|turn|56
|
|move|p2a: Garganacl|Salt Cure|p1a: normandy
|-resisted|p1a: normandy
|-damage|p1a: normandy|61/100
|-start|p1a: normandy|move: Salt Cure|[of] p2a: Garganacl
|move|p1a: normandy|Spikes|p2a: Garganacl
|-sidestart|p2: p2|Spikes
|
|-heal|p2a: Garganacl|94/100|[from] item: Leftovers
|-damage|p1a: normandy|48/100|[from] Salt Cure
|turn|57
|
|move|p2a: Garganacl|Salt Cure|p1a: normandy
|-resisted|p1a: normandy
|-damage|p1a: normandy|41/100
|move|p1a: normandy|Recover|p1a: normandy
|-heal|p1a: normandy|91/100
|
|-heal|p2a: Garganacl|99/100|[from] item: Leftovers
|-damage|p1a: normandy|79/100|[from] Salt Cure
|turn|58
|
|move|p2a: Garganacl|Stealth Rock||[still]
|-fail|p2a: Garganacl
|move|p1a: normandy|Spikes|p2a: Garganacl
|-sidestart|p2: p2|Spikes
|
|-heal|p2a: Garganacl|100/100|[from] item: Leftovers
|-damage|p1a: normandy|67/100|[from] Salt Cure
|turn|59
|
|switch|p1a: bombshell|Blissey, F|100/100
|move|p2a: Garganacl|Salt Cure|p1a: bombshell
|-damage|p1a: bombshell|88/100
|-start|p1a: bombshell|move: Salt Cure|[of] p2a: Garganacl
|
|-damage|p1a: bombshell|76/100|[from] Salt Cure
|turn|60
|
|switch|p1a: reaper|Alomomola, F, shiny, tera:Fairy|57/100
|-damage|p1a: reaper|45/100|[from] Stealth Rock
|-damage|p1a: reaper|20/100|[from] Spikes
|move|p2a: Garganacl|Salt Cure|p1a: reaper
|-damage|p1a: reaper|13/100
|-start|p1a: reaper|move: Salt Cure|[of] p2a: Garganacl
|
|-damage|p1a: reaper|1/100|[from] Salt Cure
|turn|61
|
|move|p1a: reaper|Wish|p1a: reaper
|move|p2a: Garganacl|Salt Cure|p1a: reaper
|-damage|p1a: reaper|0 fnt
|faint|p1a: reaper
|
|
|switch|p1a: goldfinger|Gholdengo, shiny|76/100
|turn|62
|
|switch|p2a: Toxapex|Toxapex, F|74/100
|-damage|p2a: Toxapex|61/100|[from] Stealth Rock
|-damage|p2a: Toxapex|36/100|[from] Spikes
|move|p1a: goldfinger|Make It Rain|p2a: Toxapex
|-resisted|p2a: Toxapex
|-damage|p2a: Toxapex|20/100
|-unboost|p1a: goldfinger|spa|1
|
|-heal|p1a: goldfinger|100/100|[from] move: Wish|[wisher] reaper
|-heal|p2a: Toxapex|26/100|[from] item: Black Sludge
|turn|63
|
|move|p1a: goldfinger|Nasty Plot|p1a: goldfinger
|-boost|p1a: goldfinger|spa|2
|move|p2a: Toxapex|Recover|p2a: Toxapex
|-heal|p2a: Toxapex|76/100
|
|-heal|p2a: Toxapex|83/100|[from] item: Black Sludge
|turn|64
|
|move|p1a: goldfinger|Shadow Ball|p2a: Toxapex
|-damage|p2a: Toxapex|50/100
|move|p2a: Toxapex|Haze|p2a: Toxapex
|-clearallboost
|
|-heal|p2a: Toxapex|56/100|[from] item: Black Sludge
|turn|65
|
|move|p1a: goldfinger|Nasty Plot|p1a: goldfinger
|-boost|p1a: goldfinger|spa|2
|move|p2a: Toxapex|Recover|p2a: Toxapex
|-heal|p2a: Toxapex|100/100
|
|turn|66
|
|move|p1a: goldfinger|Shadow Ball|p2a: Toxapex
|-damage|p2a: Toxapex|59/100
|move|p2a: Toxapex|Haze|p2a: Toxapex
|-clearallboost
|
|-heal|p2a: Toxapex|65/100|[from] item: Black Sludge
|turn|67
|
|move|p1a: goldfinger|Shadow Ball|p2a: Toxapex
|-damage|p2a: Toxapex|42/100
|move|p2a: Toxapex|Surf|p1a: goldfinger
|-damage|p1a: goldfinger|81/100
|
|-heal|p2a: Toxapex|49/100|[from] item: Black Sludge
|turn|68
|
|move|p1a: goldfinger|Nasty Plot|p1a: goldfinger
|-boost|p1a: goldfinger|spa|2
|move|p2a: Toxapex|Surf|p1a: goldfinger
|-damage|p1a: goldfinger|61/100
|
|-heal|p2a: Toxapex|55/100|[from] item: Black Sludge
|turn|69
|
|move|p1a: goldfinger|Shadow Ball|p2a: Toxapex
|-damage|p2a: Toxapex|6/100
|move|p2a: Toxapex|Recover|p2a: Toxapex
|-heal|p2a: Toxapex|56/100
|
|-heal|p2a: Toxapex|63/100|[from] item: Black Sludge
|turn|70
|
|move|p1a: goldfinger|Shadow Ball|p2a: Toxapex
|-damage|p2a: Toxapex|21/100
|move|p2a: Toxapex|Haze|p2a: Toxapex
|-clearallboost
|
|-heal|p2a: Toxapex|27/100|[from] item: Black Sludge
|turn|71
|
|move|p1a: goldfinger|Nasty Plot|p1a: goldfinger
|-boost|p1a: goldfinger|spa|2
|move|p2a: Toxapex|Recover|p2a: Toxapex
|-heal|p2a: Toxapex|77/100
|
|-heal|p2a: Toxapex|84/100|[from] item: Black Sludge
|turn|72
|
|move|p1a: goldfinger|Shadow Ball|p2a: Toxapex
|-damage|p2a: Toxapex|36/100
|move|p2a: Toxapex|Haze|p2a: Toxapex
|-clearallboost
|
|-heal|p2a: Toxapex|43/100|[from] item: Black Sludge
|turn|73
|
|move|p1a: goldfinger|Nasty Plot|p1a: goldfinger
|-boost|p1a: goldfinger|spa|2
|move|p2a: Toxapex|Surf|p1a: goldfinger
|-damage|p1a: goldfinger|44/100
|
|-heal|p2a: Toxapex|49/100|[from] item: Black Sludge
|turn|74
|
|move|p1a: goldfinger|Recover|p1a: goldfinger
|-heal|p1a: goldfinger|94/100
|move|p2a: Toxapex|Haze|p2a: Toxapex
|-clearallboost
|
|-heal|p2a: Toxapex|55/100|[from] item: Black Sludge
|turn|75
|
|move|p1a: goldfinger|Nasty Plot|p1a: goldfinger
|-boost|p1a: goldfinger|spa|2
|move|p2a: Toxapex|Surf|p1a: goldfinger
|-damage|p1a: goldfinger|76/100
|
|-heal|p2a: Toxapex|61/100|[from] item: Black Sludge
|turn|76
|
|move|p1a: goldfinger|Shadow Ball|p2a: Toxapex
|-damage|p2a: Toxapex|19/100
|move|p2a: Toxapex|Recover|p2a: Toxapex
|-heal|p2a: Toxapex|69/100
|
|-heal|p2a: Toxapex|75/100|[from] item: Black Sludge
|turn|77
|
|move|p1a: goldfinger|Shadow Ball|p2a: Toxapex
|-damage|p2a: Toxapex|27/100
|move|p2a: Toxapex|Surf|p1a: goldfinger
|-damage|p1a: goldfinger|58/100
|
|-heal|p2a: Toxapex|33/100|[from] item: Black Sludge
|turn|78
|
|move|p1a: goldfinger|Nasty Plot|p1a: goldfinger
|-boost|p1a: goldfinger|spa|2
|move|p2a: Toxapex|Recover|p2a: Toxapex
|-heal|p2a: Toxapex|83/100
|
|-heal|p2a: Toxapex|89/100|[from] item: Black Sludge
|turn|79
|
|move|p1a: goldfinger|Shadow Ball|p2a: Toxapex
|-damage|p2a: Toxapex|18/100
|move|p2a: Toxapex|Haze|p2a: Toxapex
|-clearallboost
|
|-heal|p2a: Toxapex|24/100|[from] item: Black Sludge
|turn|80
|
|move|p1a: goldfinger|Recover|p1a: goldfinger
|-heal|p1a: goldfinger|100/100
|move|p2a: Toxapex|Surf|p1a: goldfinger
|-damage|p1a: goldfinger|83/100
|
|-heal|p2a: Toxapex|30/100|[from] item: Black Sludge
|turn|81
|
|move|p1a: goldfinger|Nasty Plot|p1a: goldfinger
|-boost|p1a: goldfinger|spa|2
|move|p2a: Toxapex|Surf|p1a: goldfinger
|-damage|p1a: goldfinger|65/100
|
|-heal|p2a: Toxapex|37/100|[from] item: Black Sludge
|turn|82
|
|move|p1a: goldfinger|Shadow Ball|p2a: Toxapex
|-damage|p2a: Toxapex|0 fnt
|faint|p2a: Toxapex
|
|
|switch|p2a: Iron Valiant|Iron Valiant|82/100
|-damage|p2a: Iron Valiant|76/100|[from] Stealth Rock
|-damage|p2a: Iron Valiant|51/100|[from] Spikes
|turn|83
|
|move|p2a: Iron Valiant|Psyshock|p1a: goldfinger
|-resisted|p1a: goldfinger
|-damage|p1a: goldfinger|52/100
|move|p1a: goldfinger|Make It Rain|p2a: Iron Valiant
|-supereffective|p2a: Iron Valiant
|-damage|p2a: Iron Valiant|0 fnt
|-unboost|p1a: goldfinger|spa|1
|faint|p2a: Iron Valiant
|-end|p2a: Iron Valiant|Quark Drive|[silent]
|
|-message|p2 forfeited.
|
|win|p1
||Ladder isn't responding, score probably updated but might not have (Request timeout).
|player|p2|p2|youngster
|player|p2|
