|poke|p1|Kleavor, F|
|poke|p1|Pelipper, F|
|poke|p1|Basculegion, M|
|poke|p1|Iron Treads|
|poke|p1|Rabsca, F|
|poke|p1|Zamazenta-*|
|poke|p2|Urshifu-*, M|
|poke|p2|Gholdengo|
|poke|p2|Chien-Pao|
|poke|p2|Enamorus, F|
|poke|p2|Magearna|
|poke|p2|Great Tusk|
|teampreview
|
|start
|switch|p1a: Pelipper|Pelipper, F|100/100
|switch|p2a: Boa Hancock|Enamorus, F|100/100
|-weather|RainDance|[from] ability: Drizzle|[of] p1a: Pelipper
|turn|1
|
|switch|p1a: Iron Treads|Iron Treads|100/100
|move|p2a: Boa Hancock|Substitute|p2a: Boa Hancock
|-start|p2a: Boa Hancock|Substitute
|-damage|p2a: Boa Hancock|76/100
|
|-weather|RainDance|[upkeep]
|-heal|p2a: Boa Hancock|82/100|[from] item: Leftovers
|turn|2
|
|move|p2a: Boa Hancock|Superpower|p1a: Iron Treads
|-supereffective|p1a: Iron Treads
|-damage|p1a: Iron Treads|33/100
|-boost|p2a: Boa Hancock|atk|1
|-boost|p2a: Boa Hancock|def|1
|move|p1a: Iron Treads|Iron Head|p2a: Boa Hancock
|-supereffective|p2a: Boa Hancock
|-end|p2a: Boa Hancock|Substitute
|
|-weather|RainDance|[upkeep]
|-heal|p2a: Boa Hancock|88/100|[from] item: Leftovers
|turn|3
|
|move|p2a: Boa Hancock|Substitute|p2a: Boa Hancock
|-start|p2a: Boa Hancock|Substitute
|-damage|p2a: Boa Hancock|63/100
|move|p1a: Iron Treads|Iron Head|p2a: Boa Hancock
|-supereffective|p2a: Boa Hancock
|-end|p2a: Boa Hancock|Substitute
|
|-weather|RainDance|[upkeep]
|-heal|p2a: Boa Hancock|69/100|[from] item: Leftovers
|turn|4
|
|-end|p1a: Iron Treads|Quark Drive|[silent]
|switch|p1a: Basculegion|Basculegion, M|100/100
|move|p2a: Boa Hancock|Superpower|p1a: Basculegion
|-immune|p1a: Basculegion
|
|-weather|RainDance|[upkeep]
|-heal|p2a: Boa Hancock|76/100|[from] item: Leftovers
|turn|5
|
|switch|p2a: Ivalera|Magearna|100/100
|-terastallize|p1a: Basculegion|Water
|move|p1a: Basculegion|Wave Crash|p2a: Ivalera
|-damage|p2a: Ivalera|0 fnt
|faint|p2a: Ivalera
|-damage|p1a: Basculegion|69/100|[from] Recoil
|
|-weather|RainDance|[upkeep]
|
|switch|p2a: Master Shifu|Urshifu-Rapid-Strike, M|100/100
|turn|6
|
|-terastallize|p2a: Master Shifu|Water
|move|p1a: Basculegion|Wave Crash|p2a: Master Shifu
|-resisted|p2a: Master Shifu
|-damage|p2a: Master Shifu|14/100
|-damage|p1a: Basculegion|44/100|[from] Recoil
|move|p2a: Master Shifu|Surging Strikes|p1a: Basculegion
|-resisted|p1a: Basculegion
|-crit|p1a: Basculegion
|-damage|p1a: Basculegion|16/100
|-resisted|p1a: Basculegion
|-crit|p1a: Basculegion
|-damage|p1a: Basculegion|0 fnt
|faint|p1a: Basculegion
|-hitcount|p1: Basculegion|2
|
|-weather|RainDance|[upkeep]
|
|switch|p1a: Pelipper|Pelipper, F|100/100
|turn|7
|
|switch|p2a: TracyMinajj|Gholdengo|100/100
|move|p1a: Pelipper|Hurricane|p2a: TracyMinajj
|-resisted|p2a: TracyMinajj
|-damage|p2a: TracyMinajj|80/100
|
|-weather|RainDance|[upkeep]
|turn|8
|
|switch|p1a: Iron Treads|Iron Treads|33/100
|move|p2a: TracyMinajj|Shadow Ball|p1a: Iron Treads
|-damage|p1a: Iron Treads|0 fnt
|faint|p1a: Iron Treads
|-end|p1a: Iron Treads|Quark Drive|[silent]
|
|-weather|none
|
|switch|p1a: Rabsca|Rabsca, F|100/100
|turn|9
|
|move|p2a: TracyMinajj|Shadow Ball|p1a: Rabsca
|-supereffective|p1a: Rabsca
|-damage|p1a: Rabsca|19/100
|move|p1a: Rabsca|Trick Room|p1a: Rabsca
|-fieldstart|move: Trick Room|[of] p1a: Rabsca
|
|turn|10
|
|move|p1a: Rabsca|Revival Blessing|p1a: Rabsca
|
|-heal|p1: Basculegion|50/100|[from] move: Revival Blessing
|move|p2a: TracyMinajj|Shadow Ball|p1a: Rabsca
|-supereffective|p1a: Rabsca
|-damage|p1a: Rabsca|0 fnt
|faint|p1a: Rabsca
|
|
|switch|p1a: Pelipper|Pelipper, F|100/100
|-weather|RainDance|[from] ability: Drizzle|[of] p1a: Pelipper
|turn|11
|
|move|p1a: Pelipper|Hydro Pump|p2a: TracyMinajj
|-damage|p2a: TracyMinajj|14/100
|move|p2a: TracyMinajj|Shadow Ball|p1a: Pelipper
|-damage|p1a: Pelipper|41/100
|-unboost|p1a: Pelipper|spd|1
|
|-weather|RainDance|[upkeep]
|turn|12
|
|switch|p2a: Tuskuthy the Great|Great Tusk|100/100
|move|p1a: Pelipper|Hurricane|p2a: Tuskuthy the Great
|-supereffective|p2a: Tuskuthy the Great
|-damage|p2a: Tuskuthy the Great|21/100
|-start|p2a: Tuskuthy the Great|confusion
|
|-weather|RainDance|[upkeep]
|-heal|p2a: Tuskuthy the Great|27/100|[from] item: Leftovers
|turn|13
|
|move|p1a: Pelipper|Hurricane|p2a: Tuskuthy the Great
|-supereffective|p2a: Tuskuthy the Great
|-damage|p2a: Tuskuthy the Great|0 fnt
|faint|p2a: Tuskuthy the Great
|-end|p2a: Tuskuthy the Great|Protosynthesis|[silent]
|
|-weather|RainDance|[upkeep]
|-fieldend|move: Trick Room
|
|switch|p2a: Master Shifu|Urshifu-Rapid-Strike, M, tera:Water|14/100
|turn|14
|
|move|p2a: Master Shifu|Surging Strikes|p1a: Pelipper
|-resisted|p1a: Pelipper
|-crit|p1a: Pelipper
|-damage|p1a: Pelipper|25/100
|-resisted|p1a: Pelipper
|-crit|p1a: Pelipper
|-damage|p1a: Pelipper|7/100
|-resisted|p1a: Pelipper
|-crit|p1a: Pelipper
|-damage|p1a: Pelipper|0 fnt
|faint|p1a: Pelipper
|-hitcount|p1: Pelipper|3
|
|-weather|RainDance|[upkeep]
|
|switch|p1a: Basculegion|Basculegion, M|50/100
|turn|15
|
|switch|p2a: Boa Hancock|Enamorus, F|76/100
|move|p1a: Basculegion|Wave Crash|p2a: Boa Hancock
|-damage|p2a: Boa Hancock|0 fnt
|faint|p2a: Boa Hancock
|-damage|p1a: Basculegion|31/100|[from] Recoil
|
|-weather|RainDance|[upkeep]
|
|switch|p2a: Mega-Weavile|Chien-Pao|100/100
|-ability|p2a: Mega-Weavile|Sword of Ruin
|turn|16
|
|switch|p1a: Zamazenta|Zamazenta-Crowned|100/100
|-ability|p1a: Zamazenta|Dauntless Shield|boost
|-boost|p1a: Zamazenta|def|1
|move|p2a: Mega-Weavile|Sucker Punch||[still]
|-fail|p2a: Mega-Weavile
|
|-weather|RainDance|[upkeep]
|turn|17
|
|move|p2a: Mega-Weavile|Sacred Sword|p1a: Zamazenta
|-supereffective|p1a: Zamazenta
|-damage|p1a: Zamazenta|62/100
|move|p1a: Zamazenta|Crunch|p2a: Mega-Weavile
|-resisted|p2a: Mega-Weavile
|-damage|p2a: Mega-Weavile|86/100
|-unboost|p2a: Mega-Weavile|def|1
|
|-weather|RainDance|[upkeep]
|turn|18
|
|move|p2a: Mega-Weavile|Sacred Sword|p1a: Zamazenta
|-supereffective|p1a: Zamazenta
|-damage|p1a: Zamazenta|24/100
|move|p1a: Zamazenta|Body Press|p2a: Mega-Weavile
|-supereffective|p2a: Mega-Weavile
|-damage|p2a: Mega-Weavile|0 fnt
|faint|p2a: Mega-Weavile
|
|-weather|none
|
|switch|p2a: TracyMinajj|Gholdengo|14/100
|turn|19
|
|move|p2a: TracyMinajj|Shadow Ball|p1a: Zamazenta
|-damage|p1a: Zamazenta|0 fnt
|faint|p1a: Zamazenta
|
|
|switch|p1a: Basculegion|Basculegion, M|31/100
|turn|20
|
|move|p1a: Basculegion|Aqua Jet|p2a: TracyMinajj
|-damage|p2a: TracyMinajj|0 fnt
|faint|p2a: TracyMinajj
|
|
|switch|p2a: Master Shifu|Urshifu-Rapid-Strike, M, tera:Water|14/100
|turn|21
|
|move|p1a: Basculegion|Aqua Jet|p2a: Master Shifu
|-resisted|p2a: Master Shifu
|-crit|p2a: Master Shifu
|-damage|p2a: Master Shifu|0 fnt
|faint|p2a: Master Shifu
|
|win|p1
