|poke|p1|Glimmora, M|
|poke|p1|Indeedee-F, F|
|poke|p1|Lokix, F|
|poke|p1|Sneasler, M|
|poke|p1|Tyranitar, F|
|poke|p1|Landorus-Therian, M|
|poke|p2|Typhlosion-Hisui, M|
|poke|p2|Dragapult, M|
|poke|p2|Magearna|
|poke|p2|Urshifu-*, M|
|poke|p2|Zapdos|
|poke|p2|Great Tusk|
|teampreview
|
|start
|switch|p1a: GET OUT OF MY LAB|Indeedee-F, F|100/100
|switch|p2a: Urshifu|Urshifu-Rapid-Strike, M|100/100
|-fieldstart|move: Psychic Terrain|[from] ability: Psychic Surge|[of] p1a: GET OUT OF MY LAB
|turn|1
|
|move|p2a: Urshifu|U-turn|p1a: GET OUT OF MY LAB
|-supereffective|p1a: GET OUT OF MY LAB
|-damage|p1a: GET OUT OF MY LAB|38/100
|
|switch|p2a: Magearna|Magearna|100/100|[from] U-turn
|move|p1a: GET OUT OF MY LAB|Reflect|p1a: GET OUT OF MY LAB
|-sidestart|p1: FOLFOXIRI|Reflect
|
|turn|2
|
|move|p1a: GET OUT OF MY LAB|Light Screen|p1a: GET OUT OF MY LAB
|-sidestart|p1: FOLFOXIRI|move: Light Screen
|move|p2a: Magearna|Spikes|p1a: GET OUT OF MY LAB
|-sidestart|p1: FOLFOXIRI|Spikes
|
|turn|3
|
|move|p1a: GET OUT OF MY LAB|Healing Wish|p1a: GET OUT OF MY LAB
|faint|p1a: GET OUT OF MY LAB
|-ability|p2a: Magearna|Soul-Heart|boost
|-boost|p2a: Magearna|spa|1
|move|p2a: Magearna|Spikes|p1: GET OUT OF MY LAB
|-sidestart|p1: FOLFOXIRI|Spikes
|
|
|switch|p1a: REMOVE GENIES|Landorus-Therian, M|100/100
|-ability|p1a: REMOVE GENIES|Intimidate|boost
|-unboost|p2a: Magearna|atk|1
|turn|4
|
|move|p1a: REMOVE GENIES|Earthquake|p2a: Magearna
|-supereffective|p2a: Magearna
|-damage|p2a: Magearna|31/100
|move|p2a: Magearna|Spikes|p1a: REMOVE GENIES
|-sidestart|p1: FOLFOXIRI|Spikes
|
|turn|5
|
|switch|p2a: Zapdos|Zapdos|100/100
|move|p1a: REMOVE GENIES|Stealth Rock|p2a: Zapdos
|-sidestart|p2: Ahahawuq|move: Stealth Rock
|
|-fieldend|move: Psychic Terrain
|turn|6
|
|switch|p1a: creeping crystals|Glimmora, M|100/100
|-damage|p1a: creeping crystals|75/100|[from] Spikes
|move|p2a: Zapdos|Hurricane|p1a: creeping crystals|[miss]
|-miss|p2a: Zapdos|p1a: creeping crystals
|
|turn|7
|
|move|p1a: creeping crystals|Sludge Wave|p2a: Zapdos
|-crit|p2a: Zapdos
|-damage|p2a: Zapdos|23/100
|move|p2a: Zapdos|Volt Switch|p1a: creeping crystals
|-damage|p1a: creeping crystals|56/100
|
|switch|p2a: Urshifu|Urshifu-Rapid-Strike, M|100/100|[from] Volt Switch
|-damage|p2a: Urshifu|94/100|[from] Stealth Rock
|
|turn|8
|
|switch|p1a: sneaslard|Sneasler, M|100/100
|-damage|p1a: sneaslard|75/100|[from] Spikes
|move|p2a: Urshifu|U-turn|p1a: sneaslard
|-resisted|p1a: sneaslard
|-damage|p1a: sneaslard|72/100
|
|switch|p2a: Great Tusk|Great Tusk|100/100|[from] U-turn
|-enditem|p2a: Great Tusk|Booster Energy
|-activate|p2a: Great Tusk|ability: Protosynthesis|[fromitem]
|-start|p2a: Great Tusk|protosynthesisspe
|-damage|p2a: Great Tusk|98/100|[from] Stealth Rock
|
|-heal|p1a: sneaslard|79/100|[from] item: Black Sludge
|-sideend|p1: FOLFOXIRI|Reflect
|turn|9
|
|switch|p1a: REMOVE GENIES|Landorus-Therian, M|100/100
|-ability|p1a: REMOVE GENIES|Intimidate|boost
|-unboost|p2a: Great Tusk|atk|1
|move|p2a: Great Tusk|Rapid Spin|p1a: REMOVE GENIES
|-damage|p1a: REMOVE GENIES|94/100
|-boost|p2a: Great Tusk|spe|1
|-damage|p2a: Great Tusk|81/100|[from] item: Rocky Helmet|[of] p1a: REMOVE GENIES
|-sideend|p2: Ahahawuq|Stealth Rock|[from] move: Rapid Spin|[of] p2a: Great Tusk
|
|-sideend|p1: FOLFOXIRI|move: Light Screen
|turn|10
|
|-terastallize|p1a: REMOVE GENIES|Water
|move|p2a: Great Tusk|Knock Off|p1a: REMOVE GENIES
|-damage|p1a: REMOVE GENIES|81/100
|-damage|p2a: Great Tusk|64/100|[from] item: Rocky Helmet|[of] p1a: REMOVE GENIES
|-enditem|p1a: REMOVE GENIES|Rocky Helmet|[from] move: Knock Off|[of] p2a: Great Tusk
|move|p1a: REMOVE GENIES|Earthquake|p2a: Great Tusk
|-damage|p2a: Great Tusk|37/100
|
|turn|11
|
|move|p2a: Great Tusk|Stealth Rock|p1a: REMOVE GENIES
|-sidestart|p1: FOLFOXIRI|move: Stealth Rock
|move|p1a: REMOVE GENIES|Stealth Rock|p2a: Great Tusk
|-sidestart|p2: Ahahawuq|move: Stealth Rock
|
|turn|12
|
|move|p2a: Great Tusk|Headlong Rush|p1a: REMOVE GENIES
|-damage|p1a: REMOVE GENIES|55/100
|-unboost|p2a: Great Tusk|def|1
|-unboost|p2a: Great Tusk|spd|1
|move|p1a: REMOVE GENIES|Earthquake|p2a: Great Tusk
|-damage|p2a: Great Tusk|0 fnt
|faint|p2a: Great Tusk
|-end|p2a: Great Tusk|Protosynthesis|[silent]
|
|
|switch|p2a: Urshifu|Urshifu-Rapid-Strike, M|94/100
|-damage|p2a: Urshifu|88/100|[from] Stealth Rock
|turn|13
|
|move|p2a: Urshifu|Close Combat|p1a: REMOVE GENIES
|-damage|p1a: REMOVE GENIES|15/100
|-unboost|p2a: Urshifu|def|1
|-unboost|p2a: Urshifu|spd|1
|move|p1a: REMOVE GENIES|Earthquake|p2a: Urshifu
|-damage|p2a: Urshifu|11/100
|
|turn|14
|
|switch|p1a: creeping crystals|Glimmora, M|56/100
|-heal|p1a: creeping crystals|100/100|[from] move: Healing Wish
|-damage|p1a: creeping crystals|75/100|[from] Spikes
|-damage|p1a: creeping crystals|63/100|[from] Stealth Rock
|move|p2a: Urshifu|Close Combat|p1a: creeping crystals
|-damage|p1a: creeping crystals|0 fnt
|-unboost|p2a: Urshifu|def|1
|-unboost|p2a: Urshifu|spd|1
|-activate|p1a: creeping crystals|ability: Toxic Debris
|-sidestart|p2: Ahahawuq|move: Toxic Spikes
|faint|p1a: creeping crystals
|
|
|switch|p1a: sneaslard|Sneasler, M|79/100
|-damage|p1a: sneaslard|54/100|[from] Spikes
|-damage|p1a: sneaslard|47/100|[from] Stealth Rock
|turn|15
|
|move|p2a: Urshifu|Close Combat|p1a: sneaslard
|-resisted|p1a: sneaslard
|-damage|p1a: sneaslard|16/100
|-unboost|p2a: Urshifu|def|1
|-unboost|p2a: Urshifu|spd|1
|move|p1a: sneaslard|Dire Claw|p2a: Urshifu
|-damage|p2a: Urshifu|0 fnt
|faint|p2a: Urshifu
|
|-heal|p1a: sneaslard|22/100|[from] item: Black Sludge
|
|switch|p2a: Dragapult|Dragapult, M|100/100
|-damage|p2a: Dragapult|88/100|[from] Stealth Rock
|-status|p2a: Dragapult|psn
|turn|16
|
|move|p2a: Dragapult|Dragon Darts|p1a: sneaslard
|-damage|p1a: sneaslard|0 fnt
|faint|p1a: sneaslard
|
|-heal|p2a: Dragapult|94/100 psn|[from] item: Leftovers
|-damage|p2a: Dragapult|82/100 psn|[from] psn
|
|switch|p1a: gaymen rider|Lokix, F|100/100
|-damage|p1a: gaymen rider|76/100|[from] Spikes
|-damage|p1a: gaymen rider|51/100|[from] Stealth Rock
|turn|17
|
|switch|p2a: Zapdos|Zapdos|23/100
|switch|p1a: ass blaster|Tyranitar, F|100/100
|-damage|p1a: ass blaster|76/100|[from] Spikes
|-damage|p1a: ass blaster|63/100|[from] Stealth Rock
|-weather|Sandstorm|[from] ability: Sand Stream|[of] p1a: ass blaster
|
|-weather|Sandstorm|[upkeep]
|-damage|p2a: Zapdos|17/100|[from] Sandstorm
|turn|18
|
|move|p2a: Zapdos|Roost|p2a: Zapdos
|-heal|p2a: Zapdos|67/100
|-singleturn|p2a: Zapdos|move: Roost
|move|p1a: ass blaster|Dragon Dance|p1a: ass blaster
|-boost|p1a: ass blaster|atk|1
|-boost|p1a: ass blaster|spe|1
|
|-weather|Sandstorm|[upkeep]
|-damage|p2a: Zapdos|61/100|[from] Sandstorm
|turn|19
|
|move|p1a: ass blaster|Dragon Dance|p1a: ass blaster
|-boost|p1a: ass blaster|atk|1
|-boost|p1a: ass blaster|spe|1
|move|p2a: Zapdos|Hurricane|p1a: ass blaster
|-resisted|p1a: ass blaster
|-damage|p1a: ass blaster|49/100
|
|-weather|Sandstorm|[upkeep]
|-damage|p2a: Zapdos|55/100|[from] Sandstorm
|turn|20
|
|move|p1a: ass blaster|Rock Blast|p2a: Zapdos
|-supereffective|p2a: Zapdos
|-damage|p2a: Zapdos|17/100
|-supereffective|p2a: Zapdos
|-damage|p2a: Zapdos|0 fnt
|faint|p2a: Zapdos
|-hitcount|p2: Zapdos|2
|
|-weather|Sandstorm|[upkeep]
|
|switch|p2a: Magearna|Magearna|31/100
|turn|21
|
|move|p1a: ass blaster|Earthquake|p2a: Magearna
|-supereffective|p2a: Magearna
|-damage|p2a: Magearna|0 fnt
|faint|p2a: Magearna
|
|-weather|none
|
|switch|p2a: Dragapult|Dragapult, M|82/100 psn
|-damage|p2a: Dragapult|70/100 psn|[from] Stealth Rock
|turn|22
|
|move|p1a: ass blaster|Earthquake|p2a: Dragapult
|-damage|p2a: Dragapult|0 fnt
|faint|p2a: Dragapult
|
|
|switch|p2a: Typhlosion|Typhlosion-Hisui, M|100/100
|-damage|p2a: Typhlosion|76/100|[from] Stealth Rock
|-status|p2a: Typhlosion|psn
|turn|23
|
|move|p1a: ass blaster|Earthquake|p2a: Typhlosion
|-supereffective|p2a: Typhlosion
|-damage|p2a: Typhlosion|0 fnt
|faint|p2a: Typhlosion
|
|win|FOLFOXIRI
