|poke|p1|Ursaluna, F|
|poke|p1|Iron Valiant|
|poke|p1|Goodra-Hisui, M|
|poke|p1|Lilligant-Hisui, F|
|poke|p1|Sneasler, F|
|poke|p1|Samurott-Hisui, F|
|poke|p2|Dragapult, M|
|poke|p2|Arcanine-Hisui, M|
|poke|p2|Scizor, F|
|poke|p2|Dragonite, M|
|poke|p2|Roaring Moon|
|poke|p2|Walking Wake|
|teampreview
|
|start
|switch|p1a: Samurott|Samurott-Hisui, F|100/100
|switch|p2a: Dragapult|Dragapult, M, shiny|100/100
|turn|1
|
|move|p2a: Dragapult|Reflect|p2a: Dragapult
|-sidestart|p2: Lurlsxd|Reflect
|move|p1a: Samurott|Ceaseless Edge|p2a: Dragapult
|-supereffective|p2a: Dragapult
|-damage|p2a: Dragapult|59/100
|-sidestart|p2: Lurlsxd|Spikes
|
|turn|2
|
|move|p2a: Dragapult|Light Screen|p2a: Dragapult
|-sidestart|p2: Lurlsxd|move: Light Screen
|move|p1a: Samurott|Ceaseless Edge|p2a: Dragapult
|-supereffective|p2a: Dragapult
|-damage|p2a: Dragapult|17/100
|-sidestart|p2: Lurlsxd|Spikes
|-start|p1a: Samurott|Disable|Ceaseless Edge|[from] ability: Cursed Body|[of] p2a: Dragapult
|
|turn|3
|
|move|p2a: Dragapult|Will-O-Wisp|p1a: Samurott
|-status|p1a: Samurott|brn
|move|p1a: Samurott|Razor Shell|p2a: Dragapult
|-resisted|p2a: Dragapult
|-damage|p2a: Dragapult|11/100
|-unboost|p2a: Dragapult|def|1
|
|-damage|p1a: Samurott|94/100 brn|[from] brn
|turn|4
|
|move|p2a: Dragapult|Curse|p1a: Samurott
|-start|p1a: Samurott|Curse|[of] p2a: Dragapult
|-damage|p2a: Dragapult|0 fnt
|faint|p2a: Dragapult
|move|p1a: Samurott|Razor Shell|p2: Dragapult|[notarget]
|-fail|p1a: Samurott
|
|-heal|p1a: Samurott|100/100 brn|[from] item: Leftovers
|-damage|p1a: Samurott|94/100 brn|[from] brn
|-damage|p1a: Samurott|69/100 brn|[from] Curse
|
|switch|p2a: him|Dragonite, M, shiny|100/100
|turn|5
|
|move|p2a: him|Dragon Dance|p2a: him
|-boost|p2a: him|atk|1
|-boost|p2a: him|spe|1
|move|p1a: Samurott|Rest|p1a: Samurott
|-status|p1a: Samurott|slp|[from] move: Rest
|-heal|p1a: Samurott|100/100 slp|[silent]
|
|-damage|p1a: Samurott|75/100 slp|[from] Curse
|-end|p1a: Samurott|Disable
|turn|6
|
|move|p2a: him|Dragon Dance|p2a: him
|-boost|p2a: him|atk|1
|-boost|p2a: him|spe|1
|cant|p1a: Samurott|slp
|move|p1a: Samurott|Sleep Talk|p1a: Samurott
|move|p1a: Samurott|Razor Shell|p2a: him|[from]move: Sleep Talk
|-resisted|p2a: him
|-damage|p2a: him|95/100
|
|-heal|p1a: Samurott|82/100 slp|[from] item: Leftovers
|-damage|p1a: Samurott|57/100 slp|[from] Curse
|turn|7
|
|move|p2a: him|Dragon Dance|p2a: him
|-boost|p2a: him|atk|1
|-boost|p2a: him|spe|1
|cant|p1a: Samurott|slp
|move|p1a: Samurott|Sleep Talk|p1a: Samurott
|move|p1a: Samurott|Razor Shell|p2a: him|[from]move: Sleep Talk
|-resisted|p2a: him
|-damage|p2a: him|85/100
|-unboost|p2a: him|def|1
|
|-heal|p1a: Samurott|63/100 slp|[from] item: Leftovers
|-damage|p1a: Samurott|38/100 slp|[from] Curse
|turn|8
|
|move|p2a: him|Roost|p2a: him
|-heal|p2a: him|100/100
|-singleturn|p2a: him|move: Roost
|-curestatus|p1a: Samurott|slp|[msg]
|move|p1a: Samurott|Ceaseless Edge|p2a: him
|-damage|p2a: him|86/100
|-sidestart|p2: Lurlsxd|Spikes
|
|-heal|p1a: Samurott|44/100|[from] item: Leftovers
|-damage|p1a: Samurott|19/100|[from] Curse
|-sideend|p2: Lurlsxd|Reflect
|turn|9
|
|move|p2a: him|Extreme Speed|p1a: Samurott
|-damage|p1a: Samurott|0 fnt
|faint|p1a: Samurott
|
|-sideend|p2: Lurlsxd|move: Light Screen
|
|switch|p1a: Iron Valiant|Iron Valiant|100/100
|-enditem|p1a: Iron Valiant|Booster Energy
|-activate|p1a: Iron Valiant|ability: Quark Drive|[fromitem]
|-start|p1a: Iron Valiant|quarkdrivespe
|turn|10
|
|-terastallize|p2a: him|Normal
|-terastallize|p1a: Iron Valiant|Ghost
|move|p2a: him|Earthquake|p1a: Iron Valiant
|-damage|p1a: Iron Valiant|0 fnt
|faint|p1a: Iron Valiant
|-end|p1a: Iron Valiant|Quark Drive|[silent]
|
|
|switch|p1a: Lilligant|Lilligant-Hisui, F|100/100
|turn|11
|
|move|p2a: him|Extreme Speed|p1a: Lilligant
|-damage|p1a: Lilligant|0 fnt
|faint|p1a: Lilligant
|
|
|switch|p1a: Sneasler|Sneasler, F|100/100
|turn|12
|
|move|p2a: him|Earthquake|p1a: Sneasler
|-supereffective|p1a: Sneasler
|-damage|p1a: Sneasler|0 fnt
|faint|p1a: Sneasler
|
|-message|JayTheBlaze87 forfeited.
|
|win|Lurlsxd
