# advantage = p1
|poke|p1|Dragapult, F|
|poke|p1|Ursaluna, F|
|poke|p1|Zamazenta-*|
|poke|p1|Magearna|
|poke|p1|Volcarona, F|
|poke|p1|Sneasler, F|
|poke|p2|Chien-Pao|
|poke|p2|Sneasler, M|
|poke|p2|Garchomp, F|
|poke|p2|Ditto|
|poke|p2|Gholdengo|
|poke|p2|Dragapult, F|
|teampreview
|
|start
|switch|p1a: Dragapult|Dragapult, F|100/100
|switch|p2a: OnGholdengo|Gholdengo|100/100
|turn|1
|
|switch|p1a: Ursaluna|Ursaluna, F|100/100
|move|p2a: OnGholdengo|Nasty Plot|p2a: OnGholdengo
|-boost|p2a: OnGholdengo|spa|2
|
|-status|p1a: Ursaluna|brn|[from] item: Flame Orb
|turn|2
|
|switch|p1a: Volcarona|Volcarona, F|100/100
|move|p2a: OnGholdengo|Make It Rain|p1a: Volcarona
|-resisted|p1a: Volcarona
|-damage|p1a: Volcarona|44/100
|-unboost|p2a: OnGholdengo|spa|1
|
|turn|3
|
|switch|p2a: Cynthia|Garchomp, F, shiny|100/100
|move|p1a: Volcarona|Flamethrower|p2a: Cynthia
|-resisted|p2a: Cynthia
|-damage|p2a: Cynthia|71/100
|
|turn|4
|
|move|p2a: Cynthia|Earthquake|p1a: Volcarona
|-damage|p1a: Volcarona|0 fnt
|faint|p1a: Volcarona
|-damage|p2a: Cynthia|61/100|[from] item: Life Orb
|
|
|switch|p1a: Dragapult|Dragapult, F|100/100
|turn|5
|
|move|p1a: Dragapult|Light Screen|p1a: Dragapult
|-sidestart|p1: p1|move: Light Screen
|move|p2a: Cynthia|Earthquake|p1a: Dragapult
|-damage|p1a: Dragapult|33/100
|-damage|p2a: Cynthia|51/100|[from] item: Life Orb
|
|turn|6
|
|move|p1a: Dragapult|Reflect|p1a: Dragapult
|-sidestart|p1: p1|Reflect
|move|p2a: Cynthia|Spikes|p1a: Dragapult
|-sidestart|p1: p1|Spikes
|
|turn|7
|
|switch|p1a: Sneasler|Sneasler, F|100/100
|-item|p1a: Sneasler|Air Balloon
|move|p2a: Cynthia|Spikes|p1a: Sneasler
|-sidestart|p1: p1|Spikes
|
|turn|8
|
|move|p1a: Sneasler|Swords Dance|p1a: Sneasler
|-boost|p1a: Sneasler|atk|2
|move|p2a: Cynthia|Spikes|p1a: Sneasler
|-sidestart|p1: p1|Spikes
|
|turn|9
|
|switch|p2a: OnGholdengo|Gholdengo|100/100
|move|p1a: Sneasler|Close Combat|p2a: OnGholdengo
|-immune|p2a: OnGholdengo
|
|turn|10
|
|move|p1a: Sneasler|Acrobatics|p2a: OnGholdengo
|-resisted|p2a: OnGholdengo
|-damage|p2a: OnGholdengo|83/100
|move|p2a: OnGholdengo|Nasty Plot|p2a: OnGholdengo
|-boost|p2a: OnGholdengo|spa|2
|
|turn|11
|
|move|p1a: Sneasler|Swords Dance|p1a: Sneasler
|-boost|p1a: Sneasler|atk|2
|move|p2a: OnGholdengo|Nasty Plot|p2a: OnGholdengo
|-boost|p2a: OnGholdengo|spa|2
|
|turn|12
|
|move|p1a: Sneasler|Acrobatics|p2a: OnGholdengo
|-resisted|p2a: OnGholdengo
|-damage|p2a: OnGholdengo|54/100
|move|p2a: OnGholdengo|Nasty Plot|p2a: OnGholdengo
|-boost|p2a: OnGholdengo|spa|2
|
|-sideend|p1: p1|move: Light Screen
|turn|13
|
|move|p1a: Sneasler|Acrobatics|p2a: OnGholdengo
|-resisted|p2a: OnGholdengo
|-damage|p2a: OnGholdengo|25/100
|move|p2a: OnGholdengo|Recover|p2a: OnGholdengo
|-heal|p2a: OnGholdengo|75/100
|
|-sideend|p1: p1|Reflect
|turn|14
|
|move|p1a: Sneasler|Acrobatics|p2a: OnGholdengo
|-resisted|p2a: OnGholdengo
|-damage|p2a: OnGholdengo|49/100
|move|p2a: OnGholdengo|Recover|p2a: OnGholdengo
|-heal|p2a: OnGholdengo|99/100
|
|turn|15
|
|move|p1a: Sneasler|Acrobatics|p2a: OnGholdengo
|-resisted|p2a: OnGholdengo
|-damage|p2a: OnGholdengo|70/100
|move|p2a: OnGholdengo|Shadow Ball|p1a: Sneasler
|-damage|p1a: Sneasler|0 fnt
|-enditem|p1a: Sneasler|Air Balloon
|faint|p1a: Sneasler
|
|
|switch|p1a: Dragapult|Dragapult, F|33/100
|-damage|p1a: Dragapult|8/100|[from] Spikes
|turn|16
|
|move|p1a: Dragapult|Curse|p2a: OnGholdengo
|-immune|p2a: OnGholdengo|[from] ability: Good as Gold
|move|p2a: OnGholdengo|Recover|p2a: OnGholdengo
|-heal|p2a: OnGholdengo|100/100
|
|turn|17
|
|move|p1a: Dragapult|Light Screen|p1a: Dragapult
|-sidestart|p1: p1|move: Light Screen
|move|p2a: OnGholdengo|Shadow Ball|p1a: Dragapult
|-supereffective|p1a: Dragapult
|-damage|p1a: Dragapult|0 fnt
|faint|p1a: Dragapult
|
|
|switch|p1a: Zamazenta|Zamazenta|100/100
|-damage|p1a: Zamazenta|75/100|[from] Spikes
|-ability|p1a: Zamazenta|Dauntless Shield|boost
|-boost|p1a: Zamazenta|def|1
|turn|18
|
|move|p1a: Zamazenta|Crunch|p2a: OnGholdengo
|-supereffective|p2a: OnGholdengo
|-damage|p2a: OnGholdengo|58/100
|move|p2a: OnGholdengo|Shadow Ball|p1a: Zamazenta
|-damage|p1a: Zamazenta|20/100
|
|-heal|p1a: Zamazenta|27/100|[from] item: Leftovers
|turn|19
|
|move|p1a: Zamazenta|Crunch|p2a: OnGholdengo
|-supereffective|p2a: OnGholdengo
|-damage|p2a: OnGholdengo|15/100
|move|p2a: OnGholdengo|Shadow Ball|p1a: Zamazenta
|-damage|p1a: Zamazenta|0 fnt
|faint|p1a: Zamazenta
|
|
|switch|p1a: Ursaluna|Ursaluna, F|100/100 brn
|-damage|p1a: Ursaluna|76/100 brn|[from] Spikes
|turn|20
|
|-terastallize|p1a: Ursaluna|Water
|move|p2a: OnGholdengo|Make It Rain|p1a: Ursaluna
|-resisted|p1a: Ursaluna
|-damage|p1a: Ursaluna|20/100 brn
|-unboost|p2a: OnGholdengo|spa|1
|move|p1a: Ursaluna|Fire Punch|p2a: OnGholdengo
|-supereffective|p2a: OnGholdengo
|-damage|p2a: OnGholdengo|0 fnt
|faint|p2a: OnGholdengo
|
|-damage|p1a: Ursaluna|14/100 brn|[from] brn
|
|switch|p2a: Cynthia|Garchomp, F, shiny|51/100
|turn|21
|
|move|p2a: Cynthia|Earthquake|p1a: Ursaluna
|-damage|p1a: Ursaluna|0 fnt
|faint|p1a: Ursaluna
|-damage|p2a: Cynthia|42/100|[from] item: Life Orb
|
|-message|p1 forfeited.
|
|win|p2
