|poke|p1|Samurott-Hisui, F|
|poke|p1|Gholdengo|
|poke|p1|Landorus-Therian, M|
|poke|p1|Dragapult, M|
|poke|p1|Magearna|
|poke|p1|Sneasler, F|
|poke|p2|Volcanion|
|poke|p2|Greninja, F|
|poke|p2|Lilligant-Hisui, F|
|poke|p2|Overqwil, M|
|poke|p2|Enamorus, F|
|poke|p2|Goodra-Hisui, F|
|teampreview
|
|start
|switch|p1a: Sneasler|Sneasler, F|100/100
|switch|p2a: Overqwil|Overqwil, M|100/100
|-ability|p2a: Overqwil|Intimidate|boost
|-unboost|p1a: Sneasler|atk|1
|turn|1
|
|move|p1a: Sneasler|U-turn|p2a: Overqwil
|-damage|p2a: Overqwil|88/100
|
|switch|p1a: Landorus|Landorus-Therian, M|100/100|[from] U-turn
|-ability|p1a: Landorus|Intimidate|boost
|-unboost|p2a: Overqwil|atk|1
|move|p2a: Overqwil|Toxic Spikes|p1a: Landorus
|-sidestart|p1: p1|move: Toxic Spikes
|
|-heal|p2a: Overqwil|94/100|[from] item: Black Sludge
|turn|2
|
|switch|p2a: Enamorus|Enamorus, F|100/100
|move|p1a: Landorus|Stealth Rock|p2a: Enamorus
|-sidestart|p2: p2|move: Stealth Rock
|
|turn|3
|
|move|p2a: Enamorus|Superpower|p1a: Landorus
|-resisted|p1a: Landorus
|-damage|p1a: Landorus|77/100
|-boost|p2a: Enamorus|atk|1
|-boost|p2a: Enamorus|def|1
|-damage|p2a: Enamorus|84/100|[from] item: Rocky Helmet|[of] p1a: Landorus
|-damage|p2a: Enamorus|74/100|[from] item: Life Orb
|move|p1a: Landorus|Stone Edge|p2a: Enamorus|[miss]
|-miss|p1a: Landorus|p2a: Enamorus
|
|turn|4
|
|move|p2a: Enamorus|Superpower|p1a: Landorus
|-resisted|p1a: Landorus
|-damage|p1a: Landorus|39/100
|-boost|p2a: Enamorus|atk|1
|-boost|p2a: Enamorus|def|1
|-damage|p2a: Enamorus|58/100|[from] item: Rocky Helmet|[of] p1a: Landorus
|-damage|p2a: Enamorus|48/100|[from] item: Life Orb
|move|p1a: Landorus|U-turn|p2a: Enamorus
|-resisted|p2a: Enamorus
|-damage|p2a: Enamorus|43/100
|
|switch|p1a: Dragapult|Dragapult, M|100/100|[from] U-turn
|
|turn|5
|
|switch|p2a: Goodra|Goodra-Hisui, F|100/100
|-damage|p2a: Goodra|94/100|[from] Stealth Rock
|move|p1a: Dragapult|Will-O-Wisp|p2a: Goodra
|-status|p2a: Goodra|brn
|
|-damage|p2a: Goodra|88/100 brn|[from] brn
|turn|6
|
|move|p1a: Dragapult|Hex|p2a: Goodra
|-damage|p2a: Goodra|68/100 brn
|move|p2a: Goodra|Fire Blast|p1a: Dragapult|[miss]
|-miss|p2a: Goodra|p1a: Dragapult
|
|-damage|p2a: Goodra|62/100 brn|[from] brn
|turn|7
|
|move|p1a: Dragapult|Dragon Darts|p2a: Goodra
|-damage|p2a: Goodra|39/100 brn
|-anim|p1a: Dragapult|Dragon Darts|p2a: Goodra
|-damage|p2a: Goodra|16/100 brn
|move|p2a: Goodra|Draco Meteor|p1a: Dragapult
|-supereffective|p1a: Dragapult
|-damage|p1a: Dragapult|0 fnt
|-unboost|p2a: Goodra|spa|2
|faint|p1a: Dragapult
|
|-damage|p2a: Goodra|10/100 brn|[from] brn
|
|switch|p1a: Sneasler|Sneasler, F|100/100
|-sideend|p1: p1|move: Toxic Spikes|[of] p1a: Sneasler
|turn|8
|
|move|p1a: Sneasler|Close Combat|p2a: Goodra
|-supereffective|p2a: Goodra
|-damage|p2a: Goodra|0 fnt
|-unboost|p1a: Sneasler|def|1
|-unboost|p1a: Sneasler|spd|1
|-ability|p2a: Goodra|Gooey
|-unboost|p1a: Sneasler|spe|1
|faint|p2a: Goodra
|
|
|switch|p2a: Greninja|Greninja, F|100/100
|-damage|p2a: Greninja|88/100|[from] Stealth Rock
|turn|9
|
|move|p2a: Greninja|Liquidation|p1a: Sneasler
|-start|p2a: Greninja|typechange|Water|[from] ability: Protean
|-damage|p1a: Sneasler|0 fnt
|faint|p1a: Sneasler
|
|
|switch|p1a: Samurott|Samurott-Hisui, F|100/100
|turn|10
|
|switch|p2a: Overqwil|Overqwil, M|94/100
|-damage|p2a: Overqwil|82/100|[from] Stealth Rock
|-ability|p2a: Overqwil|Intimidate|boost
|-unboost|p1a: Samurott|atk|1
|move|p1a: Samurott|Ceaseless Edge|p2a: Overqwil
|-resisted|p2a: Overqwil
|-damage|p2a: Overqwil|71/100
|-sidestart|p2: p2|Spikes
|
|-heal|p2a: Overqwil|78/100|[from] item: Black Sludge
|turn|11
|
|switch|p1a: Landorus|Landorus-Therian, M|39/100
|-ability|p1a: Landorus|Intimidate|boost
|-unboost|p2a: Overqwil|atk|1
|move|p2a: Overqwil|Barb Barrage|p1a: Landorus
|-resisted|p1a: Landorus
|-damage|p1a: Landorus|30/100
|-status|p1a: Landorus|psn
|
|-heal|p2a: Overqwil|84/100|[from] item: Black Sludge
|-damage|p1a: Landorus|18/100 psn|[from] psn
|turn|12
|
|switch|p2a: Enamorus|Enamorus, F|43/100
|-damage|p2a: Enamorus|18/100|[from] Stealth Rock
|move|p1a: Landorus|U-turn|p2a: Enamorus
|-resisted|p2a: Enamorus
|-damage|p2a: Enamorus|5/100
|
|switch|p1a: Samurott|Samurott-Hisui, F|100/100|[from] U-turn
|
|turn|13
|
|move|p1a: Samurott|Sucker Punch|p2a: Enamorus
|-resisted|p2a: Enamorus
|-damage|p2a: Enamorus|0 fnt
|faint|p2a: Enamorus
|
|
|switch|p2a: Lilligant|Lilligant-Hisui, F|100/100
|-damage|p2a: Lilligant|94/100|[from] Stealth Rock
|-damage|p2a: Lilligant|82/100|[from] Spikes
|turn|14
|
|-terastallize|p1a: Samurott|Fire
|move|p2a: Lilligant|Victory Dance|p2a: Lilligant
|-boost|p2a: Lilligant|atk|1
|-boost|p2a: Lilligant|def|1
|-boost|p2a: Lilligant|spe|1
|move|p1a: Samurott|Ceaseless Edge|p2a: Lilligant
|-resisted|p2a: Lilligant
|-damage|p2a: Lilligant|61/100
|-sidestart|p2: p2|Spikes
|
|turn|15
|
|move|p2a: Lilligant|Axe Kick|p1a: Samurott|[miss]
|-miss|p2a: Lilligant|p1a: Samurott
|-damage|p2a: Lilligant|11/100|[from] highjumpkick
|move|p1a: Samurott|Sacred Sword|p2a: Lilligant
|-damage|p2a: Lilligant|0 fnt
|faint|p2a: Lilligant
|
|
|switch|p2a: Greninja|Greninja, F|88/100
|-damage|p2a: Greninja|76/100|[from] Stealth Rock
|-damage|p2a: Greninja|60/100|[from] Spikes
|turn|16
|
|move|p2a: Greninja|Liquidation|p1a: Samurott
|-start|p2a: Greninja|typechange|Water|[from] ability: Protean
|-supereffective|p1a: Samurott
|-damage|p1a: Samurott|0 fnt
|faint|p1a: Samurott
|
|
|switch|p1a: Landorus|Landorus-Therian, M|18/100 psn
|-ability|p1a: Landorus|Intimidate|boost
|-unboost|p2a: Greninja|atk|1
|turn|17
|
|move|p2a: Greninja|Liquidation|p1a: Landorus
|-supereffective|p1a: Landorus
|-damage|p1a: Landorus|0 fnt
|-damage|p2a: Greninja|43/100|[from] item: Rocky Helmet|[of] p1a: Landorus
|faint|p1a: Landorus
|
|
|switch|p1a: Magearna|Magearna|100/100
|turn|18
|
|switch|p2a: Overqwil|Overqwil, M|84/100
|-damage|p2a: Overqwil|71/100|[from] Stealth Rock
|-damage|p2a: Overqwil|55/100|[from] Spikes
|-ability|p2a: Overqwil|Intimidate|boost
|-unboost|p1a: Magearna|atk|1
|move|p1a: Magearna|Shift Gear|p1a: Magearna
|-boost|p1a: Magearna|spe|2
|-boost|p1a: Magearna|atk|1
|
|-heal|p2a: Overqwil|61/100|[from] item: Black Sludge
|turn|19
|
|move|p1a: Magearna|Shift Gear|p1a: Magearna
|-boost|p1a: Magearna|spe|2
|-boost|p1a: Magearna|atk|1
|move|p2a: Overqwil|Haze|p2a: Overqwil
|-clearallboost
|
|-heal|p2a: Overqwil|67/100|[from] item: Black Sludge
|turn|20
|
|switch|p2a: Volcanion|Volcanion|100/100
|-damage|p2a: Volcanion|75/100|[from] Stealth Rock
|-damage|p2a: Volcanion|59/100|[from] Spikes
|move|p1a: Magearna|Draining Kiss|p2a: Volcanion
|-resisted|p2a: Volcanion
|-damage|p2a: Volcanion|45/100
|
|-heal|p2a: Volcanion|51/100|[from] item: Leftovers
|turn|21
|
|move|p2a: Volcanion|Flamethrower|p1a: Magearna
|-supereffective|p1a: Magearna
|-damage|p1a: Magearna|16/100
|move|p1a: Magearna|Shift Gear|p1a: Magearna
|-boost|p1a: Magearna|spe|2
|-boost|p1a: Magearna|atk|1
|
|-heal|p1a: Magearna|22/100|[from] item: Leftovers
|-heal|p2a: Volcanion|57/100|[from] item: Leftovers
|turn|22
|
|move|p1a: Magearna|Draining Kiss|p2a: Volcanion
|-resisted|p2a: Volcanion
|-damage|p2a: Volcanion|42/100
|-heal|p1a: Magearna|33/100|[from] drain|[of] p2a: Volcanion
|move|p2a: Volcanion|Flamethrower|p1a: Magearna
|-supereffective|p1a: Magearna
|-damage|p1a: Magearna|0 fnt
|faint|p1a: Magearna
|
|-heal|p2a: Volcanion|48/100|[from] item: Leftovers
|
|switch|p1a: Gholdengo|Gholdengo|100/100
|turn|23
|
|move|p1a: Gholdengo|Make It Rain|p2a: Volcanion
|-resisted|p2a: Volcanion
|-damage|p2a: Volcanion|30/100
|-unboost|p1a: Gholdengo|spa|1
|move|p2a: Volcanion|Flamethrower|p1a: Gholdengo
|-supereffective|p1a: Gholdengo
|-damage|p1a: Gholdengo|5/100
|
|-heal|p2a: Volcanion|36/100|[from] item: Leftovers
|turn|24
|-message|p1 forfeited.
|
|win|p2
