|poke|p1|Sneasler, F|
|poke|p1|Dragapult, M|
|poke|p1|Rotom-Wash|
|poke|p1|Great Tusk|
|poke|p1|Chien-Pao|
|poke|p1|Enamorus, F|
|poke|p2|Pelipper, F|
|poke|p2|Floatzel, F|
|poke|p2|Golduck, F|
|poke|p2|Pawmot, F|
|poke|p2|Toedscruel, F|
|poke|p2|Azumarill, F|
|teampreview
|
|start
|switch|p1a: Rotom|Rotom-Wash|100/100
|switch|p2a: Ghoti carrier|Pelipper, F|100/100
|-weather|RainDance|[from] ability: Drizzle|[of] p2a: Ghoti carrier
|turn|1
|
|switch|p2a: Spaghetti Memory|Toedscruel, F|100/100
|move|p1a: Rotom|Hydro Pump|p2a: Spaghetti Memory
|-damage|p2a: Spaghetti Memory|62/100
|
|-weather|RainDance|[upkeep]
|turn|2
|
|move|p1a: Rotom|Protect|p1a: Rotom
|-singleturn|p1a: Rotom|Protect
|move|p2a: Spaghetti Memory|Knock Off|p1a: Rotom
|-activate|p1a: Rotom|move: Protect
|
|-weather|RainDance|[upkeep]
|turn|3
|
|switch|p1a: Great Tusk|Great Tusk|100/100
|move|p2a: Spaghetti Memory|Knock Off|p1a: Great Tusk
|-resisted|p1a: Great Tusk
|-damage|p1a: Great Tusk|96/100
|-enditem|p1a: Great Tusk|Leftovers|[from] move: Knock Off|[of] p2a: Spaghetti Memory
|
|-weather|RainDance|[upkeep]
|turn|4
|
|switch|p2a: Seaking Duck|Golduck, F|100/100
|move|p1a: Great Tusk|Stealth Rock|p2a: Seaking Duck
|-sidestart|p2: WeirdHamster|move: Stealth Rock
|
|-weather|RainDance|[upkeep]
|turn|5
|
|-terastallize|p1a: Great Tusk|Water
|move|p2a: Seaking Duck|Surf|p1a: Great Tusk
|-resisted|p1a: Great Tusk
|-damage|p1a: Great Tusk|41/100
|-damage|p2a: Seaking Duck|91/100|[from] item: Life Orb
|move|p1a: Great Tusk|Earthquake|p2a: Seaking Duck
|-crit|p2a: Seaking Duck
|-damage|p2a: Seaking Duck|5/100
|
|-weather|RainDance|[upkeep]
|turn|6
|
|-end|p1a: Great Tusk|Protosynthesis|[silent]
|switch|p1a: Rotom|Rotom-Wash|100/100
|move|p2a: Seaking Duck|Surf|p1a: Rotom
|-resisted|p1a: Rotom
|-damage|p1a: Rotom|69/100
|-damage|p2a: Seaking Duck|0 fnt|[from] item: Life Orb
|faint|p2a: Seaking Duck
|
|-weather|RainDance|[upkeep]
|-heal|p1a: Rotom|75/100|[from] item: Leftovers
|
|switch|p2a: Really want eject|Pawmot, F|100/100
|-damage|p2a: Really want eject|94/100|[from] Stealth Rock
|turn|7
|
|move|p2a: Really want eject|Revival Blessing|p2a: Really want eject
|-enditem|p2a: Really want eject|Leppa Berry|[eat]
|-activate|p2a: Really want eject|item: Leppa Berry|Revival Blessing|[consumed]
|
|-heal|p2: Seaking Duck|50/100|[from] move: Revival Blessing
|move|p1a: Rotom|Hydro Pump|p2a: Really want eject
|-damage|p2a: Really want eject|12/100
|
|-weather|RainDance|[upkeep]
|-heal|p1a: Rotom|82/100|[from] item: Leftovers
|turn|8
|
|switch|p1a: Great Tusk|Great Tusk, tera:Water|41/100
|move|p2a: Really want eject|Close Combat|p1a: Great Tusk
|-damage|p1a: Great Tusk|15/100
|-unboost|p2a: Really want eject|def|1
|-unboost|p2a: Really want eject|spd|1
|
|-weather|none
|turn|9
|
|-end|p1a: Great Tusk|Protosynthesis|[silent]
|switch|p1a: Dragapult|Dragapult, M|100/100
|move|p2a: Really want eject|Close Combat|p1a: Dragapult
|-immune|p1a: Dragapult
|
|turn|10
|
|move|p1a: Dragapult|Substitute|p1a: Dragapult
|-start|p1a: Dragapult|Substitute
|-damage|p1a: Dragapult|76/100
|move|p2a: Really want eject|Encore|p1a: Dragapult
|-start|p1a: Dragapult|Encore
|
|-heal|p1a: Dragapult|82/100|[from] item: Leftovers
|turn|11
|
|switch|p2a: The Goat|Azumarill, F|100/100
|-damage|p2a: The Goat|88/100|[from] Stealth Rock
|move|p1a: Dragapult|Substitute|p1a: Dragapult
|-fail|p1a: Dragapult|move: Substitute
|
|-heal|p1a: Dragapult|88/100|[from] item: Leftovers
|turn|12
|
|switch|p1a: Rotom|Rotom-Wash|82/100
|move|p2a: The Goat|Belly Drum|p2a: The Goat
|-damage|p2a: The Goat|38/100
|-setboost|p2a: The Goat|atk|6|[from] move: Belly Drum
|-enditem|p2a: The Goat|Sitrus Berry|[eat]
|-heal|p2a: The Goat|63/100|[from] item: Sitrus Berry
|
|-heal|p1a: Rotom|88/100|[from] item: Leftovers
|turn|13
|
|move|p1a: Rotom|Volt Switch|p2a: The Goat
|-supereffective|p2a: The Goat
|-damage|p2a: The Goat|14/100
|
|switch|p1a: Great Tusk|Great Tusk, tera:Water|15/100|[from] Volt Switch
|move|p2a: The Goat|Play Rough|p1a: Great Tusk|[miss]
|-miss|p2a: The Goat|p1a: Great Tusk
|
|turn|14
|
|move|p2a: The Goat|Aqua Jet|p1a: Great Tusk
|-resisted|p1a: Great Tusk
|-damage|p1a: Great Tusk|0 fnt
|faint|p1a: Great Tusk
|-end|p1a: Great Tusk|Protosynthesis|[silent]
|
|
|switch|p1a: Rotom|Rotom-Wash|88/100
|turn|15
|
|move|p2a: The Goat|Aqua Jet|p1a: Rotom
|-resisted|p1a: Rotom
|-damage|p1a: Rotom|38/100
|move|p1a: Rotom|Volt Switch|p2a: The Goat
|-supereffective|p2a: The Goat
|-damage|p2a: The Goat|0 fnt
|faint|p2a: The Goat
|
|switch|p1a: Enamorus|Enamorus, F|100/100|[from] Volt Switch
|
|
|switch|p2a: Ghoti carrier|Pelipper, F|100/100
|-damage|p2a: Ghoti carrier|76/100|[from] Stealth Rock
|-weather|RainDance|[from] ability: Drizzle|[of] p2a: Ghoti carrier
|turn|16
|
|switch|p2a: Spaghetti Memory|Toedscruel, F|62/100
|-damage|p2a: Spaghetti Memory|56/100|[from] Stealth Rock
|move|p1a: Enamorus|Moonblast|p2a: Spaghetti Memory
|-damage|p2a: Spaghetti Memory|25/100
|
|-weather|RainDance|[upkeep]
|turn|17
|
|move|p1a: Enamorus|Moonblast|p2a: Spaghetti Memory
|-damage|p2a: Spaghetti Memory|0 fnt
|faint|p2a: Spaghetti Memory
|
|-weather|RainDance|[upkeep]
|
|switch|p2a: BandedSkeda|Floatzel, F|100/100
|-damage|p2a: BandedSkeda|88/100|[from] Stealth Rock
|turn|18
|
|-terastallize|p2a: BandedSkeda|Water
|move|p2a: BandedSkeda|Liquidation|p1a: Enamorus
|-damage|p1a: Enamorus|0 fnt
|faint|p1a: Enamorus
|
|-weather|RainDance|[upkeep]
|
|switch|p1a: Dragapult|Dragapult, M|88/100
|turn|19
|
|move|p2a: BandedSkeda|Liquidation|p1a: Dragapult
|-resisted|p1a: Dragapult
|-damage|p1a: Dragapult|0 fnt
|faint|p1a: Dragapult
|
|-weather|RainDance|[upkeep]
|
|switch|p1a: Rotom|Rotom-Wash|38/100
|turn|20
|
|move|p1a: Rotom|Protect|p1a: Rotom
|-singleturn|p1a: Rotom|Protect
|move|p2a: BandedSkeda|Liquidation|p1a: Rotom
|-activate|p1a: Rotom|move: Protect
|
|-weather|RainDance|[upkeep]
|-heal|p1a: Rotom|45/100|[from] item: Leftovers
|turn|21
|
|move|p2a: BandedSkeda|Liquidation|p1a: Rotom
|-resisted|p1a: Rotom
|-damage|p1a: Rotom|0 fnt
|faint|p1a: Rotom
|
|-weather|RainDance|[upkeep]
|
|switch|p1a: Sneasler|Sneasler, F|100/100
|turn|22
|
|move|p2a: BandedSkeda|Liquidation|p1a: Sneasler
|-damage|p1a: Sneasler|0 fnt
|faint|p1a: Sneasler
|
|-weather|RainDance|[upkeep]
|-message|Wildfiree forfeited.
|
|win|WeirdHamster
