|poke|p1|Rotom-Wash|
|poke|p1|Garganacl, F|
|poke|p1|Scream Tail|
|poke|p1|Clodsire, M|
|poke|p1|Skeledirge, F|
|poke|p1|Corviknight, M|
|poke|p2|Baxcalibur, M|
|poke|p2|Hatterene, F|
|poke|p2|Gengar, M|
|poke|p2|Kingambit, F|
|poke|p2|Great Tusk|
|poke|p2|Ceruledge, F|
|teampreview
|j| one eye furry
|j| i am the eminence
|
|start
|switch|p1a: Clodsire|Clodsire, M|100/100
|switch|p2a: Hatterene|Hatterene, F|100/100
|turn|1
|
|switch|p2a: Great Tusk|Great Tusk|100/100
|switch|p1a: Garganacl|Garganacl, F|100/100
|
|turn|2
|j| winona.cc
|
|switch|p1a: Corviknight|Corviknight, M|100/100
|-ability|p1a: Corviknight|Pressure
|move|p2a: Great Tusk|Knock Off|p1a: Corviknight
|-damage|p1a: Corviknight|83/100
|-damage|p2a: Great Tusk|84/100|[from] item: Rocky Helmet|[of] p1a: Corviknight
|-enditem|p1a: Corviknight|Rocky Helmet|[from] move: Knock Off|[of] p2a: Great Tusk
|
|turn|3
|
|move|p2a: Great Tusk|Stealth Rock|p1a: Corviknight
|-sidestart|p1: williamcostiganjr|move: Stealth Rock
|move|p1a: Corviknight|U-turn|p2a: Great Tusk
|-resisted|p2a: Great Tusk
|-damage|p2a: Great Tusk|81/100
|-damage|p1a: Corviknight|67/100|[from] item: Rocky Helmet|[of] p2a: Great Tusk
|
|switch|p1a: Rotom|Rotom-Wash|100/100|[from] U-turn
|-damage|p1a: Rotom|88/100|[from] Stealth Rock
|
|-heal|p1a: Rotom|94/100|[from] item: Leftovers
|turn|4
|
|-end|p2a: Great Tusk|Protosynthesis|[silent]
|switch|p2a: Baxcalibur|Baxcalibur, M|100/100
|move|p1a: Rotom|Substitute|p1a: Rotom
|-start|p1a: Rotom|Substitute
|-damage|p1a: Rotom|69/100
|
|-heal|p1a: Rotom|75/100|[from] item: Leftovers
|turn|5
|
|move|p2a: Baxcalibur|Icicle Crash|p1a: Rotom
|-resisted|p1a: Rotom
|-end|p1a: Rotom|Substitute
|move|p1a: Rotom|Discharge|p2a: Baxcalibur
|-resisted|p2a: Baxcalibur
|-damage|p2a: Baxcalibur|86/100
|-status|p2a: Baxcalibur|par
|
|-heal|p1a: Rotom|81/100|[from] item: Leftovers
|turn|6
|
|switch|p1a: Skeledirge|Skeledirge, F|100/100
|move|p2a: Baxcalibur|Swords Dance|p2a: Baxcalibur
|-boost|p2a: Baxcalibur|atk|2
|
|turn|7
|
|move|p1a: Skeledirge|Hex|p2a: Baxcalibur
|-damage|p2a: Baxcalibur|39/100 par
|cant|p2a: Baxcalibur|par
|
|turn|8
|
|switch|p2a: Great Tusk|Great Tusk|81/100
|move|p1a: Skeledirge|Hex|p2a: Great Tusk
|-damage|p2a: Great Tusk|47/100
|
|turn|9
|
|switch|p1a: Corviknight|Corviknight, M|67/100
|-damage|p1a: Corviknight|55/100|[from] Stealth Rock
|-ability|p1a: Corviknight|Pressure
|move|p2a: Great Tusk|Knock Off|p1a: Corviknight
|-damage|p1a: Corviknight|43/100
|
|turn|10
|
|-end|p2a: Great Tusk|Protosynthesis|[silent]
|switch|p2a: Hatterene|Hatterene, F|100/100
|move|p1a: Corviknight|Roost|p1a: Corviknight
|-heal|p1a: Corviknight|93/100
|-singleturn|p1a: Corviknight|move: Roost
|
|turn|11
|
|move|p1a: Corviknight|U-turn|p2a: Hatterene
|-damage|p2a: Hatterene|87/100
|
|switch|p1a: Garganacl|Garganacl, F|100/100|[from] U-turn
|-damage|p1a: Garganacl|88/100|[from] Stealth Rock
|move|p2a: Hatterene|Nuzzle|p1a: Garganacl
|-damage|p1a: Garganacl|85/100
|
|-heal|p2a: Hatterene|93/100|[from] item: Leftovers
|-heal|p1a: Garganacl|92/100|[from] item: Leftovers
|turn|12
|
|move|p2a: Hatterene|Calm Mind|p2a: Hatterene
|-boost|p2a: Hatterene|spa|1
|-boost|p2a: Hatterene|spd|1
|move|p1a: Garganacl|Salt Cure|p2a: Hatterene
|-damage|p2a: Hatterene|78/100
|-start|p2a: Hatterene|Salt Cure
|
|-heal|p2a: Hatterene|84/100|[from] item: Leftovers
|-heal|p1a: Garganacl|98/100|[from] item: Leftovers
|-damage|p2a: Hatterene|72/100|[from] Salt Cure
|turn|13
|
|move|p2a: Hatterene|Draining Kiss|p1a: Garganacl
|-damage|p1a: Garganacl|71/100
|-heal|p2a: Hatterene|98/100|[from] drain|[of] p1a: Garganacl
|move|p1a: Garganacl|Curse|p1a: Garganacl
|-unboost|p1a: Garganacl|spe|1
|-boost|p1a: Garganacl|atk|1
|-boost|p1a: Garganacl|def|1
|
|-heal|p2a: Hatterene|100/100|[from] item: Leftovers
|-heal|p1a: Garganacl|77/100|[from] item: Leftovers
|-damage|p2a: Hatterene|88/100|[from] Salt Cure
|turn|14
|
|move|p2a: Hatterene|Calm Mind|p2a: Hatterene
|-boost|p2a: Hatterene|spa|1
|-boost|p2a: Hatterene|spd|1
|move|p1a: Garganacl|Recover|p1a: Garganacl
|-heal|p1a: Garganacl|100/100
|
|-heal|p2a: Hatterene|94/100|[from] item: Leftovers
|-damage|p2a: Hatterene|82/100|[from] Salt Cure
|turn|15
|
|switch|p1a: Skeledirge|Skeledirge, F|100/100
|move|p2a: Hatterene|Stored Power|p1a: Skeledirge
|-damage|p1a: Skeledirge|68/100
|
|-heal|p2a: Hatterene|88/100|[from] item: Leftovers
|-damage|p2a: Hatterene|76/100|[from] Salt Cure
|turn|16
|
|move|p1a: Skeledirge|Torch Song|p2a: Hatterene
|-damage|p2a: Hatterene|42/100
|-boost|p1a: Skeledirge|spa|1
|move|p2a: Hatterene|Nuzzle|p1a: Skeledirge
|-damage|p1a: Skeledirge|64/100
|-status|p1a: Skeledirge|par
|
|-heal|p2a: Hatterene|48/100|[from] item: Leftovers
|-damage|p2a: Hatterene|36/100|[from] Salt Cure
|turn|17
|
|switch|p2a: Baxcalibur|Baxcalibur, M|39/100 par
|move|p1a: Skeledirge|Hex|p2a: Baxcalibur
|-damage|p2a: Baxcalibur|0 fnt
|faint|p2a: Baxcalibur
|
|
|switch|p2a: Gengar|Gengar, M, shiny|100/100
|turn|18
|
|switch|p1a: Garganacl|Garganacl, F|100/100
|-damage|p1a: Garganacl|88/100|[from] Stealth Rock
|move|p2a: Gengar|Shadow Ball|p1a: Garganacl
|-damage|p1a: Garganacl|72/100
|
|-heal|p1a: Garganacl|78/100|[from] item: Leftovers
|turn|19
|
|switch|p1a: Clodsire|Clodsire, M|100/100
|move|p2a: Gengar|Focus Blast|p1a: Clodsire
|-resisted|p1a: Clodsire
|-damage|p1a: Clodsire|87/100
|
|turn|20
|
|switch|p2a: Hatterene|Hatterene, F|36/100
|move|p1a: Clodsire|Earthquake|p2a: Hatterene
|-damage|p2a: Hatterene|13/100
|
|-heal|p2a: Hatterene|19/100|[from] item: Leftovers
|turn|21
|
|switch|p1a: Skeledirge|Skeledirge, F|64/100 par
|move|p2a: Hatterene|Draining Kiss|p1a: Skeledirge
|-resisted|p1a: Skeledirge
|-damage|p1a: Skeledirge|56/100 par
|-heal|p2a: Hatterene|27/100|[from] drain|[of] p1a: Skeledirge
|
|-heal|p2a: Hatterene|33/100|[from] item: Leftovers
|turn|22
|
|move|p2a: Hatterene|Draining Kiss|p1a: Skeledirge
|-resisted|p1a: Skeledirge
|-damage|p1a: Skeledirge|47/100 par
|-heal|p2a: Hatterene|42/100|[from] drain|[of] p1a: Skeledirge
|move|p1a: Skeledirge|Hex|p2a: Hatterene
|-supereffective|p2a: Hatterene
|-damage|p2a: Hatterene|0 fnt
|faint|p2a: Hatterene
|
|
|switch|p2a: Kingambit|Kingambit, F|100/100
|-activate|p2a: Kingambit|ability: Supreme Overlord
|-start|p2a: Kingambit|fallen2|[silent]
|turn|23
|
|move|p2a: Kingambit|Kowtow Cleave|p1a: Skeledirge
|-supereffective|p1a: Skeledirge
|-damage|p1a: Skeledirge|0 fnt
|faint|p1a: Skeledirge
|
|
|switch|p1a: Garganacl|Garganacl, F|78/100
|-damage|p1a: Garganacl|66/100|[from] Stealth Rock
|turn|24
|
|-terastallize|p1a: Garganacl|Water
|move|p2a: Kingambit|Swords Dance|p2a: Kingambit
|-boost|p2a: Kingambit|atk|2
|move|p1a: Garganacl|Salt Cure|p2a: Kingambit
|-resisted|p2a: Kingambit
|-damage|p2a: Kingambit|94/100
|-start|p2a: Kingambit|Salt Cure
|
|-heal|p2a: Kingambit|100/100|[from] item: Leftovers
|-heal|p1a: Garganacl|72/100|[from] item: Leftovers
|-damage|p2a: Kingambit|76/100|[from] Salt Cure
|turn|25
|
|switch|p1a: Rotom|Rotom-Wash|81/100
|-damage|p1a: Rotom|69/100|[from] Stealth Rock
|move|p2a: Kingambit|Kowtow Cleave|p1a: Rotom
|-damage|p1a: Rotom|0 fnt
|faint|p1a: Rotom
|
|-heal|p2a: Kingambit|82/100|[from] item: Leftovers
|-damage|p2a: Kingambit|57/100|[from] Salt Cure
|
|switch|p1a: Clodsire|Clodsire, M|87/100
|turn|26
|
|-end|p2a: Kingambit|fallen2|[silent]
|switch|p2a: Great Tusk|Great Tusk|47/100
|move|p1a: Clodsire|Stealth Rock|p2a: Great Tusk
|-sidestart|p2: wrockstah|move: Stealth Rock
|
|turn|27
|
|move|p2a: Great Tusk|Rapid Spin|p1a: Clodsire
|-damage|p1a: Clodsire|76/100
|-boost|p2a: Great Tusk|spe|1
|-sideend|p2: wrockstah|Stealth Rock|[from] move: Rapid Spin|[of] p2a: Great Tusk
|move|p1a: Clodsire|Toxic|p2a: Great Tusk
|-status|p2a: Great Tusk|tox
|
|-damage|p2a: Great Tusk|41/100 tox|[from] psn
|turn|28
|
|-end|p2a: Great Tusk|Protosynthesis|[silent]
|switch|p2a: Ceruledge|Ceruledge, F|100/100
|switch|p1a: Corviknight|Corviknight, M|93/100
|-damage|p1a: Corviknight|81/100|[from] Stealth Rock
|-ability|p1a: Corviknight|Pressure
|
|turn|29
|j| soli935
|
|switch|p1a: Garganacl|Garganacl, F, tera:Water|72/100
|-damage|p1a: Garganacl|60/100|[from] Stealth Rock
|move|p2a: Ceruledge|Swords Dance|p2a: Ceruledge
|-boost|p2a: Ceruledge|atk|2
|
|-heal|p1a: Garganacl|66/100|[from] item: Leftovers
|turn|30
|
|switch|p1a: Scream Tail|Scream Tail|100/100
|-damage|p1a: Scream Tail|88/100|[from] Stealth Rock
|-terastallize|p2a: Ceruledge|Grass
|move|p2a: Ceruledge|Tera Blast|p1a: Scream Tail
|-damage|p1a: Scream Tail|22/100
|
|-heal|p1a: Scream Tail|28/100|[from] item: Leftovers
|turn|31
|
|move|p2a: Ceruledge|Shadow Sneak|p1a: Scream Tail
|-supereffective|p1a: Scream Tail
|-damage|p1a: Scream Tail|0 fnt
|faint|p1a: Scream Tail
|-end|p1a: Scream Tail|Protosynthesis|[silent]
|
|
|switch|p1a: Clodsire|Clodsire, M|76/100
|turn|32
|
|move|p2a: Ceruledge|Bitter Blade|p1a: Clodsire
|-damage|p1a: Clodsire|35/100
|move|p1a: Clodsire|Toxic|p2a: Ceruledge
|-status|p2a: Ceruledge|tox
|
|-damage|p2a: Ceruledge|94/100 tox|[from] psn
|turn|33
|
|move|p2a: Ceruledge|Bitter Blade|p1a: Clodsire
|-damage|p1a: Clodsire|0 fnt
|-heal|p2a: Ceruledge|100/100 tox|[from] drain|[of] p1a: Clodsire
|faint|p1a: Clodsire
|
|-damage|p2a: Ceruledge|88/100 tox|[from] psn
|l| winona.cc
|
|switch|p1a: Garganacl|Garganacl, F, tera:Water|66/100
|-damage|p1a: Garganacl|54/100|[from] Stealth Rock
|turn|34
|
|move|p2a: Ceruledge|Tera Blast|p1a: Garganacl
|-supereffective|p1a: Garganacl
|-damage|p1a: Garganacl|0 fnt
|faint|p1a: Garganacl
|
|-damage|p2a: Ceruledge|70/100 tox|[from] psn
|-message|williamcostiganjr forfeited.
|
|win|wrockstah
|l|☆williamcostiganjr
