|poke|p1|Enamorus-Therian, F|
|poke|p1|Kleavor, M|
|poke|p1|Braviary-Hisui, M|
|poke|p1|Quaquaval, M|
|poke|p1|Ursaluna, F|
|poke|p1|Cyclizar, F|
|poke|p2|Pelipper, M|
|poke|p2|Basculegion, M|
|poke|p2|Urshifu-*, M|
|poke|p2|Rotom-Wash|
|poke|p2|Zamazenta-*|
|poke|p2|Corviknight, F|
|teampreview
|
|start
|switch|p1a: Braviary|Braviary-Hisui, M, shiny|100/100
|switch|p2a: Pelipper|Pelipper, M|100/100
|-weather|RainDance|[from] ability: Drizzle|[of] p2a: Pelipper
|turn|1
|
|switch|p2a: Rotom|Rotom-Wash|100/100
|move|p1a: Braviary|Psychic|p2a: Rotom
|-damage|p2a: Rotom|54/100
|
|-weather|RainDance|[upkeep]
|turn|2
|
|switch|p1a: Kleavor|Kleavor, M|100/100
|move|p2a: Rotom|Volt Switch|p1a: Kleavor
|-damage|p1a: Kleavor|60/100
|
|switch|p2a: Urshifu|Urshifu-Rapid-Strike, M|100/100|[from] Volt Switch
|
|-weather|RainDance|[upkeep]
|turn|3
|
|-terastallize|p2a: Urshifu|Water
|move|p2a: Urshifu|Surging Strikes|p1a: Kleavor
|-supereffective|p1a: Kleavor
|-crit|p1a: Kleavor
|-damage|p1a: Kleavor|0 fnt
|faint|p1a: Kleavor
|-hitcount|p1: Kleavor|1
|
|-weather|RainDance|[upkeep]
|
|switch|p1a: Cyclizar|Cyclizar, F|100/100
|turn|4
|
|-terastallize|p1a: Cyclizar|Dragon
|move|p2a: Urshifu|Surging Strikes|p1a: Cyclizar
|-resisted|p1a: Cyclizar
|-crit|p1a: Cyclizar
|-damage|p1a: Cyclizar|67/100
|-resisted|p1a: Cyclizar
|-crit|p1a: Cyclizar
|-damage|p1a: Cyclizar|31/100
|-resisted|p1a: Cyclizar
|-crit|p1a: Cyclizar
|-damage|p1a: Cyclizar|0 fnt
|faint|p1a: Cyclizar
|-hitcount|p1: Cyclizar|3
|
|-weather|RainDance|[upkeep]
|
|switch|p1a: Ursaluna|Ursaluna, F|100/100
|turn|5
|
|move|p2a: Urshifu|Surging Strikes|p1a: Ursaluna
|-supereffective|p1a: Ursaluna
|-crit|p1a: Ursaluna
|-damage|p1a: Ursaluna|38/100
|-supereffective|p1a: Ursaluna
|-crit|p1a: Ursaluna
|-damage|p1a: Ursaluna|0 fnt
|faint|p1a: Ursaluna
|-hitcount|p1: Ursaluna|2
|
|-weather|RainDance|[upkeep]
|-message|lhpvuvi forfeited.
|
|win|zwarteaapje
