|poke|p1|Meowscarada, M|
|poke|p1|Gholdengo|
|poke|p1|Great Tusk|
|poke|p1|Iron Jugulis|
|poke|p1|Dragonite, M|
|poke|p1|Iron Moth|
|poke|p2|Zapdos-Galar|
|poke|p2|Magearna|
|poke|p2|Sneasler, M|
|poke|p2|Lilligant-Hisui, F|
|poke|p2|Torkoal, F|
|poke|p2|Mew|
|teampreview
|
|start
|switch|p1a: Meowscarada|Meowscarada, M|100/100
|switch|p2a: Mew|Mew|100/100
|turn|1
|
|move|p1a: Meowscarada|Taunt|p2a: Mew
|-start|p2a: Mew|move: Taunt
|cant|p2a: Mew|move: Taunt|Stealth Rock
|
|turn|2
|
|switch|p2a: Torkoal|Torkoal, F|100/100
|-weather|SunnyDay|[from] ability: Drought|[of] p2a: Torkoal
|move|p1a: Meowscarada|Knock Off|p2a: Torkoal
|-damage|p2a: Torkoal|74/100
|-enditem|p2a: Torkoal|Heat Rock|[from] move: Knock Off|[of] p1a: Meowscarada
|
|-weather|SunnyDay|[upkeep]
|turn|3
|
|switch|p1a: Great Tusk|Great Tusk|100/100
|-activate|p1a: Great Tusk|ability: Protosynthesis
|-start|p1a: Great Tusk|protosynthesisatk
|move|p2a: Torkoal|Flamethrower|p1a: Great Tusk
|-damage|p1a: Great Tusk|18/100
|
|-weather|SunnyDay|[upkeep]
|turn|4
|
|move|p1a: Great Tusk|Headlong Rush|p2a: Torkoal
|-supereffective|p2a: Torkoal
|-damage|p2a: Torkoal|0 fnt
|-unboost|p1a: Great Tusk|def|1
|-unboost|p1a: Great Tusk|spd|1
|-enditem|p1a: Great Tusk|Eject Pack
|faint|p2a: Torkoal
|
|-end|p1a: Great Tusk|Protosynthesis|[silent]
|switch|p1a: Iron Moth|Iron Moth|100/100
|-enditem|p1a: Iron Moth|Booster Energy
|-activate|p1a: Iron Moth|ability: Quark Drive|[fromitem]
|-start|p1a: Iron Moth|quarkdrivespe
|
|-weather|SunnyDay|[upkeep]
|
|switch|p2a: Lilligant|Lilligant-Hisui, F|100/100
|turn|5
|
|move|p2a: Lilligant|Sleep Powder|p1a: Iron Moth
|-status|p1a: Iron Moth|slp|[from] move: Sleep Powder
|cant|p1a: Iron Moth|slp
|
|-weather|SunnyDay|[upkeep]
|turn|6
|
|move|p2a: Lilligant|Victory Dance|p2a: Lilligant
|-boost|p2a: Lilligant|atk|1
|-boost|p2a: Lilligant|def|1
|-boost|p2a: Lilligant|spe|1
|cant|p1a: Iron Moth|slp
|
|-weather|SunnyDay|[upkeep]
|turn|7
|
|move|p2a: Lilligant|Victory Dance|p2a: Lilligant
|-boost|p2a: Lilligant|atk|1
|-boost|p2a: Lilligant|def|1
|-boost|p2a: Lilligant|spe|1
|cant|p1a: Iron Moth|slp
|
|-weather|SunnyDay|[upkeep]
|turn|8
|
|move|p2a: Lilligant|Close Combat|p1a: Iron Moth
|-resisted|p1a: Iron Moth
|-damage|p1a: Iron Moth|21/100 slp
|-unboost|p2a: Lilligant|def|1
|-unboost|p2a: Lilligant|spd|1
|-curestatus|p1a: Iron Moth|slp|[msg]
|move|p1a: Iron Moth|Fiery Dance|p2a: Lilligant
|-supereffective|p2a: Lilligant
|-damage|p2a: Lilligant|0 fnt
|faint|p2a: Lilligant
|
|-weather|SunnyDay|[upkeep]
|
|switch|p2a: Magearna|Magearna|100/100
|turn|9
|
|-terastallize|p2a: Magearna|Water
|move|p1a: Iron Moth|Fiery Dance|p2a: Magearna
|-resisted|p2a: Magearna
|-damage|p2a: Magearna|76/100
|-boost|p1a: Iron Moth|spa|1
|move|p2a: Magearna|Shift Gear|p2a: Magearna
|-boost|p2a: Magearna|spe|2
|-boost|p2a: Magearna|atk|1
|
|-weather|none
|-heal|p2a: Magearna|82/100|[from] item: Leftovers
|turn|10
|
|move|p1a: Iron Moth|Energy Ball|p2a: Magearna
|-supereffective|p2a: Magearna
|-damage|p2a: Magearna|9/100
|move|p2a: Magearna|Calm Mind|p2a: Magearna
|-boost|p2a: Magearna|spa|1
|-boost|p2a: Magearna|spd|1
|
|-heal|p2a: Magearna|15/100|[from] item: Leftovers
|turn|11
|
|move|p1a: Iron Moth|Energy Ball|p2a: Magearna
|-supereffective|p2a: Magearna
|-damage|p2a: Magearna|0 fnt
|faint|p2a: Magearna
|
|
|switch|p2a: Sneasler|Sneasler, M|100/100
|turn|12
|
|move|p2a: Sneasler|Fake Out|p1a: Iron Moth
|-damage|p1a: Iron Moth|0 fnt
|faint|p1a: Iron Moth
|-end|p1a: Iron Moth|Quark Drive|[silent]
|
|
|switch|p1a: Iron Jugulis|Iron Jugulis|100/100
|-enditem|p1a: Iron Jugulis|Booster Energy
|-activate|p1a: Iron Jugulis|ability: Quark Drive|[fromitem]
|-start|p1a: Iron Jugulis|quarkdrivespe
|turn|13
|
|move|p1a: Iron Jugulis|Hurricane|p2a: Sneasler
|-supereffective|p2a: Sneasler
|-damage|p2a: Sneasler|0 fnt
|faint|p2a: Sneasler
|
|
|switch|p2a: Zapdos|Zapdos-Galar|100/100
|turn|14
|
|move|p1a: Iron Jugulis|Hurricane|p2a: Zapdos|[miss]
|-miss|p1a: Iron Jugulis|p2a: Zapdos
|move|p2a: Zapdos|Thunderous Kick|p1a: Iron Jugulis
|-damage|p1a: Iron Jugulis|48/100
|-unboost|p1a: Iron Jugulis|def|1
|
|turn|15
|
|move|p1a: Iron Jugulis|Hurricane|p2a: Zapdos
|-supereffective|p2a: Zapdos
|-damage|p2a: Zapdos|0 fnt
|faint|p2a: Zapdos
|
|
|switch|p2a: Mew|Mew|100/100
|turn|16
|
|move|p1a: Iron Jugulis|Dark Pulse|p2a: Mew
|-supereffective|p2a: Mew
|-crit|p2a: Mew
|-damage|p2a: Mew|0 fnt
|faint|p2a: Mew
|
|win|p1
