# advantage = p2
|poke|p1|Torkoal, F|
|poke|p1|Typhlosion-Hisui, F|
|poke|p1|Magearna|
|poke|p1|Landorus-Therian, M|
|poke|p1|Great Tusk|
|poke|p1|Walking Wake|
|poke|p2|Azelf|
|poke|p2|Magnezone|
|poke|p2|Dragonite, M|
|poke|p2|Chien-Pao|
|poke|p2|Moltres-Galar|
|poke|p2|Magearna|
|teampreview
|
|start
|switch|p1a: Torkoal|Torkoal, F|100/100
|switch|p2a: Azelf|Azelf|100/100
|-weather|SunnyDay|[from] ability: Drought|[of] p1a: Torkoal
|turn|1
|
|move|p2a: Azelf|Taunt|p1a: Torkoal
|-start|p1a: Torkoal|move: Taunt
|cant|p1a: Torkoal|move: Taunt|Yawn
|
|-weather|SunnyDay|[upkeep]
|turn|2
|
|switch|p1a: Magearna|Magearna|100/100
|move|p2a: Azelf|Stealth Rock|p1a: Magearna
|-sidestart|p1: p1|move: Stealth Rock
|
|-weather|SunnyDay|[upkeep]
|turn|3
|
|move|p2a: Azelf|Explosion|p1a: Magearna
|-resisted|p1a: Magearna
|-damage|p1a: Magearna|64/100
|faint|p2a: Azelf
|-ability|p1a: Magearna|Soul-Heart|boost
|-boost|p1a: Magearna|spa|1
|move|p1a: Magearna|Fleur Cannon|p2: Azelf|[notarget]
|-fail|p1a: Magearna
|
|-weather|SunnyDay|[upkeep]
|
|switch|p2a: Magnezone|Magnezone|100/100
|turn|4
|
|move|p1a: Magearna|Fleur Cannon|p2a: Magnezone
|-resisted|p2a: Magnezone
|-damage|p2a: Magnezone|7/100
|-unboost|p1a: Magearna|spa|2
|-damage|p1a: Magearna|54/100|[from] item: Life Orb
|move|p2a: Magnezone|Thunderbolt|p1a: Magearna
|-damage|p1a: Magearna|10/100
|
|-weather|SunnyDay|[upkeep]
|turn|5
|
|switch|p2a: Magearna|Magearna|100/100
|move|p1a: Magearna|Flash Cannon|p2a: Magearna
|-damage|p2a: Magearna|60/100
|-damage|p1a: Magearna|0 fnt|[from] item: Life Orb
|faint|p1a: Magearna
|-ability|p2a: Magearna|Soul-Heart|boost
|-boost|p2a: Magearna|spa|1
|
|-weather|SunnyDay|[upkeep]
|
|switch|p1a: Torkoal|Torkoal, F|100/100
|-damage|p1a: Torkoal|76/100|[from] Stealth Rock
|turn|6
|
|move|p2a: Magearna|Shift Gear|p2a: Magearna
|-boost|p2a: Magearna|spe|2
|-boost|p2a: Magearna|atk|1
|move|p1a: Torkoal|Lava Plume|p2a: Magearna
|-supereffective|p2a: Magearna
|-damage|p2a: Magearna|0 fnt
|faint|p2a: Magearna
|
|-weather|SunnyDay|[upkeep]
|
|switch|p2a: Dragonite|Dragonite, M|100/100
|turn|7
|
|move|p2a: Dragonite|Dragon Dance|p2a: Dragonite
|-boost|p2a: Dragonite|atk|1
|-boost|p2a: Dragonite|spe|1
|move|p1a: Torkoal|Yawn|p2a: Dragonite
|-start|p2a: Dragonite|move: Yawn|[of] p1a: Torkoal
|
|-weather|SunnyDay|[upkeep]
|turn|8
|
|move|p2a: Dragonite|Earthquake|p1a: Torkoal
|-supereffective|p1a: Torkoal
|-crit|p1a: Torkoal
|-damage|p1a: Torkoal|0 fnt
|faint|p1a: Torkoal
|
|-weather|none
|-end|p2a: Dragonite|move: Yawn|[silent]
|-status|p2a: Dragonite|slp
|-enditem|p2a: Dragonite|Lum Berry|[eat]
|-curestatus|p2a: Dragonite|slp|[msg]
|
|switch|p1a: Landorus|Landorus-Therian, M|100/100
|-damage|p1a: Landorus|88/100|[from] Stealth Rock
|-ability|p1a: Landorus|Intimidate|boost
|-unboost|p2a: Dragonite|atk|1
|turn|9
|
|move|p2a: Dragonite|Dragon Dance|p2a: Dragonite
|-boost|p2a: Dragonite|atk|1
|-boost|p2a: Dragonite|spe|1
|move|p1a: Landorus|Rock Slide|p2a: Dragonite|[miss]
|-miss|p1a: Landorus|p2a: Dragonite
|
|turn|10
|
|move|p2a: Dragonite|Outrage|p1a: Landorus
|-damage|p1a: Landorus|0 fnt
|faint|p1a: Landorus
|
|
|switch|p1a: Great Tusk|Great Tusk|100/100
|-damage|p1a: Great Tusk|98/100|[from] Stealth Rock
|turn|11
|
|move|p2a: Dragonite|Outrage|p1a: Great Tusk|[from]lockedmove
|-damage|p1a: Great Tusk|48/100
|move|p1a: Great Tusk|Rapid Spin|p2a: Dragonite
|-damage|p2a: Dragonite|92/100
|-boost|p1a: Great Tusk|spe|1
|-sideend|p1: p1|Stealth Rock|[from] move: Rapid Spin|[of] p1a: Great Tusk
|
|-heal|p1a: Great Tusk|54/100|[from] item: Leftovers
|turn|12
|
|move|p2a: Dragonite|Outrage|p1a: Great Tusk|[from]lockedmove
|-damage|p1a: Great Tusk|0 fnt
|faint|p1a: Great Tusk
|-end|p1a: Great Tusk|Protosynthesis|[silent]
|-start|p2a: Dragonite|confusion|[fatigue]
|
|
|switch|p1a: Walking Wake|Walking Wake|100/100
|turn|13
|
|-activate|p2a: Dragonite|confusion
|move|p2a: Dragonite|Outrage|p1a: Walking Wake
|-supereffective|p1a: Walking Wake
|-damage|p1a: Walking Wake|0 fnt
|faint|p1a: Walking Wake
|-end|p1a: Walking Wake|Protosynthesis|[silent]
|
|
|switch|p1a: Typhlosion|Typhlosion-Hisui, F|100/100
|turn|14
|
|-activate|p2a: Dragonite|confusion
|-damage|p2a: Dragonite|66/100|[from] confusion
|move|p1a: Typhlosion|Shadow Ball|p2a: Dragonite
|-damage|p2a: Dragonite|0 fnt
|faint|p2a: Dragonite
|
|-message|p1 forfeited.
|
|win|p2
|player|p2|p2|giovanni
