# advantage = p1
|poke|p1|Zoroark-Hisui, F|
|poke|p1|Hatterene, F|
|poke|p1|Kingambit, F|
|poke|p1|Great Tusk|
|poke|p1|Clodsire, M|
|poke|p1|Rotom-Wash|
|poke|p2|Basculegion, M|
|poke|p2|Arcanine-Hisui, M|
|poke|p2|Great Tusk|
|poke|p2|Samurott-Hisui, M|
|poke|p2|Braviary-Hisui, M|
|poke|p2|Kingambit, F|
|teampreview
|
|start
|switch|p1a: Kingambit|Kingambit, F|100/100
|switch|p2a: Braviary|Braviary-Hisui, M|100/100
|turn|1
|
|switch|p2a: Kingambit|Kingambit, F|100/100
|move|p1a: Kingambit|Bitter Malice|p2a: Kingambit
|-resisted|p2a: Kingambit
|-damage|p2a: Kingambit|79/100
|-unboost|p2a: Kingambit|atk|1
|
|turn|2
|
|switch|p1a: Great Tusk|Great Tusk|100/100
|move|p2a: Kingambit|Iron Head|p1a: Great Tusk
|-damage|p1a: Great Tusk|79/100
|
|turn|3
|
|-end|p2a: Kingambit|fallenundefined|[silent]
|switch|p2a: Braviary|Braviary-Hisui, M|100/100
|move|p1a: Great Tusk|Knock Off|p2a: Braviary
|-supereffective|p2a: Braviary
|-damage|p2a: Braviary|0 fnt
|-enditem|p2a: Braviary|Choice Specs|[from] move: Knock Off|[of] p1a: Great Tusk
|faint|p2a: Braviary
|
|
|switch|p2a: Samurott|Samurott-Hisui, M|100/100
|turn|4
|
|-end|p1a: Great Tusk|Protosynthesis|[silent]
|switch|p1a: Hatterene|Hatterene, F|100/100
|move|p2a: Samurott|Ceaseless Edge|p1a: Hatterene
|-crit|p1a: Hatterene
|-damage|p1a: Hatterene|32/100
|-sidestart|p1: p1|Spikes
|
|-heal|p1a: Hatterene|38/100|[from] item: Leftovers
|turn|5
|
|move|p2a: Samurott|Ceaseless Edge|p1a: Hatterene
|-damage|p1a: Hatterene|0 fnt
|-sidestart|p1: p1|Spikes
|faint|p1a: Hatterene
|
|
|switch|p1a: Great Tusk|Great Tusk|79/100
|-damage|p1a: Great Tusk|63/100|[from] Spikes
|turn|6
|
|-terastallize|p2a: Samurott|Ghost
|move|p1a: Great Tusk|Rapid Spin|p2a: Samurott
|-immune|p2a: Samurott
|move|p2a: Samurott|Razor Shell|p1a: Great Tusk
|-supereffective|p1a: Great Tusk
|-damage|p1a: Great Tusk|0 fnt
|faint|p1a: Great Tusk
|-end|p1a: Great Tusk|Protosynthesis|[silent]
|
|
|switch|p1a: Kingambit|Kingambit, F|100/100
|-damage|p1a: Kingambit|84/100|[from] Spikes
|turn|7
|
|move|p2a: Samurott|Sucker Punch|p1a: Kingambit
|-supereffective|p1a: Kingambit
|-damage|p1a: Kingambit|0 fnt
|replace|p1a: Zoroark|Zoroark-Hisui, F
|-end|p1a: Zoroark|Illusion
|faint|p1a: Zoroark
|
|-message|p1 forfeited.
|
|win|p2
