|poke|p1|Ceruledge, F|
|poke|p1|Hydreigon, F|
|poke|p1|Great Tusk|
|poke|p1|Kingambit, F|
|poke|p1|Hatterene, F|
|poke|p1|Baxcalibur, M|
|poke|p2|Dragapult, M|
|poke|p2|Samurott-Hisui, M|
|poke|p2|Great Tusk|
|poke|p2|Enamorus, F|
|poke|p2|Braviary-Hisui, M|
|poke|p2|Slowking-Galar, M|
|teampreview
|
|start
|switch|p1a: Hatterene|Hatterene, F|100/100
|switch|p2a: Pultius Maxiumus|Dragapult, M|100/100
|turn|1
|
|switch|p1a: Great Tusk|Great Tusk|100/100
|move|p2a: Pultius Maxiumus|Light Screen|p2a: Pultius Maxiumus
|-sidestart|p2: Gigachadium Z|move: Light Screen
|
|turn|2
|
|move|p2a: Pultius Maxiumus|Reflect|p2a: Pultius Maxiumus
|-sidestart|p2: Gigachadium Z|Reflect
|move|p1a: Great Tusk|Knock Off|p2a: Pultius Maxiumus
|-supereffective|p2a: Pultius Maxiumus
|-damage|p2a: Pultius Maxiumus|53/100
|-start|p1a: Great Tusk|Disable|Knock Off|[from] ability: Cursed Body|[of] p2a: Pultius Maxiumus
|-enditem|p2a: Pultius Maxiumus|Light Clay|[from] move: Knock Off|[of] p1a: Great Tusk
|
|turn|3
|
|-end|p1a: Great Tusk|Protosynthesis|[silent]
|switch|p1a: Kingambit|Kingambit, F|100/100
|move|p2a: Pultius Maxiumus|Curse|p1a: Kingambit
|-start|p1a: Kingambit|Curse|[of] p2a: Pultius Maxiumus
|-damage|p2a: Pultius Maxiumus|3/100
|
|-damage|p1a: Kingambit|76/100|[from] Curse
|turn|4
|
|switch|p2a: FitnessGPacerTest|Great Tusk|100/100
|move|p1a: Kingambit|Kowtow Cleave|p2a: FitnessGPacerTest
|-resisted|p2a: FitnessGPacerTest
|-damage|p2a: FitnessGPacerTest|92/100
|-damage|p1a: Kingambit|59/100|[from] item: Rocky Helmet|[of] p2a: FitnessGPacerTest
|
|-heal|p1a: Kingambit|65/100|[from] item: Leftovers
|-damage|p1a: Kingambit|40/100|[from] Curse
|turn|5
|
|-end|p1a: Kingambit|fallenundefined|[silent]
|switch|p1a: Great Tusk|Great Tusk|100/100
|move|p2a: FitnessGPacerTest|Headlong Rush|p1a: Great Tusk
|-damage|p1a: Great Tusk|54/100
|-unboost|p2a: FitnessGPacerTest|def|1
|-unboost|p2a: FitnessGPacerTest|spd|1
|-enditem|p1a: Great Tusk|Eject Button
|
|-end|p1a: Great Tusk|Protosynthesis|[silent]
|switch|p1a: Hatterene|Hatterene, F|100/100
|
|turn|6
|
|-end|p2a: FitnessGPacerTest|Protosynthesis|[silent]
|switch|p2a: SlowDownManKing!|Slowking-Galar, M|100/100
|move|p1a: Hatterene|Draining Kiss|p2a: SlowDownManKing!
|-resisted|p2a: SlowDownManKing!
|-damage|p2a: SlowDownManKing!|98/100
|
|turn|7
|
|switch|p1a: Kingambit|Kingambit, F|40/100
|move|p2a: SlowDownManKing!|Flamethrower|p1a: Kingambit
|-supereffective|p1a: Kingambit
|-damage|p1a: Kingambit|0 fnt
|faint|p1a: Kingambit
|-end|p1a: Kingambit|fallenundefined|[silent]
|
|
|switch|p1a: Ceruledge|Ceruledge, F|100/100
|turn|8
|
|switch|p2a: blub|Braviary-Hisui, M|100/100
|move|p1a: Ceruledge|Bulk Up|p1a: Ceruledge
|-boost|p1a: Ceruledge|atk|1
|-boost|p1a: Ceruledge|def|1
|
|-sideend|p2: Gigachadium Z|move: Light Screen
|turn|9
|
|move|p1a: Ceruledge|Shadow Sneak|p2a: blub
|-supereffective|p2a: blub
|-damage|p2a: blub|76/100
|-enditem|p2a: blub|Weakness Policy
|-boost|p2a: blub|atk|2|[from] item: Weakness Policy
|-boost|p2a: blub|spa|2|[from] item: Weakness Policy
|move|p2a: blub|Esper Wing|p1a: Ceruledge
|-damage|p1a: Ceruledge|53/100
|-boost|p2a: blub|spe|1
|
|-sideend|p2: Gigachadium Z|Reflect
|turn|10
|
|-terastallize|p2a: blub|Psychic
|move|p1a: Ceruledge|Shadow Sneak|p2a: blub
|-supereffective|p2a: blub
|-damage|p2a: blub|25/100
|move|p2a: blub|Esper Wing|p1a: Ceruledge
|-damage|p1a: Ceruledge|0 fnt
|-boost|p2a: blub|spe|1
|faint|p1a: Ceruledge
|
|
|switch|p1a: Baxcalibur|Baxcalibur, M|100/100
|turn|11
|
|move|p1a: Baxcalibur|Ice Shard|p2a: blub
|-damage|p2a: blub|0 fnt
|faint|p2a: blub
|
|
|switch|p2a: Sammy|Samurott-Hisui, M|100/100
|turn|12
|
|switch|p1a: Great Tusk|Great Tusk|54/100
|move|p2a: Sammy|Ceaseless Edge|p1a: Great Tusk
|-resisted|p1a: Great Tusk
|-damage|p1a: Great Tusk|35/100
|-sidestart|p1: vJulius|Spikes
|
|turn|13
|
|switch|p2a: Pultius Maxiumus|Dragapult, M|3/100
|move|p1a: Great Tusk|Knock Off|p2a: Pultius Maxiumus
|-supereffective|p2a: Pultius Maxiumus
|-damage|p2a: Pultius Maxiumus|0 fnt
|faint|p2a: Pultius Maxiumus
|
|
|switch|p2a: namuel|Enamorus, F|100/100
|turn|14
|
|-end|p1a: Great Tusk|Protosynthesis|[silent]
|switch|p1a: Hatterene|Hatterene, F|100/100
|-damage|p1a: Hatterene|88/100|[from] Spikes
|move|p2a: namuel|Moonblast|p1a: Hatterene
|-damage|p1a: Hatterene|49/100
|-unboost|p1a: Hatterene|spa|1
|
|-heal|p1a: Hatterene|55/100|[from] item: Leftovers
|turn|15
|
|switch|p2a: SlowDownManKing!|Slowking-Galar, M|100/100
|move|p1a: Hatterene|Nuzzle|p2a: SlowDownManKing!
|-damage|p2a: SlowDownManKing!|96/100
|-status|p2a: SlowDownManKing!|par
|
|-heal|p1a: Hatterene|61/100|[from] item: Leftovers
|turn|16
|
|switch|p1a: Baxcalibur|Baxcalibur, M|100/100
|-damage|p1a: Baxcalibur|88/100|[from] Spikes
|move|p2a: SlowDownManKing!|Sludge Bomb|p1a: Baxcalibur
|-damage|p1a: Baxcalibur|47/100
|
|turn|17
|
|move|p1a: Baxcalibur|Icicle Crash|p2a: SlowDownManKing!
|-damage|p2a: SlowDownManKing!|19/100 par
|move|p2a: SlowDownManKing!|Sludge Bomb|p1a: Baxcalibur
|-damage|p1a: Baxcalibur|7/100
|
|turn|18
|
|switch|p2a: Sammy|Samurott-Hisui, M|100/100
|move|p1a: Baxcalibur|Icicle Crash|p2a: Sammy
|-resisted|p2a: Sammy
|-damage|p2a: Sammy|53/100
|
|-heal|p2a: Sammy|59/100|[from] item: Leftovers
|turn|19
|
|move|p2a: Sammy|Sucker Punch|p1a: Baxcalibur
|-damage|p1a: Baxcalibur|0 fnt
|faint|p1a: Baxcalibur
|
|-heal|p2a: Sammy|65/100|[from] item: Leftovers
|
|switch|p1a: Hatterene|Hatterene, F|61/100
|-damage|p1a: Hatterene|48/100|[from] Spikes
|turn|20
|
|switch|p2a: SlowDownManKing!|Slowking-Galar, M|53/100 par
|move|p1a: Hatterene|Calm Mind|p1a: Hatterene
|-boost|p1a: Hatterene|spa|1
|-boost|p1a: Hatterene|spd|1
|
|-heal|p1a: Hatterene|54/100|[from] item: Leftovers
|turn|21
|
|-terastallize|p1a: Hatterene|Water
|move|p1a: Hatterene|Stored Power|p2a: SlowDownManKing!
|-damage|p2a: SlowDownManKing!|35/100 par
|cant|p2a: SlowDownManKing!|par
|
|-heal|p1a: Hatterene|60/100|[from] item: Leftovers
|turn|22
|
|move|p1a: Hatterene|Calm Mind|p1a: Hatterene
|-boost|p1a: Hatterene|spa|1
|-boost|p1a: Hatterene|spd|1
|cant|p2a: SlowDownManKing!|par
|
|-heal|p1a: Hatterene|66/100|[from] item: Leftovers
|turn|23
|
|move|p1a: Hatterene|Calm Mind|p1a: Hatterene
|-boost|p1a: Hatterene|spa|1
|-boost|p1a: Hatterene|spd|1
|move|p2a: SlowDownManKing!|Sludge Bomb|p1a: Hatterene
|-damage|p1a: Hatterene|51/100
|
|-heal|p1a: Hatterene|57/100|[from] item: Leftovers
|turn|24
|
|move|p1a: Hatterene|Stored Power|p2a: SlowDownManKing!
|-damage|p2a: SlowDownManKing!|0 fnt
|faint|p2a: SlowDownManKing!
|
|-heal|p1a: Hatterene|63/100|[from] item: Leftovers
|
|switch|p2a: FitnessGPacerTest|Great Tusk|92/100
|turn|25
|
|move|p2a: FitnessGPacerTest|Headlong Rush|p1a: Hatterene
|-damage|p1a: Hatterene|17/100
|-unboost|p2a: FitnessGPacerTest|def|1
|-unboost|p2a: FitnessGPacerTest|spd|1
|move|p1a: Hatterene|Draining Kiss|p2a: FitnessGPacerTest
|-supereffective|p2a: FitnessGPacerTest
|-damage|p2a: FitnessGPacerTest|0 fnt
|-heal|p1a: Hatterene|98/100|[from] drain|[of] p2a: FitnessGPacerTest
|-damage|p1a: Hatterene|81/100|[from] item: Rocky Helmet|[of] p2a: FitnessGPacerTest
|faint|p2a: FitnessGPacerTest
|-end|p2a: FitnessGPacerTest|Protosynthesis|[silent]
|
|-heal|p1a: Hatterene|87/100|[from] item: Leftovers
|
|switch|p2a: Sammy|Samurott-Hisui, M|65/100
|turn|26
|
|move|p2a: Sammy|Ceaseless Edge|p1a: Hatterene
|-damage|p1a: Hatterene|46/100
|-sidestart|p1: vJulius|Spikes
|move|p1a: Hatterene|Draining Kiss|p2a: Sammy
|-supereffective|p2a: Sammy
|-damage|p2a: Sammy|0 fnt
|-heal|p1a: Hatterene|95/100|[from] drain|[of] p2a: Sammy
|faint|p2a: Sammy
|
|-heal|p1a: Hatterene|100/100|[from] item: Leftovers
|
|switch|p2a: namuel|Enamorus, F|100/100
|turn|27
|
|move|p2a: namuel|Moonblast|p1a: Hatterene
|-damage|p1a: Hatterene|84/100
|-unboost|p1a: Hatterene|spa|1
|move|p1a: Hatterene|Nuzzle|p2a: namuel
|-supereffective|p2a: namuel
|-damage|p2a: namuel|89/100
|-status|p2a: namuel|par
|
|-heal|p1a: Hatterene|90/100|[from] item: Leftovers
|turn|28
|-message|Gigachadium Z forfeited.
|
|win|vJulius
