|poke|p1|Chien-Pao|
|poke|p1|Pelipper, M|
|poke|p1|Urshifu-*, F|
|poke|p1|Magearna|
|poke|p1|Braviary-Hisui, M|
|poke|p1|Haunter, M|
|poke|p2|Sneasler, M|
|poke|p2|Urshifu-*, M|
|poke|p2|Pelipper, M|
|poke|p2|Walking Wake|
|poke|p2|Basculegion, M|
|poke|p2|Great Tusk|
|teampreview
|
|start
|switch|p1a: Haunter|Haunter, M|100/100
|switch|p2a: Walking Wake|Walking Wake|100/100
|turn|1
|
|move|p2a: Walking Wake|Draco Meteor|p1a: Haunter
|-enditem|p1a: Haunter|Focus Sash
|-damage|p1a: Haunter|1/100
|-unboost|p2a: Walking Wake|spa|2
|-damage|p2a: Walking Wake|90/100|[from] item: Life Orb
|move|p1a: Haunter|Toxic Spikes|p2a: Walking Wake
|-sidestart|p2: p2|move: Toxic Spikes
|
|turn|2
|
|move|p2a: Walking Wake|Hydro Steam|p1a: Haunter
|-damage|p1a: Haunter|0 fnt
|faint|p1a: Haunter
|-damage|p2a: Walking Wake|80/100|[from] item: Life Orb
|
|
|switch|p1a: Chien-Pao|Chien-Pao|100/100
|-ability|p1a: Chien-Pao|Sword of Ruin
|turn|3
|
|-end|p2a: Walking Wake|Protosynthesis|[silent]
|switch|p2a: Great Tusk|Great Tusk|100/100
|-status|p2a: Great Tusk|psn
|move|p1a: Chien-Pao|Ice Spinner|p2a: Great Tusk
|-supereffective|p2a: Great Tusk
|-damage|p2a: Great Tusk|34/100 psn
|
|-heal|p2a: Great Tusk|40/100 psn|[from] item: Leftovers
|-damage|p2a: Great Tusk|28/100 psn|[from] psn
|turn|4
|
|move|p1a: Chien-Pao|Ice Spinner|p2a: Great Tusk
|-supereffective|p2a: Great Tusk
|-damage|p2a: Great Tusk|0 fnt
|faint|p2a: Great Tusk
|-end|p2a: Great Tusk|Protosynthesis|[silent]
|
|
|switch|p2a: Sneasler|Sneasler, M|100/100
|-sideend|p2: p2|move: Toxic Spikes|[of] p2a: Sneasler
|turn|5
|
|move|p2a: Sneasler|U-turn|p1a: Chien-Pao
|-supereffective|p1a: Chien-Pao
|-damage|p1a: Chien-Pao|39/100
|
|switch|p2a: Pelipper|Pelipper, M|100/100|[from] U-turn
|-weather|RainDance|[from] ability: Drizzle|[of] p2a: Pelipper
|move|p1a: Chien-Pao|Crunch|p2a: Pelipper
|-damage|p2a: Pelipper|46/100
|
|-weather|RainDance|[upkeep]
|turn|6
|
|move|p1a: Chien-Pao|Ice Shard|p2a: Pelipper
|-damage|p2a: Pelipper|17/100
|move|p2a: Pelipper|U-turn|p1a: Chien-Pao
|-supereffective|p1a: Chien-Pao
|-damage|p1a: Chien-Pao|15/100
|
|switch|p2a: Sneasler|Sneasler, M|100/100|[from] U-turn
|
|-weather|RainDance|[upkeep]
|turn|7
|
|move|p1a: Chien-Pao|Ice Shard|p2a: Sneasler
|-damage|p2a: Sneasler|51/100
|move|p2a: Sneasler|U-turn|p1a: Chien-Pao
|-supereffective|p1a: Chien-Pao
|-damage|p1a: Chien-Pao|0 fnt
|faint|p1a: Chien-Pao
|
|switch|p2a: Basculegion|Basculegion, M|100/100|[from] U-turn
|
|-weather|RainDance|[upkeep]
|
|switch|p1a: Braviary|Braviary-Hisui, M|100/100
|turn|8
|
|move|p2a: Basculegion|Wave Crash|p1a: Braviary
|-damage|p1a: Braviary|0 fnt
|faint|p1a: Braviary
|-damage|p2a: Basculegion|69/100|[from] Recoil
|
|-weather|RainDance|[upkeep]
|
|switch|p1a: Magearna|Magearna|100/100
|turn|9
|
|-terastallize|p2a: Basculegion|Water
|move|p2a: Basculegion|Wave Crash|p1a: Magearna
|-damage|p1a: Magearna|0 fnt
|faint|p1a: Magearna
|-damage|p2a: Basculegion|38/100|[from] Recoil
|
|-weather|RainDance|[upkeep]
|
|switch|p1a: Urshifu|Urshifu-Rapid-Strike, F|100/100
|turn|10
|
|-terastallize|p1a: Urshifu|Water
|move|p1a: Urshifu|Aqua Jet|p2a: Basculegion
|-resisted|p2a: Basculegion
|-damage|p2a: Basculegion|10/100
|move|p2a: Basculegion|Wave Crash|p1a: Urshifu
|-resisted|p1a: Urshifu
|-damage|p1a: Urshifu|7/100
|-damage|p2a: Basculegion|0 fnt|[from] Recoil
|faint|p2a: Basculegion
|
|-weather|RainDance|[upkeep]
|
|switch|p2a: Urshifu|Urshifu-Rapid-Strike, M|100/100
|turn|11
|
|move|p2a: Urshifu|Aqua Jet|p1a: Urshifu
|-resisted|p1a: Urshifu
|-damage|p1a: Urshifu|0 fnt
|faint|p1a: Urshifu
|
|-weather|RainDance|[upkeep]
|-message|p1 forfeited.
|
|win|p2
