|poke|p1|Samurott-Hisui, F|
|poke|p1|Sneasler, F|
|poke|p1|Magearna|
|poke|p1|Heatran, F|
|poke|p1|Toxapex, F|
|poke|p1|Great Tusk|
|poke|p2|Zamazenta-*|
|poke|p2|Abomasnow, F|
|poke|p2|Chien-Pao|
|poke|p2|Magearna|
|poke|p2|Skeledirge, M|
|poke|p2|Iron Treads|
|teampreview
|
|start
|switch|p1a: Heatah|Heatran, F|100/100
|switch|p2a: Chien-Pao|Chien-Pao|100/100
|-ability|p2a: Chien-Pao|Sword of Ruin
|turn|1
|
|switch|p1a: Pexathan|Toxapex, F|100/100
|move|p2a: Chien-Pao|Sacred Sword|p1a: Pexathan
|-resisted|p1a: Pexathan
|-damage|p1a: Pexathan|82/100
|-damage|p2a: Chien-Pao|84/100|[from] item: Rocky Helmet|[of] p1a: Pexathan
|
|turn|2
|
|switch|p2a: Abomasnow|Abomasnow, F|100/100
|-weather|Snow|[from] ability: Snow Warning|[of] p2a: Abomasnow
|switch|p1a: Heatah|Heatran, F|100/100
|
|-weather|Snow|[upkeep]
|turn|3
|j| 5EternalNoob5
|
|move|p1a: Heatah|Magma Storm|p2a: Abomasnow|[miss]
|-miss|p1a: Heatah|p2a: Abomasnow
|move|p2a: Abomasnow|Earth Power|p1a: Heatah
|-supereffective|p1a: Heatah
|-damage|p1a: Heatah|0 fnt
|faint|p1a: Heatah
|
|-weather|Snow|[upkeep]
|l| 5EternalNoob5
|
|switch|p1a: Cheese touch|Sneasler, F, shiny|100/100
|turn|4
|
|move|p1a: Cheese touch|U-turn|p2a: Abomasnow
|-supereffective|p2a: Abomasnow
|-damage|p2a: Abomasnow|60/100
|
|switch|p1a: Cease to exist|Samurott-Hisui, F, shiny|100/100|[from] U-turn
|move|p2a: Abomasnow|Aurora Veil|p2a: Abomasnow
|-sidestart|p2: erduashi|move: Aurora Veil
|
|-weather|Snow|[upkeep]
|turn|5
|
|switch|p1a: Unholy|Magearna|100/100
|switch|p2a: Iron Treads|Iron Treads|100/100
|
|-weather|Snow|[upkeep]
|turn|6
|
|switch|p1a: Pexathan|Toxapex, F|100/100
|move|p2a: Iron Treads|Knock Off|p1a: Pexathan
|-damage|p1a: Pexathan|80/100
|-damage|p2a: Iron Treads|84/100|[from] item: Rocky Helmet|[of] p1a: Pexathan
|-enditem|p1a: Pexathan|Rocky Helmet|[from] move: Knock Off|[of] p2a: Iron Treads
|
|-weather|none
|turn|7
|
|move|p2a: Iron Treads|Earthquake|p1a: Pexathan
|-supereffective|p1a: Pexathan
|-damage|p1a: Pexathan|15/100
|move|p1a: Pexathan|Recover|p1a: Pexathan
|-heal|p1a: Pexathan|65/100
|
|turn|8
|
|switch|p1a: Tusken Raider|Great Tusk|100/100
|move|p2a: Iron Treads|Earthquake|p1a: Tusken Raider
|-damage|p1a: Tusken Raider|79/100
|
|-heal|p1a: Tusken Raider|85/100|[from] item: Leftovers
|turn|9
|
|move|p2a: Iron Treads|Knock Off|p1a: Tusken Raider
|-resisted|p1a: Tusken Raider
|-damage|p1a: Tusken Raider|78/100
|-enditem|p1a: Tusken Raider|Leftovers|[from] move: Knock Off|[of] p2a: Iron Treads
|move|p1a: Tusken Raider|Rapid Spin|p2a: Iron Treads
|-resisted|p2a: Iron Treads
|-damage|p2a: Iron Treads|81/100
|-boost|p1a: Tusken Raider|spe|1
|
|turn|10
|
|move|p2a: Iron Treads|Earthquake|p1a: Tusken Raider
|-damage|p1a: Tusken Raider|56/100
|move|p1a: Tusken Raider|Earthquake|p2a: Iron Treads
|-supereffective|p2a: Iron Treads
|-damage|p2a: Iron Treads|44/100
|
|turn|11
|
|move|p2a: Iron Treads|Earthquake|p1a: Tusken Raider
|-damage|p1a: Tusken Raider|33/100
|move|p1a: Tusken Raider|Rapid Spin|p2a: Iron Treads
|-resisted|p2a: Iron Treads
|-damage|p2a: Iron Treads|41/100
|-boost|p1a: Tusken Raider|spe|1
|
|-sideend|p2: erduashi|move: Aurora Veil
|turn|12
|
|move|p1a: Tusken Raider|Earthquake|p2a: Iron Treads
|-supereffective|p2a: Iron Treads
|-damage|p2a: Iron Treads|0 fnt
|faint|p2a: Iron Treads
|-end|p2a: Iron Treads|Quark Drive|[silent]
|
|
|switch|p2a: Abomasnow|Abomasnow, F|60/100
|-weather|Snow|[from] ability: Snow Warning|[of] p2a: Abomasnow
|turn|13
|
|move|p1a: Tusken Raider|Stone Edge|p2a: Abomasnow
|-supereffective|p2a: Abomasnow
|-damage|p2a: Abomasnow|17/100
|move|p2a: Abomasnow|Aurora Veil|p2a: Abomasnow
|-sidestart|p2: erduashi|move: Aurora Veil
|
|-weather|Snow|[upkeep]
|turn|14
|
|move|p1a: Tusken Raider|Stone Edge|p2a: Abomasnow
|-supereffective|p2a: Abomasnow
|-damage|p2a: Abomasnow|0 fnt
|faint|p2a: Abomasnow
|
|-weather|Snow|[upkeep]
|
|switch|p2a: Magearna|Magearna|100/100
|turn|15
|
|-end|p1a: Tusken Raider|Protosynthesis|[silent]
|switch|p1a: Pexathan|Toxapex, F|99/100
|move|p2a: Magearna|Shift Gear|p2a: Magearna
|-boost|p2a: Magearna|spe|2
|-boost|p2a: Magearna|atk|1
|
|-weather|Snow|[upkeep]
|turn|16
|
|move|p2a: Magearna|Stored Power|p1a: Pexathan
|-supereffective|p1a: Pexathan
|-damage|p1a: Pexathan|52/100
|move|p1a: Pexathan|Haze|p1a: Pexathan
|-clearallboost
|
|-weather|Snow|[upkeep]
|turn|17
|
|move|p2a: Magearna|Shift Gear|p2a: Magearna
|-boost|p2a: Magearna|spe|2
|-boost|p2a: Magearna|atk|1
|move|p1a: Pexathan|Haze|p1a: Pexathan
|-clearallboost
|
|-weather|none
|turn|18
|
|move|p2a: Magearna|Stored Power|p1a: Pexathan
|-supereffective|p1a: Pexathan
|-damage|p1a: Pexathan|41/100
|move|p1a: Pexathan|Haze|p1a: Pexathan
|-clearallboost
|
|turn|19
|
|move|p2a: Magearna|Shift Gear|p2a: Magearna
|-boost|p2a: Magearna|spe|2
|-boost|p2a: Magearna|atk|1
|move|p1a: Pexathan|Haze|p1a: Pexathan
|-clearallboost
|
|turn|20
|
|move|p2a: Magearna|Calm Mind|p2a: Magearna
|-boost|p2a: Magearna|spa|1
|-boost|p2a: Magearna|spd|1
|move|p1a: Pexathan|Recover|p1a: Pexathan
|-heal|p1a: Pexathan|91/100
|
|-sideend|p2: erduashi|move: Aurora Veil
|turn|21
|
|move|p2a: Magearna|Stored Power|p1a: Pexathan
|-supereffective|p1a: Pexathan
|-damage|p1a: Pexathan|38/100
|move|p1a: Pexathan|Haze|p1a: Pexathan
|-clearallboost
|
|turn|22
|
|switch|p1a: Tusken Raider|Great Tusk|33/100
|move|p2a: Magearna|Calm Mind|p2a: Magearna
|-boost|p2a: Magearna|spa|1
|-boost|p2a: Magearna|spd|1
|
|turn|23
|
|move|p1a: Tusken Raider|Earthquake|p2a: Magearna
|-supereffective|p2a: Magearna
|-damage|p2a: Magearna|29/100
|-enditem|p2a: Magearna|Weakness Policy
|-boost|p2a: Magearna|atk|2|[from] item: Weakness Policy
|-boost|p2a: Magearna|spa|2|[from] item: Weakness Policy
|move|p2a: Magearna|Shift Gear|p2a: Magearna
|-boost|p2a: Magearna|spe|2
|-boost|p2a: Magearna|atk|1
|
|turn|24
|
|move|p2a: Magearna|Draining Kiss|p1a: Tusken Raider
|-supereffective|p1a: Tusken Raider
|-damage|p1a: Tusken Raider|0 fnt
|-heal|p2a: Magearna|58/100|[from] drain|[of] p1a: Tusken Raider
|faint|p1a: Tusken Raider
|-ability|p2a: Magearna|Soul-Heart|boost
|-boost|p2a: Magearna|spa|1
|-end|p1a: Tusken Raider|Protosynthesis|[silent]
|
|
|switch|p1a: Cheese touch|Sneasler, F, shiny|100/100
|turn|25
|
|move|p1a: Cheese touch|Close Combat|p2a: Magearna
|-damage|p2a: Magearna|7/100
|-unboost|p1a: Cheese touch|def|1
|-unboost|p1a: Cheese touch|spd|1
|move|p2a: Magearna|Draining Kiss|p1a: Cheese touch
|-damage|p1a: Cheese touch|0 fnt
|-heal|p2a: Magearna|69/100|[from] drain|[of] p1a: Cheese touch
|faint|p1a: Cheese touch
|-ability|p2a: Magearna|Soul-Heart|boost
|-boost|p2a: Magearna|spa|1
|
|-message|ShowdownExec forfeited.
|
|win|erduashi
|l|☆ShowdownExec
