|poke|p1|Eiscue, M|
|poke|p1|Baxcalibur, M|
|poke|p1|Chien-Pao|
|poke|p1|Abomasnow, F|
|poke|p1|Vaporeon, M|
|poke|p1|Frosmoth, M|
|poke|p2|Goodra-Hisui, F|
|poke|p2|Kleavor, M|
|poke|p2|Iron Treads|
|poke|p2|Vivillon, M|
|poke|p2|Lokix, M|
|poke|p2|Tornadus, M|
|teampreview
|
|start
|switch|p1a: Abomasnow|Abomasnow, F|100/100
|switch|p2a: Kleavor|Kleavor, M|100/100
|-weather|Snow|[from] ability: Snow Warning|[of] p1a: Abomasnow
|turn|1
|
|move|p2a: Kleavor|X-Scissor|p1a: Abomasnow
|-supereffective|p1a: Abomasnow
|-damage|p1a: Abomasnow|6/100
|move|p1a: Abomasnow|Aurora Veil|p1a: Abomasnow
|-sidestart|p1: TrainerCyan1|move: Aurora Veil
|
|-weather|Snow|[upkeep]
|turn|2
|
|move|p2a: Kleavor|X-Scissor|p1a: Abomasnow
|-supereffective|p1a: Abomasnow
|-crit|p1a: Abomasnow
|-damage|p1a: Abomasnow|0 fnt
|faint|p1a: Abomasnow
|
|-weather|Snow|[upkeep]
|
|switch|p1a: Frosmoth|Frosmoth, M|100/100
|turn|3
|
|switch|p1a: Vaporeon|Vaporeon, M|100/100
|move|p2a: Kleavor|X-Scissor|p1a: Vaporeon
|-damage|p1a: Vaporeon|64/100
|
|-weather|Snow|[upkeep]
|-heal|p1a: Vaporeon|70/100|[from] item: Leftovers
|turn|4
|
|switch|p2a: Tornadus|Tornadus, M|100/100
|move|p1a: Vaporeon|Wish|p1a: Vaporeon
|
|-weather|Snow|[upkeep]
|-heal|p1a: Vaporeon|76/100|[from] item: Leftovers
|turn|5
|
|move|p2a: Tornadus|Tailwind|p2a: Tornadus
|-sidestart|p2: The-shiv77|move: Tailwind
|move|p1a: Vaporeon|Blizzard|p2a: Tornadus
|-supereffective|p2a: Tornadus
|-damage|p2a: Tornadus|24/100
|
|-weather|Snow|[upkeep]
|-heal|p1a: Vaporeon|100/100|[from] move: Wish|[wisher] Vaporeon
|-sideend|p1: TrainerCyan1|move: Aurora Veil
|turn|6
|
|move|p2a: Tornadus|Bleakwind Storm|p1a: Vaporeon
|-damage|p1a: Vaporeon|70/100
|move|p1a: Vaporeon|Blizzard|p2a: Tornadus
|-supereffective|p2a: Tornadus
|-damage|p2a: Tornadus|0 fnt
|faint|p2a: Tornadus
|
|-weather|Snow|[upkeep]
|-heal|p1a: Vaporeon|76/100|[from] item: Leftovers
|
|switch|p2a: Goodra|Goodra-Hisui, F|100/100
|turn|7
|
|move|p1a: Vaporeon|Wish|p1a: Vaporeon
|move|p2a: Goodra|Dragon Tail|p1a: Vaporeon
|-damage|p1a: Vaporeon|45/100
|drag|p1a: Baxcalibur|Baxcalibur, M|100/100
|
|-weather|Snow|[upkeep]
|turn|8
|
|-terastallize|p1a: Baxcalibur|Fairy
|move|p1a: Baxcalibur|Swords Dance|p1a: Baxcalibur
|-boost|p1a: Baxcalibur|atk|2
|move|p2a: Goodra|Dragon Tail|p1a: Baxcalibur
|-immune|p1a: Baxcalibur
|
|-weather|none
|-sideend|p2: The-shiv77|move: Tailwind
|turn|9
|
|move|p1a: Baxcalibur|Icicle Spear|p2a: Goodra
|-damage|p2a: Goodra|79/100
|-damage|p2a: Goodra|55/100
|-damage|p2a: Goodra|31/100
|-damage|p2a: Goodra|7/100
|-damage|p2a: Goodra|0 fnt
|faint|p2a: Goodra
|-hitcount|p2: Goodra|5
|
|
|switch|p2a: Vivillon|Vivillon, M|100/100
|turn|10
|
|move|p2a: Vivillon|Sleep Powder|p1a: Baxcalibur
|-status|p1a: Baxcalibur|slp|[from] move: Sleep Powder
|cant|p1a: Baxcalibur|slp
|
|turn|11
|
|switch|p2a: Iron Treads|Iron Treads|100/100
|cant|p1a: Baxcalibur|slp
|
|turn|12
|
|move|p2a: Iron Treads|Heavy Slam|p1a: Baxcalibur
|-supereffective|p1a: Baxcalibur
|-damage|p1a: Baxcalibur|70/100 slp
|-curestatus|p1a: Baxcalibur|slp|[msg]
|move|p1a: Baxcalibur|Icicle Spear|p2a: Iron Treads
|-damage|p2a: Iron Treads|82/100
|-damage|p2a: Iron Treads|62/100
|-damage|p2a: Iron Treads|41/100
|-damage|p2a: Iron Treads|22/100
|-enditem|p2a: Iron Treads|Aguav Berry|[eat]
|-heal|p2a: Iron Treads|55/100|[from] item: Aguav Berry
|-hitcount|p2a: Iron Treads|4
|
|turn|13
|
|move|p2a: Iron Treads|Heavy Slam|p1a: Baxcalibur
|-supereffective|p1a: Baxcalibur
|-damage|p1a: Baxcalibur|40/100
|move|p1a: Baxcalibur|Icicle Spear|p2a: Iron Treads
|-damage|p2a: Iron Treads|37/100
|-damage|p2a: Iron Treads|16/100
|-damage|p2a: Iron Treads|0 fnt
|faint|p2a: Iron Treads
|-end|p2a: Iron Treads|Quark Drive|[silent]
|-hitcount|p2: Iron Treads|3
|
|
|switch|p2a: Vivillon|Vivillon, M|100/100
|turn|14
|-message|The-shiv77 forfeited.
|
|win|TrainerCyan1
