|poke|p1|Ceruledge, M|
|poke|p1|Hydreigon, F|
|poke|p1|Great Tusk|
|poke|p1|Kingambit, F|
|poke|p1|Hatterene, F|
|poke|p1|Baxcalibur, F|
|poke|p2|Slowking, M|
|poke|p2|Cetitan, M|
|poke|p2|Abomasnow, M|
|poke|p2|Greninja, F|
|poke|p2|Salamence, F|
|poke|p2|Dragonite, M|
|teampreview
|
|start
|switch|p1a: Hydreigon|Hydreigon, F|100/100
|switch|p2a: Slowking|Slowking, M|100/100
|turn|1
|
|move|p1a: Hydreigon|Stealth Rock|p2a: Slowking
|-sidestart|p2: p2|move: Stealth Rock
|move|p2a: Slowking|Chilly Reception|p2a: Slowking
|-weather|Snow
|
|switch|p2a: Cetitan|Cetitan, M|100/100|[from] Chilly Reception
|-damage|p2a: Cetitan|75/100|[from] Stealth Rock
|
|-weather|Snow|[upkeep]
|turn|2
|
|-terastallize|p1a: Hydreigon|Steel
|move|p2a: Cetitan|Icicle Crash|p1a: Hydreigon
|-resisted|p1a: Hydreigon
|-damage|p1a: Hydreigon|65/100
|-enditem|p1a: Hydreigon|Eject Button
|
|switch|p1a: Kingambit|Kingambit, F|100/100
|
|-weather|Snow|[upkeep]
|turn|3
|
|switch|p2a: Slowking|Slowking, M|100/100
|-damage|p2a: Slowking|88/100|[from] Stealth Rock
|move|p1a: Kingambit|Low Kick|p2a: Slowking
|-resisted|p2a: Slowking
|-damage|p2a: Slowking|71/100
|
|-weather|Snow|[upkeep]
|turn|4
|
|switch|p2a: Greninja|Greninja, F|100/100
|-damage|p2a: Greninja|88/100|[from] Stealth Rock
|move|p1a: Kingambit|Swords Dance|p1a: Kingambit
|-boost|p1a: Kingambit|atk|2
|
|-weather|Snow|[upkeep]
|turn|5
|
|move|p2a: Greninja|Liquidation|p1a: Kingambit
|-start|p2a: Greninja|typechange|Water|[from] ability: Protean
|-damage|p1a: Kingambit|53/100
|move|p1a: Kingambit|Kowtow Cleave|p2a: Greninja
|-damage|p2a: Greninja|0 fnt
|faint|p2a: Greninja
|
|-weather|Snow|[upkeep]
|-heal|p1a: Kingambit|59/100|[from] item: Leftovers
|
|switch|p2a: Cetitan|Cetitan, M|75/100
|-damage|p2a: Cetitan|50/100|[from] Stealth Rock
|turn|6
|
|move|p1a: Kingambit|Sucker Punch|p2a: Cetitan
|-damage|p2a: Cetitan|0 fnt
|faint|p2a: Cetitan
|
|-weather|Snow|[upkeep]
|-heal|p1a: Kingambit|65/100|[from] item: Leftovers
|
|switch|p2a: Abomasnow|Abomasnow, M|100/100
|-damage|p2a: Abomasnow|76/100|[from] Stealth Rock
|turn|7
|
|move|p1a: Kingambit|Low Kick|p2a: Abomasnow
|-supereffective|p2a: Abomasnow
|-damage|p2a: Abomasnow|0 fnt
|faint|p2a: Abomasnow
|
|-weather|Snow|[upkeep]
|-heal|p1a: Kingambit|71/100|[from] item: Leftovers
|-message|p2 forfeited.
|
|win|p1
