|poke|p1|Enamorus, F|
|poke|p1|Tauros-Paldea-Aqua, M|
|poke|p1|Garchomp, M|
|poke|p1|Zamazenta-*|
|poke|p1|Gholdengo|
|poke|p1|Kingambit, M|
|poke|p2|Magearna|
|poke|p2|Sneasler, F|
|poke|p2|Dragapult, F|
|poke|p2|Zamazenta-*|
|poke|p2|Volcarona, M|
|poke|p2|Ursaluna, F|
|teampreview
|
|start
|switch|p1a: Kingambit|Kingambit, M|100/100
|switch|p2a: Dragapult|Dragapult, F|100/100
|turn|1
|
|move|p2a: Dragapult|Will-O-Wisp|p1a: Kingambit
|-status|p1a: Kingambit|brn
|move|p1a: Kingambit|Kowtow Cleave|p2a: Dragapult
|-supereffective|p2a: Dragapult
|-damage|p2a: Dragapult|41/100
|
|-damage|p1a: Kingambit|94/100 brn|[from] brn
|turn|2
|
|move|p2a: Dragapult|Reflect|p2a: Dragapult
|-sidestart|p2: GLOWKING SWEEP|Reflect
|move|p1a: Kingambit|Kowtow Cleave|p2a: Dragapult
|-supereffective|p2a: Dragapult
|-damage|p2a: Dragapult|14/100
|-start|p1a: Kingambit|Disable|Kowtow Cleave|[from] ability: Cursed Body|[of] p2a: Dragapult
|
|-heal|p1a: Kingambit|100/100 brn|[from] item: Leftovers
|-damage|p1a: Kingambit|94/100 brn|[from] brn
|turn|3
|
|move|p2a: Dragapult|Light Screen|p2a: Dragapult
|-sidestart|p2: GLOWKING SWEEP|move: Light Screen
|move|p1a: Kingambit|Iron Head|p2a: Dragapult
|-damage|p2a: Dragapult|0 fnt
|faint|p2a: Dragapult
|
|-heal|p1a: Kingambit|100/100 brn|[from] item: Leftovers
|-damage|p1a: Kingambit|94/100 brn|[from] brn
|
|switch|p2a: Magearna|Magearna|100/100
|turn|4
|
|switch|p1a: Garchomp|Garchomp, M|100/100
|move|p2a: Magearna|Calm Mind|p2a: Magearna
|-boost|p2a: Magearna|spa|1
|-boost|p2a: Magearna|spd|1
|
|turn|5
|
|move|p2a: Magearna|Shift Gear|p2a: Magearna
|-boost|p2a: Magearna|spe|2
|-boost|p2a: Magearna|atk|1
|move|p1a: Garchomp|Dragon Tail|p2a: Magearna
|-immune|p2a: Magearna
|
|turn|6
|
|-terastallize|p1a: Garchomp|Steel
|move|p2a: Magearna|Shift Gear|p2a: Magearna
|-boost|p2a: Magearna|spe|2
|-boost|p2a: Magearna|atk|1
|move|p1a: Garchomp|Earthquake|p2a: Magearna
|-supereffective|p2a: Magearna
|-damage|p2a: Magearna|58/100
|
|-heal|p2a: Magearna|64/100|[from] item: Leftovers
|turn|7
|
|move|p2a: Magearna|Stored Power|p1a: Garchomp
|-resisted|p1a: Garchomp
|-damage|p1a: Garchomp|49/100
|move|p1a: Garchomp|Dragon Tail|p2a: Magearna
|-immune|p2a: Magearna
|
|-heal|p2a: Magearna|70/100|[from] item: Leftovers
|turn|8
|
|move|p2a: Magearna|Calm Mind|p2a: Magearna
|-boost|p2a: Magearna|spa|1
|-boost|p2a: Magearna|spd|1
|move|p1a: Garchomp|Earthquake|p2a: Magearna
|-supereffective|p2a: Magearna
|-damage|p2a: Magearna|29/100
|
|-heal|p2a: Magearna|35/100|[from] item: Leftovers
|turn|9
|
|move|p2a: Magearna|Stored Power|p1a: Garchomp
|-resisted|p1a: Garchomp
|-damage|p1a: Garchomp|0 fnt
|faint|p1a: Garchomp
|-ability|p2a: Magearna|Soul-Heart|boost
|-boost|p2a: Magearna|spa|1
|
|-heal|p2a: Magearna|41/100|[from] item: Leftovers
|-sideend|p2: GLOWKING SWEEP|Reflect
|
|switch|p1a: Tauros|Tauros-Paldea-Aqua, M|100/100
|-ability|p1a: Tauros|Intimidate|boost
|-unboost|p2a: Magearna|atk|1
|turn|10
|
|move|p1a: Tauros|Aqua Jet|p2a: Magearna
|-damage|p2a: Magearna|16/100
|move|p2a: Magearna|Draining Kiss|p1a: Tauros
|-supereffective|p1a: Tauros
|-damage|p1a: Tauros|0 fnt
|-heal|p2a: Magearna|85/100|[from] drain|[of] p1a: Tauros
|faint|p1a: Tauros
|-ability|p2a: Magearna|Soul-Heart|boost
|-boost|p2a: Magearna|spa|1
|
|-heal|p2a: Magearna|91/100|[from] item: Leftovers
|-sideend|p2: GLOWKING SWEEP|move: Light Screen
|-message|Cra3k forfeited.
|
|win|GLOWKING SWEEP
