|poke|p1|Hoopa-Unbound|
|poke|p1|Gholdengo|
|poke|p1|Great Tusk|
|poke|p1|Magearna|
|poke|p1|Urshifu-*, F|
|poke|p1|Tornadus-Therian, M|
|poke|p2|Kleavor, F|
|poke|p2|Pelipper, F|
|poke|p2|Basculegion, M|
|poke|p2|Iron Treads|
|poke|p2|Rabsca, F|
|poke|p2|Dragonite, F|
|teampreview
|
|start
|switch|p1a: Gholdengo|Gholdengo|100/100
|switch|p2a: Pelipper|Pelipper, F|100/100
|-weather|RainDance|[from] ability: Drizzle|[of] p2a: Pelipper
|turn|1
|
|switch|p2a: Iron Treads|Iron Treads|100/100
|move|p1a: Gholdengo|Shadow Ball|p2a: Iron Treads
|-damage|p2a: Iron Treads|63/100
|
|-weather|RainDance|[upkeep]
|turn|2
|
|switch|p1a: Tornadus|Tornadus-Therian, M|100/100
|move|p2a: Iron Treads|Ice Spinner|p1a: Tornadus
|-supereffective|p1a: Tornadus
|-damage|p1a: Tornadus|33/100
|
|-weather|RainDance|[upkeep]
|turn|3
|
|switch|p1a: Urshifu|Urshifu-Rapid-Strike, F|100/100
|move|p2a: Iron Treads|Earthquake|p1a: Urshifu
|-damage|p1a: Urshifu|54/100
|
|-weather|RainDance|[upkeep]
|turn|4
|
|move|p1a: Urshifu|Surging Strikes|p2a: Iron Treads
|-supereffective|p2a: Iron Treads
|-crit|p2a: Iron Treads
|-damage|p2a: Iron Treads|11/100
|-supereffective|p2a: Iron Treads
|-crit|p2a: Iron Treads
|-damage|p2a: Iron Treads|0 fnt
|faint|p2a: Iron Treads
|-end|p2a: Iron Treads|Quark Drive|[silent]
|-hitcount|p2: Iron Treads|2
|
|-weather|RainDance|[upkeep]
|
|switch|p2a: Basculegion|Basculegion, M|100/100
|turn|5
|
|switch|p1a: Gholdengo|Gholdengo|100/100
|-terastallize|p2a: Basculegion|Water
|move|p2a: Basculegion|Wave Crash|p1a: Gholdengo
|-damage|p1a: Gholdengo|0 fnt
|faint|p1a: Gholdengo
|-damage|p2a: Basculegion|73/100|[from] Recoil
|
|-weather|RainDance|[upkeep]
|
|switch|p1a: Great Tusk|Great Tusk|100/100
|turn|6
|
|move|p2a: Basculegion|Wave Crash|p1a: Great Tusk
|-supereffective|p1a: Great Tusk
|-damage|p1a: Great Tusk|0 fnt
|-damage|p2a: Basculegion|57/100|[from] item: Rocky Helmet|[of] p1a: Great Tusk
|faint|p1a: Great Tusk
|-end|p1a: Great Tusk|Protosynthesis|[silent]
|-damage|p2a: Basculegion|19/100|[from] Recoil
|
|-weather|RainDance|[upkeep]
|
|switch|p1a: Urshifu|Urshifu-Rapid-Strike, F|54/100
|turn|7
|
|switch|p1a: Tornadus|Tornadus-Therian, M|67/100
|move|p2a: Basculegion|Wave Crash|p1a: Tornadus
|-damage|p1a: Tornadus|0 fnt
|faint|p1a: Tornadus
|-damage|p2a: Basculegion|0 fnt|[from] Recoil
|faint|p2a: Basculegion
|
|-weather|RainDance|[upkeep]
|
|switch|p1a: Magearna|Magearna|100/100
|switch|p2a: Dragonite|Dragonite, F|100/100
|turn|8
|
|-terastallize|p1a: Magearna|Flying
|move|p2a: Dragonite|Thunder|p1a: Magearna
|-supereffective|p1a: Magearna
|-damage|p1a: Magearna|61/100
|move|p1a: Magearna|Ice Beam|p2a: Dragonite
|-supereffective|p2a: Dragonite
|-damage|p2a: Dragonite|42/100
|
|-weather|none
|turn|9
|
|move|p2a: Dragonite|Thunder|p1a: Magearna
|-supereffective|p1a: Magearna
|-damage|p1a: Magearna|25/100
|-status|p1a: Magearna|par
|move|p1a: Magearna|Ice Beam|p2a: Dragonite
|-supereffective|p2a: Dragonite
|-damage|p2a: Dragonite|0 fnt
|faint|p2a: Dragonite
|-ability|p1a: Magearna|Soul-Heart|boost
|-boost|p1a: Magearna|spa|1
|
|
|switch|p2a: Rabsca|Rabsca, F|100/100
|turn|10
|
|switch|p1a: Hoopa|Hoopa-Unbound|100/100
|move|p2a: Rabsca|Trick Room|p2a: Rabsca
|-fieldstart|move: Trick Room|[of] p2a: Rabsca
|
|turn|11
|
|move|p2a: Rabsca|Revival Blessing|p2a: Rabsca
|
|-heal|p2: Basculegion|50/100|[from] move: Revival Blessing
|move|p1a: Hoopa|Dark Pulse|p2a: Rabsca
|-supereffective|p2a: Rabsca
|-enditem|p2a: Rabsca|Focus Sash
|-damage|p2a: Rabsca|1/100
|
|turn|12
|
|move|p2a: Rabsca|Dazzling Gleam|p1a: Hoopa
|-supereffective|p1a: Hoopa
|-damage|p1a: Hoopa|49/100
|move|p1a: Hoopa|Dark Pulse|p2a: Rabsca
|-supereffective|p2a: Rabsca
|-crit|p2a: Rabsca
|-damage|p2a: Rabsca|0 fnt
|faint|p2a: Rabsca
|
|
|switch|p2a: Pelipper|Pelipper, F|100/100
|-weather|RainDance|[from] ability: Drizzle|[of] p2a: Pelipper
|turn|13
|
|switch|p1a: Magearna|Magearna, tera:Flying|25/100 par
|move|p2a: Pelipper|U-turn|p1a: Magearna
|-resisted|p1a: Magearna
|-damage|p1a: Magearna|22/100 par
|
|switch|p2a: Kleavor|Kleavor, F|100/100|[from] U-turn
|
|-weather|RainDance|[upkeep]
|turn|14
|
|move|p1a: Magearna|Fleur Cannon|p2a: Kleavor
|-crit|p2a: Kleavor
|-enditem|p2a: Kleavor|Focus Sash
|-damage|p2a: Kleavor|1/100
|-unboost|p1a: Magearna|spa|2
|move|p2a: Kleavor|Stone Axe|p1a: Magearna
|-supereffective|p1a: Magearna
|-damage|p1a: Magearna|0 fnt
|-sidestart|p1: p1|move: Stealth Rock
|faint|p1a: Magearna
|
|-weather|RainDance|[upkeep]
|-fieldend|move: Trick Room
|
|switch|p1a: Urshifu|Urshifu-Rapid-Strike, F|54/100
|-damage|p1a: Urshifu|47/100|[from] Stealth Rock
|turn|15
|
|move|p1a: Urshifu|Surging Strikes|p2a: Kleavor
|-supereffective|p2a: Kleavor
|-crit|p2a: Kleavor
|-damage|p2a: Kleavor|0 fnt
|faint|p2a: Kleavor
|-hitcount|p2: Kleavor|1
|
|-weather|RainDance|[upkeep]
|
|switch|p2a: Basculegion|Basculegion, M|50/100
|turn|16
|
|move|p2a: Basculegion|Wave Crash|p1a: Urshifu
|-resisted|p1a: Urshifu
|-damage|p1a: Urshifu|0 fnt
|faint|p1a: Urshifu
|-damage|p2a: Basculegion|36/100|[from] Recoil
|
|-weather|RainDance|[upkeep]
|-message|p1 forfeited.
|
|win|p2
