|poke|p1|Dragapult, M|
|poke|p1|Chien-Pao|
|poke|p1|Garchomp, M|
|poke|p1|Urshifu-*, M|
|poke|p1|Iron Treads|
|poke|p1|Toxapex, F|
|poke|p2|Typhlosion-Hisui, M|
|poke|p2|Samurott-Hisui, M|
|poke|p2|Magearna|
|poke|p2|Tornadus-Therian, M|
|poke|p2|Landorus-Therian, M|
|poke|p2|Zapdos|
|teampreview
|
|start
|switch|p1a: Chien-Pao|Chien-Pao|100/100
|switch|p2a: Typhlosion|Typhlosion-Hisui, M|100/100
|-ability|p1a: Chien-Pao|Sword of Ruin
|turn|1
|
|move|p1a: Chien-Pao|Crunch|p2a: Typhlosion
|-supereffective|p2a: Typhlosion
|-enditem|p2a: Typhlosion|Focus Sash
|-damage|p2a: Typhlosion|1/100
|move|p2a: Typhlosion|Lava Plume|p1a: Chien-Pao
|-supereffective|p1a: Chien-Pao
|-damage|p1a: Chien-Pao|0 fnt
|faint|p1a: Chien-Pao
|
|
|switch|p1a: Urshifu|Urshifu-Rapid-Strike, M|100/100
|turn|2
|
|move|p1a: Urshifu|Aqua Jet|p2a: Typhlosion
|-supereffective|p2a: Typhlosion
|-damage|p2a: Typhlosion|0 fnt
|faint|p2a: Typhlosion
|
|
|switch|p2a: Magearna|Magearna|100/100
|turn|3
|
|switch|p1a: Iron Treads|Iron Treads|100/100
|move|p2a: Magearna|Calm Mind|p2a: Magearna
|-boost|p2a: Magearna|spa|1
|-boost|p2a: Magearna|spd|1
|
|turn|4
|
|move|p1a: Iron Treads|Knock Off|p2a: Magearna
|-resisted|p2a: Magearna
|-damage|p2a: Magearna|93/100
|-enditem|p2a: Magearna|Covert Cloak|[from] move: Knock Off|[of] p1a: Iron Treads
|move|p2a: Magearna|Draining Kiss|p1a: Iron Treads
|-resisted|p1a: Iron Treads
|-damage|p1a: Iron Treads|91/100
|-heal|p2a: Magearna|99/100|[from] drain|[of] p1a: Iron Treads
|
|turn|5
|
|switch|p2a: Landorus|Landorus-Therian, M|100/100
|-ability|p2a: Landorus|Intimidate|boost
|-unboost|p1a: Iron Treads|atk|1
|move|p1a: Iron Treads|Earthquake|p2a: Landorus
|-immune|p2a: Landorus
|
|turn|6
|
|-end|p1a: Iron Treads|Quark Drive|[silent]
|switch|p1a: Urshifu|Urshifu-Rapid-Strike, M|100/100
|move|p2a: Landorus|Earthquake|p1a: Urshifu
|-damage|p1a: Urshifu|48/100
|
|turn|7
|
|move|p1a: Urshifu|Surging Strikes|p2a: Landorus
|-supereffective|p2a: Landorus
|-crit|p2a: Landorus
|-damage|p2a: Landorus|44/100
|-supereffective|p2a: Landorus
|-crit|p2a: Landorus
|-damage|p2a: Landorus|0 fnt
|faint|p2a: Landorus
|-hitcount|p2: Landorus|2
|
|
|switch|p2a: Zapdos|Zapdos, shiny|100/100
|turn|8
|
|switch|p1a: Garchomp|Garchomp, M|100/100
|move|p2a: Zapdos|Hurricane|p1a: Garchomp
|-damage|p1a: Garchomp|31/100
|
|turn|9
|
|move|p1a: Garchomp|Draco Meteor|p2a: Zapdos
|-damage|p2a: Zapdos|52/100
|-unboost|p1a: Garchomp|spa|2
|move|p2a: Zapdos|Hurricane|p1a: Garchomp
|-damage|p1a: Garchomp|0 fnt
|faint|p1a: Garchomp
|
|-heal|p2a: Zapdos|59/100|[from] item: Leftovers
|
|switch|p1a: Iron Treads|Iron Treads|91/100
|turn|10
|
|switch|p2a: Samurott|Samurott-Hisui, M|100/100
|move|p1a: Iron Treads|Knock Off|p2a: Samurott
|-resisted|p2a: Samurott
|-damage|p2a: Samurott|86/100
|-enditem|p2a: Samurott|Assault Vest|[from] move: Knock Off|[of] p1a: Iron Treads
|
|turn|11
|
|-end|p1a: Iron Treads|Quark Drive|[silent]
|switch|p1a: Urshifu|Urshifu-Rapid-Strike, M|48/100
|move|p2a: Samurott|Ceaseless Edge|p1a: Urshifu
|-resisted|p1a: Urshifu
|-damage|p1a: Urshifu|26/100
|-sidestart|p1: p1|Spikes
|
|turn|12
|
|move|p2a: Samurott|Sucker Punch|p1a: Urshifu
|-resisted|p1a: Urshifu
|-damage|p1a: Urshifu|11/100
|move|p1a: Urshifu|Surging Strikes|p2a: Samurott
|-resisted|p2a: Samurott
|-crit|p2a: Samurott
|-damage|p2a: Samurott|73/100
|-resisted|p2a: Samurott
|-crit|p2a: Samurott
|-damage|p2a: Samurott|58/100
|-resisted|p2a: Samurott
|-crit|p2a: Samurott
|-damage|p2a: Samurott|44/100
|-hitcount|p2a: Samurott|3
|
|turn|13
|
|move|p2a: Samurott|Sucker Punch|p1a: Urshifu
|-resisted|p1a: Urshifu
|-damage|p1a: Urshifu|0 fnt
|faint|p1a: Urshifu
|
|
|switch|p1a: Toxapex|Toxapex, F|100/100
|-damage|p1a: Toxapex|88/100|[from] Spikes
|turn|14
|
|switch|p2a: Zapdos|Zapdos, shiny|59/100
|move|p1a: Toxapex|Toxic|p2a: Zapdos
|-status|p2a: Zapdos|tox
|
|-heal|p2a: Zapdos|65/100 tox|[from] item: Leftovers
|-heal|p1a: Toxapex|94/100|[from] item: Leftovers
|-damage|p2a: Zapdos|59/100 tox|[from] psn
|turn|15
|
|switch|p1a: Iron Treads|Iron Treads|91/100
|-damage|p1a: Iron Treads|78/100|[from] Spikes
|move|p2a: Zapdos|Roost|p2a: Zapdos
|-heal|p2a: Zapdos|100/100 tox
|-singleturn|p2a: Zapdos|move: Roost
|
|-damage|p2a: Zapdos|88/100 tox|[from] psn
|turn|16
|
|switch|p2a: Tornadus|Tornadus-Therian, M, shiny|100/100
|move|p1a: Iron Treads|Rapid Spin|p2a: Tornadus
|-damage|p2a: Tornadus|85/100
|-boost|p1a: Iron Treads|spe|1
|-sideend|p1: p1|Spikes|[from] move: Rapid Spin|[of] p1a: Iron Treads
|
|turn|17
|
|move|p1a: Iron Treads|Knock Off|p2a: Tornadus
|-damage|p2a: Tornadus|54/100
|-enditem|p2a: Tornadus|Heavy-Duty Boots|[from] move: Knock Off|[of] p1a: Iron Treads
|move|p2a: Tornadus|Nasty Plot|p2a: Tornadus
|-boost|p2a: Tornadus|spa|2
|
|turn|18
|
|move|p1a: Iron Treads|Iron Head|p2a: Tornadus
|-damage|p2a: Tornadus|11/100
|move|p2a: Tornadus|Heat Wave|p1a: Iron Treads
|-supereffective|p1a: Iron Treads
|-damage|p1a: Iron Treads|8/100
|
|turn|19
|
|switch|p2a: Samurott|Samurott-Hisui, M|44/100
|move|p1a: Iron Treads|Iron Head|p2a: Samurott
|-resisted|p2a: Samurott
|-damage|p2a: Samurott|23/100
|
|turn|20
|
|-end|p1a: Iron Treads|Quark Drive|[silent]
|switch|p1a: Toxapex|Toxapex, F|100/100
|move|p2a: Samurott|Sucker Punch||[still]
|-fail|p2a: Samurott
|
|turn|21
|
|move|p2a: Samurott|Ceaseless Edge|p1a: Toxapex
|-damage|p1a: Toxapex|74/100
|-sidestart|p1: p1|Spikes
|move|p1a: Toxapex|Surf|p2a: Samurott
|-resisted|p2a: Samurott
|-damage|p2a: Samurott|10/100
|
|-heal|p1a: Toxapex|80/100|[from] item: Leftovers
|turn|22
|
|move|p2a: Samurott|Ceaseless Edge|p1a: Toxapex
|-damage|p1a: Toxapex|52/100
|-sidestart|p1: p1|Spikes
|move|p1a: Toxapex|Toxic|p2a: Samurott
|-status|p2a: Samurott|tox
|
|-heal|p1a: Toxapex|58/100|[from] item: Leftovers
|-damage|p2a: Samurott|4/100 tox|[from] psn
|turn|23
|
|move|p2a: Samurott|Ceaseless Edge|p1a: Toxapex
|-damage|p1a: Toxapex|32/100
|-sidestart|p1: p1|Spikes
|move|p1a: Toxapex|Recover|p1a: Toxapex
|-heal|p1a: Toxapex|82/100
|
|-heal|p1a: Toxapex|88/100|[from] item: Leftovers
|-damage|p2a: Samurott|0 fnt|[from] psn
|faint|p2a: Samurott
|
|switch|p2a: Zapdos|Zapdos, shiny|88/100 tox
|turn|24
|
|switch|p1a: Dragapult|Dragapult, M|100/100
|-damage|p1a: Dragapult|76/100|[from] Spikes
|move|p2a: Zapdos|Charge|p2a: Zapdos
|-boost|p2a: Zapdos|spd|1
|-start|p2a: Zapdos|Charge
|
|-heal|p2a: Zapdos|94/100 tox|[from] item: Leftovers
|-damage|p2a: Zapdos|88/100 tox|[from] psn
|turn|25
|
|switch|p2a: Tornadus|Tornadus-Therian, M, shiny|45/100
|move|p1a: Dragapult|Draco Meteor|p2a: Tornadus
|-damage|p2a: Tornadus|0 fnt
|-unboost|p1a: Dragapult|spa|2
|faint|p2a: Tornadus
|
|
|switch|p2a: Magearna|Magearna|99/100
|turn|26
|
|switch|p1a: Toxapex|Toxapex, F|100/100
|-damage|p1a: Toxapex|75/100|[from] Spikes
|move|p2a: Magearna|Calm Mind|p2a: Magearna
|-boost|p2a: Magearna|spa|1
|-boost|p2a: Magearna|spd|1
|
|-heal|p1a: Toxapex|82/100|[from] item: Leftovers
|turn|27
|
|move|p2a: Magearna|Shadow Ball|p1a: Toxapex
|-damage|p1a: Toxapex|51/100
|move|p1a: Toxapex|Haze|p1a: Toxapex
|-clearallboost
|
|-heal|p1a: Toxapex|57/100|[from] item: Leftovers
|turn|28
|
|move|p2a: Magearna|Calm Mind|p2a: Magearna
|-boost|p2a: Magearna|spa|1
|-boost|p2a: Magearna|spd|1
|move|p1a: Toxapex|Surf|p2a: Magearna
|-damage|p2a: Magearna|88/100
|
|-heal|p1a: Toxapex|64/100|[from] item: Leftovers
|turn|29
|
|move|p2a: Magearna|Shadow Ball|p1a: Toxapex
|-damage|p1a: Toxapex|35/100
|move|p1a: Toxapex|Recover|p1a: Toxapex
|-heal|p1a: Toxapex|85/100
|
|-heal|p1a: Toxapex|92/100|[from] item: Leftovers
|turn|30
|
|move|p2a: Magearna|Shadow Ball|p1a: Toxapex
|-damage|p1a: Toxapex|62/100
|move|p1a: Toxapex|Haze|p1a: Toxapex
|-clearallboost
|
|-heal|p1a: Toxapex|69/100|[from] item: Leftovers
|turn|31
|
|move|p2a: Magearna|Calm Mind|p2a: Magearna
|-boost|p2a: Magearna|spa|1
|-boost|p2a: Magearna|spd|1
|move|p1a: Toxapex|Surf|p2a: Magearna
|-damage|p2a: Magearna|78/100
|
|-heal|p1a: Toxapex|75/100|[from] item: Leftovers
|turn|32
|
|move|p2a: Magearna|Shadow Ball|p1a: Toxapex
|-damage|p1a: Toxapex|45/100
|move|p1a: Toxapex|Haze|p1a: Toxapex
|-clearallboost
|
|-heal|p1a: Toxapex|51/100|[from] item: Leftovers
|turn|33
|
|switch|p2a: Zapdos|Zapdos, shiny|88/100 tox
|move|p1a: Toxapex|Haze|p1a: Toxapex
|-clearallboost
|
|-heal|p2a: Zapdos|94/100 tox|[from] item: Leftovers
|-heal|p1a: Toxapex|58/100|[from] item: Leftovers
|-damage|p2a: Zapdos|88/100 tox|[from] psn
|turn|34
|
|move|p2a: Zapdos|Charge|p2a: Zapdos
|-boost|p2a: Zapdos|spd|1
|-start|p2a: Zapdos|Charge
|move|p1a: Toxapex|Recover|p1a: Toxapex
|-heal|p1a: Toxapex|100/100
|
|-heal|p2a: Zapdos|94/100 tox|[from] item: Leftovers
|-damage|p2a: Zapdos|82/100 tox|[from] psn
|turn|35
|
|move|p2a: Zapdos|Discharge|p1a: Toxapex
|-supereffective|p1a: Toxapex
|-damage|p1a: Toxapex|0 fnt
|faint|p1a: Toxapex
|-end|p2a: Zapdos|Charge|[silent]
|
|-heal|p2a: Zapdos|88/100 tox|[from] item: Leftovers
|-damage|p2a: Zapdos|70/100 tox|[from] psn
|
|switch|p1a: Dragapult|Dragapult, M|76/100
|-damage|p1a: Dragapult|51/100|[from] Spikes
|turn|36
|
|move|p1a: Dragapult|Draco Meteor|p2a: Zapdos
|-damage|p2a: Zapdos|6/100 tox
|-unboost|p1a: Dragapult|spa|2
|move|p2a: Zapdos|Roost|p2a: Zapdos
|-heal|p2a: Zapdos|56/100 tox
|-singleturn|p2a: Zapdos|move: Roost
|
|-heal|p2a: Zapdos|63/100 tox|[from] item: Leftovers
|-damage|p2a: Zapdos|38/100 tox|[from] psn
|turn|37
|
|switch|p1a: Iron Treads|Iron Treads|8/100
|-damage|p1a: Iron Treads|0 fnt|[from] Spikes
|faint|p1a: Iron Treads
|-end|p1a: Iron Treads|Quark Drive|[silent]
|switch|p2a: Magearna|Magearna|78/100
|
|
|switch|p1a: Dragapult|Dragapult, M|51/100
|-damage|p1a: Dragapult|26/100|[from] Spikes
|turn|38
|
|-terastallize|p2a: Magearna|Fairy
|move|p1a: Dragapult|Shadow Ball|p2a: Magearna
|-damage|p2a: Magearna|37/100
|move|p2a: Magearna|Draining Kiss|p1a: Dragapult
|-supereffective|p1a: Dragapult
|-damage|p1a: Dragapult|0 fnt
|-heal|p2a: Magearna|54/100|[from] drain|[of] p1a: Dragapult
|faint|p1a: Dragapult
|
|win|p2
