|poke|p1|Garganacl, M|
|poke|p1|Volcarona, M|
|poke|p1|Skeledirge, F|
|poke|p1|Landorus-Therian, M|
|poke|p1|Dragonite, M|
|poke|p1|Urshifu-*, M|
|poke|p2|Samurott-Hisui, F|
|poke|p2|Dragapult, F|
|poke|p2|Sneasler, F|
|poke|p2|Magearna|
|poke|p2|Volcarona, M|
|poke|p2|Zamazenta-*|
|teampreview
|
|start
|switch|p1a: Urshifu|Urshifu-Rapid-Strike, M|100/100
|switch|p2a: Mr. Crott|Samurott-Hisui, F|100/100
|turn|1
|
|move|p1a: Urshifu|Close Combat|p2a: Mr. Crott
|-supereffective|p2a: Mr. Crott
|-enditem|p2a: Mr. Crott|Focus Sash
|-damage|p2a: Mr. Crott|1/100
|-unboost|p1a: Urshifu|def|1
|-unboost|p1a: Urshifu|spd|1
|move|p2a: Mr. Crott|Ceaseless Edge|p1a: Urshifu
|-resisted|p1a: Urshifu
|-damage|p1a: Urshifu|61/100
|-sidestart|p1: p1|Spikes
|
|turn|2
|
|move|p2a: Mr. Crott|Aqua Jet|p1a: Urshifu
|-resisted|p1a: Urshifu
|-damage|p1a: Urshifu|46/100
|move|p1a: Urshifu|Surging Strikes|p2a: Mr. Crott
|-resisted|p2a: Mr. Crott
|-crit|p2a: Mr. Crott
|-damage|p2a: Mr. Crott|0 fnt
|faint|p2a: Mr. Crott
|-hitcount|p2: Mr. Crott|1
|
|
|switch|p2a: Child Abuser|Dragapult, F|100/100
|turn|3
|
|move|p2a: Child Abuser|Reflect|p2a: Child Abuser
|-sidestart|p2: p2|Reflect
|move|p1a: Urshifu|Surging Strikes|p2a: Child Abuser
|-resisted|p2a: Child Abuser
|-crit|p2a: Child Abuser
|-damage|p2a: Child Abuser|87/100
|-resisted|p2a: Child Abuser
|-crit|p2a: Child Abuser
|-damage|p2a: Child Abuser|76/100
|-resisted|p2a: Child Abuser
|-crit|p2a: Child Abuser
|-damage|p2a: Child Abuser|64/100
|-hitcount|p2a: Child Abuser|3
|
|turn|4
|
|move|p2a: Child Abuser|Light Screen|p2a: Child Abuser
|-sidestart|p2: p2|move: Light Screen
|move|p1a: Urshifu|Swords Dance|p1a: Urshifu
|-boost|p1a: Urshifu|atk|2
|
|turn|5
|
|move|p2a: Child Abuser|Curse|p1a: Urshifu
|-start|p1a: Urshifu|Curse|[of] p2a: Child Abuser
|-damage|p2a: Child Abuser|14/100
|move|p1a: Urshifu|Surging Strikes|p2a: Child Abuser
|-resisted|p2a: Child Abuser
|-crit|p2a: Child Abuser
|-damage|p2a: Child Abuser|0 fnt
|faint|p2a: Child Abuser
|-hitcount|p2: Child Abuser|1
|
|-damage|p1a: Urshifu|21/100|[from] Curse
|
|switch|p2a: Zamagenta|Zamazenta-Crowned|100/100
|-ability|p2a: Zamagenta|Dauntless Shield|boost
|-boost|p2a: Zamagenta|def|1
|turn|6
|
|move|p2a: Zamagenta|Body Press|p1a: Urshifu
|-damage|p1a: Urshifu|0 fnt
|faint|p1a: Urshifu
|
|
|switch|p1a: Skeledirge|Skeledirge, F|100/100
|turn|7
|
|switch|p2a: Fair and Balanced|Volcarona, M|100/100
|move|p1a: Skeledirge|Torch Song|p2a: Fair and Balanced
|-damage|p2a: Fair and Balanced|85/100
|-boost|p1a: Skeledirge|spa|1
|
|turn|8
|
|move|p2a: Fair and Balanced|Quiver Dance|p2a: Fair and Balanced
|-boost|p2a: Fair and Balanced|spa|1
|-boost|p2a: Fair and Balanced|spd|1
|-boost|p2a: Fair and Balanced|spe|1
|move|p1a: Skeledirge|Yawn|p2a: Fair and Balanced
|-start|p2a: Fair and Balanced|move: Yawn|[of] p1a: Skeledirge
|
|turn|9
|
|switch|p2a: Playboi Carti|Sneasler, F|100/100
|-item|p2a: Playboi Carti|Air Balloon
|move|p1a: Skeledirge|Torch Song|p2a: Playboi Carti
|-damage|p2a: Playboi Carti|74/100
|-boost|p1a: Skeledirge|spa|1
|-enditem|p2a: Playboi Carti|Air Balloon
|
|turn|10
|
|move|p2a: Playboi Carti|Night Slash|p1a: Skeledirge
|-supereffective|p1a: Skeledirge
|-damage|p1a: Skeledirge|71/100
|move|p1a: Skeledirge|Yawn|p2a: Playboi Carti
|-start|p2a: Playboi Carti|move: Yawn|[of] p1a: Skeledirge
|
|-sideend|p2: p2|Reflect
|turn|11
|
|move|p2a: Playboi Carti|Night Slash|p1a: Skeledirge
|-supereffective|p1a: Skeledirge
|-damage|p1a: Skeledirge|37/100
|move|p1a: Skeledirge|Torch Song|p2a: Playboi Carti
|-damage|p2a: Playboi Carti|40/100
|-boost|p1a: Skeledirge|spa|1
|
|-end|p2a: Playboi Carti|move: Yawn|[silent]
|-status|p2a: Playboi Carti|slp
|-sideend|p2: p2|move: Light Screen
|turn|12
|
|cant|p2a: Playboi Carti|slp
|move|p1a: Skeledirge|Slack Off|p1a: Skeledirge
|-heal|p1a: Skeledirge|87/100
|
|turn|13
|
|cant|p2a: Playboi Carti|slp
|move|p1a: Skeledirge|Torch Song|p2a: Playboi Carti
|-damage|p2a: Playboi Carti|0 fnt
|-boost|p1a: Skeledirge|spa|1
|faint|p2a: Playboi Carti
|
|
|switch|p2a: Zamagenta|Zamazenta-Crowned|100/100
|turn|14
|
|move|p2a: Zamagenta|Crunch|p1a: Skeledirge
|-supereffective|p1a: Skeledirge
|-damage|p1a: Skeledirge|62/100
|-unboost|p1a: Skeledirge|def|1
|move|p1a: Skeledirge|Torch Song|p2a: Zamagenta
|-supereffective|p2a: Zamagenta
|-damage|p2a: Zamagenta|0 fnt
|-boost|p1a: Skeledirge|spa|1
|faint|p2a: Zamagenta
|
|
|switch|p2a: Fair and Balanced|Volcarona, M|85/100
|turn|15
|
|-terastallize|p2a: Fair and Balanced|Ground
|move|p2a: Fair and Balanced|Tera Blast|p1a: Skeledirge
|-supereffective|p1a: Skeledirge
|-damage|p1a: Skeledirge|0 fnt
|faint|p1a: Skeledirge
|
|
|switch|p1a: Garganacl|Garganacl, M|100/100
|-damage|p1a: Garganacl|88/100|[from] Spikes
|turn|16
|
|-terastallize|p1a: Garganacl|Ghost
|move|p2a: Fair and Balanced|Tera Blast|p1a: Garganacl
|-crit|p1a: Garganacl
|-damage|p1a: Garganacl|24/100
|move|p1a: Garganacl|Salt Cure|p2a: Fair and Balanced
|-resisted|p2a: Fair and Balanced
|-damage|p2a: Fair and Balanced|75/100
|-start|p2a: Fair and Balanced|Salt Cure
|
|-heal|p1a: Garganacl|30/100|[from] item: Leftovers
|-damage|p2a: Fair and Balanced|63/100|[from] Salt Cure
|turn|17
|
|move|p1a: Garganacl|Protect|p1a: Garganacl
|-singleturn|p1a: Garganacl|Protect
|move|p2a: Fair and Balanced|Fiery Dance|p1a: Garganacl
|-activate|p1a: Garganacl|move: Protect
|
|-heal|p1a: Garganacl|36/100|[from] item: Leftovers
|-damage|p2a: Fair and Balanced|51/100|[from] Salt Cure
|turn|18
|
|switch|p1a: Landorus|Landorus-Therian, M|100/100
|-ability|p1a: Landorus|Intimidate|boost
|-unboost|p2a: Fair and Balanced|atk|1
|move|p2a: Fair and Balanced|Fiery Dance|p1a: Landorus
|-damage|p1a: Landorus|36/100
|
|-damage|p2a: Fair and Balanced|38/100|[from] Salt Cure
|turn|19
|
|move|p1a: Landorus|Earthquake|p2a: Fair and Balanced
|-damage|p2a: Fair and Balanced|0 fnt
|faint|p2a: Fair and Balanced
|
|
|switch|p2a: Twink|Magearna|100/100
|turn|20
|
|move|p1a: Landorus|Earthquake|p2a: Twink
|-supereffective|p2a: Twink
|-damage|p2a: Twink|10/100
|move|p2a: Twink|Iron Defense|p2a: Twink
|-boost|p2a: Twink|def|2
|
|-heal|p2a: Twink|16/100|[from] item: Leftovers
|turn|21
|-message|p2 forfeited.
|
|win|p1
