# advantage = p2
|poke|p1|Pelipper, M|
|poke|p1|Walking Wake|
|poke|p1|Floatzel, M|
|poke|p1|Rotom-Wash|
|poke|p1|Cinderace, M|
|poke|p1|Quaquaval, M|
|poke|p2|Iron Valiant|
|poke|p2|Ursaluna, F|
|poke|p2|Hoopa-Unbound|
|poke|p2|Azumarill, F|
|poke|p2|Grimmsnarl, M|
|poke|p2|Moltres-Galar|
|teampreview
|
|start
|switch|p1a: Pelipper|Pelipper, M, shiny|100/100
|switch|p2a: Grimmsnarl|Grimmsnarl, M|100/100
|-weather|RainDance|[from] ability: Drizzle|[of] p1a: Pelipper
|turn|1
|
|move|p2a: Grimmsnarl|Reflect|p2a: Grimmsnarl
|-sidestart|p2: p2|Reflect
|move|p1a: Pelipper|Knock Off|p2a: Grimmsnarl
|-resisted|p2a: Grimmsnarl
|-damage|p2a: Grimmsnarl|99/100
|-enditem|p2a: Grimmsnarl|Light Clay|[from] move: Knock Off|[of] p1a: Pelipper
|
|-weather|RainDance|[upkeep]
|turn|2
|
|move|p2a: Grimmsnarl|Parting Shot|p1a: Pelipper
|-unboost|p1a: Pelipper|atk|1
|-unboost|p1a: Pelipper|spa|1
|
|switch|p2a: Moltres|Moltres-Galar|100/100|[from] Parting Shot
|move|p1a: Pelipper|U-turn|p2a: Moltres
|-damage|p2a: Moltres|97/100
|
|switch|p1a: Walking Wake|Walking Wake|100/100|[from] U-turn
|
|-weather|RainDance|[upkeep]
|turn|3
|
|switch|p2a: Azumarill|Azumarill, F|100/100
|move|p1a: Walking Wake|Hydro Steam|p2a: Azumarill
|-resisted|p2a: Azumarill
|-damage|p2a: Azumarill|55/100
|
|-weather|RainDance|[upkeep]
|turn|4
|
|-terastallize|p1a: Walking Wake|Water
|move|p1a: Walking Wake|Hydro Steam|p2a: Azumarill
|-resisted|p2a: Azumarill
|-damage|p2a: Azumarill|0 fnt
|faint|p2a: Azumarill
|
|-weather|RainDance|[upkeep]
|
|switch|p2a: Grimmsnarl|Grimmsnarl, M|99/100
|turn|5
|
|move|p2a: Grimmsnarl|Light Screen|p2a: Grimmsnarl
|-sidestart|p2: p2|move: Light Screen
|move|p1a: Walking Wake|Hydro Steam|p2a: Grimmsnarl
|-damage|p2a: Grimmsnarl|57/100
|
|-weather|RainDance|[upkeep]
|turn|6
|
|-end|p1a: Walking Wake|Protosynthesis|[silent]
|switch|p1a: Rotom|Rotom-Wash, shiny|100/100
|move|p2a: Grimmsnarl|Parting Shot|p1a: Rotom
|-unboost|p1a: Rotom|atk|1
|-unboost|p1a: Rotom|spa|1
|
|switch|p2a: Moltres|Moltres-Galar|97/100|[from] Parting Shot
|
|-weather|RainDance|[upkeep]
|turn|7
|
|switch|p1a: Pelipper|Pelipper, M, shiny|100/100
|move|p2a: Moltres|Agility|p2a: Moltres
|-boost|p2a: Moltres|spe|2
|
|-weather|RainDance|[upkeep]
|turn|8
|
|move|p2a: Moltres|Fiery Wrath|p1a: Pelipper
|-damage|p1a: Pelipper|37/100
|move|p1a: Pelipper|Knock Off|p2a: Moltres
|-resisted|p2a: Moltres
|-damage|p2a: Moltres|93/100
|-enditem|p2a: Moltres|Weakness Policy|[from] move: Knock Off|[of] p1a: Pelipper
|
|-weather|none
|-sideend|p2: p2|Reflect
|turn|9
|
|switch|p1a: Rotom|Rotom-Wash, shiny|100/100
|move|p2a: Moltres|Nasty Plot|p2a: Moltres
|-boost|p2a: Moltres|spa|2
|
|-sideend|p2: p2|move: Light Screen
|turn|10
|
|-terastallize|p2a: Moltres|Dark
|move|p2a: Moltres|Agility|p2a: Moltres
|-boost|p2a: Moltres|spe|2
|move|p1a: Rotom|Volt Switch|p2a: Moltres
|-damage|p2a: Moltres|61/100
|
|switch|p1a: Pelipper|Pelipper, M, shiny|37/100|[from] Volt Switch
|-weather|RainDance|[from] ability: Drizzle|[of] p1a: Pelipper
|
|-weather|RainDance|[upkeep]
|turn|11
|
|switch|p1a: Rotom|Rotom-Wash, shiny|100/100
|move|p2a: Moltres|Nasty Plot|p2a: Moltres
|-boost|p2a: Moltres|spa|2
|
|-weather|RainDance|[upkeep]
|turn|12
|
|move|p2a: Moltres|Fiery Wrath|p1a: Rotom
|-crit|p1a: Rotom
|-damage|p1a: Rotom|0 fnt
|faint|p1a: Rotom
|
|-weather|RainDance|[upkeep]
|
|switch|p1a: Floatzel|Floatzel, M, shiny|100/100
|turn|13
|
|move|p1a: Floatzel|Aqua Jet|p2a: Moltres
|-damage|p2a: Moltres|11/100
|-ability|p2a: Moltres|Berserk|boost
|-boost|p2a: Moltres|spa|1
|move|p2a: Moltres|Fiery Wrath|p1a: Floatzel
|-damage|p1a: Floatzel|0 fnt
|faint|p1a: Floatzel
|
|-weather|RainDance|[upkeep]
|
|switch|p1a: Cinderace|Cinderace, M, shiny|100/100
|turn|14
|
|move|p1a: Cinderace|Sucker Punch||[still]
|-fail|p1a: Cinderace
|move|p2a: Moltres|Nasty Plot|p2a: Moltres
|-boost|p2a: Moltres|spa|1
|
|-weather|RainDance|[upkeep]
|turn|15
|
|move|p1a: Cinderace|Sucker Punch||[still]
|-fail|p1a: Cinderace
|move|p2a: Moltres|Nasty Plot|p2a: Moltres
|-boost|p2a: Moltres|spa|0
|
|-weather|RainDance|[upkeep]
|turn|16
|
|switch|p1a: Quaquaval|Quaquaval, M, shiny|100/100
|move|p2a: Moltres|Hurricane|p1a: Quaquaval
|-supereffective|p1a: Quaquaval
|-damage|p1a: Quaquaval|0 fnt
|faint|p1a: Quaquaval
|
|-weather|RainDance|[upkeep]
|
|switch|p1a: Cinderace|Cinderace, M, shiny|100/100
|turn|17
|
|move|p1a: Cinderace|Sucker Punch||[still]
|-fail|p1a: Cinderace
|move|p2a: Moltres|Agility|p2a: Moltres
|-boost|p2a: Moltres|spe|2
|
|-weather|none
|turn|18
|
|move|p1a: Cinderace|Sucker Punch||[still]
|-fail|p1a: Cinderace
|move|p2a: Moltres|Agility|p2a: Moltres
|-boost|p2a: Moltres|spe|0
|
|turn|19
|
|move|p1a: Cinderace|Sucker Punch||[still]
|-fail|p1a: Cinderace
|move|p2a: Moltres|Agility|p2a: Moltres
|-boost|p2a: Moltres|spe|0
|
|turn|20
|
|switch|p1a: Pelipper|Pelipper, M, shiny|37/100
|-weather|RainDance|[from] ability: Drizzle|[of] p1a: Pelipper
|move|p2a: Moltres|Agility|p2a: Moltres
|-boost|p2a: Moltres|spe|0
|
|-weather|RainDance|[upkeep]
|turn|21
|
|move|p2a: Moltres|Fiery Wrath|p1a: Pelipper
|-damage|p1a: Pelipper|0 fnt
|faint|p1a: Pelipper
|
|-weather|RainDance|[upkeep]
|
|switch|p1a: Cinderace|Cinderace, M, shiny|100/100
|turn|22
|
|move|p2a: Moltres|Fiery Wrath|p1a: Cinderace
|-damage|p1a: Cinderace|0 fnt
|faint|p1a: Cinderace
|
|-weather|RainDance|[upkeep]
|
|switch|p1a: Walking Wake|Walking Wake, tera:Water|100/100
|turn|23
|
|move|p2a: Moltres|Fiery Wrath|p1a: Walking Wake
|-damage|p1a: Walking Wake|0 fnt
|faint|p1a: Walking Wake
|-end|p1a: Walking Wake|Protosynthesis|[silent]
|
|win|p2
