# advantage = p2
|poke|p1|Dragonite, M|
|poke|p1|Quaquaval, F|
|poke|p1|Gholdengo|
|poke|p1|Garganacl, M|
|poke|p1|Zamazenta-*|
|poke|p1|Glimmora, F|
|poke|p2|Zamazenta-*|
|poke|p2|Dragapult, M|
|poke|p2|Clodsire, M|
|poke|p2|Corviknight, F|
|poke|p2|Rotom-Wash|
|poke|p2|Volcarona, F|
|teampreview
|
|start
|switch|p1a: Glimmora|Glimmora, F|100/100
|switch|p2a: Zamazenta|Zamazenta|100/100
|-ability|p2a: Zamazenta|Dauntless Shield|boost
|-boost|p2a: Zamazenta|def|1
|turn|1
|
|move|p2a: Zamazenta|Substitute|p2a: Zamazenta
|-start|p2a: Zamazenta|Substitute
|-damage|p2a: Zamazenta|76/100
|move|p1a: Glimmora|Stealth Rock|p2a: Zamazenta
|-sidestart|p2: p2|move: Stealth Rock
|
|-heal|p2a: Zamazenta|82/100|[from] item: Leftovers
|turn|2
|
|move|p2a: Zamazenta|Iron Defense|p2a: Zamazenta
|-boost|p2a: Zamazenta|def|2
|move|p1a: Glimmora|Spikes|p2a: Zamazenta
|-sidestart|p2: p2|Spikes
|
|-heal|p2a: Zamazenta|88/100|[from] item: Leftovers
|turn|3
|
|move|p2a: Zamazenta|Iron Defense|p2a: Zamazenta
|-boost|p2a: Zamazenta|def|2
|move|p1a: Glimmora|Spikes|p2a: Zamazenta
|-sidestart|p2: p2|Spikes
|
|-heal|p2a: Zamazenta|94/100|[from] item: Leftovers
|turn|4
|
|move|p2a: Zamazenta|Body Press|p1a: Glimmora
|-damage|p1a: Glimmora|0 fnt
|-activate|p1a: Glimmora|ability: Toxic Debris
|-sidestart|p2: p2|move: Toxic Spikes
|faint|p1a: Glimmora
|
|-heal|p2a: Zamazenta|100/100|[from] item: Leftovers
|
|switch|p1a: Gholdengo|Gholdengo|100/100
|turn|5
|
|move|p2a: Zamazenta|Crunch|p1a: Gholdengo
|-supereffective|p1a: Gholdengo
|-damage|p1a: Gholdengo|58/100
|move|p1a: Gholdengo|Substitute|p1a: Gholdengo
|-start|p1a: Gholdengo|Substitute
|-damage|p1a: Gholdengo|33/100
|
|-heal|p1a: Gholdengo|39/100|[from] item: Leftovers
|turn|6
|
|move|p2a: Zamazenta|Crunch|p1a: Gholdengo
|-supereffective|p1a: Gholdengo
|-end|p1a: Gholdengo|Substitute
|move|p1a: Gholdengo|Make It Rain|p2a: Zamazenta
|-end|p2a: Zamazenta|Substitute
|-unboost|p1a: Gholdengo|spa|1
|
|-heal|p1a: Gholdengo|45/100|[from] item: Leftovers
|turn|7
|
|switch|p2a: Dragapult|Dragapult, M|100/100
|-damage|p2a: Dragapult|88/100|[from] Stealth Rock
|-damage|p2a: Dragapult|72/100|[from] Spikes
|-status|p2a: Dragapult|psn
|move|p1a: Gholdengo|Focus Blast|p2a: Dragapult
|-immune|p2a: Dragapult
|
|-heal|p1a: Gholdengo|51/100|[from] item: Leftovers
|-damage|p2a: Dragapult|59/100 psn|[from] psn
|turn|8
|
|move|p2a: Dragapult|Shadow Ball|p1a: Gholdengo
|-supereffective|p1a: Gholdengo
|-damage|p1a: Gholdengo|0 fnt
|faint|p1a: Gholdengo
|
|-damage|p2a: Dragapult|47/100 psn|[from] psn
|
|switch|p1a: Quaquaval|Quaquaval, F|100/100
|turn|9
|
|switch|p2a: Corviknight|Corviknight, F|100/100
|-damage|p2a: Corviknight|88/100|[from] Stealth Rock
|-ability|p2a: Corviknight|Pressure
|move|p1a: Quaquaval|Ice Spinner|p2a: Corviknight
|-damage|p2a: Corviknight|73/100
|-damage|p1a: Quaquaval|84/100|[from] item: Rocky Helmet|[of] p2a: Corviknight
|
|turn|10
|
|switch|p1a: Garganacl|Garganacl, M|100/100
|move|p2a: Corviknight|Defog|p1a: Garganacl
|-unboost|p1a: Garganacl|evasion|1
|-sideend|p2: p2|Spikes|[from] move: Defog|[of] p2a: Corviknight
|-sideend|p2: p2|Toxic Spikes|[from] move: Defog|[of] p2a: Corviknight
|-sideend|p2: p2|Stealth Rock|[from] move: Defog|[of] p2a: Corviknight
|
|turn|11
|-message|p1 forfeited.
|
|win|p2
