|poke|p1|Garganacl, M|
|poke|p1|Amoonguss, M|
|poke|p1|Landorus-Therian, M|
|poke|p1|Magearna|
|poke|p1|Volcarona, F|
|poke|p1|Samurott-Hisui, M|
|poke|p2|Dragapult, M|
|poke|p2|Zamazenta-*|
|poke|p2|Sneasler, F|
|poke|p2|Garchomp, F|
|poke|p2|Magearna|
|poke|p2|Enamorus, F|
|teampreview
|
|start
|switch|p1a: Amoonguss|Amoonguss, M|100/100
|switch|p2a: Garchomp|Garchomp, F|100/100
|turn|1
|
|move|p2a: Garchomp|Stealth Rock|p1a: Amoonguss
|-sidestart|p1: Shadow Team 97|move: Stealth Rock
|move|p1a: Amoonguss|Spore|p2a: Garchomp
|-status|p2a: Garchomp|slp|[from] move: Spore
|
|turn|2
|
|switch|p2a: Dragapult|Dragapult, M|100/100
|switch|p1a: Magearna|Magearna|100/100
|-damage|p1a: Magearna|94/100|[from] Stealth Rock
|
|-heal|p1a: Magearna|100/100|[from] item: Leftovers
|turn|3
|
|move|p2a: Dragapult|Curse|p1a: Magearna
|-start|p1a: Magearna|Curse|[of] p2a: Dragapult
|-damage|p2a: Dragapult|50/100
|move|p1a: Magearna|Calm Mind|p1a: Magearna
|-boost|p1a: Magearna|spa|1
|-boost|p1a: Magearna|spd|1
|
|-damage|p1a: Magearna|75/100|[from] Curse
|turn|4
|
|move|p2a: Dragapult|Light Screen|p2a: Dragapult
|-sidestart|p2: Mr-Mongol|move: Light Screen
|move|p1a: Magearna|Draining Kiss|p2a: Dragapult
|-supereffective|p2a: Dragapult
|-damage|p2a: Dragapult|14/100
|-heal|p1a: Magearna|100/100|[from] drain|[of] p2a: Dragapult
|-start|p1a: Magearna|Disable|Draining Kiss|[from] ability: Cursed Body|[of] p2a: Dragapult
|
|-damage|p1a: Magearna|75/100|[from] Curse
|turn|5
|
|move|p2a: Dragapult|Reflect|p2a: Dragapult
|-sidestart|p2: Mr-Mongol|Reflect
|move|p1a: Magearna|Stored Power|p2a: Dragapult
|-damage|p2a: Dragapult|0 fnt
|faint|p2a: Dragapult
|-ability|p1a: Magearna|Soul-Heart|boost
|-boost|p1a: Magearna|spa|1
|
|-heal|p1a: Magearna|82/100|[from] item: Leftovers
|-damage|p1a: Magearna|57/100|[from] Curse
|
|switch|p2a: Magearna|Magearna|100/100
|turn|6
|
|switch|p1a: Garganacl|Garganacl, M|100/100
|-damage|p1a: Garganacl|88/100|[from] Stealth Rock
|move|p2a: Magearna|Shift Gear|p2a: Magearna
|-boost|p2a: Magearna|spe|2
|-boost|p2a: Magearna|atk|1
|
|turn|7
|
|move|p2a: Magearna|Shift Gear|p2a: Magearna
|-boost|p2a: Magearna|spe|2
|-boost|p2a: Magearna|atk|1
|move|p1a: Garganacl|Salt Cure|p2a: Magearna
|-resisted|p2a: Magearna
|-damage|p2a: Magearna|98/100
|-start|p2a: Magearna|Salt Cure
|
|-heal|p2a: Magearna|100/100|[from] item: Leftovers
|-damage|p2a: Magearna|75/100|[from] Salt Cure
|turn|8
|
|move|p2a: Magearna|Stored Power|p1a: Garganacl
|-damage|p1a: Garganacl|37/100
|move|p1a: Garganacl|Iron Defense|p1a: Garganacl
|-boost|p1a: Garganacl|def|2
|
|-heal|p2a: Magearna|82/100|[from] item: Leftovers
|-damage|p2a: Magearna|57/100|[from] Salt Cure
|turn|9
|
|move|p2a: Magearna|Stored Power|p1a: Garganacl
|-damage|p1a: Garganacl|0 fnt
|faint|p1a: Garganacl
|-ability|p2a: Magearna|Soul-Heart|boost
|-boost|p2a: Magearna|spa|1
|
|-heal|p2a: Magearna|63/100|[from] item: Leftovers
|-damage|p2a: Magearna|38/100|[from] Salt Cure
|
|switch|p1a: Landorus|Landorus-Therian, M|100/100
|-damage|p1a: Landorus|88/100|[from] Stealth Rock
|-ability|p1a: Landorus|Intimidate|boost
|-unboost|p2a: Magearna|atk|1
|turn|10
|
|move|p2a: Magearna|Stored Power|p1a: Landorus
|-damage|p1a: Landorus|0 fnt
|faint|p1a: Landorus
|-ability|p2a: Magearna|Soul-Heart|boost
|-boost|p2a: Magearna|spa|1
|
|-heal|p2a: Magearna|44/100|[from] item: Leftovers
|-damage|p2a: Magearna|19/100|[from] Salt Cure
|
|switch|p1a: Amoonguss|Amoonguss, M|100/100
|-damage|p1a: Amoonguss|88/100|[from] Stealth Rock
|turn|11
|
|move|p2a: Magearna|Stored Power|p1a: Amoonguss
|-supereffective|p1a: Amoonguss
|-damage|p1a: Amoonguss|0 fnt
|faint|p1a: Amoonguss
|-ability|p2a: Magearna|Soul-Heart|boost
|-boost|p2a: Magearna|spa|1
|
|-heal|p2a: Magearna|25/100|[from] item: Leftovers
|-damage|p2a: Magearna|0 fnt|[from] Salt Cure
|faint|p2a: Magearna
|-sideend|p2: Mr-Mongol|move: Light Screen
|
|switch|p2a: Sneasler|Sneasler, F|100/100
|switch|p1a: Volcarona|Volcarona, F|100/100
|-item|p2a: Sneasler|Air Balloon
|turn|12
|
|move|p2a: Sneasler|Dire Claw|p1a: Volcarona
|-damage|p1a: Volcarona|35/100
|move|p1a: Volcarona|Fiery Dance|p2a: Sneasler
|-damage|p2a: Sneasler|46/100
|-boost|p1a: Volcarona|spa|1
|-enditem|p2a: Sneasler|Air Balloon
|
|-sideend|p2: Mr-Mongol|Reflect
|turn|13
|
|move|p2a: Sneasler|Dire Claw|p1a: Volcarona
|-damage|p1a: Volcarona|0 fnt
|faint|p1a: Volcarona
|
|
|switch|p1a: Magearna|Magearna|57/100
|-damage|p1a: Magearna|50/100|[from] Stealth Rock
|turn|14
|
|move|p2a: Sneasler|Close Combat|p1a: Magearna
|-damage|p1a: Magearna|4/100
|-unboost|p2a: Sneasler|def|1
|-unboost|p2a: Sneasler|spd|1
|move|p1a: Magearna|Iron Defense|p1a: Magearna
|-boost|p1a: Magearna|def|2
|
|-heal|p1a: Magearna|10/100|[from] item: Leftovers
|turn|15
|
|move|p2a: Sneasler|Close Combat|p1a: Magearna
|-damage|p1a: Magearna|0 fnt
|-unboost|p2a: Sneasler|def|1
|-unboost|p2a: Sneasler|spd|1
|faint|p1a: Magearna
|
|
|switch|p1a: Samurott|Samurott-Hisui, M, shiny|100/100
|-damage|p1a: Samurott|88/100|[from] Stealth Rock
|turn|16
|
|move|p1a: Samurott|Aqua Jet|p2a: Sneasler
|-damage|p2a: Sneasler|0 fnt
|faint|p2a: Sneasler
|
|-heal|p1a: Samurott|94/100|[from] item: Leftovers
|
|switch|p2a: Enamorus|Enamorus, F|100/100
|turn|17
|
|move|p2a: Enamorus|Superpower|p1a: Samurott
|-supereffective|p1a: Samurott
|-damage|p1a: Samurott|0 fnt
|-boost|p2a: Enamorus|atk|1
|-boost|p2a: Enamorus|def|1
|faint|p1a: Samurott
|
|win|Mr-Mongol
