|poke|p1|Magearna-Original|
|poke|p1|Articuno-Galar|
|poke|p1|Braviary-Hisui, M|
|poke|p1|Dragapult, F|
|poke|p1|Enamorus, F|
|poke|p1|Sneasler, F|
|poke|p2|Lilligant-Hisui, F|
|poke|p2|Dondozo, M|
|poke|p2|Ditto|
|poke|p2|Electrode-Hisui|
|poke|p2|Blissey, F|
|poke|p2|Sylveon, M|
|teampreview
|
|start
|switch|p1a: Braviary|Braviary-Hisui, M|100/100
|switch|p2a: Right testicle|Blissey, F|100/100
|turn|1
|
|move|p1a: Braviary|U-turn|p2a: Right testicle
|-damage|p2a: Right testicle|89/100
|
|switch|p1a: Enamorus|Enamorus, F|100/100|[from] U-turn
|move|p2a: Right testicle|Calm Mind|p2a: Right testicle
|-boost|p2a: Right testicle|spa|1
|-boost|p2a: Right testicle|spd|1
|
|-heal|p2a: Right testicle|95/100|[from] item: Leftovers
|turn|2
|
|move|p1a: Enamorus|Superpower|p2a: Right testicle
|-supereffective|p2a: Right testicle
|-damage|p2a: Right testicle|29/100
|-boost|p1a: Enamorus|atk|1
|-boost|p1a: Enamorus|def|1
|move|p2a: Right testicle|Ice Beam|p1a: Enamorus
|-supereffective|p1a: Enamorus
|-crit|p1a: Enamorus
|-damage|p1a: Enamorus|10/100
|-status|p1a: Enamorus|frz
|
|-heal|p2a: Right testicle|35/100|[from] item: Leftovers
|turn|3
|
|cant|p1a: Enamorus|frz
|move|p2a: Right testicle|Soft-Boiled|p2a: Right testicle
|-heal|p2a: Right testicle|85/100
|
|-heal|p2a: Right testicle|91/100|[from] item: Leftovers
|turn|4
|
|cant|p1a: Enamorus|frz
|move|p2a: Right testicle|Ice Beam|p1a: Enamorus
|-supereffective|p1a: Enamorus
|-damage|p1a: Enamorus|0 fnt
|faint|p1a: Enamorus
|
|-heal|p2a: Right testicle|98/100|[from] item: Leftovers
|
|switch|p1a: Sneasler|Sneasler, F|100/100
|turn|5
|
|switch|p2a: Beeg Feesh|Dondozo, M|100/100
|move|p1a: Sneasler|Dire Claw|p2a: Beeg Feesh
|-damage|p2a: Beeg Feesh|72/100
|-status|p2a: Beeg Feesh|psn|[from] ability: Poison Touch|[of] p1a: Sneasler
|
|-heal|p2a: Beeg Feesh|78/100 psn|[from] item: Leftovers
|-damage|p2a: Beeg Feesh|66/100 psn|[from] psn
|turn|6
|
|switch|p1a: Magearna|Magearna-Original|100/100
|move|p2a: Beeg Feesh|Liquidation|p1a: Magearna
|-damage|p1a: Magearna|71/100
|
|-heal|p2a: Beeg Feesh|72/100 psn|[from] item: Leftovers
|-damage|p2a: Beeg Feesh|60/100 psn|[from] psn
|turn|7
|
|switch|p2a: Right testicle|Blissey, F|98/100
|move|p1a: Magearna|Shift Gear|p1a: Magearna
|-boost|p1a: Magearna|spe|2
|-boost|p1a: Magearna|atk|1
|
|-heal|p2a: Right testicle|100/100|[from] item: Leftovers
|turn|8
|
|move|p1a: Magearna|Play Rough|p2a: Right testicle
|-damage|p2a: Right testicle|49/100
|move|p2a: Right testicle|Calm Mind|p2a: Right testicle
|-boost|p2a: Right testicle|spa|1
|-boost|p2a: Right testicle|spd|1
|
|-heal|p2a: Right testicle|55/100|[from] item: Leftovers
|turn|9
|
|switch|p2a: Beeg Feesh|Dondozo, M|60/100 psn
|move|p1a: Magearna|Shift Gear|p1a: Magearna
|-boost|p1a: Magearna|spe|2
|-boost|p1a: Magearna|atk|1
|
|-heal|p2a: Beeg Feesh|66/100 psn|[from] item: Leftovers
|-damage|p2a: Beeg Feesh|53/100 psn|[from] psn
|turn|10
|
|move|p1a: Magearna|Play Rough|p2a: Beeg Feesh
|-damage|p2a: Beeg Feesh|35/100 psn
|move|p2a: Beeg Feesh|Curse|p2a: Beeg Feesh
|-unboost|p2a: Beeg Feesh|spe|1
|-boost|p2a: Beeg Feesh|atk|1
|-boost|p2a: Beeg Feesh|def|1
|
|-heal|p2a: Beeg Feesh|41/100 psn|[from] item: Leftovers
|-damage|p2a: Beeg Feesh|29/100 psn|[from] psn
|turn|11
|
|-terastallize|p1a: Magearna|Fairy
|move|p1a: Magearna|Play Rough|p2a: Beeg Feesh
|-damage|p2a: Beeg Feesh|13/100 psn
|-unboost|p2a: Beeg Feesh|atk|1
|move|p2a: Beeg Feesh|Yawn|p1a: Magearna
|-start|p1a: Magearna|move: Yawn|[of] p2a: Beeg Feesh
|
|-heal|p2a: Beeg Feesh|19/100 psn|[from] item: Leftovers
|-damage|p2a: Beeg Feesh|7/100 psn|[from] psn
|turn|12
|
|switch|p1a: Braviary|Braviary-Hisui, M|100/100
|move|p2a: Beeg Feesh|Liquidation|p1a: Braviary
|-damage|p1a: Braviary|66/100
|-unboost|p1a: Braviary|def|1
|
|-heal|p2a: Beeg Feesh|13/100 psn|[from] item: Leftovers
|-damage|p2a: Beeg Feesh|0 fnt|[from] psn
|faint|p2a: Beeg Feesh
|
|switch|p2a: Actually OP|Lilligant-Hisui, F|100/100
|turn|13
|
|move|p2a: Actually OP|Ice Spinner|p1a: Braviary
|-supereffective|p1a: Braviary
|-damage|p1a: Braviary|0 fnt
|faint|p1a: Braviary
|
|
|switch|p1a: Sneasler|Sneasler, F|100/100
|turn|14
|
|switch|p2a: Left Testicle|Electrode-Hisui|100/100
|move|p1a: Sneasler|Dire Claw|p2a: Left Testicle
|-supereffective|p2a: Left Testicle
|-damage|p2a: Left Testicle|0 fnt
|-damage|p1a: Sneasler|76/100|[from] ability: Aftermath|[of] p2a: Left Testicle
|faint|p2a: Left Testicle
|
|
|switch|p2a: 41%|Sylveon, M|100/100
|turn|15
|
|-terastallize|p2a: 41%|Steel
|move|p1a: Sneasler|Dire Claw|p2a: 41%
|-immune|p2a: 41%
|move|p2a: 41%|Psyshock|p1a: Sneasler
|-supereffective|p1a: Sneasler
|-damage|p1a: Sneasler|0 fnt
|faint|p1a: Sneasler
|
|
|switch|p1a: Dragapult|Dragapult, F|100/100
|turn|16
|
|move|p1a: Dragapult|Light Screen|p1a: Dragapult
|-sidestart|p1: TempYard|move: Light Screen
|move|p2a: 41%|Moonblast|p1a: Dragapult
|-supereffective|p1a: Dragapult
|-damage|p1a: Dragapult|60/100
|
|turn|17
|-message|TempYard forfeited.
|
|win|John Kentucky
