|poke|p1|Sneasler, F|
|poke|p1|Moltres|
|poke|p1|Chien-Pao|
|poke|p1|Ursaluna, F|
|poke|p1|Thundurus-Therian, M|
|poke|p1|Landorus-Therian, M|
|poke|p2|Torkoal, M|
|poke|p2|Walking Wake|
|poke|p2|Hatterene, F|
|poke|p2|Lilligant-Hisui, F|
|poke|p2|Arcanine-Hisui, M|
|poke|p2|Samurott-Hisui, F|
|teampreview
|
|start
|switch|p1a: Landorus|Landorus-Therian, M|100/100
|switch|p2a: Torkoal|Torkoal, M, shiny|100/100
|-ability|p1a: Landorus|Intimidate|boost
|-unboost|p2a: Torkoal|atk|1
|-weather|SunnyDay|[from] ability: Drought|[of] p2a: Torkoal
|turn|1
|
|move|p1a: Landorus|Stealth Rock|p2a: Torkoal
|-sidestart|p2: YvngBruh1|move: Stealth Rock
|move|p2a: Torkoal|Stealth Rock|p1a: Landorus
|-sidestart|p1: DiamondDiancie25|move: Stealth Rock
|
|-weather|SunnyDay|[upkeep]
|turn|2
|
|move|p1a: Landorus|Earthquake|p2a: Torkoal
|-supereffective|p2a: Torkoal
|-damage|p2a: Torkoal|34/100
|move|p2a: Torkoal|Yawn|p1a: Landorus
|-start|p1a: Landorus|move: Yawn|[of] p2a: Torkoal
|
|-weather|SunnyDay|[upkeep]
|turn|3
|
|switch|p2a: Hatterene|Hatterene, F, shiny|100/100
|-damage|p2a: Hatterene|88/100|[from] Stealth Rock
|move|p1a: Landorus|U-turn|p2a: Hatterene
|-damage|p2a: Hatterene|65/100
|-enditem|p2a: Hatterene|Eject Button
|
|switch|p2a: Walking Wake|Walking Wake|100/100
|-damage|p2a: Walking Wake|88/100|[from] Stealth Rock
|-activate|p2a: Walking Wake|ability: Protosynthesis
|-start|p2a: Walking Wake|protosynthesisspa
|
|-weather|SunnyDay|[upkeep]
|-end|p1a: Landorus|move: Yawn|[silent]
|-status|p1a: Landorus|slp
|turn|4
|
|move|p2a: Walking Wake|Hydro Steam|p1a: Landorus
|-supereffective|p1a: Landorus
|-damage|p1a: Landorus|0 fnt
|faint|p1a: Landorus
|
|-weather|SunnyDay|[upkeep]
|
|switch|p1a: Chien-Pao|Chien-Pao|100/100
|-ability|p1a: Chien-Pao|Sword of Ruin
|turn|5
|
|move|p1a: Chien-Pao|Crunch|p2a: Walking Wake
|-damage|p2a: Walking Wake|28/100
|move|p2a: Walking Wake|Hydro Steam|p1a: Chien-Pao
|-damage|p1a: Chien-Pao|0 fnt
|faint|p1a: Chien-Pao
|
|-weather|SunnyDay|[upkeep]
|
|switch|p1a: Sneasler|Sneasler, F|100/100
|-damage|p1a: Sneasler|95/100|[from] Stealth Rock
|turn|6
|
|-end|p2a: Walking Wake|Protosynthesis|[silent]
|switch|p2a: Samurott|Samurott-Hisui, F, shiny|100/100
|-damage|p2a: Samurott|88/100|[from] Stealth Rock
|move|p1a: Sneasler|U-turn|p2a: Samurott
|-supereffective|p2a: Samurott
|-damage|p2a: Samurott|5/100
|
|switch|p1a: Thundurus|Thundurus-Therian, M|100/100|[from] U-turn
|
|-weather|SunnyDay|[upkeep]
|turn|7
|
|move|p1a: Thundurus|Volt Switch|p2a: Samurott
|-supereffective|p2a: Samurott
|-damage|p2a: Samurott|0 fnt
|faint|p2a: Samurott
|
|switch|p1a: Moltres|Moltres|100/100|[from] Volt Switch
|
|-weather|SunnyDay|[upkeep]
|
|switch|p2a: Walking Wake|Walking Wake|28/100
|-damage|p2a: Walking Wake|16/100|[from] Stealth Rock
|-activate|p2a: Walking Wake|ability: Protosynthesis
|-start|p2a: Walking Wake|protosynthesisspa
|turn|8
|
|move|p2a: Walking Wake|Hydro Steam|p1a: Moltres
|-supereffective|p1a: Moltres
|-damage|p1a: Moltres|0 fnt
|faint|p1a: Moltres
|
|-weather|none
|-end|p2a: Walking Wake|Protosynthesis
|
|switch|p1a: Sneasler|Sneasler, F|95/100
|-damage|p1a: Sneasler|89/100|[from] Stealth Rock
|turn|9
|
|move|p1a: Sneasler|Dire Claw|p2a: Walking Wake
|-damage|p2a: Walking Wake|0 fnt
|faint|p2a: Walking Wake
|-end|p2a: Walking Wake|Protosynthesis|[silent]
|
|
|switch|p2a: Torkoal|Torkoal, M, shiny|34/100
|-damage|p2a: Torkoal|9/100|[from] Stealth Rock
|-weather|SunnyDay|[from] ability: Drought|[of] p2a: Torkoal
|turn|10
|
|switch|p1a: Thundurus|Thundurus-Therian, M|100/100
|move|p2a: Torkoal|Yawn|p1a: Thundurus
|-start|p1a: Thundurus|move: Yawn|[of] p2a: Torkoal
|
|-weather|SunnyDay|[upkeep]
|turn|11
|
|move|p1a: Thundurus|Volt Switch|p2a: Torkoal
|-crit|p2a: Torkoal
|-damage|p2a: Torkoal|0 fnt
|faint|p2a: Torkoal
|
|switch|p1a: Ursaluna|Ursaluna, F|100/100|[from] Volt Switch
|-damage|p1a: Ursaluna|94/100|[from] Stealth Rock
|
|-weather|SunnyDay|[upkeep]
|-status|p1a: Ursaluna|brn|[from] item: Flame Orb
|
|switch|p2a: Lilligant|Lilligant-Hisui, F, shiny|100/100
|-damage|p2a: Lilligant|94/100|[from] Stealth Rock
|turn|12
|
|-terastallize|p1a: Ursaluna|Normal
|move|p2a: Lilligant|Victory Dance|p2a: Lilligant
|-boost|p2a: Lilligant|atk|1
|-boost|p2a: Lilligant|def|1
|-boost|p2a: Lilligant|spe|1
|move|p1a: Ursaluna|Facade|p2a: Lilligant
|-damage|p2a: Lilligant|0 fnt
|faint|p2a: Lilligant
|
|-weather|SunnyDay|[upkeep]
|-damage|p1a: Ursaluna|88/100 brn|[from] brn
|
|switch|p2a: Arcanine|Arcanine-Hisui, M, shiny|100/100
|-damage|p2a: Arcanine|75/100|[from] Stealth Rock
|turn|13
|
|move|p2a: Arcanine|Flare Blitz|p1a: Ursaluna
|-damage|p1a: Ursaluna|7/100 brn
|-damage|p2a: Arcanine|66/100|[from] item: Life Orb
|move|p1a: Ursaluna|Facade|p2a: Arcanine
|-resisted|p2a: Arcanine
|-damage|p2a: Arcanine|0 fnt
|faint|p2a: Arcanine
|
|-weather|SunnyDay|[upkeep]
|-damage|p1a: Ursaluna|1/100 brn|[from] brn
|
|switch|p2a: Hatterene|Hatterene, F, shiny|65/100
|-damage|p2a: Hatterene|53/100|[from] Stealth Rock
|turn|14
|
|move|p1a: Ursaluna|Facade|p2a: Hatterene
|-damage|p2a: Hatterene|0 fnt
|faint|p2a: Hatterene
|
|win|DiamondDiancie25
|l|☆YvngBruh1
