|poke|p1|Torkoal, M|
|poke|p1|Walking Wake|
|poke|p1|Roaring Moon|
|poke|p1|Hatterene, F|
|poke|p1|Great Tusk|
|poke|p1|Corviknight, F|
|poke|p2|Blissey, F|
|poke|p2|Bellibolt, M|
|poke|p2|Toxapex, M|
|poke|p2|Great Tusk|
|poke|p2|Garganacl, F|
|poke|p2|Kingambit, M|
|teampreview
|
|start
|switch|p1a: Great Tusk|Great Tusk|100/100
|switch|p2a: Blissey|Blissey, F|100/100
|turn|1
|
|move|p1a: Great Tusk|Bulk Up|p1a: Great Tusk
|-boost|p1a: Great Tusk|atk|1
|-boost|p1a: Great Tusk|def|1
|move|p2a: Blissey|Trick|p1a: Great Tusk
|-activate|p2a: Blissey|move: Trick|[of] p1a: Great Tusk
|-item|p1a: Great Tusk|Choice Specs|[from] move: Trick
|-item|p2a: Blissey|Leftovers|[from] move: Trick
|
|turn|2
|
|switch|p2a: Great Tusk|Great Tusk|100/100
|move|p1a: Great Tusk|Headlong Rush|p2a: Great Tusk
|-damage|p2a: Great Tusk|49/100
|-unboost|p1a: Great Tusk|def|1
|-unboost|p1a: Great Tusk|spd|1
|-damage|p1a: Great Tusk|84/100|[from] item: Rocky Helmet|[of] p2a: Great Tusk
|
|turn|3
|
|move|p1a: Great Tusk|Headlong Rush|p2a: Great Tusk
|-damage|p2a: Great Tusk|0 fnt
|-unboost|p1a: Great Tusk|def|1
|-unboost|p1a: Great Tusk|spd|1
|-damage|p1a: Great Tusk|68/100|[from] item: Rocky Helmet|[of] p2a: Great Tusk
|faint|p2a: Great Tusk
|-end|p2a: Great Tusk|Protosynthesis|[silent]
|
|
|switch|p2a: Garganacl|Garganacl, F|100/100
|turn|4
|
|-terastallize|p2a: Garganacl|Fairy
|move|p1a: Great Tusk|Headlong Rush|p2a: Garganacl
|-damage|p2a: Garganacl|48/100
|-unboost|p1a: Great Tusk|def|1
|-unboost|p1a: Great Tusk|spd|1
|-damage|p1a: Great Tusk|51/100|[from] item: Rocky Helmet|[of] p2a: Garganacl
|move|p2a: Garganacl|Earthquake|p1a: Great Tusk
|-damage|p1a: Great Tusk|19/100
|
|turn|5
|
|move|p1a: Great Tusk|Headlong Rush|p2a: Garganacl
|-damage|p2a: Garganacl|0 fnt
|-unboost|p1a: Great Tusk|def|1
|-unboost|p1a: Great Tusk|spd|1
|-damage|p1a: Great Tusk|2/100|[from] item: Rocky Helmet|[of] p2a: Garganacl
|faint|p2a: Garganacl
|
|
|switch|p2a: Kingambit|Kingambit, M|100/100
|-activate|p2a: Kingambit|ability: Supreme Overlord
|-start|p2a: Kingambit|fallen2|[silent]
|turn|6
|
|-end|p1a: Great Tusk|Protosynthesis|[silent]
|switch|p1a: Hatterene|Hatterene, F|100/100
|move|p2a: Kingambit|Sucker Punch||[still]
|-fail|p2a: Kingambit
|
|turn|7
|
|move|p2a: Kingambit|Iron Head|p1a: Hatterene
|-supereffective|p1a: Hatterene
|-damage|p1a: Hatterene|10/100
|-enditem|p1a: Hatterene|Eject Button
|
|switch|p1a: Corviknight|Corviknight, F|100/100
|-ability|p1a: Corviknight|Pressure
|
|turn|8
|
|-end|p2a: Kingambit|fallen2|[silent]
|switch|p2a: Bellibolt|Bellibolt, M|100/100
|move|p1a: Corviknight|Iron Defense|p1a: Corviknight
|-boost|p1a: Corviknight|def|2
|
|turn|9
|
|move|p1a: Corviknight|Body Press|p2a: Bellibolt
|-damage|p2a: Bellibolt|68/100
|-start|p2a: Bellibolt|Charge|Body Press|[from] ability: Electromorphosis
|move|p2a: Bellibolt|Chilling Water|p1a: Corviknight
|-damage|p1a: Corviknight|88/100
|
|-heal|p2a: Bellibolt|74/100|[from] item: Leftovers
|turn|10
|
|move|p1a: Corviknight|Iron Defense|p1a: Corviknight
|-boost|p1a: Corviknight|def|2
|move|p2a: Bellibolt|Parabolic Charge|p1a: Corviknight
|-supereffective|p1a: Corviknight
|-damage|p1a: Corviknight|0 fnt
|-heal|p2a: Bellibolt|100/100|[from] drain|[of] p1a: Corviknight
|faint|p1a: Corviknight
|-end|p2a: Bellibolt|Charge|[silent]
|
|
|switch|p1a: Torkoal|Torkoal, M|100/100
|-weather|SunnyDay|[from] ability: Drought|[of] p1a: Torkoal
|turn|11
|
|switch|p2a: Blissey|Blissey, F|100/100
|move|p1a: Torkoal|Stealth Rock|p2a: Blissey
|-sidestart|p2: p2|move: Stealth Rock
|
|-weather|SunnyDay|[upkeep]
|turn|12
|
|move|p2a: Blissey|Seismic Toss|p1a: Torkoal
|-damage|p1a: Torkoal|71/100
|move|p1a: Torkoal|Lava Plume|p2a: Blissey
|-damage|p2a: Blissey|86/100
|-status|p2a: Blissey|brn
|
|-weather|SunnyDay|[upkeep]
|-heal|p2a: Blissey|93/100 brn|[from] item: Leftovers
|-damage|p2a: Blissey|86/100 brn|[from] brn
|turn|13
|
|switch|p1a: Walking Wake|Walking Wake|100/100
|-activate|p1a: Walking Wake|ability: Protosynthesis
|-start|p1a: Walking Wake|protosynthesisspe
|move|p2a: Blissey|Seismic Toss|p1a: Walking Wake
|-damage|p1a: Walking Wake|71/100
|
|-weather|SunnyDay|[upkeep]
|-heal|p2a: Blissey|93/100 brn|[from] item: Leftovers
|-damage|p2a: Blissey|86/100 brn|[from] brn
|turn|14
|
|move|p1a: Walking Wake|Hydro Steam|p2a: Blissey
|-damage|p2a: Blissey|52/100 brn
|move|p2a: Blissey|Seismic Toss|p1a: Walking Wake
|-damage|p1a: Walking Wake|42/100
|
|-weather|SunnyDay|[upkeep]
|-heal|p2a: Blissey|58/100 brn|[from] item: Leftovers
|-damage|p2a: Blissey|52/100 brn|[from] brn
|turn|15
|
|move|p1a: Walking Wake|Hydro Steam|p2a: Blissey
|-damage|p2a: Blissey|19/100 brn
|move|p2a: Blissey|Soft-Boiled|p2a: Blissey
|-heal|p2a: Blissey|69/100 brn
|
|-weather|SunnyDay|[upkeep]
|-heal|p2a: Blissey|75/100 brn|[from] item: Leftovers
|-damage|p2a: Blissey|69/100 brn|[from] brn
|turn|16
|
|-terastallize|p1a: Walking Wake|Water
|move|p1a: Walking Wake|Hydro Steam|p2a: Blissey
|-damage|p2a: Blissey|26/100 brn
|move|p2a: Blissey|Seismic Toss|p1a: Walking Wake
|-damage|p1a: Walking Wake|12/100
|
|-weather|SunnyDay|[upkeep]
|-heal|p2a: Blissey|32/100 brn|[from] item: Leftovers
|-damage|p2a: Blissey|26/100 brn|[from] brn
|turn|17
|
|move|p1a: Walking Wake|Hydro Steam|p2a: Blissey
|-damage|p2a: Blissey|0 fnt
|faint|p2a: Blissey
|
|-weather|SunnyDay|[upkeep]
|
|switch|p2a: Toxapex|Toxapex, M|100/100
|-damage|p2a: Toxapex|88/100|[from] Stealth Rock
|turn|18
|
|move|p1a: Walking Wake|Hydro Steam|p2a: Toxapex
|-resisted|p2a: Toxapex
|-damage|p2a: Toxapex|54/100
|move|p2a: Toxapex|Sludge Bomb|p1a: Walking Wake
|-damage|p1a: Walking Wake|0 fnt
|faint|p1a: Walking Wake
|-end|p1a: Walking Wake|Protosynthesis|[silent]
|
|-weather|none
|
|switch|p1a: Great Tusk|Great Tusk|2/100
|turn|19
|
|move|p1a: Great Tusk|Headlong Rush|p2a: Toxapex
|-supereffective|p2a: Toxapex
|-damage|p2a: Toxapex|0 fnt
|-unboost|p1a: Great Tusk|def|1
|-unboost|p1a: Great Tusk|spd|1
|faint|p2a: Toxapex
|
|
|switch|p2a: Kingambit|Kingambit, M|100/100
|-damage|p2a: Kingambit|94/100|[from] Stealth Rock
|-activate|p2a: Kingambit|ability: Supreme Overlord
|-start|p2a: Kingambit|fallen4|[silent]
|turn|20
|
|move|p2a: Kingambit|Sucker Punch|p1a: Great Tusk
|-resisted|p1a: Great Tusk
|-damage|p1a: Great Tusk|0 fnt
|faint|p1a: Great Tusk
|-end|p1a: Great Tusk|Protosynthesis|[silent]
|
|-heal|p2a: Kingambit|100/100|[from] item: Leftovers
|
|switch|p1a: Torkoal|Torkoal, M|71/100
|-weather|SunnyDay|[from] ability: Drought|[of] p1a: Torkoal
|turn|21
|
|move|p2a: Kingambit|Sucker Punch|p1a: Torkoal
|-damage|p1a: Torkoal|37/100
|move|p1a: Torkoal|Lava Plume|p2a: Kingambit
|-supereffective|p2a: Kingambit
|-damage|p2a: Kingambit|36/100
|
|-weather|SunnyDay|[upkeep]
|-heal|p2a: Kingambit|42/100|[from] item: Leftovers
|turn|22
|
|move|p2a: Kingambit|Low Kick|p1a: Torkoal
|-damage|p1a: Torkoal|10/100
|move|p1a: Torkoal|Lava Plume|p2a: Kingambit
|-supereffective|p2a: Kingambit
|-damage|p2a: Kingambit|0 fnt
|faint|p2a: Kingambit
|-end|p2a: Kingambit|fallen4|[silent]
|
|-weather|SunnyDay|[upkeep]
|
|switch|p2a: Bellibolt|Bellibolt, M|100/100
|-damage|p2a: Bellibolt|88/100|[from] Stealth Rock
|turn|23
|
|move|p2a: Bellibolt|Parabolic Charge|p1a: Torkoal
|-damage|p1a: Torkoal|0 fnt
|-heal|p2a: Bellibolt|92/100|[from] drain|[of] p1a: Torkoal
|faint|p1a: Torkoal
|
|-weather|SunnyDay|[upkeep]
|-heal|p2a: Bellibolt|98/100|[from] item: Leftovers
|
|switch|p1a: Roaring Moon|Roaring Moon|100/100
|-activate|p1a: Roaring Moon|ability: Protosynthesis
|-start|p1a: Roaring Moon|protosynthesisatk
|turn|24
|
|move|p1a: Roaring Moon|Outrage|p2a: Bellibolt
|-damage|p2a: Bellibolt|44/100
|-start|p2a: Bellibolt|Charge|Outrage|[from] ability: Electromorphosis
|move|p2a: Bellibolt|Chilling Water|p1a: Roaring Moon
|-resisted|p1a: Roaring Moon
|-damage|p1a: Roaring Moon|98/100
|-unboost|p1a: Roaring Moon|atk|1
|
|-weather|SunnyDay|[upkeep]
|-heal|p2a: Bellibolt|50/100|[from] item: Leftovers
|turn|25
|
|move|p1a: Roaring Moon|Outrage|p2a: Bellibolt|[from]lockedmove
|-damage|p2a: Bellibolt|12/100
|-start|p2a: Bellibolt|Charge|Outrage|[from] ability: Electromorphosis
|move|p2a: Bellibolt|Slack Off|p2a: Bellibolt
|-heal|p2a: Bellibolt|62/100
|
|-weather|SunnyDay|[upkeep]
|-heal|p2a: Bellibolt|69/100|[from] item: Leftovers
|turn|26
|
|move|p1a: Roaring Moon|Outrage|p2a: Bellibolt|[from]lockedmove
|-damage|p2a: Bellibolt|30/100
|-start|p2a: Bellibolt|Charge|Outrage|[from] ability: Electromorphosis
|-start|p1a: Roaring Moon|confusion|[fatigue]
|move|p2a: Bellibolt|Slack Off|p2a: Bellibolt
|-heal|p2a: Bellibolt|80/100
|
|-weather|SunnyDay|[upkeep]
|-heal|p2a: Bellibolt|86/100|[from] item: Leftovers
|turn|27
|
|-activate|p1a: Roaring Moon|confusion
|move|p1a: Roaring Moon|Outrage|p2a: Bellibolt
|-damage|p2a: Bellibolt|50/100
|-start|p2a: Bellibolt|Charge|Outrage|[from] ability: Electromorphosis
|move|p2a: Bellibolt|Soak|p1a: Roaring Moon
|-start|p1a: Roaring Moon|typechange|Water
|
|-weather|SunnyDay|[upkeep]
|-heal|p2a: Bellibolt|56/100|[from] item: Leftovers
|turn|28
|
|-activate|p1a: Roaring Moon|confusion
|-damage|p1a: Roaring Moon|83/100|[from] confusion
|move|p2a: Bellibolt|Slack Off|p2a: Bellibolt
|-heal|p2a: Bellibolt|100/100
|
|-weather|none
|-end|p1a: Roaring Moon|Protosynthesis
|turn|29
|
|-end|p1a: Roaring Moon|Protosynthesis|[silent]
|switch|p1a: Hatterene|Hatterene, F|10/100
|move|p2a: Bellibolt|Parabolic Charge|p1a: Hatterene
|-damage|p1a: Hatterene|0 fnt
|faint|p1a: Hatterene
|-end|p2a: Bellibolt|Charge|[silent]
|
|
|switch|p1a: Roaring Moon|Roaring Moon|83/100
|turn|30
|
|move|p1a: Roaring Moon|Crunch|p2a: Bellibolt
|-damage|p2a: Bellibolt|68/100
|-unboost|p2a: Bellibolt|def|1
|-start|p2a: Bellibolt|Charge|Crunch|[from] ability: Electromorphosis
|move|p2a: Bellibolt|Chilling Water|p1a: Roaring Moon
|-resisted|p1a: Roaring Moon
|-damage|p1a: Roaring Moon|77/100
|-unboost|p1a: Roaring Moon|atk|1
|
|-heal|p2a: Bellibolt|74/100|[from] item: Leftovers
|turn|31
|
|move|p1a: Roaring Moon|Crunch|p2a: Bellibolt
|-damage|p2a: Bellibolt|43/100
|-start|p2a: Bellibolt|Charge|Crunch|[from] ability: Electromorphosis
|move|p2a: Bellibolt|Soak|p1a: Roaring Moon
|-start|p1a: Roaring Moon|typechange|Water
|
|-heal|p2a: Bellibolt|49/100|[from] item: Leftovers
|turn|32
|
|move|p1a: Roaring Moon|Crunch|p2a: Bellibolt
|-damage|p2a: Bellibolt|28/100
|-start|p2a: Bellibolt|Charge|Crunch|[from] ability: Electromorphosis
|move|p2a: Bellibolt|Parabolic Charge|p1a: Roaring Moon
|-supereffective|p1a: Roaring Moon
|-damage|p1a: Roaring Moon|0 fnt
|-heal|p2a: Bellibolt|60/100|[from] drain|[of] p1a: Roaring Moon
|faint|p1a: Roaring Moon
|-end|p1a: Roaring Moon|Protosynthesis|[silent]
|-end|p2a: Bellibolt|Charge|[silent]
|
|win|p2
