|poke|p1|Gholdengo|
|poke|p1|Great Tusk|
|poke|p1|Kingambit, F|
|poke|p1|Grimmsnarl, M|
|poke|p1|Dragapult, F|
|poke|p1|Clodsire, M|
|poke|p2|Garganacl, M|
|poke|p2|Great Tusk|
|poke|p2|Ting-Lu|
|poke|p2|Slither Wing|
|poke|p2|Torkoal, M|
|poke|p2|Walking Wake|
|teampreview
|
|start
|switch|p1a: Yikang|Grimmsnarl, M|100/100
|switch|p2a: Ting-Lu|Ting-Lu|100/100
|-ability|p2a: Ting-Lu|Vessel of Ruin
|turn|1
|
|move|p1a: Yikang|Light Screen|p1a: Yikang
|-sidestart|p1: p1|move: Light Screen
|move|p2a: Ting-Lu|Taunt|p1a: Yikang
|-start|p1a: Yikang|move: Taunt
|
|turn|2
|
|move|p1a: Yikang|Play Rough|p2a: Ting-Lu|[miss]
|-miss|p1a: Yikang|p2a: Ting-Lu
|move|p2a: Ting-Lu|Stealth Rock|p1a: Yikang
|-sidestart|p1: p1|move: Stealth Rock
|
|turn|3
|
|switch|p2a: Garganacl|Garganacl, M|100/100
|move|p1a: Yikang|Play Rough|p2a: Garganacl
|-damage|p2a: Garganacl|77/100
|-damage|p1a: Yikang|84/100|[from] item: Rocky Helmet|[of] p2a: Garganacl
|
|turn|4
|
|switch|p1a: Bushy Boi|Great Tusk|100/100
|-damage|p1a: Bushy Boi|98/100|[from] Stealth Rock
|move|p2a: Garganacl|Salt Cure|p1a: Bushy Boi
|-resisted|p1a: Bushy Boi
|-damage|p1a: Bushy Boi|96/100
|-start|p1a: Bushy Boi|Salt Cure
|
|-heal|p1a: Bushy Boi|100/100|[from] item: Leftovers
|-damage|p1a: Bushy Boi|88/100|[from] Salt Cure
|turn|5
|
|move|p1a: Bushy Boi|Stealth Rock|p2a: Garganacl
|-sidestart|p2: p2|move: Stealth Rock
|move|p2a: Garganacl|Recover|p2a: Garganacl
|-heal|p2a: Garganacl|100/100
|
|-heal|p1a: Bushy Boi|94/100|[from] item: Leftovers
|-damage|p1a: Bushy Boi|82/100|[from] Salt Cure
|turn|6
|
|move|p1a: Bushy Boi|Rapid Spin|p2a: Garganacl
|-resisted|p2a: Garganacl
|-damage|p2a: Garganacl|96/100
|-boost|p1a: Bushy Boi|spe|1
|-damage|p1a: Bushy Boi|65/100|[from] item: Rocky Helmet|[of] p2a: Garganacl
|-sideend|p1: p1|Stealth Rock|[from] move: Rapid Spin|[of] p1a: Bushy Boi
|move|p2a: Garganacl|Curse|p2a: Garganacl
|-unboost|p2a: Garganacl|spe|1
|-boost|p2a: Garganacl|atk|1
|-boost|p2a: Garganacl|def|1
|
|-heal|p1a: Bushy Boi|71/100|[from] item: Leftovers
|-damage|p1a: Bushy Boi|59/100|[from] Salt Cure
|turn|7
|
|-end|p1a: Bushy Boi|Protosynthesis|[silent]
|switch|p1a: Draco Malfoy|Dragapult, F, shiny|100/100
|move|p2a: Garganacl|Salt Cure|p1a: Draco Malfoy
|-damage|p1a: Draco Malfoy|71/100
|-start|p1a: Draco Malfoy|Salt Cure
|
|-damage|p1a: Draco Malfoy|59/100|[from] Salt Cure
|turn|8
|
|move|p1a: Draco Malfoy|Hydro Pump|p2a: Garganacl
|-supereffective|p2a: Garganacl
|-damage|p2a: Garganacl|33/100
|-damage|p1a: Draco Malfoy|49/100|[from] item: Life Orb
|move|p2a: Garganacl|Recover|p2a: Garganacl
|-heal|p2a: Garganacl|83/100
|
|-damage|p1a: Draco Malfoy|36/100|[from] Salt Cure
|-sideend|p1: p1|move: Light Screen
|turn|9
|
|switch|p2a: Torkoal|Torkoal, M|100/100
|-weather|SunnyDay|[from] ability: Drought|[of] p2a: Torkoal
|move|p1a: Draco Malfoy|Hydro Pump|p2a: Torkoal|[miss]
|-miss|p1a: Draco Malfoy|p2a: Torkoal
|
|-weather|SunnyDay|[upkeep]
|-damage|p1a: Draco Malfoy|24/100|[from] Salt Cure
|turn|10
|
|move|p1a: Draco Malfoy|Hydro Pump|p2a: Torkoal
|-supereffective|p2a: Torkoal
|-damage|p2a: Torkoal|63/100
|-damage|p1a: Draco Malfoy|14/100|[from] item: Life Orb
|move|p2a: Torkoal|Rapid Spin|p1a: Draco Malfoy
|-immune|p1a: Draco Malfoy
|
|-weather|SunnyDay|[upkeep]
|-damage|p1a: Draco Malfoy|2/100|[from] Salt Cure
|turn|11
|
|move|p1a: Draco Malfoy|Draco Meteor|p2a: Torkoal
|-damage|p2a: Torkoal|0 fnt
|-unboost|p1a: Draco Malfoy|spa|2
|faint|p2a: Torkoal
|-damage|p1a: Draco Malfoy|0 fnt|[from] item: Life Orb
|faint|p1a: Draco Malfoy
|
|-weather|SunnyDay|[upkeep]
|
|switch|p1a: Putney|Clodsire, M|100/100
|switch|p2a: Ting-Lu|Ting-Lu|100/100
|-damage|p2a: Ting-Lu|94/100|[from] Stealth Rock
|-ability|p2a: Ting-Lu|Vessel of Ruin
|turn|12
|
|move|p2a: Ting-Lu|Taunt|p1a: Putney
|-start|p1a: Putney|move: Taunt
|cant|p1a: Putney|move: Taunt|Toxic
|
|-weather|SunnyDay|[upkeep]
|-heal|p2a: Ting-Lu|100/100|[from] item: Leftovers
|turn|13
|
|switch|p1a: Gold|Gholdengo|100/100
|move|p2a: Ting-Lu|Stealth Rock|p1a: Gold
|-sidestart|p1: p1|move: Stealth Rock
|
|-weather|none
|turn|14
|
|move|p1a: Gold|Nasty Plot|p1a: Gold
|-boost|p1a: Gold|spa|2
|move|p2a: Ting-Lu|Taunt|p1a: Gold
|-immune|p1a: Gold|[from] ability: Good as Gold
|
|turn|15
|
|move|p1a: Gold|Make It Rain|p2a: Ting-Lu
|-damage|p2a: Ting-Lu|38/100
|-unboost|p1a: Gold|spa|1
|move|p2a: Ting-Lu|Ruination|p1a: Gold
|-damage|p1a: Gold|51/100
|
|-heal|p1a: Gold|57/100|[from] item: Leftovers
|-heal|p2a: Ting-Lu|44/100|[from] item: Leftovers
|turn|16
|
|switch|p2a: Walking Wake|Walking Wake|100/100
|-damage|p2a: Walking Wake|88/100|[from] Stealth Rock
|move|p1a: Gold|Make It Rain|p2a: Walking Wake
|-resisted|p2a: Walking Wake
|-damage|p2a: Walking Wake|32/100
|-unboost|p1a: Gold|spa|1
|
|-heal|p1a: Gold|63/100|[from] item: Leftovers
|turn|17
|
|move|p2a: Walking Wake|Flamethrower|p1a: Gold
|-supereffective|p1a: Gold
|-damage|p1a: Gold|0 fnt
|faint|p1a: Gold
|-damage|p2a: Walking Wake|22/100|[from] item: Life Orb
|
|
|switch|p1a: Putney|Clodsire, M|100/100
|-damage|p1a: Putney|94/100|[from] Stealth Rock
|turn|18
|
|move|p2a: Walking Wake|Hydro Steam|p1a: Putney
|-supereffective|p1a: Putney
|-damage|p1a: Putney|35/100
|-damage|p2a: Walking Wake|12/100|[from] item: Life Orb
|move|p1a: Putney|Toxic|p2a: Walking Wake
|-status|p2a: Walking Wake|tox
|
|-heal|p1a: Putney|42/100|[from] item: Leftovers
|-damage|p2a: Walking Wake|6/100 tox|[from] psn
|turn|19
|
|switch|p1a: Yikang|Grimmsnarl, M|84/100
|-damage|p1a: Yikang|72/100|[from] Stealth Rock
|move|p2a: Walking Wake|Hydro Steam|p1a: Yikang
|-damage|p1a: Yikang|9/100
|-damage|p2a: Walking Wake|0 fnt|[from] item: Life Orb
|faint|p2a: Walking Wake
|-end|p2a: Walking Wake|Protosynthesis|[silent]
|
|
|switch|p2a: Ting-Lu|Ting-Lu|44/100
|-damage|p2a: Ting-Lu|38/100|[from] Stealth Rock
|-ability|p2a: Ting-Lu|Vessel of Ruin
|turn|20
|
|move|p1a: Yikang|Play Rough|p2a: Ting-Lu
|-supereffective|p2a: Ting-Lu
|-damage|p2a: Ting-Lu|0 fnt
|faint|p2a: Ting-Lu
|
|
|switch|p2a: Great Tusk|Great Tusk|100/100
|-damage|p2a: Great Tusk|98/100|[from] Stealth Rock
|turn|21
|
|move|p2a: Great Tusk|Headlong Rush|p1a: Yikang
|-damage|p1a: Yikang|0 fnt
|-unboost|p2a: Great Tusk|def|1
|-unboost|p2a: Great Tusk|spd|1
|faint|p1a: Yikang
|
|
|switch|p1a: Kirin|Kingambit, F, shiny|100/100
|-damage|p1a: Kirin|94/100|[from] Stealth Rock
|-activate|p1a: Kirin|ability: Supreme Overlord
|-start|p1a: Kirin|fallen3|[silent]
|turn|22
|
|move|p2a: Great Tusk|Headlong Rush|p1a: Kirin
|-supereffective|p1a: Kirin
|-damage|p1a: Kirin|0 fnt
|-unboost|p2a: Great Tusk|def|1
|-unboost|p2a: Great Tusk|spd|1
|faint|p1a: Kirin
|-end|p1a: Kirin|fallen3|[silent]
|
|
|switch|p1a: Bushy Boi|Great Tusk|59/100
|-damage|p1a: Bushy Boi|56/100|[from] Stealth Rock
|turn|23
|
|move|p2a: Great Tusk|Headlong Rush|p1a: Bushy Boi
|-damage|p1a: Bushy Boi|22/100
|-unboost|p2a: Great Tusk|def|1
|-unboost|p2a: Great Tusk|spd|1
|move|p1a: Bushy Boi|Knock Off|p2a: Great Tusk
|-resisted|p2a: Great Tusk
|-damage|p2a: Great Tusk|71/100
|-enditem|p2a: Great Tusk|Choice Scarf|[from] move: Knock Off|[of] p1a: Bushy Boi
|
|-heal|p1a: Bushy Boi|28/100|[from] item: Leftovers
|turn|24
|
|move|p2a: Great Tusk|Play Rough|p1a: Bushy Boi|[miss]
|-miss|p2a: Great Tusk|p1a: Bushy Boi
|move|p1a: Bushy Boi|Earthquake|p2a: Great Tusk
|-damage|p2a: Great Tusk|0 fnt
|faint|p2a: Great Tusk
|-end|p2a: Great Tusk|Protosynthesis|[silent]
|
|-heal|p1a: Bushy Boi|34/100|[from] item: Leftovers
|
|switch|p2a: Slither Wing|Slither Wing|100/100
|-damage|p2a: Slither Wing|88/100|[from] Stealth Rock
|turn|25
|
|move|p2a: Slither Wing|Close Combat|p1a: Bushy Boi
|-damage|p1a: Bushy Boi|0 fnt
|-unboost|p2a: Slither Wing|def|1
|-unboost|p2a: Slither Wing|spd|1
|faint|p1a: Bushy Boi
|-end|p1a: Bushy Boi|Protosynthesis|[silent]
|
|
|switch|p1a: Putney|Clodsire, M|42/100
|-damage|p1a: Putney|35/100|[from] Stealth Rock
|turn|26
|
|-end|p2a: Slither Wing|Protosynthesis|[silent]
|switch|p2a: Garganacl|Garganacl, M|83/100
|-damage|p2a: Garganacl|70/100|[from] Stealth Rock
|move|p1a: Putney|Recover|p1a: Putney
|-heal|p1a: Putney|86/100
|
|-heal|p1a: Putney|92/100|[from] item: Leftovers
|turn|27
|
|move|p2a: Garganacl|Recover|p2a: Garganacl
|-heal|p2a: Garganacl|100/100
|move|p1a: Putney|Toxic Spikes|p2a: Garganacl
|-sidestart|p2: p2|move: Toxic Spikes
|
|-heal|p1a: Putney|98/100|[from] item: Leftovers
|turn|28
|
|move|p2a: Garganacl|Curse|p2a: Garganacl
|-unboost|p2a: Garganacl|spe|1
|-boost|p2a: Garganacl|atk|1
|-boost|p2a: Garganacl|def|1
|move|p1a: Putney|Toxic Spikes|p2a: Garganacl
|-sidestart|p2: p2|move: Toxic Spikes
|
|-heal|p1a: Putney|100/100|[from] item: Leftovers
|turn|29
|
|move|p1a: Putney|Substitute|p1a: Putney
|-start|p1a: Putney|Substitute
|-damage|p1a: Putney|76/100
|move|p2a: Garganacl|Curse|p2a: Garganacl
|-unboost|p2a: Garganacl|spe|1
|-boost|p2a: Garganacl|atk|1
|-boost|p2a: Garganacl|def|1
|
|-heal|p1a: Putney|82/100|[from] item: Leftovers
|turn|30
|
|move|p1a: Putney|Toxic|p2a: Garganacl
|-immune|p2a: Garganacl|[from] ability: Purifying Salt
|move|p2a: Garganacl|Body Press|p1a: Putney
|-resisted|p1a: Putney
|-activate|p1a: Putney|move: Substitute|[damage]
|
|-heal|p1a: Putney|88/100|[from] item: Leftovers
|turn|31
|
|move|p1a: Putney|Substitute|p1a: Putney
|-fail|p1a: Putney|move: Substitute
|move|p2a: Garganacl|Curse|p2a: Garganacl
|-unboost|p2a: Garganacl|spe|1
|-boost|p2a: Garganacl|atk|1
|-boost|p2a: Garganacl|def|1
|
|-heal|p1a: Putney|94/100|[from] item: Leftovers
|turn|32
|
|move|p1a: Putney|Toxic Spikes||[still]
|-fail|p1a: Putney
|move|p2a: Garganacl|Curse|p2a: Garganacl
|-unboost|p2a: Garganacl|spe|1
|-boost|p2a: Garganacl|atk|1
|-boost|p2a: Garganacl|def|1
|
|-heal|p1a: Putney|99/100|[from] item: Leftovers
|turn|33
|
|move|p1a: Putney|Toxic Spikes||[still]
|-fail|p1a: Putney
|move|p2a: Garganacl|Curse|p2a: Garganacl
|-unboost|p2a: Garganacl|spe|1
|-boost|p2a: Garganacl|atk|1
|-boost|p2a: Garganacl|def|1
|
|-heal|p1a: Putney|100/100|[from] item: Leftovers
|turn|34
|
|move|p1a: Putney|Toxic Spikes||[still]
|-fail|p1a: Putney
|move|p2a: Garganacl|Curse|p2a: Garganacl
|-unboost|p2a: Garganacl|spe|1
|-boost|p2a: Garganacl|atk|1
|-boost|p2a: Garganacl|def|1
|
|turn|35
|
|move|p1a: Putney|Toxic Spikes||[still]
|-fail|p1a: Putney
|move|p2a: Garganacl|Body Press|p1a: Putney
|-resisted|p1a: Putney
|-end|p1a: Putney|Substitute
|
|turn|36
|
|move|p1a: Putney|Substitute|p1a: Putney
|-start|p1a: Putney|Substitute
|-damage|p1a: Putney|76/100
|move|p2a: Garganacl|Salt Cure|p1a: Putney
|-resisted|p1a: Putney
|-activate|p1a: Putney|move: Substitute|[damage]
|
|-heal|p1a: Putney|82/100|[from] item: Leftovers
|turn|37
|
|move|p1a: Putney|Toxic Spikes||[still]
|-fail|p1a: Putney
|move|p2a: Garganacl|Body Press|p1a: Putney
|-resisted|p1a: Putney
|-activate|p1a: Putney|move: Substitute|[damage]
|
|-heal|p1a: Putney|88/100|[from] item: Leftovers
|turn|38
|
|move|p1a: Putney|Toxic Spikes||[still]
|-fail|p1a: Putney
|move|p2a: Garganacl|Body Press|p1a: Putney
|-resisted|p1a: Putney
|-end|p1a: Putney|Substitute
|
|-heal|p1a: Putney|94/100|[from] item: Leftovers
|turn|39
|
|move|p1a: Putney|Substitute|p1a: Putney
|-start|p1a: Putney|Substitute
|-damage|p1a: Putney|69/100
|move|p2a: Garganacl|Curse|p2a: Garganacl
|
|-heal|p1a: Putney|75/100|[from] item: Leftovers
|turn|40
|
|move|p1a: Putney|Toxic Spikes||[still]
|-fail|p1a: Putney
|move|p2a: Garganacl|Salt Cure|p1a: Putney
|-resisted|p1a: Putney
|-activate|p1a: Putney|move: Substitute|[damage]
|
|-heal|p1a: Putney|81/100|[from] item: Leftovers
|turn|41
|
|move|p1a: Putney|Toxic Spikes||[still]
|-fail|p1a: Putney
|move|p2a: Garganacl|Salt Cure|p1a: Putney
|-resisted|p1a: Putney
|-activate|p1a: Putney|move: Substitute|[damage]
|
|-heal|p1a: Putney|87/100|[from] item: Leftovers
|turn|42
|
|move|p1a: Putney|Toxic Spikes||[still]
|-fail|p1a: Putney
|move|p2a: Garganacl|Body Press|p1a: Putney
|-resisted|p1a: Putney
|-end|p1a: Putney|Substitute
|
|-heal|p1a: Putney|93/100|[from] item: Leftovers
|turn|43
|
|move|p1a: Putney|Substitute|p1a: Putney
|-start|p1a: Putney|Substitute
|-damage|p1a: Putney|68/100
|move|p2a: Garganacl|Salt Cure|p1a: Putney
|-resisted|p1a: Putney
|-activate|p1a: Putney|move: Substitute|[damage]
|
|-heal|p1a: Putney|74/100|[from] item: Leftovers
|turn|44
|
|move|p1a: Putney|Toxic Spikes||[still]
|-fail|p1a: Putney
|move|p2a: Garganacl|Salt Cure|p1a: Putney
|-resisted|p1a: Putney
|-activate|p1a: Putney|move: Substitute|[damage]
|
|-heal|p1a: Putney|80/100|[from] item: Leftovers
|turn|45
|
|move|p1a: Putney|Toxic Spikes||[still]
|-fail|p1a: Putney
|move|p2a: Garganacl|Body Press|p1a: Putney
|-resisted|p1a: Putney
|-end|p1a: Putney|Substitute
|
|-heal|p1a: Putney|86/100|[from] item: Leftovers
|turn|46
|
|move|p1a: Putney|Substitute|p1a: Putney
|-start|p1a: Putney|Substitute
|-damage|p1a: Putney|62/100
|move|p2a: Garganacl|Salt Cure|p1a: Putney
|-resisted|p1a: Putney
|-activate|p1a: Putney|move: Substitute|[damage]
|
|-heal|p1a: Putney|68/100|[from] item: Leftovers
|turn|47
|
|move|p1a: Putney|Toxic Spikes||[still]
|-fail|p1a: Putney
|move|p2a: Garganacl|Body Press|p1a: Putney
|-resisted|p1a: Putney
|-activate|p1a: Putney|move: Substitute|[damage]
|
|-heal|p1a: Putney|74/100|[from] item: Leftovers
|turn|48
|
|move|p1a: Putney|Toxic Spikes||[still]
|-fail|p1a: Putney
|move|p2a: Garganacl|Salt Cure|p1a: Putney
|-resisted|p1a: Putney
|-end|p1a: Putney|Substitute
|
|-heal|p1a: Putney|80/100|[from] item: Leftovers
|turn|49
|
|move|p1a: Putney|Toxic Spikes||[still]
|-fail|p1a: Putney
|move|p2a: Garganacl|Body Press|p1a: Putney
|-resisted|p1a: Putney
|-damage|p1a: Putney|67/100
|
|-heal|p1a: Putney|73/100|[from] item: Leftovers
|turn|50
|
|move|p1a: Putney|Substitute|p1a: Putney
|-start|p1a: Putney|Substitute
|-damage|p1a: Putney|48/100
|move|p2a: Garganacl|Salt Cure|p1a: Putney
|-resisted|p1a: Putney
|-activate|p1a: Putney|move: Substitute|[damage]
|
|-heal|p1a: Putney|54/100|[from] item: Leftovers
|turn|51
|
|move|p1a: Putney|Toxic Spikes||[still]
|-fail|p1a: Putney
|move|p2a: Garganacl|Salt Cure|p1a: Putney
|-resisted|p1a: Putney
|-activate|p1a: Putney|move: Substitute|[damage]
|
|-heal|p1a: Putney|60/100|[from] item: Leftovers
|turn|52
|
|move|p1a: Putney|Toxic Spikes||[still]
|-fail|p1a: Putney
|move|p2a: Garganacl|Body Press|p1a: Putney
|-resisted|p1a: Putney
|-end|p1a: Putney|Substitute
|
|-heal|p1a: Putney|66/100|[from] item: Leftovers
|turn|53
|
|move|p1a: Putney|Substitute|p1a: Putney
|-start|p1a: Putney|Substitute
|-damage|p1a: Putney|41/100
|move|p2a: Garganacl|Curse|p2a: Garganacl
|
|-heal|p1a: Putney|47/100|[from] item: Leftovers
|turn|54
|
|move|p1a: Putney|Recover|p1a: Putney
|-heal|p1a: Putney|97/100
|move|p2a: Garganacl|Salt Cure|p1a: Putney
|-resisted|p1a: Putney
|-activate|p1a: Putney|move: Substitute|[damage]
|
|-heal|p1a: Putney|100/100|[from] item: Leftovers
|turn|55
|
|move|p1a: Putney|Toxic Spikes||[still]
|-fail|p1a: Putney
|move|p2a: Garganacl|Salt Cure|p1a: Putney
|-resisted|p1a: Putney
|-activate|p1a: Putney|move: Substitute|[damage]
|
|turn|56
|
|move|p1a: Putney|Toxic Spikes||[still]
|-fail|p1a: Putney
|move|p2a: Garganacl|Body Press|p1a: Putney
|-resisted|p1a: Putney
|-end|p1a: Putney|Substitute
|
|turn|57
|
|move|p1a: Putney|Substitute|p1a: Putney
|-start|p1a: Putney|Substitute
|-damage|p1a: Putney|76/100
|move|p2a: Garganacl|Salt Cure|p1a: Putney
|-resisted|p1a: Putney
|-activate|p1a: Putney|move: Substitute|[damage]
|
|-heal|p1a: Putney|82/100|[from] item: Leftovers
|turn|58
|
|move|p1a: Putney|Toxic Spikes||[still]
|-fail|p1a: Putney
|move|p2a: Garganacl|Salt Cure|p1a: Putney
|-resisted|p1a: Putney
|-activate|p1a: Putney|move: Substitute|[damage]
|
|-heal|p1a: Putney|88/100|[from] item: Leftovers
|turn|59
|
|move|p1a: Putney|Toxic Spikes||[still]
|-fail|p1a: Putney
|move|p2a: Garganacl|Body Press|p1a: Putney
|-resisted|p1a: Putney
|-end|p1a: Putney|Substitute
|
|-heal|p1a: Putney|94/100|[from] item: Leftovers
|turn|60
|
|move|p1a: Putney|Substitute|p1a: Putney
|-start|p1a: Putney|Substitute
|-damage|p1a: Putney|69/100
|move|p2a: Garganacl|Salt Cure|p1a: Putney
|-resisted|p1a: Putney
|-activate|p1a: Putney|move: Substitute|[damage]
|
|-heal|p1a: Putney|75/100|[from] item: Leftovers
|turn|61
|
|move|p1a: Putney|Toxic Spikes||[still]
|-fail|p1a: Putney
|move|p2a: Garganacl|Salt Cure|p1a: Putney
|-resisted|p1a: Putney
|-activate|p1a: Putney|move: Substitute|[damage]
|
|-heal|p1a: Putney|81/100|[from] item: Leftovers
|turn|62
|
|move|p1a: Putney|Toxic|p2a: Garganacl
|-immune|p2a: Garganacl|[from] ability: Purifying Salt
|move|p2a: Garganacl|Salt Cure|p1a: Putney
|-resisted|p1a: Putney
|-activate|p1a: Putney|move: Substitute|[damage]
|
|-heal|p1a: Putney|87/100|[from] item: Leftovers
|turn|63
|
|move|p1a: Putney|Toxic|p2a: Garganacl
|-immune|p2a: Garganacl|[from] ability: Purifying Salt
|move|p2a: Garganacl|Body Press|p1a: Putney
|-resisted|p1a: Putney
|-end|p1a: Putney|Substitute
|
|-heal|p1a: Putney|93/100|[from] item: Leftovers
|turn|64
|
|move|p1a: Putney|Substitute|p1a: Putney
|-start|p1a: Putney|Substitute
|-damage|p1a: Putney|68/100
|move|p2a: Garganacl|Salt Cure|p1a: Putney
|-resisted|p1a: Putney
|-activate|p1a: Putney|move: Substitute|[damage]
|
|-heal|p1a: Putney|74/100|[from] item: Leftovers
|turn|65
|
|move|p1a: Putney|Toxic|p2a: Garganacl
|-immune|p2a: Garganacl|[from] ability: Purifying Salt
|move|p2a: Garganacl|Salt Cure|p1a: Putney
|-resisted|p1a: Putney
|-activate|p1a: Putney|move: Substitute|[damage]
|
|-heal|p1a: Putney|80/100|[from] item: Leftovers
|turn|66
|
|move|p1a: Putney|Toxic|p2a: Garganacl
|-immune|p2a: Garganacl|[from] ability: Purifying Salt
|move|p2a: Garganacl|Body Press|p1a: Putney
|-resisted|p1a: Putney
|-end|p1a: Putney|Substitute
|
|-heal|p1a: Putney|86/100|[from] item: Leftovers
|turn|67
|
|move|p1a: Putney|Substitute|p1a: Putney
|-start|p1a: Putney|Substitute
|-damage|p1a: Putney|62/100
|move|p2a: Garganacl|Curse|p2a: Garganacl
|
|-heal|p1a: Putney|68/100|[from] item: Leftovers
|turn|68
|
|move|p1a: Putney|Toxic|p2a: Garganacl
|-immune|p2a: Garganacl|[from] ability: Purifying Salt
|move|p2a: Garganacl|Salt Cure|p1a: Putney
|-resisted|p1a: Putney
|-activate|p1a: Putney|move: Substitute|[damage]
|
|-heal|p1a: Putney|74/100|[from] item: Leftovers
|turn|69
|
|move|p1a: Putney|Toxic|p2a: Garganacl
|-immune|p2a: Garganacl|[from] ability: Purifying Salt
|move|p2a: Garganacl|Salt Cure|p1a: Putney
|-resisted|p1a: Putney
|-activate|p1a: Putney|move: Substitute|[damage]
|
|-heal|p1a: Putney|80/100|[from] item: Leftovers
|turn|70
|
|move|p1a: Putney|Toxic|p2a: Garganacl
|-immune|p2a: Garganacl|[from] ability: Purifying Salt
|move|p2a: Garganacl|Body Press|p1a: Putney
|-resisted|p1a: Putney
|-end|p1a: Putney|Substitute
|
|-heal|p1a: Putney|86/100|[from] item: Leftovers
|turn|71
|
|move|p1a: Putney|Substitute|p1a: Putney
|-start|p1a: Putney|Substitute
|-damage|p1a: Putney|61/100
|move|p2a: Garganacl|Body Press|p1a: Putney
|-resisted|p1a: Putney
|-activate|p1a: Putney|move: Substitute|[damage]
|
|-heal|p1a: Putney|67/100|[from] item: Leftovers
|turn|72
|
|move|p1a: Putney|Toxic Spikes||[still]
|-fail|p1a: Putney
|move|p2a: Garganacl|Body Press|p1a: Putney
|-resisted|p1a: Putney
|-end|p1a: Putney|Substitute
|
|-heal|p1a: Putney|73/100|[from] item: Leftovers
|turn|73
|
|switch|p2a: Slither Wing|Slither Wing|88/100
|-damage|p2a: Slither Wing|76/100|[from] Stealth Rock
|-status|p2a: Slither Wing|tox
|move|p1a: Putney|Substitute|p1a: Putney
|-start|p1a: Putney|Substitute
|-damage|p1a: Putney|48/100
|
|-heal|p1a: Putney|54/100|[from] item: Leftovers
|-damage|p2a: Slither Wing|70/100 tox|[from] psn
|turn|74
|
|-terastallize|p1a: Putney|Water
|move|p2a: Slither Wing|Flare Blitz|p1a: Putney
|-resisted|p1a: Putney
|-end|p1a: Putney|Substitute
|-damage|p2a: Slither Wing|58/100 tox|[from] Recoil|[of] p1a: Putney
|move|p1a: Putney|Recover|p1a: Putney
|-heal|p1a: Putney|100/100
|
|-damage|p2a: Slither Wing|46/100 tox|[from] psn
|turn|75
|
|move|p2a: Slither Wing|Flare Blitz|p1a: Putney
|-resisted|p1a: Putney
|-damage|p1a: Putney|61/100
|-damage|p2a: Slither Wing|26/100 tox|[from] Recoil
|move|p1a: Putney|Substitute|p1a: Putney
|-start|p1a: Putney|Substitute
|-damage|p1a: Putney|36/100
|
|-heal|p1a: Putney|42/100|[from] item: Leftovers
|-damage|p2a: Slither Wing|8/100 tox|[from] psn
|turn|76
|
|move|p2a: Slither Wing|Flare Blitz|p1a: Putney
|-resisted|p1a: Putney
|-end|p1a: Putney|Substitute
|-damage|p2a: Slither Wing|0 fnt|[from] Recoil|[of] p1a: Putney
|faint|p2a: Slither Wing
|-end|p2a: Slither Wing|Protosynthesis|[silent]
|move|p1a: Putney|Recover|p1a: Putney
|-heal|p1a: Putney|92/100
|
|-heal|p1a: Putney|98/100|[from] item: Leftovers
|
|switch|p2a: Garganacl|Garganacl, M|100/100
|-damage|p2a: Garganacl|88/100|[from] Stealth Rock
|turn|77
|
|move|p2a: Garganacl|Salt Cure|p1a: Putney
|-damage|p1a: Putney|84/100
|-start|p1a: Putney|Salt Cure
|move|p1a: Putney|Substitute|p1a: Putney
|-start|p1a: Putney|Substitute
|-damage|p1a: Putney|59/100
|
|-heal|p1a: Putney|65/100|[from] item: Leftovers
|-damage|p1a: Putney|40/100|[from] Salt Cure
|turn|78
|
|move|p2a: Garganacl|Curse|p2a: Garganacl
|-unboost|p2a: Garganacl|spe|1
|-boost|p2a: Garganacl|atk|1
|-boost|p2a: Garganacl|def|1
|move|p1a: Putney|Recover|p1a: Putney
|-heal|p1a: Putney|90/100
|
|-heal|p1a: Putney|96/100|[from] item: Leftovers
|-damage|p1a: Putney|72/100|[from] Salt Cure
|turn|79
|
|move|p1a: Putney|Toxic Spikes||[still]
|-fail|p1a: Putney
|move|p2a: Garganacl|Recover|p2a: Garganacl
|-heal|p2a: Garganacl|100/100
|
|-heal|p1a: Putney|78/100|[from] item: Leftovers
|-damage|p1a: Putney|53/100|[from] Salt Cure
|turn|80
|
|move|p1a: Putney|Toxic Spikes||[still]
|-fail|p1a: Putney
|move|p2a: Garganacl|Recover||[still]
|-fail|p2a: Garganacl|heal
|
|-heal|p1a: Putney|59/100|[from] item: Leftovers
|-damage|p1a: Putney|34/100|[from] Salt Cure
|turn|81
|
|move|p1a: Putney|Recover|p1a: Putney
|-heal|p1a: Putney|84/100
|move|p2a: Garganacl|Recover||[still]
|-fail|p2a: Garganacl|heal
|
|-heal|p1a: Putney|90/100|[from] item: Leftovers
|-damage|p1a: Putney|65/100|[from] Salt Cure
|turn|82
|
|move|p1a: Putney|Toxic|p2a: Garganacl
|-immune|p2a: Garganacl|[from] ability: Purifying Salt
|move|p2a: Garganacl|Recover||[still]
|-fail|p2a: Garganacl|heal
|
|-heal|p1a: Putney|71/100|[from] item: Leftovers
|-damage|p1a: Putney|47/100|[from] Salt Cure
|turn|83
|
|move|p1a: Putney|Recover|p1a: Putney
|-heal|p1a: Putney|97/100
|move|p2a: Garganacl|Recover||[still]
|-fail|p2a: Garganacl|heal
|
|-heal|p1a: Putney|100/100|[from] item: Leftovers
|-damage|p1a: Putney|76/100|[from] Salt Cure
|turn|84
|
|move|p1a: Putney|Toxic Spikes||[still]
|-fail|p1a: Putney
|move|p2a: Garganacl|Curse|p2a: Garganacl
|-unboost|p2a: Garganacl|spe|1
|-boost|p2a: Garganacl|atk|1
|-boost|p2a: Garganacl|def|1
|
|-heal|p1a: Putney|82/100|[from] item: Leftovers
|-damage|p1a: Putney|57/100|[from] Salt Cure
|turn|85
|
|move|p1a: Putney|Toxic|p2a: Garganacl|[miss]
|-miss|p1a: Putney|p2a: Garganacl
|move|p2a: Garganacl|Curse|p2a: Garganacl
|-unboost|p2a: Garganacl|spe|1
|-boost|p2a: Garganacl|atk|1
|-boost|p2a: Garganacl|def|1
|
|-heal|p1a: Putney|63/100|[from] item: Leftovers
|-damage|p1a: Putney|38/100|[from] Salt Cure
|turn|86
|
|move|p1a: Putney|Toxic Spikes||[still]
|-fail|p1a: Putney
|move|p2a: Garganacl|Curse|p2a: Garganacl
|-unboost|p2a: Garganacl|spe|1
|-boost|p2a: Garganacl|atk|1
|-boost|p2a: Garganacl|def|1
|
|-heal|p1a: Putney|44/100|[from] item: Leftovers
|-damage|p1a: Putney|19/100|[from] Salt Cure
|turn|87
|
|move|p1a: Putney|Recover|p1a: Putney
|-heal|p1a: Putney|69/100
|move|p2a: Garganacl|Curse|p2a: Garganacl
|-unboost|p2a: Garganacl|spe|1
|-boost|p2a: Garganacl|atk|1
|-boost|p2a: Garganacl|def|1
|
|-heal|p1a: Putney|75/100|[from] item: Leftovers
|-damage|p1a: Putney|51/100|[from] Salt Cure
|turn|88
|
|move|p1a: Putney|Toxic|p2a: Garganacl
|-immune|p2a: Garganacl|[from] ability: Purifying Salt
|move|p2a: Garganacl|Curse|p2a: Garganacl
|-unboost|p2a: Garganacl|spe|1
|-boost|p2a: Garganacl|atk|1
|-boost|p2a: Garganacl|def|1
|
|-heal|p1a: Putney|57/100|[from] item: Leftovers
|-damage|p1a: Putney|32/100|[from] Salt Cure
|turn|89
|
|move|p1a: Putney|Toxic|p2a: Garganacl
|-immune|p2a: Garganacl|[from] ability: Purifying Salt
|move|p2a: Garganacl|Salt Cure|p1a: Putney
|-activate|p1a: Putney|move: Substitute|[damage]
|
|-heal|p1a: Putney|38/100|[from] item: Leftovers
|-damage|p1a: Putney|13/100|[from] Salt Cure
|turn|90
|
|move|p1a: Putney|Toxic Spikes||[still]
|-fail|p1a: Putney
|-activate|p2a: Garganacl|move: Struggle
|move|p2a: Garganacl|Struggle|p1a: Putney
|-end|p1a: Putney|Substitute
|-damage|p2a: Garganacl|75/100|[from] recoil
|
|-heal|p1a: Putney|19/100|[from] item: Leftovers
|-damage|p1a: Putney|0 fnt|[from] Salt Cure
|faint|p1a: Putney
|
|win|p2
