# advantage = p2
|poke|p1|Zapdos|
|poke|p1|Urshifu-*, F|
|poke|p1|Magearna|
|poke|p1|Great Tusk|
|poke|p1|Dragapult, F|
|poke|p1|Chien-Pao|
|poke|p2|Pelipper, F|
|poke|p2|Floatzel, M|
|poke|p2|Basculegion-F, F|
|poke|p2|Overqwil, F|
|poke|p2|Iron Treads|
|poke|p2|Masquerain, F|
|teampreview
|
|start
|switch|p1a: Zapdos|Zapdos|100/100
|switch|p2a: Masquerain|Masquerain, F|100/100
|-ability|p2a: Masquerain|Intimidate|boost
|-unboost|p1a: Zapdos|atk|1
|turn|1
|
|move|p2a: Masquerain|Stun Spore|p1a: Zapdos|[miss]
|-miss|p2a: Masquerain|p1a: Zapdos
|move|p1a: Zapdos|Hurricane|p2a: Masquerain|[miss]
|-miss|p1a: Zapdos|p2a: Masquerain
|
|turn|2
|
|move|p2a: Masquerain|Stun Spore|p1a: Zapdos
|-immune|p1a: Zapdos
|move|p1a: Zapdos|Hurricane|p2a: Masquerain
|-supereffective|p2a: Masquerain
|-enditem|p2a: Masquerain|Focus Sash
|-damage|p2a: Masquerain|1/100
|-start|p2a: Masquerain|confusion
|
|turn|3
|
|-activate|p2a: Masquerain|confusion
|move|p2a: Masquerain|Sticky Web|p1a: Zapdos
|-sidestart|p1: p1|move: Sticky Web
|move|p1a: Zapdos|Volt Switch|p2a: Masquerain
|-supereffective|p2a: Masquerain
|-damage|p2a: Masquerain|0 fnt
|faint|p2a: Masquerain
|
|switch|p1a: Great Tusk|Great Tusk|100/100|[from] Volt Switch
|-enditem|p1a: Great Tusk|Booster Energy
|-activate|p1a: Great Tusk|ability: Protosynthesis|[fromitem]
|-start|p1a: Great Tusk|protosynthesisspe
|-activate|p1a: Great Tusk|move: Sticky Web
|-unboost|p1a: Great Tusk|spe|1
|
|
|switch|p2a: Basculegion|Basculegion-F, F|100/100
|turn|4
|
|move|p1a: Great Tusk|Knock Off|p2a: Basculegion
|-supereffective|p2a: Basculegion
|-damage|p2a: Basculegion|22/100
|-enditem|p2a: Basculegion|Wise Glasses|[from] move: Knock Off|[of] p1a: Great Tusk
|move|p2a: Basculegion|Hydro Pump|p1a: Great Tusk
|-supereffective|p1a: Great Tusk
|-damage|p1a: Great Tusk|0 fnt
|faint|p1a: Great Tusk
|-end|p1a: Great Tusk|Protosynthesis|[silent]
|
|
|switch|p1a: Zapdos|Zapdos|100/100
|turn|5
|
|switch|p2a: Iron Treads|Iron Treads|100/100
|move|p1a: Zapdos|Volt Switch|p2a: Iron Treads
|-immune|p2a: Iron Treads
|
|turn|6
|
|move|p2a: Iron Treads|Stealth Rock|p1a: Zapdos
|-sidestart|p1: p1|move: Stealth Rock
|move|p1a: Zapdos|Heat Wave|p2a: Iron Treads
|-supereffective|p2a: Iron Treads
|-damage|p2a: Iron Treads|60/100
|
|-heal|p2a: Iron Treads|67/100|[from] item: Leftovers
|turn|7
|
|switch|p1a: Magearna|Magearna|100/100
|move|p2a: Iron Treads|Knock Off|p1a: Magearna
|-resisted|p1a: Magearna
|-damage|p1a: Magearna|93/100
|-enditem|p1a: Magearna|Heavy-Duty Boots|[from] move: Knock Off|[of] p2a: Iron Treads
|
|-heal|p2a: Iron Treads|73/100|[from] item: Leftovers
|turn|8
|
|switch|p1a: Urshifu|Urshifu-Rapid-Strike, F|100/100
|-activate|p1a: Urshifu|move: Sticky Web
|-unboost|p1a: Urshifu|spe|1
|-damage|p1a: Urshifu|94/100|[from] Stealth Rock
|move|p2a: Iron Treads|Earthquake|p1a: Urshifu
|-damage|p1a: Urshifu|58/100
|
|-heal|p2a: Iron Treads|79/100|[from] item: Leftovers
|turn|9
|
|move|p1a: Urshifu|Surging Strikes|p2a: Iron Treads
|-supereffective|p2a: Iron Treads
|-crit|p2a: Iron Treads
|-damage|p2a: Iron Treads|46/100
|-supereffective|p2a: Iron Treads
|-crit|p2a: Iron Treads
|-damage|p2a: Iron Treads|12/100
|-supereffective|p2a: Iron Treads
|-crit|p2a: Iron Treads
|-damage|p2a: Iron Treads|0 fnt
|faint|p2a: Iron Treads
|-end|p2a: Iron Treads|Quark Drive|[silent]
|-hitcount|p2: Iron Treads|3
|
|
|switch|p2a: Pelipper|Pelipper, F|100/100
|-weather|RainDance|[from] ability: Drizzle|[of] p2a: Pelipper
|turn|10
|
|switch|p1a: Zapdos|Zapdos|100/100
|move|p2a: Pelipper|Surf|p1a: Zapdos
|-damage|p1a: Zapdos|3/100
|
|-weather|RainDance|[upkeep]
|turn|11
|
|move|p1a: Zapdos|Volt Switch|p2a: Pelipper
|-supereffective|p2a: Pelipper
|-damage|p2a: Pelipper|0 fnt
|faint|p2a: Pelipper
|
|switch|p1a: Magearna|Magearna|93/100|[from] Volt Switch
|-activate|p1a: Magearna|move: Sticky Web
|-unboost|p1a: Magearna|spe|1
|-damage|p1a: Magearna|87/100|[from] Stealth Rock
|
|-weather|RainDance|[upkeep]
|
|switch|p2a: Floatzel|Floatzel, M|100/100
|turn|12
|
|move|p2a: Floatzel|Wave Crash|p1a: Magearna
|-damage|p1a: Magearna|0 fnt
|faint|p1a: Magearna
|-damage|p2a: Floatzel|67/100|[from] Recoil
|
|-weather|RainDance|[upkeep]
|
|switch|p1a: Zapdos|Zapdos|3/100
|turn|13
|
|move|p2a: Floatzel|Wave Crash|p1a: Zapdos
|-damage|p1a: Zapdos|0 fnt
|faint|p1a: Zapdos
|-damage|p2a: Floatzel|66/100|[from] Recoil
|
|-weather|RainDance|[upkeep]
|
|switch|p1a: Urshifu|Urshifu-Rapid-Strike, F|58/100
|-activate|p1a: Urshifu|move: Sticky Web
|-unboost|p1a: Urshifu|spe|1
|-damage|p1a: Urshifu|52/100|[from] Stealth Rock
|turn|14
|
|move|p2a: Floatzel|Wave Crash|p1a: Urshifu
|-resisted|p1a: Urshifu
|-damage|p1a: Urshifu|0 fnt
|faint|p1a: Urshifu
|-damage|p2a: Floatzel|47/100|[from] Recoil
|
|-weather|none
|
|switch|p1a: Chien-Pao|Chien-Pao|100/100
|-activate|p1a: Chien-Pao|move: Sticky Web
|-unboost|p1a: Chien-Pao|spe|1
|-damage|p1a: Chien-Pao|76/100|[from] Stealth Rock
|-ability|p1a: Chien-Pao|Sword of Ruin
|turn|15
|
|-terastallize|p1a: Chien-Pao|Dark
|move|p2a: Floatzel|Wave Crash|p1a: Chien-Pao
|-damage|p1a: Chien-Pao|0 fnt
|faint|p1a: Chien-Pao
|-damage|p2a: Floatzel|23/100|[from] Recoil
|
|
|switch|p1a: Dragapult|Dragapult, F|100/100
|-activate|p1a: Dragapult|move: Sticky Web
|-unboost|p1a: Dragapult|spe|1
|-damage|p1a: Dragapult|88/100|[from] Stealth Rock
|turn|16
|
|move|p2a: Floatzel|Wave Crash|p1a: Dragapult
|-resisted|p1a: Dragapult
|-crit|p1a: Dragapult
|-damage|p1a: Dragapult|0 fnt
|faint|p1a: Dragapult
|-damage|p2a: Floatzel|0 fnt|[from] Recoil
|faint|p2a: Floatzel
|
|win|p2
