|poke|p1|Chien-Pao|
|poke|p1|Moltres|
|poke|p1|Zamazenta-*|
|poke|p1|Hoopa-Unbound|
|poke|p1|Slowking-Galar, M|
|poke|p1|Decidueye-Hisui, F|
|poke|p2|Chien-Pao|
|poke|p2|Samurott-Hisui, M|
|poke|p2|Clodsire, M|
|poke|p2|Urshifu-*, F|
|poke|p2|Magearna|
|poke|p2|Dragonite, M|
|teampreview
|j| yomaalt
|j| IConsumeChairs
|
|start
|switch|p1a: Hoopa|Hoopa-Unbound|100/100
|switch|p2a: Samurott|Samurott-Hisui, M|100/100
|turn|1
|j| GlobalWarmingDoom
|
|switch|p1a: Decidueye|Decidueye-Hisui, F, shiny|100/100
|move|p2a: Samurott|Ceaseless Edge|p1a: Decidueye
|-resisted|p1a: Decidueye
|-damage|p1a: Decidueye|83/100
|-sidestart|p1: Jewish Reuniclus|Spikes
|
|turn|2
|l| yomaalt
|
|move|p2a: Samurott|Ceaseless Edge|p1a: Decidueye
|-resisted|p1a: Decidueye
|-damage|p1a: Decidueye|64/100
|-sidestart|p1: Jewish Reuniclus|Spikes
|move|p1a: Decidueye|Defog|p2a: Samurott
|-unboost|p2a: Samurott|evasion|1
|-sideend|p1: Jewish Reuniclus|Spikes|[from] move: Defog|[of] p1a: Decidueye
|
|turn|3
|
|move|p2a: Samurott|Ceaseless Edge|p1a: Decidueye
|-resisted|p1a: Decidueye
|-damage|p1a: Decidueye|45/100
|-sidestart|p1: Jewish Reuniclus|Spikes
|move|p1a: Decidueye|U-turn|p2a: Samurott
|-supereffective|p2a: Samurott
|-damage|p2a: Samurott|58/100
|
|switch|p1a: Moltres|Moltres|100/100|[from] U-turn
|
|turn|4
|
|move|p2a: Samurott|Aqua Cutter|p1a: Moltres
|-supereffective|p1a: Moltres
|-damage|p1a: Moltres|27/100
|move|p1a: Moltres|U-turn|p2a: Samurott
|-supereffective|p2a: Samurott
|-damage|p2a: Samurott|18/100
|
|switch|p1a: Decidueye|Decidueye-Hisui, F, shiny|45/100|[from] U-turn
|
|turn|5
|
|switch|p2a: Chien-Pao|Chien-Pao|100/100
|-ability|p2a: Chien-Pao|Sword of Ruin
|move|p1a: Decidueye|Roost|p1a: Decidueye
|-heal|p1a: Decidueye|95/100
|-singleturn|p1a: Decidueye|move: Roost
|
|turn|6
|
|-terastallize|p1a: Decidueye|Fairy
|move|p2a: Chien-Pao|Icicle Crash|p1a: Decidueye
|-damage|p1a: Decidueye|42/100
|-damage|p2a: Chien-Pao|91/100|[from] item: Life Orb
|move|p1a: Decidueye|Triple Arrows|p2a: Chien-Pao
|-supereffective|p2a: Chien-Pao
|-damage|p2a: Chien-Pao|0 fnt
|faint|p2a: Chien-Pao
|
|
|switch|p2a: Urshifu|Urshifu-Rapid-Strike, F|100/100
|turn|7
|
|switch|p1a: Moltres|Moltres|27/100
|move|p2a: Urshifu|Surging Strikes|p1a: Moltres
|-supereffective|p1a: Moltres
|-crit|p1a: Moltres
|-damage|p1a: Moltres|1/100
|-supereffective|p1a: Moltres
|-crit|p1a: Moltres
|-damage|p1a: Moltres|0 fnt
|faint|p1a: Moltres
|-hitcount|p1: Moltres|2
|
|j| EnderBeedrill
|j| TheNewBrends11@!
|
|switch|p1a: Zamazenta|Zamazenta-Crowned|100/100
|-damage|p1a: Zamazenta|88/100|[from] Spikes
|-ability|p1a: Zamazenta|Dauntless Shield|boost
|-boost|p1a: Zamazenta|def|1
|turn|8
|
|switch|p2a: Clodsire|Clodsire, M|100/100
|move|p1a: Zamazenta|Iron Defense|p1a: Zamazenta
|-boost|p1a: Zamazenta|def|2
|
|turn|9
|
|move|p1a: Zamazenta|Behemoth Bash|p2a: Clodsire
|-damage|p2a: Clodsire|53/100
|move|p2a: Clodsire|Stealth Rock|p1a: Zamazenta
|-sidestart|p1: Jewish Reuniclus|move: Stealth Rock
|
|-heal|p2a: Clodsire|59/100|[from] item: Leftovers
|turn|10
|
|move|p1a: Zamazenta|Behemoth Bash|p2a: Clodsire
|-damage|p2a: Clodsire|18/100
|move|p2a: Clodsire|Recover|p2a: Clodsire
|-heal|p2a: Clodsire|68/100
|
|-heal|p2a: Clodsire|74/100|[from] item: Leftovers
|turn|11
|
|move|p1a: Zamazenta|Crunch|p2a: Clodsire
|-damage|p2a: Clodsire|51/100
|-unboost|p2a: Clodsire|def|1
|move|p2a: Clodsire|Toxic|p1a: Zamazenta
|-immune|p1a: Zamazenta
|
|-heal|p2a: Clodsire|57/100|[from] item: Leftovers
|turn|12
|j| Remedy4brokenh3art
|n| TheNewBrends11|thenewbrends11
|
|switch|p2a: Samurott|Samurott-Hisui, M|18/100
|move|p1a: Zamazenta|Behemoth Bash|p2a: Samurott
|-resisted|p2a: Samurott
|-damage|p2a: Samurott|0 fnt
|faint|p2a: Samurott
|
|
|switch|p2a: Clodsire|Clodsire, M|57/100
|turn|13
|
|move|p1a: Zamazenta|Behemoth Bash|p2a: Clodsire
|-damage|p2a: Clodsire|16/100
|move|p2a: Clodsire|Recover|p2a: Clodsire
|-heal|p2a: Clodsire|66/100
|
|-heal|p2a: Clodsire|72/100|[from] item: Leftovers
|turn|14
|
|move|p1a: Zamazenta|Crunch|p2a: Clodsire
|-damage|p2a: Clodsire|48/100
|move|p2a: Clodsire|Recover|p2a: Clodsire
|-heal|p2a: Clodsire|98/100
|
|-heal|p2a: Clodsire|100/100|[from] item: Leftovers
|turn|15
|
|move|p1a: Zamazenta|Crunch|p2a: Clodsire
|-damage|p2a: Clodsire|77/100
|move|p2a: Clodsire|Earthquake|p1a: Zamazenta
|-supereffective|p1a: Zamazenta
|-crit|p1a: Zamazenta
|-damage|p1a: Zamazenta|38/100
|
|-heal|p2a: Clodsire|83/100|[from] item: Leftovers
|turn|16
|
|move|p1a: Zamazenta|Crunch|p2a: Clodsire
|-damage|p2a: Clodsire|59/100
|move|p2a: Clodsire|Earthquake|p1a: Zamazenta
|-supereffective|p1a: Zamazenta
|-damage|p1a: Zamazenta|1/100
|
|-heal|p2a: Clodsire|65/100|[from] item: Leftovers
|turn|17
|
|move|p1a: Zamazenta|Behemoth Bash|p2a: Clodsire
|-damage|p2a: Clodsire|23/100
|move|p2a: Clodsire|Recover|p2a: Clodsire
|-heal|p2a: Clodsire|73/100
|
|-heal|p2a: Clodsire|79/100|[from] item: Leftovers
|turn|18
|
|move|p1a: Zamazenta|Behemoth Bash|p2a: Clodsire
|-damage|p2a: Clodsire|33/100
|move|p2a: Clodsire|Recover|p2a: Clodsire
|-heal|p2a: Clodsire|83/100
|
|-heal|p2a: Clodsire|89/100|[from] item: Leftovers
|turn|19
|
|move|p1a: Zamazenta|Behemoth Bash|p2a: Clodsire
|-damage|p2a: Clodsire|45/100
|move|p2a: Clodsire|Recover|p2a: Clodsire
|-heal|p2a: Clodsire|96/100
|
|-heal|p2a: Clodsire|100/100|[from] item: Leftovers
|turn|20
|n| TheNewBrends11@!|thenewbrends11
|
|move|p1a: Zamazenta|Body Press|p2a: Clodsire
|-resisted|p2a: Clodsire
|-damage|p2a: Clodsire|77/100
|move|p2a: Clodsire|Earthquake|p1a: Zamazenta
|-supereffective|p1a: Zamazenta
|-damage|p1a: Zamazenta|0 fnt
|faint|p1a: Zamazenta
|
|-heal|p2a: Clodsire|83/100|[from] item: Leftovers
|
|switch|p1a: Decidueye|Decidueye-Hisui, F, shiny, tera:Fairy|42/100
|turn|21
|
|move|p1a: Decidueye|Defog|p2a: Clodsire
|-unboost|p2a: Clodsire|evasion|1
|-sideend|p1: Jewish Reuniclus|Spikes|[from] move: Defog|[of] p1a: Decidueye
|-sideend|p1: Jewish Reuniclus|Stealth Rock|[from] move: Defog|[of] p1a: Decidueye
|move|p2a: Clodsire|Toxic|p1a: Decidueye
|-status|p1a: Decidueye|tox
|
|-heal|p2a: Clodsire|89/100|[from] item: Leftovers
|-damage|p1a: Decidueye|36/100 tox|[from] psn
|turn|22
|
|move|p1a: Decidueye|U-turn|p2a: Clodsire
|-resisted|p2a: Clodsire
|-damage|p2a: Clodsire|79/100
|
|switch|p1a: Chien-Pao|Chien-Pao|100/100|[from] U-turn
|-ability|p1a: Chien-Pao|Sword of Ruin
|move|p2a: Clodsire|Stealth Rock|p1a: Chien-Pao
|-sidestart|p1: Jewish Reuniclus|move: Stealth Rock
|
|-heal|p2a: Clodsire|85/100|[from] item: Leftovers
|turn|23
|
|move|p1a: Chien-Pao|Icicle Crash|p2a: Clodsire
|-supereffective|p2a: Clodsire
|-damage|p2a: Clodsire|0 fnt
|faint|p2a: Clodsire
|
|
|switch|p2a: Urshifu|Urshifu-Rapid-Strike, F|100/100
|turn|24
|
|switch|p1a: Decidueye|Decidueye-Hisui, F, shiny, tera:Fairy|36/100 tox
|move|p2a: Urshifu|Bulk Up|p2a: Urshifu
|-boost|p2a: Urshifu|atk|1
|-boost|p2a: Urshifu|def|1
|
|-damage|p1a: Decidueye|30/100 tox|[from] psn
|turn|25
|
|move|p2a: Urshifu|Surging Strikes|p1a: Decidueye
|-crit|p1a: Decidueye
|-damage|p1a: Decidueye|7/100 tox
|-crit|p1a: Decidueye
|-damage|p1a: Decidueye|0 fnt
|faint|p1a: Decidueye
|-hitcount|p1: Decidueye|2
|
|
|switch|p1a: Slowking|Slowking-Galar, M|100/100
|turn|26
|
|-terastallize|p2a: Urshifu|Water
|move|p2a: Urshifu|Surging Strikes|p1a: Slowking
|-crit|p1a: Slowking
|-damage|p1a: Slowking|58/100
|-crit|p1a: Slowking
|-damage|p1a: Slowking|15/100
|-crit|p1a: Slowking
|-damage|p1a: Slowking|0 fnt
|faint|p1a: Slowking
|-hitcount|p1: Slowking|3
|
|j|#SetsuStsna
|
|switch|p1a: Chien-Pao|Chien-Pao|100/100
|-damage|p1a: Chien-Pao|76/100|[from] Stealth Rock
|-ability|p1a: Chien-Pao|Sword of Ruin
|turn|27
|
|move|p1a: Chien-Pao|Sacred Sword|p2a: Urshifu
|-damage|p2a: Urshifu|39/100
|move|p2a: Urshifu|Surging Strikes|p1a: Chien-Pao
|-crit|p1a: Chien-Pao
|-damage|p1a: Chien-Pao|23/100
|-crit|p1a: Chien-Pao
|-damage|p1a: Chien-Pao|0 fnt
|faint|p1a: Chien-Pao
|-hitcount|p1: Chien-Pao|2
|
|
|switch|p1a: Hoopa|Hoopa-Unbound|100/100
|-damage|p1a: Hoopa|88/100|[from] Stealth Rock
|turn|28
|
|move|p2a: Urshifu|Surging Strikes|p1a: Hoopa
|-crit|p1a: Hoopa
|-damage|p1a: Hoopa|13/100
|-crit|p1a: Hoopa
|-damage|p1a: Hoopa|0 fnt
|faint|p1a: Hoopa
|-hitcount|p1: Hoopa|2
|
|win|ho3nconfirm3d
|n|☆Jewish Reuniclus|jewishreuniclus
|n|☆ho3nconfirm3d|ho3nconfirm3d
|n| IConsumeChairs|iconsumechairs
|n| GlobalWarmingDoom|globalwarmingdoom
|n| EnderBeedrill|enderbeedrill
|n| TheNewBrends11@!|thenewbrends11
|n| Remedy4brokenh3art|remedy4brokenh3art
|n|+SetsuStsna|setsustsna
|l|☆ho3nconfirm3d
|l|☆Jewish Reuniclus
|l| IConsumeChairs
|l|+SetsuStsna
|l| GlobalWarmingDoom
|l| Remedy4brokenh3art
