|poke|p1|Zapdos|
|poke|p1|Enamorus, F|
|poke|p1|Zamazenta-*|
|poke|p1|Ting-Lu|
|poke|p1|Glimmora, F|
|poke|p1|Kingambit, F|
|poke|p2|Greninja, F|
|poke|p2|Magearna|
|poke|p2|Great Tusk|
|poke|p2|Cinderace, M|
|poke|p2|Kingambit, M|
|poke|p2|Roaring Moon|
|teampreview
|
|start
|switch|p1a: Roulette|Glimmora, F|100/100
|switch|p2a: Greninja|Greninja, F|100/100
|turn|1
|
|move|p2a: Greninja|Taunt|p1a: Roulette
|-start|p2a: Greninja|typechange|Dark|[from] ability: Protean
|-start|p1a: Roulette|move: Taunt
|cant|p1a: Roulette|move: Taunt|Stealth Rock
|
|turn|2
|
|move|p2a: Greninja|Spikes|p1a: Roulette
|-sidestart|p1: RagingFE|Spikes
|move|p1a: Roulette|Sludge Bomb|p2a: Greninja
|-damage|p2a: Greninja|34/100
|
|turn|3
|
|move|p2a: Greninja|Extrasensory|p1a: Roulette
|-supereffective|p1a: Roulette
|-damage|p1a: Roulette|47/100
|move|p1a: Roulette|Sludge Bomb|p2a: Greninja
|-damage|p2a: Greninja|0 fnt
|faint|p2a: Greninja
|
|-end|p1a: Roulette|move: Taunt
|
|switch|p2a: Magearna|Magearna|100/100
|turn|4
|
|move|p1a: Roulette|Earth Power|p2a: Magearna
|-supereffective|p2a: Magearna
|-damage|p2a: Magearna|46/100
|move|p2a: Magearna|Shift Gear|p2a: Magearna
|-boost|p2a: Magearna|spe|2
|-boost|p2a: Magearna|atk|1
|
|-heal|p2a: Magearna|52/100|[from] item: Leftovers
|turn|5
|
|-terastallize|p2a: Magearna|Water
|move|p2a: Magearna|Calm Mind|p2a: Magearna
|-boost|p2a: Magearna|spa|1
|-boost|p2a: Magearna|spd|1
|move|p1a: Roulette|Earth Power|p2a: Magearna
|-damage|p2a: Magearna|33/100
|
|-heal|p2a: Magearna|39/100|[from] item: Leftovers
|turn|6
|
|move|p2a: Magearna|Calm Mind|p2a: Magearna
|-boost|p2a: Magearna|spa|1
|-boost|p2a: Magearna|spd|1
|move|p1a: Roulette|Sludge Bomb|p2a: Magearna
|-damage|p2a: Magearna|20/100
|-status|p2a: Magearna|psn
|
|-heal|p2a: Magearna|26/100 psn|[from] item: Leftovers
|-damage|p2a: Magearna|14/100 psn|[from] psn
|turn|7
|
|move|p2a: Magearna|Stored Power|p1a: Roulette
|-supereffective|p1a: Roulette
|-damage|p1a: Roulette|0 fnt
|faint|p1a: Roulette
|-ability|p2a: Magearna|Soul-Heart|boost
|-boost|p2a: Magearna|spa|1
|
|-heal|p2a: Magearna|20/100 psn|[from] item: Leftovers
|-damage|p2a: Magearna|8/100 psn|[from] psn
|
|switch|p1a: Aaron|Kingambit, F|100/100
|-damage|p1a: Aaron|88/100|[from] Spikes
|-activate|p1a: Aaron|ability: Supreme Overlord
|-start|p1a: Aaron|fallen1|[silent]
|turn|8
|
|move|p1a: Aaron|Sucker Punch||[still]
|-fail|p1a: Aaron
|move|p2a: Magearna|Calm Mind|p2a: Magearna
|-boost|p2a: Magearna|spa|1
|-boost|p2a: Magearna|spd|1
|
|-heal|p2a: Magearna|14/100 psn|[from] item: Leftovers
|-damage|p2a: Magearna|1/100 psn|[from] psn
|turn|9
|
|move|p1a: Aaron|Sucker Punch|p2a: Magearna
|-damage|p2a: Magearna|0 fnt
|faint|p2a: Magearna
|-damage|p1a: Aaron|78/100|[from] item: Life Orb
|
|
|switch|p2a: Great Tusk|Great Tusk|100/100
|-enditem|p2a: Great Tusk|Booster Energy
|-activate|p2a: Great Tusk|ability: Protosynthesis|[fromitem]
|-start|p2a: Great Tusk|protosynthesisatk
|turn|10
|
|-end|p1a: Aaron|fallen1|[silent]
|switch|p1a: Turtley|Enamorus, F|100/100
|move|p2a: Great Tusk|Bulk Up|p2a: Great Tusk
|-boost|p2a: Great Tusk|atk|1
|-boost|p2a: Great Tusk|def|1
|
|turn|11
|
|move|p1a: Turtley|Moonblast|p2a: Great Tusk
|-supereffective|p2a: Great Tusk
|-damage|p2a: Great Tusk|0 fnt
|faint|p2a: Great Tusk
|-end|p2a: Great Tusk|Protosynthesis|[silent]
|-damage|p1a: Turtley|91/100|[from] item: Life Orb
|
|-message|GreenOhm forfeited.
|
|win|RagingFE
|l|☆GreenOhm
