# advantage = p2
|poke|p1|Chien-Pao|
|poke|p1|Landorus-Therian, M|
|poke|p1|Heatran, M|
|poke|p1|Urshifu-*, M|
|poke|p1|Rotom-Wash|
|poke|p1|Enamorus, F|
|poke|p2|Zamazenta-*|
|poke|p2|Abomasnow, F|
|poke|p2|Chien-Pao|
|poke|p2|Magearna|
|poke|p2|Skeledirge, M|
|poke|p2|Iron Treads|
|teampreview
|
|start
|switch|p1a: Rotom|Rotom-Wash|100/100
|switch|p2a: Abomasnow|Abomasnow, F|100/100
|-weather|Snow|[from] ability: Snow Warning|[of] p2a: Abomasnow
|turn|1
|
|move|p1a: Rotom|Volt Switch|p2a: Abomasnow
|-resisted|p2a: Abomasnow
|-damage|p2a: Abomasnow|86/100
|
|switch|p1a: Heatran|Heatran, M|100/100|[from] Volt Switch
|move|p2a: Abomasnow|Earth Power|p1a: Heatran
|-supereffective|p1a: Heatran
|-damage|p1a: Heatran|39/100
|
|-weather|Snow|[upkeep]
|-heal|p1a: Heatran|46/100|[from] item: Leftovers
|turn|2
|
|move|p1a: Heatran|Magma Storm|p2a: Abomasnow|[miss]
|-miss|p1a: Heatran|p2a: Abomasnow
|move|p2a: Abomasnow|Earth Power|p1a: Heatran
|-supereffective|p1a: Heatran
|-damage|p1a: Heatran|0 fnt
|faint|p1a: Heatran
|
|-weather|Snow|[upkeep]
|
|switch|p1a: Enamorus|Enamorus, F|100/100
|turn|3
|
|-terastallize|p2a: Abomasnow|Ground
|move|p1a: Enamorus|Superpower|p2a: Abomasnow
|-damage|p2a: Abomasnow|51/100
|-boost|p1a: Enamorus|atk|1
|-boost|p1a: Enamorus|def|1
|move|p2a: Abomasnow|Blizzard|p1a: Enamorus
|-supereffective|p1a: Enamorus
|-damage|p1a: Enamorus|0 fnt
|faint|p1a: Enamorus
|
|-weather|Snow|[upkeep]
|
|switch|p1a: Urshifu|Urshifu-Rapid-Strike, M|100/100
|turn|4
|
|-terastallize|p1a: Urshifu|Water
|move|p1a: Urshifu|Surging Strikes|p2a: Abomasnow
|-supereffective|p2a: Abomasnow
|-crit|p2a: Abomasnow
|-damage|p2a: Abomasnow|0 fnt
|faint|p2a: Abomasnow
|-hitcount|p2: Abomasnow|1
|
|-weather|Snow|[upkeep]
|
|switch|p2a: Chien-Pao|Chien-Pao|100/100
|-ability|p2a: Chien-Pao|Sword of Ruin
|turn|5
|
|move|p2a: Chien-Pao|Crunch|p1a: Urshifu
|-damage|p1a: Urshifu|28/100
|move|p1a: Urshifu|Surging Strikes|p2a: Chien-Pao
|-crit|p2a: Chien-Pao
|-damage|p2a: Chien-Pao|63/100
|-crit|p2a: Chien-Pao
|-damage|p2a: Chien-Pao|29/100
|-crit|p2a: Chien-Pao
|-damage|p2a: Chien-Pao|0 fnt
|faint|p2a: Chien-Pao
|-hitcount|p2: Chien-Pao|3
|
|-weather|none
|
|switch|p2a: Iron Treads|Iron Treads|100/100
|turn|6
|
|switch|p1a: Rotom|Rotom-Wash|100/100
|move|p2a: Iron Treads|Knock Off|p1a: Rotom
|-damage|p1a: Rotom|76/100
|-enditem|p1a: Rotom|Leftovers|[from] move: Knock Off|[of] p2a: Iron Treads
|
|turn|7
|
|-end|p2a: Iron Treads|Quark Drive|[silent]
|switch|p2a: Skeledirge|Skeledirge, M|100/100
|move|p1a: Rotom|Hydro Pump|p2a: Skeledirge
|-supereffective|p2a: Skeledirge
|-damage|p2a: Skeledirge|42/100
|
|turn|8
|
|move|p1a: Rotom|Hydro Pump|p2a: Skeledirge|[miss]
|-miss|p1a: Rotom|p2a: Skeledirge
|move|p2a: Skeledirge|Will-O-Wisp|p1a: Rotom
|-status|p1a: Rotom|brn
|
|-damage|p1a: Rotom|70/100 brn|[from] brn
|turn|9
|
|move|p1a: Rotom|Hydro Pump|p2a: Skeledirge
|-supereffective|p2a: Skeledirge
|-damage|p2a: Skeledirge|0 fnt
|faint|p2a: Skeledirge
|
|-damage|p1a: Rotom|64/100 brn|[from] brn
|
|switch|p2a: Magearna|Magearna|100/100
|turn|10
|
|move|p1a: Rotom|Volt Switch|p2a: Magearna
|-damage|p2a: Magearna|79/100
|
|switch|p1a: Landorus|Landorus-Therian, M|100/100|[from] Volt Switch
|-ability|p1a: Landorus|Intimidate|boost
|-unboost|p2a: Magearna|atk|1
|move|p2a: Magearna|Shift Gear|p2a: Magearna
|-boost|p2a: Magearna|spe|2
|-boost|p2a: Magearna|atk|1
|
|turn|11
|
|move|p1a: Landorus|Earthquake|p2a: Magearna
|-supereffective|p2a: Magearna
|-damage|p2a: Magearna|0 fnt
|faint|p2a: Magearna
|
|
|switch|p2a: Zamazenta|Zamazenta|100/100
|-ability|p2a: Zamazenta|Dauntless Shield|boost
|-boost|p2a: Zamazenta|def|1
|turn|12
|
|switch|p1a: Rotom|Rotom-Wash|64/100 brn
|move|p2a: Zamazenta|Iron Defense|p2a: Zamazenta
|-boost|p2a: Zamazenta|def|2
|
|-damage|p1a: Rotom|58/100 brn|[from] brn
|turn|13
|
|move|p2a: Zamazenta|Substitute|p2a: Zamazenta
|-start|p2a: Zamazenta|Substitute
|-damage|p2a: Zamazenta|76/100
|move|p1a: Rotom|Will-O-Wisp||[still]
|-fail|p1a: Rotom
|
|-heal|p2a: Zamazenta|82/100|[from] item: Leftovers
|-damage|p1a: Rotom|51/100 brn|[from] brn
|turn|14
|
|move|p2a: Zamazenta|Body Press|p1a: Rotom
|-damage|p1a: Rotom|0 fnt
|faint|p1a: Rotom
|
|-heal|p2a: Zamazenta|88/100|[from] item: Leftovers
|
|switch|p1a: Urshifu|Urshifu-Rapid-Strike, M, tera:Water|28/100
|turn|15
|
|move|p2a: Zamazenta|Body Press|p1a: Urshifu
|-damage|p1a: Urshifu|0 fnt
|faint|p1a: Urshifu
|
|-heal|p2a: Zamazenta|94/100|[from] item: Leftovers
|
|switch|p1a: Landorus|Landorus-Therian, M|100/100
|-ability|p1a: Landorus|Intimidate|boost
|-immune|p2a: Zamazenta
|turn|16
|
|move|p1a: Landorus|Earthquake|p2a: Zamazenta
|-activate|p2a: Zamazenta|move: Substitute|[damage]
|move|p2a: Zamazenta|Iron Defense|p2a: Zamazenta
|-boost|p2a: Zamazenta|def|2
|
|-heal|p2a: Zamazenta|99/100|[from] item: Leftovers
|turn|17
|-message|p1 forfeited.
|
|win|p2
