# advantage = p2
|poke|p1|Heatran, F|
|poke|p1|Landorus-Therian, M|
|poke|p1|Samurott-Hisui, F|
|poke|p1|Gholdengo|
|poke|p1|Sneasler, F|
|poke|p1|Chien-Pao|
|poke|p2|Avalugg-Hisui, F|
|poke|p2|Ursaluna, M|
|poke|p2|Magearna|
|poke|p2|Kingambit, M|
|poke|p2|Slowking-Galar, M|
|poke|p2|Cresselia, F|
|teampreview
|
|start
|switch|p1a: Landorus|Landorus-Therian, M|100/100
|switch|p2a: mega table of DOOM|Avalugg-Hisui, F|100/100
|-ability|p1a: Landorus|Intimidate|boost
|-unboost|p2a: mega table of DOOM|atk|1
|turn|1
|
|switch|p1a: Gholdengo|Gholdengo|100/100
|-item|p1a: Gholdengo|Air Balloon
|move|p2a: mega table of DOOM|Mountain Gale|p1a: Gholdengo
|-resisted|p1a: Gholdengo
|-damage|p1a: Gholdengo|89/100
|-enditem|p1a: Gholdengo|Air Balloon
|
|turn|2
|
|switch|p2a: Cresselia|Cresselia, F|100/100
|move|p1a: Gholdengo|Shadow Ball|p2a: Cresselia
|-supereffective|p2a: Cresselia
|-damage|p2a: Cresselia|61/100
|
|turn|3
|
|move|p1a: Gholdengo|Nasty Plot|p1a: Gholdengo
|-boost|p1a: Gholdengo|spa|2
|move|p2a: Cresselia|Trick Room|p2a: Cresselia
|-fieldstart|move: Trick Room|[of] p2a: Cresselia
|
|turn|4
|
|switch|p2a: Magearna|Magearna|100/100
|move|p1a: Gholdengo|Shadow Ball|p2a: Magearna
|-damage|p2a: Magearna|33/100
|
|-heal|p2a: Magearna|39/100|[from] item: Leftovers
|turn|5
|
|move|p2a: Magearna|Volt Switch|p1a: Gholdengo
|-damage|p1a: Gholdengo|64/100
|
|switch|p2a: mega table of DOOM|Avalugg-Hisui, F|100/100|[from] Volt Switch
|move|p1a: Gholdengo|Shadow Ball|p2a: mega table of DOOM
|-damage|p2a: mega table of DOOM|44/100
|
|turn|6
|
|switch|p1a: Landorus|Landorus-Therian, M|100/100
|-ability|p1a: Landorus|Intimidate|boost
|-unboost|p2a: mega table of DOOM|atk|1
|move|p2a: mega table of DOOM|Mountain Gale|p1a: Landorus|[miss]
|-miss|p2a: mega table of DOOM|p1a: Landorus
|
|turn|7
|
|switch|p2a: Cresselia|Cresselia, F|61/100
|switch|p1a: Gholdengo|Gholdengo|64/100
|
|-fieldend|move: Trick Room
|turn|8
|
|move|p1a: Gholdengo|Shadow Ball|p2a: Cresselia
|-supereffective|p2a: Cresselia
|-damage|p2a: Cresselia|19/100
|move|p2a: Cresselia|Trick Room|p2a: Cresselia
|-fieldstart|move: Trick Room|[of] p2a: Cresselia
|
|turn|9
|
|switch|p2a: Ursaluna|Ursaluna, M|100/100
|move|p1a: Gholdengo|Recover|p1a: Gholdengo
|-heal|p1a: Gholdengo|100/100
|
|-status|p2a: Ursaluna|brn|[from] item: Flame Orb
|turn|10
|
|move|p2a: Ursaluna|Facade|p1a: Gholdengo
|-immune|p1a: Gholdengo
|move|p1a: Gholdengo|Make It Rain|p2a: Ursaluna
|-damage|p2a: Ursaluna|50/100 brn
|-unboost|p1a: Gholdengo|spa|1
|
|-damage|p2a: Ursaluna|44/100 brn|[from] brn
|turn|11
|
|switch|p1a: Landorus|Landorus-Therian, M|100/100
|-ability|p1a: Landorus|Intimidate|boost
|-unboost|p2a: Ursaluna|atk|1
|move|p2a: Ursaluna|Fire Punch|p1a: Landorus
|-damage|p1a: Landorus|75/100
|-damage|p2a: Ursaluna|27/100 brn|[from] item: Rocky Helmet|[of] p1a: Landorus
|
|-damage|p2a: Ursaluna|21/100 brn|[from] brn
|turn|12
|-message|p2 forfeited.
|
|win|p1
