# advantage = p2
|poke|p1|Samurott-Hisui, M|
|poke|p1|Arcanine-Hisui, F|
|poke|p1|Hoopa-Unbound|
|poke|p1|Quagsire, M|
|poke|p1|Corviknight, M|
|poke|p1|Ursaluna, F|
|poke|p2|Ursaluna, M|
|poke|p2|Great Tusk|
|poke|p2|Krookodile, M|
|poke|p2|Sandaconda, M|
|poke|p2|Garchomp, M|
|poke|p2|Hippowdon, M|
|teampreview
|
|start
|switch|p1a: Arcanine|Arcanine-Hisui, F|100/100
|switch|p2a: Hippowdon|Hippowdon, M|100/100
|-weather|Sandstorm|[from] ability: Sand Stream|[of] p2a: Hippowdon
|turn|1
|
|move|p1a: Arcanine|Flare Blitz|p2a: Hippowdon
|-damage|p2a: Hippowdon|58/100
|-status|p2a: Hippowdon|brn
|move|p2a: Hippowdon|Stealth Rock|p1a: Arcanine
|-sidestart|p1: p1|move: Stealth Rock
|
|-weather|Sandstorm|[upkeep]
|-damage|p2a: Hippowdon|51/100 brn|[from] brn
|turn|2
|
|switch|p1a: Samurott|Samurott-Hisui, M, shiny|100/100
|-damage|p1a: Samurott|88/100|[from] Stealth Rock
|move|p2a: Hippowdon|Whirlwind|p1a: Samurott
|drag|p1a: Arcanine|Arcanine-Hisui, F|100/100
|-damage|p1a: Arcanine|76/100|[from] Stealth Rock
|
|-weather|Sandstorm|[upkeep]
|-damage|p2a: Hippowdon|45/100 brn|[from] brn
|turn|3
|
|switch|p1a: Samurott|Samurott-Hisui, M, shiny|88/100
|-damage|p1a: Samurott|75/100|[from] Stealth Rock
|move|p2a: Hippowdon|Whirlwind|p1a: Samurott
|drag|p1a: Ursaluna|Ursaluna, F|100/100
|-damage|p1a: Ursaluna|94/100|[from] Stealth Rock
|
|-weather|Sandstorm|[upkeep]
|-damage|p2a: Hippowdon|39/100 brn|[from] brn
|-status|p1a: Ursaluna|brn|[from] item: Flame Orb
|turn|4
|
|move|p1a: Ursaluna|Facade|p2a: Hippowdon
|-damage|p2a: Hippowdon|0 fnt
|faint|p2a: Hippowdon
|
|-weather|Sandstorm|[upkeep]
|-damage|p1a: Ursaluna|88/100 brn|[from] brn
|
|switch|p2a: Great Tusk|Great Tusk|100/100
|-enditem|p2a: Great Tusk|Booster Energy
|-activate|p2a: Great Tusk|ability: Protosynthesis|[fromitem]
|-start|p2a: Great Tusk|protosynthesisatk
|turn|5
|
|-terastallize|p1a: Ursaluna|Fairy
|move|p2a: Great Tusk|Close Combat|p1a: Ursaluna
|-resisted|p1a: Ursaluna
|-damage|p1a: Ursaluna|58/100 brn
|-unboost|p2a: Great Tusk|def|1
|-unboost|p2a: Great Tusk|spd|1
|move|p1a: Ursaluna|Play Rough|p2a: Great Tusk
|-supereffective|p2a: Great Tusk
|-damage|p2a: Great Tusk|0 fnt
|faint|p2a: Great Tusk
|-end|p2a: Great Tusk|Protosynthesis|[silent]
|
|-weather|Sandstorm|[upkeep]
|-damage|p1a: Ursaluna|52/100 brn|[from] Sandstorm
|-damage|p1a: Ursaluna|46/100 brn|[from] brn
|
|switch|p2a: Garchomp|Garchomp, M|100/100
|turn|6
|
|move|p2a: Garchomp|Poison Jab|p1a: Ursaluna
|-supereffective|p1a: Ursaluna
|-damage|p1a: Ursaluna|5/100 brn
|move|p1a: Ursaluna|Play Rough|p2a: Garchomp
|-supereffective|p2a: Garchomp
|-damage|p2a: Garchomp|0 fnt
|-damage|p1a: Ursaluna|0 fnt|[from] ability: Rough Skin|[of] p2a: Garchomp
|faint|p2a: Garchomp
|faint|p1a: Ursaluna
|
|-weather|Sandstorm|[upkeep]
|
|switch|p2a: Krookodile|Krookodile, M|100/100
|switch|p1a: Corviknight|Corviknight, M|100/100
|-damage|p1a: Corviknight|88/100|[from] Stealth Rock
|turn|7
|
|move|p2a: Krookodile|Bulk Up|p2a: Krookodile
|-boost|p2a: Krookodile|atk|1
|-boost|p2a: Krookodile|def|1
|move|p1a: Corviknight|Body Press|p2a: Krookodile
|-supereffective|p2a: Krookodile
|-damage|p2a: Krookodile|61/100
|-enditem|p2a: Krookodile|Weakness Policy
|-boost|p2a: Krookodile|atk|2|[from] item: Weakness Policy
|-boost|p2a: Krookodile|spa|2|[from] item: Weakness Policy
|
|-weather|Sandstorm|[upkeep]
|turn|8
|
|-terastallize|p2a: Krookodile|Dark
|move|p2a: Krookodile|Power Trip|p1a: Corviknight
|-damage|p1a: Corviknight|0 fnt
|-damage|p2a: Krookodile|45/100|[from] item: Rocky Helmet|[of] p1a: Corviknight
|faint|p1a: Corviknight
|-ability|p2a: Krookodile|Moxie|boost
|-boost|p2a: Krookodile|atk|1
|
|-weather|none
|
|switch|p1a: Arcanine|Arcanine-Hisui, F|76/100
|-damage|p1a: Arcanine|51/100|[from] Stealth Rock
|turn|9
|
|move|p1a: Arcanine|Extreme Speed|p2a: Krookodile
|-damage|p2a: Krookodile|22/100
|move|p2a: Krookodile|Earthquake|p1a: Arcanine
|-supereffective|p1a: Arcanine
|-damage|p1a: Arcanine|0 fnt
|faint|p1a: Arcanine
|-ability|p2a: Krookodile|Moxie|boost
|-boost|p2a: Krookodile|atk|1
|
|
|switch|p1a: Quagsire|Quagsire, M|100/100
|-damage|p1a: Quagsire|94/100|[from] Stealth Rock
|turn|10
|
|move|p2a: Krookodile|Power Trip|p1a: Quagsire
|-damage|p1a: Quagsire|0 fnt
|faint|p1a: Quagsire
|-ability|p2a: Krookodile|Moxie|boost
|-boost|p2a: Krookodile|atk|1
|
|
|switch|p1a: Samurott|Samurott-Hisui, M, shiny|75/100
|-damage|p1a: Samurott|63/100|[from] Stealth Rock
|turn|11
|
|move|p1a: Samurott|Sucker Punch|p2a: Krookodile
|-resisted|p2a: Krookodile
|-damage|p2a: Krookodile|8/100
|move|p2a: Krookodile|Earthquake|p1a: Samurott
|-damage|p1a: Samurott|0 fnt
|faint|p1a: Samurott
|
|-message|p1 forfeited.
|
|win|p2
