|poke|p1|Amoonguss, F|
|poke|p1|Cloyster, M|
|poke|p1|Kingambit, M|
|poke|p1|Toxicroak, F|
|poke|p1|Breloom, F|
|poke|p1|Sylveon, F|
|poke|p2|Amoonguss, F|
|poke|p2|Glimmora, M|
|poke|p2|Garganacl, M|
|poke|p2|Raichu-Alola, F|
|poke|p2|Pincurchin, M|
|poke|p2|Chien-Pao|
|teampreview
|
|start
|switch|p1a: 掩护扇贝！|Cloyster, M|100/100
|switch|p2a: Glimmora|Glimmora, M|100/100
|turn|1
|
|move|p2a: Glimmora|Mortal Spin|p1a: 掩护扇贝！
|-damage|p1a: 掩护扇贝！|95/100
|-status|p1a: 掩护扇贝！|psn
|move|p1a: 掩护扇贝！|Shell Smash|p1a: 掩护扇贝！
|-unboost|p1a: 掩护扇贝！|def|1
|-unboost|p1a: 掩护扇贝！|spd|1
|-boost|p1a: 掩护扇贝！|atk|2
|-boost|p1a: 掩护扇贝！|spa|2
|-boost|p1a: 掩护扇贝！|spe|2
|
|-damage|p1a: 掩护扇贝！|83/100 psn|[from] psn
|turn|2
|
|switch|p2a: Amoonguss|Amoonguss, F|100/100
|move|p1a: 掩护扇贝！|Shell Smash|p1a: 掩护扇贝！
|-unboost|p1a: 掩护扇贝！|def|1
|-unboost|p1a: 掩护扇贝！|spd|1
|-boost|p1a: 掩护扇贝！|atk|2
|-boost|p1a: 掩护扇贝！|spa|2
|-boost|p1a: 掩护扇贝！|spe|2
|
|-damage|p1a: 掩护扇贝！|70/100 psn|[from] psn
|turn|3
|
|move|p1a: 掩护扇贝！|Icicle Spear|p2a: Amoonguss
|-supereffective|p2a: Amoonguss
|-damage|p2a: Amoonguss|50/100
|-supereffective|p2a: Amoonguss
|-damage|p2a: Amoonguss|0 fnt
|faint|p2a: Amoonguss
|-hitcount|p2: Amoonguss|2
|
|-damage|p1a: 掩护扇贝！|58/100 psn|[from] psn
|
|switch|p2a: Chien-Pao|Chien-Pao|100/100
|-ability|p2a: Chien-Pao|Sword of Ruin
|turn|4
|
|move|p2a: Chien-Pao|Sucker Punch|p1a: 掩护扇贝！
|-damage|p1a: 掩护扇贝！|0 fnt
|faint|p1a: 掩护扇贝！
|
|
|switch|p1a: Breloom|Breloom, F|100/100
|turn|5
|
|move|p1a: Breloom|Mach Punch|p2a: Chien-Pao
|-supereffective|p2a: Chien-Pao
|-enditem|p2a: Chien-Pao|Focus Sash
|-damage|p2a: Chien-Pao|1/100
|move|p2a: Chien-Pao|Icicle Crash|p1a: Breloom
|-supereffective|p1a: Breloom
|-damage|p1a: Breloom|0 fnt
|faint|p1a: Breloom
|
|
|switch|p1a: Toxicroak|Toxicroak, F|100/100
|turn|6
|
|move|p2a: Chien-Pao|Icicle Crash|p1a: Toxicroak
|-damage|p1a: Toxicroak|17/100
|move|p1a: Toxicroak|Foul Play|p2a: Chien-Pao
|-resisted|p2a: Chien-Pao
|-damage|p2a: Chien-Pao|0 fnt
|faint|p2a: Chien-Pao
|
|
|switch|p2a: Glimmora|Glimmora, M|100/100
|turn|7
|
|move|p2a: Glimmora|Earth Power|p1a: Toxicroak
|-supereffective|p1a: Toxicroak
|-damage|p1a: Toxicroak|0 fnt
|faint|p1a: Toxicroak
|
|
|switch|p1a: Sylveon|Sylveon, F|100/100
|turn|8
|
|move|p1a: Sylveon|Protect|p1a: Sylveon
|-singleturn|p1a: Sylveon|Protect
|move|p2a: Glimmora|Mortal Spin|p1a: Sylveon
|-activate|p1a: Sylveon|move: Protect
|
|-status|p1a: Sylveon|brn|[from] item: Flame Orb
|turn|9
|
|-terastallize|p1a: Sylveon|Fairy
|move|p2a: Glimmora|Energy Ball|p1a: Sylveon
|-damage|p1a: Sylveon|75/100 brn
|move|p1a: Sylveon|Facade|p2a: Glimmora
|-resisted|p2a: Glimmora
|-damage|p2a: Glimmora|53/100
|-activate|p2a: Glimmora|ability: Toxic Debris
|-sidestart|p1: p1|move: Toxic Spikes
|
|-damage|p1a: Sylveon|69/100 brn|[from] brn
|turn|10
|
|move|p2a: Glimmora|Stealth Rock|p1a: Sylveon
|-sidestart|p1: p1|move: Stealth Rock
|move|p1a: Sylveon|Wish|p1a: Sylveon
|
|-damage|p1a: Sylveon|63/100 brn|[from] brn
|turn|11
|
|switch|p2a: Garganacl|Garganacl, M|100/100
|move|p1a: Sylveon|Facade|p2a: Garganacl
|-damage|p2a: Garganacl|43/100
|
|-heal|p1a: Sylveon|100/100 brn|[from] move: Wish|[wisher] Sylveon
|-heal|p2a: Garganacl|49/100|[from] item: Leftovers
|-damage|p1a: Sylveon|94/100 brn|[from] brn
|turn|12
|
|move|p1a: Sylveon|Facade|p2a: Garganacl
|-damage|p2a: Garganacl|0 fnt
|faint|p2a: Garganacl
|
|-damage|p1a: Sylveon|88/100 brn|[from] brn
|
|switch|p2a: Pincurchin|Pincurchin, M|100/100
|-fieldstart|move: Electric Terrain|[from] ability: Electric Surge|[of] p2a: Pincurchin
|turn|13
|
|move|p1a: Sylveon|Wish|p1a: Sylveon
|move|p2a: Pincurchin|Spikes|p1a: Sylveon
|-sidestart|p1: p1|Spikes
|
|-damage|p1a: Sylveon|82/100 brn|[from] brn
|turn|14
|
|move|p1a: Sylveon|Facade|p2a: Pincurchin
|-damage|p2a: Pincurchin|28/100
|move|p2a: Pincurchin|Discharge|p1a: Sylveon
|-damage|p1a: Sylveon|55/100 brn
|
|-heal|p1a: Sylveon|100/100 brn|[from] move: Wish|[wisher] Sylveon
|-damage|p1a: Sylveon|94/100 brn|[from] brn
|turn|15
|
|move|p1a: Sylveon|Facade|p2a: Pincurchin
|-damage|p2a: Pincurchin|0 fnt
|faint|p2a: Pincurchin
|
|-damage|p1a: Sylveon|88/100 brn|[from] brn
|
|switch|p2a: Raichu|Raichu-Alola, F|100/100
|turn|16
|
|move|p1a: Sylveon|Protect|p1a: Sylveon
|-singleturn|p1a: Sylveon|Protect
|move|p2a: Raichu|Discharge|p1a: Sylveon
|-activate|p1a: Sylveon|move: Protect
|
|-damage|p1a: Sylveon|82/100 brn|[from] brn
|turn|17
|
|switch|p1a: 一休|Amoonguss, F|100/100
|-sideend|p1: p1|move: Toxic Spikes|[of] p1a: 一休
|-damage|p1a: 一休|88/100|[from] Stealth Rock
|-damage|p1a: 一休|75/100|[from] Spikes
|move|p2a: Raichu|Discharge|p1a: 一休
|-resisted|p1a: 一休
|-damage|p1a: 一休|56/100
|-status|p1a: 一休|par
|
|-heal|p1a: 一休|62/100 par|[from] item: Leftovers
|turn|18
|
|switch|p2a: Glimmora|Glimmora, M|53/100
|cant|p1a: 一休|par
|
|-heal|p1a: 一休|68/100 par|[from] item: Leftovers
|turn|19
|
|move|p2a: Glimmora|Mortal Spin|p1a: 一休
|-damage|p1a: 一休|62/100 par
|move|p1a: 一休|Spore|p2a: Glimmora
|-activate|p2a: Glimmora|move: Electric Terrain
|
|-heal|p1a: 一休|68/100 par|[from] item: Leftovers
|turn|20
|
|switch|p2a: Raichu|Raichu-Alola, F|100/100
|move|p1a: 一休|Foul Play|p2a: Raichu
|-supereffective|p2a: Raichu
|-damage|p2a: Raichu|35/100
|
|-heal|p1a: 一休|75/100 par|[from] item: Leftovers
|-fieldend|move: Electric Terrain
|turn|21
|
|move|p2a: Raichu|Psychic|p1a: 一休
|-supereffective|p1a: 一休
|-damage|p1a: 一休|2/100 par
|move|p1a: 一休|Foul Play|p2a: Raichu
|-supereffective|p2a: Raichu
|-damage|p2a: Raichu|0 fnt
|faint|p2a: Raichu
|
|-heal|p1a: 一休|9/100 par|[from] item: Leftovers
|
|switch|p2a: Glimmora|Glimmora, M|53/100
|turn|22
|
|move|p2a: Glimmora|Earth Power|p1a: 一休
|-damage|p1a: 一休|0 fnt
|faint|p1a: 一休
|
|
|switch|p1a: Sylveon|Sylveon, F, tera:Fairy|82/100 brn
|-damage|p1a: Sylveon|70/100 brn|[from] Stealth Rock
|-damage|p1a: Sylveon|58/100 brn|[from] Spikes
|turn|23
|
|-terastallize|p2a: Glimmora|Grass
|move|p2a: Glimmora|Energy Ball|p1a: Sylveon
|-damage|p1a: Sylveon|17/100 brn
|move|p1a: Sylveon|Facade|p2a: Glimmora
|-damage|p2a: Glimmora|0 fnt
|-activate|p2a: Glimmora|ability: Toxic Debris
|-sidestart|p1: p1|move: Toxic Spikes
|faint|p2a: Glimmora
|
|win|p1
