|poke|p1|Sneasler, M|
|poke|p1|Magearna|
|poke|p1|Dragapult, F|
|poke|p1|Zamazenta-*|
|poke|p1|Volcarona, M|
|poke|p1|Ursaluna, M|
|poke|p2|Arcanine-Hisui, F|
|poke|p2|Samurott-Hisui, F|
|poke|p2|Masquerain, F|
|poke|p2|Chesnaught, M|
|poke|p2|Braviary-Hisui, M|
|poke|p2|Delphox, F|
|teampreview
|
|start
|switch|p1a: Medusa|Dragapult, F|100/100
|switch|p2a: Masquerain|Masquerain, F|100/100
|-ability|p2a: Masquerain|Intimidate|boost
|-fail|p1a: Medusa|unboost|[from] ability: Clear Body|[of] p1a: Medusa
|turn|1
|
|move|p1a: Medusa|Reflect|p1a: Medusa
|-sidestart|p1: p1|Reflect
|move|p2a: Masquerain|Sticky Web|p1a: Medusa
|-sidestart|p1: p1|move: Sticky Web
|
|turn|2
|
|move|p1a: Medusa|Curse|p2a: Masquerain
|-start|p2a: Masquerain|Curse|[of] p1a: Medusa
|-damage|p1a: Medusa|50/100
|move|p2a: Masquerain|Stun Spore|p1a: Medusa
|-status|p1a: Medusa|par
|
|-damage|p2a: Masquerain|76/100|[from] Curse
|turn|3
|
|move|p2a: Masquerain|U-turn|p1a: Medusa
|-resisted|p1a: Medusa
|-damage|p1a: Medusa|46/100 par
|
|switch|p2a: Braviary|Braviary-Hisui, M, shiny|100/100|[from] U-turn
|move|p1a: Medusa|Light Screen|p1a: Medusa
|-sidestart|p1: p1|move: Light Screen
|
|turn|4
|
|switch|p1a: Maid|Magearna|100/100
|-activate|p1a: Maid|move: Sticky Web
|-unboost|p1a: Maid|spe|1
|move|p2a: Braviary|Esper Wing|p1a: Maid
|-resisted|p1a: Maid
|-damage|p1a: Maid|83/100
|-boost|p2a: Braviary|spe|1
|
|-heal|p1a: Maid|89/100|[from] item: Leftovers
|turn|5
|
|move|p2a: Braviary|Heat Wave|p1a: Maid|[miss]
|-miss|p2a: Braviary|p1a: Maid
|move|p1a: Maid|Shift Gear|p1a: Maid
|-boost|p1a: Maid|spe|2
|-boost|p1a: Maid|atk|1
|
|-heal|p1a: Maid|95/100|[from] item: Leftovers
|turn|6
|
|switch|p2a: Delphox|Delphox, F|100/100
|move|p1a: Maid|Calm Mind|p1a: Maid
|-boost|p1a: Maid|spa|1
|-boost|p1a: Maid|spd|1
|
|-heal|p1a: Maid|100/100|[from] item: Leftovers
|turn|7
|
|move|p2a: Delphox|Mystical Fire|p1a: Maid
|-supereffective|p1a: Maid
|-crit|p1a: Maid
|-damage|p1a: Maid|0 fnt
|faint|p1a: Maid
|
|
|switch|p1a: Amaterasu|Volcarona, M|100/100
|turn|8
|
|move|p2a: Delphox|Nasty Plot|p2a: Delphox
|-boost|p2a: Delphox|spa|2
|move|p1a: Amaterasu|Quiver Dance|p1a: Amaterasu
|-boost|p1a: Amaterasu|spa|1
|-boost|p1a: Amaterasu|spd|1
|-boost|p1a: Amaterasu|spe|1
|
|-sideend|p1: p1|Reflect
|turn|9
|
|-terastallize|p1a: Amaterasu|Water
|move|p1a: Amaterasu|Tera Blast|p2a: Delphox
|-supereffective|p2a: Delphox
|-damage|p2a: Delphox|0 fnt
|faint|p2a: Delphox
|
|
|switch|p2a: Arcanine|Arcanine-Hisui, F, shiny|100/100
|-ability|p2a: Arcanine|Intimidate|boost
|-unboost|p1a: Amaterasu|atk|1
|turn|10
|
|-terastallize|p2a: Arcanine|Grass
|move|p1a: Amaterasu|Tera Blast|p2a: Arcanine
|-resisted|p2a: Arcanine
|-damage|p2a: Arcanine|58/100
|move|p2a: Arcanine|Tera Blast|p1a: Amaterasu
|-supereffective|p1a: Amaterasu
|-damage|p1a: Amaterasu|0 fnt
|faint|p1a: Amaterasu
|
|-sideend|p1: p1|move: Light Screen
|
|switch|p1a: Medusa|Dragapult, F|46/100 par
|-activate|p1a: Medusa|move: Sticky Web
|-fail|p1a: Medusa|unboost|[from] ability: Clear Body|[of] p1a: Medusa
|turn|11
|
|move|p2a: Arcanine|Tera Blast|p1a: Medusa
|-resisted|p1a: Medusa
|-damage|p1a: Medusa|10/100 par
|move|p1a: Medusa|Reflect|p1a: Medusa
|-sidestart|p1: p1|Reflect
|
|turn|12
|
|move|p2a: Arcanine|Tera Blast|p1a: Medusa
|-resisted|p1a: Medusa
|-damage|p1a: Medusa|0 fnt
|faint|p1a: Medusa
|
|
|switch|p1a: Young Thug|Zamazenta|100/100
|-activate|p1a: Young Thug|move: Sticky Web
|-unboost|p1a: Young Thug|spe|1
|-ability|p1a: Young Thug|Dauntless Shield|boost
|-boost|p1a: Young Thug|def|1
|turn|13
|
|switch|p2a: Masquerain|Masquerain, F|76/100
|-ability|p2a: Masquerain|Intimidate|boost
|-unboost|p1a: Young Thug|atk|1
|move|p1a: Young Thug|Iron Defense|p1a: Young Thug
|-boost|p1a: Young Thug|def|2
|
|turn|14
|
|move|p2a: Masquerain|Stun Spore|p1a: Young Thug
|-status|p1a: Young Thug|par
|move|p1a: Young Thug|Substitute|p1a: Young Thug
|-start|p1a: Young Thug|Substitute
|-damage|p1a: Young Thug|76/100 par
|
|-heal|p1a: Young Thug|82/100 par|[from] item: Leftovers
|turn|15
|
|move|p2a: Masquerain|Bug Buzz|p1a: Young Thug
|-resisted|p1a: Young Thug
|-damage|p1a: Young Thug|62/100 par
|move|p1a: Young Thug|Iron Defense|p1a: Young Thug
|-boost|p1a: Young Thug|def|2
|
|-heal|p1a: Young Thug|68/100 par|[from] item: Leftovers
|turn|16
|
|move|p2a: Masquerain|Bug Buzz|p1a: Young Thug
|-resisted|p1a: Young Thug
|-damage|p1a: Young Thug|49/100 par
|move|p1a: Young Thug|Iron Defense|p1a: Young Thug
|-boost|p1a: Young Thug|def|1
|
|-heal|p1a: Young Thug|55/100 par|[from] item: Leftovers
|turn|17
|
|move|p2a: Masquerain|U-turn|p1a: Young Thug
|-resisted|p1a: Young Thug
|-activate|p1a: Young Thug|move: Substitute|[damage]
|
|switch|p2a: Braviary|Braviary-Hisui, M, shiny|100/100|[from] U-turn
|move|p1a: Young Thug|Body Press|p2a: Braviary
|-resisted|p2a: Braviary
|-damage|p2a: Braviary|52/100
|
|-heal|p1a: Young Thug|61/100 par|[from] item: Leftovers
|turn|18
|
|move|p2a: Braviary|Heat Wave|p1a: Young Thug
|-end|p1a: Young Thug|Substitute
|move|p1a: Young Thug|Crunch|p2a: Braviary
|-supereffective|p2a: Braviary
|-damage|p2a: Braviary|17/100
|
|-heal|p1a: Young Thug|67/100 par|[from] item: Leftovers
|-sideend|p1: p1|Reflect
|turn|19
|
|move|p2a: Braviary|Esper Wing|p1a: Young Thug
|-supereffective|p1a: Young Thug
|-damage|p1a: Young Thug|0 fnt
|-boost|p2a: Braviary|spe|1
|faint|p1a: Young Thug
|
|
|switch|p1a: Cupcake|Ursaluna, M, shiny|100/100
|-activate|p1a: Cupcake|move: Sticky Web
|-unboost|p1a: Cupcake|spe|1
|turn|20
|
|move|p2a: Braviary|Air Slash|p1a: Cupcake
|-damage|p1a: Cupcake|64/100
|move|p1a: Cupcake|Facade|p2a: Braviary
|-damage|p2a: Braviary|0 fnt
|faint|p2a: Braviary
|
|-status|p1a: Cupcake|brn|[from] item: Flame Orb
|
|switch|p2a: Samurott|Samurott-Hisui, F, shiny|100/100
|turn|21
|
|move|p2a: Samurott|Sacred Sword|p1a: Cupcake
|-supereffective|p1a: Cupcake
|-damage|p1a: Cupcake|0 fnt
|faint|p1a: Cupcake
|
|
|switch|p1a: Itachi|Sneasler, M|100/100
|-item|p1a: Itachi|Air Balloon
|turn|22
|
|move|p1a: Itachi|Swords Dance|p1a: Itachi
|-boost|p1a: Itachi|atk|2
|move|p2a: Samurott|Aqua Cutter|p1a: Itachi
|-damage|p1a: Itachi|7/100
|-enditem|p1a: Itachi|Air Balloon
|
|turn|23
|
|move|p2a: Samurott|Sucker Punch||[still]
|-fail|p2a: Samurott
|move|p1a: Itachi|Swords Dance|p1a: Itachi
|-boost|p1a: Itachi|atk|2
|
|turn|24
|
|move|p2a: Samurott|Sucker Punch||[still]
|-fail|p2a: Samurott
|move|p1a: Itachi|Swords Dance|p1a: Itachi
|-boost|p1a: Itachi|atk|2
|
|turn|25
|
|move|p2a: Samurott|Sucker Punch|p1a: Itachi
|-resisted|p1a: Itachi
|-damage|p1a: Itachi|0 fnt
|faint|p1a: Itachi
|
|win|p2
