|poke|p1|Slowking-Galar, M|
|poke|p1|Sneasler, F|
|poke|p1|Dragapult, F|
|poke|p1|Urshifu-*, M|
|poke|p1|Landorus-Therian, M|
|poke|p1|Magearna|
|poke|p2|Arcanine-Hisui, F|
|poke|p2|Landorus-Therian, M|
|poke|p2|Decidueye-Hisui, M|
|poke|p2|Chien-Pao|
|poke|p2|Amoonguss, F|
|poke|p2|Tinkaton, F|
|teampreview
|
|start
|switch|p1a: Sneasler|Sneasler, F|100/100
|switch|p2a: Chien-Pao|Chien-Pao|100/100
|-ability|p2a: Chien-Pao|Sword of Ruin
|turn|1
|
|move|p2a: Chien-Pao|Sacred Sword|p1a: Sneasler
|-resisted|p1a: Sneasler
|-damage|p1a: Sneasler|68/100
|move|p1a: Sneasler|U-turn|p2a: Chien-Pao
|-supereffective|p2a: Chien-Pao
|-damage|p2a: Chien-Pao|38/100
|
|switch|p1a: Dragapult|Dragapult, F|100/100|[from] U-turn
|
|turn|2
|
|switch|p2a: Tinkaton|Tinkaton, F|100/100
|-ability|p2a: Tinkaton|Mold Breaker
|move|p1a: Dragapult|Dragon Darts|p2a: Tinkaton
|-immune|p2a: Tinkaton
|
|turn|3
|
|move|p1a: Dragapult|Substitute|p1a: Dragapult
|-start|p1a: Dragapult|Substitute
|-damage|p1a: Dragapult|76/100
|move|p2a: Tinkaton|Stealth Rock|p1a: Dragapult
|-sidestart|p1: tntblader|move: Stealth Rock
|
|-heal|p1a: Dragapult|82/100|[from] item: Leftovers
|turn|4
|
|move|p1a: Dragapult|Will-O-Wisp|p2a: Tinkaton
|-status|p2a: Tinkaton|brn
|move|p2a: Tinkaton|Knock Off|p1a: Dragapult
|-supereffective|p1a: Dragapult
|-end|p1a: Dragapult|Substitute
|
|-heal|p1a: Dragapult|88/100|[from] item: Leftovers
|-damage|p2a: Tinkaton|94/100 brn|[from] brn
|turn|5
|
|move|p1a: Dragapult|Substitute|p1a: Dragapult
|-start|p1a: Dragapult|Substitute
|-damage|p1a: Dragapult|63/100
|move|p2a: Tinkaton|Encore|p1a: Dragapult
|-start|p1a: Dragapult|Encore
|
|-heal|p1a: Dragapult|69/100|[from] item: Leftovers
|-heal|p2a: Tinkaton|100/100 brn|[from] item: Leftovers
|-damage|p2a: Tinkaton|94/100 brn|[from] brn
|turn|6
|
|switch|p1a: Landorus|Landorus-Therian, M|100/100
|-damage|p1a: Landorus|88/100|[from] Stealth Rock
|-ability|p1a: Landorus|Intimidate|boost
|-unboost|p2a: Tinkaton|atk|1
|move|p2a: Tinkaton|Knock Off|p1a: Landorus
|-damage|p1a: Landorus|81/100
|-enditem|p1a: Landorus|Choice Scarf|[from] move: Knock Off|[of] p2a: Tinkaton
|
|-heal|p2a: Tinkaton|100/100 brn|[from] item: Leftovers
|-damage|p2a: Tinkaton|94/100 brn|[from] brn
|turn|7
|
|switch|p2a: Landorus|Landorus-Therian, M|100/100
|-ability|p2a: Landorus|Intimidate|boost
|-unboost|p1a: Landorus|atk|1
|move|p1a: Landorus|Taunt|p2a: Landorus
|-start|p2a: Landorus|move: Taunt
|
|turn|8
|
|move|p1a: Landorus|Stealth Rock|p2a: Landorus
|-sidestart|p2: The Random Bastard|move: Stealth Rock
|move|p2a: Landorus|Stone Edge|p1a: Landorus
|-damage|p1a: Landorus|47/100
|
|turn|9
|
|move|p1a: Landorus|U-turn|p2a: Landorus
|-resisted|p2a: Landorus
|-damage|p2a: Landorus|92/100
|
|switch|p1a: Sneasler|Sneasler, F|68/100|[from] U-turn
|move|p2a: Landorus|Stone Edge|p1a: Sneasler
|-resisted|p1a: Sneasler
|-crit|p1a: Sneasler
|-damage|p1a: Sneasler|30/100
|
|-end|p2a: Landorus|move: Taunt
|turn|10
|
|switch|p2a: Tinkaton|Tinkaton, F|94/100 brn
|-damage|p2a: Tinkaton|88/100 brn|[from] Stealth Rock
|-ability|p2a: Tinkaton|Mold Breaker
|move|p1a: Sneasler|U-turn|p2a: Tinkaton
|-resisted|p2a: Tinkaton
|-damage|p2a: Tinkaton|83/100 brn
|
|switch|p1a: Dragapult|Dragapult, F|69/100|[from] U-turn
|-damage|p1a: Dragapult|56/100|[from] Stealth Rock
|
|-heal|p1a: Dragapult|62/100|[from] item: Leftovers
|-heal|p2a: Tinkaton|90/100 brn|[from] item: Leftovers
|-damage|p2a: Tinkaton|83/100 brn|[from] brn
|turn|11
|
|-terastallize|p1a: Dragapult|Ghost
|move|p1a: Dragapult|Hex|p2a: Tinkaton
|-damage|p2a: Tinkaton|26/100 brn
|move|p2a: Tinkaton|Encore|p1a: Dragapult
|-start|p1a: Dragapult|Encore
|
|-heal|p1a: Dragapult|68/100|[from] item: Leftovers
|-heal|p2a: Tinkaton|32/100 brn|[from] item: Leftovers
|-damage|p2a: Tinkaton|26/100 brn|[from] brn
|turn|12
|
|move|p1a: Dragapult|Hex|p2a: Tinkaton
|-damage|p2a: Tinkaton|0 fnt
|faint|p2a: Tinkaton
|
|-heal|p1a: Dragapult|74/100|[from] item: Leftovers
|
|switch|p2a: Arcanine|Arcanine-Hisui, F|100/100
|-damage|p2a: Arcanine|76/100|[from] Stealth Rock
|turn|13
|
|switch|p1a: Landorus|Landorus-Therian, M|47/100
|-damage|p1a: Landorus|35/100|[from] Stealth Rock
|-ability|p1a: Landorus|Intimidate|boost
|-unboost|p2a: Arcanine|atk|1
|move|p2a: Arcanine|Flare Blitz|p1a: Landorus
|-damage|p1a: Landorus|0 fnt
|faint|p1a: Landorus
|
|
|switch|p1a: Slowking|Slowking-Galar, M|100/100
|-damage|p1a: Slowking|88/100|[from] Stealth Rock
|turn|14
|
|-terastallize|p2a: Arcanine|Fire
|move|p2a: Arcanine|Flare Blitz|p1a: Slowking
|-damage|p1a: Slowking|21/100
|move|p1a: Slowking|Toxic Spikes|p2a: Arcanine
|-sidestart|p2: The Random Bastard|move: Toxic Spikes
|
|turn|15
|
|switch|p1a: Dragapult|Dragapult, F, tera:Ghost|74/100
|-damage|p1a: Dragapult|62/100|[from] Stealth Rock
|move|p2a: Arcanine|Flare Blitz|p1a: Dragapult
|-damage|p1a: Dragapult|0 fnt
|faint|p1a: Dragapult
|
|
|switch|p1a: Urshifu|Urshifu-Rapid-Strike, M|100/100
|-damage|p1a: Urshifu|94/100|[from] Stealth Rock
|turn|16
|
|switch|p2a: Amoonguss|Amoonguss, F|100/100
|-damage|p2a: Amoonguss|88/100|[from] Stealth Rock
|-sideend|p2: The Random Bastard|move: Toxic Spikes|[of] p2a: Amoonguss
|move|p1a: Urshifu|Surging Strikes|p2a: Amoonguss
|-resisted|p2a: Amoonguss
|-crit|p2a: Amoonguss
|-damage|p2a: Amoonguss|80/100
|-resisted|p2a: Amoonguss
|-crit|p2a: Amoonguss
|-damage|p2a: Amoonguss|73/100
|-resisted|p2a: Amoonguss
|-crit|p2a: Amoonguss
|-damage|p2a: Amoonguss|64/100
|-hitcount|p2a: Amoonguss|3
|
|-heal|p2a: Amoonguss|71/100|[from] item: Leftovers
|turn|17
|
|move|p1a: Urshifu|Taunt|p2a: Amoonguss
|-start|p2a: Amoonguss|move: Taunt
|cant|p2a: Amoonguss|move: Taunt|Spore
|
|-heal|p2a: Amoonguss|77/100|[from] item: Leftovers
|turn|18
|
|move|p1a: Urshifu|Swords Dance|p1a: Urshifu
|-boost|p1a: Urshifu|atk|2
|move|p2a: Amoonguss|Giga Drain|p1a: Urshifu
|-supereffective|p1a: Urshifu
|-damage|p1a: Urshifu|25/100
|-heal|p2a: Amoonguss|100/100|[from] drain|[of] p1a: Urshifu
|
|turn|19
|
|move|p1a: Urshifu|Drain Punch|p2a: Amoonguss
|-resisted|p2a: Amoonguss
|-damage|p2a: Amoonguss|67/100
|-heal|p1a: Urshifu|47/100|[from] drain|[of] p2a: Amoonguss
|move|p2a: Amoonguss|Giga Drain|p1a: Urshifu
|-supereffective|p1a: Urshifu
|-damage|p1a: Urshifu|0 fnt
|-heal|p2a: Amoonguss|85/100|[from] drain|[of] p1a: Urshifu
|faint|p1a: Urshifu
|
|-heal|p2a: Amoonguss|91/100|[from] item: Leftovers
|-end|p2a: Amoonguss|move: Taunt
|-message|tntblader forfeited.
|
|win|The Random Bastard
|l|☆tntblader
