# advantage = p2
|poke|p1|Grimmsnarl, M|
|poke|p1|Magearna|
|poke|p1|Moltres-Galar|
|poke|p1|Dragapult, M|
|poke|p1|Volcarona, F|
|poke|p1|Urshifu-*, M|
|poke|p2|Corviknight, M|
|poke|p2|Blissey, F|
|poke|p2|Garganacl, M|
|poke|p2|Decidueye, M|
|poke|p2|Urshifu-*, M|
|poke|p2|Hoopa-Unbound|
|teampreview
|
|start
|switch|p1a: Grimmsnarl|Grimmsnarl, M|100/100
|switch|p2a: 拳|Urshifu-Rapid-Strike, M|100/100
|turn|1
|
|move|p1a: Grimmsnarl|Reflect|p1a: Grimmsnarl
|-sidestart|p1: p1|Reflect
|move|p2a: 拳|Surging Strikes|p1a: Grimmsnarl
|-crit|p1a: Grimmsnarl
|-damage|p1a: Grimmsnarl|59/100
|-crit|p1a: Grimmsnarl
|-damage|p1a: Grimmsnarl|19/100
|-crit|p1a: Grimmsnarl
|-damage|p1a: Grimmsnarl|0 fnt
|faint|p1a: Grimmsnarl
|-hitcount|p1: Grimmsnarl|3
|
|
|switch|p1a: Urshifu|Urshifu-Rapid-Strike, M|100/100
|turn|2
|
|switch|p2a: Ghost|Decidueye, M, shiny|100/100
|move|p1a: Urshifu|Bulk Up|p1a: Urshifu
|-boost|p1a: Urshifu|atk|1
|-boost|p1a: Urshifu|def|1
|
|turn|3
|
|move|p1a: Urshifu|Surging Strikes|p2a: Ghost
|-resisted|p2a: Ghost
|-crit|p2a: Ghost
|-damage|p2a: Ghost|88/100
|-resisted|p2a: Ghost
|-crit|p2a: Ghost
|-damage|p2a: Ghost|74/100
|-resisted|p2a: Ghost
|-crit|p2a: Ghost
|-damage|p2a: Ghost|62/100
|-hitcount|p2a: Ghost|3
|move|p2a: Ghost|Giga Drain|p1a: Urshifu
|-supereffective|p1a: Urshifu
|-damage|p1a: Urshifu|17/100
|-heal|p2a: Ghost|100/100|[from] drain|[of] p1a: Urshifu
|
|turn|4
|
|switch|p1a: Moltres|Moltres-Galar|100/100
|move|p2a: Ghost|Giga Drain|p1a: Moltres
|-resisted|p1a: Moltres
|-damage|p1a: Moltres|90/100
|
|turn|5
|
|switch|p2a: Isha|Blissey, F, shiny|100/100
|move|p1a: Moltres|Nasty Plot|p1a: Moltres
|-boost|p1a: Moltres|spa|2
|
|turn|6
|
|move|p1a: Moltres|Agility|p1a: Moltres
|-boost|p1a: Moltres|spe|2
|move|p2a: Isha|Calm Mind|p2a: Isha
|-boost|p2a: Isha|spa|1
|-boost|p2a: Isha|spd|1
|
|turn|7
|
|move|p1a: Moltres|Nasty Plot|p1a: Moltres
|-boost|p1a: Moltres|spa|2
|move|p2a: Isha|Seismic Toss|p1a: Moltres
|-damage|p1a: Moltres|63/100
|
|turn|8
|
|move|p1a: Moltres|Nasty Plot|p1a: Moltres
|-boost|p1a: Moltres|spa|2
|move|p2a: Isha|Calm Mind|p2a: Isha
|-boost|p2a: Isha|spa|1
|-boost|p2a: Isha|spd|1
|
|-sideend|p1: p1|Reflect
|turn|9
|
|move|p1a: Moltres|Air Slash|p2a: Isha
|-damage|p2a: Isha|76/100
|move|p2a: Isha|Calm Mind|p2a: Isha
|-boost|p2a: Isha|spa|1
|-boost|p2a: Isha|spd|1
|
|-heal|p2a: Isha|82/100|[from] item: Leftovers
|turn|10
|
|move|p1a: Moltres|Air Slash|p2a: Isha
|-damage|p2a: Isha|61/100
|move|p2a: Isha|Calm Mind|p2a: Isha
|-boost|p2a: Isha|spa|1
|-boost|p2a: Isha|spd|1
|
|-heal|p2a: Isha|68/100|[from] item: Leftovers
|turn|11
|
|move|p1a: Moltres|Air Slash|p2a: Isha
|-damage|p2a: Isha|50/100
|move|p2a: Isha|Soft-Boiled|p2a: Isha
|-heal|p2a: Isha|99/100
|
|-heal|p2a: Isha|100/100|[from] item: Leftovers
|turn|12
|
|move|p1a: Moltres|Air Slash|p2a: Isha
|-damage|p2a: Isha|84/100
|move|p2a: Isha|Calm Mind|p2a: Isha
|-boost|p2a: Isha|spa|1
|-boost|p2a: Isha|spd|1
|
|-heal|p2a: Isha|91/100|[from] item: Leftovers
|turn|13
|
|move|p1a: Moltres|Air Slash|p2a: Isha
|-damage|p2a: Isha|75/100
|cant|p2a: Isha|flinch
|
|-heal|p2a: Isha|81/100|[from] item: Leftovers
|turn|14
|
|move|p1a: Moltres|Air Slash|p2a: Isha
|-damage|p2a: Isha|67/100
|move|p2a: Isha|Seismic Toss|p1a: Moltres
|-damage|p1a: Moltres|35/100
|-enditem|p1a: Moltres|Sitrus Berry|[eat]
|-heal|p1a: Moltres|60/100|[from] item: Sitrus Berry
|
|-heal|p2a: Isha|73/100|[from] item: Leftovers
|turn|15
|
|move|p1a: Moltres|Air Slash|p2a: Isha
|-damage|p2a: Isha|58/100
|move|p2a: Isha|Seismic Toss|p1a: Moltres
|-damage|p1a: Moltres|33/100
|
|-heal|p2a: Isha|64/100|[from] item: Leftovers
|turn|16
|
|move|p1a: Moltres|Air Slash|p2a: Isha
|-damage|p2a: Isha|51/100
|move|p2a: Isha|Soft-Boiled|p2a: Isha
|-heal|p2a: Isha|100/100
|
|turn|17
|
|move|p1a: Moltres|Air Slash|p2a: Isha
|-damage|p2a: Isha|85/100
|move|p2a: Isha|Seismic Toss|p1a: Moltres
|-damage|p1a: Moltres|5/100
|
|-heal|p2a: Isha|92/100|[from] item: Leftovers
|turn|18
|
|move|p1a: Moltres|Air Slash|p2a: Isha
|-damage|p2a: Isha|78/100
|move|p2a: Isha|Shadow Ball|p1a: Moltres
|-resisted|p1a: Moltres
|-damage|p1a: Moltres|0 fnt
|faint|p1a: Moltres
|
|-heal|p2a: Isha|84/100|[from] item: Leftovers
|
|switch|p1a: Urshifu|Urshifu-Rapid-Strike, M|17/100
|turn|19
|
|switch|p1a: Magearna|Magearna|100/100
|switch|p2a: Shōgo|Corviknight, M, shiny|100/100
|-ability|p2a: Shōgo|Pressure
|
|turn|20
|
|switch|p2a: Isha|Blissey, F, shiny|84/100
|move|p1a: Magearna|Calm Mind|p1a: Magearna
|-boost|p1a: Magearna|spa|1
|-boost|p1a: Magearna|spd|1
|
|-heal|p2a: Isha|90/100|[from] item: Leftovers
|turn|21
|
|-terastallize|p2a: Isha|Steel
|move|p1a: Magearna|Shift Gear|p1a: Magearna
|-boost|p1a: Magearna|spe|2
|-boost|p1a: Magearna|atk|1
|move|p2a: Isha|Calm Mind|p2a: Isha
|-boost|p2a: Isha|spa|1
|-boost|p2a: Isha|spd|1
|
|-heal|p2a: Isha|96/100|[from] item: Leftovers
|turn|22
|
|move|p1a: Magearna|Shift Gear|p1a: Magearna
|-boost|p1a: Magearna|spe|2
|-boost|p1a: Magearna|atk|1
|move|p2a: Isha|Calm Mind|p2a: Isha
|-boost|p2a: Isha|spa|1
|-boost|p2a: Isha|spd|1
|
|-heal|p2a: Isha|100/100|[from] item: Leftovers
|turn|23
|
|move|p1a: Magearna|Shift Gear|p1a: Magearna
|-boost|p1a: Magearna|spe|2
|-boost|p1a: Magearna|atk|1
|move|p2a: Isha|Calm Mind|p2a: Isha
|-boost|p2a: Isha|spa|1
|-boost|p2a: Isha|spd|1
|
|turn|24
|
|move|p1a: Magearna|Calm Mind|p1a: Magearna
|-boost|p1a: Magearna|spa|1
|-boost|p1a: Magearna|spd|1
|move|p2a: Isha|Calm Mind|p2a: Isha
|-boost|p2a: Isha|spa|1
|-boost|p2a: Isha|spd|1
|
|turn|25
|
|move|p1a: Magearna|Calm Mind|p1a: Magearna
|-boost|p1a: Magearna|spa|1
|-boost|p1a: Magearna|spd|1
|move|p2a: Isha|Calm Mind|p2a: Isha
|-boost|p2a: Isha|spa|1
|-boost|p2a: Isha|spd|1
|
|turn|26
|
|move|p1a: Magearna|Calm Mind|p1a: Magearna
|-boost|p1a: Magearna|spa|1
|-boost|p1a: Magearna|spd|1
|move|p2a: Isha|Calm Mind|p2a: Isha
|-boost|p2a: Isha|spa|1
|-boost|p2a: Isha|spd|1
|
|turn|27
|
|move|p1a: Magearna|Calm Mind|p1a: Magearna
|-boost|p1a: Magearna|spa|1
|-boost|p1a: Magearna|spd|1
|move|p2a: Isha|Seismic Toss|p1a: Magearna
|-damage|p1a: Magearna|73/100
|
|-heal|p1a: Magearna|79/100|[from] item: Leftovers
|turn|28
|
|move|p1a: Magearna|Calm Mind|p1a: Magearna
|-boost|p1a: Magearna|spa|1
|-boost|p1a: Magearna|spd|1
|move|p2a: Isha|Seismic Toss|p1a: Magearna
|-damage|p1a: Magearna|52/100
|
|-heal|p1a: Magearna|58/100|[from] item: Leftovers
|turn|29
|
|move|p1a: Magearna|Stored Power|p2a: Isha
|-resisted|p2a: Isha
|-damage|p2a: Isha|78/100
|move|p2a: Isha|Seismic Toss|p1a: Magearna
|-damage|p1a: Magearna|30/100
|
|-heal|p1a: Magearna|36/100|[from] item: Leftovers
|-heal|p2a: Isha|84/100|[from] item: Leftovers
|turn|30
|
|move|p1a: Magearna|Stored Power|p2a: Isha
|-resisted|p2a: Isha
|-damage|p2a: Isha|60/100
|move|p2a: Isha|Seismic Toss|p1a: Magearna
|-damage|p1a: Magearna|9/100
|
|-heal|p1a: Magearna|15/100|[from] item: Leftovers
|-heal|p2a: Isha|66/100|[from] item: Leftovers
|turn|31
|
|move|p1a: Magearna|Stored Power|p2a: Isha
|-resisted|p2a: Isha
|-damage|p2a: Isha|44/100
|move|p2a: Isha|Shadow Ball|p1a: Magearna
|-damage|p1a: Magearna|2/100
|
|-heal|p1a: Magearna|8/100|[from] item: Leftovers
|-heal|p2a: Isha|50/100|[from] item: Leftovers
|turn|32
|
|move|p1a: Magearna|Stored Power|p2a: Isha
|-resisted|p2a: Isha
|-damage|p2a: Isha|28/100
|move|p2a: Isha|Soft-Boiled|p2a: Isha
|-heal|p2a: Isha|78/100
|
|-heal|p1a: Magearna|14/100|[from] item: Leftovers
|-heal|p2a: Isha|84/100|[from] item: Leftovers
|turn|33
|
|move|p1a: Magearna|Stored Power|p2a: Isha
|-resisted|p2a: Isha
|-damage|p2a: Isha|62/100
|move|p2a: Isha|Seismic Toss|p1a: Magearna
|-damage|p1a: Magearna|0 fnt
|faint|p1a: Magearna
|
|-heal|p2a: Isha|68/100|[from] item: Leftovers
|
|switch|p1a: Dragapult|Dragapult, M|100/100
|turn|34
|
|move|p1a: Dragapult|Phantom Force||[still]
|-prepare|p1a: Dragapult|Phantom Force
|move|p2a: Isha|Shadow Ball|p1a: Dragapult|[miss]
|-miss|p2a: Isha|p1a: Dragapult
|
|-heal|p2a: Isha|74/100|[from] item: Leftovers
|turn|35
|
|switch|p2a: Ishi|Garganacl, M, shiny|100/100
|move|p1a: Dragapult|Phantom Force|p2a: Ishi|[from]lockedmove
|-damage|p2a: Ishi|87/100
|
|-heal|p2a: Ishi|93/100|[from] item: Leftovers
|turn|36
|
|move|p1a: Dragapult|Dragon Dance|p1a: Dragapult
|-boost|p1a: Dragapult|atk|1
|-boost|p1a: Dragapult|spe|1
|move|p2a: Ishi|Salt Cure|p1a: Dragapult
|-damage|p1a: Dragapult|82/100
|-start|p1a: Dragapult|Salt Cure
|
|-heal|p2a: Ishi|99/100|[from] item: Leftovers
|-damage|p1a: Dragapult|70/100|[from] Salt Cure
|turn|37
|
|move|p1a: Dragapult|Dragon Darts|p2a: Ishi
|-damage|p2a: Ishi|80/100
|-anim|p1a: Dragapult|Dragon Darts|p2a: Ishi
|-damage|p2a: Ishi|59/100
|move|p2a: Ishi|Iron Defense|p2a: Ishi
|-boost|p2a: Ishi|def|2
|
|-heal|p2a: Ishi|65/100|[from] item: Leftovers
|-damage|p1a: Dragapult|57/100|[from] Salt Cure
|turn|38
|
|move|p1a: Dragapult|Dragon Darts|p2a: Ishi
|-damage|p2a: Ishi|53/100
|-anim|p1a: Dragapult|Dragon Darts|p2a: Ishi
|-damage|p2a: Ishi|42/100
|move|p2a: Ishi|Recover|p2a: Ishi
|-heal|p2a: Ishi|92/100
|
|-heal|p2a: Ishi|98/100|[from] item: Leftovers
|-damage|p1a: Dragapult|45/100|[from] Salt Cure
|turn|39
|-message|p1 forfeited.
|
|win|p2
