# advantage = p1
|poke|p1|Samurott-Hisui, F|
|poke|p1|Arcanine-Hisui, F|
|poke|p1|Garchomp, M|
|poke|p1|Rotom-Wash|
|poke|p1|Kingambit, M|
|poke|p1|Corviknight, F|
|poke|p2|Pelipper, F|
|poke|p2|Basculegion, M|
|poke|p2|Floatzel, F|
|poke|p2|Urshifu-*, F|
|poke|p2|Great Tusk|
|poke|p2|Zapdos|
|teampreview
|
|start
|switch|p1a: Samurott|Samurott-Hisui, F, shiny|100/100
|switch|p2a: Pelipper|Pelipper, F|100/100
|-weather|RainDance|[from] ability: Drizzle|[of] p2a: Pelipper
|turn|1
|player|p1|
|player|p1|p1|misty-masters
|
|move|p1a: Samurott|Ceaseless Edge|p2a: Pelipper
|-damage|p2a: Pelipper|65/100
|-sidestart|p2: p2|Spikes
|move|p2a: Pelipper|U-turn|p1a: Samurott
|-supereffective|p1a: Samurott
|-damage|p1a: Samurott|78/100
|
|switch|p2a: Zapdos|Zapdos, shiny|100/100|[from] U-turn
|
|-weather|RainDance|[upkeep]
|turn|2
|
|move|p1a: Samurott|Ceaseless Edge|p2a: Zapdos
|-damage|p2a: Zapdos|64/100
|-sidestart|p2: p2|Spikes
|move|p2a: Zapdos|Volt Switch|p1a: Samurott
|-supereffective|p1a: Samurott
|-damage|p1a: Samurott|0 fnt
|faint|p1a: Samurott
|
|switch|p2a: Basculegion|Basculegion, M|100/100|[from] Volt Switch
|-damage|p2a: Basculegion|84/100|[from] Spikes
|
|-weather|RainDance|[upkeep]
|
|switch|p1a: Garchomp|Garchomp, M, shiny|100/100
|turn|3
|
|-terastallize|p2a: Basculegion|Water
|move|p2a: Basculegion|Liquidation|p1a: Garchomp
|-damage|p1a: Garchomp|0 fnt
|-damage|p2a: Basculegion|72/100|[from] ability: Rough Skin|[of] p1a: Garchomp
|-damage|p2a: Basculegion|55/100|[from] item: Rocky Helmet|[of] p1a: Garchomp
|faint|p1a: Garchomp
|
|-weather|RainDance|[upkeep]
|
|switch|p1a: Kingambit|Kingambit, M|100/100
|-activate|p1a: Kingambit|ability: Supreme Overlord
|-start|p1a: Kingambit|fallen2|[silent]
|turn|4
|
|-terastallize|p1a: Kingambit|Dark
|move|p1a: Kingambit|Sucker Punch|p2a: Basculegion
|-damage|p2a: Basculegion|0 fnt
|faint|p2a: Basculegion
|
|-weather|RainDance|[upkeep]
|
|switch|p2a: Floatzel|Floatzel, F|100/100
|-damage|p2a: Floatzel|84/100|[from] Spikes
|turn|5
|
|move|p1a: Kingambit|Sucker Punch|p2a: Floatzel
|-damage|p2a: Floatzel|0 fnt
|faint|p2a: Floatzel
|
|-weather|RainDance|[upkeep]
|
|switch|p2a: Urshifu|Urshifu-Rapid-Strike, F|100/100
|-damage|p2a: Urshifu|84/100|[from] Spikes
|turn|6
|
|-end|p1a: Kingambit|fallen2|[silent]
|switch|p1a: Corviknight|Corviknight, F, shiny|100/100
|move|p2a: Urshifu|Surging Strikes|p1a: Corviknight
|-crit|p1a: Corviknight
|-damage|p1a: Corviknight|73/100
|-damage|p2a: Urshifu|68/100|[from] item: Rocky Helmet|[of] p1a: Corviknight
|-crit|p1a: Corviknight
|-damage|p1a: Corviknight|45/100
|-damage|p2a: Urshifu|51/100|[from] item: Rocky Helmet|[of] p1a: Corviknight
|-crit|p1a: Corviknight
|-damage|p1a: Corviknight|19/100
|-damage|p2a: Urshifu|35/100|[from] item: Rocky Helmet|[of] p1a: Corviknight
|-hitcount|p1a: Corviknight|3
|
|-weather|RainDance|[upkeep]
|turn|7
|
|move|p2a: Urshifu|Surging Strikes|p1a: Corviknight
|-crit|p1a: Corviknight
|-damage|p1a: Corviknight|0 fnt
|-damage|p2a: Urshifu|18/100|[from] item: Rocky Helmet|[of] p1a: Corviknight
|faint|p1a: Corviknight
|-hitcount|p1: Corviknight|1
|
|-weather|RainDance|[upkeep]
|
|switch|p1a: Kingambit|Kingambit, M, tera:Dark|100/100
|-activate|p1a: Kingambit|ability: Supreme Overlord
|-start|p1a: Kingambit|fallen3|[silent]
|turn|8
|
|move|p1a: Kingambit|Sucker Punch|p2a: Urshifu
|-resisted|p2a: Urshifu
|-damage|p2a: Urshifu|0 fnt
|faint|p2a: Urshifu
|
|-weather|none
|
|switch|p2a: Great Tusk|Great Tusk|100/100
|-damage|p2a: Great Tusk|84/100|[from] Spikes
|turn|9
|
|-end|p1a: Kingambit|fallen3|[silent]
|switch|p1a: Rotom|Rotom-Wash, shiny|100/100
|move|p2a: Great Tusk|Earthquake|p1a: Rotom
|-immune|p1a: Rotom|[from] ability: Levitate
|
|-heal|p2a: Great Tusk|90/100|[from] item: Leftovers
|turn|10
|
|-end|p2a: Great Tusk|Protosynthesis|[silent]
|switch|p2a: Zapdos|Zapdos, shiny|64/100
|move|p1a: Rotom|Trick|p2a: Zapdos
|-activate|p1a: Rotom|move: Trick|[of] p2a: Zapdos
|-item|p2a: Zapdos|Choice Scarf|[from] move: Trick
|-item|p1a: Rotom|Heavy-Duty Boots|[from] move: Trick
|
|turn|11
|
|move|p2a: Zapdos|Volt Switch|p1a: Rotom
|-damage|p1a: Rotom|61/100
|
|switch|p2a: Great Tusk|Great Tusk|90/100|[from] Volt Switch
|-damage|p2a: Great Tusk|74/100|[from] Spikes
|move|p1a: Rotom|Volt Switch|p2a: Great Tusk
|-immune|p2a: Great Tusk
|
|-heal|p2a: Great Tusk|80/100|[from] item: Leftovers
|turn|12
|player|p1|
|player|p1|p1|misty-masters
|
|move|p1a: Rotom|Hydro Pump|p2a: Great Tusk
|-supereffective|p2a: Great Tusk
|-damage|p2a: Great Tusk|0 fnt
|faint|p2a: Great Tusk
|-end|p2a: Great Tusk|Protosynthesis|[silent]
|
|-message|p2 forfeited.
|
|win|p1
