|poke|p1|Great Tusk|
|poke|p1|Tornadus-Therian, M|
|poke|p1|Kingambit, F|
|poke|p1|Slowking-Galar, M|
|poke|p1|Urshifu-*, M|
|poke|p1|Dragapult, M|
|poke|p2|Iron Valiant|
|poke|p2|Azumarill, M|
|poke|p2|Walking Wake|
|poke|p2|Zapdos|
|poke|p2|Magearna|
|poke|p2|Urshifu-*, F|
|teampreview
|
|start
|switch|p1a: Urshifu|Urshifu-Rapid-Strike, M|100/100
|switch|p2a: Azumarill|Azumarill, M|100/100
|turn|1
|
|move|p1a: Urshifu|Taunt|p2a: Azumarill
|-start|p2a: Azumarill|move: Taunt
|move|p2a: Azumarill|Play Rough|p1a: Urshifu
|-supereffective|p1a: Urshifu
|-damage|p1a: Urshifu|0 fnt
|faint|p1a: Urshifu
|
|
|switch|p1a: Slowking|Slowking-Galar, M|100/100
|turn|2
|
|move|p2a: Azumarill|Liquidation|p1a: Slowking
|-damage|p1a: Slowking|42/100
|-unboost|p1a: Slowking|def|1
|move|p1a: Slowking|Flamethrower|p2a: Azumarill
|-resisted|p2a: Azumarill
|-damage|p2a: Azumarill|84/100
|
|turn|3
|
|-terastallize|p1a: Slowking|Water
|move|p2a: Azumarill|Liquidation|p1a: Slowking
|-resisted|p1a: Slowking
|-damage|p1a: Slowking|2/100
|move|p1a: Slowking|Sludge Bomb|p2a: Azumarill
|-supereffective|p2a: Azumarill
|-damage|p2a: Azumarill|0 fnt
|faint|p2a: Azumarill
|
|
|switch|p2a: Urshifu|Urshifu-Rapid-Strike, F|100/100
|turn|4
|
|switch|p1a: Tornadus|Tornadus-Therian, M|100/100
|move|p2a: Urshifu|Surging Strikes|p1a: Tornadus
|-crit|p1a: Tornadus
|-damage|p1a: Tornadus|58/100
|-crit|p1a: Tornadus
|-damage|p1a: Tornadus|21/100
|-crit|p1a: Tornadus
|-damage|p1a: Tornadus|0 fnt
|faint|p1a: Tornadus
|-hitcount|p1: Tornadus|3
|-damage|p2a: Urshifu|91/100|[from] item: Life Orb
|
|
|switch|p1a: Dragapult|Dragapult, M|100/100
|turn|5
|
|move|p1a: Dragapult|Thunderbolt|p2a: Urshifu
|-supereffective|p2a: Urshifu
|-damage|p2a: Urshifu|0 fnt
|faint|p2a: Urshifu
|
|
|switch|p2a: Magearna|Magearna|100/100
|turn|6
|
|switch|p1a: Kingambit|Kingambit, F|100/100
|-activate|p1a: Kingambit|ability: Supreme Overlord
|-start|p1a: Kingambit|fallen2|[silent]
|move|p2a: Magearna|Flash Cannon|p1a: Kingambit
|-resisted|p1a: Kingambit
|-damage|p1a: Kingambit|80/100
|
|-heal|p1a: Kingambit|86/100|[from] item: Leftovers
|turn|7
|
|-end|p1a: Kingambit|fallen2|[silent]
|switch|p1a: Dragapult|Dragapult, M|100/100
|move|p2a: Magearna|Fleur Cannon|p1a: Dragapult
|-supereffective|p1a: Dragapult
|-damage|p1a: Dragapult|0 fnt
|-unboost|p2a: Magearna|spa|2
|faint|p1a: Dragapult
|-ability|p2a: Magearna|Soul-Heart|boost
|-boost|p2a: Magearna|spa|1
|
|
|switch|p1a: Slowking|Slowking-Galar, M, tera:Water|35/100
|turn|8
|
|switch|p1a: Kingambit|Kingambit, F|86/100
|-activate|p1a: Kingambit|ability: Supreme Overlord
|-start|p1a: Kingambit|fallen3|[silent]
|move|p2a: Magearna|Thunderbolt|p1a: Kingambit
|-damage|p1a: Kingambit|63/100
|
|-heal|p1a: Kingambit|70/100|[from] item: Leftovers
|turn|9
|
|move|p2a: Magearna|Fleur Cannon|p1a: Kingambit
|-damage|p1a: Kingambit|25/100
|-unboost|p2a: Magearna|spa|2
|move|p1a: Kingambit|Swords Dance|p1a: Kingambit
|-boost|p1a: Kingambit|atk|2
|
|-heal|p1a: Kingambit|31/100|[from] item: Leftovers
|turn|10
|
|move|p2a: Magearna|Fleur Cannon|p1a: Kingambit
|-damage|p1a: Kingambit|0 fnt
|-unboost|p2a: Magearna|spa|2
|faint|p1a: Kingambit
|-ability|p2a: Magearna|Soul-Heart|boost
|-boost|p2a: Magearna|spa|1
|-end|p1a: Kingambit|fallen3|[silent]
|
|-message|ElekiAtHome forfeited.
|
|win|vagmak
|player|p1|ElekiAtHome|iono
