|poke|p1|Iron Hands|
|poke|p1|Meowscarada, F|
|poke|p1|Gholdengo|
|poke|p1|Rotom-Wash|
|poke|p1|Ting-Lu|
|poke|p1|Iron Moth|
|poke|p2|Indeedee, M|
|poke|p2|Armarouge, F|
|poke|p2|Polteageist|
|poke|p2|Hatterene, F|
|poke|p2|Baxcalibur, F|
|poke|p2|Volcarona, M|
|teampreview
|
|start
|switch|p1a: Meowscarada|Meowscarada, F|100/100
|switch|p2a: Indeedee|Indeedee, M|100/100
|-fieldstart|move: Psychic Terrain|[from] ability: Psychic Surge|[of] p2a: Indeedee
|turn|1
|
|switch|p2a: Hatterene|Hatterene, F|100/100
|move|p1a: Meowscarada|Knock Off|p2a: Hatterene
|-start|p1a: Meowscarada|typechange|Dark|[from] ability: Protean
|-damage|p2a: Hatterene|62/100
|-enditem|p2a: Hatterene|Eject Button|[from] move: Knock Off|[of] p1a: Meowscarada
|
|turn|2
|
|switch|p1a: Ting-Lu|Ting-Lu|100/100
|-ability|p1a: Ting-Lu|Vessel of Ruin
|move|p2a: Hatterene|Nuzzle|p1a: Ting-Lu
|-immune|p1a: Ting-Lu
|
|turn|3
|
|move|p1a: Ting-Lu|Ruination|p2a: Hatterene
|-damage|p2a: Hatterene|31/100
|move|p2a: Hatterene|Draining Kiss|p1a: Ting-Lu
|-supereffective|p1a: Ting-Lu
|-damage|p1a: Ting-Lu|83/100
|-heal|p2a: Hatterene|53/100|[from] drain|[of] p1a: Ting-Lu
|
|-heal|p1a: Ting-Lu|89/100|[from] item: Leftovers
|turn|4
|
|move|p1a: Ting-Lu|Earthquake|p2a: Hatterene
|-damage|p2a: Hatterene|24/100
|move|p2a: Hatterene|Draining Kiss|p1a: Ting-Lu
|-supereffective|p1a: Ting-Lu
|-damage|p1a: Ting-Lu|70/100
|-heal|p2a: Hatterene|47/100|[from] drain|[of] p1a: Ting-Lu
|
|-heal|p1a: Ting-Lu|76/100|[from] item: Leftovers
|turn|5
|
|move|p1a: Ting-Lu|Earthquake|p2a: Hatterene
|-damage|p2a: Hatterene|14/100
|move|p2a: Hatterene|Draining Kiss|p1a: Ting-Lu
|-supereffective|p1a: Ting-Lu
|-damage|p1a: Ting-Lu|59/100
|-heal|p2a: Hatterene|36/100|[from] drain|[of] p1a: Ting-Lu
|
|-heal|p1a: Ting-Lu|65/100|[from] item: Leftovers
|turn|6
|
|move|p1a: Ting-Lu|Earthquake|p2a: Hatterene
|-damage|p2a: Hatterene|3/100
|move|p2a: Hatterene|Draining Kiss|p1a: Ting-Lu
|-supereffective|p1a: Ting-Lu
|-damage|p1a: Ting-Lu|46/100
|-heal|p2a: Hatterene|26/100|[from] drain|[of] p1a: Ting-Lu
|
|-heal|p1a: Ting-Lu|53/100|[from] item: Leftovers
|turn|7
|
|switch|p2a: Baxcalibur|Baxcalibur, F, shiny|100/100
|move|p1a: Ting-Lu|Earthquake|p2a: Baxcalibur
|-damage|p2a: Baxcalibur|65/100
|
|-heal|p1a: Ting-Lu|59/100|[from] item: Leftovers
|turn|8
|
|switch|p1a: Gholdengo|Gholdengo|100/100
|-item|p1a: Gholdengo|Air Balloon
|move|p2a: Baxcalibur|Icicle Spear|p1a: Gholdengo
|-resisted|p1a: Gholdengo
|-damage|p1a: Gholdengo|94/100
|-enditem|p1a: Gholdengo|Air Balloon
|-resisted|p1a: Gholdengo
|-damage|p1a: Gholdengo|88/100
|-resisted|p1a: Gholdengo
|-damage|p1a: Gholdengo|81/100
|-resisted|p1a: Gholdengo
|-damage|p1a: Gholdengo|74/100
|-hitcount|p1a: Gholdengo|4
|
|-fieldend|move: Psychic Terrain
|turn|9
|
|switch|p2a: Indeedee|Indeedee, M|100/100
|-fieldstart|move: Psychic Terrain|[from] ability: Psychic Surge|[of] p2a: Indeedee
|switch|p1a: Rotom|Rotom-Wash|100/100
|
|turn|10
|
|switch|p1a: Ting-Lu|Ting-Lu|59/100
|-ability|p1a: Ting-Lu|Vessel of Ruin
|move|p2a: Indeedee|Psychic|p1a: Ting-Lu
|-immune|p1a: Ting-Lu
|
|-heal|p1a: Ting-Lu|65/100|[from] item: Leftovers
|turn|11
|
|switch|p2a: Hatterene|Hatterene, F|26/100
|move|p1a: Ting-Lu|Earthquake|p2a: Hatterene
|-damage|p2a: Hatterene|0 fnt
|faint|p2a: Hatterene
|
|-heal|p1a: Ting-Lu|71/100|[from] item: Leftovers
|
|switch|p2a: Baxcalibur|Baxcalibur, F, shiny|65/100
|turn|12
|
|switch|p1a: Rotom|Rotom-Wash|100/100
|move|p2a: Baxcalibur|Icicle Spear|p1a: Rotom
|-resisted|p1a: Rotom
|-damage|p1a: Rotom|95/100
|-resisted|p1a: Rotom
|-damage|p1a: Rotom|90/100
|-resisted|p1a: Rotom
|-damage|p1a: Rotom|84/100
|-resisted|p1a: Rotom
|-damage|p1a: Rotom|78/100
|-hitcount|p1a: Rotom|4
|
|-heal|p1a: Rotom|84/100|[from] item: Leftovers
|turn|13
|
|move|p2a: Baxcalibur|Substitute|p2a: Baxcalibur
|-start|p2a: Baxcalibur|Substitute
|-damage|p2a: Baxcalibur|40/100
|move|p1a: Rotom|Volt Switch|p2a: Baxcalibur
|-resisted|p2a: Baxcalibur
|-activate|p2a: Baxcalibur|move: Substitute|[damage]
|
|switch|p1a: Meowscarada|Meowscarada, F|100/100|[from] Volt Switch
|
|turn|14
|
|move|p1a: Meowscarada|U-turn|p2a: Baxcalibur
|-start|p1a: Meowscarada|typechange|Bug|[from] ability: Protean
|-end|p2a: Baxcalibur|Substitute
|
|switch|p1a: Gholdengo|Gholdengo|74/100|[from] U-turn
|move|p2a: Baxcalibur|Dragon Dance|p2a: Baxcalibur
|-boost|p2a: Baxcalibur|atk|1
|-boost|p2a: Baxcalibur|spe|1
|
|turn|15
|
|move|p2a: Baxcalibur|Substitute|p2a: Baxcalibur
|-start|p2a: Baxcalibur|Substitute
|-damage|p2a: Baxcalibur|15/100
|move|p1a: Gholdengo|Make It Rain|p2a: Baxcalibur
|-supereffective|p2a: Baxcalibur
|-end|p2a: Baxcalibur|Substitute
|-unboost|p1a: Gholdengo|spa|1
|
|turn|16
|
|move|p2a: Baxcalibur|Earthquake|p1a: Gholdengo
|-supereffective|p1a: Gholdengo
|-damage|p1a: Gholdengo|0 fnt
|faint|p1a: Gholdengo
|
|-fieldend|move: Psychic Terrain
|
|switch|p1a: Meowscarada|Meowscarada, F|100/100
|turn|17
|
|switch|p2a: Indeedee|Indeedee, M|100/100
|-fieldstart|move: Psychic Terrain|[from] ability: Psychic Surge|[of] p2a: Indeedee
|move|p1a: Meowscarada|U-turn|p2a: Indeedee
|-start|p1a: Meowscarada|typechange|Bug|[from] ability: Protean
|-supereffective|p2a: Indeedee
|-damage|p2a: Indeedee|0 fnt
|faint|p2a: Indeedee
|
|switch|p1a: Ting-Lu|Ting-Lu|71/100|[from] U-turn
|-ability|p1a: Ting-Lu|Vessel of Ruin
|
|-heal|p1a: Ting-Lu|78/100|[from] item: Leftovers
|
|switch|p2a: Volcarona|Volcarona, M|100/100
|turn|18
|
|move|p2a: Volcarona|Bug Buzz|p1a: Ting-Lu
|-supereffective|p1a: Ting-Lu
|-damage|p1a: Ting-Lu|32/100
|move|p1a: Ting-Lu|Stealth Rock|p2a: Volcarona
|-sidestart|p2: p2|move: Stealth Rock
|
|-heal|p1a: Ting-Lu|38/100|[from] item: Leftovers
|turn|19
|
|move|p2a: Volcarona|Bug Buzz|p1a: Ting-Lu
|-supereffective|p1a: Ting-Lu
|-damage|p1a: Ting-Lu|0 fnt
|faint|p1a: Ting-Lu
|
|
|switch|p1a: Iron Moth|Iron Moth|100/100
|turn|20
|
|-terastallize|p1a: Iron Moth|Fire
|move|p1a: Iron Moth|Fiery Dance|p2a: Volcarona
|-damage|p2a: Volcarona|49/100
|move|p2a: Volcarona|Quiver Dance|p2a: Volcarona
|-boost|p2a: Volcarona|spa|1
|-boost|p2a: Volcarona|spd|1
|-boost|p2a: Volcarona|spe|1
|
|turn|21
|
|move|p2a: Volcarona|Quiver Dance|p2a: Volcarona
|-boost|p2a: Volcarona|spa|1
|-boost|p2a: Volcarona|spd|1
|-boost|p2a: Volcarona|spe|1
|move|p1a: Iron Moth|Fiery Dance|p2a: Volcarona
|-damage|p2a: Volcarona|22/100
|-boost|p1a: Iron Moth|spa|1
|
|turn|22
|
|-terastallize|p2a: Volcarona|Psychic
|move|p2a: Volcarona|Psychic|p1a: Iron Moth
|-damage|p1a: Iron Moth|0 fnt
|faint|p1a: Iron Moth
|-end|p1a: Iron Moth|Quark Drive|[silent]
|
|
|switch|p1a: Meowscarada|Meowscarada, F|100/100
|turn|23
|
|move|p2a: Volcarona|Fiery Dance|p1a: Meowscarada
|-supereffective|p1a: Meowscarada
|-damage|p1a: Meowscarada|0 fnt
|faint|p1a: Meowscarada
|
|-message|p1 forfeited.
|
|win|p2
|player|p1|p1|hilda-masters3
