# advantage = p1
|poke|p1|Basculegion-F, F|
|poke|p1|Zamazenta-*|
|poke|p1|Scream Tail|
|poke|p1|Garganacl, M|
|poke|p1|Zapdos|
|poke|p1|Maushold|
|poke|p2|Corviknight, F|
|poke|p2|Slowking-Galar, M|
|poke|p2|Tauros-Paldea-Aqua, M|
|poke|p2|Alomomola, M|
|poke|p2|Blissey, F|
|poke|p2|Clodsire, F|
|teampreview
|
|start
|switch|p1a: Basculegion|Basculegion-F, F|100/100
|switch|p2a: Alomomola|Alomomola, M|100/100
|turn|1
|
|switch|p2a: Blissey|Blissey, F|100/100
|move|p1a: Basculegion|Surf|p2a: Blissey
|-damage|p2a: Blissey|77/100
|
|turn|2
|
|move|p1a: Basculegion|Surf|p2a: Blissey
|-damage|p2a: Blissey|53/100
|move|p2a: Blissey|Stealth Rock|p1a: Basculegion
|-sidestart|p1: p1|move: Stealth Rock
|
|turn|3
|
|move|p1a: Basculegion|Surf|p2a: Blissey
|-damage|p2a: Blissey|30/100
|move|p2a: Blissey|Soft-Boiled|p2a: Blissey
|-heal|p2a: Blissey|80/100
|
|turn|4
|
|move|p1a: Basculegion|Surf|p2a: Blissey
|-damage|p2a: Blissey|57/100
|move|p2a: Blissey|Soft-Boiled|p2a: Blissey
|-heal|p2a: Blissey|100/100
|
|turn|5
|
|switch|p2a: Slowking|Slowking-Galar, M|100/100
|move|p1a: Basculegion|Surf|p2a: Slowking
|-damage|p2a: Slowking|50/100
|
|turn|6
|
|-terastallize|p2a: Slowking|Water
|move|p1a: Basculegion|Surf|p2a: Slowking
|-resisted|p2a: Slowking
|-damage|p2a: Slowking|25/100
|move|p2a: Slowking|Slack Off|p2a: Slowking
|-heal|p2a: Slowking|75/100
|
|turn|7
|
|switch|p1a: Garganacl|Garganacl, M|100/100
|-damage|p1a: Garganacl|88/100|[from] Stealth Rock
|move|p2a: Slowking|Psychic|p1a: Garganacl
|-damage|p1a: Garganacl|63/100
|
|-heal|p1a: Garganacl|69/100|[from] item: Leftovers
|turn|8
|
|switch|p2a: Alomomola|Alomomola, M|100/100
|move|p1a: Garganacl|Salt Cure|p2a: Alomomola
|-damage|p2a: Alomomola|93/100
|-start|p2a: Alomomola|Salt Cure
|
|-heal|p1a: Garganacl|75/100|[from] item: Leftovers
|-damage|p2a: Alomomola|68/100|[from] Salt Cure
|turn|9
|
|switch|p2a: Slowking|Slowking-Galar, M, tera:Water|100/100
|move|p1a: Garganacl|Stealth Rock|p2a: Slowking
|-sidestart|p2: p2|move: Stealth Rock
|
|-heal|p1a: Garganacl|81/100|[from] item: Leftovers
|turn|10
|
|move|p1a: Garganacl|Salt Cure|p2a: Slowking
|-damage|p2a: Slowking|87/100
|-start|p2a: Slowking|Salt Cure
|move|p2a: Slowking|Psychic|p1a: Garganacl
|-damage|p1a: Garganacl|58/100
|
|-heal|p1a: Garganacl|64/100|[from] item: Leftovers
|-damage|p2a: Slowking|62/100|[from] Salt Cure
|turn|11
|
|switch|p2a: Alomomola|Alomomola, M|100/100
|move|p1a: Garganacl|Salt Cure|p2a: Alomomola
|-crit|p2a: Alomomola
|-damage|p2a: Alomomola|89/100
|-start|p2a: Alomomola|Salt Cure
|
|-heal|p1a: Garganacl|71/100|[from] item: Leftovers
|-damage|p2a: Alomomola|64/100|[from] Salt Cure
|turn|12
|
|switch|p2a: Slowking|Slowking-Galar, M, tera:Water|95/100
|move|p1a: Garganacl|Salt Cure|p2a: Slowking
|-damage|p2a: Slowking|81/100
|-start|p2a: Slowking|Salt Cure
|
|-heal|p1a: Garganacl|77/100|[from] item: Leftovers
|-damage|p2a: Slowking|56/100|[from] Salt Cure
|turn|13
|
|move|p1a: Garganacl|Salt Cure|p2a: Slowking
|-damage|p2a: Slowking|41/100
|move|p2a: Slowking|Slack Off|p2a: Slowking
|-heal|p2a: Slowking|91/100
|
|-heal|p1a: Garganacl|83/100|[from] item: Leftovers
|-damage|p2a: Slowking|66/100|[from] Salt Cure
|turn|14
|
|switch|p2a: Alomomola|Alomomola, M|98/100
|move|p1a: Garganacl|Salt Cure|p2a: Alomomola
|-damage|p2a: Alomomola|90/100
|-start|p2a: Alomomola|Salt Cure
|
|-heal|p1a: Garganacl|89/100|[from] item: Leftovers
|-damage|p2a: Alomomola|65/100|[from] Salt Cure
|turn|15
|
|switch|p2a: Slowking|Slowking-Galar, M, tera:Water|99/100
|move|p1a: Garganacl|Salt Cure|p2a: Slowking
|-damage|p2a: Slowking|85/100
|-start|p2a: Slowking|Salt Cure
|
|-heal|p1a: Garganacl|95/100|[from] item: Leftovers
|-damage|p2a: Slowking|60/100|[from] Salt Cure
|turn|16
|
|switch|p1a: Zapdos|Zapdos|100/100
|switch|p2a: Alomomola|Alomomola, M|98/100
|
|turn|17
|
|switch|p2a: Clodsire|Clodsire, F|100/100
|move|p1a: Zapdos|Hurricane|p2a: Clodsire
|-crit|p2a: Clodsire
|-damage|p2a: Clodsire|59/100
|
|turn|18
|
|switch|p1a: Garganacl|Garganacl, M|95/100
|-damage|p1a: Garganacl|83/100|[from] Stealth Rock
|move|p2a: Clodsire|Recover|p2a: Clodsire
|-heal|p2a: Clodsire|100/100
|
|-heal|p1a: Garganacl|89/100|[from] item: Leftovers
|turn|19
|
|switch|p2a: Alomomola|Alomomola, M|100/100
|move|p1a: Garganacl|Salt Cure|p2a: Alomomola
|-damage|p2a: Alomomola|93/100
|-start|p2a: Alomomola|Salt Cure
|
|-heal|p1a: Garganacl|95/100|[from] item: Leftovers
|-damage|p2a: Alomomola|68/100|[from] Salt Cure
|turn|20
|
|switch|p2a: Slowking|Slowking-Galar, M, tera:Water|93/100
|move|p1a: Garganacl|Salt Cure|p2a: Slowking
|-damage|p2a: Slowking|78/100
|-start|p2a: Slowking|Salt Cure
|
|-heal|p1a: Garganacl|100/100|[from] item: Leftovers
|-damage|p2a: Slowking|53/100|[from] Salt Cure
|turn|21
|
|switch|p1a: Zapdos|Zapdos|100/100
|move|p2a: Slowking|Slack Off|p2a: Slowking
|-heal|p2a: Slowking|100/100
|
|-damage|p2a: Slowking|76/100|[from] Salt Cure
|turn|22
|
|switch|p1a: Basculegion|Basculegion-F, F|100/100
|-damage|p1a: Basculegion|88/100|[from] Stealth Rock
|switch|p2a: Clodsire|Clodsire, F|100/100
|
|turn|23
|
|switch|p2a: Slowking|Slowking-Galar, M, tera:Water|100/100
|move|p1a: Basculegion|Surf|p2a: Slowking
|-resisted|p2a: Slowking
|-damage|p2a: Slowking|75/100
|
|turn|24
|
|switch|p1a: Garganacl|Garganacl, M|100/100
|-damage|p1a: Garganacl|88/100|[from] Stealth Rock
|move|p2a: Slowking|Sludge Bomb|p1a: Garganacl
|-resisted|p1a: Garganacl
|-damage|p1a: Garganacl|75/100
|
|-heal|p1a: Garganacl|82/100|[from] item: Leftovers
|turn|25
|
|switch|p2a: Alomomola|Alomomola, M|100/100
|move|p1a: Garganacl|Salt Cure|p2a: Alomomola
|-damage|p2a: Alomomola|93/100
|-start|p2a: Alomomola|Salt Cure
|
|-heal|p1a: Garganacl|88/100|[from] item: Leftovers
|-damage|p2a: Alomomola|68/100|[from] Salt Cure
|turn|26
|
|switch|p2a: Slowking|Slowking-Galar, M, tera:Water|100/100
|move|p1a: Garganacl|Salt Cure|p2a: Slowking
|-damage|p2a: Slowking|86/100
|-start|p2a: Slowking|Salt Cure
|
|-heal|p1a: Garganacl|94/100|[from] item: Leftovers
|-damage|p2a: Slowking|61/100|[from] Salt Cure
|turn|27
|
|switch|p1a: Zapdos|Zapdos|100/100
|switch|p2a: Alomomola|Alomomola, M|100/100
|
|turn|28
|
|switch|p1a: Zamazenta|Zamazenta-Crowned|100/100
|-damage|p1a: Zamazenta|97/100|[from] Stealth Rock
|-ability|p1a: Zamazenta|Dauntless Shield|boost
|-boost|p1a: Zamazenta|def|1
|switch|p2a: Clodsire|Clodsire, F|100/100
|
|turn|29
|
|switch|p2a: Corviknight|Corviknight, F|100/100
|-damage|p2a: Corviknight|88/100|[from] Stealth Rock
|-ability|p2a: Corviknight|Pressure
|move|p1a: Zamazenta|Behemoth Bash|p2a: Corviknight
|-resisted|p2a: Corviknight
|-damage|p2a: Corviknight|76/100
|-damage|p1a: Zamazenta|81/100|[from] item: Rocky Helmet|[of] p2a: Corviknight
|
|turn|30
|
|move|p1a: Zamazenta|Iron Defense|p1a: Zamazenta
|-boost|p1a: Zamazenta|def|2
|move|p2a: Corviknight|Iron Defense|p2a: Corviknight
|-boost|p2a: Corviknight|def|2
|
|turn|31
|
|switch|p1a: Zapdos|Zapdos|100/100
|move|p2a: Corviknight|Roost|p2a: Corviknight
|-heal|p2a: Corviknight|100/100
|-singleturn|p2a: Corviknight|move: Roost
|
|turn|32
|
|switch|p2a: Clodsire|Clodsire, F|100/100
|move|p1a: Zapdos|Volt Switch|p2a: Clodsire
|-immune|p2a: Clodsire
|
|turn|33
|
|switch|p1a: Garganacl|Garganacl, M|94/100
|-damage|p1a: Garganacl|82/100|[from] Stealth Rock
|move|p2a: Clodsire|Toxic|p1a: Garganacl
|-immune|p1a: Garganacl|[from] ability: Purifying Salt
|
|-heal|p1a: Garganacl|88/100|[from] item: Leftovers
|turn|34
|
|switch|p1a: Zapdos|Zapdos|100/100
|switch|p2a: Alomomola|Alomomola, M|100/100
|
|turn|35
|
|switch|p2a: Clodsire|Clodsire, F|100/100
|move|p1a: Zapdos|Hurricane|p2a: Clodsire
|-damage|p2a: Clodsire|74/100
|
|turn|36
|
|switch|p1a: Garganacl|Garganacl, M|88/100
|-damage|p1a: Garganacl|75/100|[from] Stealth Rock
|move|p2a: Clodsire|Toxic|p1a: Garganacl
|-immune|p1a: Garganacl|[from] ability: Purifying Salt
|
|-heal|p1a: Garganacl|82/100|[from] item: Leftovers
|turn|37
|
|switch|p1a: Scream Tail|Scream Tail|100/100
|-damage|p1a: Scream Tail|88/100|[from] Stealth Rock
|switch|p2a: Alomomola|Alomomola, M|100/100
|
|-heal|p1a: Scream Tail|94/100|[from] item: Leftovers
|turn|38
|
|switch|p2a: Slowking|Slowking-Galar, M, tera:Water|94/100
|move|p1a: Scream Tail|Wish|p1a: Scream Tail
|
|-heal|p1a: Scream Tail|100/100|[from] item: Leftovers
|turn|39
|
|-end|p1a: Scream Tail|Protosynthesis|[silent]
|switch|p1a: Zamazenta|Zamazenta-Crowned|81/100
|-damage|p1a: Zamazenta|78/100|[from] Stealth Rock
|move|p2a: Slowking|Sludge Bomb|p1a: Zamazenta
|-immune|p1a: Zamazenta
|
|-heal|p1a: Zamazenta|100/100|[from] move: Wish|[wisher] Scream Tail
|turn|40
|
|switch|p2a: Corviknight|Corviknight, F|100/100
|-damage|p2a: Corviknight|88/100|[from] Stealth Rock
|-ability|p2a: Corviknight|Pressure
|move|p1a: Zamazenta|Iron Defense|p1a: Zamazenta
|-boost|p1a: Zamazenta|def|2
|
|turn|41
|
|move|p1a: Zamazenta|Body Press|p2a: Corviknight
|-damage|p2a: Corviknight|43/100
|-damage|p1a: Zamazenta|84/100|[from] item: Rocky Helmet|[of] p2a: Corviknight
|move|p2a: Corviknight|Iron Defense|p2a: Corviknight
|-boost|p2a: Corviknight|def|2
|
|turn|42
|
|switch|p1a: Zapdos|Zapdos|100/100
|move|p2a: Corviknight|Roost|p2a: Corviknight
|-heal|p2a: Corviknight|93/100
|-singleturn|p2a: Corviknight|move: Roost
|
|turn|43
|
|switch|p2a: Clodsire|Clodsire, F|74/100
|move|p1a: Zapdos|Volt Switch|p2a: Clodsire
|-immune|p2a: Clodsire
|
|turn|44
|
|switch|p1a: Garganacl|Garganacl, M|82/100
|-damage|p1a: Garganacl|69/100|[from] Stealth Rock
|move|p2a: Clodsire|Spikes|p1a: Garganacl
|-sidestart|p1: p1|Spikes
|
|-heal|p1a: Garganacl|75/100|[from] item: Leftovers
|turn|45
|
|switch|p2a: Alomomola|Alomomola, M|100/100
|move|p1a: Garganacl|Salt Cure|p2a: Alomomola
|-damage|p2a: Alomomola|93/100
|-start|p2a: Alomomola|Salt Cure
|
|-heal|p1a: Garganacl|82/100|[from] item: Leftovers
|-damage|p2a: Alomomola|68/100|[from] Salt Cure
|turn|46
|
|switch|p2a: Slowking|Slowking-Galar, M, tera:Water|100/100
|switch|p1a: Zamazenta|Zamazenta-Crowned|84/100
|-damage|p1a: Zamazenta|81/100|[from] Stealth Rock
|-damage|p1a: Zamazenta|69/100|[from] Spikes
|
|turn|47
|
|switch|p2a: Corviknight|Corviknight, F|93/100
|-damage|p2a: Corviknight|80/100|[from] Stealth Rock
|-ability|p2a: Corviknight|Pressure
|move|p1a: Zamazenta|Iron Defense|p1a: Zamazenta
|-boost|p1a: Zamazenta|def|2
|
|turn|48
|
|move|p1a: Zamazenta|Body Press|p2a: Corviknight
|-damage|p2a: Corviknight|31/100
|-damage|p1a: Zamazenta|52/100|[from] item: Rocky Helmet|[of] p2a: Corviknight
|move|p2a: Corviknight|Iron Defense|p2a: Corviknight
|-boost|p2a: Corviknight|def|2
|
|turn|49
|
|switch|p1a: Scream Tail|Scream Tail|100/100
|-damage|p1a: Scream Tail|88/100|[from] Stealth Rock
|-damage|p1a: Scream Tail|76/100|[from] Spikes
|move|p2a: Corviknight|Roost|p2a: Corviknight
|-heal|p2a: Corviknight|81/100
|-singleturn|p2a: Corviknight|move: Roost
|
|-heal|p1a: Scream Tail|82/100|[from] item: Leftovers
|turn|50
|
|move|p1a: Scream Tail|Wish|p1a: Scream Tail
|move|p2a: Corviknight|Iron Defense|p2a: Corviknight
|-boost|p2a: Corviknight|def|2
|
|-heal|p1a: Scream Tail|88/100|[from] item: Leftovers
|turn|51
|
|move|p1a: Scream Tail|Dazzling Gleam|p2a: Corviknight
|-resisted|p2a: Corviknight
|-damage|p2a: Corviknight|72/100
|move|p2a: Corviknight|Body Press|p1a: Scream Tail
|-resisted|p1a: Scream Tail
|-damage|p1a: Scream Tail|72/100
|
|-heal|p1a: Scream Tail|100/100|[from] move: Wish|[wisher] Scream Tail
|turn|52
|
|move|p1a: Scream Tail|Encore|p2a: Corviknight
|-start|p2a: Corviknight|Encore
|move|p2a: Corviknight|Body Press|p1a: Scream Tail
|-resisted|p1a: Scream Tail
|-damage|p1a: Scream Tail|84/100
|
|-heal|p1a: Scream Tail|90/100|[from] item: Leftovers
|turn|53
|
|move|p1a: Scream Tail|Wish|p1a: Scream Tail
|move|p2a: Corviknight|Body Press|p1a: Scream Tail
|-resisted|p1a: Scream Tail
|-damage|p1a: Scream Tail|75/100
|
|-heal|p1a: Scream Tail|82/100|[from] item: Leftovers
|turn|54
|
|-end|p1a: Scream Tail|Protosynthesis|[silent]
|switch|p1a: Basculegion|Basculegion-F, F|88/100
|-damage|p1a: Basculegion|76/100|[from] Stealth Rock
|-damage|p1a: Basculegion|64/100|[from] Spikes
|move|p2a: Corviknight|Body Press|p1a: Basculegion
|-immune|p1a: Basculegion
|
|-heal|p1a: Basculegion|100/100|[from] move: Wish|[wisher] Scream Tail
|-end|p2a: Corviknight|Encore
|turn|55
|
|switch|p2a: Slowking|Slowking-Galar, M, tera:Water|100/100
|move|p1a: Basculegion|Shadow Ball|p2a: Slowking
|-damage|p2a: Slowking|55/100
|
|turn|56
|
|switch|p2a: Blissey|Blissey, F|100/100
|move|p1a: Basculegion|Shadow Ball|p2a: Blissey
|-immune|p2a: Blissey
|
|turn|57
|
|switch|p1a: Garganacl|Garganacl, M|82/100
|-damage|p1a: Garganacl|69/100|[from] Stealth Rock
|-damage|p1a: Garganacl|57/100|[from] Spikes
|move|p2a: Blissey|Seismic Toss|p1a: Garganacl
|-damage|p1a: Garganacl|32/100
|
|-heal|p1a: Garganacl|38/100|[from] item: Leftovers
|turn|58
|
|switch|p2a: Alomomola|Alomomola, M|100/100
|move|p1a: Garganacl|Recover|p1a: Garganacl
|-heal|p1a: Garganacl|88/100
|
|-heal|p1a: Garganacl|95/100|[from] item: Leftovers
|turn|59
|
|move|p2a: Alomomola|Wish|p2a: Alomomola
|move|p1a: Garganacl|Salt Cure|p2a: Alomomola
|-damage|p2a: Alomomola|94/100
|-start|p2a: Alomomola|Salt Cure
|
|-heal|p1a: Garganacl|100/100|[from] item: Leftovers
|-damage|p2a: Alomomola|69/100|[from] Salt Cure
|turn|60
|
|switch|p2a: Slowking|Slowking-Galar, M, tera:Water|89/100
|switch|p1a: Scream Tail|Scream Tail|82/100
|-damage|p1a: Scream Tail|69/100|[from] Stealth Rock
|-damage|p1a: Scream Tail|57/100|[from] Spikes
|
|-heal|p2a: Slowking|100/100|[from] move: Wish|[wisher] Alomomola
|-heal|p1a: Scream Tail|63/100|[from] item: Leftovers
|turn|61
|
|move|p1a: Scream Tail|Protect|p1a: Scream Tail
|-singleturn|p1a: Scream Tail|Protect
|move|p2a: Slowking|Sludge Bomb|p1a: Scream Tail
|-activate|p1a: Scream Tail|move: Protect
|
|-heal|p1a: Scream Tail|69/100|[from] item: Leftovers
|turn|62
|
|-end|p1a: Scream Tail|Protosynthesis|[silent]
|switch|p1a: Garganacl|Garganacl, M|100/100
|-damage|p1a: Garganacl|88/100|[from] Stealth Rock
|-damage|p1a: Garganacl|76/100|[from] Spikes
|move|p2a: Slowking|Sludge Bomb|p1a: Garganacl
|-resisted|p1a: Garganacl
|-damage|p1a: Garganacl|65/100
|
|-heal|p1a: Garganacl|71/100|[from] item: Leftovers
|turn|63
|
|switch|p1a: Maushold|Maushold|100/100
|-damage|p1a: Maushold|88/100|[from] Stealth Rock
|-damage|p1a: Maushold|76/100|[from] Spikes
|switch|p2a: Alomomola|Alomomola, M|100/100
|
|turn|64
|
|move|p1a: Maushold|Tidy Up|p1a: Maushold
|-sideend|p1: p1|Spikes
|-sideend|p1: p1|Stealth Rock
|-sideend|p2: p2|Stealth Rock
|-activate|p1a: Maushold|move: Tidy Up
|-boost|p1a: Maushold|atk|1
|-boost|p1a: Maushold|spe|1
|move|p2a: Alomomola|Whirlpool|p1a: Maushold
|-damage|p1a: Maushold|66/100
|-activate|p1a: Maushold|move: Whirlpool|[of] p2a: Alomomola
|
|-damage|p1a: Maushold|54/100|[from] move: Whirlpool|[partiallytrapped]
|turn|65
|
|move|p1a: Maushold|Tidy Up|p1a: Maushold
|-boost|p1a: Maushold|atk|1
|-boost|p1a: Maushold|spe|1
|move|p2a: Alomomola|Chilling Water|p1a: Maushold
|-damage|p1a: Maushold|40/100
|-unboost|p1a: Maushold|atk|1
|
|-damage|p1a: Maushold|28/100|[from] move: Whirlpool|[partiallytrapped]
|turn|66
|
|move|p1a: Maushold|Population Bomb|p2a: Alomomola
|-damage|p2a: Alomomola|91/100
|-damage|p2a: Alomomola|82/100
|-damage|p2a: Alomomola|73/100
|-crit|p2a: Alomomola
|-damage|p2a: Alomomola|59/100
|-damage|p2a: Alomomola|50/100
|-damage|p2a: Alomomola|41/100
|-damage|p2a: Alomomola|31/100
|-damage|p2a: Alomomola|23/100
|-damage|p2a: Alomomola|14/100
|-damage|p2a: Alomomola|5/100
|-hitcount|p2a: Alomomola|10
|move|p2a: Alomomola|Chilling Water|p1a: Maushold
|-damage|p1a: Maushold|14/100
|-unboost|p1a: Maushold|atk|1
|
|-damage|p1a: Maushold|2/100|[from] move: Whirlpool|[partiallytrapped]
|turn|67
|
|move|p2a: Alomomola|Protect|p2a: Alomomola
|-singleturn|p2a: Alomomola|Protect
|move|p1a: Maushold|Tidy Up|p1a: Maushold
|-boost|p1a: Maushold|atk|1
|-boost|p1a: Maushold|spe|1
|
|-damage|p1a: Maushold|0 fnt|[from] move: Whirlpool|[partiallytrapped]
|faint|p1a: Maushold
|
|switch|p1a: Zamazenta|Zamazenta-Crowned|52/100
|turn|68
|
|switch|p2a: Corviknight|Corviknight, F|72/100
|-ability|p2a: Corviknight|Pressure
|move|p1a: Zamazenta|Iron Defense|p1a: Zamazenta
|-boost|p1a: Zamazenta|def|2
|
|turn|69
|
|move|p1a: Zamazenta|Body Press|p2a: Corviknight
|-damage|p2a: Corviknight|27/100
|-damage|p1a: Zamazenta|36/100|[from] item: Rocky Helmet|[of] p2a: Corviknight
|move|p2a: Corviknight|Roost|p2a: Corviknight
|-heal|p2a: Corviknight|77/100
|-singleturn|p2a: Corviknight|move: Roost
|
|turn|70
|
|switch|p1a: Scream Tail|Scream Tail|69/100
|move|p2a: Corviknight|Iron Defense|p2a: Corviknight
|-boost|p2a: Corviknight|def|2
|
|-heal|p1a: Scream Tail|75/100|[from] item: Leftovers
|turn|71
|
|switch|p2a: Alomomola|Alomomola, M|39/100
|move|p1a: Scream Tail|Wish|p1a: Scream Tail
|
|-heal|p1a: Scream Tail|82/100|[from] item: Leftovers
|turn|72
|
|-end|p1a: Scream Tail|Protosynthesis|[silent]
|switch|p1a: Zamazenta|Zamazenta-Crowned|36/100
|move|p2a: Alomomola|Whirlpool|p1a: Zamazenta
|-damage|p1a: Zamazenta|32/100
|-activate|p1a: Zamazenta|move: Whirlpool|[of] p2a: Alomomola
|
|-heal|p1a: Zamazenta|88/100|[from] move: Wish|[wisher] Scream Tail
|-damage|p1a: Zamazenta|75/100|[from] move: Whirlpool|[partiallytrapped]
|turn|73
|
|switch|p2a: Corviknight|Corviknight, F|77/100
|-ability|p2a: Corviknight|Pressure
|move|p1a: Zamazenta|Iron Defense|p1a: Zamazenta
|-boost|p1a: Zamazenta|def|2
|
|-end|p1a: Zamazenta|Whirlpool|[partiallytrapped]|[silent]
|turn|74
|
|move|p1a: Zamazenta|Body Press|p2a: Corviknight
|-damage|p2a: Corviknight|31/100
|-damage|p1a: Zamazenta|59/100|[from] item: Rocky Helmet|[of] p2a: Corviknight
|move|p2a: Corviknight|Iron Defense|p2a: Corviknight
|-boost|p2a: Corviknight|def|2
|
|turn|75
|
|switch|p1a: Basculegion|Basculegion-F, F|100/100
|move|p2a: Corviknight|Roost|p2a: Corviknight
|-heal|p2a: Corviknight|81/100
|-singleturn|p2a: Corviknight|move: Roost
|
|turn|76
|
|switch|p2a: Blissey|Blissey, F|100/100
|move|p1a: Basculegion|Surf|p2a: Blissey
|-damage|p2a: Blissey|78/100
|
|turn|77
|
|switch|p1a: Garganacl|Garganacl, M|71/100
|move|p2a: Blissey|Stealth Rock|p1a: Garganacl
|-sidestart|p1: p1|move: Stealth Rock
|
|-heal|p1a: Garganacl|77/100|[from] item: Leftovers
|turn|78
|
|switch|p2a: Alomomola|Alomomola, M|72/100
|move|p1a: Garganacl|Stealth Rock|p2a: Alomomola
|-sidestart|p2: p2|move: Stealth Rock
|
|-heal|p1a: Garganacl|83/100|[from] item: Leftovers
|turn|79
|
|switch|p2a: Slowking|Slowking-Galar, M, tera:Water|100/100
|move|p1a: Garganacl|Salt Cure|p2a: Slowking
|-damage|p2a: Slowking|87/100
|-start|p2a: Slowking|Salt Cure
|
|-heal|p1a: Garganacl|89/100|[from] item: Leftovers
|-damage|p2a: Slowking|62/100|[from] Salt Cure
|turn|80
|
|switch|p1a: Scream Tail|Scream Tail|82/100
|-damage|p1a: Scream Tail|69/100|[from] Stealth Rock
|switch|p2a: Alomomola|Alomomola, M|100/100
|
|-heal|p1a: Scream Tail|75/100|[from] item: Leftovers
|turn|81
|
|move|p1a: Scream Tail|Protect|p1a: Scream Tail
|-singleturn|p1a: Scream Tail|Protect
|move|p2a: Alomomola|Wish|p2a: Alomomola
|
|-heal|p1a: Scream Tail|82/100|[from] item: Leftovers
|turn|82
|
|switch|p2a: Corviknight|Corviknight, F|81/100
|-damage|p2a: Corviknight|69/100|[from] Stealth Rock
|-ability|p2a: Corviknight|Pressure
|move|p1a: Scream Tail|Wish|p1a: Scream Tail
|
|-heal|p2a: Corviknight|100/100|[from] move: Wish|[wisher] Alomomola
|-heal|p1a: Scream Tail|88/100|[from] item: Leftovers
|turn|83
|
|-end|p1a: Scream Tail|Protosynthesis|[silent]
|switch|p1a: Zamazenta|Zamazenta-Crowned|59/100
|-damage|p1a: Zamazenta|56/100|[from] Stealth Rock
|move|p2a: Corviknight|Body Press|p1a: Zamazenta
|-supereffective|p1a: Zamazenta
|-damage|p1a: Zamazenta|20/100
|
|-heal|p1a: Zamazenta|75/100|[from] move: Wish|[wisher] Scream Tail
|turn|84
|
|switch|p1a: Zapdos|Zapdos|100/100
|move|p2a: Corviknight|Iron Defense|p2a: Corviknight
|-boost|p2a: Corviknight|def|2
|
|turn|85
|
|switch|p2a: Clodsire|Clodsire, F|74/100
|move|p1a: Zapdos|Hurricane|p2a: Clodsire|[miss]
|-miss|p1a: Zapdos|p2a: Clodsire
|
|turn|86
|
|move|p1a: Zapdos|Hurricane|p2a: Clodsire
|-damage|p2a: Clodsire|49/100
|-start|p2a: Clodsire|confusion
|-activate|p2a: Clodsire|confusion
|move|p2a: Clodsire|Spikes|p1a: Zapdos
|-sidestart|p1: p1|Spikes
|
|turn|87
|
|move|p1a: Zapdos|Hurricane|p2a: Clodsire
|-damage|p2a: Clodsire|23/100
|-activate|p2a: Clodsire|confusion
|move|p2a: Clodsire|Recover|p2a: Clodsire
|-heal|p2a: Clodsire|73/100
|
|turn|88
|
|switch|p1a: Garganacl|Garganacl, M|89/100
|-damage|p1a: Garganacl|77/100|[from] Stealth Rock
|-damage|p1a: Garganacl|65/100|[from] Spikes
|-activate|p2a: Clodsire|confusion
|-damage|p2a: Clodsire|66/100|[from] confusion
|
|-heal|p1a: Garganacl|71/100|[from] item: Leftovers
|turn|89
|
|switch|p1a: Zapdos|Zapdos|100/100
|switch|p2a: Alomomola|Alomomola, M|100/100
|
|turn|90
|
|switch|p2a: Clodsire|Clodsire, F|66/100
|move|p1a: Zapdos|Hurricane|p2a: Clodsire
|-damage|p2a: Clodsire|41/100
|
|turn|91
|
|move|p1a: Zapdos|Hurricane|p2a: Clodsire
|-damage|p2a: Clodsire|15/100
|-start|p2a: Clodsire|confusion
|-activate|p2a: Clodsire|confusion
|-damage|p2a: Clodsire|8/100|[from] confusion
|
|turn|92
|
|switch|p2a: Blissey|Blissey, F|78/100
|move|p1a: Zapdos|Hurricane|p2a: Blissey
|-damage|p2a: Blissey|65/100
|
|turn|93
|
|move|p1a: Zapdos|Volt Switch|p2a: Blissey
|-damage|p2a: Blissey|57/100
|
|switch|p1a: Basculegion|Basculegion-F, F|100/100|[from] Volt Switch
|-damage|p1a: Basculegion|88/100|[from] Stealth Rock
|-damage|p1a: Basculegion|76/100|[from] Spikes
|move|p2a: Blissey|Seismic Toss|p1a: Basculegion
|-immune|p1a: Basculegion
|
|turn|94
|
|move|p1a: Basculegion|Surf|p2a: Blissey
|-damage|p2a: Blissey|33/100
|move|p2a: Blissey|Soft-Boiled|p2a: Blissey
|-heal|p2a: Blissey|83/100
|
|turn|95
|
|switch|p2a: Slowking|Slowking-Galar, M, tera:Water|95/100
|move|p1a: Basculegion|Surf|p2a: Slowking
|-resisted|p2a: Slowking
|-damage|p2a: Slowking|69/100
|
|turn|96
|
|switch|p1a: Zamazenta|Zamazenta-Crowned|75/100
|-damage|p1a: Zamazenta|72/100|[from] Stealth Rock
|-damage|p1a: Zamazenta|60/100|[from] Spikes
|move|p2a: Slowking|Psychic|p1a: Zamazenta
|-damage|p1a: Zamazenta|37/100
|
|turn|97
|
|switch|p2a: Corviknight|Corviknight, F|100/100
|-damage|p2a: Corviknight|88/100|[from] Stealth Rock
|-ability|p2a: Corviknight|Pressure
|move|p1a: Zamazenta|Iron Defense|p1a: Zamazenta
|-boost|p1a: Zamazenta|def|2
|
|turn|98
|
|switch|p1a: Zapdos|Zapdos|100/100
|move|p2a: Corviknight|Iron Defense|p2a: Corviknight
|-boost|p2a: Corviknight|def|2
|
|turn|99
|
|switch|p2a: Blissey|Blissey, F|83/100
|move|p1a: Zapdos|Thunderbolt|p2a: Blissey
|-damage|p2a: Blissey|73/100
|
|turn|100
|
|move|p1a: Zapdos|Thunderbolt|p2a: Blissey
|-damage|p2a: Blissey|61/100
|move|p2a: Blissey|Seismic Toss|p1a: Zapdos
|-damage|p1a: Zapdos|74/100
|
|turn|101
|
|move|p1a: Zapdos|Thunderbolt|p2a: Blissey
|-damage|p2a: Blissey|50/100
|move|p2a: Blissey|Soft-Boiled|p2a: Blissey
|-heal|p2a: Blissey|99/100
|
|turn|102
|
|move|p1a: Zapdos|Thunderbolt|p2a: Blissey
|-crit|p2a: Blissey
|-damage|p2a: Blissey|82/100
|move|p2a: Blissey|Seismic Toss|p1a: Zapdos
|-damage|p1a: Zapdos|48/100
|
|turn|103
|
|move|p1a: Zapdos|Thunderbolt|p2a: Blissey
|-damage|p2a: Blissey|70/100
|move|p2a: Blissey|Seismic Toss|p1a: Zapdos
|-damage|p1a: Zapdos|22/100
|
|turn|104
|
|move|p1a: Zapdos|Roost|p1a: Zapdos
|-heal|p1a: Zapdos|72/100
|-singleturn|p1a: Zapdos|move: Roost
|move|p2a: Blissey|Seismic Toss|p1a: Zapdos
|-damage|p1a: Zapdos|46/100
|
|turn|105
|
|move|p1a: Zapdos|Roost|p1a: Zapdos
|-heal|p1a: Zapdos|96/100
|-singleturn|p1a: Zapdos|move: Roost
|move|p2a: Blissey|Seismic Toss|p1a: Zapdos
|-damage|p1a: Zapdos|70/100
|
|turn|106
|
|move|p1a: Zapdos|Thunderbolt|p2a: Blissey
|-damage|p2a: Blissey|59/100
|move|p2a: Blissey|Seismic Toss|p1a: Zapdos
|-damage|p1a: Zapdos|44/100
|-status|p2a: Blissey|par|[from] ability: Static|[of] p1a: Zapdos
|
|turn|107
|
|move|p1a: Zapdos|Thunderbolt|p2a: Blissey
|-damage|p2a: Blissey|48/100 par
|move|p2a: Blissey|Seismic Toss|p1a: Zapdos
|-damage|p1a: Zapdos|18/100
|
|turn|108
|
|move|p1a: Zapdos|Roost|p1a: Zapdos
|-heal|p1a: Zapdos|68/100
|-singleturn|p1a: Zapdos|move: Roost
|move|p2a: Blissey|Seismic Toss|p1a: Zapdos
|-damage|p1a: Zapdos|42/100
|
|turn|109
|
|move|p1a: Zapdos|Thunderbolt|p2a: Blissey
|-damage|p2a: Blissey|37/100 par
|move|p2a: Blissey|Heal Bell|p2a: Blissey
|-activate|p2a: Blissey|move: Heal Bell
|-curestatus|p2a: Blissey|par|[msg]
|
|turn|110
|
|move|p1a: Zapdos|Thunderbolt|p2a: Blissey
|-damage|p2a: Blissey|26/100
|move|p2a: Blissey|Soft-Boiled|p2a: Blissey
|-heal|p2a: Blissey|76/100
|
|turn|111
|
|move|p1a: Zapdos|Roost|p1a: Zapdos
|-heal|p1a: Zapdos|92/100
|-singleturn|p1a: Zapdos|move: Roost
|move|p2a: Blissey|Seismic Toss|p1a: Zapdos
|-damage|p1a: Zapdos|66/100
|
|turn|112
|
|switch|p2a: Clodsire|Clodsire, F|8/100
|move|p1a: Zapdos|Volt Switch|p2a: Clodsire
|-immune|p2a: Clodsire
|
|turn|113
|
|move|p1a: Zapdos|Hurricane|p2a: Clodsire
|-damage|p2a: Clodsire|0 fnt
|faint|p2a: Clodsire
|
|
|switch|p2a: Blissey|Blissey, F|76/100
|turn|114
|
|move|p1a: Zapdos|Volt Switch|p2a: Blissey
|-damage|p2a: Blissey|67/100
|
|switch|p1a: Basculegion|Basculegion-F, F|76/100|[from] Volt Switch
|-damage|p1a: Basculegion|64/100|[from] Stealth Rock
|-damage|p1a: Basculegion|51/100|[from] Spikes
|move|p2a: Blissey|Seismic Toss|p1a: Basculegion
|-immune|p1a: Basculegion
|
|turn|115
|
|switch|p2a: Slowking|Slowking-Galar, M, tera:Water|100/100
|move|p1a: Basculegion|Shadow Ball|p2a: Slowking
|-damage|p2a: Slowking|55/100
|
|turn|116
|
|move|p1a: Basculegion|Shadow Ball|p2a: Slowking
|-damage|p2a: Slowking|10/100
|move|p2a: Slowking|Psychic|p1a: Basculegion
|-damage|p1a: Basculegion|15/100
|
|turn|117
|
|switch|p2a: Blissey|Blissey, F|67/100
|move|p1a: Basculegion|Shadow Ball|p2a: Blissey
|-immune|p2a: Blissey
|
|turn|118
|
|switch|p1a: Zapdos|Zapdos|66/100
|move|p2a: Blissey|Stealth Rock||[still]
|-fail|p2a: Blissey
|
|turn|119
|
|move|p1a: Zapdos|Thunderbolt|p2a: Blissey
|-damage|p2a: Blissey|57/100
|move|p2a: Blissey|Seismic Toss|p1a: Zapdos
|-damage|p1a: Zapdos|40/100
|
|turn|120
|
|move|p1a: Zapdos|Roost|p1a: Zapdos
|-heal|p1a: Zapdos|90/100
|-singleturn|p1a: Zapdos|move: Roost
|move|p2a: Blissey|Seismic Toss|p1a: Zapdos
|-damage|p1a: Zapdos|64/100
|-status|p2a: Blissey|par|[from] ability: Static|[of] p1a: Zapdos
|
|turn|121
|
|move|p1a: Zapdos|Volt Switch|p2a: Blissey
|-damage|p2a: Blissey|48/100 par
|
|switch|p1a: Scream Tail|Scream Tail|88/100|[from] Volt Switch
|-damage|p1a: Scream Tail|75/100|[from] Stealth Rock
|-damage|p1a: Scream Tail|63/100|[from] Spikes
|move|p2a: Blissey|Heal Bell|p2a: Blissey
|-activate|p2a: Blissey|move: Heal Bell
|-curestatus|p2a: Blissey|par|[msg]
|
|-heal|p1a: Scream Tail|69/100|[from] item: Leftovers
|turn|122
|
|switch|p2a: Alomomola|Alomomola, M|100/100
|move|p1a: Scream Tail|Protect||[still]
|-fail|p1a: Scream Tail
|
|-heal|p1a: Scream Tail|75/100|[from] item: Leftovers
|turn|123
|
|move|p1a: Scream Tail|Wish|p1a: Scream Tail
|move|p2a: Alomomola|Wish|p2a: Alomomola
|
|-heal|p1a: Scream Tail|82/100|[from] item: Leftovers
|turn|124
|
|-end|p1a: Scream Tail|Protosynthesis|[silent]
|switch|p1a: Zamazenta|Zamazenta-Crowned|37/100
|-damage|p1a: Zamazenta|33/100|[from] Stealth Rock
|-damage|p1a: Zamazenta|21/100|[from] Spikes
|switch|p2a: Blissey|Blissey, F|48/100
|
|-heal|p1a: Zamazenta|77/100|[from] move: Wish|[wisher] Scream Tail
|-heal|p2a: Blissey|85/100|[from] move: Wish|[wisher] Alomomola
|turn|125
|
|switch|p2a: Corviknight|Corviknight, F|88/100
|-damage|p2a: Corviknight|75/100|[from] Stealth Rock
|-ability|p2a: Corviknight|Pressure
|move|p1a: Zamazenta|Iron Defense|p1a: Zamazenta
|-boost|p1a: Zamazenta|def|2
|
|turn|126
|
|move|p1a: Zamazenta|Iron Defense|p1a: Zamazenta
|-boost|p1a: Zamazenta|def|2
|move|p2a: Corviknight|Iron Defense|p2a: Corviknight
|-boost|p2a: Corviknight|def|2
|
|turn|127
|
|switch|p1a: Zapdos|Zapdos|64/100
|move|p2a: Corviknight|Iron Defense|p2a: Corviknight
|-boost|p2a: Corviknight|def|2
|
|turn|128
|
|switch|p2a: Blissey|Blissey, F|85/100
|move|p1a: Zapdos|Volt Switch|p2a: Blissey
|-damage|p2a: Blissey|77/100
|
|switch|p1a: Zamazenta|Zamazenta-Crowned|77/100|[from] Volt Switch
|-damage|p1a: Zamazenta|74/100|[from] Stealth Rock
|-damage|p1a: Zamazenta|62/100|[from] Spikes
|
|turn|129
|
|switch|p2a: Corviknight|Corviknight, F|75/100
|-damage|p2a: Corviknight|63/100|[from] Stealth Rock
|-ability|p2a: Corviknight|Pressure
|move|p1a: Zamazenta|Iron Defense|p1a: Zamazenta
|-boost|p1a: Zamazenta|def|2
|
|turn|130
|
|move|p1a: Zamazenta|Iron Defense|p1a: Zamazenta
|-boost|p1a: Zamazenta|def|2
|move|p2a: Corviknight|Roost|p2a: Corviknight
|-heal|p2a: Corviknight|100/100
|-singleturn|p2a: Corviknight|move: Roost
|
|turn|131
|
|move|p1a: Zamazenta|Body Press|p2a: Corviknight
|-damage|p2a: Corviknight|30/100
|-damage|p1a: Zamazenta|45/100|[from] item: Rocky Helmet|[of] p2a: Corviknight
|move|p2a: Corviknight|Iron Defense|p2a: Corviknight
|-boost|p2a: Corviknight|def|2
|
|turn|132
|
|move|p1a: Zamazenta|Body Press|p2a: Corviknight
|-damage|p2a: Corviknight|0 fnt
|-damage|p1a: Zamazenta|29/100|[from] item: Rocky Helmet|[of] p2a: Corviknight
|faint|p2a: Corviknight
|
|
|switch|p2a: Tauros|Tauros-Paldea-Aqua, M|100/100
|-ability|p2a: Tauros|Intimidate|boost
|-unboost|p1a: Zamazenta|atk|1
|turn|133
|
|move|p1a: Zamazenta|Body Press|p2a: Tauros
|-damage|p2a: Tauros|19/100
|move|p2a: Tauros|Body Press|p1a: Zamazenta
|-supereffective|p1a: Zamazenta
|-damage|p1a: Zamazenta|13/100
|
|turn|134
|
|move|p1a: Zamazenta|Body Press|p2a: Tauros
|-damage|p2a: Tauros|0 fnt
|faint|p2a: Tauros
|
|
|switch|p2a: Alomomola|Alomomola, M|100/100
|turn|135
|
|move|p2a: Alomomola|Protect|p2a: Alomomola
|-singleturn|p2a: Alomomola|Protect
|move|p1a: Zamazenta|Iron Defense|p1a: Zamazenta
|-boost|p1a: Zamazenta|def|2
|
|turn|136
|
|move|p1a: Zamazenta|Body Press|p2a: Alomomola
|-damage|p2a: Alomomola|20/100
|move|p2a: Alomomola|Wish|p2a: Alomomola
|
|turn|137
|
|move|p2a: Alomomola|Protect|p2a: Alomomola
|-singleturn|p2a: Alomomola|Protect
|move|p1a: Zamazenta|Crunch|p2a: Alomomola
|-activate|p2a: Alomomola|move: Protect
|
|-heal|p2a: Alomomola|70/100|[from] move: Wish|[wisher] Alomomola
|turn|138
|
|move|p2a: Alomomola|Protect|p2a: Alomomola
|-singleturn|p2a: Alomomola|Protect
|move|p1a: Zamazenta|Body Press|p2a: Alomomola
|-activate|p2a: Alomomola|move: Protect
|
|turn|139
|
|switch|p1a: Zapdos|Zapdos|64/100
|move|p2a: Alomomola|Wish|p2a: Alomomola
|
|turn|140
|
|switch|p2a: Blissey|Blissey, F|77/100
|move|p1a: Zapdos|Volt Switch|p2a: Blissey
|-damage|p2a: Blissey|67/100
|
|switch|p1a: Garganacl|Garganacl, M|71/100|[from] Volt Switch
|-damage|p1a: Garganacl|58/100|[from] Stealth Rock
|-damage|p1a: Garganacl|46/100|[from] Spikes
|
|-heal|p2a: Blissey|100/100|[from] move: Wish|[wisher] Alomomola
|-heal|p1a: Garganacl|52/100|[from] item: Leftovers
|turn|141
|
|switch|p2a: Alomomola|Alomomola, M|100/100
|move|p1a: Garganacl|Salt Cure|p2a: Alomomola
|-damage|p2a: Alomomola|93/100
|-start|p2a: Alomomola|Salt Cure
|
|-heal|p1a: Garganacl|58/100|[from] item: Leftovers
|-damage|p2a: Alomomola|68/100|[from] Salt Cure
|turn|142
|
|move|p2a: Alomomola|Wish|p2a: Alomomola
|move|p1a: Garganacl|Salt Cure|p2a: Alomomola
|-damage|p2a: Alomomola|60/100
|
|-heal|p1a: Garganacl|65/100|[from] item: Leftovers
|-damage|p2a: Alomomola|36/100|[from] Salt Cure
|turn|143
|
|switch|p2a: Slowking|Slowking-Galar, M, tera:Water|43/100
|move|p1a: Garganacl|Stealth Rock||[still]
|-fail|p1a: Garganacl
|
|-heal|p2a: Slowking|100/100|[from] move: Wish|[wisher] Alomomola
|-heal|p1a: Garganacl|71/100|[from] item: Leftovers
|turn|144
|
|move|p1a: Garganacl|Salt Cure|p2a: Slowking
|-damage|p2a: Slowking|87/100
|-start|p2a: Slowking|Salt Cure
|move|p2a: Slowking|Psychic|p1a: Garganacl
|-damage|p1a: Garganacl|48/100
|
|-heal|p1a: Garganacl|54/100|[from] item: Leftovers
|-damage|p2a: Slowking|62/100|[from] Salt Cure
|turn|145
|
|switch|p1a: Zapdos|Zapdos|64/100
|switch|p2a: Alomomola|Alomomola, M|69/100
|
|turn|146
|
|move|p2a: Alomomola|Protect|p2a: Alomomola
|-singleturn|p2a: Alomomola|Protect
|move|p1a: Zapdos|Volt Switch|p2a: Alomomola
|-activate|p2a: Alomomola|move: Protect
|
|turn|147
|
|switch|p2a: Blissey|Blissey, F|100/100
|move|p1a: Zapdos|Volt Switch|p2a: Blissey
|-damage|p2a: Blissey|92/100
|
|switch|p1a: Scream Tail|Scream Tail|82/100|[from] Volt Switch
|-damage|p1a: Scream Tail|69/100|[from] Stealth Rock
|-damage|p1a: Scream Tail|57/100|[from] Spikes
|
|-heal|p1a: Scream Tail|63/100|[from] item: Leftovers
|turn|148
|
|switch|p2a: Slowking|Slowking-Galar, M, tera:Water|96/100
|move|p1a: Scream Tail|Protect||[still]
|-fail|p1a: Scream Tail
|
|-heal|p1a: Scream Tail|69/100|[from] item: Leftovers
|turn|149
|
|move|p1a: Scream Tail|Protect|p1a: Scream Tail
|-singleturn|p1a: Scream Tail|Protect
|move|p2a: Slowking|Sludge Bomb|p1a: Scream Tail
|-activate|p1a: Scream Tail|move: Protect
|
|-heal|p1a: Scream Tail|75/100|[from] item: Leftovers
|turn|150
|
|move|p1a: Scream Tail|Wish|p1a: Scream Tail
|move|p2a: Slowking|Substitute|p2a: Slowking
|-start|p2a: Slowking|Substitute
|-damage|p2a: Slowking|71/100
|
|-heal|p1a: Scream Tail|82/100|[from] item: Leftovers
|turn|151
|
|move|p1a: Scream Tail|Encore|p2a: Slowking
|-start|p2a: Slowking|Encore
|move|p2a: Slowking|Substitute|p2a: Slowking
|-fail|p2a: Slowking|move: Substitute
|
|-heal|p1a: Scream Tail|100/100|[from] move: Wish|[wisher] Scream Tail
|turn|152
|
|-end|p1a: Scream Tail|Protosynthesis|[silent]
|switch|p1a: Garganacl|Garganacl, M|54/100
|-damage|p1a: Garganacl|41/100|[from] Stealth Rock
|-damage|p1a: Garganacl|29/100|[from] Spikes
|switch|p2a: Alomomola|Alomomola, M|100/100
|
|-heal|p1a: Garganacl|35/100|[from] item: Leftovers
|turn|153
|
|move|p2a: Alomomola|Whirlpool|p1a: Garganacl
|-supereffective|p1a: Garganacl
|-damage|p1a: Garganacl|26/100
|-activate|p1a: Garganacl|move: Whirlpool|[of] p2a: Alomomola
|move|p1a: Garganacl|Recover|p1a: Garganacl
|-heal|p1a: Garganacl|76/100
|
|-heal|p1a: Garganacl|82/100|[from] item: Leftovers
|-damage|p1a: Garganacl|70/100|[from] move: Whirlpool|[partiallytrapped]
|turn|154
|
|move|p2a: Alomomola|Chilling Water|p1a: Garganacl
|-supereffective|p1a: Garganacl
|-damage|p1a: Garganacl|58/100
|-unboost|p1a: Garganacl|atk|1
|move|p1a: Garganacl|Stealth Rock||[still]
|-fail|p1a: Garganacl
|
|-heal|p1a: Garganacl|64/100|[from] item: Leftovers
|-damage|p1a: Garganacl|51/100|[from] move: Whirlpool|[partiallytrapped]
|turn|155
|
|move|p2a: Alomomola|Chilling Water|p1a: Garganacl
|-supereffective|p1a: Garganacl
|-damage|p1a: Garganacl|39/100
|-unboost|p1a: Garganacl|atk|1
|move|p1a: Garganacl|Salt Cure|p2a: Alomomola
|-damage|p2a: Alomomola|97/100
|-start|p2a: Alomomola|Salt Cure
|
|-heal|p1a: Garganacl|45/100|[from] item: Leftovers
|-damage|p2a: Alomomola|72/100|[from] Salt Cure
|-damage|p1a: Garganacl|33/100|[from] move: Whirlpool|[partiallytrapped]
|turn|156
|
|switch|p2a: Slowking|Slowking-Galar, M, tera:Water|100/100
|move|p1a: Garganacl|Recover|p1a: Garganacl
|-heal|p1a: Garganacl|83/100
|
|-heal|p1a: Garganacl|89/100|[from] item: Leftovers
|-end|p1a: Garganacl|Whirlpool|[partiallytrapped]|[silent]
|turn|157
|
|switch|p1a: Zapdos|Zapdos|64/100
|switch|p2a: Alomomola|Alomomola, M|100/100
|
|turn|158
|
|switch|p2a: Blissey|Blissey, F|92/100
|-terastallize|p1a: Zapdos|Electric
|move|p1a: Zapdos|Thunderbolt|p2a: Blissey
|-damage|p2a: Blissey|78/100
|
|turn|159
|
|move|p1a: Zapdos|Volt Switch|p2a: Blissey
|-damage|p2a: Blissey|67/100
|
|switch|p1a: Scream Tail|Scream Tail|100/100|[from] Volt Switch
|-damage|p1a: Scream Tail|88/100|[from] Stealth Rock
|-damage|p1a: Scream Tail|76/100|[from] Spikes
|move|p2a: Blissey|Seismic Toss|p1a: Scream Tail
|-damage|p1a: Scream Tail|53/100
|
|-heal|p1a: Scream Tail|59/100|[from] item: Leftovers
|turn|160
|
|switch|p2a: Slowking|Slowking-Galar, M, tera:Water|100/100
|move|p1a: Scream Tail|Encore||[still]
|-fail|p1a: Scream Tail
|
|-heal|p1a: Scream Tail|65/100|[from] item: Leftovers
|turn|161
|
|-end|p1a: Scream Tail|Protosynthesis|[silent]
|switch|p1a: Garganacl|Garganacl, M|89/100
|-damage|p1a: Garganacl|77/100|[from] Stealth Rock
|-damage|p1a: Garganacl|64/100|[from] Spikes
|move|p2a: Slowking|Psychic|p1a: Garganacl
|-damage|p1a: Garganacl|38/100
|
|-heal|p1a: Garganacl|44/100|[from] item: Leftovers
|turn|162
|
|switch|p2a: Alomomola|Alomomola, M|100/100
|move|p1a: Garganacl|Recover|p1a: Garganacl
|-heal|p1a: Garganacl|94/100
|
|-heal|p1a: Garganacl|100/100|[from] item: Leftovers
|turn|163
|
|switch|p1a: Zapdos|Zapdos, tera:Electric|64/100
|move|p2a: Alomomola|Wish|p2a: Alomomola
|
|turn|164
|
|switch|p2a: Blissey|Blissey, F|67/100
|move|p1a: Zapdos|Thunderbolt|p2a: Blissey
|-damage|p2a: Blissey|53/100
|
|-heal|p2a: Blissey|90/100|[from] move: Wish|[wisher] Alomomola
|turn|165
|
|move|p1a: Zapdos|Volt Switch|p2a: Blissey
|-damage|p2a: Blissey|79/100
|
|switch|p1a: Garganacl|Garganacl, M|100/100|[from] Volt Switch
|-damage|p1a: Garganacl|88/100|[from] Stealth Rock
|-damage|p1a: Garganacl|76/100|[from] Spikes
|move|p2a: Blissey|Seismic Toss|p1a: Garganacl
|-damage|p1a: Garganacl|51/100
|
|-heal|p1a: Garganacl|57/100|[from] item: Leftovers
|turn|166
|
|switch|p2a: Alomomola|Alomomola, M|100/100
|move|p1a: Garganacl|Salt Cure|p2a: Alomomola
|-damage|p2a: Alomomola|93/100
|-start|p2a: Alomomola|Salt Cure
|
|-heal|p1a: Garganacl|63/100|[from] item: Leftovers
|-damage|p2a: Alomomola|68/100|[from] Salt Cure
|turn|167
|
|switch|p2a: Slowking|Slowking-Galar, M, tera:Water|100/100
|switch|p1a: Zapdos|Zapdos, tera:Electric|64/100
|
|turn|168
|
|switch|p2a: Blissey|Blissey, F|79/100
|move|p1a: Zapdos|Thunderbolt|p2a: Blissey
|-damage|p2a: Blissey|64/100
|
|turn|169
|
|move|p1a: Zapdos|Thunderbolt|p2a: Blissey
|-damage|p2a: Blissey|50/100
|move|p2a: Blissey|Seismic Toss|p1a: Zapdos
|-damage|p1a: Zapdos|38/100
|-status|p2a: Blissey|par|[from] ability: Static|[of] p1a: Zapdos
|
|turn|170
|
|move|p1a: Zapdos|Thunderbolt|p2a: Blissey
|-damage|p2a: Blissey|36/100 par
|move|p2a: Blissey|Seismic Toss|p1a: Zapdos
|-damage|p1a: Zapdos|12/100
|
|turn|171
|
|move|p1a: Zapdos|Roost|p1a: Zapdos
|-heal|p1a: Zapdos|62/100
|move|p2a: Blissey|Heal Bell|p2a: Blissey
|-activate|p2a: Blissey|move: Heal Bell
|-curestatus|p2a: Blissey|par|[msg]
|
|turn|172
|
|move|p1a: Zapdos|Hurricane|p2a: Blissey
|-damage|p2a: Blissey|23/100
|move|p2a: Blissey|Soft-Boiled|p2a: Blissey
|-heal|p2a: Blissey|73/100
|
|turn|173
|
|move|p1a: Zapdos|Hurricane|p2a: Blissey
|-damage|p2a: Blissey|59/100
|move|p2a: Blissey|Seismic Toss|p1a: Zapdos
|-damage|p1a: Zapdos|36/100
|
|turn|174
|
|move|p1a: Zapdos|Roost|p1a: Zapdos
|-heal|p1a: Zapdos|86/100
|move|p2a: Blissey|Seismic Toss|p1a: Zapdos
|-damage|p1a: Zapdos|60/100
|
|turn|175
|
|move|p1a: Zapdos|Volt Switch|p2a: Blissey
|-damage|p2a: Blissey|48/100
|
|switch|p1a: Garganacl|Garganacl, M|63/100|[from] Volt Switch
|-damage|p1a: Garganacl|51/100|[from] Stealth Rock
|-damage|p1a: Garganacl|39/100|[from] Spikes
|move|p2a: Blissey|Seismic Toss|p1a: Garganacl
|-damage|p1a: Garganacl|14/100
|
|-heal|p1a: Garganacl|20/100|[from] item: Leftovers
|turn|176
|
|switch|p2a: Alomomola|Alomomola, M|100/100
|move|p1a: Garganacl|Protect||[still]
|-fail|p1a: Garganacl
|
|-heal|p1a: Garganacl|26/100|[from] item: Leftovers
|turn|177
|
|move|p1a: Garganacl|Protect|p1a: Garganacl
|-singleturn|p1a: Garganacl|Protect
|move|p2a: Alomomola|Whirlpool|p1a: Garganacl
|-activate|p1a: Garganacl|move: Protect
|
|-heal|p1a: Garganacl|32/100|[from] item: Leftovers
|turn|178
|
|move|p2a: Alomomola|Whirlpool|p1a: Garganacl
|-supereffective|p1a: Garganacl
|-damage|p1a: Garganacl|25/100
|-activate|p1a: Garganacl|move: Whirlpool|[of] p2a: Alomomola
|move|p1a: Garganacl|Recover|p1a: Garganacl
|-heal|p1a: Garganacl|75/100
|
|-heal|p1a: Garganacl|81/100|[from] item: Leftovers
|-damage|p1a: Garganacl|68/100|[from] move: Whirlpool|[partiallytrapped]
|turn|179
|
|move|p2a: Alomomola|Protect|p2a: Alomomola
|-singleturn|p2a: Alomomola|Protect
|move|p1a: Garganacl|Salt Cure|p2a: Alomomola
|-activate|p2a: Alomomola|move: Protect
|
|-heal|p1a: Garganacl|75/100|[from] item: Leftovers
|-damage|p1a: Garganacl|62/100|[from] move: Whirlpool|[partiallytrapped]
|turn|180
|
|move|p2a: Alomomola|Chilling Water|p1a: Garganacl
|-supereffective|p1a: Garganacl
|-damage|p1a: Garganacl|49/100
|-unboost|p1a: Garganacl|atk|1
|move|p1a: Garganacl|Salt Cure|p2a: Alomomola
|-damage|p2a: Alomomola|95/100
|-start|p2a: Alomomola|Salt Cure
|
|-heal|p1a: Garganacl|55/100|[from] item: Leftovers
|-damage|p2a: Alomomola|71/100|[from] Salt Cure
|-damage|p1a: Garganacl|43/100|[from] move: Whirlpool|[partiallytrapped]
|turn|181
|
|switch|p2a: Slowking|Slowking-Galar, M, tera:Water|100/100
|move|p1a: Garganacl|Recover|p1a: Garganacl
|-heal|p1a: Garganacl|93/100
|
|-heal|p1a: Garganacl|99/100|[from] item: Leftovers
|-end|p1a: Garganacl|Whirlpool|[partiallytrapped]|[silent]
|turn|182
|
|switch|p1a: Scream Tail|Scream Tail|65/100
|-damage|p1a: Scream Tail|53/100|[from] Stealth Rock
|-damage|p1a: Scream Tail|40/100|[from] Spikes
|move|p2a: Slowking|Sludge Bomb|p1a: Scream Tail
|-supereffective|p1a: Scream Tail
|-damage|p1a: Scream Tail|0 fnt
|faint|p1a: Scream Tail
|-end|p1a: Scream Tail|Protosynthesis|[silent]
|
|
|switch|p1a: Zapdos|Zapdos, tera:Electric|60/100
|turn|183
|
|switch|p2a: Blissey|Blissey, F|48/100
|move|p1a: Zapdos|Thunderbolt|p2a: Blissey
|-crit|p2a: Blissey
|-damage|p2a: Blissey|27/100
|
|turn|184
|
|move|p1a: Zapdos|Hurricane|p2a: Blissey|[miss]
|-miss|p1a: Zapdos|p2a: Blissey
|move|p2a: Blissey|Soft-Boiled|p2a: Blissey
|-heal|p2a: Blissey|77/100
|
|turn|185
|
|move|p1a: Zapdos|Thunderbolt|p2a: Blissey
|-damage|p2a: Blissey|63/100
|-status|p2a: Blissey|par
|cant|p2a: Blissey|par
|
|turn|186
|
|move|p1a: Zapdos|Hurricane|p2a: Blissey|[miss]
|-miss|p1a: Zapdos|p2a: Blissey
|cant|p2a: Blissey|par
|
|turn|187
|
|move|p1a: Zapdos|Hurricane|p2a: Blissey|[miss]
|-miss|p1a: Zapdos|p2a: Blissey
|move|p2a: Blissey|Heal Bell|p2a: Blissey
|-activate|p2a: Blissey|move: Heal Bell
|-curestatus|p2a: Blissey|par|[msg]
|
|turn|188
|
|move|p1a: Zapdos|Hurricane|p2a: Blissey
|-damage|p2a: Blissey|49/100
|move|p2a: Blissey|Seismic Toss|p1a: Zapdos
|-damage|p1a: Zapdos|34/100
|-status|p2a: Blissey|par|[from] ability: Static|[of] p1a: Zapdos
|
|turn|189
|
|move|p1a: Zapdos|Hurricane|p2a: Blissey|[miss]
|-miss|p1a: Zapdos|p2a: Blissey
|move|p2a: Blissey|Heal Bell|p2a: Blissey
|-activate|p2a: Blissey|move: Heal Bell
|-curestatus|p2a: Blissey|par|[msg]
|
|turn|190
|
|move|p1a: Zapdos|Thunderbolt|p2a: Blissey
|-damage|p2a: Blissey|33/100
|move|p2a: Blissey|Seismic Toss|p1a: Zapdos
|-damage|p1a: Zapdos|8/100
|
|turn|191
|
|move|p1a: Zapdos|Thunderbolt|p2a: Blissey
|-damage|p2a: Blissey|19/100
|move|p2a: Blissey|Soft-Boiled|p2a: Blissey
|-heal|p2a: Blissey|69/100
|
|turn|192
|
|move|p1a: Zapdos|Thunderbolt|p2a: Blissey
|-damage|p2a: Blissey|55/100
|move|p2a: Blissey|Seismic Toss|p1a: Zapdos
|-damage|p1a: Zapdos|0 fnt
|-status|p2a: Blissey|par|[from] ability: Static|[of] p1a: Zapdos
|faint|p1a: Zapdos
|
|-message|p1 forfeited.
|
|win|p2
