|poke|p1|Pelipper, M|
|poke|p1|Basculegion, M|
|poke|p1|Regidrago|
|poke|p1|Thundurus-Therian, M|
|poke|p1|Magearna|
|poke|p1|Great Tusk|
|poke|p2|Landorus-Therian, M|
|poke|p2|Corviknight, F|
|poke|p2|Slowking-Galar, M|
|poke|p2|Chien-Pao|
|poke|p2|Magearna|
|poke|p2|Volcarona, F|
|teampreview
|
|start
|switch|p1a: Regidrago|Regidrago|100/100
|switch|p2a: Landorus|Landorus-Therian, M, shiny|100/100
|-ability|p2a: Landorus|Intimidate|boost
|-unboost|p1a: Regidrago|atk|1
|turn|1
|
|switch|p2a: Magearna|Magearna|100/100
|move|p1a: Regidrago|Dragon Energy|p2a: Magearna
|-immune|p2a: Magearna
|
|turn|2
|
|switch|p1a: Magearna|Magearna|100/100
|move|p2a: Magearna|Calm Mind|p2a: Magearna
|-boost|p2a: Magearna|spa|1
|-boost|p2a: Magearna|spd|1
|
|turn|3
|
|move|p1a: Magearna|Volt Switch|p2a: Magearna
|-damage|p2a: Magearna|91/100
|
|switch|p1a: Great Tusk|Great Tusk|100/100|[from] Volt Switch
|-enditem|p1a: Great Tusk|Booster Energy
|-activate|p1a: Great Tusk|ability: Protosynthesis|[fromitem]
|-start|p1a: Great Tusk|protosynthesisspe
|move|p2a: Magearna|Iron Defense|p2a: Magearna
|-boost|p2a: Magearna|def|2
|
|-heal|p2a: Magearna|97/100|[from] item: Leftovers
|turn|4
|
|-terastallize|p1a: Great Tusk|Steel
|-terastallize|p2a: Magearna|Flying
|move|p1a: Great Tusk|Headlong Rush|p2a: Magearna
|-immune|p2a: Magearna
|move|p2a: Magearna|Calm Mind|p2a: Magearna
|-boost|p2a: Magearna|spa|1
|-boost|p2a: Magearna|spd|1
|
|-heal|p2a: Magearna|100/100|[from] item: Leftovers
|turn|5
|
|move|p1a: Great Tusk|Knock Off|p2a: Magearna
|-damage|p2a: Magearna|90/100
|-enditem|p2a: Magearna|Leftovers|[from] move: Knock Off|[of] p1a: Great Tusk
|move|p2a: Magearna|Iron Defense|p2a: Magearna
|-boost|p2a: Magearna|def|2
|
|turn|6
|
|move|p1a: Great Tusk|Stealth Rock|p2a: Magearna
|-sidestart|p2: Victitor0512|move: Stealth Rock
|move|p2a: Magearna|Calm Mind|p2a: Magearna
|-boost|p2a: Magearna|spa|1
|-boost|p2a: Magearna|spd|1
|
|turn|7
|
|-end|p1a: Great Tusk|Protosynthesis|[silent]
|switch|p1a: Pelipper|Pelipper, M|100/100
|-weather|RainDance|[from] ability: Drizzle|[of] p1a: Pelipper
|move|p2a: Magearna|Iron Defense|p2a: Magearna
|-boost|p2a: Magearna|def|2
|
|-weather|RainDance|[upkeep]
|turn|8
|
|move|p2a: Magearna|Draining Kiss|p1a: Pelipper
|-damage|p1a: Pelipper|47/100
|-heal|p2a: Magearna|100/100|[from] drain|[of] p1a: Pelipper
|move|p1a: Pelipper|U-turn|p2a: Magearna
|-resisted|p2a: Magearna
|-damage|p2a: Magearna|99/100
|
|switch|p1a: Thundurus|Thundurus-Therian, M|100/100|[from] U-turn
|
|-weather|RainDance|[upkeep]
|turn|9
|
|move|p1a: Thundurus|Thunder|p2a: Magearna
|-supereffective|p2a: Magearna
|-damage|p2a: Magearna|66/100
|move|p2a: Magearna|Draining Kiss|p1a: Thundurus
|-crit|p1a: Thundurus
|-damage|p1a: Thundurus|0 fnt
|-heal|p2a: Magearna|100/100|[from] drain|[of] p1a: Thundurus
|faint|p1a: Thundurus
|-ability|p2a: Magearna|Soul-Heart|boost
|-boost|p2a: Magearna|spa|1
|
|-weather|RainDance|[upkeep]
|-message|Caden_B_Fadin forfeited.
|
|win|Victitor0512
