# advantage = p2
|poke|p1|Zamazenta-*|
|poke|p1|Magearna|
|poke|p1|Chien-Pao|
|poke|p1|Dragapult, F|
|poke|p1|Ursaluna, M|
|poke|p1|Great Tusk|
|poke|p2|Sneasler, F|
|poke|p2|Magearna|
|poke|p2|Dragapult, F|
|poke|p2|Zamazenta-*|
|poke|p2|Volcarona, F|
|poke|p2|Ursaluna, M|
|teampreview
|
|start
|switch|p1a: Dragapult|Dragapult, F|100/100
|switch|p2a: Dragapult|Dragapult, F, shiny|100/100
|turn|1
|
|move|p1a: Dragapult|Reflect|p1a: Dragapult
|-sidestart|p1: p1|Reflect
|move|p2a: Dragapult|Light Screen|p2a: Dragapult
|-sidestart|p2: p2|move: Light Screen
|
|turn|2
|
|move|p2a: Dragapult|Reflect|p2a: Dragapult
|-sidestart|p2: p2|Reflect
|move|p1a: Dragapult|Light Screen|p1a: Dragapult
|-sidestart|p1: p1|move: Light Screen
|
|turn|3
|
|switch|p2a: Ursaluna|Ursaluna, M, shiny|100/100
|move|p1a: Dragapult|Curse|p2a: Ursaluna
|-start|p2a: Ursaluna|Curse|[of] p1a: Dragapult
|-damage|p1a: Dragapult|50/100
|
|-damage|p2a: Ursaluna|76/100|[from] Curse
|-status|p2a: Ursaluna|brn|[from] item: Flame Orb
|turn|4
|
|switch|p2a: Dragapult|Dragapult, F, shiny|100/100
|move|p1a: Dragapult|U-turn|p2a: Dragapult
|-resisted|p2a: Dragapult
|-damage|p2a: Dragapult|95/100
|
|switch|p1a: Chien-Pao|Chien-Pao|100/100|[from] U-turn
|-ability|p1a: Chien-Pao|Sword of Ruin
|
|turn|5
|
|switch|p2a: Zamazenta|Zamazenta, shiny|100/100
|-ability|p2a: Zamazenta|Dauntless Shield|boost
|-boost|p2a: Zamazenta|def|1
|move|p1a: Chien-Pao|Crunch|p2a: Zamazenta
|-resisted|p2a: Zamazenta
|-damage|p2a: Zamazenta|92/100
|
|-heal|p2a: Zamazenta|98/100|[from] item: Leftovers
|turn|6
|
|switch|p1a: Magearna|Magearna|100/100
|move|p2a: Zamazenta|Substitute|p2a: Zamazenta
|-start|p2a: Zamazenta|Substitute
|-damage|p2a: Zamazenta|73/100
|
|-heal|p2a: Zamazenta|79/100|[from] item: Leftovers
|turn|7
|
|move|p2a: Zamazenta|Iron Defense|p2a: Zamazenta
|-boost|p2a: Zamazenta|def|2
|move|p1a: Magearna|Shift Gear|p1a: Magearna
|-boost|p1a: Magearna|spe|2
|-boost|p1a: Magearna|atk|1
|
|-heal|p2a: Zamazenta|85/100|[from] item: Leftovers
|turn|8
|
|move|p1a: Magearna|Iron Defense|p1a: Magearna
|-boost|p1a: Magearna|def|2
|move|p2a: Zamazenta|Iron Defense|p2a: Zamazenta
|-boost|p2a: Zamazenta|def|2
|
|-heal|p2a: Zamazenta|91/100|[from] item: Leftovers
|-sideend|p1: p1|Reflect
|-sideend|p2: p2|move: Light Screen
|turn|9
|
|-terastallize|p1a: Magearna|Fairy
|move|p1a: Magearna|Iron Defense|p1a: Magearna
|-boost|p1a: Magearna|def|2
|move|p2a: Zamazenta|Body Press|p1a: Magearna
|-resisted|p1a: Magearna
|-damage|p1a: Magearna|82/100
|
|-heal|p2a: Zamazenta|97/100|[from] item: Leftovers
|-sideend|p2: p2|Reflect
|-sideend|p1: p1|move: Light Screen
|turn|10
|
|move|p1a: Magearna|Draining Kiss|p2a: Zamazenta
|-supereffective|p2a: Zamazenta
|-end|p2a: Zamazenta|Substitute
|-heal|p1a: Magearna|99/100|[from] drain|[of] p2a: Zamazenta
|move|p2a: Zamazenta|Iron Defense|p2a: Zamazenta
|-boost|p2a: Zamazenta|def|1
|
|-heal|p2a: Zamazenta|100/100|[from] item: Leftovers
|turn|11
|
|move|p1a: Magearna|Stored Power|p2a: Zamazenta
|-supereffective|p2a: Zamazenta
|-damage|p2a: Zamazenta|11/100
|move|p2a: Zamazenta|Body Press|p1a: Magearna
|-resisted|p1a: Magearna
|-damage|p1a: Magearna|76/100
|
|-heal|p2a: Zamazenta|17/100|[from] item: Leftovers
|turn|12
|
|move|p1a: Magearna|Draining Kiss|p2a: Zamazenta
|-supereffective|p2a: Zamazenta
|-damage|p2a: Zamazenta|0 fnt
|-heal|p1a: Magearna|89/100|[from] drain|[of] p2a: Zamazenta
|faint|p2a: Zamazenta
|-ability|p1a: Magearna|Soul-Heart|boost
|-boost|p1a: Magearna|spa|1
|
|
|switch|p2a: Dragapult|Dragapult, F, shiny|95/100
|turn|13
|
|-terastallize|p2a: Dragapult|Steel
|move|p1a: Magearna|Draining Kiss|p2a: Dragapult
|-resisted|p2a: Dragapult
|-damage|p2a: Dragapult|64/100
|-heal|p1a: Magearna|100/100|[from] drain|[of] p2a: Dragapult
|move|p2a: Dragapult|Curse|p2a: Dragapult
|-unboost|p2a: Dragapult|spe|1
|-boost|p2a: Dragapult|atk|1
|-boost|p2a: Dragapult|def|1
|
|turn|14
|
|move|p1a: Magearna|Stored Power|p2a: Dragapult
|-resisted|p2a: Dragapult
|-damage|p2a: Dragapult|12/100
|move|p2a: Dragapult|Light Screen|p2a: Dragapult
|-sidestart|p2: p2|move: Light Screen
|
|turn|15
|
|move|p1a: Magearna|Stored Power|p2a: Dragapult
|-resisted|p2a: Dragapult
|-damage|p2a: Dragapult|0 fnt
|-start|p1a: Magearna|Disable|Stored Power|[from] ability: Cursed Body|[of] p2a: Dragapult
|faint|p2a: Dragapult
|-ability|p1a: Magearna|Soul-Heart|boost
|-boost|p1a: Magearna|spa|1
|
|
|switch|p2a: Sneasler|Sneasler, F, shiny|100/100
|-item|p2a: Sneasler|Air Balloon
|turn|16
|
|move|p1a: Magearna|Draining Kiss|p2a: Sneasler
|-damage|p2a: Sneasler|52/100
|-enditem|p2a: Sneasler|Air Balloon
|move|p2a: Sneasler|Swords Dance|p2a: Sneasler
|-boost|p2a: Sneasler|atk|2
|
|turn|17
|
|move|p2a: Sneasler|Dire Claw|p1a: Magearna
|-supereffective|p1a: Magearna
|-damage|p1a: Magearna|49/100
|-status|p1a: Magearna|par
|-enditem|p1a: Magearna|Weakness Policy
|-boost|p1a: Magearna|atk|2|[from] item: Weakness Policy
|-boost|p1a: Magearna|spa|2|[from] item: Weakness Policy
|move|p1a: Magearna|Draining Kiss|p2a: Sneasler
|-damage|p2a: Sneasler|0 fnt
|-heal|p1a: Magearna|86/100 par|[from] drain|[of] p2a: Sneasler
|faint|p2a: Sneasler
|-ability|p1a: Magearna|Soul-Heart|boost
|-boost|p1a: Magearna|spa|1
|
|
|switch|p2a: Ursaluna|Ursaluna, M, shiny|76/100 brn
|turn|18
|
|move|p1a: Magearna|Draining Kiss|p2a: Ursaluna
|-damage|p2a: Ursaluna|14/100 brn
|-heal|p1a: Magearna|100/100 par|[from] drain|[of] p2a: Ursaluna
|move|p2a: Ursaluna|Facade|p1a: Magearna
|-damage|p1a: Magearna|63/100 par
|
|-damage|p2a: Ursaluna|8/100 brn|[from] brn
|-end|p1a: Magearna|Disable
|turn|19
|-message|p2 forfeited.
|
|win|p1
