|poke|p1|Samurott-Hisui, M|
|poke|p1|Sneasler, F|
|poke|p1|Arcanine-Hisui, M|
|poke|p1|Baxcalibur, F|
|poke|p1|Diancie|
|poke|p1|Tornadus-Therian, M|
|poke|p2|Great Tusk|
|poke|p2|Walking Wake|
|poke|p2|Torkoal, M|
|poke|p2|Dondozo, F|
|poke|p2|Arcanine-Hisui, F|
|poke|p2|Sandy Shocks|
|teampreview
|
|start
|switch|p1a: Baxcalibur|Baxcalibur, F|100/100
|switch|p2a: Torkoal|Torkoal, M|100/100
|-weather|SunnyDay|[from] ability: Drought|[of] p2a: Torkoal
|turn|1
|
|move|p1a: Baxcalibur|Dragon Dance|p1a: Baxcalibur
|-boost|p1a: Baxcalibur|atk|1
|-boost|p1a: Baxcalibur|spe|1
|move|p2a: Torkoal|Stealth Rock|p1a: Baxcalibur
|-sidestart|p1: p1|move: Stealth Rock
|
|-weather|SunnyDay|[upkeep]
|turn|2
|
|move|p1a: Baxcalibur|Dragon Dance|p1a: Baxcalibur
|-boost|p1a: Baxcalibur|atk|1
|-boost|p1a: Baxcalibur|spe|1
|move|p2a: Torkoal|Clear Smog|p1a: Baxcalibur
|-damage|p1a: Baxcalibur|91/100
|-clearboost|p1a: Baxcalibur
|
|-weather|SunnyDay|[upkeep]
|turn|3
|
|move|p1a: Baxcalibur|Dragon Dance|p1a: Baxcalibur
|-boost|p1a: Baxcalibur|atk|1
|-boost|p1a: Baxcalibur|spe|1
|move|p2a: Torkoal|Clear Smog|p1a: Baxcalibur
|-damage|p1a: Baxcalibur|81/100
|-clearboost|p1a: Baxcalibur
|
|-weather|SunnyDay|[upkeep]
|turn|4
|
|move|p1a: Baxcalibur|Earthquake|p2a: Torkoal
|-supereffective|p2a: Torkoal
|-damage|p2a: Torkoal|16/100
|-damage|p1a: Baxcalibur|71/100|[from] item: Life Orb
|move|p2a: Torkoal|Clear Smog|p1a: Baxcalibur
|-damage|p1a: Baxcalibur|60/100
|-clearboost|p1a: Baxcalibur
|
|-weather|SunnyDay|[upkeep]
|turn|5
|
|switch|p2a: Dondozo|Dondozo, F|100/100
|move|p1a: Baxcalibur|Dragon Dance|p1a: Baxcalibur
|-boost|p1a: Baxcalibur|atk|1
|-boost|p1a: Baxcalibur|spe|1
|
|-weather|SunnyDay|[upkeep]
|turn|6
|
|move|p1a: Baxcalibur|Glaive Rush|p2a: Dondozo
|-damage|p2a: Dondozo|60/100
|-singlemove|p1a: Baxcalibur|Glaive Rush|[silent]
|-damage|p1a: Baxcalibur|50/100|[from] item: Life Orb
|move|p2a: Dondozo|Body Press|p1a: Baxcalibur
|-supereffective|p1a: Baxcalibur
|-damage|p1a: Baxcalibur|0 fnt
|faint|p1a: Baxcalibur
|
|-weather|SunnyDay|[upkeep]
|-heal|p2a: Dondozo|66/100|[from] item: Leftovers
|
|switch|p1a: Sneasler|Sneasler, F|100/100
|-damage|p1a: Sneasler|95/100|[from] Stealth Rock
|turn|7
|
|move|p1a: Sneasler|Swords Dance|p1a: Sneasler
|-boost|p1a: Sneasler|atk|2
|move|p2a: Dondozo|Avalanche|p1a: Sneasler
|-damage|p1a: Sneasler|70/100
|
|-weather|SunnyDay|[upkeep]
|-heal|p2a: Dondozo|73/100|[from] item: Leftovers
|turn|8
|
|move|p1a: Sneasler|Dire Claw|p2a: Dondozo
|-damage|p2a: Dondozo|48/100
|-status|p2a: Dondozo|psn|[from] ability: Poison Touch|[of] p1a: Sneasler
|-damage|p1a: Sneasler|60/100|[from] item: Life Orb
|move|p2a: Dondozo|Avalanche|p1a: Sneasler
|-damage|p1a: Sneasler|13/100
|
|-weather|none
|-heal|p2a: Dondozo|54/100 psn|[from] item: Leftovers
|-damage|p2a: Dondozo|41/100 psn|[from] psn
|turn|9
|
|move|p1a: Sneasler|Close Combat|p2a: Dondozo
|-damage|p2a: Dondozo|3/100 psn
|-unboost|p1a: Sneasler|def|1
|-unboost|p1a: Sneasler|spd|1
|-damage|p1a: Sneasler|3/100|[from] item: Life Orb
|move|p2a: Dondozo|Rest|p2a: Dondozo
|-status|p2a: Dondozo|slp|[from] move: Rest
|-heal|p2a: Dondozo|100/100 slp|[silent]
|
|turn|10
|
|move|p1a: Sneasler|Close Combat|p2a: Dondozo
|-damage|p2a: Dondozo|66/100 slp
|-unboost|p1a: Sneasler|def|1
|-unboost|p1a: Sneasler|spd|1
|-damage|p1a: Sneasler|0 fnt|[from] item: Life Orb
|faint|p1a: Sneasler
|cant|p2a: Dondozo|slp
|move|p2a: Dondozo|Sleep Talk|p2a: Dondozo
|move|p2a: Dondozo|Body Press|p1: Sneasler|[from]move: Sleep Talk|[notarget]
|-fail|p2a: Dondozo
|
|-heal|p2a: Dondozo|73/100 slp|[from] item: Leftovers
|
|switch|p1a: Diancie|Diancie, shiny|100/100
|-damage|p1a: Diancie|88/100|[from] Stealth Rock
|turn|11
|
|move|p1a: Diancie|Diamond Storm|p2a: Dondozo
|-damage|p2a: Dondozo|58/100 slp
|cant|p2a: Dondozo|slp
|move|p2a: Dondozo|Sleep Talk|p2a: Dondozo
|move|p2a: Dondozo|Rest||[from]move: Sleep Talk|[still]
|-fail|p2a: Dondozo
|
|-heal|p1a: Diancie|94/100|[from] item: Leftovers
|-heal|p2a: Dondozo|64/100 slp|[from] item: Leftovers
|turn|12
|
|move|p1a: Diancie|Diamond Storm|p2a: Dondozo
|-damage|p2a: Dondozo|47/100 slp
|-boost|p1a: Diancie|def|2
|-curestatus|p2a: Dondozo|slp|[msg]
|move|p2a: Dondozo|Rest|p2a: Dondozo
|-status|p2a: Dondozo|slp|[from] move: Rest
|-heal|p2a: Dondozo|100/100 slp|[silent]
|
|-heal|p1a: Diancie|100/100|[from] item: Leftovers
|turn|13
|
|move|p1a: Diancie|Stealth Rock|p2a: Dondozo
|-sidestart|p2: p2|move: Stealth Rock
|cant|p2a: Dondozo|slp
|move|p2a: Dondozo|Sleep Talk|p2a: Dondozo
|move|p2a: Dondozo|Rest||[from]move: Sleep Talk|[still]
|-fail|p2a: Dondozo
|
|turn|14
|
|move|p1a: Diancie|Diamond Storm|p2a: Dondozo
|-damage|p2a: Dondozo|84/100 slp
|cant|p2a: Dondozo|slp
|move|p2a: Dondozo|Sleep Talk|p2a: Dondozo
|move|p2a: Dondozo|Rest||[from]move: Sleep Talk|[still]
|-fail|p2a: Dondozo
|
|-heal|p2a: Dondozo|90/100 slp|[from] item: Leftovers
|turn|15
|
|move|p1a: Diancie|Diamond Storm|p2a: Dondozo
|-damage|p2a: Dondozo|74/100 slp
|-boost|p1a: Diancie|def|2
|-curestatus|p2a: Dondozo|slp|[msg]
|move|p2a: Dondozo|Body Press|p1a: Diancie
|-damage|p1a: Diancie|77/100
|
|-heal|p1a: Diancie|83/100|[from] item: Leftovers
|-heal|p2a: Dondozo|80/100|[from] item: Leftovers
|turn|16
|
|move|p1a: Diancie|Calm Mind|p1a: Diancie
|-boost|p1a: Diancie|spa|1
|-boost|p1a: Diancie|spd|1
|move|p2a: Dondozo|Body Press|p1a: Diancie
|-damage|p1a: Diancie|60/100
|
|-heal|p1a: Diancie|66/100|[from] item: Leftovers
|-heal|p2a: Dondozo|86/100|[from] item: Leftovers
|turn|17
|
|move|p1a: Diancie|Calm Mind|p1a: Diancie
|-boost|p1a: Diancie|spa|1
|-boost|p1a: Diancie|spd|1
|move|p2a: Dondozo|Body Press|p1a: Diancie
|-damage|p1a: Diancie|43/100
|
|-heal|p1a: Diancie|49/100|[from] item: Leftovers
|-heal|p2a: Dondozo|93/100|[from] item: Leftovers
|turn|18
|
|move|p1a: Diancie|Draining Kiss|p2a: Dondozo
|-damage|p2a: Dondozo|71/100
|-heal|p1a: Diancie|76/100|[from] drain|[of] p2a: Dondozo
|move|p2a: Dondozo|Body Press|p1a: Diancie
|-damage|p1a: Diancie|56/100
|
|-heal|p1a: Diancie|62/100|[from] item: Leftovers
|-heal|p2a: Dondozo|77/100|[from] item: Leftovers
|turn|19
|
|move|p1a: Diancie|Diamond Storm|p2a: Dondozo
|-damage|p2a: Dondozo|62/100
|move|p2a: Dondozo|Body Press|p1a: Diancie
|-damage|p1a: Diancie|39/100
|
|-heal|p1a: Diancie|46/100|[from] item: Leftovers
|-heal|p2a: Dondozo|68/100|[from] item: Leftovers
|turn|20
|
|move|p1a: Diancie|Diamond Storm|p2a: Dondozo
|-damage|p2a: Dondozo|52/100
|move|p2a: Dondozo|Avalanche|p1a: Diancie
|-damage|p1a: Diancie|23/100
|
|-heal|p1a: Diancie|29/100|[from] item: Leftovers
|-heal|p2a: Dondozo|58/100|[from] item: Leftovers
|turn|21
|
|move|p1a: Diancie|Draining Kiss|p2a: Dondozo
|-damage|p2a: Dondozo|36/100
|-heal|p1a: Diancie|56/100|[from] drain|[of] p2a: Dondozo
|move|p2a: Dondozo|Rest|p2a: Dondozo
|-status|p2a: Dondozo|slp|[from] move: Rest
|-heal|p2a: Dondozo|100/100 slp|[silent]
|
|-heal|p1a: Diancie|62/100|[from] item: Leftovers
|turn|22
|
|move|p1a: Diancie|Calm Mind|p1a: Diancie
|-boost|p1a: Diancie|spa|1
|-boost|p1a: Diancie|spd|1
|cant|p2a: Dondozo|slp
|move|p2a: Dondozo|Sleep Talk|p2a: Dondozo
|move|p2a: Dondozo|Body Press|p1a: Diancie|[from]move: Sleep Talk
|-damage|p1a: Diancie|41/100
|
|-heal|p1a: Diancie|47/100|[from] item: Leftovers
|turn|23
|
|move|p1a: Diancie|Calm Mind|p1a: Diancie
|-boost|p1a: Diancie|spa|1
|-boost|p1a: Diancie|spd|1
|cant|p2a: Dondozo|slp
|move|p2a: Dondozo|Sleep Talk|p2a: Dondozo
|move|p2a: Dondozo|Avalanche|p1a: Diancie|[from]move: Sleep Talk
|-damage|p1a: Diancie|35/100
|
|-heal|p1a: Diancie|41/100|[from] item: Leftovers
|turn|24
|
|move|p1a: Diancie|Draining Kiss|p2a: Dondozo
|-damage|p2a: Dondozo|79/100 slp
|-heal|p1a: Diancie|68/100|[from] drain|[of] p2a: Dondozo
|-curestatus|p2a: Dondozo|slp|[msg]
|move|p2a: Dondozo|Avalanche|p1a: Diancie
|-damage|p1a: Diancie|45/100
|
|-heal|p1a: Diancie|51/100|[from] item: Leftovers
|-heal|p2a: Dondozo|85/100|[from] item: Leftovers
|turn|25
|
|move|p1a: Diancie|Calm Mind|p1a: Diancie
|-boost|p1a: Diancie|spa|1
|-boost|p1a: Diancie|spd|1
|move|p2a: Dondozo|Avalanche|p1a: Diancie
|-damage|p1a: Diancie|41/100
|
|-heal|p1a: Diancie|47/100|[from] item: Leftovers
|-heal|p2a: Dondozo|91/100|[from] item: Leftovers
|turn|26
|
|move|p1a: Diancie|Draining Kiss|p2a: Dondozo
|-crit|p2a: Dondozo
|-damage|p2a: Dondozo|56/100
|-heal|p1a: Diancie|91/100|[from] drain|[of] p2a: Dondozo
|move|p2a: Dondozo|Avalanche|p1a: Diancie
|-damage|p1a: Diancie|70/100
|
|-heal|p1a: Diancie|76/100|[from] item: Leftovers
|-heal|p2a: Dondozo|62/100|[from] item: Leftovers
|turn|27
|
|move|p1a: Diancie|Draining Kiss|p2a: Dondozo
|-damage|p2a: Dondozo|40/100
|-heal|p1a: Diancie|100/100|[from] drain|[of] p2a: Dondozo
|move|p2a: Dondozo|Rest|p2a: Dondozo
|-status|p2a: Dondozo|slp|[from] move: Rest
|-heal|p2a: Dondozo|100/100 slp|[silent]
|
|turn|28
|
|move|p1a: Diancie|Draining Kiss|p2a: Dondozo
|-damage|p2a: Dondozo|78/100 slp
|cant|p2a: Dondozo|slp
|move|p2a: Dondozo|Sleep Talk|p2a: Dondozo
|move|p2a: Dondozo|Avalanche|p1a: Diancie|[from]move: Sleep Talk
|-damage|p1a: Diancie|80/100
|
|-heal|p1a: Diancie|87/100|[from] item: Leftovers
|-heal|p2a: Dondozo|84/100 slp|[from] item: Leftovers
|turn|29
|
|move|p1a: Diancie|Draining Kiss|p2a: Dondozo
|-damage|p2a: Dondozo|59/100 slp
|-heal|p1a: Diancie|100/100|[from] drain|[of] p2a: Dondozo
|cant|p2a: Dondozo|slp
|move|p2a: Dondozo|Sleep Talk|p2a: Dondozo
|move|p2a: Dondozo|Body Press|p1a: Diancie|[from]move: Sleep Talk
|-damage|p1a: Diancie|80/100
|
|-heal|p1a: Diancie|86/100|[from] item: Leftovers
|-heal|p2a: Dondozo|66/100 slp|[from] item: Leftovers
|turn|30
|
|move|p1a: Diancie|Draining Kiss|p2a: Dondozo
|-damage|p2a: Dondozo|43/100 slp
|-heal|p1a: Diancie|100/100|[from] drain|[of] p2a: Dondozo
|-curestatus|p2a: Dondozo|slp|[msg]
|move|p2a: Dondozo|Rest|p2a: Dondozo
|-status|p2a: Dondozo|slp|[from] move: Rest
|-heal|p2a: Dondozo|100/100 slp|[silent]
|
|turn|31
|
|move|p1a: Diancie|Stealth Rock||[still]
|-fail|p1a: Diancie
|cant|p2a: Dondozo|slp
|move|p2a: Dondozo|Sleep Talk|p2a: Dondozo
|move|p2a: Dondozo|Body Press|p1a: Diancie|[from]move: Sleep Talk
|-damage|p1a: Diancie|80/100
|
|-heal|p1a: Diancie|86/100|[from] item: Leftovers
|turn|32
|
|move|p1a: Diancie|Stealth Rock||[still]
|-fail|p1a: Diancie
|cant|p2a: Dondozo|slp
|move|p2a: Dondozo|Sleep Talk|p2a: Dondozo
|move|p2a: Dondozo|Avalanche|p1a: Diancie|[from]move: Sleep Talk
|-damage|p1a: Diancie|75/100
|
|-heal|p1a: Diancie|81/100|[from] item: Leftovers
|turn|33
|
|move|p1a: Diancie|Calm Mind|p1a: Diancie
|-boost|p1a: Diancie|spa|1
|-boost|p1a: Diancie|spd|1
|-curestatus|p2a: Dondozo|slp|[msg]
|move|p2a: Dondozo|Body Press|p1a: Diancie
|-damage|p1a: Diancie|60/100
|
|-heal|p1a: Diancie|66/100|[from] item: Leftovers
|turn|34
|
|move|p1a: Diancie|Stealth Rock||[still]
|-fail|p1a: Diancie
|move|p2a: Dondozo|Avalanche|p1a: Diancie
|-damage|p1a: Diancie|55/100
|
|-heal|p1a: Diancie|62/100|[from] item: Leftovers
|turn|35
|
|move|p1a: Diancie|Draining Kiss|p2a: Dondozo
|-damage|p2a: Dondozo|76/100
|-heal|p1a: Diancie|92/100|[from] drain|[of] p2a: Dondozo
|move|p2a: Dondozo|Body Press|p1a: Diancie
|-damage|p1a: Diancie|71/100
|
|-heal|p1a: Diancie|77/100|[from] item: Leftovers
|-heal|p2a: Dondozo|82/100|[from] item: Leftovers
|turn|36
|
|move|p1a: Diancie|Diamond Storm|p2a: Dondozo
|-damage|p2a: Dondozo|68/100
|move|p2a: Dondozo|Body Press|p1a: Diancie
|-damage|p1a: Diancie|57/100
|
|-heal|p1a: Diancie|63/100|[from] item: Leftovers
|-heal|p2a: Dondozo|74/100|[from] item: Leftovers
|turn|37
|
|move|p1a: Diancie|Stealth Rock||[still]
|-fail|p1a: Diancie
|move|p2a: Dondozo|Body Press|p1a: Diancie
|-damage|p1a: Diancie|39/100
|
|-heal|p1a: Diancie|45/100|[from] item: Leftovers
|-heal|p2a: Dondozo|80/100|[from] item: Leftovers
|turn|38
|
|move|p1a: Diancie|Draining Kiss|p2a: Dondozo
|-damage|p2a: Dondozo|58/100
|-heal|p1a: Diancie|72/100|[from] drain|[of] p2a: Dondozo
|move|p2a: Dondozo|Body Press|p1a: Diancie
|-damage|p1a: Diancie|52/100
|
|-heal|p1a: Diancie|58/100|[from] item: Leftovers
|-heal|p2a: Dondozo|64/100|[from] item: Leftovers
|turn|39
|
|move|p1a: Diancie|Stealth Rock||[still]
|-fail|p1a: Diancie
|move|p2a: Dondozo|Body Press|p1a: Diancie
|-damage|p1a: Diancie|34/100
|
|-heal|p1a: Diancie|40/100|[from] item: Leftovers
|-heal|p2a: Dondozo|70/100|[from] item: Leftovers
|turn|40
|
|move|p1a: Diancie|Draining Kiss|p2a: Dondozo
|-damage|p2a: Dondozo|47/100
|-heal|p1a: Diancie|69/100|[from] drain|[of] p2a: Dondozo
|move|p2a: Dondozo|Avalanche|p1a: Diancie
|-damage|p1a: Diancie|45/100
|
|-heal|p1a: Diancie|51/100|[from] item: Leftovers
|-heal|p2a: Dondozo|53/100|[from] item: Leftovers
|turn|41
|
|move|p1a: Diancie|Draining Kiss|p2a: Dondozo
|-damage|p2a: Dondozo|30/100
|-heal|p1a: Diancie|80/100|[from] drain|[of] p2a: Dondozo
|move|p2a: Dondozo|Rest|p2a: Dondozo
|-status|p2a: Dondozo|slp|[from] move: Rest
|-heal|p2a: Dondozo|100/100 slp|[silent]
|
|-heal|p1a: Diancie|86/100|[from] item: Leftovers
|turn|42
|
|move|p1a: Diancie|Stealth Rock||[still]
|-fail|p1a: Diancie
|cant|p2a: Dondozo|slp
|move|p2a: Dondozo|Sleep Talk|p2a: Dondozo
|move|p2a: Dondozo|Rest||[from]move: Sleep Talk|[still]
|-fail|p2a: Dondozo
|
|-heal|p1a: Diancie|92/100|[from] item: Leftovers
|turn|43
|
|move|p1a: Diancie|Stealth Rock||[still]
|-fail|p1a: Diancie
|cant|p2a: Dondozo|slp
|move|p2a: Dondozo|Sleep Talk|p2a: Dondozo
|move|p2a: Dondozo|Avalanche|p1a: Diancie|[from]move: Sleep Talk
|-damage|p1a: Diancie|81/100
|
|-heal|p1a: Diancie|87/100|[from] item: Leftovers
|turn|44
|
|move|p1a: Diancie|Stealth Rock||[still]
|-fail|p1a: Diancie
|-curestatus|p2a: Dondozo|slp|[msg]
|move|p2a: Dondozo|Avalanche|p1a: Diancie
|-damage|p1a: Diancie|75/100
|
|-heal|p1a: Diancie|81/100|[from] item: Leftovers
|turn|45
|
|move|p1a: Diancie|Stealth Rock||[still]
|-fail|p1a: Diancie
|move|p2a: Dondozo|Avalanche|p1a: Diancie
|-damage|p1a: Diancie|70/100
|
|-heal|p1a: Diancie|76/100|[from] item: Leftovers
|turn|46
|
|move|p1a: Diancie|Diamond Storm|p2a: Dondozo
|-damage|p2a: Dondozo|85/100
|move|p2a: Dondozo|Avalanche|p1a: Diancie
|-damage|p1a: Diancie|56/100
|
|-heal|p1a: Diancie|62/100|[from] item: Leftovers
|-heal|p2a: Dondozo|91/100|[from] item: Leftovers
|turn|47
|
|move|p1a: Diancie|Draining Kiss|p2a: Dondozo
|-damage|p2a: Dondozo|68/100
|-heal|p1a: Diancie|91/100|[from] drain|[of] p2a: Dondozo
|move|p2a: Dondozo|Avalanche|p1a: Diancie
|-damage|p1a: Diancie|71/100
|
|-heal|p1a: Diancie|77/100|[from] item: Leftovers
|-heal|p2a: Dondozo|74/100|[from] item: Leftovers
|turn|48
|
|move|p1a: Diancie|Draining Kiss|p2a: Dondozo
|-damage|p2a: Dondozo|52/100
|-heal|p1a: Diancie|100/100|[from] drain|[of] p2a: Dondozo
|move|p2a: Dondozo|Rest|p2a: Dondozo
|-status|p2a: Dondozo|slp|[from] move: Rest
|-heal|p2a: Dondozo|100/100 slp|[silent]
|
|turn|49
|
|move|p1a: Diancie|Draining Kiss|p2a: Dondozo
|-damage|p2a: Dondozo|79/100 slp
|cant|p2a: Dondozo|slp
|move|p2a: Dondozo|Sleep Talk|p2a: Dondozo
|move|p2a: Dondozo|Rest||[from]move: Sleep Talk|[still]
|-fail|p2a: Dondozo
|
|-heal|p2a: Dondozo|85/100 slp|[from] item: Leftovers
|turn|50
|
|move|p1a: Diancie|Stealth Rock||[still]
|-fail|p1a: Diancie
|cant|p2a: Dondozo|slp
|move|p2a: Dondozo|Sleep Talk|p2a: Dondozo
|move|p2a: Dondozo|Avalanche|p1a: Diancie|[from]move: Sleep Talk
|-damage|p1a: Diancie|90/100
|
|-heal|p1a: Diancie|96/100|[from] item: Leftovers
|-heal|p2a: Dondozo|91/100 slp|[from] item: Leftovers
|turn|51
|
|move|p1a: Diancie|Stealth Rock||[still]
|-fail|p1a: Diancie
|-curestatus|p2a: Dondozo|slp|[msg]
|move|p2a: Dondozo|Avalanche|p1a: Diancie
|-damage|p1a: Diancie|84/100
|
|-heal|p1a: Diancie|91/100|[from] item: Leftovers
|-heal|p2a: Dondozo|97/100|[from] item: Leftovers
|turn|52
|
|move|p1a: Diancie|Stealth Rock||[still]
|-fail|p1a: Diancie
|move|p2a: Dondozo|Body Press|p1a: Diancie
|-damage|p1a: Diancie|70/100
|
|-heal|p1a: Diancie|76/100|[from] item: Leftovers
|-heal|p2a: Dondozo|100/100|[from] item: Leftovers
|turn|53
|
|move|p1a: Diancie|Stealth Rock||[still]
|-fail|p1a: Diancie
|move|p2a: Dondozo|Body Press|p1a: Diancie
|-damage|p1a: Diancie|53/100
|
|-heal|p1a: Diancie|59/100|[from] item: Leftovers
|turn|54
|
|move|p1a: Diancie|Draining Kiss|p2a: Dondozo
|-damage|p2a: Dondozo|77/100
|-heal|p1a: Diancie|88/100|[from] drain|[of] p2a: Dondozo
|move|p2a: Dondozo|Body Press|p1a: Diancie
|-damage|p1a: Diancie|64/100
|
|-heal|p1a: Diancie|70/100|[from] item: Leftovers
|-heal|p2a: Dondozo|83/100|[from] item: Leftovers
|turn|55
|
|move|p1a: Diancie|Calm Mind|p1a: Diancie
|-boost|p1a: Diancie|spa|0
|-boost|p1a: Diancie|spd|0
|move|p2a: Dondozo|Avalanche|p1a: Diancie
|-damage|p1a: Diancie|59/100
|
|-heal|p1a: Diancie|66/100|[from] item: Leftovers
|-heal|p2a: Dondozo|90/100|[from] item: Leftovers
|turn|56
|
|move|p1a: Diancie|Calm Mind|p1a: Diancie
|-boost|p1a: Diancie|spa|0
|-boost|p1a: Diancie|spd|0
|move|p2a: Dondozo|Avalanche|p1a: Diancie
|-damage|p1a: Diancie|55/100
|
|-heal|p1a: Diancie|61/100|[from] item: Leftovers
|-heal|p2a: Dondozo|96/100|[from] item: Leftovers
|turn|57
|
|move|p1a: Diancie|Stealth Rock||[still]
|-fail|p1a: Diancie
|move|p2a: Dondozo|Avalanche|p1a: Diancie
|-damage|p1a: Diancie|50/100
|
|-heal|p1a: Diancie|57/100|[from] item: Leftovers
|-heal|p2a: Dondozo|100/100|[from] item: Leftovers
|turn|58
|
|switch|p2a: Great Tusk|Great Tusk|100/100
|move|p1a: Diancie|Stealth Rock||[still]
|-fail|p1a: Diancie
|
|-heal|p1a: Diancie|63/100|[from] item: Leftovers
|turn|59
|
|move|p2a: Great Tusk|Knock Off|p1a: Diancie
|-resisted|p1a: Diancie
|-damage|p1a: Diancie|58/100
|-enditem|p1a: Diancie|Leftovers|[from] move: Knock Off|[of] p2a: Great Tusk
|move|p1a: Diancie|Stealth Rock||[still]
|-fail|p1a: Diancie
|
|turn|60
|
|move|p2a: Great Tusk|Rapid Spin|p1a: Diancie
|-resisted|p1a: Diancie
|-damage|p1a: Diancie|55/100
|-boost|p2a: Great Tusk|spe|1
|-sideend|p2: p2|Stealth Rock|[from] move: Rapid Spin|[of] p2a: Great Tusk
|move|p1a: Diancie|Stealth Rock|p2a: Great Tusk
|-sidestart|p2: p2|move: Stealth Rock
|
|turn|61
|
|move|p2a: Great Tusk|Rapid Spin|p1a: Diancie
|-resisted|p1a: Diancie
|-damage|p1a: Diancie|53/100
|-boost|p2a: Great Tusk|spe|1
|-sideend|p2: p2|Stealth Rock|[from] move: Rapid Spin|[of] p2a: Great Tusk
|move|p1a: Diancie|Stealth Rock|p2a: Great Tusk
|-sidestart|p2: p2|move: Stealth Rock
|
|turn|62
|
|move|p2a: Great Tusk|Rapid Spin|p1a: Diancie
|-resisted|p1a: Diancie
|-damage|p1a: Diancie|50/100
|-boost|p2a: Great Tusk|spe|1
|-sideend|p2: p2|Stealth Rock|[from] move: Rapid Spin|[of] p2a: Great Tusk
|move|p1a: Diancie|Stealth Rock|p2a: Great Tusk
|-sidestart|p2: p2|move: Stealth Rock
|
|turn|63
|
|move|p2a: Great Tusk|Rapid Spin|p1a: Diancie
|-resisted|p1a: Diancie
|-damage|p1a: Diancie|48/100
|-boost|p2a: Great Tusk|spe|1
|-sideend|p2: p2|Stealth Rock|[from] move: Rapid Spin|[of] p2a: Great Tusk
|move|p1a: Diancie|Stealth Rock|p2a: Great Tusk
|-sidestart|p2: p2|move: Stealth Rock
|
|turn|64
|
|move|p2a: Great Tusk|Rapid Spin|p1a: Diancie
|-resisted|p1a: Diancie
|-damage|p1a: Diancie|45/100
|-boost|p2a: Great Tusk|spe|1
|-sideend|p2: p2|Stealth Rock|[from] move: Rapid Spin|[of] p2a: Great Tusk
|move|p1a: Diancie|Stealth Rock|p2a: Great Tusk
|-sidestart|p2: p2|move: Stealth Rock
|
|turn|65
|
|move|p2a: Great Tusk|Rapid Spin|p1a: Diancie
|-resisted|p1a: Diancie
|-damage|p1a: Diancie|42/100
|-boost|p2a: Great Tusk|spe|1
|-sideend|p2: p2|Stealth Rock|[from] move: Rapid Spin|[of] p2a: Great Tusk
|move|p1a: Diancie|Stealth Rock|p2a: Great Tusk
|-sidestart|p2: p2|move: Stealth Rock
|
|turn|66
|
|move|p2a: Great Tusk|Rapid Spin|p1a: Diancie
|-resisted|p1a: Diancie
|-damage|p1a: Diancie|40/100
|-sideend|p2: p2|Stealth Rock|[from] move: Rapid Spin|[of] p2a: Great Tusk
|move|p1a: Diancie|Stealth Rock|p2a: Great Tusk
|-sidestart|p2: p2|move: Stealth Rock
|
|turn|67
|
|move|p2a: Great Tusk|Rapid Spin|p1a: Diancie
|-resisted|p1a: Diancie
|-damage|p1a: Diancie|38/100
|-sideend|p2: p2|Stealth Rock|[from] move: Rapid Spin|[of] p2a: Great Tusk
|move|p1a: Diancie|Stealth Rock|p2a: Great Tusk
|-sidestart|p2: p2|move: Stealth Rock
|
|turn|68
|
|switch|p1a: Arcanine|Arcanine-Hisui, M|100/100
|-damage|p1a: Arcanine|76/100|[from] Stealth Rock
|move|p2a: Great Tusk|Rapid Spin|p1a: Arcanine
|-resisted|p1a: Arcanine
|-damage|p1a: Arcanine|64/100
|-sideend|p2: p2|Stealth Rock|[from] move: Rapid Spin|[of] p2a: Great Tusk
|
|turn|69
|
|-terastallize|p1a: Arcanine|Grass
|move|p2a: Great Tusk|Earthquake|p1a: Arcanine
|-resisted|p1a: Arcanine
|-damage|p1a: Arcanine|26/100
|move|p1a: Arcanine|Flare Blitz|p2a: Great Tusk
|-damage|p2a: Great Tusk|63/100
|
|turn|70
|
|move|p2a: Great Tusk|Close Combat|p1a: Arcanine
|-damage|p1a: Arcanine|0 fnt
|-unboost|p2a: Great Tusk|def|1
|-unboost|p2a: Great Tusk|spd|1
|faint|p1a: Arcanine
|
|
|switch|p1a: Tornadus|Tornadus-Therian, M|100/100
|turn|71
|
|move|p2a: Great Tusk|Knock Off|p1a: Tornadus
|-damage|p1a: Tornadus|56/100
|-enditem|p1a: Tornadus|Heavy-Duty Boots|[from] move: Knock Off|[of] p2a: Great Tusk
|move|p1a: Tornadus|Tailwind|p1a: Tornadus
|-sidestart|p1: p1|move: Tailwind
|
|turn|72
|
|move|p2a: Great Tusk|Close Combat|p1a: Tornadus
|-resisted|p1a: Tornadus
|-damage|p1a: Tornadus|15/100
|-unboost|p2a: Great Tusk|def|1
|-unboost|p2a: Great Tusk|spd|1
|move|p1a: Tornadus|Bleakwind Storm|p2a: Great Tusk
|-supereffective|p2a: Great Tusk
|-damage|p2a: Great Tusk|0 fnt
|faint|p2a: Great Tusk
|-end|p2a: Great Tusk|Protosynthesis|[silent]
|
|
|switch|p2a: Torkoal|Torkoal, M|16/100
|-weather|SunnyDay|[from] ability: Drought|[of] p2a: Torkoal
|turn|73
|
|move|p1a: Tornadus|Bleakwind Storm|p2a: Torkoal|[miss]
|-miss|p1a: Tornadus|p2a: Torkoal
|move|p2a: Torkoal|Clear Smog|p1a: Tornadus
|-damage|p1a: Tornadus|5/100
|-clearboost|p1a: Tornadus
|
|-weather|SunnyDay|[upkeep]
|turn|74
|
|move|p1a: Tornadus|Bleakwind Storm|p2a: Torkoal|[miss]
|-miss|p1a: Tornadus|p2a: Torkoal
|move|p2a: Torkoal|Eruption|p1a: Tornadus
|-damage|p1a: Tornadus|0 fnt
|faint|p1a: Tornadus
|
|-weather|SunnyDay|[upkeep]
|-sideend|p1: p1|move: Tailwind
|-message|p1 forfeited.
|
|win|p2
|player|p2|p2|scientistf
