# advantage = p2
|poke|p1|Magearna|
|poke|p1|Sneasler, M|
|poke|p1|Zamazenta-*|
|poke|p1|Landorus-Therian, M|
|poke|p1|Walking Wake|
|poke|p1|Corviknight, F|
|poke|p2|Magearna|
|poke|p2|Scream Tail|
|poke|p2|Rotom-Wash|
|poke|p2|Heatran, F|
|poke|p2|Great Tusk|
|poke|p2|Landorus-Therian, M|
|teampreview
|
|start
|switch|p1a: Walking Wake|Walking Wake|100/100
|switch|p2a: Rotom|Rotom-Wash|100/100
|turn|1
|
|move|p2a: Rotom|Volt Switch|p1a: Walking Wake
|-damage|p1a: Walking Wake|71/100
|
|switch|p2a: Heatran|Heatran, F|100/100|[from] Volt Switch
|-item|p2a: Heatran|Air Balloon
|move|p1a: Walking Wake|Draco Meteor|p2a: Heatran|[miss]
|-miss|p1a: Walking Wake|p2a: Heatran
|
|turn|2
|player|p1|
|player|p1|p1|169
|
|-end|p1a: Walking Wake|Protosynthesis|[silent]
|switch|p1a: Landorus|Landorus-Therian, M|100/100
|-ability|p1a: Landorus|Intimidate|boost
|-unboost|p2a: Heatran|atk|1
|move|p2a: Heatran|Earth Power|p1a: Landorus
|-immune|p1a: Landorus
|
|turn|3
|
|move|p1a: Landorus|U-turn|p2a: Heatran
|-resisted|p2a: Heatran
|-damage|p2a: Heatran|96/100
|-enditem|p2a: Heatran|Air Balloon
|
|switch|p1a: Walking Wake|Walking Wake|71/100|[from] U-turn
|move|p2a: Heatran|Magma Storm|p1a: Walking Wake|[miss]
|-miss|p2a: Heatran|p1a: Walking Wake
|
|turn|4
|
|switch|p2a: Rotom|Rotom-Wash|100/100
|move|p1a: Walking Wake|Hydro Steam|p2a: Rotom
|-resisted|p2a: Rotom
|-crit|p2a: Rotom
|-damage|p2a: Rotom|50/100
|
|turn|5
|
|-end|p1a: Walking Wake|Protosynthesis|[silent]
|switch|p1a: Landorus|Landorus-Therian, M|100/100
|-ability|p1a: Landorus|Intimidate|boost
|-unboost|p2a: Rotom|atk|1
|move|p2a: Rotom|Volt Switch|p1a: Landorus
|-immune|p1a: Landorus
|
|turn|6
|
|switch|p2a: Landorus|Landorus-Therian, M|100/100
|-ability|p2a: Landorus|Intimidate|boost
|-unboost|p1a: Landorus|atk|1
|move|p1a: Landorus|Stealth Rock|p2a: Landorus
|-sidestart|p2: p2|move: Stealth Rock
|
|turn|7
|
|switch|p1a: Walking Wake|Walking Wake|71/100
|move|p2a: Landorus|Stealth Rock|p1a: Walking Wake
|-sidestart|p1: p1|move: Stealth Rock
|
|turn|8
|
|move|p1a: Walking Wake|Hydro Steam|p2a: Landorus
|-supereffective|p2a: Landorus
|-damage|p2a: Landorus|12/100
|move|p2a: Landorus|U-turn|p1a: Walking Wake
|-damage|p1a: Walking Wake|46/100
|
|switch|p2a: Scream Tail|Scream Tail|100/100|[from] U-turn
|-damage|p2a: Scream Tail|88/100|[from] Stealth Rock
|
|turn|9
|
|-end|p1a: Walking Wake|Protosynthesis|[silent]
|switch|p1a: Magearna|Magearna|100/100
|-damage|p1a: Magearna|94/100|[from] Stealth Rock
|move|p2a: Scream Tail|Light Screen|p2a: Scream Tail
|-sidestart|p2: p2|move: Light Screen
|
|-heal|p1a: Magearna|100/100|[from] item: Leftovers
|turn|10
|
|move|p2a: Scream Tail|Reflect|p2a: Scream Tail
|-sidestart|p2: p2|Reflect
|move|p1a: Magearna|Calm Mind|p1a: Magearna
|-boost|p1a: Magearna|spa|1
|-boost|p1a: Magearna|spd|1
|
|turn|11
|
|move|p2a: Scream Tail|Encore|p1a: Magearna
|-start|p1a: Magearna|Encore
|move|p1a: Magearna|Calm Mind|p1a: Magearna
|-boost|p1a: Magearna|spa|1
|-boost|p1a: Magearna|spd|1
|
|turn|12
|
|-end|p2a: Scream Tail|Protosynthesis|[silent]
|switch|p2a: Magearna|Magearna|100/100
|-damage|p2a: Magearna|94/100|[from] Stealth Rock
|move|p1a: Magearna|Calm Mind|p1a: Magearna
|-boost|p1a: Magearna|spa|1
|-boost|p1a: Magearna|spd|1
|
|-heal|p2a: Magearna|100/100|[from] item: Leftovers
|turn|13
|
|move|p2a: Magearna|Shift Gear|p2a: Magearna
|-boost|p2a: Magearna|spe|2
|-boost|p2a: Magearna|atk|1
|move|p1a: Magearna|Calm Mind|p1a: Magearna
|-boost|p1a: Magearna|spa|1
|-boost|p1a: Magearna|spd|1
|
|-end|p1a: Magearna|Encore
|turn|14
|
|move|p2a: Magearna|Calm Mind|p2a: Magearna
|-boost|p2a: Magearna|spa|1
|-boost|p2a: Magearna|spd|1
|move|p1a: Magearna|Iron Defense|p1a: Magearna
|-boost|p1a: Magearna|def|2
|
|turn|15
|
|move|p2a: Magearna|Calm Mind|p2a: Magearna
|-boost|p2a: Magearna|spa|1
|-boost|p2a: Magearna|spd|1
|move|p1a: Magearna|Iron Defense|p1a: Magearna
|-boost|p1a: Magearna|def|2
|
|turn|16
|
|move|p2a: Magearna|Calm Mind|p2a: Magearna
|-boost|p2a: Magearna|spa|1
|-boost|p2a: Magearna|spd|1
|move|p1a: Magearna|Calm Mind|p1a: Magearna
|-boost|p1a: Magearna|spa|1
|-boost|p1a: Magearna|spd|1
|
|-sideend|p2: p2|move: Light Screen
|turn|17
|
|move|p2a: Magearna|Calm Mind|p2a: Magearna
|-boost|p2a: Magearna|spa|1
|-boost|p2a: Magearna|spd|1
|move|p1a: Magearna|Calm Mind|p1a: Magearna
|-boost|p1a: Magearna|spa|1
|-boost|p1a: Magearna|spd|1
|
|-sideend|p2: p2|Reflect
|turn|18
|
|move|p2a: Magearna|Calm Mind|p2a: Magearna
|-boost|p2a: Magearna|spa|1
|-boost|p2a: Magearna|spd|1
|move|p1a: Magearna|Iron Defense|p1a: Magearna
|-boost|p1a: Magearna|def|2
|
|turn|19
|
|move|p2a: Magearna|Calm Mind|p2a: Magearna
|-boost|p2a: Magearna|spa|1
|-boost|p2a: Magearna|spd|1
|move|p1a: Magearna|Stored Power|p2a: Magearna
|-resisted|p2a: Magearna
|-damage|p2a: Magearna|39/100
|
|-heal|p2a: Magearna|45/100|[from] item: Leftovers
|turn|20
|
|move|p2a: Magearna|Draining Kiss|p1a: Magearna
|-resisted|p1a: Magearna
|-damage|p1a: Magearna|89/100
|-heal|p2a: Magearna|54/100|[from] drain|[of] p1a: Magearna
|move|p1a: Magearna|Stored Power|p2a: Magearna
|-resisted|p2a: Magearna
|-crit|p2a: Magearna
|-damage|p2a: Magearna|0 fnt
|faint|p2a: Magearna
|
|-heal|p1a: Magearna|95/100|[from] item: Leftovers
|-message|p2 forfeited.
|
|win|p1
