# advantage = p1
|poke|p1|Kingambit, F|
|poke|p1|Zoroark-Hisui, F|
|poke|p1|Breloom, F|
|poke|p1|Donphan, M|
|poke|p1|Kilowattrel, F|
|poke|p1|Gyarados, F|
|poke|p2|Bombirdier, M|
|poke|p2|Tauros-Paldea-Aqua, M|
|poke|p2|Espeon, F|
|poke|p2|Tropius, M|
|poke|p2|Dudunsparce-*, M|
|poke|p2|Clodsire, F|
|teampreview
|
|start
|switch|p1a: Donphan|Donphan, M|100/100
|switch|p2a: BattleCow Requiem|Tauros-Paldea-Aqua, M|100/100
|-ability|p2a: BattleCow Requiem|Intimidate|boost
|-unboost|p1a: Donphan|atk|1
|turn|1
|
|switch|p2a: no u|Espeon, F|100/100
|move|p1a: Donphan|Stealth Rock|p2a: no u
|move|p2a: no u|Stealth Rock|p1a: Donphan|[from]ability: Magic Bounce
|-sidestart|p1: p1|move: Stealth Rock
|
|turn|2
|
|move|p2a: no u|Future Sight|p1a: Donphan
|-start|p2a: no u|move: Future Sight
|move|p1a: Donphan|Rapid Spin|p2a: no u
|-damage|p2a: no u|78/100
|-boost|p1a: Donphan|spe|1
|-sideend|p1: p1|Stealth Rock|[from] move: Rapid Spin|[of] p1a: Donphan
|
|turn|3
|
|move|p2a: no u|Calm Mind|p2a: no u
|-boost|p2a: no u|spa|1
|-boost|p2a: no u|spd|1
|move|p1a: Donphan|Earthquake|p2a: no u
|-damage|p2a: no u|11/100
|
|turn|4
|
|switch|p1a: Kilowattrel|Kilowattrel, F|100/100
|move|p2a: no u|Stored Power|p1a: Kilowattrel
|-damage|p1a: Kilowattrel|13/100
|-enditem|p1a: Kilowattrel|Red Card|[of] p2a: no u
|drag|p2a: BattleCow Requiem|Tauros-Paldea-Aqua, M|100/100
|-ability|p2a: BattleCow Requiem|Intimidate|boost
|-unboost|p1a: Kilowattrel|atk|1
|
|-end|p1a: Kilowattrel|move: Future Sight
|-damage|p1a: Kilowattrel|0 fnt
|faint|p1a: Kilowattrel
|
|switch|p1a: Gyarados|Gyarados, F|100/100
|-ability|p1a: Gyarados|Intimidate|boost
|-unboost|p2a: BattleCow Requiem|atk|1
|turn|5
|
|switch|p1a: Donphan|Donphan, M|100/100
|move|p2a: BattleCow Requiem|Iron Head|p1a: Donphan
|-damage|p1a: Donphan|90/100
|
|-heal|p1a: Donphan|96/100|[from] item: Leftovers
|turn|6
|
|switch|p2a: no u|Espeon, F|11/100
|move|p1a: Donphan|Seed Bomb|p2a: no u
|-damage|p2a: no u|0 fnt
|faint|p2a: no u
|
|-heal|p1a: Donphan|100/100|[from] item: Leftovers
|
|switch|p2a: Dudunsparce|Dudunsparce-Three-Segment, M|100/100
|turn|7
|
|move|p2a: Dudunsparce|Coil|p2a: Dudunsparce
|-boost|p2a: Dudunsparce|atk|1
|-boost|p2a: Dudunsparce|def|1
|-boost|p2a: Dudunsparce|accuracy|1
|move|p1a: Donphan|Stealth Rock|p2a: Dudunsparce
|-sidestart|p2: p2|move: Stealth Rock
|
|turn|8
|
|switch|p1a: Breloom|Breloom, F|100/100
|move|p2a: Dudunsparce|Glare|p1a: Breloom
|-status|p1a: Breloom|par
|
|turn|9
|
|switch|p2a: Banana Slamma|Tropius, M|100/100
|-damage|p2a: Banana Slamma|76/100|[from] Stealth Rock
|move|p1a: Breloom|Spore|p2a: Banana Slamma
|-immune|p2a: Banana Slamma
|
|turn|10
|
|switch|p1a: Gyarados|Gyarados, F|100/100
|-ability|p1a: Gyarados|Intimidate|boost
|-unboost|p2a: Banana Slamma|atk|1
|move|p2a: Banana Slamma|Dragon Dance|p2a: Banana Slamma
|-boost|p2a: Banana Slamma|atk|1
|-boost|p2a: Banana Slamma|spe|1
|
|turn|11
|
|move|p1a: Gyarados|Stone Edge|p2a: Banana Slamma
|-supereffective|p2a: Banana Slamma
|-damage|p2a: Banana Slamma|15/100
|-enditem|p2a: Banana Slamma|Aguav Berry|[eat]
|-heal|p2a: Banana Slamma|49/100|[from] item: Aguav Berry
|move|p2a: Banana Slamma|Body Slam|p1a: Gyarados
|-damage|p1a: Gyarados|77/100
|
|-item|p2a: Banana Slamma|Aguav Berry|[from] ability: Harvest
|turn|12
|
|move|p1a: Gyarados|Stone Edge|p2a: Banana Slamma|[miss]
|-miss|p1a: Gyarados|p2a: Banana Slamma
|move|p2a: Banana Slamma|Body Slam|p1a: Gyarados
|-damage|p1a: Gyarados|55/100
|-status|p1a: Gyarados|par
|
|turn|13
|
|-terastallize|p2a: Banana Slamma|Normal
|move|p2a: Banana Slamma|Dragon Dance|p2a: Banana Slamma
|-boost|p2a: Banana Slamma|atk|1
|-boost|p2a: Banana Slamma|spe|1
|move|p1a: Gyarados|Stone Edge|p2a: Banana Slamma|[miss]
|-miss|p1a: Gyarados|p2a: Banana Slamma
|
|turn|14
|
|move|p2a: Banana Slamma|Body Slam|p1a: Gyarados
|-damage|p1a: Gyarados|7/100 par
|move|p1a: Gyarados|Waterfall|p2a: Banana Slamma
|-damage|p2a: Banana Slamma|15/100
|-enditem|p2a: Banana Slamma|Aguav Berry|[eat]
|-heal|p2a: Banana Slamma|49/100|[from] item: Aguav Berry
|
|-item|p2a: Banana Slamma|Aguav Berry|[from] ability: Harvest
|turn|15
|
|move|p2a: Banana Slamma|Dragon Dance|p2a: Banana Slamma
|-boost|p2a: Banana Slamma|atk|1
|-boost|p2a: Banana Slamma|spe|1
|move|p1a: Gyarados|Waterfall|p2a: Banana Slamma
|-damage|p2a: Banana Slamma|16/100
|-enditem|p2a: Banana Slamma|Aguav Berry|[eat]
|-heal|p2a: Banana Slamma|50/100|[from] item: Aguav Berry
|
|turn|16
|
|move|p2a: Banana Slamma|Body Slam|p1a: Gyarados
|-damage|p1a: Gyarados|0 fnt
|faint|p1a: Gyarados
|
|
|switch|p1a: Breloom|Breloom, F|100/100
|turn|17
|
|move|p2a: Banana Slamma|Aerial Ace|p1a: Breloom
|-damage|p1a: Breloom|18/100
|replace|p1a: Zoroark|Zoroark-Hisui, F
|-end|p1a: Zoroark|Illusion
|move|p1a: Zoroark|Grass Knot|p2a: Banana Slamma
|-damage|p2a: Banana Slamma|0 fnt
|faint|p2a: Banana Slamma
|
|
|switch|p2a: Dudunsparce|Dudunsparce-Three-Segment, M|100/100
|-damage|p2a: Dudunsparce|88/100|[from] Stealth Rock
|turn|18
|
|switch|p1a: Breloom|Breloom, F|100/100 par
|move|p2a: Dudunsparce|Glare|p1a: Breloom
|-fail|p1a: Breloom|par
|
|turn|19
|
|-singleturn|p1a: Breloom|move: Focus Punch
|move|p2a: Dudunsparce|Headbutt|p1a: Breloom
|-damage|p1a: Breloom|76/100 par
|cant|p1a: Breloom|Focus Punch|Focus Punch
|
|turn|20
|
|move|p1a: Breloom|Leech Seed|p2a: Dudunsparce
|-start|p2a: Dudunsparce|move: Leech Seed
|move|p2a: Dudunsparce|Dragon Tail|p1a: Breloom
|-damage|p1a: Breloom|62/100 par
|drag|p1a: Kingambit|Kingambit, F|100/100
|-activate|p1a: Kingambit|ability: Supreme Overlord
|-start|p1a: Kingambit|fallen2|[silent]
|
|-damage|p2a: Dudunsparce|76/100|[from] Leech Seed|[of] p1a: Kingambit
|turn|21
|
|move|p2a: Dudunsparce|Glare|p1a: Kingambit
|-status|p1a: Kingambit|par
|move|p1a: Kingambit|Brick Break|p2a: Dudunsparce
|-supereffective|p2a: Dudunsparce
|-damage|p2a: Dudunsparce|0 fnt
|faint|p2a: Dudunsparce
|
|
|switch|p2a: Clodsire|Clodsire, F|100/100
|-damage|p2a: Clodsire|94/100|[from] Stealth Rock
|turn|22
|
|-end|p1a: Kingambit|fallen2|[silent]
|switch|p1a: Donphan|Donphan, M|100/100
|move|p2a: Clodsire|Mud-Slap|p1a: Donphan
|-damage|p1a: Donphan|96/100
|-unboost|p1a: Donphan|accuracy|1
|
|-heal|p1a: Donphan|100/100|[from] item: Leftovers
|-heal|p2a: Clodsire|100/100|[from] item: Leftovers
|turn|23
|
|switch|p2a: bobm|Bombirdier, M|100/100
|-damage|p2a: bobm|76/100|[from] Stealth Rock
|move|p1a: Donphan|Earthquake|p2a: bobm
|-immune|p2a: bobm
|
|turn|24
|
|move|p2a: bobm|Knock Off|p1a: Donphan
|-damage|p1a: Donphan|56/100
|-enditem|p1a: Donphan|Leftovers|[from] move: Knock Off|[of] p2a: bobm
|move|p1a: Donphan|Seed Bomb|p2a: bobm
|-resisted|p2a: bobm
|-damage|p2a: bobm|57/100
|
|turn|25
|
|switch|p2a: BattleCow Requiem|Tauros-Paldea-Aqua, M|100/100
|-damage|p2a: BattleCow Requiem|94/100|[from] Stealth Rock
|-ability|p2a: BattleCow Requiem|Intimidate|boost
|-unboost|p1a: Donphan|atk|1
|move|p1a: Donphan|Rapid Spin|p2a: BattleCow Requiem
|-damage|p2a: BattleCow Requiem|85/100
|-boost|p1a: Donphan|spe|1
|
|turn|26
|
|move|p2a: BattleCow Requiem|Bulk Up|p2a: BattleCow Requiem
|-boost|p2a: BattleCow Requiem|atk|1
|-boost|p2a: BattleCow Requiem|def|1
|move|p1a: Donphan|Earthquake|p2a: BattleCow Requiem
|-damage|p2a: BattleCow Requiem|65/100
|
|turn|27
|
|move|p2a: BattleCow Requiem|Iron Head|p1a: Donphan
|-damage|p1a: Donphan|31/100
|-heal|p2a: BattleCow Requiem|69/100|[from] item: Shell Bell|[of] p1a: Donphan
|cant|p1a: Donphan|flinch
|
|turn|28
|
|move|p2a: BattleCow Requiem|Bulk Up|p2a: BattleCow Requiem
|-boost|p2a: BattleCow Requiem|atk|1
|-boost|p2a: BattleCow Requiem|def|1
|move|p1a: Donphan|Seed Bomb|p2a: BattleCow Requiem
|-supereffective|p2a: BattleCow Requiem
|-damage|p2a: BattleCow Requiem|52/100
|
|turn|29
|
|switch|p1a: Donphan|Donphan, M|18/100
|move|p2a: BattleCow Requiem|Iron Head|p1a: Donphan
|-damage|p1a: Donphan|0 fnt
|replace|p1a: Zoroark|Zoroark-Hisui, F
|-end|p1a: Zoroark|Illusion
|faint|p1a: Zoroark
|-heal|p2a: BattleCow Requiem|54/100|[from] item: Shell Bell|[of] p1: Zoroark
|
|
|switch|p1a: Donphan|Donphan, M|31/100
|turn|30
|
|move|p2a: BattleCow Requiem|Bulk Up|p2a: BattleCow Requiem
|-boost|p2a: BattleCow Requiem|atk|1
|-boost|p2a: BattleCow Requiem|def|1
|move|p1a: Donphan|Seed Bomb|p2a: BattleCow Requiem
|-supereffective|p2a: BattleCow Requiem
|-damage|p2a: BattleCow Requiem|35/100
|
|turn|31
|
|move|p2a: BattleCow Requiem|Bulk Up|p2a: BattleCow Requiem
|-boost|p2a: BattleCow Requiem|atk|1
|-boost|p2a: BattleCow Requiem|def|1
|move|p1a: Donphan|Seed Bomb|p2a: BattleCow Requiem
|-supereffective|p2a: BattleCow Requiem
|-damage|p2a: BattleCow Requiem|18/100
|
|turn|32
|
|-terastallize|p1a: Donphan|Grass
|move|p2a: BattleCow Requiem|Aqua Jet|p1a: Donphan
|-resisted|p1a: Donphan
|-damage|p1a: Donphan|12/100
|-heal|p2a: BattleCow Requiem|21/100|[from] item: Shell Bell|[of] p1a: Donphan
|move|p1a: Donphan|Seed Bomb|p2a: BattleCow Requiem
|-supereffective|p2a: BattleCow Requiem
|-damage|p2a: BattleCow Requiem|0 fnt
|faint|p2a: BattleCow Requiem
|
|
|switch|p2a: Clodsire|Clodsire, F|100/100
|-damage|p2a: Clodsire|94/100|[from] Stealth Rock
|turn|33
|
|move|p1a: Donphan|Earthquake|p2a: Clodsire
|-supereffective|p2a: Clodsire
|-damage|p2a: Clodsire|0 fnt
|faint|p2a: Clodsire
|
|
|switch|p2a: bobm|Bombirdier, M|57/100
|-damage|p2a: bobm|32/100|[from] Stealth Rock
|turn|34
|
|move|p2a: bobm|Knock Off|p1a: Donphan
|-damage|p1a: Donphan|0 fnt
|faint|p1a: Donphan
|
|
|switch|p1a: Kingambit|Kingambit, F|100/100 par
|-activate|p1a: Kingambit|ability: Supreme Overlord
|-start|p1a: Kingambit|fallen4|[silent]
|turn|35
|
|move|p2a: bobm|Knock Off|p1a: Kingambit
|-resisted|p1a: Kingambit
|-damage|p1a: Kingambit|77/100 par
|-enditem|p1a: Kingambit|Choice Band|[from] move: Knock Off|[of] p2a: bobm
|cant|p1a: Kingambit|par
|
|turn|36
|
|move|p2a: bobm|Knock Off|p1a: Kingambit
|-resisted|p1a: Kingambit
|-damage|p1a: Kingambit|62/100 par
|move|p1a: Kingambit|Brick Break|p2a: bobm
|-damage|p2a: bobm|0 fnt
|faint|p2a: bobm
|
|win|p1
