|poke|p1|Chien-Pao|
|poke|p1|Ursaluna, F|
|poke|p1|Magearna|
|poke|p1|Great Tusk|
|poke|p1|Urshifu-*, F|
|poke|p1|Gholdengo|
|poke|p2|Slowking-Galar, F|
|poke|p2|Great Tusk|
|poke|p2|Moltres-Galar|
|poke|p2|Skeledirge, F|
|poke|p2|Urshifu-*, M|
|poke|p2|Hatterene, F|
|teampreview
|
|start
|switch|p1a: Urshifu|Urshifu-Rapid-Strike, F|100/100
|switch|p2a: Lando V.3|Great Tusk|100/100
|turn|1
|
|-end|p2a: Lando V.3|Protosynthesis|[silent]
|switch|p2a: Reverse Uno|Hatterene, F|100/100
|move|p1a: Urshifu|Surging Strikes|p2a: Reverse Uno
|-crit|p2a: Reverse Uno
|-damage|p2a: Reverse Uno|76/100
|-crit|p2a: Reverse Uno
|-damage|p2a: Reverse Uno|51/100
|-crit|p2a: Reverse Uno
|-damage|p2a: Reverse Uno|28/100
|-hitcount|p2a: Reverse Uno|3
|
|-heal|p2a: Reverse Uno|34/100|[from] item: Leftovers
|turn|2
|
|move|p1a: Urshifu|Surging Strikes|p2a: Reverse Uno
|-crit|p2a: Reverse Uno
|-damage|p2a: Reverse Uno|10/100
|-crit|p2a: Reverse Uno
|-damage|p2a: Reverse Uno|0 fnt
|faint|p2a: Reverse Uno
|-hitcount|p2: Reverse Uno|2
|
|
|switch|p2a: Po|Urshifu-Rapid-Strike, M|100/100
|turn|3
|
|switch|p1a: Gholdengo|Gholdengo|100/100
|move|p2a: Po|Trailblaze|p1a: Gholdengo
|-resisted|p1a: Gholdengo
|-damage|p1a: Gholdengo|90/100
|-boost|p2a: Po|spe|1
|
|turn|4
|
|move|p2a: Po|Surging Strikes|p1a: Gholdengo
|-crit|p1a: Gholdengo
|-damage|p1a: Gholdengo|66/100
|-crit|p1a: Gholdengo
|-damage|p1a: Gholdengo|40/100
|-crit|p1a: Gholdengo
|-damage|p1a: Gholdengo|16/100
|-hitcount|p1a: Gholdengo|3
|move|p1a: Gholdengo|Trick|p2a: Po
|-activate|p1a: Gholdengo|move: Trick|[of] p2a: Po
|-item|p2a: Po|Choice Scarf|[from] move: Trick
|-item|p1a: Gholdengo|Punching Glove|[from] move: Trick
|
|turn|5
|
|switch|p1a: Urshifu|Urshifu-Rapid-Strike, F|100/100
|move|p2a: Po|Surging Strikes|p1a: Urshifu
|-resisted|p1a: Urshifu
|-crit|p1a: Urshifu
|-damage|p1a: Urshifu|91/100
|-resisted|p1a: Urshifu
|-crit|p1a: Urshifu
|-damage|p1a: Urshifu|81/100
|-resisted|p1a: Urshifu
|-crit|p1a: Urshifu
|-damage|p1a: Urshifu|71/100
|-hitcount|p1a: Urshifu|3
|
|turn|6
|
|move|p2a: Po|Surging Strikes|p1a: Urshifu
|-resisted|p1a: Urshifu
|-crit|p1a: Urshifu
|-damage|p1a: Urshifu|61/100
|-resisted|p1a: Urshifu
|-crit|p1a: Urshifu
|-damage|p1a: Urshifu|51/100
|-resisted|p1a: Urshifu
|-crit|p1a: Urshifu
|-damage|p1a: Urshifu|42/100
|-hitcount|p1a: Urshifu|3
|move|p1a: Urshifu|Surging Strikes|p2a: Po
|-resisted|p2a: Po
|-crit|p2a: Po
|-damage|p2a: Po|86/100
|-resisted|p2a: Po
|-crit|p2a: Po
|-damage|p2a: Po|71/100
|-resisted|p2a: Po
|-crit|p2a: Po
|-damage|p2a: Po|57/100
|-hitcount|p2a: Po|3
|
|turn|7
|player|p2|
|player|p2|GamerLui95|266
|
|switch|p1a: Gholdengo|Gholdengo|16/100
|move|p2a: Po|Surging Strikes|p1a: Gholdengo
|-crit|p1a: Gholdengo
|-damage|p1a: Gholdengo|0 fnt
|faint|p1a: Gholdengo
|-hitcount|p1: Gholdengo|1
|
|
|switch|p1a: Urshifu|Urshifu-Rapid-Strike, F|42/100
|turn|8
|
|switch|p2a: Mag Is Balanced|Skeledirge, F|100/100
|move|p1a: Urshifu|Close Combat|p2a: Mag Is Balanced
|-immune|p2a: Mag Is Balanced
|
|turn|9
|
|switch|p1a: Ursaluna|Ursaluna, F|100/100
|move|p2a: Mag Is Balanced|Torch Song|p1a: Ursaluna
|-damage|p1a: Ursaluna|72/100
|-boost|p2a: Mag Is Balanced|spa|1
|
|-status|p1a: Ursaluna|brn|[from] item: Flame Orb
|turn|10
|
|move|p2a: Mag Is Balanced|Torch Song|p1a: Ursaluna
|-damage|p1a: Ursaluna|29/100 brn
|-boost|p2a: Mag Is Balanced|spa|1
|move|p1a: Ursaluna|Headlong Rush|p2a: Mag Is Balanced
|-supereffective|p2a: Mag Is Balanced
|-damage|p2a: Mag Is Balanced|0 fnt
|-unboost|p1a: Ursaluna|def|1
|-unboost|p1a: Ursaluna|spd|1
|faint|p2a: Mag Is Balanced
|
|-damage|p1a: Ursaluna|23/100 brn|[from] brn
|
|switch|p2a: Lando V.3|Great Tusk|100/100
|turn|11
|
|move|p2a: Lando V.3|Close Combat|p1a: Ursaluna
|-supereffective|p1a: Ursaluna
|-damage|p1a: Ursaluna|0 fnt
|-unboost|p2a: Lando V.3|def|1
|-unboost|p2a: Lando V.3|spd|1
|faint|p1a: Ursaluna
|
|
|switch|p1a: Urshifu|Urshifu-Rapid-Strike, F|42/100
|turn|12
|
|move|p2a: Lando V.3|Close Combat|p1a: Urshifu
|-damage|p1a: Urshifu|0 fnt
|-unboost|p2a: Lando V.3|def|1
|-unboost|p2a: Lando V.3|spd|1
|faint|p1a: Urshifu
|
|
|switch|p1a: Chien-Pao|Chien-Pao|100/100
|-ability|p1a: Chien-Pao|Sword of Ruin
|turn|13
|
|-end|p2a: Lando V.3|Protosynthesis|[silent]
|switch|p2a: Slowking|Slowking-Galar, F|100/100
|move|p1a: Chien-Pao|Ice Spinner|p2a: Slowking
|-damage|p2a: Slowking|44/100
|
|turn|14
|
|move|p1a: Chien-Pao|Ice Spinner|p2a: Slowking
|-damage|p2a: Slowking|0 fnt
|faint|p2a: Slowking
|
|
|switch|p2a: Po|Urshifu-Rapid-Strike, M|57/100
|turn|15
|
|switch|p1a: Magearna|Magearna|100/100
|move|p2a: Po|Surging Strikes|p1a: Magearna
|-crit|p1a: Magearna
|-damage|p1a: Magearna|82/100
|-crit|p1a: Magearna
|-damage|p1a: Magearna|64/100
|-crit|p1a: Magearna
|-damage|p1a: Magearna|49/100
|-hitcount|p1a: Magearna|3
|
|turn|16
|
|-terastallize|p2a: Po|Water
|move|p2a: Po|Surging Strikes|p1a: Magearna
|-crit|p1a: Magearna
|-damage|p1a: Magearna|28/100
|-crit|p1a: Magearna
|-damage|p1a: Magearna|5/100
|-crit|p1a: Magearna
|-damage|p1a: Magearna|0 fnt
|faint|p1a: Magearna
|-hitcount|p1: Magearna|3
|
|
|switch|p1a: Chien-Pao|Chien-Pao|100/100
|-ability|p1a: Chien-Pao|Sword of Ruin
|turn|17
|
|-terastallize|p1a: Chien-Pao|Dark
|move|p1a: Chien-Pao|Sucker Punch|p2a: Po
|-damage|p2a: Po|0 fnt
|faint|p2a: Po
|
|
|switch|p2a: Lando V.3|Great Tusk|100/100
|turn|18
|
|move|p2a: Lando V.3|Close Combat|p1a: Chien-Pao
|-supereffective|p1a: Chien-Pao
|-damage|p1a: Chien-Pao|0 fnt
|-unboost|p2a: Lando V.3|def|1
|-unboost|p2a: Lando V.3|spd|1
|faint|p1a: Chien-Pao
|
|-message|WillLiftForFood forfeited.
|
|win|GamerLui95
