|poke|p1|Lilligant-Hisui, F|
|poke|p1|Magearna|
|poke|p1|Roaring Moon|
|poke|p1|Zamazenta-*|
|poke|p1|Volcarona, F|
|poke|p1|Great Tusk|
|poke|p2|Pelipper, M|
|poke|p2|Basculegion, M|
|poke|p2|Inteleon, M|
|poke|p2|Barraskewda, M|
|poke|p2|Urshifu-*, M|
|poke|p2|Thundurus-Therian, M|
|teampreview
|
|start
|switch|p1a: Volcarona|Volcarona, F|100/100
|switch|p2a: Pelipper|Pelipper, M|100/100
|-weather|RainDance|[from] ability: Drizzle|[of] p2a: Pelipper
|turn|1
|
|move|p1a: Volcarona|Will-O-Wisp|p2a: Pelipper
|-status|p2a: Pelipper|brn
|move|p2a: Pelipper|U-turn|p1a: Volcarona
|-resisted|p1a: Volcarona
|-damage|p1a: Volcarona|97/100
|
|switch|p2a: Basculegion|Basculegion, M|100/100|[from] U-turn
|
|-weather|RainDance|[upkeep]
|turn|2
|
|-terastallize|p2a: Basculegion|Water
|-terastallize|p1a: Volcarona|Grass
|move|p2a: Basculegion|Wave Crash|p1a: Volcarona
|-resisted|p1a: Volcarona
|-damage|p1a: Volcarona|0 fnt
|faint|p1a: Volcarona
|-damage|p2a: Basculegion|75/100|[from] Recoil
|
|-weather|RainDance|[upkeep]
|
|switch|p1a: Roaring Moon|Roaring Moon|100/100
|turn|3
|
|move|p2a: Basculegion|Wave Crash|p1a: Roaring Moon
|-resisted|p1a: Roaring Moon
|-damage|p1a: Roaring Moon|0 fnt
|faint|p1a: Roaring Moon
|-end|p1a: Roaring Moon|Protosynthesis|[silent]
|-damage|p2a: Basculegion|44/100|[from] Recoil
|
|-weather|RainDance|[upkeep]
|
|switch|p1a: Zamazenta|Zamazenta|100/100
|-ability|p1a: Zamazenta|Dauntless Shield|boost
|-boost|p1a: Zamazenta|def|1
|turn|4
|
|move|p2a: Basculegion|Wave Crash|p1a: Zamazenta
|-damage|p1a: Zamazenta|0 fnt
|faint|p1a: Zamazenta
|-damage|p2a: Basculegion|16/100|[from] Recoil
|
|-weather|RainDance|[upkeep]
|
|switch|p1a: Great Tusk|Great Tusk|100/100
|turn|5
|
|move|p2a: Basculegion|Wave Crash|p1a: Great Tusk
|-supereffective|p1a: Great Tusk
|-damage|p1a: Great Tusk|0 fnt
|faint|p1a: Great Tusk
|-end|p1a: Great Tusk|Protosynthesis|[silent]
|-damage|p2a: Basculegion|0 fnt|[from] Recoil
|faint|p2a: Basculegion
|
|-weather|RainDance|[upkeep]
|
|switch|p1a: Lilligant|Lilligant-Hisui, F|100/100
|switch|p2a: Barraskewda|Barraskewda, M|100/100
|turn|6
|
|move|p2a: Barraskewda|Psychic Fangs|p1a: Lilligant
|-supereffective|p1a: Lilligant
|-damage|p1a: Lilligant|0 fnt
|faint|p1a: Lilligant
|-damage|p2a: Barraskewda|91/100|[from] item: Life Orb
|
|-weather|RainDance|[upkeep]
|
|switch|p1a: Magearna|Magearna|100/100
|turn|7
|
|move|p2a: Barraskewda|Liquidation|p1a: Magearna
|-crit|p1a: Magearna
|-damage|p1a: Magearna|0 fnt
|faint|p1a: Magearna
|-damage|p2a: Barraskewda|81/100|[from] item: Life Orb
|
|win|Piccaki
|l|☆A-Z Flo
