|poke|p1|Samurott-Hisui, M|
|poke|p1|Chien-Pao|
|poke|p1|Skeledirge, F|
|poke|p1|Great Tusk|
|poke|p1|Sneasler, F|
|poke|p1|Rotom-Wash|
|poke|p2|Glimmora, M|
|poke|p2|Dragapult, M|
|poke|p2|Gholdengo|
|poke|p2|Magearna|
|poke|p2|Volcarona, M|
|poke|p2|Urshifu-*, F|
|teampreview
|
|start
|switch|p1a: Skeledirge|Skeledirge, F|100/100
|switch|p2a: Gholdengo|Gholdengo|100/100
|-item|p2a: Gholdengo|Air Balloon
|turn|1
|
|switch|p2a: Glimmora|Glimmora, M|100/100
|-terastallize|p1a: Skeledirge|Fairy
|move|p1a: Skeledirge|Torch Song|p2a: Glimmora
|-resisted|p2a: Glimmora
|-damage|p2a: Glimmora|71/100
|-boost|p1a: Skeledirge|spa|1
|
|turn|2
|
|move|p2a: Glimmora|Stealth Rock|p1a: Skeledirge
|-sidestart|p1: p1|move: Stealth Rock
|move|p1a: Skeledirge|Earth Power|p2a: Glimmora
|-supereffective|p2a: Glimmora
|-damage|p2a: Glimmora|0 fnt
|faint|p2a: Glimmora
|
|
|switch|p2a: Dragapult|Dragapult, M|100/100
|turn|3
|
|move|p2a: Dragapult|Light Screen|p2a: Dragapult
|-sidestart|p2: p2|move: Light Screen
|move|p1a: Skeledirge|Shadow Ball|p2a: Dragapult
|-supereffective|p2a: Dragapult
|-damage|p2a: Dragapult|26/100
|
|turn|4
|
|move|p2a: Dragapult|Curse|p1a: Skeledirge
|-start|p1a: Skeledirge|Curse|[of] p2a: Dragapult
|-damage|p2a: Dragapult|0 fnt
|faint|p2a: Dragapult
|move|p1a: Skeledirge|Shadow Ball|p2: Dragapult|[notarget]
|-fail|p1a: Skeledirge
|
|-damage|p1a: Skeledirge|75/100|[from] Curse
|
|switch|p2a: Volcarona|Volcarona, M|100/100
|turn|5
|
|switch|p1a: Rotom|Rotom-Wash|100/100
|-damage|p1a: Rotom|88/100|[from] Stealth Rock
|move|p2a: Volcarona|Quiver Dance|p2a: Volcarona
|-boost|p2a: Volcarona|spa|1
|-boost|p2a: Volcarona|spd|1
|-boost|p2a: Volcarona|spe|1
|
|-heal|p1a: Rotom|94/100|[from] item: Leftovers
|turn|6
|
|move|p2a: Volcarona|Quiver Dance|p2a: Volcarona
|-boost|p2a: Volcarona|spa|1
|-boost|p2a: Volcarona|spd|1
|-boost|p2a: Volcarona|spe|1
|move|p1a: Rotom|Thunder Wave|p2a: Volcarona
|-status|p2a: Volcarona|par
|
|-heal|p1a: Rotom|100/100|[from] item: Leftovers
|turn|7
|
|move|p2a: Volcarona|Quiver Dance|p2a: Volcarona
|-boost|p2a: Volcarona|spa|1
|-boost|p2a: Volcarona|spd|1
|-boost|p2a: Volcarona|spe|1
|move|p1a: Rotom|Volt Switch|p2a: Volcarona
|-damage|p2a: Volcarona|96/100 par
|
|switch|p1a: Skeledirge|Skeledirge, F, tera:Fairy|75/100|[from] Volt Switch
|-damage|p1a: Skeledirge|63/100|[from] Stealth Rock
|
|-heal|p1a: Skeledirge|69/100|[from] item: Leftovers
|turn|8
|
|cant|p2a: Volcarona|par
|move|p1a: Skeledirge|Slack Off|p1a: Skeledirge
|-heal|p1a: Skeledirge|100/100
|
|turn|9
|
|move|p2a: Volcarona|Quiver Dance|p2a: Volcarona
|-boost|p2a: Volcarona|spa|1
|-boost|p2a: Volcarona|spd|1
|-boost|p2a: Volcarona|spe|1
|move|p1a: Skeledirge|Torch Song|p2a: Volcarona
|-damage|p2a: Volcarona|73/100 par
|-boost|p1a: Skeledirge|spa|1
|
|turn|10
|
|move|p2a: Volcarona|Fiery Dance|p1a: Skeledirge
|-damage|p1a: Skeledirge|54/100
|-boost|p2a: Volcarona|spa|1
|move|p1a: Skeledirge|Torch Song|p2a: Volcarona
|-damage|p2a: Volcarona|39/100 par
|-boost|p1a: Skeledirge|spa|1
|
|-heal|p1a: Skeledirge|60/100|[from] item: Leftovers
|-sideend|p2: p2|move: Light Screen
|turn|11
|
|-terastallize|p2a: Volcarona|Ground
|move|p2a: Volcarona|Giga Drain|p1a: Skeledirge
|-damage|p1a: Skeledirge|34/100
|-heal|p2a: Volcarona|56/100 par|[from] drain|[of] p1a: Skeledirge
|move|p1a: Skeledirge|Slack Off|p1a: Skeledirge
|-heal|p1a: Skeledirge|84/100
|
|-heal|p1a: Skeledirge|90/100|[from] item: Leftovers
|turn|12
|
|move|p2a: Volcarona|Giga Drain|p1a: Skeledirge
|-damage|p1a: Skeledirge|64/100
|-heal|p2a: Volcarona|74/100 par|[from] drain|[of] p1a: Skeledirge
|move|p1a: Skeledirge|Torch Song|p2a: Volcarona
|-damage|p2a: Volcarona|0 fnt
|-boost|p1a: Skeledirge|spa|1
|faint|p2a: Volcarona
|
|-heal|p1a: Skeledirge|70/100|[from] item: Leftovers
|
|switch|p2a: Gholdengo|Gholdengo|100/100
|-item|p2a: Gholdengo|Air Balloon
|turn|13
|
|switch|p1a: Rotom|Rotom-Wash|100/100
|-damage|p1a: Rotom|88/100|[from] Stealth Rock
|move|p2a: Gholdengo|Shadow Ball|p1a: Rotom
|-damage|p1a: Rotom|42/100
|
|-heal|p1a: Rotom|48/100|[from] item: Leftovers
|turn|14
|
|move|p2a: Gholdengo|Shadow Ball|p1a: Rotom
|-damage|p1a: Rotom|2/100
|move|p1a: Rotom|Volt Switch|p2a: Gholdengo
|-damage|p2a: Gholdengo|76/100
|-enditem|p2a: Gholdengo|Air Balloon
|
|switch|p1a: Great Tusk|Great Tusk|100/100|[from] Volt Switch
|
|turn|15
|
|move|p1a: Great Tusk|Headlong Rush|p2a: Gholdengo
|-supereffective|p2a: Gholdengo
|-damage|p2a: Gholdengo|0 fnt
|-unboost|p1a: Great Tusk|def|1
|-unboost|p1a: Great Tusk|spd|1
|faint|p2a: Gholdengo
|
|
|switch|p2a: Urshifu|Urshifu-Rapid-Strike, F|100/100
|turn|16
|
|move|p2a: Urshifu|Trailblaze|p1a: Great Tusk
|-supereffective|p1a: Great Tusk
|-damage|p1a: Great Tusk|60/100
|-boost|p2a: Urshifu|spe|1
|move|p1a: Great Tusk|Rapid Spin|p2a: Urshifu
|-damage|p2a: Urshifu|82/100
|-boost|p1a: Great Tusk|spe|1
|-sideend|p1: p1|Stealth Rock|[from] move: Rapid Spin|[of] p1a: Great Tusk
|
|turn|17
|
|move|p2a: Urshifu|Surging Strikes|p1a: Great Tusk
|-supereffective|p1a: Great Tusk
|-crit|p1a: Great Tusk
|-damage|p1a: Great Tusk|14/100
|-supereffective|p1a: Great Tusk
|-crit|p1a: Great Tusk
|-damage|p1a: Great Tusk|0 fnt
|faint|p1a: Great Tusk
|-end|p1a: Great Tusk|Protosynthesis|[silent]
|-hitcount|p1: Great Tusk|2
|
|
|switch|p1a: Samurott|Samurott-Hisui, M|100/100
|turn|18
|
|move|p2a: Urshifu|Close Combat|p1a: Samurott
|-supereffective|p1a: Samurott
|-damage|p1a: Samurott|0 fnt
|-unboost|p2a: Urshifu|def|1
|-unboost|p2a: Urshifu|spd|1
|faint|p1a: Samurott
|
|
|switch|p1a: Skeledirge|Skeledirge, F, tera:Fairy|70/100
|turn|19
|
|move|p2a: Urshifu|Surging Strikes|p1a: Skeledirge
|-crit|p1a: Skeledirge
|-damage|p1a: Skeledirge|53/100
|-crit|p1a: Skeledirge
|-damage|p1a: Skeledirge|36/100
|-crit|p1a: Skeledirge
|-damage|p1a: Skeledirge|19/100
|-hitcount|p1a: Skeledirge|3
|move|p1a: Skeledirge|Slack Off|p1a: Skeledirge
|-heal|p1a: Skeledirge|69/100
|
|-heal|p1a: Skeledirge|75/100|[from] item: Leftovers
|turn|20
|
|move|p2a: Urshifu|Swords Dance|p2a: Urshifu
|-boost|p2a: Urshifu|atk|2
|move|p1a: Skeledirge|Slack Off|p1a: Skeledirge
|-heal|p1a: Skeledirge|100/100
|
|turn|21
|
|move|p2a: Urshifu|Surging Strikes|p1a: Skeledirge
|-crit|p1a: Skeledirge
|-damage|p1a: Skeledirge|85/100
|-crit|p1a: Skeledirge
|-damage|p1a: Skeledirge|70/100
|-crit|p1a: Skeledirge
|-damage|p1a: Skeledirge|52/100
|-hitcount|p1a: Skeledirge|3
|move|p1a: Skeledirge|Shadow Ball|p2a: Urshifu
|-damage|p2a: Urshifu|24/100
|
|-heal|p1a: Skeledirge|58/100|[from] item: Leftovers
|turn|22
|
|move|p2a: Urshifu|Surging Strikes|p1a: Skeledirge
|-crit|p1a: Skeledirge
|-damage|p1a: Skeledirge|42/100
|-crit|p1a: Skeledirge
|-damage|p1a: Skeledirge|26/100
|-crit|p1a: Skeledirge
|-damage|p1a: Skeledirge|9/100
|-hitcount|p1a: Skeledirge|3
|move|p1a: Skeledirge|Slack Off|p1a: Skeledirge
|-heal|p1a: Skeledirge|59/100
|
|-heal|p1a: Skeledirge|65/100|[from] item: Leftovers
|turn|23
|
|move|p2a: Urshifu|Surging Strikes|p1a: Skeledirge
|-crit|p1a: Skeledirge
|-damage|p1a: Skeledirge|50/100
|-crit|p1a: Skeledirge
|-damage|p1a: Skeledirge|33/100
|-crit|p1a: Skeledirge
|-damage|p1a: Skeledirge|17/100
|-hitcount|p1a: Skeledirge|3
|move|p1a: Skeledirge|Shadow Ball|p2a: Urshifu
|-damage|p2a: Urshifu|0 fnt
|faint|p2a: Urshifu
|
|-heal|p1a: Skeledirge|24/100|[from] item: Leftovers
|
|switch|p2a: Magearna|Magearna|100/100
|turn|24
|
|move|p2a: Magearna|Calm Mind|p2a: Magearna
|-boost|p2a: Magearna|spa|1
|-boost|p2a: Magearna|spd|1
|move|p1a: Skeledirge|Slack Off|p1a: Skeledirge
|-heal|p1a: Skeledirge|74/100
|
|-heal|p1a: Skeledirge|80/100|[from] item: Leftovers
|turn|25
|
|move|p2a: Magearna|Draining Kiss|p1a: Skeledirge
|-damage|p1a: Skeledirge|56/100
|move|p1a: Skeledirge|Torch Song|p2a: Magearna
|-supereffective|p2a: Magearna
|-crit|p2a: Magearna
|-damage|p2a: Magearna|0 fnt
|-boost|p1a: Skeledirge|spa|1
|faint|p2a: Magearna
|
|win|p1
