|poke|p1|Samurott-Hisui, F|
|poke|p1|Sneasler, F|
|poke|p1|Magearna|
|poke|p1|Heatran, F|
|poke|p1|Toxapex, F|
|poke|p1|Great Tusk|
|poke|p2|Kingambit, F|
|poke|p2|Garchomp, F|
|poke|p2|Hatterene, F|
|poke|p2|Corviknight, M|
|poke|p2|Samurott-Hisui, M|
|poke|p2|Lilligant-Hisui, F|
|teampreview
|
|start
|switch|p1a: Unholy|Magearna|100/100
|switch|p2a: Lilligant|Lilligant-Hisui, F|100/100
|turn|1
|
|switch|p2a: Corviknight|Corviknight, M|100/100
|-ability|p2a: Corviknight|Pressure
|move|p1a: Unholy|Volt Switch|p2a: Corviknight
|-supereffective|p2a: Corviknight
|-damage|p2a: Corviknight|62/100
|
|switch|p1a: Heatrick|Heatran, F, shiny|100/100|[from] Volt Switch
|
|turn|2
|
|switch|p2a: Samurott|Samurott-Hisui, M|100/100
|move|p1a: Heatrick|Stealth Rock|p2a: Samurott
|-sidestart|p2: p2|move: Stealth Rock
|
|turn|3
|
|switch|p1a: Tuskothy|Great Tusk|100/100
|move|p2a: Samurott|Aqua Cutter|p1a: Tuskothy
|-supereffective|p1a: Tuskothy
|-damage|p1a: Tuskothy|41/100
|
|-heal|p1a: Tuskothy|47/100|[from] item: Leftovers
|turn|4
|
|-end|p1a: Tuskothy|Protosynthesis|[silent]
|switch|p1a: Pexathan|Toxapex, F|100/100
|move|p2a: Samurott|Swords Dance|p2a: Samurott
|-boost|p2a: Samurott|atk|2
|
|turn|5
|
|move|p2a: Samurott|Ceaseless Edge|p1a: Pexathan
|-damage|p1a: Pexathan|40/100
|-sidestart|p1: p1|Spikes
|-damage|p2a: Samurott|84/100|[from] item: Rocky Helmet|[of] p1a: Pexathan
|move|p1a: Pexathan|Toxic|p2a: Samurott
|-status|p2a: Samurott|tox
|
|-damage|p2a: Samurott|78/100 tox|[from] psn
|turn|6
|
|switch|p1a: Cease to exist|Samurott-Hisui, F, shiny|100/100
|-damage|p1a: Cease to exist|88/100|[from] Spikes
|move|p2a: Samurott|Ceaseless Edge|p1a: Cease to exist
|-resisted|p1a: Cease to exist
|-damage|p1a: Cease to exist|21/100
|-sidestart|p1: p1|Spikes
|
|-heal|p1a: Cease to exist|27/100|[from] item: Leftovers
|-damage|p2a: Samurott|65/100 tox|[from] psn
|turn|7
|
|move|p2a: Samurott|Sucker Punch|p1a: Cease to exist
|-resisted|p1a: Cease to exist
|-damage|p1a: Cease to exist|0 fnt
|faint|p1a: Cease to exist
|
|-damage|p2a: Samurott|47/100 tox|[from] psn
|
|switch|p1a: Cheese touch|Sneasler, F, shiny|100/100
|-damage|p1a: Cheese touch|84/100|[from] Spikes
|turn|8
|
|switch|p1a: Pexathan|Toxapex, F|74/100
|-damage|p1a: Pexathan|57/100|[from] Spikes
|switch|p2a: Corviknight|Corviknight, M|62/100
|-damage|p2a: Corviknight|49/100|[from] Stealth Rock
|-ability|p2a: Corviknight|Pressure
|
|turn|9
|
|move|p2a: Corviknight|Roost|p2a: Corviknight
|-heal|p2a: Corviknight|99/100
|-singleturn|p2a: Corviknight|move: Roost
|move|p1a: Pexathan|Recover|p1a: Pexathan
|-heal|p1a: Pexathan|100/100
|
|turn|10
|
|switch|p2a: Samurott|Samurott-Hisui, M|47/100 tox
|-damage|p2a: Samurott|34/100 tox|[from] Stealth Rock
|move|p1a: Pexathan|Toxic|p2a: Samurott
|-fail|p2a: Samurott|tox
|
|-damage|p2a: Samurott|28/100 tox|[from] psn
|turn|11
|
|move|p2a: Samurott|Ceaseless Edge|p1a: Pexathan
|-damage|p1a: Pexathan|71/100
|-sidestart|p1: p1|Spikes
|-damage|p2a: Samurott|11/100 tox|[from] item: Rocky Helmet|[of] p1a: Pexathan
|move|p1a: Pexathan|Surf|p2a: Samurott
|-resisted|p2a: Samurott
|-damage|p2a: Samurott|0 fnt
|faint|p2a: Samurott
|
|
|switch|p2a: Lilligant|Lilligant-Hisui, F|100/100
|-damage|p2a: Lilligant|94/100|[from] Stealth Rock
|turn|12
|
|move|p2a: Lilligant|Swords Dance|p2a: Lilligant
|-boost|p2a: Lilligant|atk|2
|move|p1a: Pexathan|Toxic|p2a: Lilligant
|-status|p2a: Lilligant|tox
|
|-heal|p2a: Lilligant|100/100 tox|[from] item: Leftovers
|-damage|p2a: Lilligant|94/100 tox|[from] psn
|turn|13
|
|-terastallize|p1a: Pexathan|Dragon
|move|p2a: Lilligant|Leaf Blade|p1a: Pexathan
|-resisted|p1a: Pexathan
|-damage|p1a: Pexathan|45/100
|-damage|p2a: Lilligant|78/100 tox|[from] item: Rocky Helmet|[of] p1a: Pexathan
|move|p1a: Pexathan|Recover|p1a: Pexathan
|-heal|p1a: Pexathan|95/100
|
|-heal|p2a: Lilligant|84/100 tox|[from] item: Leftovers
|-damage|p2a: Lilligant|72/100 tox|[from] psn
|turn|14
|
|move|p2a: Lilligant|Victory Dance|p2a: Lilligant
|-boost|p2a: Lilligant|atk|1
|-boost|p2a: Lilligant|def|1
|-boost|p2a: Lilligant|spe|1
|move|p1a: Pexathan|Surf|p2a: Lilligant
|-resisted|p2a: Lilligant
|-damage|p2a: Lilligant|58/100 tox
|
|-heal|p2a: Lilligant|64/100 tox|[from] item: Leftovers
|-damage|p2a: Lilligant|46/100 tox|[from] psn
|turn|15
|
|move|p2a: Lilligant|Close Combat|p1a: Pexathan
|-damage|p1a: Pexathan|6/100
|-unboost|p2a: Lilligant|def|1
|-unboost|p2a: Lilligant|spd|1
|-damage|p2a: Lilligant|30/100 tox|[from] item: Rocky Helmet|[of] p1a: Pexathan
|move|p1a: Pexathan|Haze|p1a: Pexathan
|-clearallboost
|
|-heal|p2a: Lilligant|36/100 tox|[from] item: Leftovers
|-damage|p2a: Lilligant|12/100 tox|[from] psn
|turn|16
|
|move|p2a: Lilligant|Close Combat|p1a: Pexathan
|-damage|p1a: Pexathan|0 fnt
|-unboost|p2a: Lilligant|def|1
|-unboost|p2a: Lilligant|spd|1
|-damage|p2a: Lilligant|0 fnt|[from] item: Rocky Helmet|[of] p1a: Pexathan
|faint|p1a: Pexathan
|faint|p2a: Lilligant
|
|
|switch|p2a: Garchomp|Garchomp, F|100/100
|switch|p1a: Unholy|Magearna|100/100
|-damage|p2a: Garchomp|94/100|[from] Stealth Rock
|-damage|p1a: Unholy|75/100|[from] Spikes
|turn|17
|
|switch|p2a: Corviknight|Corviknight, M|99/100
|-damage|p2a: Corviknight|87/100|[from] Stealth Rock
|-ability|p2a: Corviknight|Pressure
|move|p1a: Unholy|Ice Beam|p2a: Corviknight
|-damage|p2a: Corviknight|62/100
|
|-heal|p1a: Unholy|82/100|[from] item: Leftovers
|turn|18
|
|move|p2a: Corviknight|U-turn|p1a: Unholy
|-resisted|p1a: Unholy
|-damage|p1a: Unholy|79/100
|
|switch|p2a: Hatterene|Hatterene, F|100/100|[from] U-turn
|-damage|p2a: Hatterene|88/100|[from] Stealth Rock
|move|p1a: Unholy|Volt Switch|p2a: Hatterene
|-damage|p2a: Hatterene|66/100
|
|switch|p1a: Tuskothy|Great Tusk|47/100|[from] Volt Switch
|-damage|p1a: Tuskothy|22/100|[from] Spikes
|
|-heal|p1a: Tuskothy|29/100|[from] item: Leftovers
|-heal|p2a: Hatterene|72/100|[from] item: Leftovers
|turn|19
|
|move|p1a: Tuskothy|Rapid Spin|p2a: Hatterene
|-damage|p2a: Hatterene|61/100
|-boost|p1a: Tuskothy|spe|1
|-sideend|p1: p1|Spikes|[from] move: Rapid Spin|[of] p1a: Tuskothy
|move|p2a: Hatterene|Draining Kiss|p1a: Tuskothy
|-supereffective|p1a: Tuskothy
|-damage|p1a: Tuskothy|0 fnt
|-heal|p2a: Hatterene|89/100|[from] drain|[of] p1a: Tuskothy
|faint|p1a: Tuskothy
|-end|p1a: Tuskothy|Protosynthesis|[silent]
|
|-heal|p2a: Hatterene|95/100|[from] item: Leftovers
|
|switch|p1a: Heatrick|Heatran, F, shiny|100/100
|turn|20
|
|move|p1a: Heatrick|Magma Storm|p2a: Hatterene|[miss]
|-miss|p1a: Heatrick|p2a: Hatterene
|move|p2a: Hatterene|Calm Mind|p2a: Hatterene
|-boost|p2a: Hatterene|spa|1
|-boost|p2a: Hatterene|spd|1
|
|-heal|p2a: Hatterene|100/100|[from] item: Leftovers
|turn|21
|
|-terastallize|p2a: Hatterene|Water
|move|p1a: Heatrick|Magma Storm|p2a: Hatterene
|-resisted|p2a: Hatterene
|-crit|p2a: Hatterene
|-damage|p2a: Hatterene|60/100
|-activate|p2a: Hatterene|move: Magma Storm|[of] p1a: Heatrick
|move|p2a: Hatterene|Calm Mind|p2a: Hatterene
|-boost|p2a: Hatterene|spa|1
|-boost|p2a: Hatterene|spd|1
|
|-heal|p2a: Hatterene|66/100|[from] item: Leftovers
|-damage|p2a: Hatterene|54/100|[from] move: Magma Storm|[partiallytrapped]
|turn|22
|
|move|p1a: Heatrick|Earth Power|p2a: Hatterene
|-damage|p2a: Hatterene|37/100
|-unboost|p2a: Hatterene|spd|1
|move|p2a: Hatterene|Calm Mind|p2a: Hatterene
|-boost|p2a: Hatterene|spa|1
|-boost|p2a: Hatterene|spd|1
|
|-heal|p2a: Hatterene|43/100|[from] item: Leftovers
|-damage|p2a: Hatterene|30/100|[from] move: Magma Storm|[partiallytrapped]
|turn|23
|
|move|p1a: Heatrick|Earth Power|p2a: Hatterene
|-damage|p2a: Hatterene|13/100
|move|p2a: Hatterene|Draining Kiss|p1a: Heatrick
|-resisted|p1a: Heatrick
|-damage|p1a: Heatrick|88/100
|-heal|p2a: Hatterene|23/100|[from] drain|[of] p1a: Heatrick
|
|-heal|p1a: Heatrick|94/100|[from] item: Leftovers
|-heal|p2a: Hatterene|29/100|[from] item: Leftovers
|-damage|p2a: Hatterene|17/100|[from] move: Magma Storm|[partiallytrapped]
|turn|24
|
|move|p1a: Heatrick|Earth Power|p2a: Hatterene
|-damage|p2a: Hatterene|2/100
|-unboost|p2a: Hatterene|spd|1
|move|p2a: Hatterene|Stored Power|p1a: Heatrick
|-resisted|p1a: Heatrick
|-damage|p1a: Heatrick|45/100
|
|-heal|p1a: Heatrick|51/100|[from] item: Leftovers
|-heal|p2a: Hatterene|8/100|[from] item: Leftovers
|-damage|p2a: Hatterene|0 fnt|[from] move: Magma Storm|[partiallytrapped]
|faint|p2a: Hatterene
|
|switch|p2a: Garchomp|Garchomp, F|94/100
|-damage|p2a: Garchomp|88/100|[from] Stealth Rock
|turn|25
|
|move|p2a: Garchomp|Substitute|p2a: Garchomp
|-start|p2a: Garchomp|Substitute
|-damage|p2a: Garchomp|63/100
|move|p1a: Heatrick|Earth Power|p2a: Garchomp
|-end|p2a: Garchomp|Substitute
|
|-heal|p2a: Garchomp|69/100|[from] item: Leftovers
|-heal|p1a: Heatrick|57/100|[from] item: Leftovers
|turn|26
|
|move|p2a: Garchomp|Earthquake|p1a: Heatrick
|-supereffective|p1a: Heatrick
|-damage|p1a: Heatrick|0 fnt
|faint|p1a: Heatrick
|
|-heal|p2a: Garchomp|76/100|[from] item: Leftovers
|
|switch|p1a: Unholy|Magearna|79/100
|turn|27
|
|move|p2a: Garchomp|Substitute|p2a: Garchomp
|-start|p2a: Garchomp|Substitute
|-damage|p2a: Garchomp|51/100
|move|p1a: Unholy|Ice Beam|p2a: Garchomp
|-supereffective|p2a: Garchomp
|-end|p2a: Garchomp|Substitute
|
|-heal|p2a: Garchomp|57/100|[from] item: Leftovers
|-heal|p1a: Unholy|85/100|[from] item: Leftovers
|turn|28
|
|move|p2a: Garchomp|Earthquake|p1a: Unholy
|-supereffective|p1a: Unholy
|-damage|p1a: Unholy|22/100
|move|p1a: Unholy|Ice Beam|p2a: Garchomp
|-supereffective|p2a: Garchomp
|-damage|p2a: Garchomp|0 fnt
|faint|p2a: Garchomp
|-ability|p1a: Unholy|Soul-Heart|boost
|-boost|p1a: Unholy|spa|1
|
|-heal|p1a: Unholy|28/100|[from] item: Leftovers
|
|switch|p2a: Kingambit|Kingambit, F|100/100
|-damage|p2a: Kingambit|94/100|[from] Stealth Rock
|-activate|p2a: Kingambit|ability: Supreme Overlord
|-start|p2a: Kingambit|fallen4|[silent]
|turn|29
|
|move|p1a: Unholy|Pain Split|p2a: Kingambit
|-sethp|p2a: Kingambit|60/100|[from] move: Pain Split|[silent]
|-sethp|p1a: Unholy|66/100|[from] move: Pain Split
|move|p2a: Kingambit|Swords Dance|p2a: Kingambit
|-boost|p2a: Kingambit|atk|2
|
|-heal|p1a: Unholy|72/100|[from] item: Leftovers
|-heal|p2a: Kingambit|66/100|[from] item: Leftovers
|turn|30
|
|move|p1a: Unholy|Fleur Cannon|p2a: Kingambit
|-damage|p2a: Kingambit|0 fnt
|-unboost|p1a: Unholy|spa|2
|faint|p2a: Kingambit
|-ability|p1a: Unholy|Soul-Heart|boost
|-boost|p1a: Unholy|spa|1
|-end|p2a: Kingambit|fallen4|[silent]
|
|-heal|p1a: Unholy|79/100|[from] item: Leftovers
|-message|p2 forfeited.
|
|win|p1
