|poke|p1|Landorus-Therian, M|
|poke|p1|Pelipper, F|
|poke|p1|Overqwil, M|
|poke|p1|Thundurus-Therian, M|
|poke|p1|Sneasler, F|
|poke|p1|Rillaboom, M|
|poke|p2|Iron Treads|
|poke|p2|Samurott-Hisui, F|
|poke|p2|Landorus-Therian, M|
|poke|p2|Volcarona, M|
|poke|p2|Urshifu-*, F|
|poke|p2|Dragapult, F|
|teampreview
|j| yomaalt
|
|start
|switch|p1a: Landorus|Landorus-Therian, M|100/100
|switch|p2a: Samurott|Samurott-Hisui, F|100/100
|-ability|p1a: Landorus|Intimidate|boost
|-unboost|p2a: Samurott|atk|1
|turn|1
|j| kdports
|
|move|p1a: Landorus|Stealth Rock|p2a: Samurott
|-sidestart|p2: bludgeoning angel|move: Stealth Rock
|move|p2a: Samurott|Razor Shell|p1a: Landorus
|-supereffective|p1a: Landorus
|-damage|p1a: Landorus|32/100
|-damage|p2a: Samurott|84/100|[from] item: Rocky Helmet|[of] p1a: Landorus
|
|turn|2
|
|move|p1a: Landorus|U-turn|p2a: Samurott
|-supereffective|p2a: Samurott
|-damage|p2a: Samurott|30/100
|
|switch|p1a: Pelipper|Pelipper, F|100/100|[from] U-turn
|-weather|RainDance|[from] ability: Drizzle|[of] p1a: Pelipper
|move|p2a: Samurott|Ceaseless Edge|p1a: Pelipper
|-damage|p1a: Pelipper|75/100
|-sidestart|p1: Maikel2603XD|Spikes
|
|-weather|RainDance|[upkeep]
|turn|3
|
|move|p2a: Samurott|Ceaseless Edge|p1a: Pelipper
|-damage|p1a: Pelipper|53/100
|-sidestart|p1: Maikel2603XD|Spikes
|move|p1a: Pelipper|U-turn|p2a: Samurott
|-supereffective|p2a: Samurott
|-damage|p2a: Samurott|6/100
|
|switch|p1a: Landorus|Landorus-Therian, M|32/100|[from] U-turn
|-ability|p1a: Landorus|Intimidate|boost
|-unboost|p2a: Samurott|atk|1
|
|-weather|RainDance|[upkeep]
|turn|4
|
|move|p1a: Landorus|U-turn|p2a: Samurott
|-supereffective|p2a: Samurott
|-damage|p2a: Samurott|0 fnt
|faint|p2a: Samurott
|
|switch|p1a: Overqwil|Overqwil, M|100/100|[from] U-turn
|-damage|p1a: Overqwil|84/100|[from] Spikes
|
|-weather|RainDance|[upkeep]
|-heal|p1a: Overqwil|90/100|[from] item: Leftovers
|j| Fear The Wyrdeer
|
|switch|p2a: Landorus|Landorus-Therian, M|100/100
|-damage|p2a: Landorus|88/100|[from] Stealth Rock
|-ability|p2a: Landorus|Intimidate|boost
|-unboost|p1a: Overqwil|atk|1
|turn|5
|
|move|p1a: Overqwil|Destiny Bond|p1a: Overqwil
|-singlemove|p1a: Overqwil|Destiny Bond
|move|p2a: Landorus|U-turn|p1a: Overqwil
|-damage|p1a: Overqwil|64/100
|
|switch|p2a: Iron Treads|Iron Treads|100/100|[from] U-turn
|-damage|p2a: Iron Treads|97/100|[from] Stealth Rock
|
|-weather|RainDance|[upkeep]
|-heal|p1a: Overqwil|70/100|[from] item: Leftovers
|-heal|p2a: Iron Treads|100/100|[from] item: Leftovers
|turn|6
|
|switch|p1a: Pelipper|Pelipper, F|53/100
|move|p2a: Iron Treads|Rapid Spin|p1a: Pelipper
|-damage|p1a: Pelipper|43/100
|-boost|p2a: Iron Treads|spe|1
|-sideend|p2: bludgeoning angel|Stealth Rock|[from] move: Rapid Spin|[of] p2a: Iron Treads
|
|-weather|RainDance|[upkeep]
|turn|7
|
|move|p2a: Iron Treads|Volt Switch|p1a: Pelipper
|-supereffective|p1a: Pelipper
|-damage|p1a: Pelipper|0 fnt
|faint|p1a: Pelipper
|
|-end|p2a: Iron Treads|Quark Drive|[silent]
|switch|p2a: Landorus|Landorus-Therian, M|88/100|[from] Volt Switch
|
|-weather|RainDance|[upkeep]
|l| Fear The Wyrdeer
|
|switch|p1a: Rillaboom|Rillaboom, M|100/100
|-damage|p1a: Rillaboom|84/100|[from] Spikes
|-fieldstart|move: Grassy Terrain|[from] ability: Grassy Surge|[of] p1a: Rillaboom
|turn|8
|
|-terastallize|p2a: Landorus|Flying
|move|p2a: Landorus|Tera Blast|p1a: Rillaboom
|-supereffective|p1a: Rillaboom
|-crit|p1a: Rillaboom
|-damage|p1a: Rillaboom|0 fnt
|faint|p1a: Rillaboom
|
|-weather|RainDance|[upkeep]
|
|switch|p1a: Thundurus|Thundurus-Therian, M|100/100
|turn|9
|
|switch|p2a: Iron Treads|Iron Treads|100/100
|move|p1a: Thundurus|Grass Knot|p2a: Iron Treads
|-damage|p2a: Iron Treads|70/100
|
|-weather|none
|-heal|p2a: Iron Treads|76/100|[from] Grassy Terrain
|-heal|p2a: Iron Treads|82/100|[from] item: Leftovers
|turn|10
|l|☆Maikel2603XD
|player|p1|
|j|☆Maikel2603XD
|player|p1|Maikel2603XD|hilbert
|
|move|p1a: Thundurus|Grass Knot|p2a: Iron Treads
|-crit|p2a: Iron Treads
|-damage|p2a: Iron Treads|34/100
|move|p2a: Iron Treads|Stealth Rock|p1a: Thundurus
|-sidestart|p1: Maikel2603XD|move: Stealth Rock
|
|-heal|p2a: Iron Treads|40/100|[from] Grassy Terrain
|-heal|p2a: Iron Treads|47/100|[from] item: Leftovers
|turn|11
|l| kdports
|
|move|p1a: Thundurus|Grass Knot|p2a: Iron Treads
|-damage|p2a: Iron Treads|11/100
|move|p2a: Iron Treads|Rapid Spin|p1a: Thundurus
|-damage|p1a: Thundurus|81/100
|-boost|p2a: Iron Treads|spe|1
|
|-heal|p2a: Iron Treads|17/100|[from] Grassy Terrain
|-heal|p2a: Iron Treads|24/100|[from] item: Leftovers
|turn|12
|
|move|p2a: Iron Treads|Rapid Spin|p1a: Thundurus
|-damage|p1a: Thundurus|60/100
|-boost|p2a: Iron Treads|spe|1
|move|p1a: Thundurus|Grass Knot|p2a: Iron Treads
|-damage|p2a: Iron Treads|0 fnt
|faint|p2a: Iron Treads
|-end|p2a: Iron Treads|Quark Drive|[silent]
|
|-fieldend|move: Grassy Terrain
|
|switch|p2a: Landorus|Landorus-Therian, M, tera:Flying|88/100
|-ability|p2a: Landorus|Intimidate|boost
|-unboost|p1a: Thundurus|atk|1
|turn|13
|
|move|p2a: Landorus|Stone Edge|p1a: Thundurus
|-supereffective|p1a: Thundurus
|-damage|p1a: Thundurus|0 fnt
|faint|p1a: Thundurus
|
|
|switch|p1a: Sneasler|Sneasler, F|100/100
|-damage|p1a: Sneasler|84/100|[from] Spikes
|-damage|p1a: Sneasler|78/100|[from] Stealth Rock
|turn|14
|
|switch|p2a: Dragapult|Dragapult, F|100/100
|move|p1a: Sneasler|Dire Claw|p2a: Dragapult
|-resisted|p2a: Dragapult
|-damage|p2a: Dragapult|67/100
|-status|p2a: Dragapult|slp
|
|-heal|p2a: Dragapult|73/100 slp|[from] item: Leftovers
|turn|15
|
|switch|p2a: Landorus|Landorus-Therian, M, tera:Flying|88/100
|-ability|p2a: Landorus|Intimidate|boost
|-unboost|p1a: Sneasler|atk|1
|move|p1a: Sneasler|Swords Dance|p1a: Sneasler
|-boost|p1a: Sneasler|atk|2
|
|turn|16
|
|-terastallize|p1a: Sneasler|Fighting
|move|p2a: Landorus|Tera Blast|p1a: Sneasler
|-supereffective|p1a: Sneasler
|-damage|p1a: Sneasler|0 fnt
|faint|p1a: Sneasler
|
|-message|Maikel2603XD forfeited.
|
|win|bludgeoning angel
|n|☆bludgeoning angel|bludgeoningangel
|n| yomaalt|yomaalt
|n|☆Maikel2603XD|maikel2603xd
|l|☆Maikel2603XD
