|poke|p1|Ursaluna, F|
|poke|p1|Arcanine-Hisui, M|
|poke|p1|Goodra-Hisui, F|
|poke|p1|Lilligant-Hisui, F|
|poke|p1|Braviary-Hisui, M|
|poke|p1|Samurott-Hisui, M|
|poke|p2|Indeedee, M|
|poke|p2|Roaring Moon|
|poke|p2|Drifblim, F|
|poke|p2|Hatterene, F|
|poke|p2|Great Tusk|
|poke|p2|Armarouge, F|
|teampreview
|
|start
|switch|p1a: Samurott|Samurott-Hisui, M, shiny|100/100
|switch|p2a: Indeedee|Indeedee, M|100/100
|-fieldstart|move: Psychic Terrain|[from] ability: Psychic Surge|[of] p2a: Indeedee
|turn|1
|
|switch|p2a: Great Tusk|Great Tusk|100/100
|move|p1a: Samurott|Ceaseless Edge|p2a: Great Tusk
|-resisted|p2a: Great Tusk
|-crit|p2a: Great Tusk
|-damage|p2a: Great Tusk|77/100
|-sidestart|p2: Choof Kief|Spikes
|
|turn|2
|
|-terastallize|p1a: Samurott|Water
|move|p2a: Great Tusk|Rapid Spin|p1a: Samurott
|-damage|p1a: Samurott|77/100
|-boost|p2a: Great Tusk|spe|1
|-sideend|p2: Choof Kief|Spikes|[from] move: Rapid Spin|[of] p2a: Great Tusk
|move|p1a: Samurott|Aqua Cutter|p2a: Great Tusk
|-supereffective|p2a: Great Tusk
|-damage|p2a: Great Tusk|0 fnt
|faint|p2a: Great Tusk
|-end|p2a: Great Tusk|Protosynthesis|[silent]
|
|-heal|p1a: Samurott|83/100|[from] item: Leftovers
|
|switch|p2a: Drifblim|Drifblim, F|100/100
|-enditem|p2a: Drifblim|Psychic Seed
|-boost|p2a: Drifblim|spd|1|[from] item: Psychic Seed
|turn|3
|
|-terastallize|p2a: Drifblim|Fighting
|move|p2a: Drifblim|Calm Mind|p2a: Drifblim
|-boost|p2a: Drifblim|spa|1
|-boost|p2a: Drifblim|spd|1
|move|p1a: Samurott|Ceaseless Edge|p2a: Drifblim
|-resisted|p2a: Drifblim
|-damage|p2a: Drifblim|78/100
|-sidestart|p2: Choof Kief|Spikes
|
|-heal|p1a: Samurott|90/100|[from] item: Leftovers
|turn|4
|
|move|p2a: Drifblim|Calm Mind|p2a: Drifblim
|-boost|p2a: Drifblim|spa|1
|-boost|p2a: Drifblim|spd|1
|move|p1a: Samurott|Encore|p2a: Drifblim
|-start|p2a: Drifblim|Encore
|
|-heal|p1a: Samurott|96/100|[from] item: Leftovers
|turn|5
|
|switch|p1a: Braviary|Braviary-Hisui, M, shiny|100/100
|move|p2a: Drifblim|Calm Mind|p2a: Drifblim
|-boost|p2a: Drifblim|spa|1
|-boost|p2a: Drifblim|spd|1
|
|turn|6
|
|move|p2a: Drifblim|Calm Mind|p2a: Drifblim
|-boost|p2a: Drifblim|spa|1
|-boost|p2a: Drifblim|spd|1
|move|p1a: Braviary|Hurricane|p2a: Drifblim
|-supereffective|p2a: Drifblim
|-damage|p2a: Drifblim|9/100
|
|turn|7
|
|move|p2a: Drifblim|Calm Mind|p2a: Drifblim
|-boost|p2a: Drifblim|spa|1
|-boost|p2a: Drifblim|spd|1
|move|p1a: Braviary|Psychic|p2a: Drifblim
|-supereffective|p2a: Drifblim
|-damage|p2a: Drifblim|0 fnt
|faint|p2a: Drifblim
|
|-message|Choof Kief forfeited.
|
|win|Chito24
