|poke|p1|Sneasler, M|
|poke|p1|Moltres-Galar|
|poke|p1|Dragonite, F|
|poke|p1|Dragapult, F|
|poke|p1|Magearna|
|poke|p1|Glimmora, F|
|poke|p2|Sneasler, F|
|poke|p2|Hydreigon, M|
|poke|p2|Arcanine-Hisui, M|
|poke|p2|Slowking, M|
|poke|p2|Cetitan, M|
|poke|p2|Corviknight, M|
|teampreview
|
|start
|switch|p1a: 5'7 I'm Messi girl|Glimmora, F|100/100
|switch|p2a: Slowking|Slowking, M|100/100
|turn|1
|
|move|p1a: 5'7 I'm Messi girl|Stealth Rock|p2a: Slowking
|-sidestart|p2: moisix|move: Stealth Rock
|move|p2a: Slowking|Hydro Pump|p1a: 5'7 I'm Messi girl
|-supereffective|p1a: 5'7 I'm Messi girl
|-enditem|p1a: 5'7 I'm Messi girl|Focus Sash
|-damage|p1a: 5'7 I'm Messi girl|1/100
|
|turn|2
|
|move|p1a: 5'7 I'm Messi girl|Mortal Spin|p2a: Slowking
|-damage|p2a: Slowking|94/100
|-status|p2a: Slowking|psn
|move|p2a: Slowking|Future Sight|p1a: 5'7 I'm Messi girl
|-start|p2a: Slowking|move: Future Sight
|
|-heal|p2a: Slowking|99/100 psn|[from] item: Leftovers
|-damage|p2a: Slowking|88/100 psn|[from] psn
|turn|3
|
|move|p1a: 5'7 I'm Messi girl|Power Gem|p2a: Slowking
|-damage|p2a: Slowking|65/100 psn
|move|p2a: Slowking|Chilly Reception|p2a: Slowking
|-weather|Snow
|
|switch|p2a: Corviknight|Corviknight, M|100/100|[from] Chilly Reception
|-damage|p2a: Corviknight|88/100|[from] Stealth Rock
|-ability|p2a: Corviknight|Pressure
|
|-weather|Snow|[upkeep]
|turn|4
|
|switch|p1a: Is that a Foreign?|Dragonite, F|100/100
|move|p2a: Corviknight|Defog|p1a: Is that a Foreign?
|-unboost|p1a: Is that a Foreign?|evasion|1
|-sideend|p2: moisix|Stealth Rock|[from] move: Defog|[of] p2a: Corviknight
|
|-weather|Snow|[upkeep]
|-end|p1a: Is that a Foreign?|move: Future Sight
|-damage|p1a: Is that a Foreign?|80/100
|-heal|p1a: Is that a Foreign?|87/100|[from] item: Leftovers
|turn|5
|
|move|p1a: Is that a Foreign?|Dragon Dance|p1a: Is that a Foreign?
|-boost|p1a: Is that a Foreign?|atk|1
|-boost|p1a: Is that a Foreign?|spe|1
|move|p2a: Corviknight|Iron Defense|p2a: Corviknight
|-boost|p2a: Corviknight|def|2
|
|-weather|Snow|[upkeep]
|-heal|p1a: Is that a Foreign?|93/100|[from] item: Leftovers
|turn|6
|
|move|p1a: Is that a Foreign?|Encore|p2a: Corviknight
|-start|p2a: Corviknight|Encore
|move|p2a: Corviknight|Iron Defense|p2a: Corviknight
|-boost|p2a: Corviknight|def|2
|
|-weather|Snow|[upkeep]
|-heal|p1a: Is that a Foreign?|99/100|[from] item: Leftovers
|turn|7
|
|move|p1a: Is that a Foreign?|Dragon Dance|p1a: Is that a Foreign?
|-boost|p1a: Is that a Foreign?|atk|1
|-boost|p1a: Is that a Foreign?|spe|1
|move|p2a: Corviknight|Iron Defense|p2a: Corviknight
|-boost|p2a: Corviknight|def|2
|
|-weather|none
|-heal|p1a: Is that a Foreign?|100/100|[from] item: Leftovers
|turn|8
|
|move|p1a: Is that a Foreign?|Dragon Dance|p1a: Is that a Foreign?
|-boost|p1a: Is that a Foreign?|atk|1
|-boost|p1a: Is that a Foreign?|spe|1
|move|p2a: Corviknight|Iron Defense|p2a: Corviknight
|-boost|p2a: Corviknight|def|0
|
|-end|p2a: Corviknight|Encore
|turn|9
|
|-terastallize|p1a: Is that a Foreign?|Fire
|move|p1a: Is that a Foreign?|Fire Punch|p2a: Corviknight
|-supereffective|p2a: Corviknight
|-damage|p2a: Corviknight|56/100
|-status|p2a: Corviknight|brn
|-damage|p1a: Is that a Foreign?|84/100|[from] item: Rocky Helmet|[of] p2a: Corviknight
|move|p2a: Corviknight|Body Press|p1a: Is that a Foreign?
|-damage|p1a: Is that a Foreign?|23/100
|
|-heal|p1a: Is that a Foreign?|29/100|[from] item: Leftovers
|-damage|p2a: Corviknight|50/100 brn|[from] brn
|turn|10
|
|move|p1a: Is that a Foreign?|Fire Punch|p2a: Corviknight
|-supereffective|p2a: Corviknight
|-damage|p2a: Corviknight|14/100 brn
|-damage|p1a: Is that a Foreign?|13/100|[from] item: Rocky Helmet|[of] p2a: Corviknight
|move|p2a: Corviknight|Body Press|p1a: Is that a Foreign?
|-damage|p1a: Is that a Foreign?|0 fnt
|faint|p1a: Is that a Foreign?
|
|-damage|p2a: Corviknight|8/100 brn|[from] brn
|
|switch|p1a: 5'7 I'm Messi girl|Glimmora, F|1/100
|turn|11
|
|switch|p2a: Hydreigon|Hydreigon, M|100/100
|move|p1a: 5'7 I'm Messi girl|Power Gem|p2a: Hydreigon
|-damage|p2a: Hydreigon|52/100
|
|turn|12
|
|move|p2a: Hydreigon|Dark Pulse|p1a: 5'7 I'm Messi girl
|-damage|p1a: 5'7 I'm Messi girl|0 fnt
|faint|p1a: 5'7 I'm Messi girl
|
|
|switch|p1a: Princess Shoes|Magearna|100/100
|turn|13
|
|switch|p2a: Slowking|Slowking, M|99/100 psn
|move|p1a: Princess Shoes|Draining Kiss|p2a: Slowking
|-crit|p2a: Slowking
|-damage|p2a: Slowking|73/100 psn
|
|-heal|p2a: Slowking|79/100 psn|[from] item: Leftovers
|-damage|p2a: Slowking|67/100 psn|[from] psn
|turn|14
|
|move|p1a: Princess Shoes|Shift Gear|p1a: Princess Shoes
|-boost|p1a: Princess Shoes|spe|2
|-boost|p1a: Princess Shoes|atk|1
|move|p2a: Slowking|Yawn|p1a: Princess Shoes
|-start|p1a: Princess Shoes|move: Yawn|[of] p2a: Slowking
|
|-heal|p2a: Slowking|73/100 psn|[from] item: Leftovers
|-damage|p2a: Slowking|61/100 psn|[from] psn
|turn|15
|
|move|p1a: Princess Shoes|Stored Power|p2a: Slowking
|-resisted|p2a: Slowking
|-damage|p2a: Slowking|53/100 psn
|move|p2a: Slowking|Chilly Reception|p2a: Slowking
|-weather|Snow
|
|switch|p2a: Arcanine|Arcanine-Hisui, M|100/100|[from] Chilly Reception
|
|-weather|Snow|[upkeep]
|-end|p1a: Princess Shoes|move: Yawn|[silent]
|-status|p1a: Princess Shoes|slp
|turn|16
|
|switch|p1a: Big Protein|Sneasler, M|100/100
|-item|p1a: Big Protein|Air Balloon
|move|p2a: Arcanine|Flame Charge|p1a: Big Protein
|-damage|p1a: Big Protein|51/100
|-boost|p2a: Arcanine|spe|1
|-enditem|p1a: Big Protein|Air Balloon
|-damage|p2a: Arcanine|91/100|[from] item: Life Orb
|
|-weather|Snow|[upkeep]
|turn|17
|
|move|p1a: Big Protein|Close Combat|p2a: Arcanine
|-supereffective|p2a: Arcanine
|-damage|p2a: Arcanine|0 fnt
|-unboost|p1a: Big Protein|def|1
|-unboost|p1a: Big Protein|spd|1
|faint|p2a: Arcanine
|
|-weather|Snow|[upkeep]
|
|switch|p2a: Corviknight|Corviknight, M|8/100 brn
|-ability|p2a: Corviknight|Pressure
|turn|18
|
|move|p1a: Big Protein|Acrobatics|p2a: Corviknight
|-resisted|p2a: Corviknight
|-damage|p2a: Corviknight|0 fnt
|-damage|p1a: Big Protein|35/100|[from] item: Rocky Helmet|[of] p2a: Corviknight
|faint|p2a: Corviknight
|
|-weather|Snow|[upkeep]
|
|switch|p2a: Cetitan|Cetitan, M|100/100
|turn|19
|
|move|p2a: Cetitan|Ice Shard|p1a: Big Protein
|-damage|p1a: Big Protein|0 fnt
|faint|p1a: Big Protein
|
|-weather|none
|
|switch|p1a: Princess Shoes|Magearna|100/100 slp
|turn|20
|
|switch|p2a: Sneasler|Sneasler, F|100/100
|cant|p1a: Princess Shoes|slp
|
|turn|21
|
|move|p2a: Sneasler|Switcheroo|p1a: Princess Shoes
|-activate|p2a: Sneasler|move: Trick|[of] p1a: Princess Shoes
|-item|p1a: Princess Shoes|Choice Band|[from] move: Switcheroo
|-item|p2a: Sneasler|Leftovers|[from] move: Switcheroo
|-curestatus|p1a: Princess Shoes|slp|[msg]
|move|p1a: Princess Shoes|Shift Gear|p1a: Princess Shoes
|-boost|p1a: Princess Shoes|spe|2
|-boost|p1a: Princess Shoes|atk|1
|
|turn|22
|
|switch|p1a: High Profile|Moltres-Galar|100/100
|move|p2a: Sneasler|U-turn|p1a: High Profile
|-damage|p1a: High Profile|70/100
|
|switch|p2a: Slowking|Slowking, M|86/100 psn|[from] U-turn
|
|-heal|p2a: Slowking|92/100 psn|[from] item: Leftovers
|-damage|p2a: Slowking|79/100 psn|[from] psn
|turn|23
|
|move|p1a: High Profile|Fiery Wrath|p2a: Slowking
|-supereffective|p2a: Slowking
|-damage|p2a: Slowking|14/100 psn
|-damage|p1a: High Profile|60/100|[from] item: Life Orb
|move|p2a: Slowking|Chilly Reception|p2a: Slowking
|-weather|Snow
|
|switch|p2a: Cetitan|Cetitan, M|100/100|[from] Chilly Reception
|
|-weather|Snow|[upkeep]
|turn|24
|
|move|p2a: Cetitan|Ice Spinner|p1a: High Profile
|-supereffective|p1a: High Profile
|-damage|p1a: High Profile|0 fnt
|faint|p1a: High Profile
|
|-weather|Snow|[upkeep]
|
|switch|p1a: Princess Shoes|Magearna|100/100
|turn|25
|
|switch|p2a: Slowking|Slowking, M|47/100 psn
|move|p1a: Princess Shoes|Draining Kiss|p2a: Slowking
|-damage|p2a: Slowking|31/100 psn
|
|-weather|Snow|[upkeep]
|-heal|p2a: Slowking|38/100 psn|[from] item: Leftovers
|-damage|p2a: Slowking|25/100 psn|[from] psn
|turn|26
|
|move|p1a: Princess Shoes|Draining Kiss|p2a: Slowking
|-damage|p2a: Slowking|7/100 psn
|move|p2a: Slowking|Yawn|p1a: Princess Shoes
|-start|p1a: Princess Shoes|move: Yawn|[of] p2a: Slowking
|
|-weather|Snow|[upkeep]
|-heal|p2a: Slowking|13/100 psn|[from] item: Leftovers
|-damage|p2a: Slowking|0 fnt|[from] psn
|faint|p2a: Slowking
|-ability|p1a: Princess Shoes|Soul-Heart|boost
|-boost|p1a: Princess Shoes|spa|1
|
|switch|p2a: Cetitan|Cetitan, M|100/100
|turn|27
|
|switch|p1a: Flog Gnaw|Dragapult, F|100/100
|move|p2a: Cetitan|Earthquake|p1a: Flog Gnaw
|-damage|p1a: Flog Gnaw|40/100
|
|-weather|none
|-heal|p1a: Flog Gnaw|47/100|[from] item: Leftovers
|turn|28
|
|switch|p2a: Sneasler|Sneasler, F|100/100
|move|p1a: Flog Gnaw|Reflect|p1a: Flog Gnaw
|-sidestart|p1: jay9ne|Reflect
|
|-heal|p1a: Flog Gnaw|53/100|[from] item: Leftovers
|turn|29
|
|switch|p2a: Hydreigon|Hydreigon, M|52/100
|move|p1a: Flog Gnaw|Will-O-Wisp|p2a: Hydreigon
|-status|p2a: Hydreigon|brn
|
|-heal|p1a: Flog Gnaw|59/100|[from] item: Leftovers
|-damage|p2a: Hydreigon|45/100 brn|[from] brn
|turn|30
|
|move|p2a: Hydreigon|Dark Pulse|p1a: Flog Gnaw
|-supereffective|p1a: Flog Gnaw
|-crit|p1a: Flog Gnaw
|-damage|p1a: Flog Gnaw|0 fnt
|faint|p1a: Flog Gnaw
|
|-damage|p2a: Hydreigon|39/100 brn|[from] brn
|
|switch|p1a: Princess Shoes|Magearna|100/100
|turn|31
|
|move|p2a: Hydreigon|Dark Pulse|p1a: Princess Shoes
|-resisted|p1a: Princess Shoes
|-damage|p1a: Princess Shoes|80/100
|move|p1a: Princess Shoes|Draining Kiss|p2a: Hydreigon
|-supereffective|p2a: Hydreigon
|-damage|p2a: Hydreigon|0 fnt
|-heal|p1a: Princess Shoes|100/100|[from] drain|[of] p2a: Hydreigon
|faint|p2a: Hydreigon
|-ability|p1a: Princess Shoes|Soul-Heart|boost
|-boost|p1a: Princess Shoes|spa|1
|
|
|switch|p2a: Cetitan|Cetitan, M|100/100
|turn|32
|
|move|p2a: Cetitan|Earthquake|p1a: Princess Shoes
|-supereffective|p1a: Princess Shoes
|-damage|p1a: Princess Shoes|53/100
|move|p1a: Princess Shoes|Draining Kiss|p2a: Cetitan
|-damage|p2a: Cetitan|54/100
|-heal|p1a: Princess Shoes|100/100|[from] drain|[of] p2a: Cetitan
|
|-sideend|p1: jay9ne|Reflect
|turn|33
|
|move|p2a: Cetitan|Earthquake|p1a: Princess Shoes
|-supereffective|p1a: Princess Shoes
|-damage|p1a: Princess Shoes|0 fnt
|faint|p1a: Princess Shoes
|
|win|moisix
|l|☆moisix
