|poke|p1|Rotom-Mow|
|poke|p1|Basculegion, M|
|poke|p1|Samurott-Hisui, F|
|poke|p1|Enamorus, F|
|poke|p1|Pelipper, M|
|poke|p1|Iron Treads|
|poke|p2|Ursaluna, M|
|poke|p2|Garchomp, F|
|poke|p2|Thundurus-Therian, M|
|poke|p2|Corviknight, M|
|poke|p2|Magearna|
|poke|p2|Kleavor, M|
|teampreview
|
|start
|switch|p1a: Rotom|Rotom-Mow, shiny|100/100
|switch|p2a: Thundurus|Thundurus-Therian, M|100/100
|turn|1
|
|-terastallize|p2a: Thundurus|Ice
|move|p2a: Thundurus|Tera Blast|p1a: Rotom
|-supereffective|p1a: Rotom
|-damage|p1a: Rotom|0 fnt
|faint|p1a: Rotom
|
|
|switch|p1a: Enamorus|Enamorus, F|100/100
|turn|2
|
|-terastallize|p1a: Enamorus|Ice
|move|p2a: Thundurus|Tera Blast|p1a: Enamorus
|-resisted|p1a: Enamorus
|-damage|p1a: Enamorus|65/100
|move|p1a: Enamorus|Superpower|p2a: Thundurus
|-supereffective|p2a: Thundurus
|-damage|p2a: Thundurus|0 fnt
|-boost|p1a: Enamorus|atk|1
|-boost|p1a: Enamorus|def|1
|faint|p2a: Thundurus
|-damage|p1a: Enamorus|56/100|[from] item: Life Orb
|
|
|switch|p2a: Kleavor|Kleavor, M|100/100
|turn|3
|
|move|p1a: Enamorus|Play Rough|p2a: Kleavor
|-damage|p2a: Kleavor|0 fnt
|faint|p2a: Kleavor
|-damage|p1a: Enamorus|46/100|[from] item: Life Orb
|
|
|switch|p2a: Magearna|Magearna|100/100
|turn|4
|
|move|p1a: Enamorus|Superpower|p2a: Magearna
|-damage|p2a: Magearna|38/100
|-boost|p1a: Enamorus|atk|1
|-boost|p1a: Enamorus|def|1
|-damage|p1a: Enamorus|36/100|[from] item: Life Orb
|move|p2a: Magearna|Trick Room|p2a: Magearna
|-fieldstart|move: Trick Room|[of] p2a: Magearna
|
|-heal|p2a: Magearna|44/100|[from] item: Leftovers
|turn|5
|
|move|p2a: Magearna|Flash Cannon|p1a: Enamorus
|-supereffective|p1a: Enamorus
|-damage|p1a: Enamorus|0 fnt
|faint|p1a: Enamorus
|-ability|p2a: Magearna|Soul-Heart|boost
|-boost|p2a: Magearna|spa|1
|
|-heal|p2a: Magearna|50/100|[from] item: Leftovers
|
|switch|p1a: Samurott|Samurott-Hisui, F|100/100
|turn|6
|
|switch|p1a: Iron Treads|Iron Treads|100/100
|-enditem|p1a: Iron Treads|Booster Energy
|-activate|p1a: Iron Treads|ability: Quark Drive|[fromitem]
|-start|p1a: Iron Treads|quarkdrivespe
|move|p2a: Magearna|Fleur Cannon|p1a: Iron Treads
|-resisted|p1a: Iron Treads
|-damage|p1a: Iron Treads|21/100
|-unboost|p2a: Magearna|spa|2
|
|-heal|p2a: Magearna|56/100|[from] item: Leftovers
|turn|7
|
|-end|p1a: Iron Treads|Quark Drive|[silent]
|switch|p1a: Pelipper|Pelipper, M|100/100
|-weather|RainDance|[from] ability: Drizzle|[of] p1a: Pelipper
|move|p2a: Magearna|Flash Cannon|p1a: Pelipper
|-resisted|p1a: Pelipper
|-damage|p1a: Pelipper|79/100
|
|-weather|RainDance|[upkeep]
|-heal|p2a: Magearna|62/100|[from] item: Leftovers
|turn|8
|
|move|p1a: Pelipper|U-turn|p2a: Magearna
|-resisted|p2a: Magearna
|-damage|p2a: Magearna|60/100
|
|switch|p1a: Samurott|Samurott-Hisui, F|100/100|[from] U-turn
|move|p2a: Magearna|Volt Switch|p1a: Samurott
|-supereffective|p1a: Samurott
|-damage|p1a: Samurott|50/100
|
|switch|p2a: Garchomp|Garchomp, F|100/100|[from] Volt Switch
|
|-weather|RainDance|[upkeep]
|-fieldend|move: Trick Room
|turn|9
|
|move|p1a: Samurott|Aqua Cutter|p2a: Garchomp
|-damage|p2a: Garchomp|37/100
|move|p2a: Garchomp|Stealth Rock|p1a: Samurott
|-sidestart|p1: bo552|move: Stealth Rock
|
|-weather|RainDance|[upkeep]
|turn|10
|
|move|p1a: Samurott|Ceaseless Edge|p2a: Garchomp
|-damage|p2a: Garchomp|0 fnt
|-sidestart|p2: pvda27|Spikes
|-damage|p1a: Samurott|38/100|[from] ability: Rough Skin|[of] p2a: Garchomp
|-damage|p1a: Samurott|21/100|[from] item: Rocky Helmet|[of] p2a: Garchomp
|faint|p2a: Garchomp
|
|-weather|RainDance|[upkeep]
|
|switch|p2a: Corviknight|Corviknight, M|100/100
|turn|11
|
|move|p1a: Samurott|Ceaseless Edge|p2a: Corviknight
|-damage|p2a: Corviknight|75/100
|-sidestart|p2: pvda27|Spikes
|-damage|p1a: Samurott|5/100|[from] item: Rocky Helmet|[of] p2a: Corviknight
|move|p2a: Corviknight|U-turn|p1a: Samurott
|-supereffective|p1a: Samurott
|-damage|p1a: Samurott|0 fnt
|faint|p1a: Samurott
|
|switch|p2a: Magearna|Magearna|60/100|[from] U-turn
|-damage|p2a: Magearna|43/100|[from] Spikes
|
|-weather|RainDance|[upkeep]
|-heal|p2a: Magearna|49/100|[from] item: Leftovers
|
|switch|p1a: Basculegion|Basculegion, M, shiny|100/100
|-damage|p1a: Basculegion|88/100|[from] Stealth Rock
|turn|12
|
|move|p1a: Basculegion|Wave Crash|p2a: Magearna
|-damage|p2a: Magearna|0 fnt
|faint|p2a: Magearna
|-damage|p1a: Basculegion|73/100|[from] Recoil
|
|-weather|RainDance|[upkeep]
|-message|pvda27 forfeited.
|
|win|bo552
