|poke|p1|Sneasler, M|
|poke|p1|Skeledirge, M|
|poke|p1|Rotom-Wash|
|poke|p1|Magearna|
|poke|p1|Dragonite, F|
|poke|p1|Landorus-Therian, M|
|poke|p2|Dragapult, M|
|poke|p2|Magearna|
|poke|p2|Lilligant-Hisui, F|
|poke|p2|Kingambit, F|
|poke|p2|Zamazenta-*|
|poke|p2|Volcarona, M|
|teampreview
|
|start
|switch|p1a: Sneasler|Sneasler, M|100/100
|switch|p2a: Dragapult|Dragapult, M, shiny|100/100
|turn|1
|
|move|p1a: Sneasler|U-turn|p2a: Dragapult
|-resisted|p2a: Dragapult
|-damage|p2a: Dragapult|85/100
|
|switch|p1a: Magearna|Magearna|100/100|[from] U-turn
|move|p2a: Dragapult|Reflect|p2a: Dragapult
|-sidestart|p2: p2|Reflect
|
|turn|2
|
|move|p2a: Dragapult|Light Screen|p2a: Dragapult
|-sidestart|p2: p2|move: Light Screen
|move|p1a: Magearna|Spikes|p2a: Dragapult
|-sidestart|p2: p2|Spikes
|
|turn|3
|
|move|p2a: Dragapult|Curse|p1a: Magearna
|-start|p1a: Magearna|Curse|[of] p2a: Dragapult
|-damage|p2a: Dragapult|35/100
|move|p1a: Magearna|Spikes|p2a: Dragapult
|-sidestart|p2: p2|Spikes
|
|-damage|p1a: Magearna|75/100|[from] Curse
|turn|4
|
|switch|p2a: Magearna|Magearna|100/100
|-damage|p2a: Magearna|84/100|[from] Spikes
|switch|p1a: Sneasler|Sneasler, M|100/100
|
|-heal|p2a: Magearna|90/100|[from] item: Leftovers
|turn|5
|
|move|p1a: Sneasler|Close Combat|p2a: Magearna
|-crit|p2a: Magearna
|-damage|p2a: Magearna|0 fnt
|-unboost|p1a: Sneasler|def|1
|-unboost|p1a: Sneasler|spd|1
|faint|p2a: Magearna
|
|
|switch|p2a: Lilligant|Lilligant-Hisui, F|100/100
|-damage|p2a: Lilligant|84/100|[from] Spikes
|turn|6
|
|switch|p1a: Skeledirge|Skeledirge, M|100/100
|move|p2a: Lilligant|Victory Dance|p2a: Lilligant
|-boost|p2a: Lilligant|atk|1
|-boost|p2a: Lilligant|def|1
|-boost|p2a: Lilligant|spe|1
|
|turn|7
|
|switch|p2a: Volcarona|Volcarona, M|100/100
|move|p1a: Skeledirge|Will-O-Wisp|p2a: Volcarona
|-immune|p2a: Volcarona
|
|turn|8
|
|move|p2a: Volcarona|Quiver Dance|p2a: Volcarona
|-boost|p2a: Volcarona|spa|1
|-boost|p2a: Volcarona|spd|1
|-boost|p2a: Volcarona|spe|1
|move|p1a: Skeledirge|Torch Song|p2a: Volcarona
|-damage|p2a: Volcarona|83/100
|-boost|p1a: Skeledirge|spa|1
|
|-sideend|p2: p2|Reflect
|turn|9
|
|-terastallize|p2a: Volcarona|Ground
|move|p2a: Volcarona|Tera Blast|p1a: Skeledirge
|-supereffective|p1a: Skeledirge
|-damage|p1a: Skeledirge|34/100
|move|p1a: Skeledirge|Slack Off|p1a: Skeledirge
|-heal|p1a: Skeledirge|84/100
|
|-sideend|p2: p2|move: Light Screen
|turn|10
|
|switch|p1a: Rotom|Rotom-Wash|100/100
|move|p2a: Volcarona|Tera Blast|p1a: Rotom
|-immune|p1a: Rotom|[from] ability: Levitate
|
|turn|11
|
|move|p2a: Volcarona|Quiver Dance|p2a: Volcarona
|-boost|p2a: Volcarona|spa|1
|-boost|p2a: Volcarona|spd|1
|-boost|p2a: Volcarona|spe|1
|move|p1a: Rotom|Hydro Pump|p2a: Volcarona
|-supereffective|p2a: Volcarona
|-damage|p2a: Volcarona|42/100
|
|turn|12
|
|switch|p1a: Dragonite|Dragonite, F|100/100
|move|p2a: Volcarona|Giga Drain|p1a: Dragonite
|-resisted|p1a: Dragonite
|-damage|p1a: Dragonite|94/100
|-heal|p2a: Volcarona|46/100|[from] drain|[of] p1a: Dragonite
|
|turn|13
|
|move|p2a: Volcarona|Fiery Dance|p1a: Dragonite
|-resisted|p1a: Dragonite
|-damage|p1a: Dragonite|51/100
|-boost|p2a: Volcarona|spa|1
|move|p1a: Dragonite|Dragon Dance|p1a: Dragonite
|-boost|p1a: Dragonite|atk|1
|-boost|p1a: Dragonite|spe|1
|
|turn|14
|
|move|p1a: Dragonite|Extreme Speed|p2a: Volcarona
|-damage|p2a: Volcarona|0 fnt
|faint|p2a: Volcarona
|
|
|switch|p2a: Dragapult|Dragapult, M, shiny|35/100
|-damage|p2a: Dragapult|19/100|[from] Spikes
|turn|15
|
|move|p2a: Dragapult|Reflect|p2a: Dragapult
|-sidestart|p2: p2|Reflect
|move|p1a: Dragonite|Dragon Dance|p1a: Dragonite
|-boost|p1a: Dragonite|atk|1
|-boost|p1a: Dragonite|spe|1
|
|turn|16
|
|move|p1a: Dragonite|Earthquake|p2a: Dragapult
|-damage|p2a: Dragapult|0 fnt
|faint|p2a: Dragapult
|
|
|switch|p2a: Zamazenta|Zamazenta-Crowned|100/100
|-damage|p2a: Zamazenta|84/100|[from] Spikes
|-ability|p2a: Zamazenta|Dauntless Shield|boost
|-boost|p2a: Zamazenta|def|1
|turn|17
|
|move|p1a: Dragonite|Earthquake|p2a: Zamazenta
|-supereffective|p2a: Zamazenta
|-crit|p2a: Zamazenta
|-damage|p2a: Zamazenta|0 fnt
|faint|p2a: Zamazenta
|
|-message|p2 forfeited.
|
|win|p1
