# advantage = p2
|poke|p1|Sneasler, F|
|poke|p1|Landorus-Therian, M|
|poke|p1|Corviknight, F|
|poke|p1|Great Tusk|
|poke|p1|Braviary-Hisui, M|
|poke|p1|Typhlosion-Hisui, F|
|poke|p2|Magearna|
|poke|p2|Enamorus, F|
|poke|p2|Kleavor, M|
|poke|p2|Great Tusk|
|poke|p2|Grimmsnarl, M|
|poke|p2|Urshifu-*, M|
|teampreview
|
|start
|switch|p1a: Sneasler|Sneasler, F|100/100
|switch|p2a: Kleavor|Kleavor, M|100/100
|-item|p1a: Sneasler|Air Balloon
|turn|1
|
|move|p1a: Sneasler|Swords Dance|p1a: Sneasler
|-boost|p1a: Sneasler|atk|2
|move|p2a: Kleavor|Stone Axe|p1a: Sneasler
|-resisted|p1a: Sneasler
|-damage|p1a: Sneasler|49/100
|-sidestart|p1: p1|move: Stealth Rock
|-enditem|p1a: Sneasler|Air Balloon
|
|turn|2
|
|move|p1a: Sneasler|Close Combat|p2a: Kleavor
|-enditem|p2a: Kleavor|Focus Sash
|-damage|p2a: Kleavor|1/100
|-unboost|p1a: Sneasler|def|1
|-unboost|p1a: Sneasler|spd|1
|move|p2a: Kleavor|Stone Axe|p1a: Sneasler
|-resisted|p1a: Sneasler
|-damage|p1a: Sneasler|0 fnt
|faint|p1a: Sneasler
|
|
|switch|p1a: Great Tusk|Great Tusk|100/100
|-damage|p1a: Great Tusk|98/100|[from] Stealth Rock
|-enditem|p1a: Great Tusk|Booster Energy
|-activate|p1a: Great Tusk|ability: Protosynthesis|[fromitem]
|-start|p1a: Great Tusk|protosynthesisatk
|turn|3
|
|move|p1a: Great Tusk|Rapid Spin|p2a: Kleavor
|-resisted|p2a: Kleavor
|-damage|p2a: Kleavor|0 fnt
|-boost|p1a: Great Tusk|spe|1
|-sideend|p1: p1|Stealth Rock|[from] move: Rapid Spin|[of] p1a: Great Tusk
|faint|p2a: Kleavor
|
|
|switch|p2a: Grimmsnarl|Grimmsnarl, M|100/100
|turn|4
|
|move|p2a: Grimmsnarl|Parting Shot|p1a: Great Tusk
|-unboost|p1a: Great Tusk|atk|1
|-unboost|p1a: Great Tusk|spa|1
|
|switch|p2a: Urshifu|Urshifu-Rapid-Strike, M|100/100|[from] Parting Shot
|move|p1a: Great Tusk|Headlong Rush|p2a: Urshifu
|-damage|p2a: Urshifu|48/100
|-unboost|p1a: Great Tusk|def|1
|-unboost|p1a: Great Tusk|spd|1
|
|turn|5
|
|move|p2a: Urshifu|Aqua Jet|p1a: Great Tusk
|-supereffective|p1a: Great Tusk
|-damage|p1a: Great Tusk|52/100
|move|p1a: Great Tusk|Headlong Rush|p2a: Urshifu
|-damage|p2a: Urshifu|0 fnt
|-unboost|p1a: Great Tusk|def|1
|-unboost|p1a: Great Tusk|spd|1
|faint|p2a: Urshifu
|
|
|switch|p2a: Grimmsnarl|Grimmsnarl, M|100/100
|turn|6
|
|move|p2a: Grimmsnarl|Parting Shot|p1a: Great Tusk
|-unboost|p1a: Great Tusk|atk|1
|-unboost|p1a: Great Tusk|spa|1
|
|switch|p2a: Magearna|Magearna|100/100|[from] Parting Shot
|move|p1a: Great Tusk|Bulk Up|p1a: Great Tusk
|-boost|p1a: Great Tusk|atk|1
|-boost|p1a: Great Tusk|def|1
|
|turn|7
|
|-terastallize|p2a: Magearna|Water
|move|p1a: Great Tusk|Headlong Rush|p2a: Magearna
|-damage|p2a: Magearna|65/100
|-unboost|p1a: Great Tusk|def|1
|-unboost|p1a: Great Tusk|spd|1
|move|p2a: Magearna|Shift Gear|p2a: Magearna
|-boost|p2a: Magearna|spe|2
|-boost|p2a: Magearna|atk|1
|
|-heal|p2a: Magearna|71/100|[from] item: Leftovers
|turn|8
|
|move|p1a: Great Tusk|Headlong Rush|p2a: Magearna
|-damage|p2a: Magearna|32/100
|-unboost|p1a: Great Tusk|def|1
|-unboost|p1a: Great Tusk|spd|1
|move|p2a: Magearna|Calm Mind|p2a: Magearna
|-boost|p2a: Magearna|spa|1
|-boost|p2a: Magearna|spd|1
|
|-heal|p2a: Magearna|38/100|[from] item: Leftovers
|turn|9
|
|move|p1a: Great Tusk|Headlong Rush|p2a: Magearna
|-damage|p2a: Magearna|0 fnt
|-unboost|p1a: Great Tusk|def|1
|-unboost|p1a: Great Tusk|spd|1
|faint|p2a: Magearna
|
|-message|p2 forfeited.
|
|win|p1
