# advantage = p2
|poke|p1|Enamorus, F|
|poke|p1|Kleavor, F|
|poke|p1|Ursaluna, F|
|poke|p1|Typhlosion-Hisui, M|
|poke|p1|Lilligant-Hisui, F|
|poke|p1|Arcanine-Hisui, F|
|poke|p2|Slowbro-Galar, M|
|poke|p2|Mesprit|
|poke|p2|Glimmora, M|
|poke|p2|Skeledirge, M|
|poke|p2|Great Tusk|
|poke|p2|Typhlosion-Hisui, M|
|teampreview
|
|start
|switch|p1a: Kleavor|Kleavor, F|100/100
|switch|p2a: Glimmora|Glimmora, M|100/100
|turn|1
|
|move|p2a: Glimmora|Stealth Rock|p1a: Kleavor
|-sidestart|p1: p1|move: Stealth Rock
|move|p1a: Kleavor|Stone Axe|p2a: Glimmora
|-crit|p2a: Glimmora
|-damage|p2a: Glimmora|4/100
|-sidestart|p2: p2|move: Stealth Rock
|-activate|p2a: Glimmora|ability: Toxic Debris
|-sidestart|p1: p1|move: Toxic Spikes
|
|turn|2
|
|move|p2a: Glimmora|Energy Ball|p1a: Kleavor
|-damage|p1a: Kleavor|45/100
|move|p1a: Kleavor|X-Scissor|p2a: Glimmora
|-resisted|p2a: Glimmora
|-damage|p2a: Glimmora|0 fnt
|-activate|p2a: Glimmora|ability: Toxic Debris
|-sidestart|p1: p1|move: Toxic Spikes
|faint|p2a: Glimmora
|
|
|switch|p2a: Great Tusk|Great Tusk|100/100
|-damage|p2a: Great Tusk|98/100|[from] Stealth Rock
|turn|3
|
|move|p2a: Great Tusk|Rapid Spin|p1a: Kleavor
|-resisted|p1a: Kleavor
|-damage|p1a: Kleavor|34/100
|-boost|p2a: Great Tusk|spe|1
|-sideend|p2: p2|Stealth Rock|[from] move: Rapid Spin|[of] p2a: Great Tusk
|move|p1a: Kleavor|Acrobatics|p2a: Great Tusk
|-supereffective|p2a: Great Tusk
|-damage|p2a: Great Tusk|69/100
|
|turn|4
|
|move|p2a: Great Tusk|Headlong Rush|p1a: Kleavor
|-damage|p1a: Kleavor|0 fnt
|-unboost|p2a: Great Tusk|def|1
|-unboost|p2a: Great Tusk|spd|1
|faint|p1a: Kleavor
|
|
|switch|p1a: Enamorus|Enamorus, F|100/100
|-damage|p1a: Enamorus|76/100|[from] Stealth Rock
|turn|5
|
|move|p1a: Enamorus|Springtide Storm|p2a: Great Tusk
|-supereffective|p2a: Great Tusk
|-damage|p2a: Great Tusk|0 fnt
|faint|p2a: Great Tusk
|-end|p2a: Great Tusk|Protosynthesis|[silent]
|
|
|switch|p2a: Mesprit|Mesprit|100/100
|turn|6
|
|move|p1a: Enamorus|Springtide Storm|p2a: Mesprit
|-damage|p2a: Mesprit|43/100
|move|p2a: Mesprit|Future Sight|p1a: Enamorus
|-start|p2a: Mesprit|move: Future Sight
|
|turn|7
|
|move|p1a: Enamorus|Springtide Storm|p2a: Mesprit
|-crit|p2a: Mesprit
|-damage|p2a: Mesprit|0 fnt
|faint|p2a: Mesprit
|
|
|switch|p2a: Slowbro|Slowbro-Galar, M|100/100
|turn|8
|
|switch|p1a: Ursaluna|Ursaluna, F|100/100
|-damage|p1a: Ursaluna|94/100|[from] Stealth Rock
|-status|p1a: Ursaluna|tox
|move|p2a: Slowbro|Gunk Shot|p1a: Ursaluna
|-resisted|p1a: Ursaluna
|-damage|p1a: Ursaluna|74/100 tox
|
|-end|p1a: Ursaluna|move: Future Sight
|-damage|p1a: Ursaluna|34/100 tox
|-damage|p1a: Ursaluna|28/100 tox|[from] psn
|turn|9
|
|move|p1a: Ursaluna|Earthquake|p2a: Slowbro
|-supereffective|p2a: Slowbro
|-damage|p2a: Slowbro|0 fnt
|faint|p2a: Slowbro
|
|-damage|p1a: Ursaluna|16/100 tox|[from] psn
|
|switch|p2a: Typhlosion|Typhlosion-Hisui, M|100/100
|turn|10
|
|move|p2a: Typhlosion|Eruption|p1a: Ursaluna
|-damage|p1a: Ursaluna|0 fnt
|faint|p1a: Ursaluna
|
|
|switch|p1a: Typhlosion|Typhlosion-Hisui, M|100/100
|-damage|p1a: Typhlosion|76/100|[from] Stealth Rock
|-status|p1a: Typhlosion|tox
|-item|p2a: Typhlosion|Choice Scarf|[from] ability: Frisk|[of] p1a: Typhlosion|[identify]
|turn|11
|
|move|p2a: Typhlosion|Eruption|p1a: Typhlosion
|-resisted|p1a: Typhlosion
|-damage|p1a: Typhlosion|30/100 tox
|move|p1a: Typhlosion|Infernal Parade|p2a: Typhlosion
|-supereffective|p2a: Typhlosion
|-damage|p2a: Typhlosion|0 fnt
|faint|p2a: Typhlosion
|
|-damage|p1a: Typhlosion|24/100 tox|[from] psn
|
|switch|p2a: Skeledirge|Skeledirge, M|100/100
|turn|12
|
|-terastallize|p2a: Skeledirge|Fairy
|move|p1a: Typhlosion|Infernal Parade|p2a: Skeledirge
|-damage|p2a: Skeledirge|51/100
|-status|p2a: Skeledirge|brn
|move|p2a: Skeledirge|Shadow Ball|p1a: Typhlosion
|-supereffective|p1a: Typhlosion
|-damage|p1a: Typhlosion|0 fnt
|faint|p1a: Typhlosion
|
|-heal|p2a: Skeledirge|57/100 brn|[from] item: Leftovers
|-damage|p2a: Skeledirge|51/100 brn|[from] brn
|
|switch|p1a: Enamorus|Enamorus, F|76/100
|-damage|p1a: Enamorus|51/100|[from] Stealth Rock
|turn|13
|
|move|p1a: Enamorus|Sludge Bomb|p2a: Skeledirge
|-supereffective|p2a: Skeledirge
|-damage|p2a: Skeledirge|0 fnt
|faint|p2a: Skeledirge
|
|win|p1
