# advantage = p2
|poke|p1|Misdreavus, F|
|poke|p1|Toxel, F|
|poke|p1|Pawmo, M|
|poke|p1|Maushold|
|poke|p1|Dolliv, F|
|poke|p1|Tinkatuff, F|
|poke|p2|Ursaluna, M|
|poke|p2|Grimmsnarl, M|
|poke|p2|Decidueye-Hisui, M|
|poke|p2|Kleavor, F|
|poke|p2|Sneasler, F|
|poke|p2|Lilligant-Hisui, F|
|teampreview
|
|start
|switch|p1a: Misdreavus|Misdreavus, F|100/100
|switch|p2a: Kleavor|Kleavor, F|100/100
|turn|1
|
|move|p1a: Misdreavus|Curse|p2a: Kleavor
|-start|p2a: Kleavor|Curse|[of] p1a: Misdreavus
|-damage|p1a: Misdreavus|50/100
|move|p2a: Kleavor|Stone Axe|p1a: Misdreavus
|-damage|p1a: Misdreavus|0 fnt
|-sidestart|p1: p1|move: Stealth Rock
|faint|p1a: Misdreavus
|
|-damage|p2a: Kleavor|76/100|[from] Curse
|
|switch|p1a: Pawmo|Pawmo, M|100/100
|-damage|p1a: Pawmo|94/100|[from] Stealth Rock
|turn|2
|
|move|p1a: Pawmo|Mach Punch|p2a: Kleavor
|-damage|p2a: Kleavor|47/100
|move|p2a: Kleavor|U-turn|p1a: Pawmo
|-resisted|p1a: Pawmo
|-damage|p1a: Pawmo|47/100
|
|switch|p2a: Lilligant|Lilligant-Hisui, F|100/100|[from] U-turn
|
|turn|3
|
|move|p2a: Lilligant|Victory Dance|p2a: Lilligant
|-boost|p2a: Lilligant|atk|1
|-boost|p2a: Lilligant|def|1
|-boost|p2a: Lilligant|spe|1
|move|p1a: Pawmo|Thunder Punch|p2a: Lilligant
|-resisted|p2a: Lilligant
|-damage|p2a: Lilligant|81/100
|
|turn|4
|
|switch|p1a: Tinkatuff|Tinkatuff, F|100/100
|-damage|p1a: Tinkatuff|95/100|[from] Stealth Rock
|-ability|p1a: Tinkatuff|Mold Breaker
|move|p2a: Lilligant|Leaf Blade|p1a: Tinkatuff
|-resisted|p1a: Tinkatuff
|-damage|p1a: Tinkatuff|31/100
|
|turn|5
|
|move|p2a: Lilligant|Leaf Blade|p1a: Tinkatuff
|-resisted|p1a: Tinkatuff
|-damage|p1a: Tinkatuff|0 fnt
|faint|p1a: Tinkatuff
|
|
|switch|p1a: Maushold|Maushold|100/100
|-damage|p1a: Maushold|88/100|[from] Stealth Rock
|turn|6
|
|move|p2a: Lilligant|Leaf Blade|p1a: Maushold
|-damage|p1a: Maushold|0 fnt
|faint|p1a: Maushold
|
|
|switch|p1a: Dolliv|Dolliv, F|100/100
|-damage|p1a: Dolliv|88/100|[from] Stealth Rock
|turn|7
|
|move|p2a: Lilligant|Leaf Blade|p1a: Dolliv
|-resisted|p1a: Dolliv
|-damage|p1a: Dolliv|0 fnt
|faint|p1a: Dolliv
|
|player|p1|
|-message|p1 lost due to inactivity.
|
|win|p2
