# advantage = p1
|poke|p1|Typhlosion-Hisui, M|
|poke|p1|Great Tusk|
|poke|p1|Samurott-Hisui, M|
|poke|p1|Amoonguss, F|
|poke|p1|Braviary-Hisui, M|
|poke|p1|Goodra-Hisui, M|
|poke|p2|Magearna|
|poke|p2|Sneasler, M|
|poke|p2|Dragapult, F|
|poke|p2|Zamazenta-*|
|poke|p2|Volcarona, F|
|poke|p2|Ursaluna, F|
|teampreview
|
|start
|switch|p1a: Amoonguss|Amoonguss, F|100/100
|switch|p2a: Zamazenta|Zamazenta|100/100
|-ability|p2a: Zamazenta|Dauntless Shield|boost
|-boost|p2a: Zamazenta|def|1
|turn|1
|
|move|p2a: Zamazenta|Substitute|p2a: Zamazenta
|-start|p2a: Zamazenta|Substitute
|-damage|p2a: Zamazenta|76/100
|move|p1a: Amoonguss|Spore||[still]
|-fail|p1a: Amoonguss
|
|-heal|p2a: Zamazenta|82/100|[from] item: Leftovers
|turn|2
|
|switch|p1a: Braviary|Braviary-Hisui, M|100/100
|move|p2a: Zamazenta|Iron Defense|p2a: Zamazenta
|-boost|p2a: Zamazenta|def|2
|
|-heal|p2a: Zamazenta|88/100|[from] item: Leftovers
|turn|3
|
|-terastallize|p2a: Zamazenta|Dark
|move|p2a: Zamazenta|Crunch|p1a: Braviary
|-supereffective|p1a: Braviary
|-damage|p1a: Braviary|50/100
|move|p1a: Braviary|Esper Wing|p2a: Zamazenta
|-immune|p2a: Zamazenta
|
|-heal|p2a: Zamazenta|94/100|[from] item: Leftovers
|turn|4
|
|move|p2a: Zamazenta|Crunch|p1a: Braviary
|-supereffective|p1a: Braviary
|-damage|p1a: Braviary|6/100
|move|p1a: Braviary|Heat Wave|p2a: Zamazenta
|-activate|p2a: Zamazenta|move: Substitute|[damage]
|
|-heal|p2a: Zamazenta|99/100|[from] item: Leftovers
|turn|5
|
|switch|p1a: Amoonguss|Amoonguss, F|100/100
|move|p2a: Zamazenta|Crunch|p1a: Amoonguss
|-damage|p1a: Amoonguss|74/100
|-damage|p2a: Zamazenta|84/100|[from] item: Rocky Helmet|[of] p1a: Amoonguss
|
|-heal|p2a: Zamazenta|90/100|[from] item: Leftovers
|turn|6
|
|move|p2a: Zamazenta|Iron Defense|p2a: Zamazenta
|-boost|p2a: Zamazenta|def|2
|move|p1a: Amoonguss|Giga Drain|p2a: Zamazenta
|-end|p2a: Zamazenta|Substitute
|-heal|p1a: Amoonguss|75/100|[from] drain|[of] p2a: Zamazenta
|
|-heal|p2a: Zamazenta|96/100|[from] item: Leftovers
|turn|7
|
|move|p2a: Zamazenta|Substitute|p2a: Zamazenta
|-start|p2a: Zamazenta|Substitute
|-damage|p2a: Zamazenta|71/100
|move|p1a: Amoonguss|Clear Smog|p2a: Zamazenta
|-activate|p2a: Zamazenta|move: Substitute|[damage]
|
|-heal|p2a: Zamazenta|77/100|[from] item: Leftovers
|turn|8
|
|move|p2a: Zamazenta|Iron Defense|p2a: Zamazenta
|-boost|p2a: Zamazenta|def|1
|move|p1a: Amoonguss|Giga Drain|p2a: Zamazenta
|-end|p2a: Zamazenta|Substitute
|-heal|p1a: Amoonguss|79/100|[from] drain|[of] p2a: Zamazenta
|
|-heal|p2a: Zamazenta|83/100|[from] item: Leftovers
|turn|9
|
|move|p2a: Zamazenta|Substitute|p2a: Zamazenta
|-start|p2a: Zamazenta|Substitute
|-damage|p2a: Zamazenta|58/100
|move|p1a: Amoonguss|Giga Drain|p2a: Zamazenta
|-activate|p2a: Zamazenta|move: Substitute|[damage]
|-heal|p1a: Amoonguss|87/100|[from] drain|[of] p2a: Zamazenta
|
|-heal|p2a: Zamazenta|64/100|[from] item: Leftovers
|turn|10
|
|move|p2a: Zamazenta|Body Press|p1a: Amoonguss
|-resisted|p1a: Amoonguss
|-damage|p1a: Amoonguss|28/100
|-damage|p2a: Zamazenta|48/100|[from] item: Rocky Helmet|[of] p1a: Amoonguss
|move|p1a: Amoonguss|Giga Drain|p2a: Zamazenta
|-end|p2a: Zamazenta|Substitute
|-heal|p1a: Amoonguss|30/100|[from] drain|[of] p2a: Zamazenta
|
|-heal|p2a: Zamazenta|54/100|[from] item: Leftovers
|turn|11
|
|move|p2a: Zamazenta|Substitute|p2a: Zamazenta
|-start|p2a: Zamazenta|Substitute
|-damage|p2a: Zamazenta|29/100
|move|p1a: Amoonguss|Giga Drain|p2a: Zamazenta
|-activate|p2a: Zamazenta|move: Substitute|[damage]
|-heal|p1a: Amoonguss|38/100|[from] drain|[of] p2a: Zamazenta
|
|-heal|p2a: Zamazenta|35/100|[from] item: Leftovers
|turn|12
|
|move|p2a: Zamazenta|Body Press|p1a: Amoonguss
|-resisted|p1a: Amoonguss
|-damage|p1a: Amoonguss|0 fnt
|-damage|p2a: Zamazenta|19/100|[from] item: Rocky Helmet|[of] p1a: Amoonguss
|faint|p1a: Amoonguss
|
|-heal|p2a: Zamazenta|25/100|[from] item: Leftovers
|
|switch|p1a: Typhlosion|Typhlosion-Hisui, M|100/100
|-item|p2a: Zamazenta|Leftovers|[from] ability: Frisk|[of] p1a: Typhlosion|[identify]
|turn|13
|
|move|p1a: Typhlosion|Infernal Parade|p2a: Zamazenta
|-resisted|p2a: Zamazenta
|-end|p2a: Zamazenta|Substitute
|move|p2a: Zamazenta|Crunch|p1a: Typhlosion
|-supereffective|p1a: Typhlosion
|-damage|p1a: Typhlosion|0 fnt
|faint|p1a: Typhlosion
|
|-heal|p2a: Zamazenta|31/100|[from] item: Leftovers
|
|switch|p1a: Great Tusk|Great Tusk|100/100
|turn|14
|
|move|p2a: Zamazenta|Substitute|p2a: Zamazenta
|-start|p2a: Zamazenta|Substitute
|-damage|p2a: Zamazenta|6/100
|move|p1a: Great Tusk|Earthquake|p2a: Zamazenta
|-activate|p2a: Zamazenta|move: Substitute|[damage]
|
|-heal|p2a: Zamazenta|12/100|[from] item: Leftovers
|turn|15
|-message|p1 forfeited.
|
|win|p2
