|poke|p1|Enamorus, F|
|poke|p1|Zamazenta-*|
|poke|p1|Azumarill, F|
|poke|p1|Glimmora, M|
|poke|p1|Dragapult, F|
|poke|p1|Kingambit, F|
|poke|p2|Zapdos-Galar|
|poke|p2|Azelf|
|poke|p2|Goodra-Hisui, F|
|poke|p2|Lilligant-Hisui, F|
|poke|p2|Typhlosion-Hisui, M|
|poke|p2|Kleavor, M|
|teampreview
|
|start
|switch|p1a: FCF√ Goyave|Glimmora, M|100/100
|switch|p2a: Kleavor|Kleavor, M|100/100
|turn|1
|
|move|p1a: FCF√ Goyave|Mortal Spin|p2a: Kleavor
|-resisted|p2a: Kleavor
|-damage|p2a: Kleavor|97/100
|-status|p2a: Kleavor|psn
|move|p2a: Kleavor|Stone Axe|p1a: FCF√ Goyave
|-damage|p1a: FCF√ Goyave|33/100
|-sidestart|p1: Lolopo_24|move: Stealth Rock
|-activate|p1a: FCF√ Goyave|ability: Toxic Debris
|-sidestart|p2: LOOPJ21|move: Toxic Spikes
|
|-damage|p2a: Kleavor|84/100 psn|[from] psn
|turn|2
|
|switch|p2a: Azelf|Azelf|100/100
|move|p1a: FCF√ Goyave|Stealth Rock|p2a: Azelf
|-sidestart|p2: LOOPJ21|move: Stealth Rock
|
|turn|3
|
|move|p2a: Azelf|Energy Ball|p1a: FCF√ Goyave
|-damage|p1a: FCF√ Goyave|0 fnt
|faint|p1a: FCF√ Goyave
|
|
|switch|p1a: KatanaNaruto|Kingambit, F|100/100
|-damage|p1a: KatanaNaruto|94/100|[from] Stealth Rock
|-activate|p1a: KatanaNaruto|ability: Supreme Overlord
|-start|p1a: KatanaNaruto|fallen1|[silent]
|turn|4
|
|switch|p2a: Kleavor|Kleavor, M|84/100 psn
|move|p1a: KatanaNaruto|Swords Dance|p1a: KatanaNaruto
|-boost|p1a: KatanaNaruto|atk|2
|
|-damage|p2a: Kleavor|72/100 psn|[from] psn
|turn|5
|
|move|p1a: KatanaNaruto|Sucker Punch||[still]
|-fail|p1a: KatanaNaruto
|move|p2a: Kleavor|Defog|p1a: KatanaNaruto
|-unboost|p1a: KatanaNaruto|evasion|1
|-sideend|p1: Lolopo_24|Stealth Rock|[from] move: Defog|[of] p2a: Kleavor
|-sideend|p2: LOOPJ21|Toxic Spikes|[from] move: Defog|[of] p2a: Kleavor
|-sideend|p2: LOOPJ21|Stealth Rock|[from] move: Defog|[of] p2a: Kleavor
|
|-damage|p2a: Kleavor|59/100 psn|[from] psn
|turn|6
|
|move|p1a: KatanaNaruto|Sucker Punch|p2a: Kleavor
|-damage|p2a: Kleavor|0 fnt
|faint|p2a: Kleavor
|
|
|switch|p2a: Zapdos|Zapdos-Galar, shiny|100/100
|turn|7
|
|-end|p1a: KatanaNaruto|fallen1|[silent]
|switch|p1a: Isocèle|Dragapult, F|100/100
|move|p2a: Zapdos|Tailwind|p2a: Zapdos
|-sidestart|p2: LOOPJ21|move: Tailwind
|
|turn|8
|
|move|p2a: Zapdos|Stomping Tantrum|p1a: Isocèle
|-damage|p1a: Isocèle|65/100
|move|p1a: Isocèle|Thunderbolt|p2a: Zapdos
|-supereffective|p2a: Zapdos
|-damage|p2a: Zapdos|21/100
|-status|p2a: Zapdos|par
|-enditem|p2a: Zapdos|Sitrus Berry|[eat]
|-heal|p2a: Zapdos|46/100 par|[from] item: Sitrus Berry
|-damage|p1a: Isocèle|56/100|[from] item: Life Orb
|
|turn|9
|
|move|p1a: Isocèle|Thunderbolt|p2a: Zapdos
|-supereffective|p2a: Zapdos
|-damage|p2a: Zapdos|0 fnt
|faint|p2a: Zapdos
|-damage|p1a: Isocèle|46/100|[from] item: Life Orb
|
|
|switch|p2a: Typhlosion|Typhlosion-Hisui, M, shiny|100/100
|-item|p1a: Isocèle|Life Orb|[from] ability: Frisk|[of] p2a: Typhlosion|[identify]
|turn|10
|
|move|p2a: Typhlosion|Infernal Parade|p1a: Isocèle
|-supereffective|p1a: Isocèle
|-damage|p1a: Isocèle|0 fnt
|faint|p1a: Isocèle
|
|-sideend|p2: LOOPJ21|move: Tailwind
|
|switch|p1a: KatanaNaruto|Kingambit, F|94/100
|-activate|p1a: KatanaNaruto|ability: Supreme Overlord
|-start|p1a: KatanaNaruto|fallen2|[silent]
|turn|11
|l|☆LOOPJ21
|player|p2|
|j|☆LOOPJ21
|player|p2|LOOPJ21|riley
|
|-terastallize|p1a: KatanaNaruto|Dark
|move|p2a: Typhlosion|Calm Mind|p2a: Typhlosion
|-boost|p2a: Typhlosion|spa|1
|-boost|p2a: Typhlosion|spd|1
|move|p1a: KatanaNaruto|Swords Dance|p1a: KatanaNaruto
|-boost|p1a: KatanaNaruto|atk|2
|
|turn|12
|
|-terastallize|p2a: Typhlosion|Fighting
|move|p2a: Typhlosion|Focus Blast|p1a: KatanaNaruto
|-supereffective|p1a: KatanaNaruto
|-damage|p1a: KatanaNaruto|0 fnt
|faint|p1a: KatanaNaruto
|-end|p1a: KatanaNaruto|fallen2|[silent]
|
|
|switch|p1a: PeteMoiL'Cul|Enamorus, F|100/100
|turn|13
|
|move|p1a: PeteMoiL'Cul|Superpower|p2a: Typhlosion
|-damage|p2a: Typhlosion|42/100
|-boost|p1a: PeteMoiL'Cul|atk|1
|-boost|p1a: PeteMoiL'Cul|def|1
|move|p2a: Typhlosion|Fire Blast|p1a: PeteMoiL'Cul
|-damage|p1a: PeteMoiL'Cul|0 fnt
|faint|p1a: PeteMoiL'Cul
|
|
|switch|p1a: Chiengue|Zamazenta|100/100
|-ability|p1a: Chiengue|Dauntless Shield|boost
|-boost|p1a: Chiengue|def|1
|turn|14
|
|move|p1a: Chiengue|Close Combat|p2a: Typhlosion
|-damage|p2a: Typhlosion|0 fnt
|-unboost|p1a: Chiengue|def|1
|-unboost|p1a: Chiengue|spd|1
|faint|p2a: Typhlosion
|
|
|switch|p2a: Azelf|Azelf|100/100
|turn|15
|
|move|p2a: Azelf|Extrasensory|p1a: Chiengue
|-supereffective|p1a: Chiengue
|-damage|p1a: Chiengue|0 fnt
|faint|p1a: Chiengue
|
|
|switch|p1a: Bitenbois|Azumarill, F|100/100
|turn|16
|
|switch|p2a: Lilligant|Lilligant-Hisui, F|100/100
|move|p1a: Bitenbois|Belly Drum|p1a: Bitenbois
|-damage|p1a: Bitenbois|50/100
|-setboost|p1a: Bitenbois|atk|6|[from] move: Belly Drum
|-enditem|p1a: Bitenbois|Sitrus Berry|[eat]
|-heal|p1a: Bitenbois|75/100|[from] item: Sitrus Berry
|
|turn|17
|
|move|p2a: Lilligant|Petal Blizzard|p1a: Bitenbois
|-supereffective|p1a: Bitenbois
|-crit|p1a: Bitenbois
|-damage|p1a: Bitenbois|0 fnt
|faint|p1a: Bitenbois
|
|win|LOOPJ21
|l|☆Lolopo_24
|l|☆LOOPJ21
|j|☆LOOPJ21
|player|p2|LOOPJ21|riley
