|poke|p1|Landorus-Therian, M|
|poke|p1|Rotom-Wash|
|poke|p1|Dragonite, M|
|poke|p1|Magearna|
|poke|p1|Cinderace, M|
|poke|p1|Bisharp, M|
|poke|p2|Pelipper, F|
|poke|p2|Samurott-Hisui, F|
|poke|p2|Gholdengo|
|poke|p2|Tornadus-Therian, M|
|poke|p2|Amoonguss, M|
|poke|p2|Great Tusk|
|teampreview
|
|start
|switch|p1a: Magearna|Magearna|100/100
|switch|p2a: Pelipe|Pelipper, F, shiny|100/100
|-weather|RainDance|[from] ability: Drizzle|[of] p2a: Pelipe
|turn|1
|
|switch|p2a: lil bro|Gholdengo|100/100
|move|p1a: Magearna|Ice Beam|p2a: lil bro
|-resisted|p2a: lil bro
|-damage|p2a: lil bro|77/100
|
|-weather|RainDance|[upkeep]
|-heal|p2a: lil bro|83/100|[from] item: Leftovers
|turn|2
|
|switch|p1a: Bisharp|Bisharp, M|100/100
|move|p2a: lil bro|Thunder Wave|p1a: Bisharp|[miss]
|-miss|p2a: lil bro|p1a: Bisharp
|
|-weather|RainDance|[upkeep]
|-heal|p2a: lil bro|89/100|[from] item: Leftovers
|turn|3
|
|switch|p1a: Rotom|Rotom-Wash|100/100
|switch|p2a: LINK|Amoonguss, M, shiny|100/100
|
|-weather|RainDance|[upkeep]
|turn|4
|
|-terastallize|p1a: Rotom|Grass
|move|p1a: Rotom|Will-O-Wisp|p2a: LINK
|-status|p2a: LINK|brn
|move|p2a: LINK|Spore|p1a: Rotom
|-immune|p1a: Rotom
|
|-weather|RainDance|[upkeep]
|-damage|p2a: LINK|94/100 brn|[from] brn
|turn|5
|
|move|p1a: Rotom|Volt Switch|p2a: LINK
|-resisted|p2a: LINK
|-damage|p2a: LINK|84/100 brn
|-enditem|p2a: LINK|Eject Button
|
|switch|p2a: Theory of Life|Tornadus-Therian, M, shiny|100/100
|
|-weather|RainDance|[upkeep]
|turn|6
|
|switch|p1a: Magearna|Magearna|100/100
|move|p2a: Theory of Life|Hurricane|p1a: Magearna
|-resisted|p1a: Magearna
|-damage|p1a: Magearna|78/100
|-start|p1a: Magearna|confusion
|
|-weather|RainDance|[upkeep]
|turn|7
|
|move|p2a: Theory of Life|U-turn|p1a: Magearna
|-resisted|p1a: Magearna
|-damage|p1a: Magearna|75/100
|
|switch|p2a: PACKING|Samurott-Hisui, F|100/100|[from] U-turn
|-activate|p1a: Magearna|confusion
|move|p1a: Magearna|Volt Switch|p2a: PACKING
|-supereffective|p2a: PACKING
|-damage|p2a: PACKING|0 fnt
|faint|p2a: PACKING
|-ability|p1a: Magearna|Soul-Heart|boost
|-boost|p1a: Magearna|spa|1
|
|switch|p1a: Landorus|Landorus-Therian, M|100/100|[from] Volt Switch
|
|-weather|RainDance|[upkeep]
|
|switch|p2a: Theory of Life|Tornadus-Therian, M, shiny|100/100
|turn|8
|
|move|p1a: Landorus|Stone Edge|p2a: Theory of Life
|-supereffective|p2a: Theory of Life
|-damage|p2a: Theory of Life|0 fnt
|faint|p2a: Theory of Life
|
|-weather|none
|
|switch|p2a: Pelipe|Pelipper, F, shiny|100/100
|-weather|RainDance|[from] ability: Drizzle|[of] p2a: Pelipe
|turn|9
|
|move|p1a: Landorus|Stone Edge|p2a: Pelipe
|-supereffective|p2a: Pelipe
|-damage|p2a: Pelipe|44/100
|move|p2a: Pelipe|Surf|p1a: Landorus
|-supereffective|p1a: Landorus
|-damage|p1a: Landorus|0 fnt
|faint|p1a: Landorus
|
|-weather|RainDance|[upkeep]
|
|switch|p1a: Rotom|Rotom-Wash, tera:Grass|100/100
|turn|10
|
|switch|p2a: LINK|Amoonguss, M, shiny|100/100 brn
|move|p1a: Rotom|Volt Switch|p2a: LINK
|-resisted|p2a: LINK
|-damage|p2a: LINK|89/100 brn
|
|switch|p1a: Cinderace|Cinderace, M|100/100|[from] Volt Switch
|
|-weather|RainDance|[upkeep]
|-damage|p2a: LINK|82/100 brn|[from] brn
|turn|11
|
|move|p1a: Cinderace|U-turn|p2a: LINK
|-start|p1a: Cinderace|typechange|Bug|[from] ability: Libero
|-damage|p2a: LINK|57/100 brn
|
|switch|p1a: Rotom|Rotom-Wash, tera:Grass|100/100|[from] U-turn
|move|p2a: LINK|Spore|p1a: Rotom
|-immune|p1a: Rotom
|
|-weather|RainDance|[upkeep]
|-damage|p2a: LINK|51/100 brn|[from] brn
|turn|12
|
|move|p1a: Rotom|Will-O-Wisp|p2a: LINK
|-fail|p2a: LINK|brn
|move|p2a: LINK|Sludge Bomb|p1a: Rotom
|-supereffective|p1a: Rotom
|-damage|p1a: Rotom|39/100
|-status|p1a: Rotom|psn
|
|-weather|RainDance|[upkeep]
|-heal|p1a: Rotom|46/100 psn|[from] item: Leftovers
|-damage|p1a: Rotom|33/100 psn|[from] psn
|-damage|p2a: LINK|45/100 brn|[from] brn
|turn|13
|
|move|p1a: Rotom|Volt Switch|p2a: LINK
|-resisted|p2a: LINK
|-damage|p2a: LINK|34/100 brn
|
|switch|p1a: Bisharp|Bisharp, M|100/100|[from] Volt Switch
|move|p2a: LINK|Spore|p1a: Bisharp
|-status|p1a: Bisharp|slp|[from] move: Spore
|
|-weather|RainDance|[upkeep]
|-damage|p2a: LINK|28/100 brn|[from] brn
|turn|14
|
|switch|p1a: Dragonite|Dragonite, M|100/100
|switch|p2a: RAM & SLAM|Great Tusk, shiny|100/100
|
|-weather|RainDance|[upkeep]
|turn|15
|
|move|p1a: Dragonite|Dragon Claw|p2a: RAM & SLAM
|-damage|p2a: RAM & SLAM|77/100
|move|p2a: RAM & SLAM|Knock Off|p1a: Dragonite
|-damage|p1a: Dragonite|85/100
|-enditem|p1a: Dragonite|Heavy-Duty Boots|[from] move: Knock Off|[of] p2a: RAM & SLAM
|
|-weather|RainDance|[upkeep]
|-heal|p2a: RAM & SLAM|83/100|[from] item: Leftovers
|turn|16
|
|move|p1a: Dragonite|Dragon Claw|p2a: RAM & SLAM
|-damage|p2a: RAM & SLAM|58/100
|move|p2a: RAM & SLAM|Stealth Rock|p1a: Dragonite
|-sidestart|p1: Tinberz|move: Stealth Rock
|
|-weather|none
|-heal|p2a: RAM & SLAM|64/100|[from] item: Leftovers
|turn|17
|
|-end|p2a: RAM & SLAM|Protosynthesis|[silent]
|switch|p2a: Pelipe|Pelipper, F, shiny|44/100
|-weather|RainDance|[from] ability: Drizzle|[of] p2a: Pelipe
|move|p1a: Dragonite|Dragon Claw|p2a: Pelipe
|-damage|p2a: Pelipe|9/100
|
|-weather|RainDance|[upkeep]
|turn|18
|
|move|p1a: Dragonite|Dragon Claw|p2a: Pelipe
|-damage|p2a: Pelipe|0 fnt
|faint|p2a: Pelipe
|
|-weather|RainDance|[upkeep]
|
|switch|p2a: lil bro|Gholdengo|89/100
|turn|19
|
|switch|p1a: Rotom|Rotom-Wash, tera:Grass|33/100 psn
|-damage|p1a: Rotom|21/100 psn|[from] Stealth Rock
|move|p2a: lil bro|Thunder Wave||[still]
|-fail|p2a: lil bro
|
|-weather|RainDance|[upkeep]
|-heal|p1a: Rotom|27/100 psn|[from] item: Leftovers
|-heal|p2a: lil bro|95/100|[from] item: Leftovers
|-damage|p1a: Rotom|14/100 psn|[from] psn
|turn|20
|
|move|p1a: Rotom|Hydro Pump|p2a: lil bro
|-damage|p2a: lil bro|35/100
|move|p2a: lil bro|Hex|p1a: Rotom
|-crit|p1a: Rotom
|-damage|p1a: Rotom|0 fnt
|faint|p1a: Rotom
|
|-weather|RainDance|[upkeep]
|-heal|p2a: lil bro|41/100|[from] item: Leftovers
|
|switch|p1a: Magearna|Magearna|75/100
|-damage|p1a: Magearna|69/100|[from] Stealth Rock
|turn|21
|
|move|p2a: lil bro|Recover|p2a: lil bro
|-heal|p2a: lil bro|91/100
|move|p1a: Magearna|Fleur Cannon|p2a: lil bro
|-resisted|p2a: lil bro
|-damage|p2a: lil bro|40/100
|-unboost|p1a: Magearna|spa|2
|
|-weather|RainDance|[upkeep]
|-heal|p2a: lil bro|47/100|[from] item: Leftovers
|turn|22
|
|switch|p1a: Bisharp|Bisharp, M|100/100 slp
|-damage|p1a: Bisharp|94/100 slp|[from] Stealth Rock
|move|p2a: lil bro|Recover|p2a: lil bro
|-heal|p2a: lil bro|97/100
|
|-weather|RainDance|[upkeep]
|-heal|p2a: lil bro|100/100|[from] item: Leftovers
|turn|23
|
|switch|p2a: RAM & SLAM|Great Tusk, shiny|64/100
|cant|p1a: Bisharp|slp
|
|-weather|RainDance|[upkeep]
|-heal|p2a: RAM & SLAM|70/100|[from] item: Leftovers
|turn|24
|
|switch|p1a: Magearna|Magearna|69/100
|-damage|p1a: Magearna|63/100|[from] Stealth Rock
|move|p2a: RAM & SLAM|Knock Off|p1a: Magearna
|-resisted|p1a: Magearna
|-damage|p1a: Magearna|51/100
|-enditem|p1a: Magearna|Choice Specs|[from] move: Knock Off|[of] p2a: RAM & SLAM
|
|-weather|none
|-heal|p2a: RAM & SLAM|77/100|[from] item: Leftovers
|turn|25
|
|move|p2a: RAM & SLAM|Earthquake|p1a: Magearna
|-supereffective|p1a: Magearna
|-damage|p1a: Magearna|0 fnt
|faint|p1a: Magearna
|
|-heal|p2a: RAM & SLAM|83/100|[from] item: Leftovers
|
|switch|p1a: Cinderace|Cinderace, M|100/100
|turn|26
|
|move|p1a: Cinderace|Court Change|p1a: Cinderace
|-start|p1a: Cinderace|typechange|Normal|[from] ability: Libero
|-swapsideconditions
|-activate|p1a: Cinderace|move: Court Change
|move|p2a: RAM & SLAM|Knock Off|p1a: Cinderace
|-damage|p1a: Cinderace|62/100
|-enditem|p1a: Cinderace|Heavy-Duty Boots|[from] move: Knock Off|[of] p2a: RAM & SLAM
|
|-heal|p2a: RAM & SLAM|89/100|[from] item: Leftovers
|turn|27
|
|move|p1a: Cinderace|Pyro Ball|p2a: RAM & SLAM|[miss]
|-miss|p1a: Cinderace|p2a: RAM & SLAM
|move|p2a: RAM & SLAM|Rapid Spin|p1a: Cinderace
|-damage|p1a: Cinderace|42/100
|-boost|p2a: RAM & SLAM|spe|1
|-sideend|p2: lucenthine|Stealth Rock|[from] move: Rapid Spin|[of] p2a: RAM & SLAM
|
|-heal|p2a: RAM & SLAM|95/100|[from] item: Leftovers
|turn|28
|
|switch|p1a: Dragonite|Dragonite, M|85/100
|move|p2a: RAM & SLAM|Stealth Rock|p1a: Dragonite
|-sidestart|p1: Tinberz|move: Stealth Rock
|
|-heal|p2a: RAM & SLAM|100/100|[from] item: Leftovers
|turn|29
|
|-end|p2a: RAM & SLAM|Protosynthesis|[silent]
|switch|p2a: lil bro|Gholdengo|100/100
|move|p1a: Dragonite|Dragon Dance|p1a: Dragonite
|-boost|p1a: Dragonite|atk|1
|-boost|p1a: Dragonite|spe|1
|
|turn|30
|
|move|p1a: Dragonite|Earthquake|p2a: lil bro
|-supereffective|p2a: lil bro
|-damage|p2a: lil bro|17/100
|move|p2a: lil bro|Thunder Wave|p1a: Dragonite
|-status|p1a: Dragonite|par
|
|-heal|p2a: lil bro|23/100|[from] item: Leftovers
|turn|31
|
|-terastallize|p2a: lil bro|Flying
|move|p2a: lil bro|Recover|p2a: lil bro
|-heal|p2a: lil bro|73/100
|cant|p1a: Dragonite|par
|
|-heal|p2a: lil bro|79/100|[from] item: Leftovers
|turn|32
|
|move|p2a: lil bro|Hex|p1a: Dragonite
|-damage|p1a: Dragonite|23/100 par
|move|p1a: Dragonite|Dragon Claw|p2a: lil bro
|-damage|p2a: lil bro|35/100
|
|-heal|p2a: lil bro|41/100|[from] item: Leftovers
|turn|33
|
|move|p1a: Dragonite|Extreme Speed|p2a: lil bro
|-damage|p2a: lil bro|7/100
|move|p2a: lil bro|Recover|p2a: lil bro
|-heal|p2a: lil bro|57/100
|
|-heal|p2a: lil bro|63/100|[from] item: Leftovers
|turn|34
|
|switch|p1a: Bisharp|Bisharp, M|94/100 slp
|-damage|p1a: Bisharp|88/100 slp|[from] Stealth Rock
|move|p2a: lil bro|Recover|p2a: lil bro
|-heal|p2a: lil bro|100/100
|
|turn|35
|
|switch|p2a: RAM & SLAM|Great Tusk, shiny|100/100
|cant|p1a: Bisharp|slp
|
|turn|36
|
|move|p2a: RAM & SLAM|Earthquake|p1a: Bisharp
|-supereffective|p1a: Bisharp
|-damage|p1a: Bisharp|16/100 slp
|cant|p1a: Bisharp|slp
|
|turn|37
|-message|Tinberz forfeited.
|
|win|lucenthine
