|poke|p1|Lokix, F|
|poke|p1|Bellibolt, M|
|poke|p1|Cresselia, F|
|poke|p1|Corviknight, M|
|poke|p1|Hatterene, F|
|poke|p1|Volcanion|
|poke|p2|Cinderace, M|
|poke|p2|Meowscarada, M|
|poke|p2|Greninja, M|
|poke|p2|Glimmora, F|
|poke|p2|Gholdengo|
|poke|p2|Roaring Moon|
|teampreview
|
|start
|switch|p1a: Lokix|Lokix, F|100/100
|switch|p2a: ???|Glimmora, F|100/100
|turn|1
|
|switch|p1a: Hatterene|Hatterene, F|100/100
|move|p2a: ???|Mortal Spin|p1a: Hatterene
|-supereffective|p1a: Hatterene
|-damage|p1a: Hatterene|87/100
|-status|p1a: Hatterene|psn
|
|-damage|p1a: Hatterene|75/100 psn|[from] psn
|turn|2
|
|switch|p2a: si Persian|Gholdengo|100/100
|-item|p2a: si Persian|Air Balloon
|move|p1a: Hatterene|Trick Room|p1a: Hatterene
|-fieldstart|move: Trick Room|[of] p1a: Hatterene
|
|-damage|p1a: Hatterene|63/100 psn|[from] psn
|turn|3
|player|p1|
|player|p1|p1|266
|
|move|p1a: Hatterene|Mystical Fire|p2a: si Persian
|-supereffective|p2a: si Persian
|-damage|p2a: si Persian|25/100
|-unboost|p2a: si Persian|spa|1
|-enditem|p2a: si Persian|Air Balloon
|move|p2a: si Persian|Shadow Ball|p1a: Hatterene
|-supereffective|p1a: Hatterene
|-damage|p1a: Hatterene|4/100 psn
|
|-damage|p1a: Hatterene|0 fnt|[from] psn
|faint|p1a: Hatterene
|
|switch|p1a: Volcanion|Volcanion|100/100
|-item|p1a: Volcanion|Air Balloon
|turn|4
|
|move|p1a: Volcanion|Flare Blitz|p2a: si Persian
|-supereffective|p2a: si Persian
|-damage|p2a: si Persian|0 fnt
|faint|p2a: si Persian
|-damage|p1a: Volcanion|94/100|[from] Recoil
|
|
|switch|p2a: ???|Glimmora, F|100/100
|turn|5
|
|move|p1a: Volcanion|Earthquake|p2a: ???
|-supereffective|p2a: ???
|-enditem|p2a: ???|Focus Sash
|-damage|p2a: ???|1/100
|-activate|p2a: ???|ability: Toxic Debris
|-sidestart|p1: p1|move: Toxic Spikes
|move|p2a: ???|Mortal Spin|p1a: Volcanion
|-damage|p1a: Volcanion|89/100
|-status|p1a: Volcanion|psn
|-enditem|p1a: Volcanion|Air Balloon
|
|-damage|p1a: Volcanion|77/100 psn|[from] psn
|turn|6
|
|move|p1a: Volcanion|Earthquake|p2a: ???
|-supereffective|p2a: ???
|-damage|p2a: ???|0 fnt
|-activate|p2a: ???|ability: Toxic Debris
|-sidestart|p1: p1|move: Toxic Spikes
|faint|p2a: ???
|
|-damage|p1a: Volcanion|65/100 psn|[from] psn
|-fieldend|move: Trick Room
|
|switch|p2a: si Salamence|Roaring Moon|100/100
|-enditem|p2a: si Salamence|Booster Energy
|-activate|p2a: si Salamence|ability: Protosynthesis|[fromitem]
|-start|p2a: si Salamence|protosynthesisatk
|turn|7
|
|move|p2a: si Salamence|Dragon Dance|p2a: si Salamence
|-boost|p2a: si Salamence|atk|1
|-boost|p2a: si Salamence|spe|1
|move|p1a: Volcanion|Rest|p1a: Volcanion
|-status|p1a: Volcanion|slp|[from] move: Rest
|-heal|p1a: Volcanion|100/100 slp|[silent]
|
|turn|8
|
|switch|p1a: Cresselia|Cresselia, F|100/100
|move|p2a: si Salamence|Dragon Dance|p2a: si Salamence
|-boost|p2a: si Salamence|atk|1
|-boost|p2a: si Salamence|spe|1
|
|turn|9
|
|-terastallize|p1a: Cresselia|Fairy
|move|p2a: si Salamence|Crunch|p1a: Cresselia
|-resisted|p1a: Cresselia
|-damage|p1a: Cresselia|68/100
|-unboost|p1a: Cresselia|def|1
|move|p1a: Cresselia|Moonblast|p2a: si Salamence
|-supereffective|p2a: si Salamence
|-damage|p2a: si Salamence|5/100
|
|-heal|p1a: Cresselia|74/100|[from] item: Leftovers
|turn|10
|
|-terastallize|p2a: si Salamence|Flying
|move|p2a: si Salamence|Acrobatics|p1a: Cresselia
|-damage|p1a: Cresselia|0 fnt
|faint|p1a: Cresselia
|
|
|switch|p1a: Lokix|Lokix, F|100/100
|-status|p1a: Lokix|tox
|turn|11
|
|move|p1a: Lokix|First Impression|p2a: si Salamence
|-resisted|p2a: si Salamence
|-damage|p2a: si Salamence|0 fnt
|faint|p2a: si Salamence
|-end|p2a: si Salamence|Protosynthesis|[silent]
|-damage|p1a: Lokix|91/100 tox|[from] item: Life Orb
|
|-damage|p1a: Lokix|85/100 tox|[from] psn
|
|switch|p2a: si Lopunny|Cinderace, M|100/100
|turn|12
|
|switch|p1a: Volcanion|Volcanion|100/100 slp
|move|p2a: si Lopunny|Pyro Ball|p1a: Volcanion
|-resisted|p1a: Volcanion
|-damage|p1a: Volcanion|90/100 slp
|
|turn|13
|
|move|p2a: si Lopunny|Gunk Shot|p1a: Volcanion
|-start|p2a: si Lopunny|typechange|Poison|[from] ability: Libero
|-damage|p1a: Volcanion|43/100 slp
|cant|p1a: Volcanion|slp
|
|turn|14
|
|switch|p1a: Corviknight|Corviknight, M, shiny|100/100
|move|p2a: si Lopunny|Gunk Shot|p1a: Corviknight
|-immune|p1a: Corviknight
|
|turn|15
|
|move|p2a: si Lopunny|Pyro Ball|p1a: Corviknight
|-supereffective|p1a: Corviknight
|-damage|p1a: Corviknight|55/100
|move|p1a: Corviknight|Body Press|p2a: si Lopunny
|-resisted|p2a: si Lopunny
|-damage|p2a: si Lopunny|82/100
|
|turn|16
|
|move|p2a: si Lopunny|Pyro Ball|p1a: Corviknight
|-supereffective|p1a: Corviknight
|-damage|p1a: Corviknight|9/100
|move|p1a: Corviknight|Heavy Slam|p2a: si Lopunny
|-damage|p2a: si Lopunny|54/100
|
|turn|17
|
|move|p2a: si Lopunny|Pyro Ball|p1a: Corviknight
|-supereffective|p1a: Corviknight
|-damage|p1a: Corviknight|0 fnt
|faint|p1a: Corviknight
|
|
|switch|p1a: Lokix|Lokix, F|85/100 tox
|turn|18
|
|move|p1a: Lokix|First Impression|p2a: si Lopunny
|-resisted|p2a: si Lopunny
|-damage|p2a: si Lopunny|0 fnt
|faint|p2a: si Lopunny
|-damage|p1a: Lokix|75/100 tox|[from] item: Life Orb
|
|-damage|p1a: Lokix|69/100 tox|[from] psn
|
|switch|p2a: si Meowth|Meowscarada, M|100/100
|turn|19
|
|switch|p1a: Volcanion|Volcanion|43/100 slp
|move|p2a: si Meowth|U-turn|p1a: Volcanion
|-start|p2a: si Meowth|typechange|Bug|[from] ability: Protean
|-resisted|p1a: Volcanion
|-damage|p1a: Volcanion|24/100 slp
|
|switch|p2a: si Kecleon|Greninja, M|100/100|[from] U-turn
|
|turn|20
|player|p1|
|player|p1|p1|266
|
|move|p2a: si Kecleon|Dark Pulse|p1a: Volcanion
|-start|p2a: si Kecleon|typechange|Dark|[from] ability: Protean
|-damage|p1a: Volcanion|0 fnt
|faint|p1a: Volcanion
|
|
|switch|p1a: Lokix|Lokix, F|69/100 tox
|turn|21
|
|switch|p2a: si Meowth|Meowscarada, M|100/100
|move|p1a: Lokix|First Impression|p2a: si Meowth
|-supereffective|p2a: si Meowth
|-damage|p2a: si Meowth|0 fnt
|faint|p2a: si Meowth
|-damage|p1a: Lokix|59/100 tox|[from] item: Life Orb
|
|-damage|p1a: Lokix|53/100 tox|[from] psn
|
|switch|p2a: si Kecleon|Greninja, M|100/100
|turn|22
|
|move|p1a: Lokix|Sucker Punch|p2a: si Kecleon
|-resisted|p2a: si Kecleon
|-damage|p2a: si Kecleon|21/100
|-damage|p1a: Lokix|43/100 tox|[from] item: Life Orb
|move|p2a: si Kecleon|Hydro Pump|p1a: Lokix
|-start|p2a: si Kecleon|typechange|Water|[from] ability: Protean
|-damage|p1a: Lokix|0 fnt
|faint|p1a: Lokix
|
|
|switch|p1a: Bellibolt|Bellibolt, M, shiny|100/100
|-status|p1a: Bellibolt|tox
|turn|23
|
|move|p2a: si Kecleon|Hydro Pump|p1a: Bellibolt
|-damage|p1a: Bellibolt|56/100 tox
|-start|p1a: Bellibolt|Charge|Hydro Pump|[from] ability: Electromorphosis
|move|p1a: Bellibolt|Parabolic Charge|p2a: si Kecleon
|-supereffective|p2a: si Kecleon
|-damage|p2a: si Kecleon|0 fnt
|-heal|p1a: Bellibolt|64/100 tox|[from] drain|[of] p2a: si Kecleon
|faint|p2a: si Kecleon
|-end|p1a: Bellibolt|Charge|[silent]
|
|win|p1
