# advantage = p1
|poke|p1|Landorus-Therian, M|
|poke|p1|Corviknight, F|
|poke|p1|Hoopa-Unbound|
|poke|p1|Great Tusk|
|poke|p1|Dondozo, F|
|poke|p1|Urshifu-*, F|
|poke|p2|Articuno|
|poke|p2|Slowking, F|
|poke|p2|Great Tusk|
|poke|p2|Kingambit, F|
|poke|p2|Ceruledge, M|
|poke|p2|Garchomp, M|
|teampreview
|
|start
|switch|p1a: Landorus|Landorus-Therian, M|100/100
|switch|p2a: Sloison Duck|Slowking, F|100/100
|-ability|p1a: Landorus|Intimidate|boost
|-unboost|p2a: Sloison Duck|atk|1
|turn|1
|
|move|p1a: Landorus|Stealth Rock|p2a: Sloison Duck
|-sidestart|p2: p2|move: Stealth Rock
|move|p2a: Sloison Duck|Chilly Reception|p2a: Sloison Duck
|-weather|Snow
|
|switch|p2a: Ground Taco|Great Tusk|100/100|[from] Chilly Reception
|-damage|p2a: Ground Taco|97/100|[from] Stealth Rock
|
|-weather|Snow|[upkeep]
|-heal|p2a: Ground Taco|100/100|[from] item: Leftovers
|turn|2
|
|switch|p1a: Great Tusk|Great Tusk|100/100
|move|p2a: Ground Taco|Rapid Spin|p1a: Great Tusk
|-damage|p1a: Great Tusk|93/100
|-boost|p2a: Ground Taco|spe|1
|-sideend|p2: p2|Stealth Rock|[from] move: Rapid Spin|[of] p2a: Ground Taco
|
|-weather|Snow|[upkeep]
|turn|3
|
|-end|p2a: Ground Taco|Protosynthesis|[silent]
|switch|p2a: Heltaron|Articuno|100/100
|-ability|p2a: Heltaron|Pressure
|move|p1a: Great Tusk|Knock Off|p2a: Heltaron
|-damage|p2a: Heltaron|82/100
|-enditem|p2a: Heltaron|Choice Specs|[from] move: Knock Off|[of] p1a: Great Tusk
|
|-weather|Snow|[upkeep]
|turn|4
|
|-end|p1a: Great Tusk|Protosynthesis|[silent]
|switch|p1a: Corviknight|Corviknight, F|100/100
|move|p2a: Heltaron|Ice Beam|p1a: Corviknight
|-damage|p1a: Corviknight|75/100
|
|-weather|Snow|[upkeep]
|-heal|p1a: Corviknight|81/100|[from] item: Leftovers
|turn|5
|
|switch|p2a: Uncle Gant|Ceruledge, M|100/100
|move|p1a: Corviknight|U-turn|p2a: Uncle Gant
|-resisted|p2a: Uncle Gant
|-damage|p2a: Uncle Gant|96/100
|
|switch|p1a: Hoopa|Hoopa-Unbound|100/100|[from] U-turn
|
|-weather|none
|turn|6
|
|-terastallize|p2a: Uncle Gant|Fire
|move|p1a: Hoopa|Shadow Ball|p2a: Uncle Gant
|-damage|p2a: Uncle Gant|58/100
|move|p2a: Uncle Gant|Flare Blitz|p1a: Hoopa
|-damage|p1a: Hoopa|0 fnt
|faint|p1a: Hoopa
|-damage|p2a: Uncle Gant|24/100|[from] Recoil
|
|
|switch|p1a: Urshifu|Urshifu-Rapid-Strike, F|100/100
|turn|7
|
|switch|p2a: Sloison Duck|Slowking, F|100/100
|move|p1a: Urshifu|Surging Strikes|p2a: Sloison Duck
|-resisted|p2a: Sloison Duck
|-crit|p2a: Sloison Duck
|-damage|p2a: Sloison Duck|89/100
|-damage|p1a: Urshifu|84/100|[from] item: Rocky Helmet|[of] p2a: Sloison Duck
|-resisted|p2a: Sloison Duck
|-crit|p2a: Sloison Duck
|-damage|p2a: Sloison Duck|78/100
|-damage|p1a: Urshifu|68/100|[from] item: Rocky Helmet|[of] p2a: Sloison Duck
|-resisted|p2a: Sloison Duck
|-crit|p2a: Sloison Duck
|-damage|p2a: Sloison Duck|68/100
|-damage|p1a: Urshifu|51/100|[from] item: Rocky Helmet|[of] p2a: Sloison Duck
|-hitcount|p2a: Sloison Duck|3
|-damage|p1a: Urshifu|41/100|[from] item: Life Orb
|
|turn|8
|
|move|p1a: Urshifu|Swords Dance|p1a: Urshifu
|-boost|p1a: Urshifu|atk|2
|move|p2a: Sloison Duck|Chilly Reception|p2a: Sloison Duck
|-weather|Snow
|
|switch|p2a: Parkchomp|Garchomp, M|100/100|[from] Chilly Reception
|
|-weather|Snow|[upkeep]
|turn|9
|
|move|p2a: Parkchomp|Earthquake|p1a: Urshifu
|-damage|p1a: Urshifu|0 fnt
|faint|p1a: Urshifu
|
|-weather|Snow|[upkeep]
|
|switch|p1a: Great Tusk|Great Tusk|93/100
|turn|10
|
|switch|p2a: Sloison Duck|Slowking, F|100/100
|move|p1a: Great Tusk|Ice Spinner|p2a: Sloison Duck
|-resisted|p2a: Sloison Duck
|-damage|p2a: Sloison Duck|91/100
|-damage|p1a: Great Tusk|77/100|[from] item: Rocky Helmet|[of] p2a: Sloison Duck
|
|-weather|Snow|[upkeep]
|turn|11
|-message|p1 forfeited.
|
|win|p2
