|poke|p1|Azelf|
|poke|p1|Moltres-Galar|
|poke|p1|Urshifu-*, F|
|poke|p1|Magearna|
|poke|p1|Roaring Moon|
|poke|p1|Kingambit, F|
|poke|p2|Skeledirge, M|
|poke|p2|Scream Tail|
|poke|p2|Bellibolt, M|
|poke|p2|Slither Wing|
|poke|p2|Clodsire, M|
|poke|p2|Quaquaval, M|
|teampreview
|
|start
|switch|p1a: Magearna|Magearna|100/100
|switch|p2a: Clodsire|Clodsire, M|100/100
|turn|1
|
|move|p1a: Magearna|Shift Gear|p1a: Magearna
|-boost|p1a: Magearna|spe|2
|-boost|p1a: Magearna|atk|1
|move|p2a: Clodsire|Stealth Rock|p1a: Magearna
|-sidestart|p1: Ryu nuzlocke|move: Stealth Rock
|
|turn|2
|
|move|p1a: Magearna|Calm Mind|p1a: Magearna
|-boost|p1a: Magearna|spa|1
|-boost|p1a: Magearna|spd|1
|move|p2a: Clodsire|Bulldoze|p1a: Magearna
|-supereffective|p1a: Magearna
|-damage|p1a: Magearna|82/100
|-unboost|p1a: Magearna|spe|1
|
|-heal|p1a: Magearna|88/100|[from] item: Leftovers
|turn|3
|
|move|p1a: Magearna|Shift Gear|p1a: Magearna
|-boost|p1a: Magearna|spe|2
|-boost|p1a: Magearna|atk|1
|move|p2a: Clodsire|Bulldoze|p1a: Magearna
|-supereffective|p1a: Magearna
|-damage|p1a: Magearna|68/100
|-unboost|p1a: Magearna|spe|1
|
|-heal|p1a: Magearna|74/100|[from] item: Leftovers
|turn|4
|n|☆Ryu nuzlocke|ryunuzlocke
|
|move|p1a: Magearna|Stored Power|p2a: Clodsire
|-supereffective|p2a: Clodsire
|-damage|p2a: Clodsire|48/100
|move|p2a: Clodsire|Bulldoze|p1a: Magearna
|-supereffective|p1a: Magearna
|-damage|p1a: Magearna|54/100
|-unboost|p1a: Magearna|spe|1
|
|-heal|p1a: Magearna|60/100|[from] item: Leftovers
|-heal|p2a: Clodsire|54/100|[from] item: Black Sludge
|turn|5
|
|move|p1a: Magearna|Shift Gear|p1a: Magearna
|-boost|p1a: Magearna|spe|2
|-boost|p1a: Magearna|atk|1
|move|p2a: Clodsire|Recover|p2a: Clodsire
|-heal|p2a: Clodsire|100/100
|
|-heal|p1a: Magearna|66/100|[from] item: Leftovers
|turn|6
|
|move|p1a: Magearna|Stored Power|p2a: Clodsire
|-supereffective|p2a: Clodsire
|-damage|p2a: Clodsire|26/100
|move|p2a: Clodsire|Bulldoze|p1a: Magearna
|-supereffective|p1a: Magearna
|-damage|p1a: Magearna|47/100
|-unboost|p1a: Magearna|spe|1
|
|-heal|p1a: Magearna|53/100|[from] item: Leftovers
|-heal|p2a: Clodsire|33/100|[from] item: Black Sludge
|turn|7
|
|move|p1a: Magearna|Stored Power|p2a: Clodsire
|-supereffective|p2a: Clodsire
|-damage|p2a: Clodsire|0 fnt
|faint|p2a: Clodsire
|-ability|p1a: Magearna|Soul-Heart|boost
|-boost|p1a: Magearna|spa|1
|
|-heal|p1a: Magearna|59/100|[from] item: Leftovers
|
|switch|p2a: Scream Tail|Scream Tail|100/100
|turn|8
|
|move|p2a: Scream Tail|Thunder Wave|p1a: Magearna
|-status|p1a: Magearna|par
|move|p1a: Magearna|Draining Kiss|p2a: Scream Tail
|-damage|p2a: Scream Tail|68/100
|-heal|p1a: Magearna|87/100 par|[from] drain|[of] p2a: Scream Tail
|
|-heal|p2a: Scream Tail|75/100|[from] item: Leftovers
|-heal|p1a: Magearna|93/100 par|[from] item: Leftovers
|turn|9
|
|move|p2a: Scream Tail|Wish|p2a: Scream Tail
|cant|p1a: Magearna|par
|
|-heal|p2a: Scream Tail|81/100|[from] item: Leftovers
|-heal|p1a: Magearna|99/100 par|[from] item: Leftovers
|turn|10
|
|-end|p2a: Scream Tail|Protosynthesis|[silent]
|switch|p2a: Skeledirge|Skeledirge, M|100/100
|move|p1a: Magearna|Shift Gear|p1a: Magearna
|-boost|p1a: Magearna|spe|2
|-boost|p1a: Magearna|atk|1
|
|-heal|p1a: Magearna|100/100 par|[from] item: Leftovers
|turn|11
|
|-terastallize|p1a: Magearna|Water
|move|p1a: Magearna|Calm Mind|p1a: Magearna
|-boost|p1a: Magearna|spa|1
|-boost|p1a: Magearna|spd|1
|move|p2a: Skeledirge|Torch Song|p1a: Magearna
|-resisted|p1a: Magearna
|-damage|p1a: Magearna|87/100 par
|-boost|p2a: Skeledirge|spa|1
|
|-heal|p1a: Magearna|93/100 par|[from] item: Leftovers
|turn|12
|
|move|p1a: Magearna|Stored Power|p2a: Skeledirge
|-damage|p2a: Skeledirge|28/100
|move|p2a: Skeledirge|Torch Song|p1a: Magearna
|-resisted|p1a: Magearna
|-damage|p1a: Magearna|76/100 par
|-boost|p2a: Skeledirge|spa|1
|
|-heal|p1a: Magearna|82/100 par|[from] item: Leftovers
|-heal|p2a: Skeledirge|34/100|[from] item: Leftovers
|turn|13
|
|cant|p1a: Magearna|par
|move|p2a: Skeledirge|Slack Off|p2a: Skeledirge
|-heal|p2a: Skeledirge|84/100
|
|-heal|p1a: Magearna|88/100 par|[from] item: Leftovers
|-heal|p2a: Skeledirge|91/100|[from] item: Leftovers
|turn|14
|
|move|p1a: Magearna|Stored Power|p2a: Skeledirge
|-damage|p2a: Skeledirge|21/100
|move|p2a: Skeledirge|Torch Song|p1a: Magearna
|-resisted|p1a: Magearna
|-damage|p1a: Magearna|62/100 par
|-boost|p2a: Skeledirge|spa|1
|
|-heal|p1a: Magearna|68/100 par|[from] item: Leftovers
|-heal|p2a: Skeledirge|27/100|[from] item: Leftovers
|turn|15
|
|cant|p1a: Magearna|par
|move|p2a: Skeledirge|Slack Off|p2a: Skeledirge
|-heal|p2a: Skeledirge|77/100
|
|-heal|p1a: Magearna|74/100 par|[from] item: Leftovers
|-heal|p2a: Skeledirge|83/100|[from] item: Leftovers
|turn|16
|
|move|p1a: Magearna|Stored Power|p2a: Skeledirge
|-damage|p2a: Skeledirge|9/100
|move|p2a: Skeledirge|Slack Off|p2a: Skeledirge
|-heal|p2a: Skeledirge|60/100
|
|-heal|p1a: Magearna|80/100 par|[from] item: Leftovers
|-heal|p2a: Skeledirge|66/100|[from] item: Leftovers
|turn|17
|
|move|p1a: Magearna|Stored Power|p2a: Skeledirge
|-crit|p2a: Skeledirge
|-damage|p2a: Skeledirge|0 fnt
|faint|p2a: Skeledirge
|-ability|p1a: Magearna|Soul-Heart|boost
|-boost|p1a: Magearna|spa|1
|
|-heal|p1a: Magearna|86/100 par|[from] item: Leftovers
|
|switch|p2a: Bellibolt|Bellibolt, M, shiny|100/100
|turn|18
|
|move|p1a: Magearna|Stored Power|p2a: Bellibolt
|-damage|p2a: Bellibolt|0 fnt
|faint|p2a: Bellibolt
|-ability|p1a: Magearna|Soul-Heart|boost
|-boost|p1a: Magearna|spa|1
|
|-heal|p1a: Magearna|92/100 par|[from] item: Leftovers
|-message|Mahvelfan forfeited.
|
|win|Ryu nuzlocke
