|poke|p1|Magearna|
|poke|p1|Ting-Lu|
|poke|p1|Toxapex, M|
|poke|p1|Great Tusk|
|poke|p1|Samurott-Hisui, F|
|poke|p1|Iron Moth|
|poke|p2|Decidueye-Hisui, M|
|poke|p2|Garganacl, M|
|poke|p2|Iron Treads|
|poke|p2|Dragapult, M|
|poke|p2|Urshifu-*, M|
|poke|p2|Ceruledge, M|
|teampreview
|
|start
|switch|p1a: Dangerous Nose|Great Tusk|100/100
|switch|p2a: Urshifu|Urshifu-Rapid-Strike, M|100/100
|turn|1
|
|-end|p1a: Dangerous Nose|Protosynthesis|[silent]
|switch|p1a: Toxapex|Toxapex, M|100/100
|move|p2a: Urshifu|U-turn|p1a: Toxapex
|-resisted|p1a: Toxapex
|-damage|p1a: Toxapex|93/100
|
|switch|p2a: Garganacl|Garganacl, M|100/100|[from] U-turn
|
|turn|2
|
|move|p1a: Toxapex|Toxic Spikes|p2a: Garganacl
|-sidestart|p2: WoChien<3|move: Toxic Spikes
|move|p2a: Garganacl|Stealth Rock|p1a: Toxapex
|-sidestart|p1: Houseki|move: Stealth Rock
|
|turn|3
|
|move|p1a: Toxapex|Toxic Spikes|p2a: Garganacl
|-sidestart|p2: WoChien<3|move: Toxic Spikes
|move|p2a: Garganacl|Salt Cure|p1a: Toxapex
|-crit|p1a: Toxapex
|-damage|p1a: Toxapex|80/100
|-start|p1a: Toxapex|Salt Cure
|
|-damage|p1a: Toxapex|55/100|[from] Salt Cure
|turn|4
|
|switch|p1a: Dangerous Nose|Great Tusk|100/100
|-damage|p1a: Dangerous Nose|98/100|[from] Stealth Rock
|switch|p2a: Iron Treads|Iron Treads|100/100
|
|turn|5
|
|-terastallize|p2a: Iron Treads|Water
|move|p2a: Iron Treads|Rapid Spin|p1a: Dangerous Nose
|-damage|p1a: Dangerous Nose|87/100
|-boost|p2a: Iron Treads|spe|1
|-sideend|p2: WoChien<3|Toxic Spikes|[from] move: Rapid Spin|[of] p2a: Iron Treads
|move|p1a: Dangerous Nose|Headlong Rush|p2a: Iron Treads
|-damage|p2a: Iron Treads|50/100
|-unboost|p1a: Dangerous Nose|def|1
|-unboost|p1a: Dangerous Nose|spd|1
|-enditem|p1a: Dangerous Nose|Eject Pack
|
|-end|p1a: Dangerous Nose|Protosynthesis|[silent]
|switch|p1a: Samurott|Samurott-Hisui, F|100/100
|-damage|p1a: Samurott|88/100|[from] Stealth Rock
|
|-heal|p2a: Iron Treads|56/100|[from] item: Leftovers
|turn|6
|
|move|p2a: Iron Treads|Earthquake|p1a: Samurott
|-damage|p1a: Samurott|42/100
|move|p1a: Samurott|Ceaseless Edge|p2a: Iron Treads
|-damage|p2a: Iron Treads|7/100
|-sidestart|p2: WoChien<3|Spikes
|
|-heal|p2a: Iron Treads|13/100|[from] item: Leftovers
|turn|7
|
|-end|p2a: Iron Treads|Quark Drive|[silent]
|switch|p2a: Urshifu|Urshifu-Rapid-Strike, M|100/100
|-damage|p2a: Urshifu|88/100|[from] Spikes
|move|p1a: Samurott|Ceaseless Edge|p2a: Urshifu
|-resisted|p2a: Urshifu
|-damage|p2a: Urshifu|53/100
|-sidestart|p2: WoChien<3|Spikes
|
|turn|8
|
|move|p2a: Urshifu|U-turn|p1a: Samurott
|-supereffective|p1a: Samurott
|-damage|p1a: Samurott|0 fnt
|faint|p1a: Samurott
|
|switch|p2a: Dragapult|Dragapult, M|100/100|[from] U-turn
|-damage|p2a: Dragapult|84/100|[from] Spikes
|
|
|switch|p1a: Ting-Lu|Ting-Lu|100/100
|-damage|p1a: Ting-Lu|94/100|[from] Stealth Rock
|-ability|p1a: Ting-Lu|Vessel of Ruin
|turn|9
|
|move|p2a: Dragapult|U-turn|p1a: Ting-Lu
|-supereffective|p1a: Ting-Lu
|-damage|p1a: Ting-Lu|75/100
|
|switch|p2a: Iron Treads|Iron Treads, tera:Water|13/100|[from] U-turn
|-damage|p2a: Iron Treads|0 fnt|[from] Spikes
|faint|p2a: Iron Treads
|-end|p2a: Iron Treads|Quark Drive|[silent]
|move|p1a: Ting-Lu|Earthquake|p2: Iron Treads|[notarget]
|-fail|p1a: Ting-Lu
|
|-heal|p1a: Ting-Lu|81/100|[from] item: Leftovers
|
|switch|p2a: Urshifu|Urshifu-Rapid-Strike, M|53/100
|-damage|p2a: Urshifu|36/100|[from] Spikes
|turn|10
|
|switch|p1a: Toxapex|Toxapex, M|89/100
|move|p2a: Urshifu|Surging Strikes|p1a: Toxapex
|-resisted|p1a: Toxapex
|-crit|p1a: Toxapex
|-damage|p1a: Toxapex|81/100
|-resisted|p1a: Toxapex
|-crit|p1a: Toxapex
|-damage|p1a: Toxapex|74/100
|-resisted|p1a: Toxapex
|-crit|p1a: Toxapex
|-damage|p1a: Toxapex|67/100
|-hitcount|p1a: Toxapex|3
|
|turn|11
|
|move|p2a: Urshifu|U-turn|p1a: Toxapex
|-resisted|p1a: Toxapex
|-damage|p1a: Toxapex|60/100
|
|switch|p2a: Garganacl|Garganacl, M|100/100|[from] U-turn
|-damage|p2a: Garganacl|84/100|[from] Spikes
|move|p1a: Toxapex|Toxic Spikes|p2a: Garganacl
|-sidestart|p2: WoChien<3|move: Toxic Spikes
|
|-heal|p2a: Garganacl|90/100|[from] item: Leftovers
|turn|12
|
|move|p1a: Toxapex|Recover|p1a: Toxapex
|-heal|p1a: Toxapex|100/100
|move|p2a: Garganacl|Salt Cure|p1a: Toxapex
|-damage|p1a: Toxapex|92/100
|-start|p1a: Toxapex|Salt Cure
|
|-heal|p2a: Garganacl|96/100|[from] item: Leftovers
|-damage|p1a: Toxapex|67/100|[from] Salt Cure
|turn|13
|
|switch|p1a: Dangerous Nose|Great Tusk|87/100
|-damage|p1a: Dangerous Nose|84/100|[from] Stealth Rock
|move|p2a: Garganacl|Salt Cure|p1a: Dangerous Nose
|-resisted|p1a: Dangerous Nose
|-damage|p1a: Dangerous Nose|82/100
|-start|p1a: Dangerous Nose|Salt Cure
|
|-heal|p2a: Garganacl|100/100|[from] item: Leftovers
|-damage|p1a: Dangerous Nose|69/100|[from] Salt Cure
|turn|14
|
|move|p2a: Garganacl|Protect|p2a: Garganacl
|-singleturn|p2a: Garganacl|Protect
|move|p1a: Dangerous Nose|Headlong Rush|p2a: Garganacl
|-activate|p2a: Garganacl|move: Protect
|
|-damage|p1a: Dangerous Nose|57/100|[from] Salt Cure
|turn|15
|
|switch|p2a: Decidueye|Decidueye-Hisui, M|100/100
|-damage|p2a: Decidueye|84/100|[from] Spikes
|-status|p2a: Decidueye|psn
|move|p1a: Dangerous Nose|Headlong Rush|p2a: Decidueye
|-resisted|p2a: Decidueye
|-damage|p2a: Decidueye|54/100 psn
|-unboost|p1a: Dangerous Nose|def|1
|-unboost|p1a: Dangerous Nose|spd|1
|
|-damage|p2a: Decidueye|42/100 psn|[from] psn
|-damage|p1a: Dangerous Nose|44/100|[from] Salt Cure
|turn|16
|
|-end|p1a: Dangerous Nose|Protosynthesis|[silent]
|switch|p1a: Iron Moth|Iron Moth, shiny|100/100
|-enditem|p1a: Iron Moth|Booster Energy
|-activate|p1a: Iron Moth|ability: Quark Drive|[fromitem]
|-start|p1a: Iron Moth|quarkdrivespe
|-damage|p1a: Iron Moth|76/100|[from] Stealth Rock
|move|p2a: Decidueye|Roost|p2a: Decidueye
|-heal|p2a: Decidueye|92/100 psn
|-singleturn|p2a: Decidueye|move: Roost
|
|-damage|p2a: Decidueye|80/100 psn|[from] psn
|turn|17
|
|switch|p2a: Ceruledge|Ceruledge, M|100/100
|-item|p2a: Ceruledge|Air Balloon
|move|p1a: Iron Moth|Fiery Dance|p2a: Ceruledge
|-start|p2a: Ceruledge|ability: Flash Fire
|
|turn|18
|
|move|p1a: Iron Moth|Dazzling Gleam|p2a: Ceruledge
|-resisted|p2a: Ceruledge
|-damage|p2a: Ceruledge|85/100
|-enditem|p2a: Ceruledge|Air Balloon
|move|p2a: Ceruledge|Bitter Blade|p1a: Iron Moth
|-resisted|p1a: Iron Moth
|-damage|p1a: Iron Moth|26/100
|-heal|p2a: Ceruledge|100/100|[from] drain|[of] p1a: Iron Moth
|
|turn|19
|
|-terastallize|p1a: Iron Moth|Ground
|move|p1a: Iron Moth|Tera Blast|p2a: Ceruledge
|-supereffective|p2a: Ceruledge
|-damage|p2a: Ceruledge|8/100
|move|p2a: Ceruledge|Swords Dance|p2a: Ceruledge
|-boost|p2a: Ceruledge|atk|2
|
|turn|20
|
|move|p2a: Ceruledge|Shadow Sneak|p1a: Iron Moth
|-damage|p1a: Iron Moth|0 fnt
|faint|p1a: Iron Moth
|-end|p1a: Iron Moth|Quark Drive|[silent]
|
|
|switch|p1a: Toxapex|Toxapex, M|99/100
|turn|21
|
|move|p2a: Ceruledge|Bitter Blade|p1a: Toxapex
|-resisted|p1a: Toxapex
|-damage|p1a: Toxapex|60/100
|-heal|p2a: Ceruledge|29/100|[from] drain|[of] p1a: Toxapex
|move|p1a: Toxapex|Toxic|p2a: Ceruledge
|-status|p2a: Ceruledge|tox
|
|-damage|p2a: Ceruledge|22/100 tox|[from] psn
|turn|22
|
|move|p2a: Ceruledge|Swords Dance|p2a: Ceruledge
|-boost|p2a: Ceruledge|atk|2
|move|p1a: Toxapex|Recover|p1a: Toxapex
|-heal|p1a: Toxapex|100/100
|
|-damage|p2a: Ceruledge|10/100 tox|[from] psn
|turn|23
|
|move|p2a: Ceruledge|Bitter Blade|p1a: Toxapex
|-resisted|p1a: Toxapex
|-damage|p1a: Toxapex|43/100
|-heal|p2a: Ceruledge|40/100 tox|[from] drain|[of] p1a: Toxapex
|move|p1a: Toxapex|Recover|p1a: Toxapex
|-heal|p1a: Toxapex|94/100
|
|-damage|p2a: Ceruledge|21/100 tox|[from] psn
|turn|24
|
|move|p2a: Ceruledge|Bitter Blade|p1a: Toxapex
|-resisted|p1a: Toxapex
|-damage|p1a: Toxapex|37/100
|-heal|p2a: Ceruledge|51/100 tox|[from] drain|[of] p1a: Toxapex
|move|p1a: Toxapex|Haze|p1a: Toxapex
|-clearallboost
|
|-damage|p2a: Ceruledge|26/100 tox|[from] psn
|turn|25
|
|move|p2a: Ceruledge|Bitter Blade|p1a: Toxapex
|-resisted|p1a: Toxapex
|-damage|p1a: Toxapex|15/100
|-heal|p2a: Ceruledge|38/100 tox|[from] drain|[of] p1a: Toxapex
|move|p1a: Toxapex|Recover|p1a: Toxapex
|-heal|p1a: Toxapex|66/100
|
|-damage|p2a: Ceruledge|7/100 tox|[from] psn
|turn|26
|
|move|p2a: Ceruledge|Bitter Blade|p1a: Toxapex
|-resisted|p1a: Toxapex
|-damage|p1a: Toxapex|44/100
|-heal|p2a: Ceruledge|18/100 tox|[from] drain|[of] p1a: Toxapex
|move|p1a: Toxapex|Toxic Spikes|p2a: Ceruledge
|-sidestart|p2: WoChien<3|move: Toxic Spikes
|
|-damage|p2a: Ceruledge|0 fnt|[from] psn
|faint|p2a: Ceruledge
|
|switch|p2a: Dragapult|Dragapult, M|84/100
|-damage|p2a: Dragapult|68/100|[from] Spikes
|-status|p2a: Dragapult|tox
|turn|27
|
|move|p2a: Dragapult|Shadow Ball|p1a: Toxapex
|-damage|p1a: Toxapex|0 fnt
|faint|p1a: Toxapex
|
|-damage|p2a: Dragapult|62/100 tox|[from] psn
|
|switch|p1a: Ting-Lu|Ting-Lu|81/100
|-damage|p1a: Ting-Lu|75/100|[from] Stealth Rock
|-ability|p1a: Ting-Lu|Vessel of Ruin
|turn|28
|
|switch|p2a: Garganacl|Garganacl, M|100/100
|-damage|p2a: Garganacl|84/100|[from] Spikes
|move|p1a: Ting-Lu|Whirlwind|p2a: Garganacl
|drag|p2a: Urshifu|Urshifu-Rapid-Strike, M|36/100
|-damage|p2a: Urshifu|20/100|[from] Spikes
|-status|p2a: Urshifu|tox
|
|-heal|p1a: Ting-Lu|81/100|[from] item: Leftovers
|-damage|p2a: Urshifu|14/100 tox|[from] psn
|turn|29
|
|move|p2a: Urshifu|Surging Strikes|p1a: Ting-Lu
|-supereffective|p1a: Ting-Lu
|-crit|p1a: Ting-Lu
|-damage|p1a: Ting-Lu|57/100
|-supereffective|p1a: Ting-Lu
|-crit|p1a: Ting-Lu
|-damage|p1a: Ting-Lu|34/100
|-supereffective|p1a: Ting-Lu
|-crit|p1a: Ting-Lu
|-damage|p1a: Ting-Lu|9/100
|-hitcount|p1a: Ting-Lu|3
|move|p1a: Ting-Lu|Stealth Rock|p2a: Urshifu
|-sidestart|p2: WoChien<3|move: Stealth Rock
|
|-heal|p1a: Ting-Lu|16/100|[from] item: Leftovers
|-damage|p2a: Urshifu|1/100 tox|[from] psn
|turn|30
|
|move|p2a: Urshifu|Surging Strikes|p1a: Ting-Lu
|-supereffective|p1a: Ting-Lu
|-crit|p1a: Ting-Lu
|-damage|p1a: Ting-Lu|0 fnt
|faint|p1a: Ting-Lu
|-hitcount|p1: Ting-Lu|1
|
|-damage|p2a: Urshifu|0 fnt|[from] psn
|faint|p2a: Urshifu
|
|switch|p2a: Dragapult|Dragapult, M|62/100 tox
|switch|p1a: Magearna|Magearna|100/100
|-damage|p2a: Dragapult|45/100 tox|[from] Spikes
|-damage|p2a: Dragapult|33/100 tox|[from] Stealth Rock
|-damage|p1a: Magearna|94/100|[from] Stealth Rock
|turn|31
|
|move|p2a: Dragapult|Flamethrower|p1a: Magearna
|-supereffective|p1a: Magearna
|-damage|p1a: Magearna|20/100
|move|p1a: Magearna|Calm Mind|p1a: Magearna
|-boost|p1a: Magearna|spa|1
|-boost|p1a: Magearna|spd|1
|
|-heal|p1a: Magearna|26/100|[from] item: Leftovers
|-damage|p2a: Dragapult|27/100 tox|[from] psn
|turn|32
|
|move|p2a: Dragapult|Flamethrower|p1a: Magearna
|-supereffective|p1a: Magearna
|-damage|p1a: Magearna|0 fnt
|faint|p1a: Magearna
|
|-damage|p2a: Dragapult|15/100 tox|[from] psn
|
|switch|p1a: Dangerous Nose|Great Tusk|44/100
|-damage|p1a: Dangerous Nose|41/100|[from] Stealth Rock
|turn|33
|
|move|p2a: Dragapult|Flamethrower|p1a: Dangerous Nose
|-damage|p1a: Dangerous Nose|0 fnt
|faint|p1a: Dangerous Nose
|-end|p1a: Dangerous Nose|Protosynthesis|[silent]
|
|win|WoChien<3
