# advantage = p2
|poke|p1|Mismagius, F|
|poke|p1|Zoroark-Hisui, F|
|poke|p1|Espeon, F|
|poke|p1|Typhlosion-Hisui, F|
|poke|p1|Goodra-Hisui, M|
|poke|p1|Sneasler, M|
|poke|p2|Arcanine-Hisui, M|
|poke|p2|Urshifu-*, M|
|poke|p2|Kingambit, F|
|poke|p2|Great Tusk|
|poke|p2|Garchomp, M|
|poke|p2|Zapdos|
|teampreview
|
|start
|switch|p1a: Charos|Mismagius, F|100/100
|switch|p2a: Great Tusk|Great Tusk, shiny|100/100
|turn|1
|
|move|p1a: Charos|Taunt|p2a: Great Tusk
|-start|p2a: Great Tusk|move: Taunt
|move|p2a: Great Tusk|Knock Off|p1a: Charos
|-supereffective|p1a: Charos
|-damage|p1a: Charos|0 fnt
|-enditem|p1a: Charos|Leftovers|[from] move: Knock Off|[of] p2a: Great Tusk
|faint|p1a: Charos
|
|
|switch|p1a: Oatmeal|Espeon, F|100/100
|turn|2
|
|-end|p2a: Great Tusk|Protosynthesis|[silent]
|switch|p2a: Kingambit|Kingambit, F|100/100
|move|p1a: Oatmeal|Reflect|p1a: Oatmeal
|-sidestart|p1: p1|Reflect
|
|turn|3
|
|move|p1a: Oatmeal|Yawn|p2a: Kingambit
|-start|p2a: Kingambit|move: Yawn|[of] p1a: Oatmeal
|move|p2a: Kingambit|Swords Dance|p2a: Kingambit
|-boost|p2a: Kingambit|atk|2
|
|turn|4
|
|-end|p2a: Kingambit|fallenundefined|[silent]
|switch|p2a: Garchomp|Garchomp, M|100/100
|move|p1a: Oatmeal|Light Screen|p1a: Oatmeal
|-sidestart|p1: p1|move: Light Screen
|
|turn|5
|
|switch|p1a: Senic|Sneasler, M|100/100
|move|p2a: Garchomp|Spikes|p1a: Senic
|-sidestart|p1: p1|Spikes
|
|turn|6
|
|-terastallize|p2a: Garchomp|Steel
|move|p1a: Senic|Swords Dance|p1a: Senic
|-boost|p1a: Senic|atk|2
|move|p2a: Garchomp|Earthquake|p1a: Senic
|-damage|p1a: Senic|45/100
|replace|p1a: Rayleigh|Zoroark-Hisui, F, shiny
|-end|p1a: Rayleigh|Illusion
|-damage|p2a: Garchomp|91/100|[from] item: Life Orb
|
|turn|7
|
|move|p1a: Rayleigh|Low Kick|p2a: Garchomp
|-supereffective|p2a: Garchomp
|-damage|p2a: Garchomp|0 fnt
|-damage|p1a: Rayleigh|33/100|[from] ability: Rough Skin|[of] p2a: Garchomp
|faint|p2a: Garchomp
|
|
|switch|p2a: Zapdos|Zapdos|100/100
|turn|8
|
|move|p1a: Rayleigh|Knock Off|p2a: Zapdos
|-damage|p2a: Zapdos|57/100
|-status|p1a: Rayleigh|par|[from] ability: Static|[of] p2a: Zapdos
|-enditem|p2a: Zapdos|Heavy-Duty Boots|[from] move: Knock Off|[of] p1a: Rayleigh
|move|p2a: Zapdos|Volt Switch|p1a: Rayleigh
|-damage|p1a: Rayleigh|3/100 par
|
|switch|p2a: Urshifu|Urshifu-Rapid-Strike, M|100/100|[from] Volt Switch
|
|turn|9
|
|move|p1a: Rayleigh|Shadow Sneak|p2a: Urshifu
|-damage|p2a: Urshifu|66/100
|move|p2a: Urshifu|Surging Strikes|p1a: Rayleigh
|-crit|p1a: Rayleigh
|-damage|p1a: Rayleigh|0 fnt
|faint|p1a: Rayleigh
|-hitcount|p1: Rayleigh|1
|
|-sideend|p1: p1|Reflect
|
|switch|p1a: Lambda|Goodra-Hisui, M|100/100
|-damage|p1a: Lambda|88/100|[from] Spikes
|turn|10
|
|switch|p2a: Great Tusk|Great Tusk, shiny|100/100
|move|p1a: Lambda|Thunder Punch|p2a: Great Tusk
|-immune|p2a: Great Tusk
|
|turn|11
|
|move|p2a: Great Tusk|Stealth Rock|p1a: Lambda
|-sidestart|p1: p1|move: Stealth Rock
|move|p1a: Lambda|Dragon Claw|p2a: Great Tusk
|-damage|p2a: Great Tusk|80/100
|
|-heal|p2a: Great Tusk|87/100|[from] item: Leftovers
|-sideend|p1: p1|move: Light Screen
|turn|12
|
|move|p2a: Great Tusk|Knock Off|p1a: Lambda
|-damage|p1a: Lambda|61/100
|-ability|p1a: Lambda|Gooey
|-unboost|p2a: Great Tusk|spe|1
|-enditem|p1a: Lambda|Assault Vest|[from] move: Knock Off|[of] p2a: Great Tusk
|move|p1a: Lambda|Dragon Claw|p2a: Great Tusk
|-damage|p2a: Great Tusk|69/100
|
|-heal|p2a: Great Tusk|75/100|[from] item: Leftovers
|turn|13
|
|move|p1a: Lambda|Dragon Claw|p2a: Great Tusk
|-damage|p2a: Great Tusk|56/100
|move|p2a: Great Tusk|Earthquake|p1a: Lambda
|-supereffective|p1a: Lambda
|-damage|p1a: Lambda|0 fnt
|faint|p1a: Lambda
|
|-heal|p2a: Great Tusk|62/100|[from] item: Leftovers
|
|switch|p1a: Senic|Sneasler, M|100/100
|-damage|p1a: Senic|88/100|[from] Spikes
|-damage|p1a: Senic|82/100|[from] Stealth Rock
|turn|14
|
|-terastallize|p1a: Senic|Flying
|move|p1a: Senic|Close Combat|p2a: Great Tusk
|-damage|p2a: Great Tusk|29/100
|-unboost|p1a: Senic|def|1
|-unboost|p1a: Senic|spd|1
|-enditem|p1a: Senic|White Herb
|-clearnegativeboost|p1a: Senic|[silent]
|move|p2a: Great Tusk|Earthquake|p1a: Senic
|-immune|p1a: Senic
|
|-heal|p2a: Great Tusk|35/100|[from] item: Leftovers
|turn|15
|
|move|p1a: Senic|Acrobatics|p2a: Great Tusk
|-supereffective|p2a: Great Tusk
|-damage|p2a: Great Tusk|0 fnt
|faint|p2a: Great Tusk
|-end|p2a: Great Tusk|Protosynthesis|[silent]
|
|
|switch|p2a: Arcanine|Arcanine-Hisui, M|100/100
|turn|16
|
|move|p1a: Senic|Close Combat|p2a: Arcanine
|-supereffective|p2a: Arcanine
|-damage|p2a: Arcanine|0 fnt
|-unboost|p1a: Senic|def|1
|-unboost|p1a: Senic|spd|1
|faint|p2a: Arcanine
|
|
|switch|p2a: Urshifu|Urshifu-Rapid-Strike, M|66/100
|turn|17
|
|move|p1a: Senic|Acrobatics|p2a: Urshifu
|-supereffective|p2a: Urshifu
|-damage|p2a: Urshifu|0 fnt
|faint|p2a: Urshifu
|
|
|switch|p2a: Zapdos|Zapdos|57/100
|turn|18
|
|move|p1a: Senic|Dire Claw|p2a: Zapdos
|-damage|p2a: Zapdos|28/100
|move|p2a: Zapdos|Volt Switch|p1a: Senic
|-supereffective|p1a: Senic
|-damage|p1a: Senic|0 fnt
|faint|p1a: Senic
|
|switch|p2a: Kingambit|Kingambit, F|100/100|[from] Volt Switch
|-activate|p2a: Kingambit|ability: Supreme Overlord
|-start|p2a: Kingambit|fallen4|[silent]
|
|
|switch|p1a: Pepper|Typhlosion-Hisui, F|100/100
|-damage|p1a: Pepper|88/100|[from] Spikes
|-damage|p1a: Pepper|64/100|[from] Stealth Rock
|turn|19
|
|move|p2a: Kingambit|Sucker Punch||[still]
|-fail|p2a: Kingambit
|move|p1a: Pepper|Substitute|p1a: Pepper
|-start|p1a: Pepper|Substitute
|-damage|p1a: Pepper|39/100
|
|-heal|p1a: Pepper|45/100|[from] item: Leftovers
|turn|20
|
|move|p1a: Pepper|Flamethrower|p2a: Kingambit
|-supereffective|p2a: Kingambit
|-damage|p2a: Kingambit|7/100
|move|p2a: Kingambit|Kowtow Cleave|p1a: Pepper
|-supereffective|p1a: Pepper
|-end|p1a: Pepper|Substitute
|
|-heal|p1a: Pepper|51/100|[from] item: Leftovers
|-heal|p2a: Kingambit|14/100|[from] item: Leftovers
|turn|21
|
|move|p2a: Kingambit|Sucker Punch||[still]
|-fail|p2a: Kingambit
|move|p1a: Pepper|Substitute|p1a: Pepper
|-start|p1a: Pepper|Substitute
|-damage|p1a: Pepper|26/100
|
|-heal|p1a: Pepper|32/100|[from] item: Leftovers
|-heal|p2a: Kingambit|20/100|[from] item: Leftovers
|turn|22
|
|move|p1a: Pepper|Flamethrower|p2a: Kingambit
|-supereffective|p2a: Kingambit
|-damage|p2a: Kingambit|0 fnt
|faint|p2a: Kingambit
|-end|p2a: Kingambit|fallen4|[silent]
|
|-heal|p1a: Pepper|38/100|[from] item: Leftovers
|
|switch|p2a: Zapdos|Zapdos|28/100
|turn|23
|
|move|p1a: Pepper|Flamethrower|p2a: Zapdos
|-damage|p2a: Zapdos|0 fnt
|faint|p2a: Zapdos
|
|win|p1
