# advantage = p2
|poke|p1|Houndstone, M|
|poke|p1|Ting-Lu|
|poke|p1|Sneasler, M|
|poke|p1|Enamorus, F|
|poke|p1|Slowking-Galar, M|
|poke|p1|Great Tusk|
|poke|p2|Landorus-Therian, M|
|poke|p2|Magearna|
|poke|p2|Samurott-Hisui, F|
|poke|p2|Volcarona, M|
|poke|p2|Zamazenta-*|
|poke|p2|Dragapult, M|
|teampreview
|
|start
|switch|p1a: Sneasler|Sneasler, M|100/100
|switch|p2a: Samurott|Samurott-Hisui, F|100/100
|turn|1
|
|switch|p2a: Landorus|Landorus-Therian, M|100/100
|-ability|p2a: Landorus|Intimidate|boost
|-unboost|p1a: Sneasler|atk|1
|move|p1a: Sneasler|Close Combat|p2a: Landorus
|-resisted|p2a: Landorus
|-damage|p2a: Landorus|67/100
|-unboost|p1a: Sneasler|def|1
|-unboost|p1a: Sneasler|spd|1
|-status|p2a: Landorus|psn|[from] ability: Poison Touch|[of] p1a: Sneasler
|
|-damage|p2a: Landorus|54/100 psn|[from] psn
|turn|2
|
|switch|p1a: Houndstone|Houndstone, M|100/100
|move|p2a: Landorus|Earthquake|p1a: Houndstone
|-damage|p1a: Houndstone|54/100
|
|-heal|p1a: Houndstone|60/100|[from] item: Leftovers
|-damage|p2a: Landorus|42/100 psn|[from] psn
|turn|3
|
|switch|p1a: Enamorus|Enamorus, F|100/100
|move|p2a: Landorus|Earthquake|p1a: Enamorus
|-immune|p1a: Enamorus
|
|-damage|p2a: Landorus|30/100 psn|[from] psn
|turn|4
|
|switch|p2a: Magearna|Magearna|100/100
|move|p1a: Enamorus|Earth Power|p2a: Magearna
|-supereffective|p2a: Magearna
|-damage|p2a: Magearna|14/100
|
|-heal|p2a: Magearna|20/100|[from] item: Leftovers
|turn|5
|
|switch|p2a: Landorus|Landorus-Therian, M|30/100 psn
|-ability|p2a: Landorus|Intimidate|boost
|-boost|p1a: Enamorus|atk|1
|move|p1a: Enamorus|Earth Power|p2a: Landorus
|-immune|p2a: Landorus
|
|-damage|p2a: Landorus|18/100 psn|[from] psn
|turn|6
|
|switch|p1a: Ting-Lu|Ting-Lu|100/100
|-ability|p1a: Ting-Lu|Vessel of Ruin
|move|p2a: Landorus|Stone Edge|p1a: Ting-Lu
|-resisted|p1a: Ting-Lu
|-damage|p1a: Ting-Lu|91/100
|
|-heal|p1a: Ting-Lu|97/100|[from] item: Leftovers
|-damage|p2a: Landorus|6/100 psn|[from] psn
|turn|7
|
|switch|p2a: Samurott|Samurott-Hisui, F|100/100
|move|p1a: Ting-Lu|Spikes|p2a: Samurott
|-sidestart|p2: p2|Spikes
|
|-heal|p1a: Ting-Lu|100/100|[from] item: Leftovers
|turn|8
|
|move|p2a: Samurott|Razor Shell|p1a: Ting-Lu
|-supereffective|p1a: Ting-Lu
|-damage|p1a: Ting-Lu|39/100
|move|p1a: Ting-Lu|Whirlwind|p2a: Samurott
|drag|p2a: Landorus|Landorus-Therian, M|6/100 psn
|-ability|p2a: Landorus|Intimidate|boost
|-unboost|p1a: Ting-Lu|atk|1
|
|-heal|p1a: Ting-Lu|46/100|[from] item: Leftovers
|-damage|p2a: Landorus|0 fnt|[from] psn
|faint|p2a: Landorus
|
|switch|p2a: Samurott|Samurott-Hisui, F|100/100
|-damage|p2a: Samurott|88/100|[from] Spikes
|turn|9
|
|switch|p1a: Houndstone|Houndstone, M|60/100
|move|p2a: Samurott|Taunt|p1a: Houndstone
|-start|p1a: Houndstone|move: Taunt
|
|-heal|p1a: Houndstone|66/100|[from] item: Leftovers
|turn|10
|
|move|p2a: Samurott|Ceaseless Edge|p1a: Houndstone
|-supereffective|p1a: Houndstone
|-damage|p1a: Houndstone|33/100
|-sidestart|p1: p1|Spikes
|move|p1a: Houndstone|Body Press|p2a: Samurott
|-supereffective|p2a: Samurott
|-damage|p2a: Samurott|22/100
|
|-heal|p1a: Houndstone|39/100|[from] item: Leftovers
|turn|11
|
|move|p2a: Samurott|Ceaseless Edge|p1a: Houndstone
|-supereffective|p1a: Houndstone
|-damage|p1a: Houndstone|6/100
|-sidestart|p1: p1|Spikes
|move|p1a: Houndstone|Body Press|p2a: Samurott
|-supereffective|p2a: Samurott
|-damage|p2a: Samurott|0 fnt
|faint|p2a: Samurott
|
|-heal|p1a: Houndstone|12/100|[from] item: Leftovers
|-end|p1a: Houndstone|move: Taunt
|
|switch|p2a: Zamazenta|Zamazenta|100/100
|-damage|p2a: Zamazenta|88/100|[from] Spikes
|-ability|p2a: Zamazenta|Dauntless Shield|boost
|-boost|p2a: Zamazenta|def|1
|turn|12
|
|move|p2a: Zamazenta|Substitute|p2a: Zamazenta
|-start|p2a: Zamazenta|Substitute
|-damage|p2a: Zamazenta|63/100
|move|p1a: Houndstone|Will-O-Wisp||[still]
|-fail|p1a: Houndstone
|
|-heal|p1a: Houndstone|18/100|[from] item: Leftovers
|turn|13
|
|move|p2a: Zamazenta|Iron Defense|p2a: Zamazenta
|-boost|p2a: Zamazenta|def|2
|move|p1a: Houndstone|Roar|p2a: Zamazenta
|drag|p2a: Magearna|Magearna|20/100
|-damage|p2a: Magearna|8/100|[from] Spikes
|
|-heal|p2a: Magearna|14/100|[from] item: Leftovers
|-heal|p1a: Houndstone|24/100|[from] item: Leftovers
|turn|14
|
|move|p1a: Houndstone|Shadow Sneak|p2a: Magearna
|-damage|p2a: Magearna|3/100
|move|p2a: Magearna|Calm Mind|p2a: Magearna
|-boost|p2a: Magearna|spa|1
|-boost|p2a: Magearna|spd|1
|
|-heal|p2a: Magearna|9/100|[from] item: Leftovers
|-heal|p1a: Houndstone|30/100|[from] item: Leftovers
|turn|15
|
|move|p1a: Houndstone|Shadow Sneak|p2a: Magearna
|-damage|p2a: Magearna|0 fnt
|faint|p2a: Magearna
|
|-heal|p1a: Houndstone|36/100|[from] item: Leftovers
|
|switch|p2a: Volcarona|Volcarona, M|100/100
|turn|16
|
|move|p2a: Volcarona|Fiery Dance|p1a: Houndstone
|-damage|p1a: Houndstone|0 fnt
|faint|p1a: Houndstone
|
|
|switch|p1a: Sneasler|Sneasler, M|100/100
|-damage|p1a: Sneasler|84/100|[from] Spikes
|turn|17
|
|move|p1a: Sneasler|Dire Claw|p2a: Volcarona
|-damage|p2a: Volcarona|11/100
|-status|p2a: Volcarona|psn|[from] ability: Poison Touch|[of] p1a: Sneasler
|-status|p1a: Sneasler|brn|[from] ability: Flame Body|[of] p2a: Volcarona
|move|p2a: Volcarona|Quiver Dance|p2a: Volcarona
|-boost|p2a: Volcarona|spa|1
|-boost|p2a: Volcarona|spd|1
|-boost|p2a: Volcarona|spe|1
|
|-damage|p2a: Volcarona|0 fnt|[from] psn
|faint|p2a: Volcarona
|-damage|p1a: Sneasler|78/100 brn|[from] brn
|
|switch|p2a: Zamazenta|Zamazenta|63/100
|-damage|p2a: Zamazenta|51/100|[from] Spikes
|turn|18
|
|switch|p1a: Enamorus|Enamorus, F|100/100
|-terastallize|p2a: Zamazenta|Steel
|move|p2a: Zamazenta|Iron Defense|p2a: Zamazenta
|-boost|p2a: Zamazenta|def|2
|
|turn|19
|
|move|p2a: Zamazenta|Body Press|p1a: Enamorus
|-resisted|p1a: Enamorus
|-damage|p1a: Enamorus|71/100
|move|p1a: Enamorus|Earth Power|p2a: Zamazenta
|-supereffective|p2a: Zamazenta
|-damage|p2a: Zamazenta|0 fnt
|faint|p2a: Zamazenta
|
|-message|p2 forfeited.
|
|win|p1
