|poke|p1|Dragapult, F|
|poke|p1|Corviknight, M|
|poke|p1|Zamazenta-*|
|poke|p1|Urshifu-*, M|
|poke|p1|Gholdengo|
|poke|p1|Slowking-Galar, M|
|poke|p2|Arboliva, F|
|poke|p2|Typhlosion-Hisui, M|
|poke|p2|Quaquaval, M|
|poke|p2|Bellibolt, M|
|poke|p2|Slowking-Galar, F|
|poke|p2|Orthworm, M|
|teampreview
|
|start
|switch|p1a: Double Darts|Dragapult, F, shiny|100/100
|switch|p2a: Borg|Slowking-Galar, F|100/100
|turn|1
|
|switch|p2a: Olivia Pierce|Arboliva, F|100/100
|-terastallize|p1a: Double Darts|Ghost
|move|p1a: Double Darts|Shadow Ball|p2a: Olivia Pierce
|-immune|p2a: Olivia Pierce
|
|turn|2
|
|switch|p1a: Comu PDM|Slowking-Galar, M|100/100
|move|p2a: Olivia Pierce|Dazzling Gleam|p1a: Comu PDM
|-resisted|p1a: Comu PDM
|-crit|p1a: Comu PDM
|-damage|p1a: Comu PDM|91/100
|
|turn|3
|
|switch|p2a: Amorbis|Orthworm, M|100/100
|move|p1a: Comu PDM|Future Sight|p2a: Amorbis
|-start|p1a: Comu PDM|move: Future Sight
|
|turn|4
|
|move|p2a: Amorbis|Stealth Rock|p1a: Comu PDM
|-sidestart|p1: Jacquot|move: Stealth Rock
|move|p1a: Comu PDM|Flamethrower|p2a: Amorbis
|-supereffective|p2a: Amorbis
|-damage|p2a: Amorbis|22/100
|
|turn|5
|
|switch|p2a: Fat Frog|Bellibolt, M|100/100
|move|p1a: Comu PDM|Flamethrower|p2a: Fat Frog
|-damage|p2a: Fat Frog|87/100
|-start|p2a: Fat Frog|Charge|Flamethrower|[from] ability: Electromorphosis
|
|-end|p2a: Fat Frog|move: Future Sight
|-damage|p2a: Fat Frog|61/100
|-start|p2a: Fat Frog|Charge|Future Sight|[from] ability: Electromorphosis
|turn|6
|
|move|p2a: Fat Frog|Charge Beam|p1a: Comu PDM
|-damage|p1a: Comu PDM|74/100
|-boost|p2a: Fat Frog|spa|1
|-end|p2a: Fat Frog|Charge|[silent]
|move|p1a: Comu PDM|Sludge Bomb|p2a: Fat Frog
|-damage|p2a: Fat Frog|42/100
|-status|p2a: Fat Frog|psn
|-start|p2a: Fat Frog|Charge|Sludge Bomb|[from] ability: Electromorphosis
|
|-damage|p2a: Fat Frog|30/100 psn|[from] psn
|turn|7
|
|move|p2a: Fat Frog|Parabolic Charge|p1a: Comu PDM
|-damage|p1a: Comu PDM|45/100
|-heal|p2a: Fat Frog|43/100 psn|[from] drain|[of] p1a: Comu PDM
|-end|p2a: Fat Frog|Charge|[silent]
|move|p1a: Comu PDM|Sludge Bomb|p2a: Fat Frog
|-damage|p2a: Fat Frog|22/100 psn
|-start|p2a: Fat Frog|Charge|Sludge Bomb|[from] ability: Electromorphosis
|
|-damage|p2a: Fat Frog|10/100 psn|[from] psn
|turn|8
|
|move|p2a: Fat Frog|Parabolic Charge|p1a: Comu PDM
|-damage|p1a: Comu PDM|15/100
|-heal|p2a: Fat Frog|23/100 psn|[from] drain|[of] p1a: Comu PDM
|-end|p2a: Fat Frog|Charge|[silent]
|move|p1a: Comu PDM|Ice Beam|p2a: Fat Frog
|-damage|p2a: Fat Frog|10/100 psn
|-start|p2a: Fat Frog|Charge|Ice Beam|[from] ability: Electromorphosis
|
|-damage|p2a: Fat Frog|0 fnt|[from] psn
|faint|p2a: Fat Frog
|
|switch|p2a: Ghost Rider|Typhlosion-Hisui, M|100/100
|turn|9
|
|switch|p1a: My bro love Comfey|Zamazenta|100/100
|-damage|p1a: My bro love Comfey|94/100|[from] Stealth Rock
|-ability|p1a: My bro love Comfey|Dauntless Shield|boost
|-boost|p1a: My bro love Comfey|def|1
|move|p2a: Ghost Rider|Calm Mind|p2a: Ghost Rider
|-boost|p2a: Ghost Rider|spa|1
|-boost|p2a: Ghost Rider|spd|1
|
|-heal|p1a: My bro love Comfey|100/100|[from] item: Leftovers
|turn|10
|
|move|p1a: My bro love Comfey|Crunch|p2a: Ghost Rider
|-supereffective|p2a: Ghost Rider
|-damage|p2a: Ghost Rider|39/100
|move|p2a: Ghost Rider|Infernal Parade|p1a: My bro love Comfey
|-damage|p1a: My bro love Comfey|63/100
|
|-heal|p1a: My bro love Comfey|70/100|[from] item: Leftovers
|turn|11
|
|switch|p2a: Borg|Slowking-Galar, F|100/100
|move|p1a: My bro love Comfey|Crunch|p2a: Borg
|-supereffective|p2a: Borg
|-damage|p2a: Borg|67/100
|
|-heal|p1a: My bro love Comfey|76/100|[from] item: Leftovers
|-heal|p2a: Borg|73/100|[from] item: Black Sludge
|turn|12
|
|move|p1a: My bro love Comfey|Crunch|p2a: Borg
|-supereffective|p2a: Borg
|-damage|p2a: Borg|38/100
|move|p2a: Borg|Psychic|p1a: My bro love Comfey
|-supereffective|p1a: My bro love Comfey
|-crit|p1a: My bro love Comfey
|-damage|p1a: My bro love Comfey|0 fnt
|faint|p1a: My bro love Comfey
|
|-heal|p2a: Borg|45/100|[from] item: Black Sludge
|
|switch|p1a: Double Darts|Dragapult, F, shiny, tera:Ghost|100/100
|-damage|p1a: Double Darts|88/100|[from] Stealth Rock
|turn|13
|
|switch|p2a: Amorbis|Orthworm, M|22/100
|move|p1a: Double Darts|Flamethrower|p2a: Amorbis
|-supereffective|p2a: Amorbis
|-damage|p2a: Amorbis|0 fnt
|faint|p2a: Amorbis
|
|
|switch|p2a: Ghost Rider|Typhlosion-Hisui, M|39/100
|turn|14
|
|move|p1a: Double Darts|Flamethrower|p2a: Ghost Rider
|-resisted|p2a: Ghost Rider
|-crit|p2a: Ghost Rider
|-damage|p2a: Ghost Rider|1/100
|move|p2a: Ghost Rider|Calm Mind|p2a: Ghost Rider
|-boost|p2a: Ghost Rider|spa|1
|-boost|p2a: Ghost Rider|spd|1
|
|turn|15
|
|switch|p2a: Dolan|Quaquaval, M|100/100
|move|p1a: Double Darts|Flamethrower|p2a: Dolan
|-resisted|p2a: Dolan
|-damage|p2a: Dolan|75/100
|
|turn|16
|
|switch|p1a: Corvinight|Corviknight, M|100/100
|-damage|p1a: Corvinight|88/100|[from] Stealth Rock
|-ability|p1a: Corvinight|Pressure
|move|p2a: Dolan|Aqua Step|p1a: Corvinight
|-damage|p1a: Corvinight|66/100
|-boost|p2a: Dolan|spe|1
|-damage|p2a: Dolan|59/100|[from] item: Rocky Helmet|[of] p1a: Corvinight
|
|turn|17
|
|switch|p2a: Borg|Slowking-Galar, F|78/100
|move|p1a: Corvinight|Brave Bird|p2a: Borg
|-damage|p2a: Borg|52/100
|-damage|p1a: Corvinight|58/100|[from] Recoil
|
|-heal|p2a: Borg|58/100|[from] item: Black Sludge
|turn|18
|
|move|p1a: Corvinight|U-turn|p2a: Borg
|-damage|p2a: Borg|48/100
|
|switch|p1a: Double Darts|Dragapult, F, shiny, tera:Ghost|88/100|[from] U-turn
|-damage|p1a: Double Darts|76/100|[from] Stealth Rock
|move|p2a: Borg|Chilly Reception|p2a: Borg
|-weather|Snow
|
|switch|p2a: Olivia Pierce|Arboliva, F|100/100|[from] Chilly Reception
|
|-weather|Snow|[upkeep]
|turn|19
|
|-terastallize|p2a: Olivia Pierce|Ghost
|move|p1a: Double Darts|Flamethrower|p2a: Olivia Pierce
|-damage|p2a: Olivia Pierce|78/100
|-fieldstart|move: Grassy Terrain|[from] ability: Seed Sower|[of] p2a: Olivia Pierce
|move|p2a: Olivia Pierce|Tera Blast|p1a: Double Darts
|-supereffective|p1a: Double Darts
|-damage|p1a: Double Darts|0 fnt
|faint|p1a: Double Darts
|
|-weather|Snow|[upkeep]
|-heal|p2a: Olivia Pierce|84/100|[from] Grassy Terrain
|
|switch|p1a: Comu PDM|Slowking-Galar, M|48/100
|-damage|p1a: Comu PDM|36/100|[from] Stealth Rock
|turn|20
|
|switch|p1a: Corvinight|Corviknight, M|58/100
|-damage|p1a: Corvinight|45/100|[from] Stealth Rock
|-ability|p1a: Corvinight|Pressure
|move|p2a: Olivia Pierce|Tera Blast|p1a: Corvinight
|-damage|p1a: Corvinight|0 fnt
|faint|p1a: Corvinight
|
|-weather|Snow|[upkeep]
|-heal|p2a: Olivia Pierce|90/100|[from] Grassy Terrain
|
|switch|p1a: TeddyBeer|Urshifu-Rapid-Strike, M|100/100
|-damage|p1a: TeddyBeer|94/100|[from] Stealth Rock
|turn|21
|
|move|p1a: TeddyBeer|Surging Strikes|p2a: Olivia Pierce
|-crit|p2a: Olivia Pierce
|-damage|p2a: Olivia Pierce|71/100
|-crit|p2a: Olivia Pierce
|-damage|p2a: Olivia Pierce|50/100
|-crit|p2a: Olivia Pierce
|-damage|p2a: Olivia Pierce|28/100
|-hitcount|p2a: Olivia Pierce|3
|move|p2a: Olivia Pierce|Giga Drain|p1a: TeddyBeer
|-supereffective|p1a: TeddyBeer
|-damage|p1a: TeddyBeer|0 fnt
|-heal|p2a: Olivia Pierce|72/100|[from] drain|[of] p1a: TeddyBeer
|faint|p1a: TeddyBeer
|
|-weather|Snow|[upkeep]
|-heal|p2a: Olivia Pierce|79/100|[from] Grassy Terrain
|
|switch|p1a: Comu PDM|Slowking-Galar, M|69/100
|-damage|p1a: Comu PDM|57/100|[from] Stealth Rock
|turn|22
|
|move|p2a: Olivia Pierce|Tera Blast|p1a: Comu PDM
|-supereffective|p1a: Comu PDM
|-damage|p1a: Comu PDM|17/100
|move|p1a: Comu PDM|Sludge Bomb|p2a: Olivia Pierce
|-resisted|p2a: Olivia Pierce
|-damage|p2a: Olivia Pierce|68/100
|
|-weather|none
|-heal|p2a: Olivia Pierce|74/100|[from] Grassy Terrain
|-heal|p1a: Comu PDM|23/100|[from] Grassy Terrain
|turn|23
|
|move|p2a: Olivia Pierce|Tera Blast|p1a: Comu PDM
|-supereffective|p1a: Comu PDM
|-damage|p1a: Comu PDM|0 fnt
|faint|p1a: Comu PDM
|
|-heal|p2a: Olivia Pierce|80/100|[from] Grassy Terrain
|-fieldend|move: Grassy Terrain
|
|switch|p1a: Ficelo|Gholdengo|100/100
|-damage|p1a: Ficelo|94/100|[from] Stealth Rock
|-item|p1a: Ficelo|Air Balloon
|turn|24
|
|move|p1a: Ficelo|Shadow Ball|p2a: Olivia Pierce
|-supereffective|p2a: Olivia Pierce
|-damage|p2a: Olivia Pierce|33/100
|-fieldstart|move: Grassy Terrain|[from] ability: Seed Sower|[of] p2a: Olivia Pierce
|move|p2a: Olivia Pierce|Tera Blast|p1a: Ficelo
|-supereffective|p1a: Ficelo
|-damage|p1a: Ficelo|0 fnt
|-enditem|p1a: Ficelo|Air Balloon
|faint|p1a: Ficelo
|
|win|Navi987
