|poke|p1|Cinderace, F|
|poke|p1|Torkoal, M|
|poke|p1|Iron Moth|
|poke|p1|Rotom-Heat|
|poke|p1|Skeledirge, F|
|poke|p1|Scovillain, M|
|poke|p2|Garganacl, M|
|poke|p2|Glimmora, M|
|poke|p2|Volcarona, F|
|poke|p2|Garchomp, M|
|poke|p2|Meowscarada, F|
|poke|p2|Toxapex, M|
|teampreview
|
|start
|switch|p1a: Rotom|Rotom-Heat, shiny|100/100
|switch|p2a: Garchomp|Garchomp, M, shiny|100/100
|turn|1
|
|switch|p2a: Volcarona|Volcarona, F, shiny|100/100
|move|p1a: Rotom|Trick|p2a: Volcarona
|-activate|p1a: Rotom|move: Trick|[of] p2a: Volcarona
|-item|p2a: Volcarona|Choice Scarf|[from] move: Trick
|-item|p1a: Rotom|Heavy-Duty Boots|[from] move: Trick
|
|turn|2
|
|move|p2a: Volcarona|Quiver Dance|p2a: Volcarona
|-boost|p2a: Volcarona|spa|1
|-boost|p2a: Volcarona|spd|1
|-boost|p2a: Volcarona|spe|1
|move|p1a: Rotom|Volt Switch|p2a: Volcarona
|-damage|p2a: Volcarona|83/100
|
|switch|p1a: Torkoal|Torkoal, M|100/100|[from] Volt Switch
|-weather|SunnyDay|[from] ability: Drought|[of] p1a: Torkoal
|
|-weather|SunnyDay|[upkeep]
|turn|3
|
|switch|p2a: Garchomp|Garchomp, M, shiny|100/100
|switch|p1a: Scovillain|Scovillain, M|100/100
|
|-weather|SunnyDay|[upkeep]
|turn|4
|
|move|p1a: Scovillain|Solar Beam||[still]
|-prepare|p1a: Scovillain|Solar Beam
|-anim|p1a: Scovillain|Solar Beam|p2a: Garchomp
|-damage|p2a: Garchomp|20/100
|-damage|p1a: Scovillain|91/100|[from] item: Life Orb
|move|p2a: Garchomp|Poison Jab|p1a: Scovillain
|-supereffective|p1a: Scovillain
|-damage|p1a: Scovillain|4/100
|
|-weather|SunnyDay|[upkeep]
|turn|5
|
|move|p1a: Scovillain|Solar Beam||[still]
|-prepare|p1a: Scovillain|Solar Beam
|-anim|p1a: Scovillain|Solar Beam|p2a: Garchomp
|-damage|p2a: Garchomp|0 fnt
|faint|p2a: Garchomp
|-damage|p1a: Scovillain|0 fnt|[from] item: Life Orb
|faint|p1a: Scovillain
|
|-weather|SunnyDay|[upkeep]
|
|switch|p2a: Glimmora|Glimmora, M, shiny|100/100
|switch|p1a: Rotom|Rotom-Heat, shiny|100/100
|turn|6
|
|move|p2a: Glimmora|Power Gem|p1a: Rotom
|-supereffective|p1a: Rotom
|-damage|p1a: Rotom|8/100
|move|p1a: Rotom|Will-O-Wisp|p2a: Glimmora
|-status|p2a: Glimmora|brn
|
|-weather|SunnyDay|[upkeep]
|-damage|p2a: Glimmora|94/100 brn|[from] brn
|turn|7
|
|move|p1a: Rotom|Volt Switch|p2a: Glimmora
|-damage|p2a: Glimmora|56/100 brn
|
|switch|p1a: Skeledirge|Skeledirge, F, shiny|100/100|[from] Volt Switch
|move|p2a: Glimmora|Power Gem|p1a: Skeledirge
|-supereffective|p1a: Skeledirge
|-damage|p1a: Skeledirge|39/100
|
|-weather|SunnyDay|[upkeep]
|-heal|p1a: Skeledirge|45/100|[from] item: Leftovers
|-damage|p2a: Glimmora|50/100 brn|[from] brn
|turn|8
|
|move|p2a: Glimmora|Power Gem|p1a: Skeledirge
|-supereffective|p1a: Skeledirge
|-damage|p1a: Skeledirge|0 fnt
|faint|p1a: Skeledirge
|
|-weather|SunnyDay|[upkeep]
|-damage|p2a: Glimmora|44/100 brn|[from] brn
|
|switch|p1a: Cinderace|Cinderace, F, shiny|100/100
|turn|9
|
|move|p1a: Cinderace|High Jump Kick|p2a: Glimmora
|-start|p1a: Cinderace|typechange|Fighting|[from] ability: Libero
|-damage|p2a: Glimmora|0 fnt
|-activate|p2a: Glimmora|ability: Toxic Debris
|-sidestart|p1: p1|move: Toxic Spikes
|faint|p2a: Glimmora
|
|-weather|none
|
|switch|p2a: Meowscarada|Meowscarada, F|100/100
|turn|10
|
|switch|p1a: Iron Moth|Iron Moth|100/100
|-enditem|p1a: Iron Moth|Booster Energy
|-activate|p1a: Iron Moth|ability: Quark Drive|[fromitem]
|-start|p1a: Iron Moth|quarkdrivespa
|-sideend|p1: p1|move: Toxic Spikes|[of] p1a: Iron Moth
|move|p2a: Meowscarada|Play Rough|p1a: Iron Moth
|-start|p2a: Meowscarada|typechange|Fairy|[from] ability: Protean
|-resisted|p1a: Iron Moth
|-damage|p1a: Iron Moth|72/100
|
|turn|11
|
|switch|p2a: Volcarona|Volcarona, F, shiny|83/100
|move|p1a: Iron Moth|Sludge Wave|p2a: Volcarona
|-damage|p2a: Volcarona|16/100
|
|turn|12
|
|move|p2a: Volcarona|Bug Buzz|p1a: Iron Moth
|-resisted|p1a: Iron Moth
|-damage|p1a: Iron Moth|59/100
|move|p1a: Iron Moth|Sludge Wave|p2a: Volcarona
|-damage|p2a: Volcarona|0 fnt
|faint|p2a: Volcarona
|
|
|switch|p2a: Toxapex|Toxapex, M|100/100
|turn|13
|
|move|p1a: Iron Moth|Discharge|p2a: Toxapex
|-supereffective|p2a: Toxapex
|-damage|p2a: Toxapex|36/100
|move|p2a: Toxapex|Chilling Water|p1a: Iron Moth
|-supereffective|p1a: Iron Moth
|-damage|p1a: Iron Moth|37/100
|-unboost|p1a: Iron Moth|atk|1
|
|-heal|p2a: Toxapex|42/100|[from] item: Black Sludge
|turn|14
|
|switch|p2a: Meowscarada|Meowscarada, F|100/100
|move|p1a: Iron Moth|Discharge|p2a: Meowscarada
|-resisted|p2a: Meowscarada
|-damage|p2a: Meowscarada|69/100
|
|turn|15
|
|-end|p1a: Iron Moth|Quark Drive|[silent]
|switch|p1a: Rotom|Rotom-Heat, shiny|8/100
|move|p2a: Meowscarada|Knock Off|p1a: Rotom
|-start|p2a: Meowscarada|typechange|Dark|[from] ability: Protean
|-damage|p1a: Rotom|0 fnt
|-enditem|p1a: Rotom|Heavy-Duty Boots|[from] move: Knock Off|[of] p2a: Meowscarada
|faint|p1a: Rotom
|
|
|switch|p1a: Torkoal|Torkoal, M|100/100
|-weather|SunnyDay|[from] ability: Drought|[of] p1a: Torkoal
|turn|16
|
|switch|p2a: Garganacl|Garganacl, M, shiny|100/100
|move|p1a: Torkoal|Yawn|p2a: Garganacl
|-immune|p2a: Garganacl|[from] ability: Purifying Salt
|
|-weather|SunnyDay|[upkeep]
|turn|17
|
|move|p2a: Garganacl|Iron Defense|p2a: Garganacl
|-boost|p2a: Garganacl|def|2
|move|p1a: Torkoal|Lava Plume|p2a: Garganacl
|-resisted|p2a: Garganacl
|-damage|p2a: Garganacl|90/100
|
|-weather|SunnyDay|[upkeep]
|-heal|p2a: Garganacl|96/100|[from] item: Leftovers
|turn|18
|
|move|p2a: Garganacl|Iron Defense|p2a: Garganacl
|-boost|p2a: Garganacl|def|2
|move|p1a: Torkoal|Lava Plume|p2a: Garganacl
|-resisted|p2a: Garganacl
|-damage|p2a: Garganacl|85/100
|
|-weather|SunnyDay|[upkeep]
|-heal|p2a: Garganacl|91/100|[from] item: Leftovers
|turn|19
|
|move|p2a: Garganacl|Iron Defense|p2a: Garganacl
|-boost|p2a: Garganacl|def|2
|move|p1a: Torkoal|Lava Plume|p2a: Garganacl
|-resisted|p2a: Garganacl
|-damage|p2a: Garganacl|80/100
|
|-weather|SunnyDay|[upkeep]
|-heal|p2a: Garganacl|86/100|[from] item: Leftovers
|turn|20
|
|move|p2a: Garganacl|Body Press|p1a: Torkoal
|-damage|p1a: Torkoal|53/100
|move|p1a: Torkoal|Lava Plume|p2a: Garganacl
|-resisted|p2a: Garganacl
|-damage|p2a: Garganacl|74/100
|
|-weather|SunnyDay|[upkeep]
|-heal|p2a: Garganacl|80/100|[from] item: Leftovers
|turn|21
|
|move|p2a: Garganacl|Salt Cure|p1a: Torkoal
|-supereffective|p1a: Torkoal
|-damage|p1a: Torkoal|35/100
|-start|p1a: Torkoal|Salt Cure
|move|p1a: Torkoal|Lava Plume|p2a: Garganacl
|-resisted|p2a: Garganacl
|-damage|p2a: Garganacl|69/100
|
|-weather|SunnyDay|[upkeep]
|-heal|p2a: Garganacl|75/100|[from] item: Leftovers
|-damage|p1a: Torkoal|23/100|[from] Salt Cure
|turn|22
|
|move|p2a: Garganacl|Recover|p2a: Garganacl
|-heal|p2a: Garganacl|100/100
|move|p1a: Torkoal|Lava Plume|p2a: Garganacl
|-resisted|p2a: Garganacl
|-damage|p2a: Garganacl|89/100
|
|-weather|SunnyDay|[upkeep]
|-heal|p2a: Garganacl|95/100|[from] item: Leftovers
|-damage|p1a: Torkoal|11/100|[from] Salt Cure
|turn|23
|
|move|p2a: Garganacl|Body Press|p1a: Torkoal
|-damage|p1a: Torkoal|0 fnt
|faint|p1a: Torkoal
|
|-weather|none
|-heal|p2a: Garganacl|100/100|[from] item: Leftovers
|
|switch|p1a: Iron Moth|Iron Moth|37/100
|turn|24
|
|move|p1a: Iron Moth|Fiery Dance|p2a: Garganacl
|-resisted|p2a: Garganacl
|-damage|p2a: Garganacl|87/100
|move|p2a: Garganacl|Body Press|p1a: Iron Moth
|-resisted|p1a: Iron Moth
|-damage|p1a: Iron Moth|0 fnt
|faint|p1a: Iron Moth
|-end|p1a: Iron Moth|Quark Drive|[silent]
|
|-heal|p2a: Garganacl|93/100|[from] item: Leftovers
|
|switch|p1a: Cinderace|Cinderace, F, shiny|100/100
|turn|25
|
|move|p1a: Cinderace|High Jump Kick|p2a: Garganacl
|-start|p1a: Cinderace|typechange|Fighting|[from] ability: Libero
|-supereffective|p2a: Garganacl
|-damage|p2a: Garganacl|72/100
|move|p2a: Garganacl|Salt Cure|p1a: Cinderace
|-resisted|p1a: Cinderace
|-damage|p1a: Cinderace|91/100
|-start|p1a: Cinderace|Salt Cure
|
|-heal|p2a: Garganacl|78/100|[from] item: Leftovers
|-damage|p1a: Cinderace|78/100|[from] Salt Cure
|turn|26
|
|move|p1a: Cinderace|High Jump Kick|p2a: Garganacl
|-supereffective|p2a: Garganacl
|-crit|p2a: Garganacl
|-damage|p2a: Garganacl|0 fnt
|faint|p2a: Garganacl
|
|-damage|p1a: Cinderace|66/100|[from] Salt Cure
|
|switch|p2a: Meowscarada|Meowscarada, F|69/100
|turn|27
|
|move|p2a: Meowscarada|Play Rough|p1a: Cinderace
|-start|p2a: Meowscarada|typechange|Fairy|[from] ability: Protean
|-supereffective|p1a: Cinderace
|-damage|p1a: Cinderace|0 fnt
|faint|p1a: Cinderace
|
|win|p2
