|poke|p1|Rillaboom, M|
|poke|p1|Volcarona, M|
|poke|p1|Dragonite, M|
|poke|p1|Great Tusk|
|poke|p1|Roaring Moon|
|poke|p1|Urshifu-*, M|
|poke|p2|Samurott-Hisui, M|
|poke|p2|Dragonite, M|
|poke|p2|Azelf|
|poke|p2|Iron Valiant|
|poke|p2|Bellibolt, M|
|poke|p2|Skeledirge, M|
|teampreview
|
|start
|switch|p1a: Rillaboom|Rillaboom, M|100/100
|switch|p2a: Skeledirge|Skeledirge, M, shiny|100/100
|-fieldstart|move: Grassy Terrain|[from] ability: Grassy Surge|[of] p1a: Rillaboom
|turn|1
|
|move|p1a: Rillaboom|Knock Off|p2a: Skeledirge
|-supereffective|p2a: Skeledirge
|-damage|p2a: Skeledirge|45/100
|-enditem|p2a: Skeledirge|Leftovers|[from] move: Knock Off|[of] p1a: Rillaboom
|move|p2a: Skeledirge|Torch Song|p1a: Rillaboom
|-supereffective|p1a: Rillaboom
|-damage|p1a: Rillaboom|21/100
|-boost|p2a: Skeledirge|spa|1
|
|-heal|p1a: Rillaboom|27/100|[from] Grassy Terrain
|-heal|p2a: Skeledirge|51/100|[from] Grassy Terrain
|turn|2
|
|switch|p1a: Urshifu|Urshifu-Rapid-Strike, M|100/100
|move|p2a: Skeledirge|Sleep Talk||[still]
|-fail|p2a: Skeledirge
|
|-heal|p2a: Skeledirge|57/100|[from] Grassy Terrain
|turn|3
|
|move|p1a: Urshifu|Surging Strikes|p2a: Skeledirge
|-supereffective|p2a: Skeledirge
|-crit|p2a: Skeledirge
|-damage|p2a: Skeledirge|15/100
|-supereffective|p2a: Skeledirge
|-crit|p2a: Skeledirge
|-damage|p2a: Skeledirge|0 fnt
|faint|p2a: Skeledirge
|-hitcount|p2: Skeledirge|2
|
|
|switch|p2a: Azelf|Azelf, shiny|100/100
|turn|4
|
|move|p2a: Azelf|Play Rough|p1a: Urshifu|[miss]
|-miss|p2a: Azelf|p1a: Urshifu
|move|p1a: Urshifu|Surging Strikes|p2a: Azelf
|-crit|p2a: Azelf
|-damage|p2a: Azelf|69/100
|-crit|p2a: Azelf
|-damage|p2a: Azelf|35/100
|-crit|p2a: Azelf
|-damage|p2a: Azelf|5/100
|-hitcount|p2a: Azelf|3
|
|turn|5
|
|move|p1a: Urshifu|Aqua Jet|p2a: Azelf
|-damage|p2a: Azelf|0 fnt
|faint|p2a: Azelf
|
|-fieldend|move: Grassy Terrain
|
|switch|p2a: Bellibolt|Bellibolt, M, shiny|100/100
|turn|6
|
|switch|p1a: Great Tusk|Great Tusk|100/100
|move|p2a: Bellibolt|Thunderbolt|p1a: Great Tusk
|-immune|p1a: Great Tusk
|
|turn|7
|
|-terastallize|p2a: Bellibolt|Flying
|move|p1a: Great Tusk|Stealth Rock|p2a: Bellibolt
|-sidestart|p2: 1xorange|move: Stealth Rock
|move|p2a: Bellibolt|Tera Blast|p1a: Great Tusk
|-supereffective|p1a: Great Tusk
|-crit|p1a: Great Tusk
|-damage|p1a: Great Tusk|0 fnt
|faint|p1a: Great Tusk
|-end|p1a: Great Tusk|Protosynthesis|[silent]
|
|
|switch|p1a: Roaring Moon|Roaring Moon|100/100
|-enditem|p1a: Roaring Moon|Booster Energy
|-activate|p1a: Roaring Moon|ability: Protosynthesis|[fromitem]
|-start|p1a: Roaring Moon|protosynthesisatk
|turn|8
|
|move|p1a: Roaring Moon|Dragon Dance|p1a: Roaring Moon
|-boost|p1a: Roaring Moon|atk|1
|-boost|p1a: Roaring Moon|spe|1
|move|p2a: Bellibolt|Volt Switch|p1a: Roaring Moon
|-resisted|p1a: Roaring Moon
|-damage|p1a: Roaring Moon|89/100
|
|switch|p2a: Iron Valiant|Iron Valiant|100/100|[from] Volt Switch
|-enditem|p2a: Iron Valiant|Booster Energy
|-activate|p2a: Iron Valiant|ability: Quark Drive|[fromitem]
|-start|p2a: Iron Valiant|quarkdrivespe
|-damage|p2a: Iron Valiant|94/100|[from] Stealth Rock
|
|turn|9
|
|-terastallize|p1a: Roaring Moon|Flying
|move|p1a: Roaring Moon|Acrobatics|p2a: Iron Valiant
|-supereffective|p2a: Iron Valiant
|-damage|p2a: Iron Valiant|0 fnt
|faint|p2a: Iron Valiant
|-end|p2a: Iron Valiant|Quark Drive|[silent]
|
|
|switch|p2a: Bellibolt|Bellibolt, M, shiny, tera:Flying|100/100
|-damage|p2a: Bellibolt|76/100|[from] Stealth Rock
|turn|10
|
|move|p1a: Roaring Moon|Acrobatics|p2a: Bellibolt
|-damage|p2a: Bellibolt|5/100
|-start|p2a: Bellibolt|Charge|Acrobatics|[from] ability: Electromorphosis
|move|p2a: Bellibolt|Thunderbolt|p1a: Roaring Moon
|-supereffective|p1a: Roaring Moon
|-damage|p1a: Roaring Moon|0 fnt
|faint|p1a: Roaring Moon
|-end|p1a: Roaring Moon|Protosynthesis|[silent]
|-end|p2a: Bellibolt|Charge|[silent]
|
|-heal|p2a: Bellibolt|11/100|[from] item: Leftovers
|
|switch|p1a: Urshifu|Urshifu-Rapid-Strike, M|100/100
|turn|11
|
|move|p1a: Urshifu|Aqua Jet|p2a: Bellibolt
|-damage|p2a: Bellibolt|0 fnt
|faint|p2a: Bellibolt
|
|
|switch|p2a: Dragonite|Dragonite, M, shiny|100/100
|turn|12
|
|move|p1a: Urshifu|Ice Spinner|p2a: Dragonite
|-supereffective|p2a: Dragonite
|-damage|p2a: Dragonite|31/100
|move|p2a: Dragonite|Dragon Dance|p2a: Dragonite
|-boost|p2a: Dragonite|atk|1
|-boost|p2a: Dragonite|spe|1
|
|turn|13
|
|move|p2a: Dragonite|Extreme Speed|p1a: Urshifu
|-damage|p1a: Urshifu|54/100
|move|p1a: Urshifu|Ice Spinner|p2a: Dragonite
|-supereffective|p2a: Dragonite
|-damage|p2a: Dragonite|0 fnt
|faint|p2a: Dragonite
|
|
|switch|p2a: SAM|Samurott-Hisui, M, shiny|100/100
|-damage|p2a: SAM|88/100|[from] Stealth Rock
|turn|14
|
|move|p1a: Urshifu|Close Combat|p2a: SAM
|-supereffective|p2a: SAM
|-damage|p2a: SAM|0 fnt
|-unboost|p1a: Urshifu|def|1
|-unboost|p1a: Urshifu|spd|1
|faint|p2a: SAM
|
|win|Tomasu Dejuru
