# advantage = p2
|poke|p1|Zamazenta-*|
|poke|p1|Slowking-Galar, M|
|poke|p1|Zapdos|
|poke|p1|Magearna|
|poke|p1|Garchomp, F|
|poke|p1|Meowscarada, F|
|poke|p2|Garganacl, M|
|poke|p2|Meowscarada, M|
|poke|p2|Great Tusk|
|poke|p2|Gholdengo|
|poke|p2|Chien-Pao|
|poke|p2|Iron Moth|
|teampreview
|
|start
|switch|p1a: Zamazenta|Zamazenta|100/100
|switch|p2a: Iron Moth|Iron Moth|100/100
|-ability|p1a: Zamazenta|Dauntless Shield|boost
|-boost|p1a: Zamazenta|def|1
|turn|1
|
|move|p2a: Iron Moth|Psychic|p1a: Zamazenta
|-supereffective|p1a: Zamazenta
|-damage|p1a: Zamazenta|17/100
|move|p1a: Zamazenta|Psychic Fangs|p2a: Iron Moth
|-supereffective|p2a: Iron Moth
|-damage|p2a: Iron Moth|0 fnt
|faint|p2a: Iron Moth
|-end|p2a: Iron Moth|Quark Drive|[silent]
|
|-heal|p1a: Zamazenta|23/100|[from] item: Leftovers
|
|switch|p2a: Meowscarada|Meowscarada, M|100/100
|turn|2
|
|move|p2a: Meowscarada|Play Rough|p1a: Zamazenta
|-start|p2a: Meowscarada|typechange|Fairy|[from] ability: Protean
|-supereffective|p1a: Zamazenta
|-damage|p1a: Zamazenta|0 fnt
|faint|p1a: Zamazenta
|
|
|switch|p1a: Magearna|Magearna|100/100
|turn|3
|
|move|p2a: Meowscarada|Knock Off|p1a: Magearna
|-resisted|p1a: Magearna
|-damage|p1a: Magearna|88/100
|-enditem|p1a: Magearna|Weakness Policy|[from] move: Knock Off|[of] p2a: Meowscarada
|move|p1a: Magearna|Shift Gear|p1a: Magearna
|-boost|p1a: Magearna|spe|2
|-boost|p1a: Magearna|atk|1
|
|turn|4
|
|move|p2a: Meowscarada|U-turn|p1a: Magearna
|-resisted|p1a: Magearna
|-damage|p1a: Magearna|84/100
|
|switch|p2a: Great Tusk|Great Tusk|100/100|[from] U-turn
|move|p1a: Magearna|Shift Gear|p1a: Magearna
|-boost|p1a: Magearna|spe|2
|-boost|p1a: Magearna|atk|1
|
|turn|5
|
|-terastallize|p1a: Magearna|Water
|move|p1a: Magearna|Calm Mind|p1a: Magearna
|-boost|p1a: Magearna|spa|1
|-boost|p1a: Magearna|spd|1
|move|p2a: Great Tusk|Earthquake|p1a: Magearna
|-damage|p1a: Magearna|39/100
|
|turn|6
|
|move|p1a: Magearna|Draining Kiss|p2a: Great Tusk
|-supereffective|p2a: Great Tusk
|-damage|p2a: Great Tusk|0 fnt
|-heal|p1a: Magearna|100/100|[from] drain|[of] p2a: Great Tusk
|faint|p2a: Great Tusk
|-ability|p1a: Magearna|Soul-Heart|boost
|-boost|p1a: Magearna|spa|1
|-end|p2a: Great Tusk|Protosynthesis|[silent]
|
|
|switch|p2a: Meowscarada|Meowscarada, M|100/100
|turn|7
|
|move|p1a: Magearna|Draining Kiss|p2a: Meowscarada
|-supereffective|p2a: Meowscarada
|-enditem|p2a: Meowscarada|Focus Sash
|-damage|p2a: Meowscarada|1/100
|move|p2a: Meowscarada|Flower Trick|p1a: Magearna
|-start|p2a: Meowscarada|typechange|Grass|[from] ability: Protean
|-supereffective|p1a: Magearna
|-crit|p1a: Magearna
|-damage|p1a: Magearna|21/100
|
|turn|8
|
|switch|p2a: Gholdengo|Gholdengo|100/100
|move|p1a: Magearna|Draining Kiss|p2a: Gholdengo
|-resisted|p2a: Gholdengo
|-damage|p2a: Gholdengo|65/100
|-heal|p1a: Magearna|45/100|[from] drain|[of] p2a: Gholdengo
|
|turn|9
|
|move|p1a: Magearna|Stored Power|p2a: Gholdengo
|-resisted|p2a: Gholdengo
|-damage|p2a: Gholdengo|0 fnt
|faint|p2a: Gholdengo
|-ability|p1a: Magearna|Soul-Heart|boost
|-boost|p1a: Magearna|spa|1
|
|-message|p2 forfeited.
|
|win|p1
