# advantage = p2
|poke|p1|Goodra-Hisui, F|
|poke|p1|Rotom-Wash|
|poke|p1|Meowscarada, F|
|poke|p1|Zamazenta-*|
|poke|p1|Polteageist|
|poke|p1|Dondozo, M|
|poke|p2|Enamorus-Therian, F|
|poke|p2|Cinderace, F|
|poke|p2|Great Tusk|
|poke|p2|Kingambit, M|
|poke|p2|Dragapult, M|
|poke|p2|Slowking-Galar, F|
|teampreview
|
|start
|switch|p1a: Rotom|Rotom-Wash|100/100
|switch|p2a: CarryBabyBaby|Dragapult, M|100/100
|turn|1
|
|move|p1a: Rotom|Volt Switch|p2a: CarryBabyBaby
|-resisted|p2a: CarryBabyBaby
|-damage|p2a: CarryBabyBaby|79/100
|
|switch|p1a: Goodra|Goodra-Hisui, F|100/100|[from] Volt Switch
|move|p2a: CarryBabyBaby|Substitute|p2a: CarryBabyBaby
|-start|p2a: CarryBabyBaby|Substitute
|-damage|p2a: CarryBabyBaby|54/100
|
|-heal|p2a: CarryBabyBaby|60/100|[from] item: Leftovers
|turn|2
|
|move|p2a: CarryBabyBaby|Will-O-Wisp|p1a: Goodra
|-status|p1a: Goodra|brn
|move|p1a: Goodra|Ice Beam|p2a: CarryBabyBaby
|-supereffective|p2a: CarryBabyBaby
|-end|p2a: CarryBabyBaby|Substitute
|
|-heal|p2a: CarryBabyBaby|66/100|[from] item: Leftovers
|-damage|p1a: Goodra|95/100 brn|[from] brn
|turn|3
|
|switch|p2a: Smokeyaim|Cinderace, F|100/100
|move|p1a: Goodra|Ice Beam|p2a: Smokeyaim
|-resisted|p2a: Smokeyaim
|-crit|p2a: Smokeyaim
|-damage|p2a: Smokeyaim|72/100
|
|-damage|p1a: Goodra|89/100 brn|[from] brn
|turn|4
|
|switch|p1a: Dondozo|Dondozo, M|100/100
|move|p2a: Smokeyaim|U-turn|p1a: Dondozo
|-start|p2a: Smokeyaim|typechange|Bug|[from] ability: Libero
|-damage|p1a: Dondozo|85/100
|
|switch|p2a: CarryBabyBaby|Dragapult, M|66/100|[from] U-turn
|
|-heal|p2a: CarryBabyBaby|72/100|[from] item: Leftovers
|-heal|p1a: Dondozo|91/100|[from] item: Leftovers
|turn|5
|
|switch|p1a: Goodra|Goodra-Hisui, F|89/100 brn
|move|p2a: CarryBabyBaby|Will-O-Wisp|p1a: Goodra
|-fail|p1a: Goodra|brn
|
|-heal|p2a: CarryBabyBaby|78/100|[from] item: Leftovers
|-damage|p1a: Goodra|83/100 brn|[from] brn
|turn|6
|
|switch|p2a: Chillpact|Slowking-Galar, F|100/100
|move|p1a: Goodra|Ice Beam|p2a: Chillpact
|-damage|p2a: Chillpact|90/100
|-status|p2a: Chillpact|frz
|
|-damage|p1a: Goodra|77/100 brn|[from] brn
|turn|7
|
|cant|p2a: Chillpact|frz
|move|p1a: Goodra|Dragon Tail|p2a: Chillpact
|-damage|p2a: Chillpact|80/100 frz
|drag|p2a: Kingamvad|Kingambit, M|100/100
|
|-damage|p1a: Goodra|71/100 brn|[from] brn
|turn|8
|
|move|p1a: Goodra|Flamethrower|p2a: Kingamvad
|-supereffective|p2a: Kingamvad
|-damage|p2a: Kingamvad|53/100
|move|p2a: Kingamvad|Kowtow Cleave|p1a: Goodra
|-damage|p1a: Goodra|17/100 brn
|-ability|p1a: Goodra|Gooey
|-unboost|p2a: Kingamvad|spe|1
|
|-heal|p2a: Kingamvad|59/100|[from] item: Leftovers
|-damage|p1a: Goodra|11/100 brn|[from] brn
|turn|9
|
|-end|p2a: Kingamvad|fallenundefined|[silent]
|switch|p2a: Chillpact|Slowking-Galar, F|100/100 frz
|move|p1a: Goodra|Flamethrower|p2a: Chillpact
|-damage|p2a: Chillpact|89/100 frz
|-curestatus|p2a: Chillpact|frz|[msg]
|
|-damage|p1a: Goodra|5/100 brn|[from] brn
|turn|10
|
|switch|p1a: Meowscarada|Meowscarada, F|100/100
|move|p2a: Chillpact|Future Sight|p1a: Meowscarada
|-start|p2a: Chillpact|move: Future Sight
|
|turn|11
|
|switch|p2a: C Tusk C|Great Tusk|100/100
|move|p1a: Meowscarada|Knock Off|p2a: C Tusk C
|-start|p1a: Meowscarada|typechange|Dark|[from] ability: Protean
|-resisted|p2a: C Tusk C
|-damage|p2a: C Tusk C|83/100
|-enditem|p2a: C Tusk C|Leftovers|[from] move: Knock Off|[of] p1a: Meowscarada
|-damage|p1a: Meowscarada|91/100|[from] item: Life Orb
|
|turn|12
|
|switch|p1a: Goodra|Goodra-Hisui, F|5/100 brn
|-end|p2a: C Tusk C|Protosynthesis|[silent]
|switch|p2a: Blundertle|Enamorus-Therian, F|100/100
|
|-end|p1a: Goodra|move: Future Sight
|-resisted|p1a: Goodra
|-damage|p1a: Goodra|0 fnt
|faint|p1a: Goodra
|
|switch|p1a: Rotom|Rotom-Wash|100/100
|turn|13
|
|switch|p2a: C Tusk C|Great Tusk|83/100
|move|p1a: Rotom|Trick|p2a: C Tusk C
|-activate|p1a: Rotom|move: Trick|[of] p2a: C Tusk C
|-item|p2a: C Tusk C|Choice Scarf|[from] move: Trick
|-enditem|p1a: Rotom|Choice Scarf|[silent]|[from] move: Trick
|
|turn|14
|
|-terastallize|p2a: C Tusk C|Water
|move|p2a: C Tusk C|Stealth Rock|p1a: Rotom
|-sidestart|p1: p1|move: Stealth Rock
|move|p1a: Rotom|Hydro Pump|p2a: C Tusk C
|-resisted|p2a: C Tusk C
|-damage|p2a: C Tusk C|56/100
|
|turn|15
|
|-end|p2a: C Tusk C|Protosynthesis|[silent]
|switch|p2a: Chillpact|Slowking-Galar, F|100/100
|move|p1a: Rotom|Will-O-Wisp|p2a: Chillpact
|-status|p2a: Chillpact|brn
|
|-damage|p2a: Chillpact|94/100 brn|[from] brn
|turn|16
|
|move|p1a: Rotom|Volt Switch|p2a: Chillpact
|-damage|p2a: Chillpact|82/100 brn
|
|switch|p1a: Meowscarada|Meowscarada, F|91/100|[from] Volt Switch
|-damage|p1a: Meowscarada|78/100|[from] Stealth Rock
|move|p2a: Chillpact|Sludge Bomb|p1a: Meowscarada
|-supereffective|p1a: Meowscarada
|-damage|p1a: Meowscarada|0 fnt
|faint|p1a: Meowscarada
|
|-damage|p2a: Chillpact|76/100 brn|[from] brn
|
|switch|p1a: Polteageist|Polteageist|100/100
|-damage|p1a: Polteageist|88/100|[from] Stealth Rock
|turn|17
|
|move|p1a: Polteageist|Shell Smash|p1a: Polteageist
|-unboost|p1a: Polteageist|def|1
|-unboost|p1a: Polteageist|spd|1
|-boost|p1a: Polteageist|atk|2
|-boost|p1a: Polteageist|spa|2
|-boost|p1a: Polteageist|spe|2
|move|p2a: Chillpact|Sludge Bomb|p1a: Polteageist
|-resisted|p1a: Polteageist
|-damage|p1a: Polteageist|60/100
|
|-damage|p2a: Chillpact|70/100 brn|[from] brn
|turn|18
|
|move|p1a: Polteageist|Shadow Ball|p2a: Chillpact
|-supereffective|p2a: Chillpact
|-damage|p2a: Chillpact|1/100 brn
|move|p2a: Chillpact|Flamethrower|p1a: Polteageist
|-damage|p1a: Polteageist|18/100
|
|-damage|p2a: Chillpact|0 fnt|[from] brn
|faint|p2a: Chillpact
|
|switch|p2a: Kingamvad|Kingambit, M|59/100
|-activate|p2a: Kingamvad|ability: Supreme Overlord
|-start|p2a: Kingamvad|fallen1|[silent]
|turn|19
|
|move|p2a: Kingamvad|Sucker Punch|p1a: Polteageist
|-supereffective|p1a: Polteageist
|-damage|p1a: Polteageist|0 fnt
|faint|p1a: Polteageist
|
|-heal|p2a: Kingamvad|65/100|[from] item: Leftovers
|
|switch|p1a: Zamazenta|Zamazenta|100/100
|-damage|p1a: Zamazenta|94/100|[from] Stealth Rock
|-ability|p1a: Zamazenta|Dauntless Shield|boost
|-boost|p1a: Zamazenta|def|1
|turn|20
|
|-end|p2a: Kingamvad|fallen1|[silent]
|switch|p2a: CarryBabyBaby|Dragapult, M|78/100
|move|p1a: Zamazenta|Iron Defense|p1a: Zamazenta
|-boost|p1a: Zamazenta|def|2
|
|-heal|p2a: CarryBabyBaby|84/100|[from] item: Leftovers
|-heal|p1a: Zamazenta|100/100|[from] item: Leftovers
|turn|21
|
|move|p2a: CarryBabyBaby|Will-O-Wisp|p1a: Zamazenta
|-status|p1a: Zamazenta|brn
|move|p1a: Zamazenta|Crunch|p2a: CarryBabyBaby
|-supereffective|p2a: CarryBabyBaby
|-damage|p2a: CarryBabyBaby|54/100
|
|-heal|p2a: CarryBabyBaby|60/100|[from] item: Leftovers
|-damage|p1a: Zamazenta|94/100 brn|[from] brn
|turn|22
|
|move|p2a: CarryBabyBaby|Substitute|p2a: CarryBabyBaby
|-start|p2a: CarryBabyBaby|Substitute
|-damage|p2a: CarryBabyBaby|35/100
|move|p1a: Zamazenta|Iron Defense|p1a: Zamazenta
|-boost|p1a: Zamazenta|def|2
|
|-heal|p2a: CarryBabyBaby|41/100|[from] item: Leftovers
|-heal|p1a: Zamazenta|100/100 brn|[from] item: Leftovers
|-damage|p1a: Zamazenta|94/100 brn|[from] brn
|turn|23
|
|move|p2a: CarryBabyBaby|Hex|p1a: Zamazenta
|-damage|p1a: Zamazenta|51/100 brn
|move|p1a: Zamazenta|Crunch|p2a: CarryBabyBaby
|-supereffective|p2a: CarryBabyBaby
|-end|p2a: CarryBabyBaby|Substitute
|
|-heal|p2a: CarryBabyBaby|47/100|[from] item: Leftovers
|-heal|p1a: Zamazenta|57/100 brn|[from] item: Leftovers
|-damage|p1a: Zamazenta|51/100 brn|[from] brn
|turn|24
|
|move|p2a: CarryBabyBaby|Hex|p1a: Zamazenta
|-damage|p1a: Zamazenta|8/100 brn
|move|p1a: Zamazenta|Crunch|p2a: CarryBabyBaby
|-supereffective|p2a: CarryBabyBaby
|-damage|p2a: CarryBabyBaby|19/100
|
|-heal|p2a: CarryBabyBaby|25/100|[from] item: Leftovers
|-heal|p1a: Zamazenta|14/100 brn|[from] item: Leftovers
|-damage|p1a: Zamazenta|8/100 brn|[from] brn
|turn|25
|
|move|p2a: CarryBabyBaby|Hex|p1a: Zamazenta
|-damage|p1a: Zamazenta|0 fnt
|faint|p1a: Zamazenta
|
|-heal|p2a: CarryBabyBaby|31/100|[from] item: Leftovers
|
|switch|p1a: Rotom|Rotom-Wash|100/100
|-damage|p1a: Rotom|88/100|[from] Stealth Rock
|turn|26
|
|move|p2a: CarryBabyBaby|Dragon Darts|p1a: Rotom
|-damage|p1a: Rotom|58/100
|-anim|p2a: CarryBabyBaby|Dragon Darts|p1a: Rotom
|-damage|p1a: Rotom|29/100
|move|p1a: Rotom|Volt Switch|p2a: CarryBabyBaby
|-resisted|p2a: CarryBabyBaby
|-damage|p2a: CarryBabyBaby|10/100
|
|switch|p1a: Dondozo|Dondozo, M|91/100|[from] Volt Switch
|-damage|p1a: Dondozo|79/100|[from] Stealth Rock
|
|-heal|p2a: CarryBabyBaby|16/100|[from] item: Leftovers
|-heal|p1a: Dondozo|85/100|[from] item: Leftovers
|turn|27
|
|move|p2a: CarryBabyBaby|Will-O-Wisp|p1a: Dondozo
|-status|p1a: Dondozo|brn
|move|p1a: Dondozo|Liquidation|p2a: CarryBabyBaby
|-resisted|p2a: CarryBabyBaby
|-damage|p2a: CarryBabyBaby|6/100
|
|-heal|p2a: CarryBabyBaby|12/100|[from] item: Leftovers
|-heal|p1a: Dondozo|91/100 brn|[from] item: Leftovers
|-damage|p1a: Dondozo|85/100 brn|[from] brn
|turn|28
|-message|p1 forfeited.
|
|win|p2
