# advantage = p1
|poke|p1|Arcanine-Hisui, F|
|poke|p1|Urshifu-*, F|
|poke|p1|Kingambit, F|
|poke|p1|Great Tusk|
|poke|p1|Garchomp, M|
|poke|p1|Zapdos|
|poke|p2|Scizor, M|
|poke|p2|Pelipper, M|
|poke|p2|Amoonguss, M|
|poke|p2|Breloom, F|
|poke|p2|Hydreigon, M|
|poke|p2|Arcanine, M|
|teampreview
|
|start
|switch|p1a: Zapdos|Zapdos|100/100
|switch|p2a: Pelipper|Pelipper, M|100/100
|-weather|RainDance|[from] ability: Drizzle|[of] p2a: Pelipper
|turn|1
|
|switch|p2a: Breloom|Breloom, F|100/100
|move|p1a: Zapdos|Hurricane|p2a: Breloom
|-supereffective|p2a: Breloom
|-enditem|p2a: Breloom|Focus Sash
|-damage|p2a: Breloom|1/100
|
|-weather|RainDance|[upkeep]
|turn|2
|
|switch|p1a: Garchomp|Garchomp, M|100/100
|move|p2a: Breloom|Spore|p1a: Garchomp
|-status|p1a: Garchomp|slp|[from] move: Spore
|
|-weather|RainDance|[upkeep]
|turn|3
|
|cant|p1a: Garchomp|slp
|move|p2a: Breloom|Bullet Seed|p1a: Garchomp
|-damage|p1a: Garchomp|80/100 slp
|-damage|p1a: Garchomp|60/100 slp
|-damage|p1a: Garchomp|40/100 slp
|-damage|p1a: Garchomp|19/100 slp
|-hitcount|p1a: Garchomp|4
|
|-weather|RainDance|[upkeep]
|turn|4
|
|-curestatus|p1a: Garchomp|slp|[msg]
|move|p1a: Garchomp|Spikes|p2a: Breloom
|-sidestart|p2: p2|Spikes
|move|p2a: Breloom|Bullet Seed|p1a: Garchomp
|-damage|p1a: Garchomp|0 fnt
|faint|p1a: Garchomp
|-hitcount|p1: Garchomp|1
|
|-weather|RainDance|[upkeep]
|
|switch|p1a: Urshifu|Urshifu-Rapid-Strike, F|100/100
|turn|5
|
|move|p1a: Urshifu|Aqua Jet|p2a: Breloom
|-resisted|p2a: Breloom
|-damage|p2a: Breloom|0 fnt
|faint|p2a: Breloom
|
|-weather|none
|
|switch|p2a: Pelipper|Pelipper, M|100/100
|-weather|RainDance|[from] ability: Drizzle|[of] p2a: Pelipper
|turn|6
|
|move|p1a: Urshifu|U-turn|p2a: Pelipper
|-resisted|p2a: Pelipper
|-damage|p2a: Pelipper|92/100
|
|switch|p1a: Zapdos|Zapdos|100/100|[from] U-turn
|move|p2a: Pelipper|Hurricane|p1a: Zapdos
|-resisted|p1a: Zapdos
|-damage|p1a: Zapdos|84/100
|
|-weather|RainDance|[upkeep]
|turn|7
|
|switch|p2a: Hydreigon|Hydreigon, M|100/100
|move|p1a: Zapdos|Hurricane|p2a: Hydreigon
|-damage|p2a: Hydreigon|51/100
|
|-weather|RainDance|[upkeep]
|turn|8
|
|switch|p1a: Kingambit|Kingambit, F|100/100
|-activate|p1a: Kingambit|ability: Supreme Overlord
|-start|p1a: Kingambit|fallen1|[silent]
|move|p2a: Hydreigon|Draco Meteor|p1a: Kingambit
|-resisted|p1a: Kingambit
|-damage|p1a: Kingambit|57/100
|-unboost|p2a: Hydreigon|spa|2
|-damage|p2a: Hydreigon|41/100|[from] item: Life Orb
|
|-weather|RainDance|[upkeep]
|-heal|p1a: Kingambit|63/100|[from] item: Leftovers
|turn|9
|
|switch|p2a: Arcanine|Arcanine, M|100/100
|-damage|p2a: Arcanine|88/100|[from] Spikes
|-ability|p2a: Arcanine|Intimidate|boost
|-unboost|p1a: Kingambit|atk|1
|move|p1a: Kingambit|Swords Dance|p1a: Kingambit
|-boost|p1a: Kingambit|atk|2
|
|-weather|RainDance|[upkeep]
|-heal|p1a: Kingambit|70/100|[from] item: Leftovers
|turn|10
|
|-end|p1a: Kingambit|fallen1|[silent]
|switch|p1a: Great Tusk|Great Tusk, shiny|100/100
|move|p2a: Arcanine|Flare Blitz|p1a: Great Tusk
|-damage|p1a: Great Tusk|90/100
|-damage|p2a: Arcanine|84/100|[from] Recoil
|
|-weather|none
|-heal|p1a: Great Tusk|96/100|[from] item: Leftovers
|turn|11
|
|switch|p2a: Pelipper|Pelipper, M|92/100
|-weather|RainDance|[from] ability: Drizzle|[of] p2a: Pelipper
|move|p1a: Great Tusk|Stealth Rock|p2a: Pelipper
|-sidestart|p2: p2|move: Stealth Rock
|
|-weather|RainDance|[upkeep]
|-heal|p1a: Great Tusk|100/100|[from] item: Leftovers
|turn|12
|
|-end|p1a: Great Tusk|Protosynthesis|[silent]
|switch|p1a: Zapdos|Zapdos|84/100
|move|p2a: Pelipper|Tailwind|p2a: Pelipper
|-sidestart|p2: p2|move: Tailwind
|
|-weather|RainDance|[upkeep]
|turn|13
|
|switch|p2a: Arcanine|Arcanine, M|84/100
|-damage|p2a: Arcanine|72/100|[from] Spikes
|-damage|p2a: Arcanine|47/100|[from] Stealth Rock
|-ability|p2a: Arcanine|Intimidate|boost
|-unboost|p1a: Zapdos|atk|1
|move|p1a: Zapdos|Volt Switch|p2a: Arcanine
|-damage|p2a: Arcanine|24/100
|-enditem|p2a: Arcanine|Mago Berry|[eat]
|-heal|p2a: Arcanine|57/100|[from] item: Mago Berry
|
|switch|p1a: Arcanine|Arcanine-Hisui, F|100/100|[from] Volt Switch
|
|-weather|RainDance|[upkeep]
|turn|14
|
|switch|p2a: Pelipper|Pelipper, M|92/100
|-damage|p2a: Pelipper|67/100|[from] Stealth Rock
|move|p1a: Arcanine|Head Smash|p2a: Pelipper
|-supereffective|p2a: Pelipper
|-damage|p2a: Pelipper|0 fnt
|faint|p2a: Pelipper
|
|-weather|RainDance|[upkeep]
|
|switch|p2a: Hydreigon|Hydreigon, M|41/100
|-damage|p2a: Hydreigon|29/100|[from] Stealth Rock
|turn|15
|
|switch|p1a: Kingambit|Kingambit, F|70/100
|-activate|p1a: Kingambit|ability: Supreme Overlord
|-start|p1a: Kingambit|fallen1|[silent]
|move|p2a: Hydreigon|Draco Meteor|p1a: Kingambit
|-resisted|p1a: Kingambit
|-damage|p1a: Kingambit|28/100
|-unboost|p2a: Hydreigon|spa|2
|-damage|p2a: Hydreigon|19/100|[from] item: Life Orb
|
|-weather|none
|-heal|p1a: Kingambit|34/100|[from] item: Leftovers
|-sideend|p2: p2|move: Tailwind
|turn|16
|
|move|p2a: Hydreigon|Draco Meteor|p1a: Kingambit
|-resisted|p1a: Kingambit
|-damage|p1a: Kingambit|11/100
|-unboost|p2a: Hydreigon|spa|2
|-damage|p2a: Hydreigon|9/100|[from] item: Life Orb
|move|p1a: Kingambit|Kowtow Cleave|p2a: Hydreigon
|-resisted|p2a: Hydreigon
|-crit|p2a: Hydreigon
|-damage|p2a: Hydreigon|0 fnt
|faint|p2a: Hydreigon
|
|-heal|p1a: Kingambit|17/100|[from] item: Leftovers
|
|switch|p2a: Amoonguss|Amoonguss, M|100/100
|-damage|p2a: Amoonguss|88/100|[from] Spikes
|-damage|p2a: Amoonguss|76/100|[from] Stealth Rock
|turn|17
|
|move|p1a: Kingambit|Kowtow Cleave|p2a: Amoonguss
|-damage|p2a: Amoonguss|17/100
|move|p2a: Amoonguss|Clear Smog|p1a: Kingambit
|-immune|p1a: Kingambit
|
|-heal|p1a: Kingambit|24/100|[from] item: Leftovers
|turn|18
|
|move|p1a: Kingambit|Kowtow Cleave|p2a: Amoonguss
|-damage|p2a: Amoonguss|0 fnt
|faint|p2a: Amoonguss
|
|-heal|p1a: Kingambit|30/100|[from] item: Leftovers
|
|switch|p2a: Arcanine|Arcanine, M|57/100
|-damage|p2a: Arcanine|45/100|[from] Spikes
|-damage|p2a: Arcanine|20/100|[from] Stealth Rock
|-ability|p2a: Arcanine|Intimidate|boost
|-unboost|p1a: Kingambit|atk|1
|turn|19
|
|move|p1a: Kingambit|Sucker Punch|p2a: Arcanine
|-damage|p2a: Arcanine|0 fnt
|faint|p2a: Arcanine
|
|-heal|p1a: Kingambit|36/100|[from] item: Leftovers
|
|switch|p2a: Scizor|Scizor, M|100/100
|-damage|p2a: Scizor|88/100|[from] Spikes
|-damage|p2a: Scizor|76/100|[from] Stealth Rock
|turn|20
|
|-end|p1a: Kingambit|fallen1|[silent]
|switch|p1a: Zapdos|Zapdos|84/100
|-terastallize|p2a: Scizor|Steel
|move|p2a: Scizor|Bullet Punch|p1a: Zapdos
|-resisted|p1a: Zapdos
|-damage|p1a: Zapdos|62/100
|-status|p2a: Scizor|par|[from] ability: Static|[of] p1a: Zapdos
|
|turn|21
|
|move|p1a: Zapdos|Heat Wave|p2a: Scizor
|-supereffective|p2a: Scizor
|-damage|p2a: Scizor|15/100 par
|move|p2a: Scizor|Swords Dance|p2a: Scizor
|-boost|p2a: Scizor|atk|2
|
|turn|22
|
|move|p2a: Scizor|Bullet Punch|p1a: Zapdos
|-resisted|p1a: Zapdos
|-damage|p1a: Zapdos|17/100
|move|p1a: Zapdos|Volt Switch|p2a: Scizor
|-damage|p2a: Scizor|0 fnt
|faint|p2a: Scizor
|
|win|p1
