|poke|p1|Ursaluna, M|
|poke|p1|Samurott-Hisui, F|
|poke|p1|Corviknight, M|
|poke|p1|Cresselia, F|
|poke|p1|Gholdengo|
|poke|p1|Enamorus, F|
|poke|p2|Great Tusk|
|poke|p2|Corviknight, M|
|poke|p2|Volcanion|
|poke|p2|Gholdengo|
|poke|p2|Baxcalibur, F|
|poke|p2|Iron Moth|
|teampreview
|
|start
|switch|p1a: Enamorus|Enamorus, F|100/100
|switch|p2a: Corviknight|Corviknight, M|100/100
|-ability|p2a: Corviknight|Pressure
|turn|1
|
|switch|p1a: Ursaluna|Ursaluna, M|100/100
|move|p2a: Corviknight|U-turn|p1a: Ursaluna
|-damage|p1a: Ursaluna|89/100
|
|switch|p2a: Volcanion|Volcanion|100/100|[from] U-turn
|
|-status|p1a: Ursaluna|brn|[from] item: Flame Orb
|turn|2
|
|switch|p2a: Gholdengo|Gholdengo|100/100
|-terastallize|p1a: Ursaluna|Water
|move|p1a: Ursaluna|Facade|p2a: Gholdengo
|-immune|p2a: Gholdengo
|
|-damage|p1a: Ursaluna|83/100 brn|[from] brn
|turn|3
|
|switch|p2a: Corviknight|Corviknight, M|100/100
|-ability|p2a: Corviknight|Pressure
|switch|p1a: Samurott|Samurott-Hisui, F|100/100
|
|turn|4
|
|move|p1a: Samurott|Knock Off|p2a: Corviknight
|-damage|p2a: Corviknight|73/100
|-enditem|p2a: Corviknight|Leftovers|[from] move: Knock Off|[of] p1a: Samurott
|move|p2a: Corviknight|Body Press|p1a: Samurott
|-supereffective|p1a: Samurott
|-damage|p1a: Samurott|38/100
|
|turn|5
|
|switch|p1a: Corviknight|Corviknight, M|100/100
|-ability|p1a: Corviknight|Pressure
|move|p2a: Corviknight|Body Press|p1a: Corviknight
|-damage|p1a: Corviknight|84/100
|-damage|p2a: Corviknight|57/100|[from] item: Rocky Helmet|[of] p1a: Corviknight
|
|turn|6
|
|move|p1a: Corviknight|U-turn|p2a: Corviknight
|-resisted|p2a: Corviknight
|-damage|p2a: Corviknight|55/100
|
|switch|p1a: Enamorus|Enamorus, F|100/100|[from] U-turn
|move|p2a: Corviknight|U-turn|p1a: Enamorus
|-resisted|p1a: Enamorus
|-crit|p1a: Enamorus
|-damage|p1a: Enamorus|92/100
|
|switch|p2a: Gholdengo|Gholdengo|100/100|[from] U-turn
|
|-heal|p1a: Enamorus|98/100|[from] item: Leftovers
|turn|7
|
|move|p2a: Gholdengo|Make It Rain|p1a: Enamorus
|-supereffective|p1a: Enamorus
|-damage|p1a: Enamorus|0 fnt
|-unboost|p2a: Gholdengo|spa|1
|faint|p1a: Enamorus
|
|
|switch|p1a: Samurott|Samurott-Hisui, F|38/100
|turn|8
|
|switch|p2a: Corviknight|Corviknight, M|55/100
|-ability|p2a: Corviknight|Pressure
|move|p1a: Samurott|Ceaseless Edge|p2a: Corviknight
|-crit|p2a: Corviknight
|-damage|p2a: Corviknight|17/100
|-sidestart|p2: p2|Spikes
|
|turn|9
|
|move|p1a: Samurott|Ceaseless Edge|p2a: Corviknight
|-damage|p2a: Corviknight|0 fnt
|-sidestart|p2: p2|Spikes
|faint|p2a: Corviknight
|
|
|switch|p2a: Iron Moth|Iron Moth|100/100
|-damage|p2a: Iron Moth|84/100|[from] Spikes
|-enditem|p2a: Iron Moth|Booster Energy
|-activate|p2a: Iron Moth|ability: Quark Drive|[fromitem]
|-start|p2a: Iron Moth|quarkdrivespe
|turn|10
|
|switch|p1a: Cresselia|Cresselia, F|100/100
|-terastallize|p2a: Iron Moth|Fairy
|move|p2a: Iron Moth|Fiery Dance|p1a: Cresselia
|-damage|p1a: Cresselia|76/100
|
|-heal|p1a: Cresselia|82/100|[from] item: Leftovers
|turn|11
|
|move|p2a: Iron Moth|Fiery Dance|p1a: Cresselia
|-damage|p1a: Cresselia|58/100
|move|p1a: Cresselia|Trick Room|p1a: Cresselia
|-fieldstart|move: Trick Room|[of] p1a: Cresselia
|
|-heal|p1a: Cresselia|64/100|[from] item: Leftovers
|turn|12
|
|switch|p1a: Corviknight|Corviknight, M|84/100
|-ability|p1a: Corviknight|Pressure
|move|p2a: Iron Moth|Fiery Dance|p1a: Corviknight
|-supereffective|p1a: Corviknight
|-damage|p1a: Corviknight|3/100
|
|turn|13
|
|move|p1a: Corviknight|Body Press|p2a: Iron Moth
|-resisted|p2a: Iron Moth
|-damage|p2a: Iron Moth|64/100
|move|p2a: Iron Moth|Fiery Dance|p1a: Corviknight
|-supereffective|p1a: Corviknight
|-damage|p1a: Corviknight|0 fnt
|faint|p1a: Corviknight
|
|
|switch|p1a: Ursaluna|Ursaluna, M, tera:Water|83/100 brn
|turn|14
|
|-end|p2a: Iron Moth|Quark Drive|[silent]
|switch|p2a: Gholdengo|Gholdengo|100/100
|-damage|p2a: Gholdengo|84/100|[from] Spikes
|move|p1a: Ursaluna|Earthquake|p2a: Gholdengo
|-supereffective|p2a: Gholdengo
|-damage|p2a: Gholdengo|0 fnt
|faint|p2a: Gholdengo
|
|-damage|p1a: Ursaluna|77/100 brn|[from] brn
|
|switch|p2a: Great Tusk|Great Tusk|100/100
|-damage|p2a: Great Tusk|84/100|[from] Spikes
|turn|15
|
|move|p1a: Ursaluna|Facade|p2a: Great Tusk
|-damage|p2a: Great Tusk|29/100
|move|p2a: Great Tusk|Rapid Spin|p1a: Ursaluna
|-damage|p1a: Ursaluna|65/100 brn
|-boost|p2a: Great Tusk|spe|1
|-sideend|p2: p2|Spikes|[from] move: Rapid Spin|[of] p2a: Great Tusk
|
|-heal|p2a: Great Tusk|35/100|[from] item: Leftovers
|-damage|p1a: Ursaluna|59/100 brn|[from] brn
|-fieldend|move: Trick Room
|turn|16
|
|switch|p1a: Cresselia|Cresselia, F|64/100
|move|p2a: Great Tusk|Earthquake|p1a: Cresselia
|-immune|p1a: Cresselia|[from] ability: Levitate
|
|-heal|p2a: Great Tusk|42/100|[from] item: Leftovers
|-heal|p1a: Cresselia|70/100|[from] item: Leftovers
|turn|17
|
|move|p2a: Great Tusk|Knock Off|p1a: Cresselia
|-supereffective|p1a: Cresselia
|-damage|p1a: Cresselia|40/100
|-enditem|p1a: Cresselia|Leftovers|[from] move: Knock Off|[of] p2a: Great Tusk
|move|p1a: Cresselia|Trick Room|p1a: Cresselia
|-fieldstart|move: Trick Room|[of] p1a: Cresselia
|
|-heal|p2a: Great Tusk|48/100|[from] item: Leftovers
|turn|18
|
|move|p1a: Cresselia|Moonblast|p2a: Great Tusk
|-supereffective|p2a: Great Tusk
|-damage|p2a: Great Tusk|6/100
|move|p2a: Great Tusk|Stealth Rock|p1a: Cresselia
|-sidestart|p1: p1|move: Stealth Rock
|
|-heal|p2a: Great Tusk|12/100|[from] item: Leftovers
|turn|19
|
|move|p1a: Cresselia|Moonblast|p2a: Great Tusk
|-supereffective|p2a: Great Tusk
|-damage|p2a: Great Tusk|0 fnt
|faint|p2a: Great Tusk
|-end|p2a: Great Tusk|Protosynthesis|[silent]
|
|
|switch|p2a: Baxcalibur|Baxcalibur, F|100/100
|turn|20
|
|move|p1a: Cresselia|Moonlight|p1a: Cresselia
|-heal|p1a: Cresselia|89/100
|move|p2a: Baxcalibur|Dragon Dance|p2a: Baxcalibur
|-boost|p2a: Baxcalibur|atk|1
|-boost|p2a: Baxcalibur|spe|1
|
|turn|21
|
|move|p1a: Cresselia|Moonblast|p2a: Baxcalibur
|-supereffective|p2a: Baxcalibur
|-damage|p2a: Baxcalibur|66/100
|move|p2a: Baxcalibur|Dragon Dance|p2a: Baxcalibur
|-boost|p2a: Baxcalibur|atk|1
|-boost|p2a: Baxcalibur|spe|1
|
|-fieldend|move: Trick Room
|turn|22
|
|move|p2a: Baxcalibur|Glaive Rush|p1a: Cresselia
|-damage|p1a: Cresselia|10/100
|-singlemove|p2a: Baxcalibur|Glaive Rush|[silent]
|move|p1a: Cresselia|Trick Room|p1a: Cresselia
|-fieldstart|move: Trick Room|[of] p1a: Cresselia
|
|turn|23
|
|switch|p2a: Volcanion|Volcanion|100/100
|move|p1a: Cresselia|Lunar Dance|p1a: Cresselia
|faint|p1a: Cresselia
|
|
|switch|p1a: Ursaluna|Ursaluna, M, tera:Water|59/100 brn
|-heal|p1a: Ursaluna|100/100|[from] move: Lunar Dance
|-damage|p1a: Ursaluna|88/100|[from] Stealth Rock
|turn|24
|
|move|p2a: Volcanion|Sludge Bomb|p1a: Ursaluna
|-damage|p1a: Ursaluna|58/100
|move|p1a: Ursaluna|Earthquake|p2a: Volcanion
|-supereffective|p2a: Volcanion
|-damage|p2a: Volcanion|4/100
|
|-status|p1a: Ursaluna|brn|[from] item: Flame Orb
|turn|25
|
|move|p2a: Volcanion|Sludge Bomb|p1a: Ursaluna
|-damage|p1a: Ursaluna|24/100 brn
|move|p1a: Ursaluna|Facade|p2a: Volcanion
|-damage|p2a: Volcanion|0 fnt
|faint|p2a: Volcanion
|
|-damage|p1a: Ursaluna|18/100 brn|[from] brn
|
|switch|p2a: Baxcalibur|Baxcalibur, F|66/100
|turn|26
|
|move|p1a: Ursaluna|Facade|p2a: Baxcalibur
|-damage|p2a: Baxcalibur|0 fnt
|faint|p2a: Baxcalibur
|
|-damage|p1a: Ursaluna|12/100 brn|[from] brn
|-fieldend|move: Trick Room
|
|switch|p2a: Iron Moth|Iron Moth, tera:Fairy|64/100
|turn|27
|
|move|p2a: Iron Moth|Fiery Dance|p1a: Ursaluna
|-resisted|p1a: Ursaluna
|-damage|p1a: Ursaluna|0 fnt
|faint|p1a: Ursaluna
|
|
|switch|p1a: Samurott|Samurott-Hisui, F|38/100
|-damage|p1a: Samurott|26/100|[from] Stealth Rock
|turn|28
|
|move|p1a: Samurott|Aqua Cutter|p2a: Iron Moth
|-damage|p2a: Iron Moth|0 fnt
|faint|p2a: Iron Moth
|-end|p2a: Iron Moth|Quark Drive|[silent]
|
|win|p1
