# advantage = p2
|poke|p1|Chien-Pao|
|poke|p1|Enamorus-Therian, F|
|poke|p1|Landorus-Therian, M|
|poke|p1|Glastrier|
|poke|p1|Lilligant-Hisui, F|
|poke|p1|Samurott-Hisui, F|
|poke|p2|Dragonite, M|
|poke|p2|Great Tusk|
|poke|p2|Gholdengo|
|poke|p2|Rotom-Wash|
|poke|p2|Sneasler, M|
|poke|p2|Enamorus-Therian, F|
|teampreview
|
|start
|switch|p1a: emiou-ground|Landorus-Therian, M, shiny|100/100
|switch|p2a: Enamorus|Enamorus-Therian, F|100/100
|-ability|p1a: emiou-ground|Intimidate|boost
|-unboost|p2a: Enamorus|atk|1
|turn|1
|
|move|p1a: emiou-ground|Nasty Plot|p1a: emiou-ground
|-boost|p1a: emiou-ground|spa|2
|move|p2a: Enamorus|Calm Mind|p2a: Enamorus
|-boost|p2a: Enamorus|spa|1
|-boost|p2a: Enamorus|spd|1
|
|turn|2
|
|move|p1a: emiou-ground|Sludge Bomb|p2a: Enamorus
|-supereffective|p2a: Enamorus
|-damage|p2a: Enamorus|10/100
|-damage|p1a: emiou-ground|91/100|[from] item: Life Orb
|move|p2a: Enamorus|Draining Kiss|p1a: emiou-ground
|-crit|p1a: emiou-ground
|-damage|p1a: emiou-ground|0 fnt
|-heal|p2a: Enamorus|71/100|[from] drain|[of] p1a: emiou-ground
|faint|p1a: emiou-ground
|-damage|p2a: Enamorus|61/100|[from] item: Life Orb
|
|
|switch|p1a: Lilligant|Lilligant-Hisui, F, shiny|100/100
|turn|3
|
|move|p1a: Lilligant|Victory Dance|p1a: Lilligant
|-boost|p1a: Lilligant|atk|1
|-boost|p1a: Lilligant|def|1
|-boost|p1a: Lilligant|spe|1
|move|p2a: Enamorus|Draining Kiss|p1a: Lilligant
|-supereffective|p1a: Lilligant
|-enditem|p1a: Lilligant|Focus Sash
|-damage|p1a: Lilligant|1/100
|-heal|p2a: Enamorus|100/100|[from] drain|[of] p1a: Lilligant
|-damage|p2a: Enamorus|91/100|[from] item: Life Orb
|
|turn|4
|
|move|p1a: Lilligant|Axe Kick|p2a: Enamorus
|-resisted|p2a: Enamorus
|-damage|p2a: Enamorus|65/100
|-start|p2a: Enamorus|confusion
|-activate|p2a: Enamorus|confusion
|move|p2a: Enamorus|Draining Kiss|p1a: Lilligant
|-supereffective|p1a: Lilligant
|-damage|p1a: Lilligant|0 fnt
|-heal|p2a: Enamorus|65/100|[from] drain|[of] p1a: Lilligant
|faint|p1a: Lilligant
|-damage|p2a: Enamorus|55/100|[from] item: Life Orb
|
|
|switch|p1a: Glastrier|Glastrier|100/100
|turn|5
|
|switch|p2a: Rotom|Rotom-Wash|100/100
|move|p1a: Glastrier|Avalanche|p2a: Rotom
|-resisted|p2a: Rotom
|-damage|p2a: Rotom|80/100
|
|-heal|p2a: Rotom|86/100|[from] item: Leftovers
|turn|6
|
|move|p2a: Rotom|Thunder Wave|p1a: Glastrier
|-status|p1a: Glastrier|par
|move|p1a: Glastrier|Swords Dance|p1a: Glastrier
|-boost|p1a: Glastrier|atk|2
|
|-heal|p2a: Rotom|92/100|[from] item: Leftovers
|turn|7
|
|move|p2a: Rotom|Hydro Pump|p1a: Glastrier
|-damage|p1a: Glastrier|68/100 par
|cant|p1a: Glastrier|par
|
|-heal|p2a: Rotom|99/100|[from] item: Leftovers
|turn|8
|
|move|p2a: Rotom|Hydro Pump|p1a: Glastrier|[miss]
|-miss|p2a: Rotom|p1a: Glastrier
|move|p1a: Glastrier|Close Combat|p2a: Rotom
|-damage|p2a: Rotom|0 fnt
|-unboost|p1a: Glastrier|def|1
|-unboost|p1a: Glastrier|spd|1
|faint|p2a: Rotom
|-ability|p1a: Glastrier|Chilling Neigh|boost
|-boost|p1a: Glastrier|atk|1
|
|
|switch|p2a: Enamorus|Enamorus-Therian, F|55/100
|turn|9
|
|move|p2a: Enamorus|Draining Kiss|p1a: Glastrier
|-damage|p1a: Glastrier|20/100 par
|-heal|p2a: Enamorus|96/100|[from] drain|[of] p1a: Glastrier
|-damage|p2a: Enamorus|86/100|[from] item: Life Orb
|move|p1a: Glastrier|Avalanche|p2a: Enamorus
|-supereffective|p2a: Enamorus
|-damage|p2a: Enamorus|0 fnt
|faint|p2a: Enamorus
|-ability|p1a: Glastrier|Chilling Neigh|boost
|-boost|p1a: Glastrier|atk|1
|
|
|switch|p2a: Dragonite|Dragonite, M|100/100
|turn|10
|
|move|p2a: Dragonite|Extreme Speed|p1a: Glastrier
|-damage|p1a: Glastrier|0 fnt
|faint|p1a: Glastrier
|
|
|switch|p1a: Samurott|Samurott-Hisui, F|100/100
|turn|11
|
|switch|p2a: Great Tusk|Great Tusk|100/100
|move|p1a: Samurott|Swords Dance|p1a: Samurott
|-boost|p1a: Samurott|atk|2
|
|turn|12
|
|move|p1a: Samurott|Razor Shell|p2a: Great Tusk
|-supereffective|p2a: Great Tusk
|-damage|p2a: Great Tusk|0 fnt
|faint|p2a: Great Tusk
|-end|p2a: Great Tusk|Protosynthesis|[silent]
|-damage|p1a: Samurott|91/100|[from] item: Life Orb
|
|
|switch|p2a: Sneasler|Sneasler, M|100/100
|turn|13
|
|-terastallize|p1a: Samurott|Water
|move|p1a: Samurott|Aqua Jet|p2a: Sneasler
|-damage|p2a: Sneasler|0 fnt
|faint|p2a: Sneasler
|-damage|p1a: Samurott|81/100|[from] item: Life Orb
|
|
|switch|p2a: Dragonite|Dragonite, M|100/100
|turn|14
|
|move|p1a: Samurott|Ceaseless Edge|p2a: Dragonite
|-damage|p2a: Dragonite|44/100
|-sidestart|p2: p2|Spikes
|-damage|p1a: Samurott|71/100|[from] item: Life Orb
|move|p2a: Dragonite|Dragon Dance|p2a: Dragonite
|-boost|p2a: Dragonite|atk|1
|-boost|p2a: Dragonite|spe|1
|
|turn|15
|
|-terastallize|p2a: Dragonite|Normal
|move|p2a: Dragonite|Extreme Speed|p1a: Samurott
|-damage|p1a: Samurott|0 fnt
|faint|p1a: Samurott
|
|
|switch|p1a: beats skelegride|Enamorus-Therian, F, shiny|100/100
|turn|16
|
|move|p2a: Dragonite|Roost|p2a: Dragonite
|-heal|p2a: Dragonite|94/100
|move|p1a: beats skelegride|Moonblast|p2a: Dragonite
|-damage|p2a: Dragonite|28/100
|-unboost|p2a: Dragonite|spa|1
|-damage|p1a: beats skelegride|91/100|[from] item: Life Orb
|
|turn|17
|
|move|p2a: Dragonite|Roost|p2a: Dragonite
|-heal|p2a: Dragonite|78/100
|move|p1a: beats skelegride|Moonblast|p2a: Dragonite
|-damage|p2a: Dragonite|10/100
|-damage|p1a: beats skelegride|81/100|[from] item: Life Orb
|
|turn|18
|
|move|p2a: Dragonite|Extreme Speed|p1a: beats skelegride
|-damage|p1a: beats skelegride|14/100
|move|p1a: beats skelegride|Moonblast|p2a: Dragonite
|-damage|p2a: Dragonite|0 fnt
|faint|p2a: Dragonite
|-damage|p1a: beats skelegride|4/100|[from] item: Life Orb
|
|
|switch|p2a: Gholdengo|Gholdengo|100/100
|-damage|p2a: Gholdengo|88/100|[from] Spikes
|turn|19
|
|move|p2a: Gholdengo|Shadow Ball|p1a: beats skelegride
|-damage|p1a: beats skelegride|0 fnt
|faint|p1a: beats skelegride
|
|
|switch|p1a: Chien-Pao|Chien-Pao|100/100
|-ability|p1a: Chien-Pao|Sword of Ruin
|turn|20
|
|move|p1a: Chien-Pao|Crunch|p2a: Gholdengo
|-supereffective|p2a: Gholdengo
|-damage|p2a: Gholdengo|0 fnt
|faint|p2a: Gholdengo
|
|win|p1
