|poke|p1|Sneasler, F|
|poke|p1|Moltres-Galar|
|poke|p1|Dragonite, F|
|poke|p1|Dragapult, M|
|poke|p1|Magearna|
|poke|p1|Glimmora, F|
|poke|p2|Sneasler, M|
|poke|p2|Kleavor, M|
|poke|p2|Raichu-Alola, M|
|poke|p2|Great Tusk|
|poke|p2|Goodra-Hisui, F|
|poke|p2|Zamazenta-*|
|teampreview
|
|start
|switch|p1a: 5'7 I'm Messi girl|Glimmora, F|100/100
|switch|p2a: Kleavor|Kleavor, M|100/100
|turn|1
|
|move|p1a: 5'7 I'm Messi girl|Power Gem|p2a: Kleavor
|-supereffective|p2a: Kleavor
|-enditem|p2a: Kleavor|Focus Sash
|-damage|p2a: Kleavor|1/100
|move|p2a: Kleavor|Close Combat|p1a: 5'7 I'm Messi girl
|-damage|p1a: 5'7 I'm Messi girl|42/100
|-unboost|p2a: Kleavor|def|1
|-unboost|p2a: Kleavor|spd|1
|-activate|p1a: 5'7 I'm Messi girl|ability: Toxic Debris
|-sidestart|p2: p2|move: Toxic Spikes
|
|turn|2
|
|move|p1a: 5'7 I'm Messi girl|Power Gem|p2a: Kleavor
|-supereffective|p2a: Kleavor
|-damage|p2a: Kleavor|0 fnt
|faint|p2a: Kleavor
|
|
|switch|p2a: Great Tusk|Great Tusk, shiny|100/100
|-status|p2a: Great Tusk|psn
|turn|3
|
|move|p1a: 5'7 I'm Messi girl|Stealth Rock|p2a: Great Tusk
|-sidestart|p2: p2|move: Stealth Rock
|move|p2a: Great Tusk|Earthquake|p1a: 5'7 I'm Messi girl
|-supereffective|p1a: 5'7 I'm Messi girl
|-damage|p1a: 5'7 I'm Messi girl|0 fnt
|-activate|p1a: 5'7 I'm Messi girl|ability: Toxic Debris
|-sidestart|p2: p2|move: Toxic Spikes
|faint|p1a: 5'7 I'm Messi girl
|
|-damage|p2a: Great Tusk|88/100 psn|[from] psn
|
|switch|p1a: Flog Gnaw|Dragapult, M|100/100
|turn|4
|
|move|p1a: Flog Gnaw|Reflect|p1a: Flog Gnaw
|-sidestart|p1: p1|Reflect
|move|p2a: Great Tusk|Knock Off|p1a: Flog Gnaw
|-supereffective|p1a: Flog Gnaw
|-damage|p1a: Flog Gnaw|60/100
|-enditem|p1a: Flog Gnaw|Leftovers|[from] move: Knock Off|[of] p2a: Great Tusk
|
|-damage|p2a: Great Tusk|76/100 psn|[from] psn
|turn|5
|
|-end|p2a: Great Tusk|Protosynthesis|[silent]
|switch|p2a: Sneasler|Sneasler, M, shiny|100/100
|-sideend|p2: p2|move: Toxic Spikes|[of] p2a: Sneasler
|-damage|p2a: Sneasler|95/100|[from] Stealth Rock
|move|p1a: Flog Gnaw|Light Screen|p1a: Flog Gnaw
|-sidestart|p1: p1|move: Light Screen
|
|turn|6
|
|move|p1a: Flog Gnaw|Will-O-Wisp|p2a: Sneasler|[miss]
|-miss|p1a: Flog Gnaw|p2a: Sneasler
|move|p2a: Sneasler|Dire Claw|p1a: Flog Gnaw
|-resisted|p1a: Flog Gnaw
|-damage|p1a: Flog Gnaw|41/100
|-status|p1a: Flog Gnaw|psn
|
|-damage|p1a: Flog Gnaw|28/100 psn|[from] psn
|turn|7
|
|switch|p2a: Great Tusk|Great Tusk, shiny|76/100 psn
|-damage|p2a: Great Tusk|73/100 psn|[from] Stealth Rock
|move|p1a: Flog Gnaw|Will-O-Wisp||[still]
|-fail|p1a: Flog Gnaw
|
|-damage|p1a: Flog Gnaw|16/100 psn|[from] psn
|-damage|p2a: Great Tusk|60/100 psn|[from] psn
|turn|8
|
|switch|p1a: High Profile|Moltres-Galar|100/100
|move|p2a: Great Tusk|Stealth Rock|p1a: High Profile
|-sidestart|p1: p1|move: Stealth Rock
|
|-damage|p2a: Great Tusk|48/100 psn|[from] psn
|-sideend|p1: p1|Reflect
|turn|9
|
|move|p1a: High Profile|Agility|p1a: High Profile
|-boost|p1a: High Profile|spe|2
|move|p2a: Great Tusk|Rapid Spin|p1a: High Profile
|-damage|p1a: High Profile|76/100
|-boost|p2a: Great Tusk|spe|1
|-sideend|p2: p2|Stealth Rock|[from] move: Rapid Spin|[of] p2a: Great Tusk
|
|-damage|p2a: Great Tusk|35/100 psn|[from] psn
|-sideend|p1: p1|move: Light Screen
|turn|10
|
|move|p1a: High Profile|Nasty Plot|p1a: High Profile
|-boost|p1a: High Profile|spa|2
|move|p2a: Great Tusk|Rapid Spin|p1a: High Profile
|-crit|p1a: High Profile
|-damage|p1a: High Profile|44/100
|-boost|p2a: Great Tusk|spe|1
|-ability|p1a: High Profile|Berserk|boost
|-boost|p1a: High Profile|spa|1
|
|-damage|p2a: Great Tusk|23/100 psn|[from] psn
|turn|11
|
|move|p1a: High Profile|Hurricane|p2a: Great Tusk
|-supereffective|p2a: Great Tusk
|-damage|p2a: Great Tusk|0 fnt
|faint|p2a: Great Tusk
|-end|p2a: Great Tusk|Protosynthesis|[silent]
|-damage|p1a: High Profile|34/100|[from] item: Life Orb
|
|
|switch|p2a: Goodra|Goodra-Hisui, F, shiny|100/100
|turn|12
|
|move|p1a: High Profile|Hurricane|p2a: Goodra
|-resisted|p2a: Goodra
|-damage|p2a: Goodra|56/100
|-damage|p1a: High Profile|24/100|[from] item: Life Orb
|move|p2a: Goodra|Flash Cannon|p1a: High Profile
|-damage|p1a: High Profile|0 fnt
|faint|p1a: High Profile
|
|-heal|p2a: Goodra|62/100|[from] item: Leftovers
|
|switch|p1a: Big Protein|Sneasler, F|100/100
|-damage|p1a: Big Protein|95/100|[from] Stealth Rock
|-item|p1a: Big Protein|Air Balloon
|turn|13
|
|switch|p2a: Raichu|Raichu-Alola, M, shiny|100/100
|move|p1a: Big Protein|Close Combat|p2a: Raichu
|-resisted|p2a: Raichu
|-damage|p2a: Raichu|20/100
|-unboost|p1a: Big Protein|def|1
|-unboost|p1a: Big Protein|spd|1
|
|turn|14
|
|move|p2a: Raichu|Psychic|p1a: Big Protein
|-supereffective|p1a: Big Protein
|-damage|p1a: Big Protein|0 fnt
|-enditem|p1a: Big Protein|Air Balloon
|faint|p1a: Big Protein
|-damage|p2a: Raichu|10/100|[from] item: Life Orb
|
|
|switch|p1a: Flog Gnaw|Dragapult, M|16/100 psn
|-damage|p1a: Flog Gnaw|4/100 psn|[from] Stealth Rock
|turn|15
|
|move|p1a: Flog Gnaw|Hex|p2a: Raichu
|-supereffective|p2a: Raichu
|-damage|p2a: Raichu|0 fnt
|faint|p2a: Raichu
|
|-damage|p1a: Flog Gnaw|0 fnt|[from] psn
|faint|p1a: Flog Gnaw
|
|switch|p1a: Is that a Foreign?|Dragonite, F|100/100
|switch|p2a: Zamazenta|Zamazenta-Crowned|100/100
|-ability|p2a: Zamazenta|Dauntless Shield|boost
|-boost|p2a: Zamazenta|def|1
|-damage|p1a: Is that a Foreign?|76/100|[from] Stealth Rock
|turn|16
|
|move|p2a: Zamazenta|Iron Defense|p2a: Zamazenta
|-boost|p2a: Zamazenta|def|2
|move|p1a: Is that a Foreign?|Dragon Dance|p1a: Is that a Foreign?
|-boost|p1a: Is that a Foreign?|atk|1
|-boost|p1a: Is that a Foreign?|spe|1
|
|-heal|p1a: Is that a Foreign?|82/100|[from] item: Leftovers
|turn|17
|
|move|p1a: Is that a Foreign?|Encore|p2a: Zamazenta
|-start|p2a: Zamazenta|Encore
|move|p2a: Zamazenta|Iron Defense|p2a: Zamazenta
|-boost|p2a: Zamazenta|def|2
|
|-heal|p1a: Is that a Foreign?|88/100|[from] item: Leftovers
|turn|18
|
|switch|p2a: Sneasler|Sneasler, M, shiny|95/100
|move|p1a: Is that a Foreign?|Dragon Dance|p1a: Is that a Foreign?
|-boost|p1a: Is that a Foreign?|atk|1
|-boost|p1a: Is that a Foreign?|spe|1
|
|-heal|p1a: Is that a Foreign?|94/100|[from] item: Leftovers
|turn|19
|
|switch|p2a: Goodra|Goodra-Hisui, F, shiny|62/100
|move|p1a: Is that a Foreign?|Dragon Claw|p2a: Goodra
|-damage|p2a: Goodra|0 fnt
|-ability|p2a: Goodra|Gooey
|-unboost|p1a: Is that a Foreign?|spe|1
|faint|p2a: Goodra
|
|-heal|p1a: Is that a Foreign?|100/100|[from] item: Leftovers
|
|switch|p2a: Sneasler|Sneasler, M, shiny|95/100
|turn|20
|
|move|p1a: Is that a Foreign?|Dragon Claw|p2a: Sneasler
|-damage|p2a: Sneasler|0 fnt
|faint|p2a: Sneasler
|
|
|switch|p2a: Zamazenta|Zamazenta-Crowned|100/100
|turn|21
|
|move|p1a: Is that a Foreign?|Dragon Claw|p2a: Zamazenta
|-resisted|p2a: Zamazenta
|-damage|p2a: Zamazenta|78/100
|move|p2a: Zamazenta|Body Press|p1a: Is that a Foreign?
|-resisted|p1a: Is that a Foreign?
|-damage|p1a: Is that a Foreign?|87/100
|
|-heal|p1a: Is that a Foreign?|93/100|[from] item: Leftovers
|turn|22
|-message|p2 forfeited.
|
|win|p1
