|poke|p1|Torkoal, M|
|poke|p1|Hatterene, F|
|poke|p1|Brute Bonnet|
|poke|p1|Walking Wake|
|poke|p1|Great Tusk|
|poke|p1|Roaring Moon|
|poke|p2|Baxcalibur, F|
|poke|p2|Arcanine-Hisui, F|
|poke|p2|Great Tusk|
|poke|p2|Zapdos|
|poke|p2|Landorus-Therian, M|
|poke|p2|Dragapult, F|
|teampreview
|
|start
|switch|p1a: Great Tusk|Great Tusk|100/100
|switch|p2a: Arcanine|Arcanine-Hisui, F|100/100
|turn|1
|
|switch|p2a: Landorus|Landorus-Therian, M|100/100
|-ability|p2a: Landorus|Intimidate|boost
|-unboost|p1a: Great Tusk|atk|1
|move|p1a: Great Tusk|Knock Off|p2a: Landorus
|-damage|p2a: Landorus|82/100
|-enditem|p2a: Landorus|Leftovers|[from] move: Knock Off|[of] p1a: Great Tusk
|
|turn|2
|
|move|p1a: Great Tusk|Bulk Up|p1a: Great Tusk
|-boost|p1a: Great Tusk|atk|1
|-boost|p1a: Great Tusk|def|1
|move|p2a: Landorus|Earthquake|p1a: Great Tusk
|-damage|p1a: Great Tusk|85/100
|
|-heal|p1a: Great Tusk|91/100|[from] item: Leftovers
|turn|3
|
|move|p1a: Great Tusk|Bulk Up|p1a: Great Tusk
|-boost|p1a: Great Tusk|atk|1
|-boost|p1a: Great Tusk|def|1
|move|p2a: Landorus|Stealth Rock|p1a: Great Tusk
|-sidestart|p1: I Am The Critic|move: Stealth Rock
|
|-heal|p1a: Great Tusk|97/100|[from] item: Leftovers
|turn|4
|
|switch|p2a: Zapdos|Zapdos|100/100
|move|p1a: Great Tusk|Rapid Spin|p2a: Zapdos
|-crit|p2a: Zapdos
|-damage|p2a: Zapdos|74/100
|-boost|p1a: Great Tusk|spe|1
|-sideend|p1: I Am The Critic|Stealth Rock|[from] move: Rapid Spin|[of] p1a: Great Tusk
|
|-heal|p1a: Great Tusk|100/100|[from] item: Leftovers
|turn|5
|
|move|p1a: Great Tusk|Knock Off|p2a: Zapdos
|-damage|p2a: Zapdos|41/100
|-enditem|p2a: Zapdos|Heavy-Duty Boots|[from] move: Knock Off|[of] p1a: Great Tusk
|move|p2a: Zapdos|Hurricane|p1a: Great Tusk
|-supereffective|p1a: Great Tusk
|-damage|p1a: Great Tusk|0 fnt
|faint|p1a: Great Tusk
|-end|p1a: Great Tusk|Protosynthesis|[silent]
|
|
|switch|p1a: Torkoal|Torkoal, M|100/100
|-weather|SunnyDay|[from] ability: Drought|[of] p1a: Torkoal
|turn|6
|
|move|p2a: Zapdos|Roost|p2a: Zapdos
|-heal|p2a: Zapdos|91/100
|-singleturn|p2a: Zapdos|move: Roost
|move|p1a: Torkoal|Stealth Rock|p2a: Zapdos
|-sidestart|p2: argreaer|move: Stealth Rock
|
|-weather|SunnyDay|[upkeep]
|turn|7
|
|move|p2a: Zapdos|Thunderbolt|p1a: Torkoal
|-damage|p1a: Torkoal|69/100
|move|p1a: Torkoal|Yawn|p2a: Zapdos
|-start|p2a: Zapdos|move: Yawn|[of] p1a: Torkoal
|
|-weather|SunnyDay|[upkeep]
|turn|8
|
|move|p2a: Zapdos|U-turn|p1a: Torkoal
|-resisted|p1a: Torkoal
|-damage|p1a: Torkoal|64/100
|
|switch|p2a: Baxcalibur|Baxcalibur, F|100/100|[from] U-turn
|move|p1a: Torkoal|Flamethrower|p2a: Baxcalibur
|-damage|p2a: Baxcalibur|63/100
|-ability|p2a: Baxcalibur|Thermal Exchange|boost
|-boost|p2a: Baxcalibur|atk|1
|
|-weather|SunnyDay|[upkeep]
|turn|9
|
|move|p2a: Baxcalibur|Icicle Crash|p1a: Torkoal
|-resisted|p1a: Torkoal
|-damage|p1a: Torkoal|37/100
|move|p1a: Torkoal|Yawn|p2a: Baxcalibur
|-start|p2a: Baxcalibur|move: Yawn|[of] p1a: Torkoal
|
|-weather|SunnyDay|[upkeep]
|turn|10
|
|switch|p2a: Dragapult|Dragapult, F|100/100
|-damage|p2a: Dragapult|88/100|[from] Stealth Rock
|switch|p1a: Hatterene|Hatterene, F|100/100
|
|-weather|SunnyDay|[upkeep]
|-heal|p2a: Dragapult|94/100|[from] item: Leftovers
|turn|11
|
|switch|p2a: Zapdos|Zapdos|91/100
|-damage|p2a: Zapdos|67/100|[from] Stealth Rock
|-terastallize|p1a: Hatterene|Normal
|move|p1a: Hatterene|Nuzzle|p2a: Zapdos
|-damage|p2a: Zapdos|63/100
|
|-weather|SunnyDay|[upkeep]
|turn|12
|
|move|p2a: Zapdos|U-turn|p1a: Hatterene
|-damage|p1a: Hatterene|89/100
|-enditem|p1a: Hatterene|Eject Button
|
|switch|p1a: Walking Wake|Walking Wake|100/100
|-activate|p1a: Walking Wake|ability: Protosynthesis
|-start|p1a: Walking Wake|protosynthesisspe
|
|-weather|SunnyDay|[upkeep]
|turn|13
|
|switch|p2a: Landorus|Landorus-Therian, M|82/100
|-damage|p2a: Landorus|69/100|[from] Stealth Rock
|-ability|p2a: Landorus|Intimidate|boost
|-unboost|p1a: Walking Wake|atk|1
|move|p1a: Walking Wake|Hydro Steam|p2a: Landorus
|-supereffective|p2a: Landorus
|-damage|p2a: Landorus|0 fnt
|faint|p2a: Landorus
|
|-weather|none
|-end|p1a: Walking Wake|Protosynthesis
|
|switch|p2a: Dragapult|Dragapult, F|94/100
|-damage|p2a: Dragapult|82/100|[from] Stealth Rock
|turn|14
|
|-end|p1a: Walking Wake|Protosynthesis|[silent]
|switch|p1a: Hatterene|Hatterene, F, tera:Normal|89/100
|move|p2a: Dragapult|Hex|p1a: Hatterene
|-immune|p1a: Hatterene
|
|-heal|p2a: Dragapult|88/100|[from] item: Leftovers
|turn|15
|
|switch|p2a: Zapdos|Zapdos|63/100
|-damage|p2a: Zapdos|38/100|[from] Stealth Rock
|move|p1a: Hatterene|Psychic|p2a: Zapdos
|-damage|p2a: Zapdos|0 fnt
|faint|p2a: Zapdos
|
|
|switch|p2a: Arcanine|Arcanine-Hisui, F|100/100
|-damage|p2a: Arcanine|76/100|[from] Stealth Rock
|turn|16
|
|move|p2a: Arcanine|Head Smash|p1a: Hatterene
|-damage|p1a: Hatterene|0 fnt
|faint|p1a: Hatterene
|
|
|switch|p1a: Walking Wake|Walking Wake|100/100
|turn|17
|
|-terastallize|p2a: Arcanine|Normal
|move|p1a: Walking Wake|Hydro Steam|p2a: Arcanine
|-crit|p2a: Arcanine
|-damage|p2a: Arcanine|0 fnt
|faint|p2a: Arcanine
|
|
|switch|p2a: Dragapult|Dragapult, F|88/100
|-damage|p2a: Dragapult|75/100|[from] Stealth Rock
|turn|18
|
|-end|p1a: Walking Wake|Protosynthesis|[silent]
|switch|p1a: Torkoal|Torkoal, M|37/100
|-weather|SunnyDay|[from] ability: Drought|[of] p1a: Torkoal
|move|p2a: Dragapult|Dragon Darts|p1a: Torkoal
|-damage|p1a: Torkoal|23/100
|-anim|p2a: Dragapult|Dragon Darts|p1a: Torkoal
|-damage|p1a: Torkoal|9/100
|
|-weather|SunnyDay|[upkeep]
|-heal|p2a: Dragapult|82/100|[from] item: Leftovers
|turn|19
|
|move|p2a: Dragapult|Substitute|p2a: Dragapult
|-start|p2a: Dragapult|Substitute
|-damage|p2a: Dragapult|57/100
|move|p1a: Torkoal|Yawn||[still]
|-fail|p1a: Torkoal
|
|-weather|SunnyDay|[upkeep]
|-heal|p2a: Dragapult|63/100|[from] item: Leftovers
|turn|20
|
|move|p2a: Dragapult|Dragon Darts|p1a: Torkoal
|-damage|p1a: Torkoal|0 fnt
|faint|p1a: Torkoal
|
|-weather|SunnyDay|[upkeep]
|-heal|p2a: Dragapult|69/100|[from] item: Leftovers
|
|switch|p1a: Brute Bonnet|Brute Bonnet|100/100
|-activate|p1a: Brute Bonnet|ability: Protosynthesis
|-start|p1a: Brute Bonnet|protosynthesisatk
|turn|21
|
|move|p2a: Dragapult|Will-O-Wisp|p1a: Brute Bonnet
|-status|p1a: Brute Bonnet|brn
|move|p1a: Brute Bonnet|Crunch|p2a: Dragapult
|-supereffective|p2a: Dragapult
|-end|p2a: Dragapult|Substitute
|
|-weather|SunnyDay|[upkeep]
|-heal|p2a: Dragapult|75/100|[from] item: Leftovers
|-damage|p1a: Brute Bonnet|94/100 brn|[from] brn
|turn|22
|
|switch|p2a: Great Tusk|Great Tusk|100/100
|-damage|p2a: Great Tusk|98/100|[from] Stealth Rock
|-activate|p2a: Great Tusk|ability: Protosynthesis
|-start|p2a: Great Tusk|protosynthesisdef
|move|p1a: Brute Bonnet|Crunch|p2a: Great Tusk
|-resisted|p2a: Great Tusk
|-damage|p2a: Great Tusk|91/100
|-unboost|p2a: Great Tusk|def|1
|
|-weather|SunnyDay|[upkeep]
|-heal|p2a: Great Tusk|97/100|[from] item: Leftovers
|-damage|p1a: Brute Bonnet|88/100 brn|[from] brn
|turn|23
|
|move|p2a: Great Tusk|Rapid Spin|p1a: Brute Bonnet
|-damage|p1a: Brute Bonnet|75/100 brn
|-boost|p2a: Great Tusk|spe|1
|-sideend|p2: argreaer|Stealth Rock|[from] move: Rapid Spin|[of] p2a: Great Tusk
|move|p1a: Brute Bonnet|Spore|p2a: Great Tusk
|-status|p2a: Great Tusk|slp|[from] move: Spore
|
|-weather|SunnyDay|[upkeep]
|-heal|p2a: Great Tusk|100/100 slp|[from] item: Leftovers
|-damage|p1a: Brute Bonnet|69/100 brn|[from] brn
|turn|24
|
|-end|p1a: Brute Bonnet|Protosynthesis|[silent]
|switch|p1a: Walking Wake|Walking Wake|100/100
|-activate|p1a: Walking Wake|ability: Protosynthesis
|-start|p1a: Walking Wake|protosynthesisspe
|cant|p2a: Great Tusk|slp
|
|-weather|SunnyDay|[upkeep]
|turn|25
|
|move|p1a: Walking Wake|Hydro Steam|p2a: Great Tusk
|-supereffective|p2a: Great Tusk
|-damage|p2a: Great Tusk|0 fnt
|faint|p2a: Great Tusk
|-end|p2a: Great Tusk|Protosynthesis|[silent]
|
|-weather|none
|-end|p1a: Walking Wake|Protosynthesis
|
|switch|p2a: Dragapult|Dragapult, F|75/100
|turn|26
|
|move|p2a: Dragapult|Dragon Darts|p1a: Walking Wake
|-supereffective|p1a: Walking Wake
|-damage|p1a: Walking Wake|61/100
|-anim|p2a: Dragapult|Dragon Darts|p1a: Walking Wake
|-supereffective|p1a: Walking Wake
|-damage|p1a: Walking Wake|17/100
|move|p1a: Walking Wake|Hydro Steam|p2a: Dragapult
|-resisted|p2a: Dragapult
|-damage|p2a: Dragapult|42/100
|
|-heal|p2a: Dragapult|48/100|[from] item: Leftovers
|turn|27
|
|move|p2a: Dragapult|Dragon Darts|p1a: Walking Wake
|-supereffective|p1a: Walking Wake
|-damage|p1a: Walking Wake|0 fnt
|faint|p1a: Walking Wake
|-end|p1a: Walking Wake|Protosynthesis|[silent]
|
|-heal|p2a: Dragapult|54/100|[from] item: Leftovers
|
|switch|p1a: Brute Bonnet|Brute Bonnet|69/100 brn
|turn|28
|
|move|p2a: Dragapult|Substitute|p2a: Dragapult
|-start|p2a: Dragapult|Substitute
|-damage|p2a: Dragapult|30/100
|move|p1a: Brute Bonnet|Crunch|p2a: Dragapult
|-supereffective|p2a: Dragapult
|-end|p2a: Dragapult|Substitute
|
|-heal|p2a: Dragapult|36/100|[from] item: Leftovers
|-damage|p1a: Brute Bonnet|63/100 brn|[from] brn
|turn|29
|
|switch|p2a: Baxcalibur|Baxcalibur, F|63/100
|move|p1a: Brute Bonnet|Crunch|p2a: Baxcalibur
|-damage|p2a: Baxcalibur|40/100
|
|-damage|p1a: Brute Bonnet|57/100 brn|[from] brn
|turn|30
|
|move|p2a: Baxcalibur|Icicle Crash|p1a: Brute Bonnet
|-supereffective|p1a: Brute Bonnet
|-damage|p1a: Brute Bonnet|0 fnt
|faint|p1a: Brute Bonnet
|-end|p1a: Brute Bonnet|Protosynthesis|[silent]
|
|
|switch|p1a: Roaring Moon|Roaring Moon|100/100
|turn|31
|
|move|p2a: Baxcalibur|Ice Shard|p1a: Roaring Moon
|-supereffective|p1a: Roaring Moon
|-damage|p1a: Roaring Moon|45/100
|move|p1a: Roaring Moon|Outrage|p2a: Baxcalibur
|-supereffective|p2a: Baxcalibur
|-damage|p2a: Baxcalibur|0 fnt
|faint|p2a: Baxcalibur
|
|
|switch|p2a: Dragapult|Dragapult, F|36/100
|turn|32
|
|move|p2a: Dragapult|Dragon Darts|p1a: Roaring Moon
|-supereffective|p1a: Roaring Moon
|-damage|p1a: Roaring Moon|0 fnt
|faint|p1a: Roaring Moon
|-end|p1a: Roaring Moon|Protosynthesis|[silent]
|
|win|argreaer
