# advantage = p2
|poke|p1|Sneasler, M|
|poke|p1|Moltres-Galar|
|poke|p1|Dragonite, M|
|poke|p1|Dragapult, F|
|poke|p1|Magearna|
|poke|p1|Glimmora, M|
|poke|p2|Pelipper, M|
|poke|p2|Basculegion, M|
|poke|p2|Overqwil, F|
|poke|p2|Braviary-Hisui, M|
|poke|p2|Landorus-Therian, M|
|poke|p2|Glimmora, F|
|teampreview
|
|start
|switch|p1a: 5'7 I'm Messi girl|Glimmora, M|100/100
|switch|p2a: Pelipper|Pelipper, M|100/100
|-weather|RainDance|[from] ability: Drizzle|[of] p2a: Pelipper
|turn|1
|
|move|p1a: 5'7 I'm Messi girl|Stealth Rock|p2a: Pelipper
|-sidestart|p2: p2|move: Stealth Rock
|move|p2a: Pelipper|Knock Off|p1a: 5'7 I'm Messi girl
|-damage|p1a: 5'7 I'm Messi girl|86/100
|-activate|p1a: 5'7 I'm Messi girl|ability: Toxic Debris
|-sidestart|p2: p2|move: Toxic Spikes
|-enditem|p1a: 5'7 I'm Messi girl|Focus Sash|[from] move: Knock Off|[of] p2a: Pelipper
|
|-weather|RainDance|[upkeep]
|turn|2
|
|move|p1a: 5'7 I'm Messi girl|Mortal Spin|p2a: Pelipper
|-damage|p2a: Pelipper|93/100
|-status|p2a: Pelipper|psn
|move|p2a: Pelipper|Chilling Water|p1a: 5'7 I'm Messi girl
|-supereffective|p1a: 5'7 I'm Messi girl
|-damage|p1a: 5'7 I'm Messi girl|1/100
|-unboost|p1a: 5'7 I'm Messi girl|atk|1
|
|-weather|RainDance|[upkeep]
|-damage|p2a: Pelipper|81/100 psn|[from] psn
|turn|3
|
|move|p1a: 5'7 I'm Messi girl|Power Gem|p2a: Pelipper
|-supereffective|p2a: Pelipper
|-damage|p2a: Pelipper|0 fnt
|faint|p2a: Pelipper
|
|-weather|RainDance|[upkeep]
|
|switch|p2a: Glimmora|Glimmora, F|100/100
|-sideend|p2: p2|move: Toxic Spikes|[of] p2a: Glimmora
|turn|4
|
|move|p2a: Glimmora|Mortal Spin|p1a: 5'7 I'm Messi girl
|-resisted|p1a: 5'7 I'm Messi girl
|-damage|p1a: 5'7 I'm Messi girl|0 fnt
|-activate|p1a: 5'7 I'm Messi girl|ability: Toxic Debris
|-sidestart|p2: p2|move: Toxic Spikes
|-sideend|p2: p2|Toxic Spikes|[from] move: Mortal Spin|[of] p2a: Glimmora
|-sideend|p2: p2|Stealth Rock|[from] move: Mortal Spin|[of] p2a: Glimmora
|faint|p1a: 5'7 I'm Messi girl
|
|-weather|RainDance|[upkeep]
|
|switch|p1a: Big Protein|Sneasler, M|100/100
|-item|p1a: Big Protein|Air Balloon
|turn|5
|
|move|p1a: Big Protein|Swords Dance|p1a: Big Protein
|-boost|p1a: Big Protein|atk|2
|move|p2a: Glimmora|Rock Polish|p2a: Glimmora
|-boost|p2a: Glimmora|spe|2
|
|-weather|RainDance|[upkeep]
|turn|6
|
|move|p2a: Glimmora|Mortal Spin|p1a: Big Protein
|-resisted|p1a: Big Protein
|-crit|p1a: Big Protein
|-damage|p1a: Big Protein|94/100
|-enditem|p1a: Big Protein|Air Balloon
|move|p1a: Big Protein|Close Combat|p2a: Glimmora
|-damage|p2a: Glimmora|0 fnt
|-unboost|p1a: Big Protein|def|1
|-unboost|p1a: Big Protein|spd|1
|-activate|p2a: Glimmora|ability: Toxic Debris
|-sidestart|p1: p1|move: Toxic Spikes
|faint|p2a: Glimmora
|
|-weather|RainDance|[upkeep]
|
|switch|p2a: Basculegion|Basculegion, M|100/100
|turn|7
|
|move|p1a: Big Protein|Dire Claw|p2a: Basculegion
|-resisted|p2a: Basculegion
|-damage|p2a: Basculegion|47/100
|move|p2a: Basculegion|Psychic Fangs|p1a: Big Protein
|-supereffective|p1a: Big Protein
|-damage|p1a: Big Protein|0 fnt
|faint|p1a: Big Protein
|
|-weather|RainDance|[upkeep]
|
|switch|p1a: High Profile|Moltres-Galar|100/100
|turn|8
|
|switch|p2a: Overqwil|Overqwil, F|100/100
|move|p1a: High Profile|Hurricane|p2a: Overqwil
|-damage|p2a: Overqwil|0 fnt
|faint|p2a: Overqwil
|-damage|p1a: High Profile|91/100|[from] item: Life Orb
|
|-weather|none
|
|switch|p2a: Braviary|Braviary-Hisui, M|100/100
|turn|9
|
|move|p1a: High Profile|Fiery Wrath|p2a: Braviary
|-supereffective|p2a: Braviary
|-damage|p2a: Braviary|0 fnt
|faint|p2a: Braviary
|-damage|p1a: High Profile|81/100|[from] item: Life Orb
|
|
|switch|p2a: Basculegion|Basculegion, M|47/100
|turn|10
|
|move|p2a: Basculegion|Aqua Jet|p1a: High Profile
|-damage|p1a: High Profile|43/100
|-ability|p1a: High Profile|Berserk|boost
|-boost|p1a: High Profile|spa|1
|move|p1a: High Profile|Fiery Wrath|p2a: Basculegion
|-supereffective|p2a: Basculegion
|-damage|p2a: Basculegion|0 fnt
|faint|p2a: Basculegion
|-damage|p1a: High Profile|33/100|[from] item: Life Orb
|
|
|switch|p2a: Landorus|Landorus-Therian, M|100/100
|-ability|p2a: Landorus|Intimidate|boost
|-unboost|p1a: High Profile|atk|1
|turn|11
|
|move|p2a: Landorus|Smack Down|p1a: High Profile
|-supereffective|p1a: High Profile
|-damage|p1a: High Profile|0 fnt
|faint|p1a: High Profile
|
|
|switch|p1a: Princess Shoes|Magearna|100/100
|turn|12
|
|-terastallize|p1a: Princess Shoes|Water
|move|p2a: Landorus|Bulk Up|p2a: Landorus
|-boost|p2a: Landorus|atk|1
|-boost|p2a: Landorus|def|1
|move|p1a: Princess Shoes|Shift Gear|p1a: Princess Shoes
|-boost|p1a: Princess Shoes|spe|2
|-boost|p1a: Princess Shoes|atk|1
|
|turn|13
|
|move|p1a: Princess Shoes|Calm Mind|p1a: Princess Shoes
|-boost|p1a: Princess Shoes|spa|1
|-boost|p1a: Princess Shoes|spd|1
|move|p2a: Landorus|Earthquake|p1a: Princess Shoes
|-crit|p1a: Princess Shoes
|-damage|p1a: Princess Shoes|0 fnt
|faint|p1a: Princess Shoes
|
|
|switch|p1a: Is that a Foreign?|Dragonite, M|100/100
|turn|14
|
|move|p2a: Landorus|Smack Down|p1a: Is that a Foreign?
|-supereffective|p1a: Is that a Foreign?
|-damage|p1a: Is that a Foreign?|70/100
|-start|p1a: Is that a Foreign?|Smack Down
|move|p1a: Is that a Foreign?|Encore|p2a: Landorus
|-start|p2a: Landorus|Encore
|
|-heal|p1a: Is that a Foreign?|77/100|[from] item: Leftovers
|turn|15
|
|move|p2a: Landorus|Smack Down|p1a: Is that a Foreign?
|-supereffective|p1a: Is that a Foreign?
|-damage|p1a: Is that a Foreign?|9/100
|move|p1a: Is that a Foreign?|Dragon Claw|p2a: Landorus
|-crit|p2a: Landorus
|-damage|p2a: Landorus|21/100
|
|-heal|p2a: Landorus|28/100|[from] item: Leftovers
|-heal|p1a: Is that a Foreign?|15/100|[from] item: Leftovers
|turn|16
|
|move|p2a: Landorus|Smack Down|p1a: Is that a Foreign?
|-supereffective|p1a: Is that a Foreign?
|-damage|p1a: Is that a Foreign?|0 fnt
|faint|p1a: Is that a Foreign?
|
|-heal|p2a: Landorus|34/100|[from] item: Leftovers
|
|switch|p1a: Flog Gnaw|Dragapult, F|100/100
|-status|p1a: Flog Gnaw|psn
|turn|17
|
|move|p1a: Flog Gnaw|Hex|p2a: Landorus
|-damage|p2a: Landorus|6/100
|move|p2a: Landorus|Smack Down|p1a: Flog Gnaw
|-damage|p1a: Flog Gnaw|68/100 psn
|
|-heal|p1a: Flog Gnaw|74/100 psn|[from] item: Leftovers
|-heal|p2a: Landorus|13/100|[from] item: Leftovers
|-damage|p1a: Flog Gnaw|61/100 psn|[from] psn
|-end|p2a: Landorus|Encore
|turn|18
|
|-terastallize|p2a: Landorus|Ground
|move|p1a: Flog Gnaw|Hex|p2a: Landorus
|-damage|p2a: Landorus|0 fnt
|faint|p2a: Landorus
|
|win|p1
