|poke|p1|Great Tusk|
|poke|p1|Chien-Pao|
|poke|p1|Enamorus, F|
|poke|p1|Slowking-Galar, F|
|poke|p1|Landorus-Therian, M|
|poke|p1|Baxcalibur, F|
|poke|p2|Magearna|
|poke|p2|Chien-Pao|
|poke|p2|Slowking-Galar, F|
|poke|p2|Great Tusk|
|poke|p2|Garganacl, F|
|poke|p2|Zapdos|
|teampreview
|
|start
|switch|p1a: Great Tusk|Great Tusk|100/100
|switch|p2a: Slowking|Slowking-Galar, F|100/100
|turn|1
|
|switch|p2a: Zapdos|Zapdos|100/100
|move|p1a: Great Tusk|Earthquake|p2a: Zapdos
|-immune|p2a: Zapdos
|
|turn|2
|
|-end|p1a: Great Tusk|Protosynthesis|[silent]
|switch|p1a: Slowking|Slowking-Galar, F|100/100
|move|p2a: Zapdos|Volt Switch|p1a: Slowking
|-damage|p1a: Slowking|70/100
|
|switch|p2a: Chien-Pao|Chien-Pao|100/100|[from] Volt Switch
|-ability|p2a: Chien-Pao|Sword of Ruin
|
|-heal|p1a: Slowking|76/100|[from] item: Leftovers
|turn|3
|
|switch|p1a: Great Tusk|Great Tusk|100/100
|move|p2a: Chien-Pao|Icicle Crash|p1a: Great Tusk
|-supereffective|p1a: Great Tusk
|-damage|p1a: Great Tusk|18/100
|
|-heal|p1a: Great Tusk|25/100|[from] item: Leftovers
|turn|4
|
|move|p2a: Chien-Pao|Icicle Crash|p1a: Great Tusk
|-supereffective|p1a: Great Tusk
|-damage|p1a: Great Tusk|0 fnt
|faint|p1a: Great Tusk
|-end|p1a: Great Tusk|Protosynthesis|[silent]
|
|
|switch|p1a: Landorus|Landorus-Therian, M|100/100
|-ability|p1a: Landorus|Intimidate|boost
|-unboost|p2a: Chien-Pao|atk|1
|turn|5
|
|switch|p2a: Zapdos|Zapdos|100/100
|move|p1a: Landorus|U-turn|p2a: Zapdos
|-resisted|p2a: Zapdos
|-damage|p2a: Zapdos|83/100
|
|switch|p1a: Baxcalibur|Baxcalibur, F|100/100|[from] U-turn
|
|turn|6
|
|move|p2a: Zapdos|Volt Switch|p1a: Baxcalibur
|-resisted|p1a: Baxcalibur
|-damage|p1a: Baxcalibur|81/100
|
|switch|p2a: Garganacl|Garganacl, F|100/100|[from] Volt Switch
|move|p1a: Baxcalibur|Dragon Dance|p1a: Baxcalibur
|-boost|p1a: Baxcalibur|atk|1
|-boost|p1a: Baxcalibur|spe|1
|
|turn|7
|
|switch|p2a: Zapdos|Zapdos|83/100
|-terastallize|p1a: Baxcalibur|Dragon
|move|p1a: Baxcalibur|Glaive Rush|p2a: Zapdos
|-damage|p2a: Zapdos|0 fnt
|-singlemove|p1a: Baxcalibur|Glaive Rush|[silent]
|-status|p1a: Baxcalibur|par|[from] ability: Static|[of] p2a: Zapdos
|faint|p2a: Zapdos
|
|
|switch|p2a: Chien-Pao|Chien-Pao|100/100
|-ability|p2a: Chien-Pao|Sword of Ruin
|turn|8
|
|move|p2a: Chien-Pao|Icicle Crash|p1a: Baxcalibur
|-supereffective|p1a: Baxcalibur
|-damage|p1a: Baxcalibur|0 fnt
|faint|p1a: Baxcalibur
|
|
|switch|p1a: Landorus|Landorus-Therian, M|100/100
|-ability|p1a: Landorus|Intimidate|boost
|-unboost|p2a: Chien-Pao|atk|1
|turn|9
|
|switch|p2a: Great Tusk|Great Tusk|100/100
|move|p1a: Landorus|U-turn|p2a: Great Tusk
|-resisted|p2a: Great Tusk
|-damage|p2a: Great Tusk|94/100
|
|switch|p1a: Enamorus|Enamorus, F|100/100|[from] U-turn
|
|-heal|p2a: Great Tusk|99/100|[from] item: Leftovers
|turn|10
|
|-end|p2a: Great Tusk|Protosynthesis|[silent]
|switch|p2a: Slowking|Slowking-Galar, F|100/100
|move|p1a: Enamorus|Calm Mind|p1a: Enamorus
|-boost|p1a: Enamorus|spa|1
|-boost|p1a: Enamorus|spd|1
|
|turn|11
|
|move|p1a: Enamorus|Earth Power|p2a: Slowking
|-supereffective|p2a: Slowking
|-damage|p2a: Slowking|39/100
|move|p2a: Slowking|Sludge Bomb|p1a: Enamorus
|-supereffective|p1a: Enamorus
|-damage|p1a: Enamorus|32/100
|
|-heal|p2a: Slowking|45/100|[from] item: Black Sludge
|turn|12
|
|move|p1a: Enamorus|Earth Power|p2a: Slowking
|-supereffective|p2a: Slowking
|-damage|p2a: Slowking|0 fnt
|faint|p2a: Slowking
|
|
|switch|p2a: Chien-Pao|Chien-Pao|100/100
|-ability|p2a: Chien-Pao|Sword of Ruin
|turn|13
|
|switch|p1a: Chien-Pao|Chien-Pao|100/100
|-ability|p1a: Chien-Pao|Sword of Ruin
|move|p2a: Chien-Pao|Icicle Crash|p1a: Chien-Pao
|-resisted|p1a: Chien-Pao
|-damage|p1a: Chien-Pao|60/100
|
|turn|14
|
|switch|p1a: Landorus|Landorus-Therian, M|100/100
|-ability|p1a: Landorus|Intimidate|boost
|-unboost|p2a: Chien-Pao|atk|1
|switch|p2a: Magearna|Magearna|100/100
|
|turn|15
|
|switch|p2a: Great Tusk|Great Tusk|99/100
|move|p1a: Landorus|U-turn|p2a: Great Tusk
|-resisted|p2a: Great Tusk
|-damage|p2a: Great Tusk|93/100
|
|switch|p1a: Enamorus|Enamorus, F|32/100|[from] U-turn
|
|-heal|p2a: Great Tusk|99/100|[from] item: Leftovers
|turn|16
|
|-end|p2a: Great Tusk|Protosynthesis|[silent]
|switch|p2a: Garganacl|Garganacl, F|100/100
|move|p1a: Enamorus|Earth Power|p2a: Garganacl
|-supereffective|p2a: Garganacl
|-damage|p2a: Garganacl|55/100
|
|-heal|p2a: Garganacl|61/100|[from] item: Leftovers
|turn|17
|
|move|p1a: Enamorus|Focus Blast|p2a: Garganacl|[miss]
|-miss|p1a: Enamorus|p2a: Garganacl
|move|p2a: Garganacl|Salt Cure|p1a: Enamorus
|-supereffective|p1a: Enamorus
|-damage|p1a: Enamorus|0 fnt
|faint|p1a: Enamorus
|
|-heal|p2a: Garganacl|67/100|[from] item: Leftovers
|
|switch|p1a: Landorus|Landorus-Therian, M|100/100
|-ability|p1a: Landorus|Intimidate|boost
|-unboost|p2a: Garganacl|atk|1
|turn|18
|
|move|p1a: Landorus|Earthquake|p2a: Garganacl
|-supereffective|p2a: Garganacl
|-damage|p2a: Garganacl|1/100
|move|p2a: Garganacl|Recover|p2a: Garganacl
|-heal|p2a: Garganacl|51/100
|
|-heal|p2a: Garganacl|58/100|[from] item: Leftovers
|turn|19
|
|switch|p1a: Chien-Pao|Chien-Pao|60/100
|-ability|p1a: Chien-Pao|Sword of Ruin
|switch|p2a: Great Tusk|Great Tusk|99/100
|
|-heal|p2a: Great Tusk|100/100|[from] item: Leftovers
|turn|20
|
|-end|p2a: Great Tusk|Protosynthesis|[silent]
|switch|p2a: Garganacl|Garganacl, F|58/100
|move|p1a: Chien-Pao|Swords Dance|p1a: Chien-Pao
|-boost|p1a: Chien-Pao|atk|2
|
|-heal|p2a: Garganacl|64/100|[from] item: Leftovers
|turn|21
|
|move|p1a: Chien-Pao|Sacred Sword|p2a: Garganacl
|-supereffective|p2a: Garganacl
|-damage|p2a: Garganacl|0 fnt
|faint|p2a: Garganacl
|
|
|switch|p2a: Magearna|Magearna|100/100
|turn|22
|
|switch|p1a: Slowking|Slowking-Galar, F|100/100
|move|p2a: Magearna|Draining Kiss|p1a: Slowking
|-resisted|p1a: Slowking
|-damage|p1a: Slowking|93/100
|
|-heal|p1a: Slowking|99/100|[from] item: Leftovers
|turn|23
|
|switch|p1a: Landorus|Landorus-Therian, M|100/100
|-ability|p1a: Landorus|Intimidate|boost
|-unboost|p2a: Magearna|atk|1
|move|p2a: Magearna|Calm Mind|p2a: Magearna
|-boost|p2a: Magearna|spa|1
|-boost|p2a: Magearna|spd|1
|
|turn|24
|
|switch|p2a: Chien-Pao|Chien-Pao|100/100
|-ability|p2a: Chien-Pao|Sword of Ruin
|move|p1a: Landorus|Earthquake|p2a: Chien-Pao
|-crit|p2a: Chien-Pao
|-damage|p2a: Chien-Pao|0 fnt
|faint|p2a: Chien-Pao
|
|
|switch|p2a: Great Tusk|Great Tusk|100/100
|turn|25
|
|switch|p1a: Slowking|Slowking-Galar, F|100/100
|move|p2a: Great Tusk|Bulk Up|p2a: Great Tusk
|-boost|p2a: Great Tusk|atk|1
|-boost|p2a: Great Tusk|def|1
|
|turn|26
|
|move|p2a: Great Tusk|Earthquake|p1a: Slowking
|-supereffective|p1a: Slowking
|-damage|p1a: Slowking|9/100
|move|p1a: Slowking|Future Sight|p2a: Great Tusk
|-start|p1a: Slowking|move: Future Sight
|
|-heal|p1a: Slowking|15/100|[from] item: Leftovers
|turn|27
|
|-end|p2a: Great Tusk|Protosynthesis|[silent]
|switch|p2a: Magearna|Magearna|100/100
|switch|p1a: Landorus|Landorus-Therian, M|100/100
|-ability|p1a: Landorus|Intimidate|boost
|-unboost|p2a: Magearna|atk|1
|
|turn|28
|
|-terastallize|p2a: Magearna|Water
|move|p1a: Landorus|Earthquake|p2a: Magearna
|-damage|p2a: Magearna|63/100
|move|p2a: Magearna|Calm Mind|p2a: Magearna
|-boost|p2a: Magearna|spa|1
|-boost|p2a: Magearna|spd|1
|
|-end|p2a: Magearna|move: Future Sight
|-damage|p2a: Magearna|37/100
|-heal|p2a: Magearna|43/100|[from] item: Leftovers
|turn|29
|
|move|p1a: Landorus|Earthquake|p2a: Magearna
|-damage|p2a: Magearna|9/100
|move|p2a: Magearna|Draining Kiss|p1a: Landorus
|-damage|p1a: Landorus|53/100
|-heal|p2a: Magearna|40/100|[from] drain|[of] p1a: Landorus
|
|-heal|p2a: Magearna|46/100|[from] item: Leftovers
|turn|30
|
|move|p1a: Landorus|Earthquake|p2a: Magearna
|-crit|p2a: Magearna
|-damage|p2a: Magearna|0 fnt
|faint|p2a: Magearna
|
|
|switch|p2a: Great Tusk|Great Tusk|100/100
|turn|31
|
|switch|p1a: Slowking|Slowking-Galar, F|48/100
|move|p2a: Great Tusk|Bulk Up|p2a: Great Tusk
|-boost|p2a: Great Tusk|atk|1
|-boost|p2a: Great Tusk|def|1
|
|-heal|p1a: Slowking|54/100|[from] item: Leftovers
|turn|32
|
|switch|p1a: Landorus|Landorus-Therian, M|53/100
|-ability|p1a: Landorus|Intimidate|boost
|-unboost|p2a: Great Tusk|atk|1
|move|p2a: Great Tusk|Earthquake|p1a: Landorus
|-immune|p1a: Landorus
|
|turn|33
|
|move|p1a: Landorus|U-turn|p2a: Great Tusk
|-resisted|p2a: Great Tusk
|-damage|p2a: Great Tusk|96/100
|
|switch|p1a: Slowking|Slowking-Galar, F|87/100|[from] U-turn
|move|p2a: Great Tusk|Bulk Up|p2a: Great Tusk
|-boost|p2a: Great Tusk|atk|1
|-boost|p2a: Great Tusk|def|1
|
|-heal|p2a: Great Tusk|100/100|[from] item: Leftovers
|-heal|p1a: Slowking|93/100|[from] item: Leftovers
|turn|34
|
|switch|p1a: Landorus|Landorus-Therian, M|53/100
|-ability|p1a: Landorus|Intimidate|boost
|-unboost|p2a: Great Tusk|atk|1
|move|p2a: Great Tusk|Earthquake|p1a: Landorus
|-immune|p1a: Landorus
|
|turn|35
|
|switch|p1a: Slowking|Slowking-Galar, F|100/100
|move|p2a: Great Tusk|Earthquake|p1a: Slowking
|-supereffective|p1a: Slowking
|-damage|p1a: Slowking|39/100
|
|-heal|p1a: Slowking|45/100|[from] item: Leftovers
|turn|36
|
|switch|p1a: Landorus|Landorus-Therian, M|53/100
|-ability|p1a: Landorus|Intimidate|boost
|-unboost|p2a: Great Tusk|atk|1
|move|p2a: Great Tusk|Earthquake|p1a: Landorus
|-immune|p1a: Landorus
|
|turn|37
|
|move|p1a: Landorus|U-turn|p2a: Great Tusk
|-resisted|p2a: Great Tusk
|-damage|p2a: Great Tusk|98/100
|
|switch|p1a: Slowking|Slowking-Galar, F|78/100|[from] U-turn
|move|p2a: Great Tusk|Bulk Up|p2a: Great Tusk
|-boost|p2a: Great Tusk|atk|1
|-boost|p2a: Great Tusk|def|1
|
|-heal|p2a: Great Tusk|100/100|[from] item: Leftovers
|-heal|p1a: Slowking|85/100|[from] item: Leftovers
|turn|38
|
|move|p2a: Great Tusk|Bulk Up|p2a: Great Tusk
|-boost|p2a: Great Tusk|atk|1
|-boost|p2a: Great Tusk|def|1
|move|p1a: Slowking|Future Sight|p2a: Great Tusk
|-start|p1a: Slowking|move: Future Sight
|
|-heal|p1a: Slowking|91/100|[from] item: Leftovers
|turn|39
|
|switch|p1a: Landorus|Landorus-Therian, M|53/100
|-ability|p1a: Landorus|Intimidate|boost
|-unboost|p2a: Great Tusk|atk|1
|move|p2a: Great Tusk|Rapid Spin|p1a: Landorus
|-damage|p1a: Landorus|35/100
|-boost|p2a: Great Tusk|spe|1
|
|turn|40
|
|move|p1a: Landorus|U-turn|p2a: Great Tusk
|-resisted|p2a: Great Tusk
|-damage|p2a: Great Tusk|98/100
|
|switch|p1a: Slowking|Slowking-Galar, F|100/100|[from] U-turn
|move|p2a: Great Tusk|Rapid Spin|p1a: Slowking
|-damage|p1a: Slowking|90/100
|-boost|p2a: Great Tusk|spe|1
|
|-end|p2a: Great Tusk|move: Future Sight
|-supereffective|p2a: Great Tusk
|-damage|p2a: Great Tusk|0 fnt
|faint|p2a: Great Tusk
|-end|p2a: Great Tusk|Protosynthesis|[silent]
|
|win|jefo
