|poke|p1|Ursaluna, F|
|poke|p1|Dragonite, M|
|poke|p1|Samurott-Hisui, M|
|poke|p1|Iron Valiant|
|poke|p1|Urshifu-*, F|
|poke|p1|Slowking-Galar, F|
|poke|p2|Corviknight, M|
|poke|p2|Landorus-Therian, M|
|poke|p2|Thundurus, M|
|poke|p2|Cresselia, F|
|poke|p2|Urshifu-*, M|
|poke|p2|Volcarona, F|
|teampreview
|
|start
|switch|p1a: Ursaluna|Ursaluna, F|100/100
|switch|p2a: Thundurus|Thundurus, M, shiny|100/100
|turn|1
|
|move|p2a: Thundurus|Grass Knot|p1a: Ursaluna
|-supereffective|p1a: Ursaluna
|-damage|p1a: Ursaluna|38/100
|move|p1a: Ursaluna|Bulk Up|p1a: Ursaluna
|-boost|p1a: Ursaluna|atk|1
|-boost|p1a: Ursaluna|def|1
|
|-status|p1a: Ursaluna|brn|[from] item: Flame Orb
|turn|2
|
|switch|p1a: Slowking|Slowking-Galar, F|100/100
|move|p2a: Thundurus|Grass Knot|p1a: Slowking
|-resisted|p1a: Slowking
|-damage|p1a: Slowking|94/100
|
|turn|3
|
|move|p2a: Thundurus|Taunt|p1a: Slowking
|-start|p1a: Slowking|move: Taunt
|move|p1a: Slowking|Future Sight|p2a: Thundurus
|-start|p1a: Slowking|move: Future Sight
|
|turn|4
|
|move|p2a: Thundurus|Thunder Wave|p1a: Slowking|[miss]
|-miss|p2a: Thundurus|p1a: Slowking
|move|p1a: Slowking|Flamethrower|p2a: Thundurus
|-damage|p2a: Thundurus|64/100
|
|turn|5
|
|switch|p1a: Ursaluna|Ursaluna, F|38/100 brn
|move|p2a: Thundurus|Volt Switch|p1a: Ursaluna
|-immune|p1a: Ursaluna
|
|-end|p2a: Thundurus|move: Future Sight
|-damage|p2a: Thundurus|0 fnt
|faint|p2a: Thundurus
|-damage|p1a: Ursaluna|32/100 brn|[from] brn
|
|switch|p2a: Landorus|Landorus-Therian, M, shiny|100/100
|-ability|p2a: Landorus|Intimidate|boost
|-unboost|p1a: Ursaluna|atk|1
|turn|6
|
|switch|p1a: Dragonite|Dragonite, M|100/100
|move|p2a: Landorus|Earthquake|p1a: Dragonite
|-immune|p1a: Dragonite
|
|turn|7
|
|switch|p1a: Samurott|Samurott-Hisui, M|100/100
|move|p2a: Landorus|Stealth Rock|p1a: Samurott
|-sidestart|p1: BH78|move: Stealth Rock
|
|turn|8
|
|move|p2a: Landorus|U-turn|p1a: Samurott
|-supereffective|p1a: Samurott
|-damage|p1a: Samurott|46/100
|
|switch|p2a: Volcarona|Volcarona, F, shiny|100/100|[from] U-turn
|move|p1a: Samurott|Ceaseless Edge|p2a: Volcarona
|-damage|p2a: Volcarona|0 fnt
|-sidestart|p2: Nomarrow8|Spikes
|faint|p2a: Volcarona
|
|
|switch|p2a: Landorus|Landorus-Therian, M, shiny|100/100
|-ability|p2a: Landorus|Intimidate|boost
|-unboost|p1a: Samurott|atk|1
|turn|9
|
|switch|p1a: Ursaluna|Ursaluna, F|32/100 brn
|-damage|p1a: Ursaluna|26/100 brn|[from] Stealth Rock
|move|p2a: Landorus|Earthquake|p1a: Ursaluna
|-damage|p1a: Ursaluna|0 fnt
|faint|p1a: Ursaluna
|
|
|switch|p1a: Urshifu|Urshifu-Rapid-Strike, F|100/100
|-damage|p1a: Urshifu|94/100|[from] Stealth Rock
|turn|10
|
|-terastallize|p2a: Landorus|Water
|move|p1a: Urshifu|Surging Strikes|p2a: Landorus
|-resisted|p2a: Landorus
|-crit|p2a: Landorus
|-damage|p2a: Landorus|89/100
|-resisted|p2a: Landorus
|-crit|p2a: Landorus
|-damage|p2a: Landorus|79/100
|-resisted|p2a: Landorus
|-crit|p2a: Landorus
|-damage|p2a: Landorus|69/100
|-hitcount|p2a: Landorus|3
|move|p2a: Landorus|Earthquake|p1a: Urshifu
|-damage|p1a: Urshifu|48/100
|
|turn|11
|
|switch|p1a: Dragonite|Dragonite, M|100/100
|move|p2a: Landorus|Earthquake|p1a: Dragonite
|-immune|p1a: Dragonite
|
|turn|12
|
|move|p2a: Landorus|Stone Edge|p1a: Dragonite
|-supereffective|p1a: Dragonite
|-damage|p1a: Dragonite|69/100
|move|p1a: Dragonite|Dragon Dance|p1a: Dragonite
|-boost|p1a: Dragonite|atk|1
|-boost|p1a: Dragonite|spe|1
|
|turn|13
|
|move|p1a: Dragonite|Earthquake|p2a: Landorus
|-damage|p2a: Landorus|15/100
|move|p2a: Landorus|Stone Edge|p1a: Dragonite
|-supereffective|p1a: Dragonite
|-damage|p1a: Dragonite|6/100
|
|turn|14
|
|move|p1a: Dragonite|Fire Punch|p2a: Landorus
|-resisted|p2a: Landorus
|-damage|p2a: Landorus|0 fnt
|-damage|p1a: Dragonite|0 fnt|[from] item: Rocky Helmet|[of] p2a: Landorus
|faint|p2a: Landorus
|faint|p1a: Dragonite
|
|
|switch|p2a: Urshifu|Urshifu-Rapid-Strike, M|100/100
|switch|p1a: Slowking|Slowking-Galar, F|100/100
|-damage|p2a: Urshifu|88/100|[from] Spikes
|-damage|p1a: Slowking|88/100|[from] Stealth Rock
|turn|15
|
|move|p2a: Urshifu|Surging Strikes|p1a: Slowking
|-crit|p1a: Slowking
|-damage|p1a: Slowking|64/100
|-crit|p1a: Slowking
|-damage|p1a: Slowking|39/100
|-crit|p1a: Slowking
|-damage|p1a: Slowking|17/100
|-hitcount|p1a: Slowking|3
|move|p1a: Slowking|Future Sight|p2a: Urshifu
|-start|p1a: Slowking|move: Future Sight
|
|turn|16
|
|switch|p1a: Samurott|Samurott-Hisui, M|46/100
|-damage|p1a: Samurott|34/100|[from] Stealth Rock
|move|p2a: Urshifu|Surging Strikes|p1a: Samurott
|-resisted|p1a: Samurott
|-crit|p1a: Samurott
|-damage|p1a: Samurott|20/100
|-resisted|p1a: Samurott
|-crit|p1a: Samurott
|-damage|p1a: Samurott|8/100
|-resisted|p1a: Samurott
|-crit|p1a: Samurott
|-damage|p1a: Samurott|0 fnt
|faint|p1a: Samurott
|-hitcount|p1: Samurott|3
|
|
|switch|p1a: Iron Valiant|Iron Valiant|100/100
|-damage|p1a: Iron Valiant|94/100|[from] Stealth Rock
|turn|17
|
|switch|p2a: Cresselia|Cresselia, F, shiny|100/100
|move|p1a: Iron Valiant|Thunderbolt|p2a: Cresselia
|-damage|p2a: Cresselia|86/100
|
|-end|p2a: Cresselia|move: Future Sight
|-resisted|p2a: Cresselia
|-damage|p2a: Cresselia|72/100
|turn|18
|
|-end|p1a: Iron Valiant|Quark Drive|[silent]
|switch|p1a: Slowking|Slowking-Galar, F|50/100
|-damage|p1a: Slowking|38/100|[from] Stealth Rock
|move|p2a: Cresselia|Light Screen|p2a: Cresselia
|-sidestart|p2: Nomarrow8|move: Light Screen
|
|turn|19
|
|move|p2a: Cresselia|Future Sight|p1a: Slowking
|-start|p2a: Cresselia|move: Future Sight
|move|p1a: Slowking|Flamethrower|p2a: Cresselia
|-damage|p2a: Cresselia|64/100
|
|turn|20
|
|move|p2a: Cresselia|Moonlight|p2a: Cresselia
|-heal|p2a: Cresselia|100/100
|move|p1a: Slowking|Future Sight|p2a: Cresselia
|-start|p1a: Slowking|move: Future Sight
|
|turn|21
|
|move|p2a: Cresselia|Reflect|p2a: Cresselia
|-sidestart|p2: Nomarrow8|Reflect
|move|p1a: Slowking|Flamethrower|p2a: Cresselia
|-damage|p2a: Cresselia|93/100
|-status|p2a: Cresselia|brn
|
|-end|p1a: Slowking|move: Future Sight
|-damage|p1a: Slowking|21/100
|-damage|p2a: Cresselia|87/100 brn|[from] brn
|turn|22
|
|switch|p1a: Iron Valiant|Iron Valiant|94/100
|-damage|p1a: Iron Valiant|88/100|[from] Stealth Rock
|move|p2a: Cresselia|Future Sight|p1a: Iron Valiant
|-start|p2a: Cresselia|move: Future Sight
|
|-end|p2a: Cresselia|move: Future Sight
|-resisted|p2a: Cresselia
|-damage|p2a: Cresselia|80/100 brn
|-damage|p2a: Cresselia|74/100 brn|[from] brn
|turn|23
|
|switch|p2a: Urshifu|Urshifu-Rapid-Strike, M|88/100
|-damage|p2a: Urshifu|76/100|[from] Spikes
|move|p1a: Iron Valiant|Moonblast|p2a: Urshifu
|-supereffective|p2a: Urshifu
|-damage|p2a: Urshifu|2/100
|-unboost|p2a: Urshifu|spa|1
|
|turn|24
|
|move|p2a: Urshifu|Aqua Jet|p1a: Iron Valiant
|-damage|p1a: Iron Valiant|60/100
|move|p1a: Iron Valiant|Moonblast|p2a: Urshifu
|-supereffective|p2a: Urshifu
|-damage|p2a: Urshifu|0 fnt
|faint|p2a: Urshifu
|
|-end|p1a: Iron Valiant|move: Future Sight
|-supereffective|p1a: Iron Valiant
|-damage|p1a: Iron Valiant|0 fnt
|faint|p1a: Iron Valiant
|-end|p1a: Iron Valiant|Quark Drive|[silent]
|
|switch|p1a: Slowking|Slowking-Galar, F|54/100
|switch|p2a: Cresselia|Cresselia, F, shiny|74/100 brn
|-damage|p1a: Slowking|42/100|[from] Stealth Rock
|turn|25
|
|move|p2a: Cresselia|Moonlight|p2a: Cresselia
|-heal|p2a: Cresselia|100/100 brn
|move|p1a: Slowking|Future Sight|p2a: Cresselia
|-start|p1a: Slowking|move: Future Sight
|
|-damage|p2a: Cresselia|94/100 brn|[from] brn
|-sideend|p2: Nomarrow8|move: Light Screen
|turn|26
|
|move|p2a: Cresselia|Light Screen|p2a: Cresselia
|-sidestart|p2: Nomarrow8|move: Light Screen
|move|p1a: Slowking|Flamethrower|p2a: Cresselia
|-damage|p2a: Cresselia|87/100 brn
|
|-damage|p2a: Cresselia|81/100 brn|[from] brn
|turn|27
|
|switch|p1a: Urshifu|Urshifu-Rapid-Strike, F|48/100
|-damage|p1a: Urshifu|42/100|[from] Stealth Rock
|move|p2a: Cresselia|Future Sight|p1a: Urshifu
|-start|p2a: Cresselia|move: Future Sight
|
|-end|p2a: Cresselia|move: Future Sight
|-resisted|p2a: Cresselia
|-damage|p2a: Cresselia|73/100 brn
|-damage|p2a: Cresselia|67/100 brn|[from] brn
|turn|28
|
|move|p1a: Urshifu|Swords Dance|p1a: Urshifu
|-boost|p1a: Urshifu|atk|2
|move|p2a: Cresselia|Moonlight|p2a: Cresselia
|-heal|p2a: Cresselia|100/100 brn
|
|-damage|p2a: Cresselia|94/100 brn|[from] brn
|-sideend|p2: Nomarrow8|Reflect
|turn|29
|
|move|p1a: Urshifu|Surging Strikes|p2a: Cresselia
|-crit|p2a: Cresselia
|-damage|p2a: Cresselia|63/100 brn
|-crit|p2a: Cresselia
|-damage|p2a: Cresselia|30/100 brn
|-crit|p2a: Cresselia
|-damage|p2a: Cresselia|0 fnt
|faint|p2a: Cresselia
|-hitcount|p2: Cresselia|3
|
|-end|p1a: Urshifu|move: Future Sight
|-supereffective|p1a: Urshifu
|-damage|p1a: Urshifu|0 fnt
|faint|p1a: Urshifu
|
|switch|p1a: Slowking|Slowking-Galar, F|75/100
|switch|p2a: Corviknight|Corviknight, M, shiny|100/100
|-damage|p1a: Slowking|62/100|[from] Stealth Rock
|turn|30
|
|move|p2a: Corviknight|Roost||[still]
|-fail|p2a: Corviknight|heal
|move|p1a: Slowking|Flamethrower|p2a: Corviknight
|-supereffective|p2a: Corviknight
|-damage|p2a: Corviknight|71/100
|
|-heal|p2a: Corviknight|77/100|[from] item: Leftovers
|turn|31
|
|move|p2a: Corviknight|Brave Bird|p1a: Slowking
|-damage|p1a: Slowking|21/100
|-damage|p2a: Corviknight|65/100|[from] Recoil
|move|p1a: Slowking|Flamethrower|p2a: Corviknight
|-supereffective|p2a: Corviknight
|-damage|p2a: Corviknight|34/100
|
|-heal|p2a: Corviknight|40/100|[from] item: Leftovers
|turn|32
|n|!BH78|bh78
|-message|BH78 forfeited.
|
|win|Nomarrow8
