# advantage = p1
|poke|p1|Torkoal, M|
|poke|p1|Walking Wake|
|poke|p1|Great Tusk|
|poke|p1|Roaring Moon|
|poke|p1|Skeledirge, F|
|poke|p1|Enamorus-Therian, F|
|poke|p2|Articuno|
|poke|p2|Slowking, M|
|poke|p2|Great Tusk|
|poke|p2|Kingambit, F|
|poke|p2|Ceruledge, F|
|poke|p2|Garchomp, M|
|teampreview
|
|start
|switch|p1a: Torkoal|Torkoal, M|100/100
|switch|p2a: Sloison Duck|Slowking, M|100/100
|-weather|SunnyDay|[from] ability: Drought|[of] p1a: Torkoal
|turn|1
|
|move|p2a: Sloison Duck|Chilly Reception|p2a: Sloison Duck
|-weather|Snow
|
|switch|p2a: Ground Taco|Great Tusk|100/100|[from] Chilly Reception
|move|p1a: Torkoal|Stealth Rock|p2a: Ground Taco
|-sidestart|p2: p2|move: Stealth Rock
|
|-weather|Snow|[upkeep]
|turn|2
|
|switch|p1a: Skeledirge|Skeledirge, F|100/100
|move|p2a: Ground Taco|Knock Off|p1a: Skeledirge
|-supereffective|p1a: Skeledirge
|-damage|p1a: Skeledirge|50/100
|-enditem|p1a: Skeledirge|Heavy-Duty Boots|[from] move: Knock Off|[of] p2a: Ground Taco
|
|-weather|Snow|[upkeep]
|turn|3
|
|move|p2a: Ground Taco|Stealth Rock|p1a: Skeledirge
|-sidestart|p1: p1|move: Stealth Rock
|move|p1a: Skeledirge|Slack Off|p1a: Skeledirge
|-heal|p1a: Skeledirge|99/100
|
|-weather|Snow|[upkeep]
|turn|4
|
|-terastallize|p1a: Skeledirge|Fairy
|move|p2a: Ground Taco|Knock Off|p1a: Skeledirge
|-resisted|p1a: Skeledirge
|-damage|p1a: Skeledirge|92/100
|move|p1a: Skeledirge|Will-O-Wisp|p2a: Ground Taco
|-status|p2a: Ground Taco|brn
|
|-weather|Snow|[upkeep]
|-damage|p2a: Ground Taco|94/100 brn|[from] brn
|turn|5
|
|-end|p2a: Ground Taco|Protosynthesis|[silent]
|switch|p2a: Sloison Duck|Slowking, M|100/100
|-damage|p2a: Sloison Duck|88/100|[from] Stealth Rock
|move|p1a: Skeledirge|Torch Song|p2a: Sloison Duck
|-resisted|p2a: Sloison Duck
|-damage|p2a: Sloison Duck|77/100
|-boost|p1a: Skeledirge|spa|1
|
|-weather|none
|turn|6
|
|move|p1a: Skeledirge|Hex|p2a: Sloison Duck
|-supereffective|p2a: Sloison Duck
|-damage|p2a: Sloison Duck|26/100
|move|p2a: Sloison Duck|Future Sight|p1a: Skeledirge
|-start|p2a: Sloison Duck|move: Future Sight
|
|turn|7
|
|switch|p2a: Samurai Warrior|Kingambit, F|100/100
|-damage|p2a: Samurai Warrior|94/100|[from] Stealth Rock
|move|p1a: Skeledirge|Hex|p2a: Samurai Warrior
|-resisted|p2a: Samurai Warrior
|-damage|p2a: Samurai Warrior|75/100
|
|-heal|p2a: Samurai Warrior|81/100|[from] item: Leftovers
|turn|8
|
|move|p1a: Skeledirge|Torch Song|p2a: Samurai Warrior
|-supereffective|p2a: Samurai Warrior
|-damage|p2a: Samurai Warrior|0 fnt
|-boost|p1a: Skeledirge|spa|1
|faint|p2a: Samurai Warrior
|-end|p2a: Samurai Warrior|fallenundefined|[silent]
|
|-end|p1a: Skeledirge|move: Future Sight
|-damage|p1a: Skeledirge|65/100
|
|switch|p2a: Parkchomp|Garchomp, M|100/100
|-damage|p2a: Parkchomp|94/100|[from] Stealth Rock
|turn|9
|
|move|p2a: Parkchomp|Iron Head|p1a: Skeledirge
|-supereffective|p1a: Skeledirge
|-damage|p1a: Skeledirge|17/100
|move|p1a: Skeledirge|Will-O-Wisp|p2a: Parkchomp
|-status|p2a: Parkchomp|brn
|
|-damage|p2a: Parkchomp|88/100 brn|[from] brn
|turn|10
|
|switch|p1a: Torkoal|Torkoal, M|100/100
|-damage|p1a: Torkoal|76/100|[from] Stealth Rock
|-weather|SunnyDay|[from] ability: Drought|[of] p1a: Torkoal
|move|p2a: Parkchomp|Iron Head|p1a: Torkoal
|-resisted|p1a: Torkoal
|-damage|p1a: Torkoal|71/100
|
|-weather|SunnyDay|[upkeep]
|-damage|p2a: Parkchomp|82/100 brn|[from] brn
|turn|11
|
|switch|p2a: Ground Taco|Great Tusk|94/100 brn
|-damage|p2a: Ground Taco|91/100 brn|[from] Stealth Rock
|-activate|p2a: Ground Taco|ability: Protosynthesis
|-start|p2a: Ground Taco|protosynthesisdef
|switch|p1a: Great Tusk|Great Tusk|100/100
|-damage|p1a: Great Tusk|98/100|[from] Stealth Rock
|-activate|p1a: Great Tusk|ability: Protosynthesis
|-start|p1a: Great Tusk|protosynthesisatk
|
|-weather|SunnyDay|[upkeep]
|-heal|p2a: Ground Taco|97/100 brn|[from] item: Leftovers
|-damage|p2a: Ground Taco|91/100 brn|[from] brn
|turn|12
|
|move|p1a: Great Tusk|Rapid Spin|p2a: Ground Taco
|-damage|p2a: Ground Taco|81/100 brn
|-boost|p1a: Great Tusk|spe|1
|-sideend|p1: p1|Stealth Rock|[from] move: Rapid Spin|[of] p1a: Great Tusk
|move|p2a: Ground Taco|Rapid Spin|p1a: Great Tusk
|-damage|p1a: Great Tusk|92/100
|-boost|p2a: Ground Taco|spe|1
|-sideend|p2: p2|Stealth Rock|[from] move: Rapid Spin|[of] p2a: Ground Taco
|
|-weather|SunnyDay|[upkeep]
|-heal|p2a: Ground Taco|87/100 brn|[from] item: Leftovers
|-damage|p2a: Ground Taco|81/100 brn|[from] brn
|turn|13
|
|move|p1a: Great Tusk|Ice Spinner|p2a: Ground Taco
|-supereffective|p2a: Ground Taco
|-damage|p2a: Ground Taco|47/100 brn
|move|p2a: Ground Taco|Stealth Rock|p1a: Great Tusk
|-sidestart|p1: p1|move: Stealth Rock
|
|-weather|SunnyDay|[upkeep]
|-heal|p2a: Ground Taco|54/100 brn|[from] item: Leftovers
|-damage|p2a: Ground Taco|47/100 brn|[from] brn
|turn|14
|
|-end|p2a: Ground Taco|Protosynthesis|[silent]
|switch|p2a: Heltaron|Articuno|100/100
|-ability|p2a: Heltaron|Pressure
|move|p1a: Great Tusk|Rapid Spin|p2a: Heltaron
|-damage|p2a: Heltaron|76/100
|-boost|p1a: Great Tusk|spe|1
|-sideend|p1: p1|Stealth Rock|[from] move: Rapid Spin|[of] p1a: Great Tusk
|
|-weather|SunnyDay|[upkeep]
|turn|15
|
|-end|p1a: Great Tusk|Protosynthesis|[silent]
|switch|p1a: Torkoal|Torkoal, M|71/100
|move|p2a: Heltaron|Ice Beam|p1a: Torkoal
|-resisted|p1a: Torkoal
|-damage|p1a: Torkoal|36/100
|
|-weather|SunnyDay|[upkeep]
|turn|16
|
|move|p2a: Heltaron|Ice Beam|p1a: Torkoal
|-resisted|p1a: Torkoal
|-damage|p1a: Torkoal|0 fnt
|faint|p1a: Torkoal
|
|-weather|SunnyDay|[upkeep]
|
|switch|p1a: Walking Wake|Walking Wake|100/100
|-activate|p1a: Walking Wake|ability: Protosynthesis
|-start|p1a: Walking Wake|protosynthesisspe
|turn|17
|
|switch|p2a: Parkchomp|Garchomp, M|82/100 brn
|move|p1a: Walking Wake|Hydro Steam|p2a: Parkchomp
|-damage|p2a: Parkchomp|0 fnt
|faint|p2a: Parkchomp
|
|-weather|none
|-end|p1a: Walking Wake|Protosynthesis
|
|switch|p2a: Sloison Duck|Slowking, M|60/100
|turn|18
|
|-end|p1a: Walking Wake|Protosynthesis|[silent]
|switch|p1a: Skeledirge|Skeledirge, F, tera:Fairy|17/100
|move|p2a: Sloison Duck|Chilly Reception|p2a: Sloison Duck
|-weather|Snow
|
|switch|p2a: Heltaron|Articuno|76/100|[from] Chilly Reception
|-ability|p2a: Heltaron|Pressure
|
|-weather|Snow|[upkeep]
|turn|19
|
|move|p2a: Heltaron|Freeze-Dry|p1a: Skeledirge
|-damage|p1a: Skeledirge|0 fnt
|faint|p1a: Skeledirge
|
|-weather|Snow|[upkeep]
|
|switch|p1a: Roaring Moon|Roaring Moon|100/100
|turn|20
|
|switch|p2a: Ground Taco|Great Tusk|47/100 brn
|move|p1a: Roaring Moon|Crunch|p2a: Ground Taco
|-resisted|p2a: Ground Taco
|-damage|p2a: Ground Taco|29/100 brn
|-unboost|p2a: Ground Taco|def|1
|-damage|p1a: Roaring Moon|91/100|[from] item: Life Orb
|
|-weather|Snow|[upkeep]
|-heal|p2a: Ground Taco|35/100 brn|[from] item: Leftovers
|-damage|p2a: Ground Taco|29/100 brn|[from] brn
|turn|21
|
|move|p1a: Roaring Moon|Earthquake|p2a: Ground Taco
|-damage|p2a: Ground Taco|0 fnt
|faint|p2a: Ground Taco
|-end|p2a: Ground Taco|Protosynthesis|[silent]
|-damage|p1a: Roaring Moon|81/100|[from] item: Life Orb
|
|-weather|Snow|[upkeep]
|
|switch|p2a: Uncle Gant|Ceruledge, F|100/100
|turn|22
|
|move|p2a: Uncle Gant|Close Combat|p1a: Roaring Moon
|-supereffective|p1a: Roaring Moon
|-damage|p1a: Roaring Moon|0 fnt
|-unboost|p2a: Uncle Gant|def|1
|-unboost|p2a: Uncle Gant|spd|1
|faint|p1a: Roaring Moon
|-end|p1a: Roaring Moon|Protosynthesis|[silent]
|
|-weather|none
|
|switch|p1a: Enamorus|Enamorus-Therian, F|100/100
|turn|23
|
|switch|p2a: Heltaron|Articuno|76/100
|-ability|p2a: Heltaron|Pressure
|move|p1a: Enamorus|Calm Mind|p1a: Enamorus
|-boost|p1a: Enamorus|spa|1
|-boost|p1a: Enamorus|spd|1
|
|turn|24
|
|move|p2a: Heltaron|Ice Beam|p1a: Enamorus
|-supereffective|p1a: Enamorus
|-damage|p1a: Enamorus|37/100
|move|p1a: Enamorus|Calm Mind|p1a: Enamorus
|-boost|p1a: Enamorus|spa|1
|-boost|p1a: Enamorus|spd|1
|
|-heal|p1a: Enamorus|43/100|[from] item: Leftovers
|turn|25
|
|move|p2a: Heltaron|Ice Beam|p1a: Enamorus
|-supereffective|p1a: Enamorus
|-damage|p1a: Enamorus|0 fnt
|faint|p1a: Enamorus
|
|
|switch|p1a: Walking Wake|Walking Wake|100/100
|turn|26
|
|switch|p2a: Sloison Duck|Slowking, M|93/100
|move|p1a: Walking Wake|Dragon Pulse|p2a: Sloison Duck
|-damage|p2a: Sloison Duck|48/100
|
|turn|27
|
|move|p1a: Walking Wake|Dragon Pulse|p2a: Sloison Duck
|-damage|p2a: Sloison Duck|0 fnt
|faint|p2a: Sloison Duck
|
|
|switch|p2a: Uncle Gant|Ceruledge, F|100/100
|turn|28
|
|move|p2a: Uncle Gant|Shadow Claw|p1a: Walking Wake
|-damage|p1a: Walking Wake|55/100
|move|p1a: Walking Wake|Dragon Pulse|p2a: Uncle Gant
|-damage|p2a: Uncle Gant|24/100
|
|turn|29
|
|move|p2a: Uncle Gant|Shadow Claw|p1a: Walking Wake
|-damage|p1a: Walking Wake|10/100
|move|p1a: Walking Wake|Dragon Pulse|p2a: Uncle Gant
|-damage|p2a: Uncle Gant|0 fnt
|faint|p2a: Uncle Gant
|
|
|switch|p2a: Heltaron|Articuno|76/100
|-ability|p2a: Heltaron|Pressure
|turn|30
|
|move|p1a: Walking Wake|Dragon Pulse|p2a: Heltaron
|-damage|p2a: Heltaron|16/100
|move|p2a: Heltaron|Freeze-Dry|p1a: Walking Wake
|-supereffective|p1a: Walking Wake
|-damage|p1a: Walking Wake|0 fnt
|faint|p1a: Walking Wake
|-end|p1a: Walking Wake|Protosynthesis|[silent]
|
|
|switch|p1a: Great Tusk|Great Tusk|92/100
|turn|31
|
|move|p2a: Heltaron|Freeze-Dry|p1a: Great Tusk
|-supereffective|p1a: Great Tusk
|-damage|p1a: Great Tusk|12/100
|move|p1a: Great Tusk|Knock Off|p2a: Heltaron
|-damage|p2a: Heltaron|0 fnt
|-enditem|p2a: Heltaron|Choice Specs|[from] move: Knock Off|[of] p1a: Great Tusk
|faint|p2a: Heltaron
|
|win|p1
