# advantage = p2
|poke|p1|Urshifu-*, F|
|poke|p1|Slowking-Galar, M|
|poke|p1|Great Tusk|
|poke|p1|Zapdos|
|poke|p1|Garganacl, M|
|poke|p1|Dragapult, F|
|poke|p2|Ditto|
|poke|p2|Corviknight, F|
|poke|p2|Hawlucha, F|
|poke|p2|Hippowdon, F|
|poke|p2|Toxapex, F|
|poke|p2|Hatterene, F|
|teampreview
|
|start
|switch|p1a: Urshifu|Urshifu-Rapid-Strike, F|100/100
|switch|p2a: Ditto|Ditto|100/100
|-transform|p2a: Ditto|p1a: Urshifu|[from] ability: Imposter
|turn|1
|
|switch|p2a: Toxapex|Toxapex, F|100/100
|switch|p1a: Zapdos|Zapdos|100/100
|
|turn|2
|
|switch|p2a: Hippowdon|Hippowdon, F|100/100
|-weather|Sandstorm|[from] ability: Sand Stream|[of] p2a: Hippowdon
|move|p1a: Zapdos|Volt Switch|p2a: Hippowdon
|-immune|p2a: Hippowdon
|
|-weather|Sandstorm|[upkeep]
|-damage|p1a: Zapdos|94/100|[from] Sandstorm
|turn|3
|
|switch|p1a: Slowking|Slowking-Galar, M|100/100
|move|p2a: Hippowdon|Stealth Rock|p1a: Slowking
|-sidestart|p1: p1|move: Stealth Rock
|
|-weather|Sandstorm|[upkeep]
|-damage|p1a: Slowking|94/100|[from] Sandstorm
|-heal|p1a: Slowking|100/100|[from] item: Leftovers
|turn|4
|
|move|p2a: Hippowdon|Earthquake|p1a: Slowking
|-supereffective|p1a: Slowking
|-damage|p1a: Slowking|14/100
|move|p1a: Slowking|Chilly Reception|p1a: Slowking
|-weather|Snow
|
|switch|p1a: Urshifu|Urshifu-Rapid-Strike, F|100/100|[from] Chilly Reception
|-damage|p1a: Urshifu|94/100|[from] Stealth Rock
|
|-weather|Snow|[upkeep]
|turn|5
|
|switch|p2a: Hawlucha|Hawlucha, F|100/100
|-ability|p2a: Hawlucha|Mold Breaker
|move|p1a: Urshifu|U-turn|p2a: Hawlucha
|-resisted|p2a: Hawlucha
|-damage|p2a: Hawlucha|92/100
|-damage|p1a: Urshifu|78/100|[from] item: Rocky Helmet|[of] p2a: Hawlucha
|
|switch|p1a: Zapdos|Zapdos|94/100|[from] U-turn
|
|-weather|Snow|[upkeep]
|turn|6
|
|switch|p2a: Hippowdon|Hippowdon, F|100/100
|-weather|Sandstorm|[from] ability: Sand Stream|[of] p2a: Hippowdon
|move|p1a: Zapdos|Hurricane|p2a: Hippowdon
|-damage|p2a: Hippowdon|65/100
|
|-weather|Sandstorm|[upkeep]
|-damage|p1a: Zapdos|88/100|[from] Sandstorm
|-heal|p2a: Hippowdon|71/100|[from] item: Leftovers
|turn|7
|
|switch|p2a: Hatterene|Hatterene, F|100/100
|move|p1a: Zapdos|Hurricane|p2a: Hatterene
|-damage|p2a: Hatterene|50/100
|
|-weather|Sandstorm|[upkeep]
|-damage|p1a: Zapdos|82/100|[from] Sandstorm
|-damage|p2a: Hatterene|44/100|[from] Sandstorm
|-heal|p2a: Hatterene|50/100|[from] item: Leftovers
|turn|8
|
|switch|p2a: Hippowdon|Hippowdon, F|71/100
|move|p1a: Zapdos|Hurricane|p2a: Hippowdon
|-damage|p2a: Hippowdon|40/100
|
|-weather|Sandstorm|[upkeep]
|-damage|p1a: Zapdos|75/100|[from] Sandstorm
|-heal|p2a: Hippowdon|46/100|[from] item: Leftovers
|turn|9
|
|switch|p1a: Great Tusk|Great Tusk|100/100
|-damage|p1a: Great Tusk|98/100|[from] Stealth Rock
|move|p2a: Hippowdon|Slack Off|p2a: Hippowdon
|-heal|p2a: Hippowdon|96/100
|
|-weather|Sandstorm|[upkeep]
|-heal|p1a: Great Tusk|100/100|[from] item: Leftovers
|-heal|p2a: Hippowdon|100/100|[from] item: Leftovers
|turn|10
|
|switch|p2a: Hawlucha|Hawlucha, F|92/100
|-ability|p2a: Hawlucha|Mold Breaker
|move|p1a: Great Tusk|Rapid Spin|p2a: Hawlucha
|-damage|p2a: Hawlucha|79/100
|-boost|p1a: Great Tusk|spe|1
|-damage|p1a: Great Tusk|84/100|[from] item: Rocky Helmet|[of] p2a: Hawlucha
|-sideend|p1: p1|Stealth Rock|[from] move: Rapid Spin|[of] p1a: Great Tusk
|
|-weather|none
|-heal|p1a: Great Tusk|90/100|[from] item: Leftovers
|turn|11
|
|move|p1a: Great Tusk|Knock Off|p2a: Hawlucha
|-resisted|p2a: Hawlucha
|-damage|p2a: Hawlucha|65/100
|-damage|p1a: Great Tusk|74/100|[from] item: Rocky Helmet|[of] p2a: Hawlucha
|-enditem|p2a: Hawlucha|Rocky Helmet|[from] move: Knock Off|[of] p1a: Great Tusk
|move|p2a: Hawlucha|Roost|p2a: Hawlucha
|-heal|p2a: Hawlucha|100/100
|-singleturn|p2a: Hawlucha|move: Roost
|
|-heal|p1a: Great Tusk|80/100|[from] item: Leftovers
|turn|12
|
|-end|p1a: Great Tusk|Protosynthesis|[silent]
|switch|p1a: Zapdos|Zapdos|75/100
|move|p2a: Hawlucha|U-turn|p1a: Zapdos
|-resisted|p1a: Zapdos
|-damage|p1a: Zapdos|71/100
|
|switch|p2a: Hatterene|Hatterene, F|50/100|[from] U-turn
|
|-heal|p2a: Hatterene|56/100|[from] item: Leftovers
|turn|13
|
|switch|p2a: Hippowdon|Hippowdon, F|100/100
|-weather|Sandstorm|[from] ability: Sand Stream|[of] p2a: Hippowdon
|move|p1a: Zapdos|Volt Switch|p2a: Hippowdon
|-immune|p2a: Hippowdon
|
|-weather|Sandstorm|[upkeep]
|-damage|p1a: Zapdos|64/100|[from] Sandstorm
|turn|14
|
|switch|p1a: Great Tusk|Great Tusk|80/100
|move|p2a: Hippowdon|Stealth Rock|p1a: Great Tusk
|-sidestart|p1: p1|move: Stealth Rock
|
|-weather|Sandstorm|[upkeep]
|-heal|p1a: Great Tusk|86/100|[from] item: Leftovers
|turn|15
|
|switch|p2a: Hawlucha|Hawlucha, F|100/100
|-ability|p2a: Hawlucha|Mold Breaker
|move|p1a: Great Tusk|Rapid Spin|p2a: Hawlucha
|-damage|p2a: Hawlucha|87/100
|-boost|p1a: Great Tusk|spe|1
|-sideend|p1: p1|Stealth Rock|[from] move: Rapid Spin|[of] p1a: Great Tusk
|
|-weather|Sandstorm|[upkeep]
|-damage|p2a: Hawlucha|81/100|[from] Sandstorm
|-heal|p1a: Great Tusk|92/100|[from] item: Leftovers
|turn|16
|
|-end|p1a: Great Tusk|Protosynthesis|[silent]
|switch|p1a: Zapdos|Zapdos|64/100
|switch|p2a: Hatterene|Hatterene, F|56/100
|
|-weather|Sandstorm|[upkeep]
|-damage|p1a: Zapdos|58/100|[from] Sandstorm
|-damage|p2a: Hatterene|50/100|[from] Sandstorm
|-heal|p2a: Hatterene|56/100|[from] item: Leftovers
|turn|17
|
|switch|p2a: Hippowdon|Hippowdon, F|100/100
|move|p1a: Zapdos|Roost|p1a: Zapdos
|-heal|p1a: Zapdos|100/100
|-singleturn|p1a: Zapdos|move: Roost
|
|-weather|none
|turn|18
|
|move|p1a: Zapdos|Hurricane|p2a: Hippowdon
|-damage|p2a: Hippowdon|66/100
|move|p2a: Hippowdon|Stealth Rock|p1a: Zapdos
|-sidestart|p1: p1|move: Stealth Rock
|
|-heal|p2a: Hippowdon|72/100|[from] item: Leftovers
|turn|19
|
|move|p1a: Zapdos|Hurricane|p2a: Hippowdon
|-damage|p2a: Hippowdon|42/100
|move|p2a: Hippowdon|Earthquake|p1a: Zapdos
|-immune|p1a: Zapdos
|
|-heal|p2a: Hippowdon|48/100|[from] item: Leftovers
|turn|20
|
|move|p1a: Zapdos|Hurricane|p2a: Hippowdon
|-damage|p2a: Hippowdon|17/100
|-start|p2a: Hippowdon|confusion
|-activate|p2a: Hippowdon|confusion
|-damage|p2a: Hippowdon|10/100|[from] confusion
|
|-heal|p2a: Hippowdon|17/100|[from] item: Leftovers
|turn|21
|
|switch|p2a: Toxapex|Toxapex, F|100/100
|move|p1a: Zapdos|Hurricane|p2a: Toxapex|[miss]
|-miss|p1a: Zapdos|p2a: Toxapex
|
|turn|22
|
|switch|p2a: Hippowdon|Hippowdon, F|17/100
|-weather|Sandstorm|[from] ability: Sand Stream|[of] p2a: Hippowdon
|move|p1a: Zapdos|Volt Switch|p2a: Hippowdon
|-immune|p2a: Hippowdon
|
|-weather|Sandstorm|[upkeep]
|-damage|p1a: Zapdos|94/100|[from] Sandstorm
|-heal|p2a: Hippowdon|23/100|[from] item: Leftovers
|turn|23
|
|switch|p2a: Toxapex|Toxapex, F|100/100
|move|p1a: Zapdos|Hurricane|p2a: Toxapex
|-damage|p2a: Toxapex|71/100
|-start|p2a: Toxapex|confusion
|
|-weather|Sandstorm|[upkeep]
|-damage|p1a: Zapdos|88/100|[from] Sandstorm
|-damage|p2a: Toxapex|64/100|[from] Sandstorm
|-heal|p2a: Toxapex|71/100|[from] item: Leftovers
|turn|24
|
|move|p1a: Zapdos|Volt Switch|p2a: Toxapex
|-supereffective|p2a: Toxapex
|-damage|p2a: Toxapex|34/100
|
|switch|p1a: Slowking|Slowking-Galar, M|48/100|[from] Volt Switch
|-damage|p1a: Slowking|35/100|[from] Stealth Rock
|-activate|p2a: Toxapex|confusion
|-damage|p2a: Toxapex|31/100|[from] confusion
|
|-weather|Sandstorm|[upkeep]
|-damage|p2a: Toxapex|25/100|[from] Sandstorm
|-damage|p1a: Slowking|29/100|[from] Sandstorm
|-heal|p2a: Toxapex|31/100|[from] item: Leftovers
|-heal|p1a: Slowking|35/100|[from] item: Leftovers
|turn|25
|
|switch|p2a: Ditto|Ditto|100/100
|-transform|p2a: Ditto|p1a: Slowking|[from] ability: Imposter
|move|p1a: Slowking|Chilly Reception|p1a: Slowking
|-weather|Snow
|
|switch|p1a: Urshifu|Urshifu-Rapid-Strike, F|78/100|[from] Chilly Reception
|-damage|p1a: Urshifu|72/100|[from] Stealth Rock
|
|-weather|Snow|[upkeep]
|turn|26
|
|switch|p2a: Toxapex|Toxapex, F|64/100
|move|p1a: Urshifu|Surging Strikes|p2a: Toxapex
|-resisted|p2a: Toxapex
|-crit|p2a: Toxapex
|-damage|p2a: Toxapex|52/100
|-resisted|p2a: Toxapex
|-crit|p2a: Toxapex
|-damage|p2a: Toxapex|41/100
|-resisted|p2a: Toxapex
|-crit|p2a: Toxapex
|-damage|p2a: Toxapex|30/100
|-hitcount|p2a: Toxapex|3
|
|-weather|Snow|[upkeep]
|-heal|p2a: Toxapex|37/100|[from] item: Leftovers
|turn|27
|
|-terastallize|p1a: Urshifu|Water
|move|p1a: Urshifu|Surging Strikes|p2a: Toxapex
|-resisted|p2a: Toxapex
|-crit|p2a: Toxapex
|-damage|p2a: Toxapex|21/100
|-resisted|p2a: Toxapex
|-crit|p2a: Toxapex
|-damage|p2a: Toxapex|6/100
|-resisted|p2a: Toxapex
|-crit|p2a: Toxapex
|-damage|p2a: Toxapex|0 fnt
|faint|p2a: Toxapex
|-hitcount|p2: Toxapex|3
|
|-weather|Snow|[upkeep]
|
|switch|p2a: Ditto|Ditto|100/100
|-transform|p2a: Ditto|p1a: Urshifu|[from] ability: Imposter
|-start|p2a: Ditto|typechange|Fighting/Water|[silent]
|turn|28
|
|switch|p1a: Zapdos|Zapdos|88/100
|move|p2a: Ditto|U-turn|p1a: Zapdos
|-resisted|p1a: Zapdos
|-damage|p1a: Zapdos|79/100
|
|switch|p2a: Hippowdon|Hippowdon, F|23/100|[from] U-turn
|-weather|Sandstorm|[from] ability: Sand Stream|[of] p2a: Hippowdon
|
|-weather|Sandstorm|[upkeep]
|-damage|p1a: Zapdos|73/100|[from] Sandstorm
|-heal|p2a: Hippowdon|29/100|[from] item: Leftovers
|turn|29
|
|move|p1a: Zapdos|Hurricane|p2a: Hippowdon
|-damage|p2a: Hippowdon|0 fnt
|faint|p2a: Hippowdon
|
|-weather|Sandstorm|[upkeep]
|-damage|p1a: Zapdos|66/100|[from] Sandstorm
|-message|p2 forfeited.
|
|win|p1
