|poke|p1|Iron Hands|
|poke|p1|Enamorus, F|
|poke|p1|Skeledirge, F|
|poke|p1|Great Tusk|
|poke|p1|Samurott-Hisui, F|
|poke|p1|Landorus-Therian, M|
|poke|p2|Arboliva, M|
|poke|p2|Heatran, F|
|poke|p2|Gallade, M|
|poke|p2|Dragapult, M|
|poke|p2|Landorus-Therian, M|
|poke|p2|Corviknight, F|
|teampreview
|
|start
|switch|p1a: Samurott|Samurott-Hisui, F|100/100
|switch|p2a: Dragapult|Dragapult, M|100/100
|turn|1
|
|switch|p2a: Arboliva|Arboliva, M|100/100
|move|p1a: Samurott|Ceaseless Edge|p2a: Arboliva
|-damage|p2a: Arboliva|55/100
|-sidestart|p2: The Gallade Man|Spikes
|-fieldstart|move: Grassy Terrain|[from] ability: Seed Sower|[of] p2a: Arboliva
|
|-heal|p2a: Arboliva|61/100|[from] Grassy Terrain
|turn|2
|
|move|p1a: Samurott|Sacred Sword|p2a: Arboliva
|-supereffective|p2a: Arboliva
|-damage|p2a: Arboliva|0 fnt
|faint|p2a: Arboliva
|
|
|switch|p2a: Gallade|Gallade, M|100/100
|-damage|p2a: Gallade|88/100|[from] Spikes
|turn|3
|
|switch|p1a: Landorus|Landorus-Therian, M|100/100
|-ability|p1a: Landorus|Intimidate|boost
|-unboost|p2a: Gallade|atk|1
|move|p2a: Gallade|Sacred Sword|p1a: Landorus
|-resisted|p1a: Landorus
|-damage|p1a: Landorus|81/100
|-damage|p2a: Gallade|72/100|[from] item: Rocky Helmet|[of] p1a: Landorus
|
|-heal|p2a: Gallade|78/100|[from] Grassy Terrain
|turn|4
|
|move|p2a: Gallade|Swords Dance|p2a: Gallade
|-boost|p2a: Gallade|atk|2
|move|p1a: Landorus|Stealth Rock|p2a: Gallade
|-sidestart|p2: The Gallade Man|move: Stealth Rock
|
|-heal|p2a: Gallade|84/100|[from] Grassy Terrain
|turn|5
|
|switch|p1a: Skeledirge|Skeledirge, F|100/100
|move|p2a: Gallade|Psycho Cut|p1a: Skeledirge
|-damage|p1a: Skeledirge|51/100
|
|-heal|p2a: Gallade|90/100|[from] Grassy Terrain
|-heal|p1a: Skeledirge|57/100|[from] Grassy Terrain
|-fieldend|move: Grassy Terrain
|turn|6
|
|switch|p2a: Heatran|Heatran, F|100/100
|-damage|p2a: Heatran|88/100|[from] Spikes
|-damage|p2a: Heatran|76/100|[from] Stealth Rock
|move|p1a: Skeledirge|Shadow Ball|p2a: Heatran
|-damage|p2a: Heatran|57/100
|
|-heal|p2a: Heatran|63/100|[from] item: Leftovers
|turn|7
|
|switch|p1a: Samurott|Samurott-Hisui, F|100/100
|move|p2a: Heatran|Magma Storm|p1a: Samurott|[miss]
|-miss|p2a: Heatran|p1a: Samurott
|
|-heal|p2a: Heatran|69/100|[from] item: Leftovers
|turn|8
|
|move|p2a: Heatran|Protect|p2a: Heatran
|-singleturn|p2a: Heatran|Protect
|move|p1a: Samurott|Ceaseless Edge|p2a: Heatran
|-activate|p2a: Heatran|move: Protect
|
|-heal|p2a: Heatran|75/100|[from] item: Leftovers
|turn|9
|
|switch|p2a: Corviknight|Corviknight, F|100/100
|-damage|p2a: Corviknight|88/100|[from] Stealth Rock
|-ability|p2a: Corviknight|Pressure
|move|p1a: Samurott|Ceaseless Edge|p2a: Corviknight
|-damage|p2a: Corviknight|63/100
|-sidestart|p2: The Gallade Man|Spikes
|
|-heal|p2a: Corviknight|69/100|[from] item: Leftovers
|turn|10
|
|switch|p1a: Iron Hands|Iron Hands|100/100
|move|p2a: Corviknight|Defog|p1a: Iron Hands
|-unboost|p1a: Iron Hands|evasion|1
|-sideend|p2: The Gallade Man|Spikes|[from] move: Defog|[of] p2a: Corviknight
|-sideend|p2: The Gallade Man|Stealth Rock|[from] move: Defog|[of] p2a: Corviknight
|
|-heal|p2a: Corviknight|75/100|[from] item: Leftovers
|turn|11
|
|switch|p2a: Landorus|Landorus-Therian, M|100/100
|-ability|p2a: Landorus|Intimidate|boost
|-unboost|p1a: Iron Hands|atk|1
|move|p1a: Iron Hands|Swords Dance|p1a: Iron Hands
|-boost|p1a: Iron Hands|atk|2
|
|turn|12
|
|move|p2a: Landorus|Taunt|p1a: Iron Hands
|-start|p1a: Iron Hands|move: Taunt
|move|p1a: Iron Hands|Ice Punch|p2a: Landorus
|-supereffective|p2a: Landorus
|-damage|p2a: Landorus|0 fnt
|faint|p2a: Landorus
|
|
|switch|p2a: Gallade|Gallade, M|90/100
|turn|13
|
|-terastallize|p1a: Iron Hands|Electric
|move|p2a: Gallade|Psycho Cut|p1a: Iron Hands
|-damage|p1a: Iron Hands|55/100
|move|p1a: Iron Hands|Thunder Punch|p2a: Gallade
|-damage|p2a: Gallade|0 fnt
|faint|p2a: Gallade
|
|
|switch|p2a: Dragapult|Dragapult, M|100/100
|turn|14
|
|move|p2a: Dragapult|Shadow Ball|p1a: Iron Hands
|-damage|p1a: Iron Hands|0 fnt
|faint|p1a: Iron Hands
|-end|p1a: Iron Hands|Quark Drive|[silent]
|
|
|switch|p1a: Samurott|Samurott-Hisui, F|100/100
|turn|15
|
|switch|p2a: Heatran|Heatran, F|75/100
|move|p1a: Samurott|Knock Off|p2a: Heatran
|-damage|p2a: Heatran|38/100
|-enditem|p2a: Heatran|Leftovers|[from] move: Knock Off|[of] p1a: Samurott
|
|turn|16
|
|switch|p2a: Corviknight|Corviknight, F|75/100
|-ability|p2a: Corviknight|Pressure
|move|p1a: Samurott|Razor Shell|p2a: Corviknight|[miss]
|-miss|p1a: Samurott|p2a: Corviknight
|
|-heal|p2a: Corviknight|81/100|[from] item: Leftovers
|turn|17
|
|move|p1a: Samurott|Knock Off|p2a: Corviknight
|-damage|p2a: Corviknight|55/100
|-enditem|p2a: Corviknight|Leftovers|[from] move: Knock Off|[of] p1a: Samurott
|move|p2a: Corviknight|U-turn|p1a: Samurott
|-supereffective|p1a: Samurott
|-damage|p1a: Samurott|65/100
|
|switch|p2a: Dragapult|Dragapult, M|100/100|[from] U-turn
|
|turn|18
|
|switch|p1a: Landorus|Landorus-Therian, M|81/100
|-ability|p1a: Landorus|Intimidate|boost
|-unboost|p2a: Dragapult|atk|1
|move|p2a: Dragapult|Shadow Ball|p1a: Landorus
|-crit|p1a: Landorus
|-damage|p1a: Landorus|0 fnt
|faint|p1a: Landorus
|
|
|switch|p1a: Enamorus|Enamorus, F|100/100
|turn|19
|
|-terastallize|p2a: Dragapult|Ghost
|move|p2a: Dragapult|Shadow Ball|p1a: Enamorus
|-damage|p1a: Enamorus|4/100
|move|p1a: Enamorus|Moonblast|p2a: Dragapult
|-damage|p2a: Dragapult|29/100
|
|turn|20
|
|move|p2a: Dragapult|Shadow Ball|p1a: Enamorus
|-damage|p1a: Enamorus|0 fnt
|faint|p1a: Enamorus
|
|
|switch|p1a: Samurott|Samurott-Hisui, F|65/100
|turn|21
|
|switch|p2a: Corviknight|Corviknight, F|55/100
|-ability|p2a: Corviknight|Pressure
|move|p1a: Samurott|Knock Off|p2a: Corviknight
|-damage|p2a: Corviknight|36/100
|
|turn|22
|
|move|p1a: Samurott|Razor Shell|p2a: Corviknight
|-damage|p2a: Corviknight|4/100
|move|p2a: Corviknight|Roost|p2a: Corviknight
|-heal|p2a: Corviknight|54/100
|-singleturn|p2a: Corviknight|move: Roost
|
|turn|23
|
|switch|p1a: Skeledirge|Skeledirge, F|57/100
|move|p2a: Corviknight|Roost|p2a: Corviknight
|-heal|p2a: Corviknight|100/100
|-singleturn|p2a: Corviknight|move: Roost
|
|turn|24
|
|switch|p2a: Heatran|Heatran, F|38/100
|move|p1a: Skeledirge|Slack Off|p1a: Skeledirge
|-heal|p1a: Skeledirge|100/100
|
|turn|25
|
|move|p2a: Heatran|Earth Power|p1a: Skeledirge
|-supereffective|p1a: Skeledirge
|-damage|p1a: Skeledirge|60/100
|move|p1a: Skeledirge|Shadow Ball|p2a: Heatran
|-damage|p2a: Heatran|18/100
|
|turn|26
|
|move|p2a: Heatran|Taunt|p1a: Skeledirge
|-start|p1a: Skeledirge|move: Taunt
|move|p1a: Skeledirge|Shadow Ball|p2a: Heatran
|-damage|p2a: Heatran|0 fnt
|faint|p2a: Heatran
|
|
|switch|p2a: Dragapult|Dragapult, M, tera:Ghost|29/100
|turn|27
|
|move|p2a: Dragapult|Shadow Ball|p1a: Skeledirge
|-supereffective|p1a: Skeledirge
|-damage|p1a: Skeledirge|0 fnt
|faint|p1a: Skeledirge
|
|
|switch|p1a: Samurott|Samurott-Hisui, F|65/100
|turn|28
|
|switch|p2a: Corviknight|Corviknight, F|100/100
|-ability|p2a: Corviknight|Pressure
|move|p1a: Samurott|Ceaseless Edge|p2a: Corviknight
|-damage|p2a: Corviknight|75/100
|-sidestart|p2: The Gallade Man|Spikes
|
|turn|29
|
|switch|p1a: Great Tusk|Great Tusk|100/100
|move|p2a: Corviknight|Brave Bird|p1a: Great Tusk
|-supereffective|p1a: Great Tusk
|-damage|p1a: Great Tusk|67/100
|-damage|p2a: Corviknight|63/100|[from] Recoil
|
|-heal|p1a: Great Tusk|74/100|[from] item: Leftovers
|turn|30
|
|move|p1a: Great Tusk|Bulk Up|p1a: Great Tusk
|-boost|p1a: Great Tusk|atk|1
|-boost|p1a: Great Tusk|def|1
|move|p2a: Corviknight|Brave Bird|p1a: Great Tusk
|-supereffective|p1a: Great Tusk
|-damage|p1a: Great Tusk|49/100
|-damage|p2a: Corviknight|54/100|[from] Recoil
|
|-heal|p1a: Great Tusk|55/100|[from] item: Leftovers
|turn|31
|
|switch|p2a: Dragapult|Dragapult, M, tera:Ghost|29/100
|-damage|p2a: Dragapult|16/100|[from] Spikes
|move|p1a: Great Tusk|Rapid Spin|p2a: Dragapult
|-immune|p2a: Dragapult
|
|-heal|p1a: Great Tusk|61/100|[from] item: Leftovers
|turn|32
|
|move|p2a: Dragapult|Shadow Ball|p1a: Great Tusk
|-damage|p1a: Great Tusk|0 fnt
|faint|p1a: Great Tusk
|-end|p1a: Great Tusk|Protosynthesis|[silent]
|
|
|switch|p1a: Samurott|Samurott-Hisui, F|65/100
|turn|33
|
|move|p2a: Dragapult|Shadow Ball|p1a: Samurott
|-resisted|p1a: Samurott
|-damage|p1a: Samurott|31/100
|move|p1a: Samurott|Knock Off|p2a: Dragapult
|-supereffective|p2a: Dragapult
|-damage|p2a: Dragapult|0 fnt
|-enditem|p2a: Dragapult|Choice Specs|[from] move: Knock Off|[of] p1a: Samurott
|faint|p2a: Dragapult
|
|
|switch|p2a: Corviknight|Corviknight, F|54/100
|-ability|p2a: Corviknight|Pressure
|turn|34
|
|move|p1a: Samurott|Razor Shell|p2a: Corviknight
|-damage|p2a: Corviknight|24/100
|move|p2a: Corviknight|Roost|p2a: Corviknight
|-heal|p2a: Corviknight|74/100
|-singleturn|p2a: Corviknight|move: Roost
|
|turn|35
|
|move|p1a: Samurott|Razor Shell|p2a: Corviknight
|-damage|p2a: Corviknight|46/100
|-unboost|p2a: Corviknight|def|1
|move|p2a: Corviknight|Brave Bird|p1a: Samurott
|-damage|p1a: Samurott|0 fnt
|faint|p1a: Samurott
|-damage|p2a: Corviknight|37/100|[from] Recoil
|
|win|The Gallade Man
