# advantage = p1
|poke|p1|Arcanine-Hisui, M|
|poke|p1|Braviary-Hisui, M|
|poke|p1|Sneasler, F|
|poke|p1|Enamorus, F|
|poke|p1|Zoroark-Hisui, F|
|poke|p1|Samurott-Hisui, M|
|poke|p2|Baxcalibur, M|
|poke|p2|Slowking, F|
|poke|p2|Iron Valiant|
|poke|p2|Amoonguss, M|
|poke|p2|Corviknight, F|
|poke|p2|Great Tusk|
|teampreview
|
|start
|switch|p1a: The Dog|Arcanine-Hisui, M|100/100
|switch|p2a: SlodogChillionaire|Slowking, F|100/100
|turn|1
|
|move|p1a: The Dog|Wild Charge|p2a: SlodogChillionaire
|-supereffective|p2a: SlodogChillionaire
|-damage|p2a: SlodogChillionaire|35/100
|move|p2a: SlodogChillionaire|Thunder Wave|p1a: The Dog
|-status|p1a: The Dog|par
|
|turn|2
|
|switch|p1a: The Sword|Samurott-Hisui, M|100/100
|switch|p2a: Copper Combat|Iron Valiant|100/100
|
|turn|3
|
|switch|p1a: The ...Person?|Enamorus, F|100/100
|move|p2a: Copper Combat|Moonblast|p1a: The ...Person?
|-damage|p1a: The ...Person?|63/100
|
|turn|4
|
|-end|p2a: Copper Combat|Quark Drive|[silent]
|switch|p2a: SheCorvOnMyKnight|Corviknight, F|100/100
|-terastallize|p1a: The ...Person?|Steel
|move|p1a: The ...Person?|Mystical Fire|p2a: SheCorvOnMyKnight
|-supereffective|p2a: SheCorvOnMyKnight
|-damage|p2a: SheCorvOnMyKnight|69/100
|-ability|p2a: SheCorvOnMyKnight|Mirror Armor
|-boost|p1a: The ...Person?|spa|1
|
|-heal|p2a: SheCorvOnMyKnight|76/100|[from] item: Leftovers
|turn|5
|
|move|p1a: The ...Person?|Mystical Fire|p2a: SheCorvOnMyKnight
|-supereffective|p2a: SheCorvOnMyKnight
|-damage|p2a: SheCorvOnMyKnight|27/100
|-ability|p2a: SheCorvOnMyKnight|Mirror Armor
|-boost|p1a: The ...Person?|spa|1
|move|p2a: SheCorvOnMyKnight|U-turn|p1a: The ...Person?
|-resisted|p1a: The ...Person?
|-crit|p1a: The ...Person?
|-damage|p1a: The ...Person?|46/100
|
|switch|p2a: SlodogChillionaire|Slowking, F|68/100|[from] U-turn
|
|turn|6
|
|move|p1a: The ...Person?|Iron Head|p2a: SlodogChillionaire
|-resisted|p2a: SlodogChillionaire
|-damage|p2a: SlodogChillionaire|48/100
|cant|p2a: SlodogChillionaire|flinch
|
|turn|7
|
|move|p1a: The ...Person?|Moonblast|p2a: SlodogChillionaire
|-damage|p2a: SlodogChillionaire|0 fnt
|faint|p2a: SlodogChillionaire
|
|
|switch|p2a: Copper Combat|Iron Valiant|100/100
|turn|8
|
|switch|p1a: The Bird|Braviary-Hisui, M|100/100
|move|p2a: Copper Combat|Close Combat|p1a: The Bird
|-resisted|p1a: The Bird
|-damage|p1a: The Bird|70/100
|-unboost|p2a: Copper Combat|def|1
|-unboost|p2a: Copper Combat|spd|1
|
|turn|9
|
|-end|p2a: Copper Combat|Quark Drive|[silent]
|switch|p2a: Baxillion Pegasus|Baxcalibur, M|100/100
|move|p1a: The Bird|Calm Mind|p1a: The Bird
|-boost|p1a: The Bird|spa|1
|-boost|p1a: The Bird|spd|1
|
|turn|10
|
|switch|p1a: The Sword|Samurott-Hisui, M|100/100
|move|p2a: Baxillion Pegasus|Dragon Dance|p2a: Baxillion Pegasus
|-boost|p2a: Baxillion Pegasus|atk|1
|-boost|p2a: Baxillion Pegasus|spe|1
|
|turn|11
|
|move|p2a: Baxillion Pegasus|Earthquake|p1a: The Sword
|-damage|p1a: The Sword|39/100
|move|p1a: The Sword|Ceaseless Edge|p2a: Baxillion Pegasus
|-damage|p2a: Baxillion Pegasus|47/100
|-sidestart|p2: p2|Spikes
|-damage|p1a: The Sword|29/100|[from] item: Life Orb
|
|-heal|p2a: Baxillion Pegasus|54/100|[from] item: Leftovers
|turn|12
|
|switch|p1a: The ...Person?|Enamorus, F, tera:Steel|46/100
|move|p2a: Baxillion Pegasus|Icicle Spear|p1a: The ...Person?
|-resisted|p1a: The ...Person?
|-damage|p1a: The ...Person?|32/100
|-resisted|p1a: The ...Person?
|-damage|p1a: The ...Person?|19/100
|-hitcount|p1a: The ...Person?|2
|
|-heal|p2a: Baxillion Pegasus|60/100|[from] item: Leftovers
|turn|13
|
|move|p2a: Baxillion Pegasus|Icicle Spear|p1a: The ...Person?
|-resisted|p1a: The ...Person?
|-damage|p1a: The ...Person?|4/100
|-resisted|p1a: The ...Person?
|-damage|p1a: The ...Person?|0 fnt
|faint|p1a: The ...Person?
|-hitcount|p1: The ...Person?|2
|
|-heal|p2a: Baxillion Pegasus|66/100|[from] item: Leftovers
|
|switch|p1a: The Bird|Braviary-Hisui, M|100/100
|turn|14
|
|move|p2a: Baxillion Pegasus|Icicle Spear|p1a: The Bird
|-damage|p1a: The Bird|63/100
|replace|p1a: The Surprise|Zoroark-Hisui, F
|-end|p1a: The Surprise|Illusion
|-damage|p1a: The Surprise|28/100
|-damage|p1a: The Surprise|0 fnt
|faint|p1a: The Surprise
|-hitcount|p1: The Surprise|3
|
|-heal|p2a: Baxillion Pegasus|72/100|[from] item: Leftovers
|
|switch|p1a: The Claw|Sneasler, F|100/100
|turn|15
|
|move|p2a: Baxillion Pegasus|Earthquake|p1a: The Claw
|-supereffective|p1a: The Claw
|-damage|p1a: The Claw|0 fnt
|faint|p1a: The Claw
|
|-heal|p2a: Baxillion Pegasus|79/100|[from] item: Leftovers
|
|switch|p1a: The Sword|Samurott-Hisui, M|29/100
|turn|16
|
|move|p2a: Baxillion Pegasus|Earthquake|p1a: The Sword
|-damage|p1a: The Sword|0 fnt
|faint|p1a: The Sword
|
|-heal|p2a: Baxillion Pegasus|85/100|[from] item: Leftovers
|
|switch|p1a: The Dog|Arcanine-Hisui, M|100/100 par
|turn|17
|
|move|p2a: Baxillion Pegasus|Earthquake|p1a: The Dog
|-supereffective|p1a: The Dog
|-damage|p1a: The Dog|0 fnt
|faint|p1a: The Dog
|
|-heal|p2a: Baxillion Pegasus|91/100|[from] item: Leftovers
|
|switch|p1a: The Bird|Braviary-Hisui, M|70/100
|turn|18
|
|move|p2a: Baxillion Pegasus|Icicle Spear|p1a: The Bird
|-supereffective|p1a: The Bird
|-damage|p1a: The Bird|21/100
|-supereffective|p1a: The Bird
|-damage|p1a: The Bird|0 fnt
|faint|p1a: The Bird
|-hitcount|p1: The Bird|2
|
|win|p2
