# advantage = p1
|poke|p1|Magearna|
|poke|p1|Slowking, M|
|poke|p1|Great Tusk|
|poke|p1|Skeledirge, F|
|poke|p1|Dragonite, M|
|poke|p1|Zamazenta-*|
|poke|p2|Enamorus, F|
|poke|p2|Chien-Pao|
|poke|p2|Corviknight, F|
|poke|p2|Toxapex, F|
|poke|p2|Heatran, F|
|poke|p2|Garchomp, M|
|teampreview
|
|start
|switch|p1a: le funni|Great Tusk|100/100
|switch|p2a: Heatran|Heatran, F|100/100
|turn|1
|
|switch|p2a: Corviknight|Corviknight, F|100/100
|-ability|p2a: Corviknight|Pressure
|move|p1a: le funni|Rapid Spin|p2a: Corviknight
|-resisted|p2a: Corviknight
|-damage|p2a: Corviknight|96/100
|-boost|p1a: le funni|spe|1
|-damage|p1a: le funni|84/100|[from] item: Rocky Helmet|[of] p2a: Corviknight
|
|turn|2
|
|move|p1a: le funni|Knock Off|p2a: Corviknight
|-damage|p2a: Corviknight|78/100
|-damage|p1a: le funni|68/100|[from] item: Rocky Helmet|[of] p2a: Corviknight
|-enditem|p2a: Corviknight|Rocky Helmet|[from] move: Knock Off|[of] p1a: le funni
|move|p2a: Corviknight|Brave Bird|p1a: le funni
|-supereffective|p1a: le funni
|-damage|p1a: le funni|32/100
|-damage|p2a: Corviknight|62/100|[from] item: Rocky Helmet|[of] p1a: le funni
|-damage|p2a: Corviknight|49/100|[from] Recoil
|
|turn|3
|
|move|p1a: le funni|Stealth Rock|p2a: Corviknight
|-sidestart|p2: p2|move: Stealth Rock
|move|p2a: Corviknight|U-turn|p1a: le funni
|-resisted|p1a: le funni
|-damage|p1a: le funni|29/100
|-damage|p2a: Corviknight|33/100|[from] item: Rocky Helmet|[of] p1a: le funni
|
|switch|p2a: Garchomp|Garchomp, M|100/100|[from] U-turn
|-damage|p2a: Garchomp|94/100|[from] Stealth Rock
|
|turn|4
|
|-end|p1a: le funni|Protosynthesis|[silent]
|switch|p1a: Zamazenta|Zamazenta|100/100
|-ability|p1a: Zamazenta|Dauntless Shield|boost
|-boost|p1a: Zamazenta|def|1
|move|p2a: Garchomp|Earthquake|p1a: Zamazenta
|-damage|p1a: Zamazenta|73/100
|
|turn|5
|
|-terastallize|p1a: Zamazenta|Ice
|move|p1a: Zamazenta|Tera Blast|p2a: Garchomp
|-supereffective|p2a: Garchomp
|-damage|p2a: Garchomp|0 fnt
|faint|p2a: Garchomp
|
|
|switch|p2a: Chien-Pao|Chien-Pao|100/100
|-ability|p2a: Chien-Pao|Sword of Ruin
|turn|6
|
|switch|p1a: le funni|Great Tusk|29/100
|move|p2a: Chien-Pao|Sacred Sword|p1a: le funni
|-crit|p1a: le funni
|-damage|p1a: le funni|0 fnt
|-damage|p2a: Chien-Pao|84/100|[from] item: Rocky Helmet|[of] p1a: le funni
|faint|p1a: le funni
|-end|p1a: le funni|Protosynthesis|[silent]
|
|
|switch|p1a: Zamazenta|Zamazenta, tera:Ice|73/100
|turn|7
|
|move|p1a: Zamazenta|Play Rough|p2a: Chien-Pao
|-supereffective|p2a: Chien-Pao
|-damage|p2a: Chien-Pao|0 fnt
|faint|p2a: Chien-Pao
|
|
|switch|p2a: Heatran|Heatran, F|100/100
|-damage|p2a: Heatran|88/100|[from] Stealth Rock
|turn|8
|
|switch|p1a: no longer evil|Slowking, M|100/100
|move|p2a: Heatran|Stealth Rock|p1a: no longer evil
|-sidestart|p1: p1|move: Stealth Rock
|
|-heal|p2a: Heatran|94/100|[from] item: Leftovers
|turn|9
|
|move|p2a: Heatran|Will-O-Wisp|p1a: no longer evil
|-status|p1a: no longer evil|brn
|move|p1a: no longer evil|Future Sight|p2a: Heatran
|-start|p1a: no longer evil|move: Future Sight
|
|-heal|p2a: Heatran|100/100|[from] item: Leftovers
|-damage|p1a: no longer evil|94/100 brn|[from] brn
|turn|10
|
|move|p2a: Heatran|Earth Power|p1a: no longer evil
|-damage|p1a: no longer evil|78/100 brn
|move|p1a: no longer evil|Surf|p2a: Heatran
|-supereffective|p2a: Heatran
|-damage|p2a: Heatran|65/100
|
|-heal|p2a: Heatran|71/100|[from] item: Leftovers
|-heal|p1a: no longer evil|84/100 brn|[from] item: Leftovers
|-damage|p1a: no longer evil|78/100 brn|[from] brn
|turn|11
|
|move|p2a: Heatran|Magma Storm|p1a: no longer evil
|-resisted|p1a: no longer evil
|-damage|p1a: no longer evil|65/100 brn
|-activate|p1a: no longer evil|move: Magma Storm|[of] p2a: Heatran
|move|p1a: no longer evil|Surf|p2a: Heatran
|-supereffective|p2a: Heatran
|-damage|p2a: Heatran|31/100
|
|-end|p2a: Heatran|move: Future Sight
|-resisted|p2a: Heatran
|-damage|p2a: Heatran|19/100
|-heal|p2a: Heatran|25/100|[from] item: Leftovers
|-heal|p1a: no longer evil|71/100 brn|[from] item: Leftovers
|-damage|p1a: no longer evil|65/100 brn|[from] brn
|-damage|p1a: no longer evil|52/100 brn|[from] move: Magma Storm|[partiallytrapped]
|turn|12
|
|move|p2a: Heatran|Earth Power|p1a: no longer evil
|-damage|p1a: no longer evil|36/100 brn
|-unboost|p1a: no longer evil|spd|1
|move|p1a: no longer evil|Chilly Reception|p1a: no longer evil
|-weather|Snow
|
|switch|p1a: finch hater|Dragonite, M|100/100|[from] Chilly Reception
|-damage|p1a: finch hater|76/100|[from] Stealth Rock
|
|-weather|Snow|[upkeep]
|-heal|p2a: Heatran|31/100|[from] item: Leftovers
|turn|13
|
|move|p1a: finch hater|Earthquake|p2a: Heatran
|-supereffective|p2a: Heatran
|-damage|p2a: Heatran|0 fnt
|faint|p2a: Heatran
|
|-weather|Snow|[upkeep]
|
|switch|p2a: Enamorus|Enamorus, F|100/100
|-damage|p2a: Enamorus|76/100|[from] Stealth Rock
|turn|14
|-message|p2 forfeited.
|
|win|p1
