|poke|p1|Garchomp, M|
|poke|p1|Kingambit, M|
|poke|p1|Corviknight, M|
|poke|p1|Urshifu-*, M|
|poke|p1|Skeledirge, M|
|poke|p1|Zamazenta-*|
|poke|p2|Kleavor, F|
|poke|p2|Pelipper, F|
|poke|p2|Basculegion, M|
|poke|p2|Iron Treads|
|poke|p2|Rabsca, F|
|poke|p2|Dragonite, F|
|teampreview
|
|start
|switch|p1a: Zamazenta|Zamazenta|100/100
|switch|p2a: Pelipper|Pelipper, F|100/100
|-ability|p1a: Zamazenta|Dauntless Shield|boost
|-boost|p1a: Zamazenta|def|1
|-weather|RainDance|[from] ability: Drizzle|[of] p2a: Pelipper
|turn|1
|
|switch|p1a: Corviknight|Corviknight, M, shiny|100/100
|-ability|p1a: Corviknight|Pressure
|move|p2a: Pelipper|Hurricane|p1a: Corviknight
|-resisted|p1a: Corviknight
|-damage|p1a: Corviknight|83/100
|-start|p1a: Corviknight|confusion
|
|-weather|RainDance|[upkeep]
|turn|2
|
|-activate|p1a: Corviknight|confusion
|-damage|p1a: Corviknight|78/100|[from] confusion
|move|p2a: Pelipper|Hydro Pump|p1a: Corviknight
|-damage|p1a: Corviknight|24/100
|
|-weather|RainDance|[upkeep]
|turn|3
|
|-activate|p1a: Corviknight|confusion
|move|p1a: Corviknight|Roost|p1a: Corviknight
|-heal|p1a: Corviknight|74/100
|-singleturn|p1a: Corviknight|move: Roost
|move|p2a: Pelipper|Hydro Pump|p1a: Corviknight
|-damage|p1a: Corviknight|20/100
|
|-weather|RainDance|[upkeep]
|turn|4
|
|switch|p1a: Garchomp|Garchomp, M, shiny|100/100
|move|p2a: Pelipper|U-turn|p1a: Garchomp
|-damage|p1a: Garchomp|92/100
|-damage|p2a: Pelipper|88/100|[from] ability: Rough Skin|[of] p1a: Garchomp
|-damage|p2a: Pelipper|72/100|[from] item: Rocky Helmet|[of] p1a: Garchomp
|
|switch|p2a: Basculegion|Basculegion, M|100/100|[from] U-turn
|
|-weather|RainDance|[upkeep]
|turn|5
|
|move|p2a: Basculegion|Wave Crash|p1a: Garchomp
|-damage|p1a: Garchomp|0 fnt
|-damage|p2a: Basculegion|88/100|[from] ability: Rough Skin|[of] p1a: Garchomp
|-damage|p2a: Basculegion|72/100|[from] item: Rocky Helmet|[of] p1a: Garchomp
|faint|p1a: Garchomp
|-damage|p2a: Basculegion|43/100|[from] Recoil
|
|-weather|RainDance|[upkeep]
|
|switch|p1a: Kingambit|Kingambit, M|100/100
|-activate|p1a: Kingambit|ability: Supreme Overlord
|-start|p1a: Kingambit|fallen1|[silent]
|turn|6
|
|switch|p2a: Dragonite|Dragonite, F|100/100
|move|p1a: Kingambit|Sucker Punch||[still]
|-fail|p1a: Kingambit
|
|-weather|RainDance|[upkeep]
|turn|7
|
|-terastallize|p1a: Kingambit|Flying
|move|p2a: Dragonite|Hydro Pump|p1a: Kingambit
|-damage|p1a: Kingambit|53/100
|move|p1a: Kingambit|Swords Dance|p1a: Kingambit
|-boost|p1a: Kingambit|atk|2
|
|-weather|RainDance|[upkeep]
|-heal|p1a: Kingambit|59/100|[from] item: Leftovers
|turn|8
|
|move|p2a: Dragonite|Thunder|p1a: Kingambit
|-supereffective|p1a: Kingambit
|-damage|p1a: Kingambit|0 fnt
|faint|p1a: Kingambit
|-end|p1a: Kingambit|fallen1|[silent]
|
|-weather|none
|
|switch|p1a: Skeledirge|Skeledirge, M|100/100
|turn|9
|-message|p1 forfeited.
|
|win|p2
