|poke|p1|Rotom-Wash|
|poke|p1|Chien-Pao|
|poke|p1|Heatran, M|
|poke|p1|Sneasler, F|
|poke|p1|Scizor, F|
|poke|p1|Cinderace, M|
|poke|p2|Flamigo, F|
|poke|p2|Chien-Pao|
|poke|p2|Ceruledge, F|
|poke|p2|Iron Treads|
|poke|p2|Zapdos|
|poke|p2|Iron Valiant|
|teampreview
|
|start
|switch|p1a: Scizor|Scizor, F|100/100
|switch|p2a: Refed Eour|Iron Treads|100/100
|turn|1
|
|move|p2a: Refed Eour|Stealth Rock|p1a: Scizor
|-sidestart|p1: lime4de|move: Stealth Rock
|move|p1a: Scizor|U-turn|p2a: Refed Eour
|-resisted|p2a: Refed Eour
|-damage|p2a: Refed Eour|89/100
|
|switch|p1a: Cinderace|Cinderace, M|100/100|[from] U-turn
|
|-heal|p2a: Refed Eour|95/100|[from] item: Leftovers
|turn|2
|
|move|p1a: Cinderace|Will-O-Wisp|p2a: Refed Eour
|-status|p2a: Refed Eour|brn
|move|p2a: Refed Eour|Rapid Spin|p1a: Cinderace
|-damage|p1a: Cinderace|93/100
|-boost|p2a: Refed Eour|spe|1
|
|-heal|p2a: Refed Eour|100/100 brn|[from] item: Leftovers
|-damage|p2a: Refed Eour|94/100 brn|[from] brn
|turn|3
|
|move|p2a: Refed Eour|Earthquake|p1a: Cinderace
|-supereffective|p1a: Cinderace
|-damage|p1a: Cinderace|47/100
|move|p1a: Cinderace|Pyro Ball|p2a: Refed Eour
|-supereffective|p2a: Refed Eour
|-damage|p2a: Refed Eour|27/100 brn
|
|-heal|p2a: Refed Eour|33/100 brn|[from] item: Leftovers
|-damage|p2a: Refed Eour|27/100 brn|[from] brn
|turn|4
|
|switch|p1a: Rotom|Rotom-Wash|100/100
|-damage|p1a: Rotom|88/100|[from] Stealth Rock
|move|p2a: Refed Eour|Earthquake|p1a: Rotom
|-immune|p1a: Rotom|[from] ability: Levitate
|
|-heal|p2a: Refed Eour|33/100 brn|[from] item: Leftovers
|-heal|p1a: Rotom|94/100|[from] item: Leftovers
|-damage|p2a: Refed Eour|27/100 brn|[from] brn
|turn|5
|
|-end|p2a: Refed Eour|Quark Drive|[silent]
|switch|p2a: Thorélec|Zapdos|100/100
|move|p1a: Rotom|Hydro Pump|p2a: Thorélec
|-damage|p2a: Thorélec|62/100
|
|-heal|p1a: Rotom|100/100|[from] item: Leftovers
|turn|6
|
|move|p1a: Rotom|Protect|p1a: Rotom
|-singleturn|p1a: Rotom|Protect
|move|p2a: Thorélec|Discharge|p1a: Rotom
|-activate|p1a: Rotom|move: Protect
|
|turn|7
|
|move|p2a: Thorélec|Hurricane|p1a: Rotom
|-resisted|p1a: Rotom
|-damage|p1a: Rotom|77/100
|move|p1a: Rotom|Volt Switch|p2a: Thorélec
|-damage|p2a: Thorélec|39/100
|
|switch|p1a: Cinderace|Cinderace, M|47/100|[from] Volt Switch
|
|turn|8
|
|move|p1a: Cinderace|Pyro Ball|p2a: Thorélec
|-damage|p2a: Thorélec|0 fnt
|faint|p2a: Thorélec
|
|
|switch|p2a: Roulenflam|Flamigo, F|100/100
|turn|9
|
|move|p2a: Roulenflam|Brave Bird|p1a: Cinderace
|-damage|p1a: Cinderace|0 fnt
|faint|p1a: Cinderace
|-damage|p2a: Roulenflam|82/100|[from] Recoil
|
|
|switch|p1a: Heatran|Heatran, M|100/100
|-damage|p1a: Heatran|88/100|[from] Stealth Rock
|-item|p1a: Heatran|Air Balloon
|turn|10
|
|switch|p2a: Refed Eour|Iron Treads|27/100 brn
|move|p1a: Heatran|Magma Storm|p2a: Refed Eour|[miss]
|-miss|p1a: Heatran|p2a: Refed Eour
|
|-heal|p2a: Refed Eour|33/100 brn|[from] item: Leftovers
|-damage|p2a: Refed Eour|27/100 brn|[from] brn
|turn|11
|
|move|p2a: Refed Eour|Iron Head|p1a: Heatran
|-resisted|p1a: Heatran
|-damage|p1a: Heatran|85/100
|-enditem|p1a: Heatran|Air Balloon
|move|p1a: Heatran|Magma Storm|p2a: Refed Eour|[miss]
|-miss|p1a: Heatran|p2a: Refed Eour
|
|-heal|p2a: Refed Eour|33/100 brn|[from] item: Leftovers
|-damage|p2a: Refed Eour|27/100 brn|[from] brn
|turn|12
|
|switch|p1a: Rotom|Rotom-Wash|77/100
|-damage|p1a: Rotom|64/100|[from] Stealth Rock
|move|p2a: Refed Eour|Earthquake|p1a: Rotom
|-immune|p1a: Rotom|[from] ability: Levitate
|
|-heal|p2a: Refed Eour|33/100 brn|[from] item: Leftovers
|-heal|p1a: Rotom|71/100|[from] item: Leftovers
|-damage|p2a: Refed Eour|27/100 brn|[from] brn
|turn|13
|
|move|p2a: Refed Eour|Earthquake|p1a: Rotom
|-immune|p1a: Rotom|[from] ability: Levitate
|move|p1a: Rotom|Hydro Pump|p2a: Refed Eour
|-supereffective|p2a: Refed Eour
|-damage|p2a: Refed Eour|0 fnt
|faint|p2a: Refed Eour
|-end|p2a: Refed Eour|Quark Drive|[silent]
|
|-heal|p1a: Rotom|77/100|[from] item: Leftovers
|
|switch|p2a: Refed Edrag|Iron Valiant|100/100
|-enditem|p2a: Refed Edrag|Booster Energy
|-activate|p2a: Refed Edrag|ability: Quark Drive|[fromitem]
|-start|p2a: Refed Edrag|quarkdrivespe
|turn|14
|
|move|p2a: Refed Edrag|Calm Mind|p2a: Refed Edrag
|-boost|p2a: Refed Edrag|spa|1
|-boost|p2a: Refed Edrag|spd|1
|move|p1a: Rotom|Will-O-Wisp|p2a: Refed Edrag
|-status|p2a: Refed Edrag|brn
|
|-heal|p1a: Rotom|83/100|[from] item: Leftovers
|-damage|p2a: Refed Edrag|94/100 brn|[from] brn
|turn|15
|
|move|p2a: Refed Edrag|Calm Mind|p2a: Refed Edrag
|-boost|p2a: Refed Edrag|spa|1
|-boost|p2a: Refed Edrag|spd|1
|move|p1a: Rotom|Volt Switch|p2a: Refed Edrag
|-crit|p2a: Refed Edrag
|-damage|p2a: Refed Edrag|32/100 brn
|
|switch|p1a: Scizor|Scizor, F|100/100|[from] Volt Switch
|-damage|p1a: Scizor|88/100|[from] Stealth Rock
|
|-heal|p1a: Scizor|94/100|[from] item: Leftovers
|-damage|p2a: Refed Edrag|26/100 brn|[from] brn
|turn|16
|
|move|p1a: Scizor|Bullet Punch|p2a: Refed Edrag
|-supereffective|p2a: Refed Edrag
|-damage|p2a: Refed Edrag|0 fnt
|faint|p2a: Refed Edrag
|-end|p2a: Refed Edrag|Quark Drive|[silent]
|
|-heal|p1a: Scizor|99/100|[from] item: Leftovers
|
|switch|p2a: Lamevamal|Ceruledge, F|100/100
|turn|17
|
|switch|p1a: Rotom|Rotom-Wash|83/100
|-damage|p1a: Rotom|71/100|[from] Stealth Rock
|move|p2a: Lamevamal|Swords Dance|p2a: Lamevamal
|-boost|p2a: Lamevamal|atk|2
|
|-heal|p1a: Rotom|77/100|[from] item: Leftovers
|turn|18
|
|-terastallize|p2a: Lamevamal|Fire
|move|p2a: Lamevamal|Bitter Blade|p1a: Rotom
|-resisted|p1a: Rotom
|-damage|p1a: Rotom|10/100
|move|p1a: Rotom|Hydro Pump|p2a: Lamevamal
|-supereffective|p2a: Lamevamal
|-damage|p2a: Lamevamal|3/100
|
|-heal|p1a: Rotom|17/100|[from] item: Leftovers
|turn|19
|
|move|p2a: Lamevamal|Shadow Sneak|p1a: Rotom
|-damage|p1a: Rotom|0 fnt
|faint|p1a: Rotom
|
|
|switch|p1a: Chien-Pao|Chien-Pao|100/100
|-damage|p1a: Chien-Pao|76/100|[from] Stealth Rock
|-ability|p1a: Chien-Pao|Sword of Ruin
|turn|20
|
|move|p1a: Chien-Pao|Ice Shard|p2a: Lamevamal
|-resisted|p2a: Lamevamal
|-damage|p2a: Lamevamal|0 fnt
|faint|p2a: Lamevamal
|
|
|switch|p2a: Obanija|Chien-Pao|100/100
|-ability|p2a: Obanija|Sword of Ruin
|turn|21
|
|switch|p1a: Scizor|Scizor, F|99/100
|-damage|p1a: Scizor|88/100|[from] Stealth Rock
|move|p2a: Obanija|Sacred Sword|p1a: Scizor
|-damage|p1a: Scizor|59/100
|
|-heal|p1a: Scizor|65/100|[from] item: Leftovers
|turn|22
|
|switch|p2a: Roulenflam|Flamigo, F|82/100
|move|p1a: Scizor|U-turn|p2a: Roulenflam
|-resisted|p2a: Roulenflam
|-damage|p2a: Roulenflam|72/100
|
|switch|p1a: Chien-Pao|Chien-Pao|76/100|[from] U-turn
|-damage|p1a: Chien-Pao|51/100|[from] Stealth Rock
|-ability|p1a: Chien-Pao|Sword of Ruin
|
|turn|23
|
|-terastallize|p1a: Chien-Pao|Ice
|move|p1a: Chien-Pao|Ice Shard|p2a: Roulenflam
|-supereffective|p2a: Roulenflam
|-damage|p2a: Roulenflam|0 fnt
|faint|p2a: Roulenflam
|
|
|switch|p2a: Obanija|Chien-Pao|100/100
|-ability|p2a: Obanija|Sword of Ruin
|turn|24
|
|move|p1a: Chien-Pao|Ice Shard|p2a: Obanija
|-resisted|p2a: Obanija
|-damage|p2a: Obanija|73/100
|move|p2a: Obanija|Sacred Sword|p1a: Chien-Pao
|-supereffective|p1a: Chien-Pao
|-damage|p1a: Chien-Pao|0 fnt
|faint|p1a: Chien-Pao
|
|
|switch|p1a: Scizor|Scizor, F|65/100
|-damage|p1a: Scizor|53/100|[from] Stealth Rock
|turn|25
|
|move|p1a: Scizor|Bullet Punch|p2a: Obanija
|-supereffective|p2a: Obanija
|-damage|p2a: Obanija|1/100
|move|p2a: Obanija|Sacred Sword|p1a: Scizor
|-damage|p1a: Scizor|23/100
|
|-heal|p1a: Scizor|29/100|[from] item: Leftovers
|turn|26
|
|move|p2a: Obanija|Ice Shard|p1a: Scizor
|-resisted|p1a: Scizor
|-damage|p1a: Scizor|19/100
|move|p1a: Scizor|Bullet Punch|p2a: Obanija
|-supereffective|p2a: Obanija
|-damage|p2a: Obanija|0 fnt
|faint|p2a: Obanija
|
|win|lime4de
