|poke|p1|Ursaluna, M|
|poke|p1|Cresselia, F|
|poke|p1|Landorus-Therian, M|
|poke|p1|Kleavor, M|
|poke|p1|Glastrier|
|poke|p1|Urshifu-*, M|
|poke|p2|Glastrier|
|poke|p2|Magearna|
|poke|p2|Cresselia, F|
|poke|p2|Ursaluna, F|
|poke|p2|Kingambit, F|
|poke|p2|Slowking-Galar, F|
|teampreview
|
|start
|switch|p1a: Kleavor|Kleavor, M|100/100
|switch|p2a: Slowking|Slowking-Galar, F|100/100
|turn|1
|
|move|p1a: Kleavor|Stone Axe|p2a: Slowking
|-damage|p2a: Slowking|63/100
|-sidestart|p2: Nemissa_Lily|move: Stealth Rock
|move|p2a: Slowking|Trick Room|p2a: Slowking
|-fieldstart|move: Trick Room|[of] p2a: Slowking
|
|turn|2
|
|move|p2a: Slowking|Flamethrower|p1a: Kleavor
|-damage|p1a: Kleavor|65/100
|move|p1a: Kleavor|Night Slash|p2a: Slowking
|-supereffective|p2a: Slowking
|-damage|p2a: Slowking|6/100
|
|-heal|p1a: Kleavor|71/100|[from] item: Leftovers
|turn|3
|
|move|p2a: Slowking|Flamethrower|p1a: Kleavor
|-damage|p1a: Kleavor|34/100
|move|p1a: Kleavor|Night Slash|p2a: Slowking
|-supereffective|p2a: Slowking
|-damage|p2a: Slowking|0 fnt
|faint|p2a: Slowking
|
|-heal|p1a: Kleavor|40/100|[from] item: Leftovers
|
|switch|p2a: Glastrier|Glastrier|100/100
|turn|4
|
|move|p2a: Glastrier|Stomping Tantrum|p1a: Kleavor
|-damage|p1a: Kleavor|3/100
|move|p1a: Kleavor|Close Combat|p2a: Glastrier
|-supereffective|p2a: Glastrier
|-crit|p2a: Glastrier
|-damage|p2a: Glastrier|9/100
|-unboost|p1a: Kleavor|def|1
|-unboost|p1a: Kleavor|spd|1
|
|-heal|p1a: Kleavor|9/100|[from] item: Leftovers
|turn|5
|
|move|p2a: Glastrier|Stomping Tantrum|p1a: Kleavor
|-damage|p1a: Kleavor|0 fnt
|faint|p1a: Kleavor
|-ability|p2a: Glastrier|Chilling Neigh|boost
|-boost|p2a: Glastrier|atk|1
|
|-fieldend|move: Trick Room
|
|switch|p1a: Urshifu|Urshifu-Rapid-Strike, M|100/100
|turn|6
|
|switch|p2a: Kingambit|Kingambit, F|100/100
|-damage|p2a: Kingambit|94/100|[from] Stealth Rock
|-activate|p2a: Kingambit|ability: Supreme Overlord
|-start|p2a: Kingambit|fallen1|[silent]
|move|p1a: Urshifu|Surging Strikes|p2a: Kingambit
|-crit|p2a: Kingambit
|-damage|p2a: Kingambit|73/100
|-crit|p2a: Kingambit
|-damage|p2a: Kingambit|51/100
|-crit|p2a: Kingambit
|-damage|p2a: Kingambit|29/100
|-hitcount|p2a: Kingambit|3
|
|-heal|p2a: Kingambit|35/100|[from] item: Leftovers
|turn|7
|
|move|p2a: Kingambit|Sucker Punch|p1a: Urshifu
|-resisted|p1a: Urshifu
|-damage|p1a: Urshifu|78/100
|move|p1a: Urshifu|Surging Strikes|p2a: Kingambit
|-crit|p2a: Kingambit
|-damage|p2a: Kingambit|13/100
|-crit|p2a: Kingambit
|-damage|p2a: Kingambit|0 fnt
|faint|p2a: Kingambit
|-end|p2a: Kingambit|fallen1|[silent]
|-hitcount|p2: Kingambit|2
|
|
|switch|p2a: Cresselia|Cresselia, F|100/100
|-damage|p2a: Cresselia|88/100|[from] Stealth Rock
|turn|8
|
|move|p1a: Urshifu|Surging Strikes|p2a: Cresselia
|-crit|p2a: Cresselia
|-damage|p2a: Cresselia|71/100
|-crit|p2a: Cresselia
|-damage|p2a: Cresselia|54/100
|-crit|p2a: Cresselia
|-damage|p2a: Cresselia|37/100
|-hitcount|p2a: Cresselia|3
|move|p2a: Cresselia|Trick Room|p2a: Cresselia
|-fieldstart|move: Trick Room|[of] p2a: Cresselia
|
|turn|9
|
|move|p2a: Cresselia|Lunar Dance|p2a: Cresselia
|faint|p2a: Cresselia
|move|p1a: Urshifu|Surging Strikes|p2: Cresselia|[notarget]
|-fail|p1a: Urshifu
|
|
|switch|p2a: Glastrier|Glastrier|9/100
|-heal|p2a: Glastrier|100/100|[from] move: Lunar Dance
|turn|10
|
|switch|p1a: Glastrier|Glastrier|100/100
|-terastallize|p2a: Glastrier|Electric
|move|p2a: Glastrier|Tera Blast|p1a: Glastrier
|-damage|p1a: Glastrier|66/100
|
|turn|11
|
|move|p2a: Glastrier|Swords Dance|p2a: Glastrier
|-boost|p2a: Glastrier|atk|2
|move|p1a: Glastrier|Avalanche|p2a: Glastrier
|-damage|p2a: Glastrier|76/100
|
|turn|12
|
|move|p2a: Glastrier|Tera Blast|p1a: Glastrier
|-damage|p1a: Glastrier|0 fnt
|faint|p1a: Glastrier
|-ability|p2a: Glastrier|Chilling Neigh|boost
|-boost|p2a: Glastrier|atk|1
|
|-fieldend|move: Trick Room
|
|switch|p1a: Urshifu|Urshifu-Rapid-Strike, M|78/100
|turn|13
|
|move|p1a: Urshifu|Close Combat|p2a: Glastrier
|-damage|p2a: Glastrier|9/100
|-unboost|p1a: Urshifu|def|1
|-unboost|p1a: Urshifu|spd|1
|move|p2a: Glastrier|Tera Blast|p1a: Urshifu
|-supereffective|p1a: Urshifu
|-damage|p1a: Urshifu|0 fnt
|faint|p1a: Urshifu
|-ability|p2a: Glastrier|Chilling Neigh|boost
|-boost|p2a: Glastrier|atk|1
|
|
|switch|p1a: Cresselia|Cresselia, F|100/100
|turn|14
|
|move|p1a: Cresselia|Moonblast|p2a: Glastrier
|-damage|p2a: Glastrier|0 fnt
|faint|p2a: Glastrier
|
|
|switch|p2a: Magearna|Magearna|100/100
|-damage|p2a: Magearna|94/100|[from] Stealth Rock
|turn|15
|
|move|p1a: Cresselia|Shadow Ball|p2a: Magearna
|-damage|p2a: Magearna|76/100
|move|p2a: Magearna|Trick Room|p2a: Magearna
|-fieldstart|move: Trick Room|[of] p2a: Magearna
|
|turn|16
|
|switch|p1a: Ursaluna|Ursaluna, M|100/100
|move|p2a: Magearna|Fleur Cannon|p1a: Ursaluna
|-damage|p1a: Ursaluna|36/100
|-unboost|p2a: Magearna|spa|2
|-enditem|p2a: Magearna|Eject Pack
|
|switch|p2a: Ursaluna|Ursaluna, F|100/100
|-damage|p2a: Ursaluna|94/100|[from] Stealth Rock
|
|-status|p2a: Ursaluna|brn|[from] item: Flame Orb
|-status|p1a: Ursaluna|brn|[from] item: Flame Orb
|turn|17
|
|move|p2a: Ursaluna|Facade|p1a: Ursaluna
|-damage|p1a: Ursaluna|0 fnt
|faint|p1a: Ursaluna
|
|-damage|p2a: Ursaluna|88/100 brn|[from] brn
|
|switch|p1a: Cresselia|Cresselia, F|100/100
|turn|18
|
|move|p2a: Ursaluna|Swords Dance|p2a: Ursaluna
|-boost|p2a: Ursaluna|atk|2
|move|p1a: Cresselia|Moonblast|p2a: Ursaluna
|-damage|p2a: Ursaluna|66/100 brn
|-unboost|p2a: Ursaluna|spa|1
|
|-damage|p2a: Ursaluna|60/100 brn|[from] brn
|turn|19
|
|move|p2a: Ursaluna|Facade|p1a: Cresselia
|-damage|p1a: Cresselia|0 fnt
|faint|p1a: Cresselia
|
|-damage|p2a: Ursaluna|53/100 brn|[from] brn
|-fieldend|move: Trick Room
|
|switch|p1a: Landorus|Landorus-Therian, M|100/100
|-ability|p1a: Landorus|Intimidate|boost
|-unboost|p2a: Ursaluna|atk|1
|turn|20
|
|move|p1a: Landorus|Earthquake|p2a: Ursaluna
|-damage|p2a: Ursaluna|5/100 brn
|-damage|p1a: Landorus|91/100|[from] item: Life Orb
|move|p2a: Ursaluna|Facade|p1a: Landorus
|-damage|p1a: Landorus|0 fnt
|faint|p1a: Landorus
|
|win|Nemissa_Lily
