|poke|p1|Sneasler, F|
|poke|p1|Magearna|
|poke|p1|Dragapult, F|
|poke|p1|Zamazenta-*|
|poke|p1|Volcarona, M|
|poke|p1|Ursaluna, M|
|poke|p2|Gholdengo|
|poke|p2|Great Tusk|
|poke|p2|Decidueye-Hisui, M|
|poke|p2|Clodsire, M|
|poke|p2|Urshifu-*, M|
|poke|p2|Kingambit, F|
|teampreview
|
|start
|switch|p1a: Ursaluna|Ursaluna, M|100/100
|switch|p2a: Clodsire|Clodsire, M|100/100
|turn|1
|
|switch|p2a: Decidueye|Decidueye-Hisui, M|100/100
|move|p1a: Ursaluna|Swords Dance|p1a: Ursaluna
|-boost|p1a: Ursaluna|atk|2
|
|-status|p1a: Ursaluna|brn|[from] item: Flame Orb
|turn|2
|
|switch|p1a: Dragapult|Dragapult, F|100/100
|move|p2a: Decidueye|Triple Arrows|p1a: Dragapult
|-damage|p1a: Dragapult|49/100
|-unboost|p1a: Dragapult|def|1
|-start|p2a: Decidueye|Disable|Triple Arrows|[from] ability: Cursed Body|[of] p1a: Dragapult
|
|turn|3
|
|switch|p2a: Kingambit|Kingambit, F|100/100
|move|p1a: Dragapult|Reflect|p1a: Dragapult
|-sidestart|p1: ianlazerbeem|Reflect
|
|turn|4
|
|move|p1a: Dragapult|Light Screen|p1a: Dragapult
|-sidestart|p1: ianlazerbeem|move: Light Screen
|move|p2a: Kingambit|Kowtow Cleave|p1a: Dragapult
|-supereffective|p1a: Dragapult
|-damage|p1a: Dragapult|0 fnt
|-start|p2a: Kingambit|Disable|Kowtow Cleave|[from] ability: Cursed Body|[of] p1a: Dragapult
|faint|p1a: Dragapult
|
|
|switch|p1a: Magearna|Magearna|100/100
|turn|5
|
|move|p1a: Magearna|Stored Power|p2a: Kingambit
|-immune|p2a: Kingambit
|move|p2a: Kingambit|Thunder Wave|p1a: Magearna
|-status|p1a: Magearna|par
|
|turn|6
|
|-end|p2a: Kingambit|fallenundefined|[silent]
|switch|p2a: Gholdengo|Gholdengo|100/100
|move|p1a: Magearna|Shift Gear|p1a: Magearna
|-boost|p1a: Magearna|spe|2
|-boost|p1a: Magearna|atk|1
|
|turn|7
|
|switch|p1a: Volcarona|Volcarona, M|100/100
|move|p2a: Gholdengo|Trick|p1a: Volcarona
|-activate|p2a: Gholdengo|move: Trick|[of] p1a: Volcarona
|-item|p1a: Volcarona|Choice Scarf|[from] move: Trick
|-item|p2a: Gholdengo|Heavy-Duty Boots|[from] move: Trick
|
|turn|8
|
|move|p1a: Volcarona|Quiver Dance|p1a: Volcarona
|-boost|p1a: Volcarona|spa|1
|-boost|p1a: Volcarona|spd|1
|-boost|p1a: Volcarona|spe|1
|move|p2a: Gholdengo|Shadow Ball|p1a: Volcarona
|-damage|p1a: Volcarona|86/100
|
|turn|9
|
|switch|p1a: Sneasler|Sneasler, F|100/100
|-item|p1a: Sneasler|Air Balloon
|switch|p2a: Urshifu|Urshifu-Rapid-Strike, M|100/100
|
|turn|10
|
|move|p1a: Sneasler|Swords Dance|p1a: Sneasler
|-boost|p1a: Sneasler|atk|2
|move|p2a: Urshifu|Surging Strikes|p1a: Sneasler
|-crit|p1a: Sneasler
|-damage|p1a: Sneasler|66/100
|-enditem|p1a: Sneasler|Air Balloon
|-crit|p1a: Sneasler
|-damage|p1a: Sneasler|28/100
|-crit|p1a: Sneasler
|-damage|p1a: Sneasler|0 fnt
|faint|p1a: Sneasler
|-hitcount|p1: Sneasler|3
|
|-sideend|p1: ianlazerbeem|Reflect
|
|switch|p1a: Zamazenta|Zamazenta|100/100
|-ability|p1a: Zamazenta|Dauntless Shield|boost
|-boost|p1a: Zamazenta|def|1
|turn|11
|
|-terastallize|p2a: Urshifu|Water
|move|p1a: Zamazenta|Iron Defense|p1a: Zamazenta
|-boost|p1a: Zamazenta|def|2
|move|p2a: Urshifu|Surging Strikes|p1a: Zamazenta
|-crit|p1a: Zamazenta
|-damage|p1a: Zamazenta|79/100
|-crit|p1a: Zamazenta
|-damage|p1a: Zamazenta|58/100
|-crit|p1a: Zamazenta
|-damage|p1a: Zamazenta|35/100
|-hitcount|p1a: Zamazenta|3
|
|-heal|p1a: Zamazenta|41/100|[from] item: Leftovers
|-sideend|p1: ianlazerbeem|move: Light Screen
|turn|12
|
|move|p1a: Zamazenta|Substitute|p1a: Zamazenta
|-start|p1a: Zamazenta|Substitute
|-damage|p1a: Zamazenta|16/100
|move|p2a: Urshifu|Surging Strikes|p1a: Zamazenta
|-crit|p1a: Zamazenta
|-activate|p1a: Zamazenta|move: Substitute|[damage]
|-crit|p1a: Zamazenta
|-end|p1a: Zamazenta|Substitute
|-crit|p1a: Zamazenta
|-damage|p1a: Zamazenta|0 fnt
|faint|p1a: Zamazenta
|-hitcount|p1: Zamazenta|3
|
|-message|ianlazerbeem forfeited.
|
|win|afrikkineeveetiktk
