|poke|p1|Meowscarada, M|
|poke|p1|Salamence, F|
|poke|p1|Volcarona, F|
|poke|p1|Toxapex, M|
|poke|p1|Diancie|
|poke|p1|Tinkaton, F|
|poke|p2|Garganacl, F|
|poke|p2|Breloom, M|
|poke|p2|Samurott-Hisui, M|
|poke|p2|Goodra-Hisui, M|
|poke|p2|Arcanine-Hisui, M|
|poke|p2|Glimmora, M|
|teampreview
|
|start
|switch|p1a: TinKaZonb|Tinkaton, F|100/100
|switch|p2a: Zigzig billyplouf|Glimmora, M|100/100
|turn|1
|
|move|p1a: TinKaZonb|Stealth Rock|p2a: Zigzig billyplouf
|-sidestart|p2: p2|move: Stealth Rock
|move|p2a: Zigzig billyplouf|Stealth Rock|p1a: TinKaZonb
|-sidestart|p1: p1|move: Stealth Rock
|
|turn|2
|
|move|p1a: TinKaZonb|Encore|p2a: Zigzig billyplouf
|-start|p2a: Zigzig billyplouf|Encore
|move|p2a: Zigzig billyplouf|Stealth Rock||[still]
|-fail|p2a: Zigzig billyplouf
|
|turn|3
|
|switch|p2a: Pas de ralentir|Arcanine-Hisui, M|100/100
|-damage|p2a: Pas de ralentir|76/100|[from] Stealth Rock
|move|p1a: TinKaZonb|Thunder Wave|p2a: Pas de ralentir
|-status|p2a: Pas de ralentir|par
|
|turn|4
|
|move|p1a: TinKaZonb|Gigaton Hammer|p2a: Pas de ralentir
|-damage|p2a: Pas de ralentir|23/100 par
|move|p2a: Pas de ralentir|Agility|p2a: Pas de ralentir
|-boost|p2a: Pas de ralentir|spe|2
|
|turn|5
|
|move|p1a: TinKaZonb|Encore|p2a: Pas de ralentir
|-start|p2a: Pas de ralentir|Encore
|move|p2a: Pas de ralentir|Agility|p2a: Pas de ralentir
|-boost|p2a: Pas de ralentir|spe|2
|
|turn|6
|
|switch|p2a: La coum jar|Goodra-Hisui, M|100/100
|-damage|p2a: La coum jar|94/100|[from] Stealth Rock
|move|p1a: TinKaZonb|Gigaton Hammer|p2a: La coum jar
|-resisted|p2a: La coum jar
|-damage|p2a: La coum jar|74/100
|
|-heal|p2a: La coum jar|80/100|[from] item: Leftovers
|turn|7
|
|switch|p1a: Dangzizigi|Diancie|100/100
|-damage|p1a: Dangzizigi|88/100|[from] Stealth Rock
|move|p2a: La coum jar|Heavy Slam|p1a: Dangzizigi
|-supereffective|p1a: Dangzizigi
|-damage|p1a: Dangzizigi|0 fnt
|-damage|p2a: La coum jar|63/100|[from] item: Rocky Helmet|[of] p1a: Dangzizigi
|faint|p1a: Dangzizigi
|
|-heal|p2a: La coum jar|69/100|[from] item: Leftovers
|
|switch|p1a: BonzangWifi|Volcarona, F|100/100
|turn|8
|
|move|p1a: BonzangWifi|Calm Mind|p1a: BonzangWifi
|-boost|p1a: BonzangWifi|spa|1
|-boost|p1a: BonzangWifi|spd|1
|move|p2a: La coum jar|Draco Meteor|p1a: BonzangWifi
|-damage|p1a: BonzangWifi|56/100
|-unboost|p2a: La coum jar|spa|2
|
|-heal|p2a: La coum jar|75/100|[from] item: Leftovers
|turn|9
|
|move|p1a: BonzangWifi|Calm Mind|p1a: BonzangWifi
|-boost|p1a: BonzangWifi|spa|1
|-boost|p1a: BonzangWifi|spd|1
|move|p2a: La coum jar|Hydro Pump|p1a: BonzangWifi
|-supereffective|p1a: BonzangWifi
|-damage|p1a: BonzangWifi|37/100
|
|-heal|p2a: La coum jar|81/100|[from] item: Leftovers
|turn|10
|
|move|p1a: BonzangWifi|Fiery Dance|p2a: La coum jar
|-damage|p2a: La coum jar|22/100
|move|p2a: La coum jar|Heavy Slam|p1a: BonzangWifi
|-resisted|p1a: BonzangWifi
|-damage|p1a: BonzangWifi|5/100
|
|-heal|p2a: La coum jar|29/100|[from] item: Leftovers
|turn|11
|
|move|p1a: BonzangWifi|Fiery Dance|p2a: La coum jar
|-damage|p2a: La coum jar|0 fnt
|-boost|p1a: BonzangWifi|spa|1
|faint|p2a: La coum jar
|
|
|switch|p2a: Sardoche|Garganacl, F|100/100
|-damage|p2a: Sardoche|88/100|[from] Stealth Rock
|turn|12
|
|-terastallize|p1a: BonzangWifi|Grass
|move|p1a: BonzangWifi|Giga Drain|p2a: Sardoche
|-supereffective|p2a: Sardoche
|-damage|p2a: Sardoche|0 fnt
|-heal|p1a: BonzangWifi|62/100|[from] drain|[of] p2a: Sardoche
|faint|p2a: Sardoche
|
|
|switch|p2a: Zigzig billyplouf|Glimmora, M|100/100
|-damage|p2a: Zigzig billyplouf|88/100|[from] Stealth Rock
|turn|13
|
|move|p1a: BonzangWifi|Giga Drain|p2a: Zigzig billyplouf
|-damage|p2a: Zigzig billyplouf|0 fnt
|-heal|p1a: BonzangWifi|100/100|[from] drain|[of] p2a: Zigzig billyplouf
|faint|p2a: Zigzig billyplouf
|
|
|switch|p2a: Caca dans l'eau|Samurott-Hisui, M|100/100
|-damage|p2a: Caca dans l'eau|88/100|[from] Stealth Rock
|turn|14
|
|move|p1a: BonzangWifi|Bug Buzz|p2a: Caca dans l'eau
|-supereffective|p2a: Caca dans l'eau
|-damage|p2a: Caca dans l'eau|0 fnt
|faint|p2a: Caca dans l'eau
|
|-message|p2 forfeited.
|
|win|p1
