|poke|p1|Chien-Pao|
|poke|p1|Sneasler, M|
|poke|p1|Gholdengo|
|poke|p1|Landorus-Therian, M|
|poke|p1|Zamazenta-*|
|poke|p1|Garganacl, F|
|poke|p2|Samurott-Hisui, F|
|poke|p2|Magearna|
|poke|p2|Great Tusk|
|poke|p2|Zamazenta-*|
|poke|p2|Gholdengo|
|poke|p2|Cinderace, M|
|teampreview
|
|start
|switch|p1a: Chien-Pao|Chien-Pao|100/100
|switch|p2a: Magearna|Magearna|100/100
|-ability|p1a: Chien-Pao|Sword of Ruin
|turn|1
|
|move|p1a: Chien-Pao|Throat Chop|p2a: Magearna
|-resisted|p2a: Magearna
|-damage|p2a: Magearna|75/100
|-start|p2a: Magearna|Throat Chop|[silent]
|-damage|p1a: Chien-Pao|91/100|[from] item: Life Orb
|move|p2a: Magearna|Draining Kiss|p1a: Chien-Pao
|-supereffective|p1a: Chien-Pao
|-damage|p1a: Chien-Pao|9/100
|-heal|p2a: Magearna|100/100|[from] drain|[of] p1a: Chien-Pao
|
|turn|2
|
|switch|p1a: Garganacl|Garganacl, F|100/100
|move|p2a: Magearna|Draining Kiss|p1a: Garganacl
|-damage|p1a: Garganacl|79/100
|
|-heal|p1a: Garganacl|86/100|[from] item: Leftovers
|-end|p2a: Magearna|Throat Chop|[silent]
|turn|3
|
|-terastallize|p2a: Magearna|Fairy
|move|p2a: Magearna|Shift Gear|p2a: Magearna
|-boost|p2a: Magearna|spe|2
|-boost|p2a: Magearna|atk|1
|move|p1a: Garganacl|Salt Cure|p2a: Magearna
|-damage|p2a: Magearna|90/100
|-start|p2a: Magearna|Salt Cure
|
|-heal|p2a: Magearna|96/100|[from] item: Leftovers
|-heal|p1a: Garganacl|92/100|[from] item: Leftovers
|-damage|p2a: Magearna|83/100|[from] Salt Cure
|turn|4
|
|move|p2a: Magearna|Shift Gear|p2a: Magearna
|-boost|p2a: Magearna|spe|2
|-boost|p2a: Magearna|atk|1
|move|p1a: Garganacl|Body Press|p2a: Magearna
|-resisted|p2a: Magearna
|-damage|p2a: Magearna|72/100
|
|-heal|p2a: Magearna|78/100|[from] item: Leftovers
|-heal|p1a: Garganacl|98/100|[from] item: Leftovers
|-damage|p2a: Magearna|66/100|[from] Salt Cure
|turn|5
|
|move|p2a: Magearna|Calm Mind|p2a: Magearna
|-boost|p2a: Magearna|spa|1
|-boost|p2a: Magearna|spd|1
|move|p1a: Garganacl|Salt Cure|p2a: Magearna
|-damage|p2a: Magearna|57/100
|
|-heal|p2a: Magearna|63/100|[from] item: Leftovers
|-heal|p1a: Garganacl|100/100|[from] item: Leftovers
|-damage|p2a: Magearna|50/100|[from] Salt Cure
|turn|6
|
|move|p1a: Garganacl|Protect|p1a: Garganacl
|-singleturn|p1a: Garganacl|Protect
|move|p2a: Magearna|Draining Kiss|p1a: Garganacl
|-activate|p1a: Garganacl|move: Protect
|
|-heal|p2a: Magearna|57/100|[from] item: Leftovers
|-damage|p2a: Magearna|44/100|[from] Salt Cure
|turn|7
|
|move|p2a: Magearna|Draining Kiss|p1a: Garganacl
|-damage|p1a: Garganacl|52/100
|-heal|p2a: Magearna|85/100|[from] drain|[of] p1a: Garganacl
|move|p1a: Garganacl|Salt Cure|p2a: Magearna
|-damage|p2a: Magearna|75/100
|
|-heal|p2a: Magearna|81/100|[from] item: Leftovers
|-heal|p1a: Garganacl|58/100|[from] item: Leftovers
|-damage|p2a: Magearna|68/100|[from] Salt Cure
|turn|8
|
|move|p2a: Magearna|Calm Mind|p2a: Magearna
|-boost|p2a: Magearna|spa|1
|-boost|p2a: Magearna|spd|1
|move|p1a: Garganacl|Salt Cure|p2a: Magearna
|-damage|p2a: Magearna|57/100
|
|-heal|p2a: Magearna|63/100|[from] item: Leftovers
|-heal|p1a: Garganacl|64/100|[from] item: Leftovers
|-damage|p2a: Magearna|51/100|[from] Salt Cure
|turn|9
|
|move|p1a: Garganacl|Protect|p1a: Garganacl
|-singleturn|p1a: Garganacl|Protect
|move|p2a: Magearna|Shift Gear|p2a: Magearna
|-boost|p2a: Magearna|spe|2
|-boost|p2a: Magearna|atk|1
|
|-heal|p2a: Magearna|57/100|[from] item: Leftovers
|-heal|p1a: Garganacl|71/100|[from] item: Leftovers
|-damage|p2a: Magearna|45/100|[from] Salt Cure
|turn|10
|
|move|p2a: Magearna|Draining Kiss|p1a: Garganacl
|-damage|p1a: Garganacl|0 fnt
|-heal|p2a: Magearna|100/100|[from] drain|[of] p1a: Garganacl
|faint|p1a: Garganacl
|-ability|p2a: Magearna|Soul-Heart|boost
|-boost|p2a: Magearna|spa|1
|
|-damage|p2a: Magearna|88/100|[from] Salt Cure
|
|switch|p1a: Sneasler|Sneasler, M|100/100
|turn|11
|
|move|p2a: Magearna|Stored Power|p1a: Sneasler
|-supereffective|p1a: Sneasler
|-damage|p1a: Sneasler|0 fnt
|faint|p1a: Sneasler
|-ability|p2a: Magearna|Soul-Heart|boost
|-boost|p2a: Magearna|spa|1
|
|-heal|p2a: Magearna|94/100|[from] item: Leftovers
|-damage|p2a: Magearna|82/100|[from] Salt Cure
|
|switch|p1a: Chien-Pao|Chien-Pao|9/100
|-ability|p1a: Chien-Pao|Sword of Ruin
|turn|12
|
|move|p2a: Magearna|Draining Kiss|p1a: Chien-Pao
|-supereffective|p1a: Chien-Pao
|-damage|p1a: Chien-Pao|0 fnt
|-heal|p2a: Magearna|87/100|[from] drain|[of] p1a: Chien-Pao
|faint|p1a: Chien-Pao
|-ability|p2a: Magearna|Soul-Heart|boost
|-boost|p2a: Magearna|spa|1
|
|-heal|p2a: Magearna|93/100|[from] item: Leftovers
|-damage|p2a: Magearna|81/100|[from] Salt Cure
|
|switch|p1a: Zamazenta|Zamazenta-Crowned|100/100
|-ability|p1a: Zamazenta|Dauntless Shield|boost
|-boost|p1a: Zamazenta|def|1
|turn|13
|
|move|p2a: Magearna|Stored Power|p1a: Zamazenta
|-damage|p1a: Zamazenta|0 fnt
|faint|p1a: Zamazenta
|-ability|p2a: Magearna|Soul-Heart|boost
|-boost|p2a: Magearna|spa|1
|
|-heal|p2a: Magearna|87/100|[from] item: Leftovers
|-damage|p2a: Magearna|74/100|[from] Salt Cure
|
|switch|p1a: Landorus|Landorus-Therian, M|100/100
|-ability|p1a: Landorus|Intimidate|boost
|-unboost|p2a: Magearna|atk|1
|turn|14
|
|move|p2a: Magearna|Stored Power|p1a: Landorus
|-damage|p1a: Landorus|0 fnt
|faint|p1a: Landorus
|
|-heal|p2a: Magearna|80/100|[from] item: Leftovers
|-damage|p2a: Magearna|68/100|[from] Salt Cure
|
|switch|p1a: Gholdengo|Gholdengo|100/100
|turn|15
|
|-terastallize|p1a: Gholdengo|Steel
|move|p2a: Magearna|Stored Power|p1a: Gholdengo
|-resisted|p1a: Gholdengo
|-damage|p1a: Gholdengo|0 fnt
|faint|p1a: Gholdengo
|
|win|p2
