|poke|p1|Grimmsnarl, M|
|poke|p1|Ursaluna, M|
|poke|p1|Zamazenta-*|
|poke|p1|Magearna|
|poke|p1|Volcarona, F|
|poke|p1|Sneasler, F|
|poke|p2|Great Tusk|
|poke|p2|Landorus-Therian, M|
|poke|p2|Samurott-Hisui, M|
|poke|p2|Zapdos|
|poke|p2|Skeledirge, F|
|poke|p2|Kingambit, M|
|teampreview
|
|start
|switch|p1a: Grimmsnarl|Grimmsnarl, M|100/100
|switch|p2a: EL HERMANO|Skeledirge, F|100/100
|turn|1
|
|move|p1a: Grimmsnarl|Light Screen|p1a: Grimmsnarl
|-sidestart|p1: p1|move: Light Screen
|move|p2a: EL HERMANO|Torch Song|p1a: Grimmsnarl
|-damage|p1a: Grimmsnarl|90/100
|-boost|p2a: EL HERMANO|spa|1
|
|turn|2
|
|move|p1a: Grimmsnarl|Parting Shot|p2a: EL HERMANO
|-unboost|p2a: EL HERMANO|atk|1
|-unboost|p2a: EL HERMANO|spa|1
|
|switch|p1a: Ursaluna|Ursaluna, M|100/100|[from] Parting Shot
|move|p2a: EL HERMANO|Torch Song|p1a: Ursaluna
|-damage|p1a: Ursaluna|85/100
|-boost|p2a: EL HERMANO|spa|1
|
|-status|p1a: Ursaluna|brn|[from] item: Flame Orb
|turn|3
|
|switch|p2a: Jimmy Jimsepp|Landorus-Therian, M|100/100
|-ability|p2a: Jimmy Jimsepp|Intimidate|boost
|-unboost|p1a: Ursaluna|atk|1
|move|p1a: Ursaluna|Swords Dance|p1a: Ursaluna
|-boost|p1a: Ursaluna|atk|2
|
|-damage|p1a: Ursaluna|79/100 brn|[from] brn
|turn|4
|
|move|p2a: Jimmy Jimsepp|Stealth Rock|p1a: Ursaluna
|-sidestart|p1: p1|move: Stealth Rock
|move|p1a: Ursaluna|Facade|p2a: Jimmy Jimsepp
|-damage|p2a: Jimmy Jimsepp|0 fnt
|-damage|p1a: Ursaluna|62/100 brn|[from] item: Rocky Helmet|[of] p2a: Jimmy Jimsepp
|faint|p2a: Jimmy Jimsepp
|
|-damage|p1a: Ursaluna|56/100 brn|[from] brn
|
|switch|p2a: Bladee.|Samurott-Hisui, M, shiny|100/100
|turn|5
|
|move|p2a: Bladee.|Razor Shell|p1a: Ursaluna
|-supereffective|p1a: Ursaluna
|-damage|p1a: Ursaluna|0 fnt
|faint|p1a: Ursaluna
|
|
|switch|p1a: Grimmsnarl|Grimmsnarl, M|90/100
|-damage|p1a: Grimmsnarl|77/100|[from] Stealth Rock
|turn|6
|
|move|p1a: Grimmsnarl|Reflect|p1a: Grimmsnarl
|-sidestart|p1: p1|Reflect
|move|p2a: Bladee.|Razor Shell|p1a: Grimmsnarl
|-damage|p1a: Grimmsnarl|28/100
|-unboost|p1a: Grimmsnarl|def|1
|
|turn|7
|
|switch|p1a: Zamazenta|Zamazenta|100/100
|-damage|p1a: Zamazenta|94/100|[from] Stealth Rock
|-ability|p1a: Zamazenta|Dauntless Shield|boost
|-boost|p1a: Zamazenta|def|1
|move|p2a: Bladee.|Razor Shell|p1a: Zamazenta
|-damage|p1a: Zamazenta|75/100
|
|-heal|p1a: Zamazenta|81/100|[from] item: Leftovers
|turn|8
|
|switch|p2a: EL HERMANO|Skeledirge, F|100/100
|move|p1a: Zamazenta|Substitute|p1a: Zamazenta
|-start|p1a: Zamazenta|Substitute
|-damage|p1a: Zamazenta|56/100
|
|-heal|p1a: Zamazenta|63/100|[from] item: Leftovers
|-sideend|p1: p1|move: Light Screen
|turn|9
|
|move|p1a: Zamazenta|Crunch|p2a: EL HERMANO
|-supereffective|p2a: EL HERMANO
|-damage|p2a: EL HERMANO|62/100
|-unboost|p2a: EL HERMANO|def|1
|move|p2a: EL HERMANO|Torch Song|p1a: Zamazenta
|-damage|p1a: Zamazenta|41/100
|-boost|p2a: EL HERMANO|spa|1
|
|-heal|p1a: Zamazenta|47/100|[from] item: Leftovers
|turn|10
|
|move|p1a: Zamazenta|Crunch|p2a: EL HERMANO
|-supereffective|p2a: EL HERMANO
|-damage|p2a: EL HERMANO|5/100
|move|p2a: EL HERMANO|Torch Song|p1a: Zamazenta
|-damage|p1a: Zamazenta|10/100
|-boost|p2a: EL HERMANO|spa|1
|
|-heal|p1a: Zamazenta|16/100|[from] item: Leftovers
|turn|11
|
|move|p1a: Zamazenta|Crunch|p2a: EL HERMANO
|-supereffective|p2a: EL HERMANO
|-damage|p2a: EL HERMANO|0 fnt
|faint|p2a: EL HERMANO
|
|-heal|p1a: Zamazenta|22/100|[from] item: Leftovers
|
|switch|p2a: Caesar Zappeli|Zapdos|100/100
|turn|12
|
|move|p1a: Zamazenta|Iron Defense|p1a: Zamazenta
|-boost|p1a: Zamazenta|def|2
|move|p2a: Caesar Zappeli|Thunderbolt|p1a: Zamazenta
|-end|p1a: Zamazenta|Substitute
|
|-heal|p1a: Zamazenta|28/100|[from] item: Leftovers
|turn|13
|
|move|p1a: Zamazenta|Body Press|p2a: Caesar Zappeli
|-resisted|p2a: Caesar Zappeli
|-damage|p2a: Caesar Zappeli|60/100
|-status|p1a: Zamazenta|par|[from] ability: Static|[of] p2a: Caesar Zappeli
|move|p2a: Caesar Zappeli|Hurricane|p1a: Zamazenta|[miss]
|-miss|p2a: Caesar Zappeli|p1a: Zamazenta
|
|-heal|p1a: Zamazenta|34/100 par|[from] item: Leftovers
|-sideend|p1: p1|Reflect
|turn|14
|
|move|p2a: Caesar Zappeli|Hurricane|p1a: Zamazenta
|-supereffective|p1a: Zamazenta
|-damage|p1a: Zamazenta|0 fnt
|faint|p1a: Zamazenta
|
|
|switch|p1a: Grimmsnarl|Grimmsnarl, M|28/100
|-damage|p1a: Grimmsnarl|15/100|[from] Stealth Rock
|turn|15
|
|move|p1a: Grimmsnarl|Light Screen|p1a: Grimmsnarl
|-sidestart|p1: p1|move: Light Screen
|move|p2a: Caesar Zappeli|Volt Switch|p1a: Grimmsnarl
|-damage|p1a: Grimmsnarl|3/100
|
|switch|p2a: Bigsharp|Kingambit, M|100/100|[from] Volt Switch
|-activate|p2a: Bigsharp|ability: Supreme Overlord
|-start|p2a: Bigsharp|fallen2|[silent]
|
|turn|16
|
|move|p1a: Grimmsnarl|Reflect|p1a: Grimmsnarl
|-sidestart|p1: p1|Reflect
|move|p2a: Bigsharp|Swords Dance|p2a: Bigsharp
|-boost|p2a: Bigsharp|atk|2
|
|turn|17
|
|switch|p1a: Magearna|Magearna|100/100
|-damage|p1a: Magearna|95/100|[from] Stealth Rock
|move|p2a: Bigsharp|Swords Dance|p2a: Bigsharp
|-boost|p2a: Bigsharp|atk|2
|
|turn|18
|
|-terastallize|p2a: Bigsharp|Fire
|move|p1a: Magearna|Calm Mind|p1a: Magearna
|-boost|p1a: Magearna|spa|1
|-boost|p1a: Magearna|spd|1
|move|p2a: Bigsharp|Iron Head|p1a: Magearna
|-damage|p1a: Magearna|15/100
|
|turn|19
|
|move|p1a: Magearna|Stored Power|p2a: Bigsharp
|-damage|p2a: Bigsharp|58/100
|move|p2a: Bigsharp|Iron Head|p1a: Magearna
|-damage|p1a: Magearna|0 fnt
|faint|p1a: Magearna
|
|
|switch|p1a: Volcarona|Volcarona, F|100/100
|turn|20
|
|-terastallize|p1a: Volcarona|Ground
|move|p1a: Volcarona|Tera Blast|p2a: Bigsharp
|-supereffective|p2a: Bigsharp
|-damage|p2a: Bigsharp|0 fnt
|faint|p2a: Bigsharp
|-end|p2a: Bigsharp|fallen2|[silent]
|
|
|switch|p2a: Bladee.|Samurott-Hisui, M, shiny|100/100
|turn|21
|
|move|p1a: Volcarona|Quiver Dance|p1a: Volcarona
|-boost|p1a: Volcarona|spa|1
|-boost|p1a: Volcarona|spd|1
|-boost|p1a: Volcarona|spe|1
|move|p2a: Bladee.|Razor Shell|p1a: Volcarona
|-supereffective|p1a: Volcarona
|-damage|p1a: Volcarona|0 fnt
|-status|p2a: Bladee.|brn|[from] ability: Flame Body|[of] p1a: Volcarona
|faint|p1a: Volcarona
|
|-damage|p2a: Bladee.|94/100 brn|[from] brn
|
|switch|p1a: Sneasler|Sneasler, F|100/100
|-damage|p1a: Sneasler|95/100|[from] Stealth Rock
|-ability|p1a: Sneasler|Pressure
|-item|p1a: Sneasler|Air Balloon
|turn|22
|
|switch|p2a: Caesar Zappeli|Zapdos|60/100
|move|p1a: Sneasler|Swords Dance|p1a: Sneasler
|-boost|p1a: Sneasler|atk|2
|
|-sideend|p1: p1|move: Light Screen
|turn|23
|
|move|p1a: Sneasler|Dire Claw|p2a: Caesar Zappeli
|-damage|p2a: Caesar Zappeli|0 fnt
|faint|p2a: Caesar Zappeli
|
|-sideend|p1: p1|Reflect
|
|switch|p2a: Bladee.|Samurott-Hisui, M, shiny|94/100 brn
|turn|24
|
|move|p2a: Bladee.|Aqua Jet|p1a: Sneasler
|-damage|p1a: Sneasler|71/100
|-enditem|p1a: Sneasler|Air Balloon
|move|p1a: Sneasler|Close Combat|p2a: Bladee.
|-supereffective|p2a: Bladee.
|-damage|p2a: Bladee.|0 fnt
|-unboost|p1a: Sneasler|def|1
|-unboost|p1a: Sneasler|spd|1
|faint|p2a: Bladee.
|
|
|switch|p2a: Epic Tusk|Great Tusk|100/100
|turn|25
|
|move|p1a: Sneasler|Close Combat|p2a: Epic Tusk
|-damage|p2a: Epic Tusk|3/100
|-unboost|p1a: Sneasler|def|1
|-unboost|p1a: Sneasler|spd|1
|move|p2a: Epic Tusk|Headlong Rush|p1a: Sneasler
|-supereffective|p1a: Sneasler
|-damage|p1a: Sneasler|0 fnt
|-unboost|p2a: Epic Tusk|def|1
|-unboost|p2a: Epic Tusk|spd|1
|faint|p1a: Sneasler
|
|
|switch|p1a: Grimmsnarl|Grimmsnarl, M|3/100
|-damage|p1a: Grimmsnarl|0 fnt|[from] Stealth Rock
|faint|p1a: Grimmsnarl
|
|win|p2
