# advantage = p2
|poke|p1|Samurott-Hisui, M|
|poke|p1|Sneasler, M|
|poke|p1|Kingambit, M|
|poke|p1|Gholdengo|
|poke|p1|Great Tusk|
|poke|p1|Rillaboom, F|
|poke|p2|Dragapult, F|
|poke|p2|Iron Valiant|
|poke|p2|Great Tusk|
|poke|p2|Kingambit, M|
|poke|p2|Rotom-Wash|
|poke|p2|Magnezone|
|teampreview
|
|start
|switch|p1a: Envy|Samurott-Hisui, M|100/100
|switch|p2a: Iron Valiant|Iron Valiant|100/100
|turn|1
|
|-terastallize|p2a: Iron Valiant|Fairy
|move|p2a: Iron Valiant|Moonblast|p1a: Envy
|-supereffective|p1a: Envy
|-enditem|p1a: Envy|Focus Sash
|-damage|p1a: Envy|1/100
|-unboost|p1a: Envy|spa|1
|move|p1a: Envy|Razor Shell|p2a: Iron Valiant
|-damage|p2a: Iron Valiant|37/100
|-unboost|p2a: Iron Valiant|def|1
|
|turn|2
|
|move|p2a: Iron Valiant|Moonblast|p1a: Envy
|-supereffective|p1a: Envy
|-damage|p1a: Envy|0 fnt
|faint|p1a: Envy
|
|
|switch|p1a: Sloth|Sneasler, M|100/100
|turn|3
|
|-end|p2a: Iron Valiant|Quark Drive|[silent]
|switch|p2a: Great Tusk|Great Tusk|100/100
|move|p1a: Sloth|Fake Out|p2a: Great Tusk
|-damage|p2a: Great Tusk|92/100
|-status|p2a: Great Tusk|psn|[from] ability: Poison Touch|[of] p1a: Sloth
|
|-heal|p2a: Great Tusk|98/100 psn|[from] item: Leftovers
|-damage|p2a: Great Tusk|85/100 psn|[from] psn
|turn|4
|
|move|p1a: Sloth|U-turn|p2a: Great Tusk
|-resisted|p2a: Great Tusk
|-damage|p2a: Great Tusk|79/100 psn
|
|switch|p1a: Gluttony|Rillaboom, F|100/100|[from] U-turn
|-fieldstart|move: Grassy Terrain|[from] ability: Grassy Surge|[of] p1a: Gluttony
|move|p2a: Great Tusk|Stealth Rock|p1a: Gluttony
|-sidestart|p1: p1|move: Stealth Rock
|
|-heal|p2a: Great Tusk|85/100 psn|[from] Grassy Terrain
|-heal|p2a: Great Tusk|91/100 psn|[from] item: Leftovers
|-damage|p2a: Great Tusk|79/100 psn|[from] psn
|turn|5
|
|-end|p2a: Great Tusk|Protosynthesis|[silent]
|switch|p2a: Iron Valiant|Iron Valiant, tera:Fairy|37/100
|move|p1a: Gluttony|Drum Beating|p2a: Iron Valiant
|-damage|p2a: Iron Valiant|0 fnt
|faint|p2a: Iron Valiant
|-end|p2a: Iron Valiant|Quark Drive|[silent]
|
|
|switch|p2a: Dragapult|Dragapult, F|100/100
|turn|6
|
|move|p2a: Dragapult|Dragon Darts|p1a: Gluttony
|-damage|p1a: Gluttony|76/100
|-anim|p2a: Dragapult|Dragon Darts|p1a: Gluttony
|-damage|p1a: Gluttony|50/100
|move|p1a: Gluttony|Knock Off|p2a: Dragapult
|-supereffective|p2a: Dragapult
|-damage|p2a: Dragapult|27/100
|-enditem|p2a: Dragapult|Choice Band|[from] move: Knock Off|[of] p1a: Gluttony
|
|-heal|p2a: Dragapult|33/100|[from] Grassy Terrain
|-heal|p1a: Gluttony|56/100|[from] Grassy Terrain
|turn|7
|
|move|p2a: Dragapult|U-turn|p1a: Gluttony
|-supereffective|p1a: Gluttony
|-damage|p1a: Gluttony|23/100
|-damage|p2a: Dragapult|17/100|[from] item: Rocky Helmet|[of] p1a: Gluttony
|
|switch|p2a: Magnezone|Magnezone|100/100|[from] U-turn
|move|p1a: Gluttony|Knock Off|p2a: Magnezone
|-damage|p2a: Magnezone|74/100
|-enditem|p2a: Magnezone|Assault Vest|[from] move: Knock Off|[of] p1a: Gluttony
|
|-heal|p1a: Gluttony|29/100|[from] Grassy Terrain
|-heal|p2a: Magnezone|80/100|[from] Grassy Terrain
|turn|8
|
|switch|p1a: Greed|Gholdengo|100/100
|-damage|p1a: Greed|94/100|[from] Stealth Rock
|move|p2a: Magnezone|Flash Cannon|p1a: Greed
|-resisted|p1a: Greed
|-damage|p1a: Greed|79/100
|
|-heal|p1a: Greed|85/100|[from] Grassy Terrain
|-heal|p1a: Greed|92/100|[from] item: Leftovers
|-heal|p2a: Magnezone|87/100|[from] Grassy Terrain
|-fieldend|move: Grassy Terrain
|turn|9
|
|move|p1a: Greed|Shadow Ball|p2a: Magnezone
|-damage|p2a: Magnezone|45/100
|move|p2a: Magnezone|Volt Switch|p1a: Greed
|-damage|p1a: Greed|65/100
|
|switch|p2a: Kingambit|Kingambit, M|100/100|[from] Volt Switch
|-activate|p2a: Kingambit|ability: Supreme Overlord
|-start|p2a: Kingambit|fallen1|[silent]
|
|-heal|p1a: Greed|71/100|[from] item: Leftovers
|turn|10
|
|move|p1a: Greed|Thunder Wave|p2a: Kingambit
|-status|p2a: Kingambit|par
|move|p2a: Kingambit|Iron Head|p1a: Greed
|-resisted|p1a: Greed
|-damage|p1a: Greed|45/100
|
|-heal|p1a: Greed|52/100|[from] item: Leftovers
|turn|11
|
|move|p1a: Greed|Shadow Ball|p2a: Kingambit
|-resisted|p2a: Kingambit
|-damage|p2a: Kingambit|80/100 par
|cant|p2a: Kingambit|par
|
|-heal|p1a: Greed|58/100|[from] item: Leftovers
|-heal|p2a: Kingambit|86/100 par|[from] item: Leftovers
|turn|12
|
|switch|p1a: Pride|Great Tusk|100/100
|move|p2a: Kingambit|Iron Head|p1a: Pride
|-damage|p1a: Pride|65/100
|
|-heal|p2a: Kingambit|92/100 par|[from] item: Leftovers
|turn|13
|
|-end|p2a: Kingambit|fallen1|[silent]
|switch|p2a: Dragapult|Dragapult, F|17/100
|move|p1a: Pride|Rapid Spin|p2a: Dragapult
|-immune|p2a: Dragapult
|
|turn|14
|
|move|p2a: Dragapult|Dragon Darts|p1a: Pride
|-damage|p1a: Pride|44/100
|-anim|p2a: Dragapult|Dragon Darts|p1a: Pride
|-damage|p1a: Pride|23/100
|move|p1a: Pride|Knock Off|p2a: Dragapult
|-supereffective|p2a: Dragapult
|-damage|p2a: Dragapult|0 fnt
|faint|p2a: Dragapult
|
|
|switch|p2a: Rotom|Rotom-Wash|100/100
|turn|15
|
|move|p1a: Pride|Knock Off|p2a: Rotom
|-damage|p2a: Rotom|68/100
|-enditem|p2a: Rotom|Leftovers|[from] move: Knock Off|[of] p1a: Pride
|move|p2a: Rotom|Hydro Pump|p1a: Pride|[miss]
|-miss|p2a: Rotom|p1a: Pride
|
|turn|16
|
|move|p1a: Pride|Close Combat|p2a: Rotom
|-damage|p2a: Rotom|6/100
|-unboost|p1a: Pride|def|1
|-unboost|p1a: Pride|spd|1
|move|p2a: Rotom|Hydro Pump|p1a: Pride|[miss]
|-miss|p2a: Rotom|p1a: Pride
|
|turn|17
|
|move|p1a: Pride|Rapid Spin|p2a: Rotom
|-damage|p2a: Rotom|0 fnt
|-boost|p1a: Pride|spe|1
|-sideend|p1: p1|Stealth Rock|[from] move: Rapid Spin|[of] p1a: Pride
|faint|p2a: Rotom
|
|
|switch|p2a: Kingambit|Kingambit, M|92/100 par
|-activate|p2a: Kingambit|ability: Supreme Overlord
|-start|p2a: Kingambit|fallen3|[silent]
|turn|18
|
|move|p2a: Kingambit|Sucker Punch|p1a: Pride
|-resisted|p1a: Pride
|-damage|p1a: Pride|0 fnt
|faint|p1a: Pride
|-end|p1a: Pride|Protosynthesis|[silent]
|
|-heal|p2a: Kingambit|98/100 par|[from] item: Leftovers
|
|switch|p1a: Gluttony|Rillaboom, F|29/100
|-fieldstart|move: Grassy Terrain|[from] ability: Grassy Surge|[of] p1a: Gluttony
|turn|19
|
|move|p2a: Kingambit|Sucker Punch||[still]
|-fail|p2a: Kingambit
|move|p1a: Gluttony|Rest|p1a: Gluttony
|-status|p1a: Gluttony|slp|[from] move: Rest
|-heal|p1a: Gluttony|100/100 slp|[silent]
|
|-heal|p2a: Kingambit|100/100 par|[from] Grassy Terrain
|turn|20
|
|cant|p1a: Gluttony|slp
|move|p2a: Kingambit|Swords Dance|p2a: Kingambit
|-boost|p2a: Kingambit|atk|2
|
|turn|21
|
|cant|p1a: Gluttony|slp
|cant|p2a: Kingambit|par
|
|turn|22
|
|move|p2a: Kingambit|Sucker Punch|p1a: Gluttony
|-damage|p1a: Gluttony|30/100 slp
|-damage|p2a: Kingambit|84/100 par|[from] item: Rocky Helmet|[of] p1a: Gluttony
|-curestatus|p1a: Gluttony|slp|[msg]
|move|p1a: Gluttony|Drum Beating|p2a: Kingambit
|-resisted|p2a: Kingambit
|-damage|p2a: Kingambit|66/100 par
|-unboost|p2a: Kingambit|spe|1
|
|-heal|p1a: Gluttony|36/100|[from] Grassy Terrain
|-heal|p2a: Kingambit|72/100 par|[from] Grassy Terrain
|-heal|p2a: Kingambit|78/100 par|[from] item: Leftovers
|turn|23
|
|move|p1a: Gluttony|Knock Off|p2a: Kingambit
|-resisted|p2a: Kingambit
|-damage|p2a: Kingambit|67/100 par
|-enditem|p2a: Kingambit|Leftovers|[from] move: Knock Off|[of] p1a: Gluttony
|cant|p2a: Kingambit|par
|
|-heal|p1a: Gluttony|42/100|[from] Grassy Terrain
|-heal|p2a: Kingambit|73/100 par|[from] Grassy Terrain
|-fieldend|move: Grassy Terrain
|turn|24
|
|move|p1a: Gluttony|Drum Beating|p2a: Kingambit
|-resisted|p2a: Kingambit
|-damage|p2a: Kingambit|59/100 par
|-unboost|p2a: Kingambit|spe|1
|move|p2a: Kingambit|Kowtow Cleave|p1a: Gluttony
|-damage|p1a: Gluttony|0 fnt
|-damage|p2a: Kingambit|43/100 par|[from] item: Rocky Helmet|[of] p1a: Gluttony
|faint|p1a: Gluttony
|
|
|switch|p1a: Sloth|Sneasler, M|100/100
|turn|25
|
|move|p1a: Sloth|Fake Out|p2a: Kingambit
|-resisted|p2a: Kingambit
|-damage|p2a: Kingambit|37/100 par
|cant|p2a: Kingambit|flinch
|
|turn|26
|
|cant|p2a: Kingambit|par
|move|p1a: Sloth|Close Combat|p2a: Kingambit
|-supereffective|p2a: Kingambit
|-damage|p2a: Kingambit|0 fnt
|-unboost|p1a: Sloth|def|1
|-unboost|p1a: Sloth|spd|1
|faint|p2a: Kingambit
|-end|p2a: Kingambit|fallen3|[silent]
|
|
|switch|p2a: Great Tusk|Great Tusk|79/100 psn
|turn|27
|
|switch|p1a: Greed|Gholdengo|58/100
|move|p2a: Great Tusk|Earthquake|p1a: Greed
|-supereffective|p1a: Greed
|-damage|p1a: Greed|0 fnt
|faint|p1a: Greed
|
|-heal|p2a: Great Tusk|85/100 psn|[from] item: Leftovers
|-damage|p2a: Great Tusk|72/100 psn|[from] psn
|
|switch|p1a: Sloth|Sneasler, M|100/100
|turn|28
|
|-end|p2a: Great Tusk|Protosynthesis|[silent]
|switch|p2a: Magnezone|Magnezone|45/100
|move|p1a: Sloth|Fake Out|p2a: Magnezone
|-resisted|p2a: Magnezone
|-damage|p2a: Magnezone|38/100
|
|turn|29
|
|move|p1a: Sloth|Close Combat|p2a: Magnezone
|-supereffective|p2a: Magnezone
|-damage|p2a: Magnezone|0 fnt
|-unboost|p1a: Sloth|def|1
|-unboost|p1a: Sloth|spd|1
|faint|p2a: Magnezone
|
|
|switch|p2a: Great Tusk|Great Tusk|72/100 psn
|turn|30
|
|-terastallize|p1a: Sloth|Fighting
|move|p1a: Sloth|Close Combat|p2a: Great Tusk
|-damage|p2a: Great Tusk|23/100 psn
|-unboost|p1a: Sloth|def|1
|-unboost|p1a: Sloth|spd|1
|move|p2a: Great Tusk|Earthquake|p1a: Sloth
|-damage|p1a: Sloth|0 fnt
|faint|p1a: Sloth
|
|-heal|p2a: Great Tusk|30/100 psn|[from] item: Leftovers
|-damage|p2a: Great Tusk|17/100 psn|[from] psn
|
|switch|p1a: Wrath|Kingambit, M|100/100
|-activate|p1a: Wrath|ability: Supreme Overlord
|-start|p1a: Wrath|fallen5|[silent]
|turn|31
|
|move|p1a: Wrath|Sucker Punch|p2a: Great Tusk
|-resisted|p2a: Great Tusk
|-damage|p2a: Great Tusk|0 fnt
|faint|p2a: Great Tusk
|-end|p2a: Great Tusk|Protosynthesis|[silent]
|
|win|p1
