# advantage = p1
|poke|p1|Zoroark-Hisui, F|
|poke|p1|Chien-Pao|
|poke|p1|Zamazenta-*|
|poke|p1|Lilligant-Hisui, F|
|poke|p1|Roaring Moon|
|poke|p1|Volcarona, F|
|poke|p2|Wyrdeer, M|
|poke|p2|Diancie|
|poke|p2|Rufflet, M|
|poke|p2|Torkoal, M|
|poke|p2|Garganacl, F|
|poke|p2|Ursaluna, M|
|teampreview
|
|start
|switch|p1a: IRON MAIDEN|Lilligant-Hisui, F, shiny|100/100
|switch|p2a: Eierstock aus stal|Diancie|100/100
|turn|1
|
|switch|p1a: KING GIZZARD|Roaring Moon|100/100
|-enditem|p1a: KING GIZZARD|Booster Energy
|-activate|p1a: KING GIZZARD|ability: Protosynthesis|[fromitem]
|-start|p1a: KING GIZZARD|protosynthesisatk
|switch|p2a: Ähhhhhh|Wyrdeer, M, shiny|100/100
|
|turn|2
|
|move|p1a: KING GIZZARD|Crunch|p2a: Ähhhhhh
|-supereffective|p2a: Ähhhhhh
|-damage|p2a: Ähhhhhh|0 fnt
|faint|p2a: Ähhhhhh
|
|
|switch|p2a: Eierstock aus stal|Diancie|100/100
|turn|3
|
|-terastallize|p1a: KING GIZZARD|Flying
|move|p1a: KING GIZZARD|Dragon Dance|p1a: KING GIZZARD
|-boost|p1a: KING GIZZARD|atk|1
|-boost|p1a: KING GIZZARD|spe|1
|move|p2a: Eierstock aus stal|Trick Room|p2a: Eierstock aus stal
|-fieldstart|move: Trick Room|[of] p2a: Eierstock aus stal
|
|turn|4
|
|move|p2a: Eierstock aus stal|Diamond Storm|p1a: KING GIZZARD
|-supereffective|p1a: KING GIZZARD
|-damage|p1a: KING GIZZARD|6/100
|-boost|p2a: Eierstock aus stal|def|2
|move|p1a: KING GIZZARD|Earthquake|p2a: Eierstock aus stal
|-supereffective|p2a: Eierstock aus stal
|-damage|p2a: Eierstock aus stal|50/100
|
|-heal|p2a: Eierstock aus stal|56/100|[from] item: Leftovers
|turn|5
|
|move|p2a: Eierstock aus stal|Moonblast|p1a: KING GIZZARD
|-damage|p1a: KING GIZZARD|0 fnt
|faint|p1a: KING GIZZARD
|-end|p1a: KING GIZZARD|Protosynthesis|[silent]
|
|-heal|p2a: Eierstock aus stal|62/100|[from] item: Leftovers
|
|switch|p1a: JUDAS PRIEST|Volcarona, F|100/100
|turn|6
|
|move|p2a: Eierstock aus stal|Diamond Storm|p1a: JUDAS PRIEST
|-supereffective|p1a: JUDAS PRIEST
|-enditem|p1a: JUDAS PRIEST|Focus Sash
|-damage|p1a: JUDAS PRIEST|1/100
|move|p1a: JUDAS PRIEST|Psychic|p2a: Eierstock aus stal
|-damage|p2a: Eierstock aus stal|36/100
|
|-heal|p2a: Eierstock aus stal|42/100|[from] item: Leftovers
|turn|7
|
|move|p2a: Eierstock aus stal|Moonblast|p1a: JUDAS PRIEST
|-resisted|p1a: JUDAS PRIEST
|-damage|p1a: JUDAS PRIEST|0 fnt
|faint|p1a: JUDAS PRIEST
|
|-heal|p2a: Eierstock aus stal|48/100|[from] item: Leftovers
|-fieldend|move: Trick Room
|
|switch|p1a: BLACK FLAG|Chien-Pao|100/100
|-ability|p1a: BLACK FLAG|Sword of Ruin
|turn|8
|
|move|p1a: BLACK FLAG|Sacred Sword|p2a: Eierstock aus stal
|-damage|p2a: Eierstock aus stal|11/100
|move|p2a: Eierstock aus stal|Trick Room|p2a: Eierstock aus stal
|-fieldstart|move: Trick Room|[of] p2a: Eierstock aus stal
|
|-heal|p2a: Eierstock aus stal|17/100|[from] item: Leftovers
|turn|9
|
|move|p2a: Eierstock aus stal|Moonblast|p1a: BLACK FLAG
|-supereffective|p1a: BLACK FLAG
|-damage|p1a: BLACK FLAG|0 fnt
|faint|p1a: BLACK FLAG
|
|-heal|p2a: Eierstock aus stal|24/100|[from] item: Leftovers
|
|switch|p1a: IRON MAIDEN|Lilligant-Hisui, F, shiny|100/100
|turn|10
|
|move|p2a: Eierstock aus stal|Moonblast|p1a: IRON MAIDEN
|-supereffective|p1a: IRON MAIDEN
|-enditem|p1a: IRON MAIDEN|Focus Sash
|-damage|p1a: IRON MAIDEN|1/100
|move|p1a: IRON MAIDEN|Leaf Blade|p2a: Eierstock aus stal
|-supereffective|p2a: Eierstock aus stal
|-damage|p2a: Eierstock aus stal|0 fnt
|faint|p2a: Eierstock aus stal
|
|
|switch|p2a: Fuger|Rufflet, M, shiny|100/100
|turn|11
|
|move|p2a: Fuger|Brave Bird|p1a: IRON MAIDEN
|-supereffective|p1a: IRON MAIDEN
|-damage|p1a: IRON MAIDEN|0 fnt
|faint|p1a: IRON MAIDEN
|-damage|p2a: Fuger|99/100|[from] Recoil
|
|
|switch|p1a: KING CRIMSON|Zamazenta, shiny|100/100
|-ability|p1a: KING CRIMSON|Dauntless Shield|boost
|-boost|p1a: KING CRIMSON|def|1
|turn|12
|
|move|p2a: Fuger|Brave Bird|p1a: KING CRIMSON
|-supereffective|p1a: KING CRIMSON
|-damage|p1a: KING CRIMSON|8/100
|-damage|p2a: Fuger|71/100|[from] Recoil
|move|p1a: KING CRIMSON|Iron Defense|p1a: KING CRIMSON
|-boost|p1a: KING CRIMSON|def|2
|
|-fieldend|move: Trick Room
|turn|13
|
|move|p1a: KING CRIMSON|Body Press|p2a: Fuger
|-damage|p2a: Fuger|0 fnt
|faint|p2a: Fuger
|-damage|p1a: KING CRIMSON|0 fnt|[from] item: Life Orb
|faint|p1a: KING CRIMSON
|
|
|switch|p1a: NINE INCH NAILS|Zoroark-Hisui, F|100/100
|switch|p2a: Supa ahhhhhh|Torkoal, M|100/100
|-weather|SunnyDay|[from] ability: Drought|[of] p2a: Supa ahhhhhh
|turn|14
|
|-terastallize|p2a: Supa ahhhhhh|Grass
|move|p1a: NINE INCH NAILS|Hyper Voice|p2a: Supa ahhhhhh
|-damage|p2a: Supa ahhhhhh|41/100
|move|p2a: Supa ahhhhhh|Solar Beam||[still]
|-prepare|p2a: Supa ahhhhhh|Solar Beam
|-anim|p2a: Supa ahhhhhh|Solar Beam|p1a: NINE INCH NAILS
|-damage|p1a: NINE INCH NAILS|0 fnt
|faint|p1a: NINE INCH NAILS
|
|win|p2
