|poke|p1|Glimmora, F|
|poke|p1|Uxie|
|poke|p1|Slowbro-Galar, F|
|poke|p1|Landorus-Therian, M|
|poke|p1|Chien-Pao|
|poke|p1|Great Tusk|
|poke|p2|Tinkaton, F|
|poke|p2|Basculegion-F, F|
|poke|p2|Garchomp, F|
|poke|p2|Sneasler, F|
|poke|p2|Toxapex, M|
|poke|p2|Hydreigon, F|
|teampreview
|
|start
|switch|p1a: Glimmora|Glimmora, F|100/100
|switch|p2a: Basculegion|Basculegion-F, F|100/100
|turn|1
|
|move|p2a: Basculegion|Shadow Ball|p1a: Glimmora
|-damage|p1a: Glimmora|52/100
|move|p1a: Glimmora|Stealth Rock|p2a: Basculegion
|-sidestart|p2: iced waffle|move: Stealth Rock
|
|-heal|p1a: Glimmora|58/100|[from] item: Black Sludge
|turn|2
|
|move|p2a: Basculegion|Shadow Ball|p1a: Glimmora
|-damage|p1a: Glimmora|7/100
|move|p1a: Glimmora|Spikes|p2a: Basculegion
|-sidestart|p2: iced waffle|Spikes
|
|-heal|p1a: Glimmora|13/100|[from] item: Black Sludge
|turn|3
|
|switch|p1a: Chien-Pao|Chien-Pao|100/100
|-ability|p1a: Chien-Pao|Sword of Ruin
|move|p2a: Basculegion|Shadow Ball|p1a: Chien-Pao
|-resisted|p1a: Chien-Pao
|-damage|p1a: Chien-Pao|62/100
|-unboost|p1a: Chien-Pao|spd|1
|
|turn|4
|
|switch|p2a: Toxapex|Toxapex, M|100/100
|-damage|p2a: Toxapex|88/100|[from] Stealth Rock
|-damage|p2a: Toxapex|76/100|[from] Spikes
|move|p1a: Chien-Pao|Sucker Punch||[still]
|-fail|p1a: Chien-Pao
|
|-heal|p2a: Toxapex|82/100|[from] item: Black Sludge
|turn|5
|
|switch|p1a: Uxie|Uxie, shiny|100/100
|move|p2a: Toxapex|Surf|p1a: Uxie
|-damage|p1a: Uxie|86/100
|
|-heal|p2a: Toxapex|88/100|[from] item: Black Sludge
|turn|6
|
|move|p1a: Uxie|Thunder Wave|p2a: Toxapex
|-status|p2a: Toxapex|par
|move|p2a: Toxapex|Toxic Spikes|p1a: Uxie
|-sidestart|p1: seresabia|move: Toxic Spikes
|
|-heal|p2a: Toxapex|94/100 par|[from] item: Black Sludge
|turn|7
|
|switch|p2a: Garchomp|Garchomp, F|100/100
|-damage|p2a: Garchomp|94/100|[from] Stealth Rock
|-damage|p2a: Garchomp|82/100|[from] Spikes
|move|p1a: Uxie|Light Screen|p1a: Uxie
|-sidestart|p1: seresabia|move: Light Screen
|
|turn|8
|
|move|p2a: Garchomp|Swords Dance|p2a: Garchomp
|-boost|p2a: Garchomp|atk|2
|move|p1a: Uxie|Reflect|p1a: Uxie
|-sidestart|p1: seresabia|Reflect
|
|turn|9
|
|switch|p1a: Chien-Pao|Chien-Pao|62/100
|-status|p1a: Chien-Pao|psn
|-ability|p1a: Chien-Pao|Sword of Ruin
|move|p2a: Garchomp|Swords Dance|p2a: Garchomp
|-boost|p2a: Garchomp|atk|2
|
|-damage|p1a: Chien-Pao|50/100 psn|[from] psn
|turn|10
|
|-terastallize|p2a: Garchomp|Water
|move|p1a: Chien-Pao|Icicle Crash|p2a: Garchomp
|-resisted|p2a: Garchomp
|-damage|p2a: Garchomp|41/100
|move|p2a: Garchomp|Earthquake|p1a: Chien-Pao
|-damage|p1a: Chien-Pao|0 fnt
|faint|p1a: Chien-Pao
|
|
|switch|p1a: Slowbro|Slowbro-Galar, F, shiny|100/100
|-sideend|p1: seresabia|move: Toxic Spikes|[of] p1a: Slowbro
|turn|11
|
|move|p2a: Garchomp|Earthquake|p1a: Slowbro
|-supereffective|p1a: Slowbro
|-damage|p1a: Slowbro|0 fnt
|faint|p1a: Slowbro
|
|-message|seresabia forfeited.
|
|win|iced waffle
