# advantage = p1
|poke|p1|Kleavor, F|
|poke|p1|Volcarona, M|
|poke|p1|Slither Wing|
|poke|p1|Masquerain, M|
|poke|p1|Heracross, F|
|poke|p1|Vespiquen, F|
|poke|p2|Sneasler, M|
|poke|p2|Chien-Pao|
|poke|p2|Clodsire, F|
|poke|p2|Gholdengo|
|poke|p2|Corviknight, F|
|poke|p2|Rillaboom, M|
|teampreview
|
|start
|switch|p1a: Masquerain|Masquerain, M|100/100
|switch|p2a: Chien-Pao|Chien-Pao|100/100
|-ability|p2a: Chien-Pao|Sword of Ruin
|-ability|p1a: Masquerain|Intimidate|boost
|-unboost|p2a: Chien-Pao|atk|1
|turn|1
|
|move|p2a: Chien-Pao|Ice Spinner|p1a: Masquerain
|-supereffective|p1a: Masquerain
|-enditem|p1a: Masquerain|Focus Sash
|-damage|p1a: Masquerain|1/100
|move|p1a: Masquerain|Sticky Web|p2a: Chien-Pao
|-sidestart|p2: p2|move: Sticky Web
|
|turn|2
|
|move|p2a: Chien-Pao|Ice Spinner|p1a: Masquerain
|-supereffective|p1a: Masquerain
|-damage|p1a: Masquerain|0 fnt
|faint|p1a: Masquerain
|
|
|switch|p1a: Kleavor|Kleavor, F|100/100
|turn|3
|
|switch|p2a: Rillaboom|Rillaboom, M|100/100
|-activate|p2a: Rillaboom|move: Sticky Web
|-unboost|p2a: Rillaboom|spe|1
|-fieldstart|move: Grassy Terrain|[from] ability: Grassy Surge|[of] p2a: Rillaboom
|move|p1a: Kleavor|Stone Axe|p2a: Rillaboom
|-damage|p2a: Rillaboom|36/100
|-sidestart|p2: p2|move: Stealth Rock
|
|-heal|p2a: Rillaboom|42/100|[from] Grassy Terrain
|turn|4
|
|move|p1a: Kleavor|Night Slash|p2a: Rillaboom
|-damage|p2a: Rillaboom|0 fnt
|faint|p2a: Rillaboom
|
|
|switch|p2a: Sneasler|Sneasler, M|100/100
|-activate|p2a: Sneasler|move: Sticky Web
|-unboost|p2a: Sneasler|spe|1
|-damage|p2a: Sneasler|95/100|[from] Stealth Rock
|-enditem|p2a: Sneasler|Grassy Seed
|-boost|p2a: Sneasler|def|1|[from] item: Grassy Seed
|turn|5
|
|switch|p1a: Vespiquen|Vespiquen, F|100/100
|-ability|p1a: Vespiquen|Pressure
|move|p2a: Sneasler|Swords Dance|p2a: Sneasler
|-boost|p2a: Sneasler|atk|2
|
|-heal|p2a: Sneasler|100/100|[from] Grassy Terrain
|turn|6
|
|move|p2a: Sneasler|Acrobatics|p1a: Vespiquen
|-supereffective|p1a: Vespiquen
|-damage|p1a: Vespiquen|0 fnt
|faint|p1a: Vespiquen
|
|
|switch|p1a: Heracross|Heracross, F|100/100
|turn|7
|
|-terastallize|p1a: Heracross|Rock
|move|p2a: Sneasler|Acrobatics|p1a: Heracross
|-resisted|p1a: Heracross
|-damage|p1a: Heracross|50/100
|move|p1a: Heracross|Earthquake|p2a: Sneasler
|-supereffective|p2a: Sneasler
|-crit|p2a: Sneasler
|-damage|p2a: Sneasler|11/100
|
|-heal|p2a: Sneasler|17/100|[from] Grassy Terrain
|-heal|p1a: Heracross|57/100|[from] Grassy Terrain
|-fieldend|move: Grassy Terrain
|-status|p1a: Heracross|brn|[from] item: Flame Orb
|turn|8
|
|switch|p1a: Volcarona|Volcarona, M|100/100
|move|p2a: Sneasler|Dire Claw|p1a: Volcarona
|-damage|p1a: Volcarona|11/100
|-status|p1a: Volcarona|psn
|
|-damage|p1a: Volcarona|0 fnt|[from] psn
|faint|p1a: Volcarona
|
|switch|p1a: Slither Wing|Slither Wing|100/100
|-enditem|p1a: Slither Wing|Booster Energy
|-activate|p1a: Slither Wing|ability: Protosynthesis|[fromitem]
|-start|p1a: Slither Wing|protosynthesisatk
|turn|9
|
|move|p1a: Slither Wing|First Impression|p2a: Sneasler
|-resisted|p2a: Sneasler
|-damage|p2a: Sneasler|0 fnt
|faint|p2a: Sneasler
|
|
|switch|p2a: Corviknight|Corviknight, F|100/100
|-damage|p2a: Corviknight|88/100|[from] Stealth Rock
|turn|10
|
|move|p1a: Slither Wing|Flare Blitz|p2a: Corviknight
|-supereffective|p2a: Corviknight
|-damage|p2a: Corviknight|0 fnt
|faint|p2a: Corviknight
|-damage|p1a: Slither Wing|70/100|[from] Recoil
|
|
|switch|p2a: Chien-Pao|Chien-Pao|100/100
|-activate|p2a: Chien-Pao|move: Sticky Web
|-unboost|p2a: Chien-Pao|spe|1
|-damage|p2a: Chien-Pao|76/100|[from] Stealth Rock
|-ability|p2a: Chien-Pao|Sword of Ruin
|turn|11
|
|move|p2a: Chien-Pao|Ice Spinner|p1a: Slither Wing
|-damage|p1a: Slither Wing|22/100
|move|p1a: Slither Wing|Flare Blitz|p2a: Chien-Pao
|-supereffective|p2a: Chien-Pao
|-damage|p2a: Chien-Pao|0 fnt
|faint|p2a: Chien-Pao
|-damage|p1a: Slither Wing|2/100|[from] Recoil
|
|
|switch|p2a: Clodsire|Clodsire, F|100/100
|-activate|p2a: Clodsire|move: Sticky Web
|-unboost|p2a: Clodsire|spe|1
|-damage|p2a: Clodsire|94/100|[from] Stealth Rock
|turn|12
|
|move|p1a: Slither Wing|Earthquake|p2a: Clodsire
|-supereffective|p2a: Clodsire
|-damage|p2a: Clodsire|30/100
|move|p2a: Clodsire|Recover|p2a: Clodsire
|-heal|p2a: Clodsire|80/100
|
|turn|13
|
|move|p1a: Slither Wing|Earthquake|p2a: Clodsire
|-supereffective|p2a: Clodsire
|-damage|p2a: Clodsire|17/100
|move|p2a: Clodsire|Earthquake|p1a: Slither Wing
|-resisted|p1a: Slither Wing
|-crit|p1a: Slither Wing
|-damage|p1a: Slither Wing|0 fnt
|faint|p1a: Slither Wing
|-end|p1a: Slither Wing|Protosynthesis|[silent]
|
|
|switch|p1a: Kleavor|Kleavor, F|100/100
|turn|14
|
|move|p1a: Kleavor|Night Slash|p2a: Clodsire
|-damage|p2a: Clodsire|0 fnt
|-damage|p1a: Kleavor|84/100|[from] item: Rocky Helmet|[of] p2a: Clodsire
|faint|p2a: Clodsire
|
|
|switch|p2a: Gholdengo|Gholdengo|100/100
|-activate|p2a: Gholdengo|move: Sticky Web
|-unboost|p2a: Gholdengo|spe|1
|-damage|p2a: Gholdengo|94/100|[from] Stealth Rock
|turn|15
|
|move|p1a: Kleavor|Night Slash|p2a: Gholdengo
|-supereffective|p2a: Gholdengo
|-damage|p2a: Gholdengo|21/100
|move|p2a: Gholdengo|Nasty Plot|p2a: Gholdengo
|-boost|p2a: Gholdengo|spa|2
|
|turn|16
|-message|p2 forfeited.
|
|win|p1
