# advantage = p2
|poke|p1|Urshifu-*, F|
|poke|p1|Samurott-Hisui, M|
|poke|p1|Landorus-Therian, M|
|poke|p1|Hoopa-Unbound|
|poke|p1|Dondozo, F|
|poke|p1|Chien-Pao|
|poke|p2|Great Tusk|
|poke|p2|Dragapult, F|
|poke|p2|Zamazenta-*|
|poke|p2|Toxapex, M|
|poke|p2|Iron Valiant|
|poke|p2|Magearna|
|teampreview
|
|start
|switch|p1a: Samurott|Samurott-Hisui, M|100/100
|switch|p2a: WhaDaDogDoin?|Zamazenta|100/100
|-ability|p2a: WhaDaDogDoin?|Dauntless Shield|boost
|-boost|p2a: WhaDaDogDoin?|def|1
|turn|1
|
|move|p2a: WhaDaDogDoin?|Iron Defense|p2a: WhaDaDogDoin?
|-boost|p2a: WhaDaDogDoin?|def|2
|move|p1a: Samurott|Ceaseless Edge|p2a: WhaDaDogDoin?
|-resisted|p2a: WhaDaDogDoin?
|-damage|p2a: WhaDaDogDoin?|93/100
|-sidestart|p2: p2|Spikes
|
|-heal|p2a: WhaDaDogDoin?|99/100|[from] item: Leftovers
|turn|2
|
|move|p2a: WhaDaDogDoin?|Substitute|p2a: WhaDaDogDoin?
|-start|p2a: WhaDaDogDoin?|Substitute
|-damage|p2a: WhaDaDogDoin?|74/100
|move|p1a: Samurott|Ceaseless Edge|p2a: WhaDaDogDoin?
|-resisted|p2a: WhaDaDogDoin?
|-activate|p2a: WhaDaDogDoin?|move: Substitute|[damage]
|-sidestart|p2: p2|Spikes
|
|-heal|p2a: WhaDaDogDoin?|80/100|[from] item: Leftovers
|turn|3
|
|move|p2a: WhaDaDogDoin?|Iron Defense|p2a: WhaDaDogDoin?
|-boost|p2a: WhaDaDogDoin?|def|2
|move|p1a: Samurott|Ceaseless Edge|p2a: WhaDaDogDoin?
|-resisted|p2a: WhaDaDogDoin?
|-activate|p2a: WhaDaDogDoin?|move: Substitute|[damage]
|-sidestart|p2: p2|Spikes
|
|-heal|p2a: WhaDaDogDoin?|86/100|[from] item: Leftovers
|turn|4
|
|switch|p1a: Dondozo|Dondozo, F|100/100
|move|p2a: WhaDaDogDoin?|Body Press|p1a: Dondozo
|-damage|p1a: Dondozo|77/100
|
|-heal|p2a: WhaDaDogDoin?|92/100|[from] item: Leftovers
|turn|5
|
|move|p2a: WhaDaDogDoin?|Body Press|p1a: Dondozo
|-damage|p1a: Dondozo|55/100
|move|p1a: Dondozo|Curse|p1a: Dondozo
|-unboost|p1a: Dondozo|spe|1
|-boost|p1a: Dondozo|atk|1
|-boost|p1a: Dondozo|def|1
|
|-heal|p2a: WhaDaDogDoin?|99/100|[from] item: Leftovers
|turn|6
|
|move|p2a: WhaDaDogDoin?|Body Press|p1a: Dondozo
|-damage|p1a: Dondozo|40/100
|move|p1a: Dondozo|Curse|p1a: Dondozo
|-unboost|p1a: Dondozo|spe|1
|-boost|p1a: Dondozo|atk|1
|-boost|p1a: Dondozo|def|1
|
|-heal|p2a: WhaDaDogDoin?|100/100|[from] item: Leftovers
|turn|7
|
|move|p2a: WhaDaDogDoin?|Body Press|p1a: Dondozo
|-damage|p1a: Dondozo|28/100
|move|p1a: Dondozo|Liquidation|p2a: WhaDaDogDoin?
|-end|p2a: WhaDaDogDoin?|Substitute
|
|turn|8
|
|move|p2a: WhaDaDogDoin?|Body Press|p1a: Dondozo
|-damage|p1a: Dondozo|16/100
|move|p1a: Dondozo|Rest|p1a: Dondozo
|-status|p1a: Dondozo|slp|[from] move: Rest
|-heal|p1a: Dondozo|100/100 slp|[silent]
|
|turn|9
|
|switch|p2a: Lil Homie|Toxapex, M|100/100
|-damage|p2a: Lil Homie|76/100|[from] Spikes
|cant|p1a: Dondozo|slp
|move|p1a: Dondozo|Sleep Talk|p1a: Dondozo
|move|p1a: Dondozo|Curse|p1a: Dondozo|[from]move: Sleep Talk
|-unboost|p1a: Dondozo|spe|1
|-boost|p1a: Dondozo|atk|1
|-boost|p1a: Dondozo|def|1
|
|-heal|p2a: Lil Homie|82/100|[from] item: Leftovers
|turn|10
|
|switch|p1a: Landorus|Landorus-Therian, M|100/100
|-ability|p1a: Landorus|Intimidate|boost
|-unboost|p2a: Lil Homie|atk|1
|move|p2a: Lil Homie|Haze|p2a: Lil Homie
|-clearallboost
|
|-heal|p2a: Lil Homie|88/100|[from] item: Leftovers
|turn|11
|
|switch|p2a: Great Josh|Great Tusk|100/100
|-enditem|p2a: Great Josh|Booster Energy
|-activate|p2a: Great Josh|ability: Protosynthesis|[fromitem]
|-start|p2a: Great Josh|protosynthesisspe
|-damage|p2a: Great Josh|76/100|[from] Spikes
|move|p1a: Landorus|Stealth Rock|p2a: Great Josh
|-sidestart|p2: p2|move: Stealth Rock
|
|turn|12
|
|move|p2a: Great Josh|Rapid Spin|p1a: Landorus
|-damage|p1a: Landorus|86/100
|-boost|p2a: Great Josh|spe|1
|-sideend|p2: p2|Spikes|[from] move: Rapid Spin|[of] p2a: Great Josh
|-sideend|p2: p2|Stealth Rock|[from] move: Rapid Spin|[of] p2a: Great Josh
|move|p1a: Landorus|Grass Knot|p2a: Great Josh
|-supereffective|p2a: Great Josh
|-damage|p2a: Great Josh|6/100
|
|-heal|p1a: Landorus|92/100|[from] item: Leftovers
|turn|13
|
|switch|p1a: Dondozo|Dondozo, F|100/100 slp
|move|p2a: Great Josh|Knock Off|p1a: Dondozo
|-damage|p1a: Dondozo|84/100 slp
|-enditem|p1a: Dondozo|Heavy-Duty Boots|[from] move: Knock Off|[of] p2a: Great Josh
|
|turn|14
|
|move|p2a: Great Josh|Stealth Rock|p1a: Dondozo
|-sidestart|p1: p1|move: Stealth Rock
|cant|p1a: Dondozo|slp
|
|turn|15
|
|-end|p2a: Great Josh|Protosynthesis|[silent]
|switch|p2a: Lil Homie|Toxapex, M|100/100
|-curestatus|p1a: Dondozo|slp|[msg]
|move|p1a: Dondozo|Liquidation|p2a: Lil Homie
|-resisted|p2a: Lil Homie
|-damage|p2a: Lil Homie|89/100
|
|-heal|p2a: Lil Homie|95/100|[from] item: Leftovers
|turn|16
|
|switch|p1a: Samurott|Samurott-Hisui, M|100/100
|-damage|p1a: Samurott|88/100|[from] Stealth Rock
|move|p2a: Lil Homie|Toxic Spikes|p1a: Samurott
|-sidestart|p1: p1|move: Toxic Spikes
|
|-heal|p2a: Lil Homie|100/100|[from] item: Leftovers
|turn|17
|
|switch|p2a: WhaDaDogDoin?|Zamazenta|100/100
|move|p1a: Samurott|Ceaseless Edge|p2a: WhaDaDogDoin?
|-resisted|p2a: WhaDaDogDoin?
|-damage|p2a: WhaDaDogDoin?|84/100
|-sidestart|p2: p2|Spikes
|
|-heal|p2a: WhaDaDogDoin?|90/100|[from] item: Leftovers
|turn|18
|
|move|p2a: WhaDaDogDoin?|Iron Defense|p2a: WhaDaDogDoin?
|-boost|p2a: WhaDaDogDoin?|def|2
|move|p1a: Samurott|Ceaseless Edge|p2a: WhaDaDogDoin?
|-resisted|p2a: WhaDaDogDoin?
|-damage|p2a: WhaDaDogDoin?|80/100
|-sidestart|p2: p2|Spikes
|
|-heal|p2a: WhaDaDogDoin?|86/100|[from] item: Leftovers
|turn|19
|
|move|p2a: WhaDaDogDoin?|Substitute|p2a: WhaDaDogDoin?
|-start|p2a: WhaDaDogDoin?|Substitute
|-damage|p2a: WhaDaDogDoin?|61/100
|move|p1a: Samurott|Ceaseless Edge|p2a: WhaDaDogDoin?
|-resisted|p2a: WhaDaDogDoin?
|-activate|p2a: WhaDaDogDoin?|move: Substitute|[damage]
|-sidestart|p2: p2|Spikes
|
|-heal|p2a: WhaDaDogDoin?|68/100|[from] item: Leftovers
|turn|20
|
|switch|p1a: Dondozo|Dondozo, F|84/100
|-damage|p1a: Dondozo|72/100|[from] Stealth Rock
|-status|p1a: Dondozo|psn
|move|p2a: WhaDaDogDoin?|Iron Defense|p2a: WhaDaDogDoin?
|-boost|p2a: WhaDaDogDoin?|def|2
|
|-heal|p2a: WhaDaDogDoin?|74/100|[from] item: Leftovers
|-damage|p1a: Dondozo|59/100 psn|[from] psn
|turn|21
|
|move|p2a: WhaDaDogDoin?|Body Press|p1a: Dondozo
|-damage|p1a: Dondozo|35/100 psn
|move|p1a: Dondozo|Rest|p1a: Dondozo
|-status|p1a: Dondozo|slp|[from] move: Rest
|-heal|p1a: Dondozo|100/100 slp|[silent]
|
|-heal|p2a: WhaDaDogDoin?|80/100|[from] item: Leftovers
|turn|22
|
|switch|p2a: Dr. Proof|Iron Valiant|100/100
|-enditem|p2a: Dr. Proof|Booster Energy
|-activate|p2a: Dr. Proof|ability: Quark Drive|[fromitem]
|-start|p2a: Dr. Proof|quarkdrivespe
|-damage|p2a: Dr. Proof|76/100|[from] Spikes
|cant|p1a: Dondozo|slp
|move|p1a: Dondozo|Sleep Talk|p1a: Dondozo
|move|p1a: Dondozo|Rest||[from]move: Sleep Talk|[still]
|-fail|p1a: Dondozo
|
|turn|23
|
|switch|p1a: Landorus|Landorus-Therian, M|92/100
|-damage|p1a: Landorus|80/100|[from] Stealth Rock
|-ability|p1a: Landorus|Intimidate|boost
|-unboost|p2a: Dr. Proof|atk|1
|move|p2a: Dr. Proof|Thunderbolt|p1a: Landorus
|-immune|p1a: Landorus
|
|-heal|p1a: Landorus|86/100|[from] item: Leftovers
|turn|24
|
|-end|p2a: Dr. Proof|Quark Drive|[silent]
|switch|p2a: Great Josh|Great Tusk|6/100
|-damage|p2a: Great Josh|0 fnt|[from] Spikes
|faint|p2a: Great Josh
|-end|p2a: Great Josh|Protosynthesis|[silent]
|move|p1a: Landorus|Earthquake|p2: Great Josh|[notarget]
|-fail|p1a: Landorus
|
|-heal|p1a: Landorus|92/100|[from] item: Leftovers
|
|switch|p2a: Uber|Dragapult, F|100/100
|-damage|p2a: Uber|75/100|[from] Spikes
|turn|25
|
|move|p2a: Uber|Reflect|p2a: Uber
|-sidestart|p2: p2|Reflect
|move|p1a: Landorus|Earthquake|p2a: Uber
|-damage|p2a: Uber|49/100
|
|-heal|p1a: Landorus|98/100|[from] item: Leftovers
|turn|26
|
|move|p2a: Uber|Will-O-Wisp|p1a: Landorus
|-status|p1a: Landorus|brn
|move|p1a: Landorus|Stealth Rock|p2a: Uber
|-sidestart|p2: p2|move: Stealth Rock
|
|-heal|p1a: Landorus|100/100 brn|[from] item: Leftovers
|-damage|p1a: Landorus|94/100 brn|[from] brn
|turn|27
|
|move|p2a: Uber|Light Screen|p2a: Uber
|-sidestart|p2: p2|move: Light Screen
|move|p1a: Landorus|Earthquake|p2a: Uber
|-damage|p2a: Uber|35/100
|
|-heal|p1a: Landorus|100/100 brn|[from] item: Leftovers
|-damage|p1a: Landorus|94/100 brn|[from] brn
|turn|28
|
|move|p2a: Uber|Hex|p1a: Landorus
|-damage|p1a: Landorus|55/100 brn
|move|p1a: Landorus|U-turn|p2a: Uber
|-resisted|p2a: Uber
|-damage|p2a: Uber|32/100
|
|switch|p1a: Samurott|Samurott-Hisui, M|88/100|[from] U-turn
|-damage|p1a: Samurott|76/100|[from] Stealth Rock
|-status|p1a: Samurott|psn
|
|-damage|p1a: Samurott|63/100 psn|[from] psn
|turn|29
|
|switch|p2a: Lil Homie|Toxapex, M|100/100
|-damage|p2a: Lil Homie|76/100|[from] Spikes
|-damage|p2a: Lil Homie|63/100|[from] Stealth Rock
|move|p1a: Samurott|Ceaseless Edge|p2a: Lil Homie
|-damage|p2a: Lil Homie|43/100
|
|-heal|p2a: Lil Homie|49/100|[from] item: Leftovers
|-damage|p1a: Samurott|51/100 psn|[from] psn
|turn|30
|
|switch|p1a: Hoopa|Hoopa-Unbound|100/100
|-damage|p1a: Hoopa|88/100|[from] Stealth Rock
|-status|p1a: Hoopa|psn
|switch|p2a: WhaDaDogDoin?|Zamazenta|80/100
|-damage|p2a: WhaDaDogDoin?|55/100|[from] Spikes
|-damage|p2a: WhaDaDogDoin?|49/100|[from] Stealth Rock
|
|-heal|p2a: WhaDaDogDoin?|55/100|[from] item: Leftovers
|-damage|p1a: Hoopa|76/100 psn|[from] psn
|turn|31
|
|move|p2a: WhaDaDogDoin?|Body Press|p1a: Hoopa
|-damage|p1a: Hoopa|1/100 psn
|move|p1a: Hoopa|Psychic|p2a: WhaDaDogDoin?
|-supereffective|p2a: WhaDaDogDoin?
|-damage|p2a: WhaDaDogDoin?|0 fnt
|faint|p2a: WhaDaDogDoin?
|
|-damage|p1a: Hoopa|0 fnt|[from] psn
|faint|p1a: Hoopa
|
|switch|p2a: Dr. Proof|Iron Valiant|76/100
|switch|p1a: Landorus|Landorus-Therian, M|55/100 brn
|-damage|p2a: Dr. Proof|51/100|[from] Spikes
|-damage|p2a: Dr. Proof|44/100|[from] Stealth Rock
|-damage|p1a: Landorus|43/100 brn|[from] Stealth Rock
|-ability|p1a: Landorus|Intimidate|boost
|-unboost|p2a: Dr. Proof|atk|1
|turn|32
|
|move|p2a: Dr. Proof|Moonblast|p1a: Landorus
|-damage|p1a: Landorus|2/100 brn
|-unboost|p1a: Landorus|spa|1
|move|p1a: Landorus|Grass Knot|p2a: Dr. Proof
|-damage|p2a: Dr. Proof|35/100
|
|-heal|p1a: Landorus|8/100 brn|[from] item: Leftovers
|-damage|p1a: Landorus|2/100 brn|[from] brn
|-sideend|p2: p2|Reflect
|turn|33
|
|move|p2a: Dr. Proof|Moonblast|p1a: Landorus
|-damage|p1a: Landorus|0 fnt
|faint|p1a: Landorus
|
|
|switch|p1a: Samurott|Samurott-Hisui, M|51/100 psn
|-damage|p1a: Samurott|38/100 psn|[from] Stealth Rock
|turn|34
|
|move|p1a: Samurott|Aqua Jet|p2a: Dr. Proof
|-damage|p2a: Dr. Proof|8/100
|move|p2a: Dr. Proof|Moonblast|p1a: Samurott
|-supereffective|p1a: Samurott
|-damage|p1a: Samurott|0 fnt
|faint|p1a: Samurott
|
|-sideend|p2: p2|move: Light Screen
|
|switch|p1a: Chien-Pao|Chien-Pao|100/100
|-damage|p1a: Chien-Pao|76/100|[from] Stealth Rock
|-status|p1a: Chien-Pao|psn
|-ability|p1a: Chien-Pao|Sword of Ruin
|turn|35
|
|move|p1a: Chien-Pao|Ice Shard|p2a: Dr. Proof
|-damage|p2a: Dr. Proof|0 fnt
|faint|p2a: Dr. Proof
|-end|p2a: Dr. Proof|Quark Drive|[silent]
|
|-damage|p1a: Chien-Pao|63/100 psn|[from] psn
|
|switch|p2a: Balanced|Magearna|100/100
|-damage|p2a: Balanced|76/100|[from] Spikes
|-damage|p2a: Balanced|70/100|[from] Stealth Rock
|turn|36
|
|switch|p1a: Urshifu|Urshifu-Rapid-Strike, F|100/100
|-damage|p1a: Urshifu|94/100|[from] Stealth Rock
|-status|p1a: Urshifu|psn
|-terastallize|p2a: Balanced|Water
|move|p2a: Balanced|Shift Gear|p2a: Balanced
|-boost|p2a: Balanced|spe|2
|-boost|p2a: Balanced|atk|1
|-enditem|p1a: Urshifu|Mirror Herb
|-boost|p1a: Urshifu|spe|2|[from] item: Mirror Herb
|-boost|p1a: Urshifu|atk|1|[from] item: Mirror Herb
|
|-damage|p1a: Urshifu|82/100 psn|[from] psn
|turn|37
|
|-terastallize|p1a: Urshifu|Water
|move|p1a: Urshifu|Swords Dance|p1a: Urshifu
|-boost|p1a: Urshifu|atk|2
|move|p2a: Balanced|Draining Kiss|p1a: Urshifu
|-damage|p1a: Urshifu|26/100 psn
|-heal|p2a: Balanced|100/100|[from] drain|[of] p1a: Urshifu
|-damage|p2a: Balanced|91/100|[from] item: Life Orb
|
|-damage|p1a: Urshifu|14/100 psn|[from] psn
|turn|38
|
|move|p1a: Urshifu|Drain Punch|p2a: Balanced
|-damage|p2a: Balanced|0 fnt
|-heal|p1a: Urshifu|54/100 psn|[from] drain|[of] p2a: Balanced
|faint|p2a: Balanced
|
|-damage|p1a: Urshifu|41/100 psn|[from] psn
|
|switch|p2a: Lil Homie|Toxapex, M|82/100
|-damage|p2a: Lil Homie|57/100|[from] Spikes
|-damage|p2a: Lil Homie|45/100|[from] Stealth Rock
|turn|39
|
|move|p1a: Urshifu|Acrobatics|p2a: Lil Homie
|-damage|p2a: Lil Homie|0 fnt
|faint|p2a: Lil Homie
|
|-damage|p1a: Urshifu|29/100 psn|[from] psn
|-message|p2 forfeited.
|
|win|p1
