|poke|p1|Sneasler, M|
|poke|p1|Gholdengo|
|poke|p1|Avalugg-Hisui, M|
|poke|p1|Glimmora, F|
|poke|p1|Zoroark-Hisui, F|
|poke|p1|Vaporeon, M|
|poke|p2|Skeledirge, M|
|poke|p2|Magearna|
|poke|p2|Zapdos|
|poke|p2|Toxapex, F|
|poke|p2|Iron Treads|
|poke|p2|Landorus-Therian, M|
|teampreview
|
|start
|switch|p1a: Avalugg|Avalugg-Hisui, M|100/100
|switch|p2a: Magearna|Magearna|100/100
|turn|1
|
|switch|p1a: Gholdengo|Gholdengo|100/100
|move|p2a: Magearna|Iron Defense|p2a: Magearna
|-boost|p2a: Magearna|def|2
|
|turn|2
|
|switch|p2a: Landorus|Landorus-Therian, M|100/100
|-ability|p2a: Landorus|Intimidate|boost
|-unboost|p1a: Gholdengo|atk|1
|move|p1a: Gholdengo|Thunder Wave|p2a: Landorus
|-immune|p2a: Landorus
|
|turn|3
|
|switch|p1a: Glimmora|Glimmora, F|100/100
|move|p2a: Landorus|U-turn|p1a: Glimmora
|-resisted|p1a: Glimmora
|-damage|p1a: Glimmora|85/100
|-activate|p1a: Glimmora|ability: Toxic Debris
|-sidestart|p2: p2|move: Toxic Spikes
|
|switch|p2a: Magearna|Magearna|100/100|[from] U-turn
|
|turn|4
|
|move|p1a: Glimmora|Earth Power|p2a: Magearna
|-supereffective|p2a: Magearna
|-damage|p2a: Magearna|59/100
|move|p2a: Magearna|Calm Mind|p2a: Magearna
|-boost|p2a: Magearna|spa|1
|-boost|p2a: Magearna|spd|1
|
|-heal|p2a: Magearna|65/100|[from] item: Leftovers
|turn|5
|
|switch|p1a: Gholdengo|Gholdengo|100/100
|-terastallize|p2a: Magearna|Flying
|move|p2a: Magearna|Calm Mind|p2a: Magearna
|-boost|p2a: Magearna|spa|1
|-boost|p2a: Magearna|spd|1
|
|-heal|p2a: Magearna|71/100|[from] item: Leftovers
|turn|6
|
|move|p1a: Gholdengo|Thunder Wave|p2a: Magearna
|-status|p2a: Magearna|par
|move|p2a: Magearna|Iron Defense|p2a: Magearna
|-boost|p2a: Magearna|def|2
|
|-heal|p2a: Magearna|77/100 par|[from] item: Leftovers
|turn|7
|
|move|p1a: Gholdengo|Hex|p2a: Magearna
|-damage|p2a: Magearna|58/100 par
|move|p2a: Magearna|Calm Mind|p2a: Magearna
|-boost|p2a: Magearna|spa|1
|-boost|p2a: Magearna|spd|1
|
|-heal|p2a: Magearna|64/100 par|[from] item: Leftovers
|turn|8
|
|move|p1a: Gholdengo|Hex|p2a: Magearna
|-damage|p2a: Magearna|47/100 par
|cant|p2a: Magearna|par
|
|-heal|p2a: Magearna|53/100 par|[from] item: Leftovers
|turn|9
|
|move|p1a: Gholdengo|Hex|p2a: Magearna
|-damage|p2a: Magearna|38/100 par
|move|p2a: Magearna|Draining Kiss|p1a: Gholdengo
|-resisted|p1a: Gholdengo
|-damage|p1a: Gholdengo|78/100
|-heal|p2a: Magearna|55/100 par|[from] drain|[of] p1a: Gholdengo
|
|-heal|p1a: Gholdengo|84/100|[from] item: Leftovers
|-heal|p2a: Magearna|61/100 par|[from] item: Leftovers
|turn|10
|
|switch|p1a: Sneasler|Sneasler, M|100/100
|cant|p2a: Magearna|par
|
|-heal|p2a: Magearna|68/100 par|[from] item: Leftovers
|turn|11
|
|move|p1a: Sneasler|Swords Dance|p1a: Sneasler
|-boost|p1a: Sneasler|atk|2
|move|p2a: Magearna|Iron Defense|p2a: Magearna
|-boost|p2a: Magearna|def|2
|
|-heal|p2a: Magearna|74/100 par|[from] item: Leftovers
|turn|12
|
|move|p1a: Sneasler|Dire Claw|p2a: Magearna
|-damage|p2a: Magearna|50/100 par
|move|p2a: Magearna|Draining Kiss|p1a: Sneasler
|-damage|p1a: Sneasler|32/100
|-heal|p2a: Magearna|93/100 par|[from] drain|[of] p1a: Sneasler
|
|-heal|p2a: Magearna|99/100 par|[from] item: Leftovers
|turn|13
|
|move|p1a: Sneasler|Dire Claw|p2a: Magearna
|-damage|p2a: Magearna|78/100 par
|move|p2a: Magearna|Draining Kiss|p1a: Sneasler
|-damage|p1a: Sneasler|0 fnt
|-heal|p2a: Magearna|98/100 par|[from] drain|[of] p1a: Sneasler
|faint|p1a: Sneasler
|-ability|p2a: Magearna|Soul-Heart|boost
|-boost|p2a: Magearna|spa|1
|
|-heal|p2a: Magearna|100/100 par|[from] item: Leftovers
|-message|p1 forfeited.
|
|win|p2
