|poke|p1|Hatterene, F|
|poke|p1|Kingambit, M|
|poke|p1|Great Tusk|
|poke|p1|Glimmora, M|
|poke|p1|Iron Valiant|
|poke|p1|Gholdengo|
|poke|p2|Pelipper, M|
|poke|p2|Floatzel, M|
|poke|p2|Azumarill, F|
|poke|p2|Golduck, F|
|poke|p2|Pawmot, F|
|poke|p2|Toedscruel, M|
|teampreview
|
|start
|switch|p1a: Glimmora|Glimmora, M|100/100
|switch|p2a: Spaghetti Memory|Toedscruel, M|100/100
|turn|1
|
|move|p1a: Glimmora|Stealth Rock|p2a: Spaghetti Memory
|-sidestart|p2: OUDJ UU to Suspect|move: Stealth Rock
|move|p2a: Spaghetti Memory|Spikes|p1a: Glimmora
|-sidestart|p1: KeshBa45|Spikes
|
|turn|2
|
|move|p1a: Glimmora|Sludge Bomb|p2a: Spaghetti Memory
|-damage|p2a: Spaghetti Memory|69/100
|-status|p2a: Spaghetti Memory|psn
|move|p2a: Spaghetti Memory|Rapid Spin|p1a: Glimmora
|-resisted|p1a: Glimmora
|-damage|p1a: Glimmora|96/100
|-boost|p2a: Spaghetti Memory|spe|1
|-activate|p1a: Glimmora|ability: Toxic Debris
|-sidestart|p2: OUDJ UU to Suspect|move: Toxic Spikes
|-sideend|p2: OUDJ UU to Suspect|Toxic Spikes|[from] move: Rapid Spin|[of] p2a: Spaghetti Memory
|-sideend|p2: OUDJ UU to Suspect|Stealth Rock|[from] move: Rapid Spin|[of] p2a: Spaghetti Memory
|
|-damage|p2a: Spaghetti Memory|57/100 psn|[from] psn
|turn|3
|
|move|p1a: Glimmora|Stealth Rock|p2a: Spaghetti Memory
|-sidestart|p2: OUDJ UU to Suspect|move: Stealth Rock
|move|p2a: Spaghetti Memory|Spore|p1a: Glimmora
|-status|p1a: Glimmora|slp|[from] move: Spore
|
|-damage|p2a: Spaghetti Memory|44/100 psn|[from] psn
|turn|4
|
|switch|p1a: Gholdengo|Gholdengo|100/100
|-damage|p1a: Gholdengo|88/100|[from] Spikes
|move|p2a: Spaghetti Memory|Rapid Spin|p1a: Gholdengo
|-immune|p1a: Gholdengo
|
|-damage|p2a: Spaghetti Memory|32/100 psn|[from] psn
|turn|5
|
|move|p1a: Gholdengo|Make It Rain|p2a: Spaghetti Memory
|-damage|p2a: Spaghetti Memory|0 fnt
|-unboost|p1a: Gholdengo|spa|1
|faint|p2a: Spaghetti Memory
|
|
|switch|p2a: Ghoti carrier|Pelipper, M|100/100
|-damage|p2a: Ghoti carrier|76/100|[from] Stealth Rock
|-weather|RainDance|[from] ability: Drizzle|[of] p2a: Ghoti carrier
|turn|6
|
|switch|p1a: Glimmora|Glimmora, M|96/100 slp
|-damage|p1a: Glimmora|83/100 slp|[from] Spikes
|move|p2a: Ghoti carrier|U-turn|p1a: Glimmora
|-resisted|p1a: Glimmora
|-damage|p1a: Glimmora|77/100 slp
|-activate|p1a: Glimmora|ability: Toxic Debris
|-sidestart|p2: OUDJ UU to Suspect|move: Toxic Spikes
|
|switch|p2a: Really want eject|Pawmot, F|100/100|[from] U-turn
|-damage|p2a: Really want eject|94/100|[from] Stealth Rock
|-status|p2a: Really want eject|psn
|
|-weather|RainDance|[upkeep]
|-damage|p2a: Really want eject|82/100 psn|[from] psn
|turn|7
|
|move|p2a: Really want eject|Revival Blessing|p2a: Really want eject
|-enditem|p2a: Really want eject|Leppa Berry|[eat]
|-activate|p2a: Really want eject|item: Leppa Berry|Revival Blessing|[consumed]
|
|-heal|p2: Spaghetti Memory|50/100|[from] move: Revival Blessing
|cant|p1a: Glimmora|slp
|
|-weather|RainDance|[upkeep]
|-damage|p2a: Really want eject|69/100 psn|[from] psn
|turn|8
|
|switch|p2a: Seaking Duck|Golduck, F|100/100
|-damage|p2a: Seaking Duck|88/100|[from] Stealth Rock
|-status|p2a: Seaking Duck|psn
|cant|p1a: Glimmora|slp
|
|-weather|RainDance|[upkeep]
|-damage|p2a: Seaking Duck|76/100 psn|[from] psn
|turn|9
|
|move|p2a: Seaking Duck|Surf|p1a: Glimmora
|-supereffective|p1a: Glimmora
|-damage|p1a: Glimmora|0 fnt
|faint|p1a: Glimmora
|-damage|p2a: Seaking Duck|66/100 psn|[from] item: Life Orb
|
|-weather|RainDance|[upkeep]
|-damage|p2a: Seaking Duck|54/100 psn|[from] psn
|
|switch|p1a: Iron Valiant|Iron Valiant|100/100
|-damage|p1a: Iron Valiant|88/100|[from] Spikes
|-enditem|p1a: Iron Valiant|Booster Energy
|-activate|p1a: Iron Valiant|ability: Quark Drive|[fromitem]
|-start|p1a: Iron Valiant|quarkdrivespe
|turn|10
|
|switch|p2a: Spaghetti Memory|Toedscruel, M|50/100
|-damage|p2a: Spaghetti Memory|44/100|[from] Stealth Rock
|-status|p2a: Spaghetti Memory|psn
|move|p1a: Iron Valiant|Moonblast|p2a: Spaghetti Memory
|-damage|p2a: Spaghetti Memory|15/100 psn
|
|-weather|RainDance|[upkeep]
|-damage|p2a: Spaghetti Memory|2/100 psn|[from] psn
|turn|11
|
|move|p1a: Iron Valiant|Moonblast|p2a: Spaghetti Memory
|-damage|p2a: Spaghetti Memory|0 fnt
|faint|p2a: Spaghetti Memory
|
|-weather|RainDance|[upkeep]
|
|switch|p2a: BandedSkewda|Floatzel, M|100/100
|-damage|p2a: BandedSkewda|88/100|[from] Stealth Rock
|-status|p2a: BandedSkewda|psn
|turn|12
|
|move|p2a: BandedSkewda|Liquidation|p1a: Iron Valiant
|-damage|p1a: Iron Valiant|0 fnt
|faint|p1a: Iron Valiant
|-end|p1a: Iron Valiant|Quark Drive|[silent]
|
|-weather|RainDance|[upkeep]
|-damage|p2a: BandedSkewda|76/100 psn|[from] psn
|
|switch|p1a: Kingambit|Kingambit, M|100/100
|-damage|p1a: Kingambit|88/100|[from] Spikes
|-activate|p1a: Kingambit|ability: Supreme Overlord
|-start|p1a: Kingambit|fallen2|[silent]
|turn|13
|
|switch|p2a: Really want eject|Pawmot, F|69/100 psn
|-damage|p2a: Really want eject|63/100 psn|[from] Stealth Rock
|move|p1a: Kingambit|Sucker Punch||[still]
|-fail|p1a: Kingambit
|
|-weather|none
|-damage|p2a: Really want eject|51/100 psn|[from] psn
|turn|14
|
|switch|p2a: Ghoti carrier|Pelipper, M|76/100
|-damage|p2a: Ghoti carrier|51/100|[from] Stealth Rock
|-weather|RainDance|[from] ability: Drizzle|[of] p2a: Ghoti carrier
|-end|p1a: Kingambit|fallen2|[silent]
|switch|p1a: Hatterene|Hatterene, F|100/100
|-damage|p1a: Hatterene|88/100|[from] Spikes
|
|-weather|RainDance|[upkeep]
|turn|15
|
|move|p2a: Ghoti carrier|Roost|p2a: Ghoti carrier
|-heal|p2a: Ghoti carrier|100/100
|-singleturn|p2a: Ghoti carrier|move: Roost
|move|p1a: Hatterene|Trick Room|p1a: Hatterene
|-fieldstart|move: Trick Room|[of] p1a: Hatterene
|
|-weather|RainDance|[upkeep]
|turn|16
|
|move|p1a: Hatterene|Dazzling Gleam|p2a: Ghoti carrier
|-damage|p2a: Ghoti carrier|54/100
|move|p2a: Ghoti carrier|Surf|p1a: Hatterene
|-damage|p1a: Hatterene|37/100
|
|-weather|RainDance|[upkeep]
|turn|17
|
|move|p1a: Hatterene|Healing Wish|p1a: Hatterene
|faint|p1a: Hatterene
|move|p2a: Ghoti carrier|Roost|p2a: Ghoti carrier
|-heal|p2a: Ghoti carrier|100/100
|-singleturn|p2a: Ghoti carrier|move: Roost
|
|-weather|RainDance|[upkeep]
|
|switch|p1a: Kingambit|Kingambit, M|88/100
|-heal|p1a: Kingambit|100/100|[from] move: Healing Wish
|-damage|p1a: Kingambit|88/100|[from] Spikes
|-activate|p1a: Kingambit|ability: Supreme Overlord
|-start|p1a: Kingambit|fallen3|[silent]
|turn|18
|
|move|p1a: Kingambit|Swords Dance|p1a: Kingambit
|-boost|p1a: Kingambit|atk|2
|move|p2a: Ghoti carrier|Surf|p1a: Kingambit
|-damage|p1a: Kingambit|43/100
|
|-weather|RainDance|[upkeep]
|turn|19
|
|switch|p2a: Really want eject|Pawmot, F|51/100 psn
|-damage|p2a: Really want eject|45/100 psn|[from] Stealth Rock
|move|p1a: Kingambit|Kowtow Cleave|p2a: Really want eject
|-resisted|p2a: Really want eject
|-damage|p2a: Really want eject|0 fnt
|faint|p2a: Really want eject
|
|-weather|RainDance|[upkeep]
|-fieldend|move: Trick Room
|
|switch|p2a: The Goat|Azumarill, F|100/100
|-damage|p2a: The Goat|88/100|[from] Stealth Rock
|-status|p2a: The Goat|psn
|turn|20
|
|move|p2a: The Goat|Liquidation|p1a: Kingambit
|-damage|p1a: Kingambit|0 fnt
|faint|p1a: Kingambit
|-end|p1a: Kingambit|fallen3|[silent]
|
|-weather|RainDance|[upkeep]
|-damage|p2a: The Goat|76/100 psn|[from] psn
|
|switch|p1a: Great Tusk|Great Tusk|100/100
|-damage|p1a: Great Tusk|88/100|[from] Spikes
|turn|21
|
|move|p1a: Great Tusk|Headlong Rush|p2a: The Goat
|-damage|p2a: The Goat|9/100 psn
|-unboost|p1a: Great Tusk|def|1
|-unboost|p1a: Great Tusk|spd|1
|-enditem|p2a: The Goat|Sitrus Berry|[eat]
|-heal|p2a: The Goat|34/100 psn|[from] item: Sitrus Berry
|move|p2a: The Goat|Belly Drum||[still]
|-fail|p2a: The Goat
|
|-weather|none
|-heal|p1a: Great Tusk|94/100|[from] item: Leftovers
|-damage|p2a: The Goat|22/100 psn|[from] psn
|turn|22
|
|move|p1a: Great Tusk|Rapid Spin|p2a: The Goat
|-damage|p2a: The Goat|3/100 psn
|-boost|p1a: Great Tusk|spe|1
|-sideend|p1: KeshBa45|Spikes|[from] move: Rapid Spin|[of] p1a: Great Tusk
|move|p2a: The Goat|Liquidation|p1a: Great Tusk
|-supereffective|p1a: Great Tusk
|-damage|p1a: Great Tusk|0 fnt
|faint|p1a: Great Tusk
|-end|p1a: Great Tusk|Protosynthesis|[silent]
|
|-damage|p2a: The Goat|0 fnt|[from] psn
|faint|p2a: The Goat
|
|switch|p1a: Gholdengo|Gholdengo|88/100
|switch|p2a: BandedSkewda|Floatzel, M|76/100 psn
|-damage|p2a: BandedSkewda|64/100 psn|[from] Stealth Rock
|turn|23
|
|-terastallize|p2a: BandedSkewda|Water
|move|p1a: Gholdengo|Shadow Ball|p2a: BandedSkewda
|-damage|p2a: BandedSkewda|0 fnt
|faint|p2a: BandedSkewda
|
|
|switch|p2a: Ghoti carrier|Pelipper, M|100/100
|-damage|p2a: Ghoti carrier|76/100|[from] Stealth Rock
|-weather|RainDance|[from] ability: Drizzle|[of] p2a: Ghoti carrier
|turn|24
|
|move|p1a: Gholdengo|Shadow Ball|p2a: Ghoti carrier
|-damage|p2a: Ghoti carrier|36/100
|-unboost|p2a: Ghoti carrier|spd|1
|move|p2a: Ghoti carrier|Surf|p1a: Gholdengo
|-damage|p1a: Gholdengo|36/100
|
|-weather|RainDance|[upkeep]
|turn|25
|
|move|p1a: Gholdengo|Shadow Ball|p2a: Ghoti carrier
|-damage|p2a: Ghoti carrier|0 fnt
|faint|p2a: Ghoti carrier
|
|-weather|RainDance|[upkeep]
|
|switch|p2a: Seaking Duck|Golduck, F|54/100 psn
|-damage|p2a: Seaking Duck|41/100 psn|[from] Stealth Rock
|turn|26
|
|move|p2a: Seaking Duck|Surf|p1a: Gholdengo
|-damage|p1a: Gholdengo|0 fnt
|faint|p1a: Gholdengo
|-damage|p2a: Seaking Duck|31/100 psn|[from] item: Life Orb
|
|win|OUDJ UU to Suspect
||Ladder isn't responding, score probably updated but might not have (Request timeout).
