|poke|p1|Maushold|
|poke|p1|Sneasler, M|
|poke|p1|Garchomp, M|
|poke|p1|Gholdengo|
|poke|p1|Zapdos|
|poke|p1|Samurott-Hisui, M|
|poke|p2|Glimmora, F|
|poke|p2|Dragapult, M|
|poke|p2|Hoopa-Unbound|
|poke|p2|Magearna|
|poke|p2|Dondozo, M|
|poke|p2|Zamazenta-*|
|teampreview
|
|start
|switch|p1a: Mr. Craw|Samurott-Hisui, M|100/100
|switch|p2a: Dragapult|Dragapult, M|100/100
|turn|1
|
|move|p2a: Dragapult|Thunderbolt|p1a: Mr. Craw
|-supereffective|p1a: Mr. Craw
|-damage|p1a: Mr. Craw|57/100
|move|p1a: Mr. Craw|Knock Off|p2a: Dragapult
|-supereffective|p2a: Dragapult
|-damage|p2a: Dragapult|5/100
|-enditem|p2a: Dragapult|Choice Specs|[from] move: Knock Off|[of] p1a: Mr. Craw
|
|turn|2
|
|switch|p2a: Zamazenta|Zamazenta-Crowned|100/100
|-ability|p2a: Zamazenta|Dauntless Shield|boost
|-boost|p2a: Zamazenta|def|1
|move|p1a: Mr. Craw|Ceaseless Edge|p2a: Zamazenta
|-resisted|p2a: Zamazenta
|-damage|p2a: Zamazenta|92/100
|-sidestart|p2: p2|Spikes
|
|turn|3
|
|switch|p1a: Pls Para|Zapdos|100/100
|move|p2a: Zamazenta|Iron Defense|p2a: Zamazenta
|-boost|p2a: Zamazenta|def|2
|
|turn|4
|
|move|p2a: Zamazenta|Body Press|p1a: Pls Para
|-resisted|p1a: Pls Para
|-damage|p1a: Pls Para|56/100
|move|p1a: Pls Para|Volt Switch|p2a: Zamazenta
|-damage|p2a: Zamazenta|69/100
|
|switch|p1a: Mice X Family|Maushold|100/100|[from] Volt Switch
|
|turn|5
|
|-terastallize|p1a: Mice X Family|Ghost
|move|p2a: Zamazenta|Body Press|p1a: Mice X Family
|-immune|p1a: Mice X Family
|move|p1a: Mice X Family|Encore|p2a: Zamazenta
|-start|p2a: Zamazenta|Encore
|
|turn|6
|
|switch|p2a: Dragapult|Dragapult, M|5/100
|-damage|p2a: Dragapult|0 fnt|[from] Spikes
|faint|p2a: Dragapult
|move|p1a: Mice X Family|Population Bomb|p2: Dragapult|[notarget]
|-fail|p1a: Mice X Family
|
|
|switch|p2a: Dondozo|Dondozo, M|100/100
|-damage|p2a: Dondozo|88/100|[from] Spikes
|turn|7
|
|move|p1a: Mice X Family|Population Bomb|p2a: Dondozo
|-damage|p2a: Dondozo|83/100
|-damage|p2a: Dondozo|78/100
|-damage|p2a: Dondozo|74/100
|-damage|p2a: Dondozo|68/100
|-damage|p2a: Dondozo|63/100
|-damage|p2a: Dondozo|58/100
|-damage|p2a: Dondozo|53/100
|-damage|p2a: Dondozo|48/100
|-damage|p2a: Dondozo|43/100
|-damage|p2a: Dondozo|38/100
|-hitcount|p2a: Dondozo|10
|move|p2a: Dondozo|Curse|p2a: Dondozo
|-unboost|p2a: Dondozo|spe|1
|-boost|p2a: Dondozo|atk|1
|-boost|p2a: Dondozo|def|1
|
|-heal|p2a: Dondozo|44/100|[from] item: Leftovers
|turn|8
|
|move|p2a: Dondozo|Protect|p2a: Dondozo
|-singleturn|p2a: Dondozo|Protect
|move|p1a: Mice X Family|Encore|p2a: Dondozo
|-activate|p2a: Dondozo|move: Protect
|
|-heal|p2a: Dondozo|50/100|[from] item: Leftovers
|turn|9
|
|switch|p2a: Zamazenta|Zamazenta-Crowned|69/100
|-damage|p2a: Zamazenta|57/100|[from] Spikes
|move|p1a: Mice X Family|Encore||[still]
|-fail|p1a: Mice X Family
|
|turn|10
|
|switch|p1a: Pls Para|Zapdos|56/100
|move|p2a: Zamazenta|Heavy Slam|p1a: Pls Para
|-resisted|p1a: Pls Para
|-damage|p1a: Pls Para|37/100
|
|turn|11
|
|move|p2a: Zamazenta|Iron Defense|p2a: Zamazenta
|-boost|p2a: Zamazenta|def|2
|move|p1a: Pls Para|Roost|p1a: Pls Para
|-heal|p1a: Pls Para|87/100
|-singleturn|p1a: Pls Para|move: Roost
|
|turn|12
|
|move|p2a: Zamazenta|Stone Edge|p1a: Pls Para
|-supereffective|p1a: Pls Para
|-damage|p1a: Pls Para|48/100
|move|p1a: Pls Para|Heat Wave|p2a: Zamazenta
|-supereffective|p2a: Zamazenta
|-damage|p2a: Zamazenta|17/100
|
|turn|13
|
|move|p2a: Zamazenta|Body Press|p1a: Pls Para
|-resisted|p1a: Pls Para
|-damage|p1a: Pls Para|13/100
|move|p1a: Pls Para|Heat Wave|p2a: Zamazenta
|-supereffective|p2a: Zamazenta
|-damage|p2a: Zamazenta|0 fnt
|faint|p2a: Zamazenta
|
|
|switch|p2a: Magearna|Magearna|100/100
|-damage|p2a: Magearna|88/100|[from] Spikes
|turn|14
|
|move|p1a: Pls Para|Heat Wave|p2a: Magearna|[miss]
|-miss|p1a: Pls Para|p2a: Magearna
|move|p2a: Magearna|Shift Gear|p2a: Magearna
|-boost|p2a: Magearna|spe|2
|-boost|p2a: Magearna|atk|1
|
|-heal|p2a: Magearna|94/100|[from] item: Leftovers
|turn|15
|
|-terastallize|p2a: Magearna|Psychic
|move|p2a: Magearna|Calm Mind|p2a: Magearna
|-boost|p2a: Magearna|spa|1
|-boost|p2a: Magearna|spd|1
|move|p1a: Pls Para|Heat Wave|p2a: Magearna
|-damage|p2a: Magearna|77/100
|
|-heal|p2a: Magearna|83/100|[from] item: Leftovers
|turn|16
|
|switch|p1a: Mr. Craw|Samurott-Hisui, M|57/100
|move|p2a: Magearna|Calm Mind|p2a: Magearna
|-boost|p2a: Magearna|spa|1
|-boost|p2a: Magearna|spd|1
|
|-heal|p2a: Magearna|89/100|[from] item: Leftovers
|turn|17
|
|move|p2a: Magearna|Draining Kiss|p1a: Mr. Craw
|-supereffective|p1a: Mr. Craw
|-damage|p1a: Mr. Craw|0 fnt
|-heal|p2a: Magearna|100/100|[from] drain|[of] p1a: Mr. Craw
|faint|p1a: Mr. Craw
|-ability|p2a: Magearna|Soul-Heart|boost
|-boost|p2a: Magearna|spa|1
|
|
|switch|p1a: String Cheese|Gholdengo|100/100
|-item|p1a: String Cheese|Air Balloon
|turn|18
|
|move|p2a: Magearna|Stored Power|p1a: String Cheese
|-resisted|p1a: String Cheese
|-damage|p1a: String Cheese|0 fnt
|-enditem|p1a: String Cheese|Air Balloon
|faint|p1a: String Cheese
|-ability|p2a: Magearna|Soul-Heart|boost
|-boost|p2a: Magearna|spa|1
|
|
|switch|p1a: Cheap|Sneasler, M|100/100
|turn|19
|
|move|p1a: Cheap|Fake Out|p2a: Magearna
|-damage|p2a: Magearna|87/100
|cant|p2a: Magearna|flinch
|
|-heal|p2a: Magearna|93/100|[from] item: Leftovers
|turn|20
|
|switch|p1a: Pls Para|Zapdos|13/100
|move|p2a: Magearna|Stored Power|p1a: Pls Para
|-damage|p1a: Pls Para|0 fnt
|faint|p1a: Pls Para
|-ability|p2a: Magearna|Soul-Heart|boost
|-boost|p2a: Magearna|spa|1
|
|-heal|p2a: Magearna|99/100|[from] item: Leftovers
|-message|p1 forfeited.
|
|win|p2
