# advantage = p2
|poke|p1|Typhlosion-Hisui, F|
|poke|p1|Garganacl, M|
|poke|p1|Samurott-Hisui, F|
|poke|p1|Hatterene, F|
|poke|p1|Corviknight, M|
|poke|p1|Great Tusk|
|poke|p2|Enamorus, F|
|poke|p2|Great Tusk|
|poke|p2|Samurott-Hisui, F|
|poke|p2|Magearna|
|poke|p2|Chien-Pao|
|poke|p2|Grimmsnarl, M|
|teampreview
|
|start
|switch|p1a: Typhlosion|Typhlosion-Hisui, F|100/100
|switch|p2a: Samurott|Samurott-Hisui, F|100/100
|-item|p2a: Samurott|Life Orb|[from] ability: Frisk|[of] p1a: Typhlosion|[identify]
|turn|1
|
|switch|p1a: Corviknight|Corviknight, M|100/100
|move|p2a: Samurott|Ceaseless Edge|p1a: Corviknight
|-damage|p1a: Corviknight|63/100
|-sidestart|p1: p1|Spikes
|-damage|p2a: Samurott|84/100|[from] item: Rocky Helmet|[of] p1a: Corviknight
|-damage|p2a: Samurott|74/100|[from] item: Life Orb
|
|turn|2
|
|switch|p2a: Magearna|Magearna|100/100
|move|p1a: Corviknight|Body Press|p2a: Magearna
|-damage|p2a: Magearna|77/100
|
|-heal|p2a: Magearna|83/100|[from] item: Leftovers
|turn|3
|
|move|p2a: Magearna|Shift Gear|p2a: Magearna
|-boost|p2a: Magearna|spe|2
|-boost|p2a: Magearna|atk|1
|move|p1a: Corviknight|U-turn|p2a: Magearna
|-resisted|p2a: Magearna
|-damage|p2a: Magearna|80/100
|
|switch|p1a: Garganacl|Garganacl, M|100/100|[from] U-turn
|-damage|p1a: Garganacl|88/100|[from] Spikes
|
|-heal|p2a: Magearna|86/100|[from] item: Leftovers
|-heal|p1a: Garganacl|94/100|[from] item: Leftovers
|turn|4
|
|-terastallize|p2a: Magearna|Psychic
|-terastallize|p1a: Garganacl|Ghost
|move|p2a: Magearna|Calm Mind|p2a: Magearna
|-boost|p2a: Magearna|spa|1
|-boost|p2a: Magearna|spd|1
|move|p1a: Garganacl|Salt Cure|p2a: Magearna
|-damage|p2a: Magearna|74/100
|-start|p2a: Magearna|Salt Cure
|
|-heal|p2a: Magearna|80/100|[from] item: Leftovers
|-heal|p1a: Garganacl|100/100|[from] item: Leftovers
|-damage|p2a: Magearna|67/100|[from] Salt Cure
|turn|5
|
|move|p2a: Magearna|Stored Power|p1a: Garganacl
|-damage|p1a: Garganacl|9/100
|move|p1a: Garganacl|Stealth Rock|p2a: Magearna
|-sidestart|p2: p2|move: Stealth Rock
|
|-heal|p2a: Magearna|73/100|[from] item: Leftovers
|-heal|p1a: Garganacl|15/100|[from] item: Leftovers
|-damage|p2a: Magearna|61/100|[from] Salt Cure
|turn|6
|
|move|p2a: Magearna|Draining Kiss|p1a: Garganacl
|-damage|p1a: Garganacl|0 fnt
|-heal|p2a: Magearna|75/100|[from] drain|[of] p1a: Garganacl
|faint|p1a: Garganacl
|-ability|p2a: Magearna|Soul-Heart|boost
|-boost|p2a: Magearna|spa|1
|
|-heal|p2a: Magearna|81/100|[from] item: Leftovers
|-damage|p2a: Magearna|68/100|[from] Salt Cure
|
|switch|p1a: Samurott|Samurott-Hisui, F|100/100
|-damage|p1a: Samurott|88/100|[from] Spikes
|turn|7
|
|move|p1a: Samurott|Sucker Punch|p2a: Magearna
|-supereffective|p2a: Magearna
|-damage|p2a: Magearna|0 fnt
|faint|p2a: Magearna
|-damage|p1a: Samurott|78/100|[from] item: Life Orb
|
|
|switch|p2a: Enamorus|Enamorus, F|100/100
|-damage|p2a: Enamorus|76/100|[from] Stealth Rock
|turn|8
|
|switch|p1a: Hatterene|Hatterene, F|100/100
|-damage|p1a: Hatterene|88/100|[from] Spikes
|move|p2a: Enamorus|Moonblast|p1a: Hatterene
|-damage|p1a: Hatterene|42/100
|-damage|p2a: Enamorus|66/100|[from] item: Life Orb
|
|turn|9
|
|move|p2a: Enamorus|Moonblast|p1a: Hatterene
|-damage|p1a: Hatterene|0 fnt
|faint|p1a: Hatterene
|-damage|p2a: Enamorus|56/100|[from] item: Life Orb
|
|
|switch|p1a: Corviknight|Corviknight, M|63/100
|turn|10
|
|switch|p2a: Great Tusk|Great Tusk|100/100
|-damage|p2a: Great Tusk|98/100|[from] Stealth Rock
|move|p1a: Corviknight|Roost|p1a: Corviknight
|-heal|p1a: Corviknight|100/100
|-singleturn|p1a: Corviknight|move: Roost
|
|-heal|p2a: Great Tusk|100/100|[from] item: Leftovers
|turn|11
|
|move|p2a: Great Tusk|Rapid Spin|p1a: Corviknight
|-resisted|p1a: Corviknight
|-damage|p1a: Corviknight|95/100
|-boost|p2a: Great Tusk|spe|1
|-damage|p2a: Great Tusk|84/100|[from] item: Rocky Helmet|[of] p1a: Corviknight
|-sideend|p2: p2|Stealth Rock|[from] move: Rapid Spin|[of] p2a: Great Tusk
|move|p1a: Corviknight|Brave Bird|p2a: Great Tusk
|-supereffective|p2a: Great Tusk
|-damage|p2a: Great Tusk|38/100
|-damage|p1a: Corviknight|81/100|[from] Recoil
|
|-heal|p2a: Great Tusk|44/100|[from] item: Leftovers
|turn|12
|
|-end|p2a: Great Tusk|Protosynthesis|[silent]
|switch|p2a: Grimmsnarl|Grimmsnarl, M|100/100
|switch|p1a: Great Tusk|Great Tusk|100/100
|-damage|p1a: Great Tusk|88/100|[from] Spikes
|
|turn|13
|
|move|p2a: Grimmsnarl|Reflect|p2a: Grimmsnarl
|-sidestart|p2: p2|Reflect
|move|p1a: Great Tusk|Rapid Spin|p2a: Grimmsnarl
|-damage|p2a: Grimmsnarl|92/100
|-boost|p1a: Great Tusk|spe|1
|-sideend|p1: p1|Spikes|[from] move: Rapid Spin|[of] p1a: Great Tusk
|
|turn|14
|
|move|p2a: Grimmsnarl|Parting Shot|p1a: Great Tusk
|-unboost|p1a: Great Tusk|atk|1
|-unboost|p1a: Great Tusk|spa|1
|
|switch|p2a: Great Tusk|Great Tusk|44/100|[from] Parting Shot
|move|p1a: Great Tusk|Body Press|p2a: Great Tusk
|-crit|p2a: Great Tusk
|-damage|p2a: Great Tusk|3/100
|
|-heal|p2a: Great Tusk|9/100|[from] item: Leftovers
|turn|15
|
|move|p1a: Great Tusk|Body Press|p2a: Great Tusk
|-damage|p2a: Great Tusk|0 fnt
|faint|p2a: Great Tusk
|-end|p2a: Great Tusk|Protosynthesis|[silent]
|
|
|switch|p2a: Samurott|Samurott-Hisui, F|74/100
|turn|16
|
|move|p1a: Great Tusk|Body Press|p2a: Samurott
|-supereffective|p2a: Samurott
|-damage|p2a: Samurott|17/100
|move|p2a: Samurott|Razor Shell|p1a: Great Tusk
|-supereffective|p1a: Great Tusk
|-damage|p1a: Great Tusk|24/100
|-damage|p2a: Samurott|7/100|[from] item: Life Orb
|
|turn|17
|
|move|p1a: Great Tusk|Body Press|p2a: Samurott
|-supereffective|p2a: Samurott
|-damage|p2a: Samurott|0 fnt
|faint|p2a: Samurott
|
|
|switch|p2a: Enamorus|Enamorus, F|56/100
|turn|18
|
|move|p2a: Enamorus|Moonblast|p1a: Great Tusk
|-supereffective|p1a: Great Tusk
|-damage|p1a: Great Tusk|0 fnt
|faint|p1a: Great Tusk
|-end|p1a: Great Tusk|Protosynthesis|[silent]
|-damage|p2a: Enamorus|47/100|[from] item: Life Orb
|
|
|switch|p1a: Corviknight|Corviknight, M|81/100
|turn|19
|
|move|p2a: Enamorus|Mystical Fire|p1a: Corviknight
|-supereffective|p1a: Corviknight
|-damage|p1a: Corviknight|19/100
|-ability|p1a: Corviknight|Mirror Armor
|-boost|p2a: Enamorus|spa|1
|-damage|p2a: Enamorus|37/100|[from] item: Life Orb
|move|p1a: Corviknight|Roost|p1a: Corviknight
|-heal|p1a: Corviknight|69/100
|-singleturn|p1a: Corviknight|move: Roost
|
|turn|20
|
|switch|p1a: Samurott|Samurott-Hisui, F|78/100
|move|p2a: Enamorus|Mystical Fire|p1a: Samurott
|-resisted|p1a: Samurott
|-damage|p1a: Samurott|36/100
|-unboost|p1a: Samurott|spa|1
|-damage|p2a: Enamorus|27/100|[from] item: Life Orb
|
|-sideend|p2: p2|Reflect
|turn|21
|
|move|p1a: Samurott|Aqua Jet|p2a: Enamorus
|-damage|p2a: Enamorus|0 fnt
|faint|p2a: Enamorus
|-damage|p1a: Samurott|26/100|[from] item: Life Orb
|
|
|switch|p2a: Chien-Pao|Chien-Pao|100/100
|-ability|p2a: Chien-Pao|Sword of Ruin
|turn|22
|
|move|p1a: Samurott|Aqua Jet|p2a: Chien-Pao
|-damage|p2a: Chien-Pao|67/100
|-damage|p1a: Samurott|16/100|[from] item: Life Orb
|move|p2a: Chien-Pao|Crunch|p1a: Samurott
|-resisted|p1a: Samurott
|-damage|p1a: Samurott|0 fnt
|faint|p1a: Samurott
|
|
|switch|p1a: Corviknight|Corviknight, M|69/100
|turn|23
|
|switch|p2a: Grimmsnarl|Grimmsnarl, M|92/100
|move|p1a: Corviknight|Body Press|p2a: Grimmsnarl
|-damage|p2a: Grimmsnarl|62/100
|
|turn|24
|
|switch|p1a: Typhlosion|Typhlosion-Hisui, F|100/100
|-item|p2a: Grimmsnarl|Light Clay|[from] ability: Frisk|[of] p1a: Typhlosion|[identify]
|move|p2a: Grimmsnarl|Reflect|p2a: Grimmsnarl
|-sidestart|p2: p2|Reflect
|
|turn|25
|
|move|p2a: Grimmsnarl|Light Screen|p2a: Grimmsnarl
|-sidestart|p2: p2|move: Light Screen
|move|p1a: Typhlosion|Flamethrower|p2a: Grimmsnarl
|-damage|p2a: Grimmsnarl|37/100
|
|turn|26
|
|move|p1a: Typhlosion|Flamethrower|p2a: Grimmsnarl
|-damage|p2a: Grimmsnarl|12/100
|move|p2a: Grimmsnarl|Play Rough|p1a: Typhlosion
|-resisted|p1a: Typhlosion
|-damage|p1a: Typhlosion|75/100
|
|turn|27
|
|move|p1a: Typhlosion|Flamethrower|p2a: Grimmsnarl
|-damage|p2a: Grimmsnarl|0 fnt
|faint|p2a: Grimmsnarl
|
|
|switch|p2a: Chien-Pao|Chien-Pao|67/100
|-ability|p2a: Chien-Pao|Sword of Ruin
|turn|28
|
|move|p2a: Chien-Pao|Crunch|p1a: Typhlosion
|-supereffective|p1a: Typhlosion
|-damage|p1a: Typhlosion|0 fnt
|faint|p1a: Typhlosion
|
|
|switch|p1a: Corviknight|Corviknight, M|69/100
|turn|29
|
|move|p2a: Chien-Pao|Crunch|p1a: Corviknight
|-damage|p1a: Corviknight|20/100
|-damage|p2a: Chien-Pao|50/100|[from] item: Rocky Helmet|[of] p1a: Corviknight
|move|p1a: Corviknight|Body Press|p2a: Chien-Pao
|-supereffective|p2a: Chien-Pao
|-damage|p2a: Chien-Pao|0 fnt
|faint|p2a: Chien-Pao
|
|win|p1
