|poke|p1|Zapdos|
|poke|p1|Great Tusk|
|poke|p1|Garganacl, M|
|poke|p1|Slowking-Galar, F|
|poke|p1|Meowscarada, M|
|poke|p1|Ursaluna, F|
|poke|p2|Pelipper, F|
|poke|p2|Basculegion, M|
|poke|p2|Greninja, F|
|poke|p2|Enamorus, F|
|poke|p2|Walking Wake|
|poke|p2|Overqwil, F|
|teampreview
|
|start
|switch|p1a: Zapdos|Zapdos|100/100
|switch|p2a: Walking Wake|Walking Wake|100/100
|turn|1
|
|switch|p1a: Slowking|Slowking-Galar, F|100/100
|move|p2a: Walking Wake|Draco Meteor|p1a: Slowking
|-damage|p1a: Slowking|57/100
|-unboost|p2a: Walking Wake|spa|2
|
|turn|2
|
|-end|p2a: Walking Wake|Protosynthesis|[silent]
|switch|p2a: Overqwil|Overqwil, F|100/100
|switch|p1a: Zapdos|Zapdos|100/100
|
|turn|3
|
|move|p1a: Zapdos|Volt Switch|p2a: Overqwil
|-damage|p2a: Overqwil|51/100
|
|switch|p1a: Great Tusk|Great Tusk|100/100|[from] Volt Switch
|move|p2a: Overqwil|Poison Jab|p1a: Great Tusk
|-resisted|p1a: Great Tusk
|-damage|p1a: Great Tusk|89/100
|
|-heal|p1a: Great Tusk|95/100|[from] item: Leftovers
|turn|4
|
|switch|p2a: Pelipper|Pelipper, F|100/100
|-weather|RainDance|[from] ability: Drizzle|[of] p2a: Pelipper
|-end|p1a: Great Tusk|Protosynthesis|[silent]
|switch|p1a: Zapdos|Zapdos|100/100
|
|-weather|RainDance|[upkeep]
|turn|5
|
|switch|p2a: Overqwil|Overqwil, F|51/100
|move|p1a: Zapdos|Volt Switch|p2a: Overqwil
|-damage|p2a: Overqwil|6/100
|
|switch|p1a: Garganacl|Garganacl, M|100/100|[from] Volt Switch
|
|-weather|RainDance|[upkeep]
|turn|6
|
|move|p2a: Overqwil|Liquidation|p1a: Garganacl
|-supereffective|p1a: Garganacl
|-damage|p1a: Garganacl|44/100
|-unboost|p1a: Garganacl|def|1
|move|p1a: Garganacl|Stealth Rock|p2a: Overqwil
|-sidestart|p2: p2|move: Stealth Rock
|
|-weather|RainDance|[upkeep]
|-heal|p1a: Garganacl|50/100|[from] item: Leftovers
|turn|7
|
|-terastallize|p1a: Garganacl|Water
|move|p1a: Garganacl|Protect|p1a: Garganacl
|-singleturn|p1a: Garganacl|Protect
|move|p2a: Overqwil|Liquidation|p1a: Garganacl
|-activate|p1a: Garganacl|move: Protect
|
|-weather|RainDance|[upkeep]
|-heal|p1a: Garganacl|56/100|[from] item: Leftovers
|turn|8
|
|switch|p1a: Great Tusk|Great Tusk|95/100
|move|p2a: Overqwil|Poison Jab|p1a: Great Tusk
|-resisted|p1a: Great Tusk
|-damage|p1a: Great Tusk|84/100
|
|-weather|RainDance|[upkeep]
|-heal|p1a: Great Tusk|90/100|[from] item: Leftovers
|turn|9
|
|move|p2a: Overqwil|Swords Dance|p2a: Overqwil
|-boost|p2a: Overqwil|atk|2
|move|p1a: Great Tusk|Rapid Spin|p2a: Overqwil
|-damage|p2a: Overqwil|0 fnt
|-boost|p1a: Great Tusk|spe|1
|faint|p2a: Overqwil
|
|-weather|RainDance|[upkeep]
|-heal|p1a: Great Tusk|96/100|[from] item: Leftovers
|
|switch|p2a: Basculegion|Basculegion, M|100/100
|-damage|p2a: Basculegion|88/100|[from] Stealth Rock
|turn|10
|
|move|p2a: Basculegion|Wave Crash|p1a: Great Tusk
|-supereffective|p1a: Great Tusk
|-damage|p1a: Great Tusk|0 fnt
|faint|p1a: Great Tusk
|-end|p1a: Great Tusk|Protosynthesis|[silent]
|-damage|p2a: Basculegion|52/100|[from] Recoil
|
|-weather|RainDance|[upkeep]
|
|switch|p1a: Garganacl|Garganacl, M, tera:Water|56/100
|turn|11
|
|switch|p2a: Enamorus|Enamorus, F|100/100
|-damage|p2a: Enamorus|76/100|[from] Stealth Rock
|move|p1a: Garganacl|Protect||[still]
|-fail|p1a: Garganacl
|
|-weather|none
|-heal|p1a: Garganacl|62/100|[from] item: Leftovers
|turn|12
|
|switch|p1a: Ursaluna|Ursaluna, F|100/100
|move|p2a: Enamorus|Springtide Storm|p1a: Ursaluna
|-damage|p1a: Ursaluna|42/100
|
|-status|p1a: Ursaluna|brn|[from] item: Flame Orb
|turn|13
|
|switch|p2a: Pelipper|Pelipper, F|100/100
|-damage|p2a: Pelipper|75/100|[from] Stealth Rock
|-weather|RainDance|[from] ability: Drizzle|[of] p2a: Pelipper
|switch|p1a: Slowking|Slowking-Galar, F|90/100
|
|-weather|RainDance|[upkeep]
|turn|14
|
|move|p2a: Pelipper|U-turn|p1a: Slowking
|-damage|p1a: Slowking|81/100
|
|switch|p2a: Enamorus|Enamorus, F|76/100|[from] U-turn
|-damage|p2a: Enamorus|51/100|[from] Stealth Rock
|move|p1a: Slowking|Sludge Bomb|p2a: Enamorus
|-supereffective|p2a: Enamorus
|-damage|p2a: Enamorus|0 fnt
|faint|p2a: Enamorus
|
|-weather|RainDance|[upkeep]
|
|switch|p2a: Greninja|Greninja, F|100/100
|-damage|p2a: Greninja|88/100|[from] Stealth Rock
|turn|15
|
|switch|p1a: Ursaluna|Ursaluna, F|42/100 brn
|move|p2a: Greninja|Swords Dance|p2a: Greninja
|-start|p2a: Greninja|typechange|Normal|[from] ability: Protean
|-boost|p2a: Greninja|atk|2
|
|-weather|RainDance|[upkeep]
|-damage|p1a: Ursaluna|36/100 brn|[from] brn
|turn|16
|
|move|p2a: Greninja|Trailblaze|p1a: Ursaluna
|-supereffective|p1a: Ursaluna
|-damage|p1a: Ursaluna|0 fnt
|-boost|p2a: Greninja|spe|1
|faint|p1a: Ursaluna
|-damage|p2a: Greninja|78/100|[from] item: Life Orb
|
|-weather|RainDance|[upkeep]
|
|switch|p1a: Zapdos|Zapdos|100/100
|turn|17
|
|-terastallize|p2a: Greninja|Water
|move|p2a: Greninja|Liquidation|p1a: Zapdos
|-damage|p1a: Zapdos|0 fnt
|-status|p2a: Greninja|par|[from] ability: Static|[of] p1a: Zapdos
|faint|p1a: Zapdos
|-damage|p2a: Greninja|69/100 par|[from] item: Life Orb
|
|-weather|RainDance|[upkeep]
|
|switch|p1a: Meowscarada|Meowscarada, M|100/100
|turn|18
|
|move|p1a: Meowscarada|Flower Trick|p2a: Greninja
|-start|p1a: Meowscarada|typechange|Grass|[from] ability: Protean
|-supereffective|p2a: Greninja
|-crit|p2a: Greninja
|-damage|p2a: Greninja|0 fnt
|faint|p2a: Greninja
|
|-weather|RainDance|[upkeep]
|
|switch|p2a: Basculegion|Basculegion, M|52/100
|-damage|p2a: Basculegion|40/100|[from] Stealth Rock
|turn|19
|
|move|p2a: Basculegion|Wave Crash|p1a: Meowscarada
|-resisted|p1a: Meowscarada
|-damage|p1a: Meowscarada|0 fnt
|faint|p1a: Meowscarada
|-damage|p2a: Basculegion|15/100|[from] Recoil
|
|-weather|RainDance|[upkeep]
|
|switch|p1a: Garganacl|Garganacl, M, tera:Water|62/100
|turn|20
|
|move|p2a: Basculegion|Wave Crash|p1a: Garganacl
|-resisted|p1a: Garganacl
|-damage|p1a: Garganacl|24/100
|-damage|p2a: Basculegion|1/100|[from] Recoil
|move|p1a: Garganacl|Recover|p1a: Garganacl
|-heal|p1a: Garganacl|74/100
|
|-weather|none
|-heal|p1a: Garganacl|80/100|[from] item: Leftovers
|turn|21
|
|move|p2a: Basculegion|Wave Crash|p1a: Garganacl
|-resisted|p1a: Garganacl
|-damage|p1a: Garganacl|56/100
|-damage|p2a: Basculegion|0 fnt|[from] Recoil
|faint|p2a: Basculegion
|move|p1a: Garganacl|Recover|p1a: Garganacl
|-heal|p1a: Garganacl|100/100
|
|
|switch|p2a: Pelipper|Pelipper, F|75/100
|-damage|p2a: Pelipper|50/100|[from] Stealth Rock
|-weather|RainDance|[from] ability: Drizzle|[of] p2a: Pelipper
|turn|22
|
|move|p2a: Pelipper|Hurricane|p1a: Garganacl
|-damage|p1a: Garganacl|71/100
|move|p1a: Garganacl|Salt Cure|p2a: Pelipper
|-supereffective|p2a: Pelipper
|-damage|p2a: Pelipper|30/100
|-start|p2a: Pelipper|Salt Cure
|
|-weather|RainDance|[upkeep]
|-heal|p1a: Garganacl|77/100|[from] item: Leftovers
|-damage|p2a: Pelipper|5/100|[from] Salt Cure
|turn|23
|
|move|p1a: Garganacl|Protect|p1a: Garganacl
|-singleturn|p1a: Garganacl|Protect
|move|p2a: Pelipper|Hurricane|p1a: Garganacl
|-activate|p1a: Garganacl|move: Protect
|
|-weather|RainDance|[upkeep]
|-heal|p1a: Garganacl|83/100|[from] item: Leftovers
|-damage|p2a: Pelipper|0 fnt|[from] Salt Cure
|faint|p2a: Pelipper
|
|switch|p2a: Walking Wake|Walking Wake|100/100
|-damage|p2a: Walking Wake|88/100|[from] Stealth Rock
|turn|24
|
|move|p2a: Walking Wake|Hydro Steam|p1a: Garganacl
|-resisted|p1a: Garganacl
|-damage|p1a: Garganacl|45/100
|move|p1a: Garganacl|Salt Cure|p2a: Walking Wake
|-damage|p2a: Walking Wake|72/100
|-start|p2a: Walking Wake|Salt Cure
|
|-weather|RainDance|[upkeep]
|-heal|p1a: Garganacl|51/100|[from] item: Leftovers
|-damage|p2a: Walking Wake|47/100|[from] Salt Cure
|turn|25
|-message|p2 forfeited.
|
|win|p1
