|poke|p1|Ursaluna, F|
|poke|p1|Magearna|
|poke|p1|Slowking, M|
|poke|p1|Crabominable, M|
|poke|p1|Cinderace, F|
|poke|p1|Hoopa|
|poke|p2|Urshifu-*, F|
|poke|p2|Zamazenta-*|
|poke|p2|Gholdengo|
|poke|p2|Enamorus, F|
|poke|p2|Glimmora, M|
|poke|p2|Thundurus-Therian, M|
|teampreview
|
|start
|switch|p1a: Hoopa|Hoopa|100/100
|switch|p2a: Glimmora|Glimmora, M|100/100
|turn|1
|
|move|p2a: Glimmora|Stealth Rock|p1a: Hoopa
|-sidestart|p1: p1|move: Stealth Rock
|move|p1a: Hoopa|Trick Room|p1a: Hoopa
|-fieldstart|move: Trick Room|[of] p1a: Hoopa
|
|turn|2
|
|move|p1a: Hoopa|Hyperspace Hole|p2a: Glimmora
|-supereffective|p2a: Glimmora
|-enditem|p2a: Glimmora|Focus Sash
|-damage|p2a: Glimmora|1/100
|move|p2a: Glimmora|Mortal Spin|p1a: Hoopa
|-resisted|p1a: Hoopa
|-damage|p1a: Hoopa|97/100
|-status|p1a: Hoopa|psn
|
|-damage|p1a: Hoopa|84/100 psn|[from] psn
|turn|3
|
|switch|p2a: Gholdengo|Gholdengo|100/100
|move|p1a: Hoopa|Shadow Ball|p2a: Gholdengo
|-supereffective|p2a: Gholdengo
|-damage|p2a: Gholdengo|0 fnt
|faint|p2a: Gholdengo
|
|-damage|p1a: Hoopa|72/100 psn|[from] psn
|
|switch|p2a: Thundurus|Thundurus-Therian, M|100/100
|turn|4
|
|move|p1a: Hoopa|Hyperspace Hole|p2a: Thundurus
|-damage|p2a: Thundurus|34/100
|move|p2a: Thundurus|Dark Pulse|p1a: Hoopa
|-supereffective|p1a: Hoopa
|-damage|p1a: Hoopa|0 fnt
|faint|p1a: Hoopa
|
|
|switch|p1a: Magearna|Magearna|100/100
|-damage|p1a: Magearna|94/100|[from] Stealth Rock
|turn|5
|
|move|p1a: Magearna|Fleur Cannon|p2a: Thundurus
|-damage|p2a: Thundurus|0 fnt
|-unboost|p1a: Magearna|spa|2
|-enditem|p1a: Magearna|Eject Pack
|faint|p2a: Thundurus
|-ability|p1a: Magearna|Soul-Heart|boost
|-boost|p1a: Magearna|spa|1
|
|switch|p1a: Cinderace|Cinderace, F|100/100
|
|-fieldend|move: Trick Room
|
|switch|p2a: Urshifu|Urshifu-Rapid-Strike, F|100/100
|turn|6
|
|move|p1a: Cinderace|Court Change|p1a: Cinderace
|-start|p1a: Cinderace|typechange|Normal|[from] ability: Libero
|-swapsideconditions
|-activate|p1a: Cinderace|move: Court Change
|move|p2a: Urshifu|Surging Strikes|p1a: Cinderace
|-crit|p1a: Cinderace
|-damage|p1a: Cinderace|68/100
|-crit|p1a: Cinderace
|-damage|p1a: Cinderace|38/100
|-crit|p1a: Cinderace
|-damage|p1a: Cinderace|4/100
|-hitcount|p1a: Cinderace|3
|
|turn|7
|
|move|p2a: Urshifu|Aqua Jet|p1a: Cinderace
|-damage|p1a: Cinderace|0 fnt
|faint|p1a: Cinderace
|
|
|switch|p1a: Slowking|Slowking, M|100/100
|turn|8
|
|move|p2a: Urshifu|U-turn|p1a: Slowking
|-supereffective|p1a: Slowking
|-damage|p1a: Slowking|62/100
|
|switch|p2a: Zamazenta|Zamazenta|100/100|[from] U-turn
|-damage|p2a: Zamazenta|94/100|[from] Stealth Rock
|-ability|p2a: Zamazenta|Dauntless Shield|boost
|-boost|p2a: Zamazenta|def|1
|move|p1a: Slowking|Trick Room|p1a: Slowking
|-fieldstart|move: Trick Room|[of] p1a: Slowking
|
|-heal|p2a: Zamazenta|100/100|[from] item: Leftovers
|turn|9
|
|move|p2a: Zamazenta|Iron Defense|p2a: Zamazenta
|-boost|p2a: Zamazenta|def|2
|move|p1a: Slowking|Chilly Reception|p1a: Slowking
|-weather|Snow
|
|switch|p1a: Magearna|Magearna|94/100|[from] Chilly Reception
|
|-weather|Snow|[upkeep]
|turn|10
|
|-terastallize|p2a: Zamazenta|Fairy
|move|p1a: Magearna|Fleur Cannon|p2a: Zamazenta
|-damage|p2a: Zamazenta|40/100
|-unboost|p1a: Magearna|spa|2
|move|p2a: Zamazenta|Body Press|p1a: Magearna
|-damage|p1a: Magearna|25/100
|
|-weather|Snow|[upkeep]
|-heal|p2a: Zamazenta|46/100|[from] item: Leftovers
|turn|11
|
|move|p1a: Magearna|Volt Switch|p2a: Zamazenta
|-damage|p2a: Zamazenta|35/100
|
|switch|p1a: Crabominable|Crabominable, M|100/100|[from] Volt Switch
|move|p2a: Zamazenta|Body Press|p1a: Crabominable
|-supereffective|p1a: Crabominable
|-damage|p1a: Crabominable|0 fnt
|faint|p1a: Crabominable
|
|-weather|Snow|[upkeep]
|-heal|p2a: Zamazenta|41/100|[from] item: Leftovers
|
|switch|p1a: Magearna|Magearna|25/100
|turn|12
|
|switch|p2a: Glimmora|Glimmora, M|1/100
|-damage|p2a: Glimmora|0 fnt|[from] Stealth Rock
|faint|p2a: Glimmora
|-ability|p1a: Magearna|Soul-Heart|boost
|-boost|p1a: Magearna|spa|1
|move|p1a: Magearna|Fleur Cannon|p2: Glimmora|[notarget]
|-fail|p1a: Magearna
|
|-weather|Snow|[upkeep]
|-fieldend|move: Trick Room
|
|switch|p2a: Urshifu|Urshifu-Rapid-Strike, F|100/100
|-damage|p2a: Urshifu|94/100|[from] Stealth Rock
|turn|13
|
|switch|p1a: Slowking|Slowking, M|95/100
|move|p2a: Urshifu|Surging Strikes|p1a: Slowking
|-resisted|p1a: Slowking
|-crit|p1a: Slowking
|-damage|p1a: Slowking|87/100
|-resisted|p1a: Slowking
|-crit|p1a: Slowking
|-damage|p1a: Slowking|79/100
|-resisted|p1a: Slowking
|-crit|p1a: Slowking
|-damage|p1a: Slowking|72/100
|-hitcount|p1a: Slowking|3
|
|-weather|none
|turn|14
|
|move|p2a: Urshifu|U-turn|p1a: Slowking
|-supereffective|p1a: Slowking
|-damage|p1a: Slowking|36/100
|
|switch|p2a: Enamorus|Enamorus, F|100/100|[from] U-turn
|-damage|p2a: Enamorus|76/100|[from] Stealth Rock
|move|p1a: Slowking|Trick Room|p1a: Slowking
|-fieldstart|move: Trick Room|[of] p1a: Slowking
|
|-heal|p2a: Enamorus|82/100|[from] item: Leftovers
|turn|15
|
|switch|p1a: Ursaluna|Ursaluna, F|100/100
|move|p2a: Enamorus|Play Rough|p1a: Ursaluna
|-damage|p1a: Ursaluna|72/100
|
|-heal|p2a: Enamorus|88/100|[from] item: Leftovers
|-status|p1a: Ursaluna|brn|[from] item: Flame Orb
|turn|16
|
|-terastallize|p1a: Ursaluna|Normal
|move|p1a: Ursaluna|Facade|p2a: Enamorus
|-damage|p2a: Enamorus|0 fnt
|faint|p2a: Enamorus
|
|-damage|p1a: Ursaluna|66/100 brn|[from] brn
|
|switch|p2a: Zamazenta|Zamazenta, tera:Fairy|41/100
|-damage|p2a: Zamazenta|29/100|[from] Stealth Rock
|turn|17
|
|move|p1a: Ursaluna|Facade|p2a: Zamazenta
|-damage|p2a: Zamazenta|0 fnt
|faint|p2a: Zamazenta
|
|-damage|p1a: Ursaluna|60/100 brn|[from] brn
|
|switch|p2a: Urshifu|Urshifu-Rapid-Strike, F|94/100
|-damage|p2a: Urshifu|88/100|[from] Stealth Rock
|turn|18
|
|move|p1a: Ursaluna|Facade|p2a: Urshifu
|-damage|p2a: Urshifu|0 fnt
|faint|p2a: Urshifu
|
|win|p1
