|poke|p1|Zapdos-Galar|
|poke|p1|Heatran, M|
|poke|p1|Chien-Pao|
|poke|p1|Great Tusk|
|poke|p1|Volcanion|
|poke|p1|Dragapult, F|
|poke|p2|Arcanine-Hisui, M|
|poke|p2|Rotom-Wash|
|poke|p2|Magearna|
|poke|p2|Dragapult, M|
|poke|p2|Landorus-Therian, M|
|poke|p2|Heatran, F|
|teampreview
|
|start
|switch|p1a: Dragapult|Dragapult, F|100/100
|switch|p2a: Arcanine|Arcanine-Hisui, M|100/100
|turn|1
|
|switch|p1a: Heatran|Heatran, M|100/100
|move|p2a: Arcanine|Head Smash|p1a: Heatran
|-damage|p1a: Heatran|17/100
|
|-heal|p1a: Heatran|24/100|[from] item: Leftovers
|turn|2
|
|move|p2a: Arcanine|Head Smash|p1a: Heatran|[miss]
|-miss|p2a: Arcanine|p1a: Heatran
|move|p1a: Heatran|Stealth Rock|p2a: Arcanine
|-sidestart|p2: CottoneeIsUbers|move: Stealth Rock
|
|-heal|p1a: Heatran|30/100|[from] item: Leftovers
|turn|3
|
|move|p2a: Arcanine|Head Smash|p1a: Heatran
|-damage|p1a: Heatran|0 fnt
|faint|p1a: Heatran
|
|
|switch|p1a: Great Tusk|Great Tusk|100/100
|turn|4
|
|switch|p2a: Landorus|Landorus-Therian, M|100/100
|-damage|p2a: Landorus|88/100|[from] Stealth Rock
|-ability|p2a: Landorus|Intimidate|boost
|-unboost|p1a: Great Tusk|atk|1
|move|p1a: Great Tusk|Knock Off|p2a: Landorus
|-damage|p2a: Landorus|65/100
|-enditem|p2a: Landorus|Choice Scarf|[from] move: Knock Off|[of] p1a: Great Tusk
|
|turn|5
|
|-end|p1a: Great Tusk|Protosynthesis|[silent]
|switch|p1a: Volcanion|Volcanion|100/100
|move|p2a: Landorus|Stealth Rock|p1a: Volcanion
|-sidestart|p1: TesteZapZapdos3|move: Stealth Rock
|
|turn|6
|
|move|p2a: Landorus|Earthquake|p1a: Volcanion
|-supereffective|p1a: Volcanion
|-damage|p1a: Volcanion|11/100
|move|p1a: Volcanion|Steam Eruption|p2a: Landorus
|-supereffective|p2a: Landorus
|-damage|p2a: Landorus|0 fnt
|faint|p2a: Landorus
|
|-heal|p1a: Volcanion|17/100|[from] item: Leftovers
|
|switch|p2a: Dragapult|Dragapult, M|100/100
|turn|7
|
|move|p2a: Dragapult|Dragon Darts|p1a: Volcanion
|-damage|p1a: Volcanion|0 fnt
|faint|p1a: Volcanion
|
|
|switch|p1a: Chien-Pao|Chien-Pao|100/100
|-damage|p1a: Chien-Pao|76/100|[from] Stealth Rock
|-ability|p1a: Chien-Pao|Sword of Ruin
|turn|8
|
|move|p2a: Dragapult|Dragon Darts|p1a: Chien-Pao
|-damage|p1a: Chien-Pao|47/100
|-anim|p2a: Dragapult|Dragon Darts|p1a: Chien-Pao
|-damage|p1a: Chien-Pao|15/100
|move|p1a: Chien-Pao|Crunch|p2a: Dragapult
|-supereffective|p2a: Dragapult
|-damage|p2a: Dragapult|0 fnt
|faint|p2a: Dragapult
|-damage|p1a: Chien-Pao|5/100|[from] item: Life Orb
|
|
|switch|p2a: Arcanine|Arcanine-Hisui, M|100/100
|-damage|p2a: Arcanine|76/100|[from] Stealth Rock
|turn|9
|
|move|p2a: Arcanine|Extreme Speed|p1a: Chien-Pao
|-damage|p1a: Chien-Pao|0 fnt
|faint|p1a: Chien-Pao
|
|
|switch|p1a: Great Tusk|Great Tusk|100/100
|-damage|p1a: Great Tusk|97/100|[from] Stealth Rock
|turn|10
|
|switch|p2a: Rotom|Rotom-Wash|100/100
|-damage|p2a: Rotom|88/100|[from] Stealth Rock
|move|p1a: Great Tusk|Rapid Spin|p2a: Rotom
|-damage|p2a: Rotom|77/100
|-boost|p1a: Great Tusk|spe|1
|-sideend|p1: TesteZapZapdos3|Stealth Rock|[from] move: Rapid Spin|[of] p1a: Great Tusk
|
|-heal|p2a: Rotom|84/100|[from] item: Leftovers
|turn|11
|
|move|p2a: Rotom|Protect|p2a: Rotom
|-singleturn|p2a: Rotom|Protect
|move|p1a: Great Tusk|Knock Off|p2a: Rotom
|-activate|p2a: Rotom|move: Protect
|
|-heal|p2a: Rotom|90/100|[from] item: Leftovers
|turn|12
|
|move|p1a: Great Tusk|Knock Off|p2a: Rotom
|-damage|p2a: Rotom|68/100
|-enditem|p2a: Rotom|Leftovers|[from] move: Knock Off|[of] p1a: Great Tusk
|move|p2a: Rotom|Hydro Pump|p1a: Great Tusk|[miss]
|-miss|p2a: Rotom|p1a: Great Tusk
|
|turn|13
|
|-end|p1a: Great Tusk|Protosynthesis|[silent]
|switch|p1a: Dragapult|Dragapult, F|100/100
|move|p2a: Rotom|Protect||[still]
|-fail|p2a: Rotom
|
|turn|14
|
|move|p1a: Dragapult|Will-O-Wisp|p2a: Rotom
|-status|p2a: Rotom|brn
|move|p2a: Rotom|Thunder Wave|p1a: Dragapult
|-status|p1a: Dragapult|par
|
|-damage|p2a: Rotom|61/100 brn|[from] brn
|turn|15
|
|move|p2a: Rotom|Protect|p2a: Rotom
|-singleturn|p2a: Rotom|Protect
|move|p1a: Dragapult|Hex|p2a: Rotom
|-activate|p2a: Rotom|move: Protect
|
|-damage|p2a: Rotom|55/100 brn|[from] brn
|turn|16
|
|move|p2a: Rotom|Volt Switch|p1a: Dragapult
|-resisted|p1a: Dragapult
|-damage|p1a: Dragapult|84/100 par
|-start|p2a: Rotom|Disable|Volt Switch|[from] ability: Cursed Body|[of] p1a: Dragapult
|
|switch|p2a: Magearna|Magearna|100/100|[from] Volt Switch
|-damage|p2a: Magearna|95/100|[from] Stealth Rock
|move|p1a: Dragapult|Hex|p2a: Magearna
|-damage|p2a: Magearna|68/100
|
|-heal|p2a: Magearna|74/100|[from] item: Leftovers
|turn|17
|
|switch|p1a: Great Tusk|Great Tusk|97/100
|move|p2a: Magearna|Calm Mind|p2a: Magearna
|-boost|p2a: Magearna|spa|1
|-boost|p2a: Magearna|spd|1
|
|-heal|p2a: Magearna|80/100|[from] item: Leftovers
|turn|18
|
|switch|p2a: Rotom|Rotom-Wash|55/100 brn
|-damage|p2a: Rotom|43/100 brn|[from] Stealth Rock
|-terastallize|p1a: Great Tusk|Steel
|move|p1a: Great Tusk|Earthquake|p2a: Rotom
|-immune|p2a: Rotom|[from] ability: Levitate
|
|-damage|p2a: Rotom|36/100 brn|[from] brn
|turn|19
|
|-end|p1a: Great Tusk|Protosynthesis|[silent]
|switch|p1a: Dragapult|Dragapult, F|84/100 par
|move|p2a: Rotom|Hydro Pump|p1a: Dragapult
|-resisted|p1a: Dragapult
|-damage|p1a: Dragapult|59/100 par
|
|-damage|p2a: Rotom|30/100 brn|[from] brn
|turn|20
|
|move|p2a: Rotom|Protect|p2a: Rotom
|-singleturn|p2a: Rotom|Protect
|move|p1a: Dragapult|Will-O-Wisp|p2a: Rotom
|-activate|p2a: Rotom|move: Protect
|
|-damage|p2a: Rotom|24/100 brn|[from] brn
|turn|21
|
|move|p2a: Rotom|Hydro Pump|p1a: Dragapult
|-resisted|p1a: Dragapult
|-damage|p1a: Dragapult|33/100 par
|move|p1a: Dragapult|U-turn|p2a: Rotom
|-damage|p2a: Rotom|8/100 brn
|
|switch|p1a: Great Tusk|Great Tusk, tera:Steel|97/100|[from] U-turn
|
|-damage|p2a: Rotom|1/100 brn|[from] brn
|turn|22
|
|move|p1a: Great Tusk|Rapid Spin|p2a: Rotom
|-damage|p2a: Rotom|0 fnt
|-boost|p1a: Great Tusk|spe|1
|faint|p2a: Rotom
|
|
|switch|p2a: Heatran|Heatran, F|100/100
|-damage|p2a: Heatran|88/100|[from] Stealth Rock
|turn|23
|
|-terastallize|p2a: Heatran|Grass
|move|p1a: Great Tusk|Earthquake|p2a: Heatran
|-resisted|p2a: Heatran
|-damage|p2a: Heatran|68/100
|move|p2a: Heatran|Magma Storm|p1a: Great Tusk|[miss]
|-miss|p2a: Heatran|p1a: Great Tusk
|
|-heal|p2a: Heatran|75/100|[from] item: Leftovers
|turn|24
|
|-end|p1a: Great Tusk|Protosynthesis|[silent]
|switch|p1a: Dragapult|Dragapult, F|33/100 par
|move|p2a: Heatran|Magma Storm|p1a: Dragapult
|-resisted|p1a: Dragapult
|-damage|p1a: Dragapult|4/100 par
|-activate|p1a: Dragapult|move: Magma Storm|[of] p2a: Heatran
|
|-heal|p2a: Heatran|81/100|[from] item: Leftovers
|-damage|p1a: Dragapult|0 fnt|[from] move: Magma Storm|[partiallytrapped]
|faint|p1a: Dragapult
|
|switch|p1a: Zapdos|Zapdos-Galar, shiny|100/100
|turn|25
|
|switch|p2a: Magearna|Magearna|80/100
|-damage|p2a: Magearna|74/100|[from] Stealth Rock
|move|p1a: Zapdos|Close Combat|p2a: Magearna
|-damage|p2a: Magearna|0 fnt
|-unboost|p1a: Zapdos|def|1
|-unboost|p1a: Zapdos|spd|1
|faint|p2a: Magearna
|
|
|switch|p2a: Arcanine|Arcanine-Hisui, M|76/100
|-damage|p2a: Arcanine|51/100|[from] Stealth Rock
|turn|26
|
|switch|p1a: Great Tusk|Great Tusk, tera:Steel|97/100
|move|p2a: Arcanine|Extreme Speed|p1a: Great Tusk
|-resisted|p1a: Great Tusk
|-damage|p1a: Great Tusk|88/100
|-damage|p2a: Arcanine|34/100|[from] item: Rocky Helmet|[of] p1a: Great Tusk
|
|turn|27
|
|switch|p2a: Heatran|Heatran, F, tera:Grass|81/100
|-damage|p2a: Heatran|68/100|[from] Stealth Rock
|move|p1a: Great Tusk|Earthquake|p2a: Heatran
|-resisted|p2a: Heatran
|-damage|p2a: Heatran|52/100
|
|-heal|p2a: Heatran|58/100|[from] item: Leftovers
|turn|28
|
|move|p1a: Great Tusk|Knock Off|p2a: Heatran
|-damage|p2a: Heatran|33/100
|-enditem|p2a: Heatran|Leftovers|[from] move: Knock Off|[of] p1a: Great Tusk
|move|p2a: Heatran|Magma Storm|p1a: Great Tusk
|-supereffective|p1a: Great Tusk
|-damage|p1a: Great Tusk|0 fnt
|faint|p1a: Great Tusk
|-end|p1a: Great Tusk|Protosynthesis|[silent]
|
|
|switch|p1a: Zapdos|Zapdos-Galar, shiny|100/100
|turn|29
|
|move|p1a: Zapdos|Close Combat|p2a: Heatran
|-damage|p2a: Heatran|0 fnt
|-unboost|p1a: Zapdos|def|1
|-unboost|p1a: Zapdos|spd|1
|faint|p2a: Heatran
|
|
|switch|p2a: Arcanine|Arcanine-Hisui, M|34/100
|-damage|p2a: Arcanine|10/100|[from] Stealth Rock
|turn|30
|
|move|p2a: Arcanine|Extreme Speed|p1a: Zapdos
|-damage|p1a: Zapdos|36/100
|move|p1a: Zapdos|Close Combat|p2a: Arcanine
|-supereffective|p2a: Arcanine
|-damage|p2a: Arcanine|0 fnt
|-unboost|p1a: Zapdos|def|1
|-unboost|p1a: Zapdos|spd|1
|faint|p2a: Arcanine
|
|win|TesteZapZapdos3
