|poke|p1|Typhlosion-Hisui, F|
|poke|p1|Dragapult, M|
|poke|p1|Magearna|
|poke|p1|Urshifu-*, M|
|poke|p1|Zapdos|
|poke|p1|Great Tusk|
|poke|p2|Enamorus, F|
|poke|p2|Sneasler, F|
|poke|p2|Heatran, M|
|poke|p2|Samurott-Hisui, M|
|poke|p2|Gholdengo|
|poke|p2|Great Tusk|
|teampreview
|
|start
|switch|p1a: Great Tusk|Great Tusk|100/100
|switch|p2a: Sneasler|Sneasler, F|100/100
|-enditem|p1a: Great Tusk|Booster Energy
|-activate|p1a: Great Tusk|ability: Protosynthesis|[fromitem]
|-start|p1a: Great Tusk|protosynthesisatk
|turn|1
|
|move|p2a: Sneasler|U-turn|p1a: Great Tusk
|-resisted|p1a: Great Tusk
|-damage|p1a: Great Tusk|89/100
|
|switch|p2a: Enamorus|Enamorus, F|100/100|[from] U-turn
|move|p1a: Great Tusk|Knock Off|p2a: Enamorus
|-resisted|p2a: Enamorus
|-damage|p2a: Enamorus|72/100
|-enditem|p2a: Enamorus|Heavy-Duty Boots|[from] move: Knock Off|[of] p1a: Great Tusk
|
|turn|2
|
|-end|p1a: Great Tusk|Protosynthesis|[silent]
|switch|p1a: Magearna|Magearna|100/100
|move|p2a: Enamorus|Substitute|p2a: Enamorus
|-start|p2a: Enamorus|Substitute
|-damage|p2a: Enamorus|47/100
|
|turn|3
|
|move|p2a: Enamorus|Superpower|p1a: Magearna
|-damage|p1a: Magearna|72/100
|-boost|p2a: Enamorus|atk|1
|-boost|p2a: Enamorus|def|1
|move|p1a: Magearna|Volt Switch|p2a: Enamorus
|-supereffective|p2a: Enamorus
|-end|p2a: Enamorus|Substitute
|
|switch|p1a: Zapdos|Zapdos|100/100|[from] Volt Switch
|
|turn|4
|
|switch|p2a: Heatran|Heatran, M|100/100
|move|p1a: Zapdos|Volt Switch|p2a: Heatran
|-damage|p2a: Heatran|84/100
|
|switch|p1a: Urshifu|Urshifu-Rapid-Strike, M|100/100|[from] Volt Switch
|
|-heal|p2a: Heatran|90/100|[from] item: Leftovers
|turn|5
|
|-terastallize|p2a: Heatran|Grass
|move|p1a: Urshifu|Surging Strikes|p2a: Heatran
|-resisted|p2a: Heatran
|-crit|p2a: Heatran
|-damage|p2a: Heatran|81/100
|-resisted|p2a: Heatran
|-crit|p2a: Heatran
|-damage|p2a: Heatran|72/100
|-resisted|p2a: Heatran
|-crit|p2a: Heatran
|-damage|p2a: Heatran|64/100
|-hitcount|p2a: Heatran|3
|move|p2a: Heatran|Magma Storm|p1a: Urshifu
|-resisted|p1a: Urshifu
|-damage|p1a: Urshifu|68/100
|-activate|p1a: Urshifu|move: Magma Storm|[of] p2a: Heatran
|
|-heal|p2a: Heatran|70/100|[from] item: Leftovers
|-damage|p1a: Urshifu|55/100|[from] move: Magma Storm|[partiallytrapped]
|turn|6
|
|move|p2a: Heatran|Protect|p2a: Heatran
|-singleturn|p2a: Heatran|Protect
|move|p1a: Urshifu|Surging Strikes|p2a: Heatran
|-resisted|p2a: Heatran
|-crit|p2a: Heatran
|-damage|p2a: Heatran|62/100
|-resisted|p2a: Heatran
|-crit|p2a: Heatran
|-damage|p2a: Heatran|53/100
|-resisted|p2a: Heatran
|-crit|p2a: Heatran
|-damage|p2a: Heatran|45/100
|-hitcount|p2a: Heatran|3
|
|-heal|p2a: Heatran|51/100|[from] item: Leftovers
|-damage|p1a: Urshifu|43/100|[from] move: Magma Storm|[partiallytrapped]
|turn|7
|
|move|p1a: Urshifu|Surging Strikes|p2a: Heatran
|-resisted|p2a: Heatran
|-crit|p2a: Heatran
|-damage|p2a: Heatran|43/100
|-resisted|p2a: Heatran
|-crit|p2a: Heatran
|-damage|p2a: Heatran|35/100
|-resisted|p2a: Heatran
|-crit|p2a: Heatran
|-damage|p2a: Heatran|27/100
|-hitcount|p2a: Heatran|3
|move|p2a: Heatran|Earth Power|p1a: Urshifu
|-damage|p1a: Urshifu|7/100
|
|-heal|p2a: Heatran|33/100|[from] item: Leftovers
|-damage|p1a: Urshifu|0 fnt|[from] move: Magma Storm|[partiallytrapped]
|faint|p1a: Urshifu
|
|switch|p1a: Dragapult|Dragapult, M|100/100
|turn|8
|
|move|p2a: Heatran|Protect|p2a: Heatran
|-singleturn|p2a: Heatran|Protect
|move|p1a: Dragapult|Dragon Darts|p2a: Heatran
|-activate|p2a: Heatran|move: Protect
|
|-heal|p2a: Heatran|40/100|[from] item: Leftovers
|turn|9
|
|switch|p2a: Gholdengo|Gholdengo|100/100
|-item|p2a: Gholdengo|Air Balloon
|move|p1a: Dragapult|Substitute|p1a: Dragapult
|-start|p1a: Dragapult|Substitute
|-damage|p1a: Dragapult|76/100
|
|-heal|p1a: Dragapult|82/100|[from] item: Leftovers
|turn|10
|
|move|p1a: Dragapult|Hex|p2a: Gholdengo
|-supereffective|p2a: Gholdengo
|-damage|p2a: Gholdengo|43/100
|-enditem|p2a: Gholdengo|Air Balloon
|move|p2a: Gholdengo|Shadow Ball|p1a: Dragapult
|-supereffective|p1a: Dragapult
|-end|p1a: Dragapult|Substitute
|
|-heal|p1a: Dragapult|88/100|[from] item: Leftovers
|turn|11
|
|switch|p2a: Great Tusk|Great Tusk|100/100
|move|p1a: Dragapult|Substitute|p1a: Dragapult
|-start|p1a: Dragapult|Substitute
|-damage|p1a: Dragapult|63/100
|
|-heal|p1a: Dragapult|69/100|[from] item: Leftovers
|turn|12
|
|move|p1a: Dragapult|Will-O-Wisp|p2a: Great Tusk
|-status|p2a: Great Tusk|brn
|move|p2a: Great Tusk|Knock Off|p1a: Dragapult
|-supereffective|p1a: Dragapult
|-end|p1a: Dragapult|Substitute
|
|-heal|p1a: Dragapult|75/100|[from] item: Leftovers
|-damage|p2a: Great Tusk|94/100 brn|[from] brn
|turn|13
|
|switch|p1a: Magearna|Magearna|72/100
|move|p2a: Great Tusk|Knock Off|p1a: Magearna
|-resisted|p1a: Magearna
|-damage|p1a: Magearna|66/100
|-enditem|p1a: Magearna|Heavy-Duty Boots|[from] move: Knock Off|[of] p2a: Great Tusk
|
|-damage|p2a: Great Tusk|88/100 brn|[from] brn
|turn|14
|
|-end|p2a: Great Tusk|Protosynthesis|[silent]
|switch|p2a: Gholdengo|Gholdengo|43/100
|move|p1a: Magearna|Pain Split|p2a: Gholdengo
|-immune|p2a: Gholdengo|[from] ability: Good as Gold
|
|turn|15
|
|move|p2a: Gholdengo|Recover|p2a: Gholdengo
|-heal|p2a: Gholdengo|94/100
|move|p1a: Magearna|Volt Switch|p2a: Gholdengo
|-damage|p2a: Gholdengo|70/100
|
|switch|p1a: Dragapult|Dragapult, M|75/100|[from] Volt Switch
|
|-heal|p1a: Dragapult|81/100|[from] item: Leftovers
|turn|16
|
|move|p1a: Dragapult|Substitute|p1a: Dragapult
|-start|p1a: Dragapult|Substitute
|-damage|p1a: Dragapult|56/100
|move|p2a: Gholdengo|Shadow Ball|p1a: Dragapult
|-supereffective|p1a: Dragapult
|-end|p1a: Dragapult|Substitute
|
|-heal|p1a: Dragapult|62/100|[from] item: Leftovers
|turn|17
|
|move|p1a: Dragapult|Hex|p2a: Gholdengo
|-supereffective|p2a: Gholdengo
|-damage|p2a: Gholdengo|2/100
|move|p2a: Gholdengo|Shadow Ball|p1a: Dragapult
|-supereffective|p1a: Dragapult
|-damage|p1a: Dragapult|0 fnt
|faint|p1a: Dragapult
|
|
|switch|p1a: Typhlosion|Typhlosion-Hisui, F|100/100
|turn|18
|
|move|p1a: Typhlosion|Infernal Parade|p2a: Gholdengo
|-supereffective|p2a: Gholdengo
|-damage|p2a: Gholdengo|0 fnt
|faint|p2a: Gholdengo
|
|
|switch|p2a: Heatran|Heatran, M, tera:Grass|40/100
|turn|19
|
|move|p2a: Heatran|Protect|p2a: Heatran
|-singleturn|p2a: Heatran|Protect
|move|p1a: Typhlosion|Infernal Parade|p2a: Heatran
|-activate|p2a: Heatran|move: Protect
|
|-heal|p2a: Heatran|46/100|[from] item: Leftovers
|turn|20
|
|-terastallize|p1a: Typhlosion|Normal
|move|p1a: Typhlosion|Infernal Parade|p2a: Heatran
|-damage|p2a: Heatran|21/100
|move|p2a: Heatran|Magma Storm|p1a: Typhlosion
|-damage|p1a: Typhlosion|38/100
|-activate|p1a: Typhlosion|move: Magma Storm|[of] p2a: Heatran
|
|-heal|p2a: Heatran|27/100|[from] item: Leftovers
|-damage|p1a: Typhlosion|26/100|[from] move: Magma Storm|[partiallytrapped]
|turn|21
|
|move|p2a: Heatran|Protect|p2a: Heatran
|-singleturn|p2a: Heatran|Protect
|move|p1a: Typhlosion|Infernal Parade|p2a: Heatran
|-activate|p2a: Heatran|move: Protect
|
|-heal|p2a: Heatran|33/100|[from] item: Leftovers
|-damage|p1a: Typhlosion|14/100|[from] move: Magma Storm|[partiallytrapped]
|turn|22
|
|move|p1a: Typhlosion|Infernal Parade|p2a: Heatran
|-damage|p2a: Heatran|7/100
|move|p2a: Heatran|Earth Power|p1a: Typhlosion
|-damage|p1a: Typhlosion|0 fnt
|faint|p1a: Typhlosion
|
|-heal|p2a: Heatran|14/100|[from] item: Leftovers
|
|switch|p1a: Great Tusk|Great Tusk|89/100
|turn|23
|
|move|p1a: Great Tusk|Rapid Spin|p2a: Heatran
|-damage|p2a: Heatran|2/100
|-boost|p1a: Great Tusk|spe|1
|move|p2a: Heatran|Magma Storm|p1a: Great Tusk
|-damage|p1a: Great Tusk|30/100
|-activate|p1a: Great Tusk|move: Magma Storm|[of] p2a: Heatran
|
|-heal|p2a: Heatran|8/100|[from] item: Leftovers
|-damage|p1a: Great Tusk|17/100|[from] move: Magma Storm|[partiallytrapped]
|turn|24
|
|move|p1a: Great Tusk|Rapid Spin|p2a: Heatran
|-damage|p2a: Heatran|0 fnt
|-boost|p1a: Great Tusk|spe|1
|-end|p1a: Great Tusk|Magma Storm|[partiallytrapped]
|faint|p2a: Heatran
|
|
|switch|p2a: Samurott|Samurott-Hisui, M|100/100
|turn|25
|
|move|p2a: Samurott|Aqua Jet|p1a: Great Tusk
|-supereffective|p1a: Great Tusk
|-damage|p1a: Great Tusk|0 fnt
|faint|p1a: Great Tusk
|-end|p1a: Great Tusk|Protosynthesis|[silent]
|
|
|switch|p1a: Magearna|Magearna|66/100
|turn|26
|
|switch|p2a: Enamorus|Enamorus, F|47/100
|move|p1a: Magearna|Fleur Cannon|p2a: Enamorus
|-damage|p2a: Enamorus|0 fnt
|-unboost|p1a: Magearna|spa|2
|faint|p2a: Enamorus
|-ability|p1a: Magearna|Soul-Heart|boost
|-boost|p1a: Magearna|spa|1
|
|
|switch|p2a: Great Tusk|Great Tusk|88/100 brn
|turn|27
|
|move|p2a: Great Tusk|Knock Off|p1a: Magearna
|-resisted|p1a: Magearna
|-damage|p1a: Magearna|62/100
|move|p1a: Magearna|Fleur Cannon|p2a: Great Tusk
|-supereffective|p2a: Great Tusk
|-damage|p2a: Great Tusk|0 fnt
|-unboost|p1a: Magearna|spa|2
|faint|p2a: Great Tusk
|-ability|p1a: Magearna|Soul-Heart|boost
|-boost|p1a: Magearna|spa|1
|-end|p2a: Great Tusk|Protosynthesis|[silent]
|
|
|switch|p2a: Samurott|Samurott-Hisui, M|100/100
|turn|28
|
|move|p2a: Samurott|Aqua Cutter|p1a: Magearna
|-damage|p1a: Magearna|13/100
|move|p1a: Magearna|Volt Switch|p2a: Samurott
|-supereffective|p2a: Samurott
|-damage|p2a: Samurott|67/100
|
|switch|p1a: Zapdos|Zapdos|100/100|[from] Volt Switch
|
|turn|29
|
|move|p2a: Samurott|Aqua Cutter|p1a: Zapdos
|-damage|p1a: Zapdos|46/100
|move|p1a: Zapdos|Volt Switch|p2a: Samurott
|-supereffective|p2a: Samurott
|-damage|p2a: Samurott|0 fnt
|faint|p2a: Samurott
|
|switch|p1a: Magearna|Magearna|13/100|[from] Volt Switch
|
|
|switch|p2a: Sneasler|Sneasler, F|100/100
|turn|30
|
|move|p2a: Sneasler|Close Combat|p1a: Magearna
|-damage|p1a: Magearna|0 fnt
|-unboost|p2a: Sneasler|def|1
|-unboost|p2a: Sneasler|spd|1
|faint|p1a: Magearna
|
|
|switch|p1a: Zapdos|Zapdos|46/100
|turn|31
|
|move|p2a: Sneasler|Close Combat|p1a: Zapdos
|-resisted|p1a: Zapdos
|-damage|p1a: Zapdos|6/100
|-unboost|p2a: Sneasler|def|1
|-unboost|p2a: Sneasler|spd|1
|move|p1a: Zapdos|Roost|p1a: Zapdos
|-heal|p1a: Zapdos|56/100
|-singleturn|p1a: Zapdos|move: Roost
|
|turn|32
|
|move|p2a: Sneasler|Close Combat|p1a: Zapdos
|-resisted|p1a: Zapdos
|-damage|p1a: Zapdos|21/100
|-unboost|p2a: Sneasler|def|1
|-unboost|p2a: Sneasler|spd|1
|-status|p2a: Sneasler|par|[from] ability: Static|[of] p1a: Zapdos
|move|p1a: Zapdos|Hurricane|p2a: Sneasler|[miss]
|-miss|p1a: Zapdos|p2a: Sneasler
|
|turn|33
|
|move|p1a: Zapdos|Roost|p1a: Zapdos
|-heal|p1a: Zapdos|71/100
|-singleturn|p1a: Zapdos|move: Roost
|move|p2a: Sneasler|Close Combat|p1a: Zapdos
|-damage|p1a: Zapdos|0 fnt
|-unboost|p2a: Sneasler|def|1
|-unboost|p2a: Sneasler|spd|1
|faint|p1a: Zapdos
|
|win|p2
