|poke|p1|Sneasler, F|
|poke|p1|Dragapult, F|
|poke|p1|Volcanion|
|poke|p1|Chien-Pao|
|poke|p1|Zamazenta-*|
|poke|p1|Great Tusk|
|poke|p2|Samurott-Hisui, M|
|poke|p2|Dragapult, F|
|poke|p2|Sneasler, F|
|poke|p2|Magearna|
|poke|p2|Volcarona, M|
|poke|p2|Zamazenta-*|
|teampreview
|
|start
|switch|p1a: Sneasler|Sneasler, F|100/100
|switch|p2a: Samurott|Samurott-Hisui, M|100/100
|turn|1
|
|move|p1a: Sneasler|U-turn|p2a: Samurott
|-supereffective|p2a: Samurott
|-damage|p2a: Samurott|10/100
|-status|p2a: Samurott|psn|[from] ability: Poison Touch|[of] p1a: Sneasler
|
|switch|p1a: Great Tusk|Great Tusk|100/100|[from] U-turn
|move|p2a: Samurott|Ceaseless Edge|p1a: Great Tusk
|-resisted|p1a: Great Tusk
|-damage|p1a: Great Tusk|84/100
|-sidestart|p1: azuisgold|Spikes
|
|-heal|p1a: Great Tusk|90/100|[from] item: Leftovers
|-damage|p2a: Samurott|0 fnt|[from] psn
|faint|p2a: Samurott
|
|switch|p2a: Dragapult|Dragapult, F|100/100
|turn|2
|
|-end|p1a: Great Tusk|Protosynthesis|[silent]
|switch|p1a: Zamazenta|Zamazenta|100/100
|-damage|p1a: Zamazenta|88/100|[from] Spikes
|-ability|p1a: Zamazenta|Dauntless Shield|boost
|-boost|p1a: Zamazenta|def|1
|move|p2a: Dragapult|Reflect|p2a: Dragapult
|-sidestart|p2: AviAtHome|Reflect
|
|-heal|p1a: Zamazenta|94/100|[from] item: Leftovers
|turn|3
|
|switch|p1a: Chien-Pao|Chien-Pao|100/100
|-ability|p1a: Chien-Pao|Sword of Ruin
|move|p2a: Dragapult|Light Screen|p2a: Dragapult
|-sidestart|p2: AviAtHome|move: Light Screen
|
|turn|4
|
|switch|p1a: Sneasler|Sneasler, F|100/100
|-damage|p1a: Sneasler|88/100|[from] Spikes
|move|p2a: Dragapult|U-turn|p1a: Sneasler
|-resisted|p1a: Sneasler
|-damage|p1a: Sneasler|80/100
|
|switch|p2a: Volcarona|Volcarona, M|100/100|[from] U-turn
|
|turn|5
|
|move|p1a: Sneasler|Switcheroo|p2a: Volcarona
|-activate|p1a: Sneasler|move: Trick|[of] p2a: Volcarona
|-item|p2a: Volcarona|Choice Band|[from] move: Switcheroo
|-item|p1a: Sneasler|Heavy-Duty Boots|[from] move: Switcheroo
|move|p2a: Volcarona|Quiver Dance|p2a: Volcarona
|-boost|p2a: Volcarona|spa|1
|-boost|p2a: Volcarona|spd|1
|-boost|p2a: Volcarona|spe|1
|
|turn|6
|
|switch|p2a: Zamazenta|Zamazenta-Crowned|100/100
|-ability|p2a: Zamazenta|Dauntless Shield|boost
|-boost|p2a: Zamazenta|def|1
|move|p1a: Sneasler|Dire Claw|p2a: Zamazenta
|-immune|p2a: Zamazenta
|
|turn|7
|
|move|p2a: Zamazenta|Iron Defense|p2a: Zamazenta
|-boost|p2a: Zamazenta|def|2
|move|p1a: Sneasler|U-turn|p2a: Zamazenta
|-resisted|p2a: Zamazenta
|-damage|p2a: Zamazenta|99/100
|
|switch|p1a: Volcanion|Volcanion|100/100|[from] U-turn
|-damage|p1a: Volcanion|88/100|[from] Spikes
|
|turn|8
|
|move|p2a: Zamazenta|Body Press|p1a: Volcanion
|-damage|p1a: Volcanion|0 fnt
|faint|p1a: Volcanion
|
|
|switch|p1a: Zamazenta|Zamazenta|94/100
|-damage|p1a: Zamazenta|82/100|[from] Spikes
|turn|9
|
|move|p2a: Zamazenta|Body Press|p1a: Zamazenta
|-damage|p1a: Zamazenta|8/100
|move|p1a: Zamazenta|Iron Defense|p1a: Zamazenta
|-boost|p1a: Zamazenta|def|2
|
|-heal|p1a: Zamazenta|14/100|[from] item: Leftovers
|-sideend|p2: AviAtHome|Reflect
|turn|10
|
|move|p2a: Zamazenta|Body Press|p1a: Zamazenta
|-damage|p1a: Zamazenta|0 fnt
|faint|p1a: Zamazenta
|
|-sideend|p2: AviAtHome|move: Light Screen
|
|switch|p1a: Great Tusk|Great Tusk|90/100
|-damage|p1a: Great Tusk|78/100|[from] Spikes
|turn|11
|
|move|p2a: Zamazenta|Body Press|p1a: Great Tusk
|-damage|p1a: Great Tusk|0 fnt
|faint|p1a: Great Tusk
|-end|p1a: Great Tusk|Protosynthesis|[silent]
|
|
|switch|p1a: Chien-Pao|Chien-Pao|100/100
|-ability|p1a: Chien-Pao|Sword of Ruin
|turn|12
|
|-terastallize|p1a: Chien-Pao|Fighting
|-terastallize|p2a: Zamazenta|Fire
|move|p1a: Chien-Pao|Sacred Sword|p2a: Zamazenta
|-damage|p2a: Zamazenta|61/100
|move|p2a: Zamazenta|Body Press|p1a: Chien-Pao
|-damage|p1a: Chien-Pao|0 fnt
|faint|p1a: Chien-Pao
|
|-message|azuisgold forfeited.
|
|win|AviAtHome
|l|☆azuisgold
