# advantage = p2
|poke|p1|Dragapult, M|
|poke|p1|Urshifu-*, F|
|poke|p1|Krookodile, F|
|poke|p1|Braviary, M|
|poke|p1|Slither Wing|
|poke|p1|Espeon, M|
|poke|p2|Delphox, F|
|poke|p2|Rabsca, M|
|poke|p2|Weavile, M|
|poke|p2|Perrserker, F|
|poke|p2|Maushold-Four|
|poke|p2|Indeedee, M|
|teampreview
|
|start
|switch|p1a: Terra from...|Slither Wing|100/100
|switch|p2a: Ew|Rabsca, M|100/100
|-enditem|p1a: Terra from...|Booster Energy
|-activate|p1a: Terra from...|ability: Protosynthesis|[fromitem]
|-start|p1a: Terra from...|protosynthesisatk
|turn|1
|
|move|p1a: Terra from...|First Impression|p2a: Ew
|-supereffective|p2a: Ew
|-damage|p2a: Ew|0 fnt
|faint|p2a: Ew
|
|
|switch|p2a: Cat|Indeedee, M|100/100
|-fieldstart|move: Psychic Terrain|[from] ability: Psychic Surge|[of] p2a: Cat
|turn|2
|
|move|p2a: Cat|Psychic|p1a: Terra from...
|-supereffective|p1a: Terra from...
|-damage|p1a: Terra from...|2/100
|move|p1a: Terra from...|Leech Life|p2a: Cat
|-supereffective|p2a: Cat
|-damage|p2a: Cat|0 fnt
|-heal|p1a: Terra from...|41/100|[from] drain|[of] p2a: Cat
|faint|p2a: Cat
|
|
|switch|p2a: Feel The Heat|Delphox, F|100/100
|turn|3
|
|-terastallize|p2a: Feel The Heat|Fire
|move|p2a: Feel The Heat|Psychic|p1a: Terra from...
|-supereffective|p1a: Terra from...
|-damage|p1a: Terra from...|0 fnt
|faint|p1a: Terra from...
|-end|p1a: Terra from...|Protosynthesis|[silent]
|
|
|switch|p1a: JP|Krookodile, F|100/100
|turn|4
|
|move|p2a: Feel The Heat|Flamethrower|p1a: JP
|-damage|p1a: JP|31/100
|move|p1a: JP|Earthquake|p2a: Feel The Heat
|-supereffective|p2a: Feel The Heat
|-enditem|p2a: Feel The Heat|Focus Sash
|-damage|p2a: Feel The Heat|1/100
|
|turn|5
|
|move|p2a: Feel The Heat|Flamethrower|p1a: JP
|-damage|p1a: JP|0 fnt
|faint|p1a: JP
|
|
|switch|p1a: Thats Two Tapes|Dragapult, M|100/100
|turn|6
|
|move|p1a: Thats Two Tapes|U-turn|p2a: Feel The Heat
|-resisted|p2a: Feel The Heat
|-damage|p2a: Feel The Heat|0 fnt
|faint|p2a: Feel The Heat
|
|switch|p1a: Pokemon Unite's|Espeon, M|100/100|[from] U-turn
|
|-fieldend|move: Psychic Terrain
|
|switch|p2a: Over Poppulation|Maushold-Four|100/100
|turn|7
|
|move|p2a: Over Poppulation|Tidy Up|p2a: Over Poppulation
|-boost|p2a: Over Poppulation|atk|1
|-boost|p2a: Over Poppulation|spe|1
|move|p1a: Pokemon Unite's|Thunder Wave|p2a: Over Poppulation
|-status|p2a: Over Poppulation|par
|
|turn|8
|
|move|p1a: Pokemon Unite's|Reflect|p1a: Pokemon Unite's
|-sidestart|p1: p1|Reflect
|move|p2a: Over Poppulation|Population Bomb|p1a: Pokemon Unite's
|-damage|p1a: Pokemon Unite's|90/100
|-damage|p1a: Pokemon Unite's|80/100
|-damage|p1a: Pokemon Unite's|70/100
|-damage|p1a: Pokemon Unite's|60/100
|-damage|p1a: Pokemon Unite's|49/100
|-damage|p1a: Pokemon Unite's|38/100
|-crit|p1a: Pokemon Unite's
|-damage|p1a: Pokemon Unite's|5/100
|-damage|p1a: Pokemon Unite's|0 fnt
|faint|p1a: Pokemon Unite's
|-hitcount|p1: Pokemon Unite's|8
|
|
|switch|p1a: Im Droppin|Braviary, M|100/100
|turn|9
|
|move|p1a: Im Droppin|Superpower|p2a: Over Poppulation
|-supereffective|p2a: Over Poppulation
|-damage|p2a: Over Poppulation|0 fnt
|-unboost|p1a: Im Droppin|atk|1
|-unboost|p1a: Im Droppin|def|1
|faint|p2a: Over Poppulation
|
|
|switch|p2a: 3am|Perrserker, F, shiny|100/100
|turn|10
|
|move|p2a: 3am|Fake Out|p1a: Im Droppin
|-damage|p1a: Im Droppin|85/100
|cant|p1a: Im Droppin|flinch
|
|turn|11
|
|move|p1a: Im Droppin|U-turn|p2a: 3am
|-resisted|p2a: 3am
|-damage|p2a: 3am|93/100
|-damage|p1a: Im Droppin|68/100|[from] item: Rocky Helmet|[of] p2a: 3am
|
|switch|p1a: Luke from Streets|Urshifu-Rapid-Strike, F|100/100|[from] U-turn
|move|p2a: 3am|Close Combat|p1a: Luke from Streets
|-damage|p1a: Luke from Streets|79/100
|-unboost|p2a: 3am|def|1
|-unboost|p2a: 3am|spd|1
|
|turn|12
|
|move|p1a: Luke from Streets|Drain Punch|p2a: 3am
|-supereffective|p2a: 3am
|-damage|p2a: 3am|0 fnt
|-heal|p1a: Luke from Streets|100/100|[from] drain|[of] p2a: 3am
|faint|p2a: 3am
|
|
|switch|p2a: Darkness|Weavile, M|100/100
|-ability|p2a: Darkness|Pressure
|turn|13
|
|-terastallize|p1a: Luke from Streets|Water
|move|p2a: Darkness|Fake Out|p1a: Luke from Streets
|-damage|p1a: Luke from Streets|93/100
|-damage|p2a: Darkness|91/100|[from] item: Life Orb
|cant|p1a: Luke from Streets|flinch
|
|turn|14
|
|move|p2a: Darkness|Icicle Crash|p1a: Luke from Streets
|-resisted|p1a: Luke from Streets
|-damage|p1a: Luke from Streets|81/100
|-damage|p2a: Darkness|81/100|[from] item: Life Orb
|move|p1a: Luke from Streets|Drain Punch|p2a: Darkness
|-supereffective|p2a: Darkness
|-damage|p2a: Darkness|0 fnt
|-heal|p1a: Luke from Streets|100/100|[from] drain|[of] p2a: Darkness
|faint|p2a: Darkness
|
|win|p1
