# advantage = p2
|poke|p1|Pelipper, M|
|poke|p1|Floatzel, F|
|poke|p1|Basculegion, M|
|poke|p1|Dondozo, F|
|poke|p1|Pawmot, F|
|poke|p1|Scream Tail|
|poke|p2|Staraptor, F|
|poke|p2|Sylveon, F|
|poke|p2|Garganacl, M|
|poke|p2|Magnezone|
|poke|p2|Grimmsnarl, M|
|poke|p2|Magearna|
|teampreview
|
|start
|switch|p1a: Pelipper|Pelipper, M|100/100
|switch|p2a: Staraptor|Staraptor, F, shiny|100/100
|-weather|RainDance|[from] ability: Drizzle|[of] p1a: Pelipper
|turn|1
|
|switch|p1a: Scream Tail|Scream Tail|100/100
|move|p2a: Staraptor|Final Gambit|p1a: Scream Tail
|-damage|p1a: Scream Tail|14/100
|faint|p2a: Staraptor
|
|-weather|RainDance|[upkeep]
|
|switch|p2a: Magnezone|Magnezone|100/100
|turn|2
|
|-end|p1a: Scream Tail|Protosynthesis|[silent]
|switch|p1a: Pawmot|Pawmot, F|100/100
|move|p2a: Magnezone|Steel Beam|p1a: Pawmot
|-resisted|p1a: Pawmot
|-crit|p1a: Pawmot
|-damage|p1a: Pawmot|32/100
|-damage|p2a: Magnezone|50/100|[from] steelbeam
|
|-weather|RainDance|[upkeep]
|turn|3
|
|switch|p1a: Floatzel|Floatzel, F|100/100
|move|p2a: Magnezone|Explosion|p1a: Floatzel
|-damage|p1a: Floatzel|28/100
|faint|p2a: Magnezone
|
|-weather|RainDance|[upkeep]
|
|switch|p2a: Sylveon|Sylveon, F|100/100
|turn|4
|
|move|p1a: Floatzel|Wave Crash|p2a: Sylveon
|-damage|p2a: Sylveon|0 fnt
|faint|p2a: Sylveon
|-damage|p1a: Floatzel|0 fnt|[from] Recoil
|faint|p1a: Floatzel
|
|-weather|RainDance|[upkeep]
|
|switch|p1a: Basculegion|Basculegion, M|100/100
|switch|p2a: Garganacl|Garganacl, M|100/100
|turn|5
|
|-terastallize|p1a: Basculegion|Water
|move|p1a: Basculegion|Wave Crash|p2a: Garganacl
|-supereffective|p2a: Garganacl
|-damage|p2a: Garganacl|0 fnt
|faint|p2a: Garganacl
|-damage|p1a: Basculegion|66/100|[from] Recoil
|
|-weather|RainDance|[upkeep]
|
|switch|p2a: Grimmsnarl|Grimmsnarl, M|100/100
|turn|6
|
|move|p2a: Grimmsnarl|Reflect|p2a: Grimmsnarl
|-sidestart|p2: p2|Reflect
|move|p1a: Basculegion|Wave Crash|p2a: Grimmsnarl
|-damage|p2a: Grimmsnarl|16/100
|-damage|p1a: Basculegion|37/100|[from] Recoil
|
|-weather|RainDance|[upkeep]
|turn|7
|
|move|p2a: Grimmsnarl|Light Screen|p2a: Grimmsnarl
|-sidestart|p2: p2|move: Light Screen
|move|p1a: Basculegion|Wave Crash|p2a: Grimmsnarl
|-damage|p2a: Grimmsnarl|0 fnt
|faint|p2a: Grimmsnarl
|-damage|p1a: Basculegion|31/100|[from] Recoil
|
|-weather|RainDance|[upkeep]
|
|switch|p2a: Magearna|Magearna|100/100
|turn|8
|
|move|p1a: Basculegion|Wave Crash|p2a: Magearna
|-damage|p2a: Magearna|24/100
|-damage|p1a: Basculegion|8/100|[from] Recoil
|move|p2a: Magearna|Iron Defense|p2a: Magearna
|-boost|p2a: Magearna|def|2
|
|-weather|none
|-heal|p2a: Magearna|30/100|[from] item: Leftovers
|turn|9
|
|-terastallize|p2a: Magearna|Water
|move|p1a: Basculegion|Wave Crash|p2a: Magearna
|-resisted|p2a: Magearna
|-damage|p2a: Magearna|18/100
|-damage|p1a: Basculegion|4/100|[from] Recoil
|move|p2a: Magearna|Calm Mind|p2a: Magearna
|-boost|p2a: Magearna|spa|1
|-boost|p2a: Magearna|spd|1
|
|-heal|p2a: Magearna|24/100|[from] item: Leftovers
|turn|10
|
|switch|p1a: Dondozo|Dondozo, F|100/100
|move|p2a: Magearna|Iron Defense|p2a: Magearna
|-boost|p2a: Magearna|def|2
|
|-heal|p2a: Magearna|30/100|[from] item: Leftovers
|turn|11
|
|move|p2a: Magearna|Draining Kiss|p1a: Dondozo
|-crit|p1a: Dondozo
|-damage|p1a: Dondozo|60/100
|-heal|p2a: Magearna|72/100|[from] drain|[of] p1a: Dondozo
|move|p1a: Dondozo|Earthquake|p2a: Magearna
|-damage|p2a: Magearna|60/100
|
|-heal|p2a: Magearna|66/100|[from] item: Leftovers
|-heal|p1a: Dondozo|66/100|[from] item: Leftovers
|turn|12
|
|move|p2a: Magearna|Calm Mind|p2a: Magearna
|-boost|p2a: Magearna|spa|1
|-boost|p2a: Magearna|spd|1
|move|p1a: Dondozo|Curse|p1a: Dondozo
|-unboost|p1a: Dondozo|spe|1
|-boost|p1a: Dondozo|atk|1
|-boost|p1a: Dondozo|def|1
|
|-heal|p2a: Magearna|72/100|[from] item: Leftovers
|-heal|p1a: Dondozo|72/100|[from] item: Leftovers
|turn|13
|
|move|p2a: Magearna|Calm Mind|p2a: Magearna
|-boost|p2a: Magearna|spa|1
|-boost|p2a: Magearna|spd|1
|move|p1a: Dondozo|Rest|p1a: Dondozo
|-status|p1a: Dondozo|slp|[from] move: Rest
|-heal|p1a: Dondozo|100/100 slp|[silent]
|
|-heal|p2a: Magearna|78/100|[from] item: Leftovers
|-sideend|p2: p2|Reflect
|turn|14
|
|switch|p1a: Pelipper|Pelipper, M|100/100
|-weather|RainDance|[from] ability: Drizzle|[of] p1a: Pelipper
|move|p2a: Magearna|Iron Defense|p2a: Magearna
|-boost|p2a: Magearna|def|2
|
|-weather|RainDance|[upkeep]
|-heal|p2a: Magearna|84/100|[from] item: Leftovers
|-sideend|p2: p2|move: Light Screen
|turn|15
|
|move|p2a: Magearna|Draining Kiss|p1a: Pelipper
|-damage|p1a: Pelipper|25/100
|-heal|p2a: Magearna|100/100|[from] drain|[of] p1a: Pelipper
|move|p1a: Pelipper|Hurricane|p2a: Magearna
|-damage|p2a: Magearna|88/100
|-start|p2a: Magearna|confusion
|
|-weather|RainDance|[upkeep]
|-heal|p2a: Magearna|94/100|[from] item: Leftovers
|turn|16
|
|-activate|p2a: Magearna|confusion
|move|p2a: Magearna|Stored Power|p1a: Pelipper
|-damage|p1a: Pelipper|0 fnt
|faint|p1a: Pelipper
|-ability|p2a: Magearna|Soul-Heart|boost
|-boost|p2a: Magearna|spa|1
|
|-weather|RainDance|[upkeep]
|-heal|p2a: Magearna|99/100|[from] item: Leftovers
|
|switch|p1a: Scream Tail|Scream Tail|14/100
|turn|17
|-message|p1 forfeited.
|
|win|p2
