|poke|p1|Amoonguss, F|
|poke|p1|Gholdengo|
|poke|p1|Ting-Lu|
|poke|p1|Great Tusk|
|poke|p1|Dragonite, F|
|poke|p1|Iron Valiant|
|poke|p2|Volcarona, F|
|poke|p2|Kingambit, M|
|poke|p2|Gholdengo|
|poke|p2|Rotom-Wash|
|poke|p2|Great Tusk|
|poke|p2|Iron Valiant|
|teampreview
|j| kyonharuhi
|j| ShedTailHater
|
|start
|switch|p1a: Gholdengo|Gholdengo|100/100
|switch|p2a: Rotom|Rotom-Wash|100/100
|turn|1
|
|move|p2a: Rotom|Volt Switch|p1a: Gholdengo
|-damage|p1a: Gholdengo|61/100
|
|switch|p2a: Volcarona|Volcarona, F|100/100|[from] Volt Switch
|move|p1a: Gholdengo|Shadow Ball|p2a: Volcarona
|-damage|p2a: Volcarona|66/100
|
|turn|2
|
|switch|p1a: Ting-Lu|Ting-Lu|100/100
|-ability|p1a: Ting-Lu|Vessel of Ruin
|move|p2a: Volcarona|Morning Sun|p2a: Volcarona
|-heal|p2a: Volcarona|100/100
|
|turn|3
|
|switch|p2a: Great Tusk|Great Tusk|100/100
|move|p1a: Ting-Lu|Ruination|p2a: Great Tusk
|-damage|p2a: Great Tusk|50/100
|
|-heal|p2a: Great Tusk|57/100|[from] item: Leftovers
|turn|4
|
|switch|p1a: Amoonguss|Amoonguss, F|100/100
|move|p2a: Great Tusk|Knock Off|p1a: Amoonguss
|-damage|p1a: Amoonguss|79/100
|-enditem|p1a: Amoonguss|Covert Cloak|[from] move: Knock Off|[of] p2a: Great Tusk
|
|-heal|p2a: Great Tusk|63/100|[from] item: Leftovers
|turn|5
|
|-end|p2a: Great Tusk|Protosynthesis|[silent]
|switch|p2a: Gholdengo|Gholdengo|100/100
|move|p1a: Amoonguss|Spore|p2a: Gholdengo
|-immune|p2a: Gholdengo|[from] ability: Good as Gold
|
|turn|6
|
|switch|p2a: Great Tusk|Great Tusk|63/100
|switch|p1a: Ting-Lu|Ting-Lu|100/100
|-ability|p1a: Ting-Lu|Vessel of Ruin
|
|-heal|p2a: Great Tusk|69/100|[from] item: Leftovers
|turn|7
|
|switch|p1a: Amoonguss|Amoonguss, F|100/100
|move|p2a: Great Tusk|Stealth Rock|p1a: Amoonguss
|-sidestart|p1: gunk in ma troat|move: Stealth Rock
|
|-heal|p2a: Great Tusk|75/100|[from] item: Leftovers
|turn|8
|
|-end|p2a: Great Tusk|Protosynthesis|[silent]
|switch|p2a: Gholdengo|Gholdengo|100/100
|switch|p1a: Ting-Lu|Ting-Lu|100/100
|-damage|p1a: Ting-Lu|94/100|[from] Stealth Rock
|-ability|p1a: Ting-Lu|Vessel of Ruin
|
|-heal|p1a: Ting-Lu|100/100|[from] item: Leftovers
|turn|9
|
|switch|p2a: Great Tusk|Great Tusk|75/100
|move|p1a: Ting-Lu|Ruination|p2a: Great Tusk
|-damage|p2a: Great Tusk|38/100
|
|-heal|p2a: Great Tusk|44/100|[from] item: Leftovers
|turn|10
|
|move|p2a: Great Tusk|Earthquake|p1a: Ting-Lu
|-damage|p1a: Ting-Lu|79/100
|move|p1a: Ting-Lu|Earthquake|p2a: Great Tusk
|-damage|p2a: Great Tusk|23/100
|
|-heal|p2a: Great Tusk|29/100|[from] item: Leftovers
|-heal|p1a: Ting-Lu|85/100|[from] item: Leftovers
|turn|11
|
|move|p2a: Great Tusk|Knock Off|p1a: Ting-Lu
|-resisted|p1a: Ting-Lu
|-damage|p1a: Ting-Lu|77/100
|-enditem|p1a: Ting-Lu|Leftovers|[from] move: Knock Off|[of] p2a: Great Tusk
|move|p1a: Ting-Lu|Earthquake|p2a: Great Tusk
|-damage|p2a: Great Tusk|10/100
|
|-heal|p2a: Great Tusk|16/100|[from] item: Leftovers
|turn|12
|
|move|p2a: Great Tusk|Earthquake|p1a: Ting-Lu
|-damage|p1a: Ting-Lu|54/100
|move|p1a: Ting-Lu|Earthquake|p2a: Great Tusk
|-damage|p2a: Great Tusk|0 fnt
|faint|p2a: Great Tusk
|-end|p2a: Great Tusk|Protosynthesis|[silent]
|
|j| FISHMENTO
|
|switch|p2a: Rotom|Rotom-Wash|100/100
|turn|13
|
|switch|p1a: Amoonguss|Amoonguss, F|100/100
|-damage|p1a: Amoonguss|88/100|[from] Stealth Rock
|move|p2a: Rotom|Hydro Pump|p1a: Amoonguss
|-resisted|p1a: Amoonguss
|-damage|p1a: Amoonguss|66/100
|
|turn|14
|
|move|p2a: Rotom|Hydro Pump|p1a: Amoonguss
|-resisted|p1a: Amoonguss
|-damage|p1a: Amoonguss|43/100
|move|p1a: Amoonguss|Foul Play|p2a: Rotom
|-damage|p2a: Rotom|84/100
|
|turn|15
|
|switch|p2a: Gholdengo|Gholdengo|100/100
|move|p1a: Amoonguss|Giga Drain|p2a: Gholdengo
|-resisted|p2a: Gholdengo
|-damage|p2a: Gholdengo|89/100
|-heal|p1a: Amoonguss|48/100|[from] drain|[of] p2a: Gholdengo
|
|turn|16
|
|switch|p1a: Ting-Lu|Ting-Lu|54/100
|-damage|p1a: Ting-Lu|47/100|[from] Stealth Rock
|-ability|p1a: Ting-Lu|Vessel of Ruin
|move|p2a: Gholdengo|Nasty Plot|p2a: Gholdengo
|-boost|p2a: Gholdengo|spa|2
|
|turn|17
|
|move|p2a: Gholdengo|Make It Rain|p1a: Ting-Lu
|-damage|p1a: Ting-Lu|0 fnt
|-unboost|p2a: Gholdengo|spa|1
|faint|p1a: Ting-Lu
|
|j| maschinennexo
|j| Ctannn
|
|switch|p1a: Great Tusk|Great Tusk|100/100
|-damage|p1a: Great Tusk|98/100|[from] Stealth Rock
|turn|18
|
|-terastallize|p2a: Gholdengo|Flying
|move|p1a: Great Tusk|Headlong Rush|p2a: Gholdengo
|-immune|p2a: Gholdengo
|move|p2a: Gholdengo|Make It Rain|p1a: Great Tusk
|-damage|p1a: Great Tusk|0 fnt
|-unboost|p2a: Gholdengo|spa|1
|faint|p1a: Great Tusk
|-end|p1a: Great Tusk|Protosynthesis|[silent]
|
|
|switch|p1a: Gholdengo|Gholdengo|61/100
|-damage|p1a: Gholdengo|55/100|[from] Stealth Rock
|turn|19
|
|switch|p2a: Volcarona|Volcarona, F|100/100
|move|p1a: Gholdengo|Make It Rain|p2a: Volcarona
|-resisted|p2a: Volcarona
|-damage|p2a: Volcarona|70/100
|-unboost|p1a: Gholdengo|spa|1
|
|turn|20
|
|switch|p1a: Iron Valiant|Iron Valiant|100/100
|-enditem|p1a: Iron Valiant|Booster Energy
|-activate|p1a: Iron Valiant|ability: Quark Drive|[fromitem]
|-start|p1a: Iron Valiant|quarkdrivespe
|-damage|p1a: Iron Valiant|94/100|[from] Stealth Rock
|switch|p2a: Rotom|Rotom-Wash|84/100
|
|turn|21
|
|move|p1a: Iron Valiant|Knock Off|p2a: Rotom
|-damage|p2a: Rotom|38/100
|-enditem|p2a: Rotom|Choice Scarf|[from] move: Knock Off|[of] p1a: Iron Valiant
|move|p2a: Rotom|Thunder Wave|p1a: Iron Valiant
|-status|p1a: Iron Valiant|par
|
|turn|22
|
|move|p2a: Rotom|Volt Switch|p1a: Iron Valiant
|-damage|p1a: Iron Valiant|40/100 par
|
|switch|p2a: Gholdengo|Gholdengo, tera:Flying|89/100|[from] Volt Switch
|move|p1a: Iron Valiant|Spirit Break|p2a: Gholdengo
|-damage|p2a: Gholdengo|50/100
|
|turn|23
|
|move|p1a: Iron Valiant|Knock Off|p2a: Gholdengo
|-damage|p2a: Gholdengo|14/100
|-enditem|p2a: Gholdengo|Covert Cloak|[from] move: Knock Off|[of] p1a: Iron Valiant
|move|p2a: Gholdengo|Recover|p2a: Gholdengo
|-heal|p2a: Gholdengo|64/100
|
|turn|24
|
|cant|p1a: Iron Valiant|par
|move|p2a: Gholdengo|Recover|p2a: Gholdengo
|-heal|p2a: Gholdengo|100/100
|
|turn|25
|
|move|p1a: Iron Valiant|Spirit Break|p2a: Gholdengo
|-damage|p2a: Gholdengo|58/100
|-unboost|p2a: Gholdengo|spa|1
|move|p2a: Gholdengo|Nasty Plot|p2a: Gholdengo
|-boost|p2a: Gholdengo|spa|2
|
|turn|26
|
|-end|p1a: Iron Valiant|Quark Drive|[silent]
|switch|p1a: Gholdengo|Gholdengo|55/100
|-damage|p1a: Gholdengo|49/100|[from] Stealth Rock
|move|p2a: Gholdengo|Thunderbolt|p1a: Gholdengo
|-damage|p1a: Gholdengo|0 fnt
|faint|p1a: Gholdengo
|
|j| Nature_K
|
|switch|p1a: Dragonite|Dragonite, F|100/100
|turn|27
|
|move|p2a: Gholdengo|Thunderbolt|p1a: Dragonite
|-damage|p1a: Dragonite|75/100
|move|p1a: Dragonite|Dragon Dance|p1a: Dragonite
|-boost|p1a: Dragonite|atk|1
|-boost|p1a: Dragonite|spe|1
|
|turn|28
|
|-terastallize|p1a: Dragonite|Normal
|move|p1a: Dragonite|Extreme Speed|p2a: Gholdengo
|-crit|p2a: Gholdengo
|-damage|p2a: Gholdengo|0 fnt
|faint|p2a: Gholdengo
|
|
|switch|p2a: Kingambit|Kingambit, M|100/100
|-activate|p2a: Kingambit|ability: Supreme Overlord
|-start|p2a: Kingambit|fallen2|[silent]
|turn|29
|
|move|p1a: Dragonite|Earthquake|p2a: Kingambit
|-supereffective|p2a: Kingambit
|-damage|p2a: Kingambit|8/100
|move|p2a: Kingambit|Low Kick|p1a: Dragonite
|-supereffective|p1a: Dragonite
|-damage|p1a: Dragonite|0 fnt
|faint|p1a: Dragonite
|
|-heal|p2a: Kingambit|14/100|[from] item: Leftovers
|-message|gunk in ma troat forfeited.
|
|win|williamcostiganjr
|l|☆gunk in ma troat
