|poke|p1|Samurott-Hisui, F|
|poke|p1|Dragapult, M|
|poke|p1|Sneasler, F|
|poke|p1|Magearna|
|poke|p1|Volcarona, M|
|poke|p1|Zamazenta-*|
|poke|p2|Pelipper, F|
|poke|p2|Floatzel, F|
|poke|p2|Golduck, M|
|poke|p2|Pawmot, F|
|poke|p2|Toedscruel, F|
|poke|p2|Azumarill, F|
|teampreview
|
|start
|switch|p1a: Samurott|Samurott-Hisui, F|100/100
|switch|p2a: Ghoti carrier|Pelipper, F|100/100
|-weather|RainDance|[from] ability: Drizzle|[of] p2a: Ghoti carrier
|turn|1
|
|move|p1a: Samurott|Ceaseless Edge|p2a: Ghoti carrier
|-crit|p2a: Ghoti carrier
|-damage|p2a: Ghoti carrier|19/100
|-sidestart|p2: WeirdHamster|Spikes
|move|p2a: Ghoti carrier|U-turn|p1a: Samurott
|-supereffective|p1a: Samurott
|-damage|p1a: Samurott|77/100
|
|switch|p2a: The Goat|Azumarill, F|100/100|[from] U-turn
|-damage|p2a: The Goat|88/100|[from] Spikes
|
|-weather|RainDance|[upkeep]
|turn|2
|
|move|p1a: Samurott|Taunt|p2a: The Goat
|-start|p2a: The Goat|move: Taunt
|cant|p2a: The Goat|move: Taunt|Belly Drum
|
|-weather|RainDance|[upkeep]
|turn|3
|
|move|p1a: Samurott|Ceaseless Edge|p2a: The Goat
|-resisted|p2a: The Goat
|-damage|p2a: The Goat|64/100
|-sidestart|p2: WeirdHamster|Spikes
|move|p2a: The Goat|Play Rough|p1a: Samurott
|-supereffective|p1a: Samurott
|-damage|p1a: Samurott|0 fnt
|faint|p1a: Samurott
|
|-weather|RainDance|[upkeep]
|
|switch|p1a: Sneasler|Sneasler, F|100/100
|-item|p1a: Sneasler|Air Balloon
|turn|4
|
|move|p1a: Sneasler|Dire Claw|p2a: The Goat
|-supereffective|p2a: The Goat
|-crit|p2a: The Goat
|-damage|p2a: The Goat|0 fnt
|faint|p2a: The Goat
|
|-weather|RainDance|[upkeep]
|
|switch|p2a: BandedSkeda|Floatzel, F|100/100
|-damage|p2a: BandedSkeda|84/100|[from] Spikes
|turn|5
|
|switch|p1a: Volcarona|Volcarona, M|100/100
|move|p2a: BandedSkeda|Liquidation|p1a: Volcarona
|-supereffective|p1a: Volcarona
|-damage|p1a: Volcarona|0 fnt
|-status|p2a: BandedSkeda|brn|[from] ability: Flame Body|[of] p1a: Volcarona
|faint|p1a: Volcarona
|
|-weather|RainDance|[upkeep]
|-damage|p2a: BandedSkeda|78/100 brn|[from] brn
|
|switch|p1a: Dragapult|Dragapult, M|100/100
|turn|6
|
|move|p2a: BandedSkeda|Liquidation|p1a: Dragapult
|-resisted|p1a: Dragapult
|-damage|p1a: Dragapult|76/100
|-start|p2a: BandedSkeda|Disable|Liquidation|[from] ability: Cursed Body|[of] p1a: Dragapult
|move|p1a: Dragapult|Reflect|p1a: Dragapult
|-sidestart|p1: NlCHOLAS|Reflect
|
|-weather|RainDance|[upkeep]
|-damage|p2a: BandedSkeda|72/100 brn|[from] brn
|turn|7
|
|-activate|p2a: BandedSkeda|move: Struggle
|move|p2a: BandedSkeda|Struggle|p1a: Dragapult
|-damage|p1a: Dragapult|70/100
|-damage|p2a: BandedSkeda|47/100 brn|[from] recoil
|move|p1a: Dragapult|Light Screen|p1a: Dragapult
|-sidestart|p1: NlCHOLAS|move: Light Screen
|
|-weather|RainDance|[upkeep]
|-damage|p2a: BandedSkeda|40/100 brn|[from] brn
|turn|8
|
|-activate|p2a: BandedSkeda|move: Struggle
|move|p2a: BandedSkeda|Struggle|p1a: Dragapult
|-damage|p1a: Dragapult|63/100
|-damage|p2a: BandedSkeda|15/100 brn|[from] recoil
|move|p1a: Dragapult|U-turn|p2a: BandedSkeda
|-damage|p2a: BandedSkeda|0 fnt
|faint|p2a: BandedSkeda
|
|switch|p1a: Magearna|Magearna|100/100|[from] U-turn
|
|-weather|none
|
|switch|p2a: Really want eject|Pawmot, F|100/100
|-damage|p2a: Really want eject|84/100|[from] Spikes
|turn|9
|
|move|p2a: Really want eject|Nuzzle|p1a: Magearna
|-crit|p1a: Magearna
|-damage|p1a: Magearna|91/100
|-status|p1a: Magearna|par
|move|p1a: Magearna|Iron Defense|p1a: Magearna
|-boost|p1a: Magearna|def|2
|
|-heal|p1a: Magearna|97/100 par|[from] item: Leftovers
|turn|10
|
|move|p2a: Really want eject|Encore|p1a: Magearna
|-start|p1a: Magearna|Encore
|move|p1a: Magearna|Iron Defense|p1a: Magearna
|-boost|p1a: Magearna|def|2
|
|-heal|p1a: Magearna|100/100 par|[from] item: Leftovers
|turn|11
|
|switch|p1a: Dragapult|Dragapult, M|63/100
|move|p2a: Really want eject|Revival Blessing|p2a: Really want eject
|-enditem|p2a: Really want eject|Leppa Berry|[eat]
|-activate|p2a: Really want eject|item: Leppa Berry|Revival Blessing|[consumed]
|
|-heal|p2: BandedSkeda|50/100|[from] move: Revival Blessing
|
|turn|12
|
|move|p1a: Dragapult|Curse|p2a: Really want eject
|-start|p2a: Really want eject|Curse|[of] p1a: Dragapult
|-damage|p1a: Dragapult|13/100
|move|p2a: Really want eject|Nuzzle|p1a: Dragapult
|-resisted|p1a: Dragapult
|-damage|p1a: Dragapult|11/100
|-status|p1a: Dragapult|par
|
|-damage|p2a: Really want eject|59/100|[from] Curse
|turn|13
|
|switch|p2a: Ghoti carrier|Pelipper, F|19/100
|-weather|RainDance|[from] ability: Drizzle|[of] p2a: Ghoti carrier
|switch|p1a: Zamazenta|Zamazenta-Crowned|100/100
|-ability|p1a: Zamazenta|Dauntless Shield|boost
|-boost|p1a: Zamazenta|def|1
|
|-weather|RainDance|[upkeep]
|-sideend|p1: NlCHOLAS|Reflect
|turn|14
|
|move|p1a: Zamazenta|Body Press|p2a: Ghoti carrier
|-resisted|p2a: Ghoti carrier
|-damage|p2a: Ghoti carrier|0 fnt
|faint|p2a: Ghoti carrier
|
|-weather|RainDance|[upkeep]
|-sideend|p1: NlCHOLAS|move: Light Screen
|
|switch|p2a: Seaking Duck|Golduck, M|100/100
|-damage|p2a: Seaking Duck|84/100|[from] Spikes
|turn|15
|
|switch|p1a: Dragapult|Dragapult, M|11/100 par
|-terastallize|p2a: Seaking Duck|Ghost
|move|p2a: Seaking Duck|Nasty Plot|p2a: Seaking Duck
|-boost|p2a: Seaking Duck|spa|2
|
|-weather|RainDance|[upkeep]
|turn|16
|
|move|p2a: Seaking Duck|Surf|p1a: Dragapult
|-resisted|p1a: Dragapult
|-damage|p1a: Dragapult|0 fnt
|faint|p1a: Dragapult
|-damage|p2a: Seaking Duck|74/100|[from] item: Life Orb
|
|-weather|RainDance|[upkeep]
|
|switch|p1a: Magearna|Magearna|100/100 par
|turn|17
|
|-terastallize|p1a: Magearna|Water
|move|p2a: Seaking Duck|Surf|p1a: Magearna
|-resisted|p1a: Magearna
|-damage|p1a: Magearna|27/100 par
|-damage|p2a: Seaking Duck|64/100|[from] item: Life Orb
|move|p1a: Magearna|Calm Mind|p1a: Magearna
|-boost|p1a: Magearna|spa|1
|-boost|p1a: Magearna|spd|1
|
|-weather|RainDance|[upkeep]
|-heal|p1a: Magearna|34/100 par|[from] item: Leftovers
|turn|18
|
|move|p2a: Seaking Duck|Grass Knot|p1a: Magearna
|-supereffective|p1a: Magearna
|-damage|p1a: Magearna|0 fnt
|faint|p1a: Magearna
|-damage|p2a: Seaking Duck|54/100|[from] item: Life Orb
|
|-weather|RainDance|[upkeep]
|
|switch|p1a: Sneasler|Sneasler, F|100/100
|-item|p1a: Sneasler|Air Balloon
|turn|19
|
|move|p2a: Seaking Duck|Surf|p1a: Sneasler
|-damage|p1a: Sneasler|0 fnt
|-enditem|p1a: Sneasler|Air Balloon
|faint|p1a: Sneasler
|-damage|p2a: Seaking Duck|44/100|[from] item: Life Orb
|
|-weather|RainDance|[upkeep]
|
|switch|p1a: Zamazenta|Zamazenta-Crowned|100/100
|turn|20
|
|move|p2a: Seaking Duck|Surf|p1a: Zamazenta
|-damage|p1a: Zamazenta|0 fnt
|faint|p1a: Zamazenta
|-damage|p2a: Seaking Duck|34/100|[from] item: Life Orb
|
|win|WeirdHamster
