# advantage = p1
|poke|p1|Grimmsnarl, M|
|poke|p1|Ursaluna, M|
|poke|p1|Dragapult, M|
|poke|p1|Magearna|
|poke|p1|Landorus-Therian, M|
|poke|p1|Volcarona, M|
|poke|p2|Volcanion|
|poke|p2|Gholdengo|
|poke|p2|Cinderace, M|
|poke|p2|Breloom, F|
|poke|p2|Tornadus-Therian, M|
|poke|p2|Roaring Moon|
|teampreview
|
|start
|switch|p1a: Grimmsnarl|Grimmsnarl, M|100/100
|switch|p2a: Roaring Moon|Roaring Moon|100/100
|turn|1
|
|move|p1a: Grimmsnarl|Reflect|p1a: Grimmsnarl
|-sidestart|p1: p1|Reflect
|move|p2a: Roaring Moon|U-turn|p1a: Grimmsnarl
|-damage|p1a: Grimmsnarl|83/100
|
|-end|p2a: Roaring Moon|Protosynthesis|[silent]
|switch|p2a: Tornadus|Tornadus-Therian, M|100/100|[from] U-turn
|
|turn|2
|
|move|p1a: Grimmsnarl|Taunt|p2a: Tornadus
|-start|p2a: Tornadus|move: Taunt
|move|p2a: Tornadus|U-turn|p1a: Grimmsnarl
|-damage|p1a: Grimmsnarl|76/100
|
|switch|p2a: Roaring Moon|Roaring Moon|100/100|[from] U-turn
|
|turn|3
|
|switch|p1a: Magearna|Magearna|100/100
|move|p2a: Roaring Moon|U-turn|p1a: Magearna
|-resisted|p1a: Magearna
|-damage|p1a: Magearna|96/100
|
|-end|p2a: Roaring Moon|Protosynthesis|[silent]
|switch|p2a: Volcanion|Volcanion|100/100|[from] U-turn
|
|turn|4
|
|switch|p1a: Grimmsnarl|Grimmsnarl, M|76/100
|move|p2a: Volcanion|Flamethrower|p1a: Grimmsnarl
|-damage|p1a: Grimmsnarl|27/100
|
|turn|5
|
|switch|p2a: Cinderace|Cinderace, M|100/100
|move|p1a: Grimmsnarl|Light Screen|p1a: Grimmsnarl
|-sidestart|p1: p1|move: Light Screen
|
|turn|6
|
|move|p1a: Grimmsnarl|Parting Shot|p2a: Cinderace
|-unboost|p2a: Cinderace|atk|1
|-unboost|p2a: Cinderace|spa|1
|
|switch|p1a: Landorus|Landorus-Therian, M|100/100|[from] Parting Shot
|-ability|p1a: Landorus|Intimidate|boost
|-unboost|p2a: Cinderace|atk|1
|move|p2a: Cinderace|Pyro Ball|p1a: Landorus
|-damage|p1a: Landorus|86/100
|
|turn|7
|
|move|p1a: Landorus|U-turn|p2a: Cinderace
|-resisted|p2a: Cinderace
|-damage|p2a: Cinderace|86/100
|
|switch|p1a: Ursaluna|Ursaluna, M|100/100|[from] U-turn
|move|p2a: Cinderace|Court Change|p2a: Cinderace
|-swapsideconditions
|-activate|p2a: Cinderace|move: Court Change
|
|-status|p1a: Ursaluna|brn|[from] item: Flame Orb
|turn|8
|
|move|p2a: Cinderace|U-turn|p1a: Ursaluna
|-damage|p1a: Ursaluna|94/100 brn
|
|switch|p2a: Tornadus|Tornadus-Therian, M|100/100|[from] U-turn
|move|p1a: Ursaluna|Substitute|p1a: Ursaluna
|-start|p1a: Ursaluna|Substitute
|-damage|p1a: Ursaluna|69/100 brn
|
|-damage|p1a: Ursaluna|63/100 brn|[from] brn
|-sideend|p2: p2|Reflect
|turn|9
|-message|p2 forfeited.
|
|win|p1
|player|p1|p1|acerola
