|poke|p1|Sneasler, M|
|poke|p1|Ceruledge, M|
|poke|p1|Kleavor, M|
|poke|p1|Volcanion|
|poke|p1|Enamorus-Therian, F|
|poke|p1|Great Tusk|
|poke|p2|Zamazenta-*|
|poke|p2|Chien-Pao|
|poke|p2|Urshifu-*, M|
|poke|p2|Great Tusk|
|poke|p2|Baxcalibur, M|
|poke|p2|Iron Valiant|
|teampreview
|
|start
|switch|p1a: Boa Hancock|Enamorus-Therian, F|100/100
|switch|p2a: Great Tusk|Great Tusk|100/100
|turn|1
|
|move|p2a: Great Tusk|Stealth Rock|p1a: Boa Hancock
|-sidestart|p1: p1|move: Stealth Rock
|move|p1a: Boa Hancock|Calm Mind|p1a: Boa Hancock
|-boost|p1a: Boa Hancock|spa|1
|-boost|p1a: Boa Hancock|spd|1
|
|turn|2
|
|move|p2a: Great Tusk|Headlong Rush|p1a: Boa Hancock
|-immune|p1a: Boa Hancock
|move|p1a: Boa Hancock|Agility|p1a: Boa Hancock
|-boost|p1a: Boa Hancock|spe|2
|
|turn|3
|
|move|p1a: Boa Hancock|Calm Mind|p1a: Boa Hancock
|-boost|p1a: Boa Hancock|spa|1
|-boost|p1a: Boa Hancock|spd|1
|move|p2a: Great Tusk|Head Smash|p1a: Boa Hancock
|-supereffective|p1a: Boa Hancock
|-damage|p1a: Boa Hancock|10/100
|-damage|p2a: Great Tusk|58/100|[from] Recoil
|
|-heal|p1a: Boa Hancock|16/100|[from] item: Leftovers
|turn|4
|
|move|p1a: Boa Hancock|Draining Kiss|p2a: Great Tusk
|-supereffective|p2a: Great Tusk
|-damage|p2a: Great Tusk|0 fnt
|-heal|p1a: Boa Hancock|62/100|[from] drain|[of] p2a: Great Tusk
|faint|p2a: Great Tusk
|-end|p2a: Great Tusk|Protosynthesis|[silent]
|
|-heal|p1a: Boa Hancock|68/100|[from] item: Leftovers
|
|switch|p2a: Chien-Pao|Chien-Pao|100/100
|-ability|p2a: Chien-Pao|Sword of Ruin
|turn|5
|
|-terastallize|p1a: Boa Hancock|Fairy
|move|p2a: Chien-Pao|Ice Shard|p1a: Boa Hancock
|-damage|p1a: Boa Hancock|31/100
|move|p1a: Boa Hancock|Draining Kiss|p2a: Chien-Pao
|-supereffective|p2a: Chien-Pao
|-damage|p2a: Chien-Pao|0 fnt
|-heal|p1a: Boa Hancock|95/100|[from] drain|[of] p2a: Chien-Pao
|faint|p2a: Chien-Pao
|
|-heal|p1a: Boa Hancock|100/100|[from] item: Leftovers
|-message|p2 forfeited.
|
|win|p1
