|poke|p1|Corviknight, M|
|poke|p1|Tyranitar, M|
|poke|p1|Kingambit, F|
|poke|p1|Pawmot, F|
|poke|p1|Toxapex, M|
|poke|p1|Great Tusk|
|poke|p2|Tyranitar, F|
|poke|p2|Great Tusk|
|poke|p2|Garchomp, M|
|poke|p2|Garganacl, M|
|poke|p2|Salamence, F|
|poke|p2|Chien-Pao|
|teampreview
|
|start
|switch|p1a: Toxapex|Toxapex, M|100/100
|switch|p2a: Garganacl|Garganacl, M|100/100
|turn|1
|
|move|p1a: Toxapex|Infestation|p2a: Garganacl
|-damage|p2a: Garganacl|97/100
|-activate|p2a: Garganacl|move: Infestation|[of] p1a: Toxapex
|move|p2a: Garganacl|Salt Cure|p1a: Toxapex
|-damage|p1a: Toxapex|89/100
|-start|p1a: Toxapex|Salt Cure
|
|-heal|p2a: Garganacl|100/100|[from] item: Leftovers
|-damage|p2a: Garganacl|88/100|[from] move: Infestation|[partiallytrapped]
|-damage|p1a: Toxapex|65/100|[from] Salt Cure
|turn|2
|
|move|p2a: Garganacl|Stealth Rock|p1a: Toxapex
|-sidestart|p1: No Chance Fam|move: Stealth Rock
|move|p1a: Toxapex|Surf|p2a: Garganacl
|-supereffective|p2a: Garganacl
|-damage|p2a: Garganacl|46/100
|
|-heal|p2a: Garganacl|53/100|[from] item: Leftovers
|-damage|p1a: Toxapex|40/100|[from] Salt Cure
|-damage|p2a: Garganacl|40/100|[from] move: Infestation|[partiallytrapped]
|turn|3
|
|-terastallize|p2a: Garganacl|Fairy
|move|p1a: Toxapex|Surf|p2a: Garganacl
|-damage|p2a: Garganacl|16/100
|move|p2a: Garganacl|Recover|p2a: Garganacl
|-heal|p2a: Garganacl|66/100
|
|-heal|p2a: Garganacl|72/100|[from] item: Leftovers
|-damage|p2a: Garganacl|60/100|[from] move: Infestation|[partiallytrapped]
|-damage|p1a: Toxapex|15/100|[from] Salt Cure
|turn|4
|
|switch|p1a: Corviknight|Corviknight, M|100/100
|-damage|p1a: Corviknight|88/100|[from] Stealth Rock
|-ability|p1a: Corviknight|Pressure
|move|p2a: Garganacl|Body Press|p1a: Corviknight
|-damage|p1a: Corviknight|65/100
|
|-heal|p2a: Garganacl|66/100|[from] item: Leftovers
|-end|p2a: Garganacl|Infestation|[partiallytrapped]|[silent]
|turn|5
|
|switch|p2a: Great Tusk|Great Tusk|100/100
|move|p1a: Corviknight|Iron Defense|p1a: Corviknight
|-boost|p1a: Corviknight|def|2
|
|turn|6
|
|move|p1a: Corviknight|Roost|p1a: Corviknight
|-heal|p1a: Corviknight|100/100
|-singleturn|p1a: Corviknight|move: Roost
|move|p2a: Great Tusk|Knock Off|p1a: Corviknight
|-damage|p1a: Corviknight|89/100
|-enditem|p1a: Corviknight|Covert Cloak|[from] move: Knock Off|[of] p2a: Great Tusk
|
|turn|7
|
|-end|p2a: Great Tusk|Protosynthesis|[silent]
|switch|p2a: Garganacl|Garganacl, M, tera:Fairy|66/100
|move|p1a: Corviknight|Defog|p2a: Garganacl
|-unboost|p2a: Garganacl|evasion|1
|-sideend|p1: No Chance Fam|Stealth Rock|[from] move: Defog|[of] p1a: Corviknight
|
|-heal|p2a: Garganacl|72/100|[from] item: Leftovers
|turn|8
|
|move|p1a: Corviknight|Body Press|p2a: Garganacl
|-resisted|p2a: Garganacl
|-damage|p2a: Garganacl|61/100
|move|p2a: Garganacl|Salt Cure|p1a: Corviknight
|-damage|p1a: Corviknight|84/100
|-start|p1a: Corviknight|Salt Cure
|
|-heal|p2a: Garganacl|67/100|[from] item: Leftovers
|-damage|p1a: Corviknight|59/100|[from] Salt Cure
|turn|9
|
|switch|p1a: Pawmot|Pawmot, F|100/100
|move|p2a: Garganacl|Stealth Rock|p1a: Pawmot
|-sidestart|p1: No Chance Fam|move: Stealth Rock
|
|-heal|p2a: Garganacl|73/100|[from] item: Leftovers
|turn|10
|
|move|p1a: Pawmot|Encore|p2a: Garganacl
|-start|p2a: Garganacl|Encore
|move|p2a: Garganacl|Stealth Rock||[still]
|-fail|p2a: Garganacl
|
|-heal|p2a: Garganacl|79/100|[from] item: Leftovers
|turn|11
|
|switch|p2a: Great Tusk|Great Tusk|100/100
|move|p1a: Pawmot|Grass Knot|p2a: Great Tusk
|-supereffective|p2a: Great Tusk
|-damage|p2a: Great Tusk|34/100
|
|turn|12
|
|switch|p1a: Corviknight|Corviknight, M|59/100
|-damage|p1a: Corviknight|47/100|[from] Stealth Rock
|-ability|p1a: Corviknight|Pressure
|-end|p2a: Great Tusk|Protosynthesis|[silent]
|switch|p2a: logan grimnar|Tyranitar, F|100/100
|-weather|Sandstorm|[from] ability: Sand Stream|[of] p2a: logan grimnar
|
|-weather|Sandstorm|[upkeep]
|turn|13
|
|move|p1a: Corviknight|Defog|p2a: logan grimnar
|-unboost|p2a: logan grimnar|evasion|1
|-sideend|p1: No Chance Fam|Stealth Rock|[from] move: Defog|[of] p1a: Corviknight
|move|p2a: logan grimnar|Stone Edge|p1a: Corviknight
|-damage|p1a: Corviknight|1/100
|
|-weather|Sandstorm|[upkeep]
|turn|14
|
|move|p1a: Corviknight|Roost|p1a: Corviknight
|-heal|p1a: Corviknight|51/100
|-singleturn|p1a: Corviknight|move: Roost
|move|p2a: logan grimnar|Earthquake|p1a: Corviknight
|-supereffective|p1a: Corviknight
|-damage|p1a: Corviknight|0 fnt
|faint|p1a: Corviknight
|
|-weather|Sandstorm|[upkeep]
|
|switch|p1a: Great Tusk|Great Tusk|100/100
|turn|15
|
|switch|p2a: Salamence|Salamence, F|100/100
|-ability|p2a: Salamence|Intimidate|boost
|-unboost|p1a: Great Tusk|atk|1
|move|p1a: Great Tusk|Earthquake|p2a: Salamence
|-immune|p2a: Salamence
|
|-weather|Sandstorm|[upkeep]
|-damage|p2a: Salamence|94/100|[from] Sandstorm
|turn|16
|
|-end|p1a: Great Tusk|Protosynthesis|[silent]
|switch|p1a: Tyranitar|Tyranitar, M|100/100
|move|p2a: Salamence|Air Slash|p1a: Tyranitar
|-resisted|p1a: Tyranitar
|-damage|p1a: Tyranitar|88/100
|
|-weather|none
|turn|17
|
|switch|p2a: Garganacl|Garganacl, M, tera:Fairy|79/100
|move|p1a: Tyranitar|Rock Blast|p2a: Garganacl
|-damage|p2a: Garganacl|68/100
|-damage|p2a: Garganacl|57/100
|-damage|p2a: Garganacl|45/100
|-damage|p2a: Garganacl|33/100
|-hitcount|p2a: Garganacl|4
|
|-heal|p2a: Garganacl|39/100|[from] item: Leftovers
|turn|18
|
|move|p1a: Tyranitar|Rock Blast|p2a: Garganacl
|-damage|p2a: Garganacl|28/100
|-crit|p2a: Garganacl
|-damage|p2a: Garganacl|11/100
|-damage|p2a: Garganacl|0 fnt
|faint|p2a: Garganacl
|-hitcount|p2: Garganacl|3
|
|
|switch|p2a: Great Tusk|Great Tusk|34/100
|turn|19
|
|switch|p1a: Great Tusk|Great Tusk|100/100
|move|p2a: Great Tusk|Body Press|p1a: Great Tusk
|-damage|p1a: Great Tusk|73/100
|
|-heal|p1a: Great Tusk|80/100|[from] item: Leftovers
|turn|20
|
|move|p1a: Great Tusk|Stealth Rock|p2a: Great Tusk
|-sidestart|p2: flamingwraithseer|move: Stealth Rock
|move|p2a: Great Tusk|Knock Off|p1a: Great Tusk
|-resisted|p1a: Great Tusk
|-damage|p1a: Great Tusk|72/100
|-enditem|p1a: Great Tusk|Leftovers|[from] move: Knock Off|[of] p2a: Great Tusk
|
|turn|21
|
|move|p1a: Great Tusk|Earthquake|p2a: Great Tusk
|-damage|p2a: Great Tusk|11/100
|move|p2a: Great Tusk|Rapid Spin|p1a: Great Tusk
|-crit|p1a: Great Tusk
|-damage|p1a: Great Tusk|60/100
|-boost|p2a: Great Tusk|spe|1
|-sideend|p2: flamingwraithseer|Stealth Rock|[from] move: Rapid Spin|[of] p2a: Great Tusk
|
|turn|22
|
|-end|p2a: Great Tusk|Protosynthesis|[silent]
|switch|p2a: Salamence|Salamence, F|94/100
|-ability|p2a: Salamence|Intimidate|boost
|-unboost|p1a: Great Tusk|atk|1
|move|p1a: Great Tusk|Rapid Spin|p2a: Salamence
|-damage|p2a: Salamence|81/100
|-boost|p1a: Great Tusk|spe|1
|
|turn|23
|
|move|p2a: Salamence|Hydro Pump|p1a: Great Tusk
|-supereffective|p1a: Great Tusk
|-damage|p1a: Great Tusk|0 fnt
|faint|p1a: Great Tusk
|-end|p1a: Great Tusk|Protosynthesis|[silent]
|
|
|switch|p1a: Toxapex|Toxapex, M|48/100
|turn|24
|
|switch|p2a: Great Tusk|Great Tusk|11/100
|move|p1a: Toxapex|Ice Beam|p2a: Great Tusk
|-supereffective|p2a: Great Tusk
|-damage|p2a: Great Tusk|0 fnt
|faint|p2a: Great Tusk
|-end|p2a: Great Tusk|Protosynthesis|[silent]
|
|
|switch|p2a: Garchomp|Garchomp, M|100/100
|turn|25
|
|move|p2a: Garchomp|Earthquake|p1a: Toxapex
|-supereffective|p1a: Toxapex
|-damage|p1a: Toxapex|0 fnt
|faint|p1a: Toxapex
|
|
|switch|p1a: Pawmot|Pawmot, F|100/100
|turn|26
|
|-terastallize|p1a: Pawmot|Grass
|move|p1a: Pawmot|Revival Blessing|p1a: Pawmot
|-enditem|p1a: Pawmot|Leppa Berry|[eat]
|-activate|p1a: Pawmot|item: Leppa Berry|Revival Blessing|[consumed]
|
|-heal|p1: Corviknight|50/100|[from] move: Revival Blessing
|move|p2a: Garchomp|Earthquake|p1a: Pawmot
|-resisted|p1a: Pawmot
|-damage|p1a: Pawmot|59/100
|
|turn|27
|
|move|p1a: Pawmot|Encore|p2a: Garchomp
|-start|p2a: Garchomp|Encore
|move|p2a: Garchomp|Earthquake|p1a: Pawmot
|-resisted|p1a: Pawmot
|-damage|p1a: Pawmot|17/100
|
|turn|28
|
|switch|p2a: Salamence|Salamence, F|81/100
|-ability|p2a: Salamence|Intimidate|boost
|-unboost|p1a: Pawmot|atk|1
|move|p1a: Pawmot|Revival Blessing|p1a: Pawmot
|
|-heal|p1: Toxapex|50/100|[from] move: Revival Blessing
|
|turn|29
|
|move|p2a: Salamence|Air Slash|p1a: Pawmot
|-supereffective|p1a: Pawmot
|-damage|p1a: Pawmot|0 fnt
|faint|p1a: Pawmot
|
|
|switch|p1a: Toxapex|Toxapex, M|50/100
|turn|30
|
|move|p2a: Salamence|Air Slash|p1a: Toxapex
|-damage|p1a: Toxapex|31/100
|cant|p1a: Toxapex|flinch
|
|turn|31
|
|switch|p2a: logan grimnar|Tyranitar, F|100/100
|-weather|Sandstorm|[from] ability: Sand Stream|[of] p2a: logan grimnar
|switch|p1a: Tyranitar|Tyranitar, M|88/100
|
|-weather|Sandstorm|[upkeep]
|turn|32
|
|move|p1a: Tyranitar|Low Kick|p2a: logan grimnar
|-supereffective|p2a: logan grimnar
|-damage|p2a: logan grimnar|0 fnt
|faint|p2a: logan grimnar
|
|-weather|Sandstorm|[upkeep]
|
|switch|p2a: Garchomp|Garchomp, M|100/100
|turn|33
|
|switch|p1a: Corviknight|Corviknight, M|50/100
|-ability|p1a: Corviknight|Pressure
|move|p2a: Garchomp|Swords Dance|p2a: Garchomp
|-boost|p2a: Garchomp|atk|2
|
|-weather|Sandstorm|[upkeep]
|turn|34
|
|move|p2a: Garchomp|Outrage|p1a: Corviknight
|-resisted|p1a: Corviknight
|-damage|p1a: Corviknight|5/100
|move|p1a: Corviknight|Roost|p1a: Corviknight
|-heal|p1a: Corviknight|55/100
|-singleturn|p1a: Corviknight|move: Roost
|
|-weather|Sandstorm|[upkeep]
|turn|35
|
|move|p2a: Garchomp|Outrage|p1a: Corviknight|[from]lockedmove
|-resisted|p1a: Corviknight
|-damage|p1a: Corviknight|11/100
|move|p1a: Corviknight|Roost|p1a: Corviknight
|-heal|p1a: Corviknight|61/100
|-singleturn|p1a: Corviknight|move: Roost
|
|-weather|none
|turn|36
|
|move|p2a: Garchomp|Outrage|p1a: Corviknight|[from]lockedmove
|-resisted|p1a: Corviknight
|-damage|p1a: Corviknight|16/100
|-start|p2a: Garchomp|confusion|[fatigue]
|move|p1a: Corviknight|Roost|p1a: Corviknight
|-heal|p1a: Corviknight|66/100
|-singleturn|p1a: Corviknight|move: Roost
|
|turn|37
|
|switch|p2a: Salamence|Salamence, F|81/100
|-ability|p2a: Salamence|Intimidate|boost
|-unboost|p1a: Corviknight|atk|1
|move|p1a: Corviknight|Iron Defense|p1a: Corviknight
|-boost|p1a: Corviknight|def|2
|
|turn|38
|
|switch|p1a: Tyranitar|Tyranitar, M|88/100
|-weather|Sandstorm|[from] ability: Sand Stream|[of] p1a: Tyranitar
|move|p2a: Salamence|Flamethrower|p1a: Tyranitar
|-resisted|p1a: Tyranitar
|-damage|p1a: Tyranitar|78/100
|
|-weather|Sandstorm|[upkeep]
|-damage|p2a: Salamence|75/100|[from] Sandstorm
|turn|39
|
|switch|p2a: Garchomp|Garchomp, M|100/100
|move|p1a: Tyranitar|Crunch|p2a: Garchomp
|-damage|p2a: Garchomp|31/100
|-damage|p1a: Tyranitar|66/100|[from] ability: Rough Skin|[of] p2a: Garchomp
|-damage|p1a: Tyranitar|49/100|[from] item: Rocky Helmet|[of] p2a: Garchomp
|
|-weather|Sandstorm|[upkeep]
|turn|40
|
|switch|p1a: Corviknight|Corviknight, M|66/100
|-ability|p1a: Corviknight|Pressure
|move|p2a: Garchomp|Iron Head|p1a: Corviknight
|-resisted|p1a: Corviknight
|-damage|p1a: Corviknight|55/100
|
|-weather|Sandstorm|[upkeep]
|turn|41
|
|switch|p2a: Chien-Pao|Chien-Pao|100/100
|-ability|p2a: Chien-Pao|Sword of Ruin
|move|p1a: Corviknight|Roost|p1a: Corviknight
|-heal|p1a: Corviknight|100/100
|-singleturn|p1a: Corviknight|move: Roost
|
|-weather|Sandstorm|[upkeep]
|-damage|p2a: Chien-Pao|95/100|[from] Sandstorm
|turn|42
|
|move|p2a: Chien-Pao|Ice Spinner|p1a: Corviknight
|-damage|p1a: Corviknight|43/100
|move|p1a: Corviknight|Body Press|p2a: Chien-Pao
|-supereffective|p2a: Chien-Pao
|-crit|p2a: Chien-Pao
|-damage|p2a: Chien-Pao|0 fnt
|faint|p2a: Chien-Pao
|
|-weather|none
|
|switch|p2a: Garchomp|Garchomp, M|31/100
|turn|43
|
|move|p2a: Garchomp|Swords Dance|p2a: Garchomp
|-boost|p2a: Garchomp|atk|2
|move|p1a: Corviknight|Iron Defense|p1a: Corviknight
|-boost|p1a: Corviknight|def|2
|
|turn|44
|
|move|p2a: Garchomp|Iron Head|p1a: Corviknight
|-resisted|p1a: Corviknight
|-damage|p1a: Corviknight|34/100
|move|p1a: Corviknight|Roost|p1a: Corviknight
|-heal|p1a: Corviknight|84/100
|-singleturn|p1a: Corviknight|move: Roost
|
|turn|45
|
|move|p2a: Garchomp|Swords Dance|p2a: Garchomp
|-boost|p2a: Garchomp|atk|2
|move|p1a: Corviknight|Body Press|p2a: Garchomp
|-damage|p2a: Garchomp|0 fnt
|-damage|p1a: Corviknight|71/100|[from] ability: Rough Skin|[of] p2a: Garchomp
|-damage|p1a: Corviknight|55/100|[from] item: Rocky Helmet|[of] p2a: Garchomp
|faint|p2a: Garchomp
|
|
|switch|p2a: Salamence|Salamence, F|75/100
|-ability|p2a: Salamence|Intimidate|boost
|-unboost|p1a: Corviknight|atk|1
|turn|46
|
|move|p2a: Salamence|Hydro Pump|p1a: Corviknight
|-damage|p1a: Corviknight|20/100
|move|p1a: Corviknight|Body Press|p2a: Salamence
|-resisted|p2a: Salamence
|-damage|p2a: Salamence|44/100
|
|turn|47
|
|move|p2a: Salamence|Hydro Pump|p1a: Corviknight
|-damage|p1a: Corviknight|0 fnt
|faint|p1a: Corviknight
|
|
|switch|p1a: Kingambit|Kingambit, F|100/100
|-activate|p1a: Kingambit|ability: Supreme Overlord
|-start|p1a: Kingambit|fallen5|[silent]
|turn|48
|
|move|p1a: Kingambit|Sucker Punch|p2a: Salamence
|-damage|p2a: Salamence|0 fnt
|faint|p2a: Salamence
|
|win|No Chance Fam
