|poke|p1|Slowking, F|
|poke|p1|Azumarill, M|
|poke|p1|Ursaluna, F|
|poke|p1|Armarouge, M|
|poke|p1|Hatterene, F|
|poke|p1|Kingambit, F|
|poke|p2|Chien-Pao|
|poke|p2|Magearna|
|poke|p2|Great Tusk|
|poke|p2|Tornadus-Therian, M|
|poke|p2|Zamazenta-*|
|poke|p2|Clodsire, M|
|teampreview
|
|start
|switch|p1a: Hatterene|Hatterene, F|100/100
|switch|p2a: Tornadus|Tornadus-Therian, M|100/100
|turn|1
|
|move|p2a: Tornadus|Nasty Plot|p2a: Tornadus
|-boost|p2a: Tornadus|spa|2
|move|p1a: Hatterene|Trick Room|p1a: Hatterene
|-fieldstart|move: Trick Room|[of] p1a: Hatterene
|
|turn|2
|
|switch|p1a: Slowking|Slowking, F|100/100
|move|p2a: Tornadus|Bleakwind Storm|p1a: Slowking
|-damage|p1a: Slowking|49/100
|
|turn|3
|
|move|p2a: Tornadus|Bleakwind Storm|p1a: Slowking
|-damage|p1a: Slowking|0 fnt
|faint|p1a: Slowking
|
|
|switch|p1a: Armarouge|Armarouge, M|100/100
|turn|4
|
|move|p1a: Armarouge|Armor Cannon|p2a: Tornadus
|-damage|p2a: Tornadus|22/100
|-unboost|p1a: Armarouge|def|1
|-unboost|p1a: Armarouge|spd|1
|-enditem|p1a: Armarouge|Eject Pack
|
|switch|p1a: Kingambit|Kingambit, F|100/100
|-activate|p1a: Kingambit|ability: Supreme Overlord
|-start|p1a: Kingambit|fallen1|[silent]
|move|p2a: Tornadus|Bleakwind Storm|p1a: Kingambit
|-resisted|p1a: Kingambit
|-damage|p1a: Kingambit|58/100
|
|turn|5
|
|switch|p2a: Zamazenta|Zamazenta-Crowned|100/100
|-ability|p2a: Zamazenta|Dauntless Shield|boost
|-boost|p2a: Zamazenta|def|1
|-terastallize|p1a: Kingambit|Fairy
|move|p1a: Kingambit|Tera Blast|p2a: Zamazenta
|-damage|p2a: Zamazenta|75/100
|-damage|p1a: Kingambit|48/100|[from] item: Life Orb
|
|-fieldend|move: Trick Room
|turn|6
|
|-end|p1a: Kingambit|fallen1|[silent]
|switch|p1a: Armarouge|Armarouge, M|100/100
|move|p2a: Zamazenta|Behemoth Bash|p1a: Armarouge
|-resisted|p1a: Armarouge
|-damage|p1a: Armarouge|84/100
|
|turn|7
|
|-terastallize|p2a: Zamazenta|Fighting
|move|p2a: Zamazenta|Iron Defense|p2a: Zamazenta
|-boost|p2a: Zamazenta|def|2
|move|p1a: Armarouge|Trick Room|p1a: Armarouge
|-fieldstart|move: Trick Room|[of] p1a: Armarouge
|
|turn|8
|
|move|p1a: Armarouge|Armor Cannon|p2a: Zamazenta
|-damage|p2a: Zamazenta|24/100
|-unboost|p1a: Armarouge|def|1
|-unboost|p1a: Armarouge|spd|1
|move|p2a: Zamazenta|Body Press|p1a: Armarouge
|-resisted|p1a: Armarouge
|-damage|p1a: Armarouge|0 fnt
|faint|p1a: Armarouge
|
|
|switch|p1a: Hatterene|Hatterene, F|100/100
|turn|9
|
|switch|p2a: Chien-Pao|Chien-Pao|100/100
|-ability|p2a: Chien-Pao|Sword of Ruin
|move|p1a: Hatterene|Psychic|p2a: Chien-Pao
|-immune|p2a: Chien-Pao
|
|turn|10
|
|switch|p2a: Magearna|Magearna|100/100
|move|p1a: Hatterene|Healing Wish|p1a: Hatterene
|faint|p1a: Hatterene
|-ability|p2a: Magearna|Soul-Heart|boost
|-boost|p2a: Magearna|spa|1
|
|
|switch|p1a: Ursaluna|Ursaluna, F|100/100
|turn|11
|
|switch|p2a: Great Tusk|Great Tusk|100/100
|move|p1a: Ursaluna|Swords Dance|p1a: Ursaluna
|-boost|p1a: Ursaluna|atk|2
|
|-fieldend|move: Trick Room
|-status|p1a: Ursaluna|brn|[from] item: Flame Orb
|turn|12
|
|move|p2a: Great Tusk|Close Combat|p1a: Ursaluna
|-supereffective|p1a: Ursaluna
|-damage|p1a: Ursaluna|31/100 brn
|-unboost|p2a: Great Tusk|def|1
|-unboost|p2a: Great Tusk|spd|1
|move|p1a: Ursaluna|Facade|p2a: Great Tusk
|-damage|p2a: Great Tusk|0 fnt
|faint|p2a: Great Tusk
|-end|p2a: Great Tusk|Protosynthesis|[silent]
|
|-damage|p1a: Ursaluna|25/100 brn|[from] brn
|
|switch|p2a: Zamazenta|Zamazenta-Crowned, tera:Fighting|24/100
|turn|13
|
|move|p2a: Zamazenta|Body Press|p1a: Ursaluna
|-supereffective|p1a: Ursaluna
|-damage|p1a: Ursaluna|0 fnt
|faint|p1a: Ursaluna
|
|
|switch|p1a: Azumarill|Azumarill, M|100/100
|turn|14
|
|move|p2a: Zamazenta|Behemoth Bash|p1a: Azumarill
|-damage|p1a: Azumarill|57/100
|move|p1a: Azumarill|Belly Drum|p1a: Azumarill
|-damage|p1a: Azumarill|7/100
|-setboost|p1a: Azumarill|atk|6|[from] move: Belly Drum
|-enditem|p1a: Azumarill|Sitrus Berry|[eat]
|-heal|p1a: Azumarill|32/100|[from] item: Sitrus Berry
|
|turn|15
|
|move|p1a: Azumarill|Aqua Jet|p2a: Zamazenta
|-damage|p2a: Zamazenta|0 fnt
|faint|p2a: Zamazenta
|
|
|switch|p2a: Magearna|Magearna|100/100
|turn|16
|player|p1|
|player|p1|p1|dawn-gen4pt
|
|move|p1a: Azumarill|Aqua Jet|p2a: Magearna
|-damage|p2a: Magearna|19/100
|move|p2a: Magearna|Draining Kiss|p1a: Azumarill
|-damage|p1a: Azumarill|9/100
|-heal|p2a: Magearna|38/100|[from] drain|[of] p1a: Azumarill
|
|-heal|p2a: Magearna|44/100|[from] item: Leftovers
|turn|17
|
|switch|p2a: Tornadus|Tornadus-Therian, M|55/100
|move|p1a: Azumarill|Aqua Jet|p2a: Tornadus
|-damage|p2a: Tornadus|0 fnt
|faint|p2a: Tornadus
|
|
|switch|p2a: Chien-Pao|Chien-Pao|100/100
|-ability|p2a: Chien-Pao|Sword of Ruin
|turn|18
|
|move|p2a: Chien-Pao|Ice Shard|p1a: Azumarill
|-resisted|p1a: Azumarill
|-damage|p1a: Azumarill|0 fnt
|faint|p1a: Azumarill
|-damage|p2a: Chien-Pao|91/100|[from] item: Life Orb
|
|
|switch|p1a: Kingambit|Kingambit, F, tera:Fairy|48/100
|-heal|p1a: Kingambit|100/100|[from] move: Healing Wish
|-activate|p1a: Kingambit|ability: Supreme Overlord
|-start|p1a: Kingambit|fallen5|[silent]
|turn|19
|
|move|p2a: Chien-Pao|Ice Spinner|p1a: Kingambit
|-damage|p1a: Kingambit|48/100
|-damage|p2a: Chien-Pao|81/100|[from] item: Life Orb
|move|p1a: Kingambit|Swords Dance|p1a: Kingambit
|-boost|p1a: Kingambit|atk|2
|
|turn|20
|
|move|p2a: Chien-Pao|Swords Dance|p2a: Chien-Pao
|-boost|p2a: Chien-Pao|atk|2
|move|p1a: Kingambit|Tera Blast|p2a: Chien-Pao
|-supereffective|p2a: Chien-Pao
|-damage|p2a: Chien-Pao|0 fnt
|faint|p2a: Chien-Pao
|-damage|p1a: Kingambit|38/100|[from] item: Life Orb
|
|
|switch|p2a: Clodsire|Clodsire, M|100/100
|turn|21
|
|move|p1a: Kingambit|Kowtow Cleave|p2a: Clodsire
|-damage|p2a: Clodsire|0 fnt
|faint|p2a: Clodsire
|-damage|p1a: Kingambit|28/100|[from] item: Life Orb
|
|n|!p2|delibirdheart
|-message|p2 forfeited.
|
|win|p1
