|poke|p1|Samurott-Hisui, M|
|poke|p1|Dragapult, M|
|poke|p1|Iron Treads|
|poke|p1|Meowscarada, F|
|poke|p1|Magearna|
|poke|p1|Thundurus, M|
|poke|p2|Lokix, M|
|poke|p2|Azelf|
|poke|p2|Amoonguss, F|
|poke|p2|Great Tusk|
|poke|p2|Slowking, F|
|poke|p2|Baxcalibur, F|
|teampreview
|
|start
|switch|p1a: Thundurus|Thundurus, M, shiny|100/100
|switch|p2a: Lokix|Lokix, M|100/100
|turn|1
|
|switch|p2a: Great Tusk|Great Tusk|100/100
|move|p1a: Thundurus|Nasty Plot|p1a: Thundurus
|-boost|p1a: Thundurus|spa|2
|
|turn|2
|
|-terastallize|p1a: Thundurus|Ice
|move|p1a: Thundurus|Tera Blast|p2a: Great Tusk
|-supereffective|p2a: Great Tusk
|-damage|p2a: Great Tusk|0 fnt
|faint|p2a: Great Tusk
|-end|p2a: Great Tusk|Protosynthesis|[silent]
|
|
|switch|p2a: Lokix|Lokix, M|100/100
|turn|3
|
|switch|p1a: Iron Treads|Iron Treads|100/100
|-terastallize|p2a: Lokix|Bug
|move|p2a: Lokix|First Impression|p1a: Iron Treads
|-resisted|p1a: Iron Treads
|-damage|p1a: Iron Treads|49/100
|-damage|p2a: Lokix|91/100|[from] item: Life Orb
|
|-heal|p1a: Iron Treads|55/100|[from] item: Leftovers
|turn|4
|
|move|p2a: Lokix|Axe Kick|p1a: Iron Treads
|-supereffective|p1a: Iron Treads
|-damage|p1a: Iron Treads|0 fnt
|faint|p1a: Iron Treads
|-end|p1a: Iron Treads|Quark Drive|[silent]
|-damage|p2a: Lokix|81/100|[from] item: Life Orb
|
|
|switch|p1a: Meowscarada|Meowscarada, F|100/100
|turn|5
|
|switch|p1a: Dragapult|Dragapult, M, shiny|100/100
|move|p2a: Lokix|U-turn|p1a: Dragapult
|-resisted|p1a: Dragapult
|-damage|p1a: Dragapult|8/100
|-damage|p2a: Lokix|71/100|[from] item: Life Orb
|
|switch|p2a: Amoonguss|Amoonguss, F|100/100|[from] U-turn
|
|-heal|p1a: Dragapult|14/100|[from] item: Leftovers
|turn|6
|
|switch|p1a: Meowscarada|Meowscarada, F|100/100
|move|p2a: Amoonguss|Giga Drain|p1a: Meowscarada
|-resisted|p1a: Meowscarada
|-damage|p1a: Meowscarada|82/100
|
|turn|7
|
|move|p1a: Meowscarada|Knock Off|p2a: Amoonguss
|-start|p1a: Meowscarada|typechange|Dark|[from] ability: Protean
|-damage|p2a: Amoonguss|50/100
|-enditem|p2a: Amoonguss|Leftovers|[from] move: Knock Off|[of] p1a: Meowscarada
|move|p2a: Amoonguss|Toxic|p1a: Meowscarada
|-status|p1a: Meowscarada|tox
|
|-damage|p1a: Meowscarada|76/100 tox|[from] psn
|turn|8
|
|switch|p1a: Magearna|Magearna|100/100
|move|p2a: Amoonguss|Giga Drain|p1a: Magearna
|-resisted|p1a: Magearna
|-damage|p1a: Magearna|92/100
|-heal|p2a: Amoonguss|53/100|[from] drain|[of] p1a: Magearna
|
|-heal|p1a: Magearna|98/100|[from] item: Leftovers
|turn|9
|
|switch|p2a: Slowking|Slowking, F|100/100
|move|p1a: Magearna|Iron Defense|p1a: Magearna
|-boost|p1a: Magearna|def|2
|
|-heal|p1a: Magearna|100/100|[from] item: Leftovers
|turn|10
|
|move|p1a: Magearna|Calm Mind|p1a: Magearna
|-boost|p1a: Magearna|spa|1
|-boost|p1a: Magearna|spd|1
|move|p2a: Slowking|Surf|p1a: Magearna
|-damage|p1a: Magearna|83/100
|
|-heal|p1a: Magearna|89/100|[from] item: Leftovers
|turn|11
|
|switch|p2a: Baxcalibur|Baxcalibur, F|100/100
|move|p1a: Magearna|Calm Mind|p1a: Magearna
|-boost|p1a: Magearna|spa|1
|-boost|p1a: Magearna|spd|1
|
|-heal|p1a: Magearna|95/100|[from] item: Leftovers
|turn|12
|
|move|p2a: Baxcalibur|Earthquake|p1a: Magearna
|-supereffective|p1a: Magearna
|-damage|p1a: Magearna|63/100
|move|p1a: Magearna|Iron Defense|p1a: Magearna
|-boost|p1a: Magearna|def|2
|
|-heal|p1a: Magearna|69/100|[from] item: Leftovers
|turn|13
|
|move|p2a: Baxcalibur|Earthquake|p1a: Magearna
|-supereffective|p1a: Magearna
|-damage|p1a: Magearna|49/100
|move|p1a: Magearna|Draining Kiss|p2a: Baxcalibur
|-supereffective|p2a: Baxcalibur
|-damage|p2a: Baxcalibur|0 fnt
|-heal|p1a: Magearna|100/100|[from] drain|[of] p2a: Baxcalibur
|faint|p2a: Baxcalibur
|-ability|p1a: Magearna|Soul-Heart|boost
|-boost|p1a: Magearna|spa|1
|
|
|switch|p2a: Amoonguss|Amoonguss, F|87/100
|turn|14
|
|move|p1a: Magearna|Stored Power|p2a: Amoonguss
|-supereffective|p2a: Amoonguss
|-damage|p2a: Amoonguss|0 fnt
|faint|p2a: Amoonguss
|-ability|p1a: Magearna|Soul-Heart|boost
|-boost|p1a: Magearna|spa|1
|
|-message|p2 forfeited.
|
|win|p1
