|poke|p1|Zamazenta-*|
|poke|p1|Slowking-Galar, M|
|poke|p1|Alomomola, F|
|poke|p1|Talonflame, M|
|poke|p1|Blissey, F|
|poke|p1|Dondozo, F|
|poke|p2|Decidueye-Hisui, M|
|poke|p2|Cresselia, F|
|poke|p2|Zapdos|
|poke|p2|Camerupt, M|
|poke|p2|Enamorus-Therian, F|
|poke|p2|Kingambit, F|
|teampreview
|
|start
|switch|p1a: Slowking|Slowking-Galar, M|100/100
|switch|p2a: Camerupt|Camerupt, M|100/100
|turn|1
|
|switch|p1a: Alomomola|Alomomola, F|100/100
|move|p2a: Camerupt|Stealth Rock|p1a: Alomomola
|-sidestart|p1: p1|move: Stealth Rock
|
|turn|2
|
|move|p1a: Alomomola|Whirlpool|p2a: Camerupt
|-supereffective|p2a: Camerupt
|-damage|p2a: Camerupt|79/100
|-activate|p2a: Camerupt|move: Whirlpool|[of] p1a: Alomomola
|-enditem|p2a: Camerupt|Weakness Policy
|-boost|p2a: Camerupt|atk|2|[from] item: Weakness Policy
|-boost|p2a: Camerupt|spa|2|[from] item: Weakness Policy
|move|p2a: Camerupt|Earth Power|p1a: Alomomola
|-damage|p1a: Alomomola|0 fnt
|faint|p1a: Alomomola
|
|-end|p2a: Camerupt|Whirlpool|[partiallytrapped]|[silent]
|
|switch|p1a: Blissey|Blissey, F|100/100
|turn|3
|
|move|p1a: Blissey|Stealth Rock|p2a: Camerupt
|-sidestart|p2: p2|move: Stealth Rock
|move|p2a: Camerupt|Earthquake|p1a: Blissey
|-damage|p1a: Blissey|0 fnt
|faint|p1a: Blissey
|
|
|switch|p1a: Dondozo|Dondozo, F|100/100
|-damage|p1a: Dondozo|88/100|[from] Stealth Rock
|turn|4
|
|move|p1a: Dondozo|Earthquake|p2a: Camerupt
|-supereffective|p2a: Camerupt
|-damage|p2a: Camerupt|29/100
|move|p2a: Camerupt|Earth Power|p1a: Dondozo
|-damage|p1a: Dondozo|45/100
|
|-heal|p1a: Dondozo|51/100|[from] item: Leftovers
|turn|5
|
|move|p1a: Dondozo|Earthquake|p2a: Camerupt
|-supereffective|p2a: Camerupt
|-damage|p2a: Camerupt|0 fnt
|faint|p2a: Camerupt
|
|-heal|p1a: Dondozo|57/100|[from] item: Leftovers
|
|switch|p2a: Zapdos|Zapdos|100/100
|turn|6
|
|switch|p1a: Slowking|Slowking-Galar, M|100/100
|-damage|p1a: Slowking|88/100|[from] Stealth Rock
|move|p2a: Zapdos|Volt Switch|p1a: Slowking
|-damage|p1a: Slowking|76/100
|
|switch|p2a: Kingambit|Kingambit, F|100/100|[from] Volt Switch
|-damage|p2a: Kingambit|94/100|[from] Stealth Rock
|-activate|p2a: Kingambit|ability: Supreme Overlord
|-start|p2a: Kingambit|fallen1|[silent]
|
|turn|7
|
|switch|p1a: Talonflame|Talonflame, M|100/100
|move|p2a: Kingambit|Kowtow Cleave|p1a: Talonflame
|-damage|p1a: Talonflame|43/100
|
|turn|8
|
|move|p1a: Talonflame|Roost|p1a: Talonflame
|-heal|p1a: Talonflame|93/100
|-singleturn|p1a: Talonflame|move: Roost
|move|p2a: Kingambit|Kowtow Cleave|p1a: Talonflame
|-damage|p1a: Talonflame|35/100
|-status|p2a: Kingambit|brn|[from] ability: Flame Body|[of] p1a: Talonflame
|
|-damage|p2a: Kingambit|88/100 brn|[from] brn
|turn|9
|
|-end|p2a: Kingambit|fallen1|[silent]
|switch|p2a: Zapdos|Zapdos|100/100
|move|p1a: Talonflame|Roost|p1a: Talonflame
|-heal|p1a: Talonflame|85/100
|-singleturn|p1a: Talonflame|move: Roost
|
|turn|10
|
|switch|p1a: Slowking|Slowking-Galar, M|100/100
|-damage|p1a: Slowking|88/100|[from] Stealth Rock
|move|p2a: Zapdos|Volt Switch|p1a: Slowking
|-damage|p1a: Slowking|76/100
|
|switch|p2a: Kingambit|Kingambit, F|88/100 brn|[from] Volt Switch
|-damage|p2a: Kingambit|82/100 brn|[from] Stealth Rock
|-activate|p2a: Kingambit|ability: Supreme Overlord
|-start|p2a: Kingambit|fallen1|[silent]
|
|-damage|p2a: Kingambit|76/100 brn|[from] brn
|turn|11
|
|switch|p1a: Talonflame|Talonflame, M|85/100
|move|p2a: Kingambit|Swords Dance|p2a: Kingambit
|-boost|p2a: Kingambit|atk|2
|
|-damage|p2a: Kingambit|70/100 brn|[from] brn
|turn|12
|
|switch|p1a: Dondozo|Dondozo, F|57/100
|-damage|p1a: Dondozo|45/100|[from] Stealth Rock
|move|p2a: Kingambit|Kowtow Cleave|p1a: Dondozo
|-damage|p1a: Dondozo|32/100
|
|-heal|p1a: Dondozo|38/100|[from] item: Leftovers
|-damage|p2a: Kingambit|63/100 brn|[from] brn
|turn|13
|
|-end|p2a: Kingambit|fallen1|[silent]
|switch|p2a: Enamorus|Enamorus-Therian, F|100/100
|-damage|p2a: Enamorus|75/100|[from] Stealth Rock
|move|p1a: Dondozo|Rest|p1a: Dondozo
|-status|p1a: Dondozo|slp|[from] move: Rest
|-heal|p1a: Dondozo|100/100 slp|[silent]
|
|-heal|p2a: Enamorus|82/100|[from] item: Leftovers
|turn|14
|
|switch|p1a: Slowking|Slowking-Galar, M|100/100
|-damage|p1a: Slowking|88/100|[from] Stealth Rock
|move|p2a: Enamorus|Calm Mind|p2a: Enamorus
|-boost|p2a: Enamorus|spa|1
|-boost|p2a: Enamorus|spd|1
|
|-heal|p2a: Enamorus|88/100|[from] item: Leftovers
|turn|15
|
|move|p2a: Enamorus|Calm Mind|p2a: Enamorus
|-boost|p2a: Enamorus|spa|1
|-boost|p2a: Enamorus|spd|1
|move|p1a: Slowking|Sludge Bomb|p2a: Enamorus
|-supereffective|p2a: Enamorus
|-damage|p2a: Enamorus|53/100
|-status|p2a: Enamorus|psn
|
|-heal|p2a: Enamorus|60/100 psn|[from] item: Leftovers
|-damage|p2a: Enamorus|47/100 psn|[from] psn
|turn|16
|
|switch|p1a: Talonflame|Talonflame, M|85/100
|move|p2a: Enamorus|Earth Power|p1a: Talonflame
|-immune|p1a: Talonflame
|
|-heal|p2a: Enamorus|53/100 psn|[from] item: Leftovers
|-damage|p2a: Enamorus|41/100 psn|[from] psn
|turn|17
|
|move|p1a: Talonflame|Flamethrower|p2a: Enamorus
|-damage|p2a: Enamorus|28/100 psn
|move|p2a: Enamorus|Draining Kiss|p1a: Talonflame
|-resisted|p1a: Talonflame
|-damage|p1a: Talonflame|50/100
|-heal|p2a: Enamorus|56/100 psn|[from] drain|[of] p1a: Talonflame
|
|-heal|p2a: Enamorus|62/100 psn|[from] item: Leftovers
|-damage|p2a: Enamorus|49/100 psn|[from] psn
|turn|18
|
|switch|p1a: Dondozo|Dondozo, F|100/100 slp
|-damage|p1a: Dondozo|88/100 slp|[from] Stealth Rock
|move|p2a: Enamorus|Draining Kiss|p1a: Dondozo
|-damage|p1a: Dondozo|60/100 slp
|-heal|p2a: Enamorus|79/100 psn|[from] drain|[of] p1a: Dondozo
|
|-heal|p2a: Enamorus|86/100 psn|[from] item: Leftovers
|-heal|p1a: Dondozo|66/100 slp|[from] item: Leftovers
|-damage|p2a: Enamorus|73/100 psn|[from] psn
|turn|19
|
|move|p2a: Enamorus|Calm Mind|p2a: Enamorus
|-boost|p2a: Enamorus|spa|1
|-boost|p2a: Enamorus|spd|1
|cant|p1a: Dondozo|slp
|move|p1a: Dondozo|Sleep Talk|p1a: Dondozo
|move|p1a: Dondozo|Body Press|p2a: Enamorus|[from]move: Sleep Talk
|-resisted|p2a: Enamorus
|-damage|p2a: Enamorus|67/100 psn
|
|-heal|p2a: Enamorus|73/100 psn|[from] item: Leftovers
|-heal|p1a: Dondozo|72/100 slp|[from] item: Leftovers
|-damage|p2a: Enamorus|60/100 psn|[from] psn
|turn|20
|
|move|p2a: Enamorus|Draining Kiss|p1a: Dondozo
|-damage|p1a: Dondozo|43/100 slp
|-heal|p2a: Enamorus|93/100 psn|[from] drain|[of] p1a: Dondozo
|cant|p1a: Dondozo|slp
|move|p1a: Dondozo|Sleep Talk|p1a: Dondozo
|move|p1a: Dondozo|Earthquake|p2a: Enamorus|[from]move: Sleep Talk
|-immune|p2a: Enamorus
|
|-heal|p2a: Enamorus|99/100 psn|[from] item: Leftovers
|-heal|p1a: Dondozo|49/100 slp|[from] item: Leftovers
|-damage|p2a: Enamorus|86/100 psn|[from] psn
|turn|21
|
|move|p2a: Enamorus|Draining Kiss|p1a: Dondozo
|-damage|p1a: Dondozo|22/100 slp
|-heal|p2a: Enamorus|100/100 psn|[from] drain|[of] p1a: Dondozo
|-curestatus|p1a: Dondozo|slp|[msg]
|move|p1a: Dondozo|Rest|p1a: Dondozo
|-status|p1a: Dondozo|slp|[from] move: Rest
|-heal|p1a: Dondozo|100/100 slp|[silent]
|
|-damage|p2a: Enamorus|88/100 psn|[from] psn
|turn|22
|
|move|p2a: Enamorus|Calm Mind|p2a: Enamorus
|-boost|p2a: Enamorus|spa|1
|-boost|p2a: Enamorus|spd|1
|cant|p1a: Dondozo|slp
|move|p1a: Dondozo|Sleep Talk|p1a: Dondozo
|move|p1a: Dondozo|Rest||[from]move: Sleep Talk|[still]
|-fail|p1a: Dondozo
|
|-heal|p2a: Enamorus|94/100 psn|[from] item: Leftovers
|-damage|p2a: Enamorus|82/100 psn|[from] psn
|turn|23
|
|move|p2a: Enamorus|Torment|p1a: Dondozo
|-start|p1a: Dondozo|Torment
|cant|p1a: Dondozo|slp
|move|p1a: Dondozo|Sleep Talk|p1a: Dondozo
|move|p1a: Dondozo|Body Press|p2a: Enamorus|[from]move: Sleep Talk
|-resisted|p2a: Enamorus
|-crit|p2a: Enamorus
|-damage|p2a: Enamorus|72/100 psn
|
|-heal|p2a: Enamorus|78/100 psn|[from] item: Leftovers
|-damage|p2a: Enamorus|66/100 psn|[from] psn
|turn|24
|
|move|p2a: Enamorus|Draining Kiss|p1a: Dondozo
|-damage|p1a: Dondozo|71/100 slp
|-heal|p2a: Enamorus|98/100 psn|[from] drain|[of] p1a: Dondozo
|-curestatus|p1a: Dondozo|slp|[msg]
|move|p1a: Dondozo|Body Press|p2a: Enamorus
|-resisted|p2a: Enamorus
|-damage|p2a: Enamorus|92/100 psn
|
|-heal|p2a: Enamorus|98/100 psn|[from] item: Leftovers
|-heal|p1a: Dondozo|77/100|[from] item: Leftovers
|-damage|p2a: Enamorus|86/100 psn|[from] psn
|turn|25
|
|move|p2a: Enamorus|Earth Power|p1a: Dondozo
|-damage|p1a: Dondozo|42/100
|move|p1a: Dondozo|Earthquake|p2a: Enamorus
|-immune|p2a: Enamorus
|
|-heal|p2a: Enamorus|92/100 psn|[from] item: Leftovers
|-heal|p1a: Dondozo|48/100|[from] item: Leftovers
|-damage|p2a: Enamorus|79/100 psn|[from] psn
|turn|26
|
|move|p2a: Enamorus|Earth Power|p1a: Dondozo
|-damage|p1a: Dondozo|11/100
|move|p1a: Dondozo|Rest|p1a: Dondozo
|-status|p1a: Dondozo|slp|[from] move: Rest
|-heal|p1a: Dondozo|100/100 slp|[silent]
|
|-heal|p2a: Enamorus|86/100 psn|[from] item: Leftovers
|-damage|p2a: Enamorus|73/100 psn|[from] psn
|turn|27
|
|move|p2a: Enamorus|Earth Power|p1a: Dondozo
|-damage|p1a: Dondozo|65/100 slp
|cant|p1a: Dondozo|slp
|move|p1a: Dondozo|Sleep Talk|p1a: Dondozo
|move|p1a: Dondozo|Body Press|p2a: Enamorus|[from]move: Sleep Talk
|-resisted|p2a: Enamorus
|-damage|p2a: Enamorus|67/100 psn
|
|-heal|p2a: Enamorus|73/100 psn|[from] item: Leftovers
|-heal|p1a: Dondozo|71/100 slp|[from] item: Leftovers
|-damage|p2a: Enamorus|61/100 psn|[from] psn
|turn|28
|
|move|p2a: Enamorus|Draining Kiss|p1a: Dondozo
|-damage|p1a: Dondozo|44/100 slp
|-heal|p2a: Enamorus|90/100 psn|[from] drain|[of] p1a: Dondozo
|cant|p1a: Dondozo|slp
|
|-heal|p2a: Enamorus|97/100 psn|[from] item: Leftovers
|-heal|p1a: Dondozo|50/100 slp|[from] item: Leftovers
|-damage|p2a: Enamorus|84/100 psn|[from] psn
|turn|29
|
|move|p2a: Enamorus|Earth Power|p1a: Dondozo
|-damage|p1a: Dondozo|13/100 slp
|-curestatus|p1a: Dondozo|slp|[msg]
|move|p1a: Dondozo|Rest|p1a: Dondozo
|-status|p1a: Dondozo|slp|[from] move: Rest
|-heal|p1a: Dondozo|100/100 slp|[silent]
|
|-heal|p2a: Enamorus|90/100 psn|[from] item: Leftovers
|-damage|p2a: Enamorus|78/100 psn|[from] psn
|turn|30
|
|move|p2a: Enamorus|Earth Power|p1a: Dondozo
|-damage|p1a: Dondozo|69/100 slp
|cant|p1a: Dondozo|slp
|move|p1a: Dondozo|Sleep Talk|p1a: Dondozo
|move|p1a: Dondozo|Body Press|p2a: Enamorus|[from]move: Sleep Talk
|-resisted|p2a: Enamorus
|-crit|p2a: Enamorus
|-damage|p2a: Enamorus|68/100 psn
|
|-heal|p2a: Enamorus|74/100 psn|[from] item: Leftovers
|-heal|p1a: Dondozo|75/100 slp|[from] item: Leftovers
|-damage|p2a: Enamorus|62/100 psn|[from] psn
|turn|31
|
|move|p2a: Enamorus|Earth Power|p1a: Dondozo
|-damage|p1a: Dondozo|39/100 slp
|cant|p1a: Dondozo|slp
|
|-heal|p2a: Enamorus|68/100 psn|[from] item: Leftovers
|-heal|p1a: Dondozo|46/100 slp|[from] item: Leftovers
|-damage|p2a: Enamorus|56/100 psn|[from] psn
|turn|32
|
|move|p2a: Enamorus|Draining Kiss|p1a: Dondozo
|-damage|p1a: Dondozo|18/100 slp
|-heal|p2a: Enamorus|85/100 psn|[from] drain|[of] p1a: Dondozo
|-curestatus|p1a: Dondozo|slp|[msg]
|move|p1a: Dondozo|Rest|p1a: Dondozo
|-status|p1a: Dondozo|slp|[from] move: Rest
|-heal|p1a: Dondozo|100/100 slp|[silent]
|
|-heal|p2a: Enamorus|91/100 psn|[from] item: Leftovers
|-damage|p2a: Enamorus|79/100 psn|[from] psn
|turn|33
|
|move|p2a: Enamorus|Earth Power|p1a: Dondozo
|-damage|p1a: Dondozo|67/100 slp
|cant|p1a: Dondozo|slp
|move|p1a: Dondozo|Sleep Talk|p1a: Dondozo
|move|p1a: Dondozo|Earthquake|p2a: Enamorus|[from]move: Sleep Talk
|-immune|p2a: Enamorus
|
|-heal|p2a: Enamorus|85/100 psn|[from] item: Leftovers
|-heal|p1a: Dondozo|74/100 slp|[from] item: Leftovers
|-damage|p2a: Enamorus|73/100 psn|[from] psn
|turn|34
|
|move|p2a: Enamorus|Earth Power|p1a: Dondozo
|-damage|p1a: Dondozo|37/100 slp
|cant|p1a: Dondozo|slp
|
|-heal|p2a: Enamorus|79/100 psn|[from] item: Leftovers
|-heal|p1a: Dondozo|43/100 slp|[from] item: Leftovers
|-damage|p2a: Enamorus|66/100 psn|[from] psn
|turn|35
|
|move|p2a: Enamorus|Draining Kiss|p1a: Dondozo
|-damage|p1a: Dondozo|15/100 slp
|-heal|p2a: Enamorus|97/100 psn|[from] drain|[of] p1a: Dondozo
|-curestatus|p1a: Dondozo|slp|[msg]
|move|p1a: Dondozo|Rest|p1a: Dondozo
|-status|p1a: Dondozo|slp|[from] move: Rest
|-heal|p1a: Dondozo|100/100 slp|[silent]
|
|-heal|p2a: Enamorus|100/100 psn|[from] item: Leftovers
|-damage|p2a: Enamorus|88/100 psn|[from] psn
|turn|36
|
|move|p2a: Enamorus|Earth Power|p1a: Dondozo
|-damage|p1a: Dondozo|64/100 slp
|cant|p1a: Dondozo|slp
|move|p1a: Dondozo|Sleep Talk|p1a: Dondozo
|move|p1a: Dondozo|Rest||[from]move: Sleep Talk|[still]
|-fail|p1a: Dondozo
|
|-heal|p2a: Enamorus|94/100 psn|[from] item: Leftovers
|-heal|p1a: Dondozo|71/100 slp|[from] item: Leftovers
|-damage|p2a: Enamorus|82/100 psn|[from] psn
|turn|37
|
|move|p2a: Enamorus|Earth Power|p1a: Dondozo
|-damage|p1a: Dondozo|37/100 slp
|cant|p1a: Dondozo|slp
|
|-heal|p2a: Enamorus|88/100 psn|[from] item: Leftovers
|-heal|p1a: Dondozo|43/100 slp|[from] item: Leftovers
|-damage|p2a: Enamorus|75/100 psn|[from] psn
|turn|38
|
|move|p2a: Enamorus|Draining Kiss|p1a: Dondozo
|-crit|p1a: Dondozo
|-damage|p1a: Dondozo|0 fnt
|-heal|p2a: Enamorus|100/100 psn|[from] drain|[of] p1a: Dondozo
|faint|p1a: Dondozo
|
|-damage|p2a: Enamorus|88/100 psn|[from] psn
|
|switch|p1a: Slowking|Slowking-Galar, M|100/100
|-damage|p1a: Slowking|88/100|[from] Stealth Rock
|turn|39
|
|-terastallize|p1a: Slowking|Water
|move|p2a: Enamorus|Earth Power|p1a: Slowking
|-damage|p1a: Slowking|46/100
|move|p1a: Slowking|Sludge Bomb|p2a: Enamorus
|-supereffective|p2a: Enamorus
|-damage|p2a: Enamorus|62/100 psn
|
|-heal|p2a: Enamorus|68/100 psn|[from] item: Leftovers
|-damage|p2a: Enamorus|56/100 psn|[from] psn
|turn|40
|
|move|p2a: Enamorus|Draining Kiss|p1a: Slowking
|-damage|p1a: Slowking|10/100
|-heal|p2a: Enamorus|85/100 psn|[from] drain|[of] p1a: Slowking
|move|p1a: Slowking|Sludge Bomb|p2a: Enamorus
|-supereffective|p2a: Enamorus
|-damage|p2a: Enamorus|61/100 psn
|
|-heal|p2a: Enamorus|67/100 psn|[from] item: Leftovers
|-damage|p2a: Enamorus|54/100 psn|[from] psn
|turn|41
|
|switch|p1a: Talonflame|Talonflame, M|50/100
|move|p2a: Enamorus|Draining Kiss|p1a: Talonflame
|-resisted|p1a: Talonflame
|-damage|p1a: Talonflame|0 fnt
|-heal|p2a: Enamorus|92/100 psn|[from] drain|[of] p1a: Talonflame
|faint|p1a: Talonflame
|
|-heal|p2a: Enamorus|99/100 psn|[from] item: Leftovers
|-damage|p2a: Enamorus|86/100 psn|[from] psn
|
|switch|p1a: Slowking|Slowking-Galar, M, tera:Water|44/100
|-damage|p1a: Slowking|31/100|[from] Stealth Rock
|turn|42
|
|move|p2a: Enamorus|Draining Kiss|p1a: Slowking
|-damage|p1a: Slowking|0 fnt
|-heal|p2a: Enamorus|100/100 psn|[from] drain|[of] p1a: Slowking
|faint|p1a: Slowking
|
|-damage|p2a: Enamorus|88/100 psn|[from] psn
|
|switch|p1a: Zamazenta|Zamazenta-Crowned|100/100
|-damage|p1a: Zamazenta|97/100|[from] Stealth Rock
|-ability|p1a: Zamazenta|Dauntless Shield|boost
|-boost|p1a: Zamazenta|def|1
|turn|43
|
|move|p1a: Zamazenta|Rest|p1a: Zamazenta
|-status|p1a: Zamazenta|slp|[from] move: Rest
|-heal|p1a: Zamazenta|100/100 slp|[silent]
|move|p2a: Enamorus|Draining Kiss|p1a: Zamazenta
|-damage|p1a: Zamazenta|50/100 slp
|-heal|p2a: Enamorus|100/100 psn|[from] drain|[of] p1a: Zamazenta
|
|-damage|p2a: Enamorus|88/100 psn|[from] psn
|turn|44
|
|cant|p1a: Zamazenta|slp
|move|p1a: Zamazenta|Sleep Talk|p1a: Zamazenta
|move|p1a: Zamazenta|Body Press|p2a: Enamorus|[from]move: Sleep Talk
|-resisted|p2a: Enamorus
|-damage|p2a: Enamorus|75/100 psn
|move|p2a: Enamorus|Draining Kiss|p1a: Zamazenta
|-damage|p1a: Zamazenta|2/100 slp
|-heal|p2a: Enamorus|100/100 psn|[from] drain|[of] p1a: Zamazenta
|
|-damage|p2a: Enamorus|88/100 psn|[from] psn
|turn|45
|
|cant|p1a: Zamazenta|slp
|move|p1a: Zamazenta|Sleep Talk|p1a: Zamazenta
|move|p1a: Zamazenta|Iron Defense|p1a: Zamazenta|[from]move: Sleep Talk
|-boost|p1a: Zamazenta|def|2
|move|p2a: Enamorus|Draining Kiss|p1a: Zamazenta
|-damage|p1a: Zamazenta|0 fnt
|-heal|p2a: Enamorus|89/100 psn|[from] drain|[of] p1a: Zamazenta
|faint|p1a: Zamazenta
|
|win|p2
|n|☆p1|p1
|n|☆p2|manjack
|n| Omegasization|omegasization
|n| Pokemon Hates Me|pokemonhatesme
|n| Gummybean999|gummybean999
|n| shoaple|shoaple
|n| Pineco I Shot|pinecoishot
|n| RisingStarTessa|risingstartessa
|n| dameatofdavoid|dameatofdavoid
|n| gotsnsd|gotsnsd
|n| ressyrock|ressyrock
|n| DreadWarrior|dreadwarrior
|n| NightLarry|nightlarry
|n| NoTollsNoRolls|notollsnorolls
