|poke|p1|Sneasler, M|
|poke|p1|Zapdos|
|poke|p1|Heatran, F|
|poke|p1|Meowscarada, M|
|poke|p1|Walking Wake|
|poke|p1|Great Tusk|
|poke|p2|Zamazenta-*|
|poke|p2|Magearna|
|poke|p2|Chien-Pao|
|poke|p2|Dragapult, M|
|poke|p2|Ursaluna, M|
|poke|p2|Great Tusk|
|teampreview
|
|start
|switch|p1a: Meowscarada|Meowscarada, M|100/100
|switch|p2a: Ursaluna|Ursaluna, M|100/100
|turn|1
|
|-terastallize|p2a: Ursaluna|Normal
|move|p1a: Meowscarada|Knock Off|p2a: Ursaluna
|-start|p1a: Meowscarada|typechange|Dark|[from] ability: Protean
|-damage|p2a: Ursaluna|66/100
|-enditem|p2a: Ursaluna|Flame Orb|[from] move: Knock Off|[of] p1a: Meowscarada
|move|p2a: Ursaluna|Trailblaze|p1a: Meowscarada
|-damage|p1a: Meowscarada|73/100
|-boost|p2a: Ursaluna|spe|1
|
|turn|2
|
|switch|p1a: Great Tusk|Great Tusk|100/100
|move|p2a: Ursaluna|Fire Punch|p1a: Great Tusk
|-damage|p1a: Great Tusk|85/100
|-status|p1a: Great Tusk|brn
|
|-heal|p1a: Great Tusk|92/100 brn|[from] item: Leftovers
|-damage|p1a: Great Tusk|85/100 brn|[from] brn
|turn|3
|
|move|p2a: Ursaluna|Trailblaze|p1a: Great Tusk
|-supereffective|p1a: Great Tusk
|-damage|p1a: Great Tusk|67/100 brn
|-boost|p2a: Ursaluna|spe|1
|move|p1a: Great Tusk|Body Press|p2a: Ursaluna
|-supereffective|p2a: Ursaluna
|-damage|p2a: Ursaluna|34/100
|
|-heal|p1a: Great Tusk|73/100 brn|[from] item: Leftovers
|-damage|p1a: Great Tusk|67/100 brn|[from] brn
|turn|4
|
|move|p2a: Ursaluna|Headlong Rush|p1a: Great Tusk
|-damage|p1a: Great Tusk|31/100 brn
|-unboost|p2a: Ursaluna|def|1
|-unboost|p2a: Ursaluna|spd|1
|move|p1a: Great Tusk|Body Press|p2a: Ursaluna
|-supereffective|p2a: Ursaluna
|-damage|p2a: Ursaluna|0 fnt
|faint|p2a: Ursaluna
|
|-heal|p1a: Great Tusk|37/100 brn|[from] item: Leftovers
|-damage|p1a: Great Tusk|31/100 brn|[from] brn
|
|switch|p2a: Dragapult|Dragapult, M|100/100
|turn|5
|
|-end|p1a: Great Tusk|Protosynthesis|[silent]
|switch|p1a: Heatran|Heatran, F|100/100
|move|p2a: Dragapult|Reflect|p2a: Dragapult
|-sidestart|p2: Barrman13|Reflect
|
|turn|6
|
|move|p2a: Dragapult|Light Screen|p2a: Dragapult
|-sidestart|p2: Barrman13|move: Light Screen
|move|p1a: Heatran|Magma Storm|p2a: Dragapult
|-resisted|p2a: Dragapult
|-damage|p2a: Dragapult|88/100
|-activate|p2a: Dragapult|move: Magma Storm|[of] p1a: Heatran
|
|-damage|p2a: Dragapult|75/100|[from] move: Magma Storm|[partiallytrapped]
|turn|7
|
|switch|p2a: Zamazenta|Zamazenta-Crowned|100/100
|-ability|p2a: Zamazenta|Dauntless Shield|boost
|-boost|p2a: Zamazenta|def|1
|move|p1a: Heatran|Taunt|p2a: Zamazenta
|-start|p2a: Zamazenta|move: Taunt
|
|turn|8
|
|switch|p1a: Zapdos|Zapdos|100/100
|move|p2a: Zamazenta|Body Press|p1a: Zapdos
|-resisted|p1a: Zapdos
|-damage|p1a: Zapdos|74/100
|
|turn|9
|
|move|p2a: Zamazenta|Behemoth Bash|p1a: Zapdos
|-resisted|p1a: Zapdos
|-damage|p1a: Zapdos|58/100
|-status|p2a: Zamazenta|par|[from] ability: Static|[of] p1a: Zapdos
|move|p1a: Zapdos|Roost|p1a: Zapdos
|-heal|p1a: Zapdos|100/100
|-singleturn|p1a: Zapdos|move: Roost
|
|-end|p2a: Zamazenta|move: Taunt
|turn|10
|
|switch|p2a: Magearna|Magearna|100/100
|move|p1a: Zapdos|Heat Wave|p2a: Magearna
|-supereffective|p2a: Magearna
|-damage|p2a: Magearna|73/100
|-enditem|p2a: Magearna|Weakness Policy
|-boost|p2a: Magearna|atk|2|[from] item: Weakness Policy
|-boost|p2a: Magearna|spa|2|[from] item: Weakness Policy
|
|turn|11
|
|move|p1a: Zapdos|Volt Switch|p2a: Magearna
|-damage|p2a: Magearna|58/100
|
|switch|p1a: Meowscarada|Meowscarada, M|73/100|[from] Volt Switch
|move|p2a: Magearna|Iron Defense|p2a: Magearna
|-boost|p2a: Magearna|def|2
|
|turn|12
|
|move|p1a: Meowscarada|Trick|p2a: Magearna
|-start|p1a: Meowscarada|typechange|Psychic|[from] ability: Protean
|-activate|p1a: Meowscarada|move: Trick|[of] p2a: Magearna
|-item|p2a: Magearna|Choice Scarf|[from] move: Trick
|-enditem|p1a: Meowscarada|Choice Scarf|[silent]|[from] move: Trick
|move|p2a: Magearna|Shift Gear|p2a: Magearna
|-boost|p2a: Magearna|spe|2
|-boost|p2a: Magearna|atk|1
|
|-sideend|p2: Barrman13|Reflect
|turn|13
|
|switch|p2a: Chien-Pao|Chien-Pao|100/100
|-ability|p2a: Chien-Pao|Sword of Ruin
|move|p1a: Meowscarada|U-turn|p2a: Chien-Pao
|-supereffective|p2a: Chien-Pao
|-damage|p2a: Chien-Pao|43/100
|
|switch|p1a: Sneasler|Sneasler, M|100/100|[from] U-turn
|
|-sideend|p2: Barrman13|move: Light Screen
|turn|14
|
|move|p1a: Sneasler|Fake Out|p2a: Chien-Pao
|-damage|p2a: Chien-Pao|24/100
|-status|p2a: Chien-Pao|psn|[from] ability: Poison Touch|[of] p1a: Sneasler
|cant|p2a: Chien-Pao|flinch
|
|-damage|p2a: Chien-Pao|11/100 psn|[from] psn
|turn|15
|
|switch|p1a: Heatran|Heatran, F|100/100
|move|p2a: Chien-Pao|Icicle Crash|p1a: Heatran
|-resisted|p1a: Heatran
|-damage|p1a: Heatran|80/100
|
|-heal|p1a: Heatran|86/100|[from] item: Leftovers
|-damage|p2a: Chien-Pao|0 fnt|[from] psn
|faint|p2a: Chien-Pao
|-message|Barrman13 forfeited.
|
|win|length times width
|l|☆Barrman13
