|poke|p1|Magearna|
|poke|p1|Gholdengo|
|poke|p1|Pawmot, M|
|poke|p1|Torkoal, F|
|poke|p1|Roaring Moon|
|poke|p1|Corviknight, F|
|poke|p2|Samurott-Hisui, M|
|poke|p2|Lilligant-Hisui, F|
|poke|p2|Ursaluna, M|
|poke|p2|Arcanine-Hisui, M|
|poke|p2|Sneasler, F|
|poke|p2|Zoroark-Hisui, M|
|teampreview
|
|start
|switch|p1a: Torkoal|Torkoal, F|100/100
|switch|p2a: Sneasler|Sneasler, F|100/100
|-item|p2a: Sneasler|Air Balloon
|-weather|SunnyDay|[from] ability: Drought|[of] p1a: Torkoal
|turn|1
|
|move|p2a: Sneasler|Swords Dance|p2a: Sneasler
|-boost|p2a: Sneasler|atk|2
|move|p1a: Torkoal|Stealth Rock|p2a: Sneasler
|-sidestart|p2: guuchtakesover|move: Stealth Rock
|
|-weather|SunnyDay|[upkeep]
|turn|2
|
|move|p2a: Sneasler|Dire Claw|p1a: Torkoal
|-damage|p1a: Torkoal|44/100
|move|p1a: Torkoal|Yawn|p2a: Sneasler
|-start|p2a: Sneasler|move: Yawn|[of] p1a: Torkoal
|
|-weather|SunnyDay|[upkeep]
|turn|3
|
|switch|p2a: Ursaluna|Ursaluna, M|100/100
|-damage|p2a: Ursaluna|94/100|[from] Stealth Rock
|move|p1a: Torkoal|Rapid Spin|p2a: Ursaluna
|-damage|p2a: Ursaluna|88/100
|-boost|p1a: Torkoal|spe|1
|
|-weather|SunnyDay|[upkeep]
|-status|p2a: Ursaluna|brn|[from] item: Flame Orb
|turn|4
|
|-terastallize|p2a: Ursaluna|Normal
|move|p2a: Ursaluna|Facade|p1a: Torkoal
|-damage|p1a: Torkoal|0 fnt
|faint|p1a: Torkoal
|
|-weather|SunnyDay|[upkeep]
|-damage|p2a: Ursaluna|82/100 brn|[from] brn
|
|switch|p1a: Corviknight|Corviknight, F|100/100
|-ability|p1a: Corviknight|Pressure
|turn|5
|
|move|p1a: Corviknight|Body Press|p2a: Ursaluna
|-supereffective|p2a: Ursaluna
|-damage|p2a: Ursaluna|45/100 brn
|move|p2a: Ursaluna|Fire Punch|p1a: Corviknight
|-supereffective|p1a: Corviknight
|-damage|p1a: Corviknight|18/100
|-damage|p2a: Ursaluna|28/100 brn|[from] item: Rocky Helmet|[of] p1a: Corviknight
|
|-weather|SunnyDay|[upkeep]
|-damage|p2a: Ursaluna|22/100 brn|[from] brn
|turn|6
|
|switch|p2a: Arcanine|Arcanine-Hisui, M|100/100
|move|p1a: Corviknight|Body Press|p2a: Arcanine
|-supereffective|p2a: Arcanine
|-damage|p2a: Arcanine|39/100
|
|-weather|SunnyDay|[upkeep]
|turn|7
|
|move|p2a: Arcanine|Flare Blitz|p1a: Corviknight
|-supereffective|p1a: Corviknight
|-damage|p1a: Corviknight|0 fnt
|-damage|p2a: Arcanine|22/100|[from] item: Rocky Helmet|[of] p1a: Corviknight
|faint|p1a: Corviknight
|
|-weather|SunnyDay|[upkeep]
|
|switch|p1a: Pawmot|Pawmot, M|100/100
|turn|8
|
|move|p1a: Pawmot|Mach Punch|p2a: Arcanine
|-supereffective|p2a: Arcanine
|-damage|p2a: Arcanine|0 fnt
|faint|p2a: Arcanine
|
|-weather|none
|
|switch|p2a: Sneasler|Sneasler, F|100/100
|-damage|p2a: Sneasler|95/100|[from] Stealth Rock
|-item|p2a: Sneasler|Air Balloon
|turn|9
|
|move|p2a: Sneasler|Dire Claw|p1a: Pawmot
|-damage|p1a: Pawmot|20/100
|move|p1a: Pawmot|Revival Blessing|p1a: Pawmot
|-enditem|p1a: Pawmot|Leppa Berry|[eat]
|-activate|p1a: Pawmot|item: Leppa Berry|Revival Blessing|[consumed]
|
|-heal|p1: Torkoal|50/100|[from] move: Revival Blessing
|
|turn|10
|
|move|p1a: Pawmot|Mach Punch|p2a: Sneasler
|-resisted|p2a: Sneasler
|-damage|p2a: Sneasler|79/100
|-enditem|p2a: Sneasler|Air Balloon
|move|p2a: Sneasler|Swords Dance|p2a: Sneasler
|-boost|p2a: Sneasler|atk|2
|
|turn|11
|
|move|p1a: Pawmot|Mach Punch|p2a: Sneasler
|-resisted|p2a: Sneasler
|-damage|p2a: Sneasler|62/100
|move|p2a: Sneasler|Acrobatics|p1a: Pawmot
|-damage|p1a: Pawmot|0 fnt
|faint|p1a: Pawmot
|
|
|switch|p1a: Torkoal|Torkoal, F|50/100
|-weather|SunnyDay|[from] ability: Drought|[of] p1a: Torkoal
|turn|12
|
|move|p2a: Sneasler|Dire Claw|p1a: Torkoal
|-damage|p1a: Torkoal|0 fnt
|faint|p1a: Torkoal
|
|-weather|SunnyDay|[upkeep]
|
|switch|p1a: Roaring Moon|Roaring Moon|100/100
|-activate|p1a: Roaring Moon|ability: Protosynthesis
|-start|p1a: Roaring Moon|protosynthesisatk
|turn|13
|
|move|p2a: Sneasler|Close Combat|p1a: Roaring Moon
|-supereffective|p1a: Roaring Moon
|-damage|p1a: Roaring Moon|0 fnt
|-unboost|p2a: Sneasler|def|1
|-unboost|p2a: Sneasler|spd|1
|faint|p1a: Roaring Moon
|-end|p1a: Roaring Moon|Protosynthesis|[silent]
|
|-weather|SunnyDay|[upkeep]
|
|switch|p1a: Gholdengo|Gholdengo|100/100
|turn|14
|
|-terastallize|p1a: Gholdengo|Flying
|move|p2a: Sneasler|Acrobatics|p1a: Gholdengo
|-damage|p1a: Gholdengo|34/100
|move|p1a: Gholdengo|Thunder Wave|p2a: Sneasler
|-status|p2a: Sneasler|par
|
|-weather|SunnyDay|[upkeep]
|turn|15
|
|move|p2a: Sneasler|Acrobatics|p1a: Gholdengo
|-damage|p1a: Gholdengo|0 fnt
|faint|p1a: Gholdengo
|
|-weather|SunnyDay|[upkeep]
|
|switch|p1a: Magearna|Magearna|100/100
|turn|16
|
|move|p2a: Sneasler|Close Combat|p1a: Magearna
|-damage|p1a: Magearna|0 fnt
|-unboost|p2a: Sneasler|def|1
|-unboost|p2a: Sneasler|spd|1
|faint|p1a: Magearna
|
|win|guuchtakesover
|l|☆RadeWeeboo
