|poke|p1|Samurott-Hisui, F|
|poke|p1|Dragapult, M|
|poke|p1|Sneasler, M|
|poke|p1|Magearna|
|poke|p1|Volcarona, F|
|poke|p1|Zamazenta-*|
|poke|p2|Masquerain, F|
|poke|p2|Moltres-Galar|
|poke|p2|Gholdengo|
|poke|p2|Urshifu-*, M|
|poke|p2|Hoopa-Unbound|
|poke|p2|Landorus-Therian, M|
|teampreview
|
|start
|switch|p1a: Mr. Crott|Samurott-Hisui, F|100/100
|switch|p2a: Urshifu|Urshifu-Rapid-Strike, M|100/100
|turn|1
|
|move|p2a: Urshifu|Close Combat|p1a: Mr. Crott
|-supereffective|p1a: Mr. Crott
|-enditem|p1a: Mr. Crott|Focus Sash
|-damage|p1a: Mr. Crott|1/100
|-unboost|p2a: Urshifu|def|1
|-unboost|p2a: Urshifu|spd|1
|move|p1a: Mr. Crott|Ceaseless Edge|p2a: Urshifu
|-resisted|p2a: Urshifu
|-damage|p2a: Urshifu|64/100
|-sidestart|p2: p2|Spikes
|
|turn|2
|
|move|p2a: Urshifu|Aqua Jet|p1a: Mr. Crott
|-resisted|p1a: Mr. Crott
|-damage|p1a: Mr. Crott|0 fnt
|faint|p1a: Mr. Crott
|
|
|switch|p1a: Child Abuser|Dragapult, M|100/100
|turn|3
|
|switch|p2a: Masquerain|Masquerain, F|100/100
|-ability|p2a: Masquerain|Intimidate|boost
|-unboost|p1a: Child Abuser|atk|1
|move|p1a: Child Abuser|Reflect|p1a: Child Abuser
|-sidestart|p1: p1|Reflect
|
|turn|4
|
|switch|p1a: Twink|Magearna|100/100
|move|p2a: Masquerain|Sticky Web|p1a: Twink
|-sidestart|p1: p1|move: Sticky Web
|
|turn|5
|
|move|p2a: Masquerain|Stun Spore|p1a: Twink|[miss]
|-miss|p2a: Masquerain|p1a: Twink
|move|p1a: Twink|Calm Mind|p1a: Twink
|-boost|p1a: Twink|spa|1
|-boost|p1a: Twink|spd|1
|
|turn|6
|
|move|p2a: Masquerain|Stun Spore|p1a: Twink|[miss]
|-miss|p2a: Masquerain|p1a: Twink
|move|p1a: Twink|Iron Defense|p1a: Twink
|-boost|p1a: Twink|def|2
|
|turn|7
|
|move|p2a: Masquerain|Stun Spore|p1a: Twink|[miss]
|-miss|p2a: Masquerain|p1a: Twink
|move|p1a: Twink|Calm Mind|p1a: Twink
|-boost|p1a: Twink|spa|1
|-boost|p1a: Twink|spd|1
|
|turn|8
|
|move|p2a: Masquerain|Stun Spore|p1a: Twink|[miss]
|-miss|p2a: Masquerain|p1a: Twink
|move|p1a: Twink|Iron Defense|p1a: Twink
|-boost|p1a: Twink|def|2
|
|turn|9
|
|move|p2a: Masquerain|Stun Spore|p1a: Twink
|-status|p1a: Twink|par
|move|p1a: Twink|Calm Mind|p1a: Twink
|-boost|p1a: Twink|spa|1
|-boost|p1a: Twink|spd|1
|
|turn|10
|
|move|p2a: Masquerain|U-turn|p1a: Twink
|-resisted|p1a: Twink
|-damage|p1a: Twink|99/100 par
|
|switch|p2a: Gholdengo|Gholdengo|100/100|[from] U-turn
|-damage|p2a: Gholdengo|88/100|[from] Spikes
|move|p1a: Twink|Calm Mind|p1a: Twink
|-boost|p1a: Twink|spa|1
|-boost|p1a: Twink|spd|1
|
|-heal|p2a: Gholdengo|94/100|[from] item: Leftovers
|-heal|p1a: Twink|100/100 par|[from] item: Leftovers
|-sideend|p1: p1|Reflect
|turn|11
|
|move|p2a: Gholdengo|Nasty Plot|p2a: Gholdengo
|-boost|p2a: Gholdengo|spa|2
|move|p1a: Twink|Draining Kiss|p2a: Gholdengo
|-resisted|p2a: Gholdengo
|-damage|p2a: Gholdengo|64/100
|
|-heal|p2a: Gholdengo|70/100|[from] item: Leftovers
|turn|12
|
|move|p2a: Gholdengo|Nasty Plot|p2a: Gholdengo
|-boost|p2a: Gholdengo|spa|2
|move|p1a: Twink|Stored Power|p2a: Gholdengo
|-resisted|p2a: Gholdengo
|-damage|p2a: Gholdengo|0 fnt
|faint|p2a: Gholdengo
|-ability|p1a: Twink|Soul-Heart|boost
|-boost|p1a: Twink|spa|1
|
|
|switch|p2a: Landorus|Landorus-Therian, M|100/100
|-ability|p2a: Landorus|Intimidate|boost
|-unboost|p1a: Twink|atk|1
|turn|13
|
|-terastallize|p2a: Landorus|Ground
|-terastallize|p1a: Twink|Water
|move|p2a: Landorus|Earthquake|p1a: Twink
|-damage|p1a: Twink|80/100 par
|cant|p1a: Twink|par
|
|-heal|p1a: Twink|86/100 par|[from] item: Leftovers
|turn|14
|
|move|p2a: Landorus|Earthquake|p1a: Twink
|-damage|p1a: Twink|67/100 par
|move|p1a: Twink|Draining Kiss|p2a: Landorus
|-damage|p2a: Landorus|10/100
|-heal|p1a: Twink|100/100 par|[from] drain|[of] p2a: Landorus
|
|turn|15
|
|move|p2a: Landorus|Earthquake|p1a: Twink
|-damage|p1a: Twink|81/100 par
|move|p1a: Twink|Draining Kiss|p2a: Landorus
|-damage|p2a: Landorus|0 fnt
|-heal|p1a: Twink|88/100 par|[from] drain|[of] p2a: Landorus
|faint|p2a: Landorus
|-ability|p1a: Twink|Soul-Heart|boost
|-boost|p1a: Twink|spa|1
|
|-heal|p1a: Twink|94/100 par|[from] item: Leftovers
|
|switch|p2a: Urshifu|Urshifu-Rapid-Strike, M|64/100
|-damage|p2a: Urshifu|51/100|[from] Spikes
|turn|16
|
|move|p2a: Urshifu|Swords Dance|p2a: Urshifu
|-boost|p2a: Urshifu|atk|2
|cant|p1a: Twink|par
|
|-heal|p1a: Twink|99/100 par|[from] item: Leftovers
|turn|17
|
|move|p2a: Urshifu|Surging Strikes|p1a: Twink
|-resisted|p1a: Twink
|-crit|p1a: Twink
|-damage|p1a: Twink|85/100 par
|-resisted|p1a: Twink
|-crit|p1a: Twink
|-damage|p1a: Twink|72/100 par
|-resisted|p1a: Twink
|-crit|p1a: Twink
|-damage|p1a: Twink|58/100 par
|-hitcount|p1a: Twink|3
|cant|p1a: Twink|par
|
|-heal|p1a: Twink|64/100 par|[from] item: Leftovers
|turn|18
|
|move|p2a: Urshifu|Surging Strikes|p1a: Twink
|-resisted|p1a: Twink
|-crit|p1a: Twink
|-damage|p1a: Twink|50/100 par
|-resisted|p1a: Twink
|-crit|p1a: Twink
|-damage|p1a: Twink|35/100 par
|-resisted|p1a: Twink
|-crit|p1a: Twink
|-damage|p1a: Twink|20/100 par
|-hitcount|p1a: Twink|3
|cant|p1a: Twink|par
|
|-heal|p1a: Twink|26/100 par|[from] item: Leftovers
|turn|19
|
|move|p2a: Urshifu|Surging Strikes|p1a: Twink
|-resisted|p1a: Twink
|-crit|p1a: Twink
|-damage|p1a: Twink|10/100 par
|-resisted|p1a: Twink
|-crit|p1a: Twink
|-damage|p1a: Twink|0 fnt
|faint|p1a: Twink
|-hitcount|p1: Twink|2
|
|
|switch|p1a: Playboi Carti|Sneasler, M|100/100
|-item|p1a: Playboi Carti|Air Balloon
|turn|20
|
|switch|p2a: Masquerain|Masquerain, F|100/100
|-ability|p2a: Masquerain|Intimidate|boost
|-unboost|p1a: Playboi Carti|atk|1
|move|p1a: Playboi Carti|Close Combat|p2a: Masquerain
|-resisted|p2a: Masquerain
|-damage|p2a: Masquerain|83/100
|-unboost|p1a: Playboi Carti|def|1
|-unboost|p1a: Playboi Carti|spd|1
|
|turn|21
|
|switch|p1a: Child Abuser|Dragapult, M|100/100
|-activate|p1a: Child Abuser|move: Sticky Web
|-unboost|p1a: Child Abuser|spe|1
|move|p2a: Masquerain|Stun Spore|p1a: Child Abuser
|-status|p1a: Child Abuser|par
|
|turn|22
|
|switch|p2a: Moltres|Moltres-Galar|100/100
|move|p1a: Child Abuser|U-turn|p2a: Moltres
|-damage|p2a: Moltres|80/100
|
|switch|p1a: Playboi Carti|Sneasler, M|100/100|[from] U-turn
|-item|p1a: Playboi Carti|Air Balloon
|
|turn|23
|
|move|p1a: Playboi Carti|Close Combat|p2a: Moltres
|-damage|p2a: Moltres|0 fnt
|-unboost|p1a: Playboi Carti|def|1
|-unboost|p1a: Playboi Carti|spd|1
|faint|p2a: Moltres
|
|
|switch|p2a: Urshifu|Urshifu-Rapid-Strike, M|51/100
|-damage|p2a: Urshifu|39/100|[from] Spikes
|turn|24
|
|move|p2a: Urshifu|Aqua Jet|p1a: Playboi Carti
|-damage|p1a: Playboi Carti|57/100
|-enditem|p1a: Playboi Carti|Air Balloon
|move|p1a: Playboi Carti|Acrobatics|p2a: Urshifu
|-supereffective|p2a: Urshifu
|-damage|p2a: Urshifu|0 fnt
|faint|p2a: Urshifu
|
|
|switch|p2a: Masquerain|Masquerain, F|83/100
|-ability|p2a: Masquerain|Intimidate|boost
|-unboost|p1a: Playboi Carti|atk|1
|turn|25
|
|move|p1a: Playboi Carti|Swords Dance|p1a: Playboi Carti
|-boost|p1a: Playboi Carti|atk|2
|move|p2a: Masquerain|Stun Spore|p1a: Playboi Carti
|-status|p1a: Playboi Carti|par
|
|turn|26
|
|move|p1a: Playboi Carti|Acrobatics|p2a: Masquerain
|-supereffective|p2a: Masquerain
|-damage|p2a: Masquerain|0 fnt
|faint|p2a: Masquerain
|
|
|switch|p2a: Hoopa|Hoopa-Unbound|100/100
|-damage|p2a: Hoopa|88/100|[from] Spikes
|turn|27
|
|cant|p1a: Playboi Carti|par
|move|p2a: Hoopa|Psychic|p1a: Playboi Carti
|-supereffective|p1a: Playboi Carti
|-damage|p1a: Playboi Carti|0 fnt
|faint|p1a: Playboi Carti
|-damage|p2a: Hoopa|78/100|[from] item: Life Orb
|
|
|switch|p1a: Zamagenta|Zamazenta-Crowned|100/100
|-activate|p1a: Zamagenta|move: Sticky Web
|-unboost|p1a: Zamagenta|spe|1
|-ability|p1a: Zamagenta|Dauntless Shield|boost
|-boost|p1a: Zamagenta|def|1
|turn|28
|
|move|p2a: Hoopa|Focus Blast|p1a: Zamagenta|[miss]
|-miss|p2a: Hoopa|p1a: Zamagenta
|move|p1a: Zamagenta|Body Press|p2a: Hoopa
|-damage|p2a: Hoopa|0 fnt
|faint|p2a: Hoopa
|
|win|p1
