|poke|p1|Arcanine-Hisui, F|
|poke|p1|Torkoal, F|
|poke|p1|Walking Wake|
|poke|p1|Lilligant-Hisui, F|
|poke|p1|Kleavor, M|
|poke|p1|Moltres|
|poke|p2|Zoroark-Hisui, M|
|poke|p2|Meowscarada, M|
|poke|p2|Donphan, M|
|poke|p2|Toxapex, M|
|poke|p2|Chansey, F|
|poke|p2|Eelektross, M|
|teampreview
|
|start
|switch|p1a: Kleavor|Kleavor, M|100/100
|switch|p2a: Toxapex|Toxapex, M|100/100
|turn|1
|
|move|p1a: Kleavor|Stone Axe|p2a: Toxapex
|-damage|p2a: Toxapex|68/100
|-sidestart|p2: DanyFerreiraF|move: Stealth Rock
|-damage|p1a: Kleavor|84/100|[from] item: Rocky Helmet|[of] p2a: Toxapex
|move|p2a: Toxapex|Toxic|p1a: Kleavor
|-status|p1a: Kleavor|tox
|
|-damage|p1a: Kleavor|78/100 tox|[from] psn
|turn|2
|
|switch|p2a: Donphan|Donphan, M|100/100
|-damage|p2a: Donphan|94/100|[from] Stealth Rock
|move|p1a: Kleavor|U-turn|p2a: Donphan
|-damage|p2a: Donphan|73/100
|
|switch|p1a: Lilligant|Lilligant-Hisui, F|100/100|[from] U-turn
|
|-heal|p2a: Donphan|79/100|[from] item: Leftovers
|turn|3
|
|switch|p2a: Eelektross|Eelektross, M|100/100
|-damage|p2a: Eelektross|88/100|[from] Stealth Rock
|move|p1a: Lilligant|Victory Dance|p1a: Lilligant
|-boost|p1a: Lilligant|atk|1
|-boost|p1a: Lilligant|def|1
|-boost|p1a: Lilligant|spe|1
|
|turn|4
|
|move|p1a: Lilligant|Close Combat|p2a: Eelektross
|-damage|p2a: Eelektross|0 fnt
|-unboost|p1a: Lilligant|def|1
|-unboost|p1a: Lilligant|spd|1
|faint|p2a: Eelektross
|-damage|p1a: Lilligant|91/100|[from] item: Life Orb
|
|
|switch|p2a: Toxapex|Toxapex, M|100/100
|-damage|p2a: Toxapex|88/100|[from] Stealth Rock
|turn|5
|
|switch|p1a: Torkoal|Torkoal, F|100/100
|-weather|SunnyDay|[from] ability: Drought|[of] p1a: Torkoal
|move|p2a: Toxapex|Haze|p2a: Toxapex
|-clearallboost
|
|-weather|SunnyDay|[upkeep]
|turn|6
|
|move|p2a: Toxapex|Toxic|p1a: Torkoal
|-status|p1a: Torkoal|tox
|move|p1a: Torkoal|Lava Plume|p2a: Toxapex
|-resisted|p2a: Toxapex
|-damage|p2a: Toxapex|73/100
|-status|p2a: Toxapex|brn
|
|-weather|SunnyDay|[upkeep]
|-damage|p1a: Torkoal|94/100 tox|[from] psn
|-damage|p2a: Toxapex|67/100 brn|[from] brn
|turn|7
|
|switch|p2a: Chansey|Chansey, F|100/100
|-damage|p2a: Chansey|88/100|[from] Stealth Rock
|switch|p1a: Lilligant|Lilligant-Hisui, F|91/100
|
|-weather|SunnyDay|[upkeep]
|turn|8
|
|move|p1a: Lilligant|Close Combat|p2a: Chansey
|-supereffective|p2a: Chansey
|-damage|p2a: Chansey|0 fnt
|-unboost|p1a: Lilligant|def|1
|-unboost|p1a: Lilligant|spd|1
|faint|p2a: Chansey
|-damage|p1a: Lilligant|81/100|[from] item: Life Orb
|
|-weather|SunnyDay|[upkeep]
|
|switch|p2a: Donphan|Donphan, M|79/100
|-damage|p2a: Donphan|73/100|[from] Stealth Rock
|turn|9
|
|move|p1a: Lilligant|Solar Blade||[still]
|-prepare|p1a: Lilligant|Solar Blade
|-anim|p1a: Lilligant|Solar Blade|p2a: Donphan
|-supereffective|p2a: Donphan
|-crit|p2a: Donphan
|-damage|p2a: Donphan|0 fnt
|faint|p2a: Donphan
|-damage|p1a: Lilligant|71/100|[from] item: Life Orb
|
|-weather|SunnyDay|[upkeep]
|
|switch|p2a: Toxapex|Toxapex, M|100/100
|-damage|p2a: Toxapex|88/100|[from] Stealth Rock
|turn|10
|
|move|p1a: Lilligant|Solar Blade||[still]
|-prepare|p1a: Lilligant|Solar Blade
|-anim|p1a: Lilligant|Solar Blade|p2a: Toxapex
|-damage|p2a: Toxapex|0 fnt
|replace|p2a: Zoroark|Zoroark-Hisui, M, shiny
|-end|p2a: Zoroark|Illusion
|faint|p2a: Zoroark
|-damage|p1a: Lilligant|61/100|[from] item: Life Orb
|
|-weather|SunnyDay|[upkeep]
|
|switch|p2a: Toxapex|Toxapex, M|99/100 brn
|-damage|p2a: Toxapex|88/100 brn|[from] Stealth Rock
|turn|11
|
|move|p1a: Lilligant|Victory Dance|p1a: Lilligant
|-boost|p1a: Lilligant|atk|1
|-boost|p1a: Lilligant|def|1
|-boost|p1a: Lilligant|spe|1
|move|p2a: Toxapex|Chilling Water|p1a: Lilligant
|-resisted|p1a: Lilligant
|-damage|p1a: Lilligant|55/100
|-unboost|p1a: Lilligant|atk|1
|
|-weather|SunnyDay|[upkeep]
|-damage|p2a: Toxapex|81/100 brn|[from] brn
|turn|12
|
|switch|p1a: Arcanine|Arcanine-Hisui, F|100/100
|move|p2a: Toxapex|Toxic|p1a: Arcanine
|-status|p1a: Arcanine|tox
|
|-weather|none
|-damage|p1a: Arcanine|94/100 tox|[from] psn
|-damage|p2a: Toxapex|75/100 brn|[from] brn
|turn|13
|
|move|p1a: Arcanine|Head Smash|p2a: Toxapex
|-damage|p2a: Toxapex|29/100 brn
|-damage|p1a: Arcanine|78/100 tox|[from] item: Rocky Helmet|[of] p2a: Toxapex
|move|p2a: Toxapex|Chilling Water|p1a: Arcanine
|-supereffective|p1a: Arcanine
|-damage|p1a: Arcanine|26/100 tox
|-unboost|p1a: Arcanine|atk|1
|
|-damage|p1a: Arcanine|14/100 tox|[from] psn
|-damage|p2a: Toxapex|23/100 brn|[from] brn
|turn|14
|
|switch|p2a: Meowscarada|Meowscarada, M|100/100
|-damage|p2a: Meowscarada|88/100|[from] Stealth Rock
|move|p1a: Arcanine|Head Smash|p2a: Meowscarada|[miss]
|-miss|p1a: Arcanine|p2a: Meowscarada
|
|-damage|p1a: Arcanine|0 fnt|[from] psn
|faint|p1a: Arcanine
|
|switch|p1a: Lilligant|Lilligant-Hisui, F|55/100
|turn|15
|
|move|p2a: Meowscarada|Play Rough|p1a: Lilligant
|-start|p2a: Meowscarada|typechange|Fairy|[from] ability: Protean
|-supereffective|p1a: Lilligant
|-damage|p1a: Lilligant|0 fnt
|faint|p1a: Lilligant
|
|
|switch|p1a: Kleavor|Kleavor, M|78/100 tox
|turn|16
|
|switch|p2a: Toxapex|Toxapex, M|56/100 brn
|-damage|p2a: Toxapex|43/100 brn|[from] Stealth Rock
|move|p1a: Kleavor|X-Scissor|p2a: Toxapex
|-resisted|p2a: Toxapex
|-damage|p2a: Toxapex|24/100 brn
|-damage|p1a: Kleavor|62/100 tox|[from] item: Rocky Helmet|[of] p2a: Toxapex
|
|-damage|p1a: Kleavor|56/100 tox|[from] psn
|-damage|p2a: Toxapex|18/100 brn|[from] brn
|turn|17
|
|switch|p2a: Meowscarada|Meowscarada, M|88/100
|-damage|p2a: Meowscarada|76/100|[from] Stealth Rock
|move|p1a: Kleavor|X-Scissor|p2a: Meowscarada
|-supereffective|p2a: Meowscarada
|-damage|p2a: Meowscarada|0 fnt
|faint|p2a: Meowscarada
|
|-damage|p1a: Kleavor|44/100 tox|[from] psn
|
|switch|p2a: Toxapex|Toxapex, M|51/100 brn
|-damage|p2a: Toxapex|38/100 brn|[from] Stealth Rock
|turn|18
|
|-terastallize|p1a: Kleavor|Bug
|move|p1a: Kleavor|X-Scissor|p2a: Toxapex
|-resisted|p2a: Toxapex
|-damage|p2a: Toxapex|11/100 brn
|-damage|p1a: Kleavor|27/100 tox|[from] item: Rocky Helmet|[of] p2a: Toxapex
|move|p2a: Toxapex|Recover|p2a: Toxapex
|-heal|p2a: Toxapex|61/100 brn
|
|-damage|p1a: Kleavor|9/100 tox|[from] psn
|-damage|p2a: Toxapex|54/100 brn|[from] brn
|turn|19
|
|move|p1a: Kleavor|X-Scissor|p2a: Toxapex
|-resisted|p2a: Toxapex
|-damage|p2a: Toxapex|27/100 brn
|-damage|p1a: Kleavor|0 fnt|[from] item: Rocky Helmet|[of] p2a: Toxapex
|faint|p1a: Kleavor
|move|p2a: Toxapex|Recover|p2a: Toxapex
|-heal|p2a: Toxapex|77/100 brn
|
|-damage|p2a: Toxapex|71/100 brn|[from] brn
|
|switch|p1a: Torkoal|Torkoal, F|94/100 tox
|-weather|SunnyDay|[from] ability: Drought|[of] p1a: Torkoal
|turn|20
|
|switch|p1a: Walking Wake|Walking Wake|100/100
|-activate|p1a: Walking Wake|ability: Protosynthesis
|-start|p1a: Walking Wake|protosynthesisspa
|move|p2a: Toxapex|Recover|p2a: Toxapex
|-heal|p2a: Toxapex|100/100 brn
|
|-weather|SunnyDay|[upkeep]
|-damage|p2a: Toxapex|94/100 brn|[from] brn
|turn|21
|
|move|p1a: Walking Wake|Draco Meteor|p2a: Toxapex
|-damage|p2a: Toxapex|0 fnt
|-unboost|p1a: Walking Wake|spa|2
|faint|p2a: Toxapex
|-damage|p1a: Walking Wake|91/100|[from] item: Life Orb
|
|win|Wiz_Mudkip
