# advantage = p1
|poke|p1|Urshifu-*, M|
|poke|p1|Great Tusk|
|poke|p1|Heatran, M|
|poke|p1|Corviknight, F|
|poke|p1|Iron Valiant|
|poke|p1|Magearna|
|poke|p2|Magearna|
|poke|p2|Great Tusk|
|poke|p2|Samurott-Hisui, M|
|poke|p2|Gholdengo|
|poke|p2|Zamazenta-*|
|poke|p2|Dragapult, M|
|teampreview
|
|start
|switch|p1a: Urshifu|Urshifu-Rapid-Strike, M|100/100
|switch|p2a: Dragapult|Dragapult, M|100/100
|turn|1
|
|switch|p1a: Heatran|Heatran, M|100/100
|move|p2a: Dragapult|Shadow Ball|p1a: Heatran
|-damage|p1a: Heatran|71/100
|
|-heal|p1a: Heatran|77/100|[from] item: Leftovers
|turn|2
|
|switch|p2a: Samurott|Samurott-Hisui, M|100/100
|move|p1a: Heatran|Magma Storm|p2a: Samurott
|-resisted|p2a: Samurott
|-damage|p2a: Samurott|81/100
|-activate|p2a: Samurott|move: Magma Storm|[of] p1a: Heatran
|
|-heal|p1a: Heatran|83/100|[from] item: Leftovers
|-damage|p2a: Samurott|69/100|[from] move: Magma Storm|[partiallytrapped]
|turn|3
|
|move|p1a: Heatran|Protect|p1a: Heatran
|-singleturn|p1a: Heatran|Protect
|move|p2a: Samurott|Razor Shell|p1a: Heatran
|-activate|p1a: Heatran|move: Protect
|
|-heal|p1a: Heatran|89/100|[from] item: Leftovers
|-damage|p2a: Samurott|57/100|[from] move: Magma Storm|[partiallytrapped]
|turn|4
|
|switch|p1a: Urshifu|Urshifu-Rapid-Strike, M|100/100
|move|p2a: Samurott|Ceaseless Edge|p1a: Urshifu
|-resisted|p1a: Urshifu
|-damage|p1a: Urshifu|75/100
|-sidestart|p1: p1|Spikes
|
|-end|p2a: Samurott|Magma Storm|[partiallytrapped]|[silent]
|turn|5
|
|switch|p2a: Dragapult|Dragapult, M|100/100
|move|p1a: Urshifu|U-turn|p2a: Dragapult
|-resisted|p2a: Dragapult
|-damage|p2a: Dragapult|75/100
|
|switch|p1a: Heatran|Heatran, M|89/100|[from] U-turn
|-damage|p1a: Heatran|77/100|[from] Spikes
|
|-heal|p1a: Heatran|83/100|[from] item: Leftovers
|turn|6
|
|move|p2a: Dragapult|Shadow Ball|p1a: Heatran
|-damage|p1a: Heatran|52/100
|move|p1a: Heatran|Earth Power|p2a: Dragapult
|-damage|p2a: Dragapult|41/100
|
|-heal|p1a: Heatran|58/100|[from] item: Leftovers
|turn|7
|
|switch|p2a: Samurott|Samurott-Hisui, M|57/100
|move|p1a: Heatran|Protect||[still]
|-fail|p1a: Heatran
|
|-heal|p1a: Heatran|64/100|[from] item: Leftovers
|turn|8
|
|switch|p1a: Urshifu|Urshifu-Rapid-Strike, M|75/100
|-damage|p1a: Urshifu|62/100|[from] Spikes
|move|p2a: Samurott|Razor Shell|p1a: Urshifu|[miss]
|-miss|p2a: Samurott|p1a: Urshifu
|
|turn|9
|
|switch|p2a: Dragapult|Dragapult, M|41/100
|move|p1a: Urshifu|Surging Strikes|p2a: Dragapult
|-resisted|p2a: Dragapult
|-crit|p2a: Dragapult
|-damage|p2a: Dragapult|21/100
|-resisted|p2a: Dragapult
|-crit|p2a: Dragapult
|-damage|p2a: Dragapult|0 fnt
|faint|p2a: Dragapult
|-hitcount|p2: Dragapult|2
|
|
|switch|p2a: Zamazenta|Zamazenta|100/100
|-ability|p2a: Zamazenta|Dauntless Shield|boost
|-boost|p2a: Zamazenta|def|1
|turn|10
|
|move|p2a: Zamazenta|Close Combat|p1a: Urshifu
|-damage|p1a: Urshifu|0 fnt
|-unboost|p2a: Zamazenta|def|1
|-unboost|p2a: Zamazenta|spd|1
|faint|p1a: Urshifu
|
|
|switch|p1a: Corviknight|Corviknight, F|100/100
|-ability|p1a: Corviknight|Pressure
|turn|11
|
|move|p2a: Zamazenta|Close Combat|p1a: Corviknight
|-damage|p1a: Corviknight|46/100
|-unboost|p2a: Zamazenta|def|1
|-unboost|p2a: Zamazenta|spd|1
|move|p1a: Corviknight|U-turn|p2a: Zamazenta
|-resisted|p2a: Zamazenta
|-damage|p2a: Zamazenta|90/100
|
|switch|p1a: Iron Valiant|Iron Valiant|100/100|[from] U-turn
|-enditem|p1a: Iron Valiant|Booster Energy
|-activate|p1a: Iron Valiant|ability: Quark Drive|[fromitem]
|-start|p1a: Iron Valiant|quarkdrivespe
|-damage|p1a: Iron Valiant|88/100|[from] Spikes
|
|turn|12
|
|switch|p2a: Gholdengo|Gholdengo|100/100
|-item|p2a: Gholdengo|Air Balloon
|move|p1a: Iron Valiant|Moonblast|p2a: Gholdengo
|-resisted|p2a: Gholdengo
|-damage|p2a: Gholdengo|73/100
|-enditem|p2a: Gholdengo|Air Balloon
|
|turn|13
|
|-end|p1a: Iron Valiant|Quark Drive|[silent]
|switch|p1a: Heatran|Heatran, M|64/100
|-damage|p1a: Heatran|52/100|[from] Spikes
|move|p2a: Gholdengo|Nasty Plot|p2a: Gholdengo
|-boost|p2a: Gholdengo|spa|2
|
|-heal|p1a: Heatran|58/100|[from] item: Leftovers
|turn|14
|
|switch|p2a: Samurott|Samurott-Hisui, M|57/100
|move|p1a: Heatran|Magma Storm|p2a: Samurott|[miss]
|-miss|p1a: Heatran|p2a: Samurott
|
|-heal|p1a: Heatran|64/100|[from] item: Leftovers
|turn|15
|
|move|p1a: Heatran|Protect|p1a: Heatran
|-singleturn|p1a: Heatran|Protect
|move|p2a: Samurott|Razor Shell|p1a: Heatran
|-activate|p1a: Heatran|move: Protect
|
|-heal|p1a: Heatran|70/100|[from] item: Leftovers
|turn|16
|
|switch|p1a: Corviknight|Corviknight, F|46/100
|-ability|p1a: Corviknight|Pressure
|move|p2a: Samurott|Razor Shell|p1a: Corviknight
|-damage|p1a: Corviknight|15/100
|
|turn|17
|
|move|p2a: Samurott|Sacred Sword|p1a: Corviknight
|-damage|p1a: Corviknight|0 fnt
|faint|p1a: Corviknight
|
|
|switch|p1a: Iron Valiant|Iron Valiant|88/100
|-damage|p1a: Iron Valiant|76/100|[from] Spikes
|turn|18
|
|-end|p1a: Iron Valiant|Quark Drive|[silent]
|switch|p1a: Heatran|Heatran, M|70/100
|-damage|p1a: Heatran|58/100|[from] Spikes
|switch|p2a: Gholdengo|Gholdengo|73/100
|
|-heal|p1a: Heatran|64/100|[from] item: Leftovers
|turn|19
|
|switch|p2a: Samurott|Samurott-Hisui, M|57/100
|move|p1a: Heatran|Magma Storm|p2a: Samurott|[miss]
|-miss|p1a: Heatran|p2a: Samurott
|
|-heal|p1a: Heatran|70/100|[from] item: Leftovers
|turn|20
|
|switch|p1a: Iron Valiant|Iron Valiant|76/100
|-damage|p1a: Iron Valiant|63/100|[from] Spikes
|move|p2a: Samurott|Razor Shell|p1a: Iron Valiant
|-damage|p1a: Iron Valiant|0 fnt
|faint|p1a: Iron Valiant
|-end|p1a: Iron Valiant|Quark Drive|[silent]
|
|
|switch|p1a: Magearna|Magearna|100/100
|-damage|p1a: Magearna|88/100|[from] Spikes
|turn|21
|
|switch|p2a: Magearna|Magearna|100/100
|move|p1a: Magearna|Thunderbolt|p2a: Magearna
|-damage|p2a: Magearna|76/100
|
|-heal|p2a: Magearna|82/100|[from] item: Leftovers
|turn|22
|
|switch|p1a: Heatran|Heatran, M|70/100
|-damage|p1a: Heatran|58/100|[from] Spikes
|move|p2a: Magearna|Calm Mind|p2a: Magearna
|-boost|p2a: Magearna|spa|1
|-boost|p2a: Magearna|spd|1
|
|-heal|p1a: Heatran|64/100|[from] item: Leftovers
|-heal|p2a: Magearna|88/100|[from] item: Leftovers
|turn|23
|
|switch|p2a: Samurott|Samurott-Hisui, M|57/100
|move|p1a: Heatran|Magma Storm|p2a: Samurott
|-resisted|p2a: Samurott
|-damage|p2a: Samurott|39/100
|-activate|p2a: Samurott|move: Magma Storm|[of] p1a: Heatran
|
|-heal|p1a: Heatran|70/100|[from] item: Leftovers
|-damage|p2a: Samurott|27/100|[from] move: Magma Storm|[partiallytrapped]
|turn|24
|
|move|p1a: Heatran|Protect|p1a: Heatran
|-singleturn|p1a: Heatran|Protect
|move|p2a: Samurott|Razor Shell|p1a: Heatran
|-activate|p1a: Heatran|move: Protect
|
|-heal|p1a: Heatran|77/100|[from] item: Leftovers
|-damage|p2a: Samurott|14/100|[from] move: Magma Storm|[partiallytrapped]
|turn|25
|
|switch|p1a: Great Tusk|Great Tusk|100/100
|-damage|p1a: Great Tusk|88/100|[from] Spikes
|move|p2a: Samurott|Razor Shell|p1a: Great Tusk
|-supereffective|p1a: Great Tusk
|-damage|p1a: Great Tusk|38/100
|-unboost|p1a: Great Tusk|def|1
|-damage|p2a: Samurott|0 fnt|[from] item: Rocky Helmet|[of] p1a: Great Tusk
|faint|p2a: Samurott
|
|
|switch|p2a: Zamazenta|Zamazenta|90/100
|turn|26
|
|move|p2a: Zamazenta|Close Combat|p1a: Great Tusk
|-damage|p1a: Great Tusk|0 fnt
|-unboost|p2a: Zamazenta|def|1
|-unboost|p2a: Zamazenta|spd|1
|-damage|p2a: Zamazenta|73/100|[from] item: Rocky Helmet|[of] p1a: Great Tusk
|faint|p1a: Great Tusk
|-end|p1a: Great Tusk|Protosynthesis|[silent]
|
|
|switch|p1a: Magearna|Magearna|88/100
|-damage|p1a: Magearna|76/100|[from] Spikes
|turn|27
|
|switch|p2a: Gholdengo|Gholdengo|73/100
|move|p1a: Magearna|Trick Room|p1a: Magearna
|-fieldstart|move: Trick Room|[of] p1a: Magearna
|
|turn|28
|
|switch|p1a: Heatran|Heatran, M|77/100
|-damage|p1a: Heatran|64/100|[from] Spikes
|move|p2a: Gholdengo|Shadow Ball|p1a: Heatran
|-crit|p1a: Heatran
|-damage|p1a: Heatran|28/100
|
|-heal|p1a: Heatran|34/100|[from] item: Leftovers
|turn|29
|
|-terastallize|p2a: Gholdengo|Fighting
|move|p1a: Heatran|Magma Storm|p2a: Gholdengo
|-damage|p2a: Gholdengo|24/100
|-activate|p2a: Gholdengo|move: Magma Storm|[of] p1a: Heatran
|move|p2a: Gholdengo|Shadow Ball|p1a: Heatran
|-damage|p1a: Heatran|7/100
|
|-heal|p1a: Heatran|13/100|[from] item: Leftovers
|-damage|p2a: Gholdengo|12/100|[from] move: Magma Storm|[partiallytrapped]
|turn|30
|
|move|p1a: Heatran|Earth Power|p2a: Gholdengo
|-damage|p2a: Gholdengo|0 fnt
|faint|p2a: Gholdengo
|
|-heal|p1a: Heatran|20/100|[from] item: Leftovers
|
|switch|p2a: Great Tusk|Great Tusk|100/100
|turn|31
|
|-terastallize|p1a: Heatran|Flying
|move|p1a: Heatran|Magma Storm|p2a: Great Tusk
|-damage|p2a: Great Tusk|46/100
|-activate|p2a: Great Tusk|move: Magma Storm|[of] p1a: Heatran
|move|p2a: Great Tusk|Knock Off|p1a: Heatran
|-damage|p1a: Heatran|0 fnt
|-enditem|p1a: Heatran|Leftovers|[from] move: Knock Off|[of] p2a: Great Tusk
|faint|p1a: Heatran
|
|-heal|p2a: Great Tusk|52/100|[from] item: Leftovers
|-end|p2a: Great Tusk|Magma Storm|[partiallytrapped]|[silent]
|-fieldend|move: Trick Room
|-message|p1 forfeited.
|
|win|p2
