|poke|p1|Magearna|
|poke|p1|Gholdengo|
|poke|p1|Garganacl, F|
|poke|p1|Urshifu-*, F|
|poke|p1|Volcarona, M|
|poke|p1|Landorus-Therian, M|
|poke|p2|Clodsire, M|
|poke|p2|Tauros-Paldea-Aqua, M|
|poke|p2|Landorus-Therian, M|
|poke|p2|Corviknight, F|
|poke|p2|Dragapult, F|
|poke|p2|Enamorus, F|
|teampreview
|
|start
|switch|p1a: Landorus|Landorus-Therian, M|100/100
|switch|p2a: Landorus|Landorus-Therian, M|100/100
|-ability|p2a: Landorus|Intimidate|boost
|-unboost|p1a: Landorus|atk|1
|-ability|p1a: Landorus|Intimidate|boost
|-unboost|p2a: Landorus|atk|1
|turn|1
|
|move|p2a: Landorus|U-turn|p1a: Landorus
|-resisted|p1a: Landorus
|-damage|p1a: Landorus|94/100
|
|switch|p2a: Corviknight|Corviknight, F|100/100|[from] U-turn
|-ability|p2a: Corviknight|Pressure
|move|p1a: Landorus|Stealth Rock|p2a: Corviknight
|-sidestart|p2: p2|move: Stealth Rock
|
|-heal|p1a: Landorus|99/100|[from] item: Leftovers
|turn|2
|
|switch|p1a: Gholdengo|Gholdengo|100/100
|-item|p1a: Gholdengo|Air Balloon
|move|p2a: Corviknight|Defog|p1a: Gholdengo
|-immune|p1a: Gholdengo|[from] ability: Good as Gold
|
|turn|3
|
|switch|p2a: Clodsire|Clodsire, M|100/100
|-damage|p2a: Clodsire|94/100|[from] Stealth Rock
|move|p1a: Gholdengo|Thunder Wave|p2a: Clodsire
|-immune|p2a: Clodsire
|
|-heal|p2a: Clodsire|100/100|[from] item: Leftovers
|turn|4
|
|switch|p1a: Garganacl|Garganacl, F|100/100
|move|p2a: Clodsire|Stealth Rock|p1a: Garganacl
|-sidestart|p1: p1|move: Stealth Rock
|
|turn|5
|
|switch|p2a: Corviknight|Corviknight, F|100/100
|-damage|p2a: Corviknight|88/100|[from] Stealth Rock
|-ability|p2a: Corviknight|Pressure
|-terastallize|p1a: Garganacl|Water
|move|p1a: Garganacl|Salt Cure|p2a: Corviknight
|-damage|p2a: Corviknight|80/100
|
|turn|6
|
|switch|p1a: Gholdengo|Gholdengo|100/100
|-damage|p1a: Gholdengo|94/100|[from] Stealth Rock
|-item|p1a: Gholdengo|Air Balloon
|move|p2a: Corviknight|U-turn|p1a: Gholdengo
|-resisted|p1a: Gholdengo
|-damage|p1a: Gholdengo|92/100
|-enditem|p1a: Gholdengo|Air Balloon
|
|switch|p2a: Landorus|Landorus-Therian, M|100/100|[from] U-turn
|-damage|p2a: Landorus|88/100|[from] Stealth Rock
|-ability|p2a: Landorus|Intimidate|boost
|-unboost|p1a: Gholdengo|atk|1
|
|turn|7
|
|switch|p1a: Landorus|Landorus-Therian, M|99/100
|-damage|p1a: Landorus|88/100|[from] Stealth Rock
|-ability|p1a: Landorus|Intimidate|boost
|-unboost|p2a: Landorus|atk|1
|move|p2a: Landorus|U-turn|p1a: Landorus
|-resisted|p1a: Landorus
|-damage|p1a: Landorus|81/100
|
|switch|p2a: Tauros|Tauros-Paldea-Aqua, M|100/100|[from] U-turn
|-damage|p2a: Tauros|94/100|[from] Stealth Rock
|-ability|p2a: Tauros|Intimidate|boost
|-unboost|p1a: Landorus|atk|1
|
|-heal|p2a: Tauros|100/100|[from] item: Leftovers
|-heal|p1a: Landorus|87/100|[from] item: Leftovers
|turn|8
|
|switch|p1a: Garganacl|Garganacl, F, tera:Water|100/100
|-damage|p1a: Garganacl|88/100|[from] Stealth Rock
|move|p2a: Tauros|Raging Bull|p1a: Garganacl
|-resisted|p1a: Garganacl
|-damage|p1a: Garganacl|79/100
|
|-heal|p1a: Garganacl|85/100|[from] item: Leftovers
|turn|9
|
|switch|p2a: Corviknight|Corviknight, F|80/100
|-damage|p2a: Corviknight|67/100|[from] Stealth Rock
|-ability|p2a: Corviknight|Pressure
|move|p1a: Garganacl|Salt Cure|p2a: Corviknight
|-damage|p2a: Corviknight|59/100
|
|-heal|p1a: Garganacl|92/100|[from] item: Leftovers
|turn|10
|
|switch|p1a: Magearna|Magearna|100/100
|-damage|p1a: Magearna|94/100|[from] Stealth Rock
|move|p2a: Corviknight|Roost|p2a: Corviknight
|-heal|p2a: Corviknight|100/100
|-singleturn|p2a: Corviknight|move: Roost
|
|-heal|p1a: Magearna|100/100|[from] item: Leftovers
|turn|11
|
|move|p1a: Magearna|Spikes|p2a: Corviknight
|-sidestart|p2: p2|Spikes
|move|p2a: Corviknight|U-turn|p1a: Magearna
|-resisted|p1a: Magearna
|-damage|p1a: Magearna|98/100
|
|switch|p2a: Landorus|Landorus-Therian, M|88/100|[from] U-turn
|-damage|p2a: Landorus|75/100|[from] Stealth Rock
|-ability|p2a: Landorus|Intimidate|boost
|-unboost|p1a: Magearna|atk|1
|
|-heal|p1a: Magearna|100/100|[from] item: Leftovers
|turn|12
|
|switch|p1a: Garganacl|Garganacl, F, tera:Water|92/100
|-damage|p1a: Garganacl|79/100|[from] Stealth Rock
|move|p2a: Landorus|Stone Edge|p1a: Garganacl|[miss]
|-miss|p2a: Landorus|p1a: Garganacl
|
|-heal|p1a: Garganacl|85/100|[from] item: Leftovers
|turn|13
|
|switch|p2a: Corviknight|Corviknight, F|100/100
|-damage|p2a: Corviknight|88/100|[from] Stealth Rock
|-ability|p2a: Corviknight|Pressure
|move|p1a: Garganacl|Salt Cure|p2a: Corviknight
|-damage|p2a: Corviknight|80/100
|
|-heal|p1a: Garganacl|92/100|[from] item: Leftovers
|turn|14
|
|switch|p1a: Gholdengo|Gholdengo|92/100
|-damage|p1a: Gholdengo|86/100|[from] Stealth Rock
|move|p2a: Corviknight|U-turn|p1a: Gholdengo
|-resisted|p1a: Gholdengo
|-damage|p1a: Gholdengo|84/100
|
|switch|p2a: Dragapult|Dragapult, F|100/100|[from] U-turn
|-damage|p2a: Dragapult|88/100|[from] Stealth Rock
|-damage|p2a: Dragapult|76/100|[from] Spikes
|
|turn|15
|
|switch|p1a: Garganacl|Garganacl, F, tera:Water|92/100
|-damage|p1a: Garganacl|79/100|[from] Stealth Rock
|move|p2a: Dragapult|Draco Meteor|p1a: Garganacl
|-damage|p1a: Garganacl|12/100
|-unboost|p2a: Dragapult|spa|2
|
|-heal|p1a: Garganacl|18/100|[from] item: Leftovers
|turn|16
|
|switch|p1a: Magearna|Magearna|100/100
|-damage|p1a: Magearna|94/100|[from] Stealth Rock
|move|p2a: Dragapult|Draco Meteor|p1a: Magearna
|-immune|p1a: Magearna
|
|-heal|p1a: Magearna|100/100|[from] item: Leftovers
|turn|17
|
|switch|p2a: Clodsire|Clodsire, M|100/100
|-damage|p2a: Clodsire|94/100|[from] Stealth Rock
|-damage|p2a: Clodsire|82/100|[from] Spikes
|move|p1a: Magearna|Spikes|p2a: Clodsire
|-sidestart|p2: p2|Spikes
|
|-heal|p2a: Clodsire|88/100|[from] item: Leftovers
|turn|18
|
|switch|p1a: Garganacl|Garganacl, F, tera:Water|18/100
|-damage|p1a: Garganacl|6/100|[from] Stealth Rock
|move|p2a: Clodsire|Earthquake|p1a: Garganacl
|-damage|p1a: Garganacl|0 fnt
|faint|p1a: Garganacl
|
|-heal|p2a: Clodsire|94/100|[from] item: Leftovers
|
|switch|p1a: Landorus|Landorus-Therian, M|87/100
|-damage|p1a: Landorus|75/100|[from] Stealth Rock
|-ability|p1a: Landorus|Intimidate|boost
|-unboost|p2a: Clodsire|atk|1
|turn|19
|
|switch|p2a: Enamorus|Enamorus, F|100/100
|move|p1a: Landorus|U-turn|p2a: Enamorus
|-resisted|p2a: Enamorus
|-damage|p2a: Enamorus|92/100
|
|switch|p1a: Magearna|Magearna|100/100|[from] U-turn
|-damage|p1a: Magearna|94/100|[from] Stealth Rock
|
|-heal|p1a: Magearna|100/100|[from] item: Leftovers
|turn|20
|
|move|p2a: Enamorus|Calm Mind|p2a: Enamorus
|-boost|p2a: Enamorus|spa|1
|-boost|p2a: Enamorus|spd|1
|move|p1a: Magearna|Spikes|p2a: Enamorus
|-sidestart|p2: p2|Spikes
|
|turn|21
|
|move|p2a: Enamorus|Earth Power|p1a: Magearna
|-supereffective|p1a: Magearna
|-damage|p1a: Magearna|16/100
|-unboost|p1a: Magearna|spd|1
|move|p1a: Magearna|Volt Switch|p2a: Enamorus
|-supereffective|p2a: Enamorus
|-damage|p2a: Enamorus|44/100
|
|switch|p1a: Urshifu|Urshifu-Rapid-Strike, F|100/100|[from] Volt Switch
|-damage|p1a: Urshifu|94/100|[from] Stealth Rock
|
|turn|22
|
|move|p1a: Urshifu|Aqua Jet|p2a: Enamorus
|-damage|p2a: Enamorus|0 fnt
|faint|p2a: Enamorus
|
|
|switch|p2a: Tauros|Tauros-Paldea-Aqua, M|100/100
|-damage|p2a: Tauros|94/100|[from] Stealth Rock
|-damage|p2a: Tauros|69/100|[from] Spikes
|-ability|p2a: Tauros|Intimidate|boost
|-unboost|p1a: Urshifu|atk|1
|turn|23
|
|switch|p1a: Gholdengo|Gholdengo|84/100
|-damage|p1a: Gholdengo|78/100|[from] Stealth Rock
|move|p2a: Tauros|Bulk Up|p2a: Tauros
|-boost|p2a: Tauros|atk|1
|-boost|p2a: Tauros|def|1
|
|-heal|p2a: Tauros|76/100|[from] item: Leftovers
|turn|24
|
|move|p2a: Tauros|Raging Bull|p1a: Gholdengo
|-damage|p1a: Gholdengo|41/100
|move|p1a: Gholdengo|Thunder Wave|p2a: Tauros
|-status|p2a: Tauros|par
|
|-heal|p2a: Tauros|82/100 par|[from] item: Leftovers
|turn|25
|
|move|p1a: Gholdengo|Recover|p1a: Gholdengo
|-heal|p1a: Gholdengo|91/100
|move|p2a: Tauros|Raging Bull|p1a: Gholdengo
|-damage|p1a: Gholdengo|58/100
|
|-heal|p2a: Tauros|88/100 par|[from] item: Leftovers
|turn|26
|
|switch|p2a: Landorus|Landorus-Therian, M|75/100
|-damage|p2a: Landorus|63/100|[from] Stealth Rock
|-ability|p2a: Landorus|Intimidate|boost
|-unboost|p1a: Gholdengo|atk|1
|move|p1a: Gholdengo|Nasty Plot|p1a: Gholdengo
|-boost|p1a: Gholdengo|spa|2
|
|turn|27
|
|switch|p1a: Landorus|Landorus-Therian, M|75/100
|-damage|p1a: Landorus|63/100|[from] Stealth Rock
|-ability|p1a: Landorus|Intimidate|boost
|-unboost|p2a: Landorus|atk|1
|move|p2a: Landorus|Earthquake|p1a: Landorus
|-immune|p1a: Landorus
|
|-heal|p1a: Landorus|69/100|[from] item: Leftovers
|turn|28
|
|switch|p2a: Corviknight|Corviknight, F|80/100
|-damage|p2a: Corviknight|67/100|[from] Stealth Rock
|-ability|p2a: Corviknight|Pressure
|move|p1a: Landorus|U-turn|p2a: Corviknight
|-resisted|p2a: Corviknight
|-damage|p2a: Corviknight|64/100
|
|switch|p1a: Volcarona|Volcarona, M|100/100|[from] U-turn
|
|turn|29
|
|move|p1a: Volcarona|Will-O-Wisp|p2a: Corviknight
|-status|p2a: Corviknight|brn
|move|p2a: Corviknight|Defog|p1a: Volcarona
|-unboost|p1a: Volcarona|evasion|1
|-sideend|p1: p1|Stealth Rock|[from] move: Defog|[of] p2a: Corviknight
|-sideend|p2: p2|Spikes|[from] move: Defog|[of] p2a: Corviknight
|-sideend|p2: p2|Stealth Rock|[from] move: Defog|[of] p2a: Corviknight
|
|-damage|p2a: Corviknight|57/100 brn|[from] brn
|turn|30
|
|switch|p1a: Magearna|Magearna|16/100
|switch|p2a: Clodsire|Clodsire, M|94/100
|
|-heal|p1a: Magearna|22/100|[from] item: Leftovers
|-heal|p2a: Clodsire|100/100|[from] item: Leftovers
|turn|31
|
|move|p1a: Magearna|Pain Split|p2a: Clodsire
|-sethp|p2a: Clodsire|59/100|[from] move: Pain Split|[silent]
|-sethp|p1a: Magearna|75/100|[from] move: Pain Split
|move|p2a: Clodsire|Earthquake|p1a: Magearna
|-supereffective|p1a: Magearna
|-damage|p1a: Magearna|35/100
|
|-heal|p1a: Magearna|41/100|[from] item: Leftovers
|-heal|p2a: Clodsire|65/100|[from] item: Leftovers
|turn|32
|
|switch|p1a: Landorus|Landorus-Therian, M|69/100
|-ability|p1a: Landorus|Intimidate|boost
|-unboost|p2a: Clodsire|atk|1
|move|p2a: Clodsire|Earthquake|p1a: Landorus
|-immune|p1a: Landorus
|
|-heal|p1a: Landorus|75/100|[from] item: Leftovers
|-heal|p2a: Clodsire|71/100|[from] item: Leftovers
|turn|33
|
|switch|p1a: Gholdengo|Gholdengo|58/100
|switch|p2a: Landorus|Landorus-Therian, M|63/100
|-ability|p2a: Landorus|Intimidate|boost
|-unboost|p1a: Gholdengo|atk|1
|
|turn|34
|
|switch|p1a: Landorus|Landorus-Therian, M|75/100
|-ability|p1a: Landorus|Intimidate|boost
|-unboost|p2a: Landorus|atk|1
|move|p2a: Landorus|Stone Edge|p1a: Landorus
|-damage|p1a: Landorus|56/100
|
|-heal|p1a: Landorus|62/100|[from] item: Leftovers
|turn|35
|
|switch|p2a: Corviknight|Corviknight, F|57/100 brn
|-ability|p2a: Corviknight|Pressure
|move|p1a: Landorus|Stealth Rock|p2a: Corviknight
|-sidestart|p2: p2|move: Stealth Rock
|
|-heal|p1a: Landorus|68/100|[from] item: Leftovers
|-damage|p2a: Corviknight|51/100 brn|[from] brn
|turn|36
|
|switch|p1a: Gholdengo|Gholdengo|58/100
|move|p2a: Corviknight|U-turn|p1a: Gholdengo
|-resisted|p1a: Gholdengo
|-damage|p1a: Gholdengo|57/100
|
|switch|p2a: Dragapult|Dragapult, F|76/100|[from] U-turn
|-damage|p2a: Dragapult|64/100|[from] Stealth Rock
|
|turn|37
|
|switch|p1a: Magearna|Magearna|41/100
|move|p2a: Dragapult|Shadow Ball|p1a: Magearna
|-crit|p1a: Magearna
|-damage|p1a: Magearna|0 fnt
|faint|p1a: Magearna
|
|
|switch|p1a: Landorus|Landorus-Therian, M|68/100
|-ability|p1a: Landorus|Intimidate|boost
|-unboost|p2a: Dragapult|atk|1
|turn|38
|
|switch|p2a: Landorus|Landorus-Therian, M|63/100
|-damage|p2a: Landorus|50/100|[from] Stealth Rock
|-ability|p2a: Landorus|Intimidate|boost
|-unboost|p1a: Landorus|atk|1
|move|p1a: Landorus|Earthquake|p2a: Landorus
|-immune|p2a: Landorus
|
|-heal|p1a: Landorus|74/100|[from] item: Leftovers
|turn|39
|
|move|p2a: Landorus|Stone Edge|p1a: Landorus|[miss]
|-miss|p2a: Landorus|p1a: Landorus
|move|p1a: Landorus|U-turn|p2a: Landorus
|-resisted|p2a: Landorus
|-damage|p2a: Landorus|41/100
|
|switch|p1a: Urshifu|Urshifu-Rapid-Strike, F|94/100|[from] U-turn
|
|turn|40
|
|move|p2a: Landorus|Stone Edge|p1a: Urshifu
|-resisted|p1a: Urshifu
|-damage|p1a: Urshifu|76/100
|move|p1a: Urshifu|Surging Strikes|p2a: Landorus
|-supereffective|p2a: Landorus
|-crit|p2a: Landorus
|-damage|p2a: Landorus|0 fnt
|faint|p2a: Landorus
|-hitcount|p2: Landorus|1
|
|
|switch|p2a: Dragapult|Dragapult, F|64/100
|-damage|p2a: Dragapult|51/100|[from] Stealth Rock
|turn|41
|
|move|p2a: Dragapult|Shadow Ball|p1a: Urshifu
|-damage|p1a: Urshifu|1/100
|-unboost|p1a: Urshifu|spd|1
|move|p1a: Urshifu|Surging Strikes|p2a: Dragapult
|-resisted|p2a: Dragapult
|-crit|p2a: Dragapult
|-damage|p2a: Dragapult|31/100
|-resisted|p2a: Dragapult
|-crit|p2a: Dragapult
|-damage|p2a: Dragapult|12/100
|-resisted|p2a: Dragapult
|-crit|p2a: Dragapult
|-damage|p2a: Dragapult|0 fnt
|faint|p2a: Dragapult
|-hitcount|p2: Dragapult|3
|
|
|switch|p2a: Tauros|Tauros-Paldea-Aqua, M|88/100 par
|-damage|p2a: Tauros|82/100 par|[from] Stealth Rock
|-ability|p2a: Tauros|Intimidate|boost
|-unboost|p1a: Urshifu|atk|1
|turn|42
|
|move|p1a: Urshifu|Surging Strikes|p2a: Tauros
|-resisted|p2a: Tauros
|-crit|p2a: Tauros
|-damage|p2a: Tauros|72/100 par
|-resisted|p2a: Tauros
|-crit|p2a: Tauros
|-damage|p2a: Tauros|62/100 par
|-resisted|p2a: Tauros
|-crit|p2a: Tauros
|-damage|p2a: Tauros|52/100 par
|-hitcount|p2a: Tauros|3
|move|p2a: Tauros|Bulk Up|p2a: Tauros
|-boost|p2a: Tauros|atk|1
|-boost|p2a: Tauros|def|1
|
|-heal|p2a: Tauros|58/100 par|[from] item: Leftovers
|turn|43
|
|move|p1a: Urshifu|Surging Strikes|p2a: Tauros
|-resisted|p2a: Tauros
|-crit|p2a: Tauros
|-damage|p2a: Tauros|48/100 par
|-resisted|p2a: Tauros
|-crit|p2a: Tauros
|-damage|p2a: Tauros|38/100 par
|-resisted|p2a: Tauros
|-crit|p2a: Tauros
|-damage|p2a: Tauros|28/100 par
|-hitcount|p2a: Tauros|3
|move|p2a: Tauros|Bulk Up|p2a: Tauros
|-boost|p2a: Tauros|atk|1
|-boost|p2a: Tauros|def|1
|
|-heal|p2a: Tauros|34/100 par|[from] item: Leftovers
|turn|44
|
|cant|p2a: Tauros|par
|move|p1a: Urshifu|Surging Strikes|p2a: Tauros
|-resisted|p2a: Tauros
|-crit|p2a: Tauros
|-damage|p2a: Tauros|24/100 par
|-resisted|p2a: Tauros
|-crit|p2a: Tauros
|-damage|p2a: Tauros|14/100 par
|-resisted|p2a: Tauros
|-crit|p2a: Tauros
|-damage|p2a: Tauros|3/100 par
|-hitcount|p2a: Tauros|3
|
|-heal|p2a: Tauros|9/100 par|[from] item: Leftovers
|turn|45
|
|move|p2a: Tauros|Aqua Jet|p1a: Urshifu
|-resisted|p1a: Urshifu
|-damage|p1a: Urshifu|0 fnt
|faint|p1a: Urshifu
|
|-heal|p2a: Tauros|15/100 par|[from] item: Leftovers
|
|switch|p1a: Gholdengo|Gholdengo|57/100
|turn|46
|
|move|p2a: Tauros|Aqua Jet|p1a: Gholdengo
|-damage|p1a: Gholdengo|37/100
|move|p1a: Gholdengo|Recover|p1a: Gholdengo
|-heal|p1a: Gholdengo|87/100
|
|-heal|p2a: Tauros|22/100 par|[from] item: Leftovers
|turn|47
|
|move|p1a: Gholdengo|Hex|p2a: Tauros
|-damage|p2a: Tauros|0 fnt
|faint|p2a: Tauros
|
|
|switch|p2a: Clodsire|Clodsire, M|71/100
|-damage|p2a: Clodsire|65/100|[from] Stealth Rock
|turn|48
|
|switch|p1a: Landorus|Landorus-Therian, M|74/100
|-ability|p1a: Landorus|Intimidate|boost
|-unboost|p2a: Clodsire|atk|1
|move|p2a: Clodsire|Toxic|p1a: Landorus
|-status|p1a: Landorus|tox
|
|-heal|p1a: Landorus|80/100 tox|[from] item: Leftovers
|-heal|p2a: Clodsire|71/100|[from] item: Leftovers
|-damage|p1a: Landorus|74/100 tox|[from] psn
|turn|49
|
|switch|p2a: Corviknight|Corviknight, F|51/100 brn
|-damage|p2a: Corviknight|39/100 brn|[from] Stealth Rock
|-ability|p2a: Corviknight|Pressure
|move|p1a: Landorus|Taunt|p2a: Corviknight
|-start|p2a: Corviknight|move: Taunt
|
|-heal|p1a: Landorus|80/100 tox|[from] item: Leftovers
|-damage|p1a: Landorus|68/100 tox|[from] psn
|-damage|p2a: Corviknight|32/100 brn|[from] brn
|turn|50
|
|switch|p1a: Volcarona|Volcarona, M|100/100
|move|p2a: Corviknight|Body Press|p1a: Volcarona
|-resisted|p1a: Volcarona
|-damage|p1a: Volcarona|93/100
|
|-damage|p2a: Corviknight|26/100 brn|[from] brn
|turn|51
|
|move|p1a: Volcarona|Will-O-Wisp|p2a: Corviknight
|-fail|p2a: Corviknight|brn
|move|p2a: Corviknight|U-turn|p1a: Volcarona
|-resisted|p1a: Volcarona
|-damage|p1a: Volcarona|89/100
|
|switch|p2a: Clodsire|Clodsire, M|71/100|[from] U-turn
|-damage|p2a: Clodsire|65/100|[from] Stealth Rock
|
|-heal|p2a: Clodsire|71/100|[from] item: Leftovers
|turn|52
|
|move|p1a: Volcarona|Will-O-Wisp|p2a: Clodsire|[miss]
|-miss|p1a: Volcarona|p2a: Clodsire
|move|p2a: Clodsire|Stealth Rock|p1a: Volcarona
|-sidestart|p1: p1|move: Stealth Rock
|
|-heal|p2a: Clodsire|78/100|[from] item: Leftovers
|turn|53
|
|switch|p2a: Corviknight|Corviknight, F|26/100 brn
|-damage|p2a: Corviknight|14/100 brn|[from] Stealth Rock
|-ability|p2a: Corviknight|Pressure
|move|p1a: Volcarona|Will-O-Wisp|p2a: Corviknight
|-fail|p2a: Corviknight|brn
|
|-damage|p2a: Corviknight|8/100 brn|[from] brn
|turn|54
|
|move|p1a: Volcarona|Fiery Dance|p2a: Corviknight
|-supereffective|p2a: Corviknight
|-damage|p2a: Corviknight|0 fnt
|-boost|p1a: Volcarona|spa|1
|faint|p2a: Corviknight
|
|
|switch|p2a: Clodsire|Clodsire, M|78/100
|-damage|p2a: Clodsire|71/100|[from] Stealth Rock
|turn|55
|
|move|p1a: Volcarona|Will-O-Wisp|p2a: Clodsire
|-status|p2a: Clodsire|brn
|move|p2a: Clodsire|Toxic|p1a: Volcarona
|-status|p1a: Volcarona|tox
|
|-heal|p2a: Clodsire|78/100 brn|[from] item: Leftovers
|-damage|p1a: Volcarona|83/100 tox|[from] psn
|-damage|p2a: Clodsire|71/100 brn|[from] brn
|turn|56
|
|switch|p1a: Landorus|Landorus-Therian, M|68/100 tox
|-damage|p1a: Landorus|56/100 tox|[from] Stealth Rock
|-ability|p1a: Landorus|Intimidate|boost
|-unboost|p2a: Clodsire|atk|1
|move|p2a: Clodsire|Recover|p2a: Clodsire
|-heal|p2a: Clodsire|100/100 brn
|
|-heal|p1a: Landorus|62/100 tox|[from] item: Leftovers
|-damage|p1a: Landorus|56/100 tox|[from] psn
|-damage|p2a: Clodsire|94/100 brn|[from] brn
|turn|57
|
|-terastallize|p2a: Clodsire|Dark
|move|p1a: Landorus|Taunt|p2a: Clodsire
|-start|p2a: Clodsire|move: Taunt
|cant|p2a: Clodsire|move: Taunt|Recover
|
|-heal|p1a: Landorus|62/100 tox|[from] item: Leftovers
|-heal|p2a: Clodsire|100/100 brn|[from] item: Leftovers
|-damage|p1a: Landorus|50/100 tox|[from] psn
|-damage|p2a: Clodsire|94/100 brn|[from] brn
|turn|58
|
|move|p1a: Landorus|U-turn|p2a: Clodsire
|-supereffective|p2a: Clodsire
|-damage|p2a: Clodsire|47/100 brn
|
|switch|p1a: Volcarona|Volcarona, M|83/100 tox|[from] U-turn
|move|p2a: Clodsire|Earthquake|p1a: Volcarona
|-damage|p1a: Volcarona|73/100 tox
|
|-heal|p2a: Clodsire|54/100 brn|[from] item: Leftovers
|-damage|p1a: Volcarona|67/100 tox|[from] psn
|-damage|p2a: Clodsire|47/100 brn|[from] brn
|turn|59
|
|move|p1a: Volcarona|Fiery Dance|p2a: Clodsire
|-damage|p2a: Clodsire|29/100 brn
|-boost|p1a: Volcarona|spa|1
|move|p2a: Clodsire|Earthquake|p1a: Volcarona
|-crit|p1a: Volcarona
|-damage|p1a: Volcarona|44/100 tox
|
|-heal|p2a: Clodsire|35/100 brn|[from] item: Leftovers
|-damage|p1a: Volcarona|32/100 tox|[from] psn
|-damage|p2a: Clodsire|29/100 brn|[from] brn
|-end|p2a: Clodsire|move: Taunt
|turn|60
|
|move|p1a: Volcarona|Morning Sun|p1a: Volcarona
|-heal|p1a: Volcarona|81/100 tox
|move|p2a: Clodsire|Recover|p2a: Clodsire
|-heal|p2a: Clodsire|79/100 brn
|
|-heal|p2a: Clodsire|85/100 brn|[from] item: Leftovers
|-damage|p1a: Volcarona|63/100 tox|[from] psn
|-damage|p2a: Clodsire|79/100 brn|[from] brn
|turn|61
|
|switch|p1a: Landorus|Landorus-Therian, M|50/100 tox
|-damage|p1a: Landorus|37/100 tox|[from] Stealth Rock
|-ability|p1a: Landorus|Intimidate|boost
|-unboost|p2a: Clodsire|atk|1
|move|p2a: Clodsire|Recover|p2a: Clodsire
|-heal|p2a: Clodsire|100/100 brn
|
|-heal|p1a: Landorus|43/100 tox|[from] item: Leftovers
|-damage|p1a: Landorus|37/100 tox|[from] psn
|-damage|p2a: Clodsire|94/100 brn|[from] brn
|turn|62
|
|move|p1a: Landorus|Taunt|p2a: Clodsire
|-start|p2a: Clodsire|move: Taunt
|cant|p2a: Clodsire|move: Taunt|Recover
|
|-heal|p1a: Landorus|43/100 tox|[from] item: Leftovers
|-heal|p2a: Clodsire|100/100 brn|[from] item: Leftovers
|-damage|p1a: Landorus|31/100 tox|[from] psn
|-damage|p2a: Clodsire|94/100 brn|[from] brn
|turn|63
|
|move|p1a: Landorus|Earthquake|p2a: Clodsire
|-damage|p2a: Clodsire|46/100 brn
|move|p2a: Clodsire|Earthquake|p1a: Landorus
|-immune|p1a: Landorus
|
|-heal|p1a: Landorus|37/100 tox|[from] item: Leftovers
|-heal|p2a: Clodsire|52/100 brn|[from] item: Leftovers
|-damage|p1a: Landorus|19/100 tox|[from] psn
|-damage|p2a: Clodsire|46/100 brn|[from] brn
|turn|64
|
|move|p1a: Landorus|Earthquake|p2a: Clodsire
|-damage|p2a: Clodsire|0 fnt
|faint|p2a: Clodsire
|
|win|p1
