# advantage = p2
|poke|p1|Magearna|
|poke|p1|Great Tusk|
|poke|p1|Landorus-Therian, M|
|poke|p1|Dondozo, F|
|poke|p1|Heatran, F|
|poke|p1|Kleavor, M|
|poke|p2|Magearna|
|poke|p2|Great Tusk|
|poke|p2|Landorus-Therian, M|
|poke|p2|Dondozo, M|
|poke|p2|Heatran, M|
|poke|p2|Kleavor, M|
|teampreview
|
|start
|switch|p1a: Jimmy Crickets|Kleavor, M|100/100
|switch|p2a: Kleavor|Kleavor, M|100/100
|turn|1
|
|move|p2a: Kleavor|Stone Axe|p1a: Jimmy Crickets
|-supereffective|p1a: Jimmy Crickets
|-enditem|p1a: Jimmy Crickets|Focus Sash
|-damage|p1a: Jimmy Crickets|1/100
|-sidestart|p1: p1|move: Stealth Rock
|move|p1a: Jimmy Crickets|Stone Axe|p2a: Kleavor
|-supereffective|p2a: Kleavor
|-enditem|p2a: Kleavor|Focus Sash
|-damage|p2a: Kleavor|1/100
|-sidestart|p2: p2|move: Stealth Rock
|
|turn|2
|
|move|p1a: Jimmy Crickets|Aerial Ace|p2a: Kleavor
|-damage|p2a: Kleavor|0 fnt
|faint|p2a: Kleavor
|
|
|switch|p2a: Magearna|Magearna|100/100
|-damage|p2a: Magearna|95/100|[from] Stealth Rock
|turn|3
|
|move|p1a: Jimmy Crickets|Close Combat|p2a: Magearna
|-damage|p2a: Magearna|57/100
|-unboost|p1a: Jimmy Crickets|def|1
|-unboost|p1a: Jimmy Crickets|spd|1
|move|p2a: Magearna|Shift Gear|p2a: Magearna
|-boost|p2a: Magearna|spe|2
|-boost|p2a: Magearna|atk|1
|
|turn|4
|
|move|p2a: Magearna|Draining Kiss|p1a: Jimmy Crickets
|-damage|p1a: Jimmy Crickets|0 fnt
|-heal|p2a: Magearna|58/100|[from] drain|[of] p1a: Jimmy Crickets
|faint|p1a: Jimmy Crickets
|-ability|p2a: Magearna|Soul-Heart|boost
|-boost|p2a: Magearna|spa|1
|
|
|switch|p1a: Fever|Heatran, F|100/100
|-damage|p1a: Fever|88/100|[from] Stealth Rock
|turn|5
|
|-terastallize|p2a: Magearna|Water
|move|p2a: Magearna|Calm Mind|p2a: Magearna
|-boost|p2a: Magearna|spa|1
|-boost|p2a: Magearna|spd|1
|move|p1a: Fever|Taunt|p2a: Magearna
|-start|p2a: Magearna|move: Taunt
|
|-heal|p1a: Fever|94/100|[from] item: Leftovers
|turn|6
|
|move|p2a: Magearna|Stored Power|p1a: Fever
|-resisted|p1a: Fever
|-damage|p1a: Fever|70/100
|move|p1a: Fever|Magma Storm|p2a: Magearna|[miss]
|-miss|p1a: Fever|p2a: Magearna
|
|-heal|p1a: Fever|77/100|[from] item: Leftovers
|turn|7
|
|move|p2a: Magearna|Stored Power|p1a: Fever
|-resisted|p1a: Fever
|-damage|p1a: Fever|52/100
|move|p1a: Fever|Magma Storm|p2a: Magearna
|-resisted|p2a: Magearna
|-damage|p2a: Magearna|43/100
|-activate|p2a: Magearna|move: Magma Storm|[of] p1a: Fever
|
|-heal|p1a: Fever|59/100|[from] item: Leftovers
|-damage|p2a: Magearna|31/100|[from] move: Magma Storm|[partiallytrapped]
|turn|8
|
|move|p1a: Fever|Protect|p1a: Fever
|-singleturn|p1a: Fever|Protect
|move|p2a: Magearna|Stored Power|p1a: Fever
|-activate|p1a: Fever|move: Protect
|
|-heal|p1a: Fever|65/100|[from] item: Leftovers
|-damage|p2a: Magearna|19/100|[from] move: Magma Storm|[partiallytrapped]
|-end|p2a: Magearna|move: Taunt
|turn|9
|
|move|p2a: Magearna|Stored Power|p1a: Fever
|-resisted|p1a: Fever
|-damage|p1a: Fever|41/100
|move|p1a: Fever|Magma Storm|p2a: Magearna
|-resisted|p2a: Magearna
|-damage|p2a: Magearna|5/100
|
|-heal|p1a: Fever|47/100|[from] item: Leftovers
|-damage|p2a: Magearna|0 fnt|[from] move: Magma Storm|[partiallytrapped]
|faint|p2a: Magearna
|
|switch|p2a: Great Tusk|Great Tusk|100/100
|-damage|p2a: Great Tusk|98/100|[from] Stealth Rock
|turn|10
|
|switch|p1a: Donbozo|Dondozo, F|100/100
|-damage|p1a: Donbozo|88/100|[from] Stealth Rock
|move|p2a: Great Tusk|Rapid Spin|p1a: Donbozo
|-damage|p1a: Donbozo|82/100
|-boost|p2a: Great Tusk|spe|1
|-sideend|p2: p2|Stealth Rock|[from] move: Rapid Spin|[of] p2a: Great Tusk
|
|-heal|p2a: Great Tusk|100/100|[from] item: Leftovers
|-heal|p1a: Donbozo|88/100|[from] item: Leftovers
|turn|11
|
|-end|p2a: Great Tusk|Protosynthesis|[silent]
|switch|p2a: Dondozo|Dondozo, M|100/100
|move|p1a: Donbozo|Wave Crash|p2a: Dondozo
|-resisted|p2a: Dondozo
|-damage|p2a: Dondozo|92/100
|-damage|p1a: Donbozo|85/100|[from] Recoil
|
|-heal|p1a: Donbozo|92/100|[from] item: Leftovers
|-heal|p2a: Dondozo|98/100|[from] item: Leftovers
|turn|12
|
|move|p2a: Dondozo|Curse|p2a: Dondozo
|-unboost|p2a: Dondozo|spe|1
|-boost|p2a: Dondozo|atk|1
|-boost|p2a: Dondozo|def|1
|move|p1a: Donbozo|Curse|p1a: Donbozo
|-unboost|p1a: Donbozo|spe|1
|-boost|p1a: Donbozo|atk|1
|-boost|p1a: Donbozo|def|1
|
|-heal|p1a: Donbozo|98/100|[from] item: Leftovers
|-heal|p2a: Dondozo|100/100|[from] item: Leftovers
|turn|13
|
|move|p1a: Donbozo|Curse|p1a: Donbozo
|-unboost|p1a: Donbozo|spe|1
|-boost|p1a: Donbozo|atk|1
|-boost|p1a: Donbozo|def|1
|move|p2a: Dondozo|Curse|p2a: Dondozo
|-unboost|p2a: Dondozo|spe|1
|-boost|p2a: Dondozo|atk|1
|-boost|p2a: Dondozo|def|1
|
|-heal|p1a: Donbozo|100/100|[from] item: Leftovers
|turn|14
|
|move|p2a: Dondozo|Curse|p2a: Dondozo
|-unboost|p2a: Dondozo|spe|1
|-boost|p2a: Dondozo|atk|1
|-boost|p2a: Dondozo|def|1
|move|p1a: Donbozo|Curse|p1a: Donbozo
|-unboost|p1a: Donbozo|spe|1
|-boost|p1a: Donbozo|atk|1
|-boost|p1a: Donbozo|def|1
|
|turn|15
|
|move|p1a: Donbozo|Curse|p1a: Donbozo
|-unboost|p1a: Donbozo|spe|1
|-boost|p1a: Donbozo|atk|1
|-boost|p1a: Donbozo|def|1
|move|p2a: Dondozo|Curse|p2a: Dondozo
|-unboost|p2a: Dondozo|spe|1
|-boost|p2a: Dondozo|atk|1
|-boost|p2a: Dondozo|def|1
|
|turn|16
|
|move|p1a: Donbozo|Curse|p1a: Donbozo
|-unboost|p1a: Donbozo|spe|1
|-boost|p1a: Donbozo|atk|1
|-boost|p1a: Donbozo|def|1
|move|p2a: Dondozo|Curse|p2a: Dondozo
|-unboost|p2a: Dondozo|spe|1
|-boost|p2a: Dondozo|atk|1
|-boost|p2a: Dondozo|def|1
|
|turn|17
|
|move|p1a: Donbozo|Curse|p1a: Donbozo
|-unboost|p1a: Donbozo|spe|1
|-boost|p1a: Donbozo|atk|1
|-boost|p1a: Donbozo|def|1
|move|p2a: Dondozo|Curse|p2a: Dondozo
|-unboost|p2a: Dondozo|spe|1
|-boost|p2a: Dondozo|atk|1
|-boost|p2a: Dondozo|def|1
|
|turn|18
|
|move|p1a: Donbozo|Wave Crash|p2a: Dondozo
|-resisted|p2a: Dondozo
|-damage|p2a: Dondozo|91/100
|-damage|p1a: Donbozo|97/100|[from] Recoil
|move|p2a: Dondozo|Curse|p2a: Dondozo
|
|-heal|p1a: Donbozo|100/100|[from] item: Leftovers
|-heal|p2a: Dondozo|97/100|[from] item: Leftovers
|turn|19
|
|move|p1a: Donbozo|Wave Crash|p2a: Dondozo
|-resisted|p2a: Dondozo
|-damage|p2a: Dondozo|89/100
|-damage|p1a: Donbozo|98/100|[from] Recoil
|move|p2a: Dondozo|Rest|p2a: Dondozo
|-status|p2a: Dondozo|slp|[from] move: Rest
|-heal|p2a: Dondozo|100/100 slp|[silent]
|
|-heal|p1a: Donbozo|100/100|[from] item: Leftovers
|turn|20
|
|move|p1a: Donbozo|Curse|p1a: Donbozo
|cant|p2a: Dondozo|slp
|move|p2a: Dondozo|Sleep Talk|p2a: Dondozo
|move|p2a: Dondozo|Rest||[from]move: Sleep Talk|[still]
|-fail|p2a: Dondozo
|
|turn|21
|
|move|p1a: Donbozo|Curse|p1a: Donbozo
|cant|p2a: Dondozo|slp
|
|turn|22
|
|move|p1a: Donbozo|Curse|p1a: Donbozo
|-curestatus|p2a: Dondozo|slp|[msg]
|move|p2a: Dondozo|Curse|p2a: Dondozo
|
|turn|23
|
|move|p2a: Dondozo|Curse|p2a: Dondozo
|move|p1a: Donbozo|Curse|p1a: Donbozo
|
|turn|24
|
|move|p1a: Donbozo|Rest|p1a: Donbozo
|-fail|p1a: Donbozo|heal
|move|p2a: Dondozo|Curse|p2a: Dondozo
|
|turn|25
|
|move|p1a: Donbozo|Curse|p1a: Donbozo
|move|p2a: Dondozo|Curse|p2a: Dondozo
|
|turn|26
|
|move|p1a: Donbozo|Wave Crash|p2a: Dondozo
|-resisted|p2a: Dondozo
|-damage|p2a: Dondozo|92/100
|-damage|p1a: Donbozo|98/100|[from] Recoil
|move|p2a: Dondozo|Curse|p2a: Dondozo
|
|-heal|p2a: Dondozo|98/100|[from] item: Leftovers
|-heal|p1a: Donbozo|100/100|[from] item: Leftovers
|turn|27
|
|move|p2a: Dondozo|Rest|p2a: Dondozo
|-status|p2a: Dondozo|slp|[from] move: Rest
|-heal|p2a: Dondozo|100/100 slp|[silent]
|move|p1a: Donbozo|Curse|p1a: Donbozo
|
|turn|28
|
|switch|p1a: Fever|Heatran, F|47/100
|-damage|p1a: Fever|35/100|[from] Stealth Rock
|cant|p2a: Dondozo|slp
|
|-heal|p1a: Fever|41/100|[from] item: Leftovers
|turn|29
|
|move|p1a: Fever|Magma Storm|p2a: Dondozo|[miss]
|-miss|p1a: Fever|p2a: Dondozo
|cant|p2a: Dondozo|slp
|
|-heal|p1a: Fever|47/100|[from] item: Leftovers
|turn|30
|-message|p1 forfeited.
|
|win|p2
|n|☆p1|statboost
|n|☆p2|p2
|n| chillarmy|chillarmy
|player|p1|p1|2
