|poke|p1|Typhlosion-Hisui, F|
|poke|p1|Goodra-Hisui, M|
|poke|p1|Sneasler, M|
|poke|p1|Cresselia, F|
|poke|p1|Walking Wake|
|poke|p1|Tsareena, F|
|poke|p2|Toxapex, M|
|poke|p2|Clodsire, M|
|poke|p2|Corviknight, F|
|poke|p2|Garganacl, F|
|poke|p2|Amoonguss, F|
|poke|p2|Skeledirge, F|
|teampreview
|
|start
|switch|p1a: Goodra|Goodra-Hisui, M|100/100
|switch|p2a: Clodsire|Clodsire, M|100/100
|turn|1
|
|move|p1a: Goodra|Chilling Water|p2a: Clodsire
|-supereffective|p2a: Clodsire
|-damage|p2a: Clodsire|86/100
|-unboost|p2a: Clodsire|atk|1
|move|p2a: Clodsire|Stealth Rock|p1a: Goodra
|-sidestart|p1: SoaringSkies20102|move: Stealth Rock
|
|turn|2
|
|move|p1a: Goodra|Draco Meteor|p2a: Clodsire
|-damage|p2a: Clodsire|60/100
|-unboost|p1a: Goodra|spa|2
|move|p2a: Clodsire|Toxic|p1a: Goodra
|-immune|p1a: Goodra
|
|turn|3
|
|move|p1a: Goodra|Chilling Water|p2a: Clodsire
|-supereffective|p2a: Clodsire
|-damage|p2a: Clodsire|47/100
|-unboost|p2a: Clodsire|atk|1
|move|p2a: Clodsire|Recover|p2a: Clodsire
|-heal|p2a: Clodsire|97/100
|
|turn|4
|
|switch|p2a: Corviknight|Corviknight, F|100/100
|-ability|p2a: Corviknight|Pressure
|move|p1a: Goodra|Chilling Water|p2a: Corviknight
|-damage|p2a: Corviknight|94/100
|-unboost|p2a: Corviknight|atk|1
|
|turn|5
|
|move|p2a: Corviknight|Body Press|p1a: Goodra
|-supereffective|p1a: Goodra
|-damage|p1a: Goodra|66/100
|move|p1a: Goodra|Thunderbolt|p2a: Corviknight
|-supereffective|p2a: Corviknight
|-damage|p2a: Corviknight|72/100
|-status|p2a: Corviknight|par
|
|turn|6
|
|switch|p1a: Tsareena|Tsareena, F|100/100
|-damage|p1a: Tsareena|88/100|[from] Stealth Rock
|move|p2a: Corviknight|Roost|p2a: Corviknight
|-heal|p2a: Corviknight|100/100 par
|-singleturn|p2a: Corviknight|move: Roost
|
|-heal|p1a: Tsareena|94/100|[from] item: Leftovers
|turn|7
|
|move|p1a: Tsareena|Rapid Spin|p2a: Corviknight
|-resisted|p2a: Corviknight
|-damage|p2a: Corviknight|96/100 par
|-boost|p1a: Tsareena|spe|1
|-sideend|p1: SoaringSkies20102|Stealth Rock|[from] move: Rapid Spin|[of] p1a: Tsareena
|move|p2a: Corviknight|Brave Bird|p1a: Tsareena
|-supereffective|p1a: Tsareena
|-damage|p1a: Tsareena|44/100
|-damage|p2a: Corviknight|82/100 par|[from] Recoil
|
|-heal|p1a: Tsareena|50/100|[from] item: Leftovers
|turn|8
|
|move|p1a: Tsareena|U-turn|p2a: Corviknight
|-resisted|p2a: Corviknight
|-damage|p2a: Corviknight|79/100 par
|
|switch|p1a: Typhlosion|Typhlosion-Hisui, F|100/100|[from] U-turn
|cant|p2a: Corviknight|par
|
|turn|9
|player|p2|
|player|p2|Elenachachoudou|psychicf
|
|switch|p2a: Toxapex|Toxapex, M|100/100
|move|p1a: Typhlosion|Shadow Ball|p2a: Toxapex
|-damage|p2a: Toxapex|53/100
|
|turn|10
|
|switch|p1a: Tsareena|Tsareena, F|50/100
|switch|p2a: Clodsire|Clodsire, M|97/100
|
|-heal|p1a: Tsareena|56/100|[from] item: Leftovers
|turn|11
|
|move|p1a: Tsareena|Synthesis|p1a: Tsareena
|-heal|p1a: Tsareena|100/100
|move|p2a: Clodsire|Toxic|p1a: Tsareena
|-status|p1a: Tsareena|tox
|
|-damage|p1a: Tsareena|94/100 tox|[from] psn
|turn|12
|
|move|p1a: Tsareena|U-turn|p2a: Clodsire
|-resisted|p2a: Clodsire
|-damage|p2a: Clodsire|87/100
|
|switch|p1a: Walking Wake|Walking Wake|100/100|[from] U-turn
|-enditem|p1a: Walking Wake|Booster Energy
|-activate|p1a: Walking Wake|ability: Protosynthesis|[fromitem]
|-start|p1a: Walking Wake|protosynthesisspe
|move|p2a: Clodsire|Stealth Rock|p1a: Walking Wake
|-sidestart|p1: SoaringSkies20102|move: Stealth Rock
|
|turn|13
|
|move|p1a: Walking Wake|Sunny Day|p1a: Walking Wake
|-weather|SunnyDay
|move|p2a: Clodsire|Toxic|p1a: Walking Wake
|-status|p1a: Walking Wake|tox
|
|-weather|SunnyDay|[upkeep]
|-damage|p1a: Walking Wake|94/100 tox|[from] psn
|turn|14
|
|switch|p2a: Toxapex|Toxapex, M|86/100
|move|p1a: Walking Wake|Dragon Pulse|p2a: Toxapex
|-damage|p2a: Toxapex|54/100
|
|-weather|SunnyDay|[upkeep]
|-damage|p1a: Walking Wake|82/100 tox|[from] psn
|turn|15
|
|switch|p2a: Clodsire|Clodsire, M|87/100
|move|p1a: Walking Wake|Dragon Pulse|p2a: Clodsire
|-damage|p2a: Clodsire|63/100
|
|-weather|SunnyDay|[upkeep]
|-damage|p1a: Walking Wake|63/100 tox|[from] psn
|turn|16
|
|-end|p1a: Walking Wake|Protosynthesis|[silent]
|switch|p1a: Tsareena|Tsareena, F|94/100 tox
|-damage|p1a: Tsareena|82/100 tox|[from] Stealth Rock
|-terastallize|p2a: Clodsire|Fairy
|move|p2a: Clodsire|Recover|p2a: Clodsire
|-heal|p2a: Clodsire|100/100
|
|-weather|SunnyDay|[upkeep]
|-heal|p1a: Tsareena|88/100 tox|[from] item: Leftovers
|-damage|p1a: Tsareena|82/100 tox|[from] psn
|turn|17
|
|move|p1a: Tsareena|Rapid Spin|p2a: Clodsire
|-damage|p2a: Clodsire|85/100
|-boost|p1a: Tsareena|spe|1
|-sideend|p1: SoaringSkies20102|Stealth Rock|[from] move: Rapid Spin|[of] p1a: Tsareena
|move|p2a: Clodsire|Earthquake|p1a: Tsareena
|-resisted|p1a: Tsareena
|-damage|p1a: Tsareena|67/100 tox
|
|-weather|none
|-heal|p1a: Tsareena|73/100 tox|[from] item: Leftovers
|-damage|p1a: Tsareena|61/100 tox|[from] psn
|turn|18
|
|move|p1a: Tsareena|U-turn|p2a: Clodsire
|-resisted|p2a: Clodsire
|-damage|p2a: Clodsire|74/100
|
|switch|p1a: Sneasler|Sneasler, M|100/100|[from] U-turn
|move|p2a: Clodsire|Stealth Rock|p1a: Sneasler
|-sidestart|p1: SoaringSkies20102|move: Stealth Rock
|
|turn|19
|
|switch|p2a: Corviknight|Corviknight, F|79/100 par
|-ability|p2a: Corviknight|Pressure
|move|p1a: Sneasler|Hone Claws|p1a: Sneasler
|-boost|p1a: Sneasler|atk|1
|-boost|p1a: Sneasler|accuracy|1
|
|turn|20
|
|-terastallize|p1a: Sneasler|Flying
|move|p1a: Sneasler|Hone Claws|p1a: Sneasler
|-boost|p1a: Sneasler|atk|1
|-boost|p1a: Sneasler|accuracy|1
|move|p2a: Corviknight|Brave Bird|p1a: Sneasler
|-damage|p1a: Sneasler|33/100
|-damage|p2a: Corviknight|62/100 par|[from] Recoil
|
|turn|21
|
|move|p1a: Sneasler|Close Combat|p2a: Corviknight
|-damage|p2a: Corviknight|0 fnt
|-unboost|p1a: Sneasler|def|1
|-unboost|p1a: Sneasler|spd|1
|-enditem|p1a: Sneasler|White Herb
|-clearnegativeboost|p1a: Sneasler|[silent]
|faint|p2a: Corviknight
|
|
|switch|p2a: Skeledirge|Skeledirge, F|100/100
|turn|22
|
|move|p1a: Sneasler|Acrobatics|p2a: Skeledirge
|-damage|p2a: Skeledirge|52/100
|move|p2a: Skeledirge|Will-O-Wisp|p1a: Sneasler
|-status|p1a: Sneasler|brn
|
|-damage|p1a: Sneasler|27/100 brn|[from] brn
|turn|23
|
|move|p1a: Sneasler|Gunk Shot|p2a: Skeledirge
|-resisted|p2a: Skeledirge
|-damage|p2a: Skeledirge|38/100
|-status|p2a: Skeledirge|psn
|move|p2a: Skeledirge|Slack Off|p2a: Skeledirge
|-heal|p2a: Skeledirge|88/100 psn
|
|-damage|p2a: Skeledirge|75/100 psn|[from] psn
|-damage|p1a: Sneasler|21/100 brn|[from] brn
|turn|24
|
|move|p1a: Sneasler|Acrobatics|p2a: Skeledirge
|-damage|p2a: Skeledirge|51/100 psn
|move|p2a: Skeledirge|Hex|p1a: Sneasler
|-crit|p1a: Sneasler
|-damage|p1a: Sneasler|0 fnt
|faint|p1a: Sneasler
|
|-damage|p2a: Skeledirge|39/100 psn|[from] psn
|
|switch|p1a: Walking Wake|Walking Wake|63/100 tox
|-damage|p1a: Walking Wake|51/100 tox|[from] Stealth Rock
|turn|25
|
|switch|p2a: Clodsire|Clodsire, M, tera:Fairy|74/100
|move|p1a: Walking Wake|Hydro Steam|p2a: Clodsire
|-damage|p2a: Clodsire|53/100
|
|-damage|p1a: Walking Wake|45/100 tox|[from] psn
|turn|26
|
|move|p1a: Walking Wake|Sunny Day|p1a: Walking Wake
|-weather|SunnyDay
|-activate|p1a: Walking Wake|ability: Protosynthesis
|-start|p1a: Walking Wake|protosynthesisspe
|move|p2a: Clodsire|Recover|p2a: Clodsire
|-heal|p2a: Clodsire|100/100
|
|-weather|SunnyDay|[upkeep]
|-damage|p1a: Walking Wake|32/100 tox|[from] psn
|turn|27
|
|switch|p2a: Toxapex|Toxapex, M|87/100
|move|p1a: Walking Wake|Hydro Steam|p2a: Toxapex
|-resisted|p2a: Toxapex
|-damage|p2a: Toxapex|64/100
|
|-weather|SunnyDay|[upkeep]
|-damage|p1a: Walking Wake|14/100 tox|[from] psn
|turn|28
|
|switch|p2a: Amoonguss|Amoonguss, F|100/100
|move|p1a: Walking Wake|Dragon Pulse|p2a: Amoonguss
|-damage|p2a: Amoonguss|64/100
|
|-weather|SunnyDay|[upkeep]
|-damage|p1a: Walking Wake|0 fnt|[from] psn
|faint|p1a: Walking Wake
|-end|p1a: Walking Wake|Protosynthesis|[silent]
|
|switch|p1a: Typhlosion|Typhlosion-Hisui, F|100/100
|-damage|p1a: Typhlosion|76/100|[from] Stealth Rock
|turn|29
|
|switch|p2a: Toxapex|Toxapex, M|97/100
|move|p1a: Typhlosion|Eruption|p2a: Toxapex
|-resisted|p2a: Toxapex
|-damage|p2a: Toxapex|48/100
|
|-weather|SunnyDay|[upkeep]
|turn|30
|
|switch|p2a: Clodsire|Clodsire, M, tera:Fairy|100/100
|move|p1a: Typhlosion|Eruption|p2a: Clodsire
|-damage|p2a: Clodsire|35/100
|
|-weather|none
|turn|31
|
|switch|p2a: Toxapex|Toxapex, M|81/100
|move|p1a: Typhlosion|Eruption|p2a: Toxapex
|-resisted|p2a: Toxapex
|-damage|p2a: Toxapex|50/100
|
|turn|32
|
|switch|p1a: Goodra|Goodra-Hisui, M|66/100
|-damage|p1a: Goodra|60/100|[from] Stealth Rock
|move|p2a: Toxapex|Toxic|p1a: Goodra
|-immune|p1a: Goodra
|
|turn|33
|
|move|p1a: Goodra|Thunderbolt|p2a: Toxapex
|-supereffective|p2a: Toxapex
|-damage|p2a: Toxapex|16/100
|move|p2a: Toxapex|Recover|p2a: Toxapex
|-heal|p2a: Toxapex|66/100
|
|turn|34
|
|switch|p2a: Clodsire|Clodsire, M, tera:Fairy|35/100
|move|p1a: Goodra|Thunderbolt|p2a: Clodsire
|-damage|p2a: Clodsire|24/100
|
|turn|35
|
|move|p1a: Goodra|Fire Blast|p2a: Clodsire|[miss]
|-miss|p1a: Goodra|p2a: Clodsire
|move|p2a: Clodsire|Recover|p2a: Clodsire
|-heal|p2a: Clodsire|74/100
|
|turn|36
|
|switch|p2a: Amoonguss|Amoonguss, F|97/100
|move|p1a: Goodra|Chilling Water|p2a: Amoonguss
|-resisted|p2a: Amoonguss
|-damage|p2a: Amoonguss|92/100
|-unboost|p2a: Amoonguss|atk|1
|
|turn|37
|
|move|p1a: Goodra|Fire Blast|p2a: Amoonguss
|-supereffective|p2a: Amoonguss
|-damage|p2a: Amoonguss|44/100
|move|p2a: Amoonguss|Spore|p1a: Goodra
|-ability|p1a: Goodra|Sap Sipper|boost
|-boost|p1a: Goodra|atk|1
|
|turn|38
|
|switch|p2a: Clodsire|Clodsire, M, tera:Fairy|74/100
|move|p1a: Goodra|Thunderbolt|p2a: Clodsire
|-damage|p2a: Clodsire|63/100
|
|turn|39
|
|move|p1a: Goodra|Chilling Water|p2a: Clodsire
|-damage|p2a: Clodsire|56/100
|-unboost|p2a: Clodsire|atk|1
|move|p2a: Clodsire|Earthquake|p1a: Goodra
|-supereffective|p1a: Goodra
|-damage|p1a: Goodra|33/100
|
|turn|40
|
|move|p1a: Goodra|Fire Blast|p2a: Clodsire
|-damage|p2a: Clodsire|41/100
|move|p2a: Clodsire|Recover|p2a: Clodsire
|-heal|p2a: Clodsire|91/100
|
|turn|41
|
|move|p1a: Goodra|Chilling Water|p2a: Clodsire
|-damage|p2a: Clodsire|85/100
|-unboost|p2a: Clodsire|atk|1
|move|p2a: Clodsire|Earthquake|p1a: Goodra
|-supereffective|p1a: Goodra
|-damage|p1a: Goodra|13/100
|
|turn|42
|
|move|p1a: Goodra|Fire Blast|p2a: Clodsire
|-crit|p2a: Clodsire
|-damage|p2a: Clodsire|63/100
|move|p2a: Clodsire|Earthquake|p1a: Goodra
|-supereffective|p1a: Goodra
|-damage|p1a: Goodra|0 fnt
|faint|p1a: Goodra
|
|
|switch|p1a: Tsareena|Tsareena, F|61/100 tox
|-damage|p1a: Tsareena|49/100 tox|[from] Stealth Rock
|turn|43
|
|move|p1a: Tsareena|Rapid Spin|p2a: Clodsire
|-damage|p2a: Clodsire|48/100
|-boost|p1a: Tsareena|spe|1
|-sideend|p1: SoaringSkies20102|Stealth Rock|[from] move: Rapid Spin|[of] p1a: Tsareena
|move|p2a: Clodsire|Recover|p2a: Clodsire
|-heal|p2a: Clodsire|98/100
|
|-heal|p1a: Tsareena|55/100 tox|[from] item: Leftovers
|-damage|p1a: Tsareena|49/100 tox|[from] psn
|turn|44
|
|move|p1a: Tsareena|Synthesis|p1a: Tsareena
|-heal|p1a: Tsareena|99/100 tox
|move|p2a: Clodsire|Stealth Rock|p1a: Tsareena
|-sidestart|p1: SoaringSkies20102|move: Stealth Rock
|
|-heal|p1a: Tsareena|100/100 tox|[from] item: Leftovers
|-damage|p1a: Tsareena|88/100 tox|[from] psn
|turn|45
|
|switch|p2a: Skeledirge|Skeledirge, F|39/100 psn
|move|p1a: Tsareena|U-turn|p2a: Skeledirge
|-resisted|p2a: Skeledirge
|-damage|p2a: Skeledirge|35/100 psn
|
|switch|p1a: Typhlosion|Typhlosion-Hisui, F|76/100|[from] U-turn
|-damage|p1a: Typhlosion|51/100|[from] Stealth Rock
|
|-damage|p2a: Skeledirge|23/100 psn|[from] psn
|turn|46
|
|switch|p2a: Clodsire|Clodsire, M, tera:Fairy|98/100
|move|p1a: Typhlosion|Shadow Ball|p2a: Clodsire
|-damage|p2a: Clodsire|69/100
|
|turn|47
|
|move|p1a: Typhlosion|Shadow Ball|p2a: Clodsire
|-damage|p2a: Clodsire|35/100
|move|p2a: Clodsire|Earthquake|p1a: Typhlosion
|-supereffective|p1a: Typhlosion
|-damage|p1a: Typhlosion|0 fnt
|faint|p1a: Typhlosion
|
|
|switch|p1a: Cresselia|Cresselia, F|100/100
|-damage|p1a: Cresselia|88/100|[from] Stealth Rock
|turn|48
|
|switch|p2a: Garganacl|Garganacl, F|100/100
|move|p1a: Cresselia|Calm Mind|p1a: Cresselia
|-boost|p1a: Cresselia|spa|1
|-boost|p1a: Cresselia|spd|1
|
|-heal|p1a: Cresselia|94/100|[from] item: Leftovers
|turn|49
|
|move|p1a: Cresselia|Calm Mind|p1a: Cresselia
|-boost|p1a: Cresselia|spa|1
|-boost|p1a: Cresselia|spd|1
|move|p2a: Garganacl|Salt Cure|p1a: Cresselia
|-damage|p1a: Cresselia|87/100
|-start|p1a: Cresselia|Salt Cure
|
|-heal|p1a: Cresselia|93/100|[from] item: Leftovers
|-damage|p1a: Cresselia|80/100|[from] Salt Cure
|turn|50
|
|switch|p2a: Clodsire|Clodsire, M, tera:Fairy|35/100
|move|p1a: Cresselia|Calm Mind|p1a: Cresselia
|-boost|p1a: Cresselia|spa|1
|-boost|p1a: Cresselia|spd|1
|
|-heal|p1a: Cresselia|86/100|[from] item: Leftovers
|-damage|p1a: Cresselia|74/100|[from] Salt Cure
|turn|51
|
|move|p1a: Cresselia|Stored Power|p2a: Clodsire
|-damage|p2a: Clodsire|15/100
|move|p2a: Clodsire|Recover|p2a: Clodsire
|-heal|p2a: Clodsire|65/100
|
|-heal|p1a: Cresselia|80/100|[from] item: Leftovers
|-damage|p1a: Cresselia|68/100|[from] Salt Cure
|turn|52
|
|move|p1a: Cresselia|Lunar Blessing|p1a: Cresselia
|-heal|p1a: Cresselia|93/100
|move|p2a: Clodsire|Toxic|p1a: Cresselia|[miss]
|-miss|p2a: Clodsire|p1a: Cresselia
|
|-heal|p1a: Cresselia|99/100|[from] item: Leftovers
|-damage|p1a: Cresselia|86/100|[from] Salt Cure
|turn|53
|
|move|p1a: Cresselia|Calm Mind|p1a: Cresselia
|-boost|p1a: Cresselia|spa|1
|-boost|p1a: Cresselia|spd|1
|move|p2a: Clodsire|Toxic|p1a: Cresselia
|-status|p1a: Cresselia|tox
|
|-heal|p1a: Cresselia|92/100 tox|[from] item: Leftovers
|-damage|p1a: Cresselia|86/100 tox|[from] psn
|-damage|p1a: Cresselia|74/100 tox|[from] Salt Cure
|turn|54
|
|move|p1a: Cresselia|Lunar Blessing|p1a: Cresselia
|-heal|p1a: Cresselia|99/100 tox
|-curestatus|p1a: Cresselia|tox|[msg]
|move|p2a: Clodsire|Recover|p2a: Clodsire
|-heal|p2a: Clodsire|100/100
|
|-heal|p1a: Cresselia|100/100|[from] item: Leftovers
|-damage|p1a: Cresselia|88/100|[from] Salt Cure
|turn|55
|
|move|p1a: Cresselia|Calm Mind|p1a: Cresselia
|-boost|p1a: Cresselia|spa|1
|-boost|p1a: Cresselia|spd|1
|move|p2a: Clodsire|Toxic|p1a: Cresselia
|-status|p1a: Cresselia|tox
|
|-heal|p1a: Cresselia|94/100 tox|[from] item: Leftovers
|-damage|p1a: Cresselia|88/100 tox|[from] psn
|-damage|p1a: Cresselia|76/100 tox|[from] Salt Cure
|turn|56
|
|move|p1a: Cresselia|Calm Mind|p1a: Cresselia
|-boost|p1a: Cresselia|spa|1
|-boost|p1a: Cresselia|spd|1
|move|p2a: Clodsire|Earthquake|p1a: Cresselia
|-immune|p1a: Cresselia|[from] ability: Levitate
|
|-heal|p1a: Cresselia|82/100 tox|[from] item: Leftovers
|-damage|p1a: Cresselia|70/100 tox|[from] psn
|-damage|p1a: Cresselia|57/100 tox|[from] Salt Cure
|turn|57
|
|switch|p2a: Skeledirge|Skeledirge, F|23/100 psn
|move|p1a: Cresselia|Lunar Blessing|p1a: Cresselia
|-heal|p1a: Cresselia|82/100 tox
|-curestatus|p1a: Cresselia|tox|[msg]
|
|-heal|p1a: Cresselia|88/100|[from] item: Leftovers
|-damage|p2a: Skeledirge|10/100 psn|[from] psn
|-damage|p1a: Cresselia|76/100|[from] Salt Cure
|turn|58
|
|move|p1a: Cresselia|Stored Power|p2a: Skeledirge
|-damage|p2a: Skeledirge|0 fnt
|faint|p2a: Skeledirge
|
|-heal|p1a: Cresselia|82/100|[from] item: Leftovers
|-damage|p1a: Cresselia|70/100|[from] Salt Cure
|
|switch|p2a: Toxapex|Toxapex, M|99/100
|turn|59
|
|move|p1a: Cresselia|Stored Power|p2a: Toxapex
|-supereffective|p2a: Toxapex
|-damage|p2a: Toxapex|0 fnt
|faint|p2a: Toxapex
|
|-heal|p1a: Cresselia|76/100|[from] item: Leftovers
|-damage|p1a: Cresselia|63/100|[from] Salt Cure
|
|switch|p2a: Clodsire|Clodsire, M, tera:Fairy|100/100
|turn|60
|
|move|p1a: Cresselia|Stored Power|p2a: Clodsire
|-crit|p2a: Clodsire
|-damage|p2a: Clodsire|49/100
|move|p2a: Clodsire|Toxic|p1a: Cresselia
|-status|p1a: Cresselia|tox
|
|-heal|p1a: Cresselia|69/100 tox|[from] item: Leftovers
|-damage|p1a: Cresselia|63/100 tox|[from] psn
|-damage|p1a: Cresselia|51/100 tox|[from] Salt Cure
|turn|61
|
|move|p1a: Cresselia|Lunar Blessing|p1a: Cresselia
|-heal|p1a: Cresselia|76/100 tox
|-curestatus|p1a: Cresselia|tox|[msg]
|move|p2a: Clodsire|Stealth Rock||[still]
|-fail|p2a: Clodsire
|
|-heal|p1a: Cresselia|82/100|[from] item: Leftovers
|-damage|p1a: Cresselia|70/100|[from] Salt Cure
|turn|62
|
|move|p1a: Cresselia|Lunar Blessing|p1a: Cresselia
|-heal|p1a: Cresselia|95/100
|move|p2a: Clodsire|Toxic|p1a: Cresselia
|-status|p1a: Cresselia|tox
|
|-heal|p1a: Cresselia|100/100 tox|[from] item: Leftovers
|-damage|p1a: Cresselia|94/100 tox|[from] psn
|-damage|p1a: Cresselia|82/100 tox|[from] Salt Cure
|turn|63
|
|move|p1a: Cresselia|Stored Power|p2a: Clodsire
|-damage|p2a: Clodsire|9/100
|move|p2a: Clodsire|Toxic|p1a: Cresselia
|-fail|p1a: Cresselia|tox
|
|-heal|p1a: Cresselia|88/100 tox|[from] item: Leftovers
|-damage|p1a: Cresselia|76/100 tox|[from] psn
|-damage|p1a: Cresselia|64/100 tox|[from] Salt Cure
|turn|64
|
|switch|p2a: Garganacl|Garganacl, F|100/100
|move|p1a: Cresselia|Lunar Blessing|p1a: Cresselia
|-heal|p1a: Cresselia|89/100 tox
|-curestatus|p1a: Cresselia|tox|[msg]
|
|-heal|p1a: Cresselia|95/100|[from] item: Leftovers
|-damage|p1a: Cresselia|82/100|[from] Salt Cure
|turn|65
|
|move|p2a: Garganacl|Protect|p2a: Garganacl
|-singleturn|p2a: Garganacl|Protect
|move|p1a: Cresselia|Stored Power|p2a: Garganacl
|-activate|p2a: Garganacl|move: Protect
|
|-heal|p1a: Cresselia|88/100|[from] item: Leftovers
|-damage|p1a: Cresselia|76/100|[from] Salt Cure
|turn|66
|
|move|p1a: Cresselia|Stored Power|p2a: Garganacl
|-damage|p2a: Garganacl|0 fnt
|faint|p2a: Garganacl
|
|-heal|p1a: Cresselia|82/100|[from] item: Leftovers
|-damage|p1a: Cresselia|70/100|[from] Salt Cure
|
|switch|p2a: Amoonguss|Amoonguss, F|77/100
|turn|67
|
|move|p1a: Cresselia|Stored Power|p2a: Amoonguss
|-supereffective|p2a: Amoonguss
|-damage|p2a: Amoonguss|0 fnt
|faint|p2a: Amoonguss
|
|-heal|p1a: Cresselia|76/100|[from] item: Leftovers
|-damage|p1a: Cresselia|63/100|[from] Salt Cure
|
|switch|p2a: Clodsire|Clodsire, M, tera:Fairy|9/100
|turn|68
|
|move|p1a: Cresselia|Stored Power|p2a: Clodsire
|-damage|p2a: Clodsire|0 fnt
|faint|p2a: Clodsire
|
|win|SoaringSkies20102
|player|p2|Elenachachoudou|psychicf
|player|p2|
