|poke|p1|Iron Treads|
|poke|p1|Amoonguss, F|
|poke|p1|Quaquaval, M|
|poke|p1|Tyranitar, M|
|poke|p1|Gholdengo|
|poke|p1|Chien-Pao|
|poke|p2|Torkoal, M|
|poke|p2|Walking Wake|
|poke|p2|Klefki, F|
|poke|p2|Lilligant-Hisui, F|
|poke|p2|Glimmora, M|
|poke|p2|Great Tusk|
|teampreview
|
|start
|switch|p1a: Quaquaval|Quaquaval, M|100/100
|switch|p2a: Torkoal|Torkoal, M|100/100
|-weather|SunnyDay|[from] ability: Drought|[of] p2a: Torkoal
|turn|1
|
|move|p1a: Quaquaval|Bulk Up|p1a: Quaquaval
|-boost|p1a: Quaquaval|atk|1
|-boost|p1a: Quaquaval|def|1
|move|p2a: Torkoal|Will-O-Wisp|p1a: Quaquaval
|-status|p1a: Quaquaval|brn
|
|-weather|SunnyDay|[upkeep]
|-damage|p1a: Quaquaval|94/100 brn|[from] brn
|turn|2
|
|switch|p2a: Glimmora|Glimmora, M|100/100
|move|p1a: Quaquaval|Bulk Up|p1a: Quaquaval
|-boost|p1a: Quaquaval|atk|1
|-boost|p1a: Quaquaval|def|1
|
|-weather|SunnyDay|[upkeep]
|-damage|p1a: Quaquaval|88/100 brn|[from] brn
|turn|3
|
|move|p2a: Glimmora|Spikes|p1a: Quaquaval
|-sidestart|p1: p1|Spikes
|move|p1a: Quaquaval|Bulk Up|p1a: Quaquaval
|-boost|p1a: Quaquaval|atk|1
|-boost|p1a: Quaquaval|def|1
|
|-weather|SunnyDay|[upkeep]
|-damage|p1a: Quaquaval|82/100 brn|[from] brn
|turn|4
|
|move|p2a: Glimmora|Spikes|p1a: Quaquaval
|-sidestart|p1: p1|Spikes
|move|p1a: Quaquaval|Bulk Up|p1a: Quaquaval
|-boost|p1a: Quaquaval|atk|1
|-boost|p1a: Quaquaval|def|1
|
|-weather|SunnyDay|[upkeep]
|-damage|p1a: Quaquaval|76/100 brn|[from] brn
|turn|5
|
|move|p2a: Glimmora|Spikes|p1a: Quaquaval
|-sidestart|p1: p1|Spikes
|move|p1a: Quaquaval|Bulk Up|p1a: Quaquaval
|-boost|p1a: Quaquaval|atk|1
|-boost|p1a: Quaquaval|def|1
|
|-weather|SunnyDay|[upkeep]
|-damage|p1a: Quaquaval|69/100 brn|[from] brn
|turn|6
|
|move|p2a: Glimmora|Energy Ball|p1a: Quaquaval
|-supereffective|p1a: Quaquaval
|-damage|p1a: Quaquaval|0 fnt
|faint|p1a: Quaquaval
|
|-weather|SunnyDay|[upkeep]
|
|switch|p1a: Iron Treads|Iron Treads|100/100
|-damage|p1a: Iron Treads|75/100|[from] Spikes
|turn|7
|
|move|p2a: Glimmora|Energy Ball|p1a: Iron Treads
|-damage|p1a: Iron Treads|38/100
|move|p1a: Iron Treads|Rapid Spin|p2a: Glimmora
|-resisted|p2a: Glimmora
|-damage|p2a: Glimmora|93/100
|-boost|p1a: Iron Treads|spe|1
|-activate|p2a: Glimmora|ability: Toxic Debris
|-sidestart|p1: p1|move: Toxic Spikes
|-sideend|p1: p1|Spikes|[from] move: Rapid Spin|[of] p1a: Iron Treads
|-sideend|p1: p1|Toxic Spikes|[from] move: Rapid Spin|[of] p1a: Iron Treads
|
|-weather|SunnyDay|[upkeep]
|-heal|p1a: Iron Treads|44/100|[from] item: Leftovers
|turn|8
|
|move|p1a: Iron Treads|Earthquake|p2a: Glimmora
|-supereffective|p2a: Glimmora
|-damage|p2a: Glimmora|0 fnt
|-activate|p2a: Glimmora|ability: Toxic Debris
|-sidestart|p1: p1|move: Toxic Spikes
|faint|p2a: Glimmora
|
|-weather|none
|-heal|p1a: Iron Treads|50/100|[from] item: Leftovers
|
|switch|p2a: Klefki|Klefki, F|100/100
|turn|9
|
|move|p2a: Klefki|Magnet Rise|p2a: Klefki
|-start|p2a: Klefki|Magnet Rise
|move|p1a: Iron Treads|Earthquake|p2a: Klefki
|-immune|p2a: Klefki
|
|-heal|p1a: Iron Treads|56/100|[from] item: Leftovers
|turn|10
|
|move|p2a: Klefki|Sunny Day|p2a: Klefki
|-weather|SunnyDay
|move|p1a: Iron Treads|Rapid Spin|p2a: Klefki
|-resisted|p2a: Klefki
|-damage|p2a: Klefki|95/100
|-boost|p1a: Iron Treads|spe|1
|-sideend|p1: p1|Toxic Spikes|[from] move: Rapid Spin|[of] p1a: Iron Treads
|
|-weather|SunnyDay|[upkeep]
|-heal|p1a: Iron Treads|63/100|[from] item: Leftovers
|turn|11
|
|switch|p2a: Great Tusk|Great Tusk|100/100
|-activate|p2a: Great Tusk|ability: Protosynthesis
|-start|p2a: Great Tusk|protosynthesisdef
|move|p1a: Iron Treads|Stealth Rock|p2a: Great Tusk
|-sidestart|p2: p2|move: Stealth Rock
|
|-weather|SunnyDay|[upkeep]
|-heal|p1a: Iron Treads|69/100|[from] item: Leftovers
|turn|12
|
|-end|p1a: Iron Treads|Quark Drive|[silent]
|switch|p1a: Amoonguss|Amoonguss, F|100/100
|move|p2a: Great Tusk|Rapid Spin|p1a: Amoonguss
|-damage|p1a: Amoonguss|85/100
|-boost|p2a: Great Tusk|spe|1
|-sideend|p2: p2|Stealth Rock|[from] move: Rapid Spin|[of] p2a: Great Tusk
|-damage|p2a: Great Tusk|91/100|[from] item: Life Orb
|
|-weather|SunnyDay|[upkeep]
|-heal|p1a: Amoonguss|92/100|[from] item: Black Sludge
|turn|13
|
|move|p2a: Great Tusk|Ice Spinner|p1a: Amoonguss
|-supereffective|p1a: Amoonguss
|-damage|p1a: Amoonguss|42/100
|-damage|p2a: Great Tusk|81/100|[from] item: Life Orb
|move|p1a: Amoonguss|Giga Drain|p2a: Great Tusk
|-supereffective|p2a: Great Tusk
|-damage|p2a: Great Tusk|8/100
|-heal|p1a: Amoonguss|73/100|[from] drain|[of] p2a: Great Tusk
|
|-weather|SunnyDay|[upkeep]
|-heal|p1a: Amoonguss|79/100|[from] item: Black Sludge
|turn|14
|
|move|p2a: Great Tusk|Ice Spinner|p1a: Amoonguss
|-supereffective|p1a: Amoonguss
|-damage|p1a: Amoonguss|29/100
|-damage|p2a: Great Tusk|0 fnt|[from] item: Life Orb
|faint|p2a: Great Tusk
|-end|p2a: Great Tusk|Protosynthesis|[silent]
|move|p1a: Amoonguss|Giga Drain|p2: Great Tusk|[notarget]
|-fail|p1a: Amoonguss
|
|-weather|SunnyDay|[upkeep]
|-heal|p1a: Amoonguss|35/100|[from] item: Black Sludge
|
|switch|p2a: Lilligant|Lilligant-Hisui, F|100/100
|turn|15
|
|move|p2a: Lilligant|Ice Spinner|p1a: Amoonguss
|-supereffective|p1a: Amoonguss
|-damage|p1a: Amoonguss|0 fnt
|faint|p1a: Amoonguss
|-damage|p2a: Lilligant|91/100|[from] item: Life Orb
|
|-weather|SunnyDay|[upkeep]
|
|switch|p1a: Iron Treads|Iron Treads|69/100
|turn|16
|
|move|p2a: Lilligant|Solar Blade||[still]
|-prepare|p2a: Lilligant|Solar Blade
|-anim|p2a: Lilligant|Solar Blade|p1a: Iron Treads
|-damage|p1a: Iron Treads|21/100
|-damage|p2a: Lilligant|81/100|[from] item: Life Orb
|move|p1a: Iron Treads|Heavy Slam|p2a: Lilligant
|-damage|p2a: Lilligant|11/100
|
|-weather|SunnyDay|[upkeep]
|-heal|p1a: Iron Treads|27/100|[from] item: Leftovers
|turn|17
|
|move|p2a: Lilligant|Solar Blade||[still]
|-prepare|p2a: Lilligant|Solar Blade
|-anim|p2a: Lilligant|Solar Blade|p1a: Iron Treads
|-damage|p1a: Iron Treads|0 fnt
|faint|p1a: Iron Treads
|-end|p1a: Iron Treads|Quark Drive|[silent]
|-damage|p2a: Lilligant|1/100|[from] item: Life Orb
|
|-weather|none
|
|switch|p1a: Gholdengo|Gholdengo|100/100
|turn|18
|
|switch|p2a: Torkoal|Torkoal, M|100/100
|-weather|SunnyDay|[from] ability: Drought|[of] p2a: Torkoal
|move|p1a: Gholdengo|Nasty Plot|p1a: Gholdengo
|-boost|p1a: Gholdengo|spa|2
|
|-weather|SunnyDay|[upkeep]
|turn|19
|
|move|p1a: Gholdengo|Shadow Ball|p2a: Torkoal
|-damage|p2a: Torkoal|14/100
|move|p2a: Torkoal|Fire Blast|p1a: Gholdengo|[miss]
|-miss|p2a: Torkoal|p1a: Gholdengo
|
|-weather|SunnyDay|[upkeep]
|turn|20
|
|move|p1a: Gholdengo|Shadow Ball|p2a: Torkoal
|-damage|p2a: Torkoal|0 fnt
|faint|p2a: Torkoal
|
|-weather|SunnyDay|[upkeep]
|
|switch|p2a: Walking Wake|Walking Wake|100/100
|-activate|p2a: Walking Wake|ability: Protosynthesis
|-start|p2a: Walking Wake|protosynthesisspe
|turn|21
|
|move|p2a: Walking Wake|Flamethrower|p1a: Gholdengo
|-supereffective|p1a: Gholdengo
|-damage|p1a: Gholdengo|0 fnt
|faint|p1a: Gholdengo
|
|-weather|SunnyDay|[upkeep]
|
|switch|p1a: Chien-Pao|Chien-Pao|100/100
|-ability|p1a: Chien-Pao|Sword of Ruin
|turn|22
|
|-terastallize|p2a: Walking Wake|Steel
|move|p1a: Chien-Pao|Sucker Punch|p2a: Walking Wake
|-damage|p2a: Walking Wake|52/100
|move|p2a: Walking Wake|Flamethrower|p1a: Chien-Pao
|-supereffective|p1a: Chien-Pao
|-enditem|p1a: Chien-Pao|Focus Sash
|-damage|p1a: Chien-Pao|1/100
|
|-weather|SunnyDay|[upkeep]
|turn|23
|
|move|p1a: Chien-Pao|Sucker Punch|p2a: Walking Wake
|-damage|p2a: Walking Wake|3/100
|move|p2a: Walking Wake|Flamethrower|p1a: Chien-Pao
|-supereffective|p1a: Chien-Pao
|-damage|p1a: Chien-Pao|0 fnt
|faint|p1a: Chien-Pao
|
|-weather|SunnyDay|[upkeep]
|
|switch|p1a: Tyranitar|Tyranitar, M|100/100
|-weather|Sandstorm|[from] ability: Sand Stream|[of] p1a: Tyranitar
|-end|p2a: Walking Wake|Protosynthesis
|turn|24
|
|move|p2a: Walking Wake|Flamethrower|p1a: Tyranitar
|-resisted|p1a: Tyranitar
|-damage|p1a: Tyranitar|94/100
|move|p1a: Tyranitar|Earthquake|p2a: Walking Wake
|-supereffective|p2a: Walking Wake
|-damage|p2a: Walking Wake|0 fnt
|faint|p2a: Walking Wake
|-end|p2a: Walking Wake|Protosynthesis|[silent]
|
|-weather|Sandstorm|[upkeep]
|
|switch|p2a: Klefki|Klefki, F|95/100
|turn|25
|
|-terastallize|p1a: Tyranitar|Ghost
|move|p2a: Klefki|Sunny Day|p2a: Klefki
|-weather|SunnyDay
|move|p1a: Tyranitar|Fire Punch|p2a: Klefki
|-supereffective|p2a: Klefki
|-damage|p2a: Klefki|38/100
|
|-weather|SunnyDay|[upkeep]
|turn|26
|
|move|p2a: Klefki|Thunder Wave|p1a: Tyranitar
|-status|p1a: Tyranitar|par
|cant|p1a: Tyranitar|par
|
|-weather|SunnyDay|[upkeep]
|turn|27
|
|move|p2a: Klefki|Foul Play|p1a: Tyranitar
|-supereffective|p1a: Tyranitar
|-damage|p1a: Tyranitar|51/100 par
|move|p1a: Tyranitar|Fire Punch|p2a: Klefki
|-supereffective|p2a: Klefki
|-damage|p2a: Klefki|0 fnt
|faint|p2a: Klefki
|
|-weather|SunnyDay|[upkeep]
|
|switch|p2a: Lilligant|Lilligant-Hisui, F|1/100
|turn|28
|
|move|p2a: Lilligant|Solar Blade||[still]
|-prepare|p2a: Lilligant|Solar Blade
|-anim|p2a: Lilligant|Solar Blade|p1a: Tyranitar
|-damage|p1a: Tyranitar|0 fnt
|faint|p1a: Tyranitar
|-damage|p2a: Lilligant|0 fnt|[from] item: Life Orb
|faint|p2a: Lilligant
|
|win|p2
