# advantage = p1
|poke|p1|Ursaluna, F|
|poke|p1|Cresselia, F|
|poke|p1|Hatterene, F|
|poke|p1|Magearna|
|poke|p1|Glastrier|
|poke|p1|Slowking-Galar, F|
|poke|p2|Urshifu-*, M|
|poke|p2|Enamorus, F|
|poke|p2|Chien-Pao|
|poke|p2|Hoopa-Unbound|
|poke|p2|Magearna|
|poke|p2|Ursaluna, M|
|teampreview
|
|start
|switch|p1a: Hatterene|Hatterene, F|100/100
|switch|p2a: Magearna|Magearna|100/100
|turn|1
|
|move|p2a: Magearna|Flash Cannon|p1a: Hatterene
|-supereffective|p1a: Hatterene
|-damage|p1a: Hatterene|29/100
|-enditem|p1a: Hatterene|Eject Button
|
|switch|p1a: Ursaluna|Ursaluna, F|100/100
|
|-status|p1a: Ursaluna|brn|[from] item: Flame Orb
|turn|2
|
|switch|p2a: Enamorus|Enamorus, F|100/100
|switch|p1a: Cresselia|Cresselia, F|100/100
|
|turn|3
|
|move|p2a: Enamorus|Mystical Fire|p1a: Cresselia
|-damage|p1a: Cresselia|87/100
|-unboost|p1a: Cresselia|spa|1
|move|p1a: Cresselia|Trick Room|p1a: Cresselia
|-fieldstart|move: Trick Room|[of] p1a: Cresselia
|
|-heal|p1a: Cresselia|94/100|[from] item: Leftovers
|turn|4
|
|switch|p2a: Hoopa|Hoopa-Unbound|100/100
|move|p1a: Cresselia|Future Sight|p2a: Hoopa
|-start|p1a: Cresselia|move: Future Sight
|
|-heal|p1a: Cresselia|99/100|[from] item: Leftovers
|turn|5
|
|move|p1a: Cresselia|Light Screen|p1a: Cresselia
|-sidestart|p1: p1|move: Light Screen
|move|p2a: Hoopa|Knock Off|p1a: Cresselia
|-supereffective|p1a: Cresselia
|-damage|p1a: Cresselia|0 fnt
|-enditem|p1a: Cresselia|Leftovers|[from] move: Knock Off|[of] p2a: Hoopa
|faint|p1a: Cresselia
|
|
|switch|p1a: Ursaluna|Ursaluna, F|100/100 brn
|turn|6
|
|move|p1a: Ursaluna|Facade|p2a: Hoopa
|-damage|p2a: Hoopa|0 fnt
|faint|p2a: Hoopa
|
|-hint|Future Sight did not hit because the target is fainted.
|-damage|p1a: Ursaluna|94/100 brn|[from] brn
|
|switch|p2a: Chien-Pao|Chien-Pao|100/100
|-ability|p2a: Chien-Pao|Sword of Ruin
|turn|7
|
|switch|p2a: Enamorus|Enamorus, F|100/100
|move|p1a: Ursaluna|Headlong Rush|p2a: Enamorus
|-immune|p2a: Enamorus
|
|-damage|p1a: Ursaluna|88/100 brn|[from] brn
|-fieldend|move: Trick Room
|turn|8
|
|move|p2a: Enamorus|Superpower|p1a: Ursaluna
|-supereffective|p1a: Ursaluna
|-damage|p1a: Ursaluna|43/100 brn
|-boost|p2a: Enamorus|atk|1
|-boost|p2a: Enamorus|def|1
|move|p1a: Ursaluna|Facade|p2a: Enamorus
|-damage|p2a: Enamorus|0 fnt
|faint|p2a: Enamorus
|
|-damage|p1a: Ursaluna|37/100 brn|[from] brn
|
|switch|p2a: Chien-Pao|Chien-Pao|100/100
|-ability|p2a: Chien-Pao|Sword of Ruin
|turn|9
|
|switch|p1a: Hatterene|Hatterene, F|29/100
|move|p2a: Chien-Pao|Sacred Sword|p1a: Hatterene
|-resisted|p1a: Hatterene
|-damage|p1a: Hatterene|17/100
|
|-sideend|p1: p1|move: Light Screen
|turn|10
|
|move|p2a: Chien-Pao|Sacred Sword|p1a: Hatterene
|-resisted|p1a: Hatterene
|-damage|p1a: Hatterene|7/100
|move|p1a: Hatterene|Trick Room|p1a: Hatterene
|-fieldstart|move: Trick Room|[of] p1a: Hatterene
|
|turn|11
|
|move|p1a: Hatterene|Healing Wish|p1a: Hatterene
|faint|p1a: Hatterene
|move|p2a: Chien-Pao|Sacred Sword|p1: Hatterene|[notarget]
|-fail|p2a: Chien-Pao
|
|
|switch|p1a: Ursaluna|Ursaluna, F|37/100 brn
|-heal|p1a: Ursaluna|100/100|[from] move: Healing Wish
|turn|12
|
|switch|p1a: Magearna|Magearna|100/100
|switch|p2a: Ursaluna|Ursaluna, M|100/100
|
|-status|p2a: Ursaluna|brn|[from] item: Flame Orb
|turn|13
|
|move|p1a: Magearna|Fleur Cannon|p2a: Ursaluna
|-damage|p2a: Ursaluna|47/100 brn
|-unboost|p1a: Magearna|spa|2
|move|p2a: Ursaluna|Swords Dance|p2a: Ursaluna
|-boost|p2a: Ursaluna|atk|2
|
|-damage|p2a: Ursaluna|41/100 brn|[from] brn
|turn|14
|
|move|p1a: Magearna|Fleur Cannon|p2a: Ursaluna
|-damage|p2a: Ursaluna|13/100 brn
|-unboost|p1a: Magearna|spa|2
|move|p2a: Ursaluna|Headlong Rush|p1a: Magearna
|-supereffective|p1a: Magearna
|-damage|p1a: Magearna|0 fnt
|-unboost|p2a: Ursaluna|def|1
|-unboost|p2a: Ursaluna|spd|1
|-damage|p2a: Ursaluna|0 fnt|[from] item: Rocky Helmet|[of] p1a: Magearna
|faint|p1a: Magearna
|faint|p2a: Ursaluna
|
|-fieldend|move: Trick Room
|
|switch|p2a: Chien-Pao|Chien-Pao|100/100
|switch|p1a: Slowking|Slowking-Galar, F|100/100
|-ability|p2a: Chien-Pao|Sword of Ruin
|turn|15
|
|-terastallize|p1a: Slowking|Fire
|move|p2a: Chien-Pao|Crunch|p1a: Slowking
|-damage|p1a: Slowking|45/100
|move|p1a: Slowking|Chilly Reception|p1a: Slowking
|-weather|Snow
|
|switch|p1a: Glastrier|Glastrier|100/100|[from] Chilly Reception
|
|-weather|Snow|[upkeep]
|turn|16
|
|switch|p2a: Urshifu|Urshifu-Rapid-Strike, M|100/100
|move|p1a: Glastrier|Close Combat|p2a: Urshifu
|-damage|p2a: Urshifu|20/100
|-unboost|p1a: Glastrier|def|1
|-unboost|p1a: Glastrier|spd|1
|
|-weather|Snow|[upkeep]
|turn|17
|
|switch|p1a: Slowking|Slowking-Galar, F, tera:Fire|78/100
|move|p2a: Urshifu|Surging Strikes|p1a: Slowking
|-supereffective|p1a: Slowking
|-crit|p1a: Slowking
|-damage|p1a: Slowking|41/100
|-supereffective|p1a: Slowking
|-crit|p1a: Slowking
|-damage|p1a: Slowking|4/100
|-supereffective|p1a: Slowking
|-crit|p1a: Slowking
|-damage|p1a: Slowking|0 fnt
|faint|p1a: Slowking
|-hitcount|p1: Slowking|3
|
|-weather|Snow|[upkeep]
|
|switch|p1a: Glastrier|Glastrier|100/100
|turn|18
|
|move|p2a: Urshifu|Surging Strikes|p1a: Glastrier
|-crit|p1a: Glastrier
|-damage|p1a: Glastrier|91/100
|-crit|p1a: Glastrier
|-damage|p1a: Glastrier|82/100
|-crit|p1a: Glastrier
|-damage|p1a: Glastrier|74/100
|-hitcount|p1a: Glastrier|3
|move|p1a: Glastrier|Close Combat|p2a: Urshifu
|-damage|p2a: Urshifu|0 fnt
|-unboost|p1a: Glastrier|def|1
|-unboost|p1a: Glastrier|spd|1
|faint|p2a: Urshifu
|-ability|p1a: Glastrier|Chilling Neigh|boost
|-boost|p1a: Glastrier|atk|1
|
|-weather|Snow|[upkeep]
|
|switch|p2a: Magearna|Magearna|100/100
|turn|19
|
|switch|p1a: Ursaluna|Ursaluna, F|100/100
|move|p2a: Magearna|Flash Cannon|p1a: Ursaluna
|-damage|p1a: Ursaluna|57/100
|
|-weather|none
|-status|p1a: Ursaluna|brn|[from] item: Flame Orb
|turn|20
|
|move|p2a: Magearna|Draining Kiss|p1a: Ursaluna
|-damage|p1a: Ursaluna|29/100 brn
|move|p1a: Ursaluna|Headlong Rush|p2a: Magearna
|-supereffective|p2a: Magearna
|-damage|p2a: Magearna|0 fnt
|-unboost|p1a: Ursaluna|def|1
|-unboost|p1a: Ursaluna|spd|1
|faint|p2a: Magearna
|
|-damage|p1a: Ursaluna|22/100 brn|[from] brn
|
|switch|p2a: Chien-Pao|Chien-Pao|100/100
|-ability|p2a: Chien-Pao|Sword of Ruin
|turn|21
|
|move|p2a: Chien-Pao|Sacred Sword|p1a: Ursaluna
|-supereffective|p1a: Ursaluna
|-damage|p1a: Ursaluna|0 fnt
|faint|p1a: Ursaluna
|
|
|switch|p1a: Glastrier|Glastrier|74/100
|turn|22
|
|move|p2a: Chien-Pao|Sacred Sword|p1a: Glastrier
|-supereffective|p1a: Glastrier
|-damage|p1a: Glastrier|16/100
|move|p1a: Glastrier|Close Combat|p2a: Chien-Pao
|-supereffective|p2a: Chien-Pao
|-damage|p2a: Chien-Pao|0 fnt
|-unboost|p1a: Glastrier|def|1
|-unboost|p1a: Glastrier|spd|1
|faint|p2a: Chien-Pao
|
|win|p1
