|poke|p1|Enamorus, F|
|poke|p1|Great Tusk|
|poke|p1|Samurott-Hisui, M|
|poke|p1|Magearna|
|poke|p1|Chien-Pao|
|poke|p1|Grimmsnarl, M|
|poke|p2|Cetitan, F|
|poke|p2|Salazzle, F|
|poke|p2|Bruxish, F|
|poke|p2|Cacturne, F|
|poke|p2|Coalossal, M|
|poke|p2|Bombirdier, F|
|teampreview
|
|start
|switch|p1a: Samurott|Samurott-Hisui, M|100/100
|switch|p2a: Taquila|Cacturne, F|100/100
|turn|1
|
|move|p1a: Samurott|Sacred Sword|p2a: Taquila
|-supereffective|p2a: Taquila
|-enditem|p2a: Taquila|Focus Sash
|-damage|p2a: Taquila|1/100
|-damage|p1a: Samurott|91/100|[from] item: Life Orb
|move|p2a: Taquila|Seed Bomb|p1a: Samurott
|-supereffective|p1a: Samurott
|-crit|p1a: Samurott
|-damage|p1a: Samurott|0 fnt
|faint|p1a: Samurott
|
|
|switch|p1a: Enamorus|Enamorus, F|100/100
|turn|2
|
|switch|p2a: Hot hot hot|Coalossal, M|100/100
|move|p1a: Enamorus|Superpower|p2a: Hot hot hot
|-supereffective|p2a: Hot hot hot
|-damage|p2a: Hot hot hot|62/100
|-boost|p1a: Enamorus|atk|1
|-boost|p1a: Enamorus|def|1
|-status|p1a: Enamorus|brn|[from] ability: Flame Body|[of] p2a: Hot hot hot
|-damage|p1a: Enamorus|91/100 brn|[from] item: Life Orb
|
|-damage|p1a: Enamorus|85/100 brn|[from] brn
|turn|3
|
|switch|p1a: Great Tusk|Great Tusk|100/100
|-terastallize|p2a: Hot hot hot|Water
|move|p2a: Hot hot hot|Stealth Rock|p1a: Great Tusk
|-sidestart|p1: p1|move: Stealth Rock
|
|turn|4
|
|switch|p2a: Bom bom maker|Bombirdier, F|100/100
|move|p1a: Great Tusk|Rapid Spin|p2a: Bom bom maker
|-damage|p2a: Bom bom maker|83/100
|-boost|p1a: Great Tusk|spe|1
|-damage|p1a: Great Tusk|84/100|[from] item: Rocky Helmet|[of] p2a: Bom bom maker
|-sideend|p1: p1|Stealth Rock|[from] move: Rapid Spin|[of] p1a: Great Tusk
|
|-heal|p1a: Great Tusk|90/100|[from] item: Leftovers
|turn|5
|
|-end|p1a: Great Tusk|Protosynthesis|[silent]
|switch|p1a: Magearna|Magearna|100/100
|move|p2a: Bom bom maker|Brave Bird|p1a: Magearna
|-resisted|p1a: Magearna
|-crit|p1a: Magearna
|-damage|p1a: Magearna|61/100
|-damage|p2a: Bom bom maker|70/100|[from] Recoil
|
|-heal|p1a: Magearna|67/100|[from] item: Leftovers
|turn|6
|
|move|p2a: Bom bom maker|Taunt|p1a: Magearna
|-start|p1a: Magearna|move: Taunt
|cant|p1a: Magearna|move: Taunt|Shift Gear
|
|-heal|p1a: Magearna|73/100|[from] item: Leftovers
|turn|7
|
|switch|p2a: Lazzly|Salazzle, F, shiny|100/100
|move|p1a: Magearna|Draining Kiss|p2a: Lazzly
|-resisted|p2a: Lazzly
|-damage|p2a: Lazzly|88/100
|-heal|p1a: Magearna|82/100|[from] drain|[of] p2a: Lazzly
|
|-heal|p1a: Magearna|88/100|[from] item: Leftovers
|turn|8
|
|switch|p1a: Grimmsnarl|Grimmsnarl, M|100/100
|move|p2a: Lazzly|Dragon Dance|p2a: Lazzly
|-boost|p2a: Lazzly|atk|1
|-boost|p2a: Lazzly|spe|1
|
|turn|9
|
|move|p1a: Grimmsnarl|Light Screen|p1a: Grimmsnarl
|-sidestart|p1: p1|move: Light Screen
|move|p2a: Lazzly|Gunk Shot|p1a: Grimmsnarl
|-supereffective|p1a: Grimmsnarl
|-damage|p1a: Grimmsnarl|0 fnt
|faint|p1a: Grimmsnarl
|
|
|switch|p1a: Great Tusk|Great Tusk|90/100
|turn|10
|
|-terastallize|p1a: Great Tusk|Water
|move|p2a: Lazzly|Flare Blitz|p1a: Great Tusk
|-resisted|p1a: Great Tusk
|-damage|p1a: Great Tusk|69/100
|-status|p1a: Great Tusk|brn
|-damage|p2a: Lazzly|78/100|[from] Recoil
|move|p1a: Great Tusk|Earthquake|p2a: Lazzly
|-supereffective|p2a: Lazzly
|-crit|p2a: Lazzly
|-damage|p2a: Lazzly|0 fnt
|faint|p2a: Lazzly
|
|-heal|p1a: Great Tusk|75/100 brn|[from] item: Leftovers
|-damage|p1a: Great Tusk|69/100 brn|[from] brn
|
|switch|p2a: Hot hot hot|Coalossal, M, tera:Water|62/100
|turn|11
|
|move|p1a: Great Tusk|Knock Off|p2a: Hot hot hot
|-damage|p2a: Hot hot hot|54/100
|-enditem|p2a: Hot hot hot|Aguav Berry|[from] move: Knock Off|[of] p1a: Great Tusk
|move|p2a: Hot hot hot|Stealth Rock|p1a: Great Tusk
|-sidestart|p1: p1|move: Stealth Rock
|
|-heal|p1a: Great Tusk|75/100 brn|[from] item: Leftovers
|-damage|p1a: Great Tusk|69/100 brn|[from] brn
|turn|12
|
|move|p1a: Great Tusk|Rapid Spin|p2a: Hot hot hot
|-damage|p2a: Hot hot hot|50/100
|-boost|p1a: Great Tusk|spe|1
|-sideend|p1: p1|Stealth Rock|[from] move: Rapid Spin|[of] p1a: Great Tusk
|move|p2a: Hot hot hot|Stone Edge|p1a: Great Tusk
|-damage|p1a: Great Tusk|50/100 brn
|
|-heal|p1a: Great Tusk|56/100 brn|[from] item: Leftovers
|-damage|p1a: Great Tusk|50/100 brn|[from] brn
|turn|13
|
|move|p1a: Great Tusk|Earthquake|p2a: Hot hot hot
|-damage|p2a: Hot hot hot|38/100
|move|p2a: Hot hot hot|Stealth Rock|p1a: Great Tusk
|-sidestart|p1: p1|move: Stealth Rock
|
|-heal|p1a: Great Tusk|56/100 brn|[from] item: Leftovers
|-damage|p1a: Great Tusk|50/100 brn|[from] brn
|turn|14
|
|move|p1a: Great Tusk|Earthquake|p2a: Hot hot hot
|-damage|p2a: Hot hot hot|26/100
|move|p2a: Hot hot hot|Stone Edge|p1a: Great Tusk
|-damage|p1a: Great Tusk|33/100 brn
|
|-heal|p1a: Great Tusk|39/100 brn|[from] item: Leftovers
|-damage|p1a: Great Tusk|33/100 brn|[from] brn
|turn|15
|
|move|p1a: Great Tusk|Rapid Spin|p2a: Hot hot hot
|-damage|p2a: Hot hot hot|22/100
|-boost|p1a: Great Tusk|spe|1
|-sideend|p1: p1|Stealth Rock|[from] move: Rapid Spin|[of] p1a: Great Tusk
|move|p2a: Hot hot hot|Stone Edge|p1a: Great Tusk
|-damage|p1a: Great Tusk|13/100 brn
|
|-heal|p1a: Great Tusk|20/100 brn|[from] item: Leftovers
|-damage|p1a: Great Tusk|13/100 brn|[from] brn
|turn|16
|
|move|p1a: Great Tusk|Earthquake|p2a: Hot hot hot
|-damage|p2a: Hot hot hot|10/100
|move|p2a: Hot hot hot|Stealth Rock|p1a: Great Tusk
|-sidestart|p1: p1|move: Stealth Rock
|
|-heal|p1a: Great Tusk|20/100 brn|[from] item: Leftovers
|-damage|p1a: Great Tusk|13/100 brn|[from] brn
|-sideend|p1: p1|move: Light Screen
|turn|17
|
|move|p1a: Great Tusk|Earthquake|p2a: Hot hot hot
|-damage|p2a: Hot hot hot|0 fnt
|faint|p2a: Hot hot hot
|
|-heal|p1a: Great Tusk|20/100 brn|[from] item: Leftovers
|-damage|p1a: Great Tusk|13/100 brn|[from] brn
|
|switch|p2a: Taquila|Cacturne, F|1/100
|turn|18
|
|move|p2a: Taquila|Sucker Punch|p1a: Great Tusk
|-damage|p1a: Great Tusk|0 fnt
|faint|p1a: Great Tusk
|-end|p1a: Great Tusk|Protosynthesis|[silent]
|
|
|switch|p1a: Magearna|Magearna|88/100
|-damage|p1a: Magearna|82/100|[from] Stealth Rock
|turn|19
|
|move|p2a: Taquila|Swords Dance|p2a: Taquila
|-boost|p2a: Taquila|atk|2
|move|p1a: Magearna|Shift Gear|p1a: Magearna
|-boost|p1a: Magearna|spe|2
|-boost|p1a: Magearna|atk|1
|
|-heal|p1a: Magearna|88/100|[from] item: Leftovers
|turn|20
|
|move|p2a: Taquila|Sucker Punch|p1a: Magearna
|-resisted|p1a: Magearna
|-damage|p1a: Magearna|53/100
|move|p1a: Magearna|Draining Kiss|p2a: Taquila
|-supereffective|p2a: Taquila
|-damage|p2a: Taquila|0 fnt
|-heal|p1a: Magearna|54/100|[from] drain|[of] p2a: Taquila
|faint|p2a: Taquila
|-ability|p1a: Magearna|Soul-Heart|boost
|-boost|p1a: Magearna|spa|1
|
|-heal|p1a: Magearna|60/100|[from] item: Leftovers
|
|switch|p2a: Ich bin sexy|Bruxish, F|100/100
|turn|21
|
|move|p2a: Ich bin sexy|Wave Crash|p1a: Magearna
|-damage|p1a: Magearna|5/100
|-damage|p2a: Ich bin sexy|79/100|[from] Recoil
|move|p1a: Magearna|Draining Kiss|p2a: Ich bin sexy
|-damage|p2a: Ich bin sexy|14/100
|-heal|p1a: Magearna|46/100|[from] drain|[of] p2a: Ich bin sexy
|
|-heal|p1a: Magearna|52/100|[from] item: Leftovers
|turn|22
|
|move|p2a: Ich bin sexy|Wave Crash|p1a: Magearna
|-damage|p1a: Magearna|0 fnt
|faint|p1a: Magearna
|-damage|p2a: Ich bin sexy|0 fnt|[from] Recoil
|faint|p2a: Ich bin sexy
|
|
|switch|p2a: Bom bom maker|Bombirdier, F|70/100
|switch|p1a: Chien-Pao|Chien-Pao|100/100
|-damage|p1a: Chien-Pao|76/100|[from] Stealth Rock
|-ability|p1a: Chien-Pao|Sword of Ruin
|turn|23
|
|switch|p2a: Thiccness|Cetitan, F|100/100
|move|p1a: Chien-Pao|Icicle Crash|p2a: Thiccness
|-resisted|p2a: Thiccness
|-damage|p2a: Thiccness|61/100
|
|turn|24
|
|switch|p1a: Enamorus|Enamorus, F|85/100 brn
|-damage|p1a: Enamorus|60/100 brn|[from] Stealth Rock
|move|p2a: Thiccness|Play Rough|p1a: Enamorus
|-damage|p1a: Enamorus|0 fnt
|faint|p1a: Enamorus
|
|
|switch|p1a: Chien-Pao|Chien-Pao|76/100
|-damage|p1a: Chien-Pao|51/100|[from] Stealth Rock
|-ability|p1a: Chien-Pao|Sword of Ruin
|turn|25
|
|move|p1a: Chien-Pao|Sacred Sword|p2a: Thiccness
|-supereffective|p2a: Thiccness
|-damage|p2a: Thiccness|0 fnt
|faint|p2a: Thiccness
|
|
|switch|p2a: Bom bom maker|Bombirdier, F|70/100
|turn|26
|
|move|p1a: Chien-Pao|Sacred Sword|p2a: Bom bom maker
|-damage|p2a: Bom bom maker|1/100
|-damage|p1a: Chien-Pao|34/100|[from] item: Rocky Helmet|[of] p2a: Bom bom maker
|move|p2a: Bom bom maker|Brave Bird|p1a: Chien-Pao
|-damage|p1a: Chien-Pao|0 fnt
|faint|p1a: Chien-Pao
|-damage|p2a: Bom bom maker|0 fnt|[from] Recoil
|faint|p2a: Bom bom maker
|
|win|p2
