# advantage = p1
|poke|p1|Lilligant-Hisui, F|
|poke|p1|Walking Wake|
|poke|p1|Volcanion|
|poke|p1|Torkoal, F|
|poke|p1|Ursaluna, F|
|poke|p1|Great Tusk|
|poke|p2|Amoonguss, M|
|poke|p2|Great Tusk|
|poke|p2|Clodsire, F|
|poke|p2|Ceruledge, M|
|poke|p2|Magearna|
|poke|p2|Chien-Pao|
|teampreview
|
|start
|switch|p1a: Torkoal|Torkoal, F|100/100
|switch|p2a: Magearna|Magearna|100/100
|-weather|SunnyDay|[from] ability: Drought|[of] p1a: Torkoal
|turn|1
|
|switch|p2a: Great Tusk|Great Tusk|100/100
|-activate|p2a: Great Tusk|ability: Protosynthesis
|-start|p2a: Great Tusk|protosynthesisatk
|move|p1a: Torkoal|Yawn|p2a: Great Tusk
|-start|p2a: Great Tusk|move: Yawn|[of] p1a: Torkoal
|
|-weather|SunnyDay|[upkeep]
|turn|2
|
|-end|p2a: Great Tusk|Protosynthesis|[silent]
|switch|p2a: Clodsire|Clodsire, F|100/100
|switch|p1a: Lilligant|Lilligant-Hisui, F, shiny|100/100
|
|-weather|SunnyDay|[upkeep]
|turn|3
|
|move|p1a: Lilligant|Substitute|p1a: Lilligant
|-start|p1a: Lilligant|Substitute
|-damage|p1a: Lilligant|76/100
|move|p2a: Clodsire|Spikes|p1a: Lilligant
|-sidestart|p1: p1|Spikes
|
|-weather|SunnyDay|[upkeep]
|turn|4
|
|move|p1a: Lilligant|Victory Dance|p1a: Lilligant
|-boost|p1a: Lilligant|atk|1
|-boost|p1a: Lilligant|def|1
|-boost|p1a: Lilligant|spe|1
|move|p2a: Clodsire|Poison Jab|p1a: Lilligant
|-supereffective|p1a: Lilligant
|-end|p1a: Lilligant|Substitute
|
|-weather|SunnyDay|[upkeep]
|turn|5
|
|move|p1a: Lilligant|Substitute|p1a: Lilligant
|-start|p1a: Lilligant|Substitute
|-damage|p1a: Lilligant|51/100
|move|p2a: Clodsire|Poison Jab|p1a: Lilligant
|-supereffective|p1a: Lilligant
|-end|p1a: Lilligant|Substitute
|
|-weather|none
|turn|6
|
|switch|p1a: Torkoal|Torkoal, F|100/100
|-damage|p1a: Torkoal|88/100|[from] Spikes
|-weather|SunnyDay|[from] ability: Drought|[of] p1a: Torkoal
|move|p2a: Clodsire|Poison Jab|p1a: Torkoal
|-damage|p1a: Torkoal|75/100
|
|-weather|SunnyDay|[upkeep]
|-heal|p1a: Torkoal|81/100|[from] item: Leftovers
|turn|7
|
|move|p1a: Torkoal|Rapid Spin|p2a: Clodsire
|-damage|p2a: Clodsire|93/100
|-boost|p1a: Torkoal|spe|1
|-sideend|p1: p1|Spikes|[from] move: Rapid Spin|[of] p1a: Torkoal
|move|p2a: Clodsire|Toxic Spikes|p1a: Torkoal
|-sidestart|p1: p1|move: Toxic Spikes
|
|-weather|SunnyDay|[upkeep]
|-heal|p1a: Torkoal|87/100|[from] item: Leftovers
|-heal|p2a: Clodsire|99/100|[from] item: Black Sludge
|turn|8
|
|move|p1a: Torkoal|Eruption|p2a: Clodsire
|-damage|p2a: Clodsire|56/100
|move|p2a: Clodsire|Poison Jab|p1a: Torkoal
|-damage|p1a: Torkoal|74/100
|
|-weather|SunnyDay|[upkeep]
|-heal|p1a: Torkoal|80/100|[from] item: Leftovers
|-heal|p2a: Clodsire|62/100|[from] item: Black Sludge
|turn|9
|
|move|p1a: Torkoal|Yawn|p2a: Clodsire
|-start|p2a: Clodsire|move: Yawn|[of] p1a: Torkoal
|move|p2a: Clodsire|Poison Jab|p1a: Torkoal
|-damage|p1a: Torkoal|67/100
|-status|p1a: Torkoal|psn
|
|-weather|SunnyDay|[upkeep]
|-heal|p1a: Torkoal|73/100 psn|[from] item: Leftovers
|-heal|p2a: Clodsire|69/100|[from] item: Black Sludge
|-damage|p1a: Torkoal|61/100 psn|[from] psn
|turn|10
|
|switch|p1a: Ursaluna|Ursaluna, F|100/100
|-status|p1a: Ursaluna|psn
|move|p2a: Clodsire|Poison Jab|p1a: Ursaluna
|-resisted|p1a: Ursaluna
|-damage|p1a: Ursaluna|93/100 psn
|
|-weather|none
|-heal|p2a: Clodsire|75/100|[from] item: Black Sludge
|-damage|p1a: Ursaluna|81/100 psn|[from] psn
|-end|p2a: Clodsire|move: Yawn|[silent]
|-status|p2a: Clodsire|slp
|turn|11
|
|switch|p2a: Ceruledge|Ceruledge, M|100/100
|move|p1a: Ursaluna|Headlong Rush|p2a: Ceruledge
|-supereffective|p2a: Ceruledge
|-enditem|p2a: Ceruledge|Focus Sash
|-damage|p2a: Ceruledge|1/100
|-unboost|p1a: Ursaluna|def|1
|-unboost|p1a: Ursaluna|spd|1
|-ability|p2a: Ceruledge|Weak Armor|boost
|-unboost|p2a: Ceruledge|def|1
|-boost|p2a: Ceruledge|spe|2
|
|-damage|p1a: Ursaluna|68/100 psn|[from] psn
|turn|12
|
|switch|p1a: Walking Wake|Walking Wake|100/100
|-status|p1a: Walking Wake|psn
|move|p2a: Ceruledge|Brick Break|p1a: Walking Wake
|-damage|p1a: Walking Wake|74/100 psn
|
|-damage|p1a: Walking Wake|61/100 psn|[from] psn
|turn|13
|
|switch|p2a: Magearna|Magearna|100/100
|move|p1a: Walking Wake|Hydro Steam|p2a: Magearna
|-damage|p2a: Magearna|68/100
|
|-heal|p2a: Magearna|74/100|[from] item: Leftovers
|-damage|p1a: Walking Wake|49/100 psn|[from] psn
|turn|14
|
|move|p1a: Walking Wake|Flamethrower|p2a: Magearna
|-supereffective|p2a: Magearna
|-damage|p2a: Magearna|21/100
|move|p2a: Magearna|Shift Gear|p2a: Magearna
|-boost|p2a: Magearna|spe|2
|-boost|p2a: Magearna|atk|1
|
|-heal|p2a: Magearna|27/100|[from] item: Leftovers
|-damage|p1a: Walking Wake|37/100 psn|[from] psn
|turn|15
|
|switch|p2a: Great Tusk|Great Tusk|100/100
|-enditem|p2a: Great Tusk|Booster Energy
|-activate|p2a: Great Tusk|ability: Protosynthesis|[fromitem]
|-start|p2a: Great Tusk|protosynthesisatk
|move|p1a: Walking Wake|Flamethrower|p2a: Great Tusk
|-damage|p2a: Great Tusk|51/100
|
|-damage|p1a: Walking Wake|24/100 psn|[from] psn
|turn|16
|
|-end|p2a: Great Tusk|Protosynthesis|[silent]
|switch|p2a: Amoonguss|Amoonguss, M|100/100
|move|p1a: Walking Wake|Hydro Steam|p2a: Amoonguss
|-resisted|p2a: Amoonguss
|-damage|p2a: Amoonguss|80/100
|
|-heal|p2a: Amoonguss|87/100|[from] item: Leftovers
|-damage|p1a: Walking Wake|12/100 psn|[from] psn
|turn|17
|
|move|p1a: Walking Wake|Flamethrower|p2a: Amoonguss
|-supereffective|p2a: Amoonguss
|-damage|p2a: Amoonguss|29/100
|move|p2a: Amoonguss|Energy Ball|p1a: Walking Wake
|-damage|p1a: Walking Wake|0 fnt
|faint|p1a: Walking Wake
|-end|p1a: Walking Wake|Protosynthesis|[silent]
|
|-heal|p2a: Amoonguss|35/100|[from] item: Leftovers
|
|switch|p1a: Torkoal|Torkoal, F|61/100 psn
|-weather|SunnyDay|[from] ability: Drought|[of] p1a: Torkoal
|turn|18
|
|switch|p1a: Great Tusk|Great Tusk|100/100
|-status|p1a: Great Tusk|psn
|-activate|p1a: Great Tusk|ability: Protosynthesis
|-start|p1a: Great Tusk|protosynthesisatk
|move|p2a: Amoonguss|Rest|p2a: Amoonguss
|-status|p2a: Amoonguss|slp|[from] move: Rest
|-heal|p2a: Amoonguss|100/100 slp|[silent]
|
|-weather|SunnyDay|[upkeep]
|-damage|p1a: Great Tusk|88/100 psn|[from] psn
|turn|19
|
|move|p1a: Great Tusk|Rapid Spin|p2a: Amoonguss
|-damage|p2a: Amoonguss|84/100 slp
|-boost|p1a: Great Tusk|spe|1
|-sideend|p1: p1|Toxic Spikes|[from] move: Rapid Spin|[of] p1a: Great Tusk
|cant|p2a: Amoonguss|slp
|
|-weather|SunnyDay|[upkeep]
|-heal|p1a: Great Tusk|94/100 psn|[from] item: Leftovers
|-heal|p2a: Amoonguss|90/100 slp|[from] item: Leftovers
|-damage|p1a: Great Tusk|82/100 psn|[from] psn
|turn|20
|
|move|p1a: Great Tusk|Stealth Rock|p2a: Amoonguss
|-sidestart|p2: p2|move: Stealth Rock
|cant|p2a: Amoonguss|slp
|
|-weather|SunnyDay|[upkeep]
|-heal|p1a: Great Tusk|88/100 psn|[from] item: Leftovers
|-heal|p2a: Amoonguss|96/100 slp|[from] item: Leftovers
|-damage|p1a: Great Tusk|76/100 psn|[from] psn
|turn|21
|
|-end|p1a: Great Tusk|Protosynthesis|[silent]
|switch|p1a: Ursaluna|Ursaluna, F|68/100 psn
|-curestatus|p2a: Amoonguss|slp|[msg]
|move|p2a: Amoonguss|Energy Ball|p1a: Ursaluna
|-supereffective|p1a: Ursaluna
|-damage|p1a: Ursaluna|24/100 psn
|
|-weather|SunnyDay|[upkeep]
|-heal|p2a: Amoonguss|100/100|[from] item: Leftovers
|-damage|p1a: Ursaluna|12/100 psn|[from] psn
|turn|22
|
|move|p1a: Ursaluna|Facade|p2a: Amoonguss
|-damage|p2a: Amoonguss|16/100
|move|p2a: Amoonguss|Energy Ball|p1a: Ursaluna
|-supereffective|p1a: Ursaluna
|-damage|p1a: Ursaluna|0 fnt
|faint|p1a: Ursaluna
|
|-weather|none
|-heal|p2a: Amoonguss|22/100|[from] item: Leftovers
|
|switch|p1a: Lilligant|Lilligant-Hisui, F, shiny|51/100
|turn|23
|
|move|p1a: Lilligant|Substitute|p1a: Lilligant
|-start|p1a: Lilligant|Substitute
|-damage|p1a: Lilligant|26/100
|move|p2a: Amoonguss|Rest|p2a: Amoonguss
|-status|p2a: Amoonguss|slp|[from] move: Rest
|-heal|p2a: Amoonguss|100/100 slp|[silent]
|
|turn|24
|
|move|p1a: Lilligant|Victory Dance|p1a: Lilligant
|-boost|p1a: Lilligant|atk|1
|-boost|p1a: Lilligant|def|1
|-boost|p1a: Lilligant|spe|1
|cant|p2a: Amoonguss|slp
|
|turn|25
|
|switch|p2a: Clodsire|Clodsire, F|75/100 slp
|-damage|p2a: Clodsire|69/100 slp|[from] Stealth Rock
|move|p1a: Lilligant|Victory Dance|p1a: Lilligant
|-boost|p1a: Lilligant|atk|1
|-boost|p1a: Lilligant|def|1
|-boost|p1a: Lilligant|spe|1
|
|-heal|p2a: Clodsire|75/100 slp|[from] item: Black Sludge
|turn|26
|
|move|p1a: Lilligant|Solar Blade||[still]
|-prepare|p1a: Lilligant|Solar Blade
|cant|p2a: Clodsire|slp
|
|-heal|p2a: Clodsire|81/100 slp|[from] item: Black Sludge
|turn|27
|
|-terastallize|p2a: Clodsire|Poison
|move|p1a: Lilligant|Solar Blade|p2a: Clodsire|[from]lockedmove
|-resisted|p2a: Clodsire
|-damage|p2a: Clodsire|52/100 slp
|-damage|p1a: Lilligant|16/100|[from] item: Life Orb
|cant|p2a: Clodsire|slp
|
|-heal|p2a: Clodsire|58/100 slp|[from] item: Black Sludge
|turn|28
|
|move|p1a: Lilligant|Close Combat|p2a: Clodsire
|-resisted|p2a: Clodsire
|-damage|p2a: Clodsire|32/100 slp
|-unboost|p1a: Lilligant|def|1
|-unboost|p1a: Lilligant|spd|1
|-damage|p1a: Lilligant|6/100|[from] item: Life Orb
|cant|p2a: Clodsire|slp
|
|-heal|p2a: Clodsire|38/100 slp|[from] item: Black Sludge
|turn|29
|
|move|p1a: Lilligant|Close Combat|p2a: Clodsire
|-resisted|p2a: Clodsire
|-damage|p2a: Clodsire|9/100 slp
|-unboost|p1a: Lilligant|def|1
|-unboost|p1a: Lilligant|spd|1
|-damage|p1a: Lilligant|0 fnt|[from] item: Life Orb
|faint|p1a: Lilligant
|-curestatus|p2a: Clodsire|slp|[msg]
|move|p2a: Clodsire|Recover|p2a: Clodsire
|-heal|p2a: Clodsire|59/100
|
|-heal|p2a: Clodsire|65/100|[from] item: Black Sludge
|-message|p1 forfeited.
|
|win|p2
