|poke|p1|Carbink|
|poke|p1|Cinderace, M|
|poke|p1|Ursaluna, F|
|poke|p1|Azumarill, M|
|poke|p1|Polteageist|
|poke|p1|Great Tusk|
|poke|p2|Zapdos-Galar|
|poke|p2|Azelf|
|poke|p2|Goodra-Hisui, F|
|poke|p2|Lilligant-Hisui, F|
|poke|p2|Typhlosion-Hisui, M|
|poke|p2|Kleavor, M|
|teampreview
|
|start
|switch|p1a: Carbink|Carbink|100/100
|switch|p2a: Lilligant|Lilligant-Hisui, F|100/100
|turn|1
|
|move|p2a: Lilligant|Victory Dance|p2a: Lilligant
|-boost|p2a: Lilligant|atk|1
|-boost|p2a: Lilligant|def|1
|-boost|p2a: Lilligant|spe|1
|move|p1a: Carbink|Stealth Rock|p2a: Lilligant
|-sidestart|p2: p2|move: Stealth Rock
|
|turn|2
|
|move|p2a: Lilligant|Petal Blizzard|p1a: Carbink
|-supereffective|p1a: Carbink
|-ability|p1a: Carbink|Sturdy
|-damage|p1a: Carbink|1/100
|move|p1a: Carbink|Spikes|p2a: Lilligant
|-sidestart|p2: p2|Spikes
|
|-heal|p1a: Carbink|7/100|[from] item: Leftovers
|turn|3
|
|move|p2a: Lilligant|Petal Blizzard|p1a: Carbink
|-supereffective|p1a: Carbink
|-damage|p1a: Carbink|0 fnt
|faint|p1a: Carbink
|
|
|switch|p1a: Cinderace|Cinderace, M|100/100
|turn|4
|
|move|p2a: Lilligant|Brick Break|p1a: Cinderace
|-damage|p1a: Cinderace|0 fnt
|faint|p1a: Cinderace
|
|
|switch|p1a: Polteageist|Polteageist|100/100
|turn|5
|
|move|p2a: Lilligant|Petal Blizzard|p1a: Polteageist|[miss]
|-miss|p2a: Lilligant|p1a: Polteageist
|move|p1a: Polteageist|Shell Smash|p1a: Polteageist
|-unboost|p1a: Polteageist|def|1
|-unboost|p1a: Polteageist|spd|1
|-boost|p1a: Polteageist|atk|2
|-boost|p1a: Polteageist|spa|2
|-boost|p1a: Polteageist|spe|2
|
|turn|6
|
|move|p1a: Polteageist|Shadow Ball|p2a: Lilligant
|-damage|p2a: Lilligant|0 fnt
|faint|p2a: Lilligant
|
|
|switch|p2a: Goodra|Goodra-Hisui, F|100/100
|-damage|p2a: Goodra|94/100|[from] Stealth Rock
|-damage|p2a: Goodra|82/100|[from] Spikes
|turn|7
|
|move|p1a: Polteageist|Shadow Ball|p2a: Goodra
|-damage|p2a: Goodra|19/100
|move|p2a: Goodra|Flash Cannon|p1a: Polteageist
|-damage|p1a: Polteageist|32/100
|
|-heal|p2a: Goodra|25/100|[from] item: Leftovers
|turn|8
|
|move|p1a: Polteageist|Shadow Ball|p2a: Goodra
|-damage|p2a: Goodra|0 fnt
|faint|p2a: Goodra
|
|
|switch|p2a: Kleavor|Kleavor, M|100/100
|turn|9
|
|move|p1a: Polteageist|Giga Drain|p2a: Kleavor
|-damage|p2a: Kleavor|7/100
|-heal|p1a: Polteageist|82/100|[from] drain|[of] p2a: Kleavor
|move|p2a: Kleavor|Night Slash|p1a: Polteageist
|-supereffective|p1a: Polteageist
|-damage|p1a: Polteageist|0 fnt
|faint|p1a: Polteageist
|
|
|switch|p1a: Great Tusk|Great Tusk|100/100
|turn|10
|
|move|p1a: Great Tusk|Knock Off|p2a: Kleavor
|-damage|p2a: Kleavor|0 fnt
|-enditem|p2a: Kleavor|Heavy-Duty Boots|[from] move: Knock Off|[of] p1a: Great Tusk
|faint|p2a: Kleavor
|
|
|switch|p2a: Zapdos|Zapdos-Galar, shiny|100/100
|-damage|p2a: Zapdos|88/100|[from] Stealth Rock
|turn|11
|
|move|p1a: Great Tusk|Stone Edge|p2a: Zapdos|[miss]
|-miss|p1a: Great Tusk|p2a: Zapdos
|move|p2a: Zapdos|Tailwind|p2a: Zapdos
|-sidestart|p2: p2|move: Tailwind
|
|turn|12
|
|move|p2a: Zapdos|Acrobatics|p1a: Great Tusk
|-supereffective|p1a: Great Tusk
|-damage|p1a: Great Tusk|53/100
|move|p1a: Great Tusk|Stone Edge|p2a: Zapdos
|-damage|p2a: Zapdos|46/100
|-enditem|p2a: Zapdos|Sitrus Berry|[eat]
|-heal|p2a: Zapdos|71/100|[from] item: Sitrus Berry
|
|turn|13
|
|move|p2a: Zapdos|Acrobatics|p1a: Great Tusk
|-supereffective|p1a: Great Tusk
|-damage|p1a: Great Tusk|0 fnt
|faint|p1a: Great Tusk
|-end|p1a: Great Tusk|Protosynthesis|[silent]
|
|
|switch|p1a: Azumarill|Azumarill, M|100/100
|turn|14
|
|move|p2a: Zapdos|Acrobatics|p1a: Azumarill
|-damage|p1a: Azumarill|32/100
|move|p1a: Azumarill|Substitute|p1a: Azumarill
|-start|p1a: Azumarill|Substitute
|-damage|p1a: Azumarill|8/100
|-enditem|p1a: Azumarill|Salac Berry|[eat]
|-boost|p1a: Azumarill|spe|1|[from] item: Salac Berry
|
|-sideend|p2: p2|move: Tailwind
|turn|15
|
|move|p1a: Azumarill|Play Rough|p2a: Zapdos
|-supereffective|p2a: Zapdos
|-damage|p2a: Zapdos|0 fnt
|faint|p2a: Zapdos
|
|
|switch|p2a: Azelf|Azelf|100/100
|-damage|p2a: Azelf|88/100|[from] Stealth Rock
|turn|16
|
|move|p2a: Azelf|Energy Ball|p1a: Azumarill
|-supereffective|p1a: Azumarill
|-end|p1a: Azumarill|Substitute
|move|p1a: Azumarill|Play Rough|p2a: Azelf
|-damage|p2a: Azelf|9/100
|
|turn|17
|
|move|p1a: Azumarill|Aqua Jet|p2a: Azelf
|-damage|p2a: Azelf|0 fnt
|faint|p2a: Azelf
|
|
|switch|p2a: Typhlosion|Typhlosion-Hisui, M, shiny|100/100
|-damage|p2a: Typhlosion|76/100|[from] Stealth Rock
|-damage|p2a: Typhlosion|64/100|[from] Spikes
|turn|18
|
|-terastallize|p2a: Typhlosion|Fighting
|move|p1a: Azumarill|Aqua Jet|p2a: Typhlosion
|-damage|p2a: Typhlosion|28/100
|move|p2a: Typhlosion|Infernal Parade|p1a: Azumarill
|-crit|p1a: Azumarill
|-damage|p1a: Azumarill|0 fnt
|faint|p1a: Azumarill
|
|
|switch|p1a: Ursaluna|Ursaluna, F|100/100
|turn|19
|
|move|p2a: Typhlosion|Focus Blast|p1a: Ursaluna
|-supereffective|p1a: Ursaluna
|-damage|p1a: Ursaluna|0 fnt
|faint|p1a: Ursaluna
|
|win|p2
|player|p2|p2|riley
