|poke|p1|Hariyama, F|
|poke|p1|Samurott-Hisui, F|
|poke|p1|Gholdengo|
|poke|p1|Uxie|
|poke|p1|Dragonite, M|
|poke|p1|Electrode-Hisui|
|poke|p2|Magearna|
|poke|p2|Grimmsnarl, M|
|poke|p2|Sneasler, M|
|poke|p2|Landorus-Therian, M|
|poke|p2|Skeledirge, M|
|poke|p2|Volcanion|
|teampreview
|
|start
|switch|p1a: Samurott|Samurott-Hisui, F, shiny|100/100
|switch|p2a: Sneasler|Sneasler, M|100/100
|turn|1
|
|switch|p1a: Gholdengo|Gholdengo|100/100
|-item|p1a: Gholdengo|Air Balloon
|move|p2a: Sneasler|Dire Claw|p1a: Gholdengo
|-immune|p1a: Gholdengo
|
|turn|2
|
|switch|p2a: Volcanion|Volcanion|100/100
|move|p1a: Gholdengo|Shadow Ball|p2a: Volcanion
|-damage|p2a: Volcanion|59/100
|-unboost|p2a: Volcanion|spd|1
|
|turn|3
|
|move|p1a: Gholdengo|Power Gem|p2a: Volcanion
|-supereffective|p2a: Volcanion
|-damage|p2a: Volcanion|0 fnt
|faint|p2a: Volcanion
|
|
|switch|p2a: Skeledirge|Skeledirge, M|100/100
|turn|4
|
|switch|p1a: Samurott|Samurott-Hisui, F, shiny|100/100
|move|p2a: Skeledirge|Torch Song|p1a: Samurott
|-resisted|p1a: Samurott
|-damage|p1a: Samurott|80/100
|-boost|p2a: Skeledirge|spa|1
|
|turn|5
|
|move|p1a: Samurott|Ceaseless Edge|p2a: Skeledirge
|-supereffective|p2a: Skeledirge
|-damage|p2a: Skeledirge|42/100
|-sidestart|p2: uBezin|Spikes
|move|p2a: Skeledirge|Will-O-Wisp|p1a: Samurott
|-status|p1a: Samurott|brn
|
|-damage|p1a: Samurott|73/100 brn|[from] brn
|turn|6
|
|move|p1a: Samurott|Ceaseless Edge|p2a: Skeledirge
|-supereffective|p2a: Skeledirge
|-damage|p2a: Skeledirge|8/100
|-sidestart|p2: uBezin|Spikes
|move|p2a: Skeledirge|Slack Off|p2a: Skeledirge
|-heal|p2a: Skeledirge|58/100
|
|-damage|p1a: Samurott|67/100 brn|[from] brn
|turn|7
|
|move|p1a: Samurott|Ceaseless Edge|p2a: Skeledirge
|-supereffective|p2a: Skeledirge
|-damage|p2a: Skeledirge|20/100
|-sidestart|p2: uBezin|Spikes
|move|p2a: Skeledirge|Torch Song|p1a: Samurott
|-resisted|p1a: Samurott
|-damage|p1a: Samurott|36/100 brn
|-boost|p2a: Skeledirge|spa|1
|
|-damage|p1a: Samurott|29/100 brn|[from] brn
|turn|8
|
|move|p1a: Samurott|Aqua Cutter|p2a: Skeledirge
|-supereffective|p2a: Skeledirge
|-damage|p2a: Skeledirge|0 fnt
|faint|p2a: Skeledirge
|
|-damage|p1a: Samurott|23/100 brn|[from] brn
|
|switch|p2a: Sneasler|Sneasler, M|100/100
|-damage|p2a: Sneasler|76/100|[from] Spikes
|turn|9
|
|move|p1a: Samurott|Aqua Jet|p2a: Sneasler
|-damage|p2a: Sneasler|61/100
|move|p2a: Sneasler|Close Combat|p1a: Samurott
|-supereffective|p1a: Samurott
|-damage|p1a: Samurott|0 fnt
|-unboost|p2a: Sneasler|def|1
|-unboost|p2a: Sneasler|spd|1
|-enditem|p2a: Sneasler|White Herb
|-clearnegativeboost|p2a: Sneasler|[silent]
|faint|p1a: Samurott
|
|
|switch|p1a: Gholdengo|Gholdengo|100/100
|-item|p1a: Gholdengo|Air Balloon
|turn|10
|
|move|p2a: Sneasler|Acrobatics|p1a: Gholdengo
|-resisted|p1a: Gholdengo
|-damage|p1a: Gholdengo|78/100
|-enditem|p1a: Gholdengo|Air Balloon
|move|p1a: Gholdengo|Shadow Ball|p2a: Sneasler
|-damage|p2a: Sneasler|0 fnt
|faint|p2a: Sneasler
|
|
|switch|p2a: Landorus|Landorus-Therian, M|100/100
|-ability|p2a: Landorus|Intimidate|boost
|-unboost|p1a: Gholdengo|atk|1
|turn|11
|
|switch|p1a: Uxie|Uxie|100/100
|move|p2a: Landorus|Stealth Rock|p1a: Uxie
|-sidestart|p1: KingsAmongUs|move: Stealth Rock
|
|turn|12
|
|move|p1a: Uxie|Stealth Rock|p2a: Landorus
|-sidestart|p2: uBezin|move: Stealth Rock
|move|p2a: Landorus|U-turn|p1a: Uxie
|-supereffective|p1a: Uxie
|-damage|p1a: Uxie|73/100
|
|switch|p2a: Grimmsnarl|Grimmsnarl, M|100/100|[from] U-turn
|-damage|p2a: Grimmsnarl|75/100|[from] Spikes
|-damage|p2a: Grimmsnarl|63/100|[from] Stealth Rock
|
|-heal|p1a: Uxie|79/100|[from] item: Leftovers
|turn|13
|
|move|p2a: Grimmsnarl|Taunt|p1a: Uxie
|-start|p1a: Uxie|move: Taunt
|cant|p1a: Uxie|move: Taunt|Encore
|
|-heal|p1a: Uxie|85/100|[from] item: Leftovers
|turn|14
|
|move|p2a: Grimmsnarl|Reflect|p2a: Grimmsnarl
|-sidestart|p2: uBezin|Reflect
|move|p1a: Uxie|U-turn|p2a: Grimmsnarl
|-damage|p2a: Grimmsnarl|56/100
|
|switch|p1a: Leki At Home|Electrode-Hisui|100/100|[from] U-turn
|-damage|p1a: Leki At Home|88/100|[from] Stealth Rock
|
|-heal|p1a: Leki At Home|94/100|[from] item: Leftovers
|turn|15
|
|move|p2a: Grimmsnarl|Light Screen|p2a: Grimmsnarl
|-sidestart|p2: uBezin|move: Light Screen
|move|p1a: Leki At Home|Substitute|p1a: Leki At Home
|-start|p1a: Leki At Home|Substitute
|-damage|p1a: Leki At Home|70/100
|
|-heal|p1a: Leki At Home|76/100|[from] item: Leftovers
|turn|16
|
|move|p2a: Grimmsnarl|Taunt|p1a: Leki At Home
|-start|p1a: Leki At Home|move: Taunt
|cant|p1a: Leki At Home|move: Taunt|Leech Seed
|
|-heal|p1a: Leki At Home|82/100|[from] item: Leftovers
|turn|17
|
|move|p2a: Grimmsnarl|Parting Shot|p1a: Leki At Home
|-immune|p1a: Leki At Home|[from] ability: Soundproof
|move|p1a: Leki At Home|Volt Switch|p2a: Grimmsnarl
|-damage|p2a: Grimmsnarl|45/100
|
|switch|p1a: Gholdengo|Gholdengo|78/100|[from] Volt Switch
|-damage|p1a: Gholdengo|72/100|[from] Stealth Rock
|
|turn|18
|
|switch|p2a: Landorus|Landorus-Therian, M|100/100
|-damage|p2a: Landorus|88/100|[from] Stealth Rock
|-ability|p2a: Landorus|Intimidate|boost
|-unboost|p1a: Gholdengo|atk|1
|move|p1a: Gholdengo|Recover|p1a: Gholdengo
|-heal|p1a: Gholdengo|100/100
|
|-heal|p2a: Landorus|94/100|[from] item: Leftovers
|turn|19
|
|move|p1a: Gholdengo|Shadow Ball|p2a: Landorus
|-damage|p2a: Landorus|70/100
|move|p2a: Landorus|U-turn|p1a: Gholdengo
|-resisted|p1a: Gholdengo
|-damage|p1a: Gholdengo|94/100
|
|switch|p2a: Magearna|Magearna|100/100|[from] U-turn
|-damage|p2a: Magearna|76/100|[from] Spikes
|-damage|p2a: Magearna|70/100|[from] Stealth Rock
|
|-heal|p2a: Magearna|76/100|[from] item: Leftovers
|turn|20
|
|switch|p1a: Uxie|Uxie|85/100
|-damage|p1a: Uxie|73/100|[from] Stealth Rock
|move|p2a: Magearna|Shift Gear|p2a: Magearna
|-boost|p2a: Magearna|spe|2
|-boost|p2a: Magearna|atk|1
|
|-heal|p2a: Magearna|82/100|[from] item: Leftovers
|-heal|p1a: Uxie|79/100|[from] item: Leftovers
|turn|21
|
|move|p2a: Magearna|Draining Kiss|p1a: Uxie
|-damage|p1a: Uxie|58/100
|-heal|p2a: Magearna|100/100|[from] drain|[of] p1a: Uxie
|move|p1a: Uxie|Encore|p2a: Magearna
|-start|p2a: Magearna|Encore
|
|-heal|p1a: Uxie|64/100|[from] item: Leftovers
|-sideend|p2: uBezin|Reflect
|turn|22
|
|move|p2a: Magearna|Draining Kiss|p1a: Uxie
|-damage|p1a: Uxie|43/100
|move|p1a: Uxie|U-turn|p2a: Magearna
|-resisted|p2a: Magearna
|-damage|p2a: Magearna|97/100
|
|switch|p1a: Gholdengo|Gholdengo|94/100|[from] U-turn
|-damage|p1a: Gholdengo|88/100|[from] Stealth Rock
|
|-heal|p2a: Magearna|100/100|[from] item: Leftovers
|-sideend|p2: uBezin|move: Light Screen
|turn|23
|
|switch|p2a: Landorus|Landorus-Therian, M|70/100
|-damage|p2a: Landorus|58/100|[from] Stealth Rock
|-ability|p2a: Landorus|Intimidate|boost
|-unboost|p1a: Gholdengo|atk|1
|move|p1a: Gholdengo|Shadow Ball|p2a: Landorus
|-damage|p2a: Landorus|7/100
|
|-heal|p2a: Landorus|13/100|[from] item: Leftovers
|turn|24
|
|move|p1a: Gholdengo|Shadow Ball|p2a: Landorus
|-damage|p2a: Landorus|0 fnt
|faint|p2a: Landorus
|
|
|switch|p2a: Grimmsnarl|Grimmsnarl, M|45/100
|-damage|p2a: Grimmsnarl|20/100|[from] Spikes
|-damage|p2a: Grimmsnarl|8/100|[from] Stealth Rock
|turn|25
|
|move|p2a: Grimmsnarl|Light Screen|p2a: Grimmsnarl
|-sidestart|p2: uBezin|move: Light Screen
|move|p1a: Gholdengo|Shadow Ball|p2a: Grimmsnarl
|-resisted|p2a: Grimmsnarl
|-damage|p2a: Grimmsnarl|0 fnt
|faint|p2a: Grimmsnarl
|
|
|switch|p2a: Magearna|Magearna|100/100
|-damage|p2a: Magearna|76/100|[from] Spikes
|-damage|p2a: Magearna|70/100|[from] Stealth Rock
|turn|26
|
|switch|p1a: Uxie|Uxie|43/100
|-damage|p1a: Uxie|31/100|[from] Stealth Rock
|move|p2a: Magearna|Calm Mind|p2a: Magearna
|-boost|p2a: Magearna|spa|1
|-boost|p2a: Magearna|spd|1
|
|-heal|p2a: Magearna|76/100|[from] item: Leftovers
|-heal|p1a: Uxie|37/100|[from] item: Leftovers
|turn|27
|
|move|p2a: Magearna|Shift Gear|p2a: Magearna
|-boost|p2a: Magearna|spe|2
|-boost|p2a: Magearna|atk|1
|move|p1a: Uxie|Encore|p2a: Magearna
|-start|p2a: Magearna|Encore
|
|-heal|p2a: Magearna|82/100|[from] item: Leftovers
|-heal|p1a: Uxie|43/100|[from] item: Leftovers
|turn|28
|
|move|p2a: Magearna|Shift Gear|p2a: Magearna
|-boost|p2a: Magearna|spe|2
|-boost|p2a: Magearna|atk|1
|move|p1a: Uxie|U-turn|p2a: Magearna
|-resisted|p2a: Magearna
|-damage|p2a: Magearna|79/100
|
|switch|p1a: Dragonite|Dragonite, M|100/100|[from] U-turn
|-damage|p1a: Dragonite|76/100|[from] Stealth Rock
|
|-heal|p2a: Magearna|85/100|[from] item: Leftovers
|turn|29
|
|-terastallize|p2a: Magearna|Flying
|move|p2a: Magearna|Shift Gear|p2a: Magearna
|-boost|p2a: Magearna|spe|2
|-boost|p2a: Magearna|atk|1
|move|p1a: Dragonite|Earthquake|p2a: Magearna
|-immune|p2a: Magearna
|
|-heal|p2a: Magearna|91/100|[from] item: Leftovers
|turn|30
|
|move|p2a: Magearna|Shift Gear|p2a: Magearna
|-boost|p2a: Magearna|spe|0
|-boost|p2a: Magearna|atk|1
|move|p1a: Dragonite|Dragon Claw|p2a: Magearna
|-damage|p2a: Magearna|40/100
|
|-heal|p2a: Magearna|46/100|[from] item: Leftovers
|-end|p2a: Magearna|Encore
|turn|31
|
|-terastallize|p1a: Dragonite|Normal
|move|p1a: Dragonite|Extreme Speed|p2a: Magearna
|-damage|p2a: Magearna|0 fnt
|faint|p2a: Magearna
|
|win|KingsAmongUs
