|poke|p1|Chien-Pao|
|poke|p1|Gholdengo|
|poke|p1|Tyranitar, M|
|poke|p1|Quaquaval, F|
|poke|p1|Amoonguss, M|
|poke|p1|Iron Treads|
|poke|p2|Slowking, M|
|poke|p2|Greninja, M|
|poke|p2|Clodsire, F|
|poke|p2|Corviknight, F|
|poke|p2|Volcarona, M|
|poke|p2|Gholdengo|
|teampreview
|
|start
|switch|p1a: Tyranitar|Tyranitar, M|100/100
|switch|p2a: Bread👍|Clodsire, F|100/100
|-weather|Sandstorm|[from] ability: Sand Stream|[of] p1a: Tyranitar
|turn|1
|
|switch|p2a: Borb|Corviknight, F|100/100
|-ability|p2a: Borb|Pressure
|move|p1a: Tyranitar|Earthquake|p2a: Borb
|-immune|p2a: Borb
|
|-weather|Sandstorm|[upkeep]
|turn|2
|
|switch|p1a: Quaquaval|Quaquaval, F|100/100
|move|p2a: Borb|U-turn|p1a: Quaquaval
|-resisted|p1a: Quaquaval
|-damage|p1a: Quaquaval|93/100
|
|switch|p2a: THE GOAT|Greninja, M|100/100|[from] U-turn
|
|-weather|Sandstorm|[upkeep]
|-damage|p2a: THE GOAT|95/100|[from] Sandstorm
|-damage|p1a: Quaquaval|86/100|[from] Sandstorm
|turn|3
|
|-terastallize|p1a: Quaquaval|Water
|move|p2a: THE GOAT|Gunk Shot|p1a: Quaquaval|[miss]
|-start|p2a: THE GOAT|typechange|Poison|[from] ability: Protean
|-miss|p2a: THE GOAT|p1a: Quaquaval
|move|p1a: Quaquaval|Bulk Up|p1a: Quaquaval
|-boost|p1a: Quaquaval|atk|1
|-boost|p1a: Quaquaval|def|1
|
|-weather|Sandstorm|[upkeep]
|-damage|p2a: THE GOAT|89/100|[from] Sandstorm
|-damage|p1a: Quaquaval|80/100|[from] Sandstorm
|turn|4
|
|switch|p2a: Bread👍|Clodsire, F|100/100
|move|p1a: Quaquaval|Aqua Step|p2a: Bread👍
|-immune|p2a: Bread👍|[from] ability: Water Absorb
|
|-weather|Sandstorm|[upkeep]
|-damage|p1a: Quaquaval|74/100|[from] Sandstorm
|turn|5
|
|move|p1a: Quaquaval|Close Combat|p2a: Bread👍
|-resisted|p2a: Bread👍
|-damage|p2a: Bread👍|68/100
|-unboost|p1a: Quaquaval|def|1
|-unboost|p1a: Quaquaval|spd|1
|move|p2a: Bread👍|Toxic|p1a: Quaquaval
|-status|p1a: Quaquaval|tox
|
|-weather|none
|-heal|p2a: Bread👍|74/100|[from] item: Black Sludge
|-damage|p1a: Quaquaval|68/100 tox|[from] psn
|turn|6
|
|switch|p1a: Amoonguss|Amoonguss, M|100/100
|move|p2a: Bread👍|Recover|p2a: Bread👍
|-heal|p2a: Bread👍|100/100
|
|turn|7
|
|switch|p2a: Cheese|Gholdengo|100/100
|move|p1a: Amoonguss|Giga Drain|p2a: Cheese
|-resisted|p2a: Cheese
|-damage|p2a: Cheese|89/100
|
|turn|8
|
|switch|p1a: Iron Treads|Iron Treads|100/100
|move|p2a: Cheese|Thunder Wave|p1a: Iron Treads
|-immune|p1a: Iron Treads
|
|turn|9
|
|switch|p2a: Borb|Corviknight, F|100/100
|-ability|p2a: Borb|Pressure
|move|p1a: Iron Treads|Stealth Rock|p2a: Borb
|-sidestart|p2: p2|move: Stealth Rock
|
|turn|10
|
|-end|p1a: Iron Treads|Quark Drive|[silent]
|switch|p1a: Quaquaval|Quaquaval, F, tera:Water|68/100 tox
|move|p2a: Borb|Defog|p1a: Quaquaval
|-unboost|p1a: Quaquaval|evasion|1
|-sideend|p2: p2|Stealth Rock|[from] move: Defog|[of] p2a: Borb
|
|-damage|p1a: Quaquaval|61/100 tox|[from] psn
|turn|11
|
|move|p1a: Quaquaval|Aqua Step|p2a: Borb
|-damage|p2a: Borb|68/100
|-boost|p1a: Quaquaval|spe|1
|-damage|p1a: Quaquaval|45/100 tox|[from] item: Rocky Helmet|[of] p2a: Borb
|move|p2a: Borb|U-turn|p1a: Quaquaval
|-damage|p1a: Quaquaval|28/100 tox
|
|switch|p2a: THE GOAT|Greninja, M|89/100|[from] U-turn
|
|-damage|p1a: Quaquaval|16/100 tox|[from] psn
|turn|12
|
|move|p2a: THE GOAT|U-turn|p1a: Quaquaval
|-start|p2a: THE GOAT|typechange|Bug|[from] ability: Protean
|-damage|p1a: Quaquaval|0 fnt
|faint|p1a: Quaquaval
|
|switch|p2a: Tanjiro|Volcarona, M|100/100|[from] U-turn
|
|
|switch|p1a: Tyranitar|Tyranitar, M|100/100
|-weather|Sandstorm|[from] ability: Sand Stream|[of] p1a: Tyranitar
|turn|13
|
|switch|p2a: Borb|Corviknight, F|68/100
|-ability|p2a: Borb|Pressure
|move|p1a: Tyranitar|Crunch|p2a: Borb
|-damage|p2a: Borb|48/100
|-unboost|p2a: Borb|def|1
|-damage|p1a: Tyranitar|84/100|[from] item: Rocky Helmet|[of] p2a: Borb
|
|-weather|Sandstorm|[upkeep]
|turn|14
|
|switch|p2a: THE GOAT|Greninja, M|89/100
|move|p1a: Tyranitar|Fire Punch|p2a: THE GOAT
|-resisted|p2a: THE GOAT
|-damage|p2a: THE GOAT|67/100
|
|-weather|Sandstorm|[upkeep]
|-damage|p2a: THE GOAT|61/100|[from] Sandstorm
|turn|15
|
|move|p2a: THE GOAT|U-turn|p1a: Tyranitar
|-start|p2a: THE GOAT|typechange|Bug|[from] ability: Protean
|-supereffective|p1a: Tyranitar
|-damage|p1a: Tyranitar|38/100
|
|switch|p2a: Borb|Corviknight, F|48/100|[from] U-turn
|-ability|p2a: Borb|Pressure
|move|p1a: Tyranitar|Stone Edge|p2a: Borb
|-damage|p2a: Borb|21/100
|
|-weather|Sandstorm|[upkeep]
|turn|16
|
|move|p2a: Borb|Roost|p2a: Borb
|-heal|p2a: Borb|71/100
|-singleturn|p2a: Borb|move: Roost
|move|p1a: Tyranitar|Fire Punch|p2a: Borb
|-supereffective|p2a: Borb
|-damage|p2a: Borb|45/100
|-damage|p1a: Tyranitar|21/100|[from] item: Rocky Helmet|[of] p2a: Borb
|
|-weather|Sandstorm|[upkeep]
|turn|17
|
|switch|p1a: Chien-Pao|Chien-Pao|100/100
|-ability|p1a: Chien-Pao|Sword of Ruin
|move|p2a: Borb|Roost|p2a: Borb
|-heal|p2a: Borb|95/100
|-singleturn|p2a: Borb|move: Roost
|
|-weather|none
|turn|18
|
|move|p1a: Chien-Pao|Ice Spinner|p2a: Borb
|-damage|p2a: Borb|64/100
|-damage|p1a: Chien-Pao|84/100|[from] item: Rocky Helmet|[of] p2a: Borb
|move|p2a: Borb|U-turn|p1a: Chien-Pao
|-supereffective|p1a: Chien-Pao
|-damage|p1a: Chien-Pao|47/100
|
|switch|p2a: THE GOAT|Greninja, M|61/100|[from] U-turn
|
|turn|19
|
|switch|p1a: Iron Treads|Iron Treads|100/100
|move|p2a: THE GOAT|U-turn|p1a: Iron Treads
|-start|p2a: THE GOAT|typechange|Bug|[from] ability: Protean
|-resisted|p1a: Iron Treads
|-damage|p1a: Iron Treads|93/100
|
|switch|p2a: Blud|Slowking, M, shiny|100/100|[from] U-turn
|
|-heal|p1a: Iron Treads|99/100|[from] item: Leftovers
|turn|20
|
|move|p1a: Iron Treads|Heavy Slam|p2a: Blud
|-resisted|p2a: Blud
|-damage|p2a: Blud|85/100
|move|p2a: Blud|Surf|p1a: Iron Treads
|-supereffective|p1a: Iron Treads
|-damage|p1a: Iron Treads|19/100
|
|-heal|p1a: Iron Treads|25/100|[from] item: Leftovers
|turn|21
|
|-end|p1a: Iron Treads|Quark Drive|[silent]
|switch|p1a: Gholdengo|Gholdengo|100/100
|move|p2a: Blud|Future Sight|p1a: Gholdengo
|-start|p2a: Blud|move: Future Sight
|
|turn|22
|
|move|p1a: Gholdengo|Shadow Ball|p2a: Blud
|-supereffective|p2a: Blud
|-damage|p2a: Blud|29/100
|move|p2a: Blud|Chilly Reception|p2a: Blud
|-weather|Snow
|
|switch|p2a: Bread👍|Clodsire, F|100/100|[from] Chilly Reception
|
|-weather|Snow|[upkeep]
|turn|23
|
|switch|p1a: Amoonguss|Amoonguss, M|100/100
|move|p2a: Bread👍|Earthquake|p1a: Amoonguss
|-damage|p1a: Amoonguss|81/100
|
|-weather|Snow|[upkeep]
|-end|p1a: Amoonguss|move: Future Sight
|-supereffective|p1a: Amoonguss
|-damage|p1a: Amoonguss|2/100
|-heal|p1a: Amoonguss|8/100|[from] item: Black Sludge
|turn|24
|
|move|p1a: Amoonguss|Giga Drain|p2a: Bread👍
|-damage|p2a: Bread👍|85/100
|-heal|p1a: Amoonguss|17/100|[from] drain|[of] p2a: Bread👍
|move|p2a: Bread👍|Earthquake|p1a: Amoonguss
|-crit|p1a: Amoonguss
|-damage|p1a: Amoonguss|0 fnt
|faint|p1a: Amoonguss
|
|-weather|Snow|[upkeep]
|-heal|p2a: Bread👍|91/100|[from] item: Black Sludge
|
|switch|p1a: Gholdengo|Gholdengo|100/100
|turn|25
|
|move|p1a: Gholdengo|Nasty Plot|p1a: Gholdengo
|-boost|p1a: Gholdengo|spa|2
|move|p2a: Bread👍|Earthquake|p1a: Gholdengo
|-supereffective|p1a: Gholdengo
|-damage|p1a: Gholdengo|50/100
|
|-weather|Snow|[upkeep]
|-heal|p1a: Gholdengo|56/100|[from] item: Leftovers
|-heal|p2a: Bread👍|97/100|[from] item: Black Sludge
|turn|26
|
|move|p1a: Gholdengo|Shadow Ball|p2a: Bread👍
|-damage|p2a: Bread👍|30/100
|move|p2a: Bread👍|Earthquake|p1a: Gholdengo
|-supereffective|p1a: Gholdengo
|-damage|p1a: Gholdengo|0 fnt
|faint|p1a: Gholdengo
|
|-weather|none
|-heal|p2a: Bread👍|36/100|[from] item: Black Sludge
|
|switch|p1a: Chien-Pao|Chien-Pao|47/100
|-ability|p1a: Chien-Pao|Sword of Ruin
|turn|27
|
|switch|p2a: Tanjiro|Volcarona, M|100/100
|move|p1a: Chien-Pao|Ice Spinner|p2a: Tanjiro
|-resisted|p2a: Tanjiro
|-damage|p2a: Tanjiro|69/100
|
|turn|28
|
|move|p1a: Chien-Pao|Sucker Punch||[still]
|-fail|p1a: Chien-Pao
|move|p2a: Tanjiro|Quiver Dance|p2a: Tanjiro
|-boost|p2a: Tanjiro|spa|1
|-boost|p2a: Tanjiro|spd|1
|-boost|p2a: Tanjiro|spe|1
|
|turn|29
|
|move|p2a: Tanjiro|Will-O-Wisp|p1a: Chien-Pao|[miss]
|-miss|p2a: Tanjiro|p1a: Chien-Pao
|move|p1a: Chien-Pao|Crunch|p2a: Tanjiro
|-damage|p2a: Tanjiro|8/100
|
|turn|30
|
|switch|p1a: Tyranitar|Tyranitar, M|21/100
|-weather|Sandstorm|[from] ability: Sand Stream|[of] p1a: Tyranitar
|move|p2a: Tanjiro|Fiery Dance|p1a: Tyranitar
|-resisted|p1a: Tyranitar
|-damage|p1a: Tyranitar|14/100
|
|-weather|Sandstorm|[upkeep]
|-damage|p2a: Tanjiro|2/100|[from] Sandstorm
|turn|31
|
|move|p2a: Tanjiro|Fiery Dance|p1a: Tyranitar
|-resisted|p1a: Tyranitar
|-crit|p1a: Tyranitar
|-damage|p1a: Tyranitar|3/100
|-boost|p2a: Tanjiro|spa|1
|move|p1a: Tyranitar|Crunch|p2a: Tanjiro
|-damage|p2a: Tanjiro|0 fnt
|-status|p1a: Tyranitar|brn|[from] ability: Flame Body|[of] p2a: Tanjiro
|faint|p2a: Tanjiro
|
|-weather|Sandstorm|[upkeep]
|-damage|p1a: Tyranitar|0 fnt|[from] brn
|faint|p1a: Tyranitar
|
|switch|p2a: THE GOAT|Greninja, M|61/100
|switch|p1a: Iron Treads|Iron Treads|25/100
|turn|32
|
|move|p2a: THE GOAT|Blizzard|p1a: Iron Treads
|-start|p2a: THE GOAT|typechange|Ice|[from] ability: Protean
|-damage|p1a: Iron Treads|0 fnt
|faint|p1a: Iron Treads
|-end|p1a: Iron Treads|Quark Drive|[silent]
|
|-weather|Sandstorm|[upkeep]
|-damage|p2a: THE GOAT|55/100|[from] Sandstorm
|-message|p1 forfeited.
|
|win|p2
