|poke|p1|Azumarill, M|
|poke|p1|Skeledirge, M|
|poke|p1|Magearna|
|poke|p1|Lilligant-Hisui, F|
|poke|p1|Great Tusk|
|poke|p1|Garganacl, M|
|poke|p2|Chien-Pao|
|poke|p2|Braviary-Hisui, M|
|poke|p2|Magearna|
|poke|p2|Zamazenta-*|
|poke|p2|Great Tusk|
|poke|p2|Kleavor, F|
|teampreview
|
|start
|switch|p1a: Femboy II|Azumarill, M, shiny|100/100
|switch|p2a: Kleavor|Kleavor, F|100/100
|turn|1
|
|switch|p2a: Zamazenta|Zamazenta-Crowned|100/100
|-ability|p2a: Zamazenta|Dauntless Shield|boost
|-boost|p2a: Zamazenta|def|1
|move|p1a: Femboy II|Belly Drum|p1a: Femboy II
|-damage|p1a: Femboy II|50/100
|-setboost|p1a: Femboy II|atk|6|[from] move: Belly Drum
|-enditem|p1a: Femboy II|Sitrus Berry|[eat]
|-heal|p1a: Femboy II|75/100|[from] item: Sitrus Berry
|
|turn|2
|
|move|p1a: Femboy II|Aqua Jet|p2a: Zamazenta
|-damage|p2a: Zamazenta|68/100
|move|p2a: Zamazenta|Iron Defense|p2a: Zamazenta
|-boost|p2a: Zamazenta|def|2
|
|turn|3
|
|move|p1a: Femboy II|Aqua Jet|p2a: Zamazenta
|-damage|p2a: Zamazenta|47/100
|move|p2a: Zamazenta|Iron Defense|p2a: Zamazenta
|-boost|p2a: Zamazenta|def|2
|
|turn|4
|
|move|p1a: Femboy II|Aqua Jet|p2a: Zamazenta
|-damage|p2a: Zamazenta|32/100
|move|p2a: Zamazenta|Body Press|p1a: Femboy II
|-resisted|p1a: Femboy II
|-damage|p1a: Femboy II|0 fnt
|faint|p1a: Femboy II
|
|
|switch|p1a: Zodiac Killer|Skeledirge, M, shiny|100/100
|turn|5
|
|move|p2a: Zamazenta|Crunch|p1a: Zodiac Killer
|-supereffective|p1a: Zodiac Killer
|-damage|p1a: Zodiac Killer|64/100
|move|p1a: Zodiac Killer|Torch Song|p2a: Zamazenta
|-supereffective|p2a: Zamazenta
|-damage|p2a: Zamazenta|0 fnt
|-boost|p1a: Zodiac Killer|spa|1
|faint|p2a: Zamazenta
|
|
|switch|p2a: Great Tusk|Great Tusk|100/100
|turn|6
|
|move|p2a: Great Tusk|Headlong Rush|p1a: Zodiac Killer
|-supereffective|p1a: Zodiac Killer
|-damage|p1a: Zodiac Killer|0 fnt
|-unboost|p2a: Great Tusk|def|1
|-unboost|p2a: Great Tusk|spd|1
|faint|p1a: Zodiac Killer
|
|
|switch|p1a: hear me out|Lilligant-Hisui, F, shiny|100/100
|turn|7
|
|-end|p2a: Great Tusk|Protosynthesis|[silent]
|switch|p2a: Braviary|Braviary-Hisui, M|100/100
|move|p1a: hear me out|Victory Dance|p1a: hear me out
|-boost|p1a: hear me out|atk|1
|-boost|p1a: hear me out|def|1
|-boost|p1a: hear me out|spe|1
|
|turn|8
|
|move|p1a: hear me out|Ice Spinner|p2a: Braviary
|-supereffective|p2a: Braviary
|-damage|p2a: Braviary|0 fnt
|faint|p2a: Braviary
|
|
|switch|p2a: Magearna|Magearna|100/100
|turn|9
|
|move|p1a: hear me out|Victory Dance|p1a: hear me out
|-boost|p1a: hear me out|atk|1
|-boost|p1a: hear me out|def|1
|-boost|p1a: hear me out|spe|1
|move|p2a: Magearna|Calm Mind|p2a: Magearna
|-boost|p2a: Magearna|spa|1
|-boost|p2a: Magearna|spd|1
|
|turn|10
|
|move|p1a: hear me out|Axe Kick|p2a: Magearna
|-damage|p2a: Magearna|27/100
|move|p2a: Magearna|Shift Gear|p2a: Magearna
|-boost|p2a: Magearna|spe|2
|-boost|p2a: Magearna|atk|1
|
|-heal|p2a: Magearna|33/100|[from] item: Leftovers
|turn|11
|
|move|p1a: hear me out|Axe Kick|p2a: Magearna
|-damage|p2a: Magearna|0 fnt
|faint|p2a: Magearna
|
|
|switch|p2a: Great Tusk|Great Tusk|100/100
|turn|12
|
|move|p1a: hear me out|Leaf Blade|p2a: Great Tusk
|-supereffective|p2a: Great Tusk
|-damage|p2a: Great Tusk|0 fnt
|faint|p2a: Great Tusk
|-end|p2a: Great Tusk|Protosynthesis|[silent]
|
|
|switch|p2a: Chien-Pao|Chien-Pao|100/100
|-ability|p2a: Chien-Pao|Sword of Ruin
|turn|13
|
|-terastallize|p2a: Chien-Pao|Dark
|move|p1a: hear me out|Axe Kick|p2a: Chien-Pao
|-supereffective|p2a: Chien-Pao
|-damage|p2a: Chien-Pao|0 fnt
|faint|p2a: Chien-Pao
|
|
|switch|p2a: Kleavor|Kleavor, F|100/100
|turn|14
|
|-terastallize|p1a: hear me out|Steel
|move|p1a: hear me out|Axe Kick|p2a: Kleavor
|-damage|p2a: Kleavor|0 fnt
|faint|p2a: Kleavor
|
|win|massivesket
