|poke|p1|Arcanine-Hisui, M|
|poke|p1|Urshifu-*, M|
|poke|p1|Kingambit, M|
|poke|p1|Great Tusk|
|poke|p1|Garchomp, M|
|poke|p1|Zapdos|
|poke|p2|Sneasler, F|
|poke|p2|Chien-Pao|
|poke|p2|Landorus-Therian, M|
|poke|p2|Magearna|
|poke|p2|Zamazenta-*|
|poke|p2|Corviknight, M|
|teampreview
|
|start
|switch|p1a: Great Tusk|Great Tusk|100/100
|switch|p2a: Landorus|Landorus-Therian, M|100/100
|-ability|p2a: Landorus|Intimidate|boost
|-unboost|p1a: Great Tusk|atk|1
|turn|1
|
|switch|p2a: Corviknight|Corviknight, M|100/100
|-ability|p2a: Corviknight|Pressure
|move|p1a: Great Tusk|Knock Off|p2a: Corviknight
|-damage|p2a: Corviknight|89/100
|-enditem|p2a: Corviknight|Leftovers|[from] move: Knock Off|[of] p1a: Great Tusk
|
|turn|2
|
|move|p1a: Great Tusk|Stealth Rock|p2a: Corviknight
|-sidestart|p2: underratedsetsgud|move: Stealth Rock
|move|p2a: Corviknight|Brave Bird|p1a: Great Tusk
|-supereffective|p1a: Great Tusk
|-damage|p1a: Great Tusk|65/100
|-damage|p2a: Corviknight|77/100|[from] Recoil
|
|-heal|p1a: Great Tusk|71/100|[from] item: Leftovers
|turn|3
|
|-end|p1a: Great Tusk|Protosynthesis|[silent]
|switch|p1a: Zapdos|Zapdos|100/100
|move|p2a: Corviknight|Defog|p1a: Zapdos
|-unboost|p1a: Zapdos|evasion|1
|-sideend|p2: underratedsetsgud|Stealth Rock|[from] move: Defog|[of] p2a: Corviknight
|
|turn|4
|
|switch|p2a: Landorus|Landorus-Therian, M|100/100
|-ability|p2a: Landorus|Intimidate|boost
|-unboost|p1a: Zapdos|atk|1
|move|p1a: Zapdos|Heat Wave|p2a: Landorus
|-damage|p2a: Landorus|69/100
|
|turn|5
|
|-terastallize|p2a: Landorus|Ice
|move|p2a: Landorus|Tera Blast|p1a: Zapdos
|-supereffective|p1a: Zapdos
|-damage|p1a: Zapdos|8/100
|move|p1a: Zapdos|Hurricane|p2a: Landorus
|-damage|p2a: Landorus|13/100
|-start|p2a: Landorus|confusion
|
|turn|6
|
|-activate|p2a: Landorus|confusion
|move|p2a: Landorus|Tera Blast|p1a: Zapdos
|-supereffective|p1a: Zapdos
|-damage|p1a: Zapdos|0 fnt
|faint|p1a: Zapdos
|
|
|switch|p1a: Urshifu|Urshifu-Rapid-Strike, M|100/100
|turn|7
|
|switch|p2a: Zamazenta|Zamazenta|100/100
|-ability|p2a: Zamazenta|Dauntless Shield|boost
|-boost|p2a: Zamazenta|def|1
|move|p1a: Urshifu|U-turn|p2a: Zamazenta
|-resisted|p2a: Zamazenta
|-damage|p2a: Zamazenta|94/100
|
|switch|p1a: Garchomp|Garchomp, M|100/100|[from] U-turn
|
|-heal|p2a: Zamazenta|100/100|[from] item: Leftovers
|turn|8
|
|move|p2a: Zamazenta|Substitute|p2a: Zamazenta
|-start|p2a: Zamazenta|Substitute
|-damage|p2a: Zamazenta|76/100
|move|p1a: Garchomp|Draco Meteor|p2a: Zamazenta
|-end|p2a: Zamazenta|Substitute
|-unboost|p1a: Garchomp|spa|2
|-damage|p1a: Garchomp|91/100|[from] item: Life Orb
|
|-heal|p2a: Zamazenta|82/100|[from] item: Leftovers
|turn|9
|
|switch|p1a: Urshifu|Urshifu-Rapid-Strike, M|100/100
|move|p2a: Zamazenta|Substitute|p2a: Zamazenta
|-start|p2a: Zamazenta|Substitute
|-damage|p2a: Zamazenta|57/100
|
|-heal|p2a: Zamazenta|63/100|[from] item: Leftovers
|turn|10
|
|move|p2a: Zamazenta|Iron Defense|p2a: Zamazenta
|-boost|p2a: Zamazenta|def|2
|move|p1a: Urshifu|Surging Strikes|p2a: Zamazenta
|-crit|p2a: Zamazenta
|-activate|p2a: Zamazenta|move: Substitute|[damage]
|-crit|p2a: Zamazenta
|-end|p2a: Zamazenta|Substitute
|-crit|p2a: Zamazenta
|-damage|p2a: Zamazenta|47/100
|-hitcount|p2a: Zamazenta|3
|
|-heal|p2a: Zamazenta|53/100|[from] item: Leftovers
|turn|11
|
|move|p2a: Zamazenta|Body Press|p1a: Urshifu
|-damage|p1a: Urshifu|27/100
|move|p1a: Urshifu|Surging Strikes|p2a: Zamazenta
|-crit|p2a: Zamazenta
|-damage|p2a: Zamazenta|37/100
|-crit|p2a: Zamazenta
|-damage|p2a: Zamazenta|19/100
|-crit|p2a: Zamazenta
|-damage|p2a: Zamazenta|2/100
|-hitcount|p2a: Zamazenta|3
|
|-heal|p2a: Zamazenta|8/100|[from] item: Leftovers
|turn|12
|
|move|p1a: Urshifu|Aqua Jet|p2a: Zamazenta
|-damage|p2a: Zamazenta|0 fnt
|faint|p2a: Zamazenta
|
|
|switch|p2a: Magearna|Magearna|100/100
|turn|13
|
|move|p1a: Urshifu|Close Combat|p2a: Magearna
|-damage|p2a: Magearna|45/100
|-unboost|p1a: Urshifu|def|1
|-unboost|p1a: Urshifu|spd|1
|move|p2a: Magearna|Shift Gear|p2a: Magearna
|-boost|p2a: Magearna|spe|2
|-boost|p2a: Magearna|atk|1
|
|-heal|p2a: Magearna|51/100|[from] item: Leftovers
|turn|14
|
|move|p1a: Urshifu|Aqua Jet|p2a: Magearna
|-damage|p2a: Magearna|30/100
|move|p2a: Magearna|Flash Cannon|p1a: Urshifu
|-resisted|p1a: Urshifu
|-damage|p1a: Urshifu|0 fnt
|faint|p1a: Urshifu
|-ability|p2a: Magearna|Soul-Heart|boost
|-boost|p2a: Magearna|spa|1
|
|-heal|p2a: Magearna|36/100|[from] item: Leftovers
|
|switch|p1a: Kingambit|Kingambit, M|100/100
|-activate|p1a: Kingambit|ability: Supreme Overlord
|-start|p1a: Kingambit|fallen2|[silent]
|turn|15
|
|move|p2a: Magearna|Aura Sphere|p1a: Kingambit
|-supereffective|p1a: Kingambit
|-damage|p1a: Kingambit|0 fnt
|faint|p1a: Kingambit
|-ability|p2a: Magearna|Soul-Heart|boost
|-boost|p2a: Magearna|spa|1
|-end|p1a: Kingambit|fallen2|[silent]
|
|-heal|p2a: Magearna|42/100|[from] item: Leftovers
|
|switch|p1a: Garchomp|Garchomp, M|91/100
|turn|16
|
|move|p2a: Magearna|Fleur Cannon|p1a: Garchomp
|-supereffective|p1a: Garchomp
|-damage|p1a: Garchomp|0 fnt
|-unboost|p2a: Magearna|spa|2
|faint|p1a: Garchomp
|-ability|p2a: Magearna|Soul-Heart|boost
|-boost|p2a: Magearna|spa|1
|
|-heal|p2a: Magearna|48/100|[from] item: Leftovers
|
|switch|p1a: Arcanine|Arcanine-Hisui, M|100/100
|turn|17
|
|move|p2a: Magearna|Aura Sphere|p1a: Arcanine
|-supereffective|p1a: Arcanine
|-damage|p1a: Arcanine|0 fnt
|faint|p1a: Arcanine
|-ability|p2a: Magearna|Soul-Heart|boost
|-boost|p2a: Magearna|spa|1
|
|-heal|p2a: Magearna|54/100|[from] item: Leftovers
|
|switch|p1a: Great Tusk|Great Tusk|71/100
|turn|18
|
|move|p2a: Magearna|Fleur Cannon|p1a: Great Tusk
|-supereffective|p1a: Great Tusk
|-damage|p1a: Great Tusk|0 fnt
|-unboost|p2a: Magearna|spa|2
|faint|p1a: Great Tusk
|-end|p1a: Great Tusk|Protosynthesis|[silent]
|
|win|underratedsetsgud
