# advantage = p1
|poke|p1|Basculegion-F, F|
|poke|p1|Meowscarada, F|
|poke|p1|Heatran, F|
|poke|p1|Garchomp, F|
|poke|p1|Great Tusk|
|poke|p1|Urshifu-*, M|
|poke|p2|Zapdos-Galar|
|poke|p2|Indeedee, M|
|poke|p2|Armarouge, F|
|poke|p2|Sneasler, M|
|poke|p2|Kleavor, F|
|poke|p2|Great Tusk|
|teampreview
|
|start
|switch|p1a: Urshifu|Urshifu-Rapid-Strike, M|100/100
|switch|p2a: Zapdos|Zapdos-Galar, shiny|100/100
|turn|1
|
|switch|p1a: Garchomp|Garchomp, F|100/100
|move|p2a: Zapdos|U-turn|p1a: Garchomp
|-damage|p1a: Garchomp|79/100
|-damage|p2a: Zapdos|88/100|[from] ability: Rough Skin|[of] p1a: Garchomp
|-damage|p2a: Zapdos|72/100|[from] item: Rocky Helmet|[of] p1a: Garchomp
|
|switch|p2a: Kleavor|Kleavor, F|100/100|[from] U-turn
|
|turn|2
|
|move|p1a: Garchomp|Stealth Rock|p2a: Kleavor
|-sidestart|p2: p2|move: Stealth Rock
|move|p2a: Kleavor|Stone Axe|p1a: Garchomp
|-resisted|p1a: Garchomp
|-damage|p1a: Garchomp|56/100
|-sidestart|p1: p1|move: Stealth Rock
|-damage|p2a: Kleavor|88/100|[from] ability: Rough Skin|[of] p1a: Garchomp
|-damage|p2a: Kleavor|71/100|[from] item: Rocky Helmet|[of] p1a: Garchomp
|
|turn|3
|
|move|p1a: Garchomp|Spikes|p2a: Kleavor
|-sidestart|p2: p2|Spikes
|move|p2a: Kleavor|U-turn|p1a: Garchomp
|-damage|p1a: Garchomp|22/100
|-damage|p2a: Kleavor|59/100|[from] ability: Rough Skin|[of] p1a: Garchomp
|-damage|p2a: Kleavor|42/100|[from] item: Rocky Helmet|[of] p1a: Garchomp
|
|switch|p2a: Great Tusk|Great Tusk|100/100|[from] U-turn
|-damage|p2a: Great Tusk|97/100|[from] Stealth Rock
|-damage|p2a: Great Tusk|85/100|[from] Spikes
|
|turn|4
|
|switch|p1a: Basculegion|Basculegion-F, F, shiny|100/100
|-damage|p1a: Basculegion|88/100|[from] Stealth Rock
|move|p2a: Great Tusk|Rapid Spin|p1a: Basculegion
|-immune|p1a: Basculegion
|
|turn|5
|
|move|p1a: Basculegion|Agility|p1a: Basculegion
|-boost|p1a: Basculegion|spe|2
|move|p2a: Great Tusk|Knock Off|p1a: Basculegion
|-supereffective|p1a: Basculegion
|-damage|p1a: Basculegion|18/100
|-enditem|p1a: Basculegion|Petaya Berry|[from] move: Knock Off|[of] p2a: Great Tusk
|
|turn|6
|
|move|p1a: Basculegion|Surf|p2a: Great Tusk
|-supereffective|p2a: Great Tusk
|-damage|p2a: Great Tusk|1/100
|move|p2a: Great Tusk|Earthquake|p1a: Basculegion
|-damage|p1a: Basculegion|0 fnt
|faint|p1a: Basculegion
|
|
|switch|p1a: Urshifu|Urshifu-Rapid-Strike, M|100/100
|-damage|p1a: Urshifu|94/100|[from] Stealth Rock
|turn|7
|
|move|p1a: Urshifu|Surging Strikes|p2a: Great Tusk
|-supereffective|p2a: Great Tusk
|-crit|p2a: Great Tusk
|-damage|p2a: Great Tusk|0 fnt
|faint|p2a: Great Tusk
|-end|p2a: Great Tusk|Protosynthesis|[silent]
|-hitcount|p2: Great Tusk|1
|
|
|switch|p2a: Zapdos|Zapdos-Galar, shiny|72/100
|-damage|p2a: Zapdos|59/100|[from] Stealth Rock
|turn|8
|
|switch|p1a: Garchomp|Garchomp, F|22/100
|-damage|p1a: Garchomp|15/100|[from] Stealth Rock
|-terastallize|p2a: Zapdos|Flying
|move|p2a: Zapdos|Brave Bird|p1a: Garchomp
|-damage|p1a: Garchomp|0 fnt
|-damage|p2a: Zapdos|47/100|[from] ability: Rough Skin|[of] p1a: Garchomp
|-damage|p2a: Zapdos|30/100|[from] item: Rocky Helmet|[of] p1a: Garchomp
|faint|p1a: Garchomp
|-damage|p2a: Zapdos|24/100|[from] Recoil
|
|
|switch|p1a: Urshifu|Urshifu-Rapid-Strike, M|94/100
|-damage|p1a: Urshifu|88/100|[from] Stealth Rock
|turn|9
|
|switch|p2a: Indeedee|Indeedee, M, shiny|100/100
|-damage|p2a: Indeedee|88/100|[from] Stealth Rock
|-damage|p2a: Indeedee|76/100|[from] Spikes
|-fieldstart|move: Psychic Terrain|[from] ability: Psychic Surge|[of] p2a: Indeedee
|move|p1a: Urshifu|Aqua Jet|p2a: Indeedee
|-activate|p2a: Indeedee|move: Psychic Terrain
|
|turn|10
|
|-terastallize|p1a: Urshifu|Water
|move|p1a: Urshifu|Surging Strikes|p2a: Indeedee
|-crit|p2a: Indeedee
|-damage|p2a: Indeedee|23/100
|-crit|p2a: Indeedee
|-damage|p2a: Indeedee|0 fnt
|faint|p2a: Indeedee
|-hitcount|p2: Indeedee|2
|
|
|switch|p2a: Armarouge|Armarouge, F|100/100
|-damage|p2a: Armarouge|76/100|[from] Stealth Rock
|-damage|p2a: Armarouge|64/100|[from] Spikes
|turn|11
|
|switch|p1a: Heatran|Heatran, F|100/100
|-damage|p1a: Heatran|88/100|[from] Stealth Rock
|move|p2a: Armarouge|Endure||[still]
|-fail|p2a: Armarouge
|
|-heal|p1a: Heatran|94/100|[from] item: Leftovers
|turn|12
|
|move|p2a: Armarouge|Expanding Force|p1a: Heatran
|-resisted|p1a: Heatran
|-damage|p1a: Heatran|63/100
|move|p1a: Heatran|Earth Power|p2a: Armarouge
|-supereffective|p2a: Armarouge
|-damage|p2a: Armarouge|0 fnt
|faint|p2a: Armarouge
|
|-heal|p1a: Heatran|69/100|[from] item: Leftovers
|
|switch|p2a: Sneasler|Sneasler, M|100/100
|-damage|p2a: Sneasler|95/100|[from] Stealth Rock
|-damage|p2a: Sneasler|82/100|[from] Spikes
|-enditem|p2a: Sneasler|Psychic Seed
|-boost|p2a: Sneasler|spd|1|[from] item: Psychic Seed
|turn|13
|
|move|p2a: Sneasler|Close Combat|p1a: Heatran
|-supereffective|p1a: Heatran
|-damage|p1a: Heatran|0 fnt
|-unboost|p2a: Sneasler|def|1
|-unboost|p2a: Sneasler|spd|1
|faint|p1a: Heatran
|
|
|switch|p1a: Great Tusk|Great Tusk|100/100
|-damage|p1a: Great Tusk|98/100|[from] Stealth Rock
|turn|14
|
|switch|p2a: Zapdos|Zapdos-Galar, shiny, tera:Flying|24/100
|-damage|p2a: Zapdos|0 fnt|[from] Stealth Rock
|faint|p2a: Zapdos
|move|p1a: Great Tusk|Earthquake|p2: Zapdos|[notarget]
|-fail|p1a: Great Tusk
|
|-heal|p1a: Great Tusk|100/100|[from] item: Leftovers
|
|switch|p2a: Sneasler|Sneasler, M|82/100
|-damage|p2a: Sneasler|76/100|[from] Stealth Rock
|-damage|p2a: Sneasler|64/100|[from] Spikes
|turn|15
|
|move|p2a: Sneasler|Dire Claw|p1a: Great Tusk
|-resisted|p1a: Great Tusk
|-damage|p1a: Great Tusk|90/100
|move|p1a: Great Tusk|Earthquake|p2a: Sneasler
|-supereffective|p2a: Sneasler
|-damage|p2a: Sneasler|0 fnt
|faint|p2a: Sneasler
|
|-heal|p1a: Great Tusk|96/100|[from] item: Leftovers
|-message|p2 forfeited.
|
|win|p1
