|poke|p1|Quaquaval, M|
|poke|p1|Garganacl, M|
|poke|p1|Gholdengo|
|poke|p1|Tinkaton, F|
|poke|p1|Toedscruel, M|
|poke|p1|Baxcalibur, F|
|poke|p2|Landorus-Therian, M|
|poke|p2|Arcanine-Hisui, M|
|poke|p2|Volcanion|
|poke|p2|Zamazenta-*|
|poke|p2|Kingambit, M|
|poke|p2|Tornadus-Therian, M|
|teampreview
|
|start
|switch|p1a: Super-Dragon|Baxcalibur, F|100/100
|switch|p2a: Tornadus|Tornadus-Therian, M|100/100
|turn|1
|
|move|p2a: Tornadus|U-turn|p1a: Super-Dragon
|-damage|p1a: Super-Dragon|88/100
|
|switch|p2a: Arcanine|Arcanine-Hisui, M|100/100|[from] U-turn
|move|p1a: Super-Dragon|Glaive Rush|p2a: Arcanine
|-damage|p2a: Arcanine|0 fnt
|-singlemove|p1a: Super-Dragon|Glaive Rush|[silent]
|faint|p2a: Arcanine
|-damage|p1a: Super-Dragon|78/100|[from] item: Life Orb
|
|
|switch|p2a: Volcanion|Volcanion|100/100
|turn|2
|
|switch|p1a: Salt Bro <3|Garganacl, M|100/100
|move|p2a: Volcanion|Flamethrower|p1a: Salt Bro <3
|-resisted|p1a: Salt Bro <3
|-damage|p1a: Salt Bro <3|84/100
|
|-heal|p1a: Salt Bro <3|90/100|[from] item: Leftovers
|turn|3
|
|move|p2a: Volcanion|Steam Eruption|p1a: Salt Bro <3
|-supereffective|p1a: Salt Bro <3
|-damage|p1a: Salt Bro <3|6/100
|move|p1a: Salt Bro <3|Salt Cure|p2a: Volcanion
|-supereffective|p2a: Volcanion
|-damage|p2a: Volcanion|77/100
|-start|p2a: Volcanion|Salt Cure
|
|-heal|p1a: Salt Bro <3|13/100|[from] item: Leftovers
|-damage|p2a: Volcanion|53/100|[from] Salt Cure
|turn|4
|
|switch|p2a: Tornadus|Tornadus-Therian, M|100/100
|move|p1a: Salt Bro <3|Salt Cure|p2a: Tornadus
|-supereffective|p2a: Tornadus
|-damage|p2a: Tornadus|62/100
|-start|p2a: Tornadus|Salt Cure
|
|-heal|p1a: Salt Bro <3|19/100|[from] item: Leftovers
|-damage|p2a: Tornadus|49/100|[from] Salt Cure
|turn|5
|
|move|p2a: Tornadus|U-turn|p1a: Salt Bro <3
|-damage|p1a: Salt Bro <3|9/100
|
|switch|p2a: Landorus|Landorus-Therian, M|100/100|[from] U-turn
|-ability|p2a: Landorus|Intimidate|boost
|-unboost|p1a: Salt Bro <3|atk|1
|move|p1a: Salt Bro <3|Recover|p1a: Salt Bro <3
|-heal|p1a: Salt Bro <3|59/100
|
|-heal|p1a: Salt Bro <3|65/100|[from] item: Leftovers
|turn|6
|
|switch|p1a: S.Cowell|Toedscruel, M|100/100
|move|p2a: Landorus|Substitute|p2a: Landorus
|-start|p2a: Landorus|Substitute
|-damage|p2a: Landorus|76/100
|
|-heal|p2a: Landorus|82/100|[from] item: Leftovers
|turn|7
|
|move|p1a: S.Cowell|Giga Drain|p2a: Landorus
|-end|p2a: Landorus|Substitute
|move|p2a: Landorus|Swords Dance|p2a: Landorus
|-boost|p2a: Landorus|atk|2
|
|-heal|p2a: Landorus|88/100|[from] item: Leftovers
|turn|8
|
|move|p1a: S.Cowell|Giga Drain|p2a: Landorus
|-damage|p2a: Landorus|54/100
|move|p2a: Landorus|Earthquake|p1a: S.Cowell
|-resisted|p1a: S.Cowell
|-damage|p1a: S.Cowell|9/100
|
|-heal|p1a: S.Cowell|15/100|[from] item: Leftovers
|-heal|p2a: Landorus|60/100|[from] item: Leftovers
|turn|9
|
|move|p1a: S.Cowell|Giga Drain|p2a: Landorus
|-damage|p2a: Landorus|23/100
|-heal|p1a: S.Cowell|35/100|[from] drain|[of] p2a: Landorus
|move|p2a: Landorus|Earthquake|p1a: S.Cowell
|-resisted|p1a: S.Cowell
|-damage|p1a: S.Cowell|0 fnt
|faint|p1a: S.Cowell
|
|-heal|p2a: Landorus|29/100|[from] item: Leftovers
|
|switch|p1a: DRAGONSLAYER|Tinkaton, F|100/100
|-ability|p1a: DRAGONSLAYER|Mold Breaker
|-item|p1a: DRAGONSLAYER|Air Balloon
|turn|10
|
|switch|p2a: Volcanion|Volcanion|53/100
|move|p1a: DRAGONSLAYER|Gigaton Hammer|p2a: Volcanion
|-resisted|p2a: Volcanion
|-damage|p2a: Volcanion|41/100
|
|turn|11
|
|move|p1a: DRAGONSLAYER|Stealth Rock|p2a: Volcanion
|-sidestart|p2: p2|move: Stealth Rock
|move|p2a: Volcanion|Flamethrower|p1a: DRAGONSLAYER
|-supereffective|p1a: DRAGONSLAYER
|-damage|p1a: DRAGONSLAYER|0 fnt
|-enditem|p1a: DRAGONSLAYER|Air Balloon
|faint|p1a: DRAGONSLAYER
|
|
|switch|p1a: Coin??Coin!?|Quaquaval, M|100/100
|turn|12
|
|move|p1a: Coin??Coin!?|Close Combat|p2a: Volcanion
|-damage|p2a: Volcanion|0 fnt
|-unboost|p1a: Coin??Coin!?|def|1
|-unboost|p1a: Coin??Coin!?|spd|1
|faint|p2a: Volcanion
|-ability|p1a: Coin??Coin!?|Moxie|boost
|-boost|p1a: Coin??Coin!?|atk|1
|
|
|switch|p2a: Tornadus|Tornadus-Therian, M|83/100
|-damage|p2a: Tornadus|58/100|[from] Stealth Rock
|turn|13
|
|switch|p1a: RIP Sia|Gholdengo|100/100
|move|p2a: Tornadus|Hurricane|p1a: RIP Sia
|-resisted|p1a: RIP Sia
|-damage|p1a: RIP Sia|70/100
|
|turn|14
|
|move|p1a: RIP Sia|Make It Rain|p2a: Tornadus
|-damage|p2a: Tornadus|5/100
|-unboost|p1a: RIP Sia|spa|1
|move|p2a: Tornadus|Heat Wave|p1a: RIP Sia
|-supereffective|p1a: RIP Sia
|-damage|p1a: RIP Sia|1/100
|
|turn|15
|
|switch|p1a: Coin??Coin!?|Quaquaval, M|100/100
|switch|p2a: Landorus|Landorus-Therian, M|29/100
|-damage|p2a: Landorus|17/100|[from] Stealth Rock
|-ability|p2a: Landorus|Intimidate|boost
|-unboost|p1a: Coin??Coin!?|atk|1
|
|-heal|p2a: Landorus|23/100|[from] item: Leftovers
|turn|16
|
|switch|p2a: Zamazenta|Zamazenta|100/100
|-damage|p2a: Zamazenta|94/100|[from] Stealth Rock
|-ability|p2a: Zamazenta|Dauntless Shield|boost
|-boost|p2a: Zamazenta|def|1
|move|p1a: Coin??Coin!?|Aqua Step|p2a: Zamazenta
|-damage|p2a: Zamazenta|70/100
|-boost|p1a: Coin??Coin!?|spe|1
|
|turn|17
|
|-terastallize|p1a: Coin??Coin!?|Water
|move|p1a: Coin??Coin!?|Aqua Step|p2a: Zamazenta
|-damage|p2a: Zamazenta|35/100
|-boost|p1a: Coin??Coin!?|spe|1
|move|p2a: Zamazenta|Play Rough|p1a: Coin??Coin!?
|-damage|p1a: Coin??Coin!?|47/100
|
|turn|18
|
|move|p1a: Coin??Coin!?|Aqua Step|p2a: Zamazenta
|-damage|p2a: Zamazenta|0 fnt
|-boost|p1a: Coin??Coin!?|spe|1
|faint|p2a: Zamazenta
|-ability|p1a: Coin??Coin!?|Moxie|boost
|-boost|p1a: Coin??Coin!?|atk|1
|
|
|switch|p2a: Kingambit|Kingambit, M|100/100
|-damage|p2a: Kingambit|94/100|[from] Stealth Rock
|-activate|p2a: Kingambit|ability: Supreme Overlord
|-start|p2a: Kingambit|fallen3|[silent]
|turn|19
|
|switch|p1a: Super-Dragon|Baxcalibur, F|78/100
|move|p2a: Kingambit|Sucker Punch||[still]
|-fail|p2a: Kingambit
|
|-heal|p2a: Kingambit|100/100|[from] item: Leftovers
|turn|20
|
|-end|p2a: Kingambit|fallen3|[silent]
|switch|p2a: Landorus|Landorus-Therian, M|23/100
|-damage|p2a: Landorus|11/100|[from] Stealth Rock
|-ability|p2a: Landorus|Intimidate|boost
|-unboost|p1a: Super-Dragon|atk|1
|move|p1a: Super-Dragon|Earthquake|p2a: Landorus
|-immune|p2a: Landorus
|
|-heal|p2a: Landorus|17/100|[from] item: Leftovers
|turn|21
|
|move|p1a: Super-Dragon|Ice Shard|p2a: Landorus
|-supereffective|p2a: Landorus
|-damage|p2a: Landorus|0 fnt
|faint|p2a: Landorus
|-damage|p1a: Super-Dragon|68/100|[from] item: Life Orb
|
|
|switch|p2a: Kingambit|Kingambit, M|100/100
|-damage|p2a: Kingambit|94/100|[from] Stealth Rock
|-activate|p2a: Kingambit|ability: Supreme Overlord
|-start|p2a: Kingambit|fallen4|[silent]
|turn|22
|
|switch|p1a: RIP Sia|Gholdengo|1/100
|-terastallize|p2a: Kingambit|Flying
|move|p2a: Kingambit|Iron Head|p1a: RIP Sia
|-resisted|p1a: RIP Sia
|-damage|p1a: RIP Sia|0 fnt
|faint|p1a: RIP Sia
|
|-heal|p2a: Kingambit|100/100|[from] item: Leftovers
|
|switch|p1a: Super-Dragon|Baxcalibur, F|68/100
|turn|23
|
|-end|p2a: Kingambit|fallen4|[silent]
|switch|p2a: Tornadus|Tornadus-Therian, M|39/100
|-damage|p2a: Tornadus|14/100|[from] Stealth Rock
|move|p1a: Super-Dragon|Icicle Crash|p2a: Tornadus
|-supereffective|p2a: Tornadus
|-damage|p2a: Tornadus|0 fnt
|faint|p2a: Tornadus
|-damage|p1a: Super-Dragon|58/100|[from] item: Life Orb
|
|
|switch|p2a: Kingambit|Kingambit, M, tera:Flying|100/100
|-damage|p2a: Kingambit|75/100|[from] Stealth Rock
|-activate|p2a: Kingambit|ability: Supreme Overlord
|-start|p2a: Kingambit|fallen5|[silent]
|turn|24
|
|move|p2a: Kingambit|Sucker Punch|p1a: Super-Dragon
|-damage|p1a: Super-Dragon|8/100
|move|p1a: Super-Dragon|Icicle Crash|p2a: Kingambit
|-supereffective|p2a: Kingambit
|-damage|p2a: Kingambit|0 fnt
|faint|p2a: Kingambit
|-end|p2a: Kingambit|fallen5|[silent]
|-damage|p1a: Super-Dragon|0 fnt|[from] item: Life Orb
|faint|p1a: Super-Dragon
|
|win|p1
