|poke|p1|Sneasler, F|
|poke|p1|Garganacl, F|
|poke|p1|Great Tusk|
|poke|p1|Dragonite, F|
|poke|p1|Skeledirge, M|
|poke|p1|Slowking, F|
|poke|p2|Kleavor, F|
|poke|p2|Ursaluna, F|
|poke|p2|Zamazenta-*|
|poke|p2|Skeledirge, F|
|poke|p2|Magearna|
|poke|p2|Enamorus, F|
|teampreview
|
|start
|switch|p1a: Great Tusk|Great Tusk|100/100
|switch|p2a: Kleavor|Kleavor, F|100/100
|turn|1
|
|move|p2a: Kleavor|Stone Axe|p1a: Great Tusk
|-resisted|p1a: Great Tusk
|-damage|p1a: Great Tusk|94/100
|-sidestart|p1: p1|move: Stealth Rock
|move|p1a: Great Tusk|Stealth Rock|p2a: Kleavor
|-sidestart|p2: p2|move: Stealth Rock
|
|-heal|p1a: Great Tusk|99/100|[from] item: Leftovers
|turn|2
|
|switch|p2a: Skeledirge|Skeledirge, F|100/100
|move|p1a: Great Tusk|Rapid Spin|p2a: Skeledirge
|-immune|p2a: Skeledirge
|
|-heal|p1a: Great Tusk|100/100|[from] item: Leftovers
|turn|3
|
|-end|p1a: Great Tusk|Protosynthesis|[silent]
|switch|p1a: Slowking|Slowking, F|100/100
|switch|p2a: Enamorus|Enamorus, F|100/100
|
|turn|4
|
|switch|p2a: Ursaluna|Ursaluna, F|100/100
|-damage|p2a: Ursaluna|94/100|[from] Stealth Rock
|move|p1a: Slowking|Chilly Reception|p1a: Slowking
|-weather|Snow
|
|switch|p1a: Sneasler|Sneasler, F, shiny|100/100|[from] Chilly Reception
|-damage|p1a: Sneasler|95/100|[from] Stealth Rock
|
|-weather|Snow|[upkeep]
|-status|p2a: Ursaluna|brn|[from] item: Flame Orb
|turn|5
|
|switch|p2a: Skeledirge|Skeledirge, F|100/100
|move|p1a: Sneasler|Close Combat|p2a: Skeledirge
|-immune|p2a: Skeledirge
|
|-weather|Snow|[upkeep]
|turn|6
|
|switch|p1a: Garganacl|Garganacl, F|100/100
|-damage|p1a: Garganacl|88/100|[from] Stealth Rock
|switch|p2a: Magearna|Magearna|100/100
|-damage|p2a: Magearna|94/100|[from] Stealth Rock
|
|-weather|Snow|[upkeep]
|-heal|p2a: Magearna|100/100|[from] item: Leftovers
|-heal|p1a: Garganacl|94/100|[from] item: Leftovers
|turn|7
|
|move|p2a: Magearna|Spikes|p1a: Garganacl
|-sidestart|p1: p1|Spikes
|move|p1a: Garganacl|Salt Cure|p2a: Magearna
|-resisted|p2a: Magearna
|-damage|p2a: Magearna|95/100
|-start|p2a: Magearna|Salt Cure
|
|-weather|Snow|[upkeep]
|-heal|p2a: Magearna|100/100|[from] item: Leftovers
|-heal|p1a: Garganacl|100/100|[from] item: Leftovers
|-damage|p2a: Magearna|75/100|[from] Salt Cure
|turn|8
|
|switch|p1a: Great Tusk|Great Tusk|100/100
|-damage|p1a: Great Tusk|98/100|[from] Stealth Rock
|-damage|p1a: Great Tusk|85/100|[from] Spikes
|move|p2a: Magearna|Volt Switch|p1a: Great Tusk
|-immune|p1a: Great Tusk
|
|-weather|none
|-heal|p1a: Great Tusk|91/100|[from] item: Leftovers
|-heal|p2a: Magearna|82/100|[from] item: Leftovers
|-damage|p2a: Magearna|57/100|[from] Salt Cure
|turn|9
|
|-end|p1a: Great Tusk|Protosynthesis|[silent]
|switch|p1a: Slowking|Slowking, F|100/100
|switch|p2a: Skeledirge|Skeledirge, F|100/100
|
|turn|10
|
|move|p1a: Slowking|Chilly Reception|p1a: Slowking
|-weather|Snow
|
|switch|p1a: Garganacl|Garganacl, F|100/100|[from] Chilly Reception
|-damage|p1a: Garganacl|88/100|[from] Stealth Rock
|-damage|p1a: Garganacl|76/100|[from] Spikes
|move|p2a: Skeledirge|Roar|p1a: Garganacl
|drag|p1a: Dragonite|Dragonite, F|100/100
|
|-weather|Snow|[upkeep]
|turn|11
|
|switch|p1a: Great Tusk|Great Tusk|91/100
|-damage|p1a: Great Tusk|88/100|[from] Stealth Rock
|-damage|p1a: Great Tusk|76/100|[from] Spikes
|move|p2a: Skeledirge|Roar|p1a: Great Tusk
|-end|p1a: Great Tusk|Protosynthesis|[silent]
|drag|p1a: Garganacl|Garganacl, F|76/100
|-damage|p1a: Garganacl|63/100|[from] Stealth Rock
|-damage|p1a: Garganacl|51/100|[from] Spikes
|
|-weather|Snow|[upkeep]
|-heal|p1a: Garganacl|57/100|[from] item: Leftovers
|turn|12
|
|switch|p2a: Ursaluna|Ursaluna, F|94/100 brn
|-damage|p2a: Ursaluna|88/100 brn|[from] Stealth Rock
|move|p1a: Garganacl|Salt Cure|p2a: Ursaluna
|-resisted|p2a: Ursaluna
|-damage|p2a: Ursaluna|83/100 brn
|-start|p2a: Ursaluna|Salt Cure
|
|-weather|Snow|[upkeep]
|-heal|p1a: Garganacl|63/100|[from] item: Leftovers
|-damage|p2a: Ursaluna|77/100 brn|[from] brn
|-damage|p2a: Ursaluna|64/100 brn|[from] Salt Cure
|turn|13
|
|move|p1a: Garganacl|Protect|p1a: Garganacl
|-singleturn|p1a: Garganacl|Protect
|move|p2a: Ursaluna|Facade|p1a: Garganacl
|-activate|p1a: Garganacl|move: Protect
|
|-weather|Snow|[upkeep]
|-heal|p1a: Garganacl|70/100|[from] item: Leftovers
|-damage|p2a: Ursaluna|58/100 brn|[from] brn
|-damage|p2a: Ursaluna|46/100 brn|[from] Salt Cure
|turn|14
|
|switch|p1a: Slowking|Slowking, F|100/100
|move|p2a: Ursaluna|Facade|p1a: Slowking
|-damage|p1a: Slowking|0 fnt
|faint|p1a: Slowking
|
|-weather|none
|-damage|p2a: Ursaluna|40/100 brn|[from] brn
|-damage|p2a: Ursaluna|28/100 brn|[from] Salt Cure
|
|switch|p1a: Sneasler|Sneasler, F, shiny|95/100
|-damage|p1a: Sneasler|89/100|[from] Stealth Rock
|-damage|p1a: Sneasler|76/100|[from] Spikes
|turn|15
|
|switch|p2a: Skeledirge|Skeledirge, F|100/100
|move|p1a: Sneasler|U-turn|p2a: Skeledirge
|-resisted|p2a: Skeledirge
|-damage|p2a: Skeledirge|93/100
|-status|p2a: Skeledirge|psn|[from] ability: Poison Touch|[of] p1a: Sneasler
|
|switch|p1a: Garganacl|Garganacl, F|70/100|[from] U-turn
|-damage|p1a: Garganacl|57/100|[from] Stealth Rock
|-damage|p1a: Garganacl|45/100|[from] Spikes
|
|-heal|p1a: Garganacl|51/100|[from] item: Leftovers
|-damage|p2a: Skeledirge|81/100 psn|[from] psn
|turn|16
|
|switch|p2a: Kleavor|Kleavor, F|100/100
|-damage|p2a: Kleavor|76/100|[from] Stealth Rock
|move|p1a: Garganacl|Recover|p1a: Garganacl
|-heal|p1a: Garganacl|100/100
|
|turn|17
|
|move|p1a: Garganacl|Protect|p1a: Garganacl
|-singleturn|p1a: Garganacl|Protect
|move|p2a: Kleavor|Close Combat|p1a: Garganacl
|-activate|p1a: Garganacl|move: Protect
|
|turn|18
|
|-terastallize|p1a: Garganacl|Water
|move|p2a: Kleavor|Close Combat|p1a: Garganacl
|-damage|p1a: Garganacl|78/100
|-unboost|p2a: Kleavor|def|1
|-unboost|p2a: Kleavor|spd|1
|move|p1a: Garganacl|Curse|p1a: Garganacl
|-unboost|p1a: Garganacl|spe|1
|-boost|p1a: Garganacl|atk|1
|-boost|p1a: Garganacl|def|1
|
|-heal|p1a: Garganacl|84/100|[from] item: Leftovers
|turn|19
|
|switch|p2a: Skeledirge|Skeledirge, F|81/100 psn
|move|p1a: Garganacl|Salt Cure|p2a: Skeledirge
|-supereffective|p2a: Skeledirge
|-damage|p2a: Skeledirge|58/100 psn
|-start|p2a: Skeledirge|Salt Cure
|
|-heal|p1a: Garganacl|90/100|[from] item: Leftovers
|-damage|p2a: Skeledirge|46/100 psn|[from] psn
|-damage|p2a: Skeledirge|34/100 psn|[from] Salt Cure
|turn|20
|
|move|p1a: Garganacl|Salt Cure|p2a: Skeledirge
|-supereffective|p2a: Skeledirge
|-damage|p2a: Skeledirge|13/100 psn
|move|p2a: Skeledirge|Roar|p1a: Garganacl
|drag|p1a: Great Tusk|Great Tusk|76/100
|-damage|p1a: Great Tusk|73/100|[from] Stealth Rock
|-damage|p1a: Great Tusk|60/100|[from] Spikes
|
|-heal|p1a: Great Tusk|67/100|[from] item: Leftovers
|-damage|p2a: Skeledirge|0 fnt|[from] psn
|faint|p2a: Skeledirge
|
|switch|p2a: Enamorus|Enamorus, F|100/100
|turn|21
|
|-end|p1a: Great Tusk|Protosynthesis|[silent]
|switch|p1a: Skeledirge|Skeledirge, M|100/100
|move|p2a: Enamorus|Moonblast|p1a: Skeledirge
|-resisted|p1a: Skeledirge
|-damage|p1a: Skeledirge|82/100
|
|turn|22
|
|move|p2a: Enamorus|Earth Power|p1a: Skeledirge
|-supereffective|p1a: Skeledirge
|-damage|p1a: Skeledirge|35/100
|move|p1a: Skeledirge|Torch Song|p2a: Enamorus
|-damage|p2a: Enamorus|59/100
|-boost|p1a: Skeledirge|spa|1
|
|turn|23
|
|switch|p1a: Dragonite|Dragonite, F|100/100
|move|p2a: Enamorus|Earth Power|p1a: Dragonite
|-immune|p1a: Dragonite
|
|turn|24
|
|move|p2a: Enamorus|Moonblast|p1a: Dragonite
|-supereffective|p1a: Dragonite
|-damage|p1a: Dragonite|53/100
|move|p1a: Dragonite|Dragon Dance|p1a: Dragonite
|-boost|p1a: Dragonite|atk|1
|-boost|p1a: Dragonite|spe|1
|
|turn|25
|
|move|p1a: Dragonite|Extreme Speed|p2a: Enamorus
|-damage|p2a: Enamorus|0 fnt
|faint|p2a: Enamorus
|
|
|switch|p2a: Zamazenta|Zamazenta|100/100
|-damage|p2a: Zamazenta|94/100|[from] Stealth Rock
|-ability|p2a: Zamazenta|Dauntless Shield|boost
|-boost|p2a: Zamazenta|def|1
|turn|26
|
|switch|p1a: Skeledirge|Skeledirge, M|35/100
|move|p2a: Zamazenta|Ice Fang|p1a: Skeledirge
|-resisted|p1a: Skeledirge
|-crit|p1a: Skeledirge
|-damage|p1a: Skeledirge|15/100
|
|turn|27
|
|switch|p2a: Kleavor|Kleavor, F|76/100
|-damage|p2a: Kleavor|51/100|[from] Stealth Rock
|move|p1a: Skeledirge|Slack Off|p1a: Skeledirge
|-heal|p1a: Skeledirge|65/100
|
|turn|28
|
|switch|p2a: Zamazenta|Zamazenta|94/100
|-damage|p2a: Zamazenta|88/100|[from] Stealth Rock
|switch|p1a: Great Tusk|Great Tusk|67/100
|-damage|p1a: Great Tusk|64/100|[from] Stealth Rock
|-damage|p1a: Great Tusk|51/100|[from] Spikes
|
|-heal|p1a: Great Tusk|57/100|[from] item: Leftovers
|turn|29
|
|-terastallize|p2a: Zamazenta|Fighting
|move|p2a: Zamazenta|Close Combat|p1a: Great Tusk
|-damage|p1a: Great Tusk|0 fnt
|-unboost|p2a: Zamazenta|def|1
|-unboost|p2a: Zamazenta|spd|1
|faint|p1a: Great Tusk
|-end|p1a: Great Tusk|Protosynthesis|[silent]
|
|
|switch|p1a: Skeledirge|Skeledirge, M|65/100
|turn|30
|
|switch|p2a: Kleavor|Kleavor, F|51/100
|-damage|p2a: Kleavor|26/100|[from] Stealth Rock
|move|p1a: Skeledirge|Torch Song|p2a: Kleavor
|-damage|p2a: Kleavor|0 fnt
|-boost|p1a: Skeledirge|spa|1
|faint|p2a: Kleavor
|
|
|switch|p2a: Ursaluna|Ursaluna, F|28/100 brn
|-damage|p2a: Ursaluna|22/100 brn|[from] Stealth Rock
|turn|31
|
|move|p2a: Ursaluna|Facade|p1a: Skeledirge
|-immune|p1a: Skeledirge
|move|p1a: Skeledirge|Torch Song|p2a: Ursaluna
|-damage|p2a: Ursaluna|0 fnt
|-boost|p1a: Skeledirge|spa|1
|faint|p2a: Ursaluna
|
|
|switch|p2a: Zamazenta|Zamazenta, tera:Fighting|88/100
|-damage|p2a: Zamazenta|82/100|[from] Stealth Rock
|turn|32
|
|move|p2a: Zamazenta|Crunch|p1a: Skeledirge
|-supereffective|p1a: Skeledirge
|-damage|p1a: Skeledirge|0 fnt
|faint|p1a: Skeledirge
|
|
|switch|p1a: Garganacl|Garganacl, F, tera:Water|90/100
|-damage|p1a: Garganacl|78/100|[from] Stealth Rock
|-damage|p1a: Garganacl|65/100|[from] Spikes
|turn|33
|
|switch|p2a: Magearna|Magearna|57/100
|-damage|p2a: Magearna|50/100|[from] Stealth Rock
|move|p1a: Garganacl|Salt Cure|p2a: Magearna
|-resisted|p2a: Magearna
|-damage|p2a: Magearna|46/100
|-start|p2a: Magearna|Salt Cure
|
|-heal|p2a: Magearna|52/100|[from] item: Leftovers
|-heal|p1a: Garganacl|72/100|[from] item: Leftovers
|-damage|p2a: Magearna|27/100|[from] Salt Cure
|turn|34
|player|p2|
|player|p2|p2|evelyn
|
|move|p2a: Magearna|Volt Switch|p1a: Garganacl
|-supereffective|p1a: Garganacl
|-damage|p1a: Garganacl|41/100
|
|switch|p2a: Zamazenta|Zamazenta, tera:Fighting|82/100|[from] Volt Switch
|-damage|p2a: Zamazenta|76/100|[from] Stealth Rock
|move|p1a: Garganacl|Recover|p1a: Garganacl
|-heal|p1a: Garganacl|91/100
|
|-heal|p1a: Garganacl|97/100|[from] item: Leftovers
|turn|35
|
|move|p1a: Garganacl|Protect|p1a: Garganacl
|-singleturn|p1a: Garganacl|Protect
|move|p2a: Zamazenta|Close Combat|p1a: Garganacl
|-activate|p1a: Garganacl|move: Protect
|
|-heal|p1a: Garganacl|100/100|[from] item: Leftovers
|turn|36
|
|move|p2a: Zamazenta|Close Combat|p1a: Garganacl
|-damage|p1a: Garganacl|41/100
|-unboost|p2a: Zamazenta|def|1
|-unboost|p2a: Zamazenta|spd|1
|move|p1a: Garganacl|Curse|p1a: Garganacl
|-unboost|p1a: Garganacl|spe|1
|-boost|p1a: Garganacl|atk|1
|-boost|p1a: Garganacl|def|1
|
|-heal|p1a: Garganacl|47/100|[from] item: Leftovers
|turn|37
|
|move|p2a: Zamazenta|Close Combat|p1a: Garganacl
|-damage|p1a: Garganacl|8/100
|-unboost|p2a: Zamazenta|def|1
|-unboost|p2a: Zamazenta|spd|1
|move|p1a: Garganacl|Recover|p1a: Garganacl
|-heal|p1a: Garganacl|58/100
|
|-heal|p1a: Garganacl|64/100|[from] item: Leftovers
|turn|38
|
|move|p2a: Zamazenta|Close Combat|p1a: Garganacl
|-damage|p1a: Garganacl|20/100
|-unboost|p2a: Zamazenta|def|1
|-unboost|p2a: Zamazenta|spd|1
|move|p1a: Garganacl|Recover|p1a: Garganacl
|-heal|p1a: Garganacl|70/100
|
|-heal|p1a: Garganacl|76/100|[from] item: Leftovers
|turn|39
|
|move|p1a: Garganacl|Protect|p1a: Garganacl
|-singleturn|p1a: Garganacl|Protect
|move|p2a: Zamazenta|Close Combat|p1a: Garganacl
|-activate|p1a: Garganacl|move: Protect
|
|-heal|p1a: Garganacl|83/100|[from] item: Leftovers
|turn|40
|
|move|p2a: Zamazenta|Close Combat|p1a: Garganacl
|-damage|p1a: Garganacl|44/100
|-unboost|p2a: Zamazenta|def|1
|-unboost|p2a: Zamazenta|spd|1
|move|p1a: Garganacl|Curse|p1a: Garganacl
|-unboost|p1a: Garganacl|spe|1
|-boost|p1a: Garganacl|atk|1
|-boost|p1a: Garganacl|def|1
|
|-heal|p1a: Garganacl|50/100|[from] item: Leftovers
|turn|41
|
|move|p1a: Garganacl|Protect|p1a: Garganacl
|-singleturn|p1a: Garganacl|Protect
|move|p2a: Zamazenta|Close Combat|p1a: Garganacl
|-activate|p1a: Garganacl|move: Protect
|
|-heal|p1a: Garganacl|56/100|[from] item: Leftovers
|turn|42
|-message|p2 forfeited.
|
|win|p1
