# advantage = p1
|poke|p1|Delphox, F|
|poke|p1|Typhlosion-Hisui, F|
|poke|p1|Salazzle, F|
|poke|p1|Rotom-Heat|
|poke|p1|Torkoal, F|
|poke|p1|Flareon, F|
|poke|p2|Haxorus, F|
|poke|p2|Azumarill, F|
|poke|p2|Tinkaton, F|
|poke|p2|Carbink|
|poke|p2|Spiritomb, F|
|poke|p2|Gengar, F|
|teampreview
|
|start
|switch|p1a: Salazzle|Salazzle, F, shiny|100/100
|switch|p2a: Spiritomb|Spiritomb, F|100/100
|-ability|p2a: Spiritomb|Pressure
|turn|1
|
|move|p1a: Salazzle|Toxic|p2a: Spiritomb
|-status|p2a: Spiritomb|tox
|move|p2a: Spiritomb|Curse|p1a: Salazzle
|-start|p1a: Salazzle|Curse|[of] p2a: Spiritomb
|-damage|p2a: Spiritomb|50/100 tox
|
|-heal|p2a: Spiritomb|57/100 tox|[from] item: Leftovers
|-damage|p2a: Spiritomb|50/100 tox|[from] psn
|-damage|p1a: Salazzle|75/100|[from] Curse
|turn|2
|
|move|p1a: Salazzle|Encore|p2a: Spiritomb
|-start|p2a: Spiritomb|Encore
|move|p2a: Spiritomb|Curse||[still]
|-fail|p2a: Spiritomb
|
|-heal|p2a: Spiritomb|57/100 tox|[from] item: Leftovers
|-damage|p2a: Spiritomb|44/100 tox|[from] psn
|-damage|p1a: Salazzle|50/100|[from] Curse
|turn|3
|
|switch|p2a: Carbink|Carbink|100/100
|move|p1a: Salazzle|Toxic Spikes|p2a: Carbink
|-sidestart|p2: p2|move: Toxic Spikes
|
|-damage|p1a: Salazzle|25/100|[from] Curse
|turn|4
|
|switch|p1a: Torkoal|Torkoal, F, shiny|100/100
|-weather|SunnyDay|[from] ability: Drought|[of] p1a: Torkoal
|move|p2a: Carbink|Trick Room|p2a: Carbink
|-fieldstart|move: Trick Room|[of] p2a: Carbink
|
|-weather|SunnyDay|[upkeep]
|turn|5
|
|move|p1a: Torkoal|Stealth Rock|p2a: Carbink
|-sidestart|p2: p2|move: Stealth Rock
|move|p2a: Carbink|Light Screen|p2a: Carbink
|-sidestart|p2: p2|move: Light Screen
|
|-weather|SunnyDay|[upkeep]
|turn|6
|
|move|p1a: Torkoal|Overheat|p2a: Carbink
|-resisted|p2a: Carbink
|-damage|p2a: Carbink|92/100
|-unboost|p1a: Torkoal|spa|2
|move|p2a: Carbink|Spikes|p1a: Torkoal
|-sidestart|p1: p1|Spikes
|
|-weather|SunnyDay|[upkeep]
|turn|7
|
|switch|p2a: Spiritomb|Spiritomb, F|44/100 tox
|-damage|p2a: Spiritomb|32/100 tox|[from] Stealth Rock
|-ability|p2a: Spiritomb|Pressure
|move|p1a: Torkoal|Rapid Spin|p2a: Spiritomb
|-immune|p2a: Spiritomb
|
|-weather|SunnyDay|[upkeep]
|-heal|p2a: Spiritomb|38/100 tox|[from] item: Leftovers
|-damage|p2a: Spiritomb|32/100 tox|[from] psn
|turn|8
|
|switch|p1a: Salazzle|Salazzle, F, shiny|25/100
|-damage|p1a: Salazzle|13/100|[from] Spikes
|move|p2a: Spiritomb|Pain Split|p1a: Salazzle
|-sethp|p1a: Salazzle|21/100|[from] move: Pain Split|[silent]
|-sethp|p2a: Spiritomb|23/100 tox|[from] move: Pain Split
|
|-weather|none
|-heal|p2a: Spiritomb|29/100 tox|[from] item: Leftovers
|-damage|p2a: Spiritomb|17/100 tox|[from] psn
|-fieldend|move: Trick Room
|turn|9
|
|switch|p1a: Torkoal|Torkoal, F, shiny|100/100
|-damage|p1a: Torkoal|88/100|[from] Spikes
|-weather|SunnyDay|[from] ability: Drought|[of] p1a: Torkoal
|move|p2a: Spiritomb|Curse|p1a: Torkoal
|-start|p1a: Torkoal|Curse|[of] p2a: Spiritomb
|-damage|p2a: Spiritomb|0 fnt
|faint|p2a: Spiritomb
|
|-weather|SunnyDay|[upkeep]
|-heal|p1a: Torkoal|94/100|[from] item: Leftovers
|-damage|p1a: Torkoal|69/100|[from] Curse
|
|switch|p2a: Gengar|Gengar, F|100/100
|-sideend|p2: p2|move: Toxic Spikes|[of] p2a: Gengar
|-damage|p2a: Gengar|88/100|[from] Stealth Rock
|turn|10
|
|move|p2a: Gengar|Shadow Ball|p1a: Torkoal
|-damage|p1a: Torkoal|27/100
|move|p1a: Torkoal|Overheat|p2a: Gengar
|-damage|p2a: Gengar|40/100
|-unboost|p1a: Torkoal|spa|2
|
|-weather|SunnyDay|[upkeep]
|-heal|p1a: Torkoal|33/100|[from] item: Leftovers
|-damage|p1a: Torkoal|8/100|[from] Curse
|turn|11
|
|move|p2a: Gengar|Shadow Ball|p1a: Torkoal
|-damage|p1a: Torkoal|0 fnt
|faint|p1a: Torkoal
|
|-weather|SunnyDay|[upkeep]
|
|switch|p1a: Salazzle|Salazzle, F, shiny|21/100
|-damage|p1a: Salazzle|8/100|[from] Spikes
|turn|12
|
|move|p1a: Salazzle|Toxic Spikes|p2a: Gengar
|-sidestart|p2: p2|move: Toxic Spikes
|move|p2a: Gengar|Shadow Ball|p1a: Salazzle
|-damage|p1a: Salazzle|0 fnt
|faint|p1a: Salazzle
|
|-weather|SunnyDay|[upkeep]
|-sideend|p2: p2|move: Light Screen
|
|switch|p1a: Typhlosion|Typhlosion-Hisui, F, shiny|100/100
|-damage|p1a: Typhlosion|88/100|[from] Spikes
|turn|13
|
|move|p1a: Typhlosion|Infernal Parade|p2a: Gengar
|-supereffective|p2a: Gengar
|-damage|p2a: Gengar|0 fnt
|faint|p2a: Gengar
|
|-weather|none
|
|switch|p2a: Carbink|Carbink|92/100
|-damage|p2a: Carbink|80/100|[from] Stealth Rock
|-status|p2a: Carbink|psn
|turn|14
|
|move|p1a: Typhlosion|Infernal Parade|p2a: Carbink
|-damage|p2a: Carbink|46/100 psn
|move|p2a: Carbink|Trick Room|p2a: Carbink
|-fieldstart|move: Trick Room|[of] p2a: Carbink
|
|-damage|p2a: Carbink|34/100 psn|[from] psn
|turn|15
|
|move|p2a: Carbink|Spikes|p1a: Typhlosion
|-sidestart|p1: p1|Spikes
|move|p1a: Typhlosion|Infernal Parade|p2a: Carbink
|-damage|p2a: Carbink|0 fnt
|faint|p2a: Carbink
|
|
|switch|p2a: Haxorus|Haxorus, F|100/100
|-damage|p2a: Haxorus|88/100|[from] Stealth Rock
|-status|p2a: Haxorus|psn
|-enditem|p2a: Haxorus|Lum Berry|[eat]
|-curestatus|p2a: Haxorus|psn|[msg]
|-ability|p2a: Haxorus|Mold Breaker
|turn|16
|
|switch|p1a: Rotom|Rotom-Heat|100/100
|move|p2a: Haxorus|Earthquake|p1a: Rotom
|-supereffective|p1a: Rotom
|-damage|p1a: Rotom|0 fnt
|faint|p1a: Rotom
|
|
|switch|p1a: Delphox|Delphox, F, shiny|100/100
|-damage|p1a: Delphox|84/100|[from] Spikes
|turn|17
|
|move|p2a: Haxorus|Earthquake|p1a: Delphox
|-supereffective|p1a: Delphox
|-damage|p1a: Delphox|0 fnt
|faint|p1a: Delphox
|
|
|switch|p1a: Flareon|Flareon, F|100/100
|-damage|p1a: Flareon|84/100|[from] Spikes
|turn|18
|
|-terastallize|p1a: Flareon|Normal
|move|p1a: Flareon|Facade|p2a: Haxorus
|-damage|p2a: Haxorus|40/100
|move|p2a: Haxorus|Dragon Dance|p2a: Haxorus
|-boost|p2a: Haxorus|atk|1
|-boost|p2a: Haxorus|spe|1
|
|-fieldend|move: Trick Room
|-status|p1a: Flareon|brn|[from] item: Flame Orb
|turn|19
|
|move|p1a: Flareon|Quick Attack|p2a: Haxorus
|-damage|p2a: Haxorus|3/100
|move|p2a: Haxorus|Earthquake|p1a: Flareon
|-damage|p1a: Flareon|0 fnt
|faint|p1a: Flareon
|
|
|switch|p1a: Typhlosion|Typhlosion-Hisui, F, shiny|88/100
|-damage|p1a: Typhlosion|71/100|[from] Spikes
|turn|20
|
|move|p2a: Haxorus|Earthquake|p1a: Typhlosion
|-supereffective|p1a: Typhlosion
|-damage|p1a: Typhlosion|0 fnt
|faint|p1a: Typhlosion
|
|win|p2
