|poke|p1|Cresselia, F|
|poke|p1|Zamazenta-*|
|poke|p1|Urshifu-*, M|
|poke|p1|Great Tusk|
|poke|p1|Hydreigon, M|
|poke|p1|Thundurus-Therian, M|
|poke|p2|Ursaluna, M|
|poke|p2|Magearna|
|poke|p2|Hatterene, F|
|poke|p2|Great Tusk|
|poke|p2|Meowscarada, F|
|poke|p2|Heatran, M|
|teampreview
|
|start
|switch|p1a: Cresselia|Cresselia, F|100/100
|switch|p2a: Magearna|Magearna|100/100
|turn|1
|
|move|p1a: Cresselia|Light Screen|p1a: Cresselia
|-sidestart|p1: p1|move: Light Screen
|move|p2a: Magearna|Trick Room|p2a: Magearna
|-fieldstart|move: Trick Room|[of] p2a: Magearna
|
|turn|2
|
|move|p2a: Magearna|Fleur Cannon|p1a: Cresselia
|-damage|p1a: Cresselia|75/100
|-unboost|p2a: Magearna|spa|2
|-enditem|p2a: Magearna|Eject Pack
|
|switch|p2a: Ursaluna|Ursaluna, M|100/100
|move|p1a: Cresselia|Reflect|p1a: Cresselia
|-sidestart|p1: p1|Reflect
|
|-status|p2a: Ursaluna|brn|[from] item: Flame Orb
|turn|3
|
|switch|p1a: Zamazenta|Zamazenta|100/100
|-ability|p1a: Zamazenta|Dauntless Shield|boost
|-boost|p1a: Zamazenta|def|1
|move|p2a: Ursaluna|Swords Dance|p2a: Ursaluna
|-boost|p2a: Ursaluna|atk|2
|
|-damage|p2a: Ursaluna|94/100 brn|[from] brn
|turn|4
|
|move|p2a: Ursaluna|Facade|p1a: Zamazenta
|-crit|p1a: Zamazenta
|-damage|p1a: Zamazenta|0 fnt
|faint|p1a: Zamazenta
|
|-damage|p2a: Ursaluna|88/100 brn|[from] brn
|
|switch|p1a: Great Tusk|Great Tusk|100/100
|turn|5
|
|move|p2a: Ursaluna|Facade|p1a: Great Tusk
|-damage|p1a: Great Tusk|38/100
|move|p1a: Great Tusk|Earthquake|p2a: Ursaluna
|-damage|p2a: Ursaluna|57/100 brn
|
|-heal|p1a: Great Tusk|45/100|[from] item: Leftovers
|-damage|p2a: Ursaluna|51/100 brn|[from] brn
|-fieldend|move: Trick Room
|turn|6
|
|move|p1a: Great Tusk|Earthquake|p2a: Ursaluna
|-damage|p2a: Ursaluna|20/100 brn
|move|p2a: Ursaluna|Facade|p1a: Great Tusk
|-damage|p1a: Great Tusk|0 fnt
|faint|p1a: Great Tusk
|-end|p1a: Great Tusk|Protosynthesis|[silent]
|
|-damage|p2a: Ursaluna|14/100 brn|[from] brn
|
|switch|p1a: Thundurus|Thundurus-Therian, M|100/100
|turn|7
|
|switch|p2a: Great Tusk|Great Tusk|100/100
|-terastallize|p1a: Thundurus|Ice
|move|p1a: Thundurus|Tera Blast|p2a: Great Tusk
|-supereffective|p2a: Great Tusk
|-damage|p2a: Great Tusk|27/100
|
|turn|8
|
|move|p1a: Thundurus|Tera Blast|p2a: Great Tusk
|-supereffective|p2a: Great Tusk
|-damage|p2a: Great Tusk|0 fnt
|faint|p2a: Great Tusk
|-end|p2a: Great Tusk|Protosynthesis|[silent]
|
|-sideend|p1: p1|move: Light Screen
|
|switch|p2a: Meowscarada|Meowscarada, F|100/100
|turn|9
|
|move|p1a: Thundurus|Tera Blast|p2a: Meowscarada
|-supereffective|p2a: Meowscarada
|-enditem|p2a: Meowscarada|Focus Sash
|-damage|p2a: Meowscarada|1/100
|move|p2a: Meowscarada|Trick Room|p2a: Meowscarada
|-fieldstart|move: Trick Room|[of] p2a: Meowscarada
|
|-sideend|p1: p1|Reflect
|turn|10
|
|move|p2a: Meowscarada|Flower Trick|p1a: Thundurus
|-crit|p1a: Thundurus
|-damage|p1a: Thundurus|0 fnt
|faint|p1a: Thundurus
|
|
|switch|p1a: Cresselia|Cresselia, F|75/100
|turn|11
|
|move|p1a: Cresselia|Reflect|p1a: Cresselia
|-sidestart|p1: p1|Reflect
|move|p2a: Meowscarada|U-turn|p1a: Cresselia
|-supereffective|p1a: Cresselia
|-damage|p1a: Cresselia|62/100
|
|switch|p2a: Heatran|Heatran, M|100/100|[from] U-turn
|
|turn|12
|
|move|p2a: Heatran|Overheat|p1a: Cresselia
|-damage|p1a: Cresselia|0 fnt
|-unboost|p2a: Heatran|spa|2
|faint|p1a: Cresselia
|
|
|switch|p1a: Urshifu|Urshifu-Rapid-Strike, M|100/100
|turn|13
|
|switch|p2a: Meowscarada|Meowscarada, F|1/100
|move|p1a: Urshifu|Swords Dance|p1a: Urshifu
|-boost|p1a: Urshifu|atk|2
|
|-fieldend|move: Trick Room
|turn|14
|
|move|p1a: Urshifu|Drain Punch|p2a: Meowscarada
|-supereffective|p2a: Meowscarada
|-damage|p2a: Meowscarada|0 fnt
|faint|p2a: Meowscarada
|
|
|switch|p2a: Hatterene|Hatterene, F|100/100
|turn|15
|
|-terastallize|p2a: Hatterene|Water
|move|p1a: Urshifu|Surging Strikes|p2a: Hatterene
|-resisted|p2a: Hatterene
|-crit|p2a: Hatterene
|-damage|p2a: Hatterene|76/100
|-resisted|p2a: Hatterene
|-crit|p2a: Hatterene
|-damage|p2a: Hatterene|49/100
|-resisted|p2a: Hatterene
|-crit|p2a: Hatterene
|-damage|p2a: Hatterene|24/100
|-hitcount|p2a: Hatterene|3
|move|p2a: Hatterene|Trick Room|p2a: Hatterene
|-fieldstart|move: Trick Room|[of] p2a: Hatterene
|
|turn|16
|
|move|p2a: Hatterene|Healing Wish|p2a: Hatterene
|faint|p2a: Hatterene
|move|p1a: Urshifu|Drain Punch|p2: Hatterene|[notarget]
|-fail|p1a: Urshifu
|
|
|switch|p2a: Ursaluna|Ursaluna, M|14/100 brn
|-heal|p2a: Ursaluna|100/100|[from] move: Healing Wish
|turn|17
|
|move|p2a: Ursaluna|Facade|p1a: Urshifu
|-damage|p1a: Urshifu|80/100
|move|p1a: Urshifu|Drain Punch|p2a: Ursaluna
|-supereffective|p2a: Ursaluna
|-damage|p2a: Ursaluna|0 fnt
|-heal|p1a: Urshifu|100/100|[from] drain|[of] p2a: Ursaluna
|faint|p2a: Ursaluna
|
|
|switch|p2a: Magearna|Magearna|100/100
|turn|18
|
|move|p2a: Magearna|Fleur Cannon|p1a: Urshifu
|-supereffective|p1a: Urshifu
|-damage|p1a: Urshifu|0 fnt
|-unboost|p2a: Magearna|spa|2
|faint|p1a: Urshifu
|-ability|p2a: Magearna|Soul-Heart|boost
|-boost|p2a: Magearna|spa|1
|
|-sideend|p1: p1|Reflect
|
|switch|p1a: Hydreigon|Hydreigon, M|100/100
|turn|19
|
|move|p2a: Magearna|Fleur Cannon|p1a: Hydreigon
|-supereffective|p1a: Hydreigon
|-damage|p1a: Hydreigon|0 fnt
|-unboost|p2a: Magearna|spa|2
|faint|p1a: Hydreigon
|
|win|p2
