|poke|p1|Landorus-Therian, M|
|poke|p1|Zapdos|
|poke|p1|Roaring Moon|
|poke|p1|Typhlosion-Hisui, M|
|poke|p1|Masquerain, M|
|poke|p1|Kingambit, M|
|poke|p2|Arcanine-Hisui, M|
|poke|p2|Torkoal, F|
|poke|p2|Walking Wake|
|poke|p2|Lilligant-Hisui, F|
|poke|p2|Kleavor, F|
|poke|p2|Moltres|
|teampreview
|
|start
|switch|p1a: Masquerain|Masquerain, M, shiny|100/100
|switch|p2a: Torkoal|Torkoal, F|100/100
|-ability|p1a: Masquerain|Intimidate|boost
|-unboost|p2a: Torkoal|atk|1
|-weather|SunnyDay|[from] ability: Drought|[of] p2a: Torkoal
|turn|1
|
|move|p1a: Masquerain|Sticky Web|p2a: Torkoal
|-sidestart|p2: p2|move: Sticky Web
|move|p2a: Torkoal|Lava Plume|p1a: Masquerain
|-supereffective|p1a: Masquerain
|-damage|p1a: Masquerain|5/100
|-status|p1a: Masquerain|brn
|
|-weather|SunnyDay|[upkeep]
|-damage|p1a: Masquerain|0 fnt|[from] brn
|faint|p1a: Masquerain
|
|switch|p1a: Landorus|Landorus-Therian, M|100/100
|-ability|p1a: Landorus|Intimidate|boost
|-unboost|p2a: Torkoal|atk|1
|turn|2
|
|switch|p1a: Typhlosion|Typhlosion-Hisui, M|100/100
|-item|p2a: Torkoal|Heat Rock|[from] ability: Frisk|[of] p1a: Typhlosion|[identify]
|move|p2a: Torkoal|Rapid Spin|p1a: Typhlosion
|-immune|p1a: Typhlosion
|
|-weather|SunnyDay|[upkeep]
|turn|3
|
|switch|p2a: Walking Wake|Walking Wake|100/100
|-activate|p2a: Walking Wake|move: Sticky Web
|-unboost|p2a: Walking Wake|spe|1
|-activate|p2a: Walking Wake|ability: Protosynthesis
|-start|p2a: Walking Wake|protosynthesisspa
|-terastallize|p1a: Typhlosion|Fire
|move|p1a: Typhlosion|Eruption|p2a: Walking Wake
|-resisted|p2a: Walking Wake
|-damage|p2a: Walking Wake|50/100
|
|-weather|SunnyDay|[upkeep]
|turn|4
|
|move|p1a: Typhlosion|Eruption|p2a: Walking Wake
|-resisted|p2a: Walking Wake
|-damage|p2a: Walking Wake|1/100
|move|p2a: Walking Wake|Hydro Steam|p1a: Typhlosion
|-supereffective|p1a: Typhlosion
|-damage|p1a: Typhlosion|0 fnt
|faint|p1a: Typhlosion
|-damage|p2a: Walking Wake|0 fnt|[from] item: Life Orb
|faint|p2a: Walking Wake
|-end|p2a: Walking Wake|Protosynthesis|[silent]
|
|-weather|SunnyDay|[upkeep]
|
|switch|p2a: Torkoal|Torkoal, F|100/100
|switch|p1a: Landorus|Landorus-Therian, M|100/100
|-ability|p1a: Landorus|Intimidate|boost
|-unboost|p2a: Torkoal|atk|1
|-activate|p2a: Torkoal|move: Sticky Web
|-unboost|p2a: Torkoal|spe|1
|turn|5
|
|move|p1a: Landorus|Earthquake|p2a: Torkoal
|-supereffective|p2a: Torkoal
|-damage|p2a: Torkoal|23/100
|move|p2a: Torkoal|Rapid Spin|p1a: Landorus
|-damage|p1a: Landorus|93/100
|-boost|p2a: Torkoal|spe|1
|-sideend|p2: p2|Sticky Web|[from] move: Rapid Spin|[of] p2a: Torkoal
|
|-weather|SunnyDay|[upkeep]
|turn|6
|
|switch|p2a: Moltres|Moltres|100/100
|move|p1a: Landorus|Earthquake|p2a: Moltres
|-immune|p2a: Moltres
|
|-weather|SunnyDay|[upkeep]
|turn|7
|
|move|p1a: Landorus|Rock Slide|p2a: Moltres
|-supereffective|p2a: Moltres
|-damage|p2a: Moltres|0 fnt
|faint|p2a: Moltres
|
|-weather|SunnyDay|[upkeep]
|
|switch|p2a: Lilligant|Lilligant-Hisui, F|100/100
|turn|8
|
|move|p2a: Lilligant|Ice Spinner|p1a: Landorus
|-supereffective|p1a: Landorus
|-damage|p1a: Landorus|0 fnt
|faint|p1a: Landorus
|-damage|p2a: Lilligant|91/100|[from] item: Life Orb
|
|-weather|none
|
|switch|p1a: Zapdos|Zapdos|100/100
|turn|9
|
|switch|p2a: Torkoal|Torkoal, F|23/100
|-weather|SunnyDay|[from] ability: Drought|[of] p2a: Torkoal
|move|p1a: Zapdos|Hurricane|p2a: Torkoal
|-damage|p2a: Torkoal|0 fnt
|faint|p2a: Torkoal
|
|-weather|SunnyDay|[upkeep]
|
|switch|p2a: Kleavor|Kleavor, F|100/100
|turn|10
|
|switch|p1a: Kingambit|Kingambit, M, shiny|100/100
|-activate|p1a: Kingambit|ability: Supreme Overlord
|-start|p1a: Kingambit|fallen3|[silent]
|move|p2a: Kleavor|Stone Axe|p1a: Kingambit
|-resisted|p1a: Kingambit
|-crit|p1a: Kingambit
|-damage|p1a: Kingambit|67/100
|-sidestart|p1: p1|move: Stealth Rock
|
|-weather|SunnyDay|[upkeep]
|turn|11
|
|move|p1a: Kingambit|Kowtow Cleave|p2a: Kleavor
|-damage|p2a: Kleavor|30/100
|move|p2a: Kleavor|Close Combat|p1a: Kingambit
|-supereffective|p1a: Kingambit
|-damage|p1a: Kingambit|0 fnt
|-unboost|p2a: Kleavor|def|1
|-unboost|p2a: Kleavor|spd|1
|faint|p1a: Kingambit
|-end|p1a: Kingambit|fallen3|[silent]
|
|-weather|SunnyDay|[upkeep]
|
|switch|p1a: Zapdos|Zapdos|100/100
|turn|12
|
|move|p2a: Kleavor|Stone Axe|p1a: Zapdos
|-supereffective|p1a: Zapdos
|-damage|p1a: Zapdos|20/100
|-status|p2a: Kleavor|par|[from] ability: Static|[of] p1a: Zapdos
|move|p1a: Zapdos|Heat Wave|p2a: Kleavor|[miss]
|-miss|p1a: Zapdos|p2a: Kleavor
|
|-weather|SunnyDay|[upkeep]
|turn|13
|
|move|p1a: Zapdos|Roost|p1a: Zapdos
|-heal|p1a: Zapdos|70/100
|-singleturn|p1a: Zapdos|move: Roost
|cant|p2a: Kleavor|par
|
|-weather|SunnyDay|[upkeep]
|turn|14
|
|move|p1a: Zapdos|Heat Wave|p2a: Kleavor
|-damage|p2a: Kleavor|0 fnt
|faint|p2a: Kleavor
|
|-weather|SunnyDay|[upkeep]
|
|switch|p2a: Arcanine|Arcanine-Hisui, M|100/100
|turn|15
|
|-terastallize|p2a: Arcanine|Fire
|move|p2a: Arcanine|Flare Blitz|p1a: Zapdos
|-damage|p1a: Zapdos|0 fnt
|-status|p2a: Arcanine|par|[from] ability: Static|[of] p1a: Zapdos
|faint|p1a: Zapdos
|
|-weather|SunnyDay|[upkeep]
|
|switch|p1a: Roaring Moon|Roaring Moon|100/100
|-damage|p1a: Roaring Moon|88/100|[from] Stealth Rock
|-activate|p1a: Roaring Moon|ability: Protosynthesis
|-start|p1a: Roaring Moon|protosynthesisatk
|turn|16
|
|move|p1a: Roaring Moon|Earthquake|p2a: Arcanine
|-supereffective|p2a: Arcanine
|-damage|p2a: Arcanine|0 fnt
|faint|p2a: Arcanine
|
|-weather|none
|-end|p1a: Roaring Moon|Protosynthesis
|-enditem|p1a: Roaring Moon|Booster Energy
|-activate|p1a: Roaring Moon|ability: Protosynthesis|[fromitem]
|-start|p1a: Roaring Moon|protosynthesisatk
|
|switch|p2a: Lilligant|Lilligant-Hisui, F|91/100
|turn|17
|
|move|p1a: Roaring Moon|Acrobatics|p2a: Lilligant
|-supereffective|p2a: Lilligant
|-damage|p2a: Lilligant|0 fnt
|faint|p2a: Lilligant
|
|win|p1
