|poke|p1|Braviary-Hisui, M|
|poke|p1|Basculegion, M|
|poke|p1|Pelipper, F|
|poke|p1|Urshifu-*, M|
|poke|p1|Kingambit, M|
|poke|p1|Baxcalibur, M|
|poke|p2|Roaring Moon|
|poke|p2|Maushold-Four|
|poke|p2|Grimmsnarl, M|
|poke|p2|Regidrago|
|poke|p2|Ursaluna, M|
|poke|p2|Corviknight, M|
|teampreview
|
|start
|switch|p1a: Urshifu|Urshifu-Rapid-Strike, M|100/100
|switch|p2a: Corviknight|Corviknight, M|100/100
|turn|1
|
|move|p1a: Urshifu|U-turn|p2a: Corviknight
|-resisted|p2a: Corviknight
|-damage|p2a: Corviknight|97/100
|-damage|p1a: Urshifu|84/100|[from] item: Rocky Helmet|[of] p2a: Corviknight
|
|switch|p1a: AwA🥤|Pelipper, F, shiny|100/100|[from] U-turn
|-weather|RainDance|[from] ability: Drizzle|[of] p1a: AwA🥤
|move|p2a: Corviknight|Tailwind|p2a: Corviknight
|-sidestart|p2: p2|move: Tailwind
|
|-weather|RainDance|[upkeep]
|turn|2
|
|move|p2a: Corviknight|U-turn|p1a: AwA🥤
|-resisted|p1a: AwA🥤
|-damage|p1a: AwA🥤|95/100
|
|switch|p2a: Maushold|Maushold-Four, shiny|100/100|[from] U-turn
|move|p1a: AwA🥤|U-turn|p2a: Maushold
|-damage|p2a: Maushold|87/100
|
|switch|p1a: Basculegion|Basculegion, M|100/100|[from] U-turn
|
|-weather|RainDance|[upkeep]
|turn|3
|
|move|p2a: Maushold|Bite|p1a: Basculegion
|-supereffective|p1a: Basculegion
|-damage|p1a: Basculegion|42/100
|move|p1a: Basculegion|Wave Crash|p2a: Maushold
|-damage|p2a: Maushold|0 fnt
|faint|p2a: Maushold
|-damage|p1a: Basculegion|20/100|[from] Recoil
|
|-weather|RainDance|[upkeep]
|
|switch|p2a: Corviknight|Corviknight, M|97/100
|turn|4
|
|move|p1a: Basculegion|Wave Crash|p2a: Corviknight
|-damage|p2a: Corviknight|17/100
|-damage|p1a: Basculegion|4/100|[from] item: Rocky Helmet|[of] p2a: Corviknight
|-damage|p1a: Basculegion|0 fnt|[from] Recoil
|faint|p1a: Basculegion
|move|p2a: Corviknight|Defog|p1: Basculegion|[notarget]
|-fail|p2a: Corviknight
|
|-weather|RainDance|[upkeep]
|-sideend|p2: p2|move: Tailwind
|
|switch|p1a: Baxcalibur|Baxcalibur, M|100/100
|turn|5
|
|-terastallize|p1a: Baxcalibur|Ghost
|move|p1a: Baxcalibur|Dragon Dance|p1a: Baxcalibur
|-boost|p1a: Baxcalibur|atk|1
|-boost|p1a: Baxcalibur|spe|1
|move|p2a: Corviknight|Tailwind|p2a: Corviknight
|-sidestart|p2: p2|move: Tailwind
|
|-weather|RainDance|[upkeep]
|turn|6
|
|move|p1a: Baxcalibur|Dragon Dance|p1a: Baxcalibur
|-boost|p1a: Baxcalibur|atk|1
|-boost|p1a: Baxcalibur|spe|1
|move|p2a: Corviknight|U-turn|p1a: Baxcalibur
|-resisted|p1a: Baxcalibur
|-crit|p1a: Baxcalibur
|-damage|p1a: Baxcalibur|90/100
|
|switch|p2a: Grimmsnarl|Grimmsnarl, M|100/100|[from] U-turn
|
|-weather|RainDance|[upkeep]
|turn|7
|
|move|p2a: Grimmsnarl|Fake Out|p1a: Baxcalibur
|-immune|p1a: Baxcalibur
|move|p1a: Baxcalibur|Icicle Spear|p2a: Grimmsnarl
|-damage|p2a: Grimmsnarl|62/100
|-damage|p2a: Grimmsnarl|21/100
|-damage|p2a: Grimmsnarl|0 fnt
|faint|p2a: Grimmsnarl
|-hitcount|p2: Grimmsnarl|3
|
|-weather|RainDance|[upkeep]
|-message|p2 forfeited.
|
|win|p1
