# advantage = p1
|poke|p1|Magearna|
|poke|p1|Samurott-Hisui, M|
|poke|p1|Dondozo, M|
|poke|p1|Ditto|
|poke|p1|Great Tusk|
|poke|p1|Zapdos|
|poke|p2|Chien-Pao|
|poke|p2|Samurott-Hisui, M|
|poke|p2|Clodsire, M|
|poke|p2|Urshifu-*, M|
|poke|p2|Magearna|
|poke|p2|Dragonite, M|
|teampreview
|
|start
|switch|p1a: Samurott|Samurott-Hisui, M, shiny|100/100
|switch|p2a: Samurott|Samurott-Hisui, M|100/100
|turn|1
|
|move|p1a: Samurott|Sacred Sword|p2a: Samurott
|-supereffective|p2a: Samurott
|-enditem|p2a: Samurott|Focus Sash
|-damage|p2a: Samurott|1/100
|move|p2a: Samurott|Sacred Sword|p1a: Samurott
|-supereffective|p1a: Samurott
|-damage|p1a: Samurott|0 fnt
|faint|p1a: Samurott
|
|
|switch|p1a: Zapdos|Zapdos, shiny|100/100
|turn|2
|
|move|p2a: Samurott|Ceaseless Edge|p1a: Zapdos
|-damage|p1a: Zapdos|53/100
|-sidestart|p1: p1|Spikes
|move|p1a: Zapdos|Heat Wave|p2a: Samurott
|-resisted|p2a: Samurott
|-damage|p2a: Samurott|0 fnt
|faint|p2a: Samurott
|
|
|switch|p2a: Chien-Pao|Chien-Pao|100/100
|-ability|p2a: Chien-Pao|Sword of Ruin
|turn|3
|
|switch|p1a: Dondozo|Dondozo, M, shiny|100/100
|move|p2a: Chien-Pao|Icicle Crash|p1a: Dondozo
|-resisted|p1a: Dondozo
|-damage|p1a: Dondozo|84/100
|-damage|p2a: Chien-Pao|91/100|[from] item: Life Orb
|
|turn|4
|
|switch|p2a: Dragonite|Dragonite, M|100/100
|switch|p1a: Great Tusk|Great Tusk, shiny|100/100
|-damage|p1a: Great Tusk|88/100|[from] Spikes
|
|-heal|p1a: Great Tusk|94/100|[from] item: Leftovers
|turn|5
|
|move|p2a: Dragonite|Hurricane|p1a: Great Tusk
|-supereffective|p1a: Great Tusk
|-damage|p1a: Great Tusk|4/100
|move|p1a: Great Tusk|Rapid Spin|p2a: Dragonite
|-damage|p2a: Dragonite|93/100
|-boost|p1a: Great Tusk|spe|1
|-sideend|p1: p1|Spikes|[from] move: Rapid Spin|[of] p1a: Great Tusk
|
|-heal|p1a: Great Tusk|10/100|[from] item: Leftovers
|turn|6
|
|-end|p1a: Great Tusk|Protosynthesis|[silent]
|switch|p1a: Zapdos|Zapdos, shiny|53/100
|move|p2a: Dragonite|Earthquake|p1a: Zapdos
|-immune|p1a: Zapdos
|
|turn|7
|
|switch|p2a: Clodsire|Clodsire, M|100/100
|move|p1a: Zapdos|Discharge|p2a: Clodsire
|-immune|p2a: Clodsire
|
|turn|8
|
|switch|p1a: Great Tusk|Great Tusk, shiny|10/100
|move|p2a: Clodsire|Stealth Rock|p1a: Great Tusk
|-sidestart|p1: p1|move: Stealth Rock
|
|-heal|p1a: Great Tusk|16/100|[from] item: Leftovers
|turn|9
|
|move|p1a: Great Tusk|Rapid Spin|p2a: Clodsire
|-damage|p2a: Clodsire|85/100
|-boost|p1a: Great Tusk|spe|1
|-sideend|p1: p1|Stealth Rock|[from] move: Rapid Spin|[of] p1a: Great Tusk
|move|p2a: Clodsire|Toxic|p1a: Great Tusk
|-status|p1a: Great Tusk|tox
|
|-heal|p1a: Great Tusk|23/100 tox|[from] item: Leftovers
|-heal|p2a: Clodsire|91/100|[from] item: Leftovers
|-damage|p1a: Great Tusk|16/100 tox|[from] psn
|turn|10
|
|switch|p2a: Dragonite|Dragonite, M|93/100
|move|p1a: Great Tusk|Knock Off|p2a: Dragonite
|-damage|p2a: Dragonite|63/100
|-enditem|p2a: Dragonite|Heavy-Duty Boots|[from] move: Knock Off|[of] p1a: Great Tusk
|
|-heal|p1a: Great Tusk|23/100 tox|[from] item: Leftovers
|-damage|p1a: Great Tusk|10/100 tox|[from] psn
|turn|11
|
|switch|p2a: Clodsire|Clodsire, M|91/100
|move|p1a: Great Tusk|Stealth Rock|p2a: Clodsire
|-sidestart|p2: p2|move: Stealth Rock
|
|-heal|p1a: Great Tusk|16/100 tox|[from] item: Leftovers
|-heal|p2a: Clodsire|97/100|[from] item: Leftovers
|-damage|p1a: Great Tusk|0 fnt|[from] psn
|faint|p1a: Great Tusk
|-end|p1a: Great Tusk|Protosynthesis|[silent]
|
|switch|p1a: Magearna|Magearna|100/100
|turn|12
|
|move|p1a: Magearna|Iron Defense|p1a: Magearna
|-boost|p1a: Magearna|def|2
|move|p2a: Clodsire|Earthquake|p1a: Magearna
|-supereffective|p1a: Magearna
|-damage|p1a: Magearna|69/100
|
|-heal|p1a: Magearna|75/100|[from] item: Leftovers
|-heal|p2a: Clodsire|100/100|[from] item: Leftovers
|turn|13
|
|move|p1a: Magearna|Stored Power|p2a: Clodsire
|-supereffective|p2a: Clodsire
|-damage|p2a: Clodsire|83/100
|move|p2a: Clodsire|Earthquake|p1a: Magearna
|-supereffective|p1a: Magearna
|-damage|p1a: Magearna|43/100
|
|-heal|p1a: Magearna|49/100|[from] item: Leftovers
|-heal|p2a: Clodsire|89/100|[from] item: Leftovers
|turn|14
|
|switch|p1a: Zapdos|Zapdos, shiny|53/100
|move|p2a: Clodsire|Stealth Rock|p1a: Zapdos
|-sidestart|p1: p1|move: Stealth Rock
|
|-heal|p2a: Clodsire|95/100|[from] item: Leftovers
|turn|15
|
|move|p1a: Zapdos|Hurricane|p2a: Clodsire
|-damage|p2a: Clodsire|62/100
|move|p2a: Clodsire|Toxic|p1a: Zapdos
|-status|p1a: Zapdos|tox
|
|-heal|p2a: Clodsire|68/100|[from] item: Leftovers
|-damage|p1a: Zapdos|47/100 tox|[from] psn
|turn|16
|
|move|p1a: Zapdos|Hurricane|p2a: Clodsire
|-damage|p2a: Clodsire|35/100
|move|p2a: Clodsire|Recover|p2a: Clodsire
|-heal|p2a: Clodsire|85/100
|
|-heal|p2a: Clodsire|91/100|[from] item: Leftovers
|-damage|p1a: Zapdos|35/100 tox|[from] psn
|turn|17
|
|move|p1a: Zapdos|Hurricane|p2a: Clodsire|[miss]
|-miss|p1a: Zapdos|p2a: Clodsire
|move|p2a: Clodsire|Earthquake|p1a: Zapdos
|-immune|p1a: Zapdos
|
|-heal|p2a: Clodsire|97/100|[from] item: Leftovers
|-damage|p1a: Zapdos|17/100 tox|[from] psn
|turn|18
|
|move|p1a: Zapdos|Heat Wave|p2a: Clodsire
|-damage|p2a: Clodsire|77/100
|move|p2a: Clodsire|Earthquake|p1a: Zapdos
|-immune|p1a: Zapdos
|
|-heal|p2a: Clodsire|83/100|[from] item: Leftovers
|-damage|p1a: Zapdos|0 fnt|[from] psn
|faint|p1a: Zapdos
|
|switch|p1a: Dondozo|Dondozo, M, shiny|84/100
|turn|19
|
|move|p1a: Dondozo|Curse|p1a: Dondozo
|-unboost|p1a: Dondozo|spe|1
|-boost|p1a: Dondozo|atk|1
|-boost|p1a: Dondozo|def|1
|move|p2a: Clodsire|Toxic|p1a: Dondozo
|-status|p1a: Dondozo|tox
|
|-heal|p2a: Clodsire|89/100|[from] item: Leftovers
|-damage|p1a: Dondozo|78/100 tox|[from] psn
|turn|20
|
|switch|p2a: Dragonite|Dragonite, M|63/100
|-damage|p2a: Dragonite|38/100|[from] Stealth Rock
|move|p1a: Dondozo|Liquidation|p2a: Dragonite
|-resisted|p2a: Dragonite
|-damage|p2a: Dragonite|13/100
|
|-damage|p1a: Dondozo|66/100 tox|[from] psn
|turn|21
|
|move|p2a: Dragonite|Hurricane|p1a: Dondozo|[miss]
|-miss|p2a: Dragonite|p1a: Dondozo
|move|p1a: Dondozo|Rest|p1a: Dondozo
|-status|p1a: Dondozo|slp|[from] move: Rest
|-heal|p1a: Dondozo|100/100 slp|[silent]
|
|turn|22
|
|move|p2a: Dragonite|Hurricane|p1a: Dondozo
|-damage|p1a: Dondozo|65/100 slp
|-start|p1a: Dondozo|confusion
|cant|p1a: Dondozo|slp
|-activate|p1a: Dondozo|confusion
|-damage|p1a: Dondozo|61/100 slp|[from] confusion
|
|turn|23
|
|move|p2a: Dragonite|Hurricane|p1a: Dondozo
|-crit|p1a: Dondozo
|-damage|p1a: Dondozo|8/100 slp
|cant|p1a: Dondozo|slp
|-activate|p1a: Dondozo|confusion
|move|p1a: Dondozo|Sleep Talk|p1a: Dondozo
|move|p1a: Dondozo|Liquidation|p2a: Dragonite|[from]move: Sleep Talk
|-resisted|p2a: Dragonite
|-damage|p2a: Dragonite|0 fnt
|faint|p2a: Dragonite
|
|
|switch|p2a: Chien-Pao|Chien-Pao|91/100
|-damage|p2a: Chien-Pao|66/100|[from] Stealth Rock
|-ability|p2a: Chien-Pao|Sword of Ruin
|turn|24
|
|move|p2a: Chien-Pao|Sacred Sword|p1a: Dondozo
|-damage|p1a: Dondozo|0 fnt
|faint|p1a: Dondozo
|-damage|p2a: Chien-Pao|56/100|[from] item: Life Orb
|
|
|switch|p1a: Ditto|Ditto, shiny|100/100
|-damage|p1a: Ditto|88/100|[from] Stealth Rock
|-transform|p1a: Ditto|p2a: Chien-Pao|[from] ability: Imposter
|-ability|p1a: Ditto|Sword of Ruin
|turn|25
|
|move|p2a: Chien-Pao|Sucker Punch|p1a: Ditto
|-resisted|p1a: Ditto
|-damage|p1a: Ditto|56/100
|-damage|p2a: Chien-Pao|46/100|[from] item: Life Orb
|move|p1a: Ditto|Icicle Crash|p2a: Chien-Pao
|-resisted|p2a: Chien-Pao
|-damage|p2a: Chien-Pao|15/100
|
|turn|26
|
|move|p2a: Chien-Pao|Sucker Punch|p1a: Ditto
|-resisted|p1a: Ditto
|-damage|p1a: Ditto|23/100
|-damage|p2a: Chien-Pao|5/100|[from] item: Life Orb
|move|p1a: Ditto|Icicle Crash|p2a: Chien-Pao
|-resisted|p2a: Chien-Pao
|-damage|p2a: Chien-Pao|0 fnt
|faint|p2a: Chien-Pao
|
|
|switch|p2a: Urshifu|Urshifu-Rapid-Strike, M|100/100
|-damage|p2a: Urshifu|94/100|[from] Stealth Rock
|turn|27
|
|switch|p1a: Magearna|Magearna|49/100
|-damage|p1a: Magearna|43/100|[from] Stealth Rock
|move|p2a: Urshifu|Aqua Jet|p1a: Magearna
|-damage|p1a: Magearna|29/100
|
|-heal|p1a: Magearna|35/100|[from] item: Leftovers
|turn|28
|
|move|p2a: Urshifu|Surging Strikes|p1a: Magearna
|-crit|p1a: Magearna
|-damage|p1a: Magearna|21/100
|-crit|p1a: Magearna
|-damage|p1a: Magearna|8/100
|-crit|p1a: Magearna
|-damage|p1a: Magearna|0 fnt
|faint|p1a: Magearna
|-hitcount|p1: Magearna|3
|
|
|switch|p1a: Ditto|Ditto, shiny|23/100
|-damage|p1a: Ditto|11/100|[from] Stealth Rock
|-transform|p1a: Ditto|p2a: Urshifu|[from] ability: Imposter
|turn|29
|
|move|p1a: Ditto|Drain Punch|p2a: Urshifu
|-damage|p2a: Urshifu|58/100
|-heal|p1a: Ditto|32/100|[from] drain|[of] p2a: Urshifu
|move|p2a: Urshifu|Drain Punch|p1a: Ditto
|-damage|p1a: Ditto|0 fnt
|-heal|p2a: Urshifu|72/100|[from] drain|[of] p1a: Ditto
|faint|p1a: Ditto
|
|win|p2
|n|☆p1|calyrexmohammad
|n|☆p2|p2
|n| chillarmy|chillarmy
|n| bigdaddytaikodrum|bigdaddytaikodrum
|n| Kenneli|kenneli
|n| DylanYinzer|dylanyinzer
|n| SwabluIsAHat|swabluisahat
|n| IConsumeChairs|iconsumechairs
|n| Remedy4brokenh3art|remedy4brokenh3art
|n| hfuvf|hfuvf
