# advantage = p1
|poke|p1|Sneasler, F|
|poke|p1|Landorus-Therian, M|
|poke|p1|Corviknight, F|
|poke|p1|Great Tusk|
|poke|p1|Braviary-Hisui, M|
|poke|p1|Typhlosion-Hisui, F|
|poke|p2|Typhlosion-Hisui, F|
|poke|p2|Dragapult, F|
|poke|p2|Magearna|
|poke|p2|Urshifu-*, M|
|poke|p2|Zapdos|
|poke|p2|Great Tusk|
|teampreview
|
|start
|switch|p1a: Landorus|Landorus-Therian, M|100/100
|switch|p2a: Great Tusk|Great Tusk|100/100
|-ability|p1a: Landorus|Intimidate|boost
|-unboost|p2a: Great Tusk|atk|1
|-enditem|p2a: Great Tusk|Booster Energy
|-activate|p2a: Great Tusk|ability: Protosynthesis|[fromitem]
|-start|p2a: Great Tusk|protosynthesisspe
|turn|1
|
|move|p2a: Great Tusk|Stealth Rock|p1a: Landorus
|-sidestart|p1: p1|move: Stealth Rock
|move|p1a: Landorus|U-turn|p2a: Great Tusk
|-resisted|p2a: Great Tusk
|-damage|p2a: Great Tusk|93/100
|
|switch|p1a: Braviary|Braviary-Hisui, M|100/100|[from] U-turn
|
|turn|2
|
|-end|p2a: Great Tusk|Protosynthesis|[silent]
|switch|p2a: Zapdos|Zapdos|100/100
|move|p1a: Braviary|Esper Wing|p2a: Zapdos
|-damage|p2a: Zapdos|68/100
|-boost|p1a: Braviary|spe|1
|
|turn|3
|
|move|p1a: Braviary|Calm Mind|p1a: Braviary
|-boost|p1a: Braviary|spa|1
|-boost|p1a: Braviary|spd|1
|move|p2a: Zapdos|Volt Switch|p1a: Braviary
|-supereffective|p1a: Braviary
|-damage|p1a: Braviary|56/100
|
|switch|p2a: Urshifu|Urshifu-Rapid-Strike, M|100/100|[from] Volt Switch
|
|turn|4
|
|move|p2a: Urshifu|Ice Spinner|p1a: Braviary
|-supereffective|p1a: Braviary
|-damage|p1a: Braviary|5/100
|move|p1a: Braviary|Esper Wing|p2a: Urshifu
|-supereffective|p2a: Urshifu
|-damage|p2a: Urshifu|0 fnt
|-boost|p1a: Braviary|spe|1
|faint|p2a: Urshifu
|
|
|switch|p2a: Zapdos|Zapdos|68/100
|turn|5
|
|move|p1a: Braviary|Roost|p1a: Braviary
|-heal|p1a: Braviary|55/100
|-singleturn|p1a: Braviary|move: Roost
|move|p2a: Zapdos|Volt Switch|p1a: Braviary
|-damage|p1a: Braviary|31/100
|
|switch|p2a: Magearna|Magearna|100/100|[from] Volt Switch
|
|turn|6
|
|move|p1a: Braviary|Roost|p1a: Braviary
|-heal|p1a: Braviary|81/100
|-singleturn|p1a: Braviary|move: Roost
|move|p2a: Magearna|Volt Switch|p1a: Braviary
|-crit|p1a: Braviary
|-damage|p1a: Braviary|44/100
|
|switch|p2a: Zapdos|Zapdos|68/100|[from] Volt Switch
|
|turn|7
|
|move|p1a: Braviary|Roost|p1a: Braviary
|-heal|p1a: Braviary|94/100
|-singleturn|p1a: Braviary|move: Roost
|move|p2a: Zapdos|Volt Switch|p1a: Braviary
|-damage|p1a: Braviary|73/100
|
|switch|p2a: Great Tusk|Great Tusk|93/100|[from] Volt Switch
|
|turn|8
|
|move|p1a: Braviary|Calm Mind|p1a: Braviary
|-boost|p1a: Braviary|spa|1
|-boost|p1a: Braviary|spd|1
|move|p2a: Great Tusk|Knock Off|p1a: Braviary
|-supereffective|p1a: Braviary
|-damage|p1a: Braviary|26/100
|-enditem|p1a: Braviary|Heavy-Duty Boots|[from] move: Knock Off|[of] p2a: Great Tusk
|
|turn|9
|
|move|p1a: Braviary|Esper Wing|p2a: Great Tusk
|-supereffective|p2a: Great Tusk
|-damage|p2a: Great Tusk|0 fnt
|-boost|p1a: Braviary|spe|1
|faint|p2a: Great Tusk
|-end|p2a: Great Tusk|Protosynthesis|[silent]
|
|
|switch|p2a: Magearna|Magearna|100/100
|turn|10
|
|move|p1a: Braviary|Roost|p1a: Braviary
|-heal|p1a: Braviary|76/100
|-singleturn|p1a: Braviary|move: Roost
|move|p2a: Magearna|Volt Switch|p1a: Braviary
|-damage|p1a: Braviary|65/100
|
|switch|p2a: Dragapult|Dragapult, F|100/100|[from] Volt Switch
|
|turn|11
|
|move|p1a: Braviary|Dazzling Gleam|p2a: Dragapult
|-supereffective|p2a: Dragapult
|-crit|p2a: Dragapult
|-damage|p2a: Dragapult|0 fnt
|faint|p2a: Dragapult
|
|
|switch|p2a: Typhlosion|Typhlosion-Hisui, F|100/100
|turn|12
|
|move|p1a: Braviary|Esper Wing|p2a: Typhlosion
|-damage|p2a: Typhlosion|6/100
|-boost|p1a: Braviary|spe|1
|move|p2a: Typhlosion|Infernal Parade|p1a: Braviary
|-supereffective|p1a: Braviary
|-damage|p1a: Braviary|8/100
|
|turn|13
|-message|p2 lost due to inactivity.
|
|win|p1
