|poke|p1|Dragonite, M|
|poke|p1|Rotom-Wash|
|poke|p1|Heatran, M|
|poke|p1|Great Tusk|
|poke|p1|Clodsire, M|
|poke|p1|Volcanion|
|poke|p2|Ursaluna, F|
|poke|p2|Slowking-Galar, M|
|poke|p2|Urshifu-*, F|
|poke|p2|Samurott-Hisui, F|
|poke|p2|Iron Valiant|
|poke|p2|Chien-Pao|
|teampreview
|
|start
|switch|p1a: Rotom|Rotom-Wash|100/100
|switch|p2a: Samurott|Samurott-Hisui, F|100/100
|turn|1
|
|move|p1a: Rotom|Trick|p2a: Samurott
|-activate|p1a: Rotom|move: Trick|[of] p2a: Samurott
|-item|p2a: Samurott|Choice Scarf|[from] move: Trick
|-item|p1a: Rotom|Focus Sash|[from] move: Trick
|move|p2a: Samurott|Ceaseless Edge|p1a: Rotom|[miss]
|-miss|p2a: Samurott|p1a: Rotom
|
|turn|2
|
|move|p2a: Samurott|Ceaseless Edge|p1a: Rotom
|-damage|p1a: Rotom|52/100
|-sidestart|p1: deniz2323|Spikes
|move|p1a: Rotom|Volt Switch|p2a: Samurott
|-supereffective|p2a: Samurott
|-damage|p2a: Samurott|27/100
|
|switch|p1a: Great Tusk|Great Tusk|100/100|[from] Volt Switch
|-damage|p1a: Great Tusk|88/100|[from] Spikes
|
|turn|3
|
|-terastallize|p2a: Samurott|Ghost
|move|p2a: Samurott|Ceaseless Edge|p1a: Great Tusk
|-resisted|p1a: Great Tusk
|-damage|p1a: Great Tusk|77/100
|-sidestart|p1: deniz2323|Spikes
|-damage|p2a: Samurott|10/100|[from] item: Rocky Helmet|[of] p1a: Great Tusk
|move|p1a: Great Tusk|Rapid Spin|p2a: Samurott
|-immune|p2a: Samurott
|
|turn|4
|
|move|p2a: Samurott|Ceaseless Edge|p1a: Great Tusk
|-resisted|p1a: Great Tusk
|-damage|p1a: Great Tusk|68/100
|-sidestart|p1: deniz2323|Spikes
|-damage|p2a: Samurott|0 fnt|[from] item: Rocky Helmet|[of] p1a: Great Tusk
|faint|p2a: Samurott
|move|p1a: Great Tusk|Knock Off|p2: Samurott|[notarget]
|-fail|p1a: Great Tusk
|
|
|switch|p2a: Iron Valiant|Iron Valiant|100/100
|turn|5
|
|-end|p1a: Great Tusk|Protosynthesis|[silent]
|switch|p1a: Clodsire|Clodsire, M|100/100
|-damage|p1a: Clodsire|76/100|[from] Spikes
|move|p2a: Iron Valiant|Psyshock|p1a: Clodsire
|-supereffective|p1a: Clodsire
|-damage|p1a: Clodsire|0 fnt
|faint|p1a: Clodsire
|
|
|switch|p1a: Great Tusk|Great Tusk|68/100
|-damage|p1a: Great Tusk|43/100|[from] Spikes
|turn|6
|
|-terastallize|p1a: Great Tusk|Dark
|move|p2a: Iron Valiant|Psyshock|p1a: Great Tusk
|-immune|p1a: Great Tusk
|move|p1a: Great Tusk|Rapid Spin|p2a: Iron Valiant
|-damage|p2a: Iron Valiant|81/100
|-boost|p1a: Great Tusk|spe|1
|-sideend|p1: deniz2323|Spikes|[from] move: Rapid Spin|[of] p1a: Great Tusk
|
|turn|7
|
|-end|p2a: Iron Valiant|Quark Drive|[silent]
|switch|p2a: Ursaluna|Ursaluna, F|100/100
|move|p1a: Great Tusk|Knock Off|p2a: Ursaluna
|-damage|p2a: Ursaluna|65/100
|-enditem|p2a: Ursaluna|Flame Orb|[from] move: Knock Off|[of] p1a: Great Tusk
|
|turn|8
|
|switch|p2a: Iron Valiant|Iron Valiant|81/100
|move|p1a: Great Tusk|Body Press|p2a: Iron Valiant
|-resisted|p2a: Iron Valiant
|-damage|p2a: Iron Valiant|50/100
|
|turn|9
|
|-end|p1a: Great Tusk|Protosynthesis|[silent]
|switch|p1a: Heatran|Heatran, M|100/100
|move|p2a: Iron Valiant|Aura Sphere|p1a: Heatran
|-supereffective|p1a: Heatran
|-damage|p1a: Heatran|17/100
|
|turn|10
|
|switch|p1a: Dragonite|Dragonite, M|100/100
|move|p2a: Iron Valiant|Aura Sphere|p1a: Dragonite
|-resisted|p1a: Dragonite
|-damage|p1a: Dragonite|86/100
|
|turn|11
|
|-end|p2a: Iron Valiant|Quark Drive|[silent]
|switch|p2a: Ursaluna|Ursaluna, F|65/100
|move|p1a: Dragonite|Roost|p1a: Dragonite
|-heal|p1a: Dragonite|100/100
|-singleturn|p1a: Dragonite|move: Roost
|
|turn|12
|
|move|p1a: Dragonite|Earthquake|p2a: Ursaluna
|-damage|p2a: Ursaluna|32/100
|move|p2a: Ursaluna|Swords Dance|p2a: Ursaluna
|-boost|p2a: Ursaluna|atk|2
|
|turn|13
|
|move|p1a: Dragonite|Earthquake|p2a: Ursaluna
|-damage|p2a: Ursaluna|0 fnt
|faint|p2a: Ursaluna
|
|
|switch|p2a: Slowking|Slowking-Galar, M|100/100
|turn|14
|
|move|p1a: Dragonite|Earthquake|p2a: Slowking
|-supereffective|p2a: Slowking
|-damage|p2a: Slowking|44/100
|move|p2a: Slowking|Chilly Reception|p2a: Slowking
|-weather|Snow
|
|switch|p2a: Chien-Pao|Chien-Pao|100/100|[from] Chilly Reception
|-ability|p2a: Chien-Pao|Sword of Ruin
|
|-weather|Snow|[upkeep]
|turn|15
|
|switch|p1a: Great Tusk|Great Tusk, tera:Dark|43/100
|move|p2a: Chien-Pao|Crunch|p1a: Great Tusk
|-resisted|p1a: Great Tusk
|-damage|p1a: Great Tusk|24/100
|-unboost|p1a: Great Tusk|def|1
|-damage|p2a: Chien-Pao|84/100|[from] item: Rocky Helmet|[of] p1a: Great Tusk
|
|-weather|Snow|[upkeep]
|turn|16
|
|move|p2a: Chien-Pao|Crunch|p1a: Great Tusk
|-resisted|p1a: Great Tusk
|-damage|p1a: Great Tusk|0 fnt
|-damage|p2a: Chien-Pao|67/100|[from] item: Rocky Helmet|[of] p1a: Great Tusk
|faint|p1a: Great Tusk
|-end|p1a: Great Tusk|Protosynthesis|[silent]
|
|-weather|Snow|[upkeep]
|
|switch|p1a: Dragonite|Dragonite, M|100/100
|turn|17
|
|move|p1a: Dragonite|Extreme Speed|p2a: Chien-Pao
|-damage|p2a: Chien-Pao|36/100
|move|p2a: Chien-Pao|Crunch|p1a: Dragonite
|-damage|p1a: Dragonite|56/100
|-unboost|p1a: Dragonite|def|1
|
|-weather|Snow|[upkeep]
|turn|18
|
|switch|p1a: Volcanion|Volcanion|100/100
|move|p2a: Chien-Pao|Crunch|p1a: Volcanion
|-damage|p1a: Volcanion|57/100
|
|-weather|none
|turn|19
|
|switch|p2a: Slowking|Slowking-Galar, M|77/100
|move|p1a: Volcanion|Steam Eruption|p2a: Slowking
|-damage|p2a: Slowking|40/100
|
|turn|20
|
|move|p1a: Volcanion|Steam Eruption|p2a: Slowking
|-damage|p2a: Slowking|3/100
|move|p2a: Slowking|Chilly Reception|p2a: Slowking
|-weather|Snow
|
|switch|p2a: Chien-Pao|Chien-Pao|36/100|[from] Chilly Reception
|-ability|p2a: Chien-Pao|Sword of Ruin
|
|-weather|Snow|[upkeep]
|turn|21
|
|switch|p1a: Heatran|Heatran, M|17/100
|move|p2a: Chien-Pao|Crunch|p1a: Heatran
|-damage|p1a: Heatran|0 fnt
|faint|p1a: Heatran
|
|-weather|Snow|[upkeep]
|
|switch|p1a: Volcanion|Volcanion|57/100
|turn|22
|
|switch|p2a: Urshifu|Urshifu-Rapid-Strike, F|100/100
|move|p1a: Volcanion|Steam Eruption|p2a: Urshifu
|-resisted|p2a: Urshifu
|-damage|p2a: Urshifu|63/100
|
|-weather|Snow|[upkeep]
|turn|23
|
|move|p2a: Urshifu|Close Combat|p1a: Volcanion
|-damage|p1a: Volcanion|4/100
|-unboost|p2a: Urshifu|def|1
|-unboost|p2a: Urshifu|spd|1
|move|p1a: Volcanion|Focus Blast|p2a: Urshifu|[miss]
|-miss|p1a: Volcanion|p2a: Urshifu
|
|-weather|Snow|[upkeep]
|turn|24
|
|switch|p1a: Dragonite|Dragonite, M|56/100
|move|p2a: Urshifu|Close Combat|p1a: Dragonite
|-resisted|p1a: Dragonite
|-damage|p1a: Dragonite|9/100
|-unboost|p2a: Urshifu|def|1
|-unboost|p2a: Urshifu|spd|1
|
|-weather|none
|turn|25
|
|move|p1a: Dragonite|Extreme Speed|p2a: Urshifu
|-damage|p2a: Urshifu|0 fnt
|faint|p2a: Urshifu
|
|
|switch|p2a: Iron Valiant|Iron Valiant|50/100
|turn|26
|
|move|p1a: Dragonite|Extreme Speed|p2a: Iron Valiant
|-damage|p2a: Iron Valiant|9/100
|move|p2a: Iron Valiant|Moonblast|p1a: Dragonite
|-supereffective|p1a: Dragonite
|-damage|p1a: Dragonite|0 fnt
|faint|p1a: Dragonite
|
|-message|deniz2323 forfeited.
|
|win|Unwallable
|l|☆deniz2323
