|poke|p1|Typhlosion-Hisui, F|
|poke|p1|Dragapult, F|
|poke|p1|Magearna|
|poke|p1|Urshifu-*, F|
|poke|p1|Zapdos|
|poke|p1|Great Tusk|
|poke|p2|Zamazenta-*|
|poke|p2|Magearna|
|poke|p2|Talonflame, M|
|poke|p2|Chien-Pao|
|poke|p2|Dragapult, F|
|poke|p2|Volcarona, F|
|teampreview
|
|start
|switch|p1a: Urshifu|Urshifu-Rapid-Strike, F|100/100
|switch|p2a: Dragapult|Dragapult, F|100/100
|turn|1
|
|move|p1a: Urshifu|Ice Spinner|p2a: Dragapult
|-supereffective|p2a: Dragapult
|-damage|p2a: Dragapult|23/100
|move|p2a: Dragapult|Dragon Dance|p2a: Dragapult
|-boost|p2a: Dragapult|atk|1
|-boost|p2a: Dragapult|spe|1
|
|turn|2
|
|switch|p1a: Magearna|Magearna|100/100
|move|p2a: Dragapult|Dragon Darts|p1a: Magearna
|-immune|p1a: Magearna
|
|turn|3
|
|move|p2a: Dragapult|Light Screen|p2a: Dragapult
|-sidestart|p2: niceRainTeamBro|move: Light Screen
|move|p1a: Magearna|Spikes|p2a: Dragapult
|-sidestart|p2: niceRainTeamBro|Spikes
|
|turn|4
|
|switch|p2a: Volcarona|Volcarona, F|100/100
|-item|p2a: Volcarona|Air Balloon
|move|p1a: Magearna|Fleur Cannon|p2a: Volcarona
|-resisted|p2a: Volcarona
|-damage|p2a: Volcarona|88/100
|-unboost|p1a: Magearna|spa|2
|-enditem|p2a: Volcarona|Air Balloon
|
|turn|5
|
|move|p2a: Volcarona|Quiver Dance|p2a: Volcarona
|-boost|p2a: Volcarona|spa|1
|-boost|p2a: Volcarona|spd|1
|-boost|p2a: Volcarona|spe|1
|move|p1a: Magearna|Volt Switch|p2a: Volcarona
|-damage|p2a: Volcarona|85/100
|
|switch|p1a: Urshifu|Urshifu-Rapid-Strike, F|100/100|[from] Volt Switch
|
|turn|6
|
|-terastallize|p2a: Volcarona|Electric
|move|p1a: Urshifu|Surging Strikes|p2a: Volcarona
|-crit|p2a: Volcarona
|-damage|p2a: Volcarona|59/100
|-crit|p2a: Volcarona
|-damage|p2a: Volcarona|34/100
|-crit|p2a: Volcarona
|-damage|p2a: Volcarona|6/100
|-hitcount|p2a: Volcarona|3
|move|p2a: Volcarona|Tera Blast|p1a: Urshifu
|-supereffective|p1a: Urshifu
|-damage|p1a: Urshifu|0 fnt
|faint|p1a: Urshifu
|
|
|switch|p1a: Zapdos|Zapdos|100/100
|turn|7
|
|move|p2a: Volcarona|Fire Blast|p1a: Zapdos
|-damage|p1a: Zapdos|11/100
|move|p1a: Zapdos|Volt Switch|p2a: Volcarona
|-resisted|p2a: Volcarona
|-damage|p2a: Volcarona|1/100
|
|switch|p1a: Great Tusk|Great Tusk|100/100|[from] Volt Switch
|-enditem|p1a: Great Tusk|Booster Energy
|-activate|p1a: Great Tusk|ability: Protosynthesis|[fromitem]
|-start|p1a: Great Tusk|protosynthesisspe
|
|turn|8
|
|move|p1a: Great Tusk|Knock Off|p2a: Volcarona
|-damage|p2a: Volcarona|0 fnt
|faint|p2a: Volcarona
|
|
|switch|p2a: Zamazenta|Zamazenta|100/100
|-damage|p2a: Zamazenta|88/100|[from] Spikes
|-ability|p2a: Zamazenta|Dauntless Shield|boost
|-boost|p2a: Zamazenta|def|1
|turn|9
|
|move|p1a: Great Tusk|Headlong Rush|p2a: Zamazenta
|-damage|p2a: Zamazenta|61/100
|-unboost|p1a: Great Tusk|def|1
|-unboost|p1a: Great Tusk|spd|1
|move|p2a: Zamazenta|Iron Defense|p2a: Zamazenta
|-boost|p2a: Zamazenta|def|2
|
|-heal|p2a: Zamazenta|67/100|[from] item: Leftovers
|turn|10
|
|move|p1a: Great Tusk|Stealth Rock|p2a: Zamazenta
|-sidestart|p2: niceRainTeamBro|move: Stealth Rock
|move|p2a: Zamazenta|Body Press|p1a: Great Tusk
|-damage|p1a: Great Tusk|13/100
|
|-heal|p2a: Zamazenta|74/100|[from] item: Leftovers
|-sideend|p2: niceRainTeamBro|move: Light Screen
|turn|11
|
|move|p1a: Great Tusk|Headlong Rush|p2a: Zamazenta
|-damage|p2a: Zamazenta|57/100
|-unboost|p1a: Great Tusk|def|1
|-unboost|p1a: Great Tusk|spd|1
|move|p2a: Zamazenta|Crunch|p1a: Great Tusk
|-resisted|p1a: Great Tusk
|-damage|p1a: Great Tusk|0 fnt
|faint|p1a: Great Tusk
|-end|p1a: Great Tusk|Protosynthesis|[silent]
|
|-heal|p2a: Zamazenta|63/100|[from] item: Leftovers
|
|switch|p1a: Dragapult|Dragapult, F|100/100
|turn|12
|
|move|p1a: Dragapult|Substitute|p1a: Dragapult
|-start|p1a: Dragapult|Substitute
|-damage|p1a: Dragapult|76/100
|move|p2a: Zamazenta|Crunch|p1a: Dragapult
|-supereffective|p1a: Dragapult
|-end|p1a: Dragapult|Substitute
|
|-heal|p1a: Dragapult|82/100|[from] item: Leftovers
|-heal|p2a: Zamazenta|69/100|[from] item: Leftovers
|turn|13
|
|move|p1a: Dragapult|Will-O-Wisp|p2a: Zamazenta
|-status|p2a: Zamazenta|brn
|move|p2a: Zamazenta|Crunch|p1a: Dragapult
|-supereffective|p1a: Dragapult
|-damage|p1a: Dragapult|48/100
|
|-heal|p1a: Dragapult|54/100|[from] item: Leftovers
|-heal|p2a: Zamazenta|75/100 brn|[from] item: Leftovers
|-damage|p2a: Zamazenta|69/100 brn|[from] brn
|turn|14
|
|move|p1a: Dragapult|Dragon Darts|p2a: Zamazenta
|-damage|p2a: Zamazenta|62/100 brn
|-anim|p1a: Dragapult|Dragon Darts|p2a: Zamazenta
|-damage|p2a: Zamazenta|55/100 brn
|move|p2a: Zamazenta|Howl|p2a: Zamazenta
|-boost|p2a: Zamazenta|atk|1
|
|-heal|p1a: Dragapult|60/100|[from] item: Leftovers
|-heal|p2a: Zamazenta|61/100 brn|[from] item: Leftovers
|-damage|p2a: Zamazenta|55/100 brn|[from] brn
|turn|15
|
|move|p1a: Dragapult|Hex|p2a: Zamazenta
|-damage|p2a: Zamazenta|4/100 brn
|move|p2a: Zamazenta|Crunch|p1a: Dragapult
|-supereffective|p1a: Dragapult
|-damage|p1a: Dragapult|8/100
|-unboost|p1a: Dragapult|def|1
|
|-heal|p1a: Dragapult|14/100|[from] item: Leftovers
|-heal|p2a: Zamazenta|11/100 brn|[from] item: Leftovers
|-damage|p2a: Zamazenta|4/100 brn|[from] brn
|turn|16
|
|move|p1a: Dragapult|Hex|p2a: Zamazenta
|-crit|p2a: Zamazenta
|-damage|p2a: Zamazenta|0 fnt
|faint|p2a: Zamazenta
|
|-heal|p1a: Dragapult|20/100|[from] item: Leftovers
|
|switch|p2a: Talonflame|Talonflame, M|100/100
|turn|17
|
|move|p2a: Talonflame|Defog|p1a: Dragapult
|-unboost|p1a: Dragapult|evasion|1
|-sideend|p2: niceRainTeamBro|Spikes|[from] move: Defog|[of] p2a: Talonflame
|-sideend|p2: niceRainTeamBro|Stealth Rock|[from] move: Defog|[of] p2a: Talonflame
|move|p1a: Dragapult|Dragon Darts|p2a: Talonflame
|-damage|p2a: Talonflame|66/100
|-anim|p1a: Dragapult|Dragon Darts|p2a: Talonflame
|-damage|p2a: Talonflame|33/100
|
|-heal|p1a: Dragapult|26/100|[from] item: Leftovers
|turn|18
|
|move|p1a: Dragapult|Will-O-Wisp|p2a: Talonflame
|-immune|p2a: Talonflame
|move|p2a: Talonflame|U-turn|p1a: Dragapult
|-resisted|p1a: Dragapult
|-damage|p1a: Dragapult|6/100
|
|switch|p2a: Dragapult|Dragapult, F|23/100|[from] U-turn
|
|-heal|p1a: Dragapult|12/100|[from] item: Leftovers
|turn|19
|
|move|p2a: Dragapult|Light Screen|p2a: Dragapult
|-sidestart|p2: niceRainTeamBro|move: Light Screen
|move|p1a: Dragapult|Dragon Darts|p2a: Dragapult
|-supereffective|p2a: Dragapult
|-damage|p2a: Dragapult|0 fnt
|faint|p2a: Dragapult
|
|-heal|p1a: Dragapult|18/100|[from] item: Leftovers
|
|switch|p2a: Magearna|Magearna|100/100
|turn|20
|
|move|p1a: Dragapult|Will-O-Wisp|p2a: Magearna|[miss]
|-miss|p1a: Dragapult|p2a: Magearna
|move|p2a: Magearna|Shift Gear|p2a: Magearna
|-boost|p2a: Magearna|spe|2
|-boost|p2a: Magearna|atk|1
|
|-heal|p1a: Dragapult|24/100|[from] item: Leftovers
|turn|21
|
|move|p2a: Magearna|Calm Mind|p2a: Magearna
|-boost|p2a: Magearna|spa|1
|-boost|p2a: Magearna|spd|1
|move|p1a: Dragapult|Will-O-Wisp|p2a: Magearna|[miss]
|-miss|p1a: Dragapult|p2a: Magearna
|
|-heal|p1a: Dragapult|30/100|[from] item: Leftovers
|turn|22
|-message|bryzorz forfeited.
|
|win|niceRainTeamBro
