|poke|p1|Lilligant-Hisui, F|
|poke|p1|Arcanine-Hisui, F|
|poke|p1|Torkoal, M|
|poke|p1|Walking Wake|
|poke|p1|Clodsire, F|
|poke|p1|Magearna|
|poke|p2|Pawmot, F|
|poke|p2|Gengar, M|
|poke|p2|Jolteon, M|
|poke|p2|Iron Treads|
|poke|p2|Enamorus, F|
|poke|p2|Baxcalibur, M|
|teampreview
|
|start
|switch|p1a: Torkoal|Torkoal, M|100/100
|switch|p2a: Baxcalibur|Baxcalibur, M|100/100
|-weather|SunnyDay|[from] ability: Drought|[of] p1a: Torkoal
|turn|1
|
|move|p2a: Baxcalibur|Dragon Dance|p2a: Baxcalibur
|-boost|p2a: Baxcalibur|atk|1
|-boost|p2a: Baxcalibur|spe|1
|move|p1a: Torkoal|Lava Plume|p2a: Baxcalibur
|-damage|p2a: Baxcalibur|64/100
|-ability|p2a: Baxcalibur|Thermal Exchange|boost
|-boost|p2a: Baxcalibur|atk|1
|
|-weather|SunnyDay|[upkeep]
|turn|2
|
|-terastallize|p2a: Baxcalibur|Ground
|move|p2a: Baxcalibur|Earthquake|p1a: Torkoal
|-supereffective|p1a: Torkoal
|-damage|p1a: Torkoal|0 fnt
|faint|p1a: Torkoal
|
|-weather|SunnyDay|[upkeep]
|
|switch|p1a: Walking Wake|Walking Wake|100/100
|-activate|p1a: Walking Wake|ability: Protosynthesis
|-start|p1a: Walking Wake|protosynthesisspe
|turn|3
|
|switch|p2a: Enamorus|Enamorus, F|100/100
|move|p1a: Walking Wake|Hydro Steam|p2a: Enamorus
|-damage|p2a: Enamorus|21/100
|
|-weather|SunnyDay|[upkeep]
|turn|4
|
|move|p1a: Walking Wake|Hydro Steam|p2a: Enamorus
|-damage|p2a: Enamorus|0 fnt
|faint|p2a: Enamorus
|
|-weather|SunnyDay|[upkeep]
|
|switch|p2a: Gengar|Gengar, M|100/100
|turn|5
|
|move|p1a: Walking Wake|Hydro Steam|p2a: Gengar
|-enditem|p2a: Gengar|Focus Sash
|-damage|p2a: Gengar|1/100
|move|p2a: Gengar|Dazzling Gleam|p1a: Walking Wake
|-supereffective|p1a: Walking Wake
|-damage|p1a: Walking Wake|31/100
|
|-weather|SunnyDay|[upkeep]
|turn|6
|
|move|p1a: Walking Wake|Hydro Steam|p2a: Gengar
|-crit|p2a: Gengar
|-damage|p2a: Gengar|0 fnt
|faint|p2a: Gengar
|
|-weather|SunnyDay|[upkeep]
|
|switch|p2a: Pawmot|Pawmot, F|100/100
|turn|7
|
|move|p2a: Pawmot|Fake Out|p1a: Walking Wake
|-damage|p1a: Walking Wake|17/100
|cant|p1a: Walking Wake|flinch
|
|-weather|SunnyDay|[upkeep]
|turn|8
|
|move|p2a: Pawmot|Mach Punch|p1a: Walking Wake
|-crit|p1a: Walking Wake
|-damage|p1a: Walking Wake|0 fnt
|faint|p1a: Walking Wake
|-end|p1a: Walking Wake|Protosynthesis|[silent]
|
|-weather|none
|
|switch|p1a: Clodsire|Clodsire, F|100/100
|turn|9
|
|switch|p2a: Baxcalibur|Baxcalibur, M, tera:Ground|64/100
|move|p1a: Clodsire|Toxic|p2a: Baxcalibur
|-status|p2a: Baxcalibur|tox
|
|-damage|p2a: Baxcalibur|58/100 tox|[from] psn
|turn|10
|
|move|p2a: Baxcalibur|Dragon Dance|p2a: Baxcalibur
|-boost|p2a: Baxcalibur|atk|1
|-boost|p2a: Baxcalibur|spe|1
|move|p1a: Clodsire|Spikes|p2a: Baxcalibur
|-sidestart|p2: KarinaxCrushx11|Spikes
|
|-damage|p2a: Baxcalibur|45/100 tox|[from] psn
|turn|11
|
|move|p2a: Baxcalibur|Earthquake|p1a: Clodsire
|-supereffective|p1a: Clodsire
|-damage|p1a: Clodsire|0 fnt
|faint|p1a: Clodsire
|
|-damage|p2a: Baxcalibur|27/100 tox|[from] psn
|
|switch|p1a: Magearna|Magearna|100/100
|turn|12
|
|switch|p1a: Lilligant|Lilligant-Hisui, F|100/100
|move|p2a: Baxcalibur|Earthquake|p1a: Lilligant
|-resisted|p1a: Lilligant
|-damage|p1a: Lilligant|33/100
|
|-damage|p2a: Baxcalibur|2/100 tox|[from] psn
|turn|13
|
|move|p2a: Baxcalibur|Earthquake|p1a: Lilligant
|-resisted|p1a: Lilligant
|-damage|p1a: Lilligant|0 fnt
|faint|p1a: Lilligant
|
|-damage|p2a: Baxcalibur|0 fnt|[from] psn
|faint|p2a: Baxcalibur
|
|switch|p1a: Arcanine|Arcanine-Hisui, F|100/100
|switch|p2a: Iron Treads|Iron Treads|100/100
|-damage|p2a: Iron Treads|88/100|[from] Spikes
|turn|14
|
|move|p2a: Iron Treads|Earthquake|p1a: Arcanine
|-supereffective|p1a: Arcanine
|-damage|p1a: Arcanine|0 fnt
|faint|p1a: Arcanine
|
|-heal|p2a: Iron Treads|94/100|[from] item: Leftovers
|
|switch|p1a: Magearna|Magearna|100/100
|turn|15
|
|move|p2a: Iron Treads|Earthquake|p1a: Magearna
|-supereffective|p1a: Magearna
|-damage|p1a: Magearna|30/100
|move|p1a: Magearna|Aura Sphere|p2a: Iron Treads
|-supereffective|p2a: Iron Treads
|-damage|p2a: Iron Treads|20/100
|
|-heal|p2a: Iron Treads|26/100|[from] item: Leftovers
|turn|16
|
|-terastallize|p1a: Magearna|Fairy
|move|p2a: Iron Treads|Earthquake|p1a: Magearna
|-damage|p1a: Magearna|0 fnt
|faint|p1a: Magearna
|
|win|KarinaxCrushx11
