|poke|p1|Magearna|
|poke|p1|Gholdengo|
|poke|p1|Garganacl, M|
|poke|p1|Urshifu-*, M|
|poke|p1|Volcarona, M|
|poke|p1|Landorus-Therian, M|
|poke|p2|Gholdengo|
|poke|p2|Great Tusk|
|poke|p2|Decidueye-Hisui, M|
|poke|p2|Clodsire, M|
|poke|p2|Urshifu-*, M|
|poke|p2|Kingambit, F|
|teampreview
|
|start
|switch|p1a: Magearna|Magearna|100/100
|switch|p2a: Decidueye|Decidueye-Hisui, M, shiny|100/100
|turn|1
|
|switch|p2a: Gholdengo|Gholdengo|100/100
|move|p1a: Magearna|Fleur Cannon|p2a: Gholdengo
|-resisted|p2a: Gholdengo
|-damage|p2a: Gholdengo|63/100
|-unboost|p1a: Magearna|spa|2
|
|turn|2
|
|switch|p1a: Urshifu|Urshifu-Rapid-Strike, M|100/100
|move|p2a: Gholdengo|Shadow Ball|p1a: Urshifu
|-damage|p1a: Urshifu|34/100
|
|turn|3
|
|move|p2a: Gholdengo|Shadow Ball|p1a: Urshifu
|-crit|p1a: Urshifu
|-damage|p1a: Urshifu|0 fnt
|faint|p1a: Urshifu
|
|
|switch|p1a: Landorus|Landorus-Therian, M|100/100
|-ability|p1a: Landorus|Intimidate|boost
|-unboost|p2a: Gholdengo|atk|1
|turn|4
|
|move|p2a: Gholdengo|Shadow Ball|p1a: Landorus
|-damage|p1a: Landorus|57/100
|move|p1a: Landorus|Taunt|p2a: Gholdengo
|-immune|p2a: Gholdengo|[from] ability: Good as Gold
|
|-heal|p1a: Landorus|63/100|[from] item: Leftovers
|turn|5
|
|switch|p1a: Garganacl|Garganacl, M|100/100
|move|p2a: Gholdengo|Shadow Ball|p1a: Garganacl
|-damage|p1a: Garganacl|82/100
|
|-heal|p1a: Garganacl|88/100|[from] item: Leftovers
|turn|6
|
|switch|p2a: Urshifu|Urshifu-Rapid-Strike, M|100/100
|switch|p1a: Landorus|Landorus-Therian, M|63/100
|-ability|p1a: Landorus|Intimidate|boost
|-unboost|p2a: Urshifu|atk|1
|
|-heal|p1a: Landorus|69/100|[from] item: Leftovers
|turn|7
|
|switch|p1a: Magearna|Magearna|100/100
|move|p2a: Urshifu|Surging Strikes|p1a: Magearna
|-crit|p1a: Magearna
|-damage|p1a: Magearna|84/100
|-crit|p1a: Magearna
|-damage|p1a: Magearna|69/100
|-crit|p1a: Magearna
|-damage|p1a: Magearna|52/100
|-hitcount|p1a: Magearna|3
|
|-heal|p1a: Magearna|58/100|[from] item: Leftovers
|turn|8
|
|switch|p2a: Clodsire|Clodsire, M|100/100
|move|p1a: Magearna|Pain Split|p2a: Clodsire
|-sethp|p2a: Clodsire|73/100|[from] move: Pain Split|[silent]
|-sethp|p1a: Magearna|93/100|[from] move: Pain Split
|
|-heal|p1a: Magearna|99/100|[from] item: Leftovers
|-heal|p2a: Clodsire|79/100|[from] item: Leftovers
|turn|9
|
|move|p1a: Magearna|Spikes|p2a: Clodsire
|-sidestart|p2: p2|Spikes
|move|p2a: Clodsire|Earthquake|p1a: Magearna
|-supereffective|p1a: Magearna
|-damage|p1a: Magearna|60/100
|
|-heal|p1a: Magearna|66/100|[from] item: Leftovers
|-heal|p2a: Clodsire|85/100|[from] item: Leftovers
|turn|10
|
|move|p1a: Magearna|Spikes|p2a: Clodsire
|-sidestart|p2: p2|Spikes
|move|p2a: Clodsire|Earthquake|p1a: Magearna
|-supereffective|p1a: Magearna
|-damage|p1a: Magearna|29/100
|
|-heal|p1a: Magearna|35/100|[from] item: Leftovers
|-heal|p2a: Clodsire|92/100|[from] item: Leftovers
|turn|11
|
|move|p1a: Magearna|Pain Split|p2a: Clodsire
|-sethp|p2a: Clodsire|59/100|[from] move: Pain Split|[silent]
|-sethp|p1a: Magearna|75/100|[from] move: Pain Split
|move|p2a: Clodsire|Earthquake|p1a: Magearna
|-supereffective|p1a: Magearna
|-damage|p1a: Magearna|37/100
|
|-heal|p1a: Magearna|43/100|[from] item: Leftovers
|-heal|p2a: Clodsire|66/100|[from] item: Leftovers
|turn|12
|
|move|p1a: Magearna|Spikes|p2a: Clodsire
|-sidestart|p2: p2|Spikes
|move|p2a: Clodsire|Earthquake|p1a: Magearna
|-supereffective|p1a: Magearna
|-damage|p1a: Magearna|0 fnt
|faint|p1a: Magearna
|
|-heal|p2a: Clodsire|72/100|[from] item: Leftovers
|
|switch|p1a: Garganacl|Garganacl, M|88/100
|turn|13
|
|move|p1a: Garganacl|Salt Cure|p2a: Clodsire
|-resisted|p2a: Clodsire
|-crit|p2a: Clodsire
|-damage|p2a: Clodsire|59/100
|-start|p2a: Clodsire|Salt Cure
|move|p2a: Clodsire|Gunk Shot|p1a: Garganacl
|-resisted|p1a: Garganacl
|-damage|p1a: Garganacl|79/100
|
|-heal|p1a: Garganacl|86/100|[from] item: Leftovers
|-heal|p2a: Clodsire|66/100|[from] item: Leftovers
|-damage|p2a: Clodsire|53/100|[from] Salt Cure
|turn|14
|
|move|p1a: Garganacl|Salt Cure|p2a: Clodsire
|-resisted|p2a: Clodsire
|-damage|p2a: Clodsire|45/100
|move|p2a: Clodsire|Earthquake|p1a: Garganacl
|-supereffective|p1a: Garganacl
|-damage|p1a: Garganacl|56/100
|
|-heal|p1a: Garganacl|62/100|[from] item: Leftovers
|-heal|p2a: Clodsire|51/100|[from] item: Leftovers
|-damage|p2a: Clodsire|39/100|[from] Salt Cure
|turn|15
|
|switch|p1a: Landorus|Landorus-Therian, M|69/100
|-ability|p1a: Landorus|Intimidate|boost
|-unboost|p2a: Clodsire|atk|1
|move|p2a: Clodsire|Recover|p2a: Clodsire
|-heal|p2a: Clodsire|89/100
|
|-heal|p1a: Landorus|75/100|[from] item: Leftovers
|-heal|p2a: Clodsire|95/100|[from] item: Leftovers
|-damage|p2a: Clodsire|83/100|[from] Salt Cure
|turn|16
|
|switch|p2a: Great Tusk|Great Tusk|100/100
|-enditem|p2a: Great Tusk|Booster Energy
|-activate|p2a: Great Tusk|ability: Protosynthesis|[fromitem]
|-start|p2a: Great Tusk|protosynthesisatk
|-damage|p2a: Great Tusk|76/100|[from] Spikes
|move|p1a: Landorus|Earthquake|p2a: Great Tusk
|-damage|p2a: Great Tusk|38/100
|
|-heal|p1a: Landorus|81/100|[from] item: Leftovers
|turn|17
|
|move|p2a: Great Tusk|Ice Spinner|p1a: Landorus
|-supereffective|p1a: Landorus
|-damage|p1a: Landorus|0 fnt
|faint|p1a: Landorus
|
|
|switch|p1a: Garganacl|Garganacl, M|62/100
|turn|18
|
|-terastallize|p1a: Garganacl|Water
|move|p2a: Great Tusk|Rapid Spin|p1a: Garganacl
|-damage|p1a: Garganacl|50/100
|-boost|p2a: Great Tusk|spe|1
|-sideend|p2: p2|Spikes|[from] move: Rapid Spin|[of] p2a: Great Tusk
|move|p1a: Garganacl|Salt Cure|p2a: Great Tusk
|-resisted|p2a: Great Tusk
|-damage|p2a: Great Tusk|36/100
|-start|p2a: Great Tusk|Salt Cure
|
|-heal|p1a: Garganacl|57/100|[from] item: Leftovers
|-damage|p2a: Great Tusk|24/100|[from] Salt Cure
|turn|19
|
|move|p2a: Great Tusk|Close Combat|p1a: Garganacl
|-damage|p1a: Garganacl|13/100
|-unboost|p2a: Great Tusk|def|1
|-unboost|p2a: Great Tusk|spd|1
|move|p1a: Garganacl|Recover|p1a: Garganacl
|-heal|p1a: Garganacl|63/100
|
|-heal|p1a: Garganacl|69/100|[from] item: Leftovers
|-damage|p2a: Great Tusk|11/100|[from] Salt Cure
|turn|20
|
|move|p2a: Great Tusk|Headlong Rush|p1a: Garganacl
|-damage|p1a: Garganacl|28/100
|-unboost|p2a: Great Tusk|def|1
|-unboost|p2a: Great Tusk|spd|1
|move|p1a: Garganacl|Recover|p1a: Garganacl
|-heal|p1a: Garganacl|78/100
|
|-heal|p1a: Garganacl|84/100|[from] item: Leftovers
|-damage|p2a: Great Tusk|0 fnt|[from] Salt Cure
|faint|p2a: Great Tusk
|-end|p2a: Great Tusk|Protosynthesis|[silent]
|
|switch|p2a: Decidueye|Decidueye-Hisui, M, shiny|100/100
|turn|21
|
|-terastallize|p2a: Decidueye|Grass
|move|p2a: Decidueye|Leaf Blade|p1a: Garganacl
|-supereffective|p1a: Garganacl
|-damage|p1a: Garganacl|26/100
|move|p1a: Garganacl|Salt Cure|p2a: Decidueye
|-damage|p2a: Decidueye|83/100
|-start|p2a: Decidueye|Salt Cure
|
|-heal|p1a: Garganacl|32/100|[from] item: Leftovers
|-damage|p2a: Decidueye|70/100|[from] Salt Cure
|turn|22
|
|switch|p1a: Volcarona|Volcarona, M|100/100
|move|p2a: Decidueye|Leaf Blade|p1a: Volcarona
|-resisted|p1a: Volcarona
|-damage|p1a: Volcarona|84/100
|
|-damage|p2a: Decidueye|58/100|[from] Salt Cure
|turn|23
|
|switch|p2a: Urshifu|Urshifu-Rapid-Strike, M|100/100
|move|p1a: Volcarona|Will-O-Wisp|p2a: Urshifu
|-status|p2a: Urshifu|brn
|
|-damage|p2a: Urshifu|94/100 brn|[from] brn
|turn|24
|
|switch|p1a: Gholdengo|Gholdengo|100/100
|-item|p1a: Gholdengo|Air Balloon
|move|p2a: Urshifu|Surging Strikes|p1a: Gholdengo
|-crit|p1a: Gholdengo
|-damage|p1a: Gholdengo|93/100
|-enditem|p1a: Gholdengo|Air Balloon
|-crit|p1a: Gholdengo
|-damage|p1a: Gholdengo|86/100
|-crit|p1a: Gholdengo
|-damage|p1a: Gholdengo|79/100
|-hitcount|p1a: Gholdengo|3
|
|-damage|p2a: Urshifu|88/100 brn|[from] brn
|turn|25
|
|switch|p2a: Clodsire|Clodsire, M|83/100
|switch|p1a: Volcarona|Volcarona, M|84/100
|
|-heal|p2a: Clodsire|89/100|[from] item: Leftovers
|turn|26
|
|move|p1a: Volcarona|Will-O-Wisp|p2a: Clodsire
|-status|p2a: Clodsire|brn
|move|p2a: Clodsire|Gunk Shot|p1a: Volcarona
|-damage|p1a: Volcarona|66/100
|
|-heal|p2a: Clodsire|95/100 brn|[from] item: Leftovers
|-damage|p2a: Clodsire|89/100 brn|[from] brn
|turn|27
|
|switch|p1a: Garganacl|Garganacl, M, tera:Water|32/100
|move|p2a: Clodsire|Gunk Shot|p1a: Garganacl
|-damage|p1a: Garganacl|23/100
|
|-heal|p1a: Garganacl|29/100|[from] item: Leftovers
|-heal|p2a: Clodsire|95/100 brn|[from] item: Leftovers
|-damage|p2a: Clodsire|89/100 brn|[from] brn
|turn|28
|
|switch|p2a: Decidueye|Decidueye-Hisui, M, shiny, tera:Grass|58/100
|move|p1a: Garganacl|Recover|p1a: Garganacl
|-heal|p1a: Garganacl|79/100
|
|-heal|p1a: Garganacl|85/100|[from] item: Leftovers
|turn|29
|
|switch|p1a: Volcarona|Volcarona, M|66/100
|move|p2a: Decidueye|Shadow Sneak|p1a: Volcarona
|-damage|p1a: Volcarona|53/100
|
|turn|30
|
|switch|p2a: Clodsire|Clodsire, M|89/100 brn
|move|p1a: Volcarona|Morning Sun|p1a: Volcarona
|-heal|p1a: Volcarona|100/100
|
|-heal|p2a: Clodsire|95/100 brn|[from] item: Leftovers
|-damage|p2a: Clodsire|89/100 brn|[from] brn
|turn|31
|
|switch|p1a: Garganacl|Garganacl, M, tera:Water|85/100
|move|p2a: Clodsire|Earthquake|p1a: Garganacl
|-damage|p1a: Garganacl|77/100
|
|-heal|p1a: Garganacl|83/100|[from] item: Leftovers
|-heal|p2a: Clodsire|95/100 brn|[from] item: Leftovers
|-damage|p2a: Clodsire|89/100 brn|[from] brn
|turn|32
|
|move|p1a: Garganacl|Salt Cure|p2a: Clodsire
|-resisted|p2a: Clodsire
|-damage|p2a: Clodsire|81/100 brn
|-start|p2a: Clodsire|Salt Cure
|move|p2a: Clodsire|Gunk Shot|p1a: Garganacl
|-damage|p1a: Garganacl|75/100
|
|-heal|p1a: Garganacl|81/100|[from] item: Leftovers
|-heal|p2a: Clodsire|87/100 brn|[from] item: Leftovers
|-damage|p2a: Clodsire|81/100 brn|[from] brn
|-damage|p2a: Clodsire|68/100 brn|[from] Salt Cure
|turn|33
|
|move|p1a: Garganacl|Curse|p1a: Garganacl
|-unboost|p1a: Garganacl|spe|1
|-boost|p1a: Garganacl|atk|1
|-boost|p1a: Garganacl|def|1
|move|p2a: Clodsire|Earthquake|p1a: Garganacl
|-damage|p1a: Garganacl|74/100
|
|-heal|p2a: Clodsire|75/100 brn|[from] item: Leftovers
|-heal|p1a: Garganacl|80/100|[from] item: Leftovers
|-damage|p2a: Clodsire|68/100 brn|[from] brn
|-damage|p2a: Clodsire|56/100 brn|[from] Salt Cure
|turn|34
|
|move|p2a: Clodsire|Gunk Shot|p1a: Garganacl
|-damage|p1a: Garganacl|72/100
|move|p1a: Garganacl|Salt Cure|p2a: Clodsire
|-resisted|p2a: Clodsire
|-damage|p2a: Clodsire|48/100 brn
|
|-heal|p2a: Clodsire|54/100 brn|[from] item: Leftovers
|-heal|p1a: Garganacl|78/100|[from] item: Leftovers
|-damage|p2a: Clodsire|48/100 brn|[from] brn
|-damage|p2a: Clodsire|36/100 brn|[from] Salt Cure
|turn|35
|
|move|p2a: Clodsire|Gunk Shot|p1a: Garganacl|[miss]
|-miss|p2a: Clodsire|p1a: Garganacl
|move|p1a: Garganacl|Earthquake|p2a: Clodsire
|-supereffective|p2a: Clodsire
|-crit|p2a: Clodsire
|-damage|p2a: Clodsire|0 fnt
|faint|p2a: Clodsire
|
|-heal|p1a: Garganacl|84/100|[from] item: Leftovers
|
|switch|p2a: Kingambit|Kingambit, F, shiny|100/100
|-activate|p2a: Kingambit|ability: Supreme Overlord
|-start|p2a: Kingambit|fallen2|[silent]
|turn|36
|
|switch|p1a: Volcarona|Volcarona, M|100/100
|move|p2a: Kingambit|Thunder Wave|p1a: Volcarona
|-status|p1a: Volcarona|par
|
|turn|37
|
|-end|p2a: Kingambit|fallen2|[silent]
|switch|p2a: Gholdengo|Gholdengo|63/100
|move|p1a: Volcarona|Will-O-Wisp|p2a: Gholdengo
|-immune|p2a: Gholdengo|[from] ability: Good as Gold
|
|turn|38
|
|move|p2a: Gholdengo|Shadow Ball|p1a: Volcarona
|-damage|p1a: Volcarona|61/100 par
|cant|p1a: Volcarona|par
|
|turn|39
|
|move|p2a: Gholdengo|Shadow Ball|p1a: Volcarona
|-damage|p1a: Volcarona|25/100 par
|-unboost|p1a: Volcarona|spd|1
|move|p1a: Volcarona|Morning Sun|p1a: Volcarona
|-heal|p1a: Volcarona|75/100 par
|
|turn|40
|
|switch|p1a: Garganacl|Garganacl, M, tera:Water|84/100
|move|p2a: Gholdengo|Shadow Ball|p1a: Garganacl
|-damage|p1a: Garganacl|66/100
|
|-heal|p1a: Garganacl|72/100|[from] item: Leftovers
|turn|41
|
|switch|p1a: Volcarona|Volcarona, M|75/100 par
|move|p2a: Gholdengo|Shadow Ball|p1a: Volcarona
|-damage|p1a: Volcarona|37/100 par
|
|turn|42
|
|switch|p1a: Garganacl|Garganacl, M, tera:Water|72/100
|move|p2a: Gholdengo|Shadow Ball|p1a: Garganacl
|-damage|p1a: Garganacl|55/100
|
|-heal|p1a: Garganacl|61/100|[from] item: Leftovers
|turn|43
|
|move|p2a: Gholdengo|Shadow Ball|p1a: Garganacl
|-damage|p1a: Garganacl|42/100
|move|p1a: Garganacl|Salt Cure|p2a: Gholdengo
|-resisted|p2a: Gholdengo
|-damage|p2a: Gholdengo|54/100
|-start|p2a: Gholdengo|Salt Cure
|
|-heal|p1a: Garganacl|48/100|[from] item: Leftovers
|-damage|p2a: Gholdengo|29/100|[from] Salt Cure
|turn|44
|
|move|p2a: Gholdengo|Shadow Ball|p1a: Garganacl
|-damage|p1a: Garganacl|29/100
|move|p1a: Garganacl|Recover|p1a: Garganacl
|-heal|p1a: Garganacl|79/100
|
|-heal|p1a: Garganacl|85/100|[from] item: Leftovers
|-damage|p2a: Gholdengo|5/100|[from] Salt Cure
|turn|45
|
|move|p2a: Gholdengo|Shadow Ball|p1a: Garganacl
|-damage|p1a: Garganacl|68/100
|move|p1a: Garganacl|Curse|p1a: Garganacl
|-unboost|p1a: Garganacl|spe|1
|-boost|p1a: Garganacl|atk|1
|-boost|p1a: Garganacl|def|1
|
|-heal|p1a: Garganacl|74/100|[from] item: Leftovers
|-damage|p2a: Gholdengo|0 fnt|[from] Salt Cure
|faint|p2a: Gholdengo
|
|switch|p2a: Decidueye|Decidueye-Hisui, M, shiny, tera:Grass|58/100
|turn|46
|
|switch|p1a: Volcarona|Volcarona, M|37/100 par
|move|p2a: Decidueye|U-turn|p1a: Volcarona
|-resisted|p1a: Volcarona
|-damage|p1a: Volcarona|26/100 par
|-status|p2a: Decidueye|brn|[from] ability: Flame Body|[of] p1a: Volcarona
|
|switch|p2a: Urshifu|Urshifu-Rapid-Strike, M|88/100 brn|[from] U-turn
|
|-damage|p2a: Urshifu|82/100 brn|[from] brn
|turn|47
|
|move|p2a: Urshifu|Thunder Punch|p1a: Volcarona
|-damage|p1a: Volcarona|10/100 par
|move|p1a: Volcarona|Morning Sun|p1a: Volcarona
|-heal|p1a: Volcarona|60/100 par
|
|-damage|p2a: Urshifu|76/100 brn|[from] brn
|turn|48
|
|move|p2a: Urshifu|Swords Dance|p2a: Urshifu
|-boost|p2a: Urshifu|atk|2
|move|p1a: Volcarona|Morning Sun|p1a: Volcarona
|-heal|p1a: Volcarona|100/100 par
|
|-damage|p2a: Urshifu|70/100 brn|[from] brn
|turn|49
|
|move|p2a: Urshifu|Surging Strikes|p1a: Volcarona
|-supereffective|p1a: Volcarona
|-crit|p1a: Volcarona
|-damage|p1a: Volcarona|47/100 par
|-supereffective|p1a: Volcarona
|-crit|p1a: Volcarona
|-damage|p1a: Volcarona|0 fnt
|faint|p1a: Volcarona
|-hitcount|p1: Volcarona|2
|
|-damage|p2a: Urshifu|64/100 brn|[from] brn
|
|switch|p1a: Garganacl|Garganacl, M, tera:Water|74/100
|turn|50
|
|move|p2a: Urshifu|Thunder Punch|p1a: Garganacl
|-supereffective|p1a: Garganacl
|-damage|p1a: Garganacl|44/100
|move|p1a: Garganacl|Salt Cure|p2a: Urshifu
|-resisted|p2a: Urshifu
|-damage|p2a: Urshifu|57/100 brn
|-start|p2a: Urshifu|Salt Cure
|
|-heal|p1a: Garganacl|50/100|[from] item: Leftovers
|-damage|p2a: Urshifu|50/100 brn|[from] brn
|-damage|p2a: Urshifu|25/100 brn|[from] Salt Cure
|turn|51
|
|move|p2a: Urshifu|Thunder Punch|p1a: Garganacl
|-supereffective|p1a: Garganacl
|-damage|p1a: Garganacl|21/100
|move|p1a: Garganacl|Recover|p1a: Garganacl
|-heal|p1a: Garganacl|71/100
|
|-heal|p1a: Garganacl|77/100|[from] item: Leftovers
|-damage|p2a: Urshifu|19/100 brn|[from] brn
|-damage|p2a: Urshifu|0 fnt|[from] Salt Cure
|faint|p2a: Urshifu
|
|switch|p2a: Kingambit|Kingambit, F, shiny|100/100
|-activate|p2a: Kingambit|ability: Supreme Overlord
|-start|p2a: Kingambit|fallen4|[silent]
|turn|52
|
|move|p2a: Kingambit|Swords Dance|p2a: Kingambit
|-boost|p2a: Kingambit|atk|2
|move|p1a: Garganacl|Salt Cure|p2a: Kingambit
|-resisted|p2a: Kingambit
|-damage|p2a: Kingambit|96/100
|-start|p2a: Kingambit|Salt Cure
|
|-heal|p2a: Kingambit|100/100|[from] item: Leftovers
|-heal|p1a: Garganacl|84/100|[from] item: Leftovers
|-damage|p2a: Kingambit|75/100|[from] Salt Cure
|turn|53
|
|move|p2a: Kingambit|Swords Dance|p2a: Kingambit
|-boost|p2a: Kingambit|atk|2
|move|p1a: Garganacl|Curse|p1a: Garganacl
|-unboost|p1a: Garganacl|spe|1
|-boost|p1a: Garganacl|atk|1
|-boost|p1a: Garganacl|def|1
|
|-heal|p2a: Kingambit|82/100|[from] item: Leftovers
|-heal|p1a: Garganacl|90/100|[from] item: Leftovers
|-damage|p2a: Kingambit|57/100|[from] Salt Cure
|turn|54
|
|move|p2a: Kingambit|Kowtow Cleave|p1a: Garganacl
|-damage|p1a: Garganacl|12/100
|move|p1a: Garganacl|Curse|p1a: Garganacl
|-unboost|p1a: Garganacl|spe|1
|-boost|p1a: Garganacl|atk|1
|-boost|p1a: Garganacl|def|1
|
|-heal|p2a: Kingambit|63/100|[from] item: Leftovers
|-heal|p1a: Garganacl|18/100|[from] item: Leftovers
|-damage|p2a: Kingambit|38/100|[from] Salt Cure
|turn|55
|
|switch|p1a: Gholdengo|Gholdengo|79/100
|move|p2a: Kingambit|Kowtow Cleave|p1a: Gholdengo
|-supereffective|p1a: Gholdengo
|-damage|p1a: Gholdengo|0 fnt
|faint|p1a: Gholdengo
|
|-heal|p2a: Kingambit|44/100|[from] item: Leftovers
|-damage|p2a: Kingambit|19/100|[from] Salt Cure
|
|switch|p1a: Garganacl|Garganacl, M, tera:Water|18/100
|turn|56
|
|move|p2a: Kingambit|Kowtow Cleave|p1a: Garganacl
|-damage|p1a: Garganacl|0 fnt
|faint|p1a: Garganacl
|
|win|p2
