|poke|p1|Grimmsnarl, M|
|poke|p1|Kingambit, F|
|poke|p1|Great Tusk|
|poke|p1|Landorus-Therian, M|
|poke|p1|Volcarona, M|
|poke|p1|Iron Valiant|
|poke|p2|Dragapult, F|
|poke|p2|Corviknight, M|
|poke|p2|Cinderace, F|
|poke|p2|Landorus-Therian, M|
|poke|p2|Dondozo, F|
|poke|p2|Urshifu-*, M|
|teampreview
|
|start
|switch|p1a: Grimmsnarl|Grimmsnarl, M|100/100
|switch|p2a: Landorus|Landorus-Therian, M|100/100
|-ability|p2a: Landorus|Intimidate|boost
|-unboost|p1a: Grimmsnarl|atk|1
|turn|1
|
|move|p1a: Grimmsnarl|Taunt|p2a: Landorus
|-start|p2a: Landorus|move: Taunt
|move|p2a: Landorus|Earthquake|p1a: Grimmsnarl
|-damage|p1a: Grimmsnarl|26/100
|
|turn|2
|
|move|p1a: Grimmsnarl|Reflect|p1a: Grimmsnarl
|-sidestart|p1: tumbledown|Reflect
|move|p2a: Landorus|U-turn|p1a: Grimmsnarl
|-damage|p1a: Grimmsnarl|9/100
|
|switch|p2a: :<|Corviknight, M|100/100|[from] U-turn
|
|turn|3
|
|move|p1a: Grimmsnarl|Taunt|p2a: :<
|-start|p2a: :<|move: Taunt
|move|p2a: :<|Body Press|p1a: Grimmsnarl
|-damage|p1a: Grimmsnarl|0 fnt
|faint|p1a: Grimmsnarl
|
|
|switch|p1a: Great Tusk|Great Tusk|100/100
|turn|4
|
|move|p1a: Great Tusk|Bulk Up|p1a: Great Tusk
|-boost|p1a: Great Tusk|atk|1
|-boost|p1a: Great Tusk|def|1
|move|p2a: :<|Brave Bird|p1a: Great Tusk
|-supereffective|p1a: Great Tusk
|-damage|p1a: Great Tusk|87/100
|-damage|p2a: :<|96/100|[from] Recoil
|
|-heal|p1a: Great Tusk|93/100|[from] item: Leftovers
|-heal|p2a: :<|100/100|[from] item: Leftovers
|turn|5
|
|switch|p2a: Dragapult|Dragapult, F|100/100
|move|p1a: Great Tusk|Rapid Spin|p2a: Dragapult
|-immune|p2a: Dragapult
|
|-heal|p1a: Great Tusk|99/100|[from] item: Leftovers
|turn|6
|
|move|p2a: Dragapult|Draco Meteor|p1a: Great Tusk|[miss]
|-miss|p2a: Dragapult|p1a: Great Tusk
|move|p1a: Great Tusk|Ice Spinner|p2a: Dragapult
|-supereffective|p2a: Dragapult
|-damage|p2a: Dragapult|0 fnt
|faint|p2a: Dragapult
|
|-heal|p1a: Great Tusk|100/100|[from] item: Leftovers
|
|switch|p2a: paolo banchero|Cinderace, F|100/100
|turn|7
|
|move|p2a: paolo banchero|Court Change|p2a: paolo banchero
|-start|p2a: paolo banchero|typechange|Normal|[from] ability: Libero
|-swapsideconditions
|-activate|p2a: paolo banchero|move: Court Change
|move|p1a: Great Tusk|Earthquake|p2a: paolo banchero
|-damage|p2a: paolo banchero|53/100
|
|turn|8
|
|move|p2a: paolo banchero|U-turn|p1a: Great Tusk
|-resisted|p1a: Great Tusk
|-damage|p1a: Great Tusk|97/100
|
|switch|p2a: Urshifu|Urshifu-Rapid-Strike, M|100/100|[from] U-turn
|move|p1a: Great Tusk|Rapid Spin|p2a: Urshifu
|-damage|p2a: Urshifu|91/100
|-boost|p1a: Great Tusk|spe|1
|
|-heal|p1a: Great Tusk|100/100|[from] item: Leftovers
|turn|9
|
|-terastallize|p1a: Great Tusk|Water
|move|p1a: Great Tusk|Rapid Spin|p2a: Urshifu
|-damage|p2a: Urshifu|79/100
|-boost|p1a: Great Tusk|spe|1
|move|p2a: Urshifu|Trailblaze|p1a: Great Tusk
|-supereffective|p1a: Great Tusk
|-damage|p1a: Great Tusk|88/100
|-boost|p2a: Urshifu|spe|1
|
|-heal|p1a: Great Tusk|94/100|[from] item: Leftovers
|-sideend|p2: amen & ausar|Reflect
|turn|10
|
|move|p2a: Urshifu|Swords Dance|p2a: Urshifu
|-boost|p2a: Urshifu|atk|2
|move|p1a: Great Tusk|Earthquake|p2a: Urshifu
|-damage|p2a: Urshifu|11/100
|
|-heal|p1a: Great Tusk|99/100|[from] item: Leftovers
|turn|11
|
|move|p2a: Urshifu|Close Combat|p1a: Great Tusk
|-damage|p1a: Great Tusk|61/100
|-unboost|p2a: Urshifu|def|1
|-unboost|p2a: Urshifu|spd|1
|move|p1a: Great Tusk|Rapid Spin|p2a: Urshifu
|-damage|p2a: Urshifu|0 fnt
|-boost|p1a: Great Tusk|spe|1
|faint|p2a: Urshifu
|
|-heal|p1a: Great Tusk|67/100|[from] item: Leftovers
|
|switch|p2a: big fish|Dondozo, F, shiny|100/100
|turn|12
|
|move|p1a: Great Tusk|Bulk Up|p1a: Great Tusk
|-boost|p1a: Great Tusk|atk|1
|-boost|p1a: Great Tusk|def|1
|move|p2a: big fish|Yawn|p1a: Great Tusk
|-start|p1a: Great Tusk|move: Yawn|[of] p2a: big fish
|
|-heal|p1a: Great Tusk|74/100|[from] item: Leftovers
|turn|13
|
|move|p1a: Great Tusk|Bulk Up|p1a: Great Tusk
|-boost|p1a: Great Tusk|atk|1
|-boost|p1a: Great Tusk|def|1
|move|p2a: big fish|Curse|p2a: big fish
|-unboost|p2a: big fish|spe|1
|-boost|p2a: big fish|atk|1
|-boost|p2a: big fish|def|1
|
|-heal|p1a: Great Tusk|80/100|[from] item: Leftovers
|-end|p1a: Great Tusk|move: Yawn|[silent]
|-status|p1a: Great Tusk|slp
|turn|14
|
|cant|p1a: Great Tusk|slp
|move|p2a: big fish|Curse|p2a: big fish
|-unboost|p2a: big fish|spe|1
|-boost|p2a: big fish|atk|1
|-boost|p2a: big fish|def|1
|
|-heal|p1a: Great Tusk|86/100 slp|[from] item: Leftovers
|turn|15
|
|cant|p1a: Great Tusk|slp
|move|p2a: big fish|Curse|p2a: big fish
|-unboost|p2a: big fish|spe|1
|-boost|p2a: big fish|atk|1
|-boost|p2a: big fish|def|1
|
|-heal|p1a: Great Tusk|92/100 slp|[from] item: Leftovers
|turn|16
|
|cant|p1a: Great Tusk|slp
|move|p2a: big fish|Curse|p2a: big fish
|-unboost|p2a: big fish|spe|1
|-boost|p2a: big fish|atk|1
|-boost|p2a: big fish|def|1
|
|-heal|p1a: Great Tusk|98/100 slp|[from] item: Leftovers
|turn|17
|
|-curestatus|p1a: Great Tusk|slp|[msg]
|move|p1a: Great Tusk|Earthquake|p2a: big fish
|-damage|p2a: big fish|91/100
|move|p2a: big fish|Yawn|p1a: Great Tusk
|-start|p1a: Great Tusk|move: Yawn|[of] p2a: big fish
|
|-heal|p1a: Great Tusk|100/100|[from] item: Leftovers
|-heal|p2a: big fish|98/100|[from] item: Leftovers
|turn|18
|
|-end|p1a: Great Tusk|Protosynthesis|[silent]
|switch|p1a: Iron Valiant|Iron Valiant|100/100
|-enditem|p1a: Iron Valiant|Booster Energy
|-activate|p1a: Iron Valiant|ability: Quark Drive|[fromitem]
|-start|p1a: Iron Valiant|quarkdrivespe
|move|p2a: big fish|Curse|p2a: big fish
|-unboost|p2a: big fish|spe|1
|-boost|p2a: big fish|atk|1
|-boost|p2a: big fish|def|1
|
|-heal|p2a: big fish|100/100|[from] item: Leftovers
|turn|19
|
|move|p1a: Iron Valiant|Thunderbolt|p2a: big fish
|-supereffective|p2a: big fish
|-damage|p2a: big fish|60/100
|move|p2a: big fish|Liquidation|p1a: Iron Valiant
|-damage|p1a: Iron Valiant|0 fnt
|faint|p1a: Iron Valiant
|-end|p1a: Iron Valiant|Quark Drive|[silent]
|
|-heal|p2a: big fish|66/100|[from] item: Leftovers
|
|switch|p1a: Volcarona|Volcarona, M|100/100
|turn|20
|
|move|p1a: Volcarona|Giga Drain|p2a: big fish
|-supereffective|p2a: big fish
|-damage|p2a: big fish|36/100
|move|p2a: big fish|Liquidation|p1a: Volcarona
|-supereffective|p1a: Volcarona
|-damage|p1a: Volcarona|0 fnt
|faint|p1a: Volcarona
|
|-heal|p2a: big fish|42/100|[from] item: Leftovers
|
|switch|p1a: Landorus|Landorus-Therian, M|100/100
|-ability|p1a: Landorus|Intimidate|boost
|-unboost|p2a: big fish|atk|1
|turn|21
|
|move|p1a: Landorus|Stone Edge|p2a: big fish
|-damage|p2a: big fish|36/100
|move|p2a: big fish|Liquidation|p1a: Landorus
|-supereffective|p1a: Landorus
|-damage|p1a: Landorus|0 fnt
|faint|p1a: Landorus
|
|-heal|p2a: big fish|42/100|[from] item: Leftovers
|
|switch|p1a: Kingambit|Kingambit, F|100/100
|-activate|p1a: Kingambit|ability: Supreme Overlord
|-start|p1a: Kingambit|fallen4|[silent]
|turn|22
|
|move|p1a: Kingambit|Kowtow Cleave|p2a: big fish
|-damage|p2a: big fish|27/100
|move|p2a: big fish|Body Press|p1a: Kingambit
|-supereffective|p1a: Kingambit
|-damage|p1a: Kingambit|0 fnt
|faint|p1a: Kingambit
|-end|p1a: Kingambit|fallen4|[silent]
|
|-heal|p2a: big fish|33/100|[from] item: Leftovers
|
|switch|p1a: Great Tusk|Great Tusk, tera:Water|100/100
|turn|23
|
|move|p1a: Great Tusk|Earthquake|p2a: big fish
|-damage|p2a: big fish|25/100
|move|p2a: big fish|Liquidation|p1a: Great Tusk
|-resisted|p1a: Great Tusk
|-damage|p1a: Great Tusk|79/100
|
|-heal|p1a: Great Tusk|85/100|[from] item: Leftovers
|-heal|p2a: big fish|31/100|[from] item: Leftovers
|turn|24
|
|move|p1a: Great Tusk|Earthquake|p2a: big fish
|-damage|p2a: big fish|22/100
|move|p2a: big fish|Body Press|p1a: Great Tusk
|-damage|p1a: Great Tusk|51/100
|
|-heal|p1a: Great Tusk|57/100|[from] item: Leftovers
|-heal|p2a: big fish|28/100|[from] item: Leftovers
|turn|25
|
|move|p1a: Great Tusk|Earthquake|p2a: big fish
|-damage|p2a: big fish|20/100
|move|p2a: big fish|Body Press|p1a: Great Tusk
|-damage|p1a: Great Tusk|27/100
|
|-heal|p1a: Great Tusk|33/100|[from] item: Leftovers
|-heal|p2a: big fish|26/100|[from] item: Leftovers
|turn|26
|
|move|p1a: Great Tusk|Earthquake|p2a: big fish
|-damage|p2a: big fish|17/100
|move|p2a: big fish|Body Press|p1a: Great Tusk
|-damage|p1a: Great Tusk|1/100
|
|-heal|p1a: Great Tusk|7/100|[from] item: Leftovers
|-heal|p2a: big fish|24/100|[from] item: Leftovers
|turn|27
|
|move|p1a: Great Tusk|Earthquake|p2a: big fish
|-damage|p2a: big fish|15/100
|move|p2a: big fish|Body Press|p1a: Great Tusk
|-damage|p1a: Great Tusk|0 fnt
|faint|p1a: Great Tusk
|-end|p1a: Great Tusk|Protosynthesis|[silent]
|
|win|amen & ausar
