|poke|p1|Samurott-Hisui, M|
|poke|p1|Dragapult, M|
|poke|p1|Sneasler, F|
|poke|p1|Magearna|
|poke|p1|Volcarona, M|
|poke|p1|Zamazenta-*|
|poke|p2|Zamazenta-*|
|poke|p2|Dragapult, F|
|poke|p2|Magearna|
|poke|p2|Breloom, F|
|poke|p2|Great Tusk|
|poke|p2|Kingambit, F|
|teampreview
|
|start
|switch|p1a: Samurott|Samurott-Hisui, M, shiny|100/100
|switch|p2a: Magearna|Magearna|100/100
|turn|1
|
|move|p1a: Samurott|Taunt|p2a: Magearna
|-start|p2a: Magearna|move: Taunt
|cant|p2a: Magearna|move: Taunt|Shift Gear
|
|turn|2
|
|move|p1a: Samurott|Razor Shell|p2a: Magearna
|-damage|p2a: Magearna|59/100
|move|p2a: Magearna|Draining Kiss|p1a: Samurott
|-supereffective|p1a: Samurott
|-damage|p1a: Samurott|18/100
|-heal|p2a: Magearna|100/100|[from] drain|[of] p1a: Samurott
|
|turn|3
|
|move|p1a: Samurott|Ceaseless Edge|p2a: Magearna
|-resisted|p2a: Magearna
|-damage|p2a: Magearna|82/100
|-sidestart|p2: WaddleDeDoo|Spikes
|move|p2a: Magearna|Draining Kiss|p1a: Samurott
|-supereffective|p1a: Samurott
|-damage|p1a: Samurott|0 fnt
|-heal|p2a: Magearna|94/100|[from] drain|[of] p1a: Samurott
|faint|p1a: Samurott
|-ability|p2a: Magearna|Soul-Heart|boost
|-boost|p2a: Magearna|spa|1
|
|-heal|p2a: Magearna|99/100|[from] item: Leftovers
|-end|p2a: Magearna|move: Taunt
|
|switch|p1a: Volcarona|Volcarona, M, shiny|100/100
|turn|4
|
|move|p1a: Volcarona|Quiver Dance|p1a: Volcarona
|-boost|p1a: Volcarona|spa|1
|-boost|p1a: Volcarona|spd|1
|-boost|p1a: Volcarona|spe|1
|move|p2a: Magearna|Shift Gear|p2a: Magearna
|-boost|p2a: Magearna|spe|2
|-boost|p2a: Magearna|atk|1
|
|-heal|p2a: Magearna|100/100|[from] item: Leftovers
|turn|5
|
|move|p1a: Volcarona|Fiery Dance|p2a: Magearna
|-supereffective|p2a: Magearna
|-damage|p2a: Magearna|0 fnt
|-boost|p1a: Volcarona|spa|1
|faint|p2a: Magearna
|
|
|switch|p2a: Dragapult|Dragapult, F|100/100
|-damage|p2a: Dragapult|88/100|[from] Spikes
|turn|6
|
|-terastallize|p1a: Volcarona|Ground
|move|p1a: Volcarona|Tera Blast|p2a: Dragapult
|-damage|p2a: Dragapult|0 fnt
|faint|p2a: Dragapult
|
|
|switch|p2a: Breloom|Breloom, F|100/100
|-damage|p2a: Breloom|88/100|[from] Spikes
|turn|7
|
|-terastallize|p2a: Breloom|Fighting
|move|p2a: Breloom|Mach Punch|p1a: Volcarona
|-damage|p1a: Volcarona|0 fnt
|faint|p1a: Volcarona
|
|
|switch|p1a: Sneasler|Sneasler, F|100/100
|-item|p1a: Sneasler|Air Balloon
|turn|8
|
|move|p2a: Breloom|Mach Punch|p1a: Sneasler
|-resisted|p1a: Sneasler
|-damage|p1a: Sneasler|51/100
|-enditem|p1a: Sneasler|Air Balloon
|move|p1a: Sneasler|Acrobatics|p2a: Breloom
|-supereffective|p2a: Breloom
|-damage|p2a: Breloom|0 fnt
|faint|p2a: Breloom
|
|
|switch|p2a: Great Tusk|Great Tusk|100/100
|-damage|p2a: Great Tusk|88/100|[from] Spikes
|turn|9
|
|move|p1a: Sneasler|Swords Dance|p1a: Sneasler
|-boost|p1a: Sneasler|atk|2
|move|p2a: Great Tusk|Earthquake|p1a: Sneasler
|-supereffective|p1a: Sneasler
|-damage|p1a: Sneasler|0 fnt
|faint|p1a: Sneasler
|
|-heal|p2a: Great Tusk|94/100|[from] item: Leftovers
|
|switch|p1a: Dragapult|Dragapult, M|100/100
|turn|10
|
|move|p1a: Dragapult|Reflect|p1a: Dragapult
|-sidestart|p1: Dr. Drake6782|Reflect
|move|p2a: Great Tusk|Knock Off|p1a: Dragapult
|-supereffective|p1a: Dragapult
|-damage|p1a: Dragapult|62/100
|-enditem|p1a: Dragapult|Light Clay|[from] move: Knock Off|[of] p2a: Great Tusk
|
|-heal|p2a: Great Tusk|100/100|[from] item: Leftovers
|turn|11
|
|move|p1a: Dragapult|Curse|p2a: Great Tusk
|-start|p2a: Great Tusk|Curse|[of] p1a: Dragapult
|-damage|p1a: Dragapult|12/100
|move|p2a: Great Tusk|Earthquake|p1a: Dragapult
|-damage|p1a: Dragapult|0 fnt
|faint|p1a: Dragapult
|
|-damage|p2a: Great Tusk|76/100|[from] Curse
|
|switch|p1a: Magearna|Magearna|100/100
|turn|12
|
|move|p1a: Magearna|Iron Defense|p1a: Magearna
|-boost|p1a: Magearna|def|2
|move|p2a: Great Tusk|Earthquake|p1a: Magearna
|-supereffective|p1a: Magearna
|-damage|p1a: Magearna|79/100
|
|-heal|p1a: Magearna|85/100|[from] item: Leftovers
|-heal|p2a: Great Tusk|82/100|[from] item: Leftovers
|-damage|p2a: Great Tusk|57/100|[from] Curse
|turn|13
|
|-end|p2a: Great Tusk|Protosynthesis|[silent]
|switch|p2a: Kingambit|Kingambit, F|100/100
|-damage|p2a: Kingambit|88/100|[from] Spikes
|-activate|p2a: Kingambit|ability: Supreme Overlord
|-start|p2a: Kingambit|fallen3|[silent]
|move|p1a: Magearna|Iron Defense|p1a: Magearna
|-boost|p1a: Magearna|def|2
|
|-heal|p1a: Magearna|91/100|[from] item: Leftovers
|-heal|p2a: Kingambit|94/100|[from] item: Leftovers
|turn|14
|
|move|p1a: Magearna|Iron Defense|p1a: Magearna
|-boost|p1a: Magearna|def|2
|move|p2a: Kingambit|Swords Dance|p2a: Kingambit
|-boost|p2a: Kingambit|atk|2
|
|-heal|p1a: Magearna|97/100|[from] item: Leftovers
|-heal|p2a: Kingambit|100/100|[from] item: Leftovers
|turn|15
|
|move|p1a: Magearna|Calm Mind|p1a: Magearna
|-boost|p1a: Magearna|spa|1
|-boost|p1a: Magearna|spd|1
|move|p2a: Kingambit|Swords Dance|p2a: Kingambit
|-boost|p2a: Kingambit|atk|2
|
|-heal|p1a: Magearna|100/100|[from] item: Leftovers
|turn|16
|
|move|p1a: Magearna|Calm Mind|p1a: Magearna
|-boost|p1a: Magearna|spa|1
|-boost|p1a: Magearna|spd|1
|move|p2a: Kingambit|Swords Dance|p2a: Kingambit
|-boost|p2a: Kingambit|atk|2
|
|turn|17
|
|move|p1a: Magearna|Draining Kiss|p2a: Kingambit
|-damage|p2a: Kingambit|58/100
|move|p2a: Kingambit|Iron Head|p1a: Magearna
|-damage|p1a: Magearna|78/100
|
|-heal|p1a: Magearna|85/100|[from] item: Leftovers
|-heal|p2a: Kingambit|64/100|[from] item: Leftovers
|-sideend|p1: Dr. Drake6782|Reflect
|turn|18
|
|move|p1a: Magearna|Draining Kiss|p2a: Kingambit
|-damage|p2a: Kingambit|21/100
|-heal|p1a: Magearna|100/100|[from] drain|[of] p2a: Kingambit
|move|p2a: Kingambit|Iron Head|p1a: Magearna
|-damage|p1a: Magearna|52/100
|
|-heal|p1a: Magearna|58/100|[from] item: Leftovers
|-heal|p2a: Kingambit|28/100|[from] item: Leftovers
|turn|19
|
|move|p1a: Magearna|Draining Kiss|p2a: Kingambit
|-damage|p2a: Kingambit|0 fnt
|-heal|p1a: Magearna|80/100|[from] drain|[of] p2a: Kingambit
|faint|p2a: Kingambit
|-ability|p1a: Magearna|Soul-Heart|boost
|-boost|p1a: Magearna|spa|1
|-end|p2a: Kingambit|fallen3|[silent]
|
|-heal|p1a: Magearna|86/100|[from] item: Leftovers
|
|switch|p2a: Great Tusk|Great Tusk|57/100
|-damage|p2a: Great Tusk|45/100|[from] Spikes
|turn|20
|
|move|p1a: Magearna|Draining Kiss|p2a: Great Tusk
|-supereffective|p2a: Great Tusk
|-damage|p2a: Great Tusk|0 fnt
|-heal|p1a: Magearna|100/100|[from] drain|[of] p2a: Great Tusk
|faint|p2a: Great Tusk
|-ability|p1a: Magearna|Soul-Heart|boost
|-boost|p1a: Magearna|spa|1
|-end|p2a: Great Tusk|Protosynthesis|[silent]
|
|
|switch|p2a: Zamazenta|Zamazenta|100/100
|-damage|p2a: Zamazenta|88/100|[from] Spikes
|-ability|p2a: Zamazenta|Dauntless Shield|boost
|-boost|p2a: Zamazenta|def|1
|turn|21
|
|move|p2a: Zamazenta|Body Press|p1a: Magearna
|-damage|p1a: Magearna|89/100
|move|p1a: Magearna|Stored Power|p2a: Zamazenta
|-supereffective|p2a: Zamazenta
|-damage|p2a: Zamazenta|0 fnt
|faint|p2a: Zamazenta
|
|win|Dr. Drake6782
