|poke|p1|Corviknight, F|
|poke|p1|Dragapult, F|
|poke|p1|Landorus-Therian, M|
|poke|p1|Toxapex, M|
|poke|p1|Ursaluna, M|
|poke|p1|Rillaboom, F|
|poke|p2|Landorus-Therian, M|
|poke|p2|Roaring Moon|
|poke|p2|Chien-Pao|
|poke|p2|Houndstone, M|
|poke|p2|Iron Treads|
|poke|p2|Magearna|
|teampreview
|
|start
|switch|p1a: Dragapult|Dragapult, F|100/100
|switch|p2a: Landorus|Landorus-Therian, M|100/100
|-ability|p2a: Landorus|Intimidate|boost
|-unboost|p1a: Dragapult|atk|1
|turn|1
|
|-terastallize|p1a: Dragapult|Dragon
|move|p2a: Landorus|U-turn|p1a: Dragapult
|-damage|p1a: Dragapult|67/100
|
|switch|p2a: Magearna|Magearna|100/100|[from] U-turn
|move|p1a: Dragapult|Draco Meteor|p2a: Magearna
|-immune|p2a: Magearna
|
|turn|2
|
|switch|p1a: Ursaluna|Ursaluna, M|100/100
|move|p2a: Magearna|Shift Gear|p2a: Magearna
|-boost|p2a: Magearna|spe|2
|-boost|p2a: Magearna|atk|1
|
|-status|p1a: Ursaluna|brn|[from] item: Flame Orb
|turn|3
|
|move|p2a: Magearna|Iron Defense|p2a: Magearna
|-boost|p2a: Magearna|def|2
|move|p1a: Ursaluna|Facade|p2a: Magearna
|-resisted|p2a: Magearna
|-damage|p2a: Magearna|72/100
|
|-heal|p2a: Magearna|79/100|[from] item: Leftovers
|-damage|p1a: Ursaluna|94/100 brn|[from] brn
|turn|4
|
|move|p2a: Magearna|Iron Defense|p2a: Magearna
|-boost|p2a: Magearna|def|2
|move|p1a: Ursaluna|Headlong Rush|p2a: Magearna
|-supereffective|p2a: Magearna
|-damage|p2a: Magearna|22/100
|-unboost|p1a: Ursaluna|def|1
|-unboost|p1a: Ursaluna|spd|1
|
|-heal|p2a: Magearna|29/100|[from] item: Leftovers
|-damage|p1a: Ursaluna|88/100 brn|[from] brn
|turn|5
|
|switch|p1a: Toxapex|Toxapex, M|100/100
|move|p2a: Magearna|Draining Kiss|p1a: Toxapex
|-resisted|p1a: Toxapex
|-damage|p1a: Toxapex|94/100
|-heal|p2a: Magearna|33/100|[from] drain|[of] p1a: Toxapex
|-damage|p2a: Magearna|16/100|[from] item: Rocky Helmet|[of] p1a: Toxapex
|
|-heal|p2a: Magearna|22/100|[from] item: Leftovers
|turn|6
|
|move|p2a: Magearna|Stored Power|p1a: Toxapex
|-supereffective|p1a: Toxapex
|-damage|p1a: Toxapex|34/100
|move|p1a: Toxapex|Haze|p1a: Toxapex
|-clearallboost
|
|-heal|p2a: Magearna|29/100|[from] item: Leftovers
|turn|7
|
|move|p2a: Magearna|Shift Gear|p2a: Magearna
|-boost|p2a: Magearna|spe|2
|-boost|p2a: Magearna|atk|1
|move|p1a: Toxapex|Recover|p1a: Toxapex
|-heal|p1a: Toxapex|84/100
|
|-heal|p2a: Magearna|35/100|[from] item: Leftovers
|turn|8
|
|move|p2a: Magearna|Shift Gear|p2a: Magearna
|-boost|p2a: Magearna|spe|2
|-boost|p2a: Magearna|atk|1
|move|p1a: Toxapex|Haze|p1a: Toxapex
|-clearallboost
|
|-heal|p2a: Magearna|41/100|[from] item: Leftovers
|turn|9
|
|move|p2a: Magearna|Iron Defense|p2a: Magearna
|-boost|p2a: Magearna|def|2
|move|p1a: Toxapex|Chilling Water|p2a: Magearna
|-damage|p2a: Magearna|33/100
|-unboost|p2a: Magearna|atk|1
|
|-heal|p2a: Magearna|39/100|[from] item: Leftovers
|turn|10
|
|move|p2a: Magearna|Stored Power|p1a: Toxapex
|-supereffective|p1a: Toxapex
|-damage|p1a: Toxapex|62/100
|move|p1a: Toxapex|Haze|p1a: Toxapex
|-clearallboost
|
|-heal|p2a: Magearna|45/100|[from] item: Leftovers
|turn|11
|
|switch|p1a: Ursaluna|Ursaluna, M|88/100 brn
|move|p2a: Magearna|Iron Defense|p2a: Magearna
|-boost|p2a: Magearna|def|2
|
|-heal|p2a: Magearna|51/100|[from] item: Leftovers
|-damage|p1a: Ursaluna|82/100 brn|[from] brn
|turn|12
|
|move|p2a: Magearna|Iron Defense|p2a: Magearna
|-boost|p2a: Magearna|def|2
|move|p1a: Ursaluna|Headlong Rush|p2a: Magearna
|-supereffective|p2a: Magearna
|-damage|p2a: Magearna|0 fnt
|-unboost|p1a: Ursaluna|def|1
|-unboost|p1a: Ursaluna|spd|1
|faint|p2a: Magearna
|
|-damage|p1a: Ursaluna|76/100 brn|[from] brn
|
|switch|p2a: Landorus|Landorus-Therian, M|100/100
|-ability|p2a: Landorus|Intimidate|boost
|-unboost|p1a: Ursaluna|atk|1
|turn|13
|player|p1|
|player|p1|p1|101
|
|switch|p1a: Corviknight|Corviknight, F|100/100
|-ability|p1a: Corviknight|Pressure
|move|p2a: Landorus|U-turn|p1a: Corviknight
|-resisted|p1a: Corviknight
|-damage|p1a: Corviknight|96/100
|-damage|p2a: Landorus|84/100|[from] item: Rocky Helmet|[of] p1a: Corviknight
|
|switch|p2a: Houndstone|Houndstone, M|100/100|[from] U-turn
|
|turn|14
|
|switch|p1a: Toxapex|Toxapex, M|95/100
|move|p2a: Houndstone|Will-O-Wisp|p1a: Toxapex
|-status|p1a: Toxapex|brn
|
|-damage|p1a: Toxapex|89/100 brn|[from] brn
|turn|15
|
|switch|p2a: Chien-Pao|Chien-Pao|100/100
|-ability|p2a: Chien-Pao|Sword of Ruin
|move|p1a: Toxapex|Toxic|p2a: Chien-Pao
|-status|p2a: Chien-Pao|tox
|
|-damage|p2a: Chien-Pao|95/100 tox|[from] psn
|-damage|p1a: Toxapex|83/100 brn|[from] brn
|turn|16
|
|switch|p2a: Landorus|Landorus-Therian, M|84/100
|-ability|p2a: Landorus|Intimidate|boost
|-unboost|p1a: Toxapex|atk|1
|move|p1a: Toxapex|Chilling Water|p2a: Landorus
|-supereffective|p2a: Landorus
|-damage|p2a: Landorus|55/100
|-unboost|p2a: Landorus|atk|1
|
|-damage|p1a: Toxapex|77/100 brn|[from] brn
|turn|17
|
|switch|p2a: Roaring Moon|Roaring Moon|100/100
|-enditem|p2a: Roaring Moon|Booster Energy
|-activate|p2a: Roaring Moon|ability: Protosynthesis|[fromitem]
|-start|p2a: Roaring Moon|protosynthesisatk
|move|p1a: Toxapex|Toxic|p2a: Roaring Moon
|-status|p2a: Roaring Moon|tox
|
|-damage|p2a: Roaring Moon|95/100 tox|[from] psn
|-damage|p1a: Toxapex|71/100 brn|[from] brn
|turn|18
|
|switch|p1a: Landorus|Landorus-Therian, M|100/100
|-ability|p1a: Landorus|Intimidate|boost
|-unboost|p2a: Roaring Moon|atk|1
|move|p2a: Roaring Moon|Taunt|p1a: Landorus
|-start|p1a: Landorus|move: Taunt
|
|-damage|p2a: Roaring Moon|83/100 tox|[from] psn
|turn|19
|
|move|p2a: Roaring Moon|Crunch|p1a: Landorus
|-damage|p1a: Landorus|74/100
|-damage|p2a: Roaring Moon|66/100 tox|[from] item: Rocky Helmet|[of] p1a: Landorus
|move|p1a: Landorus|U-turn|p2a: Roaring Moon
|-supereffective|p2a: Roaring Moon
|-damage|p2a: Roaring Moon|12/100 tox
|
|switch|p1a: Dragapult|Dragapult, F, tera:Dragon|67/100|[from] U-turn
|
|-damage|p2a: Roaring Moon|0 fnt|[from] psn
|faint|p2a: Roaring Moon
|-end|p2a: Roaring Moon|Protosynthesis|[silent]
|
|switch|p2a: Landorus|Landorus-Therian, M|55/100
|-ability|p2a: Landorus|Intimidate|boost
|-unboost|p1a: Dragapult|atk|1
|turn|20
|
|switch|p1a: Corviknight|Corviknight, F|96/100
|-ability|p1a: Corviknight|Pressure
|move|p2a: Landorus|Stone Edge|p1a: Corviknight
|-damage|p1a: Corviknight|72/100
|
|turn|21
|
|switch|p2a: Houndstone|Houndstone, M|100/100
|move|p1a: Corviknight|U-turn|p2a: Houndstone
|-resisted|p2a: Houndstone
|-damage|p2a: Houndstone|98/100
|-damage|p1a: Corviknight|56/100|[from] item: Rocky Helmet|[of] p2a: Houndstone
|
|switch|p1a: Toxapex|Toxapex, M|100/100 brn|[from] U-turn
|
|-damage|p1a: Toxapex|95/100 brn|[from] brn
|turn|22
|
|switch|p2a: Iron Treads|Iron Treads, shiny|100/100
|-enditem|p2a: Iron Treads|Booster Energy
|-activate|p2a: Iron Treads|ability: Quark Drive|[fromitem]
|-start|p2a: Iron Treads|quarkdrivespe
|move|p1a: Toxapex|Chilling Water|p2a: Iron Treads
|-supereffective|p2a: Iron Treads
|-damage|p2a: Iron Treads|77/100
|-unboost|p2a: Iron Treads|atk|1
|
|-damage|p1a: Toxapex|89/100 brn|[from] brn
|turn|23
|
|switch|p1a: Corviknight|Corviknight, F|56/100
|-ability|p1a: Corviknight|Pressure
|move|p2a: Iron Treads|Knock Off|p1a: Corviknight
|-damage|p1a: Corviknight|44/100
|-damage|p2a: Iron Treads|60/100|[from] item: Rocky Helmet|[of] p1a: Corviknight
|-enditem|p1a: Corviknight|Rocky Helmet|[from] move: Knock Off|[of] p2a: Iron Treads
|
|turn|24
|
|move|p2a: Iron Treads|Volt Switch|p1a: Corviknight
|-supereffective|p1a: Corviknight
|-damage|p1a: Corviknight|22/100
|
|-end|p2a: Iron Treads|Quark Drive|[silent]
|switch|p2a: Landorus|Landorus-Therian, M|55/100|[from] Volt Switch
|-ability|p2a: Landorus|Intimidate|boost
|-unboost|p1a: Corviknight|atk|1
|move|p1a: Corviknight|Roost|p1a: Corviknight
|-heal|p1a: Corviknight|72/100
|-singleturn|p1a: Corviknight|move: Roost
|
|turn|25
|
|move|p2a: Landorus|Stone Edge|p1a: Corviknight|[miss]
|-miss|p2a: Landorus|p1a: Corviknight
|move|p1a: Corviknight|U-turn|p2a: Landorus
|-resisted|p2a: Landorus
|-damage|p2a: Landorus|49/100
|
|switch|p1a: Landorus|Landorus-Therian, M|74/100|[from] U-turn
|-ability|p1a: Landorus|Intimidate|boost
|-unboost|p2a: Landorus|atk|1
|
|turn|26
|
|switch|p2a: Iron Treads|Iron Treads, shiny|60/100
|move|p1a: Landorus|Stealth Rock|p2a: Iron Treads
|-sidestart|p2: p2|move: Stealth Rock
|
|turn|27
|
|move|p2a: Iron Treads|Knock Off|p1a: Landorus
|-damage|p1a: Landorus|53/100
|-damage|p2a: Iron Treads|43/100|[from] item: Rocky Helmet|[of] p1a: Landorus
|-enditem|p1a: Landorus|Rocky Helmet|[from] move: Knock Off|[of] p2a: Iron Treads
|move|p1a: Landorus|Earthquake|p2a: Iron Treads
|-supereffective|p2a: Iron Treads
|-damage|p2a: Iron Treads|0 fnt
|faint|p2a: Iron Treads
|-end|p2a: Iron Treads|Quark Drive|[silent]
|
|
|switch|p2a: Chien-Pao|Chien-Pao|95/100 tox
|-damage|p2a: Chien-Pao|70/100 tox|[from] Stealth Rock
|-ability|p2a: Chien-Pao|Sword of Ruin
|turn|28
|
|move|p2a: Chien-Pao|Swords Dance|p2a: Chien-Pao
|-boost|p2a: Chien-Pao|atk|2
|move|p1a: Landorus|Earthquake|p2a: Chien-Pao
|-damage|p2a: Chien-Pao|3/100 tox
|
|-damage|p2a: Chien-Pao|0 fnt|[from] psn
|faint|p2a: Chien-Pao
|
|switch|p2a: Landorus|Landorus-Therian, M|49/100
|-damage|p2a: Landorus|37/100|[from] Stealth Rock
|-ability|p2a: Landorus|Intimidate|boost
|-unboost|p1a: Landorus|atk|1
|turn|29
|
|switch|p1a: Corviknight|Corviknight, F|72/100
|-ability|p1a: Corviknight|Pressure
|-terastallize|p2a: Landorus|Flying
|move|p2a: Landorus|Tera Blast|p1a: Corviknight
|-resisted|p1a: Corviknight
|-damage|p1a: Corviknight|53/100
|
|turn|30
|
|move|p2a: Landorus|Tera Blast|p1a: Corviknight
|-resisted|p1a: Corviknight
|-damage|p1a: Corviknight|34/100
|move|p1a: Corviknight|Roost|p1a: Corviknight
|-heal|p1a: Corviknight|84/100
|-singleturn|p1a: Corviknight|move: Roost
|
|turn|31
|-message|p2 forfeited.
|
|win|p1
