|poke|p1|Chien-Pao|
|poke|p1|Volcarona, M|
|poke|p1|Grimmsnarl, M|
|poke|p1|Magearna|
|poke|p1|Zamazenta-*|
|poke|p1|Zapdos-Galar|
|poke|p2|Tornadus-Therian, M|
|poke|p2|Urshifu-*, M|
|poke|p2|Roaring Moon|
|poke|p2|Skeledirge, F|
|poke|p2|Corviknight, F|
|poke|p2|Sandy Shocks|
|teampreview
|
|start
|switch|p1a: Grimmsnarl|Grimmsnarl, M|100/100
|switch|p2a: Iron Fist|Urshifu-Rapid-Strike, M|100/100
|turn|1
|
|move|p1a: Grimmsnarl|Reflect|p1a: Grimmsnarl
|-sidestart|p1: notafatcat|Reflect
|move|p2a: Iron Fist|Swords Dance|p2a: Iron Fist
|-boost|p2a: Iron Fist|atk|2
|
|turn|2
|
|move|p1a: Grimmsnarl|Parting Shot|p2a: Iron Fist
|-unboost|p2a: Iron Fist|atk|1
|-unboost|p2a: Iron Fist|spa|1
|
|switch|p1a: Volcarona|Volcarona, M|100/100|[from] Parting Shot
|move|p2a: Iron Fist|Surging Strikes|p1a: Volcarona
|-supereffective|p1a: Volcarona
|-crit|p1a: Volcarona
|-damage|p1a: Volcarona|0 fnt
|faint|p1a: Volcarona
|-hitcount|p1: Volcarona|1
|
|
|switch|p1a: Zapdos|Zapdos-Galar|100/100
|turn|3
|
|switch|p2a: Electro|Sandy Shocks|100/100
|move|p1a: Zapdos|Brave Bird|p2a: Electro
|-resisted|p2a: Electro
|-damage|p2a: Electro|66/100
|-damage|p1a: Zapdos|89/100|[from] Recoil
|
|-heal|p1a: Zapdos|96/100|[from] item: Leftovers
|turn|4
|
|move|p1a: Zapdos|Substitute|p1a: Zapdos
|-start|p1a: Zapdos|Substitute
|-damage|p1a: Zapdos|71/100
|move|p2a: Electro|Volt Switch|p1a: Zapdos
|-supereffective|p1a: Zapdos
|-end|p1a: Zapdos|Substitute
|
|-end|p2a: Electro|Protosynthesis|[silent]
|switch|p2a: Storm|Tornadus-Therian, M|100/100|[from] Volt Switch
|
|-heal|p1a: Zapdos|77/100|[from] item: Leftovers
|turn|5
|
|switch|p1a: Grimmsnarl|Grimmsnarl, M|100/100
|move|p2a: Storm|Bleakwind Storm|p1a: Grimmsnarl
|-damage|p1a: Grimmsnarl|48/100
|
|turn|6
|
|move|p1a: Grimmsnarl|Light Screen|p1a: Grimmsnarl
|-sidestart|p1: notafatcat|move: Light Screen
|move|p2a: Storm|Bleakwind Storm|p1a: Grimmsnarl
|-damage|p1a: Grimmsnarl|21/100
|
|turn|7
|
|move|p1a: Grimmsnarl|Parting Shot|p2a: Storm
|-unboost|p2a: Storm|atk|1
|-unboost|p2a: Storm|spa|1
|
|switch|p1a: Magearna|Magearna|100/100|[from] Parting Shot
|move|p2a: Storm|Bleakwind Storm|p1a: Magearna
|-resisted|p1a: Magearna
|-damage|p1a: Magearna|91/100
|
|turn|8
|
|switch|p2a: Vulture|Corviknight, F|100/100
|-ability|p2a: Vulture|Pressure
|switch|p1a: Chien-Pao|Chien-Pao|100/100
|-ability|p1a: Chien-Pao|Sword of Ruin
|
|-sideend|p1: notafatcat|Reflect
|turn|9
|
|-terastallize|p1a: Chien-Pao|Dark
|move|p1a: Chien-Pao|Crunch|p2a: Vulture
|-damage|p2a: Vulture|32/100
|-damage|p1a: Chien-Pao|84/100|[from] item: Rocky Helmet|[of] p2a: Vulture
|move|p2a: Vulture|Defog|p1a: Chien-Pao
|-unboost|p1a: Chien-Pao|evasion|1
|-sideend|p1: notafatcat|move: Light Screen
|
|turn|10
|
|switch|p2a: Iron Fist|Urshifu-Rapid-Strike, M|100/100
|move|p1a: Chien-Pao|Crunch|p2a: Iron Fist
|-resisted|p2a: Iron Fist
|-damage|p2a: Iron Fist|52/100
|
|turn|11
|
|switch|p1a: Zamazenta|Zamazenta|100/100
|-ability|p1a: Zamazenta|Dauntless Shield|boost
|-boost|p1a: Zamazenta|def|1
|move|p2a: Iron Fist|Close Combat|p1a: Zamazenta
|-damage|p1a: Zamazenta|71/100
|-unboost|p2a: Iron Fist|def|1
|-unboost|p2a: Iron Fist|spd|1
|
|-heal|p1a: Zamazenta|77/100|[from] item: Leftovers
|turn|12
|
|switch|p1a: Chien-Pao|Chien-Pao, tera:Dark|84/100
|-ability|p1a: Chien-Pao|Sword of Ruin
|switch|p2a: Ghost Rider|Skeledirge, F|100/100
|
|turn|13
|
|switch|p2a: Vulture|Corviknight, F|32/100
|-ability|p2a: Vulture|Pressure
|move|p1a: Chien-Pao|Icicle Crash|p2a: Vulture
|-damage|p2a: Vulture|0 fnt
|faint|p2a: Vulture
|
|
|switch|p2a: Ghost Rider|Skeledirge, F|100/100
|turn|14
|
|move|p1a: Chien-Pao|Icicle Crash|p2a: Ghost Rider
|-resisted|p2a: Ghost Rider
|-damage|p2a: Ghost Rider|66/100
|move|p2a: Ghost Rider|Torch Song|p1a: Chien-Pao
|-damage|p1a: Chien-Pao|34/100
|-boost|p2a: Ghost Rider|spa|1
|
|turn|15
|
|switch|p1a: Grimmsnarl|Grimmsnarl, M|21/100
|move|p2a: Ghost Rider|Torch Song|p1a: Grimmsnarl
|-damage|p1a: Grimmsnarl|0 fnt
|-boost|p2a: Ghost Rider|spa|1
|faint|p1a: Grimmsnarl
|
|
|switch|p1a: Chien-Pao|Chien-Pao, tera:Dark|34/100
|-ability|p1a: Chien-Pao|Sword of Ruin
|turn|16
|
|switch|p2a: Electro|Sandy Shocks|66/100
|move|p1a: Chien-Pao|Crunch|p2a: Electro
|-damage|p2a: Electro|0 fnt
|faint|p2a: Electro
|-end|p2a: Electro|Protosynthesis|[silent]
|
|
|switch|p2a: Iron Fist|Urshifu-Rapid-Strike, M|52/100
|turn|17
|
|switch|p1a: Zapdos|Zapdos-Galar|77/100
|move|p2a: Iron Fist|Surging Strikes|p1a: Zapdos
|-crit|p1a: Zapdos
|-damage|p1a: Zapdos|52/100
|-crit|p1a: Zapdos
|-damage|p1a: Zapdos|27/100
|-crit|p1a: Zapdos
|-damage|p1a: Zapdos|1/100
|-hitcount|p1a: Zapdos|3
|
|-heal|p1a: Zapdos|7/100|[from] item: Leftovers
|turn|18
|
|move|p2a: Iron Fist|Aqua Jet|p1a: Zapdos
|-damage|p1a: Zapdos|0 fnt
|faint|p1a: Zapdos
|
|
|switch|p1a: Zamazenta|Zamazenta|77/100
|turn|19
|
|switch|p2a: Storm|Tornadus-Therian, M|100/100
|move|p1a: Zamazenta|Crunch|p2a: Storm
|-damage|p2a: Storm|72/100
|
|-heal|p1a: Zamazenta|83/100|[from] item: Leftovers
|turn|20
|
|move|p1a: Zamazenta|Body Press|p2a: Storm
|-resisted|p2a: Storm
|-damage|p2a: Storm|45/100
|move|p2a: Storm|Bleakwind Storm|p1a: Zamazenta
|-supereffective|p1a: Zamazenta
|-damage|p1a: Zamazenta|0 fnt
|faint|p1a: Zamazenta
|
|
|switch|p1a: Magearna|Magearna|91/100
|turn|21
|
|move|p2a: Storm|Bleakwind Storm|p1a: Magearna|[miss]
|-miss|p2a: Storm|p1a: Magearna
|move|p1a: Magearna|Calm Mind|p1a: Magearna
|-boost|p1a: Magearna|spa|1
|-boost|p1a: Magearna|spd|1
|
|turn|22
|
|switch|p2a: Ghost Rider|Skeledirge, F|66/100
|move|p1a: Magearna|Shift Gear|p1a: Magearna
|-boost|p1a: Magearna|spe|2
|-boost|p1a: Magearna|atk|1
|
|turn|23
|
|-terastallize|p2a: Ghost Rider|Dark
|move|p1a: Magearna|Stored Power|p2a: Ghost Rider
|-immune|p2a: Ghost Rider
|move|p2a: Ghost Rider|Slack Off|p2a: Ghost Rider
|-heal|p2a: Ghost Rider|100/100
|
|turn|24
|
|move|p1a: Magearna|Calm Mind|p1a: Magearna
|-boost|p1a: Magearna|spa|1
|-boost|p1a: Magearna|spd|1
|move|p2a: Ghost Rider|Torch Song|p1a: Magearna
|-supereffective|p1a: Magearna
|-damage|p1a: Magearna|42/100
|-boost|p2a: Ghost Rider|spa|1
|-enditem|p1a: Magearna|Weakness Policy
|-boost|p1a: Magearna|atk|2|[from] item: Weakness Policy
|-boost|p1a: Magearna|spa|2|[from] item: Weakness Policy
|
|turn|25
|
|move|p1a: Magearna|Draining Kiss|p2a: Ghost Rider
|-supereffective|p2a: Ghost Rider
|-damage|p2a: Ghost Rider|70/100
|-heal|p1a: Magearna|68/100|[from] drain|[of] p2a: Ghost Rider
|move|p2a: Ghost Rider|Torch Song|p1a: Magearna
|-supereffective|p1a: Magearna
|-damage|p1a: Magearna|0 fnt
|-boost|p2a: Ghost Rider|spa|1
|faint|p1a: Magearna
|
|
|switch|p1a: Chien-Pao|Chien-Pao, tera:Dark|34/100
|-ability|p1a: Chien-Pao|Sword of Ruin
|turn|26
|
|move|p1a: Chien-Pao|Sacred Sword|p2a: Ghost Rider
|-supereffective|p2a: Ghost Rider
|-damage|p2a: Ghost Rider|0 fnt
|faint|p2a: Ghost Rider
|
|
|switch|p2a: Storm|Tornadus-Therian, M|78/100
|turn|27
|
|move|p1a: Chien-Pao|Sacred Sword|p2a: Storm
|-resisted|p2a: Storm
|-damage|p2a: Storm|39/100
|move|p2a: Storm|Heat Wave|p1a: Chien-Pao
|-damage|p1a: Chien-Pao|0 fnt
|faint|p1a: Chien-Pao
|
|win|One True Lycan
