|poke|p1|Sneasler, F|
|poke|p1|Arcanine-Hisui, M|
|poke|p1|Braviary-Hisui, M|
|poke|p1|Great Tusk|
|poke|p1|Hydreigon, M|
|poke|p1|Goodra-Hisui, F|
|poke|p2|Samurott-Hisui, F|
|poke|p2|Enamorus, F|
|poke|p2|Zapdos|
|poke|p2|Magearna|
|poke|p2|Great Tusk|
|poke|p2|Cinderace, F|
|teampreview
|
|start
|switch|p1a: Snawty|Sneasler, F, shiny|100/100
|switch|p2a: Cinderace|Cinderace, F|100/100
|turn|1
|
|switch|p2a: Zapdos|Zapdos, shiny|100/100
|move|p1a: Snawty|Close Combat|p2a: Zapdos
|-resisted|p2a: Zapdos
|-damage|p2a: Zapdos|77/100
|-unboost|p1a: Snawty|def|1
|-unboost|p1a: Snawty|spd|1
|-enditem|p1a: Snawty|White Herb
|-clearnegativeboost|p1a: Snawty|[silent]
|
|-heal|p2a: Zapdos|83/100|[from] item: Leftovers
|turn|2
|
|move|p1a: Snawty|Dire Claw|p2a: Zapdos
|-damage|p2a: Zapdos|51/100
|-status|p1a: Snawty|par|[from] ability: Static|[of] p2a: Zapdos
|move|p2a: Zapdos|Hurricane|p1a: Snawty
|-supereffective|p1a: Snawty
|-damage|p1a: Snawty|0 fnt
|faint|p1a: Snawty
|
|-heal|p2a: Zapdos|57/100|[from] item: Leftovers
|
|switch|p1a: Gary|Goodra-Hisui, F, shiny|100/100
|turn|3
|
|move|p2a: Zapdos|Roost|p2a: Zapdos
|-heal|p2a: Zapdos|100/100
|-singleturn|p2a: Zapdos|move: Roost
|move|p1a: Gary|Curse|p1a: Gary
|-unboost|p1a: Gary|spe|1
|-boost|p1a: Gary|atk|1
|-boost|p1a: Gary|def|1
|
|turn|4
|
|move|p2a: Zapdos|Heat Wave|p1a: Gary
|-damage|p1a: Gary|82/100
|move|p1a: Gary|Dragon Tail|p2a: Zapdos
|-damage|p2a: Zapdos|78/100
|-status|p1a: Gary|par|[from] ability: Static|[of] p2a: Zapdos
|drag|p2a: Samurott|Samurott-Hisui, F|100/100
|
|-heal|p1a: Gary|88/100 par|[from] item: Leftovers
|turn|5
|
|move|p2a: Samurott|Ceaseless Edge|p1a: Gary
|-damage|p1a: Gary|55/100 par
|-sidestart|p1: Palden64|Spikes
|-ability|p1a: Gary|Gooey
|-unboost|p2a: Samurott|spe|1
|-damage|p2a: Samurott|91/100|[from] item: Life Orb
|move|p1a: Gary|Body Press|p2a: Samurott
|-supereffective|p2a: Samurott
|-damage|p2a: Samurott|0 fnt
|faint|p2a: Samurott
|
|-heal|p1a: Gary|61/100 par|[from] item: Leftovers
|
|switch|p2a: Enamorus|Enamorus, F, shiny|100/100
|turn|6
|
|move|p2a: Enamorus|Superpower|p1a: Gary
|-supereffective|p1a: Gary
|-damage|p1a: Gary|22/100 par
|-boost|p2a: Enamorus|atk|1
|-boost|p2a: Enamorus|def|1
|-ability|p1a: Gary|Gooey
|-boost|p2a: Enamorus|spe|1
|move|p1a: Gary|Heavy Slam|p2a: Enamorus
|-supereffective|p2a: Enamorus
|-damage|p2a: Enamorus|0 fnt
|faint|p2a: Enamorus
|
|-heal|p1a: Gary|29/100 par|[from] item: Leftovers
|
|switch|p2a: Great Tusk|Great Tusk|100/100
|turn|7
|
|switch|p1a: Nihon|Braviary-Hisui, M|100/100
|move|p2a: Great Tusk|Earthquake|p1a: Nihon
|-immune|p1a: Nihon
|
|turn|8
|
|-end|p2a: Great Tusk|Protosynthesis|[silent]
|switch|p2a: Magearna|Magearna|100/100
|move|p1a: Nihon|Esper Wing|p2a: Magearna
|-resisted|p2a: Magearna
|-damage|p2a: Magearna|62/100
|-boost|p1a: Nihon|spe|1
|-damage|p1a: Nihon|91/100|[from] item: Life Orb
|
|-heal|p2a: Magearna|68/100|[from] item: Leftovers
|turn|9
|
|move|p1a: Nihon|Heat Wave|p2a: Magearna
|-supereffective|p2a: Magearna
|-damage|p2a: Magearna|5/100
|-status|p2a: Magearna|brn
|-damage|p1a: Nihon|81/100|[from] item: Life Orb
|move|p2a: Magearna|Draining Kiss|p1a: Nihon
|-crit|p1a: Nihon
|-damage|p1a: Nihon|38/100
|-heal|p2a: Magearna|38/100 brn|[from] drain|[of] p1a: Nihon
|
|-heal|p2a: Magearna|44/100 brn|[from] item: Leftovers
|-damage|p2a: Magearna|38/100 brn|[from] brn
|turn|10
|
|-terastallize|p1a: Nihon|Fire
|move|p1a: Nihon|Roost|p1a: Nihon
|-heal|p1a: Nihon|89/100
|move|p2a: Magearna|Draining Kiss|p1a: Nihon
|-resisted|p1a: Nihon
|-damage|p1a: Nihon|73/100
|-heal|p2a: Magearna|49/100 brn|[from] drain|[of] p1a: Nihon
|
|-heal|p2a: Magearna|55/100 brn|[from] item: Leftovers
|-damage|p2a: Magearna|49/100 brn|[from] brn
|turn|11
|
|move|p1a: Nihon|Esper Wing|p2a: Magearna
|-resisted|p2a: Magearna
|-damage|p2a: Magearna|13/100 brn
|-boost|p1a: Nihon|spe|1
|-damage|p1a: Nihon|64/100|[from] item: Life Orb
|move|p2a: Magearna|Draining Kiss|p1a: Nihon
|-resisted|p1a: Nihon
|-damage|p1a: Nihon|48/100
|-heal|p2a: Magearna|25/100 brn|[from] drain|[of] p1a: Nihon
|
|-heal|p2a: Magearna|31/100 brn|[from] item: Leftovers
|-damage|p2a: Magearna|25/100 brn|[from] brn
|turn|12
|
|move|p1a: Nihon|Roost|p1a: Nihon
|-heal|p1a: Nihon|98/100
|move|p2a: Magearna|Draining Kiss|p1a: Nihon
|-resisted|p1a: Nihon
|-damage|p1a: Nihon|82/100
|-heal|p2a: Magearna|37/100 brn|[from] drain|[of] p1a: Nihon
|
|-heal|p2a: Magearna|43/100 brn|[from] item: Leftovers
|-damage|p2a: Magearna|37/100 brn|[from] brn
|turn|13
|
|move|p1a: Nihon|Esper Wing|p2a: Magearna
|-resisted|p2a: Magearna
|-damage|p2a: Magearna|1/100 brn
|-boost|p1a: Nihon|spe|1
|-damage|p1a: Nihon|73/100|[from] item: Life Orb
|move|p2a: Magearna|Draining Kiss|p1a: Nihon
|-resisted|p1a: Nihon
|-damage|p1a: Nihon|56/100
|-heal|p2a: Magearna|14/100 brn|[from] drain|[of] p1a: Nihon
|
|-heal|p2a: Magearna|20/100 brn|[from] item: Leftovers
|-damage|p2a: Magearna|14/100 brn|[from] brn
|turn|14
|
|move|p1a: Nihon|Roost|p1a: Nihon
|-heal|p1a: Nihon|100/100
|move|p2a: Magearna|Draining Kiss|p1a: Nihon
|-resisted|p1a: Nihon
|-damage|p1a: Nihon|86/100
|-heal|p2a: Magearna|25/100 brn|[from] drain|[of] p1a: Nihon
|
|-heal|p2a: Magearna|31/100 brn|[from] item: Leftovers
|-damage|p2a: Magearna|25/100 brn|[from] brn
|turn|15
|
|move|p1a: Nihon|Esper Wing|p2a: Magearna
|-resisted|p2a: Magearna
|-damage|p2a: Magearna|0 fnt
|-boost|p1a: Nihon|spe|1
|faint|p2a: Magearna
|-damage|p1a: Nihon|76/100|[from] item: Life Orb
|
|
|switch|p2a: Great Tusk|Great Tusk|100/100
|turn|16
|
|move|p1a: Nihon|Hurricane|p2a: Great Tusk
|-supereffective|p2a: Great Tusk
|-enditem|p2a: Great Tusk|Focus Sash
|-damage|p2a: Great Tusk|1/100
|-damage|p1a: Nihon|66/100|[from] item: Life Orb
|move|p2a: Great Tusk|Earthquake|p1a: Nihon
|-supereffective|p1a: Nihon
|-damage|p1a: Nihon|0 fnt
|faint|p1a: Nihon
|
|
|switch|p1a: Kaminukaze|Arcanine-Hisui, M|100/100
|-damage|p1a: Kaminukaze|88/100|[from] Spikes
|turn|17
|
|move|p1a: Kaminukaze|Extreme Speed|p2a: Great Tusk
|-damage|p2a: Great Tusk|0 fnt
|faint|p2a: Great Tusk
|-end|p2a: Great Tusk|Protosynthesis|[silent]
|
|
|switch|p2a: Cinderace|Cinderace, F|100/100
|turn|18
|
|switch|p1a: Gary|Goodra-Hisui, F, shiny|29/100 par
|-damage|p1a: Gary|16/100 par|[from] Spikes
|move|p2a: Cinderace|High Jump Kick|p1a: Gary
|-start|p2a: Cinderace|typechange|Fighting|[from] ability: Libero
|-supereffective|p1a: Gary
|-damage|p1a: Gary|0 fnt
|-ability|p1a: Gary|Gooey
|-unboost|p2a: Cinderace|spe|1
|faint|p1a: Gary
|
|
|switch|p1a: Lando-G|Great Tusk|100/100
|turn|19
|
|switch|p2a: Zapdos|Zapdos, shiny|78/100
|move|p1a: Lando-G|Stealth Rock|p2a: Zapdos
|-sidestart|p2: flxir|move: Stealth Rock
|
|-heal|p2a: Zapdos|84/100|[from] item: Leftovers
|turn|20
|
|-end|p1a: Lando-G|Protosynthesis|[silent]
|switch|p1a: Panzer|Hydreigon, M|100/100
|move|p2a: Zapdos|Hurricane|p1a: Panzer|[miss]
|-miss|p2a: Zapdos|p1a: Panzer
|
|-heal|p2a: Zapdos|90/100|[from] item: Leftovers
|turn|21
|
|move|p1a: Panzer|Focus Energy|p1a: Panzer
|-start|p1a: Panzer|move: Focus Energy
|move|p2a: Zapdos|Volt Switch|p1a: Panzer
|-resisted|p1a: Panzer
|-crit|p1a: Panzer
|-damage|p1a: Panzer|76/100
|
|switch|p2a: Cinderace|Cinderace, F|100/100|[from] Volt Switch
|-damage|p2a: Cinderace|76/100|[from] Stealth Rock
|
|turn|22
|
|switch|p1a: Lando-G|Great Tusk|100/100
|move|p2a: Cinderace|U-turn|p1a: Lando-G
|-start|p2a: Cinderace|typechange|Bug|[from] ability: Libero
|-resisted|p1a: Lando-G
|-damage|p1a: Lando-G|85/100
|
|switch|p2a: Zapdos|Zapdos, shiny|90/100|[from] U-turn
|-damage|p2a: Zapdos|66/100|[from] Stealth Rock
|
|-heal|p2a: Zapdos|72/100|[from] item: Leftovers
|turn|23
|
|move|p1a: Lando-G|Rapid Spin|p2a: Zapdos
|-damage|p2a: Zapdos|61/100
|-boost|p1a: Lando-G|spe|1
|-sideend|p1: Palden64|Spikes|[from] move: Rapid Spin|[of] p1a: Lando-G
|move|p2a: Zapdos|Hurricane|p1a: Lando-G|[miss]
|-miss|p2a: Zapdos|p1a: Lando-G
|
|-heal|p2a: Zapdos|67/100|[from] item: Leftovers
|turn|24
|
|-end|p1a: Lando-G|Protosynthesis|[silent]
|switch|p1a: Kaminukaze|Arcanine-Hisui, M|88/100
|move|p2a: Zapdos|Hurricane|p1a: Kaminukaze
|-resisted|p1a: Kaminukaze
|-damage|p1a: Kaminukaze|61/100
|
|-heal|p2a: Zapdos|73/100|[from] item: Leftovers
|turn|25
|
|move|p1a: Kaminukaze|Head Smash|p2a: Zapdos
|-supereffective|p2a: Zapdos
|-damage|p2a: Zapdos|0 fnt
|faint|p2a: Zapdos
|
|
|switch|p2a: Cinderace|Cinderace, F|76/100
|-damage|p2a: Cinderace|51/100|[from] Stealth Rock
|turn|26
|
|switch|p1a: Lando-G|Great Tusk|85/100
|move|p2a: Cinderace|High Jump Kick|p1a: Lando-G
|-start|p2a: Cinderace|typechange|Fighting|[from] ability: Libero
|-damage|p1a: Lando-G|23/100
|
|turn|27
|
|move|p2a: Cinderace|High Jump Kick|p1a: Lando-G
|-damage|p1a: Lando-G|0 fnt
|faint|p1a: Lando-G
|-end|p1a: Lando-G|Protosynthesis|[silent]
|
|
|switch|p1a: Panzer|Hydreigon, M|76/100
|turn|28
|
|move|p2a: Cinderace|High Jump Kick|p1a: Panzer|[miss]
|-miss|p2a: Cinderace|p1a: Panzer
|-damage|p2a: Cinderace|1/100|[from] highjumpkick
|move|p1a: Panzer|Draco Meteor|p2a: Cinderace
|-damage|p2a: Cinderace|0 fnt
|-unboost|p1a: Panzer|spa|2
|faint|p2a: Cinderace
|
|win|Palden64
