|poke|p1|Rillaboom, M|
|poke|p1|Azelf|
|poke|p1|Sneasler, M|
|poke|p1|Magearna|
|poke|p1|Clodsire, F|
|poke|p1|Great Tusk|
|poke|p2|Clodsire, M|
|poke|p2|Dondozo, F|
|poke|p2|Alomomola, M|
|poke|p2|Talonflame, F|
|poke|p2|Toxapex, M|
|poke|p2|Blissey, F|
|teampreview
|
|start
|switch|p1a: Gen 4 Throwback|Azelf|100/100
|switch|p2a: Blissey|Blissey, F|100/100
|turn|1
|
|move|p1a: Gen 4 Throwback|Stealth Rock|p2a: Blissey
|-sidestart|p2: p2|move: Stealth Rock
|move|p2a: Blissey|Stealth Rock|p1a: Gen 4 Throwback
|-sidestart|p1: p1|move: Stealth Rock
|
|turn|2
|
|move|p1a: Gen 4 Throwback|Psyshock|p2a: Blissey
|-damage|p2a: Blissey|0 fnt
|faint|p2a: Blissey
|-damage|p1a: Gen 4 Throwback|91/100|[from] item: Life Orb
|
|
|switch|p2a: Alomomola|Alomomola, M|100/100
|turn|3
|
|move|p1a: Gen 4 Throwback|Thunderbolt|p2a: Alomomola
|-supereffective|p2a: Alomomola
|-damage|p2a: Alomomola|13/100
|-status|p2a: Alomomola|par
|-damage|p1a: Gen 4 Throwback|81/100|[from] item: Life Orb
|move|p2a: Alomomola|Whirlpool|p1a: Gen 4 Throwback
|-damage|p1a: Gen 4 Throwback|72/100
|-activate|p1a: Gen 4 Throwback|move: Whirlpool|[of] p2a: Alomomola
|
|-damage|p1a: Gen 4 Throwback|60/100|[from] move: Whirlpool|[partiallytrapped]
|turn|4
|
|switch|p2a: Clodsire|Clodsire, M|100/100
|move|p1a: Gen 4 Throwback|Psyshock|p2a: Clodsire
|-supereffective|p2a: Clodsire
|-damage|p2a: Clodsire|0 fnt
|faint|p2a: Clodsire
|-damage|p1a: Gen 4 Throwback|50/100|[from] item: Life Orb
|
|-end|p1a: Gen 4 Throwback|Whirlpool|[partiallytrapped]|[silent]
|
|switch|p2a: Toxapex|Toxapex, M|100/100
|turn|5
|
|move|p1a: Gen 4 Throwback|Psyshock|p2a: Toxapex
|-supereffective|p2a: Toxapex
|-crit|p2a: Toxapex
|-damage|p2a: Toxapex|5/100
|-damage|p1a: Gen 4 Throwback|40/100|[from] item: Life Orb
|move|p2a: Toxapex|Toxic|p1a: Gen 4 Throwback
|-status|p1a: Gen 4 Throwback|tox
|
|-damage|p1a: Gen 4 Throwback|33/100 tox|[from] psn
|turn|6
|
|-terastallize|p2a: Toxapex|Fairy
|move|p1a: Gen 4 Throwback|Psyshock|p2a: Toxapex
|-damage|p2a: Toxapex|0 fnt
|faint|p2a: Toxapex
|-damage|p1a: Gen 4 Throwback|24/100 tox|[from] item: Life Orb
|
|-damage|p1a: Gen 4 Throwback|11/100 tox|[from] psn
|
|switch|p2a: Talonflame|Talonflame, F|100/100
|turn|7
|
|move|p1a: Gen 4 Throwback|Thunderbolt|p2a: Talonflame
|-supereffective|p2a: Talonflame
|-damage|p2a: Talonflame|2/100
|-status|p2a: Talonflame|par
|-damage|p1a: Gen 4 Throwback|1/100 tox|[from] item: Life Orb
|cant|p2a: Talonflame|par
|
|-damage|p1a: Gen 4 Throwback|0 fnt|[from] psn
|faint|p1a: Gen 4 Throwback
|
|switch|p1a: Michelin Man|Great Tusk|100/100
|-damage|p1a: Michelin Man|98/100|[from] Stealth Rock
|-enditem|p1a: Michelin Man|Booster Energy
|-activate|p1a: Michelin Man|ability: Protosynthesis|[fromitem]
|-start|p1a: Michelin Man|protosynthesisatk
|turn|8
|
|move|p1a: Michelin Man|Rapid Spin|p2a: Talonflame
|-damage|p2a: Talonflame|0 fnt
|-boost|p1a: Michelin Man|spe|1
|-status|p1a: Michelin Man|brn|[from] ability: Flame Body|[of] p2a: Talonflame
|-sideend|p1: p1|Stealth Rock|[from] move: Rapid Spin|[of] p1a: Michelin Man
|faint|p2a: Talonflame
|
|-damage|p1a: Michelin Man|91/100 brn|[from] brn
|-message|p2 forfeited.
|
|win|p1
