|poke|p1|Volcarona, F|
|poke|p1|Chien-Pao|
|poke|p1|Armarouge, F|
|poke|p1|Indeedee, M|
|poke|p1|Hatterene, F|
|poke|p1|Polteageist|
|poke|p2|Great Tusk|
|poke|p2|Dondozo, F|
|poke|p2|Gholdengo|
|poke|p2|Chien-Pao|
|poke|p2|Volcarona, M|
|poke|p2|Garchomp, F|
|teampreview
|
|start
|switch|p1a: Indeedee|Indeedee, M|100/100
|switch|p2a: Chien-Pao|Chien-Pao|100/100
|-ability|p2a: Chien-Pao|Sword of Ruin
|-fieldstart|move: Psychic Terrain|[from] ability: Psychic Surge|[of] p1a: Indeedee
|turn|1
|
|switch|p1a: Armarouge|Armarouge, F|100/100
|move|p2a: Chien-Pao|Crunch|p1a: Armarouge
|-supereffective|p1a: Armarouge
|-enditem|p1a: Armarouge|Focus Sash
|-damage|p1a: Armarouge|1/100
|-ability|p1a: Armarouge|Weak Armor|boost
|-unboost|p1a: Armarouge|def|1
|-boost|p1a: Armarouge|spe|2
|
|turn|2
|
|switch|p2a: Dondozo|Dondozo, F|100/100
|move|p1a: Armarouge|Armor Cannon|p2a: Dondozo
|-resisted|p2a: Dondozo
|-damage|p2a: Dondozo|76/100
|-unboost|p1a: Armarouge|def|1
|-unboost|p1a: Armarouge|spd|1
|
|-heal|p2a: Dondozo|82/100|[from] item: Leftovers
|turn|3
|
|move|p1a: Armarouge|Destiny Bond|p1a: Armarouge
|-singlemove|p1a: Armarouge|Destiny Bond
|move|p2a: Dondozo|Wave Crash|p1a: Armarouge
|-supereffective|p1a: Armarouge
|-damage|p1a: Armarouge|0 fnt
|faint|p1a: Armarouge
|-activate|p1a: Armarouge|move: Destiny Bond
|faint|p2a: Dondozo
|
|
|switch|p1a: Polteageist|Polteageist|100/100
|switch|p2a: Gholdengo|Gholdengo|100/100
|turn|4
|
|switch|p1a: Volcarona|Volcarona, F|100/100
|move|p2a: Gholdengo|Trick|p1a: Volcarona
|-activate|p2a: Gholdengo|move: Trick|[of] p1a: Volcarona
|-item|p1a: Volcarona|Choice Scarf|[from] move: Trick
|-item|p2a: Gholdengo|Heavy-Duty Boots|[from] move: Trick
|
|turn|5
|
|switch|p2a: Garchomp|Garchomp, F|100/100
|move|p1a: Volcarona|Fire Blast|p2a: Garchomp
|-resisted|p2a: Garchomp
|-damage|p2a: Garchomp|70/100
|
|turn|6
|
|switch|p1a: Hatterene|Hatterene, F|100/100
|move|p2a: Garchomp|Earthquake|p1a: Hatterene
|-damage|p1a: Hatterene|56/100
|
|turn|7
|
|switch|p2a: Volcarona|Volcarona, M|100/100
|move|p1a: Hatterene|Dazzling Gleam|p2a: Volcarona
|-resisted|p2a: Volcarona
|-damage|p2a: Volcarona|79/100
|
|turn|8
|
|move|p2a: Volcarona|Quiver Dance|p2a: Volcarona
|-boost|p2a: Volcarona|spa|1
|-boost|p2a: Volcarona|spd|1
|-boost|p2a: Volcarona|spe|1
|move|p1a: Hatterene|Healing Wish|p1a: Hatterene
|faint|p1a: Hatterene
|
|-fieldend|move: Psychic Terrain
|
|switch|p1a: Polteageist|Polteageist|100/100
|turn|9
|
|move|p2a: Volcarona|Fiery Dance|p1a: Polteageist
|-damage|p1a: Polteageist|41/100
|move|p1a: Polteageist|Shell Smash|p1a: Polteageist
|-unboost|p1a: Polteageist|def|1
|-unboost|p1a: Polteageist|spd|1
|-boost|p1a: Polteageist|atk|2
|-boost|p1a: Polteageist|spa|2
|-boost|p1a: Polteageist|spe|2
|
|turn|10
|
|move|p1a: Polteageist|Stored Power|p2a: Volcarona
|-damage|p2a: Volcarona|18/100
|move|p2a: Volcarona|Fiery Dance|p1a: Polteageist
|-damage|p1a: Polteageist|0 fnt
|-boost|p2a: Volcarona|spa|1
|faint|p1a: Polteageist
|
|
|switch|p1a: Volcarona|Volcarona, F|100/100
|turn|11
|
|move|p1a: Volcarona|Fire Blast|p2a: Volcarona
|-damage|p2a: Volcarona|0 fnt
|faint|p2a: Volcarona
|
|
|switch|p2a: Great Tusk|Great Tusk|100/100
|turn|12
|
|switch|p1a: Indeedee|Indeedee, M|100/100
|-fieldstart|move: Psychic Terrain|[from] ability: Psychic Surge|[of] p1a: Indeedee
|move|p2a: Great Tusk|Earthquake|p1a: Indeedee
|-damage|p1a: Indeedee|6/100
|
|turn|13
|
|switch|p1a: Volcarona|Volcarona, F|100/100
|move|p2a: Great Tusk|Earthquake|p1a: Volcarona
|-damage|p1a: Volcarona|29/100
|
|turn|14
|
|-end|p2a: Great Tusk|Protosynthesis|[silent]
|switch|p2a: Gholdengo|Gholdengo|100/100
|move|p1a: Volcarona|Psychic|p2a: Gholdengo
|-resisted|p2a: Gholdengo
|-crit|p2a: Gholdengo
|-damage|p2a: Gholdengo|60/100
|
|turn|15
|
|switch|p1a: Indeedee|Indeedee, M|6/100
|-heal|p1a: Indeedee|100/100|[from] move: Healing Wish
|move|p2a: Gholdengo|Make It Rain|p1a: Indeedee
|-damage|p1a: Indeedee|12/100
|-unboost|p2a: Gholdengo|spa|1
|
|turn|16
|
|move|p1a: Indeedee|Healing Wish|p1a: Indeedee
|faint|p1a: Indeedee
|move|p2a: Gholdengo|Make It Rain|p1: Indeedee|[notarget]
|-fail|p2a: Gholdengo
|
|
|switch|p1a: Volcarona|Volcarona, F|29/100
|-heal|p1a: Volcarona|100/100|[from] move: Healing Wish
|turn|17
|
|move|p1a: Volcarona|Fire Blast|p2a: Gholdengo
|-supereffective|p2a: Gholdengo
|-damage|p2a: Gholdengo|0 fnt
|faint|p2a: Gholdengo
|
|
|switch|p2a: Garchomp|Garchomp, F|70/100
|turn|18
|
|switch|p1a: Chien-Pao|Chien-Pao|100/100
|-ability|p1a: Chien-Pao|Sword of Ruin
|move|p2a: Garchomp|Stealth Rock|p1a: Chien-Pao
|-sidestart|p1: ajb|move: Stealth Rock
|
|turn|19
|
|-terastallize|p1a: Chien-Pao|Dark
|move|p1a: Chien-Pao|Crunch|p2a: Garchomp
|-damage|p2a: Garchomp|12/100
|-damage|p1a: Chien-Pao|88/100|[from] ability: Rough Skin|[of] p2a: Garchomp
|-damage|p1a: Chien-Pao|72/100|[from] item: Rocky Helmet|[of] p2a: Garchomp
|-damage|p1a: Chien-Pao|62/100|[from] item: Life Orb
|move|p2a: Garchomp|Dragon Tail|p1a: Chien-Pao
|-damage|p1a: Chien-Pao|28/100
|drag|p1a: Volcarona|Volcarona, F|100/100
|-damage|p1a: Volcarona|51/100|[from] Stealth Rock
|
|-fieldend|move: Psychic Terrain
|turn|20
|
|move|p1a: Volcarona|Fire Blast|p2a: Garchomp
|-resisted|p2a: Garchomp
|-damage|p2a: Garchomp|0 fnt
|faint|p2a: Garchomp
|
|
|switch|p2a: Great Tusk|Great Tusk|100/100
|turn|21
|
|move|p1a: Volcarona|Fire Blast|p2a: Great Tusk
|-damage|p2a: Great Tusk|67/100
|move|p2a: Great Tusk|Earthquake|p1a: Volcarona
|-damage|p1a: Volcarona|0 fnt
|faint|p1a: Volcarona
|
|
|switch|p1a: Chien-Pao|Chien-Pao, tera:Dark|28/100
|-damage|p1a: Chien-Pao|15/100|[from] Stealth Rock
|-ability|p1a: Chien-Pao|Sword of Ruin
|turn|22
|
|-terastallize|p2a: Great Tusk|Fighting
|move|p1a: Chien-Pao|Icicle Crash|p2a: Great Tusk
|-damage|p2a: Great Tusk|22/100
|-damage|p1a: Chien-Pao|5/100|[from] item: Life Orb
|move|p2a: Great Tusk|Earthquake|p1a: Chien-Pao
|-damage|p1a: Chien-Pao|0 fnt
|faint|p1a: Chien-Pao
|
|win|lol52
||Ladder isn't responding, score probably updated but might not have (Request timeout).
