# advantage = p2
|poke|p1|Slowking-Galar, F|
|poke|p1|Hatterene, F|
|poke|p1|Magearna|
|poke|p1|Ursaluna, F|
|poke|p1|Decidueye-Hisui, M|
|poke|p1|Basculegion, M|
|poke|p2|Magearna|
|poke|p2|Ursaluna, M|
|poke|p2|Slowking-Galar, M|
|poke|p2|Corviknight, F|
|poke|p2|Chien-Pao|
|poke|p2|Rotom-Wash|
|teampreview
|
|start
|switch|p1a: Magearna|Magearna|100/100
|switch|p2a: Rotom|Rotom-Wash|100/100
|turn|1
|
|move|p2a: Rotom|Thunder Wave|p1a: Magearna
|-status|p1a: Magearna|par
|move|p1a: Magearna|Aura Sphere|p2a: Rotom
|-damage|p2a: Rotom|77/100
|
|-heal|p2a: Rotom|83/100|[from] item: Leftovers
|turn|2
|
|move|p2a: Rotom|Protect|p2a: Rotom
|-singleturn|p2a: Rotom|Protect
|move|p1a: Magearna|Trick Room|p1a: Magearna
|-fieldstart|move: Trick Room|[of] p1a: Magearna
|
|-heal|p2a: Rotom|89/100|[from] item: Leftovers
|turn|3
|
|cant|p1a: Magearna|par
|move|p2a: Rotom|Hydro Pump|p1a: Magearna
|-damage|p1a: Magearna|69/100 par
|
|-heal|p2a: Rotom|96/100|[from] item: Leftovers
|turn|4
|
|switch|p1a: Decidueye|Decidueye-Hisui, M|100/100
|move|p2a: Rotom|Hydro Pump|p1a: Decidueye
|-resisted|p1a: Decidueye
|-damage|p1a: Decidueye|82/100
|
|-heal|p2a: Rotom|100/100|[from] item: Leftovers
|turn|5
|
|move|p2a: Rotom|Protect|p2a: Rotom
|-singleturn|p2a: Rotom|Protect
|move|p1a: Decidueye|Close Combat|p2a: Rotom
|-activate|p2a: Rotom|move: Protect
|
|turn|6
|
|switch|p2a: Slowking|Slowking-Galar, M|100/100
|move|p1a: Decidueye|Close Combat|p2a: Slowking
|-resisted|p2a: Slowking
|-damage|p2a: Slowking|85/100
|-unboost|p1a: Decidueye|def|1
|-unboost|p1a: Decidueye|spd|1
|
|-fieldend|move: Trick Room
|turn|7
|
|switch|p1a: Magearna|Magearna|69/100 par
|move|p2a: Slowking|Chilly Reception|p2a: Slowking
|-weather|Snow
|
|switch|p2a: Rotom|Rotom-Wash|100/100|[from] Chilly Reception
|
|-weather|Snow|[upkeep]
|turn|8
|
|move|p2a: Rotom|Volt Switch|p1a: Magearna
|-damage|p1a: Magearna|49/100 par
|
|switch|p2a: Ursaluna|Ursaluna, M|100/100|[from] Volt Switch
|move|p1a: Magearna|Trick Room|p1a: Magearna
|-fieldstart|move: Trick Room|[of] p1a: Magearna
|
|-weather|Snow|[upkeep]
|-status|p2a: Ursaluna|brn|[from] item: Flame Orb
|turn|9
|
|cant|p1a: Magearna|par
|move|p2a: Ursaluna|Facade|p1a: Magearna
|-resisted|p1a: Magearna
|-damage|p1a: Magearna|0 fnt
|faint|p1a: Magearna
|
|-weather|Snow|[upkeep]
|-damage|p2a: Ursaluna|94/100 brn|[from] brn
|
|switch|p1a: Basculegion|Basculegion, M|100/100
|turn|10
|
|move|p2a: Ursaluna|Earthquake|p1a: Basculegion
|-damage|p1a: Basculegion|0 fnt
|faint|p1a: Basculegion
|
|-weather|Snow|[upkeep]
|-damage|p2a: Ursaluna|88/100 brn|[from] brn
|
|switch|p1a: Ursaluna|Ursaluna, F|100/100
|turn|11
|
|-terastallize|p2a: Ursaluna|Normal
|move|p1a: Ursaluna|Drain Punch|p2a: Ursaluna
|-supereffective|p2a: Ursaluna
|-damage|p2a: Ursaluna|46/100 brn
|move|p2a: Ursaluna|Facade|p1a: Ursaluna
|-damage|p1a: Ursaluna|0 fnt
|faint|p1a: Ursaluna
|
|-weather|none
|-damage|p2a: Ursaluna|40/100 brn|[from] brn
|-message|p1 forfeited.
|
|win|p2
