|poke|p1|Typhlosion-Hisui, M|
|poke|p1|Samurott-Hisui, M|
|poke|p1|Magearna|
|poke|p1|Tornadus-Therian, M|
|poke|p1|Landorus-Therian, M|
|poke|p1|Zapdos|
|poke|p2|Magearna|
|poke|p2|Ursaluna, M|
|poke|p2|Rabsca, F|
|poke|p2|Slowking, F|
|poke|p2|Basculegion-F, F|
|poke|p2|Glastrier|
|teampreview
|
|start
|switch|p1a: Landorus|Landorus-Therian, M|100/100
|switch|p2a: Magearna|Magearna|100/100
|-ability|p1a: Landorus|Intimidate|boost
|-unboost|p2a: Magearna|atk|1
|-enditem|p2a: Magearna|Eject Pack
|
|switch|p2a: Slowking|Slowking, F|100/100
|turn|1
|
|move|p1a: Landorus|Stealth Rock|p2a: Slowking
|-sidestart|p2: teralover80|move: Stealth Rock
|move|p2a: Slowking|Trick Room|p2a: Slowking
|-fieldstart|move: Trick Room|[of] p2a: Slowking
|
|turn|2
|
|switch|p1a: Samurott|Samurott-Hisui, M|100/100
|move|p2a: Slowking|Chilly Reception|p2a: Slowking
|-weather|Snow
|
|switch|p2a: Ursaluna|Ursaluna, M, shiny|100/100|[from] Chilly Reception
|-damage|p2a: Ursaluna|94/100|[from] Stealth Rock
|
|-weather|Snow|[upkeep]
|-status|p2a: Ursaluna|brn|[from] item: Flame Orb
|turn|3
|
|switch|p1a: Landorus|Landorus-Therian, M|100/100
|-ability|p1a: Landorus|Intimidate|boost
|-unboost|p2a: Ursaluna|atk|1
|move|p2a: Ursaluna|Facade|p1a: Landorus
|-damage|p1a: Landorus|4/100
|
|-weather|Snow|[upkeep]
|-damage|p2a: Ursaluna|88/100 brn|[from] brn
|turn|4
|
|move|p2a: Ursaluna|Crunch|p1a: Landorus
|-damage|p1a: Landorus|0 fnt
|faint|p1a: Landorus
|
|-weather|Snow|[upkeep]
|-damage|p2a: Ursaluna|82/100 brn|[from] brn
|
|switch|p1a: Typhlosion|Typhlosion-Hisui, M|100/100
|turn|5
|
|move|p2a: Ursaluna|Earthquake|p1a: Typhlosion
|-supereffective|p1a: Typhlosion
|-enditem|p1a: Typhlosion|Focus Sash
|-damage|p1a: Typhlosion|1/100
|move|p1a: Typhlosion|Lava Plume|p2a: Ursaluna
|-damage|p2a: Ursaluna|33/100 brn
|
|-weather|Snow|[upkeep]
|-damage|p2a: Ursaluna|27/100 brn|[from] brn
|-fieldend|move: Trick Room
|turn|6
|
|switch|p2a: Slowking|Slowking, F|100/100
|move|p1a: Typhlosion|Lava Plume|p2a: Slowking
|-resisted|p2a: Slowking
|-damage|p2a: Slowking|78/100
|
|-weather|none
|turn|7
|
|-terastallize|p1a: Typhlosion|Ghost
|move|p1a: Typhlosion|Shadow Ball|p2a: Slowking
|-supereffective|p2a: Slowking
|-damage|p2a: Slowking|0 fnt
|faint|p2a: Slowking
|
|
|switch|p2a: Magearna|Magearna|100/100
|-damage|p2a: Magearna|94/100|[from] Stealth Rock
|turn|8
|
|move|p1a: Typhlosion|Lava Plume|p2a: Magearna
|-supereffective|p2a: Magearna
|-damage|p2a: Magearna|0 fnt
|faint|p2a: Magearna
|
|-message|teralover80 forfeited.
|
|win|Renegade01
