# advantage = p2
|poke|p1|Goodra-Hisui, M|
|poke|p1|Ursaluna, M|
|poke|p1|Rillaboom, M|
|poke|p1|Toxapex, M|
|poke|p1|Garganacl, M|
|poke|p1|Hawlucha, F|
|poke|p2|Skeledirge, F|
|poke|p2|Garchomp, F|
|poke|p2|Zamazenta-*|
|poke|p2|Heatran, F|
|poke|p2|Great Tusk|
|poke|p2|Rotom-Wash|
|teampreview
|
|start
|switch|p1a: Rillaboom|Rillaboom, M|100/100
|switch|p2a: Skeledirge|Skeledirge, F|100/100
|-fieldstart|move: Grassy Terrain|[from] ability: Grassy Surge|[of] p1a: Rillaboom
|turn|1
|
|move|p1a: Rillaboom|Knock Off|p2a: Skeledirge
|-supereffective|p2a: Skeledirge
|-damage|p2a: Skeledirge|52/100
|-enditem|p2a: Skeledirge|Heavy-Duty Boots|[from] move: Knock Off|[of] p1a: Rillaboom
|move|p2a: Skeledirge|Will-O-Wisp|p1a: Rillaboom
|-status|p1a: Rillaboom|brn
|
|-heal|p2a: Skeledirge|58/100|[from] Grassy Terrain
|-damage|p1a: Rillaboom|94/100 brn|[from] brn
|turn|2
|
|move|p1a: Rillaboom|Leech Seed|p2a: Skeledirge
|-start|p2a: Skeledirge|move: Leech Seed
|move|p2a: Skeledirge|Slack Off|p2a: Skeledirge
|-heal|p2a: Skeledirge|100/100
|
|-heal|p1a: Rillaboom|100/100 brn|[from] Grassy Terrain
|-damage|p2a: Skeledirge|88/100|[from] Leech Seed|[of] p1a: Rillaboom
|-damage|p1a: Rillaboom|94/100 brn|[from] brn
|turn|3
|
|switch|p1a: Garganacl|Garganacl, M|100/100
|move|p2a: Skeledirge|Torch Song|p1a: Garganacl
|-resisted|p1a: Garganacl
|-damage|p1a: Garganacl|89/100
|-boost|p2a: Skeledirge|spa|1
|
|-heal|p2a: Skeledirge|94/100|[from] Grassy Terrain
|-heal|p1a: Garganacl|96/100|[from] Grassy Terrain
|-heal|p1a: Garganacl|100/100|[from] item: Leftovers
|-damage|p2a: Skeledirge|82/100|[from] Leech Seed|[of] p1a: Garganacl
|turn|4
|
|switch|p2a: Rotom|Rotom-Wash|100/100
|move|p1a: Garganacl|Salt Cure|p2a: Rotom
|-damage|p2a: Rotom|89/100
|-start|p2a: Rotom|Salt Cure
|
|-heal|p2a: Rotom|96/100|[from] item: Leftovers
|-damage|p2a: Rotom|71/100|[from] Salt Cure
|turn|5
|
|move|p2a: Rotom|Volt Switch|p1a: Garganacl
|-damage|p1a: Garganacl|81/100
|
|switch|p2a: Zamazenta|Zamazenta|100/100|[from] Volt Switch
|-ability|p2a: Zamazenta|Dauntless Shield|boost
|-boost|p2a: Zamazenta|def|1
|move|p1a: Garganacl|Stealth Rock|p2a: Zamazenta
|-sidestart|p2: p2|move: Stealth Rock
|
|-heal|p1a: Garganacl|87/100|[from] Grassy Terrain
|-heal|p1a: Garganacl|94/100|[from] item: Leftovers
|-fieldend|move: Grassy Terrain
|turn|6
|
|move|p2a: Zamazenta|Substitute|p2a: Zamazenta
|-start|p2a: Zamazenta|Substitute
|-damage|p2a: Zamazenta|75/100
|move|p1a: Garganacl|Salt Cure|p2a: Zamazenta
|-resisted|p2a: Zamazenta
|-activate|p2a: Zamazenta|move: Substitute|[damage]
|
|-heal|p2a: Zamazenta|82/100|[from] item: Leftovers
|-heal|p1a: Garganacl|99/100|[from] item: Leftovers
|turn|7
|-message|p1 forfeited.
|
|win|p2
