|poke|p1|Enamorus-Therian, F|
|poke|p1|Kleavor, M|
|poke|p1|Gholdengo|
|poke|p1|Great Tusk|
|poke|p1|Samurott-Hisui, F|
|poke|p1|Baxcalibur, M|
|poke|p2|Urshifu-*, F|
|poke|p2|Magearna|
|poke|p2|Slowking-Galar, F|
|poke|p2|Arcanine-Hisui, F|
|poke|p2|Landorus-Therian, M|
|poke|p2|Iron Treads|
|teampreview
|
|start
|switch|p1a: DarkBushido$$Gang|Samurott-Hisui, F|100/100
|switch|p2a: Slowking|Slowking-Galar, F|100/100
|turn|1
|
|switch|p2a: Magearna|Magearna|100/100
|move|p1a: DarkBushido$$Gang|Ceaseless Edge|p2a: Magearna
|-resisted|p2a: Magearna
|-damage|p2a: Magearna|79/100
|-sidestart|p2: Owany|Spikes
|
|-heal|p2a: Magearna|85/100|[from] item: Leftovers
|turn|2
|
|move|p1a: DarkBushido$$Gang|Aqua Cutter|p2a: Magearna
|-damage|p2a: Magearna|36/100
|move|p2a: Magearna|Spikes|p1a: DarkBushido$$Gang
|-sidestart|p1: james5k0|Spikes
|
|-heal|p2a: Magearna|42/100|[from] item: Leftovers
|turn|3
|
|switch|p2a: Urshifu|Urshifu-Rapid-Strike, F|100/100
|-damage|p2a: Urshifu|88/100|[from] Spikes
|move|p1a: DarkBushido$$Gang|Aqua Cutter|p2a: Urshifu
|-resisted|p2a: Urshifu
|-damage|p2a: Urshifu|66/100
|
|turn|4
|
|switch|p1a: Donatella|Enamorus-Therian, F|100/100
|move|p2a: Urshifu|Swords Dance|p2a: Urshifu
|-boost|p2a: Urshifu|atk|2
|
|turn|5
|
|-terastallize|p2a: Urshifu|Water
|move|p2a: Urshifu|Surging Strikes|p1a: Donatella
|-crit|p1a: Donatella
|-damage|p1a: Donatella|46/100
|-crit|p1a: Donatella
|-damage|p1a: Donatella|0 fnt
|faint|p1a: Donatella
|-hitcount|p1: Donatella|2
|
|-message|james5k0 forfeited.
|
|win|Owany
