# advantage = p1
|poke|p1|Slowking-Galar, M|
|poke|p1|Landorus-Therian, M|
|poke|p1|Samurott-Hisui, F|
|poke|p1|Zapdos|
|poke|p1|Volcanion|
|poke|p1|Urshifu-*, M|
|poke|p2|Lilligant-Hisui, F|
|poke|p2|Tauros-Paldea-Aqua, M|
|poke|p2|Heatran, M|
|poke|p2|Great Tusk|
|poke|p2|Amoonguss, F|
|poke|p2|Enamorus, F|
|teampreview
|
|start
|switch|p1a: Landorus|Landorus-Therian, M|100/100
|switch|p2a: Lilligant|Lilligant-Hisui, F|100/100
|-ability|p1a: Landorus|Intimidate|boost
|-unboost|p2a: Lilligant|atk|1
|turn|1
|
|move|p1a: Landorus|Stealth Rock|p2a: Lilligant
|-sidestart|p2: p2|move: Stealth Rock
|move|p2a: Lilligant|Ice Spinner|p1a: Landorus
|-supereffective|p1a: Landorus
|-damage|p1a: Landorus|0 fnt
|faint|p1a: Landorus
|
|
|switch|p1a: Zapdos|Zapdos|100/100
|turn|2
|
|switch|p2a: Heatran|Heatran, M|100/100
|-damage|p2a: Heatran|88/100|[from] Stealth Rock
|move|p1a: Zapdos|Hurricane|p2a: Heatran
|-resisted|p2a: Heatran
|-damage|p2a: Heatran|71/100
|
|-heal|p2a: Heatran|77/100|[from] item: Leftovers
|turn|3
|
|move|p1a: Zapdos|Thunder Wave|p2a: Heatran
|-status|p2a: Heatran|par
|move|p2a: Heatran|Stealth Rock|p1a: Zapdos
|-sidestart|p1: p1|move: Stealth Rock
|
|-heal|p2a: Heatran|84/100 par|[from] item: Leftovers
|turn|4
|
|move|p1a: Zapdos|Volt Switch|p2a: Heatran
|-damage|p2a: Heatran|64/100 par
|
|switch|p1a: Samurott|Samurott-Hisui, F|100/100|[from] Volt Switch
|-damage|p1a: Samurott|88/100|[from] Stealth Rock
|move|p2a: Heatran|Earth Power|p1a: Samurott
|-damage|p1a: Samurott|60/100
|-unboost|p1a: Samurott|spd|1
|
|-heal|p2a: Heatran|70/100 par|[from] item: Leftovers
|turn|5
|
|switch|p2a: Amoonguss|Amoonguss, F|100/100
|-damage|p2a: Amoonguss|88/100|[from] Stealth Rock
|move|p1a: Samurott|Ceaseless Edge|p2a: Amoonguss
|-damage|p2a: Amoonguss|57/100
|-sidestart|p2: p2|Spikes
|-damage|p1a: Samurott|44/100|[from] item: Rocky Helmet|[of] p2a: Amoonguss
|
|turn|6
|
|move|p1a: Samurott|Ceaseless Edge|p2a: Amoonguss
|-damage|p2a: Amoonguss|25/100
|-sidestart|p2: p2|Spikes
|-damage|p1a: Samurott|27/100|[from] item: Rocky Helmet|[of] p2a: Amoonguss
|move|p2a: Amoonguss|Spore|p1a: Samurott
|-status|p1a: Samurott|slp|[from] move: Spore
|
|turn|7
|
|switch|p1a: Slowking|Slowking-Galar, M|100/100
|switch|p2a: Great Tusk|Great Tusk|100/100
|-enditem|p2a: Great Tusk|Booster Energy
|-activate|p2a: Great Tusk|ability: Protosynthesis|[fromitem]
|-start|p2a: Great Tusk|protosynthesisatk
|-damage|p2a: Great Tusk|98/100|[from] Stealth Rock
|-damage|p2a: Great Tusk|81/100|[from] Spikes
|
|turn|8
|
|move|p2a: Great Tusk|Rapid Spin|p1a: Slowking
|-damage|p1a: Slowking|82/100
|-boost|p2a: Great Tusk|spe|1
|-sideend|p2: p2|Spikes|[from] move: Rapid Spin|[of] p2a: Great Tusk
|-sideend|p2: p2|Stealth Rock|[from] move: Rapid Spin|[of] p2a: Great Tusk
|move|p1a: Slowking|Future Sight|p2a: Great Tusk
|-start|p1a: Slowking|move: Future Sight
|
|turn|9
|
|switch|p1a: Zapdos|Zapdos|100/100
|move|p2a: Great Tusk|Ice Spinner|p1a: Zapdos
|-supereffective|p1a: Zapdos
|-damage|p1a: Zapdos|60/100
|-status|p2a: Great Tusk|par|[from] ability: Static|[of] p1a: Zapdos
|
|turn|10
|
|move|p1a: Zapdos|Roost|p1a: Zapdos
|-heal|p1a: Zapdos|100/100
|-singleturn|p1a: Zapdos|move: Roost
|move|p2a: Great Tusk|Close Combat|p1a: Zapdos
|-damage|p1a: Zapdos|56/100
|-unboost|p2a: Great Tusk|def|1
|-unboost|p2a: Great Tusk|spd|1
|
|-end|p2a: Great Tusk|move: Future Sight
|-supereffective|p2a: Great Tusk
|-damage|p2a: Great Tusk|0 fnt
|faint|p2a: Great Tusk
|-end|p2a: Great Tusk|Protosynthesis|[silent]
|
|switch|p2a: Enamorus|Enamorus, F|100/100
|turn|11
|
|switch|p1a: Slowking|Slowking-Galar, M|100/100
|move|p2a: Enamorus|Moonblast|p1a: Slowking
|-resisted|p1a: Slowking
|-damage|p1a: Slowking|77/100
|
|turn|12
|
|switch|p2a: Heatran|Heatran, M|70/100 par
|move|p1a: Slowking|Chilly Reception|p1a: Slowking
|-weather|Snow
|
|switch|p1a: Volcanion|Volcanion|100/100|[from] Chilly Reception
|
|-weather|Snow|[upkeep]
|-heal|p2a: Heatran|77/100 par|[from] item: Leftovers
|turn|13
|
|move|p1a: Volcanion|Steam Eruption|p2a: Heatran
|-supereffective|p2a: Heatran
|-damage|p2a: Heatran|0 fnt
|faint|p2a: Heatran
|
|-weather|Snow|[upkeep]
|
|switch|p2a: Enamorus|Enamorus, F|100/100
|turn|14
|
|move|p2a: Enamorus|Moonblast|p1a: Volcanion
|-resisted|p1a: Volcanion
|-crit|p1a: Volcanion
|-damage|p1a: Volcanion|31/100
|move|p1a: Volcanion|Steam Eruption|p2a: Enamorus
|-damage|p2a: Enamorus|12/100
|
|-weather|Snow|[upkeep]
|turn|15
|
|switch|p2a: Tauros|Tauros-Paldea-Aqua, M|100/100
|-ability|p2a: Tauros|Intimidate|boost
|-unboost|p1a: Volcanion|atk|1
|switch|p1a: Slowking|Slowking-Galar, M|100/100
|
|-weather|Snow|[upkeep]
|turn|16
|
|move|p2a: Tauros|Bulk Up|p2a: Tauros
|-boost|p2a: Tauros|atk|1
|-boost|p2a: Tauros|def|1
|move|p1a: Slowking|Future Sight|p2a: Tauros
|-start|p1a: Slowking|move: Future Sight
|
|-weather|none
|turn|17
|
|move|p2a: Tauros|Wave Crash|p1a: Slowking
|-damage|p1a: Slowking|31/100
|-damage|p2a: Tauros|75/100|[from] Recoil
|move|p1a: Slowking|Sludge Bomb|p2a: Tauros
|-damage|p2a: Tauros|31/100
|
|-heal|p2a: Tauros|37/100|[from] item: Leftovers
|turn|18
|
|switch|p1a: Zapdos|Zapdos|56/100
|move|p2a: Tauros|Close Combat|p1a: Zapdos
|-resisted|p1a: Zapdos
|-damage|p1a: Zapdos|34/100
|-unboost|p2a: Tauros|def|1
|-unboost|p2a: Tauros|spd|1
|
|-end|p2a: Tauros|move: Future Sight
|-supereffective|p2a: Tauros
|-damage|p2a: Tauros|0 fnt
|faint|p2a: Tauros
|
|switch|p2a: Enamorus|Enamorus, F|12/100
|turn|19
|
|switch|p1a: Slowking|Slowking-Galar, M|64/100
|move|p2a: Enamorus|Earth Power|p1a: Slowking
|-supereffective|p1a: Slowking
|-damage|p1a: Slowking|11/100
|
|turn|20
|
|switch|p2a: Amoonguss|Amoonguss, F|59/100
|switch|p1a: Zapdos|Zapdos|34/100
|
|turn|21
|
|move|p1a: Zapdos|Hurricane|p2a: Amoonguss
|-supereffective|p2a: Amoonguss
|-damage|p2a: Amoonguss|0 fnt
|faint|p2a: Amoonguss
|
|
|switch|p2a: Lilligant|Lilligant-Hisui, F|100/100
|turn|22
|
|move|p2a: Lilligant|Ice Spinner|p1a: Zapdos|[miss]
|-miss|p2a: Lilligant|p1a: Zapdos
|move|p1a: Zapdos|Roost|p1a: Zapdos
|-heal|p1a: Zapdos|84/100
|-singleturn|p1a: Zapdos|move: Roost
|
|turn|23
|
|-terastallize|p2a: Lilligant|Ground
|move|p2a: Lilligant|Victory Dance|p2a: Lilligant
|-boost|p2a: Lilligant|atk|1
|-boost|p2a: Lilligant|def|1
|-boost|p2a: Lilligant|spe|1
|move|p1a: Zapdos|Thunder Wave|p2a: Lilligant
|-immune|p2a: Lilligant
|
|turn|24
|
|move|p2a: Lilligant|Ice Spinner|p1a: Zapdos
|-supereffective|p1a: Zapdos
|-crit|p1a: Zapdos
|-damage|p1a: Zapdos|0 fnt
|faint|p1a: Zapdos
|
|
|switch|p1a: Slowking|Slowking-Galar, M|44/100
|turn|25
|
|switch|p1a: Samurott|Samurott-Hisui, F|27/100 slp
|-damage|p1a: Samurott|15/100 slp|[from] Stealth Rock
|move|p2a: Lilligant|Tera Blast|p1a: Samurott
|-damage|p1a: Samurott|0 fnt
|faint|p1a: Samurott
|
|
|switch|p1a: Urshifu|Urshifu-Rapid-Strike, M|100/100
|-damage|p1a: Urshifu|94/100|[from] Stealth Rock
|turn|26
|
|move|p2a: Lilligant|Close Combat|p1a: Urshifu
|-damage|p1a: Urshifu|0 fnt
|-unboost|p2a: Lilligant|def|1
|-unboost|p2a: Lilligant|spd|1
|faint|p1a: Urshifu
|
|
|switch|p1a: Volcanion|Volcanion|31/100
|turn|27
|
|move|p2a: Lilligant|Close Combat|p1a: Volcanion
|-damage|p1a: Volcanion|0 fnt
|-unboost|p2a: Lilligant|def|1
|-unboost|p2a: Lilligant|spd|1
|faint|p1a: Volcanion
|
|
|switch|p1a: Slowking|Slowking-Galar, M|77/100
|turn|28
|
|-terastallize|p1a: Slowking|Flying
|move|p2a: Lilligant|Tera Blast|p1a: Slowking
|-immune|p1a: Slowking
|move|p1a: Slowking|Sludge Bomb|p2a: Lilligant
|-resisted|p2a: Lilligant
|-damage|p2a: Lilligant|52/100
|
|turn|29
|
|move|p2a: Lilligant|Ice Spinner|p1a: Slowking
|-supereffective|p1a: Slowking
|-damage|p1a: Slowking|0 fnt
|faint|p1a: Slowking
|
|win|p2
