|poke|p1|Eiscue, M|
|poke|p1|Baxcalibur, F|
|poke|p1|Chien-Pao|
|poke|p1|Abomasnow, M|
|poke|p1|Vaporeon, F|
|poke|p1|Frosmoth, F|
|poke|p2|Meowscarada, F|
|poke|p2|Chien-Pao|
|poke|p2|Urshifu-*, M|
|poke|p2|Clodsire, F|
|poke|p2|Magearna|
|poke|p2|Zapdos|
|teampreview
|
|start
|switch|p1a: Abomasnow|Abomasnow, M|100/100
|switch|p2a: Clodsire|Clodsire, F|100/100
|-weather|Snow|[from] ability: Snow Warning|[of] p1a: Abomasnow
|turn|1
|
|move|p1a: Abomasnow|Aurora Veil|p1a: Abomasnow
|-sidestart|p1: TrainerCyan1|move: Aurora Veil
|move|p2a: Clodsire|Stealth Rock|p1a: Abomasnow
|-sidestart|p1: TrainerCyan1|move: Stealth Rock
|
|-weather|Snow|[upkeep]
|turn|2
|
|move|p1a: Abomasnow|Blizzard|p2a: Clodsire
|-supereffective|p2a: Clodsire
|-damage|p2a: Clodsire|52/100
|move|p2a: Clodsire|Toxic|p1a: Abomasnow
|-status|p1a: Abomasnow|tox
|
|-weather|Snow|[upkeep]
|-heal|p2a: Clodsire|58/100|[from] item: Leftovers
|-damage|p1a: Abomasnow|94/100 tox|[from] psn
|turn|3
|
|move|p1a: Abomasnow|Blizzard|p2a: Clodsire
|-supereffective|p2a: Clodsire
|-damage|p2a: Clodsire|6/100
|move|p2a: Clodsire|Recover|p2a: Clodsire
|-heal|p2a: Clodsire|56/100
|
|-weather|Snow|[upkeep]
|-heal|p2a: Clodsire|63/100|[from] item: Leftovers
|-damage|p1a: Abomasnow|82/100 tox|[from] psn
|turn|4
|
|move|p1a: Abomasnow|Blizzard|p2a: Clodsire
|-supereffective|p2a: Clodsire
|-damage|p2a: Clodsire|7/100
|move|p2a: Clodsire|Recover|p2a: Clodsire
|-heal|p2a: Clodsire|57/100
|
|-weather|Snow|[upkeep]
|-heal|p2a: Clodsire|63/100|[from] item: Leftovers
|-damage|p1a: Abomasnow|64/100 tox|[from] psn
|turn|5
|
|switch|p1a: Frosmoth|Frosmoth, F|100/100
|move|p2a: Clodsire|Recover|p2a: Clodsire
|-heal|p2a: Clodsire|100/100
|
|-weather|Snow|[upkeep]
|-sideend|p1: TrainerCyan1|move: Aurora Veil
|turn|6
|
|move|p1a: Frosmoth|Quiver Dance|p1a: Frosmoth
|-boost|p1a: Frosmoth|spa|1
|-boost|p1a: Frosmoth|spd|1
|-boost|p1a: Frosmoth|spe|1
|move|p2a: Clodsire|Toxic|p1a: Frosmoth
|-status|p1a: Frosmoth|tox
|
|-weather|Snow|[upkeep]
|-damage|p1a: Frosmoth|94/100 tox|[from] psn
|turn|7
|
|move|p1a: Frosmoth|Blizzard|p2a: Clodsire
|-supereffective|p2a: Clodsire
|-damage|p2a: Clodsire|41/100
|move|p2a: Clodsire|Earthquake|p1a: Frosmoth
|-resisted|p1a: Frosmoth
|-damage|p1a: Frosmoth|78/100 tox
|
|-weather|Snow|[upkeep]
|-heal|p2a: Clodsire|47/100|[from] item: Leftovers
|-damage|p1a: Frosmoth|66/100 tox|[from] psn
|turn|8
|
|switch|p2a: Magearna|Magearna|100/100
|move|p1a: Frosmoth|Blizzard|p2a: Magearna
|-resisted|p2a: Magearna
|-damage|p2a: Magearna|60/100
|
|-weather|none
|-heal|p2a: Magearna|66/100|[from] item: Leftovers
|-damage|p1a: Frosmoth|48/100 tox|[from] psn
|turn|9
|
|move|p1a: Frosmoth|Snowscape|p1a: Frosmoth
|-weather|Snow
|move|p2a: Magearna|Flash Cannon|p1a: Frosmoth
|-supereffective|p1a: Frosmoth
|-damage|p1a: Frosmoth|7/100 tox
|
|-weather|Snow|[upkeep]
|-heal|p2a: Magearna|72/100|[from] item: Leftovers
|-damage|p1a: Frosmoth|0 fnt|[from] psn
|faint|p1a: Frosmoth
|-ability|p2a: Magearna|Soul-Heart|boost
|-boost|p2a: Magearna|spa|1
|
|switch|p1a: Eiscue|Eiscue, M|100/100
|-damage|p1a: Eiscue|76/100|[from] Stealth Rock
|turn|10
|
|move|p2a: Magearna|Volt Switch|p1a: Eiscue
|-damage|p1a: Eiscue|36/100
|
|switch|p2a: Clodsire|Clodsire, F|47/100|[from] Volt Switch
|move|p1a: Eiscue|Aurora Veil|p1a: Eiscue
|-sidestart|p1: TrainerCyan1|move: Aurora Veil
|
|-weather|Snow|[upkeep]
|-heal|p2a: Clodsire|54/100|[from] item: Leftovers
|turn|11
|
|move|p1a: Eiscue|Freeze-Dry|p2a: Clodsire
|-supereffective|p2a: Clodsire
|-damage|p2a: Clodsire|25/100
|move|p2a: Clodsire|Recover|p2a: Clodsire
|-heal|p2a: Clodsire|75/100
|
|-weather|Snow|[upkeep]
|-heal|p2a: Clodsire|81/100|[from] item: Leftovers
|turn|12
|
|move|p1a: Eiscue|Surf|p2a: Clodsire
|-supereffective|p2a: Clodsire
|-damage|p2a: Clodsire|58/100
|move|p2a: Clodsire|Toxic|p1a: Eiscue
|-status|p1a: Eiscue|tox
|
|-weather|Snow|[upkeep]
|-heal|p2a: Clodsire|64/100|[from] item: Leftovers
|-damage|p1a: Eiscue|29/100 tox|[from] psn
|turn|13
|
|move|p1a: Eiscue|Freeze-Dry|p2a: Clodsire
|-supereffective|p2a: Clodsire
|-damage|p2a: Clodsire|34/100
|move|p2a: Clodsire|Recover|p2a: Clodsire
|-heal|p2a: Clodsire|84/100
|
|-weather|none
|-heal|p2a: Clodsire|90/100|[from] item: Leftovers
|-damage|p1a: Eiscue|17/100 tox|[from] psn
|turn|14
|
|switch|p2a: Zapdos|Zapdos|100/100
|move|p1a: Eiscue|Snowscape|p1a: Eiscue
|-weather|Snow
|
|-weather|Snow|[upkeep]
|-damage|p1a: Eiscue|0 fnt|[from] psn
|faint|p1a: Eiscue
|-sideend|p1: TrainerCyan1|move: Aurora Veil
|
|switch|p1a: Chien-Pao|Chien-Pao|100/100
|-damage|p1a: Chien-Pao|76/100|[from] Stealth Rock
|-ability|p1a: Chien-Pao|Sword of Ruin
|turn|15
|
|switch|p2a: Magearna|Magearna|72/100
|move|p1a: Chien-Pao|Ice Spinner|p2a: Magearna
|-resisted|p2a: Magearna
|-damage|p2a: Magearna|37/100
|
|-weather|Snow|[upkeep]
|-heal|p2a: Magearna|43/100|[from] item: Leftovers
|turn|16
|
|switch|p1a: Vaporeon|Vaporeon, F|100/100
|-damage|p1a: Vaporeon|88/100|[from] Stealth Rock
|move|p2a: Magearna|Flash Cannon|p1a: Vaporeon
|-resisted|p1a: Vaporeon
|-damage|p1a: Vaporeon|76/100
|
|-weather|Snow|[upkeep]
|-heal|p2a: Magearna|49/100|[from] item: Leftovers
|-heal|p1a: Vaporeon|82/100|[from] item: Leftovers
|turn|17
|
|move|p2a: Magearna|Calm Mind|p2a: Magearna
|-boost|p2a: Magearna|spa|1
|-boost|p2a: Magearna|spd|1
|move|p1a: Vaporeon|Wish|p1a: Vaporeon
|
|-weather|Snow|[upkeep]
|-heal|p2a: Magearna|55/100|[from] item: Leftovers
|-heal|p1a: Vaporeon|88/100|[from] item: Leftovers
|turn|18
|
|move|p1a: Vaporeon|Surf|p2a: Magearna
|-damage|p2a: Magearna|36/100
|move|p2a: Magearna|Calm Mind|p2a: Magearna
|-boost|p2a: Magearna|spa|1
|-boost|p2a: Magearna|spd|1
|
|-weather|none
|-heal|p1a: Vaporeon|100/100|[from] move: Wish|[wisher] Vaporeon
|-heal|p2a: Magearna|42/100|[from] item: Leftovers
|turn|19
|
|move|p2a: Magearna|Calm Mind|p2a: Magearna
|-boost|p2a: Magearna|spa|1
|-boost|p2a: Magearna|spd|1
|move|p1a: Vaporeon|Surf|p2a: Magearna
|-damage|p2a: Magearna|30/100
|
|-heal|p2a: Magearna|36/100|[from] item: Leftovers
|turn|20
|
|switch|p1a: Abomasnow|Abomasnow, M|64/100 tox
|-damage|p1a: Abomasnow|40/100 tox|[from] Stealth Rock
|-weather|Snow|[from] ability: Snow Warning|[of] p1a: Abomasnow
|move|p2a: Magearna|Calm Mind|p2a: Magearna
|-boost|p2a: Magearna|spa|1
|-boost|p2a: Magearna|spd|1
|
|-weather|Snow|[upkeep]
|-heal|p2a: Magearna|43/100|[from] item: Leftovers
|-damage|p1a: Abomasnow|34/100 tox|[from] psn
|turn|21
|
|move|p2a: Magearna|Flash Cannon|p1a: Abomasnow
|-supereffective|p1a: Abomasnow
|-damage|p1a: Abomasnow|0 fnt
|faint|p1a: Abomasnow
|-ability|p2a: Magearna|Soul-Heart|boost
|-boost|p2a: Magearna|spa|1
|
|-weather|Snow|[upkeep]
|-heal|p2a: Magearna|49/100|[from] item: Leftovers
|
|switch|p1a: Chien-Pao|Chien-Pao|76/100
|-damage|p1a: Chien-Pao|51/100|[from] Stealth Rock
|-ability|p1a: Chien-Pao|Sword of Ruin
|turn|22
|
|move|p1a: Chien-Pao|Sacred Sword|p2a: Magearna
|-damage|p2a: Magearna|2/100
|move|p2a: Magearna|Flash Cannon|p1a: Chien-Pao
|-supereffective|p1a: Chien-Pao
|-damage|p1a: Chien-Pao|0 fnt
|faint|p1a: Chien-Pao
|-ability|p2a: Magearna|Soul-Heart|boost
|-boost|p2a: Magearna|spa|1
|
|-weather|Snow|[upkeep]
|-heal|p2a: Magearna|8/100|[from] item: Leftovers
|
|switch|p1a: Baxcalibur|Baxcalibur, F|100/100
|-damage|p1a: Baxcalibur|76/100|[from] Stealth Rock
|turn|23
|
|move|p1a: Baxcalibur|Ice Shard|p2a: Magearna
|-resisted|p2a: Magearna
|-damage|p2a: Magearna|0 fnt
|faint|p2a: Magearna
|
|-weather|Snow|[upkeep]
|-heal|p1a: Baxcalibur|82/100|[from] ability: Ice Body
|
|switch|p2a: Urshifu|Urshifu-Rapid-Strike, M|100/100
|turn|24
|
|-terastallize|p1a: Baxcalibur|Fairy
|move|p2a: Urshifu|Close Combat|p1a: Baxcalibur
|-resisted|p1a: Baxcalibur
|-damage|p1a: Baxcalibur|39/100
|-unboost|p2a: Urshifu|def|1
|-unboost|p2a: Urshifu|spd|1
|move|p1a: Baxcalibur|Glaive Rush|p2a: Urshifu
|-damage|p2a: Urshifu|0 fnt
|-singlemove|p1a: Baxcalibur|Glaive Rush|[silent]
|faint|p2a: Urshifu
|
|-weather|Snow|[upkeep]
|-heal|p1a: Baxcalibur|45/100|[from] ability: Ice Body
|
|switch|p2a: Meowscarada|Meowscarada, F|100/100
|turn|25
|
|-terastallize|p2a: Meowscarada|Grass
|move|p1a: Baxcalibur|Ice Shard|p2a: Meowscarada
|-supereffective|p2a: Meowscarada
|-damage|p2a: Meowscarada|25/100
|move|p2a: Meowscarada|Flower Trick|p1a: Baxcalibur
|-crit|p1a: Baxcalibur
|-damage|p1a: Baxcalibur|0 fnt
|faint|p1a: Baxcalibur
|
|-weather|Snow|[upkeep]
|
|switch|p1a: Vaporeon|Vaporeon, F|100/100
|-damage|p1a: Vaporeon|88/100|[from] Stealth Rock
|turn|26
|
|move|p2a: Meowscarada|Flower Trick|p1a: Vaporeon
|-supereffective|p1a: Vaporeon
|-crit|p1a: Vaporeon
|-damage|p1a: Vaporeon|0 fnt
|faint|p1a: Vaporeon
|
|win|Kenneli
