|poke|p1|Ursaluna, F|
|poke|p1|Goodra-Hisui, F|
|poke|p1|Garganacl, M|
|poke|p1|Slither Wing|
|poke|p1|Cresselia, F|
|poke|p1|Forretress, F|
|poke|p2|Kleavor, M|
|poke|p2|Goodra-Hisui, M|
|poke|p2|Zamazenta-*|
|poke|p2|Moltres|
|poke|p2|Iron Treads|
|poke|p2|Delphox, M|
|teampreview
|
|start
|switch|p1a: Grub 🐛|Slither Wing|100/100
|switch|p2a: Kleavor|Kleavor, M|100/100
|-enditem|p1a: Grub 🐛|Booster Energy
|-activate|p1a: Grub 🐛|ability: Protosynthesis|[fromitem]
|-start|p1a: Grub 🐛|protosynthesisatk
|turn|1
|
|move|p2a: Kleavor|Stone Axe|p1a: Grub 🐛
|-damage|p1a: Grub 🐛|46/100
|-sidestart|p1: Redribbonrenegade|move: Stealth Rock
|move|p1a: Grub 🐛|Will-O-Wisp|p2a: Kleavor
|-status|p2a: Kleavor|brn
|
|-damage|p2a: Kleavor|94/100 brn|[from] brn
|turn|2
|
|-end|p1a: Grub 🐛|Protosynthesis|[silent]
|switch|p1a: Dragmag 🐚|Goodra-Hisui, F|100/100
|-damage|p1a: Dragmag 🐚|94/100|[from] Stealth Rock
|move|p2a: Kleavor|U-turn|p1a: Dragmag 🐚
|-resisted|p1a: Dragmag 🐚
|-damage|p1a: Dragmag 🐚|86/100
|
|switch|p2a: Moltres|Moltres|100/100|[from] U-turn
|
|-heal|p1a: Dragmag 🐚|92/100|[from] item: Leftovers
|turn|3
|
|move|p2a: Moltres|Will-O-Wisp|p1a: Dragmag 🐚
|-status|p1a: Dragmag 🐚|brn
|move|p1a: Dragmag 🐚|Acid Armor|p1a: Dragmag 🐚
|-boost|p1a: Dragmag 🐚|def|2
|
|-heal|p1a: Dragmag 🐚|99/100 brn|[from] item: Leftovers
|-damage|p1a: Dragmag 🐚|92/100 brn|[from] brn
|turn|4
|
|switch|p2a: Delphox|Delphox, M|100/100
|move|p1a: Dragmag 🐚|Acid Armor|p1a: Dragmag 🐚
|-boost|p1a: Dragmag 🐚|def|2
|
|-heal|p1a: Dragmag 🐚|99/100 brn|[from] item: Leftovers
|-damage|p1a: Dragmag 🐚|92/100 brn|[from] brn
|turn|5
|
|move|p2a: Delphox|Nasty Plot|p2a: Delphox
|-boost|p2a: Delphox|spa|2
|move|p1a: Dragmag 🐚|Body Press|p2a: Delphox
|-resisted|p2a: Delphox
|-damage|p2a: Delphox|76/100
|
|-heal|p1a: Dragmag 🐚|99/100 brn|[from] item: Leftovers
|-damage|p1a: Dragmag 🐚|92/100 brn|[from] brn
|turn|6
|
|move|p2a: Delphox|Nasty Plot|p2a: Delphox
|-boost|p2a: Delphox|spa|2
|move|p1a: Dragmag 🐚|Acid Armor|p1a: Dragmag 🐚
|-boost|p1a: Dragmag 🐚|def|2
|
|-heal|p1a: Dragmag 🐚|99/100 brn|[from] item: Leftovers
|-damage|p1a: Dragmag 🐚|92/100 brn|[from] brn
|turn|7
|
|move|p2a: Delphox|Nasty Plot|p2a: Delphox
|-boost|p2a: Delphox|spa|2
|move|p1a: Dragmag 🐚|Body Press|p2a: Delphox
|-resisted|p2a: Delphox
|-damage|p2a: Delphox|40/100
|
|-heal|p1a: Dragmag 🐚|99/100 brn|[from] item: Leftovers
|-damage|p1a: Dragmag 🐚|92/100 brn|[from] brn
|turn|8
|
|move|p2a: Delphox|Overheat|p1a: Dragmag 🐚
|-damage|p1a: Dragmag 🐚|0 fnt
|-unboost|p2a: Delphox|spa|2
|faint|p1a: Dragmag 🐚
|
|
|switch|p1a: Grub 🐛|Slither Wing|46/100
|-damage|p1a: Grub 🐛|34/100|[from] Stealth Rock
|turn|9
|
|move|p1a: Grub 🐛|First Impression|p2a: Delphox
|-damage|p2a: Delphox|0 fnt
|faint|p2a: Delphox
|
|
|switch|p2a: Goodra|Goodra-Hisui, M|100/100
|turn|10
|
|move|p1a: Grub 🐛|Close Combat|p2a: Goodra
|-supereffective|p2a: Goodra
|-damage|p2a: Goodra|0 fnt
|-unboost|p1a: Grub 🐛|def|1
|-unboost|p1a: Grub 🐛|spd|1
|faint|p2a: Goodra
|
|
|switch|p2a: Zamazenta|Zamazenta-Crowned|100/100
|-ability|p2a: Zamazenta|Dauntless Shield|boost
|-boost|p2a: Zamazenta|def|1
|turn|11
|
|-end|p1a: Grub 🐛|Protosynthesis|[silent]
|switch|p1a: Selina 🌙|Cresselia, F, shiny|100/100
|-damage|p1a: Selina 🌙|88/100|[from] Stealth Rock
|-terastallize|p2a: Zamazenta|Fighting
|move|p2a: Zamazenta|Iron Defense|p2a: Zamazenta
|-boost|p2a: Zamazenta|def|2
|
|turn|12
|
|move|p2a: Zamazenta|Behemoth Bash|p1a: Selina 🌙
|-damage|p1a: Selina 🌙|60/100
|move|p1a: Selina 🌙|Future Sight|p2a: Zamazenta
|-start|p1a: Selina 🌙|move: Future Sight
|
|turn|13
|
|switch|p2a: Kleavor|Kleavor, M|94/100 brn
|move|p1a: Selina 🌙|Trick Room|p1a: Selina 🌙
|-fieldstart|move: Trick Room|[of] p1a: Selina 🌙
|
|-damage|p2a: Kleavor|88/100 brn|[from] brn
|turn|14
|
|move|p1a: Selina 🌙|Lunar Dance|p1a: Selina 🌙
|faint|p1a: Selina 🌙
|move|p2a: Kleavor|X-Scissor|p1: Selina 🌙|[notarget]
|-fail|p2a: Kleavor
|
|-end|p2a: Kleavor|move: Future Sight
|-damage|p2a: Kleavor|33/100 brn
|-damage|p2a: Kleavor|27/100 brn|[from] brn
|
|switch|p1a: Grub 🐛|Slither Wing|34/100
|-heal|p1a: Grub 🐛|100/100|[from] move: Lunar Dance
|-damage|p1a: Grub 🐛|88/100|[from] Stealth Rock
|turn|15
|
|switch|p2a: Moltres|Moltres|100/100
|move|p1a: Grub 🐛|Close Combat|p2a: Moltres
|-resisted|p2a: Moltres
|-crit|p2a: Moltres
|-damage|p2a: Moltres|47/100
|-unboost|p1a: Grub 🐛|def|1
|-unboost|p1a: Grub 🐛|spd|1
|-damage|p1a: Grub 🐛|71/100|[from] item: Rocky Helmet|[of] p2a: Moltres
|-status|p1a: Grub 🐛|brn|[from] ability: Flame Body|[of] p2a: Moltres
|
|-damage|p1a: Grub 🐛|65/100 brn|[from] brn
|turn|16
|
|-end|p1a: Grub 🐛|Protosynthesis|[silent]
|switch|p1a: Kim Joe Un ⛰️|Ursaluna, F, shiny|100/100
|-damage|p1a: Kim Joe Un ⛰️|94/100|[from] Stealth Rock
|move|p2a: Moltres|Flamethrower|p1a: Kim Joe Un ⛰️
|-damage|p1a: Kim Joe Un ⛰️|70/100
|
|-status|p1a: Kim Joe Un ⛰️|brn|[from] item: Flame Orb
|turn|17
|
|switch|p2a: Kleavor|Kleavor, M|27/100 brn
|move|p1a: Kim Joe Un ⛰️|Facade|p2a: Kleavor
|-resisted|p2a: Kleavor
|-damage|p2a: Kleavor|0 fnt
|faint|p2a: Kleavor
|
|-damage|p1a: Kim Joe Un ⛰️|64/100 brn|[from] brn
|-fieldend|move: Trick Room
|
|switch|p2a: Zamazenta|Zamazenta-Crowned, tera:Fighting|100/100
|turn|18
|
|-terastallize|p1a: Kim Joe Un ⛰️|Fairy
|move|p2a: Zamazenta|Iron Defense|p2a: Zamazenta
|-boost|p2a: Zamazenta|def|2
|move|p1a: Kim Joe Un ⛰️|Play Rough|p2a: Zamazenta
|-supereffective|p2a: Zamazenta
|-damage|p2a: Zamazenta|63/100
|
|-damage|p1a: Kim Joe Un ⛰️|58/100 brn|[from] brn
|turn|19
|
|move|p2a: Zamazenta|Iron Defense|p2a: Zamazenta
|-boost|p2a: Zamazenta|def|2
|move|p1a: Kim Joe Un ⛰️|Play Rough|p2a: Zamazenta
|-supereffective|p2a: Zamazenta
|-damage|p2a: Zamazenta|36/100
|
|-damage|p1a: Kim Joe Un ⛰️|52/100 brn|[from] brn
|turn|20
|
|move|p2a: Zamazenta|Trailblaze|p1a: Kim Joe Un ⛰️
|-damage|p1a: Kim Joe Un ⛰️|38/100 brn
|-boost|p2a: Zamazenta|spe|1
|move|p1a: Kim Joe Un ⛰️|Play Rough|p2a: Zamazenta|[miss]
|-miss|p1a: Kim Joe Un ⛰️|p2a: Zamazenta
|
|-damage|p1a: Kim Joe Un ⛰️|32/100 brn|[from] brn
|turn|21
|
|move|p2a: Zamazenta|Body Press|p1a: Kim Joe Un ⛰️
|-resisted|p1a: Kim Joe Un ⛰️
|-damage|p1a: Kim Joe Un ⛰️|0 fnt
|faint|p1a: Kim Joe Un ⛰️
|
|
|switch|p1a: Grub 🐛|Slither Wing|65/100 brn
|-damage|p1a: Grub 🐛|53/100 brn|[from] Stealth Rock
|turn|22
|
|move|p2a: Zamazenta|Iron Defense|p2a: Zamazenta
|-boost|p2a: Zamazenta|def|2
|move|p1a: Grub 🐛|Will-O-Wisp|p2a: Zamazenta
|-status|p2a: Zamazenta|brn
|
|-damage|p2a: Zamazenta|30/100 brn|[from] brn
|-damage|p1a: Grub 🐛|47/100 brn|[from] brn
|turn|23
|
|move|p2a: Zamazenta|Body Press|p1a: Grub 🐛
|-resisted|p1a: Grub 🐛
|-damage|p1a: Grub 🐛|0 fnt
|faint|p1a: Grub 🐛
|-end|p1a: Grub 🐛|Protosynthesis|[silent]
|
|-damage|p2a: Zamazenta|24/100 brn|[from] brn
|
|switch|p1a: Forretress|Forretress, F|100/100
|-damage|p1a: Forretress|88/100|[from] Stealth Rock
|turn|24
|
|move|p2a: Zamazenta|Body Press|p1a: Forretress
|-damage|p1a: Forretress|34/100
|move|p1a: Forretress|Reflect|p1a: Forretress
|-sidestart|p1: Redribbonrenegade|Reflect
|
|-damage|p2a: Zamazenta|18/100 brn|[from] brn
|turn|25
|
|move|p2a: Zamazenta|Body Press|p1a: Forretress
|-damage|p1a: Forretress|8/100
|move|p1a: Forretress|Stealth Rock|p2a: Zamazenta
|-sidestart|p2: Duckduckdu|move: Stealth Rock
|
|-damage|p2a: Zamazenta|11/100 brn|[from] brn
|turn|26
|
|move|p2a: Zamazenta|Body Press|p1a: Forretress
|-damage|p1a: Forretress|0 fnt
|faint|p1a: Forretress
|
|-damage|p2a: Zamazenta|5/100 brn|[from] brn
|
|switch|p1a: Wojbomb 📠|Garganacl, M|100/100
|-damage|p1a: Wojbomb 📠|88/100|[from] Stealth Rock
|turn|27
|
|move|p2a: Zamazenta|Body Press|p1a: Wojbomb 📠
|-supereffective|p1a: Wojbomb 📠
|-damage|p1a: Wojbomb 📠|23/100
|move|p1a: Wojbomb 📠|Curse|p1a: Wojbomb 📠
|-unboost|p1a: Wojbomb 📠|spe|1
|-boost|p1a: Wojbomb 📠|atk|1
|-boost|p1a: Wojbomb 📠|def|1
|
|-heal|p1a: Wojbomb 📠|29/100|[from] item: Leftovers
|-damage|p2a: Zamazenta|0 fnt|[from] brn
|faint|p2a: Zamazenta
|
|switch|p2a: Iron Treads|Iron Treads|100/100
|-damage|p2a: Iron Treads|97/100|[from] Stealth Rock
|-enditem|p2a: Iron Treads|Booster Energy
|-activate|p2a: Iron Treads|ability: Quark Drive|[fromitem]
|-start|p2a: Iron Treads|quarkdrivespe
|turn|28
|
|move|p2a: Iron Treads|Iron Head|p1a: Wojbomb 📠
|-supereffective|p1a: Wojbomb 📠
|-damage|p1a: Wojbomb 📠|14/100
|move|p1a: Wojbomb 📠|Recover|p1a: Wojbomb 📠
|-heal|p1a: Wojbomb 📠|64/100
|
|-heal|p1a: Wojbomb 📠|70/100|[from] item: Leftovers
|turn|29
|
|move|p2a: Iron Treads|Rapid Spin|p1a: Wojbomb 📠
|-resisted|p1a: Wojbomb 📠
|-damage|p1a: Wojbomb 📠|68/100
|-boost|p2a: Iron Treads|spe|1
|-sideend|p2: Duckduckdu|Stealth Rock|[from] move: Rapid Spin|[of] p2a: Iron Treads
|move|p1a: Wojbomb 📠|Curse|p1a: Wojbomb 📠
|-unboost|p1a: Wojbomb 📠|spe|1
|-boost|p1a: Wojbomb 📠|atk|1
|-boost|p1a: Wojbomb 📠|def|1
|
|-heal|p1a: Wojbomb 📠|75/100|[from] item: Leftovers
|turn|30
|
|-end|p2a: Iron Treads|Quark Drive|[silent]
|switch|p2a: Moltres|Moltres|47/100
|move|p1a: Wojbomb 📠|Salt Cure|p2a: Moltres
|-supereffective|p2a: Moltres
|-damage|p2a: Moltres|0 fnt
|faint|p2a: Moltres
|
|-heal|p1a: Wojbomb 📠|81/100|[from] item: Leftovers
|
|switch|p2a: Iron Treads|Iron Treads|97/100
|turn|31
|-message|Duckduckdu forfeited.
|
|win|Redribbonrenegade
