|poke|p1|Landorus-Therian, M|
|poke|p1|Magearna|
|poke|p1|Chien-Pao|
|poke|p1|Rotom-Wash|
|poke|p1|Cinderace, F|
|poke|p1|Great Tusk|
|poke|p2|Pelipper, F|
|poke|p2|Floatzel, M|
|poke|p2|Azumarill, F|
|poke|p2|Golduck, F|
|poke|p2|Pawmot, M|
|poke|p2|Toedscruel, F|
|teampreview
|
|start
|switch|p1a: Magearna|Magearna|100/100
|switch|p2a: Ghoti carrier|Pelipper, F|100/100
|-weather|RainDance|[from] ability: Drizzle|[of] p2a: Ghoti carrier
|turn|1
|
|switch|p2a: Spaghetti Memory|Toedscruel, F|100/100
|move|p1a: Magearna|Ice Beam|p2a: Spaghetti Memory
|-supereffective|p2a: Spaghetti Memory
|-damage|p2a: Spaghetti Memory|39/100
|
|-weather|RainDance|[upkeep]
|turn|2
|
|switch|p2a: BandedSkewda|Floatzel, M|100/100
|move|p1a: Magearna|Ice Beam|p2a: BandedSkewda
|-resisted|p2a: BandedSkewda
|-damage|p2a: BandedSkewda|79/100
|
|-weather|RainDance|[upkeep]
|turn|3
|
|-terastallize|p1a: Magearna|Water
|move|p2a: BandedSkewda|Liquidation|p1a: Magearna
|-resisted|p1a: Magearna
|-damage|p1a: Magearna|71/100
|move|p1a: Magearna|Volt Switch|p2a: BandedSkewda
|-supereffective|p2a: BandedSkewda
|-damage|p2a: BandedSkewda|7/100
|
|switch|p1a: Chien-Pao|Chien-Pao|100/100|[from] Volt Switch
|-ability|p1a: Chien-Pao|Sword of Ruin
|
|-weather|RainDance|[upkeep]
|turn|4
|
|switch|p1a: Rotom|Rotom-Wash|100/100
|move|p2a: BandedSkewda|Liquidation|p1a: Rotom
|-resisted|p1a: Rotom
|-damage|p1a: Rotom|52/100
|
|-weather|RainDance|[upkeep]
|-heal|p1a: Rotom|58/100|[from] item: Leftovers
|turn|5
|
|switch|p1a: Great Tusk|Great Tusk|100/100
|move|p2a: BandedSkewda|Liquidation|p1a: Great Tusk
|-supereffective|p1a: Great Tusk
|-damage|p1a: Great Tusk|16/100
|-damage|p2a: BandedSkewda|0 fnt|[from] item: Rocky Helmet|[of] p1a: Great Tusk
|faint|p2a: BandedSkewda
|
|-weather|RainDance|[upkeep]
|
|switch|p2a: Seaking Duck|Golduck, F|100/100
|turn|6
|
|move|p2a: Seaking Duck|Surf|p1a: Great Tusk
|-supereffective|p1a: Great Tusk
|-damage|p1a: Great Tusk|0 fnt
|faint|p1a: Great Tusk
|-end|p1a: Great Tusk|Protosynthesis|[silent]
|-damage|p2a: Seaking Duck|91/100|[from] item: Life Orb
|
|-weather|RainDance|[upkeep]
|
|switch|p1a: Rotom|Rotom-Wash|58/100
|turn|7
|
|move|p2a: Seaking Duck|Surf|p1a: Rotom
|-resisted|p1a: Rotom
|-damage|p1a: Rotom|28/100
|-damage|p2a: Seaking Duck|81/100|[from] item: Life Orb
|move|p1a: Rotom|Volt Switch|p2a: Seaking Duck
|-supereffective|p2a: Seaking Duck
|-damage|p2a: Seaking Duck|7/100
|
|switch|p1a: Cinderace|Cinderace, F|100/100|[from] Volt Switch
|
|-weather|RainDance|[upkeep]
|turn|8
|
|switch|p2a: The Goat|Azumarill, F|100/100
|move|p1a: Cinderace|Sucker Punch||[still]
|-fail|p1a: Cinderace
|
|-weather|none
|turn|9
|
|move|p1a: Cinderace|U-turn|p2a: The Goat
|-start|p1a: Cinderace|typechange|Bug|[from] ability: Libero
|-resisted|p2a: The Goat
|-damage|p2a: The Goat|85/100
|
|switch|p1a: Magearna|Magearna, tera:Water|71/100|[from] U-turn
|move|p2a: The Goat|Belly Drum|p2a: The Goat
|-damage|p2a: The Goat|35/100
|-setboost|p2a: The Goat|atk|6|[from] move: Belly Drum
|-enditem|p2a: The Goat|Sitrus Berry|[eat]
|-heal|p2a: The Goat|60/100|[from] item: Sitrus Berry
|
|-heal|p1a: Magearna|77/100|[from] item: Leftovers
|turn|10
|
|move|p2a: The Goat|Aqua Jet|p1a: Magearna
|-resisted|p1a: Magearna
|-damage|p1a: Magearna|47/100
|move|p1a: Magearna|Volt Switch|p2a: The Goat
|-supereffective|p2a: The Goat
|-damage|p2a: The Goat|21/100
|
|switch|p1a: Cinderace|Cinderace, F|100/100|[from] Volt Switch
|
|turn|11
|
|move|p1a: Cinderace|Sucker Punch|p2a: The Goat
|-start|p1a: Cinderace|typechange|Dark|[from] ability: Libero
|-resisted|p2a: The Goat
|-damage|p2a: The Goat|3/100
|move|p2a: The Goat|Aqua Jet|p1a: Cinderace
|-damage|p1a: Cinderace|0 fnt
|faint|p1a: Cinderace
|
|
|switch|p1a: Chien-Pao|Chien-Pao|100/100
|-ability|p1a: Chien-Pao|Sword of Ruin
|turn|12
|
|move|p1a: Chien-Pao|Ice Shard|p2a: The Goat
|-resisted|p2a: The Goat
|-damage|p2a: The Goat|0 fnt
|faint|p2a: The Goat
|
|
|switch|p2a: Really want eject|Pawmot, M|100/100
|turn|13
|
|move|p1a: Chien-Pao|Ice Shard|p2a: Really want eject
|-damage|p2a: Really want eject|51/100
|move|p2a: Really want eject|Revival Blessing|p2a: Really want eject
|-enditem|p2a: Really want eject|Leppa Berry|[eat]
|-activate|p2a: Really want eject|item: Leppa Berry|Revival Blessing|[consumed]
|
|-heal|p2: BandedSkewda|50/100|[from] move: Revival Blessing
|
|turn|14
|
|move|p1a: Chien-Pao|Ice Shard|p2a: Really want eject
|-damage|p2a: Really want eject|2/100
|move|p2a: Really want eject|Close Combat|p1a: Chien-Pao
|-supereffective|p1a: Chien-Pao
|-damage|p1a: Chien-Pao|0 fnt
|-unboost|p2a: Really want eject|def|1
|-unboost|p2a: Really want eject|spd|1
|faint|p1a: Chien-Pao
|
|
|switch|p1a: Landorus|Landorus-Therian, M|100/100
|-ability|p1a: Landorus|Intimidate|boost
|-unboost|p2a: Really want eject|atk|1
|turn|15
|
|move|p1a: Landorus|U-turn|p2a: Really want eject
|-resisted|p2a: Really want eject
|-damage|p2a: Really want eject|0 fnt
|faint|p2a: Really want eject
|
|switch|p1a: Magearna|Magearna, tera:Water|47/100|[from] U-turn
|
|-heal|p1a: Magearna|53/100|[from] item: Leftovers
|
|switch|p2a: Spaghetti Memory|Toedscruel, F|39/100
|turn|16
|
|switch|p1a: Landorus|Landorus-Therian, M|100/100
|-ability|p1a: Landorus|Intimidate|boost
|-unboost|p2a: Spaghetti Memory|atk|1
|move|p2a: Spaghetti Memory|Knock Off|p1a: Landorus
|-crit|p1a: Landorus
|-damage|p1a: Landorus|72/100
|-enditem|p1a: Landorus|Choice Scarf|[from] move: Knock Off|[of] p2a: Spaghetti Memory
|
|turn|17
|
|switch|p2a: Ghoti carrier|Pelipper, F|100/100
|-weather|RainDance|[from] ability: Drizzle|[of] p2a: Ghoti carrier
|move|p1a: Landorus|U-turn|p2a: Ghoti carrier
|-resisted|p2a: Ghoti carrier
|-damage|p2a: Ghoti carrier|86/100
|
|switch|p1a: Magearna|Magearna, tera:Water|53/100|[from] U-turn
|
|-weather|RainDance|[upkeep]
|-heal|p1a: Magearna|59/100|[from] item: Leftovers
|turn|18
|
|move|p1a: Magearna|Spikes|p2a: Ghoti carrier
|-sidestart|p2: OUDJ UU to Suspect|Spikes
|move|p2a: Ghoti carrier|U-turn|p1a: Magearna
|-damage|p1a: Magearna|53/100
|
|switch|p2a: Spaghetti Memory|Toedscruel, F|39/100|[from] U-turn
|-damage|p2a: Spaghetti Memory|27/100|[from] Spikes
|
|-weather|RainDance|[upkeep]
|-heal|p1a: Magearna|59/100|[from] item: Leftovers
|turn|19
|
|move|p2a: Spaghetti Memory|Rapid Spin|p1a: Magearna
|-damage|p1a: Magearna|54/100
|-boost|p2a: Spaghetti Memory|spe|1
|-sideend|p2: OUDJ UU to Suspect|Spikes|[from] move: Rapid Spin|[of] p2a: Spaghetti Memory
|move|p1a: Magearna|Ice Beam|p2a: Spaghetti Memory
|-supereffective|p2a: Spaghetti Memory
|-damage|p2a: Spaghetti Memory|0 fnt
|faint|p2a: Spaghetti Memory
|-ability|p1a: Magearna|Soul-Heart|boost
|-boost|p1a: Magearna|spa|1
|
|-weather|RainDance|[upkeep]
|-heal|p1a: Magearna|60/100|[from] item: Leftovers
|
|switch|p2a: Seaking Duck|Golduck, F|7/100
|turn|20
|
|switch|p1a: Rotom|Rotom-Wash|28/100
|move|p2a: Seaking Duck|Surf|p1a: Rotom
|-resisted|p1a: Rotom
|-damage|p1a: Rotom|0 fnt
|faint|p1a: Rotom
|-damage|p2a: Seaking Duck|0 fnt|[from] item: Life Orb
|faint|p2a: Seaking Duck
|
|-weather|RainDance|[upkeep]
|
|switch|p2a: BandedSkewda|Floatzel, M|50/100
|switch|p1a: Landorus|Landorus-Therian, M|72/100
|-ability|p1a: Landorus|Intimidate|boost
|-unboost|p2a: BandedSkewda|atk|1
|turn|21
|
|move|p2a: BandedSkewda|Liquidation|p1a: Landorus
|-supereffective|p1a: Landorus
|-damage|p1a: Landorus|0 fnt
|faint|p1a: Landorus
|
|-weather|RainDance|[upkeep]
|
|switch|p1a: Magearna|Magearna, tera:Water|60/100
|turn|22
|
|switch|p2a: Ghoti carrier|Pelipper, F|86/100
|move|p1a: Magearna|Volt Switch|p2a: Ghoti carrier
|-supereffective|p2a: Ghoti carrier
|-damage|p2a: Ghoti carrier|8/100
|
|-weather|RainDance|[upkeep]
|-heal|p1a: Magearna|66/100|[from] item: Leftovers
|turn|23
|
|move|p1a: Magearna|Draining Kiss|p2a: Ghoti carrier
|-damage|p2a: Ghoti carrier|0 fnt
|-heal|p1a: Magearna|71/100|[from] drain|[of] p2a: Ghoti carrier
|faint|p2a: Ghoti carrier
|-ability|p1a: Magearna|Soul-Heart|boost
|-boost|p1a: Magearna|spa|1
|
|-weather|RainDance|[upkeep]
|-heal|p1a: Magearna|77/100|[from] item: Leftovers
|
|switch|p2a: BandedSkewda|Floatzel, M|50/100
|turn|24
|
|-terastallize|p2a: BandedSkewda|Water
|move|p2a: BandedSkewda|Wave Crash|p1a: Magearna
|-resisted|p1a: Magearna
|-damage|p1a: Magearna|21/100
|-damage|p2a: BandedSkewda|31/100|[from] Recoil
|move|p1a: Magearna|Volt Switch|p2a: BandedSkewda
|-supereffective|p2a: BandedSkewda
|-damage|p2a: BandedSkewda|0 fnt
|faint|p2a: BandedSkewda
|
|win|AgencyIsOwn
|player|p1|AgencyIsOwn|zinnia
