|poke|p1|Magearna|
|poke|p1|Cresselia, F|
|poke|p1|Ursaluna, F|
|poke|p1|Kingambit, M|
|poke|p1|Slowking-Galar, F|
|poke|p1|Volcanion|
|poke|p2|Garchomp, M|
|poke|p2|Gholdengo|
|poke|p2|Meowscarada, F|
|poke|p2|Walking Wake|
|poke|p2|Iron Treads|
|poke|p2|Garganacl, F|
|teampreview
|
|start
|switch|p1a: Magearna|Magearna|100/100
|switch|p2a: Meowscarada|Meowscarada, F|100/100
|turn|1
|
|move|p2a: Meowscarada|U-turn|p1a: Magearna
|-start|p2a: Meowscarada|typechange|Bug|[from] ability: Protean
|-resisted|p1a: Magearna
|-damage|p1a: Magearna|90/100
|
|switch|p2a: Gholdengo|Gholdengo|100/100|[from] U-turn
|move|p1a: Magearna|Trick Room|p1a: Magearna
|-fieldstart|move: Trick Room|[of] p1a: Magearna
|
|turn|2
|
|move|p1a: Magearna|Thunderbolt|p2a: Gholdengo
|-damage|p2a: Gholdengo|69/100
|move|p2a: Gholdengo|Hex|p1a: Magearna
|-crit|p1a: Magearna
|-damage|p1a: Magearna|56/100
|
|-heal|p2a: Gholdengo|75/100|[from] item: Leftovers
|turn|3
|
|move|p1a: Magearna|Thunderbolt|p2a: Gholdengo
|-damage|p2a: Gholdengo|39/100
|move|p2a: Gholdengo|Thunder Wave|p1a: Magearna
|-status|p1a: Magearna|par
|
|-heal|p2a: Gholdengo|45/100|[from] item: Leftovers
|turn|4
|
|move|p1a: Magearna|Thunderbolt|p2a: Gholdengo
|-damage|p2a: Gholdengo|9/100
|move|p2a: Gholdengo|Recover|p2a: Gholdengo
|-heal|p2a: Gholdengo|59/100
|
|-heal|p2a: Gholdengo|65/100|[from] item: Leftovers
|turn|5
|
|move|p1a: Magearna|Thunderbolt|p2a: Gholdengo
|-damage|p2a: Gholdengo|29/100
|move|p2a: Gholdengo|Recover|p2a: Gholdengo
|-heal|p2a: Gholdengo|79/100
|
|-heal|p2a: Gholdengo|85/100|[from] item: Leftovers
|-fieldend|move: Trick Room
|turn|6
|
|move|p2a: Gholdengo|Hex|p1a: Magearna
|-damage|p1a: Magearna|10/100 par
|move|p1a: Magearna|Trick Room|p1a: Magearna
|-fieldstart|move: Trick Room|[of] p1a: Magearna
|
|-heal|p2a: Gholdengo|92/100|[from] item: Leftovers
|turn|7
|
|cant|p1a: Magearna|par
|move|p2a: Gholdengo|Hex|p1a: Magearna
|-damage|p1a: Magearna|0 fnt
|faint|p1a: Magearna
|
|-heal|p2a: Gholdengo|98/100|[from] item: Leftovers
|
|switch|p1a: Kingambit|Kingambit, M|100/100
|-activate|p1a: Kingambit|ability: Supreme Overlord
|-start|p1a: Kingambit|fallen1|[silent]
|turn|8
|
|switch|p2a: Garchomp|Garchomp, M|100/100
|move|p1a: Kingambit|Swords Dance|p1a: Kingambit
|-boost|p1a: Kingambit|atk|2
|
|turn|9
|
|move|p1a: Kingambit|Kowtow Cleave|p2a: Garchomp
|-damage|p2a: Garchomp|15/100
|-damage|p1a: Kingambit|88/100|[from] ability: Rough Skin|[of] p2a: Garchomp
|-damage|p1a: Kingambit|72/100|[from] item: Rocky Helmet|[of] p2a: Garchomp
|move|p2a: Garchomp|Earthquake|p1a: Kingambit
|-supereffective|p1a: Kingambit
|-damage|p1a: Kingambit|10/100
|
|-heal|p1a: Kingambit|16/100|[from] item: Leftovers
|turn|10
|
|move|p1a: Kingambit|Kowtow Cleave|p2a: Garchomp
|-damage|p2a: Garchomp|0 fnt
|-damage|p1a: Kingambit|3/100|[from] ability: Rough Skin|[of] p2a: Garchomp
|-damage|p1a: Kingambit|0 fnt|[from] item: Rocky Helmet|[of] p2a: Garchomp
|faint|p2a: Garchomp
|faint|p1a: Kingambit
|-end|p1a: Kingambit|fallen1|[silent]
|
|-fieldend|move: Trick Room
|
|switch|p2a: Meowscarada|Meowscarada, F|100/100
|switch|p1a: Slowking|Slowking-Galar, F|100/100
|turn|11
|
|move|p2a: Meowscarada|Knock Off|p1a: Slowking
|-start|p2a: Meowscarada|typechange|Dark|[from] ability: Protean
|-supereffective|p1a: Slowking
|-damage|p1a: Slowking|3/100
|-enditem|p1a: Slowking|Shuca Berry|[from] move: Knock Off|[of] p2a: Meowscarada
|move|p1a: Slowking|Trick Room|p1a: Slowking
|-fieldstart|move: Trick Room|[of] p1a: Slowking
|
|turn|12
|
|switch|p2a: Gholdengo|Gholdengo|98/100
|move|p1a: Slowking|Chilly Reception|p1a: Slowking
|-weather|Snow
|
|switch|p1a: Ursaluna|Ursaluna, F|100/100|[from] Chilly Reception
|
|-weather|Snow|[upkeep]
|-heal|p2a: Gholdengo|100/100|[from] item: Leftovers
|-status|p1a: Ursaluna|brn|[from] item: Flame Orb
|turn|13
|
|-terastallize|p2a: Gholdengo|Flying
|move|p1a: Ursaluna|Fire Punch|p2a: Gholdengo
|-damage|p2a: Gholdengo|71/100
|move|p2a: Gholdengo|Hex|p1a: Ursaluna
|-immune|p1a: Ursaluna
|
|-weather|Snow|[upkeep]
|-heal|p2a: Gholdengo|77/100|[from] item: Leftovers
|-damage|p1a: Ursaluna|94/100 brn|[from] brn
|turn|14
|
|switch|p2a: Iron Treads|Iron Treads|100/100
|-enditem|p2a: Iron Treads|Booster Energy
|-activate|p2a: Iron Treads|ability: Quark Drive|[fromitem]
|-start|p2a: Iron Treads|quarkdrivespe
|move|p1a: Ursaluna|Facade|p2a: Iron Treads
|-resisted|p2a: Iron Treads
|-damage|p2a: Iron Treads|47/100
|
|-weather|Snow|[upkeep]
|-damage|p1a: Ursaluna|88/100 brn|[from] brn
|turn|15
|
|-end|p2a: Iron Treads|Quark Drive|[silent]
|switch|p2a: Gholdengo|Gholdengo, tera:Flying|77/100
|move|p1a: Ursaluna|Facade|p2a: Gholdengo
|-damage|p2a: Gholdengo|0 fnt
|faint|p2a: Gholdengo
|
|-weather|Snow|[upkeep]
|-damage|p1a: Ursaluna|82/100 brn|[from] brn
|-fieldend|move: Trick Room
|
|switch|p2a: Iron Treads|Iron Treads|47/100
|turn|16
|
|switch|p1a: Cresselia|Cresselia, F|100/100
|move|p2a: Iron Treads|Earthquake|p1a: Cresselia
|-immune|p1a: Cresselia|[from] ability: Levitate
|
|-weather|none
|turn|17
|
|move|p2a: Iron Treads|Knock Off|p1a: Cresselia
|-supereffective|p1a: Cresselia
|-damage|p1a: Cresselia|63/100
|-enditem|p1a: Cresselia|Mental Herb|[from] move: Knock Off|[of] p2a: Iron Treads
|move|p1a: Cresselia|Trick Room|p1a: Cresselia
|-fieldstart|move: Trick Room|[of] p1a: Cresselia
|
|turn|18
|
|switch|p1a: Slowking|Slowking-Galar, F|36/100
|move|p2a: Iron Treads|Knock Off|p1a: Slowking
|-supereffective|p1a: Slowking
|-damage|p1a: Slowking|6/100
|
|turn|19
|
|-end|p2a: Iron Treads|Quark Drive|[silent]
|switch|p2a: Garganacl|Garganacl, F|100/100
|move|p1a: Slowking|Flamethrower|p2a: Garganacl
|-resisted|p2a: Garganacl
|-damage|p2a: Garganacl|91/100
|
|-heal|p2a: Garganacl|98/100|[from] item: Leftovers
|turn|20
|
|move|p1a: Slowking|Psychic|p2a: Garganacl
|-damage|p2a: Garganacl|68/100
|move|p2a: Garganacl|Salt Cure|p1a: Slowking
|-damage|p1a: Slowking|0 fnt
|faint|p1a: Slowking
|
|-heal|p2a: Garganacl|75/100|[from] item: Leftovers
|
|switch|p1a: Ursaluna|Ursaluna, F|82/100 brn
|turn|21
|
|move|p1a: Ursaluna|Swords Dance|p1a: Ursaluna
|-boost|p1a: Ursaluna|atk|2
|move|p2a: Garganacl|Salt Cure|p1a: Ursaluna
|-resisted|p1a: Ursaluna
|-damage|p1a: Ursaluna|77/100 brn
|-start|p1a: Ursaluna|Salt Cure
|
|-heal|p2a: Garganacl|81/100|[from] item: Leftovers
|-damage|p1a: Ursaluna|70/100 brn|[from] brn
|-damage|p1a: Ursaluna|58/100 brn|[from] Salt Cure
|-fieldend|move: Trick Room
|turn|22
|
|move|p2a: Garganacl|Salt Cure|p1a: Ursaluna
|-resisted|p1a: Ursaluna
|-damage|p1a: Ursaluna|53/100 brn
|move|p1a: Ursaluna|Headlong Rush|p2a: Garganacl
|-supereffective|p2a: Garganacl
|-damage|p2a: Garganacl|0 fnt
|-unboost|p1a: Ursaluna|def|1
|-unboost|p1a: Ursaluna|spd|1
|faint|p2a: Garganacl
|
|-damage|p1a: Ursaluna|47/100 brn|[from] brn
|-damage|p1a: Ursaluna|35/100 brn|[from] Salt Cure
|
|switch|p2a: Meowscarada|Meowscarada, F|100/100
|turn|23
|
|switch|p1a: Volcanion|Volcanion|100/100
|move|p2a: Meowscarada|Flower Trick|p1a: Volcanion
|-start|p2a: Meowscarada|typechange|Grass|[from] ability: Protean
|-crit|p1a: Volcanion
|-damage|p1a: Volcanion|42/100
|
|turn|24
|
|move|p2a: Meowscarada|Flower Trick|p1a: Volcanion
|-crit|p1a: Volcanion
|-damage|p1a: Volcanion|0 fnt
|faint|p1a: Volcanion
|
|
|switch|p1a: Cresselia|Cresselia, F|63/100
|turn|25
|
|move|p2a: Meowscarada|Flower Trick|p1a: Cresselia
|-crit|p1a: Cresselia
|-damage|p1a: Cresselia|23/100
|move|p1a: Cresselia|Trick Room|p1a: Cresselia
|-fieldstart|move: Trick Room|[of] p1a: Cresselia
|
|turn|26
|
|move|p1a: Cresselia|Lunar Dance|p1a: Cresselia
|faint|p1a: Cresselia
|move|p2a: Meowscarada|Flower Trick|p1: Cresselia|[notarget]
|-fail|p2a: Meowscarada
|
|
|switch|p1a: Ursaluna|Ursaluna, F|35/100 brn
|-heal|p1a: Ursaluna|100/100|[from] move: Lunar Dance
|turn|27
|
|switch|p2a: Iron Treads|Iron Treads|47/100
|-terastallize|p1a: Ursaluna|Normal
|move|p1a: Ursaluna|Fire Punch|p2a: Iron Treads
|-supereffective|p2a: Iron Treads
|-damage|p2a: Iron Treads|0 fnt
|faint|p2a: Iron Treads
|-end|p2a: Iron Treads|Quark Drive|[silent]
|
|-status|p1a: Ursaluna|brn|[from] item: Flame Orb
|
|switch|p2a: Meowscarada|Meowscarada, F|100/100
|turn|28
|
|move|p2a: Meowscarada|Sucker Punch|p1a: Ursaluna
|-start|p2a: Meowscarada|typechange|Dark|[from] ability: Protean
|-damage|p1a: Ursaluna|67/100 brn
|move|p1a: Ursaluna|Facade|p2a: Meowscarada
|-damage|p2a: Meowscarada|0 fnt
|faint|p2a: Meowscarada
|
|-damage|p1a: Ursaluna|61/100 brn|[from] brn
|
|switch|p2a: Walking Wake|Walking Wake|100/100
|turn|29
|
|move|p1a: Ursaluna|Facade|p2a: Walking Wake
|-damage|p2a: Walking Wake|0 fnt
|faint|p2a: Walking Wake
|-end|p2a: Walking Wake|Protosynthesis|[silent]
|
|win|p1
