|poke|p1|Arcanine-Hisui, M|
|poke|p1|Amoonguss, F|
|poke|p1|Samurott-Hisui, M|
|poke|p1|Great Tusk|
|poke|p1|Kleavor, F|
|poke|p1|Skeledirge, M|
|poke|p2|Hoopa-Unbound|
|poke|p2|Lucario, M|
|poke|p2|Spiritomb, F|
|poke|p2|Gastrodon-East, M|
|poke|p2|Ceruledge, F|
|poke|p2|Garchomp, F|
|teampreview
|
|start
|switch|p1a: Kleavor|Kleavor, F|100/100
|switch|p2a: Garchomp|Garchomp, F|100/100
|turn|1
|
|move|p2a: Garchomp|Brick Break|p1a: Kleavor
|-damage|p1a: Kleavor|70/100
|move|p1a: Kleavor|Stone Axe|p2a: Garchomp
|-resisted|p2a: Garchomp
|-damage|p2a: Garchomp|75/100
|-sidestart|p2: p2|move: Stealth Rock
|-damage|p1a: Kleavor|57/100|[from] ability: Rough Skin|[of] p2a: Garchomp
|-damage|p1a: Kleavor|41/100|[from] item: Rocky Helmet|[of] p2a: Garchomp
|
|turn|2
|
|move|p2a: Garchomp|Earthquake|p1a: Kleavor
|-damage|p1a: Kleavor|0 fnt
|faint|p1a: Kleavor
|
|
|switch|p1a: Amoonguss|Amoonguss, F|100/100
|turn|3
|
|switch|p2a: Ceruledge|Ceruledge, F, shiny|100/100
|-damage|p2a: Ceruledge|76/100|[from] Stealth Rock
|move|p1a: Amoonguss|Spore|p2a: Ceruledge
|-status|p2a: Ceruledge|slp|[from] move: Spore
|
|turn|4
|
|switch|p1a: Samurott|Samurott-Hisui, M|100/100
|cant|p2a: Ceruledge|slp
|
|turn|5
|
|switch|p2a: Spiritomb|Spiritomb, F, shiny|100/100
|-damage|p2a: Spiritomb|88/100|[from] Stealth Rock
|move|p1a: Samurott|Ceaseless Edge|p2a: Spiritomb
|-damage|p2a: Spiritomb|48/100
|-sidestart|p2: p2|Spikes
|
|-status|p2a: Spiritomb|brn|[from] item: Flame Orb
|turn|6
|
|move|p1a: Samurott|Ceaseless Edge|p2a: Spiritomb|[miss]
|-miss|p1a: Samurott|p2a: Spiritomb
|move|p2a: Spiritomb|Will-O-Wisp|p1a: Samurott
|-status|p1a: Samurott|brn
|
|-damage|p1a: Samurott|94/100 brn|[from] brn
|-damage|p2a: Spiritomb|42/100 brn|[from] brn
|turn|7
|
|move|p1a: Samurott|Ceaseless Edge|p2a: Spiritomb
|-damage|p2a: Spiritomb|21/100 brn
|-sidestart|p2: p2|Spikes
|move|p2a: Spiritomb|Hex|p1a: Samurott
|-resisted|p1a: Samurott
|-damage|p1a: Samurott|56/100 brn
|
|-damage|p1a: Samurott|49/100 brn|[from] brn
|-damage|p2a: Spiritomb|14/100 brn|[from] brn
|turn|8
|
|move|p1a: Samurott|Ceaseless Edge|p2a: Spiritomb
|-damage|p2a: Spiritomb|0 fnt
|-sidestart|p2: p2|Spikes
|faint|p2a: Spiritomb
|
|-damage|p1a: Samurott|43/100 brn|[from] brn
|
|switch|p2a: Lucario|Lucario, M|100/100
|-damage|p2a: Lucario|98/100|[from] Stealth Rock
|-damage|p2a: Lucario|73/100|[from] Spikes
|turn|9
|
|move|p2a: Lucario|Extreme Speed|p1a: Samurott
|-damage|p1a: Samurott|9/100 brn
|move|p1a: Samurott|Aqua Cutter|p2a: Lucario
|-damage|p2a: Lucario|37/100
|
|-damage|p1a: Samurott|2/100 brn|[from] brn
|turn|10
|
|move|p2a: Lucario|Extreme Speed|p1a: Samurott
|-damage|p1a: Samurott|0 fnt
|faint|p1a: Samurott
|
|
|switch|p1a: Skeledirge|Skeledirge, M|100/100
|turn|11
|
|move|p2a: Lucario|Earthquake|p1a: Skeledirge
|-supereffective|p1a: Skeledirge
|-damage|p1a: Skeledirge|41/100
|move|p1a: Skeledirge|Flame Charge|p2a: Lucario
|-supereffective|p2a: Lucario
|-damage|p2a: Lucario|0 fnt
|-boost|p1a: Skeledirge|spe|1
|faint|p2a: Lucario
|
|
|switch|p2a: Ceruledge|Ceruledge, F, shiny|76/100 slp
|-damage|p2a: Ceruledge|51/100 slp|[from] Stealth Rock
|-damage|p2a: Ceruledge|26/100 slp|[from] Spikes
|turn|12
|
|cant|p2a: Ceruledge|slp
|move|p1a: Skeledirge|Slack Off|p1a: Skeledirge
|-heal|p1a: Skeledirge|91/100
|
|turn|13
|
|-curestatus|p2a: Ceruledge|slp|[msg]
|move|p2a: Ceruledge|Shadow Sneak|p1a: Skeledirge
|-supereffective|p1a: Skeledirge
|-crit|p1a: Skeledirge
|-damage|p1a: Skeledirge|28/100
|move|p1a: Skeledirge|Hex|p2a: Ceruledge
|-supereffective|p2a: Ceruledge
|-damage|p2a: Ceruledge|0 fnt
|faint|p2a: Ceruledge
|
|
|switch|p2a: Hoopa|Hoopa-Unbound|100/100
|-damage|p2a: Hoopa|88/100|[from] Stealth Rock
|-damage|p2a: Hoopa|63/100|[from] Spikes
|turn|14
|
|-terastallize|p2a: Hoopa|Dark
|-terastallize|p1a: Skeledirge|Fairy
|move|p2a: Hoopa|Hyperspace Fury|p1a: Skeledirge
|-resisted|p1a: Skeledirge
|-damage|p1a: Skeledirge|0 fnt
|-unboost|p2a: Hoopa|def|1
|faint|p1a: Skeledirge
|
|
|switch|p1a: Great Tusk|Great Tusk|100/100
|turn|15
|
|move|p1a: Great Tusk|Rapid Spin|p2a: Hoopa
|-damage|p2a: Hoopa|19/100
|-boost|p1a: Great Tusk|spe|1
|-enditem|p2a: Hoopa|Salac Berry|[eat]
|-boost|p2a: Hoopa|spe|1|[from] item: Salac Berry
|move|p2a: Hoopa|Zen Headbutt|p1a: Great Tusk
|-supereffective|p1a: Great Tusk
|-damage|p1a: Great Tusk|31/100
|-item|p2a: Hoopa|Leftovers|[from] ability: Magician|[of] p1a: Great Tusk
|
|-heal|p2a: Hoopa|25/100|[from] item: Leftovers
|turn|16
|
|move|p1a: Great Tusk|Rapid Spin|p2a: Hoopa
|-damage|p2a: Hoopa|0 fnt
|-boost|p1a: Great Tusk|spe|1
|faint|p2a: Hoopa
|
|
|switch|p2a: Garchomp|Garchomp, F|75/100
|-damage|p2a: Garchomp|68/100|[from] Stealth Rock
|-damage|p2a: Garchomp|44/100|[from] Spikes
|turn|17
|
|move|p1a: Great Tusk|Ice Spinner|p2a: Garchomp
|-supereffective|p2a: Garchomp
|-damage|p2a: Garchomp|0 fnt
|-damage|p1a: Great Tusk|19/100|[from] ability: Rough Skin|[of] p2a: Garchomp
|-damage|p1a: Great Tusk|2/100|[from] item: Rocky Helmet|[of] p2a: Garchomp
|faint|p2a: Garchomp
|
|
|switch|p2a: Gastrodon|Gastrodon-East, M|100/100
|-damage|p2a: Gastrodon|94/100|[from] Stealth Rock
|-damage|p2a: Gastrodon|70/100|[from] Spikes
|turn|18
|
|move|p1a: Great Tusk|Ice Spinner|p2a: Gastrodon
|-damage|p2a: Gastrodon|47/100
|move|p2a: Gastrodon|Earth Power|p1a: Great Tusk
|-damage|p1a: Great Tusk|0 fnt
|faint|p1a: Great Tusk
|-end|p1a: Great Tusk|Protosynthesis|[silent]
|
|
|switch|p1a: Amoonguss|Amoonguss, F|100/100
|turn|19
|
|move|p2a: Gastrodon|Ancient Power|p1a: Amoonguss
|-damage|p1a: Amoonguss|86/100
|move|p1a: Amoonguss|Giga Drain|p2a: Gastrodon
|-supereffective|p2a: Gastrodon
|-damage|p2a: Gastrodon|0 fnt
|-heal|p1a: Amoonguss|100/100|[from] drain|[of] p2a: Gastrodon
|faint|p2a: Gastrodon
|
|win|p1
