|poke|p1|Kleavor, F|
|poke|p1|Great Tusk|
|poke|p1|Arcanine-Hisui, F|
|poke|p1|Volcarona, F|
|poke|p1|Magearna|
|poke|p1|Goodra-Hisui, M|
|poke|p2|Sneasler, F|
|poke|p2|Kleavor, F|
|poke|p2|Ting-Lu|
|poke|p2|Zoroark-Hisui, F|
|poke|p2|Zamazenta-*|
|poke|p2|Magearna|
|teampreview
|
|start
|switch|p1a: Somehow good|Kleavor, F|100/100
|switch|p2a: Kleavor|Kleavor, F, shiny|100/100
|turn|1
|
|move|p2a: Kleavor|Stone Axe|p1a: Somehow good|[miss]
|-miss|p2a: Kleavor|p1a: Somehow good
|move|p1a: Somehow good|Stone Axe|p2a: Kleavor
|-supereffective|p2a: Kleavor
|-damage|p2a: Kleavor|0 fnt
|-sidestart|p2: p2|move: Stealth Rock
|faint|p2a: Kleavor
|
|
|switch|p2a: Zamazenta|Zamazenta|100/100
|-damage|p2a: Zamazenta|94/100|[from] Stealth Rock
|-ability|p2a: Zamazenta|Dauntless Shield|boost
|-boost|p2a: Zamazenta|def|1
|turn|2
|
|move|p2a: Zamazenta|Iron Defense|p2a: Zamazenta
|-boost|p2a: Zamazenta|def|2
|move|p1a: Somehow good|Air Slash|p2a: Zamazenta
|-supereffective|p2a: Zamazenta
|-damage|p2a: Zamazenta|74/100
|
|-heal|p2a: Zamazenta|80/100|[from] item: Leftovers
|turn|3
|
|move|p2a: Zamazenta|Iron Defense|p2a: Zamazenta
|-boost|p2a: Zamazenta|def|2
|move|p1a: Somehow good|U-turn|p2a: Zamazenta
|-resisted|p2a: Zamazenta
|-damage|p2a: Zamazenta|76/100
|
|switch|p1a: Great Tusk|Great Tusk|100/100|[from] U-turn
|
|-heal|p2a: Zamazenta|82/100|[from] item: Leftovers
|turn|4
|
|move|p2a: Zamazenta|Body Press|p1a: Great Tusk
|-damage|p1a: Great Tusk|28/100
|move|p1a: Great Tusk|Endeavor|p2a: Zamazenta
|-damage|p2a: Zamazenta|32/100
|
|-heal|p2a: Zamazenta|38/100|[from] item: Leftovers
|turn|5
|
|move|p2a: Zamazenta|Body Press|p1a: Great Tusk
|-damage|p1a: Great Tusk|0 fnt
|faint|p1a: Great Tusk
|-end|p1a: Great Tusk|Protosynthesis|[silent]
|
|-heal|p2a: Zamazenta|44/100|[from] item: Leftovers
|
|switch|p1a: Somehow good|Kleavor, F|100/100
|turn|6
|
|move|p2a: Zamazenta|Body Press|p1a: Somehow good
|-crit|p1a: Somehow good
|-enditem|p1a: Somehow good|Focus Sash
|-damage|p1a: Somehow good|1/100
|move|p1a: Somehow good|Air Slash|p2a: Zamazenta
|-supereffective|p2a: Zamazenta
|-damage|p2a: Zamazenta|21/100
|
|-heal|p2a: Zamazenta|28/100|[from] item: Leftovers
|turn|7
|
|move|p2a: Zamazenta|Body Press|p1a: Somehow good
|-damage|p1a: Somehow good|0 fnt
|faint|p1a: Somehow good
|
|-heal|p2a: Zamazenta|34/100|[from] item: Leftovers
|
|switch|p1a: Gen 5 Problem|Volcarona, F|100/100
|turn|8
|
|-terastallize|p2a: Zamazenta|Water
|move|p2a: Zamazenta|Body Press|p1a: Gen 5 Problem
|-resisted|p1a: Gen 5 Problem
|-damage|p1a: Gen 5 Problem|12/100
|move|p1a: Gen 5 Problem|Air Slash|p2a: Zamazenta|[miss]
|-miss|p1a: Gen 5 Problem|p2a: Zamazenta
|
|-heal|p2a: Zamazenta|40/100|[from] item: Leftovers
|turn|9
|
|move|p2a: Zamazenta|Body Press|p1a: Gen 5 Problem
|-resisted|p1a: Gen 5 Problem
|-damage|p1a: Gen 5 Problem|0 fnt
|faint|p1a: Gen 5 Problem
|
|-heal|p2a: Zamazenta|46/100|[from] item: Leftovers
|
|switch|p1a: Goddess of Sweep|Magearna|100/100
|turn|10
|
|-terastallize|p1a: Goddess of Sweep|Psychic
|move|p2a: Zamazenta|Body Press|p1a: Goddess of Sweep
|-resisted|p1a: Goddess of Sweep
|-damage|p1a: Goddess of Sweep|42/100
|move|p1a: Goddess of Sweep|Shift Gear|p1a: Goddess of Sweep
|-boost|p1a: Goddess of Sweep|spe|2
|-boost|p1a: Goddess of Sweep|atk|1
|
|-heal|p1a: Goddess of Sweep|48/100|[from] item: Leftovers
|-heal|p2a: Zamazenta|52/100|[from] item: Leftovers
|turn|11
|
|move|p1a: Goddess of Sweep|Stored Power|p2a: Zamazenta
|-damage|p2a: Zamazenta|17/100
|move|p2a: Zamazenta|Body Press|p1a: Goddess of Sweep
|-resisted|p1a: Goddess of Sweep
|-damage|p1a: Goddess of Sweep|0 fnt
|faint|p1a: Goddess of Sweep
|
|-heal|p2a: Zamazenta|23/100|[from] item: Leftovers
|
|switch|p1a: Scoliosis|Goodra-Hisui, M|100/100
|turn|12
|-message|p1 forfeited.
|
|win|p2
