|poke|p1|Samurott-Hisui, M|
|poke|p1|Landorus-Therian, M|
|poke|p1|Arcanine-Hisui, F|
|poke|p1|Basculegion-F, F|
|poke|p1|Dragapult, F|
|poke|p1|Great Tusk|
|poke|p2|Zamazenta-*|
|poke|p2|Great Tusk|
|poke|p2|Pelipper, M|
|poke|p2|Basculegion-F, F|
|poke|p2|Walking Wake|
|poke|p2|Thundurus-Therian, M|
|teampreview
|
|start
|switch|p1a: ArCa-47|Arcanine-Hisui, F|100/100
|switch|p2a: Great Tusk|Great Tusk|100/100
|turn|1
|
|switch|p1a: Worst Pokemon Ever|Landorus-Therian, M|100/100
|-ability|p1a: Worst Pokemon Ever|Intimidate|boost
|-unboost|p2a: Great Tusk|atk|1
|move|p2a: Great Tusk|Knock Off|p1a: Worst Pokemon Ever
|-damage|p1a: Worst Pokemon Ever|84/100
|-damage|p2a: Great Tusk|84/100|[from] item: Rocky Helmet|[of] p1a: Worst Pokemon Ever
|-enditem|p1a: Worst Pokemon Ever|Rocky Helmet|[from] move: Knock Off|[of] p2a: Great Tusk
|
|-heal|p2a: Great Tusk|90/100|[from] item: Leftovers
|turn|2
|
|move|p1a: Worst Pokemon Ever|Stealth Rock|p2a: Great Tusk
|-sidestart|p2: p2|move: Stealth Rock
|move|p2a: Great Tusk|Stealth Rock|p1a: Worst Pokemon Ever
|-sidestart|p1: p1|move: Stealth Rock
|
|-heal|p2a: Great Tusk|96/100|[from] item: Leftovers
|turn|3
|
|move|p1a: Worst Pokemon Ever|Grass Knot|p2a: Great Tusk
|-supereffective|p2a: Great Tusk
|-damage|p2a: Great Tusk|0 fnt
|faint|p2a: Great Tusk
|-end|p2a: Great Tusk|Protosynthesis|[silent]
|
|
|switch|p2a: Pelipper|Pelipper, M|100/100
|-damage|p2a: Pelipper|76/100|[from] Stealth Rock
|-weather|RainDance|[from] ability: Drizzle|[of] p2a: Pelipper
|turn|4
|
|move|p1a: Worst Pokemon Ever|U-turn|p2a: Pelipper
|-resisted|p2a: Pelipper
|-damage|p2a: Pelipper|66/100
|
|switch|p1a: Swagabond|Samurott-Hisui, M|100/100|[from] U-turn
|-damage|p1a: Swagabond|88/100|[from] Stealth Rock
|move|p2a: Pelipper|Hurricane|p1a: Swagabond
|-damage|p1a: Swagabond|34/100
|-start|p1a: Swagabond|confusion
|
|-weather|RainDance|[upkeep]
|turn|5
|
|-activate|p1a: Swagabond|confusion
|-damage|p1a: Swagabond|19/100|[from] confusion
|move|p2a: Pelipper|U-turn|p1a: Swagabond
|-supereffective|p1a: Swagabond
|-damage|p1a: Swagabond|0 fnt
|faint|p1a: Swagabond
|
|switch|p2a: Basculegion|Basculegion-F, F|100/100|[from] U-turn
|-damage|p2a: Basculegion|88/100|[from] Stealth Rock
|
|-weather|RainDance|[upkeep]
|
|switch|p1a: BasedCoolLegend-F|Basculegion-F, F|100/100
|-damage|p1a: BasedCoolLegend-F|88/100|[from] Stealth Rock
|turn|6
|
|-terastallize|p1a: BasedCoolLegend-F|Ground
|move|p2a: Basculegion|Shadow Ball|p1a: BasedCoolLegend-F
|-crit|p1a: BasedCoolLegend-F
|-damage|p1a: BasedCoolLegend-F|2/100
|move|p1a: BasedCoolLegend-F|Shadow Ball|p2a: Basculegion
|-supereffective|p2a: Basculegion
|-damage|p2a: Basculegion|0 fnt
|faint|p2a: Basculegion
|
|-weather|RainDance|[upkeep]
|
|switch|p2a: Zamazenta|Zamazenta-Crowned|100/100
|-damage|p2a: Zamazenta|97/100|[from] Stealth Rock
|-ability|p2a: Zamazenta|Dauntless Shield|boost
|-boost|p2a: Zamazenta|def|1
|turn|7
|
|move|p2a: Zamazenta|Agility|p2a: Zamazenta
|-boost|p2a: Zamazenta|spe|2
|move|p1a: BasedCoolLegend-F|Shadow Ball|p2a: Zamazenta
|-damage|p2a: Zamazenta|53/100
|
|-weather|RainDance|[upkeep]
|turn|8
|
|move|p2a: Zamazenta|Behemoth Bash|p1a: BasedCoolLegend-F
|-damage|p1a: BasedCoolLegend-F|0 fnt
|faint|p1a: BasedCoolLegend-F
|
|-weather|RainDance|[upkeep]
|
|switch|p1a: Worst Pokemon Ever|Landorus-Therian, M|84/100
|-damage|p1a: Worst Pokemon Ever|71/100|[from] Stealth Rock
|-ability|p1a: Worst Pokemon Ever|Intimidate|boost
|-unboost|p2a: Zamazenta|atk|1
|turn|9
|
|move|p2a: Zamazenta|Iron Defense|p2a: Zamazenta
|-boost|p2a: Zamazenta|def|2
|move|p1a: Worst Pokemon Ever|U-turn|p2a: Zamazenta
|-resisted|p2a: Zamazenta
|-damage|p2a: Zamazenta|51/100
|
|switch|p1a: Dragoobpult|Dragapult, F|100/100|[from] U-turn
|-damage|p1a: Dragoobpult|88/100|[from] Stealth Rock
|
|-weather|RainDance|[upkeep]
|turn|10
|
|move|p2a: Zamazenta|Behemoth Bash|p1a: Dragoobpult
|-damage|p1a: Dragoobpult|37/100
|move|p1a: Dragoobpult|Shadow Ball|p2a: Zamazenta
|-damage|p2a: Zamazenta|9/100
|
|-weather|RainDance|[upkeep]
|turn|11
|
|switch|p1a: Worst Pokemon Ever|Landorus-Therian, M|71/100
|-damage|p1a: Worst Pokemon Ever|59/100|[from] Stealth Rock
|-ability|p1a: Worst Pokemon Ever|Intimidate|boost
|-unboost|p2a: Zamazenta|atk|1
|move|p2a: Zamazenta|Behemoth Bash|p1a: Worst Pokemon Ever
|-damage|p1a: Worst Pokemon Ever|30/100
|
|-weather|none
|turn|12
|
|move|p2a: Zamazenta|Body Press|p1a: Worst Pokemon Ever
|-resisted|p1a: Worst Pokemon Ever
|-damage|p1a: Worst Pokemon Ever|0 fnt
|faint|p1a: Worst Pokemon Ever
|
|
|switch|p1a: Goob Nose|Great Tusk|100/100
|-damage|p1a: Goob Nose|98/100|[from] Stealth Rock
|turn|13
|
|-terastallize|p2a: Zamazenta|Flying
|move|p2a: Zamazenta|Body Press|p1a: Goob Nose
|-crit|p1a: Goob Nose
|-damage|p1a: Goob Nose|5/100
|move|p1a: Goob Nose|Earthquake|p2a: Zamazenta
|-immune|p2a: Zamazenta
|
|-heal|p1a: Goob Nose|11/100|[from] item: Leftovers
|turn|14
|
|move|p2a: Zamazenta|Body Press|p1a: Goob Nose
|-damage|p1a: Goob Nose|0 fnt
|faint|p1a: Goob Nose
|-end|p1a: Goob Nose|Protosynthesis|[silent]
|
|-message|p1 forfeited.
|
|win|p2
