|poke|p1|Magearna|
|poke|p1|Ursaluna, F|
|poke|p1|Zamazenta-*|
|poke|p1|Great Tusk|
|poke|p1|Slowking, F|
|poke|p1|Gholdengo|
|poke|p2|Mabosstiff, M|
|poke|p2|Dachsbun, M|
|poke|p2|Zoroark-Hisui, F|
|poke|p2|Zamazenta-*|
|poke|p2|Delphox, M|
|poke|p2|Houndstone, F|
|teampreview
|
|start
|switch|p1a: Slowking|Slowking, F|100/100
|switch|p2a: Delphox|Delphox, M|100/100
|turn|1
|
|move|p2a: Delphox|Bitter Malice|p1a: Slowking
|-supereffective|p1a: Slowking
|-damage|p1a: Slowking|33/100
|-unboost|p1a: Slowking|atk|1
|move|p1a: Slowking|Nasty Plot|p1a: Slowking
|-boost|p1a: Slowking|spa|2
|
|-heal|p1a: Slowking|40/100|[from] item: Leftovers
|turn|2
|
|switch|p1a: Ursaluna|Ursaluna, F|100/100
|move|p2a: Delphox|Bitter Malice|p1a: Ursaluna
|-immune|p1a: Ursaluna
|
|-status|p1a: Ursaluna|brn|[from] item: Flame Orb
|turn|3
|
|switch|p2a: Dachsbun|Dachsbun, M|100/100
|move|p1a: Ursaluna|Headlong Rush|p2a: Dachsbun
|-damage|p2a: Dachsbun|19/100
|-unboost|p1a: Ursaluna|def|1
|-unboost|p1a: Ursaluna|spd|1
|
|-heal|p2a: Dachsbun|25/100|[from] item: Leftovers
|-damage|p1a: Ursaluna|94/100 brn|[from] brn
|turn|4
|
|switch|p1a: Gholdengo|Gholdengo|100/100
|move|p2a: Dachsbun|Protect||[still]
|-fail|p2a: Dachsbun
|
|-heal|p2a: Dachsbun|31/100|[from] item: Leftovers
|turn|5
|
|move|p2a: Dachsbun|Protect|p2a: Dachsbun
|-singleturn|p2a: Dachsbun|Protect
|move|p1a: Gholdengo|Shadow Ball|p2a: Dachsbun
|-activate|p2a: Dachsbun|move: Protect
|
|-heal|p2a: Dachsbun|37/100|[from] item: Leftovers
|turn|6
|
|move|p1a: Gholdengo|Shadow Ball|p2a: Dachsbun
|-damage|p2a: Dachsbun|0 fnt
|faint|p2a: Dachsbun
|
|
|switch|p2a: Delphox|Delphox, M|100/100
|turn|7
|
|switch|p1a: Ursaluna|Ursaluna, F|94/100 brn
|move|p2a: Delphox|Fire Blast|p1a: Ursaluna
|-damage|p1a: Ursaluna|46/100 brn
|
|-damage|p1a: Ursaluna|40/100 brn|[from] brn
|turn|8
|
|switch|p1a: Slowking|Slowking, F|73/100
|-terastallize|p2a: Delphox|Flying
|move|p2a: Delphox|Fire Blast|p1a: Slowking
|-resisted|p1a: Slowking
|-damage|p1a: Slowking|58/100
|
|-heal|p1a: Slowking|64/100|[from] item: Leftovers
|turn|9
|
|move|p2a: Delphox|Will-O-Wisp|p1a: Slowking
|-status|p1a: Slowking|brn
|move|p1a: Slowking|Surf|p2a: Delphox
|-damage|p2a: Delphox|63/100
|
|-heal|p1a: Slowking|71/100 brn|[from] item: Leftovers
|-damage|p1a: Slowking|64/100 brn|[from] brn
|turn|10
|
|move|p2a: Delphox|Calm Mind|p2a: Delphox
|-boost|p2a: Delphox|spa|1
|-boost|p2a: Delphox|spd|1
|move|p1a: Slowking|Nasty Plot|p1a: Slowking
|-boost|p1a: Slowking|spa|2
|
|-heal|p1a: Slowking|71/100 brn|[from] item: Leftovers
|-damage|p1a: Slowking|64/100 brn|[from] brn
|turn|11
|
|move|p2a: Delphox|Encore|p1a: Slowking
|-start|p1a: Slowking|Encore
|move|p1a: Slowking|Nasty Plot|p1a: Slowking
|-boost|p1a: Slowking|spa|2
|
|-heal|p1a: Slowking|71/100 brn|[from] item: Leftovers
|-damage|p1a: Slowking|64/100 brn|[from] brn
|turn|12
|
|switch|p1a: Gholdengo|Gholdengo|100/100
|move|p2a: Delphox|Calm Mind|p2a: Delphox
|-boost|p2a: Delphox|spa|1
|-boost|p2a: Delphox|spd|1
|
|turn|13
|
|switch|p1a: Slowking|Slowking, F|98/100 brn
|move|p2a: Delphox|Fire Blast|p1a: Slowking
|-resisted|p1a: Slowking
|-damage|p1a: Slowking|67/100 brn
|
|-heal|p1a: Slowking|73/100 brn|[from] item: Leftovers
|-damage|p1a: Slowking|67/100 brn|[from] brn
|turn|14
|
|move|p2a: Delphox|Fire Blast|p1a: Slowking|[miss]
|-miss|p2a: Delphox|p1a: Slowking
|-enditem|p2a: Delphox|Blunder Policy
|-boost|p2a: Delphox|spe|2
|move|p1a: Slowking|Psyshock|p2a: Delphox
|-damage|p2a: Delphox|18/100
|
|-heal|p1a: Slowking|73/100 brn|[from] item: Leftovers
|-damage|p1a: Slowking|67/100 brn|[from] brn
|turn|15
|
|move|p2a: Delphox|Fire Blast|p1a: Slowking
|-resisted|p1a: Slowking
|-damage|p1a: Slowking|35/100 brn
|-item|p2a: Delphox|Leftovers|[from] ability: Magician|[of] p1a: Slowking
|move|p1a: Slowking|Psyshock|p2a: Delphox
|-damage|p2a: Delphox|0 fnt
|faint|p2a: Delphox
|
|-damage|p1a: Slowking|29/100 brn|[from] brn
|
|switch|p2a: Mabosstiff|Mabosstiff, M|100/100
|turn|16
|
|switch|p1a: Great Tusk|Great Tusk|100/100
|move|p2a: Mabosstiff|Crunch|p1a: Great Tusk
|-resisted|p1a: Great Tusk
|-damage|p1a: Great Tusk|83/100
|
|-heal|p1a: Great Tusk|89/100|[from] item: Leftovers
|turn|17
|
|move|p2a: Mabosstiff|Outrage|p1a: Great Tusk
|-damage|p1a: Great Tusk|70/100
|move|p1a: Great Tusk|Stealth Rock|p2a: Mabosstiff
|-sidestart|p2: Happypete24|move: Stealth Rock
|
|-heal|p1a: Great Tusk|77/100|[from] item: Leftovers
|turn|18
|
|move|p2a: Mabosstiff|Outrage|p1a: Great Tusk|[from]lockedmove
|-damage|p1a: Great Tusk|57/100
|-start|p2a: Mabosstiff|confusion|[fatigue]
|move|p1a: Great Tusk|Earthquake|p2a: Mabosstiff
|-damage|p2a: Mabosstiff|49/100
|-enditem|p2a: Mabosstiff|Red Card|[of] p1a: Great Tusk
|-end|p1a: Great Tusk|Protosynthesis|[silent]
|drag|p1a: Magearna|Magearna|100/100
|
|turn|19
|
|switch|p2a: Zamazenta|Zamazenta-Crowned|100/100
|-damage|p2a: Zamazenta|97/100|[from] Stealth Rock
|-ability|p2a: Zamazenta|Dauntless Shield|boost
|-boost|p2a: Zamazenta|def|1
|switch|p1a: Slowking|Slowking, F|62/100 brn
|
|-damage|p1a: Slowking|56/100 brn|[from] brn
|turn|20
|
|switch|p1a: Gholdengo|Gholdengo|100/100
|move|p2a: Zamazenta|Iron Defense|p2a: Zamazenta
|-boost|p2a: Zamazenta|def|2
|
|turn|21
|
|move|p1a: Gholdengo|Shadow Ball|p2a: Zamazenta
|-damage|p2a: Zamazenta|70/100
|-unboost|p2a: Zamazenta|spd|1
|move|p2a: Zamazenta|Behemoth Bash|p1a: Gholdengo
|-resisted|p1a: Gholdengo
|-damage|p1a: Gholdengo|71/100
|
|turn|22
|
|move|p1a: Gholdengo|Shadow Ball|p2a: Zamazenta
|-damage|p2a: Zamazenta|26/100
|-unboost|p2a: Zamazenta|spd|1
|move|p2a: Zamazenta|Trailblaze|p1a: Gholdengo
|-resisted|p1a: Gholdengo
|-damage|p1a: Gholdengo|60/100
|-boost|p2a: Zamazenta|spe|1
|
|turn|23
|
|move|p1a: Gholdengo|Shadow Ball|p2a: Zamazenta
|-damage|p2a: Zamazenta|0 fnt
|faint|p2a: Zamazenta
|
|
|switch|p2a: Mabosstiff|Mabosstiff, M|100/100
|-damage|p2a: Mabosstiff|88/100|[from] Stealth Rock
|turn|24
|
|switch|p1a: Zamazenta|Zamazenta|100/100
|-ability|p1a: Zamazenta|Dauntless Shield|boost
|-boost|p1a: Zamazenta|def|1
|move|p2a: Mabosstiff|Bitter Malice|p1a: Zamazenta
|-damage|p1a: Zamazenta|44/100
|-unboost|p1a: Zamazenta|atk|1
|
|-heal|p1a: Zamazenta|50/100|[from] item: Leftovers
|turn|25
|
|move|p1a: Zamazenta|Crunch|p2a: Mabosstiff
|-supereffective|p2a: Mabosstiff
|-damage|p2a: Mabosstiff|13/100
|replace|p2a: Zoroark|Zoroark-Hisui, F
|-end|p2a: Zoroark|Illusion
|move|p2a: Zoroark|Bitter Malice|p1a: Zamazenta
|-damage|p1a: Zamazenta|0 fnt
|faint|p1a: Zamazenta
|
|
|switch|p1a: Magearna|Magearna|100/100
|turn|26
|
|move|p2a: Zoroark|Bitter Malice|p1a: Magearna
|-damage|p1a: Magearna|43/100
|-unboost|p1a: Magearna|atk|1
|move|p1a: Magearna|Shift Gear|p1a: Magearna
|-boost|p1a: Magearna|spe|2
|-boost|p1a: Magearna|atk|1
|
|-heal|p1a: Magearna|49/100|[from] item: Leftovers
|turn|27
|
|move|p1a: Magearna|Draining Kiss|p2a: Zoroark
|-damage|p2a: Zoroark|0 fnt
|-heal|p1a: Magearna|57/100|[from] drain|[of] p2a: Zoroark
|faint|p2a: Zoroark
|-ability|p1a: Magearna|Soul-Heart|boost
|-boost|p1a: Magearna|spa|1
|
|-heal|p1a: Magearna|63/100|[from] item: Leftovers
|
|switch|p2a: Mabosstiff|Mabosstiff, M|49/100
|-damage|p2a: Mabosstiff|36/100|[from] Stealth Rock
|turn|28
|
|move|p1a: Magearna|Draining Kiss|p2a: Mabosstiff
|-supereffective|p2a: Mabosstiff
|-damage|p2a: Mabosstiff|0 fnt
|-heal|p1a: Magearna|89/100|[from] drain|[of] p2a: Mabosstiff
|faint|p2a: Mabosstiff
|-ability|p1a: Magearna|Soul-Heart|boost
|-boost|p1a: Magearna|spa|1
|
|-heal|p1a: Magearna|95/100|[from] item: Leftovers
|
|switch|p2a: Houndstone|Houndstone, F|100/100
|-damage|p2a: Houndstone|88/100|[from] Stealth Rock
|turn|29
|
|-terastallize|p1a: Magearna|Water
|move|p1a: Magearna|Calm Mind|p1a: Magearna
|-boost|p1a: Magearna|spa|1
|-boost|p1a: Magearna|spd|1
|move|p2a: Houndstone|Dig||[still]
|-prepare|p2a: Houndstone|Dig
|
|-heal|p1a: Magearna|100/100|[from] item: Leftovers
|turn|30
|
|move|p1a: Magearna|Calm Mind|p1a: Magearna
|-boost|p1a: Magearna|spa|1
|-boost|p1a: Magearna|spd|1
|move|p2a: Houndstone|Dig|p1a: Magearna|[from]lockedmove
|-damage|p1a: Magearna|74/100
|
|-heal|p1a: Magearna|80/100|[from] item: Leftovers
|turn|31
|
|move|p1a: Magearna|Stored Power|p2a: Houndstone
|-damage|p2a: Houndstone|0 fnt
|faint|p2a: Houndstone
|
|win|Ting Lu is so cute
