|poke|p1|Kleavor, F|
|poke|p1|Pelipper, F|
|poke|p1|Basculegion, M|
|poke|p1|Iron Treads|
|poke|p1|Rabsca, F|
|poke|p1|Dragonite, F|
|poke|p2|Dragapult, M|
|poke|p2|Gholdengo|
|poke|p2|Masquerain, M|
|poke|p2|Cinderace, F|
|poke|p2|Great Tusk|
|poke|p2|Enamorus, F|
|teampreview
|
|start
|switch|p1a: Kleavor|Kleavor, F|100/100
|switch|p2a: Long Distance|Enamorus, F|100/100
|turn|1
|
|-terastallize|p2a: Long Distance|Fairy
|move|p2a: Long Distance|Moonblast|p1a: Kleavor
|-enditem|p1a: Kleavor|Focus Sash
|-damage|p1a: Kleavor|1/100
|-unboost|p1a: Kleavor|spa|1
|move|p1a: Kleavor|Stone Axe|p2a: Long Distance
|-damage|p2a: Long Distance|21/100
|-sidestart|p2: Dumber luck|move: Stealth Rock
|
|turn|2
|
|switch|p1a: Iron Treads|Iron Treads|100/100
|move|p2a: Long Distance|Moonblast|p1a: Iron Treads
|-resisted|p1a: Iron Treads
|-damage|p1a: Iron Treads|51/100
|-unboost|p1a: Iron Treads|spa|1
|
|turn|3
|
|switch|p2a: Stan|Great Tusk|100/100
|-damage|p2a: Stan|98/100|[from] Stealth Rock
|move|p1a: Iron Treads|Iron Head|p2a: Stan
|-damage|p2a: Stan|76/100
|
|-heal|p2a: Stan|82/100|[from] item: Leftovers
|turn|4
|
|-end|p1a: Iron Treads|Quark Drive|[silent]
|switch|p1a: Pelipper|Pelipper, F|100/100
|-weather|RainDance|[from] ability: Drizzle|[of] p1a: Pelipper
|move|p2a: Stan|Knock Off|p1a: Pelipper
|-damage|p1a: Pelipper|79/100
|-enditem|p1a: Pelipper|Damp Rock|[from] move: Knock Off|[of] p2a: Stan
|
|-weather|RainDance|[upkeep]
|-heal|p2a: Stan|88/100|[from] item: Leftovers
|turn|5
|
|move|p2a: Stan|Rapid Spin|p1a: Pelipper
|-damage|p1a: Pelipper|68/100
|-boost|p2a: Stan|spe|1
|-sideend|p2: Dumber luck|Stealth Rock|[from] move: Rapid Spin|[of] p2a: Stan
|move|p1a: Pelipper|U-turn|p2a: Stan
|-resisted|p2a: Stan
|-damage|p2a: Stan|86/100
|
|switch|p1a: Dragonite|Dragonite, F|100/100|[from] U-turn
|
|-weather|RainDance|[upkeep]
|-heal|p2a: Stan|93/100|[from] item: Leftovers
|turn|6
|
|move|p2a: Stan|Bulk Up|p2a: Stan
|-boost|p2a: Stan|atk|1
|-boost|p2a: Stan|def|1
|move|p1a: Dragonite|Hurricane|p2a: Stan
|-supereffective|p2a: Stan
|-damage|p2a: Stan|0 fnt
|faint|p2a: Stan
|-end|p2a: Stan|Protosynthesis|[silent]
|
|-weather|RainDance|[upkeep]
|
|switch|p2a: Randy|Masquerain, M|100/100
|-ability|p2a: Randy|Intimidate|boost
|-unboost|p1a: Dragonite|atk|1
|turn|7
|
|move|p2a: Randy|Sticky Web|p1a: Dragonite
|-sidestart|p1: L34D3R M1STY|move: Sticky Web
|move|p1a: Dragonite|Hurricane|p2a: Randy
|-supereffective|p2a: Randy
|-enditem|p2a: Randy|Focus Sash
|-damage|p2a: Randy|1/100
|
|-weather|RainDance|[upkeep]
|turn|8
|
|move|p1a: Dragonite|Extreme Speed|p2a: Randy
|-damage|p2a: Randy|0 fnt
|faint|p2a: Randy
|
|-weather|RainDance|[upkeep]
|
|switch|p2a: Ectoplasm|Dragapult, M|100/100
|turn|9
|
|switch|p1a: Kleavor|Kleavor, F|1/100
|-activate|p1a: Kleavor|move: Sticky Web
|-unboost|p1a: Kleavor|spe|1
|move|p2a: Ectoplasm|Dragon Darts|p1a: Kleavor
|-crit|p1a: Kleavor
|-damage|p1a: Kleavor|0 fnt
|faint|p1a: Kleavor
|
|-weather|RainDance|[upkeep]
|
|switch|p1a: Iron Treads|Iron Treads|51/100
|-activate|p1a: Iron Treads|move: Sticky Web
|-unboost|p1a: Iron Treads|spe|1
|turn|10
|
|switch|p2a: Truth|Cinderace, F|100/100
|move|p1a: Iron Treads|Ice Spinner|p2a: Truth
|-resisted|p2a: Truth
|-damage|p2a: Truth|85/100
|
|-weather|RainDance|[upkeep]
|turn|11
|
|move|p2a: Truth|Court Change|p2a: Truth
|-swapsideconditions
|-activate|p2a: Truth|move: Court Change
|move|p1a: Iron Treads|Rapid Spin|p2a: Truth
|-damage|p2a: Truth|64/100
|-boost|p1a: Iron Treads|spe|1
|
|-weather|none
|turn|12
|
|move|p2a: Truth|Pyro Ball|p1a: Iron Treads
|-supereffective|p1a: Iron Treads
|-damage|p1a: Iron Treads|0 fnt
|faint|p1a: Iron Treads
|-end|p1a: Iron Treads|Quark Drive|[silent]
|
|
|switch|p1a: Rabsca|Rabsca, F|100/100
|turn|13
|
|move|p2a: Truth|Pyro Ball|p1a: Rabsca
|-supereffective|p1a: Rabsca
|-enditem|p1a: Rabsca|Focus Sash
|-damage|p1a: Rabsca|1/100
|move|p1a: Rabsca|Trick Room|p1a: Rabsca
|-fieldstart|move: Trick Room|[of] p1a: Rabsca
|
|turn|14
|
|move|p1a: Rabsca|Revival Blessing|p1a: Rabsca
|
|-heal|p1: Kleavor|50/100|[from] move: Revival Blessing
|move|p2a: Truth|U-turn|p1a: Rabsca
|-supereffective|p1a: Rabsca
|-damage|p1a: Rabsca|0 fnt
|faint|p1a: Rabsca
|
|switch|p2a: Kyle|Gholdengo|100/100|[from] U-turn
|-activate|p2a: Kyle|move: Sticky Web
|-unboost|p2a: Kyle|spe|1
|
|
|switch|p1a: Pelipper|Pelipper, F|68/100
|-weather|RainDance|[from] ability: Drizzle|[of] p1a: Pelipper
|turn|15
|
|move|p2a: Kyle|Nasty Plot|p2a: Kyle
|-boost|p2a: Kyle|spa|2
|move|p1a: Pelipper|Hydro Pump|p2a: Kyle|[miss]
|-miss|p1a: Pelipper|p2a: Kyle
|
|-weather|RainDance|[upkeep]
|turn|16
|
|move|p2a: Kyle|Shadow Ball|p1a: Pelipper
|-damage|p1a: Pelipper|0 fnt
|faint|p1a: Pelipper
|
|-weather|RainDance|[upkeep]
|
|switch|p1a: Dragonite|Dragonite, F|100/100
|turn|17
|
|move|p2a: Kyle|Make It Rain|p1a: Dragonite
|-damage|p1a: Dragonite|36/100
|-unboost|p2a: Kyle|spa|1
|move|p1a: Dragonite|Thunder|p2a: Kyle
|-damage|p2a: Kyle|64/100
|-status|p2a: Kyle|par
|
|-weather|RainDance|[upkeep]
|-fieldend|move: Trick Room
|turn|18
|
|move|p1a: Dragonite|Hydro Pump|p2a: Kyle
|-damage|p2a: Kyle|15/100 par
|move|p2a: Kyle|Make It Rain|p1a: Dragonite
|-damage|p1a: Dragonite|0 fnt
|-unboost|p2a: Kyle|spa|1
|faint|p1a: Dragonite
|
|-weather|RainDance|[upkeep]
|
|switch|p1a: Basculegion|Basculegion, M|100/100
|turn|19
|
|-terastallize|p1a: Basculegion|Water
|move|p1a: Basculegion|Wave Crash|p2a: Kyle
|-crit|p2a: Kyle
|-damage|p2a: Kyle|0 fnt
|-damage|p1a: Basculegion|84/100|[from] item: Rocky Helmet|[of] p2a: Kyle
|faint|p2a: Kyle
|-damage|p1a: Basculegion|79/100|[from] Recoil
|
|-weather|none
|
|switch|p2a: Long Distance|Enamorus, F, tera:Fairy|21/100
|-activate|p2a: Long Distance|move: Sticky Web
|-boost|p2a: Long Distance|spe|1
|turn|20
|
|move|p2a: Long Distance|Moonblast|p1a: Basculegion
|-damage|p1a: Basculegion|0 fnt
|faint|p1a: Basculegion
|
|
|switch|p1a: Kleavor|Kleavor, F|50/100
|turn|21
|
|move|p2a: Long Distance|Moonblast|p1a: Kleavor
|-damage|p1a: Kleavor|0 fnt
|faint|p1a: Kleavor
|
|win|Dumber luck
