|poke|p1|Slowbro-Galar, M|
|poke|p1|Braviary-Hisui, M|
|poke|p1|Great Tusk|
|poke|p1|Ceruledge, F|
|poke|p1|Arcanine-Hisui, F|
|poke|p1|Clodsire, F|
|poke|p2|Torkoal, F|
|poke|p2|Typhlosion-Hisui, M|
|poke|p2|Walking Wake|
|poke|p2|Lilligant-Hisui, F|
|poke|p2|Pawmot, M|
|poke|p2|Great Tusk|
|teampreview
|
|start
|switch|p1a: Clodsire|Clodsire, F|100/100
|switch|p2a: Torkoal|Torkoal, F|100/100
|-weather|SunnyDay|[from] ability: Drought|[of] p2a: Torkoal
|turn|1
|
|move|p2a: Torkoal|Will-O-Wisp|p1a: Clodsire
|-status|p1a: Clodsire|brn
|move|p1a: Clodsire|Spikes|p2a: Torkoal
|-sidestart|p2: p2|Spikes
|
|-weather|SunnyDay|[upkeep]
|-damage|p1a: Clodsire|94/100 brn|[from] brn
|turn|2
|
|move|p2a: Torkoal|Rapid Spin|p1a: Clodsire
|-damage|p1a: Clodsire|84/100 brn
|-boost|p2a: Torkoal|spe|1
|-sideend|p2: p2|Spikes|[from] move: Rapid Spin|[of] p2a: Torkoal
|move|p1a: Clodsire|Spikes|p2a: Torkoal
|-sidestart|p2: p2|Spikes
|
|-weather|SunnyDay|[upkeep]
|-heal|p1a: Clodsire|90/100 brn|[from] item: Black Sludge
|-damage|p1a: Clodsire|84/100 brn|[from] brn
|turn|3
|
|switch|p2a: Typhlosion|Typhlosion-Hisui, M|100/100
|-damage|p2a: Typhlosion|88/100|[from] Spikes
|move|p1a: Clodsire|Spikes|p2a: Typhlosion
|-sidestart|p2: p2|Spikes
|
|-weather|SunnyDay|[upkeep]
|-heal|p1a: Clodsire|90/100 brn|[from] item: Black Sludge
|-damage|p1a: Clodsire|84/100 brn|[from] brn
|turn|4
|
|move|p2a: Typhlosion|Infernal Parade|p1a: Clodsire
|-damage|p1a: Clodsire|52/100 brn
|move|p1a: Clodsire|Spikes|p2a: Typhlosion
|-sidestart|p2: p2|Spikes
|
|-weather|SunnyDay|[upkeep]
|-heal|p1a: Clodsire|58/100 brn|[from] item: Black Sludge
|-damage|p1a: Clodsire|52/100 brn|[from] brn
|turn|5
|
|switch|p1a: Great Tusk|Great Tusk|100/100
|-activate|p1a: Great Tusk|ability: Protosynthesis
|-start|p1a: Great Tusk|protosynthesisdef
|move|p2a: Typhlosion|Infernal Parade|p1a: Great Tusk
|-damage|p1a: Great Tusk|61/100
|
|-weather|SunnyDay|[upkeep]
|turn|6
|
|switch|p2a: Lilligant|Lilligant-Hisui, F|100/100
|-damage|p2a: Lilligant|76/100|[from] Spikes
|move|p1a: Great Tusk|Stealth Rock|p2a: Lilligant
|-sidestart|p2: p2|move: Stealth Rock
|
|-weather|SunnyDay|[upkeep]
|turn|7
|
|move|p2a: Lilligant|Solar Blade||[still]
|-prepare|p2a: Lilligant|Solar Blade
|-anim|p2a: Lilligant|Solar Blade|p1a: Great Tusk
|-supereffective|p1a: Great Tusk
|-damage|p1a: Great Tusk|5/100
|-damage|p2a: Lilligant|66/100|[from] item: Life Orb
|move|p1a: Great Tusk|Ice Spinner|p2a: Lilligant
|-supereffective|p2a: Lilligant
|-damage|p2a: Lilligant|0 fnt
|faint|p2a: Lilligant
|
|-weather|SunnyDay|[upkeep]
|
|switch|p2a: Pawmot|Pawmot, M|100/100
|-damage|p2a: Pawmot|75/100|[from] Spikes
|-damage|p2a: Pawmot|69/100|[from] Stealth Rock
|turn|8
|
|-end|p1a: Great Tusk|Protosynthesis|[silent]
|switch|p1a: Clodsire|Clodsire, F|52/100 brn
|move|p2a: Pawmot|Fake Out|p1a: Clodsire
|-damage|p1a: Clodsire|40/100 brn
|
|-weather|none
|-heal|p1a: Clodsire|46/100 brn|[from] item: Black Sludge
|-damage|p1a: Clodsire|40/100 brn|[from] brn
|turn|9
|
|move|p2a: Pawmot|Wish|p2a: Pawmot
|move|p1a: Clodsire|Earthquake|p2a: Pawmot
|-supereffective|p2a: Pawmot
|-damage|p2a: Pawmot|32/100
|
|-heal|p1a: Clodsire|46/100 brn|[from] item: Black Sludge
|-damage|p1a: Clodsire|40/100 brn|[from] brn
|turn|10
|
|switch|p2a: Torkoal|Torkoal, F|100/100
|-damage|p2a: Torkoal|76/100|[from] Spikes
|-damage|p2a: Torkoal|51/100|[from] Stealth Rock
|-weather|SunnyDay|[from] ability: Drought|[of] p2a: Torkoal
|move|p1a: Clodsire|Earthquake|p2a: Torkoal
|-supereffective|p2a: Torkoal
|-crit|p2a: Torkoal
|-damage|p2a: Torkoal|29/100
|
|-weather|SunnyDay|[upkeep]
|-heal|p2a: Torkoal|79/100|[from] move: Wish|[wisher] Pawmot
|-heal|p1a: Clodsire|46/100 brn|[from] item: Black Sludge
|-damage|p1a: Clodsire|40/100 brn|[from] brn
|turn|11
|
|switch|p1a: Great Tusk|Great Tusk|5/100
|-activate|p1a: Great Tusk|ability: Protosynthesis
|-start|p1a: Great Tusk|protosynthesisdef
|move|p2a: Torkoal|Rapid Spin|p1a: Great Tusk
|-damage|p1a: Great Tusk|1/100
|-boost|p2a: Torkoal|spe|1
|-sideend|p2: p2|Spikes|[from] move: Rapid Spin|[of] p2a: Torkoal
|-sideend|p2: p2|Stealth Rock|[from] move: Rapid Spin|[of] p2a: Torkoal
|
|-weather|SunnyDay|[upkeep]
|turn|12
|
|move|p1a: Great Tusk|Earthquake|p2a: Torkoal
|-supereffective|p2a: Torkoal
|-damage|p2a: Torkoal|24/100
|move|p2a: Torkoal|Lava Plume|p1a: Great Tusk
|-damage|p1a: Great Tusk|0 fnt
|faint|p1a: Great Tusk
|-end|p1a: Great Tusk|Protosynthesis|[silent]
|
|-weather|SunnyDay|[upkeep]
|
|switch|p1a: Ceruledge|Ceruledge, F|100/100
|turn|13
|
|switch|p2a: Great Tusk|Great Tusk|100/100
|-activate|p2a: Great Tusk|ability: Protosynthesis
|-start|p2a: Great Tusk|protosynthesisatk
|move|p1a: Ceruledge|Shadow Sneak|p2a: Great Tusk
|-damage|p2a: Great Tusk|85/100
|
|-weather|SunnyDay|[upkeep]
|-heal|p2a: Great Tusk|91/100|[from] item: Leftovers
|turn|14
|
|move|p1a: Ceruledge|Endure|p1a: Ceruledge
|-singleturn|p1a: Ceruledge|move: Endure
|move|p2a: Great Tusk|Stealth Rock|p1a: Ceruledge
|-sidestart|p1: p1|move: Stealth Rock
|
|-weather|SunnyDay|[upkeep]
|-heal|p2a: Great Tusk|98/100|[from] item: Leftovers
|turn|15
|
|move|p1a: Ceruledge|Endure|p1a: Ceruledge
|-singleturn|p1a: Ceruledge|move: Endure
|move|p2a: Great Tusk|Earthquake|p1a: Ceruledge
|-supereffective|p1a: Ceruledge
|-activate|p1a: Ceruledge|move: Endure
|-damage|p1a: Ceruledge|1/100
|-ability|p1a: Ceruledge|Weak Armor|boost
|-unboost|p1a: Ceruledge|def|1
|-boost|p1a: Ceruledge|spe|2
|-enditem|p1a: Ceruledge|Weakness Policy
|-boost|p1a: Ceruledge|atk|2|[from] item: Weakness Policy
|-boost|p1a: Ceruledge|spa|2|[from] item: Weakness Policy
|
|-weather|SunnyDay|[upkeep]
|-heal|p2a: Great Tusk|100/100|[from] item: Leftovers
|turn|16
|
|move|p1a: Ceruledge|Bitter Blade|p2a: Great Tusk
|-damage|p2a: Great Tusk|0 fnt
|-heal|p1a: Ceruledge|65/100|[from] drain|[of] p2a: Great Tusk
|faint|p2a: Great Tusk
|-end|p2a: Great Tusk|Protosynthesis|[silent]
|
|-weather|SunnyDay|[upkeep]
|
|switch|p2a: Pawmot|Pawmot, M|32/100
|turn|17
|
|move|p1a: Ceruledge|Bitter Blade|p2a: Pawmot
|-damage|p2a: Pawmot|0 fnt
|-heal|p1a: Ceruledge|83/100|[from] drain|[of] p2a: Pawmot
|faint|p2a: Pawmot
|
|-weather|none
|
|switch|p2a: Torkoal|Torkoal, F|24/100
|-weather|SunnyDay|[from] ability: Drought|[of] p2a: Torkoal
|turn|18
|
|switch|p2a: Walking Wake|Walking Wake|100/100
|-activate|p2a: Walking Wake|ability: Protosynthesis
|-start|p2a: Walking Wake|protosynthesisspa
|move|p1a: Ceruledge|Bitter Blade|p2a: Walking Wake
|-resisted|p2a: Walking Wake
|-damage|p2a: Walking Wake|65/100
|-heal|p1a: Ceruledge|100/100|[from] drain|[of] p2a: Walking Wake
|
|-weather|SunnyDay|[upkeep]
|turn|19
|
|-terastallize|p2a: Walking Wake|Water
|move|p1a: Ceruledge|Close Combat|p2a: Walking Wake
|-damage|p2a: Walking Wake|0 fnt
|-unboost|p1a: Ceruledge|def|1
|-unboost|p1a: Ceruledge|spd|1
|faint|p2a: Walking Wake
|-end|p2a: Walking Wake|Protosynthesis|[silent]
|
|-weather|SunnyDay|[upkeep]
|
|switch|p2a: Typhlosion|Typhlosion-Hisui, M|88/100
|turn|20
|
|move|p1a: Ceruledge|Shadow Sneak|p2a: Typhlosion
|-supereffective|p2a: Typhlosion
|-damage|p2a: Typhlosion|0 fnt
|faint|p2a: Typhlosion
|
|-weather|SunnyDay|[upkeep]
|-message|p2 forfeited.
|
|win|p1
