# advantage = p1
|poke|p1|Sylveon, F|
|poke|p1|Zoroark-Hisui, M|
|poke|p1|Kingambit, F|
|poke|p1|Baxcalibur, F|
|poke|p1|Volcarona, M|
|poke|p1|Glimmora, F|
|poke|p2|Bellibolt, F|
|poke|p2|Zoroark-Hisui, M|
|poke|p2|Skeledirge, M|
|poke|p2|Lokix, F|
|poke|p2|Articuno-Galar|
|poke|p2|Iron Valiant|
|teampreview
|
|start
|switch|p1a: Glimmora|Glimmora, F|100/100
|switch|p2a: Articuno|Articuno-Galar|100/100
|turn|1
|
|move|p1a: Glimmora|Stealth Rock|p2a: Articuno
|-sidestart|p2: p2|move: Stealth Rock
|move|p2a: Articuno|Agility|p2a: Articuno
|-boost|p2a: Articuno|spe|2
|
|turn|2
|
|move|p2a: Articuno|Calm Mind|p2a: Articuno
|-boost|p2a: Articuno|spa|1
|-boost|p2a: Articuno|spd|1
|move|p1a: Glimmora|Mortal Spin|p2a: Articuno
|-damage|p2a: Articuno|94/100
|-status|p2a: Articuno|psn
|
|-damage|p2a: Articuno|82/100 psn|[from] psn
|turn|3
|
|switch|p1a: Snake|Sylveon, F|100/100
|move|p2a: Articuno|Freezing Glare|p1a: Snake
|-damage|p1a: Snake|52/100
|
|-damage|p2a: Articuno|70/100 psn|[from] psn
|turn|4
|
|move|p2a: Articuno|Freezing Glare|p1a: Snake
|-damage|p1a: Snake|4/100
|move|p1a: Snake|Shadow Ball|p2a: Articuno
|-supereffective|p2a: Articuno
|-damage|p2a: Articuno|24/100 psn
|-enditem|p2a: Articuno|Sitrus Berry|[eat]
|-heal|p2a: Articuno|48/100 psn|[from] item: Sitrus Berry
|
|-damage|p2a: Articuno|36/100 psn|[from] psn
|turn|5
|
|switch|p2a: Skeledirge|Skeledirge, M|100/100
|-damage|p2a: Skeledirge|88/100|[from] Stealth Rock
|move|p1a: Snake|Shadow Ball|p2a: Skeledirge
|-immune|p2a: Skeledirge
|
|turn|6
|
|switch|p1a: Kingambit|Kingambit, F|100/100
|-item|p1a: Kingambit|Air Balloon
|move|p2a: Skeledirge|Nasty Plot|p2a: Skeledirge
|-boost|p2a: Skeledirge|spa|2
|
|turn|7
|
|move|p1a: Kingambit|Sucker Punch|p2a: Skeledirge
|-supereffective|p2a: Skeledirge
|-damage|p2a: Skeledirge|0 fnt
|replace|p2a: Zoroark|Zoroark-Hisui, M
|-end|p2a: Zoroark|Illusion
|faint|p2a: Zoroark
|
|
|switch|p2a: Skeledirge|Skeledirge, M|100/100
|turn|8
|
|-terastallize|p2a: Skeledirge|Ground
|move|p2a: Skeledirge|Torch Song|p1a: Kingambit
|-supereffective|p1a: Kingambit
|-damage|p1a: Kingambit|21/100
|-boost|p2a: Skeledirge|spa|1
|-enditem|p1a: Kingambit|Air Balloon
|move|p1a: Kingambit|Swords Dance|p1a: Kingambit
|-boost|p1a: Kingambit|atk|2
|
|turn|9
|
|-terastallize|p1a: Kingambit|Dark
|move|p1a: Kingambit|Sucker Punch|p2a: Skeledirge
|-damage|p2a: Skeledirge|49/100
|move|p2a: Skeledirge|Torch Song|p1a: Kingambit
|-damage|p1a: Kingambit|0 fnt
|-boost|p2a: Skeledirge|spa|1
|faint|p1a: Kingambit
|-end|p1a: Kingambit|fallenundefined|[silent]
|
|
|switch|p1a: Baxcalibur|Baxcalibur, F|100/100
|turn|10
|
|move|p1a: Baxcalibur|Icicle Crash|p2a: Skeledirge
|-supereffective|p2a: Skeledirge
|-damage|p2a: Skeledirge|0 fnt
|faint|p2a: Skeledirge
|
|
|switch|p2a: Iron Valiant|Iron Valiant|100/100
|-damage|p2a: Iron Valiant|94/100|[from] Stealth Rock
|turn|11
|
|switch|p1a: Snake|Sylveon, F|4/100
|move|p2a: Iron Valiant|Reflect|p2a: Iron Valiant
|-sidestart|p2: p2|Reflect
|
|turn|12
|
|move|p2a: Iron Valiant|Aura Sphere|p1a: Snake
|-resisted|p1a: Snake
|-damage|p1a: Snake|0 fnt
|faint|p1a: Snake
|
|
|switch|p1a: Glimmora|Glimmora, F|100/100
|turn|13
|
|move|p2a: Iron Valiant|Aura Sphere|p1a: Glimmora
|-damage|p1a: Glimmora|38/100
|move|p1a: Glimmora|Mortal Spin|p2a: Iron Valiant
|-supereffective|p2a: Iron Valiant
|-damage|p2a: Iron Valiant|87/100
|-status|p2a: Iron Valiant|psn
|
|-damage|p2a: Iron Valiant|75/100 psn|[from] psn
|turn|14
|
|move|p2a: Iron Valiant|Moonblast|p1a: Glimmora
|-resisted|p1a: Glimmora
|-damage|p1a: Glimmora|9/100
|move|p1a: Glimmora|Earth Power|p2a: Iron Valiant
|-damage|p2a: Iron Valiant|13/100 psn
|
|-damage|p2a: Iron Valiant|1/100 psn|[from] psn
|turn|15
|
|move|p2a: Iron Valiant|Aura Sphere|p1a: Glimmora
|-damage|p1a: Glimmora|0 fnt
|faint|p1a: Glimmora
|
|-damage|p2a: Iron Valiant|0 fnt|[from] psn
|faint|p2a: Iron Valiant
|-end|p2a: Iron Valiant|Quark Drive|[silent]
|-sideend|p2: p2|Reflect
|
|switch|p2a: Bellibolt|Bellibolt, F|100/100
|switch|p1a: Baxcalibur|Baxcalibur, F|100/100
|-damage|p2a: Bellibolt|88/100|[from] Stealth Rock
|turn|16
|
|move|p1a: Baxcalibur|Dragon Dance|p1a: Baxcalibur
|-boost|p1a: Baxcalibur|atk|1
|-boost|p1a: Baxcalibur|spe|1
|move|p2a: Bellibolt|Parabolic Charge|p1a: Baxcalibur
|-resisted|p1a: Baxcalibur
|-damage|p1a: Baxcalibur|88/100
|-heal|p2a: Bellibolt|95/100|[from] drain|[of] p1a: Baxcalibur
|
|-heal|p2a: Bellibolt|100/100|[from] item: Leftovers
|turn|17
|
|move|p1a: Baxcalibur|Earthquake|p2a: Bellibolt
|-supereffective|p2a: Bellibolt
|-damage|p2a: Bellibolt|19/100
|-start|p2a: Bellibolt|Charge|Earthquake|[from] ability: Electromorphosis
|move|p2a: Bellibolt|Parabolic Charge|p1a: Baxcalibur
|-resisted|p1a: Baxcalibur
|-damage|p1a: Baxcalibur|66/100
|-heal|p2a: Bellibolt|32/100|[from] drain|[of] p1a: Baxcalibur
|-end|p2a: Bellibolt|Charge|[silent]
|
|-heal|p2a: Bellibolt|38/100|[from] item: Leftovers
|turn|18
|
|switch|p2a: Articuno|Articuno-Galar|36/100 psn
|-damage|p2a: Articuno|11/100 psn|[from] Stealth Rock
|move|p1a: Baxcalibur|Dragon Dance|p1a: Baxcalibur
|-boost|p1a: Baxcalibur|atk|1
|-boost|p1a: Baxcalibur|spe|1
|
|-damage|p2a: Articuno|0 fnt|[from] psn
|faint|p2a: Articuno
|
|switch|p2a: Lokix|Lokix, F|100/100
|-damage|p2a: Lokix|76/100|[from] Stealth Rock
|turn|19
|
|move|p2a: Lokix|Sucker Punch|p1a: Baxcalibur
|-damage|p1a: Baxcalibur|34/100
|move|p1a: Baxcalibur|Glaive Rush|p2a: Lokix
|-damage|p2a: Lokix|0 fnt
|-singlemove|p1a: Baxcalibur|Glaive Rush|[silent]
|faint|p2a: Lokix
|
|
|switch|p2a: Bellibolt|Bellibolt, F|38/100
|-damage|p2a: Bellibolt|26/100|[from] Stealth Rock
|turn|20
|
|move|p1a: Baxcalibur|Earthquake|p2a: Bellibolt
|-supereffective|p2a: Bellibolt
|-damage|p2a: Bellibolt|0 fnt
|faint|p2a: Bellibolt
|
|win|p1
|player|p1|p1|2
