# advantage = p2
|poke|p1|Hatterene, F|
|poke|p1|Ting-Lu|
|poke|p1|Sneasler, F|
|poke|p1|Ursaluna, M|
|poke|p1|Magearna|
|poke|p1|Hoopa-Unbound|
|poke|p2|Enamorus, F|
|poke|p2|Magearna|
|poke|p2|Skeledirge, F|
|poke|p2|Ursaluna, F|
|poke|p2|Braviary-Hisui, M|
|poke|p2|Urshifu-*, M|
|teampreview
|
|start
|switch|p1a: Entomofobia|Hoopa-Unbound|100/100
|switch|p2a: Urshifu|Urshifu-Rapid-Strike, M|100/100
|turn|1
|
|-terastallize|p2a: Urshifu|Water
|move|p1a: Entomofobia|Psychic|p2a: Urshifu
|-damage|p2a: Urshifu|19/100
|move|p2a: Urshifu|Surging Strikes|p1a: Entomofobia
|-crit|p1a: Entomofobia
|-damage|p1a: Entomofobia|51/100
|-crit|p1a: Entomofobia
|-damage|p1a: Entomofobia|3/100
|-crit|p1a: Entomofobia
|-damage|p1a: Entomofobia|0 fnt
|faint|p1a: Entomofobia
|-hitcount|p1: Entomofobia|3
|
|
|switch|p1a: Sabrina|Hatterene, F, shiny|100/100
|turn|2
|
|move|p2a: Urshifu|Surging Strikes|p1a: Sabrina
|-crit|p1a: Sabrina
|-damage|p1a: Sabrina|68/100
|-crit|p1a: Sabrina
|-damage|p1a: Sabrina|38/100
|-crit|p1a: Sabrina
|-damage|p1a: Sabrina|7/100
|-hitcount|p1a: Sabrina|3
|move|p1a: Sabrina|Dazzling Gleam|p2a: Urshifu
|-damage|p2a: Urshifu|0 fnt
|faint|p2a: Urshifu
|
|-heal|p1a: Sabrina|13/100|[from] item: Leftovers
|
|switch|p2a: Ursaluna|Ursaluna, F|100/100
|turn|3
|
|move|p2a: Ursaluna|Earthquake|p1a: Sabrina
|-damage|p1a: Sabrina|0 fnt
|faint|p1a: Sabrina
|
|-status|p2a: Ursaluna|brn|[from] item: Flame Orb
|
|switch|p1a: LluviaDorada|Sneasler, F, shiny|100/100
|turn|4
|
|switch|p2a: Braviary|Braviary-Hisui, M|100/100
|move|p1a: LluviaDorada|Close Combat|p2a: Braviary
|-resisted|p2a: Braviary
|-damage|p2a: Braviary|81/100
|-unboost|p1a: LluviaDorada|def|1
|-unboost|p1a: LluviaDorada|spd|1
|-enditem|p1a: LluviaDorada|White Herb
|-clearnegativeboost|p1a: LluviaDorada|[silent]
|
|turn|5
|
|-terastallize|p1a: LluviaDorada|Flying
|move|p1a: LluviaDorada|Acrobatics|p2a: Braviary
|-damage|p2a: Braviary|15/100
|move|p2a: Braviary|Whirlwind|p1a: LluviaDorada
|drag|p1a: Matame!|Ting-Lu|100/100
|-ability|p1a: Matame!|Vessel of Ruin
|
|turn|6
|
|move|p2a: Braviary|Roost|p2a: Braviary
|-heal|p2a: Braviary|65/100
|-singleturn|p2a: Braviary|move: Roost
|move|p1a: Matame!|Stealth Rock|p2a: Braviary
|-sidestart|p2: p2|move: Stealth Rock
|
|turn|7
|
|move|p2a: Braviary|Defog|p1a: Matame!
|-unboost|p1a: Matame!|evasion|1
|-sideend|p2: p2|Stealth Rock|[from] move: Defog|[of] p2a: Braviary
|move|p1a: Matame!|Whirlwind|p2a: Braviary
|drag|p2a: Skeledirge|Skeledirge, F|100/100
|
|turn|8
|
|move|p2a: Skeledirge|Will-O-Wisp|p1a: Matame!
|-status|p1a: Matame!|brn
|move|p1a: Matame!|Stealth Rock|p2a: Skeledirge
|-sidestart|p2: p2|move: Stealth Rock
|
|-damage|p1a: Matame!|94/100 brn|[from] brn
|turn|9
|
|switch|p2a: Braviary|Braviary-Hisui, M|65/100
|switch|p1a: LluviaDorada|Sneasler, F, shiny, tera:Flying|100/100
|
|turn|10
|
|move|p1a: LluviaDorada|Acrobatics|p2a: Braviary
|-damage|p2a: Braviary|0 fnt
|faint|p2a: Braviary
|
|
|switch|p2a: Magearna|Magearna|100/100
|-damage|p2a: Magearna|95/100|[from] Stealth Rock
|turn|11
|
|move|p1a: LluviaDorada|Close Combat|p2a: Magearna
|-damage|p2a: Magearna|29/100
|-unboost|p1a: LluviaDorada|def|1
|-unboost|p1a: LluviaDorada|spd|1
|move|p2a: Magearna|Ice Beam|p1a: LluviaDorada
|-supereffective|p1a: LluviaDorada
|-damage|p1a: LluviaDorada|0 fnt
|faint|p1a: LluviaDorada
|-ability|p2a: Magearna|Soul-Heart|boost
|-boost|p2a: Magearna|spa|1
|
|
|switch|p1a: RaraBall|Magearna|100/100
|turn|12
|
|move|p2a: Magearna|Thunder Wave|p1a: RaraBall
|-status|p1a: RaraBall|par
|cant|p1a: RaraBall|par
|
|turn|13
|
|move|p2a: Magearna|Volt Switch|p1a: RaraBall
|-damage|p1a: RaraBall|69/100 par
|
|switch|p2a: Skeledirge|Skeledirge, F|100/100|[from] Volt Switch
|-damage|p2a: Skeledirge|76/100|[from] Stealth Rock
|move|p1a: RaraBall|Trick Room|p1a: RaraBall
|-fieldstart|move: Trick Room|[of] p1a: RaraBall
|
|-heal|p1a: RaraBall|75/100 par|[from] item: Leftovers
|-heal|p2a: Skeledirge|82/100|[from] item: Leftovers
|turn|14
|
|move|p1a: RaraBall|Thunderbolt|p2a: Skeledirge
|-damage|p2a: Skeledirge|56/100
|move|p2a: Skeledirge|Slack Off|p2a: Skeledirge
|-heal|p2a: Skeledirge|100/100
|
|-heal|p1a: RaraBall|82/100 par|[from] item: Leftovers
|turn|15
|
|move|p1a: RaraBall|Thunderbolt|p2a: Skeledirge
|-damage|p2a: Skeledirge|73/100
|move|p2a: Skeledirge|Torch Song|p1a: RaraBall
|-supereffective|p1a: RaraBall
|-damage|p1a: RaraBall|27/100 par
|-boost|p2a: Skeledirge|spa|1
|
|-heal|p1a: RaraBall|33/100 par|[from] item: Leftovers
|-heal|p2a: Skeledirge|79/100|[from] item: Leftovers
|turn|16
|
|move|p1a: RaraBall|Thunderbolt|p2a: Skeledirge
|-damage|p2a: Skeledirge|54/100
|move|p2a: Skeledirge|Slack Off|p2a: Skeledirge
|-heal|p2a: Skeledirge|100/100
|
|-heal|p1a: RaraBall|39/100 par|[from] item: Leftovers
|turn|17
|
|move|p1a: RaraBall|Thunderbolt|p2a: Skeledirge
|-damage|p2a: Skeledirge|75/100
|move|p2a: Skeledirge|Torch Song|p1a: RaraBall
|-supereffective|p1a: RaraBall
|-damage|p1a: RaraBall|0 fnt
|-boost|p2a: Skeledirge|spa|1
|faint|p1a: RaraBall
|
|-heal|p2a: Skeledirge|81/100|[from] item: Leftovers
|-fieldend|move: Trick Room
|
|switch|p1a: 1HKO!|Ursaluna, M, shiny|100/100
|turn|18
|
|switch|p2a: Enamorus|Enamorus, F|100/100
|-damage|p2a: Enamorus|76/100|[from] Stealth Rock
|move|p1a: 1HKO!|Swords Dance|p1a: 1HKO!
|-boost|p1a: 1HKO!|atk|2
|
|-status|p1a: 1HKO!|brn|[from] item: Flame Orb
|turn|19
|
|move|p2a: Enamorus|Moonblast|p1a: 1HKO!
|-damage|p1a: 1HKO!|37/100 brn
|-unboost|p1a: 1HKO!|spa|1
|move|p1a: 1HKO!|Facade|p2a: Enamorus
|-damage|p2a: Enamorus|0 fnt
|faint|p2a: Enamorus
|
|-damage|p1a: 1HKO!|31/100 brn|[from] brn
|
|switch|p2a: Ursaluna|Ursaluna, F|100/100 brn
|-damage|p2a: Ursaluna|94/100 brn|[from] Stealth Rock
|turn|20
|
|move|p2a: Ursaluna|Facade|p1a: 1HKO!
|-damage|p1a: 1HKO!|0 fnt
|faint|p1a: 1HKO!
|
|-damage|p2a: Ursaluna|88/100 brn|[from] brn
|
|switch|p1a: Matame!|Ting-Lu|94/100 brn
|-ability|p1a: Matame!|Vessel of Ruin
|turn|21
|
|move|p2a: Ursaluna|Swords Dance|p2a: Ursaluna
|-boost|p2a: Ursaluna|atk|2
|move|p1a: Matame!|Body Press|p2a: Ursaluna
|-supereffective|p2a: Ursaluna
|-damage|p2a: Ursaluna|72/100 brn
|
|-heal|p1a: Matame!|100/100 brn|[from] item: Leftovers
|-damage|p2a: Ursaluna|65/100 brn|[from] brn
|-damage|p1a: Matame!|94/100 brn|[from] brn
|turn|22
|
|move|p2a: Ursaluna|Facade|p1a: Matame!
|-damage|p1a: Matame!|0 fnt
|faint|p1a: Matame!
|
|win|p2
