# advantage = p1
|poke|p1|Sneasler, F|
|poke|p1|Great Tusk|
|poke|p1|Torkoal, M|
|poke|p1|Kleavor, F|
|poke|p1|Gholdengo|
|poke|p1|Typhlosion-Hisui, M|
|poke|p2|Enamorus, F|
|poke|p2|Lilligant-Hisui, F|
|poke|p2|Chien-Pao|
|poke|p2|Typhlosion-Hisui, M|
|poke|p2|Torkoal, M|
|poke|p2|Dragapult, F|
|teampreview
|
|start
|switch|p1a: Kleavor|Kleavor, F|100/100
|switch|p2a: Torkoal|Torkoal, M|100/100
|-weather|SunnyDay|[from] ability: Drought|[of] p2a: Torkoal
|turn|1
|
|switch|p2a: Lilligant|Lilligant-Hisui, F|100/100
|move|p1a: Kleavor|Stone Axe|p2a: Lilligant
|-resisted|p2a: Lilligant
|-damage|p2a: Lilligant|62/100
|-sidestart|p2: p2|move: Stealth Rock
|
|-weather|SunnyDay|[upkeep]
|turn|2
|
|move|p2a: Lilligant|Victory Dance|p2a: Lilligant
|-boost|p2a: Lilligant|atk|1
|-boost|p2a: Lilligant|def|1
|-boost|p2a: Lilligant|spe|1
|move|p1a: Kleavor|U-turn|p2a: Lilligant
|-damage|p2a: Lilligant|23/100
|
|switch|p1a: Gholdengo|Gholdengo|100/100|[from] U-turn
|
|-weather|SunnyDay|[upkeep]
|turn|3
|
|-terastallize|p2a: Lilligant|Fire
|move|p2a: Lilligant|Tera Blast|p1a: Gholdengo
|-supereffective|p1a: Gholdengo
|-damage|p1a: Gholdengo|0 fnt
|faint|p1a: Gholdengo
|
|-weather|SunnyDay|[upkeep]
|
|switch|p1a: Kleavor|Kleavor, F|100/100
|turn|4
|
|move|p2a: Lilligant|Close Combat|p1a: Kleavor
|-damage|p1a: Kleavor|0 fnt
|-unboost|p2a: Lilligant|def|1
|-unboost|p2a: Lilligant|spd|1
|faint|p1a: Kleavor
|
|-weather|SunnyDay|[upkeep]
|
|switch|p1a: Torkoal|Torkoal, M|100/100
|turn|5
|
|move|p2a: Lilligant|Close Combat|p1a: Torkoal
|-damage|p1a: Torkoal|40/100
|-unboost|p2a: Lilligant|def|1
|-unboost|p2a: Lilligant|spd|1
|-enditem|p1a: Torkoal|Eject Button
|-message|p1 forfeited.
|
|win|p2
