|poke|p1|Zamazenta-*|
|poke|p1|Abomasnow, F|
|poke|p1|Chien-Pao|
|poke|p1|Magearna|
|poke|p1|Skeledirge, M|
|poke|p1|Iron Treads|
|poke|p2|Pelipper, M|
|poke|p2|Basculegion, M|
|poke|p2|Rotom-Wash|
|poke|p2|Magearna|
|poke|p2|Garganacl, M|
|poke|p2|Great Tusk|
|teampreview
|
|start
|switch|p1a: Abomasnow|Abomasnow, F|100/100
|switch|p2a: Rotom|Rotom-Wash|100/100
|-weather|Snow|[from] ability: Snow Warning|[of] p1a: Abomasnow
|turn|1
|
|move|p2a: Rotom|Volt Switch|p1a: Abomasnow
|-resisted|p1a: Abomasnow
|-damage|p1a: Abomasnow|88/100
|
|switch|p2a: Pelipper|Pelipper, M|100/100|[from] Volt Switch
|-weather|RainDance|[from] ability: Drizzle|[of] p2a: Pelipper
|move|p1a: Abomasnow|Leaf Storm|p2a: Pelipper
|-damage|p2a: Pelipper|18/100
|-unboost|p1a: Abomasnow|spa|2
|
|-weather|RainDance|[upkeep]
|turn|2
|
|switch|p2a: Garganacl|Garganacl, M|100/100
|move|p1a: Abomasnow|Leaf Storm|p2a: Garganacl
|-supereffective|p2a: Garganacl
|-damage|p2a: Garganacl|65/100
|-unboost|p1a: Abomasnow|spa|2
|
|-weather|RainDance|[upkeep]
|-heal|p2a: Garganacl|71/100|[from] item: Leftovers
|turn|3
|
|switch|p1a: Iron Treads|Iron Treads|100/100
|move|p2a: Garganacl|Stealth Rock|p1a: Iron Treads
|-sidestart|p1: p1|move: Stealth Rock
|
|-weather|RainDance|[upkeep]
|-heal|p2a: Garganacl|77/100|[from] item: Leftovers
|turn|4
|
|switch|p2a: Basculegion|Basculegion, M|100/100
|move|p1a: Iron Treads|Rapid Spin|p2a: Basculegion
|-immune|p2a: Basculegion
|
|-weather|RainDance|[upkeep]
|turn|5
|
|-end|p1a: Iron Treads|Quark Drive|[silent]
|switch|p1a: Abomasnow|Abomasnow, F|88/100
|-damage|p1a: Abomasnow|63/100|[from] Stealth Rock
|-weather|Snow|[from] ability: Snow Warning|[of] p1a: Abomasnow
|move|p2a: Basculegion|Wave Crash|p1a: Abomasnow
|-resisted|p1a: Abomasnow
|-damage|p1a: Abomasnow|29/100
|-damage|p2a: Basculegion|90/100|[from] Recoil
|
|-weather|Snow|[upkeep]
|turn|6
|
|move|p2a: Basculegion|Wave Crash|p1a: Abomasnow
|-resisted|p1a: Abomasnow
|-damage|p1a: Abomasnow|0 fnt
|faint|p1a: Abomasnow
|-damage|p2a: Basculegion|81/100|[from] Recoil
|
|-weather|Snow|[upkeep]
|
|switch|p1a: Magearna|Magearna|100/100
|-damage|p1a: Magearna|94/100|[from] Stealth Rock
|turn|7
|
|switch|p2a: Rotom|Rotom-Wash|100/100
|move|p1a: Magearna|Shift Gear|p1a: Magearna
|-boost|p1a: Magearna|spe|2
|-boost|p1a: Magearna|atk|1
|
|-weather|Snow|[upkeep]
|turn|8
|
|move|p1a: Magearna|Calm Mind|p1a: Magearna
|-boost|p1a: Magearna|spa|1
|-boost|p1a: Magearna|spd|1
|move|p2a: Rotom|Will-O-Wisp|p1a: Magearna|[miss]
|-miss|p2a: Rotom|p1a: Magearna
|
|-weather|Snow|[upkeep]
|turn|9
|
|move|p1a: Magearna|Shift Gear|p1a: Magearna
|-boost|p1a: Magearna|spe|2
|-boost|p1a: Magearna|atk|1
|move|p2a: Rotom|Volt Switch|p1a: Magearna
|-damage|p1a: Magearna|80/100
|
|switch|p2a: Garganacl|Garganacl, M|77/100|[from] Volt Switch
|
|-weather|none
|-heal|p2a: Garganacl|83/100|[from] item: Leftovers
|turn|10
|
|move|p1a: Magearna|Calm Mind|p1a: Magearna
|-boost|p1a: Magearna|spa|1
|-boost|p1a: Magearna|spd|1
|move|p2a: Garganacl|Salt Cure|p1a: Magearna
|-resisted|p1a: Magearna
|-damage|p1a: Magearna|75/100
|-start|p1a: Magearna|Salt Cure
|
|-heal|p2a: Garganacl|90/100|[from] item: Leftovers
|-damage|p1a: Magearna|50/100|[from] Salt Cure
|turn|11
|
|-terastallize|p1a: Magearna|Fairy
|move|p1a: Magearna|Draining Kiss|p2a: Garganacl
|-damage|p2a: Garganacl|37/100
|-heal|p1a: Magearna|93/100|[from] drain|[of] p2a: Garganacl
|move|p2a: Garganacl|Earthquake|p1a: Magearna
|-damage|p1a: Magearna|73/100
|
|-heal|p2a: Garganacl|43/100|[from] item: Leftovers
|-damage|p1a: Magearna|61/100|[from] Salt Cure
|turn|12
|
|switch|p2a: Pelipper|Pelipper, M|18/100
|-weather|RainDance|[from] ability: Drizzle|[of] p2a: Pelipper
|move|p1a: Magearna|Draining Kiss|p2a: Pelipper
|-damage|p2a: Pelipper|0 fnt
|-heal|p1a: Magearna|72/100|[from] drain|[of] p2a: Pelipper
|faint|p2a: Pelipper
|-ability|p1a: Magearna|Soul-Heart|boost
|-boost|p1a: Magearna|spa|1
|
|-weather|RainDance|[upkeep]
|-damage|p1a: Magearna|60/100|[from] Salt Cure
|
|switch|p2a: Basculegion|Basculegion, M|81/100
|turn|13
|
|-terastallize|p2a: Basculegion|Water
|move|p2a: Basculegion|Aqua Jet|p1a: Magearna
|-damage|p1a: Magearna|10/100
|move|p1a: Magearna|Draining Kiss|p2a: Basculegion
|-damage|p2a: Basculegion|0 fnt
|-heal|p1a: Magearna|73/100|[from] drain|[of] p2a: Basculegion
|faint|p2a: Basculegion
|-ability|p1a: Magearna|Soul-Heart|boost
|-boost|p1a: Magearna|spa|1
|
|-weather|RainDance|[upkeep]
|-damage|p1a: Magearna|61/100|[from] Salt Cure
|-message|p2 forfeited.
|
|win|p1
