|poke|p1|Gholdengo|
|poke|p1|Magearna|
|poke|p1|Zamazenta-*|
|poke|p1|Samurott-Hisui, F|
|poke|p1|Great Tusk|
|poke|p1|Dragapult, F|
|poke|p2|Roaring Moon|
|poke|p2|Walking Wake|
|poke|p2|Great Tusk|
|poke|p2|Corviknight, M|
|poke|p2|Torkoal, F|
|poke|p2|Hatterene, F|
|teampreview
|
|start
|switch|p1a: Dragapult|Dragapult, F|100/100
|switch|p2a: Roaring Moon|Roaring Moon|100/100
|turn|1
|
|move|p2a: Roaring Moon|U-turn|p1a: Dragapult
|-resisted|p1a: Dragapult
|-damage|p1a: Dragapult|86/100
|-start|p2a: Roaring Moon|Disable|U-turn|[from] ability: Cursed Body|[of] p1a: Dragapult
|
|-end|p2a: Roaring Moon|Protosynthesis|[silent]
|switch|p2a: Hatterene|Hatterene, F|100/100|[from] U-turn
|move|p1a: Dragapult|Reflect|p1a: Dragapult
|-sidestart|p1: Traes home|Reflect
|
|turn|2
|
|move|p1a: Dragapult|Light Screen|p1a: Dragapult
|-sidestart|p1: Traes home|move: Light Screen
|move|p2a: Hatterene|Draining Kiss|p1a: Dragapult
|-supereffective|p1a: Dragapult
|-damage|p1a: Dragapult|60/100
|
|turn|3
|
|move|p1a: Dragapult|Curse|p2a: Hatterene
|-start|p2a: Hatterene|Curse|[of] p1a: Dragapult
|-damage|p1a: Dragapult|10/100
|move|p2a: Hatterene|Nuzzle|p1a: Dragapult
|-resisted|p1a: Dragapult
|-damage|p1a: Dragapult|9/100
|-status|p1a: Dragapult|par
|-start|p2a: Hatterene|Disable|Nuzzle|[from] ability: Cursed Body|[of] p1a: Dragapult
|
|-damage|p2a: Hatterene|76/100|[from] Curse
|turn|4
|
|switch|p2a: Torkoal|Torkoal, F|100/100
|-weather|SunnyDay|[from] ability: Drought|[of] p2a: Torkoal
|move|p1a: Dragapult|Curse|p2a: Torkoal
|-start|p2a: Torkoal|Curse|[of] p1a: Dragapult
|-damage|p1a: Dragapult|0 fnt
|faint|p1a: Dragapult
|
|-weather|SunnyDay|[upkeep]
|-damage|p2a: Torkoal|75/100|[from] Curse
|
|switch|p1a: Samurott|Samurott-Hisui, F|100/100
|turn|5
|
|switch|p2a: Roaring Moon|Roaring Moon|100/100
|-activate|p2a: Roaring Moon|ability: Protosynthesis
|-start|p2a: Roaring Moon|protosynthesisatk
|move|p1a: Samurott|Ceaseless Edge|p2a: Roaring Moon
|-resisted|p2a: Roaring Moon
|-damage|p2a: Roaring Moon|66/100
|-sidestart|p2: zkdr|Spikes
|-damage|p1a: Samurott|91/100|[from] item: Life Orb
|
|-weather|SunnyDay|[upkeep]
|turn|6
|
|move|p2a: Roaring Moon|U-turn|p1a: Samurott
|-supereffective|p1a: Samurott
|-damage|p1a: Samurott|41/100
|
|-end|p2a: Roaring Moon|Protosynthesis|[silent]
|switch|p2a: Great Tusk|Great Tusk|100/100|[from] U-turn
|-damage|p2a: Great Tusk|88/100|[from] Spikes
|-activate|p2a: Great Tusk|ability: Protosynthesis
|-start|p2a: Great Tusk|protosynthesisatk
|move|p1a: Samurott|Ceaseless Edge|p2a: Great Tusk
|-resisted|p2a: Great Tusk
|-damage|p2a: Great Tusk|67/100
|-sidestart|p2: zkdr|Spikes
|-damage|p1a: Samurott|31/100|[from] item: Life Orb
|
|-weather|SunnyDay|[upkeep]
|-heal|p2a: Great Tusk|73/100|[from] item: Leftovers
|turn|7
|
|move|p1a: Samurott|Aqua Cutter|p2a: Great Tusk
|-supereffective|p2a: Great Tusk
|-damage|p2a: Great Tusk|29/100
|-damage|p1a: Samurott|21/100|[from] item: Life Orb
|move|p2a: Great Tusk|Rapid Spin|p1a: Samurott
|-damage|p1a: Samurott|6/100
|-boost|p2a: Great Tusk|spe|1
|-sideend|p2: zkdr|Spikes|[from] move: Rapid Spin|[of] p2a: Great Tusk
|
|-weather|SunnyDay|[upkeep]
|-heal|p2a: Great Tusk|35/100|[from] item: Leftovers
|turn|8
|
|move|p1a: Samurott|Sucker Punch|p2a: Great Tusk
|-resisted|p2a: Great Tusk
|-damage|p2a: Great Tusk|19/100
|-damage|p1a: Samurott|0 fnt|[from] item: Life Orb
|faint|p1a: Samurott
|move|p2a: Great Tusk|Ice Spinner|p1: Samurott|[notarget]
|-fail|p2a: Great Tusk
|
|-weather|SunnyDay|[upkeep]
|-heal|p2a: Great Tusk|26/100|[from] item: Leftovers
|-sideend|p1: Traes home|Reflect
|
|switch|p1a: Zamazenta|Zamazenta|100/100
|-ability|p1a: Zamazenta|Dauntless Shield|boost
|-boost|p1a: Zamazenta|def|1
|turn|9
|
|-end|p2a: Great Tusk|Protosynthesis|[silent]
|switch|p2a: Hatterene|Hatterene, F|76/100
|move|p1a: Zamazenta|Iron Defense|p1a: Zamazenta
|-boost|p1a: Zamazenta|def|2
|
|-weather|SunnyDay|[upkeep]
|-sideend|p1: Traes home|move: Light Screen
|turn|10
|
|-terastallize|p1a: Zamazenta|Steel
|move|p1a: Zamazenta|Substitute|p1a: Zamazenta
|-start|p1a: Zamazenta|Substitute
|-damage|p1a: Zamazenta|76/100
|move|p2a: Hatterene|Nuzzle|p1a: Zamazenta
|-activate|p1a: Zamazenta|move: Substitute|[damage]
|
|-weather|SunnyDay|[upkeep]
|-heal|p1a: Zamazenta|82/100|[from] item: Leftovers
|turn|11
|
|move|p1a: Zamazenta|Iron Defense|p1a: Zamazenta
|-boost|p1a: Zamazenta|def|2
|move|p2a: Hatterene|Psychic|p1a: Zamazenta
|-resisted|p1a: Zamazenta
|-activate|p1a: Zamazenta|move: Substitute|[damage]
|
|-weather|none
|-heal|p1a: Zamazenta|88/100|[from] item: Leftovers
|turn|12
|
|move|p1a: Zamazenta|Body Press|p2a: Hatterene
|-resisted|p2a: Hatterene
|-damage|p2a: Hatterene|53/100
|-enditem|p2a: Hatterene|Eject Button
|
|switch|p2a: Torkoal|Torkoal, F|75/100
|-weather|SunnyDay|[from] ability: Drought|[of] p2a: Torkoal
|
|-weather|SunnyDay|[upkeep]
|-heal|p1a: Zamazenta|94/100|[from] item: Leftovers
|turn|13
|
|-terastallize|p2a: Torkoal|Ghost
|move|p1a: Zamazenta|Body Press|p2a: Torkoal
|-immune|p2a: Torkoal
|move|p2a: Torkoal|Lava Plume|p1a: Zamazenta
|-supereffective|p1a: Zamazenta
|-end|p1a: Zamazenta|Substitute
|
|-weather|SunnyDay|[upkeep]
|-heal|p1a: Zamazenta|100/100|[from] item: Leftovers
|turn|14
|
|move|p1a: Zamazenta|Crunch|p2a: Torkoal
|-supereffective|p2a: Torkoal
|-damage|p2a: Torkoal|50/100
|move|p2a: Torkoal|Stealth Rock|p1a: Zamazenta
|-sidestart|p1: Traes home|move: Stealth Rock
|
|-weather|SunnyDay|[upkeep]
|turn|15
|
|move|p1a: Zamazenta|Crunch|p2a: Torkoal
|-supereffective|p2a: Torkoal
|-damage|p2a: Torkoal|27/100
|-unboost|p2a: Torkoal|def|1
|move|p2a: Torkoal|Lava Plume|p1a: Zamazenta
|-supereffective|p1a: Zamazenta
|-damage|p1a: Zamazenta|43/100
|
|-weather|SunnyDay|[upkeep]
|-heal|p1a: Zamazenta|49/100|[from] item: Leftovers
|turn|16
|
|switch|p2a: Walking Wake|Walking Wake|100/100
|-activate|p2a: Walking Wake|ability: Protosynthesis
|-start|p2a: Walking Wake|protosynthesisspe
|move|p1a: Zamazenta|Substitute|p1a: Zamazenta
|-start|p1a: Zamazenta|Substitute
|-damage|p1a: Zamazenta|24/100
|
|-weather|SunnyDay|[upkeep]
|-heal|p1a: Zamazenta|30/100|[from] item: Leftovers
|turn|17
|
|move|p2a: Walking Wake|Flamethrower|p1a: Zamazenta
|-supereffective|p1a: Zamazenta
|-end|p1a: Zamazenta|Substitute
|move|p1a: Zamazenta|Body Press|p2a: Walking Wake
|-damage|p2a: Walking Wake|0 fnt
|faint|p2a: Walking Wake
|-end|p2a: Walking Wake|Protosynthesis|[silent]
|
|-weather|SunnyDay|[upkeep]
|-heal|p1a: Zamazenta|36/100|[from] item: Leftovers
|
|switch|p2a: Roaring Moon|Roaring Moon|66/100
|-activate|p2a: Roaring Moon|ability: Protosynthesis
|-start|p2a: Roaring Moon|protosynthesisatk
|turn|18
|
|move|p2a: Roaring Moon|Crunch|p1a: Zamazenta
|-damage|p1a: Zamazenta|21/100
|move|p1a: Zamazenta|Body Press|p2a: Roaring Moon
|-supereffective|p2a: Roaring Moon
|-damage|p2a: Roaring Moon|0 fnt
|faint|p2a: Roaring Moon
|-end|p2a: Roaring Moon|Protosynthesis|[silent]
|
|-weather|SunnyDay|[upkeep]
|-heal|p1a: Zamazenta|27/100|[from] item: Leftovers
|
|switch|p2a: Corviknight|Corviknight, M|100/100
|-ability|p2a: Corviknight|Pressure
|turn|19
|
|move|p1a: Zamazenta|Substitute|p1a: Zamazenta
|-start|p1a: Zamazenta|Substitute
|-damage|p1a: Zamazenta|2/100
|move|p2a: Corviknight|Body Press|p1a: Zamazenta
|-supereffective|p1a: Zamazenta
|-activate|p1a: Zamazenta|move: Substitute|[damage]
|
|-weather|none
|-heal|p1a: Zamazenta|9/100|[from] item: Leftovers
|turn|20
|
|move|p1a: Zamazenta|Iron Defense|p1a: Zamazenta
|-boost|p1a: Zamazenta|def|1
|move|p2a: Corviknight|Body Press|p1a: Zamazenta
|-supereffective|p1a: Zamazenta
|-activate|p1a: Zamazenta|move: Substitute|[damage]
|
|-heal|p1a: Zamazenta|15/100|[from] item: Leftovers
|turn|21
|
|move|p1a: Zamazenta|Iron Defense|p1a: Zamazenta
|-boost|p1a: Zamazenta|def|0
|move|p2a: Corviknight|U-turn|p1a: Zamazenta
|-resisted|p1a: Zamazenta
|-activate|p1a: Zamazenta|move: Substitute|[damage]
|
|switch|p2a: Hatterene|Hatterene, F|53/100|[from] U-turn
|
|-heal|p1a: Zamazenta|21/100|[from] item: Leftovers
|turn|22
|
|move|p1a: Zamazenta|Body Press|p2a: Hatterene
|-resisted|p2a: Hatterene
|-damage|p2a: Hatterene|27/100
|move|p2a: Hatterene|Psychic|p1a: Zamazenta
|-resisted|p1a: Zamazenta
|-end|p1a: Zamazenta|Substitute
|
|-heal|p1a: Zamazenta|27/100|[from] item: Leftovers
|turn|23
|
|move|p1a: Zamazenta|Substitute|p1a: Zamazenta
|-start|p1a: Zamazenta|Substitute
|-damage|p1a: Zamazenta|2/100
|move|p2a: Hatterene|Healing Wish|p2a: Hatterene
|faint|p2a: Hatterene
|
|-heal|p1a: Zamazenta|9/100|[from] item: Leftovers
|
|switch|p2a: Torkoal|Torkoal, F, tera:Ghost|27/100
|-heal|p2a: Torkoal|100/100|[from] move: Healing Wish
|-weather|SunnyDay|[from] ability: Drought|[of] p2a: Torkoal
|turn|24
|
|move|p1a: Zamazenta|Crunch|p2a: Torkoal
|-supereffective|p2a: Torkoal
|-damage|p2a: Torkoal|77/100
|-unboost|p2a: Torkoal|def|1
|move|p2a: Torkoal|Lava Plume|p1a: Zamazenta
|-supereffective|p1a: Zamazenta
|-end|p1a: Zamazenta|Substitute
|
|-weather|SunnyDay|[upkeep]
|-heal|p1a: Zamazenta|15/100|[from] item: Leftovers
|turn|25
|
|switch|p2a: Great Tusk|Great Tusk|26/100
|-activate|p2a: Great Tusk|ability: Protosynthesis
|-start|p2a: Great Tusk|protosynthesisatk
|move|p1a: Zamazenta|Crunch|p2a: Great Tusk
|-resisted|p2a: Great Tusk
|-damage|p2a: Great Tusk|17/100
|
|-weather|SunnyDay|[upkeep]
|-heal|p1a: Zamazenta|21/100|[from] item: Leftovers
|-heal|p2a: Great Tusk|24/100|[from] item: Leftovers
|turn|26
|
|move|p1a: Zamazenta|Body Press|p2a: Great Tusk
|-damage|p2a: Great Tusk|0 fnt
|faint|p2a: Great Tusk
|-end|p2a: Great Tusk|Protosynthesis|[silent]
|
|-weather|SunnyDay|[upkeep]
|-heal|p1a: Zamazenta|27/100|[from] item: Leftovers
|
|switch|p2a: Torkoal|Torkoal, F, tera:Ghost|77/100
|turn|27
|
|move|p1a: Zamazenta|Crunch|p2a: Torkoal
|-supereffective|p2a: Torkoal
|-damage|p2a: Torkoal|52/100
|move|p2a: Torkoal|Lava Plume|p1a: Zamazenta
|-supereffective|p1a: Zamazenta
|-damage|p1a: Zamazenta|0 fnt
|faint|p1a: Zamazenta
|
|-weather|SunnyDay|[upkeep]
|
|switch|p1a: Gholdengo|Gholdengo|100/100
|-damage|p1a: Gholdengo|94/100|[from] Stealth Rock
|-item|p1a: Gholdengo|Air Balloon
|turn|28
|
|move|p1a: Gholdengo|Shadow Ball|p2a: Torkoal
|-supereffective|p2a: Torkoal
|-damage|p2a: Torkoal|0 fnt
|faint|p2a: Torkoal
|
|-weather|SunnyDay|[upkeep]
|
|switch|p2a: Corviknight|Corviknight, M|100/100
|-ability|p2a: Corviknight|Pressure
|turn|29
|
|move|p1a: Gholdengo|Nasty Plot|p1a: Gholdengo
|-boost|p1a: Gholdengo|spa|2
|move|p2a: Corviknight|U-turn|p1a: Gholdengo
|-resisted|p1a: Gholdengo
|-damage|p1a: Gholdengo|92/100
|-enditem|p1a: Gholdengo|Air Balloon
|
|-weather|SunnyDay|[upkeep]
|turn|30
|-message|zkdr forfeited.
|
|win|Traes home
