|poke|p1|Landorus-Therian, M|
|poke|p1|Goodra-Hisui, F|
|poke|p1|Chien-Pao|
|poke|p1|Magearna|
|poke|p1|Hoopa|
|poke|p1|Volcarona, M|
|poke|p2|Arcanine, M|
|poke|p2|Rotom-Wash|
|poke|p2|Great Tusk|
|poke|p2|Garchomp, F|
|poke|p2|Gholdengo|
|poke|p2|Hawlucha, F|
|teampreview
|
|start
|switch|p1a: Greater Tusk|Landorus-Therian, M|100/100
|switch|p2a: Rotom|Rotom-Wash|100/100
|-ability|p1a: Greater Tusk|Intimidate|boost
|-unboost|p2a: Rotom|atk|1
|turn|1
|
|move|p1a: Greater Tusk|Stealth Rock|p2a: Rotom
|-sidestart|p2: p2|move: Stealth Rock
|move|p2a: Rotom|Will-O-Wisp|p1a: Greater Tusk
|-status|p1a: Greater Tusk|brn
|
|-damage|p1a: Greater Tusk|94/100 brn|[from] brn
|turn|2
|
|move|p1a: Greater Tusk|U-turn|p2a: Rotom
|-damage|p2a: Rotom|92/100
|
|switch|p1a: Goodra|Goodra-Hisui, F|100/100|[from] U-turn
|move|p2a: Rotom|Will-O-Wisp|p1a: Goodra
|-status|p1a: Goodra|brn
|
|-heal|p2a: Rotom|98/100|[from] item: Leftovers
|-damage|p1a: Goodra|94/100 brn|[from] brn
|turn|3
|
|move|p2a: Rotom|Volt Switch|p1a: Goodra
|-resisted|p1a: Goodra
|-damage|p1a: Goodra|89/100 brn
|
|switch|p2a: Gholdengo|Gholdengo|100/100|[from] Volt Switch
|-damage|p2a: Gholdengo|94/100|[from] Stealth Rock
|move|p1a: Goodra|Dragon Pulse|p2a: Gholdengo
|-resisted|p2a: Gholdengo
|-damage|p2a: Gholdengo|70/100
|
|-damage|p1a: Goodra|83/100 brn|[from] brn
|turn|4
|
|switch|p2a: Great Tusk|Great Tusk|100/100
|-damage|p2a: Great Tusk|98/100|[from] Stealth Rock
|move|p1a: Goodra|Dragon Pulse|p2a: Great Tusk
|-crit|p2a: Great Tusk
|-damage|p2a: Great Tusk|16/100
|
|-heal|p2a: Great Tusk|22/100|[from] item: Leftovers
|-damage|p1a: Goodra|76/100 brn|[from] brn
|turn|5
|
|switch|p1a: Greater Tusk|Landorus-Therian, M|94/100 brn
|-ability|p1a: Greater Tusk|Intimidate|boost
|-unboost|p2a: Great Tusk|atk|1
|move|p2a: Great Tusk|Earthquake|p1a: Greater Tusk
|-immune|p1a: Greater Tusk
|
|-heal|p2a: Great Tusk|28/100|[from] item: Leftovers
|-damage|p1a: Greater Tusk|88/100 brn|[from] brn
|turn|6
|
|-end|p2a: Great Tusk|Protosynthesis|[silent]
|switch|p2a: Hawlucha|Hawlucha, F|100/100
|-damage|p2a: Hawlucha|88/100|[from] Stealth Rock
|-ability|p2a: Hawlucha|Mold Breaker
|move|p1a: Greater Tusk|U-turn|p2a: Hawlucha
|-resisted|p2a: Hawlucha
|-damage|p2a: Hawlucha|86/100
|-damage|p1a: Greater Tusk|72/100 brn|[from] item: Rocky Helmet|[of] p2a: Hawlucha
|
|switch|p1a: Chien-Pao|Chien-Pao|100/100|[from] U-turn
|-ability|p1a: Chien-Pao|Sword of Ruin
|
|turn|7
|
|-terastallize|p2a: Hawlucha|Steel
|move|p1a: Chien-Pao|Icicle Crash|p2a: Hawlucha
|-resisted|p2a: Hawlucha
|-damage|p2a: Hawlucha|49/100
|move|p2a: Hawlucha|Flying Press|p1a: Chien-Pao
|-supereffective|p1a: Chien-Pao
|-damage|p1a: Chien-Pao|0 fnt
|faint|p1a: Chien-Pao
|
|
|switch|p1a: Volcarona|Volcarona, M|100/100
|turn|8
|
|move|p1a: Volcarona|Flamethrower|p2a: Hawlucha
|-supereffective|p2a: Hawlucha
|-damage|p2a: Hawlucha|0 fnt
|faint|p2a: Hawlucha
|
|
|switch|p2a: Garchomp|Garchomp, F|100/100
|-damage|p2a: Garchomp|94/100|[from] Stealth Rock
|turn|9
|
|switch|p2a: Great Tusk|Great Tusk|28/100
|-damage|p2a: Great Tusk|25/100|[from] Stealth Rock
|switch|p1a: Greater Tusk|Landorus-Therian, M|72/100 brn
|-ability|p1a: Greater Tusk|Intimidate|boost
|-unboost|p2a: Great Tusk|atk|1
|
|-heal|p2a: Great Tusk|31/100|[from] item: Leftovers
|-damage|p1a: Greater Tusk|66/100 brn|[from] brn
|turn|10
|
|move|p2a: Great Tusk|Rapid Spin|p1a: Greater Tusk
|-damage|p1a: Greater Tusk|56/100 brn
|-boost|p2a: Great Tusk|spe|1
|-damage|p2a: Great Tusk|15/100|[from] item: Rocky Helmet|[of] p1a: Greater Tusk
|-sideend|p2: p2|Stealth Rock|[from] move: Rapid Spin|[of] p2a: Great Tusk
|move|p1a: Greater Tusk|U-turn|p2a: Great Tusk
|-resisted|p2a: Great Tusk
|-damage|p2a: Great Tusk|10/100
|
|switch|p1a: Hoopa|Hoopa|100/100|[from] U-turn
|
|-heal|p2a: Great Tusk|17/100|[from] item: Leftovers
|turn|11
|
|move|p2a: Great Tusk|Knock Off|p1a: Hoopa
|-supereffective|p1a: Hoopa
|-damage|p1a: Hoopa|0 fnt
|-enditem|p1a: Hoopa|Choice Scarf|[from] move: Knock Off|[of] p2a: Great Tusk
|faint|p1a: Hoopa
|
|-heal|p2a: Great Tusk|23/100|[from] item: Leftovers
|
|switch|p1a: Magearna|Magearna|100/100
|turn|12
|
|-end|p2a: Great Tusk|Protosynthesis|[silent]
|switch|p2a: Garchomp|Garchomp, F|94/100
|move|p1a: Magearna|Psyshock|p2a: Garchomp
|-damage|p2a: Garchomp|53/100
|-damage|p1a: Magearna|91/100|[from] item: Life Orb
|
|turn|13
|
|-terastallize|p1a: Magearna|Psychic
|move|p2a: Garchomp|Stealth Rock|p1a: Magearna
|-sidestart|p1: p1|move: Stealth Rock
|move|p1a: Magearna|Fleur Cannon|p2a: Garchomp|[miss]
|-miss|p1a: Magearna|p2a: Garchomp
|
|turn|14
|
|switch|p2a: Gholdengo|Gholdengo|70/100
|move|p1a: Magearna|Psyshock|p2a: Gholdengo
|-resisted|p2a: Gholdengo
|-damage|p2a: Gholdengo|35/100
|-damage|p1a: Magearna|81/100|[from] item: Life Orb
|
|turn|15
|
|switch|p1a: Goodra|Goodra-Hisui, F|76/100 brn
|-damage|p1a: Goodra|70/100 brn|[from] Stealth Rock
|move|p2a: Gholdengo|Shadow Ball|p1a: Goodra
|-damage|p1a: Goodra|51/100 brn
|-unboost|p1a: Goodra|spd|1
|
|-damage|p1a: Goodra|45/100 brn|[from] brn
|turn|16
|
|move|p2a: Gholdengo|Shadow Ball|p1a: Goodra
|-damage|p1a: Goodra|22/100 brn
|move|p1a: Goodra|Dragon Pulse|p2a: Gholdengo
|-resisted|p2a: Gholdengo
|-damage|p2a: Gholdengo|11/100
|
|-damage|p1a: Goodra|15/100 brn|[from] brn
|turn|17
|
|move|p2a: Gholdengo|Shadow Ball|p1a: Goodra
|-damage|p1a: Goodra|0 fnt
|faint|p1a: Goodra
|
|
|switch|p1a: Volcarona|Volcarona, M|100/100
|turn|18
|
|switch|p2a: Arcanine|Arcanine, M|100/100
|move|p1a: Volcarona|Flamethrower|p2a: Arcanine
|-start|p2a: Arcanine|ability: Flash Fire
|
|turn|19
|
|switch|p1a: Greater Tusk|Landorus-Therian, M|56/100 brn
|-damage|p1a: Greater Tusk|44/100 brn|[from] Stealth Rock
|-ability|p1a: Greater Tusk|Intimidate|boost
|-unboost|p2a: Arcanine|atk|1
|move|p2a: Arcanine|Howl|p2a: Arcanine
|-boost|p2a: Arcanine|atk|1
|
|-damage|p1a: Greater Tusk|38/100 brn|[from] brn
|turn|20
|
|move|p2a: Arcanine|Flare Blitz|p1a: Greater Tusk
|-damage|p1a: Greater Tusk|0 fnt
|-damage|p2a: Arcanine|84/100|[from] item: Rocky Helmet|[of] p1a: Greater Tusk
|faint|p1a: Greater Tusk
|-damage|p2a: Arcanine|70/100|[from] Recoil
|
|
|switch|p1a: Magearna|Magearna, tera:Psychic|81/100
|-damage|p1a: Magearna|68/100|[from] Stealth Rock
|turn|21
|
|move|p2a: Arcanine|Flare Blitz|p1a: Magearna
|-damage|p1a: Magearna|0 fnt
|faint|p1a: Magearna
|-damage|p2a: Arcanine|50/100|[from] Recoil
|
|
|switch|p1a: Volcarona|Volcarona, M|100/100
|turn|22
|
|move|p2a: Arcanine|Extreme Speed|p1a: Volcarona
|-crit|p1a: Volcarona
|-damage|p1a: Volcarona|18/100
|move|p1a: Volcarona|Bug Buzz|p2a: Arcanine
|-resisted|p2a: Arcanine
|-damage|p2a: Arcanine|19/100
|
|turn|23
|
|move|p2a: Arcanine|Extreme Speed|p1a: Volcarona
|-damage|p1a: Volcarona|0 fnt
|faint|p1a: Volcarona
|
|win|p2
|n|☆p1|twippin
|n|☆p2|deathcoil
|n|+SetsuStsna|setsustsna
