# advantage = p2
|poke|p1|Indeedee, M|
|poke|p1|Polteageist|
|poke|p1|Dondozo, M|
|poke|p1|Volcarona, F|
|poke|p1|Great Tusk|
|poke|p1|Corviknight, M|
|poke|p2|Amoonguss, F|
|poke|p2|Chien-Pao|
|poke|p2|Enamorus, F|
|poke|p2|Urshifu-*, M|
|poke|p2|Magearna|
|poke|p2|Klefki, M|
|teampreview
|
|start
|switch|p1a: Volcarona|Volcarona, F|100/100
|switch|p2a: Klefki|Klefki, M|100/100
|turn|1
|
|move|p2a: Klefki|Sunny Day|p2a: Klefki
|-weather|SunnyDay
|move|p1a: Volcarona|Fiery Dance|p2a: Klefki
|-supereffective|p2a: Klefki
|-damage|p2a: Klefki|0 fnt
|faint|p2a: Klefki
|
|-weather|SunnyDay|[upkeep]
|
|switch|p2a: Urshifu|Urshifu-Rapid-Strike, M|100/100
|turn|2
|
|-terastallize|p1a: Volcarona|Water
|move|p2a: Urshifu|Surging Strikes|p1a: Volcarona
|-resisted|p1a: Volcarona
|-crit|p1a: Volcarona
|-damage|p1a: Volcarona|88/100
|-resisted|p1a: Volcarona
|-crit|p1a: Volcarona
|-damage|p1a: Volcarona|75/100
|-resisted|p1a: Volcarona
|-crit|p1a: Volcarona
|-damage|p1a: Volcarona|62/100
|-hitcount|p1a: Volcarona|3
|move|p1a: Volcarona|Quiver Dance|p1a: Volcarona
|-boost|p1a: Volcarona|spa|1
|-boost|p1a: Volcarona|spd|1
|-boost|p1a: Volcarona|spe|1
|
|-weather|SunnyDay|[upkeep]
|turn|3
|
|switch|p2a: Amoonguss|Amoonguss, F|100/100
|move|p1a: Volcarona|Morning Sun|p1a: Volcarona
|-heal|p1a: Volcarona|100/100
|
|-weather|SunnyDay|[upkeep]
|turn|4
|
|-terastallize|p2a: Amoonguss|Flying
|move|p1a: Volcarona|Fiery Dance|p2a: Amoonguss
|-damage|p2a: Amoonguss|25/100
|-boost|p1a: Volcarona|spa|1
|move|p2a: Amoonguss|Spore|p1a: Volcarona
|-status|p1a: Volcarona|slp|[from] move: Spore
|
|-weather|SunnyDay|[upkeep]
|turn|5
|
|switch|p2a: Urshifu|Urshifu-Rapid-Strike, M|100/100
|cant|p1a: Volcarona|slp
|
|-weather|none
|turn|6
|
|switch|p1a: Corviknight|Corviknight, M|100/100
|move|p2a: Urshifu|Thunder Punch|p1a: Corviknight
|-supereffective|p1a: Corviknight
|-damage|p1a: Corviknight|51/100
|-damage|p2a: Urshifu|84/100|[from] item: Rocky Helmet|[of] p1a: Corviknight
|
|turn|7
|
|move|p2a: Urshifu|Thunder Punch|p1a: Corviknight
|-supereffective|p1a: Corviknight
|-damage|p1a: Corviknight|1/100
|-damage|p2a: Urshifu|68/100|[from] item: Rocky Helmet|[of] p1a: Corviknight
|move|p1a: Corviknight|Roost|p1a: Corviknight
|-heal|p1a: Corviknight|51/100
|-singleturn|p1a: Corviknight|move: Roost
|
|turn|8
|
|move|p2a: Urshifu|Thunder Punch|p1a: Corviknight
|-supereffective|p1a: Corviknight
|-damage|p1a: Corviknight|6/100
|-damage|p2a: Urshifu|51/100|[from] item: Rocky Helmet|[of] p1a: Corviknight
|move|p1a: Corviknight|Roost|p1a: Corviknight
|-heal|p1a: Corviknight|56/100
|-singleturn|p1a: Corviknight|move: Roost
|
|turn|9
|
|switch|p2a: Amoonguss|Amoonguss, F, tera:Flying|58/100
|move|p1a: Corviknight|Roost|p1a: Corviknight
|-heal|p1a: Corviknight|100/100
|-singleturn|p1a: Corviknight|move: Roost
|
|turn|10
|
|switch|p2a: Enamorus|Enamorus, F|100/100
|move|p1a: Corviknight|Brave Bird|p2a: Enamorus
|-damage|p2a: Enamorus|31/100
|-damage|p1a: Corviknight|84/100|[from] Recoil
|
|-heal|p2a: Enamorus|37/100|[from] item: Leftovers
|turn|11
|
|move|p2a: Enamorus|Superpower|p1a: Corviknight
|-damage|p1a: Corviknight|67/100
|-boost|p2a: Enamorus|atk|1
|-boost|p2a: Enamorus|def|1
|-damage|p2a: Enamorus|20/100|[from] item: Rocky Helmet|[of] p1a: Corviknight
|move|p1a: Corviknight|Brave Bird|p2a: Enamorus
|-damage|p2a: Enamorus|0 fnt
|faint|p2a: Enamorus
|-damage|p1a: Corviknight|62/100|[from] Recoil
|
|
|switch|p2a: Chien-Pao|Chien-Pao|100/100
|-ability|p2a: Chien-Pao|Sword of Ruin
|turn|12
|
|move|p2a: Chien-Pao|Icicle Crash|p1a: Corviknight
|-damage|p1a: Corviknight|15/100
|move|p1a: Corviknight|Roost|p1a: Corviknight
|-heal|p1a: Corviknight|65/100
|-singleturn|p1a: Corviknight|move: Roost
|
|turn|13
|
|move|p2a: Chien-Pao|Icicle Crash|p1a: Corviknight
|-damage|p1a: Corviknight|13/100
|cant|p1a: Corviknight|flinch
|
|turn|14
|
|move|p2a: Chien-Pao|Icicle Crash|p1a: Corviknight
|-damage|p1a: Corviknight|0 fnt
|faint|p1a: Corviknight
|
|
|switch|p1a: Great Tusk|Great Tusk|100/100
|turn|15
|
|-end|p1a: Great Tusk|Protosynthesis|[silent]
|switch|p1a: Dondozo|Dondozo, M|100/100
|move|p2a: Chien-Pao|Icicle Crash|p1a: Dondozo
|-resisted|p1a: Dondozo
|-damage|p1a: Dondozo|81/100
|
|turn|16
|
|switch|p2a: Amoonguss|Amoonguss, F, tera:Flying|91/100
|move|p1a: Dondozo|Body Press|p2a: Amoonguss
|-resisted|p2a: Amoonguss
|-damage|p2a: Amoonguss|77/100
|-damage|p1a: Dondozo|64/100|[from] item: Rocky Helmet|[of] p2a: Amoonguss
|
|turn|17
|
|switch|p1a: Indeedee|Indeedee, M|100/100
|-fieldstart|move: Psychic Terrain|[from] ability: Psychic Surge|[of] p1a: Indeedee
|move|p2a: Amoonguss|Giga Drain|p1a: Indeedee
|-damage|p1a: Indeedee|69/100
|-heal|p2a: Amoonguss|87/100|[from] drain|[of] p1a: Indeedee
|
|turn|18
|
|switch|p1a: Polteageist|Polteageist|100/100
|switch|p2a: Magearna|Magearna|100/100
|
|turn|19
|
|move|p1a: Polteageist|Shell Smash|p1a: Polteageist
|-unboost|p1a: Polteageist|def|1
|-unboost|p1a: Polteageist|spd|1
|-boost|p1a: Polteageist|atk|2
|-boost|p1a: Polteageist|spa|2
|-boost|p1a: Polteageist|spe|2
|-enditem|p1a: Polteageist|White Herb
|-clearnegativeboost|p1a: Polteageist|[silent]
|move|p2a: Magearna|Calm Mind|p2a: Magearna
|-boost|p2a: Magearna|spa|1
|-boost|p2a: Magearna|spd|1
|
|turn|20
|
|move|p1a: Polteageist|Stored Power|p2a: Magearna
|-resisted|p2a: Magearna
|-damage|p2a: Magearna|65/100
|move|p2a: Magearna|Fleur Cannon|p1a: Polteageist
|-damage|p1a: Polteageist|0 fnt
|-unboost|p2a: Magearna|spa|2
|faint|p1a: Polteageist
|-ability|p2a: Magearna|Soul-Heart|boost
|-boost|p2a: Magearna|spa|1
|
|-heal|p2a: Magearna|71/100|[from] item: Leftovers
|
|switch|p1a: Great Tusk|Great Tusk|100/100
|turn|21
|
|switch|p2a: Urshifu|Urshifu-Rapid-Strike, M|51/100
|move|p1a: Great Tusk|Earthquake|p2a: Urshifu
|-damage|p2a: Urshifu|1/100
|
|turn|22
|
|-end|p1a: Great Tusk|Protosynthesis|[silent]
|switch|p1a: Volcarona|Volcarona, F, tera:Water|100/100 slp
|move|p2a: Urshifu|Surging Strikes|p1a: Volcarona
|-resisted|p1a: Volcarona
|-crit|p1a: Volcarona
|-damage|p1a: Volcarona|75/100 slp
|-resisted|p1a: Volcarona
|-crit|p1a: Volcarona
|-damage|p1a: Volcarona|49/100 slp
|-status|p2a: Urshifu|brn|[from] ability: Flame Body|[of] p1a: Volcarona
|-resisted|p1a: Volcarona
|-crit|p1a: Volcarona
|-damage|p1a: Volcarona|38/100 slp
|-hitcount|p1a: Volcarona|3
|
|-damage|p2a: Urshifu|0 fnt|[from] brn
|faint|p2a: Urshifu
|
|switch|p2a: Chien-Pao|Chien-Pao|100/100
|-ability|p2a: Chien-Pao|Sword of Ruin
|turn|23
|
|switch|p1a: Dondozo|Dondozo, M|64/100
|move|p2a: Chien-Pao|Crunch|p1a: Dondozo
|-damage|p1a: Dondozo|32/100
|
|turn|24
|
|move|p2a: Chien-Pao|Crunch|p1a: Dondozo
|-damage|p1a: Dondozo|0 fnt
|faint|p1a: Dondozo
|
|-fieldend|move: Psychic Terrain
|
|switch|p1a: Great Tusk|Great Tusk|100/100
|turn|25
|
|switch|p2a: Amoonguss|Amoonguss, F, tera:Flying|100/100
|move|p1a: Great Tusk|Stealth Rock|p2a: Amoonguss
|-sidestart|p2: p2|move: Stealth Rock
|
|turn|26
|
|move|p1a: Great Tusk|Knock Off|p2a: Amoonguss
|-damage|p2a: Amoonguss|62/100
|-damage|p1a: Great Tusk|84/100|[from] item: Rocky Helmet|[of] p2a: Amoonguss
|-enditem|p2a: Amoonguss|Rocky Helmet|[from] move: Knock Off|[of] p1a: Great Tusk
|move|p2a: Amoonguss|Giga Drain|p1a: Great Tusk
|-supereffective|p1a: Great Tusk
|-damage|p1a: Great Tusk|15/100
|-heal|p2a: Amoonguss|92/100|[from] drain|[of] p1a: Great Tusk
|
|-heal|p1a: Great Tusk|21/100|[from] item: Leftovers
|turn|27
|
|move|p1a: Great Tusk|Knock Off|p2a: Amoonguss
|-damage|p2a: Amoonguss|66/100
|move|p2a: Amoonguss|Giga Drain|p1a: Great Tusk
|-supereffective|p1a: Great Tusk
|-damage|p1a: Great Tusk|0 fnt
|-heal|p2a: Amoonguss|75/100|[from] drain|[of] p1a: Great Tusk
|faint|p1a: Great Tusk
|-end|p1a: Great Tusk|Protosynthesis|[silent]
|
|
|switch|p1a: Indeedee|Indeedee, M|69/100
|-fieldstart|move: Psychic Terrain|[from] ability: Psychic Surge|[of] p1a: Indeedee
|turn|28
|
|switch|p2a: Chien-Pao|Chien-Pao|100/100
|-damage|p2a: Chien-Pao|76/100|[from] Stealth Rock
|-ability|p2a: Chien-Pao|Sword of Ruin
|move|p1a: Indeedee|Psychic|p2a: Chien-Pao
|-immune|p2a: Chien-Pao
|
|turn|29
|-message|p1 forfeited.
|
|win|p2
