|poke|p1|Hatterene, F|
|poke|p1|Clawitzer, F|
|poke|p1|Dragalge, F|
|poke|p1|Kingambit, M|
|poke|p1|Mudsdale, F|
|poke|p1|Ursaluna, M|
|poke|p2|Magearna|
|poke|p2|Landorus-Therian, M|
|poke|p2|Thundurus-Therian, M|
|poke|p2|Tornadus-Therian, M|
|poke|p2|Enamorus-Therian, F|
|poke|p2|Chien-Pao|
|teampreview
|
|start
|switch|p1a: Hatterene|Hatterene, F, shiny|100/100
|switch|p2a: Thundurus|Thundurus-Therian, M|100/100
|turn|1
|
|move|p2a: Thundurus|Nasty Plot|p2a: Thundurus
|-boost|p2a: Thundurus|spa|2
|move|p1a: Hatterene|Trick Room|p1a: Hatterene
|-fieldstart|move: Trick Room|[of] p1a: Hatterene
|
|turn|2
|
|switch|p1a: Ursaluna|Ursaluna, M, shiny|100/100
|move|p2a: Thundurus|Nasty Plot|p2a: Thundurus
|-boost|p2a: Thundurus|spa|2
|
|-status|p1a: Ursaluna|brn|[from] item: Flame Orb
|turn|3
|
|move|p1a: Ursaluna|Facade|p2a: Thundurus
|-enditem|p2a: Thundurus|Focus Sash
|-damage|p2a: Thundurus|1/100
|move|p2a: Thundurus|Grass Knot|p1a: Ursaluna
|-supereffective|p1a: Ursaluna
|-damage|p1a: Ursaluna|0 fnt
|faint|p1a: Ursaluna
|
|
|switch|p1a: Mudsdale|Mudsdale, F, shiny|100/100
|turn|4
|
|move|p1a: Mudsdale|Body Press|p2a: Thundurus
|-resisted|p2a: Thundurus
|-damage|p2a: Thundurus|0 fnt
|faint|p2a: Thundurus
|
|
|switch|p2a: Chien-Pao|Chien-Pao|100/100
|-ability|p2a: Chien-Pao|Sword of Ruin
|turn|5
|
|switch|p2a: Landorus|Landorus-Therian, M|100/100
|-ability|p2a: Landorus|Intimidate|boost
|-unboost|p1a: Mudsdale|atk|1
|move|p1a: Mudsdale|Body Press|p2a: Landorus
|-resisted|p2a: Landorus
|-damage|p2a: Landorus|90/100
|
|-heal|p2a: Landorus|96/100|[from] item: Leftovers
|-fieldend|move: Trick Room
|turn|6
|
|move|p2a: Landorus|Swords Dance|p2a: Landorus
|-boost|p2a: Landorus|atk|2
|move|p1a: Mudsdale|Stealth Rock|p2a: Landorus
|-sidestart|p2: p2|move: Stealth Rock
|
|-heal|p2a: Landorus|100/100|[from] item: Leftovers
|turn|7
|
|switch|p1a: Hatterene|Hatterene, F, shiny|100/100
|-terastallize|p2a: Landorus|Ice
|move|p2a: Landorus|Tera Blast|p1a: Hatterene
|-damage|p1a: Hatterene|0 fnt
|faint|p1a: Hatterene
|
|
|switch|p1a: Dragalge|Dragalge, F, shiny|100/100
|turn|8
|
|-terastallize|p1a: Dragalge|Steel
|move|p2a: Landorus|Earthquake|p1a: Dragalge
|-supereffective|p1a: Dragalge
|-damage|p1a: Dragalge|0 fnt
|faint|p1a: Dragalge
|
|
|switch|p1a: Clawitzer|Clawitzer, F, shiny|100/100
|turn|9
|
|move|p2a: Landorus|Earthquake|p1a: Clawitzer
|-damage|p1a: Clawitzer|0 fnt
|faint|p1a: Clawitzer
|
|
|switch|p1a: Mudsdale|Mudsdale, F, shiny|100/100
|turn|10
|
|move|p2a: Landorus|Tera Blast|p1a: Mudsdale
|-supereffective|p1a: Mudsdale
|-damage|p1a: Mudsdale|0 fnt
|faint|p1a: Mudsdale
|
|
|switch|p1a: Kingambit|Kingambit, M, shiny|100/100
|-activate|p1a: Kingambit|ability: Supreme Overlord
|-start|p1a: Kingambit|fallen5|[silent]
|turn|11
|
|move|p1a: Kingambit|Sucker Punch|p2a: Landorus
|-damage|p2a: Landorus|30/100
|move|p2a: Landorus|Earthquake|p1a: Kingambit
|-supereffective|p1a: Kingambit
|-damage|p1a: Kingambit|0 fnt
|faint|p1a: Kingambit
|-end|p1a: Kingambit|fallen5|[silent]
|
|win|p2
|n|☆p1|thesoullessseeker
|n|☆p2|itsbettertolie
|n|*Lady Monita|ladymonita
