|poke|p1|Samurott-Hisui, F|
|poke|p1|Dragapult, M|
|poke|p1|Zamazenta-*|
|poke|p1|Volcarona, M|
|poke|p1|Sneasler, M|
|poke|p1|Magearna|
|poke|p2|Samurott-Hisui, F|
|poke|p2|Pelipper, F|
|poke|p2|Basculegion, M|
|poke|p2|Great Tusk|
|poke|p2|Kingambit, M|
|poke|p2|Slowking-Galar, M|
|teampreview
|
|start
|switch|p1a: Samurott|Samurott-Hisui, F, shiny|100/100
|switch|p2a: best mon|Samurott-Hisui, F|100/100
|turn|1
|
|move|p1a: Samurott|Sacred Sword|p2a: best mon
|-supereffective|p2a: best mon
|-damage|p2a: best mon|37/100
|-damage|p1a: Samurott|84/100|[from] item: Rocky Helmet|[of] p2a: best mon
|move|p2a: best mon|Ceaseless Edge|p1a: Samurott
|-resisted|p1a: Samurott
|-damage|p1a: Samurott|62/100
|-sidestart|p1: p1|Spikes
|
|turn|2
|
|switch|p2a: toilet birb|Pelipper, F|100/100
|-weather|RainDance|[from] ability: Drizzle|[of] p2a: toilet birb
|move|p1a: Samurott|Ceaseless Edge|p2a: toilet birb|[miss]
|-miss|p1a: Samurott|p2a: toilet birb
|
|-weather|RainDance|[upkeep]
|turn|3
|
|move|p1a: Samurott|Ceaseless Edge|p2a: toilet birb|[miss]
|-miss|p1a: Samurott|p2a: toilet birb
|move|p2a: toilet birb|Hurricane|p1a: Samurott
|-damage|p1a: Samurott|4/100
|
|-weather|RainDance|[upkeep]
|turn|4
|
|move|p1a: Samurott|Ceaseless Edge|p2a: toilet birb|[miss]
|-miss|p1a: Samurott|p2a: toilet birb
|move|p2a: toilet birb|U-turn|p1a: Samurott
|-supereffective|p1a: Samurott
|-damage|p1a: Samurott|0 fnt
|faint|p1a: Samurott
|
|switch|p2a: death fish|Basculegion, M, shiny|100/100|[from] U-turn
|
|-weather|RainDance|[upkeep]
|
|switch|p1a: Zamazenta|Zamazenta|100/100
|-damage|p1a: Zamazenta|88/100|[from] Spikes
|-ability|p1a: Zamazenta|Dauntless Shield|boost
|-boost|p1a: Zamazenta|def|1
|turn|5
|
|-terastallize|p2a: death fish|Water
|move|p2a: death fish|Wave Crash|p1a: Zamazenta
|-damage|p1a: Zamazenta|0 fnt
|faint|p1a: Zamazenta
|-damage|p2a: death fish|71/100|[from] Recoil
|
|-weather|RainDance|[upkeep]
|-message|p1 forfeited.
|
|win|p2
