|poke|p1|Mew|
|poke|p1|Great Tusk|
|poke|p1|Dragapult, M|
|poke|p1|Lilligant-Hisui, F|
|poke|p1|Arcanine-Hisui, M|
|poke|p1|Zapdos-Galar|
|poke|p2|Clodsire, M|
|poke|p2|Garganacl, M|
|poke|p2|Great Tusk|
|poke|p2|Volcarona, M|
|poke|p2|Tornadus, M|
|poke|p2|Meowscarada, F|
|teampreview
|
|start
|switch|p1a: Mew|Mew|100/100
|switch|p2a: Volcarona|Volcarona, M|100/100
|turn|1
|
|move|p1a: Mew|Taunt|p2a: Volcarona
|-start|p2a: Volcarona|move: Taunt
|cant|p2a: Volcarona|move: Taunt|Quiver Dance
|
|turn|2
|
|switch|p2a: Meowscarada|Meowscarada, F|100/100
|move|p1a: Mew|Stealth Rock|p2a: Meowscarada
|-sidestart|p2: Lord_7th_4life|move: Stealth Rock
|
|turn|3
|
|move|p2a: Meowscarada|U-turn|p1a: Mew
|-start|p2a: Meowscarada|typechange|Bug|[from] ability: Protean
|-supereffective|p1a: Mew
|-damage|p1a: Mew|16/100
|
|switch|p2a: Volcarona|Volcarona, M|100/100|[from] U-turn
|move|p1a: Mew|Psychic|p2a: Volcarona
|-damage|p2a: Volcarona|56/100
|
|turn|4
|
|move|p2a: Volcarona|Quiver Dance|p2a: Volcarona
|-boost|p2a: Volcarona|spa|1
|-boost|p2a: Volcarona|spd|1
|-boost|p2a: Volcarona|spe|1
|move|p1a: Mew|Taunt|p2a: Volcarona
|-start|p2a: Volcarona|move: Taunt
|
|turn|5
|
|move|p2a: Volcarona|Giga Drain|p1a: Mew
|-damage|p1a: Mew|0 fnt
|-heal|p2a: Volcarona|64/100|[from] drain|[of] p1a: Mew
|faint|p1a: Mew
|
|
|switch|p1a: Arcanine|Arcanine-Hisui, M|100/100
|turn|6
|
|-terastallize|p2a: Volcarona|Fire
|move|p1a: Arcanine|Extreme Speed|p2a: Volcarona
|-damage|p2a: Volcarona|17/100
|-damage|p1a: Arcanine|91/100|[from] item: Life Orb
|move|p2a: Volcarona|Giga Drain|p1a: Arcanine
|-crit|p1a: Arcanine
|-damage|p1a: Arcanine|19/100
|-heal|p2a: Volcarona|55/100|[from] drain|[of] p1a: Arcanine
|
|turn|7
|
|move|p1a: Arcanine|Extreme Speed|p2a: Volcarona
|-damage|p2a: Volcarona|7/100
|-damage|p1a: Arcanine|9/100|[from] item: Life Orb
|move|p2a: Volcarona|Giga Drain|p1a: Arcanine
|-damage|p1a: Arcanine|0 fnt
|-heal|p2a: Volcarona|11/100|[from] drain|[of] p1a: Arcanine
|faint|p1a: Arcanine
|
|-end|p2a: Volcarona|move: Taunt
|
|switch|p1a: Zapdos|Zapdos-Galar|100/100
|turn|8
|
|move|p2a: Volcarona|Fiery Dance|p1a: Zapdos
|-damage|p1a: Zapdos|0 fnt
|faint|p1a: Zapdos
|
|
|switch|p1a: Great Tusk|Great Tusk|100/100
|-enditem|p1a: Great Tusk|Booster Energy
|-activate|p1a: Great Tusk|ability: Protosynthesis|[fromitem]
|-start|p1a: Great Tusk|protosynthesisatk
|turn|9
|
|move|p2a: Volcarona|Giga Drain|p1a: Great Tusk
|-supereffective|p1a: Great Tusk
|-damage|p1a: Great Tusk|0 fnt
|-heal|p2a: Volcarona|71/100|[from] drain|[of] p1a: Great Tusk
|faint|p1a: Great Tusk
|-end|p1a: Great Tusk|Protosynthesis|[silent]
|
|
|switch|p1a: Dragapult|Dragapult, M|100/100
|turn|10
|
|move|p2a: Volcarona|Fiery Dance|p1a: Dragapult
|-resisted|p1a: Dragapult
|-damage|p1a: Dragapult|43/100
|move|p1a: Dragapult|Draco Meteor|p2a: Volcarona
|-damage|p2a: Volcarona|32/100
|-unboost|p1a: Dragapult|spa|2
|
|turn|11
|
|move|p2a: Volcarona|Fiery Dance|p1a: Dragapult
|-resisted|p1a: Dragapult
|-damage|p1a: Dragapult|0 fnt
|-boost|p2a: Volcarona|spa|1
|faint|p1a: Dragapult
|
|
|switch|p1a: Lilligant|Lilligant-Hisui, F|100/100
|turn|12
|
|move|p2a: Volcarona|Fiery Dance|p1a: Lilligant
|-supereffective|p1a: Lilligant
|-damage|p1a: Lilligant|0 fnt
|faint|p1a: Lilligant
|
|win|Lord_7th_4life
