|poke|p1|Clodsire, F|
|poke|p1|Dondozo, F|
|poke|p1|Alomomola, F|
|poke|p1|Talonflame, F|
|poke|p1|Toxapex, F|
|poke|p1|Blissey, F|
|poke|p2|Clodsire, M|
|poke|p2|Ceruledge, M|
|poke|p2|Corviknight, F|
|poke|p2|Landorus-Therian, M|
|poke|p2|Urshifu-*, M|
|poke|p2|Chien-Pao|
|teampreview
|
|start
|switch|p1a: Blissey|Blissey, F|100/100
|switch|p2a: Clodsire|Clodsire, M, shiny|100/100
|turn|1
|player|p2|
|player|p2|some NPC i guess|gambler
|
|move|p1a: Blissey|Stealth Rock|p2a: Clodsire
|-sidestart|p2: some NPC i guess|move: Stealth Rock
|move|p2a: Clodsire|Stealth Rock|p1a: Blissey
|-sidestart|p1: IsAnythingReal|move: Stealth Rock
|
|turn|2
|
|move|p1a: Blissey|Seismic Toss|p2a: Clodsire
|-damage|p2a: Clodsire|79/100
|move|p2a: Clodsire|Toxic|p1a: Blissey
|-status|p1a: Blissey|tox
|
|-heal|p2a: Clodsire|85/100|[from] item: Leftovers
|-damage|p1a: Blissey|94/100 tox|[from] psn
|turn|3
|
|move|p1a: Blissey|Seismic Toss|p2a: Clodsire
|-damage|p2a: Clodsire|64/100
|move|p2a: Clodsire|Earthquake|p1a: Blissey
|-damage|p1a: Blissey|38/100 tox
|
|-heal|p2a: Clodsire|70/100|[from] item: Leftovers
|-damage|p1a: Blissey|26/100 tox|[from] psn
|turn|4
|
|-curestatus|p1a: Blissey|tox|[from] ability: Natural Cure
|switch|p1a: Clodsire|Clodsire, F|100/100
|move|p2a: Clodsire|Recover|p2a: Clodsire
|-heal|p2a: Clodsire|100/100
|
|turn|5
|
|switch|p2a: Corviknight|Corviknight, F, shiny|100/100
|-damage|p2a: Corviknight|88/100|[from] Stealth Rock
|switch|p1a: Talonflame|Talonflame, F|100/100
|
|-heal|p2a: Corviknight|94/100|[from] item: Leftovers
|turn|6
|
|switch|p2a: Landorus|Landorus-Therian, M, shiny|100/100
|-damage|p2a: Landorus|88/100|[from] Stealth Rock
|-ability|p2a: Landorus|Intimidate|boost
|-unboost|p1a: Talonflame|atk|1
|move|p1a: Talonflame|Will-O-Wisp|p2a: Landorus
|-status|p2a: Landorus|brn
|
|-damage|p2a: Landorus|82/100 brn|[from] brn
|turn|7
|
|switch|p1a: Dondozo|Dondozo, F|100/100
|move|p2a: Landorus|Rock Slide|p1a: Dondozo
|-damage|p1a: Dondozo|94/100
|
|-damage|p2a: Landorus|76/100 brn|[from] brn
|turn|8
|
|switch|p2a: Clodsire|Clodsire, M, shiny|100/100
|-damage|p2a: Clodsire|94/100|[from] Stealth Rock
|move|p1a: Dondozo|Liquidation|p2a: Clodsire
|-supereffective|p2a: Clodsire
|-damage|p2a: Clodsire|26/100
|
|-heal|p2a: Clodsire|32/100|[from] item: Leftovers
|turn|9
|
|move|p1a: Dondozo|Liquidation|p2a: Clodsire
|-supereffective|p2a: Clodsire
|-damage|p2a: Clodsire|0 fnt
|faint|p2a: Clodsire
|
|
|switch|p2a: Urshifu|Urshifu-Rapid-Strike, M|100/100
|-damage|p2a: Urshifu|94/100|[from] Stealth Rock
|turn|10
|
|switch|p1a: Toxapex|Toxapex, F|100/100
|move|p2a: Urshifu|Drain Punch|p1a: Toxapex
|-resisted|p1a: Toxapex
|-damage|p1a: Toxapex|88/100
|-heal|p2a: Urshifu|99/100|[from] drain|[of] p1a: Toxapex
|
|turn|11
|
|switch|p2a: Corviknight|Corviknight, F, shiny|94/100
|-damage|p2a: Corviknight|82/100|[from] Stealth Rock
|move|p1a: Toxapex|Toxic|p2a: Corviknight
|-immune|p2a: Corviknight
|
|-heal|p2a: Corviknight|88/100|[from] item: Leftovers
|turn|12
|
|move|p2a: Corviknight|Defog|p1a: Toxapex
|-unboost|p1a: Toxapex|evasion|1
|-sideend|p1: IsAnythingReal|Stealth Rock|[from] move: Defog|[of] p2a: Corviknight
|-sideend|p2: some NPC i guess|Stealth Rock|[from] move: Defog|[of] p2a: Corviknight
|move|p1a: Toxapex|Infestation|p2a: Corviknight
|-resisted|p2a: Corviknight
|-damage|p2a: Corviknight|87/100
|-activate|p2a: Corviknight|move: Infestation|[of] p1a: Toxapex
|
|-heal|p2a: Corviknight|94/100|[from] item: Leftovers
|-damage|p2a: Corviknight|81/100|[from] move: Infestation|[partiallytrapped]
|turn|13
|
|switch|p1a: Talonflame|Talonflame, F|100/100
|move|p2a: Corviknight|Iron Defense|p2a: Corviknight
|-boost|p2a: Corviknight|def|2
|
|-heal|p2a: Corviknight|87/100|[from] item: Leftovers
|-end|p2a: Corviknight|Infestation|[partiallytrapped]|[silent]
|turn|14
|
|move|p1a: Talonflame|Flamethrower|p2a: Corviknight
|-supereffective|p2a: Corviknight
|-damage|p2a: Corviknight|53/100
|move|p2a: Corviknight|Roost|p2a: Corviknight
|-heal|p2a: Corviknight|100/100
|-singleturn|p2a: Corviknight|move: Roost
|
|turn|15
|
|switch|p2a: Ceruledge|Ceruledge, M, shiny|100/100
|move|p1a: Talonflame|Flamethrower|p2a: Ceruledge
|-start|p2a: Ceruledge|ability: Flash Fire
|
|turn|16
|
|switch|p1a: Toxapex|Toxapex, F|100/100
|move|p2a: Ceruledge|Bitter Blade|p1a: Toxapex
|-resisted|p1a: Toxapex
|-damage|p1a: Toxapex|81/100
|
|turn|17
|
|-end|p2a: Ceruledge|ability: Flash Fire|[silent]
|switch|p2a: Corviknight|Corviknight, F, shiny|100/100
|move|p1a: Toxapex|Toxic|p2a: Corviknight
|-immune|p2a: Corviknight
|
|turn|18
|
|move|p2a: Corviknight|Body Press|p1a: Toxapex
|-resisted|p1a: Toxapex
|-damage|p1a: Toxapex|75/100
|move|p1a: Toxapex|Infestation|p2a: Corviknight
|-resisted|p2a: Corviknight
|-damage|p2a: Corviknight|99/100
|-activate|p2a: Corviknight|move: Infestation|[of] p1a: Toxapex
|
|-heal|p2a: Corviknight|100/100|[from] item: Leftovers
|-damage|p2a: Corviknight|88/100|[from] move: Infestation|[partiallytrapped]
|turn|19
|
|switch|p1a: Talonflame|Talonflame, F|100/100
|move|p2a: Corviknight|Roost|p2a: Corviknight
|-heal|p2a: Corviknight|100/100
|-singleturn|p2a: Corviknight|move: Roost
|
|-end|p2a: Corviknight|Infestation|[partiallytrapped]|[silent]
|turn|20
|
|switch|p2a: Ceruledge|Ceruledge, M, shiny|100/100
|move|p1a: Talonflame|Will-O-Wisp|p2a: Ceruledge
|-start|p2a: Ceruledge|ability: Flash Fire
|
|turn|21
|
|switch|p1a: Toxapex|Toxapex, F|100/100
|move|p2a: Ceruledge|Shadow Claw|p1a: Toxapex
|-damage|p1a: Toxapex|77/100
|
|turn|22
|
|-end|p2a: Ceruledge|ability: Flash Fire|[silent]
|switch|p2a: Landorus|Landorus-Therian, M, shiny|76/100 brn
|-ability|p2a: Landorus|Intimidate|boost
|-unboost|p1a: Toxapex|atk|1
|move|p1a: Toxapex|Toxic||[still]
|-fail|p1a: Toxapex
|
|-damage|p2a: Landorus|70/100 brn|[from] brn
|turn|23
|
|switch|p1a: Alomomola|Alomomola, F|100/100
|move|p2a: Landorus|U-turn|p1a: Alomomola
|-crit|p1a: Alomomola
|-damage|p1a: Alomomola|89/100
|
|switch|p2a: Chien-Pao|Chien-Pao|100/100|[from] U-turn
|-ability|p2a: Chien-Pao|Sword of Ruin
|
|turn|24
|
|move|p1a: Alomomola|Protect|p1a: Alomomola
|-singleturn|p1a: Alomomola|Protect
|move|p2a: Chien-Pao|Crunch|p1a: Alomomola
|-activate|p1a: Alomomola|move: Protect
|
|turn|25
|
|switch|p1a: Toxapex|Toxapex, F|100/100
|move|p2a: Chien-Pao|Crunch|p1a: Toxapex
|-damage|p1a: Toxapex|72/100
|
|turn|26
|
|switch|p2a: Landorus|Landorus-Therian, M, shiny|70/100 brn
|-ability|p2a: Landorus|Intimidate|boost
|-unboost|p1a: Toxapex|atk|1
|move|p1a: Toxapex|Toxic||[still]
|-fail|p1a: Toxapex
|
|-damage|p2a: Landorus|64/100 brn|[from] brn
|turn|27
|
|switch|p1a: Alomomola|Alomomola, F|100/100
|move|p2a: Landorus|Rock Slide|p1a: Alomomola
|-damage|p1a: Alomomola|94/100
|
|-damage|p2a: Landorus|58/100 brn|[from] brn
|turn|28
|
|switch|p2a: Corviknight|Corviknight, F, shiny|100/100
|move|p1a: Alomomola|Whirlpool|p2a: Corviknight
|-damage|p2a: Corviknight|96/100
|-activate|p2a: Corviknight|move: Whirlpool|[of] p1a: Alomomola
|
|-heal|p2a: Corviknight|100/100|[from] item: Leftovers
|-damage|p2a: Corviknight|88/100|[from] move: Whirlpool|[partiallytrapped]
|turn|29
|
|switch|p1a: Talonflame|Talonflame, F|100/100
|move|p2a: Corviknight|Body Press|p1a: Talonflame
|-resisted|p1a: Talonflame
|-damage|p1a: Talonflame|91/100
|
|-heal|p2a: Corviknight|94/100|[from] item: Leftovers
|-end|p2a: Corviknight|Whirlpool|[partiallytrapped]|[silent]
|turn|30
|
|switch|p2a: Ceruledge|Ceruledge, M, shiny|100/100
|move|p1a: Talonflame|Flamethrower|p2a: Ceruledge
|-start|p2a: Ceruledge|ability: Flash Fire
|
|turn|31
|
|-end|p2a: Ceruledge|ability: Flash Fire|[silent]
|switch|p2a: Landorus|Landorus-Therian, M, shiny|58/100 brn
|-ability|p2a: Landorus|Intimidate|boost
|-unboost|p1a: Talonflame|atk|1
|switch|p1a: Toxapex|Toxapex, F|100/100
|
|-damage|p2a: Landorus|53/100 brn|[from] brn
|turn|32
|
|switch|p1a: Alomomola|Alomomola, F|100/100
|move|p2a: Landorus|U-turn|p1a: Alomomola
|-damage|p1a: Alomomola|93/100
|
|switch|p2a: Corviknight|Corviknight, F, shiny|94/100|[from] U-turn
|
|-heal|p2a: Corviknight|100/100|[from] item: Leftovers
|turn|33
|
|move|p1a: Alomomola|Protect|p1a: Alomomola
|-singleturn|p1a: Alomomola|Protect
|move|p2a: Corviknight|Body Press|p1a: Alomomola
|-activate|p1a: Alomomola|move: Protect
|
|turn|34
|
|move|p2a: Corviknight|Iron Defense|p2a: Corviknight
|-boost|p2a: Corviknight|def|2
|move|p1a: Alomomola|Whirlpool|p2a: Corviknight|[miss]
|-miss|p1a: Alomomola|p2a: Corviknight
|
|turn|35
|
|switch|p1a: Clodsire|Clodsire, F|100/100
|move|p2a: Corviknight|Iron Defense|p2a: Corviknight
|-boost|p2a: Corviknight|def|2
|
|turn|36
|
|move|p2a: Corviknight|Body Press|p1a: Clodsire
|-resisted|p1a: Clodsire
|-damage|p1a: Clodsire|89/100
|move|p1a: Clodsire|Haze|p1a: Clodsire
|-clearallboost
|
|turn|37
|
|move|p2a: Corviknight|Body Press|p1a: Clodsire
|-resisted|p1a: Clodsire
|-damage|p1a: Clodsire|79/100
|move|p1a: Clodsire|Toxic|p2a: Corviknight
|-immune|p2a: Corviknight
|
|turn|38
|
|move|p2a: Corviknight|Iron Defense|p2a: Corviknight
|-boost|p2a: Corviknight|def|2
|move|p1a: Clodsire|Recover|p1a: Clodsire
|-heal|p1a: Clodsire|100/100
|
|turn|39
|
|move|p2a: Corviknight|Body Press|p1a: Clodsire
|-resisted|p1a: Clodsire
|-damage|p1a: Clodsire|90/100
|move|p1a: Clodsire|Haze|p1a: Clodsire
|-clearallboost
|
|turn|40
|
|switch|p2a: Landorus|Landorus-Therian, M, shiny|53/100 brn
|-ability|p2a: Landorus|Intimidate|boost
|-unboost|p1a: Clodsire|atk|1
|move|p1a: Clodsire|Haze|p1a: Clodsire
|-clearallboost
|
|-damage|p2a: Landorus|47/100 brn|[from] brn
|turn|41
|
|switch|p1a: Alomomola|Alomomola, F|100/100
|move|p2a: Landorus|Earthquake|p1a: Alomomola
|-damage|p1a: Alomomola|85/100
|
|-damage|p2a: Landorus|41/100 brn|[from] brn
|turn|42
|
|switch|p2a: Corviknight|Corviknight, F, shiny|100/100
|move|p1a: Alomomola|Whirlpool|p2a: Corviknight
|-damage|p2a: Corviknight|96/100
|-activate|p2a: Corviknight|move: Whirlpool|[of] p1a: Alomomola
|
|-heal|p2a: Corviknight|100/100|[from] item: Leftovers
|-damage|p2a: Corviknight|88/100|[from] move: Whirlpool|[partiallytrapped]
|turn|43
|
|switch|p1a: Talonflame|Talonflame, F|91/100
|move|p2a: Corviknight|Body Press|p1a: Talonflame
|-resisted|p1a: Talonflame
|-damage|p1a: Talonflame|81/100
|
|-heal|p2a: Corviknight|94/100|[from] item: Leftovers
|-end|p2a: Corviknight|Whirlpool|[partiallytrapped]|[silent]
|turn|44
|
|switch|p2a: Ceruledge|Ceruledge, M, shiny|100/100
|move|p1a: Talonflame|Roost|p1a: Talonflame
|-heal|p1a: Talonflame|100/100
|-singleturn|p1a: Talonflame|move: Roost
|
|turn|45
|
|switch|p1a: Toxapex|Toxapex, F|100/100
|move|p2a: Ceruledge|Shadow Claw|p1a: Toxapex
|-damage|p1a: Toxapex|80/100
|
|turn|46
|
|switch|p2a: Corviknight|Corviknight, F, shiny|94/100
|move|p1a: Toxapex|Infestation|p2a: Corviknight
|-resisted|p2a: Corviknight
|-damage|p2a: Corviknight|94/100
|-activate|p2a: Corviknight|move: Infestation|[of] p1a: Toxapex
|
|-heal|p2a: Corviknight|99/100|[from] item: Leftovers
|-damage|p2a: Corviknight|87/100|[from] move: Infestation|[partiallytrapped]
|turn|47
|
|switch|p1a: Talonflame|Talonflame, F|100/100
|move|p2a: Corviknight|Iron Defense|p2a: Corviknight
|-boost|p2a: Corviknight|def|2
|
|-heal|p2a: Corviknight|94/100|[from] item: Leftovers
|-end|p2a: Corviknight|Infestation|[partiallytrapped]|[silent]
|turn|48
|
|switch|p1a: Toxapex|Toxapex, F|100/100
|switch|p2a: Landorus|Landorus-Therian, M, shiny|41/100 brn
|-ability|p2a: Landorus|Intimidate|boost
|-unboost|p1a: Toxapex|atk|1
|
|-damage|p2a: Landorus|35/100 brn|[from] brn
|turn|49
|
|switch|p1a: Alomomola|Alomomola, F|100/100
|move|p2a: Landorus|U-turn|p1a: Alomomola
|-damage|p1a: Alomomola|94/100
|
|switch|p2a: Ceruledge|Ceruledge, M, shiny|100/100|[from] U-turn
|
|turn|50
|
|switch|p2a: Corviknight|Corviknight, F, shiny|94/100
|switch|p1a: Toxapex|Toxapex, F|100/100
|
|-heal|p2a: Corviknight|99/100|[from] item: Leftovers
|turn|51
|
|move|p2a: Corviknight|Iron Defense|p2a: Corviknight
|-boost|p2a: Corviknight|def|2
|move|p1a: Toxapex|Infestation|p2a: Corviknight
|-resisted|p2a: Corviknight
|-damage|p2a: Corviknight|99/100
|-activate|p2a: Corviknight|move: Infestation|[of] p1a: Toxapex
|
|-heal|p2a: Corviknight|100/100|[from] item: Leftovers
|-damage|p2a: Corviknight|88/100|[from] move: Infestation|[partiallytrapped]
|turn|52
|
|move|p2a: Corviknight|Body Press|p1a: Toxapex
|-resisted|p1a: Toxapex
|-damage|p1a: Toxapex|89/100
|move|p1a: Toxapex|Haze|p1a: Toxapex
|-clearallboost
|
|-heal|p2a: Corviknight|94/100|[from] item: Leftovers
|-damage|p2a: Corviknight|82/100|[from] move: Infestation|[partiallytrapped]
|turn|53
|
|move|p2a: Corviknight|Body Press|p1a: Toxapex
|-resisted|p1a: Toxapex
|-damage|p1a: Toxapex|83/100
|move|p1a: Toxapex|Haze|p1a: Toxapex
|-clearallboost
|
|-heal|p2a: Corviknight|88/100|[from] item: Leftovers
|-damage|p2a: Corviknight|75/100|[from] move: Infestation|[partiallytrapped]
|turn|54
|
|move|p2a: Corviknight|Iron Defense|p2a: Corviknight
|-boost|p2a: Corviknight|def|2
|move|p1a: Toxapex|Haze|p1a: Toxapex
|-clearallboost
|
|-heal|p2a: Corviknight|82/100|[from] item: Leftovers
|-damage|p2a: Corviknight|69/100|[from] move: Infestation|[partiallytrapped]
|turn|55
|
|move|p2a: Corviknight|Iron Defense|p2a: Corviknight
|-boost|p2a: Corviknight|def|2
|move|p1a: Toxapex|Haze|p1a: Toxapex
|-clearallboost
|
|-heal|p2a: Corviknight|75/100|[from] item: Leftovers
|-end|p2a: Corviknight|Infestation|[partiallytrapped]
|turn|56
|
|switch|p2a: Urshifu|Urshifu-Rapid-Strike, M|99/100
|move|p1a: Toxapex|Infestation|p2a: Urshifu
|-resisted|p2a: Urshifu
|-damage|p2a: Urshifu|98/100
|-activate|p2a: Urshifu|move: Infestation|[of] p1a: Toxapex
|
|-damage|p2a: Urshifu|86/100|[from] move: Infestation|[partiallytrapped]
|turn|57
|
|move|p2a: Urshifu|Swords Dance|p2a: Urshifu
|-boost|p2a: Urshifu|atk|2
|move|p1a: Toxapex|Recover|p1a: Toxapex
|-heal|p1a: Toxapex|100/100
|
|-damage|p2a: Urshifu|73/100|[from] move: Infestation|[partiallytrapped]
|turn|58
|
|move|p2a: Urshifu|Drain Punch|p1a: Toxapex
|-resisted|p1a: Toxapex
|-damage|p1a: Toxapex|75/100
|-heal|p2a: Urshifu|85/100|[from] drain|[of] p1a: Toxapex
|move|p1a: Toxapex|Haze|p1a: Toxapex
|-clearallboost
|
|-damage|p2a: Urshifu|73/100|[from] move: Infestation|[partiallytrapped]
|turn|59
|
|move|p2a: Urshifu|Swords Dance|p2a: Urshifu
|-boost|p2a: Urshifu|atk|2
|move|p1a: Toxapex|Toxic|p2a: Urshifu
|-status|p2a: Urshifu|tox
|
|-damage|p2a: Urshifu|66/100 tox|[from] psn
|-damage|p2a: Urshifu|54/100 tox|[from] move: Infestation|[partiallytrapped]
|turn|60
|
|move|p2a: Urshifu|Drain Punch|p1a: Toxapex
|-resisted|p1a: Toxapex
|-damage|p1a: Toxapex|50/100
|-heal|p2a: Urshifu|65/100 tox|[from] drain|[of] p1a: Toxapex
|move|p1a: Toxapex|Haze|p1a: Toxapex
|-clearallboost
|
|-damage|p2a: Urshifu|53/100 tox|[from] psn
|-damage|p2a: Urshifu|40/100 tox|[from] move: Infestation|[partiallytrapped]
|turn|61
|
|move|p2a: Urshifu|Swords Dance|p2a: Urshifu
|-boost|p2a: Urshifu|atk|2
|move|p1a: Toxapex|Recover|p1a: Toxapex
|-heal|p1a: Toxapex|99/100
|
|-damage|p2a: Urshifu|22/100 tox|[from] psn
|-end|p2a: Urshifu|Infestation|[partiallytrapped]
|turn|62
|
|switch|p2a: Corviknight|Corviknight, F, shiny|75/100
|move|p1a: Toxapex|Recover|p1a: Toxapex
|-heal|p1a: Toxapex|100/100
|
|-heal|p2a: Corviknight|82/100|[from] item: Leftovers
|turn|63
|
|move|p2a: Corviknight|Defog|p1a: Toxapex
|-unboost|p1a: Toxapex|evasion|1
|move|p1a: Toxapex|Infestation|p2a: Corviknight
|-resisted|p2a: Corviknight
|-damage|p2a: Corviknight|81/100
|-activate|p2a: Corviknight|move: Infestation|[of] p1a: Toxapex
|
|-heal|p2a: Corviknight|87/100|[from] item: Leftovers
|-damage|p2a: Corviknight|75/100|[from] move: Infestation|[partiallytrapped]
|turn|64
|
|move|p2a: Corviknight|Defog|p1a: Toxapex
|-unboost|p1a: Toxapex|evasion|1
|move|p1a: Toxapex|Haze|p1a: Toxapex
|-clearallboost
|
|-heal|p2a: Corviknight|81/100|[from] item: Leftovers
|-damage|p2a: Corviknight|69/100|[from] move: Infestation|[partiallytrapped]
|turn|65
|
|move|p2a: Corviknight|Defog|p1a: Toxapex
|-unboost|p1a: Toxapex|evasion|1
|move|p1a: Toxapex|Haze|p1a: Toxapex
|-clearallboost
|
|-heal|p2a: Corviknight|75/100|[from] item: Leftovers
|-damage|p2a: Corviknight|62/100|[from] move: Infestation|[partiallytrapped]
|turn|66
|
|move|p2a: Corviknight|Defog|p1a: Toxapex
|-unboost|p1a: Toxapex|evasion|1
|move|p1a: Toxapex|Haze|p1a: Toxapex
|-clearallboost
|
|-heal|p2a: Corviknight|69/100|[from] item: Leftovers
|-damage|p2a: Corviknight|56/100|[from] move: Infestation|[partiallytrapped]
|turn|67
|
|move|p2a: Corviknight|Roost|p2a: Corviknight
|-heal|p2a: Corviknight|100/100
|-singleturn|p2a: Corviknight|move: Roost
|move|p1a: Toxapex|Haze|p1a: Toxapex
|-clearallboost
|
|-damage|p2a: Corviknight|88/100|[from] move: Infestation|[partiallytrapped]
|turn|68
|
|move|p2a: Corviknight|Defog|p1a: Toxapex
|-unboost|p1a: Toxapex|evasion|1
|move|p1a: Toxapex|Haze|p1a: Toxapex
|-clearallboost
|
|-heal|p2a: Corviknight|94/100|[from] item: Leftovers
|-end|p2a: Corviknight|Infestation|[partiallytrapped]
|turn|69
|
|move|p2a: Corviknight|Defog|p1a: Toxapex
|-unboost|p1a: Toxapex|evasion|1
|move|p1a: Toxapex|Infestation|p2a: Corviknight
|-resisted|p2a: Corviknight
|-damage|p2a: Corviknight|94/100
|-activate|p2a: Corviknight|move: Infestation|[of] p1a: Toxapex
|
|-heal|p2a: Corviknight|99/100|[from] item: Leftovers
|-damage|p2a: Corviknight|87/100|[from] move: Infestation|[partiallytrapped]
|turn|70
|
|move|p2a: Corviknight|Defog|p1a: Toxapex
|-unboost|p1a: Toxapex|evasion|1
|move|p1a: Toxapex|Haze|p1a: Toxapex
|-clearallboost
|
|-heal|p2a: Corviknight|94/100|[from] item: Leftovers
|-damage|p2a: Corviknight|81/100|[from] move: Infestation|[partiallytrapped]
|turn|71
|
|move|p2a: Corviknight|Defog|p1a: Toxapex
|-unboost|p1a: Toxapex|evasion|1
|move|p1a: Toxapex|Haze|p1a: Toxapex
|-clearallboost
|
|-heal|p2a: Corviknight|87/100|[from] item: Leftovers
|-damage|p2a: Corviknight|75/100|[from] move: Infestation|[partiallytrapped]
|turn|72
|
|move|p2a: Corviknight|Defog|p1a: Toxapex
|-unboost|p1a: Toxapex|evasion|1
|move|p1a: Toxapex|Haze|p1a: Toxapex
|-clearallboost
|
|-heal|p2a: Corviknight|81/100|[from] item: Leftovers
|-damage|p2a: Corviknight|69/100|[from] move: Infestation|[partiallytrapped]
|turn|73
|
|move|p2a: Corviknight|Defog|p1a: Toxapex
|-unboost|p1a: Toxapex|evasion|1
|move|p1a: Toxapex|Haze|p1a: Toxapex
|-clearallboost
|
|-heal|p2a: Corviknight|75/100|[from] item: Leftovers
|-damage|p2a: Corviknight|62/100|[from] move: Infestation|[partiallytrapped]
|turn|74
|
|move|p2a: Corviknight|Defog|p1a: Toxapex
|-unboost|p1a: Toxapex|evasion|1
|move|p1a: Toxapex|Haze|p1a: Toxapex
|-clearallboost
|
|-heal|p2a: Corviknight|69/100|[from] item: Leftovers
|-end|p2a: Corviknight|Infestation|[partiallytrapped]
|turn|75
|
|move|p2a: Corviknight|Defog|p1a: Toxapex
|-unboost|p1a: Toxapex|evasion|1
|move|p1a: Toxapex|Infestation|p2a: Corviknight
|-resisted|p2a: Corviknight
|-damage|p2a: Corviknight|68/100
|-activate|p2a: Corviknight|move: Infestation|[of] p1a: Toxapex
|
|-heal|p2a: Corviknight|74/100|[from] item: Leftovers
|-damage|p2a: Corviknight|62/100|[from] move: Infestation|[partiallytrapped]
|turn|76
|
|move|p2a: Corviknight|Defog|p1a: Toxapex
|-unboost|p1a: Toxapex|evasion|1
|move|p1a: Toxapex|Haze|p1a: Toxapex
|-clearallboost
|
|-heal|p2a: Corviknight|68/100|[from] item: Leftovers
|-damage|p2a: Corviknight|56/100|[from] move: Infestation|[partiallytrapped]
|turn|77
|
|move|p2a: Corviknight|Defog|p1a: Toxapex
|-unboost|p1a: Toxapex|evasion|1
|move|p1a: Toxapex|Haze|p1a: Toxapex
|-clearallboost
|
|-heal|p2a: Corviknight|62/100|[from] item: Leftovers
|-damage|p2a: Corviknight|49/100|[from] move: Infestation|[partiallytrapped]
|turn|78
|
|move|p2a: Corviknight|Roost|p2a: Corviknight
|-heal|p2a: Corviknight|99/100
|-singleturn|p2a: Corviknight|move: Roost
|move|p1a: Toxapex|Haze|p1a: Toxapex
|-clearallboost
|
|-heal|p2a: Corviknight|100/100|[from] item: Leftovers
|-damage|p2a: Corviknight|88/100|[from] move: Infestation|[partiallytrapped]
|turn|79
|
|move|p2a: Corviknight|Defog|p1a: Toxapex
|-unboost|p1a: Toxapex|evasion|1
|move|p1a: Toxapex|Haze|p1a: Toxapex
|-clearallboost
|
|-heal|p2a: Corviknight|94/100|[from] item: Leftovers
|-end|p2a: Corviknight|Infestation|[partiallytrapped]
|turn|80
|
|move|p2a: Corviknight|Defog|p1a: Toxapex
|-unboost|p1a: Toxapex|evasion|1
|move|p1a: Toxapex|Infestation|p2a: Corviknight
|-resisted|p2a: Corviknight
|-damage|p2a: Corviknight|94/100
|-activate|p2a: Corviknight|move: Infestation|[of] p1a: Toxapex
|
|-heal|p2a: Corviknight|99/100|[from] item: Leftovers
|-damage|p2a: Corviknight|87/100|[from] move: Infestation|[partiallytrapped]
|turn|81
|
|switch|p1a: Alomomola|Alomomola, F|100/100
|move|p2a: Corviknight|Defog|p1a: Alomomola
|-unboost|p1a: Alomomola|evasion|1
|
|-heal|p2a: Corviknight|94/100|[from] item: Leftovers
|-end|p2a: Corviknight|Infestation|[partiallytrapped]|[silent]
|turn|82
|
|switch|p1a: Toxapex|Toxapex, F|100/100
|move|p2a: Corviknight|Iron Defense|p2a: Corviknight
|-boost|p2a: Corviknight|def|2
|
|-heal|p2a: Corviknight|99/100|[from] item: Leftovers
|turn|83
|
|move|p2a: Corviknight|Defog|p1a: Toxapex
|-unboost|p1a: Toxapex|evasion|1
|move|p1a: Toxapex|Haze|p1a: Toxapex
|-clearallboost
|
|-heal|p2a: Corviknight|100/100|[from] item: Leftovers
|turn|84
|
|switch|p1a: Talonflame|Talonflame, F|100/100
|move|p2a: Corviknight|Defog|p1a: Talonflame
|-unboost|p1a: Talonflame|evasion|1
|
|turn|85
|
|switch|p1a: Dondozo|Dondozo, F|94/100
|switch|p2a: Ceruledge|Ceruledge, M, shiny|100/100
|
|turn|86
|
|switch|p2a: Corviknight|Corviknight, F, shiny|100/100
|move|p1a: Dondozo|Liquidation|p2a: Corviknight
|-damage|p2a: Corviknight|77/100
|
|-heal|p2a: Corviknight|83/100|[from] item: Leftovers
|turn|87
|
|switch|p1a: Toxapex|Toxapex, F|100/100
|move|p2a: Corviknight|Iron Defense|p2a: Corviknight
|-boost|p2a: Corviknight|def|2
|
|-heal|p2a: Corviknight|89/100|[from] item: Leftovers
|turn|88
|
|move|p2a: Corviknight|Defog|p1a: Toxapex
|-unboost|p1a: Toxapex|evasion|1
|move|p1a: Toxapex|Haze|p1a: Toxapex
|-clearallboost
|
|-heal|p2a: Corviknight|96/100|[from] item: Leftovers
|turn|89
|
|switch|p1a: Blissey|Blissey, F|26/100
|move|p2a: Corviknight|Iron Defense|p2a: Corviknight
|-boost|p2a: Corviknight|def|2
|
|-heal|p2a: Corviknight|100/100|[from] item: Leftovers
|turn|90
|
|switch|p1a: Clodsire|Clodsire, F|90/100
|move|p2a: Corviknight|Body Press|p1a: Clodsire
|-resisted|p1a: Clodsire
|-damage|p1a: Clodsire|80/100
|
|turn|91
|
|move|p2a: Corviknight|Defog|p1a: Clodsire
|-unboost|p1a: Clodsire|evasion|1
|move|p1a: Clodsire|Haze|p1a: Clodsire
|-clearallboost
|
|turn|92
|
|switch|p1a: Toxapex|Toxapex, F|100/100
|move|p2a: Corviknight|Iron Defense|p2a: Corviknight
|-boost|p2a: Corviknight|def|2
|
|turn|93
|
|move|p2a: Corviknight|Iron Defense|p2a: Corviknight
|-boost|p2a: Corviknight|def|2
|move|p1a: Toxapex|Haze|p1a: Toxapex
|-clearallboost
|
|turn|94
|
|switch|p1a: Blissey|Blissey, F|26/100
|move|p2a: Corviknight|Defog|p1a: Blissey
|-unboost|p1a: Blissey|evasion|1
|
|turn|95
|
|move|p2a: Corviknight|Defog|p1a: Blissey
|-unboost|p1a: Blissey|evasion|1
|move|p1a: Blissey|Soft-Boiled|p1a: Blissey
|-heal|p1a: Blissey|76/100
|
|turn|96
|
|switch|p1a: Toxapex|Toxapex, F|100/100
|move|p2a: Corviknight|Body Press|p1a: Toxapex
|-resisted|p1a: Toxapex
|-damage|p1a: Toxapex|94/100
|
|turn|97
|
|switch|p1a: Alomomola|Alomomola, F|100/100
|move|p2a: Corviknight|Iron Defense|p2a: Corviknight
|-boost|p2a: Corviknight|def|2
|
|turn|98
|
|switch|p1a: Toxapex|Toxapex, F|100/100
|move|p2a: Corviknight|Iron Defense|p2a: Corviknight
|-boost|p2a: Corviknight|def|2
|
|turn|99
|
|move|p2a: Corviknight|Iron Defense|p2a: Corviknight
|-boost|p2a: Corviknight|def|2
|move|p1a: Toxapex|Haze|p1a: Toxapex
|-clearallboost
|
|turn|100
|
|switch|p1a: Alomomola|Alomomola, F|100/100
|move|p2a: Corviknight|Iron Defense|p2a: Corviknight
|-boost|p2a: Corviknight|def|2
|
|turn|101
|
|switch|p2a: Chien-Pao|Chien-Pao|100/100
|-ability|p2a: Chien-Pao|Sword of Ruin
|switch|p1a: Toxapex|Toxapex, F|100/100
|
|turn|102
|
|switch|p2a: Corviknight|Corviknight, F, shiny|100/100
|move|p1a: Toxapex|Toxic|p2a: Corviknight
|-immune|p2a: Corviknight
|
|turn|103
|
|switch|p2a: Chien-Pao|Chien-Pao|100/100
|-ability|p2a: Chien-Pao|Sword of Ruin
|switch|p1a: Alomomola|Alomomola, F|100/100
|
|turn|104
|
|switch|p2a: Corviknight|Corviknight, F, shiny|100/100
|move|p1a: Alomomola|Whirlpool|p2a: Corviknight
|-damage|p2a: Corviknight|96/100
|-activate|p2a: Corviknight|move: Whirlpool|[of] p1a: Alomomola
|
|-heal|p2a: Corviknight|100/100|[from] item: Leftovers
|-damage|p2a: Corviknight|88/100|[from] move: Whirlpool|[partiallytrapped]
|turn|105
|
|move|p2a: Corviknight|Body Press|p1a: Alomomola
|-damage|p1a: Alomomola|90/100
|move|p1a: Alomomola|Chilling Water|p2a: Corviknight
|-damage|p2a: Corviknight|82/100
|-ability|p2a: Corviknight|Mirror Armor
|-unboost|p1a: Alomomola|atk|1
|
|-heal|p2a: Corviknight|88/100|[from] item: Leftovers
|-damage|p2a: Corviknight|76/100|[from] move: Whirlpool|[partiallytrapped]
|turn|106
|
|move|p2a: Corviknight|Iron Defense|p2a: Corviknight
|-boost|p2a: Corviknight|def|2
|move|p1a: Alomomola|Chilling Water|p2a: Corviknight
|-damage|p2a: Corviknight|70/100
|-ability|p2a: Corviknight|Mirror Armor
|-unboost|p1a: Alomomola|atk|1
|
|-heal|p2a: Corviknight|76/100|[from] item: Leftovers
|-damage|p2a: Corviknight|63/100|[from] move: Whirlpool|[partiallytrapped]
|turn|107
|
|move|p2a: Corviknight|Roost|p2a: Corviknight
|-heal|p2a: Corviknight|100/100
|-singleturn|p2a: Corviknight|move: Roost
|move|p1a: Alomomola|Wish|p1a: Alomomola
|
|-damage|p2a: Corviknight|88/100|[from] move: Whirlpool|[partiallytrapped]
|turn|108
|
|switch|p1a: Toxapex|Toxapex, F|100/100
|move|p2a: Corviknight|Body Press|p1a: Toxapex
|-resisted|p1a: Toxapex
|-damage|p1a: Toxapex|89/100
|
|-heal|p1a: Toxapex|100/100|[from] move: Wish|[wisher] Alomomola
|-heal|p2a: Corviknight|94/100|[from] item: Leftovers
|-end|p2a: Corviknight|Whirlpool|[partiallytrapped]
|turn|109
|
|switch|p2a: Chien-Pao|Chien-Pao|100/100
|-ability|p2a: Chien-Pao|Sword of Ruin
|move|p1a: Toxapex|Haze|p1a: Toxapex
|-clearallboost
|
|turn|110
|
|move|p2a: Chien-Pao|Swords Dance|p2a: Chien-Pao
|-boost|p2a: Chien-Pao|atk|2
|move|p1a: Toxapex|Infestation|p2a: Chien-Pao
|-supereffective|p2a: Chien-Pao
|-damage|p2a: Chien-Pao|91/100
|-activate|p2a: Chien-Pao|move: Infestation|[of] p1a: Toxapex
|
|-damage|p2a: Chien-Pao|79/100|[from] move: Infestation|[partiallytrapped]
|turn|111
|
|-terastallize|p2a: Chien-Pao|Dark
|move|p2a: Chien-Pao|Crunch|p1a: Toxapex
|-damage|p1a: Toxapex|23/100
|move|p1a: Toxapex|Haze|p1a: Toxapex
|-clearallboost
|
|-damage|p2a: Chien-Pao|67/100|[from] move: Infestation|[partiallytrapped]
|turn|112
|
|switch|p1a: Dondozo|Dondozo, F|94/100
|move|p2a: Chien-Pao|Crunch|p1a: Dondozo
|-damage|p1a: Dondozo|63/100
|
|-end|p2a: Chien-Pao|Infestation|[partiallytrapped]|[silent]
|turn|113
|
|move|p2a: Chien-Pao|Crunch|p1a: Dondozo
|-damage|p1a: Dondozo|34/100
|move|p1a: Dondozo|Body Press|p2a: Chien-Pao
|-supereffective|p2a: Chien-Pao
|-damage|p2a: Chien-Pao|0 fnt
|faint|p2a: Chien-Pao
|
|
|switch|p2a: Urshifu|Urshifu-Rapid-Strike, M|22/100 tox
|turn|114
|
|move|p2a: Urshifu|Drain Punch|p1a: Dondozo
|-damage|p1a: Dondozo|14/100
|-heal|p2a: Urshifu|37/100 tox|[from] drain|[of] p1a: Dondozo
|move|p1a: Dondozo|Rest|p1a: Dondozo
|-status|p1a: Dondozo|slp|[from] move: Rest
|-heal|p1a: Dondozo|100/100 slp|[silent]
|
|-damage|p2a: Urshifu|30/100 tox|[from] psn
|turn|115
|-message|some NPC i guess forfeited.
|
|win|IsAnythingReal
