|poke|p1|Breloom, F|
|poke|p1|Kleavor, F|
|poke|p1|Enamorus, F|
|poke|p1|Kingambit, F|
|poke|p1|Skeledirge, M|
|poke|p1|Garganacl, F|
|poke|p2|Meowscarada, M|
|poke|p2|Salamence, F|
|poke|p2|Mew|
|poke|p2|Charizard, M|
|poke|p2|Greninja, M|
|poke|p2|Lycanroc-Dusk, F|
|teampreview
|
|start
|switch|p1a: Kleavor|Kleavor, F|100/100
|switch|p2a: Mew|Mew|100/100
|turn|1
|
|move|p1a: Kleavor|Night Slash|p2a: Mew
|-supereffective|p2a: Mew
|-damage|p2a: Mew|0 fnt
|faint|p2a: Mew
|
|
|switch|p2a: Charizard|Charizard, M, shiny|100/100
|turn|2
|
|switch|p1a: Garganacl|Garganacl, F|100/100
|move|p2a: Charizard|Dragon Dance|p2a: Charizard
|-boost|p2a: Charizard|atk|1
|-boost|p2a: Charizard|spe|1
|
|turn|3
|
|move|p2a: Charizard|Earthquake|p1a: Garganacl
|-supereffective|p1a: Garganacl
|-damage|p1a: Garganacl|66/100
|move|p1a: Garganacl|Salt Cure|p2a: Charizard
|-supereffective|p2a: Charizard
|-damage|p2a: Charizard|12/100
|-start|p2a: Charizard|Salt Cure
|
|-damage|p2a: Charizard|0 fnt|[from] Salt Cure
|faint|p2a: Charizard
|
|switch|p2a: Lycanroc|Lycanroc-Dusk, F|100/100
|turn|4
|
|move|p2a: Lycanroc|Earth Power|p1a: Garganacl
|-supereffective|p1a: Garganacl
|-damage|p1a: Garganacl|33/100
|move|p1a: Garganacl|Earthquake|p2a: Lycanroc
|-supereffective|p2a: Lycanroc
|-damage|p2a: Lycanroc|18/100
|
|turn|5
|
|move|p2a: Lycanroc|Earth Power|p1a: Garganacl
|-supereffective|p1a: Garganacl
|-damage|p1a: Garganacl|0 fnt
|faint|p1a: Garganacl
|
|
|switch|p1a: Kleavor|Kleavor, F|100/100
|turn|6
|
|move|p1a: Kleavor|Stone Axe|p2a: Lycanroc
|-damage|p2a: Lycanroc|0 fnt
|-sidestart|p2: p2|move: Stealth Rock
|faint|p2a: Lycanroc
|
|
|switch|p2a: Greninja|Greninja, M, shiny|100/100
|-damage|p2a: Greninja|88/100|[from] Stealth Rock
|turn|7
|
|switch|p1a: Breloom|Breloom, F|100/100
|move|p2a: Greninja|Hydro Pump|p1a: Breloom|[miss]
|-miss|p2a: Greninja|p1a: Breloom
|
|turn|8
|
|switch|p2a: Salamence|Salamence, F|100/100
|-damage|p2a: Salamence|76/100|[from] Stealth Rock
|-ability|p2a: Salamence|Intimidate|boost
|-unboost|p1a: Breloom|atk|1
|move|p1a: Breloom|Bullet Seed|p2a: Salamence
|-resisted|p2a: Salamence
|-damage|p2a: Salamence|72/100
|-resisted|p2a: Salamence
|-damage|p2a: Salamence|69/100
|-resisted|p2a: Salamence
|-damage|p2a: Salamence|65/100
|-resisted|p2a: Salamence
|-damage|p2a: Salamence|62/100
|-hitcount|p2a: Salamence|4
|
|turn|9
|
|switch|p1a: Kleavor|Kleavor, F|100/100
|move|p2a: Salamence|Dragon Dance|p2a: Salamence
|-boost|p2a: Salamence|atk|1
|-boost|p2a: Salamence|spe|1
|
|turn|10
|
|switch|p2a: Greninja|Greninja, M, shiny|88/100
|-damage|p2a: Greninja|76/100|[from] Stealth Rock
|move|p1a: Kleavor|Stone Axe|p2a: Greninja
|-damage|p2a: Greninja|0 fnt
|faint|p2a: Greninja
|
|
|switch|p2a: Salamence|Salamence, F|62/100
|-damage|p2a: Salamence|37/100|[from] Stealth Rock
|-ability|p2a: Salamence|Intimidate|boost
|-unboost|p1a: Kleavor|atk|1
|turn|11
|
|move|p1a: Kleavor|Stone Axe|p2a: Salamence
|-supereffective|p2a: Salamence
|-damage|p2a: Salamence|0 fnt
|faint|p2a: Salamence
|
|
|switch|p2a: Meowscarada|Meowscarada, M|100/100
|-damage|p2a: Meowscarada|88/100|[from] Stealth Rock
|turn|12
|
|move|p1a: Kleavor|Stone Axe|p2a: Meowscarada
|-damage|p2a: Meowscarada|39/100
|move|p2a: Meowscarada|Energy Ball|p1a: Kleavor
|-damage|p1a: Kleavor|40/100
|
|turn|13
|
|move|p1a: Kleavor|Stone Axe|p2a: Meowscarada
|-damage|p2a: Meowscarada|0 fnt
|faint|p2a: Meowscarada
|
|win|p1
