# advantage = p1
|poke|p1|Arcanine-Hisui, M|
|poke|p1|Braviary-Hisui, M|
|poke|p1|Dragapult, M|
|poke|p1|Dugtrio-Alola, M|
|poke|p1|Tyranitar, M|
|poke|p1|Iron Treads|
|poke|p2|Eiscue, M|
|poke|p2|Baxcalibur, M|
|poke|p2|Chien-Pao|
|poke|p2|Abomasnow, F|
|poke|p2|Vaporeon, F|
|poke|p2|Frosmoth, M|
|teampreview
|
|start
|switch|p1a: Extreme Patrick|Dragapult, M|100/100
|switch|p2a: Abomasnow|Abomasnow, F|100/100
|-weather|Snow|[from] ability: Snow Warning|[of] p2a: Abomasnow
|turn|1
|
|move|p1a: Extreme Patrick|Draco Meteor|p2a: Abomasnow|[miss]
|-miss|p1a: Extreme Patrick|p2a: Abomasnow
|move|p2a: Abomasnow|Aurora Veil|p2a: Abomasnow
|-sidestart|p2: p2|move: Aurora Veil
|
|-weather|Snow|[upkeep]
|turn|2
|
|move|p1a: Extreme Patrick|Draco Meteor|p2a: Abomasnow
|-damage|p2a: Abomasnow|15/100
|-unboost|p1a: Extreme Patrick|spa|2
|move|p2a: Abomasnow|Blizzard|p1a: Extreme Patrick
|-supereffective|p1a: Extreme Patrick
|-damage|p1a: Extreme Patrick|0 fnt
|faint|p1a: Extreme Patrick
|
|-weather|Snow|[upkeep]
|
|switch|p1a: Braviary|Braviary-Hisui, M|100/100
|turn|3
|
|move|p1a: Braviary|Psychic|p2a: Abomasnow
|-damage|p2a: Abomasnow|0 fnt
|faint|p2a: Abomasnow
|
|-weather|Snow|[upkeep]
|
|switch|p2a: Frosmoth|Frosmoth, M|100/100
|turn|4
|
|move|p2a: Frosmoth|Quiver Dance|p2a: Frosmoth
|-boost|p2a: Frosmoth|spa|1
|-boost|p2a: Frosmoth|spd|1
|-boost|p2a: Frosmoth|spe|1
|move|p1a: Braviary|Heat Wave|p2a: Frosmoth
|-supereffective|p2a: Frosmoth
|-damage|p2a: Frosmoth|49/100
|
|-weather|Snow|[upkeep]
|turn|5
|
|move|p2a: Frosmoth|Blizzard|p1a: Braviary
|-supereffective|p1a: Braviary
|-damage|p1a: Braviary|0 fnt
|faint|p1a: Braviary
|
|-weather|Snow|[upkeep]
|-sideend|p2: p2|move: Aurora Veil
|
|switch|p1a: Ultra Plankton|Tyranitar, M|100/100
|-weather|Sandstorm|[from] ability: Sand Stream|[of] p1a: Ultra Plankton
|turn|6
|
|move|p2a: Frosmoth|Snowscape|p2a: Frosmoth
|-weather|Snow
|move|p1a: Ultra Plankton|Stone Edge|p2a: Frosmoth
|-supereffective|p2a: Frosmoth
|-damage|p2a: Frosmoth|0 fnt
|faint|p2a: Frosmoth
|
|-weather|Snow|[upkeep]
|
|switch|p2a: Vaporeon|Vaporeon, F|100/100
|turn|7
|
|switch|p1a: Triple Spongebob|Dugtrio-Alola, M|100/100
|move|p2a: Vaporeon|Wish|p2a: Vaporeon
|
|-weather|Snow|[upkeep]
|turn|8
|
|switch|p1a: Ultra Plankton|Tyranitar, M|100/100
|-weather|Sandstorm|[from] ability: Sand Stream|[of] p1a: Ultra Plankton
|move|p2a: Vaporeon|Surf|p1a: Ultra Plankton
|-supereffective|p1a: Ultra Plankton
|-damage|p1a: Ultra Plankton|74/100
|
|-weather|Sandstorm|[upkeep]
|-damage|p2a: Vaporeon|94/100|[from] Sandstorm
|-heal|p2a: Vaporeon|100/100|[from] move: Wish|[wisher] Vaporeon
|-heal|p1a: Ultra Plankton|80/100|[from] item: Leftovers
|turn|9
|
|move|p2a: Vaporeon|Surf|p1a: Ultra Plankton
|-supereffective|p1a: Ultra Plankton
|-damage|p1a: Ultra Plankton|51/100
|move|p1a: Ultra Plankton|Thunder Wave|p2a: Vaporeon
|-status|p2a: Vaporeon|par
|
|-weather|Sandstorm|[upkeep]
|-damage|p2a: Vaporeon|94/100 par|[from] Sandstorm
|-heal|p1a: Ultra Plankton|57/100|[from] item: Leftovers
|-heal|p2a: Vaporeon|100/100 par|[from] item: Leftovers
|turn|10
|
|move|p1a: Ultra Plankton|Crunch|p2a: Vaporeon
|-damage|p2a: Vaporeon|64/100 par
|move|p2a: Vaporeon|Wish|p2a: Vaporeon
|
|-weather|Sandstorm|[upkeep]
|-damage|p2a: Vaporeon|58/100 par|[from] Sandstorm
|-heal|p1a: Ultra Plankton|64/100|[from] item: Leftovers
|-heal|p2a: Vaporeon|64/100 par|[from] item: Leftovers
|turn|11
|
|switch|p2a: Eiscue|Eiscue, M|100/100
|move|p1a: Ultra Plankton|Stone Edge|p2a: Eiscue
|-activate|p2a: Eiscue|ability: Ice Face
|-damage|p2a: Eiscue|100/100
|detailschange|p2a: Eiscue|Eiscue-Noice, M
|
|-weather|Sandstorm|[upkeep]
|-damage|p2a: Eiscue|94/100|[from] Sandstorm
|-heal|p2a: Eiscue|100/100|[from] move: Wish|[wisher] Vaporeon
|-heal|p1a: Ultra Plankton|70/100|[from] item: Leftovers
|turn|12
|
|move|p2a: Eiscue|Snowscape|p2a: Eiscue
|-weather|Snow
|-activate|p2a: Eiscue|ability: Ice Face
|detailschange|p2a: Eiscue|Eiscue, M
|move|p1a: Ultra Plankton|Stone Edge|p2a: Eiscue
|-activate|p2a: Eiscue|ability: Ice Face
|-damage|p2a: Eiscue|100/100
|detailschange|p2a: Eiscue|Eiscue-Noice, M
|
|-weather|Snow|[upkeep]
|-heal|p1a: Ultra Plankton|76/100|[from] item: Leftovers
|turn|13
|
|move|p2a: Eiscue|Aurora Veil|p2a: Eiscue
|-sidestart|p2: p2|move: Aurora Veil
|move|p1a: Ultra Plankton|Stone Edge|p2a: Eiscue
|-supereffective|p2a: Eiscue
|-damage|p2a: Eiscue|65/100
|
|-weather|Snow|[upkeep]
|-heal|p1a: Ultra Plankton|82/100|[from] item: Leftovers
|turn|14
|
|switch|p1a: Iron Treads|Iron Treads|100/100
|-enditem|p1a: Iron Treads|Booster Energy
|-activate|p1a: Iron Treads|ability: Quark Drive|[fromitem]
|-start|p1a: Iron Treads|quarkdrivespe
|move|p2a: Eiscue|Freeze-Dry|p1a: Iron Treads
|-damage|p1a: Iron Treads|66/100
|
|-weather|Snow|[upkeep]
|turn|15
|
|move|p1a: Iron Treads|Earthquake|p2a: Eiscue
|-damage|p2a: Eiscue|44/100
|move|p2a: Eiscue|Freeze-Dry|p1a: Iron Treads
|-damage|p1a: Iron Treads|29/100
|
|-weather|Snow|[upkeep]
|turn|16
|
|move|p1a: Iron Treads|Knock Off|p2a: Eiscue
|-damage|p2a: Eiscue|32/100
|-damage|p1a: Iron Treads|12/100|[from] item: Rocky Helmet|[of] p2a: Eiscue
|-enditem|p2a: Eiscue|Rocky Helmet|[from] move: Knock Off|[of] p1a: Iron Treads
|move|p2a: Eiscue|Freeze-Dry|p1a: Iron Treads
|-damage|p1a: Iron Treads|0 fnt
|faint|p1a: Iron Treads
|-end|p1a: Iron Treads|Quark Drive|[silent]
|
|-weather|none
|
|switch|p1a: Triple Spongebob|Dugtrio-Alola, M|100/100
|turn|17
|
|move|p1a: Triple Spongebob|Iron Head|p2a: Eiscue
|-supereffective|p2a: Eiscue
|-damage|p2a: Eiscue|0 fnt
|faint|p2a: Eiscue
|
|-sideend|p2: p2|move: Aurora Veil
|
|switch|p2a: Chien-Pao|Chien-Pao|100/100
|-ability|p2a: Chien-Pao|Sword of Ruin
|turn|18
|
|move|p1a: Triple Spongebob|Iron Head|p2a: Chien-Pao
|-supereffective|p2a: Chien-Pao
|-damage|p2a: Chien-Pao|2/100
|move|p2a: Chien-Pao|Sacred Sword|p1a: Triple Spongebob
|-supereffective|p1a: Triple Spongebob
|-damage|p1a: Triple Spongebob|0 fnt
|faint|p1a: Triple Spongebob
|
|
|switch|p1a: Ultra Plankton|Tyranitar, M|82/100
|-weather|Sandstorm|[from] ability: Sand Stream|[of] p1a: Ultra Plankton
|turn|19
|
|move|p2a: Chien-Pao|Sacred Sword|p1a: Ultra Plankton
|-supereffective|p1a: Ultra Plankton
|-damage|p1a: Ultra Plankton|0 fnt
|faint|p1a: Ultra Plankton
|
|-weather|Sandstorm|[upkeep]
|-damage|p2a: Chien-Pao|0 fnt|[from] Sandstorm
|faint|p2a: Chien-Pao
|
|switch|p2a: Vaporeon|Vaporeon, F|64/100 par
|switch|p1a: Raging Crabs|Arcanine-Hisui, M|100/100
|turn|20
|
|move|p1a: Raging Crabs|Head Smash|p2a: Vaporeon
|-crit|p2a: Vaporeon
|-damage|p2a: Vaporeon|0 fnt
|faint|p2a: Vaporeon
|
|-weather|Sandstorm|[upkeep]
|
|switch|p2a: Baxcalibur|Baxcalibur, M|100/100
|turn|21
|
|-terastallize|p2a: Baxcalibur|Fairy
|move|p1a: Raging Crabs|Head Smash|p2a: Baxcalibur
|-damage|p2a: Baxcalibur|0 fnt
|faint|p2a: Baxcalibur
|
|win|p1
