|poke|p1|Pawmot, F|
|poke|p1|Ursaluna, F|
|poke|p1|Cyclizar, M|
|poke|p1|Forretress, F|
|poke|p1|Zarude|
|poke|p1|Raichu, F|
|poke|p2|Ceruledge, M|
|poke|p2|Diancie|
|poke|p2|Zamazenta-*|
|poke|p2|Tatsugiri-Droopy, M|
|poke|p2|Meowscarada, M|
|poke|p2|Gholdengo|
|teampreview
|
|start
|switch|p1a: Bike-Lizar|Cyclizar, M|100/100
|switch|p2a: Meowscarada|Meowscarada, M|100/100
|turn|1
|
|move|p1a: Bike-Lizar|Ice Spinner|p2a: Meowscarada
|-supereffective|p2a: Meowscarada
|-damage|p2a: Meowscarada|45/100
|move|p2a: Meowscarada|Knock Off|p1a: Bike-Lizar
|-damage|p1a: Bike-Lizar|26/100
|-enditem|p1a: Bike-Lizar|Assault Vest|[from] move: Knock Off|[of] p2a: Meowscarada
|
|turn|2
|
|switch|p2a: Gholdengo|Gholdengo|100/100
|move|p1a: Bike-Lizar|Ice Spinner|p2a: Gholdengo
|-resisted|p2a: Gholdengo
|-damage|p2a: Gholdengo|92/100
|-damage|p1a: Bike-Lizar|10/100|[from] item: Rocky Helmet|[of] p2a: Gholdengo
|
|turn|3
|
|switch|p1a: Liebe Raichu|Raichu, F|100/100
|move|p2a: Gholdengo|Make It Rain|p1a: Liebe Raichu
|-resisted|p1a: Liebe Raichu
|-damage|p1a: Liebe Raichu|66/100
|-unboost|p2a: Gholdengo|spa|1
|
|turn|4
|
|move|p1a: Liebe Raichu|Thunderbolt|p2a: Gholdengo
|-damage|p2a: Gholdengo|61/100
|move|p2a: Gholdengo|Shadow Ball|p1a: Liebe Raichu
|-damage|p1a: Liebe Raichu|34/100
|-unboost|p1a: Liebe Raichu|spd|1
|
|turn|5
|
|switch|p1a: ZZZ|Zarude|100/100
|move|p2a: Gholdengo|Shadow Ball|p1a: ZZZ
|-resisted|p1a: ZZZ
|-damage|p1a: ZZZ|92/100
|-unboost|p1a: ZZZ|spd|1
|
|-heal|p1a: ZZZ|98/100|[from] item: Leftovers
|turn|6
|
|switch|p2a: Zamazenta|Zamazenta|100/100
|-ability|p2a: Zamazenta|Dauntless Shield|boost
|-boost|p2a: Zamazenta|def|1
|move|p1a: ZZZ|Crunch|p2a: Zamazenta
|-resisted|p2a: Zamazenta
|-damage|p2a: Zamazenta|88/100
|
|-heal|p1a: ZZZ|100/100|[from] item: Leftovers
|turn|7
|
|switch|p1a: Liebe Raichu|Raichu, F|34/100
|move|p2a: Zamazenta|Close Combat|p1a: Liebe Raichu
|-damage|p1a: Liebe Raichu|0 fnt
|-unboost|p2a: Zamazenta|def|1
|-unboost|p2a: Zamazenta|spd|1
|-damage|p2a: Zamazenta|72/100|[from] item: Rocky Helmet|[of] p1a: Liebe Raichu
|faint|p1a: Liebe Raichu
|
|
|switch|p1a: Bike-Lizar|Cyclizar, M|43/100
|turn|8
|
|switch|p1a: Fort Nado|Forretress, F|100/100
|move|p2a: Zamazenta|Close Combat|p1a: Fort Nado
|-damage|p1a: Fort Nado|60/100
|-unboost|p2a: Zamazenta|def|1
|-unboost|p2a: Zamazenta|spd|1
|
|turn|9
|
|switch|p2a: Ceruledge|Ceruledge, M|100/100
|move|p1a: Fort Nado|Volt Switch|p2a: Ceruledge
|-damage|p2a: Ceruledge|88/100
|
|switch|p1a: AWOON|Ursaluna, F|100/100|[from] Volt Switch
|
|turn|10
|
|-terastallize|p2a: Ceruledge|Grass
|move|p2a: Ceruledge|Tera Blast|p1a: AWOON
|-supereffective|p1a: AWOON
|-damage|p1a: AWOON|17/100
|move|p1a: AWOON|Headlong Rush|p2a: Ceruledge
|-resisted|p2a: Ceruledge
|-damage|p2a: Ceruledge|24/100
|-unboost|p1a: AWOON|def|1
|-unboost|p1a: AWOON|spd|1
|
|turn|11
|
|switch|p1a: Bike-Lizar|Cyclizar, M|76/100
|move|p2a: Ceruledge|Tera Blast|p1a: Bike-Lizar
|-resisted|p1a: Bike-Lizar
|-damage|p1a: Bike-Lizar|39/100
|
|turn|12
|
|switch|p2a: Gholdengo|Gholdengo|61/100
|move|p1a: Bike-Lizar|Ice Spinner|p2a: Gholdengo
|-resisted|p2a: Gholdengo
|-damage|p2a: Gholdengo|52/100
|-damage|p1a: Bike-Lizar|23/100|[from] item: Rocky Helmet|[of] p2a: Gholdengo
|
|turn|13
|
|switch|p1a: Fort Nado|Forretress, F|60/100
|move|p2a: Gholdengo|Thunder|p1a: Fort Nado
|-damage|p1a: Fort Nado|14/100
|
|turn|14
|
|move|p2a: Gholdengo|Shadow Ball|p1a: Fort Nado
|-damage|p1a: Fort Nado|0 fnt
|faint|p1a: Fort Nado
|
|
|switch|p1a: ZZZ|Zarude|100/100
|turn|15
|
|move|p2a: Gholdengo|Thunder|p1a: ZZZ|[miss]
|-miss|p2a: Gholdengo|p1a: ZZZ
|move|p1a: ZZZ|Bulk Up|p1a: ZZZ
|-boost|p1a: ZZZ|atk|1
|-boost|p1a: ZZZ|def|1
|
|turn|16
|
|move|p2a: Gholdengo|Thunder|p1a: ZZZ|[miss]
|-miss|p2a: Gholdengo|p1a: ZZZ
|move|p1a: ZZZ|Bulk Up|p1a: ZZZ
|-boost|p1a: ZZZ|atk|1
|-boost|p1a: ZZZ|def|1
|
|turn|17
|
|move|p2a: Gholdengo|Shadow Ball|p1a: ZZZ
|-resisted|p1a: ZZZ
|-damage|p1a: ZZZ|88/100
|move|p1a: ZZZ|Crunch|p2a: Gholdengo
|-supereffective|p2a: Gholdengo
|-damage|p2a: Gholdengo|0 fnt
|-damage|p1a: ZZZ|72/100|[from] item: Rocky Helmet|[of] p2a: Gholdengo
|faint|p2a: Gholdengo
|
|-heal|p1a: ZZZ|78/100|[from] item: Leftovers
|
|switch|p2a: Meowscarada|Meowscarada, M|45/100
|turn|18
|
|move|p2a: Meowscarada|Brick Break|p1a: ZZZ
|-supereffective|p1a: ZZZ
|-damage|p1a: ZZZ|58/100
|move|p1a: ZZZ|Crunch|p2a: Meowscarada
|-resisted|p2a: Meowscarada
|-damage|p2a: Meowscarada|0 fnt
|faint|p2a: Meowscarada
|
|-heal|p1a: ZZZ|64/100|[from] item: Leftovers
|
|switch|p2a: Tatsugiri|Tatsugiri-Droopy, M|100/100
|turn|19
|
|move|p1a: ZZZ|Crunch|p2a: Tatsugiri
|-damage|p2a: Tatsugiri|16/100
|-unboost|p2a: Tatsugiri|def|1
|move|p2a: Tatsugiri|Dragon Pulse|p1a: ZZZ
|-damage|p1a: ZZZ|35/100
|
|-heal|p1a: ZZZ|41/100|[from] item: Leftovers
|turn|20
|
|move|p1a: ZZZ|Crunch|p2a: Tatsugiri
|-damage|p2a: Tatsugiri|0 fnt
|faint|p2a: Tatsugiri
|
|-heal|p1a: ZZZ|47/100|[from] item: Leftovers
|
|switch|p2a: Zamazenta|Zamazenta|72/100
|turn|21
|
|-terastallize|p1a: ZZZ|Bug
|move|p2a: Zamazenta|Close Combat|p1a: ZZZ
|-resisted|p1a: ZZZ
|-damage|p1a: ZZZ|32/100
|-unboost|p2a: Zamazenta|def|1
|-unboost|p2a: Zamazenta|spd|1
|move|p1a: ZZZ|Jungle Healing|p1a: ZZZ
|-heal|p1a: ZZZ|57/100
|
|-heal|p1a: ZZZ|63/100|[from] item: Leftovers
|turn|22
|
|switch|p2a: Ceruledge|Ceruledge, M, tera:Grass|24/100
|move|p1a: ZZZ|Bulk Up|p1a: ZZZ
|-boost|p1a: ZZZ|atk|1
|-boost|p1a: ZZZ|def|1
|
|-heal|p1a: ZZZ|69/100|[from] item: Leftovers
|turn|23
|
|move|p2a: Ceruledge|Bitter Blade|p1a: ZZZ
|-supereffective|p1a: ZZZ
|-damage|p1a: ZZZ|41/100
|-heal|p2a: Ceruledge|44/100|[from] drain|[of] p1a: ZZZ
|move|p1a: ZZZ|Crunch|p2a: Ceruledge
|-damage|p2a: Ceruledge|0 fnt
|faint|p2a: Ceruledge
|
|-heal|p1a: ZZZ|47/100|[from] item: Leftovers
|
|switch|p2a: Zamazenta|Zamazenta|72/100
|turn|24
|
|move|p2a: Zamazenta|Play Rough|p1a: ZZZ
|-damage|p1a: ZZZ|35/100
|move|p1a: ZZZ|Seed Bomb|p2a: Zamazenta
|-damage|p2a: Zamazenta|0 fnt
|faint|p2a: Zamazenta
|
|-heal|p1a: ZZZ|41/100|[from] item: Leftovers
|-message|p2 forfeited.
|
|win|p1
