# advantage = p1
|poke|p1|Sneasler, F|
|poke|p1|Arcanine-Hisui, M|
|poke|p1|Azelf|
|poke|p1|Goodra-Hisui, F|
|poke|p1|Enamorus-Therian, F|
|poke|p1|Sandy Shocks|
|poke|p2|Landorus-Therian, M|
|poke|p2|Braviary-Hisui, M|
|poke|p2|Garganacl, F|
|poke|p2|Samurott-Hisui, M|
|poke|p2|Slither Wing|
|poke|p2|Breloom, F|
|teampreview
|
|start
|switch|p1a: Azelf|Azelf, shiny|100/100
|switch|p2a: GeilGanarcal|Garganacl, F, shiny|100/100
|turn|1
|
|move|p1a: Azelf|Stealth Rock|p2a: GeilGanarcal
|-sidestart|p2: p2|move: Stealth Rock
|move|p2a: GeilGanarcal|Salt Cure|p1a: Azelf
|-damage|p1a: Azelf|79/100
|-start|p1a: Azelf|Salt Cure
|
|-damage|p1a: Azelf|66/100|[from] Salt Cure
|turn|2
|
|move|p1a: Azelf|U-turn|p2a: GeilGanarcal
|-damage|p2a: GeilGanarcal|90/100
|
|switch|p1a: Sneasler|Sneasler, F, shiny|100/100|[from] U-turn
|move|p2a: GeilGanarcal|Iron Defense|p2a: GeilGanarcal
|-boost|p2a: GeilGanarcal|def|2
|
|-heal|p2a: GeilGanarcal|96/100|[from] item: Leftovers
|turn|3
|
|-terastallize|p2a: GeilGanarcal|Ghost
|move|p1a: Sneasler|U-turn|p2a: GeilGanarcal
|-resisted|p2a: GeilGanarcal
|-damage|p2a: GeilGanarcal|90/100
|
|switch|p1a: Enamorus|Enamorus-Therian, F, shiny|100/100|[from] U-turn
|move|p2a: GeilGanarcal|Salt Cure|p1a: Enamorus
|-supereffective|p1a: Enamorus
|-damage|p1a: Enamorus|82/100
|-start|p1a: Enamorus|Salt Cure
|
|-heal|p2a: GeilGanarcal|96/100|[from] item: Leftovers
|-damage|p1a: Enamorus|69/100|[from] Salt Cure
|turn|4
|
|move|p1a: Enamorus|Draining Kiss|p2a: GeilGanarcal
|-damage|p2a: GeilGanarcal|80/100
|-heal|p1a: Enamorus|83/100|[from] drain|[of] p2a: GeilGanarcal
|move|p2a: GeilGanarcal|Salt Cure|p1a: Enamorus
|-supereffective|p1a: Enamorus
|-damage|p1a: Enamorus|64/100
|
|-heal|p2a: GeilGanarcal|86/100|[from] item: Leftovers
|-damage|p1a: Enamorus|52/100|[from] Salt Cure
|turn|5
|
|switch|p1a: Sneasler|Sneasler, F, shiny|100/100
|move|p2a: GeilGanarcal|Salt Cure|p1a: Sneasler
|-resisted|p1a: Sneasler
|-damage|p1a: Sneasler|90/100
|-start|p1a: Sneasler|Salt Cure
|
|-heal|p2a: GeilGanarcal|92/100|[from] item: Leftovers
|-damage|p1a: Sneasler|77/100|[from] Salt Cure
|turn|6
|
|move|p1a: Sneasler|Night Slash|p2a: GeilGanarcal
|-supereffective|p2a: GeilGanarcal
|-damage|p2a: GeilGanarcal|70/100
|move|p2a: GeilGanarcal|Iron Defense|p2a: GeilGanarcal
|-boost|p2a: GeilGanarcal|def|2
|
|-heal|p2a: GeilGanarcal|76/100|[from] item: Leftovers
|-damage|p1a: Sneasler|65/100|[from] Salt Cure
|turn|7
|
|move|p1a: Sneasler|Night Slash|p2a: GeilGanarcal
|-supereffective|p2a: GeilGanarcal
|-damage|p2a: GeilGanarcal|61/100
|move|p2a: GeilGanarcal|Body Press|p1a: Sneasler
|-resisted|p1a: Sneasler
|-damage|p1a: Sneasler|1/100
|
|-heal|p2a: GeilGanarcal|67/100|[from] item: Leftovers
|-damage|p1a: Sneasler|0 fnt|[from] Salt Cure
|faint|p1a: Sneasler
|
|switch|p1a: Azelf|Azelf, shiny|66/100
|turn|8
|
|move|p1a: Azelf|Mystical Power|p2a: GeilGanarcal
|-damage|p2a: GeilGanarcal|43/100
|-boost|p1a: Azelf|spa|1
|move|p2a: GeilGanarcal|Recover|p2a: GeilGanarcal
|-heal|p2a: GeilGanarcal|93/100
|
|-heal|p2a: GeilGanarcal|99/100|[from] item: Leftovers
|turn|9
|
|move|p1a: Azelf|Mystical Power|p2a: GeilGanarcal
|-damage|p2a: GeilGanarcal|59/100
|-boost|p1a: Azelf|spa|1
|move|p2a: GeilGanarcal|Salt Cure|p1a: Azelf
|-damage|p1a: Azelf|45/100
|-start|p1a: Azelf|Salt Cure
|
|-heal|p2a: GeilGanarcal|65/100|[from] item: Leftovers
|-damage|p1a: Azelf|33/100|[from] Salt Cure
|turn|10
|
|switch|p2a: KilliGay|Samurott-Hisui, M, shiny|100/100
|-damage|p2a: KilliGay|88/100|[from] Stealth Rock
|move|p1a: Azelf|Shadow Ball|p2a: KilliGay
|-resisted|p2a: KilliGay
|-crit|p2a: KilliGay
|-damage|p2a: KilliGay|24/100
|
|-damage|p1a: Azelf|20/100|[from] Salt Cure
|turn|11
|
|move|p2a: KilliGay|Sucker Punch|p1a: Azelf
|-supereffective|p1a: Azelf
|-damage|p1a: Azelf|0 fnt
|faint|p1a: Azelf
|-damage|p2a: KilliGay|15/100|[from] item: Life Orb
|
|
|switch|p1a: Enamorus|Enamorus-Therian, F, shiny|52/100
|turn|12
|
|move|p2a: KilliGay|Aqua Cutter|p1a: Enamorus
|-damage|p1a: Enamorus|14/100
|-damage|p2a: KilliGay|5/100|[from] item: Life Orb
|move|p1a: Enamorus|Calm Mind|p1a: Enamorus
|-boost|p1a: Enamorus|spa|1
|-boost|p1a: Enamorus|spd|1
|
|turn|13
|
|switch|p1a: Goodra|Goodra-Hisui, F, shiny|100/100
|move|p2a: KilliGay|Ceaseless Edge|p1a: Goodra
|-damage|p1a: Goodra|45/100
|-sidestart|p1: p1|Spikes
|-damage|p2a: KilliGay|0 fnt|[from] item: Life Orb
|faint|p2a: KilliGay
|
|-heal|p1a: Goodra|51/100|[from] item: Leftovers
|
|switch|p2a: Geilo - T|Landorus-Therian, M, shiny|100/100
|-damage|p2a: Geilo - T|88/100|[from] Stealth Rock
|-ability|p2a: Geilo - T|Intimidate|boost
|-unboost|p1a: Goodra|atk|1
|turn|14
|
|-terastallize|p1a: Goodra|Flying
|move|p2a: Geilo - T|Stealth Rock|p1a: Goodra
|-sidestart|p1: p1|move: Stealth Rock
|move|p1a: Goodra|Ice Beam|p2a: Geilo - T
|-supereffective|p2a: Geilo - T
|-damage|p2a: Geilo - T|0 fnt
|faint|p2a: Geilo - T
|
|-heal|p1a: Goodra|57/100|[from] item: Leftovers
|
|switch|p2a: GeilGanarcal|Garganacl, F, shiny, tera:Ghost|65/100
|-damage|p2a: GeilGanarcal|52/100|[from] Stealth Rock
|turn|15
|
|move|p1a: Goodra|Life Dew|p1a: Goodra
|-heal|p1a: Goodra|82/100
|move|p2a: GeilGanarcal|Recover|p2a: GeilGanarcal
|-heal|p2a: GeilGanarcal|100/100
|
|-heal|p1a: Goodra|88/100|[from] item: Leftovers
|turn|16
|-message|p1 forfeited.
|
|win|p2
