|poke|p1|Glimmora, F|
|poke|p1|Toxapex, M|
|poke|p1|Chien-Pao|
|poke|p1|Scizor, M|
|poke|p1|Ceruledge, F|
|poke|p1|Dragonite, M|
|poke|p2|Gallade, M|
|poke|p2|Sneasler, M|
|poke|p2|Chien-Pao|
|poke|p2|Heatran, M|
|poke|p2|Kleavor, M|
|poke|p2|Zamazenta-*|
|teampreview
|
|start
|switch|p1a: Toxapex|Toxapex, M|100/100
|switch|p2a: Sneasler|Sneasler, M|100/100
|turn|1
|
|move|p2a: Sneasler|U-turn|p1a: Toxapex
|-resisted|p1a: Toxapex
|-damage|p1a: Toxapex|90/100
|
|switch|p2a: Zamazenta|Zamazenta-Crowned|100/100|[from] U-turn
|-ability|p2a: Zamazenta|Dauntless Shield|boost
|-boost|p2a: Zamazenta|def|1
|move|p1a: Toxapex|Liquidation|p2a: Zamazenta
|-damage|p2a: Zamazenta|77/100
|
|turn|2
|
|switch|p1a: Ceruledge|Ceruledge, F|100/100
|move|p2a: Zamazenta|Psychic Fangs|p1a: Ceruledge
|-crit|p1a: Ceruledge
|-damage|p1a: Ceruledge|37/100
|
|turn|3
|
|move|p2a: Zamazenta|Psychic Fangs|p1a: Ceruledge
|-damage|p1a: Ceruledge|0 fnt
|faint|p1a: Ceruledge
|
|
|switch|p1a: Dragonite|Dragonite, M|100/100
|turn|4
|
|move|p2a: Zamazenta|Behemoth Bash|p1a: Dragonite
|-damage|p1a: Dragonite|70/100
|-damage|p2a: Zamazenta|61/100|[from] item: Rocky Helmet|[of] p1a: Dragonite
|move|p1a: Dragonite|Dragon Dance|p1a: Dragonite
|-boost|p1a: Dragonite|atk|1
|-boost|p1a: Dragonite|spe|1
|
|turn|5
|
|move|p1a: Dragonite|Earthquake|p2a: Zamazenta
|-supereffective|p2a: Zamazenta
|-damage|p2a: Zamazenta|0 fnt
|faint|p2a: Zamazenta
|
|
|switch|p2a: do i have crunch?|Chien-Pao|100/100
|-ability|p2a: do i have crunch?|Sword of Ruin
|turn|6
|
|move|p1a: Dragonite|Extreme Speed|p2a: do i have crunch?
|-damage|p2a: do i have crunch?|35/100
|move|p2a: do i have crunch?|Icicle Crash|p1a: Dragonite
|-supereffective|p1a: Dragonite
|-damage|p1a: Dragonite|0 fnt
|faint|p1a: Dragonite
|-damage|p2a: do i have crunch?|25/100|[from] item: Life Orb
|
|
|switch|p1a: Scizor|Scizor, M|100/100
|turn|7
|
|move|p2a: do i have crunch?|Sucker Punch|p1a: Scizor
|-damage|p1a: Scizor|40/100
|-damage|p2a: do i have crunch?|15/100|[from] item: Life Orb
|move|p1a: Scizor|Bullet Punch|p2a: do i have crunch?
|-supereffective|p2a: do i have crunch?
|-damage|p2a: do i have crunch?|0 fnt
|faint|p2a: do i have crunch?
|
|
|switch|p2a: Heatran|Heatran, M|100/100
|-item|p2a: Heatran|Air Balloon
|turn|8
|
|switch|p1a: Toxapex|Toxapex, M|90/100
|move|p2a: Heatran|Stealth Rock|p1a: Toxapex
|-sidestart|p1: Pickles1900|move: Stealth Rock
|
|turn|9
|
|move|p2a: Heatran|Taunt|p1a: Toxapex
|-start|p1a: Toxapex|move: Taunt
|move|p1a: Toxapex|Liquidation|p2a: Heatran
|-supereffective|p2a: Heatran
|-damage|p2a: Heatran|27/100
|-enditem|p2a: Heatran|Air Balloon
|
|turn|10
|
|move|p2a: Heatran|Will-O-Wisp|p1a: Toxapex|[miss]
|-miss|p2a: Heatran|p1a: Toxapex
|move|p1a: Toxapex|Liquidation|p2a: Heatran
|-supereffective|p2a: Heatran
|-damage|p2a: Heatran|0 fnt
|faint|p2a: Heatran
|
|
|switch|p2a: Gallade|Gallade, M|100/100
|turn|11
|
|move|p2a: Gallade|Psycho Cut|p1a: Toxapex
|-supereffective|p1a: Toxapex
|-damage|p1a: Toxapex|11/100
|move|p1a: Toxapex|Liquidation|p2a: Gallade
|-damage|p2a: Gallade|23/100
|
|-end|p1a: Toxapex|move: Taunt
|turn|12
|
|move|p2a: Gallade|Psycho Cut|p1a: Toxapex
|-supereffective|p1a: Toxapex
|-damage|p1a: Toxapex|0 fnt
|faint|p1a: Toxapex
|
|
|switch|p1a: Scizor|Scizor, M|40/100
|-damage|p1a: Scizor|28/100|[from] Stealth Rock
|turn|13
|
|move|p1a: Scizor|Bullet Punch|p2a: Gallade
|-damage|p2a: Gallade|0 fnt
|faint|p2a: Gallade
|
|
|switch|p2a: Kleavor|Kleavor, M|100/100
|turn|14
|
|-terastallize|p2a: Kleavor|Bug
|move|p1a: Scizor|Bullet Punch|p2a: Kleavor
|-damage|p2a: Kleavor|48/100
|move|p2a: Kleavor|Stone Axe|p1a: Scizor|[miss]
|-miss|p2a: Kleavor|p1a: Scizor
|
|turn|15
|
|move|p1a: Scizor|Bullet Punch|p2a: Kleavor
|-damage|p2a: Kleavor|0 fnt
|faint|p2a: Kleavor
|
|
|switch|p2a: Sneasler|Sneasler, M|100/100
|turn|16
|
|move|p2a: Sneasler|Close Combat|p1a: Scizor
|-damage|p1a: Scizor|0 fnt
|-unboost|p2a: Sneasler|def|1
|-unboost|p2a: Sneasler|spd|1
|faint|p1a: Scizor
|
|
|switch|p1a: Glimmora|Glimmora, F|100/100
|-damage|p1a: Glimmora|88/100|[from] Stealth Rock
|turn|17
|
|move|p2a: Sneasler|Close Combat|p1a: Glimmora
|-damage|p1a: Glimmora|22/100
|-unboost|p2a: Sneasler|def|1
|-unboost|p2a: Sneasler|spd|1
|-activate|p1a: Glimmora|ability: Toxic Debris
|-sidestart|p2: Cannithebro|move: Toxic Spikes
|move|p1a: Glimmora|Stealth Rock|p2a: Sneasler
|-sidestart|p2: Cannithebro|move: Stealth Rock
|
|-heal|p1a: Glimmora|29/100|[from] item: Black Sludge
|turn|18
|
|move|p2a: Sneasler|Close Combat|p1a: Glimmora
|-crit|p1a: Glimmora
|-damage|p1a: Glimmora|0 fnt
|-unboost|p2a: Sneasler|def|1
|-unboost|p2a: Sneasler|spd|1
|-activate|p1a: Glimmora|ability: Toxic Debris
|-sidestart|p2: Cannithebro|move: Toxic Spikes
|faint|p1a: Glimmora
|
|
|switch|p1a: Chien-Pao|Chien-Pao|100/100
|-damage|p1a: Chien-Pao|76/100|[from] Stealth Rock
|-ability|p1a: Chien-Pao|Sword of Ruin
|turn|19
|
|move|p1a: Chien-Pao|Crunch|p2a: Sneasler
|-resisted|p2a: Sneasler
|-enditem|p2a: Sneasler|Focus Sash
|-damage|p2a: Sneasler|1/100
|move|p2a: Sneasler|Close Combat|p1a: Chien-Pao
|-supereffective|p1a: Chien-Pao
|-crit|p1a: Chien-Pao
|-damage|p1a: Chien-Pao|0 fnt
|-unboost|p2a: Sneasler|def|1
|-unboost|p2a: Sneasler|spd|1
|faint|p1a: Chien-Pao
|
|win|Cannithebro
