|poke|p1|Arcanine-Hisui, M|
|poke|p1|Meowscarada, M|
|poke|p1|Iron Treads|
|poke|p1|Sneasler, M|
|poke|p1|Typhlosion-Hisui, F|
|poke|p1|Amoonguss, M|
|poke|p2|Samurott-Hisui, F|
|poke|p2|Dragapult, F|
|poke|p2|Sneasler, M|
|poke|p2|Magearna|
|poke|p2|Volcarona, M|
|poke|p2|Zamazenta-*|
|teampreview
|
|start
|switch|p1a: Meowscarada|Meowscarada, M|100/100
|switch|p2a: Samurott|Samurott-Hisui, F|100/100
|turn|1
|
|move|p1a: Meowscarada|U-turn|p2a: Samurott
|-start|p1a: Meowscarada|typechange|Bug|[from] ability: Protean
|-supereffective|p2a: Samurott
|-damage|p2a: Samurott|18/100
|
|switch|p1a: Sneasler|Sneasler, M|100/100|[from] U-turn
|-item|p1a: Sneasler|Air Balloon
|move|p2a: Samurott|Ceaseless Edge|p1a: Sneasler
|-resisted|p1a: Sneasler
|-damage|p1a: Sneasler|61/100
|-sidestart|p1: p1|Spikes
|-enditem|p1a: Sneasler|Air Balloon
|
|turn|2
|
|move|p2a: Samurott|Aqua Jet|p1a: Sneasler
|-damage|p1a: Sneasler|27/100
|move|p1a: Sneasler|Acrobatics|p2a: Samurott
|-damage|p2a: Samurott|0 fnt
|faint|p2a: Samurott
|
|
|switch|p2a: Dragapult|Dragapult, F|100/100
|turn|3
|
|move|p1a: Sneasler|Dire Claw|p2a: Dragapult
|-resisted|p2a: Dragapult
|-damage|p2a: Dragapult|74/100
|-status|p2a: Dragapult|slp
|cant|p2a: Dragapult|slp
|
|turn|4
|
|move|p1a: Sneasler|Swords Dance|p1a: Sneasler
|-boost|p1a: Sneasler|atk|2
|-curestatus|p2a: Dragapult|slp|[msg]
|move|p2a: Dragapult|Reflect|p2a: Dragapult
|-sidestart|p2: p2|Reflect
|
|turn|5
|
|move|p1a: Sneasler|Dire Claw|p2a: Dragapult
|-resisted|p2a: Dragapult
|-damage|p2a: Dragapult|51/100
|move|p2a: Dragapult|Curse|p1a: Sneasler
|-start|p1a: Sneasler|Curse|[of] p2a: Dragapult
|-damage|p2a: Dragapult|1/100
|
|-damage|p1a: Sneasler|2/100|[from] Curse
|turn|6
|
|switch|p2a: Zamazenta|Zamazenta-Crowned|100/100
|-ability|p2a: Zamazenta|Dauntless Shield|boost
|-boost|p2a: Zamazenta|def|1
|move|p1a: Sneasler|Dire Claw|p2a: Zamazenta
|-immune|p2a: Zamazenta
|
|-damage|p1a: Sneasler|0 fnt|[from] Curse
|faint|p1a: Sneasler
|
|switch|p1a: Amoonguss|Amoonguss, M|100/100
|-damage|p1a: Amoonguss|88/100|[from] Spikes
|turn|7
|
|move|p2a: Zamazenta|Behemoth Bash|p1a: Amoonguss
|-damage|p1a: Amoonguss|55/100
|move|p1a: Amoonguss|Spore|p2a: Zamazenta
|-status|p2a: Zamazenta|slp|[from] move: Spore
|
|-heal|p1a: Amoonguss|61/100|[from] item: Black Sludge
|turn|8
|
|switch|p1a: Iron Treads|Iron Treads|100/100
|-damage|p1a: Iron Treads|88/100|[from] Spikes
|cant|p2a: Zamazenta|slp
|
|turn|9
|
|cant|p2a: Zamazenta|slp
|move|p1a: Iron Treads|Rapid Spin|p2a: Zamazenta
|-resisted|p2a: Zamazenta
|-damage|p2a: Zamazenta|99/100 slp
|-boost|p1a: Iron Treads|spe|1
|-sideend|p1: p1|Spikes|[from] move: Rapid Spin|[of] p1a: Iron Treads
|
|turn|10
|
|move|p1a: Iron Treads|Knock Off|p2a: Zamazenta
|-resisted|p2a: Zamazenta
|-damage|p2a: Zamazenta|97/100 slp
|cant|p2a: Zamazenta|slp
|
|turn|11
|
|move|p1a: Iron Treads|Earthquake|p2a: Zamazenta
|-supereffective|p2a: Zamazenta
|-damage|p2a: Zamazenta|76/100 slp
|-curestatus|p2a: Zamazenta|slp|[msg]
|move|p2a: Zamazenta|Iron Defense|p2a: Zamazenta
|-boost|p2a: Zamazenta|def|2
|
|-sideend|p2: p2|Reflect
|turn|12
|
|-end|p1a: Iron Treads|Quark Drive|[silent]
|switch|p1a: Typhlosion|Typhlosion-Hisui, F|100/100
|-item|p2a: Zamazenta|Rusted Shield|[from] ability: Frisk|[of] p1a: Typhlosion|[identify]
|move|p2a: Zamazenta|Body Press|p1a: Typhlosion
|-immune|p1a: Typhlosion
|
|turn|13
|
|-terastallize|p2a: Zamazenta|Fire
|move|p1a: Typhlosion|Eruption|p2a: Zamazenta
|-resisted|p2a: Zamazenta
|-damage|p2a: Zamazenta|47/100
|move|p2a: Zamazenta|Crunch|p1a: Typhlosion
|-supereffective|p1a: Typhlosion
|-damage|p1a: Typhlosion|33/100
|
|turn|14
|
|switch|p1a: Iron Treads|Iron Treads|88/100
|move|p2a: Zamazenta|Crunch|p1a: Iron Treads
|-damage|p1a: Iron Treads|68/100
|-unboost|p1a: Iron Treads|def|1
|-enditem|p1a: Iron Treads|Red Card|[of] p2a: Zamazenta
|drag|p2a: Volcarona|Volcarona, M|100/100
|
|turn|15
|
|move|p1a: Iron Treads|Volt Switch|p2a: Volcarona
|-damage|p2a: Volcarona|88/100
|
|-end|p1a: Iron Treads|Quark Drive|[silent]
|switch|p1a: Arcanine|Arcanine-Hisui, M|100/100|[from] Volt Switch
|move|p2a: Volcarona|Quiver Dance|p2a: Volcarona
|-boost|p2a: Volcarona|spa|1
|-boost|p2a: Volcarona|spd|1
|-boost|p2a: Volcarona|spe|1
|
|turn|16
|
|move|p2a: Volcarona|Giga Drain|p1a: Arcanine
|-damage|p1a: Arcanine|54/100
|-heal|p2a: Volcarona|100/100|[from] drain|[of] p1a: Arcanine
|move|p1a: Arcanine|Agility|p1a: Arcanine
|-boost|p1a: Arcanine|spe|2
|
|turn|17
|
|move|p1a: Arcanine|Head Smash|p2a: Volcarona
|-supereffective|p2a: Volcarona
|-damage|p2a: Volcarona|0 fnt
|faint|p2a: Volcarona
|
|
|switch|p2a: Magearna|Magearna|100/100
|turn|18
|
|move|p1a: Arcanine|Flare Blitz|p2a: Magearna
|-supereffective|p2a: Magearna
|-damage|p2a: Magearna|3/100
|move|p2a: Magearna|Draining Kiss|p1a: Arcanine
|-resisted|p1a: Arcanine
|-damage|p1a: Arcanine|42/100
|-heal|p2a: Magearna|12/100|[from] drain|[of] p1a: Arcanine
|
|-heal|p2a: Magearna|18/100|[from] item: Leftovers
|turn|19
|
|move|p1a: Arcanine|Flare Blitz|p2a: Magearna
|-supereffective|p2a: Magearna
|-damage|p2a: Magearna|0 fnt
|faint|p2a: Magearna
|
|
|switch|p2a: Sneasler|Sneasler, M|100/100
|-item|p2a: Sneasler|Air Balloon
|turn|20
|
|move|p1a: Arcanine|Flare Blitz|p2a: Sneasler
|-damage|p2a: Sneasler|8/100
|-enditem|p2a: Sneasler|Air Balloon
|move|p2a: Sneasler|Close Combat|p1a: Arcanine
|-supereffective|p1a: Arcanine
|-damage|p1a: Arcanine|0 fnt
|-unboost|p2a: Sneasler|def|1
|-unboost|p2a: Sneasler|spd|1
|faint|p1a: Arcanine
|
|
|switch|p1a: Meowscarada|Meowscarada, M|100/100
|turn|21
|
|move|p1a: Meowscarada|Sucker Punch|p2a: Sneasler
|-start|p1a: Meowscarada|typechange|Dark|[from] ability: Protean
|-resisted|p2a: Sneasler
|-damage|p2a: Sneasler|0 fnt
|faint|p2a: Sneasler
|
|
|switch|p2a: Zamazenta|Zamazenta-Crowned, tera:Fire|47/100
|turn|22
|
|switch|p1a: Amoonguss|Amoonguss, M|94/100
|move|p2a: Zamazenta|Body Press|p1a: Amoonguss
|-resisted|p1a: Amoonguss
|-damage|p1a: Amoonguss|78/100
|
|-heal|p1a: Amoonguss|84/100|[from] item: Black Sludge
|turn|23
|
|switch|p2a: Dragapult|Dragapult, F|1/100
|move|p1a: Amoonguss|Spore|p2a: Dragapult
|-status|p2a: Dragapult|slp|[from] move: Spore
|
|-heal|p1a: Amoonguss|90/100|[from] item: Black Sludge
|turn|24
|
|cant|p2a: Dragapult|slp
|move|p1a: Amoonguss|Giga Drain|p2a: Dragapult
|-resisted|p2a: Dragapult
|-damage|p2a: Dragapult|0 fnt
|-heal|p1a: Amoonguss|91/100|[from] drain|[of] p2a: Dragapult
|faint|p2a: Dragapult
|
|-heal|p1a: Amoonguss|97/100|[from] item: Black Sludge
|-message|p2 forfeited.
|
|win|p1
