# advantage = p2
|poke|p1|Gholdengo|
|poke|p1|Pelipper, F|
|poke|p1|Ursaluna, M|
|poke|p1|Thundurus-Therian, M|
|poke|p1|Kleavor, M|
|poke|p1|Glimmora, F|
|poke|p2|Charizard, M|
|poke|p2|Enamorus-Therian, F|
|poke|p2|Goodra-Hisui, F|
|poke|p2|Zoroark-Hisui, F|
|poke|p2|Great Tusk|
|poke|p2|Torkoal, M|
|teampreview
|
|start
|switch|p1a: Glimmora|Glimmora, F|100/100
|switch|p2a: Enamorus|Enamorus-Therian, F|100/100
|turn|1
|
|move|p1a: Glimmora|Power Gem|p2a: Enamorus
|-supereffective|p2a: Enamorus
|-damage|p2a: Enamorus|2/100
|-enditem|p2a: Enamorus|Weakness Policy
|-boost|p2a: Enamorus|atk|2|[from] item: Weakness Policy
|-boost|p2a: Enamorus|spa|2|[from] item: Weakness Policy
|move|p2a: Enamorus|Agility|p2a: Enamorus
|-boost|p2a: Enamorus|spe|2
|
|turn|2
|
|move|p2a: Enamorus|Earth Power|p1a: Glimmora
|-supereffective|p1a: Glimmora
|-enditem|p1a: Glimmora|Focus Sash
|-damage|p1a: Glimmora|1/100
|move|p1a: Glimmora|Stealth Rock|p2a: Enamorus
|-sidestart|p2: p2|move: Stealth Rock
|
|turn|3
|
|switch|p1a: Thundurus|Thundurus-Therian, M|100/100
|move|p2a: Enamorus|Moonblast|p1a: Thundurus
|-damage|p1a: Thundurus|0 fnt
|faint|p1a: Thundurus
|
|
|switch|p1a: Ursaluna|Ursaluna, M|100/100
|turn|4
|
|move|p1a: Ursaluna|Protect|p1a: Ursaluna
|-singleturn|p1a: Ursaluna|Protect
|move|p2a: Enamorus|Earth Power|p1a: Ursaluna
|-activate|p1a: Ursaluna|move: Protect
|
|-status|p1a: Ursaluna|brn|[from] item: Flame Orb
|turn|5
|
|move|p2a: Enamorus|Moonblast|p1a: Ursaluna
|-crit|p1a: Ursaluna
|-damage|p1a: Ursaluna|0 fnt
|faint|p1a: Ursaluna
|
|
|switch|p1a: Kleavor|Kleavor, M|100/100
|turn|6
|
|move|p2a: Enamorus|Moonblast|p1a: Kleavor
|-damage|p1a: Kleavor|0 fnt
|faint|p1a: Kleavor
|
|
|switch|p1a: Gholdengo|Gholdengo|100/100
|turn|7
|
|move|p2a: Enamorus|Earth Power|p1a: Gholdengo
|-supereffective|p1a: Gholdengo
|-damage|p1a: Gholdengo|0 fnt
|faint|p1a: Gholdengo
|
|
|switch|p1a: Pelipper|Pelipper, F|100/100
|-weather|RainDance|[from] ability: Drizzle|[of] p1a: Pelipper
|turn|8
|
|move|p2a: Enamorus|Moonblast|p1a: Pelipper
|-damage|p1a: Pelipper|0 fnt
|faint|p1a: Pelipper
|
|-weather|RainDance|[upkeep]
|
|switch|p1a: Glimmora|Glimmora, F|1/100
|turn|9
|
|move|p2a: Enamorus|Moonblast|p1a: Glimmora
|-resisted|p1a: Glimmora
|-damage|p1a: Glimmora|0 fnt
|faint|p1a: Glimmora
|
|win|p2
|player|p2|p2|dawn
