|poke|p1|Masquerain, F|
|poke|p1|Hoopa-Unbound|
|poke|p1|Urshifu-*, M|
|poke|p1|Enamorus, F|
|poke|p1|Gholdengo|
|poke|p1|Baxcalibur, F|
|poke|p2|Maushold|
|poke|p2|Sneasler, M|
|poke|p2|Garchomp, M|
|poke|p2|Gholdengo|
|poke|p2|Zapdos|
|poke|p2|Samurott-Hisui, M|
|teampreview
|
|start
|switch|p1a: Masquerain|Masquerain, F|100/100
|switch|p2a: Maushold|Maushold|100/100
|-ability|p1a: Masquerain|Intimidate|boost
|-unboost|p2a: Maushold|atk|1
|turn|1
|
|move|p2a: Maushold|Tidy Up|p2a: Maushold
|-boost|p2a: Maushold|atk|1
|-boost|p2a: Maushold|spe|1
|move|p1a: Masquerain|Stun Spore|p2a: Maushold
|-status|p2a: Maushold|par
|
|turn|2
|
|move|p1a: Masquerain|Sticky Web|p2a: Maushold
|-sidestart|p2: WoChien<3|move: Sticky Web
|move|p2a: Maushold|Tidy Up|p2a: Maushold
|-sideend|p2: WoChien<3|Sticky Web
|-activate|p2a: Maushold|move: Tidy Up
|-boost|p2a: Maushold|atk|1
|-boost|p2a: Maushold|spe|1
|
|turn|3
|
|-terastallize|p1a: Masquerain|Ghost
|move|p2a: Maushold|Population Bomb|p1a: Masquerain
|-immune|p1a: Masquerain
|move|p1a: Masquerain|Bug Buzz|p2a: Maushold
|-damage|p2a: Maushold|41/100 par
|
|turn|4
|
|switch|p1a: Urshifu|Urshifu-Rapid-Strike, M|100/100
|move|p2a: Maushold|Bite|p1a: Urshifu
|-resisted|p1a: Urshifu
|-damage|p1a: Urshifu|83/100
|
|turn|5
|
|switch|p1a: Masquerain|Masquerain, F, tera:Ghost|100/100
|-ability|p1a: Masquerain|Intimidate|boost
|-unboost|p2a: Maushold|atk|1
|cant|p2a: Maushold|par
|
|turn|6
|
|move|p2a: Maushold|Bite|p1a: Masquerain
|-supereffective|p1a: Masquerain
|-damage|p1a: Masquerain|27/100
|move|p1a: Masquerain|Air Slash|p2a: Maushold
|-damage|p2a: Maushold|0 fnt
|faint|p2a: Maushold
|
|
|switch|p2a: Sneasler|Sneasler, M|100/100
|turn|7
|
|move|p2a: Sneasler|Dire Claw|p1a: Masquerain
|-resisted|p1a: Masquerain
|-damage|p1a: Masquerain|0 fnt
|faint|p1a: Masquerain
|
|
|switch|p1a: Gholdengo|Gholdengo|100/100
|-item|p1a: Gholdengo|Air Balloon
|turn|8
|
|move|p2a: Sneasler|U-turn|p1a: Gholdengo
|-resisted|p1a: Gholdengo
|-damage|p1a: Gholdengo|94/100
|-enditem|p1a: Gholdengo|Air Balloon
|
|switch|p2a: Samurott|Samurott-Hisui, M|100/100|[from] U-turn
|move|p1a: Gholdengo|Nasty Plot|p1a: Gholdengo
|-boost|p1a: Gholdengo|spa|2
|
|turn|9
|
|move|p1a: Gholdengo|Make It Rain|p2a: Samurott
|-resisted|p2a: Samurott
|-damage|p2a: Samurott|63/100
|-unboost|p1a: Gholdengo|spa|1
|move|p2a: Samurott|Ceaseless Edge|p1a: Gholdengo|[miss]
|-miss|p2a: Samurott|p1a: Gholdengo
|
|turn|10
|
|switch|p1a: Urshifu|Urshifu-Rapid-Strike, M|83/100
|move|p2a: Samurott|Ceaseless Edge|p1a: Urshifu
|-resisted|p1a: Urshifu
|-damage|p1a: Urshifu|67/100
|-sidestart|p1: Mathos2|Spikes
|
|turn|11
|
|switch|p2a: Zapdos|Zapdos|100/100
|move|p1a: Urshifu|Swords Dance|p1a: Urshifu
|-boost|p1a: Urshifu|atk|2
|
|turn|12
|
|move|p1a: Urshifu|Surging Strikes|p2a: Zapdos
|-crit|p2a: Zapdos
|-damage|p2a: Zapdos|67/100
|-crit|p2a: Zapdos
|-damage|p2a: Zapdos|35/100
|-crit|p2a: Zapdos
|-damage|p2a: Zapdos|0 fnt
|faint|p2a: Zapdos
|-hitcount|p2: Zapdos|3
|
|
|switch|p2a: Sneasler|Sneasler, M|100/100
|turn|13
|
|move|p2a: Sneasler|Fake Out|p1a: Urshifu
|-damage|p1a: Urshifu|54/100
|-status|p1a: Urshifu|psn|[from] ability: Poison Touch|[of] p2a: Sneasler
|cant|p1a: Urshifu|flinch
|
|-damage|p1a: Urshifu|41/100 psn|[from] psn
|turn|14
|
|move|p2a: Sneasler|Dire Claw|p1a: Urshifu
|-damage|p1a: Urshifu|2/100 psn
|move|p1a: Urshifu|Surging Strikes|p2a: Sneasler
|-crit|p2a: Sneasler
|-damage|p2a: Sneasler|24/100
|-crit|p2a: Sneasler
|-damage|p2a: Sneasler|0 fnt
|faint|p2a: Sneasler
|-hitcount|p2: Sneasler|2
|
|-damage|p1a: Urshifu|0 fnt|[from] psn
|faint|p1a: Urshifu
|
|switch|p2a: Samurott|Samurott-Hisui, M|63/100
|switch|p1a: Baxcalibur|Baxcalibur, F|100/100
|turn|15
|
|move|p1a: Baxcalibur|Earthquake|p2a: Samurott
|-damage|p2a: Samurott|20/100
|move|p2a: Samurott|Sacred Sword|p1a: Baxcalibur
|-supereffective|p1a: Baxcalibur
|-damage|p1a: Baxcalibur|31/100
|
|turn|16
|
|move|p1a: Baxcalibur|Earthquake|p2a: Samurott
|-damage|p2a: Samurott|0 fnt
|faint|p2a: Samurott
|
|
|switch|p2a: Garchomp|Garchomp, M|100/100
|turn|17
|
|-terastallize|p2a: Garchomp|Fire
|move|p1a: Baxcalibur|Ice Shard|p2a: Garchomp
|-resisted|p2a: Garchomp
|-damage|p2a: Garchomp|90/100
|move|p2a: Garchomp|Earthquake|p1a: Baxcalibur
|-damage|p1a: Baxcalibur|0 fnt
|faint|p1a: Baxcalibur
|-damage|p2a: Garchomp|80/100|[from] item: Life Orb
|
|
|switch|p1a: Enamorus|Enamorus, F|100/100
|turn|18
|
|switch|p1a: Gholdengo|Gholdengo|94/100
|-damage|p1a: Gholdengo|82/100|[from] Spikes
|switch|p2a: Gholdengo|Gholdengo|100/100
|-item|p2a: Gholdengo|Air Balloon
|
|turn|19
|
|move|p1a: Gholdengo|Shadow Ball|p2a: Gholdengo
|-supereffective|p2a: Gholdengo
|-damage|p2a: Gholdengo|15/100
|-enditem|p2a: Gholdengo|Air Balloon
|move|p2a: Gholdengo|Shadow Ball|p1a: Gholdengo
|-supereffective|p1a: Gholdengo
|-damage|p1a: Gholdengo|0 fnt
|faint|p1a: Gholdengo
|
|
|switch|p1a: Hoopa|Hoopa-Unbound|100/100
|-damage|p1a: Hoopa|88/100|[from] Spikes
|turn|20
|
|move|p1a: Hoopa|Psychic|p2a: Gholdengo
|-resisted|p2a: Gholdengo
|-damage|p2a: Gholdengo|0 fnt
|faint|p2a: Gholdengo
|-damage|p1a: Hoopa|78/100|[from] item: Life Orb
|
|
|switch|p2a: Garchomp|Garchomp, M, tera:Fire|80/100
|turn|21
|
|move|p2a: Garchomp|Earthquake|p1a: Hoopa
|-damage|p1a: Hoopa|0 fnt
|faint|p1a: Hoopa
|-damage|p2a: Garchomp|70/100|[from] item: Life Orb
|
|
|switch|p1a: Enamorus|Enamorus, F|100/100
|turn|22
|
|move|p1a: Enamorus|Superpower|p2a: Garchomp
|-damage|p2a: Garchomp|31/100
|-boost|p1a: Enamorus|atk|1
|-boost|p1a: Enamorus|def|1
|-damage|p1a: Enamorus|88/100|[from] ability: Rough Skin|[of] p2a: Garchomp
|move|p2a: Garchomp|Fire Blast|p1a: Enamorus|[miss]
|-miss|p2a: Garchomp|p1a: Enamorus
|
|-heal|p1a: Enamorus|94/100|[from] item: Leftovers
|turn|23
|
|move|p1a: Enamorus|Superpower|p2a: Garchomp
|-damage|p2a: Garchomp|0 fnt
|-boost|p1a: Enamorus|atk|1
|-boost|p1a: Enamorus|def|1
|-damage|p1a: Enamorus|82/100|[from] ability: Rough Skin|[of] p2a: Garchomp
|faint|p2a: Garchomp
|
|win|Mathos2
