|poke|p1|Chien-Pao|
|poke|p1|Landorus-Therian, M|
|poke|p1|Breloom, F|
|poke|p1|Dragonite, F|
|poke|p1|Dragapult, M|
|poke|p1|Corviknight, M|
|poke|p2|Pelipper, M|
|poke|p2|Basculegion, M|
|poke|p2|Floatzel, F|
|poke|p2|Ursaluna, M|
|poke|p2|Garchomp, M|
|poke|p2|Magearna|
|teampreview
|
|start
|switch|p1a: Breloom|Breloom, F|100/100
|switch|p2a: Garchomp|Garchomp, M|100/100
|turn|1
|
|move|p2a: Garchomp|Stealth Rock|p1a: Breloom
|-sidestart|p1: p1|move: Stealth Rock
|move|p1a: Breloom|Spore|p2a: Garchomp
|-status|p2a: Garchomp|slp|[from] move: Spore
|
|turn|2
|
|switch|p2a: Magearna|Magearna|100/100
|move|p1a: Breloom|Swords Dance|p1a: Breloom
|-boost|p1a: Breloom|atk|2
|
|turn|3
|
|switch|p2a: Garchomp|Garchomp, M|100/100 slp
|move|p1a: Breloom|Mach Punch|p2a: Garchomp
|-damage|p2a: Garchomp|59/100 slp
|-damage|p1a: Breloom|88/100|[from] ability: Rough Skin|[of] p2a: Garchomp
|-damage|p1a: Breloom|72/100|[from] item: Rocky Helmet|[of] p2a: Garchomp
|
|turn|4
|
|switch|p2a: Pelipper|Pelipper, M|100/100
|-weather|RainDance|[from] ability: Drizzle|[of] p2a: Pelipper
|move|p1a: Breloom|Swords Dance|p1a: Breloom
|-boost|p1a: Breloom|atk|2
|
|-weather|RainDance|[upkeep]
|turn|5
|
|switch|p2a: Magearna|Magearna|100/100
|move|p1a: Breloom|Bullet Seed|p2a: Magearna
|-resisted|p2a: Magearna
|-crit|p2a: Magearna
|-damage|p2a: Magearna|60/100
|-resisted|p2a: Magearna
|-damage|p2a: Magearna|35/100
|-resisted|p2a: Magearna
|-damage|p2a: Magearna|7/100
|-hitcount|p2a: Magearna|3
|
|-weather|RainDance|[upkeep]
|turn|6
|
|move|p1a: Breloom|Bullet Seed|p2a: Magearna
|-resisted|p2a: Magearna
|-damage|p2a: Magearna|0 fnt
|faint|p2a: Magearna
|-hitcount|p2: Magearna|1
|
|-weather|RainDance|[upkeep]
|
|switch|p2a: Floatzel|Floatzel, F|100/100
|turn|7
|
|-terastallize|p2a: Floatzel|Water
|move|p2a: Floatzel|Aqua Jet|p1a: Breloom
|-resisted|p1a: Breloom
|-damage|p1a: Breloom|22/100
|move|p1a: Breloom|Mach Punch|p2a: Floatzel
|-damage|p2a: Floatzel|0 fnt
|faint|p2a: Floatzel
|
|-weather|RainDance|[upkeep]
|
|switch|p2a: Basculegion|Basculegion, M|100/100
|turn|8
|
|switch|p1a: Corviknight|Corviknight, M|100/100
|-damage|p1a: Corviknight|88/100|[from] Stealth Rock
|-ability|p1a: Corviknight|Pressure
|move|p2a: Basculegion|Aqua Jet|p1a: Corviknight
|-damage|p1a: Corviknight|63/100
|
|-weather|RainDance|[upkeep]
|-heal|p1a: Corviknight|69/100|[from] item: Leftovers
|turn|9
|
|switch|p2a: Ursaluna|Ursaluna, M|100/100
|move|p1a: Corviknight|Roost|p1a: Corviknight
|-heal|p1a: Corviknight|100/100
|-singleturn|p1a: Corviknight|move: Roost
|
|-weather|RainDance|[upkeep]
|-status|p2a: Ursaluna|brn|[from] item: Flame Orb
|turn|10
|
|switch|p1a: Landorus|Landorus-Therian, M|100/100
|-damage|p1a: Landorus|88/100|[from] Stealth Rock
|-ability|p1a: Landorus|Intimidate|boost
|-unboost|p2a: Ursaluna|atk|1
|move|p2a: Ursaluna|Swords Dance|p2a: Ursaluna
|-boost|p2a: Ursaluna|atk|2
|
|-weather|RainDance|[upkeep]
|-damage|p2a: Ursaluna|94/100 brn|[from] brn
|turn|11
|
|move|p1a: Landorus|Stealth Rock|p2a: Ursaluna
|-sidestart|p2: p2|move: Stealth Rock
|move|p2a: Ursaluna|Facade|p1a: Landorus
|-damage|p1a: Landorus|0 fnt
|faint|p1a: Landorus
|
|-weather|none
|-damage|p2a: Ursaluna|88/100 brn|[from] brn
|
|switch|p1a: Breloom|Breloom, F|22/100
|-damage|p1a: Breloom|15/100|[from] Stealth Rock
|turn|12
|
|move|p1a: Breloom|Bullet Seed|p2a: Ursaluna
|-supereffective|p2a: Ursaluna
|-damage|p2a: Ursaluna|55/100 brn
|-supereffective|p2a: Ursaluna
|-damage|p2a: Ursaluna|23/100 brn
|-supereffective|p2a: Ursaluna
|-damage|p2a: Ursaluna|0 fnt
|faint|p2a: Ursaluna
|-hitcount|p2: Ursaluna|3
|
|-message|p2 forfeited.
|
|win|p1
