# advantage = p2
|poke|p1|Great Tusk|
|poke|p1|Samurott-Hisui, F|
|poke|p1|Magearna|
|poke|p1|Typhlosion-Hisui, M|
|poke|p1|Rotom-Wash|
|poke|p1|Landorus-Therian, M|
|poke|p2|Greninja, F|
|poke|p2|Landorus-Therian, M|
|poke|p2|Iron Valiant|
|poke|p2|Chien-Pao|
|poke|p2|Goodra-Hisui, M|
|poke|p2|Arcanine-Hisui, F|
|teampreview
|
|start
|switch|p1a: Samurott|Samurott-Hisui, F, shiny|100/100
|switch|p2a: Greninja|Greninja, F|100/100
|turn|1
|
|switch|p1a: Magearna|Magearna|100/100
|move|p2a: Greninja|Grass Knot|p1a: Magearna
|-start|p2a: Greninja|typechange|Grass|[from] ability: Protean
|-resisted|p1a: Magearna
|-damage|p1a: Magearna|79/100
|
|-heal|p1a: Magearna|85/100|[from] item: Leftovers
|turn|2
|
|switch|p2a: Goodra|Goodra-Hisui, M|100/100
|switch|p1a: Landorus|Landorus-Therian, M|100/100
|-ability|p1a: Landorus|Intimidate|boost
|-unboost|p2a: Goodra|atk|1
|
|turn|3
|
|switch|p2a: Landorus|Landorus-Therian, M|100/100
|-ability|p2a: Landorus|Intimidate|boost
|-unboost|p1a: Landorus|atk|1
|move|p1a: Landorus|Stealth Rock|p2a: Landorus
|-sidestart|p2: p2|move: Stealth Rock
|
|turn|4
|
|move|p1a: Landorus|U-turn|p2a: Landorus
|-resisted|p2a: Landorus
|-damage|p2a: Landorus|94/100
|
|switch|p1a: Great Tusk|Great Tusk|100/100|[from] U-turn
|move|p2a: Landorus|Stealth Rock|p1a: Great Tusk
|-sidestart|p1: p1|move: Stealth Rock
|
|-heal|p2a: Landorus|99/100|[from] item: Leftovers
|turn|5
|
|move|p2a: Landorus|Earthquake|p1a: Great Tusk
|-damage|p1a: Great Tusk|77/100
|move|p1a: Great Tusk|Rapid Spin|p2a: Landorus
|-damage|p2a: Landorus|87/100
|-boost|p1a: Great Tusk|spe|1
|-sideend|p1: p1|Stealth Rock|[from] move: Rapid Spin|[of] p1a: Great Tusk
|
|-heal|p1a: Great Tusk|83/100|[from] item: Leftovers
|-heal|p2a: Landorus|93/100|[from] item: Leftovers
|turn|6
|
|move|p1a: Great Tusk|Knock Off|p2a: Landorus
|-damage|p2a: Landorus|69/100
|-enditem|p2a: Landorus|Leftovers|[from] move: Knock Off|[of] p1a: Great Tusk
|move|p2a: Landorus|Stealth Rock|p1a: Great Tusk
|-sidestart|p1: p1|move: Stealth Rock
|
|-heal|p1a: Great Tusk|89/100|[from] item: Leftovers
|turn|7
|
|switch|p2a: Goodra|Goodra-Hisui, M|100/100
|-damage|p2a: Goodra|94/100|[from] Stealth Rock
|move|p1a: Great Tusk|Rapid Spin|p2a: Goodra
|-resisted|p2a: Goodra
|-damage|p2a: Goodra|89/100
|-boost|p1a: Great Tusk|spe|1
|-ability|p2a: Goodra|Gooey
|-unboost|p1a: Great Tusk|spe|1
|-sideend|p1: p1|Stealth Rock|[from] move: Rapid Spin|[of] p1a: Great Tusk
|
|-heal|p1a: Great Tusk|96/100|[from] item: Leftovers
|-heal|p2a: Goodra|95/100|[from] item: Leftovers
|turn|8
|
|-terastallize|p2a: Goodra|Flying
|move|p1a: Great Tusk|Earthquake|p2a: Goodra
|-immune|p2a: Goodra
|move|p2a: Goodra|Tera Blast|p1a: Great Tusk
|-supereffective|p1a: Great Tusk
|-damage|p1a: Great Tusk|22/100
|
|-heal|p1a: Great Tusk|28/100|[from] item: Leftovers
|-heal|p2a: Goodra|100/100|[from] item: Leftovers
|turn|9
|
|-end|p1a: Great Tusk|Protosynthesis|[silent]
|switch|p1a: Samurott|Samurott-Hisui, F, shiny|100/100
|move|p2a: Goodra|Substitute|p2a: Goodra
|-start|p2a: Goodra|Substitute
|-damage|p2a: Goodra|75/100
|
|-heal|p2a: Goodra|82/100|[from] item: Leftovers
|turn|10
|
|move|p1a: Samurott|Ceaseless Edge|p2a: Goodra
|-end|p2a: Goodra|Substitute
|-sidestart|p2: p2|Spikes
|move|p2a: Goodra|Tera Blast|p1a: Samurott
|-damage|p1a: Samurott|56/100
|
|-heal|p2a: Goodra|88/100|[from] item: Leftovers
|turn|11
|
|move|p1a: Samurott|Ceaseless Edge|p2a: Goodra
|-damage|p2a: Goodra|48/100
|-sidestart|p2: p2|Spikes
|-ability|p2a: Goodra|Gooey
|-unboost|p1a: Samurott|spe|1
|move|p2a: Goodra|Draco Meteor|p1a: Samurott
|-damage|p1a: Samurott|0 fnt
|-unboost|p2a: Goodra|spa|2
|faint|p1a: Samurott
|
|-heal|p2a: Goodra|54/100|[from] item: Leftovers
|
|switch|p1a: Typhlosion|Typhlosion-Hisui, M|100/100
|-item|p2a: Goodra|Leftovers|[from] ability: Frisk|[of] p1a: Typhlosion|[identify]
|turn|12
|
|move|p1a: Typhlosion|Eruption|p2a: Goodra
|-damage|p2a: Goodra|4/100
|move|p2a: Goodra|Substitute|p2a: Goodra
|-fail|p2a: Goodra|move: Substitute|[weak]
|
|-heal|p2a: Goodra|10/100|[from] item: Leftovers
|turn|13
|
|move|p1a: Typhlosion|Eruption|p2a: Goodra
|-damage|p2a: Goodra|0 fnt
|faint|p2a: Goodra
|
|
|switch|p2a: Arcanine|Arcanine-Hisui, F|100/100
|-damage|p2a: Arcanine|75/100|[from] Stealth Rock
|-damage|p2a: Arcanine|59/100|[from] Spikes
|turn|14
|
|switch|p1a: Great Tusk|Great Tusk|28/100
|move|p2a: Arcanine|Head Smash|p1a: Great Tusk
|-resisted|p1a: Great Tusk
|-damage|p1a: Great Tusk|15/100
|
|-heal|p1a: Great Tusk|21/100|[from] item: Leftovers
|turn|15
|
|switch|p2a: Landorus|Landorus-Therian, M|69/100
|-damage|p2a: Landorus|57/100|[from] Stealth Rock
|-ability|p2a: Landorus|Intimidate|boost
|-unboost|p1a: Great Tusk|atk|1
|move|p1a: Great Tusk|Earthquake|p2a: Landorus
|-immune|p2a: Landorus
|
|-heal|p1a: Great Tusk|27/100|[from] item: Leftovers
|turn|16
|
|move|p2a: Landorus|Earthquake|p1a: Great Tusk
|-damage|p1a: Great Tusk|1/100
|move|p1a: Great Tusk|Rapid Spin|p2a: Landorus
|-damage|p2a: Landorus|49/100
|-boost|p1a: Great Tusk|spe|1
|
|-heal|p1a: Great Tusk|7/100|[from] item: Leftovers
|turn|17
|
|-end|p1a: Great Tusk|Protosynthesis|[silent]
|switch|p1a: Landorus|Landorus-Therian, M|100/100
|-ability|p1a: Landorus|Intimidate|boost
|-unboost|p2a: Landorus|atk|1
|move|p2a: Landorus|Stealth Rock|p1a: Landorus
|-sidestart|p1: p1|move: Stealth Rock
|
|turn|18
|
|move|p1a: Landorus|Grass Knot|p2a: Landorus
|-damage|p2a: Landorus|33/100
|move|p2a: Landorus|U-turn|p1a: Landorus
|-resisted|p1a: Landorus
|-damage|p1a: Landorus|95/100
|
|switch|p2a: Greninja|Greninja, F|100/100|[from] U-turn
|-damage|p2a: Greninja|88/100|[from] Stealth Rock
|-damage|p2a: Greninja|72/100|[from] Spikes
|
|-heal|p1a: Landorus|100/100|[from] item: Leftovers
|turn|19
|
|switch|p1a: Great Tusk|Great Tusk|7/100
|-damage|p1a: Great Tusk|4/100|[from] Stealth Rock
|move|p2a: Greninja|Hydro Pump|p1a: Great Tusk
|-start|p2a: Greninja|typechange|Water|[from] ability: Protean
|-supereffective|p1a: Great Tusk
|-damage|p1a: Great Tusk|0 fnt
|faint|p1a: Great Tusk
|-end|p1a: Great Tusk|Protosynthesis|[silent]
|
|
|switch|p1a: Rotom|Rotom-Wash|100/100
|-damage|p1a: Rotom|88/100|[from] Stealth Rock
|turn|20
|
|switch|p2a: Iron Valiant|Iron Valiant|100/100
|-enditem|p2a: Iron Valiant|Booster Energy
|-activate|p2a: Iron Valiant|ability: Quark Drive|[fromitem]
|-start|p2a: Iron Valiant|quarkdrivespe
|-damage|p2a: Iron Valiant|94/100|[from] Stealth Rock
|-damage|p2a: Iron Valiant|78/100|[from] Spikes
|move|p1a: Rotom|Volt Switch|p2a: Iron Valiant
|-damage|p2a: Iron Valiant|36/100
|
|switch|p1a: Magearna|Magearna|85/100|[from] Volt Switch
|-damage|p1a: Magearna|79/100|[from] Stealth Rock
|
|-heal|p1a: Magearna|85/100|[from] item: Leftovers
|turn|21
|
|move|p2a: Iron Valiant|Thunderbolt|p1a: Magearna
|-damage|p1a: Magearna|61/100
|-status|p1a: Magearna|par
|move|p1a: Magearna|Shift Gear|p1a: Magearna
|-boost|p1a: Magearna|spe|2
|-boost|p1a: Magearna|atk|1
|
|-heal|p1a: Magearna|67/100 par|[from] item: Leftovers
|turn|22
|
|move|p2a: Iron Valiant|Shadow Ball|p1a: Magearna
|-damage|p1a: Magearna|45/100 par
|cant|p1a: Magearna|par
|
|-heal|p1a: Magearna|51/100 par|[from] item: Leftovers
|turn|23
|
|move|p2a: Iron Valiant|Psyshock|p1a: Magearna
|-resisted|p1a: Magearna
|-damage|p1a: Magearna|42/100 par
|cant|p1a: Magearna|par
|
|-heal|p1a: Magearna|48/100 par|[from] item: Leftovers
|turn|24
|
|-end|p2a: Iron Valiant|Quark Drive|[silent]
|switch|p2a: Landorus|Landorus-Therian, M|33/100
|-damage|p2a: Landorus|21/100|[from] Stealth Rock
|-ability|p2a: Landorus|Intimidate|boost
|-unboost|p1a: Magearna|atk|1
|move|p1a: Magearna|Stored Power|p2a: Landorus
|-damage|p2a: Landorus|5/100
|
|-heal|p1a: Magearna|54/100 par|[from] item: Leftovers
|turn|25
|
|switch|p1a: Landorus|Landorus-Therian, M|100/100
|-damage|p1a: Landorus|88/100|[from] Stealth Rock
|-ability|p1a: Landorus|Intimidate|boost
|-unboost|p2a: Landorus|atk|1
|move|p2a: Landorus|Earthquake|p1a: Landorus
|-immune|p1a: Landorus
|
|-heal|p1a: Landorus|94/100|[from] item: Leftovers
|turn|26
|
|move|p1a: Landorus|U-turn|p2a: Landorus
|-resisted|p2a: Landorus
|-damage|p2a: Landorus|0 fnt
|faint|p2a: Landorus
|
|switch|p1a: Rotom|Rotom-Wash|88/100|[from] U-turn
|-damage|p1a: Rotom|75/100|[from] Stealth Rock
|
|-heal|p1a: Rotom|82/100|[from] item: Leftovers
|
|switch|p2a: Greninja|Greninja, F|72/100
|-damage|p2a: Greninja|60/100|[from] Stealth Rock
|-damage|p2a: Greninja|43/100|[from] Spikes
|turn|27
|
|move|p1a: Rotom|Protect|p1a: Rotom
|-singleturn|p1a: Rotom|Protect
|move|p2a: Greninja|Grass Knot|p1a: Rotom
|-start|p2a: Greninja|typechange|Grass|[from] ability: Protean
|-activate|p1a: Rotom|move: Protect
|
|-heal|p1a: Rotom|88/100|[from] item: Leftovers
|turn|28
|
|switch|p2a: Iron Valiant|Iron Valiant|36/100
|-damage|p2a: Iron Valiant|30/100|[from] Stealth Rock
|-damage|p2a: Iron Valiant|13/100|[from] Spikes
|-terastallize|p1a: Rotom|Fairy
|move|p1a: Rotom|Thunder Wave|p2a: Iron Valiant
|-status|p2a: Iron Valiant|par
|
|-heal|p1a: Rotom|94/100|[from] item: Leftovers
|turn|29
|
|move|p1a: Rotom|Hydro Pump|p2a: Iron Valiant|[miss]
|-miss|p1a: Rotom|p2a: Iron Valiant
|move|p2a: Iron Valiant|Shadow Ball|p1a: Rotom
|-damage|p1a: Rotom|75/100
|-unboost|p1a: Rotom|spd|1
|
|-heal|p1a: Rotom|82/100|[from] item: Leftovers
|turn|30
|
|move|p1a: Rotom|Volt Switch|p2a: Iron Valiant
|-damage|p2a: Iron Valiant|0 fnt
|faint|p2a: Iron Valiant
|-end|p2a: Iron Valiant|Quark Drive|[silent]
|
|switch|p1a: Typhlosion|Typhlosion-Hisui, M|100/100|[from] Volt Switch
|-damage|p1a: Typhlosion|76/100|[from] Stealth Rock
|
|
|switch|p2a: Chien-Pao|Chien-Pao|100/100
|-damage|p2a: Chien-Pao|76/100|[from] Stealth Rock
|-damage|p2a: Chien-Pao|59/100|[from] Spikes
|-ability|p2a: Chien-Pao|Sword of Ruin
|turn|31
|
|move|p1a: Typhlosion|Focus Blast|p2a: Chien-Pao
|-supereffective|p2a: Chien-Pao
|-damage|p2a: Chien-Pao|0 fnt
|faint|p2a: Chien-Pao
|
|
|switch|p2a: Greninja|Greninja, F|43/100
|-damage|p2a: Greninja|31/100|[from] Stealth Rock
|-damage|p2a: Greninja|14/100|[from] Spikes
|turn|32
|
|move|p1a: Typhlosion|Focus Blast|p2a: Greninja|[miss]
|-miss|p1a: Typhlosion|p2a: Greninja
|move|p2a: Greninja|Hydro Pump|p1a: Typhlosion
|-start|p2a: Greninja|typechange|Water|[from] ability: Protean
|-supereffective|p1a: Typhlosion
|-damage|p1a: Typhlosion|0 fnt
|faint|p1a: Typhlosion
|
|
|switch|p1a: Rotom|Rotom-Wash, tera:Fairy|82/100
|-damage|p1a: Rotom|69/100|[from] Stealth Rock
|turn|33
|
|move|p1a: Rotom|Protect|p1a: Rotom
|-singleturn|p1a: Rotom|Protect
|move|p2a: Greninja|Hydro Pump|p1a: Rotom
|-activate|p1a: Rotom|move: Protect
|
|-heal|p1a: Rotom|75/100|[from] item: Leftovers
|turn|34
|
|move|p2a: Greninja|Hydro Pump|p1a: Rotom
|-damage|p1a: Rotom|19/100
|move|p1a: Rotom|Volt Switch|p2a: Greninja
|-supereffective|p2a: Greninja
|-damage|p2a: Greninja|0 fnt
|faint|p2a: Greninja
|
|switch|p1a: Landorus|Landorus-Therian, M|94/100|[from] Volt Switch
|-damage|p1a: Landorus|82/100|[from] Stealth Rock
|
|-heal|p1a: Landorus|88/100|[from] item: Leftovers
|
|switch|p2a: Arcanine|Arcanine-Hisui, F|59/100
|-damage|p2a: Arcanine|34/100|[from] Stealth Rock
|-damage|p2a: Arcanine|17/100|[from] Spikes
|turn|35
|
|move|p2a: Arcanine|Head Smash|p1a: Landorus
|-damage|p1a: Landorus|10/100
|move|p1a: Landorus|Earthquake|p2a: Arcanine
|-supereffective|p2a: Arcanine
|-damage|p2a: Arcanine|0 fnt
|faint|p2a: Arcanine
|
|win|p1
