|poke|p1|Arcanine-Hisui, M|
|poke|p1|Thundurus-Therian, M|
|poke|p1|Zamazenta-*|
|poke|p1|Gholdengo|
|poke|p1|Ting-Lu|
|poke|p1|Corviknight, M|
|poke|p2|Chien-Pao|
|poke|p2|Zamazenta-*|
|poke|p2|Ting-Lu|
|poke|p2|Kingambit, M|
|poke|p2|Dondozo, M|
|poke|p2|Moltres|
|teampreview
|
|start
|switch|p1a: Arcanine|Arcanine-Hisui, M|100/100
|switch|p2a: Chien-Pao|Chien-Pao|100/100
|-ability|p2a: Chien-Pao|Sword of Ruin
|turn|1
|
|-terastallize|p2a: Chien-Pao|Dark
|move|p2a: Chien-Pao|Crunch|p1a: Arcanine
|-damage|p1a: Arcanine|0 fnt
|faint|p1a: Arcanine
|
|
|switch|p1a: Corviknight|Corviknight, M|100/100
|-ability|p1a: Corviknight|Pressure
|turn|2
|
|move|p2a: Chien-Pao|Crunch|p1a: Corviknight
|-damage|p1a: Corviknight|30/100
|-damage|p2a: Chien-Pao|84/100|[from] item: Rocky Helmet|[of] p1a: Corviknight
|move|p1a: Corviknight|U-turn|p2a: Chien-Pao
|-supereffective|p2a: Chien-Pao
|-damage|p2a: Chien-Pao|42/100
|
|switch|p1a: Gholdengo|Gholdengo|100/100|[from] U-turn
|
|turn|3
|
|switch|p2a: Ting-Lu|Ting-Lu|100/100
|-ability|p2a: Ting-Lu|Vessel of Ruin
|move|p1a: Gholdengo|Thunderbolt|p2a: Ting-Lu
|-immune|p2a: Ting-Lu
|
|turn|4
|
|switch|p1a: Thundurus|Thundurus-Therian, M|100/100
|switch|p2a: Chien-Pao|Chien-Pao, tera:Dark|42/100
|-ability|p2a: Chien-Pao|Sword of Ruin
|
|turn|5
|
|switch|p1a: Corviknight|Corviknight, M|30/100
|-ability|p1a: Corviknight|Pressure
|move|p2a: Chien-Pao|Ice Spinner|p1a: Corviknight
|-damage|p1a: Corviknight|0 fnt
|-damage|p2a: Chien-Pao|25/100|[from] item: Rocky Helmet|[of] p1a: Corviknight
|faint|p1a: Corviknight
|
|
|switch|p1a: Gholdengo|Gholdengo|100/100
|turn|6
|
|switch|p2a: Zamazenta|Zamazenta-Crowned|100/100
|-ability|p2a: Zamazenta|Dauntless Shield|boost
|-boost|p2a: Zamazenta|def|1
|move|p1a: Gholdengo|Trick||[still]
|-fail|p1a: Gholdengo
|
|turn|7
|
|switch|p1a: Ting-Lu|Ting-Lu|100/100
|-ability|p1a: Ting-Lu|Vessel of Ruin
|move|p2a: Zamazenta|Body Press|p1a: Ting-Lu
|-supereffective|p1a: Ting-Lu
|-damage|p1a: Ting-Lu|34/100
|
|-heal|p1a: Ting-Lu|40/100|[from] item: Leftovers
|turn|8
|
|move|p2a: Zamazenta|Behemoth Bash|p1a: Ting-Lu
|-damage|p1a: Ting-Lu|16/100
|move|p1a: Ting-Lu|Earthquake|p2a: Zamazenta
|-supereffective|p2a: Zamazenta
|-damage|p2a: Zamazenta|66/100
|
|-heal|p1a: Ting-Lu|22/100|[from] item: Leftovers
|turn|9
|
|move|p2a: Zamazenta|Behemoth Bash|p1a: Ting-Lu
|-damage|p1a: Ting-Lu|2/100
|move|p1a: Ting-Lu|Spikes|p2a: Zamazenta
|-sidestart|p2: p2|Spikes
|
|-heal|p1a: Ting-Lu|8/100|[from] item: Leftovers
|turn|10
|
|move|p2a: Zamazenta|Behemoth Bash|p1a: Ting-Lu
|-damage|p1a: Ting-Lu|0 fnt
|faint|p1a: Ting-Lu
|
|
|switch|p1a: Thundurus|Thundurus-Therian, M|100/100
|turn|11
|
|move|p2a: Zamazenta|Body Press|p1a: Thundurus
|-resisted|p1a: Thundurus
|-damage|p1a: Thundurus|53/100
|move|p1a: Thundurus|Nasty Plot|p1a: Thundurus
|-boost|p1a: Thundurus|spa|2
|
|turn|12
|
|move|p2a: Zamazenta|Body Press|p1a: Thundurus
|-resisted|p1a: Thundurus
|-damage|p1a: Thundurus|6/100
|move|p1a: Thundurus|Thunderbolt|p2a: Zamazenta
|-crit|p2a: Zamazenta
|-damage|p2a: Zamazenta|0 fnt
|faint|p2a: Zamazenta
|
|
|switch|p2a: Chien-Pao|Chien-Pao, tera:Dark|25/100
|-damage|p2a: Chien-Pao|13/100|[from] Spikes
|-ability|p2a: Chien-Pao|Sword of Ruin
|turn|13
|
|switch|p1a: Zamazenta|Zamazenta|100/100
|-ability|p1a: Zamazenta|Dauntless Shield|boost
|-boost|p1a: Zamazenta|def|1
|move|p2a: Chien-Pao|Ice Spinner|p1a: Zamazenta
|-damage|p1a: Zamazenta|54/100
|
|-heal|p1a: Zamazenta|60/100|[from] item: Leftovers
|turn|14
|
|switch|p1a: Thundurus|Thundurus-Therian, M|6/100
|switch|p2a: Moltres|Moltres|100/100
|
|turn|15
|
|switch|p2a: Ting-Lu|Ting-Lu|100/100
|-damage|p2a: Ting-Lu|88/100|[from] Spikes
|-ability|p2a: Ting-Lu|Vessel of Ruin
|move|p1a: Thundurus|Nasty Plot|p1a: Thundurus
|-boost|p1a: Thundurus|spa|2
|
|-heal|p2a: Ting-Lu|94/100|[from] item: Leftovers
|turn|16
|
|switch|p2a: Chien-Pao|Chien-Pao, tera:Dark|13/100
|-damage|p2a: Chien-Pao|0 fnt|[from] Spikes
|faint|p2a: Chien-Pao
|-terastallize|p1a: Thundurus|Ice
|move|p1a: Thundurus|Tera Blast|p2: Chien-Pao|[notarget]
|-fail|p1a: Thundurus
|
|
|switch|p2a: Kingambit|Kingambit, M|100/100
|-damage|p2a: Kingambit|88/100|[from] Spikes
|-activate|p2a: Kingambit|ability: Supreme Overlord
|-start|p2a: Kingambit|fallen2|[silent]
|turn|17
|
|switch|p1a: Zamazenta|Zamazenta|60/100
|move|p2a: Kingambit|Sucker Punch||[still]
|-fail|p2a: Kingambit
|
|-heal|p1a: Zamazenta|66/100|[from] item: Leftovers
|-heal|p2a: Kingambit|94/100|[from] item: Leftovers
|turn|18
|
|switch|p1a: Thundurus|Thundurus-Therian, M, tera:Ice|6/100
|-end|p2a: Kingambit|fallen2|[silent]
|switch|p2a: Moltres|Moltres|100/100
|
|turn|19
|
|move|p1a: Thundurus|Thunderbolt|p2a: Moltres
|-supereffective|p2a: Moltres
|-damage|p2a: Moltres|0 fnt
|faint|p2a: Moltres
|
|
|switch|p2a: Ting-Lu|Ting-Lu|94/100
|-damage|p2a: Ting-Lu|82/100|[from] Spikes
|-ability|p2a: Ting-Lu|Vessel of Ruin
|turn|20
|
|move|p1a: Thundurus|Tera Blast|p2a: Ting-Lu
|-supereffective|p2a: Ting-Lu
|-damage|p2a: Ting-Lu|42/100
|move|p2a: Ting-Lu|Earthquake|p1a: Thundurus
|-damage|p1a: Thundurus|0 fnt
|faint|p1a: Thundurus
|
|-heal|p2a: Ting-Lu|48/100|[from] item: Leftovers
|
|switch|p1a: Zamazenta|Zamazenta|66/100
|turn|21
|
|switch|p2a: Dondozo|Dondozo, M|100/100
|move|p1a: Zamazenta|Iron Defense|p1a: Zamazenta
|-boost|p1a: Zamazenta|def|2
|
|-heal|p1a: Zamazenta|72/100|[from] item: Leftovers
|turn|22
|
|move|p1a: Zamazenta|Substitute|p1a: Zamazenta
|-start|p1a: Zamazenta|Substitute
|-damage|p1a: Zamazenta|48/100
|move|p2a: Dondozo|Liquidation|p1a: Zamazenta
|-activate|p1a: Zamazenta|move: Substitute|[damage]
|
|-heal|p1a: Zamazenta|54/100|[from] item: Leftovers
|turn|23
|
|move|p1a: Zamazenta|Iron Defense|p1a: Zamazenta
|-boost|p1a: Zamazenta|def|2
|move|p2a: Dondozo|Body Press|p1a: Zamazenta
|-end|p1a: Zamazenta|Substitute
|
|-heal|p1a: Zamazenta|60/100|[from] item: Leftovers
|turn|24
|
|move|p1a: Zamazenta|Substitute|p1a: Zamazenta
|-start|p1a: Zamazenta|Substitute
|-damage|p1a: Zamazenta|35/100
|move|p2a: Dondozo|Body Press|p1a: Zamazenta
|-activate|p1a: Zamazenta|move: Substitute|[damage]
|
|-heal|p1a: Zamazenta|41/100|[from] item: Leftovers
|turn|25
|
|move|p1a: Zamazenta|Iron Defense|p1a: Zamazenta
|-boost|p1a: Zamazenta|def|2
|move|p2a: Dondozo|Body Press|p1a: Zamazenta
|-end|p1a: Zamazenta|Substitute
|
|-heal|p1a: Zamazenta|48/100|[from] item: Leftovers
|turn|26
|
|move|p1a: Zamazenta|Crunch|p2a: Dondozo
|-damage|p2a: Dondozo|91/100
|-unboost|p2a: Dondozo|def|1
|move|p2a: Dondozo|Liquidation|p1a: Zamazenta
|-damage|p1a: Zamazenta|26/100
|-unboost|p1a: Zamazenta|def|1
|
|-heal|p1a: Zamazenta|32/100|[from] item: Leftovers
|turn|27
|
|move|p1a: Zamazenta|Body Press|p2a: Dondozo
|-damage|p2a: Dondozo|70/100
|move|p2a: Dondozo|Liquidation|p1a: Zamazenta
|-damage|p1a: Zamazenta|7/100
|
|-heal|p1a: Zamazenta|13/100|[from] item: Leftovers
|turn|28
|
|move|p1a: Zamazenta|Body Press|p2a: Dondozo
|-damage|p2a: Dondozo|48/100
|move|p2a: Dondozo|Liquidation|p1a: Zamazenta
|-damage|p1a: Zamazenta|0 fnt
|faint|p1a: Zamazenta
|
|
|switch|p1a: Gholdengo|Gholdengo|100/100
|turn|29
|
|move|p1a: Gholdengo|Trick|p2a: Dondozo
|-activate|p1a: Gholdengo|move: Trick|[of] p2a: Dondozo
|-item|p2a: Dondozo|Choice Scarf|[from] move: Trick
|-item|p1a: Gholdengo|Heavy-Duty Boots|[from] move: Trick
|move|p2a: Dondozo|Liquidation|p1a: Gholdengo
|-damage|p1a: Gholdengo|67/100
|
|turn|30
|
|move|p1a: Gholdengo|Thunderbolt|p2a: Dondozo
|-supereffective|p2a: Dondozo
|-damage|p2a: Dondozo|0 fnt
|faint|p2a: Dondozo
|
|
|switch|p2a: Ting-Lu|Ting-Lu|48/100
|-damage|p2a: Ting-Lu|36/100|[from] Spikes
|-ability|p2a: Ting-Lu|Vessel of Ruin
|turn|31
|
|move|p1a: Gholdengo|Make It Rain|p2a: Ting-Lu
|-damage|p2a: Ting-Lu|8/100
|-unboost|p1a: Gholdengo|spa|1
|move|p2a: Ting-Lu|Earthquake|p1a: Gholdengo
|-supereffective|p1a: Gholdengo
|-damage|p1a: Gholdengo|0 fnt
|faint|p1a: Gholdengo
|
|win|p2
