|poke|p1|Arboliva, F|
|poke|p1|Typhlosion-Hisui, M|
|poke|p1|Quaquaval, M|
|poke|p1|Bellibolt, M|
|poke|p1|Slowking-Galar, F|
|poke|p1|Orthworm, M|
|poke|p2|Heatran, M|
|poke|p2|Chien-Pao|
|poke|p2|Rotom-Wash|
|poke|p2|Iron Treads|
|poke|p2|Zamazenta-*|
|poke|p2|Enamorus, F|
|teampreview
|
|start
|switch|p1a: Olivia Pierce|Arboliva, F|100/100
|switch|p2a: Heatran|Heatran, M, shiny|100/100
|turn|1
|
|move|p2a: Heatran|Stealth Rock|p1a: Olivia Pierce
|-sidestart|p1: Navi987|move: Stealth Rock
|move|p1a: Olivia Pierce|Earth Power|p2a: Heatran
|-supereffective|p2a: Heatran
|-damage|p2a: Heatran|0 fnt
|faint|p2a: Heatran
|
|
|switch|p2a: Chien-Pao|Chien-Pao|100/100
|-ability|p2a: Chien-Pao|Sword of Ruin
|turn|2
|
|-terastallize|p1a: Olivia Pierce|Ghost
|move|p2a: Chien-Pao|Ice Spinner|p1a: Olivia Pierce
|-damage|p1a: Olivia Pierce|23/100
|-fieldstart|move: Grassy Terrain|[from] ability: Seed Sower|[of] p1a: Olivia Pierce
|move|p1a: Olivia Pierce|Dazzling Gleam|p2a: Chien-Pao
|-supereffective|p2a: Chien-Pao
|-damage|p2a: Chien-Pao|7/100
|
|-heal|p2a: Chien-Pao|13/100|[from] Grassy Terrain
|-heal|p1a: Olivia Pierce|29/100|[from] Grassy Terrain
|turn|3
|
|switch|p2a: Iron Treads|Iron Treads|100/100
|switch|p1a: Amorbis|Orthworm, M|100/100
|-damage|p1a: Amorbis|94/100|[from] Stealth Rock
|
|-heal|p1a: Amorbis|100/100|[from] Grassy Terrain
|turn|4
|
|move|p2a: Iron Treads|Knock Off|p1a: Amorbis
|-damage|p1a: Amorbis|83/100
|-damage|p2a: Iron Treads|84/100|[from] item: Rocky Helmet|[of] p1a: Amorbis
|-enditem|p1a: Amorbis|Rocky Helmet|[from] move: Knock Off|[of] p2a: Iron Treads
|move|p1a: Amorbis|Coil|p1a: Amorbis
|-boost|p1a: Amorbis|atk|1
|-boost|p1a: Amorbis|def|1
|-boost|p1a: Amorbis|accuracy|1
|
|-heal|p2a: Iron Treads|90/100|[from] Grassy Terrain
|-heal|p1a: Amorbis|90/100|[from] Grassy Terrain
|turn|5
|
|move|p2a: Iron Treads|Volt Switch|p1a: Amorbis
|-damage|p1a: Amorbis|72/100
|
|-end|p2a: Iron Treads|Quark Drive|[silent]
|switch|p2a: Rotom|Rotom-Wash|100/100|[from] Volt Switch
|move|p1a: Amorbis|Stealth Rock|p2a: Rotom
|-sidestart|p2: FierceHawk192|move: Stealth Rock
|
|-heal|p1a: Amorbis|78/100|[from] Grassy Terrain
|turn|6
|
|switch|p1a: Fat Frog|Bellibolt, M|100/100
|-damage|p1a: Fat Frog|88/100|[from] Stealth Rock
|move|p2a: Rotom|Hydro Pump|p1a: Fat Frog
|-damage|p1a: Fat Frog|69/100
|-start|p1a: Fat Frog|Charge|Hydro Pump|[from] ability: Electromorphosis
|
|-heal|p1a: Fat Frog|75/100|[from] Grassy Terrain
|-fieldend|move: Grassy Terrain
|turn|7
|
|move|p2a: Rotom|Protect|p2a: Rotom
|-singleturn|p2a: Rotom|Protect
|move|p1a: Fat Frog|Chilling Water|p2a: Rotom
|-activate|p2a: Rotom|move: Protect
|
|turn|8
|
|move|p2a: Rotom|Hydro Pump|p1a: Fat Frog|[miss]
|-miss|p2a: Rotom|p1a: Fat Frog
|move|p1a: Fat Frog|Charge Beam|p2a: Rotom
|-damage|p2a: Rotom|74/100
|-boost|p1a: Fat Frog|spa|1
|-end|p1a: Fat Frog|Charge|[silent]
|
|-heal|p2a: Rotom|80/100|[from] item: Leftovers
|turn|9
|
|move|p2a: Rotom|Volt Switch|p1a: Fat Frog
|-resisted|p1a: Fat Frog
|-damage|p1a: Fat Frog|69/100
|-start|p1a: Fat Frog|Charge|Volt Switch|[from] ability: Electromorphosis
|
|switch|p2a: Iron Treads|Iron Treads|90/100|[from] Volt Switch
|-damage|p2a: Iron Treads|87/100|[from] Stealth Rock
|move|p1a: Fat Frog|Acid Spray|p2a: Iron Treads
|-immune|p2a: Iron Treads
|
|turn|10
|
|move|p2a: Iron Treads|Earthquake|p1a: Fat Frog
|-supereffective|p1a: Fat Frog
|-damage|p1a: Fat Frog|0 fnt
|faint|p1a: Fat Frog
|
|
|switch|p1a: Dolan|Quaquaval, M|100/100
|-damage|p1a: Dolan|94/100|[from] Stealth Rock
|turn|11
|
|move|p2a: Iron Treads|Volt Switch|p1a: Dolan
|-supereffective|p1a: Dolan
|-damage|p1a: Dolan|61/100
|
|-end|p2a: Iron Treads|Quark Drive|[silent]
|switch|p2a: Enamorus|Enamorus, F|100/100|[from] Volt Switch
|-damage|p2a: Enamorus|76/100|[from] Stealth Rock
|move|p1a: Dolan|Rapid Spin|p2a: Enamorus
|-damage|p2a: Enamorus|50/100
|-boost|p1a: Dolan|spe|1
|-sideend|p1: Navi987|Stealth Rock|[from] move: Rapid Spin|[of] p1a: Dolan
|
|turn|12
|
|move|p1a: Dolan|Ice Spinner|p2a: Enamorus
|-supereffective|p2a: Enamorus
|-damage|p2a: Enamorus|0 fnt
|faint|p2a: Enamorus
|-ability|p1a: Dolan|Moxie|boost
|-boost|p1a: Dolan|atk|1
|
|
|switch|p2a: Rotom|Rotom-Wash|80/100
|-damage|p2a: Rotom|68/100|[from] Stealth Rock
|turn|13
|
|move|p2a: Rotom|Protect|p2a: Rotom
|-singleturn|p2a: Rotom|Protect
|move|p1a: Dolan|Close Combat|p2a: Rotom
|-activate|p2a: Rotom|move: Protect
|
|-heal|p2a: Rotom|74/100|[from] item: Leftovers
|turn|14
|
|move|p1a: Dolan|Close Combat|p2a: Rotom
|-damage|p2a: Rotom|0 fnt
|-unboost|p1a: Dolan|def|1
|-unboost|p1a: Dolan|spd|1
|faint|p2a: Rotom
|-ability|p1a: Dolan|Moxie|boost
|-boost|p1a: Dolan|atk|1
|
|
|switch|p2a: Iron Treads|Iron Treads|87/100
|-damage|p2a: Iron Treads|84/100|[from] Stealth Rock
|turn|15
|
|-terastallize|p2a: Iron Treads|Flying
|move|p1a: Dolan|Aqua Step|p2a: Iron Treads
|-damage|p2a: Iron Treads|15/100
|-boost|p1a: Dolan|spe|1
|move|p2a: Iron Treads|Earthquake|p1a: Dolan
|-damage|p1a: Dolan|0 fnt
|faint|p1a: Dolan
|
|
|switch|p1a: Ghost Rider|Typhlosion-Hisui, M|100/100
|turn|16
|
|switch|p1a: Olivia Pierce|Arboliva, F, tera:Ghost|29/100
|move|p2a: Iron Treads|Earthquake|p1a: Olivia Pierce
|-damage|p1a: Olivia Pierce|0 fnt
|-fieldstart|move: Grassy Terrain|[from] ability: Seed Sower|[of] p1a: Olivia Pierce
|faint|p1a: Olivia Pierce
|
|
|switch|p1a: Amorbis|Orthworm, M|78/100
|turn|17
|
|move|p2a: Iron Treads|Rapid Spin|p1a: Amorbis
|-resisted|p1a: Amorbis
|-damage|p1a: Amorbis|74/100
|-boost|p2a: Iron Treads|spe|1
|-sideend|p2: FierceHawk192|Stealth Rock|[from] move: Rapid Spin|[of] p2a: Iron Treads
|move|p1a: Amorbis|Coil|p1a: Amorbis
|-boost|p1a: Amorbis|atk|1
|-boost|p1a: Amorbis|def|1
|-boost|p1a: Amorbis|accuracy|1
|
|-heal|p1a: Amorbis|80/100|[from] Grassy Terrain
|turn|18
|
|move|p2a: Iron Treads|Volt Switch|p1a: Amorbis
|-damage|p1a: Amorbis|64/100
|
|-end|p2a: Iron Treads|Quark Drive|[silent]
|switch|p2a: Chien-Pao|Chien-Pao|13/100|[from] Volt Switch
|-ability|p2a: Chien-Pao|Sword of Ruin
|move|p1a: Amorbis|Stealth Rock|p2a: Chien-Pao
|-sidestart|p2: FierceHawk192|move: Stealth Rock
|
|-heal|p2a: Chien-Pao|19/100|[from] Grassy Terrain
|-heal|p1a: Amorbis|70/100|[from] Grassy Terrain
|turn|19
|
|move|p2a: Chien-Pao|Sacred Sword|p1a: Amorbis
|-supereffective|p1a: Amorbis
|-damage|p1a: Amorbis|2/100
|move|p1a: Amorbis|Iron Head|p2a: Chien-Pao
|-supereffective|p2a: Chien-Pao
|-damage|p2a: Chien-Pao|0 fnt
|faint|p2a: Chien-Pao
|
|-heal|p1a: Amorbis|8/100|[from] Grassy Terrain
|
|switch|p2a: Zamazenta|Zamazenta|100/100
|-damage|p2a: Zamazenta|94/100|[from] Stealth Rock
|-ability|p2a: Zamazenta|Dauntless Shield|boost
|-boost|p2a: Zamazenta|def|1
|turn|20
|
|switch|p1a: Ghost Rider|Typhlosion-Hisui, M|100/100
|move|p2a: Zamazenta|Close Combat|p1a: Ghost Rider
|-immune|p1a: Ghost Rider
|
|-heal|p2a: Zamazenta|100/100|[from] Grassy Terrain
|-fieldend|move: Grassy Terrain
|turn|21
|
|switch|p2a: Iron Treads|Iron Treads, tera:Flying|15/100
|-damage|p2a: Iron Treads|0 fnt|[from] Stealth Rock
|faint|p2a: Iron Treads
|-end|p2a: Iron Treads|Quark Drive|[silent]
|move|p1a: Ghost Rider|Infernal Parade|p2: Iron Treads|[notarget]
|-fail|p1a: Ghost Rider
|
|
|switch|p2a: Zamazenta|Zamazenta|100/100
|-damage|p2a: Zamazenta|94/100|[from] Stealth Rock
|turn|22
|
|move|p2a: Zamazenta|Wild Charge|p1a: Ghost Rider
|-damage|p1a: Ghost Rider|33/100
|-damage|p2a: Zamazenta|79/100|[from] Recoil
|move|p1a: Ghost Rider|Infernal Parade|p2a: Zamazenta
|-damage|p2a: Zamazenta|51/100
|
|turn|23
|
|move|p2a: Zamazenta|Wild Charge|p1a: Ghost Rider
|-damage|p1a: Ghost Rider|0 fnt
|faint|p1a: Ghost Rider
|-damage|p2a: Zamazenta|44/100|[from] Recoil
|
|
|switch|p1a: Borg|Slowking-Galar, F|100/100
|turn|24
|
|move|p2a: Zamazenta|Wild Charge|p1a: Borg
|-damage|p1a: Borg|64/100
|-damage|p2a: Zamazenta|33/100|[from] Recoil
|move|p1a: Borg|Psychic|p2a: Zamazenta
|-supereffective|p2a: Zamazenta
|-damage|p2a: Zamazenta|0 fnt
|faint|p2a: Zamazenta
|
|win|Navi987
