|poke|p1|Lilligant-Hisui, F|
|poke|p1|Gholdengo|
|poke|p1|Landorus-Therian, M|
|poke|p1|Slowking-Galar, F|
|poke|p1|Ursaluna, M|
|poke|p1|Heatran, M|
|poke|p2|Masquerain, F|
|poke|p2|Sableye, F|
|poke|p2|Dragapult, M|
|poke|p2|Gholdengo|
|poke|p2|Iron Valiant|
|poke|p2|Ceruledge, M|
|teampreview
|
|start
|switch|p1a: Lilligant|Lilligant-Hisui, F, shiny|100/100
|switch|p2a: Mask-off|Masquerain, F, shiny|100/100
|-ability|p2a: Mask-off|Intimidate|boost
|-unboost|p1a: Lilligant|atk|1
|turn|1
|
|move|p1a: Lilligant|Ice Spinner|p2a: Mask-off
|-supereffective|p2a: Mask-off
|-enditem|p2a: Mask-off|Focus Sash
|-damage|p2a: Mask-off|1/100
|move|p2a: Mask-off|Sticky Web|p1a: Lilligant
|-sidestart|p1: Hemsamin2k2|move: Sticky Web
|
|turn|2
|n|!Hemsamin2k2|hemsamin2k2
|
|switch|p1a: Landorus|Landorus-Therian, M|100/100
|-ability|p1a: Landorus|Intimidate|boost
|-unboost|p2a: Mask-off|atk|1
|switch|p2a: Tag-back|Ceruledge, M, shiny|100/100
|
|turn|3
|
|switch|p2a: Mask-off|Masquerain, F, shiny|1/100
|-ability|p2a: Mask-off|Intimidate|boost
|-unboost|p1a: Landorus|atk|1
|move|p1a: Landorus|Taunt|p2a: Mask-off
|-start|p2a: Mask-off|move: Taunt
|
|turn|4
|
|move|p1a: Landorus|U-turn|p2a: Mask-off
|-resisted|p2a: Mask-off
|-damage|p2a: Mask-off|0 fnt
|faint|p2a: Mask-off
|
|switch|p1a: Gholdengo|Gholdengo|100/100|[from] U-turn
|-activate|p1a: Gholdengo|move: Sticky Web
|-unboost|p1a: Gholdengo|spe|1
|
|
|switch|p2a: Draco|Dragapult, M|100/100
|turn|5
|
|-terastallize|p2a: Draco|Ghost
|move|p2a: Draco|Shadow Ball|p1a: Gholdengo
|-supereffective|p1a: Gholdengo
|-damage|p1a: Gholdengo|0 fnt
|faint|p1a: Gholdengo
|
|
|switch|p1a: Heatran|Heatran, M|100/100
|-activate|p1a: Heatran|move: Sticky Web
|-unboost|p1a: Heatran|spe|1
|turn|6
|
|switch|p2a: Tag-back|Ceruledge, M, shiny|100/100
|move|p1a: Heatran|Stealth Rock|p2a: Tag-back
|-sidestart|p2: Shiva the D|move: Stealth Rock
|
|turn|7
|
|move|p2a: Tag-back|Swords Dance|p2a: Tag-back
|-boost|p2a: Tag-back|atk|2
|move|p1a: Heatran|Taunt|p2a: Tag-back
|-start|p2a: Tag-back|move: Taunt
|
|turn|8
|
|move|p2a: Tag-back|Close Combat|p1a: Heatran
|-supereffective|p1a: Heatran
|-damage|p1a: Heatran|0 fnt
|-unboost|p2a: Tag-back|def|1
|-unboost|p2a: Tag-back|spd|1
|faint|p1a: Heatran
|
|-message|Hemsamin2k2 forfeited.
|
|win|Shiva the D
