|poke|p1|Sneasler, M|
|poke|p1|Magearna|
|poke|p1|Dragapult, F|
|poke|p1|Zamazenta-*|
|poke|p1|Volcarona, M|
|poke|p1|Ursaluna, F|
|poke|p2|Uxie|
|poke|p2|Magearna|
|teampreview
|
|start
|switch|p1a: Dragapult|Dragapult, F|100/100
|switch|p2a: Uxie|Uxie, shiny|100/100
|turn|1
|
|move|p1a: Dragapult|Light Screen|p1a: Dragapult
|-sidestart|p1: p1|move: Light Screen
|move|p2a: Uxie|Yawn|p1a: Dragapult
|-start|p1a: Dragapult|move: Yawn|[of] p2a: Uxie
|
|turn|2
|
|switch|p1a: Magearna|Magearna|100/100
|move|p2a: Uxie|Light Screen|p2a: Uxie
|-sidestart|p2: p2|move: Light Screen
|
|turn|3
|
|move|p2a: Uxie|Yawn|p1a: Magearna
|-start|p1a: Magearna|move: Yawn|[of] p2a: Uxie
|move|p1a: Magearna|Shift Gear|p1a: Magearna
|-boost|p1a: Magearna|spe|2
|-boost|p1a: Magearna|atk|1
|
|turn|4
|
|switch|p1a: Dragapult|Dragapult, F|100/100
|move|p2a: Uxie|Reflect|p2a: Uxie
|-sidestart|p2: p2|Reflect
|
|turn|5
|
|move|p1a: Dragapult|Will-O-Wisp|p2a: Uxie|[miss]
|-miss|p1a: Dragapult|p2a: Uxie
|move|p2a: Uxie|Yawn|p1a: Dragapult
|-start|p1a: Dragapult|move: Yawn|[of] p2a: Uxie
|
|turn|6
|
|switch|p1a: Magearna|Magearna|100/100
|move|p2a: Uxie|Memento|p1a: Magearna
|-unboost|p1a: Magearna|atk|2
|-unboost|p1a: Magearna|spa|2
|faint|p2a: Uxie
|-ability|p1a: Magearna|Soul-Heart|boost
|-boost|p1a: Magearna|spa|1
|
|
|switch|p2a: Magearna|Magearna|100/100
|turn|7
|
|move|p2a: Magearna|Calm Mind|p2a: Magearna
|-boost|p2a: Magearna|spa|1
|-boost|p2a: Magearna|spd|1
|move|p1a: Magearna|Shift Gear|p1a: Magearna
|-boost|p1a: Magearna|spe|2
|-boost|p1a: Magearna|atk|1
|
|turn|8
|
|move|p1a: Magearna|Calm Mind|p1a: Magearna
|-boost|p1a: Magearna|spa|1
|-boost|p1a: Magearna|spd|1
|move|p2a: Magearna|Shift Gear|p2a: Magearna
|-boost|p2a: Magearna|spe|2
|-boost|p2a: Magearna|atk|1
|
|-sideend|p1: p1|move: Light Screen
|turn|9
|
|move|p2a: Magearna|Calm Mind|p2a: Magearna
|-boost|p2a: Magearna|spa|1
|-boost|p2a: Magearna|spd|1
|move|p1a: Magearna|Shift Gear|p1a: Magearna
|-boost|p1a: Magearna|spe|2
|-boost|p1a: Magearna|atk|1
|
|-sideend|p2: p2|move: Light Screen
|turn|10
|
|move|p1a: Magearna|Calm Mind|p1a: Magearna
|-boost|p1a: Magearna|spa|1
|-boost|p1a: Magearna|spd|1
|move|p2a: Magearna|Shift Gear|p2a: Magearna
|-boost|p2a: Magearna|spe|2
|-boost|p2a: Magearna|atk|1
|
|turn|11
|
|move|p2a: Magearna|Calm Mind|p2a: Magearna
|-boost|p2a: Magearna|spa|1
|-boost|p2a: Magearna|spd|1
|move|p1a: Magearna|Calm Mind|p1a: Magearna
|-boost|p1a: Magearna|spa|1
|-boost|p1a: Magearna|spd|1
|
|-sideend|p2: p2|Reflect
|turn|12
|
|move|p2a: Magearna|Calm Mind|p2a: Magearna
|-boost|p2a: Magearna|spa|1
|-boost|p2a: Magearna|spd|1
|move|p1a: Magearna|Calm Mind|p1a: Magearna
|-boost|p1a: Magearna|spa|1
|-boost|p1a: Magearna|spd|1
|
|turn|13
|
|move|p2a: Magearna|Stored Power|p1a: Magearna
|-resisted|p1a: Magearna
|-damage|p1a: Magearna|49/100
|move|p1a: Magearna|Calm Mind|p1a: Magearna
|-boost|p1a: Magearna|spa|1
|-boost|p1a: Magearna|spd|1
|
|-heal|p1a: Magearna|55/100|[from] item: Leftovers
|turn|14
|
|move|p2a: Magearna|Stored Power|p1a: Magearna
|-resisted|p1a: Magearna
|-damage|p1a: Magearna|11/100
|move|p1a: Magearna|Stored Power|p2a: Magearna
|-resisted|p2a: Magearna
|-damage|p2a: Magearna|43/100
|
|-heal|p1a: Magearna|17/100|[from] item: Leftovers
|turn|15
|
|move|p2a: Magearna|Stored Power|p1a: Magearna
|-resisted|p1a: Magearna
|-damage|p1a: Magearna|0 fnt
|faint|p1a: Magearna
|-ability|p2a: Magearna|Soul-Heart|boost
|-boost|p2a: Magearna|spa|1
|
|
|switch|p1a: Dragapult|Dragapult, F|100/100
|turn|16
|
|move|p2a: Magearna|Draining Kiss|p1a: Dragapult
|-supereffective|p1a: Dragapult
|-damage|p1a: Dragapult|0 fnt
|-heal|p2a: Magearna|100/100|[from] drain|[of] p1a: Dragapult
|-start|p2a: Magearna|Disable|Draining Kiss|[from] ability: Cursed Body|[of] p1a: Dragapult
|faint|p1a: Dragapult
|-ability|p2a: Magearna|Soul-Heart|boost
|-boost|p2a: Magearna|spa|1
|
|
|switch|p1a: Zamazenta|Zamazenta|100/100
|-ability|p1a: Zamazenta|Dauntless Shield|boost
|-boost|p1a: Zamazenta|def|1
|turn|17
|
|-terastallize|p1a: Zamazenta|Dark
|move|p2a: Magearna|Stored Power|p1a: Zamazenta
|-immune|p1a: Zamazenta
|move|p1a: Zamazenta|Iron Defense|p1a: Zamazenta
|-boost|p1a: Zamazenta|def|2
|
|turn|18
|
|-terastallize|p2a: Magearna|Fairy
|move|p2a: Magearna|Shift Gear|p2a: Magearna
|-boost|p2a: Magearna|spe|2
|-boost|p2a: Magearna|atk|1
|move|p1a: Zamazenta|Substitute|p1a: Zamazenta
|-start|p1a: Zamazenta|Substitute
|-damage|p1a: Zamazenta|76/100
|
|-heal|p1a: Zamazenta|82/100|[from] item: Leftovers
|turn|19
|
|move|p2a: Magearna|Calm Mind|p2a: Magearna
|-boost|p2a: Magearna|spa|0
|-boost|p2a: Magearna|spd|1
|move|p1a: Zamazenta|Iron Defense|p1a: Zamazenta
|-boost|p1a: Zamazenta|def|2
|
|-heal|p1a: Zamazenta|88/100|[from] item: Leftovers
|-end|p2a: Magearna|Disable
|turn|20
|
|move|p2a: Magearna|Draining Kiss|p1a: Zamazenta
|-supereffective|p1a: Zamazenta
|-end|p1a: Zamazenta|Substitute
|move|p1a: Zamazenta|Body Press|p2a: Magearna
|-resisted|p2a: Magearna
|-damage|p2a: Magearna|33/100
|
|-heal|p1a: Zamazenta|94/100|[from] item: Leftovers
|turn|21
|
|move|p2a: Magearna|Draining Kiss|p1a: Zamazenta
|-supereffective|p1a: Zamazenta
|-damage|p1a: Zamazenta|0 fnt
|-heal|p2a: Magearna|100/100|[from] drain|[of] p1a: Zamazenta
|faint|p1a: Zamazenta
|
|
|switch|p1a: Sneasler|Sneasler, M|100/100
|-item|p1a: Sneasler|Air Balloon
|turn|22
|
|move|p2a: Magearna|Stored Power|p1a: Sneasler
|-supereffective|p1a: Sneasler
|-damage|p1a: Sneasler|0 fnt
|-enditem|p1a: Sneasler|Air Balloon
|faint|p1a: Sneasler
|
|
|switch|p1a: Volcarona|Volcarona, M|100/100
|turn|23
|
|move|p2a: Magearna|Stored Power|p1a: Volcarona
|-damage|p1a: Volcarona|0 fnt
|faint|p1a: Volcarona
|
|
|switch|p1a: Ursaluna|Ursaluna, F|100/100
|turn|24
|
|move|p2a: Magearna|Stored Power|p1a: Ursaluna
|-damage|p1a: Ursaluna|0 fnt
|faint|p1a: Ursaluna
|
|win|p2
