|poke|p1|Pelipper, M|
|poke|p1|Goodra-Hisui, M|
|poke|p1|Zapdos|
|poke|p1|Magearna|
|poke|p1|Rotom-Wash|
|poke|p1|Basculegion, M|
|poke|p2|Samurott-Hisui, F|
|poke|p2|Great Tusk|
|poke|p2|Zamazenta-*|
|poke|p2|Dragapult, F|
|poke|p2|Gholdengo|
|poke|p2|Garganacl, M|
|teampreview
|
|start
|switch|p1a: Pelipper|Pelipper, M|100/100
|switch|p2a: temp6t video|Garganacl, M|100/100
|-weather|RainDance|[from] ability: Drizzle|[of] p1a: Pelipper
|turn|1
|
|switch|p2a: Edgelord|Samurott-Hisui, F|100/100
|move|p1a: Pelipper|U-turn|p2a: Edgelord
|-supereffective|p2a: Edgelord
|-damage|p2a: Edgelord|81/100
|
|switch|p1a: Magearna|Magearna|100/100|[from] U-turn
|
|-weather|RainDance|[upkeep]
|turn|2
|
|move|p2a: Edgelord|Aqua Cutter|p1a: Magearna
|-damage|p1a: Magearna|57/100
|move|p1a: Magearna|Fleur Cannon|p2a: Edgelord
|-supereffective|p2a: Edgelord
|-damage|p2a: Edgelord|0 fnt
|-unboost|p1a: Magearna|spa|2
|faint|p2a: Edgelord
|-ability|p1a: Magearna|Soul-Heart|boost
|-boost|p1a: Magearna|spa|1
|
|-weather|RainDance|[upkeep]
|-heal|p1a: Magearna|63/100|[from] item: Leftovers
|
|switch|p2a: Howdy Pardner|Gholdengo|100/100
|turn|3
|
|switch|p1a: Goodra|Goodra-Hisui, M|100/100
|move|p2a: Howdy Pardner|Thunder Wave|p1a: Goodra
|-status|p1a: Goodra|par
|
|-weather|RainDance|[upkeep]
|turn|4
|
|move|p2a: Howdy Pardner|Nasty Plot|p2a: Howdy Pardner
|-boost|p2a: Howdy Pardner|spa|2
|cant|p1a: Goodra|par
|
|-weather|RainDance|[upkeep]
|turn|5
|
|move|p2a: Howdy Pardner|Nasty Plot|p2a: Howdy Pardner
|-boost|p2a: Howdy Pardner|spa|2
|move|p1a: Goodra|Earthquake|p2a: Howdy Pardner
|-supereffective|p2a: Howdy Pardner
|-damage|p2a: Howdy Pardner|55/100
|
|-weather|RainDance|[upkeep]
|-heal|p2a: Howdy Pardner|61/100|[from] item: Leftovers
|turn|6
|
|move|p2a: Howdy Pardner|Hex|p1a: Goodra
|-damage|p1a: Goodra|27/100 par
|cant|p1a: Goodra|par
|
|-weather|RainDance|[upkeep]
|-heal|p2a: Howdy Pardner|67/100|[from] item: Leftovers
|turn|7
|
|move|p2a: Howdy Pardner|Hex|p1a: Goodra
|-damage|p1a: Goodra|0 fnt
|faint|p1a: Goodra
|
|-weather|RainDance|[upkeep]
|-heal|p2a: Howdy Pardner|73/100|[from] item: Leftovers
|
|switch|p1a: Basculegion|Basculegion, M|100/100
|turn|8
|
|move|p1a: Basculegion|Crunch|p2a: Howdy Pardner
|-supereffective|p2a: Howdy Pardner
|-damage|p2a: Howdy Pardner|0 fnt
|faint|p2a: Howdy Pardner
|
|-weather|none
|
|switch|p2a: Phys or Special?|Dragapult, F|100/100
|turn|9
|
|switch|p1a: Pelipper|Pelipper, M|100/100
|-weather|RainDance|[from] ability: Drizzle|[of] p1a: Pelipper
|move|p2a: Phys or Special?|Shadow Ball|p1a: Pelipper
|-damage|p1a: Pelipper|50/100
|
|-weather|RainDance|[upkeep]
|turn|10
|
|move|p2a: Phys or Special?|Shadow Ball|p1a: Pelipper
|-damage|p1a: Pelipper|0 fnt
|faint|p1a: Pelipper
|
|-weather|RainDance|[upkeep]
|
|switch|p1a: Basculegion|Basculegion, M|100/100
|turn|11
|
|-terastallize|p1a: Basculegion|Water
|move|p1a: Basculegion|Wave Crash|p2a: Phys or Special?
|-resisted|p2a: Phys or Special?
|-damage|p2a: Phys or Special?|0 fnt
|faint|p2a: Phys or Special?
|-damage|p1a: Basculegion|73/100|[from] Recoil
|
|-weather|RainDance|[upkeep]
|
|switch|p2a: OU Mascot :(|Zamazenta-Crowned|100/100
|-ability|p2a: OU Mascot :(|Dauntless Shield|boost
|-boost|p2a: OU Mascot :(|def|1
|turn|12
|
|move|p1a: Basculegion|Wave Crash|p2a: OU Mascot :(
|-damage|p2a: OU Mascot :(|17/100
|-damage|p1a: Basculegion|49/100|[from] Recoil
|move|p2a: OU Mascot :(|Iron Defense|p2a: OU Mascot :(
|-boost|p2a: OU Mascot :(|def|2
|
|-weather|RainDance|[upkeep]
|turn|13
|
|move|p1a: Basculegion|Wave Crash|p2a: OU Mascot :(
|-damage|p2a: OU Mascot :(|0 fnt
|faint|p2a: OU Mascot :(
|-damage|p1a: Basculegion|45/100|[from] Recoil
|
|-weather|RainDance|[upkeep]
|
|switch|p2a: Elefant|Great Tusk|100/100
|turn|14
|
|move|p1a: Basculegion|Wave Crash|p2a: Elefant
|-supereffective|p2a: Elefant
|-damage|p2a: Elefant|0 fnt
|faint|p2a: Elefant
|-end|p2a: Elefant|Protosynthesis|[silent]
|-damage|p1a: Basculegion|13/100|[from] Recoil
|
|-weather|RainDance|[upkeep]
|
|switch|p2a: temp6t video|Garganacl, M|100/100
|turn|15
|
|-terastallize|p2a: temp6t video|Fairy
|move|p1a: Basculegion|Wave Crash|p2a: temp6t video
|-damage|p2a: temp6t video|0 fnt
|faint|p2a: temp6t video
|-damage|p1a: Basculegion|0 fnt|[from] Recoil
|faint|p1a: Basculegion
|
|win|p1
