|poke|p1|Decidueye-Hisui, M|
|poke|p1|Overqwil, F|
|poke|p2|Jolteon, F|
|poke|p2|Iron Moth|
|poke|p2|Breloom, M|
|poke|p2|Goodra-Hisui, M|
|poke|p2|Carbink|
|poke|p2|Articuno-Galar|
|teampreview
|
|start
|switch|p1a: Overqwil|Overqwil, F|100/100
|switch|p2a: Articuno|Articuno-Galar|100/100
|-ability|p1a: Overqwil|Intimidate|boost
|-unboost|p2a: Articuno|atk|1
|-ability|p2a: Articuno|Competitive|boost
|-boost|p2a: Articuno|spa|2
|turn|1
|
|move|p2a: Articuno|Hyper Voice|p1a: Overqwil
|-damage|p1a: Overqwil|0 fnt
|faint|p1a: Overqwil
|
|
|switch|p1a: Decidueye|Decidueye-Hisui, M|100/100
|turn|2
|
|-terastallize|p1a: Decidueye|Ghost
|move|p2a: Articuno|Hyper Voice|p1a: Decidueye
|-immune|p1a: Decidueye
|move|p1a: Decidueye|Bulk Up|p1a: Decidueye
|-boost|p1a: Decidueye|atk|1
|-boost|p1a: Decidueye|def|1
|
|turn|3
|
|switch|p2a: Goodra|Goodra-Hisui, M|100/100
|move|p1a: Decidueye|Shadow Sneak|p2a: Goodra
|-damage|p2a: Goodra|79/100
|
|-heal|p2a: Goodra|85/100|[from] item: Leftovers
|turn|4
|
|move|p2a: Goodra|Substitute|p2a: Goodra
|-start|p2a: Goodra|Substitute
|-damage|p2a: Goodra|60/100
|move|p1a: Decidueye|Bulk Up|p1a: Decidueye
|-boost|p1a: Decidueye|atk|1
|-boost|p1a: Decidueye|def|1
|
|-heal|p2a: Goodra|66/100|[from] item: Leftovers
|turn|5
|
|move|p1a: Decidueye|Triple Arrows|p2a: Goodra
|-supereffective|p2a: Goodra
|-end|p2a: Goodra|Substitute
|move|p2a: Goodra|Surf|p1a: Decidueye
|-damage|p1a: Decidueye|86/100
|
|-heal|p2a: Goodra|72/100|[from] item: Leftovers
|turn|6
|
|move|p2a: Goodra|Protect|p2a: Goodra
|-singleturn|p2a: Goodra|Protect
|move|p1a: Decidueye|Bulk Up|p1a: Decidueye
|-boost|p1a: Decidueye|atk|1
|-boost|p1a: Decidueye|def|1
|
|-heal|p2a: Goodra|79/100|[from] item: Leftovers
|turn|7
|
|move|p1a: Decidueye|Bulk Up|p1a: Decidueye
|-boost|p1a: Decidueye|atk|1
|-boost|p1a: Decidueye|def|1
|move|p2a: Goodra|Draco Meteor|p1a: Decidueye
|-damage|p1a: Decidueye|51/100
|-unboost|p2a: Goodra|spa|2
|
|-heal|p2a: Goodra|85/100|[from] item: Leftovers
|turn|8
|
|move|p2a: Goodra|Draco Meteor|p1a: Decidueye
|-damage|p1a: Decidueye|35/100
|-unboost|p2a: Goodra|spa|2
|move|p1a: Decidueye|Roost|p1a: Decidueye
|-heal|p1a: Decidueye|85/100
|
|-heal|p2a: Goodra|91/100|[from] item: Leftovers
|turn|9
|
|move|p1a: Decidueye|Bulk Up|p1a: Decidueye
|-boost|p1a: Decidueye|atk|1
|-boost|p1a: Decidueye|def|1
|move|p2a: Goodra|Draco Meteor|p1a: Decidueye
|-damage|p1a: Decidueye|73/100
|-unboost|p2a: Goodra|spa|2
|
|-heal|p2a: Goodra|97/100|[from] item: Leftovers
|turn|10
|
|move|p2a: Goodra|Draco Meteor|p1a: Decidueye
|-damage|p1a: Decidueye|64/100
|move|p1a: Decidueye|Bulk Up|p1a: Decidueye
|-boost|p1a: Decidueye|atk|1
|-boost|p1a: Decidueye|def|1
|
|-heal|p2a: Goodra|100/100|[from] item: Leftovers
|turn|11
|
|move|p2a: Goodra|Draco Meteor|p1a: Decidueye
|-damage|p1a: Decidueye|56/100
|move|p1a: Decidueye|Roost|p1a: Decidueye
|-heal|p1a: Decidueye|100/100
|
|turn|12
|
|move|p1a: Decidueye|Triple Arrows|p2a: Goodra
|-supereffective|p2a: Goodra
|-damage|p2a: Goodra|0 fnt
|faint|p2a: Goodra
|
|
|switch|p2a: Articuno|Articuno-Galar|100/100
|turn|13
|
|move|p1a: Decidueye|Shadow Sneak|p2a: Articuno
|-supereffective|p2a: Articuno
|-crit|p2a: Articuno
|-damage|p2a: Articuno|0 fnt
|faint|p2a: Articuno
|
|
|switch|p2a: Carbink|Carbink|100/100
|turn|14
|
|move|p1a: Decidueye|Shadow Sneak|p2a: Carbink
|-damage|p2a: Carbink|50/100
|move|p2a: Carbink|Reflect|p2a: Carbink
|-sidestart|p2: p2|Reflect
|
|turn|15
|
|move|p1a: Decidueye|Triple Arrows|p2a: Carbink
|-damage|p2a: Carbink|2/100
|-enditem|p2a: Carbink|Wiki Berry|[eat]
|-heal|p2a: Carbink|35/100|[from] item: Wiki Berry
|-start|p2a: Carbink|confusion
|cant|p2a: Carbink|flinch
|
|turn|16
|
|move|p1a: Decidueye|Shadow Sneak|p2a: Carbink
|-damage|p2a: Carbink|14/100
|-activate|p2a: Carbink|confusion
|-damage|p2a: Carbink|10/100|[from] confusion
|
|turn|17
|
|move|p1a: Decidueye|Shadow Sneak|p2a: Carbink
|-damage|p2a: Carbink|0 fnt
|faint|p2a: Carbink
|
|
|switch|p2a: Iron Moth|Iron Moth|100/100
|-enditem|p2a: Iron Moth|Booster Energy
|-activate|p2a: Iron Moth|ability: Quark Drive|[fromitem]
|-start|p2a: Iron Moth|quarkdrivespa
|turn|18
|
|-terastallize|p2a: Iron Moth|Ground
|move|p2a: Iron Moth|Fiery Dance|p1a: Decidueye
|-damage|p1a: Decidueye|63/100
|-boost|p2a: Iron Moth|spa|1
|move|p1a: Decidueye|Triple Arrows|p2a: Iron Moth
|-damage|p2a: Iron Moth|0 fnt
|faint|p2a: Iron Moth
|-end|p2a: Iron Moth|Quark Drive|[silent]
|
|-sideend|p2: p2|Reflect
|
|switch|p2a: Jolteon|Jolteon, F|100/100
|turn|19
|
|move|p2a: Jolteon|Thunderbolt|p1a: Decidueye
|-damage|p1a: Decidueye|23/100
|-damage|p2a: Jolteon|91/100|[from] item: Life Orb
|move|p1a: Decidueye|Roost|p1a: Decidueye
|-heal|p1a: Decidueye|73/100
|
|turn|20
|
|move|p2a: Jolteon|Shadow Ball|p1a: Decidueye
|-supereffective|p1a: Decidueye
|-damage|p1a: Decidueye|26/100
|-enditem|p1a: Decidueye|Weakness Policy
|-boost|p1a: Decidueye|atk|0
|-boost|p1a: Decidueye|spa|2|[from] item: Weakness Policy
|-damage|p2a: Jolteon|81/100|[from] item: Life Orb
|move|p1a: Decidueye|Roost|p1a: Decidueye
|-heal|p1a: Decidueye|76/100
|
|turn|21
|
|move|p1a: Decidueye|Shadow Sneak|p2a: Jolteon
|-damage|p2a: Jolteon|0 fnt
|faint|p2a: Jolteon
|
|-message|p2 forfeited.
|
|win|p1
