|poke|p1|Torkoal, F|
|poke|p1|Arcanine-Hisui, M|
|poke|p1|Lilligant-Hisui, F|
|poke|p1|Typhlosion-Hisui, F|
|poke|p1|Great Tusk|
|poke|p1|Walking Wake|
|poke|p2|Kingambit, M|
|poke|p2|Dragapult, F|
|poke|p2|Urshifu-*, M|
|poke|p2|Cinderace, F|
|poke|p2|Great Tusk|
|poke|p2|Zapdos|
|teampreview
|
|start
|switch|p1a: Torkoal|Torkoal, F|100/100
|switch|p2a: Dragapult|Dragapult, F|100/100
|-weather|SunnyDay|[from] ability: Drought|[of] p1a: Torkoal
|turn|1
|
|move|p2a: Dragapult|Hydro Pump|p1a: Torkoal
|-supereffective|p1a: Torkoal
|-damage|p1a: Torkoal|56/100
|move|p1a: Torkoal|Stealth Rock|p2a: Dragapult
|-sidestart|p2: p2|move: Stealth Rock
|
|-weather|SunnyDay|[upkeep]
|turn|2
|
|switch|p2a: Cinderace|Cinderace, F|100/100
|switch|p1a: Walking Wake|Walking Wake|100/100
|-activate|p1a: Walking Wake|ability: Protosynthesis
|-start|p1a: Walking Wake|protosynthesisspa
|
|-weather|SunnyDay|[upkeep]
|turn|3
|
|move|p2a: Cinderace|U-turn|p1a: Walking Wake
|-start|p2a: Cinderace|typechange|Bug|[from] ability: Libero
|-damage|p1a: Walking Wake|65/100
|
|switch|p2a: Urshifu|Urshifu-Rapid-Strike, M|100/100|[from] U-turn
|-damage|p2a: Urshifu|94/100|[from] Stealth Rock
|move|p1a: Walking Wake|Hydro Steam|p2a: Urshifu
|-resisted|p2a: Urshifu
|-damage|p2a: Urshifu|2/100
|
|-weather|SunnyDay|[upkeep]
|turn|4
|
|-end|p1a: Walking Wake|Protosynthesis|[silent]
|switch|p1a: Typhlosion|Typhlosion-Hisui, F|100/100
|-item|p2a: Urshifu|Choice Scarf|[from] ability: Frisk|[of] p1a: Typhlosion|[identify]
|move|p2a: Urshifu|U-turn|p1a: Typhlosion
|-resisted|p1a: Typhlosion
|-damage|p1a: Typhlosion|92/100
|
|switch|p2a: Great Tusk|Great Tusk|100/100|[from] U-turn
|-damage|p2a: Great Tusk|98/100|[from] Stealth Rock
|-activate|p2a: Great Tusk|ability: Protosynthesis
|-start|p2a: Great Tusk|protosynthesisdef
|
|-weather|SunnyDay|[upkeep]
|-heal|p2a: Great Tusk|100/100|[from] item: Leftovers
|turn|5
|
|-terastallize|p1a: Typhlosion|Fire
|move|p1a: Typhlosion|Eruption|p2a: Great Tusk
|-damage|p2a: Great Tusk|0 fnt
|faint|p2a: Great Tusk
|-end|p2a: Great Tusk|Protosynthesis|[silent]
|
|-weather|SunnyDay|[upkeep]
|
|switch|p2a: Cinderace|Cinderace, F|100/100
|turn|6
|
|move|p1a: Typhlosion|Eruption|p2a: Cinderace
|-resisted|p2a: Cinderace
|-damage|p2a: Cinderace|7/100
|move|p2a: Cinderace|Court Change|p2a: Cinderace
|-start|p2a: Cinderace|typechange|Normal|[from] ability: Libero
|-swapsideconditions
|-activate|p2a: Cinderace|move: Court Change
|
|-weather|SunnyDay|[upkeep]
|turn|7
|
|move|p1a: Typhlosion|Eruption|p2a: Cinderace
|-damage|p2a: Cinderace|0 fnt
|faint|p2a: Cinderace
|
|-weather|SunnyDay|[upkeep]
|
|switch|p2a: Urshifu|Urshifu-Rapid-Strike, M|2/100
|turn|8
|
|switch|p1a: Walking Wake|Walking Wake|65/100
|-damage|p1a: Walking Wake|53/100|[from] Stealth Rock
|-activate|p1a: Walking Wake|ability: Protosynthesis
|-start|p1a: Walking Wake|protosynthesisspa
|move|p2a: Urshifu|Surging Strikes|p1a: Walking Wake
|-resisted|p1a: Walking Wake
|-crit|p1a: Walking Wake
|-damage|p1a: Walking Wake|50/100
|-resisted|p1a: Walking Wake
|-crit|p1a: Walking Wake
|-damage|p1a: Walking Wake|47/100
|-resisted|p1a: Walking Wake
|-crit|p1a: Walking Wake
|-damage|p1a: Walking Wake|45/100
|-hitcount|p1a: Walking Wake|3
|
|-weather|none
|-end|p1a: Walking Wake|Protosynthesis
|turn|9
|
|switch|p2a: Zapdos|Zapdos|100/100
|move|p1a: Walking Wake|Dragon Pulse|p2a: Zapdos
|-damage|p2a: Zapdos|32/100
|
|turn|10
|
|move|p1a: Walking Wake|Dragon Pulse|p2a: Zapdos
|-damage|p2a: Zapdos|0 fnt
|faint|p2a: Zapdos
|
|
|switch|p2a: Kingambit|Kingambit, M|100/100
|-activate|p2a: Kingambit|ability: Supreme Overlord
|-start|p2a: Kingambit|fallen3|[silent]
|turn|11
|
|-end|p1a: Walking Wake|Protosynthesis|[silent]
|switch|p1a: Great Tusk|Great Tusk|100/100
|-damage|p1a: Great Tusk|98/100|[from] Stealth Rock
|move|p2a: Kingambit|Sucker Punch||[still]
|-fail|p2a: Kingambit
|
|-heal|p1a: Great Tusk|100/100|[from] item: Leftovers
|turn|12
|
|-terastallize|p2a: Kingambit|Flying
|move|p1a: Great Tusk|Body Press|p2a: Kingambit
|-resisted|p2a: Kingambit
|-damage|p2a: Kingambit|84/100
|move|p2a: Kingambit|Swords Dance|p2a: Kingambit
|-boost|p2a: Kingambit|atk|2
|
|turn|13
|
|-end|p1a: Great Tusk|Protosynthesis|[silent]
|switch|p1a: Torkoal|Torkoal, F|56/100
|-damage|p1a: Torkoal|31/100|[from] Stealth Rock
|-weather|SunnyDay|[from] ability: Drought|[of] p1a: Torkoal
|move|p2a: Kingambit|Kowtow Cleave|p1a: Torkoal
|-damage|p1a: Torkoal|0 fnt
|faint|p1a: Torkoal
|
|-weather|SunnyDay|[upkeep]
|
|switch|p1a: Arcanine|Arcanine-Hisui, M|100/100
|-damage|p1a: Arcanine|76/100|[from] Stealth Rock
|turn|14
|
|move|p1a: Arcanine|Extreme Speed|p2a: Kingambit
|-damage|p2a: Kingambit|53/100
|move|p2a: Kingambit|Sucker Punch||[still]
|-fail|p2a: Kingambit
|
|-weather|SunnyDay|[upkeep]
|turn|15
|
|move|p1a: Arcanine|Extreme Speed|p2a: Kingambit
|-damage|p2a: Kingambit|22/100
|move|p2a: Kingambit|Kowtow Cleave|p1a: Arcanine
|-damage|p1a: Arcanine|0 fnt
|faint|p1a: Arcanine
|
|-weather|SunnyDay|[upkeep]
|
|switch|p1a: Great Tusk|Great Tusk|100/100
|-damage|p1a: Great Tusk|98/100|[from] Stealth Rock
|-activate|p1a: Great Tusk|ability: Protosynthesis
|-start|p1a: Great Tusk|protosynthesisdef
|turn|16
|
|move|p2a: Kingambit|Sucker Punch|p1a: Great Tusk
|-resisted|p1a: Great Tusk
|-damage|p1a: Great Tusk|75/100
|move|p1a: Great Tusk|Knock Off|p2a: Kingambit
|-damage|p2a: Kingambit|2/100
|-enditem|p2a: Kingambit|Black Glasses|[from] move: Knock Off|[of] p1a: Great Tusk
|
|-weather|SunnyDay|[upkeep]
|-heal|p1a: Great Tusk|81/100|[from] item: Leftovers
|turn|17
|
|-end|p2a: Kingambit|fallen3|[silent]
|switch|p2a: Dragapult|Dragapult, F|100/100
|move|p1a: Great Tusk|Rapid Spin|p2a: Dragapult
|-immune|p2a: Dragapult
|
|-weather|SunnyDay|[upkeep]
|-heal|p1a: Great Tusk|87/100|[from] item: Leftovers
|turn|18
|
|-end|p1a: Great Tusk|Protosynthesis|[silent]
|switch|p1a: Walking Wake|Walking Wake|45/100
|-damage|p1a: Walking Wake|33/100|[from] Stealth Rock
|-activate|p1a: Walking Wake|ability: Protosynthesis
|-start|p1a: Walking Wake|protosynthesisspa
|move|p2a: Dragapult|Draco Meteor|p1a: Walking Wake
|-supereffective|p1a: Walking Wake
|-damage|p1a: Walking Wake|0 fnt
|-unboost|p2a: Dragapult|spa|2
|faint|p1a: Walking Wake
|-end|p1a: Walking Wake|Protosynthesis|[silent]
|
|-weather|SunnyDay|[upkeep]
|
|switch|p1a: Typhlosion|Typhlosion-Hisui, F, tera:Fire|92/100
|-damage|p1a: Typhlosion|68/100|[from] Stealth Rock
|-item|p2a: Dragapult|Choice Specs|[from] ability: Frisk|[of] p1a: Typhlosion|[identify]
|turn|19
|
|move|p1a: Typhlosion|Infernal Parade|p2a: Dragapult
|-supereffective|p2a: Dragapult
|-damage|p2a: Dragapult|17/100
|move|p2a: Dragapult|Draco Meteor|p1a: Typhlosion
|-damage|p1a: Typhlosion|1/100
|-unboost|p2a: Dragapult|spa|2
|
|-weather|SunnyDay|[upkeep]
|turn|20
|
|move|p1a: Typhlosion|Infernal Parade|p2a: Dragapult
|-supereffective|p2a: Dragapult
|-damage|p2a: Dragapult|0 fnt
|faint|p2a: Dragapult
|
|-weather|none
|
|switch|p2a: Urshifu|Urshifu-Rapid-Strike, M|2/100
|turn|21
|
|move|p2a: Urshifu|Aqua Jet|p1a: Typhlosion
|-supereffective|p1a: Typhlosion
|-crit|p1a: Typhlosion
|-damage|p1a: Typhlosion|0 fnt
|faint|p1a: Typhlosion
|
|
|switch|p1a: Lilligant|Lilligant-Hisui, F|100/100
|-damage|p1a: Lilligant|94/100|[from] Stealth Rock
|turn|22
|
|move|p2a: Urshifu|Aqua Jet|p1a: Lilligant
|-resisted|p1a: Lilligant
|-crit|p1a: Lilligant
|-damage|p1a: Lilligant|69/100
|move|p1a: Lilligant|Close Combat|p2a: Urshifu
|-damage|p2a: Urshifu|0 fnt
|-unboost|p1a: Lilligant|def|1
|-unboost|p1a: Lilligant|spd|1
|faint|p2a: Urshifu
|-damage|p1a: Lilligant|59/100|[from] item: Life Orb
|
|
|switch|p2a: Kingambit|Kingambit, M, tera:Flying|2/100
|-activate|p2a: Kingambit|ability: Supreme Overlord
|-start|p2a: Kingambit|fallen5|[silent]
|turn|23
|
|move|p2a: Kingambit|Sucker Punch||[still]
|-fail|p2a: Kingambit
|move|p1a: Lilligant|Growth|p1a: Lilligant
|-boost|p1a: Lilligant|atk|1
|-boost|p1a: Lilligant|spa|1
|
|turn|24
|
|move|p1a: Lilligant|Close Combat|p2a: Kingambit
|-resisted|p2a: Kingambit
|-damage|p2a: Kingambit|0 fnt
|-unboost|p1a: Lilligant|def|1
|-unboost|p1a: Lilligant|spd|1
|faint|p2a: Kingambit
|-end|p2a: Kingambit|fallen5|[silent]
|-damage|p1a: Lilligant|49/100|[from] item: Life Orb
|
|win|p1
