|poke|p1|Gardevoir, M|
|poke|p1|Gengar, F|
|poke|p1|Arcanine-Hisui, M|
|poke|p1|Hydreigon, M|
|poke|p1|Meowscarada, M|
|poke|p1|Toxapex, F|
|poke|p2|Pawmot, F|
|poke|p2|Ursaluna, F|
|poke|p2|Cyclizar, M|
|poke|p2|Forretress, F|
|poke|p2|Zarude|
|poke|p2|Raichu, F|
|teampreview
|
|start
|switch|p1a: Arcanine|Arcanine-Hisui, M|100/100
|switch|p2a: AWOON|Ursaluna, F|100/100
|-ability|p1a: Arcanine|Intimidate|boost
|-unboost|p2a: AWOON|atk|1
|turn|1
|
|move|p1a: Arcanine|Flare Blitz|p2a: AWOON
|-damage|p2a: AWOON|62/100
|-damage|p1a: Arcanine|87/100|[from] Recoil
|move|p2a: AWOON|Facade|p1a: Arcanine
|-resisted|p1a: Arcanine
|-damage|p1a: Arcanine|71/100
|
|turn|2
|
|move|p1a: Arcanine|Will-O-Wisp|p2a: AWOON
|-status|p2a: AWOON|brn
|move|p2a: AWOON|Facade|p1a: Arcanine
|-resisted|p1a: Arcanine
|-damage|p1a: Arcanine|19/100
|
|-damage|p2a: AWOON|56/100 brn|[from] brn
|turn|3
|
|move|p1a: Arcanine|Morning Sun|p1a: Arcanine
|-heal|p1a: Arcanine|69/100
|move|p2a: AWOON|Facade|p1a: Arcanine
|-resisted|p1a: Arcanine
|-damage|p1a: Arcanine|16/100
|
|-damage|p2a: AWOON|50/100 brn|[from] brn
|turn|4
|
|switch|p1a: Toxapex|Toxapex, F|100/100
|move|p2a: AWOON|Facade|p1a: Toxapex
|-damage|p1a: Toxapex|25/100
|
|-heal|p1a: Toxapex|32/100|[from] item: Leftovers
|-damage|p2a: AWOON|44/100 brn|[from] brn
|turn|5
|
|move|p2a: AWOON|Facade|p1a: Toxapex
|-damage|p1a: Toxapex|0 fnt
|faint|p1a: Toxapex
|
|-damage|p2a: AWOON|38/100 brn|[from] brn
|
|switch|p1a: Meowscarada|Meowscarada, M|100/100
|turn|6
|
|switch|p2a: ZZZ|Zarude|100/100
|move|p1a: Meowscarada|Flower Trick|p2a: ZZZ
|-start|p1a: Meowscarada|typechange|Grass|[from] ability: Protean
|-resisted|p2a: ZZZ
|-crit|p2a: ZZZ
|-damage|p2a: ZZZ|82/100
|
|-heal|p2a: ZZZ|88/100|[from] item: Leftovers
|turn|7
|
|switch|p2a: Liebe Raichu|Raichu, F|100/100
|move|p1a: Meowscarada|Knock Off|p2a: Liebe Raichu
|-damage|p2a: Liebe Raichu|51/100
|-damage|p1a: Meowscarada|84/100|[from] item: Rocky Helmet|[of] p2a: Liebe Raichu
|-enditem|p2a: Liebe Raichu|Rocky Helmet|[from] move: Knock Off|[of] p1a: Meowscarada
|
|turn|8
|
|move|p1a: Meowscarada|U-turn|p2a: Liebe Raichu
|-damage|p2a: Liebe Raichu|13/100
|
|switch|p1a: Arcanine|Arcanine-Hisui, M|16/100|[from] U-turn
|-ability|p1a: Arcanine|Intimidate|boost
|-unboost|p2a: Liebe Raichu|atk|1
|move|p2a: Liebe Raichu|Wish|p2a: Liebe Raichu
|
|turn|9
|
|move|p2a: Liebe Raichu|Surf|p1a: Arcanine
|-supereffective|p1a: Arcanine
|-damage|p1a: Arcanine|0 fnt
|faint|p1a: Arcanine
|
|-heal|p2a: Liebe Raichu|63/100|[from] move: Wish|[wisher] Liebe Raichu
|
|switch|p1a: Gardevoir|Gardevoir, M|100/100
|-ability|p1a: Gardevoir|Static|[from] ability: Trace|[of] p2a: Liebe Raichu
|turn|10
|
|switch|p2a: AWOON|Ursaluna, F|38/100 brn
|move|p1a: Gardevoir|Psychic|p2a: AWOON
|-damage|p2a: AWOON|1/100 brn
|
|-damage|p2a: AWOON|0 fnt|[from] brn
|faint|p2a: AWOON
|
|switch|p2a: ZZZ|Zarude|88/100
|turn|11
|
|switch|p1a: Hydreigon|Hydreigon, M|100/100
|move|p2a: ZZZ|Bulk Up|p2a: ZZZ
|-boost|p2a: ZZZ|atk|1
|-boost|p2a: ZZZ|def|1
|
|-heal|p2a: ZZZ|94/100|[from] item: Leftovers
|turn|12
|
|move|p1a: Hydreigon|Nasty Plot|p1a: Hydreigon
|-boost|p1a: Hydreigon|spa|2
|move|p2a: ZZZ|Crunch|p1a: Hydreigon
|-resisted|p1a: Hydreigon
|-damage|p1a: Hydreigon|69/100
|
|-heal|p1a: Hydreigon|75/100|[from] item: Leftovers
|-heal|p2a: ZZZ|100/100|[from] item: Leftovers
|turn|13
|
|move|p1a: Hydreigon|Dark Pulse|p2a: ZZZ
|-resisted|p2a: ZZZ
|-damage|p2a: ZZZ|70/100
|move|p2a: ZZZ|Crunch|p1a: Hydreigon
|-resisted|p1a: Hydreigon
|-damage|p1a: Hydreigon|44/100
|
|-heal|p1a: Hydreigon|50/100|[from] item: Leftovers
|-heal|p2a: ZZZ|76/100|[from] item: Leftovers
|turn|14
|
|switch|p1a: Gardevoir|Gardevoir, M|100/100
|-ability|p1a: Gardevoir|Leaf Guard|[from] ability: Trace|[of] p2a: ZZZ
|move|p2a: ZZZ|Bulk Up|p2a: ZZZ
|-boost|p2a: ZZZ|atk|1
|-boost|p2a: ZZZ|def|1
|
|-heal|p2a: ZZZ|82/100|[from] item: Leftovers
|turn|15
|
|-terastallize|p2a: ZZZ|Bug
|move|p1a: Gardevoir|Moonblast|p2a: ZZZ
|-damage|p2a: ZZZ|45/100
|move|p2a: ZZZ|Seed Bomb|p1a: Gardevoir
|-damage|p1a: Gardevoir|0 fnt
|faint|p1a: Gardevoir
|
|-heal|p2a: ZZZ|51/100|[from] item: Leftovers
|
|switch|p1a: Gengar|Gengar, F|100/100
|turn|16
|
|move|p1a: Gengar|Sludge Bomb|p2a: ZZZ
|-damage|p2a: ZZZ|2/100
|move|p2a: ZZZ|Crunch|p1a: Gengar
|-supereffective|p1a: Gengar
|-damage|p1a: Gengar|0 fnt
|-start|p2a: ZZZ|Disable|Crunch|[from] ability: Cursed Body|[of] p1a: Gengar
|faint|p1a: Gengar
|
|-heal|p2a: ZZZ|8/100|[from] item: Leftovers
|
|switch|p1a: Meowscarada|Meowscarada, M|84/100
|turn|17
|
|move|p1a: Meowscarada|Knock Off|p2a: ZZZ
|-start|p1a: Meowscarada|typechange|Dark|[from] ability: Protean
|-crit|p2a: ZZZ
|-damage|p2a: ZZZ|0 fnt
|-enditem|p2a: ZZZ|Leftovers|[from] move: Knock Off|[of] p1a: Meowscarada
|faint|p2a: ZZZ
|
|
|switch|p2a: Fort Nado|Forretress, F|100/100
|turn|18
|-message|poshojej forfeited.
|
|win|ZaneCrescentB
