|poke|p1|Slowking, F|
|poke|p1|Heatran, F|
|poke|p1|Urshifu-*, M|
|poke|p1|Corviknight, F|
|poke|p1|Iron Valiant|
|poke|p1|Ting-Lu|
|poke|p2|Iron Valiant|
|poke|p2|Breloom, F|
|poke|p2|Baxcalibur, F|
|poke|p2|Kingambit, M|
|poke|p2|Masquerain, M|
|poke|p2|Gholdengo|
|teampreview
|
|start
|switch|p1a: Urshifu|Urshifu-Rapid-Strike, M|100/100
|switch|p2a: Masquerain|Masquerain, M|100/100
|-ability|p2a: Masquerain|Intimidate|boost
|-unboost|p1a: Urshifu|atk|1
|turn|1
|
|move|p1a: Urshifu|Surging Strikes|p2a: Masquerain
|-crit|p2a: Masquerain
|-damage|p2a: Masquerain|62/100
|-crit|p2a: Masquerain
|-damage|p2a: Masquerain|25/100
|-crit|p2a: Masquerain
|-damage|p2a: Masquerain|0 fnt
|faint|p2a: Masquerain
|-hitcount|p2: Masquerain|3
|
|
|switch|p2a: Baxcalibur|Baxcalibur, F|100/100
|turn|2
|
|move|p1a: Urshifu|Close Combat|p2a: Baxcalibur
|-supereffective|p2a: Baxcalibur
|-damage|p2a: Baxcalibur|21/100
|-unboost|p1a: Urshifu|def|1
|-unboost|p1a: Urshifu|spd|1
|move|p2a: Baxcalibur|Dragon Dance|p2a: Baxcalibur
|-boost|p2a: Baxcalibur|atk|1
|-boost|p2a: Baxcalibur|spe|1
|
|turn|3
|
|switch|p1a: Corviknight|Corviknight, F|100/100
|-ability|p1a: Corviknight|Pressure
|move|p2a: Baxcalibur|Earthquake|p1a: Corviknight
|-immune|p1a: Corviknight
|
|turn|4
|
|move|p2a: Baxcalibur|Icicle Crash|p1a: Corviknight
|-damage|p1a: Corviknight|57/100
|move|p1a: Corviknight|Brave Bird|p2a: Baxcalibur
|-damage|p2a: Baxcalibur|0 fnt
|faint|p2a: Baxcalibur
|-damage|p1a: Corviknight|51/100|[from] Recoil
|
|
|switch|p2a: Iron Valiant|Iron Valiant|100/100
|-enditem|p2a: Iron Valiant|Booster Energy
|-activate|p2a: Iron Valiant|ability: Quark Drive|[fromitem]
|-start|p2a: Iron Valiant|quarkdrivespe
|turn|5
|
|switch|p1a: Slowking|Slowking, F|100/100
|move|p2a: Iron Valiant|Calm Mind|p2a: Iron Valiant
|-boost|p2a: Iron Valiant|spa|1
|-boost|p2a: Iron Valiant|spd|1
|
|turn|6
|
|move|p2a: Iron Valiant|Thunderbolt|p1a: Slowking
|-supereffective|p1a: Slowking
|-damage|p1a: Slowking|46/100
|move|p1a: Slowking|Future Sight|p2a: Iron Valiant
|-start|p1a: Slowking|move: Future Sight
|
|turn|7
|
|switch|p1a: Ting-Lu|Ting-Lu|100/100
|-ability|p1a: Ting-Lu|Vessel of Ruin
|move|p2a: Iron Valiant|Thunderbolt|p1a: Ting-Lu
|-immune|p1a: Ting-Lu
|
|turn|8
|
|-end|p2a: Iron Valiant|Quark Drive|[silent]
|switch|p2a: Kingambit|Kingambit, M|100/100
|-activate|p2a: Kingambit|ability: Supreme Overlord
|-start|p2a: Kingambit|fallen2|[silent]
|move|p1a: Ting-Lu|Earthquake|p2a: Kingambit
|-supereffective|p2a: Kingambit
|-damage|p2a: Kingambit|43/100
|
|-end|p2a: Kingambit|move: Future Sight
|-immune|p2a: Kingambit
|turn|9
|
|-end|p2a: Kingambit|fallen2|[silent]
|switch|p2a: Breloom|Breloom, F|100/100
|move|p1a: Ting-Lu|Earthquake|p2a: Breloom
|-resisted|p2a: Breloom
|-damage|p2a: Breloom|73/100
|
|turn|10
|
|-terastallize|p2a: Breloom|Grass
|move|p2a: Breloom|Bullet Seed|p1a: Ting-Lu
|-supereffective|p1a: Ting-Lu
|-damage|p1a: Ting-Lu|70/100
|-supereffective|p1a: Ting-Lu
|-damage|p1a: Ting-Lu|37/100
|-supereffective|p1a: Ting-Lu
|-damage|p1a: Ting-Lu|4/100
|-supereffective|p1a: Ting-Lu
|-damage|p1a: Ting-Lu|0 fnt
|faint|p1a: Ting-Lu
|-hitcount|p1: Ting-Lu|4
|
|
|switch|p1a: Iron Valiant|Iron Valiant|100/100
|turn|11
|
|switch|p2a: Gholdengo|Gholdengo|100/100
|move|p1a: Iron Valiant|Moonblast|p2a: Gholdengo
|-resisted|p2a: Gholdengo
|-damage|p2a: Gholdengo|73/100
|
|turn|12
|
|-end|p1a: Iron Valiant|Quark Drive|[silent]
|switch|p1a: Heatran|Heatran, F|100/100
|switch|p2a: Breloom|Breloom, F, tera:Grass|73/100
|
|turn|13
|
|switch|p1a: Corviknight|Corviknight, F|51/100
|-ability|p1a: Corviknight|Pressure
|move|p2a: Breloom|Spore|p1a: Corviknight
|-status|p1a: Corviknight|slp|[from] move: Spore
|
|turn|14
|
|move|p2a: Breloom|Close Combat|p1a: Corviknight
|-crit|p1a: Corviknight
|-damage|p1a: Corviknight|0 fnt
|-unboost|p2a: Breloom|def|1
|-unboost|p2a: Breloom|spd|1
|-damage|p2a: Breloom|56/100|[from] item: Rocky Helmet|[of] p1a: Corviknight
|faint|p1a: Corviknight
|
|
|switch|p1a: Urshifu|Urshifu-Rapid-Strike, M|100/100
|turn|15
|
|switch|p2a: Gholdengo|Gholdengo|73/100
|move|p1a: Urshifu|Surging Strikes|p2a: Gholdengo
|-crit|p2a: Gholdengo
|-damage|p2a: Gholdengo|49/100
|-crit|p2a: Gholdengo
|-damage|p2a: Gholdengo|23/100
|-crit|p2a: Gholdengo
|-damage|p2a: Gholdengo|0 fnt
|faint|p2a: Gholdengo
|-hitcount|p2: Gholdengo|3
|
|
|switch|p2a: Iron Valiant|Iron Valiant|100/100
|turn|16
|
|switch|p1a: Heatran|Heatran, F|100/100
|move|p2a: Iron Valiant|Calm Mind|p2a: Iron Valiant
|-boost|p2a: Iron Valiant|spa|1
|-boost|p2a: Iron Valiant|spd|1
|
|turn|17
|
|move|p2a: Iron Valiant|Aura Sphere|p1a: Heatran
|-supereffective|p1a: Heatran
|-damage|p1a: Heatran|17/100
|move|p1a: Heatran|Magma Storm|p2a: Iron Valiant
|-damage|p2a: Iron Valiant|45/100
|-activate|p2a: Iron Valiant|move: Magma Storm|[of] p1a: Heatran
|
|-heal|p1a: Heatran|24/100|[from] item: Leftovers
|-damage|p2a: Iron Valiant|33/100|[from] move: Magma Storm|[partiallytrapped]
|turn|18
|
|move|p2a: Iron Valiant|Thunderbolt|p1a: Heatran
|-damage|p1a: Heatran|0 fnt
|faint|p1a: Heatran
|
|-end|p2a: Iron Valiant|Magma Storm|[partiallytrapped]|[silent]
|
|switch|p1a: Slowking|Slowking, F|79/100
|turn|19
|
|move|p2a: Iron Valiant|Thunderbolt|p1a: Slowking
|-supereffective|p1a: Slowking
|-crit|p1a: Slowking
|-damage|p1a: Slowking|1/100
|move|p1a: Slowking|Surf|p2a: Iron Valiant
|-damage|p2a: Iron Valiant|0 fnt
|faint|p2a: Iron Valiant
|-end|p2a: Iron Valiant|Quark Drive|[silent]
|
|
|switch|p2a: Kingambit|Kingambit, M|43/100
|-activate|p2a: Kingambit|ability: Supreme Overlord
|-start|p2a: Kingambit|fallen4|[silent]
|turn|20
|
|move|p2a: Kingambit|Swords Dance|p2a: Kingambit
|-boost|p2a: Kingambit|atk|2
|move|p1a: Slowking|Thunder Wave|p2a: Kingambit
|-status|p2a: Kingambit|par
|
|turn|21
|
|move|p2a: Kingambit|Swords Dance|p2a: Kingambit
|-boost|p2a: Kingambit|atk|2
|move|p1a: Slowking|Future Sight|p2a: Kingambit
|-start|p1a: Slowking|move: Future Sight
|
|turn|22
|
|move|p2a: Kingambit|Sucker Punch|p1a: Slowking
|-supereffective|p1a: Slowking
|-damage|p1a: Slowking|0 fnt
|faint|p1a: Slowking
|
|
|switch|p1a: Iron Valiant|Iron Valiant|100/100
|turn|23
|
|move|p2a: Kingambit|Sucker Punch|p1a: Iron Valiant
|-resisted|p1a: Iron Valiant
|-damage|p1a: Iron Valiant|34/100
|move|p1a: Iron Valiant|Moonblast|p2a: Kingambit
|-damage|p2a: Kingambit|0 fnt
|faint|p2a: Kingambit
|-end|p2a: Kingambit|fallen4|[silent]
|
|-hint|Future Sight did not hit because the target is fainted.
|
|switch|p2a: Breloom|Breloom, F, tera:Grass|56/100
|turn|24
|
|move|p1a: Iron Valiant|Moonblast|p2a: Breloom
|-damage|p2a: Breloom|0 fnt
|faint|p2a: Breloom
|
|win|p1
|player|p2|p2|265
