# advantage = p2
|poke|p1|Chien-Pao|
|poke|p1|Sneasler, F|
|poke|p1|Landorus-Therian, M|
|poke|p1|Samurott-Hisui, F|
|poke|p1|Gholdengo|
|poke|p1|Iron Moth|
|poke|p2|Iron Treads|
|poke|p2|Dragapult, M|
|poke|p2|Sneasler, M|
|poke|p2|Volcarona, M|
|poke|p2|Chien-Pao|
|poke|p2|Zamazenta-*|
|teampreview
|
|start
|switch|p1a: Landorus|Landorus-Therian, M|100/100
|switch|p2a: Iron Treads|Iron Treads|100/100
|-ability|p1a: Landorus|Intimidate|boost
|-unboost|p2a: Iron Treads|atk|1
|-enditem|p2a: Iron Treads|Booster Energy
|-activate|p2a: Iron Treads|ability: Quark Drive|[fromitem]
|-start|p2a: Iron Treads|quarkdrivespe
|turn|1
|
|move|p2a: Iron Treads|Stealth Rock|p1a: Landorus
|-sidestart|p1: p1|move: Stealth Rock
|move|p1a: Landorus|Earthquake|p2a: Iron Treads
|-supereffective|p2a: Iron Treads
|-damage|p2a: Iron Treads|8/100
|
|turn|2
|
|move|p2a: Iron Treads|Knock Off|p1a: Landorus
|-damage|p1a: Landorus|81/100
|-enditem|p1a: Landorus|Leftovers|[from] move: Knock Off|[of] p2a: Iron Treads
|move|p1a: Landorus|Earthquake|p2a: Iron Treads
|-supereffective|p2a: Iron Treads
|-damage|p2a: Iron Treads|0 fnt
|faint|p2a: Iron Treads
|-end|p2a: Iron Treads|Quark Drive|[silent]
|
|
|switch|p2a: Chien-Pao|Chien-Pao|100/100
|-ability|p2a: Chien-Pao|Sword of Ruin
|turn|3
|
|-terastallize|p1a: Landorus|Water
|move|p2a: Chien-Pao|Icicle Crash|p1a: Landorus
|-resisted|p1a: Landorus
|-damage|p1a: Landorus|52/100
|move|p1a: Landorus|Earthquake|p2a: Chien-Pao
|-damage|p2a: Chien-Pao|29/100
|
|turn|4
|
|move|p2a: Chien-Pao|Crunch|p1a: Landorus
|-damage|p1a: Landorus|0 fnt
|faint|p1a: Landorus
|
|
|switch|p1a: Sneasler|Sneasler, F|100/100
|-damage|p1a: Sneasler|95/100|[from] Stealth Rock
|turn|5
|
|move|p1a: Sneasler|Dire Claw|p2a: Chien-Pao
|-crit|p2a: Chien-Pao
|-damage|p2a: Chien-Pao|0 fnt
|faint|p2a: Chien-Pao
|
|
|switch|p2a: Dragapult|Dragapult, M|100/100
|turn|6
|
|move|p1a: Sneasler|Dire Claw|p2a: Dragapult
|-resisted|p2a: Dragapult
|-damage|p2a: Dragapult|78/100
|move|p2a: Dragapult|Reflect|p2a: Dragapult
|-sidestart|p2: p2|Reflect
|
|turn|7
|
|switch|p1a: Gholdengo|Gholdengo|100/100
|-damage|p1a: Gholdengo|94/100|[from] Stealth Rock
|-item|p1a: Gholdengo|Air Balloon
|move|p2a: Dragapult|Light Screen|p2a: Dragapult
|-sidestart|p2: p2|move: Light Screen
|
|turn|8
|
|switch|p2a: Volcarona|Volcarona, M|100/100
|move|p1a: Gholdengo|Thunder Wave|p2a: Volcarona
|-status|p2a: Volcarona|par
|
|turn|9
|
|switch|p1a: Samurott|Samurott-Hisui, F|100/100
|move|p2a: Volcarona|Fiery Dance|p1a: Samurott
|-resisted|p1a: Samurott
|-damage|p1a: Samurott|64/100
|-boost|p2a: Volcarona|spa|1
|
|turn|10
|
|move|p1a: Samurott|Taunt|p2a: Volcarona
|-start|p2a: Volcarona|move: Taunt
|cant|p2a: Volcarona|par
|
|turn|11
|
|move|p1a: Samurott|Knock Off|p2a: Volcarona
|-damage|p2a: Volcarona|69/100 par
|-enditem|p2a: Volcarona|Heavy-Duty Boots|[from] move: Knock Off|[of] p1a: Samurott
|cant|p2a: Volcarona|par
|
|turn|12
|
|move|p1a: Samurott|Ceaseless Edge|p2a: Volcarona
|-damage|p2a: Volcarona|35/100 par
|-sidestart|p2: p2|Spikes
|-status|p1a: Samurott|brn|[from] ability: Flame Body|[of] p2a: Volcarona
|move|p2a: Volcarona|Bug Buzz|p1a: Samurott
|-supereffective|p1a: Samurott
|-damage|p1a: Samurott|0 fnt
|faint|p1a: Samurott
|
|-end|p2a: Volcarona|move: Taunt
|
|switch|p1a: Iron Moth|Iron Moth|100/100
|turn|13
|
|move|p1a: Iron Moth|Fiery Dance|p2a: Volcarona
|-damage|p2a: Volcarona|11/100 par
|move|p2a: Volcarona|Fiery Dance|p1a: Iron Moth
|-resisted|p1a: Iron Moth
|-damage|p1a: Iron Moth|64/100
|
|-sideend|p2: p2|Reflect
|turn|14
|
|move|p1a: Iron Moth|Fiery Dance|p2a: Volcarona
|-damage|p2a: Volcarona|0 fnt
|-boost|p1a: Iron Moth|spa|1
|faint|p2a: Volcarona
|
|-sideend|p2: p2|move: Light Screen
|
|switch|p2a: Dragapult|Dragapult, M|78/100
|-damage|p2a: Dragapult|65/100|[from] Spikes
|turn|15
|
|move|p2a: Dragapult|Light Screen|p2a: Dragapult
|-sidestart|p2: p2|move: Light Screen
|move|p1a: Iron Moth|Dazzling Gleam|p2a: Dragapult
|-supereffective|p2a: Dragapult
|-damage|p2a: Dragapult|14/100
|
|turn|16
|
|move|p2a: Dragapult|Curse|p1a: Iron Moth
|-start|p1a: Iron Moth|Curse|[of] p2a: Dragapult
|-damage|p2a: Dragapult|0 fnt
|faint|p2a: Dragapult
|move|p1a: Iron Moth|Fiery Dance|p2: Dragapult|[notarget]
|-fail|p1a: Iron Moth
|
|-damage|p1a: Iron Moth|39/100|[from] Curse
|
|switch|p2a: Sneasler|Sneasler, M|100/100
|-damage|p2a: Sneasler|88/100|[from] Spikes
|turn|17
|
|move|p1a: Iron Moth|Fiery Dance|p2a: Sneasler
|-damage|p2a: Sneasler|46/100
|-boost|p1a: Iron Moth|spa|1
|move|p2a: Sneasler|Close Combat|p1a: Iron Moth
|-resisted|p1a: Iron Moth
|-damage|p1a: Iron Moth|0 fnt
|-unboost|p2a: Sneasler|def|1
|-unboost|p2a: Sneasler|spd|1
|-enditem|p2a: Sneasler|White Herb
|-clearnegativeboost|p2a: Sneasler|[silent]
|faint|p1a: Iron Moth
|-end|p1a: Iron Moth|Quark Drive|[silent]
|
|
|switch|p1a: Sneasler|Sneasler, F|95/100
|-damage|p1a: Sneasler|89/100|[from] Stealth Rock
|turn|18
|
|move|p2a: Sneasler|Acrobatics|p1a: Sneasler
|-supereffective|p1a: Sneasler
|-damage|p1a: Sneasler|0 fnt
|faint|p1a: Sneasler
|
|
|switch|p1a: Gholdengo|Gholdengo|94/100
|-damage|p1a: Gholdengo|88/100|[from] Stealth Rock
|-item|p1a: Gholdengo|Air Balloon
|turn|19
|
|move|p2a: Sneasler|Acrobatics|p1a: Gholdengo
|-resisted|p1a: Gholdengo
|-damage|p1a: Gholdengo|73/100
|-enditem|p1a: Gholdengo|Air Balloon
|move|p1a: Gholdengo|Thunder Wave|p2a: Sneasler
|-status|p2a: Sneasler|par
|
|turn|20
|
|switch|p2a: Zamazenta|Zamazenta|100/100
|-damage|p2a: Zamazenta|88/100|[from] Spikes
|-ability|p2a: Zamazenta|Dauntless Shield|boost
|-boost|p2a: Zamazenta|def|1
|move|p1a: Gholdengo|Recover|p1a: Gholdengo
|-heal|p1a: Gholdengo|100/100
|
|-heal|p2a: Zamazenta|94/100|[from] item: Leftovers
|turn|21
|
|move|p2a: Zamazenta|Substitute|p2a: Zamazenta
|-start|p2a: Zamazenta|Substitute
|-damage|p2a: Zamazenta|69/100
|move|p1a: Gholdengo|Hex|p2a: Zamazenta
|-activate|p2a: Zamazenta|move: Substitute|[damage]
|
|-heal|p2a: Zamazenta|76/100|[from] item: Leftovers
|turn|22
|
|move|p2a: Zamazenta|Crunch|p1a: Gholdengo
|-supereffective|p1a: Gholdengo
|-damage|p1a: Gholdengo|68/100
|move|p1a: Gholdengo|Hex|p2a: Zamazenta
|-activate|p2a: Zamazenta|move: Substitute|[damage]
|
|-heal|p2a: Zamazenta|82/100|[from] item: Leftovers
|-sideend|p2: p2|move: Light Screen
|turn|23
|
|move|p2a: Zamazenta|Crunch|p1a: Gholdengo
|-supereffective|p1a: Gholdengo
|-damage|p1a: Gholdengo|39/100
|move|p1a: Gholdengo|Recover|p1a: Gholdengo
|-heal|p1a: Gholdengo|89/100
|
|-heal|p2a: Zamazenta|88/100|[from] item: Leftovers
|turn|24
|
|move|p2a: Zamazenta|Crunch|p1a: Gholdengo
|-supereffective|p1a: Gholdengo
|-damage|p1a: Gholdengo|57/100
|move|p1a: Gholdengo|Hex|p2a: Zamazenta
|-end|p2a: Zamazenta|Substitute
|
|-heal|p2a: Zamazenta|94/100|[from] item: Leftovers
|turn|25
|
|move|p2a: Zamazenta|Crunch|p1a: Gholdengo
|-supereffective|p1a: Gholdengo
|-damage|p1a: Gholdengo|25/100
|move|p1a: Gholdengo|Make It Rain|p2a: Zamazenta
|-damage|p2a: Zamazenta|52/100
|-unboost|p1a: Gholdengo|spa|1
|
|-heal|p2a: Zamazenta|58/100|[from] item: Leftovers
|turn|26
|
|move|p2a: Zamazenta|Crunch|p1a: Gholdengo
|-supereffective|p1a: Gholdengo
|-damage|p1a: Gholdengo|0 fnt
|faint|p1a: Gholdengo
|
|-heal|p2a: Zamazenta|65/100|[from] item: Leftovers
|
|switch|p1a: Chien-Pao|Chien-Pao|100/100
|-ability|p1a: Chien-Pao|Sword of Ruin
|turn|27
|
|move|p2a: Zamazenta|Body Press|p1a: Chien-Pao
|-supereffective|p1a: Chien-Pao
|-damage|p1a: Chien-Pao|0 fnt
|faint|p1a: Chien-Pao
|
|win|p2
