# advantage = p2
|poke|p1|Samurott-Hisui, M|
|poke|p1|Gholdengo|
|poke|p1|Landorus-Therian, M|
|poke|p1|Corviknight, M|
|poke|p1|Hoopa-Unbound|
|poke|p1|Breloom, M|
|poke|p2|Mismagius, F|
|poke|p2|Zoroark-Hisui, M|
|poke|p2|Espeon, F|
|poke|p2|Typhlosion-Hisui, M|
|poke|p2|Goodra-Hisui, M|
|poke|p2|Sneasler, F|
|teampreview
|
|start
|switch|p1a: Samurott|Samurott-Hisui, M, shiny|100/100
|switch|p2a: Charos|Mismagius, F|100/100
|turn|1
|
|move|p2a: Charos|Thunder Wave|p1a: Samurott
|-status|p1a: Samurott|par
|cant|p1a: Samurott|par
|
|turn|2
|
|move|p2a: Charos|Draining Kiss|p1a: Samurott
|-supereffective|p1a: Samurott
|-damage|p1a: Samurott|71/100 par
|move|p1a: Samurott|Ceaseless Edge|p2a: Charos
|-supereffective|p2a: Charos
|-damage|p2a: Charos|0 fnt
|-sidestart|p2: p2|Spikes
|faint|p2a: Charos
|
|
|switch|p2a: Senic|Sneasler, F|100/100
|-damage|p2a: Senic|88/100|[from] Spikes
|turn|3
|
|switch|p1a: Gholdengo|Gholdengo|100/100
|move|p2a: Senic|Low Kick|p1a: Gholdengo
|-immune|p1a: Gholdengo
|
|turn|4
|
|move|p2a: Senic|Knock Off|p1a: Gholdengo
|-supereffective|p1a: Gholdengo
|-damage|p1a: Gholdengo|42/100
|-enditem|p1a: Gholdengo|Covert Cloak|[from] move: Knock Off|[of] p2a: Senic
|move|p1a: Gholdengo|Nasty Plot|p1a: Gholdengo
|-boost|p1a: Gholdengo|spa|2
|
|turn|5
|
|move|p2a: Senic|Knock Off|p1a: Gholdengo
|-supereffective|p1a: Gholdengo
|-damage|p1a: Gholdengo|1/100
|move|p1a: Gholdengo|Recover|p1a: Gholdengo
|-heal|p1a: Gholdengo|51/100
|
|turn|6
|
|move|p2a: Senic|Knock Off|p1a: Gholdengo
|-supereffective|p1a: Gholdengo
|-damage|p1a: Gholdengo|10/100
|move|p1a: Gholdengo|Recover|p1a: Gholdengo
|-heal|p1a: Gholdengo|60/100
|
|turn|7
|
|move|p2a: Senic|Swords Dance|p2a: Senic
|-boost|p2a: Senic|atk|2
|move|p1a: Gholdengo|Shadow Ball|p2a: Senic
|-immune|p2a: Senic
|
|turn|8
|
|move|p2a: Senic|Knock Off|p1a: Gholdengo
|-supereffective|p1a: Gholdengo
|-damage|p1a: Gholdengo|0 fnt
|faint|p1a: Gholdengo
|
|
|switch|p1a: Corviknight|Corviknight, M, shiny|100/100
|-ability|p1a: Corviknight|Pressure
|turn|9
|
|move|p2a: Senic|Knock Off|p1a: Corviknight
|-damage|p1a: Corviknight|67/100
|-damage|p2a: Senic|72/100|[from] item: Rocky Helmet|[of] p1a: Corviknight
|-enditem|p1a: Corviknight|Rocky Helmet|[from] move: Knock Off|[of] p2a: Senic
|move|p1a: Corviknight|U-turn|p2a: Senic
|-resisted|p2a: Senic
|-damage|p2a: Senic|57/100
|replace|p2a: Rayleigh|Zoroark-Hisui, M, shiny
|-end|p2a: Rayleigh|Illusion
|
|switch|p1a: Breloom|Breloom, M|100/100|[from] U-turn
|
|turn|10
|
|move|p2a: Rayleigh|Knock Off|p1a: Breloom
|-resisted|p1a: Breloom
|-damage|p1a: Breloom|58/100
|-enditem|p1a: Breloom|Choice Band|[from] move: Knock Off|[of] p2a: Rayleigh
|move|p1a: Breloom|Bullet Seed|p2a: Rayleigh
|-damage|p2a: Rayleigh|30/100
|-damage|p2a: Rayleigh|4/100
|-damage|p2a: Rayleigh|0 fnt
|faint|p2a: Rayleigh
|-hitcount|p2: Rayleigh|3
|
|
|switch|p2a: Lambda|Goodra-Hisui, M|100/100
|-damage|p2a: Lambda|88/100|[from] Spikes
|turn|11
|
|-terastallize|p1a: Breloom|Fighting
|move|p1a: Breloom|Close Combat|p2a: Lambda
|-supereffective|p2a: Lambda
|-damage|p2a: Lambda|0 fnt
|-unboost|p1a: Breloom|def|1
|-unboost|p1a: Breloom|spd|1
|-ability|p2a: Lambda|Gooey
|-unboost|p1a: Breloom|spe|1
|faint|p2a: Lambda
|
|
|switch|p2a: Oatmeal|Espeon, F|100/100
|-damage|p2a: Oatmeal|88/100|[from] Spikes
|turn|12
|
|switch|p1a: Samurott|Samurott-Hisui, M, shiny|71/100 par
|move|p2a: Oatmeal|Reflect|p2a: Oatmeal
|-sidestart|p2: p2|Reflect
|
|turn|13
|
|switch|p2a: Senic|Sneasler, F|100/100
|-damage|p2a: Senic|88/100|[from] Spikes
|cant|p1a: Samurott|par
|
|turn|14
|
|move|p2a: Senic|Close Combat|p1a: Samurott
|-supereffective|p1a: Samurott
|-damage|p1a: Samurott|0 fnt
|-unboost|p2a: Senic|def|1
|-unboost|p2a: Senic|spd|1
|-enditem|p2a: Senic|White Herb
|-clearnegativeboost|p2a: Senic|[silent]
|faint|p1a: Samurott
|
|
|switch|p1a: Landorus|Landorus-Therian, M|100/100
|-ability|p1a: Landorus|Intimidate|boost
|-unboost|p2a: Senic|atk|1
|turn|15
|
|move|p2a: Senic|Dire Claw|p1a: Landorus
|-resisted|p1a: Landorus
|-damage|p1a: Landorus|87/100
|-status|p1a: Landorus|psn
|move|p1a: Landorus|Stealth Rock|p2a: Senic
|-sidestart|p2: p2|move: Stealth Rock
|
|-heal|p1a: Landorus|93/100 psn|[from] item: Leftovers
|-damage|p1a: Landorus|81/100 psn|[from] psn
|turn|16
|
|-terastallize|p2a: Senic|Dragon
|move|p2a: Senic|Bulk Up|p2a: Senic
|-boost|p2a: Senic|atk|1
|-boost|p2a: Senic|def|1
|move|p1a: Landorus|U-turn|p2a: Senic
|-damage|p2a: Senic|76/100
|
|switch|p1a: Hoopa|Hoopa-Unbound|100/100|[from] U-turn
|
|turn|17
|
|move|p2a: Senic|Dire Claw|p1a: Hoopa
|-damage|p1a: Hoopa|35/100
|move|p1a: Hoopa|Trick|p2a: Senic
|-activate|p1a: Hoopa|move: Trick|[of] p2a: Senic
|-item|p2a: Senic|Choice Scarf|[from] move: Trick
|-enditem|p1a: Hoopa|Choice Scarf|[silent]|[from] move: Trick
|
|turn|18
|
|switch|p1a: Corviknight|Corviknight, M, shiny|67/100
|-ability|p1a: Corviknight|Pressure
|move|p2a: Senic|Dire Claw|p1a: Corviknight
|-immune|p1a: Corviknight
|
|turn|19
|
|switch|p2a: Oatmeal|Espeon, F|88/100
|-damage|p2a: Oatmeal|76/100|[from] Spikes
|-damage|p2a: Oatmeal|64/100|[from] Stealth Rock
|move|p1a: Corviknight|Roost|p1a: Corviknight
|-heal|p1a: Corviknight|100/100
|-singleturn|p1a: Corviknight|move: Roost
|
|-sideend|p2: p2|Reflect
|turn|20
|
|move|p2a: Oatmeal|Reflect|p2a: Oatmeal
|-sidestart|p2: p2|Reflect
|move|p1a: Corviknight|U-turn|p2a: Oatmeal
|-supereffective|p2a: Oatmeal
|-damage|p2a: Oatmeal|41/100
|
|switch|p1a: Hoopa|Hoopa-Unbound|35/100|[from] U-turn
|
|turn|21
|
|switch|p2a: Senic|Sneasler, F, tera:Dragon|76/100
|-damage|p2a: Senic|64/100|[from] Spikes
|-damage|p2a: Senic|51/100|[from] Stealth Rock
|move|p1a: Hoopa|Zen Headbutt|p2a: Senic
|-damage|p2a: Senic|11/100
|-item|p1a: Hoopa|Choice Scarf|[from] ability: Magician|[of] p2a: Senic
|
|turn|22
|
|move|p2a: Senic|Dire Claw|p1a: Hoopa
|-damage|p1a: Hoopa|0 fnt
|faint|p1a: Hoopa
|
|
|switch|p1a: Breloom|Breloom, M, tera:Fighting|58/100
|turn|23
|
|move|p1a: Breloom|Mach Punch|p2a: Senic
|-damage|p2a: Senic|0 fnt
|faint|p2a: Senic
|
|
|switch|p2a: Pepper|Typhlosion-Hisui, M|100/100
|-damage|p2a: Pepper|88/100|[from] Spikes
|-damage|p2a: Pepper|64/100|[from] Stealth Rock
|turn|24
|
|switch|p1a: Landorus|Landorus-Therian, M|81/100 psn
|-ability|p1a: Landorus|Intimidate|boost
|-unboost|p2a: Pepper|atk|1
|move|p2a: Pepper|Flamethrower|p1a: Landorus
|-damage|p1a: Landorus|51/100 psn
|
|-heal|p2a: Pepper|69/100|[from] item: Leftovers
|-heal|p1a: Landorus|57/100 psn|[from] item: Leftovers
|-damage|p1a: Landorus|44/100 psn|[from] psn
|turn|25
|
|move|p2a: Pepper|Infernal Parade|p1a: Landorus
|-damage|p1a: Landorus|1/100 psn
|move|p1a: Landorus|Earthquake|p2a: Pepper
|-supereffective|p2a: Pepper
|-damage|p2a: Pepper|6/100
|
|-heal|p2a: Pepper|12/100|[from] item: Leftovers
|-heal|p1a: Landorus|7/100 psn|[from] item: Leftovers
|-damage|p1a: Landorus|0 fnt|[from] psn
|faint|p1a: Landorus
|
|switch|p1a: Corviknight|Corviknight, M, shiny|100/100
|-ability|p1a: Corviknight|Pressure
|turn|26
|
|move|p2a: Pepper|Flamethrower|p1a: Corviknight
|-supereffective|p1a: Corviknight
|-damage|p1a: Corviknight|0 fnt
|faint|p1a: Corviknight
|
|-heal|p2a: Pepper|18/100|[from] item: Leftovers
|
|switch|p1a: Breloom|Breloom, M, tera:Fighting|58/100
|turn|27
|
|move|p2a: Pepper|Flamethrower|p1a: Breloom
|-damage|p1a: Breloom|0 fnt
|faint|p1a: Breloom
|
|win|p2
