|poke|p1|Electrode-Hisui|
|poke|p1|Enamorus-Therian, F|
|poke|p1|Arcanine-Hisui, M|
|poke|p1|Sneasler, M|
|poke|p1|Basculegion, M|
|poke|p1|Zamazenta-*|
|poke|p2|Magearna|
|poke|p2|Clodsire, M|
|poke|p2|Dragapult, M|
|poke|p2|Chien-Pao|
|poke|p2|Great Tusk|
|poke|p2|Volcanion|
|teampreview
|
|start
|switch|p1a: Zamazenta|Zamazenta|100/100
|switch|p2a: Dragapult|Dragapult, M|100/100
|-ability|p1a: Zamazenta|Dauntless Shield|boost
|-boost|p1a: Zamazenta|def|1
|turn|1
|
|move|p2a: Dragapult|Reflect|p2a: Dragapult
|-sidestart|p2: p2|Reflect
|move|p1a: Zamazenta|Reflect|p1a: Zamazenta
|-sidestart|p1: p1|Reflect
|
|turn|2
|
|move|p2a: Dragapult|Light Screen|p2a: Dragapult
|-sidestart|p2: p2|move: Light Screen
|move|p1a: Zamazenta|Light Screen|p1a: Zamazenta
|-sidestart|p1: p1|move: Light Screen
|
|turn|3
|
|switch|p1a: Sneasler|Sneasler, M|100/100
|move|p2a: Dragapult|Will-O-Wisp|p1a: Sneasler
|-status|p1a: Sneasler|brn
|
|-damage|p1a: Sneasler|95/100 brn|[from] brn
|turn|4
|
|switch|p2a: Great Tusk|Great Tusk|100/100
|move|p1a: Sneasler|Toxic Spikes|p2a: Great Tusk
|-sidestart|p2: p2|move: Toxic Spikes
|
|-damage|p1a: Sneasler|89/100 brn|[from] brn
|turn|5
|
|move|p1a: Sneasler|Dire Claw|p2a: Great Tusk
|-resisted|p2a: Great Tusk
|-damage|p2a: Great Tusk|97/100
|move|p2a: Great Tusk|Knock Off|p1a: Sneasler
|-resisted|p1a: Sneasler
|-damage|p1a: Sneasler|72/100 brn
|-enditem|p1a: Sneasler|Focus Sash|[from] move: Knock Off|[of] p2a: Great Tusk
|
|-damage|p1a: Sneasler|66/100 brn|[from] brn
|turn|6
|
|move|p1a: Sneasler|Dire Claw|p2a: Great Tusk
|-resisted|p2a: Great Tusk
|-damage|p2a: Great Tusk|94/100
|-status|p2a: Great Tusk|par
|cant|p2a: Great Tusk|par
|
|-damage|p1a: Sneasler|60/100 brn|[from] brn
|turn|7
|
|switch|p1a: Basculegion|Basculegion, M|100/100
|move|p2a: Great Tusk|Rapid Spin|p1a: Basculegion
|-immune|p1a: Basculegion
|
|turn|8
|
|switch|p1a: Electrode|Electrode-Hisui|100/100
|cant|p2a: Great Tusk|par
|
|-sideend|p2: p2|Reflect
|-sideend|p1: p1|Reflect
|turn|9
|
|switch|p1a: Basculegion|Basculegion, M|100/100
|move|p2a: Great Tusk|Knock Off|p1a: Basculegion
|-supereffective|p1a: Basculegion
|-damage|p1a: Basculegion|22/100
|-enditem|p1a: Basculegion|Metronome|[from] move: Knock Off|[of] p2a: Great Tusk
|
|-sideend|p1: p1|move: Light Screen
|-sideend|p2: p2|move: Light Screen
|turn|10
|
|move|p1a: Basculegion|Liquidation|p2a: Great Tusk
|-supereffective|p2a: Great Tusk
|-damage|p2a: Great Tusk|18/100 par
|move|p2a: Great Tusk|Knock Off|p1a: Basculegion
|-supereffective|p1a: Basculegion
|-damage|p1a: Basculegion|0 fnt
|faint|p1a: Basculegion
|
|
|switch|p1a: Zamazenta|Zamazenta|100/100
|turn|11
|
|move|p1a: Zamazenta|Body Press|p2a: Great Tusk
|-damage|p2a: Great Tusk|0 fnt
|faint|p2a: Great Tusk
|-end|p2a: Great Tusk|Protosynthesis|[silent]
|
|
|switch|p2a: Clodsire|Clodsire, M|100/100
|-sideend|p2: p2|move: Toxic Spikes|[of] p2a: Clodsire
|turn|12
|
|switch|p1a: Sneasler|Sneasler, M|60/100 brn
|switch|p2a: Dragapult|Dragapult, M|100/100
|
|-damage|p1a: Sneasler|54/100 brn|[from] brn
|turn|13
|
|move|p2a: Dragapult|Reflect|p2a: Dragapult
|-sidestart|p2: p2|Reflect
|move|p1a: Sneasler|Toxic Spikes|p2a: Dragapult
|-sidestart|p2: p2|move: Toxic Spikes
|
|-damage|p1a: Sneasler|48/100 brn|[from] brn
|turn|14
|
|move|p2a: Dragapult|Light Screen|p2a: Dragapult
|-sidestart|p2: p2|move: Light Screen
|move|p1a: Sneasler|Dire Claw|p2a: Dragapult
|-resisted|p2a: Dragapult
|-damage|p2a: Dragapult|95/100
|-status|p2a: Dragapult|slp
|
|-damage|p1a: Sneasler|42/100 brn|[from] brn
|turn|15
|
|switch|p2a: Clodsire|Clodsire, M|100/100
|-sideend|p2: p2|move: Toxic Spikes|[of] p2a: Clodsire
|move|p1a: Sneasler|U-turn|p2a: Clodsire
|-resisted|p2a: Clodsire
|-damage|p2a: Clodsire|97/100
|
|switch|p1a: Electrode|Electrode-Hisui|100/100|[from] U-turn
|
|-heal|p2a: Clodsire|100/100|[from] item: Leftovers
|turn|16
|
|switch|p1a: Sneasler|Sneasler, M|42/100 brn
|move|p2a: Clodsire|Stealth Rock|p1a: Sneasler
|-sidestart|p1: p1|move: Stealth Rock
|
|-damage|p1a: Sneasler|36/100 brn|[from] brn
|turn|17
|
|move|p1a: Sneasler|Dire Claw|p2a: Clodsire
|-resisted|p2a: Clodsire
|-damage|p2a: Clodsire|97/100
|-status|p2a: Clodsire|par
|move|p2a: Clodsire|Earthquake|p1a: Sneasler
|-supereffective|p1a: Sneasler
|-damage|p1a: Sneasler|0 fnt
|faint|p1a: Sneasler
|
|-heal|p2a: Clodsire|100/100 par|[from] item: Leftovers
|
|switch|p1a: Enamorus|Enamorus-Therian, F|100/100
|-damage|p1a: Enamorus|76/100|[from] Stealth Rock
|turn|18
|
|move|p1a: Enamorus|Calm Mind|p1a: Enamorus
|-boost|p1a: Enamorus|spa|1
|-boost|p1a: Enamorus|spd|1
|cant|p2a: Clodsire|par
|
|turn|19
|
|move|p1a: Enamorus|Calm Mind|p1a: Enamorus
|-boost|p1a: Enamorus|spa|1
|-boost|p1a: Enamorus|spd|1
|cant|p2a: Clodsire|par
|
|turn|20
|
|move|p1a: Enamorus|Iron Defense|p1a: Enamorus
|-boost|p1a: Enamorus|def|2
|move|p2a: Clodsire|Toxic|p1a: Enamorus
|-status|p1a: Enamorus|tox
|
|-damage|p1a: Enamorus|69/100 tox|[from] psn
|-sideend|p2: p2|Reflect
|turn|21
|
|move|p1a: Enamorus|Calm Mind|p1a: Enamorus
|-boost|p1a: Enamorus|spa|1
|-boost|p1a: Enamorus|spd|1
|move|p2a: Clodsire|Stealth Rock||[still]
|-fail|p2a: Clodsire
|
|-damage|p1a: Enamorus|57/100 tox|[from] psn
|-sideend|p2: p2|move: Light Screen
|turn|22
|
|-terastallize|p1a: Enamorus|Fairy
|move|p1a: Enamorus|Draining Kiss|p2a: Clodsire
|-resisted|p2a: Clodsire
|-damage|p2a: Clodsire|88/100 par
|-heal|p1a: Enamorus|72/100 tox|[from] drain|[of] p2a: Clodsire
|cant|p2a: Clodsire|par
|
|-heal|p2a: Clodsire|94/100 par|[from] item: Leftovers
|-damage|p1a: Enamorus|54/100 tox|[from] psn
|turn|23
|
|move|p1a: Enamorus|Draining Kiss|p2a: Clodsire
|-resisted|p2a: Clodsire
|-damage|p2a: Clodsire|79/100 par
|-heal|p1a: Enamorus|72/100 tox|[from] drain|[of] p2a: Clodsire
|move|p2a: Clodsire|Recover|p2a: Clodsire
|-heal|p2a: Clodsire|100/100 par
|
|-damage|p1a: Enamorus|47/100 tox|[from] psn
|turn|24
|
|move|p1a: Enamorus|Draining Kiss|p2a: Clodsire
|-resisted|p2a: Clodsire
|-damage|p2a: Clodsire|84/100 par
|-heal|p1a: Enamorus|68/100 tox|[from] drain|[of] p2a: Clodsire
|move|p2a: Clodsire|Toxic|p1a: Enamorus
|-fail|p1a: Enamorus|tox
|
|-heal|p2a: Clodsire|90/100 par|[from] item: Leftovers
|-damage|p1a: Enamorus|36/100 tox|[from] psn
|turn|25
|
|move|p1a: Enamorus|Draining Kiss|p2a: Clodsire
|-resisted|p2a: Clodsire
|-damage|p2a: Clodsire|71/100 par
|-heal|p1a: Enamorus|60/100 tox|[from] drain|[of] p2a: Clodsire
|cant|p2a: Clodsire|par
|
|-heal|p2a: Clodsire|77/100 par|[from] item: Leftovers
|-damage|p1a: Enamorus|23/100 tox|[from] psn
|turn|26
|
|move|p1a: Enamorus|Draining Kiss|p2a: Clodsire
|-resisted|p2a: Clodsire
|-crit|p2a: Clodsire
|-damage|p2a: Clodsire|44/100 par
|-heal|p1a: Enamorus|62/100 tox|[from] drain|[of] p2a: Clodsire
|move|p2a: Clodsire|Recover|p2a: Clodsire
|-heal|p2a: Clodsire|94/100 par
|
|-heal|p2a: Clodsire|99/100 par|[from] item: Leftovers
|-damage|p1a: Enamorus|19/100 tox|[from] psn
|turn|27
|
|move|p1a: Enamorus|Draining Kiss|p2a: Clodsire
|-resisted|p2a: Clodsire
|-damage|p2a: Clodsire|73/100 par
|-heal|p1a: Enamorus|52/100 tox|[from] drain|[of] p2a: Clodsire
|move|p2a: Clodsire|Recover|p2a: Clodsire
|-heal|p2a: Clodsire|100/100 par
|
|-damage|p1a: Enamorus|2/100 tox|[from] psn
|turn|28
|
|move|p1a: Enamorus|Draining Kiss|p2a: Clodsire
|-resisted|p2a: Clodsire
|-damage|p2a: Clodsire|73/100 par
|-heal|p1a: Enamorus|35/100 tox|[from] drain|[of] p2a: Clodsire
|move|p2a: Clodsire|Toxic|p1a: Enamorus
|-fail|p1a: Enamorus|tox
|
|-heal|p2a: Clodsire|80/100 par|[from] item: Leftovers
|-damage|p1a: Enamorus|0 fnt|[from] psn
|faint|p1a: Enamorus
|
|switch|p1a: Electrode|Electrode-Hisui|100/100
|-damage|p1a: Electrode|88/100|[from] Stealth Rock
|turn|29
|
|move|p1a: Electrode|Leaf Storm|p2a: Clodsire
|-damage|p2a: Clodsire|40/100 par
|-unboost|p1a: Electrode|spa|2
|-damage|p1a: Electrode|78/100|[from] item: Life Orb
|move|p2a: Clodsire|Earthquake|p1a: Electrode
|-damage|p1a: Electrode|30/100
|
|-heal|p2a: Clodsire|46/100 par|[from] item: Leftovers
|turn|30
|
|move|p1a: Electrode|Chloroblast|p2a: Clodsire
|-crit|p2a: Clodsire
|-damage|p2a: Clodsire|0 fnt
|-damage|p1a: Electrode|0 fnt|[from] chloroblast
|faint|p1a: Electrode
|faint|p2a: Clodsire
|
|
|switch|p1a: Arcanine|Arcanine-Hisui, M|100/100
|switch|p2a: Volcanion|Volcanion|100/100
|-damage|p1a: Arcanine|76/100|[from] Stealth Rock
|turn|31
|
|move|p1a: Arcanine|Head Smash|p2a: Volcanion
|-supereffective|p2a: Volcanion
|-damage|p2a: Volcanion|0 fnt
|faint|p2a: Volcanion
|
|
|switch|p2a: Chien-Pao|Chien-Pao|100/100
|-ability|p2a: Chien-Pao|Sword of Ruin
|turn|32
|
|move|p1a: Arcanine|Head Smash|p2a: Chien-Pao|[miss]
|-miss|p1a: Arcanine|p2a: Chien-Pao
|move|p2a: Chien-Pao|Sacred Sword|p1a: Arcanine
|-supereffective|p1a: Arcanine
|-damage|p1a: Arcanine|0 fnt
|faint|p1a: Arcanine
|
|-message|p1 forfeited.
|
|win|p2
