# advantage = p1
|poke|p1|Salazzle, F|
|poke|p1|Dragapult, M|
|poke|p1|Glimmora, M|
|poke|p1|Kingambit, F|
|poke|p1|Corviknight, M|
|poke|p1|Clodsire, F|
|poke|p2|Zapdos|
|poke|p2|Urshifu-*, F|
|poke|p2|Magearna|
|poke|p2|Great Tusk|
|poke|p2|Dragapult, M|
|poke|p2|Chien-Pao|
|teampreview
|
|start
|switch|p1a: Corviknight|Corviknight, M|100/100
|switch|p2a: Great Tusk|Great Tusk|100/100
|-ability|p1a: Corviknight|Pressure
|-enditem|p2a: Great Tusk|Booster Energy
|-activate|p2a: Great Tusk|ability: Protosynthesis|[fromitem]
|-start|p2a: Great Tusk|protosynthesisspe
|turn|1
|
|move|p2a: Great Tusk|Stealth Rock|p1a: Corviknight
|-sidestart|p1: p1|move: Stealth Rock
|move|p1a: Corviknight|Brave Bird|p2a: Great Tusk
|-supereffective|p2a: Great Tusk
|-damage|p2a: Great Tusk|51/100
|-damage|p1a: Corviknight|83/100|[from] Recoil
|
|-heal|p1a: Corviknight|89/100|[from] item: Leftovers
|turn|2
|
|move|p2a: Great Tusk|Knock Off|p1a: Corviknight
|-damage|p1a: Corviknight|72/100
|-enditem|p1a: Corviknight|Leftovers|[from] move: Knock Off|[of] p2a: Great Tusk
|move|p1a: Corviknight|Brave Bird|p2a: Great Tusk
|-supereffective|p2a: Great Tusk
|-damage|p2a: Great Tusk|6/100
|-damage|p1a: Corviknight|56/100|[from] Recoil
|
|turn|3
|
|-end|p2a: Great Tusk|Protosynthesis|[silent]
|switch|p2a: Magearna|Magearna|100/100
|move|p1a: Corviknight|Roost|p1a: Corviknight
|-heal|p1a: Corviknight|100/100
|-singleturn|p1a: Corviknight|move: Roost
|
|turn|4
|
|switch|p1a: Clodsire|Clodsire, F|100/100
|-damage|p1a: Clodsire|94/100|[from] Stealth Rock
|move|p2a: Magearna|Spikes|p1a: Clodsire
|-sidestart|p1: p1|Spikes
|
|-heal|p1a: Clodsire|100/100|[from] item: Black Sludge
|turn|5
|
|move|p2a: Magearna|Spikes|p1a: Clodsire
|-sidestart|p1: p1|Spikes
|move|p1a: Clodsire|Stealth Rock|p2a: Magearna
|-sidestart|p2: p2|move: Stealth Rock
|
|turn|6
|
|switch|p2a: Great Tusk|Great Tusk|6/100
|-damage|p2a: Great Tusk|3/100|[from] Stealth Rock
|move|p1a: Clodsire|Earthquake|p2a: Great Tusk
|-damage|p2a: Great Tusk|0 fnt
|faint|p2a: Great Tusk
|-end|p2a: Great Tusk|Protosynthesis|[silent]
|
|
|switch|p2a: Urshifu|Urshifu-Rapid-Strike, F|100/100
|-damage|p2a: Urshifu|94/100|[from] Stealth Rock
|turn|7
|
|move|p2a: Urshifu|Surging Strikes|p1a: Clodsire
|-immune|p1a: Clodsire|[from] ability: Water Absorb
|move|p1a: Clodsire|Toxic|p2a: Urshifu
|-status|p2a: Urshifu|tox
|
|-damage|p2a: Urshifu|88/100 tox|[from] psn
|turn|8
|
|switch|p2a: Chien-Pao|Chien-Pao|100/100
|-damage|p2a: Chien-Pao|76/100|[from] Stealth Rock
|-ability|p2a: Chien-Pao|Sword of Ruin
|move|p1a: Clodsire|Earthquake|p2a: Chien-Pao
|-crit|p2a: Chien-Pao
|-damage|p2a: Chien-Pao|22/100
|
|turn|9
|
|switch|p1a: Corviknight|Corviknight, M|100/100
|-damage|p1a: Corviknight|88/100|[from] Stealth Rock
|-ability|p1a: Corviknight|Pressure
|-terastallize|p2a: Chien-Pao|Dark
|move|p2a: Chien-Pao|Crunch|p1a: Corviknight
|-damage|p1a: Corviknight|31/100
|
|turn|10
|
|move|p2a: Chien-Pao|Crunch|p1a: Corviknight
|-damage|p1a: Corviknight|0 fnt
|faint|p1a: Corviknight
|
|
|switch|p1a: Kingambit|Kingambit, F|100/100
|-damage|p1a: Kingambit|94/100|[from] Stealth Rock
|-damage|p1a: Kingambit|78/100|[from] Spikes
|turn|11
|
|switch|p2a: Zapdos|Zapdos|100/100
|move|p1a: Kingambit|Kowtow Cleave|p2a: Zapdos
|-damage|p2a: Zapdos|54/100
|
|turn|12
|
|move|p2a: Zapdos|Heat Wave|p1a: Kingambit
|-supereffective|p1a: Kingambit
|-damage|p1a: Kingambit|22/100
|move|p1a: Kingambit|Swords Dance|p1a: Kingambit
|-boost|p1a: Kingambit|atk|2
|
|turn|13
|
|move|p1a: Kingambit|Sucker Punch|p2a: Zapdos
|-damage|p2a: Zapdos|0 fnt
|faint|p2a: Zapdos
|
|
|switch|p2a: Magearna|Magearna|100/100
|turn|14
|
|move|p1a: Kingambit|Sucker Punch||[still]
|-fail|p1a: Kingambit
|move|p2a: Magearna|Spikes|p1a: Kingambit
|-sidestart|p1: p1|Spikes
|
|turn|15
|
|move|p1a: Kingambit|Sucker Punch|p2a: Magearna
|-resisted|p2a: Magearna
|-damage|p2a: Magearna|68/100
|move|p2a: Magearna|Fleur Cannon|p1a: Kingambit
|-damage|p1a: Kingambit|0 fnt
|-unboost|p2a: Magearna|spa|2
|faint|p1a: Kingambit
|-ability|p2a: Magearna|Soul-Heart|boost
|-boost|p2a: Magearna|spa|1
|
|
|switch|p1a: Salazzle|Salazzle, F|100/100
|-damage|p1a: Salazzle|76/100|[from] Stealth Rock
|-damage|p1a: Salazzle|51/100|[from] Spikes
|turn|16
|
|move|p1a: Salazzle|Toxic|p2a: Magearna
|-status|p2a: Magearna|tox
|move|p2a: Magearna|Volt Switch|p1a: Salazzle
|-damage|p1a: Salazzle|31/100
|
|switch|p2a: Urshifu|Urshifu-Rapid-Strike, F|88/100 tox|[from] Volt Switch
|-damage|p2a: Urshifu|82/100 tox|[from] Stealth Rock
|
|-heal|p1a: Salazzle|37/100|[from] item: Black Sludge
|-damage|p2a: Urshifu|76/100 tox|[from] psn
|turn|17
|
|move|p2a: Urshifu|Ice Spinner|p1a: Salazzle
|-resisted|p1a: Salazzle
|-damage|p1a: Salazzle|17/100
|move|p1a: Salazzle|Flamethrower|p2a: Urshifu
|-resisted|p2a: Urshifu
|-damage|p2a: Urshifu|48/100 tox
|
|-heal|p1a: Salazzle|24/100|[from] item: Black Sludge
|-damage|p2a: Urshifu|36/100 tox|[from] psn
|turn|18
|
|switch|p2a: Chien-Pao|Chien-Pao, tera:Dark|22/100
|-damage|p2a: Chien-Pao|10/100|[from] Stealth Rock
|-ability|p2a: Chien-Pao|Sword of Ruin
|move|p1a: Salazzle|Toxic|p2a: Chien-Pao
|-status|p2a: Chien-Pao|tox
|
|-heal|p1a: Salazzle|30/100|[from] item: Black Sludge
|-damage|p2a: Chien-Pao|4/100 tox|[from] psn
|turn|19
|
|move|p1a: Salazzle|Protect|p1a: Salazzle
|-singleturn|p1a: Salazzle|Protect
|move|p2a: Chien-Pao|Crunch|p1a: Salazzle
|-activate|p1a: Salazzle|move: Protect
|
|-heal|p1a: Salazzle|36/100|[from] item: Black Sludge
|-damage|p2a: Chien-Pao|0 fnt|[from] psn
|faint|p2a: Chien-Pao
|
|switch|p2a: Dragapult|Dragapult, M|100/100
|-damage|p2a: Dragapult|88/100|[from] Stealth Rock
|turn|20
|
|move|p2a: Dragapult|Substitute|p2a: Dragapult
|-start|p2a: Dragapult|Substitute
|-damage|p2a: Dragapult|63/100
|move|p1a: Salazzle|Toxic||[still]
|-fail|p1a: Salazzle
|
|-heal|p2a: Dragapult|69/100|[from] item: Leftovers
|-heal|p1a: Salazzle|42/100|[from] item: Black Sludge
|turn|21
|
|move|p1a: Salazzle|Protect|p1a: Salazzle
|-singleturn|p1a: Salazzle|Protect
|move|p2a: Dragapult|Dragon Darts|p1a: Salazzle
|-activate|p1a: Salazzle|move: Protect
|
|-heal|p2a: Dragapult|75/100|[from] item: Leftovers
|-heal|p1a: Salazzle|48/100|[from] item: Black Sludge
|turn|22
|
|move|p2a: Dragapult|Dragon Darts|p1a: Salazzle
|-damage|p1a: Salazzle|18/100
|-anim|p2a: Dragapult|Dragon Darts|p1a: Salazzle
|-damage|p1a: Salazzle|0 fnt
|faint|p1a: Salazzle
|
|-heal|p2a: Dragapult|81/100|[from] item: Leftovers
|
|switch|p1a: Glimmora|Glimmora, M|100/100
|-damage|p1a: Glimmora|88/100|[from] Stealth Rock
|-damage|p1a: Glimmora|63/100|[from] Spikes
|turn|23
|
|move|p2a: Dragapult|Dragon Darts|p1a: Glimmora
|-damage|p1a: Glimmora|41/100
|-activate|p1a: Glimmora|ability: Toxic Debris
|-sidestart|p2: p2|move: Toxic Spikes
|-anim|p2a: Dragapult|Dragon Darts|p1a: Glimmora
|-damage|p1a: Glimmora|19/100
|-activate|p1a: Glimmora|ability: Toxic Debris
|-sidestart|p2: p2|move: Toxic Spikes
|move|p1a: Glimmora|Mortal Spin|p2a: Dragapult
|-resisted|p2a: Dragapult
|-activate|p2a: Dragapult|move: Substitute|[damage]
|-sideend|p1: p1|Spikes|[from] move: Mortal Spin|[of] p1a: Glimmora
|-sideend|p1: p1|Stealth Rock|[from] move: Mortal Spin|[of] p1a: Glimmora
|
|-heal|p2a: Dragapult|87/100|[from] item: Leftovers
|turn|24
|
|move|p2a: Dragapult|Dragon Darts|p1a: Glimmora
|-damage|p1a: Glimmora|0 fnt
|faint|p1a: Glimmora
|
|-heal|p2a: Dragapult|93/100|[from] item: Leftovers
|
|switch|p1a: Dragapult|Dragapult, M|100/100
|turn|25
|
|-terastallize|p1a: Dragapult|Fairy
|move|p2a: Dragapult|Dragon Darts|p1a: Dragapult
|-immune|p1a: Dragapult
|move|p1a: Dragapult|Substitute|p1a: Dragapult
|-start|p1a: Dragapult|Substitute
|-damage|p1a: Dragapult|76/100
|
|-heal|p1a: Dragapult|82/100|[from] item: Leftovers
|-heal|p2a: Dragapult|99/100|[from] item: Leftovers
|turn|26
|
|move|p1a: Dragapult|Hex|p2a: Dragapult
|-supereffective|p2a: Dragapult
|-end|p2a: Dragapult|Substitute
|move|p2a: Dragapult|Will-O-Wisp|p1a: Dragapult
|-status|p1a: Dragapult|brn
|
|-heal|p2a: Dragapult|100/100|[from] item: Leftovers
|-heal|p1a: Dragapult|88/100 brn|[from] item: Leftovers
|-damage|p1a: Dragapult|82/100 brn|[from] brn
|turn|27
|
|move|p2a: Dragapult|Hex|p1a: Dragapult
|-damage|p1a: Dragapult|18/100 brn
|move|p1a: Dragapult|Hex|p2a: Dragapult
|-supereffective|p2a: Dragapult
|-damage|p2a: Dragapult|36/100
|
|-heal|p1a: Dragapult|24/100 brn|[from] item: Leftovers
|-heal|p2a: Dragapult|42/100|[from] item: Leftovers
|-damage|p1a: Dragapult|18/100 brn|[from] brn
|turn|28
|
|move|p2a: Dragapult|Hex|p1a: Dragapult
|-damage|p1a: Dragapult|0 fnt
|faint|p1a: Dragapult
|
|-heal|p2a: Dragapult|48/100|[from] item: Leftovers
|
|switch|p1a: Clodsire|Clodsire, F|100/100
|turn|29
|
|move|p2a: Dragapult|Dragon Darts|p1a: Clodsire
|-crit|p1a: Clodsire
|-damage|p1a: Clodsire|67/100
|-anim|p2a: Dragapult|Dragon Darts|p1a: Clodsire
|-damage|p1a: Clodsire|43/100
|move|p1a: Clodsire|Earthquake|p2a: Dragapult
|-damage|p2a: Dragapult|3/100
|
|-heal|p2a: Dragapult|9/100|[from] item: Leftovers
|-heal|p1a: Clodsire|49/100|[from] item: Black Sludge
|turn|30
|
|move|p2a: Dragapult|Dragon Darts|p1a: Clodsire
|-damage|p1a: Clodsire|24/100
|-anim|p2a: Dragapult|Dragon Darts|p1a: Clodsire
|-damage|p1a: Clodsire|0 fnt
|faint|p1a: Clodsire
|
|win|p2
