|poke|p1|Kleavor, F|
|poke|p1|Uxie|
|poke|p1|Magearna|
|poke|p1|Urshifu-*, F|
|poke|p1|Corviknight, F|
|poke|p1|Zamazenta-*|
|poke|p2|Walking Wake|
|poke|p2|Kingambit, F|
|poke|p2|Dragonite, M|
|poke|p2|Iron Moth|
|poke|p2|Glimmora, F|
|poke|p2|Azumarill, M|
|teampreview
|
|start
|switch|p1a: Urshifu|Urshifu-Rapid-Strike, F|100/100
|switch|p2a: Glimmora|Glimmora, F, shiny|100/100
|turn|1
|
|-terastallize|p2a: Glimmora|Grass
|move|p1a: Urshifu|Surging Strikes|p2a: Glimmora
|-resisted|p2a: Glimmora
|-crit|p2a: Glimmora
|-damage|p2a: Glimmora|89/100
|-activate|p2a: Glimmora|ability: Toxic Debris
|-sidestart|p1: Mareal|move: Toxic Spikes
|-resisted|p2a: Glimmora
|-crit|p2a: Glimmora
|-damage|p2a: Glimmora|77/100
|-activate|p2a: Glimmora|ability: Toxic Debris
|-sidestart|p1: Mareal|move: Toxic Spikes
|-resisted|p2a: Glimmora
|-crit|p2a: Glimmora
|-damage|p2a: Glimmora|65/100
|-hitcount|p2a: Glimmora|3
|move|p2a: Glimmora|Stealth Rock|p1a: Urshifu
|-sidestart|p1: Mareal|move: Stealth Rock
|
|turn|2
|
|switch|p1a: Corviknight|Corviknight, F|100/100
|-damage|p1a: Corviknight|88/100|[from] Stealth Rock
|-ability|p1a: Corviknight|Pressure
|move|p2a: Glimmora|Energy Ball|p1a: Corviknight
|-resisted|p1a: Corviknight
|-damage|p1a: Corviknight|75/100
|
|turn|3
|
|switch|p2a: Iron Moth|Iron Moth, shiny|100/100
|move|p1a: Corviknight|Defog|p2a: Iron Moth
|-unboost|p2a: Iron Moth|evasion|1
|-sideend|p1: Mareal|Toxic Spikes|[from] move: Defog|[of] p1a: Corviknight
|-sideend|p1: Mareal|Stealth Rock|[from] move: Defog|[of] p1a: Corviknight
|
|turn|4
|
|switch|p1a: Urshifu|Urshifu-Rapid-Strike, F|100/100
|move|p2a: Iron Moth|Fiery Dance|p1a: Urshifu
|-resisted|p1a: Urshifu
|-damage|p1a: Urshifu|68/100
|
|-heal|p1a: Urshifu|74/100|[from] item: Leftovers
|turn|5
|
|-end|p2a: Iron Moth|Quark Drive|[silent]
|switch|p2a: Azumarill|Azumarill, M, shiny|100/100
|move|p1a: Urshifu|Aqua Jet|p2a: Azumarill
|-resisted|p2a: Azumarill
|-damage|p2a: Azumarill|91/100
|
|-heal|p1a: Urshifu|80/100|[from] item: Leftovers
|turn|6
|
|switch|p1a: Corviknight|Corviknight, F|75/100
|-ability|p1a: Corviknight|Pressure
|move|p2a: Azumarill|Play Rough|p1a: Corviknight
|-resisted|p1a: Corviknight
|-damage|p1a: Corviknight|58/100
|-damage|p2a: Azumarill|74/100|[from] item: Rocky Helmet|[of] p1a: Corviknight
|
|turn|7
|
|switch|p2a: Iron Moth|Iron Moth, shiny|100/100
|move|p1a: Corviknight|Roost|p1a: Corviknight
|-heal|p1a: Corviknight|100/100
|-singleturn|p1a: Corviknight|move: Roost
|
|turn|8
|
|switch|p1a: Uxie|Uxie|100/100
|move|p2a: Iron Moth|Fiery Dance|p1a: Uxie
|-damage|p1a: Uxie|68/100
|-boost|p2a: Iron Moth|spa|1
|
|turn|9
|
|-end|p2a: Iron Moth|Quark Drive|[silent]
|switch|p2a: Kingambit|Kingambit, F, shiny|100/100
|move|p1a: Uxie|Memento|p2a: Kingambit
|-unboost|p2a: Kingambit|atk|2
|-unboost|p2a: Kingambit|spa|2
|faint|p1a: Uxie
|
|
|switch|p1a: Kleavor|Kleavor, F|100/100
|turn|10
|
|-terastallize|p1a: Kleavor|Bug
|move|p1a: Kleavor|Agility|p1a: Kleavor
|-boost|p1a: Kleavor|spe|2
|move|p2a: Kingambit|Swords Dance|p2a: Kingambit
|-boost|p2a: Kingambit|atk|2
|
|turn|11
|
|move|p1a: Kleavor|Swords Dance|p1a: Kleavor
|-boost|p1a: Kleavor|atk|2
|move|p2a: Kingambit|Iron Head|p1a: Kleavor
|-damage|p1a: Kleavor|42/100
|
|turn|12
|
|move|p2a: Kingambit|Sucker Punch|p1a: Kleavor
|-damage|p1a: Kleavor|0 fnt
|faint|p1a: Kleavor
|
|
|switch|p1a: Zamazenta|Zamazenta|100/100
|-ability|p1a: Zamazenta|Dauntless Shield|boost
|-boost|p1a: Zamazenta|def|1
|turn|13
|
|-end|p2a: Kingambit|fallenundefined|[silent]
|switch|p2a: Azumarill|Azumarill, M, shiny|74/100
|move|p1a: Zamazenta|Iron Defense|p1a: Zamazenta
|-boost|p1a: Zamazenta|def|2
|
|turn|14
|
|move|p1a: Zamazenta|Iron Defense|p1a: Zamazenta
|-boost|p1a: Zamazenta|def|2
|move|p2a: Azumarill|Play Rough|p1a: Zamazenta
|-supereffective|p1a: Zamazenta
|-crit|p1a: Zamazenta
|-damage|p1a: Zamazenta|0 fnt
|faint|p1a: Zamazenta
|
|
|switch|p1a: Magearna|Magearna|100/100
|turn|15
|
|switch|p2a: Iron Moth|Iron Moth, shiny|100/100
|move|p1a: Magearna|Shift Gear|p1a: Magearna
|-boost|p1a: Magearna|spe|2
|-boost|p1a: Magearna|atk|1
|
|turn|16
|
|move|p2a: Iron Moth|Fiery Dance|p1a: Magearna
|-supereffective|p1a: Magearna
|-damage|p1a: Magearna|30/100
|-boost|p2a: Iron Moth|spa|1
|move|p1a: Magearna|Shift Gear|p1a: Magearna
|-boost|p1a: Magearna|spe|2
|-boost|p1a: Magearna|atk|1
|
|-heal|p1a: Magearna|36/100|[from] item: Leftovers
|turn|17
|
|move|p2a: Iron Moth|Fiery Dance|p1a: Magearna
|-supereffective|p1a: Magearna
|-damage|p1a: Magearna|0 fnt
|faint|p1a: Magearna
|
|
|switch|p1a: Urshifu|Urshifu-Rapid-Strike, F|80/100
|turn|18
|
|-end|p2a: Iron Moth|Quark Drive|[silent]
|switch|p2a: Glimmora|Glimmora, F, shiny, tera:Grass|65/100
|move|p1a: Urshifu|Swords Dance|p1a: Urshifu
|-boost|p1a: Urshifu|atk|2
|
|-heal|p1a: Urshifu|86/100|[from] item: Leftovers
|turn|19
|
|move|p1a: Urshifu|Drain Punch|p2a: Glimmora
|-damage|p2a: Glimmora|0 fnt
|-heal|p1a: Urshifu|100/100|[from] drain|[of] p2a: Glimmora
|-activate|p2a: Glimmora|ability: Toxic Debris
|-sidestart|p1: Mareal|move: Toxic Spikes
|faint|p2a: Glimmora
|
|
|switch|p2a: Iron Moth|Iron Moth, shiny|100/100
|turn|20
|
|move|p1a: Urshifu|Aqua Jet|p2a: Iron Moth
|-supereffective|p2a: Iron Moth
|-damage|p2a: Iron Moth|0 fnt
|faint|p2a: Iron Moth
|-end|p2a: Iron Moth|Quark Drive|[silent]
|
|
|switch|p2a: Walking Wake|Walking Wake|100/100
|-enditem|p2a: Walking Wake|Booster Energy
|-activate|p2a: Walking Wake|ability: Protosynthesis|[fromitem]
|-start|p2a: Walking Wake|protosynthesisspa
|turn|21
|
|move|p1a: Urshifu|Drain Punch|p2a: Walking Wake
|-damage|p2a: Walking Wake|12/100
|move|p2a: Walking Wake|Dragon Pulse|p1a: Urshifu
|-damage|p1a: Urshifu|6/100
|
|-heal|p1a: Urshifu|13/100|[from] item: Leftovers
|turn|22
|
|move|p1a: Urshifu|Drain Punch|p2a: Walking Wake
|-damage|p2a: Walking Wake|0 fnt
|-heal|p1a: Urshifu|18/100|[from] drain|[of] p2a: Walking Wake
|faint|p2a: Walking Wake
|-end|p2a: Walking Wake|Protosynthesis|[silent]
|
|-heal|p1a: Urshifu|25/100|[from] item: Leftovers
|
|switch|p2a: Azumarill|Azumarill, M, shiny|74/100
|turn|23
|
|move|p1a: Urshifu|Surging Strikes|p2a: Azumarill
|-resisted|p2a: Azumarill
|-crit|p2a: Azumarill
|-damage|p2a: Azumarill|54/100
|-resisted|p2a: Azumarill
|-crit|p2a: Azumarill
|-damage|p2a: Azumarill|35/100
|-resisted|p2a: Azumarill
|-crit|p2a: Azumarill
|-damage|p2a: Azumarill|14/100
|-hitcount|p2a: Azumarill|3
|move|p2a: Azumarill|Play Rough|p1a: Urshifu
|-supereffective|p1a: Urshifu
|-damage|p1a: Urshifu|0 fnt
|faint|p1a: Urshifu
|
|
|switch|p1a: Corviknight|Corviknight, F|100/100
|-ability|p1a: Corviknight|Pressure
|turn|24
|
|move|p2a: Azumarill|Aqua Jet|p1a: Corviknight
|-damage|p1a: Corviknight|84/100
|-damage|p2a: Azumarill|0 fnt|[from] item: Rocky Helmet|[of] p1a: Corviknight
|faint|p2a: Azumarill
|move|p1a: Corviknight|Body Press|p2: Azumarill|[notarget]
|-fail|p1a: Corviknight
|
|
|switch|p2a: Dragonite|Dragonite, M, shiny|100/100
|turn|25
|
|move|p2a: Dragonite|Dragon Dance|p2a: Dragonite
|-boost|p2a: Dragonite|atk|1
|-boost|p2a: Dragonite|spe|1
|move|p1a: Corviknight|U-turn|p2a: Dragonite
|-resisted|p2a: Dragonite
|-damage|p2a: Dragonite|97/100
|
|turn|26
|
|move|p2a: Dragonite|Encore|p1a: Corviknight
|-start|p1a: Corviknight|Encore
|move|p1a: Corviknight|U-turn|p2a: Dragonite
|-resisted|p2a: Dragonite
|-crit|p2a: Dragonite
|-damage|p2a: Dragonite|85/100
|
|turn|27
|
|move|p2a: Dragonite|Dragon Dance|p2a: Dragonite
|-boost|p2a: Dragonite|atk|1
|-boost|p2a: Dragonite|spe|1
|move|p1a: Corviknight|U-turn|p2a: Dragonite
|-resisted|p2a: Dragonite
|-damage|p2a: Dragonite|76/100
|
|turn|28
|
|move|p2a: Dragonite|Fire Punch|p1a: Corviknight
|-supereffective|p1a: Corviknight
|-damage|p1a: Corviknight|17/100
|-damage|p2a: Dragonite|60/100|[from] item: Rocky Helmet|[of] p1a: Corviknight
|move|p1a: Corviknight|U-turn|p2a: Dragonite
|-resisted|p2a: Dragonite
|-damage|p2a: Dragonite|52/100
|
|-end|p1a: Corviknight|Encore
|turn|29
|-message|Mareal forfeited.
|
|win|pawlthepumpkin3
