|poke|p1|Slowking, F|
|poke|p1|Magearna|
|poke|p1|Decidueye-Hisui, F|
|poke|p1|Urshifu-*, F|
|poke|p1|Cresselia, F|
|poke|p1|Enamorus-Therian, F|
|poke|p2|Samurott-Hisui, M|
|poke|p2|Kleavor, M|
|poke|p2|Enamorus, F|
|poke|p2|Cresselia, F|
|poke|p2|Iron Treads|
|poke|p2|Corviknight, F|
|teampreview
|
|start
|switch|p1a: Magearna|Magearna|100/100
|switch|p2a: Iron Treads|Iron Treads|100/100
|turn|1
|
|move|p2a: Iron Treads|Knock Off|p1a: Magearna
|-resisted|p1a: Magearna
|-damage|p1a: Magearna|90/100
|-enditem|p1a: Magearna|Eject Pack|[from] move: Knock Off|[of] p2a: Iron Treads
|move|p1a: Magearna|Trick Room|p1a: Magearna
|-fieldstart|move: Trick Room|[of] p1a: Magearna
|
|turn|2
|
|switch|p1a: 小李广|Decidueye-Hisui, F, shiny|100/100
|-end|p2a: Iron Treads|Quark Drive|[silent]
|switch|p2a: Cresselia|Cresselia, F|100/100
|
|turn|3
|
|move|p1a: 小李广|Knock Off|p2a: Cresselia
|-supereffective|p2a: Cresselia
|-damage|p2a: Cresselia|37/100
|-enditem|p2a: Cresselia|Leftovers|[from] move: Knock Off|[of] p1a: 小李广
|move|p2a: Cresselia|Future Sight|p1a: 小李广
|-start|p2a: Cresselia|move: Future Sight
|
|turn|4
|
|switch|p1a: Enamorus|Enamorus-Therian, F, shiny|100/100
|-terastallize|p2a: Cresselia|Fairy
|move|p2a: Cresselia|Moonlight|p2a: Cresselia
|-heal|p2a: Cresselia|87/100
|
|turn|5
|
|move|p1a: Enamorus|Moonblast|p2a: Cresselia
|-damage|p2a: Cresselia|36/100
|-damage|p1a: Enamorus|91/100|[from] item: Life Orb
|move|p2a: Cresselia|Thunderbolt|p1a: Enamorus
|-supereffective|p1a: Enamorus
|-damage|p1a: Enamorus|48/100
|
|-end|p1a: Enamorus|move: Future Sight
|-damage|p1a: Enamorus|2/100
|-fieldend|move: Trick Room
|turn|6
|
|move|p2a: Cresselia|Moonlight|p2a: Cresselia
|-heal|p2a: Cresselia|86/100
|move|p1a: Enamorus|Moonblast|p2a: Cresselia
|-damage|p2a: Cresselia|38/100
|-damage|p1a: Enamorus|0 fnt|[from] item: Life Orb
|faint|p1a: Enamorus
|
|
|switch|p1a: Urshifu|Urshifu-Rapid-Strike, F|100/100
|turn|7
|
|move|p2a: Cresselia|Moonblast|p1a: Urshifu
|-supereffective|p1a: Urshifu
|-damage|p1a: Urshifu|2/100
|-unboost|p1a: Urshifu|spa|1
|move|p1a: Urshifu|Surging Strikes|p2a: Cresselia
|-crit|p2a: Cresselia
|-damage|p2a: Cresselia|15/100
|-crit|p2a: Cresselia
|-damage|p2a: Cresselia|0 fnt
|faint|p2a: Cresselia
|-hitcount|p2: Cresselia|2
|
|
|switch|p2a: Samurott|Samurott-Hisui, M|100/100
|turn|8
|
|switch|p1a: 智多星|Slowking, F|100/100
|move|p2a: Samurott|Ceaseless Edge|p1a: 智多星
|-supereffective|p1a: 智多星
|-damage|p1a: 智多星|45/100
|-sidestart|p1: p1|Spikes
|
|-heal|p1a: 智多星|51/100|[from] item: Leftovers
|turn|9
|
|-terastallize|p1a: 智多星|Grass
|move|p2a: Samurott|X-Scissor|p1a: 智多星
|-supereffective|p1a: 智多星
|-damage|p1a: 智多星|12/100
|move|p1a: 智多星|Trick Room|p1a: 智多星
|-fieldstart|move: Trick Room|[of] p1a: 智多星
|
|-heal|p1a: 智多星|18/100|[from] item: Leftovers
|turn|10
|
|move|p1a: 智多星|Focus Blast|p2a: Samurott|[miss]
|-miss|p1a: 智多星|p2a: Samurott
|move|p2a: Samurott|Ceaseless Edge|p1a: 智多星
|-damage|p1a: 智多星|0 fnt
|-sidestart|p1: p1|Spikes
|faint|p1a: 智多星
|
|
|switch|p1a: Magearna|Magearna|90/100
|-damage|p1a: Magearna|74/100|[from] Spikes
|turn|11
|
|move|p1a: Magearna|Dazzling Gleam|p2a: Samurott
|-supereffective|p2a: Samurott
|-damage|p2a: Samurott|0 fnt
|faint|p2a: Samurott
|-ability|p1a: Magearna|Soul-Heart|boost
|-boost|p1a: Magearna|spa|1
|
|
|switch|p2a: Kleavor|Kleavor, M|100/100
|turn|12
|
|switch|p2a: Corviknight|Corviknight, F|100/100
|-ability|p2a: Corviknight|Pressure
|move|p1a: Magearna|Steel Beam|p2a: Corviknight
|-resisted|p2a: Corviknight
|-damage|p2a: Corviknight|46/100
|-damage|p1a: Magearna|23/100|[from] steelbeam
|
|turn|13
|
|move|p1a: Magearna|Steel Beam|p2a: Corviknight
|-resisted|p2a: Corviknight
|-damage|p2a: Corviknight|0 fnt
|-damage|p1a: Magearna|0 fnt|[from] steelbeam
|faint|p1a: Magearna
|faint|p2a: Corviknight
|
|-fieldend|move: Trick Room
|
|switch|p2a: Kleavor|Kleavor, M|100/100
|switch|p1a: Cresselia|Cresselia, F|100/100
|turn|14
|
|move|p2a: Kleavor|X-Scissor|p1a: Cresselia
|-supereffective|p1a: Cresselia
|-damage|p1a: Cresselia|23/100
|move|p1a: Cresselia|Trick Room|p1a: Cresselia
|-fieldstart|move: Trick Room|[of] p1a: Cresselia
|
|turn|15
|
|move|p1a: Cresselia|Lunar Dance|p1a: Cresselia
|faint|p1a: Cresselia
|move|p2a: Kleavor|Stone Axe|p1: Cresselia|[notarget]
|-fail|p2a: Kleavor
|
|
|switch|p1a: Urshifu|Urshifu-Rapid-Strike, F|2/100
|-heal|p1a: Urshifu|100/100|[from] move: Lunar Dance
|-damage|p1a: Urshifu|84/100|[from] Spikes
|turn|16
|
|move|p1a: Urshifu|Surging Strikes|p2a: Kleavor
|-supereffective|p2a: Kleavor
|-crit|p2a: Kleavor
|-damage|p2a: Kleavor|46/100
|-supereffective|p2a: Kleavor
|-crit|p2a: Kleavor
|-damage|p2a: Kleavor|0 fnt
|faint|p2a: Kleavor
|-hitcount|p2: Kleavor|2
|
|
|switch|p2a: Enamorus|Enamorus, F|100/100
|turn|17
|
|move|p1a: Urshifu|Surging Strikes|p2a: Enamorus
|-crit|p2a: Enamorus
|-damage|p2a: Enamorus|47/100
|-crit|p2a: Enamorus
|-damage|p2a: Enamorus|0 fnt
|faint|p2a: Enamorus
|-hitcount|p2: Enamorus|2
|
|
|switch|p2a: Iron Treads|Iron Treads|100/100
|turn|18
|-message|p2 forfeited.
|
|win|p1
