# advantage = p2
|poke|p1|Magearna|
|poke|p1|Gholdengo|
|poke|p1|Garganacl, F|
|poke|p1|Urshifu-*, F|
|poke|p1|Volcarona, M|
|poke|p1|Landorus-Therian, M|
|poke|p2|Torkoal, F|
|poke|p2|Arcanine-Hisui, F|
|poke|p2|Lilligant-Hisui, F|
|poke|p2|Great Tusk|
|poke|p2|Hatterene, F|
|poke|p2|Typhlosion-Hisui, F|
|teampreview
|
|start
|switch|p1a: Landorus|Landorus-Therian, M|100/100
|switch|p2a: Typhlosion|Typhlosion-Hisui, F|100/100
|-ability|p1a: Landorus|Intimidate|boost
|-unboost|p2a: Typhlosion|atk|1
|turn|1
|
|move|p2a: Typhlosion|Eruption|p1a: Landorus
|-damage|p1a: Landorus|11/100
|move|p1a: Landorus|Earthquake|p2a: Typhlosion
|-supereffective|p2a: Typhlosion
|-damage|p2a: Typhlosion|0 fnt
|faint|p2a: Typhlosion
|
|-heal|p1a: Landorus|18/100|[from] item: Leftovers
|
|switch|p2a: Lilligant|Lilligant-Hisui, F|100/100
|turn|2
|
|move|p2a: Lilligant|Leaf Blade|p1a: Landorus
|-damage|p1a: Landorus|0 fnt
|faint|p1a: Landorus
|
|
|switch|p1a: Volcarona|Volcarona, M|100/100
|turn|3
|
|-terastallize|p2a: Lilligant|Rock
|move|p2a: Lilligant|Tera Blast|p1a: Volcarona
|-supereffective|p1a: Volcarona
|-damage|p1a: Volcarona|0 fnt
|faint|p1a: Volcarona
|
|
|switch|p1a: Magearna|Magearna|100/100
|turn|4
|
|switch|p2a: Torkoal|Torkoal, F|100/100
|-weather|SunnyDay|[from] ability: Drought|[of] p2a: Torkoal
|move|p1a: Magearna|Fleur Cannon|p2a: Torkoal
|-resisted|p2a: Torkoal
|-damage|p2a: Torkoal|60/100
|-unboost|p1a: Magearna|spa|2
|
|-weather|SunnyDay|[upkeep]
|turn|5
|
|move|p1a: Magearna|Volt Switch|p2a: Torkoal
|-damage|p2a: Torkoal|43/100
|
|switch|p1a: Garganacl|Garganacl, F|100/100|[from] Volt Switch
|move|p2a: Torkoal|Lava Plume|p1a: Garganacl
|-resisted|p1a: Garganacl
|-damage|p1a: Garganacl|85/100
|
|-weather|SunnyDay|[upkeep]
|-heal|p1a: Garganacl|91/100|[from] item: Leftovers
|turn|6
|
|switch|p2a: Great Tusk|Great Tusk|100/100
|-activate|p2a: Great Tusk|ability: Protosynthesis
|-start|p2a: Great Tusk|protosynthesisdef
|move|p1a: Garganacl|Salt Cure|p2a: Great Tusk
|-resisted|p2a: Great Tusk
|-damage|p2a: Great Tusk|99/100
|-start|p2a: Great Tusk|Salt Cure
|
|-weather|SunnyDay|[upkeep]
|-heal|p1a: Garganacl|97/100|[from] item: Leftovers
|-damage|p2a: Great Tusk|87/100|[from] Salt Cure
|turn|7
|
|-terastallize|p1a: Garganacl|Water
|move|p2a: Great Tusk|Earthquake|p1a: Garganacl
|-damage|p1a: Garganacl|73/100
|move|p1a: Garganacl|Curse|p1a: Garganacl
|-unboost|p1a: Garganacl|spe|1
|-boost|p1a: Garganacl|atk|1
|-boost|p1a: Garganacl|def|1
|
|-weather|SunnyDay|[upkeep]
|-heal|p1a: Garganacl|79/100|[from] item: Leftovers
|-damage|p2a: Great Tusk|74/100|[from] Salt Cure
|turn|8
|
|-end|p2a: Great Tusk|Protosynthesis|[silent]
|switch|p2a: Lilligant|Lilligant-Hisui, F, tera:Rock|100/100
|move|p1a: Garganacl|Curse|p1a: Garganacl
|-unboost|p1a: Garganacl|spe|1
|-boost|p1a: Garganacl|atk|1
|-boost|p1a: Garganacl|def|1
|
|-weather|SunnyDay|[upkeep]
|-heal|p1a: Garganacl|85/100|[from] item: Leftovers
|turn|9
|
|move|p2a: Lilligant|Victory Dance|p2a: Lilligant
|-boost|p2a: Lilligant|atk|1
|-boost|p2a: Lilligant|def|1
|-boost|p2a: Lilligant|spe|1
|move|p1a: Garganacl|Earthquake|p2a: Lilligant
|-supereffective|p2a: Lilligant
|-damage|p2a: Lilligant|9/100
|
|-weather|SunnyDay|[upkeep]
|-heal|p1a: Garganacl|92/100|[from] item: Leftovers
|turn|10
|
|move|p2a: Lilligant|Leaf Blade|p1a: Garganacl
|-supereffective|p1a: Garganacl
|-damage|p1a: Garganacl|57/100
|move|p1a: Garganacl|Salt Cure|p2a: Lilligant
|-damage|p2a: Lilligant|0 fnt
|faint|p2a: Lilligant
|
|-weather|SunnyDay|[upkeep]
|-heal|p1a: Garganacl|64/100|[from] item: Leftovers
|
|switch|p2a: Hatterene|Hatterene, F|100/100
|turn|11
|
|move|p2a: Hatterene|Draining Kiss|p1a: Garganacl
|-damage|p1a: Garganacl|43/100
|move|p1a: Garganacl|Salt Cure|p2a: Hatterene
|-damage|p2a: Hatterene|77/100
|-start|p2a: Hatterene|Salt Cure
|
|-weather|none
|-heal|p2a: Hatterene|83/100|[from] item: Leftovers
|-heal|p1a: Garganacl|50/100|[from] item: Leftovers
|-damage|p2a: Hatterene|71/100|[from] Salt Cure
|turn|12
|
|switch|p2a: Arcanine|Arcanine-Hisui, F|100/100
|move|p1a: Garganacl|Recover|p1a: Garganacl
|-heal|p1a: Garganacl|99/100
|
|-heal|p1a: Garganacl|100/100|[from] item: Leftovers
|turn|13
|
|move|p2a: Arcanine|Wild Charge|p1a: Garganacl
|-supereffective|p1a: Garganacl
|-damage|p1a: Garganacl|78/100
|move|p1a: Garganacl|Earthquake|p2a: Arcanine
|-supereffective|p2a: Arcanine
|-crit|p2a: Arcanine
|-damage|p2a: Arcanine|0 fnt
|faint|p2a: Arcanine
|
|-heal|p1a: Garganacl|84/100|[from] item: Leftovers
|-message|p2 forfeited.
|
|win|p1
