|poke|p1|Sneasler, F|
|poke|p1|Arcanine-Hisui, M|
|poke|p1|Braviary-Hisui, M|
|poke|p1|Great Tusk|
|poke|p1|Hydreigon, M|
|poke|p1|Goodra-Hisui, M|
|poke|p2|Arcanine-Hisui, M|
|poke|p2|Landorus-Therian, M|
|poke|p2|Enamorus, F|
|poke|p2|Espeon, M|
|poke|p2|Articuno|
|poke|p2|Kilowattrel, M|
|teampreview
|
|start
|switch|p1a: Nihon|Braviary-Hisui, M|100/100
|switch|p2a: Espeon|Espeon, M|100/100
|turn|1
|
|move|p2a: Espeon|Power Gem|p1a: Nihon
|-supereffective|p1a: Nihon
|-damage|p1a: Nihon|0 fnt
|faint|p1a: Nihon
|
|
|switch|p1a: Gary|Goodra-Hisui, M, shiny|100/100
|turn|2
|
|switch|p2a: Landorus|Landorus-Therian, M|100/100
|-ability|p2a: Landorus|Intimidate|boost
|-unboost|p1a: Gary|atk|1
|move|p1a: Gary|Curse|p1a: Gary
|-unboost|p1a: Gary|spe|1
|-boost|p1a: Gary|atk|1
|-boost|p1a: Gary|def|1
|
|turn|3
|
|move|p2a: Landorus|Earthquake|p1a: Gary
|-supereffective|p1a: Gary
|-damage|p1a: Gary|49/100
|move|p1a: Gary|Dragon Tail|p2a: Landorus
|-damage|p2a: Landorus|79/100
|drag|p2a: Kilowattrel|Kilowattrel, M|100/100
|
|-heal|p1a: Gary|55/100|[from] item: Leftovers
|turn|4
|
|move|p2a: Kilowattrel|Volt Switch|p1a: Gary
|-resisted|p1a: Gary
|-damage|p1a: Gary|42/100
|
|switch|p2a: Landorus|Landorus-Therian, M|79/100|[from] Volt Switch
|-ability|p2a: Landorus|Intimidate|boost
|-unboost|p1a: Gary|atk|1
|move|p1a: Gary|Dragon Tail|p2a: Landorus
|-damage|p2a: Landorus|65/100
|drag|p2a: Arcanine|Arcanine-Hisui, M|100/100
|
|-heal|p1a: Gary|48/100|[from] item: Leftovers
|turn|5
|
|switch|p1a: Lando-G|Great Tusk|100/100
|move|p2a: Arcanine|Flare Blitz|p1a: Lando-G
|-damage|p1a: Lando-G|53/100
|-damage|p2a: Arcanine|91/100|[from] item: Life Orb
|
|turn|6
|
|switch|p2a: Landorus|Landorus-Therian, M|65/100
|-ability|p2a: Landorus|Intimidate|boost
|-unboost|p1a: Lando-G|atk|1
|move|p1a: Lando-G|Headlong Rush|p2a: Landorus
|-immune|p2a: Landorus
|
|turn|7
|
|-terastallize|p2a: Landorus|Ice
|move|p2a: Landorus|Tera Blast|p1a: Lando-G
|-supereffective|p1a: Lando-G
|-damage|p1a: Lando-G|2/100
|move|p1a: Lando-G|Stealth Rock|p2a: Landorus
|-sidestart|p2: p2|move: Stealth Rock
|
|turn|8
|
|-end|p1a: Lando-G|Protosynthesis|[silent]
|switch|p1a: Kaminukaze|Arcanine-Hisui, M|100/100
|move|p2a: Landorus|Tera Blast|p1a: Kaminukaze
|-resisted|p1a: Kaminukaze
|-damage|p1a: Kaminukaze|75/100
|
|turn|9
|
|switch|p2a: Articuno|Articuno|100/100
|-damage|p2a: Articuno|51/100|[from] Stealth Rock
|-ability|p2a: Articuno|Pressure
|-terastallize|p1a: Kaminukaze|Grass
|move|p1a: Kaminukaze|Head Smash|p2a: Articuno
|-supereffective|p2a: Articuno
|-damage|p2a: Articuno|0 fnt
|faint|p2a: Articuno
|
|
|switch|p2a: Landorus|Landorus-Therian, M, tera:Ice|65/100
|-damage|p2a: Landorus|40/100|[from] Stealth Rock
|-ability|p2a: Landorus|Intimidate|boost
|-unboost|p1a: Kaminukaze|atk|1
|turn|10
|
|switch|p1a: Lando-G|Great Tusk|2/100
|move|p2a: Landorus|Tera Blast|p1a: Lando-G
|-supereffective|p1a: Lando-G
|-damage|p1a: Lando-G|0 fnt
|faint|p1a: Lando-G
|-end|p1a: Lando-G|Protosynthesis|[silent]
|
|
|switch|p1a: Snawty|Sneasler, F, shiny|100/100
|turn|11
|
|switch|p2a: Espeon|Espeon, M|100/100
|-damage|p2a: Espeon|88/100|[from] Stealth Rock
|move|p1a: Snawty|Dire Claw|p2a: Espeon
|-damage|p2a: Espeon|13/100
|
|turn|12
|
|move|p1a: Snawty|Close Combat|p2a: Espeon
|-resisted|p2a: Espeon
|-damage|p2a: Espeon|0 fnt
|-unboost|p1a: Snawty|def|1
|-unboost|p1a: Snawty|spd|1
|-enditem|p1a: Snawty|White Herb
|-clearnegativeboost|p1a: Snawty|[silent]
|faint|p2a: Espeon
|
|
|switch|p2a: Kilowattrel|Kilowattrel, M|100/100
|-damage|p2a: Kilowattrel|76/100|[from] Stealth Rock
|turn|13
|
|move|p1a: Snawty|Dire Claw|p2a: Kilowattrel
|-damage|p2a: Kilowattrel|0 fnt
|faint|p2a: Kilowattrel
|
|
|switch|p2a: Landorus|Landorus-Therian, M, tera:Ice|40/100
|-damage|p2a: Landorus|15/100|[from] Stealth Rock
|-ability|p2a: Landorus|Intimidate|boost
|-unboost|p1a: Snawty|atk|1
|turn|14
|
|move|p1a: Snawty|Dire Claw|p2a: Landorus
|-damage|p2a: Landorus|0 fnt
|faint|p2a: Landorus
|
|
|switch|p2a: Enamorus|Enamorus, F|100/100
|-damage|p2a: Enamorus|76/100|[from] Stealth Rock
|turn|15
|
|move|p1a: Snawty|Dire Claw|p2a: Enamorus
|-supereffective|p2a: Enamorus
|-damage|p2a: Enamorus|0 fnt
|faint|p2a: Enamorus
|
|
|switch|p2a: Arcanine|Arcanine-Hisui, M|91/100
|-damage|p2a: Arcanine|66/100|[from] Stealth Rock
|turn|16
|
|move|p1a: Snawty|Close Combat|p2a: Arcanine
|-supereffective|p2a: Arcanine
|-damage|p2a: Arcanine|0 fnt
|-unboost|p1a: Snawty|def|1
|-unboost|p1a: Snawty|spd|1
|faint|p2a: Arcanine
|
|win|p1
