|poke|p1|Magearna|
|poke|p1|Arcanine-Hisui, M|
|poke|p1|Spidops, F|
|poke|p1|Cresselia, F|
|poke|p1|Regidrago|
|poke|p1|Great Tusk|
|poke|p2|Dragapult, M|
|poke|p2|Zamazenta-*|
|poke|p2|Chien-Pao|
|poke|p2|Breloom, M|
|poke|p2|Arcanine-Hisui, F|
|poke|p2|Roaring Moon|
|teampreview
|
|start
|switch|p1a: Magearna|Magearna|100/100
|switch|p2a: Drachne|Dragapult, M|100/100
|turn|1
|
|move|p2a: Drachne|Curse|p1a: Magearna
|-start|p1a: Magearna|Curse|[of] p2a: Drachne
|-damage|p2a: Drachne|50/100
|move|p1a: Magearna|Calm Mind|p1a: Magearna
|-boost|p1a: Magearna|spa|1
|-boost|p1a: Magearna|spd|1
|
|-damage|p1a: Magearna|76/100|[from] Curse
|turn|2
|
|move|p2a: Drachne|Reflect|p2a: Drachne
|-sidestart|p2: Timwitzi4|Reflect
|move|p1a: Magearna|Draining Kiss|p2a: Drachne
|-supereffective|p2a: Drachne
|-damage|p2a: Drachne|0 fnt
|-heal|p1a: Magearna|100/100|[from] drain|[of] p2a: Drachne
|-start|p1a: Magearna|Disable|Draining Kiss|[from] ability: Cursed Body|[of] p2a: Drachne
|faint|p2a: Drachne
|-ability|p1a: Magearna|Soul-Heart|boost
|-boost|p1a: Magearna|spa|1
|
|-damage|p1a: Magearna|76/100|[from] Curse
|
|switch|p2a: Arcanine|Arcanine-Hisui, F|100/100
|turn|3
|
|switch|p1a: Mamute|Great Tusk, shiny|100/100
|-enditem|p1a: Mamute|Booster Energy
|-activate|p1a: Mamute|ability: Protosynthesis|[fromitem]
|-start|p1a: Mamute|protosynthesisatk
|move|p2a: Arcanine|Flare Blitz|p1a: Mamute
|-damage|p1a: Mamute|36/100
|-status|p1a: Mamute|brn
|
|-damage|p1a: Mamute|30/100 brn|[from] brn
|turn|4
|
|move|p2a: Arcanine|Flare Blitz|p1a: Mamute
|-damage|p1a: Mamute|0 fnt
|faint|p1a: Mamute
|-end|p1a: Mamute|Protosynthesis|[silent]
|
|
|switch|p1a: Arcanine|Arcanine-Hisui, M, shiny|100/100
|turn|5
|
|switch|p2a: Roaring Moon|Roaring Moon, shiny|100/100
|-enditem|p2a: Roaring Moon|Booster Energy
|-activate|p2a: Roaring Moon|ability: Protosynthesis|[fromitem]
|-start|p2a: Roaring Moon|protosynthesisatk
|move|p1a: Arcanine|Head Smash|p2a: Roaring Moon
|-damage|p2a: Roaring Moon|19/100
|
|turn|6
|
|-end|p2a: Roaring Moon|Protosynthesis|[silent]
|switch|p2a: Monsder|Zamazenta|100/100
|-ability|p2a: Monsder|Dauntless Shield|boost
|-boost|p2a: Monsder|def|1
|move|p1a: Arcanine|Head Smash|p2a: Monsder
|-resisted|p2a: Monsder
|-damage|p2a: Monsder|85/100
|
|-heal|p2a: Monsder|91/100|[from] item: Leftovers
|turn|7
|
|switch|p1a: Magearna|Magearna|76/100
|move|p2a: Monsder|Iron Defense|p2a: Monsder
|-boost|p2a: Monsder|def|2
|
|-heal|p2a: Monsder|97/100|[from] item: Leftovers
|turn|8
|
|-terastallize|p2a: Monsder|Fighting
|move|p2a: Monsder|Body Press|p1a: Magearna
|-damage|p1a: Magearna|0 fnt
|faint|p1a: Magearna
|
|-heal|p2a: Monsder|100/100|[from] item: Leftovers
|
|switch|p1a: VcTemSonho|Cresselia, F, shiny|100/100
|turn|9
|
|move|p2a: Monsder|Crunch|p1a: VcTemSonho
|-supereffective|p1a: VcTemSonho
|-damage|p1a: VcTemSonho|70/100
|-unboost|p1a: VcTemSonho|def|1
|move|p1a: VcTemSonho|Calm Mind|p1a: VcTemSonho
|-boost|p1a: VcTemSonho|spa|1
|-boost|p1a: VcTemSonho|spd|1
|
|-sideend|p2: Timwitzi4|Reflect
|turn|10
|
|-terastallize|p1a: VcTemSonho|Fairy
|move|p2a: Monsder|Substitute|p2a: Monsder
|-start|p2a: Monsder|Substitute
|-damage|p2a: Monsder|76/100
|move|p1a: VcTemSonho|Moonblast|p2a: Monsder
|-supereffective|p2a: Monsder
|-end|p2a: Monsder|Substitute
|
|-heal|p2a: Monsder|82/100|[from] item: Leftovers
|turn|11
|
|move|p2a: Monsder|Body Press|p1a: VcTemSonho
|-resisted|p1a: VcTemSonho
|-crit|p1a: VcTemSonho
|-damage|p1a: VcTemSonho|0 fnt
|faint|p1a: VcTemSonho
|
|-heal|p2a: Monsder|88/100|[from] item: Leftovers
|
|switch|p1a: CabeçaDeDragao|Regidrago, shiny|100/100
|turn|12
|
|move|p2a: Monsder|Body Press|p1a: CabeçaDeDragao
|-damage|p1a: CabeçaDeDragao|0 fnt
|faint|p1a: CabeçaDeDragao
|
|-heal|p2a: Monsder|94/100|[from] item: Leftovers
|
|switch|p1a: Substituto|Spidops, F|100/100
|turn|13
|
|move|p2a: Monsder|Body Press|p1a: Substituto
|-resisted|p1a: Substituto
|-damage|p1a: Substituto|39/100
|move|p1a: Substituto|Leech Life|p2a: Monsder
|-resisted|p2a: Monsder
|-damage|p2a: Monsder|90/100
|-heal|p1a: Substituto|41/100|[from] drain|[of] p2a: Monsder
|
|-heal|p2a: Monsder|97/100|[from] item: Leftovers
|turn|14
|
|move|p2a: Monsder|Body Press|p1a: Substituto
|-resisted|p1a: Substituto
|-damage|p1a: Substituto|0 fnt
|faint|p1a: Substituto
|
|-heal|p2a: Monsder|100/100|[from] item: Leftovers
|
|switch|p1a: Arcanine|Arcanine-Hisui, M, shiny|100/100
|turn|15
|
|move|p1a: Arcanine|Extreme Speed|p2a: Monsder
|-crit|p2a: Monsder
|-damage|p2a: Monsder|54/100
|move|p2a: Monsder|Body Press|p1a: Arcanine
|-supereffective|p1a: Arcanine
|-damage|p1a: Arcanine|0 fnt
|faint|p1a: Arcanine
|
|win|Timwitzi4
|l|☆ColossusMalus
