|poke|p1|Sneasler, F|
|poke|p1|Magearna|
|poke|p1|Dragapult, F|
|poke|p1|Zamazenta-*|
|poke|p1|Volcarona, M|
|poke|p1|Ursaluna, M|
|poke|p2|Torkoal, M|
|poke|p2|Hatterene, F|
|poke|p2|Arcanine-Hisui, M|
|poke|p2|Lilligant-Hisui, F|
|poke|p2|Walking Wake|
|poke|p2|Great Tusk|
|teampreview
|
|start
|switch|p1a: Dragapult|Dragapult, F|100/100
|switch|p2a: Torkoal|Torkoal, M|100/100
|-weather|SunnyDay|[from] ability: Drought|[of] p2a: Torkoal
|turn|1
|
|switch|p2a: Hatterene|Hatterene, F|100/100
|move|p1a: Dragapult|Light Screen|p1a: Dragapult
|-sidestart|p1: p1|move: Light Screen
|
|-weather|SunnyDay|[upkeep]
|turn|2
|
|move|p1a: Dragapult|Reflect|p1a: Dragapult
|-sidestart|p1: p1|Reflect
|move|p2a: Hatterene|Psychic|p1a: Dragapult
|-damage|p1a: Dragapult|77/100
|
|-weather|SunnyDay|[upkeep]
|turn|3
|
|move|p1a: Dragapult|Curse|p2a: Hatterene
|-start|p2a: Hatterene|Curse|[of] p1a: Dragapult
|-damage|p1a: Dragapult|27/100
|move|p2a: Hatterene|Psychic|p1a: Dragapult
|-damage|p1a: Dragapult|6/100
|
|-weather|SunnyDay|[upkeep]
|-damage|p2a: Hatterene|76/100|[from] Curse
|turn|4
|
|switch|p2a: Great Tusk|Great Tusk|100/100
|-activate|p2a: Great Tusk|ability: Protosynthesis
|-start|p2a: Great Tusk|protosynthesisdef
|move|p1a: Dragapult|Will-O-Wisp|p2a: Great Tusk
|-status|p2a: Great Tusk|brn
|
|-weather|SunnyDay|[upkeep]
|-damage|p2a: Great Tusk|94/100 brn|[from] brn
|turn|5
|
|move|p1a: Dragapult|Curse|p2a: Great Tusk
|-start|p2a: Great Tusk|Curse|[of] p1a: Dragapult
|-damage|p1a: Dragapult|0 fnt
|faint|p1a: Dragapult
|move|p2a: Great Tusk|Knock Off|p1: Dragapult|[notarget]
|-fail|p2a: Great Tusk
|
|-weather|SunnyDay|[upkeep]
|-damage|p2a: Great Tusk|88/100 brn|[from] brn
|-damage|p2a: Great Tusk|63/100 brn|[from] Curse
|
|switch|p1a: Sneasler|Sneasler, F|100/100
|-item|p1a: Sneasler|Air Balloon
|turn|6
|
|-end|p2a: Great Tusk|Protosynthesis|[silent]
|switch|p2a: Walking Wake|Walking Wake|100/100
|-activate|p2a: Walking Wake|ability: Protosynthesis
|-start|p2a: Walking Wake|protosynthesisspe
|move|p1a: Sneasler|Swords Dance|p1a: Sneasler
|-boost|p1a: Sneasler|atk|2
|
|-weather|SunnyDay|[upkeep]
|turn|7
|
|-terastallize|p2a: Walking Wake|Water
|-terastallize|p1a: Sneasler|Flying
|move|p2a: Walking Wake|Hydro Steam|p1a: Sneasler
|-damage|p1a: Sneasler|22/100
|-enditem|p1a: Sneasler|Air Balloon
|move|p1a: Sneasler|Acrobatics|p2a: Walking Wake
|-damage|p2a: Walking Wake|0 fnt
|faint|p2a: Walking Wake
|-end|p2a: Walking Wake|Protosynthesis|[silent]
|
|-weather|SunnyDay|[upkeep]
|
|switch|p2a: Arcanine|Arcanine-Hisui, M|100/100
|turn|8
|
|move|p2a: Arcanine|Extreme Speed|p1a: Sneasler
|-damage|p1a: Sneasler|0 fnt
|faint|p1a: Sneasler
|
|-weather|none
|-sideend|p1: p1|move: Light Screen
|
|switch|p1a: Zamazenta|Zamazenta|100/100
|-ability|p1a: Zamazenta|Dauntless Shield|boost
|-boost|p1a: Zamazenta|def|1
|turn|9
|
|switch|p2a: Torkoal|Torkoal, M|100/100
|-weather|SunnyDay|[from] ability: Drought|[of] p2a: Torkoal
|move|p1a: Zamazenta|Substitute|p1a: Zamazenta
|-start|p1a: Zamazenta|Substitute
|-damage|p1a: Zamazenta|76/100
|
|-weather|SunnyDay|[upkeep]
|-heal|p1a: Zamazenta|82/100|[from] item: Leftovers
|-sideend|p1: p1|Reflect
|turn|10
|
|move|p1a: Zamazenta|Iron Defense|p1a: Zamazenta
|-boost|p1a: Zamazenta|def|2
|move|p2a: Torkoal|Lava Plume|p1a: Zamazenta
|-end|p1a: Zamazenta|Substitute
|
|-weather|SunnyDay|[upkeep]
|-heal|p1a: Zamazenta|88/100|[from] item: Leftovers
|turn|11
|
|move|p1a: Zamazenta|Iron Defense|p1a: Zamazenta
|-boost|p1a: Zamazenta|def|2
|move|p2a: Torkoal|Lava Plume|p1a: Zamazenta
|-damage|p1a: Zamazenta|51/100
|-status|p1a: Zamazenta|brn
|
|-weather|SunnyDay|[upkeep]
|-heal|p1a: Zamazenta|57/100 brn|[from] item: Leftovers
|-damage|p1a: Zamazenta|51/100 brn|[from] brn
|turn|12
|
|move|p1a: Zamazenta|Body Press|p2a: Torkoal
|-damage|p2a: Torkoal|62/100
|move|p2a: Torkoal|Stealth Rock|p1a: Zamazenta
|-sidestart|p1: p1|move: Stealth Rock
|
|-weather|SunnyDay|[upkeep]
|-heal|p1a: Zamazenta|57/100 brn|[from] item: Leftovers
|-damage|p1a: Zamazenta|51/100 brn|[from] brn
|turn|13
|
|switch|p2a: Great Tusk|Great Tusk|63/100 brn
|-activate|p2a: Great Tusk|ability: Protosynthesis
|-start|p2a: Great Tusk|protosynthesisdef
|move|p1a: Zamazenta|Body Press|p2a: Great Tusk
|-damage|p2a: Great Tusk|34/100 brn
|
|-weather|SunnyDay|[upkeep]
|-heal|p1a: Zamazenta|57/100 brn|[from] item: Leftovers
|-damage|p1a: Zamazenta|51/100 brn|[from] brn
|-damage|p2a: Great Tusk|28/100 brn|[from] brn
|turn|14
|
|move|p1a: Zamazenta|Body Press|p2a: Great Tusk
|-damage|p2a: Great Tusk|0 fnt
|faint|p2a: Great Tusk
|-end|p2a: Great Tusk|Protosynthesis|[silent]
|
|-weather|SunnyDay|[upkeep]
|-heal|p1a: Zamazenta|57/100 brn|[from] item: Leftovers
|-damage|p1a: Zamazenta|51/100 brn|[from] brn
|
|switch|p2a: Hatterene|Hatterene, F|76/100
|turn|15
|
|switch|p1a: Magearna|Magearna|100/100
|-damage|p1a: Magearna|94/100|[from] Stealth Rock
|move|p2a: Hatterene|Psychic|p1a: Magearna
|-resisted|p1a: Magearna
|-damage|p1a: Magearna|76/100
|
|-weather|SunnyDay|[upkeep]
|-heal|p1a: Magearna|82/100|[from] item: Leftovers
|turn|16
|
|switch|p2a: Arcanine|Arcanine-Hisui, M|100/100
|move|p1a: Magearna|Shift Gear|p1a: Magearna
|-boost|p1a: Magearna|spe|2
|-boost|p1a: Magearna|atk|1
|
|-weather|none
|-heal|p1a: Magearna|88/100|[from] item: Leftovers
|turn|17
|
|move|p1a: Magearna|Stored Power|p2a: Arcanine
|-damage|p2a: Arcanine|59/100
|move|p2a: Arcanine|Flare Blitz|p1a: Magearna
|-supereffective|p1a: Magearna
|-damage|p1a: Magearna|0 fnt
|faint|p1a: Magearna
|
|
|switch|p1a: Zamazenta|Zamazenta|51/100 brn
|-damage|p1a: Zamazenta|44/100 brn|[from] Stealth Rock
|turn|18
|
|switch|p2a: Torkoal|Torkoal, M|62/100
|-weather|SunnyDay|[from] ability: Drought|[of] p2a: Torkoal
|move|p1a: Zamazenta|Substitute|p1a: Zamazenta
|-start|p1a: Zamazenta|Substitute
|-damage|p1a: Zamazenta|20/100 brn
|
|-weather|SunnyDay|[upkeep]
|-heal|p1a: Zamazenta|26/100 brn|[from] item: Leftovers
|-damage|p1a: Zamazenta|20/100 brn|[from] brn
|turn|19
|
|move|p1a: Zamazenta|Iron Defense|p1a: Zamazenta
|-boost|p1a: Zamazenta|def|2
|move|p2a: Torkoal|Lava Plume|p1a: Zamazenta
|-end|p1a: Zamazenta|Substitute
|
|-weather|SunnyDay|[upkeep]
|-heal|p1a: Zamazenta|26/100 brn|[from] item: Leftovers
|-damage|p1a: Zamazenta|20/100 brn|[from] brn
|turn|20
|
|move|p1a: Zamazenta|Body Press|p2a: Torkoal
|-damage|p2a: Torkoal|41/100
|move|p2a: Torkoal|Lava Plume|p1a: Zamazenta
|-damage|p1a: Zamazenta|0 fnt
|faint|p1a: Zamazenta
|
|-weather|SunnyDay|[upkeep]
|
|switch|p1a: Volcarona|Volcarona, M|100/100
|turn|21
|
|move|p1a: Volcarona|Quiver Dance|p1a: Volcarona
|-boost|p1a: Volcarona|spa|1
|-boost|p1a: Volcarona|spd|1
|-boost|p1a: Volcarona|spe|1
|move|p2a: Torkoal|Yawn|p1a: Volcarona
|-start|p1a: Volcarona|move: Yawn|[of] p2a: Torkoal
|
|-weather|SunnyDay|[upkeep]
|turn|22
|
|switch|p1a: Ursaluna|Ursaluna, M|100/100
|-damage|p1a: Ursaluna|94/100|[from] Stealth Rock
|switch|p2a: Hatterene|Hatterene, F|76/100
|
|-weather|SunnyDay|[upkeep]
|-status|p1a: Ursaluna|brn|[from] item: Flame Orb
|turn|23
|
|move|p1a: Ursaluna|Facade|p2a: Hatterene
|-damage|p2a: Hatterene|0 fnt
|faint|p2a: Hatterene
|
|-weather|SunnyDay|[upkeep]
|-damage|p1a: Ursaluna|88/100 brn|[from] brn
|
|switch|p2a: Arcanine|Arcanine-Hisui, M|59/100
|turn|24
|
|move|p2a: Arcanine|Flare Blitz|p1a: Ursaluna
|-damage|p1a: Ursaluna|0 fnt
|faint|p1a: Ursaluna
|
|-weather|SunnyDay|[upkeep]
|
|switch|p1a: Volcarona|Volcarona, M|100/100
|turn|25
|
|move|p1a: Volcarona|Giga Drain|p2a: Arcanine
|-damage|p2a: Arcanine|21/100
|move|p2a: Arcanine|Flare Blitz|p1a: Volcarona
|-damage|p1a: Volcarona|0 fnt
|faint|p1a: Volcarona
|
|win|p2
