# advantage = p1
|poke|p1|Chien-Pao|
|poke|p1|Garganacl, F|
|poke|p1|Braviary-Hisui, M|
|poke|p1|Slowking-Galar, F|
|poke|p1|Great Tusk|
|poke|p1|Gholdengo|
|poke|p2|Landorus-Therian, M|
|poke|p2|Toxapex, F|
|poke|p2|Corviknight, F|
|poke|p2|Iron Moth|
|poke|p2|Zamazenta-*|
|poke|p2|Dragapult, F|
|teampreview
|
|start
|switch|p1a: Garganacl|Garganacl, F|100/100
|switch|p2a: Dragapult|Dragapult, F|100/100
|turn|1
|
|move|p2a: Dragapult|Reflect|p2a: Dragapult
|-sidestart|p2: p2|Reflect
|move|p1a: Garganacl|Salt Cure|p2a: Dragapult
|-damage|p2a: Dragapult|93/100
|-start|p2a: Dragapult|Salt Cure
|
|-damage|p2a: Dragapult|80/100|[from] Salt Cure
|turn|2
|
|move|p2a: Dragapult|Light Screen|p2a: Dragapult
|-sidestart|p2: p2|move: Light Screen
|move|p1a: Garganacl|Iron Defense|p1a: Garganacl
|-boost|p1a: Garganacl|def|2
|
|-damage|p2a: Dragapult|68/100|[from] Salt Cure
|turn|3
|
|move|p2a: Dragapult|Curse|p1a: Garganacl
|-start|p1a: Garganacl|Curse|[of] p2a: Dragapult
|-damage|p2a: Dragapult|18/100
|move|p1a: Garganacl|Stealth Rock|p2a: Dragapult
|-sidestart|p2: p2|move: Stealth Rock
|
|-damage|p1a: Garganacl|76/100|[from] Curse
|-damage|p2a: Dragapult|5/100|[from] Salt Cure
|turn|4
|
|move|p2a: Dragapult|Curse||[still]
|-fail|p2a: Dragapult
|move|p1a: Garganacl|Salt Cure|p2a: Dragapult
|-damage|p2a: Dragapult|0 fnt
|faint|p2a: Dragapult
|
|-heal|p1a: Garganacl|82/100|[from] item: Leftovers
|-damage|p1a: Garganacl|57/100|[from] Curse
|
|switch|p2a: Landorus|Landorus-Therian, M|100/100
|-damage|p2a: Landorus|88/100|[from] Stealth Rock
|-ability|p2a: Landorus|Intimidate|boost
|-unboost|p1a: Garganacl|atk|1
|turn|5
|
|move|p2a: Landorus|Substitute|p2a: Landorus
|-start|p2a: Landorus|Substitute
|-damage|p2a: Landorus|64/100
|move|p1a: Garganacl|Salt Cure|p2a: Landorus
|-activate|p2a: Landorus|move: Substitute|[damage]
|
|-heal|p2a: Landorus|69/100|[from] item: Leftovers
|-heal|p1a: Garganacl|63/100|[from] item: Leftovers
|-damage|p1a: Garganacl|38/100|[from] Curse
|turn|6
|
|switch|p1a: Gholdengo|Gholdengo|100/100
|move|p2a: Landorus|Nasty Plot|p2a: Landorus
|-boost|p2a: Landorus|spa|2
|
|-heal|p2a: Landorus|75/100|[from] item: Leftovers
|turn|7
|
|move|p2a: Landorus|Sandsear Storm|p1a: Gholdengo
|-supereffective|p1a: Gholdengo
|-damage|p1a: Gholdengo|0 fnt
|faint|p1a: Gholdengo
|
|-heal|p2a: Landorus|81/100|[from] item: Leftovers
|
|switch|p1a: Great Tusk|Great Tusk|100/100
|-enditem|p1a: Great Tusk|Booster Energy
|-activate|p1a: Great Tusk|ability: Protosynthesis|[fromitem]
|-start|p1a: Great Tusk|protosynthesisatk
|turn|8
|
|move|p2a: Landorus|Sandsear Storm|p1a: Great Tusk
|-damage|p1a: Great Tusk|0 fnt
|faint|p1a: Great Tusk
|-end|p1a: Great Tusk|Protosynthesis|[silent]
|
|-heal|p2a: Landorus|87/100|[from] item: Leftovers
|-sideend|p2: p2|Reflect
|-message|p1 forfeited.
|
|win|p2
