|poke|p1|Dragapult, F|
|poke|p1|Magnezone|
|poke|p1|Great Tusk|
|poke|p1|Toxapex, F|
|poke|p1|Mew|
|poke|p1|Dragonite, F|
|poke|p2|Chien-Pao|
|poke|p2|Skeledirge, M|
|poke|p2|Iron Treads|
|poke|p2|Abomasnow, M|
|poke|p2|Zamazenta-*|
|poke|p2|Hatterene, F|
|teampreview
|
|start
|switch|p1a: Magnezone|Magnezone|100/100
|switch|p2a: Chien-Pao|Chien-Pao|100/100
|-ability|p2a: Chien-Pao|Sword of Ruin
|-item|p1a: Magnezone|Air Balloon
|turn|1
|
|switch|p2a: Iron Treads|Iron Treads|100/100
|move|p1a: Magnezone|Body Press|p2a: Iron Treads
|-supereffective|p2a: Iron Treads
|-damage|p2a: Iron Treads|62/100
|
|turn|2
|
|move|p2a: Iron Treads|Rapid Spin|p1a: Magnezone
|-resisted|p1a: Magnezone
|-damage|p1a: Magnezone|94/100
|-boost|p2a: Iron Treads|spe|1
|-enditem|p1a: Magnezone|Air Balloon
|move|p1a: Magnezone|Body Press|p2a: Iron Treads
|-supereffective|p2a: Iron Treads
|-damage|p2a: Iron Treads|23/100
|
|turn|3
|
|switch|p1a: Great Tusk|Great Tusk|100/100
|move|p2a: Iron Treads|Knock Off|p1a: Great Tusk
|-resisted|p1a: Great Tusk
|-damage|p1a: Great Tusk|90/100
|-enditem|p1a: Great Tusk|Lum Berry|[from] move: Knock Off|[of] p2a: Iron Treads
|
|turn|4
|
|-end|p2a: Iron Treads|Quark Drive|[silent]
|switch|p2a: Abomasnow|Abomasnow, M|100/100
|-weather|Snow|[from] ability: Snow Warning|[of] p2a: Abomasnow
|move|p1a: Great Tusk|Rapid Spin|p2a: Abomasnow
|-damage|p2a: Abomasnow|88/100
|-boost|p1a: Great Tusk|spe|1
|
|-weather|Snow|[upkeep]
|turn|5
|
|move|p1a: Great Tusk|Close Combat|p2a: Abomasnow
|-supereffective|p2a: Abomasnow
|-damage|p2a: Abomasnow|5/100
|-unboost|p1a: Great Tusk|def|1
|-unboost|p1a: Great Tusk|spd|1
|move|p2a: Abomasnow|Blizzard|p1a: Great Tusk
|-supereffective|p1a: Great Tusk
|-damage|p1a: Great Tusk|0 fnt
|faint|p1a: Great Tusk
|-end|p1a: Great Tusk|Protosynthesis|[silent]
|
|-weather|Snow|[upkeep]
|
|switch|p1a: Dragapult|Dragapult, F|100/100
|turn|6
|
|switch|p2a: Iron Treads|Iron Treads|23/100
|move|p1a: Dragapult|Dragon Darts|p2a: Iron Treads
|-resisted|p2a: Iron Treads
|-damage|p2a: Iron Treads|11/100
|-anim|p1a: Dragapult|Dragon Darts|p2a: Iron Treads
|-resisted|p2a: Iron Treads
|-damage|p2a: Iron Treads|0 fnt
|faint|p2a: Iron Treads
|-end|p2a: Iron Treads|Quark Drive|[silent]
|
|-weather|Snow|[upkeep]
|
|switch|p2a: Chien-Pao|Chien-Pao|100/100
|-ability|p2a: Chien-Pao|Sword of Ruin
|turn|7
|
|move|p1a: Dragapult|U-turn|p2a: Chien-Pao
|-supereffective|p2a: Chien-Pao
|-damage|p2a: Chien-Pao|62/100
|
|switch|p1a: Toxapex|Toxapex, F|100/100|[from] U-turn
|move|p2a: Chien-Pao|Crunch|p1a: Toxapex
|-damage|p1a: Toxapex|34/100
|
|-weather|Snow|[upkeep]
|turn|8
|
|switch|p1a: Magnezone|Magnezone|94/100
|move|p2a: Chien-Pao|Crunch|p1a: Magnezone
|-damage|p1a: Magnezone|37/100
|
|-weather|none
|turn|9
|
|move|p2a: Chien-Pao|Crunch|p1a: Magnezone
|-damage|p1a: Magnezone|0 fnt
|faint|p1a: Magnezone
|
|
|switch|p1a: Dragapult|Dragapult, F|100/100
|turn|10
|
|switch|p2a: Hatterene|Hatterene, F|100/100
|move|p1a: Dragapult|Dragon Darts|p2a: Hatterene
|-immune|p2a: Hatterene
|
|turn|11
|
|move|p1a: Dragapult|U-turn|p2a: Hatterene
|-damage|p2a: Hatterene|81/100
|-damage|p1a: Dragapult|84/100|[from] item: Rocky Helmet|[of] p2a: Hatterene
|
|switch|p1a: Mew|Mew|100/100|[from] U-turn
|move|p2a: Hatterene|Calm Mind|p2a: Hatterene
|-boost|p2a: Hatterene|spa|1
|-boost|p2a: Hatterene|spd|1
|
|turn|12
|
|move|p1a: Mew|Calm Mind|p1a: Mew
|-boost|p1a: Mew|spa|1
|-boost|p1a: Mew|spd|1
|move|p2a: Hatterene|Mystical Fire|p1a: Mew
|-damage|p1a: Mew|83/100
|-unboost|p1a: Mew|spa|1
|
|-heal|p1a: Mew|89/100|[from] item: Leftovers
|turn|13
|
|move|p1a: Mew|Calm Mind|p1a: Mew
|-boost|p1a: Mew|spa|1
|-boost|p1a: Mew|spd|1
|move|p2a: Hatterene|Mystical Fire|p1a: Mew
|-damage|p1a: Mew|73/100
|-unboost|p1a: Mew|spa|1
|
|-heal|p1a: Mew|79/100|[from] item: Leftovers
|turn|14
|
|switch|p2a: Chien-Pao|Chien-Pao|62/100
|-ability|p2a: Chien-Pao|Sword of Ruin
|move|p1a: Mew|Calm Mind|p1a: Mew
|-boost|p1a: Mew|spa|1
|-boost|p1a: Mew|spd|1
|
|-heal|p1a: Mew|86/100|[from] item: Leftovers
|turn|15
|
|-terastallize|p1a: Mew|Fairy
|move|p2a: Chien-Pao|Icicle Crash|p1a: Mew
|-damage|p1a: Mew|35/100
|move|p1a: Mew|Calm Mind|p1a: Mew
|-boost|p1a: Mew|spa|1
|-boost|p1a: Mew|spd|1
|
|-heal|p1a: Mew|41/100|[from] item: Leftovers
|turn|16
|
|move|p2a: Chien-Pao|Icicle Crash|p1a: Mew
|-damage|p1a: Mew|0 fnt
|faint|p1a: Mew
|
|
|switch|p1a: Dragapult|Dragapult, F|84/100
|turn|17
|
|switch|p2a: Abomasnow|Abomasnow, M|5/100
|-weather|Snow|[from] ability: Snow Warning|[of] p2a: Abomasnow
|move|p1a: Dragapult|U-turn|p2a: Abomasnow
|-supereffective|p2a: Abomasnow
|-damage|p2a: Abomasnow|0 fnt
|faint|p2a: Abomasnow
|
|switch|p1a: Dragonite|Dragonite, F|100/100|[from] U-turn
|
|-weather|Snow|[upkeep]
|
|switch|p2a: Chien-Pao|Chien-Pao|62/100
|-ability|p2a: Chien-Pao|Sword of Ruin
|turn|18
|
|switch|p1a: Toxapex|Toxapex, F|67/100
|move|p2a: Chien-Pao|Icicle Crash|p1a: Toxapex
|-resisted|p1a: Toxapex
|-damage|p1a: Toxapex|37/100
|
|-weather|Snow|[upkeep]
|turn|19
|
|switch|p1a: Dragonite|Dragonite, F|100/100
|move|p2a: Chien-Pao|Icicle Crash|p1a: Dragonite
|-supereffective|p1a: Dragonite
|-damage|p1a: Dragonite|0 fnt
|faint|p1a: Dragonite
|
|-weather|Snow|[upkeep]
|-message|average cs major forfeited.
|
|win|erduashi
