|poke|p1|Dragapult, M|
|poke|p1|Sneasler, M|
|poke|p1|Great Tusk|
|poke|p1|Samurott-Hisui, M|
|poke|p1|Gholdengo|
|poke|p1|Enamorus, F|
|poke|p2|Ursaluna, M|
|poke|p2|Regidrago|
|poke|p2|Hatterene, F|
|poke|p2|Corviknight, M|
|poke|p2|Thundurus-Therian, M|
|poke|p2|Meowscarada, M|
|teampreview
|
|start
|switch|p1a: Sneasler|Sneasler, M, shiny|100/100
|switch|p2a: Thundurus|Thundurus-Therian, M|100/100
|turn|1
|
|move|p1a: Sneasler|U-turn|p2a: Thundurus
|-resisted|p2a: Thundurus
|-damage|p2a: Thundurus|81/100
|
|switch|p1a: Gholdengo|Gholdengo|100/100|[from] U-turn
|move|p2a: Thundurus|Volt Switch|p1a: Gholdengo
|-damage|p1a: Gholdengo|68/100
|
|switch|p2a: Meowscarada|Meowscarada, M|100/100|[from] Volt Switch
|
|-heal|p1a: Gholdengo|74/100|[from] item: Leftovers
|turn|2
|
|switch|p1a: Sneasler|Sneasler, M, shiny|100/100
|move|p2a: Meowscarada|Knock Off|p1a: Sneasler
|-resisted|p1a: Sneasler
|-crit|p1a: Sneasler
|-damage|p1a: Sneasler|39/100
|-enditem|p1a: Sneasler|Choice Scarf|[from] move: Knock Off|[of] p2a: Meowscarada
|
|turn|3
|
|move|p2a: Meowscarada|Spikes|p1a: Sneasler
|-sidestart|p1: michael213|Spikes
|move|p1a: Sneasler|U-turn|p2a: Meowscarada
|-supereffective|p2a: Meowscarada
|-enditem|p2a: Meowscarada|Focus Sash
|-damage|p2a: Meowscarada|1/100
|
|switch|p1a: Dragapult|Dragapult, M, shiny|100/100|[from] U-turn
|-damage|p1a: Dragapult|88/100|[from] Spikes
|
|-heal|p1a: Dragapult|94/100|[from] item: Leftovers
|turn|4
|
|switch|p2a: Hatterene|Hatterene, F|100/100
|move|p1a: Dragapult|Dragon Darts|p2a: Hatterene
|-immune|p2a: Hatterene
|
|-heal|p1a: Dragapult|100/100|[from] item: Leftovers
|turn|5
|
|switch|p1a: Gholdengo|Gholdengo|74/100
|-damage|p1a: Gholdengo|62/100|[from] Spikes
|move|p2a: Hatterene|Trick Room|p2a: Hatterene
|-fieldstart|move: Trick Room|[of] p2a: Hatterene
|
|-heal|p1a: Gholdengo|68/100|[from] item: Leftovers
|turn|6
|
|switch|p2a: Ursaluna|Ursaluna, M|100/100
|move|p1a: Gholdengo|Make It Rain|p2a: Ursaluna
|-damage|p2a: Ursaluna|52/100
|-unboost|p1a: Gholdengo|spa|1
|
|-heal|p1a: Gholdengo|74/100|[from] item: Leftovers
|-status|p2a: Ursaluna|brn|[from] item: Flame Orb
|turn|7
|
|switch|p1a: Great Tusk|Great Tusk, shiny|100/100
|-damage|p1a: Great Tusk|88/100|[from] Spikes
|move|p2a: Ursaluna|Headlong Rush|p1a: Great Tusk
|-damage|p1a: Great Tusk|38/100
|-unboost|p2a: Ursaluna|def|1
|-unboost|p2a: Ursaluna|spd|1
|-damage|p2a: Ursaluna|35/100 brn|[from] item: Rocky Helmet|[of] p1a: Great Tusk
|
|-damage|p2a: Ursaluna|29/100 brn|[from] brn
|turn|8
|
|move|p2a: Ursaluna|Facade|p1a: Great Tusk
|-damage|p1a: Great Tusk|0 fnt
|-damage|p2a: Ursaluna|12/100 brn|[from] item: Rocky Helmet|[of] p1a: Great Tusk
|faint|p1a: Great Tusk
|-end|p1a: Great Tusk|Protosynthesis|[silent]
|
|-damage|p2a: Ursaluna|6/100 brn|[from] brn
|
|switch|p1a: Samurott|Samurott-Hisui, M, shiny|100/100
|-damage|p1a: Samurott|88/100|[from] Spikes
|turn|9
|
|switch|p2a: Hatterene|Hatterene, F|100/100
|move|p1a: Samurott|Sucker Punch||[still]
|-fail|p1a: Samurott
|
|-fieldend|move: Trick Room
|turn|10
|
|-terastallize|p1a: Samurott|Dark
|move|p1a: Samurott|Ceaseless Edge|p2a: Hatterene
|-damage|p2a: Hatterene|39/100
|-sidestart|p2: Wiiboidibo|Spikes
|-enditem|p2a: Hatterene|Red Card|[of] p1a: Samurott
|drag|p1a: Sneasler|Sneasler, M, shiny|39/100
|-damage|p1a: Sneasler|26/100|[from] Spikes
|move|p2a: Hatterene|Trick Room|p2a: Hatterene
|-fieldstart|move: Trick Room|[of] p2a: Hatterene
|
|turn|11
|
|move|p2a: Hatterene|Healing Wish|p2a: Hatterene
|faint|p2a: Hatterene
|move|p1a: Sneasler|U-turn|p2: Hatterene|[notarget]
|-fail|p1a: Sneasler
|
|
|switch|p2a: Ursaluna|Ursaluna, M|6/100 brn
|-heal|p2a: Ursaluna|100/100|[from] move: Healing Wish
|-damage|p2a: Ursaluna|88/100|[from] Spikes
|turn|12
|
|move|p2a: Ursaluna|Facade|p1a: Sneasler
|-damage|p1a: Sneasler|0 fnt
|faint|p1a: Sneasler
|
|-status|p2a: Ursaluna|brn|[from] item: Flame Orb
|
|switch|p1a: Dragapult|Dragapult, M, shiny|100/100
|-damage|p1a: Dragapult|88/100|[from] Spikes
|turn|13
|
|switch|p1a: Enamorus|Enamorus, F|100/100
|move|p2a: Ursaluna|Headlong Rush|p1a: Enamorus
|-immune|p1a: Enamorus
|
|-damage|p2a: Ursaluna|82/100 brn|[from] brn
|turn|14
|
|move|p2a: Ursaluna|Facade|p1a: Enamorus
|-damage|p1a: Enamorus|0 fnt
|faint|p1a: Enamorus
|
|-damage|p2a: Ursaluna|75/100 brn|[from] brn
|-fieldend|move: Trick Room
|
|switch|p1a: Samurott|Samurott-Hisui, M, shiny, tera:Dark|88/100
|-damage|p1a: Samurott|76/100|[from] Spikes
|turn|15
|
|move|p1a: Samurott|Razor Shell|p2a: Ursaluna
|-supereffective|p2a: Ursaluna
|-damage|p2a: Ursaluna|0 fnt
|faint|p2a: Ursaluna
|-damage|p1a: Samurott|66/100|[from] item: Life Orb
|
|
|switch|p2a: Thundurus|Thundurus-Therian, M|81/100
|turn|16
|
|move|p1a: Samurott|Sucker Punch|p2a: Thundurus
|-damage|p2a: Thundurus|0 fnt
|faint|p2a: Thundurus
|-damage|p1a: Samurott|56/100|[from] item: Life Orb
|
|
|switch|p2a: Corviknight|Corviknight, M|100/100
|-ability|p2a: Corviknight|Pressure
|turn|17
|
|switch|p1a: Gholdengo|Gholdengo|74/100
|-damage|p1a: Gholdengo|62/100|[from] Spikes
|move|p2a: Corviknight|U-turn|p1a: Gholdengo
|-resisted|p1a: Gholdengo
|-damage|p1a: Gholdengo|59/100
|
|switch|p2a: Regidrago|Regidrago|100/100|[from] U-turn
|-damage|p2a: Regidrago|88/100|[from] Spikes
|
|-heal|p1a: Gholdengo|65/100|[from] item: Leftovers
|turn|18
|
|switch|p1a: Dragapult|Dragapult, M, shiny|88/100
|-damage|p1a: Dragapult|76/100|[from] Spikes
|-terastallize|p2a: Regidrago|Dragon
|move|p2a: Regidrago|Dragon Energy|p1a: Dragapult
|-supereffective|p1a: Dragapult
|-damage|p1a: Dragapult|0 fnt
|faint|p1a: Dragapult
|
|
|switch|p1a: Samurott|Samurott-Hisui, M, shiny, tera:Dark|56/100
|-damage|p1a: Samurott|43/100|[from] Spikes
|turn|19
|
|switch|p2a: Corviknight|Corviknight, M|100/100
|-ability|p2a: Corviknight|Pressure
|move|p1a: Samurott|Ceaseless Edge|p2a: Corviknight|[miss]
|-miss|p1a: Samurott|p2a: Corviknight
|
|turn|20
|
|move|p1a: Samurott|Ceaseless Edge|p2a: Corviknight|[miss]
|-miss|p1a: Samurott|p2a: Corviknight
|move|p2a: Corviknight|U-turn|p1a: Samurott
|-supereffective|p1a: Samurott
|-damage|p1a: Samurott|3/100
|
|switch|p2a: Regidrago|Regidrago, tera:Dragon|88/100|[from] U-turn
|-damage|p2a: Regidrago|76/100|[from] Spikes
|
|turn|21
|
|switch|p2a: Corviknight|Corviknight, M|100/100
|-ability|p2a: Corviknight|Pressure
|move|p1a: Samurott|Sucker Punch||[still]
|-fail|p1a: Samurott
|
|turn|22
|
|move|p1a: Samurott|Ceaseless Edge|p2a: Corviknight
|-damage|p2a: Corviknight|41/100
|-sidestart|p2: Wiiboidibo|Spikes
|-damage|p1a: Samurott|0 fnt|[from] item: Life Orb
|faint|p1a: Samurott
|move|p2a: Corviknight|U-turn|p1: Samurott|[notarget]
|-fail|p2a: Corviknight
|
|-heal|p2a: Corviknight|47/100|[from] item: Leftovers
|
|switch|p1a: Gholdengo|Gholdengo|65/100
|-damage|p1a: Gholdengo|53/100|[from] Spikes
|turn|23
|
|move|p1a: Gholdengo|Recover|p1a: Gholdengo
|-heal|p1a: Gholdengo|100/100
|move|p2a: Corviknight|Roost|p2a: Corviknight
|-heal|p2a: Corviknight|97/100
|-singleturn|p2a: Corviknight|move: Roost
|
|-heal|p2a: Corviknight|100/100|[from] item: Leftovers
|turn|24
|
|move|p1a: Gholdengo|Shadow Ball|p2a: Corviknight
|-damage|p2a: Corviknight|75/100
|-unboost|p2a: Corviknight|spd|1
|move|p2a: Corviknight|Brave Bird|p1a: Gholdengo
|-resisted|p1a: Gholdengo
|-damage|p1a: Gholdengo|83/100
|-damage|p2a: Corviknight|69/100|[from] Recoil
|
|-heal|p1a: Gholdengo|89/100|[from] item: Leftovers
|-heal|p2a: Corviknight|75/100|[from] item: Leftovers
|turn|25
|
|move|p1a: Gholdengo|Shadow Ball|p2a: Corviknight
|-damage|p2a: Corviknight|38/100
|move|p2a: Corviknight|U-turn|p1a: Gholdengo
|-resisted|p1a: Gholdengo
|-damage|p1a: Gholdengo|86/100
|
|switch|p2a: Regidrago|Regidrago, tera:Dragon|76/100|[from] U-turn
|-damage|p2a: Regidrago|59/100|[from] Spikes
|
|-heal|p1a: Gholdengo|92/100|[from] item: Leftovers
|turn|26
|
|move|p2a: Regidrago|Earth Power|p1a: Gholdengo
|-supereffective|p1a: Gholdengo
|-damage|p1a: Gholdengo|55/100
|move|p1a: Gholdengo|Make It Rain|p2a: Regidrago
|-damage|p2a: Regidrago|1/100
|-unboost|p1a: Gholdengo|spa|1
|
|-heal|p1a: Gholdengo|61/100|[from] item: Leftovers
|turn|27
|
|move|p2a: Regidrago|Earth Power|p1a: Gholdengo
|-supereffective|p1a: Gholdengo
|-damage|p1a: Gholdengo|18/100
|move|p1a: Gholdengo|Shadow Ball|p2a: Regidrago
|-damage|p2a: Regidrago|0 fnt
|faint|p2a: Regidrago
|
|-heal|p1a: Gholdengo|24/100|[from] item: Leftovers
|-message|Wiiboidibo forfeited.
|
|win|michael213
