|poke|p1|Kleavor, F|
|poke|p1|Zamazenta-*|
|poke|p1|Urshifu-*, F|
|poke|p1|Enamorus, F|
|poke|p1|Lilligant-Hisui, F|
|poke|p1|Slowking-Galar, M|
|poke|p2|Kingambit, F|
|poke|p2|Gallade, M|
|poke|p2|Great Tusk|
|poke|p2|Cinderace, F|
|poke|p2|Corviknight, M|
|poke|p2|Inteleon, M|
|teampreview
|
|start
|switch|p1a: Kleavor|Kleavor, F|100/100
|switch|p2a: Gallade|Gallade, M, shiny|100/100
|turn|1
|
|move|p1a: Kleavor|Stone Axe|p2a: Gallade
|-resisted|p2a: Gallade
|-damage|p2a: Gallade|46/100
|-sidestart|p2: p2|move: Stealth Rock
|-damage|p1a: Kleavor|91/100|[from] item: Life Orb
|move|p2a: Gallade|Aqua Cutter|p1a: Kleavor
|-supereffective|p1a: Kleavor
|-crit|p1a: Kleavor
|-damage|p1a: Kleavor|0 fnt
|faint|p1a: Kleavor
|
|
|switch|p1a: Urshifu|Urshifu-Rapid-Strike, F|100/100
|turn|2
|
|switch|p2a: Corviknight|Corviknight, M|100/100
|-damage|p2a: Corviknight|88/100|[from] Stealth Rock
|move|p1a: Urshifu|Surging Strikes|p2a: Corviknight
|-crit|p2a: Corviknight
|-damage|p2a: Corviknight|75/100
|-damage|p1a: Urshifu|84/100|[from] item: Rocky Helmet|[of] p2a: Corviknight
|-crit|p2a: Corviknight
|-damage|p2a: Corviknight|62/100
|-damage|p1a: Urshifu|68/100|[from] item: Rocky Helmet|[of] p2a: Corviknight
|-crit|p2a: Corviknight
|-damage|p2a: Corviknight|49/100
|-damage|p1a: Urshifu|51/100|[from] item: Rocky Helmet|[of] p2a: Corviknight
|-hitcount|p2a: Corviknight|3
|
|turn|3
|
|switch|p1a: Slowking|Slowking-Galar, M|100/100
|move|p2a: Corviknight|Roost|p2a: Corviknight
|-heal|p2a: Corviknight|99/100
|-singleturn|p2a: Corviknight|move: Roost
|
|turn|4
|
|move|p2a: Corviknight|Defog|p1a: Slowking
|-unboost|p1a: Slowking|evasion|1
|-sideend|p2: p2|Stealth Rock|[from] move: Defog|[of] p2a: Corviknight
|move|p1a: Slowking|Surf|p2a: Corviknight
|-damage|p2a: Corviknight|78/100
|
|turn|5
|
|move|p2a: Corviknight|Brave Bird|p1a: Slowking
|-damage|p1a: Slowking|61/100
|-damage|p2a: Corviknight|65/100|[from] Recoil
|move|p1a: Slowking|Thunder Wave|p2a: Corviknight
|-status|p2a: Corviknight|par
|
|turn|6
|
|move|p1a: Slowking|Chilly Reception|p1a: Slowking
|-weather|Snow
|
|switch|p1a: Enamorus|Enamorus, F|100/100|[from] Chilly Reception
|cant|p2a: Corviknight|par
|
|-weather|Snow|[upkeep]
|turn|7
|
|move|p1a: Enamorus|Mystical Fire|p2a: Corviknight
|-supereffective|p2a: Corviknight
|-damage|p2a: Corviknight|11/100 par
|-ability|p2a: Corviknight|Mirror Armor
|-unboost|p1a: Enamorus|spa|1
|cant|p2a: Corviknight|par
|
|-weather|Snow|[upkeep]
|turn|8
|
|move|p1a: Enamorus|Mystical Fire|p2a: Corviknight
|-supereffective|p2a: Corviknight
|-damage|p2a: Corviknight|0 fnt
|faint|p2a: Corviknight
|
|-weather|Snow|[upkeep]
|
|switch|p2a: Great Tusk|Great Tusk|100/100
|turn|9
|
|switch|p1a: Slowking|Slowking-Galar, M|95/100
|move|p2a: Great Tusk|Stealth Rock|p1a: Slowking
|-sidestart|p1: p1|move: Stealth Rock
|
|-weather|Snow|[upkeep]
|turn|10
|
|move|p2a: Great Tusk|Knock Off|p1a: Slowking
|-supereffective|p1a: Slowking
|-damage|p1a: Slowking|30/100
|-enditem|p1a: Slowking|Heavy-Duty Boots|[from] move: Knock Off|[of] p2a: Great Tusk
|move|p1a: Slowking|Thunder Wave|p2a: Great Tusk
|-immune|p2a: Great Tusk
|
|-weather|none
|turn|11
|
|move|p2a: Great Tusk|Knock Off|p1a: Slowking
|-supereffective|p1a: Slowking
|-damage|p1a: Slowking|0 fnt
|faint|p1a: Slowking
|
|
|switch|p1a: Enamorus|Enamorus, F|100/100
|turn|12
|
|-end|p2a: Great Tusk|Protosynthesis|[silent]
|switch|p2a: Cinderace|Cinderace, F|100/100
|move|p1a: Enamorus|Moonblast|p2a: Cinderace
|-resisted|p2a: Cinderace
|-damage|p2a: Cinderace|65/100
|
|turn|13
|
|move|p2a: Cinderace|Gunk Shot|p1a: Enamorus
|-start|p2a: Cinderace|typechange|Poison|[from] ability: Libero
|-supereffective|p1a: Enamorus
|-damage|p1a: Enamorus|0 fnt
|faint|p1a: Enamorus
|-damage|p2a: Cinderace|55/100|[from] item: Life Orb
|
|
|switch|p1a: Zamazenta|Zamazenta|100/100
|-damage|p1a: Zamazenta|94/100|[from] Stealth Rock
|-ability|p1a: Zamazenta|Dauntless Shield|boost
|-boost|p1a: Zamazenta|def|1
|turn|14
|
|switch|p2a: Great Tusk|Great Tusk|100/100
|move|p1a: Zamazenta|Iron Defense|p1a: Zamazenta
|-boost|p1a: Zamazenta|def|2
|
|-heal|p1a: Zamazenta|100/100|[from] item: Leftovers
|turn|15
|
|move|p1a: Zamazenta|Substitute|p1a: Zamazenta
|-start|p1a: Zamazenta|Substitute
|-damage|p1a: Zamazenta|76/100
|move|p2a: Great Tusk|Knock Off|p1a: Zamazenta
|-resisted|p1a: Zamazenta
|-activate|p1a: Zamazenta|move: Substitute|[damage]
|
|-heal|p1a: Zamazenta|82/100|[from] item: Leftovers
|turn|16
|
|move|p1a: Zamazenta|Body Press|p2a: Great Tusk
|-damage|p2a: Great Tusk|33/100
|move|p2a: Great Tusk|Headlong Rush|p1a: Zamazenta
|-activate|p1a: Zamazenta|move: Substitute|[damage]
|-unboost|p2a: Great Tusk|def|1
|-unboost|p2a: Great Tusk|spd|1
|
|-heal|p1a: Zamazenta|88/100|[from] item: Leftovers
|-heal|p2a: Great Tusk|39/100|[from] item: Leftovers
|turn|17
|
|move|p1a: Zamazenta|Body Press|p2a: Great Tusk
|-damage|p2a: Great Tusk|0 fnt
|faint|p2a: Great Tusk
|-end|p2a: Great Tusk|Protosynthesis|[silent]
|
|-heal|p1a: Zamazenta|94/100|[from] item: Leftovers
|
|switch|p2a: Inteleon|Inteleon, M|100/100
|turn|18
|
|move|p1a: Zamazenta|Body Press|p2a: Inteleon
|-damage|p2a: Inteleon|0 fnt
|faint|p2a: Inteleon
|
|-heal|p1a: Zamazenta|99/100|[from] item: Leftovers
|
|switch|p2a: Cinderace|Cinderace, F|55/100
|turn|19
|
|move|p1a: Zamazenta|Body Press|p2a: Cinderace
|-damage|p2a: Cinderace|0 fnt
|faint|p2a: Cinderace
|
|-heal|p1a: Zamazenta|100/100|[from] item: Leftovers
|-message|p2 forfeited.
|
|win|p1
