|poke|p1|Arcanine-Hisui, F|
|poke|p1|Urshifu-*, M|
|poke|p1|Kingambit, M|
|poke|p1|Great Tusk|
|poke|p1|Garchomp, M|
|poke|p1|Zapdos|
|poke|p2|Kleavor, F|
|poke|p2|Great Tusk|
|poke|p2|Iron Thorns|
|poke|p2|Torkoal, M|
|poke|p2|Walking Wake|
|poke|p2|Lilligant-Hisui, F|
|teampreview
|
|start
|switch|p1a: Garchomp|Garchomp, M|100/100
|switch|p2a: Kleavor|Kleavor, F|100/100
|turn|1
|
|move|p1a: Garchomp|Earthquake|p2a: Kleavor
|-damage|p2a: Kleavor|33/100
|-damage|p1a: Garchomp|91/100|[from] item: Life Orb
|move|p2a: Kleavor|Trailblaze|p1a: Garchomp
|-damage|p1a: Garchomp|72/100
|-boost|p2a: Kleavor|spe|1
|-damage|p2a: Kleavor|20/100|[from] ability: Rough Skin|[of] p1a: Garchomp
|
|turn|2
|
|move|p2a: Kleavor|Stone Axe|p1a: Garchomp
|-resisted|p1a: Garchomp
|-damage|p1a: Garchomp|45/100
|-sidestart|p1: p1|move: Stealth Rock
|-damage|p2a: Kleavor|8/100|[from] ability: Rough Skin|[of] p1a: Garchomp
|move|p1a: Garchomp|Earthquake|p2a: Kleavor
|-damage|p2a: Kleavor|0 fnt
|faint|p2a: Kleavor
|-damage|p1a: Garchomp|35/100|[from] item: Life Orb
|
|
|switch|p2a: Great Tusk|Great Tusk|100/100
|turn|3
|
|switch|p1a: Zapdos|Zapdos|100/100
|move|p2a: Great Tusk|Rapid Spin|p1a: Zapdos
|-damage|p1a: Zapdos|86/100
|-boost|p2a: Great Tusk|spe|1
|
|turn|4
|
|move|p2a: Great Tusk|Knock Off|p1a: Zapdos
|-damage|p1a: Zapdos|59/100
|-status|p2a: Great Tusk|par|[from] ability: Static|[of] p1a: Zapdos
|-enditem|p1a: Zapdos|Heavy-Duty Boots|[from] move: Knock Off|[of] p2a: Great Tusk
|move|p1a: Zapdos|Hurricane|p2a: Great Tusk|[miss]
|-miss|p1a: Zapdos|p2a: Great Tusk
|
|turn|5
|
|move|p1a: Zapdos|Hurricane|p2a: Great Tusk
|-supereffective|p2a: Great Tusk
|-damage|p2a: Great Tusk|0 fnt
|faint|p2a: Great Tusk
|-end|p2a: Great Tusk|Protosynthesis|[silent]
|
|
|switch|p2a: Torkoal|Torkoal, M|100/100
|-weather|SunnyDay|[from] ability: Drought|[of] p2a: Torkoal
|turn|6
|
|move|p1a: Zapdos|Volt Switch|p2a: Torkoal
|-damage|p2a: Torkoal|59/100
|-message|p2 forfeited.
|
|win|p1
