|poke|p1|Pelipper, M|
|poke|p1|Thundurus-Therian, M|
|poke|p1|Basculegion, M|
|poke|p1|Azumarill, F|
|poke|p1|Overqwil, M|
|poke|p1|Volcanion|
|poke|p2|Kleavor, F|
|poke|p2|Zamazenta-*|
|poke|p2|Iron Treads|
|poke|p2|Urshifu-*, F|
|poke|p2|Decidueye-Hisui, M|
|poke|p2|Skeledirge, F|
|teampreview
|
|start
|switch|p1a: Pelipper|Pelipper, M, shiny|100/100
|switch|p2a: Iron Treads|Iron Treads, shiny|100/100
|-weather|RainDance|[from] ability: Drizzle|[of] p1a: Pelipper
|turn|1
|
|move|p2a: Iron Treads|Volt Switch|p1a: Pelipper
|-supereffective|p1a: Pelipper
|-damage|p1a: Pelipper|35/100
|
|-end|p2a: Iron Treads|Quark Drive|[silent]
|switch|p2a: Skeledirge|Skeledirge, F, shiny|100/100|[from] Volt Switch
|move|p1a: Pelipper|U-turn|p2a: Skeledirge
|-resisted|p2a: Skeledirge
|-damage|p2a: Skeledirge|99/100
|
|switch|p1a: Fat fuck|Azumarill, F, shiny|100/100|[from] U-turn
|
|-weather|RainDance|[upkeep]
|turn|2
|
|move|p2a: Skeledirge|Will-O-Wisp|p1a: Fat fuck
|-status|p1a: Fat fuck|brn
|move|p1a: Fat fuck|Liquidation|p2a: Skeledirge
|-supereffective|p2a: Skeledirge
|-damage|p2a: Skeledirge|0 fnt
|faint|p2a: Skeledirge
|
|-weather|RainDance|[upkeep]
|-damage|p1a: Fat fuck|94/100 brn|[from] brn
|
|switch|p2a: Decidueye|Decidueye-Hisui, M, shiny|100/100
|turn|3
|
|switch|p1a: Peter|Overqwil, M, shiny|100/100
|move|p2a: Decidueye|Leaf Blade|p1a: Peter
|-resisted|p1a: Peter
|-damage|p1a: Peter|67/100
|-damage|p2a: Decidueye|90/100|[from] item: Life Orb
|
|-weather|RainDance|[upkeep]
|turn|4
|
|move|p1a: Peter|Barb Barrage|p2a: Decidueye
|-supereffective|p2a: Decidueye
|-damage|p2a: Decidueye|32/100
|move|p2a: Decidueye|U-turn|p1a: Peter
|-damage|p1a: Peter|34/100
|-damage|p2a: Decidueye|22/100|[from] item: Life Orb
|
|switch|p2a: Iron Treads|Iron Treads, shiny|100/100|[from] U-turn
|
|-weather|RainDance|[upkeep]
|turn|5
|
|move|p1a: Peter|Destiny Bond|p1a: Peter
|-singlemove|p1a: Peter|Destiny Bond
|move|p2a: Iron Treads|Earthquake|p1a: Peter
|-supereffective|p1a: Peter
|-damage|p1a: Peter|0 fnt
|faint|p1a: Peter
|-activate|p1a: Peter|move: Destiny Bond
|faint|p2a: Iron Treads
|-end|p2a: Iron Treads|Quark Drive|[silent]
|
|-weather|RainDance|[upkeep]
|
|switch|p2a: Decidueye|Decidueye-Hisui, M, shiny|22/100
|switch|p1a: Fat fuck|Azumarill, F, shiny|94/100 brn
|turn|6
|
|switch|p1a: Wet|Thundurus-Therian, M, shiny|100/100
|move|p2a: Decidueye|Leaf Blade|p1a: Wet
|-resisted|p1a: Wet
|-crit|p1a: Wet
|-damage|p1a: Wet|36/100
|-damage|p2a: Decidueye|12/100|[from] item: Life Orb
|
|-weather|RainDance|[upkeep]
|turn|7
|
|move|p1a: Wet|Volt Switch|p2a: Decidueye
|-resisted|p2a: Decidueye
|-damage|p2a: Decidueye|0 fnt
|faint|p2a: Decidueye
|
|switch|p1a: Fat fuck|Azumarill, F, shiny|94/100 brn|[from] Volt Switch
|
|-weather|RainDance|[upkeep]
|-damage|p1a: Fat fuck|88/100 brn|[from] brn
|
|switch|p2a: Urshifu|Urshifu-Rapid-Strike, F|100/100
|turn|8
|
|move|p2a: Urshifu|U-turn|p1a: Fat fuck
|-resisted|p1a: Fat fuck
|-damage|p1a: Fat fuck|70/100 brn
|
|switch|p2a: Zamazenta|Zamazenta, shiny|100/100|[from] U-turn
|-ability|p2a: Zamazenta|Dauntless Shield|boost
|-boost|p2a: Zamazenta|def|1
|move|p1a: Fat fuck|Play Rough|p2a: Zamazenta
|-supereffective|p2a: Zamazenta
|-damage|p2a: Zamazenta|52/100
|
|-weather|none
|-heal|p2a: Zamazenta|58/100|[from] item: Leftovers
|-damage|p1a: Fat fuck|64/100 brn|[from] brn
|turn|9
|
|move|p2a: Zamazenta|Iron Defense|p2a: Zamazenta
|-boost|p2a: Zamazenta|def|2
|move|p1a: Fat fuck|Play Rough|p2a: Zamazenta
|-supereffective|p2a: Zamazenta
|-damage|p2a: Zamazenta|32/100
|
|-heal|p2a: Zamazenta|38/100|[from] item: Leftovers
|-damage|p1a: Fat fuck|58/100 brn|[from] brn
|turn|10
|
|move|p2a: Zamazenta|Body Press|p1a: Fat fuck
|-resisted|p1a: Fat fuck
|-damage|p1a: Fat fuck|18/100 brn
|move|p1a: Fat fuck|Play Rough|p2a: Zamazenta
|-supereffective|p2a: Zamazenta
|-damage|p2a: Zamazenta|12/100
|
|-heal|p2a: Zamazenta|18/100|[from] item: Leftovers
|-damage|p1a: Fat fuck|12/100 brn|[from] brn
|turn|11
|
|move|p2a: Zamazenta|Body Press|p1a: Fat fuck
|-resisted|p1a: Fat fuck
|-crit|p1a: Fat fuck
|-damage|p1a: Fat fuck|0 fnt
|faint|p1a: Fat fuck
|
|-heal|p2a: Zamazenta|25/100|[from] item: Leftovers
|
|switch|p1a: Pelipper|Pelipper, M, shiny|35/100
|-weather|RainDance|[from] ability: Drizzle|[of] p1a: Pelipper
|turn|12
|
|-terastallize|p2a: Zamazenta|Water
|move|p2a: Zamazenta|Crunch|p1a: Pelipper
|-damage|p1a: Pelipper|18/100
|-unboost|p1a: Pelipper|def|1
|move|p1a: Pelipper|Chilling Water|p2a: Zamazenta
|-resisted|p2a: Zamazenta
|-damage|p2a: Zamazenta|14/100
|-unboost|p2a: Zamazenta|atk|1
|
|-weather|RainDance|[upkeep]
|-heal|p2a: Zamazenta|20/100|[from] item: Leftovers
|turn|13
|
|move|p2a: Zamazenta|Body Press|p1a: Pelipper
|-resisted|p1a: Pelipper
|-damage|p1a: Pelipper|0 fnt
|faint|p1a: Pelipper
|
|-weather|RainDance|[upkeep]
|-heal|p2a: Zamazenta|26/100|[from] item: Leftovers
|
|switch|p1a: Basculegion|Basculegion, M, shiny|100/100
|turn|14
|
|move|p1a: Basculegion|Psychic Fangs|p2a: Zamazenta
|-damage|p2a: Zamazenta|13/100
|move|p2a: Zamazenta|Crunch|p1a: Basculegion
|-supereffective|p1a: Basculegion
|-damage|p1a: Basculegion|62/100
|-unboost|p1a: Basculegion|def|1
|
|-weather|RainDance|[upkeep]
|-heal|p2a: Zamazenta|19/100|[from] item: Leftovers
|turn|15
|
|move|p1a: Basculegion|Psychic Fangs|p2a: Zamazenta
|-damage|p2a: Zamazenta|7/100
|move|p2a: Zamazenta|Crunch|p1a: Basculegion
|-supereffective|p1a: Basculegion
|-damage|p1a: Basculegion|9/100
|
|-weather|RainDance|[upkeep]
|-heal|p2a: Zamazenta|13/100|[from] item: Leftovers
|turn|16
|
|move|p1a: Basculegion|Psychic Fangs|p2a: Zamazenta
|-damage|p2a: Zamazenta|0 fnt
|faint|p2a: Zamazenta
|
|-weather|RainDance|[upkeep]
|
|switch|p2a: Urshifu|Urshifu-Rapid-Strike, F|100/100
|turn|17
|
|move|p1a: Basculegion|Psychic Fangs|p2a: Urshifu
|-supereffective|p2a: Urshifu
|-damage|p2a: Urshifu|24/100
|move|p2a: Urshifu|U-turn|p1a: Basculegion
|-resisted|p1a: Basculegion
|-damage|p1a: Basculegion|0 fnt
|faint|p1a: Basculegion
|
|switch|p2a: Kleavor|Kleavor, F, shiny|100/100|[from] U-turn
|
|-weather|RainDance|[upkeep]
|
|switch|p1a: Wet|Thundurus-Therian, M, shiny|36/100
|turn|18
|
|move|p2a: Kleavor|Stone Axe|p1a: Wet
|-supereffective|p1a: Wet
|-damage|p1a: Wet|0 fnt
|-sidestart|p1: flatterbreb|move: Stealth Rock
|faint|p1a: Wet
|
|-weather|RainDance|[upkeep]
|
|switch|p1a: Burnt the water|Volcanion|100/100
|-damage|p1a: Burnt the water|76/100|[from] Stealth Rock
|turn|19
|
|-terastallize|p1a: Burnt the water|Ground
|move|p2a: Kleavor|Stone Axe|p1a: Burnt the water
|-resisted|p1a: Burnt the water
|-damage|p1a: Burnt the water|54/100
|move|p1a: Burnt the water|Scald|p2a: Kleavor
|-supereffective|p2a: Kleavor
|-damage|p2a: Kleavor|0 fnt
|faint|p2a: Kleavor
|
|-weather|none
|
|switch|p2a: Urshifu|Urshifu-Rapid-Strike, F|24/100
|turn|20
|
|move|p2a: Urshifu|Surging Strikes|p1a: Burnt the water
|-heal|p1a: Burnt the water|79/100|[from] ability: Water Absorb|[of] p2a: Urshifu
|move|p1a: Burnt the water|Earth Power|p2a: Urshifu
|-damage|p2a: Urshifu|0 fnt
|faint|p2a: Urshifu
|
|win|flatterbreb
