|poke|p1|Ursaluna, M|
|poke|p1|Cresselia, F|
|poke|p1|Hatterene, F|
|poke|p1|Ting-Lu|
|poke|p1|Iron Hands|
|poke|p1|Goodra-Hisui, F|
|poke|p2|Baxcalibur, M|
|poke|p2|Dondozo, M|
|poke|p2|Amoonguss, M|
|poke|p2|Tinkaton, F|
|poke|p2|Sandy Shocks|
|poke|p2|Ceruledge, M|
|teampreview
|
|start
|switch|p1a: Sara-chan|Hatterene, F|100/100
|switch|p2a: Tinkaton|Tinkaton, F|100/100
|-ability|p2a: Tinkaton|Mold Breaker
|turn|1
|
|switch|p1a: Goodra|Goodra-Hisui, F, shiny|100/100
|move|p2a: Tinkaton|Stealth Rock|p1a: Goodra
|-sidestart|p1: p1|move: Stealth Rock
|
|turn|2
|
|move|p2a: Tinkaton|Knock Off|p1a: Goodra
|-damage|p1a: Goodra|84/100
|-enditem|p1a: Goodra|Leftovers|[from] move: Knock Off|[of] p2a: Tinkaton
|move|p1a: Goodra|Flamethrower|p2a: Tinkaton
|-supereffective|p2a: Tinkaton
|-damage|p2a: Tinkaton|63/100
|
|turn|3
|
|move|p2a: Tinkaton|Thunder Wave|p1a: Goodra
|-status|p1a: Goodra|par
|move|p1a: Goodra|Flamethrower|p2a: Tinkaton
|-supereffective|p2a: Tinkaton
|-damage|p2a: Tinkaton|21/100
|-status|p2a: Tinkaton|brn
|
|-damage|p2a: Tinkaton|15/100 brn|[from] brn
|turn|4

|
|move|p2a: Tinkaton|Encore|p1a: Goodra
|-start|p1a: Goodra|Encore
|move|p1a: Goodra|Flamethrower|p2a: Tinkaton
|-supereffective|p2a: Tinkaton
|-damage|p2a: Tinkaton|0 fnt
|faint|p2a: Tinkaton
|
|
|switch|p2a: Ceruledge|Ceruledge, M|100/100
|-item|p2a: Ceruledge|Air Balloon
|turn|5
|
|switch|p1a: Discada head|Ting-Lu|100/100
|-damage|p1a: Discada head|94/100|[from] Stealth Rock
|-ability|p1a: Discada head|Vessel of Ruin
|move|p2a: Ceruledge|Swords Dance|p2a: Ceruledge
|-boost|p2a: Ceruledge|atk|2
|
|-heal|p1a: Discada head|100/100|[from] item: Leftovers
|turn|6
|
|move|p2a: Ceruledge|Close Combat|p1a: Discada head
|-supereffective|p1a: Discada head
|-damage|p1a: Discada head|26/100
|-unboost|p2a: Ceruledge|def|1
|-unboost|p2a: Ceruledge|spd|1
|move|p1a: Discada head|Whirlwind|p2a: Ceruledge
|drag|p2a: Amoonguss|Amoonguss, M|100/100
|
|-heal|p1a: Discada head|32/100|[from] item: Leftovers
|turn|7
|
|switch|p1a: Sara-chan|Hatterene, F|100/100
|-damage|p1a: Sara-chan|88/100|[from] Stealth Rock
|move|p2a: Amoonguss|Giga Drain|p1a: Sara-chan
|-damage|p1a: Sara-chan|60/100
|
|turn|8
|
|move|p2a: Amoonguss|Sludge Bomb|p1a: Sara-chan
|-supereffective|p1a: Sara-chan
|-damage|p1a: Sara-chan|0 fnt
|faint|p1a: Sara-chan
|
No Pokémon, item, move, ability or nature named 'sandy shock' was found. Showing the data of 'Sandy Shocks' instead.

|
|switch|p1a: Cresselia|Cresselia, F|100/100
|-damage|p1a: Cresselia|88/100|[from] Stealth Rock
|turn|9
|
|move|p2a: Amoonguss|Sludge Bomb|p1a: Cresselia
|-damage|p1a: Cresselia|70/100
|-status|p1a: Cresselia|psn
|move|p1a: Cresselia|Trick Room|p1a: Cresselia
|-fieldstart|move: Trick Room|[of] p1a: Cresselia
|
|-damage|p1a: Cresselia|58/100 psn|[from] psn
|turn|10
|
|switch|p1a: Goodra|Goodra-Hisui, F, shiny|84/100 par
|-damage|p1a: Goodra|78/100 par|[from] Stealth Rock
|move|p2a: Amoonguss|Hex|p1a: Goodra
|-damage|p1a: Goodra|56/100 par
|
|turn|11
|
|switch|p1a: UrsaGOMAS|Ursaluna, M, shiny|100/100
|-damage|p1a: UrsaGOMAS|94/100|[from] Stealth Rock
|move|p2a: Amoonguss|Hex|p1a: UrsaGOMAS
|-immune|p1a: UrsaGOMAS
|
|-status|p1a: UrsaGOMAS|brn|[from] item: Flame Orb
|turn|12
|
|switch|p2a: Ceruledge|Ceruledge, M|100/100
|-item|p2a: Ceruledge|Air Balloon
|-terastallize|p1a: UrsaGOMAS|Normal
|move|p1a: UrsaGOMAS|Facade|p2a: Ceruledge
|-immune|p2a: Ceruledge
|
|-damage|p1a: UrsaGOMAS|88/100 brn|[from] brn
|turn|13
|
|switch|p2a: Baxcalibur|Baxcalibur, M, shiny|100/100
|move|p1a: UrsaGOMAS|Thunder Punch|p2a: Baxcalibur
|-resisted|p2a: Baxcalibur
|-damage|p2a: Baxcalibur|79/100
|
|-damage|p1a: UrsaGOMAS|82/100 brn|[from] brn
|-fieldend|move: Trick Room
|turn|14
|
|switch|p1a: Goodra|Goodra-Hisui, F, shiny|56/100 par
|-damage|p1a: Goodra|50/100 par|[from] Stealth Rock
|move|p2a: Baxcalibur|Icicle Spear|p1a: Goodra
|-damage|p1a: Goodra|37/100 par
|-damage|p1a: Goodra|22/100 par
|-damage|p1a: Goodra|8/100 par
|-damage|p1a: Goodra|0 fnt
|faint|p1a: Goodra
|-hitcount|p1: Goodra|4
|
|
|switch|p1a: Cresselia|Cresselia, F|58/100 psn
|-damage|p1a: Cresselia|46/100 psn|[from] Stealth Rock
|turn|15
|
|move|p2a: Baxcalibur|Glaive Rush|p1a: Cresselia
|-damage|p1a: Cresselia|0 fnt
|-singlemove|p2a: Baxcalibur|Glaive Rush|[silent]
|faint|p1a: Cresselia
|
|
|switch|p1a: Iron Hands|Iron Hands, shiny|100/100
|-damage|p1a: Iron Hands|94/100|[from] Stealth Rock
|-enditem|p1a: Iron Hands|Booster Energy
|-activate|p1a: Iron Hands|ability: Quark Drive|[fromitem]
|-start|p1a: Iron Hands|quarkdriveatk
|turn|16
|
|-terastallize|p2a: Baxcalibur|Fairy
|move|p2a: Baxcalibur|Icicle Spear|p1a: Iron Hands
|-damage|p1a: Iron Hands|85/100
|-damage|p1a: Iron Hands|75/100
|-damage|p1a: Iron Hands|64/100
|-damage|p1a: Iron Hands|55/100
|-damage|p1a: Iron Hands|45/100
|-hitcount|p1a: Iron Hands|5
|move|p1a: Iron Hands|Drain Punch|p2a: Baxcalibur
|-resisted|p2a: Baxcalibur
|-damage|p2a: Baxcalibur|57/100
|-heal|p1a: Iron Hands|53/100|[from] drain|[of] p2a: Baxcalibur
|
|turn|17
|
|move|p2a: Baxcalibur|Dragon Dance|p2a: Baxcalibur
|-boost|p2a: Baxcalibur|atk|1
|-boost|p2a: Baxcalibur|spe|1
|move|p1a: Iron Hands|Thunder Punch|p2a: Baxcalibur
|-damage|p2a: Baxcalibur|13/100
|
|turn|18
|
|move|p2a: Baxcalibur|Icicle Spear|p1a: Iron Hands
|-damage|p1a: Iron Hands|39/100
|-damage|p1a: Iron Hands|25/100
|-damage|p1a: Iron Hands|9/100
|-crit|p1a: Iron Hands
|-damage|p1a: Iron Hands|0 fnt
|faint|p1a: Iron Hands
|-end|p1a: Iron Hands|Quark Drive|[silent]
|-hitcount|p1: Iron Hands|4
|
|-message|p1 forfeited.
|
|win|p2
