|poke|p1|Goodra-Hisui, M|
|poke|p1|Amoonguss, F|
|poke|p1|Garganacl, F|
|poke|p1|Dondozo, M|
|poke|p1|Clodsire, F|
|poke|p1|Hatterene, F|
|poke|p2|Brambleghast, F|
|poke|p2|Muk-Alola, M|
|poke|p2|Kingambit, F|
|poke|p2|Corviknight, M|
|poke|p2|Tauros-Paldea-Blaze, M|
|poke|p2|Hoopa-Unbound|
|teampreview
|
|start
|switch|p1a: Clodsire|Clodsire, F|100/100
|switch|p2a: Muk|Muk-Alola, M, shiny|100/100
|-item|p1a: Clodsire|Air Balloon
|turn|1
|
|move|p2a: Muk|Knock Off|p1a: Clodsire
|-damage|p1a: Clodsire|55/100
|-enditem|p1a: Clodsire|Air Balloon
|move|p1a: Clodsire|Stealth Rock|p2a: Muk
|-sidestart|p2: HugeHarry|move: Stealth Rock
|
|turn|2
|
|switch|p1a: Goodra|Goodra-Hisui, M|100/100
|move|p2a: Muk|Ice Punch|p1a: Goodra
|-damage|p1a: Goodra|80/100
|
|turn|3
|
|move|p1a: Goodra|Flash Cannon|p2a: Muk
|-damage|p2a: Muk|81/100
|move|p2a: Muk|Knock Off|p1a: Goodra
|-damage|p1a: Goodra|43/100
|-enditem|p1a: Goodra|Assault Vest|[from] move: Knock Off|[of] p2a: Muk
|
|turn|4
|j| 5EternalNoob5
|
|switch|p1a: Garganacl|Garganacl, F|100/100
|move|p2a: Muk|Drain Punch|p1a: Garganacl
|-supereffective|p1a: Garganacl
|-damage|p1a: Garganacl|80/100
|-heal|p2a: Muk|91/100|[from] drain|[of] p1a: Garganacl
|
|-heal|p1a: Garganacl|86/100|[from] item: Leftovers
|turn|5
|
|move|p2a: Muk|Knock Off|p1a: Garganacl
|-damage|p1a: Garganacl|66/100
|-enditem|p1a: Garganacl|Leftovers|[from] move: Knock Off|[of] p2a: Muk
|move|p1a: Garganacl|Salt Cure|p2a: Muk
|-damage|p2a: Muk|76/100
|-start|p2a: Muk|Salt Cure
|
|-damage|p2a: Muk|63/100|[from] Salt Cure
|turn|6
|l| 5EternalNoob5
|
|switch|p2a: Brambleghast|Brambleghast, F|100/100
|-damage|p2a: Brambleghast|88/100|[from] Stealth Rock
|move|p1a: Garganacl|Block||[still]
|-fail|p1a: Garganacl
|
|-heal|p2a: Brambleghast|94/100|[from] item: Leftovers
|turn|7
|
|switch|p1a: Amoonguss|Amoonguss, F|100/100
|move|p2a: Brambleghast|Rapid Spin|p1a: Amoonguss
|-damage|p1a: Amoonguss|89/100
|-boost|p2a: Brambleghast|spe|1
|-sideend|p2: HugeHarry|Stealth Rock|[from] move: Rapid Spin|[of] p2a: Brambleghast
|
|-heal|p2a: Brambleghast|99/100|[from] item: Leftovers
|-heal|p1a: Amoonguss|95/100|[from] item: Leftovers
|turn|8
|
|move|p2a: Brambleghast|Shadow Ball|p1a: Amoonguss
|-damage|p1a: Amoonguss|81/100
|move|p1a: Amoonguss|Sludge Bomb|p2a: Brambleghast
|-damage|p2a: Brambleghast|60/100
|
|-heal|p2a: Brambleghast|66/100|[from] item: Leftovers
|-heal|p1a: Amoonguss|87/100|[from] item: Leftovers
|turn|9
|
|switch|p2a: Muk|Muk-Alola, M, shiny|63/100
|move|p1a: Amoonguss|Sludge Bomb|p2a: Muk
|-resisted|p2a: Muk
|-damage|p2a: Muk|58/100
|
|-heal|p1a: Amoonguss|93/100|[from] item: Leftovers
|turn|10
|
|move|p2a: Muk|Knock Off|p1a: Amoonguss
|-damage|p1a: Amoonguss|53/100
|-enditem|p1a: Amoonguss|Leftovers|[from] move: Knock Off|[of] p2a: Muk
|move|p1a: Amoonguss|Spore|p2a: Muk
|-status|p2a: Muk|slp|[from] move: Spore
|
|turn|11
|
|switch|p1a: Garganacl|Garganacl, F|66/100
|cant|p2a: Muk|slp
|
|turn|12
|
|-curestatus|p2a: Muk|slp|[msg]
|move|p2a: Muk|Drain Punch|p1a: Garganacl
|-supereffective|p1a: Garganacl
|-damage|p1a: Garganacl|43/100
|-heal|p2a: Muk|69/100|[from] drain|[of] p1a: Garganacl
|move|p1a: Garganacl|Block|p2a: Muk
|-activate|p2a: Muk|trapped
|
|turn|13
|
|move|p2a: Muk|Drain Punch|p1a: Garganacl
|-supereffective|p1a: Garganacl
|-damage|p1a: Garganacl|19/100
|-heal|p2a: Muk|80/100|[from] drain|[of] p1a: Garganacl
|move|p1a: Garganacl|Recover|p1a: Garganacl
|-heal|p1a: Garganacl|69/100
|
|turn|14
|
|move|p2a: Muk|Poison Jab|p1a: Garganacl
|-resisted|p1a: Garganacl
|-damage|p1a: Garganacl|59/100
|move|p1a: Garganacl|Salt Cure|p2a: Muk
|-damage|p2a: Muk|66/100
|-start|p2a: Muk|Salt Cure
|
|-damage|p2a: Muk|53/100|[from] Salt Cure
|turn|15
|
|move|p1a: Garganacl|Protect|p1a: Garganacl
|-singleturn|p1a: Garganacl|Protect
|move|p2a: Muk|Drain Punch|p1a: Garganacl
|-activate|p1a: Garganacl|move: Protect
|
|-damage|p2a: Muk|41/100|[from] Salt Cure
|turn|16
|
|move|p2a: Muk|Drain Punch|p1a: Garganacl
|-supereffective|p1a: Garganacl
|-damage|p1a: Garganacl|39/100
|-heal|p2a: Muk|51/100|[from] drain|[of] p1a: Garganacl
|move|p1a: Garganacl|Recover|p1a: Garganacl
|-heal|p1a: Garganacl|89/100
|
|-damage|p2a: Muk|39/100|[from] Salt Cure
|turn|17
|
|move|p1a: Garganacl|Protect|p1a: Garganacl
|-singleturn|p1a: Garganacl|Protect
|move|p2a: Muk|Drain Punch|p1a: Garganacl
|-activate|p1a: Garganacl|move: Protect
|
|-damage|p2a: Muk|27/100|[from] Salt Cure
|turn|18
|
|switch|p1a: Dondozo|Dondozo, M|100/100
|move|p2a: Muk|Drain Punch|p1a: Dondozo
|-damage|p1a: Dondozo|92/100
|-heal|p2a: Muk|32/100|[from] drain|[of] p1a: Dondozo
|
|-heal|p1a: Dondozo|98/100|[from] item: Leftovers
|-damage|p2a: Muk|20/100|[from] Salt Cure
|turn|19
|
|switch|p2a: Brambleghast|Brambleghast, F|66/100
|move|p1a: Dondozo|Curse|p1a: Dondozo
|-unboost|p1a: Dondozo|spe|1
|-boost|p1a: Dondozo|atk|1
|-boost|p1a: Dondozo|def|1
|
|-heal|p2a: Brambleghast|72/100|[from] item: Leftovers
|-heal|p1a: Dondozo|100/100|[from] item: Leftovers
|turn|20
|
|switch|p1a: Amoonguss|Amoonguss, F|86/100
|move|p2a: Brambleghast|Leech Seed|p1a: Amoonguss
|-immune|p1a: Amoonguss
|
|-heal|p2a: Brambleghast|78/100|[from] item: Leftovers
|turn|21
|
|switch|p2a: Muk|Muk-Alola, M, shiny|20/100
|move|p1a: Amoonguss|Sludge Bomb|p2a: Muk
|-resisted|p2a: Muk
|-damage|p2a: Muk|14/100
|
|turn|22
|
|move|p2a: Muk|Ice Punch|p1a: Amoonguss
|-supereffective|p1a: Amoonguss
|-damage|p1a: Amoonguss|39/100
|move|p1a: Amoonguss|Spore|p2a: Muk
|-status|p2a: Muk|slp|[from] move: Spore
|
|turn|23
|
|switch|p2a: Hoopa|Hoopa-Unbound|100/100
|switch|p1a: Garganacl|Garganacl, F|89/100
|
|turn|24
|
|move|p2a: Hoopa|Energy Ball|p1a: Garganacl
|-supereffective|p1a: Garganacl
|-damage|p1a: Garganacl|16/100
|move|p1a: Garganacl|Salt Cure|p2a: Hoopa
|-damage|p2a: Hoopa|77/100
|-start|p2a: Hoopa|Salt Cure
|
|-damage|p2a: Hoopa|65/100|[from] Salt Cure
|turn|25
|
|switch|p2a: Tauros|Tauros-Paldea-Blaze, M|100/100
|-ability|p2a: Tauros|Intimidate|boost
|-unboost|p1a: Garganacl|atk|1
|move|p1a: Garganacl|Protect||[still]
|-fail|p1a: Garganacl
|
|turn|26
|
|move|p2a: Tauros|Body Press|p1a: Garganacl
|-supereffective|p1a: Garganacl
|-damage|p1a: Garganacl|0 fnt
|faint|p1a: Garganacl
|
|
|switch|p1a: Clodsire|Clodsire, F|55/100
|turn|27
|
|move|p2a: Tauros|Will-O-Wisp|p1a: Clodsire
|-status|p1a: Clodsire|brn
|move|p1a: Clodsire|Toxic|p2a: Tauros
|-status|p2a: Tauros|tox
|
|-damage|p2a: Tauros|94/100 tox|[from] psn
|-damage|p1a: Clodsire|49/100 brn|[from] brn
|turn|28
|
|switch|p2a: Hoopa|Hoopa-Unbound|65/100
|switch|p1a: Hatterene|Hatterene, F|100/100
|
|turn|29
|
|switch|p2a: Kingambit|Kingambit, F, shiny|100/100
|move|p1a: Hatterene|Calm Mind|p1a: Hatterene
|-boost|p1a: Hatterene|spa|1
|-boost|p1a: Hatterene|spd|1
|
|turn|30
|
|move|p2a: Kingambit|Iron Head|p1a: Hatterene
|-supereffective|p1a: Hatterene
|-damage|p1a: Hatterene|21/100
|move|p1a: Hatterene|Mystical Fire|p2a: Kingambit
|-supereffective|p2a: Kingambit
|-damage|p2a: Kingambit|39/100
|-unboost|p2a: Kingambit|spa|1
|
|-heal|p2a: Kingambit|45/100|[from] item: Leftovers
|-heal|p1a: Hatterene|27/100|[from] item: Leftovers
|turn|31
|
|move|p2a: Kingambit|Kowtow Cleave|p1a: Hatterene
|-damage|p1a: Hatterene|0 fnt
|faint|p1a: Hatterene
|
|-heal|p2a: Kingambit|51/100|[from] item: Leftovers
|
|switch|p1a: Dondozo|Dondozo, M|100/100
|turn|32
|
|-end|p2a: Kingambit|fallenundefined|[silent]
|switch|p2a: Brambleghast|Brambleghast, F|78/100
|move|p1a: Dondozo|Curse|p1a: Dondozo
|-unboost|p1a: Dondozo|spe|1
|-boost|p1a: Dondozo|atk|1
|-boost|p1a: Dondozo|def|1
|
|-heal|p2a: Brambleghast|84/100|[from] item: Leftovers
|turn|33
|
|switch|p1a: Goodra|Goodra-Hisui, M|43/100
|move|p2a: Brambleghast|Leech Seed|p1a: Goodra
|-ability|p1a: Goodra|Sap Sipper|boost
|-boost|p1a: Goodra|atk|1
|
|-heal|p2a: Brambleghast|90/100|[from] item: Leftovers
|turn|34
|
|move|p2a: Brambleghast|Shadow Ball|p1a: Goodra
|-damage|p1a: Goodra|29/100
|move|p1a: Goodra|Flash Cannon|p2a: Brambleghast
|-damage|p2a: Brambleghast|30/100
|-unboost|p2a: Brambleghast|spd|1
|
|-heal|p2a: Brambleghast|36/100|[from] item: Leftovers
|turn|35
|
|switch|p2a: Kingambit|Kingambit, F, shiny|51/100
|move|p1a: Goodra|Ice Beam|p2a: Kingambit
|-resisted|p2a: Kingambit
|-damage|p2a: Kingambit|41/100
|-status|p2a: Kingambit|frz
|
|-heal|p2a: Kingambit|47/100 frz|[from] item: Leftovers
|turn|36
|
|move|p1a: Goodra|Draco Meteor|p2a: Kingambit|[miss]
|-miss|p1a: Goodra|p2a: Kingambit
|cant|p2a: Kingambit|frz
|
|-heal|p2a: Kingambit|53/100 frz|[from] item: Leftovers
|turn|37
|
|move|p1a: Goodra|Thunderbolt|p2a: Kingambit
|-damage|p2a: Kingambit|34/100 frz
|-curestatus|p2a: Kingambit|frz|[msg]
|move|p2a: Kingambit|Kowtow Cleave|p1a: Goodra
|-damage|p1a: Goodra|0 fnt
|faint|p1a: Goodra
|
|-heal|p2a: Kingambit|40/100|[from] item: Leftovers
|
|switch|p1a: Dondozo|Dondozo, M|100/100
|turn|38
|
|-end|p2a: Kingambit|fallenundefined|[silent]
|switch|p2a: Brambleghast|Brambleghast, F|36/100
|-terastallize|p1a: Dondozo|Water
|move|p1a: Dondozo|Liquidation|p2a: Brambleghast
|-resisted|p2a: Brambleghast
|-crit|p2a: Brambleghast
|-damage|p2a: Brambleghast|9/100
|-unboost|p2a: Brambleghast|def|1
|
|-heal|p2a: Brambleghast|15/100|[from] item: Leftovers
|turn|39
|
|move|p2a: Brambleghast|Strength Sap|p1a: Dondozo
|-unboost|p1a: Dondozo|atk|1
|-heal|p2a: Brambleghast|90/100
|move|p1a: Dondozo|Liquidation|p2a: Brambleghast
|-resisted|p2a: Brambleghast
|-damage|p2a: Brambleghast|76/100
|
|-heal|p2a: Brambleghast|82/100|[from] item: Leftovers
|turn|40
|
|switch|p1a: Clodsire|Clodsire, F|49/100 brn
|move|p2a: Brambleghast|Leech Seed|p1a: Clodsire
|-start|p1a: Clodsire|move: Leech Seed
|
|-heal|p2a: Brambleghast|88/100|[from] item: Leftovers
|-damage|p1a: Clodsire|37/100 brn|[from] Leech Seed|[of] p2a: Brambleghast
|-heal|p2a: Brambleghast|100/100|[silent]
|-damage|p1a: Clodsire|31/100 brn|[from] brn
|turn|41
|
|move|p2a: Brambleghast|Shadow Ball|p1a: Clodsire
|-damage|p1a: Clodsire|18/100 brn
|move|p1a: Clodsire|Toxic|p2a: Brambleghast
|-status|p2a: Brambleghast|tox
|
|-damage|p1a: Clodsire|5/100 brn|[from] Leech Seed|[of] p2a: Brambleghast
|-damage|p2a: Brambleghast|94/100 tox|[from] psn
|-damage|p1a: Clodsire|0 fnt|[from] brn
|faint|p1a: Clodsire
|
|switch|p1a: Amoonguss|Amoonguss, F|72/100
|turn|42
|
|switch|p2a: Hoopa|Hoopa-Unbound|65/100
|move|p1a: Amoonguss|Sludge Bomb|p2a: Hoopa
|-damage|p2a: Hoopa|40/100
|
|turn|43
|
|-terastallize|p2a: Hoopa|Psychic
|move|p2a: Hoopa|Psychic|p1a: Amoonguss
|-supereffective|p1a: Amoonguss
|-damage|p1a: Amoonguss|0 fnt
|faint|p1a: Amoonguss
|
|
|switch|p1a: Dondozo|Dondozo, M, tera:Water|100/100
|turn|44
|
|move|p2a: Hoopa|Psychic|p1a: Dondozo
|-damage|p1a: Dondozo|33/100
|move|p1a: Dondozo|Liquidation|p2a: Hoopa
|-damage|p2a: Hoopa|0 fnt
|faint|p2a: Hoopa
|
|-heal|p1a: Dondozo|39/100|[from] item: Leftovers
|
|switch|p2a: Tauros|Tauros-Paldea-Blaze, M|94/100 tox
|-ability|p2a: Tauros|Intimidate|boost
|-unboost|p1a: Dondozo|atk|1
|turn|45
|
|move|p2a: Tauros|Will-O-Wisp|p1a: Dondozo
|-status|p1a: Dondozo|brn
|move|p1a: Dondozo|Curse|p1a: Dondozo
|-unboost|p1a: Dondozo|spe|1
|-boost|p1a: Dondozo|atk|1
|-boost|p1a: Dondozo|def|1
|
|-heal|p2a: Tauros|100/100 tox|[from] item: Leftovers
|-heal|p1a: Dondozo|45/100 brn|[from] item: Leftovers
|-damage|p2a: Tauros|94/100 tox|[from] psn
|-damage|p1a: Dondozo|39/100 brn|[from] brn
|turn|46
|
|switch|p2a: Brambleghast|Brambleghast, F|94/100 tox
|move|p1a: Dondozo|Curse|p1a: Dondozo
|-unboost|p1a: Dondozo|spe|1
|-boost|p1a: Dondozo|atk|1
|-boost|p1a: Dondozo|def|1
|
|-heal|p2a: Brambleghast|100/100 tox|[from] item: Leftovers
|-heal|p1a: Dondozo|45/100 brn|[from] item: Leftovers
|-damage|p2a: Brambleghast|94/100 tox|[from] psn
|-damage|p1a: Dondozo|39/100 brn|[from] brn
|turn|47
|
|move|p2a: Brambleghast|Leech Seed|p1a: Dondozo|[miss]
|-miss|p2a: Brambleghast|p1a: Dondozo
|move|p1a: Dondozo|Rest|p1a: Dondozo
|-status|p1a: Dondozo|slp|[from] move: Rest
|-heal|p1a: Dondozo|100/100 slp|[silent]
|
|-heal|p2a: Brambleghast|100/100 tox|[from] item: Leftovers
|-damage|p2a: Brambleghast|88/100 tox|[from] psn
|turn|48
|
|move|p2a: Brambleghast|Leech Seed|p1a: Dondozo
|-start|p1a: Dondozo|move: Leech Seed
|cant|p1a: Dondozo|slp
|move|p1a: Dondozo|Sleep Talk|p1a: Dondozo
|move|p1a: Dondozo|Liquidation|p2a: Brambleghast|[from]move: Sleep Talk
|-resisted|p2a: Brambleghast
|-damage|p2a: Brambleghast|59/100 tox
|
|-heal|p2a: Brambleghast|65/100 tox|[from] item: Leftovers
|-damage|p1a: Dondozo|88/100 slp|[from] Leech Seed|[of] p2a: Brambleghast
|-heal|p2a: Brambleghast|85/100 tox|[silent]
|-damage|p2a: Brambleghast|67/100 tox|[from] psn
|turn|49
|
|move|p2a: Brambleghast|Strength Sap|p1a: Dondozo
|-unboost|p1a: Dondozo|atk|1
|-heal|p2a: Brambleghast|100/100 tox
|cant|p1a: Dondozo|slp
|move|p1a: Dondozo|Sleep Talk|p1a: Dondozo
|move|p1a: Dondozo|Curse|p1a: Dondozo|[from]move: Sleep Talk
|-unboost|p1a: Dondozo|spe|1
|-boost|p1a: Dondozo|atk|1
|-boost|p1a: Dondozo|def|1
|
|-heal|p1a: Dondozo|94/100 slp|[from] item: Leftovers
|-damage|p1a: Dondozo|82/100 slp|[from] Leech Seed|[of] p2a: Brambleghast
|-damage|p2a: Brambleghast|76/100 tox|[from] psn
|turn|50
|
|switch|p2a: Corviknight|Corviknight, M, shiny|100/100
|-curestatus|p1a: Dondozo|slp|[msg]
|move|p1a: Dondozo|Sleep Talk||[still]
|-fail|p1a: Dondozo
|
|-heal|p1a: Dondozo|88/100|[from] item: Leftovers
|-damage|p1a: Dondozo|75/100|[from] Leech Seed|[of] p2a: Corviknight
|turn|51
|
|move|p2a: Corviknight|Iron Defense|p2a: Corviknight
|-boost|p2a: Corviknight|def|2
|move|p1a: Dondozo|Liquidation|p2a: Corviknight
|-damage|p2a: Corviknight|63/100
|-damage|p1a: Dondozo|59/100|[from] item: Rocky Helmet|[of] p2a: Corviknight
|
|-heal|p1a: Dondozo|65/100|[from] item: Leftovers
|-damage|p1a: Dondozo|52/100|[from] Leech Seed|[of] p2a: Corviknight
|-heal|p2a: Corviknight|79/100|[silent]
|turn|52
|
|move|p2a: Corviknight|Body Press|p1a: Dondozo
|-damage|p1a: Dondozo|47/100
|move|p1a: Dondozo|Curse|p1a: Dondozo
|-unboost|p1a: Dondozo|spe|1
|-boost|p1a: Dondozo|atk|1
|-boost|p1a: Dondozo|def|1
|
|-heal|p1a: Dondozo|53/100|[from] item: Leftovers
|-damage|p1a: Dondozo|41/100|[from] Leech Seed|[of] p2a: Corviknight
|-heal|p2a: Corviknight|95/100|[silent]
|turn|53
|
|move|p2a: Corviknight|Body Press|p1a: Dondozo
|-damage|p1a: Dondozo|37/100
|move|p1a: Dondozo|Rest|p1a: Dondozo
|-status|p1a: Dondozo|slp|[from] move: Rest
|-heal|p1a: Dondozo|100/100 slp|[silent]
|
|-damage|p1a: Dondozo|88/100 slp|[from] Leech Seed|[of] p2a: Corviknight
|-heal|p2a: Corviknight|100/100|[silent]
|turn|54
|
|move|p2a: Corviknight|Body Press|p1a: Dondozo
|-damage|p1a: Dondozo|83/100 slp
|cant|p1a: Dondozo|slp
|move|p1a: Dondozo|Sleep Talk|p1a: Dondozo
|move|p1a: Dondozo|Curse|p1a: Dondozo|[from]move: Sleep Talk
|-unboost|p1a: Dondozo|spe|1
|-boost|p1a: Dondozo|atk|1
|-boost|p1a: Dondozo|def|1
|
|-heal|p1a: Dondozo|90/100 slp|[from] item: Leftovers
|-damage|p1a: Dondozo|77/100 slp|[from] Leech Seed|[of] p2a: Corviknight
|turn|55
|
|switch|p2a: Brambleghast|Brambleghast, F|76/100 tox
|cant|p1a: Dondozo|slp
|move|p1a: Dondozo|Sleep Talk|p1a: Dondozo
|move|p1a: Dondozo|Liquidation|p2a: Brambleghast|[from]move: Sleep Talk
|-resisted|p2a: Brambleghast
|-damage|p2a: Brambleghast|30/100 tox
|
|-heal|p2a: Brambleghast|36/100 tox|[from] item: Leftovers
|-heal|p1a: Dondozo|83/100 slp|[from] item: Leftovers
|-damage|p1a: Dondozo|71/100 slp|[from] Leech Seed|[of] p2a: Brambleghast
|-heal|p2a: Brambleghast|56/100 tox|[silent]
|-damage|p2a: Brambleghast|50/100 tox|[from] psn
|turn|56
|
|move|p2a: Brambleghast|Shadow Ball|p1a: Dondozo
|-damage|p1a: Dondozo|49/100 slp
|-curestatus|p1a: Dondozo|slp|[msg]
|move|p1a: Dondozo|Sleep Talk||[still]
|-fail|p1a: Dondozo
|
|-heal|p2a: Brambleghast|56/100 tox|[from] item: Leftovers
|-heal|p1a: Dondozo|55/100|[from] item: Leftovers
|-damage|p1a: Dondozo|43/100|[from] Leech Seed|[of] p2a: Brambleghast
|-heal|p2a: Brambleghast|76/100 tox|[silent]
|-damage|p2a: Brambleghast|64/100 tox|[from] psn
|turn|57
|
|move|p2a: Brambleghast|Strength Sap|p1a: Dondozo
|-unboost|p1a: Dondozo|atk|1
|-heal|p2a: Brambleghast|100/100 tox
|move|p1a: Dondozo|Rest|p1a: Dondozo
|-status|p1a: Dondozo|slp|[from] move: Rest
|-heal|p1a: Dondozo|100/100 slp|[silent]
|
|-damage|p1a: Dondozo|88/100 slp|[from] Leech Seed|[of] p2a: Brambleghast
|-damage|p2a: Brambleghast|82/100 tox|[from] psn
|turn|58
|
|move|p2a: Brambleghast|Shadow Ball|p1a: Dondozo
|-damage|p1a: Dondozo|65/100 slp
|cant|p1a: Dondozo|slp
|move|p1a: Dondozo|Sleep Talk|p1a: Dondozo
|move|p1a: Dondozo|Rest||[from]move: Sleep Talk|[still]
|-fail|p1a: Dondozo
|
|-heal|p2a: Brambleghast|88/100 tox|[from] item: Leftovers
|-heal|p1a: Dondozo|71/100 slp|[from] item: Leftovers
|-damage|p1a: Dondozo|58/100 slp|[from] Leech Seed|[of] p2a: Brambleghast
|-heal|p2a: Brambleghast|100/100 tox|[silent]
|-damage|p2a: Brambleghast|76/100 tox|[from] psn
|turn|59
|
|switch|p2a: Muk|Muk-Alola, M, shiny|14/100 slp
|cant|p1a: Dondozo|slp
|move|p1a: Dondozo|Sleep Talk|p1a: Dondozo
|move|p1a: Dondozo|Curse|p1a: Dondozo|[from]move: Sleep Talk
|-unboost|p1a: Dondozo|spe|1
|-boost|p1a: Dondozo|atk|1
|-boost|p1a: Dondozo|def|1
|
|-heal|p1a: Dondozo|65/100 slp|[from] item: Leftovers
|-damage|p1a: Dondozo|52/100 slp|[from] Leech Seed|[of] p2a: Muk
|-heal|p2a: Muk|29/100 slp|[silent]
|turn|60
|
|cant|p2a: Muk|slp
|-curestatus|p1a: Dondozo|slp|[msg]
|move|p1a: Dondozo|Sleep Talk||[still]
|-fail|p1a: Dondozo
|
|-heal|p1a: Dondozo|58/100|[from] item: Leftovers
|-damage|p1a: Dondozo|46/100|[from] Leech Seed|[of] p2a: Muk
|-heal|p2a: Muk|44/100 slp|[silent]
|turn|61
|
|cant|p2a: Muk|slp
|move|p1a: Dondozo|Liquidation|p2a: Muk
|-damage|p2a: Muk|0 fnt
|faint|p2a: Muk
|
|-heal|p1a: Dondozo|52/100|[from] item: Leftovers
|
|switch|p2a: Tauros|Tauros-Paldea-Blaze, M|94/100 tox
|-ability|p2a: Tauros|Intimidate|boost
|-unboost|p1a: Dondozo|atk|1
|turn|62
|
|move|p2a: Tauros|Will-O-Wisp|p1a: Dondozo
|-status|p1a: Dondozo|brn
|move|p1a: Dondozo|Liquidation|p2a: Tauros
|-supereffective|p2a: Tauros
|-damage|p2a: Tauros|33/100 tox
|
|-heal|p2a: Tauros|39/100 tox|[from] item: Leftovers
|-heal|p1a: Dondozo|58/100 brn|[from] item: Leftovers
|-damage|p1a: Dondozo|46/100 brn|[from] Leech Seed|[of] p2a: Tauros
|-heal|p2a: Tauros|57/100 tox|[silent]
|-damage|p2a: Tauros|51/100 tox|[from] psn
|-damage|p1a: Dondozo|39/100 brn|[from] brn
|turn|63
|
|switch|p2a: Corviknight|Corviknight, M, shiny|100/100
|move|p1a: Dondozo|Rest|p1a: Dondozo
|-status|p1a: Dondozo|slp|[from] move: Rest
|-heal|p1a: Dondozo|100/100 slp|[silent]
|
|-damage|p1a: Dondozo|88/100 slp|[from] Leech Seed|[of] p2a: Corviknight
|turn|64
|
|switch|p2a: Brambleghast|Brambleghast, F|76/100 tox
|cant|p1a: Dondozo|slp
|move|p1a: Dondozo|Sleep Talk|p1a: Dondozo
|move|p1a: Dondozo|Curse|p1a: Dondozo|[from]move: Sleep Talk
|-boost|p1a: Dondozo|atk|1
|
|-heal|p2a: Brambleghast|82/100 tox|[from] item: Leftovers
|-heal|p1a: Dondozo|94/100 slp|[from] item: Leftovers
|-damage|p1a: Dondozo|82/100 slp|[from] Leech Seed|[of] p2a: Brambleghast
|-heal|p2a: Brambleghast|100/100 tox|[silent]
|-damage|p2a: Brambleghast|94/100 tox|[from] psn
|turn|65
|
|move|p2a: Brambleghast|Shadow Ball|p1a: Dondozo
|-crit|p1a: Dondozo
|-damage|p1a: Dondozo|47/100 slp
|cant|p1a: Dondozo|slp
|move|p1a: Dondozo|Sleep Talk|p1a: Dondozo
|move|p1a: Dondozo|Curse|p1a: Dondozo|[from]move: Sleep Talk
|-boost|p1a: Dondozo|atk|1
|
|-heal|p2a: Brambleghast|100/100 tox|[from] item: Leftovers
|-heal|p1a: Dondozo|53/100 slp|[from] item: Leftovers
|-damage|p1a: Dondozo|41/100 slp|[from] Leech Seed|[of] p2a: Brambleghast
|-damage|p2a: Brambleghast|88/100 tox|[from] psn
|turn|66
|
|move|p2a: Brambleghast|Shadow Ball|p1a: Dondozo
|-damage|p1a: Dondozo|17/100 slp
|-unboost|p1a: Dondozo|spd|1
|-curestatus|p1a: Dondozo|slp|[msg]
|move|p1a: Dondozo|Sleep Talk||[still]
|-fail|p1a: Dondozo
|
|-heal|p2a: Brambleghast|94/100 tox|[from] item: Leftovers
|-heal|p1a: Dondozo|23/100|[from] item: Leftovers
|-damage|p1a: Dondozo|11/100|[from] Leech Seed|[of] p2a: Brambleghast
|-heal|p2a: Brambleghast|100/100 tox|[silent]
|-damage|p2a: Brambleghast|82/100 tox|[from] psn
|turn|67
|
|move|p2a: Brambleghast|Shadow Ball|p1a: Dondozo
|-damage|p1a: Dondozo|0 fnt
|faint|p1a: Dondozo
|
|win|HugeHarry
