|poke|p1|Pelipper, M|
|poke|p1|Overqwil, M|
|poke|p1|Gholdengo|
|poke|p1|Basculegion-F, F|
|poke|p1|Amoonguss, M|
|poke|p1|Great Tusk|
|poke|p2|Sneasler, F|
|poke|p2|Urshifu-*, M|
|poke|p2|Skeledirge, M|
|poke|p2|Chien-Pao|
|poke|p2|Magearna|
|poke|p2|Kleavor, M|
|teampreview
|
|start
|switch|p1a: RAM & SLAM|Great Tusk, shiny|100/100
|switch|p2a: Kleavor|Kleavor, M|100/100
|turn|1
|
|move|p2a: Kleavor|Stone Axe|p1a: RAM & SLAM
|-resisted|p1a: RAM & SLAM
|-damage|p1a: RAM & SLAM|92/100
|-sidestart|p1: lucenthine|move: Stealth Rock
|move|p1a: RAM & SLAM|Stealth Rock|p2a: Kleavor
|-sidestart|p2: waha8|move: Stealth Rock
|
|-heal|p1a: RAM & SLAM|99/100|[from] item: Leftovers
|turn|2
|
|switch|p2a: Skeledirge|Skeledirge, M|100/100
|-damage|p2a: Skeledirge|76/100|[from] Stealth Rock
|move|p1a: RAM & SLAM|Rapid Spin|p2a: Skeledirge
|-immune|p2a: Skeledirge
|
|-heal|p1a: RAM & SLAM|100/100|[from] item: Leftovers
|-heal|p2a: Skeledirge|82/100|[from] item: Leftovers
|turn|3
|
|-end|p1a: RAM & SLAM|Protosynthesis|[silent]
|switch|p1a: Pelipe|Pelipper, M, shiny|100/100
|-damage|p1a: Pelipe|76/100|[from] Stealth Rock
|-weather|RainDance|[from] ability: Drizzle|[of] p1a: Pelipe
|move|p2a: Skeledirge|Will-O-Wisp|p1a: Pelipe
|-status|p1a: Pelipe|brn
|
|-weather|RainDance|[upkeep]
|-heal|p2a: Skeledirge|88/100|[from] item: Leftovers
|-damage|p1a: Pelipe|70/100 brn|[from] brn
|turn|4
|
|move|p2a: Skeledirge|Torch Song|p1a: Pelipe
|-resisted|p1a: Pelipe
|-damage|p1a: Pelipe|59/100 brn
|-boost|p2a: Skeledirge|spa|1
|move|p1a: Pelipe|Surf|p2a: Skeledirge
|-supereffective|p2a: Skeledirge
|-damage|p2a: Skeledirge|0 fnt
|faint|p2a: Skeledirge
|
|-weather|RainDance|[upkeep]
|-damage|p1a: Pelipe|53/100 brn|[from] brn
|
|switch|p2a: Urshifu|Urshifu-Rapid-Strike, M|100/100
|-damage|p2a: Urshifu|94/100|[from] Stealth Rock
|turn|5
|
|switch|p1a: LINK|Amoonguss, M, shiny|100/100
|-damage|p1a: LINK|88/100|[from] Stealth Rock
|move|p2a: Urshifu|Surging Strikes|p1a: LINK
|-resisted|p1a: LINK
|-crit|p1a: LINK
|-damage|p1a: LINK|71/100
|-resisted|p1a: LINK
|-crit|p1a: LINK
|-damage|p1a: LINK|54/100
|-resisted|p1a: LINK
|-crit|p1a: LINK
|-damage|p1a: LINK|36/100
|-hitcount|p1a: LINK|3
|-enditem|p1a: LINK|Eject Button
|
|switch|p1a: Basculegion|Basculegion-F, F|100/100
|-damage|p1a: Basculegion|88/100|[from] Stealth Rock
|
|-weather|RainDance|[upkeep]
|turn|6
|
|move|p1a: Basculegion|Surf|p2a: Urshifu
|-resisted|p2a: Urshifu
|-damage|p2a: Urshifu|16/100
|move|p2a: Urshifu|Surging Strikes|p1a: Basculegion
|-resisted|p1a: Basculegion
|-crit|p1a: Basculegion
|-damage|p1a: Basculegion|61/100
|-resisted|p1a: Basculegion
|-crit|p1a: Basculegion
|-damage|p1a: Basculegion|35/100
|-resisted|p1a: Basculegion
|-crit|p1a: Basculegion
|-damage|p1a: Basculegion|8/100
|-hitcount|p1a: Basculegion|3
|
|-weather|RainDance|[upkeep]
|turn|7
|
|move|p1a: Basculegion|Surf|p2a: Urshifu
|-resisted|p2a: Urshifu
|-damage|p2a: Urshifu|0 fnt
|faint|p2a: Urshifu
|
|-weather|RainDance|[upkeep]
|
|switch|p2a: Chien-Pao|Chien-Pao|100/100
|-ability|p2a: Chien-Pao|Sword of Ruin
|turn|8
|
|move|p2a: Chien-Pao|Ice Shard|p1a: Basculegion
|-resisted|p1a: Basculegion
|-damage|p1a: Basculegion|0 fnt
|faint|p1a: Basculegion
|
|-weather|RainDance|[upkeep]
|
|switch|p1a: Overqwil|Overqwil, M, shiny|100/100
|turn|9
|
|switch|p2a: Kleavor|Kleavor, M|100/100
|-damage|p2a: Kleavor|76/100|[from] Stealth Rock
|move|p1a: Overqwil|Crunch|p2a: Kleavor
|-damage|p2a: Kleavor|25/100
|
|-weather|RainDance|[upkeep]
|turn|10
|
|move|p1a: Overqwil|Crunch|p2a: Kleavor
|-damage|p2a: Kleavor|0 fnt
|faint|p2a: Kleavor
|
|-weather|none
|
|switch|p2a: Magearna|Magearna|100/100
|-damage|p2a: Magearna|94/100|[from] Stealth Rock
|turn|11
|
|switch|p1a: Gholdengo|Gholdengo|100/100
|-damage|p1a: Gholdengo|94/100|[from] Stealth Rock
|move|p2a: Magearna|Calm Mind|p2a: Magearna
|-boost|p2a: Magearna|spa|1
|-boost|p2a: Magearna|spd|1
|
|-heal|p1a: Gholdengo|100/100|[from] item: Leftovers
|-heal|p2a: Magearna|100/100|[from] item: Leftovers
|turn|12
|
|move|p1a: Gholdengo|Thunder Wave|p2a: Magearna
|-status|p2a: Magearna|par
|cant|p2a: Magearna|par
|
|turn|13
|
|move|p1a: Gholdengo|Nasty Plot|p1a: Gholdengo
|-boost|p1a: Gholdengo|spa|2
|cant|p2a: Magearna|par
|
|turn|14
|
|move|p1a: Gholdengo|Hex|p2a: Magearna
|-damage|p2a: Magearna|44/100 par
|cant|p2a: Magearna|par
|
|-heal|p2a: Magearna|50/100 par|[from] item: Leftovers
|turn|15
|
|move|p1a: Gholdengo|Hex|p2a: Magearna
|-damage|p2a: Magearna|0 fnt
|faint|p2a: Magearna
|
|
|switch|p2a: Chien-Pao|Chien-Pao|100/100
|-ability|p2a: Chien-Pao|Sword of Ruin
|turn|16
|
|-terastallize|p1a: Gholdengo|Flying
|move|p2a: Chien-Pao|Crunch|p1a: Gholdengo
|-damage|p1a: Gholdengo|65/100
|move|p1a: Gholdengo|Thunder Wave|p2a: Chien-Pao
|-status|p2a: Chien-Pao|par
|
|-heal|p1a: Gholdengo|71/100|[from] item: Leftovers
|turn|17
|
|switch|p1a: RAM & SLAM|Great Tusk, shiny|100/100
|-damage|p1a: RAM & SLAM|98/100|[from] Stealth Rock
|move|p2a: Chien-Pao|Ice Spinner|p1a: RAM & SLAM
|-supereffective|p1a: RAM & SLAM
|-damage|p1a: RAM & SLAM|44/100
|
|-heal|p1a: RAM & SLAM|50/100|[from] item: Leftovers
|turn|18
|
|move|p1a: RAM & SLAM|Rapid Spin|p2a: Chien-Pao
|-damage|p2a: Chien-Pao|80/100 par
|-boost|p1a: RAM & SLAM|spe|1
|-sideend|p1: lucenthine|Stealth Rock|[from] move: Rapid Spin|[of] p1a: RAM & SLAM
|move|p2a: Chien-Pao|Ice Spinner|p1a: RAM & SLAM
|-supereffective|p1a: RAM & SLAM
|-damage|p1a: RAM & SLAM|0 fnt
|faint|p1a: RAM & SLAM
|-end|p1a: RAM & SLAM|Protosynthesis|[silent]
|
|
|switch|p1a: Overqwil|Overqwil, M, shiny|100/100
|turn|19
|
|move|p1a: Overqwil|Gunk Shot|p2a: Chien-Pao
|-damage|p2a: Chien-Pao|1/100 par
|cant|p2a: Chien-Pao|par
|
|turn|20
|
|move|p1a: Overqwil|Crunch|p2a: Chien-Pao
|-resisted|p2a: Chien-Pao
|-damage|p2a: Chien-Pao|0 fnt
|faint|p2a: Chien-Pao
|
|
|switch|p2a: Sneasler|Sneasler, F|100/100
|-damage|p2a: Sneasler|95/100|[from] Stealth Rock
|turn|21
|
|switch|p1a: Pelipe|Pelipper, M, shiny|53/100 brn
|-weather|RainDance|[from] ability: Drizzle|[of] p1a: Pelipe
|move|p2a: Sneasler|Swords Dance|p2a: Sneasler
|-boost|p2a: Sneasler|atk|2
|
|-weather|RainDance|[upkeep]
|-damage|p1a: Pelipe|46/100 brn|[from] brn
|turn|22
|
|move|p2a: Sneasler|Close Combat|p1a: Pelipe
|-resisted|p1a: Pelipe
|-damage|p1a: Pelipe|3/100 brn
|-unboost|p2a: Sneasler|def|1
|-unboost|p2a: Sneasler|spd|1
|-enditem|p2a: Sneasler|White Herb
|-clearnegativeboost|p2a: Sneasler|[silent]
|move|p1a: Pelipe|Hurricane|p2a: Sneasler
|-supereffective|p2a: Sneasler
|-damage|p2a: Sneasler|0 fnt
|faint|p2a: Sneasler
|
|win|lucenthine
