|poke|p1|Arcanine-Hisui, M|
|poke|p1|Ceruledge, F|
|poke|p1|Glastrier|
|poke|p1|Great Tusk|
|poke|p1|Sobble, M|
|poke|p1|Perrserker, M|
|poke|p2|Zoroark-Hisui, M|
|poke|p2|Ceruledge, F|
|poke|p2|Zamazenta-*|
|poke|p2|Meowscarada, F|
|poke|p2|Ursaluna, F|
|poke|p2|Grimmsnarl, M|
|teampreview
|
|start
|switch|p1a: Sobble|Sobble, M|100/100
|switch|p2a: Grimmsnarl|Grimmsnarl, M|100/100
|turn|1
|
|move|p1a: Sobble|Aqua Jet|p2a: Grimmsnarl
|-damage|p2a: Grimmsnarl|87/100
|move|p2a: Grimmsnarl|Light Screen|p2a: Grimmsnarl
|-sidestart|p2: StoneGrove|move: Light Screen
|
|turn|2
|
|move|p1a: Sobble|Protect|p1a: Sobble
|-singleturn|p1a: Sobble|Protect
|move|p2a: Grimmsnarl|Reflect|p2a: Grimmsnarl
|-sidestart|p2: StoneGrove|Reflect
|
|turn|3
|
|switch|p2a: Zamazenta|Zamazenta-Crowned|100/100
|-ability|p2a: Zamazenta|Dauntless Shield|boost
|-boost|p2a: Zamazenta|def|1
|move|p1a: Sobble|Aqua Jet|p2a: Zamazenta
|-damage|p2a: Zamazenta|98/100
|
|turn|4
|
|switch|p1a: Perrserker|Perrserker, M|100/100
|move|p2a: Zamazenta|Trailblaze|p1a: Perrserker
|-resisted|p1a: Perrserker
|-damage|p1a: Perrserker|93/100
|-boost|p2a: Zamazenta|spe|1
|
|turn|5
|
|move|p1a: Perrserker|Fake Out|p2a: Zamazenta
|-resisted|p2a: Zamazenta
|-damage|p2a: Zamazenta|96/100
|cant|p2a: Zamazenta|flinch
|
|turn|6
|
|move|p2a: Zamazenta|Iron Defense|p2a: Zamazenta
|-boost|p2a: Zamazenta|def|2
|move|p1a: Perrserker|Trailblaze|p2a: Zamazenta
|-resisted|p2a: Zamazenta
|-damage|p2a: Zamazenta|95/100
|-boost|p1a: Perrserker|spe|1
|
|turn|7
|
|move|p2a: Zamazenta|Iron Defense|p2a: Zamazenta
|-boost|p2a: Zamazenta|def|2
|move|p1a: Perrserker|Close Combat|p2a: Zamazenta
|-supereffective|p2a: Zamazenta
|-damage|p2a: Zamazenta|85/100
|-unboost|p1a: Perrserker|def|1
|-unboost|p1a: Perrserker|spd|1
|
|turn|8
|
|move|p2a: Zamazenta|Iron Defense|p2a: Zamazenta
|-boost|p2a: Zamazenta|def|1
|move|p1a: Perrserker|Close Combat|p2a: Zamazenta
|-supereffective|p2a: Zamazenta
|-damage|p2a: Zamazenta|77/100
|-unboost|p1a: Perrserker|def|1
|-unboost|p1a: Perrserker|spd|1
|
|-sideend|p2: StoneGrove|move: Light Screen
|turn|9
|
|move|p2a: Zamazenta|Body Press|p1a: Perrserker
|-supereffective|p1a: Perrserker
|-damage|p1a: Perrserker|0 fnt
|faint|p1a: Perrserker
|
|-sideend|p2: StoneGrove|Reflect
|
|switch|p1a: Sobble|Sobble, M|100/100
|turn|10
|
|-terastallize|p1a: Sobble|Water
|move|p1a: Sobble|Aqua Jet|p2a: Zamazenta
|-damage|p2a: Zamazenta|74/100
|move|p2a: Zamazenta|Body Press|p1a: Sobble
|-enditem|p1a: Sobble|Focus Sash
|-damage|p1a: Sobble|1/100
|
|turn|11
|
|move|p1a: Sobble|Aqua Jet|p2a: Zamazenta
|-damage|p2a: Zamazenta|72/100
|move|p2a: Zamazenta|Trailblaze|p1a: Sobble
|-supereffective|p1a: Sobble
|-damage|p1a: Sobble|0 fnt
|-boost|p2a: Zamazenta|spe|1
|faint|p1a: Sobble
|
|
|switch|p1a: Glastrier|Glastrier|100/100
|turn|12
|
|move|p2a: Zamazenta|Body Press|p1a: Glastrier
|-supereffective|p1a: Glastrier
|-enditem|p1a: Glastrier|Focus Sash
|-damage|p1a: Glastrier|1/100
|move|p1a: Glastrier|Trailblaze|p2a: Zamazenta
|-resisted|p2a: Zamazenta
|-damage|p2a: Zamazenta|70/100
|-boost|p1a: Glastrier|spe|1
|
|turn|13
|
|move|p2a: Zamazenta|Body Press|p1a: Glastrier
|-supereffective|p1a: Glastrier
|-damage|p1a: Glastrier|0 fnt
|faint|p1a: Glastrier
|
|
|switch|p1a: Ceruledge|Ceruledge, F|100/100
|turn|14
|
|move|p2a: Zamazenta|Behemoth Bash|p1a: Ceruledge
|-resisted|p1a: Ceruledge
|-damage|p1a: Ceruledge|72/100
|-ability|p1a: Ceruledge|Weak Armor|boost
|-unboost|p1a: Ceruledge|def|1
|-boost|p1a: Ceruledge|spe|2
|move|p1a: Ceruledge|Poison Jab|p2a: Zamazenta
|-immune|p2a: Zamazenta
|
|turn|15
|
|move|p2a: Zamazenta|Behemoth Bash|p1a: Ceruledge
|-resisted|p1a: Ceruledge
|-damage|p1a: Ceruledge|32/100
|-ability|p1a: Ceruledge|Weak Armor|boost
|-unboost|p1a: Ceruledge|def|1
|-boost|p1a: Ceruledge|spe|2
|move|p1a: Ceruledge|Shadow Claw|p2a: Zamazenta
|-damage|p2a: Zamazenta|64/100
|
|turn|16
|
|move|p1a: Ceruledge|Bitter Blade|p2a: Zamazenta
|-supereffective|p2a: Zamazenta
|-damage|p2a: Zamazenta|50/100
|-heal|p1a: Ceruledge|41/100|[from] drain|[of] p2a: Zamazenta
|move|p2a: Zamazenta|Behemoth Bash|p1a: Ceruledge
|-resisted|p1a: Ceruledge
|-damage|p1a: Ceruledge|0 fnt
|faint|p1a: Ceruledge
|
|
|switch|p1a: Great Tusk|Great Tusk|100/100
|turn|17
|
|move|p2a: Zamazenta|Body Press|p1a: Great Tusk
|-crit|p1a: Great Tusk
|-damage|p1a: Great Tusk|0 fnt
|faint|p1a: Great Tusk
|-end|p1a: Great Tusk|Protosynthesis|[silent]
|
|
|switch|p1a: Arcanine|Arcanine-Hisui, M|100/100
|turn|18
|
|move|p2a: Zamazenta|Body Press|p1a: Arcanine
|-supereffective|p1a: Arcanine
|-enditem|p1a: Arcanine|Focus Sash
|-damage|p1a: Arcanine|1/100
|move|p1a: Arcanine|Close Combat|p2a: Zamazenta
|-supereffective|p2a: Zamazenta
|-damage|p2a: Zamazenta|37/100
|-unboost|p1a: Arcanine|def|1
|-unboost|p1a: Arcanine|spd|1
|
|turn|19
|
|move|p2a: Zamazenta|Body Press|p1a: Arcanine
|-supereffective|p1a: Arcanine
|-damage|p1a: Arcanine|0 fnt
|faint|p1a: Arcanine
|
|win|StoneGrove
