|poke|p1|Kleavor, F|
|poke|p1|Pelipper, F|
|poke|p1|Basculegion, M|
|poke|p1|Iron Treads|
|poke|p1|Rabsca, F|
|poke|p1|Dragonite, M|
|poke|p2|Glimmora, M|
|poke|p2|Magearna|
|poke|p2|Lilligant-Hisui, F|
|poke|p2|Chien-Pao|
|poke|p2|Gholdengo|
|poke|p2|Kingambit, F|
|teampreview
|
|start
|switch|p1a: Iron Treads|Iron Treads|100/100
|switch|p2a: Glimmora|Glimmora, M|100/100
|turn|1
|
|move|p1a: Iron Treads|Earthquake|p2a: Glimmora
|-supereffective|p2a: Glimmora
|-damage|p2a: Glimmora|0 fnt
|-activate|p2a: Glimmora|ability: Toxic Debris
|-sidestart|p1: p1|move: Toxic Spikes
|faint|p2a: Glimmora
|
|
|switch|p2a: Lilligant|Lilligant-Hisui, F|100/100
|turn|2
|
|move|p2a: Lilligant|Victory Dance|p2a: Lilligant
|-boost|p2a: Lilligant|atk|1
|-boost|p2a: Lilligant|def|1
|-boost|p2a: Lilligant|spe|1
|move|p1a: Iron Treads|Rapid Spin|p2a: Lilligant
|-damage|p2a: Lilligant|83/100
|-boost|p1a: Iron Treads|spe|1
|-sideend|p1: p1|Toxic Spikes|[from] move: Rapid Spin|[of] p1a: Iron Treads
|
|turn|3
|
|-end|p1a: Iron Treads|Quark Drive|[silent]
|switch|p1a: Pelipper|Pelipper, F|100/100
|-weather|RainDance|[from] ability: Drizzle|[of] p1a: Pelipper
|move|p2a: Lilligant|Victory Dance|p2a: Lilligant
|-boost|p2a: Lilligant|atk|1
|-boost|p2a: Lilligant|def|1
|-boost|p2a: Lilligant|spe|1
|
|-weather|RainDance|[upkeep]
|turn|4
|
|move|p2a: Lilligant|Leaf Blade|p1a: Pelipper
|-damage|p1a: Pelipper|14/100
|move|p1a: Pelipper|Hurricane|p2a: Lilligant
|-supereffective|p2a: Lilligant
|-damage|p2a: Lilligant|0 fnt
|faint|p2a: Lilligant
|
|-weather|RainDance|[upkeep]
|
|switch|p2a: Chien-Pao|Chien-Pao|100/100
|-ability|p2a: Chien-Pao|Sword of Ruin
|turn|5
|
|move|p2a: Chien-Pao|Swords Dance|p2a: Chien-Pao
|-boost|p2a: Chien-Pao|atk|2
|move|p1a: Pelipper|Hurricane|p2a: Chien-Pao
|-damage|p2a: Chien-Pao|45/100
|-start|p2a: Chien-Pao|confusion
|
|-weather|RainDance|[upkeep]
|turn|6
|
|-activate|p2a: Chien-Pao|confusion
|-damage|p2a: Chien-Pao|10/100|[from] confusion
|move|p1a: Pelipper|Hurricane|p2a: Chien-Pao
|-damage|p2a: Chien-Pao|0 fnt
|faint|p2a: Chien-Pao
|
|-weather|RainDance|[upkeep]
|
|switch|p2a: Gholdengo|Gholdengo|100/100
|turn|7
|
|move|p2a: Gholdengo|Shadow Ball|p1a: Pelipper
|-damage|p1a: Pelipper|0 fnt
|faint|p1a: Pelipper
|
|-weather|RainDance|[upkeep]
|
|switch|p1a: Basculegion|Basculegion, M|100/100
|turn|8
|
|-terastallize|p1a: Basculegion|Water
|move|p1a: Basculegion|Wave Crash|p2a: Gholdengo
|-damage|p2a: Gholdengo|0 fnt
|faint|p2a: Gholdengo
|-damage|p1a: Basculegion|73/100|[from] Recoil
|
|-weather|RainDance|[upkeep]
|
|switch|p2a: Kingambit|Kingambit, F|100/100
|-activate|p2a: Kingambit|ability: Supreme Overlord
|-start|p2a: Kingambit|fallen4|[silent]
|turn|9
|
|switch|p1a: Kleavor|Kleavor, F|100/100
|move|p2a: Kingambit|Sucker Punch||[still]
|-fail|p2a: Kingambit
|
|-weather|RainDance|[upkeep]
|turn|10
|
|move|p1a: Kleavor|Close Combat|p2a: Kingambit
|-supereffective|p2a: Kingambit
|-damage|p2a: Kingambit|0 fnt
|-unboost|p1a: Kleavor|def|1
|-unboost|p1a: Kleavor|spd|1
|faint|p2a: Kingambit
|-end|p2a: Kingambit|fallen4|[silent]
|
|-weather|none
|
|switch|p2a: Magearna|Magearna|100/100
|turn|11
|
|move|p1a: Kleavor|U-turn|p2a: Magearna
|-resisted|p2a: Magearna
|-damage|p2a: Magearna|92/100
|
|switch|p1a: Iron Treads|Iron Treads|100/100|[from] U-turn
|move|p2a: Magearna|Calm Mind|p2a: Magearna
|-boost|p2a: Magearna|spa|1
|-boost|p2a: Magearna|spd|1
|
|turn|12
|
|-terastallize|p2a: Magearna|Water
|move|p1a: Iron Treads|Earthquake|p2a: Magearna
|-damage|p2a: Magearna|42/100
|move|p2a: Magearna|Shift Gear|p2a: Magearna
|-boost|p2a: Magearna|spe|2
|-boost|p2a: Magearna|atk|1
|
|turn|13
|
|move|p2a: Magearna|Draining Kiss|p1a: Iron Treads
|-resisted|p1a: Iron Treads
|-damage|p1a: Iron Treads|76/100
|-heal|p2a: Magearna|60/100|[from] drain|[of] p1a: Iron Treads
|-damage|p2a: Magearna|50/100|[from] item: Life Orb
|move|p1a: Iron Treads|Earthquake|p2a: Magearna
|-damage|p2a: Magearna|5/100
|
|turn|14
|
|move|p2a: Magearna|Stored Power|p1a: Iron Treads
|-resisted|p1a: Iron Treads
|-damage|p1a: Iron Treads|36/100
|-damage|p2a: Magearna|0 fnt|[from] item: Life Orb
|faint|p2a: Magearna
|
|win|p1
