|poke|p1|Quaquaval, M|
|poke|p1|Abomasnow, M|
|poke|p1|Cetitan, F|
|poke|p1|Noivern, F|
|poke|p1|Spidops, F|
|poke|p1|Sandy Shocks|
|poke|p2|Hydreigon, F|
|poke|p2|Sandy Shocks|
|poke|p2|Decidueye, M|
|poke|p2|Iron Leaves|
|poke|p2|Arcanine, M|
|poke|p2|Hariyama, F|
|teampreview
|
|start
|switch|p1a: CharlotteTheSpider|Spidops, F|100/100
|switch|p2a: Sandy Shocks|Sandy Shocks|100/100
|turn|1
|
|move|p1a: CharlotteTheSpider|Silk Trap|p1a: CharlotteTheSpider
|-singleturn|p1a: CharlotteTheSpider|Protect
|move|p2a: Sandy Shocks|Volt Switch|p1a: CharlotteTheSpider
|-activate|p1a: CharlotteTheSpider|move: Protect
|
|turn|2
|
|move|p2a: Sandy Shocks|Volt Switch|p1a: CharlotteTheSpider
|-damage|p1a: CharlotteTheSpider|67/100
|
|-end|p2a: Sandy Shocks|Protosynthesis|[silent]
|switch|p2a: Decidueye|Decidueye, M|100/100|[from] Volt Switch
|move|p1a: CharlotteTheSpider|Sticky Web|p2a: Decidueye
|-sidestart|p2: p2|move: Sticky Web
|
|turn|3
|
|switch|p1a: FrostiTheSnowman|Abomasnow, M|100/100
|-weather|Snow|[from] ability: Snow Warning|[of] p1a: FrostiTheSnowman
|move|p2a: Decidueye|Defog|p1a: FrostiTheSnowman
|-unboost|p1a: FrostiTheSnowman|evasion|1
|-sideend|p2: p2|Sticky Web|[from] move: Defog|[of] p2a: Decidueye
|
|-weather|Snow|[upkeep]
|turn|4
|
|move|p2a: Decidueye|U-turn|p1a: FrostiTheSnowman
|-supereffective|p1a: FrostiTheSnowman
|-damage|p1a: FrostiTheSnowman|79/100
|
|switch|p2a: Arcanine|Arcanine, M|100/100|[from] U-turn
|-ability|p2a: Arcanine|Intimidate|boost
|-unboost|p1a: FrostiTheSnowman|atk|1
|move|p1a: FrostiTheSnowman|Blizzard|p2a: Arcanine
|-resisted|p2a: Arcanine
|-damage|p2a: Arcanine|81/100
|
|-weather|Snow|[upkeep]
|turn|5
|
|switch|p1a: DraculaTheBat|Noivern, F|100/100
|-item|p2a: Arcanine|Choice Band|[from] ability: Frisk|[of] p1a: DraculaTheBat|[identify]
|move|p2a: Arcanine|Flare Blitz|p1a: DraculaTheBat
|-resisted|p1a: DraculaTheBat
|-damage|p1a: DraculaTheBat|36/100
|-damage|p2a: Arcanine|61/100|[from] Recoil
|
|-weather|Snow|[upkeep]
|turn|6
|
|switch|p2a: Iron Leaves|Iron Leaves|100/100
|-enditem|p2a: Iron Leaves|Booster Energy
|-activate|p2a: Iron Leaves|ability: Quark Drive|[fromitem]
|-start|p2a: Iron Leaves|quarkdrivespe
|move|p1a: DraculaTheBat|Draco Meteor|p2a: Iron Leaves
|-damage|p2a: Iron Leaves|40/100
|-unboost|p1a: DraculaTheBat|spa|2
|
|-weather|Snow|[upkeep]
|turn|7
|
|switch|p1a: CharlotteTheSpider|Spidops, F|67/100
|move|p2a: Iron Leaves|Trailblaze|p1a: CharlotteTheSpider
|-resisted|p1a: CharlotteTheSpider
|-damage|p1a: CharlotteTheSpider|55/100
|-boost|p2a: Iron Leaves|spe|1
|
|-weather|Snow|[upkeep]
|turn|8
|
|-terastallize|p2a: Iron Leaves|Steel
|move|p1a: CharlotteTheSpider|First Impression|p2a: Iron Leaves
|-resisted|p2a: Iron Leaves
|-damage|p2a: Iron Leaves|21/100
|move|p2a: Iron Leaves|Swords Dance|p2a: Iron Leaves
|-boost|p2a: Iron Leaves|atk|2
|
|-weather|Snow|[upkeep]
|turn|9
|
|move|p1a: CharlotteTheSpider|Silk Trap|p1a: CharlotteTheSpider
|-singleturn|p1a: CharlotteTheSpider|Protect
|move|p2a: Iron Leaves|Psyblade|p1a: CharlotteTheSpider
|-activate|p1a: CharlotteTheSpider|move: Protect
|-unboost|p2a: Iron Leaves|spe|1
|
|-weather|Snow|[upkeep]
|turn|10
|
|move|p1a: CharlotteTheSpider|Silk Trap||[still]
|-fail|p1a: CharlotteTheSpider
|move|p2a: Iron Leaves|Psyblade|p1a: CharlotteTheSpider
|-damage|p1a: CharlotteTheSpider|0 fnt
|faint|p1a: CharlotteTheSpider
|
|-weather|none
|
|switch|p1a: FrostiTheSnowman|Abomasnow, M|79/100
|-weather|Snow|[from] ability: Snow Warning|[of] p1a: FrostiTheSnowman
|turn|11
|
|move|p2a: Iron Leaves|Close Combat|p1a: FrostiTheSnowman
|-supereffective|p1a: FrostiTheSnowman
|-damage|p1a: FrostiTheSnowman|0 fnt
|-unboost|p2a: Iron Leaves|def|1
|-unboost|p2a: Iron Leaves|spd|1
|faint|p1a: FrostiTheSnowman
|
|-weather|Snow|[upkeep]
|
|switch|p1a: MobyTheWhale|Cetitan, F|100/100
|turn|12
|
|move|p1a: MobyTheWhale|Earthquake|p2a: Iron Leaves
|-supereffective|p2a: Iron Leaves
|-damage|p2a: Iron Leaves|0 fnt
|faint|p2a: Iron Leaves
|-end|p2a: Iron Leaves|Quark Drive|[silent]
|
|-weather|Snow|[upkeep]
|
|switch|p2a: Arcanine|Arcanine, M|61/100
|-ability|p2a: Arcanine|Intimidate|boost
|-unboost|p1a: MobyTheWhale|atk|1
|turn|13
|
|move|p1a: MobyTheWhale|Earthquake|p2a: Arcanine
|-supereffective|p2a: Arcanine
|-damage|p2a: Arcanine|14/100
|move|p2a: Arcanine|Flare Blitz|p1a: MobyTheWhale
|-supereffective|p1a: MobyTheWhale
|-damage|p1a: MobyTheWhale|0 fnt
|faint|p1a: MobyTheWhale
|-damage|p2a: Arcanine|0 fnt|[from] Recoil
|faint|p2a: Arcanine
|
|-weather|Snow|[upkeep]
|
|switch|p2a: Sandy Shocks|Sandy Shocks|100/100
|switch|p1a: TomTheQuackEngine|Quaquaval, M|100/100
|turn|14
|
|move|p1a: TomTheQuackEngine|Wave Crash|p2a: Sandy Shocks
|-supereffective|p2a: Sandy Shocks
|-damage|p2a: Sandy Shocks|0 fnt
|faint|p2a: Sandy Shocks
|-end|p2a: Sandy Shocks|Protosynthesis|[silent]
|-ability|p1a: TomTheQuackEngine|Moxie|boost
|-boost|p1a: TomTheQuackEngine|atk|1
|-damage|p1a: TomTheQuackEngine|66/100|[from] Recoil
|
|-weather|Snow|[upkeep]
|
|switch|p2a: Decidueye|Decidueye, M|100/100
|turn|15
|
|switch|p1a: TheMiddlePole|Sandy Shocks|100/100
|move|p2a: Decidueye|Leaf Storm|p1a: TheMiddlePole
|-supereffective|p1a: TheMiddlePole
|-damage|p1a: TheMiddlePole|0 fnt
|-unboost|p2a: Decidueye|spa|2
|faint|p1a: TheMiddlePole
|-end|p1a: TheMiddlePole|Protosynthesis|[silent]
|
|-weather|Snow|[upkeep]
|
|switch|p1a: TomTheQuackEngine|Quaquaval, M|66/100
|turn|16
|
|switch|p2a: Hariyama|Hariyama, F|100/100
|move|p1a: TomTheQuackEngine|U-turn|p2a: Hariyama
|-resisted|p2a: Hariyama
|-damage|p2a: Hariyama|90/100
|
|switch|p1a: DraculaTheBat|Noivern, F|36/100|[from] U-turn
|-item|p2a: Hariyama|Coba Berry|[from] ability: Frisk|[of] p1a: DraculaTheBat|[identify]
|
|-weather|Snow|[upkeep]
|turn|17
|
|move|p1a: DraculaTheBat|Hurricane|p2a: Hariyama
|-supereffective|p2a: Hariyama
|-enditem|p2a: Hariyama|Coba Berry|[eat]
|-enditem|p2a: Hariyama|Coba Berry|[weaken]
|-damage|p2a: Hariyama|24/100
|move|p2a: Hariyama|Thunder Punch|p1a: DraculaTheBat
|-damage|p1a: DraculaTheBat|4/100
|
|-weather|Snow|[upkeep]
|turn|18
|
|move|p2a: Hariyama|Bullet Punch|p1a: DraculaTheBat
|-damage|p1a: DraculaTheBat|0 fnt
|faint|p1a: DraculaTheBat
|
|-weather|none
|
|switch|p1a: TomTheQuackEngine|Quaquaval, M|66/100
|turn|19
|
|move|p1a: TomTheQuackEngine|Brave Bird|p2a: Hariyama
|-supereffective|p2a: Hariyama
|-damage|p2a: Hariyama|0 fnt
|faint|p2a: Hariyama
|-ability|p1a: TomTheQuackEngine|Moxie|boost
|-boost|p1a: TomTheQuackEngine|atk|1
|-damage|p1a: TomTheQuackEngine|57/100|[from] Recoil
|
|
|switch|p2a: GOBLIN|Hydreigon, F, shiny|100/100
|turn|20
|
|-terastallize|p1a: TomTheQuackEngine|Steel
|move|p1a: TomTheQuackEngine|Brave Bird|p2a: GOBLIN
|-damage|p2a: GOBLIN|26/100
|-damage|p1a: TomTheQuackEngine|34/100|[from] Recoil
|move|p2a: GOBLIN|Draco Meteor|p1a: TomTheQuackEngine|[miss]
|-miss|p2a: GOBLIN|p1a: TomTheQuackEngine
|
|turn|21
|
|move|p1a: TomTheQuackEngine|Brave Bird|p2a: GOBLIN
|-damage|p2a: GOBLIN|0 fnt
|faint|p2a: GOBLIN
|-ability|p1a: TomTheQuackEngine|Moxie|boost
|-boost|p1a: TomTheQuackEngine|atk|1
|-damage|p1a: TomTheQuackEngine|26/100|[from] Recoil
|
|
|switch|p2a: Decidueye|Decidueye, M|100/100
|turn|22
|
|move|p1a: TomTheQuackEngine|Brave Bird|p2a: Decidueye
|-supereffective|p2a: Decidueye
|-damage|p2a: Decidueye|0 fnt
|faint|p2a: Decidueye
|-damage|p1a: TomTheQuackEngine|0 fnt|[from] Recoil
|faint|p1a: TomTheQuackEngine
|
|win|p1
