|poke|p1|Glastrier|
|poke|p1|Magearna|
|poke|p1|Cresselia, F|
|poke|p1|Ursaluna, M|
|poke|p1|Kingambit, M|
|poke|p1|Slowking-Galar, M|
|poke|p2|Muk-Alola, F|
|poke|p2|Enamorus, F|
|poke|p2|Landorus-Therian, M|
|poke|p2|Iron Treads|
|poke|p2|Dragapult, F|
|poke|p2|Tauros-Paldea-Aqua, M|
|teampreview
|
|start
|switch|p1a: MEOW PLANKTON|Slowking-Galar, M|100/100
|switch|p2a: Muk|Muk-Alola, F, shiny|100/100
|turn|1
|
|switch|p1a: Mr Grizz|Ursaluna, M|100/100
|move|p2a: Muk|Taunt|p1a: Mr Grizz
|-start|p1a: Mr Grizz|move: Taunt
|
|-status|p1a: Mr Grizz|brn|[from] item: Flame Orb
|turn|2
|
|move|p2a: Muk|Protect|p2a: Muk
|-singleturn|p2a: Muk|Protect
|move|p1a: Mr Grizz|Facade|p2a: Muk
|-activate|p2a: Muk|move: Protect
|
|-damage|p1a: Mr Grizz|94/100 brn|[from] brn
|turn|3
|
|switch|p2a: Enamorus|Enamorus, F, shiny|100/100
|move|p1a: Mr Grizz|Earthquake|p2a: Enamorus
|-immune|p2a: Enamorus
|
|-damage|p1a: Mr Grizz|88/100 brn|[from] brn
|-end|p1a: Mr Grizz|move: Taunt
|turn|4
|
|switch|p2a: Dragapult|Dragapult, F|100/100
|switch|p1a: MEOW PLANKTON|Slowking-Galar, M|100/100
|
|turn|5
|
|switch|p2a: Tauros|Tauros-Paldea-Aqua, M|100/100
|-ability|p2a: Tauros|Intimidate|boost
|-unboost|p1a: MEOW PLANKTON|atk|1
|switch|p1a: Mr Grizz|Ursaluna, M|88/100 brn
|
|-damage|p1a: Mr Grizz|82/100 brn|[from] brn
|turn|6
|
|switch|p1a: MEOW PLANKTON|Slowking-Galar, M|100/100
|move|p2a: Tauros|Wave Crash|p1a: MEOW PLANKTON
|-damage|p1a: MEOW PLANKTON|45/100
|-damage|p2a: Tauros|76/100|[from] Recoil
|
|turn|7
|
|move|p2a: Tauros|Wave Crash|p1a: MEOW PLANKTON
|-damage|p1a: MEOW PLANKTON|0 fnt
|faint|p1a: MEOW PLANKTON
|-damage|p2a: Tauros|56/100|[from] Recoil
|
|
|switch|p1a: Robo-Babe|Magearna|100/100
|turn|8
|
|switch|p2a: Muk|Muk-Alola, F, shiny|100/100
|move|p1a: Robo-Babe|Trick Room|p1a: Robo-Babe
|-fieldstart|move: Trick Room|[of] p1a: Robo-Babe
|
|turn|9
|
|move|p1a: Robo-Babe|Fleur Cannon|p2a: Muk
|-damage|p2a: Muk|56/100
|-unboost|p1a: Robo-Babe|spa|2
|-enditem|p1a: Robo-Babe|Eject Pack
|
|switch|p1a: Mr Grizz|Ursaluna, M|82/100 brn
|move|p2a: Muk|Taunt|p1a: Mr Grizz
|-start|p1a: Mr Grizz|move: Taunt
|
|-heal|p2a: Muk|62/100|[from] item: Leftovers
|-damage|p1a: Mr Grizz|75/100 brn|[from] brn
|turn|10
|
|move|p2a: Muk|Protect|p2a: Muk
|-singleturn|p2a: Muk|Protect
|move|p1a: Mr Grizz|Facade|p2a: Muk
|-activate|p2a: Muk|move: Protect
|
|-heal|p2a: Muk|68/100|[from] item: Leftovers
|-damage|p1a: Mr Grizz|69/100 brn|[from] brn
|turn|11
|
|switch|p2a: Dragapult|Dragapult, F|100/100
|move|p1a: Mr Grizz|Facade|p2a: Dragapult
|-immune|p2a: Dragapult
|
|-damage|p1a: Mr Grizz|63/100 brn|[from] brn
|-end|p1a: Mr Grizz|move: Taunt
|turn|12
|
|switch|p2a: Landorus|Landorus-Therian, M|100/100
|-ability|p2a: Landorus|Intimidate|boost
|-unboost|p1a: Mr Grizz|atk|1
|move|p1a: Mr Grizz|Earthquake|p2a: Landorus
|-immune|p2a: Landorus
|
|-damage|p1a: Mr Grizz|57/100 brn|[from] brn
|-fieldend|move: Trick Room
|turn|13
|
|switch|p1a: Frosteed|Glastrier|100/100
|move|p2a: Landorus|Grass Knot|p1a: Frosteed
|-damage|p1a: Frosteed|78/100
|
|turn|14
|
|move|p2a: Landorus|U-turn|p1a: Frosteed
|-damage|p1a: Frosteed|63/100
|
|switch|p2a: Tauros|Tauros-Paldea-Aqua, M|56/100|[from] U-turn
|-ability|p2a: Tauros|Intimidate|boost
|-unboost|p1a: Frosteed|atk|1
|move|p1a: Frosteed|Icicle Crash|p2a: Tauros
|-resisted|p2a: Tauros
|-damage|p2a: Tauros|36/100
|
|turn|15
|
|-terastallize|p1a: Frosteed|Electric
|move|p2a: Tauros|Earthquake|p1a: Frosteed
|-supereffective|p1a: Frosteed
|-damage|p1a: Frosteed|5/100
|move|p1a: Frosteed|Tera Blast|p2a: Tauros
|-supereffective|p2a: Tauros
|-damage|p2a: Tauros|0 fnt
|faint|p2a: Tauros
|-ability|p1a: Frosteed|Chilling Neigh|boost
|-boost|p1a: Frosteed|atk|1
|
|
|switch|p2a: Landorus|Landorus-Therian, M|100/100
|-ability|p2a: Landorus|Intimidate|boost
|-unboost|p1a: Frosteed|atk|1
|turn|16
|
|move|p2a: Landorus|U-turn|p1a: Frosteed
|-damage|p1a: Frosteed|0 fnt
|faint|p1a: Frosteed
|
|switch|p2a: Enamorus|Enamorus, F, shiny|100/100|[from] U-turn
|
|
|switch|p1a: I actually hate u|Cresselia, F|100/100
|turn|17
|
|move|p2a: Enamorus|Moonblast|p1a: I actually hate u
|-damage|p1a: I actually hate u|55/100
|move|p1a: I actually hate u|Trick Room|p1a: I actually hate u
|-fieldstart|move: Trick Room|[of] p1a: I actually hate u
|
|turn|18
|
|switch|p2a: Muk|Muk-Alola, F, shiny|68/100
|move|p1a: I actually hate u|Lunar Dance|p1a: I actually hate u
|faint|p1a: I actually hate u
|
|-heal|p2a: Muk|74/100|[from] item: Leftovers
|
|switch|p1a: Mr Grizz|Ursaluna, M|57/100 brn
|-heal|p1a: Mr Grizz|100/100|[from] move: Lunar Dance
|turn|19
|
|move|p1a: Mr Grizz|Earthquake|p2a: Muk
|-supereffective|p2a: Muk
|-damage|p2a: Muk|0 fnt
|faint|p2a: Muk
|
|-status|p1a: Mr Grizz|brn|[from] item: Flame Orb
|
|switch|p2a: Landorus|Landorus-Therian, M|100/100
|-ability|p2a: Landorus|Intimidate|boost
|-unboost|p1a: Mr Grizz|atk|1
|turn|20
|
|move|p1a: Mr Grizz|Facade|p2a: Landorus
|-damage|p2a: Landorus|38/100
|-damage|p1a: Mr Grizz|84/100 brn|[from] item: Rocky Helmet|[of] p2a: Landorus
|move|p2a: Landorus|Grass Knot|p1a: Mr Grizz
|-supereffective|p1a: Mr Grizz
|-damage|p1a: Mr Grizz|35/100 brn
|
|-damage|p1a: Mr Grizz|29/100 brn|[from] brn
|turn|21
|
|switch|p2a: Enamorus|Enamorus, F, shiny|100/100
|move|p1a: Mr Grizz|Facade|p2a: Enamorus
|-damage|p2a: Enamorus|0 fnt
|-start|p1a: Mr Grizz|Attract|[from] ability: Cute Charm|[of] p2a: Enamorus
|faint|p2a: Enamorus
|-end|p1a: Mr Grizz|Attract|[silent]
|
|-damage|p1a: Mr Grizz|23/100 brn|[from] brn
|-fieldend|move: Trick Room
|
|switch|p2a: Dragapult|Dragapult, F|100/100
|turn|22
|
|move|p2a: Dragapult|Fire Blast|p1a: Mr Grizz
|-damage|p1a: Mr Grizz|0 fnt
|faint|p1a: Mr Grizz
|
|
|switch|p1a: Robo-Babe|Magearna|100/100
|turn|23
|
|move|p2a: Dragapult|Fire Blast|p1a: Robo-Babe
|-supereffective|p1a: Robo-Babe
|-damage|p1a: Robo-Babe|26/100
|move|p1a: Robo-Babe|Trick Room|p1a: Robo-Babe
|-fieldstart|move: Trick Room|[of] p1a: Robo-Babe
|
|turn|24
|
|switch|p2a: Iron Treads|Iron Treads|100/100
|-enditem|p2a: Iron Treads|Booster Energy
|-activate|p2a: Iron Treads|ability: Quark Drive|[fromitem]
|-start|p2a: Iron Treads|quarkdrivespe
|move|p1a: Robo-Babe|Fleur Cannon|p2a: Iron Treads
|-resisted|p2a: Iron Treads
|-damage|p2a: Iron Treads|49/100
|-unboost|p1a: Robo-Babe|spa|2
|
|turn|25
|
|move|p1a: Robo-Babe|Focus Blast|p2a: Iron Treads
|-supereffective|p2a: Iron Treads
|-damage|p2a: Iron Treads|0 fnt
|faint|p2a: Iron Treads
|-ability|p1a: Robo-Babe|Soul-Heart|boost
|-boost|p1a: Robo-Babe|spa|1
|-end|p2a: Iron Treads|Quark Drive|[silent]
|
|
|switch|p2a: Dragapult|Dragapult, F|100/100
|turn|26
|
|-terastallize|p2a: Dragapult|Ghost
|move|p1a: Robo-Babe|Fleur Cannon|p2a: Dragapult
|-damage|p2a: Dragapult|37/100
|-unboost|p1a: Robo-Babe|spa|2
|move|p2a: Dragapult|Fire Blast|p1a: Robo-Babe
|-supereffective|p1a: Robo-Babe
|-damage|p1a: Robo-Babe|0 fnt
|faint|p1a: Robo-Babe
|
|
|switch|p1a: Big Sharp|Kingambit, M|100/100
|-activate|p1a: Big Sharp|ability: Supreme Overlord
|-start|p1a: Big Sharp|fallen5|[silent]
|turn|27
|
|move|p1a: Big Sharp|Kowtow Cleave|p2a: Dragapult
|-supereffective|p2a: Dragapult
|-damage|p2a: Dragapult|0 fnt
|faint|p2a: Dragapult
|
|-fieldend|move: Trick Room
|
|switch|p2a: Landorus|Landorus-Therian, M|38/100
|-ability|p2a: Landorus|Intimidate|boost
|-unboost|p1a: Big Sharp|atk|1
|turn|28
|
|move|p2a: Landorus|Earthquake|p1a: Big Sharp
|-supereffective|p1a: Big Sharp
|-damage|p1a: Big Sharp|35/100
|move|p1a: Big Sharp|Kowtow Cleave|p2a: Landorus
|-damage|p2a: Landorus|4/100
|-damage|p1a: Big Sharp|18/100|[from] item: Rocky Helmet|[of] p2a: Landorus
|
|-heal|p1a: Big Sharp|24/100|[from] item: Leftovers
|turn|29
|
|move|p1a: Big Sharp|Sucker Punch||[still]
|-fail|p1a: Big Sharp
|move|p2a: Landorus|Stealth Rock|p1a: Big Sharp
|-sidestart|p1: SimisearCanShoveIt|move: Stealth Rock
|
|-heal|p1a: Big Sharp|31/100|[from] item: Leftovers
|turn|30
|
|move|p1a: Big Sharp|Sucker Punch||[still]
|-fail|p1a: Big Sharp
|move|p2a: Landorus|Stealth Rock||[still]
|-fail|p2a: Landorus
|
|-heal|p1a: Big Sharp|37/100|[from] item: Leftovers
|turn|31
|
|move|p2a: Landorus|Stealth Rock||[still]
|-fail|p2a: Landorus
|move|p1a: Big Sharp|Iron Head|p2a: Landorus
|-damage|p2a: Landorus|0 fnt
|-damage|p1a: Big Sharp|20/100|[from] item: Rocky Helmet|[of] p2a: Landorus
|faint|p2a: Landorus
|
|win|SimisearCanShoveIt
