|poke|p1|Sneasler, F|
|poke|p1|Dragapult, M|
|poke|p1|Garganacl, M|
|poke|p1|Great Tusk|
|poke|p1|Dragonite, F|
|poke|p1|Slowking, M|
|poke|p2|Magearna|
|poke|p2|Great Tusk|
|poke|p2|Samurott-Hisui, F|
|poke|p2|Gholdengo|
|poke|p2|Zamazenta-*|
|poke|p2|Dragapult, M|
|teampreview
|
|start
|switch|p1a: Sneasler|Sneasler, F|100/100
|switch|p2a: Samurott|Samurott-Hisui, F|100/100
|turn|1
|
|switch|p2a: Gholdengo|Gholdengo|100/100
|-item|p2a: Gholdengo|Air Balloon
|move|p1a: Sneasler|U-turn|p2a: Gholdengo
|-resisted|p2a: Gholdengo
|-crit|p2a: Gholdengo
|-damage|p2a: Gholdengo|85/100
|-enditem|p2a: Gholdengo|Air Balloon
|
|switch|p1a: Slowking|Slowking, M|100/100|[from] U-turn
|
|turn|2
|
|move|p2a: Gholdengo|Shadow Ball|p1a: Slowking
|-supereffective|p1a: Slowking
|-damage|p1a: Slowking|47/100
|move|p1a: Slowking|Chilly Reception|p1a: Slowking
|-weather|Snow
|
|switch|p1a: Sneasler|Sneasler, F|100/100|[from] Chilly Reception
|
|-weather|Snow|[upkeep]
|turn|3
|
|move|p1a: Sneasler|U-turn|p2a: Gholdengo
|-resisted|p2a: Gholdengo
|-damage|p2a: Gholdengo|75/100
|
|switch|p1a: Slowking|Slowking, M|80/100|[from] U-turn
|move|p2a: Gholdengo|Make It Rain|p1a: Slowking
|-resisted|p1a: Slowking
|-damage|p1a: Slowking|60/100
|-unboost|p2a: Gholdengo|spa|1
|
|-weather|Snow|[upkeep]
|turn|4
|
|move|p2a: Gholdengo|Shadow Ball|p1a: Slowking
|-supereffective|p1a: Slowking
|-crit|p1a: Slowking
|-damage|p1a: Slowking|0 fnt
|faint|p1a: Slowking
|
|-weather|Snow|[upkeep]
|
|switch|p1a: Sneasler|Sneasler, F|100/100
|turn|5
|
|move|p1a: Sneasler|Fire Punch|p2a: Gholdengo
|-supereffective|p2a: Gholdengo
|-damage|p2a: Gholdengo|0 fnt
|faint|p2a: Gholdengo
|
|-weather|Snow|[upkeep]
|
|switch|p2a: Samurott|Samurott-Hisui, F|100/100
|turn|6
|
|switch|p1a: Great Tusk|Great Tusk|100/100
|move|p2a: Samurott|Razor Shell|p1a: Great Tusk
|-supereffective|p1a: Great Tusk
|-damage|p1a: Great Tusk|41/100
|
|-weather|none
|-heal|p1a: Great Tusk|47/100|[from] item: Leftovers
|turn|7
|
|-terastallize|p1a: Great Tusk|Water
|move|p1a: Great Tusk|Knock Off|p2a: Samurott
|-resisted|p2a: Samurott
|-damage|p2a: Samurott|85/100
|-enditem|p2a: Samurott|Assault Vest|[from] move: Knock Off|[of] p1a: Great Tusk
|move|p2a: Samurott|Razor Shell|p1a: Great Tusk
|-resisted|p1a: Great Tusk
|-damage|p1a: Great Tusk|32/100
|
|-heal|p1a: Great Tusk|38/100|[from] item: Leftovers
|turn|8
|
|move|p1a: Great Tusk|Stealth Rock|p2a: Samurott
|-sidestart|p2: ayyk_47|move: Stealth Rock
|move|p2a: Samurott|Ceaseless Edge|p1a: Great Tusk
|-damage|p1a: Great Tusk|14/100
|-sidestart|p1: ClapEmCheeks|Spikes
|
|-heal|p1a: Great Tusk|20/100|[from] item: Leftovers
|turn|9
|
|move|p1a: Great Tusk|Rapid Spin|p2a: Samurott
|-damage|p2a: Samurott|69/100
|-boost|p1a: Great Tusk|spe|1
|-sideend|p1: ClapEmCheeks|Spikes|[from] move: Rapid Spin|[of] p1a: Great Tusk
|move|p2a: Samurott|Ceaseless Edge|p1a: Great Tusk
|-damage|p1a: Great Tusk|0 fnt
|-sidestart|p1: ClapEmCheeks|Spikes
|faint|p1a: Great Tusk
|-end|p1a: Great Tusk|Protosynthesis|[silent]
|
|
|switch|p1a: Sneasler|Sneasler, F|100/100
|-damage|p1a: Sneasler|88/100|[from] Spikes
|turn|10
|
|switch|p2a: Zamazenta|Zamazenta|100/100
|-damage|p2a: Zamazenta|94/100|[from] Stealth Rock
|-ability|p2a: Zamazenta|Dauntless Shield|boost
|-boost|p2a: Zamazenta|def|1
|move|p1a: Sneasler|Dire Claw|p2a: Zamazenta
|-damage|p2a: Zamazenta|57/100
|-status|p2a: Zamazenta|par
|
|turn|11
|
|switch|p1a: Dragapult|Dragapult, M|100/100
|-damage|p1a: Dragapult|88/100|[from] Spikes
|cant|p2a: Zamazenta|par
|
|-heal|p1a: Dragapult|94/100|[from] item: Leftovers
|turn|12
|
|move|p1a: Dragapult|Substitute|p1a: Dragapult
|-start|p1a: Dragapult|Substitute
|-damage|p1a: Dragapult|69/100
|move|p2a: Zamazenta|Play Rough|p1a: Dragapult
|-supereffective|p1a: Dragapult
|-end|p1a: Dragapult|Substitute
|
|-heal|p1a: Dragapult|75/100|[from] item: Leftovers
|turn|13
|
|move|p1a: Dragapult|Substitute|p1a: Dragapult
|-start|p1a: Dragapult|Substitute
|-damage|p1a: Dragapult|50/100
|cant|p2a: Zamazenta|par
|
|-heal|p1a: Dragapult|56/100|[from] item: Leftovers
|turn|14
|
|move|p1a: Dragapult|Hex|p2a: Zamazenta
|-crit|p2a: Zamazenta
|-damage|p2a: Zamazenta|0 fnt
|faint|p2a: Zamazenta
|
|-heal|p1a: Dragapult|62/100|[from] item: Leftovers
|
|switch|p2a: Samurott|Samurott-Hisui, F|69/100
|-damage|p2a: Samurott|56/100|[from] Stealth Rock
|turn|15
|
|move|p1a: Dragapult|Dragon Darts|p2a: Samurott
|-damage|p2a: Samurott|33/100
|-anim|p1a: Dragapult|Dragon Darts|p2a: Samurott
|-damage|p2a: Samurott|11/100
|move|p2a: Samurott|Ceaseless Edge|p1a: Dragapult
|-supereffective|p1a: Dragapult
|-end|p1a: Dragapult|Substitute
|-sidestart|p1: ClapEmCheeks|Spikes
|
|-heal|p1a: Dragapult|68/100|[from] item: Leftovers
|turn|16
|
|move|p1a: Dragapult|Dragon Darts|p2a: Samurott
|-damage|p2a: Samurott|0 fnt
|faint|p2a: Samurott
|
|-heal|p1a: Dragapult|74/100|[from] item: Leftovers
|
|switch|p2a: Dragapult|Dragapult, M|100/100
|-damage|p2a: Dragapult|88/100|[from] Stealth Rock
|turn|17
|
|switch|p1a: Garganacl|Garganacl, M|100/100
|-damage|p1a: Garganacl|84/100|[from] Spikes
|move|p2a: Dragapult|Shadow Ball|p1a: Garganacl
|-damage|p1a: Garganacl|62/100
|-unboost|p1a: Garganacl|spd|1
|
|-heal|p1a: Garganacl|68/100|[from] item: Leftovers
|turn|18
|
|switch|p2a: Great Tusk|Great Tusk|100/100
|-damage|p2a: Great Tusk|97/100|[from] Stealth Rock
|move|p1a: Garganacl|Recover|p1a: Garganacl
|-heal|p1a: Garganacl|100/100
|
|-heal|p2a: Great Tusk|100/100|[from] item: Leftovers
|turn|19
|
|switch|p1a: Dragapult|Dragapult, M|74/100
|-damage|p1a: Dragapult|58/100|[from] Spikes
|move|p2a: Great Tusk|Knock Off|p1a: Dragapult
|-supereffective|p1a: Dragapult
|-damage|p1a: Dragapult|0 fnt
|-enditem|p1a: Dragapult|Leftovers|[from] move: Knock Off|[of] p2a: Great Tusk
|faint|p1a: Dragapult
|
|
|switch|p1a: Dragonite|Dragonite, F|100/100
|turn|20
|
|-end|p2a: Great Tusk|Protosynthesis|[silent]
|switch|p2a: Magearna|Magearna|100/100
|-damage|p2a: Magearna|94/100|[from] Stealth Rock
|move|p1a: Dragonite|Dragon Dance|p1a: Dragonite
|-boost|p1a: Dragonite|atk|1
|-boost|p1a: Dragonite|spe|1
|
|-heal|p2a: Magearna|100/100|[from] item: Leftovers
|turn|21
|
|-terastallize|p2a: Magearna|Flying
|move|p1a: Dragonite|Dragon Dance|p1a: Dragonite
|-boost|p1a: Dragonite|atk|1
|-boost|p1a: Dragonite|spe|1
|move|p2a: Magearna|Draining Kiss|p1a: Dragonite
|-supereffective|p1a: Dragonite
|-damage|p1a: Dragonite|71/100
|
|turn|22
|
|move|p1a: Dragonite|Extreme Speed|p2a: Magearna
|-damage|p2a: Magearna|44/100
|move|p2a: Magearna|Draining Kiss|p1a: Dragonite
|-supereffective|p1a: Dragonite
|-damage|p1a: Dragonite|7/100
|-heal|p2a: Magearna|89/100|[from] drain|[of] p1a: Dragonite
|
|-heal|p2a: Magearna|95/100|[from] item: Leftovers
|turn|23
|
|switch|p1a: Garganacl|Garganacl, M|100/100
|-damage|p1a: Garganacl|84/100|[from] Spikes
|move|p2a: Magearna|Draining Kiss|p1a: Garganacl
|-damage|p1a: Garganacl|59/100
|-heal|p2a: Magearna|100/100|[from] drain|[of] p1a: Garganacl
|
|-heal|p1a: Garganacl|65/100|[from] item: Leftovers
|turn|24
|
|move|p2a: Magearna|Iron Defense|p2a: Magearna
|-boost|p2a: Magearna|def|2
|move|p1a: Garganacl|Salt Cure|p2a: Magearna
|-supereffective|p2a: Magearna
|-damage|p2a: Magearna|88/100
|-start|p2a: Magearna|Salt Cure
|
|-heal|p2a: Magearna|94/100|[from] item: Leftovers
|-heal|p1a: Garganacl|72/100|[from] item: Leftovers
|-damage|p2a: Magearna|82/100|[from] Salt Cure
|turn|25
|
|move|p2a: Magearna|Draining Kiss|p1a: Garganacl
|-damage|p1a: Garganacl|47/100
|-heal|p2a: Magearna|100/100|[from] drain|[of] p1a: Garganacl
|move|p1a: Garganacl|Curse|p1a: Garganacl
|-unboost|p1a: Garganacl|spe|1
|-boost|p1a: Garganacl|atk|1
|-boost|p1a: Garganacl|def|1
|
|-heal|p1a: Garganacl|53/100|[from] item: Leftovers
|-damage|p2a: Magearna|88/100|[from] Salt Cure
|turn|26
|
|move|p2a: Magearna|Iron Defense|p2a: Magearna
|-boost|p2a: Magearna|def|2
|move|p1a: Garganacl|Recover|p1a: Garganacl
|-heal|p1a: Garganacl|100/100
|
|-heal|p2a: Magearna|94/100|[from] item: Leftovers
|-damage|p2a: Magearna|82/100|[from] Salt Cure
|turn|27
|
|move|p2a: Magearna|Iron Defense|p2a: Magearna
|-boost|p2a: Magearna|def|2
|move|p1a: Garganacl|Salt Cure|p2a: Magearna
|-supereffective|p2a: Magearna
|-damage|p2a: Magearna|72/100
|
|-heal|p2a: Magearna|78/100|[from] item: Leftovers
|-damage|p2a: Magearna|66/100|[from] Salt Cure
|turn|28
|
|move|p1a: Garganacl|Protect|p1a: Garganacl
|-singleturn|p1a: Garganacl|Protect
|move|p2a: Magearna|Calm Mind|p2a: Magearna
|-boost|p2a: Magearna|spa|1
|-boost|p2a: Magearna|spd|1
|
|-heal|p2a: Magearna|72/100|[from] item: Leftovers
|-damage|p2a: Magearna|59/100|[from] Salt Cure
|turn|29
|
|move|p2a: Magearna|Draining Kiss|p1a: Garganacl
|-damage|p1a: Garganacl|63/100
|-heal|p2a: Magearna|90/100|[from] drain|[of] p1a: Garganacl
|move|p1a: Garganacl|Salt Cure|p2a: Magearna
|-supereffective|p2a: Magearna
|-damage|p2a: Magearna|82/100
|
|-heal|p2a: Magearna|88/100|[from] item: Leftovers
|-heal|p1a: Garganacl|69/100|[from] item: Leftovers
|-damage|p2a: Magearna|75/100|[from] Salt Cure
|turn|30
|
|move|p1a: Garganacl|Protect|p1a: Garganacl
|-singleturn|p1a: Garganacl|Protect
|move|p2a: Magearna|Draining Kiss|p1a: Garganacl
|-activate|p1a: Garganacl|move: Protect
|
|-heal|p2a: Magearna|81/100|[from] item: Leftovers
|-heal|p1a: Garganacl|75/100|[from] item: Leftovers
|-damage|p2a: Magearna|69/100|[from] Salt Cure
|turn|31
|
|move|p2a: Magearna|Draining Kiss|p1a: Garganacl
|-damage|p1a: Garganacl|37/100
|-heal|p2a: Magearna|100/100|[from] drain|[of] p1a: Garganacl
|move|p1a: Garganacl|Recover|p1a: Garganacl
|-heal|p1a: Garganacl|87/100
|
|-heal|p1a: Garganacl|94/100|[from] item: Leftovers
|-damage|p2a: Magearna|88/100|[from] Salt Cure
|turn|32
|
|move|p2a: Magearna|Calm Mind|p2a: Magearna
|-boost|p2a: Magearna|spa|1
|-boost|p2a: Magearna|spd|1
|move|p1a: Garganacl|Salt Cure|p2a: Magearna
|-supereffective|p2a: Magearna
|-damage|p2a: Magearna|79/100
|
|-heal|p2a: Magearna|85/100|[from] item: Leftovers
|-heal|p1a: Garganacl|99/100|[from] item: Leftovers
|-damage|p2a: Magearna|73/100|[from] Salt Cure
|turn|33
|
|move|p1a: Garganacl|Protect|p1a: Garganacl
|-singleturn|p1a: Garganacl|Protect
|move|p2a: Magearna|Calm Mind|p2a: Magearna
|-boost|p2a: Magearna|spa|1
|-boost|p2a: Magearna|spd|1
|
|-heal|p2a: Magearna|79/100|[from] item: Leftovers
|-heal|p1a: Garganacl|100/100|[from] item: Leftovers
|-damage|p2a: Magearna|67/100|[from] Salt Cure
|turn|34
|
|move|p2a: Magearna|Draining Kiss|p1a: Garganacl
|-damage|p1a: Garganacl|44/100
|-heal|p2a: Magearna|100/100|[from] drain|[of] p1a: Garganacl
|move|p1a: Garganacl|Recover|p1a: Garganacl
|-heal|p1a: Garganacl|94/100
|
|-heal|p1a: Garganacl|99/100|[from] item: Leftovers
|-damage|p2a: Magearna|88/100|[from] Salt Cure
|turn|35
|
|move|p2a: Magearna|Stored Power|p1a: Garganacl
|-damage|p1a: Garganacl|0 fnt
|faint|p1a: Garganacl
|-ability|p2a: Magearna|Soul-Heart|boost
|-boost|p2a: Magearna|spa|1
|
|-heal|p2a: Magearna|94/100|[from] item: Leftovers
|-damage|p2a: Magearna|82/100|[from] Salt Cure
|
|switch|p1a: Dragonite|Dragonite, F|7/100
|turn|36
|
|move|p1a: Dragonite|Extreme Speed|p2a: Magearna
|-damage|p2a: Magearna|75/100
|move|p2a: Magearna|Stored Power|p1a: Dragonite
|-damage|p1a: Dragonite|0 fnt
|faint|p1a: Dragonite
|-ability|p2a: Magearna|Soul-Heart|boost
|-boost|p2a: Magearna|spa|1
|
|-heal|p2a: Magearna|82/100|[from] item: Leftovers
|-damage|p2a: Magearna|69/100|[from] Salt Cure
|
|switch|p1a: Sneasler|Sneasler, F|88/100
|-damage|p1a: Sneasler|72/100|[from] Spikes
|turn|37
|
|move|p1a: Sneasler|Dire Claw|p2a: Magearna
|-damage|p2a: Magearna|57/100
|-status|p2a: Magearna|slp
|cant|p2a: Magearna|slp
|
|-heal|p2a: Magearna|63/100 slp|[from] item: Leftovers
|-damage|p2a: Magearna|50/100 slp|[from] Salt Cure
|turn|38
|-message|ClapEmCheeks forfeited.
|
|win|ayyk_47
