# advantage = p1
|poke|p1|Sneasler, F|
|poke|p1|Arcanine-Hisui, M|
|poke|p1|Azelf|
|poke|p1|Goodra-Hisui, F|
|poke|p1|Enamorus-Therian, F|
|poke|p1|Sandy Shocks|
|poke|p2|Goodra-Hisui, M|
|poke|p2|Landorus-Therian, M|
|poke|p2|Hoopa-Unbound|
|poke|p2|Magearna|
|poke|p2|Walking Wake|
|poke|p2|Great Tusk|
|teampreview
|
|start
|switch|p1a: Azelf|Azelf, shiny|100/100
|switch|p2a: Magearna|Magearna|100/100
|turn|1
|
|move|p1a: Azelf|U-turn|p2a: Magearna
|-resisted|p2a: Magearna
|-damage|p2a: Magearna|97/100
|
|switch|p1a: Arcanine|Arcanine-Hisui, M|100/100|[from] U-turn
|move|p2a: Magearna|Shift Gear|p2a: Magearna
|-boost|p2a: Magearna|spe|2
|-boost|p2a: Magearna|atk|1
|
|turn|2
|
|-terastallize|p2a: Magearna|Psychic
|move|p2a: Magearna|Calm Mind|p2a: Magearna
|-boost|p2a: Magearna|spa|1
|-boost|p2a: Magearna|spd|1
|move|p1a: Arcanine|Flame Charge|p2a: Magearna
|-damage|p2a: Magearna|77/100
|-boost|p1a: Arcanine|spe|1
|
|turn|3
|
|move|p1a: Arcanine|Head Smash|p2a: Magearna
|-damage|p2a: Magearna|22/100
|move|p2a: Magearna|Stored Power|p1a: Arcanine
|-damage|p1a: Arcanine|0 fnt
|faint|p1a: Arcanine
|-ability|p2a: Magearna|Soul-Heart|boost
|-boost|p2a: Magearna|spa|1
|
|
|switch|p1a: Sneasler|Sneasler, F, shiny|100/100
|turn|4
|
|-terastallize|p1a: Sneasler|Dark
|move|p1a: Sneasler|U-turn|p2a: Magearna
|-supereffective|p2a: Magearna
|-damage|p2a: Magearna|0 fnt
|faint|p2a: Magearna
|
|switch|p1a: Azelf|Azelf, shiny|100/100|[from] U-turn
|
|
|switch|p2a: Hoopa|Hoopa-Unbound|100/100
|turn|5
|
|move|p1a: Azelf|Stealth Rock|p2a: Hoopa
|-sidestart|p2: p2|move: Stealth Rock
|move|p2a: Hoopa|Dark Pulse|p1a: Azelf
|-supereffective|p1a: Azelf
|-enditem|p1a: Azelf|Focus Sash
|-damage|p1a: Azelf|1/100
|
|turn|6
|
|move|p1a: Azelf|U-turn|p2a: Hoopa
|-supereffective|p2a: Hoopa
|-damage|p2a: Hoopa|0 fnt
|faint|p2a: Hoopa
|
|switch|p1a: Enamorus|Enamorus-Therian, F, shiny|100/100|[from] U-turn
|
|
|switch|p2a: Goodra|Goodra-Hisui, M|100/100
|-damage|p2a: Goodra|94/100|[from] Stealth Rock
|turn|7
|
|move|p1a: Enamorus|Calm Mind|p1a: Enamorus
|-boost|p1a: Enamorus|spa|1
|-boost|p1a: Enamorus|spd|1
|move|p2a: Goodra|Curse|p2a: Goodra
|-unboost|p2a: Goodra|spe|1
|-boost|p2a: Goodra|atk|1
|-boost|p2a: Goodra|def|1
|
|-heal|p2a: Goodra|100/100|[from] item: Leftovers
|turn|8
|
|move|p1a: Enamorus|Calm Mind|p1a: Enamorus
|-boost|p1a: Enamorus|spa|1
|-boost|p1a: Enamorus|spd|1
|move|p2a: Goodra|Heavy Slam|p1a: Enamorus
|-supereffective|p1a: Enamorus
|-damage|p1a: Enamorus|16/100
|
|turn|9
|
|move|p1a: Enamorus|Earth Power|p2a: Goodra
|-supereffective|p2a: Goodra
|-damage|p2a: Goodra|32/100
|move|p2a: Goodra|Heavy Slam|p1a: Enamorus
|-supereffective|p1a: Enamorus
|-damage|p1a: Enamorus|0 fnt
|faint|p1a: Enamorus
|
|-heal|p2a: Goodra|38/100|[from] item: Leftovers
|
|switch|p1a: Sneasler|Sneasler, F, shiny, tera:Dark|100/100
|turn|10
|
|move|p1a: Sneasler|Night Slash|p2a: Goodra
|-damage|p2a: Goodra|13/100
|-ability|p2a: Goodra|Gooey
|-unboost|p1a: Sneasler|spe|1
|move|p2a: Goodra|Body Press|p1a: Sneasler
|-supereffective|p1a: Sneasler
|-damage|p1a: Sneasler|0 fnt
|faint|p1a: Sneasler
|
|-heal|p2a: Goodra|19/100|[from] item: Leftovers
|
|switch|p1a: Sandy Shocks|Sandy Shocks, shiny|100/100
|turn|11
|
|move|p1a: Sandy Shocks|Earth Power|p2a: Goodra
|-supereffective|p2a: Goodra
|-damage|p2a: Goodra|0 fnt
|faint|p2a: Goodra
|
|
|switch|p2a: Walking Wake|Walking Wake|100/100
|-damage|p2a: Walking Wake|88/100|[from] Stealth Rock
|turn|12
|
|move|p2a: Walking Wake|Hydro Steam|p1a: Sandy Shocks
|-supereffective|p1a: Sandy Shocks
|-damage|p1a: Sandy Shocks|0 fnt
|faint|p1a: Sandy Shocks
|-end|p1a: Sandy Shocks|Protosynthesis|[silent]
|
|
|switch|p1a: Goodra|Goodra-Hisui, F, shiny|100/100
|turn|13
|
|-end|p2a: Walking Wake|Protosynthesis|[silent]
|switch|p2a: Great Tusk|Great Tusk|100/100
|-damage|p2a: Great Tusk|98/100|[from] Stealth Rock
|move|p1a: Goodra|Acid Armor|p1a: Goodra
|-boost|p1a: Goodra|def|2
|
|turn|14
|
|move|p2a: Great Tusk|Headlong Rush|p1a: Goodra
|-supereffective|p1a: Goodra
|-damage|p1a: Goodra|40/100
|-unboost|p2a: Great Tusk|def|1
|-unboost|p2a: Great Tusk|spd|1
|-enditem|p2a: Great Tusk|Eject Pack
|
|-end|p2a: Great Tusk|Protosynthesis|[silent]
|switch|p2a: Landorus|Landorus-Therian, M|100/100
|-damage|p2a: Landorus|88/100|[from] Stealth Rock
|-ability|p2a: Landorus|Intimidate|boost
|-unboost|p1a: Goodra|atk|1
|move|p1a: Goodra|Acid Armor|p1a: Goodra
|-boost|p1a: Goodra|def|2
|
|-heal|p1a: Goodra|46/100|[from] item: Leftovers
|turn|15
|
|move|p2a: Landorus|Swords Dance|p2a: Landorus
|-boost|p2a: Landorus|atk|2
|move|p1a: Goodra|Life Dew|p1a: Goodra
|-heal|p1a: Goodra|71/100
|
|-heal|p1a: Goodra|77/100|[from] item: Leftovers
|turn|16
|
|move|p2a: Landorus|Swords Dance|p2a: Landorus
|-boost|p2a: Landorus|atk|2
|move|p1a: Goodra|Ice Beam|p2a: Landorus
|-supereffective|p2a: Landorus
|-damage|p2a: Landorus|0 fnt
|faint|p2a: Landorus
|
|-heal|p1a: Goodra|83/100|[from] item: Leftovers
|
|switch|p2a: Walking Wake|Walking Wake|88/100
|-damage|p2a: Walking Wake|76/100|[from] Stealth Rock
|turn|17
|
|move|p2a: Walking Wake|Dragon Pulse|p1a: Goodra
|-damage|p1a: Goodra|50/100
|move|p1a: Goodra|Body Press|p2a: Walking Wake
|-damage|p2a: Walking Wake|15/100
|
|-heal|p1a: Goodra|56/100|[from] item: Leftovers
|turn|18
|
|move|p2a: Walking Wake|Dragon Pulse|p1a: Goodra
|-damage|p1a: Goodra|22/100
|move|p1a: Goodra|Life Dew|p1a: Goodra
|-heal|p1a: Goodra|47/100
|
|-heal|p1a: Goodra|53/100|[from] item: Leftovers
|turn|19
|
|move|p2a: Walking Wake|Dragon Pulse|p1a: Goodra
|-damage|p1a: Goodra|23/100
|move|p1a: Goodra|Body Press|p2a: Walking Wake
|-damage|p2a: Walking Wake|0 fnt
|faint|p2a: Walking Wake
|-end|p2a: Walking Wake|Protosynthesis|[silent]
|
|-heal|p1a: Goodra|29/100|[from] item: Leftovers
|
|switch|p2a: Great Tusk|Great Tusk|98/100
|-damage|p2a: Great Tusk|95/100|[from] Stealth Rock
|turn|20
|
|switch|p1a: Azelf|Azelf, shiny|1/100
|move|p2a: Great Tusk|Headlong Rush|p1a: Azelf
|-immune|p1a: Azelf|[from] ability: Levitate
|
|turn|21
|
|move|p1a: Azelf|Mystical Power|p2a: Great Tusk
|-supereffective|p2a: Great Tusk
|-damage|p2a: Great Tusk|0 fnt
|-boost|p1a: Azelf|spa|1
|faint|p2a: Great Tusk
|-end|p2a: Great Tusk|Protosynthesis|[silent]
|
|win|p1
