|poke|p1|Dragapult, F|
|poke|p1|Arcanine-Hisui, F|
|poke|p1|Sneasler, F|
|poke|p1|Cinderace, M|
|poke|p1|Zamazenta-*|
|poke|p1|Garchomp, F|
|poke|p2|Iron Treads|
|poke|p2|Hydreigon, M|
|poke|p2|Gengar, M|
|poke|p2|Dondozo, F|
|poke|p2|Volcanion|
|poke|p2|Azumarill, F|
|teampreview
|
|start
|switch|p1a: Sneasler|Sneasler, F|100/100
|switch|p2a: Azumarill|Azumarill, F|100/100
|turn|1
|
|-terastallize|p2a: Azumarill|Poison
|move|p1a: Sneasler|Fake Out|p2a: Azumarill
|-damage|p2a: Azumarill|85/100
|cant|p2a: Azumarill|flinch
|
|turn|2
|
|move|p1a: Sneasler|U-turn|p2a: Azumarill
|-resisted|p2a: Azumarill
|-damage|p2a: Azumarill|72/100
|
|switch|p1a: Garchomp|Garchomp, F|100/100|[from] U-turn
|move|p2a: Azumarill|Double-Edge|p1a: Garchomp
|-damage|p1a: Garchomp|71/100
|-damage|p2a: Azumarill|59/100|[from] ability: Rough Skin|[of] p1a: Garchomp
|-damage|p2a: Azumarill|43/100|[from] item: Rocky Helmet|[of] p1a: Garchomp
|-enditem|p2a: Azumarill|Sitrus Berry|[eat]
|-heal|p2a: Azumarill|68/100|[from] item: Sitrus Berry
|-damage|p2a: Azumarill|57/100|[from] Recoil
|
|turn|3
|
|-terastallize|p1a: Garchomp|Water
|move|p1a: Garchomp|Earthquake|p2a: Azumarill
|-supereffective|p2a: Azumarill
|-damage|p2a: Azumarill|0 fnt
|faint|p2a: Azumarill
|
|
|switch|p2a: Gengar|Gengar, M|100/100
|turn|4
|
|move|p2a: Gengar|Toxic Spikes|p1a: Garchomp
|-sidestart|p1: p1|move: Toxic Spikes
|move|p1a: Garchomp|Earthquake|p2a: Gengar
|-supereffective|p2a: Gengar
|-enditem|p2a: Gengar|Focus Sash
|-damage|p2a: Gengar|1/100
|
|turn|5
|
|move|p2a: Gengar|Destiny Bond|p2a: Gengar
|-singlemove|p2a: Gengar|Destiny Bond
|move|p1a: Garchomp|Rest|p1a: Garchomp
|-status|p1a: Garchomp|slp|[from] move: Rest
|-heal|p1a: Garchomp|100/100 slp|[silent]
|
|turn|6
|
|move|p2a: Gengar|Shadow Ball|p1a: Garchomp
|-damage|p1a: Garchomp|61/100 slp
|cant|p1a: Garchomp|slp
|move|p1a: Garchomp|Sleep Talk|p1a: Garchomp
|move|p1a: Garchomp|Earthquake|p2a: Gengar|[from]move: Sleep Talk
|-supereffective|p2a: Gengar
|-damage|p2a: Gengar|0 fnt
|faint|p2a: Gengar
|
|
|switch|p2a: Hydreigon|Hydreigon, M|100/100
|turn|7
|
|move|p2a: Hydreigon|Dark Pulse|p1a: Garchomp
|-damage|p1a: Garchomp|27/100 slp
|cant|p1a: Garchomp|slp
|move|p1a: Garchomp|Sleep Talk|p1a: Garchomp
|move|p1a: Garchomp|Earthquake|p2a: Hydreigon|[from]move: Sleep Talk
|-immune|p2a: Hydreigon|[from] ability: Levitate
|
|turn|8
|
|switch|p1a: Zamazenta|Zamazenta|100/100
|-status|p1a: Zamazenta|psn
|-ability|p1a: Zamazenta|Dauntless Shield|boost
|-boost|p1a: Zamazenta|def|1
|move|p2a: Hydreigon|Dark Pulse|p1a: Zamazenta
|-resisted|p1a: Zamazenta
|-damage|p1a: Zamazenta|80/100 psn
|
|-heal|p1a: Zamazenta|86/100 psn|[from] item: Leftovers
|-damage|p1a: Zamazenta|74/100 psn|[from] psn
|turn|9
|
|switch|p2a: Dondozo|Dondozo, F|100/100
|move|p1a: Zamazenta|Body Press|p2a: Dondozo
|-damage|p2a: Dondozo|77/100
|
|-heal|p1a: Zamazenta|80/100 psn|[from] item: Leftovers
|-heal|p2a: Dondozo|83/100|[from] item: Leftovers
|-damage|p1a: Zamazenta|68/100 psn|[from] psn
|turn|10
|
|switch|p1a: Sneasler|Sneasler, F|100/100
|-sideend|p1: p1|move: Toxic Spikes|[of] p1a: Sneasler
|move|p2a: Dondozo|Curse|p2a: Dondozo
|-unboost|p2a: Dondozo|spe|1
|-boost|p2a: Dondozo|atk|1
|-boost|p2a: Dondozo|def|1
|
|-heal|p2a: Dondozo|90/100|[from] item: Leftovers
|turn|11
|
|move|p1a: Sneasler|Fake Out|p2a: Dondozo
|-damage|p2a: Dondozo|84/100
|cant|p2a: Dondozo|flinch
|
|-heal|p2a: Dondozo|90/100|[from] item: Leftovers
|turn|12
|
|move|p1a: Sneasler|U-turn|p2a: Dondozo
|-crit|p2a: Dondozo
|-damage|p2a: Dondozo|69/100
|-status|p2a: Dondozo|psn|[from] ability: Poison Touch|[of] p1a: Sneasler
|
|switch|p1a: Garchomp|Garchomp, F, tera:Water|27/100 slp|[from] U-turn
|move|p2a: Dondozo|Curse|p2a: Dondozo
|-unboost|p2a: Dondozo|spe|1
|-boost|p2a: Dondozo|atk|1
|-boost|p2a: Dondozo|def|1
|
|-heal|p2a: Dondozo|75/100 psn|[from] item: Leftovers
|-damage|p2a: Dondozo|63/100 psn|[from] psn
|turn|13
|
|-curestatus|p1a: Garchomp|slp|[msg]
|move|p1a: Garchomp|Rest|p1a: Garchomp
|-status|p1a: Garchomp|slp|[from] move: Rest
|-heal|p1a: Garchomp|100/100 slp|[silent]
|move|p2a: Dondozo|Liquidation|p1a: Garchomp
|-resisted|p1a: Garchomp
|-damage|p1a: Garchomp|81/100 slp
|-damage|p2a: Dondozo|50/100 psn|[from] ability: Rough Skin|[of] p1a: Garchomp
|-damage|p2a: Dondozo|34/100 psn|[from] item: Rocky Helmet|[of] p1a: Garchomp
|
|-heal|p2a: Dondozo|40/100 psn|[from] item: Leftovers
|-damage|p2a: Dondozo|27/100 psn|[from] psn
|turn|14
|n|!p1|rebel242
|
|cant|p1a: Garchomp|slp
|move|p1a: Garchomp|Sleep Talk|p1a: Garchomp
|move|p1a: Garchomp|Rest||[from]move: Sleep Talk|[still]
|-fail|p1a: Garchomp
|move|p2a: Dondozo|Curse|p2a: Dondozo
|-unboost|p2a: Dondozo|spe|1
|-boost|p2a: Dondozo|atk|1
|-boost|p2a: Dondozo|def|1
|
|-heal|p2a: Dondozo|33/100 psn|[from] item: Leftovers
|-damage|p2a: Dondozo|21/100 psn|[from] psn
|turn|15
|
|cant|p1a: Garchomp|slp
|move|p2a: Dondozo|Rest|p2a: Dondozo
|-status|p2a: Dondozo|slp|[from] move: Rest
|-heal|p2a: Dondozo|100/100 slp|[silent]
|
|turn|16
|
|cant|p2a: Dondozo|slp
|move|p2a: Dondozo|Sleep Talk|p2a: Dondozo
|move|p2a: Dondozo|Curse|p2a: Dondozo|[from]move: Sleep Talk
|-unboost|p2a: Dondozo|spe|1
|-boost|p2a: Dondozo|atk|1
|-boost|p2a: Dondozo|def|1
|-curestatus|p1a: Garchomp|slp|[msg]
|move|p1a: Garchomp|Dragon Tail|p2a: Dondozo
|-damage|p2a: Dondozo|96/100 slp
|drag|p2a: Volcanion|Volcanion|100/100
|
|turn|17
|
|move|p1a: Garchomp|Earthquake|p2a: Volcanion
|-supereffective|p2a: Volcanion
|-damage|p2a: Volcanion|20/100
|move|p2a: Volcanion|Sludge Bomb|p1a: Garchomp
|-damage|p1a: Garchomp|52/100
|
|turn|18
|
|move|p2a: Volcanion|Sludge Bomb|p1a: Garchomp
|-damage|p1a: Garchomp|19/100
|-status|p1a: Garchomp|psn
|move|p1a: Garchomp|Dragon Tail|p2a: Volcanion
|-damage|p2a: Volcanion|0 fnt
|faint|p2a: Volcanion
|
|-damage|p1a: Garchomp|7/100 psn|[from] psn
|
|switch|p2a: Iron Treads|Iron Treads|100/100
|turn|19
|
|move|p2a: Iron Treads|Earthquake|p1a: Garchomp
|-crit|p1a: Garchomp
|-damage|p1a: Garchomp|0 fnt
|faint|p1a: Garchomp
|
|
|switch|p1a: Cinderace|Cinderace, M|100/100
|turn|20
|
|move|p1a: Cinderace|U-turn|p2a: Iron Treads
|-start|p1a: Cinderace|typechange|Bug|[from] ability: Libero
|-resisted|p2a: Iron Treads
|-damage|p2a: Iron Treads|86/100
|
|switch|p1a: Zamazenta|Zamazenta|68/100 psn|[from] U-turn
|move|p2a: Iron Treads|Earthquake|p1a: Zamazenta
|-damage|p1a: Zamazenta|35/100 psn
|
|-heal|p1a: Zamazenta|41/100 psn|[from] item: Leftovers
|-damage|p1a: Zamazenta|29/100 psn|[from] psn
|turn|21
|
|-end|p2a: Iron Treads|Quark Drive|[silent]
|switch|p2a: Dondozo|Dondozo, F|96/100 slp
|move|p1a: Zamazenta|Body Press|p2a: Dondozo
|-damage|p2a: Dondozo|73/100 slp
|
|-heal|p1a: Zamazenta|35/100 psn|[from] item: Leftovers
|-heal|p2a: Dondozo|79/100 slp|[from] item: Leftovers
|-damage|p1a: Zamazenta|22/100 psn|[from] psn
|turn|22
|
|move|p1a: Zamazenta|Body Press|p2a: Dondozo
|-damage|p2a: Dondozo|56/100 slp
|cant|p2a: Dondozo|slp
|
|-heal|p1a: Zamazenta|29/100 psn|[from] item: Leftovers
|-heal|p2a: Dondozo|62/100 slp|[from] item: Leftovers
|-damage|p1a: Zamazenta|16/100 psn|[from] psn
|turn|23
|
|move|p1a: Zamazenta|Body Press|p2a: Dondozo
|-damage|p2a: Dondozo|38/100 slp
|-curestatus|p2a: Dondozo|slp|[msg]
|move|p2a: Dondozo|Curse|p2a: Dondozo
|-unboost|p2a: Dondozo|spe|1
|-boost|p2a: Dondozo|atk|1
|-boost|p2a: Dondozo|def|1
|
|-heal|p1a: Zamazenta|22/100 psn|[from] item: Leftovers
|-heal|p2a: Dondozo|44/100|[from] item: Leftovers
|-damage|p1a: Zamazenta|10/100 psn|[from] psn
|turn|24
|
|move|p1a: Zamazenta|Body Press|p2a: Dondozo
|-damage|p2a: Dondozo|28/100
|move|p2a: Dondozo|Rest|p2a: Dondozo
|-status|p2a: Dondozo|slp|[from] move: Rest
|-heal|p2a: Dondozo|100/100 slp|[silent]
|
|-heal|p1a: Zamazenta|16/100 psn|[from] item: Leftovers
|-damage|p1a: Zamazenta|4/100 psn|[from] psn
|turn|25
|
|move|p1a: Zamazenta|Body Press|p2a: Dondozo
|-damage|p2a: Dondozo|84/100 slp
|cant|p2a: Dondozo|slp
|move|p2a: Dondozo|Sleep Talk|p2a: Dondozo
|move|p2a: Dondozo|Curse|p2a: Dondozo|[from]move: Sleep Talk
|-unboost|p2a: Dondozo|spe|1
|-boost|p2a: Dondozo|atk|1
|-boost|p2a: Dondozo|def|1
|
|-heal|p1a: Zamazenta|10/100 psn|[from] item: Leftovers
|-heal|p2a: Dondozo|90/100 slp|[from] item: Leftovers
|-damage|p1a: Zamazenta|0 fnt|[from] psn
|faint|p1a: Zamazenta
|
|switch|p1a: Dragapult|Dragapult, F|100/100
|turn|26
|
|move|p1a: Dragapult|Shadow Ball|p2a: Dondozo
|-damage|p2a: Dondozo|67/100 slp
|cant|p2a: Dondozo|slp
|move|p2a: Dondozo|Sleep Talk|p2a: Dondozo
|move|p2a: Dondozo|Liquidation|p1a: Dragapult|[from]move: Sleep Talk
|-resisted|p1a: Dragapult
|-damage|p1a: Dragapult|57/100
|
|-heal|p2a: Dondozo|73/100 slp|[from] item: Leftovers
|turn|27
|
|move|p1a: Dragapult|Shadow Ball|p2a: Dondozo
|-damage|p2a: Dondozo|50/100 slp
|-curestatus|p2a: Dondozo|slp|[msg]
|move|p2a: Dondozo|Liquidation|p1a: Dragapult
|-resisted|p1a: Dragapult
|-damage|p1a: Dragapult|19/100
|-unboost|p1a: Dragapult|def|1
|
|-heal|p2a: Dondozo|56/100|[from] item: Leftovers
|turn|28
|
|move|p1a: Dragapult|Draco Meteor|p2a: Dondozo
|-damage|p2a: Dondozo|15/100
|-unboost|p1a: Dragapult|spa|2
|move|p2a: Dondozo|Liquidation|p1a: Dragapult
|-resisted|p1a: Dragapult
|-damage|p1a: Dragapult|0 fnt
|faint|p1a: Dragapult
|
|-heal|p2a: Dondozo|21/100|[from] item: Leftovers
|
|switch|p1a: Sneasler|Sneasler, F|100/100
|turn|29
|
|move|p1a: Sneasler|Fake Out|p2a: Dondozo
|-damage|p2a: Dondozo|17/100
|-status|p2a: Dondozo|psn|[from] ability: Poison Touch|[of] p1a: Sneasler
|cant|p2a: Dondozo|flinch
|
|-heal|p2a: Dondozo|24/100 psn|[from] item: Leftovers
|-damage|p2a: Dondozo|11/100 psn|[from] psn
|turn|30
|
|move|p1a: Sneasler|Dire Claw|p2a: Dondozo
|-damage|p2a: Dondozo|0 fnt
|faint|p2a: Dondozo
|
|
|switch|p2a: Iron Treads|Iron Treads|86/100
|turn|31
|
|move|p1a: Sneasler|Close Combat|p2a: Iron Treads
|-supereffective|p2a: Iron Treads
|-damage|p2a: Iron Treads|0 fnt
|-unboost|p1a: Sneasler|def|1
|-unboost|p1a: Sneasler|spd|1
|faint|p2a: Iron Treads
|-end|p2a: Iron Treads|Quark Drive|[silent]
|
|-message|p2 forfeited.
|
|win|p1
