|poke|p1|Rotom-Wash|
|poke|p1|Chien-Pao|
|poke|p1|Heatran, F|
|poke|p1|Decidueye-Hisui, M|
|poke|p1|Dragonite, M|
|poke|p1|Great Tusk|
|poke|p2|Gholdengo|
|poke|p2|Magearna|
|poke|p2|Zamazenta-*|
|poke|p2|Samurott-Hisui, M|
|poke|p2|Ursaluna, F|
|poke|p2|Azelf|
|teampreview
|
|start
|switch|p1a: Rotom|Rotom-Wash|100/100
|switch|p2a: Azelf|Azelf|100/100
|turn|1
|
|move|p1a: Rotom|Thunder Wave|p2a: Azelf|[miss]
|-miss|p1a: Rotom|p2a: Azelf
|move|p2a: Azelf|Reflect|p2a: Azelf
|-sidestart|p2: Traes home|Reflect
|
|turn|2
|
|move|p1a: Rotom|Thunder Wave|p2a: Azelf
|-status|p2a: Azelf|par
|move|p2a: Azelf|Light Screen|p2a: Azelf
|-sidestart|p2: Traes home|move: Light Screen
|
|turn|3
|
|switch|p1a: Chien-Pao|Chien-Pao|100/100
|-ability|p1a: Chien-Pao|Sword of Ruin
|move|p2a: Azelf|Stealth Rock|p1a: Chien-Pao
|-sidestart|p1: Histriman|move: Stealth Rock
|
|turn|4
|
|move|p1a: Chien-Pao|Ice Spinner|p2a: Azelf
|-damage|p2a: Azelf|66/100 par
|move|p2a: Azelf|Explosion|p1a: Chien-Pao
|-damage|p1a: Chien-Pao|12/100
|faint|p2a: Azelf
|
|
|switch|p2a: Zamazenta|Zamazenta|100/100
|-ability|p2a: Zamazenta|Dauntless Shield|boost
|-boost|p2a: Zamazenta|def|1
|turn|5
|
|switch|p1a: Great Tusk|Great Tusk|100/100
|-damage|p1a: Great Tusk|98/100|[from] Stealth Rock
|move|p2a: Zamazenta|Substitute|p2a: Zamazenta
|-start|p2a: Zamazenta|Substitute
|-damage|p2a: Zamazenta|76/100
|
|-heal|p2a: Zamazenta|82/100|[from] item: Leftovers
|-heal|p1a: Great Tusk|100/100|[from] item: Leftovers
|-sideend|p2: Traes home|Reflect
|turn|6
|
|move|p2a: Zamazenta|Iron Defense|p2a: Zamazenta
|-boost|p2a: Zamazenta|def|2
|move|p1a: Great Tusk|Rapid Spin|p2a: Zamazenta
|-activate|p2a: Zamazenta|move: Substitute|[damage]
|-sideend|p1: Histriman|Stealth Rock|[from] move: Rapid Spin|[of] p1a: Great Tusk
|-boost|p1a: Great Tusk|spe|1
|
|-heal|p2a: Zamazenta|88/100|[from] item: Leftovers
|-sideend|p2: Traes home|move: Light Screen
|turn|7
|
|move|p2a: Zamazenta|Iron Defense|p2a: Zamazenta
|-boost|p2a: Zamazenta|def|2
|move|p1a: Great Tusk|Bulk Up|p1a: Great Tusk
|-boost|p1a: Great Tusk|atk|1
|-boost|p1a: Great Tusk|def|1
|
|-heal|p2a: Zamazenta|94/100|[from] item: Leftovers
|turn|8
|
|move|p2a: Zamazenta|Body Press|p1a: Great Tusk
|-damage|p1a: Great Tusk|58/100
|move|p1a: Great Tusk|Bulk Up|p1a: Great Tusk
|-boost|p1a: Great Tusk|atk|1
|-boost|p1a: Great Tusk|def|1
|
|-heal|p2a: Zamazenta|100/100|[from] item: Leftovers
|-heal|p1a: Great Tusk|65/100|[from] item: Leftovers
|turn|9
|
|move|p2a: Zamazenta|Body Press|p1a: Great Tusk
|-damage|p1a: Great Tusk|30/100
|move|p1a: Great Tusk|Bulk Up|p1a: Great Tusk
|-boost|p1a: Great Tusk|atk|1
|-boost|p1a: Great Tusk|def|1
|
|-heal|p1a: Great Tusk|36/100|[from] item: Leftovers
|turn|10
|
|move|p2a: Zamazenta|Body Press|p1a: Great Tusk
|-damage|p1a: Great Tusk|9/100
|move|p1a: Great Tusk|Earthquake|p2a: Zamazenta
|-end|p2a: Zamazenta|Substitute
|
|-heal|p1a: Great Tusk|15/100|[from] item: Leftovers
|turn|11
|
|move|p2a: Zamazenta|Body Press|p1a: Great Tusk
|-damage|p1a: Great Tusk|0 fnt
|faint|p1a: Great Tusk
|-end|p1a: Great Tusk|Protosynthesis|[silent]
|
|
|switch|p1a: Rotom|Rotom-Wash|100/100
|turn|12
|
|switch|p2a: Gholdengo|Gholdengo|100/100
|-item|p2a: Gholdengo|Air Balloon
|move|p1a: Rotom|Thunder Wave|p2a: Gholdengo
|-immune|p2a: Gholdengo|[from] ability: Good as Gold
|
|turn|13
|
|switch|p1a: Heatran|Heatran, F|100/100
|-item|p1a: Heatran|Air Balloon
|switch|p2a: Ursaluna|Ursaluna, F|100/100
|
|-status|p2a: Ursaluna|brn|[from] item: Flame Orb
|turn|14
|
|move|p1a: Heatran|Magma Storm|p2a: Ursaluna
|-crit|p2a: Ursaluna
|-damage|p2a: Ursaluna|20/100 brn
|-activate|p2a: Ursaluna|move: Magma Storm|[of] p1a: Heatran
|move|p2a: Ursaluna|Facade|p1a: Heatran
|-resisted|p1a: Heatran
|-damage|p1a: Heatran|48/100
|-enditem|p1a: Heatran|Air Balloon
|
|-damage|p2a: Ursaluna|14/100 brn|[from] brn
|-damage|p2a: Ursaluna|1/100 brn|[from] move: Magma Storm|[partiallytrapped]
|turn|15
|
|move|p1a: Heatran|Earth Power|p2a: Ursaluna
|-damage|p2a: Ursaluna|0 fnt
|faint|p2a: Ursaluna
|
|
|switch|p2a: Samurott|Samurott-Hisui, M|100/100
|turn|16
|
|switch|p1a: Rotom|Rotom-Wash|100/100
|move|p2a: Samurott|Ceaseless Edge|p1a: Rotom|[miss]
|-miss|p2a: Samurott|p1a: Rotom
|
|turn|17
|
|switch|p2a: Gholdengo|Gholdengo|100/100
|-item|p2a: Gholdengo|Air Balloon
|move|p1a: Rotom|Volt Switch|p2a: Gholdengo
|-crit|p2a: Gholdengo
|-damage|p2a: Gholdengo|62/100
|-enditem|p2a: Gholdengo|Air Balloon
|
|switch|p1a: Heatran|Heatran, F|48/100|[from] Volt Switch
|
|turn|18
|
|move|p2a: Gholdengo|Shadow Ball|p1a: Heatran
|-damage|p1a: Heatran|18/100
|move|p1a: Heatran|Magma Storm|p2a: Gholdengo
|-supereffective|p2a: Gholdengo
|-damage|p2a: Gholdengo|0 fnt
|faint|p2a: Gholdengo
|
|
|switch|p2a: Magearna|Magearna|100/100
|turn|19
|
|-terastallize|p2a: Magearna|Water
|move|p2a: Magearna|Shift Gear|p2a: Magearna
|-boost|p2a: Magearna|spe|2
|-boost|p2a: Magearna|atk|1
|move|p1a: Heatran|Magma Storm|p2a: Magearna
|-resisted|p2a: Magearna
|-damage|p2a: Magearna|77/100
|-activate|p2a: Magearna|move: Magma Storm|[of] p1a: Heatran
|
|-damage|p2a: Magearna|65/100|[from] move: Magma Storm|[partiallytrapped]
|turn|20
|
|move|p2a: Magearna|Calm Mind|p2a: Magearna
|-boost|p2a: Magearna|spa|1
|-boost|p2a: Magearna|spd|1
|move|p1a: Heatran|Earth Power|p2a: Magearna
|-damage|p2a: Magearna|45/100
|
|-damage|p2a: Magearna|32/100|[from] move: Magma Storm|[partiallytrapped]
|turn|21
|
|move|p2a: Magearna|Stored Power|p1a: Heatran
|-resisted|p1a: Heatran
|-damage|p1a: Heatran|0 fnt
|faint|p1a: Heatran
|-ability|p2a: Magearna|Soul-Heart|boost
|-boost|p2a: Magearna|spa|1
|
|-end|p2a: Magearna|Magma Storm|[partiallytrapped]|[silent]
|
|switch|p1a: Rotom|Rotom-Wash|100/100
|turn|22
|
|move|p1a: Rotom|Volt Switch|p2a: Magearna
|-supereffective|p2a: Magearna
|-damage|p2a: Magearna|0 fnt
|faint|p2a: Magearna
|
|switch|p1a: Chien-Pao|Chien-Pao|12/100|[from] Volt Switch
|-ability|p1a: Chien-Pao|Sword of Ruin
|
|
|switch|p2a: Samurott|Samurott-Hisui, M|100/100
|turn|23
|
|move|p2a: Samurott|Sucker Punch|p1a: Chien-Pao
|-resisted|p1a: Chien-Pao
|-damage|p1a: Chien-Pao|0 fnt
|faint|p1a: Chien-Pao
|-damage|p2a: Samurott|91/100|[from] item: Life Orb
|
|
|switch|p1a: Rotom|Rotom-Wash|100/100
|turn|24
|
|move|p1a: Rotom|Volt Switch|p2a: Samurott
|-supereffective|p2a: Samurott
|-crit|p2a: Samurott
|-damage|p2a: Samurott|0 fnt
|faint|p2a: Samurott
|
|switch|p1a: Decidueye|Decidueye-Hisui, M|100/100|[from] Volt Switch
|
|
|switch|p2a: Zamazenta|Zamazenta|100/100
|turn|25
|
|move|p2a: Zamazenta|Substitute|p2a: Zamazenta
|-start|p2a: Zamazenta|Substitute
|-damage|p2a: Zamazenta|76/100
|move|p1a: Decidueye|Swords Dance|p1a: Decidueye
|-boost|p1a: Decidueye|atk|2
|
|-heal|p2a: Zamazenta|82/100|[from] item: Leftovers
|turn|26
|
|move|p2a: Zamazenta|Iron Defense|p2a: Zamazenta
|-boost|p2a: Zamazenta|def|2
|move|p1a: Decidueye|Triple Arrows|p2a: Zamazenta
|-end|p2a: Zamazenta|Substitute
|
|-heal|p2a: Zamazenta|88/100|[from] item: Leftovers
|turn|27
|
|move|p2a: Zamazenta|Substitute|p2a: Zamazenta
|-start|p2a: Zamazenta|Substitute
|-damage|p2a: Zamazenta|63/100
|move|p1a: Decidueye|Triple Arrows|p2a: Zamazenta
|-end|p2a: Zamazenta|Substitute
|
|-heal|p2a: Zamazenta|69/100|[from] item: Leftovers
|turn|28
|
|move|p2a: Zamazenta|Iron Defense|p2a: Zamazenta
|-boost|p2a: Zamazenta|def|2
|move|p1a: Decidueye|Swords Dance|p1a: Decidueye
|-boost|p1a: Decidueye|atk|2
|
|-heal|p2a: Zamazenta|76/100|[from] item: Leftovers
|turn|29
|
|move|p2a: Zamazenta|Body Press|p1a: Decidueye
|-damage|p1a: Decidueye|6/100
|move|p1a: Decidueye|Triple Arrows|p2a: Zamazenta
|-damage|p2a: Zamazenta|41/100
|-unboost|p2a: Zamazenta|def|1
|
|-heal|p2a: Zamazenta|47/100|[from] item: Leftovers
|turn|30
|
|move|p1a: Decidueye|Sucker Punch|p2a: Zamazenta
|-resisted|p2a: Zamazenta
|-damage|p2a: Zamazenta|36/100
|move|p2a: Zamazenta|Body Press|p1a: Decidueye
|-damage|p1a: Decidueye|0 fnt
|faint|p1a: Decidueye
|
|-heal|p2a: Zamazenta|42/100|[from] item: Leftovers
|
|switch|p1a: Rotom|Rotom-Wash|100/100
|turn|31
|
|move|p1a: Rotom|Trick|p2a: Zamazenta
|-activate|p1a: Rotom|move: Trick|[of] p2a: Zamazenta
|-item|p2a: Zamazenta|Choice Scarf|[from] move: Trick
|-item|p1a: Rotom|Leftovers|[from] move: Trick
|move|p2a: Zamazenta|Body Press|p1a: Rotom
|-damage|p1a: Rotom|5/100
|
|-heal|p1a: Rotom|11/100|[from] item: Leftovers
|turn|32
|
|move|p2a: Zamazenta|Body Press|p1a: Rotom
|-damage|p1a: Rotom|0 fnt
|faint|p1a: Rotom
|
|
|switch|p1a: Dragonite|Dragonite, M|100/100
|turn|33
|
|move|p2a: Zamazenta|Body Press|p1a: Dragonite
|-resisted|p1a: Dragonite
|-damage|p1a: Dragonite|78/100
|move|p1a: Dragonite|Earthquake|p2a: Zamazenta
|-damage|p2a: Zamazenta|29/100
|
|turn|34
|
|move|p2a: Zamazenta|Body Press|p1a: Dragonite
|-resisted|p1a: Dragonite
|-damage|p1a: Dragonite|36/100
|move|p1a: Dragonite|Dragon Dance|p1a: Dragonite
|-boost|p1a: Dragonite|atk|1
|-boost|p1a: Dragonite|spe|1
|
|turn|35
|
|-terastallize|p1a: Dragonite|Normal
|move|p1a: Dragonite|Extreme Speed|p2a: Zamazenta
|-damage|p2a: Zamazenta|5/100
|move|p2a: Zamazenta|Body Press|p1a: Dragonite
|-supereffective|p1a: Dragonite
|-damage|p1a: Dragonite|0 fnt
|faint|p1a: Dragonite
|
|win|Traes home
