# advantage = p1
|poke|p1|Dragapult, M|
|poke|p1|Zamazenta-*|
|poke|p1|Volcarona, M|
|poke|p1|Moltres-Galar|
|poke|p1|Garchomp, M|
|poke|p1|Sneasler, F|
|poke|p2|Kleavor, F|
|poke|p2|Forretress, M|
|poke|p2|Volcarona, M|
|poke|p2|Scizor, M|
|poke|p2|Frosmoth, M|
|poke|p2|Rabsca, F|
|teampreview
|
|start
|switch|p1a: dragon pult!|Dragapult, M|100/100
|switch|p2a: Kleavor|Kleavor, F|100/100
|turn|1
|
|move|p1a: dragon pult!|Reflect|p1a: dragon pult!
|-sidestart|p1: p1|Reflect
|move|p2a: Kleavor|Night Slash|p1a: dragon pult!
|-supereffective|p1a: dragon pult!
|-damage|p1a: dragon pult!|50/100
|
|turn|2
|
|move|p1a: dragon pult!|Light Screen|p1a: dragon pult!
|-sidestart|p1: p1|move: Light Screen
|move|p2a: Kleavor|Night Slash|p1a: dragon pult!
|-supereffective|p1a: dragon pult!
|-damage|p1a: dragon pult!|7/100
|
|turn|3
|
|move|p1a: dragon pult!|Curse|p2a: Kleavor
|-start|p2a: Kleavor|Curse|[of] p1a: dragon pult!
|-damage|p1a: dragon pult!|0 fnt
|faint|p1a: dragon pult!
|move|p2a: Kleavor|U-turn|p1: dragon pult!|[notarget]
|-fail|p2a: Kleavor
|
|-damage|p2a: Kleavor|76/100|[from] Curse
|
|switch|p1a: The Shield|Zamazenta|100/100
|-ability|p1a: The Shield|Dauntless Shield|boost
|-boost|p1a: The Shield|def|1
|turn|4
|
|switch|p2a: Volcarona|Volcarona, M|100/100
|move|p1a: The Shield|Substitute|p1a: The Shield
|-start|p1a: The Shield|Substitute
|-damage|p1a: The Shield|76/100
|
|-heal|p1a: The Shield|82/100|[from] item: Leftovers
|turn|5
|
|move|p1a: The Shield|Iron Defense|p1a: The Shield
|-boost|p1a: The Shield|def|2
|move|p2a: Volcarona|Quiver Dance|p2a: Volcarona
|-boost|p2a: Volcarona|spa|1
|-boost|p2a: Volcarona|spd|1
|-boost|p2a: Volcarona|spe|1
|
|-heal|p1a: The Shield|88/100|[from] item: Leftovers
|turn|6
|
|move|p1a: The Shield|Iron Defense|p1a: The Shield
|-boost|p1a: The Shield|def|2
|move|p2a: Volcarona|Flamethrower|p1a: The Shield
|-end|p1a: The Shield|Substitute
|
|-heal|p1a: The Shield|94/100|[from] item: Leftovers
|turn|7
|
|move|p1a: The Shield|Body Press|p2a: Volcarona
|-resisted|p2a: Volcarona
|-damage|p2a: Volcarona|38/100
|-status|p1a: The Shield|brn|[from] ability: Flame Body|[of] p2a: Volcarona
|move|p2a: Volcarona|Will-O-Wisp|p1a: The Shield
|-fail|p1a: The Shield|brn
|
|-heal|p1a: The Shield|99/100 brn|[from] item: Leftovers
|-damage|p1a: The Shield|94/100 brn|[from] brn
|turn|8
|
|switch|p2a: Rabsca|Rabsca, F|100/100
|move|p1a: The Shield|Body Press|p2a: Rabsca
|-resisted|p2a: Rabsca
|-damage|p2a: Rabsca|82/100
|
|-heal|p1a: The Shield|99/100 brn|[from] item: Leftovers
|-damage|p1a: The Shield|94/100 brn|[from] brn
|-sideend|p1: p1|Reflect
|turn|9
|
|move|p1a: The Shield|Substitute|p1a: The Shield
|-start|p1a: The Shield|Substitute
|-damage|p1a: The Shield|69/100 brn
|move|p2a: Rabsca|Earth Power|p1a: The Shield
|-activate|p1a: The Shield|move: Substitute|[damage]
|
|-heal|p1a: The Shield|75/100 brn|[from] item: Leftovers
|-damage|p1a: The Shield|69/100 brn|[from] brn
|-sideend|p1: p1|move: Light Screen
|turn|10
|
|move|p1a: The Shield|Crunch|p2a: Rabsca
|-supereffective|p2a: Rabsca
|-damage|p2a: Rabsca|59/100
|-unboost|p2a: Rabsca|def|1
|move|p2a: Rabsca|Earth Power|p1a: The Shield
|-end|p1a: The Shield|Substitute
|
|-heal|p1a: The Shield|75/100 brn|[from] item: Leftovers
|-damage|p1a: The Shield|69/100 brn|[from] brn
|turn|11
|
|switch|p2a: Forretress|Forretress, M|100/100
|move|p1a: The Shield|Crunch|p2a: Forretress
|-damage|p2a: Forretress|95/100
|
|-heal|p1a: The Shield|75/100 brn|[from] item: Leftovers
|-heal|p2a: Forretress|100/100|[from] item: Leftovers
|-damage|p1a: The Shield|69/100 brn|[from] brn
|turn|12
|
|move|p1a: The Shield|Substitute|p1a: The Shield
|-start|p1a: The Shield|Substitute
|-damage|p1a: The Shield|44/100 brn
|move|p2a: Forretress|Spikes|p1a: The Shield
|-sidestart|p1: p1|Spikes
|
|-heal|p1a: The Shield|50/100 brn|[from] item: Leftovers
|-damage|p1a: The Shield|44/100 brn|[from] brn
|turn|13
|
|move|p1a: The Shield|Body Press|p2a: Forretress
|-damage|p2a: Forretress|62/100
|move|p2a: Forretress|Earthquake|p1a: The Shield
|-activate|p1a: The Shield|move: Substitute|[damage]
|
|-heal|p1a: The Shield|50/100 brn|[from] item: Leftovers
|-heal|p2a: Forretress|69/100|[from] item: Leftovers
|-damage|p1a: The Shield|44/100 brn|[from] brn
|turn|14
|
|switch|p2a: Rabsca|Rabsca, F|59/100
|move|p1a: The Shield|Body Press|p2a: Rabsca
|-resisted|p2a: Rabsca
|-damage|p2a: Rabsca|39/100
|
|-heal|p1a: The Shield|50/100 brn|[from] item: Leftovers
|-damage|p1a: The Shield|44/100 brn|[from] brn
|turn|15
|
|switch|p2a: Kleavor|Kleavor, F|76/100
|move|p1a: The Shield|Crunch|p2a: Kleavor
|-crit|p2a: Kleavor
|-damage|p2a: Kleavor|57/100
|-unboost|p2a: Kleavor|def|1
|
|-heal|p1a: The Shield|50/100 brn|[from] item: Leftovers
|-damage|p1a: The Shield|44/100 brn|[from] brn
|turn|16
|
|move|p1a: The Shield|Body Press|p2a: Kleavor
|-damage|p2a: Kleavor|0 fnt
|faint|p2a: Kleavor
|
|-heal|p1a: The Shield|50/100 brn|[from] item: Leftovers
|-damage|p1a: The Shield|44/100 brn|[from] brn
|
|switch|p2a: Scizor|Scizor, M|100/100
|turn|17
|
|move|p1a: The Shield|Body Press|p2a: Scizor
|-damage|p2a: Scizor|39/100
|move|p2a: Scizor|Aerial Ace|p1a: The Shield
|-supereffective|p1a: The Shield
|-crit|p1a: The Shield
|-end|p1a: The Shield|Substitute
|
|-heal|p1a: The Shield|50/100 brn|[from] item: Leftovers
|-damage|p1a: The Shield|44/100 brn|[from] brn
|turn|18
|
|switch|p2a: Rabsca|Rabsca, F|39/100
|move|p1a: The Shield|Substitute|p1a: The Shield
|-start|p1a: The Shield|Substitute
|-damage|p1a: The Shield|19/100 brn
|
|-heal|p1a: The Shield|25/100 brn|[from] item: Leftovers
|-damage|p1a: The Shield|19/100 brn|[from] brn
|turn|19
|
|move|p1a: The Shield|Crunch|p2a: Rabsca
|-supereffective|p2a: Rabsca
|-damage|p2a: Rabsca|16/100
|move|p2a: Rabsca|Psyshock|p1a: The Shield
|-supereffective|p1a: The Shield
|-end|p1a: The Shield|Substitute
|
|-heal|p1a: The Shield|25/100 brn|[from] item: Leftovers
|-damage|p1a: The Shield|19/100 brn|[from] brn
|turn|20
|
|move|p1a: The Shield|Crunch|p2a: Rabsca
|-supereffective|p2a: Rabsca
|-damage|p2a: Rabsca|0 fnt
|faint|p2a: Rabsca
|
|-heal|p1a: The Shield|25/100 brn|[from] item: Leftovers
|-damage|p1a: The Shield|19/100 brn|[from] brn
|
|switch|p2a: Forretress|Forretress, M|69/100
|turn|21
|
|move|p1a: The Shield|Body Press|p2a: Forretress
|-damage|p2a: Forretress|32/100
|move|p2a: Forretress|Body Press|p1a: The Shield
|-damage|p1a: The Shield|12/100 brn
|
|-heal|p1a: The Shield|18/100 brn|[from] item: Leftovers
|-heal|p2a: Forretress|38/100|[from] item: Leftovers
|-damage|p1a: The Shield|12/100 brn|[from] brn
|turn|22
|
|move|p1a: The Shield|Body Press|p2a: Forretress
|-damage|p2a: Forretress|3/100
|move|p2a: Forretress|Body Press|p1a: The Shield
|-damage|p1a: The Shield|5/100 brn
|
|-heal|p1a: The Shield|11/100 brn|[from] item: Leftovers
|-heal|p2a: Forretress|9/100|[from] item: Leftovers
|-damage|p1a: The Shield|5/100 brn|[from] brn
|turn|23
|
|move|p1a: The Shield|Body Press|p2a: Forretress
|-damage|p2a: Forretress|0 fnt
|faint|p2a: Forretress
|
|-heal|p1a: The Shield|11/100 brn|[from] item: Leftovers
|-damage|p1a: The Shield|5/100 brn|[from] brn
|
|switch|p2a: Scizor|Scizor, M|39/100
|turn|24
|
|move|p2a: Scizor|Bullet Punch|p1a: The Shield
|-damage|p1a: The Shield|0 fnt
|faint|p1a: The Shield
|
|
|switch|p1a: up|Garchomp, M|100/100
|-damage|p1a: up|88/100|[from] Spikes
|turn|25
|player|p2|
|player|p2|p2|169
|
|switch|p2a: Volcarona|Volcarona, M|38/100
|move|p1a: up|Earthquake|p2a: Volcarona
|-damage|p2a: Volcarona|0 fnt
|faint|p2a: Volcarona
|-damage|p1a: up|78/100|[from] item: Life Orb
|
|
|switch|p2a: Frosmoth|Frosmoth, M|100/100
|turn|26
|
|-terastallize|p2a: Frosmoth|Ice
|move|p1a: up|Stone Edge|p2a: Frosmoth
|-supereffective|p2a: Frosmoth
|-damage|p2a: Frosmoth|0 fnt
|faint|p2a: Frosmoth
|-damage|p1a: up|69/100|[from] item: Life Orb
|
|
|switch|p2a: Scizor|Scizor, M|39/100
|turn|27
|
|move|p1a: up|Earthquake|p2a: Scizor
|-damage|p2a: Scizor|0 fnt
|faint|p2a: Scizor
|-damage|p1a: up|59/100|[from] item: Life Orb
|
|win|p1
