|poke|p1|Samurott-Hisui, F|
|poke|p1|Gholdengo|
|poke|p1|Sneasler, F|
|poke|p1|Landorus-Therian, M|
|poke|p1|Chien-Pao|
|poke|p1|Heatran, F|
|poke|p2|Walking Wake|
|poke|p2|Heatran, F|
|poke|p2|Zapdos|
|poke|p2|Scizor, M|
|poke|p2|Garchomp, F|
|poke|p2|Sableye, M|
|teampreview
|
|start
|switch|p1a: Samurott|Samurott-Hisui, F|100/100
|switch|p2a: Scizor|Scizor, M|100/100
|turn|1
|
|move|p1a: Samurott|Ceaseless Edge|p2a: Scizor
|-damage|p2a: Scizor|59/100
|-sidestart|p2: Sizzle2466|Spikes
|move|p2a: Scizor|Swords Dance|p2a: Scizor
|-boost|p2a: Scizor|atk|2
|
|turn|2
|
|move|p1a: Samurott|Razor Shell|p2a: Scizor
|-damage|p2a: Scizor|16/100
|move|p2a: Scizor|U-turn|p1a: Samurott
|-supereffective|p1a: Samurott
|-enditem|p1a: Samurott|Focus Sash
|-damage|p1a: Samurott|1/100
|
|switch|p2a: Zapdos|Zapdos|100/100|[from] U-turn
|
|turn|3
|
|move|p1a: Samurott|Aqua Jet|p2a: Zapdos
|-damage|p2a: Zapdos|83/100
|-status|p1a: Samurott|par|[from] ability: Static|[of] p2a: Zapdos
|move|p2a: Zapdos|Volt Switch|p1a: Samurott
|-supereffective|p1a: Samurott
|-crit|p1a: Samurott
|-damage|p1a: Samurott|0 fnt
|faint|p1a: Samurott
|
|switch|p2a: Scizor|Scizor, M|16/100|[from] Volt Switch
|
|
|switch|p1a: Landorus|Landorus-Therian, M|100/100
|-ability|p1a: Landorus|Intimidate|boost
|-unboost|p2a: Scizor|atk|1
|turn|4
|
|move|p1a: Landorus|U-turn|p2a: Scizor
|-resisted|p2a: Scizor
|-damage|p2a: Scizor|8/100
|
|switch|p1a: Heatran|Heatran, F|100/100|[from] U-turn
|move|p2a: Scizor|Defog|p1a: Heatran
|-unboost|p1a: Heatran|evasion|1
|-sideend|p2: Sizzle2466|Spikes|[from] move: Defog|[of] p2a: Scizor
|
|turn|5
|
|switch|p2a: Heatran|Heatran, F|100/100
|move|p1a: Heatran|Earth Power|p2a: Heatran
|-supereffective|p2a: Heatran
|-damage|p2a: Heatran|32/100
|
|-heal|p2a: Heatran|38/100|[from] item: Leftovers
|turn|6
|
|switch|p1a: Landorus|Landorus-Therian, M|100/100
|-ability|p1a: Landorus|Intimidate|boost
|-unboost|p2a: Heatran|atk|1
|move|p2a: Heatran|Sunny Day|p2a: Heatran
|-weather|SunnyDay
|
|-weather|SunnyDay|[upkeep]
|-heal|p2a: Heatran|44/100|[from] item: Leftovers
|turn|7
|
|switch|p2a: Walking Wake|Walking Wake|100/100
|-activate|p2a: Walking Wake|ability: Protosynthesis
|-start|p2a: Walking Wake|protosynthesisspa
|move|p1a: Landorus|Earthquake|p2a: Walking Wake
|-damage|p2a: Walking Wake|47/100
|
|-weather|SunnyDay|[upkeep]
|turn|8
|
|-terastallize|p1a: Landorus|Water
|move|p2a: Walking Wake|Hydro Steam|p1a: Landorus
|-resisted|p1a: Landorus
|-damage|p1a: Landorus|61/100
|move|p1a: Landorus|Earthquake|p2a: Walking Wake
|-damage|p2a: Walking Wake|0 fnt
|faint|p2a: Walking Wake
|-end|p2a: Walking Wake|Protosynthesis|[silent]
|
|-weather|SunnyDay|[upkeep]
|
|switch|p2a: Zapdos|Zapdos|83/100
|turn|9
|
|switch|p1a: Heatran|Heatran, F|100/100
|move|p2a: Zapdos|Discharge|p1a: Heatran
|-damage|p1a: Heatran|77/100
|-status|p1a: Heatran|par
|
|-weather|SunnyDay|[upkeep]
|-heal|p1a: Heatran|83/100 par|[from] item: Leftovers
|turn|10
|
|move|p2a: Zapdos|Volt Switch|p1a: Heatran
|-damage|p1a: Heatran|63/100 par
|
|switch|p2a: Sableye|Sableye, M|100/100|[from] Volt Switch
|cant|p1a: Heatran|par
|
|-weather|none
|-heal|p1a: Heatran|70/100 par|[from] item: Leftovers
|turn|11
|
|move|p2a: Sableye|Light Screen|p2a: Sableye
|-sidestart|p2: Sizzle2466|move: Light Screen
|move|p1a: Heatran|Taunt|p2a: Sableye
|-start|p2a: Sableye|move: Taunt
|
|-heal|p1a: Heatran|76/100 par|[from] item: Leftovers
|turn|12
|
|switch|p2a: Garchomp|Garchomp, F|100/100
|move|p1a: Heatran|Earth Power|p2a: Garchomp
|-damage|p2a: Garchomp|88/100
|
|-heal|p2a: Garchomp|94/100|[from] item: Leftovers
|-heal|p1a: Heatran|82/100 par|[from] item: Leftovers
|turn|13
|
|move|p2a: Garchomp|Swords Dance|p2a: Garchomp
|-boost|p2a: Garchomp|atk|2
|move|p1a: Heatran|Magma Storm|p2a: Garchomp|[miss]
|-miss|p1a: Heatran|p2a: Garchomp
|
|-heal|p2a: Garchomp|99/100|[from] item: Leftovers
|-heal|p1a: Heatran|88/100 par|[from] item: Leftovers
|turn|14
|
|move|p2a: Garchomp|Swords Dance|p2a: Garchomp
|-boost|p2a: Garchomp|atk|2
|move|p1a: Heatran|Magma Storm|p2a: Garchomp|[miss]
|-miss|p1a: Heatran|p2a: Garchomp
|
|-heal|p2a: Garchomp|100/100|[from] item: Leftovers
|-heal|p1a: Heatran|95/100 par|[from] item: Leftovers
|turn|15
|
|move|p2a: Garchomp|Earthquake|p1a: Heatran
|-supereffective|p1a: Heatran
|-damage|p1a: Heatran|0 fnt
|faint|p1a: Heatran
|
|-sideend|p2: Sizzle2466|move: Light Screen
|
|switch|p1a: Chien-Pao|Chien-Pao|100/100
|-ability|p1a: Chien-Pao|Sword of Ruin
|turn|16
|
|switch|p1a: Landorus|Landorus-Therian, M, tera:Water|61/100
|-ability|p1a: Landorus|Intimidate|boost
|-unboost|p2a: Garchomp|atk|1
|-terastallize|p2a: Garchomp|Fire
|move|p2a: Garchomp|Fire Fang|p1a: Landorus
|-resisted|p1a: Landorus
|-crit|p1a: Landorus
|-damage|p1a: Landorus|8/100
|-damage|p2a: Garchomp|84/100|[from] item: Rocky Helmet|[of] p1a: Landorus
|
|-heal|p2a: Garchomp|90/100|[from] item: Leftovers
|turn|17
|
|move|p2a: Garchomp|Dragon Claw|p1a: Landorus
|-damage|p1a: Landorus|0 fnt
|-damage|p2a: Garchomp|74/100|[from] item: Rocky Helmet|[of] p1a: Landorus
|faint|p1a: Landorus
|
|-heal|p2a: Garchomp|80/100|[from] item: Leftovers
|
|switch|p1a: Sneasler|Sneasler, F|100/100
|turn|18
|
|switch|p2a: Sableye|Sableye, M|100/100
|move|p1a: Sneasler|Close Combat|p2a: Sableye
|-immune|p2a: Sableye
|
|turn|19
|
|switch|p1a: Gholdengo|Gholdengo|100/100
|-item|p1a: Gholdengo|Air Balloon
|move|p2a: Sableye|Reflect|p2a: Sableye
|-sidestart|p2: Sizzle2466|Reflect
|
|turn|20
|
|move|p2a: Sableye|Light Screen|p2a: Sableye
|-sidestart|p2: Sizzle2466|move: Light Screen
|move|p1a: Gholdengo|Nasty Plot|p1a: Gholdengo
|-boost|p1a: Gholdengo|spa|2
|
|turn|21
|
|switch|p2a: Garchomp|Garchomp, F, tera:Fire|80/100
|move|p1a: Gholdengo|Shadow Ball|p2a: Garchomp
|-damage|p2a: Garchomp|35/100
|
|-heal|p2a: Garchomp|41/100|[from] item: Leftovers
|turn|22
|
|move|p2a: Garchomp|Fire Fang|p1a: Gholdengo
|-supereffective|p1a: Gholdengo
|-damage|p1a: Gholdengo|47/100
|-enditem|p1a: Gholdengo|Air Balloon
|move|p1a: Gholdengo|Shadow Ball|p2a: Garchomp
|-damage|p2a: Garchomp|0 fnt
|faint|p2a: Garchomp
|
|
|switch|p2a: Zapdos|Zapdos|83/100
|turn|23
|
|move|p2a: Zapdos|Discharge|p1a: Gholdengo
|-damage|p1a: Gholdengo|13/100
|move|p1a: Gholdengo|Recover|p1a: Gholdengo
|-heal|p1a: Gholdengo|63/100
|
|-sideend|p2: Sizzle2466|Reflect
|turn|24
|
|move|p2a: Zapdos|Discharge|p1a: Gholdengo
|-damage|p1a: Gholdengo|28/100
|-status|p1a: Gholdengo|par
|move|p1a: Gholdengo|Shadow Ball|p2a: Zapdos
|-damage|p2a: Zapdos|43/100
|-unboost|p2a: Zapdos|spd|1
|
|-sideend|p2: Sizzle2466|move: Light Screen
|turn|25
|
|move|p2a: Zapdos|Discharge|p1a: Gholdengo
|-damage|p1a: Gholdengo|0 fnt
|faint|p1a: Gholdengo
|
|
|switch|p1a: Chien-Pao|Chien-Pao|100/100
|-ability|p1a: Chien-Pao|Sword of Ruin
|turn|26
|
|switch|p2a: Sableye|Sableye, M|100/100
|move|p1a: Chien-Pao|Icicle Crash|p2a: Sableye
|-damage|p2a: Sableye|43/100
|
|-heal|p2a: Sableye|49/100|[from] item: Leftovers
|turn|27
|
|move|p2a: Sableye|Reflect|p2a: Sableye
|-sidestart|p2: Sizzle2466|Reflect
|move|p1a: Chien-Pao|Icicle Crash|p2a: Sableye
|-damage|p2a: Sableye|19/100
|
|-heal|p2a: Sableye|25/100|[from] item: Leftovers
|turn|28
|
|move|p2a: Sableye|Thunder Wave|p1a: Chien-Pao
|-hint|Since gen 7, Dark is immune to Prankster moves.
|-immune|p1a: Chien-Pao
|move|p1a: Chien-Pao|Icicle Crash|p2a: Sableye
|-damage|p2a: Sableye|0 fnt
|faint|p2a: Sableye
|
|
|switch|p2a: Scizor|Scizor, M|8/100
|turn|29
|
|move|p1a: Chien-Pao|Ice Shard|p2a: Scizor
|-resisted|p2a: Scizor
|-damage|p2a: Scizor|3/100
|move|p2a: Scizor|Bullet Punch|p1a: Chien-Pao
|-supereffective|p1a: Chien-Pao
|-damage|p1a: Chien-Pao|30/100
|
|turn|30
|
|switch|p2a: Heatran|Heatran, F|44/100
|move|p1a: Chien-Pao|Ice Shard|p2a: Heatran
|-resisted|p2a: Heatran
|-damage|p2a: Heatran|42/100
|
|-heal|p2a: Heatran|48/100|[from] item: Leftovers
|turn|31
|
|move|p1a: Chien-Pao|Sacred Sword|p2a: Heatran
|-supereffective|p2a: Heatran
|-damage|p2a: Heatran|12/100
|move|p2a: Heatran|Magma Storm|p1a: Chien-Pao
|-supereffective|p1a: Chien-Pao
|-damage|p1a: Chien-Pao|0 fnt
|faint|p1a: Chien-Pao
|
|-heal|p2a: Heatran|18/100|[from] item: Leftovers
|-sideend|p2: Sizzle2466|Reflect
|
|switch|p1a: Sneasler|Sneasler, F|100/100
|turn|32
|
|move|p1a: Sneasler|Close Combat|p2a: Heatran
|-supereffective|p2a: Heatran
|-damage|p2a: Heatran|0 fnt
|-unboost|p1a: Sneasler|def|1
|-unboost|p1a: Sneasler|spd|1
|faint|p2a: Heatran
|
|
|switch|p2a: Zapdos|Zapdos|43/100
|turn|33
|
|move|p1a: Sneasler|Close Combat|p2a: Zapdos
|-resisted|p2a: Zapdos
|-crit|p2a: Zapdos
|-damage|p2a: Zapdos|0 fnt
|-unboost|p1a: Sneasler|def|1
|-unboost|p1a: Sneasler|spd|1
|-status|p1a: Sneasler|par|[from] ability: Static|[of] p2a: Zapdos
|faint|p2a: Zapdos
|
|
|switch|p2a: Scizor|Scizor, M|3/100
|turn|34
|
|move|p2a: Scizor|Bullet Punch|p1a: Sneasler
|-damage|p1a: Sneasler|11/100 par
|cant|p1a: Sneasler|par
|
|turn|35
|-message|Lalo56 forfeited.
|
|win|Sizzle2466
