|poke|p1|Naclstack, M|
|poke|p1|Grimer-Alola, F|
|poke|p1|Dragonite, F|
|poke|p1|Ursaring, F|
|poke|p2|Polteageist|
|poke|p2|Qwilfish-Hisui, M|
|poke|p2|Makuhita, F|
|poke|p2|Maschiff, F|
|teampreview
|
|start
|switch|p1a: Grimer|Grimer-Alola, F|100/100
|switch|p2a: Qwilfish|Qwilfish-Hisui, M|100/100
|-ability|p2a: Qwilfish|Intimidate|boost
|-unboost|p1a: Grimer|atk|1
|turn|1
|
|move|p2a: Qwilfish|Taunt|p1a: Grimer
|-start|p1a: Grimer|move: Taunt
|move|p1a: Grimer|Knock Off|p2a: Qwilfish
|-resisted|p2a: Qwilfish
|-damage|p2a: Qwilfish|89/100
|-enditem|p2a: Qwilfish|Eviolite|[from] move: Knock Off|[of] p1a: Grimer
|
|turn|2
|
|switch|p1a: Naclstack|Naclstack, M|100/100
|move|p2a: Qwilfish|Swords Dance|p2a: Qwilfish
|-boost|p2a: Qwilfish|atk|2
|
|turn|3
|
|-terastallize|p2a: Qwilfish|Flying
|move|p2a: Qwilfish|Swords Dance|p2a: Qwilfish
|-boost|p2a: Qwilfish|atk|2
|move|p1a: Naclstack|Salt Cure|p2a: Qwilfish
|-supereffective|p2a: Qwilfish
|-damage|p2a: Qwilfish|62/100
|-start|p2a: Qwilfish|Salt Cure
|
|-damage|p2a: Qwilfish|50/100|[from] Salt Cure
|turn|4
|
|move|p2a: Qwilfish|Crunch|p1a: Naclstack
|-damage|p1a: Naclstack|33/100
|-unboost|p1a: Naclstack|def|1
|move|p1a: Naclstack|Recover|p1a: Naclstack
|-heal|p1a: Naclstack|83/100
|
|-damage|p2a: Qwilfish|38/100|[from] Salt Cure
|turn|5
|
|switch|p1a: Grimer|Grimer-Alola, F|100/100
|move|p2a: Qwilfish|Crunch|p1a: Grimer
|-resisted|p1a: Grimer
|-damage|p1a: Grimer|50/100
|
|-damage|p2a: Qwilfish|26/100|[from] Salt Cure
|turn|6
|
|move|p2a: Qwilfish|Crunch|p1a: Grimer
|-resisted|p1a: Grimer
|-damage|p1a: Grimer|0 fnt
|faint|p1a: Grimer
|
|-damage|p2a: Qwilfish|13/100|[from] Salt Cure
|
|switch|p1a: Dragonite|Dragonite, F|100/100
|turn|7
|
|move|p1a: Dragonite|Extreme Speed|p2a: Qwilfish
|-damage|p2a: Qwilfish|0 fnt
|faint|p2a: Qwilfish
|
|
|switch|p2a: Maschiff|Maschiff, F|100/100
|-ability|p2a: Maschiff|Intimidate|boost
|-unboost|p1a: Dragonite|atk|1
|turn|8
|
|switch|p1a: Naclstack|Naclstack, M|83/100
|move|p2a: Maschiff|Play Rough|p1a: Naclstack
|-damage|p1a: Naclstack|68/100
|
|turn|9
|
|move|p2a: Maschiff|Hone Claws|p2a: Maschiff
|-boost|p2a: Maschiff|atk|1
|-boost|p2a: Maschiff|accuracy|1
|move|p1a: Naclstack|Iron Defense|p1a: Naclstack
|-boost|p1a: Naclstack|def|2
|
|turn|10
|
|move|p2a: Maschiff|Play Rough|p1a: Naclstack
|-damage|p1a: Naclstack|57/100
|move|p1a: Naclstack|Salt Cure|p2a: Maschiff
|-damage|p2a: Maschiff|88/100
|-start|p2a: Maschiff|Salt Cure
|
|-damage|p2a: Maschiff|75/100|[from] Salt Cure
|turn|11
|
|move|p2a: Maschiff|Hone Claws|p2a: Maschiff
|-boost|p2a: Maschiff|atk|1
|-boost|p2a: Maschiff|accuracy|1
|move|p1a: Naclstack|Recover|p1a: Naclstack
|-heal|p1a: Naclstack|100/100
|
|-damage|p2a: Maschiff|63/100|[from] Salt Cure
|turn|12
|
|move|p2a: Maschiff|Crunch|p1a: Naclstack
|-damage|p1a: Naclstack|80/100
|move|p1a: Naclstack|Body Press|p2a: Maschiff
|-supereffective|p2a: Maschiff
|-damage|p2a: Maschiff|0 fnt
|faint|p2a: Maschiff
|
|
|switch|p2a: Polteageist|Polteageist|100/100
|turn|13
|
|move|p2a: Polteageist|Shell Smash|p2a: Polteageist
|-unboost|p2a: Polteageist|def|1
|-unboost|p2a: Polteageist|spd|1
|-boost|p2a: Polteageist|atk|2
|-boost|p2a: Polteageist|spa|2
|-boost|p2a: Polteageist|spe|2
|move|p1a: Naclstack|Salt Cure|p2a: Polteageist
|-crit|p2a: Polteageist
|-damage|p2a: Polteageist|59/100
|-start|p2a: Polteageist|Salt Cure
|-ability|p2a: Polteageist|Weak Armor|boost
|-unboost|p2a: Polteageist|def|1
|-boost|p2a: Polteageist|spe|2
|
|-damage|p2a: Polteageist|47/100|[from] Salt Cure
|turn|14
|
|move|p2a: Polteageist|Stored Power|p1a: Naclstack
|-damage|p1a: Naclstack|0 fnt
|faint|p1a: Naclstack
|
|-damage|p2a: Polteageist|34/100|[from] Salt Cure
|
|switch|p1a: Dragonite|Dragonite, F|100/100
|turn|15
|
|move|p2a: Polteageist|Stored Power|p1a: Dragonite
|-damage|p1a: Dragonite|23/100
|move|p1a: Dragonite|Waterfall|p2a: Polteageist
|-crit|p2a: Polteageist
|-damage|p2a: Polteageist|0 fnt
|faint|p2a: Polteageist
|
|
|switch|p2a: Makuhita|Makuhita, F|100/100
|turn|16
|
|move|p2a: Makuhita|Fake Out|p1a: Dragonite
|-damage|p1a: Dragonite|14/100
|cant|p1a: Dragonite|flinch
|
|turn|17
|
|move|p1a: Dragonite|Earthquake|p2a: Makuhita
|-damage|p2a: Makuhita|60/100
|move|p2a: Makuhita|Stone Edge|p1a: Dragonite|[miss]
|-miss|p2a: Makuhita|p1a: Dragonite
|
|turn|18
|
|move|p1a: Dragonite|Earthquake|p2a: Makuhita
|-damage|p2a: Makuhita|21/100
|move|p2a: Makuhita|Stone Edge|p1a: Dragonite
|-supereffective|p1a: Dragonite
|-damage|p1a: Dragonite|0 fnt
|faint|p1a: Dragonite
|
|
|switch|p1a: Ursaring|Ursaring, F|100/100
|turn|19
|
|-terastallize|p1a: Ursaring|Ghost
|move|p1a: Ursaring|Facade|p2a: Makuhita
|-damage|p2a: Makuhita|0 fnt
|faint|p2a: Makuhita
|
|win|p1
|n|☆p1|tactician12
|n|☆p2|p2
|n|*Lady Monita|ladymonita
