|poke|p1|Cresselia, F|
|poke|p1|Glastrier|
|poke|p1|Sneasler, F|
|poke|p1|Ursaluna, M|
|poke|p1|Torkoal, F|
|poke|p1|Hatterene, F|
|poke|p2|Clodsire, F|
|poke|p2|Toxapex, F|
|poke|p2|Alomomola, F|
|poke|p2|Dondozo, F|
|poke|p2|Blissey, F|
|poke|p2|Ting-Lu|
|teampreview
|
|start
|switch|p1a: Ursaluna|Ursaluna, M|100/100
|switch|p2a: Ting-Lu|Ting-Lu|100/100
|-ability|p2a: Ting-Lu|Vessel of Ruin
|turn|1
|
|move|p2a: Ting-Lu|Stealth Rock|p1a: Ursaluna
|-sidestart|p1: numb11451|move: Stealth Rock
|move|p1a: Ursaluna|Swords Dance|p1a: Ursaluna
|-boost|p1a: Ursaluna|atk|2
|
|-status|p1a: Ursaluna|brn|[from] item: Flame Orb
|turn|2
|
|switch|p2a: Dondozo|Dondozo, F|100/100
|move|p1a: Ursaluna|Close Combat|p2a: Dondozo
|-damage|p2a: Dondozo|71/100
|-unboost|p1a: Ursaluna|def|1
|-unboost|p1a: Ursaluna|spd|1
|
|-damage|p1a: Ursaluna|94/100 brn|[from] brn
|turn|3
|
|switch|p1a: Torkoal|Torkoal, F|100/100
|-damage|p1a: Torkoal|76/100|[from] Stealth Rock
|-weather|SunnyDay|[from] ability: Drought|[of] p1a: Torkoal
|move|p2a: Dondozo|Avalanche|p1a: Torkoal
|-resisted|p1a: Torkoal
|-damage|p1a: Torkoal|70/100
|
|-weather|SunnyDay|[upkeep]
|turn|4
|
|switch|p2a: Ting-Lu|Ting-Lu|100/100
|-ability|p2a: Ting-Lu|Vessel of Ruin
|move|p1a: Torkoal|Rapid Spin|p2a: Ting-Lu
|-damage|p2a: Ting-Lu|95/100
|-boost|p1a: Torkoal|spe|1
|-sideend|p1: numb11451|Stealth Rock|[from] move: Rapid Spin|[of] p1a: Torkoal
|
|-weather|SunnyDay|[upkeep]
|turn|5
|
|move|p2a: Ting-Lu|Earthquake|p1a: Torkoal
|-supereffective|p1a: Torkoal
|-damage|p1a: Torkoal|14/100
|move|p1a: Torkoal|Solar Beam||[still]
|-prepare|p1a: Torkoal|Solar Beam
|-anim|p1a: Torkoal|Solar Beam|p2a: Ting-Lu
|-supereffective|p2a: Ting-Lu
|-damage|p2a: Ting-Lu|69/100
|
|-weather|SunnyDay|[upkeep]
|turn|6
|
|switch|p1a: Cresselia|Cresselia, F|100/100
|move|p2a: Ting-Lu|Earthquake|p1a: Cresselia
|-immune|p1a: Cresselia|[from] ability: Levitate
|
|-weather|SunnyDay|[upkeep]
|turn|7
|
|switch|p1a: Ursaluna|Ursaluna, M|94/100 brn
|move|p2a: Ting-Lu|Stealth Rock|p1a: Ursaluna
|-sidestart|p1: numb11451|move: Stealth Rock
|
|-weather|none
|-damage|p1a: Ursaluna|88/100 brn|[from] brn
|turn|8
|
|switch|p2a: Dondozo|Dondozo, F|71/100
|move|p1a: Ursaluna|Facade|p2a: Dondozo
|-damage|p2a: Dondozo|12/100
|
|-damage|p1a: Ursaluna|82/100 brn|[from] brn
|turn|9
|
|switch|p1a: Torkoal|Torkoal, F|14/100
|-damage|p1a: Torkoal|0 fnt|[from] Stealth Rock
|faint|p1a: Torkoal
|move|p2a: Dondozo|Rest|p2a: Dondozo
|-status|p2a: Dondozo|slp|[from] move: Rest
|-heal|p2a: Dondozo|100/100 slp|[silent]
|
|
|switch|p1a: Ursaluna|Ursaluna, M|82/100 brn
|-damage|p1a: Ursaluna|76/100 brn|[from] Stealth Rock
|turn|10
|
|cant|p2a: Dondozo|slp
|move|p2a: Dondozo|Sleep Talk|p2a: Dondozo
|move|p2a: Dondozo|Avalanche|p1a: Ursaluna|[from]move: Sleep Talk
|-supereffective|p1a: Ursaluna
|-damage|p1a: Ursaluna|58/100 brn
|move|p1a: Ursaluna|Facade|p2a: Dondozo
|-damage|p2a: Dondozo|42/100 slp
|
|-damage|p1a: Ursaluna|52/100 brn|[from] brn
|turn|11
|
|cant|p2a: Dondozo|slp
|move|p2a: Dondozo|Sleep Talk|p2a: Dondozo
|move|p2a: Dondozo|Body Press|p1a: Ursaluna|[from]move: Sleep Talk
|-supereffective|p1a: Ursaluna
|-damage|p1a: Ursaluna|11/100 brn
|move|p1a: Ursaluna|Facade|p2a: Dondozo
|-damage|p2a: Dondozo|0 fnt
|faint|p2a: Dondozo
|
|-damage|p1a: Ursaluna|5/100 brn|[from] brn
|
|switch|p2a: Ting-Lu|Ting-Lu|69/100
|-ability|p2a: Ting-Lu|Vessel of Ruin
|turn|12
|
|move|p2a: Ting-Lu|Spikes|p1a: Ursaluna
|-sidestart|p1: numb11451|Spikes
|move|p1a: Ursaluna|Close Combat|p2a: Ting-Lu
|-supereffective|p2a: Ting-Lu
|-damage|p2a: Ting-Lu|0 fnt
|-unboost|p1a: Ursaluna|def|1
|-unboost|p1a: Ursaluna|spd|1
|faint|p2a: Ting-Lu
|
|-damage|p1a: Ursaluna|0 fnt|[from] brn
|faint|p1a: Ursaluna
|
|switch|p2a: Clodsire|Clodsire, F|100/100
|switch|p1a: Hatterene|Hatterene, F|100/100
|-damage|p1a: Hatterene|88/100|[from] Stealth Rock
|-damage|p1a: Hatterene|76/100|[from] Spikes
|turn|13
|
|move|p2a: Clodsire|Poison Jab|p1a: Hatterene
|-supereffective|p1a: Hatterene
|-damage|p1a: Hatterene|39/100
|move|p1a: Hatterene|Psyshock|p2a: Clodsire
|-supereffective|p2a: Clodsire
|-damage|p2a: Clodsire|30/100
|
|turn|14
|
|-terastallize|p2a: Clodsire|Steel
|move|p2a: Clodsire|Recover|p2a: Clodsire
|-heal|p2a: Clodsire|80/100
|move|p1a: Hatterene|Trick Room|p1a: Hatterene
|-fieldstart|move: Trick Room|[of] p1a: Hatterene
|
|turn|15
|
|move|p1a: Hatterene|Healing Wish|p1a: Hatterene
|faint|p1a: Hatterene
|move|p2a: Clodsire|Poison Jab|p1: Hatterene|[notarget]
|-fail|p2a: Clodsire
|
|
|switch|p1a: Glastrier|Glastrier|100/100
|-damage|p1a: Glastrier|76/100|[from] Stealth Rock
|-damage|p1a: Glastrier|63/100|[from] Spikes
|turn|16
|
|move|p1a: Glastrier|Swords Dance|p1a: Glastrier
|-boost|p1a: Glastrier|atk|2
|move|p2a: Clodsire|Poison Jab|p1a: Glastrier
|-damage|p1a: Glastrier|49/100
|
|turn|17
|
|move|p1a: Glastrier|Close Combat|p2a: Clodsire
|-supereffective|p2a: Clodsire
|-damage|p2a: Clodsire|0 fnt
|-unboost|p1a: Glastrier|def|1
|-unboost|p1a: Glastrier|spd|1
|faint|p2a: Clodsire
|-ability|p1a: Glastrier|Chilling Neigh|boost
|-boost|p1a: Glastrier|atk|1
|-damage|p1a: Glastrier|39/100|[from] item: Life Orb
|
|
|switch|p2a: Alomomola|Alomomola, F|100/100
|turn|18
|
|move|p2a: Alomomola|Protect|p2a: Alomomola
|-singleturn|p2a: Alomomola|Protect
|move|p1a: Glastrier|Close Combat|p2a: Alomomola
|-activate|p2a: Alomomola|move: Protect
|
|-fieldend|move: Trick Room
|turn|19
|
|switch|p1a: Cresselia|Cresselia, F|100/100
|-damage|p1a: Cresselia|88/100|[from] Stealth Rock
|move|p2a: Alomomola|Chilling Water|p1a: Cresselia
|-damage|p1a: Cresselia|83/100
|-unboost|p1a: Cresselia|atk|1
|
|turn|20
|
|move|p1a: Cresselia|Psyshock|p2a: Alomomola
|-damage|p2a: Alomomola|88/100
|move|p2a: Alomomola|Whirlpool|p1a: Cresselia
|-damage|p1a: Cresselia|80/100
|-activate|p1a: Cresselia|move: Whirlpool|[of] p2a: Alomomola
|
|-damage|p1a: Cresselia|67/100|[from] move: Whirlpool|[partiallytrapped]
|turn|21
|
|move|p2a: Alomomola|Wish|p2a: Alomomola
|move|p1a: Cresselia|Trick Room|p1a: Cresselia
|-fieldstart|move: Trick Room|[of] p1a: Cresselia
|
|-damage|p1a: Cresselia|55/100|[from] move: Whirlpool|[partiallytrapped]
|turn|22
|
|move|p2a: Alomomola|Chilling Water|p1a: Cresselia
|-damage|p1a: Cresselia|50/100
|-unboost|p1a: Cresselia|atk|1
|move|p1a: Cresselia|Lunar Dance|p1a: Cresselia
|faint|p1a: Cresselia
|
|-heal|p2a: Alomomola|100/100|[from] move: Wish|[wisher] Alomomola
|
|switch|p1a: Glastrier|Glastrier|39/100
|-heal|p1a: Glastrier|100/100|[from] move: Lunar Dance
|-damage|p1a: Glastrier|76/100|[from] Stealth Rock
|-damage|p1a: Glastrier|63/100|[from] Spikes
|turn|23
|
|move|p1a: Glastrier|Swords Dance|p1a: Glastrier
|-boost|p1a: Glastrier|atk|2
|move|p2a: Alomomola|Whirlpool|p1a: Glastrier
|-damage|p1a: Glastrier|59/100
|-activate|p1a: Glastrier|move: Whirlpool|[of] p2a: Alomomola
|
|-damage|p1a: Glastrier|46/100|[from] move: Whirlpool|[partiallytrapped]
|turn|24
|
|move|p2a: Alomomola|Protect|p2a: Alomomola
|-singleturn|p2a: Alomomola|Protect
|move|p1a: Glastrier|Swords Dance|p1a: Glastrier
|-boost|p1a: Glastrier|atk|2
|
|-damage|p1a: Glastrier|34/100|[from] move: Whirlpool|[partiallytrapped]
|turn|25
|
|move|p1a: Glastrier|Close Combat|p2a: Alomomola
|-damage|p2a: Alomomola|0 fnt
|-unboost|p1a: Glastrier|def|1
|-unboost|p1a: Glastrier|spd|1
|faint|p2a: Alomomola
|-ability|p1a: Glastrier|Chilling Neigh|boost
|-boost|p1a: Glastrier|atk|1
|-damage|p1a: Glastrier|24/100|[from] item: Life Orb
|
|-end|p1a: Glastrier|Whirlpool|[partiallytrapped]|[silent]
|-fieldend|move: Trick Room
|
|switch|p2a: Blissey|Blissey, F|100/100
|turn|26
|
|move|p2a: Blissey|Flamethrower|p1a: Glastrier
|-supereffective|p1a: Glastrier
|-damage|p1a: Glastrier|0 fnt
|faint|p1a: Glastrier
|
|
|switch|p1a: Sneasler|Sneasler, F|100/100
|-damage|p1a: Sneasler|95/100|[from] Stealth Rock
|-damage|p1a: Sneasler|82/100|[from] Spikes
|turn|27
|
|move|p1a: Sneasler|Close Combat|p2a: Blissey
|-supereffective|p2a: Blissey
|-damage|p2a: Blissey|0 fnt
|-unboost|p1a: Sneasler|def|1
|-unboost|p1a: Sneasler|spd|1
|-enditem|p1a: Sneasler|White Herb
|-clearnegativeboost|p1a: Sneasler|[silent]
|faint|p2a: Blissey
|
|
|switch|p2a: Toxapex|Toxapex, F|100/100
|turn|28
|
|move|p1a: Sneasler|Swords Dance|p1a: Sneasler
|-boost|p1a: Sneasler|atk|2
|move|p2a: Toxapex|Recover||[still]
|-fail|p2a: Toxapex|heal
|
|turn|29
|
|-terastallize|p1a: Sneasler|Flying
|move|p1a: Sneasler|Acrobatics|p2a: Toxapex
|-damage|p2a: Toxapex|21/100
|move|p2a: Toxapex|Haze|p2a: Toxapex
|-clearallboost
|
|turn|30
|
|move|p1a: Sneasler|Acrobatics|p2a: Toxapex
|-damage|p2a: Toxapex|0 fnt
|faint|p2a: Toxapex
|
|win|numb11451
