|poke|p1|Basculegion, M|
|poke|p1|Pelipper, M|
|poke|p1|Iron Treads|
|poke|p1|Thundurus-Therian, M|
|poke|p1|Amoonguss, F|
|poke|p1|Samurott-Hisui, M|
|poke|p2|Pelipper, F|
|poke|p2|Quaquaval, M|
|poke|p2|Torkoal, M|
|poke|p2|Arcanine-Hisui, F|
|poke|p2|Roaring Moon|
|poke|p2|Floatzel, M|
|teampreview
|
|start
|switch|p1a: Thundurus|Thundurus-Therian, M|100/100
|switch|p2a: Torkoal|Torkoal, M|100/100
|-weather|SunnyDay|[from] ability: Drought|[of] p2a: Torkoal
|turn|1
|
|move|p1a: Thundurus|Volt Switch|p2a: Torkoal
|-damage|p2a: Torkoal|73/100
|
|switch|p1a: Pelipper|Pelipper, M|100/100|[from] Volt Switch
|-weather|RainDance|[from] ability: Drizzle|[of] p1a: Pelipper
|move|p2a: Torkoal|Lava Plume|p1a: Pelipper
|-resisted|p1a: Pelipper
|-damage|p1a: Pelipper|94/100
|-status|p1a: Pelipper|brn
|
|-weather|RainDance|[upkeep]
|-damage|p1a: Pelipper|87/100 brn|[from] brn
|turn|2
|
|move|p1a: Pelipper|Hurricane|p2a: Torkoal
|-damage|p2a: Torkoal|49/100
|move|p2a: Torkoal|Solar Beam||[still]
|-prepare|p2a: Torkoal|Solar Beam
|
|-weather|RainDance|[upkeep]
|-damage|p1a: Pelipper|81/100 brn|[from] brn
|turn|3
|
|move|p1a: Pelipper|U-turn|p2a: Torkoal
|-resisted|p2a: Torkoal
|-damage|p2a: Torkoal|48/100
|
|switch|p1a: Amoonguss|Amoonguss, F|100/100|[from] U-turn
|move|p2a: Torkoal|Solar Beam|p1a: Amoonguss|[from]lockedmove
|-resisted|p1a: Amoonguss
|-damage|p1a: Amoonguss|98/100
|-enditem|p1a: Amoonguss|Eject Button
|
|switch|p1a: Basculegion|Basculegion, M|100/100
|
|-weather|RainDance|[upkeep]
|turn|4
|
|switch|p2a: Quaquaval|Quaquaval, M|100/100
|move|p1a: Basculegion|Wave Crash|p2a: Quaquaval
|-resisted|p2a: Quaquaval
|-damage|p2a: Quaquaval|10/100
|-damage|p1a: Basculegion|76/100|[from] Recoil
|
|-weather|RainDance|[upkeep]
|turn|5
|
|move|p1a: Basculegion|Wave Crash|p2a: Quaquaval
|-resisted|p2a: Quaquaval
|-damage|p2a: Quaquaval|0 fnt
|faint|p2a: Quaquaval
|-damage|p1a: Basculegion|74/100|[from] Recoil
|
|-weather|RainDance|[upkeep]
|
|switch|p2a: Floatzel|Floatzel, M|100/100
|turn|6
|
|-terastallize|p1a: Basculegion|Water
|move|p2a: Floatzel|Wave Crash|p1a: Basculegion
|-resisted|p1a: Basculegion
|-damage|p1a: Basculegion|21/100
|-damage|p2a: Floatzel|79/100|[from] Recoil
|move|p1a: Basculegion|Wave Crash|p2a: Floatzel
|-resisted|p2a: Floatzel
|-damage|p2a: Floatzel|0 fnt
|faint|p2a: Floatzel
|-damage|p1a: Basculegion|0 fnt|[from] Recoil
|faint|p1a: Basculegion
|
|-weather|RainDance|[upkeep]
|
|switch|p2a: Roaring Moon|Roaring Moon|100/100
|switch|p1a: Samurott|Samurott-Hisui, M|100/100
|-enditem|p2a: Roaring Moon|Booster Energy
|-activate|p2a: Roaring Moon|ability: Protosynthesis|[fromitem]
|-start|p2a: Roaring Moon|protosynthesisspd
|turn|7
|
|-terastallize|p2a: Roaring Moon|Steel
|move|p1a: Samurott|Sacred Sword|p2a: Roaring Moon
|-supereffective|p2a: Roaring Moon
|-damage|p2a: Roaring Moon|29/100
|move|p2a: Roaring Moon|Tera Blast|p1a: Samurott
|-resisted|p1a: Samurott
|-damage|p1a: Samurott|81/100
|
|-weather|RainDance|[upkeep]
|turn|8
|
|move|p1a: Samurott|Aqua Cutter|p2a: Roaring Moon
|-damage|p2a: Roaring Moon|0 fnt
|faint|p2a: Roaring Moon
|-end|p2a: Roaring Moon|Protosynthesis|[silent]
|
|-weather|none
|-message|p2 lost due to inactivity.
|
|win|p1
