|poke|p1|Great Tusk|
|poke|p1|Dragonite, M|
|poke|p1|Skeledirge, M|
|poke|p1|Zoroark-Hisui, F|
|poke|p1|Meowscarada, M|
|poke|p1|Rotom-Wash|
|poke|p2|Ursaluna, F|
|poke|p2|Hoopa-Unbound|
|poke|p2|Cinderace, M|
|poke|p2|Rotom-Wash|
|poke|p2|Urshifu-*, M|
|poke|p2|Landorus-Therian, M|
|teampreview
|
|start
|switch|p1a: Rotom|Rotom-Wash|100/100
|switch|p2a: Cinderace|Cinderace, M|100/100
|turn|1
|
|move|p2a: Cinderace|U-turn|p1a: Rotom
|-start|p2a: Cinderace|typechange|Bug|[from] ability: Libero
|-damage|p1a: Rotom|63/100
|-damage|p2a: Cinderace|84/100|[from] item: Rocky Helmet|[of] p1a: Rotom
|
|switch|p2a: Rotom|Rotom-Wash|100/100|[from] U-turn
|move|p1a: Rotom|Will-O-Wisp|p2a: Rotom
|-status|p2a: Rotom|brn
|
|-damage|p2a: Rotom|94/100 brn|[from] brn
|turn|2
|
|move|p1a: Rotom|Discharge|p2a: Rotom
|-damage|p2a: Rotom|68/100 brn
|move|p2a: Rotom|Volt Switch|p1a: Rotom
|-damage|p1a: Rotom|35/100
|
|switch|p2a: Urshifu|Urshifu-Rapid-Strike, M|100/100|[from] Volt Switch
|
|turn|3
|
|move|p2a: Urshifu|Close Combat|p1a: Rotom
|-damage|p1a: Rotom|0 fnt
|-unboost|p2a: Urshifu|def|1
|-unboost|p2a: Urshifu|spd|1
|-damage|p2a: Urshifu|84/100|[from] item: Rocky Helmet|[of] p1a: Rotom
|faint|p1a: Rotom
|
|
|switch|p1a: Meowscarada|Meowscarada, M, shiny|100/100
|turn|4
|
|switch|p2a: Cinderace|Cinderace, M|84/100
|move|p1a: Meowscarada|Play Rough|p2a: Cinderace
|-start|p1a: Meowscarada|typechange|Fairy|[from] ability: Protean
|-resisted|p2a: Cinderace
|-damage|p2a: Cinderace|53/100
|
|turn|5
|
|switch|p1a: Skeledirge|Skeledirge, M|100/100
|move|p2a: Cinderace|Pyro Ball|p1a: Skeledirge
|-resisted|p1a: Skeledirge
|-damage|p1a: Skeledirge|76/100
|
|turn|6
|
|move|p2a: Cinderace|U-turn|p1a: Skeledirge
|-start|p2a: Cinderace|typechange|Bug|[from] ability: Libero
|-resisted|p1a: Skeledirge
|-damage|p1a: Skeledirge|69/100
|
|switch|p2a: Rotom|Rotom-Wash|68/100 brn|[from] U-turn
|move|p1a: Skeledirge|Shadow Ball|p2a: Rotom
|-damage|p2a: Rotom|44/100 brn
|-unboost|p2a: Rotom|spd|1
|
|-heal|p2a: Rotom|50/100 brn|[from] item: Leftovers
|-damage|p2a: Rotom|44/100 brn|[from] brn
|turn|7
|
|switch|p1a: Dragonite|Dragonite, M, shiny|100/100
|move|p2a: Rotom|Hydro Pump|p1a: Dragonite|[miss]
|-miss|p2a: Rotom|p1a: Dragonite
|
|-heal|p2a: Rotom|50/100 brn|[from] item: Leftovers
|-damage|p2a: Rotom|44/100 brn|[from] brn
|turn|8
|
|move|p1a: Dragonite|Dragon Dance|p1a: Dragonite
|-boost|p1a: Dragonite|atk|1
|-boost|p1a: Dragonite|spe|1
|move|p2a: Rotom|Thunder Wave|p1a: Dragonite|[miss]
|-miss|p2a: Rotom|p1a: Dragonite
|
|-heal|p2a: Rotom|50/100 brn|[from] item: Leftovers
|-damage|p2a: Rotom|44/100 brn|[from] brn
|turn|9
|
|move|p1a: Dragonite|Extreme Speed|p2a: Rotom
|-damage|p2a: Rotom|0 fnt
|faint|p2a: Rotom
|
|
|switch|p2a: Landorus|Landorus-Therian, M|100/100
|-ability|p2a: Landorus|Intimidate|boost
|-unboost|p1a: Dragonite|atk|1
|turn|10
|
|move|p1a: Dragonite|Ice Spinner|p2a: Landorus
|-supereffective|p2a: Landorus
|-crit|p2a: Landorus
|-damage|p2a: Landorus|0 fnt
|faint|p2a: Landorus
|
|-message|Majelboi forfeited.
|
|win|Reko boss daddy 2
