# advantage = p2
|poke|p1|Arcanine-Hisui, M|
|poke|p1|Kleavor, M|
|poke|p1|Volcanion|
|poke|p1|Corviknight, F|
|poke|p1|Sneasler, M|
|poke|p1|Meowscarada, M|
|poke|p2|Arcanine-Hisui, M|
|poke|p2|Zoroark-Hisui, M|
|poke|p2|Typhlosion-Hisui, M|
|poke|p2|Goodra-Hisui, M|
|poke|p2|Lilligant-Hisui, F|
|poke|p2|Braviary-Hisui, M|
|teampreview
|
|start
|switch|p1a: Meowscarada|Meowscarada, M|100/100
|switch|p2a: Squoop|Goodra-Hisui, M, shiny|100/100
|turn|1
|
|move|p1a: Meowscarada|U-turn|p2a: Squoop
|-start|p1a: Meowscarada|typechange|Bug|[from] ability: Protean
|-resisted|p2a: Squoop
|-damage|p2a: Squoop|75/100
|-ability|p2a: Squoop|Gooey
|-unboost|p1a: Meowscarada|spe|1
|
|switch|p1a: Corviknight|Corviknight, F|100/100|[from] U-turn
|-ability|p1a: Corviknight|Pressure
|move|p2a: Squoop|Flamethrower|p1a: Corviknight
|-supereffective|p1a: Corviknight
|-damage|p1a: Corviknight|53/100
|-status|p1a: Corviknight|brn
|
|-heal|p1a: Corviknight|59/100 brn|[from] item: Leftovers
|-damage|p1a: Corviknight|53/100 brn|[from] brn
|turn|2
|
|move|p1a: Corviknight|Roost|p1a: Corviknight
|-heal|p1a: Corviknight|100/100 brn
|-singleturn|p1a: Corviknight|move: Roost
|move|p2a: Squoop|Flamethrower|p1a: Corviknight
|-supereffective|p1a: Corviknight
|-damage|p1a: Corviknight|56/100 brn
|
|-heal|p1a: Corviknight|62/100 brn|[from] item: Leftovers
|-damage|p1a: Corviknight|56/100 brn|[from] brn
|turn|3
|
|move|p1a: Corviknight|Roost|p1a: Corviknight
|-heal|p1a: Corviknight|100/100 brn
|-singleturn|p1a: Corviknight|move: Roost
|move|p2a: Squoop|Flamethrower|p1a: Corviknight
|-supereffective|p1a: Corviknight
|-damage|p1a: Corviknight|57/100 brn
|
|-heal|p1a: Corviknight|64/100 brn|[from] item: Leftovers
|-damage|p1a: Corviknight|57/100 brn|[from] brn
|turn|4
|
|move|p1a: Corviknight|Body Press|p2a: Squoop
|-supereffective|p2a: Squoop
|-damage|p2a: Squoop|58/100
|-ability|p2a: Squoop|Gooey
|-unboost|p1a: Corviknight|spe|1
|move|p2a: Squoop|Flamethrower|p1a: Corviknight
|-supereffective|p1a: Corviknight
|-damage|p1a: Corviknight|9/100 brn
|
|-heal|p1a: Corviknight|15/100 brn|[from] item: Leftovers
|-damage|p1a: Corviknight|9/100 brn|[from] brn
|turn|5
|
|move|p2a: Squoop|Flash Cannon|p1a: Corviknight
|-resisted|p1a: Corviknight
|-damage|p1a: Corviknight|0 fnt
|faint|p1a: Corviknight
|
|
|switch|p1a: Sneasler|Sneasler, M|100/100
|turn|6
|
|move|p1a: Sneasler|Swords Dance|p1a: Sneasler
|-boost|p1a: Sneasler|atk|2
|move|p2a: Squoop|Flamethrower|p1a: Sneasler
|-damage|p1a: Sneasler|58/100
|
|turn|7
|
|move|p1a: Sneasler|Close Combat|p2a: Squoop
|-supereffective|p2a: Squoop
|-damage|p2a: Squoop|0 fnt
|-unboost|p1a: Sneasler|def|1
|-unboost|p1a: Sneasler|spd|1
|-ability|p2a: Squoop|Gooey
|-unboost|p1a: Sneasler|spe|1
|-enditem|p1a: Sneasler|White Herb
|-clearnegativeboost|p1a: Sneasler|[silent]
|faint|p2a: Squoop
|
|
|switch|p2a: Woofers|Arcanine-Hisui, M, shiny|100/100
|turn|8
|
|move|p2a: Woofers|Extreme Speed|p1a: Sneasler
|-damage|p1a: Sneasler|26/100
|move|p1a: Sneasler|Close Combat|p2a: Woofers
|-supereffective|p2a: Woofers
|-damage|p2a: Woofers|0 fnt
|-unboost|p1a: Sneasler|def|1
|-unboost|p1a: Sneasler|spd|1
|faint|p2a: Woofers
|
|
|switch|p2a: Spooks|Typhlosion-Hisui, M, shiny|100/100
|turn|9
|
|move|p1a: Sneasler|Rock Slide|p2a: Spooks
|-supereffective|p2a: Spooks
|-damage|p2a: Spooks|0 fnt
|faint|p2a: Spooks
|
|
|switch|p2a: Hawks|Braviary-Hisui, M, shiny|100/100
|turn|10
|
|-terastallize|p2a: Hawks|Psychic
|move|p1a: Sneasler|Rock Slide|p2a: Hawks
|-damage|p2a: Hawks|34/100
|move|p2a: Hawks|Air Slash|p1a: Sneasler
|-supereffective|p1a: Sneasler
|-damage|p1a: Sneasler|0 fnt
|faint|p1a: Sneasler
|
|
|switch|p1a: Meowscarada|Meowscarada, M|100/100
|turn|11
|
|switch|p2a: Lilly|Lilligant-Hisui, F, shiny|100/100
|move|p1a: Meowscarada|Knock Off|p2a: Lilly
|-start|p1a: Meowscarada|typechange|Dark|[from] ability: Protean
|-supereffective|p2a: Lilly
|-damage|p2a: Lilly|0 fnt
|replace|p2a: Surprise MF|Zoroark-Hisui, M, shiny
|-end|p2a: Surprise MF|Illusion
|-enditem|p2a: Surprise MF|Throat Spray|[from] move: Knock Off|[of] p1a: Meowscarada
|faint|p2a: Surprise MF
|
|
|switch|p2a: Lilly|Lilligant-Hisui, F, shiny|100/100
|turn|12
|
|switch|p1a: Volcanion|Volcanion|100/100
|move|p2a: Lilly|Victory Dance|p2a: Lilly
|-boost|p2a: Lilly|atk|1
|-boost|p2a: Lilly|def|1
|-boost|p2a: Lilly|spe|1
|
|turn|13
|
|move|p2a: Lilly|Sleep Powder|p1a: Volcanion
|-status|p1a: Volcanion|slp|[from] move: Sleep Powder
|cant|p1a: Volcanion|slp
|
|turn|14
|
|move|p2a: Lilly|Victory Dance|p2a: Lilly
|-boost|p2a: Lilly|atk|1
|-boost|p2a: Lilly|def|1
|-boost|p2a: Lilly|spe|1
|cant|p1a: Volcanion|slp
|
|turn|15
|
|move|p2a: Lilly|Close Combat|p1a: Volcanion
|-damage|p1a: Volcanion|0 fnt
|-unboost|p2a: Lilly|def|1
|-unboost|p2a: Lilly|spd|1
|faint|p1a: Volcanion
|
|
|switch|p1a: Kleavor|Kleavor, M|100/100
|turn|16
|
|move|p2a: Lilly|Close Combat|p1a: Kleavor
|-damage|p1a: Kleavor|0 fnt
|-unboost|p2a: Lilly|def|1
|-unboost|p2a: Lilly|spd|1
|faint|p1a: Kleavor
|
|
|switch|p1a: Meowscarada|Meowscarada, M|100/100
|turn|17
|
|-terastallize|p1a: Meowscarada|Grass
|move|p2a: Lilly|Aerial Ace|p1a: Meowscarada
|-supereffective|p1a: Meowscarada
|-damage|p1a: Meowscarada|0 fnt
|faint|p1a: Meowscarada
|
|
|switch|p1a: Arcanine|Arcanine-Hisui, M|100/100
|turn|18
|
|move|p2a: Lilly|Close Combat|p1a: Arcanine
|-supereffective|p1a: Arcanine
|-damage|p1a: Arcanine|0 fnt
|-unboost|p2a: Lilly|def|1
|-unboost|p2a: Lilly|spd|1
|faint|p1a: Arcanine
|
|win|p2
