|poke|p1|Glimmora, F|
|poke|p1|Kingambit, M|
|poke|p1|Volcanion|
|poke|p1|Rillaboom, M|
|poke|p1|Azumarill, M|
|poke|p1|Meowscarada, M|
|poke|p2|Salazzle, F|
|poke|p2|Gengar, M|
|poke|p2|Ursaluna, F|
|poke|p2|Sneasler, F|
|poke|p2|Moltres|
|poke|p2|Hatterene, F|
|teampreview
|
|start
|switch|p1a: Blue Banana|Glimmora, F|100/100
|switch|p2a: Salazzle|Salazzle, F|100/100
|turn|1
|
|move|p2a: Salazzle|Taunt|p1a: Blue Banana
|-start|p1a: Blue Banana|move: Taunt
|move|p1a: Blue Banana|Power Gem|p2a: Salazzle
|-supereffective|p2a: Salazzle
|-enditem|p2a: Salazzle|Focus Sash
|-damage|p2a: Salazzle|1/100
|
|turn|2
|
|move|p2a: Salazzle|Toxic|p1a: Blue Banana
|-status|p1a: Blue Banana|tox
|move|p1a: Blue Banana|Power Gem|p2a: Salazzle
|-supereffective|p2a: Salazzle
|-damage|p2a: Salazzle|0 fnt
|faint|p2a: Salazzle
|
|-damage|p1a: Blue Banana|94/100 tox|[from] psn
|
|switch|p2a: Gengar|Gengar, M|100/100
|turn|3
|
|move|p2a: Gengar|Hex|p1a: Blue Banana
|-damage|p1a: Blue Banana|6/100 tox
|move|p1a: Blue Banana|Earth Power|p2a: Gengar
|-supereffective|p2a: Gengar
|-damage|p2a: Gengar|0 fnt
|-start|p1a: Blue Banana|Disable|Earth Power|[from] ability: Cursed Body|[of] p2a: Gengar
|faint|p2a: Gengar
|
|-damage|p1a: Blue Banana|0 fnt|[from] psn
|faint|p1a: Blue Banana
|
|switch|p2a: Sneasler|Sneasler, F|100/100
|switch|p1a: steam ERECTION !|Volcanion|100/100
|turn|4
|
|move|p2a: Sneasler|U-turn|p1a: steam ERECTION !
|-resisted|p1a: steam ERECTION !
|-damage|p1a: steam ERECTION !|90/100
|
|switch|p2a: Hatterene|Hatterene, F|100/100|[from] U-turn
|move|p1a: steam ERECTION !|Steam Eruption|p2a: Hatterene
|-damage|p2a: Hatterene|37/100
|
|-heal|p2a: Hatterene|43/100|[from] item: Leftovers
|turn|5
|
|move|p1a: steam ERECTION !|Steam Eruption|p2a: Hatterene
|-damage|p2a: Hatterene|0 fnt
|faint|p2a: Hatterene
|
|
|switch|p2a: Sneasler|Sneasler, F|100/100
|turn|6
|
|move|p2a: Sneasler|Dire Claw|p1a: steam ERECTION !
|-damage|p1a: steam ERECTION !|50/100
|-status|p1a: steam ERECTION !|psn|[from] ability: Poison Touch|[of] p2a: Sneasler
|move|p1a: steam ERECTION !|Steam Eruption|p2a: Sneasler
|-damage|p2a: Sneasler|17/100
|
|-damage|p1a: steam ERECTION !|38/100 psn|[from] psn
|turn|7
|
|move|p2a: Sneasler|Close Combat|p1a: steam ERECTION !
|-damage|p1a: steam ERECTION !|0 fnt
|-unboost|p2a: Sneasler|def|1
|-unboost|p2a: Sneasler|spd|1
|faint|p1a: steam ERECTION !
|
|
|switch|p1a: MANKI|Rillaboom, M|100/100
|-fieldstart|move: Grassy Terrain|[from] ability: Grassy Surge|[of] p1a: MANKI
|turn|8
|
|move|p1a: MANKI|Fake Out|p2a: Sneasler
|-damage|p2a: Sneasler|0 fnt
|faint|p2a: Sneasler
|
|
|switch|p2a: Ursaluna|Ursaluna, F|100/100
|turn|9
|
|move|p1a: MANKI|Wood Hammer|p2a: Ursaluna
|-supereffective|p2a: Ursaluna
|-damage|p2a: Ursaluna|22/100
|-damage|p1a: MANKI|71/100|[from] Recoil
|move|p2a: Ursaluna|Body Slam|p1a: MANKI
|-damage|p1a: MANKI|36/100
|
|-heal|p1a: MANKI|42/100|[from] Grassy Terrain
|-heal|p2a: Ursaluna|28/100|[from] Grassy Terrain
|-heal|p2a: Ursaluna|34/100|[from] item: Leftovers
|turn|10
|
|switch|p2a: Moltres|Moltres, shiny|100/100
|move|p1a: MANKI|Wood Hammer|p2a: Moltres
|-resisted|p2a: Moltres
|-crit|p2a: Moltres
|-damage|p2a: Moltres|80/100
|-damage|p1a: MANKI|25/100|[from] item: Rocky Helmet|[of] p2a: Moltres
|-status|p1a: MANKI|brn|[from] ability: Flame Body|[of] p2a: Moltres
|-damage|p1a: MANKI|19/100 brn|[from] Recoil
|
|-heal|p1a: MANKI|25/100 brn|[from] Grassy Terrain
|-damage|p1a: MANKI|19/100 brn|[from] brn
|turn|11
|
|switch|p1a: I'm Lazy to make|Azumarill, M|100/100
|move|p2a: Moltres|Air Slash|p1a: I'm Lazy to make
|-damage|p1a: I'm Lazy to make|73/100
|
|-heal|p1a: I'm Lazy to make|79/100|[from] Grassy Terrain
|turn|12
|
|move|p2a: Moltres|Air Slash|p1a: I'm Lazy to make
|-damage|p1a: I'm Lazy to make|54/100
|move|p1a: I'm Lazy to make|Perish Song|p1a: I'm Lazy to make
|-start|p1a: I'm Lazy to make|perish3|[silent]
|-start|p2a: Moltres|perish3|[silent]
|-fieldactivate|move: Perish Song
|
|-heal|p1a: I'm Lazy to make|60/100|[from] Grassy Terrain
|-start|p2a: Moltres|perish3
|-start|p1a: I'm Lazy to make|perish3
|-fieldend|move: Grassy Terrain
|turn|13
|
|move|p2a: Moltres|Air Slash|p1a: I'm Lazy to make
|-damage|p1a: I'm Lazy to make|33/100
|-enditem|p1a: I'm Lazy to make|Sitrus Berry|[eat]
|-heal|p1a: I'm Lazy to make|58/100|[from] item: Sitrus Berry
|move|p1a: I'm Lazy to make|Perish Song||[still]
|-fail|p1a: I'm Lazy to make
|
|-start|p2a: Moltres|perish2
|-start|p1a: I'm Lazy to make|perish2
|turn|14
|
|move|p2a: Moltres|Air Slash|p1a: I'm Lazy to make
|-damage|p1a: I'm Lazy to make|32/100
|move|p1a: I'm Lazy to make|Perish Song||[still]
|-fail|p1a: I'm Lazy to make
|
|-start|p2a: Moltres|perish1
|-start|p1a: I'm Lazy to make|perish1
|turn|15
|
|move|p2a: Moltres|U-turn|p1a: I'm Lazy to make
|-resisted|p1a: I'm Lazy to make
|-damage|p1a: I'm Lazy to make|25/100
|
|switch|p2a: Ursaluna|Ursaluna, F|34/100|[from] U-turn
|move|p1a: I'm Lazy to make|Belly Drum||[still]
|-fail|p1a: I'm Lazy to make
|
|-heal|p2a: Ursaluna|40/100|[from] item: Leftovers
|-start|p1a: I'm Lazy to make|perish0
|faint|p1a: I'm Lazy to make
|
|switch|p1a: WTF FEMBOY|Meowscarada, M|100/100
|turn|16
|
|switch|p2a: Moltres|Moltres, shiny|80/100
|move|p1a: WTF FEMBOY|Copycat|p1a: WTF FEMBOY
|move|p1a: WTF FEMBOY|Belly Drum|p1a: WTF FEMBOY|[from]move: Copycat
|-damage|p1a: WTF FEMBOY|50/100
|-setboost|p1a: WTF FEMBOY|atk|6|[from] move: Belly Drum
|
|turn|17
|
|move|p1a: WTF FEMBOY|Sucker Punch|p2a: Moltres
|-crit|p2a: Moltres
|-damage|p2a: Moltres|0 fnt
|-damage|p1a: WTF FEMBOY|34/100|[from] item: Rocky Helmet|[of] p2a: Moltres
|-status|p1a: WTF FEMBOY|brn|[from] ability: Flame Body|[of] p2a: Moltres
|faint|p2a: Moltres
|
|-damage|p1a: WTF FEMBOY|28/100 brn|[from] brn
|
|switch|p2a: Ursaluna|Ursaluna, F|40/100
|turn|18
|
|move|p1a: WTF FEMBOY|Flower Trick|p2a: Ursaluna
|-supereffective|p2a: Ursaluna
|-crit|p2a: Ursaluna
|-damage|p2a: Ursaluna|0 fnt
|faint|p2a: Ursaluna
|
|win|derevocsidi
