# advantage = p2
|poke|p1|Samurott-Hisui, F|
|poke|p1|Dragapult, M|
|poke|p1|Sneasler, M|
|poke|p1|Magearna|
|poke|p1|Volcarona, M|
|poke|p1|Zamazenta-*|
|poke|p2|Ursaluna, M|
|poke|p2|Clodsire, F|
|poke|p2|Sneasler, F|
|poke|p2|Meowscarada, M|
|poke|p2|Zoroark-Hisui, M|
|poke|p2|Avalugg-Hisui, F|
|teampreview
|
|start
|switch|p1a: Samurott|Samurott-Hisui, F|100/100
|switch|p2a: Kodiak|Ursaluna, M|100/100
|turn|1
|
|switch|p2a: Hisoka|Meowscarada, M|100/100
|move|p1a: Samurott|Ceaseless Edge|p2a: Hisoka
|-resisted|p2a: Hisoka
|-damage|p2a: Hisoka|60/100
|-sidestart|p2: p2|Spikes
|
|turn|2
|
|move|p2a: Hisoka|Flower Trick|p1a: Samurott
|-start|p2a: Hisoka|typechange|Grass|[from] ability: Protean
|-supereffective|p1a: Samurott
|-crit|p1a: Samurott
|-enditem|p1a: Samurott|Focus Sash
|-damage|p1a: Samurott|1/100
|move|p1a: Samurott|Ceaseless Edge|p2a: Hisoka
|-damage|p2a: Hisoka|0 fnt
|-sidestart|p2: p2|Spikes
|faint|p2a: Hisoka
|
|
|switch|p2a: Berga|Avalugg-Hisui, F, shiny|100/100
|-damage|p2a: Berga|84/100|[from] Spikes
|turn|3
|
|move|p1a: Samurott|Ceaseless Edge|p2a: Berga
|-damage|p2a: Berga|61/100
|-sidestart|p2: p2|Spikes
|-damage|p1a: Samurott|0 fnt|[from] item: Rocky Helmet|[of] p2a: Berga
|faint|p1a: Samurott
|move|p2a: Berga|Rapid Spin|p1: Samurott|[notarget]
|-fail|p2a: Berga
|
|
|switch|p1a: Volcarona|Volcarona, M|100/100
|turn|4
|
|switch|p2a: Mudbud|Clodsire, F|100/100
|-damage|p2a: Mudbud|76/100|[from] Spikes
|move|p1a: Volcarona|Quiver Dance|p1a: Volcarona
|-boost|p1a: Volcarona|spa|1
|-boost|p1a: Volcarona|spd|1
|-boost|p1a: Volcarona|spe|1
|
|-heal|p2a: Mudbud|82/100|[from] item: Black Sludge
|turn|5
|
|-terastallize|p1a: Volcarona|Ground
|move|p1a: Volcarona|Tera Blast|p2a: Mudbud
|-supereffective|p2a: Mudbud
|-damage|p2a: Mudbud|33/100
|move|p2a: Mudbud|Toxic|p1a: Volcarona
|-status|p1a: Volcarona|tox
|
|-heal|p2a: Mudbud|39/100|[from] item: Black Sludge
|-damage|p1a: Volcarona|94/100 tox|[from] psn
|turn|6
|
|move|p2a: Mudbud|Protect|p2a: Mudbud
|-singleturn|p2a: Mudbud|Protect
|move|p1a: Volcarona|Tera Blast|p2a: Mudbud
|-activate|p2a: Mudbud|move: Protect
|
|-heal|p2a: Mudbud|45/100|[from] item: Black Sludge
|-damage|p1a: Volcarona|82/100 tox|[from] psn
|turn|7
|
|move|p1a: Volcarona|Tera Blast|p2a: Mudbud
|-supereffective|p2a: Mudbud
|-damage|p2a: Mudbud|3/100
|move|p2a: Mudbud|Recover|p2a: Mudbud
|-heal|p2a: Mudbud|53/100
|
|-heal|p2a: Mudbud|59/100|[from] item: Black Sludge
|-damage|p1a: Volcarona|64/100 tox|[from] psn
|turn|8
|
|move|p2a: Mudbud|Protect|p2a: Mudbud
|-singleturn|p2a: Mudbud|Protect
|move|p1a: Volcarona|Fiery Dance|p2a: Mudbud
|-activate|p2a: Mudbud|move: Protect
|
|-heal|p2a: Mudbud|65/100|[from] item: Black Sludge
|-damage|p1a: Volcarona|39/100 tox|[from] psn
|turn|9
|
|move|p1a: Volcarona|Giga Drain|p2a: Mudbud
|-damage|p2a: Mudbud|50/100
|-heal|p1a: Volcarona|51/100 tox|[from] drain|[of] p2a: Mudbud
|move|p2a: Mudbud|Recover|p2a: Mudbud
|-heal|p2a: Mudbud|99/100
|
|-heal|p2a: Mudbud|100/100|[from] item: Black Sludge
|-damage|p1a: Volcarona|20/100 tox|[from] psn
|turn|10
|
|move|p2a: Mudbud|Protect|p2a: Mudbud
|-singleturn|p2a: Mudbud|Protect
|move|p1a: Volcarona|Tera Blast|p2a: Mudbud
|-activate|p2a: Mudbud|move: Protect
|
|-damage|p1a: Volcarona|0 fnt|[from] psn
|faint|p1a: Volcarona
|
|switch|p1a: Sneasler|Sneasler, M|100/100
|-item|p1a: Sneasler|Air Balloon
|turn|11
|
|switch|p2a: Berga|Avalugg-Hisui, F, shiny|61/100
|-damage|p2a: Berga|36/100|[from] Spikes
|move|p1a: Sneasler|Swords Dance|p1a: Sneasler
|-boost|p1a: Sneasler|atk|2
|
|turn|12
|
|-terastallize|p2a: Berga|Flying
|move|p1a: Sneasler|Close Combat|p2a: Berga
|-resisted|p2a: Berga
|-damage|p2a: Berga|6/100
|-unboost|p1a: Sneasler|def|1
|-unboost|p1a: Sneasler|spd|1
|-damage|p1a: Sneasler|84/100|[from] item: Rocky Helmet|[of] p2a: Berga
|move|p2a: Berga|Rapid Spin|p1a: Sneasler
|-damage|p1a: Sneasler|55/100
|-boost|p2a: Berga|spe|1
|-enditem|p1a: Sneasler|Air Balloon
|-sideend|p2: p2|Spikes|[from] move: Rapid Spin|[of] p2a: Berga
|
|turn|13
|
|move|p1a: Sneasler|Dire Claw|p2a: Berga
|-damage|p2a: Berga|0 fnt
|-damage|p1a: Sneasler|39/100|[from] item: Rocky Helmet|[of] p2a: Berga
|faint|p2a: Berga
|
|
|switch|p2a: Mudbud|Clodsire, F|100/100
|turn|14
|
|move|p1a: Sneasler|Acrobatics|p2a: Mudbud
|-damage|p2a: Mudbud|53/100
|move|p2a: Mudbud|Earthquake|p1a: Sneasler
|-supereffective|p1a: Sneasler
|-crit|p1a: Sneasler
|-damage|p1a: Sneasler|0 fnt
|faint|p1a: Sneasler
|
|-heal|p2a: Mudbud|59/100|[from] item: Black Sludge
|
|switch|p1a: Dragapult|Dragapult, M|100/100
|turn|15
|
|move|p2a: Mudbud|Protect|p2a: Mudbud
|-singleturn|p2a: Mudbud|Protect
|move|p1a: Dragapult|Reflect|p1a: Dragapult
|-sidestart|p1: p1|Reflect
|
|-heal|p2a: Mudbud|66/100|[from] item: Black Sludge
|turn|16
|
|move|p1a: Dragapult|Light Screen|p1a: Dragapult
|-sidestart|p1: p1|move: Light Screen
|move|p2a: Mudbud|Toxic|p1a: Dragapult
|-status|p1a: Dragapult|tox
|
|-heal|p2a: Mudbud|72/100|[from] item: Black Sludge
|-damage|p1a: Dragapult|94/100 tox|[from] psn
|turn|17
|
|move|p1a: Dragapult|Curse|p2a: Mudbud
|-start|p2a: Mudbud|Curse|[of] p1a: Dragapult
|-damage|p1a: Dragapult|45/100 tox
|move|p2a: Mudbud|Recover|p2a: Mudbud
|-heal|p2a: Mudbud|100/100
|
|-damage|p1a: Dragapult|32/100 tox|[from] psn
|-damage|p2a: Mudbud|76/100|[from] Curse
|turn|18
|
|switch|p2a: Kodiak|Ursaluna, M|100/100
|move|p1a: Dragapult|U-turn|p2a: Kodiak
|-damage|p2a: Kodiak|88/100
|
|switch|p1a: Magearna|Magearna|100/100|[from] U-turn
|
|-status|p2a: Kodiak|brn|[from] item: Flame Orb
|turn|19
|
|move|p1a: Magearna|Calm Mind|p1a: Magearna
|-boost|p1a: Magearna|spa|1
|-boost|p1a: Magearna|spd|1
|move|p2a: Kodiak|Headlong Rush|p1a: Magearna
|-supereffective|p1a: Magearna
|-damage|p1a: Magearna|18/100
|-unboost|p2a: Kodiak|def|1
|-unboost|p2a: Kodiak|spd|1
|
|-heal|p1a: Magearna|24/100|[from] item: Leftovers
|-damage|p2a: Kodiak|82/100 brn|[from] brn
|turn|20
|
|switch|p2a: Mudbud|Clodsire, F|76/100
|move|p1a: Magearna|Draining Kiss|p2a: Mudbud
|-resisted|p2a: Mudbud
|-damage|p2a: Mudbud|70/100
|-heal|p1a: Magearna|30/100|[from] drain|[of] p2a: Mudbud
|
|-heal|p1a: Magearna|36/100|[from] item: Leftovers
|-heal|p2a: Mudbud|76/100|[from] item: Black Sludge
|turn|21
|
|move|p1a: Magearna|Stored Power|p2a: Mudbud
|-supereffective|p2a: Mudbud
|-damage|p2a: Mudbud|56/100
|move|p2a: Mudbud|Earthquake|p1a: Magearna
|-supereffective|p1a: Magearna
|-damage|p1a: Magearna|14/100
|
|-heal|p1a: Magearna|20/100|[from] item: Leftovers
|-heal|p2a: Mudbud|62/100|[from] item: Black Sludge
|turn|22
|
|move|p1a: Magearna|Stored Power|p2a: Mudbud
|-supereffective|p2a: Mudbud
|-damage|p2a: Mudbud|44/100
|move|p2a: Mudbud|Earthquake|p1a: Magearna
|-supereffective|p1a: Magearna
|-damage|p1a: Magearna|0 fnt
|faint|p1a: Magearna
|
|-heal|p2a: Mudbud|50/100|[from] item: Black Sludge
|-sideend|p1: p1|Reflect
|-message|p1 forfeited.
|
|win|p2
