|poke|p1|Roaring Moon|
|poke|p1|Chien-Pao|
|poke|p1|Tornadus-Therian, M|
|poke|p1|Magearna|
|poke|p1|Slowking, F|
|poke|p1|Great Tusk|
|poke|p2|Regidrago|
|poke|p2|Zapdos|
|poke|p2|Samurott-Hisui, M|
|poke|p2|Sneasler, F|
|poke|p2|Iron Treads|
|poke|p2|Lilligant-Hisui, F|
|teampreview
|
|start
|switch|p1a: Roaring Moon|Roaring Moon|100/100
|switch|p2a: Samurott|Samurott-Hisui, M|100/100
|turn|1
|
|-end|p1a: Roaring Moon|Protosynthesis|[silent]
|switch|p1a: Magearna|Magearna|100/100
|move|p2a: Samurott|X-Scissor|p1a: Magearna
|-resisted|p1a: Magearna
|-damage|p1a: Magearna|92/100
|
|turn|2
|
|switch|p2a: Iron Treads|Iron Treads|100/100
|move|p1a: Magearna|Fleur Cannon|p2a: Iron Treads
|-resisted|p2a: Iron Treads
|-damage|p2a: Iron Treads|48/100
|-unboost|p1a: Magearna|spa|2
|
|turn|3
|
|switch|p1a: Great Tusk|Great Tusk|100/100
|move|p2a: Iron Treads|Earthquake|p1a: Great Tusk
|-damage|p1a: Great Tusk|78/100
|
|-heal|p1a: Great Tusk|85/100|[from] item: Leftovers
|turn|4
|
|-end|p2a: Iron Treads|Quark Drive|[silent]
|switch|p2a: Zapdos|Zapdos|100/100
|-ability|p2a: Zapdos|Pressure
|move|p1a: Great Tusk|Stealth Rock|p2a: Zapdos
|-sidestart|p2: meekmill2009|move: Stealth Rock
|
|-heal|p1a: Great Tusk|91/100|[from] item: Leftovers
|turn|5
|
|-end|p1a: Great Tusk|Protosynthesis|[silent]
|switch|p1a: Magearna|Magearna|92/100
|move|p2a: Zapdos|Volt Switch|p1a: Magearna
|-damage|p1a: Magearna|70/100
|
|switch|p2a: Iron Treads|Iron Treads|48/100|[from] Volt Switch
|-damage|p2a: Iron Treads|44/100|[from] Stealth Rock
|
|turn|6
|
|switch|p1a: Tornadus|Tornadus-Therian, M|100/100
|move|p2a: Iron Treads|Rapid Spin|p1a: Tornadus
|-damage|p1a: Tornadus|80/100
|-boost|p2a: Iron Treads|spe|1
|-sideend|p2: meekmill2009|Stealth Rock|[from] move: Rapid Spin|[of] p2a: Iron Treads
|
|turn|7
|
|-terastallize|p1a: Tornadus|Fire
|move|p2a: Iron Treads|Ice Spinner|p1a: Tornadus
|-resisted|p1a: Tornadus
|-damage|p1a: Tornadus|63/100
|move|p1a: Tornadus|Heat Wave|p2a: Iron Treads
|-supereffective|p2a: Iron Treads
|-damage|p2a: Iron Treads|0 fnt
|faint|p2a: Iron Treads
|-end|p2a: Iron Treads|Quark Drive|[silent]
|
|
|switch|p2a: Regidrago|Regidrago|100/100
|turn|8
|
|switch|p2a: Zapdos|Zapdos|100/100
|-ability|p2a: Zapdos|Pressure
|switch|p1a: Magearna|Magearna|70/100
|
|turn|9
|
|move|p2a: Zapdos|Volt Switch|p1a: Magearna
|-damage|p1a: Magearna|44/100
|
|switch|p2a: Lilligant|Lilligant-Hisui, F|100/100|[from] Volt Switch
|move|p1a: Magearna|Ice Beam|p2a: Lilligant
|-supereffective|p2a: Lilligant
|-enditem|p2a: Lilligant|Focus Sash
|-damage|p2a: Lilligant|1/100
|
|turn|10
|
|move|p2a: Lilligant|Close Combat|p1a: Magearna|[miss]
|-miss|p2a: Lilligant|p1a: Magearna
|move|p1a: Magearna|Ice Beam|p2a: Lilligant
|-supereffective|p2a: Lilligant
|-damage|p2a: Lilligant|0 fnt
|faint|p2a: Lilligant
|-ability|p1a: Magearna|Soul-Heart|boost
|-boost|p1a: Magearna|spa|1
|
|
|switch|p2a: Samurott|Samurott-Hisui, M|100/100
|turn|11
|
|move|p2a: Samurott|Aqua Cutter|p1a: Magearna
|-damage|p1a: Magearna|4/100
|move|p1a: Magearna|Ice Beam|p2a: Samurott
|-resisted|p2a: Samurott
|-damage|p2a: Samurott|47/100
|
|turn|12
|
|move|p2a: Samurott|Aqua Cutter|p1a: Magearna
|-damage|p1a: Magearna|0 fnt
|faint|p1a: Magearna
|
|
|switch|p1a: Chien-Pao|Chien-Pao|100/100
|-ability|p1a: Chien-Pao|Sword of Ruin
|turn|13
|
|move|p1a: Chien-Pao|Sacred Sword|p2a: Samurott
|-supereffective|p2a: Samurott
|-damage|p2a: Samurott|0 fnt
|faint|p2a: Samurott
|
|
|switch|p2a: Regidrago|Regidrago|100/100
|turn|14
|
|switch|p1a: Slowking|Slowking, F|100/100
|move|p2a: Regidrago|Draco Meteor|p1a: Slowking|[miss]
|-miss|p2a: Regidrago|p1a: Slowking
|
|turn|15
|
|switch|p2a: Sneasler|Sneasler, F|100/100
|move|p1a: Slowking|Future Sight|p2a: Sneasler
|-start|p1a: Slowking|move: Future Sight
|
|turn|16
|
|move|p2a: Sneasler|U-turn|p1a: Slowking
|-supereffective|p1a: Slowking
|-damage|p1a: Slowking|54/100
|
|switch|p2a: Zapdos|Zapdos|100/100|[from] U-turn
|-ability|p2a: Zapdos|Pressure
|move|p1a: Slowking|Slack Off|p1a: Slowking
|-heal|p1a: Slowking|100/100
|
|turn|17
|
|move|p2a: Zapdos|Hurricane|p1a: Slowking
|-damage|p1a: Slowking|71/100
|move|p1a: Slowking|Chilly Reception|p1a: Slowking
|-weather|Snow
|
|switch|p1a: Chien-Pao|Chien-Pao|100/100|[from] Chilly Reception
|-ability|p1a: Chien-Pao|Sword of Ruin
|
|-weather|Snow|[upkeep]
|-end|p2a: Zapdos|move: Future Sight
|-damage|p2a: Zapdos|60/100
|turn|18
|
|move|p1a: Chien-Pao|Icicle Crash|p2a: Zapdos|[miss]
|-miss|p1a: Chien-Pao|p2a: Zapdos
|move|p2a: Zapdos|Roost|p2a: Zapdos
|-heal|p2a: Zapdos|100/100
|-singleturn|p2a: Zapdos|move: Roost
|
|-weather|Snow|[upkeep]
|turn|19
|
|switch|p1a: Slowking|Slowking, F|100/100
|move|p2a: Zapdos|Heat Wave|p1a: Slowking
|-resisted|p1a: Slowking
|-damage|p1a: Slowking|92/100
|
|-weather|Snow|[upkeep]
|-heal|p1a: Slowking|98/100|[from] item: Leftovers
|turn|20
|
|move|p2a: Zapdos|Hurricane|p1a: Slowking
|-damage|p1a: Slowking|70/100
|move|p1a: Slowking|Future Sight|p2a: Zapdos
|-start|p1a: Slowking|move: Future Sight
|
|-weather|Snow|[upkeep]
|-heal|p1a: Slowking|77/100|[from] item: Leftovers
|turn|21
|
|move|p2a: Zapdos|Hurricane|p1a: Slowking|[miss]
|-miss|p2a: Zapdos|p1a: Slowking
|move|p1a: Slowking|Slack Off|p1a: Slowking
|-heal|p1a: Slowking|100/100
|
|-weather|none
|turn|22
|
|move|p2a: Zapdos|Hurricane|p1a: Slowking
|-damage|p1a: Slowking|74/100
|-start|p1a: Slowking|confusion
|-activate|p1a: Slowking|confusion
|move|p1a: Slowking|Surf|p2a: Zapdos
|-damage|p2a: Zapdos|72/100
|
|-end|p2a: Zapdos|move: Future Sight
|-damage|p2a: Zapdos|34/100
|-heal|p1a: Slowking|80/100|[from] item: Leftovers
|turn|23
|
|move|p2a: Zapdos|Roost|p2a: Zapdos
|-heal|p2a: Zapdos|84/100
|-singleturn|p2a: Zapdos|move: Roost
|-end|p1a: Slowking|confusion
|move|p1a: Slowking|Future Sight|p2a: Zapdos
|-start|p1a: Slowking|move: Future Sight
|
|-heal|p1a: Slowking|86/100|[from] item: Leftovers
|turn|24
|
|move|p2a: Zapdos|Heat Wave|p1a: Slowking
|-resisted|p1a: Slowking
|-damage|p1a: Slowking|78/100
|move|p1a: Slowking|Surf|p2a: Zapdos
|-damage|p2a: Zapdos|55/100
|
|-heal|p1a: Slowking|84/100|[from] item: Leftovers
|turn|25
|
|move|p2a: Zapdos|Roost|p2a: Zapdos
|-heal|p2a: Zapdos|100/100
|-singleturn|p2a: Zapdos|move: Roost
|move|p1a: Slowking|Surf|p2a: Zapdos
|-damage|p2a: Zapdos|69/100
|
|-end|p2a: Zapdos|move: Future Sight
|-damage|p2a: Zapdos|29/100
|-heal|p1a: Slowking|91/100|[from] item: Leftovers
|turn|26
|
|move|p2a: Zapdos|Roost|p2a: Zapdos
|-heal|p2a: Zapdos|79/100
|-singleturn|p2a: Zapdos|move: Roost
|move|p1a: Slowking|Future Sight|p2a: Zapdos
|-start|p1a: Slowking|move: Future Sight
|
|-heal|p1a: Slowking|97/100|[from] item: Leftovers
|turn|27
|
|move|p2a: Zapdos|Heat Wave|p1a: Slowking
|-resisted|p1a: Slowking
|-damage|p1a: Slowking|88/100
|move|p1a: Slowking|Surf|p2a: Zapdos
|-damage|p2a: Zapdos|47/100
|
|-heal|p1a: Slowking|94/100|[from] item: Leftovers
|turn|28
|
|move|p2a: Zapdos|Roost|p2a: Zapdos
|-heal|p2a: Zapdos|97/100
|-singleturn|p2a: Zapdos|move: Roost
|move|p1a: Slowking|Chilly Reception|p1a: Slowking
|-weather|Snow
|
|switch|p1a: Chien-Pao|Chien-Pao|100/100|[from] Chilly Reception
|-ability|p1a: Chien-Pao|Sword of Ruin
|
|-weather|Snow|[upkeep]
|-end|p2a: Zapdos|move: Future Sight
|-damage|p2a: Zapdos|59/100
|turn|29
|
|move|p1a: Chien-Pao|Icicle Crash|p2a: Zapdos
|-supereffective|p2a: Zapdos
|-crit|p2a: Zapdos
|-damage|p2a: Zapdos|0 fnt
|faint|p2a: Zapdos
|
|-weather|Snow|[upkeep]
|
|switch|p2a: Regidrago|Regidrago|100/100
|turn|30
|
|switch|p1a: Slowking|Slowking, F|100/100
|-terastallize|p2a: Regidrago|Dragon
|move|p2a: Regidrago|Dragon Energy|p1a: Slowking
|-damage|p1a: Slowking|29/100
|
|-weather|Snow|[upkeep]
|-heal|p1a: Slowking|35/100|[from] item: Leftovers
|turn|31
|
|move|p2a: Regidrago|Dragon Energy|p1a: Slowking
|-damage|p1a: Slowking|0 fnt
|faint|p1a: Slowking
|
|-weather|Snow|[upkeep]
|
|switch|p1a: Tornadus|Tornadus-Therian, M, tera:Fire|96/100
|turn|32
|
|move|p2a: Regidrago|Dragon Energy|p1a: Tornadus
|-damage|p1a: Tornadus|0 fnt
|faint|p1a: Tornadus
|
|-weather|none
|
|switch|p1a: Chien-Pao|Chien-Pao|100/100
|-ability|p1a: Chien-Pao|Sword of Ruin
|turn|33
|
|move|p2a: Regidrago|Dragon Energy|p1a: Chien-Pao
|-damage|p1a: Chien-Pao|0 fnt
|faint|p1a: Chien-Pao
|
|-message|sourcrayon forfeited.
|
|win|meekmill2009
|l|☆sourcrayon
