|poke|p1|Hydreigon, F|
|poke|p1|Overqwil, F|
|poke|p1|Great Tusk|
|poke|p1|Slowking, M|
|poke|p1|Gholdengo|
|poke|p1|Zapdos|
|poke|p2|Heatran, M|
|poke|p2|Great Tusk|
|poke|p2|Zapdos|
|poke|p2|Urshifu-*, F|
|poke|p2|Chien-Pao|
|poke|p2|Mew|
|teampreview
|
|start
|switch|p1a: Overqwil|Overqwil, F|100/100
|switch|p2a: = )|Mew|100/100
|-ability|p1a: Overqwil|Intimidate|boost
|-unboost|p2a: = )|atk|1
|turn|1
|
|move|p2a: = )|Will-O-Wisp|p1a: Overqwil
|-status|p1a: Overqwil|brn
|move|p1a: Overqwil|Spikes|p2a: = )
|-sidestart|p2: lamabalezeouf|Spikes
|
|-damage|p1a: Overqwil|94/100 brn|[from] brn
|turn|2
|
|move|p2a: = )|Stealth Rock|p1a: Overqwil
|-sidestart|p1: BlobfishNugget21|move: Stealth Rock
|move|p1a: Overqwil|Spikes|p2a: = )
|-sidestart|p2: lamabalezeouf|Spikes
|
|-heal|p1a: Overqwil|100/100 brn|[from] item: Leftovers
|-damage|p1a: Overqwil|94/100 brn|[from] brn
|turn|3
|
|switch|p2a: lando??|Great Tusk|100/100
|-damage|p2a: lando??|84/100|[from] Spikes
|move|p1a: Overqwil|Barb Barrage|p2a: lando??
|-resisted|p2a: lando??
|-damage|p2a: lando??|80/100
|
|-heal|p2a: lando??|86/100|[from] item: Leftovers
|-heal|p1a: Overqwil|100/100 brn|[from] item: Leftovers
|-damage|p1a: Overqwil|94/100 brn|[from] brn
|turn|4
|
|switch|p1a: Gholdengo|Gholdengo|100/100
|-damage|p1a: Gholdengo|94/100|[from] Stealth Rock
|-item|p1a: Gholdengo|Air Balloon
|move|p2a: lando??|Earthquake|p1a: Gholdengo
|-immune|p1a: Gholdengo
|
|-heal|p2a: lando??|92/100|[from] item: Leftovers
|turn|5
|
|move|p2a: lando??|Ice Spinner|p1a: Gholdengo
|-resisted|p1a: Gholdengo
|-damage|p1a: Gholdengo|80/100
|-enditem|p1a: Gholdengo|Air Balloon
|move|p1a: Gholdengo|Nasty Plot|p1a: Gholdengo
|-boost|p1a: Gholdengo|spa|2
|
|-heal|p2a: lando??|99/100|[from] item: Leftovers
|turn|6
|
|switch|p1a: Zapdos|Zapdos|100/100
|move|p2a: lando??|Earthquake|p1a: Zapdos
|-immune|p1a: Zapdos
|
|-heal|p2a: lando??|100/100|[from] item: Leftovers
|turn|7
|
|-terastallize|p1a: Zapdos|Grass
|move|p2a: lando??|Rapid Spin|p1a: Zapdos
|-damage|p1a: Zapdos|82/100
|-boost|p2a: lando??|spe|1
|-sideend|p2: lamabalezeouf|Spikes|[from] move: Rapid Spin|[of] p2a: lando??
|move|p1a: Zapdos|Tera Blast|p2a: lando??
|-supereffective|p2a: lando??
|-crit|p2a: lando??
|-damage|p2a: lando??|0 fnt
|faint|p2a: lando??
|-end|p2a: lando??|Protosynthesis|[silent]
|
|
|switch|p2a: Waouf|Chien-Pao|100/100
|-ability|p2a: Waouf|Sword of Ruin
|turn|8
|
|switch|p1a: Overqwil|Overqwil, F|94/100 brn
|-damage|p1a: Overqwil|82/100 brn|[from] Stealth Rock
|-ability|p1a: Overqwil|Intimidate|boost
|-unboost|p2a: Waouf|atk|1
|move|p2a: Waouf|Ice Spinner|p1a: Overqwil
|-damage|p1a: Overqwil|55/100 brn
|
|-heal|p1a: Overqwil|62/100 brn|[from] item: Leftovers
|-damage|p1a: Overqwil|55/100 brn|[from] brn
|turn|9
|
|switch|p2a: molten bear|Heatran, M, shiny|100/100
|move|p1a: Overqwil|Spikes|p2a: molten bear
|-sidestart|p2: lamabalezeouf|Spikes
|
|-heal|p1a: Overqwil|62/100 brn|[from] item: Leftovers
|-damage|p1a: Overqwil|55/100 brn|[from] brn
|turn|10
|
|move|p1a: Overqwil|Spikes|p2a: molten bear
|-sidestart|p2: lamabalezeouf|Spikes
|move|p2a: molten bear|Earth Power|p1a: Overqwil
|-supereffective|p1a: Overqwil
|-damage|p1a: Overqwil|0 fnt
|faint|p1a: Overqwil
|
|
|switch|p1a: Great Tusk|Great Tusk|100/100
|-damage|p1a: Great Tusk|98/100|[from] Stealth Rock
|-enditem|p1a: Great Tusk|Booster Energy
|-activate|p1a: Great Tusk|ability: Protosynthesis|[fromitem]
|-start|p1a: Great Tusk|protosynthesisspe
|turn|11
|
|switch|p2a: Po|Urshifu-Rapid-Strike, F|100/100
|-damage|p2a: Po|84/100|[from] Spikes
|move|p1a: Great Tusk|Rapid Spin|p2a: Po
|-damage|p2a: Po|70/100
|-boost|p1a: Great Tusk|spe|1
|-sideend|p1: BlobfishNugget21|Stealth Rock|[from] move: Rapid Spin|[of] p1a: Great Tusk
|
|turn|12
|
|move|p1a: Great Tusk|Stealth Rock|p2a: Po
|-sidestart|p2: lamabalezeouf|move: Stealth Rock
|move|p2a: Po|Surging Strikes|p1a: Great Tusk
|-supereffective|p1a: Great Tusk
|-crit|p1a: Great Tusk
|-damage|p1a: Great Tusk|69/100
|-supereffective|p1a: Great Tusk
|-crit|p1a: Great Tusk
|-damage|p1a: Great Tusk|43/100
|-supereffective|p1a: Great Tusk
|-crit|p1a: Great Tusk
|-damage|p1a: Great Tusk|13/100
|-hitcount|p1a: Great Tusk|3
|
|turn|13
|
|-end|p1a: Great Tusk|Protosynthesis|[silent]
|switch|p1a: Zapdos|Zapdos, tera:Grass|82/100
|move|p2a: Po|Aqua Jet|p1a: Zapdos
|-resisted|p1a: Zapdos
|-damage|p1a: Zapdos|72/100
|
|turn|14
|
|move|p2a: Po|Close Combat|p1a: Zapdos
|-damage|p1a: Zapdos|12/100
|-unboost|p2a: Po|def|1
|-unboost|p2a: Po|spd|1
|move|p1a: Zapdos|Volt Switch|p2a: Po
|-supereffective|p2a: Po
|-damage|p2a: Po|0 fnt
|faint|p2a: Po
|
|switch|p1a: Great Tusk|Great Tusk|13/100|[from] Volt Switch
|
|
|switch|p2a: Waouf|Chien-Pao|100/100
|-ability|p2a: Waouf|Sword of Ruin
|turn|15
|
|move|p2a: Waouf|Ice Spinner|p1a: Great Tusk
|-supereffective|p1a: Great Tusk
|-damage|p1a: Great Tusk|0 fnt
|faint|p1a: Great Tusk
|-end|p1a: Great Tusk|Protosynthesis|[silent]
|
|
|switch|p1a: Hydreigon|Hydreigon, F|100/100
|turn|16
|
|-terastallize|p2a: Waouf|Fighting
|move|p1a: Hydreigon|U-turn|p2a: Waouf
|-resisted|p2a: Waouf
|-damage|p2a: Waouf|90/100
|
|switch|p1a: Zapdos|Zapdos, tera:Grass|12/100|[from] U-turn
|move|p2a: Waouf|Sacred Sword|p1a: Zapdos
|-damage|p1a: Zapdos|0 fnt
|faint|p1a: Zapdos
|
|
|switch|p1a: Hydreigon|Hydreigon, F|100/100
|turn|17
|
|move|p1a: Hydreigon|Draco Meteor|p2a: Waouf
|-damage|p2a: Waouf|0 fnt
|-unboost|p1a: Hydreigon|spa|2
|faint|p2a: Waouf
|
|
|switch|p2a: molten bear|Heatran, M, shiny|100/100
|-damage|p2a: molten bear|84/100|[from] Spikes
|-damage|p2a: molten bear|71/100|[from] Stealth Rock
|turn|18
|
|switch|p1a: Slowking|Slowking, M|100/100
|move|p2a: molten bear|Flamethrower|p1a: Slowking
|-resisted|p1a: Slowking
|-damage|p1a: Slowking|86/100
|
|-heal|p2a: molten bear|78/100|[from] item: Leftovers
|turn|19
|
|switch|p2a: electricity|Zapdos|100/100
|move|p1a: Slowking|Future Sight|p2a: electricity
|-start|p1a: Slowking|move: Future Sight
|
|turn|20
|
|switch|p1a: Hydreigon|Hydreigon, F|100/100
|move|p2a: electricity|Discharge|p1a: Hydreigon
|-resisted|p1a: Hydreigon
|-damage|p1a: Hydreigon|74/100
|-status|p1a: Hydreigon|par
|
|turn|21
|
|move|p1a: Hydreigon|Dark Pulse|p2a: electricity
|-damage|p2a: electricity|59/100
|move|p2a: electricity|Volt Switch|p1a: Hydreigon
|-resisted|p1a: Hydreigon
|-damage|p1a: Hydreigon|53/100 par
|
|switch|p2a: molten bear|Heatran, M, shiny|78/100|[from] Volt Switch
|-damage|p2a: molten bear|61/100|[from] Spikes
|-damage|p2a: molten bear|49/100|[from] Stealth Rock
|
|-end|p2a: molten bear|move: Future Sight
|-resisted|p2a: molten bear
|-damage|p2a: molten bear|31/100
|-heal|p2a: molten bear|37/100|[from] item: Leftovers
|turn|22
|
|move|p1a: Hydreigon|Dark Pulse|p2a: molten bear
|-damage|p2a: molten bear|4/100
|move|p2a: molten bear|Flash Cannon|p1a: Hydreigon
|-damage|p1a: Hydreigon|4/100 par
|
|-heal|p2a: molten bear|10/100|[from] item: Leftovers
|turn|23
|
|move|p1a: Hydreigon|Dark Pulse|p2a: molten bear
|-damage|p2a: molten bear|0 fnt
|faint|p2a: molten bear
|
|
|switch|p2a: electricity|Zapdos|59/100
|turn|24
|
|switch|p1a: Slowking|Slowking, M|100/100
|move|p2a: electricity|Discharge|p1a: Slowking
|-supereffective|p1a: Slowking
|-damage|p1a: Slowking|53/100
|-status|p1a: Slowking|par
|
|turn|25
|
|move|p2a: electricity|Roost|p2a: electricity
|-heal|p2a: electricity|100/100
|-singleturn|p2a: electricity|move: Roost
|move|p1a: Slowking|Future Sight|p2a: electricity
|-start|p1a: Slowking|move: Future Sight
|
|turn|26
|
|move|p2a: electricity|Discharge|p1a: Slowking
|-supereffective|p1a: Slowking
|-damage|p1a: Slowking|0 fnt
|faint|p1a: Slowking
|
|
|switch|p1a: Gholdengo|Gholdengo|80/100
|turn|27
|
|move|p1a: Gholdengo|Shadow Ball|p2a: electricity
|-damage|p2a: electricity|62/100
|-unboost|p2a: electricity|spd|1
|move|p2a: electricity|Volt Switch|p1a: Gholdengo
|-damage|p1a: Gholdengo|36/100
|
|switch|p2a: = )|Mew|100/100|[from] Volt Switch
|-damage|p2a: = )|84/100|[from] Spikes
|-damage|p2a: = )|72/100|[from] Stealth Rock
|
|-end|p2a: = )|move: Future Sight
|-resisted|p2a: = )
|-damage|p2a: = )|59/100
|turn|28
|
|move|p1a: Gholdengo|Shadow Ball|p2a: = )
|-supereffective|p2a: = )
|-damage|p2a: = )|5/100
|-unboost|p2a: = )|spd|1
|move|p2a: = )|Psychic|p1a: Gholdengo
|-resisted|p1a: Gholdengo
|-damage|p1a: Gholdengo|17/100
|
|turn|29
|
|move|p1a: Gholdengo|Recover|p1a: Gholdengo
|-heal|p1a: Gholdengo|67/100
|move|p2a: = )|Psychic|p1a: Gholdengo
|-resisted|p1a: Gholdengo
|-damage|p1a: Gholdengo|48/100
|
|turn|30
|
|move|p1a: Gholdengo|Recover|p1a: Gholdengo
|-heal|p1a: Gholdengo|99/100
|move|p2a: = )|Stealth Rock|p1a: Gholdengo
|-sidestart|p1: BlobfishNugget21|move: Stealth Rock
|
|turn|31
|
|move|p1a: Gholdengo|Nasty Plot|p1a: Gholdengo
|-boost|p1a: Gholdengo|spa|2
|move|p2a: = )|Psychic|p1a: Gholdengo
|-resisted|p1a: Gholdengo
|-damage|p1a: Gholdengo|81/100
|
|turn|32
|
|move|p1a: Gholdengo|Shadow Ball|p2a: = )
|-supereffective|p2a: = )
|-damage|p2a: = )|0 fnt
|faint|p2a: = )
|
|
|switch|p2a: electricity|Zapdos|62/100
|turn|33
|
|move|p1a: Gholdengo|Shadow Ball|p2a: electricity
|-damage|p2a: electricity|0 fnt
|faint|p2a: electricity
|
|win|BlobfishNugget21
|l|☆lamabalezeouf
