|poke|p1|Grimmsnarl, M|
|poke|p1|Lilligant-Hisui, F|
|poke|p1|Kleavor, M|
|poke|p1|Corviknight, M|
|poke|p1|Moltres-Galar|
|poke|p1|Enamorus, F|
|poke|p2|Magearna|
|poke|p2|Amoonguss, M|
|poke|p2|Great Tusk|
|poke|p2|Chien-Pao|
|poke|p2|Garganacl, M|
|poke|p2|Gholdengo|
|teampreview
|
|start
|switch|p1a: Kleavor|Kleavor, M|100/100
|switch|p2a: Garganacl|Garganacl, M|100/100
|turn|1
|
|switch|p2a: Great Tusk|Great Tusk|100/100
|move|p1a: Kleavor|Close Combat|p2a: Great Tusk
|-damage|p2a: Great Tusk|82/100
|-unboost|p1a: Kleavor|def|1
|-unboost|p1a: Kleavor|spd|1
|-damage|p1a: Kleavor|84/100|[from] item: Rocky Helmet|[of] p2a: Great Tusk
|
|turn|2
|
|switch|p1a: Grimmsnarl|Grimmsnarl, M|100/100
|move|p2a: Great Tusk|Stealth Rock|p1a: Grimmsnarl
|-sidestart|p1: p1|move: Stealth Rock
|
|turn|3
|
|-end|p2a: Great Tusk|Protosynthesis|[silent]
|switch|p2a: Amoonguss|Amoonguss, M|100/100
|move|p1a: Grimmsnarl|Reflect|p1a: Grimmsnarl
|-sidestart|p1: p1|Reflect
|
|turn|4
|
|move|p1a: Grimmsnarl|Light Screen|p1a: Grimmsnarl
|-sidestart|p1: p1|move: Light Screen
|move|p2a: Amoonguss|Spore|p1a: Grimmsnarl
|-status|p1a: Grimmsnarl|slp|[from] move: Spore
|
|turn|5
|
|switch|p1a: Corviknight|Corviknight, M|100/100
|-damage|p1a: Corviknight|88/100|[from] Stealth Rock
|switch|p2a: Magearna|Magearna|100/100
|
|-heal|p1a: Corviknight|94/100|[from] item: Leftovers
|turn|6
|
|move|p2a: Magearna|Agility|p2a: Magearna
|-boost|p2a: Magearna|spe|2
|move|p1a: Corviknight|U-turn|p2a: Magearna
|-resisted|p2a: Magearna
|-damage|p2a: Magearna|97/100
|
|switch|p1a: Enamorus|Enamorus, F|100/100|[from] U-turn
|-damage|p1a: Enamorus|76/100|[from] Stealth Rock
|
|-heal|p2a: Magearna|100/100|[from] item: Leftovers
|turn|7
|
|-terastallize|p1a: Enamorus|Steel
|move|p2a: Magearna|Calm Mind|p2a: Magearna
|-boost|p2a: Magearna|spa|1
|-boost|p2a: Magearna|spd|1
|move|p1a: Enamorus|Mystical Fire|p2a: Magearna
|-supereffective|p2a: Magearna
|-damage|p2a: Magearna|61/100
|-unboost|p2a: Magearna|spa|1
|
|-heal|p2a: Magearna|67/100|[from] item: Leftovers
|turn|8
|
|switch|p2a: Great Tusk|Great Tusk|82/100
|move|p1a: Enamorus|Superpower|p2a: Great Tusk
|-damage|p2a: Great Tusk|67/100
|-boost|p1a: Enamorus|atk|1
|-boost|p1a: Enamorus|def|1
|-damage|p1a: Enamorus|59/100|[from] item: Rocky Helmet|[of] p2a: Great Tusk
|
|turn|9
|
|move|p1a: Enamorus|Psychic|p2a: Great Tusk
|-supereffective|p2a: Great Tusk
|-damage|p2a: Great Tusk|0 fnt
|faint|p2a: Great Tusk
|-end|p2a: Great Tusk|Protosynthesis|[silent]
|
|
|switch|p2a: Gholdengo|Gholdengo|100/100
|turn|10
|
|-terastallize|p2a: Gholdengo|Fire
|move|p2a: Gholdengo|Tera Blast|p1a: Enamorus
|-supereffective|p1a: Enamorus
|-damage|p1a: Enamorus|15/100
|move|p1a: Enamorus|Mystical Fire|p2a: Gholdengo
|-resisted|p2a: Gholdengo
|-damage|p2a: Gholdengo|85/100
|-unboost|p2a: Gholdengo|spa|1
|
|-sideend|p1: p1|Reflect
|turn|11
|
|move|p2a: Gholdengo|Tera Blast|p1a: Enamorus
|-supereffective|p1a: Enamorus
|-damage|p1a: Enamorus|0 fnt
|faint|p1a: Enamorus
|
|-sideend|p1: p1|move: Light Screen
|
|switch|p1a: Grimmsnarl|Grimmsnarl, M|100/100 slp
|-damage|p1a: Grimmsnarl|88/100 slp|[from] Stealth Rock
|turn|12
|
|switch|p2a: Magearna|Magearna|67/100
|cant|p1a: Grimmsnarl|slp
|
|-heal|p2a: Magearna|73/100|[from] item: Leftovers
|turn|13
|
|cant|p1a: Grimmsnarl|slp
|move|p2a: Magearna|Agility|p2a: Magearna
|-boost|p2a: Magearna|spe|2
|
|-heal|p2a: Magearna|79/100|[from] item: Leftovers
|turn|14
|
|-curestatus|p1a: Grimmsnarl|slp|[msg]
|move|p1a: Grimmsnarl|Light Screen|p1a: Grimmsnarl
|-sidestart|p1: p1|move: Light Screen
|move|p2a: Magearna|Calm Mind|p2a: Magearna
|-boost|p2a: Magearna|spa|1
|-boost|p2a: Magearna|spd|1
|
|-heal|p2a: Magearna|85/100|[from] item: Leftovers
|turn|15
|
|move|p1a: Grimmsnarl|Parting Shot|p2a: Magearna
|-unboost|p2a: Magearna|atk|1
|-unboost|p2a: Magearna|spa|1
|
|switch|p1a: Lilligant|Lilligant-Hisui, F|100/100|[from] Parting Shot
|-damage|p1a: Lilligant|94/100|[from] Stealth Rock
|move|p2a: Magearna|Calm Mind|p2a: Magearna
|-boost|p2a: Magearna|spa|1
|-boost|p2a: Magearna|spd|1
|
|-heal|p2a: Magearna|91/100|[from] item: Leftovers
|turn|16
|
|move|p2a: Magearna|Draining Kiss|p1a: Lilligant
|-supereffective|p1a: Lilligant
|-damage|p1a: Lilligant|38/100
|-heal|p2a: Magearna|100/100|[from] drain|[of] p1a: Lilligant
|move|p1a: Lilligant|Victory Dance|p1a: Lilligant
|-boost|p1a: Lilligant|atk|1
|-boost|p1a: Lilligant|def|1
|-boost|p1a: Lilligant|spe|1
|
|turn|17
|
|move|p1a: Lilligant|Sleep Powder|p2a: Magearna
|-status|p2a: Magearna|slp|[from] move: Sleep Powder
|cant|p2a: Magearna|slp
|
|turn|18
|
|move|p1a: Lilligant|Victory Dance|p1a: Lilligant
|-boost|p1a: Lilligant|atk|1
|-boost|p1a: Lilligant|def|1
|-boost|p1a: Lilligant|spe|1
|cant|p2a: Magearna|slp
|
|turn|19
|
|move|p1a: Lilligant|Axe Kick|p2a: Magearna
|-damage|p2a: Magearna|0 fnt
|faint|p2a: Magearna
|
|
|switch|p2a: Amoonguss|Amoonguss, M|100/100
|turn|20
|
|move|p1a: Lilligant|Axe Kick|p2a: Amoonguss|[miss]
|-miss|p1a: Lilligant|p2a: Amoonguss
|-damage|p1a: Lilligant|0 fnt|[from] highjumpkick
|faint|p1a: Lilligant
|move|p2a: Amoonguss|Sludge Bomb|p1: Lilligant|[notarget]
|-fail|p2a: Amoonguss
|
|
|switch|p1a: Grimmsnarl|Grimmsnarl, M|88/100
|-damage|p1a: Grimmsnarl|76/100|[from] Stealth Rock
|turn|21
|
|move|p1a: Grimmsnarl|Reflect|p1a: Grimmsnarl
|-sidestart|p1: p1|Reflect
|move|p2a: Amoonguss|Sludge Bomb|p1a: Grimmsnarl
|-supereffective|p1a: Grimmsnarl
|-damage|p1a: Grimmsnarl|56/100
|
|-sideend|p1: p1|move: Light Screen
|turn|22
|
|switch|p2a: Garganacl|Garganacl, M|100/100
|move|p1a: Grimmsnarl|Light Screen|p1a: Grimmsnarl
|-sidestart|p1: p1|move: Light Screen
|
|turn|23
|
|move|p1a: Grimmsnarl|Parting Shot|p2a: Garganacl
|-unboost|p2a: Garganacl|atk|1
|-unboost|p2a: Garganacl|spa|1
|
|switch|p1a: Kleavor|Kleavor, M|84/100|[from] Parting Shot
|-damage|p1a: Kleavor|59/100|[from] Stealth Rock
|move|p2a: Garganacl|Salt Cure|p1a: Kleavor
|-supereffective|p1a: Kleavor
|-damage|p1a: Kleavor|47/100
|-start|p1a: Kleavor|Salt Cure
|
|-damage|p1a: Kleavor|35/100|[from] Salt Cure
|turn|24
|
|switch|p2a: Amoonguss|Amoonguss, M|100/100
|move|p1a: Kleavor|Trailblaze|p2a: Amoonguss
|-resisted|p2a: Amoonguss
|-damage|p2a: Amoonguss|97/100
|-boost|p1a: Kleavor|spe|1
|-enditem|p2a: Amoonguss|Red Card|[of] p1a: Kleavor
|drag|p1a: Grimmsnarl|Grimmsnarl, M|56/100
|-damage|p1a: Grimmsnarl|44/100|[from] Stealth Rock
|
|turn|25
|
|move|p1a: Grimmsnarl|Parting Shot|p2a: Amoonguss
|-unboost|p2a: Amoonguss|atk|1
|-unboost|p2a: Amoonguss|spa|1
|
|switch|p1a: Corviknight|Corviknight, M|94/100|[from] Parting Shot
|-damage|p1a: Corviknight|82/100|[from] Stealth Rock
|move|p2a: Amoonguss|Sludge Bomb|p1a: Corviknight
|-immune|p1a: Corviknight
|
|-heal|p1a: Corviknight|88/100|[from] item: Leftovers
|turn|26
|
|switch|p2a: Garganacl|Garganacl, M|100/100
|move|p1a: Corviknight|Brave Bird|p2a: Garganacl
|-resisted|p2a: Garganacl
|-crit|p2a: Garganacl
|-damage|p2a: Garganacl|86/100
|-damage|p1a: Corviknight|83/100|[from] Recoil
|
|-heal|p1a: Corviknight|89/100|[from] item: Leftovers
|-heal|p2a: Garganacl|93/100|[from] item: Leftovers
|turn|27
|
|move|p1a: Corviknight|Defog|p2a: Garganacl
|-unboost|p2a: Garganacl|evasion|1
|-sideend|p1: p1|Stealth Rock|[from] move: Defog|[of] p1a: Corviknight
|move|p2a: Garganacl|Salt Cure|p1a: Corviknight
|-damage|p1a: Corviknight|85/100
|-start|p1a: Corviknight|Salt Cure
|
|-heal|p1a: Corviknight|92/100|[from] item: Leftovers
|-heal|p2a: Garganacl|99/100|[from] item: Leftovers
|-damage|p1a: Corviknight|67/100|[from] Salt Cure
|turn|28
|
|move|p1a: Corviknight|U-turn|p2a: Garganacl
|-damage|p2a: Garganacl|91/100
|
|switch|p1a: Grimmsnarl|Grimmsnarl, M|44/100|[from] U-turn
|move|p2a: Garganacl|Curse|p2a: Garganacl
|-unboost|p2a: Garganacl|spe|1
|-boost|p2a: Garganacl|atk|1
|-boost|p2a: Garganacl|def|1
|
|-heal|p2a: Garganacl|97/100|[from] item: Leftovers
|-sideend|p1: p1|Reflect
|turn|29
|
|move|p1a: Grimmsnarl|Reflect|p1a: Grimmsnarl
|-sidestart|p1: p1|Reflect
|move|p2a: Garganacl|Salt Cure|p1a: Grimmsnarl
|-damage|p1a: Grimmsnarl|31/100
|-start|p1a: Grimmsnarl|Salt Cure
|
|-heal|p2a: Garganacl|100/100|[from] item: Leftovers
|-damage|p1a: Grimmsnarl|18/100|[from] Salt Cure
|-sideend|p1: p1|move: Light Screen
|turn|30
|
|move|p1a: Grimmsnarl|Light Screen|p1a: Grimmsnarl
|-sidestart|p1: p1|move: Light Screen
|move|p2a: Garganacl|Curse|p2a: Garganacl
|-unboost|p2a: Garganacl|spe|1
|-boost|p2a: Garganacl|atk|1
|-boost|p2a: Garganacl|def|1
|
|-damage|p1a: Grimmsnarl|6/100|[from] Salt Cure
|turn|31
|
|move|p1a: Grimmsnarl|Parting Shot|p2a: Garganacl
|-unboost|p2a: Garganacl|atk|1
|-unboost|p2a: Garganacl|spa|1
|
|switch|p1a: Moltres|Moltres-Galar|100/100|[from] Parting Shot
|move|p2a: Garganacl|Salt Cure|p1a: Moltres
|-supereffective|p1a: Moltres
|-damage|p1a: Moltres|78/100
|-start|p1a: Moltres|Salt Cure
|
|-heal|p1a: Moltres|84/100|[from] item: Leftovers
|-damage|p1a: Moltres|72/100|[from] Salt Cure
|turn|32
|
|move|p1a: Moltres|Agility|p1a: Moltres
|-boost|p1a: Moltres|spe|2
|move|p2a: Garganacl|Avalanche|p1a: Moltres
|-supereffective|p1a: Moltres
|-crit|p1a: Moltres
|-damage|p1a: Moltres|0 fnt
|faint|p1a: Moltres
|
|-message|p1 forfeited.
|
|win|p2
