|poke|p1|Overqwil, M|
|poke|p1|Basculegion-F, F|
|poke|p1|Pelipper, F|
|poke|p1|Thundurus-Therian, M|
|poke|p1|Volcanion|
|poke|p1|Iron Treads|
|poke|p2|Gholdengo|
|poke|p2|Iron Valiant|
|poke|p2|Slowking, F|
|poke|p2|Great Tusk|
|poke|p2|Chien-Pao|
|poke|p2|Urshifu-*, M|
|teampreview
|
|start
|switch|p1a: ol’ reliable|Pelipper, F|100/100
|switch|p2a: Chien-Pao|Chien-Pao|100/100
|-ability|p2a: Chien-Pao|Sword of Ruin
|-weather|RainDance|[from] ability: Drizzle|[of] p1a: ol’ reliable
|turn|1
|
|switch|p2a: Slowking|Slowking, F|100/100
|move|p1a: ol’ reliable|U-turn|p2a: Slowking
|-supereffective|p2a: Slowking
|-damage|p2a: Slowking|81/100
|
|switch|p1a: holy shamone|Thundurus-Therian, M|100/100|[from] U-turn
|
|-weather|RainDance|[upkeep]
|turn|2
|
|switch|p2a: Gholdengo|Gholdengo|100/100
|move|p1a: holy shamone|Nasty Plot|p1a: holy shamone
|-boost|p1a: holy shamone|spa|2
|
|-weather|RainDance|[upkeep]
|turn|3
|
|move|p2a: Gholdengo|Shadow Ball|p1a: holy shamone
|-damage|p1a: holy shamone|40/100
|move|p1a: holy shamone|Thunder|p2a: Gholdengo
|-damage|p2a: Gholdengo|0 fnt
|faint|p2a: Gholdengo
|
|-weather|RainDance|[upkeep]
|
|switch|p2a: Chien-Pao|Chien-Pao|100/100
|-ability|p2a: Chien-Pao|Sword of Ruin
|turn|4
|
|switch|p1a: walking fake|Volcanion|100/100
|move|p2a: Chien-Pao|Crunch|p1a: walking fake
|-damage|p1a: walking fake|28/100
|
|-weather|RainDance|[upkeep]
|turn|5
|
|switch|p2a: Slowking|Slowking, F|100/100
|move|p1a: walking fake|Steam Eruption|p2a: Slowking
|-resisted|p2a: Slowking
|-damage|p2a: Slowking|62/100
|
|-weather|RainDance|[upkeep]
|turn|6
|
|switch|p1a: holy shamone|Thundurus-Therian, M|40/100
|move|p2a: Slowking|Chilly Reception|p2a: Slowking
|-weather|Snow
|
|switch|p2a: Chien-Pao|Chien-Pao|100/100|[from] Chilly Reception
|-ability|p2a: Chien-Pao|Sword of Ruin
|
|-weather|Snow|[upkeep]
|turn|7
|
|move|p2a: Chien-Pao|Crunch|p1a: holy shamone
|-damage|p1a: holy shamone|0 fnt
|faint|p1a: holy shamone
|
|-weather|Snow|[upkeep]
|
|switch|p1a: ol’ reliable|Pelipper, F|100/100
|-weather|RainDance|[from] ability: Drizzle|[of] p1a: ol’ reliable
|turn|8
|
|move|p2a: Chien-Pao|Crunch|p1a: ol’ reliable
|-damage|p1a: ol’ reliable|44/100
|move|p1a: ol’ reliable|U-turn|p2a: Chien-Pao
|-supereffective|p2a: Chien-Pao
|-damage|p2a: Chien-Pao|77/100
|
|switch|p1a: qwil or be qwil’d|Overqwil, M|100/100|[from] U-turn
|
|-weather|RainDance|[upkeep]
|turn|9
|
|switch|p2a: Iron Valiant|Iron Valiant|100/100
|move|p1a: qwil or be qwil’d|Liquidation|p2a: Iron Valiant
|-damage|p2a: Iron Valiant|30/100
|-unboost|p2a: Iron Valiant|def|1
|-damage|p1a: qwil or be qwil’d|91/100|[from] item: Life Orb
|
|-weather|RainDance|[upkeep]
|turn|10
|
|move|p1a: qwil or be qwil’d|Liquidation|p2a: Iron Valiant
|-damage|p2a: Iron Valiant|0 fnt
|faint|p2a: Iron Valiant
|-end|p2a: Iron Valiant|Quark Drive|[silent]
|-damage|p1a: qwil or be qwil’d|81/100|[from] item: Life Orb
|
|-weather|RainDance|[upkeep]
|
|switch|p2a: Urshifu|Urshifu-Rapid-Strike, M|100/100
|turn|11
|
|switch|p1a: walking fake|Volcanion|28/100
|move|p2a: Urshifu|Close Combat|p1a: walking fake
|-damage|p1a: walking fake|0 fnt
|-unboost|p2a: Urshifu|def|1
|-unboost|p2a: Urshifu|spd|1
|faint|p1a: walking fake
|
|-weather|RainDance|[upkeep]
|
|switch|p1a: no respects|Basculegion-F, F|100/100
|turn|12
|
|switch|p2a: Slowking|Slowking, F|96/100
|move|p1a: no respects|Shadow Ball|p2a: Slowking
|-supereffective|p2a: Slowking
|-damage|p2a: Slowking|44/100
|-damage|p1a: no respects|91/100|[from] item: Life Orb
|
|-weather|RainDance|[upkeep]
|turn|13
|
|switch|p2a: Urshifu|Urshifu-Rapid-Strike, M|100/100
|move|p1a: no respects|Shadow Ball|p2a: Urshifu
|-damage|p2a: Urshifu|33/100
|-damage|p1a: no respects|81/100|[from] item: Life Orb
|
|-weather|RainDance|[upkeep]
|turn|14
|
|move|p2a: Urshifu|Aqua Jet|p1a: no respects
|-resisted|p1a: no respects
|-damage|p1a: no respects|60/100
|move|p1a: no respects|Shadow Ball|p2a: Urshifu
|-damage|p2a: Urshifu|0 fnt
|faint|p2a: Urshifu
|-damage|p1a: no respects|50/100|[from] item: Life Orb
|
|-weather|RainDance|[upkeep]
|
|switch|p2a: Chien-Pao|Chien-Pao|77/100
|-ability|p2a: Chien-Pao|Sword of Ruin
|turn|15
|
|move|p2a: Chien-Pao|Sucker Punch||[still]
|-fail|p2a: Chien-Pao
|move|p1a: no respects|Substitute|p1a: no respects
|-start|p1a: no respects|Substitute
|-damage|p1a: no respects|25/100
|
|-weather|none
|turn|16
|
|switch|p2a: Great Tusk|Great Tusk|100/100
|move|p1a: no respects|Hydro Pump|p2a: Great Tusk
|-supereffective|p2a: Great Tusk
|-damage|p2a: Great Tusk|0 fnt
|faint|p2a: Great Tusk
|-end|p2a: Great Tusk|Protosynthesis|[silent]
|-damage|p1a: no respects|15/100|[from] item: Life Orb
|
|
|switch|p2a: Chien-Pao|Chien-Pao|77/100
|-ability|p2a: Chien-Pao|Sword of Ruin
|turn|17
|
|switch|p2a: Slowking|Slowking, F|77/100
|move|p1a: no respects|Shadow Ball|p2a: Slowking
|-supereffective|p2a: Slowking
|-damage|p2a: Slowking|19/100
|-damage|p1a: no respects|5/100|[from] item: Life Orb
|
|turn|18
|
|move|p1a: no respects|Hydro Pump|p2a: Slowking
|-resisted|p2a: Slowking
|-damage|p2a: Slowking|0 fnt
|faint|p2a: Slowking
|-damage|p1a: no respects|0 fnt|[from] item: Life Orb
|faint|p1a: no respects
|
|
|switch|p1a: ol’ reliable|Pelipper, F|44/100
|switch|p2a: Chien-Pao|Chien-Pao|77/100
|-ability|p2a: Chien-Pao|Sword of Ruin
|-weather|RainDance|[from] ability: Drizzle|[of] p1a: ol’ reliable
|turn|19
|
|-terastallize|p2a: Chien-Pao|Dark
|move|p2a: Chien-Pao|Crunch|p1a: ol’ reliable
|-damage|p1a: ol’ reliable|0 fnt
|faint|p1a: ol’ reliable
|
|-weather|RainDance|[upkeep]
|
|switch|p1a: qwil or be qwil’d|Overqwil, M|81/100
|turn|20
|
|move|p1a: qwil or be qwil’d|Liquidation|p2a: Chien-Pao
|-damage|p2a: Chien-Pao|8/100
|-unboost|p2a: Chien-Pao|def|1
|-damage|p1a: qwil or be qwil’d|71/100|[from] item: Life Orb
|move|p2a: Chien-Pao|Crunch|p1a: qwil or be qwil’d
|-resisted|p1a: qwil or be qwil’d
|-damage|p1a: qwil or be qwil’d|5/100
|
|-weather|RainDance|[upkeep]
|turn|21
|
|move|p1a: qwil or be qwil’d|Swords Dance|p1a: qwil or be qwil’d
|-boost|p1a: qwil or be qwil’d|atk|2
|move|p2a: Chien-Pao|Crunch|p1a: qwil or be qwil’d
|-resisted|p1a: qwil or be qwil’d
|-damage|p1a: qwil or be qwil’d|0 fnt
|faint|p1a: qwil or be qwil’d
|
|-weather|RainDance|[upkeep]
|
|switch|p1a: alive or tread|Iron Treads|100/100
|turn|22
|
|move|p2a: Chien-Pao|Crunch|p1a: alive or tread
|-damage|p1a: alive or tread|1/100
|move|p1a: alive or tread|Rapid Spin|p2a: Chien-Pao
|-damage|p2a: Chien-Pao|0 fnt
|-boost|p1a: alive or tread|spe|1
|faint|p2a: Chien-Pao
|
|win|p1
