# advantage = p1
|poke|p1|Roaring Moon|
|poke|p1|Corviknight, M|
|poke|p1|Armarouge, F|
|poke|p1|Clodsire, M|
|poke|p1|Maushold|
|poke|p1|Zoroark-Hisui, M|
|poke|p2|Meowscarada, F|
|poke|p2|Ting-Lu|
|poke|p2|Gholdengo|
|poke|p2|Dragonite, F|
|poke|p2|Iron Valiant|
|poke|p2|Great Tusk|
|teampreview
|
|start
|switch|p1a: Corviknight|Corviknight, M|100/100
|switch|p2a: Nyaruko|Meowscarada, F, shiny|100/100
|turn|1
|
|move|p2a: Nyaruko|Spikes|p1a: Corviknight
|-sidestart|p1: p1|Spikes
|move|p1a: Corviknight|Brave Bird|p2a: Nyaruko
|-supereffective|p2a: Nyaruko
|-enditem|p2a: Nyaruko|Focus Sash
|-damage|p2a: Nyaruko|1/100
|-damage|p1a: Corviknight|76/100|[from] Recoil
|
|turn|2
|
|move|p2a: Nyaruko|Taunt|p1a: Corviknight
|-start|p1a: Corviknight|move: Taunt
|move|p1a: Corviknight|Brave Bird|p2a: Nyaruko
|-supereffective|p2a: Nyaruko
|-damage|p2a: Nyaruko|0 fnt
|faint|p2a: Nyaruko
|-damage|p1a: Corviknight|76/100|[from] Recoil
|
|
|switch|p2a: Anna|Gholdengo|100/100
|turn|3
|
|switch|p1a: Clodsire|Clodsire, M|100/100
|-damage|p1a: Clodsire|88/100|[from] Spikes
|move|p2a: Anna|Thunder Wave|p1a: Clodsire
|-immune|p1a: Clodsire
|
|-heal|p1a: Clodsire|94/100|[from] item: Leftovers
|turn|4
|
|switch|p2a: Irina|Great Tusk|100/100
|move|p1a: Clodsire|Yawn|p2a: Irina
|-start|p2a: Irina|move: Yawn|[of] p1a: Clodsire
|
|-heal|p1a: Clodsire|100/100|[from] item: Leftovers
|turn|5
|
|switch|p1a: Corviknight|Corviknight, M|76/100
|move|p2a: Irina|Close Combat|p1a: Corviknight
|-damage|p1a: Corviknight|31/100
|-unboost|p2a: Irina|def|1
|-unboost|p2a: Irina|spd|1
|-enditem|p2a: Irina|Eject Pack
|-damage|p2a: Irina|84/100|[from] item: Rocky Helmet|[of] p1a: Corviknight
|
|-end|p2a: Irina|Protosynthesis|[silent]
|switch|p2a: Anna|Gholdengo|100/100
|
|turn|6
|
|move|p1a: Corviknight|Protect|p1a: Corviknight
|-singleturn|p1a: Corviknight|Protect
|move|p2a: Anna|Make It Rain|p1a: Corviknight
|-activate|p1a: Corviknight|move: Protect
|
|turn|7
|
|switch|p1a: Clodsire|Clodsire, M|100/100
|-damage|p1a: Clodsire|88/100|[from] Spikes
|move|p2a: Anna|Make It Rain|p1a: Clodsire
|-damage|p1a: Clodsire|52/100
|-unboost|p2a: Anna|spa|1
|
|-heal|p1a: Clodsire|59/100|[from] item: Leftovers
|turn|8
|
|switch|p2a: Irina|Great Tusk|84/100
|move|p1a: Clodsire|Recover|p1a: Clodsire
|-heal|p1a: Clodsire|100/100
|
|turn|9
|
|switch|p1a: Armarouge|Armarouge, F|100/100
|-damage|p1a: Armarouge|88/100|[from] Spikes
|move|p2a: Irina|Headlong Rush|p1a: Armarouge
|-supereffective|p1a: Armarouge
|-damage|p1a: Armarouge|0 fnt
|-unboost|p2a: Irina|def|1
|-unboost|p2a: Irina|spd|1
|faint|p1a: Armarouge
|
|
|switch|p1a: Roaring Moon|Roaring Moon|100/100
|-damage|p1a: Roaring Moon|88/100|[from] Spikes
|-enditem|p1a: Roaring Moon|Booster Energy
|-activate|p1a: Roaring Moon|ability: Protosynthesis|[fromitem]
|-start|p1a: Roaring Moon|protosynthesisspe
|turn|10
|
|-end|p2a: Irina|Protosynthesis|[silent]
|switch|p2a: Mori|Ting-Lu|100/100
|-ability|p2a: Mori|Vessel of Ruin
|move|p1a: Roaring Moon|Crunch|p2a: Mori
|-resisted|p2a: Mori
|-damage|p2a: Mori|92/100
|
|-heal|p2a: Mori|98/100|[from] item: Leftovers
|turn|11
|
|-end|p1a: Roaring Moon|Protosynthesis|[silent]
|switch|p1a: Corviknight|Corviknight, M|31/100
|move|p2a: Mori|Stealth Rock|p1a: Corviknight
|-sidestart|p1: p1|move: Stealth Rock
|
|-heal|p2a: Mori|100/100|[from] item: Leftovers
|turn|12
|
|move|p1a: Corviknight|Roost|p1a: Corviknight
|-heal|p1a: Corviknight|81/100
|-singleturn|p1a: Corviknight|move: Roost
|move|p2a: Mori|Whirlwind|p1a: Corviknight
|drag|p1a: Maushold|Maushold|100/100
|-damage|p1a: Maushold|88/100|[from] Spikes
|-damage|p1a: Maushold|76/100|[from] Stealth Rock
|
|turn|13
|
|move|p1a: Maushold|Bullet Seed|p2a: Mori
|-supereffective|p2a: Mori
|-damage|p2a: Mori|92/100
|-supereffective|p2a: Mori
|-damage|p2a: Mori|83/100
|-hitcount|p2a: Mori|2
|move|p2a: Mori|Whirlwind|p1a: Maushold
|drag|p1a: Maushold|Maushold|100/100
|-damage|p1a: Maushold|88/100|[from] Spikes
|-damage|p1a: Maushold|76/100|[from] Stealth Rock
|
|-heal|p2a: Mori|90/100|[from] item: Leftovers
|turn|14
|
|move|p1a: Maushold|Focus Blast|p2a: Mori
|-supereffective|p2a: Mori
|-damage|p2a: Mori|39/100
|move|p2a: Mori|Earthquake|p1a: Maushold
|-damage|p1a: Maushold|0 fnt
|replace|p1a: Zoroark|Zoroark-Hisui, M
|-end|p1a: Zoroark|Illusion
|faint|p1a: Zoroark
|
|-heal|p2a: Mori|46/100|[from] item: Leftovers
|
|switch|p1a: Corviknight|Corviknight, M|81/100
|-damage|p1a: Corviknight|68/100|[from] Stealth Rock
|turn|15
|
|switch|p2a: Anna|Gholdengo|100/100
|move|p1a: Corviknight|Bulk Up|p1a: Corviknight
|-boost|p1a: Corviknight|atk|1
|-boost|p1a: Corviknight|def|1
|
|turn|16
|
|move|p1a: Corviknight|Protect|p1a: Corviknight
|-singleturn|p1a: Corviknight|Protect
|move|p2a: Anna|Thunder Wave|p1a: Corviknight
|-activate|p1a: Corviknight|move: Protect
|
|turn|17
|
|switch|p2a: Mori|Ting-Lu|46/100
|-ability|p2a: Mori|Vessel of Ruin
|switch|p1a: Clodsire|Clodsire, M|100/100
|-damage|p1a: Clodsire|88/100|[from] Spikes
|-damage|p1a: Clodsire|82/100|[from] Stealth Rock
|
|-heal|p2a: Mori|52/100|[from] item: Leftovers
|-heal|p1a: Clodsire|88/100|[from] item: Leftovers
|turn|18
|
|move|p1a: Clodsire|Counter||[still]
|-fail|p1a: Clodsire
|move|p2a: Mori|Whirlwind|p1a: Clodsire
|drag|p1a: Roaring Moon|Roaring Moon|88/100
|-damage|p1a: Roaring Moon|76/100|[from] Spikes
|-damage|p1a: Roaring Moon|63/100|[from] Stealth Rock
|
|-heal|p2a: Mori|58/100|[from] item: Leftovers
|turn|19
|
|move|p1a: Roaring Moon|Outrage|p2a: Mori
|-damage|p2a: Mori|30/100
|move|p2a: Mori|Earthquake|p1a: Roaring Moon
|-damage|p1a: Roaring Moon|11/100
|
|-heal|p2a: Mori|36/100|[from] item: Leftovers
|turn|20
|
|switch|p2a: Anna|Gholdengo|100/100
|move|p1a: Roaring Moon|Outrage|p2a: Anna|[from]lockedmove
|-resisted|p2a: Anna
|-damage|p2a: Anna|64/100
|
|turn|21
|
|move|p2a: Anna|Shadow Ball|p1a: Roaring Moon
|-resisted|p1a: Roaring Moon
|-damage|p1a: Roaring Moon|0 fnt
|faint|p1a: Roaring Moon
|-end|p1a: Roaring Moon|Protosynthesis|[silent]
|
|
|switch|p1a: Maushold|Maushold|76/100
|-damage|p1a: Maushold|63/100|[from] Spikes
|-damage|p1a: Maushold|51/100|[from] Stealth Rock
|turn|22
|
|switch|p2a: Irina|Great Tusk|84/100
|move|p1a: Maushold|Bite|p2a: Irina
|-resisted|p2a: Irina
|-damage|p2a: Irina|77/100
|
|turn|23
|
|move|p1a: Maushold|Population Bomb|p2a: Irina
|-damage|p2a: Irina|70/100
|-damage|p2a: Irina|63/100
|-damage|p2a: Irina|56/100
|-damage|p2a: Irina|49/100
|-damage|p2a: Irina|42/100
|-damage|p2a: Irina|34/100
|-damage|p2a: Irina|27/100
|-damage|p2a: Irina|21/100
|-damage|p2a: Irina|14/100
|-damage|p2a: Irina|7/100
|-hitcount|p2a: Irina|10
|move|p2a: Irina|Knock Off|p1a: Maushold
|-damage|p1a: Maushold|0 fnt
|-enditem|p1a: Maushold|Wide Lens|[from] move: Knock Off|[of] p2a: Irina
|faint|p1a: Maushold
|
|
|switch|p1a: Corviknight|Corviknight, M|68/100
|-damage|p1a: Corviknight|56/100|[from] Stealth Rock
|turn|24
|-message|p1 forfeited.
|
|win|p2
