|poke|p1|Iron Treads|
|poke|p1|Alomomola, F|
|poke|p1|Chien-Pao|
|poke|p1|Dragonite, M|
|poke|p1|Toxapex, F|
|poke|p1|Heatran, F|
|poke|p2|Urshifu-*, F|
|poke|p2|Dragapult, M|
|poke|p2|Rillaboom, F|
|poke|p2|Heatran, M|
|poke|p2|Corviknight, F|
|poke|p2|Landorus-Therian, M|
|teampreview
|
|start
|switch|p1a: Toxapex|Toxapex, F|100/100
|switch|p2a: Landorus|Landorus-Therian, M|100/100
|-ability|p2a: Landorus|Intimidate|boost
|-unboost|p1a: Toxapex|atk|1
|turn|1
|
|move|p2a: Landorus|Stealth Rock|p1a: Toxapex
|-sidestart|p1: p1|move: Stealth Rock
|move|p1a: Toxapex|Toxic|p2a: Landorus
|-status|p2a: Landorus|tox
|
|-damage|p2a: Landorus|94/100 tox|[from] psn
|turn|2
|
|switch|p1a: Dragonite|Dragonite, M|100/100
|move|p2a: Landorus|U-turn|p1a: Dragonite
|-resisted|p1a: Dragonite
|-damage|p1a: Dragonite|95/100
|
|switch|p2a: Dragapult|Dragapult, M|100/100|[from] U-turn
|
|turn|3
|
|switch|p1a: Heatran|Heatran, F|100/100
|-damage|p1a: Heatran|88/100|[from] Stealth Rock
|move|p2a: Dragapult|Dragon Darts|p1a: Heatran
|-resisted|p1a: Heatran
|-damage|p1a: Heatran|78/100
|-anim|p2a: Dragapult|Dragon Darts|p1a: Heatran
|-resisted|p1a: Heatran
|-damage|p1a: Heatran|68/100
|
|-heal|p1a: Heatran|74/100|[from] item: Leftovers
|turn|4
|
|switch|p2a: Landorus|Landorus-Therian, M|94/100 tox
|-ability|p2a: Landorus|Intimidate|boost
|-unboost|p1a: Heatran|atk|1
|move|p1a: Heatran|Stealth Rock|p2a: Landorus
|-sidestart|p2: p2|move: Stealth Rock
|
|-heal|p1a: Heatran|80/100|[from] item: Leftovers
|-heal|p2a: Landorus|100/100 tox|[from] item: Leftovers
|-damage|p2a: Landorus|94/100 tox|[from] psn
|turn|5
|
|switch|p1a: Alomomola|Alomomola, F|100/100
|move|p2a: Landorus|Earth Power|p1a: Alomomola
|-damage|p1a: Alomomola|62/100
|
|-heal|p2a: Landorus|100/100 tox|[from] item: Leftovers
|-damage|p2a: Landorus|88/100 tox|[from] psn
|turn|6
|
|move|p2a: Landorus|U-turn|p1a: Alomomola
|-damage|p1a: Alomomola|51/100
|
|switch|p2a: Corviknight|Corviknight, F|100/100|[from] U-turn
|move|p1a: Alomomola|Wish|p1a: Alomomola
|
|turn|7
|
|move|p2a: Corviknight|Defog|p1a: Alomomola
|-unboost|p1a: Alomomola|evasion|1
|-sideend|p1: p1|Stealth Rock|[from] move: Defog|[of] p2a: Corviknight
|-sideend|p2: p2|Stealth Rock|[from] move: Defog|[of] p2a: Corviknight
|move|p1a: Alomomola|Whirlpool|p2a: Corviknight
|-damage|p2a: Corviknight|94/100
|-activate|p2a: Corviknight|move: Whirlpool|[of] p1a: Alomomola
|
|-heal|p1a: Alomomola|100/100|[from] move: Wish|[wisher] Alomomola
|-damage|p2a: Corviknight|82/100|[from] move: Whirlpool|[partiallytrapped]
|turn|8
|
|move|p1a: Alomomola|Protect|p1a: Alomomola
|-singleturn|p1a: Alomomola|Protect
|move|p2a: Corviknight|Brave Bird|p1a: Alomomola
|-activate|p1a: Alomomola|move: Protect
|
|-damage|p2a: Corviknight|70/100|[from] move: Whirlpool|[partiallytrapped]
|turn|9
|
|move|p2a: Corviknight|Roost|p2a: Corviknight
|-heal|p2a: Corviknight|100/100
|-singleturn|p2a: Corviknight|move: Roost
|move|p1a: Alomomola|Chilling Water|p2a: Corviknight
|-damage|p2a: Corviknight|93/100
|-ability|p2a: Corviknight|Mirror Armor
|-unboost|p1a: Alomomola|atk|1
|
|-damage|p2a: Corviknight|80/100|[from] move: Whirlpool|[partiallytrapped]
|turn|10
|
|move|p2a: Corviknight|Roost|p2a: Corviknight
|-heal|p2a: Corviknight|100/100
|-singleturn|p2a: Corviknight|move: Roost
|move|p1a: Alomomola|Wish|p1a: Alomomola
|
|-damage|p2a: Corviknight|88/100|[from] move: Whirlpool|[partiallytrapped]
|turn|11
|
|move|p2a: Corviknight|Body Slam|p1a: Alomomola
|-damage|p1a: Alomomola|93/100
|-status|p1a: Alomomola|par
|move|p1a: Alomomola|Chilling Water|p2a: Corviknight
|-damage|p2a: Corviknight|80/100
|-ability|p2a: Corviknight|Mirror Armor
|-unboost|p1a: Alomomola|atk|1
|
|-heal|p1a: Alomomola|100/100 par|[from] move: Wish|[wisher] Alomomola
|-damage|p2a: Corviknight|67/100|[from] move: Whirlpool|[partiallytrapped]
|turn|12
|
|move|p2a: Corviknight|Brave Bird|p1a: Alomomola
|-crit|p1a: Alomomola
|-damage|p1a: Alomomola|76/100 par
|-damage|p2a: Corviknight|56/100|[from] Recoil
|cant|p1a: Alomomola|par
|
|-end|p2a: Corviknight|Whirlpool|[partiallytrapped]
|turn|13
|
|switch|p2a: Rillaboom|Rillaboom, F|100/100
|-fieldstart|move: Grassy Terrain|[from] ability: Grassy Surge|[of] p2a: Rillaboom
|cant|p1a: Alomomola|par
|
|-heal|p1a: Alomomola|82/100 par|[from] Grassy Terrain
|turn|14
|
|switch|p1a: Heatran|Heatran, F|80/100
|move|p2a: Rillaboom|Knock Off|p1a: Heatran
|-damage|p1a: Heatran|49/100
|-enditem|p1a: Heatran|Leftovers|[from] move: Knock Off|[of] p2a: Rillaboom
|
|-heal|p1a: Heatran|55/100|[from] Grassy Terrain
|turn|15
|
|switch|p2a: Heatran|Heatran, M|100/100
|move|p1a: Heatran|Magma Storm|p2a: Heatran
|-start|p2a: Heatran|ability: Flash Fire
|
|-heal|p1a: Heatran|61/100|[from] Grassy Terrain
|turn|16
|
|switch|p1a: Toxapex|Toxapex, F|100/100
|move|p2a: Heatran|Earth Power|p1a: Toxapex
|-supereffective|p1a: Toxapex
|-damage|p1a: Toxapex|67/100
|
|-heal|p1a: Toxapex|73/100|[from] Grassy Terrain
|-heal|p1a: Toxapex|79/100|[from] item: Leftovers
|turn|17
|
|move|p2a: Heatran|Will-O-Wisp|p1a: Toxapex
|-status|p1a: Toxapex|brn
|move|p1a: Toxapex|Surf|p2a: Heatran
|-supereffective|p2a: Heatran
|-damage|p2a: Heatran|79/100
|
|-heal|p2a: Heatran|85/100|[from] Grassy Terrain
|-heal|p2a: Heatran|91/100|[from] item: Leftovers
|-heal|p1a: Toxapex|85/100 brn|[from] Grassy Terrain
|-heal|p1a: Toxapex|91/100 brn|[from] item: Leftovers
|-damage|p1a: Toxapex|85/100 brn|[from] brn
|-fieldend|move: Grassy Terrain
|turn|18
|
|-end|p2a: Heatran|ability: Flash Fire|[silent]
|switch|p2a: Landorus|Landorus-Therian, M|88/100 tox
|-ability|p2a: Landorus|Intimidate|boost
|-unboost|p1a: Toxapex|atk|1
|move|p1a: Toxapex|Surf|p2a: Landorus
|-supereffective|p2a: Landorus
|-damage|p2a: Landorus|63/100 tox
|
|-heal|p2a: Landorus|69/100 tox|[from] item: Leftovers
|-heal|p1a: Toxapex|91/100 brn|[from] item: Leftovers
|-damage|p2a: Landorus|63/100 tox|[from] psn
|-damage|p1a: Toxapex|85/100 brn|[from] brn
|turn|19
|
|switch|p1a: Dragonite|Dragonite, M|95/100
|move|p2a: Landorus|Stealth Rock|p1a: Dragonite
|-sidestart|p1: p1|move: Stealth Rock
|
|-heal|p2a: Landorus|69/100 tox|[from] item: Leftovers
|-damage|p2a: Landorus|57/100 tox|[from] psn
|turn|20
|
|switch|p2a: Corviknight|Corviknight, F|56/100
|move|p1a: Dragonite|Dragon Dance|p1a: Dragonite
|-boost|p1a: Dragonite|atk|1
|-boost|p1a: Dragonite|spe|1
|
|turn|21
|
|switch|p1a: Alomomola|Alomomola, F|100/100 par
|move|p2a: Corviknight|Brave Bird|p1a: Alomomola
|-damage|p1a: Alomomola|84/100 par
|-damage|p2a: Corviknight|49/100|[from] Recoil
|
|turn|22
|
|move|p2a: Corviknight|Roost|p2a: Corviknight
|-heal|p2a: Corviknight|99/100
|-singleturn|p2a: Corviknight|move: Roost
|move|p1a: Alomomola|Wish|p1a: Alomomola
|
|turn|23
|
|switch|p2a: Rillaboom|Rillaboom, F|100/100
|-fieldstart|move: Grassy Terrain|[from] ability: Grassy Surge|[of] p2a: Rillaboom
|switch|p1a: Heatran|Heatran, F|61/100
|-damage|p1a: Heatran|49/100|[from] Stealth Rock
|
|-heal|p1a: Heatran|100/100|[from] move: Wish|[wisher] Alomomola
|turn|24
|
|switch|p2a: Heatran|Heatran, M|91/100
|move|p1a: Heatran|Stealth Rock|p2a: Heatran
|-sidestart|p2: p2|move: Stealth Rock
|
|-heal|p2a: Heatran|97/100|[from] Grassy Terrain
|-heal|p2a: Heatran|100/100|[from] item: Leftovers
|turn|25
|
|move|p1a: Heatran|Earth Power|p2a: Heatran
|-supereffective|p2a: Heatran
|-damage|p2a: Heatran|21/100
|move|p2a: Heatran|Magma Storm|p1a: Heatran
|-start|p1a: Heatran|ability: Flash Fire
|
|-heal|p2a: Heatran|27/100|[from] Grassy Terrain
|-heal|p2a: Heatran|33/100|[from] item: Leftovers
|turn|26
|
|switch|p2a: Corviknight|Corviknight, F|99/100
|move|p1a: Heatran|Earth Power|p2a: Corviknight
|-immune|p2a: Corviknight
|
|turn|27
|
|switch|p2a: Landorus|Landorus-Therian, M|57/100 tox
|-damage|p2a: Landorus|44/100 tox|[from] Stealth Rock
|-ability|p2a: Landorus|Intimidate|boost
|-unboost|p1a: Heatran|atk|1
|move|p1a: Heatran|Magma Storm|p2a: Landorus
|-damage|p2a: Landorus|0 fnt
|faint|p2a: Landorus
|
|-fieldend|move: Grassy Terrain
|
|switch|p2a: Rillaboom|Rillaboom, F|100/100
|-damage|p2a: Rillaboom|88/100|[from] Stealth Rock
|-fieldstart|move: Grassy Terrain|[from] ability: Grassy Surge|[of] p2a: Rillaboom
|turn|28
|
|-terastallize|p2a: Rillaboom|Water
|move|p1a: Heatran|Magma Storm|p2a: Rillaboom
|-resisted|p2a: Rillaboom
|-damage|p2a: Rillaboom|46/100
|-activate|p2a: Rillaboom|move: Magma Storm|[of] p1a: Heatran
|move|p2a: Rillaboom|Drain Punch|p1a: Heatran
|-supereffective|p1a: Heatran
|-damage|p1a: Heatran|47/100
|-heal|p2a: Rillaboom|67/100|[from] drain|[of] p1a: Heatran
|
|-heal|p1a: Heatran|53/100|[from] Grassy Terrain
|-heal|p2a: Rillaboom|73/100|[from] Grassy Terrain
|-heal|p2a: Rillaboom|80/100|[from] item: Leftovers
|-damage|p2a: Rillaboom|67/100|[from] move: Magma Storm|[partiallytrapped]
|turn|29
|
|-end|p1a: Heatran|ability: Flash Fire|[silent]
|switch|p1a: Toxapex|Toxapex, F|100/100 brn
|-damage|p1a: Toxapex|88/100 brn|[from] Stealth Rock
|move|p2a: Rillaboom|Drain Punch|p1a: Toxapex
|-resisted|p1a: Toxapex
|-damage|p1a: Toxapex|79/100 brn
|-heal|p2a: Rillaboom|71/100|[from] drain|[of] p1a: Toxapex
|
|-heal|p2a: Rillaboom|77/100|[from] Grassy Terrain
|-heal|p2a: Rillaboom|83/100|[from] item: Leftovers
|-heal|p1a: Toxapex|85/100 brn|[from] Grassy Terrain
|-heal|p1a: Toxapex|91/100 brn|[from] item: Leftovers
|-damage|p1a: Toxapex|85/100 brn|[from] brn
|-end|p2a: Rillaboom|Magma Storm|[partiallytrapped]|[silent]
|turn|30
|
|move|p2a: Rillaboom|Wood Hammer|p1a: Toxapex
|-damage|p1a: Toxapex|29/100 brn
|-damage|p2a: Rillaboom|69/100|[from] Recoil
|move|p1a: Toxapex|Toxic|p2a: Rillaboom
|-status|p2a: Rillaboom|tox
|
|-heal|p2a: Rillaboom|76/100 tox|[from] Grassy Terrain
|-heal|p2a: Rillaboom|82/100 tox|[from] item: Leftovers
|-heal|p1a: Toxapex|35/100 brn|[from] Grassy Terrain
|-heal|p1a: Toxapex|41/100 brn|[from] item: Leftovers
|-damage|p2a: Rillaboom|76/100 tox|[from] psn
|-damage|p1a: Toxapex|35/100 brn|[from] brn
|turn|31
|
|switch|p1a: Dragonite|Dragonite, M|95/100
|move|p2a: Rillaboom|Knock Off|p1a: Dragonite
|-damage|p1a: Dragonite|61/100
|-enditem|p1a: Dragonite|Heavy-Duty Boots|[from] move: Knock Off|[of] p2a: Rillaboom
|
|-heal|p2a: Rillaboom|82/100 tox|[from] Grassy Terrain
|-heal|p2a: Rillaboom|88/100 tox|[from] item: Leftovers
|-damage|p2a: Rillaboom|76/100 tox|[from] psn
|turn|32
|
|switch|p2a: Corviknight|Corviknight, F|99/100
|move|p1a: Dragonite|Roost|p1a: Dragonite
|-heal|p1a: Dragonite|100/100
|-singleturn|p1a: Dragonite|move: Roost
|
|-fieldend|move: Grassy Terrain
|turn|33
|
|switch|p1a: Heatran|Heatran, F|53/100
|-damage|p1a: Heatran|41/100|[from] Stealth Rock
|move|p2a: Corviknight|Body Slam|p1a: Heatran
|-resisted|p1a: Heatran
|-damage|p1a: Heatran|34/100
|-status|p1a: Heatran|par
|
|turn|34
|
|switch|p2a: Heatran|Heatran, M|33/100
|-damage|p2a: Heatran|21/100|[from] Stealth Rock
|move|p1a: Heatran|Earth Power|p2a: Heatran
|-supereffective|p2a: Heatran
|-damage|p2a: Heatran|0 fnt
|faint|p2a: Heatran
|
|
|switch|p2a: Rillaboom|Rillaboom, F, tera:Water|76/100 tox
|-damage|p2a: Rillaboom|63/100 tox|[from] Stealth Rock
|-fieldstart|move: Grassy Terrain|[from] ability: Grassy Surge|[of] p2a: Rillaboom
|turn|35
|
|switch|p1a: Dragonite|Dragonite, M|100/100
|-damage|p1a: Dragonite|76/100|[from] Stealth Rock
|move|p2a: Rillaboom|Drain Punch|p1a: Dragonite
|-resisted|p1a: Dragonite
|-damage|p1a: Dragonite|61/100
|-heal|p2a: Rillaboom|69/100 tox|[from] drain|[of] p1a: Dragonite
|
|-heal|p2a: Rillaboom|75/100 tox|[from] Grassy Terrain
|-heal|p2a: Rillaboom|81/100 tox|[from] item: Leftovers
|-damage|p2a: Rillaboom|75/100 tox|[from] psn
|turn|36
|
|move|p1a: Dragonite|Roost|p1a: Dragonite
|-heal|p1a: Dragonite|100/100
|-singleturn|p1a: Dragonite|move: Roost
|move|p2a: Rillaboom|Knock Off|p1a: Dragonite
|-damage|p1a: Dragonite|87/100
|
|-heal|p1a: Dragonite|94/100|[from] Grassy Terrain
|-heal|p2a: Rillaboom|81/100 tox|[from] Grassy Terrain
|-heal|p2a: Rillaboom|88/100 tox|[from] item: Leftovers
|-damage|p2a: Rillaboom|75/100 tox|[from] psn
|turn|37
|
|switch|p2a: Corviknight|Corviknight, F|99/100
|move|p1a: Dragonite|Dragon Dance|p1a: Dragonite
|-boost|p1a: Dragonite|atk|1
|-boost|p1a: Dragonite|spe|1
|
|turn|38
|
|switch|p1a: Alomomola|Alomomola, F|100/100 par
|move|p2a: Corviknight|Brave Bird|p1a: Alomomola
|-damage|p1a: Alomomola|83/100 par
|-damage|p2a: Corviknight|91/100|[from] Recoil
|
|-heal|p1a: Alomomola|89/100 par|[from] Grassy Terrain
|turn|39
|
|switch|p2a: Rillaboom|Rillaboom, F, tera:Water|75/100 tox
|-damage|p2a: Rillaboom|63/100 tox|[from] Stealth Rock
|move|p1a: Alomomola|Wish|p1a: Alomomola
|
|-heal|p2a: Rillaboom|69/100 tox|[from] Grassy Terrain
|-heal|p2a: Rillaboom|75/100 tox|[from] item: Leftovers
|-heal|p1a: Alomomola|95/100 par|[from] Grassy Terrain
|-damage|p2a: Rillaboom|69/100 tox|[from] psn
|-fieldend|move: Grassy Terrain
|turn|40
|
|switch|p1a: Heatran|Heatran, F|34/100 par
|-damage|p1a: Heatran|21/100 par|[from] Stealth Rock
|move|p2a: Rillaboom|Swords Dance|p2a: Rillaboom
|-boost|p2a: Rillaboom|atk|2
|
|-heal|p1a: Heatran|100/100 par|[from] move: Wish|[wisher] Alomomola
|-heal|p2a: Rillaboom|75/100 tox|[from] item: Leftovers
|-damage|p2a: Rillaboom|63/100 tox|[from] psn
|turn|41
|
|switch|p1a: Dragonite|Dragonite, M|94/100
|-damage|p1a: Dragonite|69/100|[from] Stealth Rock
|move|p2a: Rillaboom|Drain Punch|p1a: Dragonite
|-resisted|p1a: Dragonite
|-damage|p1a: Dragonite|39/100
|-heal|p2a: Rillaboom|75/100 tox|[from] drain|[of] p1a: Dragonite
|
|-heal|p2a: Rillaboom|81/100 tox|[from] item: Leftovers
|-damage|p2a: Rillaboom|63/100 tox|[from] psn
|turn|42
|
|switch|p2a: Corviknight|Corviknight, F|91/100
|move|p1a: Dragonite|Extreme Speed|p2a: Corviknight
|-resisted|p2a: Corviknight
|-damage|p2a: Corviknight|81/100
|
|turn|43
|
|switch|p2a: Urshifu|Urshifu-Rapid-Strike, F|100/100
|-damage|p2a: Urshifu|94/100|[from] Stealth Rock
|move|p1a: Dragonite|Roost|p1a: Dragonite
|-heal|p1a: Dragonite|89/100
|-singleturn|p1a: Dragonite|move: Roost
|
|turn|44
|
|switch|p1a: Alomomola|Alomomola, F|100/100 par
|move|p2a: Urshifu|U-turn|p1a: Alomomola
|-crit|p1a: Alomomola
|-damage|p1a: Alomomola|74/100 par
|
|switch|p2a: Corviknight|Corviknight, F|81/100|[from] U-turn
|
|turn|45
|
|move|p2a: Corviknight|Brave Bird|p1a: Alomomola
|-damage|p1a: Alomomola|58/100 par
|-damage|p2a: Corviknight|74/100|[from] Recoil
|cant|p1a: Alomomola|par
|
|turn|46
|
|switch|p2a: Rillaboom|Rillaboom, F, tera:Water|63/100 tox
|-damage|p2a: Rillaboom|50/100 tox|[from] Stealth Rock
|-fieldstart|move: Grassy Terrain|[from] ability: Grassy Surge|[of] p2a: Rillaboom
|cant|p1a: Alomomola|par
|
|-heal|p2a: Rillaboom|56/100 tox|[from] Grassy Terrain
|-heal|p2a: Rillaboom|63/100 tox|[from] item: Leftovers
|-heal|p1a: Alomomola|64/100 par|[from] Grassy Terrain
|-damage|p2a: Rillaboom|56/100 tox|[from] psn
|turn|47
|
|switch|p1a: Dragonite|Dragonite, M|89/100
|-damage|p1a: Dragonite|64/100|[from] Stealth Rock
|move|p2a: Rillaboom|Swords Dance|p2a: Rillaboom
|-boost|p2a: Rillaboom|atk|2
|
|-heal|p2a: Rillaboom|63/100 tox|[from] Grassy Terrain
|-heal|p2a: Rillaboom|69/100 tox|[from] item: Leftovers
|-damage|p2a: Rillaboom|56/100 tox|[from] psn
|turn|48
|
|move|p1a: Dragonite|Extreme Speed|p2a: Rillaboom
|-damage|p2a: Rillaboom|26/100 tox
|move|p2a: Rillaboom|Wood Hammer|p1a: Dragonite
|-resisted|p1a: Dragonite
|-damage|p1a: Dragonite|20/100
|-damage|p2a: Rillaboom|14/100 tox|[from] Recoil
|
|-heal|p2a: Rillaboom|20/100 tox|[from] Grassy Terrain
|-heal|p2a: Rillaboom|27/100 tox|[from] item: Leftovers
|-damage|p2a: Rillaboom|8/100 tox|[from] psn
|turn|49
|
|move|p1a: Dragonite|Extreme Speed|p2a: Rillaboom
|-damage|p2a: Rillaboom|0 fnt
|faint|p2a: Rillaboom
|
|
|switch|p2a: Dragapult|Dragapult, M|100/100
|-damage|p2a: Dragapult|88/100|[from] Stealth Rock
|turn|50
|
|switch|p1a: Toxapex|Toxapex, F|68/100 brn
|-damage|p1a: Toxapex|56/100 brn|[from] Stealth Rock
|move|p2a: Dragapult|U-turn|p1a: Toxapex
|-resisted|p1a: Toxapex
|-damage|p1a: Toxapex|49/100 brn
|
|switch|p2a: Urshifu|Urshifu-Rapid-Strike, F|94/100|[from] U-turn
|-damage|p2a: Urshifu|88/100|[from] Stealth Rock
|
|-heal|p2a: Urshifu|94/100|[from] Grassy Terrain
|-heal|p1a: Toxapex|55/100 brn|[from] Grassy Terrain
|-heal|p1a: Toxapex|61/100 brn|[from] item: Leftovers
|-damage|p1a: Toxapex|55/100 brn|[from] brn
|-fieldend|move: Grassy Terrain
|turn|51
|
|move|p2a: Urshifu|U-turn|p1a: Toxapex
|-resisted|p1a: Toxapex
|-damage|p1a: Toxapex|43/100 brn
|
|switch|p2a: Corviknight|Corviknight, F|74/100|[from] U-turn
|move|p1a: Toxapex|Recover|p1a: Toxapex
|-heal|p1a: Toxapex|93/100 brn
|
|-heal|p1a: Toxapex|99/100 brn|[from] item: Leftovers
|-damage|p1a: Toxapex|93/100 brn|[from] brn
|turn|52
|
|switch|p1a: Iron Treads|Iron Treads|100/100
|-damage|p1a: Iron Treads|97/100|[from] Stealth Rock
|move|p2a: Corviknight|Body Slam|p1a: Iron Treads
|-resisted|p1a: Iron Treads
|-damage|p1a: Iron Treads|90/100
|-status|p1a: Iron Treads|par
|
|turn|53
|
|switch|p2a: Urshifu|Urshifu-Rapid-Strike, F|94/100
|-damage|p2a: Urshifu|88/100|[from] Stealth Rock
|move|p1a: Iron Treads|Rapid Spin|p2a: Urshifu
|-damage|p2a: Urshifu|75/100
|-boost|p1a: Iron Treads|spe|1
|-sideend|p1: p1|Stealth Rock|[from] move: Rapid Spin|[of] p1a: Iron Treads
|
|turn|54
|
|-end|p1a: Iron Treads|Quark Drive|[silent]
|switch|p1a: Toxapex|Toxapex, F|100/100 brn
|move|p2a: Urshifu|Surging Strikes|p1a: Toxapex
|-resisted|p1a: Toxapex
|-crit|p1a: Toxapex
|-damage|p1a: Toxapex|91/100 brn
|-resisted|p1a: Toxapex
|-crit|p1a: Toxapex
|-damage|p1a: Toxapex|82/100 brn
|-resisted|p1a: Toxapex
|-crit|p1a: Toxapex
|-damage|p1a: Toxapex|72/100 brn
|-hitcount|p1a: Toxapex|3
|
|-heal|p1a: Toxapex|78/100 brn|[from] item: Leftovers
|-damage|p1a: Toxapex|72/100 brn|[from] brn
|turn|55
|
|switch|p2a: Corviknight|Corviknight, F|74/100
|switch|p1a: Alomomola|Alomomola, F|97/100 par
|
|turn|56
|
|move|p2a: Corviknight|Defog|p1a: Alomomola
|-unboost|p1a: Alomomola|evasion|1
|-sideend|p2: p2|Stealth Rock|[from] move: Defog|[of] p2a: Corviknight
|move|p1a: Alomomola|Whirlpool|p2a: Corviknight
|-damage|p2a: Corviknight|68/100
|-activate|p2a: Corviknight|move: Whirlpool|[of] p1a: Alomomola
|
|-damage|p2a: Corviknight|56/100|[from] move: Whirlpool|[partiallytrapped]
|turn|57
|
|move|p2a: Corviknight|Roost|p2a: Corviknight
|-heal|p2a: Corviknight|100/100
|-singleturn|p2a: Corviknight|move: Roost
|move|p1a: Alomomola|Wish|p1a: Alomomola
|
|-damage|p2a: Corviknight|88/100|[from] move: Whirlpool|[partiallytrapped]
|turn|58
|
|move|p2a: Corviknight|Body Slam|p1a: Alomomola
|-damage|p1a: Alomomola|89/100 par
|move|p1a: Alomomola|Chilling Water|p2a: Corviknight
|-damage|p2a: Corviknight|80/100
|-ability|p2a: Corviknight|Mirror Armor
|-unboost|p1a: Alomomola|atk|1
|
|-heal|p1a: Alomomola|100/100 par|[from] move: Wish|[wisher] Alomomola
|-damage|p2a: Corviknight|68/100|[from] move: Whirlpool|[partiallytrapped]
|turn|59
|
|move|p2a: Corviknight|Roost|p2a: Corviknight
|-heal|p2a: Corviknight|100/100
|-singleturn|p2a: Corviknight|move: Roost
|move|p1a: Alomomola|Chilling Water|p2a: Corviknight
|-damage|p2a: Corviknight|93/100
|-ability|p2a: Corviknight|Mirror Armor
|-unboost|p1a: Alomomola|atk|1
|
|-damage|p2a: Corviknight|80/100|[from] move: Whirlpool|[partiallytrapped]
|turn|60
|
|move|p2a: Corviknight|Body Slam|p1a: Alomomola
|-damage|p1a: Alomomola|93/100 par
|cant|p1a: Alomomola|par
|
|-end|p2a: Corviknight|Whirlpool|[partiallytrapped]
|turn|61
|
|switch|p2a: Urshifu|Urshifu-Rapid-Strike, F|75/100
|move|p1a: Alomomola|Whirlpool|p2a: Urshifu
|-resisted|p2a: Urshifu
|-damage|p2a: Urshifu|72/100
|-activate|p2a: Urshifu|move: Whirlpool|[of] p1a: Alomomola
|
|-damage|p2a: Urshifu|59/100|[from] move: Whirlpool|[partiallytrapped]
|turn|62
|
|move|p1a: Alomomola|Protect|p1a: Alomomola
|-singleturn|p1a: Alomomola|Protect
|move|p2a: Urshifu|Close Combat|p1a: Alomomola
|-damage|p1a: Alomomola|55/100 par
|-unboost|p2a: Urshifu|def|1
|-unboost|p2a: Urshifu|spd|1
|
|-damage|p2a: Urshifu|47/100|[from] move: Whirlpool|[partiallytrapped]
|turn|63
|
|move|p2a: Urshifu|Close Combat|p1a: Alomomola
|-damage|p1a: Alomomola|14/100 par
|-unboost|p2a: Urshifu|def|1
|-unboost|p2a: Urshifu|spd|1
|move|p1a: Alomomola|Wish|p1a: Alomomola
|
|-damage|p2a: Urshifu|34/100|[from] move: Whirlpool|[partiallytrapped]
|turn|64
|
|switch|p1a: Toxapex|Toxapex, F|100/100 brn
|move|p2a: Urshifu|Close Combat|p1a: Toxapex
|-resisted|p1a: Toxapex
|-damage|p1a: Toxapex|70/100 brn
|-unboost|p2a: Urshifu|def|1
|-unboost|p2a: Urshifu|spd|1
|
|-heal|p1a: Toxapex|100/100 brn|[from] move: Wish|[wisher] Alomomola
|-damage|p1a: Toxapex|95/100 brn|[from] brn
|-end|p2a: Urshifu|Whirlpool|[partiallytrapped]|[silent]
|turn|65
|
|switch|p2a: Dragapult|Dragapult, M|88/100
|move|p1a: Toxapex|Surf|p2a: Dragapult
|-resisted|p2a: Dragapult
|-damage|p2a: Dragapult|75/100
|
|-heal|p1a: Toxapex|100/100 brn|[from] item: Leftovers
|-damage|p1a: Toxapex|95/100 brn|[from] brn
|turn|66
|
|move|p2a: Dragapult|Flamethrower|p1a: Toxapex
|-resisted|p1a: Toxapex
|-damage|p1a: Toxapex|82/100 brn
|move|p1a: Toxapex|Toxic|p2a: Dragapult
|-status|p2a: Dragapult|tox
|
|-heal|p1a: Toxapex|88/100 brn|[from] item: Leftovers
|-damage|p2a: Dragapult|69/100 tox|[from] psn
|-damage|p1a: Toxapex|82/100 brn|[from] brn
|turn|67
|
|switch|p2a: Corviknight|Corviknight, F|80/100
|move|p1a: Toxapex|Surf|p2a: Corviknight
|-damage|p2a: Corviknight|62/100
|
|-heal|p1a: Toxapex|88/100 brn|[from] item: Leftovers
|-damage|p1a: Toxapex|82/100 brn|[from] brn
|turn|68
|
|switch|p2a: Dragapult|Dragapult, M|69/100 tox
|move|p1a: Toxapex|Surf|p2a: Dragapult
|-resisted|p2a: Dragapult
|-damage|p2a: Dragapult|56/100 tox
|
|-heal|p1a: Toxapex|88/100 brn|[from] item: Leftovers
|-damage|p2a: Dragapult|50/100 tox|[from] psn
|-damage|p1a: Toxapex|82/100 brn|[from] brn
|turn|69
|
|move|p2a: Dragapult|Dragon Darts|p1a: Toxapex
|-crit|p1a: Toxapex
|-damage|p1a: Toxapex|56/100 brn
|-anim|p2a: Dragapult|Dragon Darts|p1a: Toxapex
|-damage|p1a: Toxapex|39/100 brn
|move|p1a: Toxapex|Surf|p2a: Dragapult
|-resisted|p2a: Dragapult
|-damage|p2a: Dragapult|36/100 tox
|
|-heal|p1a: Toxapex|45/100 brn|[from] item: Leftovers
|-damage|p2a: Dragapult|24/100 tox|[from] psn
|-damage|p1a: Toxapex|39/100 brn|[from] brn
|turn|70
|
|move|p2a: Dragapult|Dragon Darts|p1a: Toxapex
|-damage|p1a: Toxapex|24/100 brn
|-anim|p2a: Dragapult|Dragon Darts|p1a: Toxapex
|-damage|p1a: Toxapex|8/100 brn
|move|p1a: Toxapex|Recover|p1a: Toxapex
|-heal|p1a: Toxapex|59/100 brn
|
|-heal|p1a: Toxapex|65/100 brn|[from] item: Leftovers
|-damage|p2a: Dragapult|6/100 tox|[from] psn
|-damage|p1a: Toxapex|59/100 brn|[from] brn
|turn|71
|
|move|p2a: Dragapult|Dragon Darts|p1a: Toxapex
|-damage|p1a: Toxapex|42/100 brn
|-anim|p2a: Dragapult|Dragon Darts|p1a: Toxapex
|-damage|p1a: Toxapex|28/100 brn
|move|p1a: Toxapex|Recover|p1a: Toxapex
|-heal|p1a: Toxapex|78/100 brn
|
|-heal|p1a: Toxapex|84/100 brn|[from] item: Leftovers
|-damage|p2a: Dragapult|0 fnt|[from] psn
|faint|p2a: Dragapult
|-damage|p1a: Toxapex|78/100 brn|[from] brn
|-message|p2 forfeited.
|
|win|p1
|n| Stantler is Uber|p1
