|poke|p1|Dragapult, F|
|poke|p1|Magearna|
|poke|p1|Great Tusk|
|poke|p1|Samurott-Hisui, M|
|poke|p1|Amoonguss, F|
|poke|p1|Zapdos|
|poke|p2|Sneasler, F|
|poke|p2|Basculegion-F, F|
|poke|p2|Great Tusk|
|poke|p2|Magearna|
|poke|p2|Zapdos|
|poke|p2|Arcanine-Hisui, F|
|teampreview
|
|start
|switch|p1a: Perona|Dragapult, F|100/100
|switch|p2a: Sneasler|Sneasler, F|100/100
|turn|1
|
|switch|p2a: Magearna|Magearna|100/100
|move|p1a: Perona|U-turn|p2a: Magearna
|-resisted|p2a: Magearna
|-damage|p2a: Magearna|97/100
|
|switch|p1a: Enel|Zapdos|100/100|[from] U-turn
|
|turn|2
|
|switch|p2a: Arcanine|Arcanine-Hisui, F|100/100
|move|p1a: Enel|Heat Wave|p2a: Arcanine
|-resisted|p2a: Arcanine
|-damage|p2a: Arcanine|92/100
|
|turn|3
|
|switch|p1a: Oars|Great Tusk, shiny|100/100
|move|p2a: Arcanine|Flare Blitz|p1a: Oars
|-damage|p1a: Oars|68/100
|
|-heal|p1a: Oars|74/100|[from] item: Leftovers
|turn|4
|
|switch|p2a: Zapdos|Zapdos|100/100
|move|p1a: Oars|Stealth Rock|p2a: Zapdos
|-sidestart|p2: p2|move: Stealth Rock
|
|-heal|p1a: Oars|80/100|[from] item: Leftovers
|turn|5
|
|-end|p1a: Oars|Protosynthesis|[silent]
|switch|p1a: Enel|Zapdos|100/100
|move|p2a: Zapdos|Volt Switch|p1a: Enel
|-damage|p1a: Enel|72/100
|
|switch|p2a: Arcanine|Arcanine-Hisui, F|92/100|[from] Volt Switch
|-damage|p2a: Arcanine|67/100|[from] Stealth Rock
|
|turn|6
|
|switch|p1a: Mihawk|Samurott-Hisui, M, shiny|100/100
|move|p2a: Arcanine|Head Smash|p1a: Mihawk
|-damage|p1a: Mihawk|0 fnt
|faint|p1a: Mihawk
|
|
|switch|p1a: Perona|Dragapult, F|100/100
|turn|7
|
|move|p1a: Perona|Draco Meteor|p2a: Arcanine
|-crit|p2a: Arcanine
|-damage|p2a: Arcanine|0 fnt
|-unboost|p1a: Perona|spa|2
|faint|p2a: Arcanine
|
|
|switch|p2a: Great Tusk|Great Tusk|100/100
|-damage|p2a: Great Tusk|98/100|[from] Stealth Rock
|-enditem|p2a: Great Tusk|Booster Energy
|-activate|p2a: Great Tusk|ability: Protosynthesis|[fromitem]
|-start|p2a: Great Tusk|protosynthesisspe
|turn|8
|
|switch|p1a: Enel|Zapdos|72/100
|move|p2a: Great Tusk|Knock Off|p1a: Enel
|-damage|p1a: Enel|49/100
|-enditem|p1a: Enel|Heavy-Duty Boots|[from] move: Knock Off|[of] p2a: Great Tusk
|
|turn|9
|
|move|p2a: Great Tusk|Stealth Rock|p1a: Enel
|-sidestart|p1: p1|move: Stealth Rock
|move|p1a: Enel|Roost|p1a: Enel
|-heal|p1a: Enel|99/100
|-singleturn|p1a: Enel|move: Roost
|
|turn|10
|
|-end|p2a: Great Tusk|Protosynthesis|[silent]
|switch|p2a: Zapdos|Zapdos|100/100
|move|p1a: Enel|Volt Switch|p2a: Zapdos
|-damage|p2a: Zapdos|73/100
|
|switch|p1a: Doflamingo|Magearna|100/100|[from] Volt Switch
|-damage|p1a: Doflamingo|94/100|[from] Stealth Rock
|
|-heal|p1a: Doflamingo|100/100|[from] item: Leftovers
|turn|11
|
|-terastallize|p2a: Zapdos|Fire
|move|p2a: Zapdos|Heat Wave|p1a: Doflamingo
|-supereffective|p1a: Doflamingo
|-damage|p1a: Doflamingo|38/100
|move|p1a: Doflamingo|Calm Mind|p1a: Doflamingo
|-boost|p1a: Doflamingo|spa|1
|-boost|p1a: Doflamingo|spd|1
|
|-heal|p1a: Doflamingo|44/100|[from] item: Leftovers
|turn|12
|
|-terastallize|p1a: Doflamingo|Water
|move|p2a: Zapdos|Heat Wave|p1a: Doflamingo
|-resisted|p1a: Doflamingo
|-damage|p1a: Doflamingo|34/100
|move|p1a: Doflamingo|Shift Gear|p1a: Doflamingo
|-boost|p1a: Doflamingo|spe|2
|-boost|p1a: Doflamingo|atk|1
|
|-heal|p1a: Doflamingo|40/100|[from] item: Leftovers
|turn|13
|
|move|p1a: Doflamingo|Stored Power|p2a: Zapdos
|-damage|p2a: Zapdos|21/100
|move|p2a: Zapdos|Volt Switch|p1a: Doflamingo
|-supereffective|p1a: Doflamingo
|-damage|p1a: Doflamingo|5/100
|
|switch|p2a: Basculegion|Basculegion-F, F|100/100|[from] Volt Switch
|-damage|p2a: Basculegion|88/100|[from] Stealth Rock
|
|-heal|p1a: Doflamingo|11/100|[from] item: Leftovers
|turn|14
|
|move|p1a: Doflamingo|Draining Kiss|p2a: Basculegion
|-damage|p2a: Basculegion|54/100
|-heal|p1a: Doflamingo|38/100|[from] drain|[of] p2a: Basculegion
|move|p2a: Basculegion|Shadow Ball|p1a: Doflamingo
|-damage|p1a: Doflamingo|10/100
|
|-heal|p1a: Doflamingo|16/100|[from] item: Leftovers
|turn|15
|
|move|p1a: Doflamingo|Draining Kiss|p2a: Basculegion
|-damage|p2a: Basculegion|17/100
|-heal|p1a: Doflamingo|44/100|[from] drain|[of] p2a: Basculegion
|move|p2a: Basculegion|Shadow Ball|p1a: Doflamingo
|-damage|p1a: Doflamingo|19/100
|
|-heal|p1a: Doflamingo|25/100|[from] item: Leftovers
|turn|16
|
|move|p1a: Doflamingo|Draining Kiss|p2a: Basculegion
|-damage|p2a: Basculegion|0 fnt
|-heal|p1a: Doflamingo|38/100|[from] drain|[of] p2a: Basculegion
|faint|p2a: Basculegion
|-ability|p1a: Doflamingo|Soul-Heart|boost
|-boost|p1a: Doflamingo|spa|1
|
|-heal|p1a: Doflamingo|44/100|[from] item: Leftovers
|
|switch|p2a: Sneasler|Sneasler, F|100/100
|-damage|p2a: Sneasler|95/100|[from] Stealth Rock
|turn|17
|-message|p2 forfeited.
|
|win|p1
