# advantage = p2
|poke|p1|Chien-Pao|
|poke|p1|Enamorus-Therian, F|
|poke|p1|Landorus-Therian, M|
|poke|p1|Glastrier|
|poke|p1|Lilligant-Hisui, F|
|poke|p1|Samurott-Hisui, M|
|poke|p2|Electrode-Hisui|
|poke|p2|Great Tusk|
|poke|p2|Goodra-Hisui, F|
|poke|p2|Scream Tail|
|poke|p2|Corviknight, F|
|poke|p2|Arcanine-Hisui, F|
|teampreview
|
|start
|switch|p1a: emiou-ground|Landorus-Therian, M, shiny|100/100
|switch|p2a: Electrode|Electrode-Hisui|100/100
|-ability|p1a: emiou-ground|Intimidate|boost
|-unboost|p2a: Electrode|atk|1
|turn|1
|
|move|p2a: Electrode|Substitute|p2a: Electrode
|-start|p2a: Electrode|Substitute
|-damage|p2a: Electrode|76/100
|move|p1a: emiou-ground|Sludge Bomb|p2a: Electrode
|-supereffective|p2a: Electrode
|-end|p2a: Electrode|Substitute
|-damage|p1a: emiou-ground|91/100|[from] item: Life Orb
|
|turn|2
|
|switch|p2a: Corviknight|Corviknight, F, shiny|100/100
|-ability|p2a: Corviknight|Pressure
|move|p1a: emiou-ground|Sludge Bomb|p2a: Corviknight
|-immune|p2a: Corviknight
|
|turn|3
|
|move|p1a: emiou-ground|Nasty Plot|p1a: emiou-ground
|-boost|p1a: emiou-ground|spa|2
|move|p2a: Corviknight|U-turn|p1a: emiou-ground
|-resisted|p1a: emiou-ground
|-damage|p1a: emiou-ground|83/100
|
|switch|p2a: Goodra|Goodra-Hisui, F|100/100|[from] U-turn
|
|turn|4
|
|-terastallize|p2a: Goodra|Ground
|move|p1a: emiou-ground|Sandsear Storm|p2a: Goodra
|-damage|p2a: Goodra|28/100
|-damage|p1a: emiou-ground|73/100|[from] item: Life Orb
|move|p2a: Goodra|Surf|p1a: emiou-ground
|-supereffective|p1a: emiou-ground
|-damage|p1a: emiou-ground|5/100
|
|-heal|p2a: Goodra|34/100|[from] item: Leftovers
|turn|5
|
|switch|p2a: Corviknight|Corviknight, F, shiny|100/100
|-ability|p2a: Corviknight|Pressure
|move|p1a: emiou-ground|Grass Knot|p2a: Corviknight
|-resisted|p2a: Corviknight
|-damage|p2a: Corviknight|86/100
|-damage|p1a: emiou-ground|0 fnt|[from] item: Rocky Helmet|[of] p2a: Corviknight
|faint|p1a: emiou-ground
|
|
|switch|p1a: Glastrier|Glastrier|100/100
|turn|6
|
|move|p2a: Corviknight|Brave Bird|p1a: Glastrier
|-damage|p1a: Glastrier|74/100
|-damage|p2a: Corviknight|77/100|[from] Recoil
|move|p1a: Glastrier|Swords Dance|p1a: Glastrier
|-boost|p1a: Glastrier|atk|2
|
|turn|7
|
|move|p2a: Corviknight|U-turn|p1a: Glastrier
|-damage|p1a: Glastrier|64/100
|
|switch|p2a: Goodra|Goodra-Hisui, F, tera:Ground|34/100|[from] U-turn
|move|p1a: Glastrier|Avalanche|p2a: Goodra
|-supereffective|p2a: Goodra
|-damage|p2a: Goodra|0 fnt
|faint|p2a: Goodra
|-ability|p1a: Glastrier|Chilling Neigh|boost
|-boost|p1a: Glastrier|atk|1
|
|
|switch|p2a: Arcanine|Arcanine-Hisui, F|100/100
|turn|8
|
|switch|p1a: Chien-Pao|Chien-Pao|100/100
|-ability|p1a: Chien-Pao|Sword of Ruin
|move|p2a: Arcanine|Flare Blitz|p1a: Chien-Pao
|-supereffective|p1a: Chien-Pao
|-damage|p1a: Chien-Pao|0 fnt
|faint|p1a: Chien-Pao
|
|
|switch|p1a: Samurott|Samurott-Hisui, M|100/100
|turn|9
|
|switch|p2a: Corviknight|Corviknight, F, shiny|77/100
|-ability|p2a: Corviknight|Pressure
|move|p1a: Samurott|Ceaseless Edge|p2a: Corviknight
|-damage|p2a: Corviknight|45/100
|-sidestart|p2: p2|Spikes
|-damage|p1a: Samurott|84/100|[from] item: Rocky Helmet|[of] p2a: Corviknight
|-damage|p1a: Samurott|74/100|[from] item: Life Orb
|
|turn|10
|
|move|p1a: Samurott|Swords Dance|p1a: Samurott
|-boost|p1a: Samurott|atk|2
|move|p2a: Corviknight|U-turn|p1a: Samurott
|-supereffective|p1a: Samurott
|-damage|p1a: Samurott|37/100
|
|switch|p2a: Scream Tail|Scream Tail|100/100|[from] U-turn
|
|turn|11
|
|move|p1a: Samurott|Aqua Jet|p2a: Scream Tail
|-damage|p2a: Scream Tail|65/100
|-damage|p1a: Samurott|27/100|[from] item: Life Orb
|move|p2a: Scream Tail|Thunder Wave|p1a: Samurott
|-status|p1a: Samurott|par
|
|turn|12
|
|move|p1a: Samurott|Aqua Jet|p2a: Scream Tail
|-damage|p2a: Scream Tail|24/100
|-damage|p1a: Samurott|17/100 par|[from] item: Life Orb
|move|p2a: Scream Tail|Dazzling Gleam|p1a: Samurott
|-supereffective|p1a: Samurott
|-damage|p1a: Samurott|0 fnt
|faint|p1a: Samurott
|
|
|switch|p1a: beats skelegride|Enamorus-Therian, F, shiny|100/100
|turn|13
|
|move|p2a: Scream Tail|Thunder Wave|p1a: beats skelegride|[miss]
|-miss|p2a: Scream Tail|p1a: beats skelegride
|move|p1a: beats skelegride|Calm Mind|p1a: beats skelegride
|-boost|p1a: beats skelegride|spa|1
|-boost|p1a: beats skelegride|spd|1
|
|turn|14
|
|move|p2a: Scream Tail|Encore|p1a: beats skelegride
|-start|p1a: beats skelegride|Encore
|move|p1a: beats skelegride|Calm Mind|p1a: beats skelegride
|-boost|p1a: beats skelegride|spa|1
|-boost|p1a: beats skelegride|spd|1
|
|turn|15
|
|move|p2a: Scream Tail|Thunder Wave|p1a: beats skelegride|[miss]
|-miss|p2a: Scream Tail|p1a: beats skelegride
|move|p1a: beats skelegride|Calm Mind|p1a: beats skelegride
|-boost|p1a: beats skelegride|spa|1
|-boost|p1a: beats skelegride|spd|1
|
|turn|16
|
|move|p2a: Scream Tail|Thunder Wave|p1a: beats skelegride|[miss]
|-miss|p2a: Scream Tail|p1a: beats skelegride
|move|p1a: beats skelegride|Calm Mind|p1a: beats skelegride
|-boost|p1a: beats skelegride|spa|1
|-boost|p1a: beats skelegride|spd|1
|
|-end|p1a: beats skelegride|Encore
|turn|17
|
|move|p2a: Scream Tail|Encore|p1a: beats skelegride
|-start|p1a: beats skelegride|Encore
|move|p1a: beats skelegride|Calm Mind|p1a: beats skelegride
|-boost|p1a: beats skelegride|spa|1
|-boost|p1a: beats skelegride|spd|1
|
|turn|18
|
|-end|p2a: Scream Tail|Protosynthesis|[silent]
|switch|p2a: Great Tusk|Great Tusk|100/100
|-damage|p2a: Great Tusk|88/100|[from] Spikes
|move|p1a: beats skelegride|Calm Mind|p1a: beats skelegride
|-boost|p1a: beats skelegride|spa|1
|-boost|p1a: beats skelegride|spd|1
|
|turn|19
|
|move|p2a: Great Tusk|Knock Off|p1a: beats skelegride
|-resisted|p1a: beats skelegride
|-damage|p1a: beats skelegride|85/100
|-enditem|p1a: beats skelegride|Life Orb|[from] move: Knock Off|[of] p2a: Great Tusk
|move|p1a: beats skelegride|Calm Mind|p1a: beats skelegride
|-boost|p1a: beats skelegride|spa|0
|-boost|p1a: beats skelegride|spd|0
|
|-end|p1a: beats skelegride|Encore
|turn|20
|
|-end|p2a: Great Tusk|Protosynthesis|[silent]
|switch|p2a: Scream Tail|Scream Tail|24/100
|move|p1a: beats skelegride|Moonblast|p2a: Scream Tail
|-damage|p2a: Scream Tail|0 fnt
|faint|p2a: Scream Tail
|-end|p2a: Scream Tail|Protosynthesis|[silent]
|
|
|switch|p2a: Arcanine|Arcanine-Hisui, F|100/100
|-damage|p2a: Arcanine|88/100|[from] Spikes
|turn|21
|
|-terastallize|p1a: beats skelegride|Ground
|move|p2a: Arcanine|Wild Charge|p1a: beats skelegride
|-immune|p1a: beats skelegride
|move|p1a: beats skelegride|Earth Power|p2a: Arcanine
|-supereffective|p2a: Arcanine
|-damage|p2a: Arcanine|0 fnt
|faint|p2a: Arcanine
|
|
|switch|p2a: Electrode|Electrode-Hisui|76/100
|-damage|p2a: Electrode|63/100|[from] Spikes
|turn|22
|
|move|p2a: Electrode|Chloroblast|p1a: beats skelegride
|-supereffective|p1a: beats skelegride
|-damage|p1a: beats skelegride|54/100
|-damage|p2a: Electrode|13/100|[from] chloroblast
|-enditem|p2a: Electrode|Sitrus Berry|[eat]
|-heal|p2a: Electrode|38/100|[from] item: Sitrus Berry
|move|p1a: beats skelegride|Moonblast|p2a: Electrode
|-damage|p2a: Electrode|0 fnt
|faint|p2a: Electrode
|
|-message|p2 forfeited.
|
|win|p1
