# advantage = p2
|poke|p1|Blissey, F|
|poke|p1|Corviknight, M|
|poke|p1|Skeledirge, M|
|poke|p1|Ting-Lu|
|poke|p1|Toxapex, M|
|poke|p1|Rotom-Wash|
|poke|p2|Samurott-Hisui, M|
|poke|p2|Magearna|
|poke|p2|Gholdengo|
|poke|p2|Great Tusk|
|poke|p2|Dragapult, F|
|poke|p2|Landorus-Therian, M|
|teampreview
|
|start
|switch|p1a: Skeledirge|Skeledirge, M|100/100
|switch|p2a: Samurott|Samurott-Hisui, M|100/100
|turn|1
|
|switch|p1a: Corviknight|Corviknight, M|100/100
|move|p2a: Samurott|Ceaseless Edge|p1a: Corviknight
|-damage|p1a: Corviknight|57/100
|-sidestart|p1: p1|Spikes
|-damage|p2a: Samurott|91/100|[from] item: Life Orb
|
|-heal|p1a: Corviknight|63/100|[from] item: Leftovers
|turn|2
|
|move|p2a: Samurott|Ceaseless Edge|p1a: Corviknight
|-damage|p1a: Corviknight|19/100
|-sidestart|p1: p1|Spikes
|-damage|p2a: Samurott|81/100|[from] item: Life Orb
|move|p1a: Corviknight|Body Press|p2a: Samurott
|-supereffective|p2a: Samurott
|-damage|p2a: Samurott|29/100
|
|-heal|p1a: Corviknight|25/100|[from] item: Leftovers
|turn|3
|
|move|p2a: Samurott|Ceaseless Edge|p1a: Corviknight
|-damage|p1a: Corviknight|0 fnt
|-sidestart|p1: p1|Spikes
|faint|p1a: Corviknight
|-damage|p2a: Samurott|20/100|[from] item: Life Orb
|
|
|switch|p1a: Skeledirge|Skeledirge, M|100/100
|-damage|p1a: Skeledirge|76/100|[from] Spikes
|turn|4
|
|move|p2a: Samurott|Sucker Punch|p1a: Skeledirge
|-supereffective|p1a: Skeledirge
|-damage|p1a: Skeledirge|0 fnt
|faint|p1a: Skeledirge
|-damage|p2a: Samurott|10/100|[from] item: Life Orb
|
|
|switch|p1a: Rotom|Rotom-Wash|100/100
|turn|5
|
|move|p2a: Samurott|Ceaseless Edge|p1a: Rotom
|-damage|p1a: Rotom|35/100
|-damage|p2a: Samurott|0 fnt|[from] item: Life Orb
|faint|p2a: Samurott
|move|p1a: Rotom|Substitute|p1a: Rotom
|-start|p1a: Rotom|Substitute
|-damage|p1a: Rotom|10/100
|
|-heal|p1a: Rotom|16/100|[from] item: Leftovers
|
|switch|p2a: Dragapult|Dragapult, F|100/100
|turn|6
|
|move|p2a: Dragapult|U-turn|p1a: Rotom
|-damage|p1a: Rotom|0 fnt
|faint|p1a: Rotom
|-message|p1 forfeited.
|
|win|p2
