# advantage = p2
|poke|p1|Samurott-Hisui, F|
|poke|p1|Jolteon, M|
|poke|p1|Corviknight, M|
|poke|p1|Skeledirge, F|
|poke|p1|Baxcalibur, F|
|poke|p1|Hatterene, F|
|poke|p2|Iron Valiant|
|poke|p2|Baxcalibur, F|
|poke|p2|Glimmora, M|
|poke|p2|Abomasnow, F|
|poke|p2|Volcarona, M|
|poke|p2|Walking Wake|
|teampreview
|
|start
|switch|p1a: Hatterene|Hatterene, F|100/100
|switch|p2a: Glimmora|Glimmora, M|100/100
|turn|1
|
|switch|p2a: Walking Wake|Walking Wake|100/100
|-enditem|p2a: Walking Wake|Booster Energy
|-activate|p2a: Walking Wake|ability: Protosynthesis|[fromitem]
|-start|p2a: Walking Wake|protosynthesisspa
|move|p1a: Hatterene|Psyshock|p2a: Walking Wake
|-damage|p2a: Walking Wake|64/100
|
|turn|2
|
|move|p2a: Walking Wake|Hydro Steam|p1a: Hatterene
|-damage|p1a: Hatterene|53/100
|move|p1a: Hatterene|Draining Kiss|p2a: Walking Wake
|-supereffective|p2a: Walking Wake
|-damage|p2a: Walking Wake|9/100
|-heal|p1a: Hatterene|97/100|[from] drain|[of] p2a: Walking Wake
|
|turn|3
|
|-end|p2a: Walking Wake|Protosynthesis|[silent]
|switch|p2a: Abomasnow|Abomasnow, F, shiny|100/100
|-weather|Snow|[from] ability: Snow Warning|[of] p2a: Abomasnow
|move|p1a: Hatterene|Psyshock|p2a: Abomasnow
|-damage|p2a: Abomasnow|81/100
|
|-weather|Snow|[upkeep]
|turn|4
|
|move|p2a: Abomasnow|Aurora Veil|p2a: Abomasnow
|-sidestart|p2: p2|move: Aurora Veil
|move|p1a: Hatterene|Mystical Fire|p2a: Abomasnow
|-supereffective|p2a: Abomasnow
|-damage|p2a: Abomasnow|40/100
|-unboost|p2a: Abomasnow|spa|1
|
|-weather|Snow|[upkeep]
|turn|5
|
|switch|p2a: Volcarona|Volcarona, M|100/100
|move|p1a: Hatterene|Calm Mind|p1a: Hatterene
|-boost|p1a: Hatterene|spa|1
|-boost|p1a: Hatterene|spd|1
|
|-weather|Snow|[upkeep]
|turn|6
|
|move|p2a: Volcarona|Quiver Dance|p2a: Volcarona
|-boost|p2a: Volcarona|spa|1
|-boost|p2a: Volcarona|spd|1
|-boost|p2a: Volcarona|spe|1
|move|p1a: Hatterene|Mystical Fire|p2a: Volcarona
|-damage|p2a: Volcarona|90/100
|-unboost|p2a: Volcarona|spa|1
|
|-weather|Snow|[upkeep]
|turn|7
|
|move|p2a: Volcarona|Fiery Dance|p1a: Hatterene
|-damage|p1a: Hatterene|76/100
|move|p1a: Hatterene|Mystical Fire|p2a: Volcarona
|-damage|p2a: Volcarona|80/100
|-unboost|p2a: Volcarona|spa|1
|
|-weather|none
|turn|8
|
|move|p2a: Volcarona|Quiver Dance|p2a: Volcarona
|-boost|p2a: Volcarona|spa|1
|-boost|p2a: Volcarona|spd|1
|-boost|p2a: Volcarona|spe|1
|move|p1a: Hatterene|Mystical Fire|p2a: Volcarona
|-damage|p2a: Volcarona|73/100
|-unboost|p2a: Volcarona|spa|1
|
|turn|9
|
|move|p2a: Volcarona|Quiver Dance|p2a: Volcarona
|-boost|p2a: Volcarona|spa|1
|-boost|p2a: Volcarona|spd|1
|-boost|p2a: Volcarona|spe|1
|move|p1a: Hatterene|Mystical Fire|p2a: Volcarona
|-damage|p2a: Volcarona|68/100
|-unboost|p2a: Volcarona|spa|1
|
|turn|10
|
|move|p2a: Volcarona|Quiver Dance|p2a: Volcarona
|-boost|p2a: Volcarona|spa|1
|-boost|p2a: Volcarona|spd|1
|-boost|p2a: Volcarona|spe|1
|move|p1a: Hatterene|Mystical Fire|p2a: Volcarona
|-damage|p2a: Volcarona|63/100
|-unboost|p2a: Volcarona|spa|1
|
|turn|11
|
|move|p2a: Volcarona|Quiver Dance|p2a: Volcarona
|-boost|p2a: Volcarona|spa|1
|-boost|p2a: Volcarona|spd|1
|-boost|p2a: Volcarona|spe|1
|move|p1a: Hatterene|Mystical Fire|p2a: Volcarona
|-damage|p2a: Volcarona|58/100
|-unboost|p2a: Volcarona|spa|1
|
|-sideend|p2: p2|move: Aurora Veil
|turn|12
|
|move|p2a: Volcarona|Quiver Dance|p2a: Volcarona
|-boost|p2a: Volcarona|spa|1
|-boost|p2a: Volcarona|spd|1
|-boost|p2a: Volcarona|spe|1
|move|p1a: Hatterene|Mystical Fire|p2a: Volcarona
|-damage|p2a: Volcarona|50/100
|-unboost|p2a: Volcarona|spa|1
|
|turn|13
|
|move|p2a: Volcarona|Bug Buzz|p1a: Hatterene
|-damage|p1a: Hatterene|60/100
|move|p1a: Hatterene|Mystical Fire|p2a: Volcarona
|-damage|p2a: Volcarona|42/100
|-unboost|p2a: Volcarona|spa|1
|
|turn|14
|
|move|p2a: Volcarona|Giga Drain|p1a: Hatterene
|-damage|p1a: Hatterene|53/100
|-heal|p2a: Volcarona|45/100|[from] drain|[of] p1a: Hatterene
|move|p1a: Hatterene|Mystical Fire|p2a: Volcarona
|-damage|p2a: Volcarona|38/100
|-unboost|p2a: Volcarona|spa|1
|
|turn|15
|
|move|p2a: Volcarona|Giga Drain|p1a: Hatterene
|-damage|p1a: Hatterene|47/100
|-heal|p2a: Volcarona|40/100|[from] drain|[of] p1a: Hatterene
|move|p1a: Hatterene|Mystical Fire|p2a: Volcarona
|-damage|p2a: Volcarona|32/100
|-unboost|p2a: Volcarona|spa|1
|
|turn|16
|
|move|p2a: Volcarona|Giga Drain|p1a: Hatterene
|-damage|p1a: Hatterene|42/100
|-heal|p2a: Volcarona|34/100|[from] drain|[of] p1a: Hatterene
|move|p1a: Hatterene|Psyshock|p2a: Volcarona
|-damage|p2a: Volcarona|0 fnt
|faint|p2a: Volcarona
|
|
|switch|p2a: Iron Valiant|Iron Valiant|100/100
|turn|17
|
|move|p2a: Iron Valiant|Shadow Ball|p1a: Hatterene
|-supereffective|p1a: Hatterene
|-damage|p1a: Hatterene|6/100
|move|p1a: Hatterene|Draining Kiss|p2a: Iron Valiant
|-supereffective|p2a: Iron Valiant
|-damage|p2a: Iron Valiant|0 fnt
|-heal|p1a: Hatterene|74/100|[from] drain|[of] p2a: Iron Valiant
|faint|p2a: Iron Valiant
|-end|p2a: Iron Valiant|Quark Drive|[silent]
|
|
|switch|p2a: Walking Wake|Walking Wake|9/100
|turn|18
|
|move|p2a: Walking Wake|Hydro Steam|p1a: Hatterene
|-damage|p1a: Hatterene|50/100
|move|p1a: Hatterene|Draining Kiss|p2a: Walking Wake
|-supereffective|p2a: Walking Wake
|-crit|p2a: Walking Wake
|-damage|p2a: Walking Wake|0 fnt
|-heal|p1a: Hatterene|56/100|[from] drain|[of] p2a: Walking Wake
|faint|p2a: Walking Wake
|-end|p2a: Walking Wake|Protosynthesis|[silent]
|
|
|switch|p2a: Baxcalibur|Baxcalibur, F|100/100
|turn|19
|
|move|p2a: Baxcalibur|Dragon Dance|p2a: Baxcalibur
|-boost|p2a: Baxcalibur|atk|1
|-boost|p2a: Baxcalibur|spe|1
|move|p1a: Hatterene|Draining Kiss|p2a: Baxcalibur
|-supereffective|p2a: Baxcalibur
|-damage|p2a: Baxcalibur|29/100
|-heal|p1a: Hatterene|100/100|[from] drain|[of] p2a: Baxcalibur
|
|turn|20
|
|move|p2a: Baxcalibur|Icicle Spear|p1a: Hatterene
|-damage|p1a: Hatterene|81/100
|-damage|p1a: Hatterene|62/100
|-damage|p1a: Hatterene|43/100
|-damage|p1a: Hatterene|25/100
|-damage|p1a: Hatterene|7/100
|-hitcount|p1a: Hatterene|5
|move|p1a: Hatterene|Draining Kiss|p2a: Baxcalibur
|-supereffective|p2a: Baxcalibur
|-damage|p2a: Baxcalibur|0 fnt
|-heal|p1a: Hatterene|32/100|[from] drain|[of] p2a: Baxcalibur
|faint|p2a: Baxcalibur
|
|
|switch|p2a: Glimmora|Glimmora, M|100/100
|turn|21
|
|move|p2a: Glimmora|Earth Power|p1a: Hatterene
|-damage|p1a: Hatterene|3/100
|move|p1a: Hatterene|Psyshock|p2a: Glimmora
|-supereffective|p2a: Glimmora
|-damage|p2a: Glimmora|0 fnt
|faint|p2a: Glimmora
|
|-message|p2 forfeited.
|
|win|p1
