# advantage = p1
|poke|p1|Dragapult, M|
|poke|p1|Grimmsnarl, M|
|poke|p1|Volcarona, F|
|poke|p1|Great Tusk|
|poke|p1|Sneasler, M|
|poke|p1|Magearna|
|poke|p2|Gardevoir, F|
|poke|p2|Lilligant-Hisui, F|
|poke|p2|Greninja, M|
|poke|p2|Frosmoth, F|
|poke|p2|Arcanine, M|
|poke|p2|Altaria, F|
|teampreview
|
|start
|switch|p1a: Dragapult|Dragapult, M|100/100
|switch|p2a: Lucy|Lilligant-Hisui, F|100/100
|turn|1
|
|switch|p2a: Zelda|Gardevoir, F|100/100
|-ability|p2a: Zelda|Clear Body|[from] ability: Trace|[of] p1a: Dragapult
|move|p1a: Dragapult|Will-O-Wisp|p2a: Zelda
|-status|p2a: Zelda|brn
|
|-damage|p2a: Zelda|94/100 brn|[from] brn
|turn|2
|
|move|p2a: Zelda|Moonblast|p1a: Dragapult
|-supereffective|p1a: Dragapult
|-crit|p1a: Dragapult
|-damage|p1a: Dragapult|0 fnt
|faint|p1a: Dragapult
|
|-damage|p2a: Zelda|88/100 brn|[from] brn
|
|switch|p1a: Magearna|Magearna|100/100
|turn|3
|
|switch|p2a: Nate|Arcanine, M|100/100
|-ability|p2a: Nate|Intimidate|boost
|-unboost|p1a: Magearna|atk|1
|move|p1a: Magearna|Shift Gear|p1a: Magearna
|-boost|p1a: Magearna|spe|2
|-boost|p1a: Magearna|atk|1
|
|turn|4
|
|-terastallize|p1a: Magearna|Water
|move|p1a: Magearna|Shift Gear|p1a: Magearna
|-boost|p1a: Magearna|spe|2
|-boost|p1a: Magearna|atk|1
|move|p2a: Nate|Flare Blitz|p1a: Magearna
|-resisted|p1a: Magearna
|-damage|p1a: Magearna|78/100
|-status|p1a: Magearna|brn
|-damage|p2a: Nate|93/100|[from] Recoil
|
|-heal|p1a: Magearna|84/100 brn|[from] item: Leftovers
|-damage|p1a: Magearna|78/100 brn|[from] brn
|turn|5
|
|switch|p2a: Yuki|Frosmoth, F|100/100
|move|p1a: Magearna|Calm Mind|p1a: Magearna
|-boost|p1a: Magearna|spa|1
|-boost|p1a: Magearna|spd|1
|
|-heal|p1a: Magearna|84/100 brn|[from] item: Leftovers
|-damage|p1a: Magearna|78/100 brn|[from] brn
|turn|6
|
|move|p1a: Magearna|Calm Mind|p1a: Magearna
|-boost|p1a: Magearna|spa|1
|-boost|p1a: Magearna|spd|1
|move|p2a: Yuki|Giga Drain|p1a: Magearna
|-supereffective|p1a: Magearna
|-damage|p1a: Magearna|55/100 brn
|
|-heal|p1a: Magearna|61/100 brn|[from] item: Leftovers
|-damage|p1a: Magearna|55/100 brn|[from] brn
|turn|7
|
|move|p1a: Magearna|Stored Power|p2a: Yuki
|-damage|p2a: Yuki|54/100
|move|p2a: Yuki|Giga Drain|p1a: Magearna
|-supereffective|p1a: Magearna
|-damage|p1a: Magearna|33/100 brn
|-heal|p2a: Yuki|65/100|[from] drain|[of] p1a: Magearna
|
|-heal|p1a: Magearna|40/100 brn|[from] item: Leftovers
|-damage|p1a: Magearna|33/100 brn|[from] brn
|turn|8
|
|move|p1a: Magearna|Draining Kiss|p2a: Yuki
|-damage|p2a: Yuki|47/100
|-heal|p1a: Magearna|46/100 brn|[from] drain|[of] p2a: Yuki
|move|p2a: Yuki|Giga Drain|p1a: Magearna
|-supereffective|p1a: Magearna
|-damage|p1a: Magearna|25/100 brn
|-heal|p2a: Yuki|58/100|[from] drain|[of] p1a: Magearna
|
|-heal|p1a: Magearna|31/100 brn|[from] item: Leftovers
|-damage|p1a: Magearna|25/100 brn|[from] brn
|turn|9
|
|move|p1a: Magearna|Calm Mind|p1a: Magearna
|-boost|p1a: Magearna|spa|1
|-boost|p1a: Magearna|spd|1
|move|p2a: Yuki|Giga Drain|p1a: Magearna
|-supereffective|p1a: Magearna
|-damage|p1a: Magearna|9/100 brn
|-heal|p2a: Yuki|67/100|[from] drain|[of] p1a: Magearna
|
|-heal|p1a: Magearna|15/100 brn|[from] item: Leftovers
|-damage|p1a: Magearna|9/100 brn|[from] brn
|turn|10
|
|move|p1a: Magearna|Stored Power|p2a: Yuki
|-damage|p2a: Yuki|0 fnt
|faint|p2a: Yuki
|-ability|p1a: Magearna|Soul-Heart|boost
|-boost|p1a: Magearna|spa|1
|
|-heal|p1a: Magearna|15/100 brn|[from] item: Leftovers
|-damage|p1a: Magearna|9/100 brn|[from] brn
|
|switch|p2a: Nate|Arcanine, M|93/100
|-ability|p2a: Nate|Intimidate|boost
|-unboost|p1a: Magearna|atk|1
|turn|11
|
|move|p2a: Nate|Extreme Speed|p1a: Magearna
|-damage|p1a: Magearna|0 fnt
|faint|p1a: Magearna
|
|
|switch|p1a: Grimmsnarl|Grimmsnarl, M|100/100
|turn|12
|
|move|p1a: Grimmsnarl|Reflect|p1a: Grimmsnarl
|-sidestart|p1: p1|Reflect
|move|p2a: Nate|Flare Blitz|p1a: Grimmsnarl
|-damage|p1a: Grimmsnarl|69/100
|-damage|p2a: Nate|81/100|[from] Recoil
|
|turn|13
|
|switch|p2a: Zelda|Gardevoir, F|88/100 brn
|-ability|p2a: Zelda|Prankster|[from] ability: Trace|[of] p1a: Grimmsnarl
|move|p1a: Grimmsnarl|Light Screen|p1a: Grimmsnarl
|-sidestart|p1: p1|move: Light Screen
|
|-damage|p2a: Zelda|82/100 brn|[from] brn
|turn|14
|
|move|p2a: Zelda|Trick|p1a: Grimmsnarl
|-hint|Since gen 7, Dark is immune to Prankster moves.
|-immune|p1a: Grimmsnarl
|move|p1a: Grimmsnarl|Parting Shot|p2a: Zelda
|-unboost|p2a: Zelda|atk|1
|-unboost|p2a: Zelda|spa|1
|
|switch|p1a: Sneasler|Sneasler, M|100/100|[from] Parting Shot
|
|-damage|p2a: Zelda|76/100 brn|[from] brn
|turn|15
|
|switch|p2a: Nate|Arcanine, M|81/100
|-ability|p2a: Nate|Intimidate|boost
|-unboost|p1a: Sneasler|atk|1
|-enditem|p1a: Sneasler|White Herb
|-clearnegativeboost|p1a: Sneasler|[silent]
|switch|p1a: Grimmsnarl|Grimmsnarl, M|69/100
|
|turn|16
|
|move|p1a: Grimmsnarl|Parting Shot|p2a: Nate
|-unboost|p2a: Nate|atk|1
|-unboost|p2a: Nate|spa|1
|
|switch|p1a: Volcarona|Volcarona, F|100/100|[from] Parting Shot
|move|p2a: Nate|Will-O-Wisp|p1a: Volcarona
|-immune|p1a: Volcarona
|
|turn|17
|
|switch|p2a: Sugo|Greninja, M|100/100
|move|p1a: Volcarona|Quiver Dance|p1a: Volcarona
|-boost|p1a: Volcarona|spa|1
|-boost|p1a: Volcarona|spd|1
|-boost|p1a: Volcarona|spe|1
|
|turn|18
|
|switch|p2a: Sora|Altaria, F|100/100
|move|p1a: Volcarona|Bug Buzz|p2a: Sora
|-resisted|p2a: Sora
|-damage|p2a: Sora|64/100
|
|turn|19
|
|move|p1a: Volcarona|Quiver Dance|p1a: Volcarona
|-boost|p1a: Volcarona|spa|1
|-boost|p1a: Volcarona|spd|1
|-boost|p1a: Volcarona|spe|1
|move|p2a: Sora|Perish Song|p2a: Sora
|-start|p1a: Volcarona|perish3|[silent]
|-start|p2a: Sora|perish3|[silent]
|-fieldactivate|move: Perish Song
|
|-start|p1a: Volcarona|perish3
|-start|p2a: Sora|perish3
|-sideend|p1: p1|Reflect
|turn|20
|
|move|p1a: Volcarona|Fiery Dance|p2a: Sora
|-resisted|p2a: Sora
|-damage|p2a: Sora|20/100
|move|p2a: Sora|Roost|p2a: Sora
|-heal|p2a: Sora|70/100
|-singleturn|p2a: Sora|move: Roost
|
|-start|p1a: Volcarona|perish2
|-start|p2a: Sora|perish2
|-sideend|p1: p1|move: Light Screen
|turn|21
|
|move|p1a: Volcarona|Fiery Dance|p2a: Sora
|-resisted|p2a: Sora
|-damage|p2a: Sora|29/100
|-boost|p1a: Volcarona|spa|1
|move|p2a: Sora|Roost|p2a: Sora
|-heal|p2a: Sora|78/100
|-singleturn|p2a: Sora|move: Roost
|
|-start|p1a: Volcarona|perish1
|-start|p2a: Sora|perish1
|turn|22
|
|switch|p1a: Grimmsnarl|Grimmsnarl, M|69/100
|switch|p2a: Lucy|Lilligant-Hisui, F|100/100
|
|turn|23
|
|move|p1a: Grimmsnarl|Reflect|p1a: Grimmsnarl
|-sidestart|p1: p1|Reflect
|move|p2a: Lucy|Aerial Ace|p1a: Grimmsnarl
|-damage|p1a: Grimmsnarl|42/100
|
|turn|24
|
|move|p2a: Lucy|Aerial Ace|p1a: Grimmsnarl
|-damage|p1a: Grimmsnarl|19/100
|move|p1a: Grimmsnarl|Spirit Break|p2a: Lucy
|-supereffective|p2a: Lucy
|-damage|p2a: Lucy|15/100
|-unboost|p2a: Lucy|spa|1
|
|turn|25
|
|switch|p2a: Nate|Arcanine, M|81/100
|-ability|p2a: Nate|Intimidate|boost
|-unboost|p1a: Grimmsnarl|atk|1
|move|p1a: Grimmsnarl|Light Screen|p1a: Grimmsnarl
|-sidestart|p1: p1|move: Light Screen
|
|turn|26
|
|move|p2a: Nate|Extreme Speed|p1a: Grimmsnarl
|-damage|p1a: Grimmsnarl|4/100
|move|p1a: Grimmsnarl|Parting Shot|p2a: Nate
|-unboost|p2a: Nate|atk|1
|-unboost|p2a: Nate|spa|1
|
|switch|p1a: Sneasler|Sneasler, M|100/100|[from] Parting Shot
|
|turn|27
|
|move|p1a: Sneasler|Close Combat|p2a: Nate
|-damage|p2a: Nate|29/100
|-unboost|p1a: Sneasler|def|1
|-unboost|p1a: Sneasler|spd|1
|-damage|p1a: Sneasler|84/100|[from] item: Rocky Helmet|[of] p2a: Nate
|move|p2a: Nate|Will-O-Wisp|p1a: Sneasler
|-status|p1a: Sneasler|brn
|
|-damage|p1a: Sneasler|78/100 brn|[from] brn
|turn|28
|
|switch|p2a: Sora|Altaria, F|78/100
|move|p1a: Sneasler|Swords Dance|p1a: Sneasler
|-boost|p1a: Sneasler|atk|2
|
|-damage|p1a: Sneasler|72/100 brn|[from] brn
|turn|29
|
|move|p1a: Sneasler|Dire Claw|p2a: Sora
|-damage|p2a: Sora|37/100
|-status|p2a: Sora|slp
|cant|p2a: Sora|slp
|
|-damage|p1a: Sneasler|66/100 brn|[from] brn
|turn|30
|
|move|p1a: Sneasler|Swords Dance|p1a: Sneasler
|-boost|p1a: Sneasler|atk|2
|-curestatus|p2a: Sora|slp|[msg]
|move|p2a: Sora|Roost|p2a: Sora
|-heal|p2a: Sora|87/100
|-singleturn|p2a: Sora|move: Roost
|
|-damage|p1a: Sneasler|60/100 brn|[from] brn
|-sideend|p1: p1|Reflect
|turn|31
|
|move|p1a: Sneasler|Dire Claw|p2a: Sora
|-damage|p2a: Sora|30/100
|-status|p2a: Sora|slp
|cant|p2a: Sora|slp
|
|-damage|p1a: Sneasler|54/100 brn|[from] brn
|turn|32
|
|move|p1a: Sneasler|Dire Claw|p2a: Sora
|-damage|p2a: Sora|0 fnt
|faint|p2a: Sora
|
|-damage|p1a: Sneasler|48/100 brn|[from] brn
|-sideend|p1: p1|move: Light Screen
|
|switch|p2a: Sugo|Greninja, M|100/100
|turn|33
|
|move|p2a: Sugo|Water Shuriken|p1a: Sneasler
|-start|p2a: Sugo|typechange|Water|[from] ability: Protean
|-damage|p1a: Sneasler|26/100 brn
|-damage|p1a: Sneasler|5/100 brn
|-hitcount|p1a: Sneasler|2
|move|p1a: Sneasler|Close Combat|p2a: Sugo
|-damage|p2a: Sugo|0 fnt
|-unboost|p1a: Sneasler|def|1
|-unboost|p1a: Sneasler|spd|1
|faint|p2a: Sugo
|
|-damage|p1a: Sneasler|0 fnt|[from] brn
|faint|p1a: Sneasler
|
|switch|p2a: Lucy|Lilligant-Hisui, F|15/100
|switch|p1a: Grimmsnarl|Grimmsnarl, M|4/100
|turn|34
|
|move|p1a: Grimmsnarl|Reflect|p1a: Grimmsnarl
|-sidestart|p1: p1|Reflect
|move|p2a: Lucy|Aerial Ace|p1a: Grimmsnarl
|-damage|p1a: Grimmsnarl|0 fnt
|faint|p1a: Grimmsnarl
|
|
|switch|p1a: Volcarona|Volcarona, F|100/100
|turn|35
|
|-terastallize|p2a: Lucy|Flying
|move|p2a: Lucy|Aerial Ace|p1a: Volcarona
|-supereffective|p1a: Volcarona
|-damage|p1a: Volcarona|3/100
|move|p1a: Volcarona|Quiver Dance|p1a: Volcarona
|-boost|p1a: Volcarona|spa|1
|-boost|p1a: Volcarona|spd|1
|-boost|p1a: Volcarona|spe|1
|
|turn|36
|
|move|p1a: Volcarona|Fiery Dance|p2a: Lucy
|-damage|p2a: Lucy|0 fnt
|-boost|p1a: Volcarona|spa|1
|faint|p2a: Lucy
|
|
|switch|p2a: Nate|Arcanine, M|29/100
|-ability|p2a: Nate|Intimidate|boost
|-unboost|p1a: Volcarona|atk|1
|turn|37
|
|move|p2a: Nate|Extreme Speed|p1a: Volcarona
|-damage|p1a: Volcarona|0 fnt
|faint|p1a: Volcarona
|
|
|switch|p1a: Great Tusk|Great Tusk|100/100
|turn|38
|
|move|p2a: Nate|Will-O-Wisp|p1a: Great Tusk
|-status|p1a: Great Tusk|brn
|move|p1a: Great Tusk|Rapid Spin|p2a: Nate
|-damage|p2a: Nate|23/100
|-boost|p1a: Great Tusk|spe|1
|-damage|p1a: Great Tusk|84/100 brn|[from] item: Rocky Helmet|[of] p2a: Nate
|
|-heal|p1a: Great Tusk|90/100 brn|[from] item: Leftovers
|-damage|p1a: Great Tusk|84/100 brn|[from] brn
|turn|39
|
|move|p1a: Great Tusk|Rapid Spin|p2a: Nate
|-damage|p2a: Nate|17/100
|-boost|p1a: Great Tusk|spe|1
|-damage|p1a: Great Tusk|67/100 brn|[from] item: Rocky Helmet|[of] p2a: Nate
|move|p2a: Nate|Morning Sun|p2a: Nate
|-heal|p2a: Nate|67/100
|
|-heal|p1a: Great Tusk|74/100 brn|[from] item: Leftovers
|-damage|p1a: Great Tusk|67/100 brn|[from] brn
|turn|40
|
|move|p1a: Great Tusk|Rapid Spin|p2a: Nate
|-damage|p2a: Nate|61/100
|-boost|p1a: Great Tusk|spe|1
|-damage|p1a: Great Tusk|51/100 brn|[from] item: Rocky Helmet|[of] p2a: Nate
|move|p2a: Nate|Morning Sun|p2a: Nate
|-heal|p2a: Nate|100/100
|
|-heal|p1a: Great Tusk|57/100 brn|[from] item: Leftovers
|-damage|p1a: Great Tusk|51/100 brn|[from] brn
|turn|41
|
|move|p1a: Great Tusk|Earthquake|p2a: Nate
|-supereffective|p2a: Nate
|-damage|p2a: Nate|64/100
|move|p2a: Nate|Flare Blitz|p1a: Great Tusk
|-crit|p1a: Great Tusk
|-damage|p1a: Great Tusk|13/100 brn
|-damage|p2a: Nate|49/100|[from] Recoil
|
|-heal|p1a: Great Tusk|19/100 brn|[from] item: Leftovers
|-damage|p1a: Great Tusk|13/100 brn|[from] brn
|-sideend|p1: p1|Reflect
|turn|42
|-message|p1 forfeited.
|
|win|p2
