# advantage = p2
|poke|p1|Volcanion|
|poke|p1|Zapdos-Galar|
|poke|p1|Gholdengo|
|poke|p1|Iron Treads|
|poke|p1|Slowking-Galar, M|
|poke|p1|Chien-Pao|
|poke|p2|Slowking-Galar, M|
|poke|p2|Grimmsnarl, M|
|poke|p2|Landorus-Therian, M|
|poke|p2|Chien-Pao|
|poke|p2|Magearna|
|poke|p2|Samurott-Hisui, F|
|teampreview
|
|start
|switch|p1a: Zapdos|Zapdos-Galar|100/100
|switch|p2a: Landorus|Landorus-Therian, M|100/100
|-ability|p2a: Landorus|Intimidate|boost
|-unboost|p1a: Zapdos|atk|1
|-ability|p1a: Zapdos|Defiant|boost
|-boost|p1a: Zapdos|atk|2
|turn|1
|
|move|p1a: Zapdos|Brave Bird|p2a: Landorus
|-damage|p2a: Landorus|0 fnt
|faint|p2a: Landorus
|-damage|p1a: Zapdos|68/100|[from] Recoil
|
|
|switch|p2a: Chien-Pao|Chien-Pao|100/100
|-ability|p2a: Chien-Pao|Sword of Ruin
|turn|2
|
|switch|p1a: Gholdengo|Gholdengo|100/100
|-item|p1a: Gholdengo|Air Balloon
|move|p2a: Chien-Pao|Icicle Crash|p1a: Gholdengo
|-resisted|p1a: Gholdengo
|-damage|p1a: Gholdengo|76/100
|-enditem|p1a: Gholdengo|Air Balloon
|
|turn|3
|
|switch|p1a: Zapdos|Zapdos-Galar|68/100
|move|p2a: Chien-Pao|Crunch|p1a: Zapdos
|-resisted|p1a: Zapdos
|-damage|p1a: Zapdos|39/100
|
|turn|4
|
|move|p1a: Zapdos|Close Combat|p2a: Chien-Pao
|-supereffective|p2a: Chien-Pao
|-damage|p2a: Chien-Pao|0 fnt
|-unboost|p1a: Zapdos|def|1
|-unboost|p1a: Zapdos|spd|1
|faint|p2a: Chien-Pao
|
|
|switch|p2a: Slowking|Slowking-Galar, M|100/100
|turn|5
|
|switch|p1a: Iron Treads|Iron Treads|100/100
|move|p2a: Slowking|Toxic Spikes|p1a: Iron Treads
|-sidestart|p1: p1|move: Toxic Spikes
|
|turn|6
|
|switch|p2a: Samurott|Samurott-Hisui, F|100/100
|move|p1a: Iron Treads|Earthquake|p2a: Samurott
|-damage|p2a: Samurott|41/100
|
|turn|7
|
|move|p1a: Iron Treads|Earthquake|p2a: Samurott
|-damage|p2a: Samurott|0 fnt
|faint|p2a: Samurott
|
|
|switch|p2a: Grimmsnarl|Grimmsnarl, M|100/100
|turn|8
|
|-end|p1a: Iron Treads|Quark Drive|[silent]
|switch|p1a: Gholdengo|Gholdengo|76/100
|move|p2a: Grimmsnarl|Reflect|p2a: Grimmsnarl
|-sidestart|p2: p2|Reflect
|
|turn|9
|
|move|p2a: Grimmsnarl|Light Screen|p2a: Grimmsnarl
|-sidestart|p2: p2|move: Light Screen
|move|p1a: Gholdengo|Nasty Plot|p1a: Gholdengo
|-boost|p1a: Gholdengo|spa|2
|
|turn|10
|
|switch|p2a: Magearna|Magearna|100/100
|move|p1a: Gholdengo|Shadow Ball|p2a: Magearna
|-damage|p2a: Magearna|60/100
|
|-heal|p2a: Magearna|66/100|[from] item: Leftovers
|turn|11
|
|move|p1a: Gholdengo|Make It Rain|p2a: Magearna
|-damage|p2a: Magearna|12/100
|-unboost|p1a: Gholdengo|spa|1
|move|p2a: Magearna|Shift Gear|p2a: Magearna
|-boost|p2a: Magearna|spe|2
|-boost|p2a: Magearna|atk|1
|
|-heal|p2a: Magearna|18/100|[from] item: Leftovers
|turn|12
|
|move|p2a: Magearna|Calm Mind|p2a: Magearna
|-boost|p2a: Magearna|spa|1
|-boost|p2a: Magearna|spd|1
|move|p1a: Gholdengo|Make It Rain|p2a: Magearna
|-damage|p2a: Magearna|0 fnt
|-unboost|p1a: Gholdengo|spa|1
|faint|p2a: Magearna
|
|-message|p2 forfeited.
|
|win|p1
