|poke|p1|Ursaluna, F|
|poke|p1|Uxie|
|poke|p1|Great Tusk|
|poke|p1|Rillaboom, F|
|poke|p1|Sneasler, F|
|poke|p1|Heatran, M|
|poke|p2|Uxie|
|poke|p2|Magearna|
|teampreview
|
|start
|switch|p1a: Rillaboom|Rillaboom, F|100/100
|switch|p2a: Uxie|Uxie, shiny|100/100
|-fieldstart|move: Grassy Terrain|[from] ability: Grassy Surge|[of] p1a: Rillaboom
|turn|1
|
|move|p1a: Rillaboom|Knock Off|p2a: Uxie
|-supereffective|p2a: Uxie
|-damage|p2a: Uxie|45/100
|-enditem|p2a: Uxie|Light Clay|[from] move: Knock Off|[of] p1a: Rillaboom
|move|p2a: Uxie|Reflect|p2a: Uxie
|-sidestart|p2: koraidon03|Reflect
|
|turn|2
|
|move|p1a: Rillaboom|Knock Off|p2a: Uxie
|-supereffective|p2a: Uxie
|-damage|p2a: Uxie|25/100
|move|p2a: Uxie|Light Screen|p2a: Uxie
|-sidestart|p2: koraidon03|move: Light Screen
|
|turn|3
|
|move|p1a: Rillaboom|Knock Off|p2a: Uxie
|-supereffective|p2a: Uxie
|-damage|p2a: Uxie|6/100
|move|p2a: Uxie|Memento|p1a: Rillaboom
|-unboost|p1a: Rillaboom|atk|2
|-unboost|p1a: Rillaboom|spa|2
|faint|p2a: Uxie
|
|
|switch|p2a: Magearna|Magearna|100/100
|turn|4
|
|move|p1a: Rillaboom|Knock Off|p2a: Magearna
|-resisted|p2a: Magearna
|-damage|p2a: Magearna|96/100
|-enditem|p2a: Magearna|Weakness Policy|[from] move: Knock Off|[of] p1a: Rillaboom
|move|p2a: Magearna|Shift Gear|p2a: Magearna
|-boost|p2a: Magearna|spe|2
|-boost|p2a: Magearna|atk|1
|
|-heal|p2a: Magearna|100/100|[from] Grassy Terrain
|turn|5
|
|switch|p1a: Heatran|Heatran, M|100/100
|move|p2a: Magearna|Calm Mind|p2a: Magearna
|-boost|p2a: Magearna|spa|1
|-boost|p2a: Magearna|spd|1
|
|-sideend|p2: koraidon03|Reflect
|-fieldend|move: Grassy Terrain
|turn|6
|
|-terastallize|p2a: Magearna|Fairy
|move|p2a: Magearna|Calm Mind|p2a: Magearna
|-boost|p2a: Magearna|spa|1
|-boost|p2a: Magearna|spd|1
|move|p1a: Heatran|Magma Storm|p2a: Magearna
|-damage|p2a: Magearna|89/100
|-activate|p2a: Magearna|move: Magma Storm|[of] p1a: Heatran
|
|-damage|p2a: Magearna|77/100|[from] move: Magma Storm|[partiallytrapped]
|-sideend|p2: koraidon03|move: Light Screen
|turn|7
|
|move|p2a: Magearna|Calm Mind|p2a: Magearna
|-boost|p2a: Magearna|spa|1
|-boost|p2a: Magearna|spd|1
|move|p1a: Heatran|Taunt|p2a: Magearna
|-start|p2a: Magearna|move: Taunt
|
|-damage|p2a: Magearna|65/100|[from] move: Magma Storm|[partiallytrapped]
|turn|8
|
|move|p2a: Magearna|Stored Power|p1a: Heatran
|-resisted|p1a: Heatran
|-damage|p1a: Heatran|38/100
|move|p1a: Heatran|Will-O-Wisp|p2a: Magearna|[miss]
|-miss|p1a: Heatran|p2a: Magearna
|
|-heal|p1a: Heatran|44/100|[from] item: Leftovers
|-damage|p2a: Magearna|52/100|[from] move: Magma Storm|[partiallytrapped]
|turn|9
|
|move|p2a: Magearna|Stored Power|p1a: Heatran
|-resisted|p1a: Heatran
|-damage|p1a: Heatran|0 fnt
|faint|p1a: Heatran
|-ability|p2a: Magearna|Soul-Heart|boost
|-boost|p2a: Magearna|spa|1
|
|-end|p2a: Magearna|Magma Storm|[partiallytrapped]|[silent]
|
|switch|p1a: Rillaboom|Rillaboom, F|100/100
|-fieldstart|move: Grassy Terrain|[from] ability: Grassy Surge|[of] p1a: Rillaboom
|turn|10
|
|move|p2a: Magearna|Draining Kiss|p1a: Rillaboom
|-damage|p1a: Rillaboom|0 fnt
|-heal|p2a: Magearna|100/100|[from] drain|[of] p1a: Rillaboom
|faint|p1a: Rillaboom
|-ability|p2a: Magearna|Soul-Heart|boost
|-boost|p2a: Magearna|spa|1
|
|-end|p2a: Magearna|move: Taunt
|
|switch|p1a: Sneasler|Sneasler, F|100/100
|-enditem|p1a: Sneasler|Grassy Seed
|-boost|p1a: Sneasler|def|1|[from] item: Grassy Seed
|turn|11
|
|move|p1a: Sneasler|Dire Claw|p2a: Magearna
|-supereffective|p2a: Magearna
|-damage|p2a: Magearna|2/100
|-status|p2a: Magearna|par
|move|p2a: Magearna|Draining Kiss|p1a: Sneasler
|-damage|p1a: Sneasler|0 fnt
|-heal|p2a: Magearna|77/100 par|[from] drain|[of] p1a: Sneasler
|faint|p1a: Sneasler
|-ability|p2a: Magearna|Soul-Heart|boost
|-boost|p2a: Magearna|spa|1
|
|-heal|p2a: Magearna|83/100 par|[from] Grassy Terrain
|
|switch|p1a: Ursaluna|Ursaluna, F|100/100
|turn|12
|
|-terastallize|p1a: Ursaluna|Normal
|move|p2a: Magearna|Stored Power|p1a: Ursaluna
|-damage|p1a: Ursaluna|0 fnt
|faint|p1a: Ursaluna
|
|-heal|p2a: Magearna|89/100 par|[from] Grassy Terrain
|-message|ovb forfeited.
|
|win|koraidon03
