|poke|p1|Chien-Pao|
|poke|p1|Grimmsnarl, M|
|poke|p1|Magearna|
|poke|p1|Dragonite, M|
|poke|p1|Mew|
|poke|p1|Thundurus, M|
|poke|p2|Enamorus, F|
|poke|p2|Dondozo, F|
|poke|p2|Meowscarada, F|
|poke|p2|Dragapult, F|
|poke|p2|Gholdengo|
|poke|p2|Wyrdeer, M|
|teampreview
|
|start
|switch|p1a: Grimmsnarl|Grimmsnarl, M|100/100
|switch|p2a: Dragapult|Dragapult, F|100/100
|turn|1
|
|move|p1a: Grimmsnarl|Reflect|p1a: Grimmsnarl
|-sidestart|p1: EspeonEnthusiastUU|Reflect
|move|p2a: Dragapult|Reflect|p2a: Dragapult
|-sidestart|p2: WATER77|Reflect
|
|turn|2
|
|move|p1a: Grimmsnarl|Light Screen|p1a: Grimmsnarl
|-sidestart|p1: EspeonEnthusiastUU|move: Light Screen
|move|p2a: Dragapult|Light Screen|p2a: Dragapult
|-sidestart|p2: WATER77|move: Light Screen
|
|turn|3
|
|switch|p2a: Dondozo|Dondozo, F, shiny|100/100
|move|p1a: Grimmsnarl|Spirit Break|p2a: Dondozo
|-damage|p2a: Dondozo|92/100
|-unboost|p2a: Dondozo|spa|1
|
|-heal|p2a: Dondozo|98/100|[from] item: Leftovers
|turn|4
|
|move|p1a: Grimmsnarl|Parting Shot|p2a: Dondozo
|-unboost|p2a: Dondozo|atk|1
|-unboost|p2a: Dondozo|spa|1
|
|switch|p1a: Dragonite|Dragonite, M|100/100|[from] Parting Shot
|move|p2a: Dondozo|Curse|p2a: Dondozo
|-unboost|p2a: Dondozo|spe|1
|-boost|p2a: Dondozo|atk|1
|-boost|p2a: Dondozo|def|1
|
|-heal|p2a: Dondozo|100/100|[from] item: Leftovers
|turn|5
|
|move|p1a: Dragonite|Dragon Dance|p1a: Dragonite
|-boost|p1a: Dragonite|atk|1
|-boost|p1a: Dragonite|spe|1
|move|p2a: Dondozo|Curse|p2a: Dondozo
|-unboost|p2a: Dondozo|spe|1
|-boost|p2a: Dondozo|atk|1
|-boost|p2a: Dondozo|def|1
|
|turn|6
|
|move|p1a: Dragonite|Earthquake|p2a: Dondozo
|-damage|p2a: Dondozo|91/100
|move|p2a: Dondozo|Curse|p2a: Dondozo
|-unboost|p2a: Dondozo|spe|1
|-boost|p2a: Dondozo|atk|1
|-boost|p2a: Dondozo|def|1
|
|-heal|p2a: Dondozo|98/100|[from] item: Leftovers
|turn|7
|
|move|p1a: Dragonite|Earthquake|p2a: Dondozo
|-damage|p2a: Dondozo|91/100
|move|p2a: Dondozo|Avalanche|p1a: Dragonite
|-supereffective|p1a: Dragonite
|-damage|p1a: Dragonite|0 fnt
|faint|p1a: Dragonite
|
|-heal|p2a: Dondozo|97/100|[from] item: Leftovers
|
|switch|p1a: Magearna|Magearna|100/100
|turn|8
|
|move|p1a: Magearna|Shift Gear|p1a: Magearna
|-boost|p1a: Magearna|spe|2
|-boost|p1a: Magearna|atk|1
|move|p2a: Dondozo|Aqua Tail|p1a: Magearna|[miss]
|-miss|p2a: Dondozo|p1a: Magearna
|
|-heal|p2a: Dondozo|100/100|[from] item: Leftovers
|-sideend|p2: WATER77|Reflect
|-sideend|p1: EspeonEnthusiastUU|Reflect
|turn|9
|
|move|p1a: Magearna|Calm Mind|p1a: Magearna
|-boost|p1a: Magearna|spa|1
|-boost|p1a: Magearna|spd|1
|move|p2a: Dondozo|Aqua Tail|p1a: Magearna
|-damage|p1a: Magearna|41/100
|
|-sideend|p1: EspeonEnthusiastUU|move: Light Screen
|-sideend|p2: WATER77|move: Light Screen
|turn|10
|
|move|p1a: Magearna|Draining Kiss|p2a: Dondozo
|-damage|p2a: Dondozo|71/100
|-heal|p1a: Magearna|72/100|[from] drain|[of] p2a: Dondozo
|move|p2a: Dondozo|Aqua Tail|p1a: Magearna
|-damage|p1a: Magearna|11/100
|
|-heal|p2a: Dondozo|77/100|[from] item: Leftovers
|turn|11
|
|move|p1a: Magearna|Stored Power|p2a: Dondozo
|-damage|p2a: Dondozo|36/100
|move|p2a: Dondozo|Aqua Tail|p1a: Magearna
|-damage|p1a: Magearna|0 fnt
|faint|p1a: Magearna
|
|-heal|p2a: Dondozo|42/100|[from] item: Leftovers
|
|switch|p1a: Thundurus|Thundurus, M|100/100
|turn|12
|
|move|p1a: Thundurus|Agility|p1a: Thundurus
|-boost|p1a: Thundurus|spe|2
|move|p2a: Dondozo|Avalanche|p1a: Thundurus
|-supereffective|p1a: Thundurus
|-damage|p1a: Thundurus|2/100
|
|-heal|p2a: Dondozo|49/100|[from] item: Leftovers
|turn|13
|
|move|p1a: Thundurus|Wildbolt Storm|p2a: Dondozo|[miss]
|-miss|p1a: Thundurus|p2a: Dondozo
|move|p2a: Dondozo|Avalanche|p1a: Thundurus
|-supereffective|p1a: Thundurus
|-damage|p1a: Thundurus|0 fnt
|faint|p1a: Thundurus
|
|-heal|p2a: Dondozo|55/100|[from] item: Leftovers
|
|switch|p1a: Chien-Pao|Chien-Pao|100/100
|-ability|p1a: Chien-Pao|Sword of Ruin
|turn|14
|
|move|p1a: Chien-Pao|Swords Dance|p1a: Chien-Pao
|-boost|p1a: Chien-Pao|atk|2
|move|p2a: Dondozo|Body Press|p1a: Chien-Pao
|-supereffective|p1a: Chien-Pao
|-enditem|p1a: Chien-Pao|Focus Sash
|-damage|p1a: Chien-Pao|1/100
|
|-heal|p2a: Dondozo|61/100|[from] item: Leftovers
|turn|15
|
|-terastallize|p1a: Chien-Pao|Dark
|move|p1a: Chien-Pao|Throat Chop|p2a: Dondozo
|-damage|p2a: Dondozo|29/100
|-start|p2a: Dondozo|Throat Chop|[silent]
|move|p2a: Dondozo|Body Press|p1a: Chien-Pao
|-supereffective|p1a: Chien-Pao
|-damage|p1a: Chien-Pao|0 fnt
|faint|p1a: Chien-Pao
|
|-heal|p2a: Dondozo|35/100|[from] item: Leftovers
|
|switch|p1a: Mew|Mew|100/100
|turn|16
|
|move|p1a: Mew|Thunder Wave|p2a: Dondozo|[miss]
|-miss|p1a: Mew|p2a: Dondozo
|move|p2a: Dondozo|Aqua Tail|p1a: Mew
|-damage|p1a: Mew|48/100
|
|-heal|p2a: Dondozo|41/100|[from] item: Leftovers
|-end|p2a: Dondozo|Throat Chop|[silent]
|turn|17
|
|move|p1a: Mew|Thunder Wave|p2a: Dondozo
|-status|p2a: Dondozo|par
|move|p2a: Dondozo|Aqua Tail|p1a: Mew
|-damage|p1a: Mew|0 fnt
|faint|p1a: Mew
|
|-heal|p2a: Dondozo|48/100 par|[from] item: Leftovers
|
|switch|p1a: Grimmsnarl|Grimmsnarl, M|100/100
|turn|18
|
|move|p1a: Grimmsnarl|Spirit Break|p2a: Dondozo
|-damage|p2a: Dondozo|40/100 par
|-unboost|p2a: Dondozo|spa|1
|move|p2a: Dondozo|Body Press|p1a: Grimmsnarl
|-damage|p1a: Grimmsnarl|34/100
|
|-heal|p2a: Dondozo|47/100 par|[from] item: Leftovers
|turn|19
|
|move|p1a: Grimmsnarl|Reflect|p1a: Grimmsnarl
|-sidestart|p1: EspeonEnthusiastUU|Reflect
|move|p2a: Dondozo|Body Press|p1a: Grimmsnarl
|-damage|p1a: Grimmsnarl|2/100
|
|-heal|p2a: Dondozo|53/100 par|[from] item: Leftovers
|turn|20
|-message|WATER77 forfeited.
|
|win|EspeonEnthusiastUU
