# advantage = p2
|poke|p1|Great Tusk|
|poke|p1|Skeledirge, F|
|poke|p1|Grimmsnarl, M|
|poke|p1|Rotom-Wash|
|poke|p1|Garchomp, M|
|poke|p1|Volcarona, M|
|poke|p2|Glastrier|
|poke|p2|Magearna|
|poke|p2|Cresselia, F|
|poke|p2|Ursaluna, M|
|poke|p2|Kingambit, F|
|poke|p2|Slowking-Galar, M|
|teampreview
|
|start
|switch|p1a: Rotom|Rotom-Wash|100/100
|switch|p2a: Slowking|Slowking-Galar, M|100/100
|turn|1
|
|move|p1a: Rotom|Thunder Wave|p2a: Slowking
|-status|p2a: Slowking|par
|cant|p2a: Slowking|par
|
|turn|2
|
|move|p1a: Rotom|Volt Switch|p2a: Slowking
|-damage|p2a: Slowking|75/100 par
|
|switch|p1a: Garchomp|Garchomp, M|100/100|[from] Volt Switch
|move|p2a: Slowking|Trick Room|p2a: Slowking
|-fieldstart|move: Trick Room|[of] p2a: Slowking
|
|turn|3
|
|move|p2a: Slowking|Chilly Reception|p2a: Slowking
|-weather|Snow
|
|switch|p2a: Ursaluna|Ursaluna, M|100/100|[from] Chilly Reception
|move|p1a: Garchomp|Stealth Rock|p2a: Ursaluna
|-sidestart|p2: p2|move: Stealth Rock
|
|-weather|Snow|[upkeep]
|-status|p2a: Ursaluna|brn|[from] item: Flame Orb
|turn|4
|
|move|p2a: Ursaluna|Earthquake|p1a: Garchomp
|-damage|p1a: Garchomp|48/100
|move|p1a: Garchomp|Spikes|p2a: Ursaluna
|-sidestart|p2: p2|Spikes
|
|-weather|Snow|[upkeep]
|-damage|p2a: Ursaluna|94/100 brn|[from] brn
|turn|5
|
|switch|p1a: Rotom|Rotom-Wash|100/100
|move|p2a: Ursaluna|Facade|p1a: Rotom
|-damage|p1a: Rotom|0 fnt
|faint|p1a: Rotom
|
|-weather|Snow|[upkeep]
|-damage|p2a: Ursaluna|88/100 brn|[from] brn
|
|switch|p1a: Grimmsnarl|Grimmsnarl, M|100/100
|turn|6
|
|move|p1a: Grimmsnarl|Parting Shot|p2a: Ursaluna
|-unboost|p2a: Ursaluna|atk|1
|-unboost|p2a: Ursaluna|spa|1
|
|switch|p1a: Garchomp|Garchomp, M|48/100|[from] Parting Shot
|move|p2a: Ursaluna|Facade|p1a: Garchomp
|-damage|p1a: Garchomp|0 fnt
|-damage|p2a: Ursaluna|75/100 brn|[from] ability: Rough Skin|[of] p1a: Garchomp
|-damage|p2a: Ursaluna|59/100 brn|[from] item: Rocky Helmet|[of] p1a: Garchomp
|faint|p1a: Garchomp
|
|-weather|Snow|[upkeep]
|-damage|p2a: Ursaluna|53/100 brn|[from] brn
|-fieldend|move: Trick Room
|
|switch|p1a: Great Tusk|Great Tusk|100/100
|turn|7
|
|switch|p2a: Cresselia|Cresselia, F|100/100
|-damage|p2a: Cresselia|88/100|[from] Stealth Rock
|move|p1a: Great Tusk|Close Combat|p2a: Cresselia
|-resisted|p2a: Cresselia
|-damage|p2a: Cresselia|69/100
|-unboost|p1a: Great Tusk|def|1
|-unboost|p1a: Great Tusk|spd|1
|
|-weather|none
|turn|8
|
|move|p1a: Great Tusk|Knock Off|p2a: Cresselia
|-supereffective|p2a: Cresselia
|-damage|p2a: Cresselia|28/100
|-enditem|p2a: Cresselia|Mental Herb|[from] move: Knock Off|[of] p1a: Great Tusk
|move|p2a: Cresselia|Trick Room|p2a: Cresselia
|-fieldstart|move: Trick Room|[of] p2a: Cresselia
|
|turn|9
|
|move|p2a: Cresselia|Ice Beam|p1a: Great Tusk
|-supereffective|p1a: Great Tusk
|-damage|p1a: Great Tusk|22/100
|move|p1a: Great Tusk|Knock Off|p2a: Cresselia
|-supereffective|p2a: Cresselia
|-damage|p2a: Cresselia|0 fnt
|faint|p2a: Cresselia
|
|
|switch|p2a: Ursaluna|Ursaluna, M|53/100 brn
|-damage|p2a: Ursaluna|46/100 brn|[from] Stealth Rock
|-damage|p2a: Ursaluna|34/100 brn|[from] Spikes
|turn|10
|
|move|p2a: Ursaluna|Earthquake|p1a: Great Tusk
|-damage|p1a: Great Tusk|0 fnt
|faint|p1a: Great Tusk
|-end|p1a: Great Tusk|Protosynthesis|[silent]
|
|-damage|p2a: Ursaluna|28/100 brn|[from] brn
|
|switch|p1a: Skeledirge|Skeledirge, F|100/100
|turn|11
|
|-terastallize|p1a: Skeledirge|Fairy
|move|p2a: Ursaluna|Facade|p1a: Skeledirge
|-damage|p1a: Skeledirge|0 fnt
|faint|p1a: Skeledirge
|
|-damage|p2a: Ursaluna|21/100 brn|[from] brn
|-message|p1 forfeited.
|
|win|p2
