# advantage = p1
|poke|p1|Dragapult, F|
|poke|p1|Volcarona, M|
|poke|p1|Zamazenta-*|
|poke|p1|Great Tusk|
|poke|p1|Gholdengo|
|poke|p1|Magearna|
|poke|p2|Kleavor, M|
|poke|p2|Great Tusk|
|poke|p2|Masquerain, M|
|poke|p2|Gholdengo|
|poke|p2|Magearna|
|poke|p2|Hydreigon, M|
|teampreview
|
|start
|switch|p1a: Dragapult|Dragapult, F|100/100
|switch|p2a: Masquerain|Masquerain, M|100/100
|-ability|p2a: Masquerain|Intimidate|boost
|-unboost|p1a: Dragapult|atk|1
|turn|1
|
|move|p1a: Dragapult|Reflect|p1a: Dragapult
|-sidestart|p1: p1|Reflect
|move|p2a: Masquerain|Sticky Web|p1a: Dragapult
|-sidestart|p1: p1|move: Sticky Web
|
|turn|2
|
|move|p1a: Dragapult|Light Screen|p1a: Dragapult
|-sidestart|p1: p1|move: Light Screen
|move|p2a: Masquerain|Quiver Dance|p2a: Masquerain
|-boost|p2a: Masquerain|spa|1
|-boost|p2a: Masquerain|spd|1
|-boost|p2a: Masquerain|spe|1
|
|turn|3
|
|move|p1a: Dragapult|U-turn|p2a: Masquerain
|-resisted|p2a: Masquerain
|-damage|p2a: Masquerain|91/100
|
|switch|p1a: Magearna|Magearna|100/100|[from] U-turn
|-activate|p1a: Magearna|move: Sticky Web
|-unboost|p1a: Magearna|spe|1
|move|p2a: Masquerain|Quiver Dance|p2a: Masquerain
|-boost|p2a: Masquerain|spa|1
|-boost|p2a: Masquerain|spd|1
|-boost|p2a: Masquerain|spe|1
|
|turn|4
|
|switch|p2a: Gholdengo|Gholdengo|100/100
|move|p1a: Magearna|Ice Beam|p2a: Gholdengo
|-resisted|p2a: Gholdengo
|-damage|p2a: Gholdengo|84/100
|
|turn|5
|
|move|p2a: Gholdengo|Nasty Plot|p2a: Gholdengo
|-boost|p2a: Gholdengo|spa|2
|move|p1a: Magearna|Volt Switch|p2a: Gholdengo
|-damage|p2a: Gholdengo|59/100
|
|switch|p1a: Volcarona|Volcarona, M|100/100|[from] Volt Switch
|
|turn|6
|
|move|p1a: Volcarona|Flamethrower|p2a: Gholdengo
|-supereffective|p2a: Gholdengo
|-damage|p2a: Gholdengo|0 fnt
|faint|p2a: Gholdengo
|
|
|switch|p2a: Kleavor|Kleavor, M|100/100
|turn|7
|
|-terastallize|p1a: Volcarona|Ground
|move|p2a: Kleavor|Stone Axe|p1a: Volcarona
|-resisted|p1a: Volcarona
|-damage|p1a: Volcarona|84/100
|-sidestart|p1: p1|move: Stealth Rock
|move|p1a: Volcarona|Quiver Dance|p1a: Volcarona
|-boost|p1a: Volcarona|spa|1
|-boost|p1a: Volcarona|spd|1
|-boost|p1a: Volcarona|spe|1
|
|turn|8
|
|switch|p2a: Hydreigon|Hydreigon, M|100/100
|move|p1a: Volcarona|Quiver Dance|p1a: Volcarona
|-boost|p1a: Volcarona|spa|1
|-boost|p1a: Volcarona|spd|1
|-boost|p1a: Volcarona|spe|1
|
|-sideend|p1: p1|Reflect
|turn|9
|-message|p2 forfeited.
|
|win|p1
