|poke|p1|Chien-Pao|
|poke|p1|Zamazenta-*|
|poke|p1|Basculegion-F, F|
|poke|p1|Magearna|
|poke|p1|Ursaluna, F|
|poke|p1|Dragapult, M|
|poke|p2|Pawmot, M|
|poke|p2|Abomasnow, F|
|poke|p2|Avalugg-Hisui, F|
|poke|p2|Slowking-Galar, M|
|poke|p2|Landorus-Therian, M|
|poke|p2|Magearna|
|teampreview
|
|start
|switch|p1a: Dragapult|Dragapult, M|100/100
|switch|p2a: Landorus|Landorus-Therian, M|100/100
|-ability|p2a: Landorus|Intimidate|boost
|-unboost|p1a: Dragapult|atk|1
|turn|1
|
|move|p1a: Dragapult|Draco Meteor|p2a: Landorus
|-damage|p2a: Landorus|0 fnt
|-unboost|p1a: Dragapult|spa|2
|faint|p2a: Landorus
|
|
|switch|p2a: Dream Lord|Pawmot, M|100/100
|turn|2
|
|switch|p1a: Ursaluna|Ursaluna, F|100/100
|move|p2a: Dream Lord|Revival Blessing|p2a: Dream Lord
|
|-heal|p2: Landorus|50/100|[from] move: Revival Blessing
|
|-status|p1a: Ursaluna|brn|[from] item: Flame Orb
|turn|3
|
|switch|p2a: Slowking|Slowking-Galar, M|100/100
|switch|p1a: Basculegion|Basculegion-F, F|100/100
|
|turn|4
|
|move|p1a: Basculegion|Shadow Ball|p2a: Slowking
|-supereffective|p2a: Slowking
|-damage|p2a: Slowking|0 fnt
|faint|p2a: Slowking
|
|
|switch|p2a: Abomasnow|Abomasnow, F, shiny|100/100
|-weather|Snow|[from] ability: Snow Warning|[of] p2a: Abomasnow
|turn|5
|
|move|p1a: Basculegion|Shadow Ball|p2a: Abomasnow
|-damage|p2a: Abomasnow|40/100
|-unboost|p2a: Abomasnow|spd|1
|move|p2a: Abomasnow|Aurora Veil|p2a: Abomasnow
|-sidestart|p2: Green Costume|move: Aurora Veil
|
|-weather|Snow|[upkeep]
|turn|6
|
|switch|p2a: Dream Lord|Pawmot, M|100/100
|move|p1a: Basculegion|Shadow Ball|p2a: Dream Lord
|-damage|p2a: Dream Lord|44/100
|
|-weather|Snow|[upkeep]
|turn|7
|
|-terastallize|p1a: Basculegion|Ground
|move|p2a: Dream Lord|Rest|p2a: Dream Lord
|-status|p2a: Dream Lord|slp|[from] move: Rest
|-heal|p2a: Dream Lord|100/100 slp|[silent]
|move|p1a: Basculegion|Shadow Ball|p2a: Dream Lord
|-damage|p2a: Dream Lord|60/100 slp
|
|-weather|Snow|[upkeep]
|turn|8
|
|cant|p2a: Dream Lord|slp
|move|p2a: Dream Lord|Sleep Talk|p2a: Dream Lord
|move|p2a: Dream Lord|Rest||[from]move: Sleep Talk|[still]
|-fail|p2a: Dream Lord
|move|p1a: Basculegion|Shadow Ball|p2a: Dream Lord
|-damage|p2a: Dream Lord|17/100 slp
|
|-weather|Snow|[upkeep]
|turn|9
|
|cant|p2a: Dream Lord|slp
|move|p2a: Dream Lord|Sleep Talk|p2a: Dream Lord
|move|p2a: Dream Lord|Revival Blessing|p2a: Dream Lord|[from]move: Sleep Talk
|
|-heal|p2: Slowking|50/100|[from] move: Revival Blessing
|move|p1a: Basculegion|Shadow Ball|p2a: Dream Lord
|-damage|p2a: Dream Lord|0 fnt
|faint|p2a: Dream Lord
|
|-weather|none
|
|switch|p2a: Magearna|Magearna|100/100
|turn|10
|
|move|p1a: Basculegion|Shadow Ball|p2a: Magearna
|-damage|p2a: Magearna|71/100
|-unboost|p2a: Magearna|spd|1
|move|p2a: Magearna|Calm Mind|p2a: Magearna
|-boost|p2a: Magearna|spa|1
|-boost|p2a: Magearna|spd|1
|
|-heal|p2a: Magearna|77/100|[from] item: Leftovers
|turn|11
|
|move|p1a: Basculegion|Shadow Ball|p2a: Magearna
|-damage|p2a: Magearna|49/100
|move|p2a: Magearna|Shift Gear|p2a: Magearna
|-boost|p2a: Magearna|spe|2
|-boost|p2a: Magearna|atk|1
|
|-heal|p2a: Magearna|56/100|[from] item: Leftovers
|turn|12
|
|move|p2a: Magearna|Calm Mind|p2a: Magearna
|-boost|p2a: Magearna|spa|1
|-boost|p2a: Magearna|spd|1
|move|p1a: Basculegion|Shadow Ball|p2a: Magearna
|-damage|p2a: Magearna|37/100
|
|-heal|p2a: Magearna|43/100|[from] item: Leftovers
|-sideend|p2: Green Costume|move: Aurora Veil
|turn|13
|
|move|p2a: Magearna|Calm Mind|p2a: Magearna
|-boost|p2a: Magearna|spa|1
|-boost|p2a: Magearna|spd|1
|move|p1a: Basculegion|Shadow Ball|p2a: Magearna
|-damage|p2a: Magearna|15/100
|
|-heal|p2a: Magearna|21/100|[from] item: Leftovers
|turn|14
|
|move|p2a: Magearna|Draining Kiss|p1a: Basculegion
|-damage|p1a: Basculegion|30/100
|-heal|p2a: Magearna|88/100|[from] drain|[of] p1a: Basculegion
|move|p1a: Basculegion|Shadow Ball|p2a: Magearna
|-damage|p2a: Magearna|58/100
|
|-heal|p2a: Magearna|64/100|[from] item: Leftovers
|turn|15
|
|move|p2a: Magearna|Calm Mind|p2a: Magearna
|-boost|p2a: Magearna|spa|1
|-boost|p2a: Magearna|spd|1
|move|p1a: Basculegion|Shadow Ball|p2a: Magearna
|-damage|p2a: Magearna|42/100
|
|-heal|p2a: Magearna|48/100|[from] item: Leftovers
|turn|16
|
|move|p2a: Magearna|Calm Mind|p2a: Magearna
|-boost|p2a: Magearna|spa|1
|-boost|p2a: Magearna|spd|1
|move|p1a: Basculegion|Shadow Ball|p2a: Magearna
|-damage|p2a: Magearna|31/100
|
|-heal|p2a: Magearna|38/100|[from] item: Leftovers
|turn|17
|
|move|p2a: Magearna|Shift Gear|p2a: Magearna
|-boost|p2a: Magearna|spe|2
|-boost|p2a: Magearna|atk|1
|move|p1a: Basculegion|Shadow Ball|p2a: Magearna
|-damage|p2a: Magearna|18/100
|
|-heal|p2a: Magearna|24/100|[from] item: Leftovers
|turn|18
|
|move|p2a: Magearna|Draining Kiss|p1a: Basculegion
|-damage|p1a: Basculegion|0 fnt
|-heal|p2a: Magearna|51/100|[from] drain|[of] p1a: Basculegion
|faint|p1a: Basculegion
|-ability|p2a: Magearna|Soul-Heart|boost
|-boost|p2a: Magearna|spa|1
|
|-heal|p2a: Magearna|57/100|[from] item: Leftovers
|
|switch|p1a: Zamazenta|Zamazenta-Crowned|100/100
|-ability|p1a: Zamazenta|Dauntless Shield|boost
|-boost|p1a: Zamazenta|def|1
|turn|19
|
|move|p2a: Magearna|Stored Power|p1a: Zamazenta
|-damage|p1a: Zamazenta|0 fnt
|faint|p1a: Zamazenta
|
|-heal|p2a: Magearna|63/100|[from] item: Leftovers
|-message|Lenny331 forfeited.
|
|win|Green Costume
