|poke|p1|Overqwil, M|
|poke|p1|Great Tusk|
|poke|p1|Enamorus, F|
|poke|p1|Chien-Pao|
|poke|p1|Rillaboom, F|
|poke|p1|Volcanion|
|poke|p2|Ceruledge, M|
|poke|p2|Cinderace, F|
|poke|p2|Torkoal, F|
|poke|p2|Iron Moth|
|poke|p2|Rotom-Heat|
|poke|p2|Charizard, M|
|teampreview
|
|start
|switch|p1a: Great Tusk|Great Tusk|100/100
|switch|p2a: Torkoal|Torkoal, F|100/100
|-weather|SunnyDay|[from] ability: Drought|[of] p2a: Torkoal
|-activate|p1a: Great Tusk|ability: Protosynthesis
|-start|p1a: Great Tusk|protosynthesisdef
|turn|1
|
|move|p1a: Great Tusk|Knock Off|p2a: Torkoal
|-damage|p2a: Torkoal|85/100
|-enditem|p2a: Torkoal|Heat Rock|[from] move: Knock Off|[of] p1a: Great Tusk
|move|p2a: Torkoal|Yawn|p1a: Great Tusk
|-start|p1a: Great Tusk|move: Yawn|[of] p2a: Torkoal
|
|-weather|SunnyDay|[upkeep]
|turn|2
|
|move|p1a: Great Tusk|Stealth Rock|p2a: Torkoal
|-sidestart|p2: p2|move: Stealth Rock
|move|p2a: Torkoal|Stealth Rock|p1a: Great Tusk
|-sidestart|p1: p1|move: Stealth Rock
|
|-weather|SunnyDay|[upkeep]
|-end|p1a: Great Tusk|move: Yawn|[silent]
|-status|p1a: Great Tusk|slp
|turn|3
|
|cant|p1a: Great Tusk|slp
|move|p2a: Torkoal|Rapid Spin|p1a: Great Tusk
|-damage|p1a: Great Tusk|97/100 slp
|-boost|p2a: Torkoal|spe|1
|-sideend|p2: p2|Stealth Rock|[from] move: Rapid Spin|[of] p2a: Torkoal
|
|-weather|SunnyDay|[upkeep]
|-heal|p1a: Great Tusk|100/100 slp|[from] item: Leftovers
|turn|4
|
|switch|p2a: Charizard|Charizard, M|100/100
|cant|p1a: Great Tusk|slp
|
|-weather|SunnyDay|[upkeep]
|-damage|p2a: Charizard|88/100|[from] ability: Solar Power|[of] p2a: Charizard
|turn|5
|
|move|p2a: Charizard|Solar Beam||[still]
|-prepare|p2a: Charizard|Solar Beam
|-anim|p2a: Charizard|Solar Beam|p1a: Great Tusk
|-supereffective|p1a: Great Tusk
|-damage|p1a: Great Tusk|0 fnt
|faint|p1a: Great Tusk
|-end|p1a: Great Tusk|Protosynthesis|[silent]
|-damage|p2a: Charizard|78/100|[from] item: Life Orb
|
|-weather|SunnyDay|[upkeep]
|-damage|p2a: Charizard|66/100|[from] ability: Solar Power|[of] p2a: Charizard
|
|switch|p1a: Rillaboom|Rillaboom, F|100/100
|-damage|p1a: Rillaboom|88/100|[from] Stealth Rock
|-fieldstart|move: Grassy Terrain|[from] ability: Grassy Surge|[of] p1a: Rillaboom
|turn|6
|
|move|p2a: Charizard|Flamethrower|p1a: Rillaboom
|-supereffective|p1a: Rillaboom
|-damage|p1a: Rillaboom|0 fnt
|faint|p1a: Rillaboom
|-damage|p2a: Charizard|56/100|[from] item: Life Orb
|
|-weather|SunnyDay|[upkeep]
|-damage|p2a: Charizard|44/100|[from] ability: Solar Power|[of] p2a: Charizard
|
|switch|p1a: Chien-Pao|Chien-Pao|100/100
|-damage|p1a: Chien-Pao|76/100|[from] Stealth Rock
|-ability|p1a: Chien-Pao|Sword of Ruin
|turn|7
|
|move|p1a: Chien-Pao|Crunch|p2a: Charizard
|-damage|p2a: Charizard|0 fnt
|faint|p2a: Charizard
|
|-weather|SunnyDay|[upkeep]
|-heal|p1a: Chien-Pao|82/100|[from] Grassy Terrain
|
|switch|p2a: Rotom|Rotom-Heat, shiny|100/100
|turn|8
|
|switch|p1a: Volcanion|Volcanion|100/100
|-damage|p1a: Volcanion|76/100|[from] Stealth Rock
|move|p2a: Rotom|Overheat|p1a: Volcanion
|-resisted|p1a: Volcanion
|-damage|p1a: Volcanion|59/100
|-unboost|p2a: Rotom|spa|2
|
|-weather|none
|-heal|p1a: Volcanion|66/100|[from] Grassy Terrain
|turn|9
|
|switch|p2a: Torkoal|Torkoal, F|85/100
|-weather|SunnyDay|[from] ability: Drought|[of] p2a: Torkoal
|move|p1a: Volcanion|Steam Eruption|p2a: Torkoal
|-supereffective|p2a: Torkoal
|-damage|p2a: Torkoal|0 fnt
|faint|p2a: Torkoal
|
|-weather|SunnyDay|[upkeep]
|-heal|p1a: Volcanion|72/100|[from] Grassy Terrain
|
|switch|p2a: Rotom|Rotom-Heat, shiny|100/100
|turn|10
|
|-terastallize|p1a: Volcanion|Fire
|move|p2a: Rotom|Volt Switch|p1a: Volcanion
|-damage|p1a: Volcanion|45/100
|
|switch|p2a: Iron Moth|Iron Moth|100/100|[from] Volt Switch
|-enditem|p2a: Iron Moth|Booster Energy
|-activate|p2a: Iron Moth|ability: Quark Drive|[fromitem]
|-start|p2a: Iron Moth|quarkdrivespa
|move|p1a: Volcanion|Steam Eruption|p2a: Iron Moth|[miss]
|-miss|p1a: Volcanion|p2a: Iron Moth
|
|-weather|SunnyDay|[upkeep]
|-heal|p1a: Volcanion|51/100|[from] Grassy Terrain
|-fieldend|move: Grassy Terrain
|turn|11
|
|move|p2a: Iron Moth|Sludge Wave|p1a: Volcanion
|-damage|p1a: Volcanion|0 fnt
|faint|p1a: Volcanion
|
|-weather|SunnyDay|[upkeep]
|
|switch|p1a: Overqwil|Overqwil, M|100/100
|-damage|p1a: Overqwil|88/100|[from] Stealth Rock
|-ability|p1a: Overqwil|Intimidate|boost
|-unboost|p2a: Iron Moth|atk|1
|-item|p1a: Overqwil|Air Balloon
|turn|12
|
|move|p2a: Iron Moth|Fiery Dance|p1a: Overqwil
|-damage|p1a: Overqwil|0 fnt
|-enditem|p1a: Overqwil|Air Balloon
|faint|p1a: Overqwil
|
|-weather|SunnyDay|[upkeep]
|
|switch|p1a: Chien-Pao|Chien-Pao|82/100
|-damage|p1a: Chien-Pao|57/100|[from] Stealth Rock
|-ability|p1a: Chien-Pao|Sword of Ruin
|turn|13
|
|move|p1a: Chien-Pao|Crunch|p2a: Iron Moth
|-damage|p2a: Iron Moth|0 fnt
|faint|p2a: Iron Moth
|-end|p2a: Iron Moth|Quark Drive|[silent]
|
|-weather|none
|
|switch|p2a: Rotom|Rotom-Heat, shiny|100/100
|turn|14
|
|move|p2a: Rotom|Overheat|p1a: Chien-Pao
|-supereffective|p1a: Chien-Pao
|-damage|p1a: Chien-Pao|0 fnt
|-unboost|p2a: Rotom|spa|2
|faint|p1a: Chien-Pao
|
|
|switch|p1a: Enamorus|Enamorus, F|100/100
|-damage|p1a: Enamorus|76/100|[from] Stealth Rock
|turn|15
|
|switch|p2a: Cinderace|Cinderace, F, shiny|100/100
|move|p1a: Enamorus|Superpower|p2a: Cinderace
|-damage|p2a: Cinderace|41/100
|-boost|p1a: Enamorus|atk|1
|-boost|p1a: Enamorus|def|1
|
|-heal|p1a: Enamorus|82/100|[from] item: Leftovers
|turn|16
|
|move|p2a: Cinderace|Pyro Ball|p1a: Enamorus|[miss]
|-miss|p2a: Cinderace|p1a: Enamorus
|move|p1a: Enamorus|Superpower|p2a: Cinderace
|-damage|p2a: Cinderace|0 fnt
|-boost|p1a: Enamorus|atk|1
|-boost|p1a: Enamorus|def|1
|faint|p2a: Cinderace
|
|-heal|p1a: Enamorus|88/100|[from] item: Leftovers
|
|switch|p2a: Ceruledge|Ceruledge, M, shiny|100/100
|turn|17
|
|move|p1a: Enamorus|Play Rough|p2a: Ceruledge
|-resisted|p2a: Ceruledge
|-damage|p2a: Ceruledge|40/100
|-ability|p2a: Ceruledge|Weak Armor|boost
|-unboost|p2a: Ceruledge|def|1
|-boost|p2a: Ceruledge|spe|2
|move|p2a: Ceruledge|Swords Dance|p2a: Ceruledge
|-boost|p2a: Ceruledge|atk|2
|
|-heal|p1a: Enamorus|94/100|[from] item: Leftovers
|turn|18
|
|move|p2a: Ceruledge|Bitter Blade|p1a: Enamorus
|-damage|p1a: Enamorus|8/100
|-heal|p2a: Ceruledge|83/100|[from] drain|[of] p1a: Enamorus
|move|p1a: Enamorus|Play Rough|p2a: Ceruledge
|-resisted|p2a: Ceruledge
|-damage|p2a: Ceruledge|0 fnt
|faint|p2a: Ceruledge
|
|-heal|p1a: Enamorus|14/100|[from] item: Leftovers
|
|switch|p2a: Rotom|Rotom-Heat, shiny|100/100
|turn|19
|
|move|p2a: Rotom|Volt Switch|p1a: Enamorus
|-supereffective|p1a: Enamorus
|-damage|p1a: Enamorus|0 fnt
|faint|p1a: Enamorus
|
|win|p2
