|poke|p1|Urshifu-*, F|
|poke|p1|Slowking-Galar, M|
|poke|p1|Great Tusk|
|poke|p1|Dragapult, M|
|poke|p1|Zapdos|
|poke|p1|Garganacl, F|
|poke|p2|Pelipper, M|
|poke|p2|Samurott-Hisui, M|
|poke|p2|Basculegion, M|
|poke|p2|Zapdos|
|poke|p2|Iron Treads|
|poke|p2|Gholdengo|
|teampreview
|
|start
|switch|p1a: Zapdos|Zapdos|100/100
|switch|p2a: Samurai Batman|Samurott-Hisui, M|100/100
|turn|1
|
|switch|p2a: Iron Treads|Iron Treads|100/100
|-enditem|p2a: Iron Treads|Booster Energy
|-activate|p2a: Iron Treads|ability: Quark Drive|[fromitem]
|-start|p2a: Iron Treads|quarkdrivespe
|move|p1a: Zapdos|Volt Switch|p2a: Iron Treads
|-immune|p2a: Iron Treads
|
|turn|2
|
|move|p2a: Iron Treads|Stealth Rock|p1a: Zapdos
|-sidestart|p1: kownish|move: Stealth Rock
|move|p1a: Zapdos|Heat Wave|p2a: Iron Treads
|-supereffective|p2a: Iron Treads
|-crit|p2a: Iron Treads
|-damage|p2a: Iron Treads|0 fnt
|faint|p2a: Iron Treads
|-end|p2a: Iron Treads|Quark Drive|[silent]
|
|
|switch|p2a: Fellati|Pelipper, M|100/100
|-weather|RainDance|[from] ability: Drizzle|[of] p2a: Fellati
|turn|3
|
|switch|p2a: Calambrazotwo|Zapdos|100/100
|move|p1a: Zapdos|Volt Switch|p2a: Calambrazotwo
|-damage|p2a: Calambrazotwo|72/100
|
|switch|p1a: Dragapult|Dragapult, M|100/100|[from] Volt Switch
|-damage|p1a: Dragapult|88/100|[from] Stealth Rock
|
|-weather|RainDance|[upkeep]
|turn|4
|
|switch|p2a: Samurai Batman|Samurott-Hisui, M|100/100
|move|p1a: Dragapult|Draco Meteor|p2a: Samurai Batman
|-damage|p2a: Samurai Batman|0 fnt
|-unboost|p1a: Dragapult|spa|2
|faint|p2a: Samurai Batman
|
|-weather|RainDance|[upkeep]
|
|switch|p2a: Bascuindividual|Basculegion, M|100/100
|turn|5
|
|move|p2a: Bascuindividual|Liquidation|p1a: Dragapult
|-resisted|p1a: Dragapult
|-damage|p1a: Dragapult|32/100
|move|p1a: Dragapult|Draco Meteor|p2a: Bascuindividual
|-damage|p2a: Bascuindividual|53/100
|-unboost|p1a: Dragapult|spa|2
|
|-weather|RainDance|[upkeep]
|turn|6
|
|switch|p1a: Great Tusk|Great Tusk|100/100
|-damage|p1a: Great Tusk|98/100|[from] Stealth Rock
|move|p2a: Bascuindividual|Liquidation|p1a: Great Tusk
|-supereffective|p1a: Great Tusk
|-damage|p1a: Great Tusk|13/100
|
|-weather|RainDance|[upkeep]
|-heal|p1a: Great Tusk|19/100|[from] item: Leftovers
|turn|7
|
|move|p2a: Bascuindividual|Liquidation|p1a: Great Tusk
|-supereffective|p1a: Great Tusk
|-damage|p1a: Great Tusk|0 fnt
|faint|p1a: Great Tusk
|-end|p1a: Great Tusk|Protosynthesis|[silent]
|
|-weather|RainDance|[upkeep]
|
|switch|p1a: Urshifu|Urshifu-Rapid-Strike, F|100/100
|-damage|p1a: Urshifu|94/100|[from] Stealth Rock
|turn|8
|
|switch|p2a: Calambrazotwo|Zapdos|72/100
|move|p1a: Urshifu|Surging Strikes|p2a: Calambrazotwo
|-crit|p2a: Calambrazotwo
|-damage|p2a: Calambrazotwo|34/100
|-crit|p2a: Calambrazotwo
|-damage|p2a: Calambrazotwo|0 fnt
|-status|p1a: Urshifu|par|[from] ability: Static|[of] p2a: Calambrazotwo
|faint|p2a: Calambrazotwo
|-hitcount|p2: Calambrazotwo|2
|
|-weather|RainDance|[upkeep]
|
|switch|p2a: Fellati|Pelipper, M|100/100
|turn|9
|
|move|p2a: Fellati|U-turn|p1a: Urshifu
|-resisted|p1a: Urshifu
|-damage|p1a: Urshifu|90/100 par
|
|switch|p2a: Feeling romantical|Gholdengo|100/100|[from] U-turn
|cant|p1a: Urshifu|par
|
|-weather|RainDance|[upkeep]
|turn|10
|
|move|p2a: Feeling romantical|Shadow Ball|p1a: Urshifu
|-damage|p1a: Urshifu|41/100 par
|cant|p1a: Urshifu|par
|
|-weather|none
|turn|11
|
|switch|p1a: Garganacl|Garganacl, F|100/100
|-damage|p1a: Garganacl|88/100|[from] Stealth Rock
|move|p2a: Feeling romantical|Shadow Ball|p1a: Garganacl
|-damage|p1a: Garganacl|75/100
|
|-heal|p1a: Garganacl|82/100|[from] item: Leftovers
|turn|12
|
|move|p2a: Feeling romantical|Nasty Plot|p2a: Feeling romantical
|-boost|p2a: Feeling romantical|spa|2
|move|p1a: Garganacl|Salt Cure|p2a: Feeling romantical
|-resisted|p2a: Feeling romantical
|-damage|p2a: Feeling romantical|94/100
|
|-heal|p1a: Garganacl|88/100|[from] item: Leftovers
|turn|13
|
|move|p2a: Feeling romantical|Shadow Ball|p1a: Garganacl
|-damage|p1a: Garganacl|66/100
|-unboost|p1a: Garganacl|spd|1
|move|p1a: Garganacl|Earthquake|p2a: Feeling romantical
|-supereffective|p2a: Feeling romantical
|-damage|p2a: Feeling romantical|48/100
|
|-heal|p1a: Garganacl|72/100|[from] item: Leftovers
|turn|14
|
|switch|p1a: Urshifu|Urshifu-Rapid-Strike, F|41/100 par
|-damage|p1a: Urshifu|35/100 par|[from] Stealth Rock
|move|p2a: Feeling romantical|Recover|p2a: Feeling romantical
|-heal|p2a: Feeling romantical|98/100
|
|turn|15
|
|move|p1a: Urshifu|Aqua Jet|p2a: Feeling romantical
|-damage|p2a: Feeling romantical|71/100
|move|p2a: Feeling romantical|Shadow Ball|p1a: Urshifu
|-damage|p1a: Urshifu|0 fnt
|faint|p1a: Urshifu
|
|
|switch|p1a: Dragapult|Dragapult, M|32/100
|-damage|p1a: Dragapult|20/100|[from] Stealth Rock
|turn|16
|
|-terastallize|p2a: Feeling romantical|Steel
|move|p1a: Dragapult|Shadow Ball|p2a: Feeling romantical
|-damage|p2a: Feeling romantical|24/100
|move|p2a: Feeling romantical|Shadow Ball|p1a: Dragapult
|-supereffective|p1a: Dragapult
|-damage|p1a: Dragapult|0 fnt
|faint|p1a: Dragapult
|
|
|switch|p1a: Zapdos|Zapdos|100/100
|turn|17
|
|switch|p2a: Fellati|Pelipper, M|100/100
|-weather|RainDance|[from] ability: Drizzle|[of] p2a: Fellati
|move|p1a: Zapdos|Heat Wave|p2a: Fellati
|-resisted|p2a: Fellati
|-damage|p2a: Fellati|94/100
|
|-weather|RainDance|[upkeep]
|turn|18
|
|move|p1a: Zapdos|Volt Switch|p2a: Fellati
|-supereffective|p2a: Fellati
|-damage|p2a: Fellati|0 fnt
|faint|p2a: Fellati
|
|switch|p1a: Garganacl|Garganacl, F|72/100|[from] Volt Switch
|-damage|p1a: Garganacl|59/100|[from] Stealth Rock
|
|-weather|RainDance|[upkeep]
|-heal|p1a: Garganacl|66/100|[from] item: Leftovers
|
|switch|p2a: Feeling romantical|Gholdengo, tera:Steel|24/100
|turn|19
|
|switch|p2a: Bascuindividual|Basculegion, M|53/100
|-terastallize|p1a: Garganacl|Water
|move|p1a: Garganacl|Recover|p1a: Garganacl
|-heal|p1a: Garganacl|100/100
|
|-weather|RainDance|[upkeep]
|turn|20
|-message|PTKmoekyuun forfeited.
|
|win|kownish
