|poke|p1|Arcanine-Hisui, F|
|poke|p1|Meowscarada, M|
|poke|p1|Corviknight, M|
|poke|p1|Dragapult, F|
|poke|p1|Thundurus, M|
|poke|p1|Lilligant-Hisui, F|
|poke|p2|Skeledirge, M|
|poke|p2|Glimmora, M|
|poke|p2|Clodsire, F|
|poke|p2|Dondozo, F|
|poke|p2|Arboliva, F|
|poke|p2|Dachsbun, F|
|teampreview
|
|start
|switch|p1a: Corviknight|Corviknight, M|100/100
|switch|p2a: Glimmora|Glimmora, M|100/100
|turn|1
|
|move|p2a: Glimmora|Toxic|p1a: Corviknight
|-status|p1a: Corviknight|tox
|move|p1a: Corviknight|Body Press|p2a: Glimmora
|-damage|p2a: Glimmora|68/100
|
|-damage|p1a: Corviknight|94/100 tox|[from] psn
|turn|2
|
|move|p2a: Glimmora|Power Gem|p1a: Corviknight
|-damage|p1a: Corviknight|55/100 tox
|move|p1a: Corviknight|Body Press|p2a: Glimmora
|-damage|p2a: Glimmora|38/100
|
|-damage|p1a: Corviknight|43/100 tox|[from] psn
|turn|3
|
|move|p2a: Glimmora|Power Gem|p1a: Corviknight
|-damage|p1a: Corviknight|1/100 tox
|move|p1a: Corviknight|U-turn|p2a: Glimmora
|-resisted|p2a: Glimmora
|-damage|p2a: Glimmora|28/100
|
|switch|p1a: Lilligant|Lilligant-Hisui, F|100/100|[from] U-turn
|
|turn|4
|
|switch|p2a: Dachsbun|Dachsbun, F|100/100
|move|p1a: Lilligant|Close Combat|p2a: Dachsbun
|-resisted|p2a: Dachsbun
|-damage|p2a: Dachsbun|65/100
|-unboost|p1a: Lilligant|def|1
|-unboost|p1a: Lilligant|spd|1
|-damage|p1a: Lilligant|91/100|[from] item: Life Orb
|
|-heal|p2a: Dachsbun|71/100|[from] item: Leftovers
|turn|5
|
|switch|p1a: Corviknight|Corviknight, M|1/100 tox
|move|p2a: Dachsbun|Wish|p2a: Dachsbun
|
|-heal|p2a: Dachsbun|77/100|[from] item: Leftovers
|-damage|p1a: Corviknight|0 fnt|[from] psn
|faint|p1a: Corviknight
|
|switch|p1a: Arcanine|Arcanine-Hisui, F|100/100
|turn|6
|
|switch|p2a: Dondozo|Dondozo, F|100/100
|move|p1a: Arcanine|Head Smash|p2a: Dondozo
|-damage|p2a: Dondozo|69/100
|
|-heal|p2a: Dondozo|100/100|[from] move: Wish|[wisher] Dachsbun
|turn|7
|
|switch|p1a: Meowscarada|Meowscarada, M|100/100
|switch|p2a: Skeledirge|Skeledirge, M|100/100
|
|turn|8
|
|-terastallize|p2a: Skeledirge|Fire
|move|p1a: Meowscarada|Spikes|p2a: Skeledirge
|-start|p1a: Meowscarada|typechange|Ground|[from] ability: Protean
|-sidestart|p2: p2|Spikes
|move|p2a: Skeledirge|Will-O-Wisp|p1a: Meowscarada
|-status|p1a: Meowscarada|brn
|
|-damage|p1a: Meowscarada|94/100 brn|[from] brn
|turn|9
|
|switch|p2a: Dachsbun|Dachsbun, F|77/100
|-damage|p2a: Dachsbun|65/100|[from] Spikes
|move|p1a: Meowscarada|Spikes|p2a: Dachsbun
|-sidestart|p2: p2|Spikes
|
|-heal|p2a: Dachsbun|71/100|[from] item: Leftovers
|-damage|p1a: Meowscarada|88/100 brn|[from] brn
|turn|10
|
|move|p1a: Meowscarada|Spikes|p2a: Dachsbun
|-sidestart|p2: p2|Spikes
|move|p2a: Dachsbun|Wish|p2a: Dachsbun
|
|-heal|p2a: Dachsbun|77/100|[from] item: Leftovers
|-damage|p1a: Meowscarada|82/100 brn|[from] brn
|turn|11
|
|move|p1a: Meowscarada|U-turn|p2a: Dachsbun
|-resisted|p2a: Dachsbun
|-damage|p2a: Dachsbun|73/100
|
|switch|p1a: Thundurus|Thundurus, M|100/100|[from] U-turn
|move|p2a: Dachsbun|Play Rough|p1a: Thundurus
|-damage|p1a: Thundurus|64/100
|
|-heal|p2a: Dachsbun|100/100|[from] move: Wish|[wisher] Dachsbun
|turn|12
|
|switch|p2a: Clodsire|Clodsire, F|100/100
|-damage|p2a: Clodsire|75/100|[from] Spikes
|move|p1a: Thundurus|Nasty Plot|p1a: Thundurus
|-boost|p1a: Thundurus|spa|2
|
|-heal|p2a: Clodsire|82/100|[from] item: Black Sludge
|turn|13
|
|move|p1a: Thundurus|Grass Knot|p2a: Clodsire
|-damage|p2a: Clodsire|60/100
|move|p2a: Clodsire|Toxic|p1a: Thundurus
|-status|p1a: Thundurus|tox
|
|-heal|p2a: Clodsire|66/100|[from] item: Black Sludge
|-damage|p1a: Thundurus|58/100 tox|[from] psn
|turn|14
|
|move|p1a: Thundurus|Grass Knot|p2a: Clodsire
|-damage|p2a: Clodsire|43/100
|move|p2a: Clodsire|Stealth Rock|p1a: Thundurus
|-sidestart|p1: p1|move: Stealth Rock
|
|-heal|p2a: Clodsire|50/100|[from] item: Black Sludge
|-damage|p1a: Thundurus|46/100 tox|[from] psn
|turn|15
|
|move|p1a: Thundurus|Grass Knot|p2a: Clodsire
|-damage|p2a: Clodsire|30/100
|move|p2a: Clodsire|Recover|p2a: Clodsire
|-heal|p2a: Clodsire|80/100
|
|-heal|p2a: Clodsire|86/100|[from] item: Black Sludge
|-damage|p1a: Thundurus|28/100 tox|[from] psn
|turn|16
|
|move|p1a: Thundurus|Grass Knot|p2a: Clodsire
|-damage|p2a: Clodsire|63/100
|move|p2a: Clodsire|Recover|p2a: Clodsire
|-heal|p2a: Clodsire|100/100
|
|-damage|p1a: Thundurus|4/100 tox|[from] psn
|turn|17
|
|move|p1a: Thundurus|Grass Knot|p2a: Clodsire
|-damage|p2a: Clodsire|79/100
|move|p2a: Clodsire|Recover|p2a: Clodsire
|-heal|p2a: Clodsire|100/100
|
|-damage|p1a: Thundurus|0 fnt|[from] psn
|faint|p1a: Thundurus
|
|switch|p1a: Lilligant|Lilligant-Hisui, F|91/100
|-damage|p1a: Lilligant|84/100|[from] Stealth Rock
|turn|18
|
|move|p1a: Lilligant|Ice Spinner|p2a: Clodsire
|-supereffective|p2a: Clodsire
|-damage|p2a: Clodsire|0 fnt
|faint|p2a: Clodsire
|-damage|p1a: Lilligant|75/100|[from] item: Life Orb
|
|
|switch|p2a: Skeledirge|Skeledirge, M, tera:Fire|100/100
|turn|19
|
|switch|p1a: Meowscarada|Meowscarada, M|82/100 brn
|move|p2a: Skeledirge|Hex|p1a: Meowscarada
|-resisted|p1a: Meowscarada
|-damage|p1a: Meowscarada|47/100 brn
|
|-damage|p1a: Meowscarada|40/100 brn|[from] brn
|turn|20
|
|switch|p2a: Dachsbun|Dachsbun, F|100/100
|-damage|p2a: Dachsbun|76/100|[from] Spikes
|move|p1a: Meowscarada|Knock Off|p2a: Dachsbun
|-start|p1a: Meowscarada|typechange|Dark|[from] ability: Protean
|-resisted|p2a: Dachsbun
|-damage|p2a: Dachsbun|67/100
|-enditem|p2a: Dachsbun|Leftovers|[from] move: Knock Off|[of] p1a: Meowscarada
|
|-damage|p1a: Meowscarada|34/100 brn|[from] brn
|turn|21
|
|move|p1a: Meowscarada|Flower Trick|p2a: Dachsbun
|-crit|p2a: Dachsbun
|-damage|p2a: Dachsbun|56/100
|move|p2a: Dachsbun|Wish|p2a: Dachsbun
|
|-damage|p1a: Meowscarada|28/100 brn|[from] brn
|turn|22
|
|move|p1a: Meowscarada|Knock Off|p2a: Dachsbun
|-resisted|p2a: Dachsbun
|-damage|p2a: Dachsbun|50/100
|move|p2a: Dachsbun|Play Rough|p1a: Meowscarada
|-supereffective|p1a: Meowscarada
|-damage|p1a: Meowscarada|0 fnt
|faint|p1a: Meowscarada
|
|-heal|p2a: Dachsbun|100/100|[from] move: Wish|[wisher] Dachsbun
|
|switch|p1a: Arcanine|Arcanine-Hisui, F|100/100
|turn|23
|
|move|p2a: Dachsbun|Protect|p2a: Dachsbun
|-singleturn|p2a: Dachsbun|Protect
|move|p1a: Arcanine|Head Smash|p2a: Dachsbun
|-activate|p2a: Dachsbun|move: Protect
|
|turn|24
|
|switch|p2a: Dondozo|Dondozo, F|100/100
|move|p1a: Arcanine|Head Smash|p2a: Dondozo
|-damage|p2a: Dondozo|70/100
|
|turn|25
|
|switch|p1a: Dragapult|Dragapult, F|100/100
|-damage|p1a: Dragapult|88/100|[from] Stealth Rock
|switch|p2a: Skeledirge|Skeledirge, M, tera:Fire|100/100
|
|turn|26
|
|move|p1a: Dragapult|Shadow Ball|p2a: Skeledirge
|-damage|p2a: Skeledirge|41/100
|move|p2a: Skeledirge|Hex|p1a: Dragapult
|-supereffective|p1a: Dragapult
|-damage|p1a: Dragapult|24/100
|
|turn|27
|
|switch|p2a: Arboliva|Arboliva, F|100/100
|-damage|p2a: Arboliva|75/100|[from] Spikes
|move|p1a: Dragapult|Shadow Ball|p2a: Arboliva
|-immune|p2a: Arboliva
|
|turn|28
|
|switch|p1a: Lilligant|Lilligant-Hisui, F|75/100
|-damage|p1a: Lilligant|68/100|[from] Stealth Rock
|move|p2a: Arboliva|Reflect|p2a: Arboliva
|-sidestart|p2: p2|Reflect
|
|turn|29
|
|switch|p2a: Skeledirge|Skeledirge, M, tera:Fire|41/100
|move|p1a: Lilligant|Victory Dance|p1a: Lilligant
|-boost|p1a: Lilligant|atk|1
|-boost|p1a: Lilligant|def|1
|-boost|p1a: Lilligant|spe|1
|
|turn|30
|
|-terastallize|p1a: Lilligant|Fighting
|move|p1a: Lilligant|Close Combat|p2a: Skeledirge
|-damage|p2a: Skeledirge|1/100
|-unboost|p1a: Lilligant|def|1
|-unboost|p1a: Lilligant|spd|1
|-damage|p1a: Lilligant|59/100|[from] item: Life Orb
|move|p2a: Skeledirge|Slack Off|p2a: Skeledirge
|-heal|p2a: Skeledirge|51/100
|
|turn|31
|
|move|p1a: Lilligant|Close Combat|p2a: Skeledirge
|-damage|p2a: Skeledirge|11/100
|-unboost|p1a: Lilligant|def|1
|-unboost|p1a: Lilligant|spd|1
|-damage|p1a: Lilligant|49/100|[from] item: Life Orb
|move|p2a: Skeledirge|Slack Off|p2a: Skeledirge
|-heal|p2a: Skeledirge|61/100
|
|turn|32
|
|move|p1a: Lilligant|Close Combat|p2a: Skeledirge
|-damage|p2a: Skeledirge|16/100
|-unboost|p1a: Lilligant|def|1
|-unboost|p1a: Lilligant|spd|1
|-damage|p1a: Lilligant|39/100|[from] item: Life Orb
|move|p2a: Skeledirge|Slack Off|p2a: Skeledirge
|-heal|p2a: Skeledirge|66/100
|
|turn|33
|
|move|p1a: Lilligant|Close Combat|p2a: Skeledirge
|-damage|p2a: Skeledirge|23/100
|-unboost|p1a: Lilligant|def|1
|-unboost|p1a: Lilligant|spd|1
|-damage|p1a: Lilligant|29/100|[from] item: Life Orb
|move|p2a: Skeledirge|Torch Song|p1a: Lilligant
|-damage|p1a: Lilligant|0 fnt
|-boost|p2a: Skeledirge|spa|1
|faint|p1a: Lilligant
|
|
|switch|p1a: Arcanine|Arcanine-Hisui, F|100/100
|turn|34
|
|switch|p2a: Glimmora|Glimmora, M|28/100
|-damage|p2a: Glimmora|3/100|[from] Spikes
|move|p1a: Arcanine|Head Smash|p2a: Glimmora|[miss]
|-miss|p1a: Arcanine|p2a: Glimmora
|
|turn|35
|
|move|p1a: Arcanine|Extreme Speed|p2a: Glimmora
|-resisted|p2a: Glimmora
|-damage|p2a: Glimmora|0 fnt
|faint|p2a: Glimmora
|
|-sideend|p2: p2|Reflect
|
|switch|p2a: Dondozo|Dondozo, F|70/100
|turn|36
|
|move|p1a: Arcanine|Head Smash|p2a: Dondozo|[miss]
|-miss|p1a: Arcanine|p2a: Dondozo
|move|p2a: Dondozo|Liquidation|p1a: Arcanine
|-supereffective|p1a: Arcanine
|-damage|p1a: Arcanine|0 fnt
|faint|p1a: Arcanine
|
|
|switch|p1a: Dragapult|Dragapult, F|24/100
|-damage|p1a: Dragapult|12/100|[from] Stealth Rock
|turn|37
|
|move|p1a: Dragapult|Draco Meteor|p2a: Dondozo
|-damage|p2a: Dondozo|0 fnt
|-unboost|p1a: Dragapult|spa|2
|faint|p2a: Dondozo
|
|
|switch|p2a: Dachsbun|Dachsbun, F|100/100
|-damage|p2a: Dachsbun|76/100|[from] Spikes
|turn|38
|
|move|p1a: Dragapult|Draco Meteor|p2a: Dachsbun
|-immune|p2a: Dachsbun
|move|p2a: Dachsbun|Play Rough|p1a: Dragapult
|-supereffective|p1a: Dragapult
|-damage|p1a: Dragapult|0 fnt
|faint|p1a: Dragapult
|
|win|p2
