|poke|p1|Chien-Pao|
|poke|p1|Landorus-Therian, M|
|poke|p1|Great Tusk|
|poke|p1|Mew|
|poke|p1|Heatran, F|
|poke|p1|Azumarill, M|
|poke|p2|Arcanine-Hisui, M|
|poke|p2|Urshifu-*, M|
|poke|p2|Magearna|
|poke|p2|Great Tusk|
|poke|p2|Garchomp, F|
|poke|p2|Zapdos|
|teampreview
|
|start
|switch|p1a: Mew|Mew|100/100
|switch|p2a: Arcanine|Arcanine-Hisui, M, shiny|100/100
|turn|1
|
|switch|p1a: Landorus|Landorus-Therian, M|100/100
|-ability|p1a: Landorus|Intimidate|boost
|-unboost|p2a: Arcanine|atk|1
|move|p2a: Arcanine|Head Smash|p1a: Landorus|[miss]
|-miss|p2a: Arcanine|p1a: Landorus
|
|turn|2
|
|move|p1a: Landorus|Rock Slide|p2a: Arcanine
|-supereffective|p2a: Arcanine
|-damage|p2a: Arcanine|20/100
|move|p2a: Arcanine|Head Smash|p1a: Landorus
|-damage|p1a: Landorus|7/100
|
|turn|3
|
|switch|p2a: Magearna|Magearna|100/100
|move|p1a: Landorus|Rock Slide|p2a: Magearna
|-resisted|p2a: Magearna
|-damage|p2a: Magearna|88/100
|
|-heal|p2a: Magearna|94/100|[from] item: Leftovers
|turn|4
|
|switch|p1a: Mew|Mew|100/100
|switch|p2a: Urshifu|Urshifu-Rapid-Strike, M|100/100
|
|turn|5
|
|switch|p2a: Arcanine|Arcanine-Hisui, M, shiny|20/100
|move|p1a: Mew|Will-O-Wisp|p2a: Arcanine
|-immune|p2a: Arcanine
|
|turn|6
|
|switch|p1a: Great Tusk|Great Tusk|100/100
|move|p2a: Arcanine|Head Smash|p1a: Great Tusk
|-resisted|p1a: Great Tusk
|-damage|p1a: Great Tusk|78/100
|
|-heal|p1a: Great Tusk|85/100|[from] item: Leftovers
|turn|7
|
|switch|p2a: Great Tusk|Great Tusk, shiny|100/100
|move|p1a: Great Tusk|Knock Off|p2a: Great Tusk
|-resisted|p2a: Great Tusk
|-damage|p2a: Great Tusk|92/100
|-enditem|p2a: Great Tusk|Leftovers|[from] move: Knock Off|[of] p1a: Great Tusk
|
|-heal|p1a: Great Tusk|91/100|[from] item: Leftovers
|turn|8
|
|move|p1a: Great Tusk|Earthquake|p2a: Great Tusk
|-damage|p2a: Great Tusk|66/100
|move|p2a: Great Tusk|Stealth Rock|p1a: Great Tusk
|-sidestart|p1: p1|move: Stealth Rock
|
|-heal|p1a: Great Tusk|97/100|[from] item: Leftovers
|turn|9
|
|move|p1a: Great Tusk|Rapid Spin|p2a: Great Tusk
|-damage|p2a: Great Tusk|58/100
|-boost|p1a: Great Tusk|spe|1
|-sideend|p1: p1|Stealth Rock|[from] move: Rapid Spin|[of] p1a: Great Tusk
|move|p2a: Great Tusk|Knock Off|p1a: Great Tusk
|-resisted|p1a: Great Tusk
|-damage|p1a: Great Tusk|86/100
|-enditem|p1a: Great Tusk|Leftovers|[from] move: Knock Off|[of] p2a: Great Tusk
|
|turn|10
|
|move|p1a: Great Tusk|Earthquake|p2a: Great Tusk
|-damage|p2a: Great Tusk|33/100
|move|p2a: Great Tusk|Stealth Rock|p1a: Great Tusk
|-sidestart|p1: p1|move: Stealth Rock
|
|turn|11
|
|-end|p2a: Great Tusk|Protosynthesis|[silent]
|switch|p2a: Zapdos|Zapdos|100/100
|move|p1a: Great Tusk|Rapid Spin|p2a: Zapdos
|-damage|p2a: Zapdos|87/100
|-boost|p1a: Great Tusk|spe|1
|-sideend|p1: p1|Stealth Rock|[from] move: Rapid Spin|[of] p1a: Great Tusk
|
|turn|12
|
|move|p1a: Great Tusk|Knock Off|p2a: Zapdos
|-damage|p2a: Zapdos|60/100
|-enditem|p2a: Zapdos|Heavy-Duty Boots|[from] move: Knock Off|[of] p1a: Great Tusk
|move|p2a: Zapdos|Hurricane|p1a: Great Tusk|[miss]
|-miss|p2a: Zapdos|p1a: Great Tusk
|
|turn|13
|
|-end|p1a: Great Tusk|Protosynthesis|[silent]
|switch|p1a: Heatran|Heatran, F|100/100
|move|p2a: Zapdos|Volt Switch|p1a: Heatran
|-damage|p1a: Heatran|83/100
|
|switch|p2a: Urshifu|Urshifu-Rapid-Strike, M|100/100|[from] Volt Switch
|
|-heal|p1a: Heatran|89/100|[from] item: Leftovers
|turn|14
|
|-terastallize|p1a: Heatran|Grass
|move|p2a: Urshifu|Swords Dance|p2a: Urshifu
|-boost|p2a: Urshifu|atk|2
|move|p1a: Heatran|Tera Blast|p2a: Urshifu
|-supereffective|p2a: Urshifu
|-damage|p2a: Urshifu|0 fnt
|faint|p2a: Urshifu
|
|-heal|p1a: Heatran|96/100|[from] item: Leftovers
|
|switch|p2a: Arcanine|Arcanine-Hisui, M, shiny|20/100
|turn|15
|
|move|p2a: Arcanine|Head Smash|p1a: Heatran|[miss]
|-miss|p2a: Arcanine|p1a: Heatran
|move|p1a: Heatran|Earth Power|p2a: Arcanine
|-supereffective|p2a: Arcanine
|-damage|p2a: Arcanine|0 fnt
|faint|p2a: Arcanine
|
|-heal|p1a: Heatran|100/100|[from] item: Leftovers
|
|switch|p2a: Garchomp|Garchomp, F|100/100
|turn|16
|
|move|p2a: Garchomp|Draco Meteor|p1a: Heatran
|-damage|p1a: Heatran|63/100
|-unboost|p2a: Garchomp|spa|2
|-damage|p2a: Garchomp|91/100|[from] item: Life Orb
|move|p1a: Heatran|Lava Plume|p2a: Garchomp
|-resisted|p2a: Garchomp
|-damage|p2a: Garchomp|70/100
|-status|p2a: Garchomp|brn
|
|-heal|p1a: Heatran|69/100|[from] item: Leftovers
|-damage|p2a: Garchomp|64/100 brn|[from] brn
|turn|17
|
|switch|p1a: Great Tusk|Great Tusk|86/100
|move|p2a: Garchomp|Spikes|p1a: Great Tusk
|-sidestart|p1: p1|Spikes
|
|-damage|p2a: Garchomp|57/100 brn|[from] brn
|turn|18
|
|move|p2a: Garchomp|Draco Meteor|p1a: Great Tusk
|-damage|p1a: Great Tusk|38/100
|-unboost|p2a: Garchomp|spa|2
|-damage|p2a: Garchomp|48/100 brn|[from] item: Life Orb
|move|p1a: Great Tusk|Rapid Spin|p2a: Garchomp
|-damage|p2a: Garchomp|31/100 brn
|-boost|p1a: Great Tusk|spe|1
|-damage|p1a: Great Tusk|26/100|[from] ability: Rough Skin|[of] p2a: Garchomp
|-sideend|p1: p1|Spikes|[from] move: Rapid Spin|[of] p1a: Great Tusk
|
|-damage|p2a: Garchomp|25/100 brn|[from] brn
|turn|19
|
|move|p1a: Great Tusk|Earthquake|p2a: Garchomp
|-damage|p2a: Garchomp|0 fnt
|faint|p2a: Garchomp
|
|
|switch|p2a: Zapdos|Zapdos|60/100
|turn|20
|
|-end|p1a: Great Tusk|Protosynthesis|[silent]
|switch|p1a: Landorus|Landorus-Therian, M|7/100
|-ability|p1a: Landorus|Intimidate|boost
|-unboost|p2a: Zapdos|atk|1
|move|p2a: Zapdos|Hurricane|p1a: Landorus
|-damage|p1a: Landorus|0 fnt
|faint|p1a: Landorus
|
|
|switch|p1a: Mew|Mew|100/100
|turn|21
|
|switch|p2a: Great Tusk|Great Tusk, shiny|33/100
|move|p1a: Mew|Stealth Rock|p2a: Great Tusk
|-sidestart|p2: p2|move: Stealth Rock
|
|turn|22
|
|move|p1a: Mew|Psychic|p2a: Great Tusk
|-supereffective|p2a: Great Tusk
|-damage|p2a: Great Tusk|0 fnt
|faint|p2a: Great Tusk
|-end|p2a: Great Tusk|Protosynthesis|[silent]
|
|
|switch|p2a: Magearna|Magearna|94/100
|-damage|p2a: Magearna|88/100|[from] Stealth Rock
|turn|23
|
|move|p1a: Mew|Will-O-Wisp|p2a: Magearna
|-status|p2a: Magearna|brn
|move|p2a: Magearna|Shift Gear|p2a: Magearna
|-boost|p2a: Magearna|spe|2
|-boost|p2a: Magearna|atk|1
|
|-heal|p2a: Magearna|94/100 brn|[from] item: Leftovers
|-damage|p2a: Magearna|88/100 brn|[from] brn
|turn|24
|
|move|p2a: Magearna|Calm Mind|p2a: Magearna
|-boost|p2a: Magearna|spa|1
|-boost|p2a: Magearna|spd|1
|move|p1a: Mew|Psychic|p2a: Magearna
|-resisted|p2a: Magearna
|-damage|p2a: Magearna|78/100 brn
|
|-heal|p2a: Magearna|84/100 brn|[from] item: Leftovers
|-damage|p2a: Magearna|78/100 brn|[from] brn
|turn|25
|
|move|p2a: Magearna|Calm Mind|p2a: Magearna
|-boost|p2a: Magearna|spa|1
|-boost|p2a: Magearna|spd|1
|move|p1a: Mew|Psychic|p2a: Magearna
|-resisted|p2a: Magearna
|-damage|p2a: Magearna|72/100 brn
|
|-heal|p2a: Magearna|78/100 brn|[from] item: Leftovers
|-damage|p2a: Magearna|72/100 brn|[from] brn
|turn|26
|
|move|p2a: Magearna|Calm Mind|p2a: Magearna
|-boost|p2a: Magearna|spa|1
|-boost|p2a: Magearna|spd|1
|move|p1a: Mew|Psychic|p2a: Magearna
|-resisted|p2a: Magearna
|-damage|p2a: Magearna|67/100 brn
|-unboost|p2a: Magearna|spd|1
|
|-heal|p2a: Magearna|73/100 brn|[from] item: Leftovers
|-damage|p2a: Magearna|67/100 brn|[from] brn
|turn|27
|
|move|p2a: Magearna|Shift Gear|p2a: Magearna
|-boost|p2a: Magearna|spe|2
|-boost|p2a: Magearna|atk|1
|move|p1a: Mew|Psychic|p2a: Magearna
|-resisted|p2a: Magearna
|-crit|p2a: Magearna
|-damage|p2a: Magearna|47/100 brn
|
|-heal|p2a: Magearna|53/100 brn|[from] item: Leftovers
|-damage|p2a: Magearna|47/100 brn|[from] brn
|turn|28
|
|move|p2a: Magearna|Flash Cannon|p1a: Mew
|-damage|p1a: Mew|7/100
|-enditem|p1a: Mew|Red Card|[of] p2a: Magearna
|drag|p2a: Zapdos|Zapdos|60/100
|-damage|p2a: Zapdos|35/100|[from] Stealth Rock
|move|p1a: Mew|Spikes|p2a: Zapdos
|-sidestart|p2: p2|Spikes
|
|turn|29
|
|move|p2a: Zapdos|Roost|p2a: Zapdos
|-heal|p2a: Zapdos|85/100
|-singleturn|p2a: Zapdos|move: Roost
|move|p1a: Mew|Will-O-Wisp|p2a: Zapdos
|-status|p2a: Zapdos|brn
|
|-damage|p2a: Zapdos|79/100 brn|[from] brn
|turn|30
|
|move|p2a: Zapdos|Heat Wave|p1a: Mew
|-damage|p1a: Mew|0 fnt
|faint|p1a: Mew
|
|-damage|p2a: Zapdos|73/100 brn|[from] brn
|
|switch|p1a: Chien-Pao|Chien-Pao|100/100
|-ability|p1a: Chien-Pao|Sword of Ruin
|turn|31
|
|-terastallize|p2a: Zapdos|Fire
|move|p1a: Chien-Pao|Crunch|p2a: Zapdos
|-damage|p2a: Zapdos|13/100 brn
|-unboost|p2a: Zapdos|def|1
|-status|p1a: Chien-Pao|par|[from] ability: Static|[of] p2a: Zapdos
|move|p2a: Zapdos|Heat Wave|p1a: Chien-Pao
|-supereffective|p1a: Chien-Pao
|-damage|p1a: Chien-Pao|0 fnt
|faint|p1a: Chien-Pao
|
|-damage|p2a: Zapdos|7/100 brn|[from] brn
|
|switch|p1a: Azumarill|Azumarill, M|100/100
|turn|32
|
|move|p1a: Azumarill|Aqua Jet|p2a: Zapdos
|-supereffective|p2a: Zapdos
|-damage|p2a: Zapdos|0 fnt
|faint|p2a: Zapdos
|
|
|switch|p2a: Magearna|Magearna|47/100 brn
|-damage|p2a: Magearna|41/100 brn|[from] Stealth Rock
|-damage|p2a: Magearna|28/100 brn|[from] Spikes
|turn|33
|
|move|p2a: Magearna|Fleur Cannon|p1a: Azumarill
|-damage|p1a: Azumarill|48/100
|-unboost|p2a: Magearna|spa|2
|move|p1a: Azumarill|Liquidation|p2a: Magearna
|-damage|p2a: Magearna|0 fnt
|faint|p2a: Magearna
|
|win|p1
|player|p1|p1|1
