|poke|p1|Arcanine-Hisui, M|
|poke|p1|Kleavor, M|
|poke|p1|Sneasler, F|
|poke|p1|Ursaluna, F|
|poke|p1|Electrode-Hisui|
|poke|p1|Corviknight, M|
|poke|p2|Pelipper, F|
|poke|p2|Floatzel, M|
|poke|p2|Amoonguss, M|
|poke|p2|Magearna|
|poke|p2|Basculegion-F, F|
|poke|p2|Great Tusk|
|teampreview
|
|start
|switch|p1a: Electrode|Electrode-Hisui|100/100
|switch|p2a: Pelipper|Pelipper, F|100/100
|-weather|RainDance|[from] ability: Drizzle|[of] p2a: Pelipper
|turn|1
|
|switch|p2a: Amoonguss|Amoonguss, M|100/100
|move|p1a: Electrode|Volt Switch|p2a: Amoonguss
|-resisted|p2a: Amoonguss
|-damage|p2a: Amoonguss|82/100
|-enditem|p2a: Amoonguss|Eject Button
|
|switch|p2a: Basculegion|Basculegion-F, F|100/100
|
|-weather|RainDance|[upkeep]
|turn|2
|
|switch|p1a: Ursaluna|Ursaluna, F, shiny|100/100
|-terastallize|p2a: Basculegion|Ghost
|move|p2a: Basculegion|Shadow Ball|p1a: Ursaluna
|-immune|p1a: Ursaluna
|
|-weather|RainDance|[upkeep]
|-status|p1a: Ursaluna|brn|[from] item: Flame Orb
|turn|3
|
|switch|p2a: Great Tusk|Great Tusk|100/100
|-terastallize|p1a: Ursaluna|Grass
|move|p1a: Ursaluna|Headlong Rush|p2a: Great Tusk
|-damage|p2a: Great Tusk|18/100
|-unboost|p1a: Ursaluna|def|1
|-unboost|p1a: Ursaluna|spd|1
|
|-weather|RainDance|[upkeep]
|-heal|p2a: Great Tusk|24/100|[from] item: Leftovers
|-damage|p1a: Ursaluna|94/100 brn|[from] brn
|turn|4
|
|move|p2a: Great Tusk|Stealth Rock|p1a: Ursaluna
|-sidestart|p1: mnklpo|move: Stealth Rock
|move|p1a: Ursaluna|Headlong Rush|p2a: Great Tusk
|-damage|p2a: Great Tusk|0 fnt
|-unboost|p1a: Ursaluna|def|1
|-unboost|p1a: Ursaluna|spd|1
|faint|p2a: Great Tusk
|-end|p2a: Great Tusk|Protosynthesis|[silent]
|
|-weather|RainDance|[upkeep]
|-damage|p1a: Ursaluna|88/100 brn|[from] brn
|
|switch|p2a: Basculegion|Basculegion-F, F, tera:Ghost|100/100
|turn|5
|
|switch|p1a: Kleavor|Kleavor, M|100/100
|-damage|p1a: Kleavor|76/100|[from] Stealth Rock
|move|p2a: Basculegion|Shadow Ball|p1a: Kleavor
|-damage|p1a: Kleavor|0 fnt
|faint|p1a: Kleavor
|
|-weather|RainDance|[upkeep]
|
|switch|p1a: Corviknight|Corviknight, M|100/100
|-ability|p1a: Corviknight|Unnerve
|-damage|p1a: Corviknight|88/100|[from] Stealth Rock
|turn|6
|
|move|p2a: Basculegion|Shadow Ball|p1a: Corviknight
|-damage|p1a: Corviknight|33/100
|move|p1a: Corviknight|Defog|p2a: Basculegion
|-unboost|p2a: Basculegion|evasion|1
|-sideend|p1: mnklpo|Stealth Rock|[from] move: Defog|[of] p1a: Corviknight
|
|-weather|RainDance|[upkeep]
|-heal|p1a: Corviknight|39/100|[from] item: Leftovers
|turn|7
|
|move|p2a: Basculegion|Shadow Ball|p1a: Corviknight
|-damage|p1a: Corviknight|0 fnt
|faint|p1a: Corviknight
|
|-weather|RainDance|[upkeep]
|
|switch|p1a: Ursaluna|Ursaluna, F, shiny, tera:Grass|88/100 brn
|turn|8
|
|switch|p2a: Amoonguss|Amoonguss, M|100/100
|move|p1a: Ursaluna|Headlong Rush|p2a: Amoonguss
|-damage|p2a: Amoonguss|29/100
|-unboost|p1a: Ursaluna|def|1
|-unboost|p1a: Ursaluna|spd|1
|
|-weather|none
|-damage|p1a: Ursaluna|82/100 brn|[from] brn
|turn|9
|
|move|p1a: Ursaluna|Facade|p2a: Amoonguss
|-damage|p2a: Amoonguss|0 fnt
|faint|p2a: Amoonguss
|
|-damage|p1a: Ursaluna|76/100 brn|[from] brn
|
|switch|p2a: Pelipper|Pelipper, F|100/100
|-weather|RainDance|[from] ability: Drizzle|[of] p2a: Pelipper
|turn|10
|
|switch|p2a: Basculegion|Basculegion-F, F, tera:Ghost|100/100
|move|p1a: Ursaluna|Facade|p2a: Basculegion
|-immune|p2a: Basculegion
|
|-weather|RainDance|[upkeep]
|-damage|p1a: Ursaluna|70/100 brn|[from] brn
|turn|11
|
|move|p2a: Basculegion|Shadow Ball|p1a: Ursaluna
|-damage|p1a: Ursaluna|0 fnt
|faint|p1a: Ursaluna
|
|-weather|RainDance|[upkeep]
|
|switch|p1a: Arcanine|Arcanine-Hisui, M|100/100
|turn|12
|
|move|p2a: Basculegion|Shadow Ball|p1a: Arcanine
|-damage|p1a: Arcanine|7/100
|move|p1a: Arcanine|Head Smash|p2a: Basculegion
|-damage|p2a: Basculegion|7/100
|
|-weather|RainDance|[upkeep]
|turn|13
|
|move|p2a: Basculegion|Shadow Ball|p1a: Arcanine
|-damage|p1a: Arcanine|0 fnt
|faint|p1a: Arcanine
|
|-weather|RainDance|[upkeep]
|
|switch|p1a: Electrode|Electrode-Hisui|100/100
|turn|14
|
|move|p2a: Basculegion|Shadow Ball|p1a: Electrode
|-damage|p1a: Electrode|0 fnt
|faint|p1a: Electrode
|
|-weather|RainDance|[upkeep]
|-message|mnklpo forfeited.
|
|win|TimeLady420
