|poke|p1|Urshifu-*, F|
|poke|p1|Azumarill, F|
|poke|p1|Walking Wake|
|poke|p1|Samurott-Hisui, M|
|poke|p1|Basculegion-F, F|
|poke|p1|Pelipper, F|
|poke|p2|Pelipper, F|
|poke|p2|Basculegion, M|
|poke|p2|Overqwil, F|
|poke|p2|Zapdos|
|poke|p2|Urshifu-*, M|
|poke|p2|Iron Treads|
|teampreview
|
|start
|switch|p1a: Pelipper|Pelipper, F|100/100
|switch|p2a: Zapdos|Zapdos|100/100
|-weather|RainDance|[from] ability: Drizzle|[of] p1a: Pelipper
|turn|1
|
|move|p2a: Zapdos|Volt Switch|p1a: Pelipper
|-supereffective|p1a: Pelipper
|-damage|p1a: Pelipper|0 fnt
|faint|p1a: Pelipper
|
|switch|p2a: Overqwil|Overqwil, F|100/100|[from] Volt Switch
|
|-weather|RainDance|[upkeep]
|
|switch|p1a: Basculegion|Basculegion-F, F|100/100
|turn|2
|
|-terastallize|p1a: Basculegion|Electric
|move|p2a: Overqwil|Crunch|p1a: Basculegion
|-damage|p1a: Basculegion|31/100
|-damage|p2a: Overqwil|91/100|[from] item: Life Orb
|move|p1a: Basculegion|Hydro Pump|p2a: Overqwil
|-damage|p2a: Overqwil|0 fnt
|faint|p2a: Overqwil
|-damage|p1a: Basculegion|21/100|[from] item: Life Orb
|
|-weather|RainDance|[upkeep]
|
|switch|p2a: Zapdos|Zapdos|100/100
|turn|3
|
|move|p1a: Basculegion|Hydro Pump|p2a: Zapdos
|-damage|p2a: Zapdos|0 fnt
|faint|p2a: Zapdos
|-damage|p1a: Basculegion|11/100|[from] item: Life Orb
|
|-weather|RainDance|[upkeep]
|
|switch|p2a: Basculegion|Basculegion, M|100/100
|turn|4
|
|move|p2a: Basculegion|Aqua Jet|p1a: Basculegion
|-damage|p1a: Basculegion|0 fnt
|faint|p1a: Basculegion
|
|-weather|RainDance|[upkeep]
|
|switch|p1a: Samurott|Samurott-Hisui, M|100/100
|turn|5
|
|switch|p2a: Iron Treads|Iron Treads|100/100
|-enditem|p2a: Iron Treads|Booster Energy
|-activate|p2a: Iron Treads|ability: Quark Drive|[fromitem]
|-start|p2a: Iron Treads|quarkdrivespe
|move|p1a: Samurott|Ceaseless Edge|p2a: Iron Treads
|-damage|p2a: Iron Treads|54/100
|-sidestart|p2: Gummybean999|Spikes
|
|-weather|RainDance|[upkeep]
|turn|6
|
|move|p2a: Iron Treads|Stealth Rock|p1a: Samurott
|-sidestart|p1: TheGamingWatch|move: Stealth Rock
|move|p1a: Samurott|Aqua Cutter|p2a: Iron Treads
|-supereffective|p2a: Iron Treads
|-damage|p2a: Iron Treads|0 fnt
|faint|p2a: Iron Treads
|-end|p2a: Iron Treads|Quark Drive|[silent]
|
|-weather|RainDance|[upkeep]
|
|switch|p2a: Urshifu|Urshifu-Rapid-Strike, M|100/100
|-damage|p2a: Urshifu|88/100|[from] Spikes
|turn|7
|
|switch|p1a: Azumarill|Azumarill, F|100/100
|-damage|p1a: Azumarill|88/100|[from] Stealth Rock
|-terastallize|p2a: Urshifu|Water
|move|p2a: Urshifu|Surging Strikes|p1a: Azumarill
|-resisted|p1a: Azumarill
|-crit|p1a: Azumarill
|-damage|p1a: Azumarill|63/100
|-resisted|p1a: Azumarill
|-crit|p1a: Azumarill
|-damage|p1a: Azumarill|39/100
|-enditem|p1a: Azumarill|Sitrus Berry|[eat]
|-heal|p1a: Azumarill|64/100|[from] item: Sitrus Berry
|-resisted|p1a: Azumarill
|-crit|p1a: Azumarill
|-damage|p1a: Azumarill|38/100
|-hitcount|p1a: Azumarill|3
|
|-weather|RainDance|[upkeep]
|turn|8
|
|move|p1a: Azumarill|Aqua Jet|p2a: Urshifu
|-resisted|p2a: Urshifu
|-damage|p2a: Urshifu|70/100
|move|p2a: Urshifu|Surging Strikes|p1a: Azumarill
|-resisted|p1a: Azumarill
|-crit|p1a: Azumarill
|-damage|p1a: Azumarill|15/100
|-resisted|p1a: Azumarill
|-crit|p1a: Azumarill
|-damage|p1a: Azumarill|0 fnt
|faint|p1a: Azumarill
|-hitcount|p1: Azumarill|2
|
|-weather|none
|
|switch|p1a: Walking Wake|Walking Wake|100/100
|-damage|p1a: Walking Wake|88/100|[from] Stealth Rock
|-enditem|p1a: Walking Wake|Booster Energy
|-activate|p1a: Walking Wake|ability: Protosynthesis|[fromitem]
|-start|p1a: Walking Wake|protosynthesisspa
|turn|9
|
|switch|p2a: Pelipper|Pelipper, F|100/100
|-weather|RainDance|[from] ability: Drizzle|[of] p2a: Pelipper
|move|p1a: Walking Wake|Draco Meteor|p2a: Pelipper
|-damage|p2a: Pelipper|0 fnt
|-unboost|p1a: Walking Wake|spa|2
|faint|p2a: Pelipper
|
|-weather|RainDance|[upkeep]
|
|switch|p2a: Urshifu|Urshifu-Rapid-Strike, M, tera:Water|70/100
|-damage|p2a: Urshifu|58/100|[from] Spikes
|turn|10
|
|move|p2a: Urshifu|Close Combat|p1a: Walking Wake
|-damage|p1a: Walking Wake|22/100
|-unboost|p2a: Urshifu|def|1
|-unboost|p2a: Urshifu|spd|1
|move|p1a: Walking Wake|Hurricane|p2a: Urshifu
|-damage|p2a: Urshifu|6/100
|
|-weather|RainDance|[upkeep]
|turn|11
|
|move|p2a: Urshifu|Close Combat|p1a: Walking Wake
|-damage|p1a: Walking Wake|0 fnt
|-unboost|p2a: Urshifu|def|1
|-unboost|p2a: Urshifu|spd|1
|faint|p1a: Walking Wake
|-end|p1a: Walking Wake|Protosynthesis|[silent]
|
|-weather|RainDance|[upkeep]
|
|switch|p1a: Urshifu|Urshifu-Rapid-Strike, F|100/100
|-damage|p1a: Urshifu|94/100|[from] Stealth Rock
|turn|12
|
|move|p2a: Urshifu|Close Combat|p1a: Urshifu
|-damage|p1a: Urshifu|30/100
|-unboost|p2a: Urshifu|def|1
|-unboost|p2a: Urshifu|spd|1
|move|p1a: Urshifu|Surging Strikes|p2a: Urshifu
|-resisted|p2a: Urshifu
|-crit|p2a: Urshifu
|-damage|p2a: Urshifu|0 fnt
|faint|p2a: Urshifu
|-hitcount|p2: Urshifu|1
|
|-weather|RainDance|[upkeep]
|
|switch|p2a: Basculegion|Basculegion, M|100/100
|-damage|p2a: Basculegion|88/100|[from] Spikes
|turn|13
|
|move|p2a: Basculegion|Wave Crash|p1a: Urshifu
|-resisted|p1a: Urshifu
|-damage|p1a: Urshifu|0 fnt
|faint|p1a: Urshifu
|-damage|p2a: Basculegion|80/100|[from] Recoil
|
|-weather|RainDance|[upkeep]
|
|switch|p1a: Samurott|Samurott-Hisui, M|100/100
|-damage|p1a: Samurott|88/100|[from] Stealth Rock
|turn|14
|
|move|p2a: Basculegion|Wave Crash|p1a: Samurott
|-resisted|p1a: Samurott
|-damage|p1a: Samurott|6/100
|-damage|p2a: Basculegion|57/100|[from] Recoil
|move|p1a: Samurott|Ceaseless Edge|p2a: Basculegion
|-supereffective|p2a: Basculegion
|-damage|p2a: Basculegion|0 fnt
|-sidestart|p2: Gummybean999|Spikes
|faint|p2a: Basculegion
|
|win|TheGamingWatch
|n|☆TheGamingWatch|thegamingwatch
|n|☆Gummybean999|gummybean999
|n| Cra3k|cra3k
|n| DreadWarrior|dreadwarrior
|n| NoTollsNoRolls|notollsnorolls
|n| Pokemon Hates Me|pokemonhatesme
|n| dameatofdavoid|dameatofdavoid
|n| Manjack|manjack
|n| calydon|calydon
|n| Jabroni_Salami|jabronisalami
|n| J.P.G1337|jpg1337
|n| ressyrock|ressyrock
|n| yomaalt|yomaalt
