|poke|p1|Pelipper, F|
|poke|p1|Grimmsnarl, M|
|poke|p1|Basculegion, M|
|poke|p1|Iron Valiant|
|poke|p1|Great Tusk|
|poke|p1|Gyarados, M|
|poke|p2|Clodsire, M|
|poke|p2|Enamorus, F|
|poke|p2|Kleavor, F|
|poke|p2|Great Tusk|
|poke|p2|Pawmot, M|
|poke|p2|Basculegion-F, F|
|teampreview
|
|start
|switch|p1a: Pelipper|Pelipper, F|100/100
|switch|p2a: Kleavor|Kleavor, F|100/100
|-weather|RainDance|[from] ability: Drizzle|[of] p1a: Pelipper
|turn|1
|
|move|p2a: Kleavor|Stone Axe|p1a: Pelipper
|-supereffective|p1a: Pelipper
|-damage|p1a: Pelipper|0 fnt
|-sidestart|p1: p1|move: Stealth Rock
|faint|p1a: Pelipper
|
|-weather|RainDance|[upkeep]
|
|switch|p1a: Basculegion|Basculegion, M, shiny|100/100
|-damage|p1a: Basculegion|88/100|[from] Stealth Rock
|turn|2
|
|switch|p2a: Clodsire|Clodsire, M|100/100
|move|p1a: Basculegion|Confuse Ray|p2a: Clodsire
|-start|p2a: Clodsire|confusion
|
|-weather|RainDance|[upkeep]
|turn|3
|
|switch|p1a: Great Tusk|Great Tusk|100/100
|-damage|p1a: Great Tusk|98/100|[from] Stealth Rock
|-activate|p2a: Clodsire|confusion
|-damage|p2a: Clodsire|94/100|[from] confusion
|
|-weather|RainDance|[upkeep]
|-heal|p2a: Clodsire|99/100|[from] item: Black Sludge
|turn|4
|
|switch|p2a: Basculegion|Basculegion-F, F|100/100
|move|p1a: Great Tusk|Knock Off|p2a: Basculegion
|-supereffective|p2a: Basculegion
|-damage|p2a: Basculegion|2/100
|-enditem|p2a: Basculegion|Assault Vest|[from] move: Knock Off|[of] p1a: Great Tusk
|
|-weather|RainDance|[upkeep]
|turn|5
|
|-end|p1a: Great Tusk|Protosynthesis|[silent]
|switch|p1a: Grimmsnarl|Grimmsnarl, M, shiny|100/100
|-damage|p1a: Grimmsnarl|88/100|[from] Stealth Rock
|move|p2a: Basculegion|Ice Beam|p1a: Grimmsnarl
|-damage|p1a: Grimmsnarl|67/100
|
|-weather|RainDance|[upkeep]
|turn|6
|
|move|p1a: Grimmsnarl|Trick|p2a: Basculegion
|-activate|p1a: Grimmsnarl|move: Trick|[of] p2a: Basculegion
|-item|p2a: Basculegion|Choice Band|[from] move: Trick
|-enditem|p1a: Grimmsnarl|Choice Band|[silent]|[from] move: Trick
|move|p2a: Basculegion|Surf|p1a: Grimmsnarl
|-damage|p1a: Grimmsnarl|4/100
|
|-weather|RainDance|[upkeep]
|turn|7
|
|move|p1a: Grimmsnarl|Thunder Wave|p2a: Basculegion
|-status|p2a: Basculegion|par
|move|p2a: Basculegion|Surf|p1a: Grimmsnarl
|-damage|p1a: Grimmsnarl|0 fnt
|faint|p1a: Grimmsnarl
|
|-weather|RainDance|[upkeep]
|
|switch|p1a: Great Tusk|Great Tusk|98/100
|-damage|p1a: Great Tusk|95/100|[from] Stealth Rock
|turn|8
|
|-terastallize|p1a: Great Tusk|Dark
|move|p1a: Great Tusk|Bulk Up|p1a: Great Tusk
|-boost|p1a: Great Tusk|atk|1
|-boost|p1a: Great Tusk|def|1
|move|p2a: Basculegion|Surf|p1a: Great Tusk
|-damage|p1a: Great Tusk|0 fnt
|faint|p1a: Great Tusk
|-end|p1a: Great Tusk|Protosynthesis|[silent]
|
|-weather|none
|
|switch|p1a: Iron Valiant|Iron Valiant|100/100
|-damage|p1a: Iron Valiant|94/100|[from] Stealth Rock
|-enditem|p1a: Iron Valiant|Booster Energy
|-activate|p1a: Iron Valiant|ability: Quark Drive|[fromitem]
|-start|p1a: Iron Valiant|quarkdrivespe
|turn|9
|
|move|p1a: Iron Valiant|Calm Mind|p1a: Iron Valiant
|-boost|p1a: Iron Valiant|spa|1
|-boost|p1a: Iron Valiant|spd|1
|move|p2a: Basculegion|Surf|p1a: Iron Valiant
|-damage|p1a: Iron Valiant|30/100
|
|turn|10
|
|move|p1a: Iron Valiant|Calm Mind|p1a: Iron Valiant
|-boost|p1a: Iron Valiant|spa|1
|-boost|p1a: Iron Valiant|spd|1
|move|p2a: Basculegion|Surf|p1a: Iron Valiant
|-damage|p1a: Iron Valiant|0 fnt
|faint|p1a: Iron Valiant
|-end|p1a: Iron Valiant|Quark Drive|[silent]
|
|
|switch|p1a: Gyarados|Gyarados, M|100/100
|-damage|p1a: Gyarados|76/100|[from] Stealth Rock
|turn|11
|
|move|p1a: Gyarados|Dragon Dance|p1a: Gyarados
|-boost|p1a: Gyarados|atk|1
|-boost|p1a: Gyarados|spe|1
|move|p2a: Basculegion|Surf|p1a: Gyarados
|-resisted|p1a: Gyarados
|-damage|p1a: Gyarados|46/100
|
|-heal|p1a: Gyarados|52/100|[from] item: Leftovers
|turn|12
|
|move|p1a: Gyarados|Dragon Dance|p1a: Gyarados
|-boost|p1a: Gyarados|atk|1
|-boost|p1a: Gyarados|spe|1
|move|p2a: Basculegion|Surf|p1a: Gyarados
|-resisted|p1a: Gyarados
|-damage|p1a: Gyarados|24/100
|
|-heal|p1a: Gyarados|30/100|[from] item: Leftovers
|turn|13
|
|move|p1a: Gyarados|Waterfall|p2a: Basculegion
|-resisted|p2a: Basculegion
|-damage|p2a: Basculegion|0 fnt
|faint|p2a: Basculegion
|-ability|p1a: Gyarados|Moxie|boost
|-boost|p1a: Gyarados|atk|1
|
|-heal|p1a: Gyarados|36/100|[from] item: Leftovers
|
|switch|p2a: Clodsire|Clodsire, M|99/100
|turn|14
|
|move|p1a: Gyarados|Earthquake|p2a: Clodsire
|-supereffective|p2a: Clodsire
|-damage|p2a: Clodsire|0 fnt
|faint|p2a: Clodsire
|-ability|p1a: Gyarados|Moxie|boost
|-boost|p1a: Gyarados|atk|1
|
|-heal|p1a: Gyarados|42/100|[from] item: Leftovers
|
|switch|p2a: Kleavor|Kleavor, F|100/100
|turn|15
|
|-terastallize|p2a: Kleavor|Grass
|move|p1a: Gyarados|Waterfall|p2a: Kleavor
|-resisted|p2a: Kleavor
|-damage|p2a: Kleavor|21/100
|move|p2a: Kleavor|Stone Axe|p1a: Gyarados
|-supereffective|p1a: Gyarados
|-damage|p1a: Gyarados|0 fnt
|faint|p1a: Gyarados
|
|
|switch|p1a: Basculegion|Basculegion, M, shiny|88/100
|-damage|p1a: Basculegion|76/100|[from] Stealth Rock
|turn|16
|
|move|p1a: Basculegion|Aqua Jet|p2a: Kleavor
|-resisted|p2a: Kleavor
|-damage|p2a: Kleavor|5/100
|move|p2a: Kleavor|Stone Axe|p1a: Basculegion
|-damage|p1a: Basculegion|5/100
|
|turn|17
|
|move|p1a: Basculegion|Aqua Jet|p2a: Kleavor
|-resisted|p2a: Kleavor
|-damage|p2a: Kleavor|0 fnt
|faint|p2a: Kleavor
|
|
|switch|p2a: Pawmot|Pawmot, M|100/100
|turn|18
|
|move|p1a: Basculegion|Aqua Jet|p2a: Pawmot
|-damage|p2a: Pawmot|67/100
|move|p2a: Pawmot|Nuzzle|p1a: Basculegion
|-supereffective|p1a: Basculegion
|-damage|p1a: Basculegion|0 fnt
|faint|p1a: Basculegion
|
|win|p2
