|poke|p1|Enamorus, F|
|poke|p1|Zamazenta-*|
|poke|p1|Azumarill, M|
|poke|p1|Glimmora, F|
|poke|p1|Dragapult, M|
|poke|p1|Kingambit, M|
|poke|p2|Corviknight, M|
|poke|p2|Ting-Lu|
|poke|p2|Garganacl, M|
|poke|p2|Clodsire, F|
|poke|p2|Toxapex, M|
|poke|p2|Zoroark-Hisui, F|
|teampreview
|
|start
|switch|p1a: clitorine|Glimmora, F|100/100
|switch|p2a: Ting-Lu|Ting-Lu|100/100
|-ability|p2a: Ting-Lu|Vessel of Ruin
|turn|1
|
|move|p1a: clitorine|Stealth Rock|p2a: Ting-Lu
|-sidestart|p2: p2|move: Stealth Rock
|move|p2a: Ting-Lu|Earthquake|p1a: clitorine
|-supereffective|p1a: clitorine
|-enditem|p1a: clitorine|Focus Sash
|-damage|p1a: clitorine|1/100
|-activate|p1a: clitorine|ability: Toxic Debris
|-sidestart|p2: p2|move: Toxic Spikes
|
|turn|2
|
|move|p1a: clitorine|Energy Ball|p2a: Ting-Lu
|-supereffective|p2a: Ting-Lu
|-damage|p2a: Ting-Lu|73/100
|move|p2a: Ting-Lu|Earthquake|p1a: clitorine
|-supereffective|p1a: clitorine
|-damage|p1a: clitorine|0 fnt
|-activate|p1a: clitorine|ability: Toxic Debris
|-sidestart|p2: p2|move: Toxic Spikes
|faint|p1a: clitorine
|
|-heal|p2a: Ting-Lu|79/100|[from] item: Leftovers
|
|switch|p1a: mocheté|Enamorus, F|100/100
|turn|3
|
|move|p1a: mocheté|Superpower|p2a: Ting-Lu
|-supereffective|p2a: Ting-Lu
|-damage|p2a: Ting-Lu|37/100
|-boost|p1a: mocheté|atk|1
|-boost|p1a: mocheté|def|1
|move|p2a: Ting-Lu|Whirlwind|p1a: mocheté
|drag|p1a: piou piou|Dragapult, M|100/100
|
|-heal|p2a: Ting-Lu|43/100|[from] item: Leftovers
|turn|4
|
|switch|p1a: mocheté|Enamorus, F|100/100
|move|p2a: Ting-Lu|Stealth Rock|p1a: mocheté
|-sidestart|p1: p1|move: Stealth Rock
|
|-heal|p2a: Ting-Lu|49/100|[from] item: Leftovers
|turn|5
|
|switch|p2a: Corviknight|Corviknight, M|100/100
|-damage|p2a: Corviknight|88/100|[from] Stealth Rock
|move|p1a: mocheté|Superpower|p2a: Corviknight
|-damage|p2a: Corviknight|67/100
|-boost|p1a: mocheté|atk|1
|-boost|p1a: mocheté|def|1
|
|-heal|p2a: Corviknight|73/100|[from] item: Leftovers
|turn|6
|
|move|p1a: mocheté|Taunt|p2a: Corviknight
|-start|p2a: Corviknight|move: Taunt
|cant|p2a: Corviknight|move: Taunt|Defog
|
|-heal|p2a: Corviknight|79/100|[from] item: Leftovers
|turn|7
|
|switch|p1a: piou piou|Dragapult, M|100/100
|-damage|p1a: piou piou|88/100|[from] Stealth Rock
|move|p2a: Corviknight|Brave Bird|p1a: piou piou
|-damage|p1a: piou piou|37/100
|-damage|p2a: Corviknight|66/100|[from] Recoil
|
|-heal|p2a: Corviknight|72/100|[from] item: Leftovers
|turn|8
|
|move|p1a: piou piou|Fire Blast|p2a: Corviknight
|-supereffective|p2a: Corviknight
|-damage|p2a: Corviknight|0 fnt
|faint|p2a: Corviknight
|-damage|p1a: piou piou|27/100|[from] item: Life Orb
|
|
|switch|p2a: Toxapex|Toxapex, M|100/100
|-damage|p2a: Toxapex|88/100|[from] Stealth Rock
|-sideend|p2: p2|move: Toxic Spikes|[of] p2a: Toxapex
|turn|9
|
|move|p1a: piou piou|Thunderbolt|p2a: Toxapex
|-supereffective|p2a: Toxapex
|-damage|p2a: Toxapex|33/100
|-damage|p1a: piou piou|18/100|[from] item: Life Orb
|move|p2a: Toxapex|Chilling Water|p1a: piou piou
|-resisted|p1a: piou piou
|-damage|p1a: piou piou|10/100
|-unboost|p1a: piou piou|atk|1
|
|turn|10
|
|switch|p2a: Clodsire|Clodsire, F|100/100
|-damage|p2a: Clodsire|94/100|[from] Stealth Rock
|move|p1a: piou piou|Thunderbolt|p2a: Clodsire
|-immune|p2a: Clodsire
|
|-heal|p2a: Clodsire|100/100|[from] item: Leftovers
|turn|11
|
|move|p1a: piou piou|Shadow Ball|p2a: Clodsire
|-damage|p2a: Clodsire|76/100
|-unboost|p2a: Clodsire|spd|1
|-damage|p1a: piou piou|0 fnt|[from] item: Life Orb
|faint|p1a: piou piou
|move|p2a: Clodsire|Earthquake|p1: piou piou|[notarget]
|-fail|p2a: Clodsire
|
|-heal|p2a: Clodsire|82/100|[from] item: Leftovers
|
|switch|p1a: mocheté|Enamorus, F|100/100
|-damage|p1a: mocheté|76/100|[from] Stealth Rock
|turn|12
|
|move|p1a: mocheté|Zen Headbutt|p2a: Clodsire
|-supereffective|p2a: Clodsire
|-damage|p2a: Clodsire|27/100
|cant|p2a: Clodsire|flinch
|
|-heal|p1a: mocheté|82/100|[from] item: Leftovers
|-heal|p2a: Clodsire|33/100|[from] item: Leftovers
|turn|13
|
|switch|p2a: Ting-Lu|Ting-Lu|100/100
|-damage|p2a: Ting-Lu|88/100|[from] Stealth Rock
|move|p1a: mocheté|Zen Headbutt|p2a: Ting-Lu
|-damage|p2a: Ting-Lu|36/100
|replace|p2a: Zoroark|Zoroark-Hisui, F
|-end|p2a: Zoroark|Illusion
|
|-heal|p1a: mocheté|88/100|[from] item: Leftovers
|turn|14
|
|-terastallize|p2a: Zoroark|Ghost
|move|p2a: Zoroark|Shadow Ball|p1a: mocheté
|-damage|p1a: mocheté|0 fnt
|faint|p1a: mocheté
|
|
|switch|p1a: alpha|Kingambit, M|100/100
|-damage|p1a: alpha|94/100|[from] Stealth Rock
|-activate|p1a: alpha|ability: Supreme Overlord
|-start|p1a: alpha|fallen3|[silent]
|turn|15
|
|switch|p2a: Ting-Lu|Ting-Lu|49/100
|-damage|p2a: Ting-Lu|43/100|[from] Stealth Rock
|-ability|p2a: Ting-Lu|Vessel of Ruin
|move|p1a: alpha|Sucker Punch||[still]
|-fail|p1a: alpha
|
|-heal|p2a: Ting-Lu|49/100|[from] item: Leftovers
|turn|16
|
|-end|p1a: alpha|fallen3|[silent]
|switch|p1a: woof|Zamazenta|100/100
|-damage|p1a: woof|94/100|[from] Stealth Rock
|-ability|p1a: woof|Dauntless Shield|boost
|-boost|p1a: woof|def|1
|move|p2a: Ting-Lu|Earthquake|p1a: woof
|-damage|p1a: woof|71/100
|
|-heal|p2a: Ting-Lu|55/100|[from] item: Leftovers
|turn|17
|
|move|p1a: woof|Howl|p1a: woof
|-boost|p1a: woof|atk|1
|move|p2a: Ting-Lu|Whirlwind|p1a: woof
|drag|p1a: alpha|Kingambit, M|94/100
|-damage|p1a: alpha|88/100|[from] Stealth Rock
|-activate|p1a: alpha|ability: Supreme Overlord
|-start|p1a: alpha|fallen3|[silent]
|
|-heal|p2a: Ting-Lu|62/100|[from] item: Leftovers
|turn|18
|
|-end|p1a: alpha|fallen3|[silent]
|switch|p1a: woof|Zamazenta|71/100
|-damage|p1a: woof|65/100|[from] Stealth Rock
|move|p2a: Ting-Lu|Whirlwind|p1a: woof
|drag|p1a: alpha|Kingambit, M|88/100
|-damage|p1a: alpha|82/100|[from] Stealth Rock
|-activate|p1a: alpha|ability: Supreme Overlord
|-start|p1a: alpha|fallen3|[silent]
|
|-heal|p2a: Ting-Lu|68/100|[from] item: Leftovers
|turn|19
|
|move|p1a: alpha|Kowtow Cleave|p2a: Ting-Lu
|-resisted|p2a: Ting-Lu
|-damage|p2a: Ting-Lu|50/100
|move|p2a: Ting-Lu|Whirlwind|p1a: alpha
|-end|p1a: alpha|fallen3|[silent]
|drag|p1a: le flow|Azumarill, M, shiny|100/100
|-damage|p1a: le flow|88/100|[from] Stealth Rock
|
|-heal|p2a: Ting-Lu|57/100|[from] item: Leftovers
|turn|20
|
|switch|p2a: Clodsire|Clodsire, F|33/100
|-damage|p2a: Clodsire|27/100|[from] Stealth Rock
|move|p1a: le flow|Aqua Jet|p2a: Clodsire
|-heal|p2a: Clodsire|51/100|[from] ability: Water Absorb|[of] p1a: le flow
|
|-heal|p2a: Clodsire|58/100|[from] item: Leftovers
|turn|21
|
|switch|p1a: woof|Zamazenta|65/100
|-damage|p1a: woof|59/100|[from] Stealth Rock
|move|p2a: Clodsire|Toxic|p1a: woof
|-status|p1a: woof|tox
|
|-heal|p2a: Clodsire|64/100|[from] item: Leftovers
|-damage|p1a: woof|53/100 tox|[from] psn
|turn|22
|
|switch|p2a: Clodsire|Clodsire, F, tera:Ghost|36/100
|-damage|p2a: Clodsire|23/100|[from] Stealth Rock
|move|p1a: woof|Crunch|p2a: Clodsire
|-supereffective|p2a: Clodsire
|-damage|p2a: Clodsire|0 fnt
|replace|p2a: Zoroark|Zoroark-Hisui, F
|-end|p2a: Zoroark|Illusion
|faint|p2a: Zoroark
|
|-damage|p1a: woof|40/100 tox|[from] psn
|
|switch|p2a: Toxapex|Toxapex, M|67/100
|-damage|p2a: Toxapex|54/100|[from] Stealth Rock
|turn|23
|
|move|p1a: woof|Crunch|p2a: Toxapex
|-damage|p2a: Toxapex|38/100
|-unboost|p2a: Toxapex|def|1
|-damage|p1a: woof|24/100 tox|[from] item: Rocky Helmet|[of] p2a: Toxapex
|move|p2a: Toxapex|Recover|p2a: Toxapex
|-heal|p2a: Toxapex|88/100
|
|-damage|p1a: woof|5/100 tox|[from] psn
|turn|24
|
|move|p1a: woof|Crunch|p2a: Toxapex
|-damage|p2a: Toxapex|63/100
|-damage|p1a: woof|0 fnt|[from] item: Rocky Helmet|[of] p2a: Toxapex
|faint|p1a: woof
|move|p2a: Toxapex|Recover|p2a: Toxapex
|-heal|p2a: Toxapex|100/100
|
|
|switch|p1a: alpha|Kingambit, M|82/100
|-damage|p1a: alpha|76/100|[from] Stealth Rock
|-activate|p1a: alpha|ability: Supreme Overlord
|-start|p1a: alpha|fallen4|[silent]
|turn|25
|
|move|p1a: alpha|Kowtow Cleave|p2a: Toxapex
|-damage|p2a: Toxapex|38/100
|-damage|p1a: alpha|59/100|[from] item: Rocky Helmet|[of] p2a: Toxapex
|move|p2a: Toxapex|Haze|p2a: Toxapex
|-clearallboost
|
|turn|26
|
|move|p1a: alpha|Swords Dance|p1a: alpha
|-boost|p1a: alpha|atk|2
|move|p2a: Toxapex|Recover|p2a: Toxapex
|-heal|p2a: Toxapex|88/100
|
|turn|27
|
|move|p1a: alpha|Kowtow Cleave|p2a: Toxapex
|-damage|p2a: Toxapex|0 fnt
|-damage|p1a: alpha|43/100|[from] item: Rocky Helmet|[of] p2a: Toxapex
|faint|p2a: Toxapex
|
|
|switch|p2a: Garganacl|Garganacl, M|100/100
|-damage|p2a: Garganacl|88/100|[from] Stealth Rock
|turn|28
|
|move|p2a: Garganacl|Protect|p2a: Garganacl
|-singleturn|p2a: Garganacl|Protect
|move|p1a: alpha|Iron Head|p2a: Garganacl
|-activate|p2a: Garganacl|move: Protect
|
|-heal|p2a: Garganacl|94/100|[from] item: Leftovers
|turn|29
|
|move|p1a: alpha|Iron Head|p2a: Garganacl
|-supereffective|p2a: Garganacl
|-damage|p2a: Garganacl|0 fnt
|faint|p2a: Garganacl
|
|
|switch|p2a: Clodsire|Clodsire, F|64/100
|-damage|p2a: Clodsire|58/100|[from] Stealth Rock
|turn|30
|
|move|p2a: Clodsire|Protect|p2a: Clodsire
|-singleturn|p2a: Clodsire|Protect
|move|p1a: alpha|Kowtow Cleave|p2a: Clodsire
|-activate|p2a: Clodsire|move: Protect
|
|-heal|p2a: Clodsire|64/100|[from] item: Leftovers
|turn|31
|
|move|p1a: alpha|Kowtow Cleave|p2a: Clodsire
|-damage|p2a: Clodsire|0 fnt
|faint|p2a: Clodsire
|
|
|switch|p2a: Ting-Lu|Ting-Lu|57/100
|-damage|p2a: Ting-Lu|50/100|[from] Stealth Rock
|-ability|p2a: Ting-Lu|Vessel of Ruin
|turn|32
|
|move|p1a: alpha|Kowtow Cleave|p2a: Ting-Lu
|-resisted|p2a: Ting-Lu
|-damage|p2a: Ting-Lu|13/100
|move|p2a: Ting-Lu|Earthquake|p1a: alpha
|-supereffective|p1a: alpha
|-damage|p1a: alpha|0 fnt
|faint|p1a: alpha
|-end|p1a: alpha|fallen4|[silent]
|
|-heal|p2a: Ting-Lu|20/100|[from] item: Leftovers
|
|switch|p1a: le flow|Azumarill, M, shiny|88/100
|-damage|p1a: le flow|76/100|[from] Stealth Rock
|turn|33
|-message|p2 forfeited.
|
|win|p1
