|poke|p1|Goodra, M|
|poke|p1|Meowscarada, M|
|poke|p1|Dragonite, M|
|poke|p1|Braviary-Hisui, M|
|poke|p1|Appletun, M|
|poke|p1|Spidops, M|
|poke|p2|Electrode-Hisui|
|poke|p2|Amoonguss, M|
|poke|p2|Iron Leaves|
|poke|p2|Meowscarada, M|
|poke|p2|Lilligant-Hisui, F|
|poke|p2|Zarude|
|teampreview
|
|start
|switch|p1a: Spidops|Spidops, M|100/100
|switch|p2a: Electrode|Electrode-Hisui|100/100
|turn|1
|
|move|p2a: Electrode|Taunt|p1a: Spidops
|-start|p1a: Spidops|move: Taunt
|cant|p1a: Spidops|move: Taunt|Sticky Web
|
|turn|2
|
|switch|p2a: Zarude|Zarude|100/100
|switch|p1a: Goodra|Goodra, M, shiny|100/100
|
|turn|3
|
|-terastallize|p2a: Zarude|Fighting
|move|p2a: Zarude|Bulk Up|p2a: Zarude
|-boost|p2a: Zarude|atk|1
|-boost|p2a: Zarude|def|1
|move|p1a: Goodra|Sludge Bomb|p2a: Zarude
|-damage|p2a: Zarude|73/100
|
|-heal|p2a: Zarude|79/100|[from] item: Leftovers
|turn|4
|
|switch|p1a: Braviary|Braviary-Hisui, M, shiny|100/100
|move|p2a: Zarude|Bulk Up|p2a: Zarude
|-boost|p2a: Zarude|atk|1
|-boost|p2a: Zarude|def|1
|
|-heal|p2a: Zarude|85/100|[from] item: Leftovers
|turn|5
|
|move|p1a: Braviary|Esper Wing|p2a: Zarude
|-supereffective|p2a: Zarude
|-damage|p2a: Zarude|19/100
|-boost|p1a: Braviary|spe|1
|move|p2a: Zarude|Crunch|p1a: Braviary
|-supereffective|p1a: Braviary
|-damage|p1a: Braviary|0 fnt
|faint|p1a: Braviary
|
|-heal|p2a: Zarude|25/100|[from] item: Leftovers
|
|switch|p1a: Meowscarada|Meowscarada, M|100/100
|turn|6
|
|move|p1a: Meowscarada|Play Rough|p2a: Zarude|[miss]
|-start|p1a: Meowscarada|typechange|Fairy|[from] ability: Protean
|-miss|p1a: Meowscarada|p2a: Zarude
|move|p2a: Zarude|Jungle Healing|p2a: Zarude
|-heal|p2a: Zarude|50/100
|
|-heal|p2a: Zarude|56/100|[from] item: Leftovers
|turn|7
|
|move|p1a: Meowscarada|Play Rough|p2a: Zarude
|-supereffective|p2a: Zarude
|-damage|p2a: Zarude|16/100
|-unboost|p2a: Zarude|atk|1
|-damage|p1a: Meowscarada|91/100|[from] item: Life Orb
|move|p2a: Zarude|Jungle Healing|p2a: Zarude
|-heal|p2a: Zarude|41/100
|
|-heal|p2a: Zarude|47/100|[from] item: Leftovers
|turn|8
|
|move|p1a: Meowscarada|Play Rough|p2a: Zarude|[miss]
|-miss|p1a: Meowscarada|p2a: Zarude
|move|p2a: Zarude|Seed Bomb|p1a: Meowscarada
|-damage|p1a: Meowscarada|0 fnt
|faint|p1a: Meowscarada
|
|-heal|p2a: Zarude|53/100|[from] item: Leftovers
|
|switch|p1a: Spidops|Spidops, M|100/100
|turn|9
|
|move|p2a: Zarude|Bulk Up|p2a: Zarude
|-boost|p2a: Zarude|atk|1
|-boost|p2a: Zarude|def|1
|move|p1a: Spidops|Sticky Web|p2a: Zarude
|-sidestart|p2: p2|move: Sticky Web
|
|-heal|p2a: Zarude|59/100|[from] item: Leftovers
|turn|10
|
|move|p2a: Zarude|Bulk Up|p2a: Zarude
|-boost|p2a: Zarude|atk|1
|-boost|p2a: Zarude|def|1
|move|p1a: Spidops|Spikes|p2a: Zarude
|-sidestart|p2: p2|Spikes
|
|-heal|p2a: Zarude|65/100|[from] item: Leftovers
|turn|11
|
|move|p2a: Zarude|Seed Bomb|p1a: Spidops
|-resisted|p1a: Spidops
|-damage|p1a: Spidops|55/100
|move|p1a: Spidops|Spikes|p2a: Zarude
|-sidestart|p2: p2|Spikes
|
|-heal|p2a: Zarude|71/100|[from] item: Leftovers
|turn|12
|
|move|p2a: Zarude|Crunch|p1a: Spidops
|-damage|p1a: Spidops|0 fnt
|faint|p1a: Spidops
|
|-heal|p2a: Zarude|77/100|[from] item: Leftovers
|
|switch|p1a: Appletun|Appletun, M, shiny|100/100
|turn|13
|
|move|p2a: Zarude|Crunch|p1a: Appletun
|-damage|p1a: Appletun|0 fnt
|faint|p1a: Appletun
|
|-heal|p2a: Zarude|83/100|[from] item: Leftovers
|
|switch|p1a: Dragonite|Dragonite, M|100/100
|turn|14
|
|move|p1a: Dragonite|Dragon Dance|p1a: Dragonite
|-boost|p1a: Dragonite|atk|1
|-boost|p1a: Dragonite|spe|1
|move|p2a: Zarude|Crunch|p1a: Dragonite
|-crit|p1a: Dragonite
|-damage|p1a: Dragonite|6/100
|-unboost|p1a: Dragonite|def|1
|
|-heal|p2a: Zarude|89/100|[from] item: Leftovers
|turn|15
|
|-terastallize|p1a: Dragonite|Dragon
|move|p1a: Dragonite|Fire Punch|p2a: Zarude
|-damage|p2a: Zarude|77/100
|move|p2a: Zarude|Crunch|p1a: Dragonite
|-damage|p1a: Dragonite|0 fnt
|faint|p1a: Dragonite
|
|-heal|p2a: Zarude|83/100|[from] item: Leftovers
|-message|p1 forfeited.
|
|win|p2
