|poke|p1|Enamorus-Therian, F|
|poke|p1|Iron Treads|
|poke|p1|Tauros-Paldea-Aqua, M|
|poke|p1|Cinderace, F|
|poke|p1|Gholdengo|
|poke|p1|Dragapult, F|
|poke|p2|Basculegion-F, F|
|poke|p2|Meowscarada, F|
|poke|p2|Heatran, F|
|poke|p2|Garchomp, F|
|poke|p2|Great Tusk|
|poke|p2|Urshifu-*, M|
|teampreview
|j| An¤nym¤u5
|
|start
|switch|p1a: Magearna at home|Enamorus-Therian, F|100/100
|switch|p2a: Meowscarada|Meowscarada, F|100/100
|turn|1
|
|move|p2a: Meowscarada|U-turn|p1a: Magearna at home
|-start|p2a: Meowscarada|typechange|Bug|[from] ability: Protean
|-resisted|p1a: Magearna at home
|-damage|p1a: Magearna at home|94/100
|
|switch|p2a: Basculegion|Basculegion-F, F, shiny|100/100|[from] U-turn
|move|p1a: Magearna at home|Calm Mind|p1a: Magearna at home
|-boost|p1a: Magearna at home|spa|1
|-boost|p1a: Magearna at home|spd|1
|
|-heal|p1a: Magearna at home|99/100|[from] item: Leftovers
|turn|2
|
|move|p2a: Basculegion|Substitute|p2a: Basculegion
|-start|p2a: Basculegion|Substitute
|-damage|p2a: Basculegion|75/100
|move|p1a: Magearna at home|Draining Kiss|p2a: Basculegion
|-end|p2a: Basculegion|Substitute
|-heal|p1a: Magearna at home|100/100|[from] drain|[of] p2a: Basculegion
|
|turn|3
|
|move|p2a: Basculegion|Surf|p1a: Magearna at home
|-damage|p1a: Magearna at home|64/100
|move|p1a: Magearna at home|Draining Kiss|p2a: Basculegion
|-damage|p2a: Basculegion|35/100
|-heal|p1a: Magearna at home|99/100|[from] drain|[of] p2a: Basculegion
|
|-heal|p1a: Magearna at home|100/100|[from] item: Leftovers
|turn|4
|
|move|p2a: Basculegion|Substitute|p2a: Basculegion
|-start|p2a: Basculegion|Substitute
|-damage|p2a: Basculegion|10/100
|-enditem|p2a: Basculegion|Petaya Berry|[eat]
|-boost|p2a: Basculegion|spa|1|[from] item: Petaya Berry
|move|p1a: Magearna at home|Draining Kiss|p2a: Basculegion
|-end|p2a: Basculegion|Substitute
|
|turn|5
|
|move|p2a: Basculegion|Surf|p1a: Magearna at home
|-damage|p1a: Magearna at home|42/100
|move|p1a: Magearna at home|Draining Kiss|p2a: Basculegion
|-damage|p2a: Basculegion|0 fnt
|-heal|p1a: Magearna at home|51/100|[from] drain|[of] p2a: Basculegion
|faint|p2a: Basculegion
|
|-heal|p1a: Magearna at home|57/100|[from] item: Leftovers
|
|switch|p2a: Urshifu|Urshifu-Rapid-Strike, M|100/100
|turn|6
|
|move|p2a: Urshifu|Surging Strikes|p1a: Magearna at home
|-crit|p1a: Magearna at home
|-damage|p1a: Magearna at home|41/100
|-crit|p1a: Magearna at home
|-damage|p1a: Magearna at home|27/100
|-crit|p1a: Magearna at home
|-damage|p1a: Magearna at home|12/100
|-hitcount|p1a: Magearna at home|3
|move|p1a: Magearna at home|Draining Kiss|p2a: Urshifu
|-supereffective|p2a: Urshifu
|-damage|p2a: Urshifu|0 fnt
|-heal|p1a: Magearna at home|85/100|[from] drain|[of] p2a: Urshifu
|faint|p2a: Urshifu
|
|-heal|p1a: Magearna at home|91/100|[from] item: Leftovers
|-message|donkkut forfeited.
|
|win|ShoddyProdigy
|l|☆donkkut
|l| An¤nym¤u5
