|poke|p1|Arcanine-Hisui, M|
|poke|p1|Gastrodon-East, F|
|poke|p1|Ursaluna, M|
|poke|p1|Meowscarada, F|
|poke|p1|Dragonite, M|
|poke|p2|Hawlucha, M|
|poke|p2|Cyclizar, F|
|poke|p2|Baxcalibur, M|
|poke|p2|Thundurus-Therian, M|
|poke|p2|Moltres-Galar|
|poke|p2|Gengar, F|
|teampreview
|
|start
|switch|p1a: Dragonite|Dragonite, M, shiny|100/100
|switch|p2a: Cyclizar|Cyclizar, F, shiny|100/100
|turn|1
|
|move|p2a: Cyclizar|Knock Off|p1a: Dragonite
|-damage|p1a: Dragonite|80/100
|-enditem|p1a: Dragonite|Weakness Policy|[from] move: Knock Off|[of] p2a: Cyclizar
|move|p1a: Dragonite|Dragon Dance|p1a: Dragonite
|-boost|p1a: Dragonite|atk|1
|-boost|p1a: Dragonite|spe|1
|
|turn|2
|
|switch|p2a: Gengar|Gengar, F, shiny|100/100
|move|p1a: Dragonite|Ice Spinner|p2a: Gengar
|-damage|p2a: Gengar|10/100
|
|turn|3
|player|p1|
|player|p1|zen0220|169
|
|move|p1a: Dragonite|Ice Spinner|p2a: Gengar
|-damage|p2a: Gengar|0 fnt
|faint|p2a: Gengar
|
|
|switch|p2a: Cyclizar|Cyclizar, F, shiny|100/100
|turn|4
|
|move|p1a: Dragonite|Ice Spinner|p2a: Cyclizar
|-supereffective|p2a: Cyclizar
|-damage|p2a: Cyclizar|0 fnt
|faint|p2a: Cyclizar
|
|
|switch|p2a: Baxcalibur|Baxcalibur, M|100/100
|turn|5
|
|-terastallize|p2a: Baxcalibur|Steel
|move|p1a: Dragonite|Dragon Claw|p2a: Baxcalibur
|-resisted|p2a: Baxcalibur
|-damage|p2a: Baxcalibur|73/100
|move|p2a: Baxcalibur|Icicle Crash|p1a: Dragonite
|-supereffective|p1a: Dragonite
|-damage|p1a: Dragonite|0 fnt
|faint|p1a: Dragonite
|
|
|switch|p1a: Arcanine|Arcanine-Hisui, M, shiny|100/100
|turn|6
|
|switch|p2a: Thundurus|Thundurus-Therian, M|100/100
|move|p1a: Arcanine|Flare Blitz|p2a: Thundurus
|-damage|p2a: Thundurus|30/100
|-enditem|p2a: Thundurus|Red Card|[of] p1a: Arcanine
|drag|p1a: Gastrodon|Gastrodon-East, F, shiny|100/100
|
|turn|7
|
|move|p2a: Thundurus|Grass Knot|p1a: Gastrodon
|-supereffective|p1a: Gastrodon
|-damage|p1a: Gastrodon|38/100
|move|p1a: Gastrodon|Ice Beam|p2a: Thundurus
|-supereffective|p2a: Thundurus
|-damage|p2a: Thundurus|0 fnt
|faint|p2a: Thundurus
|
|-heal|p1a: Gastrodon|44/100|[from] item: Leftovers
|
|switch|p2a: Hawlucha|Hawlucha, M, shiny|100/100
|turn|8
|
|move|p2a: Hawlucha|Swords Dance|p2a: Hawlucha
|-boost|p2a: Hawlucha|atk|2
|move|p1a: Gastrodon|Earth Power|p2a: Hawlucha
|-immune|p2a: Hawlucha
|
|-heal|p1a: Gastrodon|50/100|[from] item: Leftovers
|turn|9
|
|move|p2a: Hawlucha|Bounce||[still]
|-prepare|p2a: Hawlucha|Bounce
|move|p1a: Gastrodon|Ice Beam|p2a: Hawlucha|[miss]
|-miss|p1a: Gastrodon|p2a: Hawlucha
|
|-heal|p1a: Gastrodon|56/100|[from] item: Leftovers
|turn|10
|
|switch|p1a: Arcanine|Arcanine-Hisui, M, shiny|100/100
|move|p2a: Hawlucha|Bounce|p1a: Arcanine|[from]lockedmove
|-resisted|p1a: Arcanine
|-damage|p1a: Arcanine|74/100
|-damage|p2a: Hawlucha|84/100|[from] item: Rocky Helmet|[of] p1a: Arcanine
|
|turn|11
|
|move|p2a: Hawlucha|Bounce||[still]
|-prepare|p2a: Hawlucha|Bounce
|move|p1a: Arcanine|Head Smash|p2a: Hawlucha|[miss]
|-miss|p1a: Arcanine|p2a: Hawlucha
|
|turn|12
|
|move|p2a: Hawlucha|Bounce|p1a: Arcanine|[from]lockedmove|[miss]
|-miss|p2a: Hawlucha|p1a: Arcanine
|move|p1a: Arcanine|Morning Sun|p1a: Arcanine
|-heal|p1a: Arcanine|100/100
|
|turn|13
|
|move|p2a: Hawlucha|Bounce||[still]
|-prepare|p2a: Hawlucha|Bounce
|move|p1a: Arcanine|Head Smash|p2a: Hawlucha|[miss]
|-miss|p1a: Arcanine|p2a: Hawlucha
|
|turn|14
|
|move|p2a: Hawlucha|Bounce|p1a: Arcanine|[from]lockedmove
|-resisted|p1a: Arcanine
|-damage|p1a: Arcanine|76/100
|-damage|p2a: Hawlucha|68/100|[from] item: Rocky Helmet|[of] p1a: Arcanine
|move|p1a: Arcanine|Head Smash|p2a: Hawlucha
|-damage|p2a: Hawlucha|0 fnt
|faint|p2a: Hawlucha
|
|
|switch|p2a: Baxcalibur|Baxcalibur, M, tera:Steel|73/100
|turn|15
|
|move|p1a: Arcanine|Flare Blitz|p2a: Baxcalibur
|-supereffective|p2a: Baxcalibur
|-damage|p2a: Baxcalibur|0 fnt
|faint|p2a: Baxcalibur
|
|
|switch|p2a: Moltres|Moltres-Galar, shiny|100/100
|turn|16
|
|move|p2a: Moltres|Agility|p2a: Moltres
|-boost|p2a: Moltres|spe|2
|move|p1a: Arcanine|Head Smash|p2a: Moltres
|-supereffective|p2a: Moltres
|-damage|p2a: Moltres|0 fnt
|faint|p2a: Moltres
|
|win|zen0220
