|poke|p1|Garchomp, M|
|poke|p1|Moltres|
|poke|p1|Magnezone|
|poke|p1|Diancie|
|poke|p1|Azelf|
|poke|p1|Slowking-Galar, M|
|poke|p2|Grimmsnarl, M|
|poke|p2|Kleavor, M|
|poke|p2|Zamazenta-*|
|poke|p2|Magearna|
|poke|p2|Volcanion|
|poke|p2|Landorus-Therian, M|
|teampreview
|
|start
|switch|p1a: Diancie|Diancie|100/100
|switch|p2a: Asta|Grimmsnarl, M, shiny|100/100
|turn|1
|
|move|p2a: Asta|Taunt|p1a: Diancie
|-start|p1a: Diancie|move: Taunt
|move|p1a: Diancie|Moonblast|p2a: Asta
|-supereffective|p2a: Asta
|-damage|p2a: Asta|48/100
|
|turn|2
|
|move|p2a: Asta|Light Screen|p2a: Asta
|-sidestart|p2: p2|move: Light Screen
|move|p1a: Diancie|Moonblast|p2a: Asta
|-supereffective|p2a: Asta
|-damage|p2a: Asta|24/100
|
|turn|3
|
|switch|p1a: Slowking|Slowking-Galar, M|100/100
|move|p2a: Asta|Parting Shot|p1a: Slowking
|-unboost|p1a: Slowking|atk|1
|-unboost|p1a: Slowking|spa|1
|
|switch|p2a: shiest|Magearna|100/100|[from] Parting Shot
|
|turn|4
|
|switch|p1a: Moltres|Moltres|100/100
|move|p2a: shiest|Shift Gear|p2a: shiest
|-boost|p2a: shiest|spe|2
|-boost|p2a: shiest|atk|1
|
|turn|5
|
|move|p2a: shiest|Shift Gear|p2a: shiest
|-boost|p2a: shiest|spe|2
|-boost|p2a: shiest|atk|1
|move|p1a: Moltres|Will-O-Wisp|p2a: shiest
|-status|p2a: shiest|brn
|
|-damage|p2a: shiest|94/100 brn|[from] brn
|turn|6
|
|move|p2a: shiest|Stored Power|p1a: Moltres
|-damage|p1a: Moltres|45/100
|move|p1a: Moltres|Flamethrower|p2a: shiest
|-supereffective|p2a: shiest
|-damage|p2a: shiest|58/100 brn
|-enditem|p2a: shiest|Weakness Policy
|-boost|p2a: shiest|atk|2|[from] item: Weakness Policy
|-boost|p2a: shiest|spa|2|[from] item: Weakness Policy
|
|-damage|p2a: shiest|52/100 brn|[from] brn
|turn|7
|
|move|p2a: shiest|Stored Power|p1a: Moltres
|-damage|p1a: Moltres|0 fnt
|faint|p1a: Moltres
|-ability|p2a: shiest|Soul-Heart|boost
|-boost|p2a: shiest|spa|1
|
|-damage|p2a: shiest|46/100 brn|[from] brn
|
|switch|p1a: Garchomp|Garchomp, M|100/100
|turn|8
|
|-terastallize|p2a: shiest|Flying
|-terastallize|p1a: Garchomp|Steel
|move|p2a: shiest|Draining Kiss|p1a: Garchomp
|-resisted|p1a: Garchomp
|-damage|p1a: Garchomp|60/100
|-heal|p2a: shiest|79/100 brn|[from] drain|[of] p1a: Garchomp
|-damage|p2a: shiest|67/100 brn|[from] ability: Rough Skin|[of] p1a: Garchomp
|move|p1a: Garchomp|Earthquake|p2a: shiest
|-immune|p2a: shiest
|
|-heal|p1a: Garchomp|66/100|[from] item: Leftovers
|-damage|p2a: shiest|61/100 brn|[from] brn
|turn|9
|
|move|p2a: shiest|Aura Sphere|p1a: Garchomp
|-supereffective|p1a: Garchomp
|-crit|p1a: Garchomp
|-damage|p1a: Garchomp|0 fnt
|faint|p1a: Garchomp
|-ability|p2a: shiest|Soul-Heart|boost
|-boost|p2a: shiest|spa|1
|
|-damage|p2a: shiest|55/100 brn|[from] brn
|-sideend|p2: p2|move: Light Screen
|
|switch|p1a: Slowking|Slowking-Galar, M|100/100
|turn|10
|
|move|p2a: shiest|Stored Power|p1a: Slowking
|-damage|p1a: Slowking|0 fnt
|faint|p1a: Slowking
|-ability|p2a: shiest|Soul-Heart|boost
|-boost|p2a: shiest|spa|1
|
|-damage|p2a: shiest|49/100 brn|[from] brn
|
|switch|p1a: Diancie|Diancie|100/100
|turn|11
|
|move|p2a: shiest|Stored Power|p1a: Diancie
|-damage|p1a: Diancie|0 fnt
|faint|p1a: Diancie
|-ability|p2a: shiest|Soul-Heart|boost
|-boost|p2a: shiest|spa|1
|
|-damage|p2a: shiest|43/100 brn|[from] brn
|-message|p1 forfeited.
|
|win|p2
|hidelines|unlink|finnytheshark
