|poke|p1|Magearna|
|poke|p1|Talonflame, M|
|poke|p1|Great Tusk|
|poke|p1|Magnezone|
|poke|p1|Dondozo, F|
|poke|p1|Clodsire, M|
|poke|p2|Clodsire, F|
|poke|p2|Walking Wake|
|poke|p2|Torkoal, F|
|poke|p2|Great Tusk|
|poke|p2|Lilligant-Hisui, F|
|poke|p2|Sandy Shocks|
|teampreview
|
|start
|switch|p1a: Great Tusk|Great Tusk|100/100
|switch|p2a: Great Tusk|Great Tusk|100/100
|turn|1
|
|-end|p1a: Great Tusk|Protosynthesis|[silent]
|switch|p1a: Talonflame|Talonflame, M|100/100
|move|p2a: Great Tusk|Knock Off|p1a: Talonflame
|-damage|p1a: Talonflame|69/100
|-status|p2a: Great Tusk|brn|[from] ability: Flame Body|[of] p1a: Talonflame
|-enditem|p1a: Talonflame|Heavy-Duty Boots|[from] move: Knock Off|[of] p2a: Great Tusk
|
|-damage|p2a: Great Tusk|94/100 brn|[from] brn
|turn|2
|
|-end|p2a: Great Tusk|Protosynthesis|[silent]
|switch|p2a: Torkoal|Torkoal, F|100/100
|-weather|SunnyDay|[from] ability: Drought|[of] p2a: Torkoal
|move|p1a: Talonflame|Flamethrower|p2a: Torkoal
|-resisted|p2a: Torkoal
|-damage|p2a: Torkoal|77/100
|
|-weather|SunnyDay|[upkeep]
|turn|3
|
|move|p1a: Talonflame|Roost|p1a: Talonflame
|-heal|p1a: Talonflame|100/100
|-singleturn|p1a: Talonflame|move: Roost
|move|p2a: Torkoal|Stealth Rock|p1a: Talonflame
|-sidestart|p1: robupoke|move: Stealth Rock
|
|-weather|SunnyDay|[upkeep]
|turn|4
|
|switch|p2a: vogal|Clodsire, F|100/100
|move|p1a: Talonflame|Defog|p2a: vogal
|-unboost|p2a: vogal|evasion|1
|-sideend|p1: robupoke|Stealth Rock|[from] move: Defog|[of] p1a: Talonflame
|
|-weather|SunnyDay|[upkeep]
|turn|5
|
|move|p1a: Talonflame|Will-O-Wisp|p2a: vogal
|-status|p2a: vogal|brn
|move|p2a: vogal|Earthquake|p1a: Talonflame
|-immune|p1a: Talonflame
|
|-weather|SunnyDay|[upkeep]
|-damage|p2a: vogal|94/100 brn|[from] brn
|turn|6
|
|switch|p1a: Clodsire|Clodsire, M|100/100
|move|p2a: vogal|Toxic|p1a: Clodsire
|-immune|p1a: Clodsire
|
|-weather|SunnyDay|[upkeep]
|-heal|p2a: vogal|100/100 brn|[from] item: Black Sludge
|-damage|p2a: vogal|94/100 brn|[from] brn
|turn|7
|
|switch|p2a: Great Tusk|Great Tusk|94/100 brn
|-activate|p2a: Great Tusk|ability: Protosynthesis
|-start|p2a: Great Tusk|protosynthesisatk
|move|p1a: Clodsire|Stealth Rock|p2a: Great Tusk
|-sidestart|p2: TheDarkMages|move: Stealth Rock
|
|-weather|SunnyDay|[upkeep]
|-heal|p2a: Great Tusk|100/100 brn|[from] item: Leftovers
|-damage|p2a: Great Tusk|94/100 brn|[from] brn
|turn|8
|
|switch|p1a: Talonflame|Talonflame, M|100/100
|move|p2a: Great Tusk|Knock Off|p1a: Talonflame
|-damage|p1a: Talonflame|87/100
|
|-weather|SunnyDay|[upkeep]
|-heal|p2a: Great Tusk|100/100 brn|[from] item: Leftovers
|-damage|p2a: Great Tusk|94/100 brn|[from] brn
|turn|9
|
|move|p1a: Talonflame|Flamethrower|p2a: Great Tusk
|-damage|p2a: Great Tusk|40/100 brn
|move|p2a: Great Tusk|Rapid Spin|p1a: Talonflame
|-damage|p1a: Talonflame|76/100
|-boost|p2a: Great Tusk|spe|1
|-sideend|p2: TheDarkMages|Stealth Rock|[from] move: Rapid Spin|[of] p2a: Great Tusk
|
|-weather|none
|-end|p2a: Great Tusk|Protosynthesis
|-heal|p2a: Great Tusk|46/100 brn|[from] item: Leftovers
|-damage|p2a: Great Tusk|40/100 brn|[from] brn
|turn|10
|
|-end|p2a: Great Tusk|Protosynthesis|[silent]
|switch|p2a: Walking Wake|Walking Wake|100/100
|move|p1a: Talonflame|Flamethrower|p2a: Walking Wake
|-resisted|p2a: Walking Wake
|-damage|p2a: Walking Wake|94/100
|
|turn|11
|
|switch|p1a: Clodsire|Clodsire, M|100/100
|move|p2a: Walking Wake|Flamethrower|p1a: Clodsire
|-damage|p1a: Clodsire|75/100
|
|-heal|p1a: Clodsire|81/100|[from] item: Leftovers
|turn|12
|
|-end|p2a: Walking Wake|Protosynthesis|[silent]
|switch|p2a: vogal|Clodsire, F|94/100 brn
|move|p1a: Clodsire|Stealth Rock|p2a: vogal
|-sidestart|p2: TheDarkMages|move: Stealth Rock
|
|-heal|p1a: Clodsire|87/100|[from] item: Leftovers
|-heal|p2a: vogal|100/100 brn|[from] item: Black Sludge
|-damage|p2a: vogal|94/100 brn|[from] brn
|turn|13
|
|move|p2a: vogal|Spikes|p1a: Clodsire
|-sidestart|p1: robupoke|Spikes
|move|p1a: Clodsire|Earthquake|p2a: vogal
|-supereffective|p2a: vogal
|-damage|p2a: vogal|39/100 brn
|
|-heal|p1a: Clodsire|93/100|[from] item: Leftovers
|-heal|p2a: vogal|45/100 brn|[from] item: Black Sludge
|-damage|p2a: vogal|39/100 brn|[from] brn
|turn|14
|
|switch|p2a: Great Tusk|Great Tusk|40/100 brn
|-damage|p2a: Great Tusk|37/100 brn|[from] Stealth Rock
|move|p1a: Clodsire|Earthquake|p2a: Great Tusk
|-damage|p2a: Great Tusk|18/100 brn
|
|-heal|p2a: Great Tusk|24/100 brn|[from] item: Leftovers
|-heal|p1a: Clodsire|99/100|[from] item: Leftovers
|-damage|p2a: Great Tusk|18/100 brn|[from] brn
|turn|15
|
|switch|p1a: Talonflame|Talonflame, M|76/100
|move|p2a: Great Tusk|Rapid Spin|p1a: Talonflame
|-damage|p1a: Talonflame|68/100
|-boost|p2a: Great Tusk|spe|1
|-sideend|p2: TheDarkMages|Stealth Rock|[from] move: Rapid Spin|[of] p2a: Great Tusk
|
|-heal|p2a: Great Tusk|24/100 brn|[from] item: Leftovers
|-damage|p2a: Great Tusk|18/100 brn|[from] brn
|turn|16
|
|-end|p2a: Great Tusk|Protosynthesis|[silent]
|switch|p2a: Torkoal|Torkoal, F|77/100
|-weather|SunnyDay|[from] ability: Drought|[of] p2a: Torkoal
|move|p1a: Talonflame|Defog|p2a: Torkoal
|-unboost|p2a: Torkoal|evasion|1
|-sideend|p1: robupoke|Spikes|[from] move: Defog|[of] p1a: Talonflame
|
|-weather|SunnyDay|[upkeep]
|turn|17
|
|move|p1a: Talonflame|Roost|p1a: Talonflame
|-heal|p1a: Talonflame|100/100
|-singleturn|p1a: Talonflame|move: Roost
|move|p2a: Torkoal|Yawn|p1a: Talonflame
|-start|p1a: Talonflame|move: Yawn|[of] p2a: Torkoal
|
|-weather|SunnyDay|[upkeep]
|turn|18
|
|switch|p1a: Great Tusk|Great Tusk|100/100
|-activate|p1a: Great Tusk|ability: Protosynthesis
|-start|p1a: Great Tusk|protosynthesisatk
|switch|p2a: Walking Wake|Walking Wake|94/100
|-activate|p2a: Walking Wake|ability: Protosynthesis
|-start|p2a: Walking Wake|protosynthesisspe
|
|-weather|SunnyDay|[upkeep]
|turn|19
|
|-end|p1a: Great Tusk|Protosynthesis|[silent]
|switch|p1a: Clodsire|Clodsire, M|99/100
|move|p2a: Walking Wake|Dragon Pulse|p1a: Clodsire
|-damage|p1a: Clodsire|67/100
|
|-weather|SunnyDay|[upkeep]
|-heal|p1a: Clodsire|73/100|[from] item: Leftovers
|turn|20
|
|-end|p2a: Walking Wake|Protosynthesis|[silent]
|switch|p2a: Lilligant|Lilligant-Hisui, F|100/100
|move|p1a: Clodsire|Stealth Rock|p2a: Lilligant
|-sidestart|p2: TheDarkMages|move: Stealth Rock
|
|-weather|SunnyDay|[upkeep]
|-heal|p1a: Clodsire|79/100|[from] item: Leftovers
|turn|21
|
|switch|p2a: Sandy Shocks|Sandy Shocks|100/100
|-damage|p2a: Sandy Shocks|94/100|[from] Stealth Rock
|-activate|p2a: Sandy Shocks|ability: Protosynthesis
|-start|p2a: Sandy Shocks|protosynthesisspa
|switch|p1a: Talonflame|Talonflame, M|100/100
|
|-weather|SunnyDay|[upkeep]
|turn|22
|
|switch|p1a: Dondozo|Dondozo, F|100/100
|move|p2a: Sandy Shocks|Earth Power|p1a: Dondozo
|-damage|p1a: Dondozo|45/100
|
|-weather|SunnyDay|[upkeep]
|turn|23
|
|-end|p2a: Sandy Shocks|Protosynthesis|[silent]
|switch|p2a: Walking Wake|Walking Wake|94/100
|-damage|p2a: Walking Wake|81/100|[from] Stealth Rock
|-activate|p2a: Walking Wake|ability: Protosynthesis
|-start|p2a: Walking Wake|protosynthesisspe
|move|p1a: Dondozo|Wave Crash|p2a: Walking Wake
|-resisted|p2a: Walking Wake
|-crit|p2a: Walking Wake
|-damage|p2a: Walking Wake|74/100
|-damage|p1a: Dondozo|43/100|[from] Recoil
|
|-weather|none
|-end|p2a: Walking Wake|Protosynthesis
|turn|24
|
|-end|p2a: Walking Wake|Protosynthesis|[silent]
|switch|p2a: vogal|Clodsire, F|39/100 brn
|-damage|p2a: vogal|32/100 brn|[from] Stealth Rock
|switch|p1a: Clodsire|Clodsire, M|79/100
|
|-heal|p1a: Clodsire|85/100|[from] item: Leftovers
|-heal|p2a: vogal|39/100 brn|[from] item: Black Sludge
|-damage|p2a: vogal|32/100 brn|[from] brn
|turn|25
|
|switch|p2a: Torkoal|Torkoal, F|77/100
|-damage|p2a: Torkoal|52/100|[from] Stealth Rock
|-weather|SunnyDay|[from] ability: Drought|[of] p2a: Torkoal
|move|p1a: Clodsire|Earthquake|p2a: Torkoal
|-supereffective|p2a: Torkoal
|-damage|p2a: Torkoal|20/100
|
|-weather|SunnyDay|[upkeep]
|-heal|p1a: Clodsire|91/100|[from] item: Leftovers
|turn|26
|
|move|p1a: Clodsire|Earthquake|p2a: Torkoal
|-supereffective|p2a: Torkoal
|-damage|p2a: Torkoal|0 fnt
|faint|p2a: Torkoal
|
|-weather|SunnyDay|[upkeep]
|-heal|p1a: Clodsire|97/100|[from] item: Leftovers
|
|switch|p2a: Sandy Shocks|Sandy Shocks|94/100
|-damage|p2a: Sandy Shocks|88/100|[from] Stealth Rock
|-activate|p2a: Sandy Shocks|ability: Protosynthesis
|-start|p2a: Sandy Shocks|protosynthesisspa
|turn|27
|
|-terastallize|p2a: Sandy Shocks|Ice
|-terastallize|p1a: Clodsire|Dark
|move|p2a: Sandy Shocks|Tera Blast|p1a: Clodsire
|-damage|p1a: Clodsire|71/100
|move|p1a: Clodsire|Earthquake|p2a: Sandy Shocks
|-damage|p2a: Sandy Shocks|58/100
|
|-weather|SunnyDay|[upkeep]
|-heal|p1a: Clodsire|77/100|[from] item: Leftovers
|turn|28
|
|-end|p2a: Sandy Shocks|Protosynthesis|[silent]
|switch|p2a: Lilligant|Lilligant-Hisui, F|100/100
|-damage|p2a: Lilligant|94/100|[from] Stealth Rock
|move|p1a: Clodsire|Earthquake|p2a: Lilligant
|-resisted|p2a: Lilligant
|-damage|p2a: Lilligant|76/100
|
|-weather|SunnyDay|[upkeep]
|-heal|p2a: Lilligant|82/100|[from] item: Leftovers
|-heal|p1a: Clodsire|83/100|[from] item: Leftovers
|turn|29
|
|switch|p2a: Walking Wake|Walking Wake|74/100
|-damage|p2a: Walking Wake|61/100|[from] Stealth Rock
|-activate|p2a: Walking Wake|ability: Protosynthesis
|-start|p2a: Walking Wake|protosynthesisspe
|switch|p1a: Talonflame|Talonflame, M|100/100
|
|-weather|SunnyDay|[upkeep]
|turn|30
|
|switch|p1a: Clodsire|Clodsire, M, tera:Dark|83/100
|move|p2a: Walking Wake|Draco Meteor|p1a: Clodsire
|-damage|p1a: Clodsire|27/100
|-unboost|p2a: Walking Wake|spa|2
|
|-weather|SunnyDay|[upkeep]
|-heal|p1a: Clodsire|33/100|[from] item: Leftovers
|turn|31
|
|switch|p1a: Magearna|Magearna|100/100
|move|p2a: Walking Wake|Draco Meteor|p1a: Magearna
|-immune|p1a: Magearna
|
|-weather|SunnyDay|[upkeep]
|turn|32
|
|-end|p2a: Walking Wake|Protosynthesis|[silent]
|switch|p2a: Great Tusk|Great Tusk|18/100 brn
|-damage|p2a: Great Tusk|15/100 brn|[from] Stealth Rock
|-activate|p2a: Great Tusk|ability: Protosynthesis
|-start|p2a: Great Tusk|protosynthesisatk
|move|p1a: Magearna|Shift Gear|p1a: Magearna
|-boost|p1a: Magearna|spe|2
|-boost|p1a: Magearna|atk|1
|
|-weather|none
|-end|p2a: Great Tusk|Protosynthesis
|-heal|p2a: Great Tusk|21/100 brn|[from] item: Leftovers
|-damage|p2a: Great Tusk|15/100 brn|[from] brn
|turn|33
|
|move|p1a: Magearna|Draining Kiss|p2a: Great Tusk
|-supereffective|p2a: Great Tusk
|-damage|p2a: Great Tusk|0 fnt
|faint|p2a: Great Tusk
|-ability|p1a: Magearna|Soul-Heart|boost
|-boost|p1a: Magearna|spa|1
|-end|p2a: Great Tusk|Protosynthesis|[silent]
|
|-message|TheDarkMages forfeited.
|
|win|robupoke
|l|☆TheDarkMages
