|poke|p1|Arcanine-Hisui, F|
|poke|p1|Ursaring, F|
|poke|p1|Sinistea|
|poke|p2|Cacturne, F|
|poke|p2|Fletchinder, F|
|poke|p2|Dragapult, M|
|teampreview
|
|start
|switch|p1a: Arcanine|Arcanine-Hisui, F|100/100
|switch|p2a: Dragapult|Dragapult, M|100/100
|turn|1
|
|move|p2a: Dragapult|Draco Meteor|p1a: Arcanine|[miss]
|-miss|p2a: Dragapult|p1a: Arcanine
|move|p1a: Arcanine|Head Smash|p2a: Dragapult
|-damage|p2a: Dragapult|0 fnt
|faint|p2a: Dragapult
|
|
|switch|p2a: Cacturne|Cacturne, F|100/100
|turn|2
|
|move|p2a: Cacturne|Spiky Shield|p2a: Cacturne
|-singleturn|p2a: Cacturne|move: Protect
|move|p1a: Arcanine|Head Smash|p2a: Cacturne
|-activate|p2a: Cacturne|move: Protect
|-damage|p1a: Arcanine|88/100|[from] Spiky Shield|[of] p2a: Cacturne
|
|turn|3
|
|move|p2a: Cacturne|Sucker Punch|p1a: Arcanine
|-damage|p1a: Arcanine|32/100
|-damage|p2a: Cacturne|91/100|[from] item: Life Orb
|move|p1a: Arcanine|Head Smash|p2a: Cacturne|[miss]
|-miss|p1a: Arcanine|p2a: Cacturne
|
|turn|4
|
|move|p2a: Cacturne|Spiky Shield|p2a: Cacturne
|-singleturn|p2a: Cacturne|move: Protect
|move|p1a: Arcanine|Head Smash|p2a: Cacturne
|-activate|p2a: Cacturne|move: Protect
|-damage|p1a: Arcanine|20/100|[from] Spiky Shield|[of] p2a: Cacturne
|
|turn|5
|
|move|p2a: Cacturne|Sucker Punch|p1a: Arcanine
|-damage|p1a: Arcanine|0 fnt
|faint|p1a: Arcanine
|-damage|p2a: Cacturne|81/100|[from] item: Life Orb
|
|
|switch|p1a: Ursaring|Ursaring, F|100/100
|turn|6
|
|move|p2a: Cacturne|Swords Dance|p2a: Cacturne
|-boost|p2a: Cacturne|atk|2
|move|p1a: Ursaring|Body Slam|p2a: Cacturne
|-damage|p2a: Cacturne|10/100
|
|turn|7
|
|move|p2a: Cacturne|Sucker Punch|p1a: Ursaring
|-damage|p1a: Ursaring|30/100
|-damage|p2a: Cacturne|0 fnt|[from] item: Life Orb
|faint|p2a: Cacturne
|move|p1a: Ursaring|Body Slam|p2: Cacturne|[notarget]
|-fail|p1a: Ursaring
|
|
|switch|p2a: Fletchinder|Fletchinder, F|100/100
|turn|8
|
|move|p2a: Fletchinder|Brave Bird|p1a: Ursaring
|-damage|p1a: Ursaring|0 fnt
|faint|p1a: Ursaring
|-damage|p2a: Fletchinder|89/100|[from] Recoil
|
|
|switch|p1a: Sinistea|Sinistea|100/100
|turn|9
|
|move|p2a: Fletchinder|Flare Blitz|p1a: Sinistea
|-damage|p1a: Sinistea|15/100
|-ability|p1a: Sinistea|Weak Armor|boost
|-unboost|p1a: Sinistea|def|1
|-boost|p1a: Sinistea|spe|2
|-damage|p2a: Fletchinder|65/100|[from] Recoil
|move|p1a: Sinistea|Shell Smash|p1a: Sinistea
|-unboost|p1a: Sinistea|def|1
|-unboost|p1a: Sinistea|spd|1
|-boost|p1a: Sinistea|atk|2
|-boost|p1a: Sinistea|spa|2
|-boost|p1a: Sinistea|spe|2
|
|turn|10
|
|-terastallize|p1a: Sinistea|Psychic
|move|p1a: Sinistea|Stored Power|p2a: Fletchinder
|-damage|p2a: Fletchinder|0 fnt
|faint|p2a: Fletchinder
|
|win|Crimson1337
|n|☆Crimson1337|crimson1337
|n|☆USS Dan|ussdan
|n|*Lady Monita|ladymonita
|n| Icey Warzone|iceywarzone
|n| PoliticalMan|politicalman
|n| PracticeTeam0001|practiceteam0001
