# advantage = p1
|poke|p1|Slowking-Galar, M|
|poke|p1|Quagsire, F|
|poke|p1|Iron Moth|
|poke|p1|Noivern, F|
|poke|p1|Kleavor, M|
|poke|p1|Magneton|
|poke|p2|Donphan, M|
|poke|p2|Sylveon, F|
|poke|p2|Enamorus, F|
|poke|p2|Sneasler, M|
|poke|p2|Arcanine-Hisui, M|
|poke|p2|Frosmoth, F|
|teampreview
|
|start
|switch|p1a: Kleavor|Kleavor, M|100/100
|switch|p2a: Beyblade|Donphan, M|100/100
|turn|1
|
|move|p1a: Kleavor|U-turn|p2a: Beyblade
|-damage|p2a: Beyblade|78/100
|-damage|p1a: Kleavor|84/100|[from] item: Rocky Helmet|[of] p2a: Beyblade
|
|switch|p1a: Quagsire|Quagsire, F|100/100|[from] U-turn
|move|p2a: Beyblade|Stealth Rock|p1a: Quagsire
|-sidestart|p1: p1|move: Stealth Rock
|
|turn|2
|
|switch|p2a: Bruxish at home|Enamorus, F|100/100
|move|p1a: Quagsire|Toxic|p2a: Bruxish at home
|-status|p2a: Bruxish at home|tox
|
|-damage|p2a: Bruxish at home|94/100 tox|[from] psn
|turn|3
|
|move|p2a: Bruxish at home|Grass Knot|p1a: Quagsire
|-supereffective|p1a: Quagsire
|-damage|p1a: Quagsire|0 fnt
|faint|p1a: Quagsire
|
|-damage|p2a: Bruxish at home|82/100 tox|[from] psn
|
|switch|p1a: Kleavor|Kleavor, M|84/100
|-damage|p1a: Kleavor|59/100|[from] Stealth Rock
|turn|4
|
|switch|p2a: Beyblade|Donphan, M|78/100
|move|p1a: Kleavor|Stone Axe|p2a: Beyblade
|-resisted|p2a: Beyblade
|-damage|p2a: Beyblade|61/100
|-sidestart|p2: p2|move: Stealth Rock
|-damage|p1a: Kleavor|43/100|[from] item: Rocky Helmet|[of] p2a: Beyblade
|
|turn|5
|
|switch|p1a: Noivern|Noivern, F|100/100
|-item|p2a: Beyblade|Rocky Helmet|[from] ability: Frisk|[of] p1a: Noivern|[identify]
|move|p2a: Beyblade|Rapid Spin|p1a: Noivern
|-damage|p1a: Noivern|82/100
|-boost|p2a: Beyblade|spe|1
|-sideend|p2: p2|Stealth Rock|[from] move: Rapid Spin|[of] p2a: Beyblade
|
|turn|6
|
|switch|p2a: Cat|Sylveon, F, shiny|100/100
|move|p1a: Noivern|Defog|p2a: Cat
|-unboost|p2a: Cat|evasion|1
|-sideend|p1: p1|Stealth Rock|[from] move: Defog|[of] p1a: Noivern
|
|turn|7
|
|move|p1a: Noivern|U-turn|p2a: Cat
|-resisted|p2a: Cat
|-damage|p2a: Cat|94/100
|
|switch|p1a: Magneton|Magneton|100/100|[from] U-turn
|move|p2a: Cat|Wish|p2a: Cat
|
|-heal|p2a: Cat|99/100|[from] item: Leftovers
|turn|8
|
|switch|p2a: Beyblade|Donphan, M|61/100
|move|p1a: Magneton|Flash Cannon|p2a: Beyblade
|-damage|p2a: Beyblade|0 fnt
|faint|p2a: Beyblade
|
|
|switch|p2a: Bruxish at home|Enamorus, F|82/100 tox
|turn|9
|
|move|p2a: Bruxish at home|Earth Power|p1a: Magneton
|-supereffective|p1a: Magneton
|-damage|p1a: Magneton|0 fnt
|faint|p1a: Magneton
|
|-damage|p2a: Bruxish at home|76/100 tox|[from] psn
|
|switch|p1a: Slowking|Slowking-Galar, M|100/100
|turn|10
|
|switch|p2a: Please not Chinese|Arcanine-Hisui, M, shiny|100/100
|move|p1a: Slowking|Future Sight|p2a: Please not Chinese
|-start|p1a: Slowking|move: Future Sight
|
|turn|11
|
|switch|p1a: Noivern|Noivern, F|82/100
|-item|p2a: Please not Chinese|Choice Band|[from] ability: Frisk|[of] p1a: Noivern|[identify]
|move|p2a: Please not Chinese|Head Smash|p1a: Noivern
|-supereffective|p1a: Noivern
|-damage|p1a: Noivern|0 fnt
|faint|p1a: Noivern
|
|
|switch|p1a: Iron Moth|Iron Moth|100/100
|turn|12
|
|move|p1a: Iron Moth|Sludge Wave|p2a: Please not Chinese
|-resisted|p2a: Please not Chinese
|-damage|p2a: Please not Chinese|50/100
|-status|p2a: Please not Chinese|psn
|move|p2a: Please not Chinese|Head Smash|p1a: Iron Moth
|-supereffective|p1a: Iron Moth
|-damage|p1a: Iron Moth|0 fnt
|faint|p1a: Iron Moth
|-end|p1a: Iron Moth|Quark Drive|[silent]
|
|-end|p2a: Please not Chinese|move: Future Sight
|-crit|p2a: Please not Chinese
|-damage|p2a: Please not Chinese|0 fnt
|faint|p2a: Please not Chinese
|
|switch|p1a: Kleavor|Kleavor, M|43/100
|switch|p2a: Ligma|Sneasler, M|100/100
|turn|13
|
|-terastallize|p1a: Kleavor|Flying
|move|p2a: Ligma|Close Combat|p1a: Kleavor
|-resisted|p1a: Kleavor
|-damage|p1a: Kleavor|0 fnt
|-unboost|p2a: Ligma|def|1
|-unboost|p2a: Ligma|spd|1
|faint|p1a: Kleavor
|-damage|p2a: Ligma|91/100|[from] item: Life Orb
|
|
|switch|p1a: Slowking|Slowking-Galar, M|100/100
|turn|14
|
|move|p2a: Ligma|U-turn|p1a: Slowking
|-damage|p1a: Slowking|68/100
|-damage|p2a: Ligma|81/100|[from] item: Life Orb
|
|switch|p2a: Weird|Frosmoth, F|100/100|[from] U-turn
|move|p1a: Slowking|Future Sight|p2a: Weird
|-start|p1a: Slowking|move: Future Sight
|
|turn|15
|
|-terastallize|p2a: Weird|Ground
|move|p2a: Weird|Tera Blast|p1a: Slowking
|-supereffective|p1a: Slowking
|-damage|p1a: Slowking|15/100
|move|p1a: Slowking|Flamethrower|p2a: Weird
|-damage|p2a: Weird|90/100
|
|turn|16
|
|move|p2a: Weird|Tera Blast|p1a: Slowking
|-supereffective|p1a: Slowking
|-damage|p1a: Slowking|0 fnt
|faint|p1a: Slowking
|
|win|p2
|player|p1|p1|1
