# advantage = p1
|poke|p1|Cloyster, F|
|poke|p1|Polteageist-Antique|
|poke|p1|Breloom, F|
|poke|p1|Dragapult, F|
|poke|p1|Drednaw, F|
|poke|p1|Zamazenta-*|
|poke|p2|Arcanine-Hisui, F|
|poke|p2|Meowscarada, F|
|poke|p2|Iron Treads|
|poke|p2|Sneasler, M|
|poke|p2|Typhlosion-Hisui, F|
|poke|p2|Amoonguss, M|
|teampreview
|
|start
|switch|p1a: Drednaw|Drednaw, F|100/100
|switch|p2a: Meowscarada|Meowscarada, F|100/100
|turn|1
|
|move|p2a: Meowscarada|Flower Trick|p1a: Drednaw
|-start|p2a: Meowscarada|typechange|Grass|[from] ability: Protean
|-supereffective|p1a: Drednaw
|-crit|p1a: Drednaw
|-enditem|p1a: Drednaw|Focus Sash
|-damage|p1a: Drednaw|1/100
|move|p1a: Drednaw|Shell Smash|p1a: Drednaw
|-unboost|p1a: Drednaw|def|1
|-unboost|p1a: Drednaw|spd|1
|-boost|p1a: Drednaw|atk|2
|-boost|p1a: Drednaw|spa|2
|-boost|p1a: Drednaw|spe|2
|
|turn|2
|
|move|p2a: Meowscarada|Flower Trick|p1a: Drednaw
|-supereffective|p1a: Drednaw
|-crit|p1a: Drednaw
|-damage|p1a: Drednaw|0 fnt
|faint|p1a: Drednaw
|
|
|switch|p1a: Zamazenta|Zamazenta-Crowned, shiny|100/100
|-ability|p1a: Zamazenta|Dauntless Shield|boost
|-boost|p1a: Zamazenta|def|1
|turn|3
|
|switch|p2a: Typhlosion|Typhlosion-Hisui, F|100/100
|-item|p1a: Zamazenta|Rusted Shield|[from] ability: Frisk|[of] p2a: Typhlosion|[identify]
|move|p1a: Zamazenta|Iron Defense|p1a: Zamazenta
|-boost|p1a: Zamazenta|def|2
|
|turn|4
|
|-terastallize|p1a: Zamazenta|Fighting
|move|p2a: Typhlosion|Eruption|p1a: Zamazenta
|-damage|p1a: Zamazenta|53/100
|move|p1a: Zamazenta|Substitute|p1a: Zamazenta
|-start|p1a: Zamazenta|Substitute
|-damage|p1a: Zamazenta|28/100
|
|turn|5
|
|move|p2a: Typhlosion|Eruption|p1a: Zamazenta
|-end|p1a: Zamazenta|Substitute
|move|p1a: Zamazenta|Behemoth Bash|p2a: Typhlosion
|-resisted|p2a: Typhlosion
|-damage|p2a: Typhlosion|69/100
|
|turn|6
|
|move|p2a: Typhlosion|Eruption|p1a: Zamazenta
|-damage|p1a: Zamazenta|0 fnt
|faint|p1a: Zamazenta
|
|
|switch|p1a: Dragapult|Dragapult, F, shiny|100/100
|turn|7
|
|switch|p2a: Iron Treads|Iron Treads|100/100
|move|p1a: Dragapult|Dragon Dance|p1a: Dragapult
|-boost|p1a: Dragapult|atk|1
|-boost|p1a: Dragapult|spe|1
|
|turn|8
|
|move|p1a: Dragapult|Phantom Force||[still]
|-prepare|p1a: Dragapult|Phantom Force
|move|p2a: Iron Treads|Knock Off|p1a: Dragapult|[miss]
|-miss|p2a: Iron Treads|p1a: Dragapult
|
|turn|9
|
|move|p1a: Dragapult|Phantom Force|p2a: Iron Treads|[from]lockedmove
|-damage|p2a: Iron Treads|46/100
|-enditem|p2a: Iron Treads|Red Card|[of] p1a: Dragapult
|drag|p1a: Cloyster|Cloyster, F, shiny|100/100
|move|p2a: Iron Treads|Knock Off|p1a: Cloyster
|-damage|p1a: Cloyster|76/100
|-enditem|p1a: Cloyster|Focus Sash|[from] move: Knock Off|[of] p2a: Iron Treads
|
|turn|10
|
|move|p2a: Iron Treads|Volt Switch|p1a: Cloyster
|-supereffective|p1a: Cloyster
|-damage|p1a: Cloyster|13/100
|
|-end|p2a: Iron Treads|Quark Drive|[silent]
|switch|p2a: Arcanine|Arcanine-Hisui, F|100/100|[from] Volt Switch
|move|p1a: Cloyster|Shell Smash|p1a: Cloyster
|-unboost|p1a: Cloyster|def|1
|-unboost|p1a: Cloyster|spd|1
|-boost|p1a: Cloyster|atk|2
|-boost|p1a: Cloyster|spa|2
|-boost|p1a: Cloyster|spe|2
|
|turn|11
|
|move|p2a: Arcanine|Extreme Speed|p1a: Cloyster
|-damage|p1a: Cloyster|0 fnt
|faint|p1a: Cloyster
|
|
|switch|p1a: Dragapult|Dragapult, F, shiny|100/100
|turn|12
|
|move|p1a: Dragapult|Dragon Dance|p1a: Dragapult
|-boost|p1a: Dragapult|atk|1
|-boost|p1a: Dragapult|spe|1
|move|p2a: Arcanine|Head Smash|p1a: Dragapult
|-crit|p1a: Dragapult
|-enditem|p1a: Dragapult|Focus Sash
|-damage|p1a: Dragapult|1/100
|
|turn|13
|
|move|p1a: Dragapult|Dragon Darts|p2a: Arcanine
|-damage|p2a: Arcanine|57/100
|-anim|p1a: Dragapult|Dragon Darts|p2a: Arcanine
|-damage|p2a: Arcanine|13/100
|move|p2a: Arcanine|Flare Blitz|p1a: Dragapult
|-resisted|p1a: Dragapult
|-damage|p1a: Dragapult|0 fnt
|faint|p1a: Dragapult
|
|
|switch|p1a: Breloom|Breloom, F, shiny|100/100
|turn|14
|
|move|p1a: Breloom|Mach Punch|p2a: Arcanine
|-supereffective|p2a: Arcanine
|-damage|p2a: Arcanine|0 fnt
|faint|p2a: Arcanine
|
|
|switch|p2a: Meowscarada|Meowscarada, F|100/100
|turn|15
|
|-singleturn|p1a: Breloom|move: Focus Punch
|move|p2a: Meowscarada|Play Rough|p1a: Breloom|[miss]
|-start|p2a: Meowscarada|typechange|Fairy|[from] ability: Protean
|-miss|p2a: Meowscarada|p1a: Breloom
|move|p1a: Breloom|Focus Punch|p2a: Meowscarada
|-resisted|p2a: Meowscarada
|-damage|p2a: Meowscarada|35/100
|
|turn|16
|
|move|p2a: Meowscarada|Play Rough|p1a: Breloom
|-supereffective|p1a: Breloom
|-enditem|p1a: Breloom|Focus Sash
|-damage|p1a: Breloom|1/100
|move|p1a: Breloom|Bullet Seed|p2a: Meowscarada
|-damage|p2a: Meowscarada|5/100
|-damage|p2a: Meowscarada|0 fnt
|faint|p2a: Meowscarada
|-hitcount|p2: Meowscarada|2
|
|
|switch|p2a: Typhlosion|Typhlosion-Hisui, F|69/100
|turn|17
|
|move|p2a: Typhlosion|Shadow Ball|p1a: Breloom
|-damage|p1a: Breloom|0 fnt
|faint|p1a: Breloom
|
|
|switch|p1a: Polteageist|Polteageist-Antique|100/100
|turn|18
|
|move|p2a: Typhlosion|Shadow Ball|p1a: Polteageist
|-supereffective|p1a: Polteageist
|-damage|p1a: Polteageist|5/100
|move|p1a: Polteageist|Shell Smash|p1a: Polteageist
|-unboost|p1a: Polteageist|def|1
|-unboost|p1a: Polteageist|spd|1
|-boost|p1a: Polteageist|atk|2
|-boost|p1a: Polteageist|spa|2
|-boost|p1a: Polteageist|spe|2
|
|turn|19
|
|move|p1a: Polteageist|Shadow Ball|p2a: Typhlosion
|-supereffective|p2a: Typhlosion
|-damage|p2a: Typhlosion|0 fnt
|faint|p2a: Typhlosion
|
|
|switch|p2a: Sneasler|Sneasler, M|100/100
|-item|p2a: Sneasler|Air Balloon
|turn|20
|
|move|p1a: Polteageist|Stored Power|p2a: Sneasler
|-supereffective|p2a: Sneasler
|-damage|p2a: Sneasler|0 fnt
|-enditem|p2a: Sneasler|Air Balloon
|faint|p2a: Sneasler
|
|
|switch|p2a: Amoonguss|Amoonguss, M|100/100
|turn|21
|
|-terastallize|p2a: Amoonguss|Grass
|move|p1a: Polteageist|Stored Power|p2a: Amoonguss
|-damage|p2a: Amoonguss|15/100
|move|p2a: Amoonguss|Giga Drain|p1a: Polteageist
|-damage|p1a: Polteageist|0 fnt
|-heal|p2a: Amoonguss|16/100|[from] drain|[of] p1a: Polteageist
|faint|p1a: Polteageist
|
|win|p2
