|poke|p1|Chesnaught, F|
|poke|p1|Walking Wake|
|poke|p1|Toxapex, M|
|poke|p1|Corviknight, F|
|poke|p1|Roaring Moon|
|poke|p1|Espeon, M|
|poke|p2|Hoopa-Unbound|
|poke|p2|Kingambit, M|
|poke|p2|Zamazenta-*|
|poke|p2|Zapdos|
|poke|p2|Great Tusk|
|poke|p2|Heatran, F|
|teampreview
|
|start
|switch|p1a: Salamoon|Roaring Moon, shiny|100/100
|switch|p2a: Heatran|Heatran, F|100/100
|turn|1
|
|switch|p2a: Zapdos|Zapdos|100/100
|move|p1a: Salamoon|Earthquake|p2a: Zapdos
|-immune|p2a: Zapdos
|
|turn|2
|
|-end|p1a: Salamoon|Protosynthesis|[silent]
|switch|p1a: Coral|Toxapex, M, shiny|100/100
|move|p2a: Zapdos|Volt Switch|p1a: Coral
|-supereffective|p1a: Coral
|-damage|p1a: Coral|66/100
|
|switch|p2a: Heatran|Heatran, F|100/100|[from] Volt Switch
|
|turn|3
|
|switch|p1a: Salamoon|Roaring Moon, shiny|100/100
|move|p2a: Heatran|Magma Storm|p1a: Salamoon
|-resisted|p1a: Salamoon
|-damage|p1a: Salamoon|79/100
|-activate|p1a: Salamoon|move: Magma Storm|[of] p2a: Heatran
|
|-damage|p1a: Salamoon|67/100|[from] move: Magma Storm|[partiallytrapped]
|turn|4
|
|switch|p2a: Zapdos|Zapdos|100/100
|move|p1a: Salamoon|Crunch|p2a: Zapdos
|-damage|p2a: Zapdos|53/100
|
|-end|p1a: Salamoon|Magma Storm|[partiallytrapped]|[silent]
|turn|5
|
|switch|p2a: Great Tusk|Great Tusk|100/100
|-terastallize|p1a: Salamoon|Dark
|move|p1a: Salamoon|Crunch|p2a: Great Tusk
|-resisted|p2a: Great Tusk
|-damage|p2a: Great Tusk|78/100
|
|-heal|p2a: Great Tusk|84/100|[from] item: Leftovers
|turn|6
|
|-end|p1a: Salamoon|Protosynthesis|[silent]
|switch|p1a: Hazelnaught|Chesnaught, F, shiny|100/100
|move|p2a: Great Tusk|Rapid Spin|p1a: Hazelnaught
|-damage|p1a: Hazelnaught|92/100
|-boost|p2a: Great Tusk|spe|1
|
|-heal|p2a: Great Tusk|91/100|[from] item: Leftovers
|-heal|p1a: Hazelnaught|98/100|[from] item: Leftovers
|turn|7
|
|move|p2a: Great Tusk|Stealth Rock|p1a: Hazelnaught
|-sidestart|p1: KingCah|move: Stealth Rock
|move|p1a: Hazelnaught|Spikes|p2a: Great Tusk
|-sidestart|p2: 1LDK|Spikes
|
|-heal|p2a: Great Tusk|97/100|[from] item: Leftovers
|-heal|p1a: Hazelnaught|100/100|[from] item: Leftovers
|turn|8
|
|move|p2a: Great Tusk|Rapid Spin|p1a: Hazelnaught
|-damage|p1a: Hazelnaught|93/100
|-boost|p2a: Great Tusk|spe|1
|-sideend|p2: 1LDK|Spikes|[from] move: Rapid Spin|[of] p2a: Great Tusk
|move|p1a: Hazelnaught|Leech Seed|p2a: Great Tusk
|-start|p2a: Great Tusk|move: Leech Seed
|
|-heal|p2a: Great Tusk|100/100|[from] item: Leftovers
|-heal|p1a: Hazelnaught|99/100|[from] item: Leftovers
|-damage|p2a: Great Tusk|88/100|[from] Leech Seed|[of] p1a: Hazelnaught
|-heal|p1a: Hazelnaught|100/100|[silent]
|turn|9
|
|-end|p2a: Great Tusk|Protosynthesis|[silent]
|switch|p2a: Zapdos|Zapdos|53/100
|move|p1a: Hazelnaught|Spikes|p2a: Zapdos
|-sidestart|p2: 1LDK|Spikes
|
|turn|10
|
|switch|p1a: Coral|Toxapex, M, shiny|99/100
|-damage|p1a: Coral|87/100|[from] Stealth Rock
|move|p2a: Zapdos|Roost|p2a: Zapdos
|-heal|p2a: Zapdos|100/100
|-singleturn|p2a: Zapdos|move: Roost
|
|turn|11
|
|move|p2a: Zapdos|Volt Switch|p1a: Coral
|-supereffective|p1a: Coral
|-damage|p1a: Coral|56/100
|
|switch|p2a: Heatran|Heatran, F|100/100|[from] Volt Switch
|-damage|p2a: Heatran|88/100|[from] Spikes
|move|p1a: Coral|Ice Beam|p2a: Heatran
|-resisted|p2a: Heatran
|-damage|p2a: Heatran|85/100
|
|-heal|p2a: Heatran|91/100|[from] item: Leftovers
|turn|12
|
|switch|p1a: Walking Wake|Walking Wake|100/100
|-damage|p1a: Walking Wake|88/100|[from] Stealth Rock
|move|p2a: Heatran|Magma Storm|p1a: Walking Wake
|-resisted|p1a: Walking Wake
|-damage|p1a: Walking Wake|76/100
|-activate|p1a: Walking Wake|move: Magma Storm|[of] p2a: Heatran
|
|-heal|p2a: Heatran|97/100|[from] item: Leftovers
|-damage|p1a: Walking Wake|63/100|[from] move: Magma Storm|[partiallytrapped]
|turn|13
|
|-terastallize|p2a: Heatran|Grass
|move|p1a: Walking Wake|Draco Meteor|p2a: Heatran
|-damage|p2a: Heatran|32/100
|-unboost|p1a: Walking Wake|spa|2
|move|p2a: Heatran|Tera Blast|p1a: Walking Wake
|-damage|p1a: Walking Wake|21/100
|
|-heal|p2a: Heatran|38/100|[from] item: Leftovers
|-damage|p1a: Walking Wake|9/100|[from] move: Magma Storm|[partiallytrapped]
|turn|14
|
|move|p1a: Walking Wake|Draco Meteor|p2a: Heatran|[miss]
|-miss|p1a: Walking Wake|p2a: Heatran
|move|p2a: Heatran|Magma Storm|p1a: Walking Wake|[miss]
|-miss|p2a: Heatran|p1a: Walking Wake
|
|-heal|p2a: Heatran|45/100|[from] item: Leftovers
|-damage|p1a: Walking Wake|0 fnt|[from] move: Magma Storm|[partiallytrapped]
|faint|p1a: Walking Wake
|-end|p1a: Walking Wake|Protosynthesis|[silent]
|
|switch|p1a: Coral|Toxapex, M, shiny|89/100
|-damage|p1a: Coral|77/100|[from] Stealth Rock
|turn|15
|
|move|p2a: Heatran|Magma Storm|p1a: Coral
|-resisted|p1a: Coral
|-damage|p1a: Coral|66/100
|-activate|p1a: Coral|move: Magma Storm|[of] p2a: Heatran
|move|p1a: Coral|Infestation|p2a: Heatran
|-supereffective|p2a: Heatran
|-damage|p2a: Heatran|39/100
|-activate|p2a: Heatran|move: Infestation|[of] p1a: Coral
|
|-heal|p2a: Heatran|45/100|[from] item: Leftovers
|-damage|p2a: Heatran|33/100|[from] move: Infestation|[partiallytrapped]
|-damage|p1a: Coral|53/100|[from] move: Magma Storm|[partiallytrapped]
|turn|16
|
|move|p2a: Heatran|Taunt|p1a: Coral
|-start|p1a: Coral|move: Taunt
|move|p1a: Coral|Sludge Bomb|p2a: Heatran
|-supereffective|p2a: Heatran
|-damage|p2a: Heatran|0 fnt
|faint|p2a: Heatran
|
|-end|p1a: Coral|Magma Storm|[partiallytrapped]|[silent]
|
|switch|p2a: Zamazenta|Zamazenta-Crowned|100/100
|-damage|p2a: Zamazenta|88/100|[from] Spikes
|-ability|p2a: Zamazenta|Dauntless Shield|boost
|-boost|p2a: Zamazenta|def|1
|turn|17
|
|switch|p1a: Corviknight|Corviknight, F|100/100
|-damage|p1a: Corviknight|88/100|[from] Stealth Rock
|-ability|p1a: Corviknight|Pressure
|move|p2a: Zamazenta|Substitute|p2a: Zamazenta
|-start|p2a: Zamazenta|Substitute
|-damage|p2a: Zamazenta|63/100
|
|turn|18
|
|move|p2a: Zamazenta|Iron Defense|p2a: Zamazenta
|-boost|p2a: Zamazenta|def|2
|move|p1a: Corviknight|Body Press|p2a: Zamazenta
|-supereffective|p2a: Zamazenta
|-activate|p2a: Zamazenta|move: Substitute|[damage]
|
|turn|19
|
|move|p2a: Zamazenta|Iron Defense|p2a: Zamazenta
|-boost|p2a: Zamazenta|def|2
|move|p1a: Corviknight|Body Press|p2a: Zamazenta
|-supereffective|p2a: Zamazenta
|-end|p2a: Zamazenta|Substitute
|
|turn|20
|
|move|p2a: Zamazenta|Substitute|p2a: Zamazenta
|-start|p2a: Zamazenta|Substitute
|-damage|p2a: Zamazenta|38/100
|move|p1a: Corviknight|Body Press|p2a: Zamazenta
|-supereffective|p2a: Zamazenta
|-activate|p2a: Zamazenta|move: Substitute|[damage]
|
|turn|21
|
|move|p2a: Zamazenta|Iron Defense|p2a: Zamazenta
|-boost|p2a: Zamazenta|def|1
|move|p1a: Corviknight|Body Press|p2a: Zamazenta
|-supereffective|p2a: Zamazenta
|-activate|p2a: Zamazenta|move: Substitute|[damage]
|
|turn|22
|
|move|p2a: Zamazenta|Body Press|p1a: Corviknight
|-damage|p1a: Corviknight|0 fnt
|-damage|p2a: Zamazenta|22/100|[from] item: Rocky Helmet|[of] p1a: Corviknight
|faint|p1a: Corviknight
|
|
|switch|p1a: Coral|Toxapex, M, shiny|87/100
|-damage|p1a: Coral|74/100|[from] Stealth Rock
|turn|23
|
|move|p2a: Zamazenta|Body Press|p1a: Coral
|-resisted|p1a: Coral
|-damage|p1a: Coral|9/100
|move|p1a: Coral|Surf|p2a: Zamazenta
|-end|p2a: Zamazenta|Substitute
|
|turn|24
|
|move|p2a: Zamazenta|Body Press|p1a: Coral
|-resisted|p1a: Coral
|-damage|p1a: Coral|0 fnt
|faint|p1a: Coral
|
|
|switch|p1a: Espeon|Espeon, M|100/100
|-damage|p1a: Espeon|88/100|[from] Stealth Rock
|turn|25
|
|move|p1a: Espeon|Shadow Ball|p2a: Zamazenta
|-damage|p2a: Zamazenta|0 fnt
|faint|p2a: Zamazenta
|
|
|switch|p2a: Kingambit|Kingambit, M|100/100
|-damage|p2a: Kingambit|88/100|[from] Spikes
|-activate|p2a: Kingambit|ability: Supreme Overlord
|-start|p2a: Kingambit|fallen2|[silent]
|turn|26
|
|switch|p1a: Hazelnaught|Chesnaught, F, shiny|100/100
|-damage|p1a: Hazelnaught|94/100|[from] Stealth Rock
|move|p2a: Kingambit|Swords Dance|p2a: Kingambit
|-boost|p2a: Kingambit|atk|2
|
|-heal|p1a: Hazelnaught|100/100|[from] item: Leftovers
|turn|27
|
|-end|p2a: Kingambit|fallen2|[silent]
|switch|p2a: Zapdos|Zapdos|100/100
|move|p1a: Hazelnaught|Drain Punch|p2a: Zapdos
|-resisted|p2a: Zapdos
|-damage|p2a: Zapdos|89/100
|-status|p1a: Hazelnaught|par|[from] ability: Static|[of] p2a: Zapdos
|
|turn|28
|
|switch|p1a: Espeon|Espeon, M|88/100
|-damage|p1a: Espeon|76/100|[from] Stealth Rock
|move|p2a: Zapdos|Hurricane|p1a: Espeon
|-damage|p1a: Espeon|19/100
|-start|p1a: Espeon|confusion
|
|turn|29
|
|-activate|p1a: Espeon|confusion
|move|p1a: Espeon|Trick|p2a: Zapdos
|-activate|p1a: Espeon|move: Trick|[of] p2a: Zapdos
|-item|p2a: Zapdos|Choice Scarf|[from] move: Trick
|-item|p1a: Espeon|Heavy-Duty Boots|[from] move: Trick
|move|p2a: Zapdos|Volt Switch|p1a: Espeon
|-damage|p1a: Espeon|0 fnt
|faint|p1a: Espeon
|-message|KingCah forfeited.
|
|win|1LDK
