# advantage = p2
|poke|p1|Dragapult, F|
|poke|p1|Sneasler, M|
|poke|p1|Magearna|
|poke|p1|Landorus-Therian, M|
|poke|p1|Great Tusk|
|poke|p1|Iron Valiant|
|poke|p2|Chien-Pao|
|poke|p2|Skeledirge, F|
|poke|p2|Iron Treads|
|poke|p2|Abomasnow, F|
|poke|p2|Zamazenta-*|
|poke|p2|Hatterene, F|
|teampreview
|
|start
|switch|p1a: Sneasler|Sneasler, M|100/100
|switch|p2a: Chien-Pao|Chien-Pao|100/100
|-ability|p2a: Chien-Pao|Sword of Ruin
|turn|1
|
|switch|p2a: Skeledirge|Skeledirge, F|100/100
|move|p1a: Sneasler|Close Combat|p2a: Skeledirge
|-immune|p2a: Skeledirge
|
|turn|2
|
|switch|p1a: Dragapult|Dragapult, F|100/100
|move|p2a: Skeledirge|Will-O-Wisp|p1a: Dragapult
|-status|p1a: Dragapult|brn
|
|-damage|p1a: Dragapult|95/100 brn|[from] brn
|turn|3
|
|switch|p1a: Landorus|Landorus-Therian, M|100/100
|-ability|p1a: Landorus|Intimidate|boost
|-unboost|p2a: Skeledirge|atk|1
|move|p2a: Skeledirge|Hex|p1a: Landorus
|-damage|p1a: Landorus|74/100
|
|turn|4
|
|switch|p2a: Abomasnow|Abomasnow, F|100/100
|-weather|Snow|[from] ability: Snow Warning|[of] p2a: Abomasnow
|move|p1a: Landorus|Taunt|p2a: Abomasnow
|-start|p2a: Abomasnow|move: Taunt
|
|-weather|Snow|[upkeep]
|turn|5
|
|move|p1a: Landorus|Stealth Rock|p2a: Abomasnow
|-sidestart|p2: p2|move: Stealth Rock
|move|p2a: Abomasnow|Blizzard|p1a: Landorus
|-supereffective|p1a: Landorus
|-damage|p1a: Landorus|0 fnt
|faint|p1a: Landorus
|
|-weather|Snow|[upkeep]
|
|switch|p1a: Sneasler|Sneasler, M|100/100
|turn|6
|
|move|p1a: Sneasler|U-turn|p2a: Abomasnow
|-supereffective|p2a: Abomasnow
|-damage|p2a: Abomasnow|63/100
|
|switch|p1a: Magearna|Magearna|100/100|[from] U-turn
|move|p2a: Abomasnow|Earth Power|p1a: Magearna
|-supereffective|p1a: Magearna
|-damage|p1a: Magearna|72/100
|
|-weather|Snow|[upkeep]
|-end|p2a: Abomasnow|move: Taunt
|turn|7
|
|move|p2a: Abomasnow|Aurora Veil|p2a: Abomasnow
|-sidestart|p2: p2|move: Aurora Veil
|move|p1a: Magearna|Flash Cannon|p2a: Abomasnow
|-supereffective|p2a: Abomasnow
|-damage|p2a: Abomasnow|29/100
|
|-weather|Snow|[upkeep]
|turn|8
|
|switch|p2a: Iron Treads|Iron Treads|100/100
|-damage|p2a: Iron Treads|97/100|[from] Stealth Rock
|move|p1a: Magearna|Flash Cannon|p2a: Iron Treads
|-resisted|p2a: Iron Treads
|-damage|p2a: Iron Treads|90/100
|
|-weather|none
|turn|9
|
|switch|p1a: Dragapult|Dragapult, F|95/100 brn
|move|p2a: Iron Treads|Knock Off|p1a: Dragapult
|-supereffective|p1a: Dragapult
|-damage|p1a: Dragapult|6/100 brn
|-enditem|p1a: Dragapult|Heavy-Duty Boots|[from] move: Knock Off|[of] p2a: Iron Treads
|
|-damage|p1a: Dragapult|0 fnt|[from] brn
|faint|p1a: Dragapult
|
|switch|p1a: Great Tusk|Great Tusk|100/100
|-enditem|p1a: Great Tusk|Booster Energy
|-activate|p1a: Great Tusk|ability: Protosynthesis|[fromitem]
|-start|p1a: Great Tusk|protosynthesisatk
|turn|10
|
|-terastallize|p2a: Iron Treads|Ground
|move|p2a: Iron Treads|Earthquake|p1a: Great Tusk
|-damage|p1a: Great Tusk|57/100
|move|p1a: Great Tusk|Knock Off|p2a: Iron Treads
|-damage|p2a: Iron Treads|69/100
|-enditem|p2a: Iron Treads|Assault Vest|[from] move: Knock Off|[of] p1a: Great Tusk
|
|turn|11
|
|move|p2a: Iron Treads|Rapid Spin|p1a: Great Tusk
|-damage|p1a: Great Tusk|46/100
|-boost|p2a: Iron Treads|spe|1
|-sideend|p2: p2|Stealth Rock|[from] move: Rapid Spin|[of] p2a: Iron Treads
|move|p1a: Great Tusk|Rapid Spin|p2a: Iron Treads
|-damage|p2a: Iron Treads|59/100
|-boost|p1a: Great Tusk|spe|1
|
|turn|12
|
|move|p2a: Iron Treads|Rapid Spin|p1a: Great Tusk
|-damage|p1a: Great Tusk|34/100
|-boost|p2a: Iron Treads|spe|1
|move|p1a: Great Tusk|Headlong Rush|p2a: Iron Treads
|-damage|p2a: Iron Treads|24/100
|-unboost|p1a: Great Tusk|def|1
|-unboost|p1a: Great Tusk|spd|1
|
|turn|13
|
|move|p2a: Iron Treads|Earthquake|p1a: Great Tusk
|-damage|p1a: Great Tusk|0 fnt
|faint|p1a: Great Tusk
|-end|p1a: Great Tusk|Protosynthesis|[silent]
|
|-message|p1 forfeited.
|
|win|p2
