# advantage = p1
|poke|p1|Slither Wing|
|poke|p1|Torkoal, F|
|poke|p1|Garganacl, F|
|poke|p1|Great Tusk|
|poke|p1|Corviknight, M|
|poke|p1|Walking Wake|
|poke|p2|Zamazenta-*|
|poke|p2|Ursaluna, M|
|poke|p2|Rillaboom, F|
|poke|p2|Toxapex, F|
|poke|p2|Garganacl, F|
|poke|p2|Hawlucha, M|
|teampreview
|
|start
|switch|p1a: Torkoal|Torkoal, F|100/100
|switch|p2a: Ursaluna|Ursaluna, M|100/100
|-weather|SunnyDay|[from] ability: Drought|[of] p1a: Torkoal
|turn|1
|
|move|p2a: Ursaluna|Belly Drum|p2a: Ursaluna
|-damage|p2a: Ursaluna|51/100
|-setboost|p2a: Ursaluna|atk|6|[from] move: Belly Drum
|move|p1a: Torkoal|Stealth Rock|p2a: Ursaluna
|-sidestart|p2: p2|move: Stealth Rock
|
|-weather|SunnyDay|[upkeep]
|-heal|p2a: Ursaluna|57/100|[from] item: Leftovers
|turn|2
|
|move|p2a: Ursaluna|Drain Punch|p1a: Torkoal
|-damage|p1a: Torkoal|40/100
|-heal|p2a: Ursaluna|83/100|[from] drain|[of] p1a: Torkoal
|move|p1a: Torkoal|Yawn|p2a: Ursaluna
|-start|p2a: Ursaluna|move: Yawn|[of] p1a: Torkoal
|
|-weather|SunnyDay|[upkeep]
|-heal|p2a: Ursaluna|89/100|[from] item: Leftovers
|turn|3
|
|switch|p1a: Corviknight|Corviknight, M|100/100
|move|p2a: Ursaluna|Drain Punch|p1a: Corviknight
|-damage|p1a: Corviknight|34/100
|-heal|p2a: Ursaluna|100/100|[from] drain|[of] p1a: Corviknight
|-damage|p2a: Ursaluna|84/100|[from] item: Rocky Helmet|[of] p1a: Corviknight
|
|-weather|SunnyDay|[upkeep]
|-heal|p2a: Ursaluna|90/100|[from] item: Leftovers
|-end|p2a: Ursaluna|move: Yawn|[silent]
|-status|p2a: Ursaluna|slp
|turn|4
|
|cant|p2a: Ursaluna|slp
|move|p1a: Corviknight|U-turn|p2a: Ursaluna
|-damage|p2a: Ursaluna|79/100 slp
|
|switch|p1a: Walking Wake|Walking Wake|100/100|[from] U-turn
|-activate|p1a: Walking Wake|ability: Protosynthesis
|-start|p1a: Walking Wake|protosynthesisspe
|
|-weather|SunnyDay|[upkeep]
|-heal|p2a: Ursaluna|86/100 slp|[from] item: Leftovers
|turn|5
|
|-terastallize|p2a: Ursaluna|Water
|move|p1a: Walking Wake|Hydro Steam|p2a: Ursaluna
|-resisted|p2a: Ursaluna
|-damage|p2a: Ursaluna|43/100 slp
|-curestatus|p2a: Ursaluna|slp|[msg]
|move|p2a: Ursaluna|Drain Punch|p1a: Walking Wake
|-damage|p1a: Walking Wake|0 fnt
|-heal|p2a: Ursaluna|86/100|[from] drain|[of] p1a: Walking Wake
|faint|p1a: Walking Wake
|-end|p1a: Walking Wake|Protosynthesis|[silent]
|
|-weather|SunnyDay|[upkeep]
|-heal|p2a: Ursaluna|92/100|[from] item: Leftovers
|
|switch|p1a: Garganacl|Garganacl, F|100/100
|turn|6
|
|-terastallize|p1a: Garganacl|Ghost
|move|p2a: Ursaluna|Trailblaze|p1a: Garganacl
|-damage|p1a: Garganacl|50/100
|-boost|p2a: Ursaluna|spe|1
|move|p1a: Garganacl|Salt Cure|p2a: Ursaluna
|-damage|p2a: Ursaluna|79/100
|-start|p2a: Ursaluna|Salt Cure
|
|-weather|SunnyDay|[upkeep]
|-heal|p2a: Ursaluna|86/100|[from] item: Leftovers
|-heal|p1a: Garganacl|56/100|[from] item: Leftovers
|-damage|p2a: Ursaluna|61/100|[from] Salt Cure
|turn|7
|
|switch|p1a: Slither Wing|Slither Wing|100/100
|-activate|p1a: Slither Wing|ability: Protosynthesis
|-start|p1a: Slither Wing|protosynthesisatk
|move|p2a: Ursaluna|Headlong Rush|p1a: Slither Wing
|-resisted|p1a: Slither Wing
|-damage|p1a: Slither Wing|0 fnt
|-unboost|p2a: Ursaluna|def|1
|-unboost|p2a: Ursaluna|spd|1
|faint|p1a: Slither Wing
|-end|p1a: Slither Wing|Protosynthesis|[silent]
|
|-weather|SunnyDay|[upkeep]
|-heal|p2a: Ursaluna|67/100|[from] item: Leftovers
|-damage|p2a: Ursaluna|42/100|[from] Salt Cure
|-message|p1 forfeited.
|
|win|p2
