|poke|p1|Walking Wake|
|poke|p1|Torkoal, F|
|poke|p1|Lilligant-Hisui, F|
|poke|p1|Arcanine-Hisui, M|
|poke|p1|Hatterene, F|
|poke|p1|Great Tusk|
|poke|p2|Sneasler, F|
|poke|p2|Typhlosion-Hisui, M|
|poke|p2|Samurott-Hisui, F|
|poke|p2|Great Tusk|
|poke|p2|Dragapult, M|
|poke|p2|Slowking-Galar, F|
|teampreview
|
|start
|switch|p1a: narc|Great Tusk|100/100
|switch|p2a: Sneasler|Sneasler, F|100/100
|turn|1
|
|switch|p2a: Great Tusk|Great Tusk|100/100
|move|p1a: narc|Rapid Spin|p2a: Great Tusk
|-damage|p2a: Great Tusk|92/100
|-boost|p1a: narc|spe|1
|
|-heal|p2a: Great Tusk|98/100|[from] item: Leftovers
|turn|2
|
|-end|p1a: narc|Protosynthesis|[silent]
|switch|p1a: plug|Hatterene, F|100/100
|-item|p1a: plug|Air Balloon
|move|p2a: Great Tusk|Knock Off|p1a: plug
|-damage|p1a: plug|77/100
|-enditem|p1a: plug|Air Balloon
|
|-heal|p2a: Great Tusk|100/100|[from] item: Leftovers
|turn|3
|
|-end|p2a: Great Tusk|Protosynthesis|[silent]
|switch|p2a: Typhlosion|Typhlosion-Hisui, M|100/100
|move|p1a: plug|Draining Kiss|p2a: Typhlosion
|-resisted|p2a: Typhlosion
|-damage|p2a: Typhlosion|84/100
|-heal|p1a: plug|88/100|[from] drain|[of] p2a: Typhlosion
|
|turn|4
|
|switch|p1a: bong water|Walking Wake|100/100
|move|p2a: Typhlosion|Infernal Parade|p1a: bong water
|-damage|p1a: bong water|48/100
|
|turn|5
|
|switch|p2a: Slowking|Slowking-Galar, F|100/100
|move|p1a: bong water|Draco Meteor|p2a: Slowking
|-damage|p2a: Slowking|49/100
|-unboost|p1a: bong water|spa|2
|
|turn|6
|
|-end|p1a: bong water|Protosynthesis|[silent]
|switch|p1a: baked|Torkoal, F|100/100
|-weather|SunnyDay|[from] ability: Drought|[of] p1a: baked
|move|p2a: Slowking|Future Sight|p1a: baked
|-start|p2a: Slowking|move: Future Sight
|
|-weather|SunnyDay|[upkeep]
|turn|7
|
|move|p2a: Slowking|Sludge Bomb|p1a: baked
|-damage|p1a: baked|61/100
|-status|p1a: baked|psn
|move|p1a: baked|Stealth Rock|p2a: Slowking
|-sidestart|p2: revamped_087|move: Stealth Rock
|
|-weather|SunnyDay|[upkeep]
|-damage|p1a: baked|49/100 psn|[from] psn
|turn|8
|
|switch|p2a: Great Tusk|Great Tusk|100/100
|-damage|p2a: Great Tusk|98/100|[from] Stealth Rock
|-activate|p2a: Great Tusk|ability: Protosynthesis
|-start|p2a: Great Tusk|protosynthesisdef
|move|p1a: baked|Yawn|p2a: Great Tusk
|-start|p2a: Great Tusk|move: Yawn|[of] p1a: baked
|
|-weather|SunnyDay|[upkeep]
|-end|p1a: baked|move: Future Sight
|-damage|p1a: baked|0 fnt
|faint|p1a: baked
|-heal|p2a: Great Tusk|100/100|[from] item: Leftovers
|
|switch|p1a: ganja|Lilligant-Hisui, F|100/100
|turn|9
|
|-end|p2a: Great Tusk|Protosynthesis|[silent]
|switch|p2a: Sneasler|Sneasler, F|100/100
|-damage|p2a: Sneasler|95/100|[from] Stealth Rock
|move|p1a: ganja|Victory Dance|p1a: ganja
|-boost|p1a: ganja|atk|1
|-boost|p1a: ganja|def|1
|-boost|p1a: ganja|spe|1
|
|-weather|SunnyDay|[upkeep]
|turn|10
|
|-terastallize|p1a: ganja|Ghost
|move|p1a: ganja|Tera Blast|p2a: Sneasler
|-damage|p2a: Sneasler|0 fnt
|faint|p2a: Sneasler
|
|-weather|SunnyDay|[upkeep]
|
|switch|p2a: Great Tusk|Great Tusk|100/100
|-damage|p2a: Great Tusk|98/100|[from] Stealth Rock
|-activate|p2a: Great Tusk|ability: Protosynthesis
|-start|p2a: Great Tusk|protosynthesisdef
|turn|11
|
|-terastallize|p2a: Great Tusk|Steel
|move|p1a: ganja|Leaf Blade|p2a: Great Tusk
|-resisted|p2a: Great Tusk
|-crit|p2a: Great Tusk
|-damage|p2a: Great Tusk|68/100
|move|p2a: Great Tusk|Knock Off|p1a: ganja
|-supereffective|p1a: ganja
|-damage|p1a: ganja|41/100
|-enditem|p1a: ganja|Wide Lens|[from] move: Knock Off|[of] p2a: Great Tusk
|
|-weather|SunnyDay|[upkeep]
|-heal|p2a: Great Tusk|75/100|[from] item: Leftovers
|turn|12
|
|move|p1a: ganja|Close Combat|p2a: Great Tusk|[miss]
|-miss|p1a: ganja|p2a: Great Tusk
|move|p2a: Great Tusk|Earthquake|p1a: ganja
|-damage|p1a: ganja|0 fnt
|faint|p1a: ganja
|
|-weather|SunnyDay|[upkeep]
|-heal|p2a: Great Tusk|81/100|[from] item: Leftovers
|
|switch|p1a: narc|Great Tusk|100/100
|-activate|p1a: narc|ability: Protosynthesis
|-start|p1a: narc|protosynthesisatk
|turn|13
|
|move|p1a: narc|Headlong Rush|p2a: Great Tusk
|-supereffective|p2a: Great Tusk
|-damage|p2a: Great Tusk|19/100
|-unboost|p1a: narc|def|1
|-unboost|p1a: narc|spd|1
|move|p2a: Great Tusk|Knock Off|p1a: narc
|-resisted|p1a: narc
|-damage|p1a: narc|85/100
|-enditem|p1a: narc|Assault Vest|[from] move: Knock Off|[of] p2a: Great Tusk
|
|-weather|none
|-end|p1a: narc|Protosynthesis
|-end|p2a: Great Tusk|Protosynthesis
|-heal|p2a: Great Tusk|25/100|[from] item: Leftovers
|turn|14
|
|move|p1a: narc|Headlong Rush|p2a: Great Tusk
|-supereffective|p2a: Great Tusk
|-damage|p2a: Great Tusk|0 fnt
|-unboost|p1a: narc|def|1
|-unboost|p1a: narc|spd|1
|faint|p2a: Great Tusk
|-end|p2a: Great Tusk|Protosynthesis|[silent]
|
|
|switch|p2a: Typhlosion|Typhlosion-Hisui, M|84/100
|-damage|p2a: Typhlosion|60/100|[from] Stealth Rock
|turn|15
|
|move|p2a: Typhlosion|Infernal Parade|p1a: narc
|-crit|p1a: narc
|-damage|p1a: narc|0 fnt
|faint|p1a: narc
|-end|p1a: narc|Protosynthesis|[silent]
|
|
|switch|p1a: bong water|Walking Wake|48/100
|turn|16
|
|switch|p2a: Slowking|Slowking-Galar, F|82/100
|-damage|p2a: Slowking|70/100|[from] Stealth Rock
|move|p1a: bong water|Draco Meteor|p2a: Slowking
|-damage|p2a: Slowking|16/100
|-unboost|p1a: bong water|spa|2
|
|turn|17
|
|-end|p1a: bong water|Protosynthesis|[silent]
|switch|p1a: plug|Hatterene, F|88/100
|move|p2a: Slowking|Sludge Bomb|p1a: plug
|-supereffective|p1a: plug
|-damage|p1a: plug|0 fnt
|faint|p1a: plug
|
|
|switch|p1a: cloud|Arcanine-Hisui, M|100/100
|turn|18
|
|move|p1a: cloud|Head Smash|p2a: Slowking
|-damage|p2a: Slowking|0 fnt
|faint|p2a: Slowking
|-damage|p1a: cloud|91/100|[from] item: Life Orb
|
|
|switch|p2a: Typhlosion|Typhlosion-Hisui, M|60/100
|-damage|p2a: Typhlosion|35/100|[from] Stealth Rock
|-item|p1a: cloud|Life Orb|[from] ability: Frisk|[of] p2a: Typhlosion|[identify]
|turn|19
|
|move|p2a: Typhlosion|Infernal Parade|p1a: cloud
|-damage|p1a: cloud|33/100
|move|p1a: cloud|Head Smash|p2a: Typhlosion
|-supereffective|p2a: Typhlosion
|-damage|p2a: Typhlosion|0 fnt
|faint|p2a: Typhlosion
|-damage|p1a: cloud|23/100|[from] item: Life Orb
|
|
|switch|p2a: Dragapult|Dragapult, M|100/100
|-damage|p2a: Dragapult|88/100|[from] Stealth Rock
|turn|20
|
|move|p2a: Dragapult|Dragon Darts|p1a: cloud
|-damage|p1a: cloud|0 fnt
|faint|p1a: cloud
|
|-heal|p2a: Dragapult|94/100|[from] item: Leftovers
|
|switch|p1a: bong water|Walking Wake|48/100
|turn|21
|
|move|p2a: Dragapult|Dragon Darts|p1a: bong water
|-supereffective|p1a: bong water
|-damage|p1a: bong water|1/100
|-anim|p2a: Dragapult|Dragon Darts|p1a: bong water
|-supereffective|p1a: bong water
|-damage|p1a: bong water|0 fnt
|faint|p1a: bong water
|-end|p1a: bong water|Protosynthesis|[silent]
|
|win|revamped_087
