|poke|p1|Azelf|
|poke|p1|Meowscarada, M|
|poke|p1|Sneasler, F|
|poke|p1|Dragapult, M|
|poke|p1|Magearna|
|poke|p1|Gholdengo|
|poke|p2|Iron Hands|
|poke|p2|Enamorus, F|
|poke|p2|Kingambit, M|
|poke|p2|Great Tusk|
|poke|p2|Zapdos|
|poke|p2|Iron Moth|
|teampreview
|
|start
|switch|p1a: Azelf|Azelf|100/100
|switch|p2a: Enamorus|Enamorus, F|100/100
|turn|1
|
|move|p2a: Enamorus|Moonblast|p1a: Azelf
|-damage|p1a: Azelf|33/100
|-unboost|p1a: Azelf|spa|1
|move|p1a: Azelf|Stealth Rock|p2a: Enamorus
|-sidestart|p2: carbonlifeformmeme|move: Stealth Rock
|
|turn|2
|
|switch|p2a: Iron Moth|Iron Moth|100/100
|switch|p1a: Magearna|Magearna|100/100
|
|turn|3
|
|switch|p1a: Dragapult|Dragapult, M|100/100
|move|p2a: Iron Moth|Fiery Dance|p1a: Dragapult
|-resisted|p1a: Dragapult
|-damage|p1a: Dragapult|66/100
|
|turn|4
|
|-end|p2a: Iron Moth|Quark Drive|[silent]
|switch|p2a: Kingambit|Kingambit, M|100/100
|move|p1a: Dragapult|Shadow Ball|p2a: Kingambit
|-resisted|p2a: Kingambit
|-damage|p2a: Kingambit|76/100
|-damage|p1a: Dragapult|56/100|[from] item: Life Orb
|
|turn|5
|
|switch|p1a: Magearna|Magearna|100/100
|move|p2a: Kingambit|Iron Head|p1a: Magearna
|-damage|p1a: Magearna|63/100
|
|turn|6
|
|move|p1a: Magearna|Aura Sphere|p2a: Kingambit
|-supereffective|p2a: Kingambit
|-damage|p2a: Kingambit|0 fnt
|faint|p2a: Kingambit
|-ability|p1a: Magearna|Soul-Heart|boost
|-boost|p1a: Magearna|spa|1
|-end|p2a: Kingambit|fallenundefined|[silent]
|
|
|switch|p2a: Iron Moth|Iron Moth|100/100
|turn|7
|
|switch|p1a: Dragapult|Dragapult, M|56/100
|move|p2a: Iron Moth|Fiery Dance|p1a: Dragapult
|-resisted|p1a: Dragapult
|-damage|p1a: Dragapult|22/100
|-boost|p2a: Iron Moth|spa|1
|
|turn|8
|
|move|p1a: Dragapult|Hydro Pump|p2a: Iron Moth
|-supereffective|p2a: Iron Moth
|-damage|p2a: Iron Moth|20/100
|-damage|p1a: Dragapult|12/100|[from] item: Life Orb
|move|p2a: Iron Moth|Agility|p2a: Iron Moth
|-boost|p2a: Iron Moth|spe|2
|
|turn|9
|
|move|p2a: Iron Moth|Fiery Dance|p1a: Dragapult
|-resisted|p1a: Dragapult
|-damage|p1a: Dragapult|0 fnt
|-boost|p2a: Iron Moth|spa|1
|faint|p1a: Dragapult
|
|
|switch|p1a: Magearna|Magearna|63/100
|turn|10
|
|-terastallize|p1a: Magearna|Water
|move|p2a: Iron Moth|Energy Ball|p1a: Magearna
|-supereffective|p1a: Magearna
|-damage|p1a: Magearna|0 fnt
|faint|p1a: Magearna
|
|
|switch|p1a: Sneasler|Sneasler, F|100/100
|turn|11
|
|move|p2a: Iron Moth|Fiery Dance|p1a: Sneasler
|-damage|p1a: Sneasler|0 fnt
|-boost|p2a: Iron Moth|spa|1
|faint|p1a: Sneasler
|
|
|switch|p1a: Meowscarada|Meowscarada, M|100/100
|turn|12
|
|move|p2a: Iron Moth|Fiery Dance|p1a: Meowscarada
|-supereffective|p1a: Meowscarada
|-damage|p1a: Meowscarada|0 fnt
|-boost|p2a: Iron Moth|spa|1
|faint|p1a: Meowscarada
|
|-message|Captainriiiie forfeited.
|
|win|carbonlifeformmeme
