|poke|p1|Slowking-Galar, F|
|poke|p1|Corviknight, M|
|poke|p1|Gholdengo|
|poke|p1|Samurott-Hisui, F|
|poke|p1|Orthworm, M|
|poke|p1|Skeledirge, M|
|poke|p2|Urshifu-*, M|
|poke|p2|Slowking-Galar, F|
|poke|p2|Great Tusk|
|poke|p2|Dragapult, M|
|poke|p2|Zapdos|
|poke|p2|Garganacl, F|
|teampreview
|
|start
|switch|p1a: Corviknight|Corviknight, M|100/100
|switch|p2a: Urshifu|Urshifu-Rapid-Strike, M|100/100
|-ability|p1a: Corviknight|Pressure
|turn|1
|
|move|p2a: Urshifu|U-turn|p1a: Corviknight
|-resisted|p1a: Corviknight
|-damage|p1a: Corviknight|95/100
|-damage|p2a: Urshifu|84/100|[from] item: Rocky Helmet|[of] p1a: Corviknight
|
|switch|p2a: Zapdos|Zapdos|100/100|[from] U-turn
|move|p1a: Corviknight|U-turn|p2a: Zapdos
|-resisted|p2a: Zapdos
|-damage|p2a: Zapdos|95/100
|
|switch|p1a: Slowking|Slowking-Galar, F|100/100|[from] U-turn
|
|turn|2
|
|move|p2a: Zapdos|Volt Switch|p1a: Slowking
|-damage|p1a: Slowking|84/100
|
|switch|p2a: Great Tusk|Great Tusk|100/100|[from] Volt Switch
|move|p1a: Slowking|Sludge Bomb|p2a: Great Tusk
|-resisted|p2a: Great Tusk
|-damage|p2a: Great Tusk|80/100
|
|-heal|p2a: Great Tusk|86/100|[from] item: Leftovers
|-heal|p1a: Slowking|90/100|[from] item: Black Sludge
|turn|3
|
|switch|p1a: Corviknight|Corviknight, M|95/100
|-ability|p1a: Corviknight|Pressure
|move|p2a: Great Tusk|Stealth Rock|p1a: Corviknight
|-sidestart|p1: p1|move: Stealth Rock
|
|-heal|p2a: Great Tusk|93/100|[from] item: Leftovers
|turn|4
|
|move|p2a: Great Tusk|Knock Off|p1a: Corviknight
|-damage|p1a: Corviknight|78/100
|-damage|p2a: Great Tusk|76/100|[from] item: Rocky Helmet|[of] p1a: Corviknight
|-enditem|p1a: Corviknight|Rocky Helmet|[from] move: Knock Off|[of] p2a: Great Tusk
|move|p1a: Corviknight|Defog|p2a: Great Tusk
|-unboost|p2a: Great Tusk|evasion|1
|-sideend|p1: p1|Stealth Rock|[from] move: Defog|[of] p1a: Corviknight
|
|-heal|p2a: Great Tusk|82/100|[from] item: Leftovers
|turn|5
|
|move|p2a: Great Tusk|Stealth Rock|p1a: Corviknight
|-sidestart|p1: p1|move: Stealth Rock
|move|p1a: Corviknight|Body Press|p2a: Great Tusk
|-damage|p2a: Great Tusk|70/100
|
|-heal|p2a: Great Tusk|76/100|[from] item: Leftovers
|turn|6
|
|-end|p2a: Great Tusk|Protosynthesis|[silent]
|switch|p2a: Zapdos|Zapdos|95/100
|move|p1a: Corviknight|Defog|p2a: Zapdos
|-unboost|p2a: Zapdos|evasion|1
|-sideend|p1: p1|Stealth Rock|[from] move: Defog|[of] p1a: Corviknight
|
|turn|7
|
|switch|p1a: Slowking|Slowking-Galar, F|100/100
|move|p2a: Zapdos|Volt Switch|p1a: Slowking
|-damage|p1a: Slowking|83/100
|
|switch|p2a: Great Tusk|Great Tusk|76/100|[from] Volt Switch
|
|-heal|p2a: Great Tusk|83/100|[from] item: Leftovers
|-heal|p1a: Slowking|89/100|[from] item: Black Sludge
|turn|8
|
|switch|p1a: Corviknight|Corviknight, M|78/100
|-ability|p1a: Corviknight|Pressure
|move|p2a: Great Tusk|Stealth Rock|p1a: Corviknight
|-sidestart|p1: p1|move: Stealth Rock
|
|-heal|p2a: Great Tusk|89/100|[from] item: Leftovers
|turn|9
|
|-end|p2a: Great Tusk|Protosynthesis|[silent]
|switch|p2a: Zapdos|Zapdos|95/100
|move|p1a: Corviknight|Defog|p2a: Zapdos
|-unboost|p2a: Zapdos|evasion|1
|-sideend|p1: p1|Stealth Rock|[from] move: Defog|[of] p1a: Corviknight
|
|turn|10
|
|switch|p1a: Slowking|Slowking-Galar, F|100/100
|move|p2a: Zapdos|Volt Switch|p1a: Slowking
|-damage|p1a: Slowking|82/100
|
|switch|p2a: Great Tusk|Great Tusk|89/100|[from] Volt Switch
|
|-heal|p2a: Great Tusk|95/100|[from] item: Leftovers
|-heal|p1a: Slowking|88/100|[from] item: Black Sludge
|turn|11
|
|switch|p1a: Corviknight|Corviknight, M|78/100
|-ability|p1a: Corviknight|Pressure
|move|p2a: Great Tusk|Stealth Rock|p1a: Corviknight
|-sidestart|p1: p1|move: Stealth Rock
|
|-heal|p2a: Great Tusk|100/100|[from] item: Leftovers
|turn|12
|
|-end|p2a: Great Tusk|Protosynthesis|[silent]
|switch|p2a: Zapdos|Zapdos|95/100
|move|p1a: Corviknight|Defog|p2a: Zapdos
|-unboost|p2a: Zapdos|evasion|1
|-sideend|p1: p1|Stealth Rock|[from] move: Defog|[of] p1a: Corviknight
|
|turn|13
|
|switch|p1a: Slowking|Slowking-Galar, F|100/100
|move|p2a: Zapdos|Volt Switch|p1a: Slowking
|-damage|p1a: Slowking|84/100
|
|switch|p2a: Great Tusk|Great Tusk|100/100|[from] Volt Switch
|
|-heal|p1a: Slowking|90/100|[from] item: Black Sludge
|turn|14
|
|switch|p1a: Corviknight|Corviknight, M|78/100
|-ability|p1a: Corviknight|Pressure
|move|p2a: Great Tusk|Stealth Rock|p1a: Corviknight
|-sidestart|p1: p1|move: Stealth Rock
|
|turn|15
|
|-end|p2a: Great Tusk|Protosynthesis|[silent]
|switch|p2a: Dragapult|Dragapult, M|100/100
|move|p1a: Corviknight|Defog|p2a: Dragapult
|-unboost|p2a: Dragapult|evasion|1
|-sideend|p1: p1|Stealth Rock|[from] move: Defog|[of] p1a: Corviknight
|
|turn|16
|
|switch|p1a: Slowking|Slowking-Galar, F|100/100
|move|p2a: Dragapult|U-turn|p1a: Slowking
|-damage|p1a: Slowking|83/100
|
|switch|p2a: Great Tusk|Great Tusk|100/100|[from] U-turn
|
|-heal|p1a: Slowking|89/100|[from] item: Black Sludge
|turn|17
|
|-end|p2a: Great Tusk|Protosynthesis|[silent]
|switch|p2a: Dragapult|Dragapult, M|100/100
|switch|p1a: Corviknight|Corviknight, M|78/100
|-ability|p1a: Corviknight|Pressure
|
|turn|18
|
|switch|p1a: Slowking|Slowking-Galar, F|100/100
|move|p2a: Dragapult|Shadow Ball|p1a: Slowking
|-supereffective|p1a: Slowking
|-damage|p1a: Slowking|36/100
|-unboost|p1a: Slowking|spd|1
|
|-heal|p1a: Slowking|42/100|[from] item: Black Sludge
|turn|19
|
|switch|p2a: Urshifu|Urshifu-Rapid-Strike, M|84/100
|switch|p1a: Samurott|Samurott-Hisui, F|100/100
|
|turn|20
|
|switch|p1a: Corviknight|Corviknight, M|78/100
|-ability|p1a: Corviknight|Pressure
|move|p2a: Urshifu|U-turn|p1a: Corviknight
|-resisted|p1a: Corviknight
|-damage|p1a: Corviknight|72/100
|
|switch|p2a: Dragapult|Dragapult, M|100/100|[from] U-turn
|
|turn|21
|
|move|p2a: Dragapult|Shadow Ball|p1a: Corviknight
|-damage|p1a: Corviknight|20/100
|move|p1a: Corviknight|Roost|p1a: Corviknight
|-heal|p1a: Corviknight|70/100
|-singleturn|p1a: Corviknight|move: Roost
|
|turn|22
|
|switch|p2a: Urshifu|Urshifu-Rapid-Strike, M|84/100
|move|p1a: Corviknight|Roost|p1a: Corviknight
|-heal|p1a: Corviknight|100/100
|-singleturn|p1a: Corviknight|move: Roost
|
|turn|23
|
|move|p2a: Urshifu|U-turn|p1a: Corviknight
|-resisted|p1a: Corviknight
|-damage|p1a: Corviknight|95/100
|
|switch|p2a: Zapdos|Zapdos|95/100|[from] U-turn
|move|p1a: Corviknight|U-turn|p2a: Zapdos
|-resisted|p2a: Zapdos
|-damage|p2a: Zapdos|90/100
|-status|p1a: Corviknight|par|[from] ability: Static|[of] p2a: Zapdos
|
|switch|p1a: Slowking|Slowking-Galar, F|75/100|[from] U-turn
|
|-heal|p1a: Slowking|81/100|[from] item: Black Sludge
|turn|24
|
|move|p2a: Zapdos|Volt Switch|p1a: Slowking
|-damage|p1a: Slowking|64/100
|
|switch|p2a: Garganacl|Garganacl, F|100/100|[from] Volt Switch
|move|p1a: Slowking|Chilly Reception|p1a: Slowking
|-weather|Snow
|
|switch|p1a: Samurott|Samurott-Hisui, F|100/100|[from] Chilly Reception
|
|-weather|Snow|[upkeep]
|turn|25
|
|move|p1a: Samurott|Razor Shell|p2a: Garganacl
|-supereffective|p2a: Garganacl
|-damage|p2a: Garganacl|2/100
|move|p2a: Garganacl|Salt Cure|p1a: Samurott
|-damage|p1a: Samurott|82/100
|-start|p1a: Samurott|Salt Cure
|
|-weather|Snow|[upkeep]
|-heal|p2a: Garganacl|8/100|[from] item: Leftovers
|-damage|p1a: Samurott|57/100|[from] Salt Cure
|turn|26
|
|switch|p1a: Slowking|Slowking-Galar, F|97/100
|switch|p2a: Urshifu|Urshifu-Rapid-Strike, M|84/100
|
|-weather|Snow|[upkeep]
|-heal|p1a: Slowking|100/100|[from] item: Black Sludge
|turn|27
|
|move|p2a: Urshifu|U-turn|p1a: Slowking
|-damage|p1a: Slowking|60/100
|
|switch|p2a: Slowking|Slowking-Galar, F|100/100|[from] U-turn
|move|p1a: Slowking|Chilly Reception|p1a: Slowking
|
|switch|p1a: Samurott|Samurott-Hisui, F|57/100|[from] Chilly Reception
|
|-weather|Snow|[upkeep]
|turn|28
|
|switch|p2a: Great Tusk|Great Tusk|100/100
|move|p1a: Samurott|Ceaseless Edge|p2a: Great Tusk
|-resisted|p2a: Great Tusk
|-damage|p2a: Great Tusk|83/100
|-sidestart|p2: p2|Spikes
|
|-weather|none
|-heal|p2a: Great Tusk|90/100|[from] item: Leftovers
|turn|29
|
|switch|p1a: Gholdengo|Gholdengo|100/100
|-item|p1a: Gholdengo|Air Balloon
|move|p2a: Great Tusk|Rapid Spin|p1a: Gholdengo
|-immune|p1a: Gholdengo
|
|-heal|p2a: Great Tusk|96/100|[from] item: Leftovers
|turn|30
|
|move|p1a: Gholdengo|Make It Rain|p2a: Great Tusk
|-damage|p2a: Great Tusk|16/100
|-unboost|p1a: Gholdengo|spa|1
|move|p2a: Great Tusk|Knock Off|p1a: Gholdengo
|-supereffective|p1a: Gholdengo
|-damage|p1a: Gholdengo|37/100
|-enditem|p1a: Gholdengo|Air Balloon
|
|-heal|p2a: Great Tusk|22/100|[from] item: Leftovers
|turn|31
|
|-end|p2a: Great Tusk|Protosynthesis|[silent]
|switch|p2a: Slowking|Slowking-Galar, F|100/100
|-damage|p2a: Slowking|88/100|[from] Spikes
|move|p1a: Gholdengo|Shadow Ball|p2a: Slowking
|-supereffective|p2a: Slowking
|-damage|p2a: Slowking|56/100
|
|-heal|p2a: Slowking|62/100|[from] item: Leftovers
|turn|32
|
|switch|p1a: Samurott|Samurott-Hisui, F|57/100
|move|p2a: Slowking|Chilly Reception|p2a: Slowking
|-weather|Snow
|
|switch|p2a: Urshifu|Urshifu-Rapid-Strike, M|84/100|[from] Chilly Reception
|-damage|p2a: Urshifu|72/100|[from] Spikes
|
|-weather|Snow|[upkeep]
|turn|33
|
|switch|p1a: Slowking|Slowking-Galar, F|94/100
|move|p2a: Urshifu|Surging Strikes|p1a: Slowking
|-crit|p1a: Slowking
|-damage|p1a: Slowking|63/100
|-crit|p1a: Slowking
|-damage|p1a: Slowking|31/100
|-crit|p1a: Slowking
|-damage|p1a: Slowking|0 fnt
|faint|p1a: Slowking
|-hitcount|p1: Slowking|3
|
|-weather|Snow|[upkeep]
|
|switch|p1a: Orthworm|Orthworm, M|100/100
|turn|34
|
|switch|p2a: Zapdos|Zapdos|90/100
|move|p1a: Orthworm|Body Press|p2a: Zapdos
|-resisted|p2a: Zapdos
|-crit|p2a: Zapdos
|-damage|p2a: Zapdos|72/100
|
|-weather|Snow|[upkeep]
|turn|35
|
|move|p2a: Zapdos|Volt Switch|p1a: Orthworm
|-damage|p1a: Orthworm|54/100
|
|switch|p2a: Slowking|Slowking-Galar, F|95/100|[from] Volt Switch
|-damage|p2a: Slowking|83/100|[from] Spikes
|move|p1a: Orthworm|Stealth Rock|p2a: Slowking
|-sidestart|p2: p2|move: Stealth Rock
|
|-weather|Snow|[upkeep]
|-heal|p1a: Orthworm|60/100|[from] item: Leftovers
|-heal|p2a: Slowking|89/100|[from] item: Leftovers
|turn|36
|
|switch|p1a: Corviknight|Corviknight, M|95/100 par
|-ability|p1a: Corviknight|Pressure
|move|p2a: Slowking|Flamethrower|p1a: Corviknight
|-supereffective|p1a: Corviknight
|-damage|p1a: Corviknight|48/100 par
|
|-weather|none
|-heal|p2a: Slowking|95/100|[from] item: Leftovers
|turn|37
|
|move|p1a: Corviknight|Roost|p1a: Corviknight
|-heal|p1a: Corviknight|98/100 par
|-singleturn|p1a: Corviknight|move: Roost
|move|p2a: Slowking|Flamethrower|p1a: Corviknight
|-supereffective|p1a: Corviknight
|-damage|p1a: Corviknight|55/100 par
|
|-heal|p2a: Slowking|100/100|[from] item: Leftovers
|turn|38
|
|move|p1a: Corviknight|Roost|p1a: Corviknight
|-heal|p1a: Corviknight|100/100 par
|-singleturn|p1a: Corviknight|move: Roost
|move|p2a: Slowking|Flamethrower|p1a: Corviknight
|-supereffective|p1a: Corviknight
|-damage|p1a: Corviknight|60/100 par
|
|turn|39
|
|switch|p1a: Samurott|Samurott-Hisui, F|57/100
|move|p2a: Slowking|Sludge Bomb|p1a: Samurott
|-damage|p1a: Samurott|5/100
|-status|p1a: Samurott|psn
|
|-damage|p1a: Samurott|0 fnt|[from] psn
|faint|p1a: Samurott
|-message|p1 forfeited.
|
|win|p2
|player|p2|p2|geeta
|player|p2|
|player|p2|p2|geeta
