# advantage = p2
|poke|p1|Garganacl, F|
|poke|p1|Skeledirge, F|
|poke|p1|Orthworm, M|
|poke|p1|Tauros-Paldea-Aqua, M|
|poke|p1|Iron Treads|
|poke|p1|Zamazenta-*|
|poke|p2|Samurott-Hisui, M|
|poke|p2|Dragapult, F|
|poke|p2|Sneasler, M|
|poke|p2|Magearna|
|poke|p2|Volcarona, F|
|poke|p2|Zamazenta-*|
|teampreview
|
|start
|switch|p1a: Garganacl|Garganacl, F|100/100
|switch|p2a: Samurott|Samurott-Hisui, M|100/100
|turn|1
|
|-terastallize|p1a: Garganacl|Water
|move|p2a: Samurott|Ceaseless Edge|p1a: Garganacl
|-crit|p1a: Garganacl
|-damage|p1a: Garganacl|59/100
|-sidestart|p1: p1|Spikes
|move|p1a: Garganacl|Salt Cure|p2a: Samurott
|-damage|p2a: Samurott|84/100
|-start|p2a: Samurott|Salt Cure
|
|-heal|p1a: Garganacl|66/100|[from] item: Leftovers
|-damage|p2a: Samurott|59/100|[from] Salt Cure
|turn|2
|
|move|p2a: Samurott|Taunt|p1a: Garganacl
|-start|p1a: Garganacl|move: Taunt
|cant|p1a: Garganacl|move: Taunt|Stealth Rock
|
|-heal|p1a: Garganacl|72/100|[from] item: Leftovers
|-damage|p2a: Samurott|34/100|[from] Salt Cure
|turn|3
|
|move|p2a: Samurott|Ceaseless Edge|p1a: Garganacl
|-damage|p1a: Garganacl|43/100
|-sidestart|p1: p1|Spikes
|move|p1a: Garganacl|Salt Cure|p2a: Samurott
|-damage|p2a: Samurott|17/100
|
|-heal|p1a: Garganacl|49/100|[from] item: Leftovers
|-damage|p2a: Samurott|0 fnt|[from] Salt Cure
|faint|p2a: Samurott
|
|switch|p2a: Zamazenta|Zamazenta|100/100
|-ability|p2a: Zamazenta|Dauntless Shield|boost
|-boost|p2a: Zamazenta|def|1
|turn|4
|
|switch|p1a: Skeledirge|Skeledirge, F|100/100
|move|p2a: Zamazenta|Substitute|p2a: Zamazenta
|-start|p2a: Zamazenta|Substitute
|-damage|p2a: Zamazenta|76/100
|
|-heal|p2a: Zamazenta|82/100|[from] item: Leftovers
|turn|5
|
|switch|p2a: Dragapult|Dragapult, F|100/100
|move|p1a: Skeledirge|Torch Song|p2a: Dragapult
|-resisted|p2a: Dragapult
|-damage|p2a: Dragapult|85/100
|-boost|p1a: Skeledirge|spa|1
|
|turn|6
|
|switch|p1a: Iron Treads|Iron Treads|100/100
|-damage|p1a: Iron Treads|84/100|[from] Spikes
|move|p2a: Dragapult|Light Screen|p2a: Dragapult
|-sidestart|p2: p2|move: Light Screen
|
|-heal|p1a: Iron Treads|90/100|[from] item: Leftovers
|turn|7
|
|move|p2a: Dragapult|Reflect|p2a: Dragapult
|-sidestart|p2: p2|Reflect
|move|p1a: Iron Treads|Earthquake|p2a: Dragapult
|-damage|p2a: Dragapult|58/100
|
|-heal|p1a: Iron Treads|96/100|[from] item: Leftovers
|turn|8
|
|move|p2a: Dragapult|Curse|p1a: Iron Treads
|-start|p1a: Iron Treads|Curse|[of] p2a: Dragapult
|-damage|p2a: Dragapult|8/100
|move|p1a: Iron Treads|Rapid Spin|p2a: Dragapult
|-immune|p2a: Dragapult
|
|-heal|p1a: Iron Treads|100/100|[from] item: Leftovers
|-damage|p1a: Iron Treads|76/100|[from] Curse
|turn|9
|
|move|p2a: Dragapult|Reflect||[still]
|-fail|p2a: Dragapult
|move|p1a: Iron Treads|Volt Switch|p2a: Dragapult
|-resisted|p2a: Dragapult
|-damage|p2a: Dragapult|5/100
|
|-end|p1a: Iron Treads|Quark Drive|[silent]
|switch|p1a: Garganacl|Garganacl, F, tera:Water|49/100|[from] Volt Switch
|-damage|p1a: Garganacl|32/100|[from] Spikes
|
|-heal|p1a: Garganacl|38/100|[from] item: Leftovers
|turn|10
|
|move|p2a: Dragapult|Curse|p1a: Garganacl
|-start|p1a: Garganacl|Curse|[of] p2a: Dragapult
|-damage|p2a: Dragapult|0 fnt
|faint|p2a: Dragapult
|move|p1a: Garganacl|Recover|p1a: Garganacl
|-heal|p1a: Garganacl|88/100
|
|-heal|p1a: Garganacl|95/100|[from] item: Leftovers
|-damage|p1a: Garganacl|70/100|[from] Curse
|
|switch|p2a: Sneasler|Sneasler, M|100/100
|-item|p2a: Sneasler|Air Balloon
|turn|11
|
|move|p2a: Sneasler|Swords Dance|p2a: Sneasler
|-boost|p2a: Sneasler|atk|2
|move|p1a: Garganacl|Salt Cure|p2a: Sneasler
|-resisted|p2a: Sneasler
|-damage|p2a: Sneasler|96/100
|-start|p2a: Sneasler|Salt Cure
|-enditem|p2a: Sneasler|Air Balloon
|
|-heal|p1a: Garganacl|76/100|[from] item: Leftovers
|-damage|p1a: Garganacl|51/100|[from] Curse
|-damage|p2a: Sneasler|84/100|[from] Salt Cure
|turn|12
|
|switch|p1a: Tauros|Tauros-Paldea-Aqua, M|100/100
|-damage|p1a: Tauros|84/100|[from] Spikes
|-ability|p1a: Tauros|Intimidate|boost
|-unboost|p2a: Sneasler|atk|1
|move|p2a: Sneasler|Close Combat|p1a: Tauros
|-crit|p1a: Tauros
|-damage|p1a: Tauros|0 fnt
|-unboost|p2a: Sneasler|def|1
|-unboost|p2a: Sneasler|spd|1
|faint|p1a: Tauros
|
|-damage|p2a: Sneasler|71/100|[from] Salt Cure
|
|switch|p1a: Skeledirge|Skeledirge, F|100/100
|turn|13
|
|switch|p2a: Magearna|Magearna|100/100
|move|p1a: Skeledirge|Will-O-Wisp|p2a: Magearna
|-status|p2a: Magearna|brn
|
|-damage|p2a: Magearna|94/100 brn|[from] brn
|-sideend|p2: p2|move: Light Screen
|turn|14
|
|-terastallize|p2a: Magearna|Water
|move|p2a: Magearna|Calm Mind|p2a: Magearna
|-boost|p2a: Magearna|spa|1
|-boost|p2a: Magearna|spd|1
|move|p1a: Skeledirge|Torch Song|p2a: Magearna
|-resisted|p2a: Magearna
|-damage|p2a: Magearna|81/100 brn
|-boost|p1a: Skeledirge|spa|1
|
|-heal|p2a: Magearna|87/100 brn|[from] item: Leftovers
|-damage|p2a: Magearna|81/100 brn|[from] brn
|-sideend|p2: p2|Reflect
|turn|15
|
|move|p2a: Magearna|Iron Defense|p2a: Magearna
|-boost|p2a: Magearna|def|2
|move|p1a: Skeledirge|Hex|p2a: Magearna
|-damage|p2a: Magearna|22/100 brn
|
|-heal|p2a: Magearna|28/100 brn|[from] item: Leftovers
|-damage|p2a: Magearna|22/100 brn|[from] brn
|turn|16
|
|move|p2a: Magearna|Stored Power|p1a: Skeledirge
|-damage|p1a: Skeledirge|78/100
|move|p1a: Skeledirge|Hex|p2a: Magearna
|-damage|p2a: Magearna|0 fnt
|faint|p2a: Magearna
|
|-message|p2 forfeited.
|
|win|p1
