|poke|p1|Typhlosion-Hisui, F|
|poke|p1|Dragapult, F|
|poke|p1|Magearna|
|poke|p1|Urshifu-*, M|
|poke|p1|Zapdos|
|poke|p1|Great Tusk|
|poke|p2|Corviknight, F|
|poke|p2|Slowking-Galar, F|
|poke|p2|Dondozo, F|
|poke|p2|Blissey, F|
|poke|p2|Alomomola, M|
|poke|p2|Clodsire, M|
|teampreview
|
|start
|switch|p1a: Dragapult|Dragapult, F|100/100
|switch|p2a: Alomomola|Alomomola, M|100/100
|turn|1
|
|move|p2a: Alomomola|Protect|p2a: Alomomola
|-singleturn|p2a: Alomomola|Protect
|move|p1a: Dragapult|Substitute|p1a: Dragapult
|-start|p1a: Dragapult|Substitute
|-damage|p1a: Dragapult|76/100
|
|-heal|p1a: Dragapult|82/100|[from] item: Leftovers
|turn|2
|
|switch|p2a: Blissey|Blissey, F|100/100
|move|p1a: Dragapult|Will-O-Wisp|p2a: Blissey
|-status|p2a: Blissey|brn
|
|-heal|p1a: Dragapult|88/100|[from] item: Leftovers
|-damage|p2a: Blissey|94/100 brn|[from] brn
|turn|3
|
|move|p1a: Dragapult|Dragon Darts|p2a: Blissey
|-damage|p2a: Blissey|72/100 brn
|-anim|p1a: Dragapult|Dragon Darts|p2a: Blissey
|-damage|p2a: Blissey|48/100 brn
|move|p2a: Blissey|Calm Mind|p2a: Blissey
|-boost|p2a: Blissey|spa|1
|-boost|p2a: Blissey|spd|1
|
|-heal|p1a: Dragapult|94/100|[from] item: Leftovers
|-damage|p2a: Blissey|42/100 brn|[from] brn
|turn|4
|
|-curestatus|p2a: Blissey|brn|[from] ability: Natural Cure
|switch|p2a: Dondozo|Dondozo, F|100/100
|move|p1a: Dragapult|Dragon Darts|p2a: Dondozo
|-damage|p2a: Dondozo|91/100
|-anim|p1a: Dragapult|Dragon Darts|p2a: Dondozo
|-damage|p2a: Dondozo|81/100
|
|-heal|p1a: Dragapult|99/100|[from] item: Leftovers
|turn|5
|
|move|p1a: Dragapult|Will-O-Wisp|p2a: Dondozo
|-status|p2a: Dondozo|brn
|move|p2a: Dondozo|Liquidation|p1a: Dragapult
|-resisted|p1a: Dragapult
|-activate|p1a: Dragapult|move: Substitute|[damage]
|
|-heal|p1a: Dragapult|100/100|[from] item: Leftovers
|-damage|p2a: Dondozo|75/100 brn|[from] brn
|turn|6
|
|move|p1a: Dragapult|Hex|p2a: Dondozo
|-damage|p2a: Dondozo|27/100 brn
|move|p2a: Dondozo|Liquidation|p1a: Dragapult
|-resisted|p1a: Dragapult
|-activate|p1a: Dragapult|move: Substitute|[damage]
|
|-damage|p2a: Dondozo|21/100 brn|[from] brn
|turn|7
|
|switch|p2a: Slowking|Slowking-Galar, F|100/100
|move|p1a: Dragapult|Dragon Darts|p2a: Slowking
|-damage|p2a: Slowking|82/100
|-anim|p1a: Dragapult|Dragon Darts|p2a: Slowking
|-damage|p2a: Slowking|61/100
|
|turn|8
|
|move|p1a: Dragapult|Will-O-Wisp|p2a: Slowking
|-status|p2a: Slowking|brn
|move|p2a: Slowking|Substitute|p2a: Slowking
|-start|p2a: Slowking|Substitute
|-damage|p2a: Slowking|36/100 brn
|
|-damage|p2a: Slowking|30/100 brn|[from] brn
|turn|9
|
|move|p1a: Dragapult|Hex|p2a: Slowking
|-supereffective|p2a: Slowking
|-damage|p2a: Slowking|0 fnt
|faint|p2a: Slowking
|
|
|switch|p2a: Clodsire|Clodsire, M|100/100
|turn|10
|
|move|p1a: Dragapult|Will-O-Wisp|p2a: Clodsire|[miss]
|-miss|p1a: Dragapult|p2a: Clodsire
|move|p2a: Clodsire|Earthquake|p1a: Dragapult
|-end|p1a: Dragapult|Substitute
|
|turn|11
|
|switch|p1a: Zapdos|Zapdos|100/100
|move|p2a: Clodsire|Earthquake|p1a: Zapdos
|-immune|p1a: Zapdos
|
|turn|12
|
|switch|p1a: Urshifu|Urshifu-Rapid-Strike, M|100/100
|move|p2a: Clodsire|Toxic|p1a: Urshifu
|-status|p1a: Urshifu|tox
|
|-damage|p1a: Urshifu|94/100 tox|[from] psn
|turn|13
|
|switch|p2a: Alomomola|Alomomola, M|100/100
|move|p1a: Urshifu|U-turn|p2a: Alomomola
|-damage|p2a: Alomomola|88/100
|
|switch|p1a: Dragapult|Dragapult, F|100/100|[from] U-turn
|
|turn|14
|
|switch|p2a: Dondozo|Dondozo, F|21/100 brn
|move|p1a: Dragapult|Substitute|p1a: Dragapult
|-start|p1a: Dragapult|Substitute
|-damage|p1a: Dragapult|76/100
|
|-heal|p1a: Dragapult|82/100|[from] item: Leftovers
|-damage|p2a: Dondozo|15/100 brn|[from] brn
|turn|15
|
|move|p1a: Dragapult|Dragon Darts|p2a: Dondozo
|-damage|p2a: Dondozo|5/100 brn
|-anim|p1a: Dragapult|Dragon Darts|p2a: Dondozo
|-damage|p2a: Dondozo|0 fnt
|faint|p2a: Dondozo
|
|-heal|p1a: Dragapult|88/100|[from] item: Leftovers
|
|switch|p2a: Clodsire|Clodsire, M|100/100
|turn|16
|
|move|p1a: Dragapult|Will-O-Wisp|p2a: Clodsire
|-status|p2a: Clodsire|brn
|move|p2a: Clodsire|Earthquake|p1a: Dragapult
|-activate|p1a: Dragapult|move: Substitute|[damage]
|
|-heal|p1a: Dragapult|94/100|[from] item: Leftovers
|-damage|p2a: Clodsire|94/100 brn|[from] brn
|turn|17
|
|move|p1a: Dragapult|Dragon Darts|p2a: Clodsire
|-damage|p2a: Clodsire|73/100 brn
|-anim|p1a: Dragapult|Dragon Darts|p2a: Clodsire
|-damage|p2a: Clodsire|50/100 brn
|move|p2a: Clodsire|Earthquake|p1a: Dragapult
|-end|p1a: Dragapult|Substitute
|
|-heal|p1a: Dragapult|99/100|[from] item: Leftovers
|-damage|p2a: Clodsire|44/100 brn|[from] brn
|turn|18
|
|move|p1a: Dragapult|Substitute|p1a: Dragapult
|-start|p1a: Dragapult|Substitute
|-damage|p1a: Dragapult|75/100
|move|p2a: Clodsire|Toxic||[still]
|-fail|p2a: Clodsire
|
|-heal|p1a: Dragapult|81/100|[from] item: Leftovers
|-damage|p2a: Clodsire|37/100 brn|[from] brn
|turn|19
|
|switch|p2a: Alomomola|Alomomola, M|100/100
|move|p1a: Dragapult|Dragon Darts|p2a: Alomomola
|-damage|p2a: Alomomola|89/100
|-anim|p1a: Dragapult|Dragon Darts|p2a: Alomomola
|-damage|p2a: Alomomola|78/100
|
|-heal|p1a: Dragapult|87/100|[from] item: Leftovers
|turn|20
|
|move|p1a: Dragapult|Will-O-Wisp|p2a: Alomomola
|-status|p2a: Alomomola|brn
|move|p2a: Alomomola|Wish|p2a: Alomomola
|
|-heal|p1a: Dragapult|93/100|[from] item: Leftovers
|-damage|p2a: Alomomola|72/100 brn|[from] brn
|turn|21
|
|switch|p2a: Blissey|Blissey, F|42/100
|move|p1a: Dragapult|Dragon Darts|p2a: Blissey
|-damage|p2a: Blissey|20/100
|-anim|p1a: Dragapult|Dragon Darts|p2a: Blissey
|-damage|p2a: Blissey|0 fnt
|faint|p2a: Blissey
|
|-heal|p1a: Dragapult|99/100|[from] item: Leftovers
|-message|Pig Worm forfeited.
|
|win|Lahwi
