|poke|p1|Samurott-Hisui, M|
|poke|p1|Lilligant-Hisui, F|
|poke|p1|Ursaluna, M|
|poke|p1|Arcanine-Hisui, M|
|poke|p1|Sneasler, F|
|poke|p1|Zoroark-Hisui, M|
|poke|p2|Pelipper, M|
|poke|p2|Basculegion-F, F|
|poke|p2|Azumarill, M|
|poke|p2|Clodsire, F|
|poke|p2|Zapdos|
|poke|p2|Overqwil, F|
|teampreview
|
|start
|switch|p1a: Sneasler|Sneasler, F|100/100
|switch|p2a: Pelipper|Pelipper, M|100/100
|-item|p1a: Sneasler|Air Balloon
|-weather|RainDance|[from] ability: Drizzle|[of] p2a: Pelipper
|turn|1
|
|-terastallize|p1a: Sneasler|Flying
|move|p1a: Sneasler|Swords Dance|p1a: Sneasler
|-boost|p1a: Sneasler|atk|2
|move|p2a: Pelipper|Hurricane|p1a: Sneasler
|-crit|p1a: Sneasler
|-damage|p1a: Sneasler|31/100
|-enditem|p1a: Sneasler|Air Balloon
|
|-weather|RainDance|[upkeep]
|turn|2
|
|switch|p2a: Basculegion|Basculegion-F, F|100/100
|move|p1a: Sneasler|Dire Claw|p2a: Basculegion
|-resisted|p2a: Basculegion
|-damage|p2a: Basculegion|45/100
|-status|p2a: Basculegion|psn
|
|-weather|RainDance|[upkeep]
|-damage|p2a: Basculegion|33/100 psn|[from] psn
|turn|3
|
|switch|p1a: Samurott|Samurott-Hisui, M|100/100
|move|p2a: Basculegion|Surf|p1a: Samurott
|-resisted|p1a: Samurott
|-damage|p1a: Samurott|31/100
|
|-weather|RainDance|[upkeep]
|-damage|p2a: Basculegion|20/100 psn|[from] psn
|turn|4
|
|move|p2a: Basculegion|Surf|p1a: Samurott
|-resisted|p1a: Samurott
|-damage|p1a: Samurott|0 fnt
|faint|p1a: Samurott
|
|-weather|RainDance|[upkeep]
|-damage|p2a: Basculegion|8/100 psn|[from] psn
|
|switch|p1a: Arcanine|Arcanine-Hisui, M|100/100
|turn|5
|
|move|p2a: Basculegion|Surf|p1a: Arcanine
|-enditem|p1a: Arcanine|Focus Sash
|-damage|p1a: Arcanine|1/100
|replace|p1a: Zoroark|Zoroark-Hisui, M
|-end|p1a: Zoroark|Illusion
|move|p1a: Zoroark|Shadow Ball|p2a: Basculegion
|-supereffective|p2a: Basculegion
|-crit|p2a: Basculegion
|-damage|p2a: Basculegion|0 fnt
|faint|p2a: Basculegion
|
|-weather|RainDance|[upkeep]
|
|switch|p2a: Azumarill|Azumarill, M|100/100
|turn|6
|
|move|p2a: Azumarill|Aqua Jet|p1a: Zoroark
|-damage|p1a: Zoroark|0 fnt
|faint|p1a: Zoroark
|
|-weather|RainDance|[upkeep]
|
|switch|p1a: Arcanine|Arcanine-Hisui, M|100/100
|turn|7
|
|move|p1a: Arcanine|Wild Charge|p2a: Azumarill
|-supereffective|p2a: Azumarill
|-damage|p2a: Azumarill|45/100
|move|p2a: Azumarill|Liquidation|p1a: Arcanine
|-supereffective|p1a: Arcanine
|-damage|p1a: Arcanine|0 fnt
|faint|p1a: Arcanine
|
|-weather|RainDance|[upkeep]
|
|switch|p1a: Lilligant|Lilligant-Hisui, F|100/100
|turn|8
|
|move|p2a: Azumarill|Aqua Jet|p1a: Lilligant
|-resisted|p1a: Lilligant
|-damage|p1a: Lilligant|86/100
|move|p1a: Lilligant|Leaf Blade|p2a: Azumarill
|-supereffective|p2a: Azumarill
|-damage|p2a: Azumarill|0 fnt
|faint|p2a: Azumarill
|
|-weather|none
|
|switch|p2a: Pelipper|Pelipper, M|100/100
|-weather|RainDance|[from] ability: Drizzle|[of] p2a: Pelipper
|turn|9
|
|move|p1a: Lilligant|Victory Dance|p1a: Lilligant
|-boost|p1a: Lilligant|atk|1
|-boost|p1a: Lilligant|def|1
|-boost|p1a: Lilligant|spe|1
|move|p2a: Pelipper|U-turn|p1a: Lilligant
|-damage|p1a: Lilligant|77/100
|
|switch|p2a: Zapdos|Zapdos|100/100|[from] U-turn
|
|-weather|RainDance|[upkeep]
|turn|10
|
|move|p1a: Lilligant|Ice Spinner|p2a: Zapdos
|-supereffective|p2a: Zapdos
|-damage|p2a: Zapdos|0 fnt
|faint|p2a: Zapdos
|
|-weather|RainDance|[upkeep]
|
|switch|p2a: Overqwil|Overqwil, F|100/100
|turn|11
|
|move|p2a: Overqwil|Gunk Shot|p1a: Lilligant|[miss]
|-miss|p2a: Overqwil|p1a: Lilligant
|move|p1a: Lilligant|Close Combat|p2a: Overqwil
|-damage|p2a: Overqwil|0 fnt
|-unboost|p1a: Lilligant|def|1
|-unboost|p1a: Lilligant|spd|1
|faint|p2a: Overqwil
|
|-weather|RainDance|[upkeep]
|
|switch|p2a: Pelipper|Pelipper, M|100/100
|turn|12
|
|move|p1a: Lilligant|Leaf Blade|p2a: Pelipper|[miss]
|-miss|p1a: Lilligant|p2a: Pelipper
|move|p2a: Pelipper|Hurricane|p1a: Lilligant
|-supereffective|p1a: Lilligant
|-damage|p1a: Lilligant|0 fnt
|faint|p1a: Lilligant
|
|-weather|RainDance|[upkeep]
|
|switch|p1a: Sneasler|Sneasler, F, tera:Flying|31/100
|turn|13
|
|move|p1a: Sneasler|Acrobatics|p2a: Pelipper
|-damage|p2a: Pelipper|56/100
|move|p2a: Pelipper|Surf|p1a: Sneasler
|-damage|p1a: Sneasler|0 fnt
|faint|p1a: Sneasler
|
|-weather|RainDance|[upkeep]
|
|switch|p1a: Ursaluna|Ursaluna, M|100/100
|turn|14
|
|move|p2a: Pelipper|Surf|p1a: Ursaluna
|-supereffective|p1a: Ursaluna
|-damage|p1a: Ursaluna|19/100
|move|p1a: Ursaluna|Facade|p2a: Pelipper
|-damage|p2a: Pelipper|22/100
|
|-weather|RainDance|[upkeep]
|-status|p1a: Ursaluna|brn|[from] item: Flame Orb
|turn|15
|-message|p1 forfeited.
|
|win|p2
