# advantage = p1
|poke|p1|Basculegion-F, F|
|poke|p1|Zamazenta-*|
|poke|p1|Scream Tail|
|poke|p1|Garganacl, F|
|poke|p1|Zapdos|
|poke|p1|Maushold|
|poke|p2|Pelipper, F|
|poke|p2|Floatzel, M|
|poke|p2|Azumarill, F|
|poke|p2|Golduck, F|
|poke|p2|Pawmot, F|
|poke|p2|Toedscruel, F|
|teampreview
|
|start
|switch|p1a: Maushold|Maushold|100/100
|switch|p2a: Ghoti carrier|Pelipper, F|100/100
|-weather|RainDance|[from] ability: Drizzle|[of] p2a: Ghoti carrier
|turn|1
|
|switch|p2a: Spaghetti Memory|Toedscruel, F|100/100
|move|p1a: Maushold|Population Bomb|p2a: Spaghetti Memory
|-damage|p2a: Spaghetti Memory|85/100
|-damage|p1a: Maushold|84/100|[from] item: Rocky Helmet|[of] p2a: Spaghetti Memory
|-damage|p2a: Spaghetti Memory|72/100
|-damage|p1a: Maushold|67/100|[from] item: Rocky Helmet|[of] p2a: Spaghetti Memory
|-damage|p2a: Spaghetti Memory|57/100
|-damage|p1a: Maushold|51/100|[from] item: Rocky Helmet|[of] p2a: Spaghetti Memory
|-damage|p2a: Spaghetti Memory|43/100
|-damage|p1a: Maushold|34/100|[from] item: Rocky Helmet|[of] p2a: Spaghetti Memory
|-damage|p2a: Spaghetti Memory|28/100
|-damage|p1a: Maushold|17/100|[from] item: Rocky Helmet|[of] p2a: Spaghetti Memory
|-damage|p2a: Spaghetti Memory|14/100
|-damage|p1a: Maushold|1/100|[from] item: Rocky Helmet|[of] p2a: Spaghetti Memory
|-damage|p2a: Spaghetti Memory|1/100
|-damage|p1a: Maushold|0 fnt|[from] item: Rocky Helmet|[of] p2a: Spaghetti Memory
|faint|p1a: Maushold
|-hitcount|p2a: Spaghetti Memory|7
|
|-weather|RainDance|[upkeep]
|
|switch|p1a: Zapdos|Zapdos|100/100
|turn|2
|
|move|p1a: Zapdos|Hurricane|p2a: Spaghetti Memory
|-supereffective|p2a: Spaghetti Memory
|-damage|p2a: Spaghetti Memory|0 fnt
|faint|p2a: Spaghetti Memory
|
|-weather|RainDance|[upkeep]
|
|switch|p2a: BandedSkewda|Floatzel, M|100/100
|turn|3
|
|switch|p1a: Scream Tail|Scream Tail|100/100
|move|p2a: BandedSkewda|Wave Crash|p1a: Scream Tail
|-damage|p1a: Scream Tail|0 fnt
|faint|p1a: Scream Tail
|-end|p1a: Scream Tail|Protosynthesis|[silent]
|-damage|p2a: BandedSkewda|58/100|[from] Recoil
|
|-weather|RainDance|[upkeep]
|
|switch|p1a: Basculegion|Basculegion-F, F|100/100
|turn|4
|
|-terastallize|p2a: BandedSkewda|Water
|move|p2a: BandedSkewda|Wave Crash|p1a: Basculegion
|-resisted|p1a: Basculegion
|-damage|p1a: Basculegion|0 fnt
|faint|p1a: Basculegion
|-damage|p2a: BandedSkewda|21/100|[from] Recoil
|
|-weather|RainDance|[upkeep]
|
|switch|p1a: Garganacl|Garganacl, F|100/100
|turn|5
|
|-terastallize|p1a: Garganacl|Water
|move|p2a: BandedSkewda|Wave Crash|p1a: Garganacl
|-resisted|p1a: Garganacl
|-damage|p1a: Garganacl|44/100
|-damage|p2a: BandedSkewda|0 fnt|[from] Recoil
|faint|p2a: BandedSkewda
|move|p1a: Garganacl|Recover|p1a: Garganacl
|-heal|p1a: Garganacl|94/100
|
|-weather|RainDance|[upkeep]
|-heal|p1a: Garganacl|99/100|[from] item: Leftovers
|
|switch|p2a: Really want eject|Pawmot, F|100/100
|turn|6
|
|move|p2a: Really want eject|Encore|p1a: Garganacl
|-start|p1a: Garganacl|Encore
|move|p1a: Garganacl|Recover|p1a: Garganacl
|-heal|p1a: Garganacl|100/100
|
|-weather|RainDance|[upkeep]
|turn|7
|
|switch|p1a: Zapdos|Zapdos|100/100
|move|p2a: Really want eject|Revival Blessing|p2a: Really want eject
|-enditem|p2a: Really want eject|Leppa Berry|[eat]
|-activate|p2a: Really want eject|item: Leppa Berry|Revival Blessing|[consumed]
|
|-heal|p2: BandedSkewda|50/100|[from] move: Revival Blessing
|
|-weather|RainDance|[upkeep]
|turn|8
|
|move|p2a: Really want eject|Revival Blessing|p2a: Really want eject
|
|-heal|p2: Spaghetti Memory|50/100|[from] move: Revival Blessing
|move|p1a: Zapdos|Hurricane|p2a: Really want eject
|-damage|p2a: Really want eject|25/100
|
|-weather|none
|turn|9
|
|switch|p2a: Ghoti carrier|Pelipper, F|100/100
|-weather|RainDance|[from] ability: Drizzle|[of] p2a: Ghoti carrier
|move|p1a: Zapdos|Hurricane|p2a: Ghoti carrier
|-damage|p2a: Ghoti carrier|55/100
|
|-weather|RainDance|[upkeep]
|turn|10
|
|switch|p2a: Spaghetti Memory|Toedscruel, F|50/100
|move|p1a: Zapdos|Hurricane|p2a: Spaghetti Memory
|-supereffective|p2a: Spaghetti Memory
|-damage|p2a: Spaghetti Memory|0 fnt
|faint|p2a: Spaghetti Memory
|
|-weather|RainDance|[upkeep]
|
|switch|p2a: BandedSkewda|Floatzel, M|50/100
|turn|11
|
|switch|p1a: Garganacl|Garganacl, F, tera:Water|100/100
|move|p2a: BandedSkewda|Wave Crash|p1a: Garganacl
|-resisted|p1a: Garganacl
|-damage|p1a: Garganacl|59/100
|-damage|p2a: BandedSkewda|34/100|[from] Recoil
|
|-weather|RainDance|[upkeep]
|-heal|p1a: Garganacl|65/100|[from] item: Leftovers
|turn|12
|
|switch|p2a: Seaking Duck|Golduck, F|100/100
|move|p1a: Garganacl|Recover|p1a: Garganacl
|-heal|p1a: Garganacl|100/100
|
|-weather|RainDance|[upkeep]
|turn|13
|
|move|p2a: Seaking Duck|Nasty Plot|p2a: Seaking Duck
|-boost|p2a: Seaking Duck|spa|2
|move|p1a: Garganacl|Salt Cure|p2a: Seaking Duck
|-damage|p2a: Seaking Duck|81/100
|-start|p2a: Seaking Duck|Salt Cure
|
|-weather|RainDance|[upkeep]
|-damage|p2a: Seaking Duck|56/100|[from] Salt Cure
|turn|14
|
|switch|p1a: Zapdos|Zapdos|100/100
|move|p2a: Seaking Duck|Grass Knot|p1a: Zapdos
|-resisted|p1a: Zapdos
|-damage|p1a: Zapdos|71/100
|-damage|p2a: Seaking Duck|46/100|[from] item: Life Orb
|
|-weather|RainDance|[upkeep]
|-damage|p2a: Seaking Duck|21/100|[from] Salt Cure
|turn|15
|
|move|p2a: Seaking Duck|Surf|p1a: Zapdos
|-damage|p1a: Zapdos|0 fnt
|faint|p1a: Zapdos
|-damage|p2a: Seaking Duck|11/100|[from] item: Life Orb
|
|-weather|RainDance|[upkeep]
|-damage|p2a: Seaking Duck|0 fnt|[from] Salt Cure
|faint|p2a: Seaking Duck
|
|switch|p1a: Garganacl|Garganacl, F, tera:Water|100/100
|switch|p2a: BandedSkewda|Floatzel, M|34/100
|turn|16
|
|switch|p2a: Really want eject|Pawmot, F|25/100
|move|p1a: Garganacl|Stealth Rock|p2a: Really want eject
|-sidestart|p2: p2|move: Stealth Rock
|
|-weather|none
|turn|17
|
|switch|p1a: Zamazenta|Zamazenta-Crowned|100/100
|-ability|p1a: Zamazenta|Dauntless Shield|boost
|-boost|p1a: Zamazenta|def|1
|move|p2a: Really want eject|Encore||[still]
|-fail|p2a: Really want eject
|
|turn|18
|
|move|p1a: Zamazenta|Body Press|p2a: Really want eject
|-damage|p2a: Really want eject|0 fnt
|faint|p2a: Really want eject
|
|
|switch|p2a: Ghoti carrier|Pelipper, F|55/100
|-damage|p2a: Ghoti carrier|30/100|[from] Stealth Rock
|-weather|RainDance|[from] ability: Drizzle|[of] p2a: Ghoti carrier
|turn|19
|
|move|p1a: Zamazenta|Iron Defense|p1a: Zamazenta
|-boost|p1a: Zamazenta|def|2
|move|p2a: Ghoti carrier|Surf|p1a: Zamazenta
|-damage|p1a: Zamazenta|72/100
|
|-weather|RainDance|[upkeep]
|turn|20
|
|move|p1a: Zamazenta|Body Press|p2a: Ghoti carrier
|-resisted|p2a: Ghoti carrier
|-damage|p2a: Ghoti carrier|0 fnt
|faint|p2a: Ghoti carrier
|
|-weather|RainDance|[upkeep]
|
|switch|p2a: The Goat|Azumarill, F|100/100
|-damage|p2a: The Goat|88/100|[from] Stealth Rock
|turn|21
|
|move|p1a: Zamazenta|Behemoth Bash|p2a: The Goat
|-damage|p2a: The Goat|44/100
|-enditem|p2a: The Goat|Sitrus Berry|[eat]
|-heal|p2a: The Goat|69/100|[from] item: Sitrus Berry
|move|p2a: The Goat|Belly Drum|p2a: The Goat
|-damage|p2a: The Goat|19/100
|-setboost|p2a: The Goat|atk|6|[from] move: Belly Drum
|
|-weather|RainDance|[upkeep]
|turn|22
|
|move|p2a: The Goat|Aqua Jet|p1a: Zamazenta
|-damage|p1a: Zamazenta|33/100
|move|p1a: Zamazenta|Body Press|p2a: The Goat
|-resisted|p2a: The Goat
|-damage|p2a: The Goat|0 fnt
|faint|p2a: The Goat
|
|-weather|RainDance|[upkeep]
|
|switch|p2a: BandedSkewda|Floatzel, M|34/100
|-damage|p2a: BandedSkewda|21/100|[from] Stealth Rock
|turn|23
|
|move|p2a: BandedSkewda|Wave Crash|p1a: Zamazenta
|-damage|p1a: Zamazenta|0 fnt
|faint|p1a: Zamazenta
|-damage|p2a: BandedSkewda|9/100|[from] Recoil
|
|-weather|RainDance|[upkeep]
|
|switch|p1a: Garganacl|Garganacl, F, tera:Water|100/100
|turn|24
|
|move|p2a: BandedSkewda|Wave Crash|p1a: Garganacl
|-resisted|p1a: Garganacl
|-damage|p1a: Garganacl|63/100
|-damage|p2a: BandedSkewda|0 fnt|[from] Recoil
|faint|p2a: BandedSkewda
|
|win|p1
|player|p1|p1|265
