|poke|p1|Baxcalibur, M|
|poke|p1|Glimmora, F|
|poke|p1|Breloom, M|
|poke|p1|Ceruledge, F|
|poke|p1|Cinderace, F|
|poke|p1|Rotom-Wash|
|poke|p2|Walking Wake|
|poke|p2|Grimmsnarl, M|
|poke|p2|Garganacl, M|
|poke|p2|Volcarona, M|
|poke|p2|Iron Valiant|
|poke|p2|Armarouge, M|
|teampreview
|
|start
|switch|p1a: Rotom|Rotom-Wash, shiny|100/100
|switch|p2a: Grimmsnarl|Grimmsnarl, M, shiny|100/100
|turn|1
|
|move|p2a: Grimmsnarl|Reflect|p2a: Grimmsnarl
|-sidestart|p2: p2|Reflect
|move|p1a: Rotom|Discharge|p2a: Grimmsnarl
|-damage|p2a: Grimmsnarl|69/100
|
|turn|2
|
|move|p1a: Rotom|Discharge|p2a: Grimmsnarl
|-damage|p2a: Grimmsnarl|38/100
|move|p2a: Grimmsnarl|Foul Play|p1a: Rotom
|-damage|p1a: Rotom|79/100
|
|turn|3
|
|move|p2a: Grimmsnarl|Parting Shot|p1a: Rotom
|-unboost|p1a: Rotom|atk|1
|-unboost|p1a: Rotom|spa|1
|
|switch|p2a: Walking Wake|Walking Wake|100/100|[from] Parting Shot
|-enditem|p2a: Walking Wake|Booster Energy
|-activate|p2a: Walking Wake|ability: Protosynthesis|[fromitem]
|-start|p2a: Walking Wake|protosynthesisspe
|move|p1a: Rotom|Discharge|p2a: Walking Wake
|-damage|p2a: Walking Wake|73/100
|
|turn|4
|
|move|p2a: Walking Wake|Hurricane|p1a: Rotom|[miss]
|-miss|p2a: Walking Wake|p1a: Rotom
|move|p1a: Rotom|Discharge|p2a: Walking Wake
|-damage|p2a: Walking Wake|45/100
|
|turn|5
|
|move|p2a: Walking Wake|Draco Meteor|p1a: Rotom
|-damage|p1a: Rotom|0 fnt
|-unboost|p2a: Walking Wake|spa|2
|faint|p1a: Rotom
|
|
|switch|p1a: Breloom|Breloom, M|100/100
|turn|6
|
|move|p2a: Walking Wake|Hurricane|p1a: Breloom
|-supereffective|p1a: Breloom
|-enditem|p1a: Breloom|Focus Sash
|-damage|p1a: Breloom|1/100
|move|p1a: Breloom|Spore|p2a: Walking Wake
|-status|p2a: Walking Wake|slp|[from] move: Spore
|
|turn|7
|
|-end|p2a: Walking Wake|Protosynthesis|[silent]
|switch|p2a: Armarouge|Armarouge, M, shiny|100/100
|move|p1a: Breloom|Bulldoze|p2a: Armarouge
|-supereffective|p2a: Armarouge
|-damage|p2a: Armarouge|66/100
|-unboost|p2a: Armarouge|spe|1
|-ability|p2a: Armarouge|Weak Armor|boost
|-unboost|p2a: Armarouge|def|1
|-boost|p2a: Armarouge|spe|2
|
|turn|8
|
|move|p2a: Armarouge|Armor Cannon|p1a: Breloom
|-supereffective|p1a: Breloom
|-damage|p1a: Breloom|0 fnt
|-unboost|p2a: Armarouge|def|1
|-unboost|p2a: Armarouge|spd|1
|faint|p1a: Breloom
|
|-sideend|p2: p2|Reflect
|
|switch|p1a: Glimmora|Glimmora, F|100/100
|turn|9
|
|switch|p2a: Walking Wake|Walking Wake|45/100 slp
|move|p1a: Glimmora|Power Gem|p2a: Walking Wake
|-damage|p2a: Walking Wake|0 fnt
|faint|p2a: Walking Wake
|-end|p2a: Walking Wake|Protosynthesis|[silent]
|
|
|switch|p2a: Armarouge|Armarouge, M, shiny|66/100
|turn|10
|
|move|p2a: Armarouge|Destiny Bond|p2a: Armarouge
|-singlemove|p2a: Armarouge|Destiny Bond
|move|p1a: Glimmora|Power Gem|p2a: Armarouge
|-supereffective|p2a: Armarouge
|-damage|p2a: Armarouge|0 fnt
|faint|p2a: Armarouge
|-activate|p2a: Armarouge|move: Destiny Bond
|faint|p1a: Glimmora
|
|
|switch|p1a: Cinderace|Cinderace, F|100/100
|switch|p2a: Garganacl|Garganacl, M, shiny|100/100
|turn|11
|
|-terastallize|p2a: Garganacl|Ghost
|move|p1a: Cinderace|High Jump Kick|p2a: Garganacl
|-start|p1a: Cinderace|typechange|Fighting|[from] ability: Libero
|-immune|p2a: Garganacl
|-damage|p1a: Cinderace|51/100|[from] highjumpkick
|move|p2a: Garganacl|Iron Defense|p2a: Garganacl
|-boost|p2a: Garganacl|def|2
|
|turn|12
|-message|p1 forfeited.
|
|win|p2
