# advantage = p1
|poke|p1|Pelipper, M|
|poke|p1|Cresselia, F|
|poke|p1|Ursaluna, F|
|poke|p1|Brambleghast, M|
|poke|p1|Basculegion-F, F|
|poke|p1|Dragonite, F|
|poke|p2|Torkoal, F|
|poke|p2|Lilligant-Hisui, F|
|poke|p2|Roaring Moon|
|poke|p2|Corviknight, F|
|poke|p2|Talonflame, M|
|poke|p2|Great Tusk|
|teampreview
|
|start
|switch|p1a: Pelipper|Pelipper, M|100/100
|switch|p2a: Corvigknight|Corviknight, F|100/100
|-weather|RainDance|[from] ability: Drizzle|[of] p1a: Pelipper
|turn|1
|
|move|p2a: Corvigknight|U-turn|p1a: Pelipper
|-resisted|p1a: Pelipper
|-damage|p1a: Pelipper|94/100
|
|switch|p2a: Torq|Torkoal, F|100/100|[from] U-turn
|-weather|SunnyDay|[from] ability: Drought|[of] p2a: Torq
|move|p1a: Pelipper|Knock Off|p2a: Torq
|-damage|p2a: Torq|90/100
|-enditem|p2a: Torq|Heat Rock|[from] move: Knock Off|[of] p1a: Pelipper
|
|-weather|SunnyDay|[upkeep]
|turn|2
|
|move|p1a: Pelipper|U-turn|p2a: Torq
|-resisted|p2a: Torq
|-damage|p2a: Torq|87/100
|
|switch|p1a: Cresselia|Cresselia, F|100/100|[from] U-turn
|move|p2a: Torq|Solar Beam||[still]
|-prepare|p2a: Torq|Solar Beam
|-anim|p2a: Torq|Solar Beam|p1a: Cresselia
|-damage|p1a: Cresselia|78/100
|
|-weather|SunnyDay|[upkeep]
|-heal|p1a: Cresselia|84/100|[from] item: Leftovers
|turn|3
|
|move|p2a: Torq|Yawn|p1a: Cresselia
|-start|p1a: Cresselia|move: Yawn|[of] p2a: Torq
|move|p1a: Cresselia|Trick Room|p1a: Cresselia
|-fieldstart|move: Trick Room|[of] p1a: Cresselia
|
|-weather|SunnyDay|[upkeep]
|-heal|p1a: Cresselia|90/100|[from] item: Leftovers
|turn|4
|
|switch|p1a: Pelipper|Pelipper, M|94/100
|-weather|RainDance|[from] ability: Drizzle|[of] p1a: Pelipper
|move|p2a: Torq|Solar Beam||[still]
|-prepare|p2a: Torq|Solar Beam
|
|-weather|RainDance|[upkeep]
|turn|5
|
|move|p2a: Torq|Solar Beam|p1a: Pelipper|[from]lockedmove
|-crit|p1a: Pelipper
|-damage|p1a: Pelipper|58/100
|move|p1a: Pelipper|Hurricane|p2a: Torq
|-damage|p2a: Torq|36/100
|
|-weather|RainDance|[upkeep]
|turn|6
|
|switch|p2a: Corvigknight|Corviknight, F|100/100
|switch|p1a: Ursaluna|Ursaluna, F|100/100
|
|-weather|RainDance|[upkeep]
|-status|p1a: Ursaluna|brn|[from] item: Flame Orb
|turn|7
|
|switch|p1a: Pelipper|Pelipper, M|58/100
|move|p2a: Corvigknight|Brave Bird|p1a: Pelipper
|-crit|p1a: Pelipper
|-damage|p1a: Pelipper|17/100
|-damage|p2a: Corvigknight|89/100|[from] Recoil
|
|-weather|RainDance|[upkeep]
|-fieldend|move: Trick Room
|turn|8
|
|switch|p1a: Dragonite|Dragonite, F, shiny|100/100
|move|p2a: Corvigknight|Brave Bird|p1a: Dragonite
|-damage|p1a: Dragonite|79/100
|-damage|p2a: Corvigknight|84/100|[from] Recoil
|
|-weather|RainDance|[upkeep]
|turn|9
|
|move|p1a: Dragonite|Thunder|p2a: Corvigknight
|-supereffective|p2a: Corvigknight
|-damage|p2a: Corvigknight|0 fnt
|faint|p2a: Corvigknight
|
|-weather|RainDance|[upkeep]
|
|switch|p2a: Lilligante|Lilligant-Hisui, F|100/100
|turn|10
|
|switch|p2a: Torq|Torkoal, F|36/100
|-weather|SunnyDay|[from] ability: Drought|[of] p2a: Torq
|move|p1a: Dragonite|Thunder|p2a: Torq|[miss]
|-miss|p1a: Dragonite|p2a: Torq
|
|-weather|SunnyDay|[upkeep]
|turn|11
|
|switch|p1a: Pelipper|Pelipper, M|17/100
|-weather|RainDance|[from] ability: Drizzle|[of] p1a: Pelipper
|switch|p2a: Lilligante|Lilligant-Hisui, F|100/100
|
|-weather|RainDance|[upkeep]
|turn|12
|
|switch|p1a: Dragonite|Dragonite, F, shiny|79/100
|move|p2a: Lilligante|Leaf Blade|p1a: Dragonite
|-resisted|p1a: Dragonite
|-crit|p1a: Dragonite
|-damage|p1a: Dragonite|55/100
|-damage|p2a: Lilligante|91/100|[from] item: Life Orb
|
|-weather|RainDance|[upkeep]
|turn|13
|
|move|p2a: Lilligante|Ice Spinner|p1a: Dragonite
|-supereffective|p1a: Dragonite
|-damage|p1a: Dragonite|0 fnt
|faint|p1a: Dragonite
|-damage|p2a: Lilligante|81/100|[from] item: Life Orb
|
|-weather|RainDance|[upkeep]
|
|switch|p1a: Basculegion|Basculegion-F, F|100/100
|turn|14
|
|move|p1a: Basculegion|Ice Beam|p2a: Lilligante
|-supereffective|p2a: Lilligante
|-damage|p2a: Lilligante|0 fnt
|faint|p2a: Lilligante
|
|-weather|RainDance|[upkeep]
|
|switch|p2a: Torq|Torkoal, F|36/100
|-weather|SunnyDay|[from] ability: Drought|[of] p2a: Torq
|turn|15
|
|switch|p1a: Cresselia|Cresselia, F|90/100
|switch|p2a: Moaring Roon|Roaring Moon|100/100
|-activate|p2a: Moaring Roon|ability: Protosynthesis
|-start|p2a: Moaring Roon|protosynthesisatk
|
|-weather|SunnyDay|[upkeep]
|-heal|p1a: Cresselia|96/100|[from] item: Leftovers
|turn|16
|
|-terastallize|p1a: Cresselia|Fairy
|move|p2a: Moaring Roon|Crunch|p1a: Cresselia
|-resisted|p1a: Cresselia
|-damage|p1a: Cresselia|73/100
|move|p1a: Cresselia|Dazzling Gleam|p2a: Moaring Roon
|-supereffective|p2a: Moaring Roon
|-damage|p2a: Moaring Roon|0 fnt
|faint|p2a: Moaring Roon
|-end|p2a: Moaring Roon|Protosynthesis|[silent]
|
|-weather|SunnyDay|[upkeep]
|-heal|p1a: Cresselia|79/100|[from] item: Leftovers
|
|switch|p2a: Talonflambe|Talonflame, M|100/100
|turn|17
|
|switch|p1a: Brambleghast|Brambleghast, M|100/100
|move|p2a: Talonflambe|Fire Blast|p1a: Brambleghast
|-supereffective|p1a: Brambleghast
|-enditem|p1a: Brambleghast|Focus Sash
|-damage|p1a: Brambleghast|1/100
|
|-weather|SunnyDay|[upkeep]
|turn|18
|
|move|p2a: Talonflambe|Fire Blast|p1a: Brambleghast
|-supereffective|p1a: Brambleghast
|-damage|p1a: Brambleghast|0 fnt
|faint|p1a: Brambleghast
|
|-weather|SunnyDay|[upkeep]
|
|switch|p1a: Pelipper|Pelipper, M|17/100
|-weather|RainDance|[from] ability: Drizzle|[of] p1a: Pelipper
|turn|19
|
|switch|p1a: Cresselia|Cresselia, F, tera:Fairy|79/100
|move|p2a: Talonflambe|Fire Blast|p1a: Cresselia
|-damage|p1a: Cresselia|62/100
|
|-weather|RainDance|[upkeep]
|-heal|p1a: Cresselia|68/100|[from] item: Leftovers
|turn|20
|
|switch|p2a: Torq|Torkoal, F|36/100
|-weather|SunnyDay|[from] ability: Drought|[of] p2a: Torq
|move|p1a: Cresselia|Trick Room|p1a: Cresselia
|-fieldstart|move: Trick Room|[of] p1a: Cresselia
|
|-weather|SunnyDay|[upkeep]
|-heal|p1a: Cresselia|74/100|[from] item: Leftovers
|turn|21
|
|move|p2a: Torq|Solar Beam||[still]
|-prepare|p2a: Torq|Solar Beam
|-anim|p2a: Torq|Solar Beam|p1a: Cresselia
|-damage|p1a: Cresselia|51/100
|move|p1a: Cresselia|Psyshock|p2a: Torq
|-damage|p2a: Torq|11/100
|
|-weather|SunnyDay|[upkeep]
|-heal|p1a: Cresselia|57/100|[from] item: Leftovers
|turn|22
|
|switch|p2a: Greg Tug|Great Tusk|100/100
|-activate|p2a: Greg Tug|ability: Protosynthesis
|-start|p2a: Greg Tug|protosynthesisatk
|move|p1a: Cresselia|Psyshock|p2a: Greg Tug
|-supereffective|p2a: Greg Tug
|-damage|p2a: Greg Tug|51/100
|
|-weather|SunnyDay|[upkeep]
|-heal|p1a: Cresselia|64/100|[from] item: Leftovers
|-heal|p2a: Greg Tug|58/100|[from] item: Leftovers
|turn|23
|
|move|p1a: Cresselia|Dazzling Gleam|p2a: Greg Tug
|-supereffective|p2a: Greg Tug
|-damage|p2a: Greg Tug|0 fnt
|faint|p2a: Greg Tug
|-end|p2a: Greg Tug|Protosynthesis|[silent]
|
|-weather|SunnyDay|[upkeep]
|-heal|p1a: Cresselia|70/100|[from] item: Leftovers
|
|switch|p2a: Torq|Torkoal, F|11/100
|turn|24
|
|move|p2a: Torq|Lava Plume|p1a: Cresselia
|-damage|p1a: Cresselia|37/100
|-status|p1a: Cresselia|brn
|move|p1a: Cresselia|Psyshock|p2a: Torq
|-crit|p2a: Torq
|-damage|p2a: Torq|0 fnt
|faint|p2a: Torq
|
|-weather|none
|-heal|p1a: Cresselia|43/100 brn|[from] item: Leftovers
|-damage|p1a: Cresselia|37/100 brn|[from] brn
|-fieldend|move: Trick Room
|
|switch|p2a: Talonflambe|Talonflame, M|100/100
|turn|25
|
|move|p2a: Talonflambe|Air Slash|p1a: Cresselia|[miss]
|-miss|p2a: Talonflambe|p1a: Cresselia
|move|p1a: Cresselia|Lunar Dance|p1a: Cresselia
|faint|p1a: Cresselia
|
|
|switch|p1a: Pelipper|Pelipper, M|17/100
|-heal|p1a: Pelipper|100/100|[from] move: Lunar Dance
|-weather|RainDance|[from] ability: Drizzle|[of] p1a: Pelipper
|turn|26
|
|move|p2a: Talonflambe|Air Slash|p1a: Pelipper
|-damage|p1a: Pelipper|39/100
|move|p1a: Pelipper|Knock Off|p2a: Talonflambe
|-damage|p2a: Talonflambe|82/100
|-enditem|p2a: Talonflambe|Choice Specs|[from] move: Knock Off|[of] p1a: Pelipper
|
|-weather|RainDance|[upkeep]
|turn|27
|
|move|p2a: Talonflambe|Air Slash|p1a: Pelipper
|-damage|p1a: Pelipper|1/100
|move|p1a: Pelipper|U-turn|p2a: Talonflambe
|-resisted|p2a: Talonflambe
|-damage|p2a: Talonflambe|79/100
|
|switch|p1a: Basculegion|Basculegion-F, F|100/100|[from] U-turn
|
|-weather|RainDance|[upkeep]
|turn|28
|
|move|p1a: Basculegion|Chilling Water|p2a: Talonflambe
|-supereffective|p2a: Talonflambe
|-damage|p2a: Talonflambe|0 fnt
|faint|p2a: Talonflambe
|
|win|p1
