# advantage = p1
|poke|p1|Magearna|
|poke|p1|Drifblim, F|
|poke|p1|Clodsire, F|
|poke|p1|Skeledirge, F|
|poke|p1|Toxapex, F|
|poke|p1|Blissey, F|
|poke|p2|Pelipper, M|
|poke|p2|Basculegion, M|
|poke|p2|Walking Wake|
|poke|p2|Thundurus-Therian, M|
|poke|p2|Scizor, F|
|poke|p2|Grimmsnarl, M|
|teampreview
|
|start
|switch|p1a: Toxapex|Toxapex, F|100/100
|switch|p2a: Grimmsnarl|Grimmsnarl, M|100/100
|turn|1
|
|move|p2a: Grimmsnarl|Thunder Wave|p1a: Toxapex
|-status|p1a: Toxapex|par
|move|p1a: Toxapex|Toxic|p2a: Grimmsnarl
|-status|p2a: Grimmsnarl|tox
|
|-damage|p2a: Grimmsnarl|94/100 tox|[from] psn
|turn|2
|
|move|p2a: Grimmsnarl|Light Screen|p2a: Grimmsnarl
|-sidestart|p2: p2|move: Light Screen
|move|p1a: Toxapex|Toxic Spikes|p2a: Grimmsnarl
|-sidestart|p2: p2|move: Toxic Spikes
|
|-damage|p2a: Grimmsnarl|82/100 tox|[from] psn
|turn|3
|
|move|p2a: Grimmsnarl|Reflect|p2a: Grimmsnarl
|-sidestart|p2: p2|Reflect
|move|p1a: Toxapex|Toxic Spikes|p2a: Grimmsnarl
|-sidestart|p2: p2|move: Toxic Spikes
|
|-damage|p2a: Grimmsnarl|64/100 tox|[from] psn
|turn|4
|
|move|p2a: Grimmsnarl|Parting Shot|p1a: Toxapex
|-unboost|p1a: Toxapex|atk|1
|-unboost|p1a: Toxapex|spa|1
|
|switch|p2a: Pelipper|Pelipper, M|100/100|[from] Parting Shot
|-weather|RainDance|[from] ability: Drizzle|[of] p2a: Pelipper
|move|p1a: Toxapex|Toxic|p2a: Pelipper
|-status|p2a: Pelipper|tox
|
|-weather|RainDance|[upkeep]
|-damage|p2a: Pelipper|94/100 tox|[from] psn
|turn|5
|
|switch|p1a: Blissey|Blissey, F|100/100
|move|p2a: Pelipper|U-turn|p1a: Blissey
|-damage|p1a: Blissey|81/100
|
|switch|p2a: Scizor|Scizor, F|100/100|[from] U-turn
|
|-weather|RainDance|[upkeep]
|turn|6
|
|switch|p1a: Drifblim|Drifblim, F|100/100
|move|p2a: Scizor|Defog|p1a: Drifblim
|-unboost|p1a: Drifblim|evasion|1
|-sideend|p2: p2|Toxic Spikes|[from] move: Defog|[of] p2a: Scizor
|
|-weather|RainDance|[upkeep]
|turn|7
|
|move|p1a: Drifblim|Will-O-Wisp|p2a: Scizor
|-status|p2a: Scizor|brn
|move|p2a: Scizor|Swords Dance|p2a: Scizor
|-boost|p2a: Scizor|atk|2
|
|-weather|RainDance|[upkeep]
|-damage|p2a: Scizor|94/100 brn|[from] brn
|turn|8
|
|switch|p1a: Skeledirge|Skeledirge, F|100/100
|switch|p2a: Thundurus|Thundurus-Therian, M|100/100
|
|-weather|RainDance|[upkeep]
|turn|9
|
|switch|p1a: Clodsire|Clodsire, F|100/100
|move|p2a: Thundurus|Nasty Plot|p2a: Thundurus
|-boost|p2a: Thundurus|spa|2
|
|-weather|RainDance|[upkeep]
|-sideend|p2: p2|move: Light Screen
|turn|10
|
|move|p2a: Thundurus|Grass Knot|p1a: Clodsire
|-damage|p1a: Clodsire|77/100
|move|p1a: Clodsire|Toxic|p2a: Thundurus
|-status|p2a: Thundurus|tox
|
|-weather|RainDance|[upkeep]
|-damage|p2a: Thundurus|94/100 tox|[from] psn
|-sideend|p2: p2|Reflect
|turn|11
|
|switch|p2a: Grimmsnarl|Grimmsnarl, M|64/100 tox
|move|p1a: Clodsire|Spikes|p2a: Grimmsnarl
|-sidestart|p2: p2|Spikes
|
|-weather|none
|-damage|p2a: Grimmsnarl|58/100 tox|[from] psn
|turn|12
|
|move|p2a: Grimmsnarl|Light Screen|p2a: Grimmsnarl
|-sidestart|p2: p2|move: Light Screen
|move|p1a: Clodsire|Spikes|p2a: Grimmsnarl
|-sidestart|p2: p2|Spikes
|
|-damage|p2a: Grimmsnarl|46/100 tox|[from] psn
|turn|13
|
|move|p2a: Grimmsnarl|Reflect|p2a: Grimmsnarl
|-sidestart|p2: p2|Reflect
|move|p1a: Clodsire|Spikes|p2a: Grimmsnarl
|-sidestart|p2: p2|Spikes
|
|-damage|p2a: Grimmsnarl|27/100 tox|[from] psn
|turn|14
|
|move|p2a: Grimmsnarl|Parting Shot|p1a: Clodsire
|-unboost|p1a: Clodsire|atk|1
|-unboost|p1a: Clodsire|spa|1
|
|switch|p2a: Scizor|Scizor, F|94/100 brn|[from] Parting Shot
|-damage|p2a: Scizor|69/100 brn|[from] Spikes
|move|p1a: Clodsire|Toxic||[still]
|-fail|p1a: Clodsire
|
|-heal|p2a: Scizor|75/100 brn|[from] item: Leftovers
|-damage|p2a: Scizor|69/100 brn|[from] brn
|turn|15
|
|switch|p1a: Skeledirge|Skeledirge, F|100/100
|move|p2a: Scizor|Defog|p1a: Skeledirge
|-unboost|p1a: Skeledirge|evasion|1
|-sideend|p2: p2|Spikes|[from] move: Defog|[of] p2a: Scizor
|
|-heal|p2a: Scizor|75/100 brn|[from] item: Leftovers
|-damage|p2a: Scizor|69/100 brn|[from] brn
|turn|16
|
|switch|p2a: Pelipper|Pelipper, M|94/100 tox
|-weather|RainDance|[from] ability: Drizzle|[of] p2a: Pelipper
|move|p1a: Skeledirge|Torch Song|p2a: Pelipper
|-resisted|p2a: Pelipper
|-crit|p2a: Pelipper
|-damage|p2a: Pelipper|78/100 tox
|-boost|p1a: Skeledirge|spa|1
|
|-weather|RainDance|[upkeep]
|-damage|p2a: Pelipper|71/100 tox|[from] psn
|turn|17
|
|switch|p1a: Blissey|Blissey, F|81/100
|move|p2a: Pelipper|U-turn|p1a: Blissey
|-damage|p1a: Blissey|62/100
|
|switch|p2a: Basculegion|Basculegion, M|100/100|[from] U-turn
|
|-weather|RainDance|[upkeep]
|turn|18
|
|switch|p1a: Toxapex|Toxapex, F|100/100 par
|move|p2a: Basculegion|Wave Crash|p1a: Toxapex
|-resisted|p1a: Toxapex
|-damage|p1a: Toxapex|57/100 par
|-damage|p2a: Basculegion|89/100|[from] Recoil
|
|-weather|RainDance|[upkeep]
|turn|19
|
|-terastallize|p2a: Basculegion|Water
|move|p2a: Basculegion|Wave Crash|p1a: Toxapex
|-resisted|p1a: Toxapex
|-damage|p1a: Toxapex|3/100 par
|-damage|p2a: Basculegion|75/100|[from] Recoil
|move|p1a: Toxapex|Recover|p1a: Toxapex
|-heal|p1a: Toxapex|53/100 par
|
|-weather|RainDance|[upkeep]
|-sideend|p2: p2|move: Light Screen
|turn|20
|
|switch|p1a: Drifblim|Drifblim, F|100/100
|move|p2a: Basculegion|Wave Crash|p1a: Drifblim
|-crit|p1a: Drifblim
|-damage|p1a: Drifblim|0 fnt
|-damage|p2a: Basculegion|50/100|[from] ability: Aftermath|[of] p1a: Drifblim
|faint|p1a: Drifblim
|-damage|p2a: Basculegion|7/100|[from] Recoil
|
|-weather|RainDance|[upkeep]
|-sideend|p2: p2|Reflect
|
|switch|p1a: Toxapex|Toxapex, F|87/100 par
|turn|21
|
|switch|p2a: Grimmsnarl|Grimmsnarl, M|27/100 tox
|move|p1a: Toxapex|Recover|p1a: Toxapex
|-heal|p1a: Toxapex|100/100 par
|
|-weather|RainDance|[upkeep]
|-damage|p2a: Grimmsnarl|21/100 tox|[from] psn
|turn|22
|
|switch|p1a: Blissey|Blissey, F|62/100
|move|p2a: Grimmsnarl|Parting Shot|p1a: Blissey
|-unboost|p1a: Blissey|atk|1
|-unboost|p1a: Blissey|spa|1
|
|switch|p2a: Basculegion|Basculegion, M, tera:Water|7/100|[from] Parting Shot
|
|-weather|RainDance|[upkeep]
|turn|23
|
|switch|p1a: Toxapex|Toxapex, F|100/100 par
|move|p2a: Basculegion|Psychic Fangs|p1a: Toxapex
|-supereffective|p1a: Toxapex
|-damage|p1a: Toxapex|46/100 par
|
|-weather|none
|turn|24
|
|switch|p1a: Magearna|Magearna|100/100
|move|p2a: Basculegion|Psychic Fangs|p1a: Magearna
|-resisted|p1a: Magearna
|-damage|p1a: Magearna|87/100
|
|turn|25
|
|switch|p2a: Pelipper|Pelipper, M|71/100 tox
|-weather|RainDance|[from] ability: Drizzle|[of] p2a: Pelipper
|move|p1a: Magearna|Volt Switch|p2a: Pelipper
|-supereffective|p2a: Pelipper
|-damage|p2a: Pelipper|0 fnt
|faint|p2a: Pelipper
|-ability|p1a: Magearna|Soul-Heart|boost
|-boost|p1a: Magearna|spa|1
|
|switch|p1a: Toxapex|Toxapex, F|80/100 par|[from] Volt Switch
|
|-weather|RainDance|[upkeep]
|
|switch|p2a: Thundurus|Thundurus-Therian, M|94/100 tox
|turn|26
|
|switch|p2a: Walking Wake|Walking Wake|100/100
|-enditem|p2a: Walking Wake|Booster Energy
|-activate|p2a: Walking Wake|ability: Protosynthesis|[fromitem]
|-start|p2a: Walking Wake|protosynthesisspe
|switch|p1a: Clodsire|Clodsire, F|77/100
|
|-weather|RainDance|[upkeep]
|turn|27
|
|switch|p1a: Toxapex|Toxapex, F|100/100 par
|move|p2a: Walking Wake|Hydro Steam|p1a: Toxapex
|-resisted|p1a: Toxapex
|-damage|p1a: Toxapex|75/100 par
|
|-weather|RainDance|[upkeep]
|turn|28
|
|switch|p1a: Magearna|Magearna|87/100
|move|p2a: Walking Wake|Dragon Pulse|p1a: Magearna
|-immune|p1a: Magearna
|
|-weather|RainDance|[upkeep]
|turn|29
|
|switch|p1a: Toxapex|Toxapex, F|100/100 par
|move|p2a: Walking Wake|Hydro Steam|p1a: Toxapex
|-resisted|p1a: Toxapex
|-damage|p1a: Toxapex|74/100 par
|
|-weather|RainDance|[upkeep]
|turn|30
|
|move|p2a: Walking Wake|Hydro Steam|p1a: Toxapex
|-resisted|p1a: Toxapex
|-damage|p1a: Toxapex|48/100 par
|move|p1a: Toxapex|Toxic|p2a: Walking Wake
|-status|p2a: Walking Wake|tox
|
|-weather|RainDance|[upkeep]
|-damage|p2a: Walking Wake|94/100 tox|[from] psn
|turn|31
|
|switch|p1a: Magearna|Magearna|87/100
|move|p2a: Walking Wake|Hydro Steam|p1a: Magearna
|-damage|p1a: Magearna|32/100
|
|-weather|RainDance|[upkeep]
|-damage|p2a: Walking Wake|82/100 tox|[from] psn
|turn|32
|
|move|p2a: Walking Wake|Hydro Steam|p1a: Magearna
|-damage|p1a: Magearna|0 fnt
|faint|p1a: Magearna
|
|-weather|none
|-damage|p2a: Walking Wake|63/100 tox|[from] psn
|
|switch|p1a: Blissey|Blissey, F|62/100
|turn|33
|
|-end|p2a: Walking Wake|Protosynthesis|[silent]
|switch|p2a: Grimmsnarl|Grimmsnarl, M|21/100 tox
|move|p1a: Blissey|Soft-Boiled|p1a: Blissey
|-heal|p1a: Blissey|100/100
|
|-damage|p2a: Grimmsnarl|15/100 tox|[from] psn
|turn|34
|
|move|p2a: Grimmsnarl|Thunder Wave|p1a: Blissey
|-status|p1a: Blissey|par
|move|p1a: Blissey|Heal Bell|p1a: Blissey
|-activate|p1a: Blissey|move: Heal Bell
|-curestatus|p1a: Blissey|par|[msg]
|-curestatus|p1: Toxapex|par|[msg]
|
|-damage|p2a: Grimmsnarl|3/100 tox|[from] psn
|turn|35
|
|move|p2a: Grimmsnarl|Light Screen|p2a: Grimmsnarl
|-sidestart|p2: p2|move: Light Screen
|move|p1a: Blissey|Stealth Rock|p2a: Grimmsnarl
|-sidestart|p2: p2|move: Stealth Rock
|
|-damage|p2a: Grimmsnarl|0 fnt|[from] psn
|faint|p2a: Grimmsnarl
|
|switch|p2a: Scizor|Scizor, F|69/100 brn
|-damage|p2a: Scizor|57/100 brn|[from] Stealth Rock
|turn|36
|
|switch|p1a: Skeledirge|Skeledirge, F|100/100
|move|p2a: Scizor|Defog|p1a: Skeledirge
|-unboost|p1a: Skeledirge|evasion|1
|-sideend|p2: p2|Stealth Rock|[from] move: Defog|[of] p2a: Scizor
|
|-heal|p2a: Scizor|63/100 brn|[from] item: Leftovers
|-damage|p2a: Scizor|57/100 brn|[from] brn
|turn|37
|
|switch|p2a: Thundurus|Thundurus-Therian, M|94/100 tox
|move|p1a: Skeledirge|Torch Song|p2a: Thundurus
|-damage|p2a: Thundurus|74/100 tox
|-boost|p1a: Skeledirge|spa|1
|
|-damage|p2a: Thundurus|68/100 tox|[from] psn
|turn|38
|
|switch|p1a: Clodsire|Clodsire, F|77/100
|move|p2a: Thundurus|Dark Pulse|p1a: Clodsire
|-damage|p1a: Clodsire|62/100
|
|-damage|p2a: Thundurus|57/100 tox|[from] psn
|turn|39
|
|switch|p2a: Basculegion|Basculegion, M, tera:Water|7/100
|move|p1a: Clodsire|Recover|p1a: Clodsire
|-heal|p1a: Clodsire|100/100
|
|turn|40
|
|switch|p1a: Skeledirge|Skeledirge, F|100/100
|move|p2a: Basculegion|Wave Crash|p1a: Skeledirge
|-supereffective|p1a: Skeledirge
|-damage|p1a: Skeledirge|0 fnt
|faint|p1a: Skeledirge
|-damage|p2a: Basculegion|0 fnt|[from] Recoil
|faint|p2a: Basculegion
|
|
|switch|p2a: Scizor|Scizor, F|57/100 brn
|switch|p1a: Blissey|Blissey, F|100/100
|turn|41
|
|switch|p1a: Toxapex|Toxapex, F|81/100
|move|p2a: Scizor|Swords Dance|p2a: Scizor
|-boost|p2a: Scizor|atk|2
|
|-heal|p2a: Scizor|63/100 brn|[from] item: Leftovers
|-damage|p2a: Scizor|57/100 brn|[from] brn
|turn|42
|
|move|p2a: Scizor|Swords Dance|p2a: Scizor
|-boost|p2a: Scizor|atk|2
|move|p1a: Toxapex|Haze|p1a: Toxapex
|-clearallboost
|
|-heal|p2a: Scizor|63/100 brn|[from] item: Leftovers
|-damage|p2a: Scizor|57/100 brn|[from] brn
|-sideend|p2: p2|move: Light Screen
|turn|43
|
|move|p2a: Scizor|Swords Dance|p2a: Scizor
|-boost|p2a: Scizor|atk|2
|move|p1a: Toxapex|Haze|p1a: Toxapex
|-clearallboost
|
|-heal|p2a: Scizor|63/100 brn|[from] item: Leftovers
|-damage|p2a: Scizor|57/100 brn|[from] brn
|turn|44
|
|switch|p2a: Thundurus|Thundurus-Therian, M|57/100 tox
|move|p1a: Toxapex|Haze|p1a: Toxapex
|-clearallboost
|
|-damage|p2a: Thundurus|50/100 tox|[from] psn
|turn|45
|
|switch|p1a: Clodsire|Clodsire, F|100/100
|move|p2a: Thundurus|Nasty Plot|p2a: Thundurus
|-boost|p2a: Thundurus|spa|2
|
|-damage|p2a: Thundurus|38/100 tox|[from] psn
|turn|46
|
|move|p2a: Thundurus|Grass Knot|p1a: Clodsire
|-damage|p1a: Clodsire|78/100
|move|p1a: Clodsire|Spikes|p2a: Thundurus
|-sidestart|p2: p2|Spikes
|
|-damage|p2a: Thundurus|20/100 tox|[from] psn
|turn|47
|
|move|p2a: Thundurus|Grass Knot|p1a: Clodsire
|-damage|p1a: Clodsire|54/100
|move|p1a: Clodsire|Spikes|p2a: Thundurus
|-sidestart|p2: p2|Spikes
|
|-damage|p2a: Thundurus|0 fnt|[from] psn
|faint|p2a: Thundurus
|
|switch|p2a: Walking Wake|Walking Wake|63/100 tox
|-damage|p2a: Walking Wake|47/100 tox|[from] Spikes
|turn|48
|
|switch|p1a: Blissey|Blissey, F|100/100
|move|p2a: Walking Wake|Hydro Steam|p1a: Blissey
|-damage|p1a: Blissey|90/100
|
|-damage|p2a: Walking Wake|41/100 tox|[from] psn
|turn|49
|
|move|p2a: Walking Wake|Dragon Pulse|p1a: Blissey
|-damage|p1a: Blissey|79/100
|move|p1a: Blissey|Stealth Rock|p2a: Walking Wake
|-sidestart|p2: p2|move: Stealth Rock
|
|-damage|p2a: Walking Wake|28/100 tox|[from] psn
|turn|50
|
|move|p2a: Walking Wake|Hydro Steam|p1a: Blissey
|-damage|p1a: Blissey|67/100
|move|p1a: Blissey|Soft-Boiled|p1a: Blissey
|-heal|p1a: Blissey|100/100
|
|-damage|p2a: Walking Wake|10/100 tox|[from] psn
|turn|51
|
|switch|p1a: Toxapex|Toxapex, F|100/100
|move|p2a: Walking Wake|Draco Meteor|p1a: Toxapex
|-damage|p1a: Toxapex|43/100
|-unboost|p2a: Walking Wake|spa|2
|
|-damage|p2a: Walking Wake|0 fnt|[from] psn
|faint|p2a: Walking Wake
|-end|p2a: Walking Wake|Protosynthesis|[silent]
|
|switch|p2a: Scizor|Scizor, F|57/100 brn
|-damage|p2a: Scizor|40/100 brn|[from] Spikes
|-damage|p2a: Scizor|28/100 brn|[from] Stealth Rock
|turn|52
|
|move|p2a: Scizor|Swords Dance|p2a: Scizor
|-boost|p2a: Scizor|atk|2
|move|p1a: Toxapex|Haze|p1a: Toxapex
|-clearallboost
|
|-heal|p2a: Scizor|34/100 brn|[from] item: Leftovers
|-damage|p2a: Scizor|28/100 brn|[from] brn
|turn|53
|
|move|p2a: Scizor|Close Combat|p1a: Toxapex
|-resisted|p1a: Toxapex
|-damage|p1a: Toxapex|36/100
|-unboost|p2a: Scizor|def|1
|-unboost|p2a: Scizor|spd|1
|move|p1a: Toxapex|Haze|p1a: Toxapex
|-clearallboost
|
|-heal|p2a: Scizor|34/100 brn|[from] item: Leftovers
|-damage|p2a: Scizor|28/100 brn|[from] brn
|turn|54
|
|move|p2a: Scizor|Bullet Punch|p1a: Toxapex
|-resisted|p1a: Toxapex
|-damage|p1a: Toxapex|31/100
|move|p1a: Toxapex|Recover|p1a: Toxapex
|-heal|p1a: Toxapex|81/100
|
|-heal|p2a: Scizor|34/100 brn|[from] item: Leftovers
|-damage|p2a: Scizor|28/100 brn|[from] brn
|turn|55
|
|move|p2a: Scizor|Swords Dance|p2a: Scizor
|-boost|p2a: Scizor|atk|2
|move|p1a: Toxapex|Haze|p1a: Toxapex
|-clearallboost
|
|-heal|p2a: Scizor|34/100 brn|[from] item: Leftovers
|-damage|p2a: Scizor|28/100 brn|[from] brn
|turn|56
|
|move|p2a: Scizor|Bullet Punch|p1a: Toxapex
|-resisted|p1a: Toxapex
|-damage|p1a: Toxapex|76/100
|move|p1a: Toxapex|Haze|p1a: Toxapex
|-clearallboost
|
|-heal|p2a: Scizor|34/100 brn|[from] item: Leftovers
|-damage|p2a: Scizor|28/100 brn|[from] brn
|turn|57
|
|move|p2a: Scizor|Bullet Punch|p1a: Toxapex
|-resisted|p1a: Toxapex
|-damage|p1a: Toxapex|71/100
|move|p1a: Toxapex|Haze|p1a: Toxapex
|-clearallboost
|
|-heal|p2a: Scizor|34/100 brn|[from] item: Leftovers
|-damage|p2a: Scizor|28/100 brn|[from] brn
|turn|58
|
|move|p2a: Scizor|Bullet Punch|p1a: Toxapex
|-resisted|p1a: Toxapex
|-damage|p1a: Toxapex|66/100
|move|p1a: Toxapex|Toxic Spikes|p2a: Scizor
|-sidestart|p2: p2|move: Toxic Spikes
|
|-heal|p2a: Scizor|34/100 brn|[from] item: Leftovers
|-damage|p2a: Scizor|28/100 brn|[from] brn
|turn|59
|
|move|p2a: Scizor|Swords Dance|p2a: Scizor
|-boost|p2a: Scizor|atk|2
|move|p1a: Toxapex|Haze|p1a: Toxapex
|-clearallboost
|
|-heal|p2a: Scizor|34/100 brn|[from] item: Leftovers
|-damage|p2a: Scizor|28/100 brn|[from] brn
|turn|60
|
|move|p2a: Scizor|Bullet Punch|p1a: Toxapex
|-resisted|p1a: Toxapex
|-damage|p1a: Toxapex|61/100
|move|p1a: Toxapex|Haze|p1a: Toxapex
|-clearallboost
|
|-heal|p2a: Scizor|34/100 brn|[from] item: Leftovers
|-damage|p2a: Scizor|28/100 brn|[from] brn
|turn|61
|
|move|p2a: Scizor|Bullet Punch|p1a: Toxapex
|-resisted|p1a: Toxapex
|-damage|p1a: Toxapex|56/100
|move|p1a: Toxapex|Haze|p1a: Toxapex
|-clearallboost
|
|-heal|p2a: Scizor|34/100 brn|[from] item: Leftovers
|-damage|p2a: Scizor|28/100 brn|[from] brn
|turn|62
|
|move|p2a: Scizor|Bullet Punch|p1a: Toxapex
|-resisted|p1a: Toxapex
|-damage|p1a: Toxapex|51/100
|move|p1a: Toxapex|Recover|p1a: Toxapex
|-heal|p1a: Toxapex|100/100
|
|-heal|p2a: Scizor|34/100 brn|[from] item: Leftovers
|-damage|p2a: Scizor|28/100 brn|[from] brn
|turn|63
|
|move|p2a: Scizor|Bullet Punch|p1a: Toxapex
|-resisted|p1a: Toxapex
|-damage|p1a: Toxapex|95/100
|move|p1a: Toxapex|Toxic Spikes|p2a: Scizor
|-sidestart|p2: p2|move: Toxic Spikes
|
|-heal|p2a: Scizor|34/100 brn|[from] item: Leftovers
|-damage|p2a: Scizor|28/100 brn|[from] brn
|turn|64
|
|move|p2a: Scizor|Defog|p1a: Toxapex
|-unboost|p1a: Toxapex|evasion|1
|-sideend|p2: p2|Spikes|[from] move: Defog|[of] p2a: Scizor
|-sideend|p2: p2|Toxic Spikes|[from] move: Defog|[of] p2a: Scizor
|-sideend|p2: p2|Stealth Rock|[from] move: Defog|[of] p2a: Scizor
|move|p1a: Toxapex|Toxic Spikes|p2a: Scizor
|-sidestart|p2: p2|move: Toxic Spikes
|
|-heal|p2a: Scizor|34/100 brn|[from] item: Leftovers
|-damage|p2a: Scizor|28/100 brn|[from] brn
|turn|65
|
|move|p2a: Scizor|Bullet Punch|p1a: Toxapex
|-resisted|p1a: Toxapex
|-damage|p1a: Toxapex|90/100
|move|p1a: Toxapex|Toxic Spikes|p2a: Scizor
|-sidestart|p2: p2|move: Toxic Spikes
|
|-heal|p2a: Scizor|34/100 brn|[from] item: Leftovers
|-damage|p2a: Scizor|28/100 brn|[from] brn
|turn|66
|
|move|p2a: Scizor|Swords Dance|p2a: Scizor
|-boost|p2a: Scizor|atk|2
|move|p1a: Toxapex|Toxic Spikes||[still]
|-fail|p1a: Toxapex
|
|-heal|p2a: Scizor|34/100 brn|[from] item: Leftovers
|-damage|p2a: Scizor|28/100 brn|[from] brn
|turn|67
|
|move|p2a: Scizor|Close Combat|p1a: Toxapex
|-resisted|p1a: Toxapex
|-damage|p1a: Toxapex|75/100
|-unboost|p2a: Scizor|def|1
|-unboost|p2a: Scizor|spd|1
|move|p1a: Toxapex|Haze|p1a: Toxapex
|-clearallboost
|
|-heal|p2a: Scizor|34/100 brn|[from] item: Leftovers
|-damage|p2a: Scizor|28/100 brn|[from] brn
|turn|68
|
|move|p2a: Scizor|Bullet Punch|p1a: Toxapex
|-resisted|p1a: Toxapex
|-damage|p1a: Toxapex|70/100
|move|p1a: Toxapex|Toxic||[still]
|-fail|p1a: Toxapex
|
|-heal|p2a: Scizor|34/100 brn|[from] item: Leftovers
|-damage|p2a: Scizor|28/100 brn|[from] brn
|turn|69
|
|move|p2a: Scizor|Swords Dance|p2a: Scizor
|-boost|p2a: Scizor|atk|2
|move|p1a: Toxapex|Toxic||[still]
|-fail|p1a: Toxapex
|
|-heal|p2a: Scizor|34/100 brn|[from] item: Leftovers
|-damage|p2a: Scizor|28/100 brn|[from] brn
|turn|70
|
|move|p2a: Scizor|Close Combat|p1a: Toxapex
|-resisted|p1a: Toxapex
|-damage|p1a: Toxapex|57/100
|-unboost|p2a: Scizor|def|1
|-unboost|p2a: Scizor|spd|1
|move|p1a: Toxapex|Haze|p1a: Toxapex
|-clearallboost
|
|-heal|p2a: Scizor|34/100 brn|[from] item: Leftovers
|-damage|p2a: Scizor|28/100 brn|[from] brn
|turn|71
|
|move|p2a: Scizor|Bullet Punch|p1a: Toxapex
|-resisted|p1a: Toxapex
|-damage|p1a: Toxapex|52/100
|move|p1a: Toxapex|Toxic||[still]
|-fail|p1a: Toxapex
|
|-heal|p2a: Scizor|34/100 brn|[from] item: Leftovers
|-damage|p2a: Scizor|28/100 brn|[from] brn
|turn|72
|
|move|p2a: Scizor|Defog|p1a: Toxapex
|-unboost|p1a: Toxapex|evasion|1
|-sideend|p2: p2|Toxic Spikes|[from] move: Defog|[of] p2a: Scizor
|move|p1a: Toxapex|Toxic||[still]
|-fail|p1a: Toxapex
|
|-heal|p2a: Scizor|34/100 brn|[from] item: Leftovers
|-damage|p2a: Scizor|28/100 brn|[from] brn
|turn|73
|
|move|p2a: Scizor|Bullet Punch|p1a: Toxapex
|-resisted|p1a: Toxapex
|-damage|p1a: Toxapex|46/100
|move|p1a: Toxapex|Toxic||[still]
|-fail|p1a: Toxapex
|
|-heal|p2a: Scizor|34/100 brn|[from] item: Leftovers
|-damage|p2a: Scizor|28/100 brn|[from] brn
|turn|74
|
|move|p2a: Scizor|Swords Dance|p2a: Scizor
|-boost|p2a: Scizor|atk|2
|move|p1a: Toxapex|Recover|p1a: Toxapex
|-heal|p1a: Toxapex|97/100
|
|-heal|p2a: Scizor|34/100 brn|[from] item: Leftovers
|-damage|p2a: Scizor|28/100 brn|[from] brn
|turn|75
|
|move|p2a: Scizor|Bullet Punch|p1a: Toxapex
|-resisted|p1a: Toxapex
|-damage|p1a: Toxapex|87/100
|move|p1a: Toxapex|Haze|p1a: Toxapex
|-clearallboost
|
|-heal|p2a: Scizor|34/100 brn|[from] item: Leftovers
|-damage|p2a: Scizor|28/100 brn|[from] brn
|turn|76
|
|move|p2a: Scizor|Defog|p1a: Toxapex
|-unboost|p1a: Toxapex|evasion|1
|move|p1a: Toxapex|Toxic||[still]
|-fail|p1a: Toxapex
|
|-heal|p2a: Scizor|34/100 brn|[from] item: Leftovers
|-damage|p2a: Scizor|28/100 brn|[from] brn
|turn|77
|
|move|p2a: Scizor|Defog|p1a: Toxapex
|-unboost|p1a: Toxapex|evasion|1
|move|p1a: Toxapex|Toxic||[still]
|-fail|p1a: Toxapex
|
|-heal|p2a: Scizor|34/100 brn|[from] item: Leftovers
|-damage|p2a: Scizor|28/100 brn|[from] brn
|turn|78
|
|move|p2a: Scizor|Swords Dance|p2a: Scizor
|-boost|p2a: Scizor|atk|2
|move|p1a: Toxapex|Toxic||[still]
|-fail|p1a: Toxapex
|
|-heal|p2a: Scizor|34/100 brn|[from] item: Leftovers
|-damage|p2a: Scizor|28/100 brn|[from] brn
|turn|79
|
|move|p2a: Scizor|Bullet Punch|p1a: Toxapex
|-resisted|p1a: Toxapex
|-damage|p1a: Toxapex|76/100
|move|p1a: Toxapex|Haze|p1a: Toxapex
|-clearallboost
|
|-heal|p2a: Scizor|34/100 brn|[from] item: Leftovers
|-damage|p2a: Scizor|28/100 brn|[from] brn
|turn|80
|
|move|p2a: Scizor|Bullet Punch|p1a: Toxapex
|-resisted|p1a: Toxapex
|-damage|p1a: Toxapex|72/100
|move|p1a: Toxapex|Toxic||[still]
|-fail|p1a: Toxapex
|
|-heal|p2a: Scizor|34/100 brn|[from] item: Leftovers
|-damage|p2a: Scizor|28/100 brn|[from] brn
|turn|81
|
|move|p2a: Scizor|Bullet Punch|p1a: Toxapex
|-resisted|p1a: Toxapex
|-damage|p1a: Toxapex|67/100
|move|p1a: Toxapex|Toxic||[still]
|-fail|p1a: Toxapex
|
|-heal|p2a: Scizor|34/100 brn|[from] item: Leftovers
|-damage|p2a: Scizor|28/100 brn|[from] brn
|turn|82
|
|move|p2a: Scizor|Close Combat|p1a: Toxapex
|-resisted|p1a: Toxapex
|-damage|p1a: Toxapex|60/100
|-unboost|p2a: Scizor|def|1
|-unboost|p2a: Scizor|spd|1
|move|p1a: Toxapex|Toxic||[still]
|-fail|p1a: Toxapex
|
|-heal|p2a: Scizor|34/100 brn|[from] item: Leftovers
|-damage|p2a: Scizor|28/100 brn|[from] brn
|turn|83
|
|move|p2a: Scizor|Swords Dance|p2a: Scizor
|-boost|p2a: Scizor|atk|2
|move|p1a: Toxapex|Toxic||[still]
|-fail|p1a: Toxapex
|
|-heal|p2a: Scizor|34/100 brn|[from] item: Leftovers
|-damage|p2a: Scizor|28/100 brn|[from] brn
|turn|84
|
|move|p2a: Scizor|Bullet Punch|p1a: Toxapex
|-resisted|p1a: Toxapex
|-damage|p1a: Toxapex|49/100
|move|p1a: Toxapex|Haze|p1a: Toxapex
|-clearallboost
|
|-heal|p2a: Scizor|34/100 brn|[from] item: Leftovers
|-damage|p2a: Scizor|28/100 brn|[from] brn
|turn|85
|
|move|p2a: Scizor|Swords Dance|p2a: Scizor
|-boost|p2a: Scizor|atk|2
|move|p1a: Toxapex|Recover|p1a: Toxapex
|-heal|p1a: Toxapex|99/100
|
|-heal|p2a: Scizor|34/100 brn|[from] item: Leftovers
|-damage|p2a: Scizor|28/100 brn|[from] brn
|turn|86
|
|move|p2a: Scizor|Bullet Punch|p1a: Toxapex
|-resisted|p1a: Toxapex
|-crit|p1a: Toxapex
|-damage|p1a: Toxapex|83/100
|move|p1a: Toxapex|Haze|p1a: Toxapex
|-clearallboost
|
|-heal|p2a: Scizor|34/100 brn|[from] item: Leftovers
|-damage|p2a: Scizor|28/100 brn|[from] brn
|turn|87
|
|move|p2a: Scizor|Bullet Punch|p1a: Toxapex
|-resisted|p1a: Toxapex
|-damage|p1a: Toxapex|78/100
|move|p1a: Toxapex|Toxic||[still]
|-fail|p1a: Toxapex
|
|-heal|p2a: Scizor|34/100 brn|[from] item: Leftovers
|-damage|p2a: Scizor|28/100 brn|[from] brn
|turn|88
|
|move|p2a: Scizor|Close Combat|p1a: Toxapex
|-resisted|p1a: Toxapex
|-damage|p1a: Toxapex|71/100
|-unboost|p2a: Scizor|def|1
|-unboost|p2a: Scizor|spd|1
|move|p1a: Toxapex|Toxic Spikes|p2a: Scizor
|-sidestart|p2: p2|move: Toxic Spikes
|
|-heal|p2a: Scizor|34/100 brn|[from] item: Leftovers
|-damage|p2a: Scizor|28/100 brn|[from] brn
|turn|89
|
|move|p2a: Scizor|Defog|p1a: Toxapex
|-unboost|p1a: Toxapex|evasion|1
|-sideend|p2: p2|Toxic Spikes|[from] move: Defog|[of] p2a: Scizor
|move|p1a: Toxapex|Toxic Spikes|p2a: Scizor
|-sidestart|p2: p2|move: Toxic Spikes
|
|-heal|p2a: Scizor|34/100 brn|[from] item: Leftovers
|-damage|p2a: Scizor|28/100 brn|[from] brn
|turn|90
|
|move|p2a: Scizor|Bullet Punch|p1a: Toxapex
|-resisted|p1a: Toxapex
|-damage|p1a: Toxapex|66/100
|move|p1a: Toxapex|Toxic Spikes|p2a: Scizor
|-sidestart|p2: p2|move: Toxic Spikes
|
|-heal|p2a: Scizor|34/100 brn|[from] item: Leftovers
|-damage|p2a: Scizor|28/100 brn|[from] brn
|turn|91
|
|move|p2a: Scizor|Swords Dance|p2a: Scizor
|-boost|p2a: Scizor|atk|2
|move|p1a: Toxapex|Toxic Spikes||[still]
|-fail|p1a: Toxapex
|
|-heal|p2a: Scizor|34/100 brn|[from] item: Leftovers
|-damage|p2a: Scizor|28/100 brn|[from] brn
|turn|92
|
|move|p2a: Scizor|Bullet Punch|p1a: Toxapex
|-resisted|p1a: Toxapex
|-damage|p1a: Toxapex|55/100
|move|p1a: Toxapex|Haze|p1a: Toxapex
|-clearallboost
|
|-heal|p2a: Scizor|34/100 brn|[from] item: Leftovers
|-damage|p2a: Scizor|28/100 brn|[from] brn
|turn|93
|
|move|p2a: Scizor|Bullet Punch|p1a: Toxapex
|-resisted|p1a: Toxapex
|-damage|p1a: Toxapex|50/100
|move|p1a: Toxapex|Toxic Spikes||[still]
|-fail|p1a: Toxapex
|
|-heal|p2a: Scizor|34/100 brn|[from] item: Leftovers
|-damage|p2a: Scizor|28/100 brn|[from] brn
|turn|94
|
|move|p2a: Scizor|Bullet Punch|p1a: Toxapex
|-resisted|p1a: Toxapex
|-damage|p1a: Toxapex|45/100
|move|p1a: Toxapex|Toxic Spikes||[still]
|-fail|p1a: Toxapex
|
|-heal|p2a: Scizor|34/100 brn|[from] item: Leftovers
|-damage|p2a: Scizor|28/100 brn|[from] brn
|turn|95
|
|move|p2a: Scizor|Bullet Punch|p1a: Toxapex
|-resisted|p1a: Toxapex
|-damage|p1a: Toxapex|40/100
|move|p1a: Toxapex|Recover|p1a: Toxapex
|-heal|p1a: Toxapex|90/100
|
|-heal|p2a: Scizor|34/100 brn|[from] item: Leftovers
|-damage|p2a: Scizor|28/100 brn|[from] brn
|turn|96
|
|move|p2a: Scizor|Defog|p1a: Toxapex
|-unboost|p1a: Toxapex|evasion|1
|-sideend|p2: p2|Toxic Spikes|[from] move: Defog|[of] p2a: Scizor
|move|p1a: Toxapex|Toxic Spikes|p2a: Scizor
|-sidestart|p2: p2|move: Toxic Spikes
|
|-heal|p2a: Scizor|34/100 brn|[from] item: Leftovers
|-damage|p2a: Scizor|28/100 brn|[from] brn
|turn|97
|
|move|p2a: Scizor|Swords Dance|p2a: Scizor
|-boost|p2a: Scizor|atk|2
|move|p1a: Toxapex|Toxic Spikes|p2a: Scizor
|-sidestart|p2: p2|move: Toxic Spikes
|
|-heal|p2a: Scizor|34/100 brn|[from] item: Leftovers
|-damage|p2a: Scizor|28/100 brn|[from] brn
|turn|98
|
|move|p2a: Scizor|Bullet Punch|p1a: Toxapex
|-resisted|p1a: Toxapex
|-damage|p1a: Toxapex|79/100
|move|p1a: Toxapex|Haze|p1a: Toxapex
|-clearallboost
|
|-heal|p2a: Scizor|34/100 brn|[from] item: Leftovers
|-damage|p2a: Scizor|28/100 brn|[from] brn
|turn|99
|
|move|p2a: Scizor|Bullet Punch|p1a: Toxapex
|-resisted|p1a: Toxapex
|-damage|p1a: Toxapex|74/100
|move|p1a: Toxapex|Toxic Spikes||[still]
|-fail|p1a: Toxapex
|
|-heal|p2a: Scizor|34/100 brn|[from] item: Leftovers
|-damage|p2a: Scizor|28/100 brn|[from] brn
|turn|100
|
|move|p2a: Scizor|Bullet Punch|p1a: Toxapex
|-resisted|p1a: Toxapex
|-damage|p1a: Toxapex|69/100
|move|p1a: Toxapex|Toxic Spikes||[still]
|-fail|p1a: Toxapex
|
|-heal|p2a: Scizor|34/100 brn|[from] item: Leftovers
|-damage|p2a: Scizor|28/100 brn|[from] brn
|turn|101
|
|move|p2a: Scizor|Bullet Punch|p1a: Toxapex
|-resisted|p1a: Toxapex
|-damage|p1a: Toxapex|64/100
|move|p1a: Toxapex|Toxic Spikes||[still]
|-fail|p1a: Toxapex
|
|-heal|p2a: Scizor|34/100 brn|[from] item: Leftovers
|-damage|p2a: Scizor|28/100 brn|[from] brn
|turn|102
|
|move|p2a: Scizor|Close Combat|p1a: Toxapex
|-resisted|p1a: Toxapex
|-damage|p1a: Toxapex|57/100
|-unboost|p2a: Scizor|def|1
|-unboost|p2a: Scizor|spd|1
|move|p1a: Toxapex|Toxic Spikes||[still]
|-fail|p1a: Toxapex
|
|-heal|p2a: Scizor|34/100 brn|[from] item: Leftovers
|-damage|p2a: Scizor|28/100 brn|[from] brn
|turn|103
|
|move|p2a: Scizor|Swords Dance|p2a: Scizor
|-boost|p2a: Scizor|atk|2
|move|p1a: Toxapex|Toxic Spikes||[still]
|-fail|p1a: Toxapex
|
|-heal|p2a: Scizor|34/100 brn|[from] item: Leftovers
|-damage|p2a: Scizor|28/100 brn|[from] brn
|turn|104
|
|move|p2a: Scizor|Bullet Punch|p1a: Toxapex
|-resisted|p1a: Toxapex
|-damage|p1a: Toxapex|47/100
|move|p1a: Toxapex|Haze|p1a: Toxapex
|-clearallboost
|
|-heal|p2a: Scizor|34/100 brn|[from] item: Leftovers
|-damage|p2a: Scizor|28/100 brn|[from] brn
|turn|105
|
|move|p2a: Scizor|Bullet Punch|p1a: Toxapex
|-resisted|p1a: Toxapex
|-damage|p1a: Toxapex|42/100
|move|p1a: Toxapex|Recover|p1a: Toxapex
|-heal|p1a: Toxapex|92/100
|
|-heal|p2a: Scizor|34/100 brn|[from] item: Leftovers
|-damage|p2a: Scizor|28/100 brn|[from] brn
|turn|106
|
|move|p2a: Scizor|Bullet Punch|p1a: Toxapex
|-resisted|p1a: Toxapex
|-damage|p1a: Toxapex|87/100
|move|p1a: Toxapex|Haze|p1a: Toxapex
|-clearallboost
|
|-heal|p2a: Scizor|34/100 brn|[from] item: Leftovers
|-damage|p2a: Scizor|28/100 brn|[from] brn
|turn|107
|
|move|p2a: Scizor|Bullet Punch|p1a: Toxapex
|-resisted|p1a: Toxapex
|-damage|p1a: Toxapex|82/100
|move|p1a: Toxapex|Haze|p1a: Toxapex
|-clearallboost
|
|-heal|p2a: Scizor|34/100 brn|[from] item: Leftovers
|-damage|p2a: Scizor|28/100 brn|[from] brn
|turn|108
|
|move|p2a: Scizor|Defog|p1a: Toxapex
|-unboost|p1a: Toxapex|evasion|1
|-sideend|p2: p2|Toxic Spikes|[from] move: Defog|[of] p2a: Scizor
|move|p1a: Toxapex|Haze|p1a: Toxapex
|-clearallboost
|
|-heal|p2a: Scizor|34/100 brn|[from] item: Leftovers
|-damage|p2a: Scizor|28/100 brn|[from] brn
|turn|109
|
|move|p2a: Scizor|Swords Dance|p2a: Scizor
|-boost|p2a: Scizor|atk|2
|move|p1a: Toxapex|Haze|p1a: Toxapex
|-clearallboost
|
|-heal|p2a: Scizor|34/100 brn|[from] item: Leftovers
|-damage|p2a: Scizor|28/100 brn|[from] brn
|turn|110
|
|move|p2a: Scizor|Swords Dance|p2a: Scizor
|-boost|p2a: Scizor|atk|2
|move|p1a: Toxapex|Haze|p1a: Toxapex
|-clearallboost
|
|-heal|p2a: Scizor|34/100 brn|[from] item: Leftovers
|-damage|p2a: Scizor|28/100 brn|[from] brn
|turn|111
|
|move|p2a: Scizor|Defog|p1a: Toxapex
|-unboost|p1a: Toxapex|evasion|1
|move|p1a: Toxapex|Haze|p1a: Toxapex
|-clearallboost
|
|-heal|p2a: Scizor|34/100 brn|[from] item: Leftovers
|-damage|p2a: Scizor|28/100 brn|[from] brn
|turn|112
|
|move|p2a: Scizor|Bullet Punch|p1a: Toxapex
|-resisted|p1a: Toxapex
|-damage|p1a: Toxapex|77/100
|move|p1a: Toxapex|Toxic Spikes|p2a: Scizor
|-sidestart|p2: p2|move: Toxic Spikes
|
|-heal|p2a: Scizor|34/100 brn|[from] item: Leftovers
|-damage|p2a: Scizor|28/100 brn|[from] brn
|turn|113
|
|move|p2a: Scizor|Bullet Punch|p1a: Toxapex
|-resisted|p1a: Toxapex
|-damage|p1a: Toxapex|72/100
|move|p1a: Toxapex|Haze|p1a: Toxapex
|-clearallboost
|
|-heal|p2a: Scizor|34/100 brn|[from] item: Leftovers
|-damage|p2a: Scizor|28/100 brn|[from] brn
|turn|114
|
|move|p2a: Scizor|Swords Dance|p2a: Scizor
|-boost|p2a: Scizor|atk|2
|move|p1a: Toxapex|Haze|p1a: Toxapex
|-clearallboost
|
|-heal|p2a: Scizor|34/100 brn|[from] item: Leftovers
|-damage|p2a: Scizor|28/100 brn|[from] brn
|turn|115
|
|move|p2a: Scizor|Close Combat|p1a: Toxapex
|-resisted|p1a: Toxapex
|-damage|p1a: Toxapex|66/100
|-unboost|p2a: Scizor|def|1
|-unboost|p2a: Scizor|spd|1
|move|p1a: Toxapex|Haze|p1a: Toxapex
|-clearallboost
|
|-heal|p2a: Scizor|34/100 brn|[from] item: Leftovers
|-damage|p2a: Scizor|28/100 brn|[from] brn
|turn|116
|
|move|p2a: Scizor|Bullet Punch|p1a: Toxapex
|-resisted|p1a: Toxapex
|-damage|p1a: Toxapex|61/100
|move|p1a: Toxapex|Toxic Spikes|p2a: Scizor
|-sidestart|p2: p2|move: Toxic Spikes
|
|-heal|p2a: Scizor|34/100 brn|[from] item: Leftovers
|-damage|p2a: Scizor|28/100 brn|[from] brn
|turn|117
|
|move|p2a: Scizor|Defog|p1a: Toxapex
|-unboost|p1a: Toxapex|evasion|1
|-sideend|p2: p2|Toxic Spikes|[from] move: Defog|[of] p2a: Scizor
|move|p1a: Toxapex|Haze|p1a: Toxapex
|-clearallboost
|
|-heal|p2a: Scizor|34/100 brn|[from] item: Leftovers
|-damage|p2a: Scizor|28/100 brn|[from] brn
|turn|118
|
|move|p2a: Scizor|Bullet Punch|p1a: Toxapex
|-resisted|p1a: Toxapex
|-damage|p1a: Toxapex|56/100
|move|p1a: Toxapex|Haze|p1a: Toxapex
|-clearallboost
|
|-heal|p2a: Scizor|34/100 brn|[from] item: Leftovers
|-damage|p2a: Scizor|28/100 brn|[from] brn
|turn|119
|
|move|p2a: Scizor|Bullet Punch|p1a: Toxapex
|-resisted|p1a: Toxapex
|-damage|p1a: Toxapex|51/100
|move|p1a: Toxapex|Haze|p1a: Toxapex
|-clearallboost
|
|-heal|p2a: Scizor|34/100 brn|[from] item: Leftovers
|-damage|p2a: Scizor|28/100 brn|[from] brn
|turn|120
|
|move|p2a: Scizor|Swords Dance|p2a: Scizor
|-boost|p2a: Scizor|atk|2
|move|p1a: Toxapex|Haze|p1a: Toxapex
|-clearallboost
|
|-heal|p2a: Scizor|34/100 brn|[from] item: Leftovers
|-damage|p2a: Scizor|28/100 brn|[from] brn
|turn|121
|
|move|p2a: Scizor|Defog|p1a: Toxapex
|-unboost|p1a: Toxapex|evasion|1
|move|p1a: Toxapex|Toxic Spikes|p2a: Scizor
|-sidestart|p2: p2|move: Toxic Spikes
|
|-heal|p2a: Scizor|34/100 brn|[from] item: Leftovers
|-damage|p2a: Scizor|28/100 brn|[from] brn
|turn|122
|
|move|p2a: Scizor|Defog|p1a: Toxapex
|-unboost|p1a: Toxapex|evasion|1
|-sideend|p2: p2|Toxic Spikes|[from] move: Defog|[of] p2a: Scizor
|move|p1a: Toxapex|Toxic Spikes|p2a: Scizor
|-sidestart|p2: p2|move: Toxic Spikes
|
|-heal|p2a: Scizor|34/100 brn|[from] item: Leftovers
|-damage|p2a: Scizor|28/100 brn|[from] brn
|turn|123
|
|move|p2a: Scizor|Bullet Punch|p1a: Toxapex
|-resisted|p1a: Toxapex
|-damage|p1a: Toxapex|46/100
|move|p1a: Toxapex|Haze|p1a: Toxapex
|-clearallboost
|
|-heal|p2a: Scizor|34/100 brn|[from] item: Leftovers
|-damage|p2a: Scizor|28/100 brn|[from] brn
|turn|124
|
|move|p2a: Scizor|Swords Dance|p2a: Scizor
|-boost|p2a: Scizor|atk|2
|move|p1a: Toxapex|Toxic Spikes|p2a: Scizor
|-sidestart|p2: p2|move: Toxic Spikes
|
|-heal|p2a: Scizor|34/100 brn|[from] item: Leftovers
|-damage|p2a: Scizor|28/100 brn|[from] brn
|turn|125
|
|move|p2a: Scizor|Bullet Punch|p1a: Toxapex
|-resisted|p1a: Toxapex
|-damage|p1a: Toxapex|35/100
|move|p1a: Toxapex|Haze|p1a: Toxapex
|-clearallboost
|
|-heal|p2a: Scizor|34/100 brn|[from] item: Leftovers
|-damage|p2a: Scizor|28/100 brn|[from] brn
|turn|126
|
|move|p2a: Scizor|Defog|p1a: Toxapex
|-unboost|p1a: Toxapex|evasion|1
|-sideend|p2: p2|Toxic Spikes|[from] move: Defog|[of] p2a: Scizor
|move|p1a: Toxapex|Haze|p1a: Toxapex
|-clearallboost
|
|-heal|p2a: Scizor|34/100 brn|[from] item: Leftovers
|-damage|p2a: Scizor|28/100 brn|[from] brn
|turn|127
|
|move|p2a: Scizor|Swords Dance|p2a: Scizor
|-boost|p2a: Scizor|atk|2
|move|p1a: Toxapex|Haze|p1a: Toxapex
|-clearallboost
|
|-heal|p2a: Scizor|34/100 brn|[from] item: Leftovers
|-damage|p2a: Scizor|28/100 brn|[from] brn
|turn|128
|
|move|p2a: Scizor|Bullet Punch|p1a: Toxapex
|-resisted|p1a: Toxapex
|-damage|p1a: Toxapex|31/100
|move|p1a: Toxapex|Haze|p1a: Toxapex
|-clearallboost
|
|-heal|p2a: Scizor|34/100 brn|[from] item: Leftovers
|-damage|p2a: Scizor|28/100 brn|[from] brn
|turn|129
|
|move|p2a: Scizor|Swords Dance|p2a: Scizor
|-boost|p2a: Scizor|atk|2
|move|p1a: Toxapex|Haze|p1a: Toxapex
|-clearallboost
|
|-heal|p2a: Scizor|34/100 brn|[from] item: Leftovers
|-damage|p2a: Scizor|28/100 brn|[from] brn
|turn|130
|
|move|p2a: Scizor|Bullet Punch|p1a: Toxapex
|-resisted|p1a: Toxapex
|-damage|p1a: Toxapex|26/100
|move|p1a: Toxapex|Haze|p1a: Toxapex
|-clearallboost
|
|-heal|p2a: Scizor|34/100 brn|[from] item: Leftovers
|-damage|p2a: Scizor|28/100 brn|[from] brn
|turn|131
|
|switch|p1a: Blissey|Blissey, F|100/100
|move|p2a: Scizor|Swords Dance|p2a: Scizor
|-boost|p2a: Scizor|atk|2
|
|-heal|p2a: Scizor|34/100 brn|[from] item: Leftovers
|-damage|p2a: Scizor|28/100 brn|[from] brn
|turn|132
|
|switch|p1a: Toxapex|Toxapex, F|59/100
|move|p2a: Scizor|Close Combat|p1a: Toxapex
|-resisted|p1a: Toxapex
|-damage|p1a: Toxapex|46/100
|-unboost|p2a: Scizor|def|1
|-unboost|p2a: Scizor|spd|1
|
|-heal|p2a: Scizor|34/100 brn|[from] item: Leftovers
|-damage|p2a: Scizor|28/100 brn|[from] brn
|turn|133
|
|move|p2a: Scizor|Bullet Punch|p1a: Toxapex
|-resisted|p1a: Toxapex
|-damage|p1a: Toxapex|36/100
|move|p1a: Toxapex|Haze|p1a: Toxapex
|-clearallboost
|
|-heal|p2a: Scizor|34/100 brn|[from] item: Leftovers
|-damage|p2a: Scizor|28/100 brn|[from] brn
|turn|134
|
|switch|p1a: Blissey|Blissey, F|100/100
|move|p2a: Scizor|Defog|p1a: Blissey
|-unboost|p1a: Blissey|evasion|1
|
|-heal|p2a: Scizor|34/100 brn|[from] item: Leftovers
|-damage|p2a: Scizor|28/100 brn|[from] brn
|turn|135
|
|switch|p1a: Toxapex|Toxapex, F|69/100
|move|p2a: Scizor|Swords Dance|p2a: Scizor
|-boost|p2a: Scizor|atk|2
|
|-heal|p2a: Scizor|34/100 brn|[from] item: Leftovers
|-damage|p2a: Scizor|28/100 brn|[from] brn
|turn|136
|
|move|p2a: Scizor|Bullet Punch|p1a: Toxapex
|-resisted|p1a: Toxapex
|-damage|p1a: Toxapex|60/100
|move|p1a: Toxapex|Haze|p1a: Toxapex
|-clearallboost
|
|-heal|p2a: Scizor|34/100 brn|[from] item: Leftovers
|-damage|p2a: Scizor|28/100 brn|[from] brn
|turn|137
|
|switch|p1a: Blissey|Blissey, F|100/100
|move|p2a: Scizor|Swords Dance|p2a: Scizor
|-boost|p2a: Scizor|atk|2
|
|-heal|p2a: Scizor|34/100 brn|[from] item: Leftovers
|-damage|p2a: Scizor|28/100 brn|[from] brn
|turn|138
|
|switch|p1a: Toxapex|Toxapex, F|93/100
|move|p2a: Scizor|Swords Dance|p2a: Scizor
|-boost|p2a: Scizor|atk|2
|
|-heal|p2a: Scizor|34/100 brn|[from] item: Leftovers
|-damage|p2a: Scizor|28/100 brn|[from] brn
|turn|139
|
|move|p2a: Scizor|Bullet Punch|p1a: Toxapex
|-resisted|p1a: Toxapex
|-damage|p1a: Toxapex|77/100
|move|p1a: Toxapex|Haze|p1a: Toxapex
|-clearallboost
|
|-heal|p2a: Scizor|34/100 brn|[from] item: Leftovers
|-damage|p2a: Scizor|28/100 brn|[from] brn
|turn|140
|
|move|p2a: Scizor|Defog|p1a: Toxapex
|-unboost|p1a: Toxapex|evasion|1
|move|p1a: Toxapex|Toxic Spikes|p2a: Scizor
|-sidestart|p2: p2|move: Toxic Spikes
|
|-heal|p2a: Scizor|34/100 brn|[from] item: Leftovers
|-damage|p2a: Scizor|28/100 brn|[from] brn
|turn|141
|
|move|p2a: Scizor|Defog|p1a: Toxapex
|-unboost|p1a: Toxapex|evasion|1
|-sideend|p2: p2|Toxic Spikes|[from] move: Defog|[of] p2a: Scizor
|move|p1a: Toxapex|Toxic Spikes|p2a: Scizor
|-sidestart|p2: p2|move: Toxic Spikes
|
|-heal|p2a: Scizor|34/100 brn|[from] item: Leftovers
|-damage|p2a: Scizor|28/100 brn|[from] brn
|turn|142
|
|move|p2a: Scizor|Swords Dance|p2a: Scizor
|-boost|p2a: Scizor|atk|2
|move|p1a: Toxapex|Toxic Spikes|p2a: Scizor
|-sidestart|p2: p2|move: Toxic Spikes
|
|-heal|p2a: Scizor|34/100 brn|[from] item: Leftovers
|-damage|p2a: Scizor|28/100 brn|[from] brn
|turn|143
|
|move|p2a: Scizor|Bullet Punch|p1a: Toxapex
|-resisted|p1a: Toxapex
|-damage|p1a: Toxapex|67/100
|move|p1a: Toxapex|Haze|p1a: Toxapex
|-clearallboost
|
|-heal|p2a: Scizor|34/100 brn|[from] item: Leftovers
|-damage|p2a: Scizor|28/100 brn|[from] brn
|turn|144
|
|switch|p1a: Blissey|Blissey, F|100/100
|move|p2a: Scizor|Defog|p1a: Blissey
|-unboost|p1a: Blissey|evasion|1
|-sideend|p2: p2|Toxic Spikes|[from] move: Defog|[of] p2a: Scizor
|
|-heal|p2a: Scizor|34/100 brn|[from] item: Leftovers
|-damage|p2a: Scizor|28/100 brn|[from] brn
|turn|145
|
|move|p2a: Scizor|Swords Dance|p2a: Scizor
|-boost|p2a: Scizor|atk|2
|move|p1a: Blissey|Flamethrower|p2a: Scizor
|-supereffective|p2a: Scizor
|-damage|p2a: Scizor|0 fnt
|faint|p2a: Scizor
|
|win|p1
