# advantage = p2
|poke|p1|Garchomp, M|
|poke|p1|Meowscarada, M|
|poke|p1|Quaquaval, M|
|poke|p1|Skeledirge, M|
|poke|p1|Kingambit, M|
|poke|p1|Pawmot, M|
|poke|p2|Iron Valiant|
|poke|p2|Roaring Moon|
|poke|p2|Kingambit, F|
|poke|p2|Great Tusk|
|poke|p2|Samurott-Hisui, M|
|poke|p2|Thundurus, M|
|teampreview
|
|start
|switch|p1a: Garchomp|Garchomp, M|100/100
|switch|p2a: Thundurus|Thundurus, M, shiny|100/100
|turn|1
|
|move|p2a: Thundurus|Taunt|p1a: Garchomp
|-start|p1a: Garchomp|move: Taunt
|cant|p1a: Garchomp|move: Taunt|Stealth Rock
|
|turn|2
|
|switch|p2a: Great Tusk|Great Tusk, shiny|100/100
|move|p1a: Garchomp|Outrage|p2a: Great Tusk
|-damage|p2a: Great Tusk|52/100
|
|-heal|p2a: Great Tusk|58/100|[from] item: Leftovers
|turn|3
|
|-end|p2a: Great Tusk|Protosynthesis|[silent]
|switch|p2a: Iron Valiant|Iron Valiant, shiny|100/100
|move|p1a: Garchomp|Outrage|p2a: Iron Valiant|[from]lockedmove
|-immune|p2a: Iron Valiant
|
|-end|p1a: Garchomp|move: Taunt
|turn|4
|
|move|p2a: Iron Valiant|Shadow Ball|p1a: Garchomp
|-damage|p1a: Garchomp|60/100
|move|p1a: Garchomp|Stealth Rock|p2a: Iron Valiant
|-sidestart|p2: p2|move: Stealth Rock
|
|turn|5
|
|move|p2a: Iron Valiant|Shadow Ball|p1a: Garchomp
|-damage|p1a: Garchomp|19/100
|-unboost|p1a: Garchomp|spd|1
|move|p1a: Garchomp|Iron Head|p2a: Iron Valiant
|-supereffective|p2a: Iron Valiant
|-damage|p2a: Iron Valiant|22/100
|
|turn|6
|
|move|p2a: Iron Valiant|Shadow Ball|p1a: Garchomp
|-damage|p1a: Garchomp|0 fnt
|faint|p1a: Garchomp
|
|
|switch|p1a: Meowscarada|Meowscarada, M|100/100
|turn|7
|
|move|p1a: Meowscarada|Flower Trick|p2a: Iron Valiant
|-start|p1a: Meowscarada|typechange|Grass|[from] ability: Protean
|-crit|p2a: Iron Valiant
|-damage|p2a: Iron Valiant|0 fnt
|faint|p2a: Iron Valiant
|-end|p2a: Iron Valiant|Quark Drive|[silent]
|
|
|switch|p2a: Thundurus|Thundurus, M, shiny|100/100
|turn|8
|
|switch|p1a: Skeledirge|Skeledirge, M|100/100
|move|p2a: Thundurus|Thunder Wave|p1a: Skeledirge
|-status|p1a: Skeledirge|par
|
|turn|9
|
|move|p2a: Thundurus|Taunt|p1a: Skeledirge
|-start|p1a: Skeledirge|move: Taunt
|move|p1a: Skeledirge|Torch Song|p2a: Thundurus
|-damage|p2a: Thundurus|48/100
|-boost|p1a: Skeledirge|spa|1
|
|turn|10
|
|move|p2a: Thundurus|Thunder Wave|p1a: Skeledirge
|-fail|p1a: Skeledirge|par
|move|p1a: Skeledirge|Torch Song|p2a: Thundurus
|-damage|p2a: Thundurus|0 fnt
|-boost|p1a: Skeledirge|spa|1
|faint|p2a: Thundurus
|
|
|switch|p2a: Samurott|Samurott-Hisui, M, shiny|100/100
|-damage|p2a: Samurott|88/100|[from] Stealth Rock
|turn|11
|
|switch|p1a: Quaquaval|Quaquaval, M|100/100
|move|p2a: Samurott|Aqua Cutter|p1a: Quaquaval
|-resisted|p1a: Quaquaval
|-damage|p1a: Quaquaval|67/100
|
|turn|12
|
|-terastallize|p2a: Samurott|Water
|move|p2a: Samurott|Aqua Cutter|p1a: Quaquaval
|-resisted|p1a: Quaquaval
|-damage|p1a: Quaquaval|27/100
|move|p1a: Quaquaval|Aqua Step|p2a: Samurott
|-resisted|p2a: Samurott
|-damage|p2a: Samurott|53/100
|-boost|p1a: Quaquaval|spe|1
|-damage|p1a: Quaquaval|17/100|[from] item: Life Orb
|
|turn|13
|
|move|p2a: Samurott|Aqua Cutter|p1a: Quaquaval
|-resisted|p1a: Quaquaval
|-damage|p1a: Quaquaval|0 fnt
|faint|p1a: Quaquaval
|
|
|switch|p1a: Meowscarada|Meowscarada, M|100/100
|turn|14
|
|move|p2a: Samurott|Aqua Cutter|p1a: Meowscarada
|-resisted|p1a: Meowscarada
|-damage|p1a: Meowscarada|48/100
|move|p1a: Meowscarada|Flower Trick|p2a: Samurott
|-start|p1a: Meowscarada|typechange|Grass|[from] ability: Protean
|-supereffective|p2a: Samurott
|-crit|p2a: Samurott
|-damage|p2a: Samurott|0 fnt
|faint|p2a: Samurott
|
|
|switch|p2a: Roaring Moon|Roaring Moon, shiny|100/100
|-damage|p2a: Roaring Moon|88/100|[from] Stealth Rock
|-enditem|p2a: Roaring Moon|Booster Energy
|-activate|p2a: Roaring Moon|ability: Protosynthesis|[fromitem]
|-start|p2a: Roaring Moon|protosynthesisatk
|turn|15
|
|-terastallize|p1a: Meowscarada|Fairy
|move|p1a: Meowscarada|Play Rough|p2a: Roaring Moon
|-supereffective|p2a: Roaring Moon
|-damage|p2a: Roaring Moon|0 fnt
|faint|p2a: Roaring Moon
|-end|p2a: Roaring Moon|Protosynthesis|[silent]
|
|
|switch|p2a: Kingambit|Kingambit, F, shiny|100/100
|-damage|p2a: Kingambit|94/100|[from] Stealth Rock
|-activate|p2a: Kingambit|ability: Supreme Overlord
|-start|p2a: Kingambit|fallen4|[silent]
|turn|16
|
|move|p1a: Meowscarada|Brick Break|p2a: Kingambit
|-supereffective|p2a: Kingambit
|-damage|p2a: Kingambit|5/100
|move|p2a: Kingambit|Swords Dance|p2a: Kingambit
|-boost|p2a: Kingambit|atk|2
|
|turn|17
|
|switch|p1a: Kingambit|Kingambit, M|100/100
|-activate|p1a: Kingambit|ability: Supreme Overlord
|-start|p1a: Kingambit|fallen2|[silent]
|move|p2a: Kingambit|Sucker Punch||[still]
|-fail|p2a: Kingambit
|
|turn|18
|
|move|p1a: Kingambit|Kowtow Cleave|p2a: Kingambit
|-resisted|p2a: Kingambit
|-damage|p2a: Kingambit|0 fnt
|faint|p2a: Kingambit
|-end|p2a: Kingambit|fallen4|[silent]
|
|
|switch|p2a: Great Tusk|Great Tusk, shiny|58/100
|-damage|p2a: Great Tusk|55/100|[from] Stealth Rock
|turn|19
|
|move|p1a: Kingambit|Sucker Punch|p2a: Great Tusk
|-resisted|p2a: Great Tusk
|-damage|p2a: Great Tusk|40/100
|move|p2a: Great Tusk|Knock Off|p1a: Kingambit
|-resisted|p1a: Kingambit
|-damage|p1a: Kingambit|88/100
|-enditem|p1a: Kingambit|Heavy-Duty Boots|[from] move: Knock Off|[of] p2a: Great Tusk
|
|-heal|p2a: Great Tusk|46/100|[from] item: Leftovers
|turn|20
|
|move|p1a: Kingambit|Sucker Punch|p2a: Great Tusk
|-resisted|p2a: Great Tusk
|-damage|p2a: Great Tusk|30/100
|move|p2a: Great Tusk|Rapid Spin|p1a: Kingambit
|-resisted|p1a: Kingambit
|-damage|p1a: Kingambit|82/100
|-boost|p2a: Great Tusk|spe|1
|-sideend|p2: p2|Stealth Rock|[from] move: Rapid Spin|[of] p2a: Great Tusk
|
|-heal|p2a: Great Tusk|37/100|[from] item: Leftovers
|turn|21
|
|move|p1a: Kingambit|Sucker Punch|p2a: Great Tusk
|-resisted|p2a: Great Tusk
|-damage|p2a: Great Tusk|20/100
|move|p2a: Great Tusk|Close Combat|p1a: Kingambit
|-supereffective|p1a: Kingambit
|-damage|p1a: Kingambit|0 fnt
|-unboost|p2a: Great Tusk|def|1
|-unboost|p2a: Great Tusk|spd|1
|faint|p1a: Kingambit
|-end|p1a: Kingambit|fallen2|[silent]
|
|-heal|p2a: Great Tusk|27/100|[from] item: Leftovers
|
|switch|p1a: Pawmot|Pawmot, M|100/100
|turn|22
|
|move|p2a: Great Tusk|Earthquake|p1a: Pawmot
|-supereffective|p1a: Pawmot
|-enditem|p1a: Pawmot|Focus Sash
|-damage|p1a: Pawmot|1/100
|move|p1a: Pawmot|Play Rough|p2a: Great Tusk
|-supereffective|p2a: Great Tusk
|-damage|p2a: Great Tusk|0 fnt
|faint|p2a: Great Tusk
|-end|p2a: Great Tusk|Protosynthesis|[silent]
|
|win|p1
