|poke|p1|Magearna|
|poke|p1|Great Tusk|
|poke|p1|Samurott-Hisui, F|
|poke|p1|Gholdengo|
|poke|p1|Zamazenta-*|
|poke|p1|Dragapult, M|
|poke|p2|Chien-Pao|
|poke|p2|Goodra-Hisui, F|
|poke|p2|Hatterene, F|
|poke|p2|Landorus-Therian, M|
|poke|p2|Dragapult, F|
|poke|p2|Great Tusk|
|teampreview
|
|start
|switch|p1a: Dragapult|Dragapult, M|100/100
|switch|p2a: Great Tusk|Great Tusk|100/100
|turn|1
|
|move|p1a: Dragapult|Draco Meteor|p2a: Great Tusk
|-damage|p2a: Great Tusk|0 fnt
|-unboost|p1a: Dragapult|spa|2
|faint|p2a: Great Tusk
|-end|p2a: Great Tusk|Protosynthesis|[silent]
|
|
|switch|p2a: Landorus|Landorus-Therian, M|100/100
|-ability|p2a: Landorus|Intimidate|boost
|-unboost|p1a: Dragapult|atk|1
|turn|2
|
|switch|p1a: Great Tusk|Great Tusk|100/100
|move|p2a: Landorus|Stealth Rock|p1a: Great Tusk
|-sidestart|p1: ayyk_47|move: Stealth Rock
|
|turn|3
|
|move|p1a: Great Tusk|Stealth Rock|p2a: Landorus
|-sidestart|p2: Kingkaz101|move: Stealth Rock
|move|p2a: Landorus|Grass Knot|p1a: Great Tusk
|-supereffective|p1a: Great Tusk
|-damage|p1a: Great Tusk|23/100
|
|-heal|p1a: Great Tusk|29/100|[from] item: Leftovers
|turn|4
|
|move|p1a: Great Tusk|Knock Off|p2a: Landorus
|-damage|p2a: Landorus|75/100
|-enditem|p2a: Landorus|Leftovers|[from] move: Knock Off|[of] p1a: Great Tusk
|move|p2a: Landorus|Earthquake|p1a: Great Tusk
|-damage|p1a: Great Tusk|9/100
|
|-heal|p1a: Great Tusk|15/100|[from] item: Leftovers
|turn|5
|
|move|p1a: Great Tusk|Rapid Spin|p2a: Landorus
|-damage|p2a: Landorus|63/100
|-boost|p1a: Great Tusk|spe|1
|-sideend|p1: ayyk_47|Stealth Rock|[from] move: Rapid Spin|[of] p1a: Great Tusk
|move|p2a: Landorus|Grass Knot|p1a: Great Tusk
|-supereffective|p1a: Great Tusk
|-damage|p1a: Great Tusk|0 fnt
|faint|p1a: Great Tusk
|-end|p1a: Great Tusk|Protosynthesis|[silent]
|
|
|switch|p1a: Dragapult|Dragapult, M|100/100
|turn|6
|
|switch|p2a: Goodra|Goodra-Hisui, F|100/100
|-damage|p2a: Goodra|94/100|[from] Stealth Rock
|move|p1a: Dragapult|Draco Meteor|p2a: Goodra
|-damage|p2a: Goodra|56/100
|-unboost|p1a: Dragapult|spa|2
|
|turn|7
|
|switch|p1a: Samurott|Samurott-Hisui, F|100/100
|move|p2a: Goodra|Draco Meteor|p1a: Samurott
|-damage|p1a: Samurott|44/100
|-unboost|p2a: Goodra|spa|2
|
|turn|8
|
|switch|p2a: Hatterene|Hatterene, F|100/100
|-damage|p2a: Hatterene|88/100|[from] Stealth Rock
|move|p1a: Samurott|Ceaseless Edge|p2a: Hatterene
|-damage|p2a: Hatterene|49/100
|-sidestart|p2: Kingkaz101|Spikes
|
|-heal|p2a: Hatterene|55/100|[from] item: Leftovers
|turn|9
|
|move|p1a: Samurott|Ceaseless Edge|p2a: Hatterene
|-damage|p2a: Hatterene|13/100
|-sidestart|p2: Kingkaz101|Spikes
|move|p2a: Hatterene|Draining Kiss|p1a: Samurott
|-supereffective|p1a: Samurott
|-damage|p1a: Samurott|7/100
|-heal|p2a: Hatterene|46/100|[from] drain|[of] p1a: Samurott
|
|-heal|p2a: Hatterene|52/100|[from] item: Leftovers
|turn|10
|
|move|p1a: Samurott|Ceaseless Edge|p2a: Hatterene
|-crit|p2a: Hatterene
|-damage|p2a: Hatterene|0 fnt
|-sidestart|p2: Kingkaz101|Spikes
|faint|p2a: Hatterene
|
|
|switch|p2a: Dragapult|Dragapult, F|100/100
|-damage|p2a: Dragapult|88/100|[from] Stealth Rock
|-damage|p2a: Dragapult|63/100|[from] Spikes
|turn|11
|
|move|p1a: Samurott|Sucker Punch|p2a: Dragapult
|-supereffective|p2a: Dragapult
|-damage|p2a: Dragapult|0 fnt
|faint|p2a: Dragapult
|
|-message|Kingkaz101 forfeited.
|
|win|ayyk_47
