|poke|p1|Grimmsnarl, M|
|poke|p1|Magearna|
|poke|p1|Azumarill, M|
|poke|p1|Baxcalibur, F|
|poke|p1|Braviary-Hisui, M|
|poke|p1|Urshifu-*, F|
|poke|p2|Samurott-Hisui, F|
|poke|p2|Gholdengo|
|poke|p2|Dragonite, F|
|poke|p2|Great Tusk|
|poke|p2|Chien-Pao|
|poke|p2|Heatran, F|
|teampreview
|
|start
|switch|p1a: Urshifu|Urshifu-Rapid-Strike, F|100/100
|switch|p2a: Samurott|Samurott-Hisui, F|100/100
|turn|1
|
|switch|p2a: Dragonite|Dragonite, F|100/100
|move|p1a: Urshifu|Swords Dance|p1a: Urshifu
|-boost|p1a: Urshifu|atk|2
|
|turn|2
|
|move|p1a: Urshifu|Surging Strikes|p2a: Dragonite
|-resisted|p2a: Dragonite
|-crit|p2a: Dragonite
|-damage|p2a: Dragonite|89/100
|-resisted|p2a: Dragonite
|-crit|p2a: Dragonite
|-damage|p2a: Dragonite|64/100
|-resisted|p2a: Dragonite
|-crit|p2a: Dragonite
|-damage|p2a: Dragonite|42/100
|-hitcount|p2a: Dragonite|3
|move|p2a: Dragonite|Dragon Dance|p2a: Dragonite
|-boost|p2a: Dragonite|atk|1
|-boost|p2a: Dragonite|spe|1
|
|turn|3
|
|move|p2a: Dragonite|Earthquake|p1a: Urshifu
|-damage|p1a: Urshifu|43/100
|move|p1a: Urshifu|Surging Strikes|p2a: Dragonite
|-resisted|p2a: Dragonite
|-crit|p2a: Dragonite
|-damage|p2a: Dragonite|17/100
|-resisted|p2a: Dragonite
|-crit|p2a: Dragonite
|-damage|p2a: Dragonite|0 fnt
|faint|p2a: Dragonite
|-hitcount|p2: Dragonite|2
|
|
|switch|p2a: Chien-Pao|Chien-Pao|100/100
|-ability|p2a: Chien-Pao|Sword of Ruin
|turn|4
|
|move|p2a: Chien-Pao|Sacred Sword|p1a: Urshifu
|-damage|p1a: Urshifu|0 fnt
|faint|p1a: Urshifu
|
|
|switch|p1a: Azumarill|Azumarill, M|100/100
|turn|5
|
|switch|p2a: Great Tusk|Great Tusk|100/100
|move|p1a: Azumarill|Belly Drum|p1a: Azumarill
|-damage|p1a: Azumarill|50/100
|-setboost|p1a: Azumarill|atk|6|[from] move: Belly Drum
|-enditem|p1a: Azumarill|Sitrus Berry|[eat]
|-heal|p1a: Azumarill|75/100|[from] item: Sitrus Berry
|
|turn|6
|
|-terastallize|p2a: Great Tusk|Water
|move|p1a: Azumarill|Aqua Jet|p2a: Great Tusk
|-resisted|p2a: Great Tusk
|-damage|p2a: Great Tusk|65/100
|-damage|p1a: Azumarill|59/100|[from] item: Rocky Helmet|[of] p2a: Great Tusk
|move|p2a: Great Tusk|Earthquake|p1a: Azumarill
|-damage|p1a: Azumarill|11/100
|
|turn|7
|
|move|p2a: Great Tusk|Earthquake|p1a: Azumarill
|-damage|p1a: Azumarill|0 fnt
|faint|p1a: Azumarill
|
|
|switch|p1a: Braviary|Braviary-Hisui, M|100/100
|turn|8
|
|move|p2a: Great Tusk|Knock Off|p1a: Braviary
|-supereffective|p1a: Braviary
|-damage|p1a: Braviary|21/100
|-enditem|p1a: Braviary|Weakness Policy
|-boost|p1a: Braviary|atk|2|[from] item: Weakness Policy
|-boost|p1a: Braviary|spa|2|[from] item: Weakness Policy
|move|p1a: Braviary|Agility|p1a: Braviary
|-boost|p1a: Braviary|spe|2
|
|turn|9
|
|-end|p2a: Great Tusk|Protosynthesis|[silent]
|switch|p2a: Samurott|Samurott-Hisui, F|100/100
|move|p1a: Braviary|Dazzling Gleam|p2a: Samurott
|-supereffective|p2a: Samurott
|-damage|p2a: Samurott|0 fnt
|faint|p2a: Samurott
|
|
|switch|p2a: Chien-Pao|Chien-Pao|100/100
|-ability|p2a: Chien-Pao|Sword of Ruin
|turn|10
|
|move|p2a: Chien-Pao|Ice Shard|p1a: Braviary
|-supereffective|p1a: Braviary
|-damage|p1a: Braviary|0 fnt
|faint|p1a: Braviary
|
|
|switch|p1a: Grimmsnarl|Grimmsnarl, M|100/100
|turn|11
|
|switch|p2a: Heatran|Heatran, F|100/100
|move|p1a: Grimmsnarl|Reflect|p1a: Grimmsnarl
|-sidestart|p1: p1|Reflect
|
|turn|12
|
|move|p1a: Grimmsnarl|Taunt|p2a: Heatran
|-start|p2a: Heatran|move: Taunt
|cant|p2a: Heatran|move: Taunt|Taunt
|
|turn|13
|
|move|p1a: Grimmsnarl|Light Screen|p1a: Grimmsnarl
|-sidestart|p1: p1|move: Light Screen
|move|p2a: Heatran|Magma Storm|p1a: Grimmsnarl
|-damage|p1a: Grimmsnarl|85/100
|-activate|p1a: Grimmsnarl|move: Magma Storm|[of] p2a: Heatran
|
|-damage|p1a: Grimmsnarl|72/100|[from] move: Magma Storm|[partiallytrapped]
|turn|14
|
|move|p1a: Grimmsnarl|Parting Shot|p2a: Heatran
|-unboost|p2a: Heatran|atk|1
|-unboost|p2a: Heatran|spa|1
|
|switch|p1a: Baxcalibur|Baxcalibur, F|100/100|[from] Parting Shot
|move|p2a: Heatran|Magma Storm|p1a: Baxcalibur
|-damage|p1a: Baxcalibur|85/100
|-activate|p1a: Baxcalibur|move: Magma Storm|[of] p2a: Heatran
|-ability|p1a: Baxcalibur|Thermal Exchange|boost
|-boost|p1a: Baxcalibur|atk|1
|
|-damage|p1a: Baxcalibur|73/100|[from] move: Magma Storm|[partiallytrapped]
|-end|p2a: Heatran|move: Taunt
|turn|15
|
|move|p1a: Baxcalibur|Dragon Dance|p1a: Baxcalibur
|-boost|p1a: Baxcalibur|atk|1
|-boost|p1a: Baxcalibur|spe|1
|move|p2a: Heatran|Taunt|p1a: Baxcalibur
|-start|p1a: Baxcalibur|move: Taunt
|
|-damage|p1a: Baxcalibur|60/100|[from] move: Magma Storm|[partiallytrapped]
|turn|16
|
|switch|p2a: Gholdengo|Gholdengo|100/100
|-item|p2a: Gholdengo|Air Balloon
|move|p1a: Baxcalibur|Earthquake|p2a: Gholdengo
|-immune|p2a: Gholdengo
|
|-end|p1a: Baxcalibur|Magma Storm|[partiallytrapped]|[silent]
|turn|17
|
|-terastallize|p1a: Baxcalibur|Steel
|move|p1a: Baxcalibur|Icicle Spear|p2a: Gholdengo
|-resisted|p2a: Gholdengo
|-damage|p2a: Gholdengo|88/100
|-enditem|p2a: Gholdengo|Air Balloon
|-resisted|p2a: Gholdengo
|-damage|p2a: Gholdengo|77/100
|-resisted|p2a: Gholdengo
|-damage|p2a: Gholdengo|65/100
|-resisted|p2a: Gholdengo
|-damage|p2a: Gholdengo|53/100
|-hitcount|p2a: Gholdengo|4
|move|p2a: Gholdengo|Make It Rain|p1a: Baxcalibur
|-resisted|p1a: Baxcalibur
|-damage|p1a: Baxcalibur|45/100
|-unboost|p2a: Gholdengo|spa|1
|
|turn|18
|
|move|p1a: Baxcalibur|Earthquake|p2a: Gholdengo
|-supereffective|p2a: Gholdengo
|-damage|p2a: Gholdengo|0 fnt
|faint|p2a: Gholdengo
|
|-end|p1a: Baxcalibur|move: Taunt
|-sideend|p1: p1|Reflect
|
|switch|p2a: Great Tusk|Great Tusk, tera:Water|65/100
|turn|19
|
|move|p1a: Baxcalibur|Glaive Rush|p2a: Great Tusk
|-damage|p2a: Great Tusk|0 fnt
|-singlemove|p1a: Baxcalibur|Glaive Rush|[silent]
|-damage|p1a: Baxcalibur|28/100|[from] item: Rocky Helmet|[of] p2a: Great Tusk
|faint|p2a: Great Tusk
|-end|p2a: Great Tusk|Protosynthesis|[silent]
|
|
|switch|p2a: Chien-Pao|Chien-Pao|100/100
|-ability|p2a: Chien-Pao|Sword of Ruin
|turn|20
|
|switch|p1a: Grimmsnarl|Grimmsnarl, M|72/100
|move|p2a: Chien-Pao|Ice Shard|p1a: Grimmsnarl
|-damage|p1a: Grimmsnarl|22/100
|
|-sideend|p1: p1|move: Light Screen
|turn|21
|
|move|p2a: Chien-Pao|Ice Shard|p1a: Grimmsnarl
|-damage|p1a: Grimmsnarl|0 fnt
|faint|p1a: Grimmsnarl
|
|
|switch|p1a: Magearna|Magearna|100/100
|turn|22
|
|switch|p2a: Heatran|Heatran, F|100/100
|move|p1a: Magearna|Shift Gear|p1a: Magearna
|-boost|p1a: Magearna|spe|2
|-boost|p1a: Magearna|atk|1
|
|turn|23
|
|move|p1a: Magearna|Calm Mind|p1a: Magearna
|-boost|p1a: Magearna|spa|1
|-boost|p1a: Magearna|spd|1
|move|p2a: Heatran|Taunt|p1a: Magearna
|-start|p1a: Magearna|move: Taunt
|
|turn|24
|
|move|p1a: Magearna|Stored Power|p2a: Heatran
|-resisted|p2a: Heatran
|-crit|p2a: Heatran
|-damage|p2a: Heatran|69/100
|move|p2a: Heatran|Magma Storm|p1a: Magearna
|-supereffective|p1a: Magearna
|-damage|p1a: Magearna|43/100
|-activate|p1a: Magearna|move: Magma Storm|[of] p2a: Heatran
|-enditem|p1a: Magearna|Weakness Policy
|-boost|p1a: Magearna|atk|2|[from] item: Weakness Policy
|-boost|p1a: Magearna|spa|2|[from] item: Weakness Policy
|
|-heal|p2a: Heatran|75/100|[from] item: Leftovers
|-damage|p1a: Magearna|30/100|[from] move: Magma Storm|[partiallytrapped]
|turn|25
|
|move|p1a: Magearna|Stored Power|p2a: Heatran
|-resisted|p2a: Heatran
|-damage|p2a: Heatran|10/100
|move|p2a: Heatran|Earth Power|p1a: Magearna
|-supereffective|p1a: Magearna
|-damage|p1a: Magearna|0 fnt
|faint|p1a: Magearna
|
|-heal|p2a: Heatran|17/100|[from] item: Leftovers
|
|switch|p1a: Baxcalibur|Baxcalibur, F, tera:Steel|28/100
|turn|26
|
|move|p1a: Baxcalibur|Earthquake|p2a: Heatran
|-supereffective|p2a: Heatran
|-damage|p2a: Heatran|0 fnt
|faint|p2a: Heatran
|
|
|switch|p2a: Chien-Pao|Chien-Pao|100/100
|-ability|p2a: Chien-Pao|Sword of Ruin
|turn|27
|
|move|p2a: Chien-Pao|Crunch|p1a: Baxcalibur
|-damage|p1a: Baxcalibur|0 fnt
|faint|p1a: Baxcalibur
|
|win|p2
