# advantage = p1
|poke|p1|Grimmsnarl, M|
|poke|p1|Ursaluna, M|
|poke|p1|Dragapult, M|
|poke|p1|Landorus-Therian, M|
|poke|p1|Magearna|
|poke|p1|Dragonite, M|
|poke|p2|Heatran, F|
|poke|p2|Landorus-Therian, M|
|poke|p2|Corviknight, F|
|poke|p2|Samurott-Hisui, F|
|poke|p2|Kingambit, M|
|poke|p2|Iron Valiant|
|teampreview
|
|start
|switch|p1a: You irl|Grimmsnarl, M|100/100
|switch|p2a: Kingambit|Kingambit, M|100/100
|turn|1
|
|move|p1a: You irl|Reflect|p1a: You irl
|-sidestart|p1: p1|Reflect
|move|p2a: Kingambit|Iron Head|p1a: You irl
|-supereffective|p1a: You irl
|-damage|p1a: You irl|58/100
|
|turn|2
|
|switch|p1a: Diego delink|Landorus-Therian, M|100/100
|-ability|p1a: Diego delink|Intimidate|boost
|-unboost|p2a: Kingambit|atk|1
|move|p2a: Kingambit|Iron Head|p1a: Diego delink
|-damage|p1a: Diego delink|83/100
|
|-heal|p1a: Diego delink|89/100|[from] item: Leftovers
|turn|3
|
|-end|p2a: Kingambit|fallenundefined|[silent]
|switch|p2a: Landorus|Landorus-Therian, M|100/100
|-ability|p2a: Landorus|Intimidate|boost
|-unboost|p1a: Diego delink|atk|1
|move|p1a: Diego delink|Substitute|p1a: Diego delink
|-start|p1a: Diego delink|Substitute
|-damage|p1a: Diego delink|64/100
|
|-heal|p1a: Diego delink|70/100|[from] item: Leftovers
|turn|4
|
|move|p2a: Landorus|U-turn|p1a: Diego delink
|-resisted|p1a: Diego delink
|-activate|p1a: Diego delink|move: Substitute|[damage]
|
|switch|p2a: Corviknight|Corviknight, F|100/100|[from] U-turn
|move|p1a: Diego delink|Swords Dance|p1a: Diego delink
|-boost|p1a: Diego delink|atk|2
|
|-heal|p1a: Diego delink|76/100|[from] item: Leftovers
|turn|5
|
|move|p1a: Diego delink|Swords Dance|p1a: Diego delink
|-boost|p1a: Diego delink|atk|2
|move|p2a: Corviknight|U-turn|p1a: Diego delink
|-resisted|p1a: Diego delink
|-activate|p1a: Diego delink|move: Substitute|[damage]
|
|switch|p2a: Landorus|Landorus-Therian, M|100/100|[from] U-turn
|-ability|p2a: Landorus|Intimidate|boost
|-immune|p1a: Diego delink
|
|-heal|p1a: Diego delink|82/100|[from] item: Leftovers
|turn|6
|
|-terastallize|p1a: Diego delink|Flying
|move|p2a: Landorus|U-turn|p1a: Diego delink
|-resisted|p1a: Diego delink
|-activate|p1a: Diego delink|move: Substitute|[damage]
|
|switch|p2a: Corviknight|Corviknight, F|100/100|[from] U-turn
|move|p1a: Diego delink|Tera Blast|p2a: Corviknight
|-resisted|p2a: Corviknight
|-damage|p2a: Corviknight|49/100
|
|-heal|p1a: Diego delink|88/100|[from] item: Leftovers
|turn|7
|
|move|p1a: Diego delink|Tera Blast|p2a: Corviknight
|-resisted|p2a: Corviknight
|-damage|p2a: Corviknight|0 fnt
|faint|p2a: Corviknight
|
|-heal|p1a: Diego delink|94/100|[from] item: Leftovers
|
|switch|p2a: Landorus|Landorus-Therian, M|100/100
|-ability|p2a: Landorus|Intimidate|boost
|-immune|p1a: Diego delink
|turn|8
|
|move|p2a: Landorus|U-turn|p1a: Diego delink
|-resisted|p1a: Diego delink
|-end|p1a: Diego delink|Substitute
|
|switch|p2a: Heatran|Heatran, F|100/100|[from] U-turn
|move|p1a: Diego delink|Substitute|p1a: Diego delink
|-start|p1a: Diego delink|Substitute
|-damage|p1a: Diego delink|69/100
|
|-heal|p1a: Diego delink|75/100|[from] item: Leftovers
|-sideend|p1: p1|Reflect
|turn|9
|
|move|p1a: Diego delink|Earthquake|p2a: Heatran
|-supereffective|p2a: Heatran
|-damage|p2a: Heatran|0 fnt
|faint|p2a: Heatran
|
|-heal|p1a: Diego delink|81/100|[from] item: Leftovers
|-message|p2 forfeited.
|
|win|p1
