# advantage = p1
|poke|p1|Magnezone|
|poke|p1|Braviary-Hisui, M|
|poke|p1|Cinderace, M|
|poke|p1|Enamorus, F|
|poke|p1|Landorus-Therian, M|
|poke|p1|Urshifu-*, M|
|poke|p2|Zapdos|
|poke|p2|Urshifu-*, F|
|poke|p2|Magearna|
|poke|p2|Great Tusk|
|poke|p2|Dragapult, M|
|poke|p2|Chien-Pao|
|teampreview
|
|start
|switch|p1a: Yungeen Ace|Cinderace, M|100/100
|switch|p2a: Urshifu|Urshifu-Rapid-Strike, F|100/100
|turn|1
|
|move|p2a: Urshifu|Surging Strikes|p1a: Yungeen Ace
|-supereffective|p1a: Yungeen Ace
|-crit|p1a: Yungeen Ace
|-damage|p1a: Yungeen Ace|57/100
|-supereffective|p1a: Yungeen Ace
|-crit|p1a: Yungeen Ace
|-damage|p1a: Yungeen Ace|7/100
|-supereffective|p1a: Yungeen Ace
|-crit|p1a: Yungeen Ace
|-damage|p1a: Yungeen Ace|0 fnt
|faint|p1a: Yungeen Ace
|-hitcount|p1: Yungeen Ace|3
|
|
|switch|p1a: Led Zeppelin|Braviary-Hisui, M|100/100
|turn|2
|
|switch|p2a: Magearna|Magearna|100/100
|move|p1a: Led Zeppelin|Esper Wing|p2a: Magearna
|-resisted|p2a: Magearna
|-damage|p2a: Magearna|63/100
|-boost|p1a: Led Zeppelin|spe|1
|
|turn|3
|
|move|p1a: Led Zeppelin|Esper Wing|p2a: Magearna
|-resisted|p2a: Magearna
|-damage|p2a: Magearna|22/100
|-boost|p1a: Led Zeppelin|spe|1
|move|p2a: Magearna|Volt Switch|p1a: Led Zeppelin
|-supereffective|p1a: Led Zeppelin
|-damage|p1a: Led Zeppelin|48/100
|
|switch|p2a: Chien-Pao|Chien-Pao|100/100|[from] Volt Switch
|-ability|p2a: Chien-Pao|Sword of Ruin
|
|turn|4
|
|switch|p1a: Landorus|Landorus-Therian, M|100/100
|-ability|p1a: Landorus|Intimidate|boost
|-unboost|p2a: Chien-Pao|atk|1
|move|p2a: Chien-Pao|Ice Shard|p1a: Landorus
|-supereffective|p1a: Landorus
|-damage|p1a: Landorus|0 fnt
|faint|p1a: Landorus
|
|
|switch|p1a: Carl Douglas|Urshifu-Rapid-Strike, M|100/100
|turn|5
|
|switch|p2a: Zapdos|Zapdos|100/100
|move|p1a: Carl Douglas|Swords Dance|p1a: Carl Douglas
|-boost|p1a: Carl Douglas|atk|2
|
|turn|6
|
|move|p1a: Carl Douglas|Surging Strikes|p2a: Zapdos
|-crit|p2a: Zapdos
|-damage|p2a: Zapdos|69/100
|-crit|p2a: Zapdos
|-damage|p2a: Zapdos|39/100
|-crit|p2a: Zapdos
|-damage|p2a: Zapdos|5/100
|-hitcount|p2a: Zapdos|3
|move|p2a: Zapdos|Hurricane|p1a: Carl Douglas
|-supereffective|p1a: Carl Douglas
|-damage|p1a: Carl Douglas|0 fnt
|faint|p1a: Carl Douglas
|
|
|switch|p1a: Led Zeppelin|Braviary-Hisui, M|48/100
|turn|7
|
|move|p1a: Led Zeppelin|Dazzling Gleam|p2a: Zapdos
|-damage|p2a: Zapdos|0 fnt
|faint|p2a: Zapdos
|
|
|switch|p2a: Chien-Pao|Chien-Pao|100/100
|-ability|p2a: Chien-Pao|Sword of Ruin
|turn|8
|
|switch|p1a: Miki Matsubara|Magnezone|100/100
|-terastallize|p2a: Chien-Pao|Dark
|move|p2a: Chien-Pao|Crunch|p1a: Miki Matsubara
|-damage|p1a: Miki Matsubara|28/100
|
|turn|9
|
|move|p2a: Chien-Pao|Crunch|p1a: Miki Matsubara
|-damage|p1a: Miki Matsubara|0 fnt
|faint|p1a: Miki Matsubara
|
|
|switch|p1a: blondie|Enamorus, F|100/100
|turn|10
|
|switch|p2a: Magearna|Magearna|22/100
|move|p1a: blondie|Play Rough|p2a: Magearna
|-resisted|p2a: Magearna
|-damage|p2a: Magearna|8/100
|
|turn|11
|
|move|p1a: blondie|Superpower|p2a: Magearna
|-damage|p2a: Magearna|0 fnt
|-boost|p1a: blondie|atk|1
|-boost|p1a: blondie|def|1
|faint|p2a: Magearna
|
|
|switch|p2a: Chien-Pao|Chien-Pao, tera:Dark|100/100
|-ability|p2a: Chien-Pao|Sword of Ruin
|turn|12
|
|move|p2a: Chien-Pao|Icicle Crash|p1a: blondie
|-supereffective|p1a: blondie
|-damage|p1a: blondie|0 fnt
|faint|p1a: blondie
|
|
|switch|p1a: Led Zeppelin|Braviary-Hisui, M|48/100
|turn|13
|
|move|p2a: Chien-Pao|Icicle Crash|p1a: Led Zeppelin
|-supereffective|p1a: Led Zeppelin
|-damage|p1a: Led Zeppelin|0 fnt
|faint|p1a: Led Zeppelin
|
|win|p2
