|poke|p1|Kleavor, M|
|poke|p1|Dragapult, F|
|poke|p1|Great Tusk|
|poke|p1|Rotom-Wash|
|poke|p1|Magearna|
|poke|p1|Cinderace, F|
|poke|p2|Lilligant-Hisui, F|
|poke|p2|Grimmsnarl, M|
|poke|p2|Braviary-Hisui, M|
|poke|p2|Ursaluna, M|
|poke|p2|Kleavor, F|
|poke|p2|Sneasler, F|
|teampreview
|
|start
|switch|p1a: Dragapult|Dragapult, F|100/100
|switch|p2a: Grimmsnarl|Grimmsnarl, M|100/100
|turn|1
|
|move|p2a: Grimmsnarl|Reflect|p2a: Grimmsnarl
|-sidestart|p2: p2|Reflect
|move|p1a: Dragapult|Thunder Wave|p2a: Grimmsnarl
|-status|p2a: Grimmsnarl|par
|
|turn|2
|
|move|p2a: Grimmsnarl|Light Screen|p2a: Grimmsnarl
|-sidestart|p2: p2|move: Light Screen
|move|p1a: Dragapult|Reflect|p1a: Dragapult
|-sidestart|p1: p1|Reflect
|
|turn|3
|
|switch|p2a: Ursaluna|Ursaluna, M|100/100
|move|p1a: Dragapult|Light Screen|p1a: Dragapult
|-sidestart|p1: p1|move: Light Screen
|
|-status|p2a: Ursaluna|brn|[from] item: Flame Orb
|turn|4
|
|move|p1a: Dragapult|Curse|p2a: Ursaluna
|-start|p2a: Ursaluna|Curse|[of] p1a: Dragapult
|-damage|p1a: Dragapult|50/100
|move|p2a: Ursaluna|Swords Dance|p2a: Ursaluna
|-boost|p2a: Ursaluna|atk|2
|
|-damage|p2a: Ursaluna|94/100 brn|[from] brn
|-damage|p2a: Ursaluna|70/100 brn|[from] Curse
|turn|5
|
|move|p1a: Dragapult|Curse||[still]
|-fail|p1a: Dragapult
|move|p2a: Ursaluna|Headlong Rush|p1a: Dragapult
|-damage|p1a: Dragapult|0 fnt
|-unboost|p2a: Ursaluna|def|1
|-unboost|p2a: Ursaluna|spd|1
|faint|p1a: Dragapult
|
|-damage|p2a: Ursaluna|64/100 brn|[from] brn
|-damage|p2a: Ursaluna|39/100 brn|[from] Curse
|
|switch|p1a: Kleavor|Kleavor, M|100/100
|turn|6
|
|switch|p2a: Lilligant|Lilligant-Hisui, F|100/100
|move|p1a: Kleavor|Agility|p1a: Kleavor
|-boost|p1a: Kleavor|spe|2
|
|turn|7
|
|move|p1a: Kleavor|Swords Dance|p1a: Kleavor
|-boost|p1a: Kleavor|atk|2
|move|p2a: Lilligant|Victory Dance|p2a: Lilligant
|-boost|p2a: Lilligant|atk|1
|-boost|p2a: Lilligant|def|1
|-boost|p2a: Lilligant|spe|1
|
|turn|8
|
|-terastallize|p1a: Kleavor|Bug
|move|p1a: Kleavor|Fury Cutter|p2a: Lilligant
|-damage|p2a: Lilligant|50/100
|move|p2a: Lilligant|Victory Dance|p2a: Lilligant
|-boost|p2a: Lilligant|atk|1
|-boost|p2a: Lilligant|def|1
|-boost|p2a: Lilligant|spe|1
|
|-sideend|p2: p2|Reflect
|turn|9
|
|move|p2a: Lilligant|Leaf Blade|p1a: Kleavor
|-resisted|p1a: Kleavor
|-damage|p1a: Kleavor|64/100
|move|p1a: Kleavor|Fury Cutter|p2a: Lilligant
|-damage|p2a: Lilligant|0 fnt
|faint|p2a: Lilligant
|
|-sideend|p1: p1|Reflect
|-sideend|p2: p2|move: Light Screen
|
|switch|p2a: Sneasler|Sneasler, F|100/100
|turn|10
|
|move|p1a: Kleavor|Fury Cutter|p2a: Sneasler
|-resisted|p2a: Sneasler
|-damage|p2a: Sneasler|0 fnt
|faint|p2a: Sneasler
|
|-sideend|p1: p1|move: Light Screen
|
|switch|p2a: Braviary|Braviary-Hisui, M|100/100
|turn|11
|
|move|p1a: Kleavor|Fury Cutter|p2a: Braviary
|-damage|p2a: Braviary|0 fnt
|faint|p2a: Braviary
|
|-message|p2 forfeited.
|
|win|p1
