|poke|p1|Blissey, F|
|poke|p1|Toxapex, M|
|poke|p1|Ditto|
|poke|p1|Avalugg, F|
|poke|p1|Corviknight, F|
|poke|p1|Quagsire, F|
|poke|p2|Dondozo, M|
|poke|p2|Goodra-Hisui, M|
|poke|p2|Slowking, M|
|poke|p2|Dudunsparce-*, M|
|poke|p2|Orthworm, M|
|poke|p2|Clodsire, F|
|teampreview
|
|start
|switch|p1a: Quagsire|Quagsire, F|100/100
|switch|p2a: Dudunsparce|Dudunsparce, M|100/100
|turn|1
|
|move|p2a: Dudunsparce|Boomburst|p1a: Quagsire
|-damage|p1a: Quagsire|0 fnt
|faint|p1a: Quagsire
|
|
|switch|p1a: Blissey|Blissey, F|100/100
|turn|2
|
|switch|p2a: Goodra|Goodra-Hisui, M|100/100
|move|p1a: Blissey|Seismic Toss|p2a: Goodra
|-damage|p2a: Goodra|67/100
|-ability|p2a: Goodra|Gooey
|-unboost|p1a: Blissey|spe|1
|
|turn|3
|
|move|p2a: Goodra|Curse|p2a: Goodra
|-unboost|p2a: Goodra|spe|1
|-boost|p2a: Goodra|atk|1
|-boost|p2a: Goodra|def|1
|move|p1a: Blissey|Soft-Boiled||[still]
|-fail|p1a: Blissey|heal
|
|turn|4
|
|move|p1a: Blissey|Seismic Toss|p2a: Goodra
|-damage|p2a: Goodra|34/100
|-ability|p2a: Goodra|Gooey
|-unboost|p1a: Blissey|spe|1
|move|p2a: Goodra|Dragon Claw|p1a: Blissey
|-damage|p1a: Blissey|62/100
|
|turn|5
|
|switch|p1a: Toxapex|Toxapex, M|100/100
|move|p2a: Goodra|Rest|p2a: Goodra
|-status|p2a: Goodra|slp|[from] move: Rest
|-heal|p2a: Goodra|100/100 slp|[silent]
|
|turn|6
|
|switch|p1a: Ditto|Ditto|100/100
|-transform|p1a: Ditto|p2a: Goodra|[from] ability: Imposter
|cant|p2a: Goodra|slp
|move|p2a: Goodra|Sleep Talk|p2a: Goodra
|move|p2a: Goodra|Dragon Claw|p1a: Ditto|[from]move: Sleep Talk
|-damage|p1a: Ditto|78/100
|-ability|p1a: Ditto|Gooey
|-unboost|p2a: Goodra|spe|1
|
|turn|7
|
|switch|p1a: Toxapex|Toxapex, M|100/100
|cant|p2a: Goodra|slp
|move|p2a: Goodra|Sleep Talk|p2a: Goodra
|move|p2a: Goodra|Rest||[from]move: Sleep Talk|[still]
|-fail|p2a: Goodra
|
|turn|8
|
|move|p1a: Toxapex|Toxic Spikes|p2a: Goodra
|-sidestart|p2: Kalen80|move: Toxic Spikes
|-curestatus|p2a: Goodra|slp|[msg]
|move|p2a: Goodra|Dragon Claw|p1a: Toxapex
|-damage|p1a: Toxapex|67/100
|
|-heal|p1a: Toxapex|72/100|[from] item: Black Sludge
|turn|9
|
|move|p1a: Toxapex|Haze|p1a: Toxapex
|-clearallboost
|move|p2a: Goodra|Dragon Claw|p1a: Toxapex
|-damage|p1a: Toxapex|51/100
|
|-heal|p1a: Toxapex|57/100|[from] item: Black Sludge
|turn|10
|
|switch|p1a: Corviknight|Corviknight, F|100/100
|-ability|p1a: Corviknight|Pressure
|move|p2a: Goodra|Curse|p2a: Goodra
|-unboost|p2a: Goodra|spe|1
|-boost|p2a: Goodra|atk|1
|-boost|p2a: Goodra|def|1
|
|turn|11
|
|move|p1a: Corviknight|Iron Defense|p1a: Corviknight
|-boost|p1a: Corviknight|def|2
|move|p2a: Goodra|Curse|p2a: Goodra
|-unboost|p2a: Goodra|spe|1
|-boost|p2a: Goodra|atk|1
|-boost|p2a: Goodra|def|1
|
|turn|12
|
|move|p1a: Corviknight|Iron Defense|p1a: Corviknight
|-boost|p1a: Corviknight|def|2
|move|p2a: Goodra|Curse|p2a: Goodra
|-unboost|p2a: Goodra|spe|1
|-boost|p2a: Goodra|atk|1
|-boost|p2a: Goodra|def|1
|
|turn|13
|
|move|p1a: Corviknight|Iron Defense|p1a: Corviknight
|-boost|p1a: Corviknight|def|2
|move|p2a: Goodra|Dragon Claw|p1a: Corviknight
|-resisted|p1a: Corviknight
|-damage|p1a: Corviknight|95/100
|-damage|p2a: Goodra|84/100|[from] item: Rocky Helmet|[of] p1a: Corviknight
|
|turn|14
|
|move|p1a: Corviknight|Body Press|p2a: Goodra
|-supereffective|p2a: Goodra
|-damage|p2a: Goodra|17/100
|-ability|p2a: Goodra|Gooey
|-unboost|p1a: Corviknight|spe|1
|-enditem|p2a: Goodra|Weakness Policy
|-boost|p2a: Goodra|atk|2|[from] item: Weakness Policy
|-boost|p2a: Goodra|spa|2|[from] item: Weakness Policy
|move|p2a: Goodra|Curse|p2a: Goodra
|-unboost|p2a: Goodra|spe|1
|-boost|p2a: Goodra|atk|1
|-boost|p2a: Goodra|def|1
|
|turn|15
|
|move|p1a: Corviknight|Body Press|p2a: Goodra
|-supereffective|p2a: Goodra
|-damage|p2a: Goodra|0 fnt
|-ability|p2a: Goodra|Gooey
|-unboost|p1a: Corviknight|spe|1
|faint|p2a: Goodra
|
|
|switch|p2a: Dudunsparce|Dudunsparce, M|100/100
|-status|p2a: Dudunsparce|psn
|turn|16
|
|-terastallize|p2a: Dudunsparce|Ghost
|move|p2a: Dudunsparce|Fire Blast|p1a: Corviknight
|-supereffective|p1a: Corviknight
|-damage|p1a: Corviknight|0 fnt
|faint|p1a: Corviknight
|
|-damage|p2a: Dudunsparce|88/100 psn|[from] psn
|
|switch|p1a: Blissey|Blissey, F|62/100
|turn|17
|
|switch|p2a: Clodsire|Clodsire, F|100/100
|-item|p2a: Clodsire|Air Balloon
|move|p1a: Blissey|Seismic Toss|p2a: Clodsire
|-damage|p2a: Clodsire|76/100
|-enditem|p2a: Clodsire|Air Balloon
|
|turn|18
|
|move|p1a: Blissey|Seismic Toss|p2a: Clodsire
|-damage|p2a: Clodsire|51/100
|move|p2a: Clodsire|Stealth Rock|p1a: Blissey
|-sidestart|p1: fdvbdfeydfg|move: Stealth Rock
|
|turn|19
|
|move|p1a: Blissey|Seismic Toss|p2a: Clodsire
|-damage|p2a: Clodsire|26/100
|move|p2a: Clodsire|Toxic Spikes|p1a: Blissey
|-sidestart|p1: fdvbdfeydfg|move: Toxic Spikes
|
|turn|20
|
|switch|p2a: Dudunsparce|Dudunsparce, M, tera:Ghost|88/100 psn
|move|p1a: Blissey|Seismic Toss|p2a: Dudunsparce
|-immune|p2a: Dudunsparce
|
|-damage|p2a: Dudunsparce|76/100 psn|[from] psn
|turn|21
|
|switch|p2a: Clodsire|Clodsire, F|26/100
|-sideend|p2: Kalen80|move: Toxic Spikes|[of] p2a: Clodsire
|move|p1a: Blissey|Soft-Boiled|p1a: Blissey
|-heal|p1a: Blissey|100/100
|
|turn|22
|
|move|p1a: Blissey|Seismic Toss|p2a: Clodsire
|-damage|p2a: Clodsire|1/100
|move|p2a: Clodsire|Toxic Spikes|p1a: Blissey
|-sidestart|p1: fdvbdfeydfg|move: Toxic Spikes
|
|turn|23
|
|switch|p2a: Dudunsparce|Dudunsparce, M, tera:Ghost|76/100 psn
|move|p1a: Blissey|Seismic Toss|p2a: Dudunsparce
|-immune|p2a: Dudunsparce
|
|-damage|p2a: Dudunsparce|64/100 psn|[from] psn
|turn|24
|
|move|p1a: Blissey|Shadow Ball|p2a: Dudunsparce
|-supereffective|p2a: Dudunsparce
|-damage|p2a: Dudunsparce|38/100 psn
|-ability|p2a: Dudunsparce|Rattled|boost
|-boost|p2a: Dudunsparce|spe|1
|move|p2a: Dudunsparce|Boomburst|p1a: Blissey
|-damage|p1a: Blissey|70/100
|
|-damage|p2a: Dudunsparce|25/100 psn|[from] psn
|turn|25
|
|switch|p2a: Orthworm|Orthworm, M|100/100
|move|p1a: Blissey|Shadow Ball|p2a: Orthworm
|-damage|p2a: Orthworm|83/100
|-unboost|p2a: Orthworm|spd|1
|
|turn|26
|
|move|p2a: Orthworm|Coil|p2a: Orthworm
|-boost|p2a: Orthworm|atk|1
|-boost|p2a: Orthworm|def|1
|-boost|p2a: Orthworm|accuracy|1
|move|p1a: Blissey|Soft-Boiled|p1a: Blissey
|-heal|p1a: Blissey|100/100
|
|turn|27
|
|move|p2a: Orthworm|Iron Tail|p1a: Blissey
|-damage|p1a: Blissey|45/100
|move|p1a: Blissey|Shadow Ball|p2a: Orthworm
|-damage|p2a: Orthworm|56/100
|
|turn|28
|
|switch|p1a: Toxapex|Toxapex, M|90/100
|-damage|p1a: Toxapex|78/100|[from] Stealth Rock
|-sideend|p1: fdvbdfeydfg|move: Toxic Spikes|[of] p1a: Toxapex
|move|p2a: Orthworm|Iron Tail|p1a: Toxapex
|-resisted|p1a: Toxapex
|-damage|p1a: Toxapex|53/100
|-unboost|p1a: Toxapex|def|1
|
|-heal|p1a: Toxapex|59/100|[from] item: Black Sludge
|turn|29
|
|move|p2a: Orthworm|Iron Tail|p1a: Toxapex
|-resisted|p1a: Toxapex
|-damage|p1a: Toxapex|23/100
|move|p1a: Toxapex|Haze|p1a: Toxapex
|-clearallboost
|
|-heal|p1a: Toxapex|29/100|[from] item: Black Sludge
|turn|30
|
|move|p2a: Orthworm|Earthquake|p1a: Toxapex
|-supereffective|p1a: Toxapex
|-crit|p1a: Toxapex
|-damage|p1a: Toxapex|0 fnt
|faint|p1a: Toxapex
|
|
|switch|p1a: Avalugg|Avalugg, F|100/100
|-damage|p1a: Avalugg|76/100|[from] Stealth Rock
|turn|31
|
|move|p2a: Orthworm|Iron Tail|p1a: Avalugg
|-supereffective|p1a: Avalugg
|-damage|p1a: Avalugg|41/100
|-unboost|p1a: Avalugg|def|1
|move|p1a: Avalugg|Rapid Spin|p2a: Orthworm
|-resisted|p2a: Orthworm
|-damage|p2a: Orthworm|50/100
|-boost|p1a: Avalugg|spe|1
|-sideend|p1: fdvbdfeydfg|Stealth Rock|[from] move: Rapid Spin|[of] p1a: Avalugg
|
|-heal|p1a: Avalugg|48/100|[from] item: Leftovers
|turn|32
|
|switch|p1a: Ditto|Ditto|78/100
|-transform|p1a: Ditto|p2a: Orthworm|[from] ability: Imposter
|move|p2a: Orthworm|Iron Tail|p1a: Ditto
|-resisted|p1a: Ditto
|-damage|p1a: Ditto|62/100
|
|turn|33
|
|move|p1a: Ditto|Iron Tail|p2a: Orthworm
|-resisted|p2a: Orthworm
|-damage|p2a: Orthworm|34/100
|-unboost|p2a: Orthworm|def|1
|move|p2a: Orthworm|Coil|p2a: Orthworm
|-boost|p2a: Orthworm|atk|1
|-boost|p2a: Orthworm|def|1
|-boost|p2a: Orthworm|accuracy|1
|
|turn|34
|
|move|p1a: Ditto|Iron Tail|p2a: Orthworm
|-resisted|p2a: Orthworm
|-crit|p2a: Orthworm
|-damage|p2a: Orthworm|8/100
|move|p2a: Orthworm|Coil|p2a: Orthworm
|-boost|p2a: Orthworm|atk|1
|-boost|p2a: Orthworm|def|1
|-boost|p2a: Orthworm|accuracy|1
|
|turn|35
|
|switch|p2a: Slowking|Slowking, M|100/100
|move|p1a: Ditto|Iron Tail|p2a: Slowking|[miss]
|-miss|p1a: Ditto|p2a: Slowking
|
|turn|36
|
|switch|p1a: Blissey|Blissey, F|45/100
|move|p2a: Slowking|Future Sight|p1a: Blissey
|-start|p2a: Slowking|move: Future Sight
|
|turn|37
|
|move|p1a: Blissey|Seismic Toss|p2a: Slowking
|-damage|p2a: Slowking|70/100
|move|p2a: Slowking|Trick Room|p2a: Slowking
|-fieldstart|move: Trick Room|[of] p2a: Slowking
|
|turn|38
|
|move|p2a: Slowking|Chilly Reception|p2a: Slowking
|-weather|Snow
|
|switch|p2a: Dudunsparce|Dudunsparce, M, tera:Ghost|25/100 psn|[from] Chilly Reception
|move|p1a: Blissey|Soft-Boiled|p1a: Blissey
|-heal|p1a: Blissey|95/100
|
|-weather|Snow|[upkeep]
|-end|p1a: Blissey|move: Future Sight
|-damage|p1a: Blissey|81/100
|-damage|p2a: Dudunsparce|13/100 psn|[from] psn
|turn|39
|
|switch|p2a: Clodsire|Clodsire, F|1/100
|move|p1a: Blissey|Soft-Boiled|p1a: Blissey
|-heal|p1a: Blissey|100/100
|
|-weather|Snow|[upkeep]
|turn|40
|
|move|p2a: Clodsire|Toxic Spikes|p1a: Blissey
|-sidestart|p1: fdvbdfeydfg|move: Toxic Spikes
|move|p1a: Blissey|Shadow Ball|p2a: Clodsire
|-damage|p2a: Clodsire|0 fnt
|faint|p2a: Clodsire
|
|-weather|Snow|[upkeep]
|
|switch|p2a: Orthworm|Orthworm, M|8/100
|turn|41
|
|move|p1a: Blissey|Seismic Toss|p2a: Orthworm
|-damage|p2a: Orthworm|0 fnt
|faint|p2a: Orthworm
|
|-weather|Snow|[upkeep]
|-fieldend|move: Trick Room
|
|switch|p2a: Dondozo|Dondozo, M|100/100
|turn|42
|
|move|p1a: Blissey|Seismic Toss|p2a: Dondozo
|-damage|p2a: Dondozo|81/100
|move|p2a: Dondozo|Curse|p2a: Dondozo
|-unboost|p2a: Dondozo|spe|1
|-boost|p2a: Dondozo|atk|1
|-boost|p2a: Dondozo|def|1
|
|-weather|none
|turn|43
|
|move|p1a: Blissey|Seismic Toss|p2a: Dondozo
|-damage|p2a: Dondozo|61/100
|move|p2a: Dondozo|Liquidation|p1a: Blissey
|-damage|p1a: Blissey|62/100
|-unboost|p1a: Blissey|def|1
|
|turn|44
|
|switch|p1a: Avalugg|Avalugg, F|48/100
|-status|p1a: Avalugg|psn
|move|p2a: Dondozo|Curse|p2a: Dondozo
|-unboost|p2a: Dondozo|spe|1
|-boost|p2a: Dondozo|atk|1
|-boost|p2a: Dondozo|def|1
|
|-heal|p1a: Avalugg|54/100 psn|[from] item: Leftovers
|-damage|p1a: Avalugg|41/100 psn|[from] psn
|turn|45
|
|switch|p2a: Dudunsparce|Dudunsparce, M, tera:Ghost|13/100 psn
|move|p1a: Avalugg|Rapid Spin|p2a: Dudunsparce
|-immune|p2a: Dudunsparce
|
|-heal|p1a: Avalugg|47/100 psn|[from] item: Leftovers
|-damage|p2a: Dudunsparce|1/100 psn|[from] psn
|-damage|p1a: Avalugg|35/100 psn|[from] psn
|turn|46
|
|switch|p1a: Blissey|Blissey, F|62/100
|move|p2a: Dudunsparce|Boomburst|p1a: Blissey
|-damage|p1a: Blissey|31/100
|
|-damage|p2a: Dudunsparce|0 fnt|[from] psn
|faint|p2a: Dudunsparce
|
|switch|p2a: Dondozo|Dondozo, M|61/100
|turn|47
|
|move|p1a: Blissey|Soft-Boiled|p1a: Blissey
|-heal|p1a: Blissey|81/100
|move|p2a: Dondozo|Liquidation|p1a: Blissey
|-damage|p1a: Blissey|55/100
|
|turn|48
|
|move|p1a: Blissey|Seismic Toss|p2a: Dondozo
|-damage|p2a: Dondozo|41/100
|move|p2a: Dondozo|Curse|p2a: Dondozo
|-unboost|p2a: Dondozo|spe|1
|-boost|p2a: Dondozo|atk|1
|-boost|p2a: Dondozo|def|1
|
|turn|49
|
|move|p1a: Blissey|Soft-Boiled|p1a: Blissey
|-heal|p1a: Blissey|100/100
|move|p2a: Dondozo|Rest|p2a: Dondozo
|-status|p2a: Dondozo|slp|[from] move: Rest
|-heal|p2a: Dondozo|100/100 slp|[silent]
|-enditem|p2a: Dondozo|Chesto Berry|[eat]
|-curestatus|p2a: Dondozo|slp|[msg]
|
|turn|50
|
|move|p1a: Blissey|Shadow Ball|p2a: Dondozo
|-damage|p2a: Dondozo|91/100
|-unboost|p2a: Dondozo|spd|1
|move|p2a: Dondozo|Curse|p2a: Dondozo
|-unboost|p2a: Dondozo|spe|1
|-boost|p2a: Dondozo|atk|1
|-boost|p2a: Dondozo|def|1
|
|turn|51
|
|move|p1a: Blissey|Shadow Ball|p2a: Dondozo
|-damage|p2a: Dondozo|78/100
|move|p2a: Dondozo|Curse|p2a: Dondozo
|-unboost|p2a: Dondozo|spe|1
|-boost|p2a: Dondozo|atk|1
|-boost|p2a: Dondozo|def|1
|
|turn|52
|
|move|p1a: Blissey|Seismic Toss|p2a: Dondozo
|-damage|p2a: Dondozo|58/100
|move|p2a: Dondozo|Liquidation|p1a: Blissey
|-damage|p1a: Blissey|38/100
|-unboost|p1a: Blissey|def|1
|
|turn|53
|
|move|p1a: Blissey|Seismic Toss|p2a: Dondozo
|-damage|p2a: Dondozo|38/100
|move|p2a: Dondozo|Liquidation|p1a: Blissey
|-damage|p1a: Blissey|0 fnt
|faint|p1a: Blissey
|
|
|switch|p1a: Ditto|Ditto|62/100
|-status|p1a: Ditto|psn
|-transform|p1a: Ditto|p2a: Dondozo|[from] ability: Imposter
|turn|54
|
|move|p1a: Ditto|Liquidation|p2a: Dondozo
|-resisted|p2a: Dondozo
|-crit|p2a: Dondozo
|-damage|p2a: Dondozo|26/100
|-unboost|p2a: Dondozo|def|1
|move|p2a: Dondozo|Rest|p2a: Dondozo
|-status|p2a: Dondozo|slp|[from] move: Rest
|-heal|p2a: Dondozo|100/100 slp|[silent]
|
|-damage|p1a: Ditto|50/100 psn|[from] psn
|turn|55
|-message|fdvbdfeydfg forfeited.
|
|win|Kalen80
