|poke|p1|Hydreigon, F|
|poke|p1|Overqwil, F|
|poke|p1|Great Tusk|
|poke|p1|Slowking, F|
|poke|p1|Gholdengo|
|poke|p1|Zapdos|
|poke|p2|Bronzong|
|poke|p2|Iron Hands|
|poke|p2|Ursaluna, F|
|poke|p2|Cresselia, F|
|poke|p2|Rabsca, F|
|poke|p2|Kingambit, F|
|teampreview
|
|start
|switch|p1a: Overqwil|Overqwil, F|100/100
|switch|p2a: Bronzong|Bronzong|100/100
|-ability|p1a: Overqwil|Intimidate|boost
|-unboost|p2a: Bronzong|atk|1
|turn|1
|
|move|p1a: Overqwil|Taunt|p2a: Bronzong
|-start|p2a: Bronzong|move: Taunt
|cant|p2a: Bronzong|move: Taunt|Trick Room
|
|turn|2
|
|switch|p2a: Iron Hands|Iron Hands|100/100
|-enditem|p2a: Iron Hands|Booster Energy
|-activate|p2a: Iron Hands|ability: Quark Drive|[fromitem]
|-start|p2a: Iron Hands|quarkdriveatk
|move|p1a: Overqwil|Spikes|p2a: Iron Hands
|-sidestart|p2: PB3733732|Spikes
|
|turn|3
|
|move|p1a: Overqwil|Spikes|p2a: Iron Hands
|-sidestart|p2: PB3733732|Spikes
|move|p2a: Iron Hands|Earthquake|p1a: Overqwil
|-supereffective|p1a: Overqwil
|-damage|p1a: Overqwil|25/100
|
|-heal|p1a: Overqwil|32/100|[from] item: Leftovers
|turn|4
|
|switch|p1a: Great Tusk|Great Tusk|100/100
|-enditem|p1a: Great Tusk|Booster Energy
|-activate|p1a: Great Tusk|ability: Protosynthesis|[fromitem]
|-start|p1a: Great Tusk|protosynthesisspe
|move|p2a: Iron Hands|Earthquake|p1a: Great Tusk
|-damage|p1a: Great Tusk|69/100
|
|turn|5
|
|-terastallize|p2a: Iron Hands|Fairy
|move|p1a: Great Tusk|Stealth Rock|p2a: Iron Hands
|-sidestart|p2: PB3733732|move: Stealth Rock
|move|p2a: Iron Hands|Play Rough|p1a: Great Tusk|[miss]
|-miss|p2a: Iron Hands|p1a: Great Tusk
|
|turn|6
|
|-end|p1a: Great Tusk|Protosynthesis|[silent]
|switch|p1a: Overqwil|Overqwil, F|32/100
|-ability|p1a: Overqwil|Intimidate|boost
|-unboost|p2a: Iron Hands|atk|1
|move|p2a: Iron Hands|Play Rough|p1a: Overqwil
|-damage|p1a: Overqwil|0 fnt
|faint|p1a: Overqwil
|
|
|switch|p1a: Gholdengo|Gholdengo|100/100
|-item|p1a: Gholdengo|Air Balloon
|turn|7
|
|move|p1a: Gholdengo|Nasty Plot|p1a: Gholdengo
|-boost|p1a: Gholdengo|spa|2
|move|p2a: Iron Hands|Wild Charge|p1a: Gholdengo
|-damage|p1a: Gholdengo|50/100
|-enditem|p1a: Gholdengo|Air Balloon
|-damage|p2a: Iron Hands|93/100|[from] Recoil
|
|turn|8
|
|move|p1a: Gholdengo|Make It Rain|p2a: Iron Hands
|-supereffective|p2a: Iron Hands
|-damage|p2a: Iron Hands|0 fnt
|-unboost|p1a: Gholdengo|spa|1
|faint|p2a: Iron Hands
|-end|p2a: Iron Hands|Quark Drive|[silent]
|
|
|switch|p2a: Rabsca|Rabsca, F|100/100
|turn|9
|
|move|p1a: Gholdengo|Shadow Ball|p2a: Rabsca
|-supereffective|p2a: Rabsca
|-crit|p2a: Rabsca
|-damage|p2a: Rabsca|0 fnt
|faint|p2a: Rabsca
|
|-message|PB3733732 forfeited.
|
|win|BlobfishNugget21
|l|☆PB3733732
