|poke|p1|Tornadus-Therian, M|
|poke|p1|Kingambit, F|
|poke|p1|Urshifu-*, M|
|poke|p1|Great Tusk|
|poke|p1|Slowking-Galar, F|
|poke|p1|Chien-Pao|
|poke|p2|Pelipper, F|
|poke|p2|Floatzel, M|
|poke|p2|Azumarill, F|
|poke|p2|Golduck, F|
|poke|p2|Pawmot, F|
|poke|p2|Toedscruel, M|
|teampreview
|
|start
|switch|p1a: Good mornoon!|Tornadus-Therian, M|100/100
|switch|p2a: Ghoti carrier|Pelipper, F|100/100
|-weather|RainDance|[from] ability: Drizzle|[of] p2a: Ghoti carrier
|turn|1
|
|move|p1a: Good mornoon!|Hurricane|p2a: Ghoti carrier
|-damage|p2a: Ghoti carrier|28/100
|move|p2a: Ghoti carrier|U-turn|p1a: Good mornoon!
|-resisted|p1a: Good mornoon!
|-damage|p1a: Good mornoon!|93/100
|
|switch|p2a: Seaking Duck|Golduck, F|100/100|[from] U-turn
|
|-weather|RainDance|[upkeep]
|turn|2
|
|switch|p1a: Eminem AI|Slowking-Galar, F|100/100
|move|p2a: Seaking Duck|Surf|p1a: Eminem AI
|-damage|p1a: Eminem AI|54/100
|-damage|p2a: Seaking Duck|91/100|[from] item: Life Orb
|
|-weather|RainDance|[upkeep]
|turn|3
|
|-terastallize|p1a: Eminem AI|Water
|move|p2a: Seaking Duck|Nasty Plot|p2a: Seaking Duck
|-boost|p2a: Seaking Duck|spa|2
|move|p1a: Eminem AI|Sludge Bomb|p2a: Seaking Duck
|-damage|p2a: Seaking Duck|33/100
|
|-weather|RainDance|[upkeep]
|turn|4
|
|move|p2a: Seaking Duck|Grass Knot|p1a: Eminem AI
|-supereffective|p1a: Eminem AI
|-damage|p1a: Eminem AI|0 fnt
|faint|p1a: Eminem AI
|-damage|p2a: Seaking Duck|23/100|[from] item: Life Orb
|
|-weather|RainDance|[upkeep]
|
|switch|p1a: Skinny Flex|Chien-Pao|100/100
|-ability|p1a: Skinny Flex|Sword of Ruin
|turn|5
|
|move|p1a: Skinny Flex|Ice Shard|p2a: Seaking Duck
|-resisted|p2a: Seaking Duck
|-damage|p2a: Seaking Duck|0 fnt
|faint|p2a: Seaking Duck
|
|-weather|RainDance|[upkeep]
|
|switch|p2a: The Goat|Azumarill, F|100/100
|turn|6
|
|switch|p1a: Ball like a laker|Urshifu-Rapid-Strike, M|100/100
|move|p2a: The Goat|Belly Drum|p2a: The Goat
|-damage|p2a: The Goat|50/100
|-setboost|p2a: The Goat|atk|6|[from] move: Belly Drum
|-enditem|p2a: The Goat|Sitrus Berry|[eat]
|-heal|p2a: The Goat|75/100|[from] item: Sitrus Berry
|
|-weather|RainDance|[upkeep]
|turn|7
|
|move|p2a: The Goat|Aqua Jet|p1a: Ball like a laker
|-resisted|p1a: Ball like a laker
|-damage|p1a: Ball like a laker|28/100
|move|p1a: Ball like a laker|Surging Strikes|p2a: The Goat
|-resisted|p2a: The Goat
|-crit|p2a: The Goat
|-damage|p2a: The Goat|61/100
|-resisted|p2a: The Goat
|-crit|p2a: The Goat
|-damage|p2a: The Goat|45/100
|-resisted|p2a: The Goat
|-crit|p2a: The Goat
|-damage|p2a: The Goat|28/100
|-hitcount|p2a: The Goat|3
|
|-weather|RainDance|[upkeep]
|turn|8
|
|move|p2a: The Goat|Aqua Jet|p1a: Ball like a laker
|-resisted|p1a: Ball like a laker
|-damage|p1a: Ball like a laker|0 fnt
|faint|p1a: Ball like a laker
|
|-weather|none
|
|switch|p1a: Skinny Flex|Chien-Pao|100/100
|-ability|p1a: Skinny Flex|Sword of Ruin
|turn|9
|
|move|p1a: Skinny Flex|Ice Shard|p2a: The Goat
|-resisted|p2a: The Goat
|-damage|p2a: The Goat|5/100
|move|p2a: The Goat|Aqua Jet|p1a: Skinny Flex
|-damage|p1a: Skinny Flex|0 fnt
|faint|p1a: Skinny Flex
|
|
|switch|p1a: Schming Schmambit|Kingambit, F|100/100
|-activate|p1a: Schming Schmambit|ability: Supreme Overlord
|-start|p1a: Schming Schmambit|fallen3|[silent]
|turn|10
|
|move|p1a: Schming Schmambit|Sucker Punch||[still]
|-fail|p1a: Schming Schmambit
|move|p2a: The Goat|Belly Drum||[still]
|-fail|p2a: The Goat
|
|turn|11
|
|move|p1a: Schming Schmambit|Sucker Punch||[still]
|-fail|p1a: Schming Schmambit
|move|p2a: The Goat|Belly Drum||[still]
|-fail|p2a: The Goat
|
|turn|12
|
|move|p1a: Schming Schmambit|Iron Head|p2a: The Goat
|-damage|p2a: The Goat|0 fnt
|faint|p2a: The Goat
|
|
|switch|p2a: Really want eject|Pawmot, F|100/100
|turn|13
|
|-end|p1a: Schming Schmambit|fallen3|[silent]
|switch|p1a: Good mornoon!|Tornadus-Therian, M|100/100
|move|p2a: Really want eject|Revival Blessing|p2a: Really want eject
|-enditem|p2a: Really want eject|Leppa Berry|[eat]
|-activate|p2a: Really want eject|item: Leppa Berry|Revival Blessing|[consumed]
|
|-heal|p2: Seaking Duck|50/100|[from] move: Revival Blessing
|
|turn|14
|
|switch|p2a: Ghoti carrier|Pelipper, F|28/100
|-weather|RainDance|[from] ability: Drizzle|[of] p2a: Ghoti carrier
|move|p1a: Good mornoon!|Hurricane|p2a: Ghoti carrier
|-crit|p2a: Ghoti carrier
|-damage|p2a: Ghoti carrier|0 fnt
|faint|p2a: Ghoti carrier
|
|-weather|RainDance|[upkeep]
|
|switch|p2a: BandedSkeda|Floatzel, M|100/100
|turn|15
|
|switch|p1a: Cracker w da Juice|Great Tusk|100/100
|move|p2a: BandedSkeda|Liquidation|p1a: Cracker w da Juice
|-supereffective|p1a: Cracker w da Juice
|-damage|p1a: Cracker w da Juice|18/100
|
|-weather|RainDance|[upkeep]
|-heal|p1a: Cracker w da Juice|25/100|[from] item: Leftovers
|turn|16
|
|move|p2a: BandedSkeda|Liquidation|p1a: Cracker w da Juice
|-supereffective|p1a: Cracker w da Juice
|-damage|p1a: Cracker w da Juice|0 fnt
|faint|p1a: Cracker w da Juice
|-end|p1a: Cracker w da Juice|Protosynthesis|[silent]
|
|-weather|RainDance|[upkeep]
|
|switch|p1a: Schming Schmambit|Kingambit, F|100/100
|-activate|p1a: Schming Schmambit|ability: Supreme Overlord
|-start|p1a: Schming Schmambit|fallen4|[silent]
|turn|17
|
|switch|p2a: Really want eject|Pawmot, F|100/100
|move|p1a: Schming Schmambit|Sucker Punch||[still]
|-fail|p1a: Schming Schmambit
|
|-weather|RainDance|[upkeep]
|turn|18
|
|-end|p1a: Schming Schmambit|fallen4|[silent]
|switch|p1a: Good mornoon!|Tornadus-Therian, M|100/100
|move|p2a: Really want eject|Revival Blessing|p2a: Really want eject
|
|-heal|p2: Ghoti carrier|50/100|[from] move: Revival Blessing
|
|-weather|RainDance|[upkeep]
|turn|19
|
|switch|p2a: Seaking Duck|Golduck, F|50/100
|move|p1a: Good mornoon!|Hurricane|p2a: Seaking Duck
|-damage|p2a: Seaking Duck|0 fnt
|faint|p2a: Seaking Duck
|
|-weather|RainDance|[upkeep]
|
|switch|p2a: BandedSkeda|Floatzel, M|100/100
|turn|20
|
|-terastallize|p2a: BandedSkeda|Water
|move|p2a: BandedSkeda|Wave Crash|p1a: Good mornoon!
|-damage|p1a: Good mornoon!|0 fnt
|faint|p1a: Good mornoon!
|-damage|p2a: BandedSkeda|71/100|[from] Recoil
|
|-weather|RainDance|[upkeep]
|
|switch|p1a: Schming Schmambit|Kingambit, F|100/100
|-activate|p1a: Schming Schmambit|ability: Supreme Overlord
|-start|p1a: Schming Schmambit|fallen5|[silent]
|turn|21
|
|move|p1a: Schming Schmambit|Sucker Punch|p2a: BandedSkeda
|-damage|p2a: BandedSkeda|0 fnt
|faint|p2a: BandedSkeda
|
|-weather|none
|
|switch|p2a: Really want eject|Pawmot, F|100/100
|turn|22
|
|move|p2a: Really want eject|Encore|p1a: Schming Schmambit
|-start|p1a: Schming Schmambit|Encore
|move|p1a: Schming Schmambit|Sucker Punch||[still]
|-fail|p1a: Schming Schmambit
|
|turn|23
|
|move|p1a: Schming Schmambit|Sucker Punch|p2a: Really want eject
|-resisted|p2a: Really want eject
|-damage|p2a: Really want eject|57/100
|move|p2a: Really want eject|Close Combat|p1a: Schming Schmambit
|-supereffective|p1a: Schming Schmambit
|-damage|p1a: Schming Schmambit|0 fnt
|-unboost|p2a: Really want eject|def|1
|-unboost|p2a: Really want eject|spd|1
|faint|p1a: Schming Schmambit
|-end|p1a: Schming Schmambit|fallen5|[silent]
|
|win|p2
