|poke|p1|Torkoal, F|
|poke|p1|Hoopa-Unbound|
|poke|p1|Walking Wake|
|poke|p1|Roaring Moon|
|poke|p1|Cinderace, M|
|poke|p1|Gholdengo|
|poke|p2|Urshifu-*, M|
|poke|p2|Decidueye-Hisui, M|
|poke|p2|Sneasler, M|
|poke|p2|Zamazenta-*|
|poke|p2|Iron Valiant|
|poke|p2|Iron Hands|
|teampreview
|
|start
|switch|p1a: Torkoal|Torkoal, F|100/100
|switch|p2a: Sneasler|Sneasler, M, shiny|100/100
|-weather|SunnyDay|[from] ability: Drought|[of] p1a: Torkoal
|turn|1
|
|move|p2a: Sneasler|Swords Dance|p2a: Sneasler
|-boost|p2a: Sneasler|atk|2
|move|p1a: Torkoal|Stealth Rock|p2a: Sneasler
|-sidestart|p2: punchyougym|move: Stealth Rock
|
|-weather|SunnyDay|[upkeep]
|turn|2
|
|move|p2a: Sneasler|Dire Claw|p1a: Torkoal
|-damage|p1a: Torkoal|36/100
|move|p1a: Torkoal|Lava Plume|p2a: Sneasler
|-damage|p2a: Sneasler|51/100
|
|-weather|SunnyDay|[upkeep]
|-heal|p2a: Sneasler|57/100|[from] item: Black Sludge
|turn|3
|
|switch|p1a: Gholdengo|Gholdengo|100/100
|-item|p1a: Gholdengo|Air Balloon
|move|p2a: Sneasler|Dire Claw|p1a: Gholdengo
|-immune|p1a: Gholdengo
|
|-weather|SunnyDay|[upkeep]
|-heal|p2a: Sneasler|63/100|[from] item: Black Sludge
|turn|4
|
|move|p2a: Sneasler|Night Slash|p1a: Gholdengo
|-supereffective|p1a: Gholdengo
|-damage|p1a: Gholdengo|0 fnt
|-enditem|p1a: Gholdengo|Air Balloon
|faint|p1a: Gholdengo
|
|-weather|SunnyDay|[upkeep]
|-heal|p2a: Sneasler|69/100|[from] item: Black Sludge
|
|switch|p1a: Roaring Moon|Roaring Moon|100/100
|-activate|p1a: Roaring Moon|ability: Protosynthesis
|-start|p1a: Roaring Moon|protosynthesisatk
|turn|5
|
|move|p1a: Roaring Moon|Earthquake|p2a: Sneasler
|-supereffective|p2a: Sneasler
|-damage|p2a: Sneasler|0 fnt
|faint|p2a: Sneasler
|
|-weather|SunnyDay|[upkeep]
|
|switch|p2a: Iron Valiant|Iron Valiant, shiny|100/100
|-damage|p2a: Iron Valiant|94/100|[from] Stealth Rock
|-enditem|p2a: Iron Valiant|Booster Energy
|-activate|p2a: Iron Valiant|ability: Quark Drive|[fromitem]
|-start|p2a: Iron Valiant|quarkdrivespe
|turn|6
|
|-end|p1a: Roaring Moon|Protosynthesis|[silent]
|switch|p1a: Hoopa|Hoopa-Unbound|100/100
|move|p2a: Iron Valiant|Moonblast|p1a: Hoopa
|-supereffective|p1a: Hoopa
|-damage|p1a: Hoopa|13/100
|
|-weather|SunnyDay|[upkeep]
|turn|7
|
|move|p2a: Iron Valiant|Moonblast|p1a: Hoopa
|-supereffective|p1a: Hoopa
|-damage|p1a: Hoopa|0 fnt
|faint|p1a: Hoopa
|
|-weather|SunnyDay|[upkeep]
|
|switch|p1a: Walking Wake|Walking Wake|100/100
|-activate|p1a: Walking Wake|ability: Protosynthesis
|-start|p1a: Walking Wake|protosynthesisspa
|turn|8
|
|move|p2a: Iron Valiant|Moonblast|p1a: Walking Wake
|-supereffective|p1a: Walking Wake
|-damage|p1a: Walking Wake|0 fnt
|faint|p1a: Walking Wake
|-end|p1a: Walking Wake|Protosynthesis|[silent]
|
|-weather|none
|-message|O Magnifico Asriel forfeited.
|
|win|punchyougym
