# advantage = p2
|poke|p1|Magearna|
|poke|p1|Arcanine-Hisui, M|
|poke|p1|Chien-Pao|
|poke|p1|Roaring Moon|
|poke|p1|Moltres-Galar|
|poke|p1|Zamazenta-*|
|poke|p2|Landorus-Therian, M|
|poke|p2|Magearna|
|poke|p2|Grimmsnarl, M|
|poke|p2|Braviary-Hisui, M|
|poke|p2|Heatran, M|
|poke|p2|Samurott-Hisui, F|
|teampreview
|
|start
|switch|p1a: fire rock dog|Arcanine-Hisui, M|100/100
|switch|p2a: Great Tuskorus|Landorus-Therian, M|100/100
|-ability|p2a: Great Tuskorus|Intimidate|boost
|-unboost|p1a: fire rock dog|atk|1
|turn|1
|
|move|p1a: fire rock dog|Head Smash|p2a: Great Tuskorus
|-damage|p2a: Great Tuskorus|41/100
|move|p2a: Great Tuskorus|Stealth Rock|p1a: fire rock dog
|-sidestart|p1: p1|move: Stealth Rock
|
|turn|2
|
|move|p1a: fire rock dog|Head Smash|p2a: Great Tuskorus
|-damage|p2a: Great Tuskorus|0 fnt
|faint|p2a: Great Tuskorus
|
|
|switch|p2a: Samurott|Samurott-Hisui, F|100/100
|turn|3
|
|switch|p1a: mege mence dino|Roaring Moon|100/100
|-enditem|p1a: mege mence dino|Booster Energy
|-activate|p1a: mege mence dino|ability: Protosynthesis|[fromitem]
|-start|p1a: mege mence dino|protosynthesisspe
|-damage|p1a: mege mence dino|88/100|[from] Stealth Rock
|move|p2a: Samurott|Ceaseless Edge|p1a: mege mence dino
|-resisted|p1a: mege mence dino
|-damage|p1a: mege mence dino|59/100
|-sidestart|p1: p1|Spikes
|
|turn|4
|
|move|p1a: mege mence dino|Acrobatics|p2a: Samurott
|-crit|p2a: Samurott
|-damage|p2a: Samurott|21/100
|move|p2a: Samurott|Ceaseless Edge|p1a: mege mence dino|[miss]
|-miss|p2a: Samurott|p1a: mege mence dino
|
|turn|5
|
|switch|p2a: Magearna|Magearna|100/100
|move|p1a: mege mence dino|Dragon Dance|p1a: mege mence dino
|-boost|p1a: mege mence dino|atk|1
|-boost|p1a: mege mence dino|spe|1
|
|turn|6
|
|-terastallize|p2a: Magearna|Water
|move|p1a: mege mence dino|Earthquake|p2a: Magearna
|-damage|p2a: Magearna|53/100
|move|p2a: Magearna|Draining Kiss|p1a: mege mence dino
|-supereffective|p1a: mege mence dino
|-damage|p1a: mege mence dino|0 fnt
|-heal|p2a: Magearna|95/100|[from] drain|[of] p1a: mege mence dino
|faint|p1a: mege mence dino
|-ability|p2a: Magearna|Soul-Heart|boost
|-boost|p2a: Magearna|spa|1
|-end|p1a: mege mence dino|Protosynthesis|[silent]
|
|
|switch|p1a: fire rock dog|Arcanine-Hisui, M|100/100
|-damage|p1a: fire rock dog|75/100|[from] Stealth Rock
|-damage|p1a: fire rock dog|63/100|[from] Spikes
|turn|7
|
|move|p1a: fire rock dog|Wild Charge|p2a: Magearna
|-supereffective|p2a: Magearna
|-damage|p2a: Magearna|46/100
|move|p2a: Magearna|Shift Gear|p2a: Magearna
|-boost|p2a: Magearna|spe|2
|-boost|p2a: Magearna|atk|1
|
|turn|8
|
|move|p2a: Magearna|Calm Mind|p2a: Magearna
|-boost|p2a: Magearna|spa|1
|-boost|p2a: Magearna|spd|1
|move|p1a: fire rock dog|Wild Charge|p2a: Magearna
|-supereffective|p2a: Magearna
|-crit|p2a: Magearna
|-damage|p2a: Magearna|0 fnt
|faint|p2a: Magearna
|
|
|switch|p2a: Samurott|Samurott-Hisui, F|21/100
|turn|9
|
|move|p2a: Samurott|Aqua Cutter|p1a: fire rock dog
|-supereffective|p1a: fire rock dog
|-damage|p1a: fire rock dog|0 fnt
|faint|p1a: fire rock dog
|
|
|switch|p1a: fire birb|Moltres-Galar, shiny|100/100
|-damage|p1a: fire birb|75/100|[from] Stealth Rock
|turn|10
|
|move|p2a: Samurott|Aqua Cutter|p1a: fire birb
|-damage|p1a: fire birb|34/100
|-ability|p1a: fire birb|Berserk|boost
|-boost|p1a: fire birb|spa|1
|move|p1a: fire birb|Agility|p1a: fire birb
|-boost|p1a: fire birb|spe|2
|
|turn|11
|
|move|p1a: fire birb|Tera Blast|p2a: Samurott
|-damage|p2a: Samurott|0 fnt
|faint|p2a: Samurott
|
|
|switch|p2a: Grimmsnarl|Grimmsnarl, M|100/100
|turn|12
|
|move|p2a: Grimmsnarl|Light Screen|p2a: Grimmsnarl
|-sidestart|p2: p2|move: Light Screen
|move|p1a: fire birb|Tera Blast|p2a: Grimmsnarl
|-damage|p2a: Grimmsnarl|90/100
|
|turn|13
|
|move|p2a: Grimmsnarl|Taunt|p1a: fire birb
|-hint|Since gen 7, Dark is immune to Prankster moves.
|-immune|p1a: fire birb
|move|p1a: fire birb|Tera Blast|p2a: Grimmsnarl
|-damage|p2a: Grimmsnarl|79/100
|
|turn|14
|
|switch|p2a: Heatran|Heatran, M|100/100
|move|p1a: fire birb|Tera Blast|p2a: Heatran
|-resisted|p2a: Heatran
|-damage|p2a: Heatran|96/100
|
|-heal|p2a: Heatran|100/100|[from] item: Leftovers
|turn|15
|
|move|p1a: fire birb|Fiery Wrath|p2a: Heatran
|-damage|p2a: Heatran|84/100
|move|p2a: Heatran|Magma Storm|p1a: fire birb
|-damage|p1a: fire birb|4/100
|-activate|p1a: fire birb|move: Magma Storm|[of] p2a: Heatran
|
|-heal|p2a: Heatran|90/100|[from] item: Leftovers
|-damage|p1a: fire birb|0 fnt|[from] move: Magma Storm|[partiallytrapped]
|faint|p1a: fire birb
|
|switch|p1a: bing chilling|Chien-Pao|100/100
|-damage|p1a: bing chilling|76/100|[from] Stealth Rock
|-damage|p1a: bing chilling|63/100|[from] Spikes
|-ability|p1a: bing chilling|Sword of Ruin
|turn|16
|
|move|p1a: bing chilling|Sacred Sword|p2a: Heatran
|-supereffective|p2a: Heatran
|-damage|p2a: Heatran|0 fnt
|faint|p2a: Heatran
|
|
|switch|p2a: Grimmsnarl|Grimmsnarl, M|79/100
|turn|17
|
|move|p2a: Grimmsnarl|Reflect|p2a: Grimmsnarl
|-sidestart|p2: p2|Reflect
|move|p1a: bing chilling|Sacred Sword|p2a: Grimmsnarl
|-damage|p2a: Grimmsnarl|44/100
|
|turn|18
|
|switch|p2a: Braviary|Braviary-Hisui, M|100/100
|move|p1a: bing chilling|Sacred Sword|p2a: Braviary
|-resisted|p2a: Braviary
|-damage|p2a: Braviary|91/100
|
|turn|19
|
|switch|p1a: mage|Magearna|100/100
|-damage|p1a: mage|94/100|[from] Stealth Rock
|-damage|p1a: mage|82/100|[from] Spikes
|move|p2a: Braviary|Heat Wave|p1a: mage|[miss]
|-miss|p2a: Braviary|p1a: mage
|
|-heal|p1a: mage|88/100|[from] item: Leftovers
|-sideend|p2: p2|move: Light Screen
|turn|20
|
|-terastallize|p1a: mage|Psychic
|move|p2a: Braviary|Heat Wave|p1a: mage
|-damage|p1a: mage|50/100
|move|p1a: mage|Shift Gear|p1a: mage
|-boost|p1a: mage|spe|2
|-boost|p1a: mage|atk|1
|
|-heal|p1a: mage|56/100|[from] item: Leftovers
|turn|21
|
|switch|p2a: Grimmsnarl|Grimmsnarl, M|44/100
|move|p1a: mage|Calm Mind|p1a: mage
|-boost|p1a: mage|spa|1
|-boost|p1a: mage|spd|1
|
|-heal|p1a: mage|62/100|[from] item: Leftovers
|turn|22
|
|move|p2a: Grimmsnarl|Taunt|p1a: mage
|-start|p1a: mage|move: Taunt
|move|p1a: mage|Draining Kiss|p2a: Grimmsnarl
|-supereffective|p2a: Grimmsnarl
|-damage|p2a: Grimmsnarl|0 fnt
|-heal|p1a: mage|97/100|[from] drain|[of] p2a: Grimmsnarl
|faint|p2a: Grimmsnarl
|-ability|p1a: mage|Soul-Heart|boost
|-boost|p1a: mage|spa|1
|
|-heal|p1a: mage|100/100|[from] item: Leftovers
|
|switch|p2a: Braviary|Braviary-Hisui, M|91/100
|turn|23
|
|move|p1a: mage|Stored Power|p2a: Braviary
|-resisted|p2a: Braviary
|-damage|p2a: Braviary|9/100
|move|p2a: Braviary|Shadow Ball|p1a: mage
|-supereffective|p1a: mage
|-damage|p1a: mage|60/100
|
|-heal|p1a: mage|66/100|[from] item: Leftovers
|turn|24
|-message|p2 forfeited.
|
|win|p1
