# advantage = p2
|poke|p1|Hydreigon, F|
|poke|p1|Sneasler, M|
|poke|p1|Samurott-Hisui, M|
|poke|p1|Rotom-Wash|
|poke|p1|Gholdengo|
|poke|p1|Great Tusk|
|poke|p2|Dragapult, F|
|poke|p2|Magearna|
|poke|p2|Dragonite, F|
|poke|p2|Iron Valiant|
|poke|p2|Great Tusk|
|poke|p2|Iron Moth|
|teampreview
|
|start
|switch|p1a: Golden J.O.E.|Gholdengo|100/100
|switch|p2a: Man in the Mirror|Dragapult, F|100/100
|turn|1
|
|move|p2a: Man in the Mirror|Light Screen|p2a: Man in the Mirror
|-sidestart|p2: p2|move: Light Screen
|move|p1a: Golden J.O.E.|Shadow Ball|p2a: Man in the Mirror
|-supereffective|p2a: Man in the Mirror
|-damage|p2a: Man in the Mirror|50/100
|
|turn|2
|
|move|p2a: Man in the Mirror|Reflect|p2a: Man in the Mirror
|-sidestart|p2: p2|Reflect
|move|p1a: Golden J.O.E.|Shadow Ball|p2a: Man in the Mirror
|-supereffective|p2a: Man in the Mirror
|-damage|p2a: Man in the Mirror|0 fnt
|faint|p2a: Man in the Mirror
|
|
|switch|p2a: Killer Queen|Magearna|100/100
|turn|3
|
|switch|p1a: tuskethy|Great Tusk|100/100
|move|p2a: Killer Queen|Calm Mind|p2a: Killer Queen
|-boost|p2a: Killer Queen|spa|1
|-boost|p2a: Killer Queen|spd|1
|
|turn|4
|
|-terastallize|p2a: Killer Queen|Water
|move|p1a: tuskethy|Earthquake|p2a: Killer Queen
|-damage|p2a: Killer Queen|82/100
|move|p2a: Killer Queen|Shift Gear|p2a: Killer Queen
|-boost|p2a: Killer Queen|spe|2
|-boost|p2a: Killer Queen|atk|1
|
|turn|5
|
|move|p2a: Killer Queen|Shift Gear|p2a: Killer Queen
|-boost|p2a: Killer Queen|spe|2
|-boost|p2a: Killer Queen|atk|1
|move|p1a: tuskethy|Stealth Rock|p2a: Killer Queen
|-sidestart|p2: p2|move: Stealth Rock
|
|turn|6
|
|move|p2a: Killer Queen|Calm Mind|p2a: Killer Queen
|-boost|p2a: Killer Queen|spa|1
|-boost|p2a: Killer Queen|spd|1
|move|p1a: tuskethy|Knock Off|p2a: Killer Queen
|-damage|p2a: Killer Queen|71/100
|-enditem|p2a: Killer Queen|Weakness Policy|[from] move: Knock Off|[of] p1a: tuskethy
|
|turn|7
|
|move|p2a: Killer Queen|Calm Mind|p2a: Killer Queen
|-boost|p2a: Killer Queen|spa|1
|-boost|p2a: Killer Queen|spd|1
|move|p1a: tuskethy|Earthquake|p2a: Killer Queen
|-damage|p2a: Killer Queen|52/100
|
|turn|8
|
|move|p2a: Killer Queen|Calm Mind|p2a: Killer Queen
|-boost|p2a: Killer Queen|spa|1
|-boost|p2a: Killer Queen|spd|1
|move|p1a: tuskethy|Earthquake|p2a: Killer Queen
|-damage|p2a: Killer Queen|32/100
|
|-sideend|p2: p2|move: Light Screen
|turn|9
|
|move|p2a: Killer Queen|Draining Kiss|p1a: tuskethy
|-supereffective|p1a: tuskethy
|-damage|p1a: tuskethy|0 fnt
|-heal|p2a: Killer Queen|100/100|[from] drain|[of] p1a: tuskethy
|-damage|p2a: Killer Queen|84/100|[from] item: Rocky Helmet|[of] p1a: tuskethy
|faint|p1a: tuskethy
|-ability|p2a: Killer Queen|Soul-Heart|boost
|-boost|p2a: Killer Queen|spa|1
|-end|p1a: tuskethy|Protosynthesis|[silent]
|
|-sideend|p2: p2|Reflect
|
|switch|p1a: Golden J.O.E.|Gholdengo|100/100
|turn|10
|
|move|p2a: Killer Queen|Stored Power|p1a: Golden J.O.E.
|-resisted|p1a: Golden J.O.E.
|-damage|p1a: Golden J.O.E.|0 fnt
|faint|p1a: Golden J.O.E.
|-ability|p2a: Killer Queen|Soul-Heart|boost
|-boost|p2a: Killer Queen|spa|1
|
|
|switch|p1a: hydreigon deez|Hydreigon, F, shiny|100/100
|turn|11
|
|-terastallize|p1a: hydreigon deez|Fire
|move|p2a: Killer Queen|Draining Kiss|p1a: hydreigon deez
|-resisted|p1a: hydreigon deez
|-damage|p1a: hydreigon deez|40/100
|-heal|p2a: Killer Queen|100/100|[from] drain|[of] p1a: hydreigon deez
|move|p1a: hydreigon deez|Draco Meteor|p2a: Killer Queen
|-damage|p2a: Killer Queen|82/100
|-unboost|p1a: hydreigon deez|spa|2
|
|-heal|p1a: hydreigon deez|47/100|[from] item: Leftovers
|turn|12
|
|move|p2a: Killer Queen|Draining Kiss|p1a: hydreigon deez
|-resisted|p1a: hydreigon deez
|-damage|p1a: hydreigon deez|0 fnt
|-heal|p2a: Killer Queen|100/100|[from] drain|[of] p1a: hydreigon deez
|faint|p1a: hydreigon deez
|
|
|switch|p1a: Slick Willie|Sneasler, M, shiny|100/100
|turn|13
|
|move|p1a: Slick Willie|Fake Out|p2a: Killer Queen
|-enditem|p1a: Slick Willie|Normal Gem|[from] gem
|-damage|p2a: Killer Queen|83/100
|cant|p2a: Killer Queen|flinch
|
|turn|14
|
|move|p1a: Slick Willie|Dire Claw|p2a: Killer Queen
|-damage|p2a: Killer Queen|48/100
|-status|p2a: Killer Queen|slp
|cant|p2a: Killer Queen|slp
|
|turn|15
|
|move|p1a: Slick Willie|Dire Claw|p2a: Killer Queen
|-damage|p2a: Killer Queen|12/100 slp
|cant|p2a: Killer Queen|slp
|
|turn|16
|
|move|p1a: Slick Willie|Dire Claw|p2a: Killer Queen
|-damage|p2a: Killer Queen|0 fnt
|faint|p2a: Killer Queen
|
|
|switch|p2a: Civil War|Great Tusk|100/100
|-damage|p2a: Civil War|98/100|[from] Stealth Rock
|turn|17
|
|move|p1a: Slick Willie|Dire Claw|p2a: Civil War
|-resisted|p2a: Civil War
|-damage|p2a: Civil War|87/100
|-status|p2a: Civil War|slp
|cant|p2a: Civil War|slp
|
|-heal|p2a: Civil War|93/100 slp|[from] item: Leftovers
|turn|18
|
|switch|p1a: WOOSH|Rotom-Wash|100/100
|cant|p2a: Civil War|slp
|
|-heal|p2a: Civil War|99/100 slp|[from] item: Leftovers
|turn|19
|
|-end|p2a: Civil War|Protosynthesis|[silent]
|switch|p2a: Let's groove|Dragonite, F|100/100
|move|p1a: WOOSH|Hydro Pump|p2a: Let's groove
|-resisted|p2a: Let's groove
|-damage|p2a: Let's groove|89/100
|
|turn|20
|
|move|p2a: Let's groove|Dragon Dance|p2a: Let's groove
|-boost|p2a: Let's groove|atk|1
|-boost|p2a: Let's groove|spe|1
|move|p1a: WOOSH|Will-O-Wisp|p2a: Let's groove
|-status|p2a: Let's groove|brn
|
|-damage|p2a: Let's groove|83/100 brn|[from] brn
|turn|21
|
|move|p2a: Let's groove|Dragon Dance|p2a: Let's groove
|-boost|p2a: Let's groove|atk|1
|-boost|p2a: Let's groove|spe|1
|move|p1a: WOOSH|Volt Switch|p2a: Let's groove
|-damage|p2a: Let's groove|50/100 brn
|
|switch|p1a: The fav mon|Samurott-Hisui, M|100/100|[from] Volt Switch
|
|-damage|p2a: Let's groove|44/100 brn|[from] brn
|turn|22
|
|move|p2a: Let's groove|Extreme Speed|p1a: The fav mon
|-damage|p1a: The fav mon|61/100
|move|p1a: The fav mon|Ceaseless Edge|p2a: Let's groove|[miss]
|-miss|p1a: The fav mon|p2a: Let's groove
|
|-damage|p2a: Let's groove|38/100 brn|[from] brn
|turn|23
|
|move|p2a: Let's groove|Extreme Speed|p1a: The fav mon
|-damage|p1a: The fav mon|19/100
|move|p1a: The fav mon|Ceaseless Edge|p2a: Let's groove
|-damage|p2a: Let's groove|0 fnt
|-sidestart|p2: p2|Spikes
|faint|p2a: Let's groove
|
|
|switch|p2a: Virtual Insanity|Iron Valiant|100/100
|-damage|p2a: Virtual Insanity|94/100|[from] Stealth Rock
|-damage|p2a: Virtual Insanity|82/100|[from] Spikes
|-enditem|p2a: Virtual Insanity|Booster Energy
|-activate|p2a: Virtual Insanity|ability: Quark Drive|[fromitem]
|-start|p2a: Virtual Insanity|quarkdrivespe
|turn|24
|
|switch|p1a: WOOSH|Rotom-Wash|100/100
|move|p2a: Virtual Insanity|Thunderbolt|p1a: WOOSH
|-damage|p1a: WOOSH|76/100
|
|-heal|p1a: WOOSH|82/100|[from] item: Leftovers
|turn|25
|
|move|p2a: Virtual Insanity|Calm Mind|p2a: Virtual Insanity
|-boost|p2a: Virtual Insanity|spa|1
|-boost|p2a: Virtual Insanity|spd|1
|move|p1a: WOOSH|Volt Switch|p2a: Virtual Insanity
|-damage|p2a: Virtual Insanity|49/100
|
|switch|p1a: Slick Willie|Sneasler, M, shiny|100/100|[from] Volt Switch
|
|turn|26
|
|move|p1a: Slick Willie|Fake Out|p2a: Virtual Insanity
|-damage|p2a: Virtual Insanity|29/100
|cant|p2a: Virtual Insanity|flinch
|
|turn|27
|
|move|p2a: Virtual Insanity|Psyshock|p1a: Slick Willie
|-supereffective|p1a: Slick Willie
|-damage|p1a: Slick Willie|0 fnt
|faint|p1a: Slick Willie
|
|
|switch|p1a: WOOSH|Rotom-Wash|82/100
|turn|28
|
|move|p2a: Virtual Insanity|Moonblast|p1a: WOOSH
|-damage|p1a: WOOSH|22/100
|move|p1a: WOOSH|Volt Switch|p2a: Virtual Insanity
|-damage|p2a: Virtual Insanity|0 fnt
|faint|p2a: Virtual Insanity
|-end|p2a: Virtual Insanity|Quark Drive|[silent]
|
|switch|p1a: The fav mon|Samurott-Hisui, M|19/100|[from] Volt Switch
|
|
|switch|p2a: September|Iron Moth|100/100
|-damage|p2a: September|76/100|[from] Stealth Rock
|-damage|p2a: September|63/100|[from] Spikes
|-enditem|p2a: September|Booster Energy
|-activate|p2a: September|ability: Quark Drive|[fromitem]
|-start|p2a: September|quarkdrivespa
|turn|29
|
|move|p1a: The fav mon|Aqua Cutter|p2a: September
|-supereffective|p2a: September
|-damage|p2a: September|0 fnt
|faint|p2a: September
|-end|p2a: September|Quark Drive|[silent]
|
|
|switch|p2a: Civil War|Great Tusk|99/100 slp
|-damage|p2a: Civil War|96/100 slp|[from] Stealth Rock
|-damage|p2a: Civil War|84/100 slp|[from] Spikes
|turn|30
|
|move|p1a: The fav mon|Aqua Cutter|p2a: Civil War
|-supereffective|p2a: Civil War
|-damage|p2a: Civil War|38/100 slp
|cant|p2a: Civil War|slp
|
|-heal|p2a: Civil War|44/100 slp|[from] item: Leftovers
|turn|31
|
|move|p1a: The fav mon|Aqua Cutter|p2a: Civil War
|-supereffective|p2a: Civil War
|-damage|p2a: Civil War|2/100 slp
|-curestatus|p2a: Civil War|slp|[msg]
|move|p2a: Civil War|Rapid Spin|p1a: The fav mon
|-damage|p1a: The fav mon|1/100
|-boost|p2a: Civil War|spe|1
|-sideend|p2: p2|Spikes|[from] move: Rapid Spin|[of] p2a: Civil War
|-sideend|p2: p2|Stealth Rock|[from] move: Rapid Spin|[of] p2a: Civil War
|
|-heal|p2a: Civil War|9/100|[from] item: Leftovers
|turn|32
|
|switch|p1a: WOOSH|Rotom-Wash|22/100
|move|p2a: Civil War|Rapid Spin|p1a: WOOSH
|-damage|p1a: WOOSH|8/100
|-boost|p2a: Civil War|spe|1
|
|-heal|p2a: Civil War|15/100|[from] item: Leftovers
|-heal|p1a: WOOSH|14/100|[from] item: Leftovers
|turn|33
|
|move|p2a: Civil War|Body Press|p1a: WOOSH
|-damage|p1a: WOOSH|0 fnt
|faint|p1a: WOOSH
|
|-heal|p2a: Civil War|21/100|[from] item: Leftovers
|
|switch|p1a: The fav mon|Samurott-Hisui, M|1/100
|turn|34
|
|move|p1a: The fav mon|Sucker Punch|p2a: Civil War
|-resisted|p2a: Civil War
|-damage|p2a: Civil War|13/100
|move|p2a: Civil War|Rapid Spin|p1a: The fav mon
|-damage|p1a: The fav mon|0 fnt
|-boost|p2a: Civil War|spe|1
|faint|p1a: The fav mon
|
|win|p2
|player|p2|p2|kahili
