|poke|p1|Magearna|
|poke|p1|Drifblim, F|
|poke|p1|Clodsire, F|
|poke|p1|Skeledirge, F|
|poke|p1|Toxapex, M|
|poke|p1|Blissey, F|
|poke|p2|Chien-Pao|
|poke|p2|Slowking-Galar, M|
|poke|p2|Zamazenta-*|
|poke|p2|Great Tusk|
|poke|p2|Samurott-Hisui, F|
|poke|p2|Enamorus, F|
|teampreview
|
|start
|switch|p1a: Toxapex|Toxapex, M|100/100
|switch|p2a: Enamorus|Enamorus, F|100/100
|turn|1
|
|move|p2a: Enamorus|Earth Power|p1a: Toxapex
|-supereffective|p1a: Toxapex
|-damage|p1a: Toxapex|37/100
|move|p1a: Toxapex|Toxic|p2a: Enamorus
|-status|p2a: Enamorus|tox
|
|-damage|p2a: Enamorus|94/100 tox|[from] psn
|turn|2
|
|switch|p2a: Samurott|Samurott-Hisui, F|100/100
|switch|p1a: Drifblim|Drifblim, F|100/100
|
|turn|3
|
|switch|p1a: Magearna|Magearna|100/100
|move|p2a: Samurott|Ceaseless Edge|p1a: Magearna
|-resisted|p1a: Magearna
|-damage|p1a: Magearna|86/100
|-sidestart|p1: Granny Pie|Spikes
|
|turn|4
|
|switch|p2a: Slowking|Slowking-Galar, M|100/100
|move|p1a: Magearna|Spikes|p2a: Slowking
|-sidestart|p2: ayyk_47|Spikes
|
|turn|5
|
|move|p1a: Magearna|Spikes|p2a: Slowking
|-sidestart|p2: ayyk_47|Spikes
|move|p2a: Slowking|Future Sight|p1a: Magearna
|-start|p2a: Slowking|move: Future Sight
|
|turn|6
|
|move|p1a: Magearna|Spikes|p2a: Slowking
|-sidestart|p2: ayyk_47|Spikes
|move|p2a: Slowking|Chilly Reception|p2a: Slowking
|-weather|Snow
|
|switch|p2a: Enamorus|Enamorus, F|94/100 tox|[from] Chilly Reception
|
|-weather|Snow|[upkeep]
|-damage|p2a: Enamorus|88/100 tox|[from] psn
|turn|7
|
|switch|p1a: Blissey|Blissey, F|100/100
|move|p2a: Enamorus|Mystical Fire|p1a: Blissey
|-damage|p1a: Blissey|92/100
|-unboost|p1a: Blissey|spa|1
|
|-weather|Snow|[upkeep]
|-end|p1a: Blissey|move: Future Sight
|-damage|p1a: Blissey|79/100
|-damage|p2a: Enamorus|76/100 tox|[from] psn
|turn|8
|
|switch|p2a: Great Tusk|Great Tusk|100/100
|-damage|p2a: Great Tusk|76/100|[from] Spikes
|switch|p1a: Toxapex|Toxapex, M|70/100
|
|-weather|Snow|[upkeep]
|-heal|p2a: Great Tusk|82/100|[from] item: Leftovers
|turn|9
|
|switch|p1a: Drifblim|Drifblim, F|100/100
|move|p2a: Great Tusk|Knock Off|p1a: Drifblim
|-supereffective|p1a: Drifblim
|-damage|p1a: Drifblim|54/100
|-enditem|p1a: Drifblim|Heavy-Duty Boots|[from] move: Knock Off|[of] p2a: Great Tusk
|
|-weather|Snow|[upkeep]
|-heal|p2a: Great Tusk|88/100|[from] item: Leftovers
|turn|10
|
|move|p2a: Great Tusk|Knock Off|p1a: Drifblim
|-supereffective|p1a: Drifblim
|-damage|p1a: Drifblim|23/100
|move|p1a: Drifblim|Will-O-Wisp|p2a: Great Tusk
|-status|p2a: Great Tusk|brn
|
|-weather|none
|-heal|p2a: Great Tusk|94/100 brn|[from] item: Leftovers
|-damage|p2a: Great Tusk|88/100 brn|[from] brn
|turn|11
|
|move|p2a: Great Tusk|Knock Off|p1a: Drifblim
|-supereffective|p1a: Drifblim
|-damage|p1a: Drifblim|7/100
|move|p1a: Drifblim|Strength Sap|p2a: Great Tusk
|-unboost|p2a: Great Tusk|atk|1
|-heal|p1a: Drifblim|66/100
|
|-heal|p2a: Great Tusk|94/100 brn|[from] item: Leftovers
|-damage|p2a: Great Tusk|88/100 brn|[from] brn
|turn|12
|
|-end|p2a: Great Tusk|Protosynthesis|[silent]
|switch|p2a: Slowking|Slowking-Galar, M|100/100
|move|p1a: Drifblim|Strength Sap|p2a: Slowking
|-unboost|p2a: Slowking|atk|1
|-heal|p1a: Drifblim|93/100
|
|turn|13
|
|move|p1a: Drifblim|Will-O-Wisp|p2a: Slowking
|-status|p2a: Slowking|brn
|move|p2a: Slowking|Future Sight|p1a: Drifblim
|-start|p2a: Slowking|move: Future Sight
|
|-damage|p2a: Slowking|94/100 brn|[from] brn
|turn|14
|
|switch|p1a: Blissey|Blissey, F|79/100
|move|p2a: Slowking|Chilly Reception|p2a: Slowking
|-weather|Snow
|
|switch|p2a: Samurott|Samurott-Hisui, F|100/100|[from] Chilly Reception
|-damage|p2a: Samurott|76/100|[from] Spikes
|
|-weather|Snow|[upkeep]
|turn|15
|
|switch|p1a: Magearna|Magearna|86/100
|move|p2a: Samurott|Razor Shell|p1a: Magearna
|-damage|p1a: Magearna|53/100
|
|-weather|Snow|[upkeep]
|-end|p1a: Magearna|move: Future Sight
|-resisted|p1a: Magearna
|-damage|p1a: Magearna|34/100
|turn|16
|
|move|p2a: Samurott|Razor Shell|p1a: Magearna
|-damage|p1a: Magearna|1/100
|move|p1a: Magearna|Draining Kiss|p2a: Samurott
|-supereffective|p2a: Samurott
|-damage|p2a: Samurott|39/100
|-heal|p1a: Magearna|30/100|[from] drain|[of] p2a: Samurott
|
|-weather|Snow|[upkeep]
|turn|17
|
|switch|p1a: Toxapex|Toxapex, M|100/100
|move|p2a: Samurott|Razor Shell|p1a: Toxapex
|-resisted|p1a: Toxapex
|-damage|p1a: Toxapex|85/100
|
|-weather|Snow|[upkeep]
|turn|18
|
|switch|p2a: Slowking|Slowking-Galar, M|100/100 brn
|move|p1a: Toxapex|Toxic||[still]
|-fail|p1a: Toxapex
|
|-weather|none
|-damage|p2a: Slowking|94/100 brn|[from] brn
|turn|19
|
|move|p1a: Toxapex|Toxic Spikes|p2a: Slowking
|-sidestart|p2: ayyk_47|move: Toxic Spikes
|move|p2a: Slowking|Future Sight|p1a: Toxapex
|-start|p2a: Slowking|move: Future Sight
|
|-damage|p2a: Slowking|88/100 brn|[from] brn
|turn|20
|
|move|p1a: Toxapex|Toxic Spikes|p2a: Slowking
|-sidestart|p2: ayyk_47|move: Toxic Spikes
|move|p2a: Slowking|Chilly Reception|p2a: Slowking
|-weather|Snow
|
|switch|p2a: Enamorus|Enamorus, F|76/100 tox|[from] Chilly Reception
|
|-weather|Snow|[upkeep]
|-damage|p2a: Enamorus|69/100 tox|[from] psn
|turn|21
|
|switch|p2a: Slowking|Slowking-Galar, M|100/100 brn
|-sideend|p2: ayyk_47|move: Toxic Spikes|[of] p2a: Slowking
|switch|p1a: Blissey|Blissey, F|79/100
|
|-weather|Snow|[upkeep]
|-end|p1a: Blissey|move: Future Sight
|-damage|p1a: Blissey|68/100
|-damage|p2a: Slowking|94/100 brn|[from] brn
|turn|22
|
|move|p1a: Blissey|Stealth Rock|p2a: Slowking
|-sidestart|p2: ayyk_47|move: Stealth Rock
|move|p2a: Slowking|Chilly Reception|p2a: Slowking
|
|switch|p2a: Zamazenta|Zamazenta|100/100|[from] Chilly Reception
|-damage|p2a: Zamazenta|75/100|[from] Spikes
|-damage|p2a: Zamazenta|69/100|[from] Stealth Rock
|-ability|p2a: Zamazenta|Dauntless Shield|boost
|-boost|p2a: Zamazenta|def|1
|
|-weather|Snow|[upkeep]
|-heal|p2a: Zamazenta|75/100|[from] item: Leftovers
|turn|23
|
|switch|p1a: Skeledirge|Skeledirge, F|100/100
|move|p2a: Zamazenta|Substitute|p2a: Zamazenta
|-start|p2a: Zamazenta|Substitute
|-damage|p2a: Zamazenta|50/100
|
|-weather|Snow|[upkeep]
|-heal|p2a: Zamazenta|57/100|[from] item: Leftovers
|turn|24
|
|move|p2a: Zamazenta|Crunch|p1a: Skeledirge
|-supereffective|p1a: Skeledirge
|-damage|p1a: Skeledirge|76/100
|move|p1a: Skeledirge|Torch Song|p2a: Zamazenta
|-damage|p2a: Zamazenta|40/100
|-boost|p1a: Skeledirge|spa|1
|
|-weather|none
|-heal|p2a: Zamazenta|47/100|[from] item: Leftovers
|turn|25
|
|move|p2a: Zamazenta|Crunch|p1a: Skeledirge
|-supereffective|p1a: Skeledirge
|-damage|p1a: Skeledirge|51/100
|move|p1a: Skeledirge|Torch Song|p2a: Zamazenta
|-damage|p2a: Zamazenta|22/100
|-boost|p1a: Skeledirge|spa|1
|
|-heal|p2a: Zamazenta|28/100|[from] item: Leftovers
|turn|26
|
|move|p2a: Zamazenta|Crunch|p1a: Skeledirge
|-supereffective|p1a: Skeledirge
|-damage|p1a: Skeledirge|24/100
|move|p1a: Skeledirge|Slack Off|p1a: Skeledirge
|-heal|p1a: Skeledirge|74/100
|
|-heal|p2a: Zamazenta|34/100|[from] item: Leftovers
|turn|27
|
|move|p2a: Zamazenta|Crunch|p1a: Skeledirge
|-supereffective|p1a: Skeledirge
|-damage|p1a: Skeledirge|49/100
|move|p1a: Skeledirge|Slack Off|p1a: Skeledirge
|-heal|p1a: Skeledirge|99/100
|
|-heal|p2a: Zamazenta|40/100|[from] item: Leftovers
|turn|28
|
|move|p2a: Zamazenta|Crunch|p1a: Skeledirge
|-supereffective|p1a: Skeledirge
|-damage|p1a: Skeledirge|72/100
|move|p1a: Skeledirge|Torch Song|p2a: Zamazenta
|-damage|p2a: Zamazenta|6/100
|-boost|p1a: Skeledirge|spa|1
|
|-heal|p2a: Zamazenta|12/100|[from] item: Leftovers
|turn|29
|
|move|p2a: Zamazenta|Crunch|p1a: Skeledirge
|-supereffective|p1a: Skeledirge
|-damage|p1a: Skeledirge|46/100
|move|p1a: Skeledirge|Torch Song|p2a: Zamazenta
|-damage|p2a: Zamazenta|0 fnt
|-boost|p1a: Skeledirge|spa|1
|faint|p2a: Zamazenta
|
|
|switch|p2a: Chien-Pao|Chien-Pao|100/100
|-damage|p2a: Chien-Pao|76/100|[from] Spikes
|-damage|p2a: Chien-Pao|51/100|[from] Stealth Rock
|-ability|p2a: Chien-Pao|Sword of Ruin
|turn|30
|
|-terastallize|p2a: Chien-Pao|Dark
|move|p2a: Chien-Pao|Crunch|p1a: Skeledirge
|-supereffective|p1a: Skeledirge
|-damage|p1a: Skeledirge|0 fnt
|faint|p1a: Skeledirge
|
|
|switch|p1a: Toxapex|Toxapex, M|100/100
|turn|31
|
|switch|p2a: Great Tusk|Great Tusk|88/100 brn
|-damage|p2a: Great Tusk|63/100 brn|[from] Spikes
|-damage|p2a: Great Tusk|60/100 brn|[from] Stealth Rock
|move|p1a: Toxapex|Toxic||[still]
|-fail|p1a: Toxapex
|
|-heal|p2a: Great Tusk|66/100 brn|[from] item: Leftovers
|-damage|p2a: Great Tusk|60/100 brn|[from] brn
|turn|32
|
|-end|p2a: Great Tusk|Protosynthesis|[silent]
|switch|p2a: Chien-Pao|Chien-Pao, tera:Dark|51/100
|-damage|p2a: Chien-Pao|26/100|[from] Spikes
|-damage|p2a: Chien-Pao|13/100|[from] Stealth Rock
|-ability|p2a: Chien-Pao|Sword of Ruin
|switch|p1a: Drifblim|Drifblim, F|93/100
|
|turn|33
|
|switch|p1a: Magearna|Magearna|30/100
|move|p2a: Chien-Pao|Crunch|p1a: Magearna
|-resisted|p1a: Magearna
|-crit|p1a: Magearna
|-damage|p1a: Magearna|0 fnt
|faint|p1a: Magearna
|
|
|switch|p1a: Toxapex|Toxapex, M|100/100
|turn|34
|
|switch|p2a: Enamorus|Enamorus, F|69/100 tox
|-damage|p2a: Enamorus|44/100 tox|[from] Stealth Rock
|move|p1a: Toxapex|Toxic|p2a: Enamorus
|-fail|p2a: Enamorus|tox
|
|-damage|p2a: Enamorus|38/100 tox|[from] psn
|turn|35
|
|move|p2a: Enamorus|Healing Wish|p2a: Enamorus
|faint|p2a: Enamorus
|move|p1a: Toxapex|Toxic Spikes|p2: Enamorus
|-sidestart|p2: ayyk_47|move: Toxic Spikes
|
|
|switch|p2a: Chien-Pao|Chien-Pao, tera:Dark|13/100
|-heal|p2a: Chien-Pao|100/100|[from] move: Healing Wish
|-damage|p2a: Chien-Pao|76/100|[from] Spikes
|-damage|p2a: Chien-Pao|63/100|[from] Stealth Rock
|-status|p2a: Chien-Pao|psn
|-ability|p2a: Chien-Pao|Sword of Ruin
|turn|36
|
|-terastallize|p1a: Toxapex|Fairy
|move|p2a: Chien-Pao|Crunch|p1a: Toxapex
|-resisted|p1a: Toxapex
|-damage|p1a: Toxapex|68/100
|move|p1a: Toxapex|Recover|p1a: Toxapex
|-heal|p1a: Toxapex|100/100
|
|-damage|p2a: Chien-Pao|51/100 psn|[from] psn
|turn|37
|
|switch|p2a: Slowking|Slowking-Galar, M|100/100 brn
|-sideend|p2: ayyk_47|move: Toxic Spikes|[of] p2a: Slowking
|move|p1a: Toxapex|Recover||[still]
|-fail|p1a: Toxapex|heal
|
|-damage|p2a: Slowking|94/100 brn|[from] brn
|turn|38
|
|move|p1a: Toxapex|Toxic Spikes|p2a: Slowking
|-sidestart|p2: ayyk_47|move: Toxic Spikes
|move|p2a: Slowking|Future Sight|p1a: Toxapex
|-start|p2a: Slowking|move: Future Sight
|
|-damage|p2a: Slowking|88/100 brn|[from] brn
|turn|39
|
|move|p1a: Toxapex|Toxic Spikes|p2a: Slowking
|-sidestart|p2: ayyk_47|move: Toxic Spikes
|move|p2a: Slowking|Chilly Reception|p2a: Slowking
|-weather|Snow
|
|switch|p2a: Great Tusk|Great Tusk|60/100 brn|[from] Chilly Reception
|-damage|p2a: Great Tusk|35/100 brn|[from] Spikes
|-damage|p2a: Great Tusk|32/100 brn|[from] Stealth Rock
|
|-weather|Snow|[upkeep]
|-heal|p2a: Great Tusk|38/100 brn|[from] item: Leftovers
|-damage|p2a: Great Tusk|32/100 brn|[from] brn
|turn|40
|
|-end|p2a: Great Tusk|Protosynthesis|[silent]
|switch|p2a: Samurott|Samurott-Hisui, F|39/100
|-damage|p2a: Samurott|14/100|[from] Spikes
|-damage|p2a: Samurott|2/100|[from] Stealth Rock
|-status|p2a: Samurott|tox
|switch|p1a: Drifblim|Drifblim, F|93/100
|
|-weather|Snow|[upkeep]
|-end|p1a: Drifblim|move: Future Sight
|-damage|p1a: Drifblim|45/100
|-damage|p2a: Samurott|0 fnt|[from] psn
|faint|p2a: Samurott
|
|switch|p2a: Chien-Pao|Chien-Pao, tera:Dark|51/100 psn
|-damage|p2a: Chien-Pao|26/100 psn|[from] Spikes
|-damage|p2a: Chien-Pao|14/100 psn|[from] Stealth Rock
|-ability|p2a: Chien-Pao|Sword of Ruin
|turn|41
|
|switch|p1a: Toxapex|Toxapex, M, tera:Fairy|100/100
|move|p2a: Chien-Pao|Icicle Crash|p1a: Toxapex
|-damage|p1a: Toxapex|49/100
|
|-weather|Snow|[upkeep]
|-damage|p2a: Chien-Pao|1/100 psn|[from] psn
|turn|42
|
|switch|p1a: Blissey|Blissey, F|68/100
|move|p2a: Chien-Pao|Icicle Crash|p1a: Blissey
|-damage|p1a: Blissey|0 fnt
|faint|p1a: Blissey
|
|-weather|Snow|[upkeep]
|-damage|p2a: Chien-Pao|0 fnt|[from] psn
|faint|p2a: Chien-Pao
|
|switch|p2a: Slowking|Slowking-Galar, M|100/100 brn
|switch|p1a: Drifblim|Drifblim, F|45/100
|-sideend|p2: ayyk_47|move: Toxic Spikes|[of] p2a: Slowking
|turn|43
|
|move|p1a: Drifblim|Strength Sap|p2a: Slowking
|-unboost|p2a: Slowking|atk|1
|-heal|p1a: Drifblim|72/100
|move|p2a: Slowking|Future Sight|p1a: Drifblim
|-start|p2a: Slowking|move: Future Sight
|
|-weather|none
|-damage|p2a: Slowking|94/100 brn|[from] brn
|turn|44
|
|move|p1a: Drifblim|Hex|p2a: Slowking
|-supereffective|p2a: Slowking
|-damage|p2a: Slowking|26/100 brn
|move|p2a: Slowking|Fire Blast|p1a: Drifblim
|-damage|p1a: Drifblim|43/100
|
|-damage|p2a: Slowking|20/100 brn|[from] brn
|turn|45
|
|switch|p2a: Great Tusk|Great Tusk|32/100 brn
|-damage|p2a: Great Tusk|7/100 brn|[from] Spikes
|-damage|p2a: Great Tusk|4/100 brn|[from] Stealth Rock
|move|p1a: Drifblim|Hex|p2a: Great Tusk
|-damage|p2a: Great Tusk|0 fnt
|faint|p2a: Great Tusk
|-end|p2a: Great Tusk|Protosynthesis|[silent]
|
|-end|p1a: Drifblim|move: Future Sight
|-damage|p1a: Drifblim|0 fnt
|faint|p1a: Drifblim
|
|switch|p2a: Slowking|Slowking-Galar, M|53/100 brn
|switch|p1a: Clodsire|Clodsire, F|100/100
|turn|46
|
|move|p1a: Clodsire|Earthquake|p2a: Slowking
|-supereffective|p2a: Slowking
|-damage|p2a: Slowking|14/100 brn
|move|p2a: Slowking|Future Sight|p1a: Clodsire
|-start|p2a: Slowking|move: Future Sight
|
|-damage|p2a: Slowking|8/100 brn|[from] brn
|turn|47
|
|move|p1a: Clodsire|Earthquake|p2a: Slowking
|-supereffective|p2a: Slowking
|-damage|p2a: Slowking|0 fnt
|faint|p2a: Slowking
|
|win|Granny Pie
