# advantage = p2
|poke|p1|Pelipper, F|
|poke|p1|Thundurus-Therian, M|
|poke|p1|Corviknight, F|
|poke|p1|Basculegion, M|
|poke|p1|Zapdos|
|poke|p1|Clodsire, F|
|poke|p2|Meowscarada, F|
|poke|p2|Chien-Pao|
|poke|p2|Urshifu-*, M|
|poke|p2|Clodsire, M|
|poke|p2|Magearna|
|poke|p2|Zapdos|
|teampreview
|
|start
|switch|p1a: Thundurus|Thundurus-Therian, M|100/100
|switch|p2a: Zapdos|Zapdos|100/100
|turn|1
|
|switch|p2a: Clodsire|Clodsire, M|100/100
|move|p1a: Thundurus|Volt Switch|p2a: Clodsire
|-immune|p2a: Clodsire
|
|turn|2
|
|switch|p1a: Clodsire|Clodsire, F|100/100
|move|p2a: Clodsire|Stealth Rock|p1a: Clodsire
|-sidestart|p1: p1|move: Stealth Rock
|
|turn|3
|
|move|p2a: Clodsire|Earthquake|p1a: Clodsire
|-supereffective|p1a: Clodsire
|-damage|p1a: Clodsire|40/100
|move|p1a: Clodsire|Chilling Water|p2a: Clodsire
|-supereffective|p2a: Clodsire
|-damage|p2a: Clodsire|94/100
|-unboost|p2a: Clodsire|atk|1
|
|-heal|p2a: Clodsire|99/100|[from] item: Leftovers
|-heal|p1a: Clodsire|46/100|[from] item: Leftovers
|turn|4
|
|switch|p1a: Corviknight|Corviknight, F|100/100
|-damage|p1a: Corviknight|88/100|[from] Stealth Rock
|-ability|p1a: Corviknight|Pressure
|move|p2a: Clodsire|Earthquake|p1a: Corviknight
|-immune|p1a: Corviknight
|
|-heal|p2a: Clodsire|100/100|[from] item: Leftovers
|turn|5
|
|switch|p2a: Zapdos|Zapdos|100/100
|move|p1a: Corviknight|Defog|p2a: Zapdos
|-unboost|p2a: Zapdos|evasion|1
|-sideend|p1: p1|Stealth Rock|[from] move: Defog|[of] p1a: Corviknight
|
|turn|6
|
|switch|p1a: Clodsire|Clodsire, F|46/100
|move|p2a: Zapdos|Volt Switch|p1a: Clodsire
|-immune|p1a: Clodsire
|
|-heal|p1a: Clodsire|52/100|[from] item: Leftovers
|turn|7
|
|switch|p2a: Clodsire|Clodsire, M|100/100
|move|p1a: Clodsire|Chilling Water|p2a: Clodsire
|-supereffective|p2a: Clodsire
|-damage|p2a: Clodsire|94/100
|-unboost|p2a: Clodsire|atk|1
|
|-heal|p2a: Clodsire|99/100|[from] item: Leftovers
|-heal|p1a: Clodsire|58/100|[from] item: Leftovers
|turn|8
|
|move|p2a: Clodsire|Stealth Rock|p1a: Clodsire
|-sidestart|p1: p1|move: Stealth Rock
|move|p1a: Clodsire|Recover|p1a: Clodsire
|-heal|p1a: Clodsire|100/100
|
|-heal|p2a: Clodsire|100/100|[from] item: Leftovers
|turn|9
|
|switch|p2a: Zapdos|Zapdos|100/100
|move|p1a: Clodsire|Chilling Water|p2a: Zapdos
|-damage|p2a: Zapdos|95/100
|-unboost|p2a: Zapdos|atk|1
|
|turn|10
|
|move|p2a: Zapdos|Hurricane|p1a: Clodsire|[miss]
|-miss|p2a: Zapdos|p1a: Clodsire
|move|p1a: Clodsire|Toxic|p2a: Zapdos
|-status|p2a: Zapdos|tox
|
|-damage|p2a: Zapdos|89/100 tox|[from] psn
|turn|11
|
|move|p2a: Zapdos|Hurricane|p1a: Clodsire|[miss]
|-miss|p2a: Zapdos|p1a: Clodsire
|move|p1a: Clodsire|Chilling Water|p2a: Zapdos
|-damage|p2a: Zapdos|83/100 tox
|-unboost|p2a: Zapdos|atk|1
|
|-damage|p2a: Zapdos|71/100 tox|[from] psn
|turn|12
|
|switch|p2a: Clodsire|Clodsire, M|100/100
|move|p1a: Clodsire|Chilling Water|p2a: Clodsire
|-supereffective|p2a: Clodsire
|-damage|p2a: Clodsire|94/100
|-unboost|p2a: Clodsire|atk|1
|
|-heal|p2a: Clodsire|99/100|[from] item: Leftovers
|turn|13
|
|move|p2a: Clodsire|Earthquake|p1a: Clodsire
|-supereffective|p1a: Clodsire
|-damage|p1a: Clodsire|57/100
|move|p1a: Clodsire|Chilling Water|p2a: Clodsire
|-supereffective|p2a: Clodsire
|-damage|p2a: Clodsire|93/100
|-unboost|p2a: Clodsire|atk|1
|
|-heal|p2a: Clodsire|99/100|[from] item: Leftovers
|-heal|p1a: Clodsire|63/100|[from] item: Leftovers
|turn|14
|
|move|p2a: Clodsire|Earthquake|p1a: Clodsire
|-supereffective|p1a: Clodsire
|-damage|p1a: Clodsire|31/100
|move|p1a: Clodsire|Recover|p1a: Clodsire
|-heal|p1a: Clodsire|81/100
|
|-heal|p2a: Clodsire|100/100|[from] item: Leftovers
|-heal|p1a: Clodsire|88/100|[from] item: Leftovers
|turn|15
|
|switch|p2a: Zapdos|Zapdos|71/100 tox
|move|p1a: Clodsire|Chilling Water|p2a: Zapdos
|-damage|p2a: Zapdos|64/100 tox
|-unboost|p2a: Zapdos|atk|1
|
|-heal|p1a: Clodsire|94/100|[from] item: Leftovers
|-damage|p2a: Zapdos|58/100 tox|[from] psn
|turn|16
|
|move|p2a: Zapdos|Roost|p2a: Zapdos
|-heal|p2a: Zapdos|100/100 tox
|-singleturn|p2a: Zapdos|move: Roost
|move|p1a: Clodsire|Chilling Water|p2a: Zapdos
|-damage|p2a: Zapdos|94/100 tox
|-unboost|p2a: Zapdos|atk|1
|
|-heal|p1a: Clodsire|99/100|[from] item: Leftovers
|-damage|p2a: Zapdos|82/100 tox|[from] psn
|turn|17
|
|switch|p2a: Clodsire|Clodsire, M|100/100
|move|p1a: Clodsire|Chilling Water|p2a: Clodsire
|-supereffective|p2a: Clodsire
|-damage|p2a: Clodsire|93/100
|-unboost|p2a: Clodsire|atk|1
|
|-heal|p2a: Clodsire|99/100|[from] item: Leftovers
|-heal|p1a: Clodsire|100/100|[from] item: Leftovers
|turn|18
|
|move|p2a: Clodsire|Toxic|p1a: Clodsire
|-immune|p1a: Clodsire
|move|p1a: Clodsire|Chilling Water|p2a: Clodsire
|-supereffective|p2a: Clodsire
|-damage|p2a: Clodsire|93/100
|-unboost|p2a: Clodsire|atk|1
|
|-heal|p2a: Clodsire|99/100|[from] item: Leftovers
|turn|19
|
|move|p2a: Clodsire|Stealth Rock||[still]
|-fail|p2a: Clodsire
|move|p1a: Clodsire|Chilling Water|p2a: Clodsire
|-supereffective|p2a: Clodsire
|-damage|p2a: Clodsire|92/100
|-unboost|p2a: Clodsire|atk|1
|
|-heal|p2a: Clodsire|99/100|[from] item: Leftovers
|turn|20
|
|move|p2a: Clodsire|Stealth Rock||[still]
|-fail|p2a: Clodsire
|move|p1a: Clodsire|Earthquake|p2a: Clodsire
|-supereffective|p2a: Clodsire
|-damage|p2a: Clodsire|39/100
|
|-heal|p2a: Clodsire|45/100|[from] item: Leftovers
|turn|21
|
|move|p2a: Clodsire|Recover|p2a: Clodsire
|-heal|p2a: Clodsire|95/100
|move|p1a: Clodsire|Chilling Water|p2a: Clodsire
|-supereffective|p2a: Clodsire
|-damage|p2a: Clodsire|89/100
|-unboost|p2a: Clodsire|atk|1
|
|-heal|p2a: Clodsire|95/100|[from] item: Leftovers
|turn|22
|
|switch|p2a: Zapdos|Zapdos|82/100 tox
|move|p1a: Clodsire|Chilling Water|p2a: Zapdos
|-damage|p2a: Zapdos|76/100 tox
|-unboost|p2a: Zapdos|atk|1
|
|-damage|p2a: Zapdos|70/100 tox|[from] psn
|turn|23
|
|move|p2a: Zapdos|Hurricane|p1a: Clodsire
|-damage|p1a: Clodsire|77/100
|-start|p1a: Clodsire|confusion
|-activate|p1a: Clodsire|confusion
|move|p1a: Clodsire|Toxic|p2a: Zapdos
|-fail|p2a: Zapdos|tox
|
|-heal|p1a: Clodsire|83/100|[from] item: Leftovers
|-damage|p2a: Zapdos|58/100 tox|[from] psn
|turn|24
|
|move|p2a: Zapdos|Roost|p2a: Zapdos
|-heal|p2a: Zapdos|100/100 tox
|-singleturn|p2a: Zapdos|move: Roost
|-activate|p1a: Clodsire|confusion
|move|p1a: Clodsire|Chilling Water|p2a: Zapdos
|-damage|p2a: Zapdos|94/100 tox
|-unboost|p2a: Zapdos|atk|1
|
|-heal|p1a: Clodsire|90/100|[from] item: Leftovers
|-damage|p2a: Zapdos|76/100 tox|[from] psn
|turn|25
|
|switch|p2a: Clodsire|Clodsire, M|95/100
|-activate|p1a: Clodsire|confusion
|move|p1a: Clodsire|Chilling Water|p2a: Clodsire
|-supereffective|p2a: Clodsire
|-damage|p2a: Clodsire|88/100
|-unboost|p2a: Clodsire|atk|1
|
|-heal|p2a: Clodsire|94/100|[from] item: Leftovers
|-heal|p1a: Clodsire|96/100|[from] item: Leftovers
|turn|26
|
|move|p2a: Clodsire|Earthquake|p1a: Clodsire
|-supereffective|p1a: Clodsire
|-damage|p1a: Clodsire|53/100
|-end|p1a: Clodsire|confusion
|move|p1a: Clodsire|Chilling Water|p2a: Clodsire
|-supereffective|p2a: Clodsire
|-damage|p2a: Clodsire|86/100
|-unboost|p2a: Clodsire|atk|1
|
|-heal|p2a: Clodsire|93/100|[from] item: Leftovers
|-heal|p1a: Clodsire|59/100|[from] item: Leftovers
|turn|27
|
|switch|p2a: Zapdos|Zapdos|76/100 tox
|move|p1a: Clodsire|Earthquake|p2a: Zapdos
|-immune|p2a: Zapdos
|
|-heal|p1a: Clodsire|65/100|[from] item: Leftovers
|-damage|p2a: Zapdos|70/100 tox|[from] psn
|turn|28
|
|move|p2a: Zapdos|Hurricane|p1a: Clodsire|[miss]
|-miss|p2a: Zapdos|p1a: Clodsire
|move|p1a: Clodsire|Chilling Water|p2a: Zapdos
|-damage|p2a: Zapdos|65/100 tox
|-unboost|p2a: Zapdos|atk|1
|
|-heal|p1a: Clodsire|72/100|[from] item: Leftovers
|-damage|p2a: Zapdos|53/100 tox|[from] psn
|turn|29
|
|move|p2a: Zapdos|Roost|p2a: Zapdos
|-heal|p2a: Zapdos|100/100 tox
|-singleturn|p2a: Zapdos|move: Roost
|move|p1a: Clodsire|Earthquake|p2a: Zapdos
|-supereffective|p2a: Zapdos
|-damage|p2a: Zapdos|59/100 tox
|
|-heal|p1a: Clodsire|78/100|[from] item: Leftovers
|-damage|p2a: Zapdos|41/100 tox|[from] psn
|turn|30
|
|move|p2a: Zapdos|Hurricane|p1a: Clodsire
|-damage|p1a: Clodsire|51/100
|move|p1a: Clodsire|Earthquake|p2a: Zapdos
|-immune|p2a: Zapdos
|
|-heal|p1a: Clodsire|58/100|[from] item: Leftovers
|-damage|p2a: Zapdos|17/100 tox|[from] psn
|turn|31
|
|switch|p2a: Clodsire|Clodsire, M|93/100
|move|p1a: Clodsire|Earthquake|p2a: Clodsire
|-supereffective|p2a: Clodsire
|-damage|p2a: Clodsire|30/100
|
|-heal|p2a: Clodsire|37/100|[from] item: Leftovers
|-heal|p1a: Clodsire|64/100|[from] item: Leftovers
|turn|32
|
|move|p2a: Clodsire|Recover|p2a: Clodsire
|-heal|p2a: Clodsire|87/100
|move|p1a: Clodsire|Earthquake|p2a: Clodsire
|-supereffective|p2a: Clodsire
|-damage|p2a: Clodsire|23/100
|
|-heal|p2a: Clodsire|29/100|[from] item: Leftovers
|-heal|p1a: Clodsire|70/100|[from] item: Leftovers
|turn|33
|
|move|p2a: Clodsire|Earthquake|p1a: Clodsire
|-supereffective|p1a: Clodsire
|-damage|p1a: Clodsire|6/100
|move|p1a: Clodsire|Earthquake|p2a: Clodsire
|-supereffective|p2a: Clodsire
|-damage|p2a: Clodsire|0 fnt
|faint|p2a: Clodsire
|
|-heal|p1a: Clodsire|13/100|[from] item: Leftovers
|
|switch|p2a: Meowscarada|Meowscarada, F|100/100
|turn|34
|
|switch|p1a: Corviknight|Corviknight, F|88/100
|-damage|p1a: Corviknight|76/100|[from] Stealth Rock
|-ability|p1a: Corviknight|Pressure
|move|p2a: Meowscarada|U-turn|p1a: Corviknight
|-resisted|p1a: Corviknight
|-damage|p1a: Corviknight|72/100
|-damage|p2a: Meowscarada|84/100|[from] item: Rocky Helmet|[of] p1a: Corviknight
|
|switch|p2a: Zapdos|Zapdos|17/100 tox|[from] U-turn
|
|-damage|p2a: Zapdos|11/100 tox|[from] psn
|turn|35
|
|move|p2a: Zapdos|Volt Switch|p1a: Corviknight
|-supereffective|p1a: Corviknight
|-damage|p1a: Corviknight|18/100
|
|switch|p2a: Magearna|Magearna|100/100|[from] Volt Switch
|move|p1a: Corviknight|Defog|p2a: Magearna
|-unboost|p2a: Magearna|evasion|1
|-sideend|p1: p1|Stealth Rock|[from] move: Defog|[of] p1a: Corviknight
|
|turn|36
|
|switch|p1a: Pelipper|Pelipper, F|100/100
|-weather|RainDance|[from] ability: Drizzle|[of] p1a: Pelipper
|move|p2a: Magearna|Volt Switch|p1a: Pelipper
|-supereffective|p1a: Pelipper
|-damage|p1a: Pelipper|0 fnt
|faint|p1a: Pelipper
|-ability|p2a: Magearna|Soul-Heart|boost
|-boost|p2a: Magearna|spa|1
|
|switch|p2a: Zapdos|Zapdos|11/100 tox|[from] Volt Switch
|
|-weather|RainDance|[upkeep]
|-damage|p2a: Zapdos|5/100 tox|[from] psn
|
|switch|p1a: Thundurus|Thundurus-Therian, M|100/100
|turn|37
|
|move|p1a: Thundurus|Volt Switch|p2a: Zapdos
|-damage|p2a: Zapdos|0 fnt
|faint|p2a: Zapdos
|
|switch|p1a: Basculegion|Basculegion, M|100/100|[from] Volt Switch
|
|-weather|RainDance|[upkeep]
|
|switch|p2a: Meowscarada|Meowscarada, F|84/100
|turn|38
|
|move|p2a: Meowscarada|Flower Trick|p1a: Basculegion
|-supereffective|p1a: Basculegion
|-crit|p1a: Basculegion
|-damage|p1a: Basculegion|0 fnt
|faint|p1a: Basculegion
|
|-weather|RainDance|[upkeep]
|
|switch|p1a: Zapdos|Zapdos|100/100
|turn|39
|
|switch|p2a: Magearna|Magearna|100/100
|move|p1a: Zapdos|Hurricane|p2a: Magearna
|-resisted|p2a: Magearna
|-damage|p2a: Magearna|76/100
|
|-weather|RainDance|[upkeep]
|-heal|p2a: Magearna|82/100|[from] item: Leftovers
|turn|40
|
|move|p1a: Zapdos|Discharge|p2a: Magearna
|-damage|p2a: Magearna|44/100
|-status|p2a: Magearna|par
|move|p2a: Magearna|Calm Mind|p2a: Magearna
|-boost|p2a: Magearna|spa|1
|-boost|p2a: Magearna|spd|1
|
|-weather|RainDance|[upkeep]
|-heal|p2a: Magearna|50/100 par|[from] item: Leftovers
|turn|41
|
|move|p1a: Zapdos|Discharge|p2a: Magearna
|-damage|p2a: Magearna|24/100 par
|move|p2a: Magearna|Flash Cannon|p1a: Zapdos
|-resisted|p1a: Zapdos
|-damage|p1a: Zapdos|66/100
|
|-weather|RainDance|[upkeep]
|-heal|p1a: Zapdos|72/100|[from] item: Leftovers
|-heal|p2a: Magearna|30/100 par|[from] item: Leftovers
|turn|42
|
|move|p1a: Zapdos|Discharge|p2a: Magearna
|-damage|p2a: Magearna|6/100 par
|cant|p2a: Magearna|par
|
|-weather|RainDance|[upkeep]
|-heal|p1a: Zapdos|79/100|[from] item: Leftovers
|-heal|p2a: Magearna|12/100 par|[from] item: Leftovers
|turn|43
|
|move|p1a: Zapdos|Discharge|p2a: Magearna
|-damage|p2a: Magearna|0 fnt
|faint|p2a: Magearna
|
|-weather|none
|-heal|p1a: Zapdos|85/100|[from] item: Leftovers
|
|switch|p2a: Urshifu|Urshifu-Rapid-Strike, M|100/100
|turn|44
|
|switch|p1a: Clodsire|Clodsire, F|13/100
|-terastallize|p2a: Urshifu|Water
|move|p2a: Urshifu|Surging Strikes|p1a: Clodsire
|-heal|p1a: Clodsire|38/100|[from] ability: Water Absorb|[of] p2a: Urshifu
|
|-heal|p1a: Clodsire|44/100|[from] item: Leftovers
|turn|45
|
|switch|p2a: Meowscarada|Meowscarada, F|84/100
|move|p1a: Clodsire|Toxic|p2a: Meowscarada
|-status|p2a: Meowscarada|tox
|
|-heal|p1a: Clodsire|50/100|[from] item: Leftovers
|-damage|p2a: Meowscarada|78/100 tox|[from] psn
|turn|46
|
|switch|p1a: Zapdos|Zapdos|85/100
|move|p2a: Meowscarada|Knock Off|p1a: Zapdos
|-damage|p1a: Zapdos|35/100
|-enditem|p1a: Zapdos|Leftovers|[from] move: Knock Off|[of] p2a: Meowscarada
|
|-damage|p2a: Meowscarada|66/100 tox|[from] psn
|turn|47
|
|move|p2a: Meowscarada|Knock Off|p1a: Zapdos
|-damage|p1a: Zapdos|5/100
|move|p1a: Zapdos|Roost|p1a: Zapdos
|-heal|p1a: Zapdos|55/100
|-singleturn|p1a: Zapdos|move: Roost
|
|-damage|p2a: Meowscarada|47/100 tox|[from] psn
|turn|48
|
|switch|p2a: Chien-Pao|Chien-Pao|100/100
|-ability|p2a: Chien-Pao|Sword of Ruin
|move|p1a: Zapdos|Discharge|p2a: Chien-Pao
|-damage|p2a: Chien-Pao|25/100
|
|turn|49
|
|switch|p1a: Corviknight|Corviknight, F|18/100
|-ability|p1a: Corviknight|Pressure
|move|p2a: Chien-Pao|Crunch|p1a: Corviknight
|-damage|p1a: Corviknight|0 fnt
|-damage|p2a: Chien-Pao|8/100|[from] item: Rocky Helmet|[of] p1a: Corviknight
|faint|p1a: Corviknight
|
|
|switch|p1a: Thundurus|Thundurus-Therian, M|100/100
|turn|50
|
|move|p2a: Chien-Pao|Sucker Punch|p1a: Thundurus
|-damage|p1a: Thundurus|26/100
|move|p1a: Thundurus|Volt Switch|p2a: Chien-Pao
|-damage|p2a: Chien-Pao|0 fnt
|faint|p2a: Chien-Pao
|
|switch|p1a: Zapdos|Zapdos|55/100|[from] Volt Switch
|
|
|switch|p2a: Urshifu|Urshifu-Rapid-Strike, M, tera:Water|100/100
|turn|51
|
|switch|p1a: Clodsire|Clodsire, F|50/100
|move|p2a: Urshifu|U-turn|p1a: Clodsire
|-resisted|p1a: Clodsire
|-damage|p1a: Clodsire|31/100
|
|switch|p2a: Meowscarada|Meowscarada, F|47/100 tox|[from] U-turn
|
|-heal|p1a: Clodsire|37/100|[from] item: Leftovers
|-damage|p2a: Meowscarada|41/100 tox|[from] psn
|turn|52
|
|move|p2a: Meowscarada|Knock Off|p1a: Clodsire
|-damage|p1a: Clodsire|0 fnt
|-enditem|p1a: Clodsire|Leftovers|[from] move: Knock Off|[of] p2a: Meowscarada
|faint|p1a: Clodsire
|
|-damage|p2a: Meowscarada|29/100 tox|[from] psn
|
|switch|p1a: Thundurus|Thundurus-Therian, M|26/100
|turn|53
|
|move|p2a: Meowscarada|Knock Off|p1a: Thundurus
|-crit|p1a: Thundurus
|-damage|p1a: Thundurus|0 fnt
|-enditem|p1a: Thundurus|Choice Scarf|[from] move: Knock Off|[of] p2a: Meowscarada
|faint|p1a: Thundurus
|
|-damage|p2a: Meowscarada|10/100 tox|[from] psn
|
|switch|p1a: Zapdos|Zapdos|55/100
|turn|54
|
|move|p2a: Meowscarada|Knock Off|p1a: Zapdos
|-damage|p1a: Zapdos|23/100
|move|p1a: Zapdos|Roost|p1a: Zapdos
|-heal|p1a: Zapdos|73/100
|-singleturn|p1a: Zapdos|move: Roost
|
|-damage|p2a: Meowscarada|0 fnt|[from] psn
|faint|p2a: Meowscarada
|
|switch|p2a: Urshifu|Urshifu-Rapid-Strike, M, tera:Water|100/100
|turn|55
|
|-terastallize|p1a: Zapdos|Electric
|move|p2a: Urshifu|Surging Strikes|p1a: Zapdos
|-crit|p1a: Zapdos
|-damage|p1a: Zapdos|32/100
|-status|p2a: Urshifu|par|[from] ability: Static|[of] p1a: Zapdos
|-crit|p1a: Zapdos
|-damage|p1a: Zapdos|0 fnt
|faint|p1a: Zapdos
|-hitcount|p1: Zapdos|2
|
|win|p2
|player|p2|p2|lady
