|poke|p1|Meowscarada, F|
|poke|p1|Slowking-Galar, M|
|poke|p1|Walking Wake|
|poke|p1|Clodsire, M|
|poke|p1|Corviknight, M|
|poke|p1|Iron Valiant|
|poke|p2|Magearna|
|poke|p2|Gholdengo|
|poke|p2|Sneasler, F|
|poke|p2|Zamazenta-*|
|poke|p2|Dragapult, M|
|poke|p2|Glimmora, F|
|teampreview
|
|start
|switch|p1a: Walking Wake|Walking Wake|100/100
|switch|p2a: Glimmora|Glimmora, F|100/100
|turn|1
|
|move|p1a: Walking Wake|Hydro Steam|p2a: Glimmora
|-supereffective|p2a: Glimmora
|-enditem|p2a: Glimmora|Focus Sash
|-damage|p2a: Glimmora|1/100
|move|p2a: Glimmora|Stealth Rock|p1a: Walking Wake
|-sidestart|p1: ghostin.test|move: Stealth Rock
|
|turn|2
|
|switch|p2a: Dragapult|Dragapult, M|100/100
|move|p1a: Walking Wake|Hydro Steam|p2a: Dragapult
|-resisted|p2a: Dragapult
|-damage|p2a: Dragapult|66/100
|
|turn|3
|
|-end|p1a: Walking Wake|Protosynthesis|[silent]
|switch|p1a: Corviknight|Corviknight, M|100/100
|-damage|p1a: Corviknight|88/100|[from] Stealth Rock
|-ability|p1a: Corviknight|Pressure
|move|p2a: Dragapult|Reflect|p2a: Dragapult
|-sidestart|p2: OozleFinch|Reflect
|
|turn|4
|
|move|p2a: Dragapult|Will-O-Wisp|p1a: Corviknight
|-status|p1a: Corviknight|brn
|move|p1a: Corviknight|U-turn|p2a: Dragapult
|-resisted|p2a: Dragapult
|-damage|p2a: Dragapult|64/100
|-start|p1a: Corviknight|Disable|U-turn|[from] ability: Cursed Body|[of] p2a: Dragapult
|
|switch|p1a: Iron Valiant|Iron Valiant|100/100|[from] U-turn
|-damage|p1a: Iron Valiant|94/100|[from] Stealth Rock
|
|turn|5
|
|move|p1a: Iron Valiant|Moonblast|p2a: Dragapult
|-supereffective|p2a: Dragapult
|-damage|p2a: Dragapult|0 fnt
|faint|p2a: Dragapult
|
|
|switch|p2a: Magearna|Magearna|100/100
|turn|6
|
|-end|p1a: Iron Valiant|Quark Drive|[silent]
|switch|p1a: Clodsire|Clodsire, M|100/100
|-damage|p1a: Clodsire|94/100|[from] Stealth Rock
|move|p2a: Magearna|Shift Gear|p2a: Magearna
|-boost|p2a: Magearna|spe|2
|-boost|p2a: Magearna|atk|1
|
|-heal|p1a: Clodsire|100/100|[from] item: Leftovers
|turn|7
|
|move|p2a: Magearna|Calm Mind|p2a: Magearna
|-boost|p2a: Magearna|spa|1
|-boost|p2a: Magearna|spd|1
|move|p1a: Clodsire|Stealth Rock|p2a: Magearna
|-sidestart|p2: OozleFinch|move: Stealth Rock
|
|turn|8
|
|-terastallize|p2a: Magearna|Water
|move|p2a: Magearna|Calm Mind|p2a: Magearna
|-boost|p2a: Magearna|spa|1
|-boost|p2a: Magearna|spd|1
|move|p1a: Clodsire|Earthquake|p2a: Magearna
|-damage|p2a: Magearna|89/100
|
|-heal|p2a: Magearna|95/100|[from] item: Leftovers
|turn|9
|
|-terastallize|p1a: Clodsire|Dark
|move|p2a: Magearna|Stored Power|p1a: Clodsire
|-immune|p1a: Clodsire
|move|p1a: Clodsire|Toxic|p2a: Magearna
|-status|p2a: Magearna|tox
|
|-heal|p2a: Magearna|100/100 tox|[from] item: Leftovers
|-damage|p2a: Magearna|94/100 tox|[from] psn
|turn|10
|
|move|p2a: Magearna|Draining Kiss|p1a: Clodsire
|-supereffective|p1a: Clodsire
|-damage|p1a: Clodsire|77/100
|-heal|p2a: Magearna|100/100 tox|[from] drain|[of] p1a: Clodsire
|move|p1a: Clodsire|Earthquake|p2a: Magearna
|-damage|p2a: Magearna|88/100 tox
|
|-heal|p2a: Magearna|94/100 tox|[from] item: Leftovers
|-heal|p1a: Clodsire|83/100|[from] item: Leftovers
|-damage|p2a: Magearna|82/100 tox|[from] psn
|-sideend|p2: OozleFinch|Reflect
|turn|11
|
|switch|p2a: Glimmora|Glimmora, F|1/100
|-damage|p2a: Glimmora|0 fnt|[from] Stealth Rock
|faint|p2a: Glimmora
|move|p1a: Clodsire|Earthquake|p2: Glimmora|[notarget]
|-fail|p1a: Clodsire
|
|-heal|p1a: Clodsire|89/100|[from] item: Leftovers
|
|switch|p2a: Zamazenta|Zamazenta|100/100
|-damage|p2a: Zamazenta|94/100|[from] Stealth Rock
|-ability|p2a: Zamazenta|Dauntless Shield|boost
|-boost|p2a: Zamazenta|def|1
|turn|12
|
|switch|p1a: Walking Wake|Walking Wake|100/100
|-damage|p1a: Walking Wake|88/100|[from] Stealth Rock
|move|p2a: Zamazenta|Substitute|p2a: Zamazenta
|-start|p2a: Zamazenta|Substitute
|-damage|p2a: Zamazenta|69/100
|
|-heal|p2a: Zamazenta|76/100|[from] item: Leftovers
|turn|13
|
|move|p2a: Zamazenta|Iron Defense|p2a: Zamazenta
|-boost|p2a: Zamazenta|def|2
|move|p1a: Walking Wake|Hydro Steam|p2a: Zamazenta
|-end|p2a: Zamazenta|Substitute
|
|-heal|p2a: Zamazenta|82/100|[from] item: Leftovers
|turn|14
|
|move|p2a: Zamazenta|Body Press|p1a: Walking Wake
|-damage|p1a: Walking Wake|8/100
|move|p1a: Walking Wake|Hydro Steam|p2a: Zamazenta
|-damage|p2a: Zamazenta|37/100
|
|-heal|p2a: Zamazenta|44/100|[from] item: Leftovers
|turn|15
|
|move|p2a: Zamazenta|Body Press|p1a: Walking Wake
|-crit|p1a: Walking Wake
|-damage|p1a: Walking Wake|0 fnt
|faint|p1a: Walking Wake
|-end|p1a: Walking Wake|Protosynthesis|[silent]
|
|-heal|p2a: Zamazenta|50/100|[from] item: Leftovers
|
|switch|p1a: Iron Valiant|Iron Valiant|94/100
|-damage|p1a: Iron Valiant|88/100|[from] Stealth Rock
|turn|16
|
|move|p1a: Iron Valiant|Moonblast|p2a: Zamazenta
|-supereffective|p2a: Zamazenta
|-damage|p2a: Zamazenta|0 fnt
|faint|p2a: Zamazenta
|
|
|switch|p2a: Gholdengo|Gholdengo|100/100
|-damage|p2a: Gholdengo|94/100|[from] Stealth Rock
|turn|17
|
|-end|p1a: Iron Valiant|Quark Drive|[silent]
|switch|p1a: Clodsire|Clodsire, M, tera:Dark|89/100
|-damage|p1a: Clodsire|77/100|[from] Stealth Rock
|move|p2a: Gholdengo|Nasty Plot|p2a: Gholdengo
|-boost|p2a: Gholdengo|spa|2
|
|-heal|p1a: Clodsire|83/100|[from] item: Leftovers
|turn|18
|
|move|p2a: Gholdengo|Make It Rain|p1a: Clodsire
|-damage|p1a: Clodsire|50/100
|-unboost|p2a: Gholdengo|spa|1
|move|p1a: Clodsire|Earthquake|p2a: Gholdengo
|-supereffective|p2a: Gholdengo
|-enditem|p2a: Gholdengo|Shuca Berry|[eat]
|-enditem|p2a: Gholdengo|Shuca Berry|[weaken]
|-damage|p2a: Gholdengo|62/100
|
|-heal|p1a: Clodsire|56/100|[from] item: Leftovers
|turn|19
|
|switch|p2a: Sneasler|Sneasler, F|100/100
|-damage|p2a: Sneasler|95/100|[from] Stealth Rock
|-item|p2a: Sneasler|Air Balloon
|move|p1a: Clodsire|Recover|p1a: Clodsire
|-heal|p1a: Clodsire|100/100
|
|turn|20
|
|switch|p1a: Corviknight|Corviknight, M|88/100 brn
|-damage|p1a: Corviknight|75/100 brn|[from] Stealth Rock
|-ability|p1a: Corviknight|Pressure
|move|p2a: Sneasler|Dire Claw|p1a: Corviknight
|-immune|p1a: Corviknight
|
|-damage|p1a: Corviknight|69/100 brn|[from] brn
|turn|21
|
|move|p2a: Sneasler|Swords Dance|p2a: Sneasler
|-boost|p2a: Sneasler|atk|2
|move|p1a: Corviknight|Defog|p2a: Sneasler
|-unboost|p2a: Sneasler|evasion|1
|-sideend|p2: OozleFinch|Stealth Rock|[from] move: Defog|[of] p1a: Corviknight
|-sideend|p1: ghostin.test|Stealth Rock|[from] move: Defog|[of] p1a: Corviknight
|
|-damage|p1a: Corviknight|63/100 brn|[from] brn
|turn|22
|
|move|p2a: Sneasler|Swords Dance|p2a: Sneasler
|-boost|p2a: Sneasler|atk|2
|move|p1a: Corviknight|Defog|p2a: Sneasler
|-unboost|p2a: Sneasler|evasion|1
|
|-damage|p1a: Corviknight|57/100 brn|[from] brn
|turn|23
|
|move|p2a: Sneasler|Swords Dance|p2a: Sneasler
|-boost|p2a: Sneasler|atk|2
|move|p1a: Corviknight|Defog|p2a: Sneasler
|-unboost|p2a: Sneasler|evasion|1
|
|-damage|p1a: Corviknight|50/100 brn|[from] brn
|turn|24
|
|move|p2a: Sneasler|Swords Dance|p2a: Sneasler
|-boost|p2a: Sneasler|atk|0
|move|p1a: Corviknight|Defog|p2a: Sneasler
|-unboost|p2a: Sneasler|evasion|1
|
|-damage|p1a: Corviknight|44/100 brn|[from] brn
|turn|25
|
|move|p2a: Sneasler|Swords Dance|p2a: Sneasler
|-boost|p2a: Sneasler|atk|0
|move|p1a: Corviknight|Defog|p2a: Sneasler
|-unboost|p2a: Sneasler|evasion|1
|
|-damage|p1a: Corviknight|38/100 brn|[from] brn
|turn|26
|
|move|p2a: Sneasler|Swords Dance|p2a: Sneasler
|-boost|p2a: Sneasler|atk|0
|move|p1a: Corviknight|Defog|p2a: Sneasler
|-unboost|p2a: Sneasler|evasion|1
|
|-damage|p1a: Corviknight|32/100 brn|[from] brn
|turn|27
|
|move|p2a: Sneasler|Swords Dance|p2a: Sneasler
|-boost|p2a: Sneasler|atk|0
|move|p1a: Corviknight|Defog||[still]
|-unboost|p2a: Sneasler|evasion|0
|-fail|p1a: Corviknight
|
|-damage|p1a: Corviknight|25/100 brn|[from] brn
|turn|28
|
|move|p2a: Sneasler|Swords Dance|p2a: Sneasler
|-boost|p2a: Sneasler|atk|0
|move|p1a: Corviknight|Defog||[still]
|-unboost|p2a: Sneasler|evasion|0
|-fail|p1a: Corviknight
|
|-damage|p1a: Corviknight|19/100 brn|[from] brn
|turn|29
|
|move|p2a: Sneasler|Swords Dance|p2a: Sneasler
|-boost|p2a: Sneasler|atk|0
|move|p1a: Corviknight|Defog||[still]
|-unboost|p2a: Sneasler|evasion|0
|-fail|p1a: Corviknight
|
|-damage|p1a: Corviknight|13/100 brn|[from] brn
|turn|30
|
|move|p2a: Sneasler|Swords Dance|p2a: Sneasler
|-boost|p2a: Sneasler|atk|0
|move|p1a: Corviknight|Defog||[still]
|-unboost|p2a: Sneasler|evasion|0
|-fail|p1a: Corviknight
|
|-damage|p1a: Corviknight|7/100 brn|[from] brn
|turn|31
|
|move|p2a: Sneasler|Swords Dance|p2a: Sneasler
|-boost|p2a: Sneasler|atk|0
|move|p1a: Corviknight|Defog||[still]
|-unboost|p2a: Sneasler|evasion|0
|-fail|p1a: Corviknight
|
|-damage|p1a: Corviknight|0 fnt|[from] brn
|faint|p1a: Corviknight
|
|switch|p1a: Iron Valiant|Iron Valiant|88/100
|turn|32
|
|move|p1a: Iron Valiant|Psyshock|p2a: Sneasler
|-supereffective|p2a: Sneasler
|-damage|p2a: Sneasler|0 fnt
|-enditem|p2a: Sneasler|Air Balloon
|faint|p2a: Sneasler
|
|
|switch|p2a: Gholdengo|Gholdengo|62/100
|turn|33
|
|-end|p1a: Iron Valiant|Quark Drive|[silent]
|switch|p1a: Clodsire|Clodsire, M, tera:Dark|100/100
|move|p2a: Gholdengo|Nasty Plot|p2a: Gholdengo
|-boost|p2a: Gholdengo|spa|2
|
|turn|34
|-message|OozleFinch forfeited.
|
|win|ghostin.test
|player|p1|ghostin.test|acetrainerf-gen2
