# advantage = p1
|poke|p1|Arcanine-Hisui, F|
|poke|p1|Muk-Alola, F|
|poke|p1|Corviknight, F|
|poke|p1|Braviary-Hisui, M|
|poke|p1|Breloom, M|
|poke|p1|Rotom-Wash|
|poke|p2|Gholdengo|
|poke|p2|Sneasler, F|
|poke|p2|Landorus-Therian, M|
|poke|p2|Heatran, F|
|poke|p2|Iron Valiant|
|poke|p2|Basculegion, M|
|teampreview
|
|start
|switch|p1a: Rotom|Rotom-Wash|100/100
|switch|p2a: Landorus|Landorus-Therian, M|100/100
|-ability|p2a: Landorus|Intimidate|boost
|-unboost|p1a: Rotom|atk|1
|turn|1
|
|move|p2a: Landorus|U-turn|p1a: Rotom
|-damage|p1a: Rotom|81/100
|
|switch|p2a: Gholdengo|Gholdengo|100/100|[from] U-turn
|-item|p2a: Gholdengo|Air Balloon
|move|p1a: Rotom|Will-O-Wisp|p2a: Gholdengo
|-immune|p2a: Gholdengo|[from] ability: Good as Gold
|
|turn|2
|
|move|p2a: Gholdengo|Shadow Ball|p1a: Rotom
|-damage|p1a: Rotom|40/100
|move|p1a: Rotom|Volt Switch|p2a: Gholdengo
|-damage|p2a: Gholdengo|73/100
|-enditem|p2a: Gholdengo|Air Balloon
|
|switch|p1a: Muk|Muk-Alola, F|100/100|[from] Volt Switch
|
|turn|3
|
|switch|p2a: Heatran|Heatran, F|100/100
|move|p1a: Muk|Knock Off|p2a: Heatran
|-damage|p2a: Heatran|59/100
|-enditem|p2a: Heatran|Leftovers|[from] move: Knock Off|[of] p1a: Muk
|
|turn|4
|
|move|p2a: Heatran|Magma Storm|p1a: Muk
|-damage|p1a: Muk|78/100
|-activate|p1a: Muk|move: Magma Storm|[of] p2a: Heatran
|move|p1a: Muk|Drain Punch|p2a: Heatran
|-supereffective|p2a: Heatran
|-damage|p2a: Heatran|15/100
|-heal|p1a: Muk|98/100|[from] drain|[of] p2a: Heatran
|
|-damage|p1a: Muk|86/100|[from] move: Magma Storm|[partiallytrapped]
|turn|5
|
|move|p2a: Heatran|Earth Power|p1a: Muk
|-supereffective|p1a: Muk
|-damage|p1a: Muk|59/100
|move|p1a: Muk|Drain Punch|p2a: Heatran
|-supereffective|p2a: Heatran
|-damage|p2a: Heatran|0 fnt
|-heal|p1a: Muk|66/100|[from] drain|[of] p2a: Heatran
|faint|p2a: Heatran
|
|-end|p1a: Muk|Magma Storm|[partiallytrapped]|[silent]
|
|switch|p2a: Landorus|Landorus-Therian, M|100/100
|-ability|p2a: Landorus|Intimidate|boost
|-unboost|p1a: Muk|atk|1
|turn|6
|
|switch|p1a: Braviary|Braviary-Hisui, M|100/100
|move|p2a: Landorus|Swords Dance|p2a: Landorus
|-boost|p2a: Landorus|atk|2
|
|turn|7
|
|move|p2a: Landorus|U-turn|p1a: Braviary
|-damage|p1a: Braviary|50/100
|
|switch|p2a: Gholdengo|Gholdengo|73/100|[from] U-turn
|move|p1a: Braviary|Esper Wing|p2a: Gholdengo
|-resisted|p2a: Gholdengo
|-crit|p2a: Gholdengo
|-damage|p2a: Gholdengo|6/100
|-boost|p1a: Braviary|spe|1
|
|turn|8
|
|move|p1a: Braviary|Esper Wing|p2a: Gholdengo
|-resisted|p2a: Gholdengo
|-damage|p2a: Gholdengo|0 fnt
|-boost|p1a: Braviary|spe|1
|faint|p2a: Gholdengo
|
|
|switch|p2a: Iron Valiant|Iron Valiant|100/100
|turn|9
|
|move|p2a: Iron Valiant|Knock Off|p1a: Braviary
|-supereffective|p1a: Braviary
|-damage|p1a: Braviary|0 fnt
|-enditem|p1a: Braviary|Wise Glasses|[from] move: Knock Off|[of] p2a: Iron Valiant
|faint|p1a: Braviary
|
|
|switch|p1a: Muk|Muk-Alola, F|66/100
|turn|10
|
|-end|p2a: Iron Valiant|Quark Drive|[silent]
|switch|p2a: Landorus|Landorus-Therian, M|100/100
|-ability|p2a: Landorus|Intimidate|boost
|-unboost|p1a: Muk|atk|1
|move|p1a: Muk|Poison Jab|p2a: Landorus
|-resisted|p2a: Landorus
|-damage|p2a: Landorus|90/100
|
|-heal|p2a: Landorus|96/100|[from] item: Leftovers
|turn|11
|
|switch|p1a: Corviknight|Corviknight, F|100/100
|move|p2a: Landorus|Swords Dance|p2a: Landorus
|-boost|p2a: Landorus|atk|2
|
|-heal|p2a: Landorus|100/100|[from] item: Leftovers
|turn|12
|
|move|p2a: Landorus|Taunt|p1a: Corviknight
|-start|p1a: Corviknight|move: Taunt
|move|p1a: Corviknight|Body Press|p2a: Landorus
|-resisted|p2a: Landorus
|-damage|p2a: Landorus|90/100
|
|-heal|p2a: Landorus|96/100|[from] item: Leftovers
|turn|13
|
|switch|p1a: Rotom|Rotom-Wash|40/100
|move|p2a: Landorus|U-turn|p1a: Rotom
|-damage|p1a: Rotom|3/100
|-enditem|p1a: Rotom|Iapapa Berry|[eat]
|-heal|p1a: Rotom|36/100|[from] item: Iapapa Berry
|
|switch|p2a: Iron Valiant|Iron Valiant|100/100|[from] U-turn
|
|turn|14
|
|move|p2a: Iron Valiant|Leaf Blade|p1a: Rotom
|-supereffective|p1a: Rotom
|-damage|p1a: Rotom|0 fnt
|faint|p1a: Rotom
|
|
|switch|p1a: Breloom|Breloom, M|100/100
|turn|15
|
|-end|p2a: Iron Valiant|Quark Drive|[silent]
|switch|p2a: Landorus|Landorus-Therian, M|96/100
|-ability|p2a: Landorus|Intimidate|boost
|-unboost|p1a: Breloom|atk|1
|move|p1a: Breloom|Spore|p2a: Landorus
|-status|p2a: Landorus|slp|[from] move: Spore
|
|-heal|p2a: Landorus|100/100 slp|[from] item: Leftovers
|turn|16
|
|cant|p2a: Landorus|slp
|move|p1a: Breloom|Bullet Seed|p2a: Landorus
|-damage|p2a: Landorus|88/100 slp
|-damage|p2a: Landorus|77/100 slp
|-damage|p2a: Landorus|66/100 slp
|-damage|p2a: Landorus|55/100 slp
|-damage|p2a: Landorus|44/100 slp
|-hitcount|p2a: Landorus|5
|
|-heal|p2a: Landorus|50/100 slp|[from] item: Leftovers
|turn|17
|
|-curestatus|p2a: Landorus|slp|[msg]
|move|p2a: Landorus|U-turn|p1a: Breloom
|-damage|p1a: Breloom|72/100
|
|switch|p2a: Sneasler|Sneasler, F|100/100|[from] U-turn
|move|p1a: Breloom|Bullet Seed|p2a: Sneasler
|-resisted|p2a: Sneasler
|-damage|p2a: Sneasler|89/100
|-resisted|p2a: Sneasler
|-damage|p2a: Sneasler|77/100
|-hitcount|p2a: Sneasler|2
|
|turn|18
|
|switch|p1a: Muk|Muk-Alola, F|66/100
|move|p2a: Sneasler|Close Combat|p1a: Muk
|-damage|p1a: Muk|0 fnt
|-unboost|p2a: Sneasler|def|1
|-unboost|p2a: Sneasler|spd|1
|faint|p1a: Muk
|
|
|switch|p1a: Breloom|Breloom, M|72/100
|turn|19
|
|move|p1a: Breloom|Mach Punch|p2a: Sneasler
|-resisted|p2a: Sneasler
|-damage|p2a: Sneasler|25/100
|move|p2a: Sneasler|Close Combat|p1a: Breloom
|-damage|p1a: Breloom|0 fnt
|-unboost|p2a: Sneasler|def|1
|-unboost|p2a: Sneasler|spd|1
|faint|p1a: Breloom
|
|
|switch|p1a: Corviknight|Corviknight, F|100/100
|turn|20
|
|move|p2a: Sneasler|Close Combat|p1a: Corviknight
|-damage|p1a: Corviknight|41/100
|-unboost|p2a: Sneasler|def|1
|-unboost|p2a: Sneasler|spd|1
|move|p1a: Corviknight|Body Press|p2a: Sneasler
|-resisted|p2a: Sneasler
|-damage|p2a: Sneasler|0 fnt
|faint|p2a: Sneasler
|
|-heal|p1a: Corviknight|47/100|[from] item: Leftovers
|
|switch|p2a: Basculegion|Basculegion, M|100/100
|turn|21
|
|move|p2a: Basculegion|Agility|p2a: Basculegion
|-boost|p2a: Basculegion|spe|2
|move|p1a: Corviknight|Roost|p1a: Corviknight
|-heal|p1a: Corviknight|97/100
|-singleturn|p1a: Corviknight|move: Roost
|
|-heal|p1a: Corviknight|100/100|[from] item: Leftovers
|turn|22
|
|-terastallize|p2a: Basculegion|Water
|move|p2a: Basculegion|Wave Crash|p1a: Corviknight
|-damage|p1a: Corviknight|43/100
|-damage|p2a: Basculegion|81/100|[from] Recoil
|move|p1a: Corviknight|Iron Head|p2a: Basculegion
|-resisted|p2a: Basculegion
|-crit|p2a: Basculegion
|-damage|p2a: Basculegion|59/100
|
|-heal|p2a: Basculegion|65/100|[from] item: Leftovers
|-heal|p1a: Corviknight|49/100|[from] item: Leftovers
|turn|23
|
|move|p2a: Basculegion|Wave Crash|p1a: Corviknight
|-damage|p1a: Corviknight|0 fnt
|faint|p1a: Corviknight
|-damage|p2a: Basculegion|48/100|[from] Recoil
|
|-heal|p2a: Basculegion|54/100|[from] item: Leftovers
|
|switch|p1a: Arcanine|Arcanine-Hisui, F|100/100
|turn|24
|
|move|p1a: Arcanine|Extreme Speed|p2a: Basculegion
|-damage|p2a: Basculegion|18/100
|move|p2a: Basculegion|Wave Crash|p1a: Arcanine
|-supereffective|p1a: Arcanine
|-damage|p1a: Arcanine|0 fnt
|faint|p1a: Arcanine
|-damage|p2a: Basculegion|0 fnt|[from] Recoil
|faint|p2a: Basculegion
|
|win|p2
