|poke|p1|Skeledirge, M|
|poke|p1|Garganacl, F|
|poke|p1|Great Tusk|
|poke|p1|Grimmsnarl, M|
|poke|p1|Samurott-Hisui, M|
|poke|p1|Kingambit, F|
|poke|p2|Rillaboom, F|
|poke|p2|Zamazenta-*|
|poke|p2|Lilligant-Hisui, F|
|poke|p2|Sneasler, M|
|poke|p2|Heatran, F|
|poke|p2|Avalugg-Hisui, M|
|teampreview
|
|start
|switch|p1a: Messier|Grimmsnarl, M|100/100
|switch|p2a: Lilligant|Lilligant-Hisui, F, shiny|100/100
|turn|1
|
|move|p1a: Messier|Taunt|p2a: Lilligant
|-start|p2a: Lilligant|move: Taunt
|cant|p2a: Lilligant|move: Taunt|Encore
|
|turn|2
|
|move|p1a: Messier|Reflect|p1a: Messier
|-sidestart|p1: KinTheLich|Reflect
|move|p2a: Lilligant|Leaf Blade|p1a: Messier
|-damage|p1a: Messier|70/100
|
|turn|3
|
|move|p1a: Messier|Light Screen|p1a: Messier
|-sidestart|p1: KinTheLich|move: Light Screen
|move|p2a: Lilligant|Leaf Blade|p1a: Messier
|-damage|p1a: Messier|35/100
|
|-end|p2a: Lilligant|move: Taunt
|turn|4
|
|move|p1a: Messier|Taunt|p2a: Lilligant
|-start|p2a: Lilligant|move: Taunt
|cant|p2a: Lilligant|move: Taunt|Defog
|
|turn|5
|
|switch|p2a: Rillaboom|Rillaboom, F, shiny|100/100
|-fieldstart|move: Grassy Terrain|[from] ability: Grassy Surge|[of] p2a: Rillaboom
|move|p1a: Messier|Parting Shot|p2a: Rillaboom
|-unboost|p2a: Rillaboom|atk|1
|-unboost|p2a: Rillaboom|spa|1
|
|switch|p1a: Sirus|Skeledirge, M|100/100|[from] Parting Shot
|
|turn|6
|
|move|p2a: Rillaboom|Knock Off|p1a: Sirus
|-supereffective|p1a: Sirus
|-damage|p1a: Sirus|76/100
|-enditem|p1a: Sirus|Heavy-Duty Boots|[from] move: Knock Off|[of] p2a: Rillaboom
|move|p1a: Sirus|Substitute|p1a: Sirus
|-start|p1a: Sirus|Substitute
|-damage|p1a: Sirus|51/100
|
|-heal|p1a: Sirus|58/100|[from] Grassy Terrain
|turn|7
|
|move|p2a: Rillaboom|Taunt|p1a: Sirus
|-start|p1a: Sirus|move: Taunt
|move|p1a: Sirus|Torch Song|p2a: Rillaboom
|-supereffective|p2a: Rillaboom
|-damage|p2a: Rillaboom|22/100
|-boost|p1a: Sirus|spa|1
|
|-heal|p2a: Rillaboom|28/100|[from] Grassy Terrain
|-heal|p1a: Sirus|64/100|[from] Grassy Terrain
|turn|8
|
|move|p2a: Rillaboom|Knock Off|p1a: Sirus
|-supereffective|p1a: Sirus
|-activate|p1a: Sirus|move: Substitute|[damage]
|move|p1a: Sirus|Torch Song|p2a: Rillaboom
|-supereffective|p2a: Rillaboom
|-damage|p2a: Rillaboom|0 fnt
|-boost|p1a: Sirus|spa|1
|faint|p2a: Rillaboom
|
|-heal|p1a: Sirus|70/100|[from] Grassy Terrain
|
|switch|p2a: Heatran|Heatran, F|100/100
|turn|9
|
|move|p2a: Heatran|Magma Storm|p1a: Sirus|[miss]
|-miss|p2a: Heatran|p1a: Sirus
|move|p1a: Sirus|Shadow Ball|p2a: Heatran
|-damage|p2a: Heatran|56/100
|-unboost|p2a: Heatran|spd|1
|
|-heal|p2a: Heatran|62/100|[from] Grassy Terrain
|-heal|p1a: Sirus|76/100|[from] Grassy Terrain
|-end|p1a: Sirus|move: Taunt
|-sideend|p1: KinTheLich|Reflect
|turn|10
|
|move|p2a: Heatran|Taunt|p1a: Sirus
|-start|p1a: Sirus|move: Taunt
|move|p1a: Sirus|Shadow Ball|p2a: Heatran
|-damage|p2a: Heatran|21/100
|
|-heal|p2a: Heatran|27/100|[from] Grassy Terrain
|-heal|p1a: Sirus|82/100|[from] Grassy Terrain
|-sideend|p1: KinTheLich|move: Light Screen
|turn|11
|
|move|p2a: Heatran|Flash Cannon|p1a: Sirus
|-resisted|p1a: Sirus
|-end|p1a: Sirus|Substitute
|move|p1a: Sirus|Shadow Ball|p2a: Heatran
|-damage|p2a: Heatran|0 fnt
|faint|p2a: Heatran
|
|-heal|p1a: Sirus|88/100|[from] Grassy Terrain
|
|switch|p2a: Sneasler|Sneasler, M|100/100
|-enditem|p2a: Sneasler|Grassy Seed
|-boost|p2a: Sneasler|def|1|[from] item: Grassy Seed
|turn|12
|
|-terastallize|p2a: Sneasler|Dark
|move|p2a: Sneasler|Swords Dance|p2a: Sneasler
|-boost|p2a: Sneasler|atk|2
|move|p1a: Sirus|Torch Song|p2a: Sneasler
|-damage|p2a: Sneasler|1/100
|-boost|p1a: Sirus|spa|1
|
|-heal|p2a: Sneasler|7/100|[from] Grassy Terrain
|-heal|p1a: Sirus|94/100|[from] Grassy Terrain
|-end|p1a: Sirus|move: Taunt
|-fieldend|move: Grassy Terrain
|turn|13
|
|move|p2a: Sneasler|Night Slash|p1a: Sirus
|-supereffective|p1a: Sirus
|-crit|p1a: Sirus
|-damage|p1a: Sirus|0 fnt
|faint|p1a: Sirus
|
|
|switch|p1a: Gilgamesh|Great Tusk, shiny|100/100
|turn|14
|
|move|p2a: Sneasler|Close Combat|p1a: Gilgamesh
|-damage|p1a: Gilgamesh|37/100
|-unboost|p2a: Sneasler|def|1
|-unboost|p2a: Sneasler|spd|1
|move|p1a: Gilgamesh|Knock Off|p2a: Sneasler
|-resisted|p2a: Sneasler
|-damage|p2a: Sneasler|0 fnt
|faint|p2a: Sneasler
|
|-heal|p1a: Gilgamesh|44/100|[from] item: Leftovers
|
|switch|p2a: Lilligant|Lilligant-Hisui, F, shiny|100/100
|turn|15
|
|move|p2a: Lilligant|Victory Dance|p2a: Lilligant
|-boost|p2a: Lilligant|atk|1
|-boost|p2a: Lilligant|def|1
|-boost|p2a: Lilligant|spe|1
|move|p1a: Gilgamesh|Knock Off|p2a: Lilligant
|-resisted|p2a: Lilligant
|-damage|p2a: Lilligant|85/100
|-enditem|p2a: Lilligant|Meadow Plate|[from] move: Knock Off|[of] p1a: Gilgamesh
|
|-heal|p1a: Gilgamesh|50/100|[from] item: Leftovers
|turn|16
|
|-end|p1a: Gilgamesh|Protosynthesis|[silent]
|switch|p1a: Messier|Grimmsnarl, M|35/100
|move|p2a: Lilligant|Victory Dance|p2a: Lilligant
|-boost|p2a: Lilligant|atk|1
|-boost|p2a: Lilligant|def|1
|-boost|p2a: Lilligant|spe|1
|
|turn|17
|
|move|p1a: Messier|Parting Shot|p2a: Lilligant
|-unboost|p2a: Lilligant|atk|1
|-unboost|p2a: Lilligant|spa|1
|
|switch|p1a: Jasnah|Kingambit, F, shiny|100/100|[from] Parting Shot
|-activate|p1a: Jasnah|ability: Supreme Overlord
|-start|p1a: Jasnah|fallen1|[silent]
|move|p2a: Lilligant|Leaf Blade|p1a: Jasnah
|-resisted|p1a: Jasnah
|-damage|p1a: Jasnah|75/100
|
|-heal|p1a: Jasnah|81/100|[from] item: Leftovers
|turn|18
|
|move|p2a: Lilligant|Victory Dance|p2a: Lilligant
|-boost|p2a: Lilligant|atk|1
|-boost|p2a: Lilligant|def|1
|-boost|p2a: Lilligant|spe|1
|move|p1a: Jasnah|Swords Dance|p1a: Jasnah
|-boost|p1a: Jasnah|atk|2
|
|-heal|p1a: Jasnah|87/100|[from] item: Leftovers
|turn|19
|
|move|p2a: Lilligant|Encore|p1a: Jasnah
|-start|p1a: Jasnah|Encore
|move|p1a: Jasnah|Swords Dance|p1a: Jasnah
|-boost|p1a: Jasnah|atk|2
|
|-heal|p1a: Jasnah|94/100|[from] item: Leftovers
|turn|20
|
|move|p2a: Lilligant|Victory Dance|p2a: Lilligant
|-boost|p2a: Lilligant|atk|1
|-boost|p2a: Lilligant|def|1
|-boost|p2a: Lilligant|spe|1
|move|p1a: Jasnah|Swords Dance|p1a: Jasnah
|-boost|p1a: Jasnah|atk|2
|
|-heal|p1a: Jasnah|99/100|[from] item: Leftovers
|turn|21
|
|move|p2a: Lilligant|Victory Dance|p2a: Lilligant
|-boost|p2a: Lilligant|atk|1
|-boost|p2a: Lilligant|def|1
|-boost|p2a: Lilligant|spe|1
|move|p1a: Jasnah|Swords Dance|p1a: Jasnah
|-boost|p1a: Jasnah|atk|0
|
|-heal|p1a: Jasnah|100/100|[from] item: Leftovers
|-end|p1a: Jasnah|Encore
|turn|22
|
|move|p2a: Lilligant|Encore|p1a: Jasnah
|-start|p1a: Jasnah|Encore
|move|p1a: Jasnah|Swords Dance|p1a: Jasnah
|-boost|p1a: Jasnah|atk|0
|
|turn|23
|
|move|p2a: Lilligant|Victory Dance|p2a: Lilligant
|-boost|p2a: Lilligant|atk|1
|-boost|p2a: Lilligant|def|1
|-boost|p2a: Lilligant|spe|1
|move|p1a: Jasnah|Swords Dance|p1a: Jasnah
|-boost|p1a: Jasnah|atk|0
|
|turn|24
|
|move|p2a: Lilligant|Leaf Blade|p1a: Jasnah
|-resisted|p1a: Jasnah
|-damage|p1a: Jasnah|40/100
|move|p1a: Jasnah|Swords Dance|p1a: Jasnah
|-boost|p1a: Jasnah|atk|0
|
|-heal|p1a: Jasnah|46/100|[from] item: Leftovers
|-end|p1a: Jasnah|Encore
|turn|25
|
|-end|p1a: Jasnah|fallen1|[silent]
|switch|p1a: Messier|Grimmsnarl, M|35/100
|move|p2a: Lilligant|Encore||[still]
|-fail|p2a: Lilligant
|
|turn|26
|
|move|p1a: Messier|Taunt|p2a: Lilligant
|-start|p2a: Lilligant|move: Taunt
|cant|p2a: Lilligant|move: Taunt|Victory Dance
|
|turn|27
|
|move|p1a: Messier|Reflect|p1a: Messier
|-sidestart|p1: KinTheLich|Reflect
|move|p2a: Lilligant|Leaf Blade|p1a: Messier
|-damage|p1a: Messier|0 fnt
|faint|p1a: Messier
|
|
|switch|p1a: Jasnah|Kingambit, F, shiny|46/100
|-activate|p1a: Jasnah|ability: Supreme Overlord
|-start|p1a: Jasnah|fallen2|[silent]
|turn|28
|
|move|p2a: Lilligant|Leaf Blade|p1a: Jasnah
|-resisted|p1a: Jasnah
|-damage|p1a: Jasnah|15/100
|move|p1a: Jasnah|Swords Dance|p1a: Jasnah
|-boost|p1a: Jasnah|atk|2
|
|-heal|p1a: Jasnah|22/100|[from] item: Leftovers
|-end|p2a: Lilligant|move: Taunt
|turn|29
|
|move|p1a: Jasnah|Sucker Punch||[still]
|-fail|p1a: Jasnah
|move|p2a: Lilligant|Encore|p1a: Jasnah
|-start|p1a: Jasnah|Encore
|
|-heal|p1a: Jasnah|28/100|[from] item: Leftovers
|turn|30
|
|move|p1a: Jasnah|Sucker Punch|p2a: Lilligant
|-resisted|p2a: Lilligant
|-damage|p2a: Lilligant|67/100
|move|p2a: Lilligant|Leaf Blade|p1a: Jasnah
|-resisted|p1a: Jasnah
|-damage|p1a: Jasnah|0 fnt
|faint|p1a: Jasnah
|-end|p1a: Jasnah|fallen2|[silent]
|
|
|switch|p1a: Tanukli|Garganacl, F|100/100
|turn|31
|
|-terastallize|p1a: Tanukli|Ghost
|move|p2a: Lilligant|Leaf Blade|p1a: Tanukli
|-crit|p1a: Tanukli
|-damage|p1a: Tanukli|0 fnt
|faint|p1a: Tanukli
|
|
|switch|p1a: Gilgamesh|Great Tusk, shiny|50/100
|turn|32
|-message|KinTheLich forfeited.
|
|win|pontiff lombo
|l|☆KinTheLich
