|poke|p1|Ursaluna, M|
|poke|p1|Magearna|
|poke|p1|Dragapult, F|
|poke|p1|Kleavor, F|
|poke|p1|Zamazenta-*|
|poke|p1|Volcarona, M|
|poke|p2|Urshifu-*, F|
|poke|p2|Magearna|
|poke|p2|Chien-Pao|
|poke|p2|Lilligant-Hisui, F|
|poke|p2|Sneasler, M|
|poke|p2|Espeon, M|
|teampreview
|
|start
|switch|p1a: Kleavor|Kleavor, F|100/100
|switch|p2a: Espeon|Espeon, M|100/100
|turn|1
|
|move|p2a: Espeon|Trick|p1a: Kleavor
|-activate|p2a: Espeon|move: Trick|[of] p1a: Kleavor
|-item|p1a: Kleavor|Choice Scarf|[from] move: Trick
|-item|p2a: Espeon|Choice Scarf|[from] move: Trick
|move|p1a: Kleavor|Stone Axe|p2a: Espeon
|-damage|p2a: Espeon|5/100
|-sidestart|p2: vekpoc|move: Stealth Rock
|
|turn|2
|
|move|p2a: Espeon|Power Gem|p1a: Kleavor
|-supereffective|p1a: Kleavor
|-damage|p1a: Kleavor|3/100
|move|p1a: Kleavor|Stone Axe|p2a: Espeon
|-damage|p2a: Espeon|0 fnt
|faint|p2a: Espeon
|
|
|switch|p2a: Magearna|Magearna|100/100
|-damage|p2a: Magearna|94/100|[from] Stealth Rock
|turn|3
|
|move|p1a: Kleavor|Stone Axe|p2a: Magearna|[miss]
|-miss|p1a: Kleavor|p2a: Magearna
|move|p2a: Magearna|Shift Gear|p2a: Magearna
|-boost|p2a: Magearna|spe|2
|-boost|p2a: Magearna|atk|1
|
|turn|4
|
|move|p1a: Kleavor|Stone Axe|p2a: Magearna
|-resisted|p2a: Magearna
|-crit|p2a: Magearna
|-damage|p2a: Magearna|62/100
|move|p2a: Magearna|Shift Gear|p2a: Magearna
|-boost|p2a: Magearna|spe|2
|-boost|p2a: Magearna|atk|1
|
|turn|5
|
|switch|p1a: Dragapult|Dragapult, F|100/100
|move|p2a: Magearna|Calm Mind|p2a: Magearna
|-boost|p2a: Magearna|spa|1
|-boost|p2a: Magearna|spd|1
|
|turn|6
|
|move|p2a: Magearna|Draining Kiss|p1a: Dragapult
|-supereffective|p1a: Dragapult
|-damage|p1a: Dragapult|13/100
|-heal|p2a: Magearna|100/100|[from] drain|[of] p1a: Dragapult
|-start|p2a: Magearna|Disable|Draining Kiss|[from] ability: Cursed Body|[of] p1a: Dragapult
|move|p1a: Dragapult|Light Screen|p1a: Dragapult
|-sidestart|p1: Blackyakuzu94|move: Light Screen
|
|turn|7
|
|move|p2a: Magearna|Calm Mind|p2a: Magearna
|-boost|p2a: Magearna|spa|1
|-boost|p2a: Magearna|spd|1
|move|p1a: Dragapult|Reflect|p1a: Dragapult
|-sidestart|p1: Blackyakuzu94|Reflect
|
|turn|8
|
|move|p2a: Magearna|Stored Power|p1a: Dragapult
|-damage|p1a: Dragapult|0 fnt
|faint|p1a: Dragapult
|-ability|p2a: Magearna|Soul-Heart|boost
|-boost|p2a: Magearna|spa|1
|
|
|switch|p1a: Volcarona|Volcarona, M|100/100
|turn|9
|
|-terastallize|p2a: Magearna|Water
|move|p2a: Magearna|Stored Power|p1a: Volcarona
|-damage|p1a: Volcarona|0 fnt
|faint|p1a: Volcarona
|-ability|p2a: Magearna|Soul-Heart|boost
|-boost|p2a: Magearna|spa|1
|
|-end|p2a: Magearna|Disable
|
|switch|p1a: Magearna|Magearna|100/100
|turn|10
|
|move|p2a: Magearna|Stored Power|p1a: Magearna
|-resisted|p1a: Magearna
|-damage|p1a: Magearna|30/100
|move|p1a: Magearna|Calm Mind|p1a: Magearna
|-boost|p1a: Magearna|spa|1
|-boost|p1a: Magearna|spd|1
|
|-heal|p1a: Magearna|36/100|[from] item: Leftovers
|turn|11
|
|move|p2a: Magearna|Stored Power|p1a: Magearna
|-resisted|p1a: Magearna
|-damage|p1a: Magearna|0 fnt
|faint|p1a: Magearna
|-ability|p2a: Magearna|Soul-Heart|boost
|-boost|p2a: Magearna|spa|1
|
|
|switch|p1a: Ursaluna|Ursaluna, M|100/100
|turn|12
|
|move|p2a: Magearna|Stored Power|p1a: Ursaluna
|-damage|p1a: Ursaluna|0 fnt
|faint|p1a: Ursaluna
|-ability|p2a: Magearna|Soul-Heart|boost
|-boost|p2a: Magearna|spa|1
|
|
|switch|p1a: Zamazenta|Zamazenta|100/100
|-ability|p1a: Zamazenta|Dauntless Shield|boost
|-boost|p1a: Zamazenta|def|1
|turn|13
|
|-terastallize|p1a: Zamazenta|Dark
|move|p2a: Magearna|Stored Power|p1a: Zamazenta
|-immune|p1a: Zamazenta
|move|p1a: Zamazenta|Substitute|p1a: Zamazenta
|-start|p1a: Zamazenta|Substitute
|-damage|p1a: Zamazenta|76/100
|
|-heal|p1a: Zamazenta|82/100|[from] item: Leftovers
|-sideend|p1: Blackyakuzu94|move: Light Screen
|turn|14
|
|move|p2a: Magearna|Draining Kiss|p1a: Zamazenta
|-supereffective|p1a: Zamazenta
|-end|p1a: Zamazenta|Substitute
|move|p1a: Zamazenta|Body Press|p2a: Magearna
|-damage|p2a: Magearna|52/100
|
|-heal|p1a: Zamazenta|88/100|[from] item: Leftovers
|-sideend|p1: Blackyakuzu94|Reflect
|turn|15
|
|move|p2a: Magearna|Draining Kiss|p1a: Zamazenta
|-supereffective|p1a: Zamazenta
|-damage|p1a: Zamazenta|0 fnt
|-heal|p2a: Magearna|100/100|[from] drain|[of] p1a: Zamazenta
|faint|p1a: Zamazenta
|
|-message|Blackyakuzu94 forfeited.
|
|win|vekpoc
