# advantage = p2
|poke|p1|Garganacl, M|
|poke|p1|Corviknight, F|
|poke|p1|Grimmsnarl, M|
|poke|p1|Glimmora, F|
|poke|p1|Dragonite, F|
|poke|p1|Amoonguss, M|
|poke|p2|Skeledirge, M|
|poke|p2|Hoopa-Unbound|
|poke|p2|Iron Valiant|
|poke|p2|Palossand, F|
|poke|p2|Rotom-Mow|
|poke|p2|Volcanion|
|teampreview
|
|start
|switch|p1a: Glimmora|Glimmora, F|100/100
|switch|p2a: Palossand|Palossand, F|100/100
|turn|1
|
|move|p1a: Glimmora|Stealth Rock|p2a: Palossand
|-sidestart|p2: p2|move: Stealth Rock
|move|p2a: Palossand|Shadow Ball|p1a: Glimmora
|-damage|p1a: Glimmora|53/100
|-unboost|p1a: Glimmora|spd|1
|
|turn|2
|
|move|p1a: Glimmora|Spikes|p2a: Palossand
|-sidestart|p2: p2|Spikes
|move|p2a: Palossand|Shadow Ball|p1a: Glimmora
|-damage|p1a: Glimmora|0 fnt
|faint|p1a: Glimmora
|
|
|switch|p1a: Grimmsnarl|Grimmsnarl, M|100/100
|turn|3
|
|move|p1a: Grimmsnarl|Light Screen|p1a: Grimmsnarl
|-sidestart|p1: p1|move: Light Screen
|move|p2a: Palossand|Stealth Rock|p1a: Grimmsnarl
|-sidestart|p1: p1|move: Stealth Rock
|
|turn|4
|
|switch|p2a: Rotom|Rotom-Mow|100/100
|-damage|p2a: Rotom|88/100|[from] Stealth Rock
|move|p1a: Grimmsnarl|Reflect|p1a: Grimmsnarl
|-sidestart|p1: p1|Reflect
|
|-heal|p2a: Rotom|94/100|[from] item: Leftovers
|turn|5
|
|move|p2a: Rotom|Will-O-Wisp|p1a: Grimmsnarl
|-status|p1a: Grimmsnarl|brn
|move|p1a: Grimmsnarl|Spirit Break|p2a: Rotom
|-damage|p2a: Rotom|79/100
|-unboost|p2a: Rotom|spa|1
|
|-heal|p2a: Rotom|85/100|[from] item: Leftovers
|-damage|p1a: Grimmsnarl|94/100 brn|[from] brn
|turn|6
|
|switch|p2a: Skeledirge|Skeledirge, M|100/100
|move|p1a: Grimmsnarl|Spirit Break|p2a: Skeledirge
|-resisted|p2a: Skeledirge
|-damage|p2a: Skeledirge|96/100
|-unboost|p2a: Skeledirge|spa|1
|
|-damage|p1a: Grimmsnarl|88/100 brn|[from] brn
|turn|7
|
|move|p1a: Grimmsnarl|Thunder Wave|p2a: Skeledirge|[miss]
|-miss|p1a: Grimmsnarl|p2a: Skeledirge
|move|p2a: Skeledirge|Torch Song|p1a: Grimmsnarl
|-damage|p1a: Grimmsnarl|81/100 brn
|-boost|p2a: Skeledirge|spa|1
|
|-damage|p1a: Grimmsnarl|75/100 brn|[from] brn
|turn|8
|
|switch|p2a: Rotom|Rotom-Mow|85/100
|-damage|p2a: Rotom|73/100|[from] Stealth Rock
|move|p1a: Grimmsnarl|Thunder Wave|p2a: Rotom
|-immune|p2a: Rotom
|
|-heal|p2a: Rotom|79/100|[from] item: Leftovers
|-damage|p1a: Grimmsnarl|69/100 brn|[from] brn
|turn|9
|
|move|p2a: Rotom|Light Screen|p2a: Rotom
|-sidestart|p2: p2|move: Light Screen
|move|p1a: Grimmsnarl|Spirit Break|p2a: Rotom
|-damage|p2a: Rotom|63/100
|-unboost|p2a: Rotom|spa|1
|
|-heal|p2a: Rotom|70/100|[from] item: Leftovers
|-damage|p1a: Grimmsnarl|63/100 brn|[from] brn
|turn|10
|
|switch|p2a: Volcanion|Volcanion|100/100
|-damage|p2a: Volcanion|75/100|[from] Stealth Rock
|-damage|p2a: Volcanion|63/100|[from] Spikes
|move|p1a: Grimmsnarl|Spirit Break|p2a: Volcanion
|-resisted|p2a: Volcanion
|-damage|p2a: Volcanion|59/100
|-unboost|p2a: Volcanion|spa|1
|
|-heal|p2a: Volcanion|65/100|[from] item: Leftovers
|-damage|p1a: Grimmsnarl|57/100 brn|[from] brn
|-sideend|p1: p1|move: Light Screen
|turn|11
|
|move|p1a: Grimmsnarl|Thunder Wave|p2a: Volcanion
|-status|p2a: Volcanion|par
|cant|p2a: Volcanion|par
|
|-heal|p2a: Volcanion|71/100 par|[from] item: Leftovers
|-damage|p1a: Grimmsnarl|51/100 brn|[from] brn
|-sideend|p1: p1|Reflect
|turn|12
|
|move|p1a: Grimmsnarl|Light Screen|p1a: Grimmsnarl
|-sidestart|p1: p1|move: Light Screen
|cant|p2a: Volcanion|par
|
|-heal|p2a: Volcanion|77/100 par|[from] item: Leftovers
|-damage|p1a: Grimmsnarl|45/100 brn|[from] brn
|turn|13
|
|move|p1a: Grimmsnarl|Reflect|p1a: Grimmsnarl
|-sidestart|p1: p1|Reflect
|move|p2a: Volcanion|Steam Eruption|p1a: Grimmsnarl
|-damage|p1a: Grimmsnarl|32/100 brn
|
|-heal|p2a: Volcanion|83/100 par|[from] item: Leftovers
|-damage|p1a: Grimmsnarl|26/100 brn|[from] brn
|-sideend|p2: p2|move: Light Screen
|turn|14
|
|switch|p1a: Corviknight|Corviknight, F|100/100
|-ability|p1a: Corviknight|Pressure
|move|p2a: Volcanion|Steam Eruption|p1a: Corviknight
|-crit|p1a: Corviknight
|-damage|p1a: Corviknight|51/100
|
|-heal|p2a: Volcanion|89/100 par|[from] item: Leftovers
|turn|15
|
|move|p1a: Corviknight|Roost|p1a: Corviknight
|-heal|p1a: Corviknight|100/100
|-singleturn|p1a: Corviknight|move: Roost
|cant|p2a: Volcanion|par
|
|-heal|p2a: Volcanion|95/100 par|[from] item: Leftovers
|turn|16
|
|move|p1a: Corviknight|Iron Defense|p1a: Corviknight
|-boost|p1a: Corviknight|def|2
|move|p2a: Volcanion|Steam Eruption|p1a: Corviknight
|-damage|p1a: Corviknight|89/100
|
|-heal|p2a: Volcanion|100/100 par|[from] item: Leftovers
|turn|17
|
|move|p1a: Corviknight|Iron Defense|p1a: Corviknight
|-boost|p1a: Corviknight|def|2
|move|p2a: Volcanion|Will-O-Wisp|p1a: Corviknight
|-status|p1a: Corviknight|brn
|
|-damage|p1a: Corviknight|83/100 brn|[from] brn
|turn|18
|
|move|p1a: Corviknight|Iron Defense|p1a: Corviknight
|-boost|p1a: Corviknight|def|2
|move|p2a: Volcanion|Flamethrower|p1a: Corviknight
|-supereffective|p1a: Corviknight
|-damage|p1a: Corviknight|64/100 brn
|
|-damage|p1a: Corviknight|58/100 brn|[from] brn
|turn|19
|
|move|p1a: Corviknight|Body Press|p2a: Volcanion
|-damage|p2a: Volcanion|76/100 par
|move|p2a: Volcanion|Flamethrower|p1a: Corviknight
|-supereffective|p1a: Corviknight
|-damage|p1a: Corviknight|38/100 brn
|
|-heal|p2a: Volcanion|82/100 par|[from] item: Leftovers
|-damage|p1a: Corviknight|32/100 brn|[from] brn
|-sideend|p1: p1|move: Light Screen
|turn|20
|
|move|p1a: Corviknight|Roost|p1a: Corviknight
|-heal|p1a: Corviknight|82/100 brn
|-singleturn|p1a: Corviknight|move: Roost
|move|p2a: Volcanion|Steam Eruption|p1a: Corviknight
|-damage|p1a: Corviknight|59/100 brn
|
|-heal|p2a: Volcanion|88/100 par|[from] item: Leftovers
|-damage|p1a: Corviknight|53/100 brn|[from] brn
|-sideend|p1: p1|Reflect
|turn|21
|
|move|p1a: Corviknight|Body Press|p2a: Volcanion
|-damage|p2a: Volcanion|66/100 par
|move|p2a: Volcanion|Flamethrower|p1a: Corviknight
|-supereffective|p1a: Corviknight
|-damage|p1a: Corviknight|14/100 brn
|
|-heal|p2a: Volcanion|72/100 par|[from] item: Leftovers
|-damage|p1a: Corviknight|8/100 brn|[from] brn
|turn|22
|
|move|p1a: Corviknight|Roost|p1a: Corviknight
|-heal|p1a: Corviknight|58/100 brn
|-singleturn|p1a: Corviknight|move: Roost
|move|p2a: Volcanion|Flamethrower|p1a: Corviknight
|-supereffective|p1a: Corviknight
|-damage|p1a: Corviknight|20/100 brn
|
|-heal|p2a: Volcanion|79/100 par|[from] item: Leftovers
|-damage|p1a: Corviknight|14/100 brn|[from] brn
|turn|23
|
|move|p1a: Corviknight|Roost|p1a: Corviknight
|-heal|p1a: Corviknight|64/100 brn
|-singleturn|p1a: Corviknight|move: Roost
|move|p2a: Volcanion|Flamethrower|p1a: Corviknight
|-supereffective|p1a: Corviknight
|-damage|p1a: Corviknight|26/100 brn
|
|-heal|p2a: Volcanion|85/100 par|[from] item: Leftovers
|-damage|p1a: Corviknight|20/100 brn|[from] brn
|turn|24
|
|move|p1a: Corviknight|Roost|p1a: Corviknight
|-heal|p1a: Corviknight|70/100 brn
|-singleturn|p1a: Corviknight|move: Roost
|move|p2a: Volcanion|Flamethrower|p1a: Corviknight
|-supereffective|p1a: Corviknight
|-damage|p1a: Corviknight|37/100 brn
|
|-heal|p2a: Volcanion|91/100 par|[from] item: Leftovers
|-damage|p1a: Corviknight|31/100 brn|[from] brn
|turn|25
|
|move|p1a: Corviknight|Roost|p1a: Corviknight
|-heal|p1a: Corviknight|81/100 brn
|-singleturn|p1a: Corviknight|move: Roost
|move|p2a: Volcanion|Flamethrower|p1a: Corviknight
|-supereffective|p1a: Corviknight
|-damage|p1a: Corviknight|45/100 brn
|
|-heal|p2a: Volcanion|97/100 par|[from] item: Leftovers
|-damage|p1a: Corviknight|39/100 brn|[from] brn
|turn|26
|
|switch|p2a: Skeledirge|Skeledirge, M|96/100
|move|p1a: Corviknight|Body Press|p2a: Skeledirge
|-immune|p2a: Skeledirge
|
|-damage|p1a: Corviknight|33/100 brn|[from] brn
|turn|27
|
|switch|p1a: Garganacl|Garganacl, M, shiny|100/100
|-damage|p1a: Garganacl|88/100|[from] Stealth Rock
|move|p2a: Skeledirge|Substitute|p2a: Skeledirge
|-start|p2a: Skeledirge|Substitute
|-damage|p2a: Skeledirge|71/100
|
|-heal|p1a: Garganacl|94/100|[from] item: Leftovers
|turn|28
|
|move|p2a: Skeledirge|Torch Song|p1a: Garganacl
|-resisted|p1a: Garganacl
|-damage|p1a: Garganacl|80/100
|-boost|p2a: Skeledirge|spa|1
|move|p1a: Garganacl|Earthquake|p2a: Skeledirge
|-supereffective|p2a: Skeledirge
|-end|p2a: Skeledirge|Substitute
|
|-heal|p1a: Garganacl|86/100|[from] item: Leftovers
|turn|29
|
|-terastallize|p2a: Skeledirge|Ground
|move|p2a: Skeledirge|Substitute|p2a: Skeledirge
|-start|p2a: Skeledirge|Substitute
|-damage|p2a: Skeledirge|46/100
|move|p1a: Garganacl|Salt Cure|p2a: Skeledirge
|-resisted|p2a: Skeledirge
|-activate|p2a: Skeledirge|move: Substitute|[damage]
|
|-heal|p1a: Garganacl|92/100|[from] item: Leftovers
|turn|30
|
|move|p2a: Skeledirge|Torch Song|p1a: Garganacl
|-resisted|p1a: Garganacl
|-damage|p1a: Garganacl|71/100
|-boost|p2a: Skeledirge|spa|1
|move|p1a: Garganacl|Earthquake|p2a: Skeledirge
|-activate|p2a: Skeledirge|move: Substitute|[damage]
|
|-heal|p1a: Garganacl|77/100|[from] item: Leftovers
|turn|31
|
|move|p2a: Skeledirge|Slack Off|p2a: Skeledirge
|-heal|p2a: Skeledirge|97/100
|move|p1a: Garganacl|Earthquake|p2a: Skeledirge
|-end|p2a: Skeledirge|Substitute
|
|-heal|p1a: Garganacl|84/100|[from] item: Leftovers
|turn|32
|
|move|p2a: Skeledirge|Substitute|p2a: Skeledirge
|-start|p2a: Skeledirge|Substitute
|-damage|p2a: Skeledirge|72/100
|move|p1a: Garganacl|Salt Cure|p2a: Skeledirge
|-resisted|p2a: Skeledirge
|-activate|p2a: Skeledirge|move: Substitute|[damage]
|
|-heal|p1a: Garganacl|90/100|[from] item: Leftovers
|turn|33
|
|move|p2a: Skeledirge|Torch Song|p1a: Garganacl
|-resisted|p1a: Garganacl
|-damage|p1a: Garganacl|62/100
|-boost|p2a: Skeledirge|spa|1
|move|p1a: Garganacl|Earthquake|p2a: Skeledirge
|-activate|p2a: Skeledirge|move: Substitute|[damage]
|
|-heal|p1a: Garganacl|68/100|[from] item: Leftovers
|turn|34
|
|move|p2a: Skeledirge|Torch Song|p1a: Garganacl
|-resisted|p1a: Garganacl
|-damage|p1a: Garganacl|32/100
|-boost|p2a: Skeledirge|spa|1
|move|p1a: Garganacl|Earthquake|p2a: Skeledirge
|-end|p2a: Skeledirge|Substitute
|
|-heal|p1a: Garganacl|38/100|[from] item: Leftovers
|turn|35
|-message|p1 forfeited.
|
|win|p2
