# advantage = p2
|poke|p1|Breloom, M|
|poke|p1|Arcanine-Hisui, M|
|poke|p1|Chien-Pao|
|poke|p1|Ursaluna, F|
|poke|p1|Enamorus, F|
|poke|p1|Walking Wake|
|poke|p2|Samurott-Hisui, F|
|poke|p2|Dragapult, F|
|poke|p2|Sneasler, M|
|poke|p2|Magearna|
|poke|p2|Volcarona, F|
|poke|p2|Zamazenta-*|
|teampreview
|
|start
|switch|p1a: Enamorus|Enamorus, F|100/100
|switch|p2a: Edgelord|Samurott-Hisui, F, shiny|100/100
|turn|1
|
|move|p1a: Enamorus|Superpower|p2a: Edgelord
|-supereffective|p2a: Edgelord
|-enditem|p2a: Edgelord|Focus Sash
|-damage|p2a: Edgelord|1/100
|-boost|p1a: Enamorus|atk|1
|-boost|p1a: Enamorus|def|1
|move|p2a: Edgelord|Ceaseless Edge|p1a: Enamorus
|-resisted|p1a: Enamorus
|-damage|p1a: Enamorus|77/100
|-sidestart|p1: p1|Spikes
|
|-heal|p1a: Enamorus|83/100|[from] item: Leftovers
|turn|2
|
|move|p2a: Edgelord|Aqua Jet|p1a: Enamorus
|-damage|p1a: Enamorus|61/100
|move|p1a: Enamorus|Superpower|p2a: Edgelord
|-supereffective|p2a: Edgelord
|-damage|p2a: Edgelord|0 fnt
|-boost|p1a: Enamorus|atk|1
|-boost|p1a: Enamorus|def|1
|faint|p2a: Edgelord
|
|-heal|p1a: Enamorus|68/100|[from] item: Leftovers
|
|switch|p2a: Drop A|Dragapult, F|100/100
|turn|3
|
|move|p2a: Drop A|Reflect|p2a: Drop A
|-sidestart|p2: p2|Reflect
|move|p1a: Enamorus|Play Rough|p2a: Drop A
|-supereffective|p2a: Drop A
|-damage|p2a: Drop A|0 fnt
|faint|p2a: Drop A
|
|-heal|p1a: Enamorus|74/100|[from] item: Leftovers
|
|switch|p2a: KingMidas|Sneasler, M, shiny|100/100
|-item|p2a: KingMidas|Air Balloon
|turn|4
|
|-terastallize|p1a: Enamorus|Ghost
|move|p1a: Enamorus|Zen Headbutt|p2a: KingMidas
|-supereffective|p2a: KingMidas
|-damage|p2a: KingMidas|0 fnt
|-enditem|p2a: KingMidas|Air Balloon
|faint|p2a: KingMidas
|
|-heal|p1a: Enamorus|80/100|[from] item: Leftovers
|
|switch|p2a: Banned|Magearna|100/100
|turn|5
|
|move|p1a: Enamorus|Superpower|p2a: Banned
|-damage|p2a: Banned|72/100
|-boost|p1a: Enamorus|atk|1
|-boost|p1a: Enamorus|def|1
|move|p2a: Banned|Iron Defense|p2a: Banned
|-boost|p2a: Banned|def|2
|
|-heal|p1a: Enamorus|86/100|[from] item: Leftovers
|-heal|p2a: Banned|78/100|[from] item: Leftovers
|turn|6
|
|switch|p1a: Arcanine|Arcanine-Hisui, M|100/100
|-damage|p1a: Arcanine|88/100|[from] Spikes
|move|p2a: Banned|Iron Defense|p2a: Banned
|-boost|p2a: Banned|def|2
|
|-heal|p2a: Banned|84/100|[from] item: Leftovers
|turn|7
|
|-terastallize|p2a: Banned|Water
|move|p1a: Arcanine|Flare Blitz|p2a: Banned
|-resisted|p2a: Banned
|-damage|p2a: Banned|78/100
|move|p2a: Banned|Calm Mind|p2a: Banned
|-boost|p2a: Banned|spa|1
|-boost|p2a: Banned|spd|1
|
|-heal|p2a: Banned|84/100|[from] item: Leftovers
|turn|8
|
|switch|p1a: Breloom|Breloom, M|100/100
|-damage|p1a: Breloom|88/100|[from] Spikes
|move|p2a: Banned|Calm Mind|p2a: Banned
|-boost|p2a: Banned|spa|1
|-boost|p2a: Banned|spd|1
|
|-heal|p2a: Banned|90/100|[from] item: Leftovers
|turn|9
|
|move|p1a: Breloom|Spore|p2a: Banned
|-status|p2a: Banned|slp|[from] move: Spore
|cant|p2a: Banned|slp
|
|-heal|p2a: Banned|96/100 slp|[from] item: Leftovers
|turn|10
|
|move|p1a: Breloom|Bullet Seed|p2a: Banned
|-supereffective|p2a: Banned
|-damage|p2a: Banned|91/100 slp
|-supereffective|p2a: Banned
|-damage|p2a: Banned|85/100 slp
|-supereffective|p2a: Banned
|-damage|p2a: Banned|80/100 slp
|-supereffective|p2a: Banned
|-damage|p2a: Banned|74/100 slp
|-supereffective|p2a: Banned
|-damage|p2a: Banned|69/100 slp
|-hitcount|p2a: Banned|5
|-curestatus|p2a: Banned|slp|[msg]
|move|p2a: Banned|Draining Kiss|p1a: Breloom
|-supereffective|p1a: Breloom
|-damage|p1a: Breloom|0 fnt
|-heal|p2a: Banned|100/100|[from] drain|[of] p1a: Breloom
|faint|p1a: Breloom
|-ability|p2a: Banned|Soul-Heart|boost
|-boost|p2a: Banned|spa|1
|
|-sideend|p2: p2|Reflect
|
|switch|p1a: Arcanine|Arcanine-Hisui, M|88/100
|-damage|p1a: Arcanine|76/100|[from] Spikes
|turn|11
|
|move|p1a: Arcanine|Head Smash|p2a: Banned
|-damage|p2a: Banned|71/100
|move|p2a: Banned|Draining Kiss|p1a: Arcanine
|-resisted|p1a: Arcanine
|-damage|p1a: Arcanine|41/100
|-heal|p2a: Banned|95/100|[from] drain|[of] p1a: Arcanine
|
|-heal|p2a: Banned|100/100|[from] item: Leftovers
|turn|12
|
|switch|p1a: Ursaluna|Ursaluna, F|100/100
|-damage|p1a: Ursaluna|88/100|[from] Spikes
|move|p2a: Banned|Draining Kiss|p1a: Ursaluna
|-damage|p1a: Ursaluna|43/100
|
|-status|p1a: Ursaluna|brn|[from] item: Flame Orb
|turn|13
|
|move|p2a: Banned|Draining Kiss|p1a: Ursaluna
|-damage|p1a: Ursaluna|0 fnt
|faint|p1a: Ursaluna
|-ability|p2a: Banned|Soul-Heart|boost
|-boost|p2a: Banned|spa|1
|
|
|switch|p1a: Chien-Pao|Chien-Pao|100/100
|-ability|p1a: Chien-Pao|Sword of Ruin
|turn|14
|
|move|p1a: Chien-Pao|Sacred Sword|p2a: Banned
|-crit|p2a: Banned
|-damage|p2a: Banned|53/100
|move|p2a: Banned|Draining Kiss|p1a: Chien-Pao
|-supereffective|p1a: Chien-Pao
|-damage|p1a: Chien-Pao|0 fnt
|-heal|p2a: Banned|100/100|[from] drain|[of] p1a: Chien-Pao
|faint|p1a: Chien-Pao
|-ability|p2a: Banned|Soul-Heart|boost
|-boost|p2a: Banned|spa|1
|
|-message|p1 forfeited.
|
|win|p2
