|poke|p1|Pelipper, M|
|poke|p1|Basculegion, M|
|poke|p1|Thundurus-Therian, M|
|poke|p1|Kleavor, F|
|poke|p1|Iron Moth|
|poke|p1|Urshifu-*, F|
|poke|p2|Decidueye-Hisui, M|
|poke|p2|Overqwil, M|
|poke|p2|Rotom-Wash|
|poke|p2|Talonflame, M|
|poke|p2|Enamorus-Therian, F|
|poke|p2|Goodra-Hisui, F|
|teampreview
|
|start
|switch|p1a: Thundurus|Thundurus-Therian, M|100/100
|switch|p2a: Overqwil|Overqwil, M|100/100
|-ability|p2a: Overqwil|Intimidate|boost
|-unboost|p1a: Thundurus|atk|1
|turn|1
|
|move|p1a: Thundurus|Thunder|p2a: Overqwil
|-damage|p2a: Overqwil|21/100
|move|p2a: Overqwil|Spikes|p1a: Thundurus
|-sidestart|p1: FarmerGamer|Spikes
|
|turn|2
|
|move|p1a: Thundurus|Thunder|p2a: Overqwil
|-damage|p2a: Overqwil|0 fnt
|faint|p2a: Overqwil
|
|
|switch|p2a: Decidueye|Decidueye-Hisui, M|100/100
|turn|3
|
|switch|p1a: Pelipper|Pelipper, M|100/100
|-weather|RainDance|[from] ability: Drizzle|[of] p1a: Pelipper
|move|p2a: Decidueye|Bulk Up|p2a: Decidueye
|-boost|p2a: Decidueye|atk|1
|-boost|p2a: Decidueye|def|1
|
|-weather|RainDance|[upkeep]
|turn|4
|
|-terastallize|p2a: Decidueye|Ghost
|move|p2a: Decidueye|Bulk Up|p2a: Decidueye
|-boost|p2a: Decidueye|atk|1
|-boost|p2a: Decidueye|def|1
|move|p1a: Pelipper|U-turn|p2a: Decidueye
|-resisted|p2a: Decidueye
|-damage|p2a: Decidueye|98/100
|
|switch|p1a: Kleavor|Kleavor, F|100/100|[from] U-turn
|-damage|p1a: Kleavor|88/100|[from] Spikes
|
|-weather|RainDance|[upkeep]
|-heal|p2a: Decidueye|100/100|[from] item: Leftovers
|turn|5
|
|move|p1a: Kleavor|Night Slash|p2a: Decidueye
|-supereffective|p2a: Decidueye
|-damage|p2a: Decidueye|59/100
|move|p2a: Decidueye|Triple Arrows|p1a: Kleavor
|-damage|p1a: Kleavor|8/100
|
|-weather|RainDance|[upkeep]
|-heal|p2a: Decidueye|65/100|[from] item: Leftovers
|turn|6
|
|move|p2a: Decidueye|Shadow Sneak|p1a: Kleavor
|-damage|p1a: Kleavor|0 fnt
|faint|p1a: Kleavor
|
|-weather|RainDance|[upkeep]
|-heal|p2a: Decidueye|71/100|[from] item: Leftovers
|
|switch|p1a: Basculegion|Basculegion, M|100/100
|-damage|p1a: Basculegion|88/100|[from] Spikes
|turn|7
|
|move|p2a: Decidueye|Shadow Sneak|p1a: Basculegion
|-supereffective|p1a: Basculegion
|-damage|p1a: Basculegion|13/100
|move|p1a: Basculegion|Crunch|p2a: Decidueye
|-supereffective|p2a: Decidueye
|-damage|p2a: Decidueye|25/100
|
|-weather|RainDance|[upkeep]
|-heal|p2a: Decidueye|31/100|[from] item: Leftovers
|turn|8
|
|move|p2a: Decidueye|Shadow Sneak|p1a: Basculegion
|-supereffective|p1a: Basculegion
|-damage|p1a: Basculegion|0 fnt
|faint|p1a: Basculegion
|
|-weather|RainDance|[upkeep]
|-heal|p2a: Decidueye|37/100|[from] item: Leftovers
|
|switch|p1a: Iron Moth|Iron Moth|100/100
|-damage|p1a: Iron Moth|88/100|[from] Spikes
|-enditem|p1a: Iron Moth|Booster Energy
|-activate|p1a: Iron Moth|ability: Quark Drive|[fromitem]
|-start|p1a: Iron Moth|quarkdrivespa
|turn|9
|
|move|p2a: Decidueye|Shadow Sneak|p1a: Iron Moth
|-damage|p1a: Iron Moth|35/100
|move|p1a: Iron Moth|Hurricane|p2a: Decidueye
|-damage|p2a: Decidueye|4/100
|
|-weather|RainDance|[upkeep]
|-heal|p2a: Decidueye|10/100|[from] item: Leftovers
|turn|10
|player|p2|
|player|p2|Chosentolose|cynthia-gen4
|
|move|p2a: Decidueye|Shadow Sneak|p1a: Iron Moth
|-damage|p1a: Iron Moth|0 fnt
|faint|p1a: Iron Moth
|-end|p1a: Iron Moth|Quark Drive|[silent]
|
|-weather|none
|-heal|p2a: Decidueye|16/100|[from] item: Leftovers
|
|switch|p1a: Urshifu|Urshifu-Rapid-Strike, F|100/100
|-damage|p1a: Urshifu|88/100|[from] Spikes
|turn|11
|
|move|p1a: Urshifu|Aqua Jet|p2a: Decidueye
|-damage|p2a: Decidueye|1/100
|-damage|p1a: Urshifu|78/100|[from] item: Life Orb
|move|p2a: Decidueye|Shadow Sneak|p1a: Urshifu
|-damage|p1a: Urshifu|48/100
|
|-heal|p2a: Decidueye|7/100|[from] item: Leftovers
|turn|12
|
|switch|p2a: Rotom|Rotom-Wash|100/100
|move|p1a: Urshifu|Aqua Jet|p2a: Rotom
|-resisted|p2a: Rotom
|-crit|p2a: Rotom
|-damage|p2a: Rotom|72/100
|-damage|p1a: Urshifu|38/100|[from] item: Life Orb
|
|turn|13
|
|switch|p1a: Pelipper|Pelipper, M|100/100
|-weather|RainDance|[from] ability: Drizzle|[of] p1a: Pelipper
|move|p2a: Rotom|Volt Switch|p1a: Pelipper
|-supereffective|p1a: Pelipper
|-damage|p1a: Pelipper|0 fnt
|faint|p1a: Pelipper
|-message|FarmerGamer forfeited.
|
|win|Chosentolose
