|poke|p1|Great Tusk|
|poke|p1|Garchomp, F|
|poke|p1|Kingambit, F|
|poke|p1|Gholdengo|
|poke|p1|Iron Moth|
|poke|p1|Walking Wake|
|poke|p2|Cyclizar, F|
|poke|p2|Hatterene, F|
|poke|p2|Clodsire, F|
|poke|p2|Alomomola, F|
|poke|p2|Dondozo, F|
|poke|p2|Blissey, F|
|teampreview
|
|start
|switch|p1a: Iron Moth|Iron Moth|100/100
|switch|p2a: Cyclizar|Cyclizar, F|100/100
|-enditem|p1a: Iron Moth|Booster Energy
|-activate|p1a: Iron Moth|ability: Quark Drive|[fromitem]
|-start|p1a: Iron Moth|quarkdrivespe
|turn|1
|
|move|p1a: Iron Moth|Dazzling Gleam|p2a: Cyclizar
|-supereffective|p2a: Cyclizar
|-damage|p2a: Cyclizar|55/100
|move|p2a: Cyclizar|Draco Meteor|p1a: Iron Moth
|-damage|p1a: Iron Moth|45/100
|-unboost|p2a: Cyclizar|spa|2
|
|turn|2
|
|-end|p1a: Iron Moth|Quark Drive|[silent]
|switch|p1a: Kingambit|Kingambit, F|100/100
|switch|p2a: Blissey|Blissey, F|100/100
|
|turn|3
|
|switch|p2a: Alomomola|Alomomola, F|100/100
|move|p1a: Kingambit|Kowtow Cleave|p2a: Alomomola
|-damage|p2a: Alomomola|73/100
|
|-heal|p2a: Alomomola|79/100|[from] item: Leftovers
|turn|4
|
|-end|p1a: Kingambit|fallenundefined|[silent]
|switch|p1a: Walking Wake|Walking Wake|100/100
|-enditem|p1a: Walking Wake|Booster Energy
|-activate|p1a: Walking Wake|ability: Protosynthesis|[fromitem]
|-start|p1a: Walking Wake|protosynthesisspa
|move|p2a: Alomomola|Whirlpool|p1a: Walking Wake
|-resisted|p1a: Walking Wake
|-damage|p1a: Walking Wake|99/100
|-activate|p1a: Walking Wake|move: Whirlpool|[of] p2a: Alomomola
|
|-heal|p2a: Alomomola|85/100|[from] item: Leftovers
|-damage|p1a: Walking Wake|86/100|[from] move: Whirlpool|[partiallytrapped]
|turn|5
|
|move|p2a: Alomomola|Protect|p2a: Alomomola
|-singleturn|p2a: Alomomola|Protect
|move|p1a: Walking Wake|Hydro Pump|p2a: Alomomola
|-activate|p2a: Alomomola|move: Protect
|
|-heal|p2a: Alomomola|91/100|[from] item: Leftovers
|-damage|p1a: Walking Wake|74/100|[from] move: Whirlpool|[partiallytrapped]
|turn|6
|
|switch|p2a: Blissey|Blissey, F|100/100
|move|p1a: Walking Wake|Dragon Pulse|p2a: Blissey
|-damage|p2a: Blissey|84/100
|
|-end|p1a: Walking Wake|Whirlpool|[partiallytrapped]|[silent]
|turn|7
|
|-end|p1a: Walking Wake|Protosynthesis|[silent]
|switch|p1a: Great Tusk|Great Tusk|100/100
|move|p2a: Blissey|Stealth Rock|p1a: Great Tusk
|-sidestart|p1: p1|move: Stealth Rock
|
|turn|8
|
|switch|p2a: Alomomola|Alomomola, F|100/100
|move|p1a: Great Tusk|Rapid Spin|p2a: Alomomola
|-damage|p2a: Alomomola|93/100
|-boost|p1a: Great Tusk|spe|1
|-sideend|p1: p1|Stealth Rock|[from] move: Rapid Spin|[of] p1a: Great Tusk
|
|-heal|p2a: Alomomola|99/100|[from] item: Leftovers
|turn|9
|
|-end|p1a: Great Tusk|Protosynthesis|[silent]
|switch|p1a: Walking Wake|Walking Wake|74/100
|move|p2a: Alomomola|Whirlpool|p1a: Walking Wake
|-resisted|p1a: Walking Wake
|-damage|p1a: Walking Wake|72/100
|-activate|p1a: Walking Wake|move: Whirlpool|[of] p2a: Alomomola
|
|-heal|p2a: Alomomola|100/100|[from] item: Leftovers
|-damage|p1a: Walking Wake|60/100|[from] move: Whirlpool|[partiallytrapped]
|turn|10
|
|move|p2a: Alomomola|Protect|p2a: Alomomola
|-singleturn|p2a: Alomomola|Protect
|move|p1a: Walking Wake|Dragon Pulse|p2a: Alomomola
|-activate|p2a: Alomomola|move: Protect
|
|-damage|p1a: Walking Wake|47/100|[from] move: Whirlpool|[partiallytrapped]
|turn|11
|
|switch|p2a: Blissey|Blissey, F|84/100
|move|p1a: Walking Wake|Dragon Pulse|p2a: Blissey
|-damage|p2a: Blissey|70/100
|
|-end|p1a: Walking Wake|Whirlpool|[partiallytrapped]|[silent]
|turn|12
|
|-end|p1a: Walking Wake|Protosynthesis|[silent]
|switch|p1a: Great Tusk|Great Tusk|100/100
|move|p2a: Blissey|Stealth Rock|p1a: Great Tusk
|-sidestart|p1: p1|move: Stealth Rock
|
|turn|13
|
|switch|p2a: Alomomola|Alomomola, F|100/100
|move|p1a: Great Tusk|Rapid Spin|p2a: Alomomola
|-crit|p2a: Alomomola
|-damage|p2a: Alomomola|89/100
|-boost|p1a: Great Tusk|spe|1
|-sideend|p1: p1|Stealth Rock|[from] move: Rapid Spin|[of] p1a: Great Tusk
|
|-heal|p2a: Alomomola|95/100|[from] item: Leftovers
|turn|14
|
|-end|p1a: Great Tusk|Protosynthesis|[silent]
|switch|p1a: Walking Wake|Walking Wake|47/100
|move|p2a: Alomomola|Whirlpool|p1a: Walking Wake
|-resisted|p1a: Walking Wake
|-damage|p1a: Walking Wake|46/100
|-activate|p1a: Walking Wake|move: Whirlpool|[of] p2a: Alomomola
|
|-heal|p2a: Alomomola|100/100|[from] item: Leftovers
|-damage|p1a: Walking Wake|33/100|[from] move: Whirlpool|[partiallytrapped]
|turn|15
|
|move|p2a: Alomomola|Protect|p2a: Alomomola
|-singleturn|p2a: Alomomola|Protect
|move|p1a: Walking Wake|Dragon Pulse|p2a: Alomomola
|-activate|p2a: Alomomola|move: Protect
|
|-damage|p1a: Walking Wake|21/100|[from] move: Whirlpool|[partiallytrapped]
|turn|16
|
|switch|p2a: Blissey|Blissey, F|70/100
|move|p1a: Walking Wake|Dragon Pulse|p2a: Blissey
|-damage|p2a: Blissey|57/100
|
|-end|p1a: Walking Wake|Whirlpool|[partiallytrapped]|[silent]
|turn|17
|
|-end|p1a: Walking Wake|Protosynthesis|[silent]
|switch|p1a: Kingambit|Kingambit, F|100/100
|move|p2a: Blissey|Soft-Boiled|p2a: Blissey
|-heal|p2a: Blissey|100/100
|
|turn|18
|
|switch|p2a: Alomomola|Alomomola, F|100/100
|move|p1a: Kingambit|Swords Dance|p1a: Kingambit
|-boost|p1a: Kingambit|atk|2
|
|turn|19
|
|move|p1a: Kingambit|Kowtow Cleave|p2a: Alomomola
|-damage|p2a: Alomomola|50/100
|move|p2a: Alomomola|Wish|p2a: Alomomola
|
|-heal|p2a: Alomomola|57/100|[from] item: Leftovers
|turn|20
|
|-end|p1a: Kingambit|fallenundefined|[silent]
|switch|p1a: Iron Moth|Iron Moth|45/100
|switch|p2a: Dondozo|Dondozo, F|100/100
|
|turn|21
|
|switch|p2a: Blissey|Blissey, F|100/100
|move|p1a: Iron Moth|Sludge Wave|p2a: Blissey
|-damage|p2a: Blissey|86/100
|
|turn|22
|
|-end|p1a: Iron Moth|Quark Drive|[silent]
|switch|p1a: Great Tusk|Great Tusk|100/100
|switch|p2a: Cyclizar|Cyclizar, F|89/100
|
|turn|23
|
|switch|p2a: Alomomola|Alomomola, F|90/100
|move|p1a: Great Tusk|Earthquake|p2a: Alomomola
|-damage|p2a: Alomomola|66/100
|
|-heal|p2a: Alomomola|73/100|[from] item: Leftovers
|turn|24
|
|-end|p1a: Great Tusk|Protosynthesis|[silent]
|switch|p1a: Walking Wake|Walking Wake|21/100
|move|p2a: Alomomola|Whirlpool|p1a: Walking Wake
|-resisted|p1a: Walking Wake
|-damage|p1a: Walking Wake|19/100
|-activate|p1a: Walking Wake|move: Whirlpool|[of] p2a: Alomomola
|
|-heal|p2a: Alomomola|79/100|[from] item: Leftovers
|-damage|p1a: Walking Wake|7/100|[from] move: Whirlpool|[partiallytrapped]
|turn|25
|
|move|p2a: Alomomola|Protect|p2a: Alomomola
|-singleturn|p2a: Alomomola|Protect
|move|p1a: Walking Wake|Dragon Pulse|p2a: Alomomola
|-activate|p2a: Alomomola|move: Protect
|
|-heal|p2a: Alomomola|85/100|[from] item: Leftovers
|-damage|p1a: Walking Wake|0 fnt|[from] move: Whirlpool|[partiallytrapped]
|faint|p1a: Walking Wake
|-end|p1a: Walking Wake|Protosynthesis|[silent]
|
|switch|p1a: Garchomp|Garchomp, F|100/100
|turn|26
|
|switch|p2a: Hatterene|Hatterene, F|100/100
|move|p1a: Garchomp|Earthquake|p2a: Hatterene
|-damage|p2a: Hatterene|56/100
|
|-heal|p2a: Hatterene|62/100|[from] item: Leftovers
|turn|27
|
|move|p1a: Garchomp|Earthquake|p2a: Hatterene
|-damage|p2a: Hatterene|19/100
|move|p2a: Hatterene|Draining Kiss|p1a: Garchomp
|-supereffective|p1a: Garchomp
|-damage|p1a: Garchomp|50/100
|-heal|p2a: Hatterene|62/100|[from] drain|[of] p1a: Garchomp
|-damage|p2a: Hatterene|50/100|[from] ability: Rough Skin|[of] p1a: Garchomp
|
|-heal|p2a: Hatterene|56/100|[from] item: Leftovers
|turn|28
|
|-terastallize|p2a: Hatterene|Flying
|move|p1a: Garchomp|Earthquake|p2a: Hatterene
|-immune|p2a: Hatterene
|move|p2a: Hatterene|Draining Kiss|p1a: Garchomp
|-supereffective|p1a: Garchomp
|-damage|p1a: Garchomp|2/100
|-heal|p2a: Hatterene|96/100|[from] drain|[of] p1a: Garchomp
|-damage|p2a: Hatterene|84/100|[from] ability: Rough Skin|[of] p1a: Garchomp
|
|-heal|p2a: Hatterene|89/100|[from] item: Leftovers
|turn|29
|
|switch|p1a: Gholdengo|Gholdengo|100/100
|move|p2a: Hatterene|Draining Kiss|p1a: Gholdengo
|-resisted|p1a: Gholdengo
|-damage|p1a: Gholdengo|88/100
|-heal|p2a: Hatterene|99/100|[from] drain|[of] p1a: Gholdengo
|
|-heal|p2a: Hatterene|100/100|[from] item: Leftovers
|turn|30
|
|switch|p2a: Cyclizar|Cyclizar, F|100/100
|move|p1a: Gholdengo|Nasty Plot|p1a: Gholdengo
|-boost|p1a: Gholdengo|spa|2
|
|turn|31
|
|move|p2a: Cyclizar|Overheat|p1a: Gholdengo
|-supereffective|p1a: Gholdengo
|-crit|p1a: Gholdengo
|-damage|p1a: Gholdengo|0 fnt
|-unboost|p2a: Cyclizar|spa|2
|faint|p1a: Gholdengo
|
|-message|p1 forfeited.
|
|win|p2
