|poke|p1|Slowbro-Galar, F|
|poke|p1|Dragapult, F|
|poke|p1|Volcarona, F|
|poke|p1|Great Tusk|
|poke|p1|Gholdengo|
|poke|p1|Baxcalibur, F|
|poke|p2|Ursaluna, M|
|poke|p2|Hatterene, F|
|poke|p2|Garganacl, M|
|poke|p2|Cinderace, M|
|poke|p2|Kingambit, M|
|poke|p2|Dragapult, M|
|teampreview
|
|start
|switch|p1a: Dragapult|Dragapult, F|100/100
|switch|p2a: Hatterene|Hatterene, F|100/100
|turn|1
|
|move|p1a: Dragapult|Light Screen|p1a: Dragapult
|-sidestart|p1: vbvbtyty565656xcx|move: Light Screen
|move|p2a: Hatterene|Trick Room|p2a: Hatterene
|-fieldstart|move: Trick Room|[of] p2a: Hatterene
|
|turn|2
|
|switch|p2a: Ursaluna|Ursaluna, M|100/100
|move|p1a: Dragapult|U-turn|p2a: Ursaluna
|-damage|p2a: Ursaluna|88/100
|
|switch|p1a: Slowbro|Slowbro-Galar, F|100/100|[from] U-turn
|
|-status|p2a: Ursaluna|brn|[from] item: Flame Orb
|turn|3
|
|switch|p1a: Gholdengo|Gholdengo|100/100
|-item|p1a: Gholdengo|Air Balloon
|move|p2a: Ursaluna|Earthquake|p1a: Gholdengo
|-immune|p1a: Gholdengo
|
|-damage|p2a: Ursaluna|82/100 brn|[from] brn
|turn|4
|
|move|p2a: Ursaluna|Crunch|p1a: Gholdengo
|-supereffective|p1a: Gholdengo
|-damage|p1a: Gholdengo|0 fnt
|-enditem|p1a: Gholdengo|Air Balloon
|faint|p1a: Gholdengo
|
|-damage|p2a: Ursaluna|76/100 brn|[from] brn
|
|switch|p1a: Slowbro|Slowbro-Galar, F|100/100
|turn|5
|
|move|p1a: Slowbro|Liquidation|p2a: Ursaluna
|-supereffective|p2a: Ursaluna
|-damage|p2a: Ursaluna|39/100 brn
|move|p2a: Ursaluna|Earthquake|p1a: Slowbro
|-supereffective|p1a: Slowbro
|-damage|p1a: Slowbro|0 fnt
|faint|p1a: Slowbro
|
|-damage|p2a: Ursaluna|32/100 brn|[from] brn
|-fieldend|move: Trick Room
|
|switch|p1a: Great Tusk|Great Tusk|100/100
|turn|6
|
|switch|p2a: Hatterene|Hatterene, F|100/100
|move|p1a: Great Tusk|Earthquake|p2a: Hatterene
|-damage|p2a: Hatterene|52/100
|
|turn|7
|
|move|p1a: Great Tusk|Earthquake|p2a: Hatterene
|-damage|p2a: Hatterene|0 fnt
|faint|p2a: Hatterene
|
|
|switch|p2a: Ursaluna|Ursaluna, M|32/100 brn
|turn|8
|
|move|p1a: Great Tusk|Earthquake|p2a: Ursaluna
|-damage|p2a: Ursaluna|1/100 brn
|move|p2a: Ursaluna|Facade|p1a: Great Tusk
|-damage|p1a: Great Tusk|39/100
|
|-heal|p1a: Great Tusk|45/100|[from] item: Leftovers
|-damage|p2a: Ursaluna|0 fnt|[from] brn
|faint|p2a: Ursaluna
|-sideend|p1: vbvbtyty565656xcx|move: Light Screen
|
|switch|p2a: Dragapult|Dragapult, M|100/100
|turn|9
|
|move|p2a: Dragapult|Will-O-Wisp|p1a: Great Tusk
|-status|p1a: Great Tusk|brn
|move|p1a: Great Tusk|Knock Off|p2a: Dragapult
|-supereffective|p2a: Dragapult
|-damage|p2a: Dragapult|59/100
|-enditem|p2a: Dragapult|Leftovers|[from] move: Knock Off|[of] p1a: Great Tusk
|
|-heal|p1a: Great Tusk|51/100 brn|[from] item: Leftovers
|-damage|p1a: Great Tusk|45/100 brn|[from] brn
|turn|10
|
|move|p2a: Dragapult|Hex|p1a: Great Tusk
|-damage|p1a: Great Tusk|0 fnt
|faint|p1a: Great Tusk
|-end|p1a: Great Tusk|Protosynthesis|[silent]
|
|
|switch|p1a: Volcarona|Volcarona, F|100/100
|turn|11
|
|move|p2a: Dragapult|U-turn|p1a: Volcarona
|-resisted|p1a: Volcarona
|-damage|p1a: Volcarona|86/100
|
|switch|p2a: Garganacl|Garganacl, M|100/100|[from] U-turn
|move|p1a: Volcarona|Quiver Dance|p1a: Volcarona
|-boost|p1a: Volcarona|spa|1
|-boost|p1a: Volcarona|spd|1
|-boost|p1a: Volcarona|spe|1
|
|turn|12
|
|-terastallize|p1a: Volcarona|Fairy
|move|p1a: Volcarona|Quiver Dance|p1a: Volcarona
|-boost|p1a: Volcarona|spa|1
|-boost|p1a: Volcarona|spd|1
|-boost|p1a: Volcarona|spe|1
|move|p2a: Garganacl|Salt Cure|p1a: Volcarona
|-damage|p1a: Volcarona|72/100
|-start|p1a: Volcarona|Salt Cure
|
|-damage|p1a: Volcarona|60/100|[from] Salt Cure
|turn|13
|
|move|p1a: Volcarona|Giga Drain|p2a: Garganacl
|-supereffective|p2a: Garganacl
|-damage|p2a: Garganacl|15/100
|-heal|p1a: Volcarona|100/100|[from] drain|[of] p2a: Garganacl
|move|p2a: Garganacl|Recover|p2a: Garganacl
|-heal|p2a: Garganacl|65/100
|
|-heal|p2a: Garganacl|72/100|[from] item: Leftovers
|-damage|p1a: Volcarona|88/100|[from] Salt Cure
|turn|14
|
|move|p1a: Volcarona|Fiery Dance|p2a: Garganacl
|-resisted|p2a: Garganacl
|-damage|p2a: Garganacl|41/100
|move|p2a: Garganacl|Recover|p2a: Garganacl
|-heal|p2a: Garganacl|91/100
|
|-heal|p2a: Garganacl|97/100|[from] item: Leftovers
|-damage|p1a: Volcarona|76/100|[from] Salt Cure
|turn|15
|
|move|p1a: Volcarona|Giga Drain|p2a: Garganacl
|-supereffective|p2a: Garganacl
|-damage|p2a: Garganacl|14/100
|-heal|p1a: Volcarona|100/100|[from] drain|[of] p2a: Garganacl
|move|p2a: Garganacl|Salt Cure|p1a: Volcarona
|-damage|p1a: Volcarona|85/100
|
|-heal|p2a: Garganacl|20/100|[from] item: Leftovers
|-damage|p1a: Volcarona|73/100|[from] Salt Cure
|turn|16
|
|move|p1a: Volcarona|Quiver Dance|p1a: Volcarona
|-boost|p1a: Volcarona|spa|1
|-boost|p1a: Volcarona|spd|1
|-boost|p1a: Volcarona|spe|1
|move|p2a: Garganacl|Recover|p2a: Garganacl
|-heal|p2a: Garganacl|70/100
|
|-heal|p2a: Garganacl|76/100|[from] item: Leftovers
|-damage|p1a: Volcarona|60/100|[from] Salt Cure
|turn|17
|
|move|p1a: Volcarona|Giga Drain|p2a: Garganacl
|-supereffective|p2a: Garganacl
|-damage|p2a: Garganacl|0 fnt
|-heal|p1a: Volcarona|100/100|[from] drain|[of] p2a: Garganacl
|faint|p2a: Garganacl
|
|-damage|p1a: Volcarona|88/100|[from] Salt Cure
|
|switch|p2a: Cinderace|Cinderace, M|100/100
|turn|18
|
|move|p2a: Cinderace|Sucker Punch|p1a: Volcarona
|-start|p2a: Cinderace|typechange|Dark|[from] ability: Libero
|-resisted|p1a: Volcarona
|-damage|p1a: Volcarona|67/100
|-damage|p2a: Cinderace|91/100|[from] item: Life Orb
|move|p1a: Volcarona|Fiery Dance|p2a: Cinderace
|-damage|p2a: Cinderace|0 fnt
|-boost|p1a: Volcarona|spa|1
|faint|p2a: Cinderace
|
|-damage|p1a: Volcarona|54/100|[from] Salt Cure
|
|switch|p2a: Kingambit|Kingambit, M|100/100
|-activate|p2a: Kingambit|ability: Supreme Overlord
|-start|p2a: Kingambit|fallen4|[silent]
|turn|19
|
|-terastallize|p2a: Kingambit|Dark
|move|p2a: Kingambit|Sucker Punch|p1a: Volcarona
|-resisted|p1a: Volcarona
|-damage|p1a: Volcarona|6/100
|-status|p2a: Kingambit|brn|[from] ability: Flame Body|[of] p1a: Volcarona
|move|p1a: Volcarona|Fiery Dance|p2a: Kingambit
|-damage|p2a: Kingambit|0 fnt
|-boost|p1a: Volcarona|spa|1
|faint|p2a: Kingambit
|-end|p2a: Kingambit|fallen4|[silent]
|
|-damage|p1a: Volcarona|0 fnt|[from] Salt Cure
|faint|p1a: Volcarona
|
|switch|p1a: Baxcalibur|Baxcalibur, F|100/100
|switch|p2a: Dragapult|Dragapult, M|59/100
|turn|20
|
|move|p1a: Baxcalibur|Ice Shard|p2a: Dragapult
|-supereffective|p2a: Dragapult
|-crit|p2a: Dragapult
|-damage|p2a: Dragapult|0 fnt
|faint|p2a: Dragapult
|
|win|vbvbtyty565656xcx
|player|p1|vbvbtyty565656xcx|clerkf
