# advantage = p2
|poke|p1|Torkoal, F|
|poke|p1|Walking Wake|
|poke|p1|Charizard, F|
|poke|p1|Ceruledge, M|
|poke|p1|Great Tusk|
|poke|p1|Roaring Moon|
|poke|p2|Kleavor, M|
|poke|p2|Skeledirge, F|
|poke|p2|Regidrago|
|poke|p2|Ceruledge, M|
|poke|p2|Iron Valiant|
|poke|p2|Zamazenta-*|
|teampreview
|
|start
|switch|p1a: Rarren Moon|Roaring Moon|100/100
|switch|p2a: Regidrago|Regidrago|100/100
|turn|1
|
|move|p1a: Rarren Moon|U-turn|p2a: Regidrago
|-damage|p2a: Regidrago|57/100
|
|-end|p1a: Rarren Moon|Protosynthesis|[silent]
|switch|p1a: Mammoth Graveyard|Great Tusk|100/100|[from] U-turn
|move|p2a: Regidrago|Dragon Pulse|p1a: Mammoth Graveyard
|-damage|p1a: Mammoth Graveyard|0 fnt
|faint|p1a: Mammoth Graveyard
|-end|p1a: Mammoth Graveyard|Protosynthesis|[silent]
|
|
|switch|p1a: WALKIN TO UR WAKE|Walking Wake|100/100
|turn|2
|
|-end|p1a: WALKIN TO UR WAKE|Protosynthesis|[silent]
|switch|p1a: PACKWATCH|Torkoal, F|100/100
|-weather|SunnyDay|[from] ability: Drought|[of] p1a: PACKWATCH
|switch|p2a: Iron Valiant|Iron Valiant|100/100
|-enditem|p2a: Iron Valiant|Booster Energy
|-activate|p2a: Iron Valiant|ability: Quark Drive|[fromitem]
|-start|p2a: Iron Valiant|quarkdrivespe
|
|-weather|SunnyDay|[upkeep]
|turn|3
|
|switch|p1a: Chris Bosh|Charizard, F|100/100
|move|p2a: Iron Valiant|Close Combat|p1a: Chris Bosh
|-resisted|p1a: Chris Bosh
|-damage|p1a: Chris Bosh|59/100
|-unboost|p2a: Iron Valiant|def|1
|-unboost|p2a: Iron Valiant|spd|1
|
|-weather|SunnyDay|[upkeep]
|-damage|p1a: Chris Bosh|47/100|[from] ability: Solar Power|[of] p1a: Chris Bosh
|turn|4
|
|move|p2a: Iron Valiant|Knock Off|p1a: Chris Bosh
|-damage|p1a: Chris Bosh|0 fnt
|-enditem|p1a: Chris Bosh|Choice Specs|[from] move: Knock Off|[of] p2a: Iron Valiant
|faint|p1a: Chris Bosh
|
|-weather|SunnyDay|[upkeep]
|
|switch|p1a: Rarren Moon|Roaring Moon|100/100
|-activate|p1a: Rarren Moon|ability: Protosynthesis
|-start|p1a: Rarren Moon|protosynthesisspe
|turn|5
|
|move|p1a: Rarren Moon|Earthquake|p2a: Iron Valiant
|-damage|p2a: Iron Valiant|0 fnt
|faint|p2a: Iron Valiant
|-end|p2a: Iron Valiant|Quark Drive|[silent]
|
|-weather|SunnyDay|[upkeep]
|
|switch|p2a: Ceruledge|Ceruledge, M|100/100
|-item|p2a: Ceruledge|Air Balloon
|turn|6
|
|-end|p1a: Rarren Moon|Protosynthesis|[silent]
|switch|p1a: Accordion|Ceruledge, M|100/100
|move|p2a: Ceruledge|Close Combat|p1a: Accordion
|-immune|p1a: Accordion
|
|-weather|SunnyDay|[upkeep]
|turn|7
|
|move|p1a: Accordion|Shadow Sneak|p2a: Ceruledge
|-supereffective|p2a: Ceruledge
|-damage|p2a: Ceruledge|46/100
|-ability|p2a: Ceruledge|Weak Armor|boost
|-unboost|p2a: Ceruledge|def|1
|-boost|p2a: Ceruledge|spe|2
|-enditem|p2a: Ceruledge|Air Balloon
|move|p2a: Ceruledge|Swords Dance|p2a: Ceruledge
|-boost|p2a: Ceruledge|atk|2
|
|-weather|SunnyDay|[upkeep]
|turn|8
|
|move|p2a: Ceruledge|Shadow Sneak|p1a: Accordion
|-supereffective|p1a: Accordion
|-enditem|p1a: Accordion|Focus Sash
|-damage|p1a: Accordion|1/100
|-ability|p1a: Accordion|Weak Armor|boost
|-unboost|p1a: Accordion|def|1
|-boost|p1a: Accordion|spe|2
|move|p1a: Accordion|Shadow Sneak|p2a: Ceruledge
|-supereffective|p2a: Ceruledge
|-damage|p2a: Ceruledge|0 fnt
|faint|p2a: Ceruledge
|
|-weather|SunnyDay|[upkeep]
|
|switch|p2a: Kleavor|Kleavor, M|100/100
|turn|9
|
|move|p1a: Accordion|Shadow Sneak|p2a: Kleavor
|-damage|p2a: Kleavor|76/100
|move|p2a: Kleavor|Stone Axe|p1a: Accordion|[miss]
|-miss|p2a: Kleavor|p1a: Accordion
|
|-weather|none
|turn|10
|
|move|p1a: Accordion|Bitter Blade|p2a: Kleavor
|-damage|p2a: Kleavor|19/100
|-heal|p1a: Accordion|28/100|[from] drain|[of] p2a: Kleavor
|move|p2a: Kleavor|Stone Axe|p1a: Accordion
|-supereffective|p1a: Accordion
|-damage|p1a: Accordion|0 fnt
|-sidestart|p1: p1|move: Stealth Rock
|faint|p1a: Accordion
|
|
|switch|p1a: Rarren Moon|Roaring Moon|100/100
|-damage|p1a: Rarren Moon|88/100|[from] Stealth Rock
|turn|11
|
|move|p2a: Kleavor|Stone Axe|p1a: Rarren Moon
|-damage|p1a: Rarren Moon|24/100
|move|p1a: Rarren Moon|Earthquake|p2a: Kleavor
|-damage|p2a: Kleavor|0 fnt
|faint|p2a: Kleavor
|
|
|switch|p2a: Zamazenta|Zamazenta-Crowned|100/100
|-ability|p2a: Zamazenta|Dauntless Shield|boost
|-boost|p2a: Zamazenta|def|1
|turn|12
|
|-end|p1a: Rarren Moon|Protosynthesis|[silent]
|switch|p1a: PACKWATCH|Torkoal, F|100/100
|-damage|p1a: PACKWATCH|76/100|[from] Stealth Rock
|-weather|SunnyDay|[from] ability: Drought|[of] p1a: PACKWATCH
|move|p2a: Zamazenta|Iron Defense|p2a: Zamazenta
|-boost|p2a: Zamazenta|def|2
|
|-weather|SunnyDay|[upkeep]
|turn|13
|
|move|p2a: Zamazenta|Body Press|p1a: PACKWATCH
|-damage|p1a: PACKWATCH|25/100
|move|p1a: PACKWATCH|Lava Plume|p2a: Zamazenta
|-supereffective|p2a: Zamazenta
|-damage|p2a: Zamazenta|46/100
|
|-weather|SunnyDay|[upkeep]
|turn|14
|
|move|p2a: Zamazenta|Body Press|p1a: PACKWATCH
|-crit|p1a: PACKWATCH
|-damage|p1a: PACKWATCH|0 fnt
|faint|p1a: PACKWATCH
|
|-weather|SunnyDay|[upkeep]
|
|switch|p1a: WALKIN TO UR WAKE|Walking Wake|100/100
|-damage|p1a: WALKIN TO UR WAKE|88/100|[from] Stealth Rock
|-activate|p1a: WALKIN TO UR WAKE|ability: Protosynthesis
|-start|p1a: WALKIN TO UR WAKE|protosynthesisspe
|turn|15
|
|-terastallize|p1a: WALKIN TO UR WAKE|Water
|move|p1a: WALKIN TO UR WAKE|Hydro Steam|p2a: Zamazenta
|-damage|p2a: Zamazenta|0 fnt
|faint|p2a: Zamazenta
|
|-weather|SunnyDay|[upkeep]
|
|switch|p2a: Regidrago|Regidrago|57/100
|turn|16
|
|move|p1a: WALKIN TO UR WAKE|Hydro Steam|p2a: Regidrago
|-resisted|p2a: Regidrago
|-damage|p2a: Regidrago|0 fnt
|faint|p2a: Regidrago
|
|-weather|SunnyDay|[upkeep]
|-message|p2 forfeited.
|
|win|p1
