# advantage = p2
|poke|p1|Arcanine-Hisui, M|
|poke|p1|Torkoal, M|
|poke|p1|Great Tusk|
|poke|p1|Walking Wake|
|poke|p1|Lilligant-Hisui, F|
|poke|p1|Cinderace, M|
|poke|p2|Armarouge, F|
|poke|p2|Great Tusk|
|poke|p2|Grimmsnarl, M|
|poke|p2|Hatterene, F|
|poke|p2|Dragonite, F|
|poke|p2|Basculegion-F, F|
|teampreview
|
|start
|switch|p1a: Torkoal|Torkoal, M|100/100
|switch|p2a: Grimmsnarl|Grimmsnarl, M|100/100
|-weather|SunnyDay|[from] ability: Drought|[of] p1a: Torkoal
|turn|1
|
|move|p2a: Grimmsnarl|Taunt|p1a: Torkoal
|-start|p1a: Torkoal|move: Taunt
|cant|p1a: Torkoal|move: Taunt|Yawn
|
|-weather|SunnyDay|[upkeep]
|turn|2
|
|move|p2a: Grimmsnarl|Light Screen|p2a: Grimmsnarl
|-sidestart|p2: p2|move: Light Screen
|move|p1a: Torkoal|Lava Plume|p2a: Grimmsnarl
|-damage|p2a: Grimmsnarl|86/100
|
|-weather|SunnyDay|[upkeep]
|turn|3
|
|switch|p1a: Arcanine|Arcanine-Hisui, M|100/100
|move|p2a: Grimmsnarl|Reflect|p2a: Grimmsnarl
|-sidestart|p2: p2|Reflect
|
|-weather|SunnyDay|[upkeep]
|turn|4
|
|move|p2a: Grimmsnarl|Parting Shot|p1a: Arcanine
|-unboost|p1a: Arcanine|atk|1
|-unboost|p1a: Arcanine|spa|1
|
|switch|p2a: Great Tusk|Great Tusk|100/100|[from] Parting Shot
|-activate|p2a: Great Tusk|ability: Protosynthesis
|-start|p2a: Great Tusk|protosynthesisspe
|move|p1a: Arcanine|Head Smash|p2a: Great Tusk|[miss]
|-miss|p1a: Arcanine|p2a: Great Tusk
|
|-weather|SunnyDay|[upkeep]
|turn|5
|
|switch|p1a: Lilligant|Lilligant-Hisui, F|100/100
|move|p2a: Great Tusk|Earthquake|p1a: Lilligant
|-resisted|p1a: Lilligant
|-damage|p1a: Lilligant|67/100
|
|-weather|SunnyDay|[upkeep]
|turn|6
|
|move|p1a: Lilligant|Swords Dance|p1a: Lilligant
|-boost|p1a: Lilligant|atk|2
|move|p2a: Great Tusk|Stealth Rock|p1a: Lilligant
|-sidestart|p1: p1|move: Stealth Rock
|
|-weather|SunnyDay|[upkeep]
|turn|7
|
|move|p1a: Lilligant|Leaf Blade|p2a: Great Tusk
|-supereffective|p2a: Great Tusk
|-damage|p2a: Great Tusk|29/100
|move|p2a: Great Tusk|Rapid Spin|p1a: Lilligant
|-damage|p1a: Lilligant|45/100
|-boost|p2a: Great Tusk|spe|1
|
|-weather|SunnyDay|[upkeep]
|turn|8
|
|move|p2a: Great Tusk|Earthquake|p1a: Lilligant
|-resisted|p1a: Lilligant
|-damage|p1a: Lilligant|12/100
|move|p1a: Lilligant|Leaf Blade|p2a: Great Tusk
|-supereffective|p2a: Great Tusk
|-damage|p2a: Great Tusk|0 fnt
|faint|p2a: Great Tusk
|-end|p2a: Great Tusk|Protosynthesis|[silent]
|
|-weather|none
|
|switch|p2a: Basculegion|Basculegion-F, F|100/100
|turn|9
|
|switch|p1a: Torkoal|Torkoal, M|100/100
|-damage|p1a: Torkoal|75/100|[from] Stealth Rock
|-weather|SunnyDay|[from] ability: Drought|[of] p1a: Torkoal
|move|p2a: Basculegion|Aqua Jet|p1a: Torkoal
|-supereffective|p1a: Torkoal
|-damage|p1a: Torkoal|63/100
|-damage|p2a: Basculegion|91/100|[from] item: Life Orb
|
|-weather|SunnyDay|[upkeep]
|-sideend|p2: p2|move: Light Screen
|turn|10
|
|switch|p1a: Walking Wake|Walking Wake|100/100
|-damage|p1a: Walking Wake|88/100|[from] Stealth Rock
|-activate|p1a: Walking Wake|ability: Protosynthesis
|-start|p1a: Walking Wake|protosynthesisspa
|move|p2a: Basculegion|Shadow Ball|p1a: Walking Wake
|-damage|p1a: Walking Wake|8/100
|-damage|p2a: Basculegion|81/100|[from] item: Life Orb
|
|-weather|SunnyDay|[upkeep]
|-sideend|p2: p2|Reflect
|turn|11
|
|switch|p2a: Grimmsnarl|Grimmsnarl, M|86/100
|move|p1a: Walking Wake|Draco Meteor|p2a: Grimmsnarl
|-immune|p2a: Grimmsnarl
|
|-weather|SunnyDay|[upkeep]
|turn|12
|
|move|p2a: Grimmsnarl|Reflect|p2a: Grimmsnarl
|-sidestart|p2: p2|Reflect
|move|p1a: Walking Wake|Hydro Steam|p2a: Grimmsnarl
|-damage|p2a: Grimmsnarl|0 fnt
|faint|p2a: Grimmsnarl
|-damage|p1a: Walking Wake|0 fnt|[from] item: Life Orb
|faint|p1a: Walking Wake
|-end|p1a: Walking Wake|Protosynthesis|[silent]
|
|-weather|SunnyDay|[upkeep]
|
|switch|p1a: Great Tusk|Great Tusk|100/100
|switch|p2a: Armarouge|Armarouge, F|100/100
|-damage|p1a: Great Tusk|98/100|[from] Stealth Rock
|-activate|p1a: Great Tusk|ability: Protosynthesis
|-start|p1a: Great Tusk|protosynthesisatk
|turn|13
|
|-terastallize|p2a: Armarouge|Ghost
|move|p1a: Great Tusk|Rapid Spin|p2a: Armarouge
|-immune|p2a: Armarouge
|move|p2a: Armarouge|Calm Mind|p2a: Armarouge
|-boost|p2a: Armarouge|spa|1
|-boost|p2a: Armarouge|spd|1
|
|-weather|SunnyDay|[upkeep]
|-heal|p1a: Great Tusk|100/100|[from] item: Leftovers
|turn|14
|
|move|p1a: Great Tusk|Knock Off|p2a: Armarouge
|-supereffective|p2a: Armarouge
|-damage|p2a: Armarouge|59/100
|-ability|p2a: Armarouge|Weak Armor|boost
|-unboost|p2a: Armarouge|def|1
|-boost|p2a: Armarouge|spe|2
|-enditem|p2a: Armarouge|Weakness Policy
|-boost|p2a: Armarouge|atk|2|[from] item: Weakness Policy
|-boost|p2a: Armarouge|spa|2|[from] item: Weakness Policy
|move|p2a: Armarouge|Iron Defense|p2a: Armarouge
|-boost|p2a: Armarouge|def|2
|
|-weather|SunnyDay|[upkeep]
|turn|15
|
|move|p2a: Armarouge|Stored Power|p1a: Great Tusk
|-supereffective|p1a: Great Tusk
|-damage|p1a: Great Tusk|0 fnt
|faint|p1a: Great Tusk
|-end|p1a: Great Tusk|Protosynthesis|[silent]
|
|-weather|SunnyDay|[upkeep]
|
|switch|p1a: Cinderace|Cinderace, M|100/100
|turn|16
|
|move|p2a: Armarouge|Iron Defense|p2a: Armarouge
|-boost|p2a: Armarouge|def|2
|move|p1a: Cinderace|Court Change|p1a: Cinderace
|-swapsideconditions
|-activate|p1a: Cinderace|move: Court Change
|
|-weather|none
|turn|17
|
|move|p2a: Armarouge|Stored Power|p1a: Cinderace
|-damage|p1a: Cinderace|0 fnt
|faint|p1a: Cinderace
|
|
|switch|p1a: Torkoal|Torkoal, M|63/100
|-weather|SunnyDay|[from] ability: Drought|[of] p1a: Torkoal
|turn|18
|
|move|p2a: Armarouge|Stored Power|p1a: Torkoal
|-damage|p1a: Torkoal|0 fnt
|faint|p1a: Torkoal
|
|-weather|SunnyDay|[upkeep]
|
|switch|p1a: Lilligant|Lilligant-Hisui, F|12/100
|turn|19
|
|-terastallize|p1a: Lilligant|Grass
|move|p1a: Lilligant|Leaf Blade|p2a: Armarouge
|-damage|p2a: Armarouge|37/100
|-ability|p2a: Armarouge|Weak Armor|boost
|-unboost|p2a: Armarouge|def|1
|-boost|p2a: Armarouge|spe|2
|move|p2a: Armarouge|Stored Power|p1a: Lilligant
|-damage|p1a: Lilligant|0 fnt
|faint|p1a: Lilligant
|
|-weather|SunnyDay|[upkeep]
|-sideend|p1: p1|Reflect
|-message|p1 forfeited.
|
|win|p2
