|poke|p1|Cinderace, F|
|poke|p1|Great Tusk|
|poke|p1|Slowking, M|
|poke|p1|Chien-Pao|
|poke|p1|Amoonguss, F|
|poke|p1|Dondozo, M|
|poke|p2|Landorus-Therian, M|
|poke|p2|Goodra-Hisui, M|
|poke|p2|Zamazenta-*|
|poke|p2|Sneasler, F|
|poke|p2|Hoopa|
|poke|p2|Volcanion|
|teampreview
|
|start
|switch|p1a: Cinderace|Cinderace, F|100/100
|switch|p2a: Landorus|Landorus-Therian, M|100/100
|-ability|p2a: Landorus|Intimidate|boost
|-unboost|p1a: Cinderace|atk|1
|turn|1
|
|move|p1a: Cinderace|U-turn|p2a: Landorus
|-start|p1a: Cinderace|typechange|Bug|[from] ability: Libero
|-resisted|p2a: Landorus
|-damage|p2a: Landorus|88/100
|
|switch|p1a: Amoonguss|Amoonguss, F|100/100|[from] U-turn
|move|p2a: Landorus|Earthquake|p1a: Amoonguss
|-damage|p1a: Amoonguss|59/100
|
|turn|2
|
|move|p2a: Landorus|Stealth Rock|p1a: Amoonguss
|-sidestart|p1: Trail_BL|move: Stealth Rock
|move|p1a: Amoonguss|Spore|p2a: Landorus
|-status|p2a: Landorus|slp|[from] move: Spore
|
|turn|3
|
|switch|p2a: Volcanion|Volcanion|100/100
|switch|p1a: Great Tusk|Great Tusk|100/100
|-damage|p1a: Great Tusk|98/100|[from] Stealth Rock
|
|-heal|p1a: Great Tusk|100/100|[from] item: Leftovers
|turn|4
|
|move|p1a: Great Tusk|Rapid Spin|p2a: Volcanion
|-damage|p2a: Volcanion|82/100
|-boost|p1a: Great Tusk|spe|1
|-sideend|p1: Trail_BL|Stealth Rock|[from] move: Rapid Spin|[of] p1a: Great Tusk
|move|p2a: Volcanion|Steam Eruption|p1a: Great Tusk|[miss]
|-miss|p2a: Volcanion|p1a: Great Tusk
|
|turn|5
|
|move|p1a: Great Tusk|Headlong Rush|p2a: Volcanion
|-supereffective|p2a: Volcanion
|-damage|p2a: Volcanion|0 fnt
|-unboost|p1a: Great Tusk|def|1
|-unboost|p1a: Great Tusk|spd|1
|faint|p2a: Volcanion
|
|
|switch|p2a: Landorus|Landorus-Therian, M|88/100 slp
|-ability|p2a: Landorus|Intimidate|boost
|-unboost|p1a: Great Tusk|atk|1
|turn|6
|
|-end|p1a: Great Tusk|Protosynthesis|[silent]
|switch|p1a: Chien-Pao|Chien-Pao|100/100
|-ability|p1a: Chien-Pao|Sword of Ruin
|switch|p2a: Hoopa|Hoopa|100/100
|
|turn|7
|
|move|p1a: Chien-Pao|Ice Spinner|p2a: Hoopa
|-damage|p2a: Hoopa|0 fnt
|faint|p2a: Hoopa
|
|
|switch|p2a: Zamazenta|Zamazenta-Crowned|100/100
|-ability|p2a: Zamazenta|Dauntless Shield|boost
|-boost|p2a: Zamazenta|def|1
|turn|8
|
|switch|p1a: Slowking|Slowking, M|100/100
|move|p2a: Zamazenta|Body Press|p1a: Slowking
|-resisted|p1a: Slowking
|-damage|p1a: Slowking|66/100
|
|turn|9
|
|switch|p2a: Goodra|Goodra-Hisui, M|100/100
|move|p1a: Slowking|Future Sight|p2a: Goodra
|-start|p1a: Slowking|move: Future Sight
|
|turn|10
|
|move|p2a: Goodra|Draco Meteor|p1a: Slowking
|-damage|p1a: Slowking|37/100
|-unboost|p2a: Goodra|spa|2
|move|p1a: Slowking|Chilly Reception|p1a: Slowking
|-weather|Snow
|
|switch|p1a: Great Tusk|Great Tusk|100/100|[from] Chilly Reception
|
|-weather|Snow|[upkeep]
|turn|11
|
|switch|p2a: Landorus|Landorus-Therian, M|88/100 slp
|-ability|p2a: Landorus|Intimidate|boost
|-unboost|p1a: Great Tusk|atk|1
|move|p1a: Great Tusk|Close Combat|p2a: Landorus
|-resisted|p2a: Landorus
|-damage|p2a: Landorus|61/100 slp
|-unboost|p1a: Great Tusk|def|1
|-unboost|p1a: Great Tusk|spd|1
|
|-weather|Snow|[upkeep]
|-end|p2a: Landorus|move: Future Sight
|-damage|p2a: Landorus|8/100 slp
|turn|12
|
|cant|p2a: Landorus|slp
|move|p1a: Great Tusk|Rapid Spin|p2a: Landorus
|-damage|p2a: Landorus|0 fnt
|-boost|p1a: Great Tusk|spe|1
|faint|p2a: Landorus
|
|-weather|Snow|[upkeep]
|
|switch|p2a: Sneasler|Sneasler, F|100/100
|turn|13
|
|move|p1a: Great Tusk|Headlong Rush|p2a: Sneasler
|-supereffective|p2a: Sneasler
|-damage|p2a: Sneasler|0 fnt
|-unboost|p1a: Great Tusk|def|1
|-unboost|p1a: Great Tusk|spd|1
|faint|p2a: Sneasler
|
|-weather|Snow|[upkeep]
|
|switch|p2a: Zamazenta|Zamazenta-Crowned|100/100
|turn|14
|
|move|p1a: Great Tusk|Headlong Rush|p2a: Zamazenta
|-supereffective|p2a: Zamazenta
|-damage|p2a: Zamazenta|59/100
|-unboost|p1a: Great Tusk|def|1
|-unboost|p1a: Great Tusk|spd|1
|move|p2a: Zamazenta|Body Press|p1a: Great Tusk
|-damage|p1a: Great Tusk|17/100
|
|-weather|none
|-heal|p1a: Great Tusk|23/100|[from] item: Leftovers
|turn|15
|
|-end|p1a: Great Tusk|Protosynthesis|[silent]
|switch|p1a: Amoonguss|Amoonguss, F|92/100
|move|p2a: Zamazenta|Body Press|p1a: Amoonguss
|-resisted|p1a: Amoonguss
|-crit|p1a: Amoonguss
|-damage|p1a: Amoonguss|62/100
|-damage|p2a: Zamazenta|42/100|[from] item: Rocky Helmet|[of] p1a: Amoonguss
|
|turn|16
|
|move|p2a: Zamazenta|Rest|p2a: Zamazenta
|-status|p2a: Zamazenta|slp|[from] move: Rest
|-heal|p2a: Zamazenta|100/100 slp|[silent]
|move|p1a: Amoonguss|Spore|p2a: Zamazenta
|-fail|p2a: Zamazenta|slp
|
|turn|17
|
|switch|p1a: Dondozo|Dondozo, M|100/100
|cant|p2a: Zamazenta|slp
|move|p2a: Zamazenta|Sleep Talk|p2a: Zamazenta
|move|p2a: Zamazenta|Behemoth Bash|p1a: Dondozo|[from]move: Sleep Talk
|-resisted|p1a: Dondozo
|-damage|p1a: Dondozo|92/100
|
|-heal|p1a: Dondozo|98/100|[from] item: Leftovers
|turn|18
|
|cant|p2a: Zamazenta|slp
|move|p2a: Zamazenta|Sleep Talk|p2a: Zamazenta
|move|p2a: Zamazenta|Rest||[from]move: Sleep Talk|[still]
|-fail|p2a: Zamazenta
|move|p1a: Dondozo|Curse|p1a: Dondozo
|-unboost|p1a: Dondozo|spe|1
|-boost|p1a: Dondozo|atk|1
|-boost|p1a: Dondozo|def|1
|
|-heal|p1a: Dondozo|100/100|[from] item: Leftovers
|turn|19
|
|-curestatus|p2a: Zamazenta|slp|[msg]
|move|p2a: Zamazenta|Body Press|p1a: Dondozo
|-damage|p1a: Dondozo|87/100
|move|p1a: Dondozo|Curse|p1a: Dondozo
|-unboost|p1a: Dondozo|spe|1
|-boost|p1a: Dondozo|atk|1
|-boost|p1a: Dondozo|def|1
|
|-heal|p1a: Dondozo|94/100|[from] item: Leftovers
|turn|20
|
|switch|p2a: Goodra|Goodra-Hisui, M|100/100
|move|p1a: Dondozo|Curse|p1a: Dondozo
|-unboost|p1a: Dondozo|spe|1
|-boost|p1a: Dondozo|atk|1
|-boost|p1a: Dondozo|def|1
|
|-heal|p1a: Dondozo|99/100|[from] item: Leftovers
|turn|21
|
|move|p2a: Goodra|Draco Meteor|p1a: Dondozo
|-crit|p1a: Dondozo
|-damage|p1a: Dondozo|28/100
|-unboost|p2a: Goodra|spa|2
|move|p1a: Dondozo|Curse|p1a: Dondozo
|-unboost|p1a: Dondozo|spe|1
|-boost|p1a: Dondozo|atk|1
|-boost|p1a: Dondozo|def|1
|
|-heal|p1a: Dondozo|34/100|[from] item: Leftovers
|turn|22
|
|move|p1a: Dondozo|Protect|p1a: Dondozo
|-singleturn|p1a: Dondozo|Protect
|move|p2a: Goodra|Draco Meteor|p1a: Dondozo
|-activate|p1a: Dondozo|move: Protect
|
|-heal|p1a: Dondozo|40/100|[from] item: Leftovers
|turn|23
|
|move|p2a: Goodra|Draco Meteor|p1a: Dondozo
|-damage|p1a: Dondozo|0 fnt
|-unboost|p2a: Goodra|spa|2
|faint|p1a: Dondozo
|
|
|switch|p1a: Chien-Pao|Chien-Pao|100/100
|-ability|p1a: Chien-Pao|Sword of Ruin
|turn|24
|
|switch|p2a: Zamazenta|Zamazenta-Crowned|100/100
|move|p1a: Chien-Pao|Sacred Sword|p2a: Zamazenta
|-supereffective|p2a: Zamazenta
|-damage|p2a: Zamazenta|41/100
|
|turn|25
|
|move|p1a: Chien-Pao|Sacred Sword|p2a: Zamazenta
|-supereffective|p2a: Zamazenta
|-damage|p2a: Zamazenta|0 fnt
|faint|p2a: Zamazenta
|
|
|switch|p2a: Goodra|Goodra-Hisui, M|100/100
|turn|26
|-message|Undemi31 forfeited.
|
|win|Trail_BL
|l|☆Undemi31
