|poke|p1|Pelipper, M|
|poke|p1|Floatzel, F|
|poke|p1|Azumarill, F|
|poke|p1|Golduck, F|
|poke|p1|Pawmot, M|
|poke|p1|Toedscruel, M|
|poke|p2|Iron Hands|
|poke|p2|Walking Wake|
|poke|p2|Iron Moth|
|poke|p2|Iron Treads|
|poke|p2|Dragonite, M|
|poke|p2|Kingambit, F|
|teampreview
|
|start
|switch|p1a: Ghoti carrier|Pelipper, M|100/100
|switch|p2a: Iron Treads|Iron Treads|100/100
|-weather|RainDance|[from] ability: Drizzle|[of] p1a: Ghoti carrier
|-enditem|p2a: Iron Treads|Booster Energy
|-activate|p2a: Iron Treads|ability: Quark Drive|[fromitem]
|-start|p2a: Iron Treads|quarkdrivespe
|turn|1
|
|move|p2a: Iron Treads|Stealth Rock|p1a: Ghoti carrier
|-sidestart|p1: OUDJ UU to suspect|move: Stealth Rock
|move|p1a: Ghoti carrier|Surf|p2a: Iron Treads
|-supereffective|p2a: Iron Treads
|-damage|p2a: Iron Treads|0 fnt
|faint|p2a: Iron Treads
|-end|p2a: Iron Treads|Quark Drive|[silent]
|
|-weather|RainDance|[upkeep]
|
|switch|p2a: Dragonite|Dragonite, M|100/100
|turn|2
|
|move|p2a: Dragonite|Dragon Dance|p2a: Dragonite
|-boost|p2a: Dragonite|atk|1
|-boost|p2a: Dragonite|spe|1
|move|p1a: Ghoti carrier|U-turn|p2a: Dragonite
|-resisted|p2a: Dragonite
|-damage|p2a: Dragonite|98/100
|
|switch|p1a: Seaking Duck|Golduck, F|100/100|[from] U-turn
|-damage|p1a: Seaking Duck|88/100|[from] Stealth Rock
|
|-weather|RainDance|[upkeep]
|turn|3
|
|-terastallize|p1a: Seaking Duck|Ghost
|move|p1a: Seaking Duck|Ice Beam|p2a: Dragonite
|-supereffective|p2a: Dragonite
|-damage|p2a: Dragonite|0 fnt
|faint|p2a: Dragonite
|-damage|p1a: Seaking Duck|78/100|[from] item: Life Orb
|
|-weather|RainDance|[upkeep]
|
|switch|p2a: Kingambit|Kingambit, F|100/100
|-activate|p2a: Kingambit|ability: Supreme Overlord
|-start|p2a: Kingambit|fallen2|[silent]
|turn|4
|
|switch|p1a: Spaghetti Memory|Toedscruel, M|100/100
|-damage|p1a: Spaghetti Memory|94/100|[from] Stealth Rock
|move|p2a: Kingambit|Iron Head|p1a: Spaghetti Memory
|-damage|p1a: Spaghetti Memory|18/100
|-damage|p2a: Kingambit|84/100|[from] item: Rocky Helmet|[of] p1a: Spaghetti Memory
|
|-weather|RainDance|[upkeep]
|-heal|p2a: Kingambit|90/100|[from] item: Leftovers
|turn|5
|
|move|p1a: Spaghetti Memory|Rapid Spin|p2a: Kingambit
|-resisted|p2a: Kingambit
|-damage|p2a: Kingambit|86/100
|-boost|p1a: Spaghetti Memory|spe|1
|-sideend|p1: OUDJ UU to suspect|Stealth Rock|[from] move: Rapid Spin|[of] p1a: Spaghetti Memory
|move|p2a: Kingambit|Iron Head|p1a: Spaghetti Memory
|-damage|p1a: Spaghetti Memory|0 fnt
|-damage|p2a: Kingambit|70/100|[from] item: Rocky Helmet|[of] p1a: Spaghetti Memory
|faint|p1a: Spaghetti Memory
|
|-weather|RainDance|[upkeep]
|-heal|p2a: Kingambit|76/100|[from] item: Leftovers
|
|switch|p1a: Really want eject|Pawmot, M|100/100
|turn|6
|
|switch|p1a: Seaking Duck|Golduck, F, tera:Ghost|78/100
|-end|p2a: Kingambit|fallen2|[silent]
|switch|p2a: Iron Hands|Iron Hands|100/100
|-enditem|p2a: Iron Hands|Booster Energy
|-activate|p2a: Iron Hands|ability: Quark Drive|[fromitem]
|-start|p2a: Iron Hands|quarkdriveatk
|
|-weather|RainDance|[upkeep]
|turn|7
|
|move|p1a: Seaking Duck|Surf|p2a: Iron Hands
|-damage|p2a: Iron Hands|9/100
|-damage|p1a: Seaking Duck|68/100|[from] item: Life Orb
|move|p2a: Iron Hands|Wild Charge|p1a: Seaking Duck
|-damage|p1a: Seaking Duck|0 fnt
|faint|p1a: Seaking Duck
|-damage|p2a: Iron Hands|0 fnt|[from] Recoil
|faint|p2a: Iron Hands
|-end|p2a: Iron Hands|Quark Drive|[silent]
|
|-weather|RainDance|[upkeep]
|
|switch|p1a: The Goat|Azumarill, F|100/100
|switch|p2a: Walking Wake|Walking Wake|100/100
|-enditem|p2a: Walking Wake|Booster Energy
|-activate|p2a: Walking Wake|ability: Protosynthesis|[fromitem]
|-start|p2a: Walking Wake|protosynthesisspa
|turn|8
|
|-terastallize|p2a: Walking Wake|Steel
|move|p2a: Walking Wake|Hydro Pump|p1a: The Goat
|-resisted|p1a: The Goat
|-damage|p1a: The Goat|37/100
|-enditem|p1a: The Goat|Sitrus Berry|[eat]
|-heal|p1a: The Goat|62/100|[from] item: Sitrus Berry
|move|p1a: The Goat|Play Rough|p2a: Walking Wake
|-resisted|p2a: Walking Wake
|-damage|p2a: Walking Wake|72/100
|
|-weather|none
|turn|9
|
|move|p2a: Walking Wake|Hydro Pump|p1a: The Goat
|-resisted|p1a: The Goat
|-damage|p1a: The Goat|21/100
|move|p1a: The Goat|Liquidation|p2a: Walking Wake
|-damage|p2a: Walking Wake|12/100
|
|turn|10
|
|move|p1a: The Goat|Aqua Jet|p2a: Walking Wake
|-damage|p2a: Walking Wake|0 fnt
|faint|p2a: Walking Wake
|-end|p2a: Walking Wake|Protosynthesis|[silent]
|
|
|switch|p2a: Kingambit|Kingambit, F|76/100
|-activate|p2a: Kingambit|ability: Supreme Overlord
|-start|p2a: Kingambit|fallen4|[silent]
|turn|11
|
|move|p1a: The Goat|Aqua Jet|p2a: Kingambit
|-damage|p2a: Kingambit|53/100
|move|p2a: Kingambit|Swords Dance|p2a: Kingambit
|-boost|p2a: Kingambit|atk|2
|
|-heal|p2a: Kingambit|59/100|[from] item: Leftovers
|turn|12
|
|switch|p1a: Ghoti carrier|Pelipper, M|100/100
|-weather|RainDance|[from] ability: Drizzle|[of] p1a: Ghoti carrier
|move|p2a: Kingambit|Swords Dance|p2a: Kingambit
|-boost|p2a: Kingambit|atk|2
|
|-weather|RainDance|[upkeep]
|-heal|p2a: Kingambit|66/100|[from] item: Leftovers
|turn|13
|
|move|p2a: Kingambit|Sucker Punch|p1a: Ghoti carrier
|-damage|p1a: Ghoti carrier|0 fnt
|faint|p1a: Ghoti carrier
|
|-weather|RainDance|[upkeep]
|-heal|p2a: Kingambit|72/100|[from] item: Leftovers
|
|switch|p1a: Really want eject|Pawmot, M|100/100
|turn|14
|
|-end|p2a: Kingambit|fallen4|[silent]
|switch|p2a: Iron Moth|Iron Moth|100/100
|-enditem|p2a: Iron Moth|Booster Energy
|-activate|p2a: Iron Moth|ability: Quark Drive|[fromitem]
|-start|p2a: Iron Moth|quarkdrivespa
|move|p1a: Really want eject|Encore||[still]
|-fail|p1a: Really want eject
|
|-weather|RainDance|[upkeep]
|turn|15
|
|-end|p2a: Iron Moth|Quark Drive|[silent]
|switch|p2a: Kingambit|Kingambit, F|72/100
|-activate|p2a: Kingambit|ability: Supreme Overlord
|-start|p2a: Kingambit|fallen4|[silent]
|switch|p1a: The Goat|Azumarill, F|21/100
|
|-weather|RainDance|[upkeep]
|-heal|p2a: Kingambit|78/100|[from] item: Leftovers
|turn|16
|
|move|p2a: Kingambit|Iron Head|p1a: The Goat
|-damage|p1a: The Goat|0 fnt
|faint|p1a: The Goat
|
|-weather|RainDance|[upkeep]
|-heal|p2a: Kingambit|84/100|[from] item: Leftovers
|
|switch|p1a: BandedSkeda|Floatzel, F|100/100
|turn|17
|
|move|p2a: Kingambit|Sucker Punch|p1a: BandedSkeda
|-damage|p1a: BandedSkeda|5/100
|move|p1a: BandedSkeda|Wave Crash|p2a: Kingambit
|-damage|p2a: Kingambit|0 fnt
|faint|p2a: Kingambit
|-end|p2a: Kingambit|fallen4|[silent]
|-damage|p1a: BandedSkeda|0 fnt|[from] Recoil
|faint|p1a: BandedSkeda
|
|-weather|RainDance|[upkeep]
|
|switch|p1a: Really want eject|Pawmot, M|100/100
|switch|p2a: Iron Moth|Iron Moth|100/100
|turn|18
|
|move|p2a: Iron Moth|Psychic|p1a: Really want eject
|-supereffective|p1a: Really want eject
|-damage|p1a: Really want eject|4/100
|move|p1a: Really want eject|Nuzzle|p2a: Iron Moth
|-crit|p2a: Iron Moth
|-damage|p2a: Iron Moth|82/100
|-status|p2a: Iron Moth|par
|
|-weather|RainDance|[upkeep]
|turn|19
|
|move|p1a: Really want eject|Revival Blessing|p1a: Really want eject
|-enditem|p1a: Really want eject|Leppa Berry|[eat]
|-activate|p1a: Really want eject|item: Leppa Berry|Revival Blessing|[consumed]
|
|-heal|p1: BandedSkeda|50/100|[from] move: Revival Blessing
|cant|p2a: Iron Moth|par
|
|-weather|none
|turn|20
|
|move|p1a: Really want eject|Revival Blessing|p1a: Really want eject
|
|-heal|p1: The Goat|50/100|[from] move: Revival Blessing
|move|p2a: Iron Moth|Psychic|p1a: Really want eject
|-supereffective|p1a: Really want eject
|-damage|p1a: Really want eject|0 fnt
|faint|p1a: Really want eject
|
|
|switch|p1a: BandedSkeda|Floatzel, F|50/100
|turn|21
|
|move|p1a: BandedSkeda|Wave Crash|p2a: Iron Moth
|-supereffective|p2a: Iron Moth
|-damage|p2a: Iron Moth|0 fnt
|faint|p2a: Iron Moth
|-end|p2a: Iron Moth|Quark Drive|[silent]
|-damage|p1a: BandedSkeda|26/100|[from] Recoil
|
|win|OUDJ UU to suspect
