|poke|p1|Basculegion, M|
|poke|p1|Walking Wake|
|poke|p1|Pelipper, F|
|poke|p1|Magearna|
|poke|p1|Barraskewda, M|
|poke|p1|Iron Treads|
|poke|p2|Magearna|
|poke|p2|Drifblim, F|
|poke|p2|Clodsire, M|
|poke|p2|Skeledirge, F|
|poke|p2|Toxapex, M|
|poke|p2|Blissey, F|
|teampreview
|
|start
|switch|p1a: Iron Treads|Iron Treads|100/100
|switch|p2a: Toxapex|Toxapex, M|100/100
|turn|1
|
|move|p1a: Iron Treads|Stealth Rock|p2a: Toxapex
|-sidestart|p2: Granny Pie|move: Stealth Rock
|move|p2a: Toxapex|Toxic Spikes|p1a: Iron Treads
|-sidestart|p1: Tedtalkwithakiwi|move: Toxic Spikes
|
|turn|2
|
|move|p1a: Iron Treads|Earthquake|p2a: Toxapex
|-supereffective|p2a: Toxapex
|-damage|p2a: Toxapex|51/100
|move|p2a: Toxapex|Toxic Spikes|p1a: Iron Treads
|-sidestart|p1: Tedtalkwithakiwi|move: Toxic Spikes
|
|turn|3
|
|switch|p2a: Drifblim|Drifblim, F|100/100
|move|p1a: Iron Treads|Rapid Spin|p2a: Drifblim
|-immune|p2a: Drifblim
|
|turn|4
|
|move|p1a: Iron Treads|Volt Switch|p2a: Drifblim
|-supereffective|p2a: Drifblim
|-damage|p2a: Drifblim|75/100
|
|-end|p1a: Iron Treads|Quark Drive|[silent]
|switch|p1a: Pelipper|Pelipper, F|100/100|[from] Volt Switch
|-weather|RainDance|[from] ability: Drizzle|[of] p1a: Pelipper
|move|p2a: Drifblim|Will-O-Wisp|p1a: Pelipper
|-status|p1a: Pelipper|brn
|
|-weather|RainDance|[upkeep]
|-damage|p1a: Pelipper|94/100 brn|[from] brn
|turn|5
|
|switch|p2a: Toxapex|Toxapex, M|84/100
|switch|p1a: Magearna|Magearna|100/100
|
|-weather|RainDance|[upkeep]
|turn|6
|
|move|p1a: Magearna|Volt Switch|p2a: Toxapex
|-supereffective|p2a: Toxapex
|-damage|p2a: Toxapex|37/100
|
|switch|p1a: Iron Treads|Iron Treads|100/100|[from] Volt Switch
|move|p2a: Toxapex|Haze|p2a: Toxapex
|-clearallboost
|
|-weather|RainDance|[upkeep]
|turn|7
|
|switch|p2a: Drifblim|Drifblim, F|75/100
|move|p1a: Iron Treads|Volt Switch|p2a: Drifblim
|-supereffective|p2a: Drifblim
|-damage|p2a: Drifblim|50/100
|
|-end|p1a: Iron Treads|Quark Drive|[silent]
|switch|p1a: Magearna|Magearna|100/100|[from] Volt Switch
|
|-weather|RainDance|[upkeep]
|turn|8
|
|switch|p2a: Clodsire|Clodsire, M|100/100
|move|p1a: Magearna|Flash Cannon|p2a: Clodsire
|-damage|p2a: Clodsire|75/100
|
|-weather|RainDance|[upkeep]
|turn|9
|
|switch|p1a: Pelipper|Pelipper, F|94/100 brn
|move|p2a: Clodsire|Spikes|p1a: Pelipper
|-sidestart|p1: Tedtalkwithakiwi|Spikes
|
|-weather|RainDance|[upkeep]
|-damage|p1a: Pelipper|88/100 brn|[from] brn
|turn|10
|
|switch|p1a: Iron Treads|Iron Treads|100/100
|switch|p2a: Blissey|Blissey, F|100/100
|
|-weather|RainDance|[upkeep]
|turn|11
|
|switch|p2a: Skeledirge|Skeledirge, F|100/100
|move|p1a: Iron Treads|Rapid Spin|p2a: Skeledirge
|-immune|p2a: Skeledirge
|
|-weather|none
|turn|12
|
|-end|p1a: Iron Treads|Quark Drive|[silent]
|switch|p1a: Walking Wake|Walking Wake|100/100
|-status|p1a: Walking Wake|tox
|-damage|p1a: Walking Wake|88/100 tox|[from] Spikes
|-terastallize|p2a: Skeledirge|Ghost
|move|p2a: Skeledirge|Torch Song|p1a: Walking Wake
|-resisted|p1a: Walking Wake
|-damage|p1a: Walking Wake|79/100 tox
|-boost|p2a: Skeledirge|spa|1
|
|-heal|p1a: Walking Wake|85/100 tox|[from] item: Leftovers
|-damage|p1a: Walking Wake|79/100 tox|[from] psn
|turn|13
|
|switch|p2a: Blissey|Blissey, F|100/100
|move|p1a: Walking Wake|Draco Meteor|p2a: Blissey
|-damage|p2a: Blissey|81/100
|-unboost|p1a: Walking Wake|spa|2
|
|-heal|p1a: Walking Wake|85/100 tox|[from] item: Leftovers
|-damage|p1a: Walking Wake|73/100 tox|[from] psn
|turn|14
|
|-end|p1a: Walking Wake|Protosynthesis|[silent]
|switch|p1a: Pelipper|Pelipper, F|88/100 brn
|-weather|RainDance|[from] ability: Drizzle|[of] p1a: Pelipper
|move|p2a: Blissey|Stealth Rock|p1a: Pelipper
|-sidestart|p1: Tedtalkwithakiwi|move: Stealth Rock
|
|-weather|RainDance|[upkeep]
|-damage|p1a: Pelipper|82/100 brn|[from] brn
|turn|15
|
|move|p1a: Pelipper|U-turn|p2a: Blissey
|-damage|p2a: Blissey|73/100
|
|switch|p1a: Walking Wake|Walking Wake|73/100 tox|[from] U-turn
|-damage|p1a: Walking Wake|61/100 tox|[from] Spikes
|-damage|p1a: Walking Wake|48/100 tox|[from] Stealth Rock
|move|p2a: Blissey|Soft-Boiled|p2a: Blissey
|-heal|p2a: Blissey|100/100
|
|-weather|RainDance|[upkeep]
|-heal|p1a: Walking Wake|54/100 tox|[from] item: Leftovers
|-damage|p1a: Walking Wake|48/100 tox|[from] psn
|turn|16
|
|move|p1a: Walking Wake|Hydro Steam|p2a: Blissey
|-damage|p2a: Blissey|85/100
|move|p2a: Blissey|Soft-Boiled|p2a: Blissey
|-heal|p2a: Blissey|100/100
|
|-weather|RainDance|[upkeep]
|-heal|p1a: Walking Wake|54/100 tox|[from] item: Leftovers
|-damage|p1a: Walking Wake|42/100 tox|[from] psn
|turn|17
|
|move|p1a: Walking Wake|Hydro Steam|p2a: Blissey
|-damage|p2a: Blissey|83/100
|move|p2a: Blissey|Flamethrower|p1a: Walking Wake
|-resisted|p1a: Walking Wake
|-damage|p1a: Walking Wake|40/100 tox
|
|-weather|RainDance|[upkeep]
|-heal|p1a: Walking Wake|46/100 tox|[from] item: Leftovers
|-damage|p1a: Walking Wake|28/100 tox|[from] psn
|turn|18
|
|-end|p1a: Walking Wake|Protosynthesis|[silent]
|switch|p1a: Basculegion|Basculegion, M|100/100
|-status|p1a: Basculegion|tox
|-damage|p1a: Basculegion|88/100 tox|[from] Spikes
|-damage|p1a: Basculegion|76/100 tox|[from] Stealth Rock
|move|p2a: Blissey|Flamethrower|p1a: Basculegion
|-resisted|p1a: Basculegion
|-damage|p1a: Basculegion|71/100 tox
|
|-weather|RainDance|[upkeep]
|-damage|p1a: Basculegion|65/100 tox|[from] psn
|turn|19
|
|switch|p2a: Toxapex|Toxapex, M|70/100
|move|p1a: Basculegion|Psychic Fangs|p2a: Toxapex
|-supereffective|p2a: Toxapex
|-damage|p2a: Toxapex|34/100
|
|-weather|RainDance|[upkeep]
|-damage|p1a: Basculegion|53/100 tox|[from] psn
|turn|20
|
|switch|p2a: Magearna|Magearna|100/100
|move|p1a: Basculegion|Wave Crash|p2a: Magearna
|-damage|p2a: Magearna|33/100
|-damage|p1a: Basculegion|31/100 tox|[from] Recoil
|
|-weather|RainDance|[upkeep]
|-damage|p1a: Basculegion|13/100 tox|[from] psn
|turn|21
|
|move|p1a: Basculegion|Wave Crash|p2a: Magearna
|-damage|p2a: Magearna|0 fnt
|faint|p2a: Magearna
|-damage|p1a: Basculegion|3/100 tox|[from] Recoil
|
|-weather|none
|-damage|p1a: Basculegion|0 fnt|[from] psn
|faint|p1a: Basculegion
|
|switch|p1a: Iron Treads|Iron Treads|100/100
|switch|p2a: Drifblim|Drifblim, F|50/100
|turn|22
|
|move|p1a: Iron Treads|Volt Switch|p2a: Drifblim
|-supereffective|p2a: Drifblim
|-damage|p2a: Drifblim|26/100
|
|-end|p1a: Iron Treads|Quark Drive|[silent]
|switch|p1a: Magearna|Magearna|100/100|[from] Volt Switch
|-damage|p1a: Magearna|88/100|[from] Spikes
|-damage|p1a: Magearna|82/100|[from] Stealth Rock
|move|p2a: Drifblim|Strength Sap|p1a: Magearna
|-unboost|p1a: Magearna|atk|1
|-heal|p2a: Drifblim|61/100
|
|turn|23
|
|switch|p2a: Clodsire|Clodsire, M|75/100
|move|p1a: Magearna|Volt Switch|p2a: Clodsire
|-immune|p2a: Clodsire
|
|turn|24
|
|switch|p1a: Pelipper|Pelipper, F|82/100 brn
|-damage|p1a: Pelipper|57/100 brn|[from] Stealth Rock
|-weather|RainDance|[from] ability: Drizzle|[of] p1a: Pelipper
|move|p2a: Clodsire|Spikes|p1a: Pelipper
|-sidestart|p1: Tedtalkwithakiwi|Spikes
|
|-weather|RainDance|[upkeep]
|-damage|p1a: Pelipper|51/100 brn|[from] brn
|turn|25
|
|switch|p1a: Walking Wake|Walking Wake|28/100 tox
|-damage|p1a: Walking Wake|11/100 tox|[from] Spikes
|-damage|p1a: Walking Wake|0 fnt|[from] Stealth Rock
|faint|p1a: Walking Wake
|-end|p1a: Walking Wake|Protosynthesis|[silent]
|switch|p2a: Toxapex|Toxapex, M|68/100
|
|-weather|RainDance|[upkeep]
|
|switch|p1a: Iron Treads|Iron Treads|100/100
|turn|26
|
|switch|p2a: Skeledirge|Skeledirge, F, tera:Ghost|100/100
|move|p1a: Iron Treads|Volt Switch|p2a: Skeledirge
|-damage|p2a: Skeledirge|88/100
|
|-end|p1a: Iron Treads|Quark Drive|[silent]
|switch|p1a: Barraskewda|Barraskewda, M|100/100|[from] Volt Switch
|-status|p1a: Barraskewda|tox
|-damage|p1a: Barraskewda|84/100 tox|[from] Spikes
|-damage|p1a: Barraskewda|72/100 tox|[from] Stealth Rock
|
|-weather|RainDance|[upkeep]
|-damage|p1a: Barraskewda|66/100 tox|[from] psn
|turn|27
|
|switch|p2a: Toxapex|Toxapex, M|100/100
|-terastallize|p1a: Barraskewda|Water
|move|p1a: Barraskewda|Liquidation|p2a: Toxapex
|-resisted|p2a: Toxapex
|-damage|p2a: Toxapex|63/100
|-unboost|p2a: Toxapex|def|1
|
|-weather|RainDance|[upkeep]
|-damage|p1a: Barraskewda|54/100 tox|[from] psn
|turn|28
|
|switch|p1a: Iron Treads|Iron Treads|100/100
|switch|p2a: Drifblim|Drifblim, F|61/100
|
|-weather|RainDance|[upkeep]
|turn|29
|
|move|p1a: Iron Treads|Volt Switch|p2a: Drifblim
|-supereffective|p2a: Drifblim
|-damage|p2a: Drifblim|36/100
|
|-end|p1a: Iron Treads|Quark Drive|[silent]
|switch|p1a: Magearna|Magearna|82/100|[from] Volt Switch
|-damage|p1a: Magearna|66/100|[from] Spikes
|-damage|p1a: Magearna|60/100|[from] Stealth Rock
|move|p2a: Drifblim|Strength Sap|p1a: Magearna
|-unboost|p1a: Magearna|atk|1
|-heal|p2a: Drifblim|71/100
|
|-weather|RainDance|[upkeep]
|turn|30
|
|switch|p2a: Clodsire|Clodsire, M|75/100
|move|p1a: Magearna|Flash Cannon|p2a: Clodsire
|-crit|p2a: Clodsire
|-damage|p2a: Clodsire|37/100
|
|-weather|RainDance|[upkeep]
|turn|31
|
|move|p1a: Magearna|Flash Cannon|p2a: Clodsire
|-damage|p2a: Clodsire|13/100
|move|p2a: Clodsire|Recover|p2a: Clodsire
|-heal|p2a: Clodsire|63/100
|
|-weather|none
|turn|32
|
|move|p1a: Magearna|Flash Cannon|p2a: Clodsire
|-damage|p2a: Clodsire|39/100
|move|p2a: Clodsire|Recover|p2a: Clodsire
|-heal|p2a: Clodsire|89/100
|
|turn|33
|
|move|p1a: Magearna|Flash Cannon|p2a: Clodsire
|-damage|p2a: Clodsire|65/100
|move|p2a: Clodsire|Spikes|p1a: Magearna
|-sidestart|p1: Tedtalkwithakiwi|Spikes
|
|turn|34
|
|move|p1a: Magearna|Flash Cannon|p2a: Clodsire
|-damage|p2a: Clodsire|39/100
|move|p2a: Clodsire|Recover|p2a: Clodsire
|-heal|p2a: Clodsire|89/100
|
|turn|35
|
|move|p1a: Magearna|Flash Cannon|p2a: Clodsire
|-damage|p2a: Clodsire|66/100
|move|p2a: Clodsire|Earthquake|p1a: Magearna
|-supereffective|p1a: Magearna
|-damage|p1a: Magearna|15/100
|
|turn|36
|
|move|p1a: Magearna|Flash Cannon|p2a: Clodsire
|-damage|p2a: Clodsire|40/100
|move|p2a: Clodsire|Recover|p2a: Clodsire
|-heal|p2a: Clodsire|90/100
|
|turn|37
|-message|Tedtalkwithakiwi forfeited.
|
|win|Granny Pie
