|poke|p1|Toedscruel, M|
|poke|p1|Garganacl, F|
|poke|p1|Gholdengo|
|poke|p1|Rotom-Wash|
|poke|p1|Chien-Pao|
|poke|p1|Volcarona, F|
|poke|p2|Iron Treads|
|poke|p2|Hydreigon, F|
|poke|p2|Gengar, M|
|poke|p2|Dondozo, F|
|poke|p2|Volcanion|
|poke|p2|Azumarill, M|
|teampreview
|
|start
|switch|p1a: Toedscruel|Toedscruel, M, shiny|100/100
|switch|p2a: Iron Treads|Iron Treads|100/100
|turn|1
|
|-terastallize|p2a: Iron Treads|Flying
|move|p2a: Iron Treads|Stealth Rock|p1a: Toedscruel
|-sidestart|p1: p1|move: Stealth Rock
|move|p1a: Toedscruel|Spore|p2a: Iron Treads
|-status|p2a: Iron Treads|slp|[from] move: Spore
|
|turn|2
|
|cant|p2a: Iron Treads|slp
|move|p1a: Toedscruel|Spikes|p2a: Iron Treads
|-sidestart|p2: p2|Spikes
|
|turn|3
|
|cant|p2a: Iron Treads|slp
|move|p1a: Toedscruel|Rapid Spin|p2a: Iron Treads
|-damage|p2a: Iron Treads|94/100 slp
|-boost|p1a: Toedscruel|spe|1
|-sideend|p1: p1|Stealth Rock|[from] move: Rapid Spin|[of] p1a: Toedscruel
|
|turn|4
|
|cant|p2a: Iron Treads|slp
|move|p1a: Toedscruel|Spore|p2a: Iron Treads
|-fail|p2a: Iron Treads|slp
|
|turn|5
|
|-curestatus|p2a: Iron Treads|slp|[msg]
|move|p2a: Iron Treads|Knock Off|p1a: Toedscruel
|-damage|p1a: Toedscruel|58/100
|-enditem|p1a: Toedscruel|Covert Cloak|[from] move: Knock Off|[of] p2a: Iron Treads
|move|p1a: Toedscruel|Spore|p2a: Iron Treads
|-status|p2a: Iron Treads|slp|[from] move: Spore
|
|turn|6
|
|cant|p2a: Iron Treads|slp
|move|p1a: Toedscruel|Spikes|p2a: Iron Treads
|-sidestart|p2: p2|Spikes
|
|turn|7
|
|cant|p2a: Iron Treads|slp
|move|p1a: Toedscruel|Spikes|p2a: Iron Treads
|-sidestart|p2: p2|Spikes
|
|turn|8
|
|move|p1a: Toedscruel|Giga Drain|p2a: Iron Treads
|-resisted|p2a: Iron Treads
|-damage|p2a: Iron Treads|79/100 slp
|-heal|p1a: Toedscruel|64/100|[from] drain|[of] p2a: Iron Treads
|-curestatus|p2a: Iron Treads|slp|[msg]
|move|p2a: Iron Treads|Knock Off|p1a: Toedscruel
|-damage|p1a: Toedscruel|35/100
|
|turn|9
|
|move|p2a: Iron Treads|Knock Off|p1a: Toedscruel
|-damage|p1a: Toedscruel|8/100
|move|p1a: Toedscruel|Spore|p2a: Iron Treads
|-status|p2a: Iron Treads|slp|[from] move: Spore
|
|turn|10
|
|move|p1a: Toedscruel|Giga Drain|p2a: Iron Treads
|-resisted|p2a: Iron Treads
|-damage|p2a: Iron Treads|63/100 slp
|-heal|p1a: Toedscruel|16/100|[from] drain|[of] p2a: Iron Treads
|cant|p2a: Iron Treads|slp
|
|turn|11
|
|move|p1a: Toedscruel|Giga Drain|p2a: Iron Treads
|-resisted|p2a: Iron Treads
|-damage|p2a: Iron Treads|47/100 slp
|-heal|p1a: Toedscruel|23/100|[from] drain|[of] p2a: Iron Treads
|-curestatus|p2a: Iron Treads|slp|[msg]
|move|p2a: Iron Treads|Knock Off|p1a: Toedscruel
|-damage|p1a: Toedscruel|0 fnt
|faint|p1a: Toedscruel
|
|
|switch|p1a: Rotom|Rotom-Wash|100/100
|turn|12
|
|move|p2a: Iron Treads|Knock Off|p1a: Rotom
|-damage|p1a: Rotom|79/100
|-enditem|p1a: Rotom|Leftovers|[from] move: Knock Off|[of] p2a: Iron Treads
|move|p1a: Rotom|Will-O-Wisp|p2a: Iron Treads
|-status|p2a: Iron Treads|brn
|
|-damage|p2a: Iron Treads|41/100 brn|[from] brn
|turn|13
|
|move|p1a: Rotom|Protect|p1a: Rotom
|-singleturn|p1a: Rotom|Protect
|move|p2a: Iron Treads|Stealth Rock|p1a: Rotom
|-sidestart|p1: p1|move: Stealth Rock
|
|-damage|p2a: Iron Treads|35/100 brn|[from] brn
|turn|14
|
|move|p2a: Iron Treads|Knock Off|p1a: Rotom
|-damage|p1a: Rotom|72/100
|move|p1a: Rotom|Volt Switch|p2a: Iron Treads
|-supereffective|p2a: Iron Treads
|-damage|p2a: Iron Treads|0 fnt
|faint|p2a: Iron Treads
|-end|p2a: Iron Treads|Quark Drive|[silent]
|
|switch|p1a: Garganacl|Garganacl, F|100/100|[from] Volt Switch
|-damage|p1a: Garganacl|88/100|[from] Stealth Rock
|
|-heal|p1a: Garganacl|94/100|[from] item: Leftovers
|
|switch|p2a: Dondozo|Dondozo, F|100/100
|-damage|p2a: Dondozo|75/100|[from] Spikes
|turn|15
|
|switch|p1a: Rotom|Rotom-Wash|72/100
|-damage|p1a: Rotom|59/100|[from] Stealth Rock
|move|p2a: Dondozo|Curse|p2a: Dondozo
|-unboost|p2a: Dondozo|spe|1
|-boost|p2a: Dondozo|atk|1
|-boost|p2a: Dondozo|def|1
|
|-heal|p2a: Dondozo|82/100|[from] item: Leftovers
|turn|16
|
|move|p1a: Rotom|Will-O-Wisp|p2a: Dondozo
|-status|p2a: Dondozo|brn
|move|p2a: Dondozo|Liquidation|p1a: Rotom
|-resisted|p1a: Rotom
|-damage|p1a: Rotom|50/100
|
|-heal|p2a: Dondozo|88/100 brn|[from] item: Leftovers
|-damage|p2a: Dondozo|82/100 brn|[from] brn
|turn|17
|
|move|p1a: Rotom|Volt Switch|p2a: Dondozo
|-supereffective|p2a: Dondozo
|-damage|p2a: Dondozo|49/100 brn
|
|switch|p1a: Gholdengo|Gholdengo|100/100|[from] Volt Switch
|-damage|p1a: Gholdengo|94/100|[from] Stealth Rock
|-item|p1a: Gholdengo|Air Balloon
|move|p2a: Dondozo|Rest|p2a: Dondozo
|-status|p2a: Dondozo|slp|[from] move: Rest
|-heal|p2a: Dondozo|100/100 slp|[silent]
|
|turn|18
|
|move|p1a: Gholdengo|Nasty Plot|p1a: Gholdengo
|-boost|p1a: Gholdengo|spa|2
|cant|p2a: Dondozo|slp
|move|p2a: Dondozo|Sleep Talk|p2a: Dondozo
|move|p2a: Dondozo|Liquidation|p1a: Gholdengo|[from]move: Sleep Talk
|-damage|p1a: Gholdengo|46/100
|-enditem|p1a: Gholdengo|Air Balloon
|
|turn|19
|
|move|p1a: Gholdengo|Make It Rain|p2a: Dondozo
|-resisted|p2a: Dondozo
|-damage|p2a: Dondozo|79/100 slp
|-unboost|p1a: Gholdengo|spa|1
|cant|p2a: Dondozo|slp
|move|p2a: Dondozo|Sleep Talk|p2a: Dondozo
|move|p2a: Dondozo|Curse|p2a: Dondozo|[from]move: Sleep Talk
|-unboost|p2a: Dondozo|spe|1
|-boost|p2a: Dondozo|atk|1
|-boost|p2a: Dondozo|def|1
|
|-heal|p2a: Dondozo|85/100 slp|[from] item: Leftovers
|turn|20
|
|move|p1a: Gholdengo|Shadow Ball|p2a: Dondozo
|-damage|p2a: Dondozo|57/100 slp
|-unboost|p2a: Dondozo|spd|1
|-curestatus|p2a: Dondozo|slp|[msg]
|move|p2a: Dondozo|Liquidation|p1a: Gholdengo
|-damage|p1a: Gholdengo|0 fnt
|faint|p1a: Gholdengo
|
|-heal|p2a: Dondozo|63/100|[from] item: Leftovers
|
|switch|p1a: Rotom|Rotom-Wash|50/100
|-damage|p1a: Rotom|38/100|[from] Stealth Rock
|turn|21
|
|move|p1a: Rotom|Volt Switch|p2a: Dondozo
|-supereffective|p2a: Dondozo
|-damage|p2a: Dondozo|7/100
|
|switch|p1a: Chien-Pao|Chien-Pao|100/100|[from] Volt Switch
|-damage|p1a: Chien-Pao|76/100|[from] Stealth Rock
|-ability|p1a: Chien-Pao|Sword of Ruin
|move|p2a: Dondozo|Liquidation|p1a: Chien-Pao
|-damage|p1a: Chien-Pao|0 fnt
|faint|p1a: Chien-Pao
|
|-heal|p2a: Dondozo|13/100|[from] item: Leftovers
|
|switch|p1a: Rotom|Rotom-Wash|38/100
|-damage|p1a: Rotom|25/100|[from] Stealth Rock
|turn|22
|
|move|p1a: Rotom|Volt Switch|p2a: Dondozo
|-supereffective|p2a: Dondozo
|-damage|p2a: Dondozo|0 fnt
|faint|p2a: Dondozo
|
|switch|p1a: Garganacl|Garganacl, F|94/100|[from] Volt Switch
|-damage|p1a: Garganacl|82/100|[from] Stealth Rock
|
|-heal|p1a: Garganacl|88/100|[from] item: Leftovers
|
|switch|p2a: Azumarill|Azumarill, M|100/100
|-damage|p2a: Azumarill|76/100|[from] Spikes
|turn|23
|
|move|p1a: Garganacl|Protect|p1a: Garganacl
|-singleturn|p1a: Garganacl|Protect
|move|p2a: Azumarill|Play Rough|p1a: Garganacl
|-activate|p1a: Garganacl|move: Protect
|
|-heal|p1a: Garganacl|94/100|[from] item: Leftovers
|turn|24
|
|-terastallize|p1a: Garganacl|Fairy
|move|p2a: Azumarill|Aqua Jet|p1a: Garganacl
|-damage|p1a: Garganacl|77/100
|move|p1a: Garganacl|Salt Cure|p2a: Azumarill
|-damage|p2a: Azumarill|61/100
|-start|p2a: Azumarill|Salt Cure
|
|-heal|p1a: Garganacl|83/100|[from] item: Leftovers
|-damage|p2a: Azumarill|36/100|[from] Salt Cure
|-enditem|p2a: Azumarill|Sitrus Berry|[eat]
|-heal|p2a: Azumarill|61/100|[from] item: Sitrus Berry
|turn|25
|
|switch|p2a: Gengar|Gengar, M|100/100
|-damage|p2a: Gengar|76/100|[from] Spikes
|move|p1a: Garganacl|Protect||[still]
|-fail|p1a: Garganacl
|
|-heal|p1a: Garganacl|90/100|[from] item: Leftovers
|turn|26
|
|switch|p1a: Rotom|Rotom-Wash|25/100
|-damage|p1a: Rotom|13/100|[from] Stealth Rock
|move|p2a: Gengar|Toxic Spikes|p1a: Rotom
|-sidestart|p1: p1|move: Toxic Spikes
|
|turn|27
|
|move|p2a: Gengar|Shadow Ball|p1a: Rotom
|-damage|p1a: Rotom|0 fnt
|faint|p1a: Rotom
|
|
|switch|p1a: Volcarona|Volcarona, F|100/100
|turn|28
|
|move|p2a: Gengar|Shadow Ball|p1a: Volcarona
|-crit|p1a: Volcarona
|-damage|p1a: Volcarona|42/100
|move|p1a: Volcarona|Quiver Dance|p1a: Volcarona
|-boost|p1a: Volcarona|spa|1
|-boost|p1a: Volcarona|spd|1
|-boost|p1a: Volcarona|spe|1
|
|turn|29
|
|move|p1a: Volcarona|Morning Sun|p1a: Volcarona
|-heal|p1a: Volcarona|92/100
|move|p2a: Gengar|Encore|p1a: Volcarona
|-start|p1a: Volcarona|Encore
|
|turn|30
|
|switch|p2a: Hydreigon|Hydreigon, F|100/100
|move|p1a: Volcarona|Morning Sun|p1a: Volcarona
|-heal|p1a: Volcarona|100/100
|
|turn|31
|
|move|p1a: Volcarona|Morning Sun|p1a: Volcarona
|-fail|p1a: Volcarona|heal
|move|p2a: Hydreigon|Substitute|p2a: Hydreigon
|-start|p2a: Hydreigon|Substitute
|-damage|p2a: Hydreigon|76/100
|
|turn|32
|
|switch|p1a: Garganacl|Garganacl, F, tera:Fairy|90/100
|-damage|p1a: Garganacl|77/100|[from] Stealth Rock
|move|p2a: Hydreigon|Nasty Plot|p2a: Hydreigon
|-boost|p2a: Hydreigon|spa|2
|
|-heal|p1a: Garganacl|83/100|[from] item: Leftovers
|turn|33
|
|move|p2a: Hydreigon|Nasty Plot|p2a: Hydreigon
|-boost|p2a: Hydreigon|spa|2
|move|p1a: Garganacl|Stealth Rock|p2a: Hydreigon
|-sidestart|p2: p2|move: Stealth Rock
|
|-heal|p1a: Garganacl|90/100|[from] item: Leftovers
|turn|34
|
|move|p2a: Hydreigon|Dark Pulse|p1a: Garganacl
|-resisted|p1a: Garganacl
|-damage|p1a: Garganacl|48/100
|move|p1a: Garganacl|Salt Cure|p2a: Hydreigon
|-activate|p2a: Hydreigon|move: Substitute|[damage]
|
|-heal|p1a: Garganacl|54/100|[from] item: Leftovers
|turn|35
|
|move|p2a: Hydreigon|Flash Cannon|p1a: Garganacl
|-supereffective|p1a: Garganacl
|-damage|p1a: Garganacl|0 fnt
|faint|p1a: Garganacl
|
|
|switch|p1a: Volcarona|Volcarona, F|100/100
|turn|36
|
|move|p2a: Hydreigon|Dark Pulse|p1a: Volcarona
|-crit|p1a: Volcarona
|-damage|p1a: Volcarona|0 fnt
|faint|p1a: Volcarona
|
|win|p2
