|poke|p1|Magearna|
|poke|p1|Urshifu-*, F|
|poke|p1|Chien-Pao|
|poke|p1|Sneasler, F|
|poke|p1|Landorus-Therian, M|
|poke|p1|Zamazenta-*|
|poke|p2|Sneasler, M|
|poke|p2|Toxapex, F|
|poke|p2|Electrode-Hisui|
|poke|p2|Corviknight, F|
|poke|p2|Arcanine-Hisui, M|
|poke|p2|Magearna|
|teampreview
|
|start
|switch|p1a: Zacian robot :)|Magearna|100/100
|switch|p2a: Steel Ball Run|Electrode-Hisui, shiny|100/100
|turn|1
|
|switch|p1a: Zé do caixão|Sneasler, F|100/100
|-ability|p1a: Zé do caixão|Pressure
|move|p2a: Steel Ball Run|Electro Ball|p1a: Zé do caixão
|-damage|p1a: Zé do caixão|52/100
|
|turn|2
|
|switch|p2a: Horus|Corviknight, F|100/100
|-ability|p2a: Horus|Pressure
|move|p1a: Zé do caixão|Fire Punch|p2a: Horus
|-supereffective|p2a: Horus
|-damage|p2a: Horus|71/100
|-damage|p1a: Zé do caixão|36/100|[from] item: Rocky Helmet|[of] p2a: Horus
|
|turn|3
|
|switch|p1a: Lol|Chien-Pao|100/100
|-ability|p1a: Lol|Sword of Ruin
|move|p2a: Horus|U-turn|p1a: Lol
|-supereffective|p1a: Lol
|-damage|p1a: Lol|64/100
|
|switch|p2a: Gold Experience|Arcanine-Hisui, M, shiny|100/100|[from] U-turn
|
|turn|4
|
|move|p2a: Gold Experience|Flare Blitz|p1a: Lol
|-supereffective|p1a: Lol
|-damage|p1a: Lol|0 fnt
|faint|p1a: Lol
|
|
|switch|p1a: Tudo que vai volta|Landorus-Therian, M, shiny|100/100
|-ability|p1a: Tudo que vai volta|Intimidate|boost
|-unboost|p2a: Gold Experience|atk|1
|turn|5
|
|switch|p2a: Horus|Corviknight, F|71/100
|-ability|p2a: Horus|Pressure
|move|p1a: Tudo que vai volta|Earthquake|p2a: Horus
|-immune|p2a: Horus
|
|turn|6
|
|move|p1a: Tudo que vai volta|U-turn|p2a: Horus
|-resisted|p2a: Horus
|-damage|p2a: Horus|68/100
|-damage|p1a: Tudo que vai volta|84/100|[from] item: Rocky Helmet|[of] p2a: Horus
|
|switch|p1a: Zacian robot :)|Magearna|100/100|[from] U-turn
|move|p2a: Horus|Roost|p2a: Horus
|-heal|p2a: Horus|100/100
|-singleturn|p2a: Horus|move: Roost
|
|turn|7
|
|switch|p2a: Gold Experience|Arcanine-Hisui, M, shiny|100/100
|move|p1a: Zacian robot :)|Shift Gear|p1a: Zacian robot :)
|-boost|p1a: Zacian robot :)|spe|2
|-boost|p1a: Zacian robot :)|atk|1
|
|turn|8
|
|-terastallize|p1a: Zacian robot :)|Fairy
|move|p2a: Gold Experience|Flare Blitz|p1a: Zacian robot :)
|-damage|p1a: Zacian robot :)|47/100
|move|p1a: Zacian robot :)|Draining Kiss|p2a: Gold Experience
|-resisted|p2a: Gold Experience
|-damage|p2a: Gold Experience|71/100
|-heal|p1a: Zacian robot :)|71/100|[from] drain|[of] p2a: Gold Experience
|
|-heal|p1a: Zacian robot :)|77/100|[from] item: Leftovers
|turn|9
|
|switch|p2a: Horus|Corviknight, F|100/100
|-ability|p2a: Horus|Pressure
|move|p1a: Zacian robot :)|Draining Kiss|p2a: Horus
|-resisted|p2a: Horus
|-damage|p2a: Horus|76/100
|-heal|p1a: Zacian robot :)|100/100|[from] drain|[of] p2a: Horus
|-damage|p1a: Zacian robot :)|84/100|[from] item: Rocky Helmet|[of] p2a: Horus
|
|-heal|p1a: Zacian robot :)|90/100|[from] item: Leftovers
|turn|10
|
|move|p1a: Zacian robot :)|Calm Mind|p1a: Zacian robot :)
|-boost|p1a: Zacian robot :)|spa|1
|-boost|p1a: Zacian robot :)|spd|1
|move|p2a: Horus|U-turn|p1a: Zacian robot :)
|-resisted|p1a: Zacian robot :)
|-damage|p1a: Zacian robot :)|82/100
|
|switch|p2a: Gold Experience|Arcanine-Hisui, M, shiny|71/100|[from] U-turn
|
|-heal|p1a: Zacian robot :)|88/100|[from] item: Leftovers
|turn|11
|
|-terastallize|p2a: Gold Experience|Rock
|move|p2a: Gold Experience|Head Smash|p1a: Zacian robot :)
|-damage|p1a: Zacian robot :)|0 fnt
|faint|p1a: Zacian robot :)
|
|
|switch|p1a: Tudo que vai volta|Landorus-Therian, M, shiny|84/100
|-ability|p1a: Tudo que vai volta|Intimidate|boost
|-unboost|p2a: Gold Experience|atk|1
|turn|12
|
|switch|p2a: Horus|Corviknight, F|76/100
|-ability|p2a: Horus|Pressure
|move|p1a: Tudo que vai volta|Earthquake|p2a: Horus
|-immune|p2a: Horus
|
|turn|13
|
|move|p1a: Tudo que vai volta|U-turn|p2a: Horus
|-resisted|p2a: Horus
|-damage|p2a: Horus|73/100
|-damage|p1a: Tudo que vai volta|68/100|[from] item: Rocky Helmet|[of] p2a: Horus
|
|switch|p1a: Zé do caixão|Sneasler, F|36/100|[from] U-turn
|-ability|p1a: Zé do caixão|Pressure
|move|p2a: Horus|U-turn|p1a: Zé do caixão
|-resisted|p1a: Zé do caixão
|-damage|p1a: Zé do caixão|29/100
|
|switch|p2a: Gold Experience|Arcanine-Hisui, M, shiny, tera:Rock|71/100|[from] U-turn
|
|turn|14
|
|move|p2a: Gold Experience|Head Smash|p1a: Zé do caixão
|-resisted|p1a: Zé do caixão
|-damage|p1a: Zé do caixão|0 fnt
|faint|p1a: Zé do caixão
|
|-message|p1 forfeited.
|
|win|p2
