|poke|p1|Walking Wake|
|poke|p1|Kingambit, M|
|poke|p1|Dragonite, F|
|poke|p1|Roaring Moon|
|poke|p1|Dragapult, F|
|poke|p1|Garchomp, F|
|poke|p2|Zapdos|
|poke|p2|Roaring Moon|
|poke|p2|Wo-Chien|
|poke|p2|Moltres|
|poke|p2|Volcanion|
|poke|p2|Chesnaught, M|
|teampreview
|j| bot48k
|
|start
|switch|p1a: Land Shark|Garchomp, F|100/100
|switch|p2a: Moltres|Moltres|100/100
|turn|1
|
|switch|p1a: Crasher Wake|Walking Wake|100/100
|-enditem|p1a: Crasher Wake|Booster Energy
|-activate|p1a: Crasher Wake|ability: Protosynthesis|[fromitem]
|-start|p1a: Crasher Wake|protosynthesisspa
|move|p2a: Moltres|Will-O-Wisp|p1a: Crasher Wake
|-status|p1a: Crasher Wake|brn
|
|-damage|p1a: Crasher Wake|94/100 brn|[from] brn
|turn|2
|
|switch|p2a: Wo-Chien|Wo-Chien|100/100
|-ability|p2a: Wo-Chien|Tablets of Ruin
|move|p1a: Crasher Wake|Agility|p1a: Crasher Wake
|-boost|p1a: Crasher Wake|spe|2
|
|-damage|p1a: Crasher Wake|88/100 brn|[from] brn
|turn|3
|
|move|p1a: Crasher Wake|Flamethrower|p2a: Wo-Chien
|-supereffective|p2a: Wo-Chien
|-damage|p2a: Wo-Chien|54/100
|move|p2a: Wo-Chien|Leech Seed|p1a: Crasher Wake
|-start|p1a: Crasher Wake|move: Leech Seed
|
|-heal|p2a: Wo-Chien|60/100|[from] item: Leftovers
|-damage|p1a: Crasher Wake|76/100 brn|[from] Leech Seed|[of] p2a: Wo-Chien
|-heal|p2a: Wo-Chien|73/100|[silent]
|-damage|p1a: Crasher Wake|70/100 brn|[from] brn
|turn|4
|
|-end|p1a: Crasher Wake|Protosynthesis|[silent]
|switch|p1a: $doge to the MOON|Roaring Moon, shiny|100/100
|-enditem|p1a: $doge to the MOON|Booster Energy
|-activate|p1a: $doge to the MOON|ability: Protosynthesis|[fromitem]
|-start|p1a: $doge to the MOON|protosynthesisspe
|move|p2a: Wo-Chien|Giga Drain|p1a: $doge to the MOON
|-resisted|p1a: $doge to the MOON
|-crit|p1a: $doge to the MOON
|-damage|p1a: $doge to the MOON|84/100
|-heal|p2a: Wo-Chien|81/100|[from] drain|[of] p1a: $doge to the MOON
|
|-heal|p2a: Wo-Chien|87/100|[from] item: Leftovers
|turn|5
|
|switch|p2a: Moltres|Moltres|100/100
|move|p1a: $doge to the MOON|Acrobatics|p2a: Moltres
|-damage|p2a: Moltres|73/100
|-status|p1a: $doge to the MOON|brn|[from] ability: Flame Body|[of] p2a: Moltres
|
|-damage|p1a: $doge to the MOON|78/100 brn|[from] brn
|turn|6
|
|move|p1a: $doge to the MOON|Dragon Dance|p1a: $doge to the MOON
|-boost|p1a: $doge to the MOON|atk|1
|-boost|p1a: $doge to the MOON|spe|1
|move|p2a: Moltres|Roost|p2a: Moltres
|-heal|p2a: Moltres|100/100
|-singleturn|p2a: Moltres|move: Roost
|
|-damage|p1a: $doge to the MOON|72/100 brn|[from] brn
|turn|7
|
|move|p1a: $doge to the MOON|Dragon Dance|p1a: $doge to the MOON
|-boost|p1a: $doge to the MOON|atk|1
|-boost|p1a: $doge to the MOON|spe|1
|move|p2a: Moltres|U-turn|p1a: $doge to the MOON
|-supereffective|p1a: $doge to the MOON
|-damage|p1a: $doge to the MOON|33/100 brn
|
|switch|p2a: Zapdos|Zapdos|100/100|[from] U-turn
|
|-damage|p1a: $doge to the MOON|27/100 brn|[from] brn
|turn|8
|
|move|p1a: $doge to the MOON|Jaw Lock|p2a: Zapdos
|-damage|p2a: Zapdos|49/100
|-activate|p1a: $doge to the MOON|trapped
|-activate|p2a: Zapdos|trapped
|move|p2a: Zapdos|Thunderbolt|p1a: $doge to the MOON
|-resisted|p1a: $doge to the MOON
|-damage|p1a: $doge to the MOON|5/100 brn
|
|-damage|p1a: $doge to the MOON|0 fnt|[from] brn
|faint|p1a: $doge to the MOON
|-end|p1a: $doge to the MOON|Protosynthesis|[silent]
|
|switch|p1a: Land Shark|Garchomp, F|100/100
|turn|9
|
|switch|p2a: Chesnaught|Chesnaught, M|100/100
|move|p1a: Land Shark|Draco Meteor|p2a: Chesnaught
|-crit|p2a: Chesnaught
|-damage|p2a: Chesnaught|13/100
|-unboost|p1a: Land Shark|spa|2
|-damage|p1a: Land Shark|91/100|[from] item: Life Orb
|
|-heal|p2a: Chesnaught|19/100|[from] item: Leftovers
|turn|10
|
|switch|p2a: Wo-Chien|Wo-Chien|87/100
|-ability|p2a: Wo-Chien|Tablets of Ruin
|move|p1a: Land Shark|Fire Blast|p2a: Wo-Chien
|-supereffective|p2a: Wo-Chien
|-damage|p2a: Wo-Chien|65/100
|-damage|p1a: Land Shark|81/100|[from] item: Life Orb
|
|-heal|p2a: Wo-Chien|71/100|[from] item: Leftovers
|turn|11
|
|switch|p1a: King Gambit|Kingambit, M|100/100
|-activate|p1a: King Gambit|ability: Supreme Overlord
|-start|p1a: King Gambit|fallen1|[silent]
|move|p2a: Wo-Chien|Leech Seed|p1a: King Gambit
|-start|p1a: King Gambit|move: Leech Seed
|
|-heal|p2a: Wo-Chien|77/100|[from] item: Leftovers
|-damage|p1a: King Gambit|88/100|[from] Leech Seed|[of] p2a: Wo-Chien
|-heal|p2a: Wo-Chien|90/100|[silent]
|turn|12
|
|-end|p1a: King Gambit|fallen1|[silent]
|switch|p1a: Land Shark|Garchomp, F|81/100
|switch|p2a: Zapdos|Zapdos|49/100
|
|turn|13
|
|move|p2a: Zapdos|Roost|p2a: Zapdos
|-heal|p2a: Zapdos|99/100
|-singleturn|p2a: Zapdos|move: Roost
|move|p1a: Land Shark|Fire Blast|p2a: Zapdos|[miss]
|-miss|p1a: Land Shark|p2a: Zapdos
|
|turn|14
|
|move|p2a: Zapdos|Heat Wave|p1a: Land Shark
|-resisted|p1a: Land Shark
|-damage|p1a: Land Shark|62/100
|move|p1a: Land Shark|Stealth Rock|p2a: Zapdos
|-sidestart|p2: glavenusOSTplayin|move: Stealth Rock
|
|turn|15
|
|move|p2a: Zapdos|Heat Wave|p1a: Land Shark
|-resisted|p1a: Land Shark
|-damage|p1a: Land Shark|42/100
|move|p1a: Land Shark|Draco Meteor|p2a: Zapdos
|-damage|p2a: Zapdos|21/100
|-unboost|p1a: Land Shark|spa|2
|-damage|p1a: Land Shark|32/100|[from] item: Life Orb
|
|turn|16
|
|move|p2a: Zapdos|Roost|p2a: Zapdos
|-heal|p2a: Zapdos|72/100
|-singleturn|p2a: Zapdos|move: Roost
|move|p1a: Land Shark|Earthquake|p2a: Zapdos
|-supereffective|p2a: Zapdos
|-damage|p2a: Zapdos|0 fnt
|faint|p2a: Zapdos
|-damage|p1a: Land Shark|22/100|[from] item: Life Orb
|
|
|switch|p2a: Roaring Moon|Roaring Moon|100/100
|turn|17
|
|move|p2a: Roaring Moon|Earthquake|p1a: Land Shark
|-damage|p1a: Land Shark|0 fnt
|faint|p1a: Land Shark
|
|
|switch|p1a: GhostFace Killah|Dragapult, F, shiny|100/100
|turn|18
|
|-terastallize|p2a: Roaring Moon|Ground
|move|p1a: GhostFace Killah|Dragon Darts|p2a: Roaring Moon
|-damage|p2a: Roaring Moon|64/100
|-anim|p1a: GhostFace Killah|Dragon Darts|p2a: Roaring Moon
|-damage|p2a: Roaring Moon|26/100
|-damage|p1a: GhostFace Killah|91/100|[from] item: Life Orb
|move|p2a: Roaring Moon|Crunch|p1a: GhostFace Killah
|-supereffective|p1a: GhostFace Killah
|-damage|p1a: GhostFace Killah|0 fnt
|faint|p1a: GhostFace Killah
|
|
|switch|p1a: I’m Fast as Fuck|Dragonite, F|100/100
|turn|19
|
|move|p2a: Roaring Moon|U-turn|p1a: I’m Fast as Fuck
|-resisted|p1a: I’m Fast as Fuck
|-damage|p1a: I’m Fast as Fuck|94/100
|
|-end|p2a: Roaring Moon|Protosynthesis|[silent]
|switch|p2a: Moltres|Moltres|100/100|[from] U-turn
|move|p1a: I’m Fast as Fuck|Dragon Dance|p1a: I’m Fast as Fuck
|-boost|p1a: I’m Fast as Fuck|atk|1
|-boost|p1a: I’m Fast as Fuck|spe|1
|
|turn|20
|
|move|p1a: I’m Fast as Fuck|Dragon Dance|p1a: I’m Fast as Fuck
|-boost|p1a: I’m Fast as Fuck|atk|1
|-boost|p1a: I’m Fast as Fuck|spe|1
|move|p2a: Moltres|Will-O-Wisp|p1a: I’m Fast as Fuck
|-status|p1a: I’m Fast as Fuck|brn
|
|-damage|p1a: I’m Fast as Fuck|88/100 brn|[from] brn
|turn|21
|
|move|p1a: I’m Fast as Fuck|Dragon Dance|p1a: I’m Fast as Fuck
|-boost|p1a: I’m Fast as Fuck|atk|1
|-boost|p1a: I’m Fast as Fuck|spe|1
|move|p2a: Moltres|U-turn|p1a: I’m Fast as Fuck
|-resisted|p1a: I’m Fast as Fuck
|-damage|p1a: I’m Fast as Fuck|80/100 brn
|
|switch|p2a: Wo-Chien|Wo-Chien|90/100|[from] U-turn
|-damage|p2a: Wo-Chien|77/100|[from] Stealth Rock
|-ability|p2a: Wo-Chien|Tablets of Ruin
|
|-heal|p2a: Wo-Chien|84/100|[from] item: Leftovers
|-damage|p1a: I’m Fast as Fuck|74/100 brn|[from] brn
|turn|22
|l| bot48k
|
|move|p1a: I’m Fast as Fuck|Fire Punch|p2a: Wo-Chien
|-supereffective|p2a: Wo-Chien
|-damage|p2a: Wo-Chien|32/100
|move|p2a: Wo-Chien|Leech Seed|p1a: I’m Fast as Fuck
|-start|p1a: I’m Fast as Fuck|move: Leech Seed
|
|-heal|p2a: Wo-Chien|38/100|[from] item: Leftovers
|-damage|p1a: I’m Fast as Fuck|61/100 brn|[from] Leech Seed|[of] p2a: Wo-Chien
|-heal|p2a: Wo-Chien|49/100|[silent]
|-damage|p1a: I’m Fast as Fuck|55/100 brn|[from] brn
|turn|23
|
|switch|p2a: Chesnaught|Chesnaught, M|19/100
|-damage|p2a: Chesnaught|13/100|[from] Stealth Rock
|move|p1a: I’m Fast as Fuck|Dragon Dance|p1a: I’m Fast as Fuck
|-boost|p1a: I’m Fast as Fuck|atk|1
|-boost|p1a: I’m Fast as Fuck|spe|1
|
|-heal|p2a: Chesnaught|19/100|[from] item: Leftovers
|-damage|p1a: I’m Fast as Fuck|43/100 brn|[from] Leech Seed|[of] p2a: Chesnaught
|-heal|p2a: Chesnaught|30/100|[silent]
|-damage|p1a: I’m Fast as Fuck|37/100 brn|[from] brn
|turn|24
|
|move|p2a: Chesnaught|Spiky Shield|p2a: Chesnaught
|-singleturn|p2a: Chesnaught|move: Protect
|move|p1a: I’m Fast as Fuck|Extreme Speed|p2a: Chesnaught
|-activate|p2a: Chesnaught|move: Protect
|-damage|p1a: I’m Fast as Fuck|24/100 brn|[from] Spiky Shield|[of] p2a: Chesnaught
|
|-heal|p2a: Chesnaught|36/100|[from] item: Leftovers
|-damage|p1a: I’m Fast as Fuck|12/100 brn|[from] Leech Seed|[of] p2a: Chesnaught
|-heal|p2a: Chesnaught|46/100|[silent]
|-damage|p1a: I’m Fast as Fuck|6/100 brn|[from] brn
|turn|25
|
|switch|p2a: Moltres|Moltres|100/100
|move|p1a: I’m Fast as Fuck|Extreme Speed|p2a: Moltres
|-damage|p2a: Moltres|70/100
|
|-damage|p1a: I’m Fast as Fuck|0 fnt|[from] Leech Seed|[of] p2a: Moltres
|-heal|p2a: Moltres|74/100|[silent]
|faint|p1a: I’m Fast as Fuck
|
|switch|p1a: Crasher Wake|Walking Wake|70/100 brn
|turn|26
|
|switch|p2a: Volcanion|Volcanion|100/100
|-damage|p2a: Volcanion|76/100|[from] Stealth Rock
|move|p1a: Crasher Wake|Dragon Pulse|p2a: Volcanion
|-damage|p2a: Volcanion|15/100
|
|-damage|p1a: Crasher Wake|64/100 brn|[from] brn
|turn|27
|
|move|p2a: Volcanion|Earth Power|p1a: Crasher Wake
|-damage|p1a: Crasher Wake|29/100 brn
|move|p1a: Crasher Wake|Dragon Pulse|p2a: Volcanion
|-damage|p2a: Volcanion|0 fnt
|faint|p2a: Volcanion
|
|-damage|p1a: Crasher Wake|23/100 brn|[from] brn
|
|switch|p2a: Roaring Moon|Roaring Moon, tera:Ground|26/100
|turn|28
|
|move|p2a: Roaring Moon|Earthquake|p1a: Crasher Wake
|-damage|p1a: Crasher Wake|0 fnt
|faint|p1a: Crasher Wake
|-end|p1a: Crasher Wake|Protosynthesis|[silent]
|
|
|switch|p1a: King Gambit|Kingambit, M|88/100
|-activate|p1a: King Gambit|ability: Supreme Overlord
|-start|p1a: King Gambit|fallen5|[silent]
|turn|29
|
|-terastallize|p1a: King Gambit|Flying
|move|p2a: Roaring Moon|U-turn|p1a: King Gambit
|-resisted|p1a: King Gambit
|-damage|p1a: King Gambit|77/100
|
|-end|p2a: Roaring Moon|Protosynthesis|[silent]
|switch|p2a: Chesnaught|Chesnaught, M|46/100|[from] U-turn
|-damage|p2a: Chesnaught|40/100|[from] Stealth Rock
|move|p1a: King Gambit|Swords Dance|p1a: King Gambit
|-boost|p1a: King Gambit|atk|2
|
|-heal|p1a: King Gambit|84/100|[from] item: Leftovers
|-heal|p2a: Chesnaught|46/100|[from] item: Leftovers
|turn|30
|
|move|p1a: King Gambit|Iron Head|p2a: Chesnaught
|-damage|p2a: Chesnaught|0 fnt
|faint|p2a: Chesnaught
|
|-heal|p1a: King Gambit|90/100|[from] item: Leftovers
|
|switch|p2a: Moltres|Moltres|74/100
|turn|31
|
|move|p2a: Moltres|Will-O-Wisp|p1a: King Gambit
|-status|p1a: King Gambit|brn
|move|p1a: King Gambit|Swords Dance|p1a: King Gambit
|-boost|p1a: King Gambit|atk|2
|
|-heal|p1a: King Gambit|96/100 brn|[from] item: Leftovers
|-damage|p1a: King Gambit|90/100 brn|[from] brn
|turn|32
|
|move|p2a: Moltres|Flamethrower|p1a: King Gambit
|-damage|p1a: King Gambit|51/100 brn
|move|p1a: King Gambit|Kowtow Cleave|p2a: Moltres
|-damage|p2a: Moltres|0 fnt
|faint|p2a: Moltres
|
|-heal|p1a: King Gambit|57/100 brn|[from] item: Leftovers
|-damage|p1a: King Gambit|51/100 brn|[from] brn
|
|switch|p2a: Roaring Moon|Roaring Moon, tera:Ground|26/100
|turn|33
|
|move|p1a: King Gambit|Sucker Punch||[still]
|-fail|p1a: King Gambit
|move|p2a: Roaring Moon|Dragon Dance|p2a: Roaring Moon
|-boost|p2a: Roaring Moon|atk|1
|-boost|p2a: Roaring Moon|spe|1
|
|-heal|p1a: King Gambit|57/100 brn|[from] item: Leftovers
|-damage|p1a: King Gambit|51/100 brn|[from] brn
|turn|34
|
|move|p2a: Roaring Moon|Dragon Dance|p2a: Roaring Moon
|-boost|p2a: Roaring Moon|atk|1
|-boost|p2a: Roaring Moon|spe|1
|move|p1a: King Gambit|Iron Head|p2a: Roaring Moon
|-damage|p2a: Roaring Moon|0 fnt
|faint|p2a: Roaring Moon
|-end|p2a: Roaring Moon|Protosynthesis|[silent]
|
|-heal|p1a: King Gambit|57/100 brn|[from] item: Leftovers
|-damage|p1a: King Gambit|51/100 brn|[from] brn
|-message|glavenusOSTplayin forfeited.
|
|win|DragMagReborn
|l|☆glavenusOSTplayin
