|poke|p1|Pelipper, F|
|poke|p1|Basculegion, M|
|poke|p1|Regidrago|
|poke|p1|Thundurus-Therian, M|
|poke|p1|Magearna|
|poke|p1|Great Tusk|
|poke|p2|Arcanine-Hisui, M|
|poke|p2|Clodsire, F|
|poke|p2|Slowbro-Galar, F|
|poke|p2|Hydreigon, M|
|poke|p2|Zarude-Dada|
|poke|p2|Corviknight, M|
|teampreview
|
|start
|switch|p1a: Pelipper|Pelipper, F|100/100
|switch|p2a: The numbers mason|Slowbro-Galar, F|100/100
|-weather|RainDance|[from] ability: Drizzle|[of] p1a: Pelipper
|turn|1
|-activate|p2a: The numbers mason|item: Quick Claw
|
|move|p2a: The numbers mason|Nasty Plot|p2a: The numbers mason
|-boost|p2a: The numbers mason|spa|2
|move|p1a: Pelipper|U-turn|p2a: The numbers mason
|-damage|p2a: The numbers mason|93/100
|
|switch|p1a: Basculegion|Basculegion, M|100/100|[from] U-turn
|
|-weather|RainDance|[upkeep]
|turn|2
|-activate|p2a: The numbers mason|ability: Quick Draw
|
|move|p2a: The numbers mason|Shell Side Arm|p1a: Basculegion|[anim] Shell Side Arm Special
|-resisted|p1a: Basculegion
|-damage|p1a: Basculegion|49/100
|-hint|Special Shell Side Arm
|move|p1a: Basculegion|Liquidation|p2a: The numbers mason
|-damage|p2a: The numbers mason|10/100
|
|-weather|RainDance|[upkeep]
|turn|3
|-activate|p2a: The numbers mason|item: Quick Claw
|
|switch|p1a: Magearna|Magearna|100/100
|move|p2a: The numbers mason|Shell Side Arm|p1a: Magearna|[anim] Shell Side Arm Special
|-immune|p1a: Magearna
|
|-weather|RainDance|[upkeep]
|turn|4
|
|switch|p2a: Him|Clodsire, F|100/100
|move|p1a: Magearna|Ice Beam|p2a: Him
|-supereffective|p2a: Him
|-damage|p2a: Him|72/100
|
|-weather|RainDance|[upkeep]
|turn|5
|
|switch|p1a: Great Tusk|Great Tusk|100/100
|-enditem|p1a: Great Tusk|Booster Energy
|-activate|p1a: Great Tusk|ability: Protosynthesis|[fromitem]
|-start|p1a: Great Tusk|protosynthesisspe
|move|p2a: Him|Earthquake|p1a: Great Tusk
|-damage|p1a: Great Tusk|83/100
|
|-weather|RainDance|[upkeep]
|turn|6
|
|switch|p2a: Corviknight|Corviknight, M|100/100
|-ability|p2a: Corviknight|Pressure
|move|p1a: Great Tusk|Stealth Rock|p2a: Corviknight
|-sidestart|p2: p2|move: Stealth Rock
|
|-weather|RainDance|[upkeep]
|turn|7
|
|-end|p1a: Great Tusk|Protosynthesis|[silent]
|switch|p1a: Thundurus|Thundurus-Therian, M|100/100
|move|p2a: Corviknight|Defog|p1a: Thundurus
|-unboost|p1a: Thundurus|evasion|1
|-sideend|p2: p2|Stealth Rock|[from] move: Defog|[of] p2a: Corviknight
|
|-weather|RainDance|[upkeep]
|turn|8
|
|switch|p2a: Him|Clodsire, F|72/100
|move|p1a: Thundurus|Nasty Plot|p1a: Thundurus
|-boost|p1a: Thundurus|spa|2
|
|-weather|none
|turn|9
|
|-terastallize|p1a: Thundurus|Ice
|move|p1a: Thundurus|Tera Blast|p2a: Him
|-supereffective|p2a: Him
|-damage|p2a: Him|0 fnt
|faint|p2a: Him
|
|
|switch|p2a: jablinksy games|Arcanine-Hisui, M, shiny|100/100
|turn|10
|
|switch|p1a: Magearna|Magearna|100/100
|move|p2a: jablinksy games|Head Smash|p1a: Magearna
|-resisted|p1a: Magearna
|-damage|p1a: Magearna|69/100
|
|turn|11
|
|switch|p2a: The numbers mason|Slowbro-Galar, F|10/100
|move|p1a: Magearna|Volt Switch|p2a: The numbers mason
|-damage|p2a: The numbers mason|0 fnt
|faint|p2a: The numbers mason
|-ability|p1a: Magearna|Soul-Heart|boost
|-boost|p1a: Magearna|spa|1
|
|switch|p1a: Pelipper|Pelipper, F|100/100|[from] Volt Switch
|-weather|RainDance|[from] ability: Drizzle|[of] p1a: Pelipper
|
|-weather|RainDance|[upkeep]
|
|switch|p2a: jablinksy games|Arcanine-Hisui, M, shiny|100/100
|turn|12
|
|switch|p1a: Great Tusk|Great Tusk|83/100
|move|p2a: jablinksy games|Head Smash|p1a: Great Tusk
|-resisted|p1a: Great Tusk
|-damage|p1a: Great Tusk|65/100
|
|-weather|RainDance|[upkeep]
|turn|13
|
|switch|p2a: Corviknight|Corviknight, M|100/100
|-ability|p2a: Corviknight|Pressure
|move|p1a: Great Tusk|Stealth Rock|p2a: Corviknight
|-sidestart|p2: p2|move: Stealth Rock
|
|-weather|RainDance|[upkeep]
|turn|14
|
|-end|p1a: Great Tusk|Protosynthesis|[silent]
|switch|p1a: Basculegion|Basculegion, M|49/100
|move|p2a: Corviknight|U-turn|p1a: Basculegion
|-resisted|p1a: Basculegion
|-damage|p1a: Basculegion|40/100
|
|switch|p2a: Daddy's lil gamer|Zarude-Dada|100/100|[from] U-turn
|-damage|p2a: Daddy's lil gamer|88/100|[from] Stealth Rock
|
|-weather|RainDance|[upkeep]
|-heal|p2a: Daddy's lil gamer|94/100|[from] item: Leftovers
|turn|15
|
|move|p1a: Basculegion|Wave Crash|p2a: Daddy's lil gamer
|-resisted|p2a: Daddy's lil gamer
|-damage|p2a: Daddy's lil gamer|36/100
|-damage|p1a: Basculegion|19/100|[from] Recoil
|move|p2a: Daddy's lil gamer|Bulk Up|p2a: Daddy's lil gamer
|-boost|p2a: Daddy's lil gamer|atk|1
|-boost|p2a: Daddy's lil gamer|def|1
|
|-weather|RainDance|[upkeep]
|-heal|p2a: Daddy's lil gamer|42/100|[from] item: Leftovers
|turn|16
|
|switch|p1a: Pelipper|Pelipper, F|100/100
|move|p2a: Daddy's lil gamer|Jungle Healing|p2a: Daddy's lil gamer
|-heal|p2a: Daddy's lil gamer|66/100
|
|-weather|RainDance|[upkeep]
|-heal|p2a: Daddy's lil gamer|72/100|[from] item: Leftovers
|turn|17
|
|move|p2a: Daddy's lil gamer|Power Whip|p1a: Pelipper
|-damage|p1a: Pelipper|0 fnt
|faint|p1a: Pelipper
|
|-weather|RainDance|[upkeep]
|-heal|p2a: Daddy's lil gamer|79/100|[from] item: Leftovers
|
|switch|p1a: Magearna|Magearna|69/100
|turn|18
|
|-terastallize|p2a: Daddy's lil gamer|Fairy
|move|p2a: Daddy's lil gamer|Drain Punch|p1a: Magearna
|-damage|p1a: Magearna|43/100
|-heal|p2a: Daddy's lil gamer|90/100|[from] drain|[of] p1a: Magearna
|move|p1a: Magearna|Ice Beam|p2a: Daddy's lil gamer
|-damage|p2a: Daddy's lil gamer|68/100
|
|-weather|none
|-heal|p2a: Daddy's lil gamer|74/100|[from] item: Leftovers
|turn|19
|
|move|p2a: Daddy's lil gamer|Bulk Up|p2a: Daddy's lil gamer
|-boost|p2a: Daddy's lil gamer|atk|1
|-boost|p2a: Daddy's lil gamer|def|1
|move|p1a: Magearna|Volt Switch|p2a: Daddy's lil gamer
|-damage|p2a: Daddy's lil gamer|56/100
|
|switch|p1a: Thundurus|Thundurus-Therian, M, tera:Ice|100/100|[from] Volt Switch
|
|-heal|p2a: Daddy's lil gamer|62/100|[from] item: Leftovers
|turn|20
|
|move|p1a: Thundurus|Thunder|p2a: Daddy's lil gamer
|-damage|p2a: Daddy's lil gamer|5/100
|-status|p2a: Daddy's lil gamer|par
|move|p2a: Daddy's lil gamer|Drain Punch|p1a: Thundurus
|-supereffective|p1a: Thundurus
|-damage|p1a: Thundurus|0 fnt
|-heal|p2a: Daddy's lil gamer|41/100 par|[from] drain|[of] p1a: Thundurus
|faint|p1a: Thundurus
|
|-heal|p2a: Daddy's lil gamer|47/100 par|[from] item: Leftovers
|
|switch|p1a: Magearna|Magearna|43/100
|turn|21
|
|move|p1a: Magearna|Fleur Cannon|p2a: Daddy's lil gamer
|-damage|p2a: Daddy's lil gamer|0 fnt
|-unboost|p1a: Magearna|spa|2
|faint|p2a: Daddy's lil gamer
|-ability|p1a: Magearna|Soul-Heart|boost
|-boost|p1a: Magearna|spa|1
|
|
|switch|p2a: jablinksy games|Arcanine-Hisui, M, shiny|100/100
|-damage|p2a: jablinksy games|76/100|[from] Stealth Rock
|turn|22
|
|switch|p1a: Great Tusk|Great Tusk|65/100
|move|p2a: jablinksy games|Head Smash|p1a: Great Tusk
|-resisted|p1a: Great Tusk
|-damage|p1a: Great Tusk|48/100
|
|turn|23
|
|switch|p2a: Corviknight|Corviknight, M|100/100
|-damage|p2a: Corviknight|88/100|[from] Stealth Rock
|-ability|p2a: Corviknight|Pressure
|-end|p1a: Great Tusk|Protosynthesis|[silent]
|switch|p1a: Magearna|Magearna|43/100
|
|-heal|p2a: Corviknight|94/100|[from] item: Leftovers
|turn|24
|
|move|p1a: Magearna|Volt Switch|p2a: Corviknight
|-supereffective|p2a: Corviknight
|-damage|p2a: Corviknight|56/100
|
|switch|p1a: Basculegion|Basculegion, M|19/100|[from] Volt Switch
|move|p2a: Corviknight|Defog|p1a: Basculegion
|-unboost|p1a: Basculegion|evasion|1
|-sideend|p2: p2|Stealth Rock|[from] move: Defog|[of] p2a: Corviknight
|
|-heal|p2a: Corviknight|62/100|[from] item: Leftovers
|turn|25
|
|move|p1a: Basculegion|Wave Crash|p2a: Corviknight
|-damage|p2a: Corviknight|8/100
|-damage|p1a: Basculegion|0 fnt|[from] Recoil
|faint|p1a: Basculegion
|move|p2a: Corviknight|Roost|p2a: Corviknight
|-heal|p2a: Corviknight|58/100
|-singleturn|p2a: Corviknight|move: Roost
|
|-heal|p2a: Corviknight|65/100|[from] item: Leftovers
|
|switch|p1a: Magearna|Magearna|43/100
|turn|26
|
|move|p1a: Magearna|Volt Switch|p2a: Corviknight
|-supereffective|p2a: Corviknight
|-damage|p2a: Corviknight|24/100
|
|switch|p1a: Regidrago|Regidrago|100/100|[from] Volt Switch
|move|p2a: Corviknight|Roost|p2a: Corviknight
|-heal|p2a: Corviknight|74/100
|-singleturn|p2a: Corviknight|move: Roost
|
|-heal|p2a: Corviknight|80/100|[from] item: Leftovers
|turn|27
|
|move|p1a: Regidrago|Dragon Energy|p2a: Corviknight
|-resisted|p2a: Corviknight
|-damage|p2a: Corviknight|8/100
|move|p2a: Corviknight|U-turn|p1a: Regidrago
|-crit|p1a: Regidrago
|-damage|p1a: Regidrago|76/100
|
|switch|p2a: Hydreigon|Hydreigon, M|100/100|[from] U-turn
|
|turn|28
|
|switch|p1a: Magearna|Magearna|43/100
|move|p2a: Hydreigon|Flamethrower|p1a: Magearna
|-supereffective|p1a: Magearna
|-damage|p1a: Magearna|0 fnt
|faint|p1a: Magearna
|
|
|switch|p1a: Regidrago|Regidrago|76/100
|turn|29
|
|switch|p2a: Corviknight|Corviknight, M|8/100
|-ability|p2a: Corviknight|Pressure
|move|p1a: Regidrago|Dragon Energy|p2a: Corviknight
|-resisted|p2a: Corviknight
|-damage|p2a: Corviknight|0 fnt
|faint|p2a: Corviknight
|
|
|switch|p2a: Hydreigon|Hydreigon, M|100/100
|turn|30
|-message|p1 forfeited.
|
|win|p2
