|poke|p1|Gholdengo|
|poke|p1|Samurott-Hisui, F|
|poke|p1|Kleavor, F|
|poke|p1|Electrode-Hisui|
|poke|p1|Iron Treads|
|poke|p1|Skeledirge, M|
|poke|p2|Zamazenta-*|
|poke|p2|Landorus-Therian, M|
|poke|p2|Gholdengo|
|poke|p2|Hatterene, F|
|poke|p2|Dragapult, M|
|poke|p2|Moltres-Galar|
|teampreview
|
|start
|switch|p1a: Electrode|Electrode-Hisui|100/100
|switch|p2a: Zamazenta|Zamazenta-Crowned|100/100
|-ability|p2a: Zamazenta|Dauntless Shield|boost
|-boost|p2a: Zamazenta|def|1
|turn|1
|
|move|p1a: Electrode|Volt Switch|p2a: Zamazenta
|-damage|p2a: Zamazenta|78/100
|-damage|p1a: Electrode|91/100|[from] item: Life Orb
|
|switch|p1a: Skeledirge|Skeledirge, M|100/100|[from] Volt Switch
|move|p2a: Zamazenta|Body Press|p1a: Skeledirge
|-immune|p1a: Skeledirge
|
|turn|2
|
|switch|p2a: Landorus|Landorus-Therian, M|100/100
|-ability|p2a: Landorus|Intimidate|boost
|-unboost|p1a: Skeledirge|atk|1
|move|p1a: Skeledirge|Will-O-Wisp|p2a: Landorus
|-status|p2a: Landorus|brn
|
|-damage|p2a: Landorus|94/100 brn|[from] brn
|turn|3
|
|move|p2a: Landorus|Earthquake|p1a: Skeledirge
|-supereffective|p1a: Skeledirge
|-damage|p1a: Skeledirge|56/100
|move|p1a: Skeledirge|Torch Song|p2a: Landorus
|-damage|p2a: Landorus|59/100 brn
|-boost|p1a: Skeledirge|spa|1
|
|-heal|p2a: Landorus|65/100 brn|[from] item: Leftovers
|-damage|p2a: Landorus|59/100 brn|[from] brn
|turn|4
|
|switch|p2a: Dragapult|Dragapult, M|100/100
|move|p1a: Skeledirge|Slack Off|p1a: Skeledirge
|-heal|p1a: Skeledirge|100/100
|
|turn|5
|
|-terastallize|p1a: Skeledirge|Fairy
|move|p2a: Dragapult|Shadow Ball|p1a: Skeledirge
|-damage|p1a: Skeledirge|65/100
|move|p1a: Skeledirge|Will-O-Wisp|p2a: Dragapult
|-status|p2a: Dragapult|brn
|
|-damage|p2a: Dragapult|95/100 brn|[from] brn
|turn|6
|
|switch|p2a: Gholdengo|Gholdengo|100/100
|move|p1a: Skeledirge|Hex|p2a: Gholdengo
|-supereffective|p2a: Gholdengo
|-damage|p2a: Gholdengo|26/100
|
|turn|7
|
|switch|p1a: Samurott|Samurott-Hisui, F|100/100
|move|p2a: Gholdengo|Make It Rain|p1a: Samurott
|-resisted|p1a: Samurott
|-damage|p1a: Samurott|76/100
|-unboost|p2a: Gholdengo|spa|1
|
|turn|8
|
|switch|p2a: Zamazenta|Zamazenta-Crowned|78/100
|move|p1a: Samurott|Ceaseless Edge|p2a: Zamazenta
|-resisted|p2a: Zamazenta
|-crit|p2a: Zamazenta
|-damage|p2a: Zamazenta|56/100
|-sidestart|p2: Dark Slub|Spikes
|
|turn|9
|
|move|p2a: Zamazenta|Body Press|p1a: Samurott
|-supereffective|p1a: Samurott
|-damage|p1a: Samurott|0 fnt
|faint|p1a: Samurott
|
|
|switch|p1a: Electrode|Electrode-Hisui|91/100
|turn|10
|
|switch|p2a: Landorus|Landorus-Therian, M|59/100 brn
|-ability|p2a: Landorus|Intimidate|boost
|-unboost|p1a: Electrode|atk|1
|move|p1a: Electrode|Thunderbolt|p2a: Landorus
|-immune|p2a: Landorus
|
|-heal|p2a: Landorus|65/100 brn|[from] item: Leftovers
|-damage|p2a: Landorus|59/100 brn|[from] brn
|turn|11
|
|move|p1a: Electrode|Energy Ball|p2a: Landorus
|-damage|p2a: Landorus|9/100 brn
|-damage|p1a: Electrode|81/100|[from] item: Life Orb
|move|p2a: Landorus|Earthquake|p1a: Electrode
|-damage|p1a: Electrode|34/100
|
|-heal|p2a: Landorus|15/100 brn|[from] item: Leftovers
|-damage|p2a: Landorus|9/100 brn|[from] brn
|turn|12
|
|switch|p2a: Dragapult|Dragapult, M|95/100 brn
|-damage|p2a: Dragapult|82/100 brn|[from] Spikes
|move|p1a: Electrode|Energy Ball|p2a: Dragapult
|-resisted|p2a: Dragapult
|-damage|p2a: Dragapult|55/100 brn
|-damage|p1a: Electrode|24/100|[from] item: Life Orb
|
|-damage|p2a: Dragapult|49/100 brn|[from] brn
|turn|13
|
|switch|p1a: Kleavor|Kleavor, F|100/100
|move|p2a: Dragapult|U-turn|p1a: Kleavor
|-damage|p1a: Kleavor|89/100
|
|switch|p2a: Landorus|Landorus-Therian, M|9/100 brn|[from] U-turn
|-ability|p2a: Landorus|Intimidate|boost
|-unboost|p1a: Kleavor|atk|1
|
|-heal|p2a: Landorus|15/100 brn|[from] item: Leftovers
|-damage|p2a: Landorus|9/100 brn|[from] brn
|turn|14
|
|move|p1a: Kleavor|Stone Axe|p2a: Landorus
|-damage|p2a: Landorus|0 fnt
|-sidestart|p2: Dark Slub|move: Stealth Rock
|faint|p2a: Landorus
|
|
|switch|p2a: Hatterene|Hatterene, F|100/100
|-damage|p2a: Hatterene|88/100|[from] Spikes
|-damage|p2a: Hatterene|76/100|[from] Stealth Rock
|turn|15
|
|switch|p1a: Iron Treads|Iron Treads, shiny|100/100
|-enditem|p1a: Iron Treads|Booster Energy
|-activate|p1a: Iron Treads|ability: Quark Drive|[fromitem]
|-start|p1a: Iron Treads|quarkdrivespe
|move|p2a: Hatterene|Calm Mind|p2a: Hatterene
|-boost|p2a: Hatterene|spa|1
|-boost|p2a: Hatterene|spd|1
|
|-heal|p2a: Hatterene|82/100|[from] item: Leftovers
|turn|16
|
|-terastallize|p2a: Hatterene|Water
|move|p1a: Iron Treads|Iron Head|p2a: Hatterene
|-resisted|p2a: Hatterene
|-damage|p2a: Hatterene|66/100
|move|p2a: Hatterene|Mystical Fire|p1a: Iron Treads
|-supereffective|p1a: Iron Treads
|-damage|p1a: Iron Treads|0 fnt
|faint|p1a: Iron Treads
|-end|p1a: Iron Treads|Quark Drive|[silent]
|
|-heal|p2a: Hatterene|72/100|[from] item: Leftovers
|
|switch|p1a: Electrode|Electrode-Hisui|24/100
|turn|17
|
|move|p1a: Electrode|Energy Ball|p2a: Hatterene
|-supereffective|p2a: Hatterene
|-damage|p2a: Hatterene|5/100
|-damage|p1a: Electrode|14/100|[from] item: Life Orb
|move|p2a: Hatterene|Mystical Fire|p1a: Electrode
|-supereffective|p1a: Electrode
|-damage|p1a: Electrode|0 fnt
|faint|p1a: Electrode
|
|-heal|p2a: Hatterene|11/100|[from] item: Leftovers
|
|switch|p1a: Kleavor|Kleavor, F|89/100
|turn|18
|
|move|p1a: Kleavor|U-turn|p2a: Hatterene
|-damage|p2a: Hatterene|0 fnt
|faint|p2a: Hatterene
|
|switch|p1a: Skeledirge|Skeledirge, M, tera:Fairy|65/100|[from] U-turn
|
|
|switch|p2a: Gholdengo|Gholdengo|26/100
|-damage|p2a: Gholdengo|14/100|[from] Spikes
|-damage|p2a: Gholdengo|8/100|[from] Stealth Rock
|turn|19
|
|switch|p1a: Gholdengo|Gholdengo|100/100
|-item|p1a: Gholdengo|Air Balloon
|move|p2a: Gholdengo|Recover|p2a: Gholdengo
|-heal|p2a: Gholdengo|58/100
|
|turn|20
|
|switch|p2a: Moltres|Moltres-Galar|100/100
|move|p1a: Gholdengo|Hex|p2a: Moltres
|-resisted|p2a: Moltres
|-damage|p2a: Moltres|88/100
|
|turn|21
|
|move|p2a: Moltres|Tailwind|p2a: Moltres
|-sidestart|p2: Dark Slub|move: Tailwind
|move|p1a: Gholdengo|Thunder Wave|p2a: Moltres
|-status|p2a: Moltres|par
|
|turn|22
|
|move|p2a: Moltres|Fiery Wrath|p1a: Gholdengo
|-supereffective|p1a: Gholdengo
|-damage|p1a: Gholdengo|10/100
|-enditem|p1a: Gholdengo|Air Balloon
|cant|p1a: Gholdengo|flinch
|
|turn|23
|
|move|p2a: Moltres|Air Slash|p1a: Gholdengo
|-resisted|p1a: Gholdengo
|-damage|p1a: Gholdengo|0 fnt
|faint|p1a: Gholdengo
|
|
|switch|p1a: Kleavor|Kleavor, F|89/100
|turn|24
|
|switch|p2a: Zamazenta|Zamazenta-Crowned|56/100
|-damage|p2a: Zamazenta|44/100|[from] Spikes
|-damage|p2a: Zamazenta|41/100|[from] Stealth Rock
|move|p1a: Kleavor|Close Combat|p2a: Zamazenta
|-supereffective|p2a: Zamazenta
|-damage|p2a: Zamazenta|0 fnt
|-unboost|p1a: Kleavor|def|1
|-unboost|p1a: Kleavor|spd|1
|faint|p2a: Zamazenta
|
|-sideend|p2: Dark Slub|move: Tailwind
|
|switch|p2a: Gholdengo|Gholdengo|58/100
|-damage|p2a: Gholdengo|46/100|[from] Spikes
|-damage|p2a: Gholdengo|40/100|[from] Stealth Rock
|turn|25
|
|move|p1a: Kleavor|Close Combat|p2a: Gholdengo
|-immune|p2a: Gholdengo
|move|p2a: Gholdengo|Recover|p2a: Gholdengo
|-heal|p2a: Gholdengo|90/100
|
|turn|26
|
|move|p1a: Kleavor|Close Combat|p2a: Gholdengo
|-immune|p2a: Gholdengo
|move|p2a: Gholdengo|Make It Rain|p1a: Kleavor
|-supereffective|p1a: Kleavor
|-damage|p1a: Kleavor|0 fnt
|-unboost|p2a: Gholdengo|spa|1
|faint|p1a: Kleavor
|
|
|switch|p1a: Skeledirge|Skeledirge, M, tera:Fairy|65/100
|turn|27
|
|move|p2a: Gholdengo|Make It Rain|p1a: Skeledirge
|-supereffective|p1a: Skeledirge
|-damage|p1a: Skeledirge|0 fnt
|-unboost|p2a: Gholdengo|spa|1
|faint|p1a: Skeledirge
|
|win|Dark Slub
|l|☆Ryxahr
