|poke|p1|Veluza, M|
|poke|p1|Vaporeon, M|
|poke|p1|Grimmsnarl, M|
|poke|p1|Magearna|
|poke|p1|Magnezone|
|poke|p1|Azelf|
|poke|p2|Zamazenta-*|
|poke|p2|Sneasler, F|
|poke|p2|Urshifu-*, F|
|poke|p2|Great Tusk|
|poke|p2|Zapdos|
|poke|p2|Goodra-Hisui, M|
|teampreview
|
|start
|switch|p1a: Veluza|Veluza, M|100/100
|switch|p2a: Sneasler|Sneasler, F|100/100
|turn|1
|
|move|p2a: Sneasler|Fake Out|p1a: Veluza
|-damage|p1a: Veluza|84/100
|cant|p1a: Veluza|flinch
|
|turn|2
|
|move|p1a: Veluza|Final Gambit|p2a: Sneasler
|-damage|p2a: Sneasler|0 fnt
|faint|p1a: Veluza
|faint|p2a: Sneasler
|
|
|switch|p2a: Urshifu|Urshifu-Rapid-Strike, F|100/100
|switch|p1a: Vaporeon|Vaporeon, M|100/100
|turn|3
|
|move|p2a: Urshifu|U-turn|p1a: Vaporeon
|-damage|p1a: Vaporeon|69/100
|
|switch|p2a: Goodra|Goodra-Hisui, M, shiny|100/100|[from] U-turn
|move|p1a: Vaporeon|Copycat|p1a: Vaporeon
|move|p1a: Vaporeon|U-turn|p2a: Goodra|[from]move: Copycat
|-resisted|p2a: Goodra
|-damage|p2a: Goodra|97/100
|
|switch|p1a: Azelf|Azelf|100/100|[from] U-turn
|
|turn|4
|
|move|p1a: Azelf|Stealth Rock|p2a: Goodra
|-sidestart|p2: yingziyingzi|move: Stealth Rock
|move|p2a: Goodra|Dragon Tail|p1a: Azelf
|-damage|p1a: Azelf|68/100
|drag|p1a: Vaporeon|Vaporeon, M|69/100
|
|turn|5
|
|move|p1a: Vaporeon|Copycat||[still]
|-fail|p1a: Vaporeon
|move|p2a: Goodra|Earthquake|p1a: Vaporeon
|-damage|p1a: Vaporeon|43/100
|
|turn|6
|
|switch|p2a: Zapdos|Zapdos|100/100
|-damage|p2a: Zapdos|75/100|[from] Stealth Rock
|move|p1a: Vaporeon|Copycat|p1a: Vaporeon
|move|p1a: Vaporeon|Earthquake|p2a: Zapdos|[from]move: Copycat
|-immune|p2a: Zapdos
|
|turn|7
|
|move|p1a: Vaporeon|Copycat|p1a: Vaporeon
|move|p1a: Vaporeon|Earthquake|p2a: Zapdos|[from]move: Copycat
|-immune|p2a: Zapdos
|move|p2a: Zapdos|Volt Switch|p1a: Vaporeon
|-supereffective|p1a: Vaporeon
|-damage|p1a: Vaporeon|0 fnt
|faint|p1a: Vaporeon
|
|switch|p2a: Urshifu|Urshifu-Rapid-Strike, F|100/100|[from] Volt Switch
|-damage|p2a: Urshifu|94/100|[from] Stealth Rock
|
|
|switch|p1a: Azelf|Azelf|68/100
|turn|8
|
|move|p2a: Urshifu|Surging Strikes|p1a: Azelf
|-crit|p1a: Azelf
|-damage|p1a: Azelf|35/100
|-crit|p1a: Azelf
|-damage|p1a: Azelf|0 fnt
|faint|p1a: Azelf
|-hitcount|p1: Azelf|2
|
|
|switch|p1a: Magnezone|Magnezone|100/100
|turn|9
|
|switch|p2a: Great Tusk|Great Tusk|100/100
|-damage|p2a: Great Tusk|98/100|[from] Stealth Rock
|move|p1a: Magnezone|Steel Beam|p2a: Great Tusk
|-damage|p2a: Great Tusk|0 fnt
|-damage|p1a: Magnezone|50/100|[from] steelbeam
|faint|p2a: Great Tusk
|-end|p2a: Great Tusk|Protosynthesis|[silent]
|
|
|switch|p2a: Urshifu|Urshifu-Rapid-Strike, F|94/100
|-damage|p2a: Urshifu|88/100|[from] Stealth Rock
|turn|10
|
|move|p2a: Urshifu|Surging Strikes|p1a: Magnezone
|-crit|p1a: Magnezone
|-damage|p1a: Magnezone|32/100
|-crit|p1a: Magnezone
|-damage|p1a: Magnezone|14/100
|-crit|p1a: Magnezone
|-damage|p1a: Magnezone|0 fnt
|faint|p1a: Magnezone
|-hitcount|p1: Magnezone|3
|
|
|switch|p1a: Grimmsnarl|Grimmsnarl, M|100/100
|turn|11
|
|-terastallize|p2a: Urshifu|Water
|move|p1a: Grimmsnarl|Reflect|p1a: Grimmsnarl
|-sidestart|p1: Yourtman_hiphip|Reflect
|move|p2a: Urshifu|Surging Strikes|p1a: Grimmsnarl
|-crit|p1a: Grimmsnarl
|-damage|p1a: Grimmsnarl|66/100
|-crit|p1a: Grimmsnarl
|-damage|p1a: Grimmsnarl|28/100
|-crit|p1a: Grimmsnarl
|-damage|p1a: Grimmsnarl|0 fnt
|faint|p1a: Grimmsnarl
|-hitcount|p1: Grimmsnarl|3
|
|
|switch|p1a: Magearna|Magearna|100/100
|turn|12
|
|-terastallize|p1a: Magearna|Water
|move|p2a: Urshifu|Surging Strikes|p1a: Magearna
|-resisted|p1a: Magearna
|-crit|p1a: Magearna
|-damage|p1a: Magearna|90/100
|-resisted|p1a: Magearna
|-crit|p1a: Magearna
|-damage|p1a: Magearna|80/100
|-resisted|p1a: Magearna
|-crit|p1a: Magearna
|-damage|p1a: Magearna|69/100
|-hitcount|p1a: Magearna|3
|move|p1a: Magearna|Shift Gear|p1a: Magearna
|-boost|p1a: Magearna|spe|2
|-boost|p1a: Magearna|atk|1
|
|-heal|p1a: Magearna|75/100|[from] item: Leftovers
|turn|13
|
|switch|p2a: Zamazenta|Zamazenta-Crowned|100/100
|-damage|p2a: Zamazenta|98/100|[from] Stealth Rock
|-ability|p2a: Zamazenta|Dauntless Shield|boost
|-boost|p2a: Zamazenta|def|1
|move|p1a: Magearna|Calm Mind|p1a: Magearna
|-boost|p1a: Magearna|spa|1
|-boost|p1a: Magearna|spd|1
|
|-heal|p1a: Magearna|81/100|[from] item: Leftovers
|turn|14
|
|move|p1a: Magearna|Calm Mind|p1a: Magearna
|-boost|p1a: Magearna|spa|1
|-boost|p1a: Magearna|spd|1
|move|p2a: Zamazenta|Iron Defense|p2a: Zamazenta
|-boost|p2a: Zamazenta|def|2
|
|-heal|p1a: Magearna|87/100|[from] item: Leftovers
|turn|15
|
|move|p1a: Magearna|Shift Gear|p1a: Magearna
|-boost|p1a: Magearna|spe|2
|-boost|p1a: Magearna|atk|1
|move|p2a: Zamazenta|Iron Defense|p2a: Zamazenta
|-boost|p2a: Zamazenta|def|2
|
|-heal|p1a: Magearna|93/100|[from] item: Leftovers
|turn|16
|
|move|p1a: Magearna|Calm Mind|p1a: Magearna
|-boost|p1a: Magearna|spa|1
|-boost|p1a: Magearna|spd|1
|move|p2a: Zamazenta|Body Press|p1a: Magearna
|-damage|p1a: Magearna|31/100
|
|-heal|p1a: Magearna|37/100|[from] item: Leftovers
|turn|17
|
|move|p1a: Magearna|Stored Power|p2a: Zamazenta
|-damage|p2a: Zamazenta|0 fnt
|faint|p2a: Zamazenta
|-ability|p1a: Magearna|Soul-Heart|boost
|-boost|p1a: Magearna|spa|1
|
|-heal|p1a: Magearna|43/100|[from] item: Leftovers
|
|switch|p2a: Goodra|Goodra-Hisui, M, shiny|97/100
|-damage|p2a: Goodra|91/100|[from] Stealth Rock
|turn|18
|
|move|p1a: Magearna|Draining Kiss|p2a: Goodra
|-damage|p2a: Goodra|61/100
|-heal|p1a: Magearna|65/100|[from] drain|[of] p2a: Goodra
|move|p2a: Goodra|Earthquake|p1a: Magearna
|-damage|p1a: Magearna|57/100
|
|-heal|p1a: Magearna|63/100|[from] item: Leftovers
|-sideend|p1: Yourtman_hiphip|Reflect
|turn|19
|
|switch|p2a: Zapdos|Zapdos|75/100
|-damage|p2a: Zapdos|50/100|[from] Stealth Rock
|move|p1a: Magearna|Stored Power|p2a: Zapdos
|-damage|p2a: Zapdos|0 fnt
|faint|p2a: Zapdos
|-ability|p1a: Magearna|Soul-Heart|boost
|-boost|p1a: Magearna|spa|1
|
|-heal|p1a: Magearna|69/100|[from] item: Leftovers
|-message|yingziyingzi forfeited.
|
|win|Yourtman_hiphip
