|poke|p1|Hariyama, F|
|poke|p1|Samurott-Hisui, F|
|poke|p1|Gholdengo|
|poke|p1|Uxie|
|poke|p1|Dragonite, M|
|poke|p1|Electrode-Hisui|
|poke|p2|Clodsire, M|
|poke|p2|Tauros-Paldea-Aqua, M|
|poke|p2|Landorus-Therian, M|
|poke|p2|Corviknight, F|
|poke|p2|Dragapult, F|
|poke|p2|Enamorus, F|
|teampreview
|
|start
|switch|p1a: Samurott|Samurott-Hisui, F, shiny|100/100
|switch|p2a: Dragapult|Dragapult, F|100/100
|turn|1
|
|move|p2a: Dragapult|U-turn|p1a: Samurott
|-supereffective|p1a: Samurott
|-damage|p1a: Samurott|58/100
|
|switch|p2a: Corviknight|Corviknight, F|100/100|[from] U-turn
|-ability|p2a: Corviknight|Pressure
|move|p1a: Samurott|Ceaseless Edge|p2a: Corviknight
|-damage|p2a: Corviknight|73/100
|-sidestart|p2: p2|Spikes
|
|turn|2
|
|move|p1a: Samurott|Ceaseless Edge|p2a: Corviknight
|-damage|p2a: Corviknight|42/100
|-sidestart|p2: p2|Spikes
|move|p2a: Corviknight|Body Press|p1a: Samurott
|-supereffective|p1a: Samurott
|-damage|p1a: Samurott|0 fnt
|faint|p1a: Samurott
|
|
|switch|p1a: Uxie|Uxie|100/100
|turn|3
|
|move|p1a: Uxie|Encore|p2a: Corviknight
|-start|p2a: Corviknight|Encore
|move|p2a: Corviknight|Body Press|p1a: Uxie
|-resisted|p1a: Uxie
|-damage|p1a: Uxie|93/100
|
|-heal|p1a: Uxie|99/100|[from] item: Leftovers
|turn|4
|
|switch|p2a: Tauros|Tauros-Paldea-Aqua, M|100/100
|-damage|p2a: Tauros|84/100|[from] Spikes
|-ability|p2a: Tauros|Intimidate|boost
|-unboost|p1a: Uxie|atk|1
|move|p1a: Uxie|Stealth Rock|p2a: Tauros
|-sidestart|p2: p2|move: Stealth Rock
|
|-heal|p2a: Tauros|90/100|[from] item: Leftovers
|-heal|p1a: Uxie|100/100|[from] item: Leftovers
|turn|5
|
|switch|p2a: Corviknight|Corviknight, F|42/100
|-damage|p2a: Corviknight|29/100|[from] Stealth Rock
|-ability|p2a: Corviknight|Pressure
|move|p1a: Uxie|U-turn|p2a: Corviknight
|-resisted|p2a: Corviknight
|-damage|p2a: Corviknight|28/100
|
|switch|p1a: Gholdengo|Gholdengo|100/100|[from] U-turn
|-item|p1a: Gholdengo|Air Balloon
|
|turn|6
|
|switch|p2a: Clodsire|Clodsire, M|100/100
|-damage|p2a: Clodsire|84/100|[from] Spikes
|-damage|p2a: Clodsire|78/100|[from] Stealth Rock
|move|p1a: Gholdengo|Shadow Ball|p2a: Clodsire
|-damage|p2a: Clodsire|52/100
|
|-heal|p2a: Clodsire|59/100|[from] item: Leftovers
|turn|7
|
|move|p1a: Gholdengo|Make It Rain|p2a: Clodsire
|-damage|p2a: Clodsire|19/100
|-unboost|p1a: Gholdengo|spa|1
|move|p2a: Clodsire|Recover|p2a: Clodsire
|-heal|p2a: Clodsire|69/100
|
|-heal|p2a: Clodsire|75/100|[from] item: Leftovers
|turn|8
|
|move|p1a: Gholdengo|Shadow Ball|p2a: Clodsire
|-damage|p2a: Clodsire|50/100
|move|p2a: Clodsire|Stealth Rock|p1a: Gholdengo
|-sidestart|p1: p1|move: Stealth Rock
|
|-heal|p2a: Clodsire|57/100|[from] item: Leftovers
|turn|9
|
|move|p1a: Gholdengo|Shadow Ball|p2a: Clodsire
|-damage|p2a: Clodsire|32/100
|move|p2a: Clodsire|Recover|p2a: Clodsire
|-heal|p2a: Clodsire|82/100
|
|-heal|p2a: Clodsire|88/100|[from] item: Leftovers
|turn|10
|
|switch|p2a: Landorus|Landorus-Therian, M|100/100
|-damage|p2a: Landorus|88/100|[from] Stealth Rock
|-ability|p2a: Landorus|Intimidate|boost
|-unboost|p1a: Gholdengo|atk|1
|move|p1a: Gholdengo|Shadow Ball|p2a: Landorus
|-damage|p2a: Landorus|47/100
|
|turn|11
|
|move|p2a: Landorus|U-turn|p1a: Gholdengo
|-resisted|p1a: Gholdengo
|-damage|p1a: Gholdengo|93/100
|-enditem|p1a: Gholdengo|Air Balloon
|
|switch|p2a: Clodsire|Clodsire, M|88/100|[from] U-turn
|-damage|p2a: Clodsire|72/100|[from] Spikes
|-damage|p2a: Clodsire|65/100|[from] Stealth Rock
|move|p1a: Gholdengo|Make It Rain|p2a: Clodsire
|-damage|p2a: Clodsire|27/100
|-unboost|p1a: Gholdengo|spa|1
|
|-heal|p2a: Clodsire|33/100|[from] item: Leftovers
|turn|12
|
|switch|p2a: Tauros|Tauros-Paldea-Aqua, M|90/100
|-damage|p2a: Tauros|73/100|[from] Spikes
|-damage|p2a: Tauros|67/100|[from] Stealth Rock
|-ability|p2a: Tauros|Intimidate|boost
|-unboost|p1a: Gholdengo|atk|1
|move|p1a: Gholdengo|Make It Rain|p2a: Tauros
|-resisted|p2a: Tauros
|-damage|p2a: Tauros|45/100
|-unboost|p1a: Gholdengo|spa|1
|
|-heal|p2a: Tauros|51/100|[from] item: Leftovers
|turn|13
|
|switch|p1a: Uxie|Uxie|100/100
|-damage|p1a: Uxie|88/100|[from] Stealth Rock
|move|p2a: Tauros|Raging Bull|p1a: Uxie
|-damage|p1a: Uxie|70/100
|
|-heal|p2a: Tauros|57/100|[from] item: Leftovers
|-heal|p1a: Uxie|76/100|[from] item: Leftovers
|turn|14
|
|switch|p2a: Corviknight|Corviknight, F|28/100
|-damage|p2a: Corviknight|15/100|[from] Stealth Rock
|-ability|p2a: Corviknight|Pressure
|move|p1a: Uxie|U-turn|p2a: Corviknight
|-resisted|p2a: Corviknight
|-damage|p2a: Corviknight|13/100
|
|switch|p1a: Gholdengo|Gholdengo|93/100|[from] U-turn
|-damage|p1a: Gholdengo|87/100|[from] Stealth Rock
|
|turn|15
|
|move|p1a: Gholdengo|Shadow Ball|p2a: Corviknight
|-damage|p2a: Corviknight|0 fnt
|faint|p2a: Corviknight
|
|
|switch|p2a: Dragapult|Dragapult, F|100/100
|-damage|p2a: Dragapult|84/100|[from] Spikes
|-damage|p2a: Dragapult|72/100|[from] Stealth Rock
|turn|16
|
|switch|p1a: Hariyama|Hariyama, F|100/100
|-terastallize|p2a: Dragapult|Ghost
|move|p2a: Dragapult|Shadow Ball|p1a: Hariyama
|-damage|p1a: Hariyama|23/100
|
|turn|17
|
|move|p2a: Dragapult|Shadow Ball|p1a: Hariyama
|-damage|p1a: Hariyama|0 fnt
|faint|p1a: Hariyama
|
|
|switch|p1a: Leki At Home|Electrode-Hisui|100/100
|-damage|p1a: Leki At Home|88/100|[from] Stealth Rock
|turn|18
|
|switch|p2a: Enamorus|Enamorus, F|100/100
|move|p1a: Leki At Home|Energy Ball|p2a: Enamorus
|-resisted|p2a: Enamorus
|-damage|p2a: Enamorus|76/100
|
|turn|19
|
|move|p1a: Leki At Home|Volt Switch|p2a: Enamorus
|-supereffective|p2a: Enamorus
|-damage|p2a: Enamorus|5/100
|
|switch|p1a: Uxie|Uxie|76/100|[from] Volt Switch
|-damage|p1a: Uxie|64/100|[from] Stealth Rock
|move|p2a: Enamorus|Calm Mind|p2a: Enamorus
|-boost|p2a: Enamorus|spa|1
|-boost|p2a: Enamorus|spd|1
|
|-heal|p1a: Uxie|70/100|[from] item: Leftovers
|turn|20
|
|move|p2a: Enamorus|Moonblast|p1a: Uxie
|-damage|p1a: Uxie|10/100
|-unboost|p1a: Uxie|spa|1
|move|p1a: Uxie|U-turn|p2a: Enamorus
|-resisted|p2a: Enamorus
|-damage|p2a: Enamorus|0 fnt
|faint|p2a: Enamorus
|
|switch|p1a: Leki At Home|Electrode-Hisui|88/100|[from] U-turn
|-damage|p1a: Leki At Home|76/100|[from] Stealth Rock
|
|
|switch|p2a: Landorus|Landorus-Therian, M|47/100
|-damage|p2a: Landorus|34/100|[from] Stealth Rock
|-ability|p2a: Landorus|Intimidate|boost
|-unboost|p1a: Leki At Home|atk|1
|turn|21
|
|-terastallize|p1a: Leki At Home|Ice
|move|p2a: Landorus|Earthquake|p1a: Leki At Home
|-damage|p1a: Leki At Home|0 fnt
|faint|p1a: Leki At Home
|
|
|switch|p1a: Dragonite|Dragonite, M|100/100
|-damage|p1a: Dragonite|76/100|[from] Stealth Rock
|turn|22
|
|switch|p2a: Tauros|Tauros-Paldea-Aqua, M|57/100
|-damage|p2a: Tauros|40/100|[from] Spikes
|-damage|p2a: Tauros|34/100|[from] Stealth Rock
|-ability|p2a: Tauros|Intimidate|boost
|-unboost|p1a: Dragonite|atk|1
|move|p1a: Dragonite|Dragon Claw|p2a: Tauros
|-damage|p2a: Tauros|13/100
|
|-heal|p2a: Tauros|19/100|[from] item: Leftovers
|turn|23
|
|move|p1a: Dragonite|Dragon Dance|p1a: Dragonite
|-boost|p1a: Dragonite|atk|1
|-boost|p1a: Dragonite|spe|1
|move|p2a: Tauros|Raging Bull|p1a: Dragonite
|-resisted|p1a: Dragonite
|-damage|p1a: Dragonite|58/100
|
|-heal|p2a: Tauros|25/100|[from] item: Leftovers
|turn|24
|
|move|p1a: Dragonite|Dragon Dance|p1a: Dragonite
|-boost|p1a: Dragonite|atk|1
|-boost|p1a: Dragonite|spe|1
|move|p2a: Tauros|Bulk Up|p2a: Tauros
|-boost|p2a: Tauros|atk|1
|-boost|p2a: Tauros|def|1
|
|-heal|p2a: Tauros|32/100|[from] item: Leftovers
|turn|25
|
|move|p1a: Dragonite|Dragon Claw|p2a: Tauros
|-damage|p2a: Tauros|2/100
|move|p2a: Tauros|Body Press|p1a: Dragonite
|-resisted|p1a: Dragonite
|-damage|p1a: Dragonite|27/100
|
|-heal|p2a: Tauros|8/100|[from] item: Leftovers
|turn|26
|
|move|p2a: Tauros|Aqua Jet|p1a: Dragonite
|-resisted|p1a: Dragonite
|-damage|p1a: Dragonite|14/100
|move|p1a: Dragonite|Dragon Claw|p2a: Tauros
|-damage|p2a: Tauros|0 fnt
|faint|p2a: Tauros
|
|
|switch|p2a: Landorus|Landorus-Therian, M|34/100
|-damage|p2a: Landorus|22/100|[from] Stealth Rock
|-ability|p2a: Landorus|Intimidate|boost
|-unboost|p1a: Dragonite|atk|1
|turn|27
|
|move|p1a: Dragonite|Dragon Claw|p2a: Landorus
|-damage|p2a: Landorus|0 fnt
|faint|p2a: Landorus
|
|
|switch|p2a: Dragapult|Dragapult, F, tera:Ghost|72/100
|-damage|p2a: Dragapult|55/100|[from] Spikes
|-damage|p2a: Dragapult|43/100|[from] Stealth Rock
|turn|28
|
|move|p1a: Dragonite|Dragon Claw|p2a: Dragapult
|-damage|p2a: Dragapult|0 fnt
|faint|p2a: Dragapult
|
|
|switch|p2a: Clodsire|Clodsire, M|33/100
|-damage|p2a: Clodsire|16/100|[from] Spikes
|-damage|p2a: Clodsire|10/100|[from] Stealth Rock
|turn|29
|
|move|p1a: Dragonite|Earthquake|p2a: Clodsire
|-supereffective|p2a: Clodsire
|-damage|p2a: Clodsire|0 fnt
|faint|p2a: Clodsire
|
|win|p1
