|poke|p1|Slowking-Galar, F|
|poke|p1|Ursaluna, F|
|poke|p1|Samurott-Hisui, M|
|poke|p1|Hatterene, F|
|poke|p1|Azumarill, F|
|poke|p1|Magearna|
|poke|p2|Samurott-Hisui, M|
|poke|p2|Dragapult, F|
|poke|p2|Great Tusk|
|poke|p2|Sneasler, M|
|poke|p2|Zapdos|
|poke|p2|Heatran, F|
|teampreview
|
|start
|switch|p1a: Azumarill|Azumarill, F|100/100
|switch|p2a: Sneasler|Sneasler, M|100/100
|turn|1
|
|switch|p1a: Magearna|Magearna|100/100
|move|p2a: Sneasler|Close Combat|p1a: Magearna
|-crit|p1a: Magearna
|-damage|p1a: Magearna|24/100
|-unboost|p2a: Sneasler|def|1
|-unboost|p2a: Sneasler|spd|1
|-damage|p2a: Sneasler|91/100|[from] item: Life Orb
|
|-heal|p1a: Magearna|30/100|[from] item: Leftovers
|turn|2
|
|switch|p1a: Slowking|Slowking-Galar, F|100/100
|move|p2a: Sneasler|Close Combat|p1a: Slowking
|-resisted|p1a: Slowking
|-damage|p1a: Slowking|81/100
|-unboost|p2a: Sneasler|def|1
|-unboost|p2a: Sneasler|spd|1
|-damage|p2a: Sneasler|81/100|[from] item: Life Orb
|
|-heal|p1a: Slowking|88/100|[from] item: Black Sludge
|turn|3
|
|move|p2a: Sneasler|U-turn|p1a: Slowking
|-damage|p1a: Slowking|57/100
|-damage|p2a: Sneasler|71/100|[from] item: Life Orb
|
|switch|p2a: Samurott|Samurott-Hisui, M|100/100|[from] U-turn
|move|p1a: Slowking|Chilly Reception|p1a: Slowking
|-weather|Snow
|
|switch|p1a: Azumarill|Azumarill, F|100/100|[from] Chilly Reception
|
|-weather|Snow|[upkeep]
|turn|4
|
|switch|p2a: Zapdos|Zapdos|100/100
|move|p1a: Azumarill|Play Rough|p2a: Zapdos|[miss]
|-miss|p1a: Azumarill|p2a: Zapdos
|
|-weather|Snow|[upkeep]
|turn|5
|
|switch|p1a: Ursaluna|Ursaluna, F|100/100
|move|p2a: Zapdos|Charge|p2a: Zapdos
|-boost|p2a: Zapdos|spd|1
|-start|p2a: Zapdos|Charge
|
|-weather|Snow|[upkeep]
|-status|p1a: Ursaluna|brn|[from] item: Flame Orb
|turn|6
|
|move|p2a: Zapdos|Hurricane|p1a: Ursaluna
|-damage|p1a: Ursaluna|64/100 brn
|-start|p1a: Ursaluna|confusion
|-activate|p1a: Ursaluna|confusion
|-damage|p1a: Ursaluna|52/100 brn|[from] confusion
|
|-weather|Snow|[upkeep]
|-damage|p1a: Ursaluna|46/100 brn|[from] brn
|turn|7
|
|switch|p2a: Dragapult|Dragapult, F|100/100
|switch|p1a: Slowking|Slowking-Galar, F|90/100
|
|-weather|none
|-heal|p1a: Slowking|96/100|[from] item: Black Sludge
|turn|8
|
|move|p2a: Dragapult|Shadow Ball|p1a: Slowking
|-supereffective|p1a: Slowking
|-damage|p1a: Slowking|36/100
|move|p1a: Slowking|Trick Room|p1a: Slowking
|-fieldstart|move: Trick Room|[of] p1a: Slowking
|
|-heal|p1a: Slowking|42/100|[from] item: Black Sludge
|turn|9
|
|switch|p1a: Ursaluna|Ursaluna, F|46/100 brn
|switch|p2a: Zapdos|Zapdos|100/100
|
|-damage|p1a: Ursaluna|40/100 brn|[from] brn
|turn|10
|
|move|p1a: Ursaluna|Crunch|p2a: Zapdos
|-damage|p2a: Zapdos|66/100
|-unboost|p2a: Zapdos|def|1
|move|p2a: Zapdos|Hurricane|p1a: Ursaluna
|-damage|p1a: Ursaluna|2/100 brn
|
|-damage|p1a: Ursaluna|0 fnt|[from] brn
|faint|p1a: Ursaluna
|
|switch|p1a: Samurott|Samurott-Hisui, M|100/100
|turn|11
|player|p2|
|player|p2|Marchingegno|266
|
|move|p1a: Samurott|Razor Shell|p2a: Zapdos
|-damage|p2a: Zapdos|9/100
|-unboost|p2a: Zapdos|def|1
|move|p2a: Zapdos|Discharge|p1a: Samurott
|-supereffective|p1a: Samurott
|-damage|p1a: Samurott|44/100
|
|turn|12
|
|switch|p2a: Samurott|Samurott-Hisui, M|100/100
|move|p1a: Samurott|Ceaseless Edge|p2a: Samurott|[miss]
|-miss|p1a: Samurott|p2a: Samurott
|
|-fieldend|move: Trick Room
|turn|13
|
|move|p2a: Samurott|Sacred Sword|p1a: Samurott
|-supereffective|p1a: Samurott
|-damage|p1a: Samurott|0 fnt
|faint|p1a: Samurott
|-damage|p2a: Samurott|91/100|[from] item: Life Orb
|
|
|switch|p1a: Azumarill|Azumarill, F|100/100
|turn|14
|-message|Talonshadow forfeited.
|
|win|Marchingegno
