|poke|p1|Lilligant-Hisui, F|
|poke|p1|Dondozo, M|
|poke|p1|Ditto|
|poke|p1|Electrode-Hisui|
|poke|p1|Blissey, F|
|poke|p1|Sylveon, M|
|poke|p2|Pincurchin, F|
|poke|p2|Lilligant-Hisui, F|
|poke|p2|Sneasler, F|
|poke|p2|Landorus-Therian, M|
|poke|p2|Dondozo, F|
|poke|p2|Ditto|
|teampreview
|
|start
|switch|p1a: Beeg Feesh|Dondozo, M|100/100
|switch|p2a: Pincurchin|Pincurchin, F|100/100
|-fieldstart|move: Electric Terrain|[from] ability: Electric Surge|[of] p2a: Pincurchin
|turn|1
|
|switch|p1a: Right testicle|Blissey, F|100/100
|move|p2a: Pincurchin|Thunder Wave|p1a: Right testicle
|-status|p1a: Right testicle|par
|
|turn|2
|
|move|p1a: Right testicle|Calm Mind|p1a: Right testicle
|-boost|p1a: Right testicle|spa|1
|-boost|p1a: Right testicle|spd|1
|move|p2a: Pincurchin|Spikes|p1a: Right testicle
|-sidestart|p1: p1|Spikes
|
|turn|3
|
|move|p1a: Right testicle|Calm Mind|p1a: Right testicle
|-boost|p1a: Right testicle|spa|1
|-boost|p1a: Right testicle|spd|1
|move|p2a: Pincurchin|Toxic Spikes|p1a: Right testicle
|-sidestart|p1: p1|move: Toxic Spikes
|
|turn|4
|
|move|p1a: Right testicle|Ice Beam|p2a: Pincurchin
|-damage|p2a: Pincurchin|61/100
|-status|p2a: Pincurchin|frz
|cant|p2a: Pincurchin|frz
|
|turn|5
|
|move|p1a: Right testicle|Thunderbolt|p2a: Pincurchin
|-resisted|p2a: Pincurchin
|-damage|p2a: Pincurchin|34/100 frz
|cant|p2a: Pincurchin|frz
|
|turn|6
|
|cant|p1a: Right testicle|par
|-curestatus|p2a: Pincurchin|frz|[msg]
|move|p2a: Pincurchin|Recover|p2a: Pincurchin
|-heal|p2a: Pincurchin|84/100
|
|turn|7
|
|move|p1a: Right testicle|Ice Beam|p2a: Pincurchin
|-crit|p2a: Pincurchin
|-damage|p2a: Pincurchin|18/100
|move|p2a: Pincurchin|Toxic Spikes|p1a: Right testicle
|-sidestart|p1: p1|move: Toxic Spikes
|
|turn|8
|
|move|p1a: Right testicle|Ice Beam|p2a: Pincurchin
|-damage|p2a: Pincurchin|0 fnt
|faint|p2a: Pincurchin
|
|-fieldend|move: Electric Terrain
|
|switch|p2a: Sneasler|Sneasler, F|100/100
|turn|9
|
|switch|p1a: Dittttttto|Ditto, shiny|100/100
|-damage|p1a: Dittttttto|88/100|[from] Spikes
|-status|p1a: Dittttttto|tox
|-transform|p1a: Dittttttto|p2a: Sneasler|[from] ability: Imposter
|move|p2a: Sneasler|Close Combat|p1a: Dittttttto
|-resisted|p1a: Dittttttto
|-damage|p1a: Dittttttto|26/100 tox
|-unboost|p2a: Sneasler|def|1
|-unboost|p2a: Sneasler|spd|1
|
|-damage|p1a: Dittttttto|20/100 tox|[from] psn
|turn|10
|
|switch|p2a: Dondozo|Dondozo, F|100/100
|move|p1a: Dittttttto|Shadow Claw|p2a: Dondozo
|-damage|p2a: Dondozo|83/100
|
|-heal|p2a: Dondozo|89/100|[from] item: Leftovers
|-damage|p1a: Dittttttto|8/100 tox|[from] psn
|turn|11
|
|move|p1a: Dittttttto|Shadow Claw|p2a: Dondozo
|-damage|p2a: Dondozo|73/100
|move|p2a: Dondozo|Curse|p2a: Dondozo
|-unboost|p2a: Dondozo|spe|1
|-boost|p2a: Dondozo|atk|1
|-boost|p2a: Dondozo|def|1
|
|-heal|p2a: Dondozo|79/100|[from] item: Leftovers
|-damage|p1a: Dittttttto|0 fnt|[from] psn
|faint|p1a: Dittttttto
|
|switch|p1a: Beeg Feesh|Dondozo, M|100/100
|-damage|p1a: Beeg Feesh|88/100|[from] Spikes
|-status|p1a: Beeg Feesh|tox
|turn|12
|
|switch|p2a: Sneasler|Sneasler, F|100/100
|move|p1a: Beeg Feesh|Yawn|p2a: Sneasler
|-start|p2a: Sneasler|move: Yawn|[of] p1a: Beeg Feesh
|
|-heal|p1a: Beeg Feesh|94/100 tox|[from] item: Leftovers
|-damage|p1a: Beeg Feesh|88/100 tox|[from] psn
|turn|13
|
|switch|p2a: Landorus|Landorus-Therian, M|100/100
|-ability|p2a: Landorus|Intimidate|boost
|-unboost|p1a: Beeg Feesh|atk|1
|move|p1a: Beeg Feesh|Liquidation|p2a: Landorus
|-supereffective|p2a: Landorus
|-damage|p2a: Landorus|55/100
|-unboost|p2a: Landorus|def|1
|
|-heal|p1a: Beeg Feesh|94/100 tox|[from] item: Leftovers
|-damage|p1a: Beeg Feesh|82/100 tox|[from] psn
|turn|14
|
|move|p2a: Landorus|Earthquake|p1a: Beeg Feesh
|-damage|p1a: Beeg Feesh|41/100 tox
|move|p1a: Beeg Feesh|Liquidation|p2a: Landorus
|-supereffective|p2a: Landorus
|-damage|p2a: Landorus|6/100
|
|-heal|p1a: Beeg Feesh|47/100 tox|[from] item: Leftovers
|-damage|p1a: Beeg Feesh|29/100 tox|[from] psn
|turn|15
|
|move|p2a: Landorus|Earthquake|p1a: Beeg Feesh
|-damage|p1a: Beeg Feesh|0 fnt
|faint|p1a: Beeg Feesh
|
|
|switch|p1a: Actually OP|Lilligant-Hisui, F|100/100
|-damage|p1a: Actually OP|88/100|[from] Spikes
|-status|p1a: Actually OP|tox
|turn|16
|
|move|p1a: Actually OP|Leaf Blade|p2a: Landorus
|-damage|p2a: Landorus|0 fnt
|faint|p2a: Landorus
|
|-damage|p1a: Actually OP|82/100 tox|[from] psn
|
|switch|p2a: Flower Girl|Lilligant-Hisui, F|100/100
|turn|17
|
|-terastallize|p2a: Flower Girl|Fire
|move|p1a: Actually OP|Close Combat|p2a: Flower Girl
|-damage|p2a: Flower Girl|0 fnt
|-unboost|p1a: Actually OP|def|1
|-unboost|p1a: Actually OP|spd|1
|faint|p2a: Flower Girl
|
|-damage|p1a: Actually OP|70/100 tox|[from] psn
|
|switch|p2a: Sneasler|Sneasler, F|100/100
|turn|18
|
|switch|p1a: Left Testicle|Electrode-Hisui|100/100
|-damage|p1a: Left Testicle|88/100|[from] Spikes
|-status|p1a: Left Testicle|tox
|move|p2a: Sneasler|Dire Claw|p1a: Left Testicle
|-supereffective|p1a: Left Testicle
|-crit|p1a: Left Testicle
|-damage|p1a: Left Testicle|0 fnt
|-damage|p2a: Sneasler|76/100|[from] ability: Aftermath|[of] p1a: Left Testicle
|faint|p1a: Left Testicle
|
|
|switch|p1a: 41%|Sylveon, M|100/100
|-damage|p1a: 41%|88/100|[from] Spikes
|-status|p1a: 41%|tox
|-enditem|p1a: 41%|Lum Berry|[eat]
|-curestatus|p1a: 41%|tox|[msg]
|turn|19
|
|-terastallize|p1a: 41%|Steel
|move|p2a: Sneasler|Dire Claw|p1a: 41%
|-immune|p1a: 41%
|move|p1a: 41%|Psyshock|p2a: Sneasler
|-supereffective|p2a: Sneasler
|-crit|p2a: Sneasler
|-damage|p2a: Sneasler|0 fnt
|faint|p2a: Sneasler
|
|
|switch|p2a: Dondozo|Dondozo, F|79/100
|turn|20
|
|move|p1a: 41%|Calm Mind|p1a: 41%
|-boost|p1a: 41%|spa|1
|-boost|p1a: 41%|spd|1
|move|p2a: Dondozo|Earthquake|p1a: 41%
|-supereffective|p1a: 41%
|-damage|p1a: 41%|51/100
|
|-heal|p2a: Dondozo|85/100|[from] item: Leftovers
|turn|21
|
|move|p1a: 41%|Moonblast|p2a: Dondozo
|-damage|p2a: Dondozo|64/100
|move|p2a: Dondozo|Curse|p2a: Dondozo
|-unboost|p2a: Dondozo|spe|1
|-boost|p2a: Dondozo|atk|1
|-boost|p2a: Dondozo|def|1
|
|-heal|p2a: Dondozo|70/100|[from] item: Leftovers
|turn|22
|
|move|p1a: 41%|Wish|p1a: 41%
|move|p2a: Dondozo|Curse|p2a: Dondozo
|-unboost|p2a: Dondozo|spe|1
|-boost|p2a: Dondozo|atk|1
|-boost|p2a: Dondozo|def|1
|
|-heal|p2a: Dondozo|76/100|[from] item: Leftovers
|turn|23
|
|move|p1a: 41%|Moonblast|p2a: Dondozo
|-damage|p2a: Dondozo|53/100
|move|p2a: Dondozo|Curse|p2a: Dondozo
|-unboost|p2a: Dondozo|spe|1
|-boost|p2a: Dondozo|atk|1
|-boost|p2a: Dondozo|def|1
|
|-heal|p1a: 41%|100/100|[from] move: Wish|[wisher] 41%
|-heal|p2a: Dondozo|59/100|[from] item: Leftovers
|turn|24
|
|move|p1a: 41%|Moonblast|p2a: Dondozo
|-damage|p2a: Dondozo|37/100
|move|p2a: Dondozo|Curse|p2a: Dondozo
|-unboost|p2a: Dondozo|spe|1
|-boost|p2a: Dondozo|atk|1
|-boost|p2a: Dondozo|def|1
|
|-heal|p2a: Dondozo|43/100|[from] item: Leftovers
|turn|25
|
|move|p1a: 41%|Moonblast|p2a: Dondozo
|-damage|p2a: Dondozo|21/100
|move|p2a: Dondozo|Rest|p2a: Dondozo
|-status|p2a: Dondozo|slp|[from] move: Rest
|-heal|p2a: Dondozo|100/100 slp|[silent]
|
|turn|26
|
|switch|p1a: Actually OP|Lilligant-Hisui, F|70/100 tox
|-damage|p1a: Actually OP|57/100 tox|[from] Spikes
|cant|p2a: Dondozo|slp
|
|-damage|p1a: Actually OP|51/100 tox|[from] psn
|turn|27
|
|move|p1a: Actually OP|Leaf Blade|p2a: Dondozo
|-supereffective|p2a: Dondozo
|-damage|p2a: Dondozo|74/100 slp
|cant|p2a: Dondozo|slp
|
|-heal|p2a: Dondozo|80/100 slp|[from] item: Leftovers
|-damage|p1a: Actually OP|39/100 tox|[from] psn
|turn|28
|
|move|p1a: Actually OP|Leaf Blade|p2a: Dondozo
|-supereffective|p2a: Dondozo
|-damage|p2a: Dondozo|56/100 slp
|-curestatus|p2a: Dondozo|slp|[msg]
|move|p2a: Dondozo|Earthquake|p1a: Actually OP
|-resisted|p1a: Actually OP
|-damage|p1a: Actually OP|0 fnt
|faint|p1a: Actually OP
|
|-heal|p2a: Dondozo|62/100|[from] item: Leftovers
|
|switch|p1a: Right testicle|Blissey, F|100/100 par
|-damage|p1a: Right testicle|88/100 par|[from] Spikes
|turn|29
|
|move|p1a: Right testicle|Ice Beam|p2a: Dondozo
|-resisted|p2a: Dondozo
|-damage|p2a: Dondozo|57/100
|move|p2a: Dondozo|Earthquake|p1a: Right testicle
|-damage|p1a: Right testicle|32/100 par
|
|-heal|p1a: Right testicle|38/100 par|[from] item: Leftovers
|-heal|p2a: Dondozo|63/100|[from] item: Leftovers
|turn|30
|
|cant|p1a: Right testicle|par
|move|p2a: Dondozo|Curse|p2a: Dondozo
|-unboost|p2a: Dondozo|spe|1
|-boost|p2a: Dondozo|atk|1
|-boost|p2a: Dondozo|def|1
|
|-heal|p1a: Right testicle|44/100 par|[from] item: Leftovers
|-heal|p2a: Dondozo|69/100|[from] item: Leftovers
|turn|31
|
|move|p1a: Right testicle|Ice Beam|p2a: Dondozo
|-resisted|p2a: Dondozo
|-damage|p2a: Dondozo|64/100
|move|p2a: Dondozo|Curse|p2a: Dondozo
|-unboost|p2a: Dondozo|spe|1
|-boost|p2a: Dondozo|atk|1
|-boost|p2a: Dondozo|def|1
|
|-heal|p1a: Right testicle|50/100 par|[from] item: Leftovers
|-heal|p2a: Dondozo|70/100|[from] item: Leftovers
|turn|32
|
|cant|p1a: Right testicle|par
|move|p2a: Dondozo|Earthquake|p1a: Right testicle
|-damage|p1a: Right testicle|0 fnt
|faint|p1a: Right testicle
|
|-heal|p2a: Dondozo|76/100|[from] item: Leftovers
|
|switch|p1a: 41%|Sylveon, M, tera:Steel|100/100
|-damage|p1a: 41%|88/100|[from] Spikes
|turn|33
|
|move|p1a: 41%|Moonblast|p2a: Dondozo
|-damage|p2a: Dondozo|54/100
|move|p2a: Dondozo|Earthquake|p1a: 41%
|-supereffective|p1a: 41%
|-crit|p1a: 41%
|-damage|p1a: 41%|0 fnt
|faint|p1a: 41%
|
|win|p2
