|poke|p1|Ceruledge, M|
|poke|p1|Toxapex, M|
|poke|p1|Garchomp, M|
|poke|p1|Kingambit, M|
|poke|p1|Zoroark-Hisui, M|
|poke|p1|Corviknight, M|
|poke|p2|Meloetta|
|poke|p2|Magearna|
|poke|p2|Espeon, M|
|poke|p2|Chien-Pao|
|poke|p2|Breloom, M|
|poke|p2|Sneasler, F|
|teampreview
|
|start
|switch|p1a: Ceruledge|Ceruledge, M, shiny|100/100
|switch|p2a: Chien-Pao|Chien-Pao|100/100
|-ability|p2a: Chien-Pao|Sword of Ruin
|turn|1
|
|move|p2a: Chien-Pao|Crunch|p1a: Ceruledge
|-supereffective|p1a: Ceruledge
|-damage|p1a: Ceruledge|0 fnt
|faint|p1a: Ceruledge
|
|
|switch|p1a: Toxapex|Toxapex, M, shiny|100/100
|turn|2
|
|move|p2a: Chien-Pao|Crunch|p1a: Toxapex
|-damage|p1a: Toxapex|52/100
|-unboost|p1a: Toxapex|def|1
|move|p1a: Toxapex|Toxic|p2a: Chien-Pao
|-status|p2a: Chien-Pao|tox
|
|-heal|p1a: Toxapex|58/100|[from] item: Leftovers
|-damage|p2a: Chien-Pao|95/100 tox|[from] psn
|turn|3
|
|switch|p2a: Espeon|Espeon, M|100/100
|move|p1a: Toxapex|Baneful Bunker||[still]
|-fail|p1a: Toxapex
|
|-heal|p1a: Toxapex|64/100|[from] item: Leftovers
|turn|4
|
|switch|p1a: Garchomp|Garchomp, M, shiny|100/100
|move|p2a: Espeon|Substitute|p2a: Espeon
|-start|p2a: Espeon|Substitute
|-damage|p2a: Espeon|76/100
|
|-heal|p2a: Espeon|82/100|[from] item: Leftovers
|turn|5
|
|move|p2a: Espeon|Dazzling Gleam|p1a: Garchomp
|-supereffective|p1a: Garchomp
|-damage|p1a: Garchomp|44/100
|move|p1a: Garchomp|Substitute|p1a: Garchomp
|-start|p1a: Garchomp|Substitute
|-damage|p1a: Garchomp|20/100
|
|-heal|p2a: Espeon|88/100|[from] item: Leftovers
|-heal|p1a: Garchomp|26/100|[from] item: Leftovers
|turn|6
|
|move|p2a: Espeon|Dazzling Gleam|p1a: Garchomp
|-supereffective|p1a: Garchomp
|-end|p1a: Garchomp|Substitute
|move|p1a: Garchomp|Swords Dance|p1a: Garchomp
|-boost|p1a: Garchomp|atk|2
|
|-heal|p2a: Espeon|93/100|[from] item: Leftovers
|-heal|p1a: Garchomp|32/100|[from] item: Leftovers
|turn|7
|
|switch|p1a: Kingambit|Kingambit, M, shiny|100/100
|-activate|p1a: Kingambit|ability: Supreme Overlord
|-start|p1a: Kingambit|fallen1|[silent]
|move|p2a: Espeon|Dazzling Gleam|p1a: Kingambit
|-damage|p1a: Kingambit|72/100
|
|-heal|p2a: Espeon|99/100|[from] item: Leftovers
|turn|8
|
|move|p2a: Espeon|Thunder Wave|p1a: Kingambit
|-status|p1a: Kingambit|par
|move|p1a: Kingambit|Kowtow Cleave|p2a: Espeon
|-supereffective|p2a: Espeon
|-end|p2a: Espeon|Substitute
|
|-heal|p2a: Espeon|100/100|[from] item: Leftovers
|turn|9
|
|switch|p2a: Meloetta|Meloetta|100/100
|move|p1a: Kingambit|Kowtow Cleave|p2a: Meloetta
|-supereffective|p2a: Meloetta
|-enditem|p2a: Meloetta|Focus Sash
|-damage|p2a: Meloetta|1/100
|
|turn|10
|
|switch|p2a: Breloom|Breloom, M|100/100
|move|p1a: Kingambit|Kowtow Cleave|p2a: Breloom
|-resisted|p2a: Breloom
|-damage|p2a: Breloom|31/100
|
|turn|11
|
|-end|p1a: Kingambit|fallen1|[silent]
|switch|p1a: Garchomp|Garchomp, M, shiny|100/100
|move|p2a: Breloom|Mach Punch|p1a: Garchomp
|-immune|p1a: Garchomp
|
|turn|12
|
|switch|p2a: Meloetta|Meloetta|1/100
|move|p1a: Garchomp|Flamethrower|p2a: Meloetta
|-crit|p2a: Meloetta
|-damage|p2a: Meloetta|0 fnt
|faint|p2a: Meloetta
|
|
|switch|p2a: Chien-Pao|Chien-Pao|95/100 tox
|-ability|p2a: Chien-Pao|Sword of Ruin
|turn|13
|
|move|p2a: Chien-Pao|Crunch|p1a: Garchomp
|-supereffective|p1a: Garchomp
|-enditem|p1a: Garchomp|Focus Sash
|-damage|p1a: Garchomp|1/100
|replace|p1a: Zoroark|Zoroark-Hisui, M, shiny
|-end|p1a: Zoroark|Illusion
|move|p1a: Zoroark|Flamethrower|p2a: Chien-Pao
|-supereffective|p2a: Chien-Pao
|-damage|p2a: Chien-Pao|3/100 tox
|
|-damage|p2a: Chien-Pao|0 fnt|[from] psn
|faint|p2a: Chien-Pao
|
|switch|p2a: Espeon|Espeon, M|100/100
|turn|14
|
|move|p1a: Zoroark|Shadow Ball|p2a: Espeon
|-supereffective|p2a: Espeon
|-damage|p2a: Espeon|0 fnt
|faint|p2a: Espeon
|
|
|switch|p2a: Magearna|Magearna|100/100
|-item|p2a: Magearna|Air Balloon
|turn|15
|
|move|p1a: Zoroark|Flamethrower|p2a: Magearna
|-supereffective|p2a: Magearna
|-damage|p2a: Magearna|41/100
|-status|p2a: Magearna|brn
|-enditem|p2a: Magearna|Air Balloon
|move|p2a: Magearna|Shift Gear|p2a: Magearna
|-boost|p2a: Magearna|spe|2
|-boost|p2a: Magearna|atk|1
|
|-damage|p2a: Magearna|35/100 brn|[from] brn
|turn|16
|n|☆thiswebfullweirdos|thiswebfullweirdos
|player|p2|
|-message|thiswebfullweirdos lost due to inactivity.
|
|win|qpwurse
