|poke|p1|Gholdengo|
|poke|p1|Arboliva, F|
|poke|p1|Muk-Alola, F|
|poke|p1|Tauros-Paldea-Aqua, M|
|poke|p1|Kleavor, F|
|poke|p1|Iron Treads|
|poke|p2|Corviknight, M|
|poke|p2|Slowking-Galar, F|
|poke|p2|Dondozo, F|
|poke|p2|Blissey, F|
|poke|p2|Alomomola, F|
|poke|p2|Clodsire, F|
|teampreview
|
|start
|switch|p1a: Gholdengo|Gholdengo|100/100
|switch|p2a: Alomomola|Alomomola, F|100/100
|turn|1
|
|switch|p2a: Clodsire|Clodsire, F|100/100
|move|p1a: Gholdengo|Nasty Plot|p1a: Gholdengo
|-boost|p1a: Gholdengo|spa|2
|
|turn|2
|
|move|p1a: Gholdengo|Make It Rain|p2a: Clodsire
|-damage|p2a: Clodsire|68/100
|-unboost|p1a: Gholdengo|spa|1
|move|p2a: Clodsire|Earthquake|p1a: Gholdengo
|-supereffective|p1a: Gholdengo
|-crit|p1a: Gholdengo
|-damage|p1a: Gholdengo|32/100
|
|turn|3
|
|move|p1a: Gholdengo|Recover|p1a: Gholdengo
|-heal|p1a: Gholdengo|83/100
|move|p2a: Clodsire|Earthquake|p1a: Gholdengo
|-supereffective|p1a: Gholdengo
|-damage|p1a: Gholdengo|39/100
|
|turn|4
|
|move|p1a: Gholdengo|Recover|p1a: Gholdengo
|-heal|p1a: Gholdengo|89/100
|move|p2a: Clodsire|Earthquake|p1a: Gholdengo
|-supereffective|p1a: Gholdengo
|-damage|p1a: Gholdengo|45/100
|
|turn|5
|
|switch|p1a: Arboliva|Arboliva, F|100/100
|move|p2a: Clodsire|Earthquake|p1a: Arboliva
|-resisted|p1a: Arboliva
|-damage|p1a: Arboliva|89/100
|-fieldstart|move: Grassy Terrain|[from] ability: Seed Sower|[of] p1a: Arboliva
|
|-heal|p1a: Arboliva|95/100|[from] Grassy Terrain
|-heal|p1a: Arboliva|100/100|[from] item: Leftovers
|-heal|p2a: Clodsire|74/100|[from] Grassy Terrain
|turn|6
|
|move|p1a: Arboliva|Substitute|p1a: Arboliva
|-start|p1a: Arboliva|Substitute
|-damage|p1a: Arboliva|76/100
|move|p2a: Clodsire|Toxic||[still]
|-fail|p2a: Clodsire
|
|-heal|p1a: Arboliva|82/100|[from] Grassy Terrain
|-heal|p1a: Arboliva|88/100|[from] item: Leftovers
|-heal|p2a: Clodsire|80/100|[from] Grassy Terrain
|turn|7
|
|switch|p2a: Slowking|Slowking-Galar, F|100/100
|move|p1a: Arboliva|Earth Power|p2a: Slowking
|-supereffective|p2a: Slowking
|-damage|p2a: Slowking|66/100
|
|-heal|p1a: Arboliva|94/100|[from] Grassy Terrain
|-heal|p1a: Arboliva|99/100|[from] item: Leftovers
|-heal|p2a: Slowking|73/100|[from] Grassy Terrain
|turn|8
|
|move|p1a: Arboliva|Earth Power|p2a: Slowking
|-supereffective|p2a: Slowking
|-damage|p2a: Slowking|36/100
|move|p2a: Slowking|Substitute|p2a: Slowking
|-start|p2a: Slowking|Substitute
|-damage|p2a: Slowking|11/100
|
|-heal|p1a: Arboliva|100/100|[from] Grassy Terrain
|-heal|p2a: Slowking|17/100|[from] Grassy Terrain
|turn|9
|
|move|p1a: Arboliva|Earth Power|p2a: Slowking
|-supereffective|p2a: Slowking
|-end|p2a: Slowking|Substitute
|move|p2a: Slowking|Sludge Bomb|p1a: Arboliva
|-supereffective|p1a: Arboliva
|-end|p1a: Arboliva|Substitute
|
|-heal|p2a: Slowking|23/100|[from] Grassy Terrain
|-fieldend|move: Grassy Terrain
|turn|10
|
|switch|p2a: Corviknight|Corviknight, M|100/100
|-ability|p2a: Corviknight|Pressure
|move|p1a: Arboliva|Substitute|p1a: Arboliva
|-start|p1a: Arboliva|Substitute
|-damage|p1a: Arboliva|76/100
|
|-heal|p1a: Arboliva|82/100|[from] item: Leftovers
|turn|11
|
|move|p2a: Corviknight|Iron Defense|p2a: Corviknight
|-boost|p2a: Corviknight|def|2
|move|p1a: Arboliva|Tera Blast|p2a: Corviknight
|-resisted|p2a: Corviknight
|-damage|p2a: Corviknight|83/100
|
|-heal|p1a: Arboliva|88/100|[from] item: Leftovers
|turn|12
|
|switch|p1a: Gholdengo|Gholdengo|45/100
|move|p2a: Corviknight|Body Press|p1a: Gholdengo
|-immune|p1a: Gholdengo
|
|turn|13
|
|switch|p2a: Clodsire|Clodsire, F|80/100
|move|p1a: Gholdengo|Recover|p1a: Gholdengo
|-heal|p1a: Gholdengo|95/100
|
|turn|14
|
|switch|p1a: Muk|Muk-Alola, F|100/100
|move|p2a: Clodsire|Toxic|p1a: Muk
|-immune|p1a: Muk
|
|turn|15
|
|switch|p2a: Dondozo|Dondozo, F|100/100
|move|p1a: Muk|Knock Off|p2a: Dondozo
|-damage|p2a: Dondozo|83/100
|-enditem|p2a: Dondozo|Heavy-Duty Boots|[from] move: Knock Off|[of] p1a: Muk
|
|turn|16
|
|switch|p1a: Arboliva|Arboliva, F|88/100
|move|p2a: Dondozo|Liquidation|p1a: Arboliva
|-resisted|p1a: Arboliva
|-damage|p1a: Arboliva|76/100
|-fieldstart|move: Grassy Terrain|[from] ability: Seed Sower|[of] p1a: Arboliva
|
|-heal|p1a: Arboliva|82/100|[from] Grassy Terrain
|-heal|p1a: Arboliva|88/100|[from] item: Leftovers
|-heal|p2a: Dondozo|89/100|[from] Grassy Terrain
|turn|17
|
|switch|p2a: Corviknight|Corviknight, M|83/100
|-ability|p2a: Corviknight|Pressure
|move|p1a: Arboliva|Giga Drain|p2a: Corviknight
|-resisted|p2a: Corviknight
|-damage|p2a: Corviknight|74/100
|-heal|p1a: Arboliva|94/100|[from] drain|[of] p2a: Corviknight
|
|-heal|p1a: Arboliva|99/100|[from] Grassy Terrain
|-heal|p1a: Arboliva|100/100|[from] item: Leftovers
|turn|18
|
|switch|p2a: Clodsire|Clodsire, F|80/100
|switch|p1a: Gholdengo|Gholdengo|95/100
|
|-heal|p1a: Gholdengo|100/100|[from] Grassy Terrain
|-heal|p2a: Clodsire|87/100|[from] Grassy Terrain
|turn|19
|
|move|p1a: Gholdengo|Shadow Ball|p2a: Clodsire
|-damage|p2a: Clodsire|68/100
|move|p2a: Clodsire|Earthquake|p1a: Gholdengo
|-supereffective|p1a: Gholdengo
|-damage|p1a: Gholdengo|78/100
|
|-heal|p1a: Gholdengo|84/100|[from] Grassy Terrain
|-heal|p2a: Clodsire|74/100|[from] Grassy Terrain
|turn|20
|
|switch|p2a: Blissey|Blissey, F|100/100
|move|p1a: Gholdengo|Shadow Ball|p2a: Blissey
|-immune|p2a: Blissey
|
|-heal|p1a: Gholdengo|90/100|[from] Grassy Terrain
|-fieldend|move: Grassy Terrain
|turn|21
|
|switch|p1a: Kleavor|Kleavor, F|100/100
|move|p2a: Blissey|Stealth Rock|p1a: Kleavor
|-sidestart|p1: 5sk|move: Stealth Rock
|
|turn|22
|
|switch|p2a: Alomomola|Alomomola, F|100/100
|move|p1a: Kleavor|Stone Axe|p2a: Alomomola
|-damage|p2a: Alomomola|74/100
|-sidestart|p2: Pig Worm|move: Stealth Rock
|
|turn|23
|
|switch|p1a: Arboliva|Arboliva, F|100/100
|-damage|p1a: Arboliva|88/100|[from] Stealth Rock
|move|p2a: Alomomola|Chilling Water|p1a: Arboliva
|-resisted|p1a: Arboliva
|-damage|p1a: Arboliva|84/100
|-unboost|p1a: Arboliva|atk|1
|-fieldstart|move: Grassy Terrain|[from] ability: Seed Sower|[of] p1a: Arboliva
|
|-heal|p1a: Arboliva|90/100|[from] Grassy Terrain
|-heal|p1a: Arboliva|96/100|[from] item: Leftovers
|-heal|p2a: Alomomola|80/100|[from] Grassy Terrain
|turn|24
|
|switch|p2a: Corviknight|Corviknight, M|74/100
|-damage|p2a: Corviknight|61/100|[from] Stealth Rock
|-ability|p2a: Corviknight|Pressure
|move|p1a: Arboliva|Substitute|p1a: Arboliva
|-start|p1a: Arboliva|Substitute
|-damage|p1a: Arboliva|71/100
|
|-heal|p1a: Arboliva|77/100|[from] Grassy Terrain
|-heal|p1a: Arboliva|84/100|[from] item: Leftovers
|turn|25
|
|move|p2a: Corviknight|Roost|p2a: Corviknight
|-heal|p2a: Corviknight|100/100
|-singleturn|p2a: Corviknight|move: Roost
|move|p1a: Arboliva|Tera Blast|p2a: Corviknight
|-resisted|p2a: Corviknight
|-damage|p2a: Corviknight|83/100
|
|-heal|p2a: Corviknight|89/100|[from] Grassy Terrain
|-heal|p1a: Arboliva|90/100|[from] Grassy Terrain
|-heal|p1a: Arboliva|96/100|[from] item: Leftovers
|turn|26
|
|switch|p1a: Gholdengo|Gholdengo|90/100
|-damage|p1a: Gholdengo|84/100|[from] Stealth Rock
|move|p2a: Corviknight|Iron Defense|p2a: Corviknight
|-boost|p2a: Corviknight|def|2
|
|-heal|p1a: Gholdengo|90/100|[from] Grassy Terrain
|turn|27
|
|switch|p2a: Blissey|Blissey, F|100/100
|move|p1a: Gholdengo|Shadow Ball|p2a: Blissey
|-immune|p2a: Blissey
|
|-heal|p1a: Gholdengo|96/100|[from] Grassy Terrain
|-fieldend|move: Grassy Terrain
|turn|28
|
|switch|p1a: Muk|Muk-Alola, F|100/100
|-damage|p1a: Muk|88/100|[from] Stealth Rock
|switch|p2a: Clodsire|Clodsire, F|74/100
|
|turn|29
|
|switch|p2a: Dondozo|Dondozo, F|89/100
|-damage|p2a: Dondozo|77/100|[from] Stealth Rock
|move|p1a: Muk|Knock Off|p2a: Dondozo
|-damage|p2a: Dondozo|65/100
|-status|p2a: Dondozo|psn|[from] ability: Poison Touch|[of] p1a: Muk
|
|-damage|p2a: Dondozo|52/100 psn|[from] psn
|turn|30
|
|switch|p1a: Arboliva|Arboliva, F|96/100
|-damage|p1a: Arboliva|84/100|[from] Stealth Rock
|move|p2a: Dondozo|Body Press|p1a: Arboliva
|-supereffective|p1a: Arboliva
|-damage|p1a: Arboliva|33/100
|-fieldstart|move: Grassy Terrain|[from] ability: Seed Sower|[of] p1a: Arboliva
|
|-heal|p1a: Arboliva|40/100|[from] Grassy Terrain
|-heal|p1a: Arboliva|46/100|[from] item: Leftovers
|-heal|p2a: Dondozo|58/100 psn|[from] Grassy Terrain
|-damage|p2a: Dondozo|46/100 psn|[from] psn
|turn|31
|
|switch|p2a: Corviknight|Corviknight, M|89/100
|-damage|p2a: Corviknight|76/100|[from] Stealth Rock
|-ability|p2a: Corviknight|Pressure
|move|p1a: Arboliva|Giga Drain|p2a: Corviknight
|-resisted|p2a: Corviknight
|-damage|p2a: Corviknight|67/100
|-heal|p1a: Arboliva|51/100|[from] drain|[of] p2a: Corviknight
|
|-heal|p1a: Arboliva|57/100|[from] Grassy Terrain
|-heal|p1a: Arboliva|63/100|[from] item: Leftovers
|turn|32
|
|switch|p1a: Gholdengo|Gholdengo|96/100
|-damage|p1a: Gholdengo|90/100|[from] Stealth Rock
|move|p2a: Corviknight|Body Press|p1a: Gholdengo
|-immune|p1a: Gholdengo
|
|-heal|p1a: Gholdengo|96/100|[from] Grassy Terrain
|turn|33
|
|switch|p2a: Blissey|Blissey, F|100/100
|move|p1a: Gholdengo|Shadow Ball|p2a: Blissey
|-immune|p2a: Blissey
|
|-heal|p1a: Gholdengo|100/100|[from] Grassy Terrain
|turn|34
|
|switch|p1a: Muk|Muk-Alola, F|88/100
|-damage|p1a: Muk|76/100|[from] Stealth Rock
|move|p2a: Blissey|Heal Bell|p2a: Blissey
|-activate|p2a: Blissey|move: Heal Bell
|-curestatus|p2: Dondozo|psn|[msg]
|
|-heal|p1a: Muk|82/100|[from] Grassy Terrain
|-fieldend|move: Grassy Terrain
|turn|35
|
|switch|p2a: Dondozo|Dondozo, F|46/100
|-damage|p2a: Dondozo|33/100|[from] Stealth Rock
|move|p1a: Muk|Poison Jab|p2a: Dondozo
|-damage|p2a: Dondozo|18/100
|
|turn|36
|
|move|p1a: Muk|Poison Jab|p2a: Dondozo
|-damage|p2a: Dondozo|3/100
|-status|p2a: Dondozo|psn
|move|p2a: Dondozo|Rest|p2a: Dondozo
|-status|p2a: Dondozo|slp|[from] move: Rest
|-heal|p2a: Dondozo|100/100 slp|[silent]
|
|turn|37
|
|switch|p1a: Arboliva|Arboliva, F|63/100
|-damage|p1a: Arboliva|51/100|[from] Stealth Rock
|cant|p2a: Dondozo|slp
|move|p2a: Dondozo|Sleep Talk|p2a: Dondozo
|move|p2a: Dondozo|Liquidation|p1a: Arboliva|[from]move: Sleep Talk
|-resisted|p1a: Arboliva
|-damage|p1a: Arboliva|40/100
|-unboost|p1a: Arboliva|def|1
|-fieldstart|move: Grassy Terrain|[from] ability: Seed Sower|[of] p1a: Arboliva
|
|-heal|p1a: Arboliva|46/100|[from] Grassy Terrain
|-heal|p1a: Arboliva|52/100|[from] item: Leftovers
|turn|38
|
|switch|p2a: Blissey|Blissey, F|100/100
|move|p1a: Arboliva|Giga Drain|p2a: Blissey
|-damage|p2a: Blissey|87/100
|-heal|p1a: Arboliva|66/100|[from] drain|[of] p2a: Blissey
|
|-heal|p2a: Blissey|93/100|[from] Grassy Terrain
|-heal|p1a: Arboliva|72/100|[from] Grassy Terrain
|-heal|p1a: Arboliva|78/100|[from] item: Leftovers
|turn|39
|
|move|p2a: Blissey|Seismic Toss|p1a: Arboliva
|-damage|p1a: Arboliva|49/100
|move|p1a: Arboliva|Substitute|p1a: Arboliva
|-start|p1a: Arboliva|Substitute
|-damage|p1a: Arboliva|24/100
|
|-heal|p2a: Blissey|99/100|[from] Grassy Terrain
|-heal|p1a: Arboliva|30/100|[from] Grassy Terrain
|-heal|p1a: Arboliva|36/100|[from] item: Leftovers
|turn|40
|
|move|p2a: Blissey|Seismic Toss|p1a: Arboliva
|-end|p1a: Arboliva|Substitute
|move|p1a: Arboliva|Giga Drain|p2a: Blissey
|-damage|p2a: Blissey|86/100
|-heal|p1a: Arboliva|50/100|[from] drain|[of] p2a: Blissey
|
|-heal|p2a: Blissey|92/100|[from] Grassy Terrain
|-heal|p1a: Arboliva|56/100|[from] Grassy Terrain
|-heal|p1a: Arboliva|63/100|[from] item: Leftovers
|turn|41
|
|switch|p1a: Muk|Muk-Alola, F|82/100
|-damage|p1a: Muk|70/100|[from] Stealth Rock
|move|p2a: Blissey|Seismic Toss|p1a: Muk
|-damage|p1a: Muk|43/100
|
|-heal|p1a: Muk|49/100|[from] Grassy Terrain
|-heal|p2a: Blissey|98/100|[from] Grassy Terrain
|-fieldend|move: Grassy Terrain
|turn|42
|
|switch|p2a: Dondozo|Dondozo, F|100/100 slp
|-damage|p2a: Dondozo|88/100 slp|[from] Stealth Rock
|move|p1a: Muk|Drain Punch|p2a: Dondozo
|-damage|p2a: Dondozo|78/100 slp
|-heal|p1a: Muk|56/100|[from] drain|[of] p2a: Dondozo
|
|turn|43
|
|switch|p1a: Arboliva|Arboliva, F|63/100
|-damage|p1a: Arboliva|50/100|[from] Stealth Rock
|cant|p2a: Dondozo|slp
|move|p2a: Dondozo|Sleep Talk|p2a: Dondozo
|move|p2a: Dondozo|Liquidation|p1a: Arboliva|[from]move: Sleep Talk
|-resisted|p1a: Arboliva
|-damage|p1a: Arboliva|39/100
|-fieldstart|move: Grassy Terrain|[from] ability: Seed Sower|[of] p1a: Arboliva
|
|-heal|p1a: Arboliva|45/100|[from] Grassy Terrain
|-heal|p1a: Arboliva|52/100|[from] item: Leftovers
|-heal|p2a: Dondozo|84/100 slp|[from] Grassy Terrain
|turn|44
|
|switch|p2a: Clodsire|Clodsire, F|74/100
|move|p1a: Arboliva|Tera Blast|p2a: Clodsire
|-damage|p2a: Clodsire|54/100
|
|-heal|p1a: Arboliva|58/100|[from] Grassy Terrain
|-heal|p1a: Arboliva|64/100|[from] item: Leftovers
|-heal|p2a: Clodsire|60/100|[from] Grassy Terrain
|turn|45
|
|switch|p1a: Muk|Muk-Alola, F|56/100
|-damage|p1a: Muk|43/100|[from] Stealth Rock
|switch|p2a: Blissey|Blissey, F|98/100
|
|-heal|p1a: Muk|50/100|[from] Grassy Terrain
|-heal|p2a: Blissey|100/100|[from] Grassy Terrain
|turn|46
|
|switch|p2a: Dondozo|Dondozo, F|84/100 slp
|-damage|p2a: Dondozo|72/100 slp|[from] Stealth Rock
|move|p1a: Muk|Drain Punch|p2a: Dondozo
|-damage|p2a: Dondozo|63/100 slp
|-heal|p1a: Muk|55/100|[from] drain|[of] p2a: Dondozo
|
|-heal|p1a: Muk|62/100|[from] Grassy Terrain
|-heal|p2a: Dondozo|69/100 slp|[from] Grassy Terrain
|turn|47
|
|switch|p1a: Gholdengo|Gholdengo|100/100
|-damage|p1a: Gholdengo|94/100|[from] Stealth Rock
|-curestatus|p2a: Dondozo|slp|[msg]
|move|p2a: Dondozo|Body Press|p1a: Gholdengo
|-immune|p1a: Gholdengo
|
|-heal|p1a: Gholdengo|100/100|[from] Grassy Terrain
|-heal|p2a: Dondozo|75/100|[from] Grassy Terrain
|-fieldend|move: Grassy Terrain
|turn|48
|
|switch|p1a: Muk|Muk-Alola, F|62/100
|-damage|p1a: Muk|49/100|[from] Stealth Rock
|switch|p2a: Clodsire|Clodsire, F|60/100
|
|turn|49
|
|switch|p2a: Dondozo|Dondozo, F|75/100
|-damage|p2a: Dondozo|63/100|[from] Stealth Rock
|move|p1a: Muk|Drain Punch|p2a: Dondozo
|-damage|p2a: Dondozo|53/100
|-heal|p1a: Muk|56/100|[from] drain|[of] p2a: Dondozo
|-status|p2a: Dondozo|psn|[from] ability: Poison Touch|[of] p1a: Muk
|
|-damage|p2a: Dondozo|40/100 psn|[from] psn
|turn|50
|
|move|p1a: Muk|Drain Punch|p2a: Dondozo
|-damage|p2a: Dondozo|31/100 psn
|-heal|p1a: Muk|63/100|[from] drain|[of] p2a: Dondozo
|move|p2a: Dondozo|Rest|p2a: Dondozo
|-status|p2a: Dondozo|slp|[from] move: Rest
|-heal|p2a: Dondozo|100/100 slp|[silent]
|
|turn|51
|
|switch|p1a: Arboliva|Arboliva, F|64/100
|-damage|p1a: Arboliva|52/100|[from] Stealth Rock
|cant|p2a: Dondozo|slp
|move|p2a: Dondozo|Sleep Talk|p2a: Dondozo
|move|p2a: Dondozo|Rest||[from]move: Sleep Talk|[still]
|-fail|p2a: Dondozo
|
|-heal|p1a: Arboliva|58/100|[from] item: Leftovers
|turn|52
|
|switch|p2a: Blissey|Blissey, F|100/100
|move|p1a: Arboliva|Giga Drain|p2a: Blissey
|-damage|p2a: Blissey|90/100
|-heal|p1a: Arboliva|69/100|[from] drain|[of] p2a: Blissey
|
|-heal|p1a: Arboliva|75/100|[from] item: Leftovers
|turn|53
|
|switch|p2a: Corviknight|Corviknight, M|67/100
|-damage|p2a: Corviknight|55/100|[from] Stealth Rock
|-ability|p2a: Corviknight|Pressure
|move|p1a: Arboliva|Earth Power|p2a: Corviknight
|-immune|p2a: Corviknight
|
|-heal|p1a: Arboliva|81/100|[from] item: Leftovers
|turn|54
|
|move|p2a: Corviknight|Roost|p2a: Corviknight
|-heal|p2a: Corviknight|100/100
|-singleturn|p2a: Corviknight|move: Roost
|move|p1a: Arboliva|Earth Power|p2a: Corviknight
|-supereffective|p2a: Corviknight
|-damage|p2a: Corviknight|44/100
|
|-heal|p1a: Arboliva|87/100|[from] item: Leftovers
|turn|55
|
|switch|p1a: Gholdengo|Gholdengo|100/100
|-damage|p1a: Gholdengo|94/100|[from] Stealth Rock
|move|p2a: Corviknight|Body Press|p1a: Gholdengo
|-immune|p1a: Gholdengo
|
|turn|56
|
|switch|p1a: Tauros|Tauros-Paldea-Aqua, M, shiny|100/100
|-damage|p1a: Tauros|94/100|[from] Stealth Rock
|-ability|p1a: Tauros|Intimidate|boost
|-unboost|p2a: Corviknight|atk|1
|switch|p2a: Clodsire|Clodsire, F|60/100
|
|turn|57
|
|switch|p2a: Dondozo|Dondozo, F|100/100 slp
|-damage|p2a: Dondozo|88/100 slp|[from] Stealth Rock
|move|p1a: Tauros|Wild Charge|p2a: Dondozo
|-supereffective|p2a: Dondozo
|-damage|p2a: Dondozo|67/100 slp
|-damage|p1a: Tauros|86/100|[from] Recoil
|
|turn|58
|
|switch|p2a: Clodsire|Clodsire, F|60/100
|move|p1a: Tauros|Wild Charge|p2a: Clodsire
|-immune|p2a: Clodsire
|
|turn|59
|
|switch|p2a: Dondozo|Dondozo, F|67/100 slp
|-damage|p2a: Dondozo|54/100 slp|[from] Stealth Rock
|move|p1a: Tauros|Raging Bull|p2a: Dondozo
|-resisted|p2a: Dondozo
|-damage|p2a: Dondozo|46/100 slp
|
|turn|60
|
|switch|p2a: Alomomola|Alomomola, F|100/100
|move|p1a: Tauros|Wild Charge|p2a: Alomomola
|-supereffective|p2a: Alomomola
|-damage|p2a: Alomomola|76/100
|-damage|p1a: Tauros|77/100|[from] Recoil
|
|turn|61
|
|switch|p1a: Gholdengo|Gholdengo|94/100
|-damage|p1a: Gholdengo|88/100|[from] Stealth Rock
|move|p2a: Alomomola|Wish|p2a: Alomomola
|
|turn|62
|
|switch|p2a: Clodsire|Clodsire, F|60/100
|move|p1a: Gholdengo|Shadow Ball|p2a: Clodsire
|-damage|p2a: Clodsire|41/100
|-unboost|p2a: Clodsire|spd|1
|
|-heal|p2a: Clodsire|98/100|[from] move: Wish|[wisher] Alomomola
|turn|63
|
|move|p1a: Gholdengo|Shadow Ball|p2a: Clodsire
|-damage|p2a: Clodsire|70/100
|-unboost|p2a: Clodsire|spd|1
|move|p2a: Clodsire|Earthquake|p1a: Gholdengo
|-supereffective|p1a: Gholdengo
|-damage|p1a: Gholdengo|46/100
|
|turn|64
|
|move|p1a: Gholdengo|Make It Rain|p2a: Clodsire
|-damage|p2a: Clodsire|6/100
|-unboost|p1a: Gholdengo|spa|1
|move|p2a: Clodsire|Toxic|p1a: Gholdengo
|-immune|p1a: Gholdengo|[from] ability: Good as Gold
|
|turn|65
|
|switch|p2a: Slowking|Slowking-Galar, F|57/100
|move|p1a: Gholdengo|Shadow Ball|p2a: Slowking
|-supereffective|p2a: Slowking
|-damage|p2a: Slowking|26/100
|-unboost|p2a: Slowking|spd|1
|
|turn|66
|
|switch|p2a: Blissey|Blissey, F|90/100
|move|p1a: Gholdengo|Make It Rain|p2a: Blissey
|-damage|p2a: Blissey|79/100
|-unboost|p1a: Gholdengo|spa|1
|
|turn|67
|
|switch|p1a: Iron Treads|Iron Treads|100/100
|-enditem|p1a: Iron Treads|Booster Energy
|-activate|p1a: Iron Treads|ability: Quark Drive|[fromitem]
|-start|p1a: Iron Treads|quarkdrivespe
|-damage|p1a: Iron Treads|98/100|[from] Stealth Rock
|move|p2a: Blissey|Seismic Toss|p1a: Iron Treads
|-damage|p1a: Iron Treads|71/100
|
|turn|68
|
|switch|p2a: Alomomola|Alomomola, F|100/100
|move|p1a: Iron Treads|Rapid Spin|p2a: Alomomola
|-damage|p2a: Alomomola|94/100
|-boost|p1a: Iron Treads|spe|1
|-sideend|p1: 5sk|Stealth Rock|[from] move: Rapid Spin|[of] p1a: Iron Treads
|
|turn|69
|
|move|p1a: Iron Treads|Volt Switch|p2a: Alomomola
|-supereffective|p2a: Alomomola
|-damage|p2a: Alomomola|67/100
|
|-end|p1a: Iron Treads|Quark Drive|[silent]
|switch|p1a: Gholdengo|Gholdengo|46/100|[from] Volt Switch
|move|p2a: Alomomola|Whirlpool|p1a: Gholdengo|[miss]
|-miss|p2a: Alomomola|p1a: Gholdengo
|
|turn|70
|
|switch|p2a: Blissey|Blissey, F|79/100
|move|p1a: Gholdengo|Recover|p1a: Gholdengo
|-heal|p1a: Gholdengo|96/100
|
|turn|71
|
|switch|p1a: Kleavor|Kleavor, F|100/100
|move|p2a: Blissey|Stealth Rock|p1a: Kleavor
|-sidestart|p1: 5sk|move: Stealth Rock
|
|turn|72
|
|switch|p2a: Alomomola|Alomomola, F|99/100
|move|p1a: Kleavor|Close Combat|p2a: Alomomola
|-damage|p2a: Alomomola|78/100
|-unboost|p1a: Kleavor|def|1
|-unboost|p1a: Kleavor|spd|1
|
|turn|73
|
|switch|p1a: Arboliva|Arboliva, F|87/100
|-damage|p1a: Arboliva|75/100|[from] Stealth Rock
|move|p2a: Alomomola|Whirlpool|p1a: Arboliva
|-resisted|p1a: Arboliva
|-damage|p1a: Arboliva|72/100
|-activate|p1a: Arboliva|move: Whirlpool|[of] p2a: Alomomola
|-fieldstart|move: Grassy Terrain|[from] ability: Seed Sower|[of] p1a: Arboliva
|
|-heal|p1a: Arboliva|78/100|[from] Grassy Terrain
|-heal|p1a: Arboliva|84/100|[from] item: Leftovers
|-heal|p2a: Alomomola|84/100|[from] Grassy Terrain
|-damage|p1a: Arboliva|72/100|[from] move: Whirlpool|[partiallytrapped]
|turn|74
|
|-terastallize|p1a: Arboliva|Water
|-terastallize|p2a: Alomomola|Ghost
|move|p1a: Arboliva|Tera Blast|p2a: Alomomola
|-damage|p2a: Alomomola|42/100
|move|p2a: Alomomola|Wish|p2a: Alomomola
|
|-heal|p1a: Arboliva|78/100|[from] Grassy Terrain
|-heal|p1a: Arboliva|84/100|[from] item: Leftovers
|-heal|p2a: Alomomola|49/100|[from] Grassy Terrain
|-damage|p1a: Arboliva|72/100|[from] move: Whirlpool|[partiallytrapped]
|turn|75
|
|switch|p2a: Corviknight|Corviknight, M|44/100
|-damage|p2a: Corviknight|32/100|[from] Stealth Rock
|-ability|p2a: Corviknight|Pressure
|move|p1a: Arboliva|Earth Power|p2a: Corviknight
|-immune|p2a: Corviknight
|
|-heal|p2a: Corviknight|98/100|[from] move: Wish|[wisher] Alomomola
|-heal|p1a: Arboliva|78/100|[from] Grassy Terrain
|-heal|p1a: Arboliva|84/100|[from] item: Leftovers
|-end|p1a: Arboliva|Whirlpool|[partiallytrapped]|[silent]
|turn|76
|
|move|p2a: Corviknight|Iron Defense|p2a: Corviknight
|-boost|p2a: Corviknight|def|2
|move|p1a: Arboliva|Tera Blast|p2a: Corviknight
|-crit|p2a: Corviknight
|-damage|p2a: Corviknight|51/100
|
|-heal|p1a: Arboliva|91/100|[from] Grassy Terrain
|-heal|p1a: Arboliva|97/100|[from] item: Leftovers
|turn|77
|
|switch|p1a: Gholdengo|Gholdengo|96/100
|-damage|p1a: Gholdengo|90/100|[from] Stealth Rock
|move|p2a: Corviknight|Body Press|p1a: Gholdengo
|-immune|p1a: Gholdengo
|
|-heal|p1a: Gholdengo|96/100|[from] Grassy Terrain
|-fieldend|move: Grassy Terrain
|turn|78
|
|switch|p1a: Muk|Muk-Alola, F|63/100
|-damage|p1a: Muk|50/100|[from] Stealth Rock
|switch|p2a: Clodsire|Clodsire, F|6/100
|
|turn|79
|
|move|p1a: Muk|Knock Off|p2a: Clodsire
|-damage|p2a: Clodsire|0 fnt
|-enditem|p2a: Clodsire|Heavy-Duty Boots|[from] move: Knock Off|[of] p1a: Muk
|faint|p2a: Clodsire
|
|
|switch|p2a: Dondozo|Dondozo, F|46/100 slp
|-damage|p2a: Dondozo|33/100 slp|[from] Stealth Rock
|turn|80
|
|switch|p1a: Arboliva|Arboliva, F, tera:Water|97/100
|-damage|p1a: Arboliva|84/100|[from] Stealth Rock
|cant|p2a: Dondozo|slp
|move|p2a: Dondozo|Sleep Talk|p2a: Dondozo
|move|p2a: Dondozo|Liquidation|p1a: Arboliva|[from]move: Sleep Talk
|-resisted|p1a: Arboliva
|-damage|p1a: Arboliva|72/100
|-unboost|p1a: Arboliva|def|1
|-fieldstart|move: Grassy Terrain|[from] ability: Seed Sower|[of] p1a: Arboliva
|
|-heal|p1a: Arboliva|78/100|[from] Grassy Terrain
|-heal|p1a: Arboliva|84/100|[from] item: Leftovers
|-heal|p2a: Dondozo|39/100 slp|[from] Grassy Terrain
|turn|81
|
|switch|p2a: Blissey|Blissey, F|79/100
|move|p1a: Arboliva|Giga Drain|p2a: Blissey
|-damage|p2a: Blissey|66/100
|-heal|p1a: Arboliva|98/100|[from] drain|[of] p2a: Blissey
|
|-heal|p2a: Blissey|72/100|[from] Grassy Terrain
|-heal|p1a: Arboliva|100/100|[from] Grassy Terrain
|turn|82
|
|switch|p1a: Muk|Muk-Alola, F|50/100
|-damage|p1a: Muk|38/100|[from] Stealth Rock
|move|p2a: Blissey|Seismic Toss|p1a: Muk
|-damage|p1a: Muk|11/100
|
|-heal|p1a: Muk|17/100|[from] Grassy Terrain
|-heal|p2a: Blissey|78/100|[from] Grassy Terrain
|turn|83
|
|switch|p1a: Tauros|Tauros-Paldea-Aqua, M, shiny|77/100
|-damage|p1a: Tauros|71/100|[from] Stealth Rock
|-ability|p1a: Tauros|Intimidate|boost
|-unboost|p2a: Blissey|atk|1
|switch|p2a: Dondozo|Dondozo, F|39/100 slp
|-damage|p2a: Dondozo|27/100 slp|[from] Stealth Rock
|
|-heal|p1a: Tauros|77/100|[from] Grassy Terrain
|-heal|p2a: Dondozo|33/100 slp|[from] Grassy Terrain
|turn|84
|
|move|p1a: Tauros|Wild Charge|p2a: Dondozo
|-supereffective|p2a: Dondozo
|-damage|p2a: Dondozo|10/100 slp
|-damage|p1a: Tauros|68/100|[from] Recoil
|-curestatus|p2a: Dondozo|slp|[msg]
|move|p2a: Dondozo|Rest|p2a: Dondozo
|-status|p2a: Dondozo|slp|[from] move: Rest
|-heal|p2a: Dondozo|100/100 slp|[silent]
|
|-heal|p1a: Tauros|74/100|[from] Grassy Terrain
|-fieldend|move: Grassy Terrain
|turn|85
|
|move|p1a: Tauros|Body Press|p2a: Dondozo
|-damage|p2a: Dondozo|84/100 slp
|cant|p2a: Dondozo|slp
|move|p2a: Dondozo|Sleep Talk|p2a: Dondozo
|move|p2a: Dondozo|Liquidation|p1a: Tauros|[from]move: Sleep Talk
|-resisted|p1a: Tauros
|-damage|p1a: Tauros|63/100
|-damage|p2a: Dondozo|67/100 slp|[from] item: Rocky Helmet|[of] p1a: Tauros
|
|turn|86
|
|move|p1a: Tauros|Wild Charge|p2a: Dondozo
|-supereffective|p2a: Dondozo
|-crit|p2a: Dondozo
|-damage|p2a: Dondozo|37/100 slp
|-damage|p1a: Tauros|51/100|[from] Recoil
|cant|p2a: Dondozo|slp
|move|p2a: Dondozo|Sleep Talk|p2a: Dondozo
|move|p2a: Dondozo|Body Press|p1a: Tauros|[from]move: Sleep Talk
|-damage|p1a: Tauros|30/100
|-damage|p2a: Dondozo|20/100 slp|[from] item: Rocky Helmet|[of] p1a: Tauros
|
|turn|87
|
|move|p1a: Tauros|Wild Charge|p2a: Dondozo
|-supereffective|p2a: Dondozo
|-damage|p2a: Dondozo|0 fnt
|faint|p2a: Dondozo
|-damage|p1a: Tauros|22/100|[from] Recoil
|
|-message|Pig Worm forfeited.
|
|win|5sk
