|poke|p1|Urshifu-*, F|
|poke|p1|Landorus-Therian, M|
|poke|p1|Corviknight, M|
|poke|p1|Haxorus, F|
|poke|p1|Gholdengo|
|poke|p1|Rotom-Wash|
|poke|p2|Samurott-Hisui, F|
|poke|p2|Magearna|
|poke|p2|Iron Valiant|
|poke|p2|Kingambit, M|
|poke|p2|Dragapult, M|
|poke|p2|Walking Wake|
|teampreview
|
|start
|switch|p1a: Urshifu|Urshifu-Rapid-Strike, F|100/100
|switch|p2a: Samurott|Samurott-Hisui, F|100/100
|turn|1
|
|move|p1a: Urshifu|Swords Dance|p1a: Urshifu
|-boost|p1a: Urshifu|atk|2
|move|p2a: Samurott|Ceaseless Edge|p1a: Urshifu
|-resisted|p1a: Urshifu
|-damage|p1a: Urshifu|79/100
|-sidestart|p1: IveNoNick|Spikes
|
|turn|2
|
|move|p1a: Urshifu|Swords Dance|p1a: Urshifu
|-boost|p1a: Urshifu|atk|2
|move|p2a: Samurott|Sacred Sword|p1a: Urshifu
|-damage|p1a: Urshifu|40/100
|
|turn|3
|
|move|p1a: Urshifu|Drain Punch|p2a: Samurott
|-supereffective|p2a: Samurott
|-enditem|p2a: Samurott|Focus Sash
|-damage|p2a: Samurott|1/100
|-heal|p1a: Urshifu|83/100|[from] drain|[of] p2a: Samurott
|move|p2a: Samurott|Sacred Sword|p1a: Urshifu
|-damage|p1a: Urshifu|41/100
|
|turn|4
|
|move|p1a: Urshifu|Aqua Jet|p2a: Samurott
|-resisted|p2a: Samurott
|-damage|p2a: Samurott|0 fnt
|faint|p2a: Samurott
|
|
|switch|p2a: Walking Wake|Walking Wake|100/100
|-enditem|p2a: Walking Wake|Booster Energy
|-activate|p2a: Walking Wake|ability: Protosynthesis|[fromitem]
|-start|p2a: Walking Wake|protosynthesisspa
|turn|5
|
|switch|p1a: Rotom|Rotom-Wash|100/100
|move|p2a: Walking Wake|Dragon Pulse|p1a: Rotom
|-damage|p1a: Rotom|34/100
|
|-heal|p1a: Rotom|40/100|[from] item: Leftovers
|turn|6
|
|switch|p1a: Gholdengo|Gholdengo|100/100
|-damage|p1a: Gholdengo|88/100|[from] Spikes
|move|p2a: Walking Wake|Substitute|p2a: Walking Wake
|-start|p2a: Walking Wake|Substitute
|-damage|p2a: Walking Wake|76/100
|
|turn|7
|
|move|p1a: Gholdengo|Shadow Ball|p2a: Walking Wake
|-end|p2a: Walking Wake|Substitute
|move|p2a: Walking Wake|Agility|p2a: Walking Wake
|-boost|p2a: Walking Wake|spe|2
|
|turn|8
|
|move|p2a: Walking Wake|Hydro Steam|p1a: Gholdengo
|-damage|p1a: Gholdengo|16/100
|move|p1a: Gholdengo|Shadow Ball|p2a: Walking Wake
|-damage|p2a: Walking Wake|30/100
|
|turn|9
|
|move|p2a: Walking Wake|Hydro Steam|p1a: Gholdengo
|-damage|p1a: Gholdengo|0 fnt
|faint|p1a: Gholdengo
|
|
|switch|p1a: Corviknight|Corviknight, M, shiny|100/100
|-ability|p1a: Corviknight|Pressure
|turn|10
|
|move|p2a: Walking Wake|Hydro Steam|p1a: Corviknight
|-crit|p1a: Corviknight
|-damage|p1a: Corviknight|23/100
|move|p1a: Corviknight|Brave Bird|p2a: Walking Wake
|-damage|p2a: Walking Wake|0 fnt
|faint|p2a: Walking Wake
|-end|p2a: Walking Wake|Protosynthesis|[silent]
|-damage|p1a: Corviknight|15/100|[from] Recoil
|
|
|switch|p2a: Magearna|Magearna|100/100
|turn|11
|
|move|p2a: Magearna|Shift Gear|p2a: Magearna
|-boost|p2a: Magearna|spe|2
|-boost|p2a: Magearna|atk|1
|move|p1a: Corviknight|U-turn|p2a: Magearna
|-resisted|p2a: Magearna
|-damage|p2a: Magearna|98/100
|
|switch|p1a: Landorus|Landorus-Therian, M, shiny|100/100|[from] U-turn
|-ability|p1a: Landorus|Intimidate|boost
|-unboost|p2a: Magearna|atk|1
|
|-heal|p2a: Magearna|100/100|[from] item: Leftovers
|turn|12
|
|-terastallize|p2a: Magearna|Water
|move|p2a: Magearna|Calm Mind|p2a: Magearna
|-boost|p2a: Magearna|spa|1
|-boost|p2a: Magearna|spd|1
|move|p1a: Landorus|Earthquake|p2a: Magearna
|-damage|p2a: Magearna|65/100
|
|-heal|p2a: Magearna|71/100|[from] item: Leftovers
|turn|13
|
|move|p2a: Magearna|Calm Mind|p2a: Magearna
|-boost|p2a: Magearna|spa|1
|-boost|p2a: Magearna|spd|1
|move|p1a: Landorus|Earthquake|p2a: Magearna
|-damage|p2a: Magearna|38/100
|
|-heal|p2a: Magearna|44/100|[from] item: Leftovers
|turn|14
|
|switch|p1a: Corviknight|Corviknight, M, shiny|15/100
|-ability|p1a: Corviknight|Pressure
|move|p2a: Magearna|Draining Kiss|p1a: Corviknight
|-resisted|p1a: Corviknight
|-crit|p1a: Corviknight
|-damage|p1a: Corviknight|0 fnt
|-heal|p2a: Magearna|57/100|[from] drain|[of] p1a: Corviknight
|-damage|p2a: Magearna|41/100|[from] item: Rocky Helmet|[of] p1a: Corviknight
|faint|p1a: Corviknight
|-ability|p2a: Magearna|Soul-Heart|boost
|-boost|p2a: Magearna|spa|1
|
|-heal|p2a: Magearna|47/100|[from] item: Leftovers
|
|switch|p1a: Haxorus|Haxorus, F, shiny|100/100
|-damage|p1a: Haxorus|88/100|[from] Spikes
|-ability|p1a: Haxorus|Mold Breaker
|turn|15
|
|-terastallize|p1a: Haxorus|Steel
|move|p2a: Magearna|Draining Kiss|p1a: Haxorus
|-resisted|p1a: Haxorus
|-damage|p1a: Haxorus|50/100
|-heal|p2a: Magearna|72/100|[from] drain|[of] p1a: Haxorus
|move|p1a: Haxorus|Dragon Dance|p1a: Haxorus
|-boost|p1a: Haxorus|atk|1
|-boost|p1a: Haxorus|spe|1
|
|-heal|p2a: Magearna|78/100|[from] item: Leftovers
|turn|16
|
|move|p1a: Haxorus|Dragon Claw|p2a: Magearna
|-damage|p2a: Magearna|18/100
|-damage|p1a: Haxorus|40/100|[from] item: Life Orb
|move|p2a: Magearna|Stored Power|p1a: Haxorus
|-resisted|p1a: Haxorus
|-damage|p1a: Haxorus|0 fnt
|faint|p1a: Haxorus
|-ability|p2a: Magearna|Soul-Heart|boost
|-boost|p2a: Magearna|spa|1
|
|-heal|p2a: Magearna|23/100|[from] item: Leftovers
|
|switch|p1a: Landorus|Landorus-Therian, M, shiny|100/100
|-ability|p1a: Landorus|Intimidate|boost
|-unboost|p2a: Magearna|atk|1
|turn|17
|
|move|p2a: Magearna|Stored Power|p1a: Landorus
|-damage|p1a: Landorus|0 fnt
|faint|p1a: Landorus
|-ability|p2a: Magearna|Soul-Heart|boost
|-boost|p2a: Magearna|spa|1
|
|-heal|p2a: Magearna|29/100|[from] item: Leftovers
|-message|IveNoNick forfeited.
|
|win|blyargh
|l|☆IveNoNick
|j|☆IveNoNick
|player|p1|IveNoNick|2
|l|☆blyargh
|j| purple pastels
