|poke|p1|Typhlosion, M|
|poke|p1|Torkoal, M|
|poke|p1|Walking Wake|
|poke|p1|Lilligant-Hisui, F|
|poke|p1|Great Tusk|
|poke|p1|Rotom-Heat|
|poke|p2|Torkoal, F|
|poke|p2|Hatterene, F|
|poke|p2|Brute Bonnet|
|poke|p2|Ceruledge, M|
|poke|p2|Great Tusk|
|poke|p2|Walking Wake|
|teampreview
|
|start
|switch|p1a: Torkoal|Torkoal, M|100/100
|switch|p2a: Torkoal|Torkoal, F|100/100
|-weather|SunnyDay|[from] ability: Drought|[of] p1a: Torkoal
|turn|1
|
|switch|p1a: Lilligant|Lilligant-Hisui, F, shiny|100/100
|move|p2a: Torkoal|Stealth Rock|p1a: Lilligant
|-sidestart|p1: p1|move: Stealth Rock
|
|-weather|SunnyDay|[upkeep]
|turn|2
|
|switch|p1a: Great Tusk|Great Tusk|100/100
|-damage|p1a: Great Tusk|98/100|[from] Stealth Rock
|-activate|p1a: Great Tusk|ability: Protosynthesis
|-start|p1a: Great Tusk|protosynthesisdef
|move|p2a: Torkoal|Lava Plume|p1a: Great Tusk
|-damage|p1a: Great Tusk|43/100
|-status|p1a: Great Tusk|brn
|
|-weather|SunnyDay|[upkeep]
|-heal|p1a: Great Tusk|49/100 brn|[from] item: Leftovers
|-damage|p1a: Great Tusk|43/100 brn|[from] brn
|turn|3
|
|move|p1a: Great Tusk|Rapid Spin|p2a: Torkoal
|-damage|p2a: Torkoal|96/100
|-boost|p1a: Great Tusk|spe|1
|-sideend|p1: p1|Stealth Rock|[from] move: Rapid Spin|[of] p1a: Great Tusk
|move|p2a: Torkoal|Lava Plume|p1a: Great Tusk
|-damage|p1a: Great Tusk|0 fnt
|faint|p1a: Great Tusk
|-end|p1a: Great Tusk|Protosynthesis|[silent]
|
|-weather|SunnyDay|[upkeep]
|
|switch|p1a: Walking Wake|Walking Wake|100/100
|-activate|p1a: Walking Wake|ability: Protosynthesis
|-start|p1a: Walking Wake|protosynthesisspa
|turn|4
|
|switch|p2a: Brute Bonnet|Brute Bonnet|100/100
|-activate|p2a: Brute Bonnet|ability: Protosynthesis
|-start|p2a: Brute Bonnet|protosynthesisatk
|move|p1a: Walking Wake|Draco Meteor|p2a: Brute Bonnet
|-damage|p2a: Brute Bonnet|24/100
|-unboost|p1a: Walking Wake|spa|2
|
|-weather|SunnyDay|[upkeep]
|turn|5
|
|-end|p1a: Walking Wake|Protosynthesis|[silent]
|switch|p1a: Lilligant|Lilligant-Hisui, F, shiny|100/100
|-end|p2a: Brute Bonnet|Protosynthesis|[silent]
|switch|p2a: Ceruledge|Ceruledge, M|100/100
|
|-weather|SunnyDay|[upkeep]
|turn|6
|
|switch|p1a: Walking Wake|Walking Wake|100/100
|-activate|p1a: Walking Wake|ability: Protosynthesis
|-start|p1a: Walking Wake|protosynthesisspa
|move|p2a: Ceruledge|Bitter Blade|p1a: Walking Wake
|-resisted|p1a: Walking Wake
|-damage|p1a: Walking Wake|85/100
|
|-weather|SunnyDay|[upkeep]
|turn|7
|
|switch|p2a: Brute Bonnet|Brute Bonnet|24/100
|-activate|p2a: Brute Bonnet|ability: Protosynthesis
|-start|p2a: Brute Bonnet|protosynthesisatk
|move|p1a: Walking Wake|Hydro Steam|p2a: Brute Bonnet
|-resisted|p2a: Brute Bonnet
|-damage|p2a: Brute Bonnet|0 fnt
|faint|p2a: Brute Bonnet
|-end|p2a: Brute Bonnet|Protosynthesis|[silent]
|
|-weather|SunnyDay|[upkeep]
|
|switch|p2a: Walking Wake|Walking Wake|100/100
|-activate|p2a: Walking Wake|ability: Protosynthesis
|-start|p2a: Walking Wake|protosynthesisspe
|turn|8
|
|-end|p1a: Walking Wake|Protosynthesis|[silent]
|switch|p1a: Rotom|Rotom-Heat|100/100
|move|p2a: Walking Wake|Draco Meteor|p1a: Rotom
|-damage|p1a: Rotom|1/100
|-unboost|p2a: Walking Wake|spa|2
|
|-weather|none
|-end|p2a: Walking Wake|Protosynthesis
|turn|9
|
|move|p2a: Walking Wake|Draco Meteor|p1a: Rotom
|-damage|p1a: Rotom|0 fnt
|-unboost|p2a: Walking Wake|spa|2
|faint|p1a: Rotom
|
|
|switch|p1a: Torkoal|Torkoal, M|100/100
|-weather|SunnyDay|[from] ability: Drought|[of] p1a: Torkoal
|-activate|p2a: Walking Wake|ability: Protosynthesis
|-start|p2a: Walking Wake|protosynthesisspe
|turn|10
|
|-end|p2a: Walking Wake|Protosynthesis|[silent]
|switch|p2a: Hatterene|Hatterene, F|100/100
|move|p1a: Torkoal|Stealth Rock|p2a: Hatterene
|move|p2a: Hatterene|Stealth Rock|p1a: Torkoal|[from]ability: Magic Bounce
|-sidestart|p1: p1|move: Stealth Rock
|
|-weather|SunnyDay|[upkeep]
|turn|11
|
|move|p2a: Hatterene|Psychic|p1a: Torkoal
|-damage|p1a: Torkoal|34/100
|move|p1a: Torkoal|Rapid Spin|p2a: Hatterene
|-damage|p2a: Hatterene|92/100
|-boost|p1a: Torkoal|spe|1
|-sideend|p1: p1|Stealth Rock|[from] move: Rapid Spin|[of] p1a: Torkoal
|-enditem|p2a: Hatterene|Red Card|[of] p1a: Torkoal
|drag|p1a: Typhlosion|Typhlosion, M|100/100
|
|-weather|SunnyDay|[upkeep]
|turn|12
|
|-terastallize|p1a: Typhlosion|Fire
|move|p1a: Typhlosion|Eruption|p2a: Hatterene
|-damage|p2a: Hatterene|0 fnt
|faint|p2a: Hatterene
|
|-weather|SunnyDay|[upkeep]
|
|switch|p2a: Walking Wake|Walking Wake|100/100
|-activate|p2a: Walking Wake|ability: Protosynthesis
|-start|p2a: Walking Wake|protosynthesisspe
|turn|13
|
|switch|p1a: Lilligant|Lilligant-Hisui, F, shiny|100/100
|move|p2a: Walking Wake|Draco Meteor|p1a: Lilligant
|-damage|p1a: Lilligant|0 fnt
|-unboost|p2a: Walking Wake|spa|2
|faint|p1a: Lilligant
|
|-weather|SunnyDay|[upkeep]
|
|switch|p1a: Walking Wake|Walking Wake|85/100
|-activate|p1a: Walking Wake|ability: Protosynthesis
|-start|p1a: Walking Wake|protosynthesisspa
|turn|14
|
|move|p1a: Walking Wake|Hydro Steam|p2a: Walking Wake
|-resisted|p2a: Walking Wake
|-damage|p2a: Walking Wake|77/100
|move|p2a: Walking Wake|Draco Meteor|p1a: Walking Wake
|-supereffective|p1a: Walking Wake
|-damage|p1a: Walking Wake|0 fnt
|-unboost|p2a: Walking Wake|spa|2
|faint|p1a: Walking Wake
|-end|p1a: Walking Wake|Protosynthesis|[silent]
|
|-weather|SunnyDay|[upkeep]
|
|switch|p1a: Typhlosion|Typhlosion, M, tera:Fire|100/100
|turn|15
|
|-end|p2a: Walking Wake|Protosynthesis|[silent]
|switch|p2a: Ceruledge|Ceruledge, M|100/100
|move|p1a: Typhlosion|Shadow Ball|p2a: Ceruledge
|-supereffective|p2a: Ceruledge
|-damage|p2a: Ceruledge|62/100
|
|-weather|SunnyDay|[upkeep]
|turn|16
|
|move|p1a: Typhlosion|Shadow Ball|p2a: Ceruledge
|-supereffective|p2a: Ceruledge
|-damage|p2a: Ceruledge|20/100
|-unboost|p2a: Ceruledge|spd|1
|move|p2a: Ceruledge|Bitter Blade|p1a: Typhlosion
|-resisted|p1a: Typhlosion
|-damage|p1a: Typhlosion|59/100
|-heal|p2a: Ceruledge|38/100|[from] drain|[of] p1a: Typhlosion
|
|-weather|SunnyDay|[upkeep]
|turn|17
|
|move|p2a: Ceruledge|Shadow Sneak|p1a: Typhlosion
|-damage|p1a: Typhlosion|36/100
|move|p1a: Typhlosion|Shadow Ball|p2a: Ceruledge
|-supereffective|p2a: Ceruledge
|-damage|p2a: Ceruledge|0 fnt
|faint|p2a: Ceruledge
|
|-weather|none
|
|switch|p2a: Walking Wake|Walking Wake|77/100
|turn|18
|
|switch|p1a: Torkoal|Torkoal, M|34/100
|-weather|SunnyDay|[from] ability: Drought|[of] p1a: Torkoal
|-activate|p2a: Walking Wake|ability: Protosynthesis
|-start|p2a: Walking Wake|protosynthesisspe
|move|p2a: Walking Wake|Hydro Steam|p1a: Torkoal
|-supereffective|p1a: Torkoal
|-damage|p1a: Torkoal|0 fnt
|faint|p1a: Torkoal
|
|-weather|SunnyDay|[upkeep]
|
|switch|p1a: Typhlosion|Typhlosion, M, tera:Fire|36/100
|turn|19
|
|move|p2a: Walking Wake|Hydro Steam|p1a: Typhlosion
|-supereffective|p1a: Typhlosion
|-damage|p1a: Typhlosion|0 fnt
|faint|p1a: Typhlosion
|
|win|p2
