# advantage = p2
|poke|p1|Zamazenta-*|
|poke|p1|Great Tusk|
|poke|p1|Ting-Lu|
|poke|p1|Toxapex, M|
|poke|p1|Mew|
|poke|p1|Volcanion|
|poke|p2|Chien-Pao|
|poke|p2|Zamazenta-*|
|poke|p2|Urshifu-*, F|
|poke|p2|Sneasler, M|
|poke|p2|Skeledirge, M|
|poke|p2|Thundurus-Therian, M|
|teampreview
|
|start
|switch|p1a: Mew|Mew|100/100
|switch|p2a: Sneasler|Sneasler, M|100/100
|-item|p2a: Sneasler|Air Balloon
|turn|1
|
|move|p1a: Mew|Psychic|p2a: Sneasler
|-supereffective|p2a: Sneasler
|-damage|p2a: Sneasler|0 fnt
|-enditem|p2a: Sneasler|Air Balloon
|faint|p2a: Sneasler
|
|
|switch|p2a: Chien-Pao|Chien-Pao|100/100
|-ability|p2a: Chien-Pao|Sword of Ruin
|turn|2
|
|switch|p1a: Great Tusk|Great Tusk|100/100
|move|p2a: Chien-Pao|Icicle Crash|p1a: Great Tusk
|-supereffective|p1a: Great Tusk
|-damage|p1a: Great Tusk|48/100
|
|-heal|p1a: Great Tusk|54/100|[from] item: Leftovers
|turn|3
|
|-end|p1a: Great Tusk|Protosynthesis|[silent]
|switch|p1a: Zamazenta|Zamazenta-Crowned|100/100
|-ability|p1a: Zamazenta|Dauntless Shield|boost
|-boost|p1a: Zamazenta|def|1
|move|p2a: Chien-Pao|Icicle Crash|p1a: Zamazenta
|-resisted|p1a: Zamazenta
|-damage|p1a: Zamazenta|90/100
|
|turn|4
|
|switch|p2a: Skeledirge|Skeledirge, M|100/100
|move|p1a: Zamazenta|Body Press|p2a: Skeledirge
|-immune|p2a: Skeledirge
|
|turn|5
|
|switch|p1a: Ting-Lu|Ting-Lu|100/100
|-ability|p1a: Ting-Lu|Vessel of Ruin
|switch|p2a: Zamazenta|Zamazenta|100/100
|-ability|p2a: Zamazenta|Dauntless Shield|boost
|-boost|p2a: Zamazenta|def|1
|
|turn|6
|
|switch|p1a: Great Tusk|Great Tusk|54/100
|move|p2a: Zamazenta|Body Press|p1a: Great Tusk
|-damage|p1a: Great Tusk|33/100
|
|-heal|p1a: Great Tusk|39/100|[from] item: Leftovers
|turn|7
|
|move|p2a: Zamazenta|Iron Defense|p2a: Zamazenta
|-boost|p2a: Zamazenta|def|2
|move|p1a: Great Tusk|Stealth Rock|p2a: Zamazenta
|-sidestart|p2: p2|move: Stealth Rock
|
|-heal|p1a: Great Tusk|45/100|[from] item: Leftovers
|turn|8
|
|-end|p1a: Great Tusk|Protosynthesis|[silent]
|switch|p1a: Toxapex|Toxapex, M|100/100
|move|p2a: Zamazenta|Substitute|p2a: Zamazenta
|-start|p2a: Zamazenta|Substitute
|-damage|p2a: Zamazenta|75/100
|
|-heal|p2a: Zamazenta|82/100|[from] item: Leftovers
|turn|9
|
|move|p2a: Zamazenta|Body Press|p1a: Toxapex
|-resisted|p1a: Toxapex
|-damage|p1a: Toxapex|68/100
|move|p1a: Toxapex|Surf|p2a: Zamazenta
|-activate|p2a: Zamazenta|move: Substitute|[damage]
|
|-heal|p2a: Zamazenta|88/100|[from] item: Leftovers
|turn|10
|
|move|p2a: Zamazenta|Iron Defense|p2a: Zamazenta
|-boost|p2a: Zamazenta|def|2
|move|p1a: Toxapex|Surf|p2a: Zamazenta
|-end|p2a: Zamazenta|Substitute
|
|-heal|p2a: Zamazenta|94/100|[from] item: Leftovers
|turn|11
|
|move|p2a: Zamazenta|Substitute|p2a: Zamazenta
|-start|p2a: Zamazenta|Substitute
|-damage|p2a: Zamazenta|69/100
|move|p1a: Toxapex|Acid Spray|p2a: Zamazenta
|-activate|p2a: Zamazenta|move: Substitute|[damage]
|
|-heal|p2a: Zamazenta|75/100|[from] item: Leftovers
|turn|12
|
|move|p2a: Zamazenta|Iron Defense|p2a: Zamazenta
|-boost|p2a: Zamazenta|def|1
|move|p1a: Toxapex|Sludge Bomb|p2a: Zamazenta
|-crit|p2a: Zamazenta
|-end|p2a: Zamazenta|Substitute
|
|-heal|p2a: Zamazenta|81/100|[from] item: Leftovers
|turn|13
|
|move|p2a: Zamazenta|Substitute|p2a: Zamazenta
|-start|p2a: Zamazenta|Substitute
|-damage|p2a: Zamazenta|56/100
|move|p1a: Toxapex|Sludge Bomb|p2a: Zamazenta
|-activate|p2a: Zamazenta|move: Substitute|[damage]
|
|-heal|p2a: Zamazenta|63/100|[from] item: Leftovers
|turn|14
|
|move|p2a: Zamazenta|Body Press|p1a: Toxapex
|-resisted|p1a: Toxapex
|-damage|p1a: Toxapex|18/100
|move|p1a: Toxapex|Sludge Bomb|p2a: Zamazenta
|-end|p2a: Zamazenta|Substitute
|
|-heal|p2a: Zamazenta|69/100|[from] item: Leftovers
|turn|15
|
|move|p2a: Zamazenta|Substitute|p2a: Zamazenta
|-start|p2a: Zamazenta|Substitute
|-damage|p2a: Zamazenta|44/100
|move|p1a: Toxapex|Sludge Bomb|p2a: Zamazenta
|-activate|p2a: Zamazenta|move: Substitute|[damage]
|
|-heal|p2a: Zamazenta|50/100|[from] item: Leftovers
|turn|16
|
|move|p2a: Zamazenta|Body Press|p1a: Toxapex
|-resisted|p1a: Toxapex
|-damage|p1a: Toxapex|0 fnt
|faint|p1a: Toxapex
|
|-heal|p2a: Zamazenta|56/100|[from] item: Leftovers
|
|switch|p1a: Mew|Mew|100/100
|turn|17
|
|-terastallize|p2a: Zamazenta|Fairy
|move|p1a: Mew|Psychic|p2a: Zamazenta
|-end|p2a: Zamazenta|Substitute
|move|p2a: Zamazenta|Crunch|p1a: Mew
|-supereffective|p1a: Mew
|-damage|p1a: Mew|58/100
|
|-heal|p2a: Zamazenta|62/100|[from] item: Leftovers
|turn|18
|
|move|p1a: Mew|Psychic|p2a: Zamazenta
|-damage|p2a: Zamazenta|31/100
|move|p2a: Zamazenta|Body Press|p1a: Mew
|-resisted|p1a: Mew
|-damage|p1a: Mew|2/100
|
|-heal|p2a: Zamazenta|38/100|[from] item: Leftovers
|turn|19
|
|move|p1a: Mew|Psychic|p2a: Zamazenta
|-damage|p2a: Zamazenta|5/100
|move|p2a: Zamazenta|Crunch|p1a: Mew
|-supereffective|p1a: Mew
|-damage|p1a: Mew|0 fnt
|faint|p1a: Mew
|
|-heal|p2a: Zamazenta|11/100|[from] item: Leftovers
|
|switch|p1a: Zamazenta|Zamazenta-Crowned|90/100
|turn|20
|
|move|p2a: Zamazenta|Body Press|p1a: Zamazenta
|-supereffective|p1a: Zamazenta
|-damage|p1a: Zamazenta|0 fnt
|faint|p1a: Zamazenta
|
|-heal|p2a: Zamazenta|17/100|[from] item: Leftovers
|-message|p1 forfeited.
|
|win|p2
