|poke|p1|Urshifu-*, M|
|poke|p1|Magearna|
|poke|p1|Slowking-Galar, M|
|poke|p1|Corviknight, M|
|poke|p1|Great Tusk|
|poke|p1|Dragapult, M|
|poke|p2|Dragonite, F|
|poke|p2|Houndstone, F|
|poke|p2|Ting-Lu|
|poke|p2|Gholdengo|
|poke|p2|Slowbro-Galar, F|
|poke|p2|Great Tusk|
|teampreview
|
|start
|switch|p1a: Urshifu|Urshifu-Rapid-Strike, M|100/100
|switch|p2a: Houndstone|Houndstone, F|100/100
|turn|1
|
|move|p1a: Urshifu|U-turn|p2a: Houndstone
|-resisted|p2a: Houndstone
|-damage|p2a: Houndstone|94/100
|
|switch|p1a: Slowking|Slowking-Galar, M|100/100|[from] U-turn
|move|p2a: Houndstone|Will-O-Wisp|p1a: Slowking
|-status|p1a: Slowking|brn
|
|-heal|p2a: Houndstone|99/100|[from] item: Leftovers
|-damage|p1a: Slowking|94/100 brn|[from] brn
|turn|2
|
|switch|p2a: Ting-Lu|Ting-Lu|100/100
|-ability|p2a: Ting-Lu|Vessel of Ruin
|move|p1a: Slowking|Future Sight|p2a: Ting-Lu
|-start|p1a: Slowking|move: Future Sight
|
|-damage|p1a: Slowking|88/100 brn|[from] brn
|turn|3
|
|switch|p1a: Urshifu|Urshifu-Rapid-Strike, M|100/100
|move|p2a: Ting-Lu|Whirlwind|p1a: Urshifu
|drag|p1a: Great Tusk|Great Tusk|100/100
|
|turn|4
|
|move|p1a: Great Tusk|Knock Off|p2a: Ting-Lu
|-resisted|p2a: Ting-Lu
|-damage|p2a: Ting-Lu|92/100
|-enditem|p2a: Ting-Lu|Leftovers|[from] move: Knock Off|[of] p1a: Great Tusk
|move|p2a: Ting-Lu|Spikes|p1a: Great Tusk
|-sidestart|p1: PartyRockaholic|Spikes
|
|-end|p2a: Ting-Lu|move: Future Sight
|-immune|p2a: Ting-Lu
|turn|5
|
|switch|p2a: Houndstone|Houndstone, F|99/100
|move|p1a: Great Tusk|Stealth Rock|p2a: Houndstone
|-sidestart|p2: testertester123|move: Stealth Rock
|
|-heal|p2a: Houndstone|100/100|[from] item: Leftovers
|turn|6
|
|move|p1a: Great Tusk|Knock Off|p2a: Houndstone
|-supereffective|p2a: Houndstone
|-damage|p2a: Houndstone|81/100
|-enditem|p2a: Houndstone|Leftovers|[from] move: Knock Off|[of] p1a: Great Tusk
|move|p2a: Houndstone|Night Shade|p1a: Great Tusk
|-damage|p1a: Great Tusk|77/100
|
|-heal|p1a: Great Tusk|84/100|[from] item: Leftovers
|turn|7
|
|-end|p1a: Great Tusk|Protosynthesis|[silent]
|switch|p1a: Slowking|Slowking-Galar, M|100/100 brn
|-damage|p1a: Slowking|88/100 brn|[from] Spikes
|move|p2a: Houndstone|Will-O-Wisp|p1a: Slowking
|-fail|p1a: Slowking|brn
|
|-damage|p1a: Slowking|82/100 brn|[from] brn
|turn|8
|
|switch|p2a: Great Tusk|Great Tusk|100/100
|-damage|p2a: Great Tusk|97/100|[from] Stealth Rock
|move|p1a: Slowking|Future Sight|p2a: Great Tusk
|-start|p1a: Slowking|move: Future Sight
|
|-damage|p1a: Slowking|76/100 brn|[from] brn
|turn|9
|
|switch|p1a: Corviknight|Corviknight, M|100/100
|-ability|p1a: Corviknight|Pressure
|move|p2a: Great Tusk|Stealth Rock|p1a: Corviknight
|-sidestart|p1: PartyRockaholic|move: Stealth Rock
|
|turn|10
|
|-end|p2a: Great Tusk|Protosynthesis|[silent]
|switch|p2a: Ting-Lu|Ting-Lu|92/100
|-damage|p2a: Ting-Lu|86/100|[from] Stealth Rock
|-ability|p2a: Ting-Lu|Vessel of Ruin
|move|p1a: Corviknight|U-turn|p2a: Ting-Lu
|-supereffective|p2a: Ting-Lu
|-damage|p2a: Ting-Lu|71/100
|
|switch|p1a: Great Tusk|Great Tusk|84/100|[from] U-turn
|-damage|p1a: Great Tusk|71/100|[from] Spikes
|-damage|p1a: Great Tusk|68/100|[from] Stealth Rock
|
|-end|p2a: Ting-Lu|move: Future Sight
|-immune|p2a: Ting-Lu
|-heal|p1a: Great Tusk|74/100|[from] item: Leftovers
|turn|11
|
|move|p1a: Great Tusk|Rapid Spin|p2a: Ting-Lu
|-damage|p2a: Ting-Lu|62/100
|-boost|p1a: Great Tusk|spe|1
|-sideend|p1: PartyRockaholic|Spikes|[from] move: Rapid Spin|[of] p1a: Great Tusk
|-sideend|p1: PartyRockaholic|Stealth Rock|[from] move: Rapid Spin|[of] p1a: Great Tusk
|move|p2a: Ting-Lu|Ruination|p1a: Great Tusk
|-damage|p1a: Great Tusk|38/100
|
|-heal|p1a: Great Tusk|44/100|[from] item: Leftovers
|turn|12
|
|-end|p1a: Great Tusk|Protosynthesis|[silent]
|switch|p1a: Urshifu|Urshifu-Rapid-Strike, M|100/100
|move|p2a: Ting-Lu|Spikes|p1a: Urshifu
|-sidestart|p1: PartyRockaholic|Spikes
|
|turn|13
|
|-terastallize|p1a: Urshifu|Water
|move|p1a: Urshifu|Surging Strikes|p2a: Ting-Lu
|-supereffective|p2a: Ting-Lu
|-crit|p2a: Ting-Lu
|-damage|p2a: Ting-Lu|16/100
|-supereffective|p2a: Ting-Lu
|-crit|p2a: Ting-Lu
|-damage|p2a: Ting-Lu|0 fnt
|faint|p2a: Ting-Lu
|-hitcount|p2: Ting-Lu|2
|
|
|switch|p2a: Houndstone|Houndstone, F|81/100
|-damage|p2a: Houndstone|69/100|[from] Stealth Rock
|turn|14
|
|switch|p1a: Slowking|Slowking-Galar, M|100/100 brn
|-damage|p1a: Slowking|88/100 brn|[from] Spikes
|move|p2a: Houndstone|Will-O-Wisp|p1a: Slowking
|-fail|p1a: Slowking|brn
|
|-damage|p1a: Slowking|82/100 brn|[from] brn
|turn|15
|
|switch|p2a: Great Tusk|Great Tusk|97/100
|-damage|p2a: Great Tusk|94/100|[from] Stealth Rock
|move|p1a: Slowking|Future Sight|p2a: Great Tusk
|-start|p1a: Slowking|move: Future Sight
|
|-damage|p1a: Slowking|76/100 brn|[from] brn
|turn|16
|
|switch|p1a: Corviknight|Corviknight, M|100/100
|-ability|p1a: Corviknight|Pressure
|move|p2a: Great Tusk|Knock Off|p1a: Corviknight
|-damage|p1a: Corviknight|85/100
|-damage|p2a: Great Tusk|78/100|[from] item: Rocky Helmet|[of] p1a: Corviknight
|-enditem|p1a: Corviknight|Rocky Helmet|[from] move: Knock Off|[of] p2a: Great Tusk
|
|turn|17
|
|move|p2a: Great Tusk|Stealth Rock|p1a: Corviknight
|-sidestart|p1: PartyRockaholic|move: Stealth Rock
|move|p1a: Corviknight|U-turn|p2a: Great Tusk
|-resisted|p2a: Great Tusk
|-damage|p2a: Great Tusk|75/100
|-damage|p1a: Corviknight|68/100|[from] item: Rocky Helmet|[of] p2a: Great Tusk
|
|switch|p1a: Slowking|Slowking-Galar, M|100/100 brn|[from] U-turn
|-damage|p1a: Slowking|88/100 brn|[from] Spikes
|-damage|p1a: Slowking|76/100 brn|[from] Stealth Rock
|
|-end|p2a: Great Tusk|move: Future Sight
|-supereffective|p2a: Great Tusk
|-damage|p2a: Great Tusk|0 fnt
|faint|p2a: Great Tusk
|-end|p2a: Great Tusk|Protosynthesis|[silent]
|-damage|p1a: Slowking|70/100 brn|[from] brn
|
|switch|p2a: Gholdengo|Gholdengo|100/100
|turn|18
|
|move|p2a: Gholdengo|Nasty Plot|p2a: Gholdengo
|-boost|p2a: Gholdengo|spa|2
|move|p1a: Slowking|Flamethrower|p2a: Gholdengo
|-supereffective|p2a: Gholdengo
|-damage|p2a: Gholdengo|40/100
|
|-damage|p1a: Slowking|63/100 brn|[from] brn
|turn|19
|
|switch|p1a: Great Tusk|Great Tusk|44/100
|-damage|p1a: Great Tusk|31/100|[from] Spikes
|-damage|p1a: Great Tusk|28/100|[from] Stealth Rock
|move|p2a: Gholdengo|Shadow Ball|p1a: Great Tusk
|-damage|p1a: Great Tusk|0 fnt
|faint|p1a: Great Tusk
|-end|p1a: Great Tusk|Protosynthesis|[silent]
|
|
|switch|p1a: Dragapult|Dragapult, M|100/100
|-damage|p1a: Dragapult|88/100|[from] Spikes
|-damage|p1a: Dragapult|76/100|[from] Stealth Rock
|turn|20
|
|move|p1a: Dragapult|Shadow Ball|p2a: Gholdengo
|-supereffective|p2a: Gholdengo
|-damage|p2a: Gholdengo|0 fnt
|faint|p2a: Gholdengo
|
|
|switch|p2a: Dragonite|Dragonite, F|100/100
|turn|21
|
|move|p1a: Dragapult|Shadow Ball|p2a: Dragonite
|-damage|p2a: Dragonite|77/100
|move|p2a: Dragonite|Dragon Dance|p2a: Dragonite
|-boost|p2a: Dragonite|atk|1
|-boost|p2a: Dragonite|spe|1
|
|turn|22
|
|move|p1a: Dragapult|Shadow Ball|p2a: Dragonite
|-damage|p2a: Dragonite|28/100
|move|p2a: Dragonite|Dragon Dance|p2a: Dragonite
|-boost|p2a: Dragonite|atk|1
|-boost|p2a: Dragonite|spe|1
|
|turn|23
|
|move|p2a: Dragonite|Earthquake|p1a: Dragapult
|-damage|p1a: Dragapult|0 fnt
|faint|p1a: Dragapult
|
|
|switch|p1a: Urshifu|Urshifu-Rapid-Strike, M, tera:Water|100/100
|-damage|p1a: Urshifu|88/100|[from] Spikes
|-damage|p1a: Urshifu|76/100|[from] Stealth Rock
|turn|24
|
|move|p2a: Dragonite|Extreme Speed|p1a: Urshifu
|-damage|p1a: Urshifu|14/100
|move|p1a: Urshifu|Aqua Jet|p2a: Dragonite
|-resisted|p2a: Dragonite
|-damage|p2a: Dragonite|7/100
|
|turn|25
|
|move|p2a: Dragonite|Extreme Speed|p1a: Urshifu
|-damage|p1a: Urshifu|0 fnt
|faint|p1a: Urshifu
|
|
|switch|p1a: Corviknight|Corviknight, M|68/100
|-damage|p1a: Corviknight|56/100|[from] Stealth Rock
|-ability|p1a: Corviknight|Pressure
|turn|26
|
|move|p2a: Dragonite|Extreme Speed|p1a: Corviknight
|-resisted|p1a: Corviknight
|-damage|p1a: Corviknight|38/100
|move|p1a: Corviknight|Brave Bird|p2a: Dragonite
|-damage|p2a: Dragonite|0 fnt
|faint|p2a: Dragonite
|-damage|p1a: Corviknight|36/100|[from] Recoil
|
|
|switch|p2a: Houndstone|Houndstone, F|69/100
|-damage|p2a: Houndstone|56/100|[from] Stealth Rock
|turn|27
|
|move|p1a: Corviknight|Defog|p2a: Houndstone
|-unboost|p2a: Houndstone|evasion|1
|-sideend|p2: testertester123|Stealth Rock|[from] move: Defog|[of] p1a: Corviknight
|-sideend|p1: PartyRockaholic|Spikes|[from] move: Defog|[of] p1a: Corviknight
|-sideend|p1: PartyRockaholic|Stealth Rock|[from] move: Defog|[of] p1a: Corviknight
|move|p2a: Houndstone|Roar|p1a: Corviknight
|drag|p1a: Slowking|Slowking-Galar, M|97/100 brn
|
|-damage|p1a: Slowking|91/100 brn|[from] brn
|turn|28
|
|switch|p2a: Slowbro|Slowbro-Galar, F|100/100
|move|p1a: Slowking|Future Sight|p2a: Slowbro
|-start|p1a: Slowking|move: Future Sight
|
|-damage|p1a: Slowking|85/100 brn|[from] brn
|turn|29
|
|move|p1a: Slowking|Earthquake|p2a: Slowbro
|-supereffective|p2a: Slowbro
|-damage|p2a: Slowbro|87/100
|move|p2a: Slowbro|Psychic|p1a: Slowking
|-damage|p1a: Slowking|69/100 brn
|
|-damage|p1a: Slowking|62/100 brn|[from] brn
|turn|30
|
|move|p1a: Slowking|Flamethrower|p2a: Slowbro
|-damage|p2a: Slowbro|72/100
|move|p2a: Slowbro|Earthquake|p1a: Slowking
|-supereffective|p1a: Slowking
|-damage|p1a: Slowking|18/100 brn
|
|-end|p2a: Slowbro|move: Future Sight
|-damage|p2a: Slowbro|46/100
|-damage|p1a: Slowking|12/100 brn|[from] brn
|turn|31
|
|switch|p1a: Magearna|Magearna|100/100
|switch|p2a: Houndstone|Houndstone, F|56/100
|
|turn|32
|j| Ashkabash
|
|move|p1a: Magearna|Calm Mind|p1a: Magearna
|-boost|p1a: Magearna|spa|1
|-boost|p1a: Magearna|spd|1
|move|p2a: Houndstone|Night Shade|p1a: Magearna
|-damage|p1a: Magearna|73/100
|
|-heal|p1a: Magearna|79/100|[from] item: Leftovers
|turn|33
|
|move|p1a: Magearna|Draining Kiss|p2a: Houndstone
|-damage|p2a: Houndstone|41/100
|-heal|p1a: Magearna|90/100|[from] drain|[of] p2a: Houndstone
|move|p2a: Houndstone|Will-O-Wisp|p1a: Magearna
|-status|p1a: Magearna|brn
|
|-heal|p1a: Magearna|96/100 brn|[from] item: Leftovers
|-damage|p1a: Magearna|90/100 brn|[from] brn
|turn|34
|
|move|p1a: Magearna|Draining Kiss|p2a: Houndstone
|-damage|p2a: Houndstone|26/100
|-heal|p1a: Magearna|100/100 brn|[from] drain|[of] p2a: Houndstone
|move|p2a: Houndstone|Roar|p1a: Magearna
|drag|p1a: Slowking|Slowking-Galar, M|45/100 brn
|
|-damage|p1a: Slowking|39/100 brn|[from] brn
|turn|35
|
|move|p2a: Houndstone|Night Shade|p1a: Slowking
|-damage|p1a: Slowking|13/100 brn
|move|p1a: Slowking|Future Sight|p2a: Houndstone
|-start|p1a: Slowking|move: Future Sight
|
|-damage|p1a: Slowking|7/100 brn|[from] brn
|turn|36
|l| Ashkabash
|
|switch|p1a: Corviknight|Corviknight, M|36/100
|-ability|p1a: Corviknight|Pressure
|move|p2a: Houndstone|Night Shade|p1a: Corviknight
|-damage|p1a: Corviknight|11/100
|
|turn|37
|
|move|p2a: Houndstone|Night Shade|p1a: Corviknight
|-damage|p1a: Corviknight|0 fnt
|faint|p1a: Corviknight
|
|-end|p2a: Houndstone|move: Future Sight
|-damage|p2a: Houndstone|0 fnt
|faint|p2a: Houndstone
|
|switch|p2a: Slowbro|Slowbro-Galar, F|79/100
|switch|p1a: Magearna|Magearna|100/100 brn
|turn|38
|
|move|p1a: Magearna|Calm Mind|p1a: Magearna
|-boost|p1a: Magearna|spa|1
|-boost|p1a: Magearna|spd|1
|move|p2a: Slowbro|Earthquake|p1a: Magearna
|-supereffective|p1a: Magearna
|-damage|p1a: Magearna|69/100 brn
|
|-heal|p1a: Magearna|75/100 brn|[from] item: Leftovers
|-damage|p1a: Magearna|69/100 brn|[from] brn
|turn|39
|
|move|p1a: Magearna|Shift Gear|p1a: Magearna
|-boost|p1a: Magearna|spe|2
|-boost|p1a: Magearna|atk|1
|move|p2a: Slowbro|Earthquake|p1a: Magearna
|-supereffective|p1a: Magearna
|-damage|p1a: Magearna|36/100 brn
|
|-heal|p1a: Magearna|42/100 brn|[from] item: Leftovers
|-damage|p1a: Magearna|36/100 brn|[from] brn
|turn|40
|
|move|p1a: Magearna|Stored Power|p2a: Slowbro
|-damage|p2a: Slowbro|48/100
|move|p2a: Slowbro|Earthquake|p1a: Magearna
|-supereffective|p1a: Magearna
|-damage|p1a: Magearna|3/100 brn
|
|-heal|p1a: Magearna|9/100 brn|[from] item: Leftovers
|-damage|p1a: Magearna|3/100 brn|[from] brn
|turn|41
|
|move|p1a: Magearna|Stored Power|p2a: Slowbro
|-damage|p2a: Slowbro|19/100
|move|p2a: Slowbro|Earthquake|p1a: Magearna
|-supereffective|p1a: Magearna
|-damage|p1a: Magearna|0 fnt
|faint|p1a: Magearna
|
|
|switch|p1a: Slowking|Slowking-Galar, M|41/100 brn
|turn|42
|
|move|p1a: Slowking|Flamethrower|p2a: Slowbro
|-damage|p2a: Slowbro|5/100
|move|p2a: Slowbro|Earthquake|p1a: Slowking
|-supereffective|p1a: Slowking
|-damage|p1a: Slowking|0 fnt
|faint|p1a: Slowking
|
|win|testertester123
|l|☆PartyRockaholic
