|poke|p1|Landorus-Therian, M|
|poke|p1|Zamazenta-*|
|poke|p1|Dragapult, M|
|poke|p1|Chien-Pao|
|poke|p1|Magearna|
|poke|p1|Inteleon, M|
|poke|p2|Arcanine-Hisui, F|
|poke|p2|Urshifu-*, M|
|poke|p2|Kingambit, F|
|poke|p2|Great Tusk|
|poke|p2|Garchomp, M|
|poke|p2|Zapdos|
|teampreview
|
|start
|switch|p1a: Inteleon|Inteleon, M|100/100
|switch|p2a: Zapdos|Zapdos|100/100
|turn|1
|
|move|p1a: Inteleon|Ice Beam|p2a: Zapdos
|-supereffective|p2a: Zapdos
|-damage|p2a: Zapdos|25/100
|move|p2a: Zapdos|Hurricane|p1a: Inteleon|[miss]
|-miss|p2a: Zapdos|p1a: Inteleon
|
|turn|2
|
|switch|p2a: Arcanine|Arcanine-Hisui, F|100/100
|move|p1a: Inteleon|Snipe Shot|p2a: Arcanine
|-supereffective|p2a: Arcanine
|-crit|p2a: Arcanine
|-damage|p2a: Arcanine|0 fnt
|faint|p2a: Arcanine
|
|
|switch|p2a: Urshifu|Urshifu-Rapid-Strike, M|100/100
|turn|3
|
|switch|p1a: Zamazenta|Zamazenta-Crowned|100/100
|-ability|p1a: Zamazenta|Dauntless Shield|boost
|-boost|p1a: Zamazenta|def|1
|move|p2a: Urshifu|U-turn|p1a: Zamazenta
|-resisted|p1a: Zamazenta
|-damage|p1a: Zamazenta|98/100
|
|switch|p2a: Garchomp|Garchomp, M|100/100|[from] U-turn
|
|turn|4
|
|move|p1a: Zamazenta|Ice Fang|p2a: Garchomp|[miss]
|-miss|p1a: Zamazenta|p2a: Garchomp
|move|p2a: Garchomp|Fire Blast|p1a: Zamazenta
|-supereffective|p1a: Zamazenta
|-damage|p1a: Zamazenta|39/100
|-damage|p2a: Garchomp|91/100|[from] item: Life Orb
|
|turn|5
|
|-terastallize|p2a: Garchomp|Steel
|move|p1a: Zamazenta|Close Combat|p2a: Garchomp
|-supereffective|p2a: Garchomp
|-damage|p2a: Garchomp|0 fnt
|-unboost|p1a: Zamazenta|def|1
|-unboost|p1a: Zamazenta|spd|1
|-damage|p1a: Zamazenta|27/100|[from] ability: Rough Skin|[of] p2a: Garchomp
|faint|p2a: Garchomp
|
|
|switch|p2a: Urshifu|Urshifu-Rapid-Strike, M|100/100
|turn|6
|
|move|p1a: Zamazenta|Close Combat|p2a: Urshifu
|-damage|p2a: Urshifu|38/100
|-unboost|p1a: Zamazenta|def|1
|-unboost|p1a: Zamazenta|spd|1
|move|p2a: Urshifu|Surging Strikes|p1a: Zamazenta
|-crit|p1a: Zamazenta
|-damage|p1a: Zamazenta|0 fnt
|faint|p1a: Zamazenta
|-hitcount|p1: Zamazenta|1
|
|
|switch|p1a: Inteleon|Inteleon, M|100/100
|turn|7
|
|move|p1a: Inteleon|Shadow Ball|p2a: Urshifu
|-damage|p2a: Urshifu|0 fnt
|faint|p2a: Urshifu
|
|
|switch|p2a: Kingambit|Kingambit, F|100/100
|-activate|p2a: Kingambit|ability: Supreme Overlord
|-start|p2a: Kingambit|fallen3|[silent]
|turn|8
|
|move|p1a: Inteleon|Snipe Shot|p2a: Kingambit
|-damage|p2a: Kingambit|56/100
|move|p2a: Kingambit|Swords Dance|p2a: Kingambit
|-boost|p2a: Kingambit|atk|2
|
|-heal|p2a: Kingambit|63/100|[from] item: Leftovers
|turn|9
|
|switch|p1a: Magearna|Magearna|100/100
|move|p2a: Kingambit|Iron Head|p1a: Magearna
|-damage|p1a: Magearna|0 fnt
|faint|p1a: Magearna
|
|-heal|p2a: Kingambit|69/100|[from] item: Leftovers
|
|switch|p1a: Landorus|Landorus-Therian, M, shiny|100/100
|-ability|p1a: Landorus|Intimidate|boost
|-unboost|p2a: Kingambit|atk|1
|turn|10
|
|-end|p2a: Kingambit|fallen3|[silent]
|switch|p2a: Zapdos|Zapdos|25/100
|move|p1a: Landorus|Earthquake|p2a: Zapdos
|-immune|p2a: Zapdos
|
|turn|11
|
|switch|p1a: Dragapult|Dragapult, M|100/100
|move|p2a: Zapdos|Hurricane|p1a: Dragapult|[miss]
|-miss|p2a: Zapdos|p1a: Dragapult
|
|turn|12
|
|move|p1a: Dragapult|Flamethrower|p2a: Zapdos
|-damage|p2a: Zapdos|0 fnt
|faint|p2a: Zapdos
|
|
|switch|p2a: Great Tusk|Great Tusk, shiny|100/100
|turn|13
|
|move|p1a: Dragapult|Flamethrower|p2a: Great Tusk
|-damage|p2a: Great Tusk|48/100
|move|p2a: Great Tusk|Stealth Rock|p1a: Dragapult
|-sidestart|p1: Solbadguy06|move: Stealth Rock
|
|-heal|p2a: Great Tusk|54/100|[from] item: Leftovers
|turn|14
|
|move|p1a: Dragapult|Flamethrower|p2a: Great Tusk
|-damage|p2a: Great Tusk|0 fnt
|faint|p2a: Great Tusk
|-end|p2a: Great Tusk|Protosynthesis|[silent]
|
|
|switch|p2a: Kingambit|Kingambit, F|69/100
|-activate|p2a: Kingambit|ability: Supreme Overlord
|-start|p2a: Kingambit|fallen5|[silent]
|turn|15
|
|move|p1a: Dragapult|Flamethrower|p2a: Kingambit
|-supereffective|p2a: Kingambit
|-damage|p2a: Kingambit|0 fnt
|faint|p2a: Kingambit
|-end|p2a: Kingambit|fallen5|[silent]
|
|win|Solbadguy06
