# advantage = p2
|poke|p1|Azumarill, F|
|poke|p1|Slowbro-Galar, M|
|poke|p1|Dragonite, M|
|poke|p1|Maushold|
|poke|p1|Arcanine-Hisui, M|
|poke|p1|Hydreigon, F|
|poke|p2|Magearna|
|poke|p2|Slowking-Galar, F|
|poke|p2|Quagsire, F|
|poke|p2|Thundurus-Therian, M|
|poke|p2|Zamazenta-*|
|poke|p2|Corviknight, F|
|teampreview
|
|start
|switch|p1a: Slowbro|Slowbro-Galar, M|100/100
|switch|p2a: Zamazenta|Zamazenta|100/100
|-ability|p2a: Zamazenta|Dauntless Shield|boost
|-boost|p2a: Zamazenta|def|1
|turn|1
|-activate|p1a: Slowbro|ability: Quick Draw
|
|switch|p2a: Magearna|Magearna|100/100
|move|p1a: Slowbro|Psychic|p2a: Magearna
|-resisted|p2a: Magearna
|-damage|p2a: Magearna|78/100
|
|-heal|p2a: Magearna|84/100|[from] item: Leftovers
|turn|2
|
|move|p2a: Magearna|Shift Gear|p2a: Magearna
|-boost|p2a: Magearna|spe|2
|-boost|p2a: Magearna|atk|1
|move|p1a: Slowbro|Flamethrower|p2a: Magearna
|-supereffective|p2a: Magearna
|-damage|p2a: Magearna|28/100
|
|-heal|p2a: Magearna|34/100|[from] item: Leftovers
|turn|3
|
|-terastallize|p2a: Magearna|Water
|move|p2a: Magearna|Calm Mind|p2a: Magearna
|-boost|p2a: Magearna|spa|1
|-boost|p2a: Magearna|spd|1
|move|p1a: Slowbro|Flamethrower|p2a: Magearna
|-resisted|p2a: Magearna
|-damage|p2a: Magearna|25/100
|
|-heal|p2a: Magearna|31/100|[from] item: Leftovers
|turn|4
|
|move|p2a: Magearna|Stored Power|p1a: Slowbro
|-damage|p1a: Slowbro|25/100
|move|p1a: Slowbro|Shell Side Arm|p2a: Magearna|[anim] Shell Side Arm Special
|-damage|p2a: Magearna|4/100
|-hint|Special Shell Side Arm
|
|-heal|p2a: Magearna|10/100|[from] item: Leftovers
|turn|5
|
|move|p2a: Magearna|Stored Power|p1a: Slowbro
|-damage|p1a: Slowbro|0 fnt
|faint|p1a: Slowbro
|-ability|p2a: Magearna|Soul-Heart|boost
|-boost|p2a: Magearna|spa|1
|
|-heal|p2a: Magearna|16/100|[from] item: Leftovers
|
|switch|p1a: Azumarill|Azumarill, F|100/100
|turn|6
|
|move|p1a: Azumarill|Aqua Jet|p2a: Magearna
|-resisted|p2a: Magearna
|-damage|p2a: Magearna|4/100
|move|p2a: Magearna|Draining Kiss|p1a: Azumarill
|-damage|p1a: Azumarill|50/100
|-heal|p2a: Magearna|55/100|[from] drain|[of] p1a: Azumarill
|-enditem|p1a: Azumarill|Sitrus Berry|[eat]
|-heal|p1a: Azumarill|75/100|[from] item: Sitrus Berry
|
|-heal|p2a: Magearna|61/100|[from] item: Leftovers
|turn|7
|
|move|p2a: Magearna|Draining Kiss|p1a: Azumarill
|-damage|p1a: Azumarill|24/100
|-heal|p2a: Magearna|100/100|[from] drain|[of] p1a: Azumarill
|move|p1a: Azumarill|Liquidation|p2a: Magearna
|-resisted|p2a: Magearna
|-damage|p2a: Magearna|75/100
|
|-heal|p2a: Magearna|81/100|[from] item: Leftovers
|turn|8
|
|move|p2a: Magearna|Draining Kiss|p1a: Azumarill
|-damage|p1a: Azumarill|0 fnt
|-heal|p2a: Magearna|100/100|[from] drain|[of] p1a: Azumarill
|faint|p1a: Azumarill
|-ability|p2a: Magearna|Soul-Heart|boost
|-boost|p2a: Magearna|spa|1
|
|
|switch|p1a: Maushold|Maushold|100/100
|turn|9
|
|move|p2a: Magearna|Stored Power|p1a: Maushold
|-damage|p1a: Maushold|0 fnt
|faint|p1a: Maushold
|-ability|p2a: Magearna|Soul-Heart|boost
|-boost|p2a: Magearna|spa|1
|
|-message|p1 forfeited.
|
|win|p2
