|poke|p1|Arcanine-Hisui, M|
|poke|p1|Zoroark-Hisui, M|
|poke|p1|Typhlosion-Hisui, M|
|poke|p1|Goodra-Hisui, M|
|poke|p1|Lilligant-Hisui, F|
|poke|p1|Braviary-Hisui, M|
|poke|p2|Sneasler, F|
|poke|p2|Kleavor, M|
|poke|p2|Raichu-Alola, F|
|poke|p2|Great Tusk|
|poke|p2|Goodra-Hisui, F|
|poke|p2|Zamazenta-*|
|teampreview
|
|start
|switch|p1a: Lilly|Lilligant-Hisui, F, shiny|100/100
|switch|p2a: Kleavor|Kleavor, M|100/100
|turn|1
|
|move|p1a: Lilly|Sleep Powder|p2a: Kleavor
|-status|p2a: Kleavor|slp|[from] move: Sleep Powder
|cant|p2a: Kleavor|slp
|
|turn|2
|
|move|p1a: Lilly|Victory Dance|p1a: Lilly
|-boost|p1a: Lilly|atk|1
|-boost|p1a: Lilly|def|1
|-boost|p1a: Lilly|spe|1
|-curestatus|p2a: Kleavor|slp|[msg]
|move|p2a: Kleavor|Stone Axe|p1a: Lilly
|-resisted|p1a: Lilly
|-damage|p1a: Lilly|74/100
|-sidestart|p1: p1|move: Stealth Rock
|
|turn|3
|
|move|p1a: Lilly|Sleep Powder|p2a: Kleavor
|-status|p2a: Kleavor|slp|[from] move: Sleep Powder
|cant|p2a: Kleavor|slp
|
|turn|4
|
|move|p1a: Lilly|Victory Dance|p1a: Lilly
|-boost|p1a: Lilly|atk|1
|-boost|p1a: Lilly|def|1
|-boost|p1a: Lilly|spe|1
|cant|p2a: Kleavor|slp
|
|turn|5
|
|move|p1a: Lilly|Victory Dance|p1a: Lilly
|-boost|p1a: Lilly|atk|1
|-boost|p1a: Lilly|def|1
|-boost|p1a: Lilly|spe|1
|cant|p2a: Kleavor|slp
|
|turn|6
|
|-terastallize|p1a: Lilly|Flying
|move|p1a: Lilly|Aerial Ace|p2a: Kleavor
|-enditem|p2a: Kleavor|Focus Sash
|-damage|p2a: Kleavor|1/100 slp
|-curestatus|p2a: Kleavor|slp|[msg]
|move|p2a: Kleavor|Acrobatics|p1a: Lilly
|-damage|p1a: Lilly|48/100
|
|turn|7
|
|move|p1a: Lilly|Aerial Ace|p2a: Kleavor
|-damage|p2a: Kleavor|0 fnt
|faint|p2a: Kleavor
|
|
|switch|p2a: Zamazenta|Zamazenta-Crowned|100/100
|-ability|p2a: Zamazenta|Dauntless Shield|boost
|-boost|p2a: Zamazenta|def|1
|turn|8
|
|move|p1a: Lilly|Close Combat|p2a: Zamazenta
|-supereffective|p2a: Zamazenta
|-crit|p2a: Zamazenta
|-damage|p2a: Zamazenta|0 fnt
|-unboost|p1a: Lilly|def|1
|-unboost|p1a: Lilly|spd|1
|faint|p2a: Zamazenta
|
|
|switch|p2a: Sneasler|Sneasler, F, shiny|100/100
|turn|9
|
|move|p1a: Lilly|Aerial Ace|p2a: Sneasler
|-supereffective|p2a: Sneasler
|-damage|p2a: Sneasler|0 fnt
|faint|p2a: Sneasler
|
|-message|p2 forfeited.
|
|win|p1
