|poke|p1|Torkoal, M|
|poke|p1|Lilligant-Hisui, F|
|poke|p1|Walking Wake|
|poke|p1|Arcanine-Hisui, M|
|poke|p1|Rabsca, F|
|poke|p1|Hatterene, F|
|poke|p2|Decidueye-Hisui, F|
|poke|p2|Diancie|
|poke|p2|Ursaluna, F|
|poke|p2|Slowking-Galar, F|
|poke|p2|Zapdos-Galar|
|poke|p2|Bronzong|
|teampreview
|
|start
|switch|p1a: Torkoal|Torkoal, M|100/100
|switch|p2a: Bronzong|Bronzong|100/100
|-weather|SunnyDay|[from] ability: Drought|[of] p1a: Torkoal
|turn|1
|
|move|p1a: Torkoal|Eruption|p2a: Bronzong
|-supereffective|p2a: Bronzong
|-enditem|p2a: Bronzong|Focus Sash
|-damage|p2a: Bronzong|1/100
|move|p2a: Bronzong|Stealth Rock|p1a: Torkoal
|-sidestart|p1: mill6859|move: Stealth Rock
|
|-weather|SunnyDay|[upkeep]
|turn|2
|
|move|p1a: Torkoal|Eruption|p2a: Bronzong
|-supereffective|p2a: Bronzong
|-damage|p2a: Bronzong|0 fnt
|faint|p2a: Bronzong
|
|-weather|SunnyDay|[upkeep]
|
|switch|p2a: Diancie|Diancie|100/100
|turn|3
|
|switch|p1a: Hatterene|Hatterene, F|100/100
|-damage|p1a: Hatterene|88/100|[from] Stealth Rock
|move|p2a: Diancie|Diamond Storm|p1a: Hatterene|[miss]
|-miss|p2a: Diancie|p1a: Hatterene
|
|-weather|SunnyDay|[upkeep]
|turn|4
|
|move|p1a: Hatterene|Calm Mind|p1a: Hatterene
|-boost|p1a: Hatterene|spa|1
|-boost|p1a: Hatterene|spd|1
|move|p2a: Diancie|Moonblast|p1a: Hatterene
|-damage|p1a: Hatterene|56/100
|-unboost|p1a: Hatterene|spa|1
|-enditem|p1a: Hatterene|Eject Button
|
|switch|p1a: Walking Wake|Walking Wake|100/100
|-damage|p1a: Walking Wake|88/100|[from] Stealth Rock
|-activate|p1a: Walking Wake|ability: Protosynthesis
|-start|p1a: Walking Wake|protosynthesisspa
|
|-weather|SunnyDay|[upkeep]
|turn|5
|
|-terastallize|p1a: Walking Wake|Steel
|-terastallize|p2a: Diancie|Steel
|move|p1a: Walking Wake|Tera Blast|p2a: Diancie
|-resisted|p2a: Diancie
|-damage|p2a: Diancie|80/100
|move|p2a: Diancie|Moonblast|p1a: Walking Wake
|-resisted|p1a: Walking Wake
|-damage|p1a: Walking Wake|70/100
|
|-weather|none
|-end|p1a: Walking Wake|Protosynthesis
|-heal|p2a: Diancie|86/100|[from] item: Leftovers
|turn|6
|
|-end|p1a: Walking Wake|Protosynthesis|[silent]
|switch|p1a: Torkoal|Torkoal, M|100/100
|-damage|p1a: Torkoal|75/100|[from] Stealth Rock
|-weather|SunnyDay|[from] ability: Drought|[of] p1a: Torkoal
|move|p2a: Diancie|Trick Room|p2a: Diancie
|-fieldstart|move: Trick Room|[of] p2a: Diancie
|
|-weather|SunnyDay|[upkeep]
|-heal|p2a: Diancie|92/100|[from] item: Leftovers
|turn|7
|
|move|p1a: Torkoal|Eruption|p2a: Diancie
|-supereffective|p2a: Diancie
|-damage|p2a: Diancie|17/100
|move|p2a: Diancie|Diamond Storm|p1a: Torkoal
|-supereffective|p1a: Torkoal
|-damage|p1a: Torkoal|23/100
|
|-weather|SunnyDay|[upkeep]
|-heal|p2a: Diancie|23/100|[from] item: Leftovers
|turn|8
|
|move|p1a: Torkoal|Eruption|p2a: Diancie
|-supereffective|p2a: Diancie
|-damage|p2a: Diancie|0 fnt
|faint|p2a: Diancie
|
|-weather|SunnyDay|[upkeep]
|
|switch|p2a: Slowking|Slowking-Galar, F|100/100
|turn|9
|
|switch|p1a: Hatterene|Hatterene, F|56/100
|-damage|p1a: Hatterene|43/100|[from] Stealth Rock
|move|p2a: Slowking|Psychic|p1a: Hatterene
|-resisted|p1a: Hatterene
|-damage|p1a: Hatterene|21/100
|
|-weather|SunnyDay|[upkeep]
|turn|10
|
|move|p2a: Slowking|Flamethrower|p1a: Hatterene
|-damage|p1a: Hatterene|0 fnt
|faint|p1a: Hatterene
|
|-weather|none
|-fieldend|move: Trick Room
|
|switch|p1a: Torkoal|Torkoal, M|23/100
|-damage|p1a: Torkoal|0 fnt|[from] Stealth Rock
|faint|p1a: Torkoal
|
|switch|p1a: Rabsca|Rabsca, F|100/100
|-damage|p1a: Rabsca|76/100|[from] Stealth Rock
|turn|11
|
|move|p1a: Rabsca|Revival Blessing|p1a: Rabsca
|
|-heal|p1: Torkoal|50/100|[from] move: Revival Blessing
|move|p2a: Slowking|Flamethrower|p1a: Rabsca
|-supereffective|p1a: Rabsca
|-damage|p1a: Rabsca|13/100
|
|turn|12
|
|move|p1a: Rabsca|Bug Buzz|p2a: Slowking
|-damage|p2a: Slowking|71/100
|move|p2a: Slowking|Trick Room|p2a: Slowking
|-fieldstart|move: Trick Room|[of] p2a: Slowking
|
|-heal|p2a: Slowking|77/100|[from] item: Leftovers
|turn|13
|
|move|p2a: Slowking|Flamethrower|p1a: Rabsca
|-supereffective|p1a: Rabsca
|-damage|p1a: Rabsca|0 fnt
|faint|p1a: Rabsca
|
|-heal|p2a: Slowking|83/100|[from] item: Leftovers
|
|switch|p1a: Arcanine|Arcanine-Hisui, M|100/100
|-damage|p1a: Arcanine|76/100|[from] Stealth Rock
|turn|14
|
|switch|p2a: Ursaluna|Ursaluna, F|100/100
|move|p1a: Arcanine|Head Smash|p2a: Ursaluna
|-resisted|p2a: Ursaluna
|-damage|p2a: Ursaluna|77/100
|
|-status|p2a: Ursaluna|brn|[from] item: Flame Orb
|turn|15
|
|move|p2a: Ursaluna|Earthquake|p1a: Arcanine
|-supereffective|p1a: Arcanine
|-damage|p1a: Arcanine|0 fnt
|faint|p1a: Arcanine
|
|-damage|p2a: Ursaluna|71/100 brn|[from] brn
|
|switch|p1a: Torkoal|Torkoal, M|50/100
|-damage|p1a: Torkoal|25/100|[from] Stealth Rock
|-weather|SunnyDay|[from] ability: Drought|[of] p1a: Torkoal
|turn|16
|
|move|p1a: Torkoal|Stealth Rock|p2a: Ursaluna
|-sidestart|p2: cylls|move: Stealth Rock
|move|p2a: Ursaluna|Facade|p1a: Torkoal
|-damage|p1a: Torkoal|0 fnt
|faint|p1a: Torkoal
|
|-weather|SunnyDay|[upkeep]
|-damage|p2a: Ursaluna|65/100 brn|[from] brn
|-fieldend|move: Trick Room
|
|switch|p1a: Lilligant|Lilligant-Hisui, F|100/100
|-damage|p1a: Lilligant|94/100|[from] Stealth Rock
|turn|17
|
|move|p1a: Lilligant|Solar Blade||[still]
|-prepare|p1a: Lilligant|Solar Blade
|-anim|p1a: Lilligant|Solar Blade|p2a: Ursaluna
|-supereffective|p2a: Ursaluna
|-damage|p2a: Ursaluna|0 fnt
|faint|p2a: Ursaluna
|-damage|p1a: Lilligant|84/100|[from] item: Life Orb
|
|-weather|SunnyDay|[upkeep]
|
|switch|p2a: Slowking|Slowking-Galar, F|100/100
|-damage|p2a: Slowking|88/100|[from] Stealth Rock
|turn|18
|
|move|p1a: Lilligant|Solar Blade||[still]
|-prepare|p1a: Lilligant|Solar Blade
|-anim|p1a: Lilligant|Solar Blade|p2a: Slowking
|-resisted|p2a: Slowking
|-damage|p2a: Slowking|50/100
|-damage|p1a: Lilligant|75/100|[from] item: Life Orb
|move|p2a: Slowking|Trick Room|p2a: Slowking
|-fieldstart|move: Trick Room|[of] p2a: Slowking
|
|-weather|SunnyDay|[upkeep]
|-heal|p2a: Slowking|56/100|[from] item: Leftovers
|turn|19
|
|move|p2a: Slowking|Psychic|p1a: Lilligant
|-supereffective|p1a: Lilligant
|-damage|p1a: Lilligant|0 fnt
|faint|p1a: Lilligant
|
|-weather|SunnyDay|[upkeep]
|-heal|p2a: Slowking|62/100|[from] item: Leftovers
|
|switch|p1a: Walking Wake|Walking Wake, tera:Steel|70/100
|-damage|p1a: Walking Wake|63/100|[from] Stealth Rock
|-activate|p1a: Walking Wake|ability: Protosynthesis
|-start|p1a: Walking Wake|protosynthesisspa
|turn|20
|
|move|p2a: Slowking|Flamethrower|p1a: Walking Wake
|-supereffective|p1a: Walking Wake
|-damage|p1a: Walking Wake|0 fnt
|faint|p1a: Walking Wake
|-end|p1a: Walking Wake|Protosynthesis|[silent]
|
|win|cylls
