|poke|p1|Avalugg-Hisui, F|
|poke|p1|Slowking-Galar, M|
|poke|p1|Meowscarada, M|
|poke|p1|Zapdos|
|poke|p1|Volcanion|
|poke|p1|Landorus-Therian, M|
|poke|p2|Samurott-Hisui, F|
|poke|p2|Zamazenta-*|
|poke|p2|Ursaluna, F|
|poke|p2|Dragapult, F|
|poke|p2|Slowking-Galar, F|
|poke|p2|Enamorus, F|
|teampreview
|
|start
|switch|p1a: Meowscarada|Meowscarada, M|100/100
|switch|p2a: Samurott|Samurott-Hisui, F|100/100
|turn|1
|
|switch|p2a: Zamazenta|Zamazenta-Crowned|100/100
|-ability|p2a: Zamazenta|Dauntless Shield|boost
|-boost|p2a: Zamazenta|def|1
|move|p1a: Meowscarada|U-turn|p2a: Zamazenta
|-start|p1a: Meowscarada|typechange|Bug|[from] ability: Protean
|-resisted|p2a: Zamazenta
|-damage|p2a: Zamazenta|95/100
|
|switch|p1a: Volcanion|Volcanion|100/100|[from] U-turn
|
|turn|2
|
|switch|p2a: Slowking|Slowking-Galar, F|100/100
|move|p1a: Volcanion|Steam Eruption|p2a: Slowking
|-damage|p2a: Slowking|48/100
|
|turn|3
|
|-terastallize|p2a: Slowking|Water
|move|p1a: Volcanion|Steam Eruption|p2a: Slowking
|-resisted|p2a: Slowking
|-damage|p2a: Slowking|25/100
|move|p2a: Slowking|Sludge Bomb|p1a: Volcanion
|-damage|p1a: Volcanion|55/100
|-status|p1a: Volcanion|psn
|
|-damage|p1a: Volcanion|42/100 psn|[from] psn
|turn|4
|
|switch|p1a: Slowking|Slowking-Galar, M|100/100
|switch|p2a: Dragapult|Dragapult, F|100/100
|
|turn|5
|
|move|p2a: Dragapult|Shadow Ball|p1a: Slowking
|-supereffective|p1a: Slowking
|-damage|p1a: Slowking|19/100
|-unboost|p1a: Slowking|spd|1
|move|p1a: Slowking|Future Sight|p2a: Dragapult
|-start|p1a: Slowking|move: Future Sight
|
|turn|6
|
|switch|p1a: Meowscarada|Meowscarada, M|100/100
|move|p2a: Dragapult|Shadow Ball|p1a: Meowscarada
|-resisted|p1a: Meowscarada
|-damage|p1a: Meowscarada|60/100
|
|turn|7
|
|switch|p2a: Samurott|Samurott-Hisui, F|100/100
|move|p1a: Meowscarada|Knock Off|p2a: Samurott
|-start|p1a: Meowscarada|typechange|Dark|[from] ability: Protean
|-resisted|p2a: Samurott
|-damage|p2a: Samurott|59/100
|-enditem|p2a: Samurott|Choice Scarf|[from] move: Knock Off|[of] p1a: Meowscarada
|
|-end|p2a: Samurott|move: Future Sight
|-immune|p2a: Samurott
|turn|8
|
|switch|p1a: Landorus|Landorus-Therian, M|100/100
|-ability|p1a: Landorus|Intimidate|boost
|-unboost|p2a: Samurott|atk|1
|move|p2a: Samurott|Ceaseless Edge|p1a: Landorus
|-damage|p1a: Landorus|67/100
|-sidestart|p1: zek4040|Spikes
|
|-heal|p1a: Landorus|73/100|[from] item: Leftovers
|turn|9
|
|move|p1a: Landorus|U-turn|p2a: Samurott
|-supereffective|p2a: Samurott
|-damage|p2a: Samurott|0 fnt
|faint|p2a: Samurott
|
|switch|p1a: Avalugg|Avalugg-Hisui, F|100/100|[from] U-turn
|
|
|switch|p2a: Zamazenta|Zamazenta-Crowned|95/100
|turn|10
|
|move|p2a: Zamazenta|Iron Defense|p2a: Zamazenta
|-boost|p2a: Zamazenta|def|2
|move|p1a: Avalugg|Rapid Spin|p2a: Zamazenta
|-resisted|p2a: Zamazenta
|-damage|p2a: Zamazenta|93/100
|-boost|p1a: Avalugg|spe|1
|-sideend|p1: zek4040|Spikes|[from] move: Rapid Spin|[of] p1a: Avalugg
|
|turn|11
|
|move|p2a: Zamazenta|Iron Defense|p2a: Zamazenta
|-boost|p2a: Zamazenta|def|2
|move|p1a: Avalugg|Body Press|p2a: Zamazenta
|-supereffective|p2a: Zamazenta
|-damage|p2a: Zamazenta|74/100
|
|turn|12
|
|move|p2a: Zamazenta|Body Press|p1a: Avalugg
|-supereffective|p1a: Avalugg
|-damage|p1a: Avalugg|0 fnt
|faint|p1a: Avalugg
|
|
|switch|p1a: Zapdos|Zapdos|100/100
|-ability|p1a: Zapdos|Pressure
|turn|13
|
|switch|p2a: Ursaluna|Ursaluna, F|100/100
|move|p1a: Zapdos|Heat Wave|p2a: Ursaluna
|-damage|p2a: Ursaluna|77/100
|-status|p2a: Ursaluna|brn
|
|-damage|p2a: Ursaluna|71/100 brn|[from] brn
|turn|14
|
|switch|p1a: Landorus|Landorus-Therian, M|73/100
|-ability|p1a: Landorus|Intimidate|boost
|-unboost|p2a: Ursaluna|atk|1
|move|p2a: Ursaluna|Facade|p1a: Landorus
|-damage|p1a: Landorus|0 fnt
|faint|p1a: Landorus
|
|-damage|p2a: Ursaluna|65/100 brn|[from] brn
|
|switch|p1a: Meowscarada|Meowscarada, M|60/100
|turn|15
|
|switch|p2a: Zamazenta|Zamazenta-Crowned|74/100
|move|p1a: Meowscarada|Flower Trick|p2a: Zamazenta
|-start|p1a: Meowscarada|typechange|Grass|[from] ability: Protean
|-resisted|p2a: Zamazenta
|-crit|p2a: Zamazenta
|-damage|p2a: Zamazenta|48/100
|
|turn|16
|
|switch|p2a: Enamorus|Enamorus, F|100/100
|switch|p1a: Zapdos|Zapdos|100/100
|-ability|p1a: Zapdos|Pressure
|
|turn|17
|
|move|p2a: Enamorus|Moonblast|p1a: Zapdos
|-damage|p1a: Zapdos|9/100
|-unboost|p1a: Zapdos|spa|1
|move|p1a: Zapdos|Thunderbolt|p2a: Enamorus
|-supereffective|p2a: Enamorus
|-damage|p2a: Enamorus|32/100
|
|turn|18
|
|switch|p1a: Slowking|Slowking-Galar, M|53/100
|move|p2a: Enamorus|Moonblast|p1a: Slowking
|-resisted|p1a: Slowking
|-damage|p1a: Slowking|20/100
|
|turn|19
|
|move|p2a: Enamorus|Moonblast|p1a: Slowking
|-resisted|p1a: Slowking
|-damage|p1a: Slowking|0 fnt
|faint|p1a: Slowking
|
|
|switch|p1a: Meowscarada|Meowscarada, M|60/100
|turn|20
|
|switch|p2a: Dragapult|Dragapult, F|100/100
|move|p1a: Meowscarada|Play Rough|p2a: Dragapult
|-start|p1a: Meowscarada|typechange|Fairy|[from] ability: Protean
|-supereffective|p2a: Dragapult
|-damage|p2a: Dragapult|0 fnt
|faint|p2a: Dragapult
|
|
|switch|p2a: Zamazenta|Zamazenta-Crowned|48/100
|turn|21
|
|move|p2a: Zamazenta|Iron Defense|p2a: Zamazenta
|-boost|p2a: Zamazenta|def|2
|move|p1a: Meowscarada|Play Rough|p2a: Zamazenta
|-damage|p2a: Zamazenta|27/100
|
|turn|22
|
|move|p2a: Zamazenta|Behemoth Bash|p1a: Meowscarada
|-supereffective|p1a: Meowscarada
|-damage|p1a: Meowscarada|0 fnt
|faint|p1a: Meowscarada
|
|
|switch|p1a: Volcanion|Volcanion|42/100 psn
|turn|23
|
|move|p2a: Zamazenta|Body Press|p1a: Volcanion
|-damage|p1a: Volcanion|0 fnt
|faint|p1a: Volcanion
|
|-message|zek4040 forfeited.
|
|win|Paradox N
