|poke|p1|Braviary-Hisui, M|
|poke|p1|Samurott-Hisui, M|
|poke|p1|Pincurchin, M|
|poke|p1|Iron Hands|
|poke|p1|Scizor, M|
|poke|p1|Gastrodon-East, M|
|poke|p2|Toxapex, M|
|poke|p2|Iron Treads|
|poke|p2|Bisharp, M|
|poke|p2|Hatterene, F|
|poke|p2|Clodsire, F|
|poke|p2|Dondozo, M|
|teampreview
|
|start
|switch|p1a: Pincurchin|Pincurchin, M|100/100
|switch|p2a: Iron Treads|Iron Treads|100/100
|-fieldstart|move: Electric Terrain|[from] ability: Electric Surge|[of] p1a: Pincurchin
|-activate|p2a: Iron Treads|ability: Quark Drive
|-start|p2a: Iron Treads|quarkdrivespe
|turn|1
|
|switch|p1a: Nikola Jokic|Iron Hands|100/100
|-activate|p1a: Nikola Jokic|ability: Quark Drive
|-start|p1a: Nikola Jokic|quarkdriveatk
|move|p2a: Iron Treads|Stealth Rock|p1a: Nikola Jokic
|-sidestart|p1: p1|move: Stealth Rock
|
|turn|2
|
|-terastallize|p2a: Iron Treads|Ground
|move|p2a: Iron Treads|Earthquake|p1a: Nikola Jokic
|-supereffective|p1a: Nikola Jokic
|-damage|p1a: Nikola Jokic|18/100
|move|p1a: Nikola Jokic|Drain Punch|p2a: Iron Treads
|-crit|p2a: Iron Treads
|-damage|p2a: Iron Treads|20/100
|-heal|p1a: Nikola Jokic|43/100|[from] drain|[of] p2a: Iron Treads
|
|-heal|p2a: Iron Treads|26/100|[from] item: Leftovers
|turn|3
|
|-end|p1a: Nikola Jokic|Quark Drive|[silent]
|switch|p1a: Braviary|Braviary-Hisui, M|100/100
|move|p2a: Iron Treads|Rapid Spin|p1a: Braviary
|-damage|p1a: Braviary|83/100
|-boost|p2a: Iron Treads|spe|1
|
|-heal|p2a: Iron Treads|33/100|[from] item: Leftovers
|turn|4
|
|move|p2a: Iron Treads|Iron Head|p1a: Braviary
|-damage|p1a: Braviary|40/100
|move|p1a: Braviary|Psychic|p2a: Iron Treads
|-damage|p2a: Iron Treads|0 fnt
|faint|p2a: Iron Treads
|-end|p2a: Iron Treads|Quark Drive|[silent]
|
|
|switch|p2a: Dondozo|Dondozo, M|100/100
|turn|5
|
|move|p1a: Braviary|Psychic|p2a: Dondozo
|-damage|p2a: Dondozo|44/100
|move|p2a: Dondozo|Liquidation|p1a: Braviary
|-damage|p1a: Braviary|6/100
|
|turn|6
|
|move|p1a: Braviary|Psychic|p2a: Dondozo
|-crit|p2a: Dondozo
|-damage|p2a: Dondozo|0 fnt
|faint|p2a: Dondozo
|
|
|switch|p2a: Hatterene|Hatterene, F|100/100
|turn|7
|
|move|p1a: Braviary|Shadow Ball|p2a: Hatterene
|-supereffective|p2a: Hatterene
|-damage|p2a: Hatterene|30/100
|move|p2a: Hatterene|Calm Mind|p2a: Hatterene
|-boost|p2a: Hatterene|spa|1
|-boost|p2a: Hatterene|spd|1
|
|-heal|p2a: Hatterene|36/100|[from] item: Leftovers
|turn|8
|
|move|p1a: Braviary|Shadow Ball|p2a: Hatterene
|-supereffective|p2a: Hatterene
|-damage|p2a: Hatterene|0 fnt
|faint|p2a: Hatterene
|
|-fieldend|move: Electric Terrain
|
|switch|p2a: Clodsire|Clodsire, F|100/100
|turn|9
|
|move|p1a: Braviary|Psychic|p2a: Clodsire
|-supereffective|p2a: Clodsire
|-damage|p2a: Clodsire|35/100
|move|p2a: Clodsire|Toxic|p1a: Braviary
|-status|p1a: Braviary|tox
|
|-heal|p2a: Clodsire|41/100|[from] item: Black Sludge
|-damage|p1a: Braviary|0 fnt|[from] psn
|faint|p1a: Braviary
|
|switch|p1a: Gastrodon|Gastrodon-East, M|100/100
|turn|10
|
|-terastallize|p1a: Gastrodon|Ground
|move|p1a: Gastrodon|Earth Power|p2a: Clodsire
|-supereffective|p2a: Clodsire
|-damage|p2a: Clodsire|0 fnt
|faint|p2a: Clodsire
|
|
|switch|p2a: Bisharp|Bisharp, M|100/100
|turn|11
|
|move|p2a: Bisharp|Iron Head|p1a: Gastrodon
|-damage|p1a: Gastrodon|55/100
|move|p1a: Gastrodon|Earth Power|p2a: Bisharp
|-supereffective|p2a: Bisharp
|-damage|p2a: Bisharp|0 fnt
|faint|p2a: Bisharp
|
|
|switch|p2a: Toxapex|Toxapex, M|100/100
|turn|12
|
|move|p1a: Gastrodon|Earth Power|p2a: Toxapex
|-supereffective|p2a: Toxapex
|-damage|p2a: Toxapex|45/100
|move|p2a: Toxapex|Surf|p1a: Gastrodon
|-supereffective|p1a: Gastrodon
|-damage|p1a: Gastrodon|2/100
|
|turn|13
|
|move|p1a: Gastrodon|Earth Power|p2a: Toxapex
|-supereffective|p2a: Toxapex
|-damage|p2a: Toxapex|0 fnt
|faint|p2a: Toxapex
|
|win|p1
