|poke|p1|Urshifu-*, F|
|poke|p1|Landorus-Therian, M|
|poke|p1|Magearna|
|poke|p1|Skeledirge, M|
|poke|p1|Decidueye-Hisui, M|
|poke|p1|Samurott-Hisui, M|
|poke|p2|Arcanine-Hisui, M|
|poke|p2|Chien-Pao|
|poke|p2|Samurott-Hisui, M|
|poke|p2|Iron Treads|
|poke|p2|Zapdos-Galar|
|poke|p2|Slowking-Galar, F|
|teampreview
|
|start
|switch|p1a: Landorus|Landorus-Therian, M|100/100
|switch|p2a: Iron Treads|Iron Treads|100/100
|-ability|p1a: Landorus|Intimidate|boost
|-unboost|p2a: Iron Treads|atk|1
|turn|1
|
|move|p1a: Landorus|Earthquake|p2a: Iron Treads
|-supereffective|p2a: Iron Treads
|-damage|p2a: Iron Treads|7/100
|move|p2a: Iron Treads|Stealth Rock|p1a: Landorus
|-sidestart|p1: RAZ0R258|move: Stealth Rock
|
|-heal|p2a: Iron Treads|13/100|[from] item: Leftovers
|turn|2
|
|switch|p1a: Decidueye|Decidueye-Hisui, M, shiny|100/100
|-damage|p1a: Decidueye|94/100|[from] Stealth Rock
|-end|p2a: Iron Treads|Quark Drive|[silent]
|switch|p2a: Zapdos|Zapdos-Galar|100/100
|
|-heal|p1a: Decidueye|100/100|[from] item: Leftovers
|turn|3
|
|switch|p1a: Skeledirge|Skeledirge, M|100/100
|move|p2a: Zapdos|Brave Bird|p1a: Skeledirge
|-damage|p1a: Skeledirge|46/100
|-damage|p2a: Zapdos|77/100|[from] Recoil
|
|turn|4
|
|switch|p1a: Magearna|Magearna|100/100
|-damage|p1a: Magearna|94/100|[from] Stealth Rock
|move|p2a: Zapdos|Brave Bird|p1a: Magearna
|-resisted|p1a: Magearna
|-damage|p1a: Magearna|70/100
|-damage|p2a: Zapdos|68/100|[from] Recoil
|
|turn|5
|
|switch|p2a: Slowking|Slowking-Galar, F|100/100
|move|p1a: Magearna|Shift Gear|p1a: Magearna
|-boost|p1a: Magearna|spe|2
|-boost|p1a: Magearna|atk|1
|
|turn|6
|
|move|p1a: Magearna|Iron Defense|p1a: Magearna
|-boost|p1a: Magearna|def|2
|move|p2a: Slowking|Flamethrower|p1a: Magearna
|-supereffective|p1a: Magearna
|-damage|p1a: Magearna|20/100
|-enditem|p1a: Magearna|Weakness Policy
|-boost|p1a: Magearna|atk|2|[from] item: Weakness Policy
|-boost|p1a: Magearna|spa|2|[from] item: Weakness Policy
|
|turn|7
|
|-terastallize|p1a: Magearna|Fairy
|move|p1a: Magearna|Draining Kiss|p2a: Slowking
|-resisted|p2a: Slowking
|-damage|p2a: Slowking|77/100
|-heal|p1a: Magearna|39/100|[from] drain|[of] p2a: Slowking
|move|p2a: Slowking|Flamethrower|p1a: Magearna
|-damage|p1a: Magearna|12/100
|
|turn|8
|
|move|p1a: Magearna|Stored Power|p2a: Slowking
|-damage|p2a: Slowking|0 fnt
|faint|p2a: Slowking
|-ability|p1a: Magearna|Soul-Heart|boost
|-boost|p1a: Magearna|spa|1
|
|
|switch|p2a: Arcanine|Arcanine-Hisui, M|100/100
|turn|9
|
|move|p2a: Arcanine|Extreme Speed|p1a: Magearna
|-damage|p1a: Magearna|0 fnt
|faint|p1a: Magearna
|
|
|switch|p1a: Samurott|Samurott-Hisui, M, shiny|100/100
|-damage|p1a: Samurott|88/100|[from] Stealth Rock
|turn|10
|
|switch|p2a: Iron Treads|Iron Treads|13/100
|move|p1a: Samurott|Ceaseless Edge|p2a: Iron Treads
|-damage|p2a: Iron Treads|0 fnt
|-sidestart|p2: kev64|Spikes
|faint|p2a: Iron Treads
|-end|p2a: Iron Treads|Quark Drive|[silent]
|
|
|switch|p2a: Zapdos|Zapdos-Galar|68/100
|turn|11
|
|move|p2a: Zapdos|U-turn|p1a: Samurott
|-supereffective|p1a: Samurott
|-damage|p1a: Samurott|31/100
|
|switch|p2a: Chien-Pao|Chien-Pao|100/100|[from] U-turn
|-ability|p2a: Chien-Pao|Sword of Ruin
|move|p1a: Samurott|Aqua Cutter|p2a: Chien-Pao
|-damage|p2a: Chien-Pao|31/100
|
|turn|12
|
|move|p2a: Chien-Pao|Ice Spinner|p1a: Samurott
|-resisted|p1a: Samurott
|-damage|p1a: Samurott|0 fnt
|faint|p1a: Samurott
|
|
|switch|p1a: Urshifu|Urshifu-Rapid-Strike, F|100/100
|-damage|p1a: Urshifu|94/100|[from] Stealth Rock
|turn|13
|
|move|p2a: Chien-Pao|Ice Spinner|p1a: Urshifu
|-resisted|p1a: Urshifu
|-damage|p1a: Urshifu|70/100
|move|p1a: Urshifu|Swords Dance|p1a: Urshifu
|-boost|p1a: Urshifu|atk|2
|
|turn|14
|
|move|p2a: Chien-Pao|Ice Spinner|p1a: Urshifu
|-resisted|p1a: Urshifu
|-damage|p1a: Urshifu|42/100
|move|p1a: Urshifu|Swords Dance|p1a: Urshifu
|-boost|p1a: Urshifu|atk|2
|
|turn|15
|
|move|p1a: Urshifu|Aqua Jet|p2a: Chien-Pao
|-damage|p2a: Chien-Pao|0 fnt
|faint|p2a: Chien-Pao
|
|
|switch|p2a: Arcanine|Arcanine-Hisui, M|100/100
|-damage|p2a: Arcanine|88/100|[from] Spikes
|turn|16
|
|move|p2a: Arcanine|Extreme Speed|p1a: Urshifu
|-damage|p1a: Urshifu|3/100
|move|p1a: Urshifu|Surging Strikes|p2a: Arcanine
|-supereffective|p2a: Arcanine
|-crit|p2a: Arcanine
|-damage|p2a: Arcanine|0 fnt
|faint|p2a: Arcanine
|-hitcount|p2: Arcanine|1
|
|
|switch|p2a: Samurott|Samurott-Hisui, M|100/100
|-damage|p2a: Samurott|88/100|[from] Spikes
|turn|17
|
|-terastallize|p2a: Samurott|Ghost
|move|p1a: Urshifu|Aqua Jet|p2a: Samurott
|-damage|p2a: Samurott|7/100
|move|p2a: Samurott|Ceaseless Edge|p1a: Urshifu
|-resisted|p1a: Urshifu
|-damage|p1a: Urshifu|0 fnt
|-sidestart|p1: RAZ0R258|Spikes
|faint|p1a: Urshifu
|
|-heal|p2a: Samurott|14/100|[from] item: Leftovers
|
|switch|p1a: Decidueye|Decidueye-Hisui, M, shiny|100/100
|-damage|p1a: Decidueye|94/100|[from] Stealth Rock
|-damage|p1a: Decidueye|82/100|[from] Spikes
|turn|18
|
|move|p2a: Samurott|Knock Off|p1a: Decidueye
|-resisted|p1a: Decidueye
|-damage|p1a: Decidueye|59/100
|-enditem|p1a: Decidueye|Leftovers|[from] move: Knock Off|[of] p2a: Samurott
|move|p1a: Decidueye|Defog|p2a: Samurott
|-unboost|p2a: Samurott|evasion|1
|-sideend|p2: kev64|Spikes|[from] move: Defog|[of] p1a: Decidueye
|-sideend|p1: RAZ0R258|Spikes|[from] move: Defog|[of] p1a: Decidueye
|-sideend|p1: RAZ0R258|Stealth Rock|[from] move: Defog|[of] p1a: Decidueye
|
|-heal|p2a: Samurott|20/100|[from] item: Leftovers
|turn|19
|
|move|p2a: Samurott|Ceaseless Edge|p1a: Decidueye
|-resisted|p1a: Decidueye
|-damage|p1a: Decidueye|39/100
|-sidestart|p1: RAZ0R258|Spikes
|move|p1a: Decidueye|Triple Arrows|p2a: Samurott
|-damage|p2a: Samurott|0 fnt
|faint|p2a: Samurott
|
|
|switch|p2a: Zapdos|Zapdos-Galar|68/100
|turn|20
|
|move|p2a: Zapdos|Brave Bird|p1a: Decidueye
|-supereffective|p1a: Decidueye
|-damage|p1a: Decidueye|0 fnt
|faint|p1a: Decidueye
|-damage|p2a: Zapdos|53/100|[from] Recoil
|
|
|switch|p1a: Skeledirge|Skeledirge, M|46/100
|turn|21
|
|move|p2a: Zapdos|Brave Bird|p1a: Skeledirge
|-damage|p1a: Skeledirge|0 fnt
|faint|p1a: Skeledirge
|-damage|p2a: Zapdos|34/100|[from] Recoil
|
|
|switch|p1a: Landorus|Landorus-Therian, M|100/100
|-ability|p1a: Landorus|Intimidate|boost
|-unboost|p2a: Zapdos|atk|1
|-ability|p2a: Zapdos|Defiant|boost
|-boost|p2a: Zapdos|atk|2
|turn|22
|
|move|p2a: Zapdos|Brave Bird|p1a: Landorus
|-damage|p1a: Landorus|0 fnt
|faint|p1a: Landorus
|-damage|p2a: Zapdos|1/100|[from] Recoil
|
|win|kev64
