|poke|p1|Sneasler, M|
|poke|p1|Kingambit, F|
|poke|p1|Tornadus-Therian, M|
|poke|p1|Skeledirge, M|
|poke|p1|Samurott-Hisui, M|
|poke|p1|Ursaluna, M|
|poke|p2|Magearna|
|poke|p2|Cresselia, F|
|poke|p2|Enamorus-Therian, F|
|poke|p2|Glastrier|
|poke|p2|Ursaluna, M|
|poke|p2|Uxie|
|teampreview
|
|start
|switch|p1a: Samurott|Samurott-Hisui, M|100/100
|switch|p2a: Uxie|Uxie|100/100
|turn|1
|
|move|p2a: Uxie|U-turn|p1a: Samurott
|-supereffective|p1a: Samurott
|-damage|p1a: Samurott|68/100
|
|switch|p2a: Magearna|Magearna|100/100|[from] U-turn
|move|p1a: Samurott|Ceaseless Edge|p2a: Magearna|[miss]
|-miss|p1a: Samurott|p2a: Magearna
|
|turn|2
|
|move|p1a: Samurott|Razor Shell|p2a: Magearna
|-crit|p2a: Magearna
|-damage|p2a: Magearna|31/100
|move|p2a: Magearna|Trick Room|p2a: Magearna
|-fieldstart|move: Trick Room|[of] p2a: Magearna
|
|turn|3
|
|move|p1a: Samurott|Aqua Jet|p2a: Magearna
|-damage|p2a: Magearna|14/100
|move|p2a: Magearna|Volt Switch|p1a: Samurott
|-supereffective|p1a: Samurott
|-damage|p1a: Samurott|0 fnt
|faint|p1a: Samurott
|-ability|p2a: Magearna|Soul-Heart|boost
|-boost|p2a: Magearna|spa|1
|
|switch|p2a: Ursaluna|Ursaluna, M|100/100|[from] Volt Switch
|
|-status|p2a: Ursaluna|brn|[from] item: Flame Orb
|
|switch|p1a: Ursaluna|Ursaluna, M|100/100
|turn|4
|
|-terastallize|p1a: Ursaluna|Ground
|move|p2a: Ursaluna|Close Combat|p1a: Ursaluna
|-damage|p1a: Ursaluna|47/100
|-unboost|p2a: Ursaluna|def|1
|-unboost|p2a: Ursaluna|spd|1
|move|p1a: Ursaluna|Drain Punch|p2a: Ursaluna
|-supereffective|p2a: Ursaluna
|-damage|p2a: Ursaluna|35/100 brn
|-heal|p1a: Ursaluna|80/100|[from] drain|[of] p2a: Ursaluna
|
|-damage|p2a: Ursaluna|29/100 brn|[from] brn
|-status|p1a: Ursaluna|brn|[from] item: Flame Orb
|turn|5
|
|move|p2a: Ursaluna|Facade|p1a: Ursaluna
|-damage|p1a: Ursaluna|0 fnt
|faint|p1a: Ursaluna
|
|-damage|p2a: Ursaluna|23/100 brn|[from] brn
|
|switch|p1a: Sneasler|Sneasler, M|100/100
|turn|6
|
|move|p1a: Sneasler|Fake Out|p2a: Ursaluna
|-damage|p2a: Ursaluna|5/100 brn
|-damage|p1a: Sneasler|91/100|[from] item: Life Orb
|cant|p2a: Ursaluna|flinch
|
|-damage|p2a: Ursaluna|0 fnt|[from] brn
|faint|p2a: Ursaluna
|-fieldend|move: Trick Room
|
|switch|p2a: Uxie|Uxie|100/100
|turn|7
|
|move|p1a: Sneasler|U-turn|p2a: Uxie
|-supereffective|p2a: Uxie
|-damage|p2a: Uxie|53/100
|-damage|p1a: Sneasler|81/100|[from] item: Life Orb
|
|switch|p1a: Tornadus|Tornadus-Therian, M|100/100|[from] U-turn
|move|p2a: Uxie|Trick Room|p2a: Uxie
|-fieldstart|move: Trick Room|[of] p2a: Uxie
|
|turn|8
|
|switch|p2a: Magearna|Magearna|14/100
|move|p1a: Tornadus|Heat Wave|p2a: Magearna
|-supereffective|p2a: Magearna
|-damage|p2a: Magearna|0 fnt
|faint|p2a: Magearna
|
|
|switch|p2a: Glastrier|Glastrier|100/100
|turn|9
|
|move|p2a: Glastrier|Icicle Crash|p1a: Tornadus
|-supereffective|p1a: Tornadus
|-damage|p1a: Tornadus|0 fnt
|faint|p1a: Tornadus
|-ability|p2a: Glastrier|Chilling Neigh|boost
|-boost|p2a: Glastrier|atk|1
|-damage|p2a: Glastrier|91/100|[from] item: Life Orb
|
|
|switch|p1a: Skeledirge|Skeledirge, M|100/100
|turn|10
|
|move|p2a: Glastrier|Stomping Tantrum|p1a: Skeledirge
|-supereffective|p1a: Skeledirge
|-damage|p1a: Skeledirge|48/100
|-damage|p2a: Glastrier|81/100|[from] item: Life Orb
|move|p1a: Skeledirge|Torch Song|p2a: Glastrier
|-supereffective|p2a: Glastrier
|-damage|p2a: Glastrier|35/100
|-boost|p1a: Skeledirge|spa|1
|
|-heal|p1a: Skeledirge|54/100|[from] item: Leftovers
|turn|11
|
|move|p2a: Glastrier|Stomping Tantrum|p1a: Skeledirge
|-supereffective|p1a: Skeledirge
|-damage|p1a: Skeledirge|7/100
|-damage|p2a: Glastrier|26/100|[from] item: Life Orb
|move|p1a: Skeledirge|Slack Off|p1a: Skeledirge
|-heal|p1a: Skeledirge|57/100
|
|-heal|p1a: Skeledirge|63/100|[from] item: Leftovers
|-fieldend|move: Trick Room
|turn|12
|
|switch|p2a: Cresselia|Cresselia, F|100/100
|move|p1a: Skeledirge|Shadow Ball|p2a: Cresselia
|-supereffective|p2a: Cresselia
|-damage|p2a: Cresselia|37/100
|
|-heal|p1a: Skeledirge|69/100|[from] item: Leftovers
|turn|13
|
|-terastallize|p2a: Cresselia|Ice
|move|p1a: Skeledirge|Shadow Ball|p2a: Cresselia
|-damage|p2a: Cresselia|5/100
|move|p2a: Cresselia|Trick Room|p2a: Cresselia
|-fieldstart|move: Trick Room|[of] p2a: Cresselia
|
|-heal|p1a: Skeledirge|75/100|[from] item: Leftovers
|turn|14
|
|move|p2a: Cresselia|Lunar Dance|p2a: Cresselia
|faint|p2a: Cresselia
|move|p1a: Skeledirge|Will-O-Wisp|p2: Cresselia|[notarget]
|-fail|p1a: Skeledirge
|
|-heal|p1a: Skeledirge|81/100|[from] item: Leftovers
|
|switch|p2a: Enamorus|Enamorus-Therian, F|100/100
|turn|15
|
|move|p2a: Enamorus|Earth Power|p1a: Skeledirge
|-supereffective|p1a: Skeledirge
|-damage|p1a: Skeledirge|0 fnt
|faint|p1a: Skeledirge
|
|
|switch|p1a: Kingambit|Kingambit, F, shiny|100/100
|-activate|p1a: Kingambit|ability: Supreme Overlord
|-start|p1a: Kingambit|fallen4|[silent]
|turn|16
|
|move|p2a: Enamorus|Earth Power|p1a: Kingambit
|-supereffective|p1a: Kingambit
|-damage|p1a: Kingambit|0 fnt
|faint|p1a: Kingambit
|-end|p1a: Kingambit|fallen4|[silent]
|
|
|switch|p1a: Sneasler|Sneasler, M|81/100
|turn|17
|
|move|p1a: Sneasler|Fake Out|p2a: Enamorus
|-crit|p2a: Enamorus
|-damage|p2a: Enamorus|77/100
|-status|p2a: Enamorus|psn|[from] ability: Poison Touch|[of] p1a: Sneasler
|-damage|p1a: Sneasler|71/100|[from] item: Life Orb
|cant|p2a: Enamorus|flinch
|
|-damage|p2a: Enamorus|65/100 psn|[from] psn
|-fieldend|move: Trick Room
|turn|18
|
|move|p1a: Sneasler|Dire Claw|p2a: Enamorus
|-supereffective|p2a: Enamorus
|-damage|p2a: Enamorus|0 fnt
|faint|p2a: Enamorus
|-damage|p1a: Sneasler|61/100|[from] item: Life Orb
|
|
|switch|p2a: Uxie|Uxie|53/100
|-heal|p2a: Uxie|100/100|[from] move: Lunar Dance
|turn|19
|
|move|p1a: Sneasler|Dire Claw|p2a: Uxie
|-damage|p2a: Uxie|62/100
|-status|p2a: Uxie|slp
|-damage|p1a: Sneasler|51/100|[from] item: Life Orb
|cant|p2a: Uxie|slp
|
|turn|20
|
|move|p1a: Sneasler|U-turn|p2a: Uxie
|-supereffective|p2a: Uxie
|-crit|p2a: Uxie
|-damage|p2a: Uxie|0 fnt
|faint|p2a: Uxie
|-damage|p1a: Sneasler|41/100|[from] item: Life Orb
|
|
|switch|p2a: Glastrier|Glastrier|26/100
|turn|21
|
|move|p1a: Sneasler|Close Combat|p2a: Glastrier
|-supereffective|p2a: Glastrier
|-damage|p2a: Glastrier|0 fnt
|-unboost|p1a: Sneasler|def|1
|-unboost|p1a: Sneasler|spd|1
|faint|p2a: Glastrier
|-damage|p1a: Sneasler|31/100|[from] item: Life Orb
|
|win|Omega Umi
