# advantage = p2
|poke|p1|Enamorus, F|
|poke|p1|Urshifu-*, F|
|poke|p1|Slowking-Galar, M|
|poke|p1|Corviknight, M|
|poke|p1|Ting-Lu|
|poke|p1|Dragapult, F|
|poke|p2|Clodsire, M|
|poke|p2|Garganacl, M|
|poke|p2|Dondozo, F|
|poke|p2|Corviknight, M|
|poke|p2|Dragonite, M|
|poke|p2|Skeledirge, F|
|teampreview
|
|start
|switch|p1a: Slowking|Slowking-Galar, M|100/100
|switch|p2a: Clodsire|Clodsire, M|100/100
|turn|1
|
|move|p2a: Clodsire|Stealth Rock|p1a: Slowking
|-sidestart|p1: p1|move: Stealth Rock
|move|p1a: Slowking|Future Sight|p2a: Clodsire
|-start|p1a: Slowking|move: Future Sight
|
|turn|2
|
|move|p2a: Clodsire|Earthquake|p1a: Slowking
|-supereffective|p1a: Slowking
|-damage|p1a: Slowking|42/100
|move|p1a: Slowking|Chilly Reception|p1a: Slowking
|-weather|Snow
|
|switch|p1a: Corviknight|Corviknight, M|100/100|[from] Chilly Reception
|-damage|p1a: Corviknight|88/100|[from] Stealth Rock
|-ability|p1a: Corviknight|Pressure
|
|-weather|Snow|[upkeep]
|-heal|p1a: Corviknight|94/100|[from] item: Leftovers
|turn|3
|
|switch|p2a: Corviknight|Corviknight, M|100/100
|-ability|p2a: Corviknight|Pressure
|move|p1a: Corviknight|U-turn|p2a: Corviknight
|-resisted|p2a: Corviknight
|-damage|p2a: Corviknight|98/100
|-damage|p1a: Corviknight|78/100|[from] item: Rocky Helmet|[of] p2a: Corviknight
|
|switch|p1a: Slowking|Slowking-Galar, M|76/100|[from] U-turn
|
|-weather|Snow|[upkeep]
|-end|p2a: Corviknight|move: Future Sight
|-resisted|p2a: Corviknight
|-damage|p2a: Corviknight|82/100
|turn|4
|
|move|p2a: Corviknight|Brave Bird|p1a: Slowking
|-damage|p1a: Slowking|38/100
|-damage|p2a: Corviknight|69/100|[from] Recoil
|move|p1a: Slowking|Future Sight|p2a: Corviknight
|-start|p1a: Slowking|move: Future Sight
|
|-weather|Snow|[upkeep]
|turn|5
|
|switch|p1a: Corviknight|Corviknight, M|78/100
|-damage|p1a: Corviknight|65/100|[from] Stealth Rock
|-ability|p1a: Corviknight|Pressure
|move|p2a: Corviknight|U-turn|p1a: Corviknight
|-resisted|p1a: Corviknight
|-damage|p1a: Corviknight|63/100
|
|switch|p2a: Garganacl|Garganacl, M|100/100|[from] U-turn
|
|-weather|Snow|[upkeep]
|-heal|p1a: Corviknight|69/100|[from] item: Leftovers
|turn|6
|
|move|p1a: Corviknight|Defog|p2a: Garganacl
|-unboost|p2a: Garganacl|evasion|1
|-sideend|p1: p1|Stealth Rock|[from] move: Defog|[of] p1a: Corviknight
|move|p2a: Garganacl|Salt Cure|p1a: Corviknight
|-damage|p1a: Corviknight|60/100
|-start|p1a: Corviknight|Salt Cure
|
|-weather|none
|-end|p2a: Garganacl|move: Future Sight
|-damage|p2a: Garganacl|69/100
|-heal|p1a: Corviknight|66/100|[from] item: Leftovers
|-heal|p2a: Garganacl|75/100|[from] item: Leftovers
|-damage|p1a: Corviknight|41/100|[from] Salt Cure
|turn|7
|
|switch|p1a: Urshifu|Urshifu-Rapid-Strike, F|100/100
|move|p2a: Garganacl|Salt Cure|p1a: Urshifu
|-resisted|p1a: Urshifu
|-damage|p1a: Urshifu|93/100
|-start|p1a: Urshifu|Salt Cure
|
|-heal|p2a: Garganacl|81/100|[from] item: Leftovers
|-damage|p1a: Urshifu|69/100|[from] Salt Cure
|turn|8
|
|switch|p1a: Slowking|Slowking-Galar, M|71/100
|-terastallize|p2a: Garganacl|Grass
|move|p2a: Garganacl|Iron Defense|p2a: Garganacl
|-boost|p2a: Garganacl|def|2
|
|-heal|p2a: Garganacl|87/100|[from] item: Leftovers
|turn|9
|
|move|p2a: Garganacl|Salt Cure|p1a: Slowking
|-damage|p1a: Slowking|56/100
|-start|p1a: Slowking|Salt Cure
|move|p1a: Slowking|Sludge Bomb|p2a: Garganacl
|-supereffective|p2a: Garganacl
|-damage|p2a: Garganacl|44/100
|
|-heal|p2a: Garganacl|50/100|[from] item: Leftovers
|-damage|p1a: Slowking|44/100|[from] Salt Cure
|turn|10
|
|move|p2a: Garganacl|Recover|p2a: Garganacl
|-heal|p2a: Garganacl|99/100
|move|p1a: Slowking|Chilly Reception|p1a: Slowking
|-weather|Snow
|
|switch|p1a: Dragapult|Dragapult, F|100/100|[from] Chilly Reception
|
|-weather|Snow|[upkeep]
|-heal|p2a: Garganacl|100/100|[from] item: Leftovers
|turn|11
|
|move|p1a: Dragapult|U-turn|p2a: Garganacl
|-supereffective|p2a: Garganacl
|-damage|p2a: Garganacl|90/100
|
|switch|p1a: Ting-Lu|Ting-Lu|100/100|[from] U-turn
|-ability|p1a: Ting-Lu|Vessel of Ruin
|move|p2a: Garganacl|Salt Cure|p1a: Ting-Lu
|-resisted|p1a: Ting-Lu
|-damage|p1a: Ting-Lu|97/100
|-start|p1a: Ting-Lu|Salt Cure
|
|-weather|Snow|[upkeep]
|-heal|p1a: Ting-Lu|100/100|[from] item: Leftovers
|-heal|p2a: Garganacl|96/100|[from] item: Leftovers
|-damage|p1a: Ting-Lu|88/100|[from] Salt Cure
|turn|12
|
|move|p2a: Garganacl|Block|p1a: Ting-Lu
|-activate|p1a: Ting-Lu|trapped
|move|p1a: Ting-Lu|Whirlwind|p2a: Garganacl
|drag|p2a: Dondozo|Dondozo, F|100/100
|
|-weather|Snow|[upkeep]
|-heal|p1a: Ting-Lu|94/100|[from] item: Leftovers
|-damage|p1a: Ting-Lu|82/100|[from] Salt Cure
|turn|13
|
|switch|p1a: Corviknight|Corviknight, M|41/100
|-ability|p1a: Corviknight|Pressure
|move|p2a: Dondozo|Wave Crash|p1a: Corviknight
|-damage|p1a: Corviknight|19/100
|-damage|p2a: Dondozo|95/100|[from] Recoil
|
|-weather|Snow|[upkeep]
|-heal|p1a: Corviknight|25/100|[from] item: Leftovers
|-heal|p2a: Dondozo|100/100|[from] item: Leftovers
|turn|14
|
|move|p1a: Corviknight|Roost|p1a: Corviknight
|-heal|p1a: Corviknight|75/100
|-singleturn|p1a: Corviknight|move: Roost
|move|p2a: Dondozo|Wave Crash|p1a: Corviknight
|-damage|p1a: Corviknight|51/100
|-damage|p2a: Dondozo|94/100|[from] Recoil
|
|-weather|none
|-heal|p1a: Corviknight|58/100|[from] item: Leftovers
|-heal|p2a: Dondozo|100/100|[from] item: Leftovers
|turn|15
|
|switch|p2a: Clodsire|Clodsire, M|100/100
|move|p1a: Corviknight|U-turn|p2a: Clodsire
|-resisted|p2a: Clodsire
|-damage|p2a: Clodsire|93/100
|
|switch|p1a: Slowking|Slowking-Galar, M|77/100|[from] U-turn
|
|-heal|p2a: Clodsire|99/100|[from] item: Leftovers
|turn|16
|
|move|p2a: Clodsire|Earthquake|p1a: Slowking
|-supereffective|p1a: Slowking
|-damage|p1a: Slowking|25/100
|move|p1a: Slowking|Future Sight|p2a: Clodsire
|-start|p1a: Slowking|move: Future Sight
|
|-heal|p2a: Clodsire|100/100|[from] item: Leftovers
|turn|17
|
|switch|p1a: Dragapult|Dragapult, F|100/100
|move|p2a: Clodsire|Stealth Rock|p1a: Dragapult
|-sidestart|p1: p1|move: Stealth Rock
|
|turn|18
|
|move|p1a: Dragapult|Draco Meteor|p2a: Clodsire|[miss]
|-miss|p1a: Dragapult|p2a: Clodsire
|move|p2a: Clodsire|Toxic|p1a: Dragapult
|-status|p1a: Dragapult|tox
|
|-end|p2a: Clodsire|move: Future Sight
|-supereffective|p2a: Clodsire
|-damage|p2a: Clodsire|50/100
|-heal|p2a: Clodsire|56/100|[from] item: Leftovers
|-damage|p1a: Dragapult|95/100 tox|[from] psn
|turn|19
|
|switch|p1a: Corviknight|Corviknight, M|58/100
|-damage|p1a: Corviknight|45/100|[from] Stealth Rock
|-ability|p1a: Corviknight|Pressure
|move|p2a: Clodsire|Recover|p2a: Clodsire
|-heal|p2a: Clodsire|100/100
|
|-heal|p1a: Corviknight|51/100|[from] item: Leftovers
|turn|20
|
|move|p1a: Corviknight|Roost|p1a: Corviknight
|-heal|p1a: Corviknight|100/100
|-singleturn|p1a: Corviknight|move: Roost
|move|p2a: Clodsire|Stealth Rock||[still]
|-fail|p2a: Clodsire
|
|turn|21
|
|move|p1a: Corviknight|Defog|p2a: Clodsire
|-unboost|p2a: Clodsire|evasion|1
|-sideend|p1: p1|Stealth Rock|[from] move: Defog|[of] p1a: Corviknight
|move|p2a: Clodsire|Toxic|p1a: Corviknight
|-immune|p1a: Corviknight
|
|turn|22
|
|move|p1a: Corviknight|Defog|p2a: Clodsire
|-unboost|p2a: Clodsire|evasion|1
|move|p2a: Clodsire|Stealth Rock|p1a: Corviknight
|-sidestart|p1: p1|move: Stealth Rock
|
|turn|23
|
|switch|p2a: Dragonite|Dragonite, M, shiny|100/100
|move|p1a: Corviknight|Defog|p2a: Dragonite
|-unboost|p2a: Dragonite|evasion|1
|-sideend|p1: p1|Stealth Rock|[from] move: Defog|[of] p1a: Corviknight
|
|turn|24
|
|move|p2a: Dragonite|Encore|p1a: Corviknight
|-start|p1a: Corviknight|Encore
|move|p1a: Corviknight|Defog|p2a: Dragonite
|-unboost|p2a: Dragonite|evasion|1
|
|turn|25
|
|switch|p1a: Ting-Lu|Ting-Lu|82/100
|-ability|p1a: Ting-Lu|Vessel of Ruin
|move|p2a: Dragonite|Dragon Dance|p2a: Dragonite
|-boost|p2a: Dragonite|atk|1
|-boost|p2a: Dragonite|spe|1
|
|-heal|p1a: Ting-Lu|88/100|[from] item: Leftovers
|turn|26
|
|move|p2a: Dragonite|Dragon Claw|p1a: Ting-Lu
|-damage|p1a: Ting-Lu|51/100
|move|p1a: Ting-Lu|Whirlwind|p2a: Dragonite
|drag|p2a: Garganacl|Garganacl, M, tera:Grass|96/100
|
|-heal|p1a: Ting-Lu|57/100|[from] item: Leftovers
|-heal|p2a: Garganacl|100/100|[from] item: Leftovers
|turn|27
|
|move|p1a: Ting-Lu|Stealth Rock|p2a: Garganacl
|-sidestart|p2: p2|move: Stealth Rock
|move|p2a: Garganacl|Iron Defense|p2a: Garganacl
|-boost|p2a: Garganacl|def|2
|
|-heal|p1a: Ting-Lu|64/100|[from] item: Leftovers
|turn|28
|
|move|p2a: Garganacl|Block|p1a: Ting-Lu
|-activate|p1a: Ting-Lu|trapped
|move|p1a: Ting-Lu|Whirlwind|p2a: Garganacl
|drag|p2a: Skeledirge|Skeledirge, F|100/100
|
|-heal|p1a: Ting-Lu|70/100|[from] item: Leftovers
|turn|29
|
|move|p2a: Skeledirge|Substitute|p2a: Skeledirge
|-start|p2a: Skeledirge|Substitute
|-damage|p2a: Skeledirge|75/100
|move|p1a: Ting-Lu|Ruination|p2a: Skeledirge
|-end|p2a: Skeledirge|Substitute
|
|-heal|p1a: Ting-Lu|76/100|[from] item: Leftovers
|turn|30
|
|move|p2a: Skeledirge|Torch Song|p1a: Ting-Lu
|-damage|p1a: Ting-Lu|63/100
|-boost|p2a: Skeledirge|spa|1
|move|p1a: Ting-Lu|Whirlwind|p2a: Skeledirge
|drag|p2a: Garganacl|Garganacl, M, tera:Grass|100/100
|-damage|p2a: Garganacl|88/100|[from] Stealth Rock
|
|-heal|p1a: Ting-Lu|69/100|[from] item: Leftovers
|-heal|p2a: Garganacl|94/100|[from] item: Leftovers
|turn|31
|
|switch|p1a: Corviknight|Corviknight, M|100/100
|-ability|p1a: Corviknight|Pressure
|move|p2a: Garganacl|Salt Cure|p1a: Corviknight
|-damage|p1a: Corviknight|93/100
|-start|p1a: Corviknight|Salt Cure
|
|-heal|p1a: Corviknight|99/100|[from] item: Leftovers
|-heal|p2a: Garganacl|100/100|[from] item: Leftovers
|-damage|p1a: Corviknight|74/100|[from] Salt Cure
|turn|32
|
|move|p1a: Corviknight|U-turn|p2a: Garganacl
|-supereffective|p2a: Garganacl
|-damage|p2a: Garganacl|79/100
|
|switch|p1a: Ting-Lu|Ting-Lu|69/100|[from] U-turn
|-ability|p1a: Ting-Lu|Vessel of Ruin
|move|p2a: Garganacl|Iron Defense|p2a: Garganacl
|-boost|p2a: Garganacl|def|2
|
|-heal|p1a: Ting-Lu|75/100|[from] item: Leftovers
|-heal|p2a: Garganacl|85/100|[from] item: Leftovers
|turn|33
|
|move|p2a: Garganacl|Salt Cure|p1a: Ting-Lu
|-resisted|p1a: Ting-Lu
|-damage|p1a: Ting-Lu|71/100
|-start|p1a: Ting-Lu|Salt Cure
|move|p1a: Ting-Lu|Whirlwind|p2a: Garganacl
|drag|p2a: Corviknight|Corviknight, M|69/100
|-damage|p2a: Corviknight|57/100|[from] Stealth Rock
|-ability|p2a: Corviknight|Pressure
|
|-heal|p1a: Ting-Lu|78/100|[from] item: Leftovers
|-damage|p1a: Ting-Lu|65/100|[from] Salt Cure
|turn|34
|
|switch|p1a: Slowking|Slowking-Galar, M|58/100
|move|p2a: Corviknight|Defog|p1a: Slowking
|-unboost|p1a: Slowking|evasion|1
|-sideend|p2: p2|Stealth Rock|[from] move: Defog|[of] p2a: Corviknight
|
|turn|35
|
|move|p2a: Corviknight|Brave Bird|p1a: Slowking
|-damage|p1a: Slowking|18/100
|-damage|p2a: Corviknight|44/100|[from] Recoil
|move|p1a: Slowking|Future Sight|p2a: Corviknight
|-start|p1a: Slowking|move: Future Sight
|
|turn|36
|
|switch|p1a: Corviknight|Corviknight, M|74/100
|-ability|p1a: Corviknight|Pressure
|move|p2a: Corviknight|Brave Bird|p1a: Corviknight
|-resisted|p1a: Corviknight
|-damage|p1a: Corviknight|64/100
|-damage|p2a: Corviknight|40/100|[from] Recoil
|
|-heal|p1a: Corviknight|70/100|[from] item: Leftovers
|turn|37
|
|move|p1a: Corviknight|U-turn|p2a: Corviknight
|-resisted|p2a: Corviknight
|-damage|p2a: Corviknight|38/100
|-damage|p1a: Corviknight|53/100|[from] item: Rocky Helmet|[of] p2a: Corviknight
|
|switch|p1a: Ting-Lu|Ting-Lu|65/100|[from] U-turn
|-ability|p1a: Ting-Lu|Vessel of Ruin
|move|p2a: Corviknight|Roost|p2a: Corviknight
|-heal|p2a: Corviknight|88/100
|-singleturn|p2a: Corviknight|move: Roost
|
|-end|p2a: Corviknight|move: Future Sight
|-resisted|p2a: Corviknight
|-damage|p2a: Corviknight|76/100
|-heal|p1a: Ting-Lu|71/100|[from] item: Leftovers
|turn|38
|
|move|p1a: Ting-Lu|Ruination|p2a: Corviknight
|-damage|p2a: Corviknight|38/100
|move|p2a: Corviknight|Brave Bird|p1a: Ting-Lu
|-damage|p1a: Ting-Lu|53/100
|-damage|p2a: Corviknight|30/100|[from] Recoil
|
|-heal|p1a: Ting-Lu|59/100|[from] item: Leftovers
|turn|39
|
|switch|p1a: Slowking|Slowking-Galar, M|51/100
|move|p2a: Corviknight|Roost|p2a: Corviknight
|-heal|p2a: Corviknight|80/100
|-singleturn|p2a: Corviknight|move: Roost
|
|turn|40
|
|switch|p1a: Corviknight|Corviknight, M|53/100
|-ability|p1a: Corviknight|Pressure
|move|p2a: Corviknight|Brave Bird|p1a: Corviknight
|-resisted|p1a: Corviknight
|-crit|p1a: Corviknight
|-damage|p1a: Corviknight|36/100
|-damage|p2a: Corviknight|75/100|[from] Recoil
|
|-heal|p1a: Corviknight|42/100|[from] item: Leftovers
|turn|41
|
|switch|p2a: Dragonite|Dragonite, M, shiny|100/100
|move|p1a: Corviknight|Roost|p1a: Corviknight
|-heal|p1a: Corviknight|92/100
|-singleturn|p1a: Corviknight|move: Roost
|
|-heal|p1a: Corviknight|99/100|[from] item: Leftovers
|turn|42
|
|switch|p1a: Ting-Lu|Ting-Lu|59/100
|-ability|p1a: Ting-Lu|Vessel of Ruin
|move|p2a: Dragonite|Dragon Dance|p2a: Dragonite
|-boost|p2a: Dragonite|atk|1
|-boost|p2a: Dragonite|spe|1
|
|-heal|p1a: Ting-Lu|65/100|[from] item: Leftovers
|turn|43
|
|move|p2a: Dragonite|Dragon Claw|p1a: Ting-Lu
|-damage|p1a: Ting-Lu|28/100
|move|p1a: Ting-Lu|Whirlwind|p2a: Dragonite
|drag|p2a: Corviknight|Corviknight, M|75/100
|-ability|p2a: Corviknight|Pressure
|
|-heal|p1a: Ting-Lu|34/100|[from] item: Leftovers
|turn|44
|
|switch|p1a: Slowking|Slowking-Galar, M|84/100
|move|p2a: Corviknight|U-turn|p1a: Slowking
|-damage|p1a: Slowking|69/100
|
|switch|p2a: Clodsire|Clodsire, M|100/100|[from] U-turn
|
|turn|45
|
|move|p2a: Clodsire|Earthquake|p1a: Slowking
|-supereffective|p1a: Slowking
|-damage|p1a: Slowking|11/100
|move|p1a: Slowking|Future Sight|p2a: Clodsire
|-start|p1a: Slowking|move: Future Sight
|
|turn|46
|
|switch|p1a: Urshifu|Urshifu-Rapid-Strike, F|69/100
|move|p2a: Clodsire|Stealth Rock|p1a: Urshifu
|-sidestart|p1: p1|move: Stealth Rock
|
|turn|47
|
|switch|p2a: Corviknight|Corviknight, M|75/100
|-ability|p2a: Corviknight|Pressure
|move|p1a: Urshifu|Close Combat|p2a: Corviknight
|-damage|p2a: Corviknight|27/100
|-unboost|p1a: Urshifu|def|1
|-unboost|p1a: Urshifu|spd|1
|-damage|p1a: Urshifu|52/100|[from] item: Rocky Helmet|[of] p2a: Corviknight
|
|-end|p2a: Corviknight|move: Future Sight
|-resisted|p2a: Corviknight
|-damage|p2a: Corviknight|13/100
|turn|48
|
|switch|p2a: Skeledirge|Skeledirge, F|75/100
|move|p1a: Urshifu|Close Combat|p2a: Skeledirge
|-immune|p2a: Skeledirge
|
|turn|49
|
|switch|p1a: Enamorus|Enamorus, F|100/100
|-damage|p1a: Enamorus|76/100|[from] Stealth Rock
|switch|p2a: Dondozo|Dondozo, F|100/100
|
|turn|50
|
|move|p1a: Enamorus|Moonblast|p2a: Dondozo
|-damage|p2a: Dondozo|50/100
|move|p2a: Dondozo|Wave Crash|p1a: Enamorus
|-damage|p1a: Enamorus|15/100
|-damage|p2a: Dondozo|38/100|[from] Recoil
|
|-heal|p2a: Dondozo|45/100|[from] item: Leftovers
|turn|51
|
|switch|p1a: Corviknight|Corviknight, M|99/100
|-damage|p1a: Corviknight|86/100|[from] Stealth Rock
|-ability|p1a: Corviknight|Pressure
|switch|p2a: Clodsire|Clodsire, M|100/100
|
|-heal|p1a: Corviknight|92/100|[from] item: Leftovers
|turn|52
|
|move|p1a: Corviknight|Defog|p2a: Clodsire
|-unboost|p2a: Clodsire|evasion|1
|-sideend|p1: p1|Stealth Rock|[from] move: Defog|[of] p1a: Corviknight
|move|p2a: Clodsire|Stealth Rock|p1a: Corviknight
|-sidestart|p1: p1|move: Stealth Rock
|
|-heal|p1a: Corviknight|99/100|[from] item: Leftovers
|turn|53
|
|switch|p2a: Dragonite|Dragonite, M, shiny|100/100
|move|p1a: Corviknight|Defog|p2a: Dragonite
|-unboost|p2a: Dragonite|evasion|1
|-sideend|p1: p1|Stealth Rock|[from] move: Defog|[of] p1a: Corviknight
|
|-heal|p1a: Corviknight|100/100|[from] item: Leftovers
|turn|54
|
|switch|p1a: Dragapult|Dragapult, F|95/100 tox
|move|p2a: Dragonite|Dragon Dance|p2a: Dragonite
|-boost|p2a: Dragonite|atk|1
|-boost|p2a: Dragonite|spe|1
|
|-damage|p1a: Dragapult|89/100 tox|[from] psn
|turn|55
|
|switch|p1a: Corviknight|Corviknight, M|100/100
|-ability|p1a: Corviknight|Pressure
|move|p2a: Dragonite|Dragon Claw|p1a: Corviknight
|-resisted|p1a: Corviknight
|-damage|p1a: Corviknight|80/100
|
|-heal|p1a: Corviknight|87/100|[from] item: Leftovers
|turn|56
|
|move|p2a: Dragonite|Fire Punch|p1a: Corviknight
|-supereffective|p1a: Corviknight
|-damage|p1a: Corviknight|41/100
|move|p1a: Corviknight|U-turn|p2a: Dragonite
|-resisted|p2a: Dragonite
|-damage|p2a: Dragonite|97/100
|
|switch|p1a: Enamorus|Enamorus, F|15/100|[from] U-turn
|
|turn|57
|
|move|p1a: Enamorus|Moonblast|p2a: Dragonite
|-supereffective|p2a: Dragonite
|-damage|p2a: Dragonite|0 fnt
|faint|p2a: Dragonite
|
|
|switch|p2a: Clodsire|Clodsire, M|100/100
|turn|58
|
|switch|p1a: Ting-Lu|Ting-Lu|34/100
|-ability|p1a: Ting-Lu|Vessel of Ruin
|move|p2a: Clodsire|Earthquake|p1a: Ting-Lu
|-damage|p1a: Ting-Lu|18/100
|
|-heal|p1a: Ting-Lu|24/100|[from] item: Leftovers
|turn|59
|
|move|p1a: Ting-Lu|Stealth Rock|p2a: Clodsire
|-sidestart|p2: p2|move: Stealth Rock
|move|p2a: Clodsire|Earthquake|p1a: Ting-Lu
|-damage|p1a: Ting-Lu|8/100
|
|-heal|p1a: Ting-Lu|14/100|[from] item: Leftovers
|turn|60
|
|switch|p1a: Dragapult|Dragapult, F|89/100 tox
|move|p2a: Clodsire|Earthquake|p1a: Dragapult
|-damage|p1a: Dragapult|50/100 tox
|
|-damage|p1a: Dragapult|44/100 tox|[from] psn
|turn|61
|
|switch|p1a: Enamorus|Enamorus, F|15/100
|move|p2a: Clodsire|Earthquake|p1a: Enamorus
|-immune|p1a: Enamorus
|
|turn|62
|
|move|p1a: Enamorus|Healing Wish|p1a: Enamorus
|faint|p1a: Enamorus
|move|p2a: Clodsire|Toxic|p1: Enamorus|[notarget]
|-fail|p2a: Clodsire
|
|
|switch|p1a: Dragapult|Dragapult, F|44/100 tox
|-heal|p1a: Dragapult|100/100|[from] move: Healing Wish
|turn|63
|
|move|p1a: Dragapult|U-turn|p2a: Clodsire
|-resisted|p2a: Clodsire
|-damage|p2a: Clodsire|93/100
|
|switch|p1a: Corviknight|Corviknight, M|41/100|[from] U-turn
|-ability|p1a: Corviknight|Pressure
|move|p2a: Clodsire|Recover|p2a: Clodsire
|-heal|p2a: Clodsire|100/100
|
|-heal|p1a: Corviknight|47/100|[from] item: Leftovers
|turn|64
|
|move|p1a: Corviknight|Body Press|p2a: Clodsire
|-resisted|p2a: Clodsire
|-damage|p2a: Clodsire|88/100
|move|p2a: Clodsire|Stealth Rock|p1a: Corviknight
|-sidestart|p1: p1|move: Stealth Rock
|
|-heal|p1a: Corviknight|53/100|[from] item: Leftovers
|-heal|p2a: Clodsire|94/100|[from] item: Leftovers
|turn|65
|
|move|p1a: Corviknight|Body Press|p2a: Clodsire
|-resisted|p2a: Clodsire
|-damage|p2a: Clodsire|81/100
|move|p2a: Clodsire|Toxic|p1a: Corviknight
|-immune|p1a: Corviknight
|
|-heal|p1a: Corviknight|59/100|[from] item: Leftovers
|-heal|p2a: Clodsire|87/100|[from] item: Leftovers
|turn|66
|
|move|p1a: Corviknight|U-turn|p2a: Clodsire
|-resisted|p2a: Clodsire
|-damage|p2a: Clodsire|81/100
|
|switch|p1a: Slowking|Slowking-Galar, M|45/100|[from] U-turn
|move|p2a: Clodsire|Stealth Rock||[still]
|-fail|p2a: Clodsire
|
|-heal|p2a: Clodsire|87/100|[from] item: Leftovers
|turn|67
|
|switch|p1a: Corviknight|Corviknight, M|59/100
|-damage|p1a: Corviknight|47/100|[from] Stealth Rock
|-ability|p1a: Corviknight|Pressure
|move|p2a: Clodsire|Earthquake|p1a: Corviknight
|-immune|p1a: Corviknight
|
|-heal|p1a: Corviknight|53/100|[from] item: Leftovers
|-heal|p2a: Clodsire|93/100|[from] item: Leftovers
|turn|68
|
|switch|p2a: Garganacl|Garganacl, M, tera:Grass|85/100
|-damage|p2a: Garganacl|73/100|[from] Stealth Rock
|move|p1a: Corviknight|Roost|p1a: Corviknight
|-heal|p1a: Corviknight|100/100
|-singleturn|p1a: Corviknight|move: Roost
|
|-heal|p2a: Garganacl|79/100|[from] item: Leftovers
|turn|69
|
|move|p1a: Corviknight|U-turn|p2a: Garganacl
|-supereffective|p2a: Garganacl
|-damage|p2a: Garganacl|59/100
|
|switch|p1a: Slowking|Slowking-Galar, M|78/100|[from] U-turn
|move|p2a: Garganacl|Salt Cure|p1a: Slowking
|-damage|p1a: Slowking|64/100
|-start|p1a: Slowking|Salt Cure
|
|-heal|p2a: Garganacl|65/100|[from] item: Leftovers
|-damage|p1a: Slowking|52/100|[from] Salt Cure
|turn|70
|
|move|p2a: Garganacl|Salt Cure|p1a: Slowking
|-damage|p1a: Slowking|38/100
|move|p1a: Slowking|Future Sight|p2a: Garganacl
|-start|p1a: Slowking|move: Future Sight
|
|-heal|p2a: Garganacl|71/100|[from] item: Leftovers
|-damage|p1a: Slowking|25/100|[from] Salt Cure
|turn|71
|
|move|p2a: Garganacl|Salt Cure|p1a: Slowking
|-damage|p1a: Slowking|11/100
|move|p1a: Slowking|Chilly Reception|p1a: Slowking
|-weather|Snow
|
|switch|p1a: Dragapult|Dragapult, F|100/100|[from] Chilly Reception
|-damage|p1a: Dragapult|88/100|[from] Stealth Rock
|
|-weather|Snow|[upkeep]
|-heal|p2a: Garganacl|77/100|[from] item: Leftovers
|turn|72
|
|move|p1a: Dragapult|Draco Meteor|p2a: Garganacl
|-damage|p2a: Garganacl|25/100
|-unboost|p1a: Dragapult|spa|2
|move|p2a: Garganacl|Salt Cure|p1a: Dragapult
|-damage|p1a: Dragapult|67/100
|-start|p1a: Dragapult|Salt Cure
|
|-weather|Snow|[upkeep]
|-end|p2a: Garganacl|move: Future Sight
|-damage|p2a: Garganacl|0 fnt
|faint|p2a: Garganacl
|-damage|p1a: Dragapult|55/100|[from] Salt Cure
|
|switch|p2a: Skeledirge|Skeledirge, F|75/100
|turn|73
|
|switch|p1a: Urshifu|Urshifu-Rapid-Strike, F|52/100
|-damage|p1a: Urshifu|46/100|[from] Stealth Rock
|move|p2a: Skeledirge|Torch Song|p1a: Urshifu
|-resisted|p1a: Urshifu
|-damage|p1a: Urshifu|22/100
|-boost|p2a: Skeledirge|spa|1
|
|-weather|Snow|[upkeep]
|turn|74
|
|switch|p2a: Corviknight|Corviknight, M|13/100
|-damage|p2a: Corviknight|1/100|[from] Stealth Rock
|-ability|p2a: Corviknight|Pressure
|move|p1a: Urshifu|Surging Strikes|p2a: Corviknight
|-crit|p2a: Corviknight
|-damage|p2a: Corviknight|0 fnt
|faint|p2a: Corviknight
|-hitcount|p2: Corviknight|1
|
|-weather|Snow|[upkeep]
|-message|p2 forfeited.
|
|win|p1
