|poke|p1|Dondozo, M|
|poke|p1|Hydreigon, F|
|poke|p1|Cinderace, F|
|poke|p1|Toxapex, M|
|poke|p1|Great Tusk|
|poke|p1|Scream Tail|
|poke|p2|Lilligant-Hisui, F|
|poke|p2|Magearna|
|poke|p2|Glimmora, M|
|poke|p2|Grimmsnarl, M|
|poke|p2|Gholdengo|
|poke|p2|Iron Valiant|
|teampreview
|
|start
|switch|p1a: Toxapex|Toxapex, M|100/100
|switch|p2a: Grimmsnarl|Grimmsnarl, M|100/100
|turn|1
|
|move|p2a: Grimmsnarl|Taunt|p1a: Toxapex
|-start|p1a: Toxapex|move: Taunt
|move|p1a: Toxapex|Sludge Bomb|p2a: Grimmsnarl
|-supereffective|p2a: Grimmsnarl
|-damage|p2a: Grimmsnarl|56/100
|
|turn|2
|
|move|p2a: Grimmsnarl|Light Screen|p2a: Grimmsnarl
|-sidestart|p2: Pyro tainer|move: Light Screen
|move|p1a: Toxapex|Infestation|p2a: Grimmsnarl
|-damage|p2a: Grimmsnarl|54/100
|-activate|p2a: Grimmsnarl|move: Infestation|[of] p1a: Toxapex
|
|-damage|p2a: Grimmsnarl|42/100|[from] move: Infestation|[partiallytrapped]
|turn|3
|
|move|p2a: Grimmsnarl|Reflect|p2a: Grimmsnarl
|-sidestart|p2: Pyro tainer|Reflect
|move|p1a: Toxapex|Sludge Bomb|p2a: Grimmsnarl
|-supereffective|p2a: Grimmsnarl
|-damage|p2a: Grimmsnarl|22/100
|-status|p2a: Grimmsnarl|psn
|
|-damage|p2a: Grimmsnarl|10/100 psn|[from] psn
|-damage|p2a: Grimmsnarl|0 fnt|[from] move: Infestation|[partiallytrapped]
|faint|p2a: Grimmsnarl
|-end|p1a: Toxapex|move: Taunt
|
|switch|p2a: Magearna|Magearna|100/100
|turn|4
|
|switch|p1a: Scream Tail|Scream Tail|100/100
|move|p2a: Magearna|Iron Defense|p2a: Magearna
|-boost|p2a: Magearna|def|2
|
|turn|5
|
|switch|p2a: Gholdengo|Gholdengo|100/100
|move|p1a: Scream Tail|Encore|p2a: Gholdengo
|-immune|p2a: Gholdengo|[from] ability: Good as Gold
|
|turn|6
|
|-end|p1a: Scream Tail|Protosynthesis|[silent]
|switch|p1a: Toxapex|Toxapex, M|100/100
|move|p2a: Gholdengo|Trick|p1a: Toxapex
|-activate|p2a: Gholdengo|move: Trick|[of] p1a: Toxapex
|-item|p1a: Toxapex|Choice Scarf|[from] move: Trick
|-item|p2a: Gholdengo|Assault Vest|[from] move: Trick
|
|turn|7
|
|switch|p2a: Magearna|Magearna|100/100
|move|p1a: Toxapex|Infestation|p2a: Magearna
|-resisted|p2a: Magearna
|-damage|p2a: Magearna|99/100
|-activate|p2a: Magearna|move: Infestation|[of] p1a: Toxapex
|
|-heal|p2a: Magearna|100/100|[from] item: Leftovers
|-damage|p2a: Magearna|88/100|[from] move: Infestation|[partiallytrapped]
|turn|8
|
|switch|p1a: Cinderace|Cinderace, F|100/100
|move|p2a: Magearna|Iron Defense|p2a: Magearna
|-boost|p2a: Magearna|def|2
|
|-heal|p2a: Magearna|94/100|[from] item: Leftovers
|-end|p2a: Magearna|Infestation|[partiallytrapped]|[silent]
|turn|9
|
|move|p1a: Cinderace|Will-O-Wisp|p2a: Magearna
|-status|p2a: Magearna|brn
|move|p2a: Magearna|Draining Kiss|p1a: Cinderace
|-resisted|p1a: Cinderace
|-damage|p1a: Cinderace|84/100
|-heal|p2a: Magearna|100/100 brn|[from] drain|[of] p1a: Cinderace
|
|-damage|p2a: Magearna|94/100 brn|[from] brn
|-sideend|p2: Pyro tainer|move: Light Screen
|turn|10
|
|move|p1a: Cinderace|U-turn|p2a: Magearna
|-start|p1a: Cinderace|typechange|Bug|[from] ability: Libero
|-resisted|p2a: Magearna
|-damage|p2a: Magearna|93/100 brn
|
|switch|p1a: Scream Tail|Scream Tail|100/100|[from] U-turn
|move|p2a: Magearna|Calm Mind|p2a: Magearna
|-boost|p2a: Magearna|spa|1
|-boost|p2a: Magearna|spd|1
|
|-heal|p2a: Magearna|99/100 brn|[from] item: Leftovers
|-damage|p2a: Magearna|93/100 brn|[from] brn
|-sideend|p2: Pyro tainer|Reflect
|turn|11
|
|move|p1a: Scream Tail|Encore|p2a: Magearna
|-start|p2a: Magearna|Encore
|move|p2a: Magearna|Calm Mind|p2a: Magearna
|-boost|p2a: Magearna|spa|1
|-boost|p2a: Magearna|spd|1
|
|-heal|p2a: Magearna|99/100 brn|[from] item: Leftovers
|-damage|p2a: Magearna|93/100 brn|[from] brn
|turn|12
|
|-end|p1a: Scream Tail|Protosynthesis|[silent]
|switch|p1a: Great Tusk|Great Tusk|100/100
|switch|p2a: Gholdengo|Gholdengo|100/100
|
|turn|13
|
|move|p2a: Gholdengo|Make It Rain|p1a: Great Tusk
|-damage|p1a: Great Tusk|19/100
|-unboost|p2a: Gholdengo|spa|1
|move|p1a: Great Tusk|Earthquake|p2a: Gholdengo
|-supereffective|p2a: Gholdengo
|-damage|p2a: Gholdengo|0 fnt
|faint|p2a: Gholdengo
|
|-heal|p1a: Great Tusk|25/100|[from] item: Leftovers
|
|switch|p2a: Lilligant|Lilligant-Hisui, F|100/100
|turn|14
|
|-end|p1a: Great Tusk|Protosynthesis|[silent]
|switch|p1a: Scream Tail|Scream Tail|100/100
|move|p2a: Lilligant|Victory Dance|p2a: Lilligant
|-boost|p2a: Lilligant|atk|1
|-boost|p2a: Lilligant|def|1
|-boost|p2a: Lilligant|spe|1
|
|turn|15
|
|move|p2a: Lilligant|Leaf Blade|p1a: Scream Tail
|-damage|p1a: Scream Tail|22/100
|move|p1a: Scream Tail|Dazzling Gleam|p2a: Lilligant
|-supereffective|p2a: Lilligant
|-damage|p2a: Lilligant|36/100
|
|-heal|p1a: Scream Tail|29/100|[from] item: Leftovers
|turn|16
|
|move|p2a: Lilligant|Leaf Blade|p1a: Scream Tail|[miss]
|-miss|p2a: Lilligant|p1a: Scream Tail
|move|p1a: Scream Tail|Dazzling Gleam|p2a: Lilligant
|-supereffective|p2a: Lilligant
|-damage|p2a: Lilligant|0 fnt
|faint|p2a: Lilligant
|
|-heal|p1a: Scream Tail|35/100|[from] item: Leftovers
|-message|Pyro tainer forfeited.
|
|win|restneeded
