|poke|p1|Ursaluna, M|
|poke|p1|Breloom, F|
|poke|p1|Skeledirge, M|
|poke|p1|Slowking-Galar, M|
|poke|p1|Glimmora, F|
|poke|p1|Magearna|
|poke|p2|Urshifu-*, F|
|poke|p2|Chien-Pao|
|poke|p2|Arcanine-Hisui, M|
|poke|p2|Landorus-Therian, M|
|poke|p2|Gholdengo|
|poke|p2|Dragonite, M|
|teampreview
|
|start
|switch|p1a: Glimmora|Glimmora, F|100/100
|switch|p2a: Dragonite|Dragonite, M|100/100
|turn|1
|
|move|p1a: Glimmora|Stealth Rock|p2a: Dragonite
|-sidestart|p2: gui2xx|move: Stealth Rock
|move|p2a: Dragonite|Draco Meteor|p1a: Glimmora
|-enditem|p1a: Glimmora|Focus Sash
|-damage|p1a: Glimmora|1/100
|-unboost|p2a: Dragonite|spa|2
|
|turn|2
|
|move|p1a: Glimmora|Spikes|p2a: Dragonite
|-sidestart|p2: gui2xx|Spikes
|move|p2a: Dragonite|Draco Meteor|p1a: Glimmora|[miss]
|-miss|p2a: Dragonite|p1a: Glimmora
|
|turn|3
|
|move|p1a: Glimmora|Spikes|p2a: Dragonite
|-sidestart|p2: gui2xx|Spikes
|move|p2a: Dragonite|Draco Meteor|p1a: Glimmora
|-damage|p1a: Glimmora|0 fnt
|-unboost|p2a: Dragonite|spa|2
|faint|p1a: Glimmora
|
|
|switch|p1a: Zorra esclava|Magearna|100/100
|-item|p1a: Zorra esclava|Air Balloon
|turn|4
|
|switch|p2a: Gholdengo|Gholdengo|100/100
|-damage|p2a: Gholdengo|94/100|[from] Stealth Rock
|-damage|p2a: Gholdengo|78/100|[from] Spikes
|move|p1a: Zorra esclava|Trick Room|p1a: Zorra esclava
|-fieldstart|move: Trick Room|[of] p1a: Zorra esclava
|
|turn|5
|
|switch|p1a: Mata jotos|Ursaluna, M, shiny|100/100
|move|p2a: Gholdengo|Charge Beam|p1a: Mata jotos
|-immune|p1a: Mata jotos
|
|-status|p1a: Mata jotos|brn|[from] item: Flame Orb
|turn|6
|
|switch|p2a: Landorus|Landorus-Therian, M|100/100
|-damage|p2a: Landorus|88/100|[from] Stealth Rock
|-ability|p2a: Landorus|Intimidate|boost
|-unboost|p1a: Mata jotos|atk|1
|move|p1a: Mata jotos|Swords Dance|p1a: Mata jotos
|-boost|p1a: Mata jotos|atk|2
|
|-damage|p1a: Mata jotos|94/100 brn|[from] brn
|turn|7
|
|-terastallize|p2a: Landorus|Ice
|move|p1a: Mata jotos|Facade|p2a: Landorus
|-damage|p2a: Landorus|0 fnt
|faint|p2a: Landorus
|
|-damage|p1a: Mata jotos|88/100 brn|[from] brn
|
|switch|p2a: Urshifu|Urshifu-Rapid-Strike, F|100/100
|-damage|p2a: Urshifu|94/100|[from] Stealth Rock
|-damage|p2a: Urshifu|78/100|[from] Spikes
|turn|8
|
|move|p1a: Mata jotos|Facade|p2a: Urshifu
|-damage|p2a: Urshifu|0 fnt
|faint|p2a: Urshifu
|
|-damage|p1a: Mata jotos|82/100 brn|[from] brn
|-fieldend|move: Trick Room
|-message|gui2xx forfeited.
|
|win|TheGreatJowel
|hidelines|unlink|thegreatjowel
