|poke|p1|Torkoal, M|
|poke|p1|Walking Wake|
|poke|p1|Arcanine-Hisui, F|
|poke|p1|Landorus-Therian, M|
|poke|p1|Chien-Pao|
|poke|p1|Lilligant-Hisui, F|
|poke|p2|Zoroark-Hisui, F|
|poke|p2|Lucario, M|
|poke|p2|Sneasler, M|
|poke|p2|Skeledirge, F|
|poke|p2|Slowking-Galar, M|
|poke|p2|Corviknight, F|
|teampreview
|
|start
|switch|p1a: Torkoal|Torkoal, M|100/100
|switch|p2a: Melee and Brawl|Lucario, M|100/100
|-weather|SunnyDay|[from] ability: Drought|[of] p1a: Torkoal
|turn|1
|
|switch|p2a: Crocodile Cacophny|Skeledirge, F|100/100
|move|p1a: Torkoal|Overheat|p2a: Crocodile Cacophny|[miss]
|-miss|p1a: Torkoal|p2a: Crocodile Cacophny
|
|-weather|SunnyDay|[upkeep]
|turn|2
|
|move|p2a: Crocodile Cacophny|Will-O-Wisp|p1a: Torkoal
|-immune|p1a: Torkoal
|move|p1a: Torkoal|Stealth Rock|p2a: Crocodile Cacophny
|-sidestart|p2: Wonderfire-X|move: Stealth Rock
|
|-weather|SunnyDay|[upkeep]
|turn|3
|
|switch|p1a: Arcanine|Arcanine-Hisui, F|100/100
|move|p2a: Crocodile Cacophny|Torch Song|p1a: Arcanine
|-resisted|p1a: Arcanine
|-damage|p1a: Arcanine|89/100
|-boost|p2a: Crocodile Cacophny|spa|1
|
|-weather|SunnyDay|[upkeep]
|turn|4
|
|move|p1a: Arcanine|Wild Charge|p2a: Crocodile Cacophny
|-damage|p2a: Crocodile Cacophny|71/100
|move|p2a: Crocodile Cacophny|Torch Song|p1a: Arcanine
|-resisted|p1a: Arcanine
|-damage|p1a: Arcanine|72/100
|-boost|p2a: Crocodile Cacophny|spa|1
|
|-weather|SunnyDay|[upkeep]
|-heal|p2a: Crocodile Cacophny|77/100|[from] item: Leftovers
|turn|5
|
|switch|p1a: Walking Wake|Walking Wake|100/100
|-activate|p1a: Walking Wake|ability: Protosynthesis
|-start|p1a: Walking Wake|protosynthesisspa
|-terastallize|p2a: Crocodile Cacophny|Fairy
|move|p2a: Crocodile Cacophny|Torch Song|p1a: Walking Wake
|-resisted|p1a: Walking Wake
|-damage|p1a: Walking Wake|76/100
|-boost|p2a: Crocodile Cacophny|spa|1
|
|-weather|SunnyDay|[upkeep]
|-heal|p2a: Crocodile Cacophny|83/100|[from] item: Leftovers
|turn|6
|
|move|p1a: Walking Wake|Hydro Steam|p2a: Crocodile Cacophny
|-damage|p2a: Crocodile Cacophny|0 fnt
|faint|p2a: Crocodile Cacophny
|
|-weather|SunnyDay|[upkeep]
|
|switch|p2a: Help Me|Slowking-Galar, M|100/100
|-damage|p2a: Help Me|88/100|[from] Stealth Rock
|turn|7
|
|-terastallize|p1a: Walking Wake|Water
|move|p1a: Walking Wake|Hydro Steam|p2a: Help Me
|-damage|p2a: Help Me|10/100
|move|p2a: Help Me|Sludge Bomb|p1a: Walking Wake
|-damage|p1a: Walking Wake|31/100
|
|-weather|SunnyDay|[upkeep]
|turn|8
|
|move|p1a: Walking Wake|Hydro Steam|p2a: Help Me
|-damage|p2a: Help Me|0 fnt
|faint|p2a: Help Me
|
|-weather|none
|-end|p1a: Walking Wake|Protosynthesis
|
|switch|p2a: Melee and Brawl|Lucario, M|100/100
|-damage|p2a: Melee and Brawl|98/100|[from] Stealth Rock
|turn|9
|
|-end|p1a: Walking Wake|Protosynthesis|[silent]
|switch|p1a: Torkoal|Torkoal, M|100/100
|-weather|SunnyDay|[from] ability: Drought|[of] p1a: Torkoal
|move|p2a: Melee and Brawl|Extreme Speed|p1a: Torkoal
|-damage|p1a: Torkoal|82/100
|
|-weather|SunnyDay|[upkeep]
|turn|10
|
|move|p2a: Melee and Brawl|Swords Dance|p2a: Melee and Brawl
|-boost|p2a: Melee and Brawl|atk|2
|move|p1a: Torkoal|Overheat|p2a: Melee and Brawl
|-supereffective|p2a: Melee and Brawl
|-damage|p2a: Melee and Brawl|0 fnt
|-unboost|p1a: Torkoal|spa|2
|faint|p2a: Melee and Brawl
|
|-weather|SunnyDay|[upkeep]
|
|switch|p2a: Gesundheit|Sneasler, M|100/100
|-damage|p2a: Gesundheit|95/100|[from] Stealth Rock
|turn|11
|
|switch|p1a: Landorus|Landorus-Therian, M|100/100
|-ability|p1a: Landorus|Intimidate|boost
|-unboost|p2a: Gesundheit|atk|1
|move|p2a: Gesundheit|Swords Dance|p2a: Gesundheit
|-boost|p2a: Gesundheit|atk|2
|
|-weather|SunnyDay|[upkeep]
|turn|12
|
|switch|p2a: Die Hazard Scum|Corviknight, F, shiny|100/100
|-damage|p2a: Die Hazard Scum|88/100|[from] Stealth Rock
|move|p1a: Landorus|Earthquake|p2a: Die Hazard Scum
|-immune|p2a: Die Hazard Scum
|
|-weather|SunnyDay|[upkeep]
|turn|13
|
|switch|p1a: Arcanine|Arcanine-Hisui, F|72/100
|move|p2a: Die Hazard Scum|U-turn|p1a: Arcanine
|-resisted|p1a: Arcanine
|-damage|p1a: Arcanine|65/100
|
|switch|p2a: Gesundheit|Sneasler, M|95/100|[from] U-turn
|-damage|p2a: Gesundheit|89/100|[from] Stealth Rock
|
|-weather|SunnyDay|[upkeep]
|turn|14
|
|switch|p1a: Landorus|Landorus-Therian, M|100/100
|-ability|p1a: Landorus|Intimidate|boost
|-unboost|p2a: Gesundheit|atk|1
|move|p2a: Gesundheit|Dig||[still]
|-prepare|p2a: Gesundheit|Dig
|-enditem|p2a: Gesundheit|Power Herb
|-anim|p2a: Gesundheit|Dig|p1a: Landorus
|-immune|p1a: Landorus
|
|-weather|SunnyDay|[upkeep]
|turn|15
|
|move|p2a: Gesundheit|Swords Dance|p2a: Gesundheit
|-boost|p2a: Gesundheit|atk|2
|move|p1a: Landorus|U-turn|p2a: Gesundheit
|-resisted|p2a: Gesundheit
|-damage|p2a: Gesundheit|77/100
|
|switch|p1a: Chien-Pao|Chien-Pao|100/100|[from] U-turn
|-ability|p1a: Chien-Pao|Sword of Ruin
|
|-weather|SunnyDay|[upkeep]
|turn|16
|
|move|p1a: Chien-Pao|Ice Shard|p2a: Gesundheit
|-damage|p2a: Gesundheit|28/100
|move|p2a: Gesundheit|Dig||[still]
|-prepare|p2a: Gesundheit|Dig
|
|-weather|none
|turn|17
|
|move|p2a: Gesundheit|Dig|p1a: Chien-Pao|[from]lockedmove
|-damage|p1a: Chien-Pao|38/100
|move|p1a: Chien-Pao|Swords Dance|p1a: Chien-Pao
|-boost|p1a: Chien-Pao|atk|2
|
|turn|18
|
|move|p1a: Chien-Pao|Ice Shard|p2a: Gesundheit
|-damage|p2a: Gesundheit|0 fnt
|faint|p2a: Gesundheit
|
|
|switch|p2a: Die Hazard Scum|Corviknight, F, shiny|100/100
|-damage|p2a: Die Hazard Scum|88/100|[from] Stealth Rock
|turn|19
|
|move|p2a: Die Hazard Scum|Flamethrower|p1a: Chien-Pao
|-supereffective|p1a: Chien-Pao
|-damage|p1a: Chien-Pao|0 fnt
|faint|p1a: Chien-Pao
|
|
|switch|p1a: Arcanine|Arcanine-Hisui, F|65/100
|turn|20
|
|switch|p2a: Die Hazard Scum|Corviknight, F, shiny|88/100
|-damage|p2a: Die Hazard Scum|76/100|[from] Stealth Rock
|move|p1a: Arcanine|Flare Blitz|p2a: Die Hazard Scum
|-supereffective|p2a: Die Hazard Scum
|-damage|p2a: Die Hazard Scum|0 fnt
|-damage|p1a: Arcanine|49/100|[from] item: Rocky Helmet|[of] p2a: Die Hazard Scum
|faint|p2a: Die Hazard Scum
|
|
|switch|p2a: Oh sh-|Zoroark-Hisui, F|88/100
|-damage|p2a: Oh sh-|76/100|[from] Stealth Rock
|turn|21
|
|move|p2a: Oh sh-|Shadow Ball|p1a: Arcanine
|-damage|p1a: Arcanine|2/100
|move|p1a: Arcanine|Flare Blitz|p2a: Oh sh-
|-damage|p2a: Oh sh-|0 fnt
|faint|p2a: Oh sh-
|
|win|sadvoid
