|poke|p1|Chien-Pao|
|poke|p1|Samurott-Hisui, F|
|poke|p1|Gholdengo|
|poke|p1|Toxapex, F|
|poke|p1|Great Tusk|
|poke|p1|Volcarona, M|
|poke|p2|Zapdos|
|poke|p2|Urshifu-*, F|
|poke|p2|Magearna|
|poke|p2|Great Tusk|
|poke|p2|Dragapult, F|
|poke|p2|Chien-Pao|
|teampreview
|
|start
|switch|p1a: Samurott|Samurott-Hisui, F|100/100
|switch|p2a: Zapdos|Zapdos|100/100
|turn|1
|
|move|p1a: Samurott|Ceaseless Edge|p2a: Zapdos
|-damage|p2a: Zapdos|79/100
|-sidestart|p2: PLAYB0I R0BBIE B|Spikes
|move|p2a: Zapdos|Volt Switch|p1a: Samurott
|-supereffective|p1a: Samurott
|-damage|p1a: Samurott|10/100
|
|switch|p2a: Urshifu|Urshifu-Rapid-Strike, F|100/100|[from] Volt Switch
|-damage|p2a: Urshifu|88/100|[from] Spikes
|
|turn|2
|
|switch|p1a: Great Tusk|Great Tusk|100/100
|move|p2a: Urshifu|U-turn|p1a: Great Tusk
|-resisted|p1a: Great Tusk
|-damage|p1a: Great Tusk|94/100
|-damage|p2a: Urshifu|72/100|[from] item: Rocky Helmet|[of] p1a: Great Tusk
|
|switch|p2a: Zapdos|Zapdos|79/100|[from] U-turn
|
|turn|3
|
|move|p2a: Zapdos|Hurricane|p1a: Great Tusk
|-supereffective|p1a: Great Tusk
|-damage|p1a: Great Tusk|0 fnt
|faint|p1a: Great Tusk
|-end|p1a: Great Tusk|Protosynthesis|[silent]
|
|
|switch|p1a: Chien-Pao|Chien-Pao|100/100
|-ability|p1a: Chien-Pao|Sword of Ruin
|turn|4
|
|-terastallize|p2a: Zapdos|Fire
|move|p1a: Chien-Pao|Ice Spinner|p2a: Zapdos
|-resisted|p2a: Zapdos
|-damage|p2a: Zapdos|52/100
|-status|p1a: Chien-Pao|par|[from] ability: Static|[of] p2a: Zapdos
|move|p2a: Zapdos|Heat Wave|p1a: Chien-Pao
|-supereffective|p1a: Chien-Pao
|-damage|p1a: Chien-Pao|0 fnt
|faint|p1a: Chien-Pao
|
|
|switch|p1a: Gholdengo|Gholdengo|100/100
|turn|5
|
|move|p1a: Gholdengo|Shadow Ball|p2a: Zapdos
|-damage|p2a: Zapdos|8/100
|move|p2a: Zapdos|Heat Wave|p1a: Gholdengo
|-supereffective|p1a: Gholdengo
|-damage|p1a: Gholdengo|12/100
|
|turn|6
|
|switch|p2a: Magearna|Magearna|100/100
|move|p1a: Gholdengo|Shadow Ball|p2a: Magearna
|-damage|p2a: Magearna|67/100
|
|turn|7
|
|move|p1a: Gholdengo|Shadow Ball|p2a: Magearna
|-damage|p2a: Magearna|34/100
|move|p2a: Magearna|Volt Switch|p1a: Gholdengo
|-damage|p1a: Gholdengo|0 fnt
|faint|p1a: Gholdengo
|-ability|p2a: Magearna|Soul-Heart|boost
|-boost|p2a: Magearna|spa|1
|
|switch|p2a: Urshifu|Urshifu-Rapid-Strike, F|72/100|[from] Volt Switch
|-damage|p2a: Urshifu|59/100|[from] Spikes
|
|
|switch|p1a: Toxapex|Toxapex, F|100/100
|turn|8
|
|move|p2a: Urshifu|U-turn|p1a: Toxapex
|-resisted|p1a: Toxapex
|-damage|p1a: Toxapex|93/100
|
|switch|p2a: Magearna|Magearna|34/100|[from] U-turn
|move|p1a: Toxapex|Sludge Bomb|p2a: Magearna
|-immune|p2a: Magearna
|
|turn|9
|
|move|p2a: Magearna|Spikes|p1a: Toxapex
|-sidestart|p1: WhatWouldTokageDo|Spikes
|move|p1a: Toxapex|Infestation|p2a: Magearna
|-resisted|p2a: Magearna
|-damage|p2a: Magearna|34/100
|-activate|p2a: Magearna|move: Infestation|[of] p1a: Toxapex
|
|-damage|p2a: Magearna|21/100|[from] move: Infestation|[partiallytrapped]
|turn|10
|
|move|p2a: Magearna|Spikes|p1a: Toxapex
|-sidestart|p1: WhatWouldTokageDo|Spikes
|move|p1a: Toxapex|Infestation|p2a: Magearna
|-resisted|p2a: Magearna
|-damage|p2a: Magearna|21/100
|
|-damage|p2a: Magearna|9/100|[from] move: Infestation|[partiallytrapped]
|turn|11
|
|move|p2a: Magearna|Pain Split|p1a: Toxapex
|-sethp|p1a: Toxapex|51/100|[from] move: Pain Split|[silent]
|-sethp|p2a: Magearna|43/100|[from] move: Pain Split
|move|p1a: Toxapex|Infestation|p2a: Magearna
|-resisted|p2a: Magearna
|-damage|p2a: Magearna|43/100
|
|-damage|p2a: Magearna|30/100|[from] move: Infestation|[partiallytrapped]
|turn|12
|
|move|p2a: Magearna|Pain Split|p1a: Toxapex
|-sethp|p1a: Toxapex|44/100|[from] move: Pain Split|[silent]
|-sethp|p2a: Magearna|36/100|[from] move: Pain Split
|move|p1a: Toxapex|Surf|p2a: Magearna
|-damage|p2a: Magearna|21/100
|
|-damage|p2a: Magearna|9/100|[from] move: Infestation|[partiallytrapped]
|turn|13
|
|move|p2a: Magearna|Volt Switch|p1a: Toxapex
|-supereffective|p1a: Toxapex
|-damage|p1a: Toxapex|20/100
|
|switch|p2a: Zapdos|Zapdos, tera:Fire|8/100|[from] Volt Switch
|move|p1a: Toxapex|Surf|p2a: Zapdos
|-supereffective|p2a: Zapdos
|-damage|p2a: Zapdos|0 fnt
|faint|p2a: Zapdos
|
|
|switch|p2a: Chien-Pao|Chien-Pao|100/100
|-damage|p2a: Chien-Pao|88/100|[from] Spikes
|-ability|p2a: Chien-Pao|Sword of Ruin
|turn|14
|
|switch|p1a: Samurott|Samurott-Hisui, F|10/100
|-damage|p1a: Samurott|0 fnt|[from] Spikes
|faint|p1a: Samurott
|move|p2a: Chien-Pao|Crunch|p1: Samurott|[notarget]
|-fail|p2a: Chien-Pao
|
|
|switch|p1a: Volcarona|Volcarona, M|100/100
|turn|15
|
|move|p2a: Chien-Pao|Crunch|p1a: Volcarona
|-damage|p1a: Volcarona|30/100
|move|p1a: Volcarona|Fiery Dance|p2a: Chien-Pao
|-supereffective|p2a: Chien-Pao
|-damage|p2a: Chien-Pao|0 fnt
|faint|p2a: Chien-Pao
|
|
|switch|p2a: Urshifu|Urshifu-Rapid-Strike, F|59/100
|-damage|p2a: Urshifu|47/100|[from] Spikes
|turn|16
|
|switch|p1a: Toxapex|Toxapex, F|53/100
|-damage|p1a: Toxapex|37/100|[from] Spikes
|move|p2a: Urshifu|Surging Strikes|p1a: Toxapex
|-resisted|p1a: Toxapex
|-crit|p1a: Toxapex
|-damage|p1a: Toxapex|30/100
|-resisted|p1a: Toxapex
|-crit|p1a: Toxapex
|-damage|p1a: Toxapex|25/100
|-resisted|p1a: Toxapex
|-crit|p1a: Toxapex
|-damage|p1a: Toxapex|19/100
|-hitcount|p1a: Toxapex|3
|
|turn|17
|
|move|p2a: Urshifu|Surging Strikes|p1a: Toxapex
|-resisted|p1a: Toxapex
|-crit|p1a: Toxapex
|-damage|p1a: Toxapex|13/100
|-resisted|p1a: Toxapex
|-crit|p1a: Toxapex
|-damage|p1a: Toxapex|6/100
|-resisted|p1a: Toxapex
|-crit|p1a: Toxapex
|-damage|p1a: Toxapex|0 fnt
|faint|p1a: Toxapex
|-hitcount|p1: Toxapex|3
|
|
|switch|p1a: Volcarona|Volcarona, M|30/100
|turn|18
|
|move|p2a: Urshifu|Surging Strikes|p1a: Volcarona
|-supereffective|p1a: Volcarona
|-crit|p1a: Volcarona
|-damage|p1a: Volcarona|0 fnt
|-status|p2a: Urshifu|brn|[from] ability: Flame Body|[of] p1a: Volcarona
|faint|p1a: Volcarona
|-hitcount|p1: Volcarona|1
|
|win|PLAYB0I R0BBIE B
