|poke|p1|Dragapult, M|
|poke|p1|Magearna|
|poke|p1|Dragonite, F|
|poke|p1|Iron Valiant|
|poke|p1|Great Tusk|
|poke|p1|Iron Moth|
|poke|p2|Kingambit, M|
|poke|p2|Glimmora, M|
|poke|p2|Roaring Moon|
|poke|p2|Great Tusk|
|poke|p2|Iron Valiant|
|poke|p2|Corviknight, M|
|teampreview
|
|start
|switch|p1a: Man in the Mirror|Dragapult, M|100/100
|switch|p2a: Great Tusk|Great Tusk|100/100
|turn|1
|
|move|p1a: Man in the Mirror|Reflect|p1a: Man in the Mirror
|-sidestart|p1: p1|Reflect
|move|p2a: Great Tusk|Knock Off|p1a: Man in the Mirror
|-supereffective|p1a: Man in the Mirror
|-damage|p1a: Man in the Mirror|62/100
|-enditem|p1a: Man in the Mirror|Light Clay|[from] move: Knock Off|[of] p2a: Great Tusk
|
|turn|2
|
|move|p1a: Man in the Mirror|Will-O-Wisp|p2a: Great Tusk
|-status|p2a: Great Tusk|brn
|move|p2a: Great Tusk|Headlong Rush|p1a: Man in the Mirror
|-damage|p1a: Man in the Mirror|44/100
|-unboost|p2a: Great Tusk|def|1
|-unboost|p2a: Great Tusk|spd|1
|
|-damage|p2a: Great Tusk|94/100 brn|[from] brn
|turn|3
|
|-end|p2a: Great Tusk|Protosynthesis|[silent]
|switch|p2a: Glimmora|Glimmora, M|100/100
|move|p1a: Man in the Mirror|Light Screen|p1a: Man in the Mirror
|-sidestart|p1: p1|move: Light Screen
|
|turn|4
|
|move|p1a: Man in the Mirror|Curse|p2a: Glimmora
|-start|p2a: Glimmora|Curse|[of] p1a: Man in the Mirror
|-damage|p1a: Man in the Mirror|0 fnt
|faint|p1a: Man in the Mirror
|move|p2a: Glimmora|Stealth Rock|p1: Man in the Mirror
|-sidestart|p1: p1|move: Stealth Rock
|
|-damage|p2a: Glimmora|76/100|[from] Curse
|
|switch|p1a: Killer Queen|Magearna|100/100
|-damage|p1a: Killer Queen|94/100|[from] Stealth Rock
|turn|5
|
|move|p2a: Glimmora|Earth Power|p1a: Killer Queen
|-supereffective|p1a: Killer Queen
|-damage|p1a: Killer Queen|69/100
|-enditem|p1a: Killer Queen|Weakness Policy
|-boost|p1a: Killer Queen|atk|2|[from] item: Weakness Policy
|-boost|p1a: Killer Queen|spa|2|[from] item: Weakness Policy
|move|p1a: Killer Queen|Shift Gear|p1a: Killer Queen
|-boost|p1a: Killer Queen|spe|2
|-boost|p1a: Killer Queen|atk|1
|
|-damage|p2a: Glimmora|51/100|[from] Curse
|turn|6
|
|move|p1a: Killer Queen|Stored Power|p2a: Glimmora
|-supereffective|p2a: Glimmora
|-damage|p2a: Glimmora|0 fnt
|faint|p2a: Glimmora
|-ability|p1a: Killer Queen|Soul-Heart|boost
|-boost|p1a: Killer Queen|spa|1
|
|
|switch|p2a: Iron Valiant|Iron Valiant|100/100
|-enditem|p2a: Iron Valiant|Booster Energy
|-activate|p2a: Iron Valiant|ability: Quark Drive|[fromitem]
|-start|p2a: Iron Valiant|quarkdrivespe
|turn|7
|
|move|p2a: Iron Valiant|Close Combat|p1a: Killer Queen
|-damage|p1a: Killer Queen|47/100
|-unboost|p2a: Iron Valiant|def|1
|-unboost|p2a: Iron Valiant|spd|1
|move|p1a: Killer Queen|Draining Kiss|p2a: Iron Valiant
|-supereffective|p2a: Iron Valiant
|-damage|p2a: Iron Valiant|0 fnt
|-heal|p1a: Killer Queen|100/100|[from] drain|[of] p2a: Iron Valiant
|faint|p2a: Iron Valiant
|-ability|p1a: Killer Queen|Soul-Heart|boost
|-boost|p1a: Killer Queen|spa|1
|-end|p2a: Iron Valiant|Quark Drive|[silent]
|
|-sideend|p1: p1|move: Light Screen
|
|switch|p2a: Corviknight|Corviknight, M|100/100
|-ability|p2a: Corviknight|Pressure
|turn|8
|
|move|p1a: Killer Queen|Stored Power|p2a: Corviknight
|-resisted|p2a: Corviknight
|-damage|p2a: Corviknight|0 fnt
|faint|p2a: Corviknight
|-ability|p1a: Killer Queen|Soul-Heart|boost
|-boost|p1a: Killer Queen|spa|1
|
|-sideend|p1: p1|Reflect
|
|switch|p2a: Great Tusk|Great Tusk|94/100 brn
|turn|9
|
|move|p1a: Killer Queen|Stored Power|p2a: Great Tusk
|-supereffective|p2a: Great Tusk
|-damage|p2a: Great Tusk|0 fnt
|faint|p2a: Great Tusk
|-ability|p1a: Killer Queen|Soul-Heart|boost
|-boost|p1a: Killer Queen|spa|1
|-end|p2a: Great Tusk|Protosynthesis|[silent]
|
|-message|p2 forfeited.
|
|win|p1
