# advantage = p2
|poke|p1|Lilligant-Hisui, F|
|poke|p1|Gholdengo|
|poke|p1|Urshifu-*, M|
|poke|p1|Landorus-Therian, M|
|poke|p1|Great Tusk|
|poke|p1|Dragapult, M|
|poke|p2|Great Tusk|
|poke|p2|Torkoal, M|
|poke|p2|Gholdengo|
|poke|p2|Lilligant-Hisui, F|
|poke|p2|Walking Wake|
|poke|p2|Zamazenta-*|
|teampreview
|
|start
|switch|p1a: Good Ass Agent|Gholdengo|100/100
|switch|p2a: Torkoal|Torkoal, M|100/100
|-weather|SunnyDay|[from] ability: Drought|[of] p2a: Torkoal
|turn|1
|
|move|p1a: Good Ass Agent|Trick|p2a: Torkoal
|-activate|p1a: Good Ass Agent|move: Trick|[of] p2a: Torkoal
|-item|p2a: Torkoal|Choice Scarf|[from] move: Trick
|-item|p1a: Good Ass Agent|Heat Rock|[from] move: Trick
|move|p2a: Torkoal|Stealth Rock|p1a: Good Ass Agent
|-sidestart|p1: p1|move: Stealth Rock
|
|-weather|SunnyDay|[upkeep]
|turn|2
|
|switch|p1a: Big Man Lando|Landorus-Therian, M|100/100
|-damage|p1a: Big Man Lando|88/100|[from] Stealth Rock
|-ability|p1a: Big Man Lando|Intimidate|boost
|-unboost|p2a: Torkoal|atk|1
|switch|p2a: Great Tusk|Great Tusk|100/100
|-activate|p2a: Great Tusk|ability: Protosynthesis
|-start|p2a: Great Tusk|protosynthesisatk
|
|-weather|SunnyDay|[upkeep]
|turn|3
|
|-end|p2a: Great Tusk|Protosynthesis|[silent]
|switch|p2a: Zamazenta|Zamazenta|100/100
|-ability|p2a: Zamazenta|Dauntless Shield|boost
|-boost|p2a: Zamazenta|def|1
|move|p1a: Big Man Lando|U-turn|p2a: Zamazenta
|-resisted|p2a: Zamazenta
|-damage|p2a: Zamazenta|93/100
|
|switch|p1a: Good Ass Agent|Gholdengo|100/100|[from] U-turn
|-damage|p1a: Good Ass Agent|94/100|[from] Stealth Rock
|
|-weather|SunnyDay|[upkeep]
|turn|4
|
|move|p2a: Zamazenta|Fire Fang|p1a: Good Ass Agent
|-supereffective|p1a: Good Ass Agent
|-damage|p1a: Good Ass Agent|0 fnt
|faint|p1a: Good Ass Agent
|
|-weather|SunnyDay|[upkeep]
|
|switch|p1a: L'agance hoodie|Urshifu-Rapid-Strike, M|100/100
|-damage|p1a: L'agance hoodie|94/100|[from] Stealth Rock
|turn|5
|
|switch|p2a: Walking Wake|Walking Wake|100/100
|-activate|p2a: Walking Wake|ability: Protosynthesis
|-start|p2a: Walking Wake|protosynthesisspe
|move|p1a: L'agance hoodie|Swords Dance|p1a: L'agance hoodie
|-boost|p1a: L'agance hoodie|atk|2
|
|-weather|SunnyDay|[upkeep]
|turn|6
|
|-terastallize|p2a: Walking Wake|Water
|move|p2a: Walking Wake|Hydro Steam|p1a: L'agance hoodie
|-resisted|p1a: L'agance hoodie
|-damage|p1a: L'agance hoodie|8/100
|move|p1a: L'agance hoodie|Close Combat|p2a: Walking Wake
|-damage|p2a: Walking Wake|0 fnt
|-unboost|p1a: L'agance hoodie|def|1
|-unboost|p1a: L'agance hoodie|spd|1
|faint|p2a: Walking Wake
|-end|p2a: Walking Wake|Protosynthesis|[silent]
|
|-weather|SunnyDay|[upkeep]
|
|switch|p2a: Lilligant|Lilligant-Hisui, F|100/100
|turn|7
|
|move|p2a: Lilligant|Ice Spinner|p1a: L'agance hoodie
|-resisted|p1a: L'agance hoodie
|-damage|p1a: L'agance hoodie|0 fnt
|faint|p1a: L'agance hoodie
|
|-weather|SunnyDay|[upkeep]
|
|switch|p1a: Lando's Cousin|Great Tusk|100/100
|-damage|p1a: Lando's Cousin|98/100|[from] Stealth Rock
|-activate|p1a: Lando's Cousin|ability: Protosynthesis
|-start|p1a: Lando's Cousin|protosynthesisatk
|turn|8
|
|-terastallize|p1a: Lando's Cousin|Steel
|move|p2a: Lilligant|Ice Spinner|p1a: Lando's Cousin
|-resisted|p1a: Lando's Cousin
|-damage|p1a: Lando's Cousin|84/100
|move|p1a: Lando's Cousin|Rapid Spin|p2a: Lilligant
|-damage|p2a: Lilligant|65/100
|-boost|p1a: Lando's Cousin|spe|1
|-sideend|p1: p1|Stealth Rock|[from] move: Rapid Spin|[of] p1a: Lando's Cousin
|
|-weather|none
|-end|p1a: Lando's Cousin|Protosynthesis
|-heal|p1a: Lando's Cousin|90/100|[from] item: Leftovers
|turn|9
|
|switch|p2a: Torkoal|Torkoal, M|100/100
|-weather|SunnyDay|[from] ability: Drought|[of] p2a: Torkoal
|-activate|p1a: Lando's Cousin|ability: Protosynthesis
|-start|p1a: Lando's Cousin|protosynthesisspe
|move|p1a: Lando's Cousin|Headlong Rush|p2a: Torkoal
|-supereffective|p2a: Torkoal
|-damage|p2a: Torkoal|24/100
|-unboost|p1a: Lando's Cousin|def|1
|-unboost|p1a: Lando's Cousin|spd|1
|
|-weather|SunnyDay|[upkeep]
|-heal|p1a: Lando's Cousin|96/100|[from] item: Leftovers
|turn|10
|
|switch|p2a: Great Tusk|Great Tusk|100/100
|-activate|p2a: Great Tusk|ability: Protosynthesis
|-start|p2a: Great Tusk|protosynthesisatk
|move|p1a: Lando's Cousin|Headlong Rush|p2a: Great Tusk
|-damage|p2a: Great Tusk|58/100
|-unboost|p1a: Lando's Cousin|def|1
|-unboost|p1a: Lando's Cousin|spd|1
|
|-weather|SunnyDay|[upkeep]
|-heal|p1a: Lando's Cousin|100/100|[from] item: Leftovers
|turn|11
|
|move|p1a: Lando's Cousin|Ice Spinner|p2a: Great Tusk
|-supereffective|p2a: Great Tusk
|-damage|p2a: Great Tusk|16/100
|move|p2a: Great Tusk|Close Combat|p1a: Lando's Cousin
|-supereffective|p1a: Lando's Cousin
|-damage|p1a: Lando's Cousin|0 fnt
|-unboost|p2a: Great Tusk|def|1
|-unboost|p2a: Great Tusk|spd|1
|faint|p1a: Lando's Cousin
|-end|p1a: Lando's Cousin|Protosynthesis|[silent]
|
|-weather|SunnyDay|[upkeep]
|
|switch|p1a: Draco Shaker|Dragapult, M|100/100
|turn|12
|
|move|p1a: Draco Shaker|Substitute|p1a: Draco Shaker
|-start|p1a: Draco Shaker|Substitute
|-damage|p1a: Draco Shaker|76/100
|move|p2a: Great Tusk|Knock Off|p1a: Draco Shaker
|-supereffective|p1a: Draco Shaker
|-end|p1a: Draco Shaker|Substitute
|
|-weather|SunnyDay|[upkeep]
|-heal|p1a: Draco Shaker|82/100|[from] item: Leftovers
|turn|13
|
|move|p1a: Draco Shaker|Dragon Darts|p2a: Great Tusk
|-damage|p2a: Great Tusk|0 fnt
|faint|p2a: Great Tusk
|-end|p2a: Great Tusk|Protosynthesis|[silent]
|
|-weather|none
|-heal|p1a: Draco Shaker|88/100|[from] item: Leftovers
|
|switch|p2a: Torkoal|Torkoal, M|24/100
|-weather|SunnyDay|[from] ability: Drought|[of] p2a: Torkoal
|turn|14
|
|move|p1a: Draco Shaker|Substitute|p1a: Draco Shaker
|-start|p1a: Draco Shaker|Substitute
|-damage|p1a: Draco Shaker|63/100
|move|p2a: Torkoal|Lava Plume|p1a: Draco Shaker
|-resisted|p1a: Draco Shaker
|-end|p1a: Draco Shaker|Substitute
|
|-weather|SunnyDay|[upkeep]
|-heal|p1a: Draco Shaker|69/100|[from] item: Leftovers
|turn|15
|
|move|p1a: Draco Shaker|Dragon Darts|p2a: Torkoal
|-damage|p2a: Torkoal|11/100
|-anim|p1a: Draco Shaker|Dragon Darts|p2a: Torkoal
|-damage|p2a: Torkoal|0 fnt
|faint|p2a: Torkoal
|
|-weather|SunnyDay|[upkeep]
|-heal|p1a: Draco Shaker|75/100|[from] item: Leftovers
|
|switch|p2a: Zamazenta|Zamazenta|93/100
|turn|16
|
|move|p1a: Draco Shaker|Will-O-Wisp|p2a: Zamazenta
|-status|p2a: Zamazenta|brn
|move|p2a: Zamazenta|Crunch|p1a: Draco Shaker
|-supereffective|p1a: Draco Shaker
|-damage|p1a: Draco Shaker|24/100
|
|-weather|SunnyDay|[upkeep]
|-heal|p1a: Draco Shaker|30/100|[from] item: Leftovers
|-damage|p2a: Zamazenta|87/100 brn|[from] brn
|turn|17
|
|move|p1a: Draco Shaker|Dragon Darts|p2a: Zamazenta
|-damage|p2a: Zamazenta|66/100 brn
|-anim|p1a: Draco Shaker|Dragon Darts|p2a: Zamazenta
|-damage|p2a: Zamazenta|46/100 brn
|move|p2a: Zamazenta|Crunch|p1a: Draco Shaker
|-supereffective|p1a: Draco Shaker
|-damage|p1a: Draco Shaker|0 fnt
|faint|p1a: Draco Shaker
|
|-weather|SunnyDay|[upkeep]
|-damage|p2a: Zamazenta|40/100 brn|[from] brn
|
|switch|p1a: Lil gant|Lilligant-Hisui, F|100/100
|turn|18
|
|move|p2a: Zamazenta|Crunch|p1a: Lil gant
|-resisted|p1a: Lil gant
|-damage|p1a: Lil gant|86/100
|move|p1a: Lil gant|Victory Dance|p1a: Lil gant
|-boost|p1a: Lil gant|atk|1
|-boost|p1a: Lil gant|def|1
|-boost|p1a: Lil gant|spe|1
|
|-weather|none
|-damage|p2a: Zamazenta|33/100 brn|[from] brn
|turn|19
|
|move|p1a: Lil gant|Victory Dance|p1a: Lil gant
|-boost|p1a: Lil gant|atk|1
|-boost|p1a: Lil gant|def|1
|-boost|p1a: Lil gant|spe|1
|move|p2a: Zamazenta|Crunch|p1a: Lil gant
|-resisted|p1a: Lil gant
|-crit|p1a: Lil gant
|-damage|p1a: Lil gant|63/100
|
|-damage|p2a: Zamazenta|27/100 brn|[from] brn
|turn|20
|
|move|p1a: Lil gant|Victory Dance|p1a: Lil gant
|-boost|p1a: Lil gant|atk|1
|-boost|p1a: Lil gant|def|1
|-boost|p1a: Lil gant|spe|1
|move|p2a: Zamazenta|Crunch|p1a: Lil gant
|-resisted|p1a: Lil gant
|-damage|p1a: Lil gant|56/100
|
|-damage|p2a: Zamazenta|21/100 brn|[from] brn
|turn|21
|
|move|p1a: Lil gant|Victory Dance|p1a: Lil gant
|-boost|p1a: Lil gant|atk|1
|-boost|p1a: Lil gant|def|1
|-boost|p1a: Lil gant|spe|1
|move|p2a: Zamazenta|Crunch|p1a: Lil gant
|-resisted|p1a: Lil gant
|-damage|p1a: Lil gant|51/100
|
|-damage|p2a: Zamazenta|15/100 brn|[from] brn
|turn|22
|
|move|p1a: Lil gant|Victory Dance|p1a: Lil gant
|-boost|p1a: Lil gant|atk|1
|-boost|p1a: Lil gant|def|1
|-boost|p1a: Lil gant|spe|1
|move|p2a: Zamazenta|Crunch|p1a: Lil gant
|-resisted|p1a: Lil gant
|-damage|p1a: Lil gant|47/100
|
|-damage|p2a: Zamazenta|9/100 brn|[from] brn
|turn|23
|
|move|p1a: Lil gant|Victory Dance|p1a: Lil gant
|-boost|p1a: Lil gant|atk|1
|-boost|p1a: Lil gant|def|1
|-boost|p1a: Lil gant|spe|1
|move|p2a: Zamazenta|Crunch|p1a: Lil gant
|-resisted|p1a: Lil gant
|-damage|p1a: Lil gant|43/100
|
|-damage|p2a: Zamazenta|3/100 brn|[from] brn
|turn|24
|
|move|p1a: Lil gant|Leaf Blade|p2a: Zamazenta|[miss]
|-miss|p1a: Lil gant|p2a: Zamazenta
|move|p2a: Zamazenta|Crunch|p1a: Lil gant
|-resisted|p1a: Lil gant
|-damage|p1a: Lil gant|40/100
|-unboost|p1a: Lil gant|def|1
|
|-damage|p2a: Zamazenta|0 fnt|[from] brn
|faint|p2a: Zamazenta
|
|switch|p2a: Gholdengo|Gholdengo|100/100
|turn|25
|
|move|p1a: Lil gant|Leaf Blade|p2a: Gholdengo
|-resisted|p2a: Gholdengo
|-damage|p2a: Gholdengo|0 fnt
|faint|p2a: Gholdengo
|
|
|switch|p2a: Lilligant|Lilligant-Hisui, F|65/100
|turn|26
|-message|p2 forfeited.
|
|win|p1
