# advantage = p1
|poke|p1|Sneasler, M|
|poke|p1|Moltres-Galar|
|poke|p1|Dragonite, F|
|poke|p1|Dragapult, M|
|poke|p1|Magearna|
|poke|p1|Glimmora, M|
|poke|p2|Pelipper, M|
|poke|p2|Basculegion, M|
|poke|p2|Great Tusk|
|poke|p2|Iron Valiant|
|poke|p2|Volcanion|
|poke|p2|Breloom, F|
|teampreview
|
|start
|switch|p1a: 5'7 I'm Messi girl|Glimmora, M|100/100
|switch|p2a: Pelipper|Pelipper, M|100/100
|-weather|RainDance|[from] ability: Drizzle|[of] p2a: Pelipper
|turn|1
|
|move|p1a: 5'7 I'm Messi girl|Stealth Rock|p2a: Pelipper
|-sidestart|p2: p2|move: Stealth Rock
|move|p2a: Pelipper|U-turn|p1a: 5'7 I'm Messi girl
|-resisted|p1a: 5'7 I'm Messi girl
|-damage|p1a: 5'7 I'm Messi girl|96/100
|-activate|p1a: 5'7 I'm Messi girl|ability: Toxic Debris
|-sidestart|p2: p2|move: Toxic Spikes
|
|switch|p2a: Great Tusk|Great Tusk|100/100|[from] U-turn
|-damage|p2a: Great Tusk|98/100|[from] Stealth Rock
|-status|p2a: Great Tusk|psn
|
|-weather|RainDance|[upkeep]
|-heal|p2a: Great Tusk|100/100 psn|[from] item: Leftovers
|-damage|p2a: Great Tusk|88/100 psn|[from] psn
|turn|2
|
|switch|p1a: High Profile|Moltres-Galar|100/100
|move|p2a: Great Tusk|Earthquake|p1a: High Profile
|-immune|p1a: High Profile
|
|-weather|RainDance|[upkeep]
|-heal|p2a: Great Tusk|94/100 psn|[from] item: Leftovers
|-damage|p2a: Great Tusk|82/100 psn|[from] psn
|turn|3
|
|move|p1a: High Profile|Hurricane|p2a: Great Tusk
|-supereffective|p2a: Great Tusk
|-damage|p2a: Great Tusk|0 fnt
|faint|p2a: Great Tusk
|-end|p2a: Great Tusk|Protosynthesis|[silent]
|-damage|p1a: High Profile|91/100|[from] item: Life Orb
|
|-weather|RainDance|[upkeep]
|
|switch|p2a: Basculegion|Basculegion, M|100/100
|-damage|p2a: Basculegion|88/100|[from] Stealth Rock
|-status|p2a: Basculegion|psn
|turn|4
|
|-terastallize|p2a: Basculegion|Water
|move|p2a: Basculegion|Waterfall|p1a: High Profile
|-damage|p1a: High Profile|0 fnt
|faint|p1a: High Profile
|
|-weather|RainDance|[upkeep]
|-damage|p2a: Basculegion|76/100 psn|[from] psn
|
|switch|p1a: Princess Shoes|Magearna|100/100
|turn|5
|
|-terastallize|p1a: Princess Shoes|Water
|move|p2a: Basculegion|Waterfall|p1a: Princess Shoes
|-resisted|p1a: Princess Shoes
|-damage|p1a: Princess Shoes|43/100
|cant|p1a: Princess Shoes|flinch
|
|-weather|RainDance|[upkeep]
|-heal|p1a: Princess Shoes|49/100|[from] item: Leftovers
|-damage|p2a: Basculegion|63/100 psn|[from] psn
|turn|6
|
|switch|p1a: Is that a Foreign?|Dragonite, F|100/100
|move|p2a: Basculegion|Waterfall|p1a: Is that a Foreign?
|-resisted|p1a: Is that a Foreign?
|-damage|p1a: Is that a Foreign?|67/100
|
|-weather|RainDance|[upkeep]
|-heal|p1a: Is that a Foreign?|73/100|[from] item: Leftovers
|-damage|p2a: Basculegion|51/100 psn|[from] psn
|turn|7
|
|move|p2a: Basculegion|Waterfall|p1a: Is that a Foreign?
|-resisted|p1a: Is that a Foreign?
|-damage|p1a: Is that a Foreign?|5/100
|cant|p1a: Is that a Foreign?|flinch
|
|-weather|RainDance|[upkeep]
|-heal|p1a: Is that a Foreign?|12/100|[from] item: Leftovers
|-damage|p2a: Basculegion|39/100 psn|[from] psn
|turn|8
|
|move|p2a: Basculegion|Waterfall|p1a: Is that a Foreign?
|-resisted|p1a: Is that a Foreign?
|-damage|p1a: Is that a Foreign?|0 fnt
|faint|p1a: Is that a Foreign?
|
|-weather|none
|-damage|p2a: Basculegion|26/100 psn|[from] psn
|
|switch|p1a: Flog Gnaw|Dragapult, M|100/100
|turn|9
|
|move|p1a: Flog Gnaw|Hex|p2a: Basculegion
|-damage|p2a: Basculegion|0 fnt
|faint|p2a: Basculegion
|
|
|switch|p2a: Iron Valiant|Iron Valiant|100/100
|-damage|p2a: Iron Valiant|94/100|[from] Stealth Rock
|-status|p2a: Iron Valiant|psn
|-enditem|p2a: Iron Valiant|Booster Energy
|-activate|p2a: Iron Valiant|ability: Quark Drive|[fromitem]
|-start|p2a: Iron Valiant|quarkdrivespe
|turn|10
|
|switch|p1a: Princess Shoes|Magearna, tera:Water|49/100
|move|p2a: Iron Valiant|Calm Mind|p2a: Iron Valiant
|-boost|p2a: Iron Valiant|spa|1
|-boost|p2a: Iron Valiant|spd|1
|
|-heal|p1a: Princess Shoes|55/100|[from] item: Leftovers
|-damage|p2a: Iron Valiant|82/100 psn|[from] psn
|turn|11
|
|move|p2a: Iron Valiant|Moonblast|p1a: Princess Shoes
|-damage|p1a: Princess Shoes|0 fnt
|faint|p1a: Princess Shoes
|
|-damage|p2a: Iron Valiant|69/100 psn|[from] psn
|
|switch|p1a: Big Protein|Sneasler, M|100/100
|-item|p1a: Big Protein|Air Balloon
|turn|12
|
|move|p2a: Iron Valiant|Destiny Bond|p2a: Iron Valiant
|-singlemove|p2a: Iron Valiant|Destiny Bond
|move|p1a: Big Protein|Dire Claw|p2a: Iron Valiant
|-supereffective|p2a: Iron Valiant
|-damage|p2a: Iron Valiant|0 fnt
|faint|p2a: Iron Valiant
|-activate|p2a: Iron Valiant|move: Destiny Bond
|-end|p2a: Iron Valiant|Quark Drive|[silent]
|faint|p1a: Big Protein
|
|
|switch|p2a: Breloom|Breloom, F|100/100
|switch|p1a: 5'7 I'm Messi girl|Glimmora, M|96/100
|-damage|p2a: Breloom|94/100|[from] Stealth Rock
|-status|p2a: Breloom|psn
|turn|13
|
|move|p1a: 5'7 I'm Messi girl|Mortal Spin|p2a: Breloom
|-supereffective|p2a: Breloom
|-damage|p2a: Breloom|74/100 psn
|move|p2a: Breloom|Bullet Seed|p1a: 5'7 I'm Messi girl
|-damage|p1a: 5'7 I'm Messi girl|72/100
|-activate|p1a: 5'7 I'm Messi girl|ability: Toxic Debris
|-sidestart|p2: p2|move: Toxic Spikes
|-damage|p1a: 5'7 I'm Messi girl|49/100
|-hitcount|p1a: 5'7 I'm Messi girl|2
|
|-damage|p2a: Breloom|62/100 psn|[from] psn
|turn|14
|
|move|p2a: Breloom|Mach Punch|p1a: 5'7 I'm Messi girl
|-damage|p1a: 5'7 I'm Messi girl|9/100
|move|p1a: 5'7 I'm Messi girl|Power Gem|p2a: Breloom
|-resisted|p2a: Breloom
|-damage|p2a: Breloom|17/100 psn
|
|-damage|p2a: Breloom|5/100 psn|[from] psn
|turn|15
|
|move|p1a: 5'7 I'm Messi girl|Power Gem|p2a: Breloom
|-resisted|p2a: Breloom
|-damage|p2a: Breloom|0 fnt
|faint|p2a: Breloom
|
|
|switch|p2a: Pelipper|Pelipper, M|100/100
|-damage|p2a: Pelipper|75/100|[from] Stealth Rock
|-weather|RainDance|[from] ability: Drizzle|[of] p2a: Pelipper
|turn|16
|
|move|p1a: 5'7 I'm Messi girl|Power Gem|p2a: Pelipper
|-supereffective|p2a: Pelipper
|-damage|p2a: Pelipper|0 fnt
|faint|p2a: Pelipper
|
|-weather|RainDance|[upkeep]
|
|switch|p2a: Volcanion|Volcanion|100/100
|-damage|p2a: Volcanion|75/100|[from] Stealth Rock
|-status|p2a: Volcanion|tox
|turn|17
|
|move|p1a: 5'7 I'm Messi girl|Power Gem|p2a: Volcanion
|-supereffective|p2a: Volcanion
|-damage|p2a: Volcanion|0 fnt
|faint|p2a: Volcanion
|
|win|p1
