# advantage = p2
|poke|p1|Ursaluna, M|
|poke|p1|Great Tusk|
|poke|p1|Masquerain, F|
|poke|p1|Gholdengo|
|poke|p1|Magearna|
|poke|p1|Hydreigon, M|
|poke|p2|Moltres-Galar|
|poke|p2|Sneasler, F|
|poke|p2|Grimmsnarl, M|
|poke|p2|Zamazenta-*|
|poke|p2|Glimmora, M|
|poke|p2|Thundurus-Therian, M|
|teampreview
|
|start
|switch|p1a: Masquerain|Masquerain, F|100/100
|switch|p2a: Glimmora|Glimmora, M, shiny|100/100
|-ability|p1a: Masquerain|Intimidate|boost
|-unboost|p2a: Glimmora|atk|1
|turn|1
|
|move|p2a: Glimmora|Stealth Rock|p1a: Masquerain
|-sidestart|p1: p1|move: Stealth Rock
|move|p1a: Masquerain|Sticky Web|p2a: Glimmora
|-sidestart|p2: p2|move: Sticky Web
|
|turn|2
|
|move|p2a: Glimmora|Mortal Spin|p1a: Masquerain
|-damage|p1a: Masquerain|94/100
|-status|p1a: Masquerain|psn
|-sideend|p2: p2|Sticky Web|[from] move: Mortal Spin|[of] p2a: Glimmora
|move|p1a: Masquerain|Giga Drain|p2a: Glimmora
|-damage|p2a: Glimmora|68/100
|-heal|p1a: Masquerain|100/100 psn|[from] drain|[of] p2a: Glimmora
|
|-damage|p1a: Masquerain|88/100 psn|[from] psn
|turn|3
|
|switch|p2a: Grimmsnarl|Grimmsnarl, M|100/100
|move|p1a: Masquerain|Sticky Web|p2a: Grimmsnarl
|-sidestart|p2: p2|move: Sticky Web
|
|-damage|p1a: Masquerain|76/100 psn|[from] psn
|turn|4
|
|switch|p2a: Glimmora|Glimmora, M, shiny|68/100
|-activate|p2a: Glimmora|move: Sticky Web
|-unboost|p2a: Glimmora|spe|1
|move|p1a: Masquerain|Quiver Dance|p1a: Masquerain
|-boost|p1a: Masquerain|spa|1
|-boost|p1a: Masquerain|spd|1
|-boost|p1a: Masquerain|spe|1
|
|-damage|p1a: Masquerain|63/100 psn|[from] psn
|turn|5
|
|move|p1a: Masquerain|Giga Drain|p2a: Glimmora
|-damage|p2a: Glimmora|21/100
|-heal|p1a: Masquerain|89/100 psn|[from] drain|[of] p2a: Glimmora
|move|p2a: Glimmora|Mortal Spin|p1a: Masquerain
|-damage|p1a: Masquerain|78/100 psn
|-sideend|p2: p2|Sticky Web|[from] move: Mortal Spin|[of] p2a: Glimmora
|
|-damage|p1a: Masquerain|66/100 psn|[from] psn
|turn|6
|
|move|p1a: Masquerain|Sticky Web|p2a: Glimmora
|-sidestart|p2: p2|move: Sticky Web
|move|p2a: Glimmora|Mortal Spin|p1a: Masquerain
|-damage|p1a: Masquerain|54/100 psn
|-sideend|p2: p2|Sticky Web|[from] move: Mortal Spin|[of] p2a: Glimmora
|
|-damage|p1a: Masquerain|41/100 psn|[from] psn
|turn|7
|
|move|p1a: Masquerain|Quiver Dance|p1a: Masquerain
|-boost|p1a: Masquerain|spa|1
|-boost|p1a: Masquerain|spd|1
|-boost|p1a: Masquerain|spe|1
|move|p2a: Glimmora|Mortal Spin|p1a: Masquerain
|-damage|p1a: Masquerain|31/100 psn
|
|-damage|p1a: Masquerain|19/100 psn|[from] psn
|turn|8
|
|move|p1a: Masquerain|Giga Drain|p2a: Glimmora
|-damage|p2a: Glimmora|0 fnt
|-heal|p1a: Masquerain|30/100 psn|[from] drain|[of] p2a: Glimmora
|faint|p2a: Glimmora
|
|-damage|p1a: Masquerain|18/100 psn|[from] psn
|
|switch|p2a: Grimmsnarl|Grimmsnarl, M|100/100
|turn|9
|
|move|p2a: Grimmsnarl|Taunt|p1a: Masquerain
|-start|p1a: Masquerain|move: Taunt
|move|p1a: Masquerain|Giga Drain|p2a: Grimmsnarl
|-damage|p2a: Grimmsnarl|63/100
|-heal|p1a: Masquerain|44/100 psn|[from] drain|[of] p2a: Grimmsnarl
|
|-damage|p1a: Masquerain|31/100 psn|[from] psn
|turn|10
|
|move|p2a: Grimmsnarl|Light Screen|p2a: Grimmsnarl
|-sidestart|p2: p2|move: Light Screen
|move|p1a: Masquerain|Giga Drain|p2a: Grimmsnarl
|-damage|p2a: Grimmsnarl|46/100
|-heal|p1a: Masquerain|43/100 psn|[from] drain|[of] p2a: Grimmsnarl
|
|-damage|p1a: Masquerain|31/100 psn|[from] psn
|turn|11
|
|move|p1a: Masquerain|Giga Drain|p2a: Grimmsnarl
|-damage|p2a: Grimmsnarl|27/100
|-heal|p1a: Masquerain|44/100 psn|[from] drain|[of] p2a: Grimmsnarl
|move|p2a: Grimmsnarl|Spirit Break|p1a: Masquerain
|-damage|p1a: Masquerain|0 fnt
|faint|p1a: Masquerain
|
|
|switch|p1a: Great Tusk|Great Tusk|100/100
|-damage|p1a: Great Tusk|98/100|[from] Stealth Rock
|turn|12
|
|move|p2a: Grimmsnarl|Reflect|p2a: Grimmsnarl
|-sidestart|p2: p2|Reflect
|move|p1a: Great Tusk|Rapid Spin|p2a: Grimmsnarl
|-damage|p2a: Grimmsnarl|19/100
|-boost|p1a: Great Tusk|spe|1
|-sideend|p1: p1|Stealth Rock|[from] move: Rapid Spin|[of] p1a: Great Tusk
|
|-heal|p1a: Great Tusk|100/100|[from] item: Leftovers
|turn|13
|
|switch|p2a: Thundurus|Thundurus-Therian, M, shiny|100/100
|move|p1a: Great Tusk|Bulk Up|p1a: Great Tusk
|-boost|p1a: Great Tusk|atk|1
|-boost|p1a: Great Tusk|def|1
|
|turn|14
|
|move|p1a: Great Tusk|Knock Off|p2a: Thundurus
|-damage|p2a: Thundurus|67/100
|-enditem|p2a: Thundurus|Heavy-Duty Boots|[from] move: Knock Off|[of] p1a: Great Tusk
|move|p2a: Thundurus|Agility|p2a: Thundurus
|-boost|p2a: Thundurus|spe|2
|
|turn|15
|
|move|p2a: Thundurus|Grass Knot|p1a: Great Tusk
|-supereffective|p1a: Great Tusk
|-damage|p1a: Great Tusk|0 fnt
|faint|p1a: Great Tusk
|-end|p1a: Great Tusk|Protosynthesis|[silent]
|
|
|switch|p1a: Hydreigon|Hydreigon, M|100/100
|turn|16
|
|move|p2a: Thundurus|Nasty Plot|p2a: Thundurus
|-boost|p2a: Thundurus|spa|2
|move|p1a: Hydreigon|Nasty Plot|p1a: Hydreigon
|-boost|p1a: Hydreigon|spa|2
|
|turn|17
|
|move|p2a: Thundurus|Thunderbolt|p1a: Hydreigon
|-resisted|p1a: Hydreigon
|-damage|p1a: Hydreigon|36/100
|move|p1a: Hydreigon|Draco Meteor|p2a: Thundurus|[miss]
|-miss|p1a: Hydreigon|p2a: Thundurus
|
|-heal|p1a: Hydreigon|43/100|[from] item: Leftovers
|-sideend|p2: p2|move: Light Screen
|turn|18
|
|move|p2a: Thundurus|Thunderbolt|p1a: Hydreigon
|-resisted|p1a: Hydreigon
|-damage|p1a: Hydreigon|0 fnt
|faint|p1a: Hydreigon
|
|
|switch|p1a: Magearna|Magearna|100/100
|turn|19
|
|-terastallize|p2a: Thundurus|Steel
|move|p2a: Thundurus|Thunderbolt|p1a: Magearna
|-damage|p1a: Magearna|9/100
|move|p1a: Magearna|Calm Mind|p1a: Magearna
|-boost|p1a: Magearna|spa|1
|-boost|p1a: Magearna|spd|1
|
|-heal|p1a: Magearna|15/100|[from] item: Leftovers
|-sideend|p2: p2|Reflect
|turn|20
|
|move|p2a: Thundurus|Thunderbolt|p1a: Magearna
|-damage|p1a: Magearna|0 fnt
|faint|p1a: Magearna
|
|-message|p1 forfeited.
|
|win|p2
