|poke|p1|Arcanine-Hisui, F|
|poke|p1|Garchomp, M|
|poke|p1|Corviknight, F|
|poke|p1|Kingambit, M|
|poke|p1|Iron Moth|
|poke|p1|Zamazenta-*|
|poke|p2|Golduck, F|
|poke|p2|Pelipper, F|
|poke|p2|Haxorus, F|
|poke|p2|Gastrodon, F|
|poke|p2|Magearna|
|poke|p2|Zapdos|
|teampreview
|
|start
|switch|p1a: Arcanine|Arcanine-Hisui, F|100/100
|switch|p2a: Pelipper|Pelipper, F|100/100
|-weather|RainDance|[from] ability: Drizzle|[of] p2a: Pelipper
|turn|1
|
|switch|p2a: Gastrodon|Gastrodon, F|100/100
|move|p1a: Arcanine|Wild Charge|p2a: Gastrodon
|-immune|p2a: Gastrodon
|
|-weather|RainDance|[upkeep]
|turn|2
|
|switch|p1a: Corviknight|Corviknight, F|100/100
|-ability|p1a: Corviknight|Pressure
|move|p2a: Gastrodon|Surf|p1a: Corviknight
|-damage|p1a: Corviknight|9/100
|
|-weather|RainDance|[upkeep]
|turn|3
|
|move|p1a: Corviknight|Defog|p2a: Gastrodon
|-unboost|p2a: Gastrodon|evasion|1
|move|p2a: Gastrodon|Surf|p1a: Corviknight
|-damage|p1a: Corviknight|0 fnt
|faint|p1a: Corviknight
|
|-weather|RainDance|[upkeep]
|
|switch|p1a: Zamazenta|Zamazenta|100/100
|-ability|p1a: Zamazenta|Dauntless Shield|boost
|-boost|p1a: Zamazenta|def|1
|turn|4
|
|switch|p2a: Zapdos|Zapdos|100/100
|-ability|p2a: Zapdos|Pressure
|move|p1a: Zamazenta|Close Combat|p2a: Zapdos
|-resisted|p2a: Zapdos
|-damage|p2a: Zapdos|54/100
|-unboost|p1a: Zamazenta|def|1
|-unboost|p1a: Zamazenta|spd|1
|
|-weather|RainDance|[upkeep]
|turn|5
|
|switch|p1a: Garchomp|Garchomp, M|100/100
|move|p2a: Zapdos|Hurricane|p1a: Garchomp
|-damage|p1a: Garchomp|31/100
|-damage|p2a: Zapdos|44/100|[from] item: Life Orb
|
|-weather|RainDance|[upkeep]
|turn|6
|
|move|p1a: Garchomp|Stealth Rock|p2a: Zapdos
|-sidestart|p2: Ffjjh|move: Stealth Rock
|move|p2a: Zapdos|Roost|p2a: Zapdos
|-heal|p2a: Zapdos|94/100
|-singleturn|p2a: Zapdos|move: Roost
|
|-weather|RainDance|[upkeep]
|turn|7
|
|move|p2a: Zapdos|Agility|p2a: Zapdos
|-boost|p2a: Zapdos|spe|2
|move|p1a: Garchomp|Dragon Tail|p2a: Zapdos
|-damage|p2a: Zapdos|68/100
|drag|p2a: Gastrodon|Gastrodon, F|100/100
|-damage|p2a: Gastrodon|94/100|[from] Stealth Rock
|
|-weather|RainDance|[upkeep]
|turn|8
|
|switch|p2a: Zapdos|Zapdos|68/100
|-damage|p2a: Zapdos|43/100|[from] Stealth Rock
|-ability|p2a: Zapdos|Pressure
|move|p1a: Garchomp|Spikes|p2a: Zapdos
|-sidestart|p2: Ffjjh|Spikes
|
|-weather|none
|turn|9
|
|move|p2a: Zapdos|Roost|p2a: Zapdos
|-heal|p2a: Zapdos|93/100
|-singleturn|p2a: Zapdos|move: Roost
|move|p1a: Garchomp|Dragon Tail|p2a: Zapdos
|-damage|p2a: Zapdos|68/100
|drag|p2a: Gastrodon|Gastrodon, F|94/100
|-damage|p2a: Gastrodon|88/100|[from] Stealth Rock
|-damage|p2a: Gastrodon|76/100|[from] Spikes
|
|turn|10
|
|move|p2a: Gastrodon|Earth Power|p1a: Garchomp
|-damage|p1a: Garchomp|0 fnt
|faint|p1a: Garchomp
|
|
|switch|p1a: Iron Moth|Iron Moth|100/100
|turn|11
|
|switch|p2a: Zapdos|Zapdos|68/100
|-damage|p2a: Zapdos|43/100|[from] Stealth Rock
|-ability|p2a: Zapdos|Pressure
|-terastallize|p1a: Iron Moth|Flying
|move|p1a: Iron Moth|Agility|p1a: Iron Moth
|-boost|p1a: Iron Moth|spe|2
|
|turn|12
|
|move|p1a: Iron Moth|Fiery Dance|p2a: Zapdos
|-crit|p2a: Zapdos
|-damage|p2a: Zapdos|0 fnt
|faint|p2a: Zapdos
|
|
|switch|p2a: Pelipper|Pelipper, F|100/100
|-damage|p2a: Pelipper|75/100|[from] Stealth Rock
|-weather|RainDance|[from] ability: Drizzle|[of] p2a: Pelipper
|turn|13
|
|move|p1a: Iron Moth|Sludge Wave|p2a: Pelipper
|-damage|p2a: Pelipper|0 fnt
|faint|p2a: Pelipper
|
|-weather|RainDance|[upkeep]
|
|switch|p2a: Golduck|Golduck, F|100/100
|-damage|p2a: Golduck|88/100|[from] Stealth Rock
|-damage|p2a: Golduck|76/100|[from] Spikes
|turn|14
|
|move|p1a: Iron Moth|Sludge Wave|p2a: Golduck
|-damage|p2a: Golduck|7/100
|move|p2a: Golduck|Surf|p1a: Iron Moth
|-damage|p1a: Iron Moth|37/100
|
|-weather|RainDance|[upkeep]
|-heal|p2a: Golduck|13/100|[from] item: Leftovers
|turn|15
|
|move|p1a: Iron Moth|Fiery Dance|p2a: Golduck
|-resisted|p2a: Golduck
|-damage|p2a: Golduck|0 fnt
|faint|p2a: Golduck
|
|-weather|RainDance|[upkeep]
|
|switch|p2a: Magearna|Magearna|100/100
|-damage|p2a: Magearna|94/100|[from] Stealth Rock
|-damage|p2a: Magearna|82/100|[from] Spikes
|turn|16
|
|move|p2a: Magearna|Calm Mind|p2a: Magearna
|-boost|p2a: Magearna|spa|1
|-boost|p2a: Magearna|spd|1
|move|p1a: Iron Moth|Whirlwind|p2a: Magearna
|drag|p2a: Gastrodon|Gastrodon, F|76/100
|-damage|p2a: Gastrodon|70/100|[from] Stealth Rock
|-damage|p2a: Gastrodon|57/100|[from] Spikes
|
|-weather|RainDance|[upkeep]
|turn|17
|
|move|p1a: Iron Moth|Sludge Wave|p2a: Gastrodon
|-resisted|p2a: Gastrodon
|-crit|p2a: Gastrodon
|-damage|p2a: Gastrodon|18/100
|move|p2a: Gastrodon|Surf|p1a: Iron Moth
|-damage|p1a: Iron Moth|0 fnt
|faint|p1a: Iron Moth
|-end|p1a: Iron Moth|Quark Drive|[silent]
|
|-weather|RainDance|[upkeep]
|
|switch|p1a: Zamazenta|Zamazenta|100/100
|turn|18
|
|move|p1a: Zamazenta|Close Combat|p2a: Gastrodon
|-damage|p2a: Gastrodon|0 fnt
|-unboost|p1a: Zamazenta|def|1
|-unboost|p1a: Zamazenta|spd|1
|faint|p2a: Gastrodon
|
|-weather|RainDance|[upkeep]
|
|switch|p2a: Magearna|Magearna|82/100
|-damage|p2a: Magearna|76/100|[from] Stealth Rock
|-damage|p2a: Magearna|64/100|[from] Spikes
|turn|19
|
|-terastallize|p2a: Magearna|Bug
|move|p1a: Zamazenta|Close Combat|p2a: Magearna
|-resisted|p2a: Magearna
|-damage|p2a: Magearna|27/100
|-unboost|p1a: Zamazenta|def|1
|-unboost|p1a: Zamazenta|spd|1
|move|p2a: Magearna|Shift Gear|p2a: Magearna
|-boost|p2a: Magearna|spe|2
|-boost|p2a: Magearna|atk|1
|
|-weather|RainDance|[upkeep]
|-heal|p2a: Magearna|33/100|[from] item: Leftovers
|turn|20
|
|move|p1a: Zamazenta|Close Combat|p2a: Magearna
|-resisted|p2a: Magearna
|-damage|p2a: Magearna|0 fnt
|-unboost|p1a: Zamazenta|def|1
|-unboost|p1a: Zamazenta|spd|1
|faint|p2a: Magearna
|
|-weather|none
|-message|Ffjjh forfeited.
|
|win|monarkdosuperfeliz
