# advantage = p1
|poke|p1|Ursaluna, F|
|poke|p1|Grimmsnarl, M|
|poke|p1|Decidueye-Hisui, M|
|poke|p1|Kleavor, M|
|poke|p1|Sneasler, F|
|poke|p1|Lilligant-Hisui, F|
|poke|p2|Salamence, M|
|poke|p2|Mimikyu, F|
|poke|p2|Corviknight, F|
|poke|p2|Meowscarada, M|
|poke|p2|Rotom-Wash|
|poke|p2|Iron Moth|
|teampreview
|
|start
|switch|p1a: Grimmsnarl|Grimmsnarl, M|100/100
|switch|p2a: Iron Moth|Iron Moth|100/100
|turn|1
|
|move|p1a: Grimmsnarl|Light Screen|p1a: Grimmsnarl
|-sidestart|p1: p1|move: Light Screen
|move|p2a: Iron Moth|Sludge Wave|p1a: Grimmsnarl
|-supereffective|p1a: Grimmsnarl
|-damage|p1a: Grimmsnarl|39/100
|
|turn|2
|
|move|p1a: Grimmsnarl|Reflect|p1a: Grimmsnarl
|-sidestart|p1: p1|Reflect
|move|p2a: Iron Moth|Sludge Wave|p1a: Grimmsnarl
|-supereffective|p1a: Grimmsnarl
|-damage|p1a: Grimmsnarl|0 fnt
|faint|p1a: Grimmsnarl
|
|
|switch|p1a: Kleavor|Kleavor, M|100/100
|turn|3
|
|-end|p2a: Iron Moth|Quark Drive|[silent]
|switch|p2a: Corviknight|Corviknight, F|100/100
|move|p1a: Kleavor|Swords Dance|p1a: Kleavor
|-boost|p1a: Kleavor|atk|2
|
|turn|4
|
|move|p1a: Kleavor|Stone Axe|p2a: Corviknight
|-damage|p2a: Corviknight|14/100
|-sidestart|p2: p2|move: Stealth Rock
|-damage|p1a: Kleavor|84/100|[from] item: Rocky Helmet|[of] p2a: Corviknight
|move|p2a: Corviknight|Brave Bird|p1a: Kleavor
|-damage|p1a: Kleavor|58/100
|-damage|p2a: Corviknight|7/100|[from] Recoil
|
|turn|5
|
|move|p1a: Kleavor|Close Combat|p2a: Corviknight
|-damage|p2a: Corviknight|0 fnt
|-unboost|p1a: Kleavor|def|1
|-unboost|p1a: Kleavor|spd|1
|-damage|p1a: Kleavor|41/100|[from] item: Rocky Helmet|[of] p2a: Corviknight
|faint|p2a: Corviknight
|
|
|switch|p2a: Rotom|Rotom-Wash|100/100
|-damage|p2a: Rotom|88/100|[from] Stealth Rock
|turn|6
|
|move|p1a: Kleavor|Stone Axe|p2a: Rotom
|-damage|p2a: Rotom|0 fnt
|faint|p2a: Rotom
|
|
|switch|p2a: Mimikyu|Mimikyu, F|100/100
|-damage|p2a: Mimikyu|88/100|[from] Stealth Rock
|turn|7
|
|move|p1a: Kleavor|Stone Axe|p2a: Mimikyu
|-activate|p2a: Mimikyu|ability: Disguise
|-damage|p2a: Mimikyu|88/100
|detailschange|p2a: Mimikyu|Mimikyu-Busted, F
|-damage|p2a: Mimikyu|76/100|[from] pokemon: Mimikyu-Busted
|move|p2a: Mimikyu|Swords Dance|p2a: Mimikyu
|-boost|p2a: Mimikyu|atk|2
|
|turn|8
|
|move|p2a: Mimikyu|Shadow Sneak|p1a: Kleavor
|-damage|p1a: Kleavor|4/100
|move|p1a: Kleavor|Stone Axe|p2a: Mimikyu
|-damage|p2a: Mimikyu|0 fnt
|faint|p2a: Mimikyu
|
|-sideend|p1: p1|move: Light Screen
|
|switch|p2a: Meowscarada|Meowscarada, M|100/100
|-damage|p2a: Meowscarada|88/100|[from] Stealth Rock
|turn|9
|
|move|p2a: Meowscarada|U-turn|p1a: Kleavor
|-start|p2a: Meowscarada|typechange|Bug|[from] ability: Protean
|-damage|p1a: Kleavor|0 fnt
|faint|p1a: Kleavor
|
|switch|p2a: Iron Moth|Iron Moth|100/100|[from] U-turn
|-damage|p2a: Iron Moth|76/100|[from] Stealth Rock
|
|-sideend|p1: p1|Reflect
|
|switch|p1a: Ursaluna|Ursaluna, F|100/100
|turn|10
|
|move|p2a: Iron Moth|Bug Buzz|p1a: Ursaluna
|-damage|p1a: Ursaluna|60/100
|move|p1a: Ursaluna|Headlong Rush|p2a: Iron Moth
|-supereffective|p2a: Iron Moth
|-damage|p2a: Iron Moth|0 fnt
|-unboost|p1a: Ursaluna|def|1
|-unboost|p1a: Ursaluna|spd|1
|faint|p2a: Iron Moth
|-end|p2a: Iron Moth|Quark Drive|[silent]
|
|-status|p1a: Ursaluna|brn|[from] item: Flame Orb
|
|switch|p2a: Salamence|Salamence, M|100/100
|-damage|p2a: Salamence|76/100|[from] Stealth Rock
|turn|11
|
|-terastallize|p2a: Salamence|Steel
|move|p2a: Salamence|Dragon Dance|p2a: Salamence
|-boost|p2a: Salamence|atk|1
|-boost|p2a: Salamence|spe|1
|move|p1a: Ursaluna|Facade|p2a: Salamence
|-resisted|p2a: Salamence
|-damage|p2a: Salamence|4/100
|
|-damage|p1a: Ursaluna|54/100 brn|[from] brn
|turn|12
|
|move|p2a: Salamence|Earthquake|p1a: Ursaluna
|-damage|p1a: Ursaluna|0 fnt
|faint|p1a: Ursaluna
|-ability|p2a: Salamence|Moxie|boost
|-boost|p2a: Salamence|atk|1
|-damage|p2a: Salamence|0 fnt|[from] item: Life Orb
|faint|p2a: Salamence
|
|
|switch|p2a: Meowscarada|Meowscarada, M|88/100
|switch|p1a: Lilligant|Lilligant-Hisui, F|100/100
|-damage|p2a: Meowscarada|76/100|[from] Stealth Rock
|turn|13
|
|move|p2a: Meowscarada|Play Rough|p1a: Lilligant
|-start|p2a: Meowscarada|typechange|Fairy|[from] ability: Protean
|-supereffective|p1a: Lilligant
|-crit|p1a: Lilligant
|-enditem|p1a: Lilligant|Focus Sash
|-damage|p1a: Lilligant|1/100
|move|p1a: Lilligant|Close Combat|p2a: Meowscarada
|-resisted|p2a: Meowscarada
|-damage|p2a: Meowscarada|10/100
|-unboost|p1a: Lilligant|def|1
|-unboost|p1a: Lilligant|spd|1
|
|turn|14
|
|move|p2a: Meowscarada|Play Rough|p1a: Lilligant
|-supereffective|p1a: Lilligant
|-damage|p1a: Lilligant|0 fnt
|faint|p1a: Lilligant
|
|
|switch|p1a: Sneasler|Sneasler, F|100/100
|turn|15
|
|move|p2a: Meowscarada|Play Rough|p1a: Sneasler
|-damage|p1a: Sneasler|17/100
|move|p1a: Sneasler|Dire Claw|p2a: Meowscarada
|-supereffective|p2a: Meowscarada
|-damage|p2a: Meowscarada|0 fnt
|faint|p2a: Meowscarada
|
|win|p1
