|poke|p1|Dondozo, F|
|poke|p1|Great Tusk|
|poke|p1|Iron Valiant|
|poke|p1|Gholdengo|
|poke|p1|Dragapult, M|
|poke|p1|Cinderace, F|
|poke|p2|Magearna|
|poke|p2|Ursaluna, F|
|poke|p2|Sneasler, F|
|poke|p2|Indeedee-F, F|
|poke|p2|Samurott-Hisui, F|
|poke|p2|Enamorus, F|
|teampreview
|
|start
|switch|p1a: Dragapult|Dragapult, M|100/100
|switch|p2a: Katya Zamo|Enamorus, F|100/100
|turn|1
|
|switch|p1a: Gholdengo|Gholdengo|100/100
|move|p2a: Katya Zamo|Play Rough|p1a: Gholdengo|[miss]
|-miss|p2a: Katya Zamo|p1a: Gholdengo
|
|turn|2
|
|switch|p2a: Roxxy Andrews|Samurott-Hisui, F, shiny|100/100
|move|p1a: Gholdengo|Make It Rain|p2a: Roxxy Andrews
|-resisted|p2a: Roxxy Andrews
|-damage|p2a: Roxxy Andrews|46/100
|-unboost|p1a: Gholdengo|spa|1
|
|turn|3
|
|switch|p1a: Dondozo|Dondozo, F|100/100
|move|p2a: Roxxy Andrews|Ceaseless Edge|p1a: Dondozo
|-damage|p1a: Dondozo|60/100
|-sidestart|p1: Dondozo is Daddy|Spikes
|-damage|p2a: Roxxy Andrews|36/100|[from] item: Life Orb
|
|-heal|p1a: Dondozo|66/100|[from] item: Leftovers
|turn|4
|
|move|p1a: Dondozo|Protect|p1a: Dondozo
|-singleturn|p1a: Dondozo|Protect
|move|p2a: Roxxy Andrews|Ceaseless Edge|p1a: Dondozo
|-activate|p1a: Dondozo|move: Protect
|
|-heal|p1a: Dondozo|72/100|[from] item: Leftovers
|turn|5
|
|move|p2a: Roxxy Andrews|Ceaseless Edge|p1a: Dondozo
|-damage|p1a: Dondozo|33/100
|-sidestart|p1: Dondozo is Daddy|Spikes
|-damage|p2a: Roxxy Andrews|26/100|[from] item: Life Orb
|move|p1a: Dondozo|Curse|p1a: Dondozo
|-unboost|p1a: Dondozo|spe|1
|-boost|p1a: Dondozo|atk|1
|-boost|p1a: Dondozo|def|1
|
|-heal|p1a: Dondozo|39/100|[from] item: Leftovers
|turn|6
|
|switch|p2a: Pangina Heals|Magearna|100/100
|move|p1a: Dondozo|Protect||[still]
|-fail|p1a: Dondozo
|
|-heal|p1a: Dondozo|45/100|[from] item: Leftovers
|turn|7
|
|-terastallize|p2a: Pangina Heals|Fairy
|move|p1a: Dondozo|Protect|p1a: Dondozo
|-singleturn|p1a: Dondozo|Protect
|move|p2a: Pangina Heals|Fleur Cannon|p1a: Dondozo
|-activate|p1a: Dondozo|move: Protect
|
|-heal|p1a: Dondozo|51/100|[from] item: Leftovers
|turn|8
|
|move|p2a: Pangina Heals|Fleur Cannon|p1a: Dondozo
|-damage|p1a: Dondozo|0 fnt
|-unboost|p2a: Pangina Heals|spa|2
|-enditem|p2a: Pangina Heals|Eject Pack
|faint|p1a: Dondozo
|-ability|p2a: Pangina Heals|Soul-Heart|boost
|-boost|p2a: Pangina Heals|spa|1
|
|switch|p2a: BenDeLaCreme|Indeedee-F, F, shiny|100/100
|-fieldstart|move: Psychic Terrain|[from] ability: Psychic Surge|[of] p2a: BenDeLaCreme
|
|
|switch|p1a: Cinderace|Cinderace, F|100/100
|turn|9
|
|move|p1a: Cinderace|Court Change|p1a: Cinderace
|-start|p1a: Cinderace|typechange|Normal|[from] ability: Libero
|-swapsideconditions
|-activate|p1a: Cinderace|move: Court Change
|move|p2a: BenDeLaCreme|Trick Room|p2a: BenDeLaCreme
|-fieldstart|move: Trick Room|[of] p2a: BenDeLaCreme
|
|turn|10
|
|switch|p1a: Gholdengo|Gholdengo|100/100
|move|p2a: BenDeLaCreme|Healing Wish|p2a: BenDeLaCreme
|faint|p2a: BenDeLaCreme
|
|
|switch|p2a: Ginger Minj|Ursaluna, F, shiny|100/100
|-damage|p2a: Ginger Minj|84/100|[from] Spikes
|turn|11
|
|-terastallize|p1a: Gholdengo|Fighting
|move|p2a: Ginger Minj|Earthquake|p1a: Gholdengo
|-damage|p1a: Gholdengo|33/100
|move|p1a: Gholdengo|Focus Blast|p2a: Ginger Minj
|-supereffective|p2a: Ginger Minj
|-damage|p2a: Ginger Minj|0 fnt
|faint|p2a: Ginger Minj
|
|
|switch|p2a: Pangina Heals|Magearna, tera:Fairy|100/100
|-damage|p2a: Pangina Heals|84/100|[from] Spikes
|turn|12
|
|switch|p1a: Cinderace|Cinderace, F|100/100
|move|p2a: Pangina Heals|Fleur Cannon|p1a: Cinderace
|-resisted|p1a: Cinderace
|-damage|p1a: Cinderace|23/100
|-unboost|p2a: Pangina Heals|spa|2
|
|turn|13
|
|switch|p2a: Roxxy Andrews|Samurott-Hisui, F, shiny|26/100
|-heal|p2a: Roxxy Andrews|100/100|[from] move: Healing Wish
|-damage|p2a: Roxxy Andrews|84/100|[from] Spikes
|move|p1a: Cinderace|Pyro Ball|p2a: Roxxy Andrews
|-resisted|p2a: Roxxy Andrews
|-damage|p2a: Roxxy Andrews|46/100
|
|-fieldend|move: Trick Room
|turn|14
|
|move|p1a: Cinderace|U-turn|p2a: Roxxy Andrews
|-start|p1a: Cinderace|typechange|Bug|[from] ability: Libero
|-supereffective|p2a: Roxxy Andrews
|-damage|p2a: Roxxy Andrews|0 fnt
|faint|p2a: Roxxy Andrews
|
|switch|p1a: Dragapult|Dragapult, M|100/100|[from] U-turn
|
|
|switch|p2a: Violet Chachki|Sneasler, F, shiny|100/100
|-damage|p2a: Violet Chachki|84/100|[from] Spikes
|-enditem|p2a: Violet Chachki|Psychic Seed
|-boost|p2a: Violet Chachki|spd|1|[from] item: Psychic Seed
|turn|15
|
|move|p2a: Violet Chachki|Thief|p1a: Dragapult
|-supereffective|p1a: Dragapult
|-damage|p1a: Dragapult|34/100
|-enditem|p1a: Dragapult|Heavy-Duty Boots|[silent]|[from] move: Thief|[of] p2a: Violet Chachki
|-item|p2a: Violet Chachki|Heavy-Duty Boots|[from] move: Thief|[of] p1a: Dragapult
|move|p1a: Dragapult|Will-O-Wisp|p2a: Violet Chachki
|-status|p2a: Violet Chachki|brn
|
|-damage|p2a: Violet Chachki|78/100 brn|[from] brn
|-fieldend|move: Psychic Terrain
|turn|16
|
|switch|p1a: Iron Valiant|Iron Valiant|100/100
|move|p2a: Violet Chachki|Thief|p1a: Iron Valiant
|-resisted|p1a: Iron Valiant
|-damage|p1a: Iron Valiant|97/100
|
|-damage|p2a: Violet Chachki|72/100 brn|[from] brn
|turn|17
|
|-end|p1a: Iron Valiant|Quark Drive|[silent]
|switch|p1a: Great Tusk|Great Tusk|100/100
|move|p2a: Violet Chachki|Swords Dance|p2a: Violet Chachki
|-boost|p2a: Violet Chachki|atk|2
|
|-damage|p2a: Violet Chachki|66/100 brn|[from] brn
|turn|18
|
|move|p2a: Violet Chachki|Close Combat|p1a: Great Tusk
|-damage|p1a: Great Tusk|54/100
|-unboost|p2a: Violet Chachki|def|1
|-unboost|p2a: Violet Chachki|spd|1
|move|p1a: Great Tusk|Headlong Rush|p2a: Violet Chachki
|-supereffective|p2a: Violet Chachki
|-damage|p2a: Violet Chachki|0 fnt
|-unboost|p1a: Great Tusk|def|1
|-unboost|p1a: Great Tusk|spd|1
|faint|p2a: Violet Chachki
|
|
|switch|p2a: Katya Zamo|Enamorus, F|100/100
|turn|19
|
|-end|p1a: Great Tusk|Protosynthesis|[silent]
|switch|p1a: Iron Valiant|Iron Valiant|97/100
|move|p2a: Katya Zamo|Superpower|p1a: Iron Valiant
|-resisted|p1a: Iron Valiant
|-damage|p1a: Iron Valiant|71/100
|-boost|p2a: Katya Zamo|atk|1
|-boost|p2a: Katya Zamo|def|1
|
|turn|20
|
|move|p1a: Iron Valiant|Trick|p2a: Katya Zamo
|-activate|p1a: Iron Valiant|move: Trick|[of] p2a: Katya Zamo
|-item|p2a: Katya Zamo|Choice Scarf|[from] move: Trick
|-item|p1a: Iron Valiant|Assault Vest|[from] move: Trick
|move|p2a: Katya Zamo|Play Rough|p1a: Iron Valiant
|-supereffective|p1a: Iron Valiant
|-damage|p1a: Iron Valiant|0 fnt
|faint|p1a: Iron Valiant
|-end|p1a: Iron Valiant|Quark Drive|[silent]
|
|
|switch|p1a: Gholdengo|Gholdengo, tera:Fighting|33/100
|turn|21
|
|switch|p1a: Cinderace|Cinderace, F|23/100
|move|p2a: Katya Zamo|Play Rough|p1a: Cinderace
|-resisted|p1a: Cinderace
|-damage|p1a: Cinderace|0 fnt
|faint|p1a: Cinderace
|
|
|switch|p1a: Gholdengo|Gholdengo, tera:Fighting|33/100
|turn|22
|
|move|p2a: Katya Zamo|Play Rough|p1a: Gholdengo
|-supereffective|p1a: Gholdengo
|-damage|p1a: Gholdengo|0 fnt
|faint|p1a: Gholdengo
|
|
|switch|p1a: Dragapult|Dragapult, M|34/100
|turn|23
|
|move|p2a: Katya Zamo|Play Rough|p1a: Dragapult
|-supereffective|p1a: Dragapult
|-crit|p1a: Dragapult
|-damage|p1a: Dragapult|0 fnt
|faint|p1a: Dragapult
|
|
|switch|p1a: Great Tusk|Great Tusk|54/100
|turn|24
|
|move|p2a: Katya Zamo|Play Rough|p1a: Great Tusk
|-supereffective|p1a: Great Tusk
|-damage|p1a: Great Tusk|0 fnt
|faint|p1a: Great Tusk
|-end|p1a: Great Tusk|Protosynthesis|[silent]
|
|win|MyNamesAlaska
