|poke|p1|Sneasler, M|
|poke|p1|Dragapult, M|
|poke|p1|Magearna|
|poke|p1|Volcarona, M|
|poke|p1|Chien-Pao|
|poke|p1|Landorus-Therian, M|
|poke|p2|Urshifu-*, M|
|poke|p2|Gholdengo|
|poke|p2|Sneasler, M|
|poke|p2|Landorus-Therian, M|
|poke|p2|Heatran, F|
|poke|p2|Electrode-Hisui|
|teampreview
|
|start
|switch|p1a: Aerosmith|Dragapult, M, shiny|100/100
|switch|p2a: Electrode|Electrode-Hisui|100/100
|turn|1
|
|-terastallize|p2a: Electrode|Ice
|move|p2a: Electrode|Tera Blast|p1a: Aerosmith
|-supereffective|p1a: Aerosmith
|-damage|p1a: Aerosmith|0 fnt
|faint|p1a: Aerosmith
|
|
|switch|p1a: Mega Weavile|Chien-Pao|100/100
|-ability|p1a: Mega Weavile|Sword of Ruin
|turn|2
|
|switch|p2a: Landorus|Landorus-Therian, M|100/100
|-ability|p2a: Landorus|Intimidate|boost
|-unboost|p1a: Mega Weavile|atk|1
|move|p1a: Mega Weavile|Crunch|p2a: Landorus
|-damage|p2a: Landorus|59/100
|-damage|p1a: Mega Weavile|84/100|[from] item: Rocky Helmet|[of] p2a: Landorus
|
|turn|3
|
|switch|p1a: Great Who?|Landorus-Therian, M, shiny|100/100
|-ability|p1a: Great Who?|Intimidate|boost
|-unboost|p2a: Landorus|atk|1
|switch|p2a: Urshifu|Urshifu-Rapid-Strike, M|100/100
|
|turn|4
|
|move|p2a: Urshifu|Substitute|p2a: Urshifu
|-start|p2a: Urshifu|Substitute
|-damage|p2a: Urshifu|76/100
|move|p1a: Great Who?|Stealth Rock|p2a: Urshifu
|-sidestart|p2: p2|move: Stealth Rock
|
|-heal|p2a: Urshifu|82/100|[from] item: Leftovers
|turn|5
|player|p2|
|player|p2|p2|1
|
|move|p2a: Urshifu|Surging Strikes|p1a: Great Who?
|-supereffective|p1a: Great Who?
|-crit|p1a: Great Who?
|-damage|p1a: Great Who?|71/100
|-damage|p2a: Urshifu|65/100|[from] item: Rocky Helmet|[of] p1a: Great Who?
|-supereffective|p1a: Great Who?
|-crit|p1a: Great Who?
|-damage|p1a: Great Who?|43/100
|-damage|p2a: Urshifu|49/100|[from] item: Rocky Helmet|[of] p1a: Great Who?
|-supereffective|p1a: Great Who?
|-crit|p1a: Great Who?
|-damage|p1a: Great Who?|14/100
|-damage|p2a: Urshifu|32/100|[from] item: Rocky Helmet|[of] p1a: Great Who?
|-hitcount|p1a: Great Who?|3
|move|p1a: Great Who?|Taunt|p2a: Urshifu
|-start|p2a: Urshifu|move: Taunt
|
|-heal|p2a: Urshifu|39/100|[from] item: Leftovers
|turn|6
|
|move|p2a: Urshifu|Surging Strikes|p1a: Great Who?
|-supereffective|p1a: Great Who?
|-crit|p1a: Great Who?
|-damage|p1a: Great Who?|0 fnt
|-damage|p2a: Urshifu|22/100|[from] item: Rocky Helmet|[of] p1a: Great Who?
|faint|p1a: Great Who?
|-hitcount|p1: Great Who?|1
|
|-heal|p2a: Urshifu|28/100|[from] item: Leftovers
|
|switch|p1a: Bulkarona|Volcarona, M, shiny|100/100
|turn|7
|
|-terastallize|p1a: Bulkarona|Water
|move|p2a: Urshifu|Surging Strikes|p1a: Bulkarona
|-resisted|p1a: Bulkarona
|-crit|p1a: Bulkarona
|-damage|p1a: Bulkarona|90/100
|-resisted|p1a: Bulkarona
|-crit|p1a: Bulkarona
|-damage|p1a: Bulkarona|79/100
|-resisted|p1a: Bulkarona
|-crit|p1a: Bulkarona
|-damage|p1a: Bulkarona|67/100
|-hitcount|p1a: Bulkarona|3
|move|p1a: Bulkarona|Fiery Dance|p2a: Urshifu
|-resisted|p2a: Urshifu
|-activate|p2a: Urshifu|move: Substitute|[damage]
|
|-heal|p2a: Urshifu|35/100|[from] item: Leftovers
|turn|8
|
|move|p2a: Urshifu|Drain Punch|p1a: Bulkarona
|-damage|p1a: Bulkarona|25/100
|-heal|p2a: Urshifu|57/100|[from] drain|[of] p1a: Bulkarona
|move|p1a: Bulkarona|Morning Sun|p1a: Bulkarona
|-heal|p1a: Bulkarona|74/100
|
|-heal|p2a: Urshifu|64/100|[from] item: Leftovers
|-end|p2a: Urshifu|move: Taunt
|turn|9
|
|move|p2a: Urshifu|Swords Dance|p2a: Urshifu
|-boost|p2a: Urshifu|atk|2
|move|p1a: Bulkarona|Fiery Dance|p2a: Urshifu
|-resisted|p2a: Urshifu
|-end|p2a: Urshifu|Substitute
|
|-heal|p2a: Urshifu|70/100|[from] item: Leftovers
|turn|10
|
|move|p2a: Urshifu|Substitute|p2a: Urshifu
|-start|p2a: Urshifu|Substitute
|-damage|p2a: Urshifu|45/100
|move|p1a: Bulkarona|Fiery Dance|p2a: Urshifu
|-resisted|p2a: Urshifu
|-end|p2a: Urshifu|Substitute
|-boost|p1a: Bulkarona|spa|1
|
|-heal|p2a: Urshifu|51/100|[from] item: Leftovers
|turn|11
|
|move|p2a: Urshifu|Drain Punch|p1a: Bulkarona
|-damage|p1a: Bulkarona|0 fnt
|-heal|p2a: Urshifu|91/100|[from] drain|[of] p1a: Bulkarona
|-status|p2a: Urshifu|brn|[from] ability: Flame Body|[of] p1a: Bulkarona
|faint|p1a: Bulkarona
|
|-heal|p2a: Urshifu|97/100 brn|[from] item: Leftovers
|-damage|p2a: Urshifu|91/100 brn|[from] brn
|
|switch|p1a: Mega Weavile|Chien-Pao|84/100
|-ability|p1a: Mega Weavile|Sword of Ruin
|turn|12
|
|move|p1a: Mega Weavile|Crunch|p2a: Urshifu
|-resisted|p2a: Urshifu
|-damage|p2a: Urshifu|52/100 brn
|-unboost|p2a: Urshifu|def|1
|move|p2a: Urshifu|Drain Punch|p1a: Mega Weavile
|-supereffective|p1a: Mega Weavile
|-damage|p1a: Mega Weavile|0 fnt
|-heal|p2a: Urshifu|89/100 brn|[from] drain|[of] p1a: Mega Weavile
|faint|p1a: Mega Weavile
|
|-heal|p2a: Urshifu|96/100 brn|[from] item: Leftovers
|-damage|p2a: Urshifu|89/100 brn|[from] brn
|
|switch|p1a: Just turned 18!|Magearna|100/100
|turn|13
|
|switch|p2a: Heatran|Heatran, F|100/100
|-damage|p2a: Heatran|88/100|[from] Stealth Rock
|move|p1a: Just turned 18!|Shift Gear|p1a: Just turned 18!
|-boost|p1a: Just turned 18!|spe|2
|-boost|p1a: Just turned 18!|atk|1
|
|-heal|p2a: Heatran|94/100|[from] item: Leftovers
|turn|14
|
|move|p1a: Just turned 18!|Calm Mind|p1a: Just turned 18!
|-boost|p1a: Just turned 18!|spa|1
|-boost|p1a: Just turned 18!|spd|1
|move|p2a: Heatran|Taunt|p1a: Just turned 18!
|-start|p1a: Just turned 18!|move: Taunt
|
|-heal|p2a: Heatran|100/100|[from] item: Leftovers
|turn|15
|
|move|p1a: Just turned 18!|Stored Power|p2a: Heatran
|-resisted|p2a: Heatran
|-damage|p2a: Heatran|82/100
|move|p2a: Heatran|Overheat|p1a: Just turned 18!
|-supereffective|p1a: Just turned 18!
|-damage|p1a: Just turned 18!|36/100
|-unboost|p2a: Heatran|spa|2
|
|-heal|p1a: Just turned 18!|42/100|[from] item: Leftovers
|-heal|p2a: Heatran|88/100|[from] item: Leftovers
|turn|16
|
|move|p1a: Just turned 18!|Draining Kiss|p2a: Heatran
|-resisted|p2a: Heatran
|-damage|p2a: Heatran|83/100
|-heal|p1a: Just turned 18!|46/100|[from] drain|[of] p2a: Heatran
|move|p2a: Heatran|Overheat|p1a: Just turned 18!
|-supereffective|p1a: Just turned 18!
|-damage|p1a: Just turned 18!|12/100
|-unboost|p2a: Heatran|spa|2
|
|-heal|p1a: Just turned 18!|18/100|[from] item: Leftovers
|-heal|p2a: Heatran|89/100|[from] item: Leftovers
|turn|17
|
|move|p1a: Just turned 18!|Draining Kiss|p2a: Heatran
|-resisted|p2a: Heatran
|-damage|p2a: Heatran|83/100
|-heal|p1a: Just turned 18!|22/100|[from] drain|[of] p2a: Heatran
|move|p2a: Heatran|Overheat|p1a: Just turned 18!
|-supereffective|p1a: Just turned 18!
|-damage|p1a: Just turned 18!|2/100
|-unboost|p2a: Heatran|spa|2
|
|-heal|p1a: Just turned 18!|8/100|[from] item: Leftovers
|-heal|p2a: Heatran|89/100|[from] item: Leftovers
|-end|p1a: Just turned 18!|move: Taunt
|turn|18
|
|move|p1a: Just turned 18!|Calm Mind|p1a: Just turned 18!
|-boost|p1a: Just turned 18!|spa|1
|-boost|p1a: Just turned 18!|spd|1
|move|p2a: Heatran|Overheat|p1a: Just turned 18!
|-supereffective|p1a: Just turned 18!
|-damage|p1a: Just turned 18!|0 fnt
|faint|p1a: Just turned 18!
|
|-heal|p2a: Heatran|96/100|[from] item: Leftovers
|
|switch|p1a: Skeezler|Sneasler, M, shiny|100/100
|-item|p1a: Skeezler|Air Balloon
|turn|19
|
|switch|p2a: Landorus|Landorus-Therian, M|59/100
|-damage|p2a: Landorus|47/100|[from] Stealth Rock
|-ability|p2a: Landorus|Intimidate|boost
|-unboost|p1a: Skeezler|atk|1
|move|p1a: Skeezler|Close Combat|p2a: Landorus
|-resisted|p2a: Landorus
|-damage|p2a: Landorus|28/100
|-unboost|p1a: Skeezler|def|1
|-unboost|p1a: Skeezler|spd|1
|-damage|p1a: Skeezler|84/100|[from] item: Rocky Helmet|[of] p2a: Landorus
|
|turn|20
|
|switch|p2a: Gholdengo|Gholdengo|100/100
|-damage|p2a: Gholdengo|94/100|[from] Stealth Rock
|-item|p2a: Gholdengo|Air Balloon
|move|p1a: Skeezler|Swords Dance|p1a: Skeezler
|-boost|p1a: Skeezler|atk|2
|
|turn|21
|
|move|p1a: Skeezler|Dire Claw|p2a: Gholdengo
|-immune|p2a: Gholdengo
|move|p2a: Gholdengo|Shadow Ball|p1a: Skeezler
|-damage|p1a: Skeezler|1/100
|-unboost|p1a: Skeezler|spd|1
|-enditem|p1a: Skeezler|Air Balloon
|
|turn|22
|
|move|p1a: Skeezler|Acrobatics|p2a: Gholdengo
|-resisted|p2a: Gholdengo
|-damage|p2a: Gholdengo|67/100
|-enditem|p2a: Gholdengo|Air Balloon
|move|p2a: Gholdengo|Shadow Ball|p1a: Skeezler
|-crit|p1a: Skeezler
|-damage|p1a: Skeezler|0 fnt
|faint|p1a: Skeezler
|
|win|p2
