# advantage = p2
|poke|p1|Torkoal, F|
|poke|p1|Lilligant-Hisui, F|
|poke|p1|Walking Wake|
|poke|p1|Corviknight, F|
|poke|p1|Roaring Moon|
|poke|p1|Sandy Shocks|
|poke|p2|Pelipper, F|
|poke|p2|Basculegion, M|
|poke|p2|Floatzel, F|
|poke|p2|Urshifu-*, F|
|poke|p2|Samurott-Hisui, F|
|poke|p2|Ditto|
|teampreview
|
|start
|switch|p1a: Sandy Shocks|Sandy Shocks|100/100
|switch|p2a: mark 5:9|Basculegion, M, shiny|100/100
|turn|1
|
|switch|p2a: 6th water type|Ditto, shiny|100/100
|-transform|p2a: 6th water type|p1a: Sandy Shocks|[from] ability: Imposter
|move|p1a: Sandy Shocks|Volt Switch|p2a: 6th water type
|-immune|p2a: 6th water type
|
|turn|2
|
|-end|p1a: Sandy Shocks|Protosynthesis|[silent]
|switch|p1a: Corviknight|Corviknight, F|100/100
|-ability|p1a: Corviknight|Pressure
|move|p2a: 6th water type|Earth Power|p1a: Corviknight
|-immune|p1a: Corviknight
|
|turn|3
|
|move|p2a: 6th water type|Thunderbolt|p1a: Corviknight
|-supereffective|p1a: Corviknight
|-damage|p1a: Corviknight|13/100
|move|p1a: Corviknight|U-turn|p2a: 6th water type
|-damage|p2a: 6th water type|83/100
|
|switch|p1a: Torkoal|Torkoal, F|100/100|[from] U-turn
|-weather|SunnyDay|[from] ability: Drought|[of] p1a: Torkoal
|
|-weather|SunnyDay|[upkeep]
|turn|4
|
|switch|p1a: Corviknight|Corviknight, F|13/100
|-ability|p1a: Corviknight|Pressure
|move|p2a: 6th water type|Earth Power|p1a: Corviknight
|-immune|p1a: Corviknight
|
|-weather|SunnyDay|[upkeep]
|turn|5
|
|switch|p1a: Sandy Shocks|Sandy Shocks|100/100
|-activate|p1a: Sandy Shocks|ability: Protosynthesis
|-start|p1a: Sandy Shocks|protosynthesisspe
|move|p2a: 6th water type|Thunderbolt|p1a: Sandy Shocks
|-immune|p1a: Sandy Shocks
|
|-weather|SunnyDay|[upkeep]
|turn|6
|
|-end|p2a: 6th water type|Protosynthesis|[silent]
|switch|p2a: kill bill|Pelipper, F, shiny|100/100
|-weather|RainDance|[from] ability: Drizzle|[of] p2a: kill bill
|-end|p1a: Sandy Shocks|Protosynthesis
|move|p1a: Sandy Shocks|Earth Power|p2a: kill bill
|-immune|p2a: kill bill
|
|-weather|RainDance|[upkeep]
|turn|7
|
|-end|p1a: Sandy Shocks|Protosynthesis|[silent]
|switch|p1a: Corviknight|Corviknight, F|13/100
|-ability|p1a: Corviknight|Pressure
|switch|p2a: 6th water type|Ditto, shiny|83/100
|-transform|p2a: 6th water type|p1a: Corviknight|[from] ability: Imposter
|-ability|p2a: 6th water type|Pressure
|
|-weather|RainDance|[upkeep]
|turn|8
|
|move|p1a: Corviknight|Roost|p1a: Corviknight
|-heal|p1a: Corviknight|63/100
|-singleturn|p1a: Corviknight|move: Roost
|move|p2a: 6th water type|Body Press|p1a: Corviknight
|-supereffective|p1a: Corviknight
|-damage|p1a: Corviknight|29/100
|-damage|p2a: 6th water type|67/100|[from] item: Rocky Helmet|[of] p1a: Corviknight
|
|-weather|RainDance|[upkeep]
|turn|9
|
|move|p2a: 6th water type|Body Press|p1a: Corviknight
|-damage|p1a: Corviknight|12/100
|-damage|p2a: 6th water type|51/100|[from] item: Rocky Helmet|[of] p1a: Corviknight
|move|p1a: Corviknight|Roost|p1a: Corviknight
|-heal|p1a: Corviknight|62/100
|-singleturn|p1a: Corviknight|move: Roost
|
|-weather|RainDance|[upkeep]
|turn|10
|
|move|p2a: 6th water type|U-turn|p1a: Corviknight
|-resisted|p1a: Corviknight
|-damage|p1a: Corviknight|60/100
|-damage|p2a: 6th water type|34/100|[from] item: Rocky Helmet|[of] p1a: Corviknight
|
|switch|p2a: mark 5:9|Basculegion, M, shiny|100/100|[from] U-turn
|move|p1a: Corviknight|Roost|p1a: Corviknight
|-heal|p1a: Corviknight|100/100
|-singleturn|p1a: Corviknight|move: Roost
|
|-weather|RainDance|[upkeep]
|turn|11
|
|-terastallize|p2a: mark 5:9|Water
|move|p2a: mark 5:9|Wave Crash|p1a: Corviknight
|-damage|p1a: Corviknight|0 fnt
|-damage|p2a: mark 5:9|84/100|[from] item: Rocky Helmet|[of] p1a: Corviknight
|faint|p1a: Corviknight
|-damage|p2a: mark 5:9|49/100|[from] Recoil
|
|-weather|RainDance|[upkeep]
|
|switch|p1a: Torkoal|Torkoal, F|100/100
|-weather|SunnyDay|[from] ability: Drought|[of] p1a: Torkoal
|turn|12
|
|switch|p1a: Sandy Shocks|Sandy Shocks|100/100
|-activate|p1a: Sandy Shocks|ability: Protosynthesis
|-start|p1a: Sandy Shocks|protosynthesisspe
|move|p2a: mark 5:9|Wave Crash|p1a: Sandy Shocks
|-supereffective|p1a: Sandy Shocks
|-damage|p1a: Sandy Shocks|0 fnt
|faint|p1a: Sandy Shocks
|-end|p1a: Sandy Shocks|Protosynthesis|[silent]
|-damage|p2a: mark 5:9|21/100|[from] Recoil
|
|-weather|SunnyDay|[upkeep]
|
|switch|p1a: Roaring Moon|Roaring Moon|100/100
|-activate|p1a: Roaring Moon|ability: Protosynthesis
|-start|p1a: Roaring Moon|protosynthesisatk
|turn|13
|
|switch|p2a: kill bill|Pelipper, F, shiny|100/100
|-weather|RainDance|[from] ability: Drizzle|[of] p2a: kill bill
|-end|p1a: Roaring Moon|Protosynthesis
|move|p1a: Roaring Moon|U-turn|p2a: kill bill
|-resisted|p2a: kill bill
|-damage|p2a: kill bill|84/100
|
|-end|p1a: Roaring Moon|Protosynthesis|[silent]
|switch|p1a: Torkoal|Torkoal, F|100/100|[from] U-turn
|-weather|SunnyDay|[from] ability: Drought|[of] p1a: Torkoal
|
|-weather|SunnyDay|[upkeep]
|turn|14
|
|switch|p1a: Roaring Moon|Roaring Moon|100/100
|-activate|p1a: Roaring Moon|ability: Protosynthesis
|-start|p1a: Roaring Moon|protosynthesisatk
|move|p2a: kill bill|U-turn|p1a: Roaring Moon
|-supereffective|p1a: Roaring Moon
|-damage|p1a: Roaring Moon|77/100
|
|switch|p2a: 6th water type|Ditto, shiny|34/100|[from] U-turn
|-transform|p2a: 6th water type|p1a: Roaring Moon|[from] ability: Imposter
|
|-weather|SunnyDay|[upkeep]
|turn|15
|
|move|p2a: 6th water type|U-turn|p1a: Roaring Moon
|-supereffective|p1a: Roaring Moon
|-damage|p1a: Roaring Moon|2/100
|
|-end|p2a: 6th water type|Protosynthesis|[silent]
|switch|p2a: kill bill|Pelipper, F, shiny|84/100|[from] U-turn
|-weather|RainDance|[from] ability: Drizzle|[of] p2a: kill bill
|-end|p1a: Roaring Moon|Protosynthesis
|move|p1a: Roaring Moon|Dragon Claw|p2a: kill bill
|-damage|p2a: kill bill|26/100
|
|-weather|RainDance|[upkeep]
|turn|16
|
|switch|p2a: 6th water type|Ditto, shiny|34/100
|-transform|p2a: 6th water type|p1a: Roaring Moon|[from] ability: Imposter
|move|p1a: Roaring Moon|Dragon Claw|p2a: 6th water type
|-supereffective|p2a: 6th water type
|-damage|p2a: 6th water type|0 fnt
|faint|p2a: 6th water type
|-end|p2a: 6th water type|Protosynthesis|[silent]
|
|-weather|RainDance|[upkeep]
|
|switch|p2a: mark 5:9|Basculegion, M, shiny, tera:Water|21/100
|turn|17
|
|move|p2a: mark 5:9|Wave Crash|p1a: Roaring Moon
|-resisted|p1a: Roaring Moon
|-damage|p1a: Roaring Moon|0 fnt
|faint|p1a: Roaring Moon
|-end|p1a: Roaring Moon|Protosynthesis|[silent]
|-damage|p2a: mark 5:9|21/100|[from] Recoil
|
|-weather|RainDance|[upkeep]
|
|switch|p1a: Torkoal|Torkoal, F|100/100
|-weather|SunnyDay|[from] ability: Drought|[of] p1a: Torkoal
|turn|18
|
|move|p2a: mark 5:9|Wave Crash|p1a: Torkoal
|-supereffective|p1a: Torkoal
|-damage|p1a: Torkoal|27/100
|-damage|p2a: mark 5:9|0 fnt|[from] Recoil
|faint|p2a: mark 5:9
|move|p1a: Torkoal|Stealth Rock|p2: mark 5:9
|-sidestart|p2: p2|move: Stealth Rock
|
|-weather|SunnyDay|[upkeep]
|
|switch|p2a: crasher wake|Floatzel, F, shiny|100/100
|-damage|p2a: crasher wake|88/100|[from] Stealth Rock
|turn|19
|
|switch|p2a: kill bill|Pelipper, F, shiny|26/100
|-damage|p2a: kill bill|1/100|[from] Stealth Rock
|-weather|RainDance|[from] ability: Drizzle|[of] p2a: kill bill
|switch|p1a: Walking Wake|Walking Wake|100/100
|
|-weather|RainDance|[upkeep]
|turn|20
|
|move|p1a: Walking Wake|Draco Meteor|p2a: kill bill
|-damage|p2a: kill bill|0 fnt
|-unboost|p1a: Walking Wake|spa|2
|faint|p2a: kill bill
|
|-weather|RainDance|[upkeep]
|
|switch|p2a: crasher wake|Floatzel, F, shiny|88/100
|-damage|p2a: crasher wake|76/100|[from] Stealth Rock
|turn|21
|
|-end|p1a: Walking Wake|Protosynthesis|[silent]
|switch|p1a: Torkoal|Torkoal, F|27/100
|-weather|SunnyDay|[from] ability: Drought|[of] p1a: Torkoal
|move|p2a: crasher wake|Wave Crash|p1a: Torkoal
|-supereffective|p1a: Torkoal
|-damage|p1a: Torkoal|0 fnt
|faint|p1a: Torkoal
|-damage|p2a: crasher wake|66/100|[from] Recoil
|
|-weather|SunnyDay|[upkeep]
|
|switch|p1a: Lilligant|Lilligant-Hisui, F|100/100
|turn|22
|
|move|p1a: Lilligant|Victory Dance|p1a: Lilligant
|-boost|p1a: Lilligant|atk|1
|-boost|p1a: Lilligant|def|1
|-boost|p1a: Lilligant|spe|1
|move|p2a: crasher wake|Wave Crash|p1a: Lilligant
|-resisted|p1a: Lilligant
|-damage|p1a: Lilligant|77/100
|-damage|p2a: crasher wake|59/100|[from] Recoil
|
|-weather|SunnyDay|[upkeep]
|turn|23
|
|switch|p2a: poseidon blade|Urshifu-Rapid-Strike, F|100/100
|-damage|p2a: poseidon blade|94/100|[from] Stealth Rock
|move|p1a: Lilligant|Solar Blade||[still]
|-prepare|p1a: Lilligant|Solar Blade
|-anim|p1a: Lilligant|Solar Blade|p2a: poseidon blade
|-supereffective|p2a: poseidon blade
|-damage|p2a: poseidon blade|0 fnt
|faint|p2a: poseidon blade
|-damage|p1a: Lilligant|67/100|[from] item: Life Orb
|
|-weather|SunnyDay|[upkeep]
|
|switch|p2a: fjordlord|Samurott-Hisui, F, shiny|100/100
|-damage|p2a: fjordlord|88/100|[from] Stealth Rock
|turn|24
|
|move|p1a: Lilligant|Solar Blade||[still]
|-prepare|p1a: Lilligant|Solar Blade
|-anim|p1a: Lilligant|Solar Blade|p2a: fjordlord
|-supereffective|p2a: fjordlord
|-damage|p2a: fjordlord|0 fnt
|faint|p2a: fjordlord
|-damage|p1a: Lilligant|57/100|[from] item: Life Orb
|
|-weather|SunnyDay|[upkeep]
|
|switch|p2a: crasher wake|Floatzel, F, shiny|59/100
|-damage|p2a: crasher wake|47/100|[from] Stealth Rock
|turn|25
|
|move|p1a: Lilligant|Solar Blade||[still]
|-prepare|p1a: Lilligant|Solar Blade
|-anim|p1a: Lilligant|Solar Blade|p2a: crasher wake
|-supereffective|p2a: crasher wake
|-damage|p2a: crasher wake|0 fnt
|faint|p2a: crasher wake
|-damage|p1a: Lilligant|47/100|[from] item: Life Orb
|
|win|p1
