|poke|p1|Espeon, F|
|poke|p1|Iron Valiant|
|poke|p1|Gyarados, F|
|poke|p1|Meowscarada, F|
|poke|p1|Zapdos|
|poke|p1|Heatran, F|
|poke|p2|Thundurus-Therian, M|
|poke|p2|Zamazenta-*|
|poke|p2|Chien-Pao|
|poke|p2|Sneasler, F|
|poke|p2|Iron Treads|
|poke|p2|Azelf|
|teampreview
|
|start
|switch|p1a: Meowscarada|Meowscarada, F|100/100
|switch|p2a: Zamazenta|Zamazenta|100/100
|-ability|p2a: Zamazenta|Dauntless Shield|boost
|-boost|p2a: Zamazenta|def|1
|turn|1
|
|switch|p1a: Zapdos|Zapdos|100/100
|move|p2a: Zamazenta|Substitute|p2a: Zamazenta
|-start|p2a: Zamazenta|Substitute
|-damage|p2a: Zamazenta|75/100
|
|-heal|p2a: Zamazenta|82/100|[from] item: Leftovers
|turn|2
|
|move|p1a: Zapdos|Volt Switch|p2a: Zamazenta
|-activate|p2a: Zamazenta|move: Substitute|[damage]
|
|switch|p1a: Iron Valiant|Iron Valiant|100/100|[from] Volt Switch
|move|p2a: Zamazenta|Iron Defense|p2a: Zamazenta
|-boost|p2a: Zamazenta|def|2
|
|-heal|p2a: Zamazenta|88/100|[from] item: Leftovers
|turn|3
|
|move|p1a: Iron Valiant|Spirit Break|p2a: Zamazenta
|-supereffective|p2a: Zamazenta
|-end|p2a: Zamazenta|Substitute
|move|p2a: Zamazenta|Heavy Slam|p1a: Iron Valiant
|-supereffective|p1a: Iron Valiant
|-damage|p1a: Iron Valiant|12/100
|
|-heal|p2a: Zamazenta|94/100|[from] item: Leftovers
|turn|4
|
|move|p1a: Iron Valiant|Spirit Break|p2a: Zamazenta
|-supereffective|p2a: Zamazenta
|-damage|p2a: Zamazenta|69/100
|-unboost|p2a: Zamazenta|spa|1
|move|p2a: Zamazenta|Body Press|p1a: Iron Valiant
|-resisted|p1a: Iron Valiant
|-damage|p1a: Iron Valiant|0 fnt
|faint|p1a: Iron Valiant
|-end|p1a: Iron Valiant|Quark Drive|[silent]
|
|-heal|p2a: Zamazenta|75/100|[from] item: Leftovers
|
|switch|p1a: Zapdos|Zapdos|100/100
|turn|5
|
|move|p1a: Zapdos|Hurricane|p2a: Zamazenta
|-supereffective|p2a: Zamazenta
|-crit|p2a: Zamazenta
|-damage|p2a: Zamazenta|0 fnt
|faint|p2a: Zamazenta
|
|
|switch|p2a: Thundurus|Thundurus-Therian, M|100/100
|turn|6
|
|switch|p1a: Heatran|Heatran, F|100/100
|move|p2a: Thundurus|U-turn|p1a: Heatran
|-resisted|p1a: Heatran
|-damage|p1a: Heatran|96/100
|-damage|p2a: Thundurus|91/100|[from] item: Life Orb
|
|switch|p2a: Iron Treads|Iron Treads|100/100|[from] U-turn
|
|turn|7
|
|switch|p1a: Gyarados|Gyarados, F|100/100
|-ability|p1a: Gyarados|Intimidate|boost
|-unboost|p2a: Iron Treads|atk|1
|move|p2a: Iron Treads|Earthquake|p1a: Gyarados
|-immune|p1a: Gyarados
|
|turn|8
|
|switch|p1a: Espeon|Espeon, F|100/100
|move|p2a: Iron Treads|Volt Switch|p1a: Espeon
|-damage|p1a: Espeon|89/100
|
|-end|p2a: Iron Treads|Quark Drive|[silent]
|switch|p2a: Chien-Pao|Chien-Pao|100/100|[from] Volt Switch
|-ability|p2a: Chien-Pao|Sword of Ruin
|
|turn|9
|
|switch|p1a: Gyarados|Gyarados, F|100/100
|-ability|p1a: Gyarados|Intimidate|boost
|-unboost|p2a: Chien-Pao|atk|1
|move|p2a: Chien-Pao|Crunch|p1a: Gyarados
|-damage|p1a: Gyarados|30/100
|
|-heal|p1a: Gyarados|36/100|[from] item: Leftovers
|turn|10
|
|switch|p1a: Meowscarada|Meowscarada, F|100/100
|move|p2a: Chien-Pao|Crunch|p1a: Meowscarada
|-resisted|p1a: Meowscarada
|-damage|p1a: Meowscarada|57/100
|-unboost|p1a: Meowscarada|def|1
|
|turn|11
|
|switch|p1a: Gyarados|Gyarados, F|36/100
|-ability|p1a: Gyarados|Intimidate|boost
|-unboost|p2a: Chien-Pao|atk|1
|move|p2a: Chien-Pao|Crunch|p1a: Gyarados
|-damage|p1a: Gyarados|0 fnt
|faint|p1a: Gyarados
|
|
|switch|p1a: Zapdos|Zapdos|100/100
|turn|12
|
|switch|p2a: Iron Treads|Iron Treads|100/100
|move|p1a: Zapdos|Tailwind|p1a: Zapdos
|-sidestart|p1: ultra kay|move: Tailwind
|
|turn|13
|
|switch|p1a: Heatran|Heatran, F|96/100
|move|p2a: Iron Treads|Knock Off|p1a: Heatran
|-damage|p1a: Heatran|76/100
|-enditem|p1a: Heatran|Assault Vest|[from] move: Knock Off|[of] p2a: Iron Treads
|
|turn|14
|
|move|p1a: Heatran|Lava Plume|p2a: Iron Treads
|-supereffective|p2a: Iron Treads
|-damage|p2a: Iron Treads|53/100
|move|p2a: Iron Treads|Earthquake|p1a: Heatran
|-supereffective|p1a: Heatran
|-damage|p1a: Heatran|0 fnt
|faint|p1a: Heatran
|
|
|switch|p1a: Meowscarada|Meowscarada, F|57/100
|turn|15
|
|-end|p2a: Iron Treads|Quark Drive|[silent]
|switch|p2a: Thundurus|Thundurus-Therian, M|91/100
|move|p1a: Meowscarada|Flower Trick|p2a: Thundurus
|-start|p1a: Meowscarada|typechange|Grass|[from] ability: Protean
|-resisted|p2a: Thundurus
|-crit|p2a: Thundurus
|-damage|p2a: Thundurus|35/100
|
|-sideend|p1: ultra kay|move: Tailwind
|turn|16
|
|move|p1a: Meowscarada|Flower Trick|p2a: Thundurus
|-resisted|p2a: Thundurus
|-crit|p2a: Thundurus
|-damage|p2a: Thundurus|0 fnt
|faint|p2a: Thundurus
|
|
|switch|p2a: Chien-Pao|Chien-Pao|100/100
|-ability|p2a: Chien-Pao|Sword of Ruin
|turn|17
|
|move|p2a: Chien-Pao|Ice Spinner|p1a: Meowscarada
|-supereffective|p1a: Meowscarada
|-damage|p1a: Meowscarada|0 fnt
|faint|p1a: Meowscarada
|
|
|switch|p1a: Espeon|Espeon, F|89/100
|turn|18
|-message|ultra kay forfeited.
|
|win|adachifan9003
