# advantage = p2
|poke|p1|Clodsire, F|
|poke|p1|Iron Valiant|
|poke|p1|Zoroark-Hisui, M|
|poke|p1|Meowscarada, M|
|poke|p1|Iron Moth|
|poke|p1|Corviknight, M|
|poke|p2|Pincurchin, M|
|poke|p2|Slowking-Galar, F|
|poke|p2|Iron Jugulis|
|poke|p2|Iron Treads|
|poke|p2|Mew|
|poke|p2|Electrode-Hisui|
|teampreview
|
|start
|switch|p1a: Meowscarada|Meowscarada, M|100/100
|switch|p2a: Slowking|Slowking-Galar, F, shiny|100/100
|turn|1
|
|move|p1a: Meowscarada|Trick|p2a: Slowking
|-start|p1a: Meowscarada|typechange|Psychic|[from] ability: Protean
|-activate|p1a: Meowscarada|move: Trick|[of] p2a: Slowking
|-item|p2a: Slowking|Choice Band|[from] move: Trick
|-item|p1a: Meowscarada|Heavy-Duty Boots|[from] move: Trick
|move|p2a: Slowking|Chilly Reception|p2a: Slowking
|-weather|Snow
|
|switch|p2a: Pincurchin|Pincurchin, M|100/100|[from] Chilly Reception
|-fieldstart|move: Electric Terrain|[from] ability: Electric Surge|[of] p2a: Pincurchin
|
|-weather|Snow|[upkeep]
|turn|2
|
|move|p1a: Meowscarada|U-turn|p2a: Pincurchin
|-damage|p2a: Pincurchin|83/100
|
|switch|p1a: Clodsire|Clodsire, F|100/100|[from] U-turn
|move|p2a: Pincurchin|Spikes|p1a: Clodsire
|-sidestart|p1: p1|Spikes
|
|-weather|Snow|[upkeep]
|turn|3
|
|switch|p2a: Mew|Mew|100/100
|move|p1a: Clodsire|Toxic|p2a: Mew
|-status|p2a: Mew|tox
|-activate|p2a: Mew|ability: Synchronize
|-immune|p1a: Clodsire
|
|-weather|Snow|[upkeep]
|-damage|p2a: Mew|94/100 tox|[from] psn
|turn|4
|
|switch|p1a: Meowscarada|Meowscarada, M|100/100
|move|p2a: Mew|Imprison|p2a: Mew
|-start|p2a: Mew|move: Imprison
|
|-weather|Snow|[upkeep]
|-heal|p2a: Mew|100/100 tox|[from] item: Leftovers
|-damage|p2a: Mew|88/100 tox|[from] psn
|turn|5
|
|move|p1a: Meowscarada|Knock Off|p2a: Mew
|-start|p1a: Meowscarada|typechange|Dark|[from] ability: Protean
|-supereffective|p2a: Mew
|-damage|p2a: Mew|22/100 tox
|-enditem|p2a: Mew|Leftovers|[from] move: Knock Off|[of] p1a: Meowscarada
|move|p2a: Mew|Stealth Rock|p1a: Meowscarada
|-sidestart|p1: p1|move: Stealth Rock
|
|-weather|none
|-damage|p2a: Mew|4/100 tox|[from] psn
|turn|6
|
|move|p1a: Meowscarada|U-turn|p2a: Mew
|-supereffective|p2a: Mew
|-damage|p2a: Mew|0 fnt
|faint|p2a: Mew
|
|switch|p1a: Corviknight|Corviknight, M|100/100|[from] U-turn
|-damage|p1a: Corviknight|88/100|[from] Stealth Rock
|-ability|p1a: Corviknight|Pressure
|
|
|switch|p2a: Electrode|Electrode-Hisui|100/100
|turn|7
|
|-terastallize|p2a: Electrode|Grass
|move|p2a: Electrode|Chloroblast|p1a: Corviknight
|-resisted|p1a: Corviknight
|-damage|p1a: Corviknight|63/100
|-damage|p2a: Electrode|50/100|[from] chloroblast
|-damage|p2a: Electrode|40/100|[from] item: Life Orb
|move|p1a: Corviknight|Defog|p2a: Electrode
|-unboost|p2a: Electrode|evasion|1
|-sideend|p1: p1|Spikes|[from] move: Defog|[of] p1a: Corviknight
|-sideend|p1: p1|Stealth Rock|[from] move: Defog|[of] p1a: Corviknight
|-fieldend|move: Electric Terrain
|
|turn|8
|-message|p2 forfeited.
|
|win|p1
