|poke|p1|Ursaluna, M|
|poke|p1|Arcanine-Hisui, M|
|poke|p1|Quaquaval, M|
|poke|p1|Zoroark-Hisui, F|
|poke|p1|Goodra-Hisui, M|
|poke|p1|Avalugg-Hisui, M|
|poke|p2|Electrode-Hisui|
|poke|p2|Zangoose, F|
|poke|p2|Tropius, F|
|poke|p2|Seviper, M|
|poke|p2|Enamorus, F|
|poke|p2|Heatran, M|
|teampreview
|
|start
|switch|p1a: Arcanine|Arcanine-Hisui, M|100/100
|switch|p2a: Zangose|Zangoose, F|100/100
|turn|1
|
|move|p1a: Arcanine|Head Smash|p2a: Zangose
|-damage|p2a: Zangose|0 fnt
|faint|p2a: Zangose
|
|
|switch|p2a: rip hellfrog|Heatran, M|100/100
|turn|2
|
|switch|p1a: Quaquaval|Quaquaval, M, shiny|100/100
|move|p2a: rip hellfrog|Earth Power|p1a: Quaquaval
|-damage|p1a: Quaquaval|64/100
|
|turn|3
|
|switch|p2a: Tropus|Tropius, F|100/100
|move|p1a: Quaquaval|Aqua Step|p2a: Tropus
|-resisted|p2a: Tropus
|-damage|p2a: Tropus|84/100
|-boost|p1a: Quaquaval|spe|1
|
|turn|4
|
|move|p1a: Quaquaval|Ice Spinner|p2a: Tropus
|-supereffective|p2a: Tropus
|-damage|p2a: Tropus|2/100
|-enditem|p2a: Tropus|Sitrus Berry|[eat]
|-heal|p2a: Tropus|27/100|[from] item: Sitrus Berry
|move|p2a: Tropus|Leech Seed|p1a: Quaquaval
|-start|p1a: Quaquaval|move: Leech Seed
|
|-damage|p1a: Quaquaval|52/100|[from] Leech Seed|[of] p2a: Tropus
|-heal|p2a: Tropus|36/100|[silent]
|-item|p2a: Tropus|Sitrus Berry|[from] ability: Harvest
|-enditem|p2a: Tropus|Sitrus Berry|[eat]
|-heal|p2a: Tropus|61/100|[from] item: Sitrus Berry
|turn|5
|
|-terastallize|p2a: Tropus|Fire
|move|p1a: Quaquaval|Ice Spinner|p2a: Tropus
|-resisted|p2a: Tropus
|-damage|p2a: Tropus|51/100
|move|p2a: Tropus|Giga Drain|p1a: Quaquaval
|-supereffective|p1a: Quaquaval
|-damage|p1a: Quaquaval|0 fnt
|-heal|p2a: Tropus|72/100|[from] drain|[of] p1a: Quaquaval
|faint|p1a: Quaquaval
|
|
|switch|p1a: Arcanine|Arcanine-Hisui, M|100/100
|turn|6
|
|-terastallize|p1a: Arcanine|Rock
|move|p1a: Arcanine|Head Smash|p2a: Tropus
|-supereffective|p2a: Tropus
|-damage|p2a: Tropus|0 fnt
|faint|p2a: Tropus
|
|
|switch|p2a: the maddening ball|Electrode-Hisui|100/100
|turn|7
|
|switch|p1a: Ursaluna|Ursaluna, M, shiny|100/100
|move|p2a: the maddening ball|Substitute|p2a: the maddening ball
|-start|p2a: the maddening ball|Substitute
|-damage|p2a: the maddening ball|75/100
|
|turn|8
|
|move|p2a: the maddening ball|Leech Seed|p1a: Ursaluna|[miss]
|-miss|p2a: the maddening ball|p1a: Ursaluna
|move|p1a: Ursaluna|Flamethrower|p2a: the maddening ball
|-supereffective|p2a: the maddening ball
|-end|p2a: the maddening ball|Substitute
|
|turn|9
|
|move|p2a: the maddening ball|Discharge|p1a: Ursaluna
|-damage|p1a: Ursaluna|52/100
|-status|p1a: Ursaluna|par
|replace|p1a: Zoroark|Zoroark-Hisui, F, shiny
|-end|p1a: Zoroark|Illusion
|move|p1a: Zoroark|Flamethrower|p2a: the maddening ball
|-supereffective|p2a: the maddening ball
|-damage|p2a: the maddening ball|0 fnt
|faint|p2a: the maddening ball
|
|
|switch|p2a: Sevper|Seviper, M|100/100
|turn|10
|
|switch|p1a: Ursaluna|Ursaluna, M, shiny|100/100
|move|p2a: Sevper|Coil|p2a: Sevper
|-boost|p2a: Sevper|atk|1
|-boost|p2a: Sevper|def|1
|-boost|p2a: Sevper|accuracy|1
|
|-status|p1a: Ursaluna|brn|[from] item: Flame Orb
|turn|11
|
|move|p2a: Sevper|Coil|p2a: Sevper
|-boost|p2a: Sevper|atk|1
|-boost|p2a: Sevper|def|1
|-boost|p2a: Sevper|accuracy|1
|move|p1a: Ursaluna|Headlong Rush|p2a: Sevper
|-supereffective|p2a: Sevper
|-damage|p2a: Sevper|0 fnt
|-unboost|p1a: Ursaluna|def|1
|-unboost|p1a: Ursaluna|spd|1
|faint|p2a: Sevper
|
|-damage|p1a: Ursaluna|94/100 brn|[from] brn
|
|switch|p2a: rip hellfrog|Heatran, M|100/100
|turn|12
|
|move|p2a: rip hellfrog|Lava Plume|p1a: Ursaluna
|-damage|p1a: Ursaluna|46/100 brn
|move|p1a: Ursaluna|Headlong Rush|p2a: rip hellfrog
|-supereffective|p2a: rip hellfrog
|-damage|p2a: rip hellfrog|0 fnt
|-unboost|p1a: Ursaluna|def|1
|-unboost|p1a: Ursaluna|spd|1
|faint|p2a: rip hellfrog
|
|-damage|p1a: Ursaluna|40/100 brn|[from] brn
|
|switch|p2a: enormous chef|Enamorus, F|100/100
|turn|13
|
|move|p2a: enormous chef|Superpower|p1a: Ursaluna
|-supereffective|p1a: Ursaluna
|-damage|p1a: Ursaluna|0 fnt
|-boost|p2a: enormous chef|atk|1
|-boost|p2a: enormous chef|def|1
|faint|p1a: Ursaluna
|
|
|switch|p1a: Arcanine|Arcanine-Hisui, M, tera:Rock|100/100
|turn|14
|
|move|p1a: Arcanine|Head Smash|p2a: enormous chef
|-supereffective|p2a: enormous chef
|-damage|p2a: enormous chef|0 fnt
|faint|p2a: enormous chef
|
|win|p1
