|poke|p1|Dragapult, F|
|poke|p1|Magearna|
|poke|p1|Sneasler, F|
|poke|p1|Ursaluna, M|
|poke|p1|Zamazenta-*|
|poke|p1|Rillaboom, F|
|poke|p2|Tauros-Paldea-Blaze, M|
|poke|p2|Slowking-Galar, F|
|poke|p2|Dragapult, F|
|poke|p2|Samurott-Hisui, M|
|poke|p2|Corviknight, F|
|poke|p2|Landorus-Therian, M|
|teampreview
|
|start
|switch|p1a: Dragapult|Dragapult, F|100/100
|switch|p2a: Corviknight|Corviknight, F|100/100
|-ability|p2a: Corviknight|Pressure
|turn|1
|
|move|p1a: Dragapult|Reflect|p1a: Dragapult
|-sidestart|p1: p1|Reflect
|move|p2a: Corviknight|U-turn|p1a: Dragapult
|-resisted|p1a: Dragapult
|-damage|p1a: Dragapult|96/100
|
|switch|p2a: Samurott|Samurott-Hisui, M, shiny|100/100|[from] U-turn
|
|turn|2
|
|move|p1a: Dragapult|Light Screen|p1a: Dragapult
|-sidestart|p1: p1|move: Light Screen
|move|p2a: Samurott|Ceaseless Edge|p1a: Dragapult
|-supereffective|p1a: Dragapult
|-damage|p1a: Dragapult|42/100
|-sidestart|p1: p1|Spikes
|
|turn|3
|
|move|p1a: Dragapult|U-turn|p2a: Samurott
|-supereffective|p2a: Samurott
|-damage|p2a: Samurott|58/100
|
|switch|p1a: Magearna|Magearna|100/100|[from] U-turn
|-damage|p1a: Magearna|88/100|[from] Spikes
|move|p2a: Samurott|Ceaseless Edge|p1a: Magearna
|-resisted|p1a: Magearna
|-damage|p1a: Magearna|78/100
|-sidestart|p1: p1|Spikes
|
|-heal|p2a: Samurott|64/100|[from] item: Leftovers
|-heal|p1a: Magearna|84/100|[from] item: Leftovers
|turn|4
|
|move|p2a: Samurott|Taunt|p1a: Magearna
|-start|p1a: Magearna|move: Taunt
|cant|p1a: Magearna|move: Taunt|Shift Gear
|
|-heal|p2a: Samurott|70/100|[from] item: Leftovers
|-heal|p1a: Magearna|90/100|[from] item: Leftovers
|turn|5
|
|switch|p2a: Landorus|Landorus-Therian, M|100/100
|-ability|p2a: Landorus|Intimidate|boost
|-unboost|p1a: Magearna|atk|1
|move|p1a: Magearna|Draining Kiss|p2a: Landorus
|-damage|p2a: Landorus|79/100
|-heal|p1a: Magearna|100/100|[from] drain|[of] p2a: Landorus
|
|-heal|p2a: Landorus|85/100|[from] item: Leftovers
|turn|6
|
|-terastallize|p1a: Magearna|Water
|move|p2a: Landorus|Stealth Rock|p1a: Magearna
|-sidestart|p1: p1|move: Stealth Rock
|move|p1a: Magearna|Draining Kiss|p2a: Landorus
|-damage|p2a: Landorus|62/100
|
|-heal|p2a: Landorus|68/100|[from] item: Leftovers
|-end|p1a: Magearna|move: Taunt
|turn|7
|
|move|p2a: Landorus|U-turn|p1a: Magearna
|-damage|p1a: Magearna|90/100
|
|switch|p2a: Slowking|Slowking-Galar, F|100/100|[from] U-turn
|move|p1a: Magearna|Shift Gear|p1a: Magearna
|-boost|p1a: Magearna|spe|2
|-boost|p1a: Magearna|atk|1
|
|-heal|p1a: Magearna|96/100|[from] item: Leftovers
|turn|8
|
|move|p1a: Magearna|Calm Mind|p1a: Magearna
|-boost|p1a: Magearna|spa|1
|-boost|p1a: Magearna|spd|1
|move|p2a: Slowking|Trick|p1a: Magearna
|-activate|p2a: Slowking|move: Trick|[of] p1a: Magearna
|-item|p1a: Magearna|Black Sludge|[from] move: Trick
|-item|p2a: Slowking|Leftovers|[from] move: Trick
|
|-damage|p1a: Magearna|84/100|[from] item: Black Sludge
|-sideend|p1: p1|Reflect
|turn|9
|
|move|p1a: Magearna|Shift Gear|p1a: Magearna
|-boost|p1a: Magearna|spe|2
|-boost|p1a: Magearna|atk|1
|move|p2a: Slowking|Sludge Bomb|p1a: Magearna
|-damage|p1a: Magearna|73/100
|-status|p1a: Magearna|psn
|
|-damage|p1a: Magearna|61/100 psn|[from] item: Black Sludge
|-damage|p1a: Magearna|48/100 psn|[from] psn
|-sideend|p1: p1|move: Light Screen
|turn|10
|
|move|p1a: Magearna|Stored Power|p2a: Slowking
|-damage|p2a: Slowking|45/100
|move|p2a: Slowking|Sludge Bomb|p1a: Magearna
|-damage|p1a: Magearna|27/100 psn
|
|-damage|p1a: Magearna|14/100 psn|[from] item: Black Sludge
|-heal|p2a: Slowking|51/100|[from] item: Leftovers
|-damage|p1a: Magearna|2/100 psn|[from] psn
|turn|11
|
|switch|p2a: Corviknight|Corviknight, F|100/100
|-ability|p2a: Corviknight|Pressure
|move|p1a: Magearna|Stored Power|p2a: Corviknight
|-resisted|p2a: Corviknight
|-damage|p2a: Corviknight|58/100
|
|-damage|p1a: Magearna|0 fnt|[from] item: Black Sludge
|faint|p1a: Magearna
|-heal|p2a: Corviknight|64/100|[from] item: Leftovers
|
|switch|p1a: Dragapult|Dragapult, F|42/100
|-damage|p1a: Dragapult|26/100|[from] Spikes
|-damage|p1a: Dragapult|13/100|[from] Stealth Rock
|turn|12
|
|move|p1a: Dragapult|Light Screen|p1a: Dragapult
|-sidestart|p1: p1|move: Light Screen
|move|p2a: Corviknight|Roost|p2a: Corviknight
|-heal|p2a: Corviknight|100/100
|-singleturn|p2a: Corviknight|move: Roost
|
|turn|13
|
|move|p1a: Dragapult|U-turn|p2a: Corviknight
|-resisted|p2a: Corviknight
|-crit|p2a: Corviknight
|-damage|p2a: Corviknight|97/100
|
|switch|p1a: Rillaboom|Rillaboom, F|100/100|[from] U-turn
|-damage|p1a: Rillaboom|84/100|[from] Spikes
|-damage|p1a: Rillaboom|72/100|[from] Stealth Rock
|-fieldstart|move: Grassy Terrain|[from] ability: Grassy Surge|[of] p1a: Rillaboom
|move|p2a: Corviknight|Roost|p2a: Corviknight
|-heal|p2a: Corviknight|100/100
|-singleturn|p2a: Corviknight|move: Roost
|
|-heal|p1a: Rillaboom|78/100|[from] Grassy Terrain
|turn|14
|
|move|p1a: Rillaboom|U-turn|p2a: Corviknight
|-resisted|p2a: Corviknight
|-damage|p2a: Corviknight|95/100
|
|switch|p1a: Sneasler|Sneasler, F|100/100|[from] U-turn
|-damage|p1a: Sneasler|84/100|[from] Spikes
|-damage|p1a: Sneasler|78/100|[from] Stealth Rock
|-enditem|p1a: Sneasler|Grassy Seed
|-boost|p1a: Sneasler|def|1|[from] item: Grassy Seed
|move|p2a: Corviknight|U-turn|p1a: Sneasler
|-resisted|p1a: Sneasler
|-damage|p1a: Sneasler|74/100
|
|switch|p2a: Tauros|Tauros-Paldea-Blaze, M|100/100|[from] U-turn
|-ability|p2a: Tauros|Intimidate|boost
|-unboost|p1a: Sneasler|atk|1
|
|-heal|p1a: Sneasler|80/100|[from] Grassy Terrain
|turn|15
|
|move|p1a: Sneasler|Dire Claw|p2a: Tauros
|-damage|p2a: Tauros|81/100
|-status|p2a: Tauros|slp
|-enditem|p2a: Tauros|Chesto Berry|[eat]
|-curestatus|p2a: Tauros|slp|[msg]
|move|p2a: Tauros|Will-O-Wisp|p1a: Sneasler
|-status|p1a: Sneasler|brn
|
|-heal|p1a: Sneasler|86/100 brn|[from] Grassy Terrain
|-heal|p2a: Tauros|87/100|[from] Grassy Terrain
|-damage|p1a: Sneasler|80/100 brn|[from] brn
|turn|16
|
|switch|p1a: Ursaluna|Ursaluna, M|100/100
|-damage|p1a: Ursaluna|84/100|[from] Spikes
|-damage|p1a: Ursaluna|78/100|[from] Stealth Rock
|move|p2a: Tauros|Raging Bull|p1a: Ursaluna
|-sideend|p1: p1|move: Light Screen
|-damage|p1a: Ursaluna|52/100
|
|-heal|p2a: Tauros|93/100|[from] Grassy Terrain
|-heal|p1a: Ursaluna|58/100|[from] Grassy Terrain
|-status|p1a: Ursaluna|brn|[from] item: Flame Orb
|turn|17
|
|move|p2a: Tauros|Body Press|p1a: Ursaluna
|-supereffective|p1a: Ursaluna
|-damage|p1a: Ursaluna|1/100 brn
|move|p1a: Ursaluna|Facade|p2a: Tauros
|-damage|p2a: Tauros|14/100
|
|-heal|p2a: Tauros|21/100|[from] Grassy Terrain
|-heal|p1a: Ursaluna|7/100 brn|[from] Grassy Terrain
|-damage|p1a: Ursaluna|1/100 brn|[from] brn
|-fieldend|move: Grassy Terrain
|turn|18
|
|move|p2a: Tauros|Raging Bull|p1a: Ursaluna
|-damage|p1a: Ursaluna|0 fnt
|faint|p1a: Ursaluna
|
|
|switch|p1a: Zamazenta|Zamazenta|100/100
|-damage|p1a: Zamazenta|84/100|[from] Spikes
|-damage|p1a: Zamazenta|78/100|[from] Stealth Rock
|-ability|p1a: Zamazenta|Dauntless Shield|boost
|-boost|p1a: Zamazenta|def|1
|turn|19
|
|move|p1a: Zamazenta|Iron Defense|p1a: Zamazenta
|-boost|p1a: Zamazenta|def|2
|move|p2a: Tauros|Will-O-Wisp|p1a: Zamazenta
|-status|p1a: Zamazenta|brn
|
|-heal|p1a: Zamazenta|84/100 brn|[from] item: Leftovers
|-damage|p1a: Zamazenta|78/100 brn|[from] brn
|turn|20
|
|switch|p2a: Dragapult|Dragapult, F|100/100
|move|p1a: Zamazenta|Iron Defense|p1a: Zamazenta
|-boost|p1a: Zamazenta|def|2
|
|-heal|p1a: Zamazenta|84/100 brn|[from] item: Leftovers
|-damage|p1a: Zamazenta|78/100 brn|[from] brn
|turn|21
|
|-terastallize|p2a: Dragapult|Ghost
|move|p2a: Dragapult|Shadow Ball|p1a: Zamazenta
|-damage|p1a: Zamazenta|9/100 brn
|move|p1a: Zamazenta|Crunch|p2a: Dragapult
|-supereffective|p2a: Dragapult
|-damage|p2a: Dragapult|73/100
|
|-heal|p1a: Zamazenta|16/100 brn|[from] item: Leftovers
|-damage|p1a: Zamazenta|9/100 brn|[from] brn
|turn|22
|-message|p1 forfeited.
|
|win|p2
