|poke|p1|Goodra-Hisui, F|
|poke|p1|Rotom-Wash|
|poke|p1|Meowscarada, F|
|poke|p1|Zamazenta-*|
|poke|p1|Polteageist|
|poke|p1|Dondozo, M|
|poke|p2|Dragapult, F|
|poke|p2|Slowking-Galar, F|
|poke|p2|Rotom-Heat|
|poke|p2|Great Tusk|
|poke|p2|Clodsire, M|
|poke|p2|Amoonguss, M|
|teampreview
|
|start
|switch|p1a: Rotom|Rotom-Wash|100/100
|switch|p2a: Kandy Muse|Great Tusk|100/100
|turn|1
|
|-end|p2a: Kandy Muse|Protosynthesis|[silent]
|switch|p2a: Slowqueen|Slowking-Galar, F|100/100
|move|p1a: Rotom|Hydro Pump|p2a: Slowqueen
|-damage|p2a: Slowqueen|79/100
|
|turn|2
|
|switch|p1a: Goodra|Goodra-Hisui, F|100/100
|move|p2a: Slowqueen|Sludge Bomb|p1a: Goodra
|-immune|p1a: Goodra
|
|turn|3
|
|move|p2a: Slowqueen|Future Sight|p1a: Goodra
|-start|p2a: Slowqueen|move: Future Sight
|move|p1a: Goodra|Dragon Tail|p2a: Slowqueen
|-damage|p2a: Slowqueen|61/100
|drag|p2a: Sushroom|Amoonguss, M|100/100
|
|turn|4
|
|move|p1a: Goodra|Ice Beam|p2a: Sushroom
|-supereffective|p2a: Sushroom
|-damage|p2a: Sushroom|54/100
|-enditem|p2a: Sushroom|Red Card|[of] p1a: Goodra
|drag|p1a: Zamazenta|Zamazenta|100/100
|-ability|p1a: Zamazenta|Dauntless Shield|boost
|-boost|p1a: Zamazenta|def|1
|move|p2a: Sushroom|Body Slam|p1a: Zamazenta
|-damage|p1a: Zamazenta|91/100
|
|-heal|p1a: Zamazenta|97/100|[from] item: Leftovers
|turn|5
|
|switch|p1a: Goodra|Goodra-Hisui, F|100/100
|move|p2a: Sushroom|Spore|p1a: Goodra
|-status|p1a: Goodra|slp|[from] move: Spore
|
|-end|p1a: Goodra|move: Future Sight
|-resisted|p1a: Goodra
|-damage|p1a: Goodra|90/100 slp
|turn|6
|
|switch|p2a: Kandy Muse|Great Tusk|100/100
|cant|p1a: Goodra|slp
|
|turn|7
|
|switch|p1a: Dondozo|Dondozo, M|100/100
|move|p2a: Kandy Muse|Knock Off|p1a: Dondozo
|-damage|p1a: Dondozo|87/100
|-enditem|p1a: Dondozo|Leftovers|[from] move: Knock Off|[of] p2a: Kandy Muse
|
|turn|8
|
|move|p2a: Kandy Muse|Stealth Rock|p1a: Dondozo
|-sidestart|p1: p1|move: Stealth Rock
|move|p1a: Dondozo|Liquidation|p2a: Kandy Muse
|-supereffective|p2a: Kandy Muse
|-damage|p2a: Kandy Muse|70/100
|
|-heal|p2a: Kandy Muse|76/100|[from] item: Leftovers
|turn|9
|
|-end|p2a: Kandy Muse|Protosynthesis|[silent]
|switch|p2a: Eclair|Clodsire, M|100/100
|move|p1a: Dondozo|Curse|p1a: Dondozo
|-unboost|p1a: Dondozo|spe|1
|-boost|p1a: Dondozo|atk|1
|-boost|p1a: Dondozo|def|1
|
|turn|10
|
|move|p2a: Eclair|Toxic|p1a: Dondozo
|-status|p1a: Dondozo|tox
|move|p1a: Dondozo|Curse|p1a: Dondozo
|-unboost|p1a: Dondozo|spe|1
|-boost|p1a: Dondozo|atk|1
|-boost|p1a: Dondozo|def|1
|
|-damage|p1a: Dondozo|81/100 tox|[from] psn
|turn|11
|
|move|p2a: Eclair|Spikes|p1a: Dondozo
|-sidestart|p1: p1|Spikes
|move|p1a: Dondozo|Curse|p1a: Dondozo
|-unboost|p1a: Dondozo|spe|1
|-boost|p1a: Dondozo|atk|1
|-boost|p1a: Dondozo|def|1
|
|-damage|p1a: Dondozo|69/100 tox|[from] psn
|turn|12
|
|switch|p2a: Slowqueen|Slowking-Galar, F|94/100
|move|p1a: Dondozo|Curse|p1a: Dondozo
|-unboost|p1a: Dondozo|spe|1
|-boost|p1a: Dondozo|atk|1
|-boost|p1a: Dondozo|def|1
|
|-damage|p1a: Dondozo|50/100 tox|[from] psn
|turn|13
|
|switch|p2a: Eclair|Clodsire, M|100/100
|move|p1a: Dondozo|Rest|p1a: Dondozo
|-status|p1a: Dondozo|slp|[from] move: Rest
|-heal|p1a: Dondozo|100/100 slp|[silent]
|
|turn|14
|
|switch|p2a: Sushroom|Amoonguss, M|88/100
|cant|p1a: Dondozo|slp
|
|turn|15
|
|move|p2a: Sushroom|Giga Drain|p1a: Dondozo
|-supereffective|p1a: Dondozo
|-damage|p1a: Dondozo|56/100 slp
|-heal|p2a: Sushroom|100/100|[from] drain|[of] p1a: Dondozo
|cant|p1a: Dondozo|slp
|
|turn|16
|
|switch|p1a: Goodra|Goodra-Hisui, F|90/100 slp
|-damage|p1a: Goodra|84/100 slp|[from] Stealth Rock
|-damage|p1a: Goodra|72/100 slp|[from] Spikes
|move|p2a: Sushroom|Giga Drain|p1a: Goodra
|-resisted|p1a: Goodra
|-damage|p1a: Goodra|70/100 slp
|
|turn|17
|
|switch|p2a: Kandy Muse|Great Tusk|76/100
|cant|p1a: Goodra|slp
|
|-heal|p2a: Kandy Muse|83/100|[from] item: Leftovers
|turn|18
|
|switch|p1a: Rotom|Rotom-Wash|100/100
|-damage|p1a: Rotom|88/100|[from] Stealth Rock
|move|p2a: Kandy Muse|Knock Off|p1a: Rotom
|-damage|p1a: Rotom|51/100
|-enditem|p1a: Rotom|Choice Scarf|[from] move: Knock Off|[of] p2a: Kandy Muse
|
|-heal|p2a: Kandy Muse|89/100|[from] item: Leftovers
|turn|19
|
|-end|p2a: Kandy Muse|Protosynthesis|[silent]
|switch|p2a: Slowqueen|Slowking-Galar, F|100/100
|move|p1a: Rotom|Will-O-Wisp|p2a: Slowqueen
|-status|p2a: Slowqueen|brn
|
|-damage|p2a: Slowqueen|94/100 brn|[from] brn
|turn|20
|
|move|p1a: Rotom|Volt Switch|p2a: Slowqueen
|-damage|p2a: Slowqueen|82/100 brn
|
|switch|p1a: Meowscarada|Meowscarada, F|100/100|[from] Volt Switch
|-damage|p1a: Meowscarada|88/100|[from] Stealth Rock
|-damage|p1a: Meowscarada|76/100|[from] Spikes
|move|p2a: Slowqueen|Future Sight|p1a: Meowscarada
|-start|p2a: Slowqueen|move: Future Sight
|
|-damage|p2a: Slowqueen|76/100 brn|[from] brn
|turn|21
|
|switch|p2a: Sushroom|Amoonguss, M|100/100
|move|p1a: Meowscarada|Knock Off|p2a: Sushroom
|-start|p1a: Meowscarada|typechange|Dark|[from] ability: Protean
|-damage|p2a: Sushroom|69/100
|-damage|p1a: Meowscarada|66/100|[from] item: Life Orb
|
|turn|22
|
|move|p1a: Meowscarada|Flower Trick|p2a: Sushroom
|-resisted|p2a: Sushroom
|-crit|p2a: Sushroom
|-damage|p2a: Sushroom|61/100
|-damage|p1a: Meowscarada|56/100|[from] item: Life Orb
|move|p2a: Sushroom|Sludge Bomb|p1a: Meowscarada
|-damage|p1a: Meowscarada|16/100
|
|-end|p1a: Meowscarada|move: Future Sight
|-immune|p1a: Meowscarada
|turn|23
|
|move|p1a: Meowscarada|Sucker Punch|p2a: Sushroom
|-damage|p2a: Sushroom|30/100
|-damage|p1a: Meowscarada|6/100|[from] item: Life Orb
|move|p2a: Sushroom|Giga Drain|p1a: Meowscarada
|-damage|p1a: Meowscarada|0 fnt
|-heal|p2a: Sushroom|32/100|[from] drain|[of] p1a: Meowscarada
|faint|p1a: Meowscarada
|
|
|switch|p1a: Polteageist|Polteageist|100/100
|-damage|p1a: Polteageist|88/100|[from] Stealth Rock
|-damage|p1a: Polteageist|76/100|[from] Spikes
|turn|24
|
|move|p1a: Polteageist|Shell Smash|p1a: Polteageist
|-unboost|p1a: Polteageist|def|1
|-unboost|p1a: Polteageist|spd|1
|-boost|p1a: Polteageist|atk|2
|-boost|p1a: Polteageist|spa|2
|-boost|p1a: Polteageist|spe|2
|move|p2a: Sushroom|Sludge Bomb|p1a: Polteageist
|-resisted|p1a: Polteageist
|-crit|p1a: Polteageist
|-damage|p1a: Polteageist|39/100
|
|turn|25
|
|move|p1a: Polteageist|Shadow Ball|p2a: Sushroom
|-damage|p2a: Sushroom|0 fnt
|faint|p2a: Sushroom
|
|
|switch|p2a: Toothless|Dragapult, F|100/100
|turn|26
|
|move|p2a: Toothless|Sucker Punch|p1a: Polteageist
|-supereffective|p1a: Polteageist
|-damage|p1a: Polteageist|0 fnt
|faint|p1a: Polteageist
|
|
|switch|p1a: Zamazenta|Zamazenta|97/100
|-damage|p1a: Zamazenta|91/100|[from] Stealth Rock
|-damage|p1a: Zamazenta|78/100|[from] Spikes
|turn|27
|
|switch|p2a: Toastiana|Rotom-Heat|100/100
|move|p1a: Zamazenta|Iron Defense|p1a: Zamazenta
|-boost|p1a: Zamazenta|def|2
|
|-heal|p1a: Zamazenta|85/100|[from] item: Leftovers
|turn|28
|
|move|p1a: Zamazenta|Iron Defense|p1a: Zamazenta
|-boost|p1a: Zamazenta|def|2
|move|p2a: Toastiana|Discharge|p1a: Zamazenta
|-damage|p1a: Zamazenta|63/100
|-status|p1a: Zamazenta|par
|
|-heal|p1a: Zamazenta|69/100 par|[from] item: Leftovers
|turn|29
|
|move|p2a: Toastiana|Nasty Plot|p2a: Toastiana
|-boost|p2a: Toastiana|spa|2
|cant|p1a: Zamazenta|par
|
|-heal|p1a: Zamazenta|75/100 par|[from] item: Leftovers
|turn|30
|
|move|p2a: Toastiana|Overheat|p1a: Zamazenta
|-damage|p1a: Zamazenta|1/100 par
|-unboost|p2a: Toastiana|spa|2
|move|p1a: Zamazenta|Body Press|p2a: Toastiana
|-damage|p2a: Toastiana|7/100
|
|-heal|p1a: Zamazenta|7/100 par|[from] item: Leftovers
|turn|31
|
|move|p2a: Toastiana|Volt Switch|p1a: Zamazenta
|-damage|p1a: Zamazenta|0 fnt
|faint|p1a: Zamazenta
|
|switch|p2a: Toothless|Dragapult, F|100/100|[from] Volt Switch
|
|
|switch|p1a: Dondozo|Dondozo, M|56/100 slp
|-damage|p1a: Dondozo|44/100 slp|[from] Stealth Rock
|-damage|p1a: Dondozo|31/100 slp|[from] Spikes
|turn|32
|
|-terastallize|p2a: Toothless|Ghost
|move|p2a: Toothless|Tera Blast|p1a: Dondozo
|-damage|p1a: Dondozo|0 fnt
|faint|p1a: Dondozo
|
|
|switch|p1a: Goodra|Goodra-Hisui, F|70/100 slp
|-damage|p1a: Goodra|64/100 slp|[from] Stealth Rock
|-damage|p1a: Goodra|51/100 slp|[from] Spikes
|turn|33
|
|move|p2a: Toothless|Tera Blast|p1a: Goodra
|-damage|p1a: Goodra|0 fnt
|faint|p1a: Goodra
|
|
|switch|p1a: Rotom|Rotom-Wash|51/100
|-damage|p1a: Rotom|39/100|[from] Stealth Rock
|turn|34
|
|move|p2a: Toothless|Tera Blast|p1a: Rotom
|-damage|p1a: Rotom|0 fnt
|faint|p1a: Rotom
|
|win|p2
