|poke|p1|Samurott-Hisui, M|
|poke|p1|Gholdengo|
|poke|p1|Dragonite, F|
|poke|p1|Great Tusk|
|poke|p1|Volcarona, M|
|poke|p1|Rotom-Wash|
|poke|p2|Ursaluna, M|
|poke|p2|Samurott-Hisui, M|
|poke|p2|Chien-Pao|
|poke|p2|Iron Valiant|
|poke|p2|Magearna|
|poke|p2|Rotom-Wash|
|teampreview
|
|start
|switch|p1a: Samurott|Samurott-Hisui, M|100/100
|switch|p2a: Rotom|Rotom-Wash|100/100
|turn|1
|
|move|p1a: Samurott|Ceaseless Edge|p2a: Rotom|[miss]
|-miss|p1a: Samurott|p2a: Rotom
|move|p2a: Rotom|Thunderbolt|p1a: Samurott
|-supereffective|p1a: Samurott
|-damage|p1a: Samurott|0 fnt
|faint|p1a: Samurott
|
|
|switch|p1a: Gholdengo|Gholdengo|100/100
|turn|2
|
|switch|p1a: Dragonite|Dragonite, F|100/100
|move|p2a: Rotom|Hydro Pump|p1a: Dragonite
|-resisted|p1a: Dragonite
|-damage|p1a: Dragonite|87/100
|
|turn|3
|
|move|p1a: Dragonite|Extreme Speed|p2a: Rotom
|-damage|p2a: Rotom|54/100
|move|p2a: Rotom|Will-O-Wisp|p1a: Dragonite
|-status|p1a: Dragonite|brn
|
|-heal|p2a: Rotom|60/100|[from] item: Leftovers
|-damage|p1a: Dragonite|80/100 brn|[from] brn
|turn|4
|
|switch|p1a: Gholdengo|Gholdengo|100/100
|switch|p2a: Ursaluna|Ursaluna, M|100/100
|
|-status|p2a: Ursaluna|brn|[from] item: Flame Orb
|turn|5
|
|switch|p1a: Dragonite|Dragonite, F|80/100 brn
|move|p2a: Ursaluna|Headlong Rush|p1a: Dragonite
|-immune|p1a: Dragonite
|
|-damage|p1a: Dragonite|74/100 brn|[from] brn
|-damage|p2a: Ursaluna|94/100 brn|[from] brn
|turn|6
|
|move|p1a: Dragonite|Outrage|p2a: Ursaluna
|-damage|p2a: Ursaluna|55/100 brn
|move|p2a: Ursaluna|Facade|p1a: Dragonite
|-damage|p1a: Dragonite|0 fnt
|faint|p1a: Dragonite
|
|-damage|p2a: Ursaluna|49/100 brn|[from] brn
|
|switch|p1a: Great Tusk|Great Tusk|100/100
|turn|7
|
|move|p1a: Great Tusk|Earthquake|p2a: Ursaluna
|-damage|p2a: Ursaluna|17/100 brn
|move|p2a: Ursaluna|Facade|p1a: Great Tusk
|-damage|p1a: Great Tusk|44/100
|
|-heal|p1a: Great Tusk|50/100|[from] item: Leftovers
|-damage|p2a: Ursaluna|11/100 brn|[from] brn
|turn|8
|
|move|p1a: Great Tusk|Knock Off|p2a: Ursaluna
|-damage|p2a: Ursaluna|0 fnt
|-enditem|p2a: Ursaluna|Flame Orb|[from] move: Knock Off|[of] p1a: Great Tusk
|faint|p2a: Ursaluna
|
|-heal|p1a: Great Tusk|56/100|[from] item: Leftovers
|
|switch|p2a: Samurott|Samurott-Hisui, M|100/100
|turn|9
|
|-end|p1a: Great Tusk|Protosynthesis|[silent]
|switch|p1a: Rotom|Rotom-Wash|100/100
|move|p2a: Samurott|Aqua Cutter|p1a: Rotom
|-resisted|p1a: Rotom
|-damage|p1a: Rotom|61/100
|-damage|p2a: Samurott|91/100|[from] item: Life Orb
|
|-heal|p1a: Rotom|67/100|[from] item: Leftovers
|turn|10
|
|-terastallize|p2a: Samurott|Ghost
|move|p1a: Rotom|Thunder Wave|p2a: Samurott
|-status|p2a: Samurott|par
|cant|p2a: Samurott|par
|
|-heal|p1a: Rotom|73/100|[from] item: Leftovers
|turn|11
|
|move|p1a: Rotom|Volt Switch|p2a: Samurott
|-damage|p2a: Samurott|54/100 par
|
|switch|p1a: Volcarona|Volcarona, M|100/100|[from] Volt Switch
|cant|p2a: Samurott|par
|
|turn|12
|
|move|p1a: Volcarona|Quiver Dance|p1a: Volcarona
|-boost|p1a: Volcarona|spa|1
|-boost|p1a: Volcarona|spd|1
|-boost|p1a: Volcarona|spe|1
|cant|p2a: Samurott|par
|
|turn|13
|
|-terastallize|p1a: Volcarona|Grass
|move|p1a: Volcarona|Quiver Dance|p1a: Volcarona
|-boost|p1a: Volcarona|spa|1
|-boost|p1a: Volcarona|spd|1
|-boost|p1a: Volcarona|spe|1
|move|p2a: Samurott|Aqua Cutter|p1a: Volcarona
|-resisted|p1a: Volcarona
|-damage|p1a: Volcarona|61/100
|-damage|p2a: Samurott|44/100 par|[from] item: Life Orb
|
|turn|14
|
|move|p2a: Samurott|Sucker Punch|p1a: Volcarona
|-damage|p1a: Volcarona|11/100
|-damage|p2a: Samurott|34/100 par|[from] item: Life Orb
|move|p1a: Volcarona|Fiery Dance|p2a: Samurott
|-damage|p2a: Samurott|0 fnt
|-boost|p1a: Volcarona|spa|1
|faint|p2a: Samurott
|
|
|switch|p2a: Chien-Pao|Chien-Pao|100/100
|-ability|p2a: Chien-Pao|Sword of Ruin
|turn|15
|
|move|p2a: Chien-Pao|Ice Shard|p1a: Volcarona
|-supereffective|p1a: Volcarona
|-damage|p1a: Volcarona|0 fnt
|faint|p1a: Volcarona
|
|
|switch|p1a: Great Tusk|Great Tusk|56/100
|turn|16
|
|switch|p2a: Rotom|Rotom-Wash|60/100
|move|p1a: Great Tusk|Earthquake|p2a: Rotom
|-immune|p2a: Rotom|[from] ability: Levitate
|
|-heal|p1a: Great Tusk|62/100|[from] item: Leftovers
|-heal|p2a: Rotom|66/100|[from] item: Leftovers
|turn|17
|
|-end|p1a: Great Tusk|Protosynthesis|[silent]
|switch|p1a: Rotom|Rotom-Wash|73/100
|move|p2a: Rotom|Hydro Pump|p1a: Rotom
|-resisted|p1a: Rotom
|-damage|p1a: Rotom|52/100
|
|-heal|p1a: Rotom|58/100|[from] item: Leftovers
|-heal|p2a: Rotom|73/100|[from] item: Leftovers
|turn|18
|
|move|p1a: Rotom|Hydro Pump|p2a: Rotom
|-resisted|p2a: Rotom
|-damage|p2a: Rotom|51/100
|move|p2a: Rotom|Hydro Pump|p1a: Rotom|[miss]
|-miss|p2a: Rotom|p1a: Rotom
|
|-heal|p1a: Rotom|65/100|[from] item: Leftovers
|-heal|p2a: Rotom|57/100|[from] item: Leftovers
|turn|19
|
|move|p1a: Rotom|Volt Switch|p2a: Rotom
|-damage|p2a: Rotom|32/100
|
|switch|p1a: Gholdengo|Gholdengo|100/100|[from] Volt Switch
|move|p2a: Rotom|Hydro Pump|p1a: Gholdengo
|-damage|p1a: Gholdengo|36/100
|
|-heal|p2a: Rotom|38/100|[from] item: Leftovers
|turn|20
|
|move|p1a: Gholdengo|Shadow Ball|p2a: Rotom
|-damage|p2a: Rotom|0 fnt
|faint|p2a: Rotom
|
|
|switch|p2a: Magearna|Magearna|100/100
|turn|21
|
|move|p1a: Gholdengo|Recover|p1a: Gholdengo
|-heal|p1a: Gholdengo|86/100
|move|p2a: Magearna|Shift Gear|p2a: Magearna
|-boost|p2a: Magearna|spe|2
|-boost|p2a: Magearna|atk|1
|
|turn|22
|
|move|p2a: Magearna|Calm Mind|p2a: Magearna
|-boost|p2a: Magearna|spa|1
|-boost|p2a: Magearna|spd|1
|move|p1a: Gholdengo|Shadow Ball|p2a: Magearna
|-damage|p2a: Magearna|79/100
|
|turn|23
|
|move|p2a: Magearna|Calm Mind|p2a: Magearna
|-boost|p2a: Magearna|spa|1
|-boost|p2a: Magearna|spd|1
|move|p1a: Gholdengo|Shadow Ball|p2a: Magearna
|-damage|p2a: Magearna|63/100
|
|turn|24
|-message|p1 forfeited.
|
|win|p2
