# advantage = p1
|poke|p1|Lilligant-Hisui, F|
|poke|p1|Mimikyu, M|
|poke|p1|Inteleon, F|
|poke|p1|Zweilous, M|
|poke|p1|Volcarona, F|
|poke|p1|Braviary-Hisui, M|
|poke|p2|Hoopa-Unbound|
|poke|p2|Kleavor, F|
|poke|p2|Spidops, F|
|poke|p2|Toxapex, F|
|poke|p2|Dugtrio-Alola, F|
|poke|p2|Tyranitar, M|
|teampreview
|
|start
|switch|p1a: Lilligant|Lilligant-Hisui, F|100/100
|switch|p2a: Tyranitar|Tyranitar, M|100/100
|-weather|Sandstorm|[from] ability: Sand Stream|[of] p2a: Tyranitar
|turn|1
|
|move|p1a: Lilligant|Victory Dance|p1a: Lilligant
|-boost|p1a: Lilligant|atk|1
|-boost|p1a: Lilligant|def|1
|-boost|p1a: Lilligant|spe|1
|move|p2a: Tyranitar|Thunder Wave|p1a: Lilligant
|-status|p1a: Lilligant|par
|
|-weather|Sandstorm|[upkeep]
|-damage|p1a: Lilligant|94/100 par|[from] Sandstorm
|turn|2
|
|move|p1a: Lilligant|Close Combat|p2a: Tyranitar
|-supereffective|p2a: Tyranitar
|-damage|p2a: Tyranitar|0 fnt
|-unboost|p1a: Lilligant|def|1
|-unboost|p1a: Lilligant|spd|1
|faint|p2a: Tyranitar
|
|-weather|Sandstorm|[upkeep]
|-damage|p1a: Lilligant|88/100 par|[from] Sandstorm
|
|switch|p2a: Dugtrio|Dugtrio-Alola, F|100/100
|turn|3
|
|move|p2a: Dugtrio|Swords Dance|p2a: Dugtrio
|-boost|p2a: Dugtrio|atk|2
|move|p1a: Lilligant|Close Combat|p2a: Dugtrio
|-supereffective|p2a: Dugtrio
|-damage|p2a: Dugtrio|0 fnt
|-unboost|p1a: Lilligant|def|1
|-unboost|p1a: Lilligant|spd|1
|faint|p2a: Dugtrio
|
|-weather|Sandstorm|[upkeep]
|-damage|p1a: Lilligant|82/100 par|[from] Sandstorm
|
|switch|p2a: Spidops|Spidops, F|100/100
|turn|4
|
|move|p1a: Lilligant|Victory Dance|p1a: Lilligant
|-boost|p1a: Lilligant|atk|1
|-boost|p1a: Lilligant|def|1
|-boost|p1a: Lilligant|spe|1
|move|p2a: Spidops|Sticky Web|p1a: Lilligant
|-sidestart|p1: p1|move: Sticky Web
|
|-weather|Sandstorm|[upkeep]
|-damage|p1a: Lilligant|76/100 par|[from] Sandstorm
|-damage|p2a: Spidops|94/100|[from] Sandstorm
|turn|5
|
|move|p1a: Lilligant|Close Combat|p2a: Spidops
|-resisted|p2a: Spidops
|-damage|p2a: Spidops|32/100
|-unboost|p1a: Lilligant|def|1
|-unboost|p1a: Lilligant|spd|1
|move|p2a: Spidops|Memento|p1a: Lilligant
|-unboost|p1a: Lilligant|atk|2
|-unboost|p1a: Lilligant|spa|2
|faint|p2a: Spidops
|
|-weather|none
|
|switch|p2a: Toxapex|Toxapex, F|100/100
|turn|6
|
|move|p1a: Lilligant|Victory Dance|p1a: Lilligant
|-boost|p1a: Lilligant|atk|1
|-boost|p1a: Lilligant|def|1
|-boost|p1a: Lilligant|spe|1
|move|p2a: Toxapex|Chilling Water|p1a: Lilligant
|-resisted|p1a: Lilligant
|-damage|p1a: Lilligant|56/100 par
|-unboost|p1a: Lilligant|atk|1
|
|turn|7
|-message|p2 forfeited.
|
|win|p1
