|poke|p1|Landorus-Therian, M|
|poke|p1|Grimmsnarl, M|
|poke|p1|Arcanine-Hisui, F|
|poke|p1|Walking Wake|
|poke|p1|Kingambit, F|
|poke|p1|Zoroark-Hisui, M|
|poke|p2|Glastrier|
|poke|p2|Magearna|
|poke|p2|Cresselia, F|
|poke|p2|Ursaluna, F|
|poke|p2|Kingambit, F|
|poke|p2|Slowking-Galar, M|
|teampreview
|
|start
|switch|p1a: Arcanine|Arcanine-Hisui, F|100/100
|switch|p2a: Magearna|Magearna|100/100
|turn|1
|
|switch|p2a: Cresselia|Cresselia, F|100/100
|move|p1a: Arcanine|Flare Blitz|p2a: Cresselia
|-damage|p2a: Cresselia|63/100
|
|turn|2
|
|move|p1a: Arcanine|Head Smash|p2a: Cresselia
|-damage|p2a: Cresselia|13/100
|move|p2a: Cresselia|Trick Room|p2a: Cresselia
|-fieldstart|move: Trick Room|[of] p2a: Cresselia
|
|turn|3
|
|move|p1a: Arcanine|Extreme Speed|p2a: Cresselia
|-damage|p2a: Cresselia|0 fnt
|faint|p2a: Cresselia
|
|
|switch|p2a: Ursaluna|Ursaluna, F|100/100
|turn|4
|
|switch|p1a: Landorus|Landorus-Therian, M|100/100
|-ability|p1a: Landorus|Intimidate|boost
|-unboost|p2a: Ursaluna|atk|1
|move|p2a: Ursaluna|Swords Dance|p2a: Ursaluna
|-boost|p2a: Ursaluna|atk|2
|
|-status|p2a: Ursaluna|brn|[from] item: Flame Orb
|turn|5
|
|switch|p1a: Landorus|Landorus-Therian, M|100/100
|move|p2a: Ursaluna|Facade|p1a: Landorus
|-immune|p1a: Landorus
|
|-damage|p2a: Ursaluna|94/100 brn|[from] brn
|turn|6
|
|move|p2a: Ursaluna|Fire Punch|p1a: Landorus
|-enditem|p1a: Landorus|Focus Sash
|-damage|p1a: Landorus|1/100
|replace|p1a: Zoroark|Zoroark-Hisui, M
|-end|p1a: Zoroark|Illusion
|move|p1a: Zoroark|Will-O-Wisp|p2a: Ursaluna
|-fail|p2a: Ursaluna|brn
|
|-damage|p2a: Ursaluna|88/100 brn|[from] brn
|-fieldend|move: Trick Room
|turn|7
|
|switch|p2a: Magearna|Magearna|100/100
|move|p1a: Zoroark|Grass Knot|p2a: Magearna
|-resisted|p2a: Magearna
|-damage|p2a: Magearna|90/100
|
|turn|8
|
|move|p1a: Zoroark|Flamethrower|p2a: Magearna
|-supereffective|p2a: Magearna
|-damage|p2a: Magearna|41/100
|move|p2a: Magearna|Trick Room|p2a: Magearna
|-fieldstart|move: Trick Room|[of] p2a: Magearna
|
|turn|9
|
|move|p2a: Magearna|Thunderbolt|p1a: Zoroark
|-damage|p1a: Zoroark|0 fnt
|faint|p1a: Zoroark
|-ability|p2a: Magearna|Soul-Heart|boost
|-boost|p2a: Magearna|spa|1
|
|
|switch|p1a: Grimmsnarl|Grimmsnarl, M|100/100
|turn|10
|
|move|p1a: Grimmsnarl|Light Screen|p1a: Grimmsnarl
|-sidestart|p1: p1|move: Light Screen
|move|p2a: Magearna|Fleur Cannon|p1a: Grimmsnarl
|-supereffective|p1a: Grimmsnarl
|-damage|p1a: Grimmsnarl|10/100
|-unboost|p2a: Magearna|spa|2
|-enditem|p2a: Magearna|Eject Pack
|
|switch|p2a: Glastrier|Glastrier|100/100
|
|turn|11
|
|move|p1a: Grimmsnarl|Reflect|p1a: Grimmsnarl
|-sidestart|p1: p1|Reflect
|move|p2a: Glastrier|Stomping Tantrum|p1a: Grimmsnarl
|-damage|p1a: Grimmsnarl|0 fnt
|faint|p1a: Grimmsnarl
|-ability|p2a: Glastrier|Chilling Neigh|boost
|-boost|p2a: Glastrier|atk|1
|
|
|switch|p1a: Kingambit|Kingambit, F|100/100
|-activate|p1a: Kingambit|ability: Supreme Overlord
|-start|p1a: Kingambit|fallen2|[silent]
|-item|p1a: Kingambit|Air Balloon
|turn|12
|
|-terastallize|p2a: Glastrier|Electric
|move|p2a: Glastrier|Swords Dance|p2a: Glastrier
|-boost|p2a: Glastrier|atk|2
|move|p1a: Kingambit|Low Kick|p2a: Glastrier
|-damage|p2a: Glastrier|63/100
|
|-fieldend|move: Trick Room
|turn|13
|
|move|p1a: Kingambit|Kowtow Cleave|p2a: Glastrier
|-damage|p2a: Glastrier|23/100
|move|p2a: Glastrier|Tera Blast|p1a: Kingambit
|-damage|p1a: Kingambit|48/100
|-enditem|p1a: Kingambit|Air Balloon
|
|turn|14
|
|switch|p2a: Slowking|Slowking-Galar, M|100/100
|move|p1a: Kingambit|Kowtow Cleave|p2a: Slowking
|-supereffective|p2a: Slowking
|-damage|p2a: Slowking|14/100
|
|turn|15
|
|move|p1a: Kingambit|Kowtow Cleave|p2a: Slowking
|-supereffective|p2a: Slowking
|-damage|p2a: Slowking|0 fnt
|faint|p2a: Slowking
|
|
|switch|p2a: Magearna|Magearna|41/100
|turn|16
|
|move|p1a: Kingambit|Kowtow Cleave|p2a: Magearna
|-resisted|p2a: Magearna
|-damage|p2a: Magearna|17/100
|move|p2a: Magearna|Trick Room|p2a: Magearna
|-fieldstart|move: Trick Room|[of] p2a: Magearna
|
|turn|17
|
|move|p1a: Kingambit|Sucker Punch|p2a: Magearna
|-resisted|p2a: Magearna
|-damage|p2a: Magearna|0 fnt
|faint|p2a: Magearna
|
|-sideend|p1: p1|move: Light Screen
|
|switch|p2a: Ursaluna|Ursaluna, F|88/100 brn
|turn|18
|
|-terastallize|p1a: Kingambit|Flying
|move|p2a: Ursaluna|Swords Dance|p2a: Ursaluna
|-boost|p2a: Ursaluna|atk|2
|move|p1a: Kingambit|Low Kick|p2a: Ursaluna
|-supereffective|p2a: Ursaluna
|-damage|p2a: Ursaluna|9/100 brn
|
|-damage|p2a: Ursaluna|2/100 brn|[from] brn
|-sideend|p1: p1|Reflect
|turn|19
|
|move|p1a: Kingambit|Sucker Punch|p2a: Ursaluna
|-damage|p2a: Ursaluna|0 fnt
|faint|p2a: Ursaluna
|
|
|switch|p2a: Kingambit|Kingambit, F|100/100
|-activate|p2a: Kingambit|ability: Supreme Overlord
|-start|p2a: Kingambit|fallen4|[silent]
|turn|20
|
|move|p2a: Kingambit|Swords Dance|p2a: Kingambit
|-boost|p2a: Kingambit|atk|2
|move|p1a: Kingambit|Low Kick|p2a: Kingambit
|-supereffective|p2a: Kingambit
|-damage|p2a: Kingambit|0 fnt
|faint|p2a: Kingambit
|-end|p2a: Kingambit|fallen4|[silent]
|
|-fieldend|move: Trick Room
|-message|p2 forfeited.
|
|win|p1
