# advantage = p1
|poke|p1|Kleavor, M|
|poke|p1|Wyrdeer, M|
|poke|p1|Corviknight, F|
|poke|p1|Muk-Alola, F|
|poke|p1|Garchomp, M|
|poke|p1|Dondozo, M|
|poke|p2|Dragapult, F|
|poke|p2|Zamazenta-*|
|poke|p2|Chien-Pao|
|poke|p2|Breloom, M|
|poke|p2|Arcanine-Hisui, M|
|poke|p2|Roaring Moon|
|teampreview
|
|start
|switch|p1a: Kleavor|Kleavor, M|100/100
|switch|p2a: Drachne|Dragapult, F|100/100
|turn|1
|
|move|p1a: Kleavor|Stone Axe|p2a: Drachne|[miss]
|-miss|p1a: Kleavor|p2a: Drachne
|move|p2a: Drachne|Light Screen|p2a: Drachne
|-sidestart|p2: p2|move: Light Screen
|
|turn|2
|
|move|p1a: Kleavor|Stone Axe|p2a: Drachne
|-crit|p2a: Drachne
|-damage|p2a: Drachne|14/100
|-sidestart|p2: p2|move: Stealth Rock
|move|p2a: Drachne|Reflect|p2a: Drachne
|-sidestart|p2: p2|Reflect
|
|turn|3
|
|move|p1a: Kleavor|Stone Axe|p2a: Drachne
|-damage|p2a: Drachne|0 fnt
|-start|p1a: Kleavor|Disable|Stone Axe|[from] ability: Cursed Body|[of] p2a: Drachne
|faint|p2a: Drachne
|
|
|switch|p2a: Monsder|Zamazenta|100/100
|-damage|p2a: Monsder|94/100|[from] Stealth Rock
|-ability|p2a: Monsder|Dauntless Shield|boost
|-boost|p2a: Monsder|def|1
|turn|4
|
|switch|p1a: Dondozo|Dondozo, M|100/100
|move|p2a: Monsder|Iron Defense|p2a: Monsder
|-boost|p2a: Monsder|def|2
|
|-heal|p2a: Monsder|100/100|[from] item: Leftovers
|turn|5
|
|move|p2a: Monsder|Body Press|p1a: Dondozo
|-damage|p1a: Dondozo|74/100
|move|p1a: Dondozo|Curse|p1a: Dondozo
|-unboost|p1a: Dondozo|spe|1
|-boost|p1a: Dondozo|atk|1
|-boost|p1a: Dondozo|def|1
|
|-heal|p1a: Dondozo|80/100|[from] item: Leftovers
|turn|6
|
|move|p2a: Monsder|Body Press|p1a: Dondozo
|-damage|p1a: Dondozo|61/100
|move|p1a: Dondozo|Curse|p1a: Dondozo
|-unboost|p1a: Dondozo|spe|1
|-boost|p1a: Dondozo|atk|1
|-boost|p1a: Dondozo|def|1
|
|-heal|p1a: Dondozo|68/100|[from] item: Leftovers
|turn|7
|
|switch|p2a: Drippy Dawg|Breloom, M|100/100
|-damage|p2a: Drippy Dawg|94/100|[from] Stealth Rock
|move|p1a: Dondozo|Rest|p1a: Dondozo
|-status|p1a: Dondozo|slp|[from] move: Rest
|-heal|p1a: Dondozo|100/100 slp|[silent]
|
|turn|8
|
|switch|p1a: Corviknight|Corviknight, F|100/100
|-ability|p1a: Corviknight|Pressure
|move|p2a: Drippy Dawg|Bullet Seed|p1a: Corviknight
|-resisted|p1a: Corviknight
|-damage|p1a: Corviknight|97/100
|-resisted|p1a: Corviknight
|-damage|p1a: Corviknight|93/100
|-resisted|p1a: Corviknight
|-damage|p1a: Corviknight|89/100
|-resisted|p1a: Corviknight
|-damage|p1a: Corviknight|85/100
|-hitcount|p1a: Corviknight|4
|
|-sideend|p2: p2|move: Light Screen
|turn|9
|
|switch|p2a: Arcanine|Arcanine-Hisui, M|100/100
|-damage|p2a: Arcanine|76/100|[from] Stealth Rock
|move|p1a: Corviknight|U-turn|p2a: Arcanine
|-resisted|p2a: Arcanine
|-damage|p2a: Arcanine|71/100
|
|switch|p1a: Dondozo|Dondozo, M|100/100 slp|[from] U-turn
|
|-sideend|p2: p2|Reflect
|turn|10
|
|switch|p2a: Drippy Dawg|Breloom, M|94/100
|-damage|p2a: Drippy Dawg|88/100|[from] Stealth Rock
|cant|p1a: Dondozo|slp
|move|p1a: Dondozo|Sleep Talk|p1a: Dondozo
|move|p1a: Dondozo|Curse|p1a: Dondozo|[from]move: Sleep Talk
|-unboost|p1a: Dondozo|spe|1
|-boost|p1a: Dondozo|atk|1
|-boost|p1a: Dondozo|def|1
|
|turn|11
|
|move|p2a: Drippy Dawg|Bullet Seed|p1a: Dondozo
|-supereffective|p1a: Dondozo
|-damage|p1a: Dondozo|82/100 slp
|-supereffective|p1a: Dondozo
|-damage|p1a: Dondozo|64/100 slp
|-supereffective|p1a: Dondozo
|-damage|p1a: Dondozo|46/100 slp
|-supereffective|p1a: Dondozo
|-damage|p1a: Dondozo|29/100 slp
|-hitcount|p1a: Dondozo|4
|cant|p1a: Dondozo|slp
|move|p1a: Dondozo|Sleep Talk|p1a: Dondozo
|move|p1a: Dondozo|Rest||[from]move: Sleep Talk|[still]
|-fail|p1a: Dondozo
|
|-heal|p1a: Dondozo|35/100 slp|[from] item: Leftovers
|turn|12
|
|switch|p1a: Corviknight|Corviknight, F|85/100
|-ability|p1a: Corviknight|Pressure
|-terastallize|p2a: Drippy Dawg|Fire
|move|p2a: Drippy Dawg|Tera Blast|p1a: Corviknight
|-supereffective|p1a: Corviknight
|-damage|p1a: Corviknight|10/100
|
|turn|13
|
|switch|p1a: Garchomp|Garchomp, M|100/100
|move|p2a: Drippy Dawg|Bullet Seed|p1a: Garchomp
|-damage|p1a: Garchomp|82/100
|-damage|p1a: Garchomp|61/100
|-damage|p1a: Garchomp|41/100
|-damage|p1a: Garchomp|21/100
|-hitcount|p1a: Garchomp|4
|
|turn|14
|
|move|p1a: Garchomp|Earthquake|p2a: Drippy Dawg
|-supereffective|p2a: Drippy Dawg
|-damage|p2a: Drippy Dawg|0 fnt
|faint|p2a: Drippy Dawg
|
|
|switch|p2a: Roaring Moon|Roaring Moon, shiny|100/100
|-damage|p2a: Roaring Moon|88/100|[from] Stealth Rock
|-enditem|p2a: Roaring Moon|Booster Energy
|-activate|p2a: Roaring Moon|ability: Protosynthesis|[fromitem]
|-start|p2a: Roaring Moon|protosynthesisatk
|turn|15
|
|move|p2a: Roaring Moon|Acrobatics|p1a: Garchomp
|-damage|p1a: Garchomp|0 fnt
|-damage|p2a: Roaring Moon|76/100|[from] ability: Rough Skin|[of] p1a: Garchomp
|-damage|p2a: Roaring Moon|59/100|[from] item: Rocky Helmet|[of] p1a: Garchomp
|faint|p1a: Garchomp
|
|
|switch|p1a: Corviknight|Corviknight, F|10/100
|-ability|p1a: Corviknight|Pressure
|turn|16
|
|move|p2a: Roaring Moon|Crunch|p1a: Corviknight
|-damage|p1a: Corviknight|0 fnt
|-damage|p2a: Roaring Moon|43/100|[from] item: Rocky Helmet|[of] p1a: Corviknight
|faint|p1a: Corviknight
|
|
|switch|p1a: Kleavor|Kleavor, M|100/100
|turn|17
|
|move|p1a: Kleavor|U-turn|p2a: Roaring Moon
|-supereffective|p2a: Roaring Moon
|-damage|p2a: Roaring Moon|0 fnt
|faint|p2a: Roaring Moon
|-end|p2a: Roaring Moon|Protosynthesis|[silent]
|
|switch|p1a: Dondozo|Dondozo, M|35/100 slp|[from] U-turn
|
|-heal|p1a: Dondozo|42/100 slp|[from] item: Leftovers
|
|switch|p2a: Arcanine|Arcanine-Hisui, M|71/100
|-damage|p2a: Arcanine|46/100|[from] Stealth Rock
|turn|18
|
|move|p2a: Arcanine|Head Smash|p1a: Dondozo|[miss]
|-miss|p2a: Arcanine|p1a: Dondozo
|-curestatus|p1a: Dondozo|slp|[msg]
|move|p1a: Dondozo|Rest|p1a: Dondozo
|-status|p1a: Dondozo|slp|[from] move: Rest
|-heal|p1a: Dondozo|100/100 slp|[silent]
|
|turn|19
|
|move|p2a: Arcanine|Head Smash|p1a: Dondozo
|-damage|p1a: Dondozo|26/100 slp
|cant|p1a: Dondozo|slp
|move|p1a: Dondozo|Sleep Talk|p1a: Dondozo
|move|p1a: Dondozo|Wave Crash|p2a: Arcanine|[from]move: Sleep Talk
|-supereffective|p2a: Arcanine
|-damage|p2a: Arcanine|0 fnt
|faint|p2a: Arcanine
|-damage|p1a: Dondozo|15/100 slp|[from] Recoil
|
|-heal|p1a: Dondozo|21/100 slp|[from] item: Leftovers
|
|switch|p2a: Bing-Chilling|Chien-Pao|100/100
|-damage|p2a: Bing-Chilling|76/100|[from] Stealth Rock
|-ability|p2a: Bing-Chilling|Sword of Ruin
|turn|20
|
|move|p2a: Bing-Chilling|Sucker Punch||[still]
|-fail|p2a: Bing-Chilling
|cant|p1a: Dondozo|slp
|move|p1a: Dondozo|Sleep Talk|p1a: Dondozo
|move|p1a: Dondozo|Wave Crash|p2a: Bing-Chilling|[from]move: Sleep Talk
|-damage|p2a: Bing-Chilling|2/100
|-damage|p1a: Dondozo|5/100 slp|[from] Recoil
|
|-heal|p2a: Bing-Chilling|8/100|[from] item: Leftovers
|-heal|p1a: Dondozo|11/100 slp|[from] item: Leftovers
|turn|21
|
|move|p2a: Bing-Chilling|Crunch|p1a: Dondozo
|-damage|p1a: Dondozo|0 fnt
|faint|p1a: Dondozo
|
|-heal|p2a: Bing-Chilling|14/100|[from] item: Leftovers
|
|switch|p1a: Muk|Muk-Alola, F|100/100
|turn|22
|
|move|p2a: Bing-Chilling|Icicle Crash|p1a: Muk
|-damage|p1a: Muk|51/100
|move|p1a: Muk|Knock Off|p2a: Bing-Chilling
|-resisted|p2a: Bing-Chilling
|-damage|p2a: Bing-Chilling|0 fnt
|-enditem|p2a: Bing-Chilling|Leftovers|[from] move: Knock Off|[of] p1a: Muk
|faint|p2a: Bing-Chilling
|
|
|switch|p2a: Monsder|Zamazenta|100/100
|-damage|p2a: Monsder|94/100|[from] Stealth Rock
|turn|23
|
|move|p2a: Monsder|Iron Defense|p2a: Monsder
|-boost|p2a: Monsder|def|2
|move|p1a: Muk|Taunt|p2a: Monsder
|-start|p2a: Monsder|move: Taunt
|
|-heal|p2a: Monsder|100/100|[from] item: Leftovers
|turn|24
|
|move|p2a: Monsder|Body Press|p1a: Muk
|-damage|p1a: Muk|0 fnt
|faint|p1a: Muk
|
|
|switch|p1a: Kleavor|Kleavor, M|100/100
|turn|25
|
|move|p1a: Kleavor|Close Combat|p2a: Monsder
|-damage|p2a: Monsder|84/100
|-unboost|p1a: Kleavor|def|1
|-unboost|p1a: Kleavor|spd|1
|move|p2a: Monsder|Body Press|p1a: Kleavor
|-damage|p1a: Kleavor|0 fnt
|faint|p1a: Kleavor
|
|-heal|p2a: Monsder|90/100|[from] item: Leftovers
|
|switch|p1a: Wyrdeer|Wyrdeer, M|100/100
|-ability|p1a: Wyrdeer|Intimidate|boost
|-unboost|p2a: Monsder|atk|1
|turn|26
|
|move|p2a: Monsder|Body Press|p1a: Wyrdeer
|-damage|p1a: Wyrdeer|20/100
|move|p1a: Wyrdeer|Psyshield Bash|p2a: Monsder
|-supereffective|p2a: Monsder
|-damage|p2a: Monsder|65/100
|-boost|p1a: Wyrdeer|def|1
|
|-heal|p2a: Monsder|71/100|[from] item: Leftovers
|-end|p2a: Monsder|move: Taunt
|turn|27
|
|move|p2a: Monsder|Body Press|p1a: Wyrdeer
|-damage|p1a: Wyrdeer|0 fnt
|faint|p1a: Wyrdeer
|
|win|p2
