|poke|p1|Gholdengo|
|poke|p1|Enamorus-Therian, F|
|poke|p1|Amoonguss, F|
|poke|p1|Cinderace, F|
|poke|p1|Decidueye-Hisui, F|
|poke|p1|Sneasler, M|
|poke|p2|Ceruledge, F|
|poke|p2|Torkoal, M|
|poke|p2|Great Tusk|
|poke|p2|Roaring Moon|
|poke|p2|Garganacl, M|
|poke|p2|Scream Tail|
|teampreview
|
|start
|switch|p1a: Decidueye|Decidueye-Hisui, F|100/100
|switch|p2a: Torkoal|Torkoal, M|100/100
|-weather|SunnyDay|[from] ability: Drought|[of] p2a: Torkoal
|turn|1
|player|p2|
|
|move|p1a: Decidueye|U-turn|p2a: Torkoal
|-resisted|p2a: Torkoal
|-damage|p2a: Torkoal|94/100
|player|p2|Aizenbontay|morty
|
|switch|p1a: Enamorus|Enamorus-Therian, F|100/100|[from] U-turn
|move|p2a: Torkoal|Yawn|p1a: Enamorus
|-start|p1a: Enamorus|move: Yawn|[of] p2a: Torkoal
|
|-weather|SunnyDay|[upkeep]
|turn|2
|
|-terastallize|p1a: Enamorus|Ground
|move|p1a: Enamorus|Tera Blast|p2a: Torkoal
|-supereffective|p2a: Torkoal
|-damage|p2a: Torkoal|0 fnt
|faint|p2a: Torkoal
|
|-weather|SunnyDay|[upkeep]
|-end|p1a: Enamorus|move: Yawn|[silent]
|-status|p1a: Enamorus|slp
|
|switch|p2a: Roaring Moon|Roaring Moon|100/100
|-activate|p2a: Roaring Moon|ability: Protosynthesis
|-start|p2a: Roaring Moon|protosynthesisatk
|turn|3
|
|move|p2a: Roaring Moon|Dragon Dance|p2a: Roaring Moon
|-boost|p2a: Roaring Moon|atk|1
|-boost|p2a: Roaring Moon|spe|1
|cant|p1a: Enamorus|slp
|
|-weather|SunnyDay|[upkeep]
|turn|4
|
|move|p2a: Roaring Moon|Dragon Dance|p2a: Roaring Moon
|-boost|p2a: Roaring Moon|atk|1
|-boost|p2a: Roaring Moon|spe|1
|cant|p1a: Enamorus|slp
|
|-weather|SunnyDay|[upkeep]
|turn|5
|
|move|p2a: Roaring Moon|Dragon Claw|p1a: Enamorus
|-damage|p1a: Enamorus|15/100 slp
|-curestatus|p1a: Enamorus|slp|[msg]
|move|p1a: Enamorus|Springtide Storm|p2a: Roaring Moon|[miss]
|-miss|p1a: Enamorus|p2a: Roaring Moon
|
|-weather|SunnyDay|[upkeep]
|turn|6
|
|move|p2a: Roaring Moon|Crunch|p1a: Enamorus
|-crit|p1a: Enamorus
|-damage|p1a: Enamorus|0 fnt
|faint|p1a: Enamorus
|
|-weather|SunnyDay|[upkeep]
|
|switch|p1a: Amoonguss|Amoonguss, F|100/100
|turn|7
|
|move|p2a: Roaring Moon|Crunch|p1a: Amoonguss
|-damage|p1a: Amoonguss|0 fnt
|faint|p1a: Amoonguss
|
|-weather|SunnyDay|[upkeep]
|-message|ShwiftyDal forfeited.
|
|win|Aizenbontay
