|poke|p1|Pelipper, F|
|poke|p1|Floatzel, M|
|poke|p1|Azumarill, F|
|poke|p1|Golduck, F|
|poke|p1|Pawmot, M|
|poke|p1|Toedscruel, M|
|poke|p2|Urshifu-*, F|
|poke|p2|Magearna|
|poke|p2|Slowking-Galar, M|
|poke|p2|Corviknight, M|
|poke|p2|Great Tusk|
|poke|p2|Dragapult, M|
|teampreview
|
|start
|switch|p1a: Ghoti carrier|Pelipper, F|100/100
|switch|p2a: CPS|Dragapult, M|100/100
|-weather|RainDance|[from] ability: Drizzle|[of] p1a: Ghoti carrier
|turn|1
|
|move|p2a: CPS|Draco Meteor|p1a: Ghoti carrier
|-damage|p1a: Ghoti carrier|26/100
|-unboost|p2a: CPS|spa|2
|move|p1a: Ghoti carrier|U-turn|p2a: CPS
|-resisted|p2a: CPS
|-damage|p2a: CPS|94/100
|
|switch|p1a: The Goat|Azumarill, F|100/100|[from] U-turn
|
|-weather|RainDance|[upkeep]
|turn|2
|
|switch|p2a: Po|Urshifu-Rapid-Strike, F|100/100
|move|p1a: The Goat|Belly Drum|p1a: The Goat
|-damage|p1a: The Goat|50/100
|-setboost|p1a: The Goat|atk|6|[from] move: Belly Drum
|-enditem|p1a: The Goat|Sitrus Berry|[eat]
|-heal|p1a: The Goat|75/100|[from] item: Sitrus Berry
|
|-weather|RainDance|[upkeep]
|turn|3
|
|-terastallize|p1a: The Goat|Water
|move|p1a: The Goat|Aqua Jet|p2a: Po
|-resisted|p2a: Po
|-damage|p2a: Po|2/100
|move|p2a: Po|Surging Strikes|p1a: The Goat
|-resisted|p1a: The Goat
|-crit|p1a: The Goat
|-damage|p1a: The Goat|54/100
|-resisted|p1a: The Goat
|-crit|p1a: The Goat
|-damage|p1a: The Goat|31/100
|-resisted|p1a: The Goat
|-crit|p1a: The Goat
|-damage|p1a: The Goat|9/100
|-hitcount|p1a: The Goat|3
|
|-weather|RainDance|[upkeep]
|turn|4
|
|switch|p2a: CORVID-19|Corviknight, M|100/100
|-ability|p2a: CORVID-19|Pressure
|move|p1a: The Goat|Aqua Jet|p2a: CORVID-19
|-damage|p2a: CORVID-19|0 fnt
|-damage|p1a: The Goat|0 fnt|[from] item: Rocky Helmet|[of] p2a: CORVID-19
|faint|p2a: CORVID-19
|faint|p1a: The Goat
|
|-weather|RainDance|[upkeep]
|
|switch|p2a: CPS|Dragapult, M|94/100
|switch|p1a: Seaking Duck|Golduck, F|100/100
|turn|5
|
|switch|p2a: A bit slow...|Slowking-Galar, M|100/100
|move|p1a: Seaking Duck|Ice Beam|p2a: A bit slow...
|-damage|p2a: A bit slow...|85/100
|-damage|p1a: Seaking Duck|91/100|[from] item: Life Orb
|
|-weather|RainDance|[upkeep]
|turn|6
|
|switch|p1a: Spaghetti Memory|Toedscruel, M|100/100
|move|p2a: A bit slow...|Sludge Bomb|p1a: Spaghetti Memory
|-damage|p1a: Spaghetti Memory|79/100
|
|-weather|RainDance|[upkeep]
|turn|7
|
|switch|p2a: Po|Urshifu-Rapid-Strike, F|2/100
|move|p1a: Spaghetti Memory|Spikes|p2a: Po
|-sidestart|p2: p2|Spikes
|
|-weather|RainDance|[upkeep]
|turn|8
|
|move|p2a: Po|Surging Strikes|p1a: Spaghetti Memory
|-crit|p1a: Spaghetti Memory
|-damage|p1a: Spaghetti Memory|18/100
|-damage|p2a: Po|0 fnt|[from] item: Rocky Helmet|[of] p1a: Spaghetti Memory
|faint|p2a: Po
|-hitcount|p1a: Spaghetti Memory|1
|move|p1a: Spaghetti Memory|Spikes|p2: Po
|-sidestart|p2: p2|Spikes
|
|-weather|none
|
|switch|p2a: Lando WHO?|Great Tusk|100/100
|-damage|p2a: Lando WHO?|84/100|[from] Spikes
|turn|9
|
|move|p2a: Lando WHO?|Rapid Spin|p1a: Spaghetti Memory
|-damage|p1a: Spaghetti Memory|0 fnt
|-boost|p2a: Lando WHO?|spe|1
|-damage|p2a: Lando WHO?|67/100|[from] item: Rocky Helmet|[of] p1a: Spaghetti Memory
|-sideend|p2: p2|Spikes|[from] move: Rapid Spin|[of] p2a: Lando WHO?
|faint|p1a: Spaghetti Memory
|
|-heal|p2a: Lando WHO?|74/100|[from] item: Leftovers
|
|switch|p1a: Ghoti carrier|Pelipper, F|26/100
|-weather|RainDance|[from] ability: Drizzle|[of] p1a: Ghoti carrier
|turn|10
|
|move|p2a: Lando WHO?|Knock Off|p1a: Ghoti carrier
|-damage|p1a: Ghoti carrier|0 fnt
|-enditem|p1a: Ghoti carrier|Damp Rock|[from] move: Knock Off|[of] p2a: Lando WHO?
|faint|p1a: Ghoti carrier
|
|-weather|RainDance|[upkeep]
|-heal|p2a: Lando WHO?|80/100|[from] item: Leftovers
|
|switch|p1a: Seaking Duck|Golduck, F|91/100
|turn|11
|
|-end|p2a: Lando WHO?|Protosynthesis|[silent]
|switch|p2a: A bit slow...|Slowking-Galar, M|100/100
|move|p1a: Seaking Duck|Grass Knot|p2a: A bit slow...
|-resisted|p2a: A bit slow...
|-damage|p2a: A bit slow...|93/100
|-damage|p1a: Seaking Duck|81/100|[from] item: Life Orb
|
|-weather|RainDance|[upkeep]
|turn|12
|
|move|p1a: Seaking Duck|Nasty Plot|p1a: Seaking Duck
|-boost|p1a: Seaking Duck|spa|2
|move|p2a: A bit slow...|Sludge Bomb|p1a: Seaking Duck
|-crit|p1a: Seaking Duck
|-damage|p1a: Seaking Duck|10/100
|
|-weather|RainDance|[upkeep]
|turn|13
|
|switch|p2a: Ban Hammer|Magearna|100/100
|move|p1a: Seaking Duck|Surf|p2a: Ban Hammer
|-damage|p2a: Ban Hammer|0 fnt
|faint|p2a: Ban Hammer
|-damage|p1a: Seaking Duck|0 fnt|[from] item: Life Orb
|faint|p1a: Seaking Duck
|
|-weather|RainDance|[upkeep]
|
|switch|p1a: BandedSkewda|Floatzel, M|100/100
|switch|p2a: Lando WHO?|Great Tusk|80/100
|turn|14
|
|-terastallize|p2a: Lando WHO?|Water
|move|p1a: BandedSkewda|Wave Crash|p2a: Lando WHO?
|-resisted|p2a: Lando WHO?
|-damage|p2a: Lando WHO?|46/100
|-damage|p1a: BandedSkewda|86/100|[from] Recoil
|move|p2a: Lando WHO?|Earthquake|p1a: BandedSkewda
|-damage|p1a: BandedSkewda|13/100
|
|-weather|RainDance|[upkeep]
|-heal|p2a: Lando WHO?|52/100|[from] item: Leftovers
|turn|15
|
|move|p1a: BandedSkewda|Wave Crash|p2a: Lando WHO?
|-resisted|p2a: Lando WHO?
|-crit|p2a: Lando WHO?
|-damage|p2a: Lando WHO?|0 fnt
|faint|p2a: Lando WHO?
|-end|p2a: Lando WHO?|Protosynthesis|[silent]
|-damage|p1a: BandedSkewda|0 fnt|[from] Recoil
|faint|p1a: BandedSkewda
|
|-weather|RainDance|[upkeep]
|
|switch|p1a: Really want eject|Pawmot, M|100/100
|switch|p2a: CPS|Dragapult, M|94/100
|turn|16
|
|move|p2a: CPS|Shadow Ball|p1a: Really want eject
|-damage|p1a: Really want eject|18/100
|move|p1a: Really want eject|Nuzzle|p2a: CPS
|-resisted|p2a: CPS
|-damage|p2a: CPS|89/100
|-status|p2a: CPS|par
|
|-weather|RainDance|[upkeep]
|turn|17
|
|move|p1a: Really want eject|Revival Blessing|p1a: Really want eject
|-enditem|p1a: Really want eject|Leppa Berry|[eat]
|-activate|p1a: Really want eject|item: Leppa Berry|Revival Blessing|[consumed]
|
|-heal|p1: BandedSkewda|50/100|[from] move: Revival Blessing
|move|p2a: CPS|Shadow Ball|p1a: Really want eject
|-damage|p1a: Really want eject|0 fnt
|faint|p1a: Really want eject
|
|-weather|none
|
|switch|p1a: BandedSkewda|Floatzel, M|50/100
|turn|18
|
|move|p1a: BandedSkewda|Wave Crash|p2a: CPS
|-resisted|p2a: CPS
|-damage|p2a: CPS|33/100 par
|-damage|p1a: BandedSkewda|33/100|[from] Recoil
|move|p2a: CPS|Shadow Ball|p1a: BandedSkewda
|-damage|p1a: BandedSkewda|0 fnt
|faint|p1a: BandedSkewda
|
|win|p2
