|poke|p1|Slowking-Galar, F|
|poke|p1|Corviknight, F|
|poke|p1|Urshifu-*, M|
|poke|p1|Zamazenta-*|
|poke|p1|Ting-Lu|
|poke|p1|Cresselia, F|
|poke|p2|Dragapult, M|
|poke|p2|Garchomp, M|
|poke|p2|Baxcalibur, M|
|poke|p2|Dragonite, M|
|poke|p2|Roaring Moon|
|poke|p2|Goodra-Hisui, F|
|teampreview
|
|start
|switch|p1a: Slowking|Slowking-Galar, F|100/100
|switch|p2a: Garchomp|Garchomp, M, shiny|100/100
|turn|1
|
|move|p2a: Garchomp|Stealth Rock|p1a: Slowking
|-sidestart|p1: Unwallable|move: Stealth Rock
|move|p1a: Slowking|Chilly Reception|p1a: Slowking
|-weather|Snow
|
|switch|p1a: Zamazenta|Zamazenta-Crowned|100/100|[from] Chilly Reception
|-damage|p1a: Zamazenta|97/100|[from] Stealth Rock
|-ability|p1a: Zamazenta|Dauntless Shield|boost
|-boost|p1a: Zamazenta|def|1
|
|-weather|Snow|[upkeep]
|turn|2
|
|move|p1a: Zamazenta|Iron Defense|p1a: Zamazenta
|-boost|p1a: Zamazenta|def|2
|move|p2a: Garchomp|Dragon Tail|p1a: Zamazenta
|-resisted|p1a: Zamazenta
|-damage|p1a: Zamazenta|94/100
|drag|p1a: Urshifu|Urshifu-Rapid-Strike, M|100/100
|-damage|p1a: Urshifu|94/100|[from] Stealth Rock
|
|-weather|Snow|[upkeep]
|turn|3
|
|move|p2a: Garchomp|Earthquake|p1a: Urshifu
|-damage|p1a: Urshifu|48/100
|move|p1a: Urshifu|Surging Strikes|p2a: Garchomp
|-crit|p2a: Garchomp
|-damage|p2a: Garchomp|77/100
|-damage|p1a: Urshifu|36/100|[from] ability: Rough Skin|[of] p2a: Garchomp
|-damage|p1a: Urshifu|20/100|[from] item: Rocky Helmet|[of] p2a: Garchomp
|-crit|p2a: Garchomp
|-damage|p2a: Garchomp|50/100
|-damage|p1a: Urshifu|7/100|[from] ability: Rough Skin|[of] p2a: Garchomp
|-damage|p1a: Urshifu|0 fnt|[from] item: Rocky Helmet|[of] p2a: Garchomp
|faint|p1a: Urshifu
|-hitcount|p2a: Garchomp|2
|
|-weather|Snow|[upkeep]
|
|switch|p1a: Ting-Lu|Ting-Lu|100/100
|-damage|p1a: Ting-Lu|94/100|[from] Stealth Rock
|-ability|p1a: Ting-Lu|Vessel of Ruin
|turn|4
|
|move|p1a: Ting-Lu|Stealth Rock|p2a: Garchomp
|-sidestart|p2: Pablator20|move: Stealth Rock
|move|p2a: Garchomp|Dragon Tail|p1a: Ting-Lu
|-damage|p1a: Ting-Lu|79/100
|drag|p1a: Corviknight|Corviknight, F|100/100
|-damage|p1a: Corviknight|88/100|[from] Stealth Rock
|-ability|p1a: Corviknight|Pressure
|
|-weather|Snow|[upkeep]
|turn|5
|
|move|p2a: Garchomp|Fire Blast|p1a: Corviknight
|-supereffective|p1a: Corviknight
|-damage|p1a: Corviknight|48/100
|move|p1a: Corviknight|Defog|p2a: Garchomp
|-unboost|p2a: Garchomp|evasion|1
|-sideend|p2: Pablator20|Stealth Rock|[from] move: Defog|[of] p1a: Corviknight
|-sideend|p1: Unwallable|Stealth Rock|[from] move: Defog|[of] p1a: Corviknight
|
|-weather|none
|turn|6
|
|move|p2a: Garchomp|Fire Blast|p1a: Corviknight
|-supereffective|p1a: Corviknight
|-damage|p1a: Corviknight|8/100
|move|p1a: Corviknight|Roost|p1a: Corviknight
|-heal|p1a: Corviknight|58/100
|-singleturn|p1a: Corviknight|move: Roost
|
|turn|7
|
|move|p2a: Garchomp|Fire Blast|p1a: Corviknight
|-supereffective|p1a: Corviknight
|-damage|p1a: Corviknight|20/100
|move|p1a: Corviknight|Roost|p1a: Corviknight
|-heal|p1a: Corviknight|70/100
|-singleturn|p1a: Corviknight|move: Roost
|
|turn|8
|
|move|p2a: Garchomp|Fire Blast|p1a: Corviknight
|-supereffective|p1a: Corviknight
|-damage|p1a: Corviknight|28/100
|move|p1a: Corviknight|Roost|p1a: Corviknight
|-heal|p1a: Corviknight|78/100
|-singleturn|p1a: Corviknight|move: Roost
|
|turn|9
|
|move|p2a: Garchomp|Stealth Rock|p1a: Corviknight
|-sidestart|p1: Unwallable|move: Stealth Rock
|move|p1a: Corviknight|Brave Bird|p2a: Garchomp
|-damage|p2a: Garchomp|19/100
|-damage|p1a: Corviknight|65/100|[from] ability: Rough Skin|[of] p2a: Garchomp
|-damage|p1a: Corviknight|49/100|[from] item: Rocky Helmet|[of] p2a: Garchomp
|-damage|p1a: Corviknight|38/100|[from] Recoil
|
|turn|10
|
|move|p1a: Corviknight|Roost|p1a: Corviknight
|-heal|p1a: Corviknight|88/100
|-singleturn|p1a: Corviknight|move: Roost
|move|p2a: Garchomp|Dragon Tail|p1a: Corviknight
|-resisted|p1a: Corviknight
|-damage|p1a: Corviknight|80/100
|-damage|p2a: Garchomp|3/100|[from] item: Rocky Helmet|[of] p1a: Corviknight
|drag|p1a: Cresselia|Cresselia, F, shiny|100/100
|-damage|p1a: Cresselia|88/100|[from] Stealth Rock
|
|turn|11
|
|move|p1a: Cresselia|Moonblast|p2a: Garchomp
|-supereffective|p2a: Garchomp
|-damage|p2a: Garchomp|0 fnt
|faint|p2a: Garchomp
|
|
|switch|p2a: Baxcalibur|Baxcalibur, M|100/100
|turn|12
|
|move|p2a: Baxcalibur|Glaive Rush|p1a: Cresselia
|-damage|p1a: Cresselia|13/100
|-singlemove|p2a: Baxcalibur|Glaive Rush|[silent]
|move|p1a: Cresselia|Calm Mind|p1a: Cresselia
|-boost|p1a: Cresselia|spa|1
|-boost|p1a: Cresselia|spd|1
|
|turn|13
|
|move|p2a: Baxcalibur|Glaive Rush|p1a: Cresselia
|-damage|p1a: Cresselia|0 fnt
|-singlemove|p2a: Baxcalibur|Glaive Rush|[silent]
|faint|p1a: Cresselia
|
|
|switch|p1a: Zamazenta|Zamazenta-Crowned|94/100
|-damage|p1a: Zamazenta|91/100|[from] Stealth Rock
|turn|14
|
|switch|p2a: Goodra|Goodra-Hisui, F, shiny|100/100
|move|p1a: Zamazenta|Iron Defense|p1a: Zamazenta
|-boost|p1a: Zamazenta|def|2
|
|turn|15
|
|move|p1a: Zamazenta|Body Press|p2a: Goodra
|-supereffective|p2a: Goodra
|-damage|p2a: Goodra|0 fnt
|faint|p2a: Goodra
|
|
|switch|p2a: Dragapult|Dragapult, M, shiny|100/100
|turn|16
|
|move|p2a: Dragapult|Fire Blast|p1a: Zamazenta
|-supereffective|p1a: Zamazenta
|-damage|p1a: Zamazenta|37/100
|-damage|p2a: Dragapult|91/100|[from] item: Life Orb
|move|p1a: Zamazenta|Crunch|p2a: Dragapult
|-supereffective|p2a: Dragapult
|-damage|p2a: Dragapult|35/100
|-start|p1a: Zamazenta|Disable|Crunch|[from] ability: Cursed Body|[of] p2a: Dragapult
|
|turn|17
|
|switch|p1a: Slowking|Slowking-Galar, F|100/100
|move|p2a: Dragapult|Fire Blast|p1a: Slowking
|-damage|p1a: Slowking|75/100
|-damage|p2a: Dragapult|25/100|[from] item: Life Orb
|
|turn|18
|
|move|p2a: Dragapult|Shadow Ball|p1a: Slowking
|-supereffective|p1a: Slowking
|-damage|p1a: Slowking|25/100
|-damage|p2a: Dragapult|16/100|[from] item: Life Orb
|move|p1a: Slowking|Chilly Reception|p1a: Slowking
|-weather|Snow
|
|switch|p1a: Ting-Lu|Ting-Lu|79/100|[from] Chilly Reception
|-damage|p1a: Ting-Lu|73/100|[from] Stealth Rock
|-ability|p1a: Ting-Lu|Vessel of Ruin
|
|-weather|Snow|[upkeep]
|-heal|p1a: Ting-Lu|79/100|[from] item: Leftovers
|turn|19
|
|switch|p2a: Baxcalibur|Baxcalibur, M|100/100
|move|p1a: Ting-Lu|Stealth Rock|p2a: Baxcalibur
|-sidestart|p2: Pablator20|move: Stealth Rock
|
|-weather|Snow|[upkeep]
|-heal|p1a: Ting-Lu|86/100|[from] item: Leftovers
|turn|20
|
|move|p2a: Baxcalibur|Icicle Crash|p1a: Ting-Lu
|-supereffective|p1a: Ting-Lu
|-damage|p1a: Ting-Lu|12/100
|move|p1a: Ting-Lu|Whirlwind|p2a: Baxcalibur
|drag|p2a: Dragapult|Dragapult, M, shiny|16/100
|-damage|p2a: Dragapult|3/100|[from] Stealth Rock
|
|-weather|Snow|[upkeep]
|-heal|p1a: Ting-Lu|18/100|[from] item: Leftovers
|turn|21
|
|move|p2a: Dragapult|Draco Meteor|p1a: Ting-Lu
|-damage|p1a: Ting-Lu|0 fnt
|-unboost|p2a: Dragapult|spa|2
|faint|p1a: Ting-Lu
|-damage|p2a: Dragapult|0 fnt|[from] item: Life Orb
|faint|p2a: Dragapult
|
|-weather|Snow|[upkeep]
|
|switch|p2a: Roaring Moon|Roaring Moon|100/100
|switch|p1a: Zamazenta|Zamazenta-Crowned|37/100
|-damage|p1a: Zamazenta|34/100|[from] Stealth Rock
|-damage|p2a: Roaring Moon|88/100|[from] Stealth Rock
|-enditem|p2a: Roaring Moon|Booster Energy
|-activate|p2a: Roaring Moon|ability: Protosynthesis|[fromitem]
|-start|p2a: Roaring Moon|protosynthesisspe
|turn|22
|
|-terastallize|p1a: Zamazenta|Flying
|move|p2a: Roaring Moon|Earthquake|p1a: Zamazenta
|-immune|p1a: Zamazenta
|move|p1a: Zamazenta|Iron Defense|p1a: Zamazenta
|-boost|p1a: Zamazenta|def|2
|
|-weather|none
|turn|23
|
|move|p2a: Roaring Moon|Crunch|p1a: Zamazenta
|-damage|p1a: Zamazenta|21/100
|move|p1a: Zamazenta|Rest|p1a: Zamazenta
|-status|p1a: Zamazenta|slp|[from] move: Rest
|-heal|p1a: Zamazenta|100/100 slp|[silent]
|
|turn|24
|
|move|p2a: Roaring Moon|Dragon Dance|p2a: Roaring Moon
|-boost|p2a: Roaring Moon|atk|1
|-boost|p2a: Roaring Moon|spe|1
|cant|p1a: Zamazenta|slp
|
|turn|25
|
|move|p2a: Roaring Moon|Dragon Dance|p2a: Roaring Moon
|-boost|p2a: Roaring Moon|atk|1
|-boost|p2a: Roaring Moon|spe|1
|cant|p1a: Zamazenta|slp
|
|turn|26
|
|-terastallize|p2a: Roaring Moon|Flying
|move|p2a: Roaring Moon|Crunch|p1a: Zamazenta
|-damage|p1a: Zamazenta|73/100 slp
|-curestatus|p1a: Zamazenta|slp|[msg]
|move|p1a: Zamazenta|Iron Defense|p1a: Zamazenta
|-boost|p1a: Zamazenta|def|2
|
|turn|27
|
|move|p2a: Roaring Moon|Acrobatics|p1a: Zamazenta
|-damage|p1a: Zamazenta|47/100
|move|p1a: Zamazenta|Iron Defense|p1a: Zamazenta
|-boost|p1a: Zamazenta|def|2
|
|turn|28
|
|move|p2a: Roaring Moon|Acrobatics|p1a: Zamazenta
|-damage|p1a: Zamazenta|27/100
|move|p1a: Zamazenta|Body Press|p2a: Roaring Moon
|-resisted|p2a: Roaring Moon
|-damage|p2a: Roaring Moon|0 fnt
|faint|p2a: Roaring Moon
|-end|p2a: Roaring Moon|Protosynthesis|[silent]
|
|
|switch|p2a: Baxcalibur|Baxcalibur, M|100/100
|-damage|p2a: Baxcalibur|76/100|[from] Stealth Rock
|turn|29
|
|move|p2a: Baxcalibur|Ice Shard|p1a: Zamazenta
|-supereffective|p1a: Zamazenta
|-damage|p1a: Zamazenta|15/100
|move|p1a: Zamazenta|Body Press|p2a: Baxcalibur
|-supereffective|p2a: Baxcalibur
|-damage|p2a: Baxcalibur|0 fnt
|faint|p2a: Baxcalibur
|
|
|switch|p2a: Dragonite|Dragonite, M|100/100
|turn|30
|
|move|p1a: Zamazenta|Rest|p1a: Zamazenta
|-status|p1a: Zamazenta|slp|[from] move: Rest
|-heal|p1a: Zamazenta|100/100 slp|[silent]
|move|p2a: Dragonite|Ice Spinner|p1a: Zamazenta
|-supereffective|p1a: Zamazenta
|-damage|p1a: Zamazenta|89/100 slp
|
|turn|31
|
|cant|p1a: Zamazenta|slp
|move|p2a: Dragonite|Dragon Dance|p2a: Dragonite
|-boost|p2a: Dragonite|atk|1
|-boost|p2a: Dragonite|spe|1
|
|turn|32
|
|cant|p1a: Zamazenta|slp
|move|p2a: Dragonite|Dragon Dance|p2a: Dragonite
|-boost|p2a: Dragonite|atk|1
|-boost|p2a: Dragonite|spe|1
|
|turn|33
|
|move|p2a: Dragonite|Ice Spinner|p1a: Zamazenta
|-supereffective|p1a: Zamazenta
|-damage|p1a: Zamazenta|69/100 slp
|-curestatus|p1a: Zamazenta|slp|[msg]
|move|p1a: Zamazenta|Body Press|p2a: Dragonite
|-resisted|p2a: Dragonite
|-damage|p2a: Dragonite|63/100
|
|turn|34
|
|move|p2a: Dragonite|Ice Spinner|p1a: Zamazenta
|-supereffective|p1a: Zamazenta
|-damage|p1a: Zamazenta|46/100
|move|p1a: Zamazenta|Body Press|p2a: Dragonite
|-resisted|p2a: Dragonite
|-damage|p2a: Dragonite|0 fnt
|faint|p2a: Dragonite
|
|win|Unwallable
