|poke|p1|Baxcalibur, F|
|poke|p1|Hatterene, F|
|poke|p1|Gengar, M|
|poke|p1|Kingambit, M|
|poke|p1|Great Tusk|
|poke|p1|Ceruledge, M|
|poke|p2|Iron Hands|
|poke|p2|Walking Wake|
|poke|p2|Iron Moth|
|poke|p2|Iron Treads|
|poke|p2|Dragonite, F|
|poke|p2|Kingambit, F|
|teampreview
|
|start
|switch|p1a: Gengar|Gengar, M, shiny|100/100
|switch|p2a: Iron Treads|Iron Treads|100/100
|-enditem|p2a: Iron Treads|Booster Energy
|-activate|p2a: Iron Treads|ability: Quark Drive|[fromitem]
|-start|p2a: Iron Treads|quarkdrivespe
|turn|1
|
|move|p2a: Iron Treads|Knock Off|p1a: Gengar
|-supereffective|p1a: Gengar
|-damage|p1a: Gengar|2/100
|-enditem|p1a: Gengar|Focus Sash|[from] move: Knock Off|[of] p2a: Iron Treads
|move|p1a: Gengar|Focus Blast|p2a: Iron Treads|[miss]
|-miss|p1a: Gengar|p2a: Iron Treads
|
|turn|2
|
|switch|p1a: Great Tusk|Great Tusk|100/100
|move|p2a: Iron Treads|Stealth Rock|p1a: Great Tusk
|-sidestart|p1: wrockstah|move: Stealth Rock
|
|turn|3
|
|move|p2a: Iron Treads|Knock Off|p1a: Great Tusk
|-resisted|p1a: Great Tusk
|-damage|p1a: Great Tusk|94/100
|-damage|p2a: Iron Treads|84/100|[from] item: Rocky Helmet|[of] p1a: Great Tusk
|-enditem|p1a: Great Tusk|Rocky Helmet|[from] move: Knock Off|[of] p2a: Iron Treads
|move|p1a: Great Tusk|Rapid Spin|p2a: Iron Treads
|-resisted|p2a: Iron Treads
|-crit|p2a: Iron Treads
|-damage|p2a: Iron Treads|75/100
|-boost|p1a: Great Tusk|spe|1
|-sideend|p1: wrockstah|Stealth Rock|[from] move: Rapid Spin|[of] p1a: Great Tusk
|
|turn|4
|
|move|p2a: Iron Treads|Steel Beam|p1a: Great Tusk
|-damage|p1a: Great Tusk|28/100
|-damage|p2a: Iron Treads|25/100|[from] steelbeam
|move|p1a: Great Tusk|Earthquake|p2a: Iron Treads
|-supereffective|p2a: Iron Treads
|-damage|p2a: Iron Treads|0 fnt
|faint|p2a: Iron Treads
|-end|p2a: Iron Treads|Quark Drive|[silent]
|
|
|switch|p2a: Dragonite|Dragonite, F|100/100
|turn|5
|
|-end|p1a: Great Tusk|Protosynthesis|[silent]
|switch|p1a: Hatterene|Hatterene, F|100/100
|move|p2a: Dragonite|Dragon Dance|p2a: Dragonite
|-boost|p2a: Dragonite|atk|1
|-boost|p2a: Dragonite|spe|1
|
|turn|6
|
|switch|p2a: Iron Hands|Iron Hands|100/100
|-enditem|p2a: Iron Hands|Booster Energy
|-activate|p2a: Iron Hands|ability: Quark Drive|[fromitem]
|-start|p2a: Iron Hands|quarkdriveatk
|move|p1a: Hatterene|Nuzzle|p2a: Iron Hands
|-resisted|p2a: Iron Hands
|-damage|p2a: Iron Hands|99/100
|
|turn|7
|
|-end|p2a: Iron Hands|Quark Drive|[silent]
|switch|p2a: Iron Moth|Iron Moth|100/100
|-enditem|p2a: Iron Moth|Booster Energy
|-activate|p2a: Iron Moth|ability: Quark Drive|[fromitem]
|-start|p2a: Iron Moth|quarkdrivespa
|switch|p1a: Great Tusk|Great Tusk|28/100
|
|turn|8
|
|-end|p1a: Great Tusk|Protosynthesis|[silent]
|switch|p1a: Gengar|Gengar, M, shiny|2/100
|move|p2a: Iron Moth|Psychic|p1a: Gengar
|-supereffective|p1a: Gengar
|-damage|p1a: Gengar|0 fnt
|faint|p1a: Gengar
|
|
|switch|p1a: Ceruledge|Ceruledge, M|100/100
|turn|9
|
|move|p2a: Iron Moth|Psychic|p1a: Ceruledge
|-damage|p1a: Ceruledge|54/100
|move|p1a: Ceruledge|Bitter Blade|p2a: Iron Moth
|-resisted|p2a: Iron Moth
|-damage|p2a: Iron Moth|58/100
|-heal|p1a: Ceruledge|76/100|[from] drain|[of] p2a: Iron Moth
|
|turn|10
|
|move|p2a: Iron Moth|Psychic|p1a: Ceruledge
|-damage|p1a: Ceruledge|24/100
|move|p1a: Ceruledge|Bitter Blade|p2a: Iron Moth
|-resisted|p2a: Iron Moth
|-damage|p2a: Iron Moth|14/100
|-heal|p1a: Ceruledge|47/100|[from] drain|[of] p2a: Iron Moth
|
|turn|11
|
|-end|p2a: Iron Moth|Quark Drive|[silent]
|switch|p2a: Walking Wake|Walking Wake|100/100
|-enditem|p2a: Walking Wake|Booster Energy
|-activate|p2a: Walking Wake|ability: Protosynthesis|[fromitem]
|-start|p2a: Walking Wake|protosynthesisspa
|move|p1a: Ceruledge|Shadow Sneak|p2a: Walking Wake
|-crit|p2a: Walking Wake
|-damage|p2a: Walking Wake|69/100
|
|turn|12
|
|switch|p1a: Great Tusk|Great Tusk|28/100
|move|p2a: Walking Wake|Hydro Pump|p1a: Great Tusk
|-supereffective|p1a: Great Tusk
|-damage|p1a: Great Tusk|0 fnt
|faint|p1a: Great Tusk
|-end|p1a: Great Tusk|Protosynthesis|[silent]
|
|
|switch|p1a: Kingambit|Kingambit, M|100/100
|-activate|p1a: Kingambit|ability: Supreme Overlord
|-start|p1a: Kingambit|fallen2|[silent]
|turn|13
|
|move|p2a: Walking Wake|Flamethrower|p1a: Kingambit
|-supereffective|p1a: Kingambit
|-damage|p1a: Kingambit|0 fnt
|faint|p1a: Kingambit
|-end|p1a: Kingambit|fallen2|[silent]
|
|
|switch|p1a: Hatterene|Hatterene, F|100/100
|turn|14
|
|move|p2a: Walking Wake|Hydro Pump|p1a: Hatterene
|-damage|p1a: Hatterene|15/100
|move|p1a: Hatterene|Nuzzle|p2a: Walking Wake
|-damage|p2a: Walking Wake|65/100
|-status|p2a: Walking Wake|par
|
|-heal|p1a: Hatterene|21/100|[from] item: Leftovers
|turn|15
|
|move|p2a: Walking Wake|Flamethrower|p1a: Hatterene
|-damage|p1a: Hatterene|0 fnt
|faint|p1a: Hatterene
|
|
|switch|p1a: Baxcalibur|Baxcalibur, F|100/100
|turn|16
|
|-end|p2a: Walking Wake|Protosynthesis|[silent]
|switch|p2a: Iron Hands|Iron Hands|99/100
|move|p1a: Baxcalibur|Icicle Crash|p2a: Iron Hands
|-damage|p2a: Iron Hands|55/100
|
|turn|17
|
|switch|p1a: Ceruledge|Ceruledge, M|47/100
|move|p2a: Iron Hands|Drain Punch|p1a: Ceruledge
|-immune|p1a: Ceruledge
|
|turn|18
|
|-terastallize|p1a: Ceruledge|Grass
|move|p1a: Ceruledge|Bitter Blade|p2a: Iron Hands
|-damage|p2a: Iron Hands|18/100
|-heal|p1a: Ceruledge|75/100|[from] drain|[of] p2a: Iron Hands
|move|p2a: Iron Hands|Wild Charge|p1a: Ceruledge
|-resisted|p1a: Ceruledge
|-damage|p1a: Ceruledge|37/100
|-damage|p2a: Iron Hands|12/100|[from] Recoil
|
|turn|19
|
|move|p1a: Ceruledge|Bitter Blade|p2a: Iron Hands
|-damage|p2a: Iron Hands|0 fnt
|-heal|p1a: Ceruledge|46/100|[from] drain|[of] p2a: Iron Hands
|faint|p2a: Iron Hands
|-end|p2a: Iron Hands|Quark Drive|[silent]
|
|
|switch|p2a: Dragonite|Dragonite, F|100/100
|turn|20
|
|switch|p1a: Baxcalibur|Baxcalibur, F|100/100
|move|p2a: Dragonite|Dragon Dance|p2a: Dragonite
|-boost|p2a: Dragonite|atk|1
|-boost|p2a: Dragonite|spe|1
|
|turn|21
|
|-terastallize|p2a: Dragonite|Normal
|move|p2a: Dragonite|Extreme Speed|p1a: Baxcalibur
|-damage|p1a: Baxcalibur|33/100
|move|p1a: Baxcalibur|Icicle Crash|p2a: Dragonite
|-damage|p2a: Dragonite|65/100
|
|turn|22
|
|move|p2a: Dragonite|Extreme Speed|p1a: Baxcalibur
|-damage|p1a: Baxcalibur|0 fnt
|faint|p1a: Baxcalibur
|
|
|switch|p1a: Ceruledge|Ceruledge, M, tera:Grass|46/100
|turn|23
|
|move|p2a: Dragonite|Extreme Speed|p1a: Ceruledge
|-damage|p1a: Ceruledge|0 fnt
|faint|p1a: Ceruledge
|
|win|williamcostiganjr
