# advantage = p2
|poke|p1|Volcanion|
|poke|p1|Chesnaught, M|
|poke|p1|Dragapult, M|
|poke|p1|Chien-Pao|
|poke|p1|Kingambit, M|
|poke|p1|Great Tusk|
|poke|p2|Sandy Shocks|
|poke|p2|Iron Hands|
|poke|p2|Iron Jugulis|
|poke|p2|Rotom-Wash|
|poke|p2|Garganacl, F|
|poke|p2|Cinderace, F|
|teampreview
|
|start
|switch|p1a: Dragapult|Dragapult, M|100/100
|switch|p2a: Iron Jugulis|Iron Jugulis|100/100
|-enditem|p2a: Iron Jugulis|Booster Energy
|-activate|p2a: Iron Jugulis|ability: Quark Drive|[fromitem]
|-start|p2a: Iron Jugulis|quarkdrivespe
|turn|1
|
|switch|p1a: Volcanion|Volcanion|100/100
|move|p2a: Iron Jugulis|Dark Pulse|p1a: Volcanion
|-damage|p1a: Volcanion|72/100
|
|turn|2
|
|-end|p2a: Iron Jugulis|Quark Drive|[silent]
|switch|p2a: Rotom|Rotom-Wash|100/100
|move|p1a: Volcanion|Steam Eruption|p2a: Rotom
|-resisted|p2a: Rotom
|-damage|p2a: Rotom|82/100
|-status|p2a: Rotom|brn
|
|-heal|p2a: Rotom|88/100 brn|[from] item: Leftovers
|-damage|p2a: Rotom|82/100 brn|[from] brn
|turn|3
|
|switch|p1a: Great Tusk|Great Tusk|100/100
|move|p2a: Rotom|Volt Switch|p1a: Great Tusk
|-immune|p1a: Great Tusk
|
|-heal|p2a: Rotom|88/100 brn|[from] item: Leftovers
|-damage|p2a: Rotom|82/100 brn|[from] brn
|turn|4
|
|-end|p1a: Great Tusk|Protosynthesis|[silent]
|switch|p1a: Volcanion|Volcanion|72/100
|move|p2a: Rotom|Hydro Pump|p1a: Volcanion
|-heal|p1a: Volcanion|97/100|[from] ability: Water Absorb|[of] p2a: Rotom
|
|-heal|p2a: Rotom|88/100 brn|[from] item: Leftovers
|-damage|p2a: Rotom|82/100 brn|[from] brn
|turn|5
|
|switch|p1a: Chesnaught|Chesnaught, M|100/100
|move|p2a: Rotom|Volt Switch|p1a: Chesnaught
|-resisted|p1a: Chesnaught
|-damage|p1a: Chesnaught|86/100
|
|switch|p2a: Iron Jugulis|Iron Jugulis|100/100|[from] Volt Switch
|
|turn|6
|
|switch|p1a: Kingambit|Kingambit, M|100/100
|move|p2a: Iron Jugulis|Hurricane|p1a: Kingambit|[miss]
|-miss|p2a: Iron Jugulis|p1a: Kingambit
|
|turn|7
|
|move|p2a: Iron Jugulis|Flamethrower|p1a: Kingambit
|-supereffective|p1a: Kingambit
|-damage|p1a: Kingambit|38/100
|move|p1a: Kingambit|Iron Head|p2a: Iron Jugulis
|-damage|p2a: Iron Jugulis|49/100
|
|turn|8
|
|-end|p1a: Kingambit|fallenundefined|[silent]
|switch|p1a: Volcanion|Volcanion|97/100
|move|p2a: Iron Jugulis|Flamethrower|p1a: Volcanion
|-resisted|p1a: Volcanion
|-damage|p1a: Volcanion|91/100
|
|turn|9
|
|-end|p2a: Iron Jugulis|Quark Drive|[silent]
|switch|p2a: Rotom|Rotom-Wash|82/100 brn
|move|p1a: Volcanion|Steam Eruption|p2a: Rotom
|-resisted|p2a: Rotom
|-damage|p2a: Rotom|62/100 brn
|
|-heal|p2a: Rotom|68/100 brn|[from] item: Leftovers
|-damage|p2a: Rotom|62/100 brn|[from] brn
|turn|10
|
|switch|p1a: Great Tusk|Great Tusk|100/100
|move|p2a: Rotom|Will-O-Wisp|p1a: Great Tusk
|-status|p1a: Great Tusk|brn
|
|-heal|p2a: Rotom|68/100 brn|[from] item: Leftovers
|-damage|p2a: Rotom|62/100 brn|[from] brn
|-damage|p1a: Great Tusk|94/100 brn|[from] brn
|turn|11
|
|move|p2a: Rotom|Hydro Pump|p1a: Great Tusk
|-supereffective|p1a: Great Tusk
|-damage|p1a: Great Tusk|0 fnt
|faint|p1a: Great Tusk
|-end|p1a: Great Tusk|Protosynthesis|[silent]
|
|-heal|p2a: Rotom|68/100 brn|[from] item: Leftovers
|-damage|p2a: Rotom|62/100 brn|[from] brn
|
|switch|p1a: Dragapult|Dragapult, M|100/100
|turn|12
|
|move|p1a: Dragapult|Draco Meteor|p2a: Rotom
|-damage|p2a: Rotom|0 fnt
|-unboost|p1a: Dragapult|spa|2
|faint|p2a: Rotom
|
|
|switch|p2a: Iron Hands|Iron Hands|100/100
|turn|13
|
|switch|p1a: Chesnaught|Chesnaught, M|86/100
|move|p2a: Iron Hands|Substitute|p2a: Iron Hands
|-start|p2a: Iron Hands|Substitute
|-damage|p2a: Iron Hands|76/100
|
|-heal|p2a: Iron Hands|82/100|[from] item: Leftovers
|turn|14
|
|move|p1a: Chesnaught|Iron Defense|p1a: Chesnaught
|-boost|p1a: Chesnaught|def|2
|move|p2a: Iron Hands|Ice Punch|p1a: Chesnaught
|-supereffective|p1a: Chesnaught
|-damage|p1a: Chesnaught|70/100
|-damage|p2a: Iron Hands|65/100|[from] item: Rocky Helmet|[of] p1a: Chesnaught
|
|-heal|p2a: Iron Hands|71/100|[from] item: Leftovers
|turn|15
|
|move|p1a: Chesnaught|Body Press|p2a: Iron Hands
|-end|p2a: Iron Hands|Substitute
|move|p2a: Iron Hands|Swords Dance|p2a: Iron Hands
|-boost|p2a: Iron Hands|atk|2
|
|-heal|p2a: Iron Hands|77/100|[from] item: Leftovers
|turn|16
|
|move|p1a: Chesnaught|Body Press|p2a: Iron Hands
|-damage|p2a: Iron Hands|23/100
|move|p2a: Iron Hands|Ice Punch|p1a: Chesnaught
|-supereffective|p1a: Chesnaught
|-damage|p1a: Chesnaught|36/100
|-damage|p2a: Iron Hands|7/100|[from] item: Rocky Helmet|[of] p1a: Chesnaught
|
|-heal|p2a: Iron Hands|13/100|[from] item: Leftovers
|turn|17
|
|move|p1a: Chesnaught|Synthesis|p1a: Chesnaught
|-heal|p1a: Chesnaught|86/100
|move|p2a: Iron Hands|Ice Punch|p1a: Chesnaught
|-supereffective|p1a: Chesnaught
|-damage|p1a: Chesnaught|50/100
|-damage|p2a: Iron Hands|0 fnt|[from] item: Rocky Helmet|[of] p1a: Chesnaught
|faint|p2a: Iron Hands
|-end|p2a: Iron Hands|Quark Drive|[silent]
|
|
|switch|p2a: Iron Jugulis|Iron Jugulis|49/100
|turn|18
|
|move|p2a: Iron Jugulis|Hurricane|p1a: Chesnaught|[miss]
|-miss|p2a: Iron Jugulis|p1a: Chesnaught
|move|p1a: Chesnaught|Body Press|p2a: Iron Jugulis
|-damage|p2a: Iron Jugulis|0 fnt
|faint|p2a: Iron Jugulis
|-end|p2a: Iron Jugulis|Quark Drive|[silent]
|
|
|switch|p2a: Cinderace|Cinderace, F|100/100
|turn|19
|
|-terastallize|p1a: Chesnaught|Water
|move|p2a: Cinderace|Pyro Ball|p1a: Chesnaught
|-immune|p1a: Chesnaught|[from] ability: Bulletproof
|move|p1a: Chesnaught|Synthesis|p1a: Chesnaught
|-heal|p1a: Chesnaught|99/100
|
|turn|20
|
|move|p2a: Cinderace|U-turn|p1a: Chesnaught
|-start|p2a: Cinderace|typechange|Bug|[from] ability: Libero
|-damage|p1a: Chesnaught|90/100
|-damage|p2a: Cinderace|84/100|[from] item: Rocky Helmet|[of] p1a: Chesnaught
|
|switch|p2a: Garganacl|Garganacl, F|100/100|[from] U-turn
|move|p1a: Chesnaught|Iron Defense|p1a: Chesnaught
|-boost|p1a: Chesnaught|def|2
|
|turn|21
|
|move|p1a: Chesnaught|Body Press|p2a: Garganacl
|-supereffective|p2a: Garganacl
|-damage|p2a: Garganacl|0 fnt
|faint|p2a: Garganacl
|
|-message|p2 forfeited.
|
|win|p1
