|poke|p1|Pelipper, F|
|poke|p1|Floatzel, M|
|poke|p1|Zapdos|
|poke|p1|Basculegion, M|
|poke|p1|Goodra-Hisui, F|
|poke|p1|Corviknight, M|
|poke|p2|Clodsire, M|
|poke|p2|Tyranitar, F|
|poke|p2|Glimmora, F|
|poke|p2|Magnezone|
|poke|p2|Heatran, F|
|poke|p2|Corviknight, M|
|teampreview
|
|start
|switch|p1a: Zapdos|Zapdos|100/100
|switch|p2a: Clodsire|Clodsire, M|100/100
|turn|1
|
|move|p1a: Zapdos|Hurricane|p2a: Clodsire
|-damage|p2a: Clodsire|56/100
|move|p2a: Clodsire|Toxic|p1a: Zapdos
|-status|p1a: Zapdos|tox
|
|-heal|p2a: Clodsire|63/100|[from] item: Leftovers
|-damage|p1a: Zapdos|94/100 tox|[from] psn
|turn|2
|
|move|p1a: Zapdos|Hurricane|p2a: Clodsire
|-damage|p2a: Clodsire|16/100
|-start|p2a: Clodsire|confusion
|-activate|p2a: Clodsire|confusion
|-damage|p2a: Clodsire|8/100|[from] confusion
|
|-heal|p2a: Clodsire|14/100|[from] item: Leftovers
|-damage|p1a: Zapdos|82/100 tox|[from] psn
|turn|3
|
|switch|p2a: Tyranitar|Tyranitar, F|100/100
|-weather|Sandstorm|[from] ability: Sand Stream|[of] p2a: Tyranitar
|move|p1a: Zapdos|Hurricane|p2a: Tyranitar
|-resisted|p2a: Tyranitar
|-damage|p2a: Tyranitar|71/100
|
|-weather|Sandstorm|[upkeep]
|-damage|p1a: Zapdos|76/100 tox|[from] Sandstorm
|-damage|p1a: Zapdos|57/100 tox|[from] psn
|turn|4
|
|switch|p1a: Pelipper|Pelipper, F|100/100
|-weather|RainDance|[from] ability: Drizzle|[of] p1a: Pelipper
|move|p2a: Tyranitar|Stone Edge|p1a: Pelipper
|-supereffective|p1a: Pelipper
|-damage|p1a: Pelipper|0 fnt
|faint|p1a: Pelipper
|
|-weather|RainDance|[upkeep]
|
|switch|p1a: Floatzel|Floatzel, M, shiny|100/100
|turn|5
|
|switch|p2a: Clodsire|Clodsire, M|14/100
|-terastallize|p1a: Floatzel|Water
|move|p1a: Floatzel|Ice Spinner|p2a: Clodsire
|-supereffective|p2a: Clodsire
|-damage|p2a: Clodsire|0 fnt
|faint|p2a: Clodsire
|-damage|p1a: Floatzel|91/100|[from] item: Life Orb
|
|-weather|RainDance|[upkeep]
|
|switch|p2a: Tyranitar|Tyranitar, F|71/100
|-weather|Sandstorm|[from] ability: Sand Stream|[of] p2a: Tyranitar
|turn|6
|
|switch|p2a: Magnezone|Magnezone|100/100
|move|p1a: Floatzel|Wave Crash|p2a: Magnezone
|-damage|p2a: Magnezone|0 fnt
|faint|p2a: Magnezone
|-damage|p1a: Floatzel|61/100|[from] Recoil
|-damage|p1a: Floatzel|51/100|[from] item: Life Orb
|
|-weather|Sandstorm|[upkeep]
|-damage|p1a: Floatzel|45/100|[from] Sandstorm
|
|switch|p2a: Corviknight|Corviknight, M|100/100
|-ability|p2a: Corviknight|Pressure
|turn|7
|
|move|p1a: Floatzel|Wave Crash|p2a: Corviknight
|-damage|p2a: Corviknight|42/100
|-damage|p1a: Floatzel|28/100|[from] item: Rocky Helmet|[of] p2a: Corviknight
|-damage|p1a: Floatzel|3/100|[from] Recoil
|-damage|p1a: Floatzel|0 fnt|[from] item: Life Orb
|faint|p1a: Floatzel
|move|p2a: Corviknight|Brave Bird|p1: Floatzel|[notarget]
|-fail|p2a: Corviknight
|
|-weather|Sandstorm|[upkeep]
|
|switch|p1a: Zapdos|Zapdos|57/100 tox
|turn|8
|
|move|p1a: Zapdos|Volt Switch|p2a: Corviknight
|-supereffective|p2a: Corviknight
|-damage|p2a: Corviknight|0 fnt
|faint|p2a: Corviknight
|
|switch|p1a: Basculegion|Basculegion, M|100/100|[from] Volt Switch
|
|-weather|Sandstorm|[upkeep]
|-damage|p1a: Basculegion|94/100|[from] Sandstorm
|
|switch|p2a: Tyranitar|Tyranitar, F|71/100
|turn|9
|
|move|p2a: Tyranitar|Crunch|p1a: Basculegion
|-supereffective|p1a: Basculegion
|-damage|p1a: Basculegion|0 fnt
|faint|p1a: Basculegion
|
|-weather|Sandstorm|[upkeep]
|
|switch|p1a: Goodra|Goodra-Hisui, F|100/100
|turn|10
|
|switch|p2a: Glimmora|Glimmora, F|100/100
|move|p1a: Goodra|Acid Armor|p1a: Goodra
|-boost|p1a: Goodra|def|2
|
|-weather|none
|turn|11
|
|move|p2a: Glimmora|Earth Power|p1a: Goodra
|-supereffective|p1a: Goodra
|-damage|p1a: Goodra|64/100
|move|p1a: Goodra|Flash Cannon|p2a: Glimmora
|-supereffective|p2a: Glimmora
|-damage|p2a: Glimmora|20/100
|
|-heal|p1a: Goodra|70/100|[from] item: Leftovers
|turn|12
|
|move|p2a: Glimmora|Earth Power|p1a: Goodra
|-supereffective|p1a: Goodra
|-damage|p1a: Goodra|30/100
|move|p1a: Goodra|Body Press|p2a: Glimmora
|-damage|p2a: Glimmora|0 fnt
|-activate|p2a: Glimmora|ability: Toxic Debris
|-sidestart|p1: PonnyRuckus5ds|move: Toxic Spikes
|faint|p2a: Glimmora
|
|-heal|p1a: Goodra|36/100|[from] item: Leftovers
|
|switch|p2a: Tyranitar|Tyranitar, F|71/100
|-weather|Sandstorm|[from] ability: Sand Stream|[of] p2a: Tyranitar
|turn|13
|
|move|p2a: Tyranitar|Stone Edge|p1a: Goodra
|-resisted|p1a: Goodra
|-damage|p1a: Goodra|18/100
|move|p1a: Goodra|Body Press|p2a: Tyranitar
|-supereffective|p2a: Tyranitar
|-damage|p2a: Tyranitar|0 fnt
|faint|p2a: Tyranitar
|
|-weather|Sandstorm|[upkeep]
|-heal|p1a: Goodra|24/100|[from] item: Leftovers
|
|switch|p2a: Heatran|Heatran, F|100/100
|turn|14
|
|move|p2a: Heatran|Magma Storm|p1a: Goodra
|-damage|p1a: Goodra|0 fnt
|faint|p1a: Goodra
|
|-weather|Sandstorm|[upkeep]
|
|switch|p1a: Zapdos|Zapdos|57/100 tox
|turn|15
|
|move|p1a: Zapdos|Thunder|p2a: Heatran
|-damage|p2a: Heatran|51/100
|move|p2a: Heatran|Magma Storm|p1a: Zapdos|[miss]
|-miss|p2a: Heatran|p1a: Zapdos
|
|-weather|Sandstorm|[upkeep]
|-damage|p1a: Zapdos|51/100 tox|[from] Sandstorm
|-heal|p2a: Heatran|57/100|[from] item: Leftovers
|-damage|p1a: Zapdos|45/100 tox|[from] psn
|turn|16
|
|move|p1a: Zapdos|Thunder|p2a: Heatran
|-damage|p2a: Heatran|3/100
|move|p2a: Heatran|Stealth Rock|p1a: Zapdos
|-sidestart|p1: PonnyRuckus5ds|move: Stealth Rock
|
|-weather|Sandstorm|[upkeep]
|-damage|p1a: Zapdos|38/100 tox|[from] Sandstorm
|-heal|p2a: Heatran|9/100|[from] item: Leftovers
|-damage|p1a: Zapdos|26/100 tox|[from] psn
|turn|17
|
|move|p1a: Zapdos|Thunder|p2a: Heatran
|-damage|p2a: Heatran|0 fnt
|faint|p2a: Heatran
|
|win|PonnyRuckus5ds
