|poke|p1|Magearna|
|poke|p1|Volcarona, M|
|poke|p1|Sneasler, F|
|poke|p1|Samurott-Hisui, M|
|poke|p1|Dragapult, F|
|poke|p1|Zamazenta-*|
|poke|p2|Cinderace, M|
|poke|p2|Great Tusk|
|poke|p2|Slowking, M|
|poke|p2|Chien-Pao|
|poke|p2|Amoonguss, M|
|poke|p2|Dondozo, M|
|teampreview
|
|start
|switch|p1a: Samurott|Samurott-Hisui, M|100/100
|switch|p2a: Cinderace|Cinderace, M|100/100
|turn|1
|
|move|p1a: Samurott|Aqua Jet|p2a: Cinderace
|-supereffective|p2a: Cinderace
|-damage|p2a: Cinderace|44/100
|move|p2a: Cinderace|U-turn|p1a: Samurott
|-start|p2a: Cinderace|typechange|Bug|[from] ability: Libero
|-supereffective|p1a: Samurott
|-damage|p1a: Samurott|9/100
|j| Shazamwhich
|
|switch|p2a: Dondozo|Dondozo, M|100/100|[from] U-turn
|
|turn|2
|
|move|p1a: Samurott|Taunt|p2a: Dondozo
|-start|p2a: Dondozo|move: Taunt
|cant|p2a: Dondozo|move: Taunt|Curse
|
|turn|3
|
|switch|p1a: Dragapult|Dragapult, F|100/100
|move|p2a: Dondozo|Wave Crash|p1a: Dragapult
|-resisted|p1a: Dragapult
|-damage|p1a: Dragapult|78/100
|-start|p2a: Dondozo|Disable|Wave Crash|[from] ability: Cursed Body|[of] p1a: Dragapult
|-damage|p2a: Dondozo|95/100|[from] Recoil
|
|-heal|p2a: Dondozo|100/100|[from] item: Leftovers
|turn|4
|
|switch|p2a: Cinderace|Cinderace, M|44/100
|move|p1a: Dragapult|Reflect|p1a: Dragapult
|-sidestart|p1: X-Scizor|Reflect
|
|turn|5
|
|move|p2a: Cinderace|Sucker Punch|p1a: Dragapult
|-start|p2a: Cinderace|typechange|Dark|[from] ability: Libero
|-supereffective|p1a: Dragapult
|-damage|p1a: Dragapult|39/100
|move|p1a: Dragapult|U-turn|p2a: Cinderace
|-supereffective|p2a: Cinderace
|-damage|p2a: Cinderace|0 fnt
|faint|p2a: Cinderace
|
|switch|p1a: Volcarona|Volcarona, M|100/100|[from] U-turn
|
|
|switch|p2a: Great Tusk|Great Tusk|100/100
|turn|6
|
|move|p1a: Volcarona|Quiver Dance|p1a: Volcarona
|-boost|p1a: Volcarona|spa|1
|-boost|p1a: Volcarona|spd|1
|-boost|p1a: Volcarona|spe|1
|move|p2a: Great Tusk|Headlong Rush|p1a: Volcarona
|-damage|p1a: Volcarona|54/100
|-unboost|p2a: Great Tusk|def|1
|-unboost|p2a: Great Tusk|spd|1
|
|turn|7
|
|-end|p2a: Great Tusk|Protosynthesis|[silent]
|switch|p2a: Slowking|Slowking, M|100/100
|move|p1a: Volcarona|Giga Drain|p2a: Slowking
|-supereffective|p2a: Slowking
|-damage|p2a: Slowking|54/100
|-heal|p1a: Volcarona|83/100|[from] drain|[of] p2a: Slowking
|
|turn|8
|
|move|p1a: Volcarona|Quiver Dance|p1a: Volcarona
|-boost|p1a: Volcarona|spa|1
|-boost|p1a: Volcarona|spd|1
|-boost|p1a: Volcarona|spe|1
|move|p2a: Slowking|Surf|p1a: Volcarona
|-supereffective|p1a: Volcarona
|-damage|p1a: Volcarona|52/100
|
|turn|9
|
|move|p1a: Volcarona|Giga Drain|p2a: Slowking
|-supereffective|p2a: Slowking
|-damage|p2a: Slowking|0 fnt
|-heal|p1a: Volcarona|86/100|[from] drain|[of] p2a: Slowking
|faint|p2a: Slowking
|
|
|switch|p2a: Dondozo|Dondozo, M|100/100
|turn|10
|
|-terastallize|p2a: Dondozo|Fairy
|move|p1a: Volcarona|Giga Drain|p2a: Dondozo
|-damage|p2a: Dondozo|73/100
|-heal|p1a: Volcarona|100/100|[from] drain|[of] p2a: Dondozo
|move|p2a: Dondozo|Wave Crash|p1a: Volcarona
|-supereffective|p1a: Volcarona
|-damage|p1a: Volcarona|34/100
|-damage|p2a: Dondozo|59/100|[from] Recoil
|
|-heal|p2a: Dondozo|66/100|[from] item: Leftovers
|turn|11
|
|switch|p1a: Samurott|Samurott-Hisui, M|9/100
|move|p2a: Dondozo|Wave Crash|p1a: Samurott
|-resisted|p1a: Samurott
|-damage|p1a: Samurott|0 fnt
|faint|p1a: Samurott
|-damage|p2a: Dondozo|64/100|[from] Recoil
|
|-heal|p2a: Dondozo|70/100|[from] item: Leftovers
|-sideend|p1: X-Scizor|Reflect
|
|switch|p1a: Dragapult|Dragapult, F|39/100
|turn|12
|
|switch|p2a: Chien-Pao|Chien-Pao|100/100
|-ability|p2a: Chien-Pao|Sword of Ruin
|move|p1a: Dragapult|Reflect|p1a: Dragapult
|-sidestart|p1: X-Scizor|Reflect
|
|turn|13
|
|move|p1a: Dragapult|U-turn|p2a: Chien-Pao
|-supereffective|p2a: Chien-Pao
|-damage|p2a: Chien-Pao|52/100
|
|switch|p1a: Zamazenta|Zamazenta-Crowned|100/100|[from] U-turn
|-ability|p1a: Zamazenta|Dauntless Shield|boost
|-boost|p1a: Zamazenta|def|1
|move|p2a: Chien-Pao|Ice Spinner|p1a: Zamazenta
|-resisted|p1a: Zamazenta
|-damage|p1a: Zamazenta|92/100
|
|turn|14
|
|switch|p2a: Amoonguss|Amoonguss, M|100/100
|move|p1a: Zamazenta|Body Press|p2a: Amoonguss
|-resisted|p2a: Amoonguss
|-damage|p2a: Amoonguss|74/100
|-damage|p1a: Zamazenta|75/100|[from] item: Rocky Helmet|[of] p2a: Amoonguss
|
|turn|15
|
|move|p1a: Zamazenta|Iron Defense|p1a: Zamazenta
|-boost|p1a: Zamazenta|def|2
|move|p2a: Amoonguss|Spore|p1a: Zamazenta
|-status|p1a: Zamazenta|slp|[from] move: Spore
|
|turn|16
|
|switch|p2a: Dondozo|Dondozo, M, tera:Fairy|70/100
|cant|p1a: Zamazenta|slp
|
|-heal|p2a: Dondozo|76/100|[from] item: Leftovers
|turn|17
|
|cant|p1a: Zamazenta|slp
|move|p2a: Dondozo|Curse|p2a: Dondozo
|-unboost|p2a: Dondozo|spe|1
|-boost|p2a: Dondozo|atk|1
|-boost|p2a: Dondozo|def|1
|
|-heal|p2a: Dondozo|82/100|[from] item: Leftovers
|turn|18
|
|switch|p1a: Dragapult|Dragapult, F|39/100
|move|p2a: Dondozo|Curse|p2a: Dondozo
|-unboost|p2a: Dondozo|spe|1
|-boost|p2a: Dondozo|atk|1
|-boost|p2a: Dondozo|def|1
|
|-heal|p2a: Dondozo|88/100|[from] item: Leftovers
|turn|19
|
|move|p1a: Dragapult|Curse|p2a: Dondozo
|-start|p2a: Dondozo|Curse|[of] p1a: Dragapult
|-damage|p1a: Dragapult|0 fnt
|faint|p1a: Dragapult
|move|p2a: Dondozo|Wave Crash|p1: Dragapult|[notarget]
|-fail|p2a: Dondozo
|
|-heal|p2a: Dondozo|95/100|[from] item: Leftovers
|-damage|p2a: Dondozo|70/100|[from] Curse
|-sideend|p1: X-Scizor|Reflect
|
|switch|p1a: Magearna|Magearna|100/100
|turn|20
|
|switch|p2a: Great Tusk|Great Tusk|100/100
|-terastallize|p1a: Magearna|Water
|move|p1a: Magearna|Iron Defense|p1a: Magearna
|-boost|p1a: Magearna|def|2
|
|turn|21
|
|move|p2a: Great Tusk|Knock Off|p1a: Magearna
|-damage|p1a: Magearna|88/100
|-enditem|p1a: Magearna|Leftovers|[from] move: Knock Off|[of] p2a: Great Tusk
|move|p1a: Magearna|Iron Defense|p1a: Magearna
|-boost|p1a: Magearna|def|2
|
|turn|22
|
|-end|p2a: Great Tusk|Protosynthesis|[silent]
|switch|p2a: Amoonguss|Amoonguss, M|100/100
|move|p1a: Magearna|Draining Kiss|p2a: Amoonguss
|-resisted|p2a: Amoonguss
|-damage|p2a: Amoonguss|90/100
|-heal|p1a: Magearna|97/100|[from] drain|[of] p2a: Amoonguss
|-damage|p1a: Magearna|80/100|[from] item: Rocky Helmet|[of] p2a: Amoonguss
|
|turn|23
|
|move|p1a: Magearna|Stored Power|p2a: Amoonguss
|-supereffective|p2a: Amoonguss
|-damage|p2a: Amoonguss|39/100
|move|p2a: Amoonguss|Sludge Bomb|p1a: Magearna
|-damage|p1a: Magearna|58/100
|-status|p1a: Magearna|psn
|
|-damage|p1a: Magearna|46/100 psn|[from] psn
|turn|24
|
|switch|p2a: Dondozo|Dondozo, M, tera:Fairy|70/100
|move|p1a: Magearna|Stored Power|p2a: Dondozo
|-damage|p2a: Dondozo|40/100
|
|-heal|p2a: Dondozo|46/100|[from] item: Leftovers
|-damage|p1a: Magearna|33/100 psn|[from] psn
|turn|25
|
|move|p1a: Magearna|Draining Kiss|p2a: Dondozo
|-damage|p2a: Dondozo|25/100
|-heal|p1a: Magearna|56/100 psn|[from] drain|[of] p2a: Dondozo
|move|p2a: Dondozo|Rest|p2a: Dondozo
|-status|p2a: Dondozo|slp|[from] move: Rest
|-heal|p2a: Dondozo|100/100 slp|[silent]
|
|-damage|p1a: Magearna|43/100 psn|[from] psn
|turn|26
|l| Shazamwhich
|j| Shazamwhich
|
|move|p1a: Magearna|Draining Kiss|p2a: Dondozo
|-damage|p2a: Dondozo|81/100 slp
|-heal|p1a: Magearna|64/100 psn|[from] drain|[of] p2a: Dondozo
|cant|p2a: Dondozo|slp
|move|p2a: Dondozo|Sleep Talk|p2a: Dondozo
|move|p2a: Dondozo|Rest||[from]move: Sleep Talk|[still]
|-fail|p2a: Dondozo
|
|-heal|p2a: Dondozo|87/100 slp|[from] item: Leftovers
|-damage|p1a: Magearna|51/100 psn|[from] psn
|turn|27
|
|switch|p2a: Great Tusk|Great Tusk|100/100
|move|p1a: Magearna|Calm Mind|p1a: Magearna
|-boost|p1a: Magearna|spa|1
|-boost|p1a: Magearna|spd|1
|
|-damage|p1a: Magearna|39/100 psn|[from] psn
|turn|28
|
|move|p2a: Great Tusk|Headlong Rush|p1a: Magearna
|-damage|p1a: Magearna|23/100 psn
|-unboost|p2a: Great Tusk|def|1
|-unboost|p2a: Great Tusk|spd|1
|move|p1a: Magearna|Draining Kiss|p2a: Great Tusk
|-supereffective|p2a: Great Tusk
|-damage|p2a: Great Tusk|0 fnt
|-heal|p1a: Magearna|99/100 psn|[from] drain|[of] p2a: Great Tusk
|faint|p2a: Great Tusk
|-ability|p1a: Magearna|Soul-Heart|boost
|-boost|p1a: Magearna|spa|1
|-end|p2a: Great Tusk|Protosynthesis|[silent]
|
|-damage|p1a: Magearna|87/100 psn|[from] psn
|
|switch|p2a: Amoonguss|Amoonguss, M|72/100
|turn|29
|
|switch|p2a: Chien-Pao|Chien-Pao|52/100
|-ability|p2a: Chien-Pao|Sword of Ruin
|move|p1a: Magearna|Stored Power|p2a: Chien-Pao
|-immune|p2a: Chien-Pao
|
|-damage|p1a: Magearna|75/100 psn|[from] psn
|turn|30
|
|move|p2a: Chien-Pao|Crunch|p1a: Magearna
|-damage|p1a: Magearna|55/100 psn
|-unboost|p1a: Magearna|def|1
|move|p1a: Magearna|Draining Kiss|p2a: Chien-Pao
|-supereffective|p2a: Chien-Pao
|-damage|p2a: Chien-Pao|0 fnt
|-heal|p1a: Magearna|87/100 psn|[from] drain|[of] p2a: Chien-Pao
|faint|p2a: Chien-Pao
|-ability|p1a: Magearna|Soul-Heart|boost
|-boost|p1a: Magearna|spa|1
|
|-damage|p1a: Magearna|74/100 psn|[from] psn
|
|switch|p2a: Amoonguss|Amoonguss, M|100/100
|turn|31
|
|move|p1a: Magearna|Calm Mind|p1a: Magearna
|-boost|p1a: Magearna|spa|1
|-boost|p1a: Magearna|spd|1
|move|p2a: Amoonguss|Giga Drain|p1a: Magearna
|-supereffective|p1a: Magearna
|-damage|p1a: Magearna|54/100 psn
|
|-damage|p1a: Magearna|42/100 psn|[from] psn
|turn|32
|
|move|p1a: Magearna|Calm Mind|p1a: Magearna
|-boost|p1a: Magearna|spa|1
|-boost|p1a: Magearna|spd|1
|move|p2a: Amoonguss|Giga Drain|p1a: Magearna
|-supereffective|p1a: Magearna
|-damage|p1a: Magearna|26/100 psn
|
|-damage|p1a: Magearna|13/100 psn|[from] psn
|turn|33
|
|move|p1a: Magearna|Draining Kiss|p2a: Amoonguss
|-resisted|p2a: Amoonguss
|-damage|p2a: Amoonguss|62/100
|-heal|p1a: Magearna|48/100 psn|[from] drain|[of] p2a: Amoonguss
|-damage|p1a: Magearna|31/100 psn|[from] item: Rocky Helmet|[of] p2a: Amoonguss
|move|p2a: Amoonguss|Giga Drain|p1a: Magearna
|-supereffective|p1a: Magearna
|-damage|p1a: Magearna|15/100 psn
|-heal|p2a: Amoonguss|68/100|[from] drain|[of] p1a: Magearna
|
|-damage|p1a: Magearna|2/100 psn|[from] psn
|turn|34
|
|move|p1a: Magearna|Stored Power|p2a: Amoonguss
|-supereffective|p2a: Amoonguss
|-damage|p2a: Amoonguss|0 fnt
|faint|p2a: Amoonguss
|-ability|p1a: Magearna|Soul-Heart|boost
|-boost|p1a: Magearna|spa|1
|
|-damage|p1a: Magearna|0 fnt|[from] psn
|faint|p1a: Magearna
|
|switch|p1a: Volcarona|Volcarona, M|34/100
|switch|p2a: Dondozo|Dondozo, M, tera:Fairy|87/100 slp
|turn|35
|
|move|p1a: Volcarona|Giga Drain|p2a: Dondozo
|-damage|p2a: Dondozo|63/100 slp
|-heal|p1a: Volcarona|53/100|[from] drain|[of] p2a: Dondozo
|cant|p2a: Dondozo|slp
|
|-heal|p2a: Dondozo|69/100 slp|[from] item: Leftovers
|turn|36
|
|move|p1a: Volcarona|Giga Drain|p2a: Dondozo
|-damage|p2a: Dondozo|45/100 slp
|-heal|p1a: Volcarona|72/100|[from] drain|[of] p2a: Dondozo
|-curestatus|p2a: Dondozo|slp|[msg]
|move|p2a: Dondozo|Wave Crash|p1a: Volcarona
|-supereffective|p1a: Volcarona
|-damage|p1a: Volcarona|0 fnt
|faint|p1a: Volcarona
|-damage|p2a: Dondozo|31/100|[from] Recoil
|
|-heal|p2a: Dondozo|37/100|[from] item: Leftovers
|
|switch|p1a: Sneasler|Sneasler, F|100/100
|-item|p1a: Sneasler|Air Balloon
|turn|37
|
|move|p1a: Sneasler|Dire Claw|p2a: Dondozo
|-supereffective|p2a: Dondozo
|-damage|p2a: Dondozo|0 fnt
|faint|p2a: Dondozo
|
|win|X-Scizor
|l| Shazamwhich
|l|☆MikazukiRex
