# advantage = p1
|poke|p1|Enamorus, F|
|poke|p1|Landorus-Therian, M|
|poke|p1|Samurott-Hisui, F|
|poke|p1|Zamazenta-*|
|poke|p1|Chien-Pao|
|poke|p1|Basculegion, M|
|poke|p2|Indeedee, M|
|poke|p2|Magearna|
|poke|p2|Armarouge, F|
|poke|p2|Sneasler, M|
|poke|p2|Hatterene, F|
|poke|p2|Roaring Moon|
|teampreview
|
|start
|switch|p1a: Landorus|Landorus-Therian, M|100/100
|switch|p2a: Sneasler|Sneasler, M|100/100
|-ability|p1a: Landorus|Intimidate|boost
|-unboost|p2a: Sneasler|atk|1
|turn|1
|
|switch|p2a: Hatterene|Hatterene, F|100/100
|move|p1a: Landorus|Earthquake|p2a: Hatterene
|-damage|p2a: Hatterene|50/100
|-enditem|p2a: Hatterene|Eject Button
|
|switch|p2a: Indeedee|Indeedee, M|100/100
|-fieldstart|move: Psychic Terrain|[from] ability: Psychic Surge|[of] p2a: Indeedee
|
|turn|2
|
|move|p2a: Indeedee|Psychic|p1a: Landorus
|-damage|p1a: Landorus|37/100
|move|p1a: Landorus|U-turn|p2a: Indeedee
|-supereffective|p2a: Indeedee
|-damage|p2a: Indeedee|0 fnt
|faint|p2a: Indeedee
|
|switch|p1a: Basculegion|Basculegion, M|100/100|[from] U-turn
|
|
|switch|p2a: Roaring Moon|Roaring Moon|100/100
|-enditem|p2a: Roaring Moon|Booster Energy
|-activate|p2a: Roaring Moon|ability: Protosynthesis|[fromitem]
|-start|p2a: Roaring Moon|protosynthesisatk
|turn|3
|
|-terastallize|p1a: Basculegion|Water
|move|p1a: Basculegion|Wave Crash|p2a: Roaring Moon
|-resisted|p2a: Roaring Moon
|-damage|p2a: Roaring Moon|50/100
|-damage|p1a: Basculegion|85/100|[from] Recoil
|move|p2a: Roaring Moon|Dragon Dance|p2a: Roaring Moon
|-boost|p2a: Roaring Moon|atk|1
|-boost|p2a: Roaring Moon|spe|1
|
|turn|4
|
|switch|p1a: Landorus|Landorus-Therian, M|37/100
|-ability|p1a: Landorus|Intimidate|boost
|-unboost|p2a: Roaring Moon|atk|1
|move|p2a: Roaring Moon|Crunch|p1a: Landorus
|-damage|p1a: Landorus|0 fnt
|-damage|p2a: Roaring Moon|34/100|[from] item: Rocky Helmet|[of] p1a: Landorus
|faint|p1a: Landorus
|
|
|switch|p1a: Zamazenta|Zamazenta|100/100
|-ability|p1a: Zamazenta|Dauntless Shield|boost
|-boost|p1a: Zamazenta|def|1
|turn|5
|
|-end|p2a: Roaring Moon|Protosynthesis|[silent]
|switch|p2a: Armarouge|Armarouge, F|100/100
|move|p1a: Zamazenta|Iron Defense|p1a: Zamazenta
|-boost|p1a: Zamazenta|def|2
|
|turn|6
|
|switch|p1a: Samurott|Samurott-Hisui, F|100/100
|move|p2a: Armarouge|Armor Cannon|p1a: Samurott
|-resisted|p1a: Samurott
|-damage|p1a: Samurott|77/100
|-unboost|p2a: Armarouge|def|1
|-unboost|p2a: Armarouge|spd|1
|
|turn|7
|
|switch|p2a: Magearna|Magearna|100/100
|move|p1a: Samurott|Ceaseless Edge|p2a: Magearna
|-resisted|p2a: Magearna
|-damage|p2a: Magearna|76/100
|-sidestart|p2: p2|Spikes
|
|-heal|p2a: Magearna|82/100|[from] item: Leftovers
|turn|8
|
|move|p2a: Magearna|Shift Gear|p2a: Magearna
|-boost|p2a: Magearna|spe|2
|-boost|p2a: Magearna|atk|1
|move|p1a: Samurott|Aqua Cutter|p2a: Magearna
|-damage|p2a: Magearna|25/100
|
|-heal|p2a: Magearna|31/100|[from] item: Leftovers
|-fieldend|move: Psychic Terrain
|turn|9
|
|-terastallize|p2a: Magearna|Water
|move|p1a: Samurott|Sucker Punch|p2a: Magearna
|-damage|p2a: Magearna|0 fnt
|faint|p2a: Magearna
|
|
|switch|p2a: Sneasler|Sneasler, M|100/100
|-damage|p2a: Sneasler|88/100|[from] Spikes
|turn|10
|
|move|p1a: Samurott|Aqua Jet|p2a: Sneasler
|-damage|p2a: Sneasler|55/100
|move|p2a: Sneasler|Close Combat|p1a: Samurott
|-supereffective|p1a: Samurott
|-damage|p1a: Samurott|0 fnt
|-unboost|p2a: Sneasler|def|1
|-unboost|p2a: Sneasler|spd|1
|faint|p1a: Samurott
|
|
|switch|p1a: Basculegion|Basculegion, M, tera:Water|85/100
|turn|11
|
|move|p1a: Basculegion|Wave Crash|p2a: Sneasler
|-damage|p2a: Sneasler|0 fnt
|faint|p2a: Sneasler
|-damage|p1a: Basculegion|70/100|[from] Recoil
|
|
|switch|p2a: Roaring Moon|Roaring Moon|34/100
|-damage|p2a: Roaring Moon|21/100|[from] Spikes
|turn|12
|
|move|p1a: Basculegion|Wave Crash|p2a: Roaring Moon
|-resisted|p2a: Roaring Moon
|-damage|p2a: Roaring Moon|0 fnt
|faint|p2a: Roaring Moon
|-end|p2a: Roaring Moon|Protosynthesis|[silent]
|-damage|p1a: Basculegion|64/100|[from] Recoil
|
|-message|p2 forfeited.
|
|win|p1
