# advantage = p2
|poke|p1|Alomomola, M|
|poke|p1|Hoopa-Unbound|
|poke|p1|Corviknight, M|
|poke|p1|Toxapex, M|
|poke|p1|Iron Treads|
|poke|p1|Dragapult, F|
|poke|p2|Arcanine-Hisui, M|
|poke|p2|Urshifu-*, F|
|poke|p2|Kingambit, M|
|poke|p2|Great Tusk|
|poke|p2|Garchomp, M|
|poke|p2|Zapdos|
|teampreview
|
|start
|switch|p1a: Dragapult|Dragapult, F|100/100
|switch|p2a: Great Tusk|Great Tusk, shiny|100/100
|turn|1
|
|move|p1a: Dragapult|Draco Meteor|p2a: Great Tusk|[miss]
|-miss|p1a: Dragapult|p2a: Great Tusk
|move|p2a: Great Tusk|Knock Off|p1a: Dragapult
|-supereffective|p1a: Dragapult
|-damage|p1a: Dragapult|21/100
|-enditem|p1a: Dragapult|Choice Specs|[from] move: Knock Off|[of] p2a: Great Tusk
|
|turn|2
|
|-end|p2a: Great Tusk|Protosynthesis|[silent]
|switch|p2a: Kingambit|Kingambit, M|100/100
|move|p1a: Dragapult|U-turn|p2a: Kingambit
|-damage|p2a: Kingambit|88/100
|
|switch|p1a: Iron Treads|Iron Treads|100/100|[from] U-turn
|
|-heal|p2a: Kingambit|95/100|[from] item: Leftovers
|turn|3
|
|-end|p2a: Kingambit|fallenundefined|[silent]
|switch|p2a: Great Tusk|Great Tusk, shiny|100/100
|move|p1a: Iron Treads|Stealth Rock|p2a: Great Tusk
|-sidestart|p2: p2|move: Stealth Rock
|
|turn|4
|
|-end|p1a: Iron Treads|Quark Drive|[silent]
|switch|p1a: WhenAlomaUrMom|Alomomola, M|100/100
|move|p2a: Great Tusk|Stealth Rock|p1a: WhenAlomaUrMom
|-sidestart|p1: p1|move: Stealth Rock
|
|turn|5
|
|-end|p2a: Great Tusk|Protosynthesis|[silent]
|switch|p2a: Urshifu|Urshifu-Rapid-Strike, F|100/100
|-damage|p2a: Urshifu|94/100|[from] Stealth Rock
|move|p1a: WhenAlomaUrMom|Whirlpool|p2a: Urshifu
|-resisted|p2a: Urshifu
|-damage|p2a: Urshifu|90/100
|-activate|p2a: Urshifu|move: Whirlpool|[of] p1a: WhenAlomaUrMom
|
|-damage|p2a: Urshifu|78/100|[from] move: Whirlpool|[partiallytrapped]
|turn|6
|
|move|p2a: Urshifu|Close Combat|p1a: WhenAlomaUrMom
|-damage|p1a: WhenAlomaUrMom|65/100
|-unboost|p2a: Urshifu|def|1
|-unboost|p2a: Urshifu|spd|1
|move|p1a: WhenAlomaUrMom|Chilling Water|p2a: Urshifu
|-resisted|p2a: Urshifu
|-damage|p2a: Urshifu|68/100
|-unboost|p2a: Urshifu|atk|1
|
|-damage|p2a: Urshifu|56/100|[from] move: Whirlpool|[partiallytrapped]
|turn|7
|
|move|p2a: Urshifu|U-turn|p1a: WhenAlomaUrMom
|-damage|p1a: WhenAlomaUrMom|56/100
|
|switch|p2a: Zapdos|Zapdos|100/100|[from] U-turn
|move|p1a: WhenAlomaUrMom|Wish|p1a: WhenAlomaUrMom
|
|turn|8
|
|switch|p1a: Iron Treads|Iron Treads|100/100
|-damage|p1a: Iron Treads|97/100|[from] Stealth Rock
|move|p2a: Zapdos|Volt Switch|p1a: Iron Treads
|-immune|p1a: Iron Treads
|
|-heal|p1a: Iron Treads|100/100|[from] move: Wish|[wisher] WhenAlomaUrMom
|turn|9
|
|move|p1a: Iron Treads|Ice Spinner|p2a: Zapdos
|-supereffective|p2a: Zapdos
|-damage|p2a: Zapdos|68/100
|-status|p1a: Iron Treads|par|[from] ability: Static|[of] p2a: Zapdos
|move|p2a: Zapdos|Heat Wave|p1a: Iron Treads
|-supereffective|p1a: Iron Treads
|-damage|p1a: Iron Treads|41/100 par
|
|-heal|p1a: Iron Treads|47/100 par|[from] item: Leftovers
|turn|10
|
|-end|p1a: Iron Treads|Quark Drive|[silent]
|switch|p1a: Lvl 100 Mafia|Hoopa-Unbound|100/100
|-damage|p1a: Lvl 100 Mafia|88/100|[from] Stealth Rock
|move|p2a: Zapdos|Heat Wave|p1a: Lvl 100 Mafia
|-damage|p1a: Lvl 100 Mafia|75/100
|
|turn|11
|
|move|p2a: Zapdos|Volt Switch|p1a: Lvl 100 Mafia
|-damage|p1a: Lvl 100 Mafia|61/100
|
|switch|p2a: Kingambit|Kingambit, M|95/100|[from] Volt Switch
|-damage|p2a: Kingambit|88/100|[from] Stealth Rock
|move|p1a: Lvl 100 Mafia|Psychic|p2a: Kingambit
|-immune|p2a: Kingambit
|
|-heal|p2a: Kingambit|95/100|[from] item: Leftovers
|turn|12
|
|-terastallize|p1a: Lvl 100 Mafia|Fighting
|move|p1a: Lvl 100 Mafia|Drain Punch|p2a: Kingambit
|-supereffective|p2a: Kingambit
|-damage|p2a: Kingambit|0 fnt
|-heal|p1a: Lvl 100 Mafia|100/100|[from] drain|[of] p2a: Kingambit
|faint|p2a: Kingambit
|-end|p2a: Kingambit|fallenundefined|[silent]
|
|
|switch|p2a: Zapdos|Zapdos|68/100
|turn|13
|
|move|p2a: Zapdos|Hurricane|p1a: Lvl 100 Mafia
|-supereffective|p1a: Lvl 100 Mafia
|-damage|p1a: Lvl 100 Mafia|57/100
|move|p1a: Lvl 100 Mafia|Knock Off|p2a: Zapdos
|-damage|p2a: Zapdos|24/100
|-enditem|p2a: Zapdos|Heavy-Duty Boots|[from] move: Knock Off|[of] p1a: Lvl 100 Mafia
|
|turn|14
|
|move|p2a: Zapdos|Roost|p2a: Zapdos
|-heal|p2a: Zapdos|74/100
|-singleturn|p2a: Zapdos|move: Roost
|move|p1a: Lvl 100 Mafia|Psychic|p2a: Zapdos
|-damage|p2a: Zapdos|23/100
|
|turn|15
|
|move|p2a: Zapdos|Hurricane|p1a: Lvl 100 Mafia
|-supereffective|p1a: Lvl 100 Mafia
|-damage|p1a: Lvl 100 Mafia|16/100
|-start|p1a: Lvl 100 Mafia|confusion
|-activate|p1a: Lvl 100 Mafia|confusion
|-damage|p1a: Lvl 100 Mafia|0 fnt|[from] confusion
|faint|p1a: Lvl 100 Mafia
|
|
|switch|p1a: Dragapult|Dragapult, F|21/100
|-damage|p1a: Dragapult|9/100|[from] Stealth Rock
|turn|16
|
|switch|p2a: Arcanine|Arcanine-Hisui, M|100/100
|-damage|p2a: Arcanine|76/100|[from] Stealth Rock
|move|p1a: Dragapult|Shadow Ball|p2a: Arcanine
|-damage|p2a: Arcanine|31/100
|-unboost|p2a: Arcanine|spd|1
|
|turn|17
|
|move|p1a: Dragapult|Shadow Ball|p2a: Arcanine
|-damage|p2a: Arcanine|0 fnt
|faint|p2a: Arcanine
|
|
|switch|p2a: Urshifu|Urshifu-Rapid-Strike, F|56/100
|-damage|p2a: Urshifu|49/100|[from] Stealth Rock
|turn|18
|
|switch|p1a: WhenAlomaUrMom|Alomomola, M|89/100
|move|p2a: Urshifu|Aqua Jet|p1a: WhenAlomaUrMom
|-resisted|p1a: WhenAlomaUrMom
|-damage|p1a: WhenAlomaUrMom|83/100
|
|turn|19
|
|move|p2a: Urshifu|U-turn|p1a: WhenAlomaUrMom
|-damage|p1a: WhenAlomaUrMom|69/100
|
|switch|p2a: Zapdos|Zapdos|23/100|[from] U-turn
|-damage|p2a: Zapdos|0 fnt|[from] Stealth Rock
|faint|p2a: Zapdos
|move|p1a: WhenAlomaUrMom|Whirlpool|p2: Zapdos|[notarget]
|-fail|p1a: WhenAlomaUrMom
|
|
|switch|p2a: Garchomp|Garchomp, M|100/100
|-damage|p2a: Garchomp|94/100|[from] Stealth Rock
|turn|20
|
|switch|p1a: Iron Treads|Iron Treads|47/100 par
|-damage|p1a: Iron Treads|44/100 par|[from] Stealth Rock
|move|p2a: Garchomp|Earthquake|p1a: Iron Treads
|-supereffective|p1a: Iron Treads
|-damage|p1a: Iron Treads|0 fnt
|faint|p1a: Iron Treads
|-end|p1a: Iron Treads|Quark Drive|[silent]
|-damage|p2a: Garchomp|85/100|[from] item: Life Orb
|
|
|switch|p1a: Corviknight|Corviknight, M|100/100
|-damage|p1a: Corviknight|88/100|[from] Stealth Rock
|-ability|p1a: Corviknight|Pressure
|turn|21
|
|move|p2a: Garchomp|Fire Blast|p1a: Corviknight
|-supereffective|p1a: Corviknight
|-damage|p1a: Corviknight|13/100
|-damage|p2a: Garchomp|75/100|[from] item: Life Orb
|move|p1a: Corviknight|Defog|p2a: Garchomp
|-unboost|p2a: Garchomp|evasion|1
|-sideend|p2: p2|Stealth Rock|[from] move: Defog|[of] p1a: Corviknight
|-sideend|p1: p1|Stealth Rock|[from] move: Defog|[of] p1a: Corviknight
|
|turn|22
|
|switch|p1a: Toxapex|Toxapex, M|100/100
|move|p2a: Garchomp|Draco Meteor|p1a: Toxapex
|-damage|p1a: Toxapex|50/100
|-unboost|p2a: Garchomp|spa|2
|-damage|p2a: Garchomp|65/100|[from] item: Life Orb
|
|turn|23
|
|switch|p1a: WhenAlomaUrMom|Alomomola, M|100/100
|move|p2a: Garchomp|Earthquake|p1a: WhenAlomaUrMom
|-damage|p1a: WhenAlomaUrMom|69/100
|-damage|p2a: Garchomp|55/100|[from] item: Life Orb
|
|turn|24
|
|move|p2a: Garchomp|Earthquake|p1a: WhenAlomaUrMom
|-damage|p1a: WhenAlomaUrMom|37/100
|-damage|p2a: Garchomp|45/100|[from] item: Life Orb
|move|p1a: WhenAlomaUrMom|Wish|p1a: WhenAlomaUrMom
|
|turn|25
|
|move|p1a: WhenAlomaUrMom|Protect|p1a: WhenAlomaUrMom
|-singleturn|p1a: WhenAlomaUrMom|Protect
|move|p2a: Garchomp|Spikes|p1a: WhenAlomaUrMom
|-sidestart|p1: p1|Spikes
|
|-heal|p1a: WhenAlomaUrMom|87/100|[from] move: Wish|[wisher] WhenAlomaUrMom
|turn|26
|
|move|p2a: Garchomp|Earthquake|p1a: WhenAlomaUrMom
|-damage|p1a: WhenAlomaUrMom|56/100
|-damage|p2a: Garchomp|36/100|[from] item: Life Orb
|move|p1a: WhenAlomaUrMom|Whirlpool|p2a: Garchomp
|-damage|p2a: Garchomp|28/100
|-activate|p2a: Garchomp|move: Whirlpool|[of] p1a: WhenAlomaUrMom
|
|-damage|p2a: Garchomp|16/100|[from] move: Whirlpool|[partiallytrapped]
|turn|27
|
|move|p2a: Garchomp|Spikes|p1a: WhenAlomaUrMom
|-sidestart|p1: p1|Spikes
|move|p1a: WhenAlomaUrMom|Wish|p1a: WhenAlomaUrMom
|
|-damage|p2a: Garchomp|3/100|[from] move: Whirlpool|[partiallytrapped]
|turn|28
|
|move|p1a: WhenAlomaUrMom|Protect|p1a: WhenAlomaUrMom
|-singleturn|p1a: WhenAlomaUrMom|Protect
|move|p2a: Garchomp|Spikes|p1a: WhenAlomaUrMom
|-sidestart|p1: p1|Spikes
|
|-heal|p1a: WhenAlomaUrMom|100/100|[from] move: Wish|[wisher] WhenAlomaUrMom
|-damage|p2a: Garchomp|0 fnt|[from] move: Whirlpool|[partiallytrapped]
|faint|p2a: Garchomp
|
|switch|p2a: Urshifu|Urshifu-Rapid-Strike, F|49/100
|turn|29
|
|switch|p1a: Toxapex|Toxapex, M|83/100
|-damage|p1a: Toxapex|58/100|[from] Spikes
|move|p2a: Urshifu|Close Combat|p1a: Toxapex
|-resisted|p1a: Toxapex
|-damage|p1a: Toxapex|40/100
|-unboost|p2a: Urshifu|def|1
|-unboost|p2a: Urshifu|spd|1
|
|turn|30
|
|switch|p2a: Great Tusk|Great Tusk, shiny|100/100
|move|p1a: Toxapex|Recover|p1a: Toxapex
|-heal|p1a: Toxapex|90/100
|
|turn|31
|
|switch|p1a: Corviknight|Corviknight, M|13/100
|-ability|p1a: Corviknight|Pressure
|move|p2a: Great Tusk|Knock Off|p1a: Corviknight
|-damage|p1a: Corviknight|0 fnt
|-damage|p2a: Great Tusk|84/100|[from] item: Rocky Helmet|[of] p1a: Corviknight
|-enditem|p1a: Corviknight|Rocky Helmet|[from] move: Knock Off|[of] p2a: Great Tusk
|faint|p1a: Corviknight
|
|-heal|p2a: Great Tusk|90/100|[from] item: Leftovers
|
|switch|p1a: WhenAlomaUrMom|Alomomola, M|100/100
|turn|32
|
|move|p2a: Great Tusk|Knock Off|p1a: WhenAlomaUrMom
|-damage|p1a: WhenAlomaUrMom|86/100
|-enditem|p1a: WhenAlomaUrMom|Heavy-Duty Boots|[from] move: Knock Off|[of] p2a: Great Tusk
|move|p1a: WhenAlomaUrMom|Whirlpool|p2a: Great Tusk
|-supereffective|p2a: Great Tusk
|-damage|p2a: Great Tusk|74/100
|-activate|p2a: Great Tusk|move: Whirlpool|[of] p1a: WhenAlomaUrMom
|
|-heal|p2a: Great Tusk|81/100|[from] item: Leftovers
|-damage|p2a: Great Tusk|68/100|[from] move: Whirlpool|[partiallytrapped]
|turn|33
|
|move|p2a: Great Tusk|Earthquake|p1a: WhenAlomaUrMom
|-damage|p1a: WhenAlomaUrMom|62/100
|move|p1a: WhenAlomaUrMom|Chilling Water|p2a: Great Tusk
|-supereffective|p2a: Great Tusk
|-damage|p2a: Great Tusk|46/100
|-unboost|p2a: Great Tusk|atk|1
|
|-heal|p2a: Great Tusk|52/100|[from] item: Leftovers
|-damage|p2a: Great Tusk|40/100|[from] move: Whirlpool|[partiallytrapped]
|turn|34
|
|move|p2a: Great Tusk|Earthquake|p1a: WhenAlomaUrMom
|-damage|p1a: WhenAlomaUrMom|48/100
|move|p1a: WhenAlomaUrMom|Wish|p1a: WhenAlomaUrMom
|
|-heal|p2a: Great Tusk|46/100|[from] item: Leftovers
|-damage|p2a: Great Tusk|34/100|[from] move: Whirlpool|[partiallytrapped]
|turn|35
|
|move|p1a: WhenAlomaUrMom|Protect|p1a: WhenAlomaUrMom
|-singleturn|p1a: WhenAlomaUrMom|Protect
|move|p2a: Great Tusk|Earthquake|p1a: WhenAlomaUrMom
|-activate|p1a: WhenAlomaUrMom|move: Protect
|
|-heal|p1a: WhenAlomaUrMom|98/100|[from] move: Wish|[wisher] WhenAlomaUrMom
|-heal|p2a: Great Tusk|40/100|[from] item: Leftovers
|-damage|p2a: Great Tusk|27/100|[from] move: Whirlpool|[partiallytrapped]
|turn|36
|
|move|p2a: Great Tusk|Stealth Rock|p1a: WhenAlomaUrMom
|-sidestart|p1: p1|move: Stealth Rock
|move|p1a: WhenAlomaUrMom|Chilling Water|p2a: Great Tusk
|-supereffective|p2a: Great Tusk
|-damage|p2a: Great Tusk|5/100
|-unboost|p2a: Great Tusk|atk|1
|
|-heal|p2a: Great Tusk|12/100|[from] item: Leftovers
|-end|p2a: Great Tusk|Whirlpool|[partiallytrapped]
|turn|37
|-message|p2 forfeited.
|
|win|p1
