|poke|p1|Dragapult, F|
|poke|p1|Magearna|
|poke|p1|Landorus-Therian, M|
|poke|p1|Ursaluna, F|
|poke|p1|Zamazenta-*|
|poke|p1|Samurott-Hisui, F|
|poke|p2|Grimmsnarl, M|
|poke|p2|Ursaluna, F|
|poke|p2|Volcarona, M|
|poke|p2|Baxcalibur, F|
|poke|p2|Toxapex, F|
|poke|p2|Basculegion, M|
|teampreview
|
|start
|switch|p1a: Ursaluna|Ursaluna, F|100/100
|switch|p2a: Grimmsnarl|Grimmsnarl, M|100/100
|turn|1
|
|move|p2a: Grimmsnarl|Reflect|p2a: Grimmsnarl
|-sidestart|p2: No Bithes?????|Reflect
|move|p1a: Ursaluna|Swords Dance|p1a: Ursaluna
|-boost|p1a: Ursaluna|atk|2
|
|-status|p1a: Ursaluna|brn|[from] item: Flame Orb
|turn|2
|
|move|p2a: Grimmsnarl|Parting Shot|p1a: Ursaluna
|-unboost|p1a: Ursaluna|atk|1
|-unboost|p1a: Ursaluna|spa|1
|
|switch|p2a: Basculegion|Basculegion, M|100/100|[from] Parting Shot
|move|p1a: Ursaluna|Facade|p2a: Basculegion
|-immune|p2a: Basculegion
|
|-damage|p1a: Ursaluna|94/100 brn|[from] brn
|turn|3
|
|switch|p1a: Dragapult|Dragapult, F|100/100
|move|p2a: Basculegion|Wave Crash|p1a: Dragapult
|-resisted|p1a: Dragapult
|-damage|p1a: Dragapult|11/100
|-damage|p2a: Basculegion|76/100|[from] Recoil
|
|turn|4
|
|switch|p2a: Grimmsnarl|Grimmsnarl, M|100/100
|move|p1a: Dragapult|Draco Meteor|p2a: Grimmsnarl
|-immune|p2a: Grimmsnarl
|
|turn|5
|
|switch|p1a: Magearna|Magearna|100/100
|move|p2a: Grimmsnarl|Light Screen|p2a: Grimmsnarl
|-sidestart|p2: No Bithes?????|move: Light Screen
|
|turn|6
|
|move|p2a: Grimmsnarl|Taunt|p1a: Magearna
|-start|p1a: Magearna|move: Taunt
|move|p1a: Magearna|Fleur Cannon|p2a: Grimmsnarl
|-supereffective|p2a: Grimmsnarl
|-damage|p2a: Grimmsnarl|36/100
|-unboost|p1a: Magearna|spa|2
|
|turn|7
|
|move|p2a: Grimmsnarl|Parting Shot|p1a: Magearna
|-unboost|p1a: Magearna|atk|1
|-unboost|p1a: Magearna|spa|1
|
|switch|p2a: Basculegion|Basculegion, M|76/100|[from] Parting Shot
|move|p1a: Magearna|Volt Switch|p2a: Basculegion
|-supereffective|p2a: Basculegion
|-damage|p2a: Basculegion|66/100
|
|switch|p1a: Landorus|Landorus-Therian, M|100/100|[from] Volt Switch
|-ability|p1a: Landorus|Intimidate|boost
|-unboost|p2a: Basculegion|atk|1
|
|turn|8
|
|-terastallize|p1a: Landorus|Fairy
|move|p2a: Basculegion|Wave Crash|p1a: Landorus
|-damage|p1a: Landorus|44/100
|-damage|p2a: Basculegion|47/100|[from] Recoil
|move|p1a: Landorus|Earthquake|p2a: Basculegion
|-damage|p2a: Basculegion|16/100
|
|-heal|p1a: Landorus|50/100|[from] item: Leftovers
|-sideend|p2: No Bithes?????|Reflect
|turn|9
|
|switch|p1a: Samurott|Samurott-Hisui, F|100/100
|move|p2a: Basculegion|Wave Crash|p1a: Samurott
|-resisted|p1a: Samurott
|-damage|p1a: Samurott|46/100
|-damage|p2a: Basculegion|1/100|[from] Recoil
|
|turn|10
|
|move|p1a: Samurott|Sucker Punch|p2a: Basculegion
|-supereffective|p2a: Basculegion
|-damage|p2a: Basculegion|0 fnt
|faint|p2a: Basculegion
|
|
|switch|p2a: Grimmsnarl|Grimmsnarl, M|36/100
|turn|11
|
|move|p2a: Grimmsnarl|Reflect|p2a: Grimmsnarl
|-sidestart|p2: No Bithes?????|Reflect
|move|p1a: Samurott|Aqua Cutter|p2a: Grimmsnarl
|-damage|p2a: Grimmsnarl|16/100
|
|turn|12
|
|switch|p2a: Baxcalibur|Baxcalibur, F|100/100
|move|p1a: Samurott|Ceaseless Edge|p2a: Baxcalibur
|-damage|p2a: Baxcalibur|78/100
|-sidestart|p2: No Bithes?????|Spikes
|
|-sideend|p2: No Bithes?????|move: Light Screen
|turn|13
|
|move|p2a: Baxcalibur|Dragon Dance|p2a: Baxcalibur
|-boost|p2a: Baxcalibur|atk|1
|-boost|p2a: Baxcalibur|spe|1
|move|p1a: Samurott|Sacred Sword|p2a: Baxcalibur
|-supereffective|p2a: Baxcalibur
|-damage|p2a: Baxcalibur|35/100
|
|turn|14
|
|switch|p1a: Landorus|Landorus-Therian, M, tera:Fairy|50/100
|-ability|p1a: Landorus|Intimidate|boost
|-unboost|p2a: Baxcalibur|atk|1
|move|p2a: Baxcalibur|Earthquake|p1a: Landorus
|-crit|p1a: Landorus
|-damage|p1a: Landorus|14/100
|
|-heal|p1a: Landorus|20/100|[from] item: Leftovers
|turn|15
|
|move|p2a: Baxcalibur|Earthquake|p1a: Landorus
|-damage|p1a: Landorus|0 fnt
|faint|p1a: Landorus
|
|
|switch|p1a: Dragapult|Dragapult, F|11/100
|turn|16
|
|move|p2a: Baxcalibur|Icicle Spear|p1a: Dragapult
|-supereffective|p1a: Dragapult
|-damage|p1a: Dragapult|0 fnt
|faint|p1a: Dragapult
|-hitcount|p1: Dragapult|1
|
|
|switch|p1a: Zamazenta|Zamazenta|100/100
|-ability|p1a: Zamazenta|Dauntless Shield|boost
|-boost|p1a: Zamazenta|def|1
|turn|17
|
|switch|p2a: Toxapex|Toxapex, F|100/100
|-damage|p2a: Toxapex|88/100|[from] Spikes
|move|p1a: Zamazenta|Iron Head|p2a: Toxapex
|-resisted|p2a: Toxapex
|-damage|p2a: Toxapex|82/100
|
|turn|18
|
|switch|p1a: Samurott|Samurott-Hisui, F|46/100
|move|p2a: Toxapex|Toxic|p1a: Samurott
|-status|p1a: Samurott|tox
|
|-damage|p1a: Samurott|40/100 tox|[from] psn
|-sideend|p2: No Bithes?????|Reflect
|turn|19
|
|move|p1a: Samurott|Ceaseless Edge|p2a: Toxapex
|-damage|p2a: Toxapex|54/100
|-sidestart|p2: No Bithes?????|Spikes
|move|p2a: Toxapex|Surf|p1a: Samurott
|-resisted|p1a: Samurott
|-damage|p1a: Samurott|31/100 tox
|
|-damage|p1a: Samurott|18/100 tox|[from] psn
|turn|20
|
|move|p1a: Samurott|Ceaseless Edge|p2a: Toxapex
|-damage|p2a: Toxapex|27/100
|-sidestart|p2: No Bithes?????|Spikes
|move|p2a: Toxapex|Recover|p2a: Toxapex
|-heal|p2a: Toxapex|77/100
|
|-damage|p1a: Samurott|0 fnt|[from] psn
|faint|p1a: Samurott
|
|switch|p1a: Ursaluna|Ursaluna, F|94/100 brn
|turn|21
|
|switch|p2a: Grimmsnarl|Grimmsnarl, M|16/100
|-damage|p2a: Grimmsnarl|0 fnt|[from] Spikes
|faint|p2a: Grimmsnarl
|move|p1a: Ursaluna|Headlong Rush|p2: Grimmsnarl|[notarget]
|-fail|p1a: Ursaluna
|
|-damage|p1a: Ursaluna|88/100 brn|[from] brn
|
|switch|p2a: Baxcalibur|Baxcalibur, F|35/100
|-damage|p2a: Baxcalibur|10/100|[from] Spikes
|turn|22
|
|switch|p1a: Magearna|Magearna|100/100
|move|p2a: Baxcalibur|Icicle Spear|p1a: Magearna
|-resisted|p1a: Magearna
|-damage|p1a: Magearna|95/100
|-resisted|p1a: Magearna
|-damage|p1a: Magearna|89/100
|-resisted|p1a: Magearna
|-damage|p1a: Magearna|83/100
|-resisted|p1a: Magearna
|-damage|p1a: Magearna|77/100
|-hitcount|p1a: Magearna|4
|
|turn|23
|
|move|p2a: Baxcalibur|Earthquake|p1a: Magearna
|-supereffective|p1a: Magearna
|-damage|p1a: Magearna|14/100
|move|p1a: Magearna|Flash Cannon|p2a: Baxcalibur
|-supereffective|p2a: Baxcalibur
|-damage|p2a: Baxcalibur|0 fnt
|faint|p2a: Baxcalibur
|-ability|p1a: Magearna|Soul-Heart|boost
|-boost|p1a: Magearna|spa|1
|
|
|switch|p2a: Volcarona|Volcarona, M|100/100
|turn|24
|
|move|p2a: Volcarona|Quiver Dance|p2a: Volcarona
|-boost|p2a: Volcarona|spa|1
|-boost|p2a: Volcarona|spd|1
|-boost|p2a: Volcarona|spe|1
|move|p1a: Magearna|Volt Switch|p2a: Volcarona
|-crit|p2a: Volcarona
|-damage|p2a: Volcarona|58/100
|
|switch|p1a: Ursaluna|Ursaluna, F|88/100 brn|[from] Volt Switch
|
|-damage|p1a: Ursaluna|82/100 brn|[from] brn
|turn|25
|
|move|p2a: Volcarona|Fiery Dance|p1a: Ursaluna
|-damage|p1a: Ursaluna|27/100 brn
|-boost|p2a: Volcarona|spa|1
|move|p1a: Ursaluna|Facade|p2a: Volcarona
|-damage|p2a: Volcarona|0 fnt
|faint|p2a: Volcarona
|
|-damage|p1a: Ursaluna|21/100 brn|[from] brn
|
|switch|p2a: Ursaluna|Ursaluna, F|100/100
|-damage|p2a: Ursaluna|75/100|[from] Spikes
|turn|26
|
|switch|p1a: Magearna|Magearna|14/100
|move|p2a: Ursaluna|Earthquake|p1a: Magearna
|-supereffective|p1a: Magearna
|-damage|p1a: Magearna|0 fnt
|faint|p1a: Magearna
|
|-status|p2a: Ursaluna|brn|[from] item: Flame Orb
|
|switch|p1a: Zamazenta|Zamazenta|100/100
|turn|27
|
|switch|p1a: Ursaluna|Ursaluna, F|21/100 brn
|move|p2a: Ursaluna|Facade|p1a: Ursaluna
|-damage|p1a: Ursaluna|0 fnt
|faint|p1a: Ursaluna
|
|-damage|p2a: Ursaluna|69/100 brn|[from] brn
|
|switch|p1a: Zamazenta|Zamazenta|100/100
|turn|28
|
|move|p1a: Zamazenta|Close Combat|p2a: Ursaluna
|-supereffective|p2a: Ursaluna
|-damage|p2a: Ursaluna|0 fnt
|-unboost|p1a: Zamazenta|def|1
|-unboost|p1a: Zamazenta|spd|1
|faint|p2a: Ursaluna
|
|
|switch|p2a: Toxapex|Toxapex, F|100/100
|-damage|p2a: Toxapex|75/100|[from] Spikes
|turn|29
|
|move|p1a: Zamazenta|Close Combat|p2a: Toxapex
|-resisted|p2a: Toxapex
|-damage|p2a: Toxapex|46/100
|-unboost|p1a: Zamazenta|def|1
|-unboost|p1a: Zamazenta|spd|1
|move|p2a: Toxapex|Surf|p1a: Zamazenta
|-crit|p1a: Zamazenta
|-damage|p1a: Zamazenta|44/100
|
|turn|30
|
|move|p1a: Zamazenta|Close Combat|p2a: Toxapex
|-resisted|p2a: Toxapex
|-damage|p2a: Toxapex|19/100
|-unboost|p1a: Zamazenta|def|1
|-unboost|p1a: Zamazenta|spd|1
|move|p2a: Toxapex|Recover|p2a: Toxapex
|-heal|p2a: Toxapex|69/100
|
|turn|31
|
|move|p1a: Zamazenta|Close Combat|p2a: Toxapex
|-resisted|p2a: Toxapex
|-damage|p2a: Toxapex|38/100
|-unboost|p1a: Zamazenta|def|1
|-unboost|p1a: Zamazenta|spd|1
|move|p2a: Toxapex|Surf|p1a: Zamazenta
|-damage|p1a: Zamazenta|0 fnt
|faint|p1a: Zamazenta
|
|win|No Bithes?????
