# advantage = p1
|poke|p1|Magearna|
|poke|p1|Clodsire, F|
|poke|p1|Garganacl, F|
|poke|p1|Dondozo, M|
|poke|p1|Gholdengo|
|poke|p1|Corviknight, M|
|poke|p2|Toxapex, F|
|poke|p2|Dragapult, M|
|poke|p2|Urshifu-*, F|
|poke|p2|Mew|
|poke|p2|Great Tusk|
|poke|p2|Baxcalibur, M|
|teampreview
|
|start
|switch|p1a: The|Corviknight, M|100/100
|switch|p2a: Mew|Mew|100/100
|-ability|p1a: The|Pressure
|turn|1
|
|move|p2a: Mew|Taunt|p1a: The
|-start|p1a: The|move: Taunt
|cant|p1a: The|move: Taunt|Taunt
|
|turn|2
|
|switch|p1a: Cheesr|Gholdengo|100/100
|move|p2a: Mew|Stealth Rock|p1a: Cheesr
|-sidestart|p1: p1|move: Stealth Rock
|
|turn|3
|
|move|p1a: Cheesr|Trick|p2a: Mew
|-activate|p1a: Cheesr|move: Trick|[of] p2a: Mew
|-item|p2a: Mew|Choice Scarf|[from] move: Trick
|-item|p1a: Cheesr|Focus Sash|[from] move: Trick
|move|p2a: Mew|Psychic|p1a: Cheesr
|-resisted|p1a: Cheesr
|-damage|p1a: Cheesr|79/100
|
|turn|4
|
|switch|p2a: Toxapex|Toxapex, F|100/100
|switch|p1a: The|Corviknight, M|100/100
|-damage|p1a: The|88/100|[from] Stealth Rock
|-ability|p1a: The|Pressure
|
|turn|5
|
|move|p1a: The|Taunt|p2a: Toxapex
|-start|p2a: Toxapex|move: Taunt
|move|p2a: Toxapex|Infestation|p1a: The
|-resisted|p1a: The
|-damage|p1a: The|87/100
|-activate|p1a: The|move: Infestation|[of] p2a: Toxapex
|-damage|p2a: Toxapex|84/100|[from] item: Rocky Helmet|[of] p1a: The
|
|-damage|p1a: The|75/100|[from] move: Infestation|[partiallytrapped]
|turn|6
|
|move|p1a: The|Defog|p2a: Toxapex
|-unboost|p2a: Toxapex|evasion|1
|-sideend|p1: p1|Stealth Rock|[from] move: Defog|[of] p1a: The
|move|p2a: Toxapex|Surf|p1a: The
|-damage|p1a: The|47/100
|
|-damage|p1a: The|35/100|[from] move: Infestation|[partiallytrapped]
|turn|7
|
|move|p1a: The|U-turn|p2a: Toxapex
|-resisted|p2a: Toxapex
|-crit|p2a: Toxapex
|-damage|p2a: Toxapex|75/100
|
|switch|p1a: Chien Poast|Magearna|100/100|[from] U-turn
|move|p2a: Toxapex|Surf|p1a: Chien Poast
|-damage|p1a: Chien Poast|79/100
|
|-heal|p1a: Chien Poast|85/100|[from] item: Leftovers
|-end|p2a: Toxapex|move: Taunt
|turn|8
|
|switch|p2a: Baxcalibur|Baxcalibur, M|100/100
|move|p1a: Chien Poast|Shift Gear|p1a: Chien Poast
|-boost|p1a: Chien Poast|spe|2
|-boost|p1a: Chien Poast|atk|1
|
|-heal|p1a: Chien Poast|91/100|[from] item: Leftovers
|turn|9
|
|-terastallize|p2a: Baxcalibur|Ground
|move|p1a: Chien Poast|Shift Gear|p1a: Chien Poast
|-boost|p1a: Chien Poast|spe|2
|-boost|p1a: Chien Poast|atk|1
|move|p2a: Baxcalibur|Earthquake|p1a: Chien Poast
|-supereffective|p1a: Chien Poast
|-crit|p1a: Chien Poast
|-damage|p1a: Chien Poast|0 fnt
|faint|p1a: Chien Poast
|
|
|switch|p1a: Oh carp|Dondozo, M|100/100
|turn|10
|
|switch|p2a: Urshifu|Urshifu-Rapid-Strike, F|100/100
|move|p1a: Oh carp|Liquidation|p2a: Urshifu
|-resisted|p2a: Urshifu
|-damage|p2a: Urshifu|84/100
|
|turn|11
|
|switch|p2a: Toxapex|Toxapex, F|100/100
|move|p1a: Oh carp|Curse|p1a: Oh carp
|-unboost|p1a: Oh carp|spe|1
|-boost|p1a: Oh carp|atk|1
|-boost|p1a: Oh carp|def|1
|
|turn|12
|
|switch|p1a: Me after losing|Garganacl, F|100/100
|move|p2a: Toxapex|Infestation|p1a: Me after losing
|-damage|p1a: Me after losing|98/100
|-activate|p1a: Me after losing|move: Infestation|[of] p2a: Toxapex
|
|-heal|p1a: Me after losing|100/100|[from] item: Leftovers
|-damage|p1a: Me after losing|88/100|[from] move: Infestation|[partiallytrapped]
|turn|13
|
|move|p1a: Me after losing|Salt Cure|p2a: Toxapex
|-damage|p2a: Toxapex|90/100
|-start|p2a: Toxapex|Salt Cure
|move|p2a: Toxapex|Surf|p1a: Me after losing
|-supereffective|p1a: Me after losing
|-damage|p1a: Me after losing|55/100
|
|-heal|p1a: Me after losing|61/100|[from] item: Leftovers
|-damage|p2a: Toxapex|65/100|[from] Salt Cure
|-damage|p1a: Me after losing|49/100|[from] move: Infestation|[partiallytrapped]
|turn|14
|
|move|p1a: Me after losing|Recover|p1a: Me after losing
|-heal|p1a: Me after losing|99/100
|move|p2a: Toxapex|Surf|p1a: Me after losing
|-supereffective|p1a: Me after losing
|-damage|p1a: Me after losing|65/100
|
|-heal|p1a: Me after losing|71/100|[from] item: Leftovers
|-damage|p1a: Me after losing|58/100|[from] move: Infestation|[partiallytrapped]
|-damage|p2a: Toxapex|40/100|[from] Salt Cure
|turn|15
|
|switch|p2a: Urshifu|Urshifu-Rapid-Strike, F|84/100
|-terastallize|p1a: Me after losing|Ghost
|move|p1a: Me after losing|Iron Defense|p1a: Me after losing
|-boost|p1a: Me after losing|def|2
|
|-heal|p1a: Me after losing|65/100|[from] item: Leftovers
|-end|p1a: Me after losing|Infestation|[partiallytrapped]|[silent]
|turn|16
|
|move|p2a: Urshifu|Swords Dance|p2a: Urshifu
|-boost|p2a: Urshifu|atk|2
|move|p1a: Me after losing|Recover|p1a: Me after losing
|-heal|p1a: Me after losing|100/100
|
|turn|17
|
|switch|p1a: Oh carp|Dondozo, M|100/100
|move|p2a: Urshifu|Surging Strikes|p1a: Oh carp
|-resisted|p1a: Oh carp
|-crit|p1a: Oh carp
|-damage|p1a: Oh carp|95/100
|-resisted|p1a: Oh carp
|-crit|p1a: Oh carp
|-damage|p1a: Oh carp|89/100
|-resisted|p1a: Oh carp
|-crit|p1a: Oh carp
|-damage|p1a: Oh carp|84/100
|-hitcount|p1a: Oh carp|3
|
|-heal|p1a: Oh carp|90/100|[from] item: Leftovers
|turn|18
|
|switch|p2a: Toxapex|Toxapex, F|74/100
|switch|p1a: Cheesr|Gholdengo|79/100
|
|turn|19
|
|switch|p1a: Magear no|Clodsire, F|100/100
|switch|p2a: Mew|Mew|100/100
|
|turn|20
|
|move|p2a: Mew|Psychic|p1a: Magear no
|-supereffective|p1a: Magear no
|-damage|p1a: Magear no|61/100
|move|p1a: Magear no|Toxic|p2a: Mew
|-status|p2a: Mew|tox
|-activate|p2a: Mew|ability: Synchronize
|-immune|p1a: Magear no
|
|-heal|p1a: Magear no|67/100|[from] item: Leftovers
|-damage|p2a: Mew|94/100 tox|[from] psn
|turn|21
|
|move|p2a: Mew|Psychic|p1a: Magear no
|-supereffective|p1a: Magear no
|-damage|p1a: Magear no|25/100
|move|p1a: Magear no|Stealth Rock|p2a: Mew
|-sidestart|p2: p2|move: Stealth Rock
|
|-heal|p1a: Magear no|31/100|[from] item: Leftovers
|-damage|p2a: Mew|82/100 tox|[from] psn
|turn|22
|
|switch|p2a: Dragapult|Dragapult, M|100/100
|-damage|p2a: Dragapult|88/100|[from] Stealth Rock
|switch|p1a: Cheesr|Gholdengo|79/100
|
|turn|23
|
|switch|p1a: The|Corviknight, M|35/100
|-ability|p1a: The|Pressure
|move|p2a: Dragapult|Flamethrower|p1a: The
|-supereffective|p1a: The
|-damage|p1a: The|0 fnt
|faint|p1a: The
|
|
|switch|p1a: Me after losing|Garganacl, F, tera:Ghost|100/100
|turn|24
|
|switch|p2a: Mew|Mew|82/100 tox
|-damage|p2a: Mew|70/100 tox|[from] Stealth Rock
|move|p1a: Me after losing|Salt Cure|p2a: Mew
|-damage|p2a: Mew|56/100 tox
|-start|p2a: Mew|Salt Cure
|
|-damage|p2a: Mew|50/100 tox|[from] psn
|-damage|p2a: Mew|38/100 tox|[from] Salt Cure
|turn|25
|
|move|p2a: Mew|Stealth Rock|p1a: Me after losing
|-sidestart|p1: p1|move: Stealth Rock
|move|p1a: Me after losing|Iron Defense|p1a: Me after losing
|-boost|p1a: Me after losing|def|2
|
|-damage|p2a: Mew|25/100 tox|[from] psn
|-damage|p2a: Mew|13/100 tox|[from] Salt Cure
|turn|26
|
|move|p2a: Mew|Stealth Rock||[still]
|-fail|p2a: Mew
|move|p1a: Me after losing|Iron Defense|p1a: Me after losing
|-boost|p1a: Me after losing|def|2
|
|-damage|p2a: Mew|0 fnt|[from] psn
|faint|p2a: Mew
|
|switch|p2a: Urshifu|Urshifu-Rapid-Strike, F|84/100
|-damage|p2a: Urshifu|78/100|[from] Stealth Rock
|turn|27
|
|move|p2a: Urshifu|Swords Dance|p2a: Urshifu
|-boost|p2a: Urshifu|atk|2
|move|p1a: Me after losing|Salt Cure|p2a: Urshifu
|-resisted|p2a: Urshifu
|-damage|p2a: Urshifu|71/100
|-start|p2a: Urshifu|Salt Cure
|
|-damage|p2a: Urshifu|46/100|[from] Salt Cure
|turn|28
|
|switch|p2a: Toxapex|Toxapex, F|100/100
|-damage|p2a: Toxapex|88/100|[from] Stealth Rock
|move|p1a: Me after losing|Body Press|p2a: Toxapex
|-resisted|p2a: Toxapex
|-damage|p2a: Toxapex|63/100
|
|turn|29
|
|switch|p2a: Great Tusk|Great Tusk|100/100
|-enditem|p2a: Great Tusk|Booster Energy
|-activate|p2a: Great Tusk|ability: Protosynthesis|[fromitem]
|-start|p2a: Great Tusk|protosynthesisatk
|-damage|p2a: Great Tusk|98/100|[from] Stealth Rock
|move|p1a: Me after losing|Salt Cure|p2a: Great Tusk
|-resisted|p2a: Great Tusk
|-damage|p2a: Great Tusk|95/100
|-start|p2a: Great Tusk|Salt Cure
|
|-damage|p2a: Great Tusk|83/100|[from] Salt Cure
|turn|30
|
|-end|p2a: Great Tusk|Protosynthesis|[silent]
|switch|p2a: Dragapult|Dragapult, M|88/100
|-damage|p2a: Dragapult|76/100|[from] Stealth Rock
|move|p1a: Me after losing|Body Press|p2a: Dragapult
|-immune|p2a: Dragapult
|
|turn|31
|
|move|p2a: Dragapult|Shadow Ball|p1a: Me after losing
|-supereffective|p1a: Me after losing
|-damage|p1a: Me after losing|65/100
|move|p1a: Me after losing|Salt Cure|p2a: Dragapult
|-damage|p2a: Dragapult|55/100
|-start|p2a: Dragapult|Salt Cure
|
|-heal|p1a: Me after losing|71/100|[from] item: Leftovers
|-damage|p2a: Dragapult|43/100|[from] Salt Cure
|turn|32
|
|move|p2a: Dragapult|Shadow Ball|p1a: Me after losing
|-supereffective|p1a: Me after losing
|-damage|p1a: Me after losing|38/100
|-unboost|p1a: Me after losing|spd|1
|move|p1a: Me after losing|Recover|p1a: Me after losing
|-heal|p1a: Me after losing|88/100
|
|-heal|p1a: Me after losing|94/100|[from] item: Leftovers
|-damage|p2a: Dragapult|30/100|[from] Salt Cure
|turn|33
|
|move|p2a: Dragapult|Shadow Ball|p1a: Me after losing
|-supereffective|p1a: Me after losing
|-damage|p1a: Me after losing|47/100
|-unboost|p1a: Me after losing|spd|1
|move|p1a: Me after losing|Recover|p1a: Me after losing
|-heal|p1a: Me after losing|97/100
|
|-heal|p1a: Me after losing|100/100|[from] item: Leftovers
|-damage|p2a: Dragapult|18/100|[from] Salt Cure
|turn|34
|
|switch|p1a: Magear no|Clodsire, F|31/100
|-damage|p1a: Magear no|25/100|[from] Stealth Rock
|move|p2a: Dragapult|Shadow Ball|p1a: Magear no
|-damage|p1a: Magear no|0 fnt
|faint|p1a: Magear no
|
|-damage|p2a: Dragapult|6/100|[from] Salt Cure
|
|switch|p1a: Me after losing|Garganacl, F, tera:Ghost|100/100
|-damage|p1a: Me after losing|88/100|[from] Stealth Rock
|turn|35
|
|move|p2a: Dragapult|Shadow Ball|p1a: Me after losing
|-supereffective|p1a: Me after losing
|-damage|p1a: Me after losing|53/100
|move|p1a: Me after losing|Iron Defense|p1a: Me after losing
|-boost|p1a: Me after losing|def|2
|
|-heal|p1a: Me after losing|60/100|[from] item: Leftovers
|-damage|p2a: Dragapult|0 fnt|[from] Salt Cure
|faint|p2a: Dragapult
|
|switch|p2a: Urshifu|Urshifu-Rapid-Strike, F|46/100
|-damage|p2a: Urshifu|40/100|[from] Stealth Rock
|turn|36
|
|move|p2a: Urshifu|Surging Strikes|p1a: Me after losing
|-crit|p1a: Me after losing
|-damage|p1a: Me after losing|43/100
|-crit|p1a: Me after losing
|-damage|p1a: Me after losing|28/100
|-crit|p1a: Me after losing
|-damage|p1a: Me after losing|12/100
|-hitcount|p1a: Me after losing|3
|move|p1a: Me after losing|Salt Cure|p2a: Urshifu
|-resisted|p2a: Urshifu
|-damage|p2a: Urshifu|34/100
|-start|p2a: Urshifu|Salt Cure
|
|-heal|p1a: Me after losing|18/100|[from] item: Leftovers
|-damage|p2a: Urshifu|9/100|[from] Salt Cure
|turn|37
|
|switch|p1a: Oh carp|Dondozo, M|90/100
|-damage|p1a: Oh carp|77/100|[from] Stealth Rock
|move|p2a: Urshifu|Surging Strikes|p1a: Oh carp
|-resisted|p1a: Oh carp
|-crit|p1a: Oh carp
|-damage|p1a: Oh carp|72/100
|-resisted|p1a: Oh carp
|-crit|p1a: Oh carp
|-damage|p1a: Oh carp|67/100
|-resisted|p1a: Oh carp
|-crit|p1a: Oh carp
|-damage|p1a: Oh carp|61/100
|-hitcount|p1a: Oh carp|3
|
|-heal|p1a: Oh carp|67/100|[from] item: Leftovers
|-damage|p2a: Urshifu|0 fnt|[from] Salt Cure
|faint|p2a: Urshifu
|
|switch|p2a: Toxapex|Toxapex, F|96/100
|-damage|p2a: Toxapex|84/100|[from] Stealth Rock
|turn|38
|
|switch|p1a: Cheesr|Gholdengo|79/100
|-damage|p1a: Cheesr|73/100|[from] Stealth Rock
|move|p2a: Toxapex|Infestation|p1a: Cheesr
|-resisted|p1a: Cheesr
|-damage|p1a: Cheesr|72/100
|-activate|p1a: Cheesr|move: Infestation|[of] p2a: Toxapex
|
|-damage|p1a: Cheesr|59/100|[from] move: Infestation|[partiallytrapped]
|turn|39
|
|move|p1a: Cheesr|Recover|p1a: Cheesr
|-heal|p1a: Cheesr|100/100
|move|p2a: Toxapex|Surf|p1a: Cheesr
|-crit|p1a: Cheesr
|-damage|p1a: Cheesr|55/100
|
|-damage|p1a: Cheesr|43/100|[from] move: Infestation|[partiallytrapped]
|turn|40
|
|move|p1a: Cheesr|Recover|p1a: Cheesr
|-heal|p1a: Cheesr|93/100
|move|p2a: Toxapex|Surf|p1a: Cheesr
|-damage|p1a: Cheesr|59/100
|
|-damage|p1a: Cheesr|47/100|[from] move: Infestation|[partiallytrapped]
|turn|41
|
|move|p1a: Cheesr|Shadow Ball|p2a: Toxapex
|-damage|p2a: Toxapex|59/100
|move|p2a: Toxapex|Surf|p1a: Cheesr
|-damage|p1a: Cheesr|15/100
|
|-damage|p1a: Cheesr|3/100|[from] move: Infestation|[partiallytrapped]
|turn|42
|
|switch|p2a: Great Tusk|Great Tusk|83/100
|-damage|p2a: Great Tusk|80/100|[from] Stealth Rock
|move|p1a: Cheesr|Shadow Ball|p2a: Great Tusk
|-damage|p2a: Great Tusk|16/100
|
|-end|p1a: Cheesr|Infestation|[partiallytrapped]
|turn|43
|
|move|p2a: Great Tusk|Headlong Rush|p1a: Cheesr
|-supereffective|p1a: Cheesr
|-damage|p1a: Cheesr|0 fnt
|-unboost|p2a: Great Tusk|def|1
|-unboost|p2a: Great Tusk|spd|1
|faint|p1a: Cheesr
|
|
|switch|p1a: Oh carp|Dondozo, M|67/100
|-damage|p1a: Oh carp|55/100|[from] Stealth Rock
|turn|44
|
|move|p2a: Great Tusk|Close Combat|p1a: Oh carp
|-damage|p1a: Oh carp|29/100
|-unboost|p2a: Great Tusk|def|1
|-unboost|p2a: Great Tusk|spd|1
|move|p1a: Oh carp|Rest|p1a: Oh carp
|-status|p1a: Oh carp|slp|[from] move: Rest
|-heal|p1a: Oh carp|100/100 slp|[silent]
|
|turn|45
|
|-end|p2a: Great Tusk|Protosynthesis|[silent]
|switch|p2a: Toxapex|Toxapex, F|92/100
|-damage|p2a: Toxapex|80/100|[from] Stealth Rock
|cant|p1a: Oh carp|slp
|move|p1a: Oh carp|Sleep Talk|p1a: Oh carp
|move|p1a: Oh carp|Liquidation|p2a: Toxapex|[from]move: Sleep Talk
|-resisted|p2a: Toxapex
|-damage|p2a: Toxapex|68/100
|-unboost|p2a: Toxapex|def|1
|
|turn|46
|
|switch|p2a: Baxcalibur|Baxcalibur, M, tera:Ground|100/100
|-damage|p2a: Baxcalibur|94/100|[from] Stealth Rock
|cant|p1a: Oh carp|slp
|move|p1a: Oh carp|Sleep Talk|p1a: Oh carp
|move|p1a: Oh carp|Curse|p1a: Oh carp|[from]move: Sleep Talk
|-unboost|p1a: Oh carp|spe|1
|-boost|p1a: Oh carp|atk|1
|-boost|p1a: Oh carp|def|1
|
|turn|47
|
|switch|p2a: Toxapex|Toxapex, F|100/100
|-damage|p2a: Toxapex|88/100|[from] Stealth Rock
|-curestatus|p1a: Oh carp|slp|[msg]
|move|p1a: Oh carp|Curse|p1a: Oh carp
|-unboost|p1a: Oh carp|spe|1
|-boost|p1a: Oh carp|atk|1
|-boost|p1a: Oh carp|def|1
|
|turn|48
|
|move|p2a: Toxapex|Infestation|p1a: Oh carp
|-damage|p1a: Oh carp|97/100
|-activate|p1a: Oh carp|move: Infestation|[of] p2a: Toxapex
|move|p1a: Oh carp|Curse|p1a: Oh carp
|-unboost|p1a: Oh carp|spe|1
|-boost|p1a: Oh carp|atk|1
|-boost|p1a: Oh carp|def|1
|
|-heal|p1a: Oh carp|100/100|[from] item: Leftovers
|-damage|p1a: Oh carp|88/100|[from] move: Infestation|[partiallytrapped]
|turn|49
|
|move|p2a: Toxapex|Sludge Bomb|p1a: Oh carp
|-damage|p1a: Oh carp|62/100
|move|p1a: Oh carp|Curse|p1a: Oh carp
|-unboost|p1a: Oh carp|spe|1
|-boost|p1a: Oh carp|atk|1
|-boost|p1a: Oh carp|def|1
|
|-heal|p1a: Oh carp|68/100|[from] item: Leftovers
|-damage|p1a: Oh carp|56/100|[from] move: Infestation|[partiallytrapped]
|turn|50
|
|move|p2a: Toxapex|Sludge Bomb|p1a: Oh carp
|-damage|p1a: Oh carp|30/100
|-status|p1a: Oh carp|psn
|move|p1a: Oh carp|Rest|p1a: Oh carp
|-status|p1a: Oh carp|slp|[from] move: Rest
|-heal|p1a: Oh carp|100/100 slp|[silent]
|
|-damage|p1a: Oh carp|88/100 slp|[from] move: Infestation|[partiallytrapped]
|turn|51
|
|move|p2a: Toxapex|Sludge Bomb|p1a: Oh carp
|-damage|p1a: Oh carp|64/100 slp
|cant|p1a: Oh carp|slp
|move|p1a: Oh carp|Sleep Talk|p1a: Oh carp
|move|p1a: Oh carp|Liquidation|p2a: Toxapex|[from]move: Sleep Talk
|-resisted|p2a: Toxapex
|-damage|p2a: Toxapex|51/100
|
|-heal|p1a: Oh carp|70/100 slp|[from] item: Leftovers
|-damage|p1a: Oh carp|58/100 slp|[from] move: Infestation|[partiallytrapped]
|turn|52
|
|move|p2a: Toxapex|Sludge Bomb|p1a: Oh carp
|-damage|p1a: Oh carp|34/100 slp
|cant|p1a: Oh carp|slp
|move|p1a: Oh carp|Sleep Talk|p1a: Oh carp
|move|p1a: Oh carp|Curse|p1a: Oh carp|[from]move: Sleep Talk
|-unboost|p1a: Oh carp|spe|1
|-boost|p1a: Oh carp|atk|1
|-boost|p1a: Oh carp|def|1
|
|-heal|p1a: Oh carp|40/100 slp|[from] item: Leftovers
|-damage|p1a: Oh carp|28/100 slp|[from] move: Infestation|[partiallytrapped]
|turn|53
|
|move|p2a: Toxapex|Sludge Bomb|p1a: Oh carp
|-damage|p1a: Oh carp|1/100 slp
|-curestatus|p1a: Oh carp|slp|[msg]
|move|p1a: Oh carp|Rest|p1a: Oh carp
|-status|p1a: Oh carp|slp|[from] move: Rest
|-heal|p1a: Oh carp|100/100 slp|[silent]
|
|-end|p1a: Oh carp|Infestation|[partiallytrapped]
|turn|54
|
|move|p2a: Toxapex|Sludge Bomb|p1a: Oh carp
|-damage|p1a: Oh carp|73/100 slp
|cant|p1a: Oh carp|slp
|move|p1a: Oh carp|Sleep Talk|p1a: Oh carp
|move|p1a: Oh carp|Liquidation|p2a: Toxapex|[from]move: Sleep Talk
|-resisted|p2a: Toxapex
|-damage|p2a: Toxapex|14/100
|
|-heal|p1a: Oh carp|79/100 slp|[from] item: Leftovers
|turn|55
|
|switch|p2a: Great Tusk|Great Tusk|16/100
|-damage|p2a: Great Tusk|13/100|[from] Stealth Rock
|cant|p1a: Oh carp|slp
|move|p1a: Oh carp|Sleep Talk|p1a: Oh carp
|move|p1a: Oh carp|Rest||[from]move: Sleep Talk|[still]
|-fail|p1a: Oh carp
|
|-heal|p1a: Oh carp|85/100 slp|[from] item: Leftovers
|turn|56
|
|move|p2a: Great Tusk|Rapid Spin|p1a: Oh carp
|-damage|p1a: Oh carp|83/100 slp
|-boost|p2a: Great Tusk|spe|1
|-sideend|p2: p2|Stealth Rock|[from] move: Rapid Spin|[of] p2a: Great Tusk
|-curestatus|p1a: Oh carp|slp|[msg]
|move|p1a: Oh carp|Liquidation|p2a: Great Tusk
|-supereffective|p2a: Great Tusk
|-damage|p2a: Great Tusk|0 fnt
|faint|p2a: Great Tusk
|-end|p2a: Great Tusk|Protosynthesis|[silent]
|
|-heal|p1a: Oh carp|89/100|[from] item: Leftovers
|
|switch|p2a: Toxapex|Toxapex, F|47/100
|turn|57
|
|move|p2a: Toxapex|Infestation|p1a: Oh carp
|-damage|p1a: Oh carp|85/100
|-activate|p1a: Oh carp|move: Infestation|[of] p2a: Toxapex
|move|p1a: Oh carp|Liquidation|p2a: Toxapex
|-resisted|p2a: Toxapex
|-damage|p2a: Toxapex|11/100
|
|-heal|p1a: Oh carp|91/100|[from] item: Leftovers
|-damage|p1a: Oh carp|79/100|[from] move: Infestation|[partiallytrapped]
|turn|58
|
|move|p2a: Toxapex|Sludge Bomb|p1a: Oh carp
|-damage|p1a: Oh carp|53/100
|move|p1a: Oh carp|Liquidation|p2a: Toxapex
|-resisted|p2a: Toxapex
|-damage|p2a: Toxapex|0 fnt
|faint|p2a: Toxapex
|
|-heal|p1a: Oh carp|59/100|[from] item: Leftovers
|-end|p1a: Oh carp|Infestation|[partiallytrapped]|[silent]
|
|switch|p2a: Baxcalibur|Baxcalibur, M, tera:Ground|94/100
|turn|59
|
|move|p2a: Baxcalibur|Icicle Spear|p1a: Oh carp
|-resisted|p1a: Oh carp
|-damage|p1a: Oh carp|58/100
|-resisted|p1a: Oh carp
|-damage|p1a: Oh carp|57/100
|-resisted|p1a: Oh carp
|-damage|p1a: Oh carp|56/100
|-resisted|p1a: Oh carp
|-damage|p1a: Oh carp|55/100
|-resisted|p1a: Oh carp
|-damage|p1a: Oh carp|55/100
|-hitcount|p1a: Oh carp|5
|move|p1a: Oh carp|Liquidation|p2a: Baxcalibur
|-supereffective|p2a: Baxcalibur
|-damage|p2a: Baxcalibur|0 fnt
|faint|p2a: Baxcalibur
|
|win|p1
