|poke|p1|Gardevoir, F|
|poke|p1|Zapdos|
|poke|p1|Urshifu-*, M|
|poke|p1|Magearna|
|poke|p1|Typhlosion-Hisui, M|
|poke|p1|Dragonite, M|
|poke|p2|Glastrier|
|poke|p2|Magearna|
|poke|p2|Cresselia, F|
|poke|p2|Ursaluna, M|
|poke|p2|Kingambit, F|
|poke|p2|Slowking-Galar, F|
|teampreview
|
|start
|switch|p1a: Magearna|Magearna|100/100
|switch|p2a: Magearna|Magearna|100/100
|turn|1
|
|move|p1a: Magearna|Spikes|p2a: Magearna
|-sidestart|p2: p2|Spikes
|move|p2a: Magearna|Trick Room|p2a: Magearna
|-fieldstart|move: Trick Room|[of] p2a: Magearna
|
|turn|2
|
|switch|p2a: Ursaluna|Ursaluna, M|100/100
|-damage|p2a: Ursaluna|88/100|[from] Spikes
|move|p1a: Magearna|Spikes|p2a: Ursaluna
|-sidestart|p2: p2|Spikes
|
|-status|p2a: Ursaluna|brn|[from] item: Flame Orb
|turn|3
|
|move|p2a: Ursaluna|Earthquake|p1a: Magearna
|-supereffective|p1a: Magearna
|-damage|p1a: Magearna|0 fnt
|faint|p1a: Magearna
|
|-damage|p2a: Ursaluna|82/100 brn|[from] brn
|
|switch|p1a: Urshifu|Urshifu-Rapid-Strike, M|100/100
|turn|4
|
|move|p2a: Ursaluna|Facade|p1a: Urshifu
|-damage|p1a: Urshifu|0 fnt
|faint|p1a: Urshifu
|
|-damage|p2a: Ursaluna|75/100 brn|[from] brn
|
|switch|p1a: Gardevoir|Gardevoir, F|100/100
|-ability|p1a: Gardevoir|Guts|[from] ability: Trace|[of] p2a: Ursaluna
|turn|5
|
|move|p2a: Ursaluna|Facade|p1a: Gardevoir
|-damage|p1a: Gardevoir|0 fnt
|faint|p1a: Gardevoir
|
|-damage|p2a: Ursaluna|69/100 brn|[from] brn
|-fieldend|move: Trick Room
|
|switch|p1a: Typhlosion|Typhlosion-Hisui, M|100/100
|turn|6
|
|-terastallize|p1a: Typhlosion|Normal
|move|p1a: Typhlosion|Eruption|p2a: Ursaluna
|-damage|p2a: Ursaluna|0 fnt
|faint|p2a: Ursaluna
|
|
|switch|p2a: Slowking|Slowking-Galar, F|100/100
|-damage|p2a: Slowking|84/100|[from] Spikes
|turn|7
|
|move|p1a: Typhlosion|Eruption|p2a: Slowking
|-damage|p2a: Slowking|4/100
|move|p2a: Slowking|Trick Room|p2a: Slowking
|-fieldstart|move: Trick Room|[of] p2a: Slowking
|
|turn|8
|
|move|p2a: Slowking|Psychic|p1a: Typhlosion
|-damage|p1a: Typhlosion|52/100
|-unboost|p1a: Typhlosion|spd|1
|move|p1a: Typhlosion|Eruption|p2a: Slowking
|-damage|p2a: Slowking|0 fnt
|faint|p2a: Slowking
|
|
|switch|p2a: Magearna|Magearna|100/100
|-damage|p2a: Magearna|84/100|[from] Spikes
|turn|9
|
|move|p2a: Magearna|Focus Blast|p1a: Typhlosion|[miss]
|-miss|p2a: Magearna|p1a: Typhlosion
|move|p1a: Typhlosion|Eruption|p2a: Magearna
|-supereffective|p2a: Magearna
|-damage|p2a: Magearna|0 fnt
|faint|p2a: Magearna
|
|
|switch|p2a: Glastrier|Glastrier|100/100
|turn|10
|
|move|p2a: Glastrier|Icicle Crash|p1a: Typhlosion
|-damage|p1a: Typhlosion|0 fnt
|faint|p1a: Typhlosion
|-ability|p2a: Glastrier|Chilling Neigh|boost
|-boost|p2a: Glastrier|atk|1
|
|
|switch|p1a: Dragonite|Dragonite, M|100/100
|turn|11
|
|move|p2a: Glastrier|Icicle Crash|p1a: Dragonite
|-supereffective|p1a: Dragonite
|-damage|p1a: Dragonite|0 fnt
|faint|p1a: Dragonite
|-ability|p2a: Glastrier|Chilling Neigh|boost
|-boost|p2a: Glastrier|atk|1
|
|-fieldend|move: Trick Room
|
|switch|p1a: Zapdos|Zapdos|100/100
|turn|12
|
|-terastallize|p2a: Glastrier|Electric
|move|p1a: Zapdos|Heat Wave|p2a: Glastrier
|-damage|p2a: Glastrier|79/100
|move|p2a: Glastrier|Icicle Crash|p1a: Zapdos
|-supereffective|p1a: Zapdos
|-damage|p1a: Zapdos|0 fnt
|faint|p1a: Zapdos
|
|win|p2
