|poke|p1|Iron Valiant|
|poke|p1|Cresselia, F|
|poke|p1|Dragapult, F|
|poke|p1|Samurott-Hisui, F|
|poke|p1|Ursaluna, F|
|poke|p1|Zamazenta-*|
|poke|p2|Landorus-Therian, M|
|poke|p2|Magearna|
|poke|p2|Skeledirge, M|
|poke|p2|Volcanion|
|poke|p2|Corviknight, F|
|poke|p2|Garganacl, M|
|teampreview
|
|start
|switch|p1a: Iron Valiant|Iron Valiant|100/100
|switch|p2a: Magearna|Magearna|100/100
|turn|1
|
|move|p1a: Iron Valiant|Close Combat|p2a: Magearna
|-damage|p2a: Magearna|63/100
|-unboost|p1a: Iron Valiant|def|1
|-unboost|p1a: Iron Valiant|spd|1
|-damage|p1a: Iron Valiant|91/100|[from] item: Life Orb
|move|p2a: Magearna|Fleur Cannon|p1a: Iron Valiant
|-supereffective|p1a: Iron Valiant
|-damage|p1a: Iron Valiant|0 fnt
|-unboost|p2a: Magearna|spa|2
|faint|p1a: Iron Valiant
|-ability|p2a: Magearna|Soul-Heart|boost
|-boost|p2a: Magearna|spa|1
|-end|p1a: Iron Valiant|Quark Drive|[silent]
|
|-heal|p2a: Magearna|69/100|[from] item: Leftovers
|player|p2|
|
|switch|p1a: Zamazenta|Zamazenta-Crowned|100/100
|-ability|p1a: Zamazenta|Dauntless Shield|boost
|-boost|p1a: Zamazenta|def|1
|turn|2
|player|p2|mathismathin|1
|
|move|p1a: Zamazenta|Iron Defense|p1a: Zamazenta
|-boost|p1a: Zamazenta|def|2
|move|p2a: Magearna|Volt Switch|p1a: Zamazenta
|-damage|p1a: Zamazenta|91/100
|
|switch|p2a: Skeledirge|Skeledirge, M|100/100|[from] Volt Switch
|
|turn|3
|
|-terastallize|p1a: Zamazenta|Water
|move|p1a: Zamazenta|Crunch|p2a: Skeledirge
|-supereffective|p2a: Skeledirge
|-damage|p2a: Skeledirge|62/100
|move|p2a: Skeledirge|Torch Song|p1a: Zamazenta
|-resisted|p1a: Zamazenta
|-damage|p1a: Zamazenta|79/100
|-boost|p2a: Skeledirge|spa|1
|
|turn|4
|
|move|p1a: Zamazenta|Crunch|p2a: Skeledirge
|-supereffective|p2a: Skeledirge
|-damage|p2a: Skeledirge|24/100
|-unboost|p2a: Skeledirge|def|1
|move|p2a: Skeledirge|Slack Off|p2a: Skeledirge
|-heal|p2a: Skeledirge|74/100
|
|turn|5
|
|move|p1a: Zamazenta|Crunch|p2a: Skeledirge
|-supereffective|p2a: Skeledirge
|-damage|p2a: Skeledirge|20/100
|move|p2a: Skeledirge|Will-O-Wisp|p1a: Zamazenta|[miss]
|-miss|p2a: Skeledirge|p1a: Zamazenta
|
|turn|6
|
|-terastallize|p2a: Skeledirge|Fairy
|move|p1a: Zamazenta|Crunch|p2a: Skeledirge
|-resisted|p2a: Skeledirge
|-damage|p2a: Skeledirge|7/100
|move|p2a: Skeledirge|Will-O-Wisp|p1a: Zamazenta
|-status|p1a: Zamazenta|brn
|
|-damage|p1a: Zamazenta|73/100 brn|[from] brn
|turn|7
|
|switch|p2a: Corviknight|Corviknight, F|100/100
|-ability|p2a: Corviknight|Pressure
|move|p1a: Zamazenta|Body Press|p2a: Corviknight
|-damage|p2a: Corviknight|67/100
|-damage|p1a: Zamazenta|56/100 brn|[from] item: Rocky Helmet|[of] p2a: Corviknight
|
|-damage|p1a: Zamazenta|50/100 brn|[from] brn
|turn|8
|
|switch|p1a: Samurott|Samurott-Hisui, F|100/100
|move|p2a: Corviknight|U-turn|p1a: Samurott
|-supereffective|p1a: Samurott
|-damage|p1a: Samurott|64/100
|
|switch|p2a: Landorus|Landorus-Therian, M|100/100|[from] U-turn
|-ability|p2a: Landorus|Intimidate|boost
|-unboost|p1a: Samurott|atk|1
|
|turn|9
|
|move|p1a: Samurott|Ceaseless Edge|p2a: Landorus
|-damage|p2a: Landorus|65/100
|-sidestart|p2: mathismathin|Spikes
|move|p2a: Landorus|Earthquake|p1a: Samurott
|-damage|p1a: Samurott|0 fnt
|faint|p1a: Samurott
|
|-heal|p2a: Landorus|71/100|[from] item: Leftovers
|
|switch|p1a: Cresselia|Cresselia, F|100/100
|turn|10
|
|switch|p2a: Corviknight|Corviknight, F|67/100
|-ability|p2a: Corviknight|Pressure
|move|p1a: Cresselia|Calm Mind|p1a: Cresselia
|-boost|p1a: Cresselia|spa|1
|-boost|p1a: Cresselia|spd|1
|
|turn|11
|
|move|p1a: Cresselia|Calm Mind|p1a: Cresselia
|-boost|p1a: Cresselia|spa|1
|-boost|p1a: Cresselia|spd|1
|move|p2a: Corviknight|U-turn|p1a: Cresselia
|-supereffective|p1a: Cresselia
|-damage|p1a: Cresselia|86/100
|
|switch|p2a: Garganacl|Garganacl, M|100/100|[from] U-turn
|-damage|p2a: Garganacl|88/100|[from] Spikes
|
|-heal|p1a: Cresselia|92/100|[from] item: Leftovers
|-heal|p2a: Garganacl|94/100|[from] item: Leftovers
|turn|12
|
|move|p1a: Cresselia|Calm Mind|p1a: Cresselia
|-boost|p1a: Cresselia|spa|1
|-boost|p1a: Cresselia|spd|1
|move|p2a: Garganacl|Salt Cure|p1a: Cresselia
|-damage|p1a: Cresselia|85/100
|-start|p1a: Cresselia|Salt Cure
|
|-heal|p1a: Cresselia|91/100|[from] item: Leftovers
|-heal|p2a: Garganacl|100/100|[from] item: Leftovers
|-damage|p1a: Cresselia|78/100|[from] Salt Cure
|turn|13
|
|switch|p2a: Skeledirge|Skeledirge, M, tera:Fairy|7/100
|move|p1a: Cresselia|Stored Power|p2a: Skeledirge
|-damage|p2a: Skeledirge|0 fnt
|faint|p2a: Skeledirge
|
|-heal|p1a: Cresselia|85/100|[from] item: Leftovers
|-damage|p1a: Cresselia|72/100|[from] Salt Cure
|
|switch|p2a: Corviknight|Corviknight, F|67/100
|-ability|p2a: Corviknight|Pressure
|turn|14
|
|move|p1a: Cresselia|Stored Power|p2a: Corviknight
|-resisted|p2a: Corviknight
|-damage|p2a: Corviknight|24/100
|move|p2a: Corviknight|U-turn|p1a: Cresselia
|-supereffective|p1a: Cresselia
|-damage|p1a: Cresselia|58/100
|
|switch|p2a: Landorus|Landorus-Therian, M|71/100|[from] U-turn
|-ability|p2a: Landorus|Intimidate|boost
|-unboost|p1a: Cresselia|atk|1
|
|-heal|p2a: Landorus|77/100|[from] item: Leftovers
|-heal|p1a: Cresselia|64/100|[from] item: Leftovers
|-damage|p1a: Cresselia|51/100|[from] Salt Cure
|turn|15
|
|move|p2a: Landorus|Smack Down|p1a: Cresselia
|-damage|p1a: Cresselia|41/100
|-start|p1a: Cresselia|Smack Down
|move|p1a: Cresselia|Moonlight|p1a: Cresselia
|-heal|p1a: Cresselia|91/100
|
|-heal|p2a: Landorus|84/100|[from] item: Leftovers
|-heal|p1a: Cresselia|97/100|[from] item: Leftovers
|-damage|p1a: Cresselia|85/100|[from] Salt Cure
|turn|16
|
|move|p2a: Landorus|Substitute|p2a: Landorus
|-start|p2a: Landorus|Substitute
|-damage|p2a: Landorus|59/100
|move|p1a: Cresselia|Stored Power|p2a: Landorus
|-crit|p2a: Landorus
|-end|p2a: Landorus|Substitute
|
|-heal|p2a: Landorus|65/100|[from] item: Leftovers
|-heal|p1a: Cresselia|91/100|[from] item: Leftovers
|-damage|p1a: Cresselia|79/100|[from] Salt Cure
|turn|17
|
|move|p2a: Landorus|Substitute|p2a: Landorus
|-start|p2a: Landorus|Substitute
|-damage|p2a: Landorus|40/100
|move|p1a: Cresselia|Stored Power|p2a: Landorus
|-end|p2a: Landorus|Substitute
|
|-heal|p2a: Landorus|46/100|[from] item: Leftovers
|-heal|p1a: Cresselia|85/100|[from] item: Leftovers
|-damage|p1a: Cresselia|72/100|[from] Salt Cure
|turn|18
|
|move|p2a: Landorus|Substitute|p2a: Landorus
|-start|p2a: Landorus|Substitute
|-damage|p2a: Landorus|21/100
|move|p1a: Cresselia|Stored Power|p2a: Landorus
|-end|p2a: Landorus|Substitute
|
|-heal|p2a: Landorus|27/100|[from] item: Leftovers
|-heal|p1a: Cresselia|78/100|[from] item: Leftovers
|-damage|p1a: Cresselia|66/100|[from] Salt Cure
|turn|19
|
|move|p2a: Landorus|Earthquake|p1a: Cresselia
|-damage|p1a: Cresselia|38/100
|move|p1a: Cresselia|Stored Power|p2a: Landorus
|-damage|p2a: Landorus|0 fnt
|faint|p2a: Landorus
|
|-heal|p1a: Cresselia|44/100|[from] item: Leftovers
|-damage|p1a: Cresselia|32/100|[from] Salt Cure
|-message|mathismathin forfeited.
|
|win|y0
