|poke|p1|Sneasler, F|
|poke|p1|Great Tusk|
|poke|p1|Kleavor, F|
|poke|p1|Scizor, F|
|poke|p1|Dondozo, M|
|poke|p1|Dragapult, M|
|poke|p2|Gholdengo|
|poke|p2|Chien-Pao|
|poke|p2|Magearna|
|poke|p2|Zapdos|
|poke|p2|Great Tusk|
|poke|p2|Slowking, M|
|teampreview
|
|start
|switch|p1a: Sneasler|Sneasler, F, shiny|100/100
|switch|p2a: Bruce Lee|Zapdos, shiny|100/100
|turn|1
|
|switch|p1a: Kleavor|Kleavor, F|100/100
|move|p2a: Bruce Lee|Thunder Wave|p1a: Kleavor
|-status|p1a: Kleavor|par
|
|turn|2
|
|move|p2a: Bruce Lee|Volt Switch|p1a: Kleavor
|-damage|p1a: Kleavor|55/100 par
|
|switch|p2a: Manny|Great Tusk|100/100|[from] Volt Switch
|move|p1a: Kleavor|Stone Axe|p2a: Manny
|-resisted|p2a: Manny
|-damage|p2a: Manny|92/100
|-sidestart|p2: p2|move: Stealth Rock
|
|-heal|p2a: Manny|98/100|[from] item: Leftovers
|turn|3
|
|switch|p1a: Dragapult|Dragapult, M|100/100
|move|p2a: Manny|Rapid Spin|p1a: Dragapult
|-immune|p1a: Dragapult
|
|-heal|p2a: Manny|100/100|[from] item: Leftovers
|turn|4
|
|move|p1a: Dragapult|Draco Meteor|p2a: Manny
|-damage|p2a: Manny|0 fnt
|-unboost|p1a: Dragapult|spa|2
|faint|p2a: Manny
|-end|p2a: Manny|Protosynthesis|[silent]
|
|
|switch|p2a: Alita|Magearna|100/100
|-damage|p2a: Alita|94/100|[from] Stealth Rock
|turn|5
|
|switch|p1a: Scizor|Scizor, F|100/100
|move|p2a: Alita|Shift Gear|p2a: Alita
|-boost|p2a: Alita|spe|2
|-boost|p2a: Alita|atk|1
|
|-heal|p2a: Alita|100/100|[from] item: Leftovers
|turn|6
|
|-terastallize|p2a: Alita|Water
|move|p2a: Alita|Calm Mind|p2a: Alita
|-boost|p2a: Alita|spa|1
|-boost|p2a: Alita|spd|1
|move|p1a: Scizor|Swords Dance|p1a: Scizor
|-boost|p1a: Scizor|atk|2
|
|turn|7
|
|move|p2a: Alita|Calm Mind|p2a: Alita
|-boost|p2a: Alita|spa|1
|-boost|p2a: Alita|spd|1
|move|p1a: Scizor|Close Combat|p2a: Alita
|-damage|p2a: Alita|8/100
|-unboost|p1a: Scizor|def|1
|-unboost|p1a: Scizor|spd|1
|
|-heal|p2a: Alita|14/100|[from] item: Leftovers
|turn|8
|
|move|p1a: Scizor|Bullet Punch|p2a: Alita
|-resisted|p2a: Alita
|-crit|p2a: Alita
|-damage|p2a: Alita|0 fnt
|faint|p2a: Alita
|
|
|switch|p2a: Bruce Lee|Zapdos, shiny|100/100
|turn|9
|
|switch|p1a: Kleavor|Kleavor, F|55/100 par
|move|p2a: Bruce Lee|Hurricane|p1a: Kleavor
|-damage|p1a: Kleavor|0 fnt
|faint|p1a: Kleavor
|
|
|switch|p1a: Dragapult|Dragapult, M|100/100
|turn|10
|
|-terastallize|p1a: Dragapult|Ghost
|move|p1a: Dragapult|Shadow Ball|p2a: Bruce Lee
|-damage|p2a: Bruce Lee|29/100
|move|p2a: Bruce Lee|Thunder Wave|p1a: Dragapult
|-status|p1a: Dragapult|par
|
|turn|11
|
|switch|p2a: Tai Lung|Chien-Pao|100/100
|-damage|p2a: Tai Lung|76/100|[from] Stealth Rock
|-ability|p2a: Tai Lung|Sword of Ruin
|move|p1a: Dragapult|Shadow Ball|p2a: Tai Lung
|-resisted|p2a: Tai Lung
|-damage|p2a: Tai Lung|22/100
|
|turn|12
|
|move|p2a: Tai Lung|Crunch|p1a: Dragapult
|-supereffective|p1a: Dragapult
|-damage|p1a: Dragapult|0 fnt
|faint|p1a: Dragapult
|
|
|switch|p1a: Scizor|Scizor, F|100/100
|turn|13
|
|switch|p2a: Patrick Star|Slowking, M, shiny|100/100
|-damage|p2a: Patrick Star|88/100|[from] Stealth Rock
|move|p1a: Scizor|Bullet Punch|p2a: Patrick Star
|-resisted|p2a: Patrick Star
|-damage|p2a: Patrick Star|70/100
|
|turn|14
|player|p1|
|player|p1|p1|larry
|
|move|p1a: Scizor|U-turn|p2a: Patrick Star
|-supereffective|p2a: Patrick Star
|-damage|p2a: Patrick Star|0 fnt
|faint|p2a: Patrick Star
|
|switch|p1a: Sneasler|Sneasler, F, shiny|100/100|[from] U-turn
|
|
|switch|p2a: Tai Lung|Chien-Pao|22/100
|-damage|p2a: Tai Lung|0 fnt|[from] Stealth Rock
|faint|p2a: Tai Lung
|
|switch|p2a: Andrew Tate|Gholdengo|100/100
|-damage|p2a: Andrew Tate|94/100|[from] Stealth Rock
|turn|15
|
|switch|p1a: Great Tusk|Great Tusk|100/100
|move|p2a: Andrew Tate|Trick|p1a: Great Tusk
|-activate|p2a: Andrew Tate|move: Trick|[of] p1a: Great Tusk
|-item|p1a: Great Tusk|Choice Scarf|[from] move: Trick
|-item|p2a: Andrew Tate|Leftovers|[from] move: Trick
|
|-heal|p2a: Andrew Tate|100/100|[from] item: Leftovers
|turn|16
|
|move|p1a: Great Tusk|Knock Off|p2a: Andrew Tate
|-supereffective|p2a: Andrew Tate
|-crit|p2a: Andrew Tate
|-damage|p2a: Andrew Tate|8/100
|-enditem|p2a: Andrew Tate|Leftovers|[from] move: Knock Off|[of] p1a: Great Tusk
|move|p2a: Andrew Tate|Shadow Ball|p1a: Great Tusk
|-damage|p1a: Great Tusk|47/100
|
|turn|17
|
|move|p1a: Great Tusk|Knock Off|p2a: Andrew Tate
|-supereffective|p2a: Andrew Tate
|-damage|p2a: Andrew Tate|0 fnt
|faint|p2a: Andrew Tate
|
|
|switch|p2a: Bruce Lee|Zapdos, shiny|29/100
|turn|18
|
|move|p1a: Great Tusk|Knock Off|p2a: Bruce Lee
|-damage|p2a: Bruce Lee|8/100
|-enditem|p2a: Bruce Lee|Heavy-Duty Boots|[from] move: Knock Off|[of] p1a: Great Tusk
|move|p2a: Bruce Lee|Roost|p2a: Bruce Lee
|-heal|p2a: Bruce Lee|58/100
|-singleturn|p2a: Bruce Lee|move: Roost
|
|turn|19
|
|-end|p1a: Great Tusk|Protosynthesis|[silent]
|switch|p1a: Sneasler|Sneasler, F, shiny|100/100
|move|p2a: Bruce Lee|Roost|p2a: Bruce Lee
|-heal|p2a: Bruce Lee|100/100
|-singleturn|p2a: Bruce Lee|move: Roost
|
|turn|20
|
|move|p1a: Sneasler|Close Combat|p2a: Bruce Lee
|-resisted|p2a: Bruce Lee
|-damage|p2a: Bruce Lee|77/100
|-unboost|p1a: Sneasler|def|1
|-unboost|p1a: Sneasler|spd|1
|-enditem|p1a: Sneasler|White Herb
|-clearnegativeboost|p1a: Sneasler|[silent]
|move|p2a: Bruce Lee|Hurricane|p1a: Sneasler|[miss]
|-miss|p2a: Bruce Lee|p1a: Sneasler
|
|turn|21
|
|move|p1a: Sneasler|Dire Claw|p2a: Bruce Lee
|-damage|p2a: Bruce Lee|41/100
|-status|p2a: Bruce Lee|slp
|-status|p1a: Sneasler|par|[from] ability: Static|[of] p2a: Bruce Lee
|cant|p2a: Bruce Lee|slp
|
|turn|22
|
|move|p1a: Sneasler|Dire Claw|p2a: Bruce Lee
|-damage|p2a: Bruce Lee|8/100 slp
|-curestatus|p2a: Bruce Lee|slp|[msg]
|move|p2a: Bruce Lee|Roost|p2a: Bruce Lee
|-heal|p2a: Bruce Lee|58/100
|-singleturn|p2a: Bruce Lee|move: Roost
|
|turn|23
|
|move|p1a: Sneasler|Dire Claw|p2a: Bruce Lee
|-damage|p2a: Bruce Lee|21/100
|move|p2a: Bruce Lee|Roost|p2a: Bruce Lee
|-heal|p2a: Bruce Lee|71/100
|-singleturn|p2a: Bruce Lee|move: Roost
|
|turn|24
|
|move|p1a: Sneasler|Dire Claw|p2a: Bruce Lee
|-damage|p2a: Bruce Lee|37/100
|-status|p2a: Bruce Lee|slp
|cant|p2a: Bruce Lee|slp
|
|turn|25
|
|move|p1a: Sneasler|Dire Claw|p2a: Bruce Lee
|-damage|p2a: Bruce Lee|1/100 slp
|cant|p2a: Bruce Lee|slp
|
|turn|26
|
|cant|p1a: Sneasler|par
|-curestatus|p2a: Bruce Lee|slp|[msg]
|move|p2a: Bruce Lee|Roost|p2a: Bruce Lee
|-heal|p2a: Bruce Lee|51/100
|-singleturn|p2a: Bruce Lee|move: Roost
|
|turn|27
|
|cant|p1a: Sneasler|par
|move|p2a: Bruce Lee|Roost|p2a: Bruce Lee
|-heal|p2a: Bruce Lee|100/100
|-singleturn|p2a: Bruce Lee|move: Roost
|
|turn|28
|
|cant|p1a: Sneasler|par
|move|p2a: Bruce Lee|Hurricane|p1a: Sneasler|[miss]
|-miss|p2a: Bruce Lee|p1a: Sneasler
|
|turn|29
|
|move|p1a: Sneasler|Dire Claw|p2a: Bruce Lee
|-damage|p2a: Bruce Lee|66/100
|-status|p2a: Bruce Lee|slp
|cant|p2a: Bruce Lee|slp
|
|turn|30
|
|cant|p1a: Sneasler|par
|-curestatus|p2a: Bruce Lee|slp|[msg]
|move|p2a: Bruce Lee|Roost|p2a: Bruce Lee
|-heal|p2a: Bruce Lee|100/100
|-singleturn|p2a: Bruce Lee|move: Roost
|
|turn|31
|
|move|p1a: Sneasler|Dire Claw|p2a: Bruce Lee
|-damage|p2a: Bruce Lee|65/100
|-status|p2a: Bruce Lee|slp
|cant|p2a: Bruce Lee|slp
|
|turn|32
|
|move|p1a: Sneasler|Swords Dance|p1a: Sneasler
|-boost|p1a: Sneasler|atk|2
|cant|p2a: Bruce Lee|slp
|
|turn|33
|
|cant|p1a: Sneasler|par
|-curestatus|p2a: Bruce Lee|slp|[msg]
|move|p2a: Bruce Lee|Hurricane|p1a: Sneasler
|-supereffective|p1a: Sneasler
|-damage|p1a: Sneasler|0 fnt
|faint|p1a: Sneasler
|
|
|switch|p1a: Scizor|Scizor, F|100/100
|turn|34
|
|move|p2a: Bruce Lee|Hurricane|p1a: Scizor
|-damage|p1a: Scizor|46/100
|move|p1a: Scizor|Swords Dance|p1a: Scizor
|-boost|p1a: Scizor|atk|2
|
|-heal|p1a: Scizor|52/100|[from] item: Leftovers
|turn|35
|
|move|p1a: Scizor|Bullet Punch|p2a: Bruce Lee
|-resisted|p2a: Bruce Lee
|-damage|p2a: Bruce Lee|39/100
|move|p2a: Bruce Lee|Hurricane|p1a: Scizor
|-damage|p1a: Scizor|0 fnt
|faint|p1a: Scizor
|
|
|switch|p1a: Great Tusk|Great Tusk|47/100
|turn|36
|
|move|p1a: Great Tusk|Rapid Spin|p2a: Bruce Lee
|-damage|p2a: Bruce Lee|27/100
|-boost|p1a: Great Tusk|spe|1
|move|p2a: Bruce Lee|Roost|p2a: Bruce Lee
|-heal|p2a: Bruce Lee|77/100
|-singleturn|p2a: Bruce Lee|move: Roost
|
|turn|37
|
|move|p1a: Great Tusk|Rapid Spin|p2a: Bruce Lee
|-damage|p2a: Bruce Lee|65/100
|-boost|p1a: Great Tusk|spe|1
|-status|p1a: Great Tusk|par|[from] ability: Static|[of] p2a: Bruce Lee
|move|p2a: Bruce Lee|Hurricane|p1a: Great Tusk
|-supereffective|p1a: Great Tusk
|-damage|p1a: Great Tusk|0 fnt
|faint|p1a: Great Tusk
|-end|p1a: Great Tusk|Protosynthesis|[silent]
|
|
|switch|p1a: Dondozo|Dondozo, M|100/100
|turn|38
|
|move|p2a: Bruce Lee|Thunder Wave|p1a: Dondozo
|-status|p1a: Dondozo|par
|cant|p1a: Dondozo|par
|
|turn|39
|
|move|p2a: Bruce Lee|Volt Switch|p1a: Dondozo
|-supereffective|p1a: Dondozo
|-damage|p1a: Dondozo|43/100 par
|cant|p1a: Dondozo|par
|
|-heal|p1a: Dondozo|49/100 par|[from] item: Leftovers
|turn|40
|
|move|p2a: Bruce Lee|Volt Switch|p1a: Dondozo
|-supereffective|p1a: Dondozo
|-damage|p1a: Dondozo|0 fnt
|faint|p1a: Dondozo
|
|win|p2
