|poke|p1|Samurott-Hisui, M|
|poke|p1|Great Tusk|
|poke|p1|Iron Valiant|
|poke|p1|Chien-Pao|
|poke|p1|Magearna|
|poke|p1|Volcarona, M|
|poke|p2|Enamorus, F|
|poke|p2|Baxcalibur, F|
|poke|p2|Iron Valiant|
|poke|p2|Volcarona, M|
|poke|p2|Chien-Pao|
|poke|p2|Great Tusk|
|teampreview
|
|start
|switch|p1a: Samurott|Samurott-Hisui, M, shiny|100/100
|switch|p2a: Great Tusk|Great Tusk|100/100
|turn|1
|
|move|p2a: Great Tusk|Close Combat|p1a: Samurott
|-supereffective|p1a: Samurott
|-damage|p1a: Samurott|0 fnt
|-unboost|p2a: Great Tusk|def|1
|-unboost|p2a: Great Tusk|spd|1
|faint|p1a: Samurott
|
|
|switch|p1a: Iron Valiant|Iron Valiant|100/100
|-enditem|p1a: Iron Valiant|Booster Energy
|-activate|p1a: Iron Valiant|ability: Quark Drive|[fromitem]
|-start|p1a: Iron Valiant|quarkdrivespe
|turn|2
|
|move|p1a: Iron Valiant|Moonblast|p2a: Great Tusk
|-supereffective|p2a: Great Tusk
|-enditem|p2a: Great Tusk|Focus Sash
|-damage|p2a: Great Tusk|1/100
|-unboost|p2a: Great Tusk|spa|1
|move|p2a: Great Tusk|Headlong Rush|p1a: Iron Valiant
|-damage|p1a: Iron Valiant|13/100
|-unboost|p2a: Great Tusk|def|1
|-unboost|p2a: Great Tusk|spd|1
|
|turn|3
|
|move|p1a: Iron Valiant|Moonblast|p2a: Great Tusk
|-supereffective|p2a: Great Tusk
|-damage|p2a: Great Tusk|0 fnt
|faint|p2a: Great Tusk
|-end|p2a: Great Tusk|Protosynthesis|[silent]
|
|
|switch|p2a: Chien-Pao|Chien-Pao|100/100
|-ability|p2a: Chien-Pao|Sword of Ruin
|turn|4
|
|-end|p1a: Iron Valiant|Quark Drive|[silent]
|switch|p1a: Magearna|Magearna|100/100
|move|p2a: Chien-Pao|Ice Shard|p1a: Magearna
|-resisted|p1a: Magearna
|-damage|p1a: Magearna|91/100
|
|-heal|p1a: Magearna|97/100|[from] item: Leftovers
|turn|5
|
|move|p2a: Chien-Pao|Swords Dance|p2a: Chien-Pao
|-boost|p2a: Chien-Pao|atk|2
|move|p1a: Magearna|Calm Mind|p1a: Magearna
|-boost|p1a: Magearna|spa|1
|-boost|p1a: Magearna|spd|1
|
|-heal|p1a: Magearna|100/100|[from] item: Leftovers
|turn|6
|
|move|p2a: Chien-Pao|Swords Dance|p2a: Chien-Pao
|-boost|p2a: Chien-Pao|atk|2
|move|p1a: Magearna|Draining Kiss|p2a: Chien-Pao
|-supereffective|p2a: Chien-Pao
|-enditem|p2a: Chien-Pao|Focus Sash
|-damage|p2a: Chien-Pao|1/100
|
|turn|7
|
|switch|p1a: Iron Valiant|Iron Valiant|13/100
|move|p2a: Chien-Pao|Crunch|p1a: Iron Valiant
|-resisted|p1a: Iron Valiant
|-damage|p1a: Iron Valiant|0 fnt
|faint|p1a: Iron Valiant
|-end|p1a: Iron Valiant|Quark Drive|[silent]
|
|
|switch|p1a: Chien-Pao|Chien-Pao|100/100
|-ability|p1a: Chien-Pao|Sword of Ruin
|turn|8
|
|move|p2a: Chien-Pao|Ice Shard|p1a: Chien-Pao
|-resisted|p1a: Chien-Pao
|-damage|p1a: Chien-Pao|61/100
|move|p1a: Chien-Pao|Sucker Punch||[still]
|-fail|p1a: Chien-Pao
|
|turn|9
|
|move|p1a: Chien-Pao|Sucker Punch|p2a: Chien-Pao
|-resisted|p2a: Chien-Pao
|-damage|p2a: Chien-Pao|0 fnt
|faint|p2a: Chien-Pao
|-damage|p1a: Chien-Pao|51/100|[from] item: Life Orb
|
|
|switch|p2a: Iron Valiant|Iron Valiant|100/100
|-enditem|p2a: Iron Valiant|Booster Energy
|-activate|p2a: Iron Valiant|ability: Quark Drive|[fromitem]
|-start|p2a: Iron Valiant|quarkdrivespe
|turn|10
|
|switch|p1a: Great Tusk|Great Tusk|100/100
|move|p2a: Iron Valiant|Close Combat|p1a: Great Tusk
|-damage|p1a: Great Tusk|57/100
|-unboost|p2a: Iron Valiant|def|1
|-unboost|p2a: Iron Valiant|spd|1
|
|turn|11
|
|-end|p2a: Iron Valiant|Quark Drive|[silent]
|switch|p2a: Enamorus|Enamorus, F|100/100
|move|p1a: Great Tusk|Headlong Rush|p2a: Enamorus
|-immune|p2a: Enamorus
|
|turn|12
|
|move|p2a: Enamorus|Earth Power|p1a: Great Tusk
|-damage|p1a: Great Tusk|8/100
|move|p1a: Great Tusk|Close Combat|p2a: Enamorus
|-resisted|p2a: Enamorus
|-damage|p2a: Enamorus|75/100
|-unboost|p1a: Great Tusk|def|1
|-unboost|p1a: Great Tusk|spd|1
|-enditem|p1a: Great Tusk|Eject Pack
|
|-end|p1a: Great Tusk|Protosynthesis|[silent]
|switch|p1a: Chien-Pao|Chien-Pao|51/100
|-ability|p1a: Chien-Pao|Sword of Ruin
|
|turn|13
|
|move|p2a: Enamorus|Earth Power|p1a: Chien-Pao
|-damage|p1a: Chien-Pao|0 fnt
|faint|p1a: Chien-Pao
|
|
|switch|p1a: Volcarona|Volcarona, M|100/100
|turn|14
|
|switch|p2a: Baxcalibur|Baxcalibur, F|100/100
|move|p1a: Volcarona|Quiver Dance|p1a: Volcarona
|-boost|p1a: Volcarona|spa|1
|-boost|p1a: Volcarona|spd|1
|-boost|p1a: Volcarona|spe|1
|
|turn|15
|
|move|p1a: Volcarona|Quiver Dance|p1a: Volcarona
|-boost|p1a: Volcarona|spa|1
|-boost|p1a: Volcarona|spd|1
|-boost|p1a: Volcarona|spe|1
|move|p2a: Baxcalibur|Glaive Rush|p1a: Volcarona
|-damage|p1a: Volcarona|0 fnt
|-singlemove|p2a: Baxcalibur|Glaive Rush|[silent]
|faint|p1a: Volcarona
|
|
|switch|p1a: Great Tusk|Great Tusk|8/100
|turn|16
|
|move|p2a: Baxcalibur|Glaive Rush|p1a: Great Tusk
|-damage|p1a: Great Tusk|0 fnt
|-singlemove|p2a: Baxcalibur|Glaive Rush|[silent]
|faint|p1a: Great Tusk
|-end|p1a: Great Tusk|Protosynthesis|[silent]
|
|
|switch|p1a: Magearna|Magearna|100/100
|turn|17
|
|move|p2a: Baxcalibur|Earthquake|p1a: Magearna
|-supereffective|p1a: Magearna
|-damage|p1a: Magearna|44/100
|move|p1a: Magearna|Calm Mind|p1a: Magearna
|-boost|p1a: Magearna|spa|1
|-boost|p1a: Magearna|spd|1
|
|-heal|p1a: Magearna|50/100|[from] item: Leftovers
|turn|18
|
|-terastallize|p1a: Magearna|Water
|move|p2a: Baxcalibur|Earthquake|p1a: Magearna
|-damage|p1a: Magearna|24/100
|move|p1a: Magearna|Draining Kiss|p2a: Baxcalibur
|-supereffective|p2a: Baxcalibur
|-damage|p2a: Baxcalibur|32/100
|-heal|p1a: Magearna|76/100|[from] drain|[of] p2a: Baxcalibur
|
|-heal|p1a: Magearna|82/100|[from] item: Leftovers
|turn|19
|
|move|p2a: Baxcalibur|Glaive Rush|p1a: Magearna
|-damage|p1a: Magearna|38/100
|-singlemove|p2a: Baxcalibur|Glaive Rush|[silent]
|move|p1a: Magearna|Draining Kiss|p2a: Baxcalibur
|-supereffective|p2a: Baxcalibur
|-damage|p2a: Baxcalibur|0 fnt
|-heal|p1a: Magearna|63/100|[from] drain|[of] p2a: Baxcalibur
|faint|p2a: Baxcalibur
|-ability|p1a: Magearna|Soul-Heart|boost
|-boost|p1a: Magearna|spa|1
|
|-heal|p1a: Magearna|69/100|[from] item: Leftovers
|
|switch|p2a: Volcarona|Volcarona, M|100/100
|turn|20
|
|move|p2a: Volcarona|Quiver Dance|p2a: Volcarona
|-boost|p2a: Volcarona|spa|1
|-boost|p2a: Volcarona|spd|1
|-boost|p2a: Volcarona|spe|1
|move|p1a: Magearna|Encore|p2a: Volcarona
|-start|p2a: Volcarona|Encore
|
|-heal|p1a: Magearna|75/100|[from] item: Leftovers
|turn|21
|
|move|p2a: Volcarona|Quiver Dance|p2a: Volcarona
|-boost|p2a: Volcarona|spa|1
|-boost|p2a: Volcarona|spd|1
|-boost|p2a: Volcarona|spe|1
|move|p1a: Magearna|Calm Mind|p1a: Magearna
|-boost|p1a: Magearna|spa|1
|-boost|p1a: Magearna|spd|1
|
|-heal|p1a: Magearna|81/100|[from] item: Leftovers
|turn|22
|
|move|p2a: Volcarona|Quiver Dance|p2a: Volcarona
|-boost|p2a: Volcarona|spa|1
|-boost|p2a: Volcarona|spd|1
|-boost|p2a: Volcarona|spe|1
|move|p1a: Magearna|Calm Mind|p1a: Magearna
|-boost|p1a: Magearna|spa|1
|-boost|p1a: Magearna|spd|1
|
|-heal|p1a: Magearna|87/100|[from] item: Leftovers
|turn|23
|
|move|p2a: Volcarona|Quiver Dance|p2a: Volcarona
|-boost|p2a: Volcarona|spa|1
|-boost|p2a: Volcarona|spd|1
|-boost|p2a: Volcarona|spe|1
|move|p1a: Magearna|Calm Mind|p1a: Magearna
|-boost|p1a: Magearna|spa|1
|-boost|p1a: Magearna|spd|1
|
|-heal|p1a: Magearna|93/100|[from] item: Leftovers
|-end|p2a: Volcarona|Encore
|turn|24
|
|-terastallize|p2a: Volcarona|Fairy
|move|p2a: Volcarona|Tera Blast|p1a: Magearna
|-damage|p1a: Magearna|63/100
|move|p1a: Magearna|Stored Power|p2a: Volcarona
|-damage|p2a: Volcarona|45/100
|
|-heal|p1a: Magearna|69/100|[from] item: Leftovers
|turn|25
|
|move|p2a: Volcarona|Tera Blast|p1a: Magearna
|-damage|p1a: Magearna|38/100
|move|p1a: Magearna|Stored Power|p2a: Volcarona
|-damage|p2a: Volcarona|0 fnt
|faint|p2a: Volcarona
|-ability|p1a: Magearna|Soul-Heart|boost
|-boost|p1a: Magearna|spa|1
|
|-heal|p1a: Magearna|44/100|[from] item: Leftovers
|
|switch|p2a: Iron Valiant|Iron Valiant|100/100
|turn|26
|
|move|p2a: Iron Valiant|Close Combat|p1a: Magearna
|-damage|p1a: Magearna|0 fnt
|-unboost|p2a: Iron Valiant|def|1
|-unboost|p2a: Iron Valiant|spd|1
|faint|p1a: Magearna
|
|win|Notater517
