|poke|p1|Iron Moth|
|poke|p1|Garchomp, F|
|poke|p1|Great Tusk|
|poke|p1|Gholdengo|
|poke|p1|Kingambit, F|
|poke|p1|Meowscarada, F|
|poke|p2|Clodsire, M|
|poke|p2|Dondozo, F|
|poke|p2|Alomomola, F|
|poke|p2|Talonflame, M|
|poke|p2|Toxapex, M|
|poke|p2|Blissey, F|
|teampreview
|
|start
|switch|p1a: Meowscarada|Meowscarada, F|100/100
|switch|p2a: Alomomola|Alomomola, F|100/100
|turn|1
|
|move|p1a: Meowscarada|U-turn|p2a: Alomomola
|-start|p1a: Meowscarada|typechange|Bug|[from] ability: Protean
|-damage|p2a: Alomomola|82/100
|
|switch|p1a: Gholdengo|Gholdengo|100/100|[from] U-turn
|move|p2a: Alomomola|Whirlpool|p1a: Gholdengo
|-damage|p1a: Gholdengo|94/100
|-activate|p1a: Gholdengo|move: Whirlpool|[of] p2a: Alomomola
|
|-damage|p1a: Gholdengo|82/100|[from] move: Whirlpool|[partiallytrapped]
|turn|2
|
|move|p2a: Alomomola|Protect|p2a: Alomomola
|-singleturn|p2a: Alomomola|Protect
|move|p1a: Gholdengo|Shadow Ball|p2a: Alomomola
|-activate|p2a: Alomomola|move: Protect
|
|-damage|p1a: Gholdengo|69/100|[from] move: Whirlpool|[partiallytrapped]
|turn|3
|
|switch|p2a: Blissey|Blissey, F|100/100
|move|p1a: Gholdengo|Recover|p1a: Gholdengo
|-heal|p1a: Gholdengo|100/100
|
|-end|p1a: Gholdengo|Whirlpool|[partiallytrapped]|[silent]
|turn|4
|
|switch|p1a: Great Tusk|Great Tusk|100/100
|move|p2a: Blissey|Stealth Rock|p1a: Great Tusk
|-sidestart|p1: p1|move: Stealth Rock
|
|turn|5
|
|switch|p2a: Alomomola|Alomomola, F|100/100
|move|p1a: Great Tusk|Knock Off|p2a: Alomomola
|-damage|p2a: Alomomola|84/100
|-enditem|p2a: Alomomola|Heavy-Duty Boots|[from] move: Knock Off|[of] p1a: Great Tusk
|
|turn|6
|
|-end|p1a: Great Tusk|Protosynthesis|[silent]
|switch|p1a: Garchomp|Garchomp, F|100/100
|-damage|p1a: Garchomp|94/100|[from] Stealth Rock
|move|p2a: Alomomola|Whirlpool|p1a: Garchomp
|-damage|p1a: Garchomp|88/100
|-activate|p1a: Garchomp|move: Whirlpool|[of] p2a: Alomomola
|
|-damage|p1a: Garchomp|76/100|[from] move: Whirlpool|[partiallytrapped]
|turn|7
|
|move|p1a: Garchomp|Stealth Rock|p2a: Alomomola
|-sidestart|p2: p2|move: Stealth Rock
|move|p2a: Alomomola|Wish|p2a: Alomomola
|
|-damage|p1a: Garchomp|64/100|[from] move: Whirlpool|[partiallytrapped]
|turn|8
|
|move|p2a: Alomomola|Protect|p2a: Alomomola
|-singleturn|p2a: Alomomola|Protect
|move|p1a: Garchomp|Spikes|p2a: Alomomola
|-sidestart|p2: p2|Spikes
|
|-heal|p2a: Alomomola|100/100|[from] move: Wish|[wisher] Alomomola
|-damage|p1a: Garchomp|51/100|[from] move: Whirlpool|[partiallytrapped]
|turn|9
|
|move|p2a: Alomomola|Wish|p2a: Alomomola
|move|p1a: Garchomp|Dragon Tail|p2a: Alomomola
|-damage|p2a: Alomomola|84/100
|drag|p2a: Blissey|Blissey, F|100/100
|
|-end|p1a: Garchomp|Whirlpool|[partiallytrapped]|[silent]
|turn|10
|
|switch|p1a: Great Tusk|Great Tusk|100/100
|-damage|p1a: Great Tusk|97/100|[from] Stealth Rock
|switch|p2a: Alomomola|Alomomola, F|100/100
|-damage|p2a: Alomomola|88/100|[from] Stealth Rock
|-damage|p2a: Alomomola|76/100|[from] Spikes
|
|-heal|p2a: Alomomola|100/100|[from] move: Wish|[wisher] Alomomola
|turn|11
|
|-end|p1a: Great Tusk|Protosynthesis|[silent]
|switch|p1a: Garchomp|Garchomp, F|51/100
|-damage|p1a: Garchomp|45/100|[from] Stealth Rock
|move|p2a: Alomomola|Whirlpool|p1a: Garchomp
|-damage|p1a: Garchomp|40/100
|-activate|p1a: Garchomp|move: Whirlpool|[of] p2a: Alomomola
|
|-damage|p1a: Garchomp|27/100|[from] move: Whirlpool|[partiallytrapped]
|turn|12
|
|move|p2a: Alomomola|Protect|p2a: Alomomola
|-singleturn|p2a: Alomomola|Protect
|move|p1a: Garchomp|Dragon Tail|p2a: Alomomola
|-activate|p2a: Alomomola|move: Protect
|
|-damage|p1a: Garchomp|15/100|[from] move: Whirlpool|[partiallytrapped]
|turn|13
|
|move|p1a: Garchomp|Spikes|p2a: Alomomola
|-sidestart|p2: p2|Spikes
|move|p2a: Alomomola|Wish|p2a: Alomomola
|
|-damage|p1a: Garchomp|2/100|[from] move: Whirlpool|[partiallytrapped]
|turn|14
|
|move|p2a: Alomomola|Protect|p2a: Alomomola
|-singleturn|p2a: Alomomola|Protect
|move|p1a: Garchomp|Spikes|p2a: Alomomola
|-sidestart|p2: p2|Spikes
|
|-damage|p1a: Garchomp|0 fnt|[from] move: Whirlpool|[partiallytrapped]
|faint|p1a: Garchomp
|
|switch|p1a: Gholdengo|Gholdengo|100/100
|-damage|p1a: Gholdengo|94/100|[from] Stealth Rock
|turn|15
|
|move|p1a: Gholdengo|Nasty Plot|p1a: Gholdengo
|-boost|p1a: Gholdengo|spa|2
|move|p2a: Alomomola|Wish|p2a: Alomomola
|
|turn|16
|
|switch|p2a: Clodsire|Clodsire, M|100/100
|move|p1a: Gholdengo|Shadow Ball|p2a: Clodsire
|-damage|p2a: Clodsire|79/100
|-unboost|p2a: Clodsire|spd|1
|
|-heal|p2a: Clodsire|100/100|[from] move: Wish|[wisher] Alomomola
|turn|17
|
|move|p1a: Gholdengo|Make It Rain|p2a: Clodsire
|-damage|p2a: Clodsire|48/100
|-unboost|p1a: Gholdengo|spa|1
|move|p2a: Clodsire|Haze|p2a: Clodsire
|-clearallboost
|
|turn|18
|
|move|p1a: Gholdengo|Shadow Ball|p2a: Clodsire
|-damage|p2a: Clodsire|23/100
|move|p2a: Clodsire|Recover|p2a: Clodsire
|-heal|p2a: Clodsire|73/100
|
|turn|19
|
|switch|p1a: Meowscarada|Meowscarada, F|100/100
|-damage|p1a: Meowscarada|88/100|[from] Stealth Rock
|move|p2a: Clodsire|Recover|p2a: Clodsire
|-heal|p2a: Clodsire|100/100
|
|turn|20
|
|switch|p2a: Toxapex|Toxapex, M|100/100
|move|p1a: Meowscarada|U-turn|p2a: Toxapex
|-start|p1a: Meowscarada|typechange|Bug|[from] ability: Protean
|-resisted|p2a: Toxapex
|-damage|p2a: Toxapex|90/100
|
|switch|p1a: Great Tusk|Great Tusk|97/100|[from] U-turn
|-damage|p1a: Great Tusk|94/100|[from] Stealth Rock
|
|turn|21
|
|move|p1a: Great Tusk|Rapid Spin|p2a: Toxapex
|-damage|p2a: Toxapex|81/100
|-boost|p1a: Great Tusk|spe|1
|-sideend|p1: p1|Stealth Rock|[from] move: Rapid Spin|[of] p1a: Great Tusk
|move|p2a: Toxapex|Toxic|p1a: Great Tusk
|-status|p1a: Great Tusk|tox
|
|-damage|p1a: Great Tusk|88/100 tox|[from] psn
|turn|22
|
|-end|p1a: Great Tusk|Protosynthesis|[silent]
|switch|p1a: Meowscarada|Meowscarada, F|88/100
|switch|p2a: Alomomola|Alomomola, F|100/100
|-damage|p2a: Alomomola|88/100|[from] Stealth Rock
|-damage|p2a: Alomomola|63/100|[from] Spikes
|
|turn|23
|
|move|p2a: Alomomola|Protect|p2a: Alomomola
|-singleturn|p2a: Alomomola|Protect
|move|p1a: Meowscarada|Flower Trick|p2a: Alomomola
|-start|p1a: Meowscarada|typechange|Grass|[from] ability: Protean
|-activate|p2a: Alomomola|move: Protect
|
|turn|24
|
|switch|p1a: Iron Moth|Iron Moth|100/100
|switch|p2a: Talonflame|Talonflame, M|100/100
|
|turn|25
|
|switch|p2a: Blissey|Blissey, F|100/100
|move|p1a: Iron Moth|Sludge Wave|p2a: Blissey
|-damage|p2a: Blissey|85/100
|
|turn|26
|
|-end|p1a: Iron Moth|Quark Drive|[silent]
|switch|p1a: Kingambit|Kingambit, F|100/100
|-activate|p1a: Kingambit|ability: Supreme Overlord
|-start|p1a: Kingambit|fallen1|[silent]
|move|p2a: Blissey|Seismic Toss|p1a: Kingambit
|-damage|p1a: Kingambit|73/100
|
|-heal|p1a: Kingambit|79/100|[from] item: Leftovers
|turn|27
|
|switch|p2a: Talonflame|Talonflame, M|100/100
|move|p1a: Kingambit|Swords Dance|p1a: Kingambit
|-boost|p1a: Kingambit|atk|2
|
|-heal|p1a: Kingambit|85/100|[from] item: Leftovers
|turn|28
|
|-terastallize|p1a: Kingambit|Fire
|move|p2a: Talonflame|Will-O-Wisp|p1a: Kingambit
|-immune|p1a: Kingambit
|move|p1a: Kingambit|Kowtow Cleave|p2a: Talonflame
|-damage|p2a: Talonflame|0 fnt
|faint|p2a: Talonflame
|
|-heal|p1a: Kingambit|91/100|[from] item: Leftovers
|
|switch|p2a: Dondozo|Dondozo, F|100/100
|turn|29
|
|-end|p1a: Kingambit|fallen1|[silent]
|switch|p1a: Gholdengo|Gholdengo|94/100
|move|p2a: Dondozo|Liquidation|p1a: Gholdengo
|-damage|p1a: Gholdengo|66/100
|
|turn|30
|
|switch|p2a: Blissey|Blissey, F|85/100
|move|p1a: Gholdengo|Shadow Ball|p2a: Blissey
|-immune|p2a: Blissey
|
|turn|31
|
|switch|p1a: Great Tusk|Great Tusk|88/100 tox
|move|p2a: Blissey|Stealth Rock|p1a: Great Tusk
|-sidestart|p1: p1|move: Stealth Rock
|
|-damage|p1a: Great Tusk|82/100 tox|[from] psn
|turn|32
|
|switch|p2a: Alomomola|Alomomola, F|97/100
|-damage|p2a: Alomomola|84/100|[from] Stealth Rock
|-damage|p2a: Alomomola|59/100|[from] Spikes
|move|p1a: Great Tusk|Rapid Spin|p2a: Alomomola
|-damage|p2a: Alomomola|51/100
|-boost|p1a: Great Tusk|spe|1
|-sideend|p1: p1|Stealth Rock|[from] move: Rapid Spin|[of] p1a: Great Tusk
|
|-damage|p1a: Great Tusk|70/100 tox|[from] psn
|turn|33
|
|-end|p1a: Great Tusk|Protosynthesis|[silent]
|switch|p1a: Gholdengo|Gholdengo|66/100
|-terastallize|p2a: Alomomola|Flying
|move|p2a: Alomomola|Wish|p2a: Alomomola
|
|turn|34
|
|switch|p2a: Blissey|Blissey, F|85/100
|move|p1a: Gholdengo|Nasty Plot|p1a: Gholdengo
|-boost|p1a: Gholdengo|spa|2
|
|-heal|p2a: Blissey|100/100|[from] move: Wish|[wisher] Alomomola
|turn|35
|
|move|p1a: Gholdengo|Nasty Plot|p1a: Gholdengo
|-boost|p1a: Gholdengo|spa|2
|move|p2a: Blissey|Stealth Rock|p1a: Gholdengo
|-sidestart|p1: p1|move: Stealth Rock
|
|turn|36
|
|move|p1a: Gholdengo|Make It Rain|p2a: Blissey
|-damage|p2a: Blissey|49/100
|-unboost|p1a: Gholdengo|spa|1
|move|p2a: Blissey|Soft-Boiled|p2a: Blissey
|-heal|p2a: Blissey|99/100
|
|turn|37
|
|switch|p2a: Clodsire|Clodsire, M|100/100
|move|p1a: Gholdengo|Nasty Plot|p1a: Gholdengo
|-boost|p1a: Gholdengo|spa|2
|
|turn|38
|
|switch|p1a: Great Tusk|Great Tusk|70/100 tox
|-damage|p1a: Great Tusk|67/100 tox|[from] Stealth Rock
|move|p2a: Clodsire|Earthquake|p1a: Great Tusk
|-damage|p1a: Great Tusk|49/100 tox
|
|-damage|p1a: Great Tusk|43/100 tox|[from] psn
|turn|39
|
|switch|p2a: Alomomola|Alomomola, F, tera:Flying|84/100
|-damage|p2a: Alomomola|59/100|[from] Stealth Rock
|move|p1a: Great Tusk|Rapid Spin|p2a: Alomomola
|-damage|p2a: Alomomola|52/100
|-boost|p1a: Great Tusk|spe|1
|-sideend|p1: p1|Stealth Rock|[from] move: Rapid Spin|[of] p1a: Great Tusk
|
|-damage|p1a: Great Tusk|31/100 tox|[from] psn
|turn|40
|
|-end|p1a: Great Tusk|Protosynthesis|[silent]
|switch|p1a: Iron Moth|Iron Moth|100/100
|move|p2a: Alomomola|Whirlpool|p1a: Iron Moth
|-supereffective|p1a: Iron Moth
|-damage|p1a: Iron Moth|87/100
|-activate|p1a: Iron Moth|move: Whirlpool|[of] p2a: Alomomola
|
|-damage|p1a: Iron Moth|74/100|[from] move: Whirlpool|[partiallytrapped]
|turn|41
|
|move|p2a: Alomomola|Protect|p2a: Alomomola
|-singleturn|p2a: Alomomola|Protect
|move|p1a: Iron Moth|Fiery Dance|p2a: Alomomola
|-activate|p2a: Alomomola|move: Protect
|
|-damage|p1a: Iron Moth|62/100|[from] move: Whirlpool|[partiallytrapped]
|turn|42
|
|switch|p2a: Blissey|Blissey, F|99/100
|move|p1a: Iron Moth|Fiery Dance|p2a: Blissey
|-damage|p2a: Blissey|87/100
|-boost|p1a: Iron Moth|spa|1
|
|-end|p1a: Iron Moth|Whirlpool|[partiallytrapped]|[silent]
|turn|43
|
|move|p1a: Iron Moth|Sludge Wave|p2a: Blissey
|-damage|p2a: Blissey|67/100
|move|p2a: Blissey|Stealth Rock|p1a: Iron Moth
|-sidestart|p1: p1|move: Stealth Rock
|
|turn|44
|
|move|p1a: Iron Moth|Sludge Wave|p2a: Blissey
|-damage|p2a: Blissey|43/100
|move|p2a: Blissey|Soft-Boiled|p2a: Blissey
|-heal|p2a: Blissey|93/100
|
|turn|45
|
|-end|p1a: Iron Moth|Quark Drive|[silent]
|switch|p1a: Meowscarada|Meowscarada, F|88/100
|-damage|p1a: Meowscarada|76/100|[from] Stealth Rock
|move|p2a: Blissey|Seismic Toss|p1a: Meowscarada
|-damage|p1a: Meowscarada|42/100
|
|turn|46
|
|switch|p2a: Alomomola|Alomomola, F, tera:Flying|86/100
|-damage|p2a: Alomomola|61/100|[from] Stealth Rock
|move|p1a: Meowscarada|U-turn|p2a: Alomomola
|-start|p1a: Meowscarada|typechange|Bug|[from] ability: Protean
|-resisted|p2a: Alomomola
|-damage|p2a: Alomomola|52/100
|
|switch|p1a: Kingambit|Kingambit, F, tera:Fire|91/100|[from] U-turn
|-damage|p1a: Kingambit|66/100|[from] Stealth Rock
|-activate|p1a: Kingambit|ability: Supreme Overlord
|-start|p1a: Kingambit|fallen1|[silent]
|
|-heal|p1a: Kingambit|72/100|[from] item: Leftovers
|turn|47
|
|switch|p2a: Toxapex|Toxapex, M|100/100
|move|p1a: Kingambit|Kowtow Cleave|p2a: Toxapex
|-damage|p2a: Toxapex|64/100
|
|-heal|p1a: Kingambit|78/100|[from] item: Leftovers
|turn|48
|
|move|p1a: Kingambit|Swords Dance|p1a: Kingambit
|-boost|p1a: Kingambit|atk|2
|move|p2a: Toxapex|Toxic|p1a: Kingambit
|-status|p1a: Kingambit|tox
|
|-heal|p1a: Kingambit|85/100 tox|[from] item: Leftovers
|-damage|p1a: Kingambit|78/100 tox|[from] psn
|turn|49
|
|switch|p2a: Dondozo|Dondozo, F|100/100
|move|p1a: Kingambit|Kowtow Cleave|p2a: Dondozo
|-damage|p2a: Dondozo|74/100
|
|-heal|p1a: Kingambit|85/100 tox|[from] item: Leftovers
|-damage|p1a: Kingambit|72/100 tox|[from] psn
|turn|50
|-message|p1 forfeited.
|
|win|p2
||Ladder isn't responding, score probably updated but might not have (Request timeout).
