# advantage = p1
|poke|p1|Eiscue, M|
|poke|p1|Gabite, F|
|poke|p1|Pikachu, M|
|poke|p1|Lilligant-Hisui, F|
|poke|p1|Avalugg, M|
|poke|p1|Zamazenta-*|
|poke|p2|Weavile, M|
|poke|p2|Cinderace, M|
|poke|p2|Baxcalibur, M|
|poke|p2|Kingambit, M|
|poke|p2|Iron Valiant|
|poke|p2|Hydreigon, F|
|teampreview
|
|start
|switch|p1a: Eiscue|Eiscue, M|100/100
|switch|p2a: Baxcalibur|Baxcalibur, M|100/100
|turn|1
|
|move|p2a: Baxcalibur|Earthquake|p1a: Eiscue
|-activate|p1a: Eiscue|ability: Ice Face
|-damage|p1a: Eiscue|100/100
|detailschange|p1a: Eiscue|Eiscue-Noice, M
|move|p1a: Eiscue|Soak|p2a: Baxcalibur
|-start|p2a: Baxcalibur|typechange|Water
|
|turn|2
|
|move|p2a: Baxcalibur|Dragon Dance|p2a: Baxcalibur
|-boost|p2a: Baxcalibur|atk|1
|-boost|p2a: Baxcalibur|spe|1
|move|p1a: Eiscue|Snowscape|p1a: Eiscue
|-weather|Snow
|-activate|p1a: Eiscue|ability: Ice Face
|detailschange|p1a: Eiscue|Eiscue, M
|
|-weather|Snow|[upkeep]
|turn|3
|
|move|p2a: Baxcalibur|Glaive Rush|p1a: Eiscue
|-activate|p1a: Eiscue|ability: Ice Face
|-damage|p1a: Eiscue|100/100
|-singlemove|p2a: Baxcalibur|Glaive Rush|[silent]
|detailschange|p1a: Eiscue|Eiscue-Noice, M
|move|p1a: Eiscue|Aurora Veil|p1a: Eiscue
|-sidestart|p1: p1|move: Aurora Veil
|
|-weather|Snow|[upkeep]
|turn|4
|
|move|p2a: Baxcalibur|Dragon Dance|p2a: Baxcalibur
|-boost|p2a: Baxcalibur|atk|1
|-boost|p2a: Baxcalibur|spe|1
|move|p1a: Eiscue|Freeze-Dry|p2a: Baxcalibur
|-supereffective|p2a: Baxcalibur
|-damage|p2a: Baxcalibur|63/100
|
|-weather|Snow|[upkeep]
|turn|5
|
|move|p2a: Baxcalibur|Earthquake|p1a: Eiscue
|-damage|p1a: Eiscue|78/100
|move|p1a: Eiscue|Freeze-Dry|p2a: Baxcalibur
|-supereffective|p2a: Baxcalibur
|-damage|p2a: Baxcalibur|28/100
|
|-weather|Snow|[upkeep]
|turn|6
|
|switch|p2a: Cinderace|Cinderace, M|100/100
|move|p1a: Eiscue|Freeze-Dry|p2a: Cinderace
|-resisted|p2a: Cinderace
|-damage|p2a: Cinderace|88/100
|-status|p2a: Cinderace|frz
|
|-weather|Snow|[upkeep]
|turn|7
|
|-curestatus|p2a: Cinderace|frz|[from] move: Pyro Ball
|move|p2a: Cinderace|Pyro Ball|p1a: Eiscue|[miss]
|-miss|p2a: Cinderace|p1a: Eiscue
|move|p1a: Eiscue|Soak|p2a: Cinderace
|-start|p2a: Cinderace|typechange|Water
|
|-weather|Snow|[upkeep]
|-sideend|p1: p1|move: Aurora Veil
|turn|8
|
|move|p2a: Cinderace|U-turn|p1a: Eiscue
|-damage|p1a: Eiscue|66/100
|
|switch|p2a: Kingambit|Kingambit, M|100/100|[from] U-turn
|move|p1a: Eiscue|Aurora Veil|p1a: Eiscue
|-sidestart|p1: p1|move: Aurora Veil
|
|-weather|Snow|[upkeep]
|turn|9
|
|move|p1a: Eiscue|Freeze-Dry|p2a: Kingambit
|-resisted|p2a: Kingambit
|-damage|p2a: Kingambit|91/100
|move|p2a: Kingambit|Swords Dance|p2a: Kingambit
|-boost|p2a: Kingambit|atk|2
|
|-weather|none
|-heal|p2a: Kingambit|97/100|[from] item: Leftovers
|turn|10
|
|move|p1a: Eiscue|Snowscape|p1a: Eiscue
|-weather|Snow
|-activate|p1a: Eiscue|ability: Ice Face
|detailschange|p1a: Eiscue|Eiscue, M
|move|p2a: Kingambit|Kowtow Cleave|p1a: Eiscue
|-activate|p1a: Eiscue|ability: Ice Face
|-damage|p1a: Eiscue|66/100
|detailschange|p1a: Eiscue|Eiscue-Noice, M
|
|-weather|Snow|[upkeep]
|-heal|p2a: Kingambit|100/100|[from] item: Leftovers
|turn|11
|
|move|p1a: Eiscue|Soak|p2a: Kingambit
|-start|p2a: Kingambit|typechange|Water
|move|p2a: Kingambit|Low Kick|p1a: Eiscue
|-supereffective|p1a: Eiscue
|-damage|p1a: Eiscue|27/100
|
|-weather|Snow|[upkeep]
|turn|12
|
|move|p1a: Eiscue|Freeze-Dry|p2a: Kingambit
|-supereffective|p2a: Kingambit
|-damage|p2a: Kingambit|61/100
|move|p2a: Kingambit|Low Kick|p1a: Eiscue
|-supereffective|p1a: Eiscue
|-damage|p1a: Eiscue|0 fnt
|faint|p1a: Eiscue
|
|-weather|Snow|[upkeep]
|-heal|p2a: Kingambit|67/100|[from] item: Leftovers
|-sideend|p1: p1|move: Aurora Veil
|
|switch|p1a: Lilligant|Lilligant-Hisui, F|100/100
|turn|13
|
|-terastallize|p2a: Kingambit|Fairy
|move|p1a: Lilligant|Leaf Blade|p2a: Kingambit
|-damage|p2a: Kingambit|2/100
|-damage|p1a: Lilligant|91/100|[from] item: Life Orb
|move|p2a: Kingambit|Kowtow Cleave|p1a: Lilligant
|-resisted|p1a: Lilligant
|-damage|p1a: Lilligant|44/100
|
|-weather|Snow|[upkeep]
|-heal|p2a: Kingambit|8/100|[from] item: Leftovers
|turn|14
|
|move|p2a: Kingambit|Sucker Punch|p1a: Lilligant
|-resisted|p1a: Lilligant
|-damage|p1a: Lilligant|0 fnt
|faint|p1a: Lilligant
|
|-weather|Snow|[upkeep]
|-heal|p2a: Kingambit|14/100|[from] item: Leftovers
|
|switch|p1a: Gabite|Gabite, F|100/100
|turn|15
|
|move|p2a: Kingambit|Sucker Punch||[still]
|-fail|p2a: Kingambit
|move|p1a: Gabite|Stealth Rock|p2a: Kingambit
|-sidestart|p2: p2|move: Stealth Rock
|
|-weather|Snow|[upkeep]
|-heal|p2a: Kingambit|20/100|[from] item: Leftovers
|turn|16
|
|move|p1a: Gabite|Body Slam|p2a: Kingambit
|-damage|p2a: Kingambit|5/100
|move|p2a: Kingambit|Low Kick|p1a: Gabite
|-damage|p1a: Gabite|38/100
|-damage|p2a: Kingambit|0 fnt|[from] ability: Rough Skin|[of] p1a: Gabite
|faint|p2a: Kingambit
|-end|p2a: Kingambit|fallenundefined|[silent]
|
|-weather|Snow|[upkeep]
|
|switch|p2a: Iron Valiant|Iron Valiant|100/100
|-damage|p2a: Iron Valiant|94/100|[from] Stealth Rock
|-enditem|p2a: Iron Valiant|Booster Energy
|-activate|p2a: Iron Valiant|ability: Quark Drive|[fromitem]
|-start|p2a: Iron Valiant|quarkdrivespe
|turn|17
|
|move|p2a: Iron Valiant|Moonblast|p1a: Gabite
|-supereffective|p1a: Gabite
|-damage|p1a: Gabite|0 fnt
|faint|p1a: Gabite
|
|-weather|none
|
|switch|p1a: Zamazenta|Zamazenta-Crowned, shiny|100/100
|-ability|p1a: Zamazenta|Dauntless Shield|boost
|-boost|p1a: Zamazenta|def|1
|turn|18
|
|-end|p2a: Iron Valiant|Quark Drive|[silent]
|switch|p2a: Hydreigon|Hydreigon, F|100/100
|-damage|p2a: Hydreigon|88/100|[from] Stealth Rock
|move|p1a: Zamazenta|Iron Defense|p1a: Zamazenta
|-boost|p1a: Zamazenta|def|2
|
|-heal|p2a: Hydreigon|94/100|[from] item: Leftovers
|turn|19
|
|move|p2a: Hydreigon|Nasty Plot|p2a: Hydreigon
|-boost|p2a: Hydreigon|spa|2
|move|p1a: Zamazenta|Light Screen|p1a: Zamazenta
|-sidestart|p1: p1|move: Light Screen
|
|-heal|p2a: Hydreigon|100/100|[from] item: Leftovers
|turn|20
|
|move|p2a: Hydreigon|Dark Pulse|p1a: Zamazenta
|-resisted|p1a: Zamazenta
|-damage|p1a: Zamazenta|88/100
|move|p1a: Zamazenta|Behemoth Bash|p2a: Hydreigon
|-damage|p2a: Hydreigon|41/100
|
|-heal|p2a: Hydreigon|47/100|[from] item: Leftovers
|turn|21
|
|move|p2a: Hydreigon|Draco Meteor|p1a: Zamazenta|[miss]
|-miss|p2a: Hydreigon|p1a: Zamazenta
|move|p1a: Zamazenta|Behemoth Bash|p2a: Hydreigon
|-damage|p2a: Hydreigon|0 fnt
|faint|p2a: Hydreigon
|
|
|switch|p2a: Cinderace|Cinderace, M|88/100
|turn|22
|
|-terastallize|p1a: Zamazenta|Fighting
|move|p2a: Cinderace|Court Change|p2a: Cinderace
|-swapsideconditions
|-activate|p2a: Cinderace|move: Court Change
|move|p1a: Zamazenta|Brick Break|p2a: Cinderace
|-sideend|p2: p2|move: Light Screen
|-damage|p2a: Cinderace|9/100
|
|turn|23
|
|move|p2a: Cinderace|U-turn|p1a: Zamazenta
|-resisted|p1a: Zamazenta
|-damage|p1a: Zamazenta|85/100
|
|switch|p2a: Weavile|Weavile, M|100/100|[from] U-turn
|-ability|p2a: Weavile|Pressure
|move|p1a: Zamazenta|Brick Break|p2a: Weavile
|-supereffective|p2a: Weavile
|-crit|p2a: Weavile
|-enditem|p2a: Weavile|Focus Sash
|-damage|p2a: Weavile|1/100
|
|turn|24
|
|move|p2a: Weavile|Beat Up|p1a: Zamazenta
|-resisted|p1a: Zamazenta
|-damage|p1a: Zamazenta|83/100
|-resisted|p1a: Zamazenta
|-damage|p1a: Zamazenta|82/100
|-resisted|p1a: Zamazenta
|-damage|p1a: Zamazenta|81/100
|-resisted|p1a: Zamazenta
|-damage|p1a: Zamazenta|80/100
|-hitcount|p1a: Zamazenta|4
|move|p1a: Zamazenta|Brick Break|p2a: Weavile
|-supereffective|p2a: Weavile
|-damage|p2a: Weavile|0 fnt
|faint|p2a: Weavile
|
|
|switch|p2a: Iron Valiant|Iron Valiant|94/100
|turn|25
|
|move|p2a: Iron Valiant|Moonblast|p1a: Zamazenta
|-supereffective|p1a: Zamazenta
|-damage|p1a: Zamazenta|21/100
|-unboost|p1a: Zamazenta|spa|1
|move|p1a: Zamazenta|Behemoth Bash|p2a: Iron Valiant
|-supereffective|p2a: Iron Valiant
|-damage|p2a: Iron Valiant|0 fnt
|faint|p2a: Iron Valiant
|-end|p2a: Iron Valiant|Quark Drive|[silent]
|
|
|switch|p2a: Cinderace|Cinderace, M|9/100
|turn|26
|
|move|p2a: Cinderace|Pyro Ball|p1a: Zamazenta
|-damage|p1a: Zamazenta|0 fnt
|faint|p1a: Zamazenta
|
|
|switch|p1a: Pikachu|Pikachu, M|100/100
|-damage|p1a: Pikachu|88/100|[from] Stealth Rock
|turn|27
|
|move|p2a: Cinderace|U-turn|p1a: Pikachu
|-crit|p1a: Pikachu
|-damage|p1a: Pikachu|0 fnt
|faint|p1a: Pikachu
|
|switch|p2a: Baxcalibur|Baxcalibur, M|28/100|[from] U-turn
|
|
|switch|p1a: Avalugg|Avalugg, M|100/100
|-damage|p1a: Avalugg|76/100|[from] Stealth Rock
|turn|28
|
|move|p2a: Baxcalibur|Earthquake|p1a: Avalugg
|-damage|p1a: Avalugg|55/100
|move|p1a: Avalugg|Snowscape|p1a: Avalugg
|-weather|Snow
|
|-weather|Snow|[upkeep]
|-heal|p1a: Avalugg|61/100|[from] ability: Ice Body
|turn|29
|
|move|p2a: Baxcalibur|Glaive Rush|p1a: Avalugg
|-damage|p1a: Avalugg|39/100
|-singlemove|p2a: Baxcalibur|Glaive Rush|[silent]
|-damage|p2a: Baxcalibur|11/100|[from] item: Rocky Helmet|[of] p1a: Avalugg
|move|p1a: Avalugg|Aurora Veil|p1a: Avalugg
|-sidestart|p1: p1|move: Aurora Veil
|
|-weather|Snow|[upkeep]
|-heal|p1a: Avalugg|45/100|[from] ability: Ice Body
|turn|30
|
|move|p2a: Baxcalibur|Earthquake|p1a: Avalugg
|-damage|p1a: Avalugg|38/100
|move|p1a: Avalugg|Blizzard|p2a: Baxcalibur
|-damage|p2a: Baxcalibur|0 fnt
|faint|p2a: Baxcalibur
|
|-weather|Snow|[upkeep]
|-heal|p1a: Avalugg|44/100|[from] ability: Ice Body
|
|switch|p2a: Cinderace|Cinderace, M|9/100
|turn|31
|
|move|p2a: Cinderace|Pyro Ball|p1a: Avalugg
|-supereffective|p1a: Avalugg
|-damage|p1a: Avalugg|16/100
|move|p1a: Avalugg|Hydro Pump|p2a: Cinderace
|-supereffective|p2a: Cinderace
|-damage|p2a: Cinderace|0 fnt
|faint|p2a: Cinderace
|
|win|p1
