|poke|p1|Samurott-Hisui, F|
|poke|p1|Dragapult, M|
|poke|p1|Sneasler, M|
|poke|p1|Magearna|
|poke|p1|Volcarona, F|
|poke|p1|Zamazenta-*|
|poke|p2|Samurott-Hisui, M|
|poke|p2|Dragapult, M|
|poke|p2|Sneasler, F|
|poke|p2|Magearna|
|poke|p2|Volcarona, F|
|poke|p2|Zamazenta-*|
|teampreview
|
|start
|switch|p1a: Samurott|Samurott-Hisui, F|100/100
|switch|p2a: Dragapult|Dragapult, M|100/100
|turn|1
|
|move|p2a: Dragapult|U-turn|p1a: Samurott
|-supereffective|p1a: Samurott
|-damage|p1a: Samurott|48/100
|
|switch|p2a: Zamazenta|Zamazenta-Crowned|100/100|[from] U-turn
|-ability|p2a: Zamazenta|Dauntless Shield|boost
|-boost|p2a: Zamazenta|def|1
|move|p1a: Samurott|Taunt|p2a: Zamazenta
|-start|p2a: Zamazenta|move: Taunt
|
|turn|2
|
|move|p2a: Zamazenta|Behemoth Bash|p1a: Samurott
|-resisted|p1a: Samurott
|-damage|p1a: Samurott|23/100
|move|p1a: Samurott|Ceaseless Edge|p2a: Zamazenta
|-resisted|p2a: Zamazenta
|-damage|p2a: Zamazenta|90/100
|-sidestart|p2: p2|Spikes
|
|turn|3
|
|move|p2a: Zamazenta|Behemoth Bash|p1a: Samurott
|-resisted|p1a: Samurott
|-damage|p1a: Samurott|0 fnt
|faint|p1a: Samurott
|
|-end|p2a: Zamazenta|move: Taunt
|
|switch|p1a: Volcarona|Volcarona, F|100/100
|turn|4
|
|switch|p2a: Dragapult|Dragapult, M|100/100
|-damage|p2a: Dragapult|88/100|[from] Spikes
|move|p1a: Volcarona|Quiver Dance|p1a: Volcarona
|-boost|p1a: Volcarona|spa|1
|-boost|p1a: Volcarona|spd|1
|-boost|p1a: Volcarona|spe|1
|
|turn|5
|
|move|p1a: Volcarona|Quiver Dance|p1a: Volcarona
|-boost|p1a: Volcarona|spa|1
|-boost|p1a: Volcarona|spd|1
|-boost|p1a: Volcarona|spe|1
|move|p2a: Dragapult|Curse|p1a: Volcarona
|-start|p1a: Volcarona|Curse|[of] p2a: Dragapult
|-damage|p2a: Dragapult|38/100
|
|-damage|p1a: Volcarona|76/100|[from] Curse
|turn|6
|
|move|p1a: Volcarona|Fiery Dance|p2a: Dragapult
|-resisted|p2a: Dragapult
|-damage|p2a: Dragapult|0 fnt
|-boost|p1a: Volcarona|spa|1
|faint|p2a: Dragapult
|
|-damage|p1a: Volcarona|51/100|[from] Curse
|
|switch|p2a: Samurott|Samurott-Hisui, M|100/100
|-damage|p2a: Samurott|88/100|[from] Spikes
|turn|7
|
|-terastallize|p1a: Volcarona|Water
|move|p2a: Samurott|Aqua Jet|p1a: Volcarona
|-resisted|p1a: Volcarona
|-damage|p1a: Volcarona|36/100
|move|p1a: Volcarona|Giga Drain|p2a: Samurott
|-supereffective|p2a: Samurott
|-damage|p2a: Samurott|0 fnt
|-heal|p1a: Volcarona|81/100|[from] drain|[of] p2a: Samurott
|faint|p2a: Samurott
|
|-damage|p1a: Volcarona|56/100|[from] Curse
|
|switch|p2a: Zamazenta|Zamazenta-Crowned|90/100
|-damage|p2a: Zamazenta|78/100|[from] Spikes
|turn|8
|
|-terastallize|p2a: Zamazenta|Fire
|move|p1a: Volcarona|Fiery Dance|p2a: Zamazenta
|-resisted|p2a: Zamazenta
|-damage|p2a: Zamazenta|36/100
|-boost|p1a: Volcarona|spa|1
|move|p2a: Zamazenta|Body Press|p1a: Volcarona
|-damage|p1a: Volcarona|0 fnt
|faint|p1a: Volcarona
|
|
|switch|p1a: Dragapult|Dragapult, M|100/100
|turn|9
|
|move|p1a: Dragapult|Reflect|p1a: Dragapult
|-sidestart|p1: p1|Reflect
|move|p2a: Zamazenta|Iron Defense|p2a: Zamazenta
|-boost|p2a: Zamazenta|def|2
|
|turn|10
|
|move|p1a: Dragapult|Curse|p2a: Zamazenta
|-start|p2a: Zamazenta|Curse|[of] p1a: Dragapult
|-damage|p1a: Dragapult|51/100
|move|p2a: Zamazenta|Crunch|p1a: Dragapult
|-supereffective|p1a: Dragapult
|-damage|p1a: Dragapult|26/100
|-unboost|p1a: Dragapult|def|1
|
|-damage|p2a: Zamazenta|11/100|[from] Curse
|turn|11
|
|move|p1a: Dragapult|U-turn|p2a: Zamazenta
|-resisted|p2a: Zamazenta
|-damage|p2a: Zamazenta|8/100
|
|switch|p1a: Sneasler|Sneasler, M|100/100|[from] U-turn
|-item|p1a: Sneasler|Air Balloon
|move|p2a: Zamazenta|Crunch|p1a: Sneasler
|-resisted|p1a: Sneasler
|-damage|p1a: Sneasler|93/100
|-unboost|p1a: Sneasler|def|1
|-enditem|p1a: Sneasler|Air Balloon
|
|-damage|p2a: Zamazenta|0 fnt|[from] Curse
|faint|p2a: Zamazenta
|
|switch|p2a: Magearna|Magearna|100/100
|-damage|p2a: Magearna|88/100|[from] Spikes
|turn|12
|
|move|p1a: Sneasler|Close Combat|p2a: Magearna
|-damage|p2a: Magearna|40/100
|-unboost|p1a: Sneasler|def|1
|-unboost|p1a: Sneasler|spd|1
|move|p2a: Magearna|Iron Defense|p2a: Magearna
|-boost|p2a: Magearna|def|2
|
|-heal|p2a: Magearna|46/100|[from] item: Leftovers
|turn|13
|
|move|p1a: Sneasler|Close Combat|p2a: Magearna
|-damage|p2a: Magearna|21/100
|-unboost|p1a: Sneasler|def|1
|-unboost|p1a: Sneasler|spd|1
|move|p2a: Magearna|Stored Power|p1a: Sneasler
|-supereffective|p1a: Sneasler
|-damage|p1a: Sneasler|0 fnt
|faint|p1a: Sneasler
|-ability|p2a: Magearna|Soul-Heart|boost
|-boost|p2a: Magearna|spa|1
|
|-heal|p2a: Magearna|27/100|[from] item: Leftovers
|
|switch|p1a: Magearna|Magearna|100/100
|turn|14
|
|move|p2a: Magearna|Calm Mind|p2a: Magearna
|-boost|p2a: Magearna|spa|1
|-boost|p2a: Magearna|spd|1
|move|p1a: Magearna|Calm Mind|p1a: Magearna
|-boost|p1a: Magearna|spa|1
|-boost|p1a: Magearna|spd|1
|
|-heal|p2a: Magearna|33/100|[from] item: Leftovers
|turn|15
|
|move|p1a: Magearna|Stored Power|p2a: Magearna
|-resisted|p2a: Magearna
|-damage|p2a: Magearna|25/100
|move|p2a: Magearna|Calm Mind|p2a: Magearna
|-boost|p2a: Magearna|spa|1
|-boost|p2a: Magearna|spd|1
|
|-heal|p2a: Magearna|31/100|[from] item: Leftovers
|turn|16
|
|move|p1a: Magearna|Calm Mind|p1a: Magearna
|-boost|p1a: Magearna|spa|1
|-boost|p1a: Magearna|spd|1
|move|p2a: Magearna|Calm Mind|p2a: Magearna
|-boost|p2a: Magearna|spa|1
|-boost|p2a: Magearna|spd|1
|
|-heal|p2a: Magearna|37/100|[from] item: Leftovers
|-sideend|p1: p1|Reflect
|turn|17
|
|move|p1a: Magearna|Calm Mind|p1a: Magearna
|-boost|p1a: Magearna|spa|1
|-boost|p1a: Magearna|spd|1
|move|p2a: Magearna|Calm Mind|p2a: Magearna
|-boost|p2a: Magearna|spa|1
|-boost|p2a: Magearna|spd|1
|
|-heal|p2a: Magearna|43/100|[from] item: Leftovers
|turn|18
|
|move|p1a: Magearna|Stored Power|p2a: Magearna
|-resisted|p2a: Magearna
|-damage|p2a: Magearna|29/100
|move|p2a: Magearna|Stored Power|p1a: Magearna
|-resisted|p1a: Magearna
|-damage|p1a: Magearna|61/100
|
|-heal|p1a: Magearna|67/100|[from] item: Leftovers
|-heal|p2a: Magearna|35/100|[from] item: Leftovers
|turn|19
|
|move|p2a: Magearna|Calm Mind|p2a: Magearna
|-boost|p2a: Magearna|spa|1
|-boost|p2a: Magearna|spd|1
|move|p1a: Magearna|Stored Power|p2a: Magearna
|-resisted|p2a: Magearna
|-damage|p2a: Magearna|22/100
|
|-heal|p2a: Magearna|28/100|[from] item: Leftovers
|-heal|p1a: Magearna|73/100|[from] item: Leftovers
|turn|20
|
|move|p1a: Magearna|Stored Power|p2a: Magearna
|-resisted|p2a: Magearna
|-damage|p2a: Magearna|16/100
|move|p2a: Magearna|Stored Power|p1a: Magearna
|-resisted|p1a: Magearna
|-damage|p1a: Magearna|20/100
|
|-heal|p2a: Magearna|23/100|[from] item: Leftovers
|-heal|p1a: Magearna|26/100|[from] item: Leftovers
|turn|21
|
|move|p2a: Magearna|Stored Power|p1a: Magearna
|-resisted|p1a: Magearna
|-damage|p1a: Magearna|0 fnt
|faint|p1a: Magearna
|
|-heal|p2a: Magearna|29/100|[from] item: Leftovers
|
|switch|p1a: Zamazenta|Zamazenta-Crowned|100/100
|-ability|p1a: Zamazenta|Dauntless Shield|boost
|-boost|p1a: Zamazenta|def|1
|turn|22
|
|move|p1a: Zamazenta|Body Press|p2a: Magearna
|-damage|p2a: Magearna|5/100
|move|p2a: Magearna|Stored Power|p1a: Zamazenta
|-damage|p1a: Zamazenta|0 fnt
|faint|p1a: Zamazenta
|
|-heal|p2a: Magearna|11/100|[from] item: Leftovers
|
|switch|p1a: Dragapult|Dragapult, M|26/100
|turn|23
|
|move|p1a: Dragapult|U-turn|p2a: Magearna
|-resisted|p2a: Magearna
|-damage|p2a: Magearna|9/100
|move|p2a: Magearna|Draining Kiss|p1a: Dragapult
|-supereffective|p1a: Dragapult
|-damage|p1a: Dragapult|0 fnt
|-heal|p2a: Magearna|29/100|[from] drain|[of] p1a: Dragapult
|faint|p1a: Dragapult
|
|win|p2
