|poke|p1|Lilligant-Hisui, F|
|poke|p1|Zamazenta-*|
|poke|p1|Great Tusk|
|poke|p1|Tauros-Paldea-Aqua, M|
|poke|p1|Pawmot, M|
|poke|p1|Falinks|
|poke|p2|Arcanine-Hisui, M|
|poke|p2|Hoopa-Unbound|
|poke|p2|Decidueye-Hisui, M|
|poke|p2|Overqwil, F|
|poke|p2|Braviary-Hisui, M|
|poke|p2|Basculegion-F, F|
|teampreview
|
|start
|switch|p1a: Pawmot|Pawmot, M|100/100
|switch|p2a: Hoopa|Hoopa-Unbound|100/100
|turn|1
|
|move|p1a: Pawmot|Thunder Wave|p2a: Hoopa
|-status|p2a: Hoopa|par
|move|p2a: Hoopa|Psychic|p1a: Pawmot
|-supereffective|p1a: Pawmot
|-damage|p1a: Pawmot|0 fnt
|faint|p1a: Pawmot
|
|
|switch|p1a: Lilligant|Lilligant-Hisui, F|100/100
|turn|2
|
|-terastallize|p1a: Lilligant|Grass
|move|p1a: Lilligant|Victory Dance|p1a: Lilligant
|-boost|p1a: Lilligant|atk|1
|-boost|p1a: Lilligant|def|1
|-boost|p1a: Lilligant|spe|1
|cant|p2a: Hoopa|par
|
|turn|3
|
|move|p1a: Lilligant|Victory Dance|p1a: Lilligant
|-boost|p1a: Lilligant|atk|1
|-boost|p1a: Lilligant|def|1
|-boost|p1a: Lilligant|spe|1
|move|p2a: Hoopa|Psychic|p1a: Lilligant
|-damage|p1a: Lilligant|0 fnt
|faint|p1a: Lilligant
|
|
|switch|p1a: Great Tusk|Great Tusk|100/100
|turn|4
|
|move|p1a: Great Tusk|Knock Off|p2a: Hoopa
|-damage|p2a: Hoopa|42/100 par
|-enditem|p2a: Hoopa|Choice Specs|[from] move: Knock Off|[of] p1a: Great Tusk
|move|p2a: Hoopa|Psychic|p1a: Great Tusk
|-supereffective|p1a: Great Tusk
|-damage|p1a: Great Tusk|0 fnt
|faint|p1a: Great Tusk
|-end|p1a: Great Tusk|Protosynthesis|[silent]
|
|
|switch|p1a: Falinks|Falinks|100/100
|turn|5
|
|move|p1a: Falinks|First Impression|p2a: Hoopa
|-supereffective|p2a: Hoopa
|-damage|p2a: Hoopa|0 fnt
|faint|p2a: Hoopa
|
|
|switch|p2a: Overqwil|Overqwil, F|100/100
|-ability|p2a: Overqwil|Intimidate|boost
|-unboost|p1a: Falinks|atk|1
|-ability|p1a: Falinks|Defiant|boost
|-boost|p1a: Falinks|atk|2
|turn|6
|
|move|p2a: Overqwil|Haze|p2a: Overqwil
|-clearallboost
|move|p1a: Falinks|No Retreat|p1a: Falinks
|-boost|p1a: Falinks|atk|1
|-boost|p1a: Falinks|def|1
|-boost|p1a: Falinks|spa|1
|-boost|p1a: Falinks|spd|1
|-boost|p1a: Falinks|spe|1
|-start|p1a: Falinks|move: No Retreat
|
|turn|7
|
|move|p1a: Falinks|Close Combat|p2a: Overqwil
|-damage|p2a: Overqwil|19/100
|-unboost|p1a: Falinks|def|1
|-unboost|p1a: Falinks|spd|1
|-damage|p1a: Falinks|84/100|[from] item: Rocky Helmet|[of] p2a: Overqwil
|move|p2a: Overqwil|Haze|p2a: Overqwil
|-clearallboost
|
|-heal|p1a: Falinks|90/100|[from] item: Leftovers
|turn|8
|
|move|p2a: Overqwil|Barb Barrage|p1a: Falinks
|-damage|p1a: Falinks|56/100
|-status|p1a: Falinks|psn
|move|p1a: Falinks|Close Combat|p2a: Overqwil
|-damage|p2a: Overqwil|0 fnt
|-unboost|p1a: Falinks|def|1
|-unboost|p1a: Falinks|spd|1
|-damage|p1a: Falinks|40/100 psn|[from] item: Rocky Helmet|[of] p2a: Overqwil
|faint|p2a: Overqwil
|
|-heal|p1a: Falinks|46/100 psn|[from] item: Leftovers
|-damage|p1a: Falinks|34/100 psn|[from] psn
|
|switch|p2a: Braviary|Braviary-Hisui, M|100/100
|turn|9
|
|move|p1a: Falinks|Tera Blast|p2a: Braviary
|-damage|p2a: Braviary|85/100
|move|p2a: Braviary|Calm Mind|p2a: Braviary
|-boost|p2a: Braviary|spa|1
|-boost|p2a: Braviary|spd|1
|
|-heal|p1a: Falinks|40/100 psn|[from] item: Leftovers
|-heal|p2a: Braviary|92/100|[from] item: Leftovers
|-damage|p1a: Falinks|27/100 psn|[from] psn
|turn|10
|
|move|p1a: Falinks|Tera Blast|p2a: Braviary
|-damage|p2a: Braviary|81/100
|move|p2a: Braviary|Esper Wing|p1a: Falinks
|-supereffective|p1a: Falinks
|-damage|p1a: Falinks|0 fnt
|faint|p1a: Falinks
|
|-heal|p2a: Braviary|87/100|[from] item: Leftovers
|
|switch|p1a: Zamazenta|Zamazenta|100/100
|-ability|p1a: Zamazenta|Dauntless Shield|boost
|-boost|p1a: Zamazenta|def|1
|turn|11
|
|move|p1a: Zamazenta|Giga Impact|p2a: Braviary
|-damage|p2a: Braviary|32/100
|-mustrecharge|p1a: Zamazenta
|move|p2a: Braviary|Esper Wing|p1a: Zamazenta
|-supereffective|p1a: Zamazenta
|-damage|p1a: Zamazenta|0 fnt
|faint|p1a: Zamazenta
|
|-heal|p2a: Braviary|38/100|[from] item: Leftovers
|
|switch|p1a: Tauros|Tauros-Paldea-Aqua, M|100/100
|-ability|p1a: Tauros|Intimidate|boost
|-unboost|p2a: Braviary|atk|1
|turn|12
|
|switch|p2a: Arcanine|Arcanine-Hisui, M|100/100
|move|p1a: Tauros|Wave Crash|p2a: Arcanine
|-supereffective|p2a: Arcanine
|-damage|p2a: Arcanine|0 fnt
|faint|p2a: Arcanine
|-damage|p1a: Tauros|63/100|[from] Recoil
|
|
|switch|p2a: Decidueye|Decidueye-Hisui, M|100/100
|turn|13
|
|move|p1a: Tauros|Wave Crash|p2a: Decidueye
|-resisted|p2a: Decidueye
|-damage|p2a: Decidueye|53/100
|-damage|p1a: Tauros|42/100|[from] Recoil
|move|p2a: Decidueye|Triple Arrows|p1a: Tauros
|-damage|p1a: Tauros|0 fnt
|faint|p1a: Tauros
|
|win|ThatOneDude21
