|poke|p1|Garganacl, F|
|poke|p1|Great Tusk|
|poke|p1|Volcarona, M|
|poke|p1|Urshifu-*, F|
|poke|p1|Clodsire, M|
|poke|p1|Scizor, F|
|poke|p2|Uxie|
|poke|p2|Iron Valiant|
|poke|p2|Lilligant-Hisui, F|
|poke|p2|Basculegion-F, F|
|poke|p2|Volcarona, F|
|poke|p2|Lokix, F|
|teampreview
|
|start
|switch|p1a: Scizor|Scizor, F|100/100
|switch|p2a: Puxie|Uxie|100/100
|turn|1
|
|move|p2a: Puxie|Stealth Rock|p1a: Scizor
|-sidestart|p1: p1|move: Stealth Rock
|move|p1a: Scizor|Night Slash|p2a: Puxie
|-supereffective|p2a: Puxie
|-damage|p2a: Puxie|48/100
|
|turn|2
|
|move|p1a: Scizor|Bullet Punch|p2a: Puxie
|-damage|p2a: Puxie|17/100
|move|p2a: Puxie|Memento|p1a: Scizor
|-unboost|p1a: Scizor|atk|2
|-unboost|p1a: Scizor|spa|2
|faint|p2a: Puxie
|
|
|switch|p2a: Orange Juicetice|Lilligant-Hisui, F|100/100
|turn|3
|
|move|p2a: Orange Juicetice|Victory Dance|p2a: Orange Juicetice
|-boost|p2a: Orange Juicetice|atk|1
|-boost|p2a: Orange Juicetice|def|1
|-boost|p2a: Orange Juicetice|spe|1
|move|p1a: Scizor|U-turn|p2a: Orange Juicetice
|-damage|p2a: Orange Juicetice|81/100
|
|switch|p1a: Garganacl|Garganacl, F|100/100|[from] U-turn
|-damage|p1a: Garganacl|88/100|[from] Stealth Rock
|
|-heal|p1a: Garganacl|94/100|[from] item: Leftovers
|turn|4
|
|-terastallize|p1a: Garganacl|Ghost
|move|p2a: Orange Juicetice|Petal Blizzard|p1a: Garganacl
|-damage|p1a: Garganacl|42/100
|move|p1a: Garganacl|Salt Cure|p2a: Orange Juicetice
|-resisted|p2a: Orange Juicetice
|-damage|p2a: Orange Juicetice|75/100
|-start|p2a: Orange Juicetice|Salt Cure
|
|-heal|p1a: Garganacl|49/100|[from] item: Leftovers
|-damage|p2a: Orange Juicetice|62/100|[from] Salt Cure
|turn|5
|
|switch|p2a: Goldfish|Basculegion-F, F, shiny|100/100
|move|p1a: Garganacl|Protect||[still]
|-fail|p1a: Garganacl
|
|-heal|p1a: Garganacl|55/100|[from] item: Leftovers
|turn|6
|
|move|p1a: Garganacl|Protect|p1a: Garganacl
|-singleturn|p1a: Garganacl|Protect
|move|p2a: Goldfish|Substitute|p2a: Goldfish
|-start|p2a: Goldfish|Substitute
|-damage|p2a: Goldfish|76/100
|
|-heal|p2a: Goldfish|82/100|[from] item: Leftovers
|-heal|p1a: Garganacl|61/100|[from] item: Leftovers
|turn|7
|
|switch|p1a: Volcarona|Volcarona, M|100/100
|move|p2a: Goldfish|Agility|p2a: Goldfish
|-boost|p2a: Goldfish|spe|2
|
|-heal|p2a: Goldfish|88/100|[from] item: Leftovers
|turn|8
|
|move|p2a: Goldfish|Hydro Pump|p1a: Volcarona|[miss]
|-miss|p2a: Goldfish|p1a: Volcarona
|move|p1a: Volcarona|Giga Drain|p2a: Goldfish
|-supereffective|p2a: Goldfish
|-end|p2a: Goldfish|Substitute
|
|-heal|p2a: Goldfish|94/100|[from] item: Leftovers
|turn|9
|
|switch|p1a: Clodsire|Clodsire, M|100/100
|-damage|p1a: Clodsire|94/100|[from] Stealth Rock
|move|p2a: Goldfish|Hydro Pump|p1a: Clodsire
|-heal|p1a: Clodsire|100/100|[from] ability: Water Absorb|[of] p2a: Goldfish
|
|-heal|p2a: Goldfish|99/100|[from] item: Leftovers
|turn|10
|
|switch|p2a: Smokedkix|Lokix, F|100/100
|move|p1a: Clodsire|Earthquake|p2a: Smokedkix
|-resisted|p2a: Smokedkix
|-damage|p2a: Smokedkix|82/100
|
|turn|11
|
|move|p2a: Smokedkix|Swords Dance|p2a: Smokedkix
|-boost|p2a: Smokedkix|atk|2
|move|p1a: Clodsire|Stealth Rock|p2a: Smokedkix
|-sidestart|p2: p2|move: Stealth Rock
|
|turn|12
|
|switch|p1a: Volcarona|Volcarona, M|100/100
|move|p2a: Smokedkix|Swords Dance|p2a: Smokedkix
|-boost|p2a: Smokedkix|atk|2
|
|turn|13
|
|move|p2a: Smokedkix|Leech Life|p1a: Volcarona
|-resisted|p1a: Volcarona
|-damage|p1a: Volcarona|0 fnt
|-heal|p2a: Smokedkix|100/100|[from] drain|[of] p1a: Volcarona
|faint|p1a: Volcarona
|
|
|switch|p1a: Garganacl|Garganacl, F, tera:Ghost|61/100
|-damage|p1a: Garganacl|49/100|[from] Stealth Rock
|turn|14
|
|move|p1a: Garganacl|Protect|p1a: Garganacl
|-singleturn|p1a: Garganacl|Protect
|move|p2a: Smokedkix|Sucker Punch||[still]
|-fail|p2a: Smokedkix
|
|-heal|p1a: Garganacl|55/100|[from] item: Leftovers
|turn|15
|
|move|p2a: Smokedkix|Leech Life|p1a: Garganacl
|-resisted|p1a: Garganacl
|-damage|p1a: Garganacl|0 fnt
|faint|p1a: Garganacl
|
|
|switch|p1a: Scizor|Scizor, F|100/100
|-damage|p1a: Scizor|88/100|[from] Stealth Rock
|turn|16
|
|move|p1a: Scizor|Bullet Punch|p2a: Smokedkix
|-damage|p2a: Smokedkix|46/100
|move|p2a: Smokedkix|Leech Life|p1a: Scizor
|-resisted|p1a: Scizor
|-damage|p1a: Scizor|0 fnt
|-heal|p2a: Smokedkix|99/100|[from] drain|[of] p1a: Scizor
|faint|p1a: Scizor
|
|
|switch|p1a: Urshifu|Urshifu-Rapid-Strike, F|100/100
|-damage|p1a: Urshifu|94/100|[from] Stealth Rock
|turn|17
|
|move|p2a: Smokedkix|Sucker Punch|p1a: Urshifu
|-resisted|p1a: Urshifu
|-damage|p1a: Urshifu|8/100
|move|p1a: Urshifu|Iron Head|p2a: Smokedkix
|-damage|p2a: Smokedkix|59/100
|
|turn|18
|
|switch|p1a: Clodsire|Clodsire, M|100/100
|-damage|p1a: Clodsire|94/100|[from] Stealth Rock
|move|p2a: Smokedkix|Leech Life|p1a: Clodsire
|-resisted|p1a: Clodsire
|-damage|p1a: Clodsire|0 fnt
|-heal|p2a: Smokedkix|100/100|[from] drain|[of] p1a: Clodsire
|faint|p1a: Clodsire
|
|-message|p1 forfeited.
|
|win|p2
