|poke|p1|Samurott-Hisui, F|
|poke|p1|Gholdengo|
|poke|p1|Sneasler, M|
|poke|p1|Landorus-Therian, M|
|poke|p1|Heatran, F|
|poke|p1|Iron Valiant|
|poke|p2|Arcanine-Hisui, F|
|poke|p2|Landorus-Therian, M|
|poke|p2|Toxapex, M|
|poke|p2|Corviknight, F|
|poke|p2|Chien-Pao|
|poke|p2|Skeledirge, F|
|teampreview
|
|start
|switch|p1a: Landorus|Landorus-Therian, M|100/100
|switch|p2a: BENGALA|Chien-Pao|100/100
|-ability|p2a: BENGALA|Sword of Ruin
|-ability|p1a: Landorus|Intimidate|boost
|-unboost|p2a: BENGALA|atk|1
|turn|1
|
|switch|p1a: Samurott|Samurott-Hisui, F|100/100
|move|p2a: BENGALA|Icicle Crash|p1a: Samurott
|-resisted|p1a: Samurott
|-damage|p1a: Samurott|81/100
|
|-heal|p1a: Samurott|87/100|[from] item: Leftovers
|turn|2
|
|-terastallize|p1a: Samurott|Fairy
|move|p2a: BENGALA|Sacred Sword|p1a: Samurott
|-resisted|p1a: Samurott
|-damage|p1a: Samurott|72/100
|move|p1a: Samurott|Brick Break|p2a: BENGALA
|-supereffective|p2a: BENGALA
|-enditem|p2a: BENGALA|Focus Sash
|-damage|p2a: BENGALA|1/100
|
|-heal|p1a: Samurott|78/100|[from] item: Leftovers
|turn|3
|
|switch|p2a: LACOSTE|Skeledirge, F, shiny|100/100
|move|p1a: Samurott|Ceaseless Edge|p2a: LACOSTE
|-supereffective|p2a: LACOSTE
|-damage|p2a: LACOSTE|42/100
|-sidestart|p2: p2|Spikes
|
|-heal|p1a: Samurott|84/100|[from] item: Leftovers
|turn|4
|
|switch|p2a: THE ROCK|Arcanine-Hisui, F, shiny|100/100
|-damage|p2a: THE ROCK|88/100|[from] Spikes
|move|p1a: Samurott|Ceaseless Edge|p2a: THE ROCK
|-damage|p2a: THE ROCK|44/100
|-sidestart|p2: p2|Spikes
|
|-heal|p1a: Samurott|91/100|[from] item: Leftovers
|turn|5
|
|move|p2a: THE ROCK|Iron Head|p1a: Samurott
|-supereffective|p1a: Samurott
|-damage|p1a: Samurott|32/100
|cant|p1a: Samurott|flinch
|
|-heal|p1a: Samurott|38/100|[from] item: Leftovers
|turn|6
|
|switch|p1a: Landorus|Landorus-Therian, M|100/100
|-ability|p1a: Landorus|Intimidate|boost
|-unboost|p2a: THE ROCK|atk|1
|move|p2a: THE ROCK|Iron Head|p1a: Landorus
|-damage|p1a: Landorus|86/100
|
|-heal|p1a: Landorus|92/100|[from] item: Leftovers
|turn|7
|
|switch|p2a: CORBAC 2 WISH|Corviknight, F, shiny|100/100
|-ability|p2a: CORBAC 2 WISH|Pressure
|move|p1a: Landorus|Swords Dance|p1a: Landorus
|-boost|p1a: Landorus|atk|2
|
|-heal|p1a: Landorus|98/100|[from] item: Leftovers
|turn|8
|
|move|p1a: Landorus|Taunt|p2a: CORBAC 2 WISH
|-start|p2a: CORBAC 2 WISH|move: Taunt
|cant|p2a: CORBAC 2 WISH|move: Taunt|Defog
|
|-heal|p1a: Landorus|100/100|[from] item: Leftovers
|turn|9
|
|move|p1a: Landorus|U-turn|p2a: CORBAC 2 WISH
|-resisted|p2a: CORBAC 2 WISH
|-damage|p2a: CORBAC 2 WISH|94/100
|-damage|p1a: Landorus|84/100|[from] item: Rocky Helmet|[of] p2a: CORBAC 2 WISH
|
|switch|p1a: Gholdengo|Gholdengo|100/100|[from] U-turn
|-item|p1a: Gholdengo|Air Balloon
|move|p2a: CORBAC 2 WISH|Brave Bird|p1a: Gholdengo
|-resisted|p1a: Gholdengo
|-damage|p1a: Gholdengo|85/100
|-enditem|p1a: Gholdengo|Air Balloon
|-damage|p2a: CORBAC 2 WISH|89/100|[from] Recoil
|
|turn|10
|
|move|p1a: Gholdengo|Nasty Plot|p1a: Gholdengo
|-boost|p1a: Gholdengo|spa|2
|move|p2a: CORBAC 2 WISH|Brave Bird|p1a: Gholdengo
|-resisted|p1a: Gholdengo
|-damage|p1a: Gholdengo|68/100
|-damage|p2a: CORBAC 2 WISH|84/100|[from] Recoil
|
|-end|p2a: CORBAC 2 WISH|move: Taunt
|turn|11
|
|move|p1a: Gholdengo|Shadow Ball|p2a: CORBAC 2 WISH
|-damage|p2a: CORBAC 2 WISH|9/100
|-unboost|p2a: CORBAC 2 WISH|spd|1
|move|p2a: CORBAC 2 WISH|Defog|p1a: Gholdengo
|-immune|p1a: Gholdengo|[from] ability: Good as Gold
|
|turn|12
|
|move|p1a: Gholdengo|Shadow Ball|p2a: CORBAC 2 WISH
|-damage|p2a: CORBAC 2 WISH|0 fnt
|faint|p2a: CORBAC 2 WISH
|
|
|switch|p2a: THE ROCK|Arcanine-Hisui, F, shiny|44/100
|-damage|p2a: THE ROCK|28/100|[from] Spikes
|turn|13
|
|switch|p2a: IGOR LE RUSSE|Landorus-Therian, M, shiny|100/100
|-ability|p2a: IGOR LE RUSSE|Intimidate|boost
|-unboost|p1a: Gholdengo|atk|1
|move|p1a: Gholdengo|Shadow Ball|p2a: IGOR LE RUSSE
|-damage|p2a: IGOR LE RUSSE|8/100
|
|turn|14
|
|move|p2a: IGOR LE RUSSE|Earthquake|p1a: Gholdengo
|-supereffective|p1a: Gholdengo
|-damage|p1a: Gholdengo|0 fnt
|faint|p1a: Gholdengo
|
|
|switch|p1a: Landorus|Landorus-Therian, M|84/100
|-ability|p1a: Landorus|Intimidate|boost
|-unboost|p2a: IGOR LE RUSSE|atk|1
|turn|15
|
|switch|p2a: BENGALA|Chien-Pao|1/100
|-damage|p2a: BENGALA|0 fnt|[from] Spikes
|faint|p2a: BENGALA
|move|p1a: Landorus|U-turn|p2: BENGALA|[notarget]
|-fail|p1a: Landorus
|
|-heal|p1a: Landorus|90/100|[from] item: Leftovers
|
|switch|p2a: THE ROCK|Arcanine-Hisui, F, shiny|28/100
|-damage|p2a: THE ROCK|11/100|[from] Spikes
|turn|16
|
|-terastallize|p2a: THE ROCK|Rock
|move|p2a: THE ROCK|Head Smash|p1a: Landorus
|-damage|p1a: Landorus|13/100
|move|p1a: Landorus|Earthquake|p2a: THE ROCK
|-supereffective|p2a: THE ROCK
|-damage|p2a: THE ROCK|0 fnt
|faint|p2a: THE ROCK
|
|-heal|p1a: Landorus|19/100|[from] item: Leftovers
|
|switch|p2a: IGOR LE RUSSE|Landorus-Therian, M, shiny|8/100
|-ability|p2a: IGOR LE RUSSE|Intimidate|boost
|-unboost|p1a: Landorus|atk|1
|turn|17
|
|move|p2a: IGOR LE RUSSE|U-turn|p1a: Landorus
|-resisted|p1a: Landorus
|-damage|p1a: Landorus|8/100
|
|switch|p2a: LACOSTE|Skeledirge, F, shiny|42/100|[from] U-turn
|move|p1a: Landorus|U-turn|p2a: LACOSTE
|-resisted|p2a: LACOSTE
|-damage|p2a: LACOSTE|37/100
|
|switch|p1a: Samurott|Samurott-Hisui, F, tera:Fairy|38/100|[from] U-turn
|
|-heal|p1a: Samurott|44/100|[from] item: Leftovers
|turn|18
|
|switch|p2a: MODO DISCORD|Toxapex, M, shiny|100/100
|-damage|p2a: MODO DISCORD|84/100|[from] Spikes
|move|p1a: Samurott|Ceaseless Edge|p2a: MODO DISCORD
|-damage|p2a: MODO DISCORD|61/100
|-sidestart|p2: p2|Spikes
|
|-heal|p1a: Samurott|50/100|[from] item: Leftovers
|turn|19
|
|move|p1a: Samurott|Ceaseless Edge|p2a: MODO DISCORD
|-damage|p2a: MODO DISCORD|39/100
|move|p2a: MODO DISCORD|Surf|p1a: Samurott
|-damage|p1a: Samurott|33/100
|
|-heal|p1a: Samurott|40/100|[from] item: Leftovers
|turn|20
|-message|p2 forfeited.
|
|win|p1
