# advantage = p1
|poke|p1|Pawmot, F|
|poke|p1|Ursaluna, F|
|poke|p1|Cyclizar, F|
|poke|p1|Forretress, M|
|poke|p1|Zarude|
|poke|p1|Raichu, F|
|poke|p2|Gardevoir, F|
|poke|p2|Gengar, M|
|poke|p2|Arcanine-Hisui, M|
|poke|p2|Hydreigon, F|
|poke|p2|Meowscarada, M|
|poke|p2|Toxapex, M|
|teampreview
|
|start
|switch|p1a: Reimi|Pawmot, F, shiny|100/100
|switch|p2a: Toxapex|Toxapex, M|100/100
|turn|1
|
|-terastallize|p2a: Toxapex|Steel
|move|p1a: Reimi|Thunder Punch|p2a: Toxapex
|-damage|p2a: Toxapex|72/100
|move|p2a: Toxapex|Toxic Spikes|p1a: Reimi
|-sidestart|p1: p1|move: Toxic Spikes
|
|-heal|p2a: Toxapex|78/100|[from] item: Leftovers
|turn|2
|
|switch|p1a: Fort Nado|Forretress, M|100/100
|switch|p2a: Arcanine|Arcanine-Hisui, M|100/100
|-ability|p2a: Arcanine|Intimidate|boost
|-unboost|p1a: Fort Nado|atk|1
|
|turn|3
|
|move|p2a: Arcanine|Flare Blitz|p1a: Fort Nado
|-supereffective|p1a: Fort Nado
|-damage|p1a: Fort Nado|6/100
|-damage|p2a: Arcanine|72/100|[from] Recoil
|move|p1a: Fort Nado|Body Press|p2a: Arcanine
|-supereffective|p2a: Arcanine
|-damage|p2a: Arcanine|25/100
|
|turn|4
|
|move|p2a: Arcanine|Morning Sun|p2a: Arcanine
|-heal|p2a: Arcanine|75/100
|move|p1a: Fort Nado|Volt Switch|p2a: Arcanine
|-damage|p2a: Arcanine|65/100
|
|switch|p1a: Liebe Raichu|Raichu, F|100/100|[from] Volt Switch
|-status|p1a: Liebe Raichu|psn
|
|-damage|p1a: Liebe Raichu|88/100 psn|[from] psn
|turn|5
|
|move|p1a: Liebe Raichu|Surf|p2a: Arcanine
|-supereffective|p2a: Arcanine
|-damage|p2a: Arcanine|0 fnt
|faint|p2a: Arcanine
|
|-damage|p1a: Liebe Raichu|76/100 psn|[from] psn
|
|switch|p2a: Meowscarada|Meowscarada, M|100/100
|turn|6

|
|switch|p1a: Fort Nado|Forretress, M|6/100
|move|p2a: Meowscarada|Flower Trick|p1a: Fort Nado
|-start|p2a: Meowscarada|typechange|Grass|[from] ability: Protean
|-resisted|p1a: Fort Nado
|-crit|p1a: Fort Nado
|-damage|p1a: Fort Nado|0 fnt
|faint|p1a: Fort Nado
|
|
|switch|p1a: Bike-Lizar|Cyclizar, F|100/100
|-status|p1a: Bike-Lizar|psn
|turn|7
|
|move|p2a: Meowscarada|U-turn|p1a: Bike-Lizar
|-damage|p1a: Bike-Lizar|72/100 psn
|
|switch|p2a: Toxapex|Toxapex, M, tera:Steel|100/100|[from] U-turn
|move|p1a: Bike-Lizar|Ice Spinner|p2a: Toxapex
|-resisted|p2a: Toxapex
|-damage|p2a: Toxapex|95/100
|
|-heal|p2a: Toxapex|100/100|[from] item: Leftovers
|-damage|p1a: Bike-Lizar|60/100 psn|[from] psn
|turn|8
|
|move|p1a: Bike-Lizar|Rapid Spin|p2a: Toxapex
|-resisted|p2a: Toxapex
|-damage|p2a: Toxapex|96/100
|-boost|p1a: Bike-Lizar|spe|1
|-sideend|p1: p1|Toxic Spikes|[from] move: Rapid Spin|[of] p1a: Bike-Lizar
|move|p2a: Toxapex|Surf|p1a: Bike-Lizar
|-resisted|p1a: Bike-Lizar
|-damage|p1a: Bike-Lizar|50/100 psn
|
|-heal|p2a: Toxapex|100/100|[from] item: Leftovers
|-damage|p1a: Bike-Lizar|38/100 psn|[from] psn
|turn|9
|
|switch|p1a: ZZZ|Zarude|100/100
|move|p2a: Toxapex|Toxic Spikes|p1a: ZZZ
|-sidestart|p1: p1|move: Toxic Spikes
|
|turn|10
|
|switch|p2a: Gardevoir|Gardevoir, F|100/100
|-ability|p2a: Gardevoir|Leaf Guard|[from] ability: Trace|[of] p1a: ZZZ
|move|p1a: ZZZ|Bulk Up|p1a: ZZZ
|-boost|p1a: ZZZ|atk|1
|-boost|p1a: ZZZ|def|1
|
|turn|11

|
|move|p2a: Gardevoir|Moonblast|p1a: ZZZ
|-supereffective|p1a: ZZZ
|-damage|p1a: ZZZ|27/100
|move|p1a: ZZZ|Seed Bomb|p2a: Gardevoir
|-damage|p2a: Gardevoir|8/100
|
|-heal|p1a: ZZZ|33/100|[from] item: Leftovers
|turn|12
|n|☆p2|p2
|
|move|p2a: Gardevoir|Moonblast|p1a: ZZZ
|-supereffective|p1a: ZZZ
|-damage|p1a: ZZZ|0 fnt
|faint|p1a: ZZZ
|
|
|switch|p1a: Bike-Lizar|Cyclizar, F|71/100 psn
|turn|13
|
|switch|p1a: AWOON|Ursaluna, F|100/100
|-status|p1a: AWOON|psn
|move|p2a: Gardevoir|Moonblast|p1a: AWOON
|-damage|p1a: AWOON|61/100 psn
|
|-damage|p1a: AWOON|49/100 psn|[from] psn
|turn|14
|
|switch|p2a: Hydreigon|Hydreigon, F|100/100
|move|p1a: AWOON|Fire Punch|p2a: Hydreigon
|-resisted|p2a: Hydreigon
|-damage|p2a: Hydreigon|59/100
|-status|p2a: Hydreigon|brn
|
|-heal|p2a: Hydreigon|65/100 brn|[from] item: Leftovers
|-damage|p1a: AWOON|36/100 psn|[from] psn
|-damage|p2a: Hydreigon|59/100 brn|[from] brn
|turn|15
|
|move|p2a: Hydreigon|Earth Power|p1a: AWOON
|-damage|p1a: AWOON|11/100 psn
|move|p1a: AWOON|Fire Punch|p2a: Hydreigon
|-resisted|p2a: Hydreigon
|-damage|p2a: Hydreigon|20/100 brn
|
|-heal|p2a: Hydreigon|26/100 brn|[from] item: Leftovers
|-damage|p1a: AWOON|0 fnt|[from] psn
|faint|p1a: AWOON
|-damage|p2a: Hydreigon|20/100 brn|[from] brn
|
|switch|p1a: Bike-Lizar|Cyclizar, F|100/100 psn
|turn|16
|
|move|p1a: Bike-Lizar|Breaking Swipe|p2a: Hydreigon
|-supereffective|p2a: Hydreigon
|-damage|p2a: Hydreigon|0 fnt
|faint|p2a: Hydreigon
|
|-damage|p1a: Bike-Lizar|88/100 psn|[from] psn
|
|switch|p2a: Toxapex|Toxapex, M, tera:Steel|100/100
|turn|17
|
|switch|p2a: Meowscarada|Meowscarada, M|100/100
|move|p1a: Bike-Lizar|Breaking Swipe|p2a: Meowscarada
|-damage|p2a: Meowscarada|70/100
|-unboost|p2a: Meowscarada|atk|1
|
|-damage|p1a: Bike-Lizar|75/100 psn|[from] psn
|turn|18
|
|move|p2a: Meowscarada|Knock Off|p1a: Bike-Lizar
|-start|p2a: Meowscarada|typechange|Dark|[from] ability: Protean
|-damage|p1a: Bike-Lizar|30/100 psn
|-enditem|p1a: Bike-Lizar|Assault Vest|[from] move: Knock Off|[of] p2a: Meowscarada
|move|p1a: Bike-Lizar|Ice Spinner|p2a: Meowscarada
|-damage|p2a: Meowscarada|41/100
|
|-damage|p1a: Bike-Lizar|18/100 psn|[from] psn
|turn|19
|
|move|p2a: Meowscarada|Flower Trick|p1a: Bike-Lizar
|-resisted|p1a: Bike-Lizar
|-crit|p1a: Bike-Lizar
|-damage|p1a: Bike-Lizar|0 fnt
|faint|p1a: Bike-Lizar
|
|
|switch|p1a: Reimi|Pawmot, F, shiny|100/100
|-status|p1a: Reimi|psn
|turn|20
|
|move|p1a: Reimi|Mach Punch|p2a: Meowscarada
|-supereffective|p2a: Meowscarada
|-damage|p2a: Meowscarada|0 fnt
|faint|p2a: Meowscarada
|
|-damage|p1a: Reimi|88/100 psn|[from] psn
|
|switch|p2a: Gengar|Gengar, M|100/100
|turn|21
|
|switch|p1a: Liebe Raichu|Raichu, F|76/100 psn
|move|p2a: Gengar|Trick|p1a: Liebe Raichu
|-activate|p2a: Gengar|move: Trick|[of] p1a: Liebe Raichu
|-item|p1a: Liebe Raichu|Choice Specs|[from] move: Trick
|-item|p2a: Gengar|Rocky Helmet|[from] move: Trick
|
|-damage|p1a: Liebe Raichu|63/100 psn|[from] psn
|turn|22
|
|move|p1a: Liebe Raichu|Thunderbolt|p2a: Gengar
|-damage|p2a: Gengar|28/100
|-status|p2a: Gengar|par
|-start|p1a: Liebe Raichu|Disable|Thunderbolt|[from] ability: Cursed Body|[of] p2a: Gengar
|move|p2a: Gengar|Sludge Bomb|p1a: Liebe Raichu
|-damage|p1a: Liebe Raichu|0 fnt
|faint|p1a: Liebe Raichu
|
|
|switch|p1a: Reimi|Pawmot, F, shiny|88/100 psn
|turn|23
|
|switch|p2a: Toxapex|Toxapex, M, tera:Steel|100/100
|move|p1a: Reimi|Revival Blessing|p1a: Reimi
|
|-heal|p1: AWOON|50/100|[from] move: Revival Blessing
|
|-damage|p1a: Reimi|76/100 psn|[from] psn
|turn|24
|
|move|p1a: Reimi|Mach Punch|p2a: Toxapex
|-supereffective|p2a: Toxapex
|-damage|p2a: Toxapex|66/100
|move|p2a: Toxapex|Surf|p1a: Reimi
|-damage|p1a: Reimi|43/100 psn
|
|-heal|p2a: Toxapex|73/100|[from] item: Leftovers
|-damage|p1a: Reimi|30/100 psn|[from] psn
|turn|25
|
|move|p1a: Reimi|Mach Punch|p2a: Toxapex
|-supereffective|p2a: Toxapex
|-damage|p2a: Toxapex|42/100
|move|p2a: Toxapex|Surf|p1a: Reimi
|-damage|p1a: Reimi|0 fnt
|faint|p1a: Reimi
|
|-heal|p2a: Toxapex|49/100|[from] item: Leftovers
|
|switch|p1a: AWOON|Ursaluna, F|50/100
|-status|p1a: AWOON|psn
|turn|26
|
|-terastallize|p1a: AWOON|Normal
|move|p1a: AWOON|Headlong Rush|p2a: Toxapex
|-supereffective|p2a: Toxapex
|-damage|p2a: Toxapex|0 fnt
|-unboost|p1a: AWOON|def|1
|-unboost|p1a: AWOON|spd|1
|faint|p2a: Toxapex
|
|-damage|p1a: AWOON|38/100 psn|[from] psn
|
|switch|p2a: Gardevoir|Gardevoir, F|8/100
|-ability|p2a: Gardevoir|Guts|[from] ability: Trace|[of] p1a: AWOON
|turn|27
|
|move|p2a: Gardevoir|Healing Wish|p2a: Gardevoir
|faint|p2a: Gardevoir
|move|p1a: AWOON|Headlong Rush|p2: Gardevoir|[notarget]
|-fail|p1a: AWOON
|
|-damage|p1a: AWOON|26/100 psn|[from] psn
|
|switch|p2a: Gengar|Gengar, M|28/100 par
|-heal|p2a: Gengar|100/100|[from] move: Healing Wish
|turn|28
|
|move|p2a: Gengar|Trick|p1a: AWOON
|-activate|p2a: Gengar|move: Trick|[of] p1a: AWOON
|-item|p1a: AWOON|Rocky Helmet|[from] move: Trick
|-item|p2a: Gengar|Choice Band|[from] move: Trick
|move|p1a: AWOON|Headlong Rush|p2a: Gengar
|-supereffective|p2a: Gengar
|-damage|p2a: Gengar|0 fnt
|-unboost|p1a: AWOON|def|1
|-unboost|p1a: AWOON|spd|1
|faint|p2a: Gengar
|
|win|p1
