# advantage = p2
|poke|p1|Lilligant-Hisui, F|
|poke|p1|Magearna|
|poke|p1|Glimmora, F|
|poke|p1|Grimmsnarl, M|
|poke|p1|Gholdengo|
|poke|p1|Iron Valiant|
|poke|p2|Arcanine-Hisui, M|
|poke|p2|Goodra-Hisui, M|
|poke|p2|Typhlosion-Hisui, M|
|poke|p2|Braviary-Hisui, M|
|poke|p2|Drifblim, M|
|poke|p2|Diancie|
|teampreview
|
|start
|switch|p1a: Glimmora|Glimmora, F, shiny|100/100
|switch|p2a: Goodra|Goodra-Hisui, M|100/100
|turn|1
|
|move|p1a: Glimmora|Stealth Rock|p2a: Goodra
|-sidestart|p2: p2|move: Stealth Rock
|move|p2a: Goodra|Earthquake|p1a: Glimmora
|-supereffective|p1a: Glimmora
|-enditem|p1a: Glimmora|Focus Sash
|-damage|p1a: Glimmora|1/100
|-activate|p1a: Glimmora|ability: Toxic Debris
|-sidestart|p2: p2|move: Toxic Spikes
|
|turn|2
|
|move|p1a: Glimmora|Earth Power|p2a: Goodra
|-supereffective|p2a: Goodra
|-damage|p2a: Goodra|75/100
|move|p2a: Goodra|Earthquake|p1a: Glimmora
|-supereffective|p1a: Glimmora
|-damage|p1a: Glimmora|0 fnt
|-activate|p1a: Glimmora|ability: Toxic Debris
|-sidestart|p2: p2|move: Toxic Spikes
|faint|p1a: Glimmora
|
|
|switch|p1a: Grimmsnarl|Grimmsnarl, M, shiny|100/100
|turn|3
|
|move|p1a: Grimmsnarl|Reflect|p1a: Grimmsnarl
|-sidestart|p1: p1|Reflect
|move|p2a: Goodra|Iron Head|p1a: Grimmsnarl
|-supereffective|p1a: Grimmsnarl
|-damage|p1a: Grimmsnarl|67/100
|
|turn|4
|
|switch|p2a: Drifblim|Drifblim, M|100/100
|move|p1a: Grimmsnarl|Light Screen|p1a: Grimmsnarl
|-sidestart|p1: p1|move: Light Screen
|
|turn|5
|
|move|p1a: Grimmsnarl|Parting Shot|p2a: Drifblim
|-unboost|p2a: Drifblim|atk|1
|-unboost|p2a: Drifblim|spa|1
|
|switch|p1a: Magearna|Magearna|100/100|[from] Parting Shot
|move|p2a: Drifblim|Defog|p1a: Magearna
|-unboost|p1a: Magearna|evasion|1
|-sideend|p1: p1|Reflect
|-sideend|p1: p1|move: Light Screen
|-sideend|p2: p2|Toxic Spikes|[from] move: Defog|[of] p2a: Drifblim
|-sideend|p2: p2|Stealth Rock|[from] move: Defog|[of] p2a: Drifblim
|
|turn|6
|
|switch|p1a: Grimmsnarl|Grimmsnarl, M, shiny|67/100
|move|p2a: Drifblim|Will-O-Wisp|p1a: Grimmsnarl
|-status|p1a: Grimmsnarl|brn
|
|-damage|p1a: Grimmsnarl|61/100 brn|[from] brn
|turn|7
|
|switch|p2a: Diancie|Diancie|100/100
|move|p1a: Grimmsnarl|Taunt|p2a: Diancie
|-start|p2a: Diancie|move: Taunt
|
|-damage|p1a: Grimmsnarl|55/100 brn|[from] brn
|turn|8
|
|move|p1a: Grimmsnarl|Reflect|p1a: Grimmsnarl
|-sidestart|p1: p1|Reflect
|move|p2a: Diancie|Diamond Storm|p1a: Grimmsnarl
|-damage|p1a: Grimmsnarl|24/100 brn
|-boost|p2a: Diancie|def|2
|
|-damage|p1a: Grimmsnarl|18/100 brn|[from] brn
|turn|9
|
|move|p1a: Grimmsnarl|Light Screen|p1a: Grimmsnarl
|-sidestart|p1: p1|move: Light Screen
|move|p2a: Diancie|Diamond Storm|p1a: Grimmsnarl
|-damage|p1a: Grimmsnarl|0 fnt
|-boost|p2a: Diancie|def|2
|faint|p1a: Grimmsnarl
|
|-end|p2a: Diancie|move: Taunt
|
|switch|p1a: Lilligant|Lilligant-Hisui, F, shiny|100/100
|turn|10
|
|move|p1a: Lilligant|Victory Dance|p1a: Lilligant
|-boost|p1a: Lilligant|atk|1
|-boost|p1a: Lilligant|def|1
|-boost|p1a: Lilligant|spe|1
|move|p2a: Diancie|Rock Polish|p2a: Diancie
|-boost|p2a: Diancie|spe|2
|
|turn|11
|
|-terastallize|p1a: Lilligant|Water
|-terastallize|p2a: Diancie|Flying
|move|p1a: Lilligant|Victory Dance|p1a: Lilligant
|-boost|p1a: Lilligant|atk|1
|-boost|p1a: Lilligant|def|1
|-boost|p1a: Lilligant|spe|1
|move|p2a: Diancie|Play Rough|p1a: Lilligant
|-damage|p1a: Lilligant|83/100
|
|turn|12
|
|move|p1a: Lilligant|Victory Dance|p1a: Lilligant
|-boost|p1a: Lilligant|atk|1
|-boost|p1a: Lilligant|def|1
|-boost|p1a: Lilligant|spe|1
|move|p2a: Diancie|Diamond Storm|p1a: Lilligant
|-damage|p1a: Lilligant|67/100
|-boost|p2a: Diancie|def|2
|
|turn|13
|
|move|p1a: Lilligant|Victory Dance|p1a: Lilligant
|-boost|p1a: Lilligant|atk|1
|-boost|p1a: Lilligant|def|1
|-boost|p1a: Lilligant|spe|1
|move|p2a: Diancie|Rock Polish|p2a: Diancie
|-boost|p2a: Diancie|spe|2
|
|turn|14
|
|move|p1a: Lilligant|Victory Dance|p1a: Lilligant
|-boost|p1a: Lilligant|atk|1
|-boost|p1a: Lilligant|def|1
|-boost|p1a: Lilligant|spe|1
|move|p2a: Diancie|Play Rough|p1a: Lilligant
|-damage|p1a: Lilligant|59/100
|
|turn|15
|
|move|p1a: Lilligant|Aerial Ace|p2a: Diancie
|-damage|p2a: Diancie|77/100
|move|p2a: Diancie|Play Rough|p1a: Lilligant
|-damage|p1a: Lilligant|49/100
|
|-sideend|p1: p1|Reflect
|turn|16
|
|move|p1a: Lilligant|Leaf Blade|p2a: Diancie
|-resisted|p2a: Diancie
|-crit|p2a: Diancie
|-damage|p2a: Diancie|0 fnt
|faint|p2a: Diancie
|
|-sideend|p1: p1|move: Light Screen
|n|!p1|seem22
|
|switch|p2a: Arcanine|Arcanine-Hisui, M|100/100
|turn|17
|
|move|p2a: Arcanine|Extreme Speed|p1a: Lilligant
|-damage|p1a: Lilligant|38/100
|move|p1a: Lilligant|Close Combat|p2a: Arcanine
|-supereffective|p2a: Arcanine
|-damage|p2a: Arcanine|0 fnt
|-unboost|p1a: Lilligant|def|1
|-unboost|p1a: Lilligant|spd|1
|faint|p2a: Arcanine
|
|
|switch|p2a: Braviary|Braviary-Hisui, M|100/100
|turn|18
|
|move|p1a: Lilligant|Aerial Ace|p2a: Braviary
|-damage|p2a: Braviary|0 fnt
|faint|p2a: Braviary
|
|-message|p2 forfeited.
|
|win|p1
