# advantage = p2
|poke|p1|Eiscue, F|
|poke|p1|Baxcalibur, M|
|poke|p1|Chien-Pao|
|poke|p1|Abomasnow, M|
|poke|p1|Vaporeon, F|
|poke|p1|Frosmoth, M|
|poke|p2|Staraptor, M|
|poke|p2|Sylveon, M|
|poke|p2|Garganacl, M|
|poke|p2|Magnezone|
|poke|p2|Grimmsnarl, M|
|poke|p2|Magearna|
|teampreview
|
|start
|switch|p1a: Abomasnow|Abomasnow, M|100/100
|switch|p2a: Staraptor|Staraptor, M, shiny|100/100
|-weather|Snow|[from] ability: Snow Warning|[of] p1a: Abomasnow
|turn|1
|
|move|p2a: Staraptor|Final Gambit|p1a: Abomasnow
|-damage|p1a: Abomasnow|3/100
|faint|p2a: Staraptor
|move|p1a: Abomasnow|Aurora Veil|p1a: Abomasnow
|-sidestart|p1: p1|move: Aurora Veil
|
|-weather|Snow|[upkeep]
|
|switch|p2a: Garganacl|Garganacl, M|100/100
|turn|2
|
|move|p1a: Abomasnow|Leaf Storm|p2a: Garganacl
|-supereffective|p2a: Garganacl
|-damage|p2a: Garganacl|26/100
|-unboost|p1a: Abomasnow|spa|2
|move|p2a: Garganacl|Salt Cure|p1a: Abomasnow
|-supereffective|p1a: Abomasnow
|-damage|p1a: Abomasnow|0 fnt
|faint|p1a: Abomasnow
|
|-weather|Snow|[upkeep]
|
|switch|p1a: Frosmoth|Frosmoth, M|100/100
|turn|3
|
|move|p1a: Frosmoth|Quiver Dance|p1a: Frosmoth
|-boost|p1a: Frosmoth|spa|1
|-boost|p1a: Frosmoth|spd|1
|-boost|p1a: Frosmoth|spe|1
|move|p2a: Garganacl|Rock Slide|p1a: Frosmoth
|-supereffective|p1a: Frosmoth
|-damage|p1a: Frosmoth|17/100
|
|-weather|Snow|[upkeep]
|turn|4
|
|move|p1a: Frosmoth|Blizzard|p2a: Garganacl
|-damage|p2a: Garganacl|0 fnt
|faint|p2a: Garganacl
|
|-weather|Snow|[upkeep]
|
|switch|p2a: Magnezone|Magnezone|100/100
|turn|5
|
|move|p1a: Frosmoth|Blizzard|p2a: Magnezone
|-resisted|p2a: Magnezone
|-damage|p2a: Magnezone|48/100
|-status|p2a: Magnezone|frz
|-curestatus|p2a: Magnezone|frz|[msg]
|move|p2a: Magnezone|Steel Beam|p1a: Frosmoth|[miss]
|-miss|p2a: Magnezone|p1a: Frosmoth
|-damage|p2a: Magnezone|0 fnt|[from] steelbeam
|faint|p2a: Magnezone
|
|-weather|Snow|[upkeep]
|-sideend|p1: p1|move: Aurora Veil
|
|switch|p2a: Sylveon|Sylveon, M|100/100
|turn|6
|
|move|p2a: Sylveon|Quick Attack|p1a: Frosmoth
|-damage|p1a: Frosmoth|5/100
|move|p1a: Frosmoth|Blizzard|p2a: Sylveon
|-damage|p2a: Sylveon|36/100
|-status|p2a: Sylveon|frz
|
|-weather|Snow|[upkeep]
|turn|7
|
|cant|p2a: Sylveon|frz
|move|p1a: Frosmoth|Blizzard|p2a: Sylveon
|-damage|p2a: Sylveon|0 fnt
|faint|p2a: Sylveon
|
|-weather|Snow|[upkeep]
|
|switch|p2a: Grimmsnarl|Grimmsnarl, M|100/100
|turn|8
|
|move|p2a: Grimmsnarl|Light Screen|p2a: Grimmsnarl
|-sidestart|p2: p2|move: Light Screen
|move|p1a: Frosmoth|Blizzard|p2a: Grimmsnarl
|-damage|p2a: Grimmsnarl|53/100
|
|-weather|none
|turn|9
|
|move|p2a: Grimmsnarl|Parting Shot|p1a: Frosmoth
|-unboost|p1a: Frosmoth|atk|1
|-unboost|p1a: Frosmoth|spa|1
|
|switch|p2a: Magearna|Magearna|100/100|[from] Parting Shot
|move|p1a: Frosmoth|Snowscape|p1a: Frosmoth
|-weather|Snow
|
|-weather|Snow|[upkeep]
|turn|10
|
|move|p1a: Frosmoth|Blizzard|p2a: Magearna
|-resisted|p2a: Magearna
|-damage|p2a: Magearna|87/100
|move|p2a: Magearna|Calm Mind|p2a: Magearna
|-boost|p2a: Magearna|spa|1
|-boost|p2a: Magearna|spd|1
|
|-weather|Snow|[upkeep]
|-heal|p2a: Magearna|93/100|[from] item: Leftovers
|turn|11
|
|switch|p1a: Chien-Pao|Chien-Pao|100/100
|-ability|p1a: Chien-Pao|Sword of Ruin
|move|p2a: Magearna|Calm Mind|p2a: Magearna
|-boost|p2a: Magearna|spa|1
|-boost|p2a: Magearna|spd|1
|
|-weather|Snow|[upkeep]
|-heal|p2a: Magearna|99/100|[from] item: Leftovers
|turn|12
|
|move|p1a: Chien-Pao|Sacred Sword|p2a: Magearna
|-damage|p2a: Magearna|50/100
|move|p2a: Magearna|Iron Defense|p2a: Magearna
|-boost|p2a: Magearna|def|2
|
|-weather|Snow|[upkeep]
|-heal|p2a: Magearna|56/100|[from] item: Leftovers
|turn|13
|
|move|p1a: Chien-Pao|Sacred Sword|p2a: Magearna
|-crit|p2a: Magearna
|-damage|p2a: Magearna|0 fnt
|faint|p2a: Magearna
|
|-weather|none
|
|switch|p2a: Grimmsnarl|Grimmsnarl, M|53/100
|turn|14
|-message|p2 forfeited.
|
|win|p1
