|poke|p1|Sneasler, M|
|poke|p1|Indeedee, M|
|poke|p1|Magearna|
|poke|p1|Chien-Pao|
|poke|p1|Iron Treads|
|poke|p1|Volcarona, M|
|poke|p2|Samurott-Hisui, M|
|poke|p2|Braviary-Hisui, M|
|poke|p2|Kleavor, F|
|poke|p2|Zoroark-Hisui, M|
|poke|p2|Lilligant-Hisui, F|
|poke|p2|Goodra-Hisui, M|
|teampreview
|
|start
|switch|p1a: Iron Treads|Iron Treads|100/100
|switch|p2a: Keldav|Kleavor, F|100/100
|turn|1
|
|move|p1a: Iron Treads|Stealth Rock|p2a: Keldav
|-sidestart|p2: EmeraldFlame64|move: Stealth Rock
|move|p2a: Keldav|Close Combat|p1a: Iron Treads
|-supereffective|p1a: Iron Treads
|-damage|p1a: Iron Treads|15/100
|-unboost|p2a: Keldav|def|1
|-unboost|p2a: Keldav|spd|1
|
|turn|2
|
|move|p1a: Iron Treads|Earthquake|p2a: Keldav
|-damage|p2a: Keldav|9/100
|move|p2a: Keldav|Stone Axe|p1a: Iron Treads
|-resisted|p1a: Iron Treads
|-damage|p1a: Iron Treads|2/100
|-sidestart|p1: Lolo 2.0|move: Stealth Rock
|
|turn|3
|
|move|p1a: Iron Treads|Rapid Spin|p2a: Keldav
|-resisted|p2a: Keldav
|-damage|p2a: Keldav|0 fnt
|-boost|p1a: Iron Treads|spe|1
|-sideend|p1: Lolo 2.0|Stealth Rock|[from] move: Rapid Spin|[of] p1a: Iron Treads
|faint|p2a: Keldav
|
|
|switch|p2a: Gonpachiro|Samurott-Hisui, M|100/100
|-damage|p2a: Gonpachiro|88/100|[from] Stealth Rock
|turn|4
|
|move|p2a: Gonpachiro|Aqua Jet|p1a: Iron Treads
|-supereffective|p1a: Iron Treads
|-damage|p1a: Iron Treads|0 fnt
|faint|p1a: Iron Treads
|-end|p1a: Iron Treads|Quark Drive|[silent]
|-damage|p2a: Gonpachiro|78/100|[from] item: Life Orb
|
|
|switch|p1a: Indeedee|Indeedee, M|100/100
|-fieldstart|move: Psychic Terrain|[from] ability: Psychic Surge|[of] p1a: Indeedee
|turn|5
|
|move|p1a: Indeedee|Dazzling Gleam|p2a: Gonpachiro
|-supereffective|p2a: Gonpachiro
|-crit|p2a: Gonpachiro
|-damage|p2a: Gonpachiro|0 fnt
|faint|p2a: Gonpachiro
|
|
|switch|p2a: Hakiin|Braviary-Hisui, M|100/100
|turn|6
|
|move|p1a: Indeedee|Psychic|p2a: Hakiin
|-resisted|p2a: Hakiin
|-damage|p2a: Hakiin|70/100
|move|p2a: Hakiin|Esper Wing|p1a: Indeedee
|-resisted|p1a: Indeedee
|-damage|p1a: Indeedee|42/100
|-boost|p2a: Hakiin|spe|1
|
|turn|7
|
|move|p2a: Hakiin|Calm Mind|p2a: Hakiin
|-boost|p2a: Hakiin|spa|1
|-boost|p2a: Hakiin|spd|1
|move|p1a: Indeedee|Dazzling Gleam|p2a: Hakiin
|-damage|p2a: Hakiin|50/100
|
|turn|8
|
|move|p2a: Hakiin|Esper Wing|p1a: Indeedee
|-resisted|p1a: Indeedee
|-damage|p1a: Indeedee|0 fnt
|-boost|p2a: Hakiin|spe|1
|faint|p1a: Indeedee
|
|
|switch|p1a: Sneasler|Sneasler, M|100/100
|-enditem|p1a: Sneasler|Psychic Seed
|-boost|p1a: Sneasler|spd|1|[from] item: Psychic Seed
|turn|9
|
|-terastallize|p1a: Sneasler|Flying
|move|p1a: Sneasler|Acrobatics|p2a: Hakiin
|-damage|p2a: Hakiin|0 fnt
|faint|p2a: Hakiin
|
|
|switch|p2a: Gary Goobert|Goodra-Hisui, M|100/100
|-damage|p2a: Gary Goobert|88/100|[from] Stealth Rock
|turn|10
|
|move|p1a: Sneasler|Swords Dance|p1a: Sneasler
|-boost|p1a: Sneasler|atk|2
|move|p2a: Gary Goobert|Shadow Ball|p1a: Sneasler
|-damage|p1a: Sneasler|43/100
|
|turn|11
|
|move|p1a: Sneasler|Acrobatics|p2a: Gary Goobert
|-damage|p2a: Gary Goobert|0 fnt
|replace|p2a: Okami|Zoroark-Hisui, M
|-end|p2a: Okami|Illusion
|faint|p2a: Okami
|
|
|switch|p2a: Gary Goobert|Goodra-Hisui, M|100/100
|-damage|p2a: Gary Goobert|94/100|[from] Stealth Rock
|turn|12
|
|-terastallize|p2a: Gary Goobert|Flying
|move|p1a: Sneasler|Acrobatics|p2a: Gary Goobert
|-damage|p2a: Gary Goobert|0 fnt
|faint|p2a: Gary Goobert
|
|-fieldend|move: Psychic Terrain
|
|switch|p2a: Planthia|Lilligant-Hisui, F|100/100
|-damage|p2a: Planthia|94/100|[from] Stealth Rock
|turn|13
|
|move|p1a: Sneasler|Acrobatics|p2a: Planthia
|-supereffective|p2a: Planthia
|-damage|p2a: Planthia|0 fnt
|faint|p2a: Planthia
|
|win|Lolo 2.0
