|poke|p1|Corviknight, M|
|poke|p1|Moltres-Galar|
|poke|p1|Maushold|
|poke|p1|Primeape, M|
|poke|p1|Dragapult, F|
|poke|p1|Electrode-Hisui|
|poke|p2|Glimmora, M|
|poke|p2|Talonflame, M|
|poke|p2|Meowscarada, M|
|poke|p2|Kingambit, M|
|poke|p2|Scream Tail|
|poke|p2|Rotom-Heat|
|teampreview
|j| EeveeKnight15
|j| Shammoo Shaman
|j| Britzler
|
|start
|switch|p1a: Honorary Prankster|Electrode-Hisui, shiny|100/100
|switch|p2a: Glimmora|Glimmora, M|100/100
|turn|1
|
|move|p2a: Glimmora|Sludge Wave|p1a: Honorary Prankster
|-supereffective|p1a: Honorary Prankster
|-enditem|p1a: Honorary Prankster|Focus Sash
|-damage|p1a: Honorary Prankster|1/100
|move|p1a: Honorary Prankster|Taunt|p2a: Glimmora
|-start|p2a: Glimmora|move: Taunt
|
|turn|2
|
|switch|p1a: Dave|Corviknight, M, shiny|100/100
|-ability|p1a: Dave|Pressure
|move|p2a: Glimmora|Sludge Wave|p1a: Dave
|-immune|p1a: Dave
|
|turn|3
|
|switch|p2a: Rotom|Rotom-Heat|100/100
|move|p1a: Dave|U-turn|p2a: Rotom
|-resisted|p2a: Rotom
|-damage|p2a: Rotom|91/100
|
|switch|p1a: Chinese Family|Maushold, shiny|100/100|[from] U-turn
|
|turn|4
|
|move|p1a: Chinese Family|Tidy Up|p1a: Chinese Family
|-boost|p1a: Chinese Family|atk|1
|-boost|p1a: Chinese Family|spe|1
|move|p2a: Rotom|Volt Switch|p1a: Chinese Family
|-damage|p1a: Chinese Family|50/100
|
|switch|p2a: Kingambit|Kingambit, M|100/100|[from] Volt Switch
|
|turn|5
|
|move|p2a: Kingambit|Sucker Punch||[still]
|-fail|p2a: Kingambit
|move|p1a: Chinese Family|Tidy Up|p1a: Chinese Family
|-boost|p1a: Chinese Family|atk|1
|-boost|p1a: Chinese Family|spe|1
|
|turn|6
|
|move|p1a: Chinese Family|Low Kick|p2a: Kingambit
|-supereffective|p2a: Kingambit
|-damage|p2a: Kingambit|0 fnt
|-damage|p1a: Chinese Family|33/100|[from] item: Rocky Helmet|[of] p2a: Kingambit
|faint|p2a: Kingambit
|-end|p2a: Kingambit|fallenundefined|[silent]
|
|
|switch|p2a: Rotom|Rotom-Heat|91/100
|turn|7
|
|move|p1a: Chinese Family|Population Bomb|p2a: Rotom
|-damage|p2a: Rotom|60/100
|-damage|p2a: Rotom|31/100
|-damage|p2a: Rotom|3/100
|-damage|p2a: Rotom|0 fnt
|faint|p2a: Rotom
|-hitcount|p2: Rotom|4
|
|
|switch|p2a: Glimmora|Glimmora, M|100/100
|turn|8
|
|move|p1a: Chinese Family|Population Bomb|p2a: Glimmora
|-resisted|p2a: Glimmora
|-crit|p2a: Glimmora
|-damage|p2a: Glimmora|80/100
|-activate|p2a: Glimmora|ability: Toxic Debris
|-sidestart|p1: Laprasrules12|move: Toxic Spikes
|-resisted|p2a: Glimmora
|-damage|p2a: Glimmora|67/100
|-activate|p2a: Glimmora|ability: Toxic Debris
|-sidestart|p1: Laprasrules12|move: Toxic Spikes
|-resisted|p2a: Glimmora
|-damage|p2a: Glimmora|54/100
|-resisted|p2a: Glimmora
|-damage|p2a: Glimmora|42/100
|-resisted|p2a: Glimmora
|-damage|p2a: Glimmora|29/100
|-resisted|p2a: Glimmora
|-damage|p2a: Glimmora|16/100
|-resisted|p2a: Glimmora
|-damage|p2a: Glimmora|4/100
|-resisted|p2a: Glimmora
|-damage|p2a: Glimmora|0 fnt
|faint|p2a: Glimmora
|-hitcount|p2: Glimmora|8
|
|
|switch|p2a: Talonflame|Talonflame, M|100/100
|turn|9
|
|move|p1a: Chinese Family|Tidy Up|p1a: Chinese Family
|-sideend|p1: Laprasrules12|Toxic Spikes
|-activate|p1a: Chinese Family|move: Tidy Up
|-boost|p1a: Chinese Family|atk|1
|-boost|p1a: Chinese Family|spe|1
|move|p2a: Talonflame|Brave Bird|p1a: Chinese Family
|-damage|p1a: Chinese Family|0 fnt
|faint|p1a: Chinese Family
|-damage|p2a: Talonflame|90/100|[from] Recoil
|
|
|switch|p1a: Nac's Cellmate|Primeape, M, shiny|100/100
|turn|10
|
|-terastallize|p1a: Nac's Cellmate|Poison
|move|p2a: Talonflame|Brave Bird|p1a: Nac's Cellmate
|-damage|p1a: Nac's Cellmate|65/100
|-damage|p2a: Talonflame|77/100|[from] Recoil
|move|p1a: Nac's Cellmate|Bulk Up|p1a: Nac's Cellmate
|-boost|p1a: Nac's Cellmate|atk|1
|-boost|p1a: Nac's Cellmate|def|1
|
|turn|11
|
|move|p2a: Talonflame|Taunt|p1a: Nac's Cellmate
|-start|p1a: Nac's Cellmate|move: Taunt
|move|p1a: Nac's Cellmate|Rage Fist|p2a: Talonflame
|-damage|p2a: Talonflame|14/100
|
|turn|12
|
|move|p2a: Talonflame|Brave Bird|p1a: Nac's Cellmate
|-damage|p1a: Nac's Cellmate|43/100
|-damage|p2a: Talonflame|6/100|[from] Recoil
|move|p1a: Nac's Cellmate|Rage Fist|p2a: Talonflame
|-damage|p2a: Talonflame|0 fnt
|-status|p1a: Nac's Cellmate|brn|[from] ability: Flame Body|[of] p2a: Talonflame
|faint|p2a: Talonflame
|
|-damage|p1a: Nac's Cellmate|37/100 brn|[from] brn
|
|switch|p2a: Meowscarada|Meowscarada, M|100/100
|turn|13
|
|move|p2a: Meowscarada|Knock Off|p1a: Nac's Cellmate
|-damage|p1a: Nac's Cellmate|18/100 brn
|-enditem|p1a: Nac's Cellmate|Eviolite|[from] move: Knock Off|[of] p2a: Meowscarada
|move|p1a: Nac's Cellmate|Drain Punch|p2a: Meowscarada
|-supereffective|p2a: Meowscarada
|-damage|p2a: Meowscarada|37/100
|-heal|p1a: Nac's Cellmate|46/100 brn|[from] drain|[of] p2a: Meowscarada
|
|-damage|p1a: Nac's Cellmate|40/100 brn|[from] brn
|-end|p1a: Nac's Cellmate|move: Taunt
|turn|14
|
|-terastallize|p2a: Meowscarada|Ghost
|move|p2a: Meowscarada|Leaf Storm|p1a: Nac's Cellmate
|-resisted|p1a: Nac's Cellmate
|-damage|p1a: Nac's Cellmate|6/100 brn
|-unboost|p2a: Meowscarada|spa|2
|move|p1a: Nac's Cellmate|Rest|p1a: Nac's Cellmate
|-status|p1a: Nac's Cellmate|slp|[from] move: Rest
|-heal|p1a: Nac's Cellmate|100/100 slp|[silent]
|
|turn|15
|
|move|p2a: Meowscarada|Leaf Storm|p1a: Nac's Cellmate
|-resisted|p1a: Nac's Cellmate
|-damage|p1a: Nac's Cellmate|84/100 slp
|-unboost|p2a: Meowscarada|spa|2
|cant|p1a: Nac's Cellmate|slp
|
|turn|16
|
|move|p2a: Meowscarada|Knock Off|p1a: Nac's Cellmate
|-damage|p1a: Nac's Cellmate|65/100 slp
|cant|p1a: Nac's Cellmate|slp
|
|turn|17
|
|move|p2a: Meowscarada|Knock Off|p1a: Nac's Cellmate
|-damage|p1a: Nac's Cellmate|47/100 slp
|-curestatus|p1a: Nac's Cellmate|slp|[msg]
|move|p1a: Nac's Cellmate|Rage Fist|p2a: Meowscarada
|-supereffective|p2a: Meowscarada
|-damage|p2a: Meowscarada|0 fnt
|faint|p2a: Meowscarada
|
|
|switch|p2a: Scream Tail|Scream Tail|100/100
|turn|18
|
|move|p2a: Scream Tail|Thunder Wave|p1a: Nac's Cellmate
|-status|p1a: Nac's Cellmate|par
|cant|p1a: Nac's Cellmate|par
|
|turn|19
|
|move|p2a: Scream Tail|Wish|p2a: Scream Tail
|cant|p1a: Nac's Cellmate|par
|
|turn|20
|
|move|p2a: Scream Tail|Stealth Rock|p1a: Nac's Cellmate
|-sidestart|p1: Laprasrules12|move: Stealth Rock
|move|p1a: Nac's Cellmate|Rest|p1a: Nac's Cellmate
|-status|p1a: Nac's Cellmate|slp|[from] move: Rest
|-heal|p1a: Nac's Cellmate|100/100 slp|[silent]
|
|turn|21
|
|move|p2a: Scream Tail|Dazzling Gleam|p1a: Nac's Cellmate
|-resisted|p1a: Nac's Cellmate
|-damage|p1a: Nac's Cellmate|87/100 slp
|cant|p1a: Nac's Cellmate|slp
|
|turn|22
|
|move|p2a: Scream Tail|Dazzling Gleam|p1a: Nac's Cellmate
|-resisted|p1a: Nac's Cellmate
|-damage|p1a: Nac's Cellmate|74/100 slp
|cant|p1a: Nac's Cellmate|slp
|
|turn|23
|
|move|p2a: Scream Tail|Dazzling Gleam|p1a: Nac's Cellmate
|-resisted|p1a: Nac's Cellmate
|-damage|p1a: Nac's Cellmate|61/100 slp
|-curestatus|p1a: Nac's Cellmate|slp|[msg]
|move|p1a: Nac's Cellmate|Rage Fist|p2a: Scream Tail
|-supereffective|p2a: Scream Tail
|-damage|p2a: Scream Tail|0 fnt
|faint|p2a: Scream Tail
|-end|p2a: Scream Tail|Protosynthesis|[silent]
|
|win|Laprasrules12
|l|☆halfdivine
|l| Shammoo Shaman
|l| EeveeKnight15
