|poke|p1|Decidueye-Hisui, F|
|poke|p1|Chien-Pao|
|poke|p1|Baxcalibur, M|
|poke|p1|Skeledirge, F|
|poke|p1|Zamazenta-*|
|poke|p1|Enamorus, F|
|poke|p2|Landorus-Therian, M|
|poke|p2|Magearna-Original|
|poke|p2|Chien-Pao|
|poke|p2|Rotom-Wash|
|poke|p2|Cinderace, M|
|poke|p2|Great Tusk|
|teampreview
|
|start
|switch|p1a: Chien-Pao|Chien-Pao|100/100
|switch|p2a: Landorus|Landorus-Therian, M|100/100
|-ability|p2a: Landorus|Intimidate|boost
|-unboost|p1a: Chien-Pao|atk|1
|-ability|p1a: Chien-Pao|Sword of Ruin
|turn|1
|
|-terastallize|p2a: Landorus|Water
|move|p2a: Landorus|U-turn|p1a: Chien-Pao
|-supereffective|p1a: Chien-Pao
|-damage|p1a: Chien-Pao|34/100
|
|switch|p2a: Magearna|Magearna-Original|100/100|[from] U-turn
|move|p1a: Chien-Pao|Icicle Crash|p2a: Magearna
|-resisted|p2a: Magearna
|-damage|p2a: Magearna|83/100
|
|-heal|p2a: Magearna|89/100|[from] item: Leftovers
|turn|2
|
|switch|p1a: Skeledirge|Skeledirge, F|100/100
|move|p2a: Magearna|Volt Switch|p1a: Skeledirge
|-damage|p1a: Skeledirge|77/100
|
|switch|p2a: Chien-Pao|Chien-Pao|100/100|[from] Volt Switch
|-ability|p2a: Chien-Pao|Sword of Ruin
|
|turn|3
|
|switch|p1a: Zamazenta|Zamazenta|100/100
|-ability|p1a: Zamazenta|Dauntless Shield|boost
|-boost|p1a: Zamazenta|def|1
|move|p2a: Chien-Pao|Crunch|p1a: Zamazenta
|-resisted|p1a: Zamazenta
|-damage|p1a: Zamazenta|76/100
|-unboost|p1a: Zamazenta|def|1
|
|turn|4
|
|switch|p2a: Magearna|Magearna-Original|89/100
|-terastallize|p1a: Zamazenta|Fighting
|move|p1a: Zamazenta|Close Combat|p2a: Magearna
|-crit|p2a: Magearna
|-damage|p2a: Magearna|0 fnt
|-unboost|p1a: Zamazenta|def|1
|-unboost|p1a: Zamazenta|spd|1
|faint|p2a: Magearna
|
|
|switch|p2a: Great Tusk|Great Tusk|100/100
|turn|5
|
|switch|p1a: Enamorus|Enamorus, F|100/100
|move|p2a: Great Tusk|Stealth Rock|p1a: Enamorus
|-sidestart|p1: p1|move: Stealth Rock
|
|turn|6
|
|-end|p2a: Great Tusk|Protosynthesis|[silent]
|switch|p2a: Cinderace|Cinderace, M|100/100
|move|p1a: Enamorus|Moonblast|p2a: Cinderace
|-resisted|p2a: Cinderace
|-damage|p2a: Cinderace|62/100
|
|turn|7
|
|switch|p1a: Skeledirge|Skeledirge, F|77/100
|move|p2a: Cinderace|Pyro Ball|p1a: Skeledirge
|-resisted|p1a: Skeledirge
|-damage|p1a: Skeledirge|61/100
|
|turn|8
|
|move|p2a: Cinderace|U-turn|p1a: Skeledirge
|-start|p2a: Cinderace|typechange|Bug|[from] ability: Libero
|-resisted|p1a: Skeledirge
|-damage|p1a: Skeledirge|57/100
|
|switch|p2a: Rotom|Rotom-Wash|100/100|[from] U-turn
|move|p1a: Skeledirge|Shadow Ball|p2a: Rotom
|-damage|p2a: Rotom|79/100
|
|-heal|p2a: Rotom|85/100|[from] item: Leftovers
|turn|9
|
|switch|p1a: Decidueye|Decidueye-Hisui, F|100/100
|move|p2a: Rotom|Hydro Pump|p1a: Decidueye
|-resisted|p1a: Decidueye
|-damage|p1a: Decidueye|87/100
|
|-heal|p2a: Rotom|91/100|[from] item: Leftovers
|turn|10
|
|switch|p2a: Cinderace|Cinderace, M|62/100
|move|p1a: Decidueye|Defog|p2a: Cinderace
|-unboost|p2a: Cinderace|evasion|1
|-sideend|p1: p1|Stealth Rock|[from] move: Defog|[of] p1a: Decidueye
|
|turn|11
|
|switch|p1a: Skeledirge|Skeledirge, F|57/100
|move|p2a: Cinderace|U-turn|p1a: Skeledirge
|-start|p2a: Cinderace|typechange|Bug|[from] ability: Libero
|-resisted|p1a: Skeledirge
|-damage|p1a: Skeledirge|51/100
|
|switch|p2a: Rotom|Rotom-Wash|91/100|[from] U-turn
|
|-heal|p2a: Rotom|98/100|[from] item: Leftovers
|turn|12
|
|switch|p1a: Decidueye|Decidueye-Hisui, F|87/100
|move|p2a: Rotom|Volt Switch|p1a: Decidueye
|-resisted|p1a: Decidueye
|-crit|p1a: Decidueye
|-damage|p1a: Decidueye|74/100
|
|switch|p2a: Chien-Pao|Chien-Pao|100/100|[from] Volt Switch
|-ability|p2a: Chien-Pao|Sword of Ruin
|
|turn|13
|
|switch|p1a: Skeledirge|Skeledirge, F|51/100
|move|p2a: Chien-Pao|Icicle Crash|p1a: Skeledirge
|-resisted|p1a: Skeledirge
|-damage|p1a: Skeledirge|26/100
|
|turn|14
|
|switch|p2a: Rotom|Rotom-Wash|98/100
|move|p1a: Skeledirge|Slack Off|p1a: Skeledirge
|-heal|p1a: Skeledirge|76/100
|
|-heal|p2a: Rotom|100/100|[from] item: Leftovers
|turn|15
|
|move|p2a: Rotom|Hydro Pump|p1a: Skeledirge
|-supereffective|p1a: Skeledirge
|-damage|p1a: Skeledirge|0 fnt
|faint|p1a: Skeledirge
|
|
|switch|p1a: Zamazenta|Zamazenta, tera:Fighting|76/100
|turn|16
|
|move|p1a: Zamazenta|Close Combat|p2a: Rotom
|-damage|p2a: Rotom|0 fnt
|-unboost|p1a: Zamazenta|def|1
|-unboost|p1a: Zamazenta|spd|1
|faint|p2a: Rotom
|
|
|switch|p2a: Great Tusk|Great Tusk|100/100
|turn|17
|
|switch|p1a: Decidueye|Decidueye-Hisui, F|74/100
|move|p2a: Great Tusk|Earthquake|p1a: Decidueye
|-resisted|p1a: Decidueye
|-damage|p1a: Decidueye|51/100
|
|turn|18
|
|-end|p2a: Great Tusk|Protosynthesis|[silent]
|switch|p2a: Cinderace|Cinderace, M|62/100
|move|p1a: Decidueye|Leaf Storm|p2a: Cinderace
|-resisted|p2a: Cinderace
|-crit|p2a: Cinderace
|-damage|p2a: Cinderace|18/100
|-unboost|p1a: Decidueye|spa|2
|
|turn|19
|
|switch|p1a: Baxcalibur|Baxcalibur, M|100/100
|move|p2a: Cinderace|Pyro Ball|p1a: Baxcalibur
|-damage|p1a: Baxcalibur|41/100
|-ability|p1a: Baxcalibur|Thermal Exchange|boost
|-boost|p1a: Baxcalibur|atk|1
|
|turn|20
|
|move|p2a: Cinderace|Sucker Punch||[still]
|-fail|p2a: Cinderace
|move|p1a: Baxcalibur|Dragon Dance|p1a: Baxcalibur
|-boost|p1a: Baxcalibur|atk|1
|-boost|p1a: Baxcalibur|spe|1
|
|turn|21
|
|move|p2a: Cinderace|Sucker Punch|p1a: Baxcalibur
|-start|p2a: Cinderace|typechange|Dark|[from] ability: Libero
|-damage|p1a: Baxcalibur|7/100
|move|p1a: Baxcalibur|Glaive Rush|p2a: Cinderace
|-damage|p2a: Cinderace|0 fnt
|-singlemove|p1a: Baxcalibur|Glaive Rush|[silent]
|faint|p2a: Cinderace
|
|
|switch|p2a: Chien-Pao|Chien-Pao|100/100
|-ability|p2a: Chien-Pao|Sword of Ruin
|turn|22
|
|move|p2a: Chien-Pao|Ice Shard|p1a: Baxcalibur
|-damage|p1a: Baxcalibur|0 fnt
|faint|p1a: Baxcalibur
|
|
|switch|p1a: Zamazenta|Zamazenta, tera:Fighting|76/100
|turn|23
|
|switch|p2a: Landorus|Landorus-Therian, M, tera:Water|100/100
|-ability|p2a: Landorus|Intimidate|boost
|-unboost|p1a: Zamazenta|atk|1
|move|p1a: Zamazenta|Close Combat|p2a: Landorus
|-damage|p2a: Landorus|6/100
|-unboost|p1a: Zamazenta|def|1
|-unboost|p1a: Zamazenta|spd|1
|
|turn|24
|
|switch|p1a: Chien-Pao|Chien-Pao|34/100
|-ability|p1a: Chien-Pao|Sword of Ruin
|move|p2a: Landorus|Earthquake|p1a: Chien-Pao
|-damage|p1a: Chien-Pao|0 fnt
|faint|p1a: Chien-Pao
|
|
|switch|p1a: Enamorus|Enamorus, F|100/100
|turn|25
|
|move|p1a: Enamorus|Moonblast|p2a: Landorus
|-damage|p2a: Landorus|0 fnt
|faint|p2a: Landorus
|
|
|switch|p2a: Chien-Pao|Chien-Pao|100/100
|-ability|p2a: Chien-Pao|Sword of Ruin
|turn|26
|
|switch|p1a: Decidueye|Decidueye-Hisui, F|51/100
|move|p2a: Chien-Pao|Icicle Crash|p1a: Decidueye
|-supereffective|p1a: Decidueye
|-damage|p1a: Decidueye|0 fnt
|faint|p1a: Decidueye
|
|
|switch|p1a: Zamazenta|Zamazenta, tera:Fighting|76/100
|turn|27
|
|switch|p2a: Great Tusk|Great Tusk|100/100
|move|p1a: Zamazenta|Close Combat|p2a: Great Tusk
|-damage|p2a: Great Tusk|48/100
|-unboost|p1a: Zamazenta|def|1
|-unboost|p1a: Zamazenta|spd|1
|-damage|p1a: Zamazenta|60/100|[from] item: Rocky Helmet|[of] p2a: Great Tusk
|
|turn|28
|
|move|p1a: Zamazenta|Close Combat|p2a: Great Tusk
|-crit|p2a: Great Tusk
|-damage|p2a: Great Tusk|0 fnt
|-unboost|p1a: Zamazenta|def|1
|-unboost|p1a: Zamazenta|spd|1
|-damage|p1a: Zamazenta|43/100|[from] item: Rocky Helmet|[of] p2a: Great Tusk
|faint|p2a: Great Tusk
|-end|p2a: Great Tusk|Protosynthesis|[silent]
|
|
|switch|p2a: Chien-Pao|Chien-Pao|100/100
|-ability|p2a: Chien-Pao|Sword of Ruin
|turn|29
|
|switch|p1a: Enamorus|Enamorus, F|100/100
|move|p2a: Chien-Pao|Ice Shard|p1a: Enamorus
|-supereffective|p1a: Enamorus
|-damage|p1a: Enamorus|0 fnt
|faint|p1a: Enamorus
|
|
|switch|p1a: Zamazenta|Zamazenta, tera:Fighting|43/100
|turn|30
|
|move|p2a: Chien-Pao|Ice Shard|p1a: Zamazenta
|-damage|p1a: Zamazenta|6/100
|move|p1a: Zamazenta|Close Combat|p2a: Chien-Pao
|-supereffective|p2a: Chien-Pao
|-damage|p2a: Chien-Pao|0 fnt
|-unboost|p1a: Zamazenta|def|1
|-unboost|p1a: Zamazenta|spd|1
|faint|p2a: Chien-Pao
|
|win|p1
