|poke|p1|Braviary-Hisui, M|
|poke|p1|Volcanion|
|poke|p1|Great Tusk|
|poke|p1|Landorus-Therian, M|
|poke|p1|Gholdengo|
|poke|p1|Meloetta|
|poke|p2|Magearna|
|poke|p2|Clodsire, M|
|poke|p2|Garganacl, M|
|poke|p2|Dondozo, F|
|poke|p2|Gholdengo|
|poke|p2|Corviknight, F|
|teampreview
|
|start
|switch|p1a: Gholdengo|Gholdengo|100/100
|switch|p2a: Cheesr|Gholdengo|100/100
|turn|1
|
|switch|p1a: Volcanion|Volcanion|100/100
|move|p2a: Cheesr|Shadow Ball|p1a: Volcanion
|-damage|p1a: Volcanion|70/100
|-unboost|p1a: Volcanion|spd|1
|
|turn|2
|
|switch|p2a: Me after losing|Garganacl, M|100/100
|move|p1a: Volcanion|Earth Power|p2a: Me after losing
|-supereffective|p2a: Me after losing
|-damage|p2a: Me after losing|58/100
|
|-heal|p2a: Me after losing|64/100|[from] item: Leftovers
|turn|3
|
|switch|p1a: Great Tusk|Great Tusk|100/100
|-terastallize|p2a: Me after losing|Ghost
|move|p2a: Me after losing|Recover|p2a: Me after losing
|-heal|p2a: Me after losing|100/100
|
|turn|4
|
|-end|p1a: Great Tusk|Protosynthesis|[silent]
|switch|p1a: Gholdengo|Gholdengo|100/100
|move|p2a: Me after losing|Salt Cure|p1a: Gholdengo
|-resisted|p1a: Gholdengo
|-damage|p1a: Gholdengo|96/100
|
|turn|5
|
|switch|p2a: Magear no|Clodsire, M|100/100
|move|p1a: Gholdengo|Hex|p2a: Magear no
|-damage|p2a: Magear no|84/100
|
|-heal|p2a: Magear no|90/100|[from] item: Leftovers
|turn|6
|
|switch|p1a: Braviary|Braviary-Hisui, M|100/100
|move|p2a: Magear no|Toxic|p1a: Braviary
|-status|p1a: Braviary|tox
|
|-heal|p2a: Magear no|96/100|[from] item: Leftovers
|-damage|p1a: Braviary|94/100 tox|[from] psn
|turn|7
|
|switch|p2a: Chien Poast|Magearna|100/100
|move|p1a: Braviary|Esper Wing|p2a: Chien Poast
|-resisted|p2a: Chien Poast
|-crit|p2a: Chien Poast
|-damage|p2a: Chien Poast|46/100
|-boost|p1a: Braviary|spe|1
|
|-heal|p2a: Chien Poast|52/100|[from] item: Leftovers
|-damage|p1a: Braviary|82/100 tox|[from] psn
|turn|8
|
|move|p1a: Braviary|Esper Wing|p2a: Chien Poast
|-resisted|p2a: Chien Poast
|-damage|p2a: Chien Poast|12/100
|-boost|p1a: Braviary|spe|1
|move|p2a: Chien Poast|Draining Kiss|p1a: Braviary
|-damage|p1a: Braviary|43/100 tox
|-heal|p2a: Chien Poast|41/100|[from] drain|[of] p1a: Braviary
|
|-heal|p2a: Chien Poast|47/100|[from] item: Leftovers
|-damage|p1a: Braviary|25/100 tox|[from] psn
|turn|9
|
|switch|p2a: Cheesr|Gholdengo|100/100
|move|p1a: Braviary|Esper Wing|p2a: Cheesr
|-resisted|p2a: Cheesr
|-damage|p2a: Cheesr|34/100
|-boost|p1a: Braviary|spe|1
|
|-damage|p1a: Braviary|1/100 tox|[from] psn
|turn|10
|
|switch|p2a: The|Corviknight, F|100/100
|-ability|p2a: The|Pressure
|move|p1a: Braviary|Esper Wing|p2a: The
|-resisted|p2a: The
|-damage|p2a: The|33/100
|-boost|p1a: Braviary|spe|1
|
|-damage|p1a: Braviary|0 fnt|[from] psn
|faint|p1a: Braviary
|
|switch|p1a: Volcanion|Volcanion|70/100
|turn|11
|
|switch|p2a: Me after losing|Garganacl, M, tera:Ghost|100/100
|move|p1a: Volcanion|Flamethrower|p2a: Me after losing
|-damage|p2a: Me after losing|65/100
|
|-heal|p2a: Me after losing|71/100|[from] item: Leftovers
|turn|12
|
|switch|p1a: Gholdengo|Gholdengo|96/100
|switch|p2a: Cheesr|Gholdengo|34/100
|
|turn|13
|
|switch|p1a: Meloetta|Meloetta|100/100
|move|p2a: Cheesr|Shadow Ball|p1a: Meloetta
|-immune|p1a: Meloetta
|
|turn|14
|
|switch|p2a: Chien Poast|Magearna|47/100
|move|p1a: Meloetta|Shadow Claw|p2a: Chien Poast
|-crit|p2a: Chien Poast
|-damage|p2a: Chien Poast|21/100
|-damage|p1a: Meloetta|91/100|[from] item: Life Orb
|
|-heal|p2a: Chien Poast|27/100|[from] item: Leftovers
|turn|15
|
|move|p1a: Meloetta|Relic Song|p2a: Chien Poast
|-resisted|p2a: Chien Poast
|-damage|p2a: Chien Poast|10/100
|-status|p2a: Chien Poast|slp|[from] move: Relic Song
|-formechange|p1a: Meloetta|Meloetta-Pirouette|[msg]
|-damage|p1a: Meloetta|81/100|[from] item: Life Orb
|cant|p2a: Chien Poast|slp
|
|-heal|p2a: Chien Poast|16/100 slp|[from] item: Leftovers
|turn|16
|
|move|p1a: Meloetta|Shadow Claw|p2a: Chien Poast
|-damage|p2a: Chien Poast|0 fnt
|faint|p2a: Chien Poast
|-damage|p1a: Meloetta|71/100|[from] item: Life Orb
|
|
|switch|p2a: Magear no|Clodsire, M|96/100
|turn|17
|
|switch|p1a: Gholdengo|Gholdengo|96/100
|move|p2a: Magear no|Stealth Rock|p1a: Gholdengo
|-sidestart|p1: p1|move: Stealth Rock
|
|-heal|p2a: Magear no|100/100|[from] item: Leftovers
|turn|18
|
|switch|p1a: Landorus|Landorus-Therian, M|100/100
|-damage|p1a: Landorus|88/100|[from] Stealth Rock
|-ability|p1a: Landorus|Intimidate|boost
|-unboost|p2a: Magear no|atk|1
|move|p2a: Magear no|Earthquake|p1a: Landorus
|-immune|p1a: Landorus
|
|-heal|p1a: Landorus|94/100|[from] item: Leftovers
|turn|19
|
|switch|p2a: The|Corviknight, F|33/100
|-ability|p2a: The|Pressure
|move|p1a: Landorus|Earthquake|p2a: The
|-immune|p2a: The
|
|-heal|p1a: Landorus|99/100|[from] item: Leftovers
|turn|20
|
|move|p1a: Landorus|Stone Edge|p2a: The
|-damage|p2a: The|10/100
|move|p2a: The|Roost|p2a: The
|-heal|p2a: The|60/100
|-singleturn|p2a: The|move: Roost
|
|-heal|p1a: Landorus|100/100|[from] item: Leftovers
|turn|21
|
|move|p1a: Landorus|Stealth Rock|p2a: The
|-sidestart|p2: p2|move: Stealth Rock
|move|p2a: The|U-turn|p1a: Landorus
|-resisted|p1a: Landorus
|-damage|p1a: Landorus|91/100
|
|switch|p2a: Oh carp|Dondozo, F|100/100|[from] U-turn
|-damage|p2a: Oh carp|88/100|[from] Stealth Rock
|
|-heal|p1a: Landorus|97/100|[from] item: Leftovers
|-heal|p2a: Oh carp|94/100|[from] item: Leftovers
|turn|22
|
|move|p1a: Landorus|U-turn|p2a: Oh carp
|-damage|p2a: Oh carp|82/100
|
|switch|p1a: Volcanion|Volcanion|70/100|[from] U-turn
|-damage|p1a: Volcanion|45/100|[from] Stealth Rock
|move|p2a: Oh carp|Curse|p2a: Oh carp
|-unboost|p2a: Oh carp|spe|1
|-boost|p2a: Oh carp|atk|1
|-boost|p2a: Oh carp|def|1
|
|-heal|p2a: Oh carp|88/100|[from] item: Leftovers
|turn|23
|
|switch|p2a: Magear no|Clodsire, M|100/100
|-damage|p2a: Magear no|94/100|[from] Stealth Rock
|-terastallize|p1a: Volcanion|Ground
|move|p1a: Volcanion|Earth Power|p2a: Magear no
|-supereffective|p2a: Magear no
|-damage|p2a: Magear no|44/100
|
|-heal|p2a: Magear no|50/100|[from] item: Leftovers
|turn|24
|
|move|p1a: Volcanion|Earth Power|p2a: Magear no
|-supereffective|p2a: Magear no
|-damage|p2a: Magear no|0 fnt
|faint|p2a: Magear no
|
|
|switch|p2a: Me after losing|Garganacl, M, tera:Ghost|71/100
|-damage|p2a: Me after losing|59/100|[from] Stealth Rock
|turn|25
|
|move|p1a: Volcanion|Earth Power|p2a: Me after losing
|-damage|p2a: Me after losing|27/100
|move|p2a: Me after losing|Recover|p2a: Me after losing
|-heal|p2a: Me after losing|77/100
|
|-heal|p2a: Me after losing|83/100|[from] item: Leftovers
|turn|26
|
|switch|p1a: Gholdengo|Gholdengo|96/100
|-damage|p1a: Gholdengo|90/100|[from] Stealth Rock
|move|p2a: Me after losing|Salt Cure|p1a: Gholdengo
|-resisted|p1a: Gholdengo
|-damage|p1a: Gholdengo|85/100
|
|-heal|p2a: Me after losing|89/100|[from] item: Leftovers
|turn|27
|
|move|p1a: Gholdengo|Hex|p2a: Me after losing
|-supereffective|p2a: Me after losing
|-damage|p2a: Me after losing|71/100
|move|p2a: Me after losing|Iron Defense|p2a: Me after losing
|-boost|p2a: Me after losing|def|2
|
|-heal|p2a: Me after losing|77/100|[from] item: Leftovers
|turn|28
|
|move|p1a: Gholdengo|Hex|p2a: Me after losing
|-supereffective|p2a: Me after losing
|-damage|p2a: Me after losing|60/100
|move|p2a: Me after losing|Salt Cure|p1a: Gholdengo
|-resisted|p1a: Gholdengo
|-damage|p1a: Gholdengo|80/100
|
|-heal|p2a: Me after losing|66/100|[from] item: Leftovers
|turn|29
|
|move|p1a: Gholdengo|Hex|p2a: Me after losing
|-supereffective|p2a: Me after losing
|-damage|p2a: Me after losing|47/100
|move|p2a: Me after losing|Recover|p2a: Me after losing
|-heal|p2a: Me after losing|97/100
|
|-heal|p2a: Me after losing|100/100|[from] item: Leftovers
|turn|30
|
|move|p1a: Gholdengo|Hex|p2a: Me after losing
|-supereffective|p2a: Me after losing
|-damage|p2a: Me after losing|81/100
|move|p2a: Me after losing|Iron Defense|p2a: Me after losing
|-boost|p2a: Me after losing|def|2
|
|-heal|p2a: Me after losing|87/100|[from] item: Leftovers
|turn|31
|
|move|p1a: Gholdengo|Thunder Wave|p2a: Me after losing
|-immune|p2a: Me after losing|[from] ability: Purifying Salt
|move|p2a: Me after losing|Iron Defense|p2a: Me after losing
|-boost|p2a: Me after losing|def|2
|
|-heal|p2a: Me after losing|93/100|[from] item: Leftovers
|turn|32
|
|move|p1a: Gholdengo|Thunder Wave|p2a: Me after losing
|-immune|p2a: Me after losing|[from] ability: Purifying Salt
|move|p2a: Me after losing|Iron Defense|p2a: Me after losing
|-boost|p2a: Me after losing|def|0
|
|-heal|p2a: Me after losing|99/100|[from] item: Leftovers
|turn|33
|
|move|p1a: Gholdengo|Thunder Wave|p2a: Me after losing
|-immune|p2a: Me after losing|[from] ability: Purifying Salt
|move|p2a: Me after losing|Iron Defense|p2a: Me after losing
|-boost|p2a: Me after losing|def|0
|
|-heal|p2a: Me after losing|100/100|[from] item: Leftovers
|turn|34
|
|move|p1a: Gholdengo|Thunder Wave|p2a: Me after losing
|-immune|p2a: Me after losing|[from] ability: Purifying Salt
|move|p2a: Me after losing|Body Press|p1a: Gholdengo
|-immune|p1a: Gholdengo
|
|turn|35
|
|switch|p2a: Cheesr|Gholdengo|34/100
|-damage|p2a: Cheesr|28/100|[from] Stealth Rock
|move|p1a: Gholdengo|Thunder Wave|p2a: Cheesr
|-immune|p2a: Cheesr|[from] ability: Good as Gold
|
|turn|36
|
|switch|p1a: Volcanion|Volcanion, tera:Ground|45/100
|-damage|p1a: Volcanion|39/100|[from] Stealth Rock
|move|p2a: Cheesr|Trick|p1a: Volcanion
|-activate|p2a: Cheesr|move: Trick|[of] p1a: Volcanion
|-item|p1a: Volcanion|Choice Scarf|[from] move: Trick
|-item|p2a: Cheesr|Assault Vest|[from] move: Trick
|
|turn|37
|
|switch|p2a: Me after losing|Garganacl, M, tera:Ghost|100/100
|-damage|p2a: Me after losing|88/100|[from] Stealth Rock
|move|p1a: Volcanion|Earth Power|p2a: Me after losing
|-damage|p2a: Me after losing|57/100
|
|-heal|p2a: Me after losing|63/100|[from] item: Leftovers
|turn|38
|
|switch|p1a: Gholdengo|Gholdengo|80/100
|-damage|p1a: Gholdengo|74/100|[from] Stealth Rock
|move|p2a: Me after losing|Salt Cure|p1a: Gholdengo
|-resisted|p1a: Gholdengo
|-damage|p1a: Gholdengo|69/100
|
|-heal|p2a: Me after losing|69/100|[from] item: Leftovers
|turn|39
|
|move|p1a: Gholdengo|Thunder Wave|p2a: Me after losing
|-immune|p2a: Me after losing|[from] ability: Purifying Salt
|move|p2a: Me after losing|Recover|p2a: Me after losing
|-heal|p2a: Me after losing|100/100
|
|turn|40
|
|switch|p2a: Cheesr|Gholdengo|28/100
|-damage|p2a: Cheesr|22/100|[from] Stealth Rock
|move|p1a: Gholdengo|Thunder Wave|p2a: Cheesr
|-immune|p2a: Cheesr|[from] ability: Good as Gold
|
|turn|41
|
|switch|p1a: Meloetta|Meloetta|71/100
|-damage|p1a: Meloetta|58/100|[from] Stealth Rock
|move|p2a: Cheesr|Shadow Ball|p1a: Meloetta
|-immune|p1a: Meloetta
|
|turn|42
|
|switch|p2a: The|Corviknight, F|60/100
|-damage|p2a: The|48/100|[from] Stealth Rock
|-ability|p2a: The|Pressure
|move|p1a: Meloetta|Shadow Claw|p2a: The
|-damage|p2a: The|35/100
|-damage|p1a: Meloetta|42/100|[from] item: Rocky Helmet|[of] p2a: The
|-damage|p1a: Meloetta|32/100|[from] item: Life Orb
|
|turn|43
|
|move|p1a: Meloetta|Relic Song|p2a: The
|-resisted|p2a: The
|-damage|p2a: The|15/100
|-formechange|p1a: Meloetta|Meloetta-Pirouette|[msg]
|-damage|p1a: Meloetta|22/100|[from] item: Life Orb
|move|p2a: The|Roost|p2a: The
|-heal|p2a: The|65/100
|-singleturn|p2a: The|move: Roost
|
|turn|44
|
|move|p1a: Meloetta|Relic Song|p2a: The
|-resisted|p2a: The
|-damage|p2a: The|52/100
|-formechange|p1a: Meloetta|Meloetta|[msg]
|-damage|p1a: Meloetta|12/100|[from] item: Life Orb
|move|p2a: The|Defog|p1a: Meloetta
|-unboost|p1a: Meloetta|evasion|1
|-sideend|p1: p1|Stealth Rock|[from] move: Defog|[of] p2a: The
|-sideend|p2: p2|Stealth Rock|[from] move: Defog|[of] p2a: The
|
|turn|45
|
|move|p1a: Meloetta|Relic Song|p2a: The
|-resisted|p2a: The
|-damage|p2a: The|31/100
|-formechange|p1a: Meloetta|Meloetta-Pirouette|[msg]
|-damage|p1a: Meloetta|2/100|[from] item: Life Orb
|move|p2a: The|Roost|p2a: The
|-heal|p2a: The|81/100
|-singleturn|p2a: The|move: Roost
|
|turn|46
|
|move|p1a: Meloetta|Relic Song|p2a: The
|-resisted|p2a: The
|-damage|p2a: The|68/100
|-formechange|p1a: Meloetta|Meloetta|[msg]
|-damage|p1a: Meloetta|0 fnt|[from] item: Life Orb
|faint|p1a: Meloetta
|move|p2a: The|U-turn|p1: Meloetta|[notarget]
|-fail|p2a: The
|
|
|switch|p1a: Volcanion|Volcanion, tera:Ground|39/100
|turn|47
|
|switch|p2a: Oh carp|Dondozo, F|88/100
|move|p1a: Volcanion|Flamethrower|p2a: Oh carp
|-resisted|p2a: Oh carp
|-damage|p2a: Oh carp|63/100
|
|-heal|p2a: Oh carp|69/100|[from] item: Leftovers
|turn|48
|
|switch|p1a: Landorus|Landorus-Therian, M|97/100
|-ability|p1a: Landorus|Intimidate|boost
|-unboost|p2a: Oh carp|atk|1
|switch|p2a: Me after losing|Garganacl, M, tera:Ghost|100/100
|
|-heal|p1a: Landorus|100/100|[from] item: Leftovers
|turn|49
|
|move|p1a: Landorus|U-turn|p2a: Me after losing
|-resisted|p2a: Me after losing
|-damage|p2a: Me after losing|92/100
|
|switch|p1a: Gholdengo|Gholdengo|69/100|[from] U-turn
|move|p2a: Me after losing|Salt Cure|p1a: Gholdengo
|-resisted|p1a: Gholdengo
|-damage|p1a: Gholdengo|65/100
|
|-heal|p2a: Me after losing|99/100|[from] item: Leftovers
|turn|50
|
|switch|p2a: Oh carp|Dondozo, F|69/100
|move|p1a: Gholdengo|Hex|p2a: Oh carp
|-damage|p2a: Oh carp|43/100
|
|-heal|p2a: Oh carp|49/100|[from] item: Leftovers
|turn|51
|
|move|p1a: Gholdengo|Thunder Wave|p2a: Oh carp
|-status|p2a: Oh carp|par
|cant|p2a: Oh carp|par
|
|-heal|p2a: Oh carp|55/100 par|[from] item: Leftovers
|turn|52
|
|switch|p1a: Great Tusk|Great Tusk|100/100
|switch|p2a: Me after losing|Garganacl, M, tera:Ghost|99/100
|
|-heal|p2a: Me after losing|100/100|[from] item: Leftovers
|turn|53
|
|-end|p1a: Great Tusk|Protosynthesis|[silent]
|switch|p1a: Gholdengo|Gholdengo|65/100
|move|p2a: Me after losing|Salt Cure|p1a: Gholdengo
|-resisted|p1a: Gholdengo
|-damage|p1a: Gholdengo|60/100
|
|turn|54
|
|move|p1a: Gholdengo|Recover|p1a: Gholdengo
|-heal|p1a: Gholdengo|100/100
|move|p2a: Me after losing|Iron Defense|p2a: Me after losing
|-boost|p2a: Me after losing|def|2
|
|turn|55
|
|move|p1a: Gholdengo|Make It Rain|p2a: Me after losing
|-damage|p2a: Me after losing|66/100
|-unboost|p1a: Gholdengo|spa|1
|move|p2a: Me after losing|Iron Defense|p2a: Me after losing
|-boost|p2a: Me after losing|def|2
|
|-heal|p2a: Me after losing|72/100|[from] item: Leftovers
|turn|56
|
|switch|p1a: Landorus|Landorus-Therian, M|100/100
|-ability|p1a: Landorus|Intimidate|boost
|-unboost|p2a: Me after losing|atk|1
|switch|p2a: The|Corviknight, F|68/100
|-ability|p2a: The|Pressure
|
|turn|57
|
|move|p1a: Landorus|Stone Edge|p2a: The
|-damage|p2a: The|46/100
|move|p2a: The|Taunt|p1a: Landorus
|-start|p1a: Landorus|move: Taunt
|
|turn|58
|
|move|p1a: Landorus|Stone Edge|p2a: The|[miss]
|-miss|p1a: Landorus|p2a: The
|move|p2a: The|Roost|p2a: The
|-heal|p2a: The|96/100
|-singleturn|p2a: The|move: Roost
|
|turn|59
|
|move|p1a: Landorus|Stone Edge|p2a: The
|-damage|p2a: The|72/100
|move|p2a: The|U-turn|p1a: Landorus
|-resisted|p1a: Landorus
|-damage|p1a: Landorus|92/100
|
|switch|p2a: Oh carp|Dondozo, F|55/100 par|[from] U-turn
|
|-heal|p1a: Landorus|98/100|[from] item: Leftovers
|-heal|p2a: Oh carp|61/100 par|[from] item: Leftovers
|turn|60
|
|move|p1a: Landorus|Earthquake|p2a: Oh carp
|-damage|p2a: Oh carp|37/100 par
|cant|p2a: Oh carp|par
|
|-heal|p1a: Landorus|100/100|[from] item: Leftovers
|-heal|p2a: Oh carp|43/100 par|[from] item: Leftovers
|-end|p1a: Landorus|move: Taunt
|turn|61
|
|move|p1a: Landorus|U-turn|p2a: Oh carp
|-damage|p2a: Oh carp|31/100 par
|
|switch|p1a: Volcanion|Volcanion, tera:Ground|39/100|[from] U-turn
|move|p2a: Oh carp|Rest|p2a: Oh carp
|-status|p2a: Oh carp|slp|[from] move: Rest
|-heal|p2a: Oh carp|100/100 slp|[silent]
|
|turn|62
|
|switch|p1a: Gholdengo|Gholdengo|100/100
|cant|p2a: Oh carp|slp
|
|turn|63
|
|move|p1a: Gholdengo|Hex|p2a: Oh carp
|-damage|p2a: Oh carp|47/100 slp
|cant|p2a: Oh carp|slp
|
|-heal|p2a: Oh carp|53/100 slp|[from] item: Leftovers
|turn|64
|
|switch|p2a: Me after losing|Garganacl, M, tera:Ghost|72/100
|move|p1a: Gholdengo|Hex|p2a: Me after losing
|-supereffective|p2a: Me after losing
|-damage|p2a: Me after losing|53/100
|
|-heal|p2a: Me after losing|60/100|[from] item: Leftovers
|turn|65
|
|move|p1a: Gholdengo|Thunder Wave|p2a: Me after losing
|-immune|p2a: Me after losing|[from] ability: Purifying Salt
|move|p2a: Me after losing|Iron Defense|p2a: Me after losing
|-boost|p2a: Me after losing|def|2
|
|-heal|p2a: Me after losing|66/100|[from] item: Leftovers
|turn|66
|
|switch|p1a: Landorus|Landorus-Therian, M|100/100
|-ability|p1a: Landorus|Intimidate|boost
|-unboost|p2a: Me after losing|atk|1
|move|p2a: Me after losing|Body Press|p1a: Landorus
|-resisted|p1a: Landorus
|-crit|p1a: Landorus
|-damage|p1a: Landorus|57/100
|
|-heal|p1a: Landorus|63/100|[from] item: Leftovers
|-heal|p2a: Me after losing|72/100|[from] item: Leftovers
|turn|67
|
|move|p1a: Landorus|U-turn|p2a: Me after losing
|-resisted|p2a: Me after losing
|-damage|p2a: Me after losing|68/100
|
|switch|p1a: Gholdengo|Gholdengo|100/100|[from] U-turn
|move|p2a: Me after losing|Salt Cure|p1a: Gholdengo
|-resisted|p1a: Gholdengo
|-damage|p1a: Gholdengo|97/100
|
|-heal|p2a: Me after losing|74/100|[from] item: Leftovers
|turn|68
|
|switch|p2a: Oh carp|Dondozo, F|53/100 slp
|move|p1a: Gholdengo|Thunder Wave||[still]
|-fail|p1a: Gholdengo
|
|-heal|p2a: Oh carp|59/100 slp|[from] item: Leftovers
|turn|69
|
|move|p1a: Gholdengo|Hex|p2a: Oh carp
|-damage|p2a: Oh carp|1/100 slp
|-curestatus|p2a: Oh carp|slp|[msg]
|move|p2a: Oh carp|Rest|p2a: Oh carp
|-status|p2a: Oh carp|slp|[from] move: Rest
|-heal|p2a: Oh carp|100/100 slp|[silent]
|
|turn|70
|
|switch|p2a: Me after losing|Garganacl, M, tera:Ghost|74/100
|move|p1a: Gholdengo|Hex|p2a: Me after losing
|-supereffective|p2a: Me after losing
|-damage|p2a: Me after losing|55/100
|
|-heal|p2a: Me after losing|61/100|[from] item: Leftovers
|turn|71
|
|switch|p1a: Great Tusk|Great Tusk|100/100
|move|p2a: Me after losing|Body Press|p1a: Great Tusk
|-damage|p1a: Great Tusk|83/100
|-damage|p2a: Me after losing|44/100|[from] item: Rocky Helmet|[of] p1a: Great Tusk
|
|-heal|p2a: Me after losing|50/100|[from] item: Leftovers
|turn|72
|
|move|p1a: Great Tusk|Headlong Rush|p2a: Me after losing
|-damage|p2a: Me after losing|11/100
|-unboost|p1a: Great Tusk|def|1
|-unboost|p1a: Great Tusk|spd|1
|move|p2a: Me after losing|Recover|p2a: Me after losing
|-heal|p2a: Me after losing|61/100
|
|-heal|p2a: Me after losing|67/100|[from] item: Leftovers
|turn|73
|
|-end|p1a: Great Tusk|Protosynthesis|[silent]
|switch|p1a: Gholdengo|Gholdengo|97/100
|switch|p2a: Oh carp|Dondozo, F|100/100 slp
|
|turn|74
|
|switch|p2a: Me after losing|Garganacl, M, tera:Ghost|67/100
|move|p1a: Gholdengo|Hex|p2a: Me after losing
|-supereffective|p2a: Me after losing
|-damage|p2a: Me after losing|50/100
|
|-heal|p2a: Me after losing|56/100|[from] item: Leftovers
|turn|75
|
|switch|p1a: Landorus|Landorus-Therian, M|63/100
|-ability|p1a: Landorus|Intimidate|boost
|-unboost|p2a: Me after losing|atk|1
|move|p2a: Me after losing|Recover|p2a: Me after losing
|-heal|p2a: Me after losing|100/100
|
|-heal|p1a: Landorus|69/100|[from] item: Leftovers
|turn|76
|
|switch|p2a: Oh carp|Dondozo, F|100/100 slp
|move|p1a: Landorus|U-turn|p2a: Oh carp
|-damage|p2a: Oh carp|89/100 slp
|
|switch|p1a: Gholdengo|Gholdengo|97/100|[from] U-turn
|
|-heal|p2a: Oh carp|96/100 slp|[from] item: Leftovers
|turn|77
|
|switch|p1a: Great Tusk|Great Tusk|83/100
|cant|p2a: Oh carp|slp
|move|p2a: Oh carp|Sleep Talk|p2a: Oh carp
|move|p2a: Oh carp|Liquidation|p1a: Great Tusk|[from]move: Sleep Talk
|-supereffective|p1a: Great Tusk
|-damage|p1a: Great Tusk|42/100
|-damage|p2a: Oh carp|79/100 slp|[from] item: Rocky Helmet|[of] p1a: Great Tusk
|
|-heal|p2a: Oh carp|85/100 slp|[from] item: Leftovers
|turn|78
|
|-end|p1a: Great Tusk|Protosynthesis|[silent]
|switch|p1a: Volcanion|Volcanion, tera:Ground|39/100
|cant|p2a: Oh carp|slp
|move|p2a: Oh carp|Sleep Talk|p2a: Oh carp
|move|p2a: Oh carp|Curse|p2a: Oh carp|[from]move: Sleep Talk
|-unboost|p2a: Oh carp|spe|1
|-boost|p2a: Oh carp|atk|1
|-boost|p2a: Oh carp|def|1
|
|-heal|p2a: Oh carp|91/100 slp|[from] item: Leftovers
|turn|79
|
|move|p1a: Volcanion|Earth Power|p2a: Oh carp
|-damage|p2a: Oh carp|41/100 slp
|-curestatus|p2a: Oh carp|slp|[msg]
|move|p2a: Oh carp|Curse|p2a: Oh carp
|-unboost|p2a: Oh carp|spe|1
|-boost|p2a: Oh carp|atk|1
|-boost|p2a: Oh carp|def|1
|
|-heal|p2a: Oh carp|47/100|[from] item: Leftovers
|turn|80
|
|switch|p2a: The|Corviknight, F|72/100
|-ability|p2a: The|Pressure
|move|p1a: Volcanion|Earth Power|p2a: The
|-immune|p2a: The
|
|turn|81
|
|switch|p1a: Gholdengo|Gholdengo|97/100
|move|p2a: The|U-turn|p1a: Gholdengo
|-resisted|p1a: Gholdengo
|-damage|p1a: Gholdengo|95/100
|
|switch|p2a: Oh carp|Dondozo, F|47/100|[from] U-turn
|
|-heal|p2a: Oh carp|54/100|[from] item: Leftovers
|turn|82
|
|switch|p1a: Volcanion|Volcanion, tera:Ground|39/100
|move|p2a: Oh carp|Rest|p2a: Oh carp
|-status|p2a: Oh carp|slp|[from] move: Rest
|-heal|p2a: Oh carp|100/100 slp|[silent]
|
|turn|83
|
|move|p1a: Volcanion|Earth Power|p2a: Oh carp
|-damage|p2a: Oh carp|54/100 slp
|cant|p2a: Oh carp|slp
|
|-heal|p2a: Oh carp|60/100 slp|[from] item: Leftovers
|turn|84
|
|switch|p2a: The|Corviknight, F|72/100
|-ability|p2a: The|Pressure
|move|p1a: Volcanion|Earth Power|p2a: The
|-immune|p2a: The
|
|turn|85
|
|switch|p1a: Landorus|Landorus-Therian, M|69/100
|-ability|p1a: Landorus|Intimidate|boost
|-unboost|p2a: The|atk|1
|move|p2a: The|U-turn|p1a: Landorus
|-resisted|p1a: Landorus
|-damage|p1a: Landorus|63/100
|
|switch|p2a: Oh carp|Dondozo, F|60/100 slp|[from] U-turn
|
|-heal|p1a: Landorus|69/100|[from] item: Leftovers
|-heal|p2a: Oh carp|66/100 slp|[from] item: Leftovers
|turn|86
|
|move|p1a: Landorus|Earthquake|p2a: Oh carp
|-damage|p2a: Oh carp|39/100 slp
|cant|p2a: Oh carp|slp
|move|p2a: Oh carp|Sleep Talk|p2a: Oh carp
|move|p2a: Oh carp|Liquidation|p1a: Landorus|[from]move: Sleep Talk
|-supereffective|p1a: Landorus
|-damage|p1a: Landorus|5/100
|
|-heal|p1a: Landorus|11/100|[from] item: Leftovers
|-heal|p2a: Oh carp|45/100 slp|[from] item: Leftovers
|turn|87
|
|move|p1a: Landorus|U-turn|p2a: Oh carp
|-damage|p2a: Oh carp|33/100 slp
|
|switch|p1a: Volcanion|Volcanion, tera:Ground|39/100|[from] U-turn
|-curestatus|p2a: Oh carp|slp|[msg]
|move|p2a: Oh carp|Rest|p2a: Oh carp
|-status|p2a: Oh carp|slp|[from] move: Rest
|-heal|p2a: Oh carp|100/100 slp|[silent]
|
|turn|88
|
|move|p1a: Volcanion|Flamethrower|p2a: Oh carp
|-resisted|p2a: Oh carp
|-damage|p2a: Oh carp|76/100 slp
|cant|p2a: Oh carp|slp
|
|-heal|p2a: Oh carp|82/100 slp|[from] item: Leftovers
|turn|89
|
|move|p1a: Volcanion|Flamethrower|p2a: Oh carp
|-resisted|p2a: Oh carp
|-damage|p2a: Oh carp|56/100 slp
|cant|p2a: Oh carp|slp
|
|-heal|p2a: Oh carp|62/100 slp|[from] item: Leftovers
|turn|90
|
|switch|p1a: Landorus|Landorus-Therian, M|11/100
|-ability|p1a: Landorus|Intimidate|boost
|-unboost|p2a: Oh carp|atk|1
|-curestatus|p2a: Oh carp|slp|[msg]
|move|p2a: Oh carp|Curse|p2a: Oh carp
|-unboost|p2a: Oh carp|spe|1
|-boost|p2a: Oh carp|atk|1
|-boost|p2a: Oh carp|def|1
|
|-heal|p1a: Landorus|17/100|[from] item: Leftovers
|-heal|p2a: Oh carp|68/100|[from] item: Leftovers
|turn|91
|
|switch|p2a: The|Corviknight, F|72/100
|-ability|p2a: The|Pressure
|move|p1a: Landorus|Stealth Rock|p2a: The
|-sidestart|p2: p2|move: Stealth Rock
|
|-heal|p1a: Landorus|23/100|[from] item: Leftovers
|turn|92
|
|switch|p1a: Gholdengo|Gholdengo|95/100
|move|p2a: The|U-turn|p1a: Gholdengo
|-resisted|p1a: Gholdengo
|-damage|p1a: Gholdengo|93/100
|
|switch|p2a: Cheesr|Gholdengo|22/100|[from] U-turn
|-damage|p2a: Cheesr|16/100|[from] Stealth Rock
|
|turn|93
|
|switch|p1a: Landorus|Landorus-Therian, M|23/100
|-ability|p1a: Landorus|Intimidate|boost
|-unboost|p2a: Cheesr|atk|1
|move|p2a: Cheesr|Shadow Ball|p1a: Landorus
|-damage|p1a: Landorus|0 fnt
|faint|p1a: Landorus
|
|
|switch|p1a: Gholdengo|Gholdengo|93/100
|turn|94
|
|move|p2a: Cheesr|Shadow Ball|p1a: Gholdengo
|-supereffective|p1a: Gholdengo
|-damage|p1a: Gholdengo|5/100
|move|p1a: Gholdengo|Hex|p2a: Cheesr
|-supereffective|p2a: Cheesr
|-damage|p2a: Cheesr|0 fnt
|faint|p2a: Cheesr
|
|
|switch|p2a: The|Corviknight, F|72/100
|-damage|p2a: The|60/100|[from] Stealth Rock
|-ability|p2a: The|Pressure
|turn|95
|
|move|p1a: Gholdengo|Recover|p1a: Gholdengo
|-heal|p1a: Gholdengo|55/100
|move|p2a: The|U-turn|p1a: Gholdengo
|-resisted|p1a: Gholdengo
|-damage|p1a: Gholdengo|53/100
|
|switch|p2a: Me after losing|Garganacl, M, tera:Ghost|100/100|[from] U-turn
|-damage|p2a: Me after losing|88/100|[from] Stealth Rock
|
|-heal|p2a: Me after losing|94/100|[from] item: Leftovers
|turn|96
|
|move|p1a: Gholdengo|Recover|p1a: Gholdengo
|-heal|p1a: Gholdengo|100/100
|move|p2a: Me after losing|Iron Defense|p2a: Me after losing
|-boost|p2a: Me after losing|def|2
|
|-heal|p2a: Me after losing|100/100|[from] item: Leftovers
|turn|97
|
|move|p1a: Gholdengo|Thunder Wave|p2a: Me after losing
|-immune|p2a: Me after losing|[from] ability: Purifying Salt
|move|p2a: Me after losing|Iron Defense|p2a: Me after losing
|-boost|p2a: Me after losing|def|2
|
|turn|98
|
|move|p1a: Gholdengo|Thunder Wave|p2a: Me after losing
|-immune|p2a: Me after losing|[from] ability: Purifying Salt
|move|p2a: Me after losing|Iron Defense|p2a: Me after losing
|-boost|p2a: Me after losing|def|2
|
|turn|99
|
|switch|p2a: Oh carp|Dondozo, F|68/100
|-damage|p2a: Oh carp|56/100|[from] Stealth Rock
|move|p1a: Gholdengo|Thunder Wave|p2a: Oh carp
|-status|p2a: Oh carp|par
|
|-heal|p2a: Oh carp|62/100 par|[from] item: Leftovers
|turn|100
|
|switch|p2a: Me after losing|Garganacl, M, tera:Ghost|100/100
|-damage|p2a: Me after losing|88/100|[from] Stealth Rock
|move|p1a: Gholdengo|Hex|p2a: Me after losing
|-supereffective|p2a: Me after losing
|-damage|p2a: Me after losing|70/100
|
|-heal|p2a: Me after losing|76/100|[from] item: Leftovers
|turn|101
|
|switch|p1a: Great Tusk|Great Tusk|42/100
|move|p2a: Me after losing|Iron Defense|p2a: Me after losing
|-boost|p2a: Me after losing|def|2
|
|-heal|p2a: Me after losing|82/100|[from] item: Leftovers
|turn|102
|
|-end|p1a: Great Tusk|Protosynthesis|[silent]
|switch|p1a: Gholdengo|Gholdengo|100/100
|move|p2a: Me after losing|Iron Defense|p2a: Me after losing
|-boost|p2a: Me after losing|def|2
|
|-heal|p2a: Me after losing|88/100|[from] item: Leftovers
|turn|103
|
|switch|p1a: Great Tusk|Great Tusk|42/100
|move|p2a: Me after losing|Body Press|p1a: Great Tusk
|-damage|p1a: Great Tusk|0 fnt
|-damage|p2a: Me after losing|72/100|[from] item: Rocky Helmet|[of] p1a: Great Tusk
|faint|p1a: Great Tusk
|-end|p1a: Great Tusk|Protosynthesis|[silent]
|
|-heal|p2a: Me after losing|78/100|[from] item: Leftovers
|
|switch|p1a: Gholdengo|Gholdengo|100/100
|turn|104
|
|move|p1a: Gholdengo|Thunder Wave|p2a: Me after losing
|-immune|p2a: Me after losing|[from] ability: Purifying Salt
|move|p2a: Me after losing|Body Press|p1a: Gholdengo
|-immune|p1a: Gholdengo
|
|-heal|p2a: Me after losing|84/100|[from] item: Leftovers
|turn|105
|
|switch|p2a: Oh carp|Dondozo, F|62/100 par
|-damage|p2a: Oh carp|50/100 par|[from] Stealth Rock
|move|p1a: Gholdengo|Thunder Wave|p2a: Oh carp|[miss]
|-miss|p1a: Gholdengo|p2a: Oh carp
|
|-heal|p2a: Oh carp|56/100 par|[from] item: Leftovers
|turn|106
|
|switch|p2a: The|Corviknight, F|60/100
|-damage|p2a: The|48/100|[from] Stealth Rock
|-ability|p2a: The|Pressure
|move|p1a: Gholdengo|Hex|p2a: The
|-damage|p2a: The|20/100
|
|turn|107
|
|move|p1a: Gholdengo|Make It Rain|p2a: The
|-resisted|p2a: The
|-damage|p2a: The|0 fnt
|-unboost|p1a: Gholdengo|spa|1
|faint|p2a: The
|
|
|switch|p2a: Me after losing|Garganacl, M, tera:Ghost|84/100
|-damage|p2a: Me after losing|72/100|[from] Stealth Rock
|turn|108
|
|switch|p1a: Volcanion|Volcanion, tera:Ground|39/100
|move|p2a: Me after losing|Iron Defense|p2a: Me after losing
|-boost|p2a: Me after losing|def|2
|
|-heal|p2a: Me after losing|78/100|[from] item: Leftovers
|turn|109
|
|move|p1a: Volcanion|Steam Eruption|p2a: Me after losing
|-damage|p2a: Me after losing|38/100
|move|p2a: Me after losing|Salt Cure|p1a: Volcanion
|-resisted|p1a: Volcanion
|-damage|p1a: Volcanion|33/100
|-start|p1a: Volcanion|Salt Cure
|
|-heal|p2a: Me after losing|44/100|[from] item: Leftovers
|-damage|p1a: Volcanion|21/100|[from] Salt Cure
|turn|110
|
|switch|p1a: Gholdengo|Gholdengo|100/100
|move|p2a: Me after losing|Recover|p2a: Me after losing
|-heal|p2a: Me after losing|94/100
|
|-heal|p2a: Me after losing|99/100|[from] item: Leftovers
|turn|111
|
|move|p1a: Gholdengo|Thunder Wave|p2a: Me after losing
|-immune|p2a: Me after losing|[from] ability: Purifying Salt
|move|p2a: Me after losing|Iron Defense|p2a: Me after losing
|-boost|p2a: Me after losing|def|2
|
|-heal|p2a: Me after losing|100/100|[from] item: Leftovers
|turn|112
|
|switch|p1a: Volcanion|Volcanion, tera:Ground|21/100
|move|p2a: Me after losing|Body Press|p1a: Volcanion
|-damage|p1a: Volcanion|0 fnt
|faint|p1a: Volcanion
|
|
|switch|p1a: Gholdengo|Gholdengo|100/100
|turn|113
|
|move|p1a: Gholdengo|Thunder Wave|p2a: Me after losing
|-immune|p2a: Me after losing|[from] ability: Purifying Salt
|move|p2a: Me after losing|Salt Cure|p1a: Gholdengo
|-resisted|p1a: Gholdengo
|-damage|p1a: Gholdengo|96/100
|
|turn|114
|
|switch|p2a: Oh carp|Dondozo, F|56/100 par
|-damage|p2a: Oh carp|44/100 par|[from] Stealth Rock
|move|p1a: Gholdengo|Thunder Wave|p2a: Oh carp
|-fail|p2a: Oh carp|par
|
|-heal|p2a: Oh carp|50/100 par|[from] item: Leftovers
|turn|115
|
|switch|p2a: Me after losing|Garganacl, M, tera:Ghost|100/100
|-damage|p2a: Me after losing|88/100|[from] Stealth Rock
|move|p1a: Gholdengo|Hex|p2a: Me after losing
|-supereffective|p2a: Me after losing
|-damage|p2a: Me after losing|70/100
|
|-heal|p2a: Me after losing|76/100|[from] item: Leftovers
|turn|116
|-message|p1 forfeited.
|
|win|p2
