|poke|p1|Arcanine-Hisui, M|
|poke|p1|Landorus-Therian, M|
|poke|p1|Zamazenta-*|
|poke|p1|Gholdengo|
|poke|p1|Slowking-Galar, M|
|poke|p1|Urshifu-*, F|
|poke|p2|Dondozo, M|
|poke|p2|Goodra-Hisui, F|
|poke|p2|Slowking, M|
|poke|p2|Dudunsparce-*, M|
|poke|p2|Orthworm, F|
|poke|p2|Clodsire, M|
|teampreview
|
|start
|switch|p1a: Klotzie|Landorus-Therian, M|100/100
|switch|p2a: Slowking|Slowking, M|100/100
|-ability|p1a: Klotzie|Intimidate|boost
|-unboost|p2a: Slowking|atk|1
|turn|1
|
|move|p1a: Klotzie|U-turn|p2a: Slowking
|-supereffective|p2a: Slowking
|-damage|p2a: Slowking|64/100
|
|switch|p1a: Goldgle|Gholdengo|100/100|[from] U-turn
|move|p2a: Slowking|Trick Room|p2a: Slowking
|-fieldstart|move: Trick Room|[of] p2a: Slowking
|
|turn|2
|
|move|p2a: Slowking|Chilly Reception|p2a: Slowking
|-weather|Snow
|
|switch|p2a: Dudunsparce|Dudunsparce, M|100/100|[from] Chilly Reception
|move|p1a: Goldgle|Shadow Ball|p2a: Dudunsparce
|-immune|p2a: Dudunsparce
|
|-weather|Snow|[upkeep]
|turn|3
|
|move|p2a: Dudunsparce|Shadow Ball|p1a: Goldgle
|-supereffective|p1a: Goldgle
|-damage|p1a: Goldgle|20/100
|move|p1a: Goldgle|Make It Rain|p2a: Dudunsparce
|-damage|p2a: Dudunsparce|41/100
|-unboost|p1a: Goldgle|spa|1
|
|-weather|Snow|[upkeep]
|turn|4
|
|switch|p1a: Ornate Pebble|Slowking-Galar, M|100/100
|move|p2a: Dudunsparce|Shadow Ball|p1a: Ornate Pebble
|-supereffective|p1a: Ornate Pebble
|-damage|p1a: Ornate Pebble|73/100
|
|-weather|Snow|[upkeep]
|turn|5
|
|switch|p2a: Goodra|Goodra-Hisui, F|100/100
|move|p1a: Ornate Pebble|Flamethrower|p2a: Goodra
|-damage|p2a: Goodra|85/100
|
|-weather|Snow|[upkeep]
|-fieldend|move: Trick Room
|turn|6
|
|move|p2a: Goodra|Dragon Claw|p1a: Ornate Pebble
|-damage|p1a: Ornate Pebble|47/100
|move|p1a: Ornate Pebble|Future Sight|p2a: Goodra
|-start|p1a: Ornate Pebble|move: Future Sight
|
|-weather|none
|turn|7
|
|switch|p1a: Fazbear|Urshifu-Rapid-Strike, F|100/100
|move|p2a: Goodra|Curse|p2a: Goodra
|-unboost|p2a: Goodra|spe|1
|-boost|p2a: Goodra|atk|1
|-boost|p2a: Goodra|def|1
|
|turn|8
|
|move|p1a: Fazbear|Swords Dance|p1a: Fazbear
|-boost|p1a: Fazbear|atk|2
|move|p2a: Goodra|Dragon Claw|p1a: Fazbear
|-damage|p1a: Fazbear|63/100
|
|-end|p2a: Goodra|move: Future Sight
|-resisted|p2a: Goodra
|-damage|p2a: Goodra|70/100
|turn|9
|
|-terastallize|p1a: Fazbear|Water
|move|p1a: Fazbear|Surging Strikes|p2a: Goodra
|-resisted|p2a: Goodra
|-crit|p2a: Goodra
|-damage|p2a: Goodra|47/100
|-ability|p2a: Goodra|Gooey
|-unboost|p1a: Fazbear|spe|1
|-resisted|p2a: Goodra
|-crit|p2a: Goodra
|-damage|p2a: Goodra|27/100
|-ability|p2a: Goodra|Gooey
|-unboost|p1a: Fazbear|spe|1
|-resisted|p2a: Goodra
|-crit|p2a: Goodra
|-damage|p2a: Goodra|4/100
|-ability|p2a: Goodra|Gooey
|-unboost|p1a: Fazbear|spe|1
|-hitcount|p2a: Goodra|3
|move|p2a: Goodra|Rest|p2a: Goodra
|-status|p2a: Goodra|slp|[from] move: Rest
|-heal|p2a: Goodra|100/100 slp|[silent]
|
|turn|10
|
|move|p1a: Fazbear|Surging Strikes|p2a: Goodra
|-resisted|p2a: Goodra
|-crit|p2a: Goodra
|-damage|p2a: Goodra|79/100 slp
|-ability|p2a: Goodra|Gooey
|-unboost|p1a: Fazbear|spe|1
|-resisted|p2a: Goodra
|-crit|p2a: Goodra
|-damage|p2a: Goodra|57/100 slp
|-ability|p2a: Goodra|Gooey
|-unboost|p1a: Fazbear|spe|1
|-resisted|p2a: Goodra
|-crit|p2a: Goodra
|-damage|p2a: Goodra|36/100 slp
|-ability|p2a: Goodra|Gooey
|-unboost|p1a: Fazbear|spe|1
|-hitcount|p2a: Goodra|3
|cant|p2a: Goodra|slp
|move|p2a: Goodra|Sleep Talk|p2a: Goodra
|move|p2a: Goodra|Curse|p2a: Goodra|[from]move: Sleep Talk
|-unboost|p2a: Goodra|spe|1
|-boost|p2a: Goodra|atk|1
|-boost|p2a: Goodra|def|1
|
|turn|11
|
|switch|p2a: Dondozo|Dondozo, M|100/100
|move|p1a: Fazbear|Surging Strikes|p2a: Dondozo
|-resisted|p2a: Dondozo
|-crit|p2a: Dondozo
|-damage|p2a: Dondozo|93/100
|-resisted|p2a: Dondozo
|-crit|p2a: Dondozo
|-damage|p2a: Dondozo|85/100
|-resisted|p2a: Dondozo
|-crit|p2a: Dondozo
|-damage|p2a: Dondozo|76/100
|-hitcount|p2a: Dondozo|3
|
|turn|12
|
|switch|p1a: Ornate Pebble|Slowking-Galar, M|80/100
|move|p2a: Dondozo|Liquidation|p1a: Ornate Pebble
|-damage|p1a: Ornate Pebble|51/100
|
|turn|13
|
|move|p1a: Ornate Pebble|Future Sight|p2a: Dondozo
|-start|p1a: Ornate Pebble|move: Future Sight
|move|p2a: Dondozo|Liquidation|p1a: Ornate Pebble
|-damage|p1a: Ornate Pebble|24/100
|
|turn|14
|
|switch|p1a: Mason|Zamazenta|100/100
|-ability|p1a: Mason|Dauntless Shield|boost
|-boost|p1a: Mason|def|1
|move|p2a: Dondozo|Liquidation|p1a: Mason
|-damage|p1a: Mason|75/100
|-unboost|p1a: Mason|def|1
|
|turn|15
|
|move|p1a: Mason|Close Combat|p2a: Dondozo
|-damage|p2a: Dondozo|23/100
|-unboost|p1a: Mason|def|1
|-unboost|p1a: Mason|spd|1
|move|p2a: Dondozo|Rest|p2a: Dondozo
|-status|p2a: Dondozo|slp|[from] move: Rest
|-heal|p2a: Dondozo|100/100 slp|[silent]
|-enditem|p2a: Dondozo|Chesto Berry|[eat]
|-curestatus|p2a: Dondozo|slp|[msg]
|
|-end|p2a: Dondozo|move: Future Sight
|-damage|p2a: Dondozo|71/100
|turn|16
|
|move|p1a: Mason|Close Combat|p2a: Dondozo
|-damage|p2a: Dondozo|22/100
|-unboost|p1a: Mason|def|1
|-unboost|p1a: Mason|spd|1
|move|p2a: Dondozo|Sleep Talk||[still]
|-fail|p2a: Dondozo
|
|turn|17
|
|switch|p2a: Slowking|Slowking, M|97/100
|move|p1a: Mason|Close Combat|p2a: Slowking
|-resisted|p2a: Slowking
|-damage|p2a: Slowking|61/100
|-unboost|p1a: Mason|def|1
|-unboost|p1a: Mason|spd|1
|
|turn|18
|
|move|p1a: Mason|Close Combat|p2a: Slowking
|-resisted|p2a: Slowking
|-damage|p2a: Slowking|23/100
|-unboost|p1a: Mason|def|1
|-unboost|p1a: Mason|spd|1
|move|p2a: Slowking|Trick Room|p2a: Slowking
|-fieldstart|move: Trick Room|[of] p2a: Slowking
|
|turn|19
|
|switch|p1a: Fazbear|Urshifu-Rapid-Strike, F, tera:Water|63/100
|move|p2a: Slowking|Slack Off|p2a: Slowking
|-heal|p2a: Slowking|73/100
|
|turn|20
|
|move|p2a: Slowking|Future Sight|p1a: Fazbear
|-start|p2a: Slowking|move: Future Sight
|move|p1a: Fazbear|Swords Dance|p1a: Fazbear
|-boost|p1a: Fazbear|atk|2
|
|turn|21
|
|move|p2a: Slowking|Chilly Reception|p2a: Slowking
|-weather|Snow
|
|switch|p2a: Clodsire|Clodsire, M|100/100|[from] Chilly Reception
|-item|p2a: Clodsire|Air Balloon
|move|p1a: Fazbear|Surging Strikes|p2a: Clodsire
|-immune|p2a: Clodsire|[from] ability: Water Absorb
|
|-weather|Snow|[upkeep]
|turn|22
|
|switch|p2a: Dondozo|Dondozo, M|22/100
|move|p1a: Fazbear|Close Combat|p2a: Dondozo
|-damage|p2a: Dondozo|0 fnt
|-unboost|p1a: Fazbear|def|1
|-unboost|p1a: Fazbear|spd|1
|faint|p2a: Dondozo
|
|-weather|Snow|[upkeep]
|-end|p1a: Fazbear|move: Future Sight
|-damage|p1a: Fazbear|0 fnt
|faint|p1a: Fazbear
|-fieldend|move: Trick Room
|
|switch|p1a: Mason|Zamazenta|75/100
|switch|p2a: Slowking|Slowking, M|100/100
|turn|23
|
|move|p1a: Mason|Close Combat|p2a: Slowking
|-resisted|p2a: Slowking
|-crit|p2a: Slowking
|-damage|p2a: Slowking|42/100
|-unboost|p1a: Mason|def|1
|-unboost|p1a: Mason|spd|1
|move|p2a: Slowking|Trick Room|p2a: Slowking
|-fieldstart|move: Trick Room|[of] p2a: Slowking
|
|-weather|Snow|[upkeep]
|turn|24
|
|move|p2a: Slowking|Slack Off|p2a: Slowking
|-heal|p2a: Slowking|92/100
|move|p1a: Mason|Close Combat|p2a: Slowking
|-resisted|p2a: Slowking
|-damage|p2a: Slowking|56/100
|-unboost|p1a: Mason|def|1
|-unboost|p1a: Mason|spd|1
|
|-weather|Snow|[upkeep]
|turn|25
|
|switch|p1a: Goldgle|Gholdengo|20/100
|move|p2a: Slowking|Future Sight|p1a: Goldgle
|-start|p2a: Slowking|move: Future Sight
|
|-weather|none
|turn|26
|
|switch|p2a: Dudunsparce|Dudunsparce, M|41/100
|move|p1a: Goldgle|Recover|p1a: Goldgle
|-heal|p1a: Goldgle|70/100
|
|turn|27
|
|move|p2a: Dudunsparce|Shadow Ball|p1a: Goldgle
|-supereffective|p1a: Goldgle
|-damage|p1a: Goldgle|0 fnt
|faint|p1a: Goldgle
|
|-hint|Future Sight did not hit because the target is fainted.
|-fieldend|move: Trick Room
|
|switch|p1a: Mason|Zamazenta|75/100
|turn|28
|
|-terastallize|p2a: Dudunsparce|Ghost
|move|p1a: Mason|Close Combat|p2a: Dudunsparce
|-immune|p2a: Dudunsparce
|move|p2a: Dudunsparce|Shadow Ball|p1a: Mason
|-damage|p1a: Mason|29/100
|
|turn|29
|
|switch|p1a: Ornate Pebble|Slowking-Galar, M|57/100
|move|p2a: Dudunsparce|Shadow Ball|p1a: Ornate Pebble
|-supereffective|p1a: Ornate Pebble
|-damage|p1a: Ornate Pebble|16/100
|-unboost|p1a: Ornate Pebble|spd|1
|
|turn|30
|
|move|p2a: Dudunsparce|Shadow Ball|p1a: Ornate Pebble
|-supereffective|p1a: Ornate Pebble
|-damage|p1a: Ornate Pebble|0 fnt
|faint|p1a: Ornate Pebble
|
|
|switch|p1a: Maisey|Arcanine-Hisui, M|100/100
|turn|31
|
|switch|p2a: Slowking|Slowking, M|89/100
|move|p1a: Maisey|Flare Blitz|p2a: Slowking
|-resisted|p2a: Slowking
|-damage|p2a: Slowking|49/100
|
|turn|32
|
|switch|p1a: Klotzie|Landorus-Therian, M|100/100
|-ability|p1a: Klotzie|Intimidate|boost
|-unboost|p2a: Slowking|atk|1
|move|p2a: Slowking|Trick Room|p2a: Slowking
|-fieldstart|move: Trick Room|[of] p2a: Slowking
|
|turn|33
|
|move|p2a: Slowking|Chilly Reception|p2a: Slowking
|-weather|Snow
|
|switch|p2a: Goodra|Goodra-Hisui, F|36/100 slp|[from] Chilly Reception
|move|p1a: Klotzie|Stealth Rock|p2a: Goodra
|-sidestart|p2: Kalen80|move: Stealth Rock
|
|-weather|Snow|[upkeep]
|turn|34
|
|cant|p2a: Goodra|slp
|move|p2a: Goodra|Sleep Talk|p2a: Goodra
|move|p2a: Goodra|Rest||[from]move: Sleep Talk|[still]
|-fail|p2a: Goodra
|move|p1a: Klotzie|Earthquake|p2a: Goodra
|-supereffective|p2a: Goodra
|-damage|p2a: Goodra|0 fnt
|faint|p2a: Goodra
|
|-weather|Snow|[upkeep]
|
|switch|p2a: Dudunsparce|Dudunsparce, M, tera:Ghost|41/100
|-damage|p2a: Dudunsparce|28/100|[from] Stealth Rock
|turn|35
|
|move|p2a: Dudunsparce|Ice Beam|p1a: Klotzie
|-supereffective|p1a: Klotzie
|-damage|p1a: Klotzie|0 fnt
|faint|p1a: Klotzie
|
|-weather|Snow|[upkeep]
|
|switch|p1a: Maisey|Arcanine-Hisui, M|100/100
|turn|36
|
|switch|p2a: Slowking|Slowking, M|82/100
|-damage|p2a: Slowking|70/100|[from] Stealth Rock
|move|p1a: Maisey|Flare Blitz|p2a: Slowking
|-resisted|p2a: Slowking
|-damage|p2a: Slowking|26/100
|
|-weather|Snow|[upkeep]
|-fieldend|move: Trick Room
|turn|37
|
|switch|p2a: Clodsire|Clodsire, M|100/100
|-damage|p2a: Clodsire|94/100|[from] Stealth Rock
|-item|p2a: Clodsire|Air Balloon
|move|p1a: Maisey|Flare Blitz|p2a: Clodsire
|-damage|p2a: Clodsire|4/100
|-enditem|p2a: Clodsire|Air Balloon
|
|-weather|none
|turn|38
|
|move|p1a: Maisey|Flare Blitz|p2a: Clodsire
|-damage|p2a: Clodsire|0 fnt
|faint|p2a: Clodsire
|
|
|switch|p2a: Slowking|Slowking, M|59/100
|-damage|p2a: Slowking|47/100|[from] Stealth Rock
|turn|39
|
|move|p1a: Maisey|Flare Blitz|p2a: Slowking
|-resisted|p2a: Slowking
|-damage|p2a: Slowking|7/100
|-status|p2a: Slowking|brn
|move|p2a: Slowking|Trick Room|p2a: Slowking
|-fieldstart|move: Trick Room|[of] p2a: Slowking
|
|-damage|p2a: Slowking|0 fnt|[from] brn
|faint|p2a: Slowking
|
|switch|p2a: Orthworm|Orthworm, F|100/100
|-damage|p2a: Orthworm|94/100|[from] Stealth Rock
|turn|40
|
|move|p2a: Orthworm|Earthquake|p1a: Maisey
|-supereffective|p1a: Maisey
|-damage|p1a: Maisey|0 fnt
|faint|p1a: Maisey
|
|
|switch|p1a: Mason|Zamazenta|29/100
|turn|41
|
|move|p2a: Orthworm|Coil|p2a: Orthworm
|-boost|p2a: Orthworm|atk|1
|-boost|p2a: Orthworm|def|1
|-boost|p2a: Orthworm|accuracy|1
|move|p1a: Mason|Close Combat|p2a: Orthworm
|-supereffective|p2a: Orthworm
|-damage|p2a: Orthworm|0 fnt
|-unboost|p1a: Mason|def|1
|-unboost|p1a: Mason|spd|1
|faint|p2a: Orthworm
|
|
|switch|p2a: Dudunsparce|Dudunsparce, M, tera:Ghost|28/100
|-damage|p2a: Dudunsparce|16/100|[from] Stealth Rock
|turn|42
|
|move|p2a: Dudunsparce|Boomburst|p1a: Mason
|-damage|p1a: Mason|0 fnt
|faint|p1a: Mason
|
|win|Kalen80
