# advantage = p2
|poke|p1|Slowking, M|
|poke|p1|Heatran, M|
|poke|p1|Urshifu-*, M|
|poke|p1|Corviknight, M|
|poke|p1|Iron Valiant|
|poke|p1|Ting-Lu|
|poke|p2|Hatterene, F|
|poke|p2|Ursaluna, M|
|poke|p2|Kingambit, M|
|poke|p2|Slowking, F|
|poke|p2|Avalugg-Hisui, M|
|poke|p2|Magearna|
|teampreview
|
|start
|switch|p1a: Heatran|Heatran, M|100/100
|switch|p2a: Slowking|Slowking, F|100/100
|turn|1
|
|move|p1a: Heatran|Taunt|p2a: Slowking
|-start|p2a: Slowking|move: Taunt
|cant|p2a: Slowking|move: Taunt|Trick Room
|
|turn|2
|
|move|p1a: Heatran|Magma Storm|p2a: Slowking|[miss]
|-miss|p1a: Heatran|p2a: Slowking
|move|p2a: Slowking|Surf|p1a: Heatran
|-supereffective|p1a: Heatran
|-damage|p1a: Heatran|38/100
|
|-heal|p1a: Heatran|44/100|[from] item: Leftovers
|turn|3
|
|-terastallize|p1a: Heatran|Grass
|move|p1a: Heatran|Magma Storm|p2a: Slowking
|-resisted|p2a: Slowking
|-damage|p2a: Slowking|82/100
|-activate|p2a: Slowking|move: Magma Storm|[of] p1a: Heatran
|move|p2a: Slowking|Surf|p1a: Heatran
|-resisted|p1a: Heatran
|-damage|p1a: Heatran|29/100
|
|-heal|p1a: Heatran|35/100|[from] item: Leftovers
|-heal|p2a: Slowking|89/100|[from] item: Leftovers
|-damage|p2a: Slowking|76/100|[from] move: Magma Storm|[partiallytrapped]
|-end|p2a: Slowking|move: Taunt
|turn|4
|
|move|p1a: Heatran|Earth Power|p2a: Slowking
|-damage|p2a: Slowking|56/100
|move|p2a: Slowking|Psychic|p1a: Heatran
|-damage|p1a: Heatran|7/100
|-unboost|p1a: Heatran|spd|1
|
|-heal|p1a: Heatran|13/100|[from] item: Leftovers
|-heal|p2a: Slowking|62/100|[from] item: Leftovers
|-damage|p2a: Slowking|49/100|[from] move: Magma Storm|[partiallytrapped]
|turn|5
|
|move|p1a: Heatran|Taunt|p2a: Slowking
|-start|p2a: Slowking|move: Taunt
|move|p2a: Slowking|Psychic|p1a: Heatran
|-damage|p1a: Heatran|0 fnt
|faint|p1a: Heatran
|
|-heal|p2a: Slowking|55/100|[from] item: Leftovers
|-end|p2a: Slowking|Magma Storm|[partiallytrapped]|[silent]
|
|switch|p1a: Corviknight|Corviknight, M|100/100
|-ability|p1a: Corviknight|Pressure
|turn|6
|
|switch|p2a: Hatterene|Hatterene, F|100/100
|move|p1a: Corviknight|U-turn|p2a: Hatterene
|-damage|p2a: Hatterene|84/100
|
|switch|p1a: Urshifu|Urshifu-Rapid-Strike, M|100/100|[from] U-turn
|
|-heal|p2a: Hatterene|89/100|[from] item: Leftovers
|turn|7
|
|-terastallize|p2a: Hatterene|Water
|move|p1a: Urshifu|Surging Strikes|p2a: Hatterene
|-resisted|p2a: Hatterene
|-crit|p2a: Hatterene
|-damage|p2a: Hatterene|77/100
|-resisted|p2a: Hatterene
|-crit|p2a: Hatterene
|-damage|p2a: Hatterene|65/100
|-resisted|p2a: Hatterene
|-crit|p2a: Hatterene
|-damage|p2a: Hatterene|52/100
|-hitcount|p2a: Hatterene|3
|move|p2a: Hatterene|Trick Room|p2a: Hatterene
|-fieldstart|move: Trick Room|[of] p2a: Hatterene
|
|-heal|p2a: Hatterene|58/100|[from] item: Leftovers
|turn|8
|
|switch|p1a: Corviknight|Corviknight, M|100/100
|-ability|p1a: Corviknight|Pressure
|move|p2a: Hatterene|Calm Mind|p2a: Hatterene
|-boost|p2a: Hatterene|spa|1
|-boost|p2a: Hatterene|spd|1
|
|-heal|p2a: Hatterene|64/100|[from] item: Leftovers
|turn|9
|
|move|p2a: Hatterene|Calm Mind|p2a: Hatterene
|-boost|p2a: Hatterene|spa|1
|-boost|p2a: Hatterene|spd|1
|move|p1a: Corviknight|Brave Bird|p2a: Hatterene
|-damage|p2a: Hatterene|20/100
|-damage|p1a: Corviknight|89/100|[from] Recoil
|
|-heal|p2a: Hatterene|26/100|[from] item: Leftovers
|turn|10
|
|move|p2a: Hatterene|Draining Kiss|p1a: Corviknight
|-resisted|p1a: Corviknight
|-damage|p1a: Corviknight|62/100
|-heal|p2a: Hatterene|51/100|[from] drain|[of] p1a: Corviknight
|-damage|p2a: Hatterene|35/100|[from] item: Rocky Helmet|[of] p1a: Corviknight
|move|p1a: Corviknight|Brave Bird|p2a: Hatterene
|-damage|p2a: Hatterene|0 fnt
|faint|p2a: Hatterene
|-damage|p1a: Corviknight|53/100|[from] Recoil
|
|
|switch|p2a: Slowking|Slowking, F|89/100
|turn|11
|
|move|p2a: Slowking|Surf|p1a: Corviknight
|-damage|p1a: Corviknight|11/100
|move|p1a: Corviknight|U-turn|p2a: Slowking
|-supereffective|p2a: Slowking
|-damage|p2a: Slowking|59/100
|
|switch|p1a: Ting-Lu|Ting-Lu|100/100|[from] U-turn
|-ability|p1a: Ting-Lu|Vessel of Ruin
|
|-heal|p2a: Slowking|65/100|[from] item: Leftovers
|-fieldend|move: Trick Room
|turn|12
|
|move|p1a: Ting-Lu|Spikes|p2a: Slowking
|-sidestart|p2: p2|Spikes
|move|p2a: Slowking|Trick Room|p2a: Slowking
|-fieldstart|move: Trick Room|[of] p2a: Slowking
|
|-heal|p2a: Slowking|71/100|[from] item: Leftovers
|turn|13
|
|move|p2a: Slowking|Chilly Reception|p2a: Slowking
|-weather|Snow
|
|switch|p2a: Avalugg|Avalugg-Hisui, M|100/100|[from] Chilly Reception
|-damage|p2a: Avalugg|88/100|[from] Spikes
|move|p1a: Ting-Lu|Stealth Rock|p2a: Avalugg
|-sidestart|p2: p2|move: Stealth Rock
|
|-weather|Snow|[upkeep]
|turn|14
|
|switch|p1a: Corviknight|Corviknight, M|11/100
|-ability|p1a: Corviknight|Pressure
|move|p2a: Avalugg|Rapid Spin|p1a: Corviknight
|-resisted|p1a: Corviknight
|-damage|p1a: Corviknight|7/100
|-boost|p2a: Avalugg|spe|1
|-damage|p2a: Avalugg|72/100|[from] item: Rocky Helmet|[of] p1a: Corviknight
|-sideend|p2: p2|Spikes|[from] move: Rapid Spin|[of] p2a: Avalugg
|-sideend|p2: p2|Stealth Rock|[from] move: Rapid Spin|[of] p2a: Avalugg
|
|-weather|Snow|[upkeep]
|turn|15
|
|move|p2a: Avalugg|Body Press|p1a: Corviknight
|-damage|p1a: Corviknight|0 fnt
|-damage|p2a: Avalugg|55/100|[from] item: Rocky Helmet|[of] p1a: Corviknight
|faint|p1a: Corviknight
|
|-weather|Snow|[upkeep]
|
|switch|p1a: Urshifu|Urshifu-Rapid-Strike, M|100/100
|turn|16
|
|move|p2a: Avalugg|Aurora Veil|p2a: Avalugg
|-sidestart|p2: p2|move: Aurora Veil
|move|p1a: Urshifu|Swords Dance|p1a: Urshifu
|-boost|p1a: Urshifu|atk|2
|
|-weather|Snow|[upkeep]
|-fieldend|move: Trick Room
|turn|17
|
|move|p1a: Urshifu|Swords Dance|p1a: Urshifu
|-boost|p1a: Urshifu|atk|2
|move|p2a: Avalugg|Body Press|p1a: Urshifu
|-damage|p1a: Urshifu|61/100
|
|-weather|none
|turn|18
|
|move|p1a: Urshifu|Surging Strikes|p2a: Avalugg
|-supereffective|p2a: Avalugg
|-crit|p2a: Avalugg
|-damage|p2a: Avalugg|3/100
|-supereffective|p2a: Avalugg
|-crit|p2a: Avalugg
|-damage|p2a: Avalugg|0 fnt
|faint|p2a: Avalugg
|-hitcount|p2: Avalugg|2
|
|
|switch|p2a: Slowking|Slowking, F|100/100
|turn|19
|
|move|p1a: Urshifu|Surging Strikes|p2a: Slowking
|-resisted|p2a: Slowking
|-crit|p2a: Slowking
|-damage|p2a: Slowking|69/100
|-resisted|p2a: Slowking
|-crit|p2a: Slowking
|-damage|p2a: Slowking|35/100
|-resisted|p2a: Slowking
|-crit|p2a: Slowking
|-damage|p2a: Slowking|0 fnt
|faint|p2a: Slowking
|-hitcount|p2: Slowking|3
|
|
|switch|p2a: Magearna|Magearna|100/100
|turn|20
|
|move|p1a: Urshifu|Surging Strikes|p2a: Magearna
|-crit|p2a: Magearna
|-damage|p2a: Magearna|46/100
|-crit|p2a: Magearna
|-damage|p2a: Magearna|0 fnt
|faint|p2a: Magearna
|-hitcount|p2: Magearna|2
|
|
|switch|p2a: Ursaluna|Ursaluna, M|100/100
|turn|21
|
|move|p1a: Urshifu|Surging Strikes|p2a: Ursaluna
|-supereffective|p2a: Ursaluna
|-crit|p2a: Ursaluna
|-damage|p2a: Ursaluna|3/100
|-supereffective|p2a: Ursaluna
|-crit|p2a: Ursaluna
|-damage|p2a: Ursaluna|0 fnt
|faint|p2a: Ursaluna
|-hitcount|p2: Ursaluna|2
|
|
|switch|p2a: Kingambit|Kingambit, M|100/100
|-activate|p2a: Kingambit|ability: Supreme Overlord
|-start|p2a: Kingambit|fallen5|[silent]
|turn|22
|
|move|p2a: Kingambit|Sucker Punch|p1a: Urshifu
|-resisted|p1a: Urshifu
|-damage|p1a: Urshifu|30/100
|move|p1a: Urshifu|Surging Strikes|p2a: Kingambit
|-crit|p2a: Kingambit
|-damage|p2a: Kingambit|54/100
|-crit|p2a: Kingambit
|-damage|p2a: Kingambit|4/100
|-crit|p2a: Kingambit
|-damage|p2a: Kingambit|0 fnt
|faint|p2a: Kingambit
|-end|p2a: Kingambit|fallen5|[silent]
|-hitcount|p2: Kingambit|3
|
|win|p1
