|poke|p1|Typhlosion-Hisui, F|
|poke|p1|Ursaluna, F|
|poke|p1|Urshifu-*, M|
|poke|p1|Avalugg-Hisui, M|
|poke|p1|Moltres-Galar|
|poke|p1|Pawmot, F|
|poke|p2|Skeledirge, M|
|poke|p2|Decidueye, M|
|poke|p2|Meowscarada, F|
|poke|p2|Bisharp, M|
|poke|p2|Braviary, M|
|poke|p2|Floragato, M|
|teampreview
|
|start
|switch|p1a: Typhlosion|Typhlosion-Hisui, F|100/100
|switch|p2a: Floragato|Floragato, M|100/100
|turn|1
|
|move|p2a: Floragato|Sucker Punch|p1a: Typhlosion
|-start|p2a: Floragato|typechange|Dark|[from] ability: Protean
|-supereffective|p1a: Typhlosion
|-damage|p1a: Typhlosion|23/100
|move|p1a: Typhlosion|Eruption|p2a: Floragato
|-damage|p2a: Floragato|75/100
|
|turn|2
|
|switch|p1a: Urshifu|Urshifu-Rapid-Strike, M|100/100
|move|p2a: Floragato|U-turn|p1a: Urshifu
|-resisted|p1a: Urshifu
|-damage|p1a: Urshifu|91/100
|
|switch|p2a: Meowscarada|Meowscarada, F, shiny|100/100|[from] U-turn
|
|turn|3
|
|switch|p1a: Typhlosion|Typhlosion-Hisui, F|23/100
|move|p2a: Meowscarada|Thunder Punch|p1a: Typhlosion
|-start|p2a: Meowscarada|typechange|Electric|[from] ability: Protean
|-damage|p1a: Typhlosion|0 fnt
|faint|p1a: Typhlosion
|-damage|p2a: Meowscarada|91/100|[from] item: Life Orb
|
|
|switch|p1a: Ursaluna|Ursaluna, F|100/100
|turn|4
|
|switch|p2a: Floragato|Floragato, M|75/100
|move|p1a: Ursaluna|Facade|p2a: Floragato
|-damage|p2a: Floragato|35/100
|
|-status|p1a: Ursaluna|brn|[from] item: Flame Orb
|turn|5
|
|move|p2a: Floragato|Low Kick|p1a: Ursaluna
|-start|p2a: Floragato|typechange|Fighting|[from] ability: Protean
|-supereffective|p1a: Ursaluna
|-damage|p1a: Ursaluna|36/100 brn
|move|p1a: Ursaluna|Facade|p2a: Floragato
|-damage|p2a: Floragato|0 fnt
|faint|p2a: Floragato
|
|-damage|p1a: Ursaluna|30/100 brn|[from] brn
|
|switch|p2a: Decidueye|Decidueye, M, shiny|100/100
|turn|6
|
|move|p2a: Decidueye|Leaf Blade|p1a: Ursaluna
|-supereffective|p1a: Ursaluna
|-crit|p1a: Ursaluna
|-damage|p1a: Ursaluna|0 fnt
|faint|p1a: Ursaluna
|
|
|switch|p1a: Avalugg|Avalugg-Hisui, M|100/100
|turn|7
|
|move|p2a: Decidueye|Low Kick|p1a: Avalugg
|-supereffective|p1a: Avalugg
|-ability|p1a: Avalugg|Sturdy
|-damage|p1a: Avalugg|1/100
|move|p1a: Avalugg|Avalanche|p2a: Decidueye
|-supereffective|p2a: Decidueye
|-damage|p2a: Decidueye|0 fnt
|faint|p2a: Decidueye
|
|
|switch|p2a: Meowscarada|Meowscarada, F, shiny|91/100
|turn|8
|
|move|p2a: Meowscarada|U-turn|p1a: Avalugg
|-start|p2a: Meowscarada|typechange|Bug|[from] ability: Protean
|-damage|p1a: Avalugg|0 fnt
|faint|p1a: Avalugg
|-damage|p2a: Meowscarada|81/100|[from] item: Life Orb
|
|switch|p2a: Skeledirge|Skeledirge, M|100/100|[from] U-turn
|
|
|switch|p1a: Moltres|Moltres-Galar|100/100
|turn|9
|
|switch|p2a: Meowscarada|Meowscarada, F, shiny|81/100
|move|p1a: Moltres|Fiery Wrath|p2a: Meowscarada
|-resisted|p2a: Meowscarada
|-damage|p2a: Meowscarada|46/100
|
|turn|10
|
|move|p2a: Meowscarada|Thunder Punch|p1a: Moltres
|-start|p2a: Meowscarada|typechange|Electric|[from] ability: Protean
|-supereffective|p1a: Moltres
|-damage|p1a: Moltres|0 fnt
|faint|p1a: Moltres
|-damage|p2a: Meowscarada|36/100|[from] item: Life Orb
|
|
|switch|p1a: Pawmot|Pawmot, F|100/100
|turn|11
|
|switch|p2a: Skeledirge|Skeledirge, M|100/100
|move|p1a: Pawmot|Mach Punch|p2a: Skeledirge
|-immune|p2a: Skeledirge
|
|turn|12
|
|move|p1a: Pawmot|Thunder Punch|p2a: Skeledirge
|-damage|p2a: Skeledirge|72/100
|move|p2a: Skeledirge|Will-O-Wisp|p1a: Pawmot
|-status|p1a: Pawmot|brn
|
|-heal|p2a: Skeledirge|78/100|[from] item: Leftovers
|-damage|p1a: Pawmot|94/100 brn|[from] brn
|turn|13
|
|move|p1a: Pawmot|Revival Blessing|p1a: Pawmot
|
|-heal|p1: Ursaluna|50/100|[from] move: Revival Blessing
|move|p2a: Skeledirge|Torch Song|p1a: Pawmot
|-damage|p1a: Pawmot|35/100 brn
|-boost|p2a: Skeledirge|spa|1
|
|-heal|p2a: Skeledirge|84/100|[from] item: Leftovers
|-damage|p1a: Pawmot|29/100 brn|[from] brn
|turn|14
|
|move|p1a: Pawmot|Thunder Punch|p2a: Skeledirge
|-damage|p2a: Skeledirge|71/100
|move|p2a: Skeledirge|Torch Song|p1a: Pawmot
|-damage|p1a: Pawmot|0 fnt
|-boost|p2a: Skeledirge|spa|1
|faint|p1a: Pawmot
|
|-heal|p2a: Skeledirge|77/100|[from] item: Leftovers
|
|switch|p1a: Urshifu|Urshifu-Rapid-Strike, M|91/100
|turn|15
|
|-terastallize|p2a: Skeledirge|Water
|move|p1a: Urshifu|Close Combat|p2a: Skeledirge
|-damage|p2a: Skeledirge|23/100
|-unboost|p1a: Urshifu|def|1
|-unboost|p1a: Urshifu|spd|1
|move|p2a: Skeledirge|Will-O-Wisp|p1a: Urshifu
|-status|p1a: Urshifu|brn
|
|-heal|p2a: Skeledirge|29/100|[from] item: Leftovers
|-damage|p1a: Urshifu|85/100 brn|[from] brn
|turn|16
|
|move|p1a: Urshifu|Close Combat|p2a: Skeledirge
|-damage|p2a: Skeledirge|2/100
|-unboost|p1a: Urshifu|def|1
|-unboost|p1a: Urshifu|spd|1
|move|p2a: Skeledirge|Slack Off|p2a: Skeledirge
|-heal|p2a: Skeledirge|52/100
|
|-heal|p2a: Skeledirge|58/100|[from] item: Leftovers
|-damage|p1a: Urshifu|79/100 brn|[from] brn
|turn|17
|-message|Lobsta06 forfeited.
|
|win|Sioaee
|l|☆Lobsta06
