|poke|p1|Clodsire, M|
|poke|p1|Braviary-Hisui, M|
|poke|p1|Goodra-Hisui, M|
|poke|p1|Arcanine-Hisui, M|
|poke|p1|Decidueye-Hisui, M|
|poke|p1|Samurott-Hisui, M|
|poke|p2|Uxie|
|poke|p2|Magearna|
|teampreview
|
|start
|switch|p1a: Braviary|Braviary-Hisui, M, shiny|100/100
|switch|p2a: Uxie|Uxie, shiny|100/100
|turn|1
|
|move|p2a: Uxie|Light Screen|p2a: Uxie
|-sidestart|p2: p2|move: Light Screen
|move|p1a: Braviary|Esper Wing|p2a: Uxie
|-resisted|p2a: Uxie
|-damage|p2a: Uxie|85/100
|-boost|p1a: Braviary|spe|1
|
|turn|2
|
|move|p1a: Braviary|Esper Wing|p2a: Uxie
|-resisted|p2a: Uxie
|-damage|p2a: Uxie|67/100
|-boost|p1a: Braviary|spe|1
|move|p2a: Uxie|Reflect|p2a: Uxie
|-sidestart|p2: p2|Reflect
|
|turn|3
|
|move|p1a: Braviary|Esper Wing|p2a: Uxie
|-resisted|p2a: Uxie
|-damage|p2a: Uxie|48/100
|-boost|p1a: Braviary|spe|1
|move|p2a: Uxie|Yawn|p1a: Braviary
|-start|p1a: Braviary|move: Yawn|[of] p2a: Uxie
|
|turn|4
|
|move|p1a: Braviary|Esper Wing|p2a: Uxie
|-resisted|p2a: Uxie
|-damage|p2a: Uxie|26/100
|-boost|p1a: Braviary|spe|1
|move|p2a: Uxie|Memento|p1a: Braviary
|-unboost|p1a: Braviary|atk|2
|-unboost|p1a: Braviary|spa|2
|faint|p2a: Uxie
|
|-end|p1a: Braviary|move: Yawn|[silent]
|-status|p1a: Braviary|slp
|
|switch|p2a: Magearna|Magearna|100/100
|turn|5
|
|cant|p1a: Braviary|slp
|move|p2a: Magearna|Shift Gear|p2a: Magearna
|-boost|p2a: Magearna|spe|2
|-boost|p2a: Magearna|atk|1
|
|turn|6
|
|cant|p1a: Braviary|slp
|move|p2a: Magearna|Calm Mind|p2a: Magearna
|-boost|p2a: Magearna|spa|1
|-boost|p2a: Magearna|spd|1
|
|turn|7
|
|-curestatus|p1a: Braviary|slp|[msg]
|move|p1a: Braviary|Esper Wing|p2a: Magearna
|-resisted|p2a: Magearna
|-damage|p2a: Magearna|94/100
|-boost|p1a: Braviary|spe|1
|move|p2a: Magearna|Calm Mind|p2a: Magearna
|-boost|p2a: Magearna|spa|1
|-boost|p2a: Magearna|spd|1
|
|turn|8
|
|move|p1a: Braviary|Esper Wing|p2a: Magearna
|-resisted|p2a: Magearna
|-damage|p2a: Magearna|88/100
|-boost|p1a: Braviary|spe|1
|move|p2a: Magearna|Calm Mind|p2a: Magearna
|-boost|p2a: Magearna|spa|1
|-boost|p2a: Magearna|spd|1
|
|-sideend|p2: p2|move: Light Screen
|turn|9
|
|-terastallize|p2a: Magearna|Fairy
|move|p1a: Braviary|Heat Wave|p2a: Magearna
|-damage|p2a: Magearna|82/100
|move|p2a: Magearna|Draining Kiss|p1a: Braviary
|-damage|p1a: Braviary|0 fnt
|-heal|p2a: Magearna|100/100|[from] drain|[of] p1a: Braviary
|faint|p1a: Braviary
|-ability|p2a: Magearna|Soul-Heart|boost
|-boost|p2a: Magearna|spa|1
|
|-sideend|p2: p2|Reflect
|
|switch|p1a: Clodsire|Clodsire, M|100/100
|turn|10
|
|move|p2a: Magearna|Stored Power|p1a: Clodsire
|-supereffective|p1a: Clodsire
|-damage|p1a: Clodsire|0 fnt
|faint|p1a: Clodsire
|-ability|p2a: Magearna|Soul-Heart|boost
|-boost|p2a: Magearna|spa|1
|
|
|switch|p1a: Arcanine|Arcanine-Hisui, M, shiny|100/100
|turn|11
|
|move|p2a: Magearna|Stored Power|p1a: Arcanine
|-damage|p1a: Arcanine|0 fnt
|faint|p1a: Arcanine
|-ability|p2a: Magearna|Soul-Heart|boost
|-boost|p2a: Magearna|spa|1
|
|
|switch|p1a: Goodra|Goodra-Hisui, M|100/100
|turn|12
|
|-terastallize|p1a: Goodra|Steel
|move|p2a: Magearna|Stored Power|p1a: Goodra
|-resisted|p1a: Goodra
|-damage|p1a: Goodra|0 fnt
|faint|p1a: Goodra
|
|
|switch|p1a: Samurott|Samurott-Hisui, M|100/100
|turn|13
|
|move|p2a: Magearna|Draining Kiss|p1a: Samurott
|-supereffective|p1a: Samurott
|-damage|p1a: Samurott|0 fnt
|faint|p1a: Samurott
|
|
|switch|p1a: Decidueye|Decidueye-Hisui, M|100/100
|turn|14
|
|move|p2a: Magearna|Stored Power|p1a: Decidueye
|-supereffective|p1a: Decidueye
|-damage|p1a: Decidueye|0 fnt
|faint|p1a: Decidueye
|
|win|p2
