|poke|p1|Ursaluna, M|
|poke|p1|Grimmsnarl, M|
|poke|p1|Decidueye-Hisui, F|
|poke|p1|Kleavor, F|
|poke|p1|Sneasler, M|
|poke|p1|Lilligant-Hisui, F|
|poke|p2|Amoonguss, F|
|poke|p2|Toxapex, F|
|poke|p2|Tornadus-Therian, M|
|poke|p2|Cyclizar, M|
|poke|p2|Klawf, M|
|poke|p2|Alomomola, F|
|teampreview
|
|start
|switch|p1a: Kleavor|Kleavor, F|100/100
|switch|p2a: Amoonguss|Amoonguss, F|100/100
|turn|1
|
|move|p1a: Kleavor|Stone Axe|p2a: Amoonguss
|-damage|p2a: Amoonguss|50/100
|-sidestart|p2: p2|move: Stealth Rock
|move|p2a: Amoonguss|Spore|p1a: Kleavor
|-status|p1a: Kleavor|slp|[from] move: Spore
|
|-heal|p2a: Amoonguss|56/100|[from] item: Leftovers
|turn|2
|
|switch|p1a: Lilligant|Lilligant-Hisui, F|100/100
|move|p2a: Amoonguss|Growth|p2a: Amoonguss
|-boost|p2a: Amoonguss|atk|1
|-boost|p2a: Amoonguss|spa|1
|
|-heal|p2a: Amoonguss|62/100|[from] item: Leftovers
|turn|3
|
|move|p1a: Lilligant|Ice Spinner|p2a: Amoonguss
|-supereffective|p2a: Amoonguss
|-damage|p2a: Amoonguss|0 fnt
|faint|p2a: Amoonguss
|
|
|switch|p2a: Tornadus|Tornadus-Therian, M|100/100
|-damage|p2a: Tornadus|76/100|[from] Stealth Rock
|turn|4
|
|switch|p1a: Grimmsnarl|Grimmsnarl, M|100/100
|move|p2a: Tornadus|Hurricane|p1a: Grimmsnarl
|-damage|p1a: Grimmsnarl|65/100
|
|turn|5
|
|move|p1a: Grimmsnarl|Light Screen|p1a: Grimmsnarl
|-sidestart|p1: p1|move: Light Screen
|move|p2a: Tornadus|Hurricane|p1a: Grimmsnarl|[miss]
|-miss|p2a: Tornadus|p1a: Grimmsnarl
|
|turn|6
|-message|p2 forfeited.
|
|win|p1
