|poke|p1|Dragapult, M|
|poke|p1|Kingambit, M|
|poke|p1|Gholdengo|
|poke|p1|Iron Valiant|
|poke|p1|Rotom-Wash|
|poke|p1|Garchomp, M|
|poke|p2|Pawmot, M|
|poke|p2|Floatzel, F|
|poke|p2|Pelipper, F|
|poke|p2|Basculegion, M|
|poke|p2|Thundurus-Therian, M|
|poke|p2|Toedscruel, M|
|teampreview
|
|start
|switch|p1a: Zangetsu|Garchomp, M, shiny|100/100
|switch|p2a: Toedscruel|Toedscruel, M|100/100
|turn|1
|
|move|p1a: Zangetsu|Fire Blast|p2a: Toedscruel
|-supereffective|p2a: Toedscruel
|-damage|p2a: Toedscruel|58/100
|-status|p2a: Toedscruel|brn
|-damage|p1a: Zangetsu|91/100|[from] item: Life Orb
|move|p2a: Toedscruel|Spore|p1a: Zangetsu
|-status|p1a: Zangetsu|slp|[from] move: Spore
|
|-damage|p2a: Toedscruel|52/100 brn|[from] brn
|turn|2
|
|cant|p1a: Zangetsu|slp
|move|p2a: Toedscruel|Leaf Storm|p1a: Zangetsu
|-damage|p1a: Zangetsu|45/100 slp
|-unboost|p2a: Toedscruel|spa|2
|-enditem|p2a: Toedscruel|Eject Pack
|
|switch|p2a: Pelipper|Pelipper, F|100/100
|-weather|RainDance|[from] ability: Drizzle|[of] p2a: Pelipper
|
|-weather|RainDance|[upkeep]
|turn|3
|
|cant|p1a: Zangetsu|slp
|move|p2a: Pelipper|Hurricane|p1a: Zangetsu
|-damage|p1a: Zangetsu|0 fnt
|faint|p1a: Zangetsu
|
|-weather|RainDance|[upkeep]
|
|switch|p1a: Phantom|Rotom-Wash, shiny|100/100
|turn|4
|
|switch|p1a: Leviathan|Dragapult, M, shiny|100/100
|switch|p2a: Toedscruel|Toedscruel, M|52/100 brn
|
|-weather|RainDance|[upkeep]
|-damage|p2a: Toedscruel|46/100 brn|[from] brn
|turn|5
|
|move|p1a: Leviathan|Dragon Darts|p2a: Toedscruel
|-damage|p2a: Toedscruel|0 fnt
|faint|p2a: Toedscruel
|
|-weather|RainDance|[upkeep]
|
|switch|p2a: Basculegion|Basculegion, M|100/100
|turn|6
|
|switch|p1a: Phantom|Rotom-Wash, shiny|100/100
|-terastallize|p2a: Basculegion|Water
|move|p2a: Basculegion|Wave Crash|p1a: Phantom
|-resisted|p1a: Phantom
|-damage|p1a: Phantom|0 fnt
|faint|p1a: Phantom
|-damage|p2a: Basculegion|80/100|[from] Recoil
|
|-weather|RainDance|[upkeep]
|
|switch|p1a: Overgod|Kingambit, M, shiny|100/100
|-activate|p1a: Overgod|ability: Supreme Overlord
|-start|p1a: Overgod|fallen2|[silent]
|turn|7
|
|switch|p2a: Floatzel|Floatzel, F|100/100
|move|p1a: Overgod|Kowtow Cleave|p2a: Floatzel
|-damage|p2a: Floatzel|0 fnt
|faint|p2a: Floatzel
|
|-weather|RainDance|[upkeep]
|
|switch|p2a: Basculegion|Basculegion, M, tera:Water|80/100
|turn|8
|
|move|p2a: Basculegion|Aqua Jet|p1a: Overgod
|-damage|p1a: Overgod|44/100
|move|p1a: Overgod|Sucker Punch||[still]
|-fail|p1a: Overgod
|
|-weather|RainDance|[upkeep]
|turn|9
|
|move|p2a: Basculegion|Aqua Jet|p1a: Overgod
|-damage|p1a: Overgod|0 fnt
|faint|p1a: Overgod
|-end|p1a: Overgod|fallen2|[silent]
|
|-weather|none
|
|switch|p1a: Spirit Rush|Gholdengo|100/100
|turn|10
|
|switch|p2a: Pelipper|Pelipper, F|100/100
|-weather|RainDance|[from] ability: Drizzle|[of] p2a: Pelipper
|move|p1a: Spirit Rush|Shadow Ball|p2a: Pelipper
|-damage|p2a: Pelipper|5/100
|
|-weather|RainDance|[upkeep]
|turn|11
|
|move|p1a: Spirit Rush|Shadow Ball|p2a: Pelipper
|-damage|p2a: Pelipper|0 fnt
|faint|p2a: Pelipper
|
|-weather|RainDance|[upkeep]
|
|switch|p2a: Basculegion|Basculegion, M, tera:Water|80/100
|turn|12
|
|move|p2a: Basculegion|Wave Crash|p1a: Spirit Rush
|-damage|p1a: Spirit Rush|0 fnt
|faint|p1a: Spirit Rush
|-damage|p2a: Basculegion|52/100|[from] Recoil
|
|-weather|RainDance|[upkeep]
|
|switch|p1a: Calamity|Iron Valiant, shiny|100/100
|-enditem|p1a: Calamity|Booster Energy
|-activate|p1a: Calamity|ability: Quark Drive|[fromitem]
|-start|p1a: Calamity|quarkdrivespe
|turn|13
|
|move|p1a: Calamity|Spirit Break|p2a: Basculegion
|-damage|p2a: Basculegion|5/100
|-unboost|p2a: Basculegion|spa|1
|move|p2a: Basculegion|Wave Crash|p1a: Calamity
|-damage|p1a: Calamity|0 fnt
|faint|p1a: Calamity
|-end|p1a: Calamity|Quark Drive|[silent]
|-damage|p2a: Basculegion|0 fnt|[from] Recoil
|faint|p2a: Basculegion
|
|-weather|RainDance|[upkeep]
|
|switch|p1a: Leviathan|Dragapult, M, shiny|100/100
|switch|p2a: Pawmot|Pawmot, M|100/100
|turn|14
|
|-terastallize|p1a: Leviathan|Ghost
|move|p1a: Leviathan|Dragon Darts|p2a: Pawmot
|-damage|p2a: Pawmot|44/100
|-anim|p1a: Leviathan|Dragon Darts|p2a: Pawmot
|-damage|p2a: Pawmot|0 fnt
|faint|p2a: Pawmot
|
|-weather|RainDance|[upkeep]
|
|switch|p2a: Thundurus|Thundurus-Therian, M|100/100
|turn|15
|
|move|p1a: Leviathan|Dragon Darts|p2a: Thundurus
|-damage|p2a: Thundurus|39/100
|-anim|p1a: Leviathan|Dragon Darts|p2a: Thundurus
|-damage|p2a: Thundurus|0 fnt
|faint|p2a: Thundurus
|
|win|MKE SAWSBUCKS
