# advantage = p2
|poke|p1|Enamorus, F|
|poke|p1|Ursaluna, M|
|poke|p1|Slither Wing|
|poke|p1|Slowking-Galar, M|
|poke|p1|Corviknight, M|
|poke|p1|Baxcalibur, F|
|poke|p2|Magearna|
|poke|p2|Gholdengo|
|poke|p2|Garganacl, F|
|poke|p2|Urshifu-*, M|
|poke|p2|Volcarona, M|
|poke|p2|Landorus-Therian, M|
|teampreview
|
|start
|switch|p1a: Baxcalibur|Baxcalibur, F|100/100
|switch|p2a: Magearna|Magearna|100/100
|turn|1
|
|move|p1a: Baxcalibur|Earthquake|p2a: Magearna
|-supereffective|p2a: Magearna
|-damage|p2a: Magearna|26/100
|move|p2a: Magearna|Fleur Cannon|p1a: Baxcalibur|[miss]
|-miss|p2a: Magearna|p1a: Baxcalibur
|
|-heal|p2a: Magearna|32/100|[from] item: Leftovers
|turn|2
|
|switch|p1a: Enamorus|Enamorus, F|100/100
|switch|p2a: Gholdengo|Gholdengo|100/100
|-item|p2a: Gholdengo|Air Balloon
|
|turn|3
|
|-terastallize|p1a: Enamorus|Fire
|move|p1a: Enamorus|Mystical Fire|p2a: Gholdengo
|-supereffective|p2a: Gholdengo
|-damage|p2a: Gholdengo|21/100
|-unboost|p2a: Gholdengo|spa|1
|-enditem|p2a: Gholdengo|Air Balloon
|move|p2a: Gholdengo|Thunder Wave|p1a: Enamorus
|-status|p1a: Enamorus|par
|
|turn|4
|
|move|p1a: Enamorus|Mystical Fire|p2a: Gholdengo
|-supereffective|p2a: Gholdengo
|-damage|p2a: Gholdengo|0 fnt
|faint|p2a: Gholdengo
|
|
|switch|p2a: Magearna|Magearna|32/100
|turn|5
|
|cant|p1a: Enamorus|par
|move|p2a: Magearna|Pain Split|p1a: Enamorus
|-sethp|p1a: Enamorus|70/100 par|[from] move: Pain Split|[silent]
|-sethp|p2a: Magearna|56/100|[from] move: Pain Split
|
|-heal|p2a: Magearna|62/100|[from] item: Leftovers
|turn|6
|
|switch|p2a: Urshifu|Urshifu-Rapid-Strike, M|100/100
|move|p1a: Enamorus|Mystical Fire|p2a: Urshifu
|-resisted|p2a: Urshifu
|-damage|p2a: Urshifu|72/100
|-unboost|p2a: Urshifu|spa|1
|
|turn|7
|
|switch|p1a: Corviknight|Corviknight, M|100/100
|-ability|p1a: Corviknight|Pressure
|move|p2a: Urshifu|Surging Strikes|p1a: Corviknight
|-crit|p1a: Corviknight
|-damage|p1a: Corviknight|84/100
|-damage|p2a: Urshifu|56/100|[from] item: Rocky Helmet|[of] p1a: Corviknight
|-crit|p1a: Corviknight
|-damage|p1a: Corviknight|67/100
|-damage|p2a: Urshifu|40/100|[from] item: Rocky Helmet|[of] p1a: Corviknight
|-crit|p1a: Corviknight
|-damage|p1a: Corviknight|48/100
|-damage|p2a: Urshifu|23/100|[from] item: Rocky Helmet|[of] p1a: Corviknight
|-hitcount|p1a: Corviknight|3
|
|turn|8
|
|switch|p2a: Volcarona|Volcarona, M|100/100
|move|p1a: Corviknight|Roost|p1a: Corviknight
|-heal|p1a: Corviknight|98/100
|-singleturn|p1a: Corviknight|move: Roost
|
|turn|9
|
|move|p2a: Volcarona|Will-O-Wisp|p1a: Corviknight|[miss]
|-miss|p2a: Volcarona|p1a: Corviknight
|move|p1a: Corviknight|Brave Bird|p2a: Volcarona
|-supereffective|p2a: Volcarona
|-damage|p2a: Volcarona|23/100
|-damage|p1a: Corviknight|74/100|[from] Recoil
|
|turn|10
|
|switch|p2a: Landorus|Landorus-Therian, M|100/100
|-ability|p2a: Landorus|Intimidate|boost
|-unboost|p1a: Corviknight|atk|1
|switch|p1a: Baxcalibur|Baxcalibur, F|100/100
|
|turn|11
|
|switch|p2a: Garganacl|Garganacl, F|100/100
|move|p1a: Baxcalibur|Icicle Crash|p2a: Garganacl
|-damage|p2a: Garganacl|62/100
|
|-heal|p2a: Garganacl|69/100|[from] item: Leftovers
|turn|12
|
|switch|p1a: Ursaluna|Ursaluna, M, shiny|100/100
|move|p2a: Garganacl|Salt Cure|p1a: Ursaluna
|-resisted|p1a: Ursaluna
|-damage|p1a: Ursaluna|96/100
|-start|p1a: Ursaluna|Salt Cure
|
|-heal|p2a: Garganacl|75/100|[from] item: Leftovers
|-damage|p1a: Ursaluna|83/100|[from] Salt Cure
|-status|p1a: Ursaluna|brn|[from] item: Flame Orb
|turn|13
|
|switch|p1a: Slowking|Slowking-Galar, M|100/100
|switch|p2a: Landorus|Landorus-Therian, M|100/100
|-ability|p2a: Landorus|Intimidate|boost
|-unboost|p1a: Slowking|atk|1
|
|turn|14
|
|switch|p1a: Slither Wing|Slither Wing, shiny|100/100
|move|p2a: Landorus|Stealth Rock|p1a: Slither Wing
|-sidestart|p1: p1|move: Stealth Rock
|
|turn|15
|
|switch|p2a: Garganacl|Garganacl, F|75/100
|move|p1a: Slither Wing|U-turn|p2a: Garganacl
|-damage|p2a: Garganacl|57/100
|
|-end|p1a: Slither Wing|Protosynthesis|[silent]
|switch|p1a: Ursaluna|Ursaluna, M, shiny|83/100 brn|[from] U-turn
|-damage|p1a: Ursaluna|77/100 brn|[from] Stealth Rock
|
|-heal|p2a: Garganacl|64/100|[from] item: Leftovers
|-damage|p1a: Ursaluna|71/100 brn|[from] brn
|turn|16
|
|move|p1a: Ursaluna|Facade|p2a: Garganacl
|-resisted|p2a: Garganacl
|-damage|p2a: Garganacl|31/100
|move|p2a: Garganacl|Salt Cure|p1a: Ursaluna
|-resisted|p1a: Ursaluna
|-crit|p1a: Ursaluna
|-damage|p1a: Ursaluna|63/100 brn
|-start|p1a: Ursaluna|Salt Cure
|
|-heal|p2a: Garganacl|38/100|[from] item: Leftovers
|-damage|p1a: Ursaluna|57/100 brn|[from] brn
|-damage|p1a: Ursaluna|45/100 brn|[from] Salt Cure
|turn|17
|
|switch|p2a: Landorus|Landorus-Therian, M|100/100
|-ability|p2a: Landorus|Intimidate|boost
|-unboost|p1a: Ursaluna|atk|1
|move|p1a: Ursaluna|Headlong Rush|p2a: Landorus
|-immune|p2a: Landorus
|
|-damage|p1a: Ursaluna|39/100 brn|[from] brn
|-damage|p1a: Ursaluna|27/100 brn|[from] Salt Cure
|turn|18
|
|switch|p2a: Urshifu|Urshifu-Rapid-Strike, M|23/100
|switch|p1a: Corviknight|Corviknight, M|74/100
|-damage|p1a: Corviknight|62/100|[from] Stealth Rock
|-ability|p1a: Corviknight|Pressure
|
|turn|19
|
|switch|p2a: Garganacl|Garganacl, F|38/100
|move|p1a: Corviknight|Defog|p2a: Garganacl
|-unboost|p2a: Garganacl|evasion|1
|-sideend|p1: p1|Stealth Rock|[from] move: Defog|[of] p1a: Corviknight
|
|-heal|p2a: Garganacl|44/100|[from] item: Leftovers
|turn|20
|
|move|p1a: Corviknight|Body Press|p2a: Garganacl
|-supereffective|p2a: Garganacl
|-damage|p2a: Garganacl|17/100
|move|p2a: Garganacl|Recover|p2a: Garganacl
|-heal|p2a: Garganacl|67/100
|
|-heal|p2a: Garganacl|73/100|[from] item: Leftovers
|turn|21
|
|switch|p1a: Slowking|Slowking-Galar, M|100/100
|move|p2a: Garganacl|Salt Cure|p1a: Slowking
|-damage|p1a: Slowking|85/100
|-start|p1a: Slowking|Salt Cure
|
|-heal|p2a: Garganacl|79/100|[from] item: Leftovers
|-damage|p1a: Slowking|73/100|[from] Salt Cure
|turn|22
|
|move|p2a: Garganacl|Curse|p2a: Garganacl
|-unboost|p2a: Garganacl|spe|1
|-boost|p2a: Garganacl|atk|1
|-boost|p2a: Garganacl|def|1
|move|p1a: Slowking|Future Sight|p2a: Garganacl
|-start|p1a: Slowking|move: Future Sight
|
|-heal|p2a: Garganacl|85/100|[from] item: Leftovers
|-damage|p1a: Slowking|60/100|[from] Salt Cure
|turn|23
|
|switch|p1a: Enamorus|Enamorus, F, tera:Fire|70/100 par
|move|p2a: Garganacl|Earthquake|p1a: Enamorus
|-supereffective|p1a: Enamorus
|-damage|p1a: Enamorus|0 fnt
|faint|p1a: Enamorus
|
|-heal|p2a: Garganacl|91/100|[from] item: Leftovers
|
|switch|p1a: Ursaluna|Ursaluna, M, shiny|27/100 brn
|turn|24
|
|move|p1a: Ursaluna|Headlong Rush|p2a: Garganacl
|-supereffective|p2a: Garganacl
|-damage|p2a: Garganacl|20/100
|-unboost|p1a: Ursaluna|def|1
|-unboost|p1a: Ursaluna|spd|1
|move|p2a: Garganacl|Recover|p2a: Garganacl
|-heal|p2a: Garganacl|70/100
|
|-end|p2a: Garganacl|move: Future Sight
|-damage|p2a: Garganacl|26/100
|-heal|p2a: Garganacl|33/100|[from] item: Leftovers
|-damage|p1a: Ursaluna|21/100 brn|[from] brn
|turn|25
|
|switch|p2a: Landorus|Landorus-Therian, M|100/100
|-ability|p2a: Landorus|Intimidate|boost
|-unboost|p1a: Ursaluna|atk|1
|move|p1a: Ursaluna|Facade|p2a: Landorus
|-damage|p2a: Landorus|43/100
|-damage|p1a: Ursaluna|4/100 brn|[from] item: Rocky Helmet|[of] p2a: Landorus
|
|-damage|p1a: Ursaluna|0 fnt|[from] brn
|faint|p1a: Ursaluna
|
|switch|p1a: Baxcalibur|Baxcalibur, F|100/100
|turn|26
|
|switch|p2a: Urshifu|Urshifu-Rapid-Strike, M|23/100
|move|p1a: Baxcalibur|Earthquake|p2a: Urshifu
|-damage|p2a: Urshifu|0 fnt
|faint|p2a: Urshifu
|
|
|switch|p2a: Magearna|Magearna|62/100
|turn|27
|
|-terastallize|p2a: Magearna|Ghost
|move|p1a: Baxcalibur|Earthquake|p2a: Magearna
|-damage|p2a: Magearna|21/100
|move|p2a: Magearna|Pain Split|p1a: Baxcalibur
|-sethp|p1a: Baxcalibur|60/100|[from] move: Pain Split|[silent]
|-sethp|p2a: Magearna|61/100|[from] move: Pain Split
|
|-heal|p2a: Magearna|68/100|[from] item: Leftovers
|turn|28
|
|switch|p1a: Slowking|Slowking-Galar, M|93/100
|move|p2a: Magearna|Fleur Cannon|p1a: Slowking
|-resisted|p1a: Slowking
|-damage|p1a: Slowking|80/100
|-unboost|p2a: Magearna|spa|2
|
|-heal|p2a: Magearna|74/100|[from] item: Leftovers
|turn|29
|
|switch|p1a: Baxcalibur|Baxcalibur, F|60/100
|move|p2a: Magearna|Spikes|p1a: Baxcalibur
|-sidestart|p1: p1|Spikes
|
|-heal|p2a: Magearna|80/100|[from] item: Leftovers
|turn|30
|
|move|p1a: Baxcalibur|Glaive Rush|p2a: Magearna
|-damage|p2a: Magearna|11/100
|-singlemove|p1a: Baxcalibur|Glaive Rush|[silent]
|move|p2a: Magearna|Fleur Cannon|p1a: Baxcalibur
|-supereffective|p1a: Baxcalibur
|-damage|p1a: Baxcalibur|0 fnt
|-unboost|p2a: Magearna|spa|2
|faint|p1a: Baxcalibur
|-ability|p2a: Magearna|Soul-Heart|boost
|-boost|p2a: Magearna|spa|1
|
|-heal|p2a: Magearna|17/100|[from] item: Leftovers
|
|switch|p1a: Slowking|Slowking-Galar, M|100/100
|-damage|p1a: Slowking|88/100|[from] Spikes
|turn|31
|
|switch|p2a: Landorus|Landorus-Therian, M|43/100
|-ability|p2a: Landorus|Intimidate|boost
|-unboost|p1a: Slowking|atk|1
|move|p1a: Slowking|Psyshock|p2a: Landorus
|-damage|p2a: Landorus|20/100
|
|turn|32
|
|switch|p1a: Corviknight|Corviknight, M|62/100
|-ability|p1a: Corviknight|Pressure
|move|p2a: Landorus|Stealth Rock|p1a: Corviknight
|-sidestart|p1: p1|move: Stealth Rock
|
|turn|33
|
|move|p2a: Landorus|Taunt|p1a: Corviknight
|-start|p1a: Corviknight|move: Taunt
|move|p1a: Corviknight|Body Press|p2a: Landorus
|-resisted|p2a: Landorus
|-damage|p2a: Landorus|11/100
|-damage|p1a: Corviknight|45/100|[from] item: Rocky Helmet|[of] p2a: Landorus
|
|turn|34
|-message|p1 forfeited.
|
|win|p2
