# advantage = p1
|poke|p1|Slowking, M|
|poke|p1|Greninja, M|
|poke|p1|Clodsire, F|
|poke|p1|Corviknight, F|
|poke|p1|Volcarona, F|
|poke|p1|Gholdengo|
|poke|p2|Chien-Pao|
|poke|p2|Gholdengo|
|poke|p2|Tyranitar, F|
|poke|p2|Quaquaval, F|
|poke|p2|Amoonguss, F|
|poke|p2|Iron Treads|
|teampreview
|
|start
|switch|p1a: Blud|Slowking, M, shiny|100/100
|switch|p2a: Iron Treads|Iron Treads|100/100
|turn|1
|
|move|p2a: Iron Treads|Stealth Rock|p1a: Blud
|-sidestart|p1: p1|move: Stealth Rock
|move|p1a: Blud|Surf|p2a: Iron Treads
|-supereffective|p2a: Iron Treads
|-damage|p2a: Iron Treads|25/100
|
|-heal|p2a: Iron Treads|31/100|[from] item: Leftovers
|turn|2
|
|-terastallize|p2a: Iron Treads|Ground
|move|p2a: Iron Treads|Heavy Slam|p1a: Blud
|-resisted|p1a: Blud
|-damage|p1a: Blud|85/100
|move|p1a: Blud|Future Sight|p2a: Iron Treads
|-start|p1a: Blud|move: Future Sight
|
|-heal|p2a: Iron Treads|37/100|[from] item: Leftovers
|turn|3
|
|move|p2a: Iron Treads|Earthquake|p1a: Blud
|-damage|p1a: Blud|29/100
|move|p1a: Blud|Surf|p2a: Iron Treads
|-supereffective|p2a: Iron Treads
|-damage|p2a: Iron Treads|0 fnt
|faint|p2a: Iron Treads
|-end|p2a: Iron Treads|Quark Drive|[silent]
|
|
|switch|p2a: Gholdengo|Gholdengo|100/100
|turn|4
|
|switch|p1a: Bread👍|Clodsire, F|100/100
|-damage|p1a: Bread👍|94/100|[from] Stealth Rock
|move|p2a: Gholdengo|Nasty Plot|p2a: Gholdengo
|-boost|p2a: Gholdengo|spa|2
|
|-end|p2a: Gholdengo|move: Future Sight
|-resisted|p2a: Gholdengo
|-damage|p2a: Gholdengo|79/100
|-heal|p2a: Gholdengo|85/100|[from] item: Leftovers
|-heal|p1a: Bread👍|100/100|[from] item: Black Sludge
|turn|5
|
|move|p2a: Gholdengo|Nasty Plot|p2a: Gholdengo
|-boost|p2a: Gholdengo|spa|2
|move|p1a: Bread👍|Earthquake|p2a: Gholdengo
|-supereffective|p2a: Gholdengo
|-damage|p2a: Gholdengo|31/100
|
|-heal|p2a: Gholdengo|37/100|[from] item: Leftovers
|turn|6
|
|move|p2a: Gholdengo|Make It Rain|p1a: Bread👍
|-damage|p1a: Bread👍|0 fnt
|-unboost|p2a: Gholdengo|spa|1
|faint|p1a: Bread👍
|
|-heal|p2a: Gholdengo|43/100|[from] item: Leftovers
|
|switch|p1a: Tanjiro|Volcarona, F|100/100
|turn|7
|
|move|p1a: Tanjiro|Fiery Dance|p2a: Gholdengo
|-supereffective|p2a: Gholdengo
|-damage|p2a: Gholdengo|0 fnt
|faint|p2a: Gholdengo
|
|
|switch|p2a: Amoonguss|Amoonguss, F|100/100
|turn|8
|
|switch|p1a: Cheese|Gholdengo|100/100
|-damage|p1a: Cheese|94/100|[from] Stealth Rock
|switch|p2a: Chien-Pao|Chien-Pao|100/100
|-ability|p2a: Chien-Pao|Sword of Ruin
|
|turn|9
|
|switch|p1a: Borb|Corviknight, F|100/100
|-damage|p1a: Borb|88/100|[from] Stealth Rock
|-ability|p1a: Borb|Pressure
|move|p2a: Chien-Pao|Sacred Sword|p1a: Borb
|-damage|p1a: Borb|65/100
|-damage|p2a: Chien-Pao|84/100|[from] item: Rocky Helmet|[of] p1a: Borb
|
|turn|10
|
|move|p2a: Chien-Pao|Ice Spinner|p1a: Borb
|-damage|p1a: Borb|36/100
|-damage|p2a: Chien-Pao|67/100|[from] item: Rocky Helmet|[of] p1a: Borb
|move|p1a: Borb|Roost|p1a: Borb
|-heal|p1a: Borb|86/100
|-singleturn|p1a: Borb|move: Roost
|
|turn|11
|
|move|p2a: Chien-Pao|Sucker Punch|p1a: Borb
|-damage|p1a: Borb|58/100
|-damage|p2a: Chien-Pao|51/100|[from] item: Rocky Helmet|[of] p1a: Borb
|move|p1a: Borb|U-turn|p2a: Chien-Pao
|-supereffective|p2a: Chien-Pao
|-damage|p2a: Chien-Pao|9/100
|
|switch|p1a: THE GOAT|Greninja, M|100/100|[from] U-turn
|-damage|p1a: THE GOAT|88/100|[from] Stealth Rock
|
|turn|12
|-message|p2 forfeited.
|
|win|p1
|player|p1|p1|iono
