|poke|p1|Zapdos-Galar|
|poke|p1|Chien-Pao|
|poke|p1|Iron Treads|
|poke|p1|Gholdengo|
|poke|p1|Magearna|
|poke|p1|Garchomp, M|
|poke|p2|Chien-Pao|
|poke|p2|Samurott-Hisui, F|
|poke|p2|Gholdengo|
|poke|p2|Sneasler, M|
|poke|p2|Enamorus-Therian, F|
|poke|p2|Great Tusk|
|teampreview
|
|start
|switch|p1a: Iron Treads|Iron Treads|100/100
|switch|p2a: Samurott|Samurott-Hisui, F|100/100
|turn|1
|
|move|p1a: Iron Treads|Stealth Rock|p2a: Samurott
|-sidestart|p2: agt dale cooper|move: Stealth Rock
|move|p2a: Samurott|Razor Shell|p1a: Iron Treads
|-supereffective|p1a: Iron Treads
|-damage|p1a: Iron Treads|0 fnt
|-damage|p2a: Samurott|84/100|[from] item: Rocky Helmet|[of] p1a: Iron Treads
|faint|p1a: Iron Treads
|-end|p1a: Iron Treads|Quark Drive|[silent]
|
|
|switch|p1a: Mega Weavile|Chien-Pao|100/100
|-ability|p1a: Mega Weavile|Sword of Ruin
|turn|2
|
|switch|p2a: Gholdengo|Gholdengo|100/100
|-damage|p2a: Gholdengo|94/100|[from] Stealth Rock
|move|p1a: Mega Weavile|Sacred Sword|p2a: Gholdengo
|-immune|p2a: Gholdengo
|
|-heal|p2a: Gholdengo|100/100|[from] item: Leftovers
|turn|3
|
|switch|p1a: Gholdengo|Gholdengo|100/100
|-item|p1a: Gholdengo|Air Balloon
|move|p2a: Gholdengo|Shadow Ball|p1a: Gholdengo
|-supereffective|p1a: Gholdengo
|-damage|p1a: Gholdengo|0 fnt
|-enditem|p1a: Gholdengo|Air Balloon
|faint|p1a: Gholdengo
|
|
|switch|p1a: Hammerhead|Garchomp, M|100/100
|turn|4
|
|switch|p2a: Enamorus|Enamorus-Therian, F|100/100
|-damage|p2a: Enamorus|75/100|[from] Stealth Rock
|move|p1a: Hammerhead|Swords Dance|p1a: Hammerhead
|-boost|p1a: Hammerhead|atk|2
|
|turn|5
|
|move|p1a: Hammerhead|Fire Fang|p2a: Enamorus
|-damage|p2a: Enamorus|38/100
|move|p2a: Enamorus|Draining Kiss|p1a: Hammerhead
|-supereffective|p1a: Hammerhead
|-damage|p1a: Hammerhead|48/100
|-heal|p2a: Enamorus|78/100|[from] drain|[of] p1a: Hammerhead
|-damage|p2a: Enamorus|65/100|[from] ability: Rough Skin|[of] p1a: Hammerhead
|-damage|p2a: Enamorus|49/100|[from] item: Rocky Helmet|[of] p1a: Hammerhead
|
|turn|6
|
|-terastallize|p1a: Hammerhead|Fire
|move|p1a: Hammerhead|Fire Fang|p2a: Enamorus
|-damage|p2a: Enamorus|0 fnt
|faint|p2a: Enamorus
|
|
|switch|p2a: Sneasler|Sneasler, M|100/100
|-damage|p2a: Sneasler|95/100|[from] Stealth Rock
|turn|7
|
|switch|p1a: Mage of the Rage|Magearna|100/100
|move|p2a: Sneasler|Close Combat|p1a: Mage of the Rage
|-damage|p1a: Mage of the Rage|17/100
|-unboost|p2a: Sneasler|def|1
|-unboost|p2a: Sneasler|spd|1
|
|-heal|p1a: Mage of the Rage|23/100|[from] item: Leftovers
|turn|8
|
|move|p2a: Sneasler|Close Combat|p1a: Mage of the Rage
|-damage|p1a: Mage of the Rage|0 fnt
|-unboost|p2a: Sneasler|def|1
|-unboost|p2a: Sneasler|spd|1
|faint|p1a: Mage of the Rage
|
|
|switch|p1a: Mega Weavile|Chien-Pao|100/100
|-ability|p1a: Mega Weavile|Sword of Ruin
|turn|9
|
|switch|p2a: Gholdengo|Gholdengo|100/100
|-damage|p2a: Gholdengo|94/100|[from] Stealth Rock
|move|p1a: Mega Weavile|Ice Spinner|p2a: Gholdengo
|-resisted|p2a: Gholdengo
|-damage|p2a: Gholdengo|69/100
|
|-heal|p2a: Gholdengo|75/100|[from] item: Leftovers
|turn|10
|
|move|p1a: Mega Weavile|Sucker Punch||[still]
|-fail|p1a: Mega Weavile
|move|p2a: Gholdengo|Recover|p2a: Gholdengo
|-heal|p2a: Gholdengo|100/100
|
|turn|11
|
|move|p1a: Mega Weavile|Swords Dance|p1a: Mega Weavile
|-boost|p1a: Mega Weavile|atk|2
|move|p2a: Gholdengo|Nasty Plot|p2a: Gholdengo
|-boost|p2a: Gholdengo|spa|2
|
|turn|12
|
|-terastallize|p2a: Gholdengo|Flying
|move|p1a: Mega Weavile|Sucker Punch|p2a: Gholdengo
|-damage|p2a: Gholdengo|7/100
|move|p2a: Gholdengo|Make It Rain|p1a: Mega Weavile
|-supereffective|p1a: Mega Weavile
|-enditem|p1a: Mega Weavile|Focus Sash
|-damage|p1a: Mega Weavile|1/100
|-unboost|p2a: Gholdengo|spa|1
|
|-heal|p2a: Gholdengo|13/100|[from] item: Leftovers
|turn|13
|
|move|p1a: Mega Weavile|Ice Spinner|p2a: Gholdengo
|-supereffective|p2a: Gholdengo
|-damage|p2a: Gholdengo|0 fnt
|faint|p2a: Gholdengo
|
|
|switch|p2a: Samurott|Samurott-Hisui, F|84/100
|-damage|p2a: Samurott|72/100|[from] Stealth Rock
|turn|14
|
|move|p1a: Mega Weavile|Sucker Punch|p2a: Samurott
|-resisted|p2a: Samurott
|-damage|p2a: Samurott|24/100
|move|p2a: Samurott|Sucker Punch||[still]
|-fail|p2a: Samurott
|
|turn|15
|
|switch|p2a: Great Tusk|Great Tusk|100/100
|-damage|p2a: Great Tusk|97/100|[from] Stealth Rock
|move|p1a: Mega Weavile|Sucker Punch||[still]
|-fail|p1a: Mega Weavile
|
|-heal|p2a: Great Tusk|100/100|[from] item: Leftovers
|turn|16
|
|move|p1a: Mega Weavile|Ice Spinner|p2a: Great Tusk
|-supereffective|p2a: Great Tusk
|-damage|p2a: Great Tusk|0 fnt
|faint|p2a: Great Tusk
|-end|p2a: Great Tusk|Protosynthesis|[silent]
|
|
|switch|p2a: Chien-Pao|Chien-Pao|100/100
|-damage|p2a: Chien-Pao|76/100|[from] Stealth Rock
|-ability|p2a: Chien-Pao|Sword of Ruin
|turn|17
|
|move|p1a: Mega Weavile|Sucker Punch|p2a: Chien-Pao
|-resisted|p2a: Chien-Pao
|-damage|p2a: Chien-Pao|25/100
|move|p2a: Chien-Pao|Ice Shard|p1a: Mega Weavile
|-resisted|p1a: Mega Weavile
|-damage|p1a: Mega Weavile|0 fnt
|faint|p1a: Mega Weavile
|
|
|switch|p1a: Chicken|Zapdos-Galar|100/100
|turn|18
|
|move|p2a: Chien-Pao|Ice Shard|p1a: Chicken
|-supereffective|p1a: Chicken
|-damage|p1a: Chicken|0 fnt
|faint|p1a: Chicken
|
|
|switch|p1a: Hammerhead|Garchomp, M, tera:Fire|48/100
|turn|19
|
|move|p2a: Chien-Pao|Ice Shard|p1a: Hammerhead
|-resisted|p1a: Hammerhead
|-damage|p1a: Hammerhead|26/100
|move|p1a: Hammerhead|Earthquake|p2a: Chien-Pao
|-damage|p2a: Chien-Pao|0 fnt
|faint|p2a: Chien-Pao
|
|
|switch|p2a: Sneasler|Sneasler, M|95/100
|-damage|p2a: Sneasler|89/100|[from] Stealth Rock
|turn|20
|
|move|p2a: Sneasler|Close Combat|p1a: Hammerhead
|-damage|p1a: Hammerhead|0 fnt
|-unboost|p2a: Sneasler|def|1
|-unboost|p2a: Sneasler|spd|1
|-damage|p2a: Sneasler|76/100|[from] ability: Rough Skin|[of] p1a: Hammerhead
|-damage|p2a: Sneasler|60/100|[from] item: Rocky Helmet|[of] p1a: Hammerhead
|faint|p1a: Hammerhead
|
|win|agt dale cooper
|player|p1|sumofsquares|grimsley
