# advantage = p2
|poke|p1|Decidueye-Hisui, F|
|poke|p1|Baxcalibur, F|
|poke|p1|Gholdengo|
|poke|p1|Urshifu-*, M|
|poke|p1|Landorus-Therian, M|
|poke|p1|Arcanine-Hisui, M|
|poke|p2|Baxcalibur, M|
|poke|p2|Ceruledge, M|
|poke|p2|Gholdengo|
|poke|p2|Amoonguss, M|
|poke|p2|Kingambit, F|
|poke|p2|Lilligant-Hisui, F|
|teampreview
|
|start
|switch|p1a: Landorus|Landorus-Therian, M|100/100
|switch|p2a: The Queen|Lilligant-Hisui, F, shiny|100/100
|-ability|p1a: Landorus|Intimidate|boost
|-unboost|p2a: The Queen|atk|1
|turn|1
|
|move|p2a: The Queen|Trailblaze|p1a: Landorus
|-damage|p1a: Landorus|88/100
|-boost|p2a: The Queen|spe|1
|move|p1a: Landorus|Stealth Rock|p2a: The Queen
|-sidestart|p2: p2|move: Stealth Rock
|
|-heal|p1a: Landorus|94/100|[from] item: Leftovers
|turn|2
|
|move|p2a: The Queen|Sunny Day|p2a: The Queen
|-weather|SunnyDay
|move|p1a: Landorus|U-turn|p2a: The Queen
|-damage|p2a: The Queen|65/100
|
|switch|p1a: Baxcalibur|Baxcalibur, F|100/100|[from] U-turn
|
|-weather|SunnyDay|[upkeep]
|-heal|p2a: The Queen|71/100|[from] item: Leftovers
|turn|3
|
|move|p1a: Baxcalibur|Ice Shard|p2a: The Queen
|-supereffective|p2a: The Queen
|-damage|p2a: The Queen|0 fnt
|faint|p2a: The Queen
|
|-weather|SunnyDay|[upkeep]
|
|switch|p2a: EdgyBlade|Ceruledge, M, shiny|100/100
|-damage|p2a: EdgyBlade|76/100|[from] Stealth Rock
|turn|4
|
|switch|p1a: Landorus|Landorus-Therian, M|94/100
|-ability|p1a: Landorus|Intimidate|boost
|-unboost|p2a: EdgyBlade|atk|1
|move|p2a: EdgyBlade|Bitter Blade|p1a: Landorus
|-damage|p1a: Landorus|58/100
|-heal|p2a: EdgyBlade|99/100|[from] drain|[of] p1a: Landorus
|
|-weather|SunnyDay|[upkeep]
|-heal|p1a: Landorus|64/100|[from] item: Leftovers
|turn|5
|
|move|p2a: EdgyBlade|Clear Smog|p1a: Landorus
|-resisted|p1a: Landorus
|-damage|p1a: Landorus|60/100
|-clearboost|p1a: Landorus
|move|p1a: Landorus|Earthquake|p2a: EdgyBlade
|-supereffective|p2a: EdgyBlade
|-damage|p2a: EdgyBlade|0 fnt
|faint|p2a: EdgyBlade
|
|-weather|SunnyDay|[upkeep]
|-heal|p1a: Landorus|66/100|[from] item: Leftovers
|
|switch|p2a: Mr.Crabs|Gholdengo|100/100
|-damage|p2a: Mr.Crabs|94/100|[from] Stealth Rock
|turn|6
|
|switch|p2a: ZedGnaw|Baxcalibur, M, shiny|100/100
|-damage|p2a: ZedGnaw|76/100|[from] Stealth Rock
|move|p1a: Landorus|Earthquake|p2a: ZedGnaw
|-damage|p2a: ZedGnaw|31/100
|
|-weather|none
|-heal|p1a: Landorus|72/100|[from] item: Leftovers
|turn|7
|
|switch|p1a: Arcanine|Arcanine-Hisui, M|100/100
|-terastallize|p2a: ZedGnaw|Ground
|move|p2a: ZedGnaw|Blizzard|p1a: Arcanine|[miss]
|-miss|p2a: ZedGnaw|p1a: Arcanine
|
|turn|8
|
|switch|p2a: Mr.Crabs|Gholdengo|94/100
|-damage|p2a: Mr.Crabs|88/100|[from] Stealth Rock
|move|p1a: Arcanine|Flare Blitz|p2a: Mr.Crabs
|-supereffective|p2a: Mr.Crabs
|-damage|p2a: Mr.Crabs|0 fnt
|faint|p2a: Mr.Crabs
|
|
|switch|p2a: Queen Gambit|Kingambit, F, shiny|100/100
|-damage|p2a: Queen Gambit|94/100|[from] Stealth Rock
|-activate|p2a: Queen Gambit|ability: Supreme Overlord
|-start|p2a: Queen Gambit|fallen3|[silent]
|turn|9
|
|move|p1a: Arcanine|Close Combat|p2a: Queen Gambit
|-supereffective|p2a: Queen Gambit
|-damage|p2a: Queen Gambit|0 fnt
|-unboost|p1a: Arcanine|def|1
|-unboost|p1a: Arcanine|spd|1
|faint|p2a: Queen Gambit
|-end|p2a: Queen Gambit|fallen3|[silent]
|
|
|switch|p2a: Amogus|Amoonguss, M, shiny|100/100
|-damage|p2a: Amogus|88/100|[from] Stealth Rock
|turn|10
|
|move|p1a: Arcanine|Flare Blitz|p2a: Amogus
|-supereffective|p2a: Amogus
|-crit|p2a: Amogus
|-damage|p2a: Amogus|0 fnt
|faint|p2a: Amogus
|
|
|switch|p2a: ZedGnaw|Baxcalibur, M, shiny, tera:Ground|31/100
|-damage|p2a: ZedGnaw|25/100|[from] Stealth Rock
|turn|11
|
|move|p1a: Arcanine|Flare Blitz|p2a: ZedGnaw
|-crit|p2a: ZedGnaw
|-damage|p2a: ZedGnaw|0 fnt
|faint|p2a: ZedGnaw
|
|win|p1
