|poke|p1|Sneasler, F|
|poke|p1|Rillaboom, F|
|poke|p1|Braviary-Hisui, M|
|poke|p1|Great Tusk|
|poke|p1|Dragapult, M|
|poke|p1|Heatran, F|
|poke|p2|Sneasler, M|
|poke|p2|Zarude|
|poke|p2|Braviary-Hisui, M|
|poke|p2|Volcarona, M|
|poke|p2|Magearna|
|poke|p2|Dragapult, M|
|teampreview
|
|start
|switch|p1a: Dragapult|Dragapult, M|100/100
|switch|p2a: Sneasler|Sneasler, M|100/100
|turn|1
|
|move|p1a: Dragapult|Draco Meteor|p2a: Sneasler
|-damage|p2a: Sneasler|0 fnt
|-unboost|p1a: Dragapult|spa|2
|faint|p2a: Sneasler
|
|
|switch|p2a: Braviary|Braviary-Hisui, M|100/100
|turn|2
|
|move|p1a: Dragapult|Draco Meteor|p2a: Braviary
|-damage|p2a: Braviary|54/100
|-unboost|p1a: Dragapult|spa|2
|move|p2a: Braviary|Calm Mind|p2a: Braviary
|-boost|p2a: Braviary|spa|1
|-boost|p2a: Braviary|spd|1
|
|turn|3
|
|switch|p1a: Heatran|Heatran, F|100/100
|move|p2a: Braviary|Esper Wing|p1a: Heatran
|-resisted|p1a: Heatran
|-damage|p1a: Heatran|74/100
|-boost|p2a: Braviary|spe|1
|
|-heal|p1a: Heatran|80/100|[from] item: Leftovers
|turn|4
|
|move|p2a: Braviary|Calm Mind|p2a: Braviary
|-boost|p2a: Braviary|spa|1
|-boost|p2a: Braviary|spd|1
|move|p1a: Heatran|Magma Storm|p2a: Braviary
|-damage|p2a: Braviary|32/100
|-activate|p2a: Braviary|move: Magma Storm|[of] p1a: Heatran
|
|-heal|p1a: Heatran|87/100|[from] item: Leftovers
|-damage|p2a: Braviary|20/100|[from] move: Magma Storm|[partiallytrapped]
|turn|5
|
|move|p2a: Braviary|Roost|p2a: Braviary
|-heal|p2a: Braviary|70/100
|-singleturn|p2a: Braviary|move: Roost
|move|p1a: Heatran|Stealth Rock|p2a: Braviary
|-sidestart|p2: p2|move: Stealth Rock
|
|-heal|p1a: Heatran|93/100|[from] item: Leftovers
|-damage|p2a: Braviary|58/100|[from] move: Magma Storm|[partiallytrapped]
|turn|6
|
|move|p2a: Braviary|Calm Mind|p2a: Braviary
|-boost|p2a: Braviary|spa|1
|-boost|p2a: Braviary|spd|1
|move|p1a: Heatran|Taunt|p2a: Braviary
|-start|p2a: Braviary|move: Taunt
|
|-heal|p1a: Heatran|99/100|[from] item: Leftovers
|-damage|p2a: Braviary|45/100|[from] move: Magma Storm|[partiallytrapped]
|turn|7
|
|move|p2a: Braviary|Esper Wing|p1a: Heatran
|-resisted|p1a: Heatran
|-damage|p1a: Heatran|54/100
|-boost|p2a: Braviary|spe|1
|move|p1a: Heatran|Magma Storm|p2a: Braviary|[miss]
|-miss|p1a: Heatran|p2a: Braviary
|
|-heal|p1a: Heatran|61/100|[from] item: Leftovers
|-damage|p2a: Braviary|33/100|[from] move: Magma Storm|[partiallytrapped]
|turn|8
|
|move|p2a: Braviary|Esper Wing|p1a: Heatran
|-resisted|p1a: Heatran
|-damage|p1a: Heatran|13/100
|-boost|p2a: Braviary|spe|1
|move|p1a: Heatran|Magma Storm|p2a: Braviary
|-damage|p2a: Braviary|13/100
|
|-heal|p1a: Heatran|20/100|[from] item: Leftovers
|-damage|p2a: Braviary|1/100|[from] move: Magma Storm|[partiallytrapped]
|turn|9
|
|move|p2a: Braviary|Esper Wing|p1a: Heatran
|-resisted|p1a: Heatran
|-damage|p1a: Heatran|0 fnt
|-boost|p2a: Braviary|spe|1
|faint|p1a: Heatran
|
|-end|p2a: Braviary|Magma Storm|[partiallytrapped]
|-end|p2a: Braviary|move: Taunt
|
|switch|p1a: Rillaboom|Rillaboom, F|100/100
|-fieldstart|move: Grassy Terrain|[from] ability: Grassy Surge|[of] p1a: Rillaboom
|turn|10
|
|move|p2a: Braviary|Esper Wing|p1a: Rillaboom
|-crit|p1a: Rillaboom
|-damage|p1a: Rillaboom|0 fnt
|-boost|p2a: Braviary|spe|1
|faint|p1a: Rillaboom
|
|
|switch|p1a: Sneasler|Sneasler, F|100/100
|-enditem|p1a: Sneasler|Grassy Seed
|-boost|p1a: Sneasler|def|1|[from] item: Grassy Seed
|turn|11
|
|move|p1a: Sneasler|Dire Claw|p2a: Braviary
|-damage|p2a: Braviary|0 fnt
|faint|p2a: Braviary
|
|
|switch|p2a: Dragapult|Dragapult, M|100/100
|-damage|p2a: Dragapult|88/100|[from] Stealth Rock
|turn|12
|
|move|p1a: Sneasler|Swords Dance|p1a: Sneasler
|-boost|p1a: Sneasler|atk|2
|move|p2a: Dragapult|Dragon Darts|p1a: Sneasler
|-damage|p1a: Sneasler|61/100
|-anim|p2a: Dragapult|Dragon Darts|p1a: Sneasler
|-damage|p1a: Sneasler|16/100
|
|-heal|p1a: Sneasler|22/100|[from] Grassy Terrain
|-heal|p2a: Dragapult|94/100|[from] Grassy Terrain
|turn|13
|
|switch|p2a: Volcarona|Volcarona, M|100/100
|move|p1a: Sneasler|Acrobatics|p2a: Volcarona
|-supereffective|p2a: Volcarona
|-damage|p2a: Volcarona|0 fnt
|-status|p1a: Sneasler|brn|[from] ability: Flame Body|[of] p2a: Volcarona
|faint|p2a: Volcarona
|
|-heal|p1a: Sneasler|28/100 brn|[from] Grassy Terrain
|-damage|p1a: Sneasler|22/100 brn|[from] brn
|
|switch|p2a: Dragapult|Dragapult, M|94/100
|-damage|p2a: Dragapult|82/100|[from] Stealth Rock
|turn|14
|
|-terastallize|p1a: Sneasler|Flying
|move|p1a: Sneasler|Acrobatics|p2a: Dragapult
|-damage|p2a: Dragapult|3/100
|move|p2a: Dragapult|Dragon Darts|p1a: Sneasler
|-damage|p1a: Sneasler|0 fnt
|faint|p1a: Sneasler
|
|-heal|p2a: Dragapult|9/100|[from] Grassy Terrain
|-fieldend|move: Grassy Terrain
|
|switch|p1a: Great Tusk|Great Tusk|100/100
|turn|15
|
|move|p2a: Dragapult|Dragon Darts|p1a: Great Tusk
|-damage|p1a: Great Tusk|82/100
|-anim|p2a: Dragapult|Dragon Darts|p1a: Great Tusk
|-damage|p1a: Great Tusk|64/100
|move|p1a: Great Tusk|Knock Off|p2a: Dragapult
|-supereffective|p2a: Dragapult
|-damage|p2a: Dragapult|0 fnt
|-enditem|p2a: Dragapult|Choice Band|[from] move: Knock Off|[of] p1a: Great Tusk
|faint|p2a: Dragapult
|
|-heal|p1a: Great Tusk|70/100|[from] item: Leftovers
|
|switch|p2a: Zarude|Zarude|100/100
|-damage|p2a: Zarude|88/100|[from] Stealth Rock
|turn|16
|
|-end|p1a: Great Tusk|Protosynthesis|[silent]
|switch|p1a: Dragapult|Dragapult, M|100/100
|move|p2a: Zarude|Bulk Up|p2a: Zarude
|-boost|p2a: Zarude|atk|1
|-boost|p2a: Zarude|def|1
|
|-heal|p2a: Zarude|94/100|[from] item: Leftovers
|turn|17
|
|move|p1a: Dragapult|U-turn|p2a: Zarude
|-supereffective|p2a: Zarude
|-damage|p2a: Zarude|55/100
|
|switch|p1a: Great Tusk|Great Tusk|70/100|[from] U-turn
|move|p2a: Zarude|Crunch|p1a: Great Tusk
|-resisted|p1a: Great Tusk
|-damage|p1a: Great Tusk|56/100
|
|-heal|p2a: Zarude|61/100|[from] item: Leftovers
|-heal|p1a: Great Tusk|62/100|[from] item: Leftovers
|turn|18
|
|move|p2a: Zarude|Power Whip|p1a: Great Tusk
|-supereffective|p1a: Great Tusk
|-damage|p1a: Great Tusk|0 fnt
|faint|p1a: Great Tusk
|-end|p1a: Great Tusk|Protosynthesis|[silent]
|
|-heal|p2a: Zarude|67/100|[from] item: Leftovers
|
|switch|p1a: Dragapult|Dragapult, M|100/100
|turn|19
|
|move|p1a: Dragapult|Flamethrower|p2a: Zarude
|-supereffective|p2a: Zarude
|-damage|p2a: Zarude|0 fnt
|faint|p2a: Zarude
|
|
|switch|p2a: Magearna|Magearna|100/100
|-damage|p2a: Magearna|94/100|[from] Stealth Rock
|turn|20
|
|switch|p1a: Braviary|Braviary-Hisui, M|100/100
|-terastallize|p2a: Magearna|Water
|move|p2a: Magearna|Volt Switch|p1a: Braviary
|-supereffective|p1a: Braviary
|-damage|p1a: Braviary|51/100
|
|-heal|p2a: Magearna|100/100|[from] item: Leftovers
|turn|21
|
|move|p1a: Braviary|Psychic|p2a: Magearna
|-damage|p2a: Magearna|54/100
|move|p2a: Magearna|Volt Switch|p1a: Braviary
|-supereffective|p1a: Braviary
|-damage|p1a: Braviary|0 fnt
|faint|p1a: Braviary
|-ability|p2a: Magearna|Soul-Heart|boost
|-boost|p2a: Magearna|spa|1
|
|-heal|p2a: Magearna|60/100|[from] item: Leftovers
|
|switch|p1a: Dragapult|Dragapult, M|100/100
|turn|22
|
|move|p1a: Dragapult|Draco Meteor|p2a: Magearna
|-damage|p2a: Magearna|12/100
|-unboost|p1a: Dragapult|spa|2
|move|p2a: Magearna|Fleur Cannon|p1a: Dragapult
|-supereffective|p1a: Dragapult
|-damage|p1a: Dragapult|0 fnt
|-unboost|p2a: Magearna|spa|2
|faint|p1a: Dragapult
|
|win|p2
