|poke|p1|Articuno-Galar|
|poke|p1|Great Tusk|
|poke|p1|Kingambit, M|
|poke|p1|Typhlosion-Hisui, M|
|poke|p1|Toxapex, M|
|poke|p1|Garchomp, M|
|poke|p2|Garganacl, M|
|poke|p2|Dragapult, M|
|poke|p2|Azumarill, F|
|poke|p2|Glimmora, M|
|poke|p2|Gholdengo|
|poke|p2|Volcarona, M|
|teampreview
|
|start
|switch|p1a: Articuno|Articuno-Galar|100/100
|switch|p2a: Dragapult|Dragapult, M|100/100
|turn|1
|
|switch|p1a: Samurai Warrior|Kingambit, M|100/100
|move|p2a: Dragapult|U-turn|p1a: Samurai Warrior
|-damage|p1a: Samurai Warrior|84/100
|
|switch|p2a: Glimmora|Glimmora, M|100/100|[from] U-turn
|
|-heal|p1a: Samurai Warrior|90/100|[from] item: Leftovers
|turn|2
|
|move|p2a: Glimmora|Stealth Rock|p1a: Samurai Warrior
|-sidestart|p1: Felckon|move: Stealth Rock
|move|p1a: Samurai Warrior|Swords Dance|p1a: Samurai Warrior
|-boost|p1a: Samurai Warrior|atk|2
|
|-heal|p1a: Samurai Warrior|96/100|[from] item: Leftovers
|turn|3
|
|move|p2a: Glimmora|Earth Power|p1a: Samurai Warrior
|-supereffective|p1a: Samurai Warrior
|-damage|p1a: Samurai Warrior|43/100
|move|p1a: Samurai Warrior|Iron Head|p2a: Glimmora
|-supereffective|p2a: Glimmora
|-enditem|p2a: Glimmora|Focus Sash
|-damage|p2a: Glimmora|1/100
|-activate|p2a: Glimmora|ability: Toxic Debris
|-sidestart|p1: Felckon|move: Toxic Spikes
|
|-heal|p1a: Samurai Warrior|50/100|[from] item: Leftovers
|turn|4
|
|-terastallize|p1a: Samurai Warrior|Flying
|move|p2a: Glimmora|Earth Power|p1a: Samurai Warrior
|-immune|p1a: Samurai Warrior
|move|p1a: Samurai Warrior|Swords Dance|p1a: Samurai Warrior
|-boost|p1a: Samurai Warrior|atk|2
|
|-heal|p1a: Samurai Warrior|56/100|[from] item: Leftovers
|turn|5
|
|move|p1a: Samurai Warrior|Sucker Punch|p2a: Glimmora
|-damage|p2a: Glimmora|0 fnt
|-activate|p2a: Glimmora|ability: Toxic Debris
|-sidestart|p1: Felckon|move: Toxic Spikes
|faint|p2a: Glimmora
|
|-heal|p1a: Samurai Warrior|62/100|[from] item: Leftovers
|
|switch|p2a: Garganacl|Garganacl, M|100/100
|turn|6
|
|-terastallize|p2a: Garganacl|Water
|move|p1a: Samurai Warrior|Iron Head|p2a: Garganacl
|-resisted|p2a: Garganacl
|-damage|p2a: Garganacl|57/100
|cant|p2a: Garganacl|flinch
|
|-heal|p1a: Samurai Warrior|68/100|[from] item: Leftovers
|-heal|p2a: Garganacl|63/100|[from] item: Leftovers
|turn|7
|
|move|p2a: Garganacl|Protect|p2a: Garganacl
|-singleturn|p2a: Garganacl|Protect
|move|p1a: Samurai Warrior|Kowtow Cleave|p2a: Garganacl
|-activate|p2a: Garganacl|move: Protect
|
|-heal|p1a: Samurai Warrior|75/100|[from] item: Leftovers
|-heal|p2a: Garganacl|69/100|[from] item: Leftovers
|turn|8
|
|move|p1a: Samurai Warrior|Kowtow Cleave|p2a: Garganacl
|-damage|p2a: Garganacl|0 fnt
|faint|p2a: Garganacl
|
|-heal|p1a: Samurai Warrior|81/100|[from] item: Leftovers
|
|switch|p2a: Volcarona|Volcarona, M|100/100
|turn|9
|
|move|p1a: Samurai Warrior|Sucker Punch|p2a: Volcarona
|-damage|p2a: Volcarona|0 fnt
|faint|p2a: Volcarona
|
|-heal|p1a: Samurai Warrior|87/100|[from] item: Leftovers
|
|switch|p2a: Azumarill|Azumarill, F|100/100
|turn|10
|
|move|p1a: Samurai Warrior|Iron Head|p2a: Azumarill
|-damage|p2a: Azumarill|0 fnt
|faint|p2a: Azumarill
|
|-heal|p1a: Samurai Warrior|93/100|[from] item: Leftovers
|-message|chevillebroken forfeited.
|
|win|Felckon
|l|☆chevillebroken
