|poke|p1|Garganacl, M|
|poke|p1|Glimmora, F|
|poke|p1|Bellibolt, M|
|poke|p1|Pawmot, F|
|poke|p1|Cinderace, F|
|poke|p1|Dragonite, M|
|poke|p2|Toxapex, M|
|poke|p2|Zamazenta-*|
|poke|p2|Landorus-Therian, M|
|poke|p2|Sneasler, F|
|poke|p2|Samurott-Hisui, M|
|poke|p2|Corviknight, F|
|teampreview
|
|start
|switch|p1a: Glimmora|Glimmora, F|100/100
|switch|p2a: Samurott|Samurott-Hisui, M|100/100
|turn|1
|
|move|p1a: Glimmora|Energy Ball|p2a: Samurott
|-supereffective|p2a: Samurott
|-damage|p2a: Samurott|32/100
|move|p2a: Samurott|Ceaseless Edge|p1a: Glimmora
|-damage|p1a: Glimmora|46/100
|-sidestart|p1: p1|Spikes
|-activate|p1a: Glimmora|ability: Toxic Debris
|-sidestart|p2: p2|move: Toxic Spikes
|
|turn|2
|
|move|p2a: Samurott|Sucker Punch|p1a: Glimmora
|-damage|p1a: Glimmora|7/100
|-activate|p1a: Glimmora|ability: Toxic Debris
|-sidestart|p2: p2|move: Toxic Spikes
|move|p1a: Glimmora|Energy Ball|p2a: Samurott
|-supereffective|p2a: Samurott
|-damage|p2a: Samurott|0 fnt
|faint|p2a: Samurott
|
|
|switch|p2a: Sneasler|Sneasler, F|100/100
|-sideend|p2: p2|move: Toxic Spikes|[of] p2a: Sneasler
|turn|3
|
|move|p2a: Sneasler|U-turn|p1a: Glimmora
|-resisted|p1a: Glimmora
|-damage|p1a: Glimmora|0 fnt
|-activate|p1a: Glimmora|ability: Toxic Debris
|-sidestart|p2: p2|move: Toxic Spikes
|faint|p1a: Glimmora
|
|switch|p2a: Toxapex|Toxapex, M, shiny|100/100|[from] U-turn
|-sideend|p2: p2|move: Toxic Spikes|[of] p2a: Toxapex
|
|
|switch|p1a: Dragonite|Dragonite, M|100/100
|turn|4
|
|move|p1a: Dragonite|Dragon Dance|p1a: Dragonite
|-boost|p1a: Dragonite|atk|1
|-boost|p1a: Dragonite|spe|1
|move|p2a: Toxapex|Toxic|p1a: Dragonite
|-status|p1a: Dragonite|tox
|
|-damage|p1a: Dragonite|94/100 tox|[from] psn
|turn|5
|
|move|p1a: Dragonite|Dragon Dance|p1a: Dragonite
|-boost|p1a: Dragonite|atk|1
|-boost|p1a: Dragonite|spe|1
|move|p2a: Toxapex|Chilling Water|p1a: Dragonite
|-resisted|p1a: Dragonite
|-damage|p1a: Dragonite|89/100 tox
|-unboost|p1a: Dragonite|atk|1
|
|-heal|p1a: Dragonite|95/100 tox|[from] item: Leftovers
|-damage|p1a: Dragonite|83/100 tox|[from] psn
|turn|6
|
|move|p1a: Dragonite|Earthquake|p2a: Toxapex
|-supereffective|p2a: Toxapex
|-damage|p2a: Toxapex|27/100
|move|p2a: Toxapex|Chilling Water|p1a: Dragonite
|-resisted|p1a: Dragonite
|-damage|p1a: Dragonite|78/100 tox
|-unboost|p1a: Dragonite|atk|1
|
|-heal|p1a: Dragonite|84/100 tox|[from] item: Leftovers
|-heal|p2a: Toxapex|33/100|[from] item: Black Sludge
|-damage|p1a: Dragonite|66/100 tox|[from] psn
|turn|7
|
|switch|p2a: Landorus|Landorus-Therian, M|100/100
|-ability|p2a: Landorus|Intimidate|boost
|-fail|p1a: Dragonite|unboost|Attack|[from] ability: Inner Focus|[of] p1a: Dragonite
|move|p1a: Dragonite|Dragon Dance|p1a: Dragonite
|-boost|p1a: Dragonite|atk|1
|-boost|p1a: Dragonite|spe|1
|
|-heal|p1a: Dragonite|72/100 tox|[from] item: Leftovers
|-damage|p1a: Dragonite|47/100 tox|[from] psn
|turn|8
|
|switch|p2a: Toxapex|Toxapex, M, shiny|66/100
|-terastallize|p1a: Dragonite|Normal
|move|p1a: Dragonite|Extreme Speed|p2a: Toxapex
|-damage|p2a: Toxapex|26/100
|
|-heal|p1a: Dragonite|53/100 tox|[from] item: Leftovers
|-heal|p2a: Toxapex|32/100|[from] item: Black Sludge
|-damage|p1a: Dragonite|22/100 tox|[from] psn
|turn|9
|
|switch|p2a: Corviknight|Corviknight, F|100/100
|-ability|p2a: Corviknight|Pressure
|move|p1a: Dragonite|Extreme Speed|p2a: Corviknight
|-resisted|p2a: Corviknight
|-damage|p2a: Corviknight|81/100
|
|-heal|p1a: Dragonite|28/100 tox|[from] item: Leftovers
|-damage|p1a: Dragonite|0 fnt|[from] psn
|faint|p1a: Dragonite
|
|switch|p1a: Cinderace|Cinderace, F|100/100
|-damage|p1a: Cinderace|88/100|[from] Spikes
|turn|10
|
|switch|p2a: Landorus|Landorus-Therian, M|100/100
|-ability|p2a: Landorus|Intimidate|boost
|-unboost|p1a: Cinderace|atk|1
|move|p1a: Cinderace|Pyro Ball|p2a: Landorus
|-crit|p2a: Landorus
|-damage|p2a: Landorus|1/100
|
|-heal|p2a: Landorus|7/100|[from] item: Leftovers
|turn|11
|
|move|p1a: Cinderace|Pyro Ball|p2a: Landorus
|-damage|p2a: Landorus|0 fnt
|faint|p2a: Landorus
|
|
|switch|p2a: Toxapex|Toxapex, M, shiny|65/100
|turn|12
|
|switch|p1a: Pawmot|Pawmot, F|100/100
|-damage|p1a: Pawmot|88/100|[from] Spikes
|move|p2a: Toxapex|Recover|p2a: Toxapex
|-heal|p2a: Toxapex|100/100
|
|turn|13
|
|move|p2a: Toxapex|Baneful Bunker|p2a: Toxapex
|-singleturn|p2a: Toxapex|move: Protect
|move|p1a: Pawmot|Revival Blessing|p1a: Pawmot
|-enditem|p1a: Pawmot|Leppa Berry|[eat]
|-activate|p1a: Pawmot|item: Leppa Berry|Revival Blessing|[consumed]
|
|-heal|p1: Dragonite|50/100|[from] move: Revival Blessing
|
|turn|14
|
|-terastallize|p2a: Toxapex|Fairy
|move|p1a: Pawmot|Double Shock|p2a: Toxapex
|-damage|p2a: Toxapex|67/100
|-start|p1a: Pawmot|typechange|???/Fighting|[from] move: Double Shock
|move|p2a: Toxapex|Toxic|p1a: Pawmot
|-status|p1a: Pawmot|tox
|
|-damage|p2a: Toxapex|55/100|[from] item: Black Sludge
|-damage|p1a: Pawmot|82/100 tox|[from] psn
|turn|15
|
|switch|p1a: Cinderace|Cinderace, F|88/100
|-damage|p1a: Cinderace|76/100|[from] Spikes
|move|p2a: Toxapex|Baneful Bunker||[still]
|-fail|p2a: Toxapex
|
|-damage|p2a: Toxapex|43/100|[from] item: Black Sludge
|turn|16
|
|switch|p2a: Sneasler|Sneasler, F|100/100
|move|p1a: Cinderace|Will-O-Wisp|p2a: Sneasler
|-status|p2a: Sneasler|brn
|
|-damage|p2a: Sneasler|95/100 brn|[from] brn
|turn|17
|
|switch|p1a: Dragonite|Dragonite, M|50/100
|move|p2a: Sneasler|Dire Claw|p1a: Dragonite
|-damage|p1a: Dragonite|27/100
|-status|p1a: Dragonite|par
|
|-heal|p1a: Dragonite|33/100 par|[from] item: Leftovers
|-damage|p2a: Sneasler|89/100 brn|[from] brn
|turn|18
|
|switch|p1a: Bellibolt|Bellibolt, M|100/100
|-damage|p1a: Bellibolt|88/100|[from] Spikes
|move|p2a: Sneasler|Swords Dance|p2a: Sneasler
|-boost|p2a: Sneasler|atk|2
|
|-damage|p2a: Sneasler|83/100 brn|[from] brn
|turn|19
|
|move|p2a: Sneasler|Dire Claw|p1a: Bellibolt
|-damage|p1a: Bellibolt|58/100
|-start|p1a: Bellibolt|Charge|Dire Claw|[from] ability: Electromorphosis
|move|p1a: Bellibolt|Soak|p2a: Sneasler
|-start|p2a: Sneasler|typechange|Water
|
|-damage|p2a: Sneasler|77/100 brn|[from] brn
|turn|20
|
|move|p2a: Sneasler|Dire Claw|p1a: Bellibolt
|-damage|p1a: Bellibolt|37/100
|-start|p1a: Bellibolt|Charge|Dire Claw|[from] ability: Electromorphosis
|move|p1a: Bellibolt|Parabolic Charge|p2a: Sneasler
|-supereffective|p2a: Sneasler
|-damage|p2a: Sneasler|0 fnt
|-heal|p1a: Bellibolt|65/100|[from] drain|[of] p2a: Sneasler
|faint|p2a: Sneasler
|-end|p1a: Bellibolt|Charge|[silent]
|
|
|switch|p2a: Zamazenta|Zamazenta-Crowned|100/100
|-ability|p2a: Zamazenta|Dauntless Shield|boost
|-boost|p2a: Zamazenta|def|1
|turn|21
|
|move|p2a: Zamazenta|Body Press|p1a: Bellibolt
|-damage|p1a: Bellibolt|28/100
|-start|p1a: Bellibolt|Charge|Body Press|[from] ability: Electromorphosis
|move|p1a: Bellibolt|Soak|p2a: Zamazenta
|-start|p2a: Zamazenta|typechange|Water
|
|turn|22
|
|move|p2a: Zamazenta|Body Press|p1a: Bellibolt
|-damage|p1a: Bellibolt|4/100
|-start|p1a: Bellibolt|Charge|Body Press|[from] ability: Electromorphosis
|move|p1a: Bellibolt|Parabolic Charge|p2a: Zamazenta
|-supereffective|p2a: Zamazenta
|-damage|p2a: Zamazenta|35/100
|-heal|p1a: Bellibolt|34/100|[from] drain|[of] p2a: Zamazenta
|-end|p1a: Bellibolt|Charge|[silent]
|
|turn|23
|
|move|p2a: Zamazenta|Body Press|p1a: Bellibolt
|-damage|p1a: Bellibolt|9/100
|-start|p1a: Bellibolt|Charge|Body Press|[from] ability: Electromorphosis
|move|p1a: Bellibolt|Parabolic Charge|p2a: Zamazenta
|-supereffective|p2a: Zamazenta
|-damage|p2a: Zamazenta|0 fnt
|-heal|p1a: Bellibolt|26/100|[from] drain|[of] p2a: Zamazenta
|faint|p2a: Zamazenta
|-end|p1a: Bellibolt|Charge|[silent]
|
|
|switch|p2a: Toxapex|Toxapex, M, shiny, tera:Fairy|76/100
|turn|24
|-message|p2 forfeited.
|
|win|p1
