# advantage = p1
|poke|p1|Slowbro, F|
|poke|p1|Greedent, M|
|poke|p1|Great Tusk|
|poke|p1|Eelektrik, M|
|poke|p1|Iron Leaves|
|poke|p1|Bisharp, F|
|poke|p2|Scizor, M|
|poke|p2|Lilligant, F|
|poke|p2|Ting-Lu|
|poke|p2|Ampharos, M|
|poke|p2|Arcanine, M|
|poke|p2|Volcanion|
|teampreview
|
|start
|switch|p1a: I lost her.|Slowbro, F|100/100
|switch|p2a: "you need a small"|Ampharos, M|100/100
|-item|p2a: "you need a small"|Air Balloon
|turn|1
|
|move|p2a: "you need a small"|Reflect|p2a: "you need a small"
|-sidestart|p2: p2|Reflect
|move|p1a: I lost her.|Yawn|p2a: "you need a small"
|-start|p2a: "you need a small"|move: Yawn|[of] p1a: I lost her.
|
|turn|2
|
|move|p2a: "you need a small"|Thunder Wave|p1a: I lost her.
|-status|p1a: I lost her.|par
|move|p1a: I lost her.|Surf|p2a: "you need a small"
|-damage|p2a: "you need a small"|65/100
|-enditem|p2a: "you need a small"|Air Balloon
|
|-end|p2a: "you need a small"|move: Yawn|[silent]
|-status|p2a: "you need a small"|slp
|turn|3
|
|cant|p2a: "you need a small"|slp
|move|p1a: I lost her.|Surf|p2a: "you need a small"
|-damage|p2a: "you need a small"|28/100 slp
|
|turn|4
|
|switch|p2a: MMMMAGIKARP!|Volcanion|100/100
|cant|p1a: I lost her.|par
|
|turn|5
|
|move|p2a: MMMMAGIKARP!|Sludge Bomb|p1a: I lost her.
|-damage|p1a: I lost her.|68/100 par
|move|p1a: I lost her.|Earthquake|p2a: MMMMAGIKARP!
|-supereffective|p2a: MMMMAGIKARP!
|-damage|p2a: MMMMAGIKARP!|85/100
|
|-sideend|p2: p2|Reflect
|turn|6
|
|switch|p1a: Pokestupid|Eelektrik, M|100/100
|move|p2a: MMMMAGIKARP!|Flamethrower|p1a: Pokestupid
|-damage|p1a: Pokestupid|61/100
|
|turn|7
|
|switch|p2a: Game 2 Teej|Ting-Lu|100/100
|-ability|p2a: Game 2 Teej|Vessel of Ruin
|move|p1a: Pokestupid|Electric Terrain|p1a: Pokestupid
|-fieldstart|move: Electric Terrain
|
|turn|8
|
|move|p2a: Game 2 Teej|Stealth Rock|p1a: Pokestupid
|-sidestart|p1: p1|move: Stealth Rock
|move|p1a: Pokestupid|Giga Drain|p2a: Game 2 Teej
|-supereffective|p2a: Game 2 Teej
|-damage|p2a: Game 2 Teej|83/100
|-heal|p1a: Pokestupid|74/100|[from] drain|[of] p2a: Game 2 Teej
|
|-heal|p2a: Game 2 Teej|89/100|[from] item: Leftovers
|turn|9
|
|move|p2a: Game 2 Teej|Ruination|p1a: Pokestupid
|-damage|p1a: Pokestupid|38/100
|move|p1a: Pokestupid|Light Screen|p1a: Pokestupid
|-sidestart|p1: p1|move: Light Screen
|
|-heal|p2a: Game 2 Teej|95/100|[from] item: Leftovers
|turn|10
|
|move|p2a: Game 2 Teej|Ruination|p1a: Pokestupid
|-damage|p1a: Pokestupid|19/100
|move|p1a: Pokestupid|Giga Drain|p2a: Game 2 Teej
|-supereffective|p2a: Game 2 Teej
|-damage|p2a: Game 2 Teej|77/100
|-heal|p1a: Pokestupid|33/100|[from] drain|[of] p2a: Game 2 Teej
|
|-heal|p2a: Game 2 Teej|83/100|[from] item: Leftovers
|turn|11
|
|switch|p2a: Arizona THANGS|Lilligant, F|100/100
|move|p1a: Pokestupid|Giga Drain|p2a: Arizona THANGS
|-resisted|p2a: Arizona THANGS
|-damage|p2a: Arizona THANGS|91/100
|-heal|p1a: Pokestupid|38/100|[from] drain|[of] p2a: Arizona THANGS
|
|-fieldend|move: Electric Terrain
|turn|12
|
|move|p2a: Arizona THANGS|Sleep Powder|p1a: Pokestupid
|-status|p1a: Pokestupid|slp|[from] move: Sleep Powder
|cant|p1a: Pokestupid|slp
|
|turn|13
|
|switch|p1a: LIME KING|Bisharp, F|100/100
|-damage|p1a: LIME KING|94/100|[from] Stealth Rock
|move|p2a: Arizona THANGS|Quiver Dance|p2a: Arizona THANGS
|-boost|p2a: Arizona THANGS|spa|1
|-boost|p2a: Arizona THANGS|spd|1
|-boost|p2a: Arizona THANGS|spe|1
|
|-sideend|p1: p1|move: Light Screen
|turn|14
|
|switch|p2a: "you need a small"|Ampharos, M|28/100 slp
|move|p1a: LIME KING|X-Scissor|p2a: "you need a small"
|-damage|p2a: "you need a small"|5/100 slp
|-status|p1a: LIME KING|par|[from] ability: Static|[of] p2a: "you need a small"
|
|turn|15
|
|-curestatus|p2a: "you need a small"|slp|[msg]
|move|p2a: "you need a small"|Reflect|p2a: "you need a small"
|-sidestart|p2: p2|Reflect
|move|p1a: LIME KING|Swords Dance|p1a: LIME KING
|-boost|p1a: LIME KING|atk|2
|
|turn|16
|
|move|p2a: "you need a small"|Discharge|p1a: LIME KING
|-damage|p1a: LIME KING|56/100 par
|move|p1a: LIME KING|X-Scissor|p2a: "you need a small"
|-damage|p2a: "you need a small"|0 fnt
|faint|p2a: "you need a small"
|
|
|switch|p2a: MMMMAGIKARP!|Volcanion|85/100
|turn|17
|
|switch|p1a: I lost her.|Slowbro, F|100/100 par
|-damage|p1a: I lost her.|88/100 par|[from] Stealth Rock
|move|p2a: MMMMAGIKARP!|Flamethrower|p1a: I lost her.
|-resisted|p1a: I lost her.
|-damage|p1a: I lost her.|63/100 par
|
|turn|18
|
|switch|p1a: Pokestupid|Eelektrik, M|38/100 slp
|-damage|p1a: Pokestupid|26/100 slp|[from] Stealth Rock
|-terastallize|p2a: MMMMAGIKARP!|Ghost
|move|p2a: MMMMAGIKARP!|Tera Blast|p1a: Pokestupid
|-damage|p1a: Pokestupid|0 fnt
|faint|p1a: Pokestupid
|
|
|switch|p1a: I lost her.|Slowbro, F|96/100 par
|-damage|p1a: I lost her.|84/100 par|[from] Stealth Rock
|turn|19
|
|move|p2a: MMMMAGIKARP!|Tera Blast|p1a: I lost her.
|-supereffective|p1a: I lost her.
|-damage|p1a: I lost her.|5/100 par
|move|p1a: I lost her.|Yawn|p2a: MMMMAGIKARP!
|-start|p2a: MMMMAGIKARP!|move: Yawn|[of] p1a: I lost her.
|
|-sideend|p2: p2|Reflect
|turn|20
|
|switch|p2a: LIME KING YEAH!|Arcanine, M|100/100
|-ability|p2a: LIME KING YEAH!|Intimidate|boost
|-unboost|p1a: I lost her.|atk|1
|switch|p1a: GIGAN|Greedent, M|100/100
|-damage|p1a: GIGAN|88/100|[from] Stealth Rock
|
|turn|21
|
|switch|p1a: I lost her.|Slowbro, F|38/100 par
|-damage|p1a: I lost her.|25/100 par|[from] Stealth Rock
|move|p2a: LIME KING YEAH!|Will-O-Wisp|p1a: I lost her.|[miss]
|-miss|p2a: LIME KING YEAH!|p1a: I lost her.
|
|turn|22
|
|move|p2a: LIME KING YEAH!|Crunch|p1a: I lost her.
|-supereffective|p1a: I lost her.
|-damage|p1a: I lost her.|0 fnt
|faint|p1a: I lost her.
|
|
|switch|p1a: GIGAN|Greedent, M|88/100
|-damage|p1a: GIGAN|76/100|[from] Stealth Rock
|turn|23
|
|move|p2a: LIME KING YEAH!|Will-O-Wisp|p1a: GIGAN
|-status|p1a: GIGAN|brn
|move|p1a: GIGAN|Earthquake|p2a: LIME KING YEAH!
|-supereffective|p2a: LIME KING YEAH!
|-damage|p2a: LIME KING YEAH!|77/100
|
|-damage|p1a: GIGAN|70/100 brn|[from] brn
|turn|24
|
|switch|p2a: Arizona THANGS|Lilligant, F|91/100
|move|p1a: GIGAN|Super Fang|p2a: Arizona THANGS
|-damage|p2a: Arizona THANGS|46/100
|
|-damage|p1a: GIGAN|64/100 brn|[from] brn
|turn|25
|
|switch|p1a: LIME KING|Bisharp, F|56/100 par
|-damage|p1a: LIME KING|50/100 par|[from] Stealth Rock
|move|p2a: Arizona THANGS|Quiver Dance|p2a: Arizona THANGS
|-boost|p2a: Arizona THANGS|spa|1
|-boost|p2a: Arizona THANGS|spd|1
|-boost|p2a: Arizona THANGS|spe|1
|
|turn|26
|
|move|p2a: Arizona THANGS|Pollen Puff|p1a: LIME KING
|-damage|p1a: LIME KING|15/100 par
|move|p1a: LIME KING|X-Scissor|p2a: Arizona THANGS
|-supereffective|p2a: Arizona THANGS
|-damage|p2a: Arizona THANGS|0 fnt
|faint|p2a: Arizona THANGS
|
|
|switch|p2a: VOLCANO TEEJ|Scizor, M|100/100
|turn|27
|
|move|p2a: VOLCANO TEEJ|U-turn|p1a: LIME KING
|-damage|p1a: LIME KING|0 fnt
|faint|p1a: LIME KING
|
|switch|p2a: Game 2 Teej|Ting-Lu|83/100|[from] U-turn
|-ability|p2a: Game 2 Teej|Vessel of Ruin
|
|-heal|p2a: Game 2 Teej|89/100|[from] item: Leftovers
|
|switch|p1a: GIGAN|Greedent, M|64/100 brn
|-damage|p1a: GIGAN|51/100 brn|[from] Stealth Rock
|turn|28
|
|move|p1a: GIGAN|Super Fang|p2a: Game 2 Teej
|-damage|p2a: Game 2 Teej|45/100
|move|p2a: Game 2 Teej|Whirlwind|p1a: GIGAN
|drag|p1a: him him him|Iron Leaves|100/100
|-damage|p1a: him him him|88/100|[from] Stealth Rock
|
|-heal|p2a: Game 2 Teej|51/100|[from] item: Leftovers
|turn|29
|
|switch|p2a: LIME KING YEAH!|Arcanine, M|77/100
|-ability|p2a: LIME KING YEAH!|Intimidate|boost
|-unboost|p1a: him him him|atk|1
|move|p1a: him him him|Leaf Blade|p2a: LIME KING YEAH!
|-resisted|p2a: LIME KING YEAH!
|-damage|p2a: LIME KING YEAH!|57/100
|-damage|p1a: him him him|78/100|[from] item: Life Orb
|
|turn|30
|
|-end|p1a: him him him|Quark Drive|[silent]
|switch|p1a: GIGAN|Greedent, M|51/100 brn
|-damage|p1a: GIGAN|39/100 brn|[from] Stealth Rock
|-enditem|p1a: GIGAN|Sitrus Berry|[eat]
|-heal|p1a: GIGAN|64/100 brn|[from] item: Sitrus Berry
|-heal|p1a: GIGAN|97/100 brn|[from] ability: Cheek Pouch
|move|p2a: LIME KING YEAH!|Flare Blitz|p1a: GIGAN
|-damage|p1a: GIGAN|60/100 brn
|-damage|p2a: LIME KING YEAH!|43/100|[from] Recoil
|
|-damage|p1a: GIGAN|54/100 brn|[from] brn
|turn|31
|
|move|p2a: LIME KING YEAH!|Iron Head|p1a: GIGAN
|-damage|p1a: GIGAN|36/100 brn
|move|p1a: GIGAN|Earthquake|p2a: LIME KING YEAH!
|-supereffective|p2a: LIME KING YEAH!
|-damage|p2a: LIME KING YEAH!|22/100
|
|-damage|p1a: GIGAN|30/100 brn|[from] brn
|turn|32
|
|move|p2a: LIME KING YEAH!|Flare Blitz|p1a: GIGAN
|-damage|p1a: GIGAN|0 fnt
|faint|p1a: GIGAN
|-damage|p2a: LIME KING YEAH!|11/100|[from] Recoil
|
|
|switch|p1a: him him him|Iron Leaves|78/100
|-damage|p1a: him him him|66/100|[from] Stealth Rock
|turn|33
|
|-terastallize|p1a: him him him|Grass
|move|p1a: him him him|Leaf Blade|p2a: LIME KING YEAH!
|-resisted|p2a: LIME KING YEAH!
|-damage|p2a: LIME KING YEAH!|0 fnt
|faint|p2a: LIME KING YEAH!
|-damage|p1a: him him him|56/100|[from] item: Life Orb
|
|
|switch|p2a: VOLCANO TEEJ|Scizor, M|100/100
|turn|34
|
|move|p1a: him him him|Psyblade|p2a: VOLCANO TEEJ
|-resisted|p2a: VOLCANO TEEJ
|-damage|p2a: VOLCANO TEEJ|76/100
|-damage|p1a: him him him|46/100|[from] item: Life Orb
|move|p2a: VOLCANO TEEJ|U-turn|p1a: him him him
|-supereffective|p1a: him him him
|-damage|p1a: him him him|0 fnt
|faint|p1a: him him him
|-end|p1a: him him him|Quark Drive|[silent]
|
|switch|p2a: Game 2 Teej|Ting-Lu|51/100|[from] U-turn
|-ability|p2a: Game 2 Teej|Vessel of Ruin
|
|-heal|p2a: Game 2 Teej|57/100|[from] item: Leftovers
|
|switch|p1a: I CAN CHANGE|Great Tusk|100/100
|-damage|p1a: I CAN CHANGE|97/100|[from] Stealth Rock
|-enditem|p1a: I CAN CHANGE|Booster Energy
|-activate|p1a: I CAN CHANGE|ability: Protosynthesis|[fromitem]
|-start|p1a: I CAN CHANGE|protosynthesisatk
|turn|35
|
|move|p1a: I CAN CHANGE|Ice Spinner|p2a: Game 2 Teej
|-supereffective|p2a: Game 2 Teej
|-damage|p2a: Game 2 Teej|25/100
|move|p2a: Game 2 Teej|Ruination|p1a: I CAN CHANGE
|-damage|p1a: I CAN CHANGE|49/100
|
|-heal|p2a: Game 2 Teej|32/100|[from] item: Leftovers
|turn|36
|
|move|p1a: I CAN CHANGE|Ice Spinner|p2a: Game 2 Teej
|-supereffective|p2a: Game 2 Teej
|-damage|p2a: Game 2 Teej|0 fnt
|faint|p2a: Game 2 Teej
|
|
|switch|p2a: MMMMAGIKARP!|Volcanion, tera:Ghost|85/100
|turn|37
|
|move|p1a: I CAN CHANGE|Earthquake|p2a: MMMMAGIKARP!
|-damage|p2a: MMMMAGIKARP!|41/100
|move|p2a: MMMMAGIKARP!|Steam Eruption|p1a: I CAN CHANGE
|-supereffective|p1a: I CAN CHANGE
|-damage|p1a: I CAN CHANGE|0 fnt
|faint|p1a: I CAN CHANGE
|-end|p1a: I CAN CHANGE|Protosynthesis|[silent]
|
|win|p2
