# advantage = p2
|poke|p1|Grafaiai, F|
|poke|p1|Slowking, M|
|poke|p1|Dragapult, M|
|poke|p1|Great Tusk|
|poke|p1|Kingambit, M|
|poke|p1|Meowscarada, F|
|poke|p2|Baxcalibur, M|
|poke|p2|Hatterene, F|
|poke|p2|Amoonguss, F|
|poke|p2|Dragapult, F|
|poke|p2|Great Tusk|
|poke|p2|Kingambit, F|
|teampreview
|
|start
|switch|p1a: Grafaiai|Grafaiai, F|100/100
|switch|p2a: Dragapult|Dragapult, F|100/100
|turn|1
|
|switch|p2a: Amoonguss|Amoonguss, F|100/100
|move|p1a: Grafaiai|Knock Off|p2a: Amoonguss
|-damage|p2a: Amoonguss|84/100
|-damage|p1a: Grafaiai|84/100|[from] item: Rocky Helmet|[of] p2a: Amoonguss
|-enditem|p2a: Amoonguss|Rocky Helmet|[from] move: Knock Off|[of] p1a: Grafaiai
|
|-heal|p1a: Grafaiai|90/100|[from] item: Black Sludge
|turn|2
|
|move|p1a: Grafaiai|Parting Shot|p2a: Amoonguss
|-unboost|p2a: Amoonguss|atk|1
|-unboost|p2a: Amoonguss|spa|1
|
|switch|p1a: Meowscarada|Meowscarada, F|100/100|[from] Parting Shot
|move|p2a: Amoonguss|Sludge Bomb|p1a: Meowscarada
|-supereffective|p1a: Meowscarada
|-damage|p1a: Meowscarada|47/100
|
|turn|3
|
|move|p1a: Meowscarada|Spikes|p2a: Amoonguss
|-sidestart|p2: p2|Spikes
|move|p2a: Amoonguss|Spore|p1a: Meowscarada
|-immune|p1a: Meowscarada
|
|turn|4
|
|switch|p1a: Slowking|Slowking, M|100/100
|move|p2a: Amoonguss|Spore|p1a: Slowking
|-status|p1a: Slowking|slp|[from] move: Spore
|
|turn|5
|
|switch|p2a: Dragapult|Dragapult, F|100/100
|-damage|p2a: Dragapult|88/100|[from] Spikes
|cant|p1a: Slowking|slp
|
|turn|6
|
|move|p2a: Dragapult|Shadow Ball|p1a: Slowking
|-supereffective|p1a: Slowking
|-damage|p1a: Slowking|21/100 slp
|cant|p1a: Slowking|slp
|
|turn|7
|
|switch|p2a: Great Tusk|Great Tusk|100/100
|-damage|p2a: Great Tusk|88/100|[from] Spikes
|switch|p1a: Grafaiai|Grafaiai, F|90/100
|
|-heal|p1a: Grafaiai|96/100|[from] item: Black Sludge
|turn|8
|
|move|p1a: Grafaiai|Switcheroo|p2a: Great Tusk
|-activate|p1a: Grafaiai|move: Trick|[of] p2a: Great Tusk
|-item|p2a: Great Tusk|Black Sludge|[from] move: Switcheroo
|-item|p1a: Grafaiai|Rocky Helmet|[from] move: Switcheroo
|move|p2a: Great Tusk|Earthquake|p1a: Grafaiai
|-supereffective|p1a: Grafaiai
|-crit|p1a: Grafaiai
|-damage|p1a: Grafaiai|0 fnt
|faint|p1a: Grafaiai
|
|-damage|p2a: Great Tusk|76/100|[from] item: Black Sludge
|
|switch|p1a: Dragapult|Dragapult, M|100/100
|turn|9
|
|move|p1a: Dragapult|Flamethrower|p2a: Great Tusk
|-damage|p2a: Great Tusk|24/100
|move|p2a: Great Tusk|Knock Off|p1a: Dragapult
|-supereffective|p1a: Dragapult
|-damage|p1a: Dragapult|30/100
|-enditem|p1a: Dragapult|Choice Specs|[from] move: Knock Off|[of] p2a: Great Tusk
|
|-damage|p2a: Great Tusk|12/100|[from] item: Black Sludge
|turn|10
|
|-end|p2a: Great Tusk|Protosynthesis|[silent]
|switch|p2a: Amoonguss|Amoonguss, F|100/100
|-damage|p2a: Amoonguss|88/100|[from] Spikes
|move|p1a: Dragapult|Shadow Ball|p2a: Amoonguss
|-damage|p2a: Amoonguss|56/100
|-unboost|p2a: Amoonguss|spd|1
|
|turn|11
|
|switch|p2a: Great Tusk|Great Tusk|12/100
|-damage|p2a: Great Tusk|0 fnt|[from] Spikes
|faint|p2a: Great Tusk
|-end|p2a: Great Tusk|Protosynthesis|[silent]
|move|p1a: Dragapult|Draco Meteor|p2: Great Tusk|[notarget]
|-fail|p1a: Dragapult
|
|
|switch|p2a: Kingambit|Kingambit, F|100/100
|-damage|p2a: Kingambit|88/100|[from] Spikes
|-activate|p2a: Kingambit|ability: Supreme Overlord
|-start|p2a: Kingambit|fallen1|[silent]
|turn|12
|
|switch|p1a: Great Tusk|Great Tusk|100/100
|move|p2a: Kingambit|Iron Head|p1a: Great Tusk
|-damage|p1a: Great Tusk|76/100
|
|-heal|p1a: Great Tusk|83/100|[from] item: Leftovers
|-heal|p2a: Kingambit|94/100|[from] item: Leftovers
|turn|13
|
|-end|p2a: Kingambit|fallen1|[silent]
|switch|p2a: Amoonguss|Amoonguss, F|89/100
|-damage|p2a: Amoonguss|77/100|[from] Spikes
|move|p1a: Great Tusk|Stealth Rock|p2a: Amoonguss
|-sidestart|p2: p2|move: Stealth Rock
|
|-heal|p1a: Great Tusk|89/100|[from] item: Leftovers
|turn|14
|
|-end|p1a: Great Tusk|Protosynthesis|[silent]
|switch|p1a: Kingambit|Kingambit, M|100/100
|-activate|p1a: Kingambit|ability: Supreme Overlord
|-start|p1a: Kingambit|fallen1|[silent]
|switch|p2a: Baxcalibur|Baxcalibur, M|100/100
|-damage|p2a: Baxcalibur|88/100|[from] Spikes
|-damage|p2a: Baxcalibur|63/100|[from] Stealth Rock
|
|turn|15
|
|-end|p1a: Kingambit|fallen1|[silent]
|switch|p1a: Great Tusk|Great Tusk|89/100
|move|p2a: Baxcalibur|Icicle Crash|p1a: Great Tusk
|-supereffective|p1a: Great Tusk
|-damage|p1a: Great Tusk|34/100
|
|-heal|p1a: Great Tusk|41/100|[from] item: Leftovers
|turn|16
|
|-end|p1a: Great Tusk|Protosynthesis|[silent]
|switch|p1a: Slowking|Slowking, M|54/100 slp
|move|p2a: Baxcalibur|Swords Dance|p2a: Baxcalibur
|-boost|p2a: Baxcalibur|atk|2
|
|turn|17
|
|move|p2a: Baxcalibur|Earthquake|p1a: Slowking
|-damage|p1a: Slowking|0 fnt
|faint|p1a: Slowking
|
|
|switch|p1a: Kingambit|Kingambit, M|100/100
|-activate|p1a: Kingambit|ability: Supreme Overlord
|-start|p1a: Kingambit|fallen2|[silent]
|turn|18
|
|-end|p1a: Kingambit|fallen2|[silent]
|switch|p1a: Dragapult|Dragapult, M|30/100
|move|p2a: Baxcalibur|Icicle Crash|p1a: Dragapult
|-supereffective|p1a: Dragapult
|-damage|p1a: Dragapult|0 fnt
|faint|p1a: Dragapult
|
|
|switch|p1a: Meowscarada|Meowscarada, F|47/100
|turn|19
|
|move|p2a: Baxcalibur|Ice Shard|p1a: Meowscarada
|-supereffective|p1a: Meowscarada
|-damage|p1a: Meowscarada|0 fnt
|faint|p1a: Meowscarada
|
|
|switch|p1a: Great Tusk|Great Tusk|41/100
|turn|20
|
|move|p2a: Baxcalibur|Ice Shard|p1a: Great Tusk
|-supereffective|p1a: Great Tusk
|-damage|p1a: Great Tusk|0 fnt
|faint|p1a: Great Tusk
|-end|p1a: Great Tusk|Protosynthesis|[silent]
|
|
|switch|p1a: Kingambit|Kingambit, M|100/100
|-activate|p1a: Kingambit|ability: Supreme Overlord
|-start|p1a: Kingambit|fallen5|[silent]
|turn|21
|
|move|p1a: Kingambit|Sucker Punch|p2a: Baxcalibur
|-damage|p2a: Baxcalibur|15/100
|move|p2a: Baxcalibur|Earthquake|p1a: Kingambit
|-supereffective|p1a: Kingambit
|-damage|p1a: Kingambit|0 fnt
|faint|p1a: Kingambit
|-end|p1a: Kingambit|fallen5|[silent]
|
|win|p2
