|poke|p1|Overqwil, F|
|poke|p1|Braviary-Hisui, M|
|poke|p1|Samurott-Hisui, M|
|poke|p1|Arcanine-Hisui, M|
|poke|p1|Decidueye-Hisui, F|
|poke|p1|Regidrago|
|poke|p2|Toedscruel, M|
|poke|p2|Garganacl, M|
|poke|p2|Gholdengo|
|poke|p2|Rotom-Wash|
|poke|p2|Volcarona, F|
|poke|p2|Iron Valiant|
|teampreview
|
|start
|switch|p1a: Arcanine|Arcanine-Hisui, M, shiny|100/100
|switch|p2a: Toedscruel|Toedscruel, M, shiny|100/100
|turn|1
|
|move|p1a: Arcanine|Flare Blitz|p2a: Toedscruel
|-supereffective|p2a: Toedscruel
|-damage|p2a: Toedscruel|0 fnt
|faint|p2a: Toedscruel
|
|
|switch|p2a: Rotom|Rotom-Wash|100/100
|turn|2
|
|switch|p1a: Samurott|Samurott-Hisui, M, shiny|100/100
|move|p2a: Rotom|Hydro Pump|p1a: Samurott
|-resisted|p1a: Samurott
|-damage|p1a: Samurott|71/100
|
|turn|3
|
|move|p1a: Samurott|Ceaseless Edge|p2a: Rotom
|-damage|p2a: Rotom|54/100
|-sidestart|p2: p2|Spikes
|-damage|p1a: Samurott|61/100|[from] item: Life Orb
|move|p2a: Rotom|Volt Switch|p1a: Samurott
|-supereffective|p1a: Samurott
|-damage|p1a: Samurott|0 fnt
|faint|p1a: Samurott
|
|switch|p2a: Garganacl|Garganacl, M|100/100|[from] Volt Switch
|-damage|p2a: Garganacl|88/100|[from] Spikes
|
|-heal|p2a: Garganacl|94/100|[from] item: Leftovers
|
|switch|p1a: Decidueye|Decidueye-Hisui, F, shiny|100/100
|turn|4
|
|-terastallize|p2a: Garganacl|Fairy
|move|p1a: Decidueye|Bulk Up|p1a: Decidueye
|-boost|p1a: Decidueye|atk|1
|-boost|p1a: Decidueye|def|1
|move|p2a: Garganacl|Salt Cure|p1a: Decidueye
|-resisted|p1a: Decidueye
|-crit|p1a: Decidueye
|-damage|p1a: Decidueye|89/100
|-start|p1a: Decidueye|Salt Cure
|
|-heal|p1a: Decidueye|95/100|[from] item: Leftovers
|-heal|p2a: Garganacl|100/100|[from] item: Leftovers
|-damage|p1a: Decidueye|83/100|[from] Salt Cure
|turn|5
|
|move|p1a: Decidueye|Leaf Blade|p2a: Garganacl
|-crit|p2a: Garganacl
|-damage|p2a: Garganacl|28/100
|move|p2a: Garganacl|Stealth Rock|p1a: Decidueye
|-sidestart|p1: p1|move: Stealth Rock
|
|-heal|p1a: Decidueye|89/100|[from] item: Leftovers
|-heal|p2a: Garganacl|34/100|[from] item: Leftovers
|-damage|p1a: Decidueye|77/100|[from] Salt Cure
|turn|6
|
|move|p2a: Garganacl|Protect|p2a: Garganacl
|-singleturn|p2a: Garganacl|Protect
|move|p1a: Decidueye|Leaf Blade|p2a: Garganacl
|-activate|p2a: Garganacl|move: Protect
|
|-heal|p1a: Decidueye|83/100|[from] item: Leftovers
|-heal|p2a: Garganacl|40/100|[from] item: Leftovers
|-damage|p1a: Decidueye|70/100|[from] Salt Cure
|turn|7
|
|move|p1a: Decidueye|Leaf Blade|p2a: Garganacl
|-damage|p2a: Garganacl|0 fnt
|faint|p2a: Garganacl
|
|-heal|p1a: Decidueye|77/100|[from] item: Leftovers
|-damage|p1a: Decidueye|64/100|[from] Salt Cure
|
|switch|p2a: Volcarona|Volcarona, F|100/100
|turn|8
|
|move|p2a: Volcarona|Fiery Dance|p1a: Decidueye
|-supereffective|p1a: Decidueye
|-damage|p1a: Decidueye|0 fnt
|-boost|p2a: Volcarona|spa|1
|faint|p1a: Decidueye
|
|
|switch|p1a: Arcanine|Arcanine-Hisui, M, shiny|100/100
|-damage|p1a: Arcanine|76/100|[from] Stealth Rock
|turn|9
|
|switch|p2a: Rotom|Rotom-Wash|54/100
|move|p1a: Arcanine|Head Smash|p2a: Rotom
|-damage|p2a: Rotom|3/100
|
|-heal|p2a: Rotom|9/100|[from] item: Leftovers
|turn|10
|
|switch|p1a: Overqwil|Overqwil, F, shiny|100/100
|-damage|p1a: Overqwil|88/100|[from] Stealth Rock
|move|p2a: Rotom|Hydro Pump|p1a: Overqwil
|-damage|p1a: Overqwil|24/100
|-enditem|p1a: Overqwil|Red Card|[of] p2a: Rotom
|drag|p2a: Gholdengo|Gholdengo|100/100
|-item|p2a: Gholdengo|Air Balloon
|
|turn|11
|
|move|p1a: Overqwil|Crunch|p2a: Gholdengo
|-supereffective|p2a: Gholdengo
|-damage|p2a: Gholdengo|9/100
|-unboost|p2a: Gholdengo|def|1
|-enditem|p2a: Gholdengo|Air Balloon
|move|p2a: Gholdengo|Shadow Ball|p1a: Overqwil
|-resisted|p1a: Overqwil
|-damage|p1a: Overqwil|0 fnt
|faint|p1a: Overqwil
|
|
|switch|p1a: Braviary|Braviary-Hisui, M, shiny|100/100
|-damage|p1a: Braviary|76/100|[from] Stealth Rock
|turn|12
|
|move|p2a: Gholdengo|Shadow Ball|p1a: Braviary
|-supereffective|p1a: Braviary
|-damage|p1a: Braviary|0 fnt
|faint|p1a: Braviary
|
|
|switch|p1a: Arcanine|Arcanine-Hisui, M, shiny|76/100
|-damage|p1a: Arcanine|51/100|[from] Stealth Rock
|turn|13
|
|move|p1a: Arcanine|Flare Blitz|p2a: Gholdengo
|-supereffective|p2a: Gholdengo
|-damage|p2a: Gholdengo|0 fnt
|faint|p2a: Gholdengo
|
|
|switch|p2a: Iron Valiant|Iron Valiant|100/100
|-damage|p2a: Iron Valiant|88/100|[from] Spikes
|-enditem|p2a: Iron Valiant|Booster Energy
|-activate|p2a: Iron Valiant|ability: Quark Drive|[fromitem]
|-start|p2a: Iron Valiant|quarkdrivespe
|turn|14
|
|-terastallize|p1a: Arcanine|Fire
|move|p2a: Iron Valiant|Aura Sphere|p1a: Arcanine
|-damage|p1a: Arcanine|0 fnt
|faint|p1a: Arcanine
|
|
|switch|p1a: Regidrago|Regidrago, shiny|100/100
|-damage|p1a: Regidrago|88/100|[from] Stealth Rock
|turn|15
|
|move|p2a: Iron Valiant|Moonblast|p1a: Regidrago
|-supereffective|p1a: Regidrago
|-damage|p1a: Regidrago|0 fnt
|faint|p1a: Regidrago
|
|win|p2
