|poke|p1|Zapdos-Galar|
|poke|p1|Chien-Pao|
|poke|p1|Iron Treads|
|poke|p1|Gholdengo|
|poke|p1|Magearna|
|poke|p1|Garchomp, M|
|poke|p2|Muk-Alola, F|
|poke|p2|Enamorus, F|
|poke|p2|Iron Treads|
|poke|p2|Dragapult, F|
|poke|p2|Landorus-Therian, M|
|poke|p2|Tauros-Paldea-Aqua, M|
|teampreview
|
|start
|switch|p1a: Iron Treads|Iron Treads|100/100
|switch|p2a: Landorus|Landorus-Therian, M|100/100
|-ability|p2a: Landorus|Intimidate|boost
|-unboost|p1a: Iron Treads|atk|1
|turn|1
|
|move|p1a: Iron Treads|Stealth Rock|p2a: Landorus
|-sidestart|p2: Pokemh|move: Stealth Rock
|move|p2a: Landorus|Stealth Rock|p1a: Iron Treads
|-sidestart|p1: sumofsquares|move: Stealth Rock
|
|turn|2
|
|move|p1a: Iron Treads|Rapid Spin|p2a: Landorus
|-damage|p2a: Landorus|93/100
|-boost|p1a: Iron Treads|spe|1
|-damage|p1a: Iron Treads|84/100|[from] item: Rocky Helmet|[of] p2a: Landorus
|-sideend|p1: sumofsquares|Stealth Rock|[from] move: Rapid Spin|[of] p1a: Iron Treads
|move|p2a: Landorus|Earthquake|p1a: Iron Treads
|-supereffective|p1a: Iron Treads
|-damage|p1a: Iron Treads|5/100
|
|turn|3
|
|-end|p1a: Iron Treads|Quark Drive|[silent]
|switch|p1a: Chicken|Zapdos-Galar|100/100
|move|p2a: Landorus|Stealth Rock|p1a: Chicken
|-sidestart|p1: sumofsquares|move: Stealth Rock
|
|turn|4
|
|switch|p2a: Muk|Muk-Alola, F|100/100
|-damage|p2a: Muk|88/100|[from] Stealth Rock
|move|p1a: Chicken|Bulk Up|p1a: Chicken
|-boost|p1a: Chicken|atk|1
|-boost|p1a: Chicken|def|1
|
|-heal|p2a: Muk|94/100|[from] item: Leftovers
|turn|5
|
|move|p1a: Chicken|Thunderous Kick|p2a: Muk
|-damage|p2a: Muk|16/100
|-unboost|p2a: Muk|def|1
|move|p2a: Muk|Poison Jab|p1a: Chicken
|-damage|p1a: Chicken|79/100
|-status|p1a: Chicken|psn
|
|-heal|p1a: Chicken|85/100 psn|[from] item: Leftovers
|-heal|p2a: Muk|23/100|[from] item: Leftovers
|-damage|p1a: Chicken|73/100 psn|[from] psn
|turn|6
|
|move|p2a: Muk|Protect|p2a: Muk
|-singleturn|p2a: Muk|Protect
|move|p1a: Chicken|Trailblaze|p2a: Muk
|-activate|p2a: Muk|move: Protect
|
|-heal|p1a: Chicken|79/100 psn|[from] item: Leftovers
|-heal|p2a: Muk|29/100|[from] item: Leftovers
|-damage|p1a: Chicken|67/100 psn|[from] psn
|turn|7
|
|move|p1a: Chicken|Trailblaze|p2a: Muk
|-resisted|p2a: Muk
|-damage|p2a: Muk|8/100
|-boost|p1a: Chicken|spe|1
|move|p2a: Muk|Poison Jab|p1a: Chicken
|-damage|p1a: Chicken|43/100 psn
|
|-heal|p1a: Chicken|49/100 psn|[from] item: Leftovers
|-heal|p2a: Muk|14/100|[from] item: Leftovers
|-damage|p1a: Chicken|37/100 psn|[from] psn
|turn|8
|
|move|p2a: Muk|Protect|p2a: Muk
|-singleturn|p2a: Muk|Protect
|move|p1a: Chicken|Thunderous Kick|p2a: Muk
|-activate|p2a: Muk|move: Protect
|
|-heal|p1a: Chicken|43/100 psn|[from] item: Leftovers
|-heal|p2a: Muk|20/100|[from] item: Leftovers
|-damage|p1a: Chicken|31/100 psn|[from] psn
|turn|9
|
|switch|p2a: Dragapult|Dragapult, F|100/100
|-damage|p2a: Dragapult|88/100|[from] Stealth Rock
|move|p1a: Chicken|Thunderous Kick|p2a: Dragapult
|-immune|p2a: Dragapult
|
|-heal|p1a: Chicken|37/100 psn|[from] item: Leftovers
|-damage|p1a: Chicken|24/100 psn|[from] psn
|turn|10
|
|switch|p2a: Landorus|Landorus-Therian, M|93/100
|-damage|p2a: Landorus|80/100|[from] Stealth Rock
|-ability|p2a: Landorus|Intimidate|boost
|-unboost|p1a: Chicken|atk|1
|-ability|p1a: Chicken|Defiant|boost
|-boost|p1a: Chicken|atk|2
|move|p1a: Chicken|Brave Bird|p2a: Landorus
|-damage|p2a: Landorus|0 fnt
|-damage|p1a: Chicken|8/100 psn|[from] item: Rocky Helmet|[of] p2a: Landorus
|faint|p2a: Landorus
|-damage|p1a: Chicken|0 fnt|[from] Recoil
|faint|p1a: Chicken
|
|
|switch|p1a: Mage of the Rage|Magearna|100/100
|switch|p2a: Tauros|Tauros-Paldea-Aqua, M|100/100
|-damage|p2a: Tauros|94/100|[from] Stealth Rock
|-ability|p2a: Tauros|Intimidate|boost
|-unboost|p1a: Mage of the Rage|atk|1
|-damage|p1a: Mage of the Rage|94/100|[from] Stealth Rock
|turn|11
|
|-terastallize|p2a: Tauros|Water
|move|p2a: Tauros|Wave Crash|p1a: Mage of the Rage
|-damage|p1a: Mage of the Rage|0 fnt
|faint|p1a: Mage of the Rage
|-damage|p2a: Tauros|57/100|[from] Recoil
|
|
|switch|p1a: Iron Treads|Iron Treads|5/100
|-damage|p1a: Iron Treads|2/100|[from] Stealth Rock
|turn|12
|
|switch|p2a: Dragapult|Dragapult, F|88/100
|-damage|p2a: Dragapult|76/100|[from] Stealth Rock
|move|p1a: Iron Treads|Rapid Spin|p2a: Dragapult
|-immune|p2a: Dragapult
|
|turn|13
|
|move|p2a: Dragapult|Shadow Ball|p1a: Iron Treads
|-damage|p1a: Iron Treads|0 fnt
|faint|p1a: Iron Treads
|-end|p1a: Iron Treads|Quark Drive|[silent]
|
|
|switch|p1a: Hammerhead|Garchomp, M|100/100
|-damage|p1a: Hammerhead|94/100|[from] Stealth Rock
|turn|14
|
|switch|p2a: Enamorus|Enamorus, F|100/100
|-damage|p2a: Enamorus|76/100|[from] Stealth Rock
|move|p1a: Hammerhead|Earthquake|p2a: Enamorus
|-immune|p2a: Enamorus
|
|turn|15
|
|move|p2a: Enamorus|Mystical Fire|p1a: Hammerhead
|-resisted|p1a: Hammerhead
|-damage|p1a: Hammerhead|74/100
|-unboost|p1a: Hammerhead|spa|1
|move|p1a: Hammerhead|Fire Fang|p2a: Enamorus
|-damage|p2a: Enamorus|39/100
|-start|p1a: Hammerhead|Attract|[from] ability: Cute Charm|[of] p2a: Enamorus
|
|turn|16
|
|switch|p2a: Muk|Muk-Alola, F|20/100
|-end|p1a: Hammerhead|Attract|[silent]
|-damage|p2a: Muk|8/100|[from] Stealth Rock
|move|p1a: Hammerhead|Fire Fang|p2a: Muk
|-damage|p2a: Muk|0 fnt
|faint|p2a: Muk
|
|
|switch|p2a: Enamorus|Enamorus, F|39/100
|-damage|p2a: Enamorus|14/100|[from] Stealth Rock
|turn|17
|
|move|p2a: Enamorus|Moonblast|p1a: Hammerhead
|-supereffective|p1a: Hammerhead
|-damage|p1a: Hammerhead|0 fnt
|faint|p1a: Hammerhead
|
|
|switch|p1a: Mega Weavile|Chien-Pao|100/100
|-damage|p1a: Mega Weavile|76/100|[from] Stealth Rock
|-ability|p1a: Mega Weavile|Sword of Ruin
|turn|18
|
|move|p1a: Mega Weavile|Ice Spinner|p2a: Enamorus
|-supereffective|p2a: Enamorus
|-damage|p2a: Enamorus|0 fnt
|faint|p2a: Enamorus
|
|
|switch|p2a: Tauros|Tauros-Paldea-Aqua, M, tera:Water|57/100
|-damage|p2a: Tauros|44/100|[from] Stealth Rock
|-ability|p2a: Tauros|Intimidate|boost
|-unboost|p1a: Mega Weavile|atk|1
|turn|19
|
|switch|p1a: Gholdengo|Gholdengo|100/100
|-damage|p1a: Gholdengo|94/100|[from] Stealth Rock
|-item|p1a: Gholdengo|Air Balloon
|move|p2a: Tauros|Wave Crash|p1a: Gholdengo
|-crit|p1a: Gholdengo
|-damage|p1a: Gholdengo|0 fnt
|-enditem|p1a: Gholdengo|Air Balloon
|faint|p1a: Gholdengo
|-damage|p2a: Tauros|11/100|[from] Recoil
|
|
|switch|p1a: Mega Weavile|Chien-Pao|76/100
|-damage|p1a: Mega Weavile|51/100|[from] Stealth Rock
|-ability|p1a: Mega Weavile|Sword of Ruin
|turn|20
|
|move|p1a: Mega Weavile|Ice Spinner|p2a: Tauros
|-resisted|p2a: Tauros
|-damage|p2a: Tauros|0 fnt
|faint|p2a: Tauros
|
|
|switch|p2a: Dragapult|Dragapult, F|76/100
|-damage|p2a: Dragapult|64/100|[from] Stealth Rock
|turn|21
|
|move|p1a: Mega Weavile|Sucker Punch|p2a: Dragapult
|-supereffective|p2a: Dragapult
|-crit|p2a: Dragapult
|-damage|p2a: Dragapult|0 fnt
|faint|p2a: Dragapult
|
|
|switch|p2a: Iron Treads|Iron Treads|100/100
|-damage|p2a: Iron Treads|97/100|[from] Stealth Rock
|-enditem|p2a: Iron Treads|Booster Energy
|-activate|p2a: Iron Treads|ability: Quark Drive|[fromitem]
|-start|p2a: Iron Treads|quarkdrivespe
|turn|22
|
|-terastallize|p1a: Mega Weavile|Dark
|move|p2a: Iron Treads|Earthquake|p1a: Mega Weavile
|-damage|p1a: Mega Weavile|0 fnt
|faint|p1a: Mega Weavile
|
|win|Pokemh
