|poke|p1|Garchomp, M|
|poke|p1|Meowscarada, M|
|poke|p1|Quaquaval, M|
|poke|p1|Skeledirge, M|
|poke|p1|Kingambit, F|
|poke|p1|Pawmot, M|
|poke|p2|Zamazenta-*|
|poke|p2|Hoopa-Unbound|
|poke|p2|Rotom-Wash|
|poke|p2|Urshifu-*, M|
|poke|p2|Garchomp, F|
|poke|p2|Great Tusk|
|teampreview
|
|start
|switch|p1a: Garchomp|Garchomp, M|100/100
|switch|p2a: Rotom|Rotom-Wash|100/100
|turn|1
|
|move|p1a: Garchomp|Stealth Rock|p2a: Rotom
|-sidestart|p2: p2|move: Stealth Rock
|move|p2a: Rotom|Trick|p1a: Garchomp
|-activate|p2a: Rotom|move: Trick|[of] p1a: Garchomp
|-item|p1a: Garchomp|Choice Specs|[from] move: Trick
|-item|p2a: Rotom|Rocky Helmet|[from] move: Trick
|
|turn|2
|
|move|p1a: Garchomp|Iron Head|p2a: Rotom
|-resisted|p2a: Rotom
|-damage|p2a: Rotom|95/100
|-damage|p1a: Garchomp|84/100|[from] item: Rocky Helmet|[of] p2a: Rotom
|cant|p2a: Rotom|flinch
|
|turn|3
|
|switch|p1a: Meowscarada|Meowscarada, M|100/100
|move|p2a: Rotom|Hydro Pump|p1a: Meowscarada
|-resisted|p1a: Meowscarada
|-damage|p1a: Meowscarada|69/100
|
|turn|4
|
|move|p1a: Meowscarada|Flower Trick|p2a: Rotom
|-start|p1a: Meowscarada|typechange|Grass|[from] ability: Protean
|-supereffective|p2a: Rotom
|-crit|p2a: Rotom
|-damage|p2a: Rotom|6/100
|move|p2a: Rotom|Will-O-Wisp|p1a: Meowscarada
|-status|p1a: Meowscarada|brn
|
|-damage|p1a: Meowscarada|63/100 brn|[from] brn
|turn|5
|
|move|p1a: Meowscarada|Knock Off|p2a: Rotom
|-damage|p2a: Rotom|0 fnt
|-damage|p1a: Meowscarada|46/100 brn|[from] item: Rocky Helmet|[of] p2a: Rotom
|-enditem|p2a: Rotom|Rocky Helmet|[from] move: Knock Off|[of] p1a: Meowscarada
|faint|p2a: Rotom
|
|-damage|p1a: Meowscarada|40/100 brn|[from] brn
|
|switch|p2a: Garchomp|Garchomp, F|100/100
|-damage|p2a: Garchomp|94/100|[from] Stealth Rock
|turn|6
|
|move|p1a: Meowscarada|Flower Trick|p2a: Garchomp
|-crit|p2a: Garchomp
|-damage|p2a: Garchomp|80/100
|move|p2a: Garchomp|Stealth Rock|p1a: Meowscarada
|-sidestart|p1: p1|move: Stealth Rock
|
|-damage|p1a: Meowscarada|34/100 brn|[from] brn
|turn|7
|
|switch|p2a: Great Tusk|Great Tusk|100/100
|-damage|p2a: Great Tusk|97/100|[from] Stealth Rock
|move|p1a: Meowscarada|Knock Off|p2a: Great Tusk
|-resisted|p2a: Great Tusk
|-damage|p2a: Great Tusk|94/100
|-enditem|p2a: Great Tusk|Leftovers|[from] move: Knock Off|[of] p1a: Meowscarada
|
|-damage|p1a: Meowscarada|28/100 brn|[from] brn
|turn|8
|
|move|p1a: Meowscarada|Flower Trick|p2a: Great Tusk
|-supereffective|p2a: Great Tusk
|-crit|p2a: Great Tusk
|-damage|p2a: Great Tusk|66/100
|move|p2a: Great Tusk|Rapid Spin|p1a: Meowscarada
|-damage|p1a: Meowscarada|7/100 brn
|-boost|p2a: Great Tusk|spe|1
|-sideend|p2: p2|Stealth Rock|[from] move: Rapid Spin|[of] p2a: Great Tusk
|
|-damage|p1a: Meowscarada|0 fnt|[from] brn
|faint|p1a: Meowscarada
|
|switch|p1a: Garchomp|Garchomp, M|84/100
|-damage|p1a: Garchomp|78/100|[from] Stealth Rock
|turn|9
|
|move|p1a: Garchomp|Outrage|p2a: Great Tusk
|-damage|p2a: Great Tusk|36/100
|move|p2a: Great Tusk|Earthquake|p1a: Garchomp
|-damage|p1a: Garchomp|38/100
|
|turn|10
|
|move|p1a: Garchomp|Outrage|p2a: Great Tusk|[from]lockedmove
|-damage|p2a: Great Tusk|8/100
|-start|p1a: Garchomp|confusion|[fatigue]
|move|p2a: Great Tusk|Earthquake|p1a: Garchomp
|-damage|p1a: Garchomp|0 fnt
|faint|p1a: Garchomp
|
|
|switch|p1a: Kingambit|Kingambit, F|100/100
|-activate|p1a: Kingambit|ability: Supreme Overlord
|-start|p1a: Kingambit|fallen2|[silent]
|turn|11
|
|move|p1a: Kingambit|Sucker Punch|p2a: Great Tusk
|-resisted|p2a: Great Tusk
|-damage|p2a: Great Tusk|0 fnt
|faint|p2a: Great Tusk
|-end|p2a: Great Tusk|Protosynthesis|[silent]
|
|
|switch|p2a: Garchomp|Garchomp, F|80/100
|turn|12
|
|-terastallize|p1a: Kingambit|Dark
|move|p1a: Kingambit|Swords Dance|p1a: Kingambit
|-boost|p1a: Kingambit|atk|2
|move|p2a: Garchomp|Dragon Tail|p1a: Kingambit
|-damage|p1a: Kingambit|81/100
|-end|p1a: Kingambit|fallen2|[silent]
|drag|p1a: Quaquaval|Quaquaval, M|100/100
|-damage|p1a: Quaquaval|94/100|[from] Stealth Rock
|
|turn|13
|
|move|p1a: Quaquaval|Ice Spinner|p2a: Garchomp
|-supereffective|p2a: Garchomp
|-damage|p2a: Garchomp|1/100
|-damage|p1a: Quaquaval|82/100|[from] ability: Rough Skin|[of] p2a: Garchomp
|-damage|p1a: Quaquaval|66/100|[from] item: Rocky Helmet|[of] p2a: Garchomp
|-damage|p1a: Quaquaval|56/100|[from] item: Life Orb
|move|p2a: Garchomp|Spikes|p1a: Quaquaval
|-sidestart|p1: p1|Spikes
|
|turn|14
|
|move|p1a: Quaquaval|Aqua Step|p2a: Garchomp
|-damage|p2a: Garchomp|0 fnt
|-boost|p1a: Quaquaval|spe|1
|-damage|p1a: Quaquaval|44/100|[from] ability: Rough Skin|[of] p2a: Garchomp
|-damage|p1a: Quaquaval|27/100|[from] item: Rocky Helmet|[of] p2a: Garchomp
|faint|p2a: Garchomp
|-ability|p1a: Quaquaval|Moxie|boost
|-boost|p1a: Quaquaval|atk|1
|-damage|p1a: Quaquaval|17/100|[from] item: Life Orb
|
|
|switch|p2a: Urshifu|Urshifu-Rapid-Strike, M|100/100
|turn|15
|
|move|p1a: Quaquaval|Close Combat|p2a: Urshifu
|-damage|p2a: Urshifu|0 fnt
|-unboost|p1a: Quaquaval|def|1
|-unboost|p1a: Quaquaval|spd|1
|faint|p2a: Urshifu
|-ability|p1a: Quaquaval|Moxie|boost
|-boost|p1a: Quaquaval|atk|1
|-damage|p1a: Quaquaval|7/100|[from] item: Life Orb
|
|
|switch|p2a: Zamazenta|Zamazenta-Crowned|100/100
|-ability|p2a: Zamazenta|Dauntless Shield|boost
|-boost|p2a: Zamazenta|def|1
|turn|16
|
|-terastallize|p2a: Zamazenta|Ghost
|move|p1a: Quaquaval|Close Combat|p2a: Zamazenta
|-immune|p2a: Zamazenta
|move|p2a: Zamazenta|Iron Defense|p2a: Zamazenta
|-boost|p2a: Zamazenta|def|2
|
|turn|17
|
|move|p1a: Quaquaval|Aqua Step|p2a: Zamazenta
|-damage|p2a: Zamazenta|78/100
|-boost|p1a: Quaquaval|spe|1
|-damage|p1a: Quaquaval|0 fnt|[from] item: Life Orb
|faint|p1a: Quaquaval
|move|p2a: Zamazenta|Iron Defense|p2a: Zamazenta
|-boost|p2a: Zamazenta|def|2
|
|
|switch|p1a: Skeledirge|Skeledirge, M|100/100
|-damage|p1a: Skeledirge|76/100|[from] Stealth Rock
|-damage|p1a: Skeledirge|63/100|[from] Spikes
|turn|18
|
|move|p1a: Skeledirge|Shadow Ball|p2a: Zamazenta
|-supereffective|p2a: Zamazenta
|-damage|p2a: Zamazenta|16/100
|move|p2a: Zamazenta|Crunch|p1a: Skeledirge
|-supereffective|p1a: Skeledirge
|-damage|p1a: Skeledirge|13/100
|
|turn|19
|
|move|p1a: Skeledirge|Shadow Ball|p2a: Zamazenta
|-supereffective|p2a: Zamazenta
|-damage|p2a: Zamazenta|0 fnt
|faint|p2a: Zamazenta
|
|
|switch|p2a: Hoopa|Hoopa-Unbound|100/100
|turn|20
|
|move|p1a: Skeledirge|Shadow Ball|p2a: Hoopa
|-damage|p2a: Hoopa|82/100
|-unboost|p2a: Hoopa|spd|1
|move|p2a: Hoopa|Knock Off|p1a: Skeledirge
|-supereffective|p1a: Skeledirge
|-damage|p1a: Skeledirge|0 fnt
|-enditem|p1a: Skeledirge|Choice Scarf|[from] move: Knock Off|[of] p2a: Hoopa
|faint|p1a: Skeledirge
|
|
|switch|p1a: Kingambit|Kingambit, F, tera:Dark|81/100
|-activate|p1a: Kingambit|ability: Supreme Overlord
|-start|p1a: Kingambit|fallen4|[silent]
|turn|21
|
|move|p2a: Hoopa|Brick Break|p1a: Kingambit
|-supereffective|p1a: Kingambit
|-damage|p1a: Kingambit|26/100
|move|p1a: Kingambit|Kowtow Cleave|p2a: Hoopa
|-damage|p2a: Hoopa|0 fnt
|faint|p2a: Hoopa
|
|win|p1
