|poke|p1|Sneasler, F|
|poke|p1|Indeedee, M|
|poke|p1|Magearna|
|poke|p1|Chien-Pao|
|poke|p1|Iron Treads|
|poke|p1|Volcarona, M|
|poke|p2|Goodra, F|
|poke|p2|Arcanine-Hisui, M|
|poke|p2|Kleavor, M|
|poke|p2|Delphox, F|
|poke|p2|Bellibolt, F|
|poke|p2|Sneasler, M|
|teampreview
|
|start
|switch|p1a: Iron Treads|Iron Treads|100/100
|switch|p2a: Kleavor|Kleavor, M|100/100
|turn|1
|
|switch|p2a: Goodra|Goodra, F|100/100
|move|p1a: Iron Treads|Rapid Spin|p2a: Goodra
|-damage|p2a: Goodra|81/100
|-boost|p1a: Iron Treads|spe|1
|
|turn|2
|
|move|p1a: Iron Treads|Stealth Rock|p2a: Goodra
|-sidestart|p2: p2|move: Stealth Rock
|move|p2a: Goodra|Flamethrower|p1a: Iron Treads
|-supereffective|p1a: Iron Treads
|-damage|p1a: Iron Treads|11/100
|
|turn|3
|
|move|p1a: Iron Treads|Earthquake|p2a: Goodra
|-damage|p2a: Goodra|23/100
|move|p2a: Goodra|Flamethrower|p1a: Iron Treads
|-supereffective|p1a: Iron Treads
|-damage|p1a: Iron Treads|0 fnt
|faint|p1a: Iron Treads
|-end|p1a: Iron Treads|Quark Drive|[silent]
|
|
|switch|p1a: Chien-Pao|Chien-Pao|100/100
|-ability|p1a: Chien-Pao|Sword of Ruin
|turn|4
|
|move|p1a: Chien-Pao|Icicle Crash|p2a: Goodra
|-supereffective|p2a: Goodra
|-damage|p2a: Goodra|0 fnt
|faint|p2a: Goodra
|
|
|switch|p2a: Arcanine|Arcanine-Hisui, M|100/100
|-damage|p2a: Arcanine|76/100|[from] Stealth Rock
|turn|5
|
|move|p2a: Arcanine|Flare Blitz|p1a: Chien-Pao
|-supereffective|p1a: Chien-Pao
|-enditem|p1a: Chien-Pao|Focus Sash
|-damage|p1a: Chien-Pao|1/100
|move|p1a: Chien-Pao|Sacred Sword|p2a: Arcanine
|-supereffective|p2a: Arcanine
|-damage|p2a: Arcanine|0 fnt
|faint|p2a: Arcanine
|
|
|switch|p2a: Kleavor|Kleavor, M|100/100
|-damage|p2a: Kleavor|76/100|[from] Stealth Rock
|turn|6
|
|move|p1a: Chien-Pao|Sacred Sword|p2a: Kleavor
|-damage|p2a: Kleavor|29/100
|move|p2a: Kleavor|Stone Axe|p1a: Chien-Pao
|-supereffective|p1a: Chien-Pao
|-damage|p1a: Chien-Pao|0 fnt
|-sidestart|p1: p1|move: Stealth Rock
|faint|p1a: Chien-Pao
|
|
|switch|p1a: Volcarona|Volcarona, M|100/100
|turn|7
|
|move|p1a: Volcarona|Giga Drain|p2a: Kleavor
|-damage|p2a: Kleavor|0 fnt
|faint|p2a: Kleavor
|
|
|switch|p2a: Bellibolt|Bellibolt, F|100/100
|-damage|p2a: Bellibolt|88/100|[from] Stealth Rock
|turn|8
|
|move|p1a: Volcarona|Quiver Dance|p1a: Volcarona
|-boost|p1a: Volcarona|spa|1
|-boost|p1a: Volcarona|spd|1
|-boost|p1a: Volcarona|spe|1
|move|p2a: Bellibolt|Acid Spray|p1a: Volcarona
|-damage|p1a: Volcarona|93/100
|-unboost|p1a: Volcarona|spd|2
|
|-heal|p2a: Bellibolt|94/100|[from] item: Leftovers
|turn|9
|
|move|p1a: Volcarona|Quiver Dance|p1a: Volcarona
|-boost|p1a: Volcarona|spa|1
|-boost|p1a: Volcarona|spd|1
|-boost|p1a: Volcarona|spe|1
|move|p2a: Bellibolt|Soak|p1a: Volcarona
|-start|p1a: Volcarona|typechange|Water
|
|-heal|p2a: Bellibolt|100/100|[from] item: Leftovers
|turn|10
|
|move|p1a: Volcarona|Quiver Dance|p1a: Volcarona
|-boost|p1a: Volcarona|spa|1
|-boost|p1a: Volcarona|spd|1
|-boost|p1a: Volcarona|spe|1
|move|p2a: Bellibolt|Acid Spray|p1a: Volcarona
|-damage|p1a: Volcarona|86/100
|-unboost|p1a: Volcarona|spd|2
|
|turn|11
|
|move|p1a: Volcarona|Quiver Dance|p1a: Volcarona
|-boost|p1a: Volcarona|spa|1
|-boost|p1a: Volcarona|spd|1
|-boost|p1a: Volcarona|spe|1
|move|p2a: Bellibolt|Parabolic Charge|p1a: Volcarona
|-supereffective|p1a: Volcarona
|-damage|p1a: Volcarona|38/100
|
|turn|12
|
|move|p1a: Volcarona|Fiery Dance|p2a: Bellibolt
|-damage|p2a: Bellibolt|40/100
|-start|p2a: Bellibolt|Charge|Fiery Dance|[from] ability: Electromorphosis
|move|p2a: Bellibolt|Parabolic Charge|p1a: Volcarona
|-supereffective|p1a: Volcarona
|-damage|p1a: Volcarona|0 fnt
|-heal|p2a: Bellibolt|54/100|[from] drain|[of] p1a: Volcarona
|faint|p1a: Volcarona
|-end|p2a: Bellibolt|Charge|[silent]
|
|-heal|p2a: Bellibolt|60/100|[from] item: Leftovers
|
|switch|p1a: Magearna|Magearna|100/100
|-damage|p1a: Magearna|94/100|[from] Stealth Rock
|turn|13
|
|move|p1a: Magearna|Calm Mind|p1a: Magearna
|-boost|p1a: Magearna|spa|1
|-boost|p1a: Magearna|spd|1
|move|p2a: Bellibolt|Soak|p1a: Magearna
|-start|p1a: Magearna|typechange|Water
|
|-heal|p1a: Magearna|100/100|[from] item: Leftovers
|-heal|p2a: Bellibolt|67/100|[from] item: Leftovers
|turn|14
|
|move|p1a: Magearna|Shift Gear|p1a: Magearna
|-boost|p1a: Magearna|spe|2
|-boost|p1a: Magearna|atk|1
|move|p2a: Bellibolt|Acid Spray|p1a: Magearna
|-damage|p1a: Magearna|95/100
|-unboost|p1a: Magearna|spd|2
|
|-heal|p1a: Magearna|100/100|[from] item: Leftovers
|-heal|p2a: Bellibolt|73/100|[from] item: Leftovers
|turn|15
|
|move|p1a: Magearna|Calm Mind|p1a: Magearna
|-boost|p1a: Magearna|spa|1
|-boost|p1a: Magearna|spd|1
|move|p2a: Bellibolt|Parabolic Charge|p1a: Magearna
|-supereffective|p1a: Magearna
|-damage|p1a: Magearna|59/100
|-heal|p2a: Bellibolt|91/100|[from] drain|[of] p1a: Magearna
|
|-heal|p1a: Magearna|65/100|[from] item: Leftovers
|-heal|p2a: Bellibolt|97/100|[from] item: Leftovers
|turn|16
|
|move|p1a: Magearna|Calm Mind|p1a: Magearna
|-boost|p1a: Magearna|spa|1
|-boost|p1a: Magearna|spd|1
|move|p2a: Bellibolt|Parabolic Charge|p1a: Magearna
|-supereffective|p1a: Magearna
|-damage|p1a: Magearna|40/100
|-heal|p2a: Bellibolt|100/100|[from] drain|[of] p1a: Magearna
|
|-heal|p1a: Magearna|46/100|[from] item: Leftovers
|turn|17
|
|move|p1a: Magearna|Shift Gear|p1a: Magearna
|-boost|p1a: Magearna|spe|2
|-boost|p1a: Magearna|atk|1
|move|p2a: Bellibolt|Acid Spray|p1a: Magearna
|-damage|p1a: Magearna|40/100
|-unboost|p1a: Magearna|spd|2
|
|-heal|p1a: Magearna|46/100|[from] item: Leftovers
|turn|18
|
|move|p1a: Magearna|Calm Mind|p1a: Magearna
|-boost|p1a: Magearna|spa|1
|-boost|p1a: Magearna|spd|1
|move|p2a: Bellibolt|Parabolic Charge|p1a: Magearna
|-supereffective|p1a: Magearna
|-damage|p1a: Magearna|6/100
|
|-heal|p1a: Magearna|12/100|[from] item: Leftovers
|turn|19
|
|move|p1a: Magearna|Stored Power|p2a: Bellibolt
|-damage|p2a: Bellibolt|0 fnt
|faint|p2a: Bellibolt
|-ability|p1a: Magearna|Soul-Heart|boost
|-boost|p1a: Magearna|spa|1
|
|-heal|p1a: Magearna|18/100|[from] item: Leftovers
|
|switch|p2a: Delphox|Delphox, F|100/100
|-damage|p2a: Delphox|75/100|[from] Stealth Rock
|turn|20
|
|-terastallize|p1a: Magearna|Water
|move|p1a: Magearna|Tera Blast|p2a: Delphox
|-supereffective|p2a: Delphox
|-damage|p2a: Delphox|0 fnt
|faint|p2a: Delphox
|-ability|p1a: Magearna|Soul-Heart|boost
|-boost|p1a: Magearna|spa|1
|
|-heal|p1a: Magearna|24/100|[from] item: Leftovers
|-message|p2 forfeited.
|
|win|p1
