|poke|p1|Samurott-Hisui, F|
|poke|p1|Dragapult, F|
|poke|p1|Sneasler, F|
|poke|p1|Magearna|
|poke|p1|Volcarona, M|
|poke|p1|Zamazenta-*|
|poke|p2|Magearna|
|poke|p2|Volcanion|
|poke|p2|Landorus-Therian, M|
|poke|p2|Zapdos|
|poke|p2|Skeledirge, F|
|poke|p2|Zamazenta-*|
|teampreview
|
|start
|switch|p1a: Samurott|Samurott-Hisui, F|100/100
|switch|p2a: Zapdos|Zapdos|100/100
|turn|1
|
|move|p1a: Samurott|Ceaseless Edge|p2a: Zapdos
|-damage|p2a: Zapdos|52/100
|-sidestart|p2: p2|Spikes
|move|p2a: Zapdos|Discharge|p1a: Samurott
|-supereffective|p1a: Samurott
|-enditem|p1a: Samurott|Focus Sash
|-damage|p1a: Samurott|1/100
|
|turn|2
|
|move|p1a: Samurott|Razor Shell|p2a: Zapdos
|-damage|p2a: Zapdos|0 fnt
|-status|p1a: Samurott|par|[from] ability: Static|[of] p2a: Zapdos
|faint|p2a: Zapdos
|
|
|switch|p2a: Landorus|Landorus-Therian, M|100/100
|-ability|p2a: Landorus|Intimidate|boost
|-unboost|p1a: Samurott|atk|1
|turn|3
|
|switch|p1a: Dragapult|Dragapult, F|100/100
|move|p2a: Landorus|U-turn|p1a: Dragapult
|-resisted|p1a: Dragapult
|-damage|p1a: Dragapult|84/100
|
|switch|p2a: Magearna|Magearna|100/100|[from] U-turn
|-damage|p2a: Magearna|88/100|[from] Spikes
|
|turn|4
|
|move|p1a: Dragapult|Light Screen|p1a: Dragapult
|-sidestart|p1: p1|move: Light Screen
|move|p2a: Magearna|Draining Kiss|p1a: Dragapult
|-supereffective|p1a: Dragapult
|-damage|p1a: Dragapult|60/100
|-heal|p2a: Magearna|100/100|[from] drain|[of] p1a: Dragapult
|
|turn|5
|
|move|p1a: Dragapult|Curse|p2a: Magearna
|-start|p2a: Magearna|Curse|[of] p1a: Dragapult
|-damage|p1a: Dragapult|11/100
|move|p2a: Magearna|Calm Mind|p2a: Magearna
|-boost|p2a: Magearna|spa|1
|-boost|p2a: Magearna|spd|1
|
|-damage|p2a: Magearna|75/100|[from] Curse
|turn|6
|
|switch|p1a: Volcarona|Volcarona, M|100/100
|move|p2a: Magearna|Draining Kiss|p1a: Volcarona
|-resisted|p1a: Volcarona
|-damage|p1a: Volcarona|92/100
|-heal|p2a: Magearna|81/100|[from] drain|[of] p1a: Volcarona
|
|-damage|p2a: Magearna|56/100|[from] Curse
|turn|7
|
|switch|p2a: Skeledirge|Skeledirge, F|100/100
|move|p1a: Volcarona|Quiver Dance|p1a: Volcarona
|-boost|p1a: Volcarona|spa|1
|-boost|p1a: Volcarona|spd|1
|-boost|p1a: Volcarona|spe|1
|
|turn|8
|
|-terastallize|p1a: Volcarona|Ground
|move|p1a: Volcarona|Tera Blast|p2a: Skeledirge
|-supereffective|p2a: Skeledirge
|-damage|p2a: Skeledirge|34/100
|move|p2a: Skeledirge|Torch Song|p1a: Volcarona
|-damage|p1a: Volcarona|74/100
|-boost|p2a: Skeledirge|spa|1
|
|turn|9
|
|move|p1a: Volcarona|Tera Blast|p2a: Skeledirge
|-supereffective|p2a: Skeledirge
|-damage|p2a: Skeledirge|0 fnt
|faint|p2a: Skeledirge
|
|
|switch|p2a: Volcanion|Volcanion|100/100
|turn|10
|
|move|p1a: Volcarona|Tera Blast|p2a: Volcanion
|-supereffective|p2a: Volcanion
|-damage|p2a: Volcanion|0 fnt
|faint|p2a: Volcanion
|
|
|switch|p2a: Landorus|Landorus-Therian, M|100/100
|-ability|p2a: Landorus|Intimidate|boost
|-unboost|p1a: Volcarona|atk|1
|turn|11
|
|move|p1a: Volcarona|Quiver Dance|p1a: Volcarona
|-boost|p1a: Volcarona|spa|1
|-boost|p1a: Volcarona|spd|1
|-boost|p1a: Volcarona|spe|1
|move|p2a: Landorus|Earthquake|p1a: Volcarona
|-damage|p1a: Volcarona|0 fnt
|faint|p1a: Volcarona
|
|-sideend|p1: p1|move: Light Screen
|
|switch|p1a: Zamazenta|Zamazenta-Crowned|100/100
|-ability|p1a: Zamazenta|Dauntless Shield|boost
|-boost|p1a: Zamazenta|def|1
|turn|12
|
|move|p2a: Landorus|Earthquake|p1a: Zamazenta
|-supereffective|p1a: Zamazenta
|-damage|p1a: Zamazenta|52/100
|move|p1a: Zamazenta|Iron Defense|p1a: Zamazenta
|-boost|p1a: Zamazenta|def|2
|
|turn|13
|
|move|p2a: Landorus|Earthquake|p1a: Zamazenta
|-supereffective|p1a: Zamazenta
|-damage|p1a: Zamazenta|21/100
|move|p1a: Zamazenta|Body Press|p2a: Landorus
|-resisted|p2a: Landorus
|-damage|p2a: Landorus|39/100
|
|turn|14
|
|move|p2a: Landorus|Earthquake|p1a: Zamazenta
|-supereffective|p1a: Zamazenta
|-damage|p1a: Zamazenta|0 fnt
|faint|p1a: Zamazenta
|
|
|switch|p1a: Sneasler|Sneasler, F|100/100
|-item|p1a: Sneasler|Air Balloon
|turn|15
|
|switch|p2a: Magearna|Magearna|56/100
|-damage|p2a: Magearna|44/100|[from] Spikes
|move|p1a: Sneasler|Swords Dance|p1a: Sneasler
|-boost|p1a: Sneasler|atk|2
|
|turn|16
|
|move|p1a: Sneasler|Close Combat|p2a: Magearna
|-damage|p2a: Magearna|0 fnt
|-unboost|p1a: Sneasler|def|1
|-unboost|p1a: Sneasler|spd|1
|faint|p2a: Magearna
|
|
|switch|p2a: Landorus|Landorus-Therian, M|39/100
|-ability|p2a: Landorus|Intimidate|boost
|-unboost|p1a: Sneasler|atk|1
|turn|17
|
|switch|p1a: Samurott|Samurott-Hisui, F|1/100 par
|move|p2a: Landorus|Stone Edge|p1a: Samurott
|-damage|p1a: Samurott|0 fnt
|faint|p1a: Samurott
|
|
|switch|p1a: Magearna|Magearna|100/100
|turn|18
|
|switch|p2a: Zamazenta|Zamazenta|100/100
|-damage|p2a: Zamazenta|88/100|[from] Spikes
|-ability|p2a: Zamazenta|Dauntless Shield|boost
|-boost|p2a: Zamazenta|def|1
|move|p1a: Magearna|Iron Defense|p1a: Magearna
|-boost|p1a: Magearna|def|2
|
|-heal|p2a: Zamazenta|94/100|[from] item: Leftovers
|turn|19
|
|move|p2a: Zamazenta|Iron Defense|p2a: Zamazenta
|-boost|p2a: Zamazenta|def|2
|move|p1a: Magearna|Iron Defense|p1a: Magearna
|-boost|p1a: Magearna|def|2
|
|-heal|p2a: Zamazenta|100/100|[from] item: Leftovers
|turn|20
|
|move|p2a: Zamazenta|Iron Defense|p2a: Zamazenta
|-boost|p2a: Zamazenta|def|2
|move|p1a: Magearna|Draining Kiss|p2a: Zamazenta
|-supereffective|p2a: Zamazenta
|-damage|p2a: Zamazenta|68/100
|
|-heal|p2a: Zamazenta|74/100|[from] item: Leftovers
|turn|21
|
|move|p2a: Zamazenta|Body Press|p1a: Magearna
|-damage|p1a: Magearna|74/100
|move|p1a: Magearna|Stored Power|p2a: Zamazenta
|-supereffective|p2a: Zamazenta
|-damage|p2a: Zamazenta|27/100
|
|-heal|p2a: Zamazenta|33/100|[from] item: Leftovers
|-heal|p1a: Magearna|80/100|[from] item: Leftovers
|turn|22
|
|move|p2a: Zamazenta|Protect|p2a: Zamazenta
|-singleturn|p2a: Zamazenta|Protect
|move|p1a: Magearna|Stored Power|p2a: Zamazenta
|-activate|p2a: Zamazenta|move: Protect
|
|-heal|p2a: Zamazenta|40/100|[from] item: Leftovers
|-heal|p1a: Magearna|86/100|[from] item: Leftovers
|turn|23
|
|move|p2a: Zamazenta|Body Press|p1a: Magearna
|-damage|p1a: Magearna|58/100
|move|p1a: Magearna|Draining Kiss|p2a: Zamazenta
|-supereffective|p2a: Zamazenta
|-damage|p2a: Zamazenta|7/100
|-heal|p1a: Magearna|84/100|[from] drain|[of] p2a: Zamazenta
|
|-heal|p2a: Zamazenta|13/100|[from] item: Leftovers
|-heal|p1a: Magearna|90/100|[from] item: Leftovers
|turn|24
|
|move|p2a: Zamazenta|Protect|p2a: Zamazenta
|-singleturn|p2a: Zamazenta|Protect
|move|p1a: Magearna|Draining Kiss|p2a: Zamazenta
|-activate|p2a: Zamazenta|move: Protect
|
|-heal|p2a: Zamazenta|20/100|[from] item: Leftovers
|-heal|p1a: Magearna|96/100|[from] item: Leftovers
|turn|25
|
|-terastallize|p2a: Zamazenta|Water
|move|p2a: Zamazenta|Body Press|p1a: Magearna
|-damage|p1a: Magearna|71/100
|move|p1a: Magearna|Draining Kiss|p2a: Zamazenta
|-damage|p2a: Zamazenta|3/100
|-heal|p1a: Magearna|84/100|[from] drain|[of] p2a: Zamazenta
|
|-heal|p2a: Zamazenta|10/100|[from] item: Leftovers
|-heal|p1a: Magearna|90/100|[from] item: Leftovers
|turn|26
|
|move|p2a: Zamazenta|Protect|p2a: Zamazenta
|-singleturn|p2a: Zamazenta|Protect
|move|p1a: Magearna|Stored Power|p2a: Zamazenta
|-activate|p2a: Zamazenta|move: Protect
|
|-heal|p2a: Zamazenta|16/100|[from] item: Leftovers
|-heal|p1a: Magearna|96/100|[from] item: Leftovers
|turn|27
|
|move|p2a: Zamazenta|Body Press|p1a: Magearna
|-damage|p1a: Magearna|67/100
|move|p1a: Magearna|Stored Power|p2a: Zamazenta
|-damage|p2a: Zamazenta|0 fnt
|faint|p2a: Zamazenta
|-ability|p1a: Magearna|Soul-Heart|boost
|-boost|p1a: Magearna|spa|1
|
|-heal|p1a: Magearna|73/100|[from] item: Leftovers
|
|switch|p2a: Landorus|Landorus-Therian, M|39/100
|-ability|p2a: Landorus|Intimidate|boost
|-unboost|p1a: Magearna|atk|1
|turn|28
|
|move|p2a: Landorus|Earthquake|p1a: Magearna
|-supereffective|p1a: Magearna
|-damage|p1a: Magearna|46/100
|move|p1a: Magearna|Stored Power|p2a: Landorus
|-damage|p2a: Landorus|0 fnt
|faint|p2a: Landorus
|
|win|p1
