# advantage = p1
|poke|p1|Sneasler, M|
|poke|p1|Indeedee, M|
|poke|p1|Magearna|
|poke|p1|Chien-Pao|
|poke|p1|Iron Treads|
|poke|p1|Volcarona, F|
|poke|p2|Enamorus, F|
|poke|p2|Typhlosion-Hisui, F|
|poke|p2|Hoopa-Unbound|
|poke|p2|Spidops, F|
|poke|p2|Houndstone, M|
|poke|p2|Great Tusk|
|teampreview
|
|start
|switch|p1a: Volcarona|Volcarona, F|100/100
|switch|p2a: Typhlosion|Typhlosion-Hisui, F|100/100
|-item|p1a: Volcarona|Heavy-Duty Boots|[from] ability: Frisk|[of] p2a: Typhlosion|[identify]
|turn|1
|
|move|p2a: Typhlosion|Eruption|p1a: Volcarona
|-damage|p1a: Volcarona|28/100
|move|p1a: Volcarona|Quiver Dance|p1a: Volcarona
|-boost|p1a: Volcarona|spa|1
|-boost|p1a: Volcarona|spd|1
|-boost|p1a: Volcarona|spe|1
|
|turn|2
|
|move|p1a: Volcarona|Psychic|p2a: Typhlosion
|-damage|p2a: Typhlosion|36/100
|move|p2a: Typhlosion|Eruption|p1a: Volcarona
|-damage|p1a: Volcarona|8/100
|
|turn|3
|
|move|p1a: Volcarona|Psychic|p2a: Typhlosion
|-damage|p2a: Typhlosion|0 fnt
|faint|p2a: Typhlosion
|
|
|switch|p2a: Spidops|Spidops, F|100/100
|turn|4
|
|move|p2a: Spidops|First Impression|p1a: Volcarona
|-resisted|p1a: Volcarona
|-damage|p1a: Volcarona|0 fnt
|faint|p1a: Volcarona
|
|
|switch|p1a: Iron Treads|Iron Treads|100/100
|turn|5
|
|switch|p2a: Houndstone|Houndstone, M|100/100
|move|p1a: Iron Treads|Stealth Rock|p2a: Houndstone
|-sidestart|p2: p2|move: Stealth Rock
|
|turn|6
|
|move|p1a: Iron Treads|Earthquake|p2a: Houndstone
|-damage|p2a: Houndstone|65/100
|move|p2a: Houndstone|Will-O-Wisp|p1a: Iron Treads
|-status|p1a: Iron Treads|brn
|
|-heal|p2a: Houndstone|71/100|[from] item: Leftovers
|-damage|p1a: Iron Treads|94/100 brn|[from] brn
|turn|7
|
|-end|p1a: Iron Treads|Quark Drive|[silent]
|switch|p1a: Indeedee|Indeedee, M|100/100
|-fieldstart|move: Psychic Terrain|[from] ability: Psychic Surge|[of] p1a: Indeedee
|move|p2a: Houndstone|Body Press|p1a: Indeedee
|-damage|p1a: Indeedee|49/100
|
|-heal|p2a: Houndstone|77/100|[from] item: Leftovers
|turn|8
|
|move|p2a: Houndstone|Protect|p2a: Houndstone
|-singleturn|p2a: Houndstone|Protect
|move|p1a: Indeedee|Psychic|p2a: Houndstone
|-activate|p2a: Houndstone|move: Protect
|
|-heal|p2a: Houndstone|83/100|[from] item: Leftovers
|turn|9
|
|move|p1a: Indeedee|Dazzling Gleam|p2a: Houndstone
|-damage|p2a: Houndstone|61/100
|move|p2a: Houndstone|Body Press|p1a: Indeedee
|-damage|p1a: Indeedee|0 fnt
|faint|p1a: Indeedee
|
|-heal|p2a: Houndstone|67/100|[from] item: Leftovers
|
|switch|p1a: Sneasler|Sneasler, M|100/100
|-enditem|p1a: Sneasler|Psychic Seed
|-boost|p1a: Sneasler|spd|1|[from] item: Psychic Seed
|turn|10
|-message|p1 forfeited.
|
|win|p2
