# advantage = p1
|poke|p1|Samurott-Hisui, M|
|poke|p1|Dragapult, M|
|poke|p1|Sneasler, F|
|poke|p1|Magearna|
|poke|p1|Volcarona, F|
|poke|p1|Zamazenta-*|
|poke|p2|Magearna|
|poke|p2|Ursaluna, F|
|poke|p2|Cresselia, F|
|poke|p2|Rotom-Wash|
|poke|p2|Chien-Pao|
|poke|p2|Great Tusk|
|teampreview
|
|start
|switch|p1a: Samurott|Samurott-Hisui, M|100/100
|switch|p2a: Rotom|Rotom-Wash|100/100
|turn|1
|
|move|p1a: Samurott|Ceaseless Edge|p2a: Rotom
|-damage|p2a: Rotom|46/100
|-sidestart|p2: p2|Spikes
|move|p2a: Rotom|Thunderbolt|p1a: Samurott
|-supereffective|p1a: Samurott
|-enditem|p1a: Samurott|Focus Sash
|-damage|p1a: Samurott|1/100
|
|turn|2
|
|switch|p2a: Magearna|Magearna|100/100
|-damage|p2a: Magearna|88/100|[from] Spikes
|move|p1a: Samurott|Ceaseless Edge|p2a: Magearna
|-resisted|p2a: Magearna
|-damage|p2a: Magearna|70/100
|-sidestart|p2: p2|Spikes
|
|-heal|p2a: Magearna|76/100|[from] item: Leftovers
|turn|3
|
|move|p1a: Samurott|Razor Shell|p2a: Magearna
|-damage|p2a: Magearna|30/100
|-unboost|p2a: Magearna|def|1
|move|p2a: Magearna|Trick Room|p2a: Magearna
|-fieldstart|move: Trick Room|[of] p2a: Magearna
|
|-heal|p2a: Magearna|36/100|[from] item: Leftovers
|turn|4
|
|move|p1a: Samurott|Aqua Jet|p2a: Magearna
|-damage|p2a: Magearna|8/100
|move|p2a: Magearna|Volt Switch|p1a: Samurott
|-supereffective|p1a: Samurott
|-damage|p1a: Samurott|0 fnt
|faint|p1a: Samurott
|-ability|p2a: Magearna|Soul-Heart|boost
|-boost|p2a: Magearna|spa|1
|
|switch|p2a: Great Tusk|Great Tusk|100/100|[from] Volt Switch
|-damage|p2a: Great Tusk|84/100|[from] Spikes
|
|
|switch|p1a: Dragapult|Dragapult, M|100/100
|turn|5
|
|move|p2a: Great Tusk|Stealth Rock|p1a: Dragapult
|-sidestart|p1: p1|move: Stealth Rock
|move|p1a: Dragapult|Reflect|p1a: Dragapult
|-sidestart|p1: p1|Reflect
|
|turn|6
|
|move|p2a: Great Tusk|Headlong Rush|p1a: Dragapult
|-damage|p1a: Dragapult|63/100
|-unboost|p2a: Great Tusk|def|1
|-unboost|p2a: Great Tusk|spd|1
|-enditem|p2a: Great Tusk|Eject Pack
|-start|p2a: Great Tusk|Disable|Headlong Rush|[from] ability: Cursed Body|[of] p1a: Dragapult
|
|-end|p2a: Great Tusk|Protosynthesis|[silent]
|switch|p2a: Chien-Pao|Chien-Pao|100/100
|-damage|p2a: Chien-Pao|84/100|[from] Spikes
|-ability|p2a: Chien-Pao|Sword of Ruin
|move|p1a: Dragapult|Light Screen|p1a: Dragapult
|-sidestart|p1: p1|move: Light Screen
|
|turn|7
|
|move|p1a: Dragapult|U-turn|p2a: Chien-Pao
|-supereffective|p2a: Chien-Pao
|-damage|p2a: Chien-Pao|33/100
|
|switch|p1a: Zamazenta|Zamazenta-Crowned|100/100|[from] U-turn
|-damage|p1a: Zamazenta|97/100|[from] Stealth Rock
|-ability|p1a: Zamazenta|Dauntless Shield|boost
|-boost|p1a: Zamazenta|def|1
|move|p2a: Chien-Pao|Ice Spinner|p1a: Zamazenta
|-resisted|p1a: Zamazenta
|-damage|p1a: Zamazenta|92/100
|
|-fieldend|move: Trick Room
|turn|8
|
|switch|p2a: Rotom|Rotom-Wash|46/100
|move|p1a: Zamazenta|Iron Defense|p1a: Zamazenta
|-boost|p1a: Zamazenta|def|2
|
|turn|9
|
|move|p1a: Zamazenta|Body Press|p2a: Rotom
|-damage|p2a: Rotom|0 fnt
|faint|p2a: Rotom
|
|
|switch|p2a: Chien-Pao|Chien-Pao|33/100
|-damage|p2a: Chien-Pao|16/100|[from] Spikes
|-ability|p2a: Chien-Pao|Sword of Ruin
|turn|10
|
|-terastallize|p2a: Chien-Pao|Fighting
|move|p2a: Chien-Pao|Sacred Sword|p1a: Zamazenta
|-supereffective|p1a: Zamazenta
|-damage|p1a: Zamazenta|49/100
|move|p1a: Zamazenta|Body Press|p2a: Chien-Pao
|-damage|p2a: Chien-Pao|0 fnt
|faint|p2a: Chien-Pao
|
|
|switch|p2a: Great Tusk|Great Tusk|84/100
|-damage|p2a: Great Tusk|67/100|[from] Spikes
|turn|11
|
|move|p1a: Zamazenta|Body Press|p2a: Great Tusk
|-damage|p2a: Great Tusk|0 fnt
|faint|p2a: Great Tusk
|-end|p2a: Great Tusk|Protosynthesis|[silent]
|
|
|switch|p2a: Cresselia|Cresselia, F|100/100
|turn|12
|
|move|p1a: Zamazenta|Crunch|p2a: Cresselia
|-supereffective|p2a: Cresselia
|-damage|p2a: Cresselia|71/100
|move|p2a: Cresselia|Trick Room|p2a: Cresselia
|-fieldstart|move: Trick Room|[of] p2a: Cresselia
|
|-sideend|p1: p1|Reflect
|turn|13
|
|move|p2a: Cresselia|Psychic|p1a: Zamazenta
|-damage|p1a: Zamazenta|40/100
|move|p1a: Zamazenta|Body Press|p2a: Cresselia
|-resisted|p2a: Cresselia
|-damage|p2a: Cresselia|32/100
|
|-sideend|p1: p1|move: Light Screen
|turn|14
|
|move|p2a: Cresselia|Lunar Dance|p2a: Cresselia
|faint|p2a: Cresselia
|move|p1a: Zamazenta|Iron Defense|p1a: Zamazenta
|-boost|p1a: Zamazenta|def|2
|
|
|switch|p2a: Magearna|Magearna|8/100
|-heal|p2a: Magearna|100/100|[from] move: Lunar Dance
|-damage|p2a: Magearna|84/100|[from] Spikes
|turn|15
|
|move|p2a: Magearna|Fleur Cannon|p1a: Zamazenta
|-damage|p1a: Zamazenta|0 fnt
|-unboost|p2a: Magearna|spa|2
|faint|p1a: Zamazenta
|-ability|p2a: Magearna|Soul-Heart|boost
|-boost|p2a: Magearna|spa|1
|
|-heal|p2a: Magearna|90/100|[from] item: Leftovers
|
|switch|p1a: Volcarona|Volcarona, F|100/100
|turn|16
|
|move|p2a: Magearna|Volt Switch|p1a: Volcarona
|-damage|p1a: Volcarona|81/100
|
|switch|p2a: Ursaluna|Ursaluna, F|100/100|[from] Volt Switch
|-damage|p2a: Ursaluna|84/100|[from] Spikes
|move|p1a: Volcarona|Fiery Dance|p2a: Ursaluna
|-damage|p2a: Ursaluna|43/100
|
|-fieldend|move: Trick Room
|-status|p2a: Ursaluna|brn|[from] item: Flame Orb
|turn|17
|
|move|p1a: Volcarona|Giga Drain|p2a: Ursaluna
|-supereffective|p2a: Ursaluna
|-damage|p2a: Ursaluna|0 fnt
|-heal|p1a: Volcarona|100/100|[from] drain|[of] p2a: Ursaluna
|faint|p2a: Ursaluna
|
|
|switch|p2a: Magearna|Magearna|90/100
|-damage|p2a: Magearna|74/100|[from] Spikes
|turn|18
|
|move|p1a: Volcarona|Fiery Dance|p2a: Magearna
|-supereffective|p2a: Magearna
|-damage|p2a: Magearna|0 fnt
|-boost|p1a: Volcarona|spa|1
|faint|p2a: Magearna
|
|win|p1
|player|p2|p2|guitarist
