|poke|p1|Pelipper, M|
|poke|p1|Rotom-Wash|
|poke|p1|Barraskewda, M|
|poke|p1|Garchomp, F|
|poke|p1|Gholdengo|
|poke|p1|Quaquaval, F|
|poke|p2|Chien-Pao|
|poke|p2|Volcarona, M|
|poke|p2|Gholdengo|
|poke|p2|Lilligant-Hisui, F|
|poke|p2|Great Tusk|
|poke|p2|Roaring Moon|
|teampreview
|
|start
|switch|p1a: Garchomp|Garchomp, F|100/100
|switch|p2a: Great Tusk|Great Tusk|100/100
|turn|1
|
|move|p2a: Great Tusk|Stealth Rock|p1a: Garchomp
|-sidestart|p1: Steezy1|move: Stealth Rock
|move|p1a: Garchomp|Stealth Rock|p2a: Great Tusk
|-sidestart|p2: Pyrax69|move: Stealth Rock
|
|turn|2
|
|move|p2a: Great Tusk|Rapid Spin|p1a: Garchomp
|-damage|p1a: Garchomp|87/100
|-boost|p2a: Great Tusk|spe|1
|-damage|p2a: Great Tusk|88/100|[from] ability: Rough Skin|[of] p1a: Garchomp
|-damage|p2a: Great Tusk|72/100|[from] item: Rocky Helmet|[of] p1a: Garchomp
|-sideend|p2: Pyrax69|Stealth Rock|[from] move: Rapid Spin|[of] p2a: Great Tusk
|move|p1a: Garchomp|Dragon Tail|p2a: Great Tusk
|-damage|p2a: Great Tusk|52/100
|-end|p2a: Great Tusk|Protosynthesis|[silent]
|drag|p2a: Lilligant|Lilligant-Hisui, F|100/100
|
|turn|3
|
|move|p2a: Lilligant|Sleep Powder|p1a: Garchomp
|-status|p1a: Garchomp|slp|[from] move: Sleep Powder
|cant|p1a: Garchomp|slp
|
|turn|4
|
|move|p2a: Lilligant|Victory Dance|p2a: Lilligant
|-boost|p2a: Lilligant|atk|1
|-boost|p2a: Lilligant|def|1
|-boost|p2a: Lilligant|spe|1
|cant|p1a: Garchomp|slp
|
|turn|5
|
|move|p2a: Lilligant|Victory Dance|p2a: Lilligant
|-boost|p2a: Lilligant|atk|1
|-boost|p2a: Lilligant|def|1
|-boost|p2a: Lilligant|spe|1
|-curestatus|p1a: Garchomp|slp|[msg]
|move|p1a: Garchomp|Dragon Tail|p2a: Lilligant
|-damage|p2a: Lilligant|80/100
|drag|p2a: Great Tusk|Great Tusk|52/100
|
|turn|6
|
|-end|p2a: Great Tusk|Protosynthesis|[silent]
|switch|p2a: Volcarona|Volcarona, M|100/100
|move|p1a: Garchomp|Stealth Rock|p2a: Volcarona
|-sidestart|p2: Pyrax69|move: Stealth Rock
|
|turn|7
|
|move|p2a: Volcarona|Quiver Dance|p2a: Volcarona
|-boost|p2a: Volcarona|spa|1
|-boost|p2a: Volcarona|spd|1
|-boost|p2a: Volcarona|spe|1
|move|p1a: Garchomp|Dragon Tail|p2a: Volcarona
|-damage|p2a: Volcarona|58/100
|drag|p2a: Roaring Moon|Roaring Moon|100/100
|-damage|p2a: Roaring Moon|88/100|[from] Stealth Rock
|-enditem|p2a: Roaring Moon|Booster Energy
|-activate|p2a: Roaring Moon|ability: Protosynthesis|[fromitem]
|-start|p2a: Roaring Moon|protosynthesisatk
|
|turn|8
|
|-terastallize|p2a: Roaring Moon|Flying
|-terastallize|p1a: Garchomp|Fairy
|move|p2a: Roaring Moon|Dragon Dance|p2a: Roaring Moon
|-boost|p2a: Roaring Moon|atk|1
|-boost|p2a: Roaring Moon|spe|1
|move|p1a: Garchomp|Dragon Tail|p2a: Roaring Moon
|-damage|p2a: Roaring Moon|52/100
|-end|p2a: Roaring Moon|Protosynthesis|[silent]
|drag|p2a: Volcarona|Volcarona, M|58/100
|
|turn|9
|
|move|p2a: Volcarona|Fiery Dance|p1a: Garchomp
|-damage|p1a: Garchomp|49/100
|-boost|p2a: Volcarona|spa|1
|move|p1a: Garchomp|Dragon Tail|p2a: Volcarona
|-damage|p2a: Volcarona|15/100
|drag|p2a: Chien-Pao|Chien-Pao|100/100
|-ability|p2a: Chien-Pao|Sword of Ruin
|
|turn|10
|
|move|p2a: Chien-Pao|Icicle Crash|p1a: Garchomp|[miss]
|-miss|p2a: Chien-Pao|p1a: Garchomp
|move|p1a: Garchomp|Dragon Tail|p2a: Chien-Pao|[miss]
|-miss|p1a: Garchomp|p2a: Chien-Pao
|
|turn|11
|
|move|p2a: Chien-Pao|Icicle Crash|p1a: Garchomp
|-damage|p1a: Garchomp|11/100
|move|p1a: Garchomp|Dragon Tail|p2a: Chien-Pao
|-damage|p2a: Chien-Pao|66/100
|drag|p2a: Gholdengo|Gholdengo|100/100
|-damage|p2a: Gholdengo|94/100|[from] Stealth Rock
|
|turn|12
|-message|Pyrax69 forfeited.
|
|win|Steezy1
