# advantage = p2
|poke|p1|Chien-Pao|
|poke|p1|Zamazenta-*|
|poke|p1|Urshifu-*, M|
|poke|p1|Landorus-Therian, M|
|poke|p1|Skeledirge, M|
|poke|p1|Hatterene, F|
|poke|p2|Magearna|
|poke|p2|Samurott-Hisui, F|
|poke|p2|Breloom, F|
|poke|p2|Zamazenta-*|
|poke|p2|Rotom-Wash|
|poke|p2|Hatterene, F|
|teampreview
|
|start
|switch|p1a: Landorus|Landorus-Therian, M|100/100
|switch|p2a: Samurott|Samurott-Hisui, F|100/100
|-ability|p1a: Landorus|Intimidate|boost
|-unboost|p2a: Samurott|atk|1
|turn|1
|
|move|p1a: Landorus|U-turn|p2a: Samurott
|-supereffective|p2a: Samurott
|-damage|p2a: Samurott|29/100
|
|switch|p1a: Urshifu|Urshifu-Rapid-Strike, M|100/100|[from] U-turn
|move|p2a: Samurott|Razor Shell|p1a: Urshifu
|-resisted|p1a: Urshifu
|-damage|p1a: Urshifu|83/100
|-unboost|p1a: Urshifu|def|1
|
|turn|2
|
|switch|p2a: Rotom|Rotom-Wash|100/100
|move|p1a: Urshifu|Thunder Punch|p2a: Rotom
|-damage|p2a: Rotom|64/100
|
|turn|3
|
|move|p2a: Rotom|Will-O-Wisp|p1a: Urshifu
|-status|p1a: Urshifu|brn
|move|p1a: Urshifu|Close Combat|p2a: Rotom
|-damage|p2a: Rotom|21/100
|-unboost|p1a: Urshifu|def|1
|-unboost|p1a: Urshifu|spd|1
|
|-damage|p1a: Urshifu|77/100 brn|[from] brn
|turn|4
|
|switch|p2a: Zamazenta|Zamazenta|100/100
|-ability|p2a: Zamazenta|Dauntless Shield|boost
|-boost|p2a: Zamazenta|def|1
|move|p1a: Urshifu|Thunder Punch|p2a: Zamazenta
|-damage|p2a: Zamazenta|93/100
|
|-heal|p2a: Zamazenta|99/100|[from] item: Leftovers
|-damage|p1a: Urshifu|71/100 brn|[from] brn
|turn|5
|
|switch|p1a: Zamazenta|Zamazenta-Crowned|100/100
|-ability|p1a: Zamazenta|Dauntless Shield|boost
|-boost|p1a: Zamazenta|def|1
|move|p2a: Zamazenta|Substitute|p2a: Zamazenta
|-start|p2a: Zamazenta|Substitute
|-damage|p2a: Zamazenta|75/100
|
|-heal|p2a: Zamazenta|81/100|[from] item: Leftovers
|turn|6
|
|move|p2a: Zamazenta|Iron Defense|p2a: Zamazenta
|-boost|p2a: Zamazenta|def|2
|move|p1a: Zamazenta|Substitute|p1a: Zamazenta
|-start|p1a: Zamazenta|Substitute
|-damage|p1a: Zamazenta|76/100
|
|-heal|p2a: Zamazenta|87/100|[from] item: Leftovers
|turn|7
|
|move|p2a: Zamazenta|Iron Defense|p2a: Zamazenta
|-boost|p2a: Zamazenta|def|2
|move|p1a: Zamazenta|Iron Defense|p1a: Zamazenta
|-boost|p1a: Zamazenta|def|2
|
|-heal|p2a: Zamazenta|93/100|[from] item: Leftovers
|turn|8
|
|move|p2a: Zamazenta|Body Press|p1a: Zamazenta
|-supereffective|p1a: Zamazenta
|-end|p1a: Zamazenta|Substitute
|move|p1a: Zamazenta|Iron Defense|p1a: Zamazenta
|-boost|p1a: Zamazenta|def|2
|
|-heal|p2a: Zamazenta|99/100|[from] item: Leftovers
|turn|9
|
|-terastallize|p1a: Zamazenta|Fairy
|move|p2a: Zamazenta|Body Press|p1a: Zamazenta
|-resisted|p1a: Zamazenta
|-damage|p1a: Zamazenta|66/100
|move|p1a: Zamazenta|Body Press|p2a: Zamazenta
|-end|p2a: Zamazenta|Substitute
|
|-heal|p2a: Zamazenta|100/100|[from] item: Leftovers
|turn|10
|
|move|p2a: Zamazenta|Body Press|p1a: Zamazenta
|-resisted|p1a: Zamazenta
|-damage|p1a: Zamazenta|57/100
|move|p1a: Zamazenta|Body Press|p2a: Zamazenta
|-damage|p2a: Zamazenta|73/100
|
|-heal|p2a: Zamazenta|79/100|[from] item: Leftovers
|turn|11
|
|move|p2a: Zamazenta|Body Press|p1a: Zamazenta
|-resisted|p1a: Zamazenta
|-damage|p1a: Zamazenta|47/100
|move|p1a: Zamazenta|Substitute|p1a: Zamazenta
|-start|p1a: Zamazenta|Substitute
|-damage|p1a: Zamazenta|22/100
|
|-heal|p2a: Zamazenta|85/100|[from] item: Leftovers
|turn|12
|
|move|p2a: Zamazenta|Body Press|p1a: Zamazenta
|-resisted|p1a: Zamazenta
|-activate|p1a: Zamazenta|move: Substitute|[damage]
|move|p1a: Zamazenta|Body Press|p2a: Zamazenta
|-damage|p2a: Zamazenta|57/100
|
|-heal|p2a: Zamazenta|63/100|[from] item: Leftovers
|turn|13
|
|move|p2a: Zamazenta|Body Press|p1a: Zamazenta
|-resisted|p1a: Zamazenta
|-activate|p1a: Zamazenta|move: Substitute|[damage]
|move|p1a: Zamazenta|Body Press|p2a: Zamazenta
|-damage|p2a: Zamazenta|32/100
|
|-heal|p2a: Zamazenta|38/100|[from] item: Leftovers
|turn|14
|
|move|p2a: Zamazenta|Body Press|p1a: Zamazenta
|-resisted|p1a: Zamazenta
|-end|p1a: Zamazenta|Substitute
|move|p1a: Zamazenta|Iron Defense|p1a: Zamazenta
|-boost|p1a: Zamazenta|def|1
|
|-heal|p2a: Zamazenta|44/100|[from] item: Leftovers
|turn|15
|
|move|p2a: Zamazenta|Iron Defense|p2a: Zamazenta
|-boost|p2a: Zamazenta|def|1
|move|p1a: Zamazenta|Body Press|p2a: Zamazenta
|-damage|p2a: Zamazenta|15/100
|
|-heal|p2a: Zamazenta|21/100|[from] item: Leftovers
|turn|16
|
|move|p2a: Zamazenta|Body Press|p1a: Zamazenta
|-resisted|p1a: Zamazenta
|-damage|p1a: Zamazenta|12/100
|move|p1a: Zamazenta|Body Press|p2a: Zamazenta
|-damage|p2a: Zamazenta|0 fnt
|faint|p2a: Zamazenta
|
|
|switch|p2a: Rotom|Rotom-Wash|21/100
|turn|17
|
|move|p2a: Rotom|Volt Switch|p1a: Zamazenta
|-damage|p1a: Zamazenta|0 fnt
|faint|p1a: Zamazenta
|
|switch|p2a: Samurott|Samurott-Hisui, F|29/100|[from] Volt Switch
|
|
|switch|p1a: Landorus|Landorus-Therian, M|100/100
|-ability|p1a: Landorus|Intimidate|boost
|-unboost|p2a: Samurott|atk|1
|turn|18
|
|switch|p2a: Magearna|Magearna|100/100
|move|p1a: Landorus|U-turn|p2a: Magearna
|-resisted|p2a: Magearna
|-damage|p2a: Magearna|95/100
|
|switch|p1a: Skeledirge|Skeledirge, M|100/100|[from] U-turn
|
|-heal|p2a: Magearna|100/100|[from] item: Leftovers
|turn|19
|
|switch|p2a: Rotom|Rotom-Wash|21/100
|move|p1a: Skeledirge|Torch Song|p2a: Rotom
|-resisted|p2a: Rotom
|-damage|p2a: Rotom|3/100
|-boost|p1a: Skeledirge|spa|1
|
|turn|20
|
|move|p2a: Rotom|Trick|p1a: Skeledirge
|-activate|p2a: Rotom|move: Trick|[of] p1a: Skeledirge
|-item|p1a: Skeledirge|Choice Scarf|[from] move: Trick
|-item|p2a: Rotom|Leftovers|[from] move: Trick
|move|p1a: Skeledirge|Torch Song|p2a: Rotom
|-resisted|p2a: Rotom
|-damage|p2a: Rotom|0 fnt
|-boost|p1a: Skeledirge|spa|1
|faint|p2a: Rotom
|
|
|switch|p2a: Magearna|Magearna|100/100
|turn|21
|
|-terastallize|p2a: Magearna|Water
|move|p1a: Skeledirge|Torch Song|p2a: Magearna
|-resisted|p2a: Magearna
|-damage|p2a: Magearna|75/100
|-boost|p1a: Skeledirge|spa|1
|move|p2a: Magearna|Calm Mind|p2a: Magearna
|-boost|p2a: Magearna|spa|1
|-boost|p2a: Magearna|spd|1
|
|-heal|p2a: Magearna|81/100|[from] item: Leftovers
|turn|22
|
|move|p1a: Skeledirge|Torch Song|p2a: Magearna
|-resisted|p2a: Magearna
|-damage|p2a: Magearna|53/100
|-boost|p1a: Skeledirge|spa|1
|move|p2a: Magearna|Shift Gear|p2a: Magearna
|-boost|p2a: Magearna|spe|2
|-boost|p2a: Magearna|atk|1
|
|-heal|p2a: Magearna|59/100|[from] item: Leftovers
|turn|23
|
|move|p2a: Magearna|Stored Power|p1a: Skeledirge
|-damage|p1a: Skeledirge|65/100
|move|p1a: Skeledirge|Torch Song|p2a: Magearna
|-resisted|p2a: Magearna
|-damage|p2a: Magearna|20/100
|-boost|p1a: Skeledirge|spa|1
|
|-heal|p2a: Magearna|26/100|[from] item: Leftovers
|turn|24
|
|move|p2a: Magearna|Stored Power|p1a: Skeledirge
|-damage|p1a: Skeledirge|32/100
|move|p1a: Skeledirge|Torch Song|p2a: Magearna
|-resisted|p2a: Magearna
|-damage|p2a: Magearna|0 fnt
|-boost|p1a: Skeledirge|spa|1
|faint|p2a: Magearna
|
|
|switch|p2a: Samurott|Samurott-Hisui, F|29/100
|turn|25
|
|move|p2a: Samurott|Aqua Jet|p1a: Skeledirge
|-supereffective|p1a: Skeledirge
|-damage|p1a: Skeledirge|2/100
|move|p1a: Skeledirge|Torch Song|p2a: Samurott
|-resisted|p2a: Samurott
|-damage|p2a: Samurott|0 fnt
|faint|p2a: Samurott
|
|
|switch|p2a: Hatterene|Hatterene, F|100/100
|turn|26
|
|move|p1a: Skeledirge|Torch Song|p2a: Hatterene
|-damage|p2a: Hatterene|0 fnt
|faint|p2a: Hatterene
|
|-message|p2 forfeited.
|
|win|p1
