|poke|p1|Zapdos|
|poke|p1|Urshifu-*, F|
|poke|p1|Dragapult, F|
|poke|p1|Sneasler, F|
|poke|p1|Magearna|
|poke|p1|Great Tusk|
|poke|p2|Goodra-Hisui, M|
|poke|p2|Dragapult, M|
|poke|p2|Great Tusk|
|poke|p2|Azumarill, F|
|poke|p2|Volcarona, F|
|poke|p2|Meowscarada, M|
|teampreview
|
|start
|switch|p1a: Great Tusk|Great Tusk, shiny|100/100
|switch|p2a: Volcarona|Volcarona, F|100/100
|-enditem|p1a: Great Tusk|Booster Energy
|-activate|p1a: Great Tusk|ability: Protosynthesis|[fromitem]
|-start|p1a: Great Tusk|protosynthesisspe
|turn|1
|
|move|p1a: Great Tusk|Knock Off|p2a: Volcarona
|-damage|p2a: Volcarona|69/100
|-status|p1a: Great Tusk|brn|[from] ability: Flame Body|[of] p2a: Volcarona
|-enditem|p2a: Volcarona|Heavy-Duty Boots|[from] move: Knock Off|[of] p1a: Great Tusk
|move|p2a: Volcarona|Will-O-Wisp|p1a: Great Tusk
|-fail|p1a: Great Tusk|brn
|
|-damage|p1a: Great Tusk|94/100 brn|[from] brn
|turn|2
|
|move|p1a: Great Tusk|Headlong Rush|p2a: Volcarona
|-damage|p2a: Volcarona|39/100
|-unboost|p1a: Great Tusk|def|1
|-unboost|p1a: Great Tusk|spd|1
|move|p2a: Volcarona|Quiver Dance|p2a: Volcarona
|-boost|p2a: Volcarona|spa|1
|-boost|p2a: Volcarona|spd|1
|-boost|p2a: Volcarona|spe|1
|
|-damage|p1a: Great Tusk|88/100 brn|[from] brn
|turn|3
|
|move|p2a: Volcarona|Morning Sun|p2a: Volcarona
|-heal|p2a: Volcarona|89/100
|move|p1a: Great Tusk|Knock Off|p2a: Volcarona
|-damage|p2a: Volcarona|78/100
|
|-damage|p1a: Great Tusk|82/100 brn|[from] brn
|turn|4
|
|-end|p1a: Great Tusk|Protosynthesis|[silent]
|switch|p1a: Urshifu|Urshifu-Rapid-Strike, F|100/100
|move|p2a: Volcarona|Quiver Dance|p2a: Volcarona
|-boost|p2a: Volcarona|spa|1
|-boost|p2a: Volcarona|spd|1
|-boost|p2a: Volcarona|spe|1
|
|turn|5
|
|-terastallize|p2a: Volcarona|Grass
|move|p2a: Volcarona|Will-O-Wisp|p1a: Urshifu
|-status|p1a: Urshifu|brn
|move|p1a: Urshifu|Surging Strikes|p2a: Volcarona
|-resisted|p2a: Volcarona
|-crit|p2a: Volcarona
|-damage|p2a: Volcarona|73/100
|-resisted|p2a: Volcarona
|-crit|p2a: Volcarona
|-damage|p2a: Volcarona|68/100
|-resisted|p2a: Volcarona
|-crit|p2a: Volcarona
|-damage|p2a: Volcarona|62/100
|-hitcount|p2a: Volcarona|3
|
|-damage|p1a: Urshifu|94/100 brn|[from] brn
|turn|6
|
|switch|p1a: Great Tusk|Great Tusk, shiny|82/100 brn
|move|p2a: Volcarona|Morning Sun|p2a: Volcarona
|-heal|p2a: Volcarona|100/100
|
|-damage|p1a: Great Tusk|76/100 brn|[from] brn
|turn|7
|
|-end|p1a: Great Tusk|Protosynthesis|[silent]
|switch|p1a: Sneasler|Sneasler, F|100/100
|move|p2a: Volcarona|Fiery Dance|p1a: Sneasler
|-damage|p1a: Sneasler|0 fnt
|faint|p1a: Sneasler
|
|-message|Forniusdrift forfeited.
|
|win|KingSwampy90
