|poke|p1|Magearna|
|poke|p1|Slowking-Galar, F|
|poke|p1|Great Tusk|
|poke|p1|Sneasler, F|
|poke|p1|Skeledirge, M|
|poke|p1|Thundurus-Therian, M|
|poke|p2|Urshifu-*, F|
|poke|p2|Slowking-Galar, F|
|poke|p2|Great Tusk|
|poke|p2|Dragapult, F|
|poke|p2|Zapdos|
|poke|p2|Garganacl, F|
|teampreview
|
|start
|switch|p1a: Great Tusk|Great Tusk|100/100
|switch|p2a: Garganacl|Garganacl, F|100/100
|turn|1
|
|switch|p2a: Zapdos|Zapdos|100/100
|move|p1a: Great Tusk|Knock Off|p2a: Zapdos
|-damage|p2a: Zapdos|80/100
|-enditem|p2a: Zapdos|Heavy-Duty Boots|[from] move: Knock Off|[of] p1a: Great Tusk
|
|turn|2
|
|-end|p1a: Great Tusk|Protosynthesis|[silent]
|switch|p1a: Slowking|Slowking-Galar, F|100/100
|move|p2a: Zapdos|Hurricane|p1a: Slowking
|-damage|p1a: Slowking|74/100
|
|-heal|p1a: Slowking|80/100|[from] item: Leftovers
|turn|3
|
|move|p2a: Zapdos|Volt Switch|p1a: Slowking
|-damage|p1a: Slowking|62/100
|
|switch|p2a: Great Tusk|Great Tusk|100/100|[from] Volt Switch
|move|p1a: Slowking|Future Sight|p2a: Great Tusk
|-start|p1a: Slowking|move: Future Sight
|
|-heal|p1a: Slowking|68/100|[from] item: Leftovers
|turn|4
|
|move|p2a: Great Tusk|Stealth Rock|p1a: Slowking
|-sidestart|p1: p1|move: Stealth Rock
|move|p1a: Slowking|Chilly Reception|p1a: Slowking
|-weather|Snow
|
|switch|p1a: Great Tusk|Great Tusk|100/100|[from] Chilly Reception
|-damage|p1a: Great Tusk|98/100|[from] Stealth Rock
|
|-weather|Snow|[upkeep]
|turn|5
|
|-end|p2a: Great Tusk|Protosynthesis|[silent]
|switch|p2a: Garganacl|Garganacl, F|100/100
|move|p1a: Great Tusk|Rapid Spin|p2a: Garganacl
|-resisted|p2a: Garganacl
|-damage|p2a: Garganacl|96/100
|-boost|p1a: Great Tusk|spe|1
|-sideend|p1: p1|Stealth Rock|[from] move: Rapid Spin|[of] p1a: Great Tusk
|
|-weather|Snow|[upkeep]
|-end|p2a: Garganacl|move: Future Sight
|-damage|p2a: Garganacl|67/100
|-heal|p2a: Garganacl|73/100|[from] item: Leftovers
|turn|6
|
|switch|p2a: Zapdos|Zapdos|80/100
|move|p1a: Great Tusk|Knock Off|p2a: Zapdos
|-damage|p2a: Zapdos|65/100
|
|-weather|Snow|[upkeep]
|turn|7
|
|-end|p1a: Great Tusk|Protosynthesis|[silent]
|switch|p1a: Slowking|Slowking-Galar, F|100/100
|move|p2a: Zapdos|Volt Switch|p1a: Slowking
|-damage|p1a: Slowking|81/100
|
|switch|p2a: Great Tusk|Great Tusk|100/100|[from] Volt Switch
|
|-weather|Snow|[upkeep]
|-heal|p1a: Slowking|88/100|[from] item: Leftovers
|turn|8
|
|switch|p1a: Thundurus|Thundurus-Therian, M|100/100
|move|p2a: Great Tusk|Earthquake|p1a: Thundurus
|-immune|p1a: Thundurus
|
|-weather|none
|turn|9
|
|move|p1a: Thundurus|Grass Knot|p2a: Great Tusk
|-supereffective|p2a: Great Tusk
|-damage|p2a: Great Tusk|0 fnt
|faint|p2a: Great Tusk
|-end|p2a: Great Tusk|Protosynthesis|[silent]
|
|
|switch|p2a: Garganacl|Garganacl, F|73/100
|turn|10
|
|move|p1a: Thundurus|Grass Knot|p2a: Garganacl
|-supereffective|p2a: Garganacl
|-damage|p2a: Garganacl|12/100
|move|p2a: Garganacl|Salt Cure|p1a: Thundurus
|-supereffective|p1a: Thundurus
|-damage|p1a: Thundurus|54/100
|-start|p1a: Thundurus|Salt Cure
|
|-heal|p2a: Garganacl|18/100|[from] item: Leftovers
|-damage|p1a: Thundurus|42/100|[from] Salt Cure
|turn|11
|
|switch|p2a: Zapdos|Zapdos|65/100
|move|p1a: Thundurus|Volt Switch|p2a: Zapdos
|-damage|p2a: Zapdos|27/100
|
|switch|p1a: Magearna|Magearna|100/100|[from] Volt Switch
|
|turn|12
|
|move|p2a: Zapdos|Roost|p2a: Zapdos
|-heal|p2a: Zapdos|77/100
|-singleturn|p2a: Zapdos|move: Roost
|move|p1a: Magearna|Shift Gear|p1a: Magearna
|-boost|p1a: Magearna|spe|2
|-boost|p1a: Magearna|atk|1
|
|turn|13
|
|move|p1a: Magearna|Calm Mind|p1a: Magearna
|-boost|p1a: Magearna|spa|1
|-boost|p1a: Magearna|spd|1
|move|p2a: Zapdos|Heat Wave|p1a: Magearna
|-supereffective|p1a: Magearna
|-damage|p1a: Magearna|66/100
|
|-heal|p1a: Magearna|72/100|[from] item: Leftovers
|turn|14
|
|move|p1a: Magearna|Calm Mind|p1a: Magearna
|-boost|p1a: Magearna|spa|1
|-boost|p1a: Magearna|spd|1
|move|p2a: Zapdos|Heat Wave|p1a: Magearna
|-supereffective|p1a: Magearna
|-crit|p1a: Magearna
|-damage|p1a: Magearna|0 fnt
|faint|p1a: Magearna
|
|
|switch|p1a: Thundurus|Thundurus-Therian, M|42/100
|turn|15
|
|move|p1a: Thundurus|Volt Switch|p2a: Zapdos
|-damage|p2a: Zapdos|39/100
|
|switch|p1a: Slowking|Slowking-Galar, F|100/100|[from] Volt Switch
|move|p2a: Zapdos|Heat Wave|p1a: Slowking
|-damage|p1a: Slowking|85/100
|
|-heal|p1a: Slowking|91/100|[from] item: Leftovers
|turn|16
|
|move|p2a: Zapdos|Volt Switch|p1a: Slowking
|-damage|p1a: Slowking|73/100
|
|switch|p2a: Garganacl|Garganacl, F|18/100|[from] Volt Switch
|move|p1a: Slowking|Future Sight|p2a: Garganacl
|-start|p1a: Slowking|move: Future Sight
|
|-heal|p2a: Garganacl|25/100|[from] item: Leftovers
|-heal|p1a: Slowking|79/100|[from] item: Leftovers
|turn|17
|
|move|p2a: Garganacl|Recover|p2a: Garganacl
|-heal|p2a: Garganacl|75/100
|move|p1a: Slowking|Chilly Reception|p1a: Slowking
|-weather|Snow
|
|switch|p1a: Sneasler|Sneasler, F|100/100|[from] Chilly Reception
|
|-weather|Snow|[upkeep]
|-heal|p2a: Garganacl|81/100|[from] item: Leftovers
|turn|18
|
|switch|p2a: Dragapult|Dragapult, F|100/100
|move|p1a: Sneasler|U-turn|p2a: Dragapult
|-resisted|p2a: Dragapult
|-damage|p2a: Dragapult|73/100
|-status|p2a: Dragapult|psn|[from] ability: Poison Touch|[of] p1a: Sneasler
|
|switch|p1a: Great Tusk|Great Tusk|98/100|[from] U-turn
|
|-weather|Snow|[upkeep]
|-end|p2a: Dragapult|move: Future Sight
|-damage|p2a: Dragapult|11/100 psn
|-damage|p2a: Dragapult|0 fnt|[from] psn
|faint|p2a: Dragapult
|
|switch|p2a: Urshifu|Urshifu-Rapid-Strike, F|100/100
|turn|19
|
|move|p2a: Urshifu|Surging Strikes|p1a: Great Tusk
|-supereffective|p1a: Great Tusk
|-crit|p1a: Great Tusk
|-damage|p1a: Great Tusk|68/100
|-damage|p2a: Urshifu|84/100|[from] item: Rocky Helmet|[of] p1a: Great Tusk
|-supereffective|p1a: Great Tusk
|-crit|p1a: Great Tusk
|-damage|p1a: Great Tusk|39/100
|-damage|p2a: Urshifu|68/100|[from] item: Rocky Helmet|[of] p1a: Great Tusk
|-supereffective|p1a: Great Tusk
|-crit|p1a: Great Tusk
|-damage|p1a: Great Tusk|13/100
|-damage|p2a: Urshifu|51/100|[from] item: Rocky Helmet|[of] p1a: Great Tusk
|-hitcount|p1a: Great Tusk|3
|move|p1a: Great Tusk|Rapid Spin|p2a: Urshifu
|-damage|p2a: Urshifu|37/100
|-boost|p1a: Great Tusk|spe|1
|
|-weather|Snow|[upkeep]
|turn|20
|
|switch|p2a: Zapdos|Zapdos|39/100
|move|p1a: Great Tusk|Close Combat|p2a: Zapdos
|-resisted|p2a: Zapdos
|-damage|p2a: Zapdos|22/100
|-unboost|p1a: Great Tusk|def|1
|-unboost|p1a: Great Tusk|spd|1
|
|-weather|Snow|[upkeep]
|turn|21
|
|-end|p1a: Great Tusk|Protosynthesis|[silent]
|switch|p1a: Thundurus|Thundurus-Therian, M|42/100
|move|p2a: Zapdos|Heat Wave|p1a: Thundurus
|-damage|p1a: Thundurus|4/100
|
|-weather|none
|turn|22
|
|move|p1a: Thundurus|Volt Switch|p2a: Zapdos
|-damage|p2a: Zapdos|0 fnt
|faint|p2a: Zapdos
|
|switch|p1a: Sneasler|Sneasler, F|100/100|[from] Volt Switch
|
|
|switch|p2a: Slowking|Slowking-Galar, F|100/100
|turn|23
|
|move|p1a: Sneasler|U-turn|p2a: Slowking
|-damage|p2a: Slowking|60/100
|
|switch|p1a: Slowking|Slowking-Galar, F|100/100|[from] U-turn
|move|p2a: Slowking|Future Sight|p1a: Slowking
|-start|p2a: Slowking|move: Future Sight
|
|-heal|p2a: Slowking|66/100|[from] item: Leftovers
|turn|24
|
|move|p1a: Slowking|Future Sight|p2a: Slowking
|-start|p1a: Slowking|move: Future Sight
|move|p2a: Slowking|Chilly Reception|p2a: Slowking
|-weather|Snow
|
|switch|p2a: Garganacl|Garganacl, F|81/100|[from] Chilly Reception
|
|-weather|Snow|[upkeep]
|-heal|p2a: Garganacl|87/100|[from] item: Leftovers
|turn|25
|
|move|p2a: Garganacl|Salt Cure|p1a: Slowking
|-damage|p1a: Slowking|87/100
|-start|p1a: Slowking|Salt Cure
|move|p1a: Slowking|Chilly Reception|p1a: Slowking
|
|switch|p1a: Great Tusk|Great Tusk|13/100|[from] Chilly Reception
|
|-weather|Snow|[upkeep]
|-end|p1a: Great Tusk|move: Future Sight
|-supereffective|p1a: Great Tusk
|-damage|p1a: Great Tusk|0 fnt
|faint|p1a: Great Tusk
|-end|p1a: Great Tusk|Protosynthesis|[silent]
|-heal|p2a: Garganacl|93/100|[from] item: Leftovers
|
|switch|p1a: Sneasler|Sneasler, F|100/100
|turn|26
|
|move|p1a: Sneasler|Close Combat|p2a: Garganacl
|-supereffective|p2a: Garganacl
|-damage|p2a: Garganacl|0 fnt
|-unboost|p1a: Sneasler|def|1
|-unboost|p1a: Sneasler|spd|1
|faint|p2a: Garganacl
|
|-weather|Snow|[upkeep]
|-hint|Future Sight did not hit because the target is fainted.
|
|switch|p2a: Slowking|Slowking-Galar, F|99/100
|turn|27
|
|switch|p1a: Slowking|Slowking-Galar, F|100/100
|move|p2a: Slowking|Future Sight|p1a: Slowking
|-start|p2a: Slowking|move: Future Sight
|
|-weather|Snow|[upkeep]
|-heal|p2a: Slowking|100/100|[from] item: Leftovers
|turn|28
|
|move|p1a: Slowking|Future Sight|p2a: Slowking
|-start|p1a: Slowking|move: Future Sight
|move|p2a: Slowking|Sludge Bomb|p1a: Slowking
|-resisted|p1a: Slowking
|-damage|p1a: Slowking|90/100
|
|-weather|none
|-heal|p1a: Slowking|96/100|[from] item: Leftovers
|turn|29
|
|move|p1a: Slowking|Chilly Reception|p1a: Slowking
|-weather|Snow
|
|switch|p1a: Skeledirge|Skeledirge, M|100/100|[from] Chilly Reception
|move|p2a: Slowking|Sludge Bomb|p1a: Skeledirge
|-resisted|p1a: Skeledirge
|-damage|p1a: Skeledirge|87/100
|
|-weather|Snow|[upkeep]
|-end|p1a: Skeledirge|move: Future Sight
|-damage|p1a: Skeledirge|54/100
|-heal|p1a: Skeledirge|60/100|[from] item: Leftovers
|turn|30
|
|move|p1a: Skeledirge|Torch Song|p2a: Slowking
|-damage|p2a: Slowking|83/100
|-boost|p1a: Skeledirge|spa|1
|move|p2a: Slowking|Future Sight|p1a: Skeledirge
|-start|p2a: Slowking|move: Future Sight
|
|-weather|Snow|[upkeep]
|-end|p2a: Slowking|move: Future Sight
|-damage|p2a: Slowking|56/100
|-heal|p1a: Skeledirge|66/100|[from] item: Leftovers
|-heal|p2a: Slowking|62/100|[from] item: Leftovers
|turn|31
|
|move|p1a: Skeledirge|Shadow Ball|p2a: Slowking
|-supereffective|p2a: Slowking
|-damage|p2a: Slowking|13/100
|move|p2a: Slowking|Sludge Bomb|p1a: Skeledirge
|-resisted|p1a: Skeledirge
|-damage|p1a: Skeledirge|53/100
|-status|p1a: Skeledirge|psn
|
|-weather|Snow|[upkeep]
|-heal|p1a: Skeledirge|59/100 psn|[from] item: Leftovers
|-heal|p2a: Slowking|19/100|[from] item: Leftovers
|-damage|p1a: Skeledirge|46/100 psn|[from] psn
|turn|32
|
|move|p1a: Skeledirge|Shadow Ball|p2a: Slowking
|-supereffective|p2a: Slowking
|-damage|p2a: Slowking|0 fnt
|faint|p2a: Slowking
|
|-weather|Snow|[upkeep]
|-end|p1a: Skeledirge|move: Future Sight
|-damage|p1a: Skeledirge|15/100 psn
|-heal|p1a: Skeledirge|21/100 psn|[from] item: Leftovers
|-damage|p1a: Skeledirge|8/100 psn|[from] psn
|
|switch|p2a: Urshifu|Urshifu-Rapid-Strike, F|37/100
|turn|33
|
|move|p2a: Urshifu|Surging Strikes|p1a: Skeledirge
|-supereffective|p1a: Skeledirge
|-crit|p1a: Skeledirge
|-damage|p1a: Skeledirge|0 fnt
|faint|p1a: Skeledirge
|-hitcount|p1: Skeledirge|1
|
|-weather|none
|
|switch|p1a: Thundurus|Thundurus-Therian, M|4/100
|turn|34
|
|move|p1a: Thundurus|Volt Switch|p2a: Urshifu
|-supereffective|p2a: Urshifu
|-damage|p2a: Urshifu|0 fnt
|faint|p2a: Urshifu
|
|win|p1
