# advantage = p1
|poke|p1|Sneasler, F|
|poke|p1|Indeedee, M|
|poke|p1|Cinderace, F|
|poke|p1|Hawlucha, M|
|poke|p1|Magearna|
|poke|p1|Rotom-Wash|
|poke|p2|Sneasler, F|
|poke|p2|Typhlosion-Hisui, M|
|poke|p2|Dragapult, F|
|poke|p2|Zapdos|
|poke|p2|Clodsire, M|
|poke|p2|Talonflame, F|
|teampreview
|
|start
|switch|p1a: Indeedee|Indeedee, M|100/100
|switch|p2a: Dragapult|Dragapult, F|100/100
|-fieldstart|move: Psychic Terrain|[from] ability: Psychic Surge|[of] p1a: Indeedee
|turn|1
|
|switch|p1a: Magearna|Magearna|100/100
|move|p2a: Dragapult|Substitute|p2a: Dragapult
|-start|p2a: Dragapult|Substitute
|-damage|p2a: Dragapult|76/100
|
|-heal|p2a: Dragapult|82/100|[from] item: Leftovers
|turn|2
|
|move|p2a: Dragapult|Will-O-Wisp|p1a: Magearna|[miss]
|-miss|p2a: Dragapult|p1a: Magearna
|move|p1a: Magearna|Fleur Cannon|p2a: Dragapult
|-supereffective|p2a: Dragapult
|-end|p2a: Dragapult|Substitute
|-unboost|p1a: Magearna|spa|2
|-enditem|p1a: Magearna|Eject Pack
|
|switch|p1a: Sneasler|Sneasler, F|100/100
|-enditem|p1a: Sneasler|Psychic Seed
|-boost|p1a: Sneasler|spd|1|[from] item: Psychic Seed
|
|-heal|p2a: Dragapult|88/100|[from] item: Leftovers
|turn|3
|
|move|p1a: Sneasler|Dire Claw|p2a: Dragapult
|-resisted|p2a: Dragapult
|-damage|p2a: Dragapult|50/100
|-status|p2a: Dragapult|slp
|cant|p2a: Dragapult|slp
|
|-heal|p2a: Dragapult|56/100 slp|[from] item: Leftovers
|turn|4
|
|move|p1a: Sneasler|Dire Claw|p2a: Dragapult
|-resisted|p2a: Dragapult
|-damage|p2a: Dragapult|24/100 slp
|cant|p2a: Dragapult|slp
|
|-heal|p2a: Dragapult|30/100 slp|[from] item: Leftovers
|turn|5
|
|switch|p2a: Talonflame|Talonflame, F|100/100
|move|p1a: Sneasler|Dire Claw|p2a: Talonflame
|-damage|p2a: Talonflame|59/100
|-status|p1a: Sneasler|brn|[from] ability: Flame Body|[of] p2a: Talonflame
|
|-damage|p1a: Sneasler|95/100 brn|[from] brn
|turn|6
|
|switch|p2a: Clodsire|Clodsire, M|100/100
|move|p1a: Sneasler|Swords Dance|p1a: Sneasler
|-boost|p1a: Sneasler|atk|2
|
|-damage|p1a: Sneasler|89/100 brn|[from] brn
|turn|7
|
|move|p1a: Sneasler|Dire Claw|p2a: Clodsire
|-resisted|p2a: Clodsire
|-damage|p2a: Clodsire|88/100
|-message|Sleep Clause Mod activated.
|-hint|Sleep Clause Mod prevents players from putting more than one of their opponent's Pokémon to sleep at a time
|move|p2a: Clodsire|Earthquake|p1a: Sneasler
|-supereffective|p1a: Sneasler
|-damage|p1a: Sneasler|0 fnt
|faint|p1a: Sneasler
|
|
|switch|p1a: Cinderace|Cinderace, F|100/100
|turn|8
|
|switch|p2a: Talonflame|Talonflame, F|59/100
|move|p1a: Cinderace|Zen Headbutt|p2a: Talonflame
|-start|p1a: Cinderace|typechange|Psychic|[from] ability: Libero
|-damage|p2a: Talonflame|7/100
|
|-fieldend|move: Psychic Terrain
|turn|9
|
|move|p1a: Cinderace|U-turn|p2a: Talonflame
|-resisted|p2a: Talonflame
|-damage|p2a: Talonflame|2/100
|
|switch|p1a: Rotom|Rotom-Wash|100/100|[from] U-turn
|move|p2a: Talonflame|Roost|p2a: Talonflame
|-heal|p2a: Talonflame|52/100
|-singleturn|p2a: Talonflame|move: Roost
|
|turn|10
|
|switch|p2a: Clodsire|Clodsire, M|88/100
|move|p1a: Rotom|Hydro Pump|p2a: Clodsire
|-heal|p2a: Clodsire|100/100|[from] ability: Water Absorb|[of] p1a: Rotom
|
|turn|11
|
|switch|p1a: Cinderace|Cinderace, F|100/100
|move|p2a: Clodsire|Stealth Rock|p1a: Cinderace
|-sidestart|p1: p1|move: Stealth Rock
|
|turn|12
|
|switch|p2a: Talonflame|Talonflame, F|52/100
|move|p1a: Cinderace|Court Change|p1a: Cinderace
|-start|p1a: Cinderace|typechange|Normal|[from] ability: Libero
|-swapsideconditions
|-activate|p1a: Cinderace|move: Court Change
|
|turn|13
|
|switch|p1a: Rotom|Rotom-Wash|100/100
|move|p2a: Talonflame|Will-O-Wisp|p1a: Rotom
|-status|p1a: Rotom|brn
|
|-damage|p1a: Rotom|95/100 brn|[from] brn
|turn|14
|
|switch|p2a: Clodsire|Clodsire, M|100/100
|move|p1a: Rotom|Volt Switch|p2a: Clodsire
|-immune|p2a: Clodsire
|
|-damage|p1a: Rotom|89/100 brn|[from] brn
|turn|15
|
|switch|p1a: Cinderace|Cinderace, F|100/100
|move|p2a: Clodsire|Toxic|p1a: Cinderace
|-status|p1a: Cinderace|tox
|
|-damage|p1a: Cinderace|95/100 tox|[from] psn
|turn|16
|
|switch|p2a: Talonflame|Talonflame, F|52/100
|move|p1a: Cinderace|Zen Headbutt|p2a: Talonflame
|-start|p1a: Cinderace|typechange|Psychic|[from] ability: Libero
|-damage|p2a: Talonflame|16/100
|
|-damage|p1a: Cinderace|83/100 tox|[from] psn
|turn|17
|
|switch|p2a: Zapdos|Zapdos|100/100
|move|p1a: Cinderace|Zen Headbutt|p2a: Zapdos
|-damage|p2a: Zapdos|72/100
|
|-damage|p1a: Cinderace|65/100 tox|[from] psn
|turn|18
|
|move|p1a: Cinderace|U-turn|p2a: Zapdos
|-resisted|p2a: Zapdos
|-damage|p2a: Zapdos|65/100
|
|switch|p1a: Magearna|Magearna|100/100|[from] U-turn
|move|p2a: Zapdos|Roost|p2a: Zapdos
|-heal|p2a: Zapdos|100/100
|-singleturn|p2a: Zapdos|move: Roost
|
|turn|19
|
|move|p2a: Zapdos|Heat Wave|p1a: Magearna
|-supereffective|p1a: Magearna
|-damage|p1a: Magearna|60/100
|move|p1a: Magearna|Ice Beam|p2a: Zapdos
|-supereffective|p2a: Zapdos
|-damage|p2a: Zapdos|41/100
|
|turn|20
|
|move|p2a: Zapdos|Roost|p2a: Zapdos
|-heal|p2a: Zapdos|91/100
|-singleturn|p2a: Zapdos|move: Roost
|move|p1a: Magearna|Ice Beam|p2a: Zapdos
|-damage|p2a: Zapdos|63/100
|
|turn|21
|
|move|p2a: Zapdos|Roost|p2a: Zapdos
|-heal|p2a: Zapdos|100/100
|-singleturn|p2a: Zapdos|move: Roost
|move|p1a: Magearna|Pain Split|p2a: Zapdos
|-sethp|p2a: Zapdos|79/100|[from] move: Pain Split|[silent]
|-sethp|p1a: Magearna|83/100|[from] move: Pain Split
|
|turn|22
|
|move|p2a: Zapdos|Heat Wave|p1a: Magearna
|-supereffective|p1a: Magearna
|-damage|p1a: Magearna|46/100
|move|p1a: Magearna|Ice Beam|p2a: Zapdos
|-supereffective|p2a: Zapdos
|-damage|p2a: Zapdos|19/100
|
|turn|23
|
|move|p2a: Zapdos|Roost|p2a: Zapdos
|-heal|p2a: Zapdos|69/100
|-singleturn|p2a: Zapdos|move: Roost
|move|p1a: Magearna|Pain Split|p2a: Zapdos
|-sethp|p2a: Zapdos|56/100|[from] move: Pain Split|[silent]
|-sethp|p1a: Magearna|59/100|[from] move: Pain Split
|
|turn|24
|
|move|p2a: Zapdos|Heat Wave|p1a: Magearna
|-supereffective|p1a: Magearna
|-damage|p1a: Magearna|19/100
|move|p1a: Magearna|Ice Beam|p2a: Zapdos
|-supereffective|p2a: Zapdos
|-damage|p2a: Zapdos|0 fnt
|faint|p2a: Zapdos
|-ability|p1a: Magearna|Soul-Heart|boost
|-boost|p1a: Magearna|spa|1
|
|
|switch|p2a: Talonflame|Talonflame, F|16/100
|turn|25
|
|switch|p1a: Rotom|Rotom-Wash|89/100 brn
|move|p2a: Talonflame|Defog|p1a: Rotom
|-unboost|p1a: Rotom|evasion|1
|-sideend|p2: p2|Stealth Rock|[from] move: Defog|[of] p2a: Talonflame
|
|-damage|p1a: Rotom|83/100 brn|[from] brn
|turn|26
|
|switch|p2a: Clodsire|Clodsire, M|100/100
|move|p1a: Rotom|Will-O-Wisp|p2a: Clodsire
|-status|p2a: Clodsire|brn
|
|-damage|p1a: Rotom|77/100 brn|[from] brn
|-damage|p2a: Clodsire|94/100 brn|[from] brn
|turn|27
|
|switch|p1a: Indeedee|Indeedee, M|100/100
|-fieldstart|move: Psychic Terrain|[from] ability: Psychic Surge|[of] p1a: Indeedee
|move|p2a: Clodsire|Stealth Rock|p1a: Indeedee
|-sidestart|p1: p1|move: Stealth Rock
|
|-damage|p2a: Clodsire|88/100 brn|[from] brn
|turn|28
|
|switch|p2a: Typhlosion|Typhlosion-Hisui, M, shiny|100/100
|move|p1a: Indeedee|Psychic|p2a: Typhlosion
|-damage|p2a: Typhlosion|48/100
|
|turn|29
|
|switch|p2a: Talonflame|Talonflame, F|16/100
|move|p1a: Indeedee|Psychic|p2a: Talonflame
|-damage|p2a: Talonflame|0 fnt
|faint|p2a: Talonflame
|
|
|switch|p2a: Sneasler|Sneasler, F|100/100
|turn|30
|
|move|p2a: Sneasler|Dire Claw|p1a: Indeedee
|-damage|p1a: Indeedee|25/100
|-status|p1a: Indeedee|par
|move|p1a: Indeedee|Psychic|p2a: Sneasler
|-supereffective|p2a: Sneasler
|-damage|p2a: Sneasler|0 fnt
|faint|p2a: Sneasler
|
|
|switch|p2a: Dragapult|Dragapult, F|30/100 slp
|turn|31
|
|-curestatus|p2a: Dragapult|slp|[msg]
|move|p2a: Dragapult|Substitute|p2a: Dragapult
|-start|p2a: Dragapult|Substitute
|-damage|p2a: Dragapult|5/100
|move|p1a: Indeedee|Dazzling Gleam|p2a: Dragapult
|-supereffective|p2a: Dragapult
|-end|p2a: Dragapult|Substitute
|
|-heal|p2a: Dragapult|11/100|[from] item: Leftovers
|turn|32
|
|move|p2a: Dragapult|Dragon Pulse|p1a: Indeedee
|-crit|p1a: Indeedee
|-damage|p1a: Indeedee|0 fnt
|faint|p1a: Indeedee
|
|-heal|p2a: Dragapult|17/100|[from] item: Leftovers
|
|switch|p1a: Hawlucha|Hawlucha, M|100/100
|-damage|p1a: Hawlucha|88/100|[from] Stealth Rock
|-enditem|p1a: Hawlucha|Psychic Seed
|-boost|p1a: Hawlucha|spd|1|[from] item: Psychic Seed
|turn|33
|
|move|p1a: Hawlucha|Acrobatics|p2a: Dragapult
|-damage|p2a: Dragapult|0 fnt
|faint|p2a: Dragapult
|
|
|switch|p2a: Clodsire|Clodsire, M|88/100 brn
|turn|34
|-message|p2 forfeited.
|
|win|p1
