# advantage = p2
|poke|p1|Dragapult, F|
|poke|p1|Basculegion, M|
|poke|p1|Pelipper, M|
|poke|p1|Mimikyu, M|
|poke|p1|Great Tusk|
|poke|p1|Gholdengo|
|poke|p2|Samurott-Hisui, F|
|poke|p2|Wooper, M|
|poke|p2|Decidueye-Hisui, M|
|poke|p2|Articuno-Galar|
|poke|p2|Urshifu-*, F|
|poke|p2|Kingambit, M|
|teampreview
|
|start
|switch|p1a: Pelipper|Pelipper, M|100/100
|switch|p2a: Woop Woop|Wooper, M|100/100
|-weather|RainDance|[from] ability: Drizzle|[of] p1a: Pelipper
|turn|1
|
|move|p1a: Pelipper|Hurricane|p2a: Woop Woop
|-damage|p2a: Woop Woop|25/100
|move|p2a: Woop Woop|Stockpile|p2a: Woop Woop
|-start|p2a: Woop Woop|stockpile1
|-boost|p2a: Woop Woop|def|1
|-boost|p2a: Woop Woop|spd|1
|
|-weather|RainDance|[upkeep]
|turn|2
|
|move|p1a: Pelipper|Hurricane|p2a: Woop Woop
|-damage|p2a: Woop Woop|0 fnt
|faint|p2a: Woop Woop
|
|-weather|RainDance|[upkeep]
|
|switch|p2a: Samurai Jackson|Samurott-Hisui, F|100/100
|turn|3
|
|move|p2a: Samurai Jackson|Ceaseless Edge|p1a: Pelipper
|-damage|p1a: Pelipper|55/100
|-sidestart|p1: p1|Spikes
|-damage|p2a: Samurai Jackson|91/100|[from] item: Life Orb
|move|p1a: Pelipper|U-turn|p2a: Samurai Jackson
|-supereffective|p2a: Samurai Jackson
|-damage|p2a: Samurai Jackson|67/100
|
|switch|p1a: Basculegion|Basculegion, M|100/100|[from] U-turn
|-damage|p1a: Basculegion|88/100|[from] Spikes
|
|-weather|RainDance|[upkeep]
|turn|4
|
|switch|p1a: Mimikyu|Mimikyu, M|100/100
|-damage|p1a: Mimikyu|88/100|[from] Spikes
|move|p2a: Samurai Jackson|Ceaseless Edge|p1a: Mimikyu
|-activate|p1a: Mimikyu|ability: Disguise
|-damage|p1a: Mimikyu|88/100
|-sidestart|p1: p1|Spikes
|detailschange|p1a: Mimikyu|Mimikyu-Busted, M
|-damage|p1a: Mimikyu|76/100|[from] pokemon: Mimikyu-Busted
|-damage|p2a: Samurai Jackson|58/100|[from] item: Life Orb
|
|-weather|RainDance|[upkeep]
|turn|5
|
|move|p2a: Samurai Jackson|Ceaseless Edge|p1a: Mimikyu
|-damage|p1a: Mimikyu|0 fnt
|-sidestart|p1: p1|Spikes
|faint|p1a: Mimikyu
|-damage|p2a: Samurai Jackson|48/100|[from] item: Life Orb
|
|-weather|RainDance|[upkeep]
|
|switch|p1a: Basculegion|Basculegion, M|88/100
|-damage|p1a: Basculegion|63/100|[from] Spikes
|turn|6
|
|-terastallize|p1a: Basculegion|Water
|move|p1a: Basculegion|Wave Crash|p2a: Samurai Jackson
|-resisted|p2a: Samurai Jackson
|-damage|p2a: Samurai Jackson|0 fnt
|faint|p2a: Samurai Jackson
|-damage|p1a: Basculegion|50/100|[from] Recoil
|
|-weather|RainDance|[upkeep]
|
|switch|p2a: Urshifu|Urshifu-Rapid-Strike, F|100/100
|turn|7
|
|switch|p1a: Pelipper|Pelipper, M|55/100
|move|p2a: Urshifu|Surging Strikes|p1a: Pelipper
|-resisted|p1a: Pelipper
|-crit|p1a: Pelipper
|-damage|p1a: Pelipper|37/100
|-resisted|p1a: Pelipper
|-crit|p1a: Pelipper
|-damage|p1a: Pelipper|20/100
|-resisted|p1a: Pelipper
|-crit|p1a: Pelipper
|-damage|p1a: Pelipper|2/100
|-hitcount|p1a: Pelipper|3
|
|-weather|RainDance|[upkeep]
|turn|8
|
|switch|p1a: Dragapult|Dragapult, F|100/100
|-damage|p1a: Dragapult|76/100|[from] Spikes
|move|p2a: Urshifu|Surging Strikes|p1a: Dragapult
|-resisted|p1a: Dragapult
|-crit|p1a: Dragapult
|-damage|p1a: Dragapult|44/100
|-resisted|p1a: Dragapult
|-crit|p1a: Dragapult
|-damage|p1a: Dragapult|15/100
|-resisted|p1a: Dragapult
|-crit|p1a: Dragapult
|-damage|p1a: Dragapult|0 fnt
|faint|p1a: Dragapult
|-hitcount|p1: Dragapult|3
|
|-weather|none
|
|switch|p1a: Pelipper|Pelipper, M|2/100
|-weather|RainDance|[from] ability: Drizzle|[of] p1a: Pelipper
|turn|9
|
|move|p2a: Urshifu|Surging Strikes|p1a: Pelipper
|-resisted|p1a: Pelipper
|-crit|p1a: Pelipper
|-damage|p1a: Pelipper|0 fnt
|faint|p1a: Pelipper
|-hitcount|p1: Pelipper|1
|
|-weather|RainDance|[upkeep]
|
|switch|p1a: Basculegion|Basculegion, M, tera:Water|50/100
|-damage|p1a: Basculegion|25/100|[from] Spikes
|turn|10
|
|move|p1a: Basculegion|Wave Crash|p2a: Urshifu
|-resisted|p2a: Urshifu
|-crit|p2a: Urshifu
|-damage|p2a: Urshifu|0 fnt
|faint|p2a: Urshifu
|-damage|p1a: Basculegion|0 fnt|[from] Recoil
|faint|p1a: Basculegion
|
|-weather|RainDance|[upkeep]
|
|switch|p2a: Articuno|Articuno-Galar|100/100
|switch|p1a: Gholdengo|Gholdengo|100/100
|-damage|p1a: Gholdengo|76/100|[from] Spikes
|turn|11
|
|move|p2a: Articuno|Shadow Ball|p1a: Gholdengo
|-supereffective|p1a: Gholdengo
|-crit|p1a: Gholdengo
|-damage|p1a: Gholdengo|0 fnt
|faint|p1a: Gholdengo
|
|-weather|RainDance|[upkeep]
|
|switch|p1a: Great Tusk|Great Tusk|100/100
|-damage|p1a: Great Tusk|76/100|[from] Spikes
|turn|12
|
|move|p2a: Articuno|Hurricane|p1a: Great Tusk
|-supereffective|p1a: Great Tusk
|-damage|p1a: Great Tusk|0 fnt
|faint|p1a: Great Tusk
|-end|p1a: Great Tusk|Protosynthesis|[silent]
|
|win|p2
