|poke|p1|Tornadus, M|
|poke|p1|Dragapult, F|
|poke|p1|Samurott-Hisui, M|
|poke|p1|Kleavor, F|
|poke|p1|Urshifu-*, M|
|poke|p1|Great Tusk|
|poke|p2|Hatterene, F|
|poke|p2|Iron Hands|
|poke|p2|Torkoal, M|
|poke|p2|Mimikyu, F|
|poke|p2|Indeedee-F, F|
|poke|p2|Rabsca, M|
|teampreview
|
|start
|switch|p1a: Kleavor|Kleavor, F|100/100
|switch|p2a: Hatterene|Hatterene, F|100/100
|turn|1
|
|move|p1a: Kleavor|Swords Dance|p1a: Kleavor
|-boost|p1a: Kleavor|atk|2
|move|p2a: Hatterene|Trick Room|p2a: Hatterene
|-fieldstart|move: Trick Room|[of] p2a: Hatterene
|
|turn|2
|
|move|p2a: Hatterene|Healing Wish|p2a: Hatterene
|faint|p2a: Hatterene
|move|p1a: Kleavor|Stone Axe|p2: Hatterene|[notarget]
|-fail|p1a: Kleavor
|
|
|switch|p2a: Torkoal|Torkoal, M|100/100
|-weather|SunnyDay|[from] ability: Drought|[of] p2a: Torkoal
|turn|3
|
|-terastallize|p2a: Torkoal|Fire
|move|p2a: Torkoal|Eruption|p1a: Kleavor
|-damage|p1a: Kleavor|0 fnt
|faint|p1a: Kleavor
|
|-weather|SunnyDay|[upkeep]
|
|switch|p1a: Dragapult|Dragapult, F|100/100
|turn|4
|
|move|p2a: Torkoal|Eruption|p1a: Dragapult
|-resisted|p1a: Dragapult
|-damage|p1a: Dragapult|0 fnt
|faint|p1a: Dragapult
|
|-weather|SunnyDay|[upkeep]
|
|switch|p1a: Urshifu|Urshifu-Rapid-Strike, M|100/100
|turn|5
|
|move|p2a: Torkoal|Eruption|p1a: Urshifu
|-resisted|p1a: Urshifu
|-damage|p1a: Urshifu|0 fnt
|faint|p1a: Urshifu
|
|-weather|SunnyDay|[upkeep]
|-fieldend|move: Trick Room
|
|switch|p1a: Samurott|Samurott-Hisui, M|100/100
|turn|6
|
|move|p1a: Samurott|Ceaseless Edge|p2a: Torkoal
|-damage|p2a: Torkoal|66/100
|-sidestart|p2: p2|Spikes
|move|p2a: Torkoal|Eruption|p1a: Samurott
|-resisted|p1a: Samurott
|-damage|p1a: Samurott|7/100
|
|-weather|SunnyDay|[upkeep]
|turn|7
|
|move|p1a: Samurott|Ceaseless Edge|p2a: Torkoal|[miss]
|-miss|p1a: Samurott|p2a: Torkoal
|move|p2a: Torkoal|Eruption|p1a: Samurott
|-resisted|p1a: Samurott
|-damage|p1a: Samurott|0 fnt
|faint|p1a: Samurott
|
|-weather|none
|
|switch|p1a: Great Tusk|Great Tusk|100/100
|turn|8
|
|move|p1a: Great Tusk|Earthquake|p2a: Torkoal
|-supereffective|p2a: Torkoal
|-damage|p2a: Torkoal|0 fnt
|faint|p2a: Torkoal
|
|
|switch|p2a: Rabsca|Rabsca, M|100/100
|-damage|p2a: Rabsca|88/100|[from] Spikes
|turn|9
|
|-end|p1a: Great Tusk|Protosynthesis|[silent]
|switch|p1a: Tornadus|Tornadus, M|100/100
|move|p2a: Rabsca|Trick Room|p2a: Rabsca
|-fieldstart|move: Trick Room|[of] p2a: Rabsca
|
|turn|10
|
|move|p2a: Rabsca|Revival Blessing|p2a: Rabsca
|
|-heal|p2: Torkoal|50/100|[from] move: Revival Blessing
|move|p1a: Tornadus|Bleakwind Storm|p2a: Rabsca
|-supereffective|p2a: Rabsca
|-damage|p2a: Rabsca|0 fnt
|faint|p2a: Rabsca
|
|
|switch|p2a: Torkoal|Torkoal, M|50/100
|-heal|p2a: Torkoal|100/100|[from] move: Healing Wish
|-damage|p2a: Torkoal|88/100|[from] Spikes
|-weather|SunnyDay|[from] ability: Drought|[of] p2a: Torkoal
|turn|11
|
|move|p2a: Torkoal|Eruption|p1a: Tornadus
|-damage|p1a: Tornadus|0 fnt
|faint|p1a: Tornadus
|
|-weather|SunnyDay|[upkeep]
|
|switch|p1a: Great Tusk|Great Tusk|100/100
|-activate|p1a: Great Tusk|ability: Protosynthesis
|-start|p1a: Great Tusk|protosynthesisatk
|turn|12
|player|p2|
|player|p2|p2|steven-masters2
|player|p2|
|player|p2|p2|steven-masters2
|
|move|p2a: Torkoal|Eruption|p1a: Great Tusk
|-damage|p1a: Great Tusk|0 fnt
|faint|p1a: Great Tusk
|-end|p1a: Great Tusk|Protosynthesis|[silent]
|
|win|p2
|player|p2|p2|steven-masters2
