|poke|p1|Jolteon, M|
|poke|p1|Gallade, M|
|poke|p1|Cyclizar, M|
|poke|p1|Lilligant-Hisui, F|
|poke|p1|Great Tusk|
|poke|p1|Kingambit, M|
|poke|p2|Garganacl, M|
|poke|p2|Glimmora, M|
|poke|p2|Bellibolt, M|
|poke|p2|Pawmot, F|
|poke|p2|Cinderace, F|
|poke|p2|Dragonite, F|
|teampreview
|
|start
|switch|p1a: Great Tusk|Great Tusk|100/100
|switch|p2a: Glimmora|Glimmora, M|100/100
|turn|1
|
|move|p1a: Great Tusk|Knock Off|p2a: Glimmora
|-damage|p2a: Glimmora|60/100
|-activate|p2a: Glimmora|ability: Toxic Debris
|-sidestart|p1: JamesH133|move: Toxic Spikes
|-enditem|p2a: Glimmora|Focus Sash|[from] move: Knock Off|[of] p1a: Great Tusk
|move|p2a: Glimmora|Energy Ball|p1a: Great Tusk
|-supereffective|p1a: Great Tusk
|-damage|p1a: Great Tusk|2/100
|
|turn|2
|
|-end|p1a: Great Tusk|Protosynthesis|[silent]
|switch|p1a: Kingambit|Kingambit, M|100/100
|move|p2a: Glimmora|Energy Ball|p1a: Kingambit
|-resisted|p1a: Kingambit
|-damage|p1a: Kingambit|91/100
|
|turn|3
|
|switch|p2a: Pawmot|Pawmot, F|100/100
|move|p1a: Kingambit|Iron Head|p2a: Pawmot
|-resisted|p2a: Pawmot
|-damage|p2a: Pawmot|64/100
|
|turn|4
|
|move|p1a: Kingambit|Sucker Punch|p2a: Pawmot
|-resisted|p2a: Pawmot
|-damage|p2a: Pawmot|32/100
|move|p2a: Pawmot|Volt Switch|p1a: Kingambit
|-damage|p1a: Kingambit|80/100
|
|switch|p2a: Dragonite|Dragonite, F|100/100|[from] Volt Switch
|
|turn|5
|
|move|p2a: Dragonite|Dragon Dance|p2a: Dragonite
|-boost|p2a: Dragonite|atk|1
|-boost|p2a: Dragonite|spe|1
|move|p1a: Kingambit|Kowtow Cleave|p2a: Dragonite
|-damage|p2a: Dragonite|53/100
|
|-heal|p2a: Dragonite|59/100|[from] item: Leftovers
|turn|6
|
|move|p2a: Dragonite|Fire Punch|p1a: Kingambit
|-supereffective|p1a: Kingambit
|-damage|p1a: Kingambit|15/100
|move|p1a: Kingambit|Kowtow Cleave|p2a: Dragonite
|-damage|p2a: Dragonite|14/100
|
|-heal|p2a: Dragonite|20/100|[from] item: Leftovers
|turn|7
|
|-terastallize|p2a: Dragonite|Normal
|move|p2a: Dragonite|Extreme Speed|p1a: Kingambit
|-resisted|p1a: Kingambit
|-damage|p1a: Kingambit|0 fnt
|faint|p1a: Kingambit
|-end|p1a: Kingambit|fallenundefined|[silent]
|
|-heal|p2a: Dragonite|26/100|[from] item: Leftovers
|
|switch|p1a: Cyclizar|Cyclizar, M|100/100
|-status|p1a: Cyclizar|psn
|turn|8
|
|move|p2a: Dragonite|Extreme Speed|p1a: Cyclizar
|-damage|p1a: Cyclizar|0 fnt
|faint|p1a: Cyclizar
|
|-heal|p2a: Dragonite|32/100|[from] item: Leftovers
|
|switch|p1a: Gallade|Gallade, M|100/100
|-status|p1a: Gallade|psn
|turn|9
|
|move|p2a: Dragonite|Extreme Speed|p1a: Gallade
|-enditem|p1a: Gallade|Focus Sash
|-damage|p1a: Gallade|1/100 psn
|move|p1a: Gallade|Sacred Sword|p2a: Dragonite
|-supereffective|p2a: Dragonite
|-damage|p2a: Dragonite|0 fnt
|faint|p2a: Dragonite
|
|-damage|p1a: Gallade|0 fnt|[from] psn
|faint|p1a: Gallade
|
|switch|p1a: Great Tusk|Great Tusk|2/100
|switch|p2a: Glimmora|Glimmora, M|60/100
|-status|p1a: Great Tusk|psn
|turn|10
|
|move|p1a: Great Tusk|Headlong Rush|p2a: Glimmora
|-supereffective|p2a: Glimmora
|-damage|p2a: Glimmora|0 fnt
|-unboost|p1a: Great Tusk|def|1
|-unboost|p1a: Great Tusk|spd|1
|-activate|p2a: Glimmora|ability: Toxic Debris
|-sidestart|p1: JamesH133|move: Toxic Spikes
|faint|p2a: Glimmora
|
|-damage|p1a: Great Tusk|0 fnt|[from] psn
|faint|p1a: Great Tusk
|-end|p1a: Great Tusk|Protosynthesis|[silent]
|
|switch|p1a: Jolteon|Jolteon, M|100/100
|switch|p2a: Pawmot|Pawmot, F|32/100
|-status|p1a: Jolteon|tox
|turn|11
|
|move|p1a: Jolteon|Calm Mind|p1a: Jolteon
|-boost|p1a: Jolteon|spa|1
|-boost|p1a: Jolteon|spd|1
|move|p2a: Pawmot|Revival Blessing|p2a: Pawmot
|-enditem|p2a: Pawmot|Leppa Berry|[eat]
|-activate|p2a: Pawmot|item: Leppa Berry|Revival Blessing|[consumed]
|
|-heal|p2: Dragonite|50/100|[from] move: Revival Blessing
|
|-damage|p1a: Jolteon|95/100 tox|[from] psn
|turn|12
|
|-terastallize|p1a: Jolteon|Fairy
|move|p1a: Jolteon|Calm Mind|p1a: Jolteon
|-boost|p1a: Jolteon|spa|1
|-boost|p1a: Jolteon|spd|1
|move|p2a: Pawmot|Double Shock|p1a: Jolteon
|-damage|p1a: Jolteon|0 fnt
|-start|p2a: Pawmot|typechange|???/Fighting|[from] move: Double Shock
|faint|p1a: Jolteon
|
|
|switch|p1a: Lilligant|Lilligant-Hisui, F|100/100
|-status|p1a: Lilligant|tox
|turn|13
|
|move|p2a: Pawmot|Volt Switch|p1a: Lilligant
|-resisted|p1a: Lilligant
|-damage|p1a: Lilligant|93/100 tox
|
|switch|p2a: Dragonite|Dragonite, F|50/100|[from] Volt Switch
|move|p1a: Lilligant|Victory Dance|p1a: Lilligant
|-boost|p1a: Lilligant|atk|1
|-boost|p1a: Lilligant|def|1
|-boost|p1a: Lilligant|spe|1
|
|-heal|p2a: Dragonite|57/100|[from] item: Leftovers
|-damage|p1a: Lilligant|87/100 tox|[from] psn
|turn|14
|
|move|p1a: Lilligant|Ice Spinner|p2a: Dragonite
|-supereffective|p2a: Dragonite
|-damage|p2a: Dragonite|0 fnt
|faint|p2a: Dragonite
|
|-damage|p1a: Lilligant|75/100 tox|[from] psn
|
|switch|p2a: Garganacl|Garganacl, M|100/100
|turn|15
|
|move|p2a: Garganacl|Protect|p2a: Garganacl
|-singleturn|p2a: Garganacl|Protect
|move|p1a: Lilligant|Leaf Blade|p2a: Garganacl
|-activate|p2a: Garganacl|move: Protect
|
|-damage|p1a: Lilligant|57/100 tox|[from] psn
|turn|16
|
|switch|p2a: Cinderace|Cinderace, F|100/100
|move|p1a: Lilligant|Leaf Blade|p2a: Cinderace
|-resisted|p2a: Cinderace
|-damage|p2a: Cinderace|47/100
|
|-damage|p1a: Lilligant|33/100 tox|[from] psn
|turn|17
|
|move|p2a: Cinderace|Pyro Ball|p1a: Lilligant
|-supereffective|p1a: Lilligant
|-damage|p1a: Lilligant|0 fnt
|faint|p1a: Lilligant
|
|win|LiJing0520
