# advantage = p2
|poke|p1|Sneasler, M|
|poke|p1|Corviknight, M|
|poke|p1|Gholdengo|
|poke|p1|Clodsire, M|
|poke|p1|Rotom-Wash|
|poke|p1|Baxcalibur, M|
|poke|p2|Landorus-Therian, M|
|poke|p2|Skeledirge, F|
|poke|p2|Azumarill, F|
|poke|p2|Great Tusk|
|poke|p2|Samurott-Hisui, F|
|poke|p2|Clodsire, F|
|teampreview
|
|start
|switch|p1a: Good boi|Clodsire, M|100/100
|switch|p2a: Skeledirge|Skeledirge, F|100/100
|turn|1
|
|move|p2a: Skeledirge|Will-O-Wisp|p1a: Good boi
|-status|p1a: Good boi|brn
|move|p1a: Good boi|Stealth Rock|p2a: Skeledirge
|-sidestart|p2: p2|move: Stealth Rock
|
|-damage|p1a: Good boi|94/100 brn|[from] brn
|turn|2
|
|move|p2a: Skeledirge|Torch Song|p1a: Good boi
|-crit|p1a: Good boi
|-damage|p1a: Good boi|71/100 brn
|-boost|p2a: Skeledirge|spa|1
|move|p1a: Good boi|Toxic|p2a: Skeledirge
|-status|p2a: Skeledirge|tox
|
|-heal|p1a: Good boi|77/100 brn|[from] item: Leftovers
|-damage|p2a: Skeledirge|94/100 tox|[from] psn
|-damage|p1a: Good boi|71/100 brn|[from] brn
|turn|3
|
|switch|p2a: Samurott|Samurott-Hisui, F|100/100
|-damage|p2a: Samurott|88/100|[from] Stealth Rock
|move|p1a: Good boi|Recover|p1a: Good boi
|-heal|p1a: Good boi|100/100 brn
|
|-damage|p1a: Good boi|94/100 brn|[from] brn
|turn|4
|
|switch|p1a: Tinkaton L|Corviknight, M|100/100
|move|p2a: Samurott|Ceaseless Edge|p1a: Tinkaton L
|-damage|p1a: Tinkaton L|53/100
|-sidestart|p1: p1|Spikes
|-damage|p2a: Samurott|72/100|[from] item: Rocky Helmet|[of] p1a: Tinkaton L
|
|turn|5
|
|move|p2a: Samurott|Ceaseless Edge|p1a: Tinkaton L
|-damage|p1a: Tinkaton L|6/100
|-sidestart|p1: p1|Spikes
|-damage|p2a: Samurott|55/100|[from] item: Rocky Helmet|[of] p1a: Tinkaton L
|move|p1a: Tinkaton L|Roost|p1a: Tinkaton L
|-heal|p1a: Tinkaton L|56/100
|-singleturn|p1a: Tinkaton L|move: Roost
|
|turn|6
|
|move|p2a: Samurott|Ceaseless Edge|p1a: Tinkaton L
|-damage|p1a: Tinkaton L|11/100
|-sidestart|p1: p1|Spikes
|-damage|p2a: Samurott|39/100|[from] item: Rocky Helmet|[of] p1a: Tinkaton L
|move|p1a: Tinkaton L|Roost|p1a: Tinkaton L
|-heal|p1a: Tinkaton L|61/100
|-singleturn|p1a: Tinkaton L|move: Roost
|
|turn|7
|
|switch|p1a: Rotom|Rotom-Wash|100/100
|move|p2a: Samurott|Ceaseless Edge|p1a: Rotom
|-damage|p1a: Rotom|42/100
|
|-heal|p1a: Rotom|49/100|[from] item: Leftovers
|turn|8
|
|move|p1a: Rotom|Protect|p1a: Rotom
|-singleturn|p1a: Rotom|Protect
|move|p2a: Samurott|Ceaseless Edge|p1a: Rotom
|-activate|p1a: Rotom|move: Protect
|
|-heal|p1a: Rotom|55/100|[from] item: Leftovers
|turn|9
|
|move|p2a: Samurott|Ceaseless Edge|p1a: Rotom
|-damage|p1a: Rotom|0 fnt
|faint|p1a: Rotom
|
|
|switch|p1a: Tinkaton L|Corviknight, M|61/100
|turn|10
|
|move|p2a: Samurott|Ceaseless Edge|p1a: Tinkaton L
|-damage|p1a: Tinkaton L|19/100
|-damage|p2a: Samurott|22/100|[from] item: Rocky Helmet|[of] p1a: Tinkaton L
|move|p1a: Tinkaton L|Roost|p1a: Tinkaton L
|-heal|p1a: Tinkaton L|69/100
|-singleturn|p1a: Tinkaton L|move: Roost
|
|turn|11
|
|move|p2a: Samurott|Ceaseless Edge|p1a: Tinkaton L
|-damage|p1a: Tinkaton L|27/100
|-damage|p2a: Samurott|5/100|[from] item: Rocky Helmet|[of] p1a: Tinkaton L
|move|p1a: Tinkaton L|Roost|p1a: Tinkaton L
|-heal|p1a: Tinkaton L|77/100
|-singleturn|p1a: Tinkaton L|move: Roost
|
|turn|12
|
|move|p2a: Samurott|Ceaseless Edge|p1a: Tinkaton L|[miss]
|-miss|p2a: Samurott|p1a: Tinkaton L
|move|p1a: Tinkaton L|Defog|p2a: Samurott
|-unboost|p2a: Samurott|evasion|1
|-sideend|p2: p2|Stealth Rock|[from] move: Defog|[of] p1a: Tinkaton L
|-sideend|p1: p1|Spikes|[from] move: Defog|[of] p1a: Tinkaton L
|
|turn|13
|
|move|p2a: Samurott|Ceaseless Edge|p1a: Tinkaton L
|-damage|p1a: Tinkaton L|36/100
|-sidestart|p1: p1|Spikes
|-damage|p2a: Samurott|0 fnt|[from] item: Rocky Helmet|[of] p1a: Tinkaton L
|faint|p2a: Samurott
|move|p1a: Tinkaton L|Roost|p1a: Tinkaton L
|-heal|p1a: Tinkaton L|86/100
|-singleturn|p1a: Tinkaton L|move: Roost
|
|
|switch|p2a: Landorus|Landorus-Therian, M|100/100
|-ability|p2a: Landorus|Intimidate|boost
|-ability|p1a: Tinkaton L|Mirror Armor
|-unboost|p2a: Landorus|atk|1
|turn|14
|
|move|p2a: Landorus|Nasty Plot|p2a: Landorus
|-boost|p2a: Landorus|spa|2
|move|p1a: Tinkaton L|Brave Bird|p2a: Landorus
|-damage|p2a: Landorus|55/100
|-damage|p1a: Tinkaton L|74/100|[from] Recoil
|
|turn|15
|
|-terastallize|p2a: Landorus|Fire
|move|p2a: Landorus|Tera Blast|p1a: Tinkaton L
|-supereffective|p1a: Tinkaton L
|-damage|p1a: Tinkaton L|0 fnt
|faint|p1a: Tinkaton L
|
|
|switch|p1a: Baxcalibur|Baxcalibur, M|100/100
|-damage|p1a: Baxcalibur|88/100|[from] Spikes
|turn|16
|
|switch|p2a: Azumarill|Azumarill, F|100/100
|move|p1a: Baxcalibur|Earthquake|p2a: Azumarill
|-damage|p2a: Azumarill|62/100
|
|turn|17
|
|switch|p1a: Spaghetti|Gholdengo|100/100
|-damage|p1a: Spaghetti|88/100|[from] Spikes
|move|p2a: Azumarill|Ice Spinner|p1a: Spaghetti
|-resisted|p1a: Spaghetti
|-damage|p1a: Spaghetti|76/100
|
|-heal|p1a: Spaghetti|82/100|[from] item: Leftovers
|turn|18
|
|switch|p2a: Clodsire|Clodsire, F|100/100
|move|p1a: Spaghetti|Nasty Plot|p1a: Spaghetti
|-boost|p1a: Spaghetti|spa|2
|
|-heal|p1a: Spaghetti|88/100|[from] item: Leftovers
|turn|19
|
|move|p1a: Spaghetti|Shadow Ball|p2a: Clodsire
|-damage|p2a: Clodsire|63/100
|move|p2a: Clodsire|Earthquake|p1a: Spaghetti
|-supereffective|p1a: Spaghetti
|-damage|p1a: Spaghetti|48/100
|
|-heal|p1a: Spaghetti|54/100|[from] item: Leftovers
|-heal|p2a: Clodsire|69/100|[from] item: Black Sludge
|turn|20
|
|-terastallize|p1a: Spaghetti|Flying
|move|p1a: Spaghetti|Recover|p1a: Spaghetti
|-heal|p1a: Spaghetti|100/100
|move|p2a: Clodsire|Earthquake|p1a: Spaghetti
|-immune|p1a: Spaghetti
|
|-heal|p2a: Clodsire|75/100|[from] item: Black Sludge
|turn|21
|
|switch|p2a: Skeledirge|Skeledirge, F|94/100 tox
|move|p1a: Spaghetti|Shadow Ball|p2a: Skeledirge
|-supereffective|p2a: Skeledirge
|-damage|p2a: Skeledirge|46/100 tox
|
|-damage|p2a: Skeledirge|40/100 tox|[from] psn
|turn|22
|
|move|p1a: Spaghetti|Shadow Ball|p2a: Skeledirge
|-supereffective|p2a: Skeledirge
|-damage|p2a: Skeledirge|0 fnt
|faint|p2a: Skeledirge
|
|
|switch|p2a: Azumarill|Azumarill, F|62/100
|turn|23
|
|move|p1a: Spaghetti|Make It Rain|p2a: Azumarill
|-damage|p2a: Azumarill|0 fnt
|-unboost|p1a: Spaghetti|spa|1
|faint|p2a: Azumarill
|
|
|switch|p2a: Great Tusk|Great Tusk|100/100
|turn|24
|
|-end|p2a: Great Tusk|Protosynthesis|[silent]
|switch|p2a: Clodsire|Clodsire, F|75/100
|move|p1a: Spaghetti|Nasty Plot|p1a: Spaghetti
|-boost|p1a: Spaghetti|spa|2
|
|-heal|p2a: Clodsire|82/100|[from] item: Black Sludge
|turn|25
|
|move|p1a: Spaghetti|Shadow Ball|p2a: Clodsire
|-damage|p2a: Clodsire|34/100
|-unboost|p2a: Clodsire|spd|1
|move|p2a: Clodsire|Poison Jab|p1a: Spaghetti
|-damage|p1a: Spaghetti|84/100
|-status|p1a: Spaghetti|psn
|
|-heal|p1a: Spaghetti|90/100 psn|[from] item: Leftovers
|-heal|p2a: Clodsire|40/100|[from] item: Black Sludge
|-damage|p1a: Spaghetti|77/100 psn|[from] psn
|turn|26
|
|move|p1a: Spaghetti|Shadow Ball|p2a: Clodsire
|-damage|p2a: Clodsire|0 fnt
|faint|p2a: Clodsire
|
|-heal|p1a: Spaghetti|83/100 psn|[from] item: Leftovers
|-damage|p1a: Spaghetti|71/100 psn|[from] psn
|
|switch|p2a: Great Tusk|Great Tusk|100/100
|turn|27
|
|move|p2a: Great Tusk|Ice Spinner|p1a: Spaghetti
|-supereffective|p1a: Spaghetti
|-crit|p1a: Spaghetti
|-damage|p1a: Spaghetti|14/100 psn
|move|p1a: Spaghetti|Make It Rain|p2a: Great Tusk
|-crit|p2a: Great Tusk
|-damage|p2a: Great Tusk|0 fnt
|-unboost|p1a: Spaghetti|spa|1
|faint|p2a: Great Tusk
|-end|p2a: Great Tusk|Protosynthesis|[silent]
|
|-heal|p1a: Spaghetti|20/100 psn|[from] item: Leftovers
|-damage|p1a: Spaghetti|8/100 psn|[from] psn
|
|switch|p2a: Landorus|Landorus-Therian, M, tera:Fire|55/100
|-ability|p2a: Landorus|Intimidate|boost
|-unboost|p1a: Spaghetti|atk|1
|turn|28
|
|move|p2a: Landorus|Sludge Bomb|p1a: Spaghetti
|-damage|p1a: Spaghetti|0 fnt
|faint|p1a: Spaghetti
|
|
|switch|p1a: Clawmongus|Sneasler, M|100/100
|-damage|p1a: Clawmongus|88/100|[from] Spikes
|turn|29
|
|move|p1a: Clawmongus|Close Combat|p2a: Landorus
|-damage|p2a: Landorus|0 fnt
|-unboost|p1a: Clawmongus|def|1
|-unboost|p1a: Clawmongus|spd|1
|faint|p2a: Landorus
|
|win|p1
