# advantage = p1
|poke|p1|Inteleon, F|
|poke|p1|Corviknight, F|
|poke|p1|Zamazenta-*|
|poke|p1|Sandy Shocks|
|poke|p1|Goodra-Hisui, F|
|poke|p1|Slowking, F|
|poke|p2|Torkoal, F|
|poke|p2|Walking Wake|
|poke|p2|Lilligant-Hisui, F|
|poke|p2|Typhlosion-Hisui, F|
|poke|p2|Roaring Moon|
|poke|p2|Great Tusk|
|teampreview
|
|start
|switch|p1a: Slowking|Slowking, F, shiny|100/100
|switch|p2a: Torquemada|Torkoal, F|100/100
|-weather|SunnyDay|[from] ability: Drought|[of] p2a: Torquemada
|turn|1
|
|move|p2a: Torquemada|Stealth Rock|p1a: Slowking
|-sidestart|p1: p1|move: Stealth Rock
|move|p1a: Slowking|Chilly Reception|p1a: Slowking
|-weather|Snow
|
|switch|p1a: Inteleon|Inteleon, F|100/100|[from] Chilly Reception
|-damage|p1a: Inteleon|88/100|[from] Stealth Rock
|
|-weather|Snow|[upkeep]
|turn|2
|
|switch|p2a: Walking Goob|Walking Wake|100/100
|move|p1a: Inteleon|Snipe Shot|p2a: Walking Goob
|-resisted|p2a: Walking Goob
|-damage|p2a: Walking Goob|88/100
|
|-weather|Snow|[upkeep]
|turn|3
|
|switch|p1a: Goodra|Goodra-Hisui, F|100/100
|-damage|p1a: Goodra|94/100|[from] Stealth Rock
|move|p2a: Walking Goob|Draco Meteor|p1a: Goodra
|-damage|p1a: Goodra|61/100
|-unboost|p2a: Walking Goob|spa|2
|
|-weather|Snow|[upkeep]
|-heal|p1a: Goodra|68/100|[from] item: Leftovers
|turn|4
|
|-end|p2a: Walking Goob|Protosynthesis|[silent]
|switch|p2a: Torquemada|Torkoal, F|100/100
|-weather|SunnyDay|[from] ability: Drought|[of] p2a: Torquemada
|move|p1a: Goodra|Dragon Tail|p2a: Torquemada
|-damage|p2a: Torquemada|86/100
|drag|p2a: Inquisitor|Lilligant-Hisui, F|100/100
|
|-weather|SunnyDay|[upkeep]
|-heal|p1a: Goodra|74/100|[from] item: Leftovers
|turn|5
|
|-terastallize|p1a: Goodra|Flying
|move|p2a: Inquisitor|Close Combat|p1a: Goodra
|-resisted|p1a: Goodra
|-damage|p1a: Goodra|35/100
|-unboost|p2a: Inquisitor|def|1
|-unboost|p2a: Inquisitor|spd|1
|-ability|p1a: Goodra|Gooey
|-unboost|p2a: Inquisitor|spe|1
|move|p1a: Goodra|Acid Armor|p1a: Goodra
|-boost|p1a: Goodra|def|2
|
|-weather|SunnyDay|[upkeep]
|-heal|p1a: Goodra|41/100|[from] item: Leftovers
|turn|6
|
|switch|p2a: No switch ins???|Typhlosion-Hisui, F|100/100
|move|p1a: Goodra|Heavy Slam|p2a: No switch ins???
|-resisted|p2a: No switch ins???
|-damage|p2a: No switch ins???|78/100
|
|-weather|SunnyDay|[upkeep]
|-heal|p1a: Goodra|47/100|[from] item: Leftovers
|turn|7
|
|move|p2a: No switch ins???|Eruption|p1a: Goodra
|-damage|p1a: Goodra|7/100
|move|p1a: Goodra|Dragon Tail|p2a: No switch ins???
|-damage|p2a: No switch ins???|46/100
|drag|p2a: Walking Goob|Walking Wake|88/100
|-activate|p2a: Walking Goob|ability: Protosynthesis
|-start|p2a: Walking Goob|protosynthesisspa
|
|-weather|SunnyDay|[upkeep]
|-heal|p1a: Goodra|13/100|[from] item: Leftovers
|turn|8
|
|move|p2a: Walking Goob|Hydro Steam|p1a: Goodra
|-damage|p1a: Goodra|0 fnt
|faint|p1a: Goodra
|
|-weather|SunnyDay|[upkeep]
|
|switch|p1a: Slowking|Slowking, F, shiny|100/100
|turn|9
|
|-end|p2a: Walking Goob|Protosynthesis|[silent]
|switch|p2a: Lando-Tusk|Great Tusk|100/100
|-activate|p2a: Lando-Tusk|ability: Protosynthesis
|-start|p2a: Lando-Tusk|protosynthesisatk
|move|p1a: Slowking|Future Sight|p2a: Lando-Tusk
|-start|p1a: Slowking|move: Future Sight
|
|-weather|SunnyDay|[upkeep]
|turn|10
|
|-end|p2a: Lando-Tusk|Protosynthesis|[silent]
|switch|p2a: No switch ins???|Typhlosion-Hisui, F|46/100
|switch|p1a: Corviknight|Corviknight, F, shiny|100/100
|-damage|p1a: Corviknight|88/100|[from] Stealth Rock
|-ability|p1a: Corviknight|Pressure
|
|-weather|SunnyDay|[upkeep]
|turn|11
|
|switch|p1a: Inteleon|Inteleon, F|88/100
|-damage|p1a: Inteleon|76/100|[from] Stealth Rock
|move|p2a: No switch ins???|Shadow Ball|p1a: Inteleon
|-damage|p1a: Inteleon|8/100
|
|-weather|none
|-end|p2a: No switch ins???|move: Future Sight
|-damage|p2a: No switch ins???|0 fnt
|faint|p2a: No switch ins???
|
|switch|p2a: Walking Goob|Walking Wake|88/100
|turn|12
|
|move|p1a: Inteleon|Ice Beam|p2a: Walking Goob
|-damage|p2a: Walking Goob|54/100
|move|p2a: Walking Goob|Hydro Steam|p1a: Inteleon
|-resisted|p1a: Inteleon
|-damage|p1a: Inteleon|0 fnt
|faint|p1a: Inteleon
|
|
|switch|p1a: Slowking|Slowking, F, shiny|100/100
|turn|13
|
|-end|p2a: Walking Goob|Protosynthesis|[silent]
|switch|p2a: Silent Sun|Roaring Moon|100/100
|move|p1a: Slowking|Future Sight|p2a: Silent Sun
|-start|p1a: Slowking|move: Future Sight
|
|turn|14
|
|switch|p1a: Corviknight|Corviknight, F, shiny|88/100
|-damage|p1a: Corviknight|76/100|[from] Stealth Rock
|-ability|p1a: Corviknight|Pressure
|move|p2a: Silent Sun|Dragon Dance|p2a: Silent Sun
|-boost|p2a: Silent Sun|atk|1
|-boost|p2a: Silent Sun|spe|1
|
|turn|15
|
|-end|p2a: Silent Sun|Protosynthesis|[silent]
|switch|p2a: Torquemada|Torkoal, F|86/100
|-weather|SunnyDay|[from] ability: Drought|[of] p2a: Torquemada
|move|p1a: Corviknight|Brave Bird|p2a: Torquemada
|-damage|p2a: Torquemada|59/100
|-damage|p1a: Corviknight|68/100|[from] Recoil
|
|-weather|SunnyDay|[upkeep]
|-end|p2a: Torquemada|move: Future Sight
|-damage|p2a: Torquemada|24/100
|turn|16
|
|switch|p2a: Lando-Tusk|Great Tusk|100/100
|-activate|p2a: Lando-Tusk|ability: Protosynthesis
|-start|p2a: Lando-Tusk|protosynthesisatk
|move|p1a: Corviknight|Brave Bird|p2a: Lando-Tusk
|-supereffective|p2a: Lando-Tusk
|-damage|p2a: Lando-Tusk|46/100
|-damage|p1a: Corviknight|51/100|[from] Recoil
|
|-weather|SunnyDay|[upkeep]
|turn|17
|
|move|p2a: Lando-Tusk|Close Combat|p1a: Corviknight
|-damage|p1a: Corviknight|0 fnt
|-unboost|p2a: Lando-Tusk|def|1
|-unboost|p2a: Lando-Tusk|spd|1
|-enditem|p2a: Lando-Tusk|Eject Pack
|-damage|p2a: Lando-Tusk|29/100|[from] item: Rocky Helmet|[of] p1a: Corviknight
|faint|p1a: Corviknight
|
|-end|p2a: Lando-Tusk|Protosynthesis|[silent]
|switch|p2a: Inquisitor|Lilligant-Hisui, F|100/100
|
|-weather|SunnyDay|[upkeep]
|
|switch|p1a: Zamazenta|Zamazenta|100/100
|-damage|p1a: Zamazenta|94/100|[from] Stealth Rock
|-ability|p1a: Zamazenta|Dauntless Shield|boost
|-boost|p1a: Zamazenta|def|1
|turn|18
|
|switch|p2a: Lando-Tusk|Great Tusk|29/100
|-activate|p2a: Lando-Tusk|ability: Protosynthesis
|-start|p2a: Lando-Tusk|protosynthesisatk
|move|p1a: Zamazenta|Iron Defense|p1a: Zamazenta
|-boost|p1a: Zamazenta|def|2
|
|-weather|SunnyDay|[upkeep]
|-heal|p1a: Zamazenta|100/100|[from] item: Leftovers
|turn|19
|
|move|p1a: Zamazenta|Body Press|p2a: Lando-Tusk
|-damage|p2a: Lando-Tusk|0 fnt
|faint|p2a: Lando-Tusk
|-end|p2a: Lando-Tusk|Protosynthesis|[silent]
|
|-weather|SunnyDay|[upkeep]
|
|switch|p2a: Walking Goob|Walking Wake|54/100
|-activate|p2a: Walking Goob|ability: Protosynthesis
|-start|p2a: Walking Goob|protosynthesisspa
|turn|20
|
|-terastallize|p2a: Walking Goob|Water
|move|p2a: Walking Goob|Hydro Steam|p1a: Zamazenta
|-damage|p1a: Zamazenta|9/100
|move|p1a: Zamazenta|Body Press|p2a: Walking Goob
|-damage|p2a: Walking Goob|0 fnt
|faint|p2a: Walking Goob
|-end|p2a: Walking Goob|Protosynthesis|[silent]
|
|-weather|SunnyDay|[upkeep]
|-heal|p1a: Zamazenta|15/100|[from] item: Leftovers
|
|switch|p2a: Inquisitor|Lilligant-Hisui, F|100/100
|turn|21
|
|move|p2a: Inquisitor|Solar Blade||[still]
|-prepare|p2a: Inquisitor|Solar Blade
|-anim|p2a: Inquisitor|Solar Blade|p1a: Zamazenta
|-crit|p1a: Zamazenta
|-damage|p1a: Zamazenta|0 fnt
|faint|p1a: Zamazenta
|
|-weather|SunnyDay|[upkeep]
|
|switch|p1a: Slowking|Slowking, F, shiny|100/100
|turn|22
|
|move|p2a: Inquisitor|Solar Blade||[still]
|-prepare|p2a: Inquisitor|Solar Blade
|-anim|p2a: Inquisitor|Solar Blade|p1a: Slowking
|-supereffective|p1a: Slowking
|-damage|p1a: Slowking|0 fnt
|faint|p1a: Slowking
|
|-weather|none
|
|switch|p1a: Sandy Shocks|Sandy Shocks|100/100
|turn|23
|
|switch|p2a: Torquemada|Torkoal, F|24/100
|-weather|SunnyDay|[from] ability: Drought|[of] p2a: Torquemada
|-activate|p1a: Sandy Shocks|ability: Protosynthesis
|-start|p1a: Sandy Shocks|protosynthesisspa
|move|p1a: Sandy Shocks|Earth Power|p2a: Torquemada
|-supereffective|p2a: Torquemada
|-damage|p2a: Torquemada|0 fnt
|faint|p2a: Torquemada
|
|-weather|SunnyDay|[upkeep]
|
|switch|p2a: Inquisitor|Lilligant-Hisui, F|100/100
|turn|24
|
|move|p2a: Inquisitor|Solar Blade||[still]
|-prepare|p2a: Inquisitor|Solar Blade
|-anim|p2a: Inquisitor|Solar Blade|p1a: Sandy Shocks
|-supereffective|p1a: Sandy Shocks
|-damage|p1a: Sandy Shocks|0 fnt
|faint|p1a: Sandy Shocks
|-end|p1a: Sandy Shocks|Protosynthesis|[silent]
|
|win|p2
