|poke|p1|Hatterene, F|
|poke|p1|Garganacl, F|
|poke|p1|Volcanion|
|poke|p1|Clodsire, F|
|poke|p1|Decidueye-Hisui, M|
|poke|p1|Goodra-Hisui, M|
|poke|p2|Veluza, M|
|poke|p2|Ceruledge, F|
|poke|p2|Overqwil, M|
|poke|p2|Lilligant-Hisui, F|
|poke|p2|Regidrago|
|poke|p2|Eiscue, F|
|teampreview
|
|start
|switch|p1a: Perfection|Clodsire, F|100/100
|switch|p2a: Seer|Lilligant-Hisui, F, shiny|100/100
|turn|1
|
|move|p2a: Seer|Axe Kick|p1a: Perfection|[miss]
|-miss|p2a: Seer|p1a: Perfection
|-damage|p2a: Seer|51/100|[from] highjumpkick
|move|p1a: Perfection|Poison Jab|p2a: Seer
|-supereffective|p2a: Seer
|-damage|p2a: Seer|0 fnt
|faint|p2a: Seer
|
|
|switch|p2a: Stabby|Veluza, M, shiny|100/100
|turn|2
|
|-terastallize|p1a: Perfection|Water
|move|p2a: Stabby|Psycho Cut|p1a: Perfection
|-damage|p1a: Perfection|41/100
|move|p1a: Perfection|Poison Jab|p2a: Stabby
|-damage|p2a: Stabby|64/100
|-status|p2a: Stabby|psn
|
|-heal|p1a: Perfection|47/100|[from] item: Leftovers
|-damage|p2a: Stabby|52/100 psn|[from] psn
|turn|3
|
|move|p2a: Stabby|Psycho Cut|p1a: Perfection
|-damage|p1a: Perfection|0 fnt
|faint|p1a: Perfection
|
|-damage|p2a: Stabby|40/100 psn|[from] psn
|-enditem|p2a: Stabby|Sitrus Berry|[eat]
|-heal|p2a: Stabby|64/100 psn|[from] item: Sitrus Berry
|
|switch|p1a: Deca|Decidueye-Hisui, M|100/100
|turn|4
|
|move|p1a: Deca|Sucker Punch|p2a: Stabby
|-supereffective|p2a: Stabby
|-damage|p2a: Stabby|0 fnt
|faint|p2a: Stabby
|
|
|switch|p2a: Cruelity|Ceruledge, F, shiny|100/100
|turn|5
|
|-terastallize|p2a: Cruelity|Normal
|move|p2a: Cruelity|Swords Dance|p2a: Cruelity
|-boost|p2a: Cruelity|atk|2
|move|p1a: Deca|Triple Arrows|p2a: Cruelity
|-supereffective|p2a: Cruelity
|-damage|p2a: Cruelity|0 fnt
|faint|p2a: Cruelity
|
|
|switch|p2a: Ice Face|Eiscue, F, shiny|100/100
|turn|6
|
|move|p2a: Ice Face|Belly Drum|p2a: Ice Face
|-damage|p2a: Ice Face|51/100
|-setboost|p2a: Ice Face|atk|6|[from] move: Belly Drum
|move|p1a: Deca|Triple Arrows|p2a: Ice Face
|-activate|p2a: Ice Face|ability: Ice Face
|-damage|p2a: Ice Face|51/100
|detailschange|p2a: Ice Face|Eiscue-Noice, F, shiny
|
|turn|7
|
|move|p1a: Deca|Sucker Punch|p2a: Ice Face
|-damage|p2a: Ice Face|10/100
|-damage|p1a: Deca|84/100|[from] item: Rocky Helmet|[of] p2a: Ice Face
|move|p2a: Ice Face|Icicle Crash|p1a: Deca|[miss]
|-miss|p2a: Ice Face|p1a: Deca
|
|turn|8
|
|move|p1a: Deca|Sucker Punch|p2a: Ice Face
|-damage|p2a: Ice Face|0 fnt
|-damage|p1a: Deca|68/100|[from] item: Rocky Helmet|[of] p2a: Ice Face
|faint|p2a: Ice Face
|
|
|switch|p2a: Draco|Regidrago, shiny|100/100
|turn|9
|
|move|p2a: Draco|Fire Fang|p1a: Deca
|-supereffective|p1a: Deca
|-damage|p1a: Deca|23/100
|move|p1a: Deca|Giga Drain|p2a: Draco
|-resisted|p2a: Draco
|-damage|p2a: Draco|91/100
|-heal|p1a: Deca|30/100|[from] drain|[of] p2a: Draco
|
|turn|10
|
|move|p2a: Draco|Fire Fang|p1a: Deca
|-supereffective|p1a: Deca
|-damage|p1a: Deca|0 fnt
|faint|p1a: Deca
|
|
|switch|p1a: Volcanion|Volcanion|100/100
|turn|11
|
|move|p2a: Draco|Outrage|p1a: Volcanion
|-damage|p1a: Volcanion|24/100
|move|p1a: Volcanion|Earth Power|p2a: Draco
|-damage|p2a: Draco|61/100
|
|turn|12
|
|switch|p1a: Hatterene|Hatterene, F|100/100
|move|p2a: Draco|Outrage|p1a: Hatterene|[from]lockedmove
|-immune|p1a: Hatterene
|
|turn|13
|
|switch|p2a: Goodbye|Overqwil, M|100/100
|-ability|p2a: Goodbye|Intimidate|boost
|-unboost|p1a: Hatterene|atk|1
|move|p1a: Hatterene|Draining Kiss|p2a: Goodbye
|-damage|p2a: Goodbye|69/100
|
|-heal|p2a: Goodbye|75/100|[from] item: Black Sludge
|turn|14
|
|move|p2a: Goodbye|Barb Barrage|p1a: Hatterene
|-supereffective|p1a: Hatterene
|-damage|p1a: Hatterene|44/100
|move|p1a: Hatterene|Mystical Fire|p2a: Goodbye
|-damage|p2a: Goodbye|43/100
|-unboost|p2a: Goodbye|spa|1
|
|-heal|p2a: Goodbye|49/100|[from] item: Black Sludge
|turn|15
|
|switch|p1a: Goodra|Goodra-Hisui, M|100/100
|move|p2a: Goodbye|Barb Barrage|p1a: Goodra
|-immune|p1a: Goodra
|
|-heal|p2a: Goodbye|55/100|[from] item: Black Sludge
|turn|16
|
|switch|p2a: Draco|Regidrago, shiny|61/100
|move|p1a: Goodra|Dragon Pulse|p2a: Draco
|-supereffective|p2a: Draco
|-damage|p2a: Draco|1/100
|
|turn|17
|
|move|p2a: Draco|Outrage|p1a: Goodra
|-damage|p1a: Goodra|0 fnt
|-ability|p1a: Goodra|Gooey
|-unboost|p2a: Draco|spe|1
|faint|p1a: Goodra
|
|
|switch|p1a: Hatterene|Hatterene, F|44/100
|turn|18
|
|move|p2a: Draco|Outrage|p1a: Hatterene|[from]lockedmove
|-immune|p1a: Hatterene
|move|p1a: Hatterene|Psyshock|p2a: Draco
|-damage|p2a: Draco|0 fnt
|faint|p2a: Draco
|
|
|switch|p2a: Goodbye|Overqwil, M|55/100
|-ability|p2a: Goodbye|Intimidate|boost
|-unboost|p1a: Hatterene|atk|1
|turn|19
|
|move|p2a: Goodbye|Aqua Jet|p1a: Hatterene
|-damage|p1a: Hatterene|31/100
|move|p1a: Hatterene|Draining Kiss|p2a: Goodbye
|-damage|p2a: Goodbye|22/100
|-heal|p1a: Hatterene|60/100|[from] drain|[of] p2a: Goodbye
|
|-heal|p2a: Goodbye|28/100|[from] item: Black Sludge
|turn|20
|
|move|p2a: Goodbye|Barb Barrage|p1a: Hatterene
|-supereffective|p1a: Hatterene
|-damage|p1a: Hatterene|4/100
|move|p1a: Hatterene|Draining Kiss|p2a: Goodbye
|-damage|p2a: Goodbye|0 fnt
|-heal|p1a: Hatterene|27/100|[from] drain|[of] p2a: Goodbye
|faint|p2a: Goodbye
|
|win|p1
