# advantage = p1
|poke|p1|Decidueye-Hisui, M|
|poke|p1|Cresselia, F|
|poke|p1|Zapdos|
|poke|p1|Camerupt, M|
|poke|p1|Enamorus-Therian, F|
|poke|p1|Kingambit, M|
|poke|p2|Pelipper, F|
|poke|p2|Urshifu-*, F|
|poke|p2|Tornadus, M|
|poke|p2|Greninja, F|
|poke|p2|Basculegion, M|
|poke|p2|Quaquaval, M|
|teampreview
|
|start
|switch|p1a: Zapdos|Zapdos|100/100
|switch|p2a: Pelipper|Pelipper, F|100/100
|-weather|RainDance|[from] ability: Drizzle|[of] p2a: Pelipper
|turn|1
|
|-terastallize|p2a: Pelipper|Ground
|move|p1a: Zapdos|Volt Switch|p2a: Pelipper
|-immune|p2a: Pelipper
|move|p2a: Pelipper|Hydro Pump|p1a: Zapdos|[miss]
|-miss|p2a: Pelipper|p1a: Zapdos
|
|-weather|RainDance|[upkeep]
|turn|2
|
|move|p1a: Zapdos|Hurricane|p2a: Pelipper
|-damage|p2a: Pelipper|26/100
|move|p2a: Pelipper|U-turn|p1a: Zapdos
|-resisted|p1a: Zapdos
|-damage|p1a: Zapdos|98/100
|
|switch|p2a: Basculegion|Basculegion, M|100/100|[from] U-turn
|
|-weather|RainDance|[upkeep]
|turn|3
|
|move|p2a: Basculegion|Wave Crash|p1a: Zapdos
|-damage|p1a: Zapdos|15/100
|-status|p2a: Basculegion|par|[from] ability: Static|[of] p1a: Zapdos
|-damage|p2a: Basculegion|73/100 par|[from] Recoil
|move|p1a: Zapdos|Volt Switch|p2a: Basculegion
|-supereffective|p2a: Basculegion
|-damage|p2a: Basculegion|7/100 par
|
|switch|p1a: Decidueye|Decidueye-Hisui, M|100/100|[from] Volt Switch
|
|-weather|RainDance|[upkeep]
|turn|4
|
|move|p1a: Decidueye|Sucker Punch|p2a: Basculegion
|-supereffective|p2a: Basculegion
|-damage|p2a: Basculegion|0 fnt
|faint|p2a: Basculegion
|
|-weather|RainDance|[upkeep]
|
|switch|p2a: Tornadus|Tornadus, M|100/100
|turn|5
|
|move|p2a: Tornadus|Nasty Plot|p2a: Tornadus
|-boost|p2a: Tornadus|spa|2
|move|p1a: Decidueye|U-turn|p2a: Tornadus
|-resisted|p2a: Tornadus
|-damage|p2a: Tornadus|81/100
|
|switch|p1a: Enamorus|Enamorus-Therian, F|100/100|[from] U-turn
|
|-weather|RainDance|[upkeep]
|turn|6
|
|move|p2a: Tornadus|Bleakwind Storm|p1a: Enamorus
|-damage|p1a: Enamorus|0 fnt
|faint|p1a: Enamorus
|-damage|p2a: Tornadus|72/100|[from] item: Life Orb
|
|-weather|RainDance|[upkeep]
|
|switch|p1a: Kingambit|Kingambit, M|100/100
|-activate|p1a: Kingambit|ability: Supreme Overlord
|-start|p1a: Kingambit|fallen1|[silent]
|turn|7
|
|move|p2a: Tornadus|Focus Blast|p1a: Kingambit|[miss]
|-miss|p2a: Tornadus|p1a: Kingambit
|move|p1a: Kingambit|Swords Dance|p1a: Kingambit
|-boost|p1a: Kingambit|atk|2
|
|-weather|RainDance|[upkeep]
|turn|8
|
|move|p2a: Tornadus|Bleakwind Storm|p1a: Kingambit
|-resisted|p1a: Kingambit
|-damage|p1a: Kingambit|40/100
|-damage|p2a: Tornadus|62/100|[from] item: Life Orb
|move|p1a: Kingambit|Kowtow Cleave|p2a: Tornadus
|-damage|p2a: Tornadus|0 fnt
|faint|p2a: Tornadus
|
|-weather|none
|
|switch|p2a: Pelipper|Pelipper, F, tera:Ground|26/100
|-weather|RainDance|[from] ability: Drizzle|[of] p2a: Pelipper
|turn|9
|
|move|p2a: Pelipper|Roost|p2a: Pelipper
|-heal|p2a: Pelipper|76/100
|move|p1a: Kingambit|Kowtow Cleave|p2a: Pelipper
|-damage|p2a: Pelipper|0 fnt
|faint|p2a: Pelipper
|
|-weather|RainDance|[upkeep]
|
|switch|p2a: Quaquaval|Quaquaval, M|100/100
|turn|10
|
|move|p1a: Kingambit|Sucker Punch|p2a: Quaquaval
|-resisted|p2a: Quaquaval
|-damage|p2a: Quaquaval|45/100
|move|p2a: Quaquaval|Rapid Spin|p1a: Kingambit
|-resisted|p1a: Kingambit
|-damage|p1a: Kingambit|34/100
|-boost|p2a: Quaquaval|spe|1
|-enditem|p1a: Kingambit|Mirror Herb
|-boost|p1a: Kingambit|spe|1|[from] item: Mirror Herb
|
|-weather|RainDance|[upkeep]
|-heal|p2a: Quaquaval|51/100|[from] item: Leftovers
|turn|11
|
|move|p1a: Kingambit|Sucker Punch|p2a: Quaquaval
|-resisted|p2a: Quaquaval
|-damage|p2a: Quaquaval|0 fnt
|faint|p2a: Quaquaval
|
|-weather|RainDance|[upkeep]
|
|switch|p2a: Greninja|Greninja, F|100/100
|turn|12
|
|move|p1a: Kingambit|Sucker Punch|p2a: Greninja
|-resisted|p2a: Greninja
|-damage|p2a: Greninja|23/100
|move|p2a: Greninja|Hydro Pump|p1a: Kingambit|[miss]
|-start|p2a: Greninja|typechange|Water|[from] ability: Protean
|-miss|p2a: Greninja|p1a: Kingambit
|
|-weather|RainDance|[upkeep]
|turn|13
|
|move|p1a: Kingambit|Sucker Punch|p2a: Greninja
|-damage|p2a: Greninja|0 fnt
|faint|p2a: Greninja
|
|-weather|RainDance|[upkeep]
|
|switch|p2a: Urshifu|Urshifu-Rapid-Strike, F|100/100
|turn|14
|
|move|p2a: Urshifu|Surging Strikes|p1a: Kingambit
|-crit|p1a: Kingambit
|-damage|p1a: Kingambit|11/100
|-crit|p1a: Kingambit
|-damage|p1a: Kingambit|0 fnt
|faint|p1a: Kingambit
|-end|p1a: Kingambit|fallen1|[silent]
|-hitcount|p1: Kingambit|2
|
|-weather|RainDance|[upkeep]
|
|switch|p1a: Zapdos|Zapdos|15/100
|turn|15
|
|move|p2a: Urshifu|Surging Strikes|p1a: Zapdos
|-crit|p1a: Zapdos
|-damage|p1a: Zapdos|0 fnt
|faint|p1a: Zapdos
|-hitcount|p1: Zapdos|1
|
|-weather|RainDance|[upkeep]
|
|switch|p1a: Decidueye|Decidueye-Hisui, M|100/100
|turn|16
|
|move|p2a: Urshifu|Surging Strikes|p1a: Decidueye
|-resisted|p1a: Decidueye
|-crit|p1a: Decidueye
|-damage|p1a: Decidueye|82/100
|-resisted|p1a: Decidueye
|-crit|p1a: Decidueye
|-damage|p1a: Decidueye|64/100
|-resisted|p1a: Decidueye
|-crit|p1a: Decidueye
|-damage|p1a: Decidueye|45/100
|-hitcount|p1a: Decidueye|3
|move|p1a: Decidueye|Leaf Blade|p2a: Urshifu
|-supereffective|p2a: Urshifu
|-damage|p2a: Urshifu|14/100
|
|-weather|none
|turn|17
|
|move|p1a: Decidueye|Sucker Punch|p2a: Urshifu
|-resisted|p2a: Urshifu
|-damage|p2a: Urshifu|2/100
|move|p2a: Urshifu|Surging Strikes|p1a: Decidueye
|-resisted|p1a: Decidueye
|-crit|p1a: Decidueye
|-damage|p1a: Decidueye|34/100
|-resisted|p1a: Decidueye
|-crit|p1a: Decidueye
|-damage|p1a: Decidueye|22/100
|-resisted|p1a: Decidueye
|-crit|p1a: Decidueye
|-damage|p1a: Decidueye|10/100
|-hitcount|p1a: Decidueye|3
|
|turn|18
|
|move|p1a: Decidueye|Sucker Punch|p2a: Urshifu
|-resisted|p2a: Urshifu
|-damage|p2a: Urshifu|0 fnt
|faint|p2a: Urshifu
|
|win|p1
|n|☆p1|manjack
|n|☆p2|p2
|n| dameatofdavoid|dameatofdavoid
|n| TheGamingWatch|thegamingwatch
|n| ressyrock|ressyrock
|n| NoTollsNoRolls|notollsnorolls
|n| DaLionBlue|dalionblue
|n| DreadWarrior|dreadwarrior
|n| NightLarry|nightlarry
|n| Pokemon Hates Me|pokemonhatesme
|n| Gummybean999|gummybean999
|n| inorix|inorix
