|poke|p1|Meloetta|
|poke|p1|Samurott-Hisui, F|
|poke|p1|Slowking-Galar, M|
|poke|p1|Chien-Pao|
|poke|p1|Zamazenta-*|
|poke|p1|Corviknight, M|
|poke|p2|Hatterene, F|
|poke|p2|Ursaluna, F|
|poke|p2|Cresselia, F|
|poke|p2|Magearna|
|poke|p2|Enamorus, F|
|poke|p2|Typhlosion-Hisui, F|
|teampreview
|
|start
|switch|p1a: Chien-Pao|Chien-Pao|100/100
|switch|p2a: Magearna|Magearna|100/100
|-ability|p1a: Chien-Pao|Sword of Ruin
|turn|1
|
|switch|p1a: Slowking|Slowking-Galar, M|100/100
|move|p2a: Magearna|Trick Room|p2a: Magearna
|-fieldstart|move: Trick Room|[of] p2a: Magearna
|
|turn|2
|
|move|p1a: Slowking|Future Sight|p2a: Magearna
|-start|p1a: Slowking|move: Future Sight
|move|p2a: Magearna|Volt Switch|p1a: Slowking
|-crit|p1a: Slowking
|-damage|p1a: Slowking|79/100
|
|switch|p2a: Ursaluna|Ursaluna, F|100/100|[from] Volt Switch
|
|-heal|p1a: Slowking|85/100|[from] item: Black Sludge
|-status|p2a: Ursaluna|brn|[from] item: Flame Orb
|turn|3
|
|switch|p1a: Corviknight|Corviknight, M|100/100
|-ability|p1a: Corviknight|Pressure
|move|p2a: Ursaluna|Swords Dance|p2a: Ursaluna
|-boost|p2a: Ursaluna|atk|2
|
|-damage|p2a: Ursaluna|94/100 brn|[from] brn
|turn|4
|
|move|p2a: Ursaluna|Facade|p1a: Corviknight
|-resisted|p1a: Corviknight
|-damage|p1a: Corviknight|31/100
|move|p1a: Corviknight|Brave Bird|p2a: Ursaluna
|-damage|p2a: Ursaluna|68/100 brn
|-damage|p1a: Corviknight|21/100|[from] Recoil
|
|-end|p2a: Ursaluna|move: Future Sight
|-damage|p2a: Ursaluna|26/100 brn
|-damage|p2a: Ursaluna|20/100 brn|[from] brn
|turn|5
|
|move|p2a: Ursaluna|Facade|p1a: Corviknight
|-resisted|p1a: Corviknight
|-damage|p1a: Corviknight|0 fnt
|faint|p1a: Corviknight
|
|-damage|p2a: Ursaluna|14/100 brn|[from] brn
|-fieldend|move: Trick Room
|
|switch|p1a: Samurott|Samurott-Hisui, F|100/100
|turn|6
|
|switch|p2a: Hatterene|Hatterene, F|100/100
|move|p1a: Samurott|Ceaseless Edge|p2a: Hatterene
|-damage|p2a: Hatterene|50/100
|-sidestart|p2: p2|Spikes
|-enditem|p2a: Hatterene|Red Card|[of] p1a: Samurott
|drag|p1a: Zamazenta|Zamazenta|100/100
|-ability|p1a: Zamazenta|Dauntless Shield|boost
|-boost|p1a: Zamazenta|def|1
|
|turn|7
|
|move|p1a: Zamazenta|Substitute|p1a: Zamazenta
|-start|p1a: Zamazenta|Substitute
|-damage|p1a: Zamazenta|76/100
|move|p2a: Hatterene|Trick Room|p2a: Hatterene
|-fieldstart|move: Trick Room|[of] p2a: Hatterene
|
|-heal|p1a: Zamazenta|82/100|[from] item: Leftovers
|turn|8
|
|move|p2a: Hatterene|Dazzling Gleam|p1a: Zamazenta
|-supereffective|p1a: Zamazenta
|-end|p1a: Zamazenta|Substitute
|move|p1a: Zamazenta|Substitute|p1a: Zamazenta
|-start|p1a: Zamazenta|Substitute
|-damage|p1a: Zamazenta|57/100
|
|-heal|p1a: Zamazenta|63/100|[from] item: Leftovers
|turn|9
|
|move|p2a: Hatterene|Dazzling Gleam|p1a: Zamazenta
|-supereffective|p1a: Zamazenta
|-end|p1a: Zamazenta|Substitute
|move|p1a: Zamazenta|Substitute|p1a: Zamazenta
|-start|p1a: Zamazenta|Substitute
|-damage|p1a: Zamazenta|38/100
|
|-heal|p1a: Zamazenta|44/100|[from] item: Leftovers
|turn|10
|
|move|p2a: Hatterene|Dazzling Gleam|p1a: Zamazenta
|-supereffective|p1a: Zamazenta
|-end|p1a: Zamazenta|Substitute
|move|p1a: Zamazenta|Substitute|p1a: Zamazenta
|-start|p1a: Zamazenta|Substitute
|-damage|p1a: Zamazenta|19/100
|
|-heal|p1a: Zamazenta|25/100|[from] item: Leftovers
|turn|11
|
|move|p2a: Hatterene|Dazzling Gleam|p1a: Zamazenta
|-supereffective|p1a: Zamazenta
|-end|p1a: Zamazenta|Substitute
|move|p1a: Zamazenta|Crunch|p2a: Hatterene
|-damage|p2a: Hatterene|20/100
|
|-heal|p1a: Zamazenta|32/100|[from] item: Leftovers
|-fieldend|move: Trick Room
|turn|12
|
|move|p1a: Zamazenta|Crunch|p2a: Hatterene
|-damage|p2a: Hatterene|0 fnt
|faint|p2a: Hatterene
|
|-heal|p1a: Zamazenta|38/100|[from] item: Leftovers
|
|switch|p2a: Enamorus|Enamorus, F, shiny|100/100
|turn|13
|
|switch|p1a: Slowking|Slowking-Galar, M|100/100
|-terastallize|p2a: Enamorus|Ground
|move|p2a: Enamorus|Superpower|p1a: Slowking
|-resisted|p1a: Slowking
|-damage|p1a: Slowking|90/100
|-boost|p2a: Enamorus|atk|1
|-boost|p2a: Enamorus|def|1
|
|-heal|p1a: Slowking|96/100|[from] item: Black Sludge
|turn|14
|
|move|p2a: Enamorus|Superpower|p1a: Slowking
|-resisted|p1a: Slowking
|-damage|p1a: Slowking|81/100
|-boost|p2a: Enamorus|atk|1
|-boost|p2a: Enamorus|def|1
|move|p1a: Slowking|Chilly Reception|p1a: Slowking
|-weather|Snow
|
|switch|p1a: Chien-Pao|Chien-Pao|100/100|[from] Chilly Reception
|-ability|p1a: Chien-Pao|Sword of Ruin
|
|-weather|Snow|[upkeep]
|turn|15
|
|move|p1a: Chien-Pao|Icicle Crash|p2a: Enamorus
|-supereffective|p2a: Enamorus
|-damage|p2a: Enamorus|0 fnt
|faint|p2a: Enamorus
|
|-weather|Snow|[upkeep]
|
|switch|p2a: Magearna|Magearna|100/100
|turn|16
|
|move|p1a: Chien-Pao|Icicle Crash|p2a: Magearna
|-resisted|p2a: Magearna
|-damage|p2a: Magearna|67/100
|move|p2a: Magearna|Trick Room|p2a: Magearna
|-fieldstart|move: Trick Room|[of] p2a: Magearna
|
|-weather|Snow|[upkeep]
|turn|17
|
|switch|p1a: Zamazenta|Zamazenta|38/100
|move|p2a: Magearna|Thunder Wave|p1a: Zamazenta
|-status|p1a: Zamazenta|par
|
|-weather|Snow|[upkeep]
|-heal|p1a: Zamazenta|44/100 par|[from] item: Leftovers
|turn|18
|
|move|p2a: Magearna|Fleur Cannon|p1a: Zamazenta
|-supereffective|p1a: Zamazenta
|-damage|p1a: Zamazenta|0 fnt
|-unboost|p2a: Magearna|spa|2
|faint|p1a: Zamazenta
|-ability|p2a: Magearna|Soul-Heart|boost
|-boost|p2a: Magearna|spa|1
|
|-weather|none
|
|switch|p1a: Meloetta|Meloetta|100/100
|turn|19
|
|move|p2a: Magearna|Volt Switch|p1a: Meloetta
|-damage|p1a: Meloetta|86/100
|
|switch|p2a: Cresselia|Cresselia, F|100/100|[from] Volt Switch
|move|p1a: Meloetta|Calm Mind|p1a: Meloetta
|-boost|p1a: Meloetta|spa|1
|-boost|p1a: Meloetta|spd|1
|
|turn|20
|
|move|p2a: Cresselia|Thunder Wave|p1a: Meloetta
|-status|p1a: Meloetta|par
|move|p1a: Meloetta|Relic Song|p2a: Cresselia
|-damage|p2a: Cresselia|73/100
|-formechange|p1a: Meloetta|Meloetta-Pirouette|[msg]
|-enditem|p1a: Meloetta|Throat Spray
|-boost|p1a: Meloetta|spa|1|[from] item: Throat Spray
|
|-heal|p2a: Cresselia|79/100|[from] item: Leftovers
|-fieldend|move: Trick Room
|turn|21
|
|cant|p1a: Meloetta|par
|move|p2a: Cresselia|Lunar Dance|p2a: Cresselia
|faint|p2a: Cresselia
|
|
|switch|p2a: Ursaluna|Ursaluna, F|14/100 brn
|-heal|p2a: Ursaluna|100/100|[from] move: Lunar Dance
|-damage|p2a: Ursaluna|88/100|[from] Spikes
|turn|22
|
|switch|p2a: Typhlosion|Typhlosion-Hisui, F|100/100
|-damage|p2a: Typhlosion|88/100|[from] Spikes
|-terastallize|p1a: Meloetta|Fighting
|move|p1a: Meloetta|Tera Blast|p2a: Typhlosion
|-immune|p2a: Typhlosion
|
|turn|23
|
|move|p2a: Typhlosion|Extrasensory|p1a: Meloetta
|-supereffective|p1a: Meloetta
|-damage|p1a: Meloetta|18/100 par
|cant|p1a: Meloetta|par
|
|turn|24
|
|move|p2a: Typhlosion|Extrasensory|p1a: Meloetta
|-supereffective|p1a: Meloetta
|-damage|p1a: Meloetta|0 fnt
|faint|p1a: Meloetta
|
|
|switch|p1a: Samurott|Samurott-Hisui, F|100/100
|turn|25
|
|move|p1a: Samurott|Ceaseless Edge|p2a: Typhlosion
|-supereffective|p2a: Typhlosion
|-damage|p2a: Typhlosion|0 fnt
|-sidestart|p2: p2|Spikes
|faint|p2a: Typhlosion
|
|
|switch|p2a: Magearna|Magearna|67/100
|turn|26
|
|move|p1a: Samurott|Razor Shell|p2a: Magearna
|-damage|p2a: Magearna|25/100
|-unboost|p2a: Magearna|def|1
|move|p2a: Magearna|Trick Room|p2a: Magearna
|-fieldstart|move: Trick Room|[of] p2a: Magearna
|
|turn|27
|
|switch|p1a: Slowking|Slowking-Galar, M|100/100
|move|p2a: Magearna|Volt Switch|p1a: Slowking
|-damage|p1a: Slowking|84/100
|
|switch|p2a: Ursaluna|Ursaluna, F|88/100|[from] Volt Switch
|-damage|p2a: Ursaluna|72/100|[from] Spikes
|
|-heal|p1a: Slowking|90/100|[from] item: Black Sludge
|-status|p2a: Ursaluna|brn|[from] item: Flame Orb
|turn|28
|
|move|p1a: Slowking|Future Sight|p2a: Ursaluna
|-start|p1a: Slowking|move: Future Sight
|move|p2a: Ursaluna|Headlong Rush|p1a: Slowking
|-supereffective|p1a: Slowking
|-damage|p1a: Slowking|0 fnt
|-unboost|p2a: Ursaluna|def|1
|-unboost|p2a: Ursaluna|spd|1
|faint|p1a: Slowking
|
|-damage|p2a: Ursaluna|66/100 brn|[from] brn
|
|switch|p1a: Samurott|Samurott-Hisui, F|100/100
|turn|29
|
|move|p2a: Ursaluna|Facade|p1a: Samurott
|-enditem|p1a: Samurott|Focus Sash
|-damage|p1a: Samurott|1/100
|move|p1a: Samurott|Sacred Sword|p2a: Ursaluna
|-supereffective|p2a: Ursaluna
|-damage|p2a: Ursaluna|3/100 brn
|
|-damage|p2a: Ursaluna|0 fnt|[from] brn
|faint|p2a: Ursaluna
|
|switch|p2a: Magearna|Magearna|25/100
|turn|30
|
|move|p1a: Samurott|Sucker Punch|p2a: Magearna
|-resisted|p2a: Magearna
|-damage|p2a: Magearna|11/100
|move|p2a: Magearna|Volt Switch|p1a: Samurott
|-supereffective|p1a: Samurott
|-damage|p1a: Samurott|0 fnt
|faint|p1a: Samurott
|-ability|p2a: Magearna|Soul-Heart|boost
|-boost|p2a: Magearna|spa|1
|
|-end|p2a: Magearna|move: Future Sight
|-resisted|p2a: Magearna
|-damage|p2a: Magearna|0 fnt
|faint|p2a: Magearna
|
|win|p1
