|poke|p1|Skeledirge, F|
|poke|p1|Ting-Lu|
|poke|p1|Dondozo, M|
|poke|p1|Toxapex, F|
|poke|p1|Alomomola, F|
|poke|p1|Dragonite, M|
|poke|p2|Iron Valiant|
|poke|p2|Breloom, M|
|poke|p2|Baxcalibur, F|
|poke|p2|Kingambit, M|
|poke|p2|Masquerain, F|
|poke|p2|Gholdengo|
|teampreview
|
|start
|switch|p1a: Toxapex|Toxapex, F|100/100
|switch|p2a: Breloom|Breloom, M|100/100
|turn|1
|
|switch|p1a: Skeledirge|Skeledirge, F|100/100
|-terastallize|p2a: Breloom|Grass
|move|p2a: Breloom|Bullet Seed|p1a: Skeledirge
|-resisted|p1a: Skeledirge
|-damage|p1a: Skeledirge|89/100
|-resisted|p1a: Skeledirge
|-damage|p1a: Skeledirge|76/100
|-resisted|p1a: Skeledirge
|-damage|p1a: Skeledirge|64/100
|-resisted|p1a: Skeledirge
|-damage|p1a: Skeledirge|53/100
|-resisted|p1a: Skeledirge
|-damage|p1a: Skeledirge|41/100
|-hitcount|p1a: Skeledirge|5
|
|turn|2
|
|move|p2a: Breloom|Bullet Seed|p1a: Skeledirge
|-resisted|p1a: Skeledirge
|-damage|p1a: Skeledirge|30/100
|-resisted|p1a: Skeledirge
|-damage|p1a: Skeledirge|18/100
|-resisted|p1a: Skeledirge
|-damage|p1a: Skeledirge|7/100
|-resisted|p1a: Skeledirge
|-damage|p1a: Skeledirge|0 fnt
|faint|p1a: Skeledirge
|-hitcount|p1: Skeledirge|4
|
|
|switch|p1a: Dragonite|Dragonite, M|100/100
|turn|3
|
|switch|p2a: Baxcalibur|Baxcalibur, F|100/100
|move|p1a: Dragonite|Earthquake|p2a: Baxcalibur
|-damage|p2a: Baxcalibur|62/100
|
|turn|4
|
|switch|p2a: Breloom|Breloom, M, tera:Grass|100/100
|switch|p1a: Toxapex|Toxapex, F|100/100
|
|turn|5
|
|move|p2a: Breloom|Spore|p1a: Toxapex
|-status|p1a: Toxapex|slp|[from] move: Spore
|cant|p1a: Toxapex|slp
|
|turn|6
|
|move|p2a: Breloom|Bullet Seed|p1a: Toxapex
|-damage|p1a: Toxapex|83/100 slp
|-damage|p1a: Toxapex|66/100 slp
|-damage|p1a: Toxapex|49/100 slp
|-damage|p1a: Toxapex|32/100 slp
|-hitcount|p1a: Toxapex|4
|cant|p1a: Toxapex|slp
|
|turn|7
|
|switch|p1a: Dragonite|Dragonite, M|100/100
|move|p2a: Breloom|Bullet Seed|p1a: Dragonite
|-resisted|p1a: Dragonite
|-damage|p1a: Dragonite|97/100
|-resisted|p1a: Dragonite
|-damage|p1a: Dragonite|91/100
|-resisted|p1a: Dragonite
|-damage|p1a: Dragonite|84/100
|-resisted|p1a: Dragonite
|-damage|p1a: Dragonite|77/100
|-resisted|p1a: Dragonite
|-damage|p1a: Dragonite|71/100
|-hitcount|p1a: Dragonite|5
|
|turn|8
|
|switch|p2a: Masquerain|Masquerain, F|100/100
|-ability|p2a: Masquerain|Intimidate|boost
|-unboost|p1a: Dragonite|atk|1
|move|p1a: Dragonite|Roost|p1a: Dragonite
|-heal|p1a: Dragonite|100/100
|-singleturn|p1a: Dragonite|move: Roost
|
|turn|9
|
|switch|p1a: Ting-Lu|Ting-Lu|100/100
|-ability|p1a: Ting-Lu|Vessel of Ruin
|move|p2a: Masquerain|Sticky Web|p1a: Ting-Lu
|-sidestart|p1: No1MariaGoreySimp|move: Sticky Web
|
|turn|10
|
|switch|p2a: Breloom|Breloom, M, tera:Grass|100/100
|move|p1a: Ting-Lu|Stealth Rock|p2a: Breloom
|-sidestart|p2: EEEEEvolto|move: Stealth Rock
|
|turn|11
|
|switch|p1a: Dragonite|Dragonite, M|100/100
|move|p2a: Breloom|Bullet Seed|p1a: Dragonite
|-resisted|p1a: Dragonite
|-damage|p1a: Dragonite|97/100
|-resisted|p1a: Dragonite
|-crit|p1a: Dragonite
|-damage|p1a: Dragonite|87/100
|-resisted|p1a: Dragonite
|-damage|p1a: Dragonite|80/100
|-resisted|p1a: Dragonite
|-damage|p1a: Dragonite|74/100
|-hitcount|p1a: Dragonite|4
|
|turn|12
|
|move|p2a: Breloom|Bullet Seed|p1a: Dragonite
|-resisted|p1a: Dragonite
|-crit|p1a: Dragonite
|-damage|p1a: Dragonite|63/100
|-resisted|p1a: Dragonite
|-damage|p1a: Dragonite|57/100
|-resisted|p1a: Dragonite
|-damage|p1a: Dragonite|50/100
|-resisted|p1a: Dragonite
|-damage|p1a: Dragonite|44/100
|-hitcount|p1a: Dragonite|4
|move|p1a: Dragonite|Roost|p1a: Dragonite
|-heal|p1a: Dragonite|94/100
|-singleturn|p1a: Dragonite|move: Roost
|
|turn|13
|
|switch|p2a: Baxcalibur|Baxcalibur, F|62/100
|move|p1a: Dragonite|Earthquake|p2a: Baxcalibur
|-damage|p2a: Baxcalibur|23/100
|
|turn|14
|
|move|p1a: Dragonite|Extreme Speed|p2a: Baxcalibur
|-damage|p2a: Baxcalibur|0 fnt
|faint|p2a: Baxcalibur
|
|
|switch|p2a: Kingambit|Kingambit, M|100/100
|-damage|p2a: Kingambit|94/100|[from] Stealth Rock
|-activate|p2a: Kingambit|ability: Supreme Overlord
|-start|p2a: Kingambit|fallen1|[silent]
|turn|15
|
|move|p1a: Dragonite|Earthquake|p2a: Kingambit
|-supereffective|p2a: Kingambit
|-damage|p2a: Kingambit|37/100
|move|p2a: Kingambit|Kowtow Cleave|p1a: Dragonite
|-damage|p1a: Dragonite|34/100
|
|turn|16
|
|move|p1a: Dragonite|Roost|p1a: Dragonite
|-heal|p1a: Dragonite|84/100
|-singleturn|p1a: Dragonite|move: Roost
|move|p2a: Kingambit|Kowtow Cleave|p1a: Dragonite
|-damage|p1a: Dragonite|16/100
|
|turn|17
|
|switch|p1a: Alomomola|Alomomola, F|100/100
|move|p2a: Kingambit|Kowtow Cleave|p1a: Alomomola
|-damage|p1a: Alomomola|64/100
|
|turn|18
|
|move|p2a: Kingambit|Swords Dance|p2a: Kingambit
|-boost|p2a: Kingambit|atk|2
|move|p1a: Alomomola|Whirlpool|p2a: Kingambit
|-damage|p2a: Kingambit|31/100
|-activate|p2a: Kingambit|move: Whirlpool|[of] p1a: Alomomola
|
|-damage|p2a: Kingambit|18/100|[from] move: Whirlpool|[partiallytrapped]
|turn|19
|
|move|p1a: Alomomola|Protect|p1a: Alomomola
|-singleturn|p1a: Alomomola|Protect
|move|p2a: Kingambit|Swords Dance|p2a: Kingambit
|-boost|p2a: Kingambit|atk|2
|
|-damage|p2a: Kingambit|6/100|[from] move: Whirlpool|[partiallytrapped]
|turn|20
|
|switch|p1a: Dondozo|Dondozo, M|100/100
|move|p2a: Kingambit|Kowtow Cleave|p1a: Dondozo
|-damage|p1a: Dondozo|72/100
|
|-end|p2a: Kingambit|Whirlpool|[partiallytrapped]|[silent]
|turn|21
|
|move|p2a: Kingambit|Kowtow Cleave|p1a: Dondozo
|-damage|p1a: Dondozo|40/100
|move|p1a: Dondozo|Body Press|p2a: Kingambit
|-supereffective|p2a: Kingambit
|-damage|p2a: Kingambit|0 fnt
|faint|p2a: Kingambit
|-end|p2a: Kingambit|fallen1|[silent]
|
|
|switch|p2a: Breloom|Breloom, M, tera:Grass|100/100
|-damage|p2a: Breloom|88/100|[from] Stealth Rock
|turn|22
|
|move|p2a: Breloom|Bullet Seed|p1a: Dondozo
|-supereffective|p1a: Dondozo
|-damage|p1a: Dondozo|13/100
|-supereffective|p1a: Dondozo
|-damage|p1a: Dondozo|0 fnt
|faint|p1a: Dondozo
|-hitcount|p1: Dondozo|2
|
|
|switch|p1a: Dragonite|Dragonite, M|16/100
|turn|23
|
|move|p2a: Breloom|Bullet Seed|p1a: Dragonite
|-resisted|p1a: Dragonite
|-damage|p1a: Dragonite|9/100
|-resisted|p1a: Dragonite
|-damage|p1a: Dragonite|1/100
|-resisted|p1a: Dragonite
|-damage|p1a: Dragonite|0 fnt
|faint|p1a: Dragonite
|-hitcount|p1: Dragonite|3
|
|
|switch|p1a: Ting-Lu|Ting-Lu|100/100
|-ability|p1a: Ting-Lu|Vessel of Ruin
|turn|24
|
|-terastallize|p1a: Ting-Lu|Steel
|move|p2a: Breloom|Bullet Seed|p1a: Ting-Lu
|-resisted|p1a: Ting-Lu
|-damage|p1a: Ting-Lu|93/100
|-resisted|p1a: Ting-Lu
|-damage|p1a: Ting-Lu|85/100
|-resisted|p1a: Ting-Lu
|-damage|p1a: Ting-Lu|77/100
|-resisted|p1a: Ting-Lu
|-damage|p1a: Ting-Lu|69/100
|-hitcount|p1a: Ting-Lu|4
|move|p1a: Ting-Lu|Earthquake|p2a: Breloom
|-resisted|p2a: Breloom
|-damage|p2a: Breloom|59/100
|
|turn|25
|
|switch|p2a: Gholdengo|Gholdengo|100/100
|-damage|p2a: Gholdengo|94/100|[from] Stealth Rock
|move|p1a: Ting-Lu|Earthquake|p2a: Gholdengo
|-supereffective|p2a: Gholdengo
|-damage|p2a: Gholdengo|3/100
|
|turn|26
|
|move|p2a: Gholdengo|Trick|p1a: Ting-Lu
|-activate|p2a: Gholdengo|move: Trick|[of] p1a: Ting-Lu
|-item|p1a: Ting-Lu|Choice Scarf|[from] move: Trick
|-item|p2a: Gholdengo|Heavy-Duty Boots|[from] move: Trick
|move|p1a: Ting-Lu|Earthquake|p2a: Gholdengo
|-supereffective|p2a: Gholdengo
|-damage|p2a: Gholdengo|0 fnt
|faint|p2a: Gholdengo
|
|
|switch|p2a: Masquerain|Masquerain, F|100/100
|-damage|p2a: Masquerain|51/100|[from] Stealth Rock
|-ability|p2a: Masquerain|Intimidate|boost
|-unboost|p1a: Ting-Lu|atk|1
|turn|27
|
|switch|p1a: Toxapex|Toxapex, F|65/100 slp
|move|p2a: Masquerain|Quiver Dance|p2a: Masquerain
|-boost|p2a: Masquerain|spa|1
|-boost|p2a: Masquerain|spd|1
|-boost|p2a: Masquerain|spe|1
|
|turn|28
|
|move|p2a: Masquerain|Hurricane|p1a: Toxapex
|-damage|p1a: Toxapex|4/100 slp
|cant|p1a: Toxapex|slp
|
|turn|29
|-message|No1MariaGoreySimp forfeited.
|
|win|EEEEEvolto
