# advantage = p2
|poke|p1|Sneasler, M|
|poke|p1|Basculegion-F, F|
|poke|p1|Hydreigon, F|
|poke|p1|Great Tusk|
|poke|p1|Goodra-Hisui, F|
|poke|p1|Chien-Pao|
|poke|p2|Lilligant-Hisui, F|
|poke|p2|Samurott-Hisui, M|
|poke|p2|Ursaluna, M|
|poke|p2|Corviknight, M|
|poke|p2|Grimmsnarl, M|
|poke|p2|Arcanine-Hisui, M|
|teampreview
|
|start
|switch|p1a: Sneasler|Sneasler, M|100/100
|switch|p2a: Grimmsnarl|Grimmsnarl, M|100/100
|turn|1
|
|move|p2a: Grimmsnarl|Reflect|p2a: Grimmsnarl
|-sidestart|p2: p2|Reflect
|move|p1a: Sneasler|Dire Claw|p2a: Grimmsnarl
|-supereffective|p2a: Grimmsnarl
|-damage|p2a: Grimmsnarl|28/100
|
|turn|2
|
|move|p2a: Grimmsnarl|Light Screen|p2a: Grimmsnarl
|-sidestart|p2: p2|move: Light Screen
|move|p1a: Sneasler|Dire Claw|p2a: Grimmsnarl
|-supereffective|p2a: Grimmsnarl
|-damage|p2a: Grimmsnarl|0 fnt
|faint|p2a: Grimmsnarl
|
|
|switch|p2a: Andrew Tate|Lilligant-Hisui, F, shiny|100/100
|turn|3
|
|move|p1a: Sneasler|Dire Claw|p2a: Andrew Tate
|-supereffective|p2a: Andrew Tate
|-damage|p2a: Andrew Tate|8/100
|move|p2a: Andrew Tate|Victory Dance|p2a: Andrew Tate
|-boost|p2a: Andrew Tate|atk|1
|-boost|p2a: Andrew Tate|def|1
|-boost|p2a: Andrew Tate|spe|1
|
|turn|4
|
|move|p2a: Andrew Tate|Close Combat|p1a: Sneasler
|-resisted|p1a: Sneasler
|-damage|p1a: Sneasler|3/100
|-unboost|p2a: Andrew Tate|def|1
|-unboost|p2a: Andrew Tate|spd|1
|move|p1a: Sneasler|Dire Claw|p2a: Andrew Tate
|-supereffective|p2a: Andrew Tate
|-damage|p2a: Andrew Tate|0 fnt
|faint|p2a: Andrew Tate
|
|
|switch|p2a: Corviknight|Corviknight, M|100/100
|-ability|p2a: Corviknight|Pressure
|turn|5
|
|switch|p1a: Goodra|Goodra-Hisui, F|100/100
|move|p2a: Corviknight|U-turn|p1a: Goodra
|-resisted|p1a: Goodra
|-damage|p1a: Goodra|94/100
|-ability|p1a: Goodra|Gooey
|-unboost|p2a: Corviknight|spe|1
|
|switch|p2a: Jerome|Ursaluna, M|100/100|[from] U-turn
|
|-status|p2a: Jerome|brn|[from] item: Flame Orb
|turn|6
|
|switch|p1a: Hydreigon|Hydreigon, F|100/100
|move|p2a: Jerome|Swords Dance|p2a: Jerome
|-boost|p2a: Jerome|atk|2
|
|-damage|p2a: Jerome|94/100 brn|[from] brn
|turn|7
|
|move|p1a: Hydreigon|Draco Meteor|p2a: Jerome|[miss]
|-miss|p1a: Hydreigon|p2a: Jerome
|move|p2a: Jerome|Facade|p1a: Hydreigon
|-damage|p1a: Hydreigon|0 fnt
|faint|p1a: Hydreigon
|
|-damage|p2a: Jerome|88/100 brn|[from] brn
|
|switch|p1a: Basculegion|Basculegion-F, F|100/100
|turn|8
|
|move|p1a: Basculegion|Hydro Pump|p2a: Jerome|[miss]
|-miss|p1a: Basculegion|p2a: Jerome
|move|p2a: Jerome|Crunch|p1a: Basculegion
|-supereffective|p1a: Basculegion
|-damage|p1a: Basculegion|0 fnt
|faint|p1a: Basculegion
|
|-damage|p2a: Jerome|82/100 brn|[from] brn
|-sideend|p2: p2|Reflect
|
|switch|p1a: Sneasler|Sneasler, M|3/100
|turn|9
|
|move|p1a: Sneasler|Low Kick|p2a: Jerome
|-supereffective|p2a: Jerome
|-damage|p2a: Jerome|0 fnt
|faint|p2a: Jerome
|
|-sideend|p2: p2|move: Light Screen
|
|switch|p2a: Arcanine|Arcanine-Hisui, M|100/100
|turn|10
|
|move|p2a: Arcanine|Flare Blitz|p1a: Sneasler
|-damage|p1a: Sneasler|0 fnt
|faint|p1a: Sneasler
|
|
|switch|p1a: Great Tusk|Great Tusk|100/100
|turn|11
|
|switch|p2a: Corviknight|Corviknight, M|100/100
|-ability|p2a: Corviknight|Pressure
|move|p1a: Great Tusk|Earthquake|p2a: Corviknight
|-immune|p2a: Corviknight
|
|turn|12
|
|move|p1a: Great Tusk|Stealth Rock|p2a: Corviknight
|-sidestart|p2: p2|move: Stealth Rock
|move|p2a: Corviknight|Brave Bird|p1a: Great Tusk
|-supereffective|p1a: Great Tusk
|-damage|p1a: Great Tusk|63/100
|-damage|p2a: Corviknight|87/100|[from] Recoil
|
|-heal|p1a: Great Tusk|69/100|[from] item: Leftovers
|-heal|p2a: Corviknight|93/100|[from] item: Leftovers
|turn|13
|
|-end|p1a: Great Tusk|Protosynthesis|[silent]
|switch|p1a: Goodra|Goodra-Hisui, F|94/100
|move|p2a: Corviknight|Brave Bird|p1a: Goodra
|-resisted|p1a: Goodra
|-damage|p1a: Goodra|77/100
|-ability|p1a: Goodra|Gooey
|-unboost|p2a: Corviknight|spe|1
|-damage|p2a: Corviknight|88/100|[from] Recoil
|
|-heal|p2a: Corviknight|94/100|[from] item: Leftovers
|turn|14
|
|move|p1a: Goodra|Flash Cannon|p2a: Corviknight
|-resisted|p2a: Corviknight
|-damage|p2a: Corviknight|73/100
|move|p2a: Corviknight|Defog|p1a: Goodra
|-unboost|p1a: Goodra|evasion|1
|-sideend|p2: p2|Stealth Rock|[from] move: Defog|[of] p2a: Corviknight
|
|-heal|p2a: Corviknight|80/100|[from] item: Leftovers
|turn|15
|
|switch|p2a: Arcanine|Arcanine-Hisui, M|100/100
|move|p1a: Goodra|Dragon Pulse|p2a: Arcanine
|-damage|p2a: Arcanine|46/100
|
|turn|16
|
|switch|p1a: Great Tusk|Great Tusk|69/100
|-terastallize|p2a: Arcanine|Fire
|move|p2a: Arcanine|Close Combat|p1a: Great Tusk
|-damage|p1a: Great Tusk|52/100
|-unboost|p2a: Arcanine|def|1
|-unboost|p2a: Arcanine|spd|1
|
|-heal|p1a: Great Tusk|58/100|[from] item: Leftovers
|turn|17
|
|switch|p2a: Corviknight|Corviknight, M|80/100
|-ability|p2a: Corviknight|Pressure
|move|p1a: Great Tusk|Earthquake|p2a: Corviknight
|-immune|p2a: Corviknight
|
|-heal|p1a: Great Tusk|64/100|[from] item: Leftovers
|-heal|p2a: Corviknight|86/100|[from] item: Leftovers
|turn|18
|
|-terastallize|p1a: Great Tusk|Electric
|move|p1a: Great Tusk|Stealth Rock|p2a: Corviknight
|-sidestart|p2: p2|move: Stealth Rock
|move|p2a: Corviknight|Brave Bird|p1a: Great Tusk
|-resisted|p1a: Great Tusk
|-damage|p1a: Great Tusk|56/100
|-damage|p2a: Corviknight|83/100|[from] Recoil
|
|-heal|p1a: Great Tusk|62/100|[from] item: Leftovers
|-heal|p2a: Corviknight|89/100|[from] item: Leftovers
|turn|19
|
|move|p1a: Great Tusk|Body Press|p2a: Corviknight
|-damage|p2a: Corviknight|63/100
|move|p2a: Corviknight|Brave Bird|p1a: Great Tusk
|-resisted|p1a: Great Tusk
|-damage|p1a: Great Tusk|54/100
|-damage|p2a: Corviknight|59/100|[from] Recoil
|
|-heal|p1a: Great Tusk|60/100|[from] item: Leftovers
|-heal|p2a: Corviknight|66/100|[from] item: Leftovers
|turn|20
|
|move|p1a: Great Tusk|Body Press|p2a: Corviknight
|-damage|p2a: Corviknight|37/100
|move|p2a: Corviknight|U-turn|p1a: Great Tusk
|-damage|p1a: Great Tusk|52/100
|
|switch|p2a: Arcanine|Arcanine-Hisui, M, tera:Fire|46/100|[from] U-turn
|-damage|p2a: Arcanine|21/100|[from] Stealth Rock
|
|-heal|p1a: Great Tusk|59/100|[from] item: Leftovers
|turn|21
|
|move|p2a: Arcanine|Head Smash|p1a: Great Tusk
|-damage|p1a: Great Tusk|25/100
|move|p1a: Great Tusk|Earthquake|p2a: Arcanine
|-supereffective|p2a: Arcanine
|-damage|p2a: Arcanine|0 fnt
|faint|p2a: Arcanine
|
|-heal|p1a: Great Tusk|31/100|[from] item: Leftovers
|
|switch|p2a: Samurott|Samurott-Hisui, M, shiny|100/100
|-damage|p2a: Samurott|88/100|[from] Stealth Rock
|turn|22
|
|-end|p1a: Great Tusk|Protosynthesis|[silent]
|switch|p1a: Goodra|Goodra-Hisui, F|77/100
|move|p2a: Samurott|Aqua Jet|p1a: Goodra
|-resisted|p1a: Goodra
|-damage|p1a: Goodra|65/100
|-ability|p1a: Goodra|Gooey
|-unboost|p2a: Samurott|spe|1
|-damage|p2a: Samurott|78/100|[from] item: Life Orb
|
|turn|23
|
|move|p2a: Samurott|Sacred Sword|p1a: Goodra
|-supereffective|p1a: Goodra
|-damage|p1a: Goodra|0 fnt
|-ability|p1a: Goodra|Gooey
|-unboost|p2a: Samurott|spe|1
|faint|p1a: Goodra
|-damage|p2a: Samurott|68/100|[from] item: Life Orb
|
|
|switch|p1a: Great Tusk|Great Tusk, tera:Electric|31/100
|turn|24
|
|move|p2a: Samurott|Aqua Jet|p1a: Great Tusk
|-damage|p1a: Great Tusk|20/100
|-damage|p2a: Samurott|58/100|[from] item: Life Orb
|move|p1a: Great Tusk|Body Press|p2a: Samurott
|-supereffective|p2a: Samurott
|-damage|p2a: Samurott|0 fnt
|faint|p2a: Samurott
|
|-heal|p1a: Great Tusk|26/100|[from] item: Leftovers
|
|switch|p2a: Corviknight|Corviknight, M|37/100
|-damage|p2a: Corviknight|25/100|[from] Stealth Rock
|-ability|p2a: Corviknight|Pressure
|turn|25
|
|move|p1a: Great Tusk|Body Press|p2a: Corviknight
|-damage|p2a: Corviknight|0 fnt
|faint|p2a: Corviknight
|
|win|p1
