|poke|p1|Hoopa-Unbound|
|poke|p1|Slowking-Galar, F|
|poke|p1|Corviknight, F|
|poke|p1|Magearna|
|poke|p1|Landorus-Therian, M|
|poke|p1|Dragapult, F|
|poke|p2|Ursaluna, M|
|poke|p2|Rillaboom, M|
|poke|p2|Sneasler, F|
|poke|p2|Hatterene, F|
|poke|p2|Skeledirge, M|
|poke|p2|Zamazenta-*|
|teampreview
|
|start
|switch|p1a: Landorus|Landorus-Therian, M|100/100
|switch|p2a: Metro|Rillaboom, M|100/100
|-ability|p1a: Landorus|Intimidate|boost
|-unboost|p2a: Metro|atk|1
|-fieldstart|move: Grassy Terrain|[from] ability: Grassy Surge|[of] p2a: Metro
|turn|1
|
|switch|p2a: 7500 On A YSL Hatt|Hatterene, F|100/100
|move|p1a: Landorus|U-turn|p2a: 7500 On A YSL Hatt
|-damage|p2a: 7500 On A YSL Hatt|65/100
|
|switch|p1a: Dragapult|Dragapult, F|100/100|[from] U-turn
|
|-heal|p2a: 7500 On A YSL Hatt|71/100|[from] Grassy Terrain
|-heal|p2a: 7500 On A YSL Hatt|77/100|[from] item: Leftovers
|turn|2
|
|move|p1a: Dragapult|U-turn|p2a: 7500 On A YSL Hatt
|-damage|p2a: 7500 On A YSL Hatt|56/100
|
|switch|p1a: Magearna|Magearna|100/100|[from] U-turn
|move|p2a: 7500 On A YSL Hatt|Nuzzle|p1a: Magearna
|-damage|p1a: Magearna|98/100
|-status|p1a: Magearna|par
|
|-heal|p2a: 7500 On A YSL Hatt|62/100|[from] Grassy Terrain
|-heal|p2a: 7500 On A YSL Hatt|68/100|[from] item: Leftovers
|-heal|p1a: Magearna|100/100 par|[from] Grassy Terrain
|turn|3
|
|switch|p2a: Big Dirge|Skeledirge, M|100/100
|move|p1a: Magearna|Volt Switch|p2a: Big Dirge
|-damage|p2a: Big Dirge|85/100
|
|switch|p1a: Hoopa|Hoopa-Unbound|100/100|[from] Volt Switch
|
|-heal|p2a: Big Dirge|92/100|[from] Grassy Terrain
|turn|4
|
|switch|p2a: Hercules No Thug|Sneasler, F|100/100
|-enditem|p2a: Hercules No Thug|Grassy Seed
|-boost|p2a: Hercules No Thug|def|1|[from] item: Grassy Seed
|move|p1a: Hoopa|Dark Pulse|p2a: Hercules No Thug
|-resisted|p2a: Hercules No Thug
|-damage|p2a: Hercules No Thug|72/100
|
|-heal|p2a: Hercules No Thug|78/100|[from] Grassy Terrain
|turn|5
|
|switch|p1a: Slowking|Slowking-Galar, F|100/100
|move|p2a: Hercules No Thug|Swords Dance|p2a: Hercules No Thug
|-boost|p2a: Hercules No Thug|atk|2
|
|-heal|p2a: Hercules No Thug|85/100|[from] Grassy Terrain
|turn|6
|
|move|p2a: Hercules No Thug|Acrobatics|p1a: Slowking
|-damage|p1a: Slowking|43/100
|move|p1a: Slowking|Future Sight|p2a: Hercules No Thug
|-start|p1a: Slowking|move: Future Sight
|
|-heal|p2a: Hercules No Thug|91/100|[from] Grassy Terrain
|-heal|p1a: Slowking|49/100|[from] Grassy Terrain
|turn|7
|
|move|p2a: Hercules No Thug|Acrobatics|p1a: Slowking
|-damage|p1a: Slowking|0 fnt
|faint|p1a: Slowking
|
|-heal|p2a: Hercules No Thug|97/100|[from] Grassy Terrain
|
|switch|p1a: Corviknight|Corviknight, F|100/100
|-ability|p1a: Corviknight|Pressure
|turn|8
|
|switch|p2a: 7500 On A YSL Hatt|Hatterene, F|68/100
|switch|p1a: Dragapult|Dragapult, F|100/100
|
|-end|p2a: 7500 On A YSL Hatt|move: Future Sight
|-resisted|p2a: 7500 On A YSL Hatt
|-damage|p2a: 7500 On A YSL Hatt|44/100
|-heal|p2a: 7500 On A YSL Hatt|50/100|[from] Grassy Terrain
|-heal|p2a: 7500 On A YSL Hatt|56/100|[from] item: Leftovers
|-fieldend|move: Grassy Terrain
|turn|9
|
|-terastallize|p1a: Dragapult|Ghost
|move|p1a: Dragapult|Tera Blast|p2a: 7500 On A YSL Hatt
|-supereffective|p2a: 7500 On A YSL Hatt
|-damage|p2a: 7500 On A YSL Hatt|0 fnt
|faint|p2a: 7500 On A YSL Hatt
|
|
|switch|p2a: Peruvian Coke|Ursaluna, M|100/100
|turn|10
|
|switch|p1a: Landorus|Landorus-Therian, M|100/100
|-ability|p1a: Landorus|Intimidate|boost
|-unboost|p2a: Peruvian Coke|atk|1
|move|p2a: Peruvian Coke|Trailblaze|p1a: Landorus
|-crit|p1a: Landorus
|-damage|p1a: Landorus|67/100
|-boost|p2a: Peruvian Coke|spe|1
|
|turn|11
|
|move|p2a: Peruvian Coke|Ice Punch|p1a: Landorus
|-supereffective|p1a: Landorus
|-damage|p1a: Landorus|0 fnt
|faint|p1a: Landorus
|
|
|switch|p1a: Corviknight|Corviknight, F|100/100
|-ability|p1a: Corviknight|Pressure
|turn|12
|
|-terastallize|p2a: Peruvian Coke|Water
|move|p2a: Peruvian Coke|Belly Drum|p2a: Peruvian Coke
|-damage|p2a: Peruvian Coke|51/100
|-setboost|p2a: Peruvian Coke|atk|6|[from] move: Belly Drum
|move|p1a: Corviknight|Body Press|p2a: Peruvian Coke
|-damage|p2a: Peruvian Coke|35/100
|
|-heal|p2a: Peruvian Coke|41/100|[from] item: Leftovers
|turn|13
|
|switch|p1a: Dragapult|Dragapult, F, tera:Ghost|100/100
|move|p2a: Peruvian Coke|Trailblaze|p1a: Dragapult
|-damage|p1a: Dragapult|0 fnt
|-boost|p2a: Peruvian Coke|spe|1
|faint|p1a: Dragapult
|
|-heal|p2a: Peruvian Coke|48/100|[from] item: Leftovers
|
|switch|p1a: Hoopa|Hoopa-Unbound|100/100
|turn|14
|
|move|p2a: Peruvian Coke|Drain Punch|p1a: Hoopa
|-damage|p1a: Hoopa|0 fnt
|-heal|p2a: Peruvian Coke|85/100|[from] drain|[of] p1a: Hoopa
|faint|p1a: Hoopa
|
|-heal|p2a: Peruvian Coke|92/100|[from] item: Leftovers
|-message|terttt forfeited.
|
|win|kd458
