# advantage = p2
|poke|p1|Enamorus, F|
|poke|p1|Sneasler, F|
|poke|p1|Great Tusk|
|poke|p1|Rotom-Wash|
|poke|p1|Landorus-Therian, M|
|poke|p1|Dragapult, F|
|poke|p2|Ursaluna, F|
|poke|p2|Goodra-Hisui, F|
|poke|p2|Garganacl, M|
|poke|p2|Slither Wing|
|poke|p2|Cresselia, F|
|poke|p2|Forretress, F|
|teampreview
|
|start
|switch|p1a: Sneasler|Sneasler, F|100/100
|switch|p2a: Selina 🌙|Cresselia, F, shiny|100/100
|turn|1
|
|move|p1a: Sneasler|U-turn|p2a: Selina 🌙
|-supereffective|p2a: Selina 🌙
|-damage|p2a: Selina 🌙|77/100
|
|switch|p1a: Dragapult|Dragapult, F|100/100|[from] U-turn
|move|p2a: Selina 🌙|Future Sight|p1a: Dragapult
|-start|p2a: Selina 🌙|move: Future Sight
|
|turn|2
|
|switch|p2a: Kim Joe Un ⛰️|Ursaluna, F, shiny|100/100
|move|p1a: Dragapult|Light Screen|p1a: Dragapult
|-sidestart|p1: p1|move: Light Screen
|
|-status|p2a: Kim Joe Un ⛰️|brn|[from] item: Flame Orb
|turn|3
|
|move|p1a: Dragapult|Reflect|p1a: Dragapult
|-sidestart|p1: p1|Reflect
|move|p2a: Kim Joe Un ⛰️|Swords Dance|p2a: Kim Joe Un ⛰️
|-boost|p2a: Kim Joe Un ⛰️|atk|2
|
|-end|p1a: Dragapult|move: Future Sight
|-damage|p1a: Dragapult|83/100
|-damage|p2a: Kim Joe Un ⛰️|94/100 brn|[from] brn
|turn|4
|
|switch|p1a: Landorus|Landorus-Therian, M|100/100
|-ability|p1a: Landorus|Intimidate|boost
|-unboost|p2a: Kim Joe Un ⛰️|atk|1
|move|p2a: Kim Joe Un ⛰️|Play Rough|p1a: Landorus
|-damage|p1a: Landorus|78/100
|-damage|p2a: Kim Joe Un ⛰️|78/100 brn|[from] item: Rocky Helmet|[of] p1a: Landorus
|
|-damage|p2a: Kim Joe Un ⛰️|71/100 brn|[from] brn
|turn|5
|
|move|p1a: Landorus|Earthquake|p2a: Kim Joe Un ⛰️
|-damage|p2a: Kim Joe Un ⛰️|40/100 brn
|move|p2a: Kim Joe Un ⛰️|Facade|p1a: Landorus
|-damage|p1a: Landorus|27/100
|-damage|p2a: Kim Joe Un ⛰️|23/100 brn|[from] item: Rocky Helmet|[of] p1a: Landorus
|
|-damage|p2a: Kim Joe Un ⛰️|17/100 brn|[from] brn
|turn|6
|
|switch|p2a: Selina 🌙|Cresselia, F, shiny|77/100
|move|p1a: Landorus|U-turn|p2a: Selina 🌙
|-supereffective|p2a: Selina 🌙
|-damage|p2a: Selina 🌙|55/100
|
|switch|p1a: Sneasler|Sneasler, F|100/100|[from] U-turn
|
|turn|7
|
|move|p1a: Sneasler|U-turn|p2a: Selina 🌙
|-supereffective|p2a: Selina 🌙
|-damage|p2a: Selina 🌙|31/100
|
|switch|p1a: Landorus|Landorus-Therian, M|27/100|[from] U-turn
|-ability|p1a: Landorus|Intimidate|boost
|-unboost|p2a: Selina 🌙|atk|1
|move|p2a: Selina 🌙|Trick Room|p2a: Selina 🌙
|-fieldstart|move: Trick Room|[of] p2a: Selina 🌙
|
|turn|8
|
|move|p2a: Selina 🌙|Lunar Dance|p2a: Selina 🌙
|faint|p2a: Selina 🌙
|move|p1a: Landorus|U-turn|p2: Selina 🌙|[notarget]
|-fail|p1a: Landorus
|
|
|switch|p2a: Kim Joe Un ⛰️|Ursaluna, F, shiny|17/100 brn
|-heal|p2a: Kim Joe Un ⛰️|100/100|[from] move: Lunar Dance
|turn|9
|
|move|p2a: Kim Joe Un ⛰️|Play Rough|p1a: Landorus
|-damage|p1a: Landorus|16/100
|-damage|p2a: Kim Joe Un ⛰️|84/100|[from] item: Rocky Helmet|[of] p1a: Landorus
|move|p1a: Landorus|Taunt|p2a: Kim Joe Un ⛰️
|-start|p2a: Kim Joe Un ⛰️|move: Taunt
|
|-sideend|p1: p1|move: Light Screen
|-status|p2a: Kim Joe Un ⛰️|brn|[from] item: Flame Orb
|turn|10
|
|move|p2a: Kim Joe Un ⛰️|Facade|p1a: Landorus
|-damage|p1a: Landorus|0 fnt
|-damage|p2a: Kim Joe Un ⛰️|67/100 brn|[from] item: Rocky Helmet|[of] p1a: Landorus
|faint|p1a: Landorus
|
|-damage|p2a: Kim Joe Un ⛰️|61/100 brn|[from] brn
|-sideend|p1: p1|Reflect
|
|switch|p1a: Great Tusk|Great Tusk|100/100
|-enditem|p1a: Great Tusk|Booster Energy
|-activate|p1a: Great Tusk|ability: Protosynthesis|[fromitem]
|-start|p1a: Great Tusk|protosynthesisspe
|turn|11
|
|-terastallize|p2a: Kim Joe Un ⛰️|Fairy
|move|p2a: Kim Joe Un ⛰️|Play Rough|p1a: Great Tusk
|-supereffective|p1a: Great Tusk
|-damage|p1a: Great Tusk|27/100
|move|p1a: Great Tusk|Knock Off|p2a: Kim Joe Un ⛰️
|-resisted|p2a: Kim Joe Un ⛰️
|-damage|p2a: Kim Joe Un ⛰️|52/100 brn
|-enditem|p2a: Kim Joe Un ⛰️|Flame Orb|[from] move: Knock Off|[of] p1a: Great Tusk
|
|-damage|p2a: Kim Joe Un ⛰️|46/100 brn|[from] brn
|-fieldend|move: Trick Room
|turn|12
|
|move|p1a: Great Tusk|Headlong Rush|p2a: Kim Joe Un ⛰️
|-damage|p2a: Kim Joe Un ⛰️|11/100 brn
|-unboost|p1a: Great Tusk|def|1
|-unboost|p1a: Great Tusk|spd|1
|move|p2a: Kim Joe Un ⛰️|Play Rough|p1a: Great Tusk
|-supereffective|p1a: Great Tusk
|-damage|p1a: Great Tusk|0 fnt
|faint|p1a: Great Tusk
|-end|p1a: Great Tusk|Protosynthesis|[silent]
|
|-damage|p2a: Kim Joe Un ⛰️|5/100 brn|[from] brn
|-end|p2a: Kim Joe Un ⛰️|move: Taunt
|
|switch|p1a: Enamorus|Enamorus, F|100/100
|turn|13
|
|move|p1a: Enamorus|Moonblast|p2a: Kim Joe Un ⛰️
|-damage|p2a: Kim Joe Un ⛰️|0 fnt
|faint|p2a: Kim Joe Un ⛰️
|
|
|switch|p2a: Forretress|Forretress, F|100/100
|turn|14
|
|switch|p1a: Dragapult|Dragapult, F|83/100
|move|p2a: Forretress|Light Screen|p2a: Forretress
|-sidestart|p2: p2|move: Light Screen
|
|turn|15
|
|move|p1a: Dragapult|Light Screen|p1a: Dragapult
|-sidestart|p1: p1|move: Light Screen
|move|p2a: Forretress|Stealth Rock|p1a: Dragapult
|-sidestart|p1: p1|move: Stealth Rock
|
|turn|16
|
|move|p1a: Dragapult|Reflect|p1a: Dragapult
|-sidestart|p1: p1|Reflect
|move|p2a: Forretress|Reflect|p2a: Forretress
|-sidestart|p2: p2|Reflect
|
|turn|17
|
|switch|p1a: Enamorus|Enamorus, F|100/100
|-damage|p1a: Enamorus|76/100|[from] Stealth Rock
|switch|p2a: Wojbomb 📠|Garganacl, M|100/100
|
|turn|18
|
|switch|p1a: Dragapult|Dragapult, F|83/100
|-damage|p1a: Dragapult|70/100|[from] Stealth Rock
|move|p2a: Wojbomb 📠|Salt Cure|p1a: Dragapult
|-damage|p1a: Dragapult|63/100
|-start|p1a: Dragapult|Salt Cure
|
|-damage|p1a: Dragapult|50/100|[from] Salt Cure
|turn|19
|
|switch|p2a: Forretress|Forretress, F|100/100
|move|p1a: Dragapult|Will-O-Wisp|p2a: Forretress
|-status|p2a: Forretress|brn
|
|-damage|p2a: Forretress|94/100 brn|[from] brn
|-damage|p1a: Dragapult|38/100|[from] Salt Cure
|turn|20
|
|switch|p2a: Wojbomb 📠|Garganacl, M|100/100
|move|p1a: Dragapult|Hex|p2a: Wojbomb 📠
|-damage|p2a: Wojbomb 📠|92/100
|
|-heal|p2a: Wojbomb 📠|99/100|[from] item: Leftovers
|-damage|p1a: Dragapult|25/100|[from] Salt Cure
|turn|21
|
|switch|p1a: Rotom|Rotom-Wash|100/100
|-damage|p1a: Rotom|88/100|[from] Stealth Rock
|move|p2a: Wojbomb 📠|Curse|p2a: Wojbomb 📠
|-unboost|p2a: Wojbomb 📠|spe|1
|-boost|p2a: Wojbomb 📠|atk|1
|-boost|p2a: Wojbomb 📠|def|1
|
|-heal|p1a: Rotom|94/100|[from] item: Leftovers
|-heal|p2a: Wojbomb 📠|100/100|[from] item: Leftovers
|-sideend|p2: p2|move: Light Screen
|turn|22
|
|move|p1a: Rotom|Hydro Pump|p2a: Wojbomb 📠
|-supereffective|p2a: Wojbomb 📠
|-damage|p2a: Wojbomb 📠|46/100
|move|p2a: Wojbomb 📠|Salt Cure|p1a: Rotom
|-damage|p1a: Rotom|83/100
|-start|p1a: Rotom|Salt Cure
|
|-heal|p1a: Rotom|90/100|[from] item: Leftovers
|-heal|p2a: Wojbomb 📠|52/100|[from] item: Leftovers
|-damage|p1a: Rotom|65/100|[from] Salt Cure
|-sideend|p1: p1|move: Light Screen
|turn|23
|
|move|p1a: Rotom|Hydro Pump|p2a: Wojbomb 📠
|-supereffective|p2a: Wojbomb 📠
|-damage|p2a: Wojbomb 📠|0 fnt
|faint|p2a: Wojbomb 📠
|
|-heal|p1a: Rotom|71/100|[from] item: Leftovers
|-damage|p1a: Rotom|46/100|[from] Salt Cure
|-sideend|p2: p2|Reflect
|-sideend|p1: p1|Reflect
|
|switch|p2a: Forretress|Forretress, F|94/100 brn
|turn|24
|
|move|p1a: Rotom|Volt Switch|p2a: Forretress
|-damage|p2a: Forretress|58/100 brn
|
|switch|p1a: Enamorus|Enamorus, F|76/100|[from] Volt Switch
|-damage|p1a: Enamorus|51/100|[from] Stealth Rock
|move|p2a: Forretress|Reflect|p2a: Forretress
|-sidestart|p2: p2|Reflect
|
|-damage|p2a: Forretress|51/100 brn|[from] brn
|turn|25
|
|move|p1a: Enamorus|Mystical Fire|p2a: Forretress
|-supereffective|p2a: Forretress
|-damage|p2a: Forretress|0 fnt
|faint|p2a: Forretress
|
|
|switch|p2a: Dragmag 🐚|Goodra-Hisui, F|100/100
|turn|26
|
|switch|p1a: Rotom|Rotom-Wash|46/100
|-damage|p1a: Rotom|33/100|[from] Stealth Rock
|move|p2a: Dragmag 🐚|Acid Armor|p2a: Dragmag 🐚
|-boost|p2a: Dragmag 🐚|def|2
|
|-heal|p1a: Rotom|40/100|[from] item: Leftovers
|turn|27
|
|move|p1a: Rotom|Hydro Pump|p2a: Dragmag 🐚|[miss]
|-miss|p1a: Rotom|p2a: Dragmag 🐚
|move|p2a: Dragmag 🐚|Acid Armor|p2a: Dragmag 🐚
|-boost|p2a: Dragmag 🐚|def|2
|
|-heal|p1a: Rotom|46/100|[from] item: Leftovers
|turn|28
|
|move|p1a: Rotom|Will-O-Wisp|p2a: Dragmag 🐚
|-status|p2a: Dragmag 🐚|brn
|move|p2a: Dragmag 🐚|Acid Armor|p2a: Dragmag 🐚
|-boost|p2a: Dragmag 🐚|def|2
|
|-heal|p1a: Rotom|52/100|[from] item: Leftovers
|-damage|p2a: Dragmag 🐚|94/100 brn|[from] brn
|turn|29
|
|move|p1a: Rotom|Hydro Pump|p2a: Dragmag 🐚
|-resisted|p2a: Dragmag 🐚
|-damage|p2a: Dragmag 🐚|81/100 brn
|move|p2a: Dragmag 🐚|Body Press|p1a: Rotom
|-damage|p1a: Rotom|3/100
|
|-heal|p1a: Rotom|9/100|[from] item: Leftovers
|-heal|p2a: Dragmag 🐚|87/100 brn|[from] item: Leftovers
|-damage|p2a: Dragmag 🐚|81/100 brn|[from] brn
|turn|30
|
|move|p1a: Rotom|Hex|p2a: Dragmag 🐚
|-damage|p2a: Dragmag 🐚|62/100 brn
|move|p2a: Dragmag 🐚|Body Press|p1a: Rotom
|-damage|p1a: Rotom|0 fnt
|faint|p1a: Rotom
|
|-heal|p2a: Dragmag 🐚|69/100 brn|[from] item: Leftovers
|-damage|p2a: Dragmag 🐚|62/100 brn|[from] brn
|
|switch|p1a: Enamorus|Enamorus, F|51/100
|-damage|p1a: Enamorus|26/100|[from] Stealth Rock
|turn|31
|
|-terastallize|p1a: Enamorus|Ground
|move|p1a: Enamorus|Tera Blast|p2a: Dragmag 🐚
|-supereffective|p2a: Dragmag 🐚
|-damage|p2a: Dragmag 🐚|3/100 brn
|move|p2a: Dragmag 🐚|Body Press|p1a: Enamorus
|-damage|p1a: Enamorus|0 fnt
|faint|p1a: Enamorus
|
|-heal|p2a: Dragmag 🐚|9/100 brn|[from] item: Leftovers
|-damage|p2a: Dragmag 🐚|3/100 brn|[from] brn
|-sideend|p2: p2|Reflect
|
|switch|p1a: Dragapult|Dragapult, F|25/100
|-damage|p1a: Dragapult|13/100|[from] Stealth Rock
|turn|32
|
|move|p1a: Dragapult|Hex|p2a: Dragmag 🐚
|-damage|p2a: Dragmag 🐚|0 fnt
|faint|p2a: Dragmag 🐚
|
|
|switch|p2a: Grub 🐛|Slither Wing|100/100
|-enditem|p2a: Grub 🐛|Booster Energy
|-activate|p2a: Grub 🐛|ability: Protosynthesis|[fromitem]
|-start|p2a: Grub 🐛|protosynthesisatk
|turn|33
|
|move|p2a: Grub 🐛|First Impression|p1a: Dragapult
|-resisted|p1a: Dragapult
|-damage|p1a: Dragapult|0 fnt
|faint|p1a: Dragapult
|
|
|switch|p1a: Sneasler|Sneasler, F|100/100
|-damage|p1a: Sneasler|95/100|[from] Stealth Rock
|turn|34
|
|move|p1a: Sneasler|Dire Claw|p2a: Grub 🐛
|-damage|p2a: Grub 🐛|57/100
|move|p2a: Grub 🐛|Acrobatics|p1a: Sneasler
|-supereffective|p1a: Sneasler
|-damage|p1a: Sneasler|0 fnt
|faint|p1a: Sneasler
|
|win|p2
