|poke|p1|Enamorus, F|
|poke|p1|Thundurus-Therian, M|
|poke|p1|Chien-Pao|
|poke|p1|Great Tusk|
|poke|p1|Volcanion|
|poke|p1|Zamazenta-*|
|poke|p2|Typhlosion-Hisui, M|
|poke|p2|Dragapult, M|
|poke|p2|Magearna|
|poke|p2|Urshifu-*, F|
|poke|p2|Zapdos|
|poke|p2|Great Tusk|
|teampreview
|
|start
|switch|p1a: Thundurus|Thundurus-Therian, M|100/100
|switch|p2a: Typhlosion|Typhlosion-Hisui, M|100/100
|turn|1
|
|-terastallize|p1a: Thundurus|Water
|move|p1a: Thundurus|Tera Blast|p2a: Typhlosion
|-supereffective|p2a: Typhlosion
|-damage|p2a: Typhlosion|0 fnt
|faint|p2a: Typhlosion
|
|
|switch|p2a: Dragapult|Dragapult, M|100/100
|turn|2
|
|switch|p1a: Great Tusk|Great Tusk|100/100
|move|p2a: Dragapult|Substitute|p2a: Dragapult
|-start|p2a: Dragapult|Substitute
|-damage|p2a: Dragapult|76/100
|
|-heal|p2a: Dragapult|82/100|[from] item: Leftovers
|turn|3
|
|move|p2a: Dragapult|Will-O-Wisp|p1a: Great Tusk
|-status|p1a: Great Tusk|brn
|move|p1a: Great Tusk|Earthquake|p2a: Dragapult
|-end|p2a: Dragapult|Substitute
|
|-heal|p2a: Dragapult|88/100|[from] item: Leftovers
|-damage|p1a: Great Tusk|94/100 brn|[from] brn
|turn|4
|
|move|p2a: Dragapult|Substitute|p2a: Dragapult
|-start|p2a: Dragapult|Substitute
|-damage|p2a: Dragapult|63/100
|move|p1a: Great Tusk|Stealth Rock|p2a: Dragapult
|-sidestart|p2: KINGsovar|move: Stealth Rock
|
|-heal|p2a: Dragapult|69/100|[from] item: Leftovers
|-heal|p1a: Great Tusk|100/100 brn|[from] item: Leftovers
|-damage|p1a: Great Tusk|94/100 brn|[from] brn
|turn|5
|
|move|p2a: Dragapult|Hex|p1a: Great Tusk
|-damage|p1a: Great Tusk|27/100 brn
|move|p1a: Great Tusk|Earthquake|p2a: Dragapult
|-end|p2a: Dragapult|Substitute
|
|-heal|p2a: Dragapult|75/100|[from] item: Leftovers
|-heal|p1a: Great Tusk|33/100 brn|[from] item: Leftovers
|-damage|p1a: Great Tusk|27/100 brn|[from] brn
|turn|6
|
|move|p2a: Dragapult|Hex|p1a: Great Tusk
|-damage|p1a: Great Tusk|0 fnt
|faint|p1a: Great Tusk
|-end|p1a: Great Tusk|Protosynthesis|[silent]
|
|-heal|p2a: Dragapult|81/100|[from] item: Leftovers
|
|switch|p1a: Chien-Pao|Chien-Pao|100/100
|-ability|p1a: Chien-Pao|Sword of Ruin
|turn|7
|
|move|p1a: Chien-Pao|Ice Shard|p2a: Dragapult
|-supereffective|p2a: Dragapult
|-damage|p2a: Dragapult|0 fnt
|faint|p2a: Dragapult
|
|
|switch|p2a: Magearna|Magearna|100/100
|turn|8
|
|switch|p1a: Volcanion|Volcanion|100/100
|move|p2a: Magearna|Volt Switch|p1a: Volcanion
|-supereffective|p1a: Volcanion
|-damage|p1a: Volcanion|63/100
|
|switch|p2a: Zapdos|Zapdos|100/100|[from] Volt Switch
|
|turn|9
|
|switch|p1a: Zamazenta|Zamazenta-Crowned|100/100
|-ability|p1a: Zamazenta|Dauntless Shield|boost
|-boost|p1a: Zamazenta|def|1
|move|p2a: Zapdos|Volt Switch|p1a: Zamazenta
|-damage|p1a: Zamazenta|76/100
|
|switch|p2a: Great Tusk|Great Tusk|100/100|[from] Volt Switch
|-enditem|p2a: Great Tusk|Booster Energy
|-activate|p2a: Great Tusk|ability: Protosynthesis|[fromitem]
|-start|p2a: Great Tusk|protosynthesisspe
|-damage|p2a: Great Tusk|98/100|[from] Stealth Rock
|
|turn|10
|
|switch|p1a: Thundurus|Thundurus-Therian, M, tera:Water|100/100
|move|p2a: Great Tusk|Rapid Spin|p1a: Thundurus
|-damage|p1a: Thundurus|77/100
|-boost|p2a: Great Tusk|spe|1
|-sideend|p2: KINGsovar|Stealth Rock|[from] move: Rapid Spin|[of] p2a: Great Tusk
|
|turn|11
|
|move|p2a: Great Tusk|Headlong Rush|p1a: Thundurus
|-damage|p1a: Thundurus|0 fnt
|-unboost|p2a: Great Tusk|def|1
|-unboost|p2a: Great Tusk|spd|1
|faint|p1a: Thundurus
|
|
|switch|p1a: Enamorus|Enamorus, F|100/100
|turn|12
|
|move|p2a: Great Tusk|Knock Off|p1a: Enamorus
|-resisted|p1a: Enamorus
|-damage|p1a: Enamorus|79/100
|-enditem|p1a: Enamorus|Choice Scarf|[from] move: Knock Off|[of] p2a: Great Tusk
|move|p1a: Enamorus|Moonblast|p2a: Great Tusk
|-supereffective|p2a: Great Tusk
|-damage|p2a: Great Tusk|0 fnt
|faint|p2a: Great Tusk
|-end|p2a: Great Tusk|Protosynthesis|[silent]
|
|
|switch|p2a: Zapdos|Zapdos|100/100
|turn|13
|
|move|p1a: Enamorus|Healing Wish|p1a: Enamorus
|faint|p1a: Enamorus
|move|p2a: Zapdos|Volt Switch|p1: Enamorus|[notarget]
|-fail|p2a: Zapdos
|
|
|switch|p1a: Chien-Pao|Chien-Pao|100/100
|-ability|p1a: Chien-Pao|Sword of Ruin
|turn|14
|
|switch|p2a: Magearna|Magearna|100/100
|move|p1a: Chien-Pao|Icicle Crash|p2a: Magearna|[miss]
|-miss|p1a: Chien-Pao|p2a: Magearna
|
|turn|15
|
|move|p1a: Chien-Pao|Icicle Crash|p2a: Magearna
|-resisted|p2a: Magearna
|-damage|p2a: Magearna|73/100
|move|p2a: Magearna|Volt Switch|p1a: Chien-Pao
|-damage|p1a: Chien-Pao|68/100
|
|switch|p2a: Urshifu|Urshifu-Rapid-Strike, F|100/100|[from] Volt Switch
|
|turn|16
|
|switch|p1a: Volcanion|Volcanion|63/100
|-heal|p1a: Volcanion|100/100|[from] move: Healing Wish
|move|p2a: Urshifu|Close Combat|p1a: Volcanion
|-damage|p1a: Volcanion|47/100
|-unboost|p2a: Urshifu|def|1
|-unboost|p2a: Urshifu|spd|1
|
|turn|17
|
|move|p2a: Urshifu|Close Combat|p1a: Volcanion
|-damage|p1a: Volcanion|0 fnt
|-unboost|p2a: Urshifu|def|1
|-unboost|p2a: Urshifu|spd|1
|faint|p1a: Volcanion
|
|
|switch|p1a: Chien-Pao|Chien-Pao|68/100
|-ability|p1a: Chien-Pao|Sword of Ruin
|turn|18
|
|move|p2a: Urshifu|Close Combat|p1a: Chien-Pao
|-supereffective|p1a: Chien-Pao
|-damage|p1a: Chien-Pao|0 fnt
|-unboost|p2a: Urshifu|def|1
|-unboost|p2a: Urshifu|spd|1
|faint|p1a: Chien-Pao
|
|
|switch|p1a: Zamazenta|Zamazenta-Crowned|76/100
|turn|19
|
|switch|p2a: Zapdos|Zapdos|100/100
|move|p1a: Zamazenta|Body Press|p2a: Zapdos
|-resisted|p2a: Zapdos
|-damage|p2a: Zapdos|84/100
|-status|p1a: Zamazenta|par|[from] ability: Static|[of] p2a: Zapdos
|
|turn|20
|-message|eekey forfeited.
|
|win|KINGsovar
