|poke|p1|Zapdos|
|poke|p1|Great Tusk|
|poke|p1|Magearna|
|poke|p1|Chien-Pao|
|poke|p1|Slowking-Galar, M|
|poke|p1|Grimmsnarl, M|
|poke|p2|Magearna|
|poke|p2|Cresselia, F|
|poke|p2|Ursaluna, F|
|poke|p2|Hoopa-Unbound|
|poke|p2|Basculegion, M|
|poke|p2|Glastrier|
|teampreview
|
|start
|switch|p1a: Grimmsnarl|Grimmsnarl, M|100/100
|switch|p2a: Magearna|Magearna|100/100
|turn|1
|
|move|p1a: Grimmsnarl|Substitute|p1a: Grimmsnarl
|-start|p1a: Grimmsnarl|Substitute
|-damage|p1a: Grimmsnarl|76/100
|move|p2a: Magearna|Trick Room|p2a: Magearna
|-fieldstart|move: Trick Room|[of] p2a: Magearna
|
|-heal|p1a: Grimmsnarl|82/100|[from] item: Leftovers
|turn|2
|
|move|p1a: Grimmsnarl|Bulk Up|p1a: Grimmsnarl
|-boost|p1a: Grimmsnarl|atk|1
|-boost|p1a: Grimmsnarl|def|1
|move|p2a: Magearna|Fleur Cannon|p1a: Grimmsnarl|[miss]
|-miss|p2a: Magearna|p1a: Grimmsnarl
|
|-heal|p1a: Grimmsnarl|88/100|[from] item: Leftovers
|turn|3
|
|move|p1a: Grimmsnarl|Play Rough|p2a: Magearna
|-resisted|p2a: Magearna
|-damage|p2a: Magearna|77/100
|move|p2a: Magearna|Fleur Cannon|p1a: Grimmsnarl
|-supereffective|p1a: Grimmsnarl
|-end|p1a: Grimmsnarl|Substitute
|-unboost|p2a: Magearna|spa|2
|-enditem|p2a: Magearna|Eject Pack
|
|switch|p2a: Hoopa|Hoopa-Unbound|100/100
|
|-heal|p1a: Grimmsnarl|94/100|[from] item: Leftovers
|turn|4
|
|move|p1a: Grimmsnarl|Substitute|p1a: Grimmsnarl
|-start|p1a: Grimmsnarl|Substitute
|-damage|p1a: Grimmsnarl|69/100
|move|p2a: Hoopa|Dark Pulse|p1a: Grimmsnarl
|-resisted|p1a: Grimmsnarl
|-activate|p1a: Grimmsnarl|move: Substitute|[damage]
|-damage|p2a: Hoopa|91/100|[from] item: Life Orb
|
|-heal|p1a: Grimmsnarl|75/100|[from] item: Leftovers
|turn|5
|
|move|p1a: Grimmsnarl|Bulk Up|p1a: Grimmsnarl
|-boost|p1a: Grimmsnarl|atk|1
|-boost|p1a: Grimmsnarl|def|1
|move|p2a: Hoopa|Thunderbolt|p1a: Grimmsnarl
|-end|p1a: Grimmsnarl|Substitute
|-damage|p2a: Hoopa|81/100|[from] item: Life Orb
|
|-heal|p1a: Grimmsnarl|81/100|[from] item: Leftovers
|-fieldend|move: Trick Room
|turn|6
|
|move|p1a: Grimmsnarl|Substitute|p1a: Grimmsnarl
|-start|p1a: Grimmsnarl|Substitute
|-damage|p1a: Grimmsnarl|56/100
|move|p2a: Hoopa|Thunderbolt|p1a: Grimmsnarl
|-end|p1a: Grimmsnarl|Substitute
|-damage|p2a: Hoopa|71/100|[from] item: Life Orb
|
|-heal|p1a: Grimmsnarl|62/100|[from] item: Leftovers
|turn|7
|
|move|p2a: Hoopa|Thunderbolt|p1a: Grimmsnarl
|-damage|p1a: Grimmsnarl|18/100
|-damage|p2a: Hoopa|61/100|[from] item: Life Orb
|move|p1a: Grimmsnarl|Crunch|p2a: Hoopa
|-damage|p2a: Hoopa|0 fnt
|faint|p2a: Hoopa
|
|-heal|p1a: Grimmsnarl|24/100|[from] item: Leftovers
|
|switch|p2a: Basculegion|Basculegion, M|100/100
|turn|8
|
|move|p2a: Basculegion|Aqua Jet|p1a: Grimmsnarl
|-damage|p1a: Grimmsnarl|0 fnt
|faint|p1a: Grimmsnarl
|
|
|switch|p1a: Ban me #2|Chien-Pao|100/100
|-ability|p1a: Ban me #2|Sword of Ruin
|turn|9
|
|move|p2a: Basculegion|Aqua Jet|p1a: Ban me #2
|-damage|p1a: Ban me #2|40/100
|move|p1a: Ban me #2|Crunch|p2a: Basculegion
|-supereffective|p2a: Basculegion
|-damage|p2a: Basculegion|0 fnt
|faint|p2a: Basculegion
|
|
|switch|p2a: Magearna|Magearna|77/100
|turn|10
|
|switch|p1a: Slowking|Slowking-Galar, M|100/100
|move|p2a: Magearna|Trick Room|p2a: Magearna
|-fieldstart|move: Trick Room|[of] p2a: Magearna
|
|turn|11
|
|move|p1a: Slowking|Flamethrower|p2a: Magearna
|-supereffective|p2a: Magearna
|-damage|p2a: Magearna|48/100
|move|p2a: Magearna|Volt Switch|p1a: Slowking
|-damage|p1a: Slowking|87/100
|
|switch|p2a: Ursaluna|Ursaluna, F|100/100|[from] Volt Switch
|
|-status|p2a: Ursaluna|brn|[from] item: Flame Orb
|turn|12
|
|-terastallize|p2a: Ursaluna|Normal
|move|p1a: Slowking|Future Sight|p2a: Ursaluna
|-start|p1a: Slowking|move: Future Sight
|move|p2a: Ursaluna|Facade|p1a: Slowking
|-damage|p1a: Slowking|0 fnt
|faint|p1a: Slowking
|
|-damage|p2a: Ursaluna|94/100 brn|[from] brn
|
|switch|p1a: Birb|Zapdos, shiny|100/100
|turn|13
|
|move|p2a: Ursaluna|Facade|p1a: Birb
|-damage|p1a: Birb|0 fnt
|faint|p1a: Birb
|
|-damage|p2a: Ursaluna|88/100 brn|[from] brn
|
|switch|p1a: D0nphan|Great Tusk|100/100
|turn|14
|
|move|p2a: Ursaluna|Facade|p1a: D0nphan
|-damage|p1a: D0nphan|0 fnt
|faint|p1a: D0nphan
|-end|p1a: D0nphan|Protosynthesis|[silent]
|
|-end|p2a: Ursaluna|move: Future Sight
|-damage|p2a: Ursaluna|48/100 brn
|-damage|p2a: Ursaluna|42/100 brn|[from] brn
|-fieldend|move: Trick Room
|
|switch|p1a: Ban me #2|Chien-Pao|40/100
|-ability|p1a: Ban me #2|Sword of Ruin
|turn|15
|
|switch|p2a: Magearna|Magearna|48/100
|move|p1a: Ban me #2|Icicle Crash|p2a: Magearna
|-resisted|p2a: Magearna
|-damage|p2a: Magearna|17/100
|
|turn|16
|
|move|p1a: Ban me #2|Icicle Crash|p2a: Magearna
|-resisted|p2a: Magearna
|-damage|p2a: Magearna|0 fnt
|faint|p2a: Magearna
|
|
|switch|p2a: Cresselia|Cresselia, F|100/100
|turn|17
|
|switch|p1a: Ban me|Magearna|100/100
|move|p2a: Cresselia|Trick Room|p2a: Cresselia
|-fieldstart|move: Trick Room|[of] p2a: Cresselia
|
|turn|18
|
|switch|p2a: Glastrier|Glastrier|100/100
|move|p1a: Ban me|Draining Kiss|p2a: Glastrier
|-damage|p2a: Glastrier|84/100
|
|turn|19
|
|move|p2a: Glastrier|Close Combat|p1a: Ban me
|-damage|p1a: Ban me|54/100
|-unboost|p2a: Glastrier|def|1
|-unboost|p2a: Glastrier|spd|1
|move|p1a: Ban me|Calm Mind|p1a: Ban me
|-boost|p1a: Ban me|spa|1
|-boost|p1a: Ban me|spd|1
|
|-heal|p1a: Ban me|61/100|[from] item: Leftovers
|turn|20
|
|move|p2a: Glastrier|Close Combat|p1a: Ban me
|-damage|p1a: Ban me|12/100
|-unboost|p2a: Glastrier|def|1
|-unboost|p2a: Glastrier|spd|1
|move|p1a: Ban me|Draining Kiss|p2a: Glastrier
|-damage|p2a: Glastrier|30/100
|-heal|p1a: Ban me|57/100|[from] drain|[of] p2a: Glastrier
|
|-heal|p1a: Ban me|63/100|[from] item: Leftovers
|turn|21
|
|switch|p2a: Cresselia|Cresselia, F|100/100
|move|p1a: Ban me|Draining Kiss|p2a: Cresselia
|-damage|p2a: Cresselia|82/100
|-heal|p1a: Ban me|79/100|[from] drain|[of] p2a: Cresselia
|
|-heal|p1a: Ban me|85/100|[from] item: Leftovers
|-heal|p2a: Cresselia|88/100|[from] item: Leftovers
|-fieldend|move: Trick Room
|turn|22
|
|move|p1a: Ban me|Calm Mind|p1a: Ban me
|-boost|p1a: Ban me|spa|1
|-boost|p1a: Ban me|spd|1
|move|p2a: Cresselia|Trick Room|p2a: Cresselia
|-fieldstart|move: Trick Room|[of] p2a: Cresselia
|
|-heal|p1a: Ban me|91/100|[from] item: Leftovers
|-heal|p2a: Cresselia|94/100|[from] item: Leftovers
|turn|23
|
|move|p1a: Ban me|Draining Kiss|p2a: Cresselia
|-damage|p2a: Cresselia|69/100
|-heal|p1a: Ban me|100/100|[from] drain|[of] p2a: Cresselia
|move|p2a: Cresselia|Lunar Dance|p2a: Cresselia
|faint|p2a: Cresselia
|-ability|p1a: Ban me|Soul-Heart|boost
|-boost|p1a: Ban me|spa|1
|
|
|switch|p2a: Glastrier|Glastrier|30/100
|-heal|p2a: Glastrier|100/100|[from] move: Lunar Dance
|turn|24
|
|move|p2a: Glastrier|Stomping Tantrum|p1a: Ban me
|-supereffective|p1a: Ban me
|-damage|p1a: Ban me|35/100
|move|p1a: Ban me|Draining Kiss|p2a: Glastrier
|-damage|p2a: Glastrier|62/100
|-heal|p1a: Ban me|67/100|[from] drain|[of] p2a: Glastrier
|
|-heal|p1a: Ban me|73/100|[from] item: Leftovers
|turn|25
|
|move|p2a: Glastrier|Stomping Tantrum|p1a: Ban me
|-supereffective|p1a: Ban me
|-damage|p1a: Ban me|13/100
|move|p1a: Ban me|Stored Power|p2a: Glastrier
|-damage|p2a: Glastrier|0 fnt
|faint|p2a: Glastrier
|-ability|p1a: Ban me|Soul-Heart|boost
|-boost|p1a: Ban me|spa|1
|
|-heal|p1a: Ban me|19/100|[from] item: Leftovers
|
|switch|p2a: Ursaluna|Ursaluna, F, tera:Normal|42/100 brn
|turn|26
|
|move|p2a: Ursaluna|Facade|p1a: Ban me
|-resisted|p1a: Ban me
|-crit|p1a: Ban me
|-damage|p1a: Ban me|0 fnt
|faint|p1a: Ban me
|
|-damage|p2a: Ursaluna|36/100 brn|[from] brn
|-fieldend|move: Trick Room
|
|switch|p1a: Ban me #2|Chien-Pao|40/100
|-ability|p1a: Ban me #2|Sword of Ruin
|turn|27
|-message|nickkelly forfeited.
|
|win|Ban Zamacrowned
