# advantage = p2
|poke|p1|Gholdengo|
|poke|p1|Heatran, M|
|poke|p1|Zamazenta-*|
|poke|p1|Samurott-Hisui, M|
|poke|p1|Kleavor, M|
|poke|p1|Great Tusk|
|poke|p2|Hoopa-Unbound|
|poke|p2|Sneasler, M|
|poke|p2|Landorus-Therian, M|
|poke|p2|Toxapex, F|
|poke|p2|Slowking-Galar, M|
|poke|p2|Gholdengo|
|teampreview
|
|start
|switch|p1a: Great Tusk|Great Tusk|100/100
|switch|p2a: Hoopa|Hoopa-Unbound|100/100
|turn|1
|
|move|p1a: Great Tusk|Headlong Rush|p2a: Hoopa
|-damage|p2a: Hoopa|10/100
|-unboost|p1a: Great Tusk|def|1
|-unboost|p1a: Great Tusk|spd|1
|move|p2a: Hoopa|Energy Ball|p1a: Great Tusk
|-supereffective|p1a: Great Tusk
|-damage|p1a: Great Tusk|0 fnt
|faint|p1a: Great Tusk
|-end|p1a: Great Tusk|Protosynthesis|[silent]
|
|
|switch|p1a: Kleavor|Kleavor, M|100/100
|turn|2
|
|move|p1a: Kleavor|Stone Axe|p2a: Hoopa
|-damage|p2a: Hoopa|0 fnt
|-sidestart|p2: p2|move: Stealth Rock
|faint|p2a: Hoopa
|
|
|switch|p2a: Landorus|Landorus-Therian, M|100/100
|-damage|p2a: Landorus|88/100|[from] Stealth Rock
|-ability|p2a: Landorus|Intimidate|boost
|-unboost|p1a: Kleavor|atk|1
|turn|3
|
|move|p2a: Landorus|Earthquake|p1a: Kleavor
|-damage|p1a: Kleavor|24/100
|move|p1a: Kleavor|U-turn|p2a: Landorus
|-resisted|p2a: Landorus
|-damage|p2a: Landorus|73/100
|
|switch|p1a: Samurott|Samurott-Hisui, M|100/100|[from] U-turn
|
|turn|4
|
|switch|p2a: Toxapex|Toxapex, F|100/100
|-damage|p2a: Toxapex|88/100|[from] Stealth Rock
|move|p1a: Samurott|Ceaseless Edge|p2a: Toxapex
|-damage|p2a: Toxapex|48/100
|-sidestart|p2: p2|Spikes
|
|-heal|p2a: Toxapex|54/100|[from] item: Leftovers
|turn|5
|
|switch|p1a: Heatran|Heatran, M|100/100
|move|p2a: Toxapex|Toxic|p1a: Heatran
|-immune|p1a: Heatran
|
|-heal|p2a: Toxapex|61/100|[from] item: Leftovers
|turn|6
|
|move|p1a: Heatran|Magma Storm|p2a: Toxapex|[miss]
|-miss|p1a: Heatran|p2a: Toxapex
|move|p2a: Toxapex|Surf|p1a: Heatran
|-supereffective|p1a: Heatran
|-damage|p1a: Heatran|61/100
|
|-heal|p1a: Heatran|67/100|[from] item: Leftovers
|-heal|p2a: Toxapex|67/100|[from] item: Leftovers
|turn|7
|
|move|p1a: Heatran|Magma Storm|p2a: Toxapex
|-resisted|p2a: Toxapex
|-damage|p2a: Toxapex|47/100
|-activate|p2a: Toxapex|move: Magma Storm|[of] p1a: Heatran
|move|p2a: Toxapex|Surf|p1a: Heatran
|-supereffective|p1a: Heatran
|-damage|p1a: Heatran|26/100
|
|-heal|p1a: Heatran|32/100|[from] item: Leftovers
|-heal|p2a: Toxapex|53/100|[from] item: Leftovers
|-damage|p2a: Toxapex|40/100|[from] move: Magma Storm|[partiallytrapped]
|turn|8
|
|move|p1a: Heatran|Earth Power|p2a: Toxapex
|-supereffective|p2a: Toxapex
|-damage|p2a: Toxapex|0 fnt
|faint|p2a: Toxapex
|
|-heal|p1a: Heatran|38/100|[from] item: Leftovers
|
|switch|p2a: Landorus|Landorus-Therian, M|73/100
|-damage|p2a: Landorus|61/100|[from] Stealth Rock
|-ability|p2a: Landorus|Intimidate|boost
|-unboost|p1a: Heatran|atk|1
|turn|9
|
|move|p2a: Landorus|Earthquake|p1a: Heatran
|-supereffective|p1a: Heatran
|-damage|p1a: Heatran|0 fnt
|faint|p1a: Heatran
|
|
|switch|p1a: Samurott|Samurott-Hisui, M|100/100
|turn|10
|
|-terastallize|p2a: Landorus|Ground
|move|p2a: Landorus|Earthquake|p1a: Samurott
|-damage|p1a: Samurott|6/100
|move|p1a: Samurott|Aqua Cutter|p2a: Landorus
|-supereffective|p2a: Landorus
|-damage|p2a: Landorus|0 fnt
|faint|p2a: Landorus
|
|
|switch|p2a: Sneasler|Sneasler, M|100/100
|-damage|p2a: Sneasler|95/100|[from] Stealth Rock
|-damage|p2a: Sneasler|82/100|[from] Spikes
|turn|11
|
|switch|p1a: Gholdengo|Gholdengo|100/100
|move|p2a: Sneasler|Dire Claw|p1a: Gholdengo
|-immune|p1a: Gholdengo
|
|turn|12
|
|move|p1a: Gholdengo|Shadow Ball|p2a: Sneasler
|-damage|p2a: Sneasler|19/100
|move|p2a: Sneasler|Swords Dance|p2a: Sneasler
|-boost|p2a: Sneasler|atk|2
|
|turn|13
|
|move|p1a: Gholdengo|Shadow Ball|p2a: Sneasler
|-damage|p2a: Sneasler|0 fnt
|faint|p2a: Sneasler
|
|-message|p2 forfeited.
|
|win|p1
