|poke|p1|Gholdengo|
|poke|p1|Magearna-Original|
|poke|p1|Rotom-Wash|
|poke|p1|Iron Moth|
|poke|p1|Zamazenta-*|
|poke|p1|Ursaluna, M|
|poke|p2|Thundurus-Therian, M|
|poke|p2|Zamazenta-*|
|poke|p2|Volcarona, M|
|poke|p2|Great Tusk|
|poke|p2|Chien-Pao|
|poke|p2|Volcanion|
|teampreview
|
|start
|switch|p1a: Mothra|Iron Moth, shiny|100/100
|switch|p2a: Electrophobia|Thundurus-Therian, M, shiny|100/100
|-enditem|p1a: Mothra|Booster Energy
|-activate|p1a: Mothra|ability: Quark Drive|[fromitem]
|-start|p1a: Mothra|quarkdrivespa
|turn|1
|
|move|p1a: Mothra|Fiery Dance|p2a: Electrophobia
|-damage|p2a: Electrophobia|27/100
|move|p2a: Electrophobia|Nasty Plot|p2a: Electrophobia
|-boost|p2a: Electrophobia|spa|2
|
|turn|2
|
|switch|p2a: Volcanion|Volcanion|100/100
|move|p1a: Mothra|Fiery Dance|p2a: Volcanion
|-resisted|p2a: Volcanion
|-damage|p2a: Volcanion|88/100
|-boost|p1a: Mothra|spa|1
|
|turn|3
|
|move|p1a: Mothra|Sludge Wave|p2a: Volcanion
|-damage|p2a: Volcanion|0 fnt
|faint|p2a: Volcanion
|
|
|switch|p2a: Chien-Pao|Chien-Pao|100/100
|-ability|p2a: Chien-Pao|Sword of Ruin
|turn|4
|
|move|p2a: Chien-Pao|Crunch|p1a: Mothra
|-damage|p1a: Mothra|0 fnt
|faint|p1a: Mothra
|-end|p1a: Mothra|Quark Drive|[silent]
|
|
|switch|p1a: Roscoe|Zamazenta-Crowned|100/100
|-ability|p1a: Roscoe|Dauntless Shield|boost
|-boost|p1a: Roscoe|def|1
|turn|5
|
|switch|p2a: firephobia|Volcarona, M|100/100
|-terastallize|p1a: Roscoe|Fighting
|move|p1a: Roscoe|Iron Defense|p1a: Roscoe
|-boost|p1a: Roscoe|def|2
|
|turn|6
|
|-terastallize|p2a: firephobia|Ground
|move|p1a: Roscoe|Iron Defense|p1a: Roscoe
|-boost|p1a: Roscoe|def|2
|move|p2a: firephobia|Tera Blast|p1a: Roscoe
|-damage|p1a: Roscoe|64/100
|
|turn|7
|
|move|p1a: Roscoe|Body Press|p2a: firephobia
|-damage|p2a: firephobia|0 fnt
|-status|p1a: Roscoe|brn|[from] ability: Flame Body|[of] p2a: firephobia
|faint|p2a: firephobia
|
|-damage|p1a: Roscoe|58/100 brn|[from] brn
|
|switch|p2a: Groundophobia|Great Tusk|100/100
|turn|8
|
|switch|p1a: Gizmo|Rotom-Wash, shiny|100/100
|move|p2a: Groundophobia|Earthquake|p1a: Gizmo
|-immune|p1a: Gizmo|[from] ability: Levitate
|
|turn|9
|
|-end|p2a: Groundophobia|Protosynthesis|[silent]
|switch|p2a: Steelophobia|Zamazenta-Crowned|100/100
|-ability|p2a: Steelophobia|Dauntless Shield|boost
|-boost|p2a: Steelophobia|def|1
|move|p1a: Gizmo|Will-O-Wisp|p2a: Steelophobia
|-status|p2a: Steelophobia|brn
|
|-damage|p2a: Steelophobia|94/100 brn|[from] brn
|turn|10
|
|move|p2a: Steelophobia|Iron Defense|p2a: Steelophobia
|-boost|p2a: Steelophobia|def|2
|move|p1a: Gizmo|Volt Switch|p2a: Steelophobia
|-damage|p2a: Steelophobia|77/100 brn
|
|switch|p1a: Goldie Locks|Gholdengo|100/100|[from] Volt Switch
|-item|p1a: Goldie Locks|Air Balloon
|
|-damage|p2a: Steelophobia|71/100 brn|[from] brn
|turn|11
|
|move|p2a: Steelophobia|Crunch|p1a: Goldie Locks
|-supereffective|p1a: Goldie Locks
|-damage|p1a: Goldie Locks|71/100
|-enditem|p1a: Goldie Locks|Air Balloon
|move|p1a: Goldie Locks|Shadow Ball|p2a: Steelophobia
|-damage|p2a: Steelophobia|41/100 brn
|-unboost|p2a: Steelophobia|spd|1
|
|-damage|p2a: Steelophobia|35/100 brn|[from] brn
|turn|12
|
|move|p2a: Steelophobia|Crunch|p1a: Goldie Locks
|-supereffective|p1a: Goldie Locks
|-damage|p1a: Goldie Locks|45/100
|move|p1a: Goldie Locks|Shadow Ball|p2a: Steelophobia
|-damage|p2a: Steelophobia|0 fnt
|faint|p2a: Steelophobia
|
|
|switch|p2a: Chien-Pao|Chien-Pao|100/100
|-ability|p2a: Chien-Pao|Sword of Ruin
|turn|13
|
|switch|p1a: Roscoe|Zamazenta-Crowned, tera:Fighting|58/100 brn
|move|p2a: Chien-Pao|Crunch|p1a: Roscoe
|-resisted|p1a: Roscoe
|-damage|p1a: Roscoe|29/100 brn
|
|-damage|p1a: Roscoe|23/100 brn|[from] brn
|turn|14
|
|switch|p1a: Gizmo|Rotom-Wash, shiny|100/100
|move|p2a: Chien-Pao|Crunch|p1a: Gizmo
|-damage|p1a: Gizmo|28/100
|
|-heal|p1a: Gizmo|34/100|[from] item: Leftovers
|turn|15
|
|move|p1a: Gizmo|Protect|p1a: Gizmo
|-singleturn|p1a: Gizmo|Protect
|move|p2a: Chien-Pao|Crunch|p1a: Gizmo
|-activate|p1a: Gizmo|move: Protect
|
|-heal|p1a: Gizmo|40/100|[from] item: Leftovers
|turn|16
|
|move|p2a: Chien-Pao|Crunch|p1a: Gizmo
|-damage|p1a: Gizmo|0 fnt
|faint|p1a: Gizmo
|
|
|switch|p1a: Mama Bear|Ursaluna, M, shiny|100/100
|turn|17
|
|move|p2a: Chien-Pao|Crunch|p1a: Mama Bear
|-damage|p1a: Mama Bear|42/100
|move|p1a: Mama Bear|Fire Punch|p2a: Chien-Pao
|-supereffective|p2a: Chien-Pao
|-damage|p2a: Chien-Pao|23/100
|
|-status|p1a: Mama Bear|brn|[from] item: Flame Orb
|turn|18
|
|switch|p1a: Muñeca|Magearna-Original|100/100
|move|p2a: Chien-Pao|Crunch|p1a: Muñeca
|-resisted|p1a: Muñeca
|-damage|p1a: Muñeca|67/100
|
|-heal|p1a: Muñeca|73/100|[from] item: Leftovers
|turn|19
|
|switch|p2a: Groundophobia|Great Tusk|100/100
|move|p1a: Muñeca|Trick Room|p1a: Muñeca
|-fieldstart|move: Trick Room|[of] p1a: Muñeca
|
|-heal|p1a: Muñeca|79/100|[from] item: Leftovers
|turn|20
|
|move|p1a: Muñeca|Fleur Cannon|p2a: Groundophobia
|-supereffective|p2a: Groundophobia
|-damage|p2a: Groundophobia|0 fnt
|-unboost|p1a: Muñeca|spa|2
|faint|p2a: Groundophobia
|-ability|p1a: Muñeca|Soul-Heart|boost
|-boost|p1a: Muñeca|spa|1
|-end|p2a: Groundophobia|Protosynthesis|[silent]
|
|-heal|p1a: Muñeca|85/100|[from] item: Leftovers
|
|switch|p2a: Electrophobia|Thundurus-Therian, M, shiny|27/100
|turn|21
|
|move|p1a: Muñeca|Fleur Cannon|p2a: Electrophobia
|-damage|p2a: Electrophobia|0 fnt
|-unboost|p1a: Muñeca|spa|2
|faint|p2a: Electrophobia
|-ability|p1a: Muñeca|Soul-Heart|boost
|-boost|p1a: Muñeca|spa|1
|
|-heal|p1a: Muñeca|91/100|[from] item: Leftovers
|
|switch|p2a: Chien-Pao|Chien-Pao|23/100
|-ability|p2a: Chien-Pao|Sword of Ruin
|turn|22
|
|move|p1a: Muñeca|Fleur Cannon|p2a: Chien-Pao
|-supereffective|p2a: Chien-Pao
|-damage|p2a: Chien-Pao|0 fnt
|-unboost|p1a: Muñeca|spa|2
|faint|p2a: Chien-Pao
|
|win|p1
