# advantage = p2
|poke|p1|Chien-Pao|
|poke|p1|Garganacl, M|
|poke|p1|Dragapult, F|
|poke|p1|Volcarona, F|
|poke|p1|Corviknight, F|
|poke|p1|Magearna|
|poke|p2|Great Tusk|
|poke|p2|Urshifu-*, M|
|poke|p2|Chien-Pao|
|poke|p2|Magearna|
|poke|p2|Sneasler, F|
|poke|p2|Landorus-Therian, M|
|teampreview
|
|start
|switch|p1a: Dragapult|Dragapult, F|100/100
|switch|p2a: Un-BEAR-able|Urshifu-Rapid-Strike, M|100/100
|turn|1
|
|move|p2a: Un-BEAR-able|U-turn|p1a: Dragapult
|-resisted|p1a: Dragapult
|-damage|p1a: Dragapult|83/100
|
|switch|p2a: Iron Maiden|Magearna|100/100|[from] U-turn
|move|p1a: Dragapult|Draco Meteor|p2a: Iron Maiden
|-immune|p2a: Iron Maiden
|
|turn|2
|
|switch|p1a: Volcarona|Volcarona, F|100/100
|move|p2a: Iron Maiden|Shift Gear|p2a: Iron Maiden
|-boost|p2a: Iron Maiden|spe|2
|-boost|p2a: Iron Maiden|atk|1
|
|turn|3
|
|-terastallize|p2a: Iron Maiden|Water
|move|p2a: Iron Maiden|Calm Mind|p2a: Iron Maiden
|-boost|p2a: Iron Maiden|spa|1
|-boost|p2a: Iron Maiden|spd|1
|move|p1a: Volcarona|Will-O-Wisp|p2a: Iron Maiden|[miss]
|-miss|p1a: Volcarona|p2a: Iron Maiden
|
|turn|4
|
|move|p2a: Iron Maiden|Stored Power|p1a: Volcarona
|-damage|p1a: Volcarona|58/100
|move|p1a: Volcarona|Quiver Dance|p1a: Volcarona
|-boost|p1a: Volcarona|spa|1
|-boost|p1a: Volcarona|spd|1
|-boost|p1a: Volcarona|spe|1
|
|turn|5
|
|move|p1a: Volcarona|Quiver Dance|p1a: Volcarona
|-boost|p1a: Volcarona|spa|1
|-boost|p1a: Volcarona|spd|1
|-boost|p1a: Volcarona|spe|1
|move|p2a: Iron Maiden|Calm Mind|p2a: Iron Maiden
|-boost|p2a: Iron Maiden|spa|1
|-boost|p2a: Iron Maiden|spd|1
|
|turn|6
|
|move|p1a: Volcarona|Quiver Dance|p1a: Volcarona
|-boost|p1a: Volcarona|spa|1
|-boost|p1a: Volcarona|spd|1
|-boost|p1a: Volcarona|spe|1
|move|p2a: Iron Maiden|Shift Gear|p2a: Iron Maiden
|-boost|p2a: Iron Maiden|spe|2
|-boost|p2a: Iron Maiden|atk|1
|
|turn|7
|
|move|p1a: Volcarona|Quiver Dance|p1a: Volcarona
|-boost|p1a: Volcarona|spa|1
|-boost|p1a: Volcarona|spd|1
|-boost|p1a: Volcarona|spe|1
|move|p2a: Iron Maiden|Shift Gear|p2a: Iron Maiden
|-boost|p2a: Iron Maiden|spe|2
|-boost|p2a: Iron Maiden|atk|1
|
|turn|8
|
|move|p1a: Volcarona|Flamethrower|p2a: Iron Maiden
|-resisted|p2a: Iron Maiden
|-damage|p2a: Iron Maiden|75/100
|move|p2a: Iron Maiden|Stored Power|p1a: Volcarona
|-damage|p1a: Volcarona|14/100
|
|-heal|p2a: Iron Maiden|81/100|[from] item: Leftovers
|turn|9
|
|move|p1a: Volcarona|Morning Sun|p1a: Volcarona
|-heal|p1a: Volcarona|64/100
|move|p2a: Iron Maiden|Stored Power|p1a: Volcarona
|-damage|p1a: Volcarona|18/100
|
|-heal|p2a: Iron Maiden|87/100|[from] item: Leftovers
|turn|10
|
|move|p1a: Volcarona|Flamethrower|p2a: Iron Maiden
|-resisted|p2a: Iron Maiden
|-damage|p2a: Iron Maiden|61/100
|move|p2a: Iron Maiden|Stored Power|p1a: Volcarona
|-damage|p1a: Volcarona|0 fnt
|faint|p1a: Volcarona
|-ability|p2a: Iron Maiden|Soul-Heart|boost
|-boost|p2a: Iron Maiden|spa|1
|
|-heal|p2a: Iron Maiden|67/100|[from] item: Leftovers
|
|switch|p1a: Magearna|Magearna|100/100
|turn|11
|
|move|p2a: Iron Maiden|Stored Power|p1a: Magearna
|-resisted|p1a: Magearna
|-damage|p1a: Magearna|11/100
|move|p1a: Magearna|Calm Mind|p1a: Magearna
|-boost|p1a: Magearna|spa|1
|-boost|p1a: Magearna|spd|1
|
|-heal|p2a: Iron Maiden|73/100|[from] item: Leftovers
|-heal|p1a: Magearna|17/100|[from] item: Leftovers
|turn|12
|
|move|p2a: Iron Maiden|Stored Power|p1a: Magearna
|-resisted|p1a: Magearna
|-damage|p1a: Magearna|0 fnt
|faint|p1a: Magearna
|-ability|p2a: Iron Maiden|Soul-Heart|boost
|-boost|p2a: Iron Maiden|spa|1
|
|-heal|p2a: Iron Maiden|79/100|[from] item: Leftovers
|
|switch|p1a: Garganacl|Garganacl, M|100/100
|turn|13
|
|move|p2a: Iron Maiden|Stored Power|p1a: Garganacl
|-damage|p1a: Garganacl|0 fnt
|faint|p1a: Garganacl
|-ability|p2a: Iron Maiden|Soul-Heart|boost
|-boost|p2a: Iron Maiden|spa|1
|
|-heal|p2a: Iron Maiden|85/100|[from] item: Leftovers
|-message|p1 forfeited.
|
|win|p2
