# advantage = p2
|poke|p1|Ursaluna, M|
|poke|p1|Magearna|
|poke|p1|Chien-Pao|
|poke|p1|Sneasler, F|
|poke|p1|Urshifu-*, M|
|poke|p1|Zamazenta-*|
|poke|p2|Samurott-Hisui, M|
|poke|p2|Dragapult, F|
|poke|p2|Sneasler, M|
|poke|p2|Magearna|
|poke|p2|Volcarona, F|
|poke|p2|Zamazenta-*|
|teampreview
|
|start
|switch|p1a: Chien-Pao|Chien-Pao|100/100
|switch|p2a: Samurott|Samurott-Hisui, M|100/100
|-ability|p1a: Chien-Pao|Sword of Ruin
|turn|1
|
|move|p1a: Chien-Pao|Sacred Sword|p2a: Samurott
|-supereffective|p2a: Samurott
|-damage|p2a: Samurott|5/100
|move|p2a: Samurott|Ceaseless Edge|p1a: Chien-Pao
|-resisted|p1a: Chien-Pao
|-damage|p1a: Chien-Pao|65/100
|-sidestart|p1: p1|Spikes
|
|turn|2
|
|switch|p2a: Dragapult|Dragapult, F|100/100
|move|p1a: Chien-Pao|Sacred Sword|p2a: Dragapult
|-immune|p2a: Dragapult
|
|turn|3
|
|move|p1a: Chien-Pao|Ice Shard|p2a: Dragapult
|-supereffective|p2a: Dragapult
|-damage|p2a: Dragapult|36/100
|-start|p1a: Chien-Pao|Disable|Ice Shard|[from] ability: Cursed Body|[of] p2a: Dragapult
|move|p2a: Dragapult|Reflect|p2a: Dragapult
|-sidestart|p2: p2|Reflect
|
|turn|4
|
|move|p2a: Dragapult|Light Screen|p2a: Dragapult
|-sidestart|p2: p2|move: Light Screen
|move|p1a: Chien-Pao|Crunch|p2a: Dragapult
|-supereffective|p2a: Dragapult
|-damage|p2a: Dragapult|0 fnt
|faint|p2a: Dragapult
|
|
|switch|p2a: Magearna|Magearna|100/100
|turn|5
|
|switch|p1a: Urshifu|Urshifu-Rapid-Strike, M|100/100
|-damage|p1a: Urshifu|88/100|[from] Spikes
|move|p2a: Magearna|Iron Defense|p2a: Magearna
|-boost|p2a: Magearna|def|2
|
|turn|6
|
|-terastallize|p1a: Urshifu|Water
|-terastallize|p2a: Magearna|Water
|move|p1a: Urshifu|Surging Strikes|p2a: Magearna
|-resisted|p2a: Magearna
|-crit|p2a: Magearna
|-damage|p2a: Magearna|89/100
|-resisted|p2a: Magearna
|-crit|p2a: Magearna
|-damage|p2a: Magearna|78/100
|-resisted|p2a: Magearna
|-crit|p2a: Magearna
|-damage|p2a: Magearna|66/100
|-hitcount|p2a: Magearna|3
|move|p2a: Magearna|Calm Mind|p2a: Magearna
|-boost|p2a: Magearna|spa|1
|-boost|p2a: Magearna|spd|1
|
|-heal|p2a: Magearna|72/100|[from] item: Leftovers
|turn|7
|
|move|p1a: Urshifu|Taunt|p2a: Magearna
|-start|p2a: Magearna|move: Taunt
|move|p2a: Magearna|Draining Kiss|p1a: Urshifu
|-damage|p1a: Urshifu|40/100
|-heal|p2a: Magearna|100/100|[from] drain|[of] p1a: Urshifu
|
|turn|8
|
|move|p1a: Urshifu|Close Combat|p2a: Magearna
|-damage|p2a: Magearna|89/100
|-unboost|p1a: Urshifu|def|1
|-unboost|p1a: Urshifu|spd|1
|move|p2a: Magearna|Draining Kiss|p1a: Urshifu
|-crit|p1a: Urshifu
|-damage|p1a: Urshifu|0 fnt
|-heal|p2a: Magearna|100/100|[from] drain|[of] p1a: Urshifu
|faint|p1a: Urshifu
|-ability|p2a: Magearna|Soul-Heart|boost
|-boost|p2a: Magearna|spa|1
|
|
|switch|p1a: Magearna|Magearna|100/100
|-damage|p1a: Magearna|88/100|[from] Spikes
|turn|9
|
|move|p1a: Magearna|Calm Mind|p1a: Magearna
|-boost|p1a: Magearna|spa|1
|-boost|p1a: Magearna|spd|1
|move|p2a: Magearna|Stored Power|p1a: Magearna
|-resisted|p1a: Magearna
|-damage|p1a: Magearna|64/100
|
|-end|p2a: Magearna|move: Taunt
|turn|10
|
|move|p2a: Magearna|Calm Mind|p2a: Magearna
|-boost|p2a: Magearna|spa|1
|-boost|p2a: Magearna|spd|1
|move|p1a: Magearna|Calm Mind|p1a: Magearna
|-boost|p1a: Magearna|spa|1
|-boost|p1a: Magearna|spd|1
|
|-sideend|p2: p2|Reflect
|turn|11
|
|move|p1a: Magearna|Shift Gear|p1a: Magearna
|-boost|p1a: Magearna|spe|2
|-boost|p1a: Magearna|atk|1
|move|p2a: Magearna|Calm Mind|p2a: Magearna
|-boost|p2a: Magearna|spa|1
|-boost|p2a: Magearna|spd|1
|
|-sideend|p2: p2|move: Light Screen
|turn|12
|
|move|p1a: Magearna|Calm Mind|p1a: Magearna
|-boost|p1a: Magearna|spa|1
|-boost|p1a: Magearna|spd|1
|move|p2a: Magearna|Stored Power|p1a: Magearna
|-resisted|p1a: Magearna
|-damage|p1a: Magearna|29/100
|
|turn|13
|
|move|p1a: Magearna|Stored Power|p2a: Magearna
|-damage|p2a: Magearna|37/100
|move|p2a: Magearna|Stored Power|p1a: Magearna
|-resisted|p1a: Magearna
|-damage|p1a: Magearna|0 fnt
|faint|p1a: Magearna
|-ability|p2a: Magearna|Soul-Heart|boost
|-boost|p2a: Magearna|spa|1
|
|-heal|p2a: Magearna|43/100|[from] item: Leftovers
|
|switch|p1a: Sneasler|Sneasler, F|100/100
|-damage|p1a: Sneasler|88/100|[from] Spikes
|turn|14
|
|move|p1a: Sneasler|Dire Claw|p2a: Magearna
|-damage|p2a: Magearna|24/100
|move|p2a: Magearna|Draining Kiss|p1a: Sneasler
|-damage|p1a: Sneasler|0 fnt
|-heal|p2a: Magearna|81/100|[from] drain|[of] p1a: Sneasler
|faint|p1a: Sneasler
|-ability|p2a: Magearna|Soul-Heart|boost
|-boost|p2a: Magearna|spa|1
|
|-heal|p2a: Magearna|87/100|[from] item: Leftovers
|-message|p1 forfeited.
|
|win|p2
