|poke|p1|Lilligant-Hisui, F|
|poke|p1|Magearna|
|poke|p1|Volcarona, M|
|poke|p1|Great Tusk|
|poke|p1|Dragapult, F|
|poke|p1|Garganacl, F|
|poke|p2|Sneasler, M|
|poke|p2|Typhlosion-Hisui, F|
|poke|p2|Glimmora, F|
|poke|p2|Volcarona, F|
|poke|p2|Hatterene, F|
|poke|p2|Zapdos|
|teampreview
|
|start
|switch|p1a: Dragapult|Dragapult, F|100/100
|switch|p2a: Glimmora|Glimmora, F|100/100
|turn|1
|
|move|p2a: Glimmora|Dazzling Gleam|p1a: Dragapult
|-supereffective|p1a: Dragapult
|-damage|p1a: Dragapult|39/100
|move|p1a: Dragapult|Shadow Ball|p2a: Glimmora
|-damage|p2a: Glimmora|65/100
|-unboost|p2a: Glimmora|spd|1
|
|turn|2
|
|switch|p1a: Magearna|Magearna|100/100
|move|p2a: Glimmora|Dazzling Gleam|p1a: Magearna
|-resisted|p1a: Magearna
|-damage|p1a: Magearna|87/100
|
|turn|3
|
|switch|p2a: Hatterene|Hatterene, F|100/100
|move|p1a: Magearna|Shift Gear|p1a: Magearna
|-boost|p1a: Magearna|spe|2
|-boost|p1a: Magearna|atk|1
|
|turn|4
|
|move|p1a: Magearna|Calm Mind|p1a: Magearna
|-boost|p1a: Magearna|spa|1
|-boost|p1a: Magearna|spd|1
|move|p2a: Hatterene|Nuzzle|p1a: Magearna
|-damage|p1a: Magearna|83/100
|-status|p1a: Magearna|par
|
|turn|5
|
|switch|p2a: Zapdos|Zapdos|100/100
|cant|p1a: Magearna|par
|
|turn|6
|
|move|p1a: Magearna|Shift Gear|p1a: Magearna
|-boost|p1a: Magearna|spe|2
|-boost|p1a: Magearna|atk|1
|move|p2a: Zapdos|Hurricane|p1a: Magearna
|-resisted|p1a: Magearna
|-damage|p1a: Magearna|66/100 par
|
|turn|7
|
|cant|p1a: Magearna|par
|move|p2a: Zapdos|Hurricane|p1a: Magearna
|-resisted|p1a: Magearna
|-damage|p1a: Magearna|50/100 par
|
|turn|8
|
|move|p1a: Magearna|Fleur Cannon|p2a: Zapdos
|-damage|p2a: Zapdos|0 fnt
|-unboost|p1a: Magearna|spa|2
|faint|p2a: Zapdos
|-ability|p1a: Magearna|Soul-Heart|boost
|-boost|p1a: Magearna|spa|1
|-damage|p1a: Magearna|40/100 par|[from] item: Life Orb
|
|
|switch|p2a: Volcarona|Volcarona, F|100/100
|turn|9
|
|switch|p1a: Garganacl|Garganacl, F|100/100
|move|p2a: Volcarona|Quiver Dance|p2a: Volcarona
|-boost|p2a: Volcarona|spa|1
|-boost|p2a: Volcarona|spd|1
|-boost|p2a: Volcarona|spe|1
|
|turn|10
|
|move|p2a: Volcarona|Quiver Dance|p2a: Volcarona
|-boost|p2a: Volcarona|spa|1
|-boost|p2a: Volcarona|spd|1
|-boost|p2a: Volcarona|spe|1
|move|p1a: Garganacl|Salt Cure|p2a: Volcarona
|-supereffective|p2a: Volcarona
|-damage|p2a: Volcarona|42/100
|-start|p2a: Volcarona|Salt Cure
|
|-damage|p2a: Volcarona|30/100|[from] Salt Cure
|turn|11
|
|-terastallize|p2a: Volcarona|Grass
|move|p1a: Garganacl|Protect|p1a: Garganacl
|-singleturn|p1a: Garganacl|Protect
|move|p2a: Volcarona|Giga Drain|p1a: Garganacl
|-activate|p1a: Garganacl|move: Protect
|
|-damage|p2a: Volcarona|17/100|[from] Salt Cure
|turn|12
|
|switch|p1a: Dragapult|Dragapult, F|39/100
|move|p2a: Volcarona|Giga Drain|p1a: Dragapult
|-resisted|p1a: Dragapult
|-damage|p1a: Dragapult|5/100
|-heal|p2a: Volcarona|35/100|[from] drain|[of] p1a: Dragapult
|
|-damage|p2a: Volcarona|23/100|[from] Salt Cure
|turn|13
|
|move|p2a: Volcarona|Fiery Dance|p1a: Dragapult
|-resisted|p1a: Dragapult
|-damage|p1a: Dragapult|0 fnt
|-boost|p2a: Volcarona|spa|1
|faint|p1a: Dragapult
|
|-damage|p2a: Volcarona|10/100|[from] Salt Cure
|
|switch|p1a: Garganacl|Garganacl, F|100/100
|turn|14
|
|move|p1a: Garganacl|Protect|p1a: Garganacl
|-singleturn|p1a: Garganacl|Protect
|move|p2a: Volcarona|Morning Sun|p2a: Volcarona
|-heal|p2a: Volcarona|60/100
|
|-damage|p2a: Volcarona|48/100|[from] Salt Cure
|turn|15
|
|move|p2a: Volcarona|Giga Drain|p1a: Garganacl
|-supereffective|p1a: Garganacl
|-damage|p1a: Garganacl|0 fnt
|-heal|p2a: Volcarona|95/100|[from] drain|[of] p1a: Garganacl
|faint|p1a: Garganacl
|
|-damage|p2a: Volcarona|82/100|[from] Salt Cure
|
|switch|p1a: Volcarona|Volcarona, M|100/100
|turn|16
|
|move|p2a: Volcarona|Fiery Dance|p1a: Volcarona
|-damage|p1a: Volcarona|11/100
|move|p1a: Volcarona|Fiery Dance|p2a: Volcarona
|-supereffective|p2a: Volcarona
|-damage|p2a: Volcarona|42/100
|
|-damage|p2a: Volcarona|29/100|[from] Salt Cure
|turn|17
|
|move|p2a: Volcarona|Fiery Dance|p1a: Volcarona
|-damage|p1a: Volcarona|0 fnt
|-boost|p2a: Volcarona|spa|1
|faint|p1a: Volcarona
|
|-damage|p2a: Volcarona|17/100|[from] Salt Cure
|
|switch|p1a: Magearna|Magearna|40/100 par
|turn|18
|
|move|p2a: Volcarona|Fiery Dance|p1a: Magearna
|-supereffective|p1a: Magearna
|-damage|p1a: Magearna|0 fnt
|faint|p1a: Magearna
|
|-damage|p2a: Volcarona|5/100|[from] Salt Cure
|
|switch|p1a: Lilligant|Lilligant-Hisui, F, shiny|100/100
|turn|19
|
|move|p2a: Volcarona|Fiery Dance|p1a: Lilligant
|-supereffective|p1a: Lilligant
|-damage|p1a: Lilligant|0 fnt
|faint|p1a: Lilligant
|
|-damage|p2a: Volcarona|0 fnt|[from] Salt Cure
|faint|p2a: Volcarona
|
|switch|p1a: Great Tusk|Great Tusk|100/100
|switch|p2a: Sneasler|Sneasler, M|100/100
|turn|20
|
|-terastallize|p1a: Great Tusk|Steel
|move|p2a: Sneasler|Fake Out|p1a: Great Tusk
|-resisted|p1a: Great Tusk
|-damage|p1a: Great Tusk|96/100
|cant|p1a: Great Tusk|flinch
|
|-heal|p1a: Great Tusk|100/100|[from] item: Leftovers
|turn|21
|
|move|p2a: Sneasler|Close Combat|p1a: Great Tusk
|-supereffective|p1a: Great Tusk
|-damage|p1a: Great Tusk|21/100
|-unboost|p2a: Sneasler|def|1
|-unboost|p2a: Sneasler|spd|1
|move|p1a: Great Tusk|Rapid Spin|p2a: Sneasler
|-damage|p2a: Sneasler|61/100
|-boost|p1a: Great Tusk|spe|1
|
|-heal|p1a: Great Tusk|27/100|[from] item: Leftovers
|turn|22
|
|move|p1a: Great Tusk|Earthquake|p2a: Sneasler
|-supereffective|p2a: Sneasler
|-damage|p2a: Sneasler|0 fnt
|faint|p2a: Sneasler
|
|-heal|p1a: Great Tusk|33/100|[from] item: Leftovers
|
|switch|p2a: Glimmora|Glimmora, F|65/100
|turn|23
|
|move|p1a: Great Tusk|Earthquake|p2a: Glimmora
|-supereffective|p2a: Glimmora
|-damage|p2a: Glimmora|0 fnt
|-activate|p2a: Glimmora|ability: Toxic Debris
|-sidestart|p1: KingBOW|move: Toxic Spikes
|faint|p2a: Glimmora
|
|-heal|p1a: Great Tusk|39/100|[from] item: Leftovers
|
|switch|p2a: Hatterene|Hatterene, F|100/100
|turn|24
|
|move|p1a: Great Tusk|Earthquake|p2a: Hatterene
|-damage|p2a: Hatterene|63/100
|-enditem|p2a: Hatterene|Eject Button
|
|switch|p2a: Typhlosion|Typhlosion-Hisui, F|100/100
|-item|p1a: Great Tusk|Leftovers|[from] ability: Frisk|[of] p2a: Typhlosion|[identify]
|
|-heal|p1a: Great Tusk|46/100|[from] item: Leftovers
|turn|25
|
|move|p1a: Great Tusk|Earthquake|p2a: Typhlosion
|-supereffective|p2a: Typhlosion
|-damage|p2a: Typhlosion|0 fnt
|faint|p2a: Typhlosion
|
|-heal|p1a: Great Tusk|52/100|[from] item: Leftovers
|
|switch|p2a: Hatterene|Hatterene, F|63/100
|turn|26
|
|move|p1a: Great Tusk|Earthquake|p2a: Hatterene
|-damage|p2a: Hatterene|21/100
|move|p2a: Hatterene|Dazzling Gleam|p1a: Great Tusk
|-resisted|p1a: Great Tusk
|-damage|p1a: Great Tusk|25/100
|
|-heal|p1a: Great Tusk|31/100|[from] item: Leftovers
|turn|27
|
|move|p1a: Great Tusk|Earthquake|p2a: Hatterene
|-damage|p2a: Hatterene|0 fnt
|faint|p2a: Hatterene
|
|win|KingBOW
