|poke|p1|Pelipper, F|
|poke|p1|Zapdos|
|poke|p1|Basculegion, M|
|poke|p1|Urshifu-*, F|
|poke|p1|Iron Treads|
|poke|p1|Walking Wake|
|poke|p2|Glimmora, M|
|poke|p2|Gholdengo|
|poke|p2|Chien-Pao|
|poke|p2|Magearna|
|poke|p2|Iron Valiant|
|poke|p2|Ursaluna, M|
|teampreview
|
|start
|switch|p1a: Pelipper|Pelipper, F|100/100
|switch|p2a: Gholdengo|Gholdengo|100/100
|-weather|RainDance|[from] ability: Drizzle|[of] p1a: Pelipper
|turn|1
|
|switch|p1a: Iron Treads|Iron Treads|100/100
|move|p2a: Gholdengo|Shadow Ball|p1a: Iron Treads
|-damage|p1a: Iron Treads|68/100
|-unboost|p1a: Iron Treads|spd|1
|
|-weather|RainDance|[upkeep]
|turn|2
|
|move|p2a: Gholdengo|Shadow Ball|p1a: Iron Treads
|-damage|p1a: Iron Treads|14/100
|move|p1a: Iron Treads|Volt Switch|p2a: Gholdengo
|-damage|p2a: Gholdengo|87/100
|
|-end|p1a: Iron Treads|Quark Drive|[silent]
|switch|p1a: Urshifu|Urshifu-Rapid-Strike, F|100/100|[from] Volt Switch
|
|-weather|RainDance|[upkeep]
|turn|3
|
|move|p2a: Gholdengo|Shadow Ball|p1a: Urshifu
|-damage|p1a: Urshifu|40/100
|move|p1a: Urshifu|Surging Strikes|p2a: Gholdengo
|-crit|p2a: Gholdengo
|-damage|p2a: Gholdengo|46/100
|-crit|p2a: Gholdengo
|-damage|p2a: Gholdengo|7/100
|-crit|p2a: Gholdengo
|-damage|p2a: Gholdengo|0 fnt
|faint|p2a: Gholdengo
|-hitcount|p2: Gholdengo|3
|
|-weather|RainDance|[upkeep]
|
|switch|p2a: Chien-Pao|Chien-Pao|100/100
|-ability|p2a: Chien-Pao|Sword of Ruin
|turn|4
|
|move|p1a: Urshifu|Aqua Jet|p2a: Chien-Pao
|-damage|p2a: Chien-Pao|56/100
|move|p2a: Chien-Pao|Sacred Sword|p1a: Urshifu
|-damage|p1a: Urshifu|3/100
|
|-weather|RainDance|[upkeep]
|turn|5
|
|-terastallize|p1a: Urshifu|Water
|move|p2a: Chien-Pao|Sucker Punch|p1a: Urshifu
|-damage|p1a: Urshifu|0 fnt
|faint|p1a: Urshifu
|
|-weather|RainDance|[upkeep]
|
|switch|p1a: Basculegion|Basculegion, M|100/100
|turn|6
|
|move|p1a: Basculegion|Aqua Jet|p2a: Chien-Pao
|-damage|p2a: Chien-Pao|0 fnt
|faint|p2a: Chien-Pao
|
|-weather|RainDance|[upkeep]
|
|switch|p2a: Glimmora|Glimmora, M|100/100
|turn|7
|
|move|p1a: Basculegion|Aqua Jet|p2a: Glimmora
|-supereffective|p2a: Glimmora
|-enditem|p2a: Glimmora|Focus Sash
|-damage|p2a: Glimmora|1/100
|-activate|p2a: Glimmora|ability: Toxic Debris
|-sidestart|p1: p1|move: Toxic Spikes
|move|p2a: Glimmora|Energy Ball|p1a: Basculegion
|-supereffective|p1a: Basculegion
|-damage|p1a: Basculegion|23/100
|
|-weather|RainDance|[upkeep]
|turn|8
|
|switch|p2a: Ursaluna|Ursaluna, M|100/100
|move|p1a: Basculegion|Aqua Jet|p2a: Ursaluna
|-supereffective|p2a: Ursaluna
|-damage|p2a: Ursaluna|32/100
|
|-weather|none
|-status|p2a: Ursaluna|brn|[from] item: Flame Orb
|turn|9
|
|switch|p1a: Pelipper|Pelipper, F|100/100
|-weather|RainDance|[from] ability: Drizzle|[of] p1a: Pelipper
|move|p2a: Ursaluna|Fire Punch|p1a: Pelipper
|-resisted|p1a: Pelipper
|-damage|p1a: Pelipper|92/100
|
|-weather|RainDance|[upkeep]
|-damage|p2a: Ursaluna|25/100 brn|[from] brn
|turn|10
|
|move|p2a: Ursaluna|Facade|p1a: Pelipper
|-damage|p1a: Pelipper|0 fnt
|faint|p1a: Pelipper
|
|-weather|RainDance|[upkeep]
|-damage|p2a: Ursaluna|19/100 brn|[from] brn
|
|switch|p1a: Walking Wake|Walking Wake|100/100
|-status|p1a: Walking Wake|psn
|turn|11
|
|switch|p2a: Glimmora|Glimmora, M|1/100
|move|p1a: Walking Wake|Draco Meteor|p2a: Glimmora
|-damage|p2a: Glimmora|0 fnt
|-unboost|p1a: Walking Wake|spa|2
|faint|p2a: Glimmora
|
|-weather|RainDance|[upkeep]
|-damage|p1a: Walking Wake|88/100 psn|[from] psn
|
|switch|p2a: Magearna|Magearna|100/100
|turn|12
|
|-end|p1a: Walking Wake|Protosynthesis|[silent]
|switch|p1a: Zapdos|Zapdos|100/100
|move|p2a: Magearna|Shift Gear|p2a: Magearna
|-boost|p2a: Magearna|spe|2
|-boost|p2a: Magearna|atk|1
|
|-weather|RainDance|[upkeep]
|turn|13
|
|move|p2a: Magearna|Calm Mind|p2a: Magearna
|-boost|p2a: Magearna|spa|1
|-boost|p2a: Magearna|spd|1
|move|p1a: Zapdos|Thunder|p2a: Magearna
|-damage|p2a: Magearna|50/100
|
|-weather|RainDance|[upkeep]
|-heal|p2a: Magearna|56/100|[from] item: Leftovers
|turn|14
|
|move|p2a: Magearna|Stored Power|p1a: Zapdos
|-damage|p1a: Zapdos|45/100
|move|p1a: Zapdos|Thunder|p2a: Magearna
|-damage|p2a: Magearna|7/100
|
|-weather|RainDance|[upkeep]
|-heal|p2a: Magearna|13/100|[from] item: Leftovers
|turn|15
|
|move|p2a: Magearna|Stored Power|p1a: Zapdos
|-damage|p1a: Zapdos|0 fnt
|faint|p1a: Zapdos
|-ability|p2a: Magearna|Soul-Heart|boost
|-boost|p2a: Magearna|spa|1
|
|-weather|RainDance|[upkeep]
|-heal|p2a: Magearna|19/100|[from] item: Leftovers
|
|switch|p1a: Basculegion|Basculegion, M|23/100
|-status|p1a: Basculegion|psn
|turn|16
|
|switch|p2a: Ursaluna|Ursaluna, M|19/100 brn
|move|p1a: Basculegion|Aqua Jet|p2a: Ursaluna
|-supereffective|p2a: Ursaluna
|-damage|p2a: Ursaluna|0 fnt
|faint|p2a: Ursaluna
|
|-weather|none
|-damage|p1a: Basculegion|11/100 psn|[from] psn
|
|switch|p2a: Iron Valiant|Iron Valiant|100/100
|-enditem|p2a: Iron Valiant|Booster Energy
|-activate|p2a: Iron Valiant|ability: Quark Drive|[fromitem]
|-start|p2a: Iron Valiant|quarkdrivespe
|turn|17
|
|move|p1a: Basculegion|Aqua Jet|p2a: Iron Valiant
|-damage|p2a: Iron Valiant|60/100
|move|p2a: Iron Valiant|Moonblast|p1a: Basculegion
|-damage|p1a: Basculegion|0 fnt
|faint|p1a: Basculegion
|
|
|switch|p1a: Walking Wake|Walking Wake|88/100 psn
|turn|18
|-message|p1 forfeited.
|
|win|p2
