|poke|p1|Rotom-Wash|
|poke|p1|Magearna|
|poke|p1|Ursaluna, M|
|poke|p1|Skeledirge, F|
|poke|p1|Zamazenta-*|
|poke|p1|Forretress, F|
|poke|p2|Arcanine-Hisui, M|
|poke|p2|Clodsire, M|
|poke|p2|Basculegion, M|
|poke|p2|Corviknight, M|
|poke|p2|Goodra-Hisui, F|
|poke|p2|Meowscarada, F|
|teampreview
|
|start
|switch|p1a: Rotom|Rotom-Wash, shiny|100/100
|switch|p2a: Meowscarada|Meowscarada, F|100/100
|turn|1
|
|switch|p1a: Forretress|Forretress, F|100/100
|move|p2a: Meowscarada|U-turn|p1a: Forretress
|-start|p2a: Meowscarada|typechange|Bug|[from] ability: Protean
|-resisted|p1a: Forretress
|-damage|p1a: Forretress|87/100
|
|switch|p2a: Arcanine|Arcanine-Hisui, M|100/100|[from] U-turn
|
|-heal|p1a: Forretress|93/100|[from] item: Leftovers
|turn|2
|
|switch|p1a: Skeledirge|Skeledirge, F|100/100
|move|p2a: Arcanine|Flare Blitz|p1a: Skeledirge
|-resisted|p1a: Skeledirge
|-damage|p1a: Skeledirge|81/100
|
|turn|3
|
|move|p2a: Arcanine|Head Smash|p1a: Skeledirge
|-supereffective|p1a: Skeledirge
|-damage|p1a: Skeledirge|0 fnt
|faint|p1a: Skeledirge
|
|
|switch|p1a: Zamazenta|Zamazenta|100/100
|-ability|p1a: Zamazenta|Dauntless Shield|boost
|-boost|p1a: Zamazenta|def|1
|turn|4
|
|switch|p2a: Clodsire|Clodsire, M|100/100
|move|p1a: Zamazenta|Body Press|p2a: Clodsire
|-resisted|p2a: Clodsire
|-damage|p2a: Clodsire|78/100
|
|-heal|p2a: Clodsire|84/100|[from] item: Black Sludge
|turn|5
|
|switch|p1a: Magearna|Magearna|100/100
|move|p2a: Clodsire|Stealth Rock|p1a: Magearna
|-sidestart|p1: Williebandz|move: Stealth Rock
|
|-heal|p2a: Clodsire|90/100|[from] item: Black Sludge
|turn|6
|
|switch|p2a: Goodra|Goodra-Hisui, F|100/100
|move|p1a: Magearna|Flash Cannon|p2a: Goodra
|-resisted|p2a: Goodra
|-damage|p2a: Goodra|88/100
|
|-heal|p2a: Goodra|94/100|[from] item: Leftovers
|turn|7
|
|move|p2a: Goodra|Acid Armor|p2a: Goodra
|-boost|p2a: Goodra|def|2
|move|p1a: Magearna|Trick Room|p1a: Magearna
|-fieldstart|move: Trick Room|[of] p1a: Magearna
|
|-heal|p2a: Goodra|99/100|[from] item: Leftovers
|turn|8
|
|move|p1a: Magearna|Fleur Cannon|p2a: Goodra
|-damage|p2a: Goodra|65/100
|-unboost|p1a: Magearna|spa|2
|move|p2a: Goodra|Heavy Slam|p1a: Magearna
|-damage|p1a: Magearna|73/100
|
|-heal|p1a: Magearna|79/100|[from] item: Leftovers
|-heal|p2a: Goodra|71/100|[from] item: Leftovers
|turn|9
|
|move|p1a: Magearna|Volt Switch|p2a: Goodra
|-resisted|p2a: Goodra
|-damage|p2a: Goodra|67/100
|
|switch|p1a: Ursaluna|Ursaluna, M, shiny|100/100|[from] Volt Switch
|-damage|p1a: Ursaluna|94/100|[from] Stealth Rock
|move|p2a: Goodra|Heavy Slam|p1a: Ursaluna
|-damage|p1a: Ursaluna|84/100
|
|-heal|p2a: Goodra|73/100|[from] item: Leftovers
|-status|p1a: Ursaluna|brn|[from] item: Flame Orb
|turn|10
|
|move|p1a: Ursaluna|Headlong Rush|p2a: Goodra
|-supereffective|p2a: Goodra
|-damage|p2a: Goodra|11/100
|-unboost|p1a: Ursaluna|def|1
|-unboost|p1a: Ursaluna|spd|1
|move|p2a: Goodra|Dragon Tail|p1a: Ursaluna
|-damage|p1a: Ursaluna|60/100 brn
|drag|p1a: Zamazenta|Zamazenta|100/100
|-damage|p1a: Zamazenta|94/100|[from] Stealth Rock
|
|-heal|p2a: Goodra|17/100|[from] item: Leftovers
|-heal|p1a: Zamazenta|100/100|[from] item: Leftovers
|turn|11
|
|move|p2a: Goodra|Rest|p2a: Goodra
|-status|p2a: Goodra|slp|[from] move: Rest
|-heal|p2a: Goodra|100/100 slp|[silent]
|move|p1a: Zamazenta|Body Press|p2a: Goodra
|-supereffective|p2a: Goodra
|-damage|p2a: Goodra|72/100 slp
|
|-heal|p2a: Goodra|78/100 slp|[from] item: Leftovers
|-fieldend|move: Trick Room
|turn|12
|
|move|p1a: Zamazenta|Iron Defense|p1a: Zamazenta
|-boost|p1a: Zamazenta|def|2
|cant|p2a: Goodra|slp
|
|-heal|p2a: Goodra|84/100 slp|[from] item: Leftovers
|turn|13
|
|move|p1a: Zamazenta|Body Press|p2a: Goodra
|-supereffective|p2a: Goodra
|-damage|p2a: Goodra|31/100 slp
|cant|p2a: Goodra|slp
|
|-heal|p2a: Goodra|37/100 slp|[from] item: Leftovers
|turn|14
|
|switch|p2a: Basculegion|Basculegion, M|100/100
|move|p1a: Zamazenta|Body Press|p2a: Basculegion
|-immune|p2a: Basculegion
|
|turn|15
|
|move|p1a: Zamazenta|Iron Defense|p1a: Zamazenta
|-boost|p1a: Zamazenta|def|2
|move|p2a: Basculegion|Phantom Force||[still]
|-prepare|p2a: Basculegion|Phantom Force
|
|turn|16
|
|move|p1a: Zamazenta|Iron Defense|p1a: Zamazenta
|-boost|p1a: Zamazenta|def|2
|move|p2a: Basculegion|Phantom Force|p1a: Zamazenta|[from]lockedmove
|-damage|p1a: Zamazenta|91/100
|
|-heal|p1a: Zamazenta|97/100|[from] item: Leftovers
|turn|17
|
|-terastallize|p1a: Zamazenta|Steel
|move|p1a: Zamazenta|Tera Blast|p2a: Basculegion
|-resisted|p2a: Basculegion
|-damage|p2a: Basculegion|82/100
|move|p2a: Basculegion|Phantom Force||[still]
|-prepare|p2a: Basculegion|Phantom Force
|
|-heal|p1a: Zamazenta|100/100|[from] item: Leftovers
|-heal|p2a: Basculegion|88/100|[from] item: Leftovers
|turn|18
|
|switch|p1a: Magearna|Magearna|79/100
|-damage|p1a: Magearna|73/100|[from] Stealth Rock
|move|p2a: Basculegion|Phantom Force|p1a: Magearna|[from]lockedmove
|-damage|p1a: Magearna|24/100
|
|-heal|p2a: Basculegion|94/100|[from] item: Leftovers
|-heal|p1a: Magearna|30/100|[from] item: Leftovers
|turn|19
|
|move|p2a: Basculegion|Wave Crash|p1a: Magearna
|-damage|p1a: Magearna|0 fnt
|faint|p1a: Magearna
|-damage|p2a: Basculegion|87/100|[from] Recoil
|
|-heal|p2a: Basculegion|93/100|[from] item: Leftovers
|-message|Williebandz forfeited.
|
|win|Charizard6903
|l|☆Williebandz
|j|☆Williebandz
|player|p1|Williebandz|sage
|l|☆Williebandz
|player|p1|
