|poke|p1|Dragapult, M|
|poke|p1|Baxcalibur, F|
|poke|p1|Mimikyu, M|
|poke|p1|Volcarona, F|
|poke|p1|Azumarill, M|
|poke|p1|Great Tusk|
|poke|p2|Landorus-Therian, M|
|poke|p2|Dragapult, M|
|poke|p2|Chien-Pao|
|poke|p2|Baxcalibur, M|
|poke|p2|Urshifu-*, M|
|poke|p2|Volcarona, M|
|teampreview
|
|start
|switch|p1a: Mimikyu|Mimikyu, M|100/100
|switch|p2a: Urshifu|Urshifu-Rapid-Strike, M|100/100
|turn|1
|
|switch|p2a: Volcarona|Volcarona, M, shiny|100/100
|move|p1a: Mimikyu|Swords Dance|p1a: Mimikyu
|-boost|p1a: Mimikyu|atk|2
|
|turn|2
|
|move|p1a: Mimikyu|Play Rough|p2a: Volcarona
|-resisted|p2a: Volcarona
|-damage|p2a: Volcarona|31/100
|-damage|p1a: Mimikyu|91/100|[from] item: Life Orb
|move|p2a: Volcarona|Quiver Dance|p2a: Volcarona
|-boost|p2a: Volcarona|spa|1
|-boost|p2a: Volcarona|spd|1
|-boost|p2a: Volcarona|spe|1
|
|-heal|p2a: Volcarona|37/100|[from] item: Leftovers
|turn|3
|
|move|p1a: Mimikyu|Shadow Sneak|p2a: Volcarona
|-damage|p2a: Volcarona|0 fnt
|-status|p1a: Mimikyu|brn|[from] ability: Flame Body|[of] p2a: Volcarona
|faint|p2a: Volcarona
|-damage|p1a: Mimikyu|81/100 brn|[from] item: Life Orb
|
|-damage|p1a: Mimikyu|75/100 brn|[from] brn
|
|switch|p2a: Chien-Pao|Chien-Pao|100/100
|-ability|p2a: Chien-Pao|Sword of Ruin
|turn|4
|
|move|p2a: Chien-Pao|Swords Dance|p2a: Chien-Pao
|-boost|p2a: Chien-Pao|atk|2
|move|p1a: Mimikyu|Play Rough|p2a: Chien-Pao|[miss]
|-miss|p1a: Mimikyu|p2a: Chien-Pao
|
|-damage|p1a: Mimikyu|69/100 brn|[from] brn
|turn|5
|
|move|p2a: Chien-Pao|Swords Dance|p2a: Chien-Pao
|-boost|p2a: Chien-Pao|atk|2
|move|p1a: Mimikyu|Play Rough|p2a: Chien-Pao
|-supereffective|p2a: Chien-Pao
|-enditem|p2a: Chien-Pao|Focus Sash
|-damage|p2a: Chien-Pao|1/100
|-damage|p1a: Mimikyu|59/100 brn|[from] item: Life Orb
|
|-damage|p1a: Mimikyu|53/100 brn|[from] brn
|turn|6
|
|move|p1a: Mimikyu|Shadow Sneak|p2a: Chien-Pao
|-resisted|p2a: Chien-Pao
|-crit|p2a: Chien-Pao
|-damage|p2a: Chien-Pao|0 fnt
|faint|p2a: Chien-Pao
|-damage|p1a: Mimikyu|43/100 brn|[from] item: Life Orb
|
|-damage|p1a: Mimikyu|37/100 brn|[from] brn
|
|switch|p2a: Dragapult|Dragapult, M|100/100
|turn|7
|
|move|p2a: Dragapult|Phantom Force||[still]
|-prepare|p2a: Dragapult|Phantom Force
|move|p1a: Mimikyu|Play Rough|p2a: Dragapult|[miss]
|-miss|p1a: Mimikyu|p2a: Dragapult
|
|-damage|p1a: Mimikyu|31/100 brn|[from] brn
|turn|8
|
|move|p2a: Dragapult|Phantom Force|p1a: Mimikyu|[from]lockedmove
|-activate|p1a: Mimikyu|ability: Disguise
|-damage|p1a: Mimikyu|31/100 brn
|detailschange|p1a: Mimikyu|Mimikyu-Busted, M
|-damage|p1a: Mimikyu|18/100 brn|[from] pokemon: Mimikyu-Busted
|move|p1a: Mimikyu|Play Rough|p2a: Dragapult
|-supereffective|p2a: Dragapult
|-damage|p2a: Dragapult|0 fnt
|faint|p2a: Dragapult
|-damage|p1a: Mimikyu|8/100 brn|[from] item: Life Orb
|
|-damage|p1a: Mimikyu|2/100 brn|[from] brn
|
|switch|p2a: Landorus|Landorus-Therian, M|100/100
|-ability|p2a: Landorus|Intimidate|boost
|-unboost|p1a: Mimikyu|atk|1
|turn|9
|
|move|p1a: Mimikyu|Leech Life|p2a: Landorus
|-resisted|p2a: Landorus
|-damage|p2a: Landorus|92/100
|-heal|p1a: Mimikyu|9/100 brn|[from] drain|[of] p2a: Landorus
|-damage|p1a: Mimikyu|0 fnt|[from] item: Life Orb
|faint|p1a: Mimikyu
|move|p2a: Landorus|Stealth Rock|p1: Mimikyu
|-sidestart|p1: egocrucifix|move: Stealth Rock
|
|-heal|p2a: Landorus|98/100|[from] item: Leftovers
|
|switch|p1a: Volcarona|Volcarona, F|100/100
|turn|10
|
|-terastallize|p1a: Volcarona|Grass
|move|p1a: Volcarona|Giga Drain|p2a: Landorus
|-damage|p2a: Landorus|61/100
|move|p2a: Landorus|Earthquake|p1a: Volcarona
|-resisted|p1a: Volcarona
|-damage|p1a: Volcarona|76/100
|
|-heal|p2a: Landorus|67/100|[from] item: Leftovers
|turn|11
|
|move|p1a: Volcarona|Giga Drain|p2a: Landorus
|-damage|p2a: Landorus|31/100
|-heal|p1a: Volcarona|95/100|[from] drain|[of] p2a: Landorus
|move|p2a: Landorus|U-turn|p1a: Volcarona
|-supereffective|p1a: Volcarona
|-damage|p1a: Volcarona|47/100
|-status|p2a: Landorus|brn|[from] ability: Flame Body|[of] p1a: Volcarona
|
|switch|p2a: Baxcalibur|Baxcalibur, M|100/100|[from] U-turn
|
|turn|12
|
|move|p1a: Volcarona|Fiery Dance|p2a: Baxcalibur
|-damage|p2a: Baxcalibur|62/100
|-boost|p1a: Volcarona|spa|1
|-ability|p2a: Baxcalibur|Thermal Exchange|boost
|-boost|p2a: Baxcalibur|atk|1
|move|p2a: Baxcalibur|Icicle Crash|p1a: Volcarona
|-supereffective|p1a: Volcarona
|-damage|p1a: Volcarona|0 fnt
|faint|p1a: Volcarona
|
|-heal|p2a: Baxcalibur|69/100|[from] item: Leftovers
|
|switch|p1a: Dragapult|Dragapult, M|100/100
|turn|13
|
|move|p1a: Dragapult|Flamethrower|p2a: Baxcalibur
|-damage|p2a: Baxcalibur|41/100
|-ability|p2a: Baxcalibur|Thermal Exchange|boost
|-boost|p2a: Baxcalibur|atk|1
|move|p2a: Baxcalibur|Icicle Crash|p1a: Dragapult
|-supereffective|p1a: Dragapult
|-damage|p1a: Dragapult|0 fnt
|faint|p1a: Dragapult
|
|-heal|p2a: Baxcalibur|47/100|[from] item: Leftovers
|
|switch|p1a: Baxcalibur|Baxcalibur, F|100/100
|-damage|p1a: Baxcalibur|76/100|[from] Stealth Rock
|turn|14
|
|move|p1a: Baxcalibur|Icicle Spear|p2a: Baxcalibur
|-damage|p2a: Baxcalibur|33/100
|-damage|p2a: Baxcalibur|19/100
|-damage|p2a: Baxcalibur|3/100
|-damage|p2a: Baxcalibur|0 fnt
|faint|p2a: Baxcalibur
|-hitcount|p2: Baxcalibur|4
|
|
|switch|p2a: Urshifu|Urshifu-Rapid-Strike, M|100/100
|turn|15
|
|move|p2a: Urshifu|Close Combat|p1a: Baxcalibur
|-supereffective|p1a: Baxcalibur
|-damage|p1a: Baxcalibur|0 fnt
|-unboost|p2a: Urshifu|def|1
|-unboost|p2a: Urshifu|spd|1
|faint|p1a: Baxcalibur
|-damage|p2a: Urshifu|91/100|[from] item: Life Orb
|
|
|switch|p1a: Great Tusk|Great Tusk|100/100
|-damage|p1a: Great Tusk|98/100|[from] Stealth Rock
|turn|16
|
|switch|p2a: Landorus|Landorus-Therian, M|31/100 brn
|-ability|p2a: Landorus|Intimidate|boost
|-unboost|p1a: Great Tusk|atk|1
|move|p1a: Great Tusk|Earthquake|p2a: Landorus
|-immune|p2a: Landorus
|
|-heal|p2a: Landorus|37/100 brn|[from] item: Leftovers
|-heal|p1a: Great Tusk|100/100|[from] item: Leftovers
|-damage|p2a: Landorus|31/100 brn|[from] brn
|turn|17
|
|move|p2a: Landorus|Taunt|p1a: Great Tusk
|-start|p1a: Great Tusk|move: Taunt
|move|p1a: Great Tusk|Knock Off|p2a: Landorus
|-damage|p2a: Landorus|16/100 brn
|-enditem|p2a: Landorus|Leftovers|[from] move: Knock Off|[of] p1a: Great Tusk
|
|-damage|p2a: Landorus|10/100 brn|[from] brn
|turn|18
|
|move|p2a: Landorus|Earthquake|p1a: Great Tusk
|-damage|p1a: Great Tusk|90/100
|move|p1a: Great Tusk|Knock Off|p2a: Landorus
|-damage|p2a: Landorus|0 fnt
|faint|p2a: Landorus
|
|-heal|p1a: Great Tusk|96/100|[from] item: Leftovers
|
|switch|p2a: Urshifu|Urshifu-Rapid-Strike, M|91/100
|turn|19
|
|-terastallize|p2a: Urshifu|Water
|move|p2a: Urshifu|Aqua Jet|p1a: Great Tusk
|-supereffective|p1a: Great Tusk
|-damage|p1a: Great Tusk|62/100
|-damage|p2a: Urshifu|81/100|[from] item: Life Orb
|move|p1a: Great Tusk|Earthquake|p2a: Urshifu
|-damage|p2a: Urshifu|51/100
|
|-heal|p1a: Great Tusk|68/100|[from] item: Leftovers
|-end|p1a: Great Tusk|move: Taunt
|turn|20
|
|move|p2a: Urshifu|Surging Strikes|p1a: Great Tusk
|-supereffective|p1a: Great Tusk
|-crit|p1a: Great Tusk
|-damage|p1a: Great Tusk|34/100
|-supereffective|p1a: Great Tusk
|-crit|p1a: Great Tusk
|-damage|p1a: Great Tusk|3/100
|-supereffective|p1a: Great Tusk
|-crit|p1a: Great Tusk
|-damage|p1a: Great Tusk|0 fnt
|faint|p1a: Great Tusk
|-end|p1a: Great Tusk|Protosynthesis|[silent]
|-hitcount|p1: Great Tusk|3
|-damage|p2a: Urshifu|41/100|[from] item: Life Orb
|
|
|switch|p1a: Azumarill|Azumarill, M|100/100
|-damage|p1a: Azumarill|88/100|[from] Stealth Rock
|turn|21
|
|move|p2a: Urshifu|Surging Strikes|p1a: Azumarill
|-resisted|p1a: Azumarill
|-crit|p1a: Azumarill
|-damage|p1a: Azumarill|69/100
|-resisted|p1a: Azumarill
|-crit|p1a: Azumarill
|-damage|p1a: Azumarill|52/100
|-resisted|p1a: Azumarill
|-crit|p1a: Azumarill
|-damage|p1a: Azumarill|34/100
|-hitcount|p1a: Azumarill|3
|-damage|p2a: Urshifu|31/100|[from] item: Life Orb
|move|p1a: Azumarill|Play Rough|p2a: Urshifu
|-damage|p2a: Urshifu|0 fnt
|faint|p2a: Urshifu
|
|win|egocrucifix
