# advantage = p2
|poke|p1|Amoonguss, F|
|poke|p1|Roaring Moon|
|poke|p1|Torkoal, M|
|poke|p1|Gholdengo|
|poke|p1|Corviknight, F|
|poke|p1|Iron Valiant|
|poke|p2|Enamorus, F|
|poke|p2|Kleavor, F|
|poke|p2|Ursaluna, F|
|poke|p2|Typhlosion-Hisui, M|
|poke|p2|Lilligant-Hisui, F|
|poke|p2|Arcanine-Hisui, F|
|teampreview
|
|start
|switch|p1a: Torkoal|Torkoal, M|100/100
|switch|p2a: Kleavor|Kleavor, F|100/100
|-weather|SunnyDay|[from] ability: Drought|[of] p1a: Torkoal
|turn|1
|
|move|p2a: Kleavor|Stone Axe|p1a: Torkoal
|-supereffective|p1a: Torkoal
|-damage|p1a: Torkoal|39/100
|-sidestart|p1: p1|move: Stealth Rock
|move|p1a: Torkoal|Stealth Rock|p2a: Kleavor
|-sidestart|p2: p2|move: Stealth Rock
|
|-weather|SunnyDay|[upkeep]
|-heal|p1a: Torkoal|46/100|[from] item: Leftovers
|turn|2
|
|-terastallize|p1a: Torkoal|Fighting
|move|p2a: Kleavor|Stone Axe|p1a: Torkoal
|-resisted|p1a: Torkoal
|-damage|p1a: Torkoal|32/100
|move|p1a: Torkoal|Body Press|p2a: Kleavor
|-damage|p2a: Kleavor|39/100
|
|-weather|SunnyDay|[upkeep]
|-heal|p1a: Torkoal|38/100|[from] item: Leftovers
|turn|3
|
|move|p2a: Kleavor|Acrobatics|p1a: Torkoal
|-supereffective|p1a: Torkoal
|-damage|p1a: Torkoal|16/100
|move|p1a: Torkoal|Lava Plume|p2a: Kleavor
|-damage|p2a: Kleavor|0 fnt
|faint|p2a: Kleavor
|
|-weather|SunnyDay|[upkeep]
|-heal|p1a: Torkoal|23/100|[from] item: Leftovers
|
|switch|p2a: Lilligant|Lilligant-Hisui, F|100/100
|-damage|p2a: Lilligant|94/100|[from] Stealth Rock
|turn|4
|
|move|p2a: Lilligant|Encore|p1a: Torkoal
|-start|p1a: Torkoal|Encore
|move|p1a: Torkoal|Lava Plume|p2a: Lilligant
|-supereffective|p2a: Lilligant
|-damage|p2a: Lilligant|0 fnt
|faint|p2a: Lilligant
|
|-weather|SunnyDay|[upkeep]
|-heal|p1a: Torkoal|29/100|[from] item: Leftovers
|
|switch|p2a: Arcanine|Arcanine-Hisui, F|100/100
|-damage|p2a: Arcanine|76/100|[from] Stealth Rock
|turn|5
|
|move|p2a: Arcanine|Flare Blitz|p1a: Torkoal
|-damage|p1a: Torkoal|0 fnt
|faint|p1a: Torkoal
|-damage|p2a: Arcanine|66/100|[from] Recoil
|
|-weather|none
|
|switch|p1a: Roaring Moon|Roaring Moon|100/100
|-damage|p1a: Roaring Moon|88/100|[from] Stealth Rock
|turn|6
|
|move|p2a: Arcanine|Extreme Speed|p1a: Roaring Moon
|-damage|p1a: Roaring Moon|57/100
|move|p1a: Roaring Moon|Dragon Dance|p1a: Roaring Moon
|-boost|p1a: Roaring Moon|atk|1
|-boost|p1a: Roaring Moon|spe|1
|
|turn|7
|
|move|p2a: Arcanine|Extreme Speed|p1a: Roaring Moon
|-damage|p1a: Roaring Moon|22/100
|move|p1a: Roaring Moon|Earthquake|p2a: Arcanine
|-supereffective|p2a: Arcanine
|-damage|p2a: Arcanine|0 fnt
|faint|p2a: Arcanine
|-damage|p1a: Roaring Moon|12/100|[from] item: Life Orb
|
|
|switch|p2a: Enamorus|Enamorus, F|100/100
|-damage|p2a: Enamorus|76/100|[from] Stealth Rock
|turn|8
|
|move|p1a: Roaring Moon|Iron Head|p2a: Enamorus
|-supereffective|p2a: Enamorus
|-damage|p2a: Enamorus|0 fnt
|faint|p2a: Enamorus
|-damage|p1a: Roaring Moon|2/100|[from] item: Life Orb
|
|
|switch|p2a: Ursaluna|Ursaluna, F|100/100
|-damage|p2a: Ursaluna|94/100|[from] Stealth Rock
|turn|9
|
|move|p1a: Roaring Moon|Earthquake|p2a: Ursaluna
|-damage|p2a: Ursaluna|43/100
|-damage|p1a: Roaring Moon|0 fnt|[from] item: Life Orb
|faint|p1a: Roaring Moon
|-end|p1a: Roaring Moon|Protosynthesis|[silent]
|move|p2a: Ursaluna|Substitute|p2a: Ursaluna
|-start|p2a: Ursaluna|Substitute
|-damage|p2a: Ursaluna|18/100
|
|-status|p2a: Ursaluna|brn|[from] item: Flame Orb
|
|switch|p1a: Corviknight|Corviknight, F|100/100
|-damage|p1a: Corviknight|88/100|[from] Stealth Rock
|-ability|p1a: Corviknight|Pressure
|turn|10
|
|move|p1a: Corviknight|Body Press|p2a: Ursaluna
|-supereffective|p2a: Ursaluna
|-end|p2a: Ursaluna|Substitute
|move|p2a: Ursaluna|Thunder Punch|p1a: Corviknight
|-supereffective|p1a: Corviknight
|-damage|p1a: Corviknight|30/100
|
|-heal|p1a: Corviknight|36/100|[from] item: Leftovers
|-damage|p2a: Ursaluna|12/100 brn|[from] brn
|turn|11
|
|move|p1a: Corviknight|Roost|p1a: Corviknight
|-heal|p1a: Corviknight|86/100
|-singleturn|p1a: Corviknight|move: Roost
|move|p2a: Ursaluna|Thunder Punch|p1a: Corviknight
|-damage|p1a: Corviknight|58/100
|-status|p1a: Corviknight|par
|
|-heal|p1a: Corviknight|64/100 par|[from] item: Leftovers
|-damage|p2a: Ursaluna|6/100 brn|[from] brn
|turn|12
|
|move|p2a: Ursaluna|Earthquake|p1a: Corviknight
|-immune|p1a: Corviknight
|cant|p1a: Corviknight|par
|
|-heal|p1a: Corviknight|70/100 par|[from] item: Leftovers
|-damage|p2a: Ursaluna|0 fnt|[from] brn
|faint|p2a: Ursaluna
|
|switch|p2a: Typhlosion|Typhlosion-Hisui, M|100/100
|-damage|p2a: Typhlosion|76/100|[from] Stealth Rock
|-item|p1a: Corviknight|Leftovers|[from] ability: Frisk|[of] p2a: Typhlosion|[identify]
|turn|13
|
|move|p2a: Typhlosion|Heat Wave|p1a: Corviknight
|-supereffective|p1a: Corviknight
|-damage|p1a: Corviknight|0 fnt
|faint|p1a: Corviknight
|
|
|switch|p1a: Gholdengo|Gholdengo|100/100
|turn|14
|
|move|p2a: Typhlosion|Heat Wave|p1a: Gholdengo
|-supereffective|p1a: Gholdengo
|-damage|p1a: Gholdengo|0 fnt
|faint|p1a: Gholdengo
|
|
|switch|p1a: Amoonguss|Amoonguss, F|100/100
|-damage|p1a: Amoonguss|88/100|[from] Stealth Rock
|turn|15
|
|move|p2a: Typhlosion|Heat Wave|p1a: Amoonguss
|-supereffective|p1a: Amoonguss
|-damage|p1a: Amoonguss|0 fnt
|faint|p1a: Amoonguss
|
|
|switch|p1a: Iron Valiant|Iron Valiant|100/100
|-damage|p1a: Iron Valiant|94/100|[from] Stealth Rock
|turn|16
|
|move|p1a: Iron Valiant|Shadow Ball|p2a: Typhlosion
|-supereffective|p2a: Typhlosion
|-damage|p2a: Typhlosion|8/100
|move|p2a: Typhlosion|Heat Wave|p1a: Iron Valiant
|-damage|p1a: Iron Valiant|0 fnt
|faint|p1a: Iron Valiant
|-end|p1a: Iron Valiant|Quark Drive|[silent]
|
|win|p2
