|poke|p1|Wyrdeer, F|
|poke|p1|Diancie|
|poke|p1|Rufflet, M|
|poke|p1|Torkoal, F|
|poke|p1|Garganacl, M|
|poke|p1|Ursaluna, M|
|poke|p2|Lilligant-Hisui, F|
|poke|p2|Dragapult, M|
|poke|p2|Urshifu-*, M|
|poke|p2|Baxcalibur, F|
|poke|p2|Gholdengo|
|poke|p2|Meowscarada, M|
|teampreview
|
|start
|switch|p1a: Fuger|Rufflet, M, shiny|100/100
|switch|p2a: Urshifu|Urshifu-Rapid-Strike, M|100/100
|turn|1
|
|move|p2a: Urshifu|U-turn|p1a: Fuger
|-resisted|p1a: Fuger
|-damage|p1a: Fuger|87/100
|
|switch|p2a: Baxcalibur|Baxcalibur, F|100/100|[from] U-turn
|move|p1a: Fuger|Brave Bird|p2a: Baxcalibur
|-damage|p2a: Baxcalibur|31/100
|-damage|p1a: Fuger|62/100|[from] Recoil
|
|turn|2
|
|switch|p1a: Eierstock aus stal|Diancie|100/100
|move|p2a: Baxcalibur|Icicle Spear|p1a: Eierstock aus stal
|-damage|p1a: Eierstock aus stal|92/100
|-damage|p1a: Eierstock aus stal|84/100
|-damage|p1a: Eierstock aus stal|75/100
|-damage|p1a: Eierstock aus stal|65/100
|-crit|p1a: Eierstock aus stal
|-damage|p1a: Eierstock aus stal|51/100
|-hitcount|p1a: Eierstock aus stal|5
|
|-heal|p1a: Eierstock aus stal|58/100|[from] item: Leftovers
|turn|3
|
|switch|p2a: Gholdengo|Gholdengo|100/100
|move|p1a: Eierstock aus stal|Trick Room|p1a: Eierstock aus stal
|-fieldstart|move: Trick Room|[of] p1a: Eierstock aus stal
|
|-heal|p1a: Eierstock aus stal|64/100|[from] item: Leftovers
|turn|4
|
|switch|p1a: Grizzly piu|Ursaluna, M|100/100
|move|p2a: Gholdengo|Make It Rain|p1a: Grizzly piu
|-damage|p1a: Grizzly piu|47/100
|-unboost|p2a: Gholdengo|spa|1
|
|-status|p1a: Grizzly piu|brn|[from] item: Flame Orb
|turn|5
|
|move|p1a: Grizzly piu|Earthquake|p2a: Gholdengo
|-supereffective|p2a: Gholdengo
|-damage|p2a: Gholdengo|0 fnt
|faint|p2a: Gholdengo
|
|-damage|p1a: Grizzly piu|41/100 brn|[from] brn
|
|switch|p2a: Baxcalibur|Baxcalibur, F|31/100
|turn|6
|
|move|p2a: Baxcalibur|Ice Shard|p1a: Grizzly piu
|-supereffective|p1a: Grizzly piu
|-crit|p1a: Grizzly piu
|-damage|p1a: Grizzly piu|0 fnt
|faint|p1a: Grizzly piu
|
|
|switch|p1a: Supa ahhhhhh|Torkoal, F|100/100
|-weather|SunnyDay|[from] ability: Drought|[of] p1a: Supa ahhhhhh
|turn|7
|
|move|p1a: Supa ahhhhhh|Eruption|p2a: Baxcalibur
|-damage|p2a: Baxcalibur|0 fnt
|faint|p2a: Baxcalibur
|
|-weather|SunnyDay|[upkeep]
|-fieldend|move: Trick Room
|
|switch|p2a: Lilligant|Lilligant-Hisui, F|100/100
|turn|8
|
|move|p2a: Lilligant|Sleep Powder|p1a: Supa ahhhhhh|[miss]
|-miss|p2a: Lilligant|p1a: Supa ahhhhhh
|move|p1a: Supa ahhhhhh|Eruption|p2a: Lilligant
|-supereffective|p2a: Lilligant
|-damage|p2a: Lilligant|0 fnt
|faint|p2a: Lilligant
|
|-weather|SunnyDay|[upkeep]
|
|switch|p2a: Meowscarada|Meowscarada, M|100/100
|turn|9
|
|move|p2a: Meowscarada|Knock Off|p1a: Supa ahhhhhh
|-start|p2a: Meowscarada|typechange|Dark|[from] ability: Protean
|-damage|p1a: Supa ahhhhhh|68/100
|-enditem|p1a: Supa ahhhhhh|Heavy-Duty Boots|[from] move: Knock Off|[of] p2a: Meowscarada
|move|p1a: Supa ahhhhhh|Eruption|p2a: Meowscarada
|-enditem|p2a: Meowscarada|Focus Sash
|-damage|p2a: Meowscarada|1/100
|
|-weather|SunnyDay|[upkeep]
|turn|10
|
|move|p2a: Meowscarada|Knock Off|p1a: Supa ahhhhhh
|-damage|p1a: Supa ahhhhhh|45/100
|move|p1a: Supa ahhhhhh|Solar Beam||[still]
|-prepare|p1a: Supa ahhhhhh|Solar Beam
|-anim|p1a: Supa ahhhhhh|Solar Beam|p2a: Meowscarada
|-damage|p2a: Meowscarada|0 fnt
|faint|p2a: Meowscarada
|
|-weather|SunnyDay|[upkeep]
|
|switch|p2a: Urshifu|Urshifu-Rapid-Strike, M|100/100
|turn|11
|
|-terastallize|p1a: Supa ahhhhhh|Grass
|move|p2a: Urshifu|Swords Dance|p2a: Urshifu
|-boost|p2a: Urshifu|atk|2
|move|p1a: Supa ahhhhhh|Solar Beam||[still]
|-prepare|p1a: Supa ahhhhhh|Solar Beam
|-anim|p1a: Supa ahhhhhh|Solar Beam|p2a: Urshifu
|-supereffective|p2a: Urshifu
|-damage|p2a: Urshifu|0 fnt
|faint|p2a: Urshifu
|
|-weather|none
|-message|ninjutsu7 forfeited.
|
|win|Sioaee
