# advantage = p2
|poke|p1|Hippowdon, F|
|poke|p1|Garchomp, M|
|poke|p1|Clodsire, M|
|poke|p1|Landorus-Therian, M|
|poke|p1|Toxapex, F|
|poke|p1|Ting-Lu|
|poke|p2|Slowking-Galar, F|
|poke|p2|Avalugg-Hisui, F|
|poke|p2|Ursaluna, F|
|poke|p2|Glastrier|
|poke|p2|Kingambit, M|
|poke|p2|Forretress, M|
|teampreview
|
|start
|switch|p1a: Hippowdon|Hippowdon, F|100/100
|switch|p2a: Slowking|Slowking-Galar, F|100/100
|-weather|Sandstorm|[from] ability: Sand Stream|[of] p1a: Hippowdon
|turn|1
|
|switch|p1a: Toxapex|Toxapex, F|100/100
|move|p2a: Slowking|Trick Room|p2a: Slowking
|-fieldstart|move: Trick Room|[of] p2a: Slowking
|
|-weather|Sandstorm|[upkeep]
|-damage|p2a: Slowking|94/100|[from] Sandstorm
|-damage|p1a: Toxapex|94/100|[from] Sandstorm
|-heal|p2a: Slowking|100/100|[from] item: Black Sludge
|-heal|p1a: Toxapex|100/100|[from] item: Leftovers
|turn|2
|
|move|p2a: Slowking|Chilly Reception|p2a: Slowking
|-weather|Snow
|
|switch|p2a: Ursaluna|Ursaluna, F|100/100|[from] Chilly Reception
|move|p1a: Toxapex|Surf|p2a: Ursaluna
|-supereffective|p2a: Ursaluna
|-damage|p2a: Ursaluna|68/100
|
|-weather|Snow|[upkeep]
|-status|p2a: Ursaluna|brn|[from] item: Flame Orb
|turn|3
|
|switch|p1a: Landorus|Landorus-Therian, M|100/100
|-ability|p1a: Landorus|Intimidate|boost
|-unboost|p2a: Ursaluna|atk|1
|move|p2a: Ursaluna|Facade|p1a: Landorus
|-damage|p1a: Landorus|12/100
|
|-weather|Snow|[upkeep]
|-damage|p2a: Ursaluna|62/100 brn|[from] brn
|turn|4
|
|move|p2a: Ursaluna|Facade|p1a: Landorus
|-damage|p1a: Landorus|0 fnt
|faint|p1a: Landorus
|
|-weather|Snow|[upkeep]
|-damage|p2a: Ursaluna|56/100 brn|[from] brn
|
|switch|p1a: Garchomp|Garchomp, M|100/100
|turn|5
|
|switch|p2a: Slowking|Slowking-Galar, F|100/100
|move|p1a: Garchomp|Protect||[still]
|-fail|p1a: Garchomp
|
|-weather|Snow|[upkeep]
|-fieldend|move: Trick Room
|turn|6
|
|-terastallize|p1a: Garchomp|Ghost
|move|p1a: Garchomp|Spikes|p2a: Slowking
|-sidestart|p2: p2|Spikes
|move|p2a: Slowking|Trick Room|p2a: Slowking
|-fieldstart|move: Trick Room|[of] p2a: Slowking
|
|-weather|none
|turn|7
|
|move|p2a: Slowking|Chilly Reception|p2a: Slowking
|-weather|Snow
|
|switch|p2a: Glastrier|Glastrier|100/100|[from] Chilly Reception
|-damage|p2a: Glastrier|88/100|[from] Spikes
|move|p1a: Garchomp|Earthquake|p2a: Glastrier
|-damage|p2a: Glastrier|69/100
|
|-weather|Snow|[upkeep]
|turn|8
|
|switch|p1a: Ting-Lu|Ting-Lu|100/100
|-ability|p1a: Ting-Lu|Vessel of Ruin
|move|p2a: Glastrier|Crunch|p1a: Ting-Lu
|-resisted|p1a: Ting-Lu
|-damage|p1a: Ting-Lu|86/100
|
|-weather|Snow|[upkeep]
|-heal|p1a: Ting-Lu|92/100|[from] item: Leftovers
|turn|9
|
|switch|p2a: Slowking|Slowking-Galar, F|100/100
|-damage|p2a: Slowking|88/100|[from] Spikes
|move|p1a: Ting-Lu|Stealth Rock|p2a: Slowking
|-sidestart|p2: p2|move: Stealth Rock
|
|-weather|Snow|[upkeep]
|-heal|p2a: Slowking|94/100|[from] item: Black Sludge
|-heal|p1a: Ting-Lu|99/100|[from] item: Leftovers
|turn|10
|
|move|p2a: Slowking|Ice Beam|p1a: Ting-Lu
|-supereffective|p1a: Ting-Lu
|-damage|p1a: Ting-Lu|74/100
|move|p1a: Ting-Lu|Earthquake|p2a: Slowking
|-supereffective|p2a: Slowking
|-damage|p2a: Slowking|15/100
|
|-weather|Snow|[upkeep]
|-heal|p2a: Slowking|21/100|[from] item: Black Sludge
|-heal|p1a: Ting-Lu|80/100|[from] item: Leftovers
|-fieldend|move: Trick Room
|turn|11
|
|move|p1a: Ting-Lu|Spikes|p2a: Slowking
|-sidestart|p2: p2|Spikes
|move|p2a: Slowking|Trick Room|p2a: Slowking
|-fieldstart|move: Trick Room|[of] p2a: Slowking
|
|-weather|none
|-heal|p2a: Slowking|27/100|[from] item: Black Sludge
|-heal|p1a: Ting-Lu|86/100|[from] item: Leftovers
|turn|12
|
|move|p2a: Slowking|Chilly Reception|p2a: Slowking
|-weather|Snow
|
|switch|p2a: Forretress|Forretress, M|100/100|[from] Chilly Reception
|-damage|p2a: Forretress|84/100|[from] Spikes
|-damage|p2a: Forretress|71/100|[from] Stealth Rock
|move|p1a: Ting-Lu|Whirlwind|p2a: Forretress
|drag|p2a: Slowking|Slowking-Galar, F|60/100
|-damage|p2a: Slowking|44/100|[from] Spikes
|-damage|p2a: Slowking|31/100|[from] Stealth Rock
|
|-weather|Snow|[upkeep]
|-heal|p2a: Slowking|38/100|[from] item: Black Sludge
|-heal|p1a: Ting-Lu|93/100|[from] item: Leftovers
|turn|13
|
|move|p2a: Slowking|Ice Beam|p1a: Ting-Lu
|-supereffective|p1a: Ting-Lu
|-damage|p1a: Ting-Lu|66/100
|move|p1a: Ting-Lu|Whirlwind|p2a: Slowking
|drag|p2a: Glastrier|Glastrier|69/100
|-damage|p2a: Glastrier|53/100|[from] Spikes
|-damage|p2a: Glastrier|28/100|[from] Stealth Rock
|
|-weather|Snow|[upkeep]
|-heal|p1a: Ting-Lu|72/100|[from] item: Leftovers
|turn|14
|
|move|p2a: Glastrier|Close Combat|p1a: Ting-Lu
|-supereffective|p1a: Ting-Lu
|-damage|p1a: Ting-Lu|0 fnt
|-unboost|p2a: Glastrier|def|1
|-unboost|p2a: Glastrier|spd|1
|faint|p1a: Ting-Lu
|-ability|p2a: Glastrier|Chilling Neigh|boost
|-boost|p2a: Glastrier|atk|1
|
|-weather|Snow|[upkeep]
|
|switch|p1a: Clodsire|Clodsire, M|100/100
|turn|15
|
|move|p1a: Clodsire|Toxic|p2a: Glastrier
|-status|p2a: Glastrier|tox
|move|p2a: Glastrier|Close Combat|p1a: Clodsire
|-resisted|p1a: Clodsire
|-damage|p1a: Clodsire|56/100
|-unboost|p2a: Glastrier|def|1
|-unboost|p2a: Glastrier|spd|1
|
|-weather|Snow|[upkeep]
|-heal|p1a: Clodsire|62/100|[from] item: Leftovers
|-damage|p2a: Glastrier|22/100 tox|[from] psn
|-fieldend|move: Trick Room
|turn|16
|
|move|p2a: Glastrier|Close Combat|p1a: Clodsire
|-resisted|p1a: Clodsire
|-damage|p1a: Clodsire|23/100
|-unboost|p2a: Glastrier|def|1
|-unboost|p2a: Glastrier|spd|1
|move|p1a: Clodsire|Recover|p1a: Clodsire
|-heal|p1a: Clodsire|74/100
|
|-weather|none
|-heal|p1a: Clodsire|80/100|[from] item: Leftovers
|-damage|p2a: Glastrier|9/100 tox|[from] psn
|turn|17
|
|move|p2a: Glastrier|Close Combat|p1a: Clodsire
|-resisted|p1a: Clodsire
|-damage|p1a: Clodsire|38/100
|-unboost|p2a: Glastrier|def|1
|-unboost|p2a: Glastrier|spd|1
|move|p1a: Clodsire|Recover|p1a: Clodsire
|-heal|p1a: Clodsire|88/100
|
|-heal|p1a: Clodsire|94/100|[from] item: Leftovers
|-damage|p2a: Glastrier|0 fnt|[from] psn
|faint|p2a: Glastrier
|
|switch|p2a: Forretress|Forretress, M|71/100
|-damage|p2a: Forretress|55/100|[from] Spikes
|-damage|p2a: Forretress|42/100|[from] Stealth Rock
|turn|18
|
|switch|p1a: Garchomp|Garchomp, M, tera:Ghost|100/100
|move|p2a: Forretress|Rapid Spin|p1a: Garchomp
|-immune|p1a: Garchomp
|
|-heal|p2a: Forretress|49/100|[from] item: Leftovers
|turn|19
|
|switch|p2a: Slowking|Slowking-Galar, F|71/100
|-damage|p2a: Slowking|54/100|[from] Spikes
|-damage|p2a: Slowking|42/100|[from] Stealth Rock
|move|p1a: Garchomp|Dragon Tail|p2a: Slowking
|-damage|p2a: Slowking|15/100
|drag|p2a: Ursaluna|Ursaluna, F|56/100 brn
|-damage|p2a: Ursaluna|39/100 brn|[from] Spikes
|-damage|p2a: Ursaluna|33/100 brn|[from] Stealth Rock
|
|-damage|p2a: Ursaluna|27/100 brn|[from] brn
|turn|20
|
|-terastallize|p2a: Ursaluna|Ground
|move|p2a: Ursaluna|Gunk Shot|p1a: Garchomp|[miss]
|-miss|p2a: Ursaluna|p1a: Garchomp
|move|p1a: Garchomp|Dragon Tail|p2a: Ursaluna
|-damage|p2a: Ursaluna|9/100 brn
|drag|p2a: Slowking|Slowking-Galar, F|48/100
|-damage|p2a: Slowking|32/100|[from] Spikes
|-damage|p2a: Slowking|20/100|[from] Stealth Rock
|
|-heal|p2a: Slowking|26/100|[from] item: Black Sludge
|turn|21
|
|move|p1a: Garchomp|Spikes|p2a: Slowking
|-sidestart|p2: p2|Spikes
|move|p2a: Slowking|Trick Room|p2a: Slowking
|-fieldstart|move: Trick Room|[of] p2a: Slowking
|
|-heal|p2a: Slowking|32/100|[from] item: Black Sludge
|turn|22
|
|move|p2a: Slowking|Sludge Bomb|p1a: Garchomp
|-resisted|p1a: Garchomp
|-damage|p1a: Garchomp|79/100
|move|p1a: Garchomp|Dragon Tail|p2a: Slowking|[miss]
|-miss|p1a: Garchomp|p2a: Slowking
|
|-heal|p2a: Slowking|38/100|[from] item: Black Sludge
|turn|23
|
|move|p2a: Slowking|Sludge Bomb|p1a: Garchomp
|-resisted|p1a: Garchomp
|-damage|p1a: Garchomp|59/100
|move|p1a: Garchomp|Dragon Tail|p2a: Slowking
|-damage|p2a: Slowking|9/100
|drag|p2a: Kingambit|Kingambit, M|100/100
|-damage|p2a: Kingambit|75/100|[from] Spikes
|-damage|p2a: Kingambit|69/100|[from] Stealth Rock
|-activate|p2a: Kingambit|ability: Supreme Overlord
|-start|p2a: Kingambit|fallen1|[silent]
|
|turn|24
|
|switch|p1a: Hippowdon|Hippowdon, F|100/100
|-weather|Sandstorm|[from] ability: Sand Stream|[of] p1a: Hippowdon
|move|p2a: Kingambit|Poison Jab|p1a: Hippowdon
|-resisted|p1a: Hippowdon
|-damage|p1a: Hippowdon|86/100
|
|-weather|Sandstorm|[upkeep]
|-heal|p1a: Hippowdon|92/100|[from] item: Leftovers
|turn|25
|
|move|p1a: Hippowdon|Earthquake|p2a: Kingambit
|-supereffective|p2a: Kingambit
|-damage|p2a: Kingambit|17/100
|move|p2a: Kingambit|Poison Jab|p1a: Hippowdon
|-resisted|p1a: Hippowdon
|-damage|p1a: Hippowdon|77/100
|-status|p1a: Hippowdon|psn
|
|-weather|Sandstorm|[upkeep]
|-heal|p1a: Hippowdon|84/100 psn|[from] item: Leftovers
|-damage|p1a: Hippowdon|71/100 psn|[from] psn
|-fieldend|move: Trick Room
|turn|26
|
|move|p2a: Kingambit|Poison Jab|p1a: Hippowdon
|-resisted|p1a: Hippowdon
|-damage|p1a: Hippowdon|57/100 psn
|move|p1a: Hippowdon|Earthquake|p2a: Kingambit
|-supereffective|p2a: Kingambit
|-damage|p2a: Kingambit|0 fnt
|faint|p2a: Kingambit
|-end|p2a: Kingambit|fallen1|[silent]
|
|-weather|Sandstorm|[upkeep]
|-heal|p1a: Hippowdon|63/100 psn|[from] item: Leftovers
|-damage|p1a: Hippowdon|51/100 psn|[from] psn
|
|switch|p2a: Slowking|Slowking-Galar, F|42/100
|-damage|p2a: Slowking|17/100|[from] Spikes
|-damage|p2a: Slowking|5/100|[from] Stealth Rock
|turn|27
|
|switch|p2a: Ursaluna|Ursaluna, F, tera:Ground|9/100 brn
|-damage|p2a: Ursaluna|0 fnt|[from] Spikes
|faint|p2a: Ursaluna
|move|p1a: Hippowdon|Slack Off|p1a: Hippowdon
|-heal|p1a: Hippowdon|100/100 psn
|
|-weather|Sandstorm|[upkeep]
|-damage|p1a: Hippowdon|88/100 psn|[from] psn
|
|switch|p2a: Forretress|Forretress, M|49/100
|-damage|p2a: Forretress|24/100|[from] Spikes
|-damage|p2a: Forretress|11/100|[from] Stealth Rock
|turn|28
|
|move|p1a: Hippowdon|Earthquake|p2a: Forretress
|-damage|p2a: Forretress|0 fnt
|faint|p2a: Forretress
|
|-weather|none
|-heal|p1a: Hippowdon|94/100 psn|[from] item: Leftovers
|-damage|p1a: Hippowdon|82/100 psn|[from] psn
|
|switch|p2a: Slowking|Slowking-Galar, F|38/100
|-damage|p2a: Slowking|13/100|[from] Spikes
|-damage|p2a: Slowking|0 fnt|[from] Stealth Rock
|faint|p2a: Slowking
|
|switch|p2a: Avalugg|Avalugg-Hisui, F|100/100
|-damage|p2a: Avalugg|76/100|[from] Spikes
|-damage|p2a: Avalugg|51/100|[from] Stealth Rock
|turn|29
|-message|p2 forfeited.
|
|win|p1
