# advantage = p1
|poke|p1|Braviary-Hisui, M|
|poke|p1|Cinderace, F|
|poke|p1|Rotom-Wash|
|poke|p1|Heatran, M|
|poke|p1|Great Tusk|
|poke|p1|Slowking-Galar, M|
|poke|p2|Typhlosion-Hisui, M|
|poke|p2|Dragapult, M|
|poke|p2|Magearna|
|poke|p2|Urshifu-*, M|
|poke|p2|Zapdos|
|poke|p2|Great Tusk|
|teampreview
|
|start
|switch|p1a: Rotom|Rotom-Wash|100/100
|switch|p2a: Dragapult|Dragapult, M|100/100
|turn|1
|
|move|p2a: Dragapult|Substitute|p2a: Dragapult
|-start|p2a: Dragapult|Substitute
|-damage|p2a: Dragapult|76/100
|move|p1a: Rotom|Will-O-Wisp||[still]
|-fail|p1a: Rotom
|
|-heal|p2a: Dragapult|82/100|[from] item: Leftovers
|turn|2
|
|move|p2a: Dragapult|Will-O-Wisp|p1a: Rotom
|-status|p1a: Rotom|brn
|move|p1a: Rotom|Volt Switch|p2a: Dragapult
|-resisted|p2a: Dragapult
|-activate|p2a: Dragapult|move: Substitute|[damage]
|
|switch|p1a: Heatran|Heatran, M|100/100|[from] Volt Switch
|
|-heal|p2a: Dragapult|88/100|[from] item: Leftovers
|turn|3
|
|move|p2a: Dragapult|Hex|p1a: Heatran
|-damage|p1a: Heatran|72/100
|move|p1a: Heatran|Flash Cannon|p2a: Dragapult
|-crit|p2a: Dragapult
|-end|p2a: Dragapult|Substitute
|
|-heal|p2a: Dragapult|94/100|[from] item: Leftovers
|turn|4
|
|switch|p2a: Urshifu|Urshifu-Rapid-Strike, M|100/100
|move|p1a: Heatran|Flash Cannon|p2a: Urshifu
|-resisted|p2a: Urshifu
|-damage|p2a: Urshifu|50/100
|
|turn|5
|
|switch|p1a: Rotom|Rotom-Wash|100/100 brn
|move|p2a: Urshifu|U-turn|p1a: Rotom
|-damage|p1a: Rotom|81/100 brn
|
|switch|p2a: Dragapult|Dragapult, M|94/100|[from] U-turn
|
|-heal|p2a: Dragapult|99/100|[from] item: Leftovers
|-heal|p1a: Rotom|87/100 brn|[from] item: Leftovers
|-damage|p1a: Rotom|81/100 brn|[from] brn
|turn|6
|
|switch|p2a: Great Tusk|Great Tusk|100/100
|-enditem|p2a: Great Tusk|Booster Energy
|-activate|p2a: Great Tusk|ability: Protosynthesis|[fromitem]
|-start|p2a: Great Tusk|protosynthesisspe
|move|p1a: Rotom|Volt Switch|p2a: Great Tusk
|-immune|p2a: Great Tusk
|
|-heal|p1a: Rotom|87/100 brn|[from] item: Leftovers
|-damage|p1a: Rotom|81/100 brn|[from] brn
|turn|7
|
|move|p2a: Great Tusk|Knock Off|p1a: Rotom
|-damage|p1a: Rotom|59/100 brn
|-enditem|p1a: Rotom|Leftovers|[from] move: Knock Off|[of] p2a: Great Tusk
|move|p1a: Rotom|Will-O-Wisp|p2a: Great Tusk
|-status|p2a: Great Tusk|brn
|
|-damage|p2a: Great Tusk|94/100 brn|[from] brn
|-damage|p1a: Rotom|52/100 brn|[from] brn
|turn|8
|
|move|p2a: Great Tusk|Stealth Rock|p1a: Rotom
|-sidestart|p1: p1|move: Stealth Rock
|move|p1a: Rotom|Hydro Pump|p2a: Great Tusk
|-supereffective|p2a: Great Tusk
|-damage|p2a: Great Tusk|0 fnt
|faint|p2a: Great Tusk
|-end|p2a: Great Tusk|Protosynthesis|[silent]
|
|-damage|p1a: Rotom|46/100 brn|[from] brn
|
|switch|p2a: Dragapult|Dragapult, M|99/100
|turn|9
|
|move|p2a: Dragapult|Substitute|p2a: Dragapult
|-start|p2a: Dragapult|Substitute
|-damage|p2a: Dragapult|75/100
|move|p1a: Rotom|Volt Switch|p2a: Dragapult
|-resisted|p2a: Dragapult
|-activate|p2a: Dragapult|move: Substitute|[damage]
|
|switch|p1a: Cinderace|Cinderace, F|100/100|[from] Volt Switch
|
|-heal|p2a: Dragapult|81/100|[from] item: Leftovers
|turn|10
|
|move|p2a: Dragapult|Dragon Darts|p1a: Cinderace
|-damage|p1a: Cinderace|70/100
|-anim|p2a: Dragapult|Dragon Darts|p1a: Cinderace
|-damage|p1a: Cinderace|40/100
|move|p1a: Cinderace|Court Change|p1a: Cinderace
|-start|p1a: Cinderace|typechange|Normal|[from] ability: Libero
|-swapsideconditions
|-activate|p1a: Cinderace|move: Court Change
|
|-heal|p2a: Dragapult|87/100|[from] item: Leftovers
|turn|11
|
|move|p1a: Cinderace|Sucker Punch||[still]
|-fail|p1a: Cinderace
|move|p2a: Dragapult|Will-O-Wisp|p1a: Cinderace
|-status|p1a: Cinderace|brn
|
|-heal|p2a: Dragapult|93/100|[from] item: Leftovers
|-damage|p1a: Cinderace|34/100 brn|[from] brn
|turn|12
|
|move|p1a: Cinderace|Sucker Punch|p2a: Dragapult
|-supereffective|p2a: Dragapult
|-end|p2a: Dragapult|Substitute
|move|p2a: Dragapult|Hex|p1a: Cinderace
|-immune|p1a: Cinderace
|
|-heal|p2a: Dragapult|99/100|[from] item: Leftovers
|-damage|p1a: Cinderace|28/100 brn|[from] brn
|turn|13
|
|switch|p1a: Heatran|Heatran, M|72/100
|move|p2a: Dragapult|Substitute|p2a: Dragapult
|-start|p2a: Dragapult|Substitute
|-damage|p2a: Dragapult|74/100
|
|-heal|p2a: Dragapult|80/100|[from] item: Leftovers
|turn|14
|
|move|p2a: Dragapult|Hex|p1a: Heatran
|-damage|p1a: Heatran|48/100
|move|p1a: Heatran|Flash Cannon|p2a: Dragapult
|-end|p2a: Dragapult|Substitute
|
|-heal|p2a: Dragapult|86/100|[from] item: Leftovers
|turn|15
|
|switch|p2a: Zapdos|Zapdos|100/100
|move|p1a: Heatran|Flash Cannon|p2a: Zapdos
|-resisted|p2a: Zapdos
|-damage|p2a: Zapdos|66/100
|
|turn|16
|
|move|p1a: Heatran|Flash Cannon|p2a: Zapdos
|-resisted|p2a: Zapdos
|-damage|p2a: Zapdos|33/100
|move|p2a: Zapdos|Volt Switch|p1a: Heatran
|-damage|p1a: Heatran|16/100
|
|switch|p2a: Urshifu|Urshifu-Rapid-Strike, M|50/100|[from] Volt Switch
|-damage|p2a: Urshifu|44/100|[from] Stealth Rock
|
|turn|17
|
|switch|p1a: Rotom|Rotom-Wash|46/100 brn
|move|p2a: Urshifu|Surging Strikes|p1a: Rotom
|-resisted|p1a: Rotom
|-crit|p1a: Rotom
|-damage|p1a: Rotom|38/100 brn
|-resisted|p1a: Rotom
|-crit|p1a: Rotom
|-damage|p1a: Rotom|30/100 brn
|-resisted|p1a: Rotom
|-crit|p1a: Rotom
|-damage|p1a: Rotom|21/100 brn
|-hitcount|p1a: Rotom|3
|
|-damage|p1a: Rotom|15/100 brn|[from] brn
|turn|18
|
|move|p2a: Urshifu|Surging Strikes|p1a: Rotom
|-resisted|p1a: Rotom
|-crit|p1a: Rotom
|-damage|p1a: Rotom|7/100 brn
|-resisted|p1a: Rotom
|-crit|p1a: Rotom
|-damage|p1a: Rotom|0 fnt
|faint|p1a: Rotom
|-hitcount|p1: Rotom|2
|
|
|switch|p1a: Braviary|Braviary-Hisui, M|100/100
|turn|19
|
|move|p2a: Urshifu|Surging Strikes|p1a: Braviary
|-crit|p1a: Braviary
|-damage|p1a: Braviary|76/100
|-crit|p1a: Braviary
|-damage|p1a: Braviary|50/100
|-crit|p1a: Braviary
|-damage|p1a: Braviary|24/100
|-hitcount|p1a: Braviary|3
|move|p1a: Braviary|Shadow Ball|p2a: Urshifu
|-damage|p2a: Urshifu|0 fnt
|faint|p2a: Urshifu
|
|
|switch|p2a: Magearna|Magearna|100/100
|turn|20
|
|switch|p1a: Slowking|Slowking-Galar, M|100/100
|move|p2a: Magearna|Volt Switch|p1a: Slowking
|-damage|p1a: Slowking|88/100
|
|switch|p2a: Zapdos|Zapdos|33/100|[from] Volt Switch
|
|turn|21
|
|move|p2a: Zapdos|Roost|p2a: Zapdos
|-heal|p2a: Zapdos|83/100
|-singleturn|p2a: Zapdos|move: Roost
|move|p1a: Slowking|Future Sight|p2a: Zapdos
|-start|p1a: Slowking|move: Future Sight
|
|turn|22
|
|move|p2a: Zapdos|Hurricane|p1a: Slowking
|-damage|p1a: Slowking|61/100
|move|p1a: Slowking|Flamethrower|p2a: Zapdos
|-crit|p2a: Zapdos
|-damage|p2a: Zapdos|53/100
|
|turn|23
|
|move|p2a: Zapdos|Roost|p2a: Zapdos
|-heal|p2a: Zapdos|100/100
|-singleturn|p2a: Zapdos|move: Roost
|move|p1a: Slowking|Sludge Bomb|p2a: Zapdos
|-damage|p2a: Zapdos|69/100
|
|-end|p2a: Zapdos|move: Future Sight
|-damage|p2a: Zapdos|25/100
|turn|24
|
|move|p2a: Zapdos|Roost|p2a: Zapdos
|-heal|p2a: Zapdos|75/100
|-singleturn|p2a: Zapdos|move: Roost
|move|p1a: Slowking|Future Sight|p2a: Zapdos
|-start|p1a: Slowking|move: Future Sight
|
|turn|25
|
|switch|p2a: Typhlosion|Typhlosion-Hisui, M|100/100
|-damage|p2a: Typhlosion|76/100|[from] Stealth Rock
|move|p1a: Slowking|Chilly Reception|p1a: Slowking
|-weather|Snow
|
|switch|p1a: Braviary|Braviary-Hisui, M|24/100|[from] Chilly Reception
|
|-weather|Snow|[upkeep]
|turn|26
|
|move|p1a: Braviary|Shadow Ball|p2a: Typhlosion
|-supereffective|p2a: Typhlosion
|-damage|p2a: Typhlosion|0 fnt
|faint|p2a: Typhlosion
|
|-weather|Snow|[upkeep]
|-hint|Future Sight did not hit because the target is fainted.
|
|switch|p2a: Magearna|Magearna|100/100
|turn|27
|
|switch|p1a: Cinderace|Cinderace, F|28/100 brn
|move|p2a: Magearna|Fleur Cannon|p1a: Cinderace
|-resisted|p1a: Cinderace
|-damage|p1a: Cinderace|0 fnt
|-unboost|p2a: Magearna|spa|2
|faint|p1a: Cinderace
|-ability|p2a: Magearna|Soul-Heart|boost
|-boost|p2a: Magearna|spa|1
|
|-weather|Snow|[upkeep]
|
|switch|p1a: Heatran|Heatran, M|16/100
|turn|28
|
|move|p1a: Heatran|Overheat|p2a: Magearna
|-supereffective|p2a: Magearna
|-damage|p2a: Magearna|0 fnt
|-unboost|p1a: Heatran|spa|2
|faint|p2a: Magearna
|
|-weather|Snow|[upkeep]
|
|switch|p2a: Dragapult|Dragapult, M|86/100
|-damage|p2a: Dragapult|73/100|[from] Stealth Rock
|turn|29
|
|move|p2a: Dragapult|Substitute|p2a: Dragapult
|-start|p2a: Dragapult|Substitute
|-damage|p2a: Dragapult|48/100
|move|p1a: Heatran|Overheat|p2a: Dragapult
|-resisted|p2a: Dragapult
|-crit|p2a: Dragapult
|-end|p2a: Dragapult|Substitute
|-unboost|p1a: Heatran|spa|2
|
|-weather|none
|-heal|p2a: Dragapult|54/100|[from] item: Leftovers
|turn|30
|
|switch|p1a: Braviary|Braviary-Hisui, M|24/100
|move|p2a: Dragapult|Substitute|p2a: Dragapult
|-start|p2a: Dragapult|Substitute
|-damage|p2a: Dragapult|30/100
|
|-heal|p2a: Dragapult|36/100|[from] item: Leftovers
|turn|31
|
|move|p2a: Dragapult|Dragon Darts|p1a: Braviary
|-damage|p1a: Braviary|0 fnt
|faint|p1a: Braviary
|
|-heal|p2a: Dragapult|42/100|[from] item: Leftovers
|
|switch|p1a: Slowking|Slowking-Galar, M|94/100
|turn|32
|
|move|p2a: Dragapult|Will-O-Wisp|p1a: Slowking|[miss]
|-miss|p2a: Dragapult|p1a: Slowking
|move|p1a: Slowking|Future Sight|p2a: Dragapult
|-start|p1a: Slowking|move: Future Sight
|
|-heal|p2a: Dragapult|48/100|[from] item: Leftovers
|turn|33
|
|move|p2a: Dragapult|Will-O-Wisp|p1a: Slowking
|-status|p1a: Slowking|brn
|move|p1a: Slowking|Sludge Bomb|p2a: Dragapult
|-resisted|p2a: Dragapult
|-activate|p2a: Dragapult|move: Substitute|[damage]
|
|-heal|p2a: Dragapult|53/100|[from] item: Leftovers
|-damage|p1a: Slowking|88/100 brn|[from] brn
|turn|34
|
|move|p2a: Dragapult|Hex|p1a: Slowking
|-supereffective|p1a: Slowking
|-damage|p1a: Slowking|16/100 brn
|move|p1a: Slowking|Sludge Bomb|p2a: Dragapult
|-resisted|p2a: Dragapult
|-end|p2a: Dragapult|Substitute
|
|-end|p2a: Dragapult|move: Future Sight
|-damage|p2a: Dragapult|0 fnt
|faint|p2a: Dragapult
|-damage|p1a: Slowking|10/100 brn|[from] brn
|
|switch|p2a: Zapdos|Zapdos|75/100
|turn|35
|
|switch|p1a: Heatran|Heatran, M|16/100
|move|p2a: Zapdos|Volt Switch|p1a: Heatran
|-damage|p1a: Heatran|0 fnt
|faint|p1a: Heatran
|
|
|switch|p1a: Slowking|Slowking-Galar, M|43/100 brn
|turn|36
|
|move|p2a: Zapdos|Hurricane|p1a: Slowking
|-damage|p1a: Slowking|16/100 brn
|move|p1a: Slowking|Chilly Reception|p1a: Slowking
|-weather|Snow
|
|switch|p1a: Great Tusk|Great Tusk|100/100|[from] Chilly Reception
|
|-weather|Snow|[upkeep]
|turn|37
|
|move|p1a: Great Tusk|Knock Off|p2a: Zapdos
|-damage|p2a: Zapdos|48/100
|-enditem|p2a: Zapdos|Heavy-Duty Boots|[from] move: Knock Off|[of] p1a: Great Tusk
|move|p2a: Zapdos|Hurricane|p1a: Great Tusk
|-supereffective|p1a: Great Tusk
|-damage|p1a: Great Tusk|0 fnt
|faint|p1a: Great Tusk
|-end|p1a: Great Tusk|Protosynthesis|[silent]
|
|-weather|Snow|[upkeep]
|
|switch|p1a: Slowking|Slowking-Galar, M|49/100 brn
|turn|38
|
|-terastallize|p1a: Slowking|Steel
|move|p2a: Zapdos|Roost|p2a: Zapdos
|-heal|p2a: Zapdos|98/100
|-singleturn|p2a: Zapdos|move: Roost
|move|p1a: Slowking|Sludge Bomb|p2a: Zapdos
|-damage|p2a: Zapdos|66/100
|
|-weather|Snow|[upkeep]
|-damage|p1a: Slowking|43/100 brn|[from] brn
|turn|39
|
|-terastallize|p2a: Zapdos|Fire
|move|p2a: Zapdos|Heat Wave|p1a: Slowking|[miss]
|-miss|p2a: Zapdos|p1a: Slowking
|move|p1a: Slowking|Future Sight|p2a: Zapdos
|-start|p1a: Slowking|move: Future Sight
|
|-weather|Snow|[upkeep]
|-damage|p1a: Slowking|37/100 brn|[from] brn
|turn|40
|
|move|p2a: Zapdos|Heat Wave|p1a: Slowking
|-supereffective|p1a: Slowking
|-damage|p1a: Slowking|0 fnt
|faint|p1a: Slowking
|
|win|p2
