|poke|p1|Greninja, M|
|poke|p1|Clodsire, M|
|poke|p1|Gholdengo|
|poke|p1|Iron Valiant|
|poke|p1|Great Tusk|
|poke|p1|Corviknight, M|
|poke|p2|Dragapult, M|
|poke|p2|Kingambit, M|
|poke|p2|Gholdengo|
|poke|p2|Iron Valiant|
|poke|p2|Rotom-Wash|
|poke|p2|Garchomp, M|
|teampreview
|
|start
|switch|p1a: Greninja(br)|Greninja, M|100/100
|switch|p2a: Leviathan|Dragapult, M, shiny|100/100
|turn|1
|
|move|p2a: Leviathan|U-turn|p1a: Greninja(br)
|-supereffective|p1a: Greninja(br)
|-damage|p1a: Greninja(br)|0 fnt
|faint|p1a: Greninja(br)
|
|switch|p2a: Zangetsu|Garchomp, M, shiny|100/100|[from] U-turn
|
|
|switch|p1a: FIre bl4st|Iron Valiant|100/100
|turn|2
|
|switch|p2a: Spirit Rush|Gholdengo|100/100
|-terastallize|p1a: FIre bl4st|Fairy
|move|p1a: FIre bl4st|Moonblast|p2a: Spirit Rush
|-resisted|p2a: Spirit Rush
|-damage|p2a: Spirit Rush|63/100
|
|turn|3
|
|-end|p1a: FIre bl4st|Quark Drive|[silent]
|switch|p1a: Rolnadin|Gholdengo|100/100
|move|p2a: Spirit Rush|Make It Rain|p1a: Rolnadin
|-resisted|p1a: Rolnadin
|-crit|p1a: Rolnadin
|-damage|p1a: Rolnadin|18/100
|-unboost|p2a: Spirit Rush|spa|1
|
|turn|4
|
|switch|p2a: Overgod|Kingambit, M, shiny|100/100
|move|p1a: Rolnadin|Shadow Ball|p2a: Overgod
|-resisted|p2a: Overgod
|-damage|p2a: Overgod|78/100
|
|turn|5
|
|switch|p1a: tiringa|Corviknight, M|100/100
|-ability|p1a: tiringa|Pressure
|move|p2a: Overgod|Kowtow Cleave|p1a: tiringa
|-damage|p1a: tiringa|69/100
|
|-heal|p1a: tiringa|75/100|[from] item: Leftovers
|turn|6
|
|-end|p2a: Overgod|fallenundefined|[silent]
|switch|p2a: Phantom|Rotom-Wash, shiny|100/100
|move|p1a: tiringa|U-turn|p2a: Phantom
|-damage|p2a: Phantom|83/100
|
|switch|p1a: Stonks obrigado|Clodsire, M|100/100|[from] U-turn
|
|turn|7
|
|move|p2a: Phantom|Trick|p1a: Stonks obrigado
|-activate|p2a: Phantom|move: Trick|[of] p1a: Stonks obrigado
|-item|p1a: Stonks obrigado|Choice Scarf|[from] move: Trick
|-item|p2a: Phantom|Heavy-Duty Boots|[from] move: Trick
|move|p1a: Stonks obrigado|Toxic|p2a: Phantom
|-status|p2a: Phantom|tox
|
|-damage|p2a: Phantom|76/100 tox|[from] psn
|turn|8
|
|switch|p1a: ADM de respeito|Great Tusk|100/100
|move|p2a: Phantom|Hydro Pump|p1a: ADM de respeito|[miss]
|-miss|p2a: Phantom|p1a: ADM de respeito
|
|-damage|p2a: Phantom|64/100 tox|[from] psn
|turn|9
|
|-end|p1a: ADM de respeito|Protosynthesis|[silent]
|switch|p1a: Stonks obrigado|Clodsire, M|100/100
|move|p2a: Phantom|Hydro Pump|p1a: Stonks obrigado
|-immune|p1a: Stonks obrigado|[from] ability: Water Absorb
|
|-damage|p2a: Phantom|45/100 tox|[from] psn
|turn|10
|
|move|p2a: Phantom|Hydro Pump|p1a: Stonks obrigado
|-immune|p1a: Stonks obrigado|[from] ability: Water Absorb
|move|p1a: Stonks obrigado|Earthquake|p2a: Phantom
|-immune|p2a: Phantom|[from] ability: Levitate
|
|-damage|p2a: Phantom|20/100 tox|[from] psn
|turn|11
|
|move|p2a: Phantom|Tera Blast|p1a: Stonks obrigado
|-damage|p1a: Stonks obrigado|87/100
|move|p1a: Stonks obrigado|Earthquake|p2a: Phantom
|-immune|p2a: Phantom|[from] ability: Levitate
|
|-damage|p2a: Phantom|0 fnt|[from] psn
|faint|p2a: Phantom
|
|switch|p2a: Zangetsu|Garchomp, M, shiny|100/100
|turn|12
|
|switch|p1a: Rolnadin|Gholdengo|18/100
|move|p2a: Zangetsu|Stealth Rock|p1a: Rolnadin
|-sidestart|p1: p1|move: Stealth Rock
|
|turn|13
|
|move|p2a: Zangetsu|Earthquake|p1a: Rolnadin
|-supereffective|p1a: Rolnadin
|-damage|p1a: Rolnadin|0 fnt
|faint|p1a: Rolnadin
|-damage|p2a: Zangetsu|91/100|[from] item: Life Orb
|
|
|switch|p1a: FIre bl4st|Iron Valiant, tera:Fairy|100/100
|-damage|p1a: FIre bl4st|88/100|[from] Stealth Rock
|turn|14
|
|switch|p2a: Spirit Rush|Gholdengo|63/100
|move|p1a: FIre bl4st|Moonblast|p2a: Spirit Rush
|-resisted|p2a: Spirit Rush
|-damage|p2a: Spirit Rush|27/100
|
|turn|15
|
|move|p1a: FIre bl4st|Moonblast|p2a: Spirit Rush
|-resisted|p2a: Spirit Rush
|-damage|p2a: Spirit Rush|0 fnt
|faint|p2a: Spirit Rush
|
|
|switch|p2a: Calamity|Iron Valiant, shiny|100/100
|-enditem|p2a: Calamity|Booster Energy
|-activate|p2a: Calamity|ability: Quark Drive|[fromitem]
|-start|p2a: Calamity|quarkdrivespe
|turn|16
|
|move|p1a: FIre bl4st|Moonblast|p2a: Calamity
|-supereffective|p2a: Calamity
|-damage|p2a: Calamity|0 fnt
|faint|p2a: Calamity
|-end|p2a: Calamity|Quark Drive|[silent]
|
|
|switch|p2a: Overgod|Kingambit, M, shiny|78/100
|-activate|p2a: Overgod|ability: Supreme Overlord
|-start|p2a: Overgod|fallen3|[silent]
|turn|17
|
|-end|p1a: FIre bl4st|Quark Drive|[silent]
|switch|p1a: ADM de respeito|Great Tusk|100/100
|-damage|p1a: ADM de respeito|98/100|[from] Stealth Rock
|-terastallize|p2a: Overgod|Fairy
|move|p2a: Overgod|Tera Blast|p1a: ADM de respeito
|-supereffective|p1a: ADM de respeito
|-damage|p1a: ADM de respeito|40/100
|
|-heal|p1a: ADM de respeito|47/100|[from] item: Leftovers
|turn|18
|
|-end|p2a: Overgod|fallen3|[silent]
|switch|p2a: Zangetsu|Garchomp, M, shiny|91/100
|move|p1a: ADM de respeito|Rapid Spin|p2a: Zangetsu
|-crit|p2a: Zangetsu
|-damage|p2a: Zangetsu|71/100
|-boost|p1a: ADM de respeito|spe|1
|-damage|p1a: ADM de respeito|34/100|[from] ability: Rough Skin|[of] p2a: Zangetsu
|-sideend|p1: p1|Stealth Rock|[from] move: Rapid Spin|[of] p1a: ADM de respeito
|
|-heal|p1a: ADM de respeito|40/100|[from] item: Leftovers
|turn|19
|
|move|p2a: Zangetsu|Earthquake|p1a: ADM de respeito
|-damage|p1a: ADM de respeito|12/100
|-damage|p2a: Zangetsu|61/100|[from] item: Life Orb
|move|p1a: ADM de respeito|Knock Off|p2a: Zangetsu
|-crit|p2a: Zangetsu
|-damage|p2a: Zangetsu|20/100
|-damage|p1a: ADM de respeito|0 fnt|[from] ability: Rough Skin|[of] p2a: Zangetsu
|faint|p1a: ADM de respeito
|-end|p1a: ADM de respeito|Protosynthesis|[silent]
|
|
|switch|p1a: FIre bl4st|Iron Valiant, tera:Fairy|88/100
|turn|20
|
|move|p1a: FIre bl4st|Moonblast|p2a: Zangetsu
|-supereffective|p2a: Zangetsu
|-damage|p2a: Zangetsu|0 fnt
|faint|p2a: Zangetsu
|
|
|switch|p2a: Overgod|Kingambit, M, shiny, tera:Fairy|78/100
|-activate|p2a: Overgod|ability: Supreme Overlord
|-start|p2a: Overgod|fallen4|[silent]
|turn|21
|
|-end|p1a: FIre bl4st|Quark Drive|[silent]
|switch|p1a: Stonks obrigado|Clodsire, M|87/100
|move|p2a: Overgod|Kowtow Cleave|p1a: Stonks obrigado
|-damage|p1a: Stonks obrigado|10/100
|
|turn|22
|
|move|p2a: Overgod|Sucker Punch||[still]
|-fail|p2a: Overgod
|move|p1a: Stonks obrigado|Toxic|p2a: Overgod
|-status|p2a: Overgod|tox
|-enditem|p2a: Overgod|Lum Berry|[eat]
|-curestatus|p2a: Overgod|tox|[msg]
|
|turn|23
|
|-end|p2a: Overgod|fallen4|[silent]
|switch|p2a: Leviathan|Dragapult, M, shiny|100/100
|move|p1a: Stonks obrigado|Toxic|p2a: Leviathan
|-status|p2a: Leviathan|tox
|
|-damage|p2a: Leviathan|95/100 tox|[from] psn
|turn|24
|
|move|p2a: Leviathan|U-turn|p1a: Stonks obrigado
|-resisted|p1a: Stonks obrigado
|-damage|p1a: Stonks obrigado|0 fnt
|faint|p1a: Stonks obrigado
|
|switch|p2a: Overgod|Kingambit, M, shiny, tera:Fairy|78/100|[from] U-turn
|-activate|p2a: Overgod|ability: Supreme Overlord
|-start|p2a: Overgod|fallen4|[silent]
|
|
|switch|p1a: tiringa|Corviknight, M|75/100
|-ability|p1a: tiringa|Pressure
|turn|25
|
|-end|p2a: Overgod|fallen4|[silent]
|switch|p2a: Leviathan|Dragapult, M, shiny|95/100 tox
|move|p1a: tiringa|Brave Bird|p2a: Leviathan
|-damage|p2a: Leviathan|40/100 tox
|-damage|p1a: tiringa|61/100|[from] Recoil
|
|-heal|p1a: tiringa|67/100|[from] item: Leftovers
|-damage|p2a: Leviathan|34/100 tox|[from] psn
|turn|26
|
|move|p2a: Leviathan|Dragon Darts|p1a: tiringa
|-resisted|p1a: tiringa
|-crit|p1a: tiringa
|-damage|p1a: tiringa|49/100
|-anim|p2a: Leviathan|Dragon Darts|p1a: tiringa
|-resisted|p1a: tiringa
|-damage|p1a: tiringa|37/100
|move|p1a: tiringa|Brave Bird|p2a: Leviathan
|-damage|p2a: Leviathan|0 fnt
|faint|p2a: Leviathan
|-damage|p1a: tiringa|28/100|[from] Recoil
|
|-heal|p1a: tiringa|34/100|[from] item: Leftovers
|
|switch|p2a: Overgod|Kingambit, M, shiny, tera:Fairy|78/100
|-activate|p2a: Overgod|ability: Supreme Overlord
|-start|p2a: Overgod|fallen5|[silent]
|turn|27
|
|move|p2a: Overgod|Swords Dance|p2a: Overgod
|-boost|p2a: Overgod|atk|2
|move|p1a: tiringa|U-turn|p2a: Overgod
|-resisted|p2a: Overgod
|-damage|p2a: Overgod|72/100
|
|switch|p1a: FIre bl4st|Iron Valiant, tera:Fairy|88/100|[from] U-turn
|
|turn|28
|
|move|p1a: FIre bl4st|Trick|p2a: Overgod
|-activate|p1a: FIre bl4st|move: Trick|[of] p2a: Overgod
|-item|p2a: Overgod|Choice Scarf|[from] move: Trick
|-enditem|p1a: FIre bl4st|Choice Scarf|[silent]|[from] move: Trick
|move|p2a: Overgod|Swords Dance|p2a: Overgod
|-boost|p2a: Overgod|atk|2
|
|turn|29
|
|move|p1a: FIre bl4st|Moonblast|p2a: Overgod
|-damage|p2a: Overgod|5/100
|move|p2a: Overgod|Swords Dance|p2a: Overgod
|-boost|p2a: Overgod|atk|2
|
|turn|30
|
|-end|p1a: FIre bl4st|Quark Drive|[silent]
|switch|p1a: tiringa|Corviknight, M|34/100
|-ability|p1a: tiringa|Pressure
|move|p2a: Overgod|Swords Dance|p2a: Overgod
|-boost|p2a: Overgod|atk|0
|
|-heal|p1a: tiringa|40/100|[from] item: Leftovers
|turn|31
|
|move|p2a: Overgod|Swords Dance|p2a: Overgod
|-boost|p2a: Overgod|atk|0
|move|p1a: tiringa|Brave Bird|p2a: Overgod
|-damage|p2a: Overgod|0 fnt
|faint|p2a: Overgod
|-end|p2a: Overgod|fallen5|[silent]
|-damage|p1a: tiringa|39/100|[from] Recoil
|
|win|p1
|n|☆p1|renato7
