# advantage = p2
|poke|p1|Garchomp, M|
|poke|p1|Zapdos|
|poke|p1|Heatran, F|
|poke|p1|Arcanine-Hisui, F|
|poke|p1|Toxapex, F|
|poke|p1|Great Tusk|
|poke|p2|Ceruledge, F|
|poke|p2|Hatterene, F|
|poke|p2|Roaring Moon|
|poke|p2|Walking Wake|
|poke|p2|Lilligant-Hisui, F|
|poke|p2|Torkoal, F|
|teampreview
|
|start
|switch|p1a: Arcanine|Arcanine-Hisui, F|100/100
|switch|p2a: Serpente-Eau|Walking Wake|100/100
|turn|1
|
|switch|p1a: Toxapex|Toxapex, F|100/100
|move|p2a: Serpente-Eau|Draco Meteor|p1a: Toxapex
|-damage|p1a: Toxapex|42/100
|-unboost|p2a: Serpente-Eau|spa|2
|
|turn|2
|
|-end|p2a: Serpente-Eau|Protosynthesis|[silent]
|switch|p2a: Hatterene|Hatterene, F|100/100
|switch|p1a: Arcanine|Arcanine-Hisui, F|100/100
|
|turn|3
|
|switch|p2a: Torkoal|Torkoal, F|100/100
|-weather|SunnyDay|[from] ability: Drought|[of] p2a: Torkoal
|move|p1a: Arcanine|Head Smash|p2a: Torkoal
|-supereffective|p2a: Torkoal
|-damage|p2a: Torkoal|0 fnt
|faint|p2a: Torkoal
|
|-weather|SunnyDay|[upkeep]
|
|switch|p2a: Serpente-Eau|Walking Wake|100/100
|-activate|p2a: Serpente-Eau|ability: Protosynthesis
|-start|p2a: Serpente-Eau|protosynthesisspe
|turn|4
|
|switch|p1a: Toxapex|Toxapex, F|75/100
|-terastallize|p2a: Serpente-Eau|Water
|move|p2a: Serpente-Eau|Hydro Steam|p1a: Toxapex
|-resisted|p1a: Toxapex
|-damage|p1a: Toxapex|41/100
|
|-weather|SunnyDay|[upkeep]
|turn|5
|
|-end|p2a: Serpente-Eau|Protosynthesis|[silent]
|switch|p2a: Roaring Moon|Roaring Moon|100/100
|-activate|p2a: Roaring Moon|ability: Protosynthesis
|-start|p2a: Roaring Moon|protosynthesisatk
|move|p1a: Toxapex|Sludge Bomb|p2a: Roaring Moon
|-damage|p2a: Roaring Moon|75/100
|
|-weather|SunnyDay|[upkeep]
|turn|6
|
|switch|p1a: Garchomp|Garchomp, M|100/100
|move|p2a: Roaring Moon|U-turn|p1a: Garchomp
|-damage|p1a: Garchomp|72/100
|-damage|p2a: Roaring Moon|63/100|[from] ability: Rough Skin|[of] p1a: Garchomp
|-damage|p2a: Roaring Moon|46/100|[from] item: Rocky Helmet|[of] p1a: Garchomp
|
|-end|p2a: Roaring Moon|Protosynthesis|[silent]
|switch|p2a: Serpente-Eau|Walking Wake, tera:Water|100/100|[from] U-turn
|-activate|p2a: Serpente-Eau|ability: Protosynthesis
|-start|p2a: Serpente-Eau|protosynthesisspe
|
|-weather|SunnyDay|[upkeep]
|turn|7
|
|switch|p1a: Toxapex|Toxapex, F|75/100
|move|p2a: Serpente-Eau|Dragon Pulse|p1a: Toxapex
|-damage|p1a: Toxapex|38/100
|
|-weather|SunnyDay|[upkeep]
|turn|8
|
|-end|p2a: Serpente-Eau|Protosynthesis|[silent]
|switch|p2a: Lilligant|Lilligant-Hisui, F|100/100
|switch|p1a: Heatran|Heatran, F|100/100
|
|-weather|SunnyDay|[upkeep]
|turn|9
|
|switch|p1a: Garchomp|Garchomp, M|72/100
|move|p2a: Lilligant|Sleep Powder|p1a: Garchomp
|-status|p1a: Garchomp|slp|[from] move: Sleep Powder
|
|-weather|SunnyDay|[upkeep]
|turn|10
|
|switch|p1a: Zapdos|Zapdos|100/100
|move|p2a: Lilligant|Ice Spinner|p1a: Zapdos
|-supereffective|p1a: Zapdos
|-damage|p1a: Zapdos|48/100
|-damage|p2a: Lilligant|91/100|[from] item: Life Orb
|
|-weather|none
|turn|11
|
|switch|p1a: Arcanine|Arcanine-Hisui, F|100/100
|move|p2a: Lilligant|Solar Blade||[still]
|-prepare|p2a: Lilligant|Solar Blade
|
|turn|12
|
|move|p2a: Lilligant|Solar Blade|p1a: Arcanine|[from]lockedmove
|-damage|p1a: Arcanine|0 fnt
|faint|p1a: Arcanine
|-damage|p2a: Lilligant|81/100|[from] item: Life Orb
|
|
|switch|p1a: Great Tusk|Great Tusk|100/100
|turn|13
|
|switch|p2a: Hatterene|Hatterene, F|100/100
|move|p1a: Great Tusk|Ice Spinner|p2a: Hatterene
|-damage|p2a: Hatterene|75/100
|
|-heal|p2a: Hatterene|81/100|[from] item: Leftovers
|turn|14
|
|-end|p1a: Great Tusk|Protosynthesis|[silent]
|switch|p1a: Heatran|Heatran, F|100/100
|move|p2a: Hatterene|Draining Kiss|p1a: Heatran
|-resisted|p1a: Heatran
|-damage|p1a: Heatran|97/100
|-heal|p2a: Hatterene|84/100|[from] drain|[of] p1a: Heatran
|
|-heal|p1a: Heatran|100/100|[from] item: Leftovers
|-heal|p2a: Hatterene|90/100|[from] item: Leftovers
|turn|15
|
|switch|p2a: Roaring Moon|Roaring Moon|46/100
|move|p1a: Heatran|Magma Storm|p2a: Roaring Moon
|-resisted|p2a: Roaring Moon
|-damage|p2a: Roaring Moon|27/100
|-activate|p2a: Roaring Moon|move: Magma Storm|[of] p1a: Heatran
|
|-damage|p2a: Roaring Moon|15/100|[from] move: Magma Storm|[partiallytrapped]
|turn|16
|
|move|p1a: Heatran|Protect|p1a: Heatran
|-singleturn|p1a: Heatran|Protect
|move|p2a: Roaring Moon|Earthquake|p1a: Heatran
|-activate|p1a: Heatran|move: Protect
|
|-damage|p2a: Roaring Moon|2/100|[from] move: Magma Storm|[partiallytrapped]
|turn|17
|
|switch|p1a: Zapdos|Zapdos|48/100
|move|p2a: Roaring Moon|Earthquake|p1a: Zapdos
|-immune|p1a: Zapdos
|
|-end|p2a: Roaring Moon|Magma Storm|[partiallytrapped]|[silent]
|turn|18
|
|-end|p2a: Roaring Moon|Protosynthesis|[silent]
|switch|p2a: Ceruledge|Ceruledge, F|100/100
|move|p1a: Zapdos|Roost|p1a: Zapdos
|-heal|p1a: Zapdos|98/100
|-singleturn|p1a: Zapdos|move: Roost
|
|turn|19
|
|move|p2a: Ceruledge|Swords Dance|p2a: Ceruledge
|-boost|p2a: Ceruledge|atk|2
|move|p1a: Zapdos|Volt Switch|p2a: Ceruledge
|-damage|p2a: Ceruledge|69/100
|
|switch|p1a: Great Tusk|Great Tusk|100/100|[from] Volt Switch
|
|turn|20
|
|move|p1a: Great Tusk|Headlong Rush|p2a: Ceruledge
|-supereffective|p2a: Ceruledge
|-crit|p2a: Ceruledge
|-damage|p2a: Ceruledge|0 fnt
|-unboost|p1a: Great Tusk|def|1
|-unboost|p1a: Great Tusk|spd|1
|faint|p2a: Ceruledge
|
|
|switch|p2a: Serpente-Eau|Walking Wake, tera:Water|100/100
|turn|21
|
|-end|p1a: Great Tusk|Protosynthesis|[silent]
|switch|p1a: Toxapex|Toxapex, F|71/100
|move|p2a: Serpente-Eau|Draco Meteor|p1a: Toxapex
|-damage|p1a: Toxapex|18/100
|-unboost|p2a: Serpente-Eau|spa|2
|
|turn|22
|
|-end|p2a: Serpente-Eau|Protosynthesis|[silent]
|switch|p2a: Lilligant|Lilligant-Hisui, F|81/100
|switch|p1a: Zapdos|Zapdos|98/100
|
|turn|23
|
|move|p2a: Lilligant|Ice Spinner|p1a: Zapdos
|-supereffective|p1a: Zapdos
|-crit|p1a: Zapdos
|-damage|p1a: Zapdos|26/100
|-damage|p2a: Lilligant|71/100|[from] item: Life Orb
|move|p1a: Zapdos|Hurricane|p2a: Lilligant
|-supereffective|p2a: Lilligant
|-damage|p2a: Lilligant|0 fnt
|faint|p2a: Lilligant
|
|
|switch|p2a: Serpente-Eau|Walking Wake, tera:Water|100/100
|turn|24
|
|switch|p1a: Toxapex|Toxapex, F|51/100
|move|p2a: Serpente-Eau|Draco Meteor|p1a: Toxapex
|-damage|p1a: Toxapex|0 fnt
|-unboost|p2a: Serpente-Eau|spa|2
|faint|p1a: Toxapex
|
|
|switch|p1a: Great Tusk|Great Tusk|100/100
|turn|25
|
|-end|p2a: Serpente-Eau|Protosynthesis|[silent]
|switch|p2a: Roaring Moon|Roaring Moon|2/100
|move|p1a: Great Tusk|Headlong Rush|p2a: Roaring Moon
|-damage|p2a: Roaring Moon|0 fnt
|-unboost|p1a: Great Tusk|def|1
|-unboost|p1a: Great Tusk|spd|1
|faint|p2a: Roaring Moon
|-end|p2a: Roaring Moon|Protosynthesis|[silent]
|
|
|switch|p2a: Hatterene|Hatterene, F|90/100
|turn|26
|
|-end|p1a: Great Tusk|Protosynthesis|[silent]
|switch|p1a: Heatran|Heatran, F|100/100
|switch|p2a: Serpente-Eau|Walking Wake, tera:Water|100/100
|
|turn|27
|
|move|p1a: Heatran|Protect|p1a: Heatran
|-singleturn|p1a: Heatran|Protect
|move|p2a: Serpente-Eau|Hydro Steam|p1a: Heatran
|-activate|p1a: Heatran|move: Protect
|
|turn|28
|
|switch|p1a: Zapdos|Zapdos|26/100
|move|p2a: Serpente-Eau|Hydro Steam|p1a: Zapdos
|-damage|p1a: Zapdos|0 fnt
|faint|p1a: Zapdos
|
|
|switch|p1a: Heatran|Heatran, F|100/100
|turn|29
|
|-terastallize|p1a: Heatran|Flying
|move|p2a: Serpente-Eau|Hydro Steam|p1a: Heatran
|-damage|p1a: Heatran|48/100
|move|p1a: Heatran|Magma Storm|p2a: Serpente-Eau
|-resisted|p2a: Serpente-Eau
|-damage|p2a: Serpente-Eau|76/100
|-activate|p2a: Serpente-Eau|move: Magma Storm|[of] p1a: Heatran
|
|-heal|p1a: Heatran|54/100|[from] item: Leftovers
|-damage|p2a: Serpente-Eau|64/100|[from] move: Magma Storm|[partiallytrapped]
|turn|30
|
|move|p1a: Heatran|Protect|p1a: Heatran
|-singleturn|p1a: Heatran|Protect
|move|p2a: Serpente-Eau|Hydro Steam|p1a: Heatran
|-activate|p1a: Heatran|move: Protect
|
|-heal|p1a: Heatran|60/100|[from] item: Leftovers
|-damage|p2a: Serpente-Eau|51/100|[from] move: Magma Storm|[partiallytrapped]
|turn|31
|
|move|p2a: Serpente-Eau|Hydro Steam|p1a: Heatran
|-damage|p1a: Heatran|6/100
|move|p1a: Heatran|Earth Power|p2a: Serpente-Eau
|-damage|p2a: Serpente-Eau|23/100
|
|-heal|p1a: Heatran|12/100|[from] item: Leftovers
|-damage|p2a: Serpente-Eau|10/100|[from] move: Magma Storm|[partiallytrapped]
|turn|32
|
|move|p1a: Heatran|Protect|p1a: Heatran
|-singleturn|p1a: Heatran|Protect
|move|p2a: Serpente-Eau|Hydro Steam|p1a: Heatran
|-activate|p1a: Heatran|move: Protect
|
|-heal|p1a: Heatran|19/100|[from] item: Leftovers
|-damage|p2a: Serpente-Eau|0 fnt|[from] move: Magma Storm|[partiallytrapped]
|faint|p2a: Serpente-Eau
|-end|p2a: Serpente-Eau|Protosynthesis|[silent]
|
|switch|p2a: Hatterene|Hatterene, F|90/100
|turn|33
|
|move|p1a: Heatran|Protect|p1a: Heatran
|-singleturn|p1a: Heatran|Protect
|move|p2a: Hatterene|Psyshock|p1a: Heatran
|-activate|p1a: Heatran|move: Protect
|
|-heal|p1a: Heatran|25/100|[from] item: Leftovers
|-heal|p2a: Hatterene|96/100|[from] item: Leftovers
|turn|34
|
|switch|p1a: Garchomp|Garchomp, M|72/100 slp
|move|p2a: Hatterene|Psyshock|p1a: Garchomp
|-damage|p1a: Garchomp|48/100 slp
|
|-heal|p2a: Hatterene|100/100|[from] item: Leftovers
|turn|35
|
|cant|p1a: Garchomp|slp
|move|p2a: Hatterene|Calm Mind|p2a: Hatterene
|-boost|p2a: Hatterene|spa|1
|-boost|p2a: Hatterene|spd|1
|
|turn|36
|
|cant|p1a: Garchomp|slp
|move|p2a: Hatterene|Draining Kiss|p1a: Garchomp
|-supereffective|p1a: Garchomp
|-damage|p1a: Garchomp|0 fnt
|-damage|p2a: Hatterene|88/100|[from] ability: Rough Skin|[of] p1a: Garchomp
|-damage|p2a: Hatterene|72/100|[from] item: Rocky Helmet|[of] p1a: Garchomp
|faint|p1a: Garchomp
|
|-heal|p2a: Hatterene|78/100|[from] item: Leftovers
|
|switch|p1a: Great Tusk|Great Tusk|100/100
|turn|37
|
|move|p1a: Great Tusk|Headlong Rush|p2a: Hatterene
|-damage|p2a: Hatterene|28/100
|-unboost|p1a: Great Tusk|def|1
|-unboost|p1a: Great Tusk|spd|1
|move|p2a: Hatterene|Draining Kiss|p1a: Great Tusk
|-supereffective|p1a: Great Tusk
|-damage|p1a: Great Tusk|0 fnt
|-heal|p2a: Hatterene|100/100|[from] drain|[of] p1a: Great Tusk
|faint|p1a: Great Tusk
|-end|p1a: Great Tusk|Protosynthesis|[silent]
|
|
|switch|p1a: Heatran|Heatran, F, tera:Flying|25/100
|turn|38
|
|move|p1a: Heatran|Magma Storm|p2a: Hatterene
|-damage|p2a: Hatterene|69/100
|-activate|p2a: Hatterene|move: Magma Storm|[of] p1a: Heatran
|move|p2a: Hatterene|Psyshock|p1a: Heatran
|-damage|p1a: Heatran|0 fnt
|faint|p1a: Heatran
|
|win|p2
