|poke|p1|Meloetta|
|poke|p1|Zamazenta-*|
|poke|p1|Magearna|
|poke|p1|Glimmora, F|
|poke|p1|Samurott-Hisui, M|
|poke|p1|Zoroark-Hisui, F|
|poke|p2|Overqwil, M|
|poke|p2|Basculegion-F, F|
|poke|p2|Pelipper, M|
|poke|p2|Thundurus-Therian, M|
|poke|p2|Volcanion|
|poke|p2|Iron Treads|
|teampreview
|
|start
|switch|p1a: Samurott|Samurott-Hisui, M, shiny|100/100
|switch|p2a: ol’ reliable|Pelipper, M|100/100
|-weather|RainDance|[from] ability: Drizzle|[of] p2a: ol’ reliable
|turn|1
|
|move|p1a: Samurott|Hyper Voice|p2a: ol’ reliable
|-damage|p2a: ol’ reliable|6/100
|move|p2a: ol’ reliable|U-turn|p1a: Samurott
|-resisted|p1a: Samurott
|-damage|p1a: Samurott|91/100
|replace|p1a: Zoroark|Zoroark-Hisui, F, shiny
|-end|p1a: Zoroark|Illusion
|
|switch|p2a: qwil or be qwil’d|Overqwil, M|100/100|[from] U-turn
|
|-weather|RainDance|[upkeep]
|turn|2
|
|switch|p1a: Magearna|Magearna|100/100
|move|p2a: qwil or be qwil’d|Crunch|p1a: Magearna
|-resisted|p1a: Magearna
|-damage|p1a: Magearna|80/100
|-damage|p2a: qwil or be qwil’d|91/100|[from] item: Life Orb
|
|-weather|RainDance|[upkeep]
|-heal|p1a: Magearna|86/100|[from] item: Leftovers
|turn|3
|
|switch|p2a: walking fake|Volcanion|100/100
|move|p1a: Magearna|Iron Defense|p1a: Magearna
|-boost|p1a: Magearna|def|2
|
|-weather|RainDance|[upkeep]
|-heal|p1a: Magearna|92/100|[from] item: Leftovers
|turn|4
|
|-terastallize|p1a: Magearna|Water
|move|p2a: walking fake|Steam Eruption|p1a: Magearna
|-resisted|p1a: Magearna
|-damage|p1a: Magearna|28/100
|move|p1a: Magearna|Calm Mind|p1a: Magearna
|-boost|p1a: Magearna|spa|1
|-boost|p1a: Magearna|spd|1
|
|-weather|RainDance|[upkeep]
|-heal|p1a: Magearna|34/100|[from] item: Leftovers
|turn|5
|
|move|p2a: walking fake|Steam Eruption|p1a: Magearna
|-resisted|p1a: Magearna
|-damage|p1a: Magearna|0 fnt
|faint|p1a: Magearna
|
|-weather|RainDance|[upkeep]
|
|switch|p1a: Samurott|Samurott-Hisui, M, shiny|100/100
|turn|6
|
|move|p1a: Samurott|Ceaseless Edge|p2a: walking fake
|-damage|p2a: walking fake|54/100
|-sidestart|p2: datsplashtho|Spikes
|move|p2a: walking fake|Steam Eruption|p1a: Samurott
|-resisted|p1a: Samurott
|-damage|p1a: Samurott|0 fnt
|faint|p1a: Samurott
|
|-weather|RainDance|[upkeep]
|
|switch|p1a: Glimmora|Glimmora, F, shiny|100/100
|-item|p1a: Glimmora|Air Balloon
|turn|7
|
|switch|p2a: no respects|Basculegion-F, F|100/100
|-damage|p2a: no respects|88/100|[from] Spikes
|move|p1a: Glimmora|Stealth Rock|p2a: no respects
|-sidestart|p2: datsplashtho|move: Stealth Rock
|
|-weather|RainDance|[upkeep]
|turn|8
|
|move|p2a: no respects|Hydro Pump|p1a: Glimmora
|-supereffective|p1a: Glimmora
|-damage|p1a: Glimmora|0 fnt
|-enditem|p1a: Glimmora|Air Balloon
|faint|p1a: Glimmora
|-damage|p2a: no respects|78/100|[from] item: Life Orb
|
|-weather|none
|
|switch|p1a: Zamazenta|Zamazenta, shiny|100/100
|-ability|p1a: Zamazenta|Dauntless Shield|boost
|-boost|p1a: Zamazenta|def|1
|turn|9
|
|move|p1a: Zamazenta|Iron Defense|p1a: Zamazenta
|-boost|p1a: Zamazenta|def|2
|move|p2a: no respects|Hydro Pump|p1a: Zamazenta
|-damage|p1a: Zamazenta|52/100
|-damage|p2a: no respects|68/100|[from] item: Life Orb
|
|-heal|p1a: Zamazenta|58/100|[from] item: Leftovers
|turn|10
|
|move|p1a: Zamazenta|Crunch|p2a: no respects
|-supereffective|p2a: no respects
|-damage|p2a: no respects|16/100
|move|p2a: no respects|Hydro Pump|p1a: Zamazenta
|-damage|p1a: Zamazenta|8/100
|-damage|p2a: no respects|6/100|[from] item: Life Orb
|
|-heal|p1a: Zamazenta|14/100|[from] item: Leftovers
|turn|11
|
|move|p1a: Zamazenta|Crunch|p2a: no respects
|-supereffective|p2a: no respects
|-damage|p2a: no respects|0 fnt
|faint|p2a: no respects
|
|-heal|p1a: Zamazenta|20/100|[from] item: Leftovers
|
|switch|p2a: holy shamone|Thundurus-Therian, M|100/100
|turn|12
|
|move|p2a: holy shamone|Agility|p2a: holy shamone
|-boost|p2a: holy shamone|spe|2
|move|p1a: Zamazenta|Body Press|p2a: holy shamone
|-resisted|p2a: holy shamone
|-damage|p2a: holy shamone|26/100
|
|-heal|p1a: Zamazenta|27/100|[from] item: Leftovers
|turn|13
|
|move|p2a: holy shamone|Thunder|p1a: Zamazenta
|-damage|p1a: Zamazenta|0 fnt
|faint|p1a: Zamazenta
|
|
|switch|p1a: Meloetta|Meloetta|100/100
|turn|14
|
|move|p2a: holy shamone|Thunder|p1a: Meloetta
|-damage|p1a: Meloetta|45/100
|move|p1a: Meloetta|Relic Song|p2a: holy shamone
|-damage|p2a: holy shamone|0 fnt
|faint|p2a: holy shamone
|-formechange|p1a: Meloetta|Meloetta-Pirouette|[msg]
|-enditem|p1a: Meloetta|Throat Spray
|-boost|p1a: Meloetta|spa|1|[from] item: Throat Spray
|
|
|switch|p2a: alive or tread|Iron Treads|100/100
|-damage|p2a: alive or tread|88/100|[from] Spikes
|-damage|p2a: alive or tread|85/100|[from] Stealth Rock
|turn|15
|
|move|p1a: Meloetta|Close Combat|p2a: alive or tread
|-supereffective|p2a: alive or tread
|-damage|p2a: alive or tread|0 fnt
|-unboost|p1a: Meloetta|def|1
|-unboost|p1a: Meloetta|spd|1
|faint|p2a: alive or tread
|-end|p2a: alive or tread|Quark Drive|[silent]
|
|-message|datsplashtho forfeited.
|
|win|Envymetta_TTV
|l|☆datsplashtho
