|poke|p1|Lilligant-Hisui, F|
|poke|p1|Torkoal, F|
|poke|p1|Clodsire, M|
|poke|p1|Ceruledge, M|
|poke|p1|Walking Wake|
|poke|p1|Roaring Moon|
|poke|p2|Quaquaval, M|
|poke|p2|Corviknight, M|
|poke|p2|Landorus-Therian, M|
|poke|p2|Thundurus, M|
|poke|p2|Heatran, F|
|poke|p2|Hatterene, F|
|teampreview
|
|start
|switch|p1a: Oogway|Torkoal, F|100/100
|switch|p2a: Hatterene|Hatterene, F|100/100
|-weather|SunnyDay|[from] ability: Drought|[of] p1a: Oogway
|turn|1
|
|move|p2a: Hatterene|Light Screen|p2a: Hatterene
|-sidestart|p2: TheResearcher100|move: Light Screen
|move|p1a: Oogway|Yawn|p2a: Hatterene
|move|p2a: Hatterene|Yawn|p1a: Oogway|[from]ability: Magic Bounce
|-start|p1a: Oogway|move: Yawn|[of] p2a: Hatterene
|
|-weather|SunnyDay|[upkeep]
|turn|2
|
|switch|p1a: Velocipastor|Walking Wake|100/100
|-activate|p1a: Velocipastor|ability: Protosynthesis
|-start|p1a: Velocipastor|protosynthesisspe
|move|p2a: Hatterene|Reflect|p2a: Hatterene
|-sidestart|p2: TheResearcher100|Reflect
|
|-weather|SunnyDay|[upkeep]
|turn|3
|
|switch|p2a: Thundurus|Thundurus, M|100/100
|move|p1a: Velocipastor|Hydro Steam|p2a: Thundurus
|-damage|p2a: Thundurus|50/100
|
|-weather|SunnyDay|[upkeep]
|turn|4
|
|move|p2a: Thundurus|Swagger|p1a: Velocipastor
|-boost|p1a: Velocipastor|atk|2
|-start|p1a: Velocipastor|confusion
|-activate|p1a: Velocipastor|confusion
|move|p1a: Velocipastor|Hydro Steam|p2a: Thundurus
|-damage|p2a: Thundurus|2/100
|
|-weather|SunnyDay|[upkeep]
|turn|5
|
|move|p2a: Thundurus|Thunder Wave|p1a: Velocipastor
|-status|p1a: Velocipastor|par
|-end|p1a: Velocipastor|confusion
|cant|p1a: Velocipastor|par
|
|-weather|SunnyDay|[upkeep]
|turn|6
|
|move|p2a: Thundurus|Thunder Wave|p1a: Velocipastor
|-fail|p1a: Velocipastor|par
|move|p1a: Velocipastor|Hydro Steam|p2a: Thundurus
|-damage|p2a: Thundurus|0 fnt
|faint|p2a: Thundurus
|
|-weather|SunnyDay|[upkeep]
|
|switch|p2a: Hatterene|Hatterene, F|100/100
|turn|7
|
|switch|p2a: Corviknight|Corviknight, M|100/100
|cant|p1a: Velocipastor|par
|
|-weather|SunnyDay|[upkeep]
|turn|8
|
|-end|p1a: Velocipastor|Protosynthesis|[silent]
|switch|p1a: Anakin|Ceruledge, M|100/100
|move|p2a: Corviknight|Iron Defense|p2a: Corviknight
|-boost|p2a: Corviknight|def|2
|
|-weather|none
|-sideend|p2: TheResearcher100|move: Light Screen
|turn|9
|
|switch|p2a: Landorus|Landorus-Therian, M|100/100
|-ability|p2a: Landorus|Intimidate|boost
|-unboost|p1a: Anakin|atk|1
|move|p1a: Anakin|Swords Dance|p1a: Anakin
|-boost|p1a: Anakin|atk|2
|
|-sideend|p2: TheResearcher100|Reflect
|turn|10
|
|move|p2a: Landorus|Earthquake|p1a: Anakin
|-supereffective|p1a: Anakin
|-enditem|p1a: Anakin|Focus Sash
|-damage|p1a: Anakin|1/100
|-ability|p1a: Anakin|Weak Armor|boost
|-unboost|p1a: Anakin|def|1
|-boost|p1a: Anakin|spe|2
|move|p1a: Anakin|Swords Dance|p1a: Anakin
|-boost|p1a: Anakin|atk|2
|
|turn|11
|
|move|p1a: Anakin|Shadow Sneak|p2a: Landorus
|-damage|p2a: Landorus|45/100
|move|p2a: Landorus|Earthquake|p1a: Anakin
|-supereffective|p1a: Anakin
|-damage|p1a: Anakin|0 fnt
|faint|p1a: Anakin
|
|
|switch|p1a: Velocipastor|Walking Wake|100/100 par
|turn|12
|
|move|p2a: Landorus|Earthquake|p1a: Velocipastor
|-damage|p1a: Velocipastor|49/100 par
|cant|p1a: Velocipastor|par
|
|turn|13
|
|move|p2a: Landorus|Earthquake|p1a: Velocipastor
|-damage|p1a: Velocipastor|0 fnt
|faint|p1a: Velocipastor
|-end|p1a: Velocipastor|Protosynthesis|[silent]
|
|
|switch|p1a: Oogway|Torkoal, F|100/100
|-weather|SunnyDay|[from] ability: Drought|[of] p1a: Oogway
|turn|14
|
|move|p2a: Landorus|Earthquake|p1a: Oogway
|-supereffective|p1a: Oogway
|-crit|p1a: Oogway
|-damage|p1a: Oogway|0 fnt
|faint|p1a: Oogway
|
|-weather|SunnyDay|[upkeep]
|
|switch|p1a: AAAAAAAAA|Roaring Moon|100/100
|-activate|p1a: AAAAAAAAA|ability: Protosynthesis
|-start|p1a: AAAAAAAAA|protosynthesisatk
|turn|15
|
|switch|p2a: Corviknight|Corviknight, M|100/100
|move|p1a: AAAAAAAAA|Dragon Claw|p2a: Corviknight
|-resisted|p2a: Corviknight
|-damage|p2a: Corviknight|71/100
|
|-weather|SunnyDay|[upkeep]
|-heal|p2a: Corviknight|77/100|[from] item: Leftovers
|turn|16
|
|-end|p1a: AAAAAAAAA|Protosynthesis|[silent]
|switch|p1a: Unrelated|Lilligant-Hisui, F, shiny|100/100
|move|p2a: Corviknight|Roost|p2a: Corviknight
|-heal|p2a: Corviknight|100/100
|-singleturn|p2a: Corviknight|move: Roost
|
|-weather|SunnyDay|[upkeep]
|turn|17
|
|-terastallize|p1a: Unrelated|Fire
|move|p1a: Unrelated|Tera Blast|p2a: Corviknight
|-supereffective|p2a: Corviknight
|-damage|p2a: Corviknight|16/100
|-damage|p1a: Unrelated|91/100|[from] item: Life Orb
|move|p2a: Corviknight|Body Press|p1a: Unrelated
|-damage|p1a: Unrelated|51/100
|
|-weather|SunnyDay|[upkeep]
|-heal|p2a: Corviknight|22/100|[from] item: Leftovers
|turn|18
|
|switch|p2a: Heatran|Heatran, F|100/100
|move|p1a: Unrelated|Axe Kick|p2a: Heatran
|-supereffective|p2a: Heatran
|-damage|p2a: Heatran|0 fnt
|faint|p2a: Heatran
|-damage|p1a: Unrelated|41/100|[from] item: Life Orb
|
|-weather|SunnyDay|[upkeep]
|
|switch|p2a: Landorus|Landorus-Therian, M|45/100
|-ability|p2a: Landorus|Intimidate|boost
|-unboost|p1a: Unrelated|atk|1
|turn|19
|
|move|p1a: Unrelated|Solar Blade||[still]
|-prepare|p1a: Unrelated|Solar Blade
|-anim|p1a: Unrelated|Solar Blade|p2a: Landorus
|-damage|p2a: Landorus|0 fnt
|faint|p2a: Landorus
|-damage|p1a: Unrelated|31/100|[from] item: Life Orb
|
|-weather|SunnyDay|[upkeep]
|
|switch|p2a: Quaquaval|Quaquaval, M|100/100
|turn|20
|
|move|p1a: Unrelated|Solar Blade||[still]
|-prepare|p1a: Unrelated|Solar Blade
|-anim|p1a: Unrelated|Solar Blade|p2a: Quaquaval
|-supereffective|p2a: Quaquaval
|-enditem|p2a: Quaquaval|Focus Sash
|-damage|p2a: Quaquaval|1/100
|-damage|p1a: Unrelated|21/100|[from] item: Life Orb
|move|p2a: Quaquaval|Aqua Step|p1a: Unrelated
|-supereffective|p1a: Unrelated
|-damage|p1a: Unrelated|0 fnt
|-boost|p2a: Quaquaval|spe|1
|faint|p1a: Unrelated
|-ability|p2a: Quaquaval|Moxie|boost
|-boost|p2a: Quaquaval|atk|1
|
|-weather|SunnyDay|[upkeep]
|
|switch|p1a: Beanbag|Clodsire, M|100/100
|turn|21
|
|move|p2a: Quaquaval|Ice Spinner|p1a: Beanbag
|-supereffective|p1a: Beanbag
|-damage|p1a: Beanbag|43/100
|move|p1a: Beanbag|Earthquake|p2a: Quaquaval
|-crit|p2a: Quaquaval
|-damage|p2a: Quaquaval|0 fnt
|faint|p2a: Quaquaval
|
|-weather|none
|-heal|p1a: Beanbag|49/100|[from] item: Black Sludge
|
|switch|p2a: Hatterene|Hatterene, F|100/100
|turn|22
|
|move|p2a: Hatterene|Light Screen|p2a: Hatterene
|-sidestart|p2: TheResearcher100|move: Light Screen
|move|p1a: Beanbag|Recover|p1a: Beanbag
|-heal|p1a: Beanbag|99/100
|
|-heal|p1a: Beanbag|100/100|[from] item: Black Sludge
|turn|23
|
|move|p2a: Hatterene|Reflect|p2a: Hatterene
|-sidestart|p2: TheResearcher100|Reflect
|move|p1a: Beanbag|Earthquake|p2a: Hatterene
|-damage|p2a: Hatterene|86/100
|
|turn|24
|
|switch|p2a: Corviknight|Corviknight, M|22/100
|move|p1a: Beanbag|Earthquake|p2a: Corviknight
|-immune|p2a: Corviknight
|
|-heal|p2a: Corviknight|28/100|[from] item: Leftovers
|turn|25
|
|switch|p1a: AAAAAAAAA|Roaring Moon|100/100
|move|p2a: Corviknight|Roost|p2a: Corviknight
|-heal|p2a: Corviknight|78/100
|-singleturn|p2a: Corviknight|move: Roost
|
|-heal|p2a: Corviknight|84/100|[from] item: Leftovers
|turn|26
|
|move|p1a: AAAAAAAAA|Crunch|p2a: Corviknight
|-damage|p2a: Corviknight|62/100
|move|p2a: Corviknight|Iron Defense|p2a: Corviknight
|-boost|p2a: Corviknight|def|2
|
|-heal|p2a: Corviknight|68/100|[from] item: Leftovers
|turn|27
|
|move|p1a: AAAAAAAAA|Crunch|p2a: Corviknight
|-damage|p2a: Corviknight|58/100
|-ability|p2a: Corviknight|Mirror Armor
|-unboost|p1a: AAAAAAAAA|def|1
|move|p2a: Corviknight|Iron Defense|p2a: Corviknight
|-boost|p2a: Corviknight|def|2
|
|-heal|p2a: Corviknight|64/100|[from] item: Leftovers
|turn|28
|
|-end|p1a: AAAAAAAAA|Protosynthesis|[silent]
|switch|p1a: Beanbag|Clodsire, M|100/100
|move|p2a: Corviknight|Roost|p2a: Corviknight
|-heal|p2a: Corviknight|100/100
|-singleturn|p2a: Corviknight|move: Roost
|
|turn|29
|
|move|p2a: Corviknight|Body Press|p1a: Beanbag
|-resisted|p1a: Beanbag
|-damage|p1a: Beanbag|86/100
|move|p1a: Beanbag|Stealth Rock|p2a: Corviknight
|-sidestart|p2: TheResearcher100|move: Stealth Rock
|
|-heal|p1a: Beanbag|92/100|[from] item: Black Sludge
|-sideend|p2: TheResearcher100|move: Light Screen
|turn|30
|
|move|p2a: Corviknight|Body Press|p1a: Beanbag
|-resisted|p1a: Beanbag
|-damage|p1a: Beanbag|77/100
|move|p1a: Beanbag|Stealth Rock||[still]
|-fail|p1a: Beanbag
|
|-heal|p1a: Beanbag|83/100|[from] item: Black Sludge
|-sideend|p2: TheResearcher100|Reflect
|turn|31
|
|move|p2a: Corviknight|Body Press|p1a: Beanbag
|-resisted|p1a: Beanbag
|-damage|p1a: Beanbag|70/100
|move|p1a: Beanbag|Stealth Rock||[still]
|-fail|p1a: Beanbag
|
|-heal|p1a: Beanbag|76/100|[from] item: Black Sludge
|turn|32
|
|move|p2a: Corviknight|Body Press|p1a: Beanbag
|-resisted|p1a: Beanbag
|-damage|p1a: Beanbag|62/100
|move|p1a: Beanbag|Stealth Rock||[still]
|-fail|p1a: Beanbag
|
|-heal|p1a: Beanbag|68/100|[from] item: Black Sludge
|turn|33
|
|move|p2a: Corviknight|Body Press|p1a: Beanbag
|-resisted|p1a: Beanbag
|-damage|p1a: Beanbag|54/100
|move|p1a: Beanbag|Stealth Rock||[still]
|-fail|p1a: Beanbag
|
|-heal|p1a: Beanbag|60/100|[from] item: Black Sludge
|turn|34
|
|move|p2a: Corviknight|Body Press|p1a: Beanbag
|-resisted|p1a: Beanbag
|-damage|p1a: Beanbag|45/100
|move|p1a: Beanbag|Recover|p1a: Beanbag
|-heal|p1a: Beanbag|95/100
|
|-heal|p1a: Beanbag|100/100|[from] item: Black Sludge
|turn|35
|
|move|p2a: Corviknight|Body Press|p1a: Beanbag
|-resisted|p1a: Beanbag
|-damage|p1a: Beanbag|86/100
|move|p1a: Beanbag|Stealth Rock||[still]
|-fail|p1a: Beanbag
|
|-heal|p1a: Beanbag|92/100|[from] item: Black Sludge
|turn|36
|
|move|p2a: Corviknight|Body Press|p1a: Beanbag
|-resisted|p1a: Beanbag
|-damage|p1a: Beanbag|77/100
|move|p1a: Beanbag|Stealth Rock||[still]
|-fail|p1a: Beanbag
|
|-heal|p1a: Beanbag|83/100|[from] item: Black Sludge
|turn|37
|
|move|p2a: Corviknight|Body Press|p1a: Beanbag
|-resisted|p1a: Beanbag
|-damage|p1a: Beanbag|69/100
|move|p1a: Beanbag|Stealth Rock||[still]
|-fail|p1a: Beanbag
|
|-heal|p1a: Beanbag|75/100|[from] item: Black Sludge
|turn|38
|
|move|p2a: Corviknight|Body Press|p1a: Beanbag
|-resisted|p1a: Beanbag
|-damage|p1a: Beanbag|61/100
|move|p1a: Beanbag|Stealth Rock||[still]
|-fail|p1a: Beanbag
|
|-heal|p1a: Beanbag|67/100|[from] item: Black Sludge
|turn|39
|
|move|p2a: Corviknight|Body Press|p1a: Beanbag
|-resisted|p1a: Beanbag
|-damage|p1a: Beanbag|52/100
|move|p1a: Beanbag|Stealth Rock||[still]
|-fail|p1a: Beanbag
|
|-heal|p1a: Beanbag|58/100|[from] item: Black Sludge
|turn|40
|
|move|p2a: Corviknight|Body Press|p1a: Beanbag
|-resisted|p1a: Beanbag
|-damage|p1a: Beanbag|45/100
|move|p1a: Beanbag|Recover|p1a: Beanbag
|-heal|p1a: Beanbag|95/100
|
|-heal|p1a: Beanbag|100/100|[from] item: Black Sludge
|turn|41
|
|move|p2a: Corviknight|Defog|p1a: Beanbag
|-unboost|p1a: Beanbag|evasion|1
|-sideend|p2: TheResearcher100|Stealth Rock|[from] move: Defog|[of] p2a: Corviknight
|move|p1a: Beanbag|Toxic|p2a: Corviknight
|-immune|p2a: Corviknight
|
|turn|42
|
|move|p2a: Corviknight|Iron Defense|p2a: Corviknight
|-boost|p2a: Corviknight|def|2
|move|p1a: Beanbag|Stealth Rock|p2a: Corviknight
|-sidestart|p2: TheResearcher100|move: Stealth Rock
|
|turn|43
|
|move|p2a: Corviknight|Body Press|p1a: Beanbag
|-resisted|p1a: Beanbag
|-damage|p1a: Beanbag|86/100
|move|p1a: Beanbag|Toxic|p2a: Corviknight
|-immune|p2a: Corviknight
|
|-heal|p1a: Beanbag|92/100|[from] item: Black Sludge
|turn|44
|
|move|p2a: Corviknight|Iron Defense|p2a: Corviknight
|-boost|p2a: Corviknight|def|0
|move|p1a: Beanbag|Toxic|p2a: Corviknight
|-immune|p2a: Corviknight
|
|-heal|p1a: Beanbag|98/100|[from] item: Black Sludge
|turn|45
|
|move|p2a: Corviknight|Roost||[still]
|-fail|p2a: Corviknight|heal
|move|p1a: Beanbag|Stealth Rock||[still]
|-fail|p1a: Beanbag
|
|-heal|p1a: Beanbag|100/100|[from] item: Black Sludge
|turn|46
|
|switch|p2a: Hatterene|Hatterene, F|86/100
|-damage|p2a: Hatterene|74/100|[from] Stealth Rock
|move|p1a: Beanbag|Stealth Rock|p2a: Hatterene
|move|p2a: Hatterene|Stealth Rock|p1a: Beanbag|[from]ability: Magic Bounce
|-sidestart|p1: Alpha Nicholas|move: Stealth Rock
|
|turn|47
|
|switch|p2a: Corviknight|Corviknight, M|100/100
|-damage|p2a: Corviknight|88/100|[from] Stealth Rock
|move|p1a: Beanbag|Earthquake|p2a: Corviknight
|-immune|p2a: Corviknight
|
|-heal|p2a: Corviknight|94/100|[from] item: Leftovers
|turn|48
|
|switch|p1a: AAAAAAAAA|Roaring Moon|100/100
|-damage|p1a: AAAAAAAAA|88/100|[from] Stealth Rock
|move|p2a: Corviknight|Defog|p1a: AAAAAAAAA
|-unboost|p1a: AAAAAAAAA|evasion|1
|-sideend|p1: Alpha Nicholas|Stealth Rock|[from] move: Defog|[of] p2a: Corviknight
|-sideend|p2: TheResearcher100|Stealth Rock|[from] move: Defog|[of] p2a: Corviknight
|
|-heal|p2a: Corviknight|99/100|[from] item: Leftovers
|turn|49
|
|move|p1a: AAAAAAAAA|Crunch|p2a: Corviknight
|-damage|p2a: Corviknight|60/100
|-ability|p2a: Corviknight|Mirror Armor
|-unboost|p1a: AAAAAAAAA|def|1
|move|p2a: Corviknight|Body Press|p1a: AAAAAAAAA
|-supereffective|p1a: AAAAAAAAA
|-crit|p1a: AAAAAAAAA
|-damage|p1a: AAAAAAAAA|0 fnt
|faint|p1a: AAAAAAAAA
|-end|p1a: AAAAAAAAA|Protosynthesis|[silent]
|
|-heal|p2a: Corviknight|66/100|[from] item: Leftovers
|
|switch|p1a: Beanbag|Clodsire, M|100/100
|turn|50
|
|switch|p2a: Hatterene|Hatterene, F|74/100
|move|p1a: Beanbag|Stealth Rock|p2a: Hatterene
|move|p2a: Hatterene|Stealth Rock|p1a: Beanbag|[from]ability: Magic Bounce
|-sidestart|p1: Alpha Nicholas|move: Stealth Rock
|
|turn|51
|
|move|p2a: Hatterene|Sleep Talk||[still]
|-fail|p2a: Hatterene
|move|p1a: Beanbag|Stealth Rock|p2a: Hatterene
|move|p2a: Hatterene|Stealth Rock||[from]ability: Magic Bounce|[still]
|-fail|p2a: Hatterene
|
|turn|52
|
|move|p2a: Hatterene|Reflect|p2a: Hatterene
|-sidestart|p2: TheResearcher100|Reflect
|move|p1a: Beanbag|Earthquake|p2a: Hatterene
|-damage|p2a: Hatterene|60/100
|
|turn|53
|
|move|p2a: Hatterene|Light Screen|p2a: Hatterene
|-sidestart|p2: TheResearcher100|move: Light Screen
|move|p1a: Beanbag|Stealth Rock|p2a: Hatterene
|move|p2a: Hatterene|Stealth Rock||[from]ability: Magic Bounce|[still]
|-fail|p2a: Hatterene
|
|turn|54
|
|move|p2a: Hatterene|Sleep Talk||[still]
|-fail|p2a: Hatterene
|move|p1a: Beanbag|Toxic|p2a: Hatterene
|move|p2a: Hatterene|Toxic|p1a: Beanbag|[from]ability: Magic Bounce
|-immune|p1a: Beanbag
|
|turn|55
|
|move|p2a: Hatterene|Light Screen||[still]
|-fail|p2a: Hatterene
|move|p1a: Beanbag|Earthquake|p2a: Hatterene
|-damage|p2a: Hatterene|45/100
|
|turn|56
|
|move|p2a: Hatterene|Reflect||[still]
|-fail|p2a: Hatterene
|move|p1a: Beanbag|Earthquake|p2a: Hatterene
|-damage|p2a: Hatterene|29/100
|
|turn|57
|
|move|p2a: Hatterene|Rest|p2a: Hatterene
|-status|p2a: Hatterene|slp|[from] move: Rest
|-heal|p2a: Hatterene|100/100 slp|[silent]
|move|p1a: Beanbag|Earthquake|p2a: Hatterene
|-damage|p2a: Hatterene|85/100 slp
|
|turn|58
|
|cant|p2a: Hatterene|slp
|move|p2a: Hatterene|Sleep Talk|p2a: Hatterene
|move|p2a: Hatterene|Rest||[from]move: Sleep Talk|[still]
|-fail|p2a: Hatterene
|move|p1a: Beanbag|Earthquake|p2a: Hatterene
|-damage|p2a: Hatterene|70/100 slp
|
|turn|59
|
|cant|p2a: Hatterene|slp
|move|p2a: Hatterene|Sleep Talk|p2a: Hatterene
|move|p2a: Hatterene|Light Screen||[from]move: Sleep Talk|[still]
|-fail|p2a: Hatterene
|move|p1a: Beanbag|Earthquake|p2a: Hatterene
|-damage|p2a: Hatterene|56/100 slp
|
|-sideend|p2: TheResearcher100|Reflect
|turn|60
|
|-curestatus|p2a: Hatterene|slp|[msg]
|move|p2a: Hatterene|Reflect|p2a: Hatterene
|-sidestart|p2: TheResearcher100|Reflect
|move|p1a: Beanbag|Earthquake|p2a: Hatterene
|-damage|p2a: Hatterene|39/100
|
|-sideend|p2: TheResearcher100|move: Light Screen
|turn|61
|
|move|p2a: Hatterene|Light Screen|p2a: Hatterene
|-sidestart|p2: TheResearcher100|move: Light Screen
|move|p1a: Beanbag|Earthquake|p2a: Hatterene
|-damage|p2a: Hatterene|23/100
|
|turn|62
|
|move|p2a: Hatterene|Rest|p2a: Hatterene
|-status|p2a: Hatterene|slp|[from] move: Rest
|-heal|p2a: Hatterene|100/100 slp|[silent]
|move|p1a: Beanbag|Earthquake|p2a: Hatterene
|-damage|p2a: Hatterene|85/100 slp
|
|turn|63
|
|switch|p2a: Corviknight|Corviknight, M|66/100
|move|p1a: Beanbag|Earthquake|p2a: Corviknight
|-immune|p2a: Corviknight
|
|-heal|p2a: Corviknight|72/100|[from] item: Leftovers
|turn|64
|
|switch|p2a: Hatterene|Hatterene, F|85/100 slp
|move|p1a: Beanbag|Stealth Rock|p2a: Hatterene
|move|p2a: Hatterene|Stealth Rock||[from]ability: Magic Bounce|[still]
|-fail|p2a: Hatterene
|
|turn|65
|
|switch|p2a: Corviknight|Corviknight, M|72/100
|move|p1a: Beanbag|Toxic|p2a: Corviknight
|-immune|p2a: Corviknight
|
|-heal|p2a: Corviknight|78/100|[from] item: Leftovers
|turn|66
|
|switch|p2a: Hatterene|Hatterene, F|85/100 slp
|move|p1a: Beanbag|Earthquake|p2a: Hatterene
|-damage|p2a: Hatterene|71/100 slp
|
|turn|67
|
|switch|p2a: Corviknight|Corviknight, M|78/100
|move|p1a: Beanbag|Stealth Rock|p2a: Corviknight
|-sidestart|p2: TheResearcher100|move: Stealth Rock
|
|-heal|p2a: Corviknight|84/100|[from] item: Leftovers
|-sideend|p2: TheResearcher100|Reflect
|turn|68
|
|switch|p2a: Hatterene|Hatterene, F|71/100 slp
|-damage|p2a: Hatterene|59/100 slp|[from] Stealth Rock
|move|p1a: Beanbag|Earthquake|p2a: Hatterene
|-damage|p2a: Hatterene|26/100 slp
|
|-sideend|p2: TheResearcher100|move: Light Screen
|turn|69
|
|switch|p2a: Corviknight|Corviknight, M|84/100
|-damage|p2a: Corviknight|72/100|[from] Stealth Rock
|move|p1a: Beanbag|Toxic|p2a: Corviknight
|-immune|p2a: Corviknight
|
|-heal|p2a: Corviknight|78/100|[from] item: Leftovers
|turn|70
|
|move|p2a: Corviknight|Body Press|p1a: Beanbag
|-resisted|p1a: Beanbag
|-damage|p1a: Beanbag|86/100
|move|p1a: Beanbag|Toxic|p2a: Corviknight
|-immune|p2a: Corviknight
|
|-heal|p2a: Corviknight|84/100|[from] item: Leftovers
|-heal|p1a: Beanbag|93/100|[from] item: Black Sludge
|turn|71
|
|move|p2a: Corviknight|Iron Defense|p2a: Corviknight
|-boost|p2a: Corviknight|def|2
|move|p1a: Beanbag|Stealth Rock||[still]
|-fail|p1a: Beanbag
|
|-heal|p2a: Corviknight|90/100|[from] item: Leftovers
|-heal|p1a: Beanbag|99/100|[from] item: Black Sludge
|turn|72
|
|move|p2a: Corviknight|Roost|p2a: Corviknight
|-heal|p2a: Corviknight|100/100
|-singleturn|p2a: Corviknight|move: Roost
|move|p1a: Beanbag|Stealth Rock||[still]
|-fail|p1a: Beanbag
|
|-heal|p1a: Beanbag|100/100|[from] item: Black Sludge
|turn|73
|
|move|p2a: Corviknight|Defog|p1a: Beanbag
|-unboost|p1a: Beanbag|evasion|1
|-sideend|p1: Alpha Nicholas|Stealth Rock|[from] move: Defog|[of] p2a: Corviknight
|-sideend|p2: TheResearcher100|Stealth Rock|[from] move: Defog|[of] p2a: Corviknight
|move|p1a: Beanbag|Stealth Rock|p2a: Corviknight
|-sidestart|p2: TheResearcher100|move: Stealth Rock
|
|turn|74
|
|switch|p2a: Hatterene|Hatterene, F|26/100 slp
|-damage|p2a: Hatterene|13/100 slp|[from] Stealth Rock
|move|p1a: Beanbag|Toxic|p2a: Hatterene
|move|p2a: Hatterene|Toxic|p1a: Beanbag|[from]ability: Magic Bounce
|-immune|p1a: Beanbag
|
|turn|75
|
|cant|p2a: Hatterene|slp
|move|p2a: Hatterene|Sleep Talk|p2a: Hatterene
|move|p2a: Hatterene|Rest||[from]move: Sleep Talk|[still]
|-fail|p2a: Hatterene
|move|p1a: Beanbag|Toxic|p2a: Hatterene
|move|p2a: Hatterene|Toxic|p1a: Beanbag|[from]ability: Magic Bounce
|-immune|p1a: Beanbag
|
|turn|76
|
|cant|p2a: Hatterene|slp
|move|p2a: Hatterene|Sleep Talk|p2a: Hatterene
|move|p2a: Hatterene|Light Screen|p2a: Hatterene|[from]move: Sleep Talk
|-sidestart|p2: TheResearcher100|move: Light Screen
|move|p1a: Beanbag|Stealth Rock|p2a: Hatterene
|move|p2a: Hatterene|Stealth Rock|p1a: Beanbag|[from]ability: Magic Bounce
|-sidestart|p1: Alpha Nicholas|move: Stealth Rock
|
|turn|77
|
|-curestatus|p2a: Hatterene|slp|[msg]
|move|p2a: Hatterene|Sleep Talk||[still]
|-fail|p2a: Hatterene
|move|p1a: Beanbag|Toxic|p2a: Hatterene
|move|p2a: Hatterene|Toxic|p1a: Beanbag|[from]ability: Magic Bounce
|-immune|p1a: Beanbag
|
|turn|78
|
|move|p2a: Hatterene|Rest|p2a: Hatterene
|-status|p2a: Hatterene|slp|[from] move: Rest
|-heal|p2a: Hatterene|100/100 slp|[silent]
|move|p1a: Beanbag|Toxic|p2a: Hatterene
|move|p2a: Hatterene|Toxic|p1a: Beanbag|[from]ability: Magic Bounce
|-immune|p1a: Beanbag
|
|turn|79
|
|cant|p2a: Hatterene|slp
|move|p1a: Beanbag|Toxic|p2a: Hatterene
|move|p2a: Hatterene|Toxic|p1a: Beanbag|[from]ability: Magic Bounce
|-immune|p1a: Beanbag
|
|turn|80
|
|switch|p2a: Corviknight|Corviknight, M|100/100
|-damage|p2a: Corviknight|88/100|[from] Stealth Rock
|move|p1a: Beanbag|Stealth Rock||[still]
|-fail|p1a: Beanbag
|
|-heal|p2a: Corviknight|94/100|[from] item: Leftovers
|turn|81
|
|move|p2a: Corviknight|Defog|p1a: Beanbag
|-unboost|p1a: Beanbag|evasion|1
|-sideend|p1: Alpha Nicholas|Stealth Rock|[from] move: Defog|[of] p2a: Corviknight
|-sideend|p2: TheResearcher100|Stealth Rock|[from] move: Defog|[of] p2a: Corviknight
|move|p1a: Beanbag|Stealth Rock|p2a: Corviknight
|-sidestart|p2: TheResearcher100|move: Stealth Rock
|
|-heal|p2a: Corviknight|99/100|[from] item: Leftovers
|turn|82
|
|move|p2a: Corviknight|Defog|p1a: Beanbag
|-unboost|p1a: Beanbag|evasion|1
|-sideend|p2: TheResearcher100|Stealth Rock|[from] move: Defog|[of] p2a: Corviknight
|move|p1a: Beanbag|Stealth Rock|p2a: Corviknight
|-sidestart|p2: TheResearcher100|move: Stealth Rock
|
|-heal|p2a: Corviknight|100/100|[from] item: Leftovers
|turn|83
|
|move|p2a: Corviknight|Defog|p1a: Beanbag
|-unboost|p1a: Beanbag|evasion|1
|-sideend|p2: TheResearcher100|Stealth Rock|[from] move: Defog|[of] p2a: Corviknight
|move|p1a: Beanbag|Stealth Rock|p2a: Corviknight
|-sidestart|p2: TheResearcher100|move: Stealth Rock
|
|-sideend|p2: TheResearcher100|move: Light Screen
|turn|84
|
|move|p2a: Corviknight|Defog|p1a: Beanbag
|-unboost|p1a: Beanbag|evasion|1
|-sideend|p2: TheResearcher100|Stealth Rock|[from] move: Defog|[of] p2a: Corviknight
|move|p1a: Beanbag|Stealth Rock|p2a: Corviknight
|-sidestart|p2: TheResearcher100|move: Stealth Rock
|
|turn|85
|
|move|p2a: Corviknight|Defog|p1a: Beanbag
|-unboost|p1a: Beanbag|evasion|1
|-sideend|p2: TheResearcher100|Stealth Rock|[from] move: Defog|[of] p2a: Corviknight
|move|p1a: Beanbag|Stealth Rock|p2a: Corviknight
|-sidestart|p2: TheResearcher100|move: Stealth Rock
|
|turn|86
|
|move|p2a: Corviknight|Defog|p1a: Beanbag
|-unboost|p1a: Beanbag|evasion|0
|-sideend|p2: TheResearcher100|Stealth Rock|[from] move: Defog|[of] p2a: Corviknight
|move|p1a: Beanbag|Toxic|p2a: Corviknight
|-immune|p2a: Corviknight
|
|turn|87
|
|move|p2a: Corviknight|Defog||[still]
|-unboost|p1a: Beanbag|evasion|0
|-fail|p2a: Corviknight
|move|p1a: Beanbag|Toxic|p2a: Corviknight
|-immune|p2a: Corviknight
|
|turn|88
|
|switch|p2a: Hatterene|Hatterene, F|100/100 slp
|move|p1a: Beanbag|Toxic|p2a: Hatterene
|move|p2a: Hatterene|Toxic|p1a: Beanbag|[from]ability: Magic Bounce
|-immune|p1a: Beanbag
|
|turn|89
|
|switch|p2a: Corviknight|Corviknight, M|100/100
|move|p1a: Beanbag|Stealth Rock|p2a: Corviknight
|-sidestart|p2: TheResearcher100|move: Stealth Rock
|
|turn|90
|
|move|p2a: Corviknight|Defog|p1a: Beanbag
|-unboost|p1a: Beanbag|evasion|0
|-sideend|p2: TheResearcher100|Stealth Rock|[from] move: Defog|[of] p2a: Corviknight
|move|p1a: Beanbag|Toxic|p2a: Corviknight
|-immune|p2a: Corviknight
|
|turn|91
|
|move|p2a: Corviknight|Defog||[still]
|-unboost|p1a: Beanbag|evasion|0
|-fail|p2a: Corviknight
|move|p1a: Beanbag|Recover||[still]
|-fail|p1a: Beanbag|heal
|
|turn|92
|
|move|p2a: Corviknight|Defog||[still]
|-unboost|p1a: Beanbag|evasion|0
|-fail|p2a: Corviknight
|move|p1a: Beanbag|Recover||[still]
|-fail|p1a: Beanbag|heal
|
|turn|93
|
|move|p2a: Corviknight|Defog||[still]
|-unboost|p1a: Beanbag|evasion|0
|-fail|p2a: Corviknight
|move|p1a: Beanbag|Recover||[still]
|-fail|p1a: Beanbag|heal
|
|turn|94
|
|move|p2a: Corviknight|Defog||[still]
|-unboost|p1a: Beanbag|evasion|0
|-fail|p2a: Corviknight
|move|p1a: Beanbag|Recover||[still]
|-fail|p1a: Beanbag|heal
|
|turn|95
|
|switch|p2a: Hatterene|Hatterene, F|100/100 slp
|move|p1a: Beanbag|Stealth Rock|p2a: Hatterene
|move|p2a: Hatterene|Stealth Rock|p1a: Beanbag|[from]ability: Magic Bounce
|-sidestart|p1: Alpha Nicholas|move: Stealth Rock
|
|turn|96
|
|cant|p2a: Hatterene|slp
|move|p2a: Hatterene|Sleep Talk|p2a: Hatterene
|move|p2a: Hatterene|Reflect|p2a: Hatterene|[from]move: Sleep Talk
|-sidestart|p2: TheResearcher100|Reflect
|move|p1a: Beanbag|Stealth Rock|p2a: Hatterene
|move|p2a: Hatterene|Stealth Rock||[from]ability: Magic Bounce|[still]
|-fail|p2a: Hatterene
|
|turn|97
|
|-curestatus|p2a: Hatterene|slp|[msg]
|move|p2a: Hatterene|Sleep Talk||[still]
|-fail|p2a: Hatterene
|move|p1a: Beanbag|Stealth Rock|p2a: Hatterene
|move|p2a: Hatterene|Stealth Rock||[from]ability: Magic Bounce|[still]
|-fail|p2a: Hatterene
|
|turn|98
|
|-terastallize|p2a: Hatterene|Steel
|move|p2a: Hatterene|Rest|p2a: Hatterene
|-fail|p2a: Hatterene|heal
|move|p1a: Beanbag|Recover||[still]
|-fail|p1a: Beanbag|heal
|
|turn|99
|
|move|p2a: Hatterene|Reflect||[still]
|-fail|p2a: Hatterene
|-activate|p1a: Beanbag|move: Struggle
|move|p1a: Beanbag|Struggle|p2a: Hatterene
|-damage|p2a: Hatterene|95/100
|-damage|p1a: Beanbag|75/100|[from] recoil
|
|-heal|p1a: Beanbag|81/100|[from] item: Black Sludge
|turn|100
|
|move|p2a: Hatterene|Light Screen|p2a: Hatterene
|-sidestart|p2: TheResearcher100|move: Light Screen
|-activate|p1a: Beanbag|move: Struggle
|move|p1a: Beanbag|Struggle|p2a: Hatterene
|-damage|p2a: Hatterene|90/100
|-damage|p1a: Beanbag|56/100|[from] recoil
|
|-heal|p1a: Beanbag|62/100|[from] item: Black Sludge
|turn|101
|
|move|p2a: Hatterene|Reflect||[still]
|-fail|p2a: Hatterene
|-activate|p1a: Beanbag|move: Struggle
|move|p1a: Beanbag|Struggle|p2a: Hatterene
|-crit|p2a: Hatterene
|-damage|p2a: Hatterene|75/100
|-damage|p1a: Beanbag|37/100|[from] recoil
|
|-heal|p1a: Beanbag|43/100|[from] item: Black Sludge
|turn|102
|
|move|p2a: Hatterene|Light Screen||[still]
|-fail|p2a: Hatterene
|-activate|p1a: Beanbag|move: Struggle
|move|p1a: Beanbag|Struggle|p2a: Hatterene
|-damage|p2a: Hatterene|70/100
|-damage|p1a: Beanbag|18/100|[from] recoil
|
|-heal|p1a: Beanbag|24/100|[from] item: Black Sludge
|turn|103
|
|move|p2a: Hatterene|Reflect||[still]
|-fail|p2a: Hatterene
|-activate|p1a: Beanbag|move: Struggle
|move|p1a: Beanbag|Struggle|p2a: Hatterene
|-damage|p2a: Hatterene|65/100
|-damage|p1a: Beanbag|0 fnt|[from] recoil
|faint|p1a: Beanbag
|
|win|TheResearcher100
|player|p2|TheResearcher100|red
