# advantage = p1
|poke|p1|Grimmsnarl, M|
|poke|p1|Magearna|
|poke|p1|Azumarill, F|
|poke|p1|Baxcalibur, F|
|poke|p1|Braviary-Hisui, M|
|poke|p1|Farigiraf, F|
|poke|p2|Zamazenta-*|
|poke|p2|Garganacl, F|
|poke|p2|Samurott-Hisui, F|
|poke|p2|Glimmora, F|
|poke|p2|Magearna|
|poke|p2|Iron Valiant|
|teampreview
|
|start
|switch|p1a: Grimmsnarl|Grimmsnarl, M|100/100
|switch|p2a: Glimmora|Glimmora, F|100/100
|turn|1
|
|move|p1a: Grimmsnarl|Light Screen|p1a: Grimmsnarl
|-sidestart|p1: p1|move: Light Screen
|move|p2a: Glimmora|Sludge Wave|p1a: Grimmsnarl
|-supereffective|p1a: Grimmsnarl
|-damage|p1a: Grimmsnarl|62/100
|
|turn|2
|
|move|p1a: Grimmsnarl|Taunt|p2a: Glimmora
|-start|p2a: Glimmora|move: Taunt
|move|p2a: Glimmora|Earth Power|p1a: Grimmsnarl
|-damage|p1a: Grimmsnarl|51/100
|
|turn|3
|
|switch|p2a: Samurott|Samurott-Hisui, F|100/100
|move|p1a: Grimmsnarl|Parting Shot|p2a: Samurott
|-hint|Since gen 7, Dark is immune to Prankster moves.
|-immune|p2a: Samurott
|
|turn|4
|
|move|p1a: Grimmsnarl|Reflect|p1a: Grimmsnarl
|-sidestart|p1: p1|Reflect
|move|p2a: Samurott|Swords Dance|p2a: Samurott
|-boost|p2a: Samurott|atk|2
|
|turn|5
|
|switch|p1a: Magearna|Magearna|100/100
|move|p2a: Samurott|Swords Dance|p2a: Samurott
|-boost|p2a: Samurott|atk|2
|
|turn|6
|
|move|p2a: Samurott|Razor Shell|p1a: Magearna
|-damage|p1a: Magearna|23/100
|move|p1a: Magearna|Shift Gear|p1a: Magearna
|-boost|p1a: Magearna|spe|2
|-boost|p1a: Magearna|atk|1
|
|turn|7
|
|move|p1a: Magearna|Draining Kiss|p2a: Samurott
|-supereffective|p2a: Samurott
|-damage|p2a: Samurott|9/100
|-heal|p1a: Magearna|96/100|[from] drain|[of] p2a: Samurott
|move|p2a: Samurott|Razor Shell|p1a: Magearna
|-damage|p1a: Magearna|13/100
|
|turn|8
|
|move|p2a: Samurott|Sucker Punch|p1a: Magearna
|-resisted|p1a: Magearna
|-damage|p1a: Magearna|0 fnt
|faint|p1a: Magearna
|
|-sideend|p1: p1|move: Light Screen
|
|switch|p1a: Azumarill|Azumarill, F|100/100
|turn|9
|
|move|p1a: Azumarill|Aqua Jet|p2a: Samurott
|-resisted|p2a: Samurott
|-damage|p2a: Samurott|0 fnt
|faint|p2a: Samurott
|
|
|switch|p2a: Garganacl|Garganacl, F|100/100
|turn|10
|
|-terastallize|p2a: Garganacl|Water
|move|p1a: Azumarill|Belly Drum|p1a: Azumarill
|-damage|p1a: Azumarill|50/100
|-setboost|p1a: Azumarill|atk|6|[from] move: Belly Drum
|-enditem|p1a: Azumarill|Sitrus Berry|[eat]
|-heal|p1a: Azumarill|75/100|[from] item: Sitrus Berry
|move|p2a: Garganacl|Salt Cure|p1a: Azumarill
|-damage|p1a: Azumarill|68/100
|-start|p1a: Azumarill|Salt Cure
|
|-damage|p1a: Azumarill|43/100|[from] Salt Cure
|turn|11
|
|move|p1a: Azumarill|Play Rough|p2a: Garganacl
|-damage|p2a: Garganacl|0 fnt
|faint|p2a: Garganacl
|
|-damage|p1a: Azumarill|18/100|[from] Salt Cure
|-sideend|p1: p1|Reflect
|
|switch|p2a: Glimmora|Glimmora, F|100/100
|turn|12
|
|move|p1a: Azumarill|Aqua Jet|p2a: Glimmora
|-supereffective|p2a: Glimmora
|-enditem|p2a: Glimmora|Focus Sash
|-damage|p2a: Glimmora|1/100
|-activate|p2a: Glimmora|ability: Toxic Debris
|-sidestart|p1: p1|move: Toxic Spikes
|move|p2a: Glimmora|Sludge Wave|p1a: Azumarill
|-supereffective|p1a: Azumarill
|-damage|p1a: Azumarill|0 fnt
|faint|p1a: Azumarill
|
|
|switch|p1a: Grimmsnarl|Grimmsnarl, M|51/100
|-status|p1a: Grimmsnarl|psn
|turn|13
|
|move|p1a: Grimmsnarl|Light Screen|p1a: Grimmsnarl
|-sidestart|p1: p1|move: Light Screen
|move|p2a: Glimmora|Sludge Wave|p1a: Grimmsnarl
|-supereffective|p1a: Grimmsnarl
|-damage|p1a: Grimmsnarl|14/100 psn
|
|-damage|p1a: Grimmsnarl|1/100 psn|[from] psn
|turn|14
|
|move|p1a: Grimmsnarl|Reflect|p1a: Grimmsnarl
|-sidestart|p1: p1|Reflect
|move|p2a: Glimmora|Mortal Spin|p1a: Grimmsnarl
|-supereffective|p1a: Grimmsnarl
|-damage|p1a: Grimmsnarl|0 fnt
|faint|p1a: Grimmsnarl
|
|
|switch|p1a: Braviary|Braviary-Hisui, M|100/100
|turn|15
|
|move|p2a: Glimmora|Mortal Spin|p1a: Braviary
|-damage|p1a: Braviary|96/100
|-status|p1a: Braviary|psn
|move|p1a: Braviary|Agility|p1a: Braviary
|-boost|p1a: Braviary|spe|2
|
|-damage|p1a: Braviary|84/100 psn|[from] psn
|turn|16
|
|move|p1a: Braviary|Calm Mind|p1a: Braviary
|-boost|p1a: Braviary|spa|1
|-boost|p1a: Braviary|spd|1
|move|p2a: Glimmora|Power Gem|p1a: Braviary
|-supereffective|p1a: Braviary
|-damage|p1a: Braviary|46/100 psn
|-enditem|p1a: Braviary|Weakness Policy
|-boost|p1a: Braviary|atk|2|[from] item: Weakness Policy
|-boost|p1a: Braviary|spa|2|[from] item: Weakness Policy
|
|-damage|p1a: Braviary|34/100 psn|[from] psn
|turn|17
|
|move|p1a: Braviary|Stored Power|p2a: Glimmora
|-supereffective|p2a: Glimmora
|-damage|p2a: Glimmora|0 fnt
|faint|p2a: Glimmora
|
|-damage|p1a: Braviary|22/100 psn|[from] psn
|
|switch|p2a: Magearna|Magearna|100/100
|turn|18
|
|move|p1a: Braviary|Stored Power|p2a: Magearna
|-resisted|p2a: Magearna
|-damage|p2a: Magearna|0 fnt
|faint|p2a: Magearna
|
|-damage|p1a: Braviary|9/100 psn|[from] psn
|
|switch|p2a: Iron Valiant|Iron Valiant|100/100
|turn|19
|
|move|p2a: Iron Valiant|Moonblast|p1a: Braviary
|-damage|p1a: Braviary|0 fnt
|faint|p1a: Braviary
|
|
|switch|p1a: Baxcalibur|Baxcalibur, F|100/100
|-status|p1a: Baxcalibur|psn
|turn|20
|
|-terastallize|p1a: Baxcalibur|Steel
|move|p2a: Iron Valiant|Moonblast|p1a: Baxcalibur
|-resisted|p1a: Baxcalibur
|-damage|p1a: Baxcalibur|89/100 psn
|-unboost|p1a: Baxcalibur|spa|1
|move|p1a: Baxcalibur|Dragon Dance|p1a: Baxcalibur
|-boost|p1a: Baxcalibur|atk|1
|-boost|p1a: Baxcalibur|spe|1
|
|-damage|p1a: Baxcalibur|77/100 psn|[from] psn
|-sideend|p1: p1|move: Light Screen
|turn|21
|
|-end|p2a: Iron Valiant|Quark Drive|[silent]
|switch|p2a: Zamazenta|Zamazenta|100/100
|-ability|p2a: Zamazenta|Dauntless Shield|boost
|-boost|p2a: Zamazenta|def|1
|move|p1a: Baxcalibur|Dragon Dance|p1a: Baxcalibur
|-boost|p1a: Baxcalibur|atk|1
|-boost|p1a: Baxcalibur|spe|1
|
|-damage|p1a: Baxcalibur|65/100 psn|[from] psn
|-sideend|p1: p1|Reflect
|turn|22
|
|move|p1a: Baxcalibur|Glaive Rush|p2a: Zamazenta
|-damage|p2a: Zamazenta|26/100
|-singlemove|p1a: Baxcalibur|Glaive Rush|[silent]
|move|p2a: Zamazenta|Body Press|p1a: Baxcalibur
|-supereffective|p1a: Baxcalibur
|-damage|p1a: Baxcalibur|0 fnt
|faint|p1a: Baxcalibur
|
|-heal|p2a: Zamazenta|32/100|[from] item: Leftovers
|
|switch|p1a: Farigiraf|Farigiraf, F|100/100
|-status|p1a: Farigiraf|psn
|turn|23
|
|move|p2a: Zamazenta|Body Press|p1a: Farigiraf
|-damage|p1a: Farigiraf|42/100 psn
|move|p1a: Farigiraf|Agility|p1a: Farigiraf
|-boost|p1a: Farigiraf|spe|2
|
|-heal|p2a: Zamazenta|38/100|[from] item: Leftovers
|-damage|p1a: Farigiraf|30/100 psn|[from] psn
|turn|24
|
|move|p1a: Farigiraf|Stored Power|p2a: Zamazenta
|-supereffective|p2a: Zamazenta
|-crit|p2a: Zamazenta
|-damage|p2a: Zamazenta|0 fnt
|faint|p2a: Zamazenta
|
|-damage|p1a: Farigiraf|17/100 psn|[from] psn
|
|switch|p2a: Iron Valiant|Iron Valiant|100/100
|turn|25
|
|move|p2a: Iron Valiant|Moonblast|p1a: Farigiraf
|-damage|p1a: Farigiraf|0 fnt
|faint|p1a: Farigiraf
|
|win|p2
