|poke|p1|Arcanine-Hisui, M|
|poke|p1|Urshifu-*, M|
|poke|p1|Kingambit, M|
|poke|p1|Great Tusk|
|poke|p1|Garchomp, F|
|poke|p1|Zapdos|
|poke|p2|Pelipper, F|
|poke|p2|Braviary-Hisui, M|
|poke|p2|Basculegion, M|
|poke|p2|Rotom-Wash|
|poke|p2|Chesnaught, M|
|poke|p2|Zapdos|
|teampreview
|
|start
|switch|p1a: Zapdos|Zapdos|100/100
|switch|p2a: Catalyst|Pelipper, F|100/100
|-weather|RainDance|[from] ability: Drizzle|[of] p2a: Catalyst
|turn|1
|
|switch|p2a: Samsung|Rotom-Wash|100/100
|move|p1a: Zapdos|Volt Switch|p2a: Samsung
|-damage|p2a: Samsung|70/100
|
|switch|p1a: Urshifu|Urshifu-Rapid-Strike, M|100/100|[from] Volt Switch
|
|-weather|RainDance|[upkeep]
|-heal|p2a: Samsung|76/100|[from] item: Leftovers
|turn|2
|
|-terastallize|p1a: Urshifu|Water
|move|p1a: Urshifu|Surging Strikes|p2a: Samsung
|-resisted|p2a: Samsung
|-crit|p2a: Samsung
|-damage|p2a: Samsung|58/100
|-resisted|p2a: Samsung
|-crit|p2a: Samsung
|-damage|p2a: Samsung|41/100
|-resisted|p2a: Samsung
|-crit|p2a: Samsung
|-damage|p2a: Samsung|22/100
|-hitcount|p2a: Samsung|3
|move|p2a: Samsung|Thunder Wave|p1a: Urshifu
|-status|p1a: Urshifu|par
|
|-weather|RainDance|[upkeep]
|-heal|p2a: Samsung|28/100|[from] item: Leftovers
|turn|3
|
|switch|p2a: Ferrothorn?|Chesnaught, M|100/100
|switch|p1a: Garchomp|Garchomp, F|100/100
|
|-weather|RainDance|[upkeep]
|turn|4
|
|switch|p1a: Zapdos|Zapdos|100/100
|move|p2a: Ferrothorn?|Leech Seed|p1a: Zapdos|[miss]
|-miss|p2a: Ferrothorn?|p1a: Zapdos
|
|-weather|RainDance|[upkeep]
|turn|5
|
|switch|p2a: Samsung|Rotom-Wash|28/100
|move|p1a: Zapdos|Volt Switch|p2a: Samsung
|-damage|p2a: Samsung|1/100
|
|switch|p1a: Arcanine|Arcanine-Hisui, M|100/100|[from] Volt Switch
|
|-weather|RainDance|[upkeep]
|-heal|p2a: Samsung|7/100|[from] item: Leftovers
|turn|6
|
|move|p1a: Arcanine|Extreme Speed|p2a: Samsung
|-damage|p2a: Samsung|0 fnt
|faint|p2a: Samsung
|
|-weather|RainDance|[upkeep]
|
|switch|p2a: funny fish (bluds)|Basculegion, M|100/100
|turn|7
|
|switch|p1a: Urshifu|Urshifu-Rapid-Strike, M, tera:Water|100/100 par
|move|p2a: funny fish (bluds)|Wave Crash|p1a: Urshifu
|-resisted|p1a: Urshifu
|-damage|p1a: Urshifu|37/100 par
|-damage|p2a: funny fish (bluds)|82/100|[from] Recoil
|
|-weather|RainDance|[upkeep]
|turn|8
|
|move|p2a: funny fish (bluds)|Wave Crash|p1a: Urshifu
|-resisted|p1a: Urshifu
|-damage|p1a: Urshifu|0 fnt
|faint|p1a: Urshifu
|-damage|p2a: funny fish (bluds)|71/100|[from] Recoil
|
|-weather|none
|
|switch|p1a: Kingambit|Kingambit, M|100/100
|-activate|p1a: Kingambit|ability: Supreme Overlord
|-start|p1a: Kingambit|fallen1|[silent]
|turn|9
|
|switch|p2a: Ferrothorn?|Chesnaught, M|100/100
|move|p1a: Kingambit|Swords Dance|p1a: Kingambit
|-boost|p1a: Kingambit|atk|2
|
|turn|10
|
|move|p1a: Kingambit|Iron Head|p2a: Ferrothorn?
|-damage|p2a: Ferrothorn?|40/100
|cant|p2a: Ferrothorn?|flinch
|
|-heal|p2a: Ferrothorn?|46/100|[from] item: Leftovers
|turn|11
|
|move|p1a: Kingambit|Iron Head|p2a: Ferrothorn?
|-damage|p2a: Ferrothorn?|0 fnt
|faint|p2a: Ferrothorn?
|
|
|switch|p2a: I’M BACK|Zapdos|100/100
|turn|12
|
|move|p1a: Kingambit|Sucker Punch|p2a: I’M BACK
|-damage|p2a: I’M BACK|15/100
|move|p2a: I’M BACK|Thunder|p1a: Kingambit
|-damage|p1a: Kingambit|38/100
|
|-heal|p1a: Kingambit|44/100|[from] item: Leftovers
|turn|13
|
|move|p1a: Kingambit|Sucker Punch|p2a: I’M BACK
|-damage|p2a: I’M BACK|0 fnt
|-status|p1a: Kingambit|par|[from] ability: Static|[of] p2a: I’M BACK
|faint|p2a: I’M BACK
|
|-heal|p1a: Kingambit|50/100 par|[from] item: Leftovers
|
|switch|p2a: THE BIRD|Braviary-Hisui, M|100/100
|turn|14
|
|cant|p1a: Kingambit|par
|move|p2a: THE BIRD|Hurricane|p1a: Kingambit
|-resisted|p1a: Kingambit
|-damage|p1a: Kingambit|0 fnt
|faint|p1a: Kingambit
|-end|p1a: Kingambit|fallen1|[silent]
|
|
|switch|p1a: Zapdos|Zapdos|100/100
|turn|15
|
|move|p1a: Zapdos|Volt Switch|p2a: THE BIRD
|-supereffective|p2a: THE BIRD
|-damage|p2a: THE BIRD|31/100
|
|switch|p1a: Garchomp|Garchomp, F|100/100|[from] Volt Switch
|move|p2a: THE BIRD|Hurricane|p1a: Garchomp
|-damage|p1a: Garchomp|0 fnt
|faint|p1a: Garchomp
|
|
|switch|p1a: Zapdos|Zapdos|100/100
|turn|16
|
|move|p1a: Zapdos|Volt Switch|p2a: THE BIRD
|-supereffective|p2a: THE BIRD
|-damage|p2a: THE BIRD|0 fnt
|faint|p2a: THE BIRD
|
|switch|p1a: Arcanine|Arcanine-Hisui, M|100/100|[from] Volt Switch
|
|
|switch|p2a: Catalyst|Pelipper, F|100/100
|-weather|RainDance|[from] ability: Drizzle|[of] p2a: Catalyst
|turn|17
|
|move|p1a: Arcanine|Head Smash|p2a: Catalyst
|-supereffective|p2a: Catalyst
|-damage|p2a: Catalyst|0 fnt
|faint|p2a: Catalyst
|
|-weather|RainDance|[upkeep]
|
|switch|p2a: funny fish (bluds)|Basculegion, M|71/100
|turn|18
|
|move|p2a: funny fish (bluds)|Wave Crash|p1a: Arcanine
|-supereffective|p1a: Arcanine
|-damage|p1a: Arcanine|0 fnt
|faint|p1a: Arcanine
|-damage|p2a: funny fish (bluds)|42/100|[from] Recoil
|
|-weather|RainDance|[upkeep]
|
|switch|p1a: Great Tusk|Great Tusk, shiny|100/100
|turn|19
|
|-terastallize|p2a: funny fish (bluds)|Water
|move|p2a: funny fish (bluds)|Wave Crash|p1a: Great Tusk
|-supereffective|p1a: Great Tusk
|-damage|p1a: Great Tusk|0 fnt
|faint|p1a: Great Tusk
|-end|p1a: Great Tusk|Protosynthesis|[silent]
|-damage|p2a: funny fish (bluds)|5/100|[from] Recoil
|
|-weather|RainDance|[upkeep]
|
|switch|p1a: Zapdos|Zapdos|100/100
|turn|20
|
|move|p2a: funny fish (bluds)|Wave Crash|p1a: Zapdos
|-damage|p1a: Zapdos|0 fnt
|faint|p1a: Zapdos
|-damage|p2a: funny fish (bluds)|0 fnt|[from] Recoil
|faint|p2a: funny fish (bluds)
|
|win|SDK04
