|poke|p1|Dragapult, F|
|poke|p1|Gholdengo|
|poke|p1|Hatterene, F|
|poke|p1|Tauros-Paldea-Fire, M|
|poke|p1|Ting-Lu|
|poke|p1|Great Tusk|
|poke|p2|Garganacl, F|
|poke|p2|Dondozo, M|
|poke|p2|Dragapult, M|
|poke|p2|Iron Treads|
|poke|p2|Volcarona, M|
|poke|p2|Rotom-Wash|
|teampreview
|
|start
|switch|p1a: Dragapult|Dragapult, F|100/100
|switch|p2a: Rotom|Rotom-Wash|100/100
|turn|1
|
|move|p2a: Rotom|Volt Switch|p1a: Dragapult
|-resisted|p1a: Dragapult
|-damage|p1a: Dragapult|83/100
|
|switch|p2a: Garganacl|Garganacl, F|100/100|[from] Volt Switch
|move|p1a: Dragapult|U-turn|p2a: Garganacl
|-damage|p2a: Garganacl|77/100
|
|switch|p1a: Great Tusk|Great Tusk|100/100|[from] U-turn
|
|-heal|p2a: Garganacl|83/100|[from] item: Leftovers
|turn|2
|
|-terastallize|p2a: Garganacl|Fairy
|-start|p2a: Garganacl|typechange|Fairy|[silent]
|move|p1a: Great Tusk|Knock Off|p2a: Garganacl
|-resisted|p2a: Garganacl
|-damage|p2a: Garganacl|74/100
|-enditem|p2a: Garganacl|Leftovers|[from] move: Knock Off|[of] p1a: Great Tusk
|move|p2a: Garganacl|Iron Defense|p2a: Garganacl
|-boost|p2a: Garganacl|def|2
|
|turn|3
|
|move|p1a: Great Tusk|Stealth Rock|p2a: Garganacl
|-sidestart|p2: p2|move: Stealth Rock
|move|p2a: Garganacl|Salt Cure|p1a: Great Tusk
|-resisted|p1a: Great Tusk
|-damage|p1a: Great Tusk|99/100
|-start|p1a: Great Tusk|move: Salt Cure|[of] p2a: Garganacl
|
|-heal|p1a: Great Tusk|100/100|[from] item: Leftovers
|-damage|p1a: Great Tusk|88/100|[from] Salt Cure
|turn|4
|
|-end|p1a: Great Tusk|Protosynthesis|[silent]
|switch|p1a: Gholdengo|Gholdengo|100/100
|move|p2a: Garganacl|Salt Cure|p1a: Gholdengo
|-resisted|p1a: Gholdengo
|-crit|p1a: Gholdengo
|-damage|p1a: Gholdengo|89/100
|-start|p1a: Gholdengo|move: Salt Cure|[of] p2a: Garganacl
|
|-damage|p1a: Gholdengo|65/100|[from] Salt Cure
|turn|5
|
|switch|p1a: Hatterene|Hatterene, F|100/100
|switch|p2a: Iron Treads|Iron Treads|100/100
|-damage|p2a: Iron Treads|97/100|[from] Stealth Rock
|
|-heal|p2a: Iron Treads|100/100|[from] item: Leftovers
|turn|6
|
|switch|p1a: Great Tusk|Great Tusk|88/100
|move|p2a: Iron Treads|Stealth Rock|p1a: Great Tusk
|-sidestart|p1: p1|move: Stealth Rock
|
|-heal|p1a: Great Tusk|94/100|[from] item: Leftovers
|turn|7
|
|-end|p2a: Iron Treads|Quark Drive|[silent]
|switch|p2a: Dragapult|Dragapult, M|100/100
|move|p1a: Great Tusk|Rapid Spin|p2a: Dragapult
|-immune|p2a: Dragapult
|
|-heal|p1a: Great Tusk|100/100|[from] item: Leftovers
|turn|8
|
|-end|p1a: Great Tusk|Protosynthesis|[silent]
|switch|p1a: Ting-Lu|Ting-Lu|100/100
|-damage|p1a: Ting-Lu|94/100|[from] Stealth Rock
|-ability|p1a: Ting-Lu|Vessel of Ruin
|move|p2a: Dragapult|Will-O-Wisp|p1a: Ting-Lu
|-status|p1a: Ting-Lu|brn
|
|-heal|p1a: Ting-Lu|100/100 brn|[from] item: Leftovers
|-damage|p1a: Ting-Lu|94/100 brn|[from] brn
|turn|9
|
|move|p2a: Dragapult|U-turn|p1a: Ting-Lu
|-supereffective|p1a: Ting-Lu
|-damage|p1a: Ting-Lu|69/100 brn
|
|switch|p2a: Iron Treads|Iron Treads|100/100|[from] U-turn
|-damage|p2a: Iron Treads|97/100|[from] Stealth Rock
|move|p1a: Ting-Lu|Ruination|p2a: Iron Treads
|-damage|p2a: Iron Treads|49/100
|
|-heal|p2a: Iron Treads|55/100|[from] item: Leftovers
|-heal|p1a: Ting-Lu|75/100 brn|[from] item: Leftovers
|-damage|p1a: Ting-Lu|69/100 brn|[from] brn
|turn|10
|
|switch|p1a: Great Tusk|Great Tusk|100/100
|-damage|p1a: Great Tusk|98/100|[from] Stealth Rock
|move|p2a: Iron Treads|Knock Off|p1a: Great Tusk
|-resisted|p1a: Great Tusk
|-damage|p1a: Great Tusk|91/100
|-enditem|p1a: Great Tusk|Leftovers|[from] move: Knock Off|[of] p2a: Iron Treads
|
|-heal|p2a: Iron Treads|62/100|[from] item: Leftovers
|turn|11
|
|-end|p2a: Iron Treads|Quark Drive|[silent]
|switch|p2a: Dragapult|Dragapult, M|100/100
|move|p1a: Great Tusk|Knock Off|p2a: Dragapult
|-supereffective|p2a: Dragapult
|-damage|p2a: Dragapult|21/100
|-enditem|p2a: Dragapult|Heavy-Duty Boots|[from] move: Knock Off|[of] p1a: Great Tusk
|
|turn|12
|
|-end|p1a: Great Tusk|Protosynthesis|[silent]
|switch|p1a: Ting-Lu|Ting-Lu|69/100 brn
|-damage|p1a: Ting-Lu|62/100 brn|[from] Stealth Rock
|-ability|p1a: Ting-Lu|Vessel of Ruin
|move|p2a: Dragapult|U-turn|p1a: Ting-Lu
|-supereffective|p1a: Ting-Lu
|-damage|p1a: Ting-Lu|36/100 brn
|
|switch|p2a: Iron Treads|Iron Treads|62/100|[from] U-turn
|-damage|p2a: Iron Treads|58/100|[from] Stealth Rock
|
|-heal|p2a: Iron Treads|65/100|[from] item: Leftovers
|-heal|p1a: Ting-Lu|42/100 brn|[from] item: Leftovers
|-damage|p1a: Ting-Lu|36/100 brn|[from] brn
|turn|13
|
|switch|p1a: Great Tusk|Great Tusk|91/100
|-damage|p1a: Great Tusk|88/100|[from] Stealth Rock
|move|p2a: Iron Treads|Stealth Rock||[still]
|-fail|p2a: Iron Treads
|
|-heal|p2a: Iron Treads|71/100|[from] item: Leftovers
|turn|14
|
|move|p2a: Iron Treads|Rapid Spin|p1a: Great Tusk
|-damage|p1a: Great Tusk|80/100
|-boost|p2a: Iron Treads|spe|1
|-sideend|p2: p2|Stealth Rock|[from] move: Rapid Spin|[of] p2a: Iron Treads
|move|p1a: Great Tusk|Rapid Spin|p2a: Iron Treads
|-resisted|p2a: Iron Treads
|-damage|p2a: Iron Treads|65/100
|-boost|p1a: Great Tusk|spe|1
|-sideend|p1: p1|Stealth Rock|[from] move: Rapid Spin|[of] p1a: Great Tusk
|
|-heal|p2a: Iron Treads|71/100|[from] item: Leftovers
|turn|15
|
|move|p2a: Iron Treads|Earthquake|p1a: Great Tusk
|-damage|p1a: Great Tusk|59/100
|move|p1a: Great Tusk|Knock Off|p2a: Iron Treads
|-damage|p2a: Iron Treads|48/100
|-enditem|p2a: Iron Treads|Leftovers|[from] move: Knock Off|[of] p1a: Great Tusk
|
|turn|16
|
|move|p2a: Iron Treads|Stealth Rock|p1a: Great Tusk
|-sidestart|p1: p1|move: Stealth Rock
|move|p1a: Great Tusk|Stealth Rock|p2a: Iron Treads
|-sidestart|p2: p2|move: Stealth Rock
|
|turn|17
|
|-end|p2a: Iron Treads|Quark Drive|[silent]
|switch|p2a: Dragapult|Dragapult, M|21/100
|-damage|p2a: Dragapult|9/100|[from] Stealth Rock
|move|p1a: Great Tusk|Rapid Spin|p2a: Dragapult
|-immune|p2a: Dragapult
|
|turn|18
|
|-end|p1a: Great Tusk|Protosynthesis|[silent]
|switch|p1a: Ting-Lu|Ting-Lu|36/100 brn
|-damage|p1a: Ting-Lu|30/100 brn|[from] Stealth Rock
|-ability|p1a: Ting-Lu|Vessel of Ruin
|move|p2a: Dragapult|Dragon Darts|p1a: Ting-Lu
|-damage|p1a: Ting-Lu|17/100 brn
|-anim|p2a: Dragapult|Dragon Darts|p1a: Ting-Lu
|-damage|p1a: Ting-Lu|4/100 brn
|
|-heal|p1a: Ting-Lu|10/100 brn|[from] item: Leftovers
|-damage|p1a: Ting-Lu|4/100 brn|[from] brn
|turn|19
|
|move|p2a: Dragapult|Dragon Darts|p1a: Ting-Lu
|-damage|p1a: Ting-Lu|0 fnt
|faint|p1a: Ting-Lu
|
|
|switch|p1a: Gholdengo|Gholdengo|65/100
|-damage|p1a: Gholdengo|59/100|[from] Stealth Rock
|turn|20
|
|switch|p2a: Volcarona|Volcarona, M|100/100
|move|p1a: Gholdengo|Shadow Ball|p2a: Volcarona
|-damage|p2a: Volcarona|64/100
|
|turn|21
|
|switch|p1a: Dragapult|Dragapult, F|83/100
|-damage|p1a: Dragapult|71/100|[from] Stealth Rock
|move|p2a: Volcarona|Fiery Dance|p1a: Dragapult
|-resisted|p1a: Dragapult
|-damage|p1a: Dragapult|46/100
|
|turn|22
|
|switch|p1a: Hatterene|Hatterene, F|100/100
|-damage|p1a: Hatterene|88/100|[from] Stealth Rock
|move|p2a: Volcarona|Morning Sun|p2a: Volcarona
|-heal|p2a: Volcarona|100/100
|
|-heal|p1a: Hatterene|94/100|[from] item: Leftovers
|turn|23
|
|switch|p2a: Iron Treads|Iron Treads|48/100
|-damage|p2a: Iron Treads|45/100|[from] Stealth Rock
|move|p1a: Hatterene|Nuzzle|p2a: Iron Treads
|-immune|p2a: Iron Treads
|
|-heal|p1a: Hatterene|99/100|[from] item: Leftovers
|turn|24
|
|switch|p1a: Great Tusk|Great Tusk|59/100
|-damage|p1a: Great Tusk|56/100|[from] Stealth Rock
|move|p2a: Iron Treads|Earthquake|p1a: Great Tusk
|-damage|p1a: Great Tusk|36/100
|
|turn|25
|
|-end|p2a: Iron Treads|Quark Drive|[silent]
|switch|p2a: Rotom|Rotom-Wash|100/100
|-damage|p2a: Rotom|88/100|[from] Stealth Rock
|-end|p1a: Great Tusk|Protosynthesis|[silent]
|switch|p1a: Gholdengo|Gholdengo|59/100
|-damage|p1a: Gholdengo|53/100|[from] Stealth Rock
|
|turn|26
|
|move|p2a: Rotom|Volt Switch|p1a: Gholdengo
|-damage|p1a: Gholdengo|23/100
|
|switch|p2a: Volcarona|Volcarona, M|100/100|[from] Volt Switch
|move|p1a: Gholdengo|Shadow Ball|p2a: Volcarona
|-damage|p2a: Volcarona|62/100
|
|turn|27
|
|switch|p1a: Hatterene|Hatterene, F|99/100
|-damage|p1a: Hatterene|88/100|[from] Stealth Rock
|move|p2a: Volcarona|Morning Sun|p2a: Volcarona
|-heal|p2a: Volcarona|100/100
|
|-heal|p1a: Hatterene|94/100|[from] item: Leftovers
|turn|28
|
|switch|p2a: Iron Treads|Iron Treads|45/100
|-damage|p2a: Iron Treads|41/100|[from] Stealth Rock
|switch|p1a: Dragapult|Dragapult, F|46/100
|-damage|p1a: Dragapult|34/100|[from] Stealth Rock
|
|turn|29
|
|-end|p2a: Iron Treads|Quark Drive|[silent]
|switch|p2a: Garganacl|Garganacl, F|74/100
|-start|p2a: Garganacl|typechange|Fairy|[silent]
|-damage|p2a: Garganacl|62/100|[from] Stealth Rock
|-terastallize|p1a: Dragapult|Ghost
|-start|p1a: Dragapult|typechange|Ghost|[silent]
|move|p1a: Dragapult|Tera Blast|p2a: Garganacl
|-damage|p2a: Garganacl|31/100
|
|-start|p2a: Garganacl|typechange|Fairy|[silent]
|turn|30
|
|move|p1a: Dragapult|Tera Blast|p2a: Garganacl
|-damage|p2a: Garganacl|1/100
|move|p2a: Garganacl|Recover|p2a: Garganacl
|-heal|p2a: Garganacl|51/100
|
|turn|31
|
|switch|p1a: Hatterene|Hatterene, F|94/100
|-damage|p1a: Hatterene|82/100|[from] Stealth Rock
|move|p2a: Garganacl|Recover|p2a: Garganacl
|-heal|p2a: Garganacl|100/100
|
|-heal|p1a: Hatterene|88/100|[from] item: Leftovers
|turn|32
|
|move|p2a: Garganacl|Salt Cure|p1a: Hatterene
|-damage|p1a: Hatterene|76/100
|-start|p1a: Hatterene|move: Salt Cure|[of] p2a: Garganacl
|move|p1a: Hatterene|Psychic|p2a: Garganacl
|-damage|p2a: Garganacl|74/100
|
|-heal|p1a: Hatterene|82/100|[from] item: Leftovers
|-damage|p1a: Hatterene|70/100|[from] Salt Cure
|turn|33
|
|move|p2a: Garganacl|Iron Defense|p2a: Garganacl
|-boost|p2a: Garganacl|def|2
|move|p1a: Hatterene|Psychic|p2a: Garganacl
|-damage|p2a: Garganacl|48/100
|
|-heal|p1a: Hatterene|76/100|[from] item: Leftovers
|-damage|p1a: Hatterene|63/100|[from] Salt Cure
|turn|34
|
|switch|p1a: Gholdengo|Gholdengo|23/100
|-damage|p1a: Gholdengo|17/100|[from] Stealth Rock
|move|p2a: Garganacl|Recover|p2a: Garganacl
|-heal|p2a: Garganacl|98/100
|
|turn|35
|
|switch|p1a: Dragapult|Dragapult, F|34/100
|-start|p1a: Dragapult|typechange|Ghost|[silent]
|-damage|p1a: Dragapult|22/100|[from] Stealth Rock
|switch|p2a: Rotom|Rotom-Wash|88/100
|-damage|p2a: Rotom|76/100|[from] Stealth Rock
|
|-start|p1a: Dragapult|typechange|Ghost|[silent]
|turn|36
|
|switch|p1a: Great Tusk|Great Tusk|36/100
|-damage|p1a: Great Tusk|33/100|[from] Stealth Rock
|move|p2a: Rotom|Hydro Pump|p1a: Great Tusk
|-supereffective|p1a: Great Tusk
|-damage|p1a: Great Tusk|0 fnt
|faint|p1a: Great Tusk
|-end|p1a: Great Tusk|Protosynthesis|[silent]
|
|
|switch|p1a: Hatterene|Hatterene, F|63/100
|-damage|p1a: Hatterene|51/100|[from] Stealth Rock
|turn|37
|
|switch|p2a: Iron Treads|Iron Treads|41/100
|-damage|p2a: Iron Treads|38/100|[from] Stealth Rock
|move|p1a: Hatterene|Draining Kiss|p2a: Iron Treads
|-resisted|p2a: Iron Treads
|-damage|p2a: Iron Treads|24/100
|-heal|p1a: Hatterene|63/100|[from] drain|[of] p2a: Iron Treads
|
|-heal|p1a: Hatterene|69/100|[from] item: Leftovers
|turn|38
|
|switch|p1a: Tauros|Tauros-Paldea-Fire, M|100/100
|-damage|p1a: Tauros|88/100|[from] Stealth Rock
|-ability|p1a: Tauros|Intimidate|boost
|-unboost|p2a: Iron Treads|atk|1
|move|p2a: Iron Treads|Knock Off|p1a: Tauros
|-resisted|p1a: Tauros
|-damage|p1a: Tauros|82/100
|-enditem|p1a: Tauros|Leftovers|[from] move: Knock Off|[of] p2a: Iron Treads
|
|turn|39
|
|move|p2a: Iron Treads|Rapid Spin|p1a: Tauros
|-damage|p1a: Tauros|75/100
|-boost|p2a: Iron Treads|spe|1
|-sideend|p2: p2|Stealth Rock|[from] move: Rapid Spin|[of] p2a: Iron Treads
|move|p1a: Tauros|Body Press|p2a: Iron Treads
|-supereffective|p2a: Iron Treads
|-damage|p2a: Iron Treads|0 fnt
|faint|p2a: Iron Treads
|-end|p2a: Iron Treads|Quark Drive|[silent]
|
|
|switch|p2a: Volcarona|Volcarona, M|100/100
|turn|40
|
|switch|p1a: Hatterene|Hatterene, F|69/100
|-damage|p1a: Hatterene|56/100|[from] Stealth Rock
|move|p2a: Volcarona|Quiver Dance|p2a: Volcarona
|-boost|p2a: Volcarona|spa|1
|-boost|p2a: Volcarona|spd|1
|-boost|p2a: Volcarona|spe|1
|
|-heal|p1a: Hatterene|62/100|[from] item: Leftovers
|turn|41
|
|move|p2a: Volcarona|Fiery Dance|p1a: Hatterene
|-damage|p1a: Hatterene|4/100
|move|p1a: Hatterene|Nuzzle|p2a: Volcarona
|-damage|p2a: Volcarona|97/100
|-status|p2a: Volcarona|par
|-status|p1a: Hatterene|brn|[from] ability: Flame Body|[of] p2a: Volcarona
|
|-heal|p1a: Hatterene|10/100 brn|[from] item: Leftovers
|-damage|p1a: Hatterene|4/100 brn|[from] brn
|turn|42
|
|move|p2a: Volcarona|Fiery Dance|p1a: Hatterene
|-damage|p1a: Hatterene|0 fnt
|-boost|p2a: Volcarona|spa|1
|faint|p1a: Hatterene
|
|
|switch|p1a: Dragapult|Dragapult, F|22/100
|-start|p1a: Dragapult|typechange|Ghost|[silent]
|-damage|p1a: Dragapult|9/100|[from] Stealth Rock
|-start|p1a: Dragapult|typechange|Ghost|[silent]
|turn|43
|
|switch|p2a: Garganacl|Garganacl, F|98/100
|-start|p2a: Garganacl|typechange|Fairy|[silent]
|move|p1a: Dragapult|Tera Blast|p2a: Garganacl
|-damage|p2a: Garganacl|71/100
|
|-start|p2a: Garganacl|typechange|Fairy|[silent]
|turn|44
|-message|p1 forfeited.
|
|win|p2
||Ladder isn't responding, score probably updated but might not have (Request timeout).
