# advantage = p1
|poke|p1|Chien-Pao|
|poke|p1|Zamazenta-*|
|poke|p1|Glimmora, M|
|poke|p1|Corviknight, M|
|poke|p1|Amoonguss, M|
|poke|p1|Rotom-Wash|
|poke|p2|Arcanine-Hisui, F|
|poke|p2|Meowscarada, F|
|poke|p2|Iron Treads|
|poke|p2|Sneasler, F|
|poke|p2|Typhlosion-Hisui, F|
|poke|p2|Amoonguss, F|
|teampreview
|
|start
|switch|p1a: Glimmora|Glimmora, M|100/100
|switch|p2a: Meowscarada|Meowscarada, F|100/100
|turn|1
|
|move|p2a: Meowscarada|U-turn|p1a: Glimmora
|-start|p2a: Meowscarada|typechange|Bug|[from] ability: Protean
|-resisted|p1a: Glimmora
|-damage|p1a: Glimmora|81/100
|-activate|p1a: Glimmora|ability: Toxic Debris
|-sidestart|p2: p2|move: Toxic Spikes
|
|switch|p2a: Amoonguss|Amoonguss, F|100/100|[from] U-turn
|-sideend|p2: p2|move: Toxic Spikes|[of] p2a: Amoonguss
|move|p1a: Glimmora|Stealth Rock|p2a: Amoonguss
|-sidestart|p2: p2|move: Stealth Rock
|
|turn|2
|
|move|p1a: Glimmora|Sludge Bomb|p2a: Amoonguss
|-damage|p2a: Amoonguss|49/100
|move|p2a: Amoonguss|Spore|p1a: Glimmora
|-status|p1a: Glimmora|slp|[from] move: Spore
|
|-heal|p2a: Amoonguss|55/100|[from] item: Black Sludge
|turn|3
|
|switch|p2a: Iron Treads|Iron Treads|100/100
|-damage|p2a: Iron Treads|98/100|[from] Stealth Rock
|cant|p1a: Glimmora|slp
|
|turn|4
|
|-terastallize|p1a: Glimmora|Grass
|move|p2a: Iron Treads|Rapid Spin|p1a: Glimmora
|-damage|p1a: Glimmora|64/100 slp
|-boost|p2a: Iron Treads|spe|1
|-activate|p1a: Glimmora|ability: Toxic Debris
|-sidestart|p2: p2|move: Toxic Spikes
|-sideend|p2: p2|Toxic Spikes|[from] move: Rapid Spin|[of] p2a: Iron Treads
|-sideend|p2: p2|Stealth Rock|[from] move: Rapid Spin|[of] p2a: Iron Treads
|cant|p1a: Glimmora|slp
|
|turn|5
|
|move|p2a: Iron Treads|Knock Off|p1a: Glimmora
|-crit|p1a: Glimmora
|-damage|p1a: Glimmora|15/100 slp
|-activate|p1a: Glimmora|ability: Toxic Debris
|-sidestart|p2: p2|move: Toxic Spikes
|-enditem|p1a: Glimmora|Focus Sash|[from] move: Knock Off|[of] p2a: Iron Treads
|-curestatus|p1a: Glimmora|slp|[msg]
|move|p1a: Glimmora|Energy Ball|p2a: Iron Treads
|-damage|p2a: Iron Treads|27/100
|-enditem|p2a: Iron Treads|Red Card|[of] p1a: Glimmora
|drag|p1a: Amoonguss|Amoonguss, M|100/100
|
|turn|6
|
|move|p2a: Iron Treads|Rapid Spin|p1a: Amoonguss
|-damage|p1a: Amoonguss|84/100
|-boost|p2a: Iron Treads|spe|1
|-sideend|p2: p2|Toxic Spikes|[from] move: Rapid Spin|[of] p2a: Iron Treads
|move|p1a: Amoonguss|Spore|p2a: Iron Treads
|-status|p2a: Iron Treads|slp|[from] move: Spore
|
|-heal|p1a: Amoonguss|90/100|[from] item: Black Sludge
|turn|7
|
|-end|p2a: Iron Treads|Quark Drive|[silent]
|switch|p2a: Sneasler|Sneasler, F|100/100
|-item|p2a: Sneasler|Air Balloon
|move|p1a: Amoonguss|Toxic|p2a: Sneasler
|-immune|p2a: Sneasler
|
|-heal|p1a: Amoonguss|97/100|[from] item: Black Sludge
|turn|8
|
|switch|p1a: Zamazenta|Zamazenta-Crowned|100/100
|-ability|p1a: Zamazenta|Dauntless Shield|boost
|-boost|p1a: Zamazenta|def|1
|move|p2a: Sneasler|Swords Dance|p2a: Sneasler
|-boost|p2a: Sneasler|atk|2
|
|turn|9
|
|move|p1a: Zamazenta|Behemoth Bash|p2a: Sneasler
|-damage|p2a: Sneasler|21/100
|-enditem|p2a: Sneasler|Air Balloon
|move|p2a: Sneasler|Close Combat|p1a: Zamazenta
|-supereffective|p1a: Zamazenta
|-damage|p1a: Zamazenta|0 fnt
|-unboost|p2a: Sneasler|def|1
|-unboost|p2a: Sneasler|spd|1
|faint|p1a: Zamazenta
|
|
|switch|p1a: Corviknight|Corviknight, M|100/100
|turn|10
|
|move|p2a: Sneasler|Close Combat|p1a: Corviknight
|-damage|p1a: Corviknight|18/100
|-unboost|p2a: Sneasler|def|1
|-unboost|p2a: Sneasler|spd|1
|-damage|p2a: Sneasler|4/100|[from] item: Rocky Helmet|[of] p1a: Corviknight
|move|p1a: Corviknight|Roost|p1a: Corviknight
|-heal|p1a: Corviknight|68/100
|-singleturn|p1a: Corviknight|move: Roost
|
|turn|11
|
|move|p2a: Sneasler|Close Combat|p1a: Corviknight
|-damage|p1a: Corviknight|0 fnt
|-unboost|p2a: Sneasler|def|1
|-unboost|p2a: Sneasler|spd|1
|-damage|p2a: Sneasler|0 fnt|[from] item: Rocky Helmet|[of] p1a: Corviknight
|faint|p1a: Corviknight
|faint|p2a: Sneasler
|
|
|switch|p2a: Typhlosion|Typhlosion-Hisui, F|100/100
|switch|p1a: Glimmora|Glimmora, M, tera:Grass|15/100
|turn|12
|
|move|p2a: Typhlosion|Eruption|p1a: Glimmora
|-supereffective|p1a: Glimmora
|-damage|p1a: Glimmora|0 fnt
|faint|p1a: Glimmora
|
|
|switch|p1a: Rotom|Rotom-Wash|100/100
|turn|13
|
|switch|p2a: Iron Treads|Iron Treads|27/100 slp
|move|p1a: Rotom|Thunder Wave|p2a: Iron Treads
|-immune|p2a: Iron Treads
|
|turn|14
|player|p1|
|player|p1|p1|102
|
|cant|p2a: Iron Treads|slp
|move|p1a: Rotom|Hydro Pump|p2a: Iron Treads
|-supereffective|p2a: Iron Treads
|-damage|p2a: Iron Treads|0 fnt
|faint|p2a: Iron Treads
|-end|p2a: Iron Treads|Quark Drive|[silent]
|
|
|switch|p2a: Meowscarada|Meowscarada, F|100/100
|turn|15
|
|move|p2a: Meowscarada|Flower Trick|p1a: Rotom
|-start|p2a: Meowscarada|typechange|Grass|[from] ability: Protean
|-supereffective|p1a: Rotom
|-crit|p1a: Rotom
|-damage|p1a: Rotom|17/100
|move|p1a: Rotom|Thunder Wave|p2a: Meowscarada
|-status|p2a: Meowscarada|par
|
|-heal|p1a: Rotom|23/100|[from] item: Leftovers
|turn|16
|
|move|p2a: Meowscarada|Flower Trick|p1a: Rotom
|-supereffective|p1a: Rotom
|-crit|p1a: Rotom
|-damage|p1a: Rotom|0 fnt
|faint|p1a: Rotom
|
|
|switch|p1a: Amoonguss|Amoonguss, M|100/100
|turn|17
|
|switch|p2a: Arcanine|Arcanine-Hisui, F|100/100
|move|p1a: Amoonguss|Sludge Bomb|p2a: Arcanine
|-resisted|p2a: Arcanine
|-damage|p2a: Arcanine|84/100
|-status|p2a: Arcanine|psn
|
|-damage|p2a: Arcanine|72/100 psn|[from] psn
|turn|18
|
|move|p2a: Arcanine|Flare Blitz|p1a: Amoonguss
|-supereffective|p1a: Amoonguss
|-damage|p1a: Amoonguss|0 fnt
|faint|p1a: Amoonguss
|
|-damage|p2a: Arcanine|59/100 psn|[from] psn
|
|switch|p1a: Chien-Pao|Chien-Pao|100/100
|-ability|p1a: Chien-Pao|Sword of Ruin
|turn|19
|
|move|p1a: Chien-Pao|Crunch|p2a: Arcanine
|-damage|p2a: Arcanine|0 fnt
|faint|p2a: Arcanine
|
|
|switch|p2a: Typhlosion|Typhlosion-Hisui, F|100/100
|-item|p1a: Chien-Pao|Choice Band|[from] ability: Frisk|[of] p2a: Typhlosion|[identify]
|turn|20
|
|move|p2a: Typhlosion|Eruption|p1a: Chien-Pao
|-supereffective|p1a: Chien-Pao
|-damage|p1a: Chien-Pao|0 fnt
|faint|p1a: Chien-Pao
|
|win|p2
|player|p2|p2|clay
