|poke|p1|Ursaluna, M|
|poke|p1|Glastrier|
|poke|p1|Hoopa-Unbound|
|poke|p1|Magearna|
|poke|p1|Cresselia, F|
|poke|p1|Volcanion|
|poke|p2|Dragapult, M|
|poke|p2|Urshifu-*, F|
|poke|p2|Magearna|
|poke|p2|Zamazenta-*|
|poke|p2|Iron Treads|
|poke|p2|Chien-Pao|
|teampreview
|
|start
|switch|p1a: Cresselia|Cresselia, F|100/100
|switch|p2a: Iron Treads|Iron Treads|100/100
|turn|1
|
|move|p2a: Iron Treads|Stealth Rock|p1a: Cresselia
|-sidestart|p1: p1|move: Stealth Rock
|move|p1a: Cresselia|Trick Room|p1a: Cresselia
|-fieldstart|move: Trick Room|[of] p1a: Cresselia
|
|turn|2
|
|switch|p1a: Ursaluna|Ursaluna, M, shiny|100/100
|-damage|p1a: Ursaluna|94/100|[from] Stealth Rock
|move|p2a: Iron Treads|Earthquake|p1a: Ursaluna
|-damage|p1a: Ursaluna|68/100
|
|-status|p1a: Ursaluna|brn|[from] item: Flame Orb
|turn|3
|
|move|p1a: Ursaluna|Earthquake|p2a: Iron Treads
|-supereffective|p2a: Iron Treads
|-damage|p2a: Iron Treads|0 fnt
|faint|p2a: Iron Treads
|-end|p2a: Iron Treads|Quark Drive|[silent]
|
|-damage|p1a: Ursaluna|62/100 brn|[from] brn
|
|switch|p2a: Chien-Pao|Chien-Pao|100/100
|-ability|p2a: Chien-Pao|Sword of Ruin
|turn|4
|
|-terastallize|p1a: Ursaluna|Normal
|move|p2a: Chien-Pao|Ice Shard|p1a: Ursaluna
|-damage|p1a: Ursaluna|32/100 brn
|move|p1a: Ursaluna|Facade|p2a: Chien-Pao
|-damage|p2a: Chien-Pao|0 fnt
|faint|p2a: Chien-Pao
|
|-damage|p1a: Ursaluna|26/100 brn|[from] brn
|
|switch|p2a: Dragapult|Dragapult, M|100/100
|turn|5
|
|move|p1a: Ursaluna|Earthquake|p2a: Dragapult
|-damage|p2a: Dragapult|0 fnt
|faint|p2a: Dragapult
|
|-damage|p1a: Ursaluna|20/100 brn|[from] brn
|-fieldend|move: Trick Room
|
|switch|p2a: Magearna|Magearna|100/100
|turn|6
|
|switch|p1a: Cresselia|Cresselia, F|100/100
|-damage|p1a: Cresselia|88/100|[from] Stealth Rock
|move|p2a: Magearna|Calm Mind|p2a: Magearna
|-boost|p2a: Magearna|spa|1
|-boost|p2a: Magearna|spd|1
|
|-heal|p1a: Cresselia|94/100|[from] item: Leftovers
|turn|7
|
|move|p2a: Magearna|Fleur Cannon|p1a: Cresselia
|-damage|p1a: Cresselia|21/100
|-unboost|p2a: Magearna|spa|2
|move|p1a: Cresselia|Trick Room|p1a: Cresselia
|-fieldstart|move: Trick Room|[of] p1a: Cresselia
|
|-heal|p1a: Cresselia|27/100|[from] item: Leftovers
|turn|8
|
|move|p1a: Cresselia|Lunar Dance|p1a: Cresselia
|faint|p1a: Cresselia
|-ability|p2a: Magearna|Soul-Heart|boost
|-boost|p2a: Magearna|spa|1
|move|p2a: Magearna|Fleur Cannon|p1: Cresselia|[notarget]
|-fail|p2a: Magearna
|
|
|switch|p1a: Ursaluna|Ursaluna, M, shiny, tera:Normal|20/100 brn
|-heal|p1a: Ursaluna|100/100|[from] move: Lunar Dance
|-damage|p1a: Ursaluna|88/100|[from] Stealth Rock
|turn|9
|
|move|p1a: Ursaluna|Earthquake|p2a: Magearna
|-supereffective|p2a: Magearna
|-damage|p2a: Magearna|3/100
|move|p2a: Magearna|Fleur Cannon|p1a: Ursaluna
|-damage|p1a: Ursaluna|20/100
|-unboost|p2a: Magearna|spa|2
|
|-heal|p2a: Magearna|9/100|[from] item: Leftovers
|-status|p1a: Ursaluna|brn|[from] item: Flame Orb
|turn|10
|
|move|p1a: Ursaluna|Facade|p2a: Magearna
|-resisted|p2a: Magearna
|-damage|p2a: Magearna|0 fnt
|faint|p2a: Magearna
|
|-damage|p1a: Ursaluna|13/100 brn|[from] brn
|
|switch|p2a: Urshifu|Urshifu-Rapid-Strike, F|100/100
|turn|11
|
|move|p2a: Urshifu|Aqua Jet|p1a: Ursaluna
|-damage|p1a: Ursaluna|0 fnt
|faint|p1a: Ursaluna
|
|-fieldend|move: Trick Room
|
|switch|p1a: Volcanion|Volcanion|100/100
|-damage|p1a: Volcanion|76/100|[from] Stealth Rock
|turn|12
|
|move|p2a: Urshifu|Swords Dance|p2a: Urshifu
|-boost|p2a: Urshifu|atk|2
|move|p1a: Volcanion|Steam Eruption|p2a: Urshifu
|-resisted|p2a: Urshifu
|-damage|p2a: Urshifu|29/100
|
|turn|13
|
|move|p2a: Urshifu|Close Combat|p1a: Volcanion
|-damage|p1a: Volcanion|0 fnt
|-unboost|p2a: Urshifu|def|1
|-unboost|p2a: Urshifu|spd|1
|faint|p1a: Volcanion
|
|
|switch|p1a: Hoopa|Hoopa-Unbound|100/100
|-damage|p1a: Hoopa|88/100|[from] Stealth Rock
|turn|14
|
|move|p2a: Urshifu|Surging Strikes|p1a: Hoopa
|-crit|p1a: Hoopa
|-damage|p1a: Hoopa|22/100
|-crit|p1a: Hoopa
|-damage|p1a: Hoopa|0 fnt
|faint|p1a: Hoopa
|-hitcount|p1: Hoopa|2
|
|
|switch|p1a: Magearna|Magearna|100/100
|-damage|p1a: Magearna|94/100|[from] Stealth Rock
|turn|15
|
|move|p2a: Urshifu|Surging Strikes|p1a: Magearna
|-crit|p1a: Magearna
|-damage|p1a: Magearna|58/100
|-crit|p1a: Magearna
|-damage|p1a: Magearna|23/100
|-crit|p1a: Magearna
|-damage|p1a: Magearna|0 fnt
|faint|p1a: Magearna
|-hitcount|p1: Magearna|3
|
|
|switch|p1a: Glastrier|Glastrier|100/100
|-damage|p1a: Glastrier|76/100|[from] Stealth Rock
|turn|16
|
|move|p2a: Urshifu|Close Combat|p1a: Glastrier
|-supereffective|p1a: Glastrier
|-damage|p1a: Glastrier|0 fnt
|-unboost|p2a: Urshifu|def|1
|-unboost|p2a: Urshifu|spd|1
|faint|p1a: Glastrier
|
|win|p2
