|poke|p1|Ursaluna, F|
|poke|p1|Landorus-Therian, M|
|poke|p1|Sneasler, F|
|poke|p1|Dondozo, F|
|poke|p1|Cinderace, F|
|poke|p1|Magearna|
|poke|p2|Quaquaval, M|
|poke|p2|Garganacl, M|
|poke|p2|Gholdengo|
|poke|p2|Tinkaton, F|
|poke|p2|Toedscruel, M|
|poke|p2|Baxcalibur, F|
|teampreview
|
|start
|switch|p1a: Sneasler|Sneasler, F|100/100
|switch|p2a: Super-Dragon|Baxcalibur, F|100/100
|turn|1
|
|move|p1a: Sneasler|Close Combat|p2a: Super-Dragon
|-supereffective|p2a: Super-Dragon
|-damage|p2a: Super-Dragon|8/100
|-unboost|p1a: Sneasler|def|1
|-unboost|p1a: Sneasler|spd|1
|move|p2a: Super-Dragon|Glaive Rush|p1a: Sneasler
|-damage|p1a: Sneasler|0 fnt
|-singlemove|p2a: Super-Dragon|Glaive Rush|[silent]
|faint|p1a: Sneasler
|-damage|p2a: Super-Dragon|0 fnt|[from] item: Life Orb
|faint|p2a: Super-Dragon
|
|
|switch|p1a: Landorus|Landorus-Therian, M|100/100
|switch|p2a: Coin??Coin!?|Quaquaval, M|100/100
|-ability|p1a: Landorus|Intimidate|boost
|-unboost|p2a: Coin??Coin!?|atk|1
|turn|2
|
|move|p2a: Coin??Coin!?|Aqua Step|p1a: Landorus
|-supereffective|p1a: Landorus
|-damage|p1a: Landorus|49/100
|-boost|p2a: Coin??Coin!?|spe|1
|-damage|p2a: Coin??Coin!?|84/100|[from] item: Rocky Helmet|[of] p1a: Landorus
|move|p1a: Landorus|Grass Knot|p2a: Coin??Coin!?
|-supereffective|p2a: Coin??Coin!?
|-damage|p2a: Coin??Coin!?|25/100
|
|turn|3
|
|switch|p2a: S.Cowell|Toedscruel, M|100/100
|switch|p1a: Dondozo|Dondozo, F|100/100
|
|turn|4
|
|switch|p1a: Cinderace|Cinderace, F|100/100
|move|p2a: S.Cowell|Spore|p1a: Cinderace
|-status|p1a: Cinderace|slp|[from] move: Spore
|
|turn|5
|
|switch|p1a: Landorus|Landorus-Therian, M|49/100
|-ability|p1a: Landorus|Intimidate|boost
|-unboost|p2a: S.Cowell|atk|1
|move|p2a: S.Cowell|Earth Power|p1a: Landorus
|-immune|p1a: Landorus
|
|turn|6
|
|move|p2a: S.Cowell|Giga Drain|p1a: Landorus
|-damage|p1a: Landorus|16/100
|move|p1a: Landorus|U-turn|p2a: S.Cowell
|-supereffective|p2a: S.Cowell
|-damage|p2a: S.Cowell|34/100
|
|switch|p1a: Ursaluna|Ursaluna, F|100/100|[from] U-turn
|
|-heal|p2a: S.Cowell|40/100|[from] item: Leftovers
|-status|p1a: Ursaluna|brn|[from] item: Flame Orb
|turn|7
|
|move|p2a: S.Cowell|Giga Drain|p1a: Ursaluna
|-supereffective|p1a: Ursaluna
|-damage|p1a: Ursaluna|53/100 brn
|-heal|p2a: S.Cowell|76/100|[from] drain|[of] p1a: Ursaluna
|move|p1a: Ursaluna|Facade|p2a: S.Cowell
|-damage|p2a: S.Cowell|0 fnt
|faint|p2a: S.Cowell
|
|-damage|p1a: Ursaluna|46/100 brn|[from] brn
|
|switch|p2a: Coin??Coin!?|Quaquaval, M|25/100
|turn|8
|
|switch|p1a: Dondozo|Dondozo, F|100/100
|move|p2a: Coin??Coin!?|Close Combat|p1a: Dondozo
|-damage|p1a: Dondozo|44/100
|-unboost|p2a: Coin??Coin!?|def|1
|-unboost|p2a: Coin??Coin!?|spd|1
|
|-heal|p1a: Dondozo|50/100|[from] item: Leftovers
|turn|9
|
|switch|p1a: Landorus|Landorus-Therian, M|16/100
|-ability|p1a: Landorus|Intimidate|boost
|-unboost|p2a: Coin??Coin!?|atk|1
|move|p2a: Coin??Coin!?|Close Combat|p1a: Landorus
|-resisted|p1a: Landorus
|-damage|p1a: Landorus|0 fnt
|-unboost|p2a: Coin??Coin!?|def|1
|-unboost|p2a: Coin??Coin!?|spd|1
|-damage|p2a: Coin??Coin!?|9/100|[from] item: Rocky Helmet|[of] p1a: Landorus
|faint|p1a: Landorus
|-ability|p2a: Coin??Coin!?|Moxie|boost
|-boost|p2a: Coin??Coin!?|atk|1
|
|
|switch|p1a: Magearna|Magearna|100/100
|turn|10
|
|move|p2a: Coin??Coin!?|Close Combat|p1a: Magearna
|-damage|p1a: Magearna|37/100
|-unboost|p2a: Coin??Coin!?|def|1
|-unboost|p2a: Coin??Coin!?|spd|1
|-damage|p2a: Coin??Coin!?|0 fnt|[from] item: Rocky Helmet|[of] p1a: Magearna
|faint|p2a: Coin??Coin!?
|-ability|p1a: Magearna|Soul-Heart|boost
|-boost|p1a: Magearna|spa|1
|move|p1a: Magearna|Volt Switch|p2: Coin??Coin!?|[notarget]
|-fail|p1a: Magearna
|
|
|switch|p2a: RIP Sia|Gholdengo|100/100
|turn|11
|
|switch|p1a: Dondozo|Dondozo, F|50/100
|move|p2a: RIP Sia|Make It Rain|p1a: Dondozo
|-resisted|p1a: Dondozo
|-damage|p1a: Dondozo|28/100
|-unboost|p2a: RIP Sia|spa|1
|
|-heal|p1a: Dondozo|34/100|[from] item: Leftovers
|turn|12
|
|switch|p2a: Salt Bro <3|Garganacl, M|100/100
|move|p1a: Dondozo|Rest|p1a: Dondozo
|-status|p1a: Dondozo|slp|[from] move: Rest
|-heal|p1a: Dondozo|100/100 slp|[silent]
|
|turn|13
|
|switch|p1a: Magearna|Magearna|37/100
|move|p2a: Salt Bro <3|Salt Cure|p1a: Magearna
|-resisted|p1a: Magearna
|-damage|p1a: Magearna|33/100
|-start|p1a: Magearna|Salt Cure
|
|-damage|p1a: Magearna|8/100|[from] Salt Cure
|turn|14
|
|switch|p2a: DRAGONSLAYER|Tinkaton, F|100/100
|-ability|p2a: DRAGONSLAYER|Mold Breaker
|-item|p2a: DRAGONSLAYER|Air Balloon
|move|p1a: Magearna|Pain Split|p2a: DRAGONSLAYER
|-sethp|p2a: DRAGONSLAYER|55/100|[from] move: Pain Split|[silent]
|-sethp|p1a: Magearna|47/100|[from] move: Pain Split
|
|-damage|p1a: Magearna|22/100|[from] Salt Cure
|turn|15
|
|move|p2a: DRAGONSLAYER|Gigaton Hammer|p1a: Magearna
|-damage|p1a: Magearna|0 fnt
|faint|p1a: Magearna
|
|
|switch|p1a: Dondozo|Dondozo, F|100/100 slp
|turn|16
|
|move|p2a: DRAGONSLAYER|Knock Off|p1a: Dondozo
|-damage|p1a: Dondozo|85/100 slp
|-enditem|p1a: Dondozo|Leftovers|[from] move: Knock Off|[of] p2a: DRAGONSLAYER
|cant|p1a: Dondozo|slp
|move|p1a: Dondozo|Sleep Talk|p1a: Dondozo
|move|p1a: Dondozo|Wave Crash|p2a: DRAGONSLAYER|[from]move: Sleep Talk
|-damage|p2a: DRAGONSLAYER|0 fnt
|-enditem|p2a: DRAGONSLAYER|Air Balloon
|faint|p2a: DRAGONSLAYER
|-damage|p1a: Dondozo|74/100 slp|[from] Recoil
|
|
|switch|p2a: RIP Sia|Gholdengo|100/100
|turn|17
|
|switch|p1a: Cinderace|Cinderace, F|100/100 slp
|-terastallize|p2a: RIP Sia|Fighting
|move|p2a: RIP Sia|Focus Blast|p1a: Cinderace|[miss]
|-miss|p2a: RIP Sia|p1a: Cinderace
|
|turn|18
|
|move|p2a: RIP Sia|Focus Blast|p1a: Cinderace
|-damage|p1a: Cinderace|30/100 slp
|cant|p1a: Cinderace|slp
|
|turn|19
|
|move|p2a: RIP Sia|Focus Blast|p1a: Cinderace
|-damage|p1a: Cinderace|0 fnt
|faint|p1a: Cinderace
|
|
|switch|p1a: Dondozo|Dondozo, F|74/100 slp
|turn|20
|
|move|p2a: RIP Sia|Focus Blast|p1a: Dondozo
|-damage|p1a: Dondozo|31/100 slp
|cant|p1a: Dondozo|slp
|
|turn|21
|
|move|p2a: RIP Sia|Focus Blast|p1a: Dondozo
|-damage|p1a: Dondozo|0 fnt
|faint|p1a: Dondozo
|
|
|switch|p1a: Ursaluna|Ursaluna, F|46/100 brn
|turn|22
|
|switch|p2a: Salt Bro <3|Garganacl, M|100/100
|move|p1a: Ursaluna|Headlong Rush|p2a: Salt Bro <3
|-supereffective|p2a: Salt Bro <3
|-damage|p2a: Salt Bro <3|0 fnt
|-unboost|p1a: Ursaluna|def|1
|-unboost|p1a: Ursaluna|spd|1
|faint|p2a: Salt Bro <3
|
|-damage|p1a: Ursaluna|40/100 brn|[from] brn
|
|switch|p2a: RIP Sia|Gholdengo, tera:Fighting|100/100
|turn|23
|
|-terastallize|p1a: Ursaluna|Normal
|move|p2a: RIP Sia|Make It Rain|p1a: Ursaluna
|-damage|p1a: Ursaluna|0 fnt
|-unboost|p2a: RIP Sia|spa|1
|faint|p1a: Ursaluna
|
|win|Grain2Sel
