# advantage = p2
|poke|p1|Samurott-Hisui, F|
|poke|p1|Dragapult, M|
|poke|p1|Sneasler, M|
|poke|p1|Magearna|
|poke|p1|Volcarona, F|
|poke|p1|Zamazenta-*|
|poke|p2|Basculegion-F, F|
|poke|p2|Floatzel, M|
|poke|p2|Pelipper, M|
|poke|p2|Landorus-Therian, M|
|poke|p2|Talonflame, M|
|poke|p2|Slowking-Galar, M|
|teampreview
|
|start
|switch|p1a: Ghost|Samurott-Hisui, F|100/100
|switch|p2a: Pelipper|Pelipper, M|100/100
|-weather|RainDance|[from] ability: Drizzle|[of] p2a: Pelipper
|turn|1
|
|move|p1a: Ghost|Ceaseless Edge|p2a: Pelipper|[miss]
|-miss|p1a: Ghost|p2a: Pelipper
|move|p2a: Pelipper|U-turn|p1a: Ghost
|-supereffective|p1a: Ghost
|-damage|p1a: Ghost|78/100
|
|switch|p2a: Floatzel|Floatzel, M|100/100|[from] U-turn
|
|-weather|RainDance|[upkeep]
|turn|2
|
|move|p2a: Floatzel|Wave Crash|p1a: Ghost
|-resisted|p1a: Ghost
|-damage|p1a: Ghost|0 fnt
|faint|p1a: Ghost
|-damage|p2a: Floatzel|74/100|[from] Recoil
|
|-weather|RainDance|[upkeep]
|
|switch|p1a: Fairy|Zamazenta-Crowned|100/100
|-ability|p1a: Fairy|Dauntless Shield|boost
|-boost|p1a: Fairy|def|1
|turn|3
|
|switch|p2a: Talonflame|Talonflame, M|100/100
|move|p1a: Fairy|Body Press|p2a: Talonflame
|-resisted|p2a: Talonflame
|-damage|p2a: Talonflame|70/100
|
|-weather|RainDance|[upkeep]
|turn|4
|
|switch|p1a: Normal|Dragapult, M|100/100
|move|p2a: Talonflame|Hurricane|p1a: Normal
|-damage|p1a: Normal|67/100
|-start|p1a: Normal|confusion
|
|-weather|RainDance|[upkeep]
|turn|5
|
|switch|p2a: Slowking|Slowking-Galar, M|100/100
|-activate|p1a: Normal|confusion
|-damage|p1a: Normal|55/100|[from] confusion
|
|-weather|RainDance|[upkeep]
|turn|6
|
|-activate|p1a: Normal|confusion
|move|p1a: Normal|Reflect|p1a: Normal
|-sidestart|p1: p1|Reflect
|move|p2a: Slowking|Ice Beam|p1a: Normal
|-supereffective|p1a: Normal
|-damage|p1a: Normal|0 fnt
|-start|p2a: Slowking|Disable|Ice Beam|[from] ability: Cursed Body|[of] p1a: Normal
|faint|p1a: Normal
|
|-weather|RainDance|[upkeep]
|
|switch|p1a: Grass|Volcarona, F|100/100
|turn|7
|
|move|p1a: Grass|Quiver Dance|p1a: Grass
|-boost|p1a: Grass|spa|1
|-boost|p1a: Grass|spd|1
|-boost|p1a: Grass|spe|1
|move|p2a: Slowking|Future Sight|p1a: Grass
|-start|p2a: Slowking|move: Future Sight
|
|-weather|RainDance|[upkeep]
|turn|8
|
|switch|p2a: Floatzel|Floatzel, M|74/100
|move|p1a: Grass|Quiver Dance|p1a: Grass
|-boost|p1a: Grass|spa|1
|-boost|p1a: Grass|spd|1
|-boost|p1a: Grass|spe|1
|
|-weather|none
|turn|9
|
|switch|p2a: Pelipper|Pelipper, M|100/100
|-weather|RainDance|[from] ability: Drizzle|[of] p2a: Pelipper
|move|p1a: Grass|Giga Drain|p2a: Pelipper
|-damage|p2a: Pelipper|27/100
|
|-weather|RainDance|[upkeep]
|-end|p1a: Grass|move: Future Sight
|-damage|p1a: Grass|70/100
|turn|10
|
|-terastallize|p1a: Grass|Ground
|move|p1a: Grass|Quiver Dance|p1a: Grass
|-boost|p1a: Grass|spa|1
|-boost|p1a: Grass|spd|1
|-boost|p1a: Grass|spe|1
|move|p2a: Pelipper|U-turn|p1a: Grass
|-damage|p1a: Grass|63/100
|-status|p2a: Pelipper|brn|[from] ability: Flame Body|[of] p1a: Grass
|
|switch|p2a: Floatzel|Floatzel, M|74/100|[from] U-turn
|
|-weather|RainDance|[upkeep]
|turn|11
|
|-terastallize|p2a: Floatzel|Water
|move|p2a: Floatzel|Aqua Jet|p1a: Grass
|-supereffective|p1a: Grass
|-damage|p1a: Grass|0 fnt
|faint|p1a: Grass
|
|-weather|RainDance|[upkeep]
|
|switch|p1a: Dark|Sneasler, M|100/100
|-item|p1a: Dark|Air Balloon
|turn|12
|
|switch|p2a: Talonflame|Talonflame, M|70/100
|move|p1a: Dark|Dire Claw|p2a: Talonflame
|-damage|p2a: Talonflame|25/100
|-status|p2a: Talonflame|par
|
|-weather|RainDance|[upkeep]
|turn|13
|
|move|p1a: Dark|Swords Dance|p1a: Dark
|-boost|p1a: Dark|atk|2
|move|p2a: Talonflame|Hurricane|p1a: Dark
|-supereffective|p1a: Dark
|-damage|p1a: Dark|31/100
|-start|p1a: Dark|confusion
|-enditem|p1a: Dark|Air Balloon
|
|-weather|RainDance|[upkeep]
|-sideend|p1: p1|Reflect
|turn|14
|
|-activate|p1a: Dark|confusion
|move|p1a: Dark|Dire Claw|p2a: Talonflame
|-damage|p2a: Talonflame|0 fnt
|faint|p2a: Talonflame
|
|-weather|RainDance|[upkeep]
|
|switch|p2a: Landorus|Landorus-Therian, M|100/100
|-ability|p2a: Landorus|Intimidate|boost
|-unboost|p1a: Dark|atk|1
|turn|15
|
|-activate|p1a: Dark|confusion
|-damage|p1a: Dark|0 fnt|[from] confusion
|faint|p1a: Dark
|move|p2a: Landorus|U-turn|p1: Dark|[notarget]
|-fail|p2a: Landorus
|
|-weather|RainDance|[upkeep]
|
|switch|p1a: Fairy|Zamazenta-Crowned|100/100
|turn|16
|
|move|p1a: Fairy|Iron Defense|p1a: Fairy
|-boost|p1a: Fairy|def|2
|move|p2a: Landorus|Sandsear Storm|p1a: Fairy
|-supereffective|p1a: Fairy
|-damage|p1a: Fairy|41/100
|
|-weather|none
|turn|17
|
|move|p1a: Fairy|Body Press|p2a: Landorus
|-resisted|p2a: Landorus
|-damage|p2a: Landorus|69/100
|move|p2a: Landorus|Sandsear Storm|p1a: Fairy
|-supereffective|p1a: Fairy
|-damage|p1a: Fairy|0 fnt
|faint|p1a: Fairy
|
|-heal|p2a: Landorus|75/100|[from] item: Leftovers
|-message|p1 forfeited.
|
|win|p2
