|poke|p1|Great Tusk|
|poke|p1|Gholdengo|
|poke|p1|Zoroark-Hisui, F|
|poke|p1|Volcarona, F|
|poke|p1|Gallade, M|
|poke|p1|Grimmsnarl, M|
|poke|p2|Urshifu-*, M|
|poke|p2|Slowking-Galar, F|
|poke|p2|Great Tusk|
|poke|p2|Dragapult, M|
|poke|p2|Zapdos|
|poke|p2|Garganacl, F|
|teampreview
|
|start
|switch|p1a: Grimmsnarl|Grimmsnarl, M|100/100
|switch|p2a: Slowking|Slowking-Galar, F|100/100
|turn|1
|
|move|p1a: Grimmsnarl|Taunt|p2a: Slowking
|-start|p2a: Slowking|move: Taunt
|move|p2a: Slowking|Sludge Bomb|p1a: Grimmsnarl
|-resisted|p1a: Grimmsnarl
|-damage|p1a: Grimmsnarl|63/100
|-status|p1a: Grimmsnarl|psn
|replace|p1a: Zoroark|Zoroark-Hisui, F
|-end|p1a: Zoroark|Illusion
|
|-damage|p1a: Zoroark|51/100 psn|[from] psn
|turn|2
|
|move|p1a: Zoroark|Bitter Malice|p2a: Slowking
|-supereffective|p2a: Slowking
|-damage|p2a: Slowking|54/100
|-unboost|p2a: Slowking|atk|1
|move|p2a: Slowking|Flamethrower|p1a: Zoroark
|-damage|p1a: Zoroark|5/100 psn
|
|-heal|p2a: Slowking|60/100|[from] item: Leftovers
|-damage|p1a: Zoroark|0 fnt|[from] psn
|faint|p1a: Zoroark
|
|switch|p1a: Gallade|Gallade, M|100/100
|turn|3
|
|switch|p2a: Zapdos|Zapdos|100/100
|move|p1a: Gallade|Agility|p1a: Gallade
|-boost|p1a: Gallade|spe|2
|
|turn|4
|
|move|p1a: Gallade|Psycho Cut|p2a: Zapdos
|-damage|p2a: Zapdos|49/100
|-damage|p1a: Gallade|91/100|[from] item: Life Orb
|move|p2a: Zapdos|Volt Switch|p1a: Gallade
|-damage|p1a: Gallade|57/100
|
|switch|p2a: Great Tusk|Great Tusk|100/100|[from] Volt Switch
|
|turn|5
|
|move|p1a: Gallade|Psycho Cut|p2a: Great Tusk
|-supereffective|p2a: Great Tusk
|-damage|p2a: Great Tusk|19/100
|-damage|p1a: Gallade|47/100|[from] item: Life Orb
|move|p2a: Great Tusk|Earthquake|p1a: Gallade
|-damage|p1a: Gallade|0 fnt
|faint|p1a: Gallade
|
|-heal|p2a: Great Tusk|25/100|[from] item: Leftovers
|
|switch|p1a: Volcarona|Volcarona, F|100/100
|turn|6
|
|move|p1a: Volcarona|Fiery Dance|p2a: Great Tusk
|-damage|p2a: Great Tusk|0 fnt
|faint|p2a: Great Tusk
|-end|p2a: Great Tusk|Protosynthesis|[silent]
|
|
|switch|p2a: Garganacl|Garganacl, F|100/100
|turn|7
|
|switch|p1a: Grimmsnarl|Grimmsnarl, M|100/100
|move|p2a: Garganacl|Salt Cure|p1a: Grimmsnarl
|-damage|p1a: Grimmsnarl|84/100
|-start|p1a: Grimmsnarl|Salt Cure
|
|-damage|p1a: Grimmsnarl|71/100|[from] Salt Cure
|turn|8
|
|switch|p2a: Urshifu|Urshifu-Rapid-Strike, M|100/100
|move|p1a: Grimmsnarl|Reflect|p1a: Grimmsnarl
|-sidestart|p1: p1|Reflect
|
|-damage|p1a: Grimmsnarl|59/100|[from] Salt Cure
|turn|9
|
|move|p2a: Urshifu|Surging Strikes|p1a: Grimmsnarl
|-crit|p1a: Grimmsnarl
|-damage|p1a: Grimmsnarl|24/100
|-crit|p1a: Grimmsnarl
|-damage|p1a: Grimmsnarl|0 fnt
|faint|p1a: Grimmsnarl
|-hitcount|p1: Grimmsnarl|2
|
|
|switch|p1a: Gholdengo|Gholdengo|100/100
|turn|10
|
|switch|p2a: Slowking|Slowking-Galar, F|94/100
|move|p1a: Gholdengo|Thunderbolt|p2a: Slowking
|-damage|p2a: Slowking|74/100
|
|-heal|p2a: Slowking|80/100|[from] item: Leftovers
|turn|11
|
|switch|p1a: Volcarona|Volcarona, F|100/100
|move|p2a: Slowking|Chilly Reception|p2a: Slowking
|-weather|Snow
|
|switch|p2a: Garganacl|Garganacl, F|100/100|[from] Chilly Reception
|
|-weather|Snow|[upkeep]
|turn|12
|
|move|p1a: Volcarona|Quiver Dance|p1a: Volcarona
|-boost|p1a: Volcarona|spa|1
|-boost|p1a: Volcarona|spd|1
|-boost|p1a: Volcarona|spe|1
|move|p2a: Garganacl|Salt Cure|p1a: Volcarona
|-supereffective|p1a: Volcarona
|-damage|p1a: Volcarona|58/100
|-start|p1a: Volcarona|Salt Cure
|
|-weather|Snow|[upkeep]
|-damage|p1a: Volcarona|46/100|[from] Salt Cure
|turn|13
|
|move|p1a: Volcarona|Giga Drain|p2a: Garganacl
|-supereffective|p2a: Garganacl
|-damage|p2a: Garganacl|45/100
|-heal|p1a: Volcarona|82/100|[from] drain|[of] p2a: Garganacl
|move|p2a: Garganacl|Salt Cure|p1a: Volcarona
|-supereffective|p1a: Volcarona
|-damage|p1a: Volcarona|39/100
|
|-weather|Snow|[upkeep]
|-heal|p2a: Garganacl|51/100|[from] item: Leftovers
|-damage|p1a: Volcarona|27/100|[from] Salt Cure
|turn|14
|
|switch|p2a: Slowking|Slowking-Galar, F|100/100
|move|p1a: Volcarona|Giga Drain|p2a: Slowking
|-resisted|p2a: Slowking
|-damage|p2a: Slowking|89/100
|-heal|p1a: Volcarona|34/100|[from] drain|[of] p2a: Slowking
|
|-weather|Snow|[upkeep]
|-heal|p2a: Slowking|95/100|[from] item: Leftovers
|-damage|p1a: Volcarona|22/100|[from] Salt Cure
|turn|15
|
|move|p1a: Volcarona|Bug Buzz|p2a: Slowking
|-damage|p2a: Slowking|48/100
|move|p2a: Slowking|Sludge Bomb|p1a: Volcarona
|-crit|p1a: Volcarona
|-damage|p1a: Volcarona|0 fnt
|faint|p1a: Volcarona
|
|-weather|none
|-heal|p2a: Slowking|54/100|[from] item: Leftovers
|-sideend|p1: p1|Reflect
|
|switch|p1a: Great Tusk|Great Tusk|100/100
|turn|16
|
|move|p1a: Great Tusk|Knock Off|p2a: Slowking
|-supereffective|p2a: Slowking
|-damage|p2a: Slowking|0 fnt
|-enditem|p2a: Slowking|Leftovers|[from] move: Knock Off|[of] p1a: Great Tusk
|faint|p2a: Slowking
|
|
|switch|p2a: Urshifu|Urshifu-Rapid-Strike, M|100/100
|turn|17
|
|move|p2a: Urshifu|Surging Strikes|p1a: Great Tusk
|-supereffective|p1a: Great Tusk
|-crit|p1a: Great Tusk
|-damage|p1a: Great Tusk|71/100
|-supereffective|p1a: Great Tusk
|-crit|p1a: Great Tusk
|-damage|p1a: Great Tusk|45/100
|-supereffective|p1a: Great Tusk
|-crit|p1a: Great Tusk
|-damage|p1a: Great Tusk|14/100
|-hitcount|p1a: Great Tusk|3
|move|p1a: Great Tusk|Knock Off|p2a: Urshifu
|-resisted|p2a: Urshifu
|-damage|p2a: Urshifu|87/100
|-enditem|p2a: Urshifu|Choice Band|[from] move: Knock Off|[of] p1a: Great Tusk
|
|-heal|p1a: Great Tusk|20/100|[from] item: Leftovers
|turn|18
|
|move|p2a: Urshifu|Surging Strikes|p1a: Great Tusk
|-supereffective|p1a: Great Tusk
|-crit|p1a: Great Tusk
|-damage|p1a: Great Tusk|0 fnt
|faint|p1a: Great Tusk
|-end|p1a: Great Tusk|Protosynthesis|[silent]
|-hitcount|p1: Great Tusk|1
|
|
|switch|p1a: Gholdengo|Gholdengo|100/100
|turn|19
|
|move|p1a: Gholdengo|Thunderbolt|p2a: Urshifu
|-supereffective|p2a: Urshifu
|-damage|p2a: Urshifu|0 fnt
|faint|p2a: Urshifu
|
|
|switch|p2a: Dragapult|Dragapult, M|100/100
|turn|20
|
|move|p1a: Gholdengo|Thunderbolt|p2a: Dragapult
|-resisted|p2a: Dragapult
|-damage|p2a: Dragapult|78/100
|-status|p2a: Dragapult|par
|cant|p2a: Dragapult|par
|
|turn|21
|
|move|p1a: Gholdengo|Thunderbolt|p2a: Dragapult
|-resisted|p2a: Dragapult
|-damage|p2a: Dragapult|55/100 par
|move|p2a: Dragapult|Shadow Ball|p1a: Gholdengo
|-supereffective|p1a: Gholdengo
|-damage|p1a: Gholdengo|0 fnt
|faint|p1a: Gholdengo
|
|win|p2
