|poke|p1|Tinkaton, F|
|poke|p1|Basculegion-F, F|
|poke|p1|Garchomp, F|
|poke|p1|Sneasler, F|
|poke|p1|Toxapex, M|
|poke|p1|Hydreigon, M|
|poke|p2|Electrode-Hisui|
|poke|p2|Tinkaton, F|
|poke|p2|Wugtrio, F|
|poke|p2|Forretress, M|
|poke|p2|Blissey, F|
|poke|p2|Kilowattrel, M|
|teampreview
|
|start
|switch|p1a: Sneasler|Sneasler, F|100/100
|switch|p2a: ATF Member|Tinkaton, F|100/100
|-ability|p2a: ATF Member|Mold Breaker
|turn|1
|
|move|p1a: Sneasler|Fake Out|p2a: ATF Member
|-resisted|p2a: ATF Member
|-damage|p2a: ATF Member|92/100
|cant|p2a: ATF Member|flinch
|
|turn|2
|
|move|p1a: Sneasler|U-turn|p2a: ATF Member
|-resisted|p2a: ATF Member
|-damage|p2a: ATF Member|85/100
|
|switch|p1a: Toxapex|Toxapex, M|100/100|[from] U-turn
|move|p2a: ATF Member|Swords Dance|p2a: ATF Member
|-boost|p2a: ATF Member|atk|2
|
|turn|3
|
|move|p2a: ATF Member|Swords Dance|p2a: ATF Member
|-boost|p2a: ATF Member|atk|2
|move|p1a: Toxapex|Surf|p2a: ATF Member
|-damage|p2a: ATF Member|68/100
|
|turn|4
|
|move|p2a: ATF Member|Gigaton Hammer|p1a: Toxapex
|-resisted|p1a: Toxapex
|-damage|p1a: Toxapex|42/100
|move|p1a: Toxapex|Surf|p2a: ATF Member
|-damage|p2a: ATF Member|50/100
|
|-heal|p1a: Toxapex|48/100|[from] item: Black Sludge
|turn|5
|
|move|p2a: ATF Member|Stone Edge|p1a: Toxapex
|-damage|p1a: Toxapex|0 fnt
|faint|p1a: Toxapex
|
|
|switch|p1a: Sneasler|Sneasler, F|100/100
|turn|6
|
|move|p1a: Sneasler|Fake Out|p2a: ATF Member
|-resisted|p2a: ATF Member
|-damage|p2a: ATF Member|43/100
|cant|p2a: ATF Member|flinch
|
|turn|7
|
|move|p1a: Sneasler|Close Combat|p2a: ATF Member
|-damage|p2a: ATF Member|0 fnt
|-unboost|p1a: Sneasler|def|1
|-unboost|p1a: Sneasler|spd|1
|faint|p2a: ATF Member
|
|
|switch|p2a: Assault Mech|Blissey, F, shiny|100/100
|turn|8
|
|move|p1a: Sneasler|U-turn|p2a: Assault Mech
|-damage|p2a: Assault Mech|72/100
|-status|p2a: Assault Mech|psn|[from] ability: Poison Touch|[of] p1a: Sneasler
|
|switch|p1a: Tinkaton|Tinkaton, F|100/100|[from] U-turn
|-ability|p1a: Tinkaton|Mold Breaker
|move|p2a: Assault Mech|Zen Headbutt|p1a: Tinkaton
|-resisted|p1a: Tinkaton
|-damage|p1a: Tinkaton|95/100
|
|-heal|p1a: Tinkaton|100/100|[from] item: Leftovers
|-heal|p2a: Assault Mech|78/100 psn|[from] item: Leftovers
|-damage|p2a: Assault Mech|65/100 psn|[from] psn
|turn|9
|
|move|p1a: Tinkaton|Play Rough|p2a: Assault Mech
|-damage|p2a: Assault Mech|33/100 psn
|move|p2a: Assault Mech|Fire Blast|p1a: Tinkaton
|-supereffective|p1a: Tinkaton
|-damage|p1a: Tinkaton|63/100
|-status|p1a: Tinkaton|brn
|
|-heal|p1a: Tinkaton|69/100 brn|[from] item: Leftovers
|-heal|p2a: Assault Mech|39/100 psn|[from] item: Leftovers
|-damage|p2a: Assault Mech|27/100 psn|[from] psn
|-damage|p1a: Tinkaton|63/100 brn|[from] brn
|turn|10
|
|move|p1a: Tinkaton|Gigaton Hammer|p2a: Assault Mech
|-damage|p2a: Assault Mech|0 fnt
|faint|p2a: Assault Mech
|
|-heal|p1a: Tinkaton|69/100 brn|[from] item: Leftovers
|-damage|p1a: Tinkaton|63/100 brn|[from] brn
|
|switch|p2a: Spy kids|Wugtrio, F|100/100
|turn|11
|
|move|p2a: Spy kids|Bulldoze|p1a: Tinkaton
|-supereffective|p1a: Tinkaton
|-damage|p1a: Tinkaton|15/100 brn
|-unboost|p1a: Tinkaton|spe|1
|move|p1a: Tinkaton|Thunder Wave|p2a: Spy kids|[miss]
|-miss|p1a: Tinkaton|p2a: Spy kids
|
|-heal|p1a: Tinkaton|21/100 brn|[from] item: Leftovers
|-damage|p1a: Tinkaton|15/100 brn|[from] brn
|turn|12
|
|move|p2a: Spy kids|Liquidation|p1a: Tinkaton
|-damage|p1a: Tinkaton|0 fnt
|faint|p1a: Tinkaton
|
|
|switch|p1a: Basculegion|Basculegion-F, F|100/100
|turn|13
|
|move|p1a: Basculegion|Shadow Ball|p2a: Spy kids
|-enditem|p2a: Spy kids|Focus Sash
|-damage|p2a: Spy kids|1/100
|move|p2a: Spy kids|Foul Play|p1a: Basculegion
|-supereffective|p1a: Basculegion
|-damage|p1a: Basculegion|61/100
|
|turn|14
|
|switch|p2a: Mr Spin|Forretress, M, shiny|100/100
|move|p1a: Basculegion|Shadow Ball|p2a: Mr Spin
|-damage|p2a: Mr Spin|30/100
|
|turn|15
|
|move|p1a: Basculegion|Shadow Ball|p2a: Mr Spin
|-damage|p2a: Mr Spin|0 fnt
|faint|p2a: Mr Spin
|
|
|switch|p2a: Need for Bead|Electrode-Hisui|100/100
|turn|16
|
|switch|p1a: Hydreigon|Hydreigon, M|100/100
|-terastallize|p2a: Need for Bead|Fairy
|move|p2a: Need for Bead|Tera Blast|p1a: Hydreigon
|-supereffective|p1a: Hydreigon
|-damage|p1a: Hydreigon|0 fnt
|faint|p1a: Hydreigon
|
|
|switch|p1a: Sneasler|Sneasler, F|100/100
|turn|17
|
|move|p1a: Sneasler|Fake Out|p2a: Need for Bead
|-damage|p2a: Need for Bead|78/100
|-status|p2a: Need for Bead|psn|[from] ability: Poison Touch|[of] p1a: Sneasler
|cant|p2a: Need for Bead|flinch
|
|-damage|p2a: Need for Bead|66/100 psn|[from] psn
|turn|18
|
|move|p2a: Need for Bead|Tera Blast|p1a: Sneasler
|-crit|p1a: Sneasler
|-damage|p1a: Sneasler|3/100
|move|p1a: Sneasler|Dire Claw|p2a: Need for Bead
|-supereffective|p2a: Need for Bead
|-damage|p2a: Need for Bead|0 fnt
|-damage|p1a: Sneasler|0 fnt|[from] ability: Aftermath|[of] p2a: Need for Bead
|faint|p2a: Need for Bead
|faint|p1a: Sneasler
|
|
|switch|p2a: Chihuahua Thief|Kilowattrel, M|100/100
|switch|p1a: Garchomp|Garchomp, F|100/100
|turn|19
|
|move|p2a: Chihuahua Thief|Hurricane|p1a: Garchomp
|-damage|p1a: Garchomp|50/100
|-start|p1a: Garchomp|confusion
|-activate|p1a: Garchomp|confusion
|move|p1a: Garchomp|Outrage|p2a: Chihuahua Thief
|-damage|p2a: Chihuahua Thief|1/100
|
|turn|20
|
|move|p2a: Chihuahua Thief|Hurricane|p1a: Garchomp
|-crit|p1a: Garchomp
|-damage|p1a: Garchomp|0 fnt
|faint|p1a: Garchomp
|
|
|switch|p1a: Basculegion|Basculegion-F, F|61/100
|turn|21
|
|-terastallize|p1a: Basculegion|Ghost
|move|p2a: Chihuahua Thief|Hurricane|p1a: Basculegion
|-damage|p1a: Basculegion|5/100
|move|p1a: Basculegion|Shadow Ball|p2a: Chihuahua Thief
|-damage|p2a: Chihuahua Thief|0 fnt
|faint|p2a: Chihuahua Thief
|
|
|switch|p2a: Spy kids|Wugtrio, F|1/100
|turn|22
|
|move|p1a: Basculegion|Shadow Ball|p2a: Spy kids
|-damage|p2a: Spy kids|0 fnt
|faint|p2a: Spy kids
|
|win|iced waffle
