|poke|p1|Mew|
|poke|p1|Urshifu-*, F|
|poke|p1|Zapdos|
|poke|p1|Chien-Pao|
|poke|p1|Corviknight, M|
|poke|p1|Arcanine-Hisui, M|
|poke|p2|Iron Valiant|
|poke|p2|Rotom-Wash|
|poke|p2|Ting-Lu|
|poke|p2|Revavroom, F|
|poke|p2|Great Tusk|
|poke|p2|Cinderace, M|
|teampreview
|
|start
|switch|p1a: Mew|Mew|100/100
|switch|p2a: Rotom|Rotom-Wash|100/100
|turn|1
|
|move|p1a: Mew|Stealth Rock|p2a: Rotom
|-sidestart|p2: p2|move: Stealth Rock
|move|p2a: Rotom|Volt Switch|p1a: Mew
|-crit|p1a: Mew
|-damage|p1a: Mew|64/100
|
|switch|p2a: Cinderace|Cinderace, M|100/100|[from] Volt Switch
|
|turn|2
|
|move|p2a: Cinderace|Pyro Ball|p1a: Mew|[miss]
|-miss|p2a: Cinderace|p1a: Mew
|move|p1a: Mew|Taunt|p2a: Cinderace
|-start|p2a: Cinderace|move: Taunt
|
|turn|3
|
|move|p2a: Cinderace|Pyro Ball|p1a: Mew
|-damage|p1a: Mew|11/100
|move|p1a: Mew|Ice Beam|p2a: Cinderace
|-resisted|p2a: Cinderace
|-damage|p2a: Cinderace|82/100
|
|turn|4
|
|move|p2a: Cinderace|U-turn|p1a: Mew
|-start|p2a: Cinderace|typechange|Bug|[from] ability: Libero
|-supereffective|p1a: Mew
|-damage|p1a: Mew|0 fnt
|faint|p1a: Mew
|
|switch|p2a: Rotom|Rotom-Wash|100/100|[from] U-turn
|-damage|p2a: Rotom|88/100|[from] Stealth Rock
|
|-heal|p2a: Rotom|94/100|[from] item: Leftovers
|
|switch|p1a: Zapdos|Zapdos|100/100
|turn|5
|
|move|p1a: Zapdos|Substitute|p1a: Zapdos
|-start|p1a: Zapdos|Substitute
|-damage|p1a: Zapdos|76/100
|move|p2a: Rotom|Will-O-Wisp||[still]
|-fail|p2a: Rotom
|
|-heal|p1a: Zapdos|82/100|[from] item: Leftovers
|-heal|p2a: Rotom|99/100|[from] item: Leftovers
|turn|6
|
|move|p1a: Zapdos|Discharge|p2a: Rotom
|-damage|p2a: Rotom|73/100
|move|p2a: Rotom|Volt Switch|p1a: Zapdos
|-activate|p1a: Zapdos|move: Substitute|[damage]
|
|switch|p2a: Ting-Lu|Ting-Lu|100/100|[from] Volt Switch
|-damage|p2a: Ting-Lu|94/100|[from] Stealth Rock
|-ability|p2a: Ting-Lu|Vessel of Ruin
|
|-heal|p1a: Zapdos|88/100|[from] item: Leftovers
|-heal|p2a: Ting-Lu|100/100|[from] item: Leftovers
|turn|7
|
|move|p1a: Zapdos|Hurricane|p2a: Ting-Lu
|-damage|p2a: Ting-Lu|80/100
|-start|p2a: Ting-Lu|confusion
|-activate|p2a: Ting-Lu|confusion
|move|p2a: Ting-Lu|Stealth Rock|p1a: Zapdos
|-sidestart|p1: p1|move: Stealth Rock
|
|-heal|p1a: Zapdos|94/100|[from] item: Leftovers
|-heal|p2a: Ting-Lu|86/100|[from] item: Leftovers
|turn|8
|
|switch|p1a: Corviknight|Corviknight, M|100/100
|-damage|p1a: Corviknight|88/100|[from] Stealth Rock
|-activate|p2a: Ting-Lu|confusion
|-damage|p2a: Ting-Lu|81/100|[from] confusion
|
|-heal|p1a: Corviknight|94/100|[from] item: Leftovers
|-heal|p2a: Ting-Lu|87/100|[from] item: Leftovers
|turn|9
|
|move|p1a: Corviknight|Defog|p2a: Ting-Lu
|-unboost|p2a: Ting-Lu|evasion|1
|-sideend|p2: p2|Stealth Rock|[from] move: Defog|[of] p1a: Corviknight
|-sideend|p1: p1|Stealth Rock|[from] move: Defog|[of] p1a: Corviknight
|-end|p2a: Ting-Lu|confusion
|move|p2a: Ting-Lu|Whirlwind|p1a: Corviknight
|drag|p1a: Zapdos|Zapdos|94/100
|
|-heal|p1a: Zapdos|100/100|[from] item: Leftovers
|-heal|p2a: Ting-Lu|93/100|[from] item: Leftovers
|turn|10
|
|switch|p1a: Urshifu|Urshifu-Rapid-Strike, F|100/100
|move|p2a: Ting-Lu|Stealth Rock|p1a: Urshifu
|-sidestart|p1: p1|move: Stealth Rock
|
|-heal|p2a: Ting-Lu|99/100|[from] item: Leftovers
|turn|11
|
|switch|p2a: Rotom|Rotom-Wash|73/100
|move|p1a: Urshifu|Swords Dance|p1a: Urshifu
|-boost|p1a: Urshifu|atk|2
|
|-heal|p2a: Rotom|79/100|[from] item: Leftovers
|turn|12
|
|move|p2a: Rotom|Protect|p2a: Rotom
|-singleturn|p2a: Rotom|Protect
|move|p1a: Urshifu|Close Combat|p2a: Rotom
|-damage|p2a: Rotom|0 fnt
|-unboost|p1a: Urshifu|def|1
|-unboost|p1a: Urshifu|spd|1
|faint|p2a: Rotom
|
|
|switch|p2a: Iron Valiant|Iron Valiant|100/100
|-enditem|p2a: Iron Valiant|Booster Energy
|-activate|p2a: Iron Valiant|ability: Quark Drive|[fromitem]
|-start|p2a: Iron Valiant|quarkdrivespe
|turn|13
|
|-terastallize|p1a: Urshifu|Water
|move|p2a: Iron Valiant|Moonblast|p1a: Urshifu
|-damage|p1a: Urshifu|0 fnt
|faint|p1a: Urshifu
|
|
|switch|p1a: Zapdos|Zapdos|100/100
|-damage|p1a: Zapdos|76/100|[from] Stealth Rock
|turn|14
|
|-end|p2a: Iron Valiant|Quark Drive|[silent]
|switch|p2a: Ting-Lu|Ting-Lu|99/100
|-ability|p2a: Ting-Lu|Vessel of Ruin
|move|p1a: Zapdos|Hurricane|p2a: Ting-Lu|[miss]
|-miss|p1a: Zapdos|p2a: Ting-Lu
|
|-heal|p1a: Zapdos|82/100|[from] item: Leftovers
|-heal|p2a: Ting-Lu|100/100|[from] item: Leftovers
|turn|15
|
|move|p1a: Zapdos|Hurricane|p2a: Ting-Lu|[miss]
|-miss|p1a: Zapdos|p2a: Ting-Lu
|move|p2a: Ting-Lu|Whirlwind|p1a: Zapdos
|drag|p1a: Chien-Pao|Chien-Pao|100/100
|-damage|p1a: Chien-Pao|76/100|[from] Stealth Rock
|-ability|p1a: Chien-Pao|Sword of Ruin
|
|turn|16
|
|switch|p2a: Cinderace|Cinderace, M|82/100
|move|p1a: Chien-Pao|Ice Spinner|p2a: Cinderace
|-resisted|p2a: Cinderace
|-damage|p2a: Cinderace|21/100
|
|turn|17
|
|move|p1a: Chien-Pao|Ice Spinner|p2a: Cinderace
|-resisted|p2a: Cinderace
|-damage|p2a: Cinderace|0 fnt
|faint|p2a: Cinderace
|
|
|switch|p2a: Revavroom|Revavroom, F|100/100
|-item|p2a: Revavroom|Air Balloon
|turn|18
|
|switch|p1a: Corviknight|Corviknight, M|94/100
|-damage|p1a: Corviknight|82/100|[from] Stealth Rock
|move|p2a: Revavroom|Shift Gear|p2a: Revavroom
|-boost|p2a: Revavroom|spe|2
|-boost|p2a: Revavroom|atk|1
|
|-heal|p1a: Corviknight|88/100|[from] item: Leftovers
|turn|19
|
|move|p2a: Revavroom|Shift Gear|p2a: Revavroom
|-boost|p2a: Revavroom|spe|2
|-boost|p2a: Revavroom|atk|1
|move|p1a: Corviknight|Defog|p2a: Revavroom
|-unboost|p2a: Revavroom|evasion|1
|-sideend|p1: p1|Stealth Rock|[from] move: Defog|[of] p1a: Corviknight
|
|-heal|p1a: Corviknight|94/100|[from] item: Leftovers
|turn|20
|
|move|p2a: Revavroom|Shift Gear|p2a: Revavroom
|-boost|p2a: Revavroom|spe|2
|-boost|p2a: Revavroom|atk|1
|move|p1a: Corviknight|U-turn|p2a: Revavroom
|-resisted|p2a: Revavroom
|-damage|p2a: Revavroom|97/100
|-enditem|p2a: Revavroom|Air Balloon
|
|switch|p1a: Arcanine|Arcanine-Hisui, M|100/100|[from] U-turn
|
|turn|21
|
|move|p2a: Revavroom|Iron Head|p1a: Arcanine
|-damage|p1a: Arcanine|0 fnt
|faint|p1a: Arcanine
|
|-message|p1 forfeited.
|
|win|p2
