|poke|p1|Krookodile, M|
|poke|p1|Corviknight, M|
|poke|p1|Greninja, M|
|poke|p1|Dragalge, F|
|poke|p1|Salazzle, F|
|poke|p1|Grimmsnarl, M|
|poke|p2|Kleavor, F|
|poke|p2|Samurott-Hisui, M|
|poke|p2|Gholdengo|
|poke|p2|Drifblim, M|
|poke|p2|Great Tusk|
|poke|p2|Iron Moth|
|teampreview
|
|start
|switch|p1a: Dunkel|Grimmsnarl, M|100/100
|switch|p2a: Kleavor|Kleavor, F|100/100
|turn|1
|
|move|p1a: Dunkel|Reflect|p1a: Dunkel
|-sidestart|p1: p1|Reflect
|move|p2a: Kleavor|Stone Axe|p1a: Dunkel|[miss]
|-miss|p2a: Kleavor|p1a: Dunkel
|
|turn|2
|
|move|p2a: Kleavor|Stone Axe|p1a: Dunkel
|-damage|p1a: Dunkel|72/100
|-sidestart|p1: p1|move: Stealth Rock
|-damage|p2a: Kleavor|91/100|[from] item: Life Orb
|move|p1a: Dunkel|Crunch|p2a: Kleavor
|-damage|p2a: Kleavor|52/100
|
|turn|3
|
|move|p2a: Kleavor|X-Scissor|p1a: Dunkel
|-damage|p1a: Dunkel|36/100
|-damage|p2a: Kleavor|42/100|[from] item: Life Orb
|move|p1a: Dunkel|Crunch|p2a: Kleavor
|-damage|p2a: Kleavor|0 fnt
|faint|p2a: Kleavor
|
|
|switch|p2a: Samurott|Samurott-Hisui, M|100/100
|turn|4
|
|move|p2a: Samurott|Ceaseless Edge|p1a: Dunkel
|-resisted|p1a: Dunkel
|-damage|p1a: Dunkel|32/100
|-sidestart|p1: p1|Spikes
|move|p1a: Dunkel|Play Rough|p2a: Samurott|[miss]
|-miss|p1a: Dunkel|p2a: Samurott
|
|turn|5
|
|move|p2a: Samurott|Ceaseless Edge|p1a: Dunkel
|-resisted|p1a: Dunkel
|-damage|p1a: Dunkel|28/100
|-sidestart|p1: p1|Spikes
|move|p1a: Dunkel|Play Rough|p2a: Samurott
|-supereffective|p2a: Samurott
|-damage|p2a: Samurott|15/100
|
|turn|6
|
|move|p2a: Samurott|Sacred Sword|p1a: Dunkel
|-damage|p1a: Dunkel|12/100
|move|p1a: Dunkel|Play Rough|p2a: Samurott
|-supereffective|p2a: Samurott
|-damage|p2a: Samurott|0 fnt
|faint|p2a: Samurott
|
|
|switch|p2a: Drifblim|Drifblim, M|100/100
|turn|7
|
|move|p1a: Dunkel|Light Screen|p1a: Dunkel
|-sidestart|p1: p1|move: Light Screen
|move|p2a: Drifblim|Will-O-Wisp|p1a: Dunkel
|-status|p1a: Dunkel|brn
|
|-damage|p1a: Dunkel|6/100 brn|[from] brn
|turn|8
|
|move|p2a: Drifblim|Strength Sap|p1a: Dunkel
|-unboost|p1a: Dunkel|atk|1
|move|p1a: Dunkel|Crunch|p2a: Drifblim
|-supereffective|p2a: Drifblim
|-damage|p2a: Drifblim|82/100
|-unboost|p2a: Drifblim|def|1
|
|-heal|p2a: Drifblim|89/100|[from] item: Leftovers
|-damage|p1a: Dunkel|0 fnt|[from] brn
|faint|p1a: Dunkel
|-sideend|p1: p1|Reflect
|
|switch|p1a: Renekton|Krookodile, M|100/100
|-damage|p1a: Renekton|94/100|[from] Stealth Rock
|-damage|p1a: Renekton|78/100|[from] Spikes
|-ability|p1a: Renekton|Intimidate|boost
|-unboost|p2a: Drifblim|atk|1
|turn|9
|
|move|p1a: Renekton|Stealth Rock|p2a: Drifblim
|-sidestart|p2: p2|move: Stealth Rock
|move|p2a: Drifblim|Strength Sap|p1a: Renekton
|-unboost|p1a: Renekton|atk|1
|-heal|p2a: Drifblim|100/100
|
|turn|10
|
|move|p1a: Renekton|Crunch|p2a: Drifblim
|-supereffective|p2a: Drifblim
|-damage|p2a: Drifblim|37/100
|move|p2a: Drifblim|Will-O-Wisp|p1a: Renekton
|-status|p1a: Renekton|brn
|
|-heal|p2a: Drifblim|44/100|[from] item: Leftovers
|-damage|p1a: Renekton|72/100 brn|[from] brn
|turn|11
|
|move|p1a: Renekton|Crunch|p2a: Drifblim
|-supereffective|p2a: Drifblim
|-damage|p2a: Drifblim|15/100
|move|p2a: Drifblim|Strength Sap|p1a: Renekton
|-unboost|p1a: Renekton|atk|1
|-heal|p2a: Drifblim|59/100
|
|-heal|p2a: Drifblim|65/100|[from] item: Leftovers
|-damage|p1a: Renekton|66/100 brn|[from] brn
|turn|12
|
|switch|p1a: Koga|Greninja, M, shiny|100/100
|-damage|p1a: Koga|88/100|[from] Stealth Rock
|-damage|p1a: Koga|72/100|[from] Spikes
|move|p2a: Drifblim|Strength Sap|p1a: Koga
|-unboost|p1a: Koga|atk|1
|-heal|p2a: Drifblim|99/100
|
|-heal|p2a: Drifblim|100/100|[from] item: Leftovers
|turn|13
|
|move|p1a: Koga|Ice Beam|p2a: Drifblim
|-start|p1a: Koga|typechange|Ice|[from] ability: Protean
|-supereffective|p2a: Drifblim
|-damage|p2a: Drifblim|0 fnt
|faint|p2a: Drifblim
|
|
|switch|p2a: Iron Moth|Iron Moth|100/100
|-damage|p2a: Iron Moth|76/100|[from] Stealth Rock
|-enditem|p2a: Iron Moth|Booster Energy
|-activate|p2a: Iron Moth|ability: Quark Drive|[fromitem]
|-start|p2a: Iron Moth|quarkdrivespa
|turn|14
|
|switch|p1a: Renekton|Krookodile, M|66/100 brn
|-damage|p1a: Renekton|60/100 brn|[from] Stealth Rock
|-damage|p1a: Renekton|43/100 brn|[from] Spikes
|-ability|p1a: Renekton|Intimidate|boost
|-unboost|p2a: Iron Moth|atk|1
|move|p2a: Iron Moth|Fiery Dance|p1a: Renekton
|-damage|p1a: Renekton|0 fnt
|-boost|p2a: Iron Moth|spa|1
|faint|p1a: Renekton
|
|-sideend|p1: p1|move: Light Screen
|
|switch|p1a: Blight|Dragalge, F, shiny|100/100
|-damage|p1a: Blight|88/100|[from] Stealth Rock
|-damage|p1a: Blight|71/100|[from] Spikes
|turn|15
|
|move|p2a: Iron Moth|Psychic|p1a: Blight
|-supereffective|p1a: Blight
|-damage|p1a: Blight|5/100
|-unboost|p1a: Blight|spd|1
|move|p1a: Blight|Draco Meteor|p2a: Iron Moth
|-damage|p2a: Iron Moth|0 fnt
|-unboost|p1a: Blight|spa|2
|faint|p2a: Iron Moth
|-end|p2a: Iron Moth|Quark Drive|[silent]
|
|
|switch|p2a: Great Tusk|Great Tusk|100/100
|-damage|p2a: Great Tusk|98/100|[from] Stealth Rock
|-enditem|p2a: Great Tusk|Booster Energy
|-activate|p2a: Great Tusk|ability: Protosynthesis|[fromitem]
|-start|p2a: Great Tusk|protosynthesisatk
|turn|16
|
|move|p2a: Great Tusk|Rapid Spin|p1a: Blight
|-damage|p1a: Blight|0 fnt
|-boost|p2a: Great Tusk|spe|1
|-sideend|p2: p2|Stealth Rock|[from] move: Rapid Spin|[of] p2a: Great Tusk
|faint|p1a: Blight
|
|
|switch|p1a: Jericho|Corviknight, M|100/100
|-damage|p1a: Jericho|88/100|[from] Stealth Rock
|-ability|p1a: Jericho|Pressure
|turn|17
|
|-end|p2a: Great Tusk|Protosynthesis|[silent]
|switch|p2a: Gholdengo|Gholdengo|100/100
|-item|p2a: Gholdengo|Air Balloon
|move|p1a: Jericho|Iron Defense|p1a: Jericho
|-boost|p1a: Jericho|def|2
|
|turn|18
|
|move|p2a: Gholdengo|Thunderbolt|p1a: Jericho
|-supereffective|p1a: Jericho
|-crit|p1a: Jericho
|-damage|p1a: Jericho|12/100
|move|p1a: Jericho|Brave Bird|p2a: Gholdengo
|-resisted|p2a: Gholdengo
|-damage|p2a: Gholdengo|83/100
|-enditem|p2a: Gholdengo|Air Balloon
|-damage|p1a: Jericho|7/100|[from] Recoil
|
|turn|19
|
|move|p2a: Gholdengo|Thunderbolt|p1a: Jericho
|-supereffective|p1a: Jericho
|-damage|p1a: Jericho|0 fnt
|faint|p1a: Jericho
|
|
|switch|p1a: Fumes|Salazzle, F|100/100
|-damage|p1a: Fumes|76/100|[from] Stealth Rock
|-damage|p1a: Fumes|59/100|[from] Spikes
|turn|20
|
|move|p1a: Fumes|Flamethrower|p2a: Gholdengo
|-supereffective|p2a: Gholdengo
|-damage|p2a: Gholdengo|39/100
|move|p2a: Gholdengo|Psychic|p1a: Fumes
|-supereffective|p1a: Fumes
|-damage|p1a: Fumes|0 fnt
|faint|p1a: Fumes
|
|
|switch|p1a: Koga|Greninja, M, shiny|72/100
|-damage|p1a: Koga|59/100|[from] Stealth Rock
|-damage|p1a: Koga|43/100|[from] Spikes
|turn|21
|
|move|p1a: Koga|Dark Pulse|p2a: Gholdengo
|-start|p1a: Koga|typechange|Dark|[from] ability: Protean
|-supereffective|p2a: Gholdengo
|-damage|p2a: Gholdengo|0 fnt
|faint|p2a: Gholdengo
|
|
|switch|p2a: Great Tusk|Great Tusk|98/100
|turn|22
|
|move|p1a: Koga|Grass Knot|p2a: Great Tusk
|-supereffective|p2a: Great Tusk
|-damage|p2a: Great Tusk|0 fnt
|faint|p2a: Great Tusk
|-end|p2a: Great Tusk|Protosynthesis|[silent]
|
|win|p1
