|poke|p1|Amoonguss, M|
|poke|p1|Pelipper, M|
|poke|p1|Baxcalibur, F|
|poke|p1|Great Tusk|
|poke|p1|Kingambit, M|
|poke|p1|Dragapult, M|
|poke|p2|Talonflame, M|
|poke|p2|Dragapult, M|
|poke|p2|Cinderace, M|
|poke|p2|Dondozo, F|
|poke|p2|Clodsire, M|
|poke|p2|Tinkaton, F|
|teampreview
|
|start
|switch|p1a: Amoonguss|Amoonguss, M|100/100
|switch|p2a: Tinkaton|Tinkaton, F|100/100
|-ability|p2a: Tinkaton|Mold Breaker
|turn|1
|
|move|p2a: Tinkaton|Substitute|p2a: Tinkaton
|-start|p2a: Tinkaton|Substitute
|-damage|p2a: Tinkaton|76/100
|move|p1a: Amoonguss|Spore||[still]
|-fail|p1a: Amoonguss
|
|-heal|p2a: Tinkaton|82/100|[from] item: Leftovers
|turn|2
|
|switch|p1a: Great Tusk|Great Tusk|100/100
|move|p2a: Tinkaton|Knock Off|p1a: Great Tusk
|-resisted|p1a: Great Tusk
|-damage|p1a: Great Tusk|91/100
|-enditem|p1a: Great Tusk|Eject Pack|[from] move: Knock Off|[of] p2a: Tinkaton
|
|-heal|p2a: Tinkaton|88/100|[from] item: Leftovers
|turn|3
|
|switch|p2a: Talonflame|Talonflame, M|100/100
|move|p1a: Great Tusk|Stealth Rock|p2a: Talonflame
|-sidestart|p2: p2|move: Stealth Rock
|
|turn|4
|
|-end|p1a: Great Tusk|Protosynthesis|[silent]
|switch|p1a: Amoonguss|Amoonguss, M|100/100
|move|p2a: Talonflame|Swords Dance|p2a: Talonflame
|-boost|p2a: Talonflame|atk|2
|
|turn|5
|
|-terastallize|p1a: Amoonguss|Fairy
|move|p2a: Talonflame|Acrobatics|p1a: Amoonguss
|-damage|p1a: Amoonguss|28/100
|-enditem|p1a: Amoonguss|Red Card|[of] p2a: Talonflame
|drag|p2a: Clodsire|Clodsire, M|100/100
|-damage|p2a: Clodsire|94/100|[from] Stealth Rock
|move|p1a: Amoonguss|Spore|p2a: Clodsire
|-status|p2a: Clodsire|slp|[from] move: Spore
|
|-heal|p2a: Clodsire|100/100 slp|[from] item: Black Sludge
|turn|6
|
|switch|p1a: Pelipper|Pelipper, M|100/100
|-weather|RainDance|[from] ability: Drizzle|[of] p1a: Pelipper
|switch|p2a: Cinderace|Cinderace, M|100/100
|
|-weather|RainDance|[upkeep]
|turn|7
|
|switch|p2a: Clodsire|Clodsire, M|100/100 slp
|-damage|p2a: Clodsire|94/100 slp|[from] Stealth Rock
|move|p1a: Pelipper|Surf|p2a: Clodsire
|-heal|p2a: Clodsire|100/100 slp|[from] ability: Water Absorb|[of] p1a: Pelipper
|
|-weather|RainDance|[upkeep]
|turn|8
|
|switch|p1a: Great Tusk|Great Tusk|91/100
|cant|p2a: Clodsire|slp
|
|-weather|RainDance|[upkeep]
|turn|9
|
|switch|p2a: Dondozo|Dondozo, F|100/100
|-damage|p2a: Dondozo|88/100|[from] Stealth Rock
|move|p1a: Great Tusk|Headlong Rush|p2a: Dondozo
|-damage|p2a: Dondozo|60/100
|-unboost|p1a: Great Tusk|def|1
|-unboost|p1a: Great Tusk|spd|1
|-damage|p1a: Great Tusk|75/100|[from] item: Rocky Helmet|[of] p2a: Dondozo
|
|-weather|RainDance|[upkeep]
|turn|10
|
|-end|p1a: Great Tusk|Protosynthesis|[silent]
|switch|p1a: Amoonguss|Amoonguss, M, tera:Fairy|62/100
|move|p2a: Dondozo|Rest|p2a: Dondozo
|-status|p2a: Dondozo|slp|[from] move: Rest
|-heal|p2a: Dondozo|100/100 slp|[silent]
|
|-weather|none
|turn|11
|
|switch|p2a: Cinderace|Cinderace, M|100/100
|switch|p1a: Pelipper|Pelipper, M|100/100
|-weather|RainDance|[from] ability: Drizzle|[of] p1a: Pelipper
|
|-weather|RainDance|[upkeep]
|turn|12
|
|move|p2a: Cinderace|U-turn|p1a: Pelipper
|-start|p2a: Cinderace|typechange|Bug|[from] ability: Libero
|-resisted|p1a: Pelipper
|-damage|p1a: Pelipper|78/100
|
|switch|p2a: Clodsire|Clodsire, M|100/100 slp|[from] U-turn
|-damage|p2a: Clodsire|94/100 slp|[from] Stealth Rock
|move|p1a: Pelipper|Hurricane|p2a: Clodsire
|-damage|p2a: Clodsire|51/100 slp
|
|-weather|RainDance|[upkeep]
|-heal|p2a: Clodsire|57/100 slp|[from] item: Black Sludge
|turn|13
|
|switch|p2a: Tinkaton|Tinkaton, F|88/100
|-damage|p2a: Tinkaton|82/100|[from] Stealth Rock
|-ability|p2a: Tinkaton|Mold Breaker
|move|p1a: Pelipper|Hurricane|p2a: Tinkaton
|-resisted|p2a: Tinkaton
|-damage|p2a: Tinkaton|46/100
|
|-weather|RainDance|[upkeep]
|-heal|p2a: Tinkaton|52/100|[from] item: Leftovers
|turn|14
|
|switch|p1a: Great Tusk|Great Tusk|75/100
|move|p2a: Tinkaton|Knock Off|p1a: Great Tusk
|-resisted|p1a: Great Tusk
|-damage|p1a: Great Tusk|69/100
|
|-weather|RainDance|[upkeep]
|-heal|p2a: Tinkaton|58/100|[from] item: Leftovers
|turn|15
|
|switch|p2a: Talonflame|Talonflame, M|100/100
|-damage|p2a: Talonflame|50/100|[from] Stealth Rock
|move|p1a: Great Tusk|Headlong Rush|p2a: Talonflame
|-immune|p2a: Talonflame
|
|-weather|none
|turn|16
|
|-end|p1a: Great Tusk|Protosynthesis|[silent]
|switch|p1a: Dragapult|Dragapult, M|100/100
|move|p2a: Talonflame|Roost|p2a: Talonflame
|-heal|p2a: Talonflame|100/100
|-singleturn|p2a: Talonflame|move: Roost
|
|turn|17
|
|switch|p2a: Tinkaton|Tinkaton, F|58/100
|-damage|p2a: Tinkaton|52/100|[from] Stealth Rock
|-ability|p2a: Tinkaton|Mold Breaker
|move|p1a: Dragapult|Dragon Darts|p2a: Tinkaton
|-immune|p2a: Tinkaton
|
|-heal|p2a: Tinkaton|58/100|[from] item: Leftovers
|turn|18
|
|switch|p1a: Great Tusk|Great Tusk|69/100
|switch|p2a: Dragapult|Dragapult, M|100/100
|-damage|p2a: Dragapult|88/100|[from] Stealth Rock
|
|-heal|p2a: Dragapult|94/100|[from] item: Leftovers
|turn|19
|
|move|p2a: Dragapult|Will-O-Wisp|p1a: Great Tusk
|-status|p1a: Great Tusk|brn
|move|p1a: Great Tusk|Headlong Rush|p2a: Dragapult
|-damage|p2a: Dragapult|49/100
|-unboost|p1a: Great Tusk|def|1
|-unboost|p1a: Great Tusk|spd|1
|
|-heal|p2a: Dragapult|55/100|[from] item: Leftovers
|-damage|p1a: Great Tusk|62/100 brn|[from] brn
|turn|20
|
|switch|p2a: Cinderace|Cinderace, M|100/100
|-end|p1a: Great Tusk|Protosynthesis|[silent]
|switch|p1a: Kingambit|Kingambit, M|100/100
|
|turn|21
|
|-end|p1a: Kingambit|fallenundefined|[silent]
|switch|p1a: Pelipper|Pelipper, M|78/100
|-weather|RainDance|[from] ability: Drizzle|[of] p1a: Pelipper
|move|p2a: Cinderace|Court Change|p2a: Cinderace
|-start|p2a: Cinderace|typechange|Normal|[from] ability: Libero
|-swapsideconditions
|-activate|p2a: Cinderace|move: Court Change
|
|-weather|RainDance|[upkeep]
|turn|22
|
|move|p2a: Cinderace|U-turn|p1a: Pelipper
|-resisted|p1a: Pelipper
|-damage|p1a: Pelipper|64/100
|
|switch|p2a: Tinkaton|Tinkaton, F|58/100|[from] U-turn
|-ability|p2a: Tinkaton|Mold Breaker
|move|p1a: Pelipper|Hurricane|p2a: Tinkaton
|-resisted|p2a: Tinkaton
|-damage|p2a: Tinkaton|19/100
|
|-weather|RainDance|[upkeep]
|-heal|p2a: Tinkaton|25/100|[from] item: Leftovers
|turn|23
|
|move|p2a: Tinkaton|Knock Off|p1a: Pelipper
|-damage|p1a: Pelipper|32/100
|-enditem|p1a: Pelipper|Choice Specs|[from] move: Knock Off|[of] p2a: Tinkaton
|move|p1a: Pelipper|Hurricane|p2a: Tinkaton
|-resisted|p2a: Tinkaton
|-damage|p2a: Tinkaton|0 fnt
|faint|p2a: Tinkaton
|
|-weather|RainDance|[upkeep]
|
|switch|p2a: Talonflame|Talonflame, M|100/100
|turn|24
|
|switch|p1a: Kingambit|Kingambit, M|100/100
|-damage|p1a: Kingambit|94/100|[from] Stealth Rock
|move|p2a: Talonflame|Acrobatics|p1a: Kingambit
|-resisted|p1a: Kingambit
|-damage|p1a: Kingambit|77/100
|
|-weather|RainDance|[upkeep]
|-heal|p1a: Kingambit|83/100|[from] item: Leftovers
|turn|25
|
|move|p2a: Talonflame|Will-O-Wisp|p1a: Kingambit
|-status|p1a: Kingambit|brn
|move|p1a: Kingambit|Kowtow Cleave|p2a: Talonflame
|-damage|p2a: Talonflame|66/100
|
|-weather|none
|-heal|p1a: Kingambit|90/100 brn|[from] item: Leftovers
|-damage|p1a: Kingambit|83/100 brn|[from] brn
|turn|26
|
|move|p2a: Talonflame|Roost|p2a: Talonflame
|-heal|p2a: Talonflame|100/100
|-singleturn|p2a: Talonflame|move: Roost
|move|p1a: Kingambit|Kowtow Cleave|p2a: Talonflame
|-damage|p2a: Talonflame|68/100
|
|-heal|p1a: Kingambit|90/100 brn|[from] item: Leftovers
|-damage|p1a: Kingambit|83/100 brn|[from] brn
|turn|27
|
|move|p2a: Talonflame|Roost|p2a: Talonflame
|-heal|p2a: Talonflame|100/100
|-singleturn|p2a: Talonflame|move: Roost
|move|p1a: Kingambit|Swords Dance|p1a: Kingambit
|-boost|p1a: Kingambit|atk|2
|
|-heal|p1a: Kingambit|90/100 brn|[from] item: Leftovers
|-damage|p1a: Kingambit|83/100 brn|[from] brn
|turn|28
|
|switch|p2a: Dondozo|Dondozo, F|100/100 slp
|-end|p1a: Kingambit|fallenundefined|[silent]
|switch|p1a: Great Tusk|Great Tusk|62/100 brn
|-damage|p1a: Great Tusk|60/100 brn|[from] Stealth Rock
|
|-damage|p1a: Great Tusk|53/100 brn|[from] brn
|turn|29
|
|switch|p2a: Dragapult|Dragapult, M|55/100
|move|p1a: Great Tusk|Stealth Rock|p2a: Dragapult
|-sidestart|p2: p2|move: Stealth Rock
|
|-heal|p2a: Dragapult|61/100|[from] item: Leftovers
|-damage|p1a: Great Tusk|47/100 brn|[from] brn
|turn|30
|
|move|p2a: Dragapult|Hex|p1a: Great Tusk
|-damage|p1a: Great Tusk|0 fnt
|faint|p1a: Great Tusk
|-end|p1a: Great Tusk|Protosynthesis|[silent]
|
|-heal|p2a: Dragapult|67/100|[from] item: Leftovers
|
|switch|p1a: Kingambit|Kingambit, M|83/100 brn
|-damage|p1a: Kingambit|77/100 brn|[from] Stealth Rock
|-activate|p1a: Kingambit|ability: Supreme Overlord
|-start|p1a: Kingambit|fallen1|[silent]
|turn|31
|
|switch|p2a: Cinderace|Cinderace, M|100/100
|move|p1a: Kingambit|Kowtow Cleave|p2a: Cinderace
|-damage|p2a: Cinderace|62/100
|
|-heal|p1a: Kingambit|83/100 brn|[from] item: Leftovers
|-damage|p1a: Kingambit|77/100 brn|[from] brn
|turn|32
|
|-end|p1a: Kingambit|fallen1|[silent]
|switch|p1a: Pelipper|Pelipper, M|32/100
|-damage|p1a: Pelipper|7/100|[from] Stealth Rock
|-weather|RainDance|[from] ability: Drizzle|[of] p1a: Pelipper
|move|p2a: Cinderace|Pyro Ball|p1a: Pelipper
|-resisted|p1a: Pelipper
|-crit|p1a: Pelipper
|-damage|p1a: Pelipper|0 fnt
|faint|p1a: Pelipper
|
|-weather|RainDance|[upkeep]
|
|switch|p1a: Dragapult|Dragapult, M|100/100
|turn|33
|
|move|p2a: Cinderace|Sucker Punch|p1a: Dragapult
|-start|p2a: Cinderace|typechange|Dark|[from] ability: Libero
|-supereffective|p1a: Dragapult
|-crit|p1a: Dragapult
|-damage|p1a: Dragapult|0 fnt
|faint|p1a: Dragapult
|
|-weather|RainDance|[upkeep]
|
|switch|p1a: Baxcalibur|Baxcalibur, F|100/100
|turn|34
|
|move|p2a: Cinderace|U-turn|p1a: Baxcalibur
|-damage|p1a: Baxcalibur|76/100
|
|switch|p2a: Clodsire|Clodsire, M|57/100 slp|[from] U-turn
|-damage|p2a: Clodsire|51/100 slp|[from] Stealth Rock
|move|p1a: Baxcalibur|Swords Dance|p1a: Baxcalibur
|-boost|p1a: Baxcalibur|atk|2
|
|-weather|RainDance|[upkeep]
|-heal|p2a: Clodsire|57/100 slp|[from] item: Black Sludge
|turn|35
|
|move|p1a: Baxcalibur|Earthquake|p2a: Clodsire
|-supereffective|p2a: Clodsire
|-damage|p2a: Clodsire|0 fnt
|faint|p2a: Clodsire
|
|-weather|RainDance|[upkeep]
|
|switch|p2a: Dondozo|Dondozo, F|100/100 slp
|-damage|p2a: Dondozo|88/100 slp|[from] Stealth Rock
|turn|36
|
|move|p1a: Baxcalibur|Glaive Rush|p2a: Dondozo
|-damage|p2a: Dondozo|57/100 slp
|-singlemove|p1a: Baxcalibur|Glaive Rush|[silent]
|-damage|p1a: Baxcalibur|60/100|[from] item: Rocky Helmet|[of] p2a: Dondozo
|cant|p2a: Dondozo|slp
|move|p2a: Dondozo|Sleep Talk|p2a: Dondozo
|move|p2a: Dondozo|Body Press|p1a: Baxcalibur|[from]move: Sleep Talk
|-supereffective|p1a: Baxcalibur
|-damage|p1a: Baxcalibur|0 fnt
|faint|p1a: Baxcalibur
|
|-weather|none
|
|switch|p1a: Amoonguss|Amoonguss, M, tera:Fairy|95/100
|-damage|p1a: Amoonguss|82/100|[from] Stealth Rock
|turn|37
|
|switch|p2a: Talonflame|Talonflame, M|100/100
|-damage|p2a: Talonflame|50/100|[from] Stealth Rock
|move|p1a: Amoonguss|Grass Knot|p2a: Talonflame
|-resisted|p2a: Talonflame
|-damage|p2a: Talonflame|46/100
|
|turn|38
|
|move|p2a: Talonflame|Acrobatics|p1a: Amoonguss
|-damage|p1a: Amoonguss|48/100
|move|p1a: Amoonguss|Sludge Bomb|p2a: Talonflame
|-crit|p2a: Talonflame
|-damage|p2a: Talonflame|0 fnt
|faint|p2a: Talonflame
|
|
|switch|p2a: Cinderace|Cinderace, M|62/100
|turn|39
|
|switch|p1a: Kingambit|Kingambit, M|77/100 brn
|-damage|p1a: Kingambit|71/100 brn|[from] Stealth Rock
|-activate|p1a: Kingambit|ability: Supreme Overlord
|-start|p1a: Kingambit|fallen4|[silent]
|-terastallize|p2a: Cinderace|Fire
|move|p2a: Cinderace|Pyro Ball|p1a: Kingambit
|-supereffective|p1a: Kingambit
|-damage|p1a: Kingambit|0 fnt
|faint|p1a: Kingambit
|-end|p1a: Kingambit|fallen4|[silent]
|
|
|switch|p1a: Amoonguss|Amoonguss, M, tera:Fairy|82/100
|-damage|p1a: Amoonguss|69/100|[from] Stealth Rock
|turn|40
|
|move|p2a: Cinderace|Pyro Ball|p1a: Amoonguss
|-damage|p1a: Amoonguss|12/100
|move|p1a: Amoonguss|Foul Play|p2a: Cinderace
|-damage|p2a: Cinderace|17/100
|
|turn|41
|
|move|p2a: Cinderace|Pyro Ball|p1a: Amoonguss
|-damage|p1a: Amoonguss|0 fnt
|faint|p1a: Amoonguss
|
|win|p2
