# advantage = p1
|poke|p1|Sneasler, M|
|poke|p1|Moltres|
|poke|p1|Meowscarada, F|
|poke|p1|Ursaluna, F|
|poke|p1|Thundurus-Therian, M|
|poke|p1|Landorus-Therian, M|
|poke|p2|Great Tusk|
|poke|p2|Chien-Pao|
|poke|p2|Kingambit, F|
|poke|p2|Zapdos|
|poke|p2|Magearna|
|poke|p2|Glimmora, F|
|teampreview
|
|start
|switch|p1a: Landorus|Landorus-Therian, M|100/100
|switch|p2a: Chien-Pao|Chien-Pao|100/100
|-ability|p2a: Chien-Pao|Sword of Ruin
|-ability|p1a: Landorus|Intimidate|boost
|-unboost|p2a: Chien-Pao|atk|1
|turn|1
|
|switch|p1a: Moltres|Moltres|100/100
|move|p2a: Chien-Pao|Icicle Crash|p1a: Moltres
|-damage|p1a: Moltres|75/100
|
|turn|2
|
|switch|p2a: Glimmora|Glimmora, F|100/100
|move|p1a: Moltres|Will-O-Wisp|p2a: Glimmora|[miss]
|-miss|p1a: Moltres|p2a: Glimmora
|
|turn|3
|
|switch|p1a: Landorus|Landorus-Therian, M|100/100
|-ability|p1a: Landorus|Intimidate|boost
|-unboost|p2a: Glimmora|atk|1
|move|p2a: Glimmora|Stealth Rock|p1a: Landorus
|-sidestart|p1: p1|move: Stealth Rock
|
|turn|4
|
|move|p2a: Glimmora|Mortal Spin|p1a: Landorus
|-resisted|p1a: Landorus
|-damage|p1a: Landorus|99/100
|-status|p1a: Landorus|psn
|move|p1a: Landorus|Taunt|p2a: Glimmora
|-start|p2a: Glimmora|move: Taunt
|
|-heal|p1a: Landorus|100/100 psn|[from] item: Leftovers
|-damage|p1a: Landorus|88/100 psn|[from] psn
|turn|5
|
|move|p2a: Glimmora|Energy Ball|p1a: Landorus
|-damage|p1a: Landorus|65/100 psn
|move|p1a: Landorus|Stealth Rock|p2a: Glimmora
|-sidestart|p2: p2|move: Stealth Rock
|
|-heal|p1a: Landorus|71/100 psn|[from] item: Leftovers
|-damage|p1a: Landorus|59/100 psn|[from] psn
|turn|6
|
|move|p2a: Glimmora|Mortal Spin|p1a: Landorus
|-resisted|p1a: Landorus
|-damage|p1a: Landorus|57/100 psn
|-sideend|p2: p2|Stealth Rock|[from] move: Mortal Spin|[of] p2a: Glimmora
|move|p1a: Landorus|Earthquake|p2a: Glimmora
|-supereffective|p2a: Glimmora
|-enditem|p2a: Glimmora|Focus Sash
|-damage|p2a: Glimmora|1/100
|-activate|p2a: Glimmora|ability: Toxic Debris
|-sidestart|p1: p1|move: Toxic Spikes
|
|-heal|p1a: Landorus|63/100 psn|[from] item: Leftovers
|-damage|p1a: Landorus|51/100 psn|[from] psn
|turn|7
|
|move|p2a: Glimmora|Energy Ball|p1a: Landorus
|-damage|p1a: Landorus|28/100 psn
|-unboost|p1a: Landorus|spd|1
|move|p1a: Landorus|U-turn|p2a: Glimmora
|-resisted|p2a: Glimmora
|-damage|p2a: Glimmora|0 fnt
|-activate|p2a: Glimmora|ability: Toxic Debris
|-sidestart|p1: p1|move: Toxic Spikes
|faint|p2a: Glimmora
|
|switch|p1a: Sneasler|Sneasler, M|100/100|[from] U-turn
|-damage|p1a: Sneasler|95/100|[from] Stealth Rock
|-sideend|p1: p1|move: Toxic Spikes|[of] p1a: Sneasler
|
|
|switch|p2a: Great Tusk|Great Tusk|100/100
|turn|8
|
|move|p1a: Sneasler|U-turn|p2a: Great Tusk
|-resisted|p2a: Great Tusk
|-damage|p2a: Great Tusk|91/100
|
|switch|p1a: Moltres|Moltres|75/100|[from] U-turn
|move|p2a: Great Tusk|Bulk Up|p2a: Great Tusk
|-boost|p2a: Great Tusk|atk|1
|-boost|p2a: Great Tusk|def|1
|
|-heal|p2a: Great Tusk|98/100|[from] item: Leftovers
|turn|9
|
|-end|p2a: Great Tusk|Protosynthesis|[silent]
|switch|p2a: Zapdos|Zapdos|100/100
|move|p1a: Moltres|Will-O-Wisp|p2a: Zapdos
|-status|p2a: Zapdos|brn
|
|-damage|p2a: Zapdos|94/100 brn|[from] brn
|turn|10
|
|switch|p1a: Landorus|Landorus-Therian, M|28/100 psn
|-damage|p1a: Landorus|16/100 psn|[from] Stealth Rock
|-ability|p1a: Landorus|Intimidate|boost
|-unboost|p2a: Zapdos|atk|1
|move|p2a: Zapdos|Hurricane|p1a: Landorus
|-damage|p1a: Landorus|0 fnt
|faint|p1a: Landorus
|
|-damage|p2a: Zapdos|88/100 brn|[from] brn
|
|switch|p1a: Thundurus|Thundurus-Therian, M|100/100
|turn|11
|
|switch|p2a: Great Tusk|Great Tusk|98/100
|move|p1a: Thundurus|Grass Knot|p2a: Great Tusk
|-supereffective|p2a: Great Tusk
|-damage|p2a: Great Tusk|0 fnt
|faint|p2a: Great Tusk
|-end|p2a: Great Tusk|Protosynthesis|[silent]
|
|
|switch|p2a: Chien-Pao|Chien-Pao|100/100
|-ability|p2a: Chien-Pao|Sword of Ruin
|turn|12
|
|switch|p1a: Moltres|Moltres|75/100
|move|p2a: Chien-Pao|Icicle Crash|p1a: Moltres
|-damage|p1a: Moltres|34/100
|
|turn|13
|
|-terastallize|p1a: Moltres|Fire
|move|p2a: Chien-Pao|Icicle Crash|p1a: Moltres
|-resisted|p1a: Moltres
|-damage|p1a: Moltres|15/100
|move|p1a: Moltres|Roost|p1a: Moltres
|-heal|p1a: Moltres|66/100
|
|turn|14
|
|switch|p2a: Zapdos|Zapdos|88/100 brn
|move|p1a: Moltres|Fire Blast|p2a: Zapdos
|-damage|p2a: Zapdos|33/100 brn
|
|-damage|p2a: Zapdos|27/100 brn|[from] brn
|turn|15
|
|move|p2a: Zapdos|Discharge|p1a: Moltres
|-damage|p1a: Moltres|32/100
|move|p1a: Moltres|Roost|p1a: Moltres
|-heal|p1a: Moltres|82/100
|
|-damage|p2a: Zapdos|21/100 brn|[from] brn
|turn|16
|
|move|p2a: Zapdos|Discharge|p1a: Moltres
|-damage|p1a: Moltres|46/100
|move|p1a: Moltres|Fire Blast|p2a: Zapdos
|-damage|p2a: Zapdos|0 fnt
|faint|p2a: Zapdos
|
|
|switch|p2a: Kingambit|Kingambit, F|100/100
|-activate|p2a: Kingambit|ability: Supreme Overlord
|-start|p2a: Kingambit|fallen3|[silent]
|turn|17
|
|move|p1a: Moltres|Will-O-Wisp|p2a: Kingambit
|-status|p2a: Kingambit|brn
|move|p2a: Kingambit|Kowtow Cleave|p1a: Moltres
|-damage|p1a: Moltres|23/100
|
|-damage|p2a: Kingambit|94/100 brn|[from] brn
|turn|18
|
|-terastallize|p2a: Kingambit|Flying
|move|p1a: Moltres|Roost|p1a: Moltres
|-heal|p1a: Moltres|73/100
|move|p2a: Kingambit|Swords Dance|p2a: Kingambit
|-boost|p2a: Kingambit|atk|2
|
|-heal|p2a: Kingambit|100/100 brn|[from] item: Leftovers
|-damage|p2a: Kingambit|94/100 brn|[from] brn
|turn|19
|
|move|p1a: Moltres|Fire Blast|p2a: Kingambit|[miss]
|-miss|p1a: Moltres|p2a: Kingambit
|move|p2a: Kingambit|Swords Dance|p2a: Kingambit
|-boost|p2a: Kingambit|atk|2
|
|-heal|p2a: Kingambit|100/100 brn|[from] item: Leftovers
|-damage|p2a: Kingambit|94/100 brn|[from] brn
|turn|20
|
|move|p1a: Moltres|Fire Blast|p2a: Kingambit
|-damage|p2a: Kingambit|33/100 brn
|move|p2a: Kingambit|Kowtow Cleave|p1a: Moltres
|-crit|p1a: Moltres
|-damage|p1a: Moltres|0 fnt
|faint|p1a: Moltres
|
|-heal|p2a: Kingambit|39/100 brn|[from] item: Leftovers
|-damage|p2a: Kingambit|33/100 brn|[from] brn
|
|switch|p1a: Meowscarada|Meowscarada, F|100/100
|-damage|p1a: Meowscarada|88/100|[from] Stealth Rock
|turn|21
|
|move|p1a: Meowscarada|Knock Off|p2a: Kingambit
|-start|p1a: Meowscarada|typechange|Dark|[from] ability: Protean
|-crit|p2a: Kingambit
|-damage|p2a: Kingambit|0 fnt
|-enditem|p2a: Kingambit|Leftovers|[from] move: Knock Off|[of] p1a: Meowscarada
|faint|p2a: Kingambit
|-end|p2a: Kingambit|fallen3|[silent]
|-damage|p1a: Meowscarada|78/100|[from] item: Life Orb
|
|
|switch|p2a: Magearna|Magearna|100/100
|turn|22
|
|move|p1a: Meowscarada|U-turn|p2a: Magearna
|-resisted|p2a: Magearna
|-damage|p2a: Magearna|93/100
|-damage|p1a: Meowscarada|68/100|[from] item: Life Orb
|
|switch|p1a: Thundurus|Thundurus-Therian, M|100/100|[from] U-turn
|move|p2a: Magearna|Fleur Cannon|p1a: Thundurus
|-damage|p1a: Thundurus|8/100
|-unboost|p2a: Magearna|spa|2
|
|-heal|p2a: Magearna|99/100|[from] item: Leftovers
|turn|23
|
|move|p1a: Thundurus|Thunderbolt|p2a: Magearna
|-damage|p2a: Magearna|54/100
|move|p2a: Magearna|Ice Beam|p1a: Thundurus
|-supereffective|p1a: Thundurus
|-crit|p1a: Thundurus
|-damage|p1a: Thundurus|0 fnt
|faint|p1a: Thundurus
|-ability|p2a: Magearna|Soul-Heart|boost
|-boost|p2a: Magearna|spa|1
|
|-heal|p2a: Magearna|60/100|[from] item: Leftovers
|
|switch|p1a: Ursaluna|Ursaluna, F|100/100
|-damage|p1a: Ursaluna|94/100|[from] Stealth Rock
|turn|24
|
|move|p2a: Magearna|Ice Beam|p1a: Ursaluna
|-supereffective|p1a: Ursaluna
|-crit|p1a: Ursaluna
|-damage|p1a: Ursaluna|12/100
|move|p1a: Ursaluna|Earthquake|p2a: Magearna
|-supereffective|p2a: Magearna
|-damage|p2a: Magearna|0 fnt
|faint|p2a: Magearna
|
|-status|p1a: Ursaluna|brn|[from] item: Flame Orb
|
|switch|p2a: Chien-Pao|Chien-Pao|100/100
|-ability|p2a: Chien-Pao|Sword of Ruin
|turn|25
|
|move|p2a: Chien-Pao|Icicle Crash|p1a: Ursaluna
|-supereffective|p1a: Ursaluna
|-crit|p1a: Ursaluna
|-damage|p1a: Ursaluna|0 fnt
|faint|p1a: Ursaluna
|
|
|switch|p1a: Meowscarada|Meowscarada, F|68/100
|-damage|p1a: Meowscarada|56/100|[from] Stealth Rock
|turn|26
|
|move|p2a: Chien-Pao|Icicle Crash|p1a: Meowscarada
|-supereffective|p1a: Meowscarada
|-damage|p1a: Meowscarada|0 fnt
|faint|p1a: Meowscarada
|
|
|switch|p1a: Sneasler|Sneasler, M|95/100
|-damage|p1a: Sneasler|89/100|[from] Stealth Rock
|turn|27
|
|move|p2a: Chien-Pao|Icicle Crash|p1a: Sneasler|[miss]
|-miss|p2a: Chien-Pao|p1a: Sneasler
|move|p1a: Sneasler|Close Combat|p2a: Chien-Pao
|-supereffective|p2a: Chien-Pao
|-damage|p2a: Chien-Pao|0 fnt
|-unboost|p1a: Sneasler|def|1
|-unboost|p1a: Sneasler|spd|1
|faint|p2a: Chien-Pao
|
|win|p1
