|poke|p1|Iron Moth|
|poke|p1|Corviknight, M|
|poke|p1|Great Tusk|
|poke|p1|Hatterene, F|
|poke|p1|Dragapult, M|
|poke|p1|Meowscarada, F|
|poke|p2|Torkoal, M|
|poke|p2|Hatterene, F|
|poke|p2|Ceruledge, M|
|poke|p2|Great Tusk|
|poke|p2|Roaring Moon|
|poke|p2|Walking Wake|
|teampreview
|
|start
|switch|p1a: Iron Moth|Iron Moth|100/100
|switch|p2a: Torkoal|Torkoal, M|100/100
|-weather|SunnyDay|[from] ability: Drought|[of] p2a: Torkoal
|turn|1
|
|move|p1a: Iron Moth|Sludge Wave|p2a: Torkoal
|-damage|p2a: Torkoal|32/100
|move|p2a: Torkoal|Earthquake|p1a: Iron Moth
|-supereffective|p1a: Iron Moth
|-damage|p1a: Iron Moth|0 fnt
|faint|p1a: Iron Moth
|-end|p1a: Iron Moth|Quark Drive|[silent]
|
|-weather|SunnyDay|[upkeep]
|
|switch|p1a: Great Tusk|Great Tusk|100/100
|-activate|p1a: Great Tusk|ability: Protosynthesis
|-start|p1a: Great Tusk|protosynthesisdef
|turn|2
|
|switch|p2a: Hatterene|Hatterene, F|100/100
|move|p1a: Great Tusk|Earthquake|p2a: Hatterene
|-damage|p2a: Hatterene|64/100
|-enditem|p2a: Hatterene|Eject Button
|
|switch|p2a: Walking Wake|Walking Wake|100/100
|-activate|p2a: Walking Wake|ability: Protosynthesis
|-start|p2a: Walking Wake|protosynthesisspa
|
|-weather|SunnyDay|[upkeep]
|turn|3
|
|-end|p1a: Great Tusk|Protosynthesis|[silent]
|switch|p1a: Meowscarada|Meowscarada, F|100/100
|move|p2a: Walking Wake|Hydro Steam|p1a: Meowscarada
|-resisted|p1a: Meowscarada
|-damage|p1a: Meowscarada|10/100
|
|-weather|SunnyDay|[upkeep]
|turn|4
|
|-end|p2a: Walking Wake|Protosynthesis|[silent]
|switch|p2a: Roaring Moon|Roaring Moon|100/100
|-activate|p2a: Roaring Moon|ability: Protosynthesis
|-start|p2a: Roaring Moon|protosynthesisatk
|move|p1a: Meowscarada|Knock Off|p2a: Roaring Moon
|-start|p1a: Meowscarada|typechange|Dark|[from] ability: Protean
|-resisted|p2a: Roaring Moon
|-damage|p2a: Roaring Moon|73/100
|-enditem|p2a: Roaring Moon|Choice Scarf|[from] move: Knock Off|[of] p1a: Meowscarada
|
|-weather|SunnyDay|[upkeep]
|turn|5
|
|switch|p1a: Corviknight|Corviknight, M, shiny|100/100
|move|p2a: Roaring Moon|U-turn|p1a: Corviknight
|-resisted|p1a: Corviknight
|-damage|p1a: Corviknight|94/100
|
|-end|p2a: Roaring Moon|Protosynthesis|[silent]
|switch|p2a: Walking Wake|Walking Wake|100/100|[from] U-turn
|-activate|p2a: Walking Wake|ability: Protosynthesis
|-start|p2a: Walking Wake|protosynthesisspa
|
|-weather|SunnyDay|[upkeep]
|-heal|p1a: Corviknight|99/100|[from] item: Leftovers
|turn|6
|
|move|p2a: Walking Wake|Hydro Steam|p1a: Corviknight
|-damage|p1a: Corviknight|16/100
|move|p1a: Corviknight|Brave Bird|p2a: Walking Wake
|-damage|p2a: Walking Wake|60/100
|-damage|p1a: Corviknight|5/100|[from] Recoil
|
|-weather|SunnyDay|[upkeep]
|-heal|p1a: Corviknight|11/100|[from] item: Leftovers
|turn|7
|
|move|p2a: Walking Wake|Hydro Steam|p1a: Corviknight
|-damage|p1a: Corviknight|0 fnt
|faint|p1a: Corviknight
|
|-weather|SunnyDay|[upkeep]
|
|switch|p1a: Meowscarada|Meowscarada, F|10/100
|turn|8
|
|-end|p2a: Walking Wake|Protosynthesis|[silent]
|switch|p2a: Hatterene|Hatterene, F|64/100
|move|p1a: Meowscarada|U-turn|p2a: Hatterene
|-start|p1a: Meowscarada|typechange|Bug|[from] ability: Protean
|-damage|p2a: Hatterene|36/100
|
|switch|p1a: Dragapult|Dragapult, M|100/100|[from] U-turn
|
|-weather|none
|turn|9
|
|switch|p2a: Torkoal|Torkoal, M|32/100
|-weather|SunnyDay|[from] ability: Drought|[of] p2a: Torkoal
|move|p1a: Dragapult|U-turn|p2a: Torkoal
|-resisted|p2a: Torkoal
|-damage|p2a: Torkoal|19/100
|
|switch|p1a: Meowscarada|Meowscarada, F|10/100|[from] U-turn
|
|-weather|SunnyDay|[upkeep]
|turn|10
|
|switch|p2a: Roaring Moon|Roaring Moon|73/100
|-activate|p2a: Roaring Moon|ability: Protosynthesis
|-start|p2a: Roaring Moon|protosynthesisatk
|move|p1a: Meowscarada|Low Kick|p2a: Roaring Moon
|-start|p1a: Meowscarada|typechange|Fighting|[from] ability: Protean
|-supereffective|p2a: Roaring Moon
|-damage|p2a: Roaring Moon|0 fnt
|faint|p2a: Roaring Moon
|-end|p2a: Roaring Moon|Protosynthesis|[silent]
|
|-weather|SunnyDay|[upkeep]
|
|switch|p2a: Great Tusk|Great Tusk|100/100
|-activate|p2a: Great Tusk|ability: Protosynthesis
|-start|p2a: Great Tusk|protosynthesisdef
|turn|11
|
|switch|p1a: Hatterene|Hatterene, F|100/100
|move|p2a: Great Tusk|Headlong Rush|p1a: Hatterene
|-damage|p1a: Hatterene|55/100
|-unboost|p2a: Great Tusk|def|1
|-unboost|p2a: Great Tusk|spd|1
|-enditem|p2a: Great Tusk|Eject Pack
|
|-end|p2a: Great Tusk|Protosynthesis|[silent]
|switch|p2a: Walking Wake|Walking Wake|60/100
|-activate|p2a: Walking Wake|ability: Protosynthesis
|-start|p2a: Walking Wake|protosynthesisspa
|
|-weather|SunnyDay|[upkeep]
|-heal|p1a: Hatterene|61/100|[from] item: Leftovers
|turn|12
|
|move|p2a: Walking Wake|Hydro Steam|p1a: Hatterene
|-damage|p1a: Hatterene|0 fnt
|faint|p1a: Hatterene
|
|-weather|SunnyDay|[upkeep]
|
|switch|p1a: Dragapult|Dragapult, M|100/100
|turn|13
|
|-end|p2a: Walking Wake|Protosynthesis|[silent]
|switch|p2a: Great Tusk|Great Tusk|100/100
|-activate|p2a: Great Tusk|ability: Protosynthesis
|-start|p2a: Great Tusk|protosynthesisdef
|move|p1a: Dragapult|U-turn|p2a: Great Tusk
|-resisted|p2a: Great Tusk
|-damage|p2a: Great Tusk|94/100
|
|switch|p1a: Meowscarada|Meowscarada, F|10/100|[from] U-turn
|
|-weather|SunnyDay|[upkeep]
|turn|14
|
|-end|p2a: Great Tusk|Protosynthesis|[silent]
|switch|p2a: Ceruledge|Ceruledge, M|100/100
|move|p1a: Meowscarada|Flower Trick|p2a: Ceruledge
|-start|p1a: Meowscarada|typechange|Grass|[from] ability: Protean
|-resisted|p2a: Ceruledge
|-crit|p2a: Ceruledge
|-damage|p2a: Ceruledge|68/100
|
|-weather|SunnyDay|[upkeep]
|turn|15
|
|move|p1a: Meowscarada|Flower Trick|p2a: Ceruledge
|-resisted|p2a: Ceruledge
|-crit|p2a: Ceruledge
|-damage|p2a: Ceruledge|35/100
|move|p2a: Ceruledge|Bitter Blade|p1a: Meowscarada
|-supereffective|p1a: Meowscarada
|-damage|p1a: Meowscarada|0 fnt
|-heal|p2a: Ceruledge|40/100|[from] drain|[of] p1a: Meowscarada
|faint|p1a: Meowscarada
|
|-weather|SunnyDay|[upkeep]
|
|switch|p1a: Great Tusk|Great Tusk|100/100
|-activate|p1a: Great Tusk|ability: Protosynthesis
|-start|p1a: Great Tusk|protosynthesisdef
|turn|16
|
|-terastallize|p2a: Ceruledge|Grass
|move|p2a: Ceruledge|Bitter Blade|p1a: Great Tusk
|-damage|p1a: Great Tusk|60/100
|-heal|p2a: Ceruledge|67/100|[from] drain|[of] p1a: Great Tusk
|move|p1a: Great Tusk|Earthquake|p2a: Ceruledge
|-resisted|p2a: Ceruledge
|-damage|p2a: Ceruledge|42/100
|
|-weather|none
|-end|p1a: Great Tusk|Protosynthesis
|-heal|p1a: Great Tusk|66/100|[from] item: Leftovers
|turn|17
|
|-terastallize|p1a: Great Tusk|Water
|move|p2a: Ceruledge|Bitter Blade|p1a: Great Tusk
|-resisted|p1a: Great Tusk
|-damage|p1a: Great Tusk|47/100
|-heal|p2a: Ceruledge|55/100|[from] drain|[of] p1a: Great Tusk
|move|p1a: Great Tusk|Bulk Up|p1a: Great Tusk
|-boost|p1a: Great Tusk|atk|1
|-boost|p1a: Great Tusk|def|1
|
|-heal|p1a: Great Tusk|53/100|[from] item: Leftovers
|turn|18
|
|switch|p2a: Torkoal|Torkoal, M|19/100
|-weather|SunnyDay|[from] ability: Drought|[of] p2a: Torkoal
|-activate|p1a: Great Tusk|ability: Protosynthesis
|-start|p1a: Great Tusk|protosynthesisdef
|move|p1a: Great Tusk|Rapid Spin|p2a: Torkoal
|-damage|p2a: Torkoal|3/100
|-boost|p1a: Great Tusk|spe|1
|
|-weather|SunnyDay|[upkeep]
|-heal|p1a: Great Tusk|59/100|[from] item: Leftovers
|turn|19
|
|move|p1a: Great Tusk|Rapid Spin|p2a: Torkoal
|-damage|p2a: Torkoal|0 fnt
|-boost|p1a: Great Tusk|spe|1
|faint|p2a: Torkoal
|
|-weather|SunnyDay|[upkeep]
|-heal|p1a: Great Tusk|66/100|[from] item: Leftovers
|
|switch|p2a: Ceruledge|Ceruledge, M, tera:Grass|55/100
|turn|20
|
|move|p1a: Great Tusk|Body Press|p2a: Ceruledge
|-damage|p2a: Ceruledge|0 fnt
|faint|p2a: Ceruledge
|
|-weather|SunnyDay|[upkeep]
|-heal|p1a: Great Tusk|72/100|[from] item: Leftovers
|
|switch|p2a: Great Tusk|Great Tusk|94/100
|-activate|p2a: Great Tusk|ability: Protosynthesis
|-start|p2a: Great Tusk|protosynthesisdef
|turn|21
|
|move|p1a: Great Tusk|Bulk Up|p1a: Great Tusk
|-boost|p1a: Great Tusk|atk|1
|-boost|p1a: Great Tusk|def|1
|move|p2a: Great Tusk|Close Combat|p1a: Great Tusk
|-damage|p1a: Great Tusk|61/100
|-unboost|p2a: Great Tusk|def|1
|-unboost|p2a: Great Tusk|spd|1
|
|-weather|SunnyDay|[upkeep]
|-heal|p1a: Great Tusk|67/100|[from] item: Leftovers
|turn|22
|-message|p2 forfeited.
|
|win|p1
