|poke|p1|Urshifu-*, F|
|poke|p1|Samurott-Hisui, F|
|poke|p1|Landorus-Therian, M|
|poke|p1|Hoopa-Unbound|
|poke|p1|Dondozo, M|
|poke|p1|Chien-Pao|
|poke|p2|Pelipper, M|
|poke|p2|Toedscruel, M|
|poke|p2|Volcanion|
|poke|p2|Zapdos|
|poke|p2|Clodsire, F|
|poke|p2|Tauros-Paldea-Blaze, M|
|teampreview
|
|start
|switch|p1a: Hoopa|Hoopa-Unbound|100/100
|switch|p2a: Toedscruel|Toedscruel, M|100/100
|turn|1
|
|switch|p2a: Pelipper|Pelipper, M|100/100
|-weather|RainDance|[from] ability: Drizzle|[of] p2a: Pelipper
|move|p1a: Hoopa|Dark Pulse|p2a: Pelipper
|-damage|p2a: Pelipper|0 fnt
|faint|p2a: Pelipper
|
|-weather|RainDance|[upkeep]
|
|switch|p2a: Volcanion|Volcanion|100/100
|turn|2
|
|move|p1a: Hoopa|Dark Pulse|p2a: Volcanion
|-damage|p2a: Volcanion|12/100
|move|p2a: Volcanion|Steam Eruption|p1a: Hoopa
|-damage|p1a: Hoopa|10/100
|
|-weather|RainDance|[upkeep]
|-heal|p2a: Volcanion|18/100|[from] item: Leftovers
|turn|3
|
|move|p1a: Hoopa|Dark Pulse|p2a: Volcanion
|-damage|p2a: Volcanion|0 fnt
|faint|p2a: Volcanion
|
|-weather|RainDance|[upkeep]
|
|switch|p2a: Zapdos|Zapdos|100/100
|-ability|p2a: Zapdos|Pressure
|turn|4
|
|move|p2a: Zapdos|Hurricane|p1a: Hoopa
|-damage|p1a: Hoopa|0 fnt
|faint|p1a: Hoopa
|
|-weather|RainDance|[upkeep]
|
|switch|p1a: Chien-Pao|Chien-Pao|100/100
|-ability|p1a: Chien-Pao|Sword of Ruin
|turn|5
|
|switch|p1a: Urshifu|Urshifu-Rapid-Strike, F|100/100
|switch|p2a: Tauros|Tauros-Paldea-Blaze, M|100/100
|-ability|p2a: Tauros|Intimidate|boost
|-unboost|p1a: Urshifu|atk|1
|
|-weather|none
|turn|6
|
|switch|p1a: Landorus|Landorus-Therian, M|100/100
|-ability|p1a: Landorus|Intimidate|boost
|-unboost|p2a: Tauros|atk|1
|-terastallize|p2a: Tauros|Fighting
|move|p2a: Tauros|Will-O-Wisp|p1a: Landorus
|-status|p1a: Landorus|brn
|
|-damage|p1a: Landorus|94/100 brn|[from] brn
|turn|7
|
|switch|p2a: Zapdos|Zapdos|100/100
|-ability|p2a: Zapdos|Pressure
|move|p1a: Landorus|Stealth Rock|p2a: Zapdos
|-sidestart|p2: p2|move: Stealth Rock
|
|-heal|p1a: Landorus|100/100 brn|[from] item: Leftovers
|-damage|p1a: Landorus|94/100 brn|[from] brn
|turn|8
|
|move|p2a: Zapdos|Hurricane|p1a: Landorus
|-damage|p1a: Landorus|50/100 brn
|-start|p1a: Landorus|confusion
|-activate|p1a: Landorus|confusion
|move|p1a: Landorus|U-turn|p2a: Zapdos
|-resisted|p2a: Zapdos
|-damage|p2a: Zapdos|94/100
|
|switch|p1a: Chien-Pao|Chien-Pao|100/100|[from] U-turn
|-ability|p1a: Chien-Pao|Sword of Ruin
|
|turn|9
|
|switch|p2a: Tauros|Tauros-Paldea-Blaze, M, tera:Fighting|100/100
|-damage|p2a: Tauros|94/100|[from] Stealth Rock
|-ability|p2a: Tauros|Intimidate|boost
|-unboost|p1a: Chien-Pao|atk|1
|move|p1a: Chien-Pao|Icicle Crash|p2a: Tauros
|-crit|p2a: Tauros
|-damage|p2a: Tauros|10/100
|
|-heal|p2a: Tauros|17/100|[from] item: Leftovers
|turn|10
|
|switch|p1a: Landorus|Landorus-Therian, M|50/100 brn
|-ability|p1a: Landorus|Intimidate|boost
|-unboost|p2a: Tauros|atk|1
|move|p2a: Tauros|Body Press|p1a: Landorus
|-resisted|p1a: Landorus
|-damage|p1a: Landorus|24/100 brn
|
|-heal|p1a: Landorus|30/100 brn|[from] item: Leftovers
|-heal|p2a: Tauros|23/100|[from] item: Leftovers
|-damage|p1a: Landorus|24/100 brn|[from] brn
|turn|11
|
|move|p1a: Landorus|U-turn|p2a: Tauros
|-resisted|p2a: Tauros
|-damage|p2a: Tauros|19/100
|
|switch|p1a: Dondozo|Dondozo, M|100/100|[from] U-turn
|move|p2a: Tauros|Bulk Up|p2a: Tauros
|-boost|p2a: Tauros|atk|1
|-boost|p2a: Tauros|def|1
|
|-heal|p2a: Tauros|25/100|[from] item: Leftovers
|turn|12
|
|switch|p1a: Landorus|Landorus-Therian, M|24/100 brn
|-ability|p1a: Landorus|Intimidate|boost
|-unboost|p2a: Tauros|atk|1
|move|p2a: Tauros|Will-O-Wisp|p1a: Landorus
|-fail|p1a: Landorus|brn
|
|-heal|p1a: Landorus|30/100 brn|[from] item: Leftovers
|-heal|p2a: Tauros|31/100|[from] item: Leftovers
|-damage|p1a: Landorus|24/100 brn|[from] brn
|turn|13
|
|move|p1a: Landorus|Grass Knot|p2a: Tauros
|-damage|p2a: Tauros|9/100
|move|p2a: Tauros|Bulk Up|p2a: Tauros
|-boost|p2a: Tauros|atk|1
|-boost|p2a: Tauros|def|1
|
|-heal|p1a: Landorus|30/100 brn|[from] item: Leftovers
|-heal|p2a: Tauros|15/100|[from] item: Leftovers
|-damage|p1a: Landorus|24/100 brn|[from] brn
|turn|14
|
|move|p1a: Landorus|Grass Knot|p2a: Tauros
|-damage|p2a: Tauros|0 fnt
|faint|p2a: Tauros
|
|-heal|p1a: Landorus|30/100 brn|[from] item: Leftovers
|-damage|p1a: Landorus|24/100 brn|[from] brn
|
|switch|p2a: Zapdos|Zapdos|94/100
|-damage|p2a: Zapdos|69/100|[from] Stealth Rock
|-ability|p2a: Zapdos|Pressure
|turn|15
|
|move|p2a: Zapdos|Substitute|p2a: Zapdos
|-start|p2a: Zapdos|Substitute
|-damage|p2a: Zapdos|45/100
|move|p1a: Landorus|U-turn|p2a: Zapdos
|-resisted|p2a: Zapdos
|-activate|p2a: Zapdos|move: Substitute|[damage]
|
|switch|p1a: Samurott|Samurott-Hisui, F|100/100|[from] U-turn
|
|turn|16
|
|move|p2a: Zapdos|Discharge|p1a: Samurott
|-supereffective|p1a: Samurott
|-enditem|p1a: Samurott|Focus Sash
|-damage|p1a: Samurott|1/100
|move|p1a: Samurott|Ceaseless Edge|p2a: Zapdos
|-end|p2a: Zapdos|Substitute
|-sidestart|p2: p2|Spikes
|
|turn|17
|
|move|p2a: Zapdos|Substitute|p2a: Zapdos
|-start|p2a: Zapdos|Substitute
|-damage|p2a: Zapdos|20/100
|move|p1a: Samurott|Ceaseless Edge|p2a: Zapdos|[miss]
|-miss|p1a: Samurott|p2a: Zapdos
|
|turn|18
|
|move|p1a: Samurott|Aqua Jet|p2a: Zapdos
|-end|p2a: Zapdos|Substitute
|move|p2a: Zapdos|Discharge|p1a: Samurott
|-supereffective|p1a: Samurott
|-damage|p1a: Samurott|0 fnt
|faint|p1a: Samurott
|
|
|switch|p1a: Chien-Pao|Chien-Pao|100/100
|-ability|p1a: Chien-Pao|Sword of Ruin
|turn|19
|
|move|p1a: Chien-Pao|Ice Shard|p2a: Zapdos
|-supereffective|p2a: Zapdos
|-damage|p2a: Zapdos|0 fnt
|faint|p2a: Zapdos
|
|
|switch|p2a: Toedscruel|Toedscruel, M|100/100
|turn|20
|
|move|p1a: Chien-Pao|Ice Shard|p2a: Toedscruel
|-supereffective|p2a: Toedscruel
|-damage|p2a: Toedscruel|0 fnt
|faint|p2a: Toedscruel
|
|-message|p2 forfeited.
|
|win|p1
