|poke|p1|Kleavor, F|
|poke|p1|Pelipper, F|
|poke|p1|Basculegion, M|
|poke|p1|Iron Treads|
|poke|p1|Rabsca, F|
|poke|p1|Dragonite, M|
|poke|p2|Ursaluna, M|
|poke|p2|Magearna|
|poke|p2|Dragapult, M|
|poke|p2|Kleavor, M|
|poke|p2|Zamazenta-*|
|poke|p2|Volcarona, M|
|teampreview
|
|start
|switch|p1a: Iron Treads|Iron Treads|100/100
|switch|p2a: Kleavor|Kleavor, M|100/100
|turn|1
|
|move|p2a: Kleavor|Close Combat|p1a: Iron Treads
|-supereffective|p1a: Iron Treads
|-damage|p1a: Iron Treads|20/100
|-unboost|p2a: Kleavor|def|1
|-unboost|p2a: Kleavor|spd|1
|move|p1a: Iron Treads|Iron Head|p2a: Kleavor
|-supereffective|p2a: Kleavor
|-damage|p2a: Kleavor|0 fnt
|faint|p2a: Kleavor
|
|
|switch|p2a: Zamazenta|Zamazenta|100/100
|-ability|p2a: Zamazenta|Dauntless Shield|boost
|-boost|p2a: Zamazenta|def|1
|turn|2
|
|-end|p1a: Iron Treads|Quark Drive|[silent]
|switch|p1a: Pelipper|Pelipper, F|100/100
|-weather|RainDance|[from] ability: Drizzle|[of] p1a: Pelipper
|move|p2a: Zamazenta|Substitute|p2a: Zamazenta
|-start|p2a: Zamazenta|Substitute
|-damage|p2a: Zamazenta|75/100
|
|-weather|RainDance|[upkeep]
|-heal|p2a: Zamazenta|82/100|[from] item: Leftovers
|turn|3
|
|move|p2a: Zamazenta|Iron Defense|p2a: Zamazenta
|-boost|p2a: Zamazenta|def|2
|move|p1a: Pelipper|Hurricane|p2a: Zamazenta
|-supereffective|p2a: Zamazenta
|-end|p2a: Zamazenta|Substitute
|
|-weather|RainDance|[upkeep]
|-heal|p2a: Zamazenta|88/100|[from] item: Leftovers
|turn|4
|
|-terastallize|p2a: Zamazenta|Dark
|move|p2a: Zamazenta|Body Press|p1a: Pelipper
|-resisted|p1a: Pelipper
|-damage|p1a: Pelipper|69/100
|move|p1a: Pelipper|Hydro Pump|p2a: Zamazenta
|-damage|p2a: Zamazenta|42/100
|
|-weather|RainDance|[upkeep]
|-heal|p2a: Zamazenta|48/100|[from] item: Leftovers
|turn|5
|
|move|p2a: Zamazenta|Body Press|p1a: Pelipper
|-resisted|p1a: Pelipper
|-crit|p1a: Pelipper
|-damage|p1a: Pelipper|20/100
|move|p1a: Pelipper|Roost|p1a: Pelipper
|-heal|p1a: Pelipper|70/100
|-singleturn|p1a: Pelipper|move: Roost
|
|-weather|RainDance|[upkeep]
|-heal|p2a: Zamazenta|55/100|[from] item: Leftovers
|turn|6
|
|move|p2a: Zamazenta|Iron Defense|p2a: Zamazenta
|-boost|p2a: Zamazenta|def|2
|move|p1a: Pelipper|Roost|p1a: Pelipper
|-heal|p1a: Pelipper|100/100
|-singleturn|p1a: Pelipper|move: Roost
|
|-weather|RainDance|[upkeep]
|-heal|p2a: Zamazenta|61/100|[from] item: Leftovers
|turn|7
|
|move|p2a: Zamazenta|Body Press|p1a: Pelipper
|-resisted|p1a: Pelipper
|-damage|p1a: Pelipper|52/100
|move|p1a: Pelipper|Hydro Pump|p2a: Zamazenta
|-damage|p2a: Zamazenta|17/100
|
|-weather|RainDance|[upkeep]
|-heal|p2a: Zamazenta|23/100|[from] item: Leftovers
|turn|8
|
|move|p2a: Zamazenta|Body Press|p1a: Pelipper
|-resisted|p1a: Pelipper
|-damage|p1a: Pelipper|5/100
|move|p1a: Pelipper|Roost|p1a: Pelipper
|-heal|p1a: Pelipper|56/100
|-singleturn|p1a: Pelipper|move: Roost
|
|-weather|RainDance|[upkeep]
|-heal|p2a: Zamazenta|29/100|[from] item: Leftovers
|turn|9
|
|move|p2a: Zamazenta|Substitute|p2a: Zamazenta
|-start|p2a: Zamazenta|Substitute
|-damage|p2a: Zamazenta|4/100
|move|p1a: Pelipper|Hydro Pump|p2a: Zamazenta|[miss]
|-miss|p1a: Pelipper|p2a: Zamazenta
|
|-weather|none
|-heal|p2a: Zamazenta|10/100|[from] item: Leftovers
|turn|10
|
|move|p2a: Zamazenta|Body Press|p1a: Pelipper
|-resisted|p1a: Pelipper
|-crit|p1a: Pelipper
|-damage|p1a: Pelipper|0 fnt
|faint|p1a: Pelipper
|
|-heal|p2a: Zamazenta|16/100|[from] item: Leftovers
|
|switch|p1a: Rabsca|Rabsca, F|100/100
|turn|11
|
|move|p2a: Zamazenta|Crunch|p1a: Rabsca
|-supereffective|p1a: Rabsca
|-damage|p1a: Rabsca|23/100
|move|p1a: Rabsca|Trick Room|p1a: Rabsca
|-fieldstart|move: Trick Room|[of] p1a: Rabsca
|
|-heal|p2a: Zamazenta|23/100|[from] item: Leftovers
|turn|12
|
|move|p1a: Rabsca|Revival Blessing|p1a: Rabsca
|
|-heal|p1: Pelipper|50/100|[from] move: Revival Blessing
|move|p2a: Zamazenta|Body Press|p1a: Rabsca
|-resisted|p1a: Rabsca
|-damage|p1a: Rabsca|0 fnt
|faint|p1a: Rabsca
|
|-heal|p2a: Zamazenta|29/100|[from] item: Leftovers
|
|switch|p1a: Pelipper|Pelipper, F|50/100
|-weather|RainDance|[from] ability: Drizzle|[of] p1a: Pelipper
|turn|13
|
|move|p1a: Pelipper|Hydro Pump|p2a: Zamazenta
|-end|p2a: Zamazenta|Substitute
|move|p2a: Zamazenta|Substitute|p2a: Zamazenta
|-start|p2a: Zamazenta|Substitute
|-damage|p2a: Zamazenta|4/100
|
|-weather|RainDance|[upkeep]
|-heal|p2a: Zamazenta|10/100|[from] item: Leftovers
|turn|14
|
|move|p1a: Pelipper|Hydro Pump|p2a: Zamazenta
|-crit|p2a: Zamazenta
|-end|p2a: Zamazenta|Substitute
|move|p2a: Zamazenta|Body Press|p1a: Pelipper
|-resisted|p1a: Pelipper
|-damage|p1a: Pelipper|6/100
|
|-weather|RainDance|[upkeep]
|-heal|p2a: Zamazenta|16/100|[from] item: Leftovers
|turn|15
|
|move|p1a: Pelipper|Hydro Pump|p2a: Zamazenta
|-damage|p2a: Zamazenta|0 fnt
|faint|p2a: Zamazenta
|
|-weather|RainDance|[upkeep]
|-fieldend|move: Trick Room
|
|switch|p2a: Magearna|Magearna|100/100
|turn|16
|
|switch|p1a: Basculegion|Basculegion, M|100/100
|move|p2a: Magearna|Shift Gear|p2a: Magearna
|-boost|p2a: Magearna|spe|2
|-boost|p2a: Magearna|atk|1
|
|-weather|RainDance|[upkeep]
|turn|17
|
|-terastallize|p1a: Basculegion|Water
|move|p1a: Basculegion|Wave Crash|p2a: Magearna
|-damage|p2a: Magearna|0 fnt
|faint|p2a: Magearna
|-damage|p1a: Basculegion|71/100|[from] Recoil
|
|-weather|RainDance|[upkeep]
|
|switch|p2a: Dragapult|Dragapult, M|100/100
|turn|18
|
|move|p1a: Basculegion|Wave Crash|p2a: Dragapult
|-resisted|p2a: Dragapult
|-damage|p2a: Dragapult|2/100
|-damage|p1a: Basculegion|38/100|[from] Recoil
|move|p2a: Dragapult|Will-O-Wisp|p1a: Basculegion
|-status|p1a: Basculegion|brn
|
|-weather|RainDance|[upkeep]
|-damage|p1a: Basculegion|32/100 brn|[from] brn
|turn|19
|
|move|p1a: Basculegion|Wave Crash|p2a: Dragapult
|-resisted|p2a: Dragapult
|-damage|p2a: Dragapult|0 fnt
|faint|p2a: Dragapult
|-damage|p1a: Basculegion|32/100 brn|[from] Recoil
|
|-weather|RainDance|[upkeep]
|-damage|p1a: Basculegion|26/100 brn|[from] brn
|
|switch|p2a: Ursaluna|Ursaluna, M|100/100
|turn|20
|
|move|p1a: Basculegion|Wave Crash|p2a: Ursaluna
|-supereffective|p2a: Ursaluna
|-damage|p2a: Ursaluna|0 fnt
|faint|p2a: Ursaluna
|-damage|p1a: Basculegion|0 fnt|[from] Recoil
|faint|p1a: Basculegion
|
|-weather|none
|
|switch|p1a: Kleavor|Kleavor, F|100/100
|switch|p2a: Volcarona|Volcarona, M|100/100
|turn|21
|
|move|p2a: Volcarona|Quiver Dance|p2a: Volcarona
|-boost|p2a: Volcarona|spa|1
|-boost|p2a: Volcarona|spd|1
|-boost|p2a: Volcarona|spe|1
|move|p1a: Kleavor|Stone Axe|p2a: Volcarona
|-supereffective|p2a: Volcarona
|-damage|p2a: Volcarona|0 fnt
|-sidestart|p2: p2|move: Stealth Rock
|faint|p2a: Volcarona
|
|win|p1
