|poke|p1|Ursaluna, M|
|poke|p1|Goodra-Hisui, F|
|poke|p1|Garganacl, M|
|poke|p1|Slither Wing|
|poke|p1|Cresselia, F|
|poke|p1|Forretress, M|
|poke|p2|Zamazenta-*|
|poke|p2|Sneasler, M|
|poke|p2|Arcanine-Hisui, F|
|poke|p2|Typhlosion-Hisui, M|
|poke|p2|Kleavor, M|
|poke|p2|Heatran, M|
|teampreview
|
|start
|switch|p1a: Selina 🌙|Cresselia, F, shiny|100/100
|switch|p2a: Kleavor|Kleavor, M|100/100
|turn|1
|
|switch|p1a: Forretress|Forretress, M|100/100
|move|p2a: Kleavor|Stone Axe|p1a: Forretress
|-damage|p1a: Forretress|73/100
|-sidestart|p1: Redribbonrenegade|move: Stealth Rock
|
|turn|2
|
|move|p2a: Kleavor|Brick Break|p1a: Forretress
|-damage|p1a: Forretress|57/100
|move|p1a: Forretress|Reflect|p1a: Forretress
|-sidestart|p1: Redribbonrenegade|Reflect
|
|turn|3
|
|move|p2a: Kleavor|Stone Axe|p1a: Forretress
|-damage|p1a: Forretress|42/100
|move|p1a: Forretress|Light Screen|p1a: Forretress
|-sidestart|p1: Redribbonrenegade|move: Light Screen
|
|turn|4
|
|move|p2a: Kleavor|Brick Break|p1a: Forretress
|-sideend|p1: Redribbonrenegade|Reflect
|-sideend|p1: Redribbonrenegade|move: Light Screen
|-damage|p1a: Forretress|27/100
|move|p1a: Forretress|Stealth Rock|p2a: Kleavor
|-sidestart|p2: Muddy Syrup|move: Stealth Rock
|
|turn|5
|
|move|p2a: Kleavor|Stone Axe|p1a: Forretress
|-damage|p1a: Forretress|0 fnt
|faint|p1a: Forretress
|
|
|switch|p1a: Wojbomb 📠|Garganacl, M|100/100
|-damage|p1a: Wojbomb 📠|88/100|[from] Stealth Rock
|turn|6
|
|move|p2a: Kleavor|Stone Axe|p1a: Wojbomb 📠
|-damage|p1a: Wojbomb 📠|55/100
|move|p1a: Wojbomb 📠|Curse|p1a: Wojbomb 📠
|-unboost|p1a: Wojbomb 📠|spe|1
|-boost|p1a: Wojbomb 📠|atk|1
|-boost|p1a: Wojbomb 📠|def|1
|
|-heal|p1a: Wojbomb 📠|61/100|[from] item: Leftovers
|turn|7
|
|-terastallize|p1a: Wojbomb 📠|Ghost
|move|p2a: Kleavor|Stone Axe|p1a: Wojbomb 📠
|-damage|p1a: Wojbomb 📠|38/100
|move|p1a: Wojbomb 📠|Recover|p1a: Wojbomb 📠
|-heal|p1a: Wojbomb 📠|88/100
|
|-heal|p1a: Wojbomb 📠|94/100|[from] item: Leftovers
|turn|8
|
|switch|p2a: Heatran|Heatran, M|100/100
|-damage|p2a: Heatran|88/100|[from] Stealth Rock
|-item|p2a: Heatran|Air Balloon
|move|p1a: Wojbomb 📠|Salt Cure|p2a: Heatran
|-damage|p2a: Heatran|72/100
|-start|p2a: Heatran|Salt Cure
|-enditem|p2a: Heatran|Air Balloon
|
|-heal|p1a: Wojbomb 📠|99/100|[from] item: Leftovers
|-damage|p2a: Heatran|47/100|[from] Salt Cure
|turn|9
|
|move|p2a: Heatran|Magma Storm|p1a: Wojbomb 📠
|-damage|p1a: Wojbomb 📠|61/100
|-activate|p1a: Wojbomb 📠|move: Magma Storm|[of] p2a: Heatran
|move|p1a: Wojbomb 📠|Earthquake|p2a: Heatran
|-supereffective|p2a: Heatran
|-damage|p2a: Heatran|0 fnt
|faint|p2a: Heatran
|
|-heal|p1a: Wojbomb 📠|67/100|[from] item: Leftovers
|-end|p1a: Wojbomb 📠|Magma Storm|[partiallytrapped]|[silent]
|
|switch|p2a: Typhlosion|Typhlosion-Hisui, M|100/100
|-damage|p2a: Typhlosion|76/100|[from] Stealth Rock
|turn|10
|
|move|p2a: Typhlosion|Infernal Parade|p1a: Wojbomb 📠
|-supereffective|p1a: Wojbomb 📠
|-damage|p1a: Wojbomb 📠|37/100
|move|p1a: Wojbomb 📠|Recover|p1a: Wojbomb 📠
|-heal|p1a: Wojbomb 📠|87/100
|
|-heal|p1a: Wojbomb 📠|93/100|[from] item: Leftovers
|turn|11
|
|move|p2a: Typhlosion|Infernal Parade|p1a: Wojbomb 📠
|-supereffective|p1a: Wojbomb 📠
|-damage|p1a: Wojbomb 📠|62/100
|move|p1a: Wojbomb 📠|Earthquake|p2a: Typhlosion
|-supereffective|p2a: Typhlosion
|-damage|p2a: Typhlosion|0 fnt
|faint|p2a: Typhlosion
|
|-heal|p1a: Wojbomb 📠|68/100|[from] item: Leftovers
|
|switch|p2a: Arcanine|Arcanine-Hisui, F|100/100
|-damage|p2a: Arcanine|76/100|[from] Stealth Rock
|turn|12
|
|move|p2a: Arcanine|Head Smash|p1a: Wojbomb 📠|[miss]
|-miss|p2a: Arcanine|p1a: Wojbomb 📠
|move|p1a: Wojbomb 📠|Earthquake|p2a: Arcanine
|-supereffective|p2a: Arcanine
|-crit|p2a: Arcanine
|-damage|p2a: Arcanine|0 fnt
|faint|p2a: Arcanine
|
|-heal|p1a: Wojbomb 📠|75/100|[from] item: Leftovers
|-message|Muddy Syrup forfeited.
|
|win|Redribbonrenegade
