# advantage = p1
|poke|p1|Samurott-Hisui, F|
|poke|p1|Dragapult, M|
|poke|p1|Sneasler, M|
|poke|p1|Magearna|
|poke|p1|Volcarona, M|
|poke|p1|Zamazenta-*|
|poke|p2|Arcanine-Hisui, F|
|poke|p2|Azumarill, F|
|poke|p2|Great Tusk|
|poke|p2|Sneasler, M|
|poke|p2|Magearna|
|poke|p2|Enamorus, F|
|teampreview
|
|start
|switch|p1a: Samurott|Samurott-Hisui, F, shiny|100/100
|switch|p2a: Erik Spoelstra|Enamorus, F|100/100
|turn|1
|
|move|p2a: Erik Spoelstra|Moonblast|p1a: Samurott
|-supereffective|p1a: Samurott
|-enditem|p1a: Samurott|Focus Sash
|-damage|p1a: Samurott|1/100
|move|p1a: Samurott|Ceaseless Edge|p2a: Erik Spoelstra
|-resisted|p2a: Erik Spoelstra
|-damage|p2a: Erik Spoelstra|62/100
|-sidestart|p2: p2|Spikes
|
|turn|2
|
|move|p1a: Samurott|Aqua Jet|p2a: Erik Spoelstra
|-damage|p2a: Erik Spoelstra|31/100
|move|p2a: Erik Spoelstra|Moonblast|p1a: Samurott
|-supereffective|p1a: Samurott
|-damage|p1a: Samurott|0 fnt
|faint|p1a: Samurott
|
|
|switch|p1a: Dragapult|Dragapult, M|100/100
|turn|3
|
|move|p2a: Erik Spoelstra|Moonblast|p1a: Dragapult
|-supereffective|p1a: Dragapult
|-damage|p1a: Dragapult|0 fnt
|-start|p2a: Erik Spoelstra|Disable|Moonblast|[from] ability: Cursed Body|[of] p1a: Dragapult
|faint|p1a: Dragapult
|
|
|switch|p1a: Sneasler|Sneasler, M|100/100
|-item|p1a: Sneasler|Air Balloon
|turn|4
|
|switch|p2a: Bam Adebayo|Great Tusk|100/100
|-damage|p2a: Bam Adebayo|88/100|[from] Spikes
|move|p1a: Sneasler|Swords Dance|p1a: Sneasler
|-boost|p1a: Sneasler|atk|2
|
|-heal|p2a: Bam Adebayo|94/100|[from] item: Leftovers
|turn|5
|
|move|p1a: Sneasler|Swords Dance|p1a: Sneasler
|-boost|p1a: Sneasler|atk|2
|move|p2a: Bam Adebayo|Rapid Spin|p1a: Sneasler
|-damage|p1a: Sneasler|80/100
|-boost|p2a: Bam Adebayo|spe|1
|-enditem|p1a: Sneasler|Air Balloon
|-sideend|p2: p2|Spikes|[from] move: Rapid Spin|[of] p2a: Bam Adebayo
|
|-heal|p2a: Bam Adebayo|100/100|[from] item: Leftovers
|turn|6
|
|move|p1a: Sneasler|Acrobatics|p2a: Bam Adebayo
|-supereffective|p2a: Bam Adebayo
|-damage|p2a: Bam Adebayo|0 fnt
|faint|p2a: Bam Adebayo
|-end|p2a: Bam Adebayo|Protosynthesis|[silent]
|
|
|switch|p2a: Gabe Vincent|Arcanine-Hisui, F|100/100
|turn|7
|
|-terastallize|p2a: Gabe Vincent|Normal
|move|p2a: Gabe Vincent|Extreme Speed|p1a: Sneasler
|-damage|p1a: Sneasler|2/100
|move|p1a: Sneasler|Close Combat|p2a: Gabe Vincent
|-supereffective|p2a: Gabe Vincent
|-damage|p2a: Gabe Vincent|0 fnt
|-unboost|p1a: Sneasler|def|1
|-unboost|p1a: Sneasler|spd|1
|faint|p2a: Gabe Vincent
|
|
|switch|p2a: Caleb Martin|Azumarill, F|100/100
|turn|8
|
|move|p2a: Caleb Martin|Aqua Jet|p1a: Sneasler
|-damage|p1a: Sneasler|0 fnt
|faint|p1a: Sneasler
|
|
|switch|p1a: Zamazenta|Zamazenta-Crowned, shiny|100/100
|-ability|p1a: Zamazenta|Dauntless Shield|boost
|-boost|p1a: Zamazenta|def|1
|turn|9
|
|switch|p2a: Jimmy Butler|Magearna|100/100
|move|p1a: Zamazenta|Iron Defense|p1a: Zamazenta
|-boost|p1a: Zamazenta|def|2
|
|turn|10
|
|move|p1a: Zamazenta|Iron Defense|p1a: Zamazenta
|-boost|p1a: Zamazenta|def|2
|move|p2a: Jimmy Butler|Shift Gear|p2a: Jimmy Butler
|-boost|p2a: Jimmy Butler|spe|2
|-boost|p2a: Jimmy Butler|atk|1
|
|turn|11
|
|-terastallize|p1a: Zamazenta|Fire
|move|p2a: Jimmy Butler|Calm Mind|p2a: Jimmy Butler
|-boost|p2a: Jimmy Butler|spa|1
|-boost|p2a: Jimmy Butler|spd|1
|move|p1a: Zamazenta|Body Press|p2a: Jimmy Butler
|-damage|p2a: Jimmy Butler|0 fnt
|faint|p2a: Jimmy Butler
|
|
|switch|p2a: Erik Spoelstra|Enamorus, F|31/100
|turn|12
|
|move|p2a: Erik Spoelstra|Earth Power|p1a: Zamazenta
|-supereffective|p1a: Zamazenta
|-damage|p1a: Zamazenta|44/100
|move|p1a: Zamazenta|Behemoth Bash|p2a: Erik Spoelstra
|-supereffective|p2a: Erik Spoelstra
|-damage|p2a: Erik Spoelstra|0 fnt
|faint|p2a: Erik Spoelstra
|
|
|switch|p2a: Caleb Martin|Azumarill, F|100/100
|turn|13
|
|move|p1a: Zamazenta|Body Press|p2a: Caleb Martin
|-resisted|p2a: Caleb Martin
|-crit|p2a: Caleb Martin
|-damage|p2a: Caleb Martin|0 fnt
|faint|p2a: Caleb Martin
|
|
|switch|p2a: Max Strus|Sneasler, M|100/100
|turn|14
|
|move|p2a: Max Strus|Fake Out|p1a: Zamazenta
|-enditem|p2a: Max Strus|Normal Gem|[from] gem
|-damage|p1a: Zamazenta|40/100
|cant|p1a: Zamazenta|flinch
|
|turn|15
|
|move|p2a: Max Strus|Close Combat|p1a: Zamazenta
|-damage|p1a: Zamazenta|28/100
|-unboost|p2a: Max Strus|def|1
|-unboost|p2a: Max Strus|spd|1
|move|p1a: Zamazenta|Body Press|p2a: Max Strus
|-resisted|p2a: Max Strus
|-damage|p2a: Max Strus|0 fnt
|faint|p2a: Max Strus
|
|win|p1
