|poke|p1|Goodra-Hisui, M|
|poke|p1|Zamazenta-*|
|poke|p1|Breloom, F|
|poke|p1|Corviknight, M|
|poke|p1|Clodsire, M|
|poke|p1|Typhlosion, M|
|poke|p2|Magearna|
|poke|p2|Chien-Pao|
|poke|p2|Landorus-Therian, M|
|poke|p2|Volcarona, F|
|poke|p2|Urshifu-*, F|
|poke|p2|Corviknight, F|
|teampreview
|
|start
|switch|p1a: Goodra|Goodra-Hisui, M|100/100
|switch|p2a: Landorus|Landorus-Therian, M|100/100
|-ability|p2a: Landorus|Intimidate|boost
|-unboost|p1a: Goodra|atk|1
|turn|1
|
|move|p2a: Landorus|Stealth Rock|p1a: Goodra
|-sidestart|p1: ttars nuts|move: Stealth Rock
|move|p1a: Goodra|Hydro Pump|p2a: Landorus
|-supereffective|p2a: Landorus
|-damage|p2a: Landorus|1/100
|
|-heal|p2a: Landorus|7/100|[from] item: Leftovers
|turn|2
|
|move|p2a: Landorus|U-turn|p1a: Goodra
|-resisted|p1a: Goodra
|-damage|p1a: Goodra|91/100
|
|switch|p2a: Corviknight|Corviknight, F|100/100|[from] U-turn
|-ability|p2a: Corviknight|Pressure
|move|p1a: Goodra|Flash Cannon|p2a: Corviknight
|-resisted|p2a: Corviknight
|-damage|p2a: Corviknight|81/100
|
|-heal|p2a: Corviknight|87/100|[from] item: Leftovers
|turn|3
|
|switch|p2a: Urshifu|Urshifu-Rapid-Strike, F|100/100
|move|p1a: Goodra|Fire Blast|p2a: Urshifu
|-resisted|p2a: Urshifu
|-crit|p2a: Urshifu
|-damage|p2a: Urshifu|62/100
|
|turn|4
|
|move|p2a: Urshifu|U-turn|p1a: Goodra
|-resisted|p1a: Goodra
|-damage|p1a: Goodra|80/100
|
|switch|p2a: Landorus|Landorus-Therian, M|7/100|[from] U-turn
|-ability|p2a: Landorus|Intimidate|boost
|-unboost|p1a: Goodra|atk|1
|move|p1a: Goodra|Draco Meteor|p2a: Landorus
|-damage|p2a: Landorus|0 fnt
|-unboost|p1a: Goodra|spa|2
|faint|p2a: Landorus
|
|
|switch|p2a: Urshifu|Urshifu-Rapid-Strike, F|62/100
|turn|5
|
|switch|p1a: Corviknight|Corviknight, M|100/100
|-damage|p1a: Corviknight|88/100|[from] Stealth Rock
|-ability|p1a: Corviknight|Pressure
|move|p2a: Urshifu|Close Combat|p1a: Corviknight
|-damage|p1a: Corviknight|51/100
|-unboost|p2a: Urshifu|def|1
|-unboost|p2a: Urshifu|spd|1
|-damage|p2a: Urshifu|46/100|[from] item: Rocky Helmet|[of] p1a: Corviknight
|
|turn|6
|
|switch|p2a: Magearna|Magearna|100/100
|move|p1a: Corviknight|Roost|p1a: Corviknight
|-heal|p1a: Corviknight|100/100
|-singleturn|p1a: Corviknight|move: Roost
|
|turn|7
|
|switch|p1a: Clodsire|Clodsire, M|100/100
|-damage|p1a: Clodsire|94/100|[from] Stealth Rock
|move|p2a: Magearna|Volt Switch|p1a: Clodsire
|-immune|p1a: Clodsire
|
|-heal|p1a: Clodsire|100/100|[from] item: Black Sludge
|turn|8
|
|switch|p2a: Corviknight|Corviknight, F|87/100
|-ability|p2a: Corviknight|Pressure
|move|p1a: Clodsire|Stealth Rock|p2a: Corviknight
|-sidestart|p2: Bowser89|move: Stealth Rock
|
|-heal|p2a: Corviknight|93/100|[from] item: Leftovers
|turn|9
|
|switch|p1a: Corviknight|Corviknight, M|100/100
|-damage|p1a: Corviknight|88/100|[from] Stealth Rock
|-ability|p1a: Corviknight|Pressure
|move|p2a: Corviknight|Defog|p1a: Corviknight
|-unboost|p1a: Corviknight|evasion|1
|-sideend|p1: ttars nuts|Stealth Rock|[from] move: Defog|[of] p2a: Corviknight
|-sideend|p2: Bowser89|Stealth Rock|[from] move: Defog|[of] p2a: Corviknight
|
|-heal|p2a: Corviknight|99/100|[from] item: Leftovers
|turn|10
|
|move|p2a: Corviknight|Body Press|p1a: Corviknight
|-damage|p1a: Corviknight|72/100
|-damage|p2a: Corviknight|83/100|[from] item: Rocky Helmet|[of] p1a: Corviknight
|move|p1a: Corviknight|U-turn|p2a: Corviknight
|-resisted|p2a: Corviknight
|-damage|p2a: Corviknight|81/100
|
|switch|p1a: Typhlosion|Typhlosion, M|100/100|[from] U-turn
|
|-heal|p2a: Corviknight|87/100|[from] item: Leftovers
|turn|11
|
|-terastallize|p1a: Typhlosion|Fire
|move|p1a: Typhlosion|Eruption|p2a: Corviknight
|-supereffective|p2a: Corviknight
|-damage|p2a: Corviknight|0 fnt
|faint|p2a: Corviknight
|
|
|switch|p2a: Urshifu|Urshifu-Rapid-Strike, F|46/100
|turn|12
|
|move|p2a: Urshifu|Surging Strikes|p1a: Typhlosion
|-supereffective|p1a: Typhlosion
|-crit|p1a: Typhlosion
|-damage|p1a: Typhlosion|45/100
|-supereffective|p1a: Typhlosion
|-crit|p1a: Typhlosion
|-damage|p1a: Typhlosion|0 fnt
|faint|p1a: Typhlosion
|-hitcount|p1: Typhlosion|2
|
|
|switch|p1a: Zamazenta|Zamazenta|100/100
|-ability|p1a: Zamazenta|Dauntless Shield|boost
|-boost|p1a: Zamazenta|def|1
|turn|13
|
|switch|p2a: Magearna|Magearna|100/100
|move|p1a: Zamazenta|Wild Charge|p2a: Magearna
|-damage|p2a: Magearna|72/100
|-damage|p1a: Zamazenta|92/100|[from] Recoil
|-damage|p1a: Zamazenta|83/100|[from] item: Life Orb
|
|turn|14
|
|switch|p2a: Chien-Pao|Chien-Pao|100/100
|-ability|p2a: Chien-Pao|Sword of Ruin
|move|p1a: Zamazenta|Body Press|p2a: Chien-Pao
|-supereffective|p2a: Chien-Pao
|-damage|p2a: Chien-Pao|0 fnt
|faint|p2a: Chien-Pao
|-damage|p1a: Zamazenta|73/100|[from] item: Life Orb
|
|
|switch|p2a: Volcarona|Volcarona, F|100/100
|turn|15
|
|switch|p1a: Clodsire|Clodsire, M|100/100
|move|p2a: Volcarona|Quiver Dance|p2a: Volcarona
|-boost|p2a: Volcarona|spa|1
|-boost|p2a: Volcarona|spd|1
|-boost|p2a: Volcarona|spe|1
|
|turn|16
|
|switch|p2a: Magearna|Magearna|72/100
|move|p1a: Clodsire|Toxic|p2a: Magearna
|-immune|p2a: Magearna
|
|turn|17
|
|move|p2a: Magearna|Flash Cannon|p1a: Clodsire
|-damage|p1a: Clodsire|78/100
|move|p1a: Clodsire|Earthquake|p2a: Magearna
|-supereffective|p2a: Magearna
|-damage|p2a: Magearna|23/100
|
|-heal|p1a: Clodsire|84/100|[from] item: Black Sludge
|turn|18
|
|move|p2a: Magearna|Flash Cannon|p1a: Clodsire
|-damage|p1a: Clodsire|59/100
|move|p1a: Clodsire|Recover|p1a: Clodsire
|-heal|p1a: Clodsire|100/100
|
|turn|19
|
|move|p2a: Magearna|Flash Cannon|p1a: Clodsire
|-damage|p1a: Clodsire|74/100
|move|p1a: Clodsire|Earthquake|p2a: Magearna
|-supereffective|p2a: Magearna
|-damage|p2a: Magearna|0 fnt
|faint|p2a: Magearna
|
|-heal|p1a: Clodsire|80/100|[from] item: Black Sludge
|
|switch|p2a: Urshifu|Urshifu-Rapid-Strike, F|46/100
|turn|20
|
|move|p2a: Urshifu|Ice Spinner|p1a: Clodsire
|-supereffective|p1a: Clodsire
|-damage|p1a: Clodsire|22/100
|move|p1a: Clodsire|Earthquake|p2a: Urshifu
|-damage|p2a: Urshifu|17/100
|
|-heal|p1a: Clodsire|28/100|[from] item: Black Sludge
|turn|21
|
|switch|p2a: Volcarona|Volcarona, F|100/100
|move|p1a: Clodsire|Earthquake|p2a: Volcarona
|-damage|p2a: Volcarona|61/100
|
|-heal|p1a: Clodsire|34/100|[from] item: Black Sludge
|turn|22
|
|move|p2a: Volcarona|Fiery Dance|p1a: Clodsire
|-damage|p1a: Clodsire|13/100
|-boost|p2a: Volcarona|spa|1
|move|p1a: Clodsire|Recover|p1a: Clodsire
|-heal|p1a: Clodsire|63/100
|
|-heal|p1a: Clodsire|69/100|[from] item: Black Sludge
|turn|23
|-message|Bowser89 forfeited.
|
|win|ttars nuts
