# advantage = p1
|poke|p1|Toxtricity, F|
|poke|p1|Great Tusk|
|poke|p1|Slowking, M|
|poke|p1|Dragapult, F|
|poke|p1|Kingambit, F|
|poke|p1|Corviknight, F|
|poke|p2|Amoonguss, M|
|poke|p2|Gholdengo|
|poke|p2|Ting-Lu|
|poke|p2|Great Tusk|
|poke|p2|Dragonite, M|
|poke|p2|Iron Valiant|
|teampreview
|
|start
|switch|p1a: Great Tusk|Great Tusk|100/100
|switch|p2a: Gholdengo|Gholdengo|100/100
|turn|1
|
|switch|p2a: Amoonguss|Amoonguss, M|100/100
|-end|p1a: Great Tusk|Protosynthesis|[silent]
|switch|p1a: Kingambit|Kingambit, F|100/100
|
|turn|2
|
|move|p1a: Kingambit|Stealth Rock|p2a: Amoonguss
|-sidestart|p2: p2|move: Stealth Rock
|move|p2a: Amoonguss|Spore|p1a: Kingambit
|-status|p1a: Kingambit|slp|[from] move: Spore
|
|turn|3
|
|-end|p1a: Kingambit|fallenundefined|[silent]
|switch|p1a: Toxtricity|Toxtricity, F|100/100
|switch|p2a: Gholdengo|Gholdengo|100/100
|-damage|p2a: Gholdengo|94/100|[from] Stealth Rock
|
|turn|4
|
|move|p2a: Gholdengo|Shadow Ball|p1a: Toxtricity
|-damage|p1a: Toxtricity|36/100
|move|p1a: Toxtricity|Snarl|p2a: Gholdengo
|-supereffective|p2a: Gholdengo
|-damage|p2a: Gholdengo|8/100
|-unboost|p2a: Gholdengo|spa|1
|
|turn|5
|
|switch|p2a: Ting-Lu|Ting-Lu|100/100
|-damage|p2a: Ting-Lu|94/100|[from] Stealth Rock
|-ability|p2a: Ting-Lu|Vessel of Ruin
|switch|p1a: Slowking|Slowking, M|100/100
|
|-heal|p2a: Ting-Lu|100/100|[from] item: Leftovers
|turn|6
|
|move|p2a: Ting-Lu|Spikes|p1a: Slowking
|-sidestart|p1: p1|Spikes
|move|p1a: Slowking|Surf|p2a: Ting-Lu
|-supereffective|p2a: Ting-Lu
|-damage|p2a: Ting-Lu|75/100
|
|-heal|p2a: Ting-Lu|81/100|[from] item: Leftovers
|turn|7
|
|move|p2a: Ting-Lu|Ruination|p1a: Slowking
|-damage|p1a: Slowking|50/100
|move|p1a: Slowking|Surf|p2a: Ting-Lu
|-supereffective|p2a: Ting-Lu
|-damage|p2a: Ting-Lu|53/100
|
|-heal|p2a: Ting-Lu|59/100|[from] item: Leftovers
|turn|8
|
|move|p2a: Ting-Lu|Earthquake|p1a: Slowking
|-damage|p1a: Slowking|20/100
|move|p1a: Slowking|Surf|p2a: Ting-Lu
|-supereffective|p2a: Ting-Lu
|-damage|p2a: Ting-Lu|34/100
|
|-heal|p2a: Ting-Lu|40/100|[from] item: Leftovers
|turn|9
|
|switch|p1a: Corviknight|Corviknight, F|100/100
|-ability|p1a: Corviknight|Pressure
|move|p2a: Ting-Lu|Whirlwind|p1a: Corviknight
|drag|p1a: Great Tusk|Great Tusk|100/100
|-damage|p1a: Great Tusk|88/100|[from] Spikes
|
|-heal|p2a: Ting-Lu|47/100|[from] item: Leftovers
|turn|10
|
|switch|p2a: Amoonguss|Amoonguss, M|100/100
|-damage|p2a: Amoonguss|88/100|[from] Stealth Rock
|move|p1a: Great Tusk|Ice Spinner|p2a: Amoonguss
|-supereffective|p2a: Amoonguss
|-damage|p2a: Amoonguss|26/100
|
|turn|11
|
|-end|p1a: Great Tusk|Protosynthesis|[silent]
|switch|p1a: Corviknight|Corviknight, F|100/100
|-ability|p1a: Corviknight|Pressure
|switch|p2a: Gholdengo|Gholdengo|8/100
|-damage|p2a: Gholdengo|2/100|[from] Stealth Rock
|
|turn|12
|
|move|p2a: Gholdengo|Trick|p1a: Corviknight
|-activate|p2a: Gholdengo|move: Trick|[of] p1a: Corviknight
|-item|p1a: Corviknight|Choice Scarf|[from] move: Trick
|-item|p2a: Gholdengo|Rocky Helmet|[from] move: Trick
|move|p1a: Corviknight|U-turn|p2a: Gholdengo
|-resisted|p2a: Gholdengo
|-crit|p2a: Gholdengo
|-damage|p2a: Gholdengo|0 fnt
|-damage|p1a: Corviknight|84/100|[from] item: Rocky Helmet|[of] p2a: Gholdengo
|faint|p2a: Gholdengo
|
|switch|p1a: Slowking|Slowking, M|53/100|[from] U-turn
|
|
|switch|p2a: Great Tusk|Great Tusk|100/100
|-damage|p2a: Great Tusk|98/100|[from] Stealth Rock
|turn|13
|
|switch|p1a: Corviknight|Corviknight, F|84/100
|-ability|p1a: Corviknight|Pressure
|move|p2a: Great Tusk|Headlong Rush|p1a: Corviknight
|-immune|p1a: Corviknight
|
|turn|14
|
|move|p2a: Great Tusk|Stealth Rock|p1a: Corviknight
|-sidestart|p1: p1|move: Stealth Rock
|move|p1a: Corviknight|U-turn|p2a: Great Tusk
|-resisted|p2a: Great Tusk
|-damage|p2a: Great Tusk|92/100
|
|switch|p1a: Slowking|Slowking, M|87/100|[from] U-turn
|
|turn|15
|
|-end|p2a: Great Tusk|Protosynthesis|[silent]
|switch|p2a: Amoonguss|Amoonguss, M|60/100
|-damage|p2a: Amoonguss|47/100|[from] Stealth Rock
|move|p1a: Slowking|Surf|p2a: Amoonguss
|-resisted|p2a: Amoonguss
|-damage|p2a: Amoonguss|34/100
|
|turn|16
|
|switch|p2a: Great Tusk|Great Tusk|92/100
|-damage|p2a: Great Tusk|89/100|[from] Stealth Rock
|move|p1a: Slowking|Chilly Reception|p1a: Slowking
|-weather|Snow
|
|switch|p1a: Corviknight|Corviknight, F|84/100|[from] Chilly Reception
|-damage|p1a: Corviknight|72/100|[from] Stealth Rock
|-ability|p1a: Corviknight|Pressure
|
|-weather|Snow|[upkeep]
|turn|17
|
|move|p2a: Great Tusk|Close Combat|p1a: Corviknight
|-damage|p1a: Corviknight|33/100
|-unboost|p2a: Great Tusk|def|1
|-unboost|p2a: Great Tusk|spd|1
|-enditem|p2a: Great Tusk|Eject Pack
|
|-end|p2a: Great Tusk|Protosynthesis|[silent]
|switch|p2a: Ting-Lu|Ting-Lu|47/100
|-damage|p2a: Ting-Lu|40/100|[from] Stealth Rock
|-ability|p2a: Ting-Lu|Vessel of Ruin
|move|p1a: Corviknight|U-turn|p2a: Ting-Lu
|-supereffective|p2a: Ting-Lu
|-damage|p2a: Ting-Lu|24/100
|
|switch|p1a: Great Tusk|Great Tusk|88/100|[from] U-turn
|-damage|p1a: Great Tusk|76/100|[from] Spikes
|-damage|p1a: Great Tusk|73/100|[from] Stealth Rock
|
|-weather|Snow|[upkeep]
|-heal|p2a: Ting-Lu|31/100|[from] item: Leftovers
|turn|18
|
|switch|p2a: Great Tusk|Great Tusk|89/100
|-damage|p2a: Great Tusk|86/100|[from] Stealth Rock
|move|p1a: Great Tusk|Ice Spinner|p2a: Great Tusk
|-supereffective|p2a: Great Tusk
|-damage|p2a: Great Tusk|22/100
|
|-weather|Snow|[upkeep]
|turn|19
|
|move|p1a: Great Tusk|Ice Spinner|p2a: Great Tusk
|-supereffective|p2a: Great Tusk
|-crit|p2a: Great Tusk
|-damage|p2a: Great Tusk|0 fnt
|faint|p2a: Great Tusk
|-end|p2a: Great Tusk|Protosynthesis|[silent]
|
|-weather|Snow|[upkeep]
|
|switch|p2a: Iron Valiant|Iron Valiant|100/100
|-damage|p2a: Iron Valiant|94/100|[from] Stealth Rock
|-enditem|p2a: Iron Valiant|Booster Energy
|-activate|p2a: Iron Valiant|ability: Quark Drive|[fromitem]
|-start|p2a: Iron Valiant|quarkdrivespe
|turn|20
|
|-end|p1a: Great Tusk|Protosynthesis|[silent]
|switch|p1a: Slowking|Slowking, M|100/100
|move|p2a: Iron Valiant|Swords Dance|p2a: Iron Valiant
|-boost|p2a: Iron Valiant|atk|2
|
|-weather|none
|turn|21
|
|-terastallize|p1a: Slowking|Water
|move|p2a: Iron Valiant|Swords Dance|p2a: Iron Valiant
|-boost|p2a: Iron Valiant|atk|2
|move|p1a: Slowking|Surf|p2a: Iron Valiant
|-damage|p2a: Iron Valiant|16/100
|
|turn|22
|
|switch|p1a: Corviknight|Corviknight, F|33/100
|-damage|p1a: Corviknight|21/100|[from] Stealth Rock
|-ability|p1a: Corviknight|Pressure
|-terastallize|p2a: Iron Valiant|Dark
|move|p2a: Iron Valiant|Knock Off|p1a: Corviknight
|-damage|p1a: Corviknight|0 fnt
|-enditem|p1a: Corviknight|Choice Scarf|[from] move: Knock Off|[of] p2a: Iron Valiant
|faint|p1a: Corviknight
|
|
|switch|p1a: Dragapult|Dragapult, F|100/100
|-damage|p1a: Dragapult|88/100|[from] Spikes
|-damage|p1a: Dragapult|76/100|[from] Stealth Rock
|turn|23
|
|move|p1a: Dragapult|U-turn|p2a: Iron Valiant
|-supereffective|p2a: Iron Valiant
|-damage|p2a: Iron Valiant|0 fnt
|faint|p2a: Iron Valiant
|-end|p2a: Iron Valiant|Quark Drive|[silent]
|
|switch|p1a: Great Tusk|Great Tusk|73/100|[from] U-turn
|-damage|p1a: Great Tusk|60/100|[from] Spikes
|-damage|p1a: Great Tusk|57/100|[from] Stealth Rock
|
|
|switch|p2a: Amoonguss|Amoonguss, M|67/100
|-damage|p2a: Amoonguss|55/100|[from] Stealth Rock
|turn|24
|
|switch|p2a: Ting-Lu|Ting-Lu|31/100
|-damage|p2a: Ting-Lu|24/100|[from] Stealth Rock
|-ability|p2a: Ting-Lu|Vessel of Ruin
|move|p1a: Great Tusk|Ice Spinner|p2a: Ting-Lu
|-supereffective|p2a: Ting-Lu
|-damage|p2a: Ting-Lu|0 fnt
|faint|p2a: Ting-Lu
|
|
|switch|p2a: Amoonguss|Amoonguss, M|88/100
|-damage|p2a: Amoonguss|76/100|[from] Stealth Rock
|turn|25
|
|-end|p1a: Great Tusk|Protosynthesis|[silent]
|switch|p1a: Slowking|Slowking, M, tera:Water|100/100
|move|p2a: Amoonguss|Giga Drain|p1a: Slowking
|-supereffective|p1a: Slowking
|-damage|p1a: Slowking|70/100
|-heal|p2a: Amoonguss|90/100|[from] drain|[of] p1a: Slowking
|
|turn|26
|
|move|p1a: Slowking|Future Sight|p2a: Amoonguss
|-start|p1a: Slowking|move: Future Sight
|move|p2a: Amoonguss|Giga Drain|p1a: Slowking
|-supereffective|p1a: Slowking
|-damage|p1a: Slowking|41/100
|-heal|p2a: Amoonguss|100/100|[from] drain|[of] p1a: Slowking
|
|turn|27
|
|move|p1a: Slowking|Chilly Reception|p1a: Slowking
|-weather|Snow
|
|switch|p1a: Kingambit|Kingambit, F|100/100 slp|[from] Chilly Reception
|-damage|p1a: Kingambit|88/100 slp|[from] Spikes
|-damage|p1a: Kingambit|82/100 slp|[from] Stealth Rock
|-activate|p1a: Kingambit|ability: Supreme Overlord
|-start|p1a: Kingambit|fallen1|[silent]
|move|p2a: Amoonguss|Sludge Bomb|p1a: Kingambit
|-immune|p1a: Kingambit
|
|-weather|Snow|[upkeep]
|-heal|p1a: Kingambit|88/100 slp|[from] item: Leftovers
|turn|28
|
|-end|p1a: Kingambit|fallen1|[silent]
|switch|p1a: Slowking|Slowking, M, tera:Water|74/100
|move|p2a: Amoonguss|Foul Play|p1a: Slowking
|-damage|p1a: Slowking|63/100
|
|-weather|Snow|[upkeep]
|-end|p2a: Amoonguss|move: Future Sight
|-supereffective|p2a: Amoonguss
|-damage|p2a: Amoonguss|22/100
|turn|29
|
|move|p2a: Amoonguss|Giga Drain|p1a: Slowking
|-supereffective|p1a: Slowking
|-damage|p1a: Slowking|35/100
|-heal|p2a: Amoonguss|35/100|[from] drain|[of] p1a: Slowking
|move|p1a: Slowking|Chilly Reception|p1a: Slowking
|
|switch|p1a: Great Tusk|Great Tusk|57/100|[from] Chilly Reception
|-damage|p1a: Great Tusk|45/100|[from] Spikes
|-damage|p1a: Great Tusk|42/100|[from] Stealth Rock
|
|-weather|Snow|[upkeep]
|turn|30
|
|move|p1a: Great Tusk|Ice Spinner|p2a: Amoonguss
|-supereffective|p2a: Amoonguss
|-damage|p2a: Amoonguss|0 fnt
|faint|p2a: Amoonguss
|
|-weather|Snow|[upkeep]
|
|switch|p2a: Dragonite|Dragonite, M|100/100
|turn|31
|
|move|p1a: Great Tusk|Ice Spinner|p2a: Dragonite
|-supereffective|p2a: Dragonite
|-damage|p2a: Dragonite|17/100
|move|p2a: Dragonite|Dragon Dance|p2a: Dragonite
|-boost|p2a: Dragonite|atk|1
|-boost|p2a: Dragonite|spe|1
|
|-weather|none
|turn|32
|
|move|p2a: Dragonite|Earthquake|p1a: Great Tusk
|-damage|p1a: Great Tusk|0 fnt
|faint|p1a: Great Tusk
|-end|p1a: Great Tusk|Protosynthesis|[silent]
|
|
|switch|p1a: Dragapult|Dragapult, F|76/100
|-damage|p1a: Dragapult|64/100|[from] Spikes
|-damage|p1a: Dragapult|51/100|[from] Stealth Rock
|turn|33
|
|move|p1a: Dragapult|Hex|p2a: Dragonite
|-damage|p2a: Dragonite|0 fnt
|faint|p2a: Dragonite
|
|win|p1
