# advantage = p1
|poke|p1|Enamorus, F|
|poke|p1|Zamazenta-*|
|poke|p1|Azumarill, F|
|poke|p1|Glimmora, F|
|poke|p1|Dragapult, M|
|poke|p1|Kingambit, M|
|poke|p2|Corviknight, F|
|poke|p2|Cinderace, M|
|poke|p2|Landorus-Therian, M|
|poke|p2|Muk-Alola, M|
|poke|p2|Scream Tail|
|poke|p2|Great Tusk|
|teampreview
|
|start
|switch|p1a: clitorine|Glimmora, F|100/100
|switch|p2a: Landorus|Landorus-Therian, M|100/100
|-ability|p2a: Landorus|Intimidate|boost
|-unboost|p1a: clitorine|atk|1
|turn|1
|
|move|p2a: Landorus|Earth Power|p1a: clitorine
|-supereffective|p1a: clitorine
|-enditem|p1a: clitorine|Focus Sash
|-damage|p1a: clitorine|1/100
|-damage|p2a: Landorus|91/100|[from] item: Life Orb
|move|p1a: clitorine|Mortal Spin|p2a: Landorus
|-resisted|p2a: Landorus
|-damage|p2a: Landorus|89/100
|-status|p2a: Landorus|psn
|
|-damage|p2a: Landorus|76/100 psn|[from] psn
|turn|2
|
|switch|p1a: mocheté|Enamorus, F|100/100
|move|p2a: Landorus|Grass Knot|p1a: mocheté
|-resisted|p1a: mocheté
|-damage|p1a: mocheté|83/100
|-damage|p2a: Landorus|67/100 psn|[from] item: Life Orb
|
|-heal|p1a: mocheté|89/100|[from] item: Leftovers
|-damage|p2a: Landorus|54/100 psn|[from] psn
|turn|3
|
|switch|p2a: Muk|Muk-Alola, M|100/100
|move|p1a: mocheté|Taunt|p2a: Muk
|-start|p2a: Muk|move: Taunt
|
|-heal|p1a: mocheté|95/100|[from] item: Leftovers
|turn|4
|
|-terastallize|p1a: mocheté|Steel
|move|p1a: mocheté|Superpower|p2a: Muk
|-damage|p2a: Muk|60/100
|-boost|p1a: mocheté|atk|1
|-boost|p1a: mocheté|def|1
|move|p2a: Muk|Knock Off|p1a: mocheté
|-damage|p1a: mocheté|60/100
|-enditem|p1a: mocheté|Leftovers|[from] move: Knock Off|[of] p2a: Muk
|
|turn|5
|
|move|p1a: mocheté|Superpower|p2a: Muk
|-damage|p2a: Muk|0 fnt
|-boost|p1a: mocheté|atk|1
|-boost|p1a: mocheté|def|1
|faint|p2a: Muk
|
|
|switch|p2a: Cinderace|Cinderace, M|100/100
|turn|6
|
|switch|p1a: le flow|Azumarill, F, shiny|100/100
|move|p2a: Cinderace|Pyro Ball|p1a: le flow
|-resisted|p1a: le flow
|-crit|p1a: le flow
|-damage|p1a: le flow|58/100
|
|turn|7
|
|move|p2a: Cinderace|U-turn|p1a: le flow
|-start|p2a: Cinderace|typechange|Bug|[from] ability: Libero
|-resisted|p1a: le flow
|-damage|p1a: le flow|41/100
|-enditem|p1a: le flow|Sitrus Berry|[eat]
|-heal|p1a: le flow|66/100|[from] item: Sitrus Berry
|
|switch|p2a: Corviknight|Corviknight, F|100/100|[from] U-turn
|-ability|p2a: Corviknight|Pressure
|move|p1a: le flow|Liquidation|p2a: Corviknight
|-damage|p2a: Corviknight|66/100
|
|-heal|p2a: Corviknight|72/100|[from] item: Leftovers
|turn|8
|
|switch|p1a: clitorine|Glimmora, F|1/100
|move|p2a: Corviknight|Roost|p2a: Corviknight
|-heal|p2a: Corviknight|100/100
|-singleturn|p2a: Corviknight|move: Roost
|
|turn|9
|
|move|p1a: clitorine|Stealth Rock|p2a: Corviknight
|-sidestart|p2: p2|move: Stealth Rock
|move|p2a: Corviknight|Body Press|p1a: clitorine
|-damage|p1a: clitorine|0 fnt
|-activate|p1a: clitorine|ability: Toxic Debris
|-sidestart|p2: p2|move: Toxic Spikes
|faint|p1a: clitorine
|
|
|switch|p1a: mocheté|Enamorus, F, tera:Steel|60/100
|turn|10
|
|move|p1a: mocheté|Taunt|p2a: Corviknight
|-start|p2a: Corviknight|move: Taunt
|cant|p2a: Corviknight|move: Taunt|Defog
|
|turn|11
|
|move|p1a: mocheté|Superpower|p2a: Corviknight
|-damage|p2a: Corviknight|79/100
|-boost|p1a: mocheté|atk|1
|-boost|p1a: mocheté|def|1
|move|p2a: Corviknight|Body Press|p1a: mocheté
|-supereffective|p1a: mocheté
|-damage|p1a: mocheté|6/100
|
|-heal|p2a: Corviknight|85/100|[from] item: Leftovers
|turn|12
|
|switch|p1a: piou piou|Dragapult, M|100/100
|move|p2a: Corviknight|Brave Bird|p1a: piou piou
|-damage|p1a: piou piou|55/100
|-damage|p2a: Corviknight|73/100|[from] Recoil
|
|-heal|p2a: Corviknight|79/100|[from] item: Leftovers
|-end|p2a: Corviknight|move: Taunt
|turn|13
|
|move|p1a: piou piou|Fire Blast|p2a: Corviknight
|-supereffective|p2a: Corviknight
|-damage|p2a: Corviknight|4/100
|-damage|p1a: piou piou|45/100|[from] item: Life Orb
|move|p2a: Corviknight|Defog|p1a: piou piou
|-unboost|p1a: piou piou|evasion|1
|-sideend|p2: p2|Toxic Spikes|[from] move: Defog|[of] p2a: Corviknight
|-sideend|p2: p2|Stealth Rock|[from] move: Defog|[of] p2a: Corviknight
|
|-heal|p2a: Corviknight|10/100|[from] item: Leftovers
|turn|14
|
|switch|p2a: Scream Tail|Scream Tail|100/100
|move|p1a: piou piou|Shadow Ball|p2a: Scream Tail
|-supereffective|p2a: Scream Tail
|-damage|p2a: Scream Tail|43/100
|-damage|p1a: piou piou|35/100|[from] item: Life Orb
|
|-heal|p2a: Scream Tail|50/100|[from] item: Leftovers
|turn|15
|
|move|p2a: Scream Tail|Protect|p2a: Scream Tail
|-singleturn|p2a: Scream Tail|Protect
|move|p1a: piou piou|Shadow Ball|p2a: Scream Tail
|-activate|p2a: Scream Tail|move: Protect
|
|-heal|p2a: Scream Tail|56/100|[from] item: Leftovers
|turn|16
|
|move|p1a: piou piou|Shadow Ball|p2a: Scream Tail
|-supereffective|p2a: Scream Tail
|-damage|p2a: Scream Tail|0 fnt
|faint|p2a: Scream Tail
|-end|p2a: Scream Tail|Protosynthesis|[silent]
|-damage|p1a: piou piou|25/100|[from] item: Life Orb
|
|
|switch|p2a: Cinderace|Cinderace, M|100/100
|turn|17
|
|move|p1a: piou piou|Hydro Pump|p2a: Cinderace
|-supereffective|p2a: Cinderace
|-damage|p2a: Cinderace|0 fnt
|faint|p2a: Cinderace
|-damage|p1a: piou piou|16/100|[from] item: Life Orb
|
|-message|p2 forfeited.
|
|win|p1
