# advantage = p1
|poke|p1|Samurott-Hisui, M|
|poke|p1|Dragapult, F|
|poke|p1|Magearna|
|poke|p1|Volcarona, F|
|poke|p1|Zamazenta-*|
|poke|p1|Urshifu-*, M|
|poke|p2|Pawmot, F|
|poke|p2|Cresselia, F|
|poke|p2|Magearna|
|poke|p2|Heatran, F|
|poke|p2|Garchomp, M|
|poke|p2|Walking Wake|
|teampreview
|
|start
|switch|p1a: Samurott|Samurott-Hisui, M|100/100
|switch|p2a: Heatran|Heatran, F|100/100
|turn|1
|
|switch|p2a: Garchomp|Garchomp, M|100/100
|move|p1a: Samurott|Taunt|p2a: Garchomp
|-start|p2a: Garchomp|move: Taunt
|
|turn|2
|
|move|p2a: Garchomp|Draco Meteor|p1a: Samurott|[miss]
|-miss|p2a: Garchomp|p1a: Samurott
|move|p1a: Samurott|Ceaseless Edge|p2a: Garchomp
|-damage|p2a: Garchomp|55/100
|-sidestart|p2: p2|Spikes
|-damage|p1a: Samurott|88/100|[from] ability: Rough Skin|[of] p2a: Garchomp
|
|turn|3
|
|move|p2a: Garchomp|Draco Meteor|p1a: Samurott
|-damage|p1a: Samurott|0 fnt
|-unboost|p2a: Garchomp|spa|2
|faint|p1a: Samurott
|-damage|p2a: Garchomp|45/100|[from] item: Life Orb
|
|-end|p2a: Garchomp|move: Taunt
|
|switch|p1a: Dragapult|Dragapult, F|100/100
|turn|4
|
|move|p1a: Dragapult|Light Screen|p1a: Dragapult
|-sidestart|p1: p1|move: Light Screen
|move|p2a: Garchomp|Draco Meteor|p1a: Dragapult
|-supereffective|p1a: Dragapult
|-damage|p1a: Dragapult|61/100
|-unboost|p2a: Garchomp|spa|2
|-damage|p2a: Garchomp|36/100|[from] item: Life Orb
|
|turn|5
|
|move|p1a: Dragapult|Reflect|p1a: Dragapult
|-sidestart|p1: p1|Reflect
|move|p2a: Garchomp|Stealth Rock|p1a: Dragapult
|-sidestart|p1: p1|move: Stealth Rock
|
|turn|6
|
|switch|p1a: Zamazenta|Zamazenta|100/100
|-damage|p1a: Zamazenta|94/100|[from] Stealth Rock
|-ability|p1a: Zamazenta|Dauntless Shield|boost
|-boost|p1a: Zamazenta|def|1
|move|p2a: Garchomp|Earthquake|p1a: Zamazenta
|-damage|p1a: Zamazenta|80/100
|-damage|p2a: Garchomp|26/100|[from] item: Life Orb
|
|-heal|p1a: Zamazenta|86/100|[from] item: Leftovers
|turn|7
|
|switch|p2a: Magearna|Magearna|100/100
|-damage|p2a: Magearna|88/100|[from] Spikes
|move|p1a: Zamazenta|Substitute|p1a: Zamazenta
|-start|p1a: Zamazenta|Substitute
|-damage|p1a: Zamazenta|61/100
|
|-heal|p1a: Zamazenta|67/100|[from] item: Leftovers
|turn|8
|
|move|p1a: Zamazenta|Iron Defense|p1a: Zamazenta
|-boost|p1a: Zamazenta|def|2
|move|p2a: Magearna|Draining Kiss|p1a: Zamazenta
|-supereffective|p1a: Zamazenta
|-end|p1a: Zamazenta|Substitute
|-heal|p2a: Magearna|100/100|[from] drain|[of] p1a: Zamazenta
|
|-heal|p1a: Zamazenta|73/100|[from] item: Leftovers
|turn|9
|
|-terastallize|p2a: Magearna|Fairy
|move|p1a: Zamazenta|Body Press|p2a: Magearna
|-resisted|p2a: Magearna
|-damage|p2a: Magearna|58/100
|move|p2a: Magearna|Draining Kiss|p1a: Zamazenta
|-supereffective|p1a: Zamazenta
|-damage|p1a: Zamazenta|23/100
|-heal|p2a: Magearna|92/100|[from] drain|[of] p1a: Zamazenta
|
|-heal|p1a: Zamazenta|29/100|[from] item: Leftovers
|turn|10
|
|switch|p1a: Volcarona|Volcarona, F|100/100
|move|p2a: Magearna|Draining Kiss|p1a: Volcarona
|-resisted|p1a: Volcarona
|-damage|p1a: Volcarona|83/100
|-heal|p2a: Magearna|100/100|[from] drain|[of] p1a: Volcarona
|
|turn|11
|
|switch|p2a: Heatran|Heatran, F|100/100
|-damage|p2a: Heatran|88/100|[from] Spikes
|move|p1a: Volcarona|Quiver Dance|p1a: Volcarona
|-boost|p1a: Volcarona|spa|1
|-boost|p1a: Volcarona|spd|1
|-boost|p1a: Volcarona|spe|1
|
|-heal|p2a: Heatran|94/100|[from] item: Leftovers
|-sideend|p1: p1|move: Light Screen
|turn|12
|
|-terastallize|p1a: Volcarona|Ground
|move|p1a: Volcarona|Tera Blast|p2a: Heatran
|-supereffective|p2a: Heatran
|-damage|p2a: Heatran|0 fnt
|faint|p2a: Heatran
|
|-sideend|p1: p1|Reflect
|
|switch|p2a: Cresselia|Cresselia, F, shiny|100/100
|turn|13
|
|move|p1a: Volcarona|Fiery Dance|p2a: Cresselia
|-damage|p2a: Cresselia|61/100
|move|p2a: Cresselia|Psyshock|p1a: Volcarona
|-damage|p1a: Volcarona|50/100
|
|-heal|p2a: Cresselia|67/100|[from] item: Leftovers
|turn|14
|
|move|p1a: Volcarona|Fiery Dance|p2a: Cresselia
|-damage|p2a: Cresselia|31/100
|-boost|p1a: Volcarona|spa|1
|move|p2a: Cresselia|Moonlight|p2a: Cresselia
|-heal|p2a: Cresselia|81/100
|
|-heal|p2a: Cresselia|87/100|[from] item: Leftovers
|turn|15
|
|move|p1a: Volcarona|Fiery Dance|p2a: Cresselia
|-damage|p2a: Cresselia|33/100
|-boost|p1a: Volcarona|spa|1
|move|p2a: Cresselia|Psyshock|p1a: Volcarona
|-damage|p1a: Volcarona|19/100
|
|-heal|p2a: Cresselia|39/100|[from] item: Leftovers
|turn|16
|
|move|p1a: Volcarona|Fiery Dance|p2a: Cresselia
|-damage|p2a: Cresselia|0 fnt
|faint|p2a: Cresselia
|
|
|switch|p2a: Pawmot|Pawmot, F|100/100
|-damage|p2a: Pawmot|88/100|[from] Spikes
|turn|17
|
|move|p2a: Pawmot|Mach Punch|p1a: Volcarona
|-damage|p1a: Volcarona|0 fnt
|faint|p1a: Volcarona
|-damage|p2a: Pawmot|78/100|[from] item: Life Orb
|
|
|switch|p1a: Dragapult|Dragapult, F|61/100
|-damage|p1a: Dragapult|49/100|[from] Stealth Rock
|turn|18
|
|move|p1a: Dragapult|Reflect|p1a: Dragapult
|-sidestart|p1: p1|Reflect
|move|p2a: Pawmot|Revival Blessing|p2a: Pawmot
|
|-heal|p2: Cresselia|50/100|[from] move: Revival Blessing
|
|turn|19
|
|switch|p2a: Magearna|Magearna, tera:Fairy|100/100
|-damage|p2a: Magearna|88/100|[from] Spikes
|move|p1a: Dragapult|Light Screen|p1a: Dragapult
|-sidestart|p1: p1|move: Light Screen
|
|turn|20
|
|move|p1a: Dragapult|Curse|p2a: Magearna
|-start|p2a: Magearna|Curse|[of] p1a: Dragapult
|-damage|p1a: Dragapult|0 fnt
|faint|p1a: Dragapult
|-ability|p2a: Magearna|Soul-Heart|boost
|-boost|p2a: Magearna|spa|1
|move|p2a: Magearna|Spikes|p1: Dragapult
|-sidestart|p1: p1|Spikes
|
|-damage|p2a: Magearna|63/100|[from] Curse
|
|switch|p1a: Magearna|Magearna|100/100
|-damage|p1a: Magearna|94/100|[from] Stealth Rock
|-damage|p1a: Magearna|82/100|[from] Spikes
|turn|21
|
|switch|p2a: Cresselia|Cresselia, F, shiny|50/100
|move|p1a: Magearna|Iron Defense|p1a: Magearna
|-boost|p1a: Magearna|def|2
|
|-heal|p1a: Magearna|88/100|[from] item: Leftovers
|-heal|p2a: Cresselia|57/100|[from] item: Leftovers
|turn|22
|
|move|p1a: Magearna|Calm Mind|p1a: Magearna
|-boost|p1a: Magearna|spa|1
|-boost|p1a: Magearna|spd|1
|move|p2a: Cresselia|Thunder Wave|p1a: Magearna
|-status|p1a: Magearna|par
|
|-heal|p2a: Cresselia|63/100|[from] item: Leftovers
|-heal|p1a: Magearna|94/100 par|[from] item: Leftovers
|turn|23
|
|move|p2a: Cresselia|Lunar Dance|p2a: Cresselia
|faint|p2a: Cresselia
|-ability|p1a: Magearna|Soul-Heart|boost
|-boost|p1a: Magearna|spa|1
|cant|p1a: Magearna|par
|
|-heal|p1a: Magearna|99/100 par|[from] item: Leftovers
|
|switch|p2a: Pawmot|Pawmot, F|78/100
|-heal|p2a: Pawmot|100/100|[from] move: Lunar Dance
|-damage|p2a: Pawmot|88/100|[from] Spikes
|turn|24
|
|move|p2a: Pawmot|Revival Blessing|p2a: Pawmot
|
|-heal|p2: Heatran|50/100|[from] move: Revival Blessing
|cant|p1a: Magearna|par
|
|-heal|p1a: Magearna|100/100 par|[from] item: Leftovers
|turn|25
|
|switch|p2a: Heatran|Heatran, F|50/100
|-damage|p2a: Heatran|38/100|[from] Spikes
|move|p1a: Magearna|Calm Mind|p1a: Magearna
|-boost|p1a: Magearna|spa|1
|-boost|p1a: Magearna|spd|1
|
|-heal|p2a: Heatran|44/100|[from] item: Leftovers
|-sideend|p1: p1|Reflect
|turn|26
|
|move|p2a: Heatran|Taunt|p1a: Magearna
|-start|p1a: Magearna|move: Taunt
|move|p1a: Magearna|Stored Power|p2a: Heatran
|-resisted|p2a: Heatran
|-crit|p2a: Heatran
|-damage|p2a: Heatran|0 fnt
|faint|p2a: Heatran
|-ability|p1a: Magearna|Soul-Heart|boost
|-boost|p1a: Magearna|spa|1
|
|-sideend|p1: p1|move: Light Screen
|
|switch|p2a: Garchomp|Garchomp, M|26/100
|-damage|p2a: Garchomp|13/100|[from] Spikes
|turn|27
|
|move|p2a: Garchomp|Earthquake|p1a: Magearna
|-supereffective|p1a: Magearna
|-damage|p1a: Magearna|58/100 par
|-damage|p2a: Garchomp|4/100|[from] item: Life Orb
|move|p1a: Magearna|Stored Power|p2a: Garchomp
|-damage|p2a: Garchomp|0 fnt
|faint|p2a: Garchomp
|-ability|p1a: Magearna|Soul-Heart|boost
|-boost|p1a: Magearna|spa|1
|
|-heal|p1a: Magearna|64/100 par|[from] item: Leftovers
|
|switch|p2a: Walking Wake|Walking Wake|100/100
|-damage|p2a: Walking Wake|88/100|[from] Spikes
|-enditem|p2a: Walking Wake|Booster Energy
|-activate|p2a: Walking Wake|ability: Protosynthesis|[fromitem]
|-start|p2a: Walking Wake|protosynthesisspa
|turn|28
|
|move|p2a: Walking Wake|Flamethrower|p1a: Magearna
|-supereffective|p1a: Magearna
|-damage|p1a: Magearna|26/100 par
|cant|p1a: Magearna|par
|
|-heal|p1a: Magearna|32/100 par|[from] item: Leftovers
|-end|p1a: Magearna|move: Taunt
|turn|29
|-message|p1 forfeited.
|
|win|p2
