|poke|p1|Slowking-Galar, M|
|poke|p1|Great Tusk|
|poke|p1|Moltres-Galar|
|poke|p1|Skeledirge, M|
|poke|p1|Urshifu-*, M|
|poke|p1|Hatterene, F|
|poke|p2|Dragapult, F|
|poke|p2|Chien-Pao|
|poke|p2|Magearna|
|poke|p2|Sneasler, M|
|poke|p2|Thundurus-Therian, M|
|poke|p2|Volcarona, M|
|teampreview
|
|start
|switch|p1a: Lando V.3|Great Tusk|100/100
|switch|p2a: Dragapult|Dragapult, F|100/100
|turn|1
|
|move|p2a: Dragapult|Reflect|p2a: Dragapult
|-sidestart|p2: High Mighty Weasel|Reflect
|move|p1a: Lando V.3|Knock Off|p2a: Dragapult
|-supereffective|p2a: Dragapult
|-damage|p2a: Dragapult|59/100
|-enditem|p2a: Dragapult|Light Clay|[from] move: Knock Off|[of] p1a: Lando V.3
|
|turn|2
|
|move|p2a: Dragapult|Light Screen|p2a: Dragapult
|-sidestart|p2: High Mighty Weasel|move: Light Screen
|move|p1a: Lando V.3|Knock Off|p2a: Dragapult
|-supereffective|p2a: Dragapult
|-damage|p2a: Dragapult|32/100
|
|turn|3
|
|-end|p1a: Lando V.3|Protosynthesis|[silent]
|switch|p1a: Slowking|Slowking-Galar, M|100/100
|move|p2a: Dragapult|Will-O-Wisp|p1a: Slowking
|-status|p1a: Slowking|brn
|
|-damage|p1a: Slowking|94/100 brn|[from] brn
|turn|4
|
|move|p2a: Dragapult|Curse|p1a: Slowking
|-start|p1a: Slowking|Curse|[of] p2a: Dragapult
|-damage|p2a: Dragapult|0 fnt
|faint|p2a: Dragapult
|move|p1a: Slowking|Sludge Bomb|p2: Dragapult|[notarget]
|-fail|p1a: Slowking
|
|-damage|p1a: Slowking|88/100 brn|[from] brn
|-damage|p1a: Slowking|63/100 brn|[from] Curse
|player|p2|
|player|p2|High Mighty Weasel|fisherman-gen4
|
|switch|p2a: Thundurus|Thundurus-Therian, M|100/100
|turn|5
|player|p2|
|player|p2|High Mighty Weasel|fisherman-gen4
|
|switch|p1a: Lando V.3|Great Tusk|100/100
|move|p2a: Thundurus|Nasty Plot|p2a: Thundurus
|-boost|p2a: Thundurus|spa|2
|
|turn|6
|
|-end|p1a: Lando V.3|Protosynthesis|[silent]
|switch|p1a: Mag Is Balanced|Skeledirge, M|100/100
|move|p2a: Thundurus|Psychic|p1a: Mag Is Balanced
|-damage|p1a: Mag Is Balanced|74/100
|
|-sideend|p2: High Mighty Weasel|move: Light Screen
|turn|7
|
|-terastallize|p2a: Thundurus|Electric
|move|p2a: Thundurus|Thunderbolt|p1a: Mag Is Balanced
|-damage|p1a: Mag Is Balanced|25/100
|move|p1a: Mag Is Balanced|Torch Song|p2a: Thundurus
|-damage|p2a: Thundurus|61/100
|-boost|p1a: Mag Is Balanced|spa|1
|
|turn|8
|
|switch|p1a: Slowking|Slowking-Galar, M|97/100 brn
|move|p2a: Thundurus|Thunderbolt|p1a: Slowking
|-damage|p1a: Slowking|20/100 brn
|
|-damage|p1a: Slowking|13/100 brn|[from] brn
|-sideend|p2: High Mighty Weasel|Reflect
|turn|9
|
|move|p2a: Thundurus|Thunderbolt|p1a: Slowking
|-damage|p1a: Slowking|0 fnt
|faint|p1a: Slowking
|
|
|switch|p1a: Lando V.3|Great Tusk|100/100
|turn|10
|
|move|p1a: Lando V.3|Headlong Rush|p2a: Thundurus
|-supereffective|p2a: Thundurus
|-damage|p2a: Thundurus|0 fnt
|-unboost|p1a: Lando V.3|def|1
|-unboost|p1a: Lando V.3|spd|1
|faint|p2a: Thundurus
|
|
|switch|p2a: Magearna|Magearna|100/100
|turn|11
|
|-end|p1a: Lando V.3|Protosynthesis|[silent]
|switch|p1a: Mag Is Balanced|Skeledirge, M|25/100
|move|p2a: Magearna|Draining Kiss|p1a: Mag Is Balanced
|-resisted|p1a: Mag Is Balanced
|-damage|p1a: Mag Is Balanced|16/100
|
|turn|12
|
|switch|p2a: Chien-Pao|Chien-Pao|100/100
|-ability|p2a: Chien-Pao|Sword of Ruin
|move|p1a: Mag Is Balanced|Slack Off|p1a: Mag Is Balanced
|-heal|p1a: Mag Is Balanced|66/100
|
|turn|13
|
|switch|p1a: Reverse Uno|Hatterene, F|100/100
|move|p2a: Chien-Pao|Swords Dance|p2a: Chien-Pao
|-boost|p2a: Chien-Pao|atk|2
|
|turn|14
|
|move|p2a: Chien-Pao|Crunch|p1a: Reverse Uno
|-damage|p1a: Reverse Uno|10/100
|move|p1a: Reverse Uno|Draining Kiss|p2a: Chien-Pao
|-supereffective|p2a: Chien-Pao
|-crit|p2a: Chien-Pao
|-damage|p2a: Chien-Pao|0 fnt
|-heal|p1a: Reverse Uno|81/100|[from] drain|[of] p2a: Chien-Pao
|faint|p2a: Chien-Pao
|
|-heal|p1a: Reverse Uno|87/100|[from] item: Leftovers
|
|switch|p2a: Sneasler|Sneasler, M|100/100
|turn|15
|
|move|p2a: Sneasler|Dire Claw|p1a: Reverse Uno
|-supereffective|p1a: Reverse Uno
|-damage|p1a: Reverse Uno|0 fnt
|faint|p1a: Reverse Uno
|
|
|switch|p1a: Lando V.3|Great Tusk|100/100
|turn|16
|
|move|p1a: Lando V.3|Headlong Rush|p2a: Sneasler
|-supereffective|p2a: Sneasler
|-crit|p2a: Sneasler
|-damage|p2a: Sneasler|0 fnt
|-unboost|p1a: Lando V.3|def|1
|-unboost|p1a: Lando V.3|spd|1
|faint|p2a: Sneasler
|
|
|switch|p2a: Magearna|Magearna|100/100
|turn|17
|
|move|p1a: Lando V.3|Headlong Rush|p2a: Magearna
|-supereffective|p2a: Magearna
|-enditem|p2a: Magearna|Shuca Berry|[eat]
|-enditem|p2a: Magearna|Shuca Berry|[weaken]
|-damage|p2a: Magearna|51/100
|-unboost|p1a: Lando V.3|def|1
|-unboost|p1a: Lando V.3|spd|1
|move|p2a: Magearna|Shift Gear|p2a: Magearna
|-boost|p2a: Magearna|spe|2
|-boost|p2a: Magearna|atk|1
|
|turn|18
|
|-end|p1a: Lando V.3|Protosynthesis|[silent]
|switch|p1a: Mag Is Balanced|Skeledirge, M|66/100
|move|p2a: Magearna|Draining Kiss|p1a: Mag Is Balanced
|-resisted|p1a: Mag Is Balanced
|-damage|p1a: Mag Is Balanced|57/100
|-heal|p2a: Magearna|60/100|[from] drain|[of] p1a: Mag Is Balanced
|
|turn|19
|
|move|p2a: Magearna|Calm Mind|p2a: Magearna
|-boost|p2a: Magearna|spa|1
|-boost|p2a: Magearna|spd|1
|move|p1a: Mag Is Balanced|Slack Off|p1a: Mag Is Balanced
|-heal|p1a: Mag Is Balanced|100/100
|
|turn|20
|
|move|p2a: Magearna|Shift Gear|p2a: Magearna
|-boost|p2a: Magearna|spe|2
|-boost|p2a: Magearna|atk|1
|move|p1a: Mag Is Balanced|Torch Song|p2a: Magearna
|-supereffective|p2a: Magearna
|-damage|p2a: Magearna|1/100
|-boost|p1a: Mag Is Balanced|spa|1
|
|turn|21
|
|move|p2a: Magearna|Stored Power|p1a: Mag Is Balanced
|-damage|p1a: Mag Is Balanced|61/100
|move|p1a: Mag Is Balanced|Roar|p2a: Magearna
|drag|p2a: Volcarona|Volcarona, M|100/100
|
|turn|22
|
|move|p2a: Volcarona|Fiery Dance|p1a: Mag Is Balanced
|-resisted|p1a: Mag Is Balanced
|-damage|p1a: Mag Is Balanced|49/100
|move|p1a: Mag Is Balanced|Slack Off|p1a: Mag Is Balanced
|-heal|p1a: Mag Is Balanced|99/100
|
|turn|23
|
|move|p2a: Volcarona|Fiery Dance|p1a: Mag Is Balanced
|-resisted|p1a: Mag Is Balanced
|-damage|p1a: Mag Is Balanced|86/100
|-boost|p2a: Volcarona|spa|1
|move|p1a: Mag Is Balanced|Torch Song|p2a: Volcarona
|-damage|p2a: Volcarona|64/100
|-boost|p1a: Mag Is Balanced|spa|1
|
|turn|24
|-message|High Mighty Weasel forfeited.
|
|win|GamerLui95
