# advantage = p2
|poke|p1|Landorus-Therian, M|
|poke|p1|Corviknight, F|
|poke|p1|Garganacl, M|
|poke|p1|Samurott-Hisui, M|
|poke|p1|Braviary-Hisui, M|
|poke|p1|Zapdos|
|poke|p2|Iron Valiant|
|poke|p2|Cresselia, F|
|poke|p2|Dragapult, M|
|poke|p2|Samurott-Hisui, M|
|poke|p2|Ursaluna, F|
|poke|p2|Zamazenta-*|
|teampreview
|
|start
|switch|p1a: Zapdos|Zapdos|100/100
|switch|p2a: Samurott|Samurott-Hisui, M|100/100
|turn|1
|
|switch|p2a: Ursaluna|Ursaluna, F|100/100
|move|p1a: Zapdos|Volt Switch|p2a: Ursaluna
|-immune|p2a: Ursaluna
|
|-status|p2a: Ursaluna|brn|[from] item: Flame Orb
|turn|2
|
|move|p1a: Zapdos|Hurricane|p2a: Ursaluna
|-damage|p2a: Ursaluna|50/100 brn
|move|p2a: Ursaluna|Swords Dance|p2a: Ursaluna
|-boost|p2a: Ursaluna|atk|2
|
|-damage|p2a: Ursaluna|44/100 brn|[from] brn
|turn|3
|
|move|p1a: Zapdos|Hurricane|p2a: Ursaluna
|-damage|p2a: Ursaluna|0 fnt
|faint|p2a: Ursaluna
|
|
|switch|p2a: Iron Valiant|Iron Valiant|100/100
|turn|4
|
|move|p2a: Iron Valiant|Moonblast|p1a: Zapdos
|-damage|p1a: Zapdos|26/100
|-damage|p2a: Iron Valiant|91/100|[from] item: Life Orb
|move|p1a: Zapdos|Thunderbolt|p2a: Iron Valiant
|-damage|p2a: Iron Valiant|3/100
|
|turn|5
|
|switch|p1a: Garganacl|Garganacl, M|100/100
|move|p2a: Iron Valiant|Thunderbolt|p1a: Garganacl
|-damage|p1a: Garganacl|75/100
|-damage|p2a: Iron Valiant|0 fnt|[from] item: Life Orb
|faint|p2a: Iron Valiant
|-end|p2a: Iron Valiant|Quark Drive|[silent]
|
|-heal|p1a: Garganacl|81/100|[from] item: Leftovers
|
|switch|p2a: Samurott|Samurott-Hisui, M|100/100
|turn|6
|
|switch|p1a: Corviknight|Corviknight, F|100/100
|-ability|p1a: Corviknight|Pressure
|move|p2a: Samurott|Razor Shell|p1a: Corviknight|[miss]
|-miss|p2a: Samurott|p1a: Corviknight
|
|turn|7
|
|move|p2a: Samurott|Razor Shell|p1a: Corviknight
|-damage|p1a: Corviknight|69/100
|-damage|p2a: Samurott|84/100|[from] item: Rocky Helmet|[of] p1a: Corviknight
|move|p1a: Corviknight|U-turn|p2a: Samurott
|-supereffective|p2a: Samurott
|-damage|p2a: Samurott|48/100
|
|switch|p1a: Zapdos|Zapdos|26/100|[from] U-turn
|
|turn|8
|
|move|p2a: Samurott|Razor Shell|p1a: Zapdos
|-damage|p1a: Zapdos|0 fnt
|-status|p2a: Samurott|par|[from] ability: Static|[of] p1a: Zapdos
|faint|p1a: Zapdos
|
|
|switch|p1a: Landorus|Landorus-Therian, M|100/100
|-ability|p1a: Landorus|Intimidate|boost
|-unboost|p2a: Samurott|atk|1
|turn|9
|
|move|p1a: Landorus|U-turn|p2a: Samurott
|-supereffective|p2a: Samurott
|-damage|p2a: Samurott|0 fnt
|faint|p2a: Samurott
|
|switch|p1a: Braviary|Braviary-Hisui, M|100/100|[from] U-turn
|
|
|switch|p2a: Dragapult|Dragapult, M|100/100
|turn|10
|
|switch|p1a: Garganacl|Garganacl, M|81/100
|move|p2a: Dragapult|Draco Meteor|p1a: Garganacl|[miss]
|-miss|p2a: Dragapult|p1a: Garganacl
|
|-heal|p1a: Garganacl|87/100|[from] item: Leftovers
|turn|11
|
|move|p2a: Dragapult|Draco Meteor|p1a: Garganacl
|-damage|p1a: Garganacl|29/100
|-unboost|p2a: Dragapult|spa|2
|move|p1a: Garganacl|Salt Cure|p2a: Dragapult
|-damage|p2a: Dragapult|80/100
|-start|p2a: Dragapult|Salt Cure
|
|-heal|p1a: Garganacl|35/100|[from] item: Leftovers
|-damage|p2a: Dragapult|68/100|[from] Salt Cure
|turn|12
|
|switch|p2a: Zamazenta|Zamazenta-Crowned|100/100
|-ability|p2a: Zamazenta|Dauntless Shield|boost
|-boost|p2a: Zamazenta|def|1
|move|p1a: Garganacl|Salt Cure|p2a: Zamazenta
|-resisted|p2a: Zamazenta
|-damage|p2a: Zamazenta|99/100
|-start|p2a: Zamazenta|Salt Cure
|
|-heal|p1a: Garganacl|41/100|[from] item: Leftovers
|-damage|p2a: Zamazenta|74/100|[from] Salt Cure
|turn|13
|
|switch|p1a: Landorus|Landorus-Therian, M|100/100
|-ability|p1a: Landorus|Intimidate|boost
|-unboost|p2a: Zamazenta|atk|1
|move|p2a: Zamazenta|Body Press|p1a: Landorus
|-resisted|p1a: Landorus
|-damage|p1a: Landorus|61/100
|
|-damage|p2a: Zamazenta|50/100|[from] Salt Cure
|turn|14
|
|switch|p2a: Dragapult|Dragapult, M|68/100
|switch|p1a: Corviknight|Corviknight, F|69/100
|-ability|p1a: Corviknight|Pressure
|
|turn|15
|
|move|p2a: Dragapult|Fire Blast|p1a: Corviknight
|-supereffective|p1a: Corviknight
|-damage|p1a: Corviknight|0 fnt
|faint|p1a: Corviknight
|
|
|switch|p1a: Garganacl|Garganacl, M|41/100
|turn|16
|
|switch|p2a: Zamazenta|Zamazenta-Crowned|50/100
|move|p1a: Garganacl|Salt Cure|p2a: Zamazenta
|-resisted|p2a: Zamazenta
|-damage|p2a: Zamazenta|47/100
|-start|p2a: Zamazenta|Salt Cure
|
|-heal|p1a: Garganacl|48/100|[from] item: Leftovers
|-damage|p2a: Zamazenta|23/100|[from] Salt Cure
|turn|17
|
|switch|p1a: Braviary|Braviary-Hisui, M|100/100
|move|p2a: Zamazenta|Body Press|p1a: Braviary
|-resisted|p1a: Braviary
|-damage|p1a: Braviary|88/100
|
|-damage|p2a: Zamazenta|0 fnt|[from] Salt Cure
|faint|p2a: Zamazenta
|
|switch|p2a: Cresselia|Cresselia, F|100/100
|turn|18
|
|switch|p1a: Landorus|Landorus-Therian, M|61/100
|-ability|p1a: Landorus|Intimidate|boost
|-unboost|p2a: Cresselia|atk|1
|move|p2a: Cresselia|Calm Mind|p2a: Cresselia
|-boost|p2a: Cresselia|spa|1
|-boost|p2a: Cresselia|spd|1
|
|turn|19
|
|move|p1a: Landorus|Crunch|p2a: Cresselia
|-supereffective|p2a: Cresselia
|-damage|p2a: Cresselia|53/100
|-unboost|p2a: Cresselia|def|1
|move|p2a: Cresselia|Moonlight|p2a: Cresselia
|-heal|p2a: Cresselia|100/100
|
|turn|20
|
|switch|p2a: Dragapult|Dragapult, M|68/100
|move|p1a: Landorus|Crunch|p2a: Dragapult
|-supereffective|p2a: Dragapult
|-damage|p2a: Dragapult|0 fnt
|faint|p2a: Dragapult
|
|
|switch|p2a: Cresselia|Cresselia, F|100/100
|turn|21
|
|switch|p1a: Garganacl|Garganacl, M|48/100
|-terastallize|p2a: Cresselia|Steel
|move|p2a: Cresselia|Calm Mind|p2a: Cresselia
|-boost|p2a: Cresselia|spa|1
|-boost|p2a: Cresselia|spd|1
|
|-heal|p1a: Garganacl|54/100|[from] item: Leftovers
|turn|22
|
|-terastallize|p1a: Garganacl|Water
|move|p2a: Cresselia|Calm Mind|p2a: Cresselia
|-boost|p2a: Cresselia|spa|1
|-boost|p2a: Cresselia|spd|1
|move|p1a: Garganacl|Salt Cure|p2a: Cresselia
|-resisted|p2a: Cresselia
|-damage|p2a: Cresselia|97/100
|-start|p2a: Cresselia|Salt Cure
|
|-heal|p2a: Cresselia|100/100|[from] item: Leftovers
|-heal|p1a: Garganacl|60/100|[from] item: Leftovers
|-damage|p2a: Cresselia|75/100|[from] Salt Cure
|turn|23
|
|move|p2a: Cresselia|Stored Power|p1a: Garganacl
|-damage|p1a: Garganacl|23/100
|move|p1a: Garganacl|Recover|p1a: Garganacl
|-heal|p1a: Garganacl|73/100
|
|-heal|p2a: Cresselia|82/100|[from] item: Leftovers
|-heal|p1a: Garganacl|79/100|[from] item: Leftovers
|-damage|p2a: Cresselia|57/100|[from] Salt Cure
|turn|24
|-message|p2 forfeited.
|
|win|p1
