|poke|p1|Azumarill, F|
|poke|p1|Pelipper, F|
|poke|p1|Zapdos|
|poke|p1|Basculegion, M|
|poke|p1|Dragapult, F|
|poke|p1|Cinderace, F|
|poke|p2|Dragapult, F|
|poke|p2|Magearna|
|poke|p2|Zamazenta-*|
|poke|p2|Volcarona, M|
|poke|p2|Great Tusk|
|poke|p2|Thundurus-Therian, M|
|teampreview
|
|start
|switch|p1a: Pelipper|Pelipper, F|100/100
|switch|p2a: Thundurus|Thundurus-Therian, M|100/100
|-weather|RainDance|[from] ability: Drizzle|[of] p1a: Pelipper
|turn|1
|
|switch|p1a: Dragapult|Dragapult, F|100/100
|move|p2a: Thundurus|Thunderbolt|p1a: Dragapult
|-resisted|p1a: Dragapult
|-damage|p1a: Dragapult|67/100
|-start|p2a: Thundurus|Disable|Thunderbolt|[from] ability: Cursed Body|[of] p1a: Dragapult
|
|-weather|RainDance|[upkeep]
|turn|2
|
|switch|p2a: Volcarona|Volcarona, M|100/100
|move|p1a: Dragapult|Light Screen|p1a: Dragapult
|-sidestart|p1: p1|move: Light Screen
|
|-weather|RainDance|[upkeep]
|turn|3
|
|move|p1a: Dragapult|Reflect|p1a: Dragapult
|-sidestart|p1: p1|Reflect
|move|p2a: Volcarona|Quiver Dance|p2a: Volcarona
|-boost|p2a: Volcarona|spa|1
|-boost|p2a: Volcarona|spd|1
|-boost|p2a: Volcarona|spe|1
|
|-weather|RainDance|[upkeep]
|turn|4
|
|move|p2a: Volcarona|Quiver Dance|p2a: Volcarona
|-boost|p2a: Volcarona|spa|1
|-boost|p2a: Volcarona|spd|1
|-boost|p2a: Volcarona|spe|1
|move|p1a: Dragapult|Curse|p2a: Volcarona
|-start|p2a: Volcarona|Curse|[of] p1a: Dragapult
|-damage|p1a: Dragapult|17/100
|
|-weather|RainDance|[upkeep]
|-damage|p2a: Volcarona|76/100|[from] Curse
|turn|5
|
|move|p2a: Volcarona|Fiery Dance|p1a: Dragapult
|-resisted|p1a: Dragapult
|-damage|p1a: Dragapult|5/100
|-start|p2a: Volcarona|Disable|Fiery Dance|[from] ability: Cursed Body|[of] p1a: Dragapult
|move|p1a: Dragapult|Shadow Ball|p2a: Volcarona
|-damage|p2a: Volcarona|61/100
|
|-weather|RainDance|[upkeep]
|-damage|p2a: Volcarona|36/100|[from] Curse
|turn|6
|
|move|p2a: Volcarona|Giga Drain|p1a: Dragapult
|-resisted|p1a: Dragapult
|-damage|p1a: Dragapult|0 fnt
|-heal|p2a: Volcarona|39/100|[from] drain|[of] p1a: Dragapult
|faint|p1a: Dragapult
|
|-weather|RainDance|[upkeep]
|-damage|p2a: Volcarona|14/100|[from] Curse
|
|switch|p1a: Basculegion|Basculegion, M, shiny|100/100
|turn|7
|
|move|p1a: Basculegion|Aqua Jet|p2a: Volcarona
|-supereffective|p2a: Volcarona
|-damage|p2a: Volcarona|0 fnt
|faint|p2a: Volcarona
|
|-weather|RainDance|[upkeep]
|
|switch|p2a: Dragapult|Dragapult, F|100/100
|turn|8
|
|switch|p1a: Cinderace|Cinderace, F|100/100
|move|p2a: Dragapult|Will-O-Wisp|p1a: Cinderace
|-immune|p1a: Cinderace
|
|-weather|none
|turn|9
|
|move|p2a: Dragapult|Reflect|p2a: Dragapult
|-sidestart|p2: p2|Reflect
|move|p1a: Cinderace|U-turn|p2a: Dragapult
|-start|p1a: Cinderace|typechange|Bug|[from] ability: Libero
|-resisted|p2a: Dragapult
|-damage|p2a: Dragapult|92/100
|
|switch|p1a: Azumarill|Azumarill, F|100/100|[from] U-turn
|
|-sideend|p1: p1|move: Light Screen
|turn|10
|
|move|p2a: Dragapult|Will-O-Wisp|p1a: Azumarill
|-status|p1a: Azumarill|brn
|move|p1a: Azumarill|Belly Drum|p1a: Azumarill
|-damage|p1a: Azumarill|50/100 brn
|-setboost|p1a: Azumarill|atk|6|[from] move: Belly Drum
|-enditem|p1a: Azumarill|Sitrus Berry|[eat]
|-heal|p1a: Azumarill|75/100 brn|[from] item: Sitrus Berry
|
|-damage|p1a: Azumarill|69/100 brn|[from] brn
|-sideend|p1: p1|Reflect
|turn|11
|
|move|p2a: Dragapult|Hex|p1a: Azumarill
|-damage|p1a: Azumarill|20/100 brn
|move|p1a: Azumarill|Play Rough|p2a: Dragapult|[miss]
|-miss|p1a: Azumarill|p2a: Dragapult
|
|-damage|p1a: Azumarill|13/100 brn|[from] brn
|turn|12
|
|move|p1a: Azumarill|Aqua Jet|p2a: Dragapult
|-resisted|p2a: Dragapult
|-damage|p2a: Dragapult|78/100
|-start|p1a: Azumarill|Disable|Aqua Jet|[from] ability: Cursed Body|[of] p2a: Dragapult
|move|p2a: Dragapult|Hex|p1a: Azumarill
|-damage|p1a: Azumarill|0 fnt
|faint|p1a: Azumarill
|
|
|switch|p1a: Cinderace|Cinderace, F|100/100
|turn|13
|
|switch|p2a: Great Tusk|Great Tusk|100/100
|move|p1a: Cinderace|Court Change|p1a: Cinderace
|-start|p1a: Cinderace|typechange|Normal|[from] ability: Libero
|-swapsideconditions
|-activate|p1a: Cinderace|move: Court Change
|
|turn|14
|
|move|p1a: Cinderace|U-turn|p2a: Great Tusk
|-resisted|p2a: Great Tusk
|-damage|p2a: Great Tusk|93/100
|
|switch|p1a: Pelipper|Pelipper, F|100/100|[from] U-turn
|-weather|RainDance|[from] ability: Drizzle|[of] p1a: Pelipper
|move|p2a: Great Tusk|Stealth Rock|p1a: Pelipper
|-sidestart|p1: p1|move: Stealth Rock
|
|-weather|RainDance|[upkeep]
|turn|15
|
|-end|p2a: Great Tusk|Protosynthesis|[silent]
|switch|p2a: Dragapult|Dragapult, F|78/100
|move|p1a: Pelipper|U-turn|p2a: Dragapult
|-resisted|p2a: Dragapult
|-damage|p2a: Dragapult|72/100
|
|switch|p1a: Basculegion|Basculegion, M, shiny|100/100|[from] U-turn
|-damage|p1a: Basculegion|88/100|[from] Stealth Rock
|
|-weather|RainDance|[upkeep]
|turn|16
|
|-terastallize|p1a: Basculegion|Ghost
|move|p1a: Basculegion|Tera Blast|p2a: Dragapult
|-supereffective|p2a: Dragapult
|-damage|p2a: Dragapult|0 fnt
|faint|p2a: Dragapult
|
|-weather|RainDance|[upkeep]
|-sideend|p1: p1|Reflect
|
|switch|p2a: Zamazenta|Zamazenta|100/100
|-ability|p2a: Zamazenta|Dauntless Shield|boost
|-boost|p2a: Zamazenta|def|1
|turn|17
|
|switch|p1a: Zapdos|Zapdos|100/100
|-ability|p1a: Zapdos|Pressure
|move|p2a: Zamazenta|Iron Defense|p2a: Zamazenta
|-boost|p2a: Zamazenta|def|2
|
|-weather|RainDance|[upkeep]
|turn|18
|
|-terastallize|p2a: Zamazenta|Water
|move|p2a: Zamazenta|Body Press|p1a: Zapdos
|-resisted|p1a: Zapdos
|-damage|p1a: Zapdos|42/100
|move|p1a: Zapdos|Hurricane|p2a: Zamazenta
|-damage|p2a: Zamazenta|50/100
|-start|p2a: Zamazenta|confusion
|
|-weather|RainDance|[upkeep]
|-heal|p2a: Zamazenta|56/100|[from] item: Leftovers
|turn|19
|
|-activate|p2a: Zamazenta|confusion
|move|p2a: Zamazenta|Body Press|p1a: Zapdos
|-resisted|p1a: Zapdos
|-damage|p1a: Zapdos|0 fnt
|faint|p1a: Zapdos
|
|-weather|RainDance|[upkeep]
|-heal|p2a: Zamazenta|62/100|[from] item: Leftovers
|
|switch|p1a: Basculegion|Basculegion, M, shiny, tera:Ghost|88/100
|-damage|p1a: Basculegion|76/100|[from] Stealth Rock
|turn|20
|
|move|p1a: Basculegion|Phantom Force||[still]
|-prepare|p1a: Basculegion|Phantom Force
|-end|p2a: Zamazenta|confusion
|move|p2a: Zamazenta|Crunch|p1a: Basculegion|[miss]
|-miss|p2a: Zamazenta|p1a: Basculegion
|
|-weather|RainDance|[upkeep]
|-heal|p2a: Zamazenta|68/100|[from] item: Leftovers
|turn|21
|
|move|p1a: Basculegion|Phantom Force|p2a: Zamazenta|[from]lockedmove
|-damage|p2a: Zamazenta|38/100
|move|p2a: Zamazenta|Crunch|p1a: Basculegion
|-supereffective|p1a: Basculegion
|-damage|p1a: Basculegion|19/100
|
|-weather|none
|-heal|p2a: Zamazenta|44/100|[from] item: Leftovers
|turn|22
|-message|p1 forfeited.
|
|win|p2
