|poke|p1|Basculegion, M|
|poke|p1|Pelipper, M|
|poke|p1|Amoonguss, F|
|poke|p1|Pawmot, M|
|poke|p1|Zapdos|
|poke|p1|Great Tusk|
|poke|p2|Electrode-Hisui|
|poke|p2|Pelipper, F|
|poke|p2|Basculegion, M|
|poke|p2|Dondozo, M|
|poke|p2|Slowking, M|
|poke|p2|Magearna|
|teampreview
|
|start
|switch|p1a: Zapdos|Zapdos|100/100
|switch|p2a: Electrode|Electrode-Hisui|100/100
|turn|1
|
|-terastallize|p2a: Electrode|Ice
|move|p2a: Electrode|Tera Blast|p1a: Zapdos
|-supereffective|p1a: Zapdos
|-damage|p1a: Zapdos|5/100
|move|p1a: Zapdos|Hurricane|p2a: Electrode
|-damage|p2a: Electrode|0 fnt
|faint|p2a: Electrode
|
|
|switch|p2a: Magearna|Magearna|100/100
|turn|2
|
|switch|p1a: Amoonguss|Amoonguss, F|100/100
|move|p2a: Magearna|Volt Switch|p1a: Amoonguss
|-resisted|p1a: Amoonguss
|-damage|p1a: Amoonguss|89/100
|-enditem|p1a: Amoonguss|Eject Button
|
|switch|p1a: Great Tusk|Great Tusk|100/100
|
|turn|3
|
|switch|p2a: Dondozo|Dondozo, M|100/100
|move|p1a: Great Tusk|Stealth Rock|p2a: Dondozo
|-sidestart|p2: p2|move: Stealth Rock
|
|turn|4
|
|-end|p1a: Great Tusk|Protosynthesis|[silent]
|switch|p1a: Pelipper|Pelipper, M|100/100
|-weather|RainDance|[from] ability: Drizzle|[of] p1a: Pelipper
|move|p2a: Dondozo|Liquidation|p1a: Pelipper
|-resisted|p1a: Pelipper
|-damage|p1a: Pelipper|85/100
|
|-weather|RainDance|[upkeep]
|turn|5
|
|switch|p2a: Magearna|Magearna|100/100
|-damage|p2a: Magearna|95/100|[from] Stealth Rock
|move|p1a: Pelipper|U-turn|p2a: Magearna
|-resisted|p2a: Magearna
|-damage|p2a: Magearna|93/100
|
|switch|p1a: Basculegion|Basculegion, M|100/100|[from] U-turn
|
|-weather|RainDance|[upkeep]
|-heal|p2a: Magearna|99/100|[from] item: Leftovers
|turn|6
|
|move|p1a: Basculegion|Wave Crash|p2a: Magearna
|-damage|p2a: Magearna|0 fnt
|faint|p2a: Magearna
|-damage|p1a: Basculegion|75/100|[from] Recoil
|
|-weather|RainDance|[upkeep]
|
|switch|p2a: Basculegion|Basculegion, M|100/100
|-damage|p2a: Basculegion|88/100|[from] Stealth Rock
|turn|7
|
|switch|p1a: Amoonguss|Amoonguss, F|100/100
|move|p2a: Basculegion|Crunch|p1a: Amoonguss
|-damage|p1a: Amoonguss|71/100
|-unboost|p1a: Amoonguss|def|1
|
|-weather|RainDance|[upkeep]
|turn|8
|
|switch|p2a: Slowking|Slowking, M|100/100
|switch|p1a: Zapdos|Zapdos|5/100
|
|-weather|RainDance|[upkeep]
|turn|9
|
|move|p1a: Zapdos|Thunder|p2a: Slowking
|-supereffective|p2a: Slowking
|-damage|p2a: Slowking|1/100
|move|p2a: Slowking|Future Sight|p1a: Zapdos
|-start|p2a: Slowking|move: Future Sight
|
|-weather|RainDance|[upkeep]
|turn|10
|
|move|p1a: Zapdos|Thunder|p2a: Slowking
|-supereffective|p2a: Slowking
|-damage|p2a: Slowking|0 fnt
|faint|p2a: Slowking
|
|-weather|RainDance|[upkeep]
|
|switch|p2a: Basculegion|Basculegion, M|88/100
|-damage|p2a: Basculegion|76/100|[from] Stealth Rock
|turn|11
|
|move|p2a: Basculegion|Psychic Fangs|p1a: Zapdos
|-damage|p1a: Zapdos|0 fnt
|-status|p2a: Basculegion|par|[from] ability: Static|[of] p1a: Zapdos
|faint|p1a: Zapdos
|
|-weather|none
|-hint|Future Sight did not hit because the target is fainted.
|-message|p2 forfeited.
|
|win|p1
