|poke|p1|Cresselia, F|
|poke|p1|Glastrier|
|poke|p1|Hatterene, F|
|poke|p1|Slowking-Galar, F|
|poke|p1|Ursaluna, M|
|poke|p1|Azumarill, F|
|poke|p2|Dragapult, M|
|poke|p2|Kingambit, M|
|poke|p2|Gholdengo|
|poke|p2|Iron Valiant|
|poke|p2|Rotom-Wash|
|poke|p2|Garchomp, M|
|teampreview
|
|start
|switch|p1a: Hatterene|Hatterene, F|100/100
|switch|p2a: Dragapult|Dragapult, M, shiny|100/100
|turn|1
|
|-terastallize|p2a: Dragapult|Ghost
|move|p2a: Dragapult|Tera Blast|p1a: Hatterene
|-supereffective|p1a: Hatterene
|-damage|p1a: Hatterene|0 fnt
|faint|p1a: Hatterene
|
|
|switch|p1a: Ursaluna|Ursaluna, M|100/100
|turn|2
|
|switch|p2a: Rotom|Rotom-Wash, shiny|100/100
|move|p1a: Ursaluna|Shadow Claw|p2a: Rotom
|-crit|p2a: Rotom
|-damage|p2a: Rotom|46/100
|
|-status|p1a: Ursaluna|brn|[from] item: Flame Orb
|turn|3
|
|switch|p1a: Cresselia|Cresselia, F|100/100
|move|p2a: Rotom|Hydro Pump|p1a: Cresselia
|-damage|p1a: Cresselia|77/100
|
|-heal|p1a: Cresselia|83/100|[from] item: Leftovers
|turn|4
|
|switch|p2a: Kingambit|Kingambit, M, shiny|100/100
|move|p1a: Cresselia|Trick Room|p1a: Cresselia
|-fieldstart|move: Trick Room|[of] p1a: Cresselia
|
|-heal|p1a: Cresselia|89/100|[from] item: Leftovers
|turn|5
|
|switch|p1a: Azumarill|Azumarill, F|100/100
|move|p2a: Kingambit|Swords Dance|p2a: Kingambit
|-boost|p2a: Kingambit|atk|2
|
|turn|6
|
|move|p1a: Azumarill|Belly Drum|p1a: Azumarill
|-damage|p1a: Azumarill|50/100
|-setboost|p1a: Azumarill|atk|6|[from] move: Belly Drum
|-enditem|p1a: Azumarill|Sitrus Berry|[eat]
|-heal|p1a: Azumarill|75/100|[from] item: Sitrus Berry
|move|p2a: Kingambit|Swords Dance|p2a: Kingambit
|-boost|p2a: Kingambit|atk|2
|
|turn|7
|
|move|p2a: Kingambit|Sucker Punch|p1a: Azumarill
|-resisted|p1a: Azumarill
|-damage|p1a: Azumarill|10/100
|move|p1a: Azumarill|Play Rough|p2a: Kingambit
|-damage|p2a: Kingambit|0 fnt
|faint|p2a: Kingambit
|-end|p2a: Kingambit|fallenundefined|[silent]
|
|
|switch|p2a: Dragapult|Dragapult, M, shiny, tera:Ghost|100/100
|turn|8
|
|move|p2a: Dragapult|Sucker Punch|p1a: Azumarill
|-resisted|p1a: Azumarill
|-damage|p1a: Azumarill|0 fnt
|faint|p1a: Azumarill
|
|-fieldend|move: Trick Room
|
|switch|p1a: Slowking|Slowking-Galar, F|100/100
|turn|9
|
|switch|p2a: Garchomp|Garchomp, M, shiny|100/100
|move|p1a: Slowking|Trick Room|p1a: Slowking
|-fieldstart|move: Trick Room|[of] p1a: Slowking
|
|turn|10
|
|move|p1a: Slowking|Chilly Reception|p1a: Slowking
|-weather|Snow
|
|switch|p1a: Glastrier|Glastrier|100/100|[from] Chilly Reception
|move|p2a: Garchomp|Stealth Rock|p1a: Glastrier
|-sidestart|p1: p1|move: Stealth Rock
|
|-weather|Snow|[upkeep]
|turn|11
|
|move|p1a: Glastrier|Swords Dance|p1a: Glastrier
|-boost|p1a: Glastrier|atk|2
|move|p2a: Garchomp|Fire Blast|p1a: Glastrier
|-supereffective|p1a: Glastrier
|-damage|p1a: Glastrier|42/100
|-damage|p2a: Garchomp|91/100|[from] item: Life Orb
|
|-weather|Snow|[upkeep]
|turn|12
|
|switch|p2a: Rotom|Rotom-Wash, shiny|46/100
|move|p1a: Glastrier|Icicle Crash|p2a: Rotom
|-resisted|p2a: Rotom
|-damage|p2a: Rotom|0 fnt
|faint|p2a: Rotom
|-ability|p1a: Glastrier|Chilling Neigh|boost
|-boost|p1a: Glastrier|atk|1
|
|-weather|Snow|[upkeep]
|
|switch|p2a: Dragapult|Dragapult, M, shiny, tera:Ghost|100/100
|turn|13
|
|move|p1a: Glastrier|Protect|p1a: Glastrier
|-singleturn|p1a: Glastrier|Protect
|move|p2a: Dragapult|Tera Blast|p1a: Glastrier
|-activate|p1a: Glastrier|move: Protect
|
|-weather|Snow|[upkeep]
|-fieldend|move: Trick Room
|turn|14
|
|switch|p2a: Garchomp|Garchomp, M, shiny|91/100
|move|p1a: Glastrier|Icicle Crash|p2a: Garchomp
|-supereffective|p2a: Garchomp
|-damage|p2a: Garchomp|0 fnt
|faint|p2a: Garchomp
|-ability|p1a: Glastrier|Chilling Neigh|boost
|-boost|p1a: Glastrier|atk|1
|
|-weather|none
|
|switch|p2a: Dragapult|Dragapult, M, shiny, tera:Ghost|100/100
|turn|15
|
|move|p1a: Glastrier|Protect|p1a: Glastrier
|-singleturn|p1a: Glastrier|Protect
|move|p2a: Dragapult|Dragon Darts|p1a: Glastrier
|-activate|p1a: Glastrier|move: Protect
|
|turn|16
|
|move|p2a: Dragapult|Dragon Darts|p1a: Glastrier
|-damage|p1a: Glastrier|15/100
|-anim|p2a: Dragapult|Dragon Darts|p1a: Glastrier
|-damage|p1a: Glastrier|0 fnt
|faint|p1a: Glastrier
|
|
|switch|p1a: Cresselia|Cresselia, F|89/100
|-damage|p1a: Cresselia|77/100|[from] Stealth Rock
|turn|17
|
|move|p2a: Dragapult|Dragon Darts|p1a: Cresselia
|-crit|p1a: Cresselia
|-damage|p1a: Cresselia|31/100
|-anim|p2a: Dragapult|Dragon Darts|p1a: Cresselia
|-damage|p1a: Cresselia|2/100
|move|p1a: Cresselia|Thunder Wave|p2a: Dragapult
|-status|p2a: Dragapult|par
|
|-heal|p1a: Cresselia|8/100|[from] item: Leftovers
|turn|18
|
|move|p2a: Dragapult|Dragon Darts|p1a: Cresselia
|-damage|p1a: Cresselia|0 fnt
|faint|p1a: Cresselia
|
|
|switch|p1a: Slowking|Slowking-Galar, F|100/100
|-damage|p1a: Slowking|88/100|[from] Stealth Rock
|turn|19
|
|cant|p2a: Dragapult|par
|move|p1a: Slowking|Trick Room|p1a: Slowking
|-fieldstart|move: Trick Room|[of] p1a: Slowking
|
|-heal|p1a: Slowking|94/100|[from] item: Black Sludge
|turn|20
|
|switch|p1a: Ursaluna|Ursaluna, M|100/100 brn
|-damage|p1a: Ursaluna|94/100 brn|[from] Stealth Rock
|move|p2a: Dragapult|Dragon Darts|p1a: Ursaluna
|-damage|p1a: Ursaluna|67/100 brn
|-anim|p2a: Dragapult|Dragon Darts|p1a: Ursaluna
|-damage|p1a: Ursaluna|38/100 brn
|
|-damage|p1a: Ursaluna|32/100 brn|[from] brn
|turn|21
|
|move|p1a: Ursaluna|Shadow Claw|p2a: Dragapult
|-supereffective|p2a: Dragapult
|-damage|p2a: Dragapult|0 fnt
|faint|p2a: Dragapult
|
|-damage|p1a: Ursaluna|26/100 brn|[from] brn
|
|switch|p2a: Gholdengo|Gholdengo|100/100
|turn|22
|
|move|p1a: Ursaluna|High Horsepower|p2a: Gholdengo
|-supereffective|p2a: Gholdengo
|-damage|p2a: Gholdengo|0 fnt
|faint|p2a: Gholdengo
|
|-damage|p1a: Ursaluna|20/100 brn|[from] brn
|
|switch|p2a: Iron Valiant|Iron Valiant, shiny|100/100
|-enditem|p2a: Iron Valiant|Booster Energy
|-activate|p2a: Iron Valiant|ability: Quark Drive|[fromitem]
|-start|p2a: Iron Valiant|quarkdrivespe
|turn|23
|
|-terastallize|p1a: Ursaluna|Normal
|move|p1a: Ursaluna|Facade|p2a: Iron Valiant
|-damage|p2a: Iron Valiant|0 fnt
|faint|p2a: Iron Valiant
|-end|p2a: Iron Valiant|Quark Drive|[silent]
|
|win|p1
