# advantage = p1
|poke|p1|Enamorus, F|
|poke|p1|Great Tusk|
|poke|p1|Heatran, F|
|poke|p1|Sneasler, M|
|poke|p1|Hoopa-Unbound|
|poke|p1|Goodra-Hisui, M|
|poke|p2|Avalugg-Hisui, M|
|poke|p2|Maushold-Four|
|poke|p2|Cinderace, M|
|poke|p2|Great Tusk|
|poke|p2|Garganacl, M|
|poke|p2|Clodsire, M|
|teampreview
|
|start
|switch|p1a: Sneasler|Sneasler, M|100/100
|switch|p2a: Clodsire|Clodsire, M|100/100
|turn|1
|
|-terastallize|p1a: Sneasler|Ice
|move|p1a: Sneasler|Tera Blast|p2a: Clodsire
|-supereffective|p2a: Clodsire
|-damage|p2a: Clodsire|7/100
|move|p2a: Clodsire|Stealth Rock|p1a: Sneasler
|-sidestart|p1: p1|move: Stealth Rock
|
|turn|2
|
|move|p1a: Sneasler|Tera Blast|p2a: Clodsire
|-supereffective|p2a: Clodsire
|-damage|p2a: Clodsire|0 fnt
|faint|p2a: Clodsire
|
|
|switch|p2a: Cinderace|Cinderace, M|100/100
|turn|3
|
|switch|p1a: Heatran|Heatran, F|100/100
|-damage|p1a: Heatran|88/100|[from] Stealth Rock
|move|p2a: Cinderace|Pyro Ball|p1a: Heatran
|-start|p1a: Heatran|ability: Flash Fire
|
|-heal|p1a: Heatran|94/100|[from] item: Leftovers
|turn|4
|
|move|p2a: Cinderace|High Jump Kick|p1a: Heatran
|-start|p2a: Cinderace|typechange|Fighting|[from] ability: Libero
|-supereffective|p1a: Heatran
|-damage|p1a: Heatran|0 fnt
|faint|p1a: Heatran
|
|
|switch|p1a: Enamorus|Enamorus, F|100/100
|-damage|p1a: Enamorus|76/100|[from] Stealth Rock
|turn|5
|
|move|p2a: Cinderace|Gunk Shot|p1a: Enamorus
|-supereffective|p1a: Enamorus
|-damage|p1a: Enamorus|0 fnt
|faint|p1a: Enamorus
|
|
|switch|p1a: Sneasler|Sneasler, M, tera:Ice|100/100
|-damage|p1a: Sneasler|76/100|[from] Stealth Rock
|turn|6
|
|move|p1a: Sneasler|U-turn|p2a: Cinderace
|-resisted|p2a: Cinderace
|-damage|p2a: Cinderace|83/100
|-status|p2a: Cinderace|psn|[from] ability: Poison Touch|[of] p1a: Sneasler
|
|switch|p1a: Great Tusk|Great Tusk|100/100|[from] U-turn
|-damage|p1a: Great Tusk|98/100|[from] Stealth Rock
|move|p2a: Cinderace|Pyro Ball|p1a: Great Tusk
|-damage|p1a: Great Tusk|79/100
|
|-heal|p1a: Great Tusk|85/100|[from] item: Leftovers
|-damage|p2a: Cinderace|71/100 psn|[from] psn
|turn|7
|
|switch|p2a: Avalugg|Avalugg-Hisui, M|100/100
|move|p1a: Great Tusk|Rapid Spin|p2a: Avalugg
|-resisted|p2a: Avalugg
|-damage|p2a: Avalugg|97/100
|-boost|p1a: Great Tusk|spe|1
|-sideend|p1: p1|Stealth Rock|[from] move: Rapid Spin|[of] p1a: Great Tusk
|
|-heal|p1a: Great Tusk|91/100|[from] item: Leftovers
|turn|8
|
|move|p1a: Great Tusk|Knock Off|p2a: Avalugg
|-damage|p2a: Avalugg|85/100
|-enditem|p2a: Avalugg|Assault Vest|[from] move: Knock Off|[of] p1a: Great Tusk
|move|p2a: Avalugg|Mountain Gale|p1a: Great Tusk
|-supereffective|p1a: Great Tusk
|-crit|p1a: Great Tusk
|-damage|p1a: Great Tusk|34/100
|
|-heal|p1a: Great Tusk|40/100|[from] item: Leftovers
|turn|9
|
|move|p1a: Great Tusk|Stealth Rock|p2a: Avalugg
|-sidestart|p2: p2|move: Stealth Rock
|move|p2a: Avalugg|Mountain Gale|p1a: Great Tusk|[miss]
|-miss|p2a: Avalugg|p1a: Great Tusk
|
|-heal|p1a: Great Tusk|46/100|[from] item: Leftovers
|turn|10
|
|-end|p1a: Great Tusk|Protosynthesis|[silent]
|switch|p1a: Goodra|Goodra-Hisui, M|100/100
|move|p2a: Avalugg|Mountain Gale|p1a: Goodra
|-damage|p1a: Goodra|61/100
|
|-heal|p1a: Goodra|67/100|[from] item: Leftovers
|turn|11
|
|move|p1a: Goodra|Acid Armor|p1a: Goodra
|-boost|p1a: Goodra|def|2
|move|p2a: Avalugg|Rapid Spin|p1a: Goodra
|-resisted|p1a: Goodra
|-damage|p1a: Goodra|63/100
|-boost|p2a: Avalugg|spe|1
|-sideend|p2: p2|Stealth Rock|[from] move: Rapid Spin|[of] p2a: Avalugg
|
|-heal|p1a: Goodra|69/100|[from] item: Leftovers
|turn|12
|
|move|p2a: Avalugg|Earthquake|p1a: Goodra
|-supereffective|p1a: Goodra
|-damage|p1a: Goodra|44/100
|move|p1a: Goodra|Acid Armor|p1a: Goodra
|-boost|p1a: Goodra|def|2
|
|-heal|p1a: Goodra|50/100|[from] item: Leftovers
|turn|13
|
|move|p2a: Avalugg|Earthquake|p1a: Goodra
|-supereffective|p1a: Goodra
|-damage|p1a: Goodra|33/100
|move|p1a: Goodra|Acid Armor|p1a: Goodra
|-boost|p1a: Goodra|def|2
|
|-heal|p1a: Goodra|39/100|[from] item: Leftovers
|turn|14
|
|move|p2a: Avalugg|Earthquake|p1a: Goodra
|-supereffective|p1a: Goodra
|-damage|p1a: Goodra|26/100
|move|p1a: Goodra|Body Press|p2a: Avalugg
|-supereffective|p2a: Avalugg
|-damage|p2a: Avalugg|0 fnt
|faint|p2a: Avalugg
|
|-heal|p1a: Goodra|32/100|[from] item: Leftovers
|
|switch|p2a: Great Tusk|Great Tusk|100/100
|turn|15
|
|-terastallize|p2a: Great Tusk|Fighting
|move|p2a: Great Tusk|Close Combat|p1a: Goodra
|-supereffective|p1a: Goodra
|-damage|p1a: Goodra|0 fnt
|-unboost|p2a: Great Tusk|def|1
|-unboost|p2a: Great Tusk|spd|1
|faint|p1a: Goodra
|
|
|switch|p1a: Sneasler|Sneasler, M, tera:Ice|76/100
|turn|16
|
|move|p1a: Sneasler|Tera Blast|p2a: Great Tusk
|-crit|p2a: Great Tusk
|-damage|p2a: Great Tusk|26/100
|move|p2a: Great Tusk|Iron Head|p1a: Sneasler
|-supereffective|p1a: Sneasler
|-damage|p1a: Sneasler|0 fnt
|faint|p1a: Sneasler
|
|
|switch|p1a: Hoopa|Hoopa-Unbound|100/100
|turn|17
|
|move|p1a: Hoopa|Gunk Shot|p2a: Great Tusk
|-damage|p2a: Great Tusk|0 fnt
|faint|p2a: Great Tusk
|-end|p2a: Great Tusk|Protosynthesis|[silent]
|
|
|switch|p2a: Cinderace|Cinderace, M|71/100 psn
|turn|18
|
|switch|p1a: Great Tusk|Great Tusk|46/100
|move|p2a: Cinderace|U-turn|p1a: Great Tusk
|-start|p2a: Cinderace|typechange|Bug|[from] ability: Libero
|-resisted|p1a: Great Tusk
|-damage|p1a: Great Tusk|39/100
|
|switch|p2a: Maushold|Maushold-Four|100/100|[from] U-turn
|
|-heal|p1a: Great Tusk|45/100|[from] item: Leftovers
|turn|19
|
|move|p2a: Maushold|Population Bomb|p1a: Great Tusk
|-damage|p1a: Great Tusk|40/100
|-hitcount|p1a: Great Tusk|1
|move|p1a: Great Tusk|Earthquake|p2a: Maushold
|-damage|p2a: Maushold|33/100
|
|-heal|p1a: Great Tusk|46/100|[from] item: Leftovers
|turn|20
|
|move|p2a: Maushold|Population Bomb|p1a: Great Tusk
|-damage|p1a: Great Tusk|41/100
|-damage|p1a: Great Tusk|36/100
|-damage|p1a: Great Tusk|31/100
|-damage|p1a: Great Tusk|26/100
|-damage|p1a: Great Tusk|21/100
|-damage|p1a: Great Tusk|15/100
|-crit|p1a: Great Tusk
|-damage|p1a: Great Tusk|8/100
|-crit|p1a: Great Tusk
|-damage|p1a: Great Tusk|1/100
|-damage|p1a: Great Tusk|0 fnt
|faint|p1a: Great Tusk
|-end|p1a: Great Tusk|Protosynthesis|[silent]
|-hitcount|p1: Great Tusk|9
|
|
|switch|p1a: Hoopa|Hoopa-Unbound|100/100
|turn|21
|
|move|p2a: Maushold|Population Bomb|p1a: Hoopa
|-damage|p1a: Hoopa|83/100
|-damage|p1a: Hoopa|64/100
|-damage|p1a: Hoopa|45/100
|-damage|p1a: Hoopa|26/100
|-damage|p1a: Hoopa|9/100
|-damage|p1a: Hoopa|0 fnt
|faint|p1a: Hoopa
|-hitcount|p1: Hoopa|6
|
|win|p2
