# advantage = p2
|poke|p1|Volcanion|
|poke|p1|Greninja, M|
|poke|p1|Meowscarada, M|
|poke|p1|Toxapex, M|
|poke|p1|Great Tusk|
|poke|p1|Iron Valiant|
|poke|p2|Torkoal, F|
|poke|p2|Typhlosion-Hisui, F|
|poke|p2|Hatterene, F|
|poke|p2|Walking Wake|
|poke|p2|Landorus-Therian, M|
|poke|p2|Corviknight, F|
|teampreview
|
|start
|switch|p1a: Great Tusk|Great Tusk|100/100
|switch|p2a: Torkoal|Torkoal, F|100/100
|-weather|SunnyDay|[from] ability: Drought|[of] p2a: Torkoal
|-activate|p1a: Great Tusk|ability: Protosynthesis
|-start|p1a: Great Tusk|protosynthesisatk
|turn|1
|
|switch|p2a: Hatterene|Hatterene, F|100/100
|move|p1a: Great Tusk|Rapid Spin|p2a: Hatterene
|-damage|p2a: Hatterene|78/100
|-boost|p1a: Great Tusk|spe|1
|-enditem|p2a: Hatterene|Eject Button
|
|switch|p2a: Walking Wake|Walking Wake|100/100
|-activate|p2a: Walking Wake|ability: Protosynthesis
|-start|p2a: Walking Wake|protosynthesisspe
|
|-weather|SunnyDay|[upkeep]
|turn|2
|
|-terastallize|p1a: Great Tusk|Water
|move|p2a: Walking Wake|Draco Meteor|p1a: Great Tusk
|-damage|p1a: Great Tusk|0 fnt
|-unboost|p2a: Walking Wake|spa|2
|faint|p1a: Great Tusk
|-end|p1a: Great Tusk|Protosynthesis|[silent]
|
|-weather|SunnyDay|[upkeep]
|
|switch|p1a: Iron Valiant|Iron Valiant|100/100
|-enditem|p1a: Iron Valiant|Booster Energy
|-activate|p1a: Iron Valiant|ability: Quark Drive|[fromitem]
|-start|p1a: Iron Valiant|quarkdrivespe
|turn|3
|
|-end|p2a: Walking Wake|Protosynthesis|[silent]
|switch|p2a: Corviknight|Corviknight, F|100/100
|-ability|p2a: Corviknight|Pressure
|move|p1a: Iron Valiant|Swords Dance|p1a: Iron Valiant
|-boost|p1a: Iron Valiant|atk|2
|
|-weather|SunnyDay|[upkeep]
|turn|4
|
|move|p1a: Iron Valiant|Swords Dance|p1a: Iron Valiant
|-boost|p1a: Iron Valiant|atk|2
|move|p2a: Corviknight|Brave Bird|p1a: Iron Valiant
|-supereffective|p1a: Iron Valiant
|-damage|p1a: Iron Valiant|27/100
|-damage|p2a: Corviknight|79/100|[from] Recoil
|
|-weather|SunnyDay|[upkeep]
|-heal|p2a: Corviknight|85/100|[from] item: Leftovers
|turn|5
|
|switch|p2a: Landorus|Landorus-Therian, M|100/100
|-ability|p2a: Landorus|Intimidate|boost
|-unboost|p1a: Iron Valiant|atk|1
|move|p1a: Iron Valiant|Drain Punch|p2a: Landorus
|-resisted|p2a: Landorus
|-damage|p2a: Landorus|72/100
|-heal|p1a: Iron Valiant|43/100|[from] drain|[of] p2a: Landorus
|-damage|p1a: Iron Valiant|26/100|[from] item: Rocky Helmet|[of] p2a: Landorus
|
|-weather|SunnyDay|[upkeep]
|turn|6
|
|switch|p2a: Hatterene|Hatterene, F|78/100
|move|p1a: Iron Valiant|Spirit Break|p2a: Hatterene
|-damage|p2a: Hatterene|0 fnt
|faint|p2a: Hatterene
|
|-weather|SunnyDay|[upkeep]
|
|switch|p2a: Landorus|Landorus-Therian, M|72/100
|-ability|p2a: Landorus|Intimidate|boost
|-unboost|p1a: Iron Valiant|atk|1
|turn|7
|
|move|p1a: Iron Valiant|Spirit Break|p2a: Landorus
|-damage|p2a: Landorus|30/100
|-unboost|p2a: Landorus|spa|1
|-damage|p1a: Iron Valiant|10/100|[from] item: Rocky Helmet|[of] p2a: Landorus
|move|p2a: Landorus|Earthquake|p1a: Iron Valiant
|-damage|p1a: Iron Valiant|0 fnt
|faint|p1a: Iron Valiant
|-end|p1a: Iron Valiant|Quark Drive|[silent]
|
|-weather|SunnyDay|[upkeep]
|
|switch|p1a: Greninja|Greninja, M|100/100
|turn|8
|
|switch|p2a: Corviknight|Corviknight, F|85/100
|-ability|p2a: Corviknight|Pressure
|move|p1a: Greninja|Surf|p2a: Corviknight
|-start|p1a: Greninja|typechange|Water|[from] ability: Protean
|-damage|p2a: Corviknight|72/100
|
|-weather|none
|-heal|p2a: Corviknight|78/100|[from] item: Leftovers
|turn|9
|
|switch|p1a: Toxapex|Toxapex, M|100/100
|move|p2a: Corviknight|U-turn|p1a: Toxapex
|-resisted|p1a: Toxapex
|-damage|p1a: Toxapex|95/100
|-damage|p2a: Corviknight|62/100|[from] item: Rocky Helmet|[of] p1a: Toxapex
|
|switch|p2a: Torkoal|Torkoal, F|100/100|[from] U-turn
|-weather|SunnyDay|[from] ability: Drought|[of] p2a: Torkoal
|
|-weather|SunnyDay|[upkeep]
|turn|10
|
|move|p1a: Toxapex|Toxic|p2a: Torkoal
|-status|p2a: Torkoal|tox
|move|p2a: Torkoal|Stealth Rock|p1a: Toxapex
|-sidestart|p1: p1|move: Stealth Rock
|
|-weather|SunnyDay|[upkeep]
|-damage|p2a: Torkoal|94/100 tox|[from] psn
|turn|11
|
|move|p1a: Toxapex|Chilling Water|p2a: Torkoal
|-supereffective|p2a: Torkoal
|-damage|p2a: Torkoal|84/100 tox
|-unboost|p2a: Torkoal|atk|1
|move|p2a: Torkoal|Yawn|p1a: Toxapex
|-start|p1a: Toxapex|move: Yawn|[of] p2a: Torkoal
|
|-weather|SunnyDay|[upkeep]
|-damage|p2a: Torkoal|72/100 tox|[from] psn
|turn|12
|
|switch|p2a: Typhlosion|Typhlosion-Hisui, F|100/100
|-item|p1a: Toxapex|Rocky Helmet|[from] ability: Frisk|[of] p2a: Typhlosion|[identify]
|move|p1a: Toxapex|Chilling Water|p2a: Typhlosion
|-supereffective|p2a: Typhlosion
|-damage|p2a: Typhlosion|88/100
|-unboost|p2a: Typhlosion|atk|1
|
|-weather|SunnyDay|[upkeep]
|-end|p1a: Toxapex|move: Yawn|[silent]
|-status|p1a: Toxapex|slp
|turn|13
|
|move|p2a: Typhlosion|Eruption|p1a: Toxapex
|-resisted|p1a: Toxapex
|-damage|p1a: Toxapex|51/100 slp
|cant|p1a: Toxapex|slp
|
|-weather|SunnyDay|[upkeep]
|turn|14
|
|switch|p1a: Volcanion|Volcanion|100/100
|-damage|p1a: Volcanion|75/100|[from] Stealth Rock
|move|p2a: Typhlosion|Eruption|p1a: Volcanion
|-resisted|p1a: Volcanion
|-crit|p1a: Volcanion
|-damage|p1a: Volcanion|40/100
|
|-weather|SunnyDay|[upkeep]
|turn|15
|
|switch|p2a: Walking Wake|Walking Wake|100/100
|-activate|p2a: Walking Wake|ability: Protosynthesis
|-start|p2a: Walking Wake|protosynthesisspe
|move|p1a: Volcanion|Earth Power|p2a: Walking Wake
|-damage|p2a: Walking Wake|57/100
|
|-weather|SunnyDay|[upkeep]
|turn|16
|
|switch|p1a: Toxapex|Toxapex, M|85/100 slp
|-damage|p1a: Toxapex|72/100 slp|[from] Stealth Rock
|move|p2a: Walking Wake|Dragon Pulse|p1a: Toxapex
|-damage|p1a: Toxapex|33/100 slp
|
|-weather|none
|-end|p2a: Walking Wake|Protosynthesis
|turn|17
|
|move|p2a: Walking Wake|Dragon Pulse|p1a: Toxapex
|-crit|p1a: Toxapex
|-damage|p1a: Toxapex|0 fnt
|faint|p1a: Toxapex
|
|
|switch|p1a: Meowscarada|Meowscarada, M|100/100
|-damage|p1a: Meowscarada|88/100|[from] Stealth Rock
|turn|18
|
|-end|p2a: Walking Wake|Protosynthesis|[silent]
|switch|p2a: Torkoal|Torkoal, F|72/100 tox
|-weather|SunnyDay|[from] ability: Drought|[of] p2a: Torkoal
|move|p1a: Meowscarada|Knock Off|p2a: Torkoal
|-damage|p2a: Torkoal|46/100 tox
|-enditem|p2a: Torkoal|Heat Rock|[from] move: Knock Off|[of] p1a: Meowscarada
|
|-weather|SunnyDay|[upkeep]
|-damage|p2a: Torkoal|40/100 tox|[from] psn
|turn|19
|
|switch|p1a: Volcanion|Volcanion|40/100
|-damage|p1a: Volcanion|15/100|[from] Stealth Rock
|switch|p2a: Landorus|Landorus-Therian, M|30/100
|-ability|p2a: Landorus|Intimidate|boost
|-unboost|p1a: Volcanion|atk|1
|
|-weather|SunnyDay|[upkeep]
|turn|20
|
|move|p2a: Landorus|Earthquake|p1a: Volcanion
|-supereffective|p1a: Volcanion
|-crit|p1a: Volcanion
|-damage|p1a: Volcanion|0 fnt
|faint|p1a: Volcanion
|
|-weather|SunnyDay|[upkeep]
|
|switch|p1a: Greninja|Greninja, M|100/100
|-damage|p1a: Greninja|88/100|[from] Stealth Rock
|turn|21
|
|switch|p2a: Corviknight|Corviknight, F|62/100
|-ability|p2a: Corviknight|Pressure
|move|p1a: Greninja|Extrasensory|p2a: Corviknight
|-start|p1a: Greninja|typechange|Psychic|[from] ability: Protean
|-resisted|p2a: Corviknight
|-damage|p2a: Corviknight|50/100
|
|-weather|SunnyDay|[upkeep]
|-heal|p2a: Corviknight|56/100|[from] item: Leftovers
|turn|22
|-message|p1 forfeited.
|
|win|p2
