|poke|p1|Baxcalibur, M|
|poke|p1|Arcanine-Hisui, F|
|poke|p1|Great Tusk|
|poke|p1|Zapdos|
|poke|p1|Landorus-Therian, M|
|poke|p1|Dragapult, M|
|poke|p2|Ursaluna, M|
|poke|p2|Zamazenta-*|
|poke|p2|Clodsire, F|
|poke|p2|Iron Moth|
|poke|p2|Rotom-Wash|
|poke|p2|Urshifu-*, F|
|teampreview
|
|start
|switch|p1a: Zapdos|Zapdos|100/100
|switch|p2a: Rotom|Rotom-Wash, shiny|100/100
|turn|1
|
|move|p1a: Zapdos|Volt Switch|p2a: Rotom
|-damage|p2a: Rotom|61/100
|
|switch|p1a: Landorus|Landorus-Therian, M|100/100|[from] Volt Switch
|-ability|p1a: Landorus|Intimidate|boost
|-unboost|p2a: Rotom|atk|1
|move|p2a: Rotom|Volt Switch|p1a: Landorus
|-immune|p1a: Landorus
|
|-heal|p2a: Rotom|67/100|[from] item: Leftovers
|turn|2
|
|switch|p1a: Baxcalibur|Baxcalibur, M|100/100
|move|p2a: Rotom|Hydro Pump|p1a: Baxcalibur
|-resisted|p1a: Baxcalibur
|-damage|p1a: Baxcalibur|71/100
|
|-heal|p2a: Rotom|73/100|[from] item: Leftovers
|turn|3
|
|move|p1a: Baxcalibur|Glaive Rush|p2a: Rotom
|-damage|p2a: Rotom|0 fnt
|-singlemove|p1a: Baxcalibur|Glaive Rush|[silent]
|faint|p2a: Rotom
|
|
|switch|p2a: Iron Moth|Iron Moth|100/100
|turn|4
|
|switch|p1a: Landorus|Landorus-Therian, M|100/100
|-ability|p1a: Landorus|Intimidate|boost
|-unboost|p2a: Iron Moth|atk|1
|move|p2a: Iron Moth|Sludge Wave|p1a: Landorus
|-resisted|p1a: Landorus
|-damage|p1a: Landorus|81/100
|
|-heal|p1a: Landorus|87/100|[from] item: Leftovers
|turn|5
|
|-end|p2a: Iron Moth|Quark Drive|[silent]
|switch|p2a: Urshifu|Urshifu-Rapid-Strike, F|100/100
|move|p1a: Landorus|U-turn|p2a: Urshifu
|-resisted|p2a: Urshifu
|-damage|p2a: Urshifu|91/100
|
|switch|p1a: Zapdos|Zapdos|100/100|[from] U-turn
|
|turn|6
|
|switch|p2a: Ursaluna|Ursaluna, M, shiny|100/100
|move|p1a: Zapdos|Hurricane|p2a: Ursaluna
|-damage|p2a: Ursaluna|55/100
|
|-status|p2a: Ursaluna|brn|[from] item: Flame Orb
|turn|7
|
|switch|p1a: Arcanine|Arcanine-Hisui, F|100/100
|move|p2a: Ursaluna|Ice Punch|p1a: Arcanine
|-resisted|p1a: Arcanine
|-damage|p1a: Arcanine|76/100
|
|-damage|p2a: Ursaluna|49/100 brn|[from] brn
|turn|8
|
|move|p1a: Arcanine|Flare Blitz|p2a: Ursaluna
|-damage|p2a: Ursaluna|0 fnt
|faint|p2a: Ursaluna
|
|
|switch|p2a: Urshifu|Urshifu-Rapid-Strike, F|91/100
|turn|9
|
|switch|p1a: Zapdos|Zapdos|100/100
|move|p2a: Urshifu|Surging Strikes|p1a: Zapdos
|-crit|p1a: Zapdos
|-damage|p1a: Zapdos|82/100
|-crit|p1a: Zapdos
|-damage|p1a: Zapdos|62/100
|-crit|p1a: Zapdos
|-damage|p1a: Zapdos|42/100
|-hitcount|p1a: Zapdos|3
|
|turn|10
|
|switch|p1a: Dragapult|Dragapult, M|100/100
|switch|p2a: Clodsire|Clodsire, F|100/100
|
|turn|11
|
|switch|p1a: Landorus|Landorus-Therian, M|87/100
|-ability|p1a: Landorus|Intimidate|boost
|-unboost|p2a: Clodsire|atk|1
|move|p2a: Clodsire|Toxic|p1a: Landorus
|-status|p1a: Landorus|tox
|
|-heal|p1a: Landorus|93/100 tox|[from] item: Leftovers
|-damage|p1a: Landorus|87/100 tox|[from] psn
|turn|12
|
|move|p2a: Clodsire|Protect|p2a: Clodsire
|-singleturn|p2a: Clodsire|Protect
|move|p1a: Landorus|Stealth Rock|p2a: Clodsire
|-sidestart|p2: hambrgr|move: Stealth Rock
|
|-heal|p1a: Landorus|93/100 tox|[from] item: Leftovers
|-damage|p1a: Landorus|81/100 tox|[from] psn
|turn|13
|
|switch|p2a: Urshifu|Urshifu-Rapid-Strike, F|91/100
|-damage|p2a: Urshifu|85/100|[from] Stealth Rock
|move|p1a: Landorus|Earthquake|p2a: Urshifu
|-damage|p2a: Urshifu|48/100
|
|-heal|p1a: Landorus|87/100 tox|[from] item: Leftovers
|-damage|p1a: Landorus|68/100 tox|[from] psn
|turn|14
|
|switch|p1a: Dragapult|Dragapult, M|100/100
|move|p2a: Urshifu|Surging Strikes|p1a: Dragapult
|-resisted|p1a: Dragapult
|-crit|p1a: Dragapult
|-damage|p1a: Dragapult|85/100
|-resisted|p1a: Dragapult
|-crit|p1a: Dragapult
|-damage|p1a: Dragapult|69/100
|-resisted|p1a: Dragapult
|-crit|p1a: Dragapult
|-damage|p1a: Dragapult|53/100
|-hitcount|p1a: Dragapult|3
|
|-heal|p1a: Dragapult|59/100|[from] item: Leftovers
|turn|15
|
|switch|p2a: Clodsire|Clodsire, F|100/100
|-damage|p2a: Clodsire|94/100|[from] Stealth Rock
|move|p1a: Dragapult|Will-O-Wisp|p2a: Clodsire
|-status|p2a: Clodsire|brn
|
|-heal|p1a: Dragapult|65/100|[from] item: Leftovers
|-heal|p2a: Clodsire|100/100 brn|[from] item: Leftovers
|-damage|p2a: Clodsire|94/100 brn|[from] brn
|turn|16
|
|switch|p2a: Iron Moth|Iron Moth|100/100
|move|p1a: Dragapult|Substitute|p1a: Dragapult
|-start|p1a: Dragapult|Substitute
|-damage|p1a: Dragapult|40/100
|
|-heal|p1a: Dragapult|46/100|[from] item: Leftovers
|turn|17
|
|move|p1a: Dragapult|Dragon Darts|p2a: Iron Moth
|-damage|p2a: Iron Moth|63/100
|-anim|p1a: Dragapult|Dragon Darts|p2a: Iron Moth
|-damage|p2a: Iron Moth|27/100
|move|p2a: Iron Moth|Fiery Dance|p1a: Dragapult
|-resisted|p1a: Dragapult
|-end|p1a: Dragapult|Substitute
|-boost|p2a: Iron Moth|spa|1
|
|-heal|p1a: Dragapult|52/100|[from] item: Leftovers
|turn|18
|-message|hambrgr forfeited.
|
|win|argreaer
