|poke|p1|Garchomp, M|
|poke|p1|Magearna|
|poke|p1|Chien-Pao|
|poke|p1|Zapdos|
|poke|p1|Sneasler, M|
|poke|p1|Great Tusk|
|poke|p2|Articuno-Galar|
|poke|p2|Corviknight, M|
|poke|p2|Landorus-Therian, M|
|poke|p2|Great Tusk|
|poke|p2|Volcarona, F|
|poke|p2|Heatran, M|
|teampreview
|
|start
|switch|p1a: Magearna|Magearna|100/100
|switch|p2a: Blandorus-Jeerian|Landorus-Therian, M|100/100
|-ability|p2a: Blandorus-Jeerian|Intimidate|boost
|-unboost|p1a: Magearna|atk|1
|turn|1
|
|move|p2a: Blandorus-Jeerian|U-turn|p1a: Magearna
|-resisted|p1a: Magearna
|-damage|p1a: Magearna|95/100
|
|switch|p2a: ITS HEAT 🔥🔥🔥|Heatran, M|100/100|[from] U-turn
|move|p1a: Magearna|Ice Beam|p2a: ITS HEAT 🔥🔥🔥
|-resisted|p2a: ITS HEAT 🔥🔥🔥
|-damage|p2a: ITS HEAT 🔥🔥🔥|94/100
|
|-heal|p2a: ITS HEAT 🔥🔥🔥|99/100|[from] item: Leftovers
|turn|2
|
|switch|p1a: Garchomp|Garchomp, M|100/100
|move|p2a: ITS HEAT 🔥🔥🔥|Magma Storm|p1a: Garchomp
|-resisted|p1a: Garchomp
|-damage|p1a: Garchomp|76/100
|-activate|p1a: Garchomp|move: Magma Storm|[of] p2a: ITS HEAT 🔥🔥🔥
|
|-heal|p2a: ITS HEAT 🔥🔥🔥|100/100|[from] item: Leftovers
|-damage|p1a: Garchomp|63/100|[from] move: Magma Storm|[partiallytrapped]
|turn|3
|
|switch|p2a: Blandorus-Jeerian|Landorus-Therian, M|100/100
|-ability|p2a: Blandorus-Jeerian|Intimidate|boost
|-unboost|p1a: Garchomp|atk|1
|move|p1a: Garchomp|Spikes|p2a: Blandorus-Jeerian
|-sidestart|p2: Spanky McCranky|Spikes
|
|-end|p1a: Garchomp|Magma Storm|[partiallytrapped]|[silent]
|turn|4
|
|switch|p1a: Great Tusk|Great Tusk|100/100
|move|p2a: Blandorus-Jeerian|Earthquake|p1a: Great Tusk
|-crit|p1a: Great Tusk
|-damage|p1a: Great Tusk|63/100
|
|-heal|p1a: Great Tusk|69/100|[from] item: Leftovers
|turn|5
|
|switch|p2a: Corvis Johnson|Corviknight, M|100/100
|-ability|p2a: Corvis Johnson|Pressure
|move|p1a: Great Tusk|Knock Off|p2a: Corvis Johnson
|-damage|p2a: Corvis Johnson|82/100
|-damage|p1a: Great Tusk|53/100|[from] item: Rocky Helmet|[of] p2a: Corvis Johnson
|-enditem|p2a: Corvis Johnson|Rocky Helmet|[from] move: Knock Off|[of] p1a: Great Tusk
|
|-heal|p1a: Great Tusk|59/100|[from] item: Leftovers
|turn|6
|
|-end|p1a: Great Tusk|Protosynthesis|[silent]
|switch|p1a: Zapdos|Zapdos|100/100
|move|p2a: Corvis Johnson|Brave Bird|p1a: Zapdos
|-resisted|p1a: Zapdos
|-damage|p1a: Zapdos|85/100
|-damage|p2a: Corvis Johnson|77/100|[from] Recoil
|
|turn|7
|
|switch|p2a: Blandorus-Jeerian|Landorus-Therian, M|100/100
|-ability|p2a: Blandorus-Jeerian|Intimidate|boost
|-unboost|p1a: Zapdos|atk|1
|move|p1a: Zapdos|Hurricane|p2a: Blandorus-Jeerian|[miss]
|-miss|p1a: Zapdos|p2a: Blandorus-Jeerian
|
|turn|8
|
|move|p2a: Blandorus-Jeerian|Stone Edge|p1a: Zapdos
|-supereffective|p1a: Zapdos
|-damage|p1a: Zapdos|27/100
|move|p1a: Zapdos|Hurricane|p2a: Blandorus-Jeerian
|-damage|p2a: Blandorus-Jeerian|45/100
|
|turn|9
|
|switch|p1a: Great Tusk|Great Tusk|59/100
|move|p2a: Blandorus-Jeerian|Stone Edge|p1a: Great Tusk|[miss]
|-miss|p2a: Blandorus-Jeerian|p1a: Great Tusk
|
|-heal|p1a: Great Tusk|65/100|[from] item: Leftovers
|turn|10
|
|switch|p2a: Corvis Johnson|Corviknight, M|77/100
|-ability|p2a: Corvis Johnson|Pressure
|move|p1a: Great Tusk|Stealth Rock|p2a: Corvis Johnson
|-sidestart|p2: Spanky McCranky|move: Stealth Rock
|
|-heal|p1a: Great Tusk|71/100|[from] item: Leftovers
|turn|11
|
|-end|p1a: Great Tusk|Protosynthesis|[silent]
|switch|p1a: Magearna|Magearna|95/100
|move|p2a: Corvis Johnson|Defog|p1a: Magearna
|-unboost|p1a: Magearna|evasion|1
|-sideend|p2: Spanky McCranky|Spikes|[from] move: Defog|[of] p2a: Corvis Johnson
|-sideend|p2: Spanky McCranky|Stealth Rock|[from] move: Defog|[of] p2a: Corvis Johnson
|
|turn|12
|
|switch|p2a: ITS HEAT 🔥🔥🔥|Heatran, M|100/100
|move|p1a: Magearna|Volt Switch|p2a: ITS HEAT 🔥🔥🔥
|-damage|p2a: ITS HEAT 🔥🔥🔥|79/100
|
|switch|p1a: Garchomp|Garchomp, M|63/100|[from] Volt Switch
|
|-heal|p2a: ITS HEAT 🔥🔥🔥|85/100|[from] item: Leftovers
|turn|13
|
|switch|p2a: Opila Bird|Articuno-Galar|100/100
|move|p1a: Garchomp|Spikes|p2a: Opila Bird
|-sidestart|p2: Spanky McCranky|Spikes
|
|turn|14
|
|switch|p1a: Magearna|Magearna|95/100
|move|p2a: Opila Bird|Future Sight|p1a: Magearna
|-start|p2a: Opila Bird|move: Future Sight
|
|turn|15
|
|move|p2a: Opila Bird|U-turn|p1a: Magearna
|-resisted|p1a: Magearna
|-damage|p1a: Magearna|92/100
|
|switch|p2a: Busker & Clements|Great Tusk|100/100|[from] U-turn
|-damage|p2a: Busker & Clements|88/100|[from] Spikes
|move|p1a: Magearna|Volt Switch|p2a: Busker & Clements
|-immune|p2a: Busker & Clements
|
|turn|16
|
|switch|p1a: Zapdos|Zapdos|27/100
|-terastallize|p2a: Busker & Clements|Fighting
|move|p2a: Busker & Clements|Close Combat|p1a: Zapdos
|-resisted|p1a: Zapdos
|-damage|p1a: Zapdos|0 fnt
|-unboost|p2a: Busker & Clements|def|1
|-unboost|p2a: Busker & Clements|spd|1
|-status|p2a: Busker & Clements|par|[from] ability: Static|[of] p1a: Zapdos
|faint|p1a: Zapdos
|
|-hint|Future Sight did not hit because the target is fainted.
|
|switch|p1a: Garchomp|Garchomp, M|63/100
|turn|17
|
|-end|p2a: Busker & Clements|Protosynthesis|[silent]
|switch|p2a: Opila Bird|Articuno-Galar|100/100
|move|p1a: Garchomp|Draco Meteor|p2a: Opila Bird
|-damage|p2a: Opila Bird|47/100
|-unboost|p1a: Garchomp|spa|2
|-damage|p1a: Garchomp|53/100|[from] item: Life Orb
|
|turn|18
|
|move|p1a: Garchomp|Spikes|p2a: Opila Bird
|-sidestart|p2: Spanky McCranky|Spikes
|move|p2a: Opila Bird|Future Sight|p1a: Garchomp
|-start|p2a: Opila Bird|move: Future Sight
|
|turn|19
|
|switch|p1a: Great Tusk|Great Tusk|71/100
|move|p2a: Opila Bird|Recover|p2a: Opila Bird
|-heal|p2a: Opila Bird|97/100
|
|-heal|p1a: Great Tusk|77/100|[from] item: Leftovers
|turn|20
|
|move|p2a: Opila Bird|Freezing Glare|p1a: Great Tusk
|-supereffective|p1a: Great Tusk
|-damage|p1a: Great Tusk|0 fnt
|faint|p1a: Great Tusk
|-end|p1a: Great Tusk|Protosynthesis|[silent]
|
|-hint|Future Sight did not hit because the target is fainted.
|
|switch|p1a: Chien-Pao|Chien-Pao|100/100
|-ability|p1a: Chien-Pao|Sword of Ruin
|turn|21
|
|switch|p2a: Corvis Johnson|Corviknight, M|77/100
|-ability|p2a: Corvis Johnson|Pressure
|-terastallize|p1a: Chien-Pao|Dark
|move|p1a: Chien-Pao|Crunch|p2a: Corvis Johnson
|-damage|p2a: Corvis Johnson|29/100
|
|turn|22
|
|move|p1a: Chien-Pao|Crunch|p2a: Corvis Johnson
|-damage|p2a: Corvis Johnson|0 fnt
|faint|p2a: Corvis Johnson
|
|
|switch|p2a: Blandorus-Jeerian|Landorus-Therian, M|45/100
|-ability|p2a: Blandorus-Jeerian|Intimidate|boost
|-unboost|p1a: Chien-Pao|atk|1
|turn|23
|
|switch|p1a: Magearna|Magearna|92/100
|move|p2a: Blandorus-Jeerian|Earthquake|p1a: Magearna
|-supereffective|p1a: Magearna
|-damage|p1a: Magearna|0 fnt
|faint|p1a: Magearna
|
|
|switch|p1a: Chien-Pao|Chien-Pao, tera:Dark|100/100
|-ability|p1a: Chien-Pao|Sword of Ruin
|turn|24
|
|switch|p2a: ITS HEAT 🔥🔥🔥|Heatran, M|85/100
|-damage|p2a: ITS HEAT 🔥🔥🔥|69/100|[from] Spikes
|move|p1a: Chien-Pao|Crunch|p2a: ITS HEAT 🔥🔥🔥
|-crit|p2a: ITS HEAT 🔥🔥🔥
|-damage|p2a: ITS HEAT 🔥🔥🔥|0 fnt
|faint|p2a: ITS HEAT 🔥🔥🔥
|
|
|switch|p2a: Blandorus-Jeerian|Landorus-Therian, M|45/100
|-ability|p2a: Blandorus-Jeerian|Intimidate|boost
|-unboost|p1a: Chien-Pao|atk|1
|turn|25
|
|switch|p1a: Garchomp|Garchomp, M|53/100
|move|p2a: Blandorus-Jeerian|U-turn|p1a: Garchomp
|-damage|p1a: Garchomp|27/100
|-damage|p2a: Blandorus-Jeerian|32/100|[from] ability: Rough Skin|[of] p1a: Garchomp
|
|switch|p2a: Opila Bird|Articuno-Galar|97/100|[from] U-turn
|
|turn|26
|
|move|p1a: Garchomp|Fire Blast|p2a: Opila Bird
|-damage|p2a: Opila Bird|67/100
|-damage|p1a: Garchomp|17/100|[from] item: Life Orb
|move|p2a: Opila Bird|Future Sight|p1a: Garchomp
|-start|p2a: Opila Bird|move: Future Sight
|
|turn|27
|
|move|p1a: Garchomp|Draco Meteor|p2a: Opila Bird
|-damage|p2a: Opila Bird|11/100
|-unboost|p1a: Garchomp|spa|2
|-damage|p1a: Garchomp|8/100|[from] item: Life Orb
|move|p2a: Opila Bird|Freezing Glare|p1a: Garchomp
|-damage|p1a: Garchomp|0 fnt
|faint|p1a: Garchomp
|
|
|switch|p1a: Chien-Pao|Chien-Pao, tera:Dark|100/100
|-ability|p1a: Chien-Pao|Sword of Ruin
|turn|28
|
|move|p1a: Chien-Pao|Icicle Crash|p2a: Opila Bird
|-supereffective|p2a: Opila Bird
|-damage|p2a: Opila Bird|0 fnt
|faint|p2a: Opila Bird
|
|-end|p1a: Chien-Pao|move: Future Sight
|-immune|p1a: Chien-Pao
|
|switch|p2a: THE VUNK|Volcarona, F|100/100
|turn|29
|
|move|p1a: Chien-Pao|Icicle Crash|p2a: THE VUNK
|-resisted|p2a: THE VUNK
|-damage|p2a: THE VUNK|51/100
|move|p2a: THE VUNK|Flamethrower|p1a: Chien-Pao
|-crit|p1a: Chien-Pao
|-damage|p1a: Chien-Pao|0 fnt
|faint|p1a: Chien-Pao
|
|
|switch|p1a: Sneasler|Sneasler, M|100/100
|turn|30
|
|move|p1a: Sneasler|Fake Out|p2a: THE VUNK
|-enditem|p1a: Sneasler|Normal Gem|[from] gem
|-damage|p2a: THE VUNK|18/100
|cant|p2a: THE VUNK|flinch
|
|turn|31
|
|move|p1a: Sneasler|Tera Blast|p2a: THE VUNK
|-damage|p2a: THE VUNK|10/100
|move|p2a: THE VUNK|Flamethrower|p1a: Sneasler
|-damage|p1a: Sneasler|35/100
|
|turn|32
|
|move|p1a: Sneasler|Acrobatics|p2a: THE VUNK
|-supereffective|p2a: THE VUNK
|-damage|p2a: THE VUNK|0 fnt
|faint|p2a: THE VUNK
|
|
|switch|p2a: Blandorus-Jeerian|Landorus-Therian, M|32/100
|-ability|p2a: Blandorus-Jeerian|Intimidate|boost
|-unboost|p1a: Sneasler|atk|1
|turn|33
|
|move|p1a: Sneasler|Close Combat|p2a: Blandorus-Jeerian
|-resisted|p2a: Blandorus-Jeerian
|-damage|p2a: Blandorus-Jeerian|6/100
|-unboost|p1a: Sneasler|def|1
|-unboost|p1a: Sneasler|spd|1
|move|p2a: Blandorus-Jeerian|Earthquake|p1a: Sneasler
|-supereffective|p1a: Sneasler
|-damage|p1a: Sneasler|0 fnt
|faint|p1a: Sneasler
|
|win|Spanky McCranky
