# advantage = p2
|poke|p1|Iron Treads|
|poke|p1|Samurott-Hisui, F|
|poke|p1|Landorus-Therian, M|
|poke|p1|Volcarona, M|
|poke|p1|Urshifu-*, M|
|poke|p1|Dragapult, F|
|poke|p2|Enamorus-Therian, F|
|poke|p2|Iron Treads|
|poke|p2|Tauros-Paldea-Aqua, M|
|poke|p2|Cinderace, F|
|poke|p2|Gholdengo|
|poke|p2|Dragapult, F|
|teampreview
|
|start
|switch|p1a: Urshifu|Urshifu-Rapid-Strike, M|100/100
|switch|p2a: Trial Member 6|Dragapult, F|100/100
|turn|1
|
|switch|p1a: Samurott|Samurott-Hisui, F|100/100
|move|p2a: Trial Member 6|Draco Meteor|p1a: Samurott
|-damage|p1a: Samurott|0 fnt
|-unboost|p2a: Trial Member 6|spa|2
|faint|p1a: Samurott
|
|
|switch|p1a: Iron Treads|Iron Treads|100/100
|turn|2
|
|switch|p2a: Urshifu at home|Tauros-Paldea-Aqua, M|100/100
|-ability|p2a: Urshifu at home|Intimidate|boost
|-unboost|p1a: Iron Treads|atk|1
|move|p1a: Iron Treads|Stealth Rock|p2a: Urshifu at home
|-sidestart|p2: p2|move: Stealth Rock
|
|turn|3
|
|move|p2a: Urshifu at home|Raging Bull|p1a: Iron Treads
|-supereffective|p1a: Iron Treads
|-damage|p1a: Iron Treads|0 fnt
|faint|p1a: Iron Treads
|-end|p1a: Iron Treads|Quark Drive|[silent]
|
|
|switch|p1a: Urshifu|Urshifu-Rapid-Strike, M|100/100
|turn|4
|
|switch|p2a: Tusk 2.0|Iron Treads|100/100
|-damage|p2a: Tusk 2.0|98/100|[from] Stealth Rock
|move|p1a: Urshifu|Surging Strikes|p2a: Tusk 2.0
|-supereffective|p2a: Tusk 2.0
|-crit|p2a: Tusk 2.0
|-damage|p2a: Tusk 2.0|61/100
|-supereffective|p2a: Tusk 2.0
|-crit|p2a: Tusk 2.0
|-damage|p2a: Tusk 2.0|23/100
|-supereffective|p2a: Tusk 2.0
|-crit|p2a: Tusk 2.0
|-damage|p2a: Tusk 2.0|0 fnt
|faint|p2a: Tusk 2.0
|-end|p2a: Tusk 2.0|Quark Drive|[silent]
|-hitcount|p2: Tusk 2.0|3
|
|
|switch|p2a: Magearna at home|Enamorus-Therian, F|100/100
|-damage|p2a: Magearna at home|76/100|[from] Stealth Rock
|turn|5
|
|move|p1a: Urshifu|Surging Strikes|p2a: Magearna at home
|-crit|p2a: Magearna at home
|-damage|p2a: Magearna at home|59/100
|-crit|p2a: Magearna at home
|-damage|p2a: Magearna at home|43/100
|-crit|p2a: Magearna at home
|-damage|p2a: Magearna at home|25/100
|-hitcount|p2a: Magearna at home|3
|move|p2a: Magearna at home|Draining Kiss|p1a: Urshifu
|-supereffective|p1a: Urshifu
|-damage|p1a: Urshifu|30/100
|-heal|p2a: Magearna at home|77/100|[from] drain|[of] p1a: Urshifu
|
|-heal|p2a: Magearna at home|83/100|[from] item: Leftovers
|turn|6
|
|move|p1a: Urshifu|Surging Strikes|p2a: Magearna at home
|-crit|p2a: Magearna at home
|-damage|p2a: Magearna at home|65/100
|-crit|p2a: Magearna at home
|-damage|p2a: Magearna at home|49/100
|-crit|p2a: Magearna at home
|-damage|p2a: Magearna at home|34/100
|-hitcount|p2a: Magearna at home|3
|move|p2a: Magearna at home|Draining Kiss|p1a: Urshifu
|-supereffective|p1a: Urshifu
|-damage|p1a: Urshifu|0 fnt
|-heal|p2a: Magearna at home|55/100|[from] drain|[of] p1a: Urshifu
|faint|p1a: Urshifu
|
|-heal|p2a: Magearna at home|61/100|[from] item: Leftovers
|
|switch|p1a: Volcarona|Volcarona, M|100/100
|turn|7
|
|move|p1a: Volcarona|Quiver Dance|p1a: Volcarona
|-boost|p1a: Volcarona|spa|1
|-boost|p1a: Volcarona|spd|1
|-boost|p1a: Volcarona|spe|1
|move|p2a: Magearna at home|Earth Power|p1a: Volcarona
|-damage|p1a: Volcarona|78/100
|
|-heal|p2a: Magearna at home|67/100|[from] item: Leftovers
|turn|8
|
|move|p1a: Volcarona|Quiver Dance|p1a: Volcarona
|-boost|p1a: Volcarona|spa|1
|-boost|p1a: Volcarona|spd|1
|-boost|p1a: Volcarona|spe|1
|move|p2a: Magearna at home|Earth Power|p1a: Volcarona
|-damage|p1a: Volcarona|61/100
|
|-heal|p2a: Magearna at home|73/100|[from] item: Leftovers
|turn|9
|
|move|p1a: Volcarona|Quiver Dance|p1a: Volcarona
|-boost|p1a: Volcarona|spa|1
|-boost|p1a: Volcarona|spd|1
|-boost|p1a: Volcarona|spe|1
|move|p2a: Magearna at home|Earth Power|p1a: Volcarona
|-damage|p1a: Volcarona|49/100
|
|-heal|p2a: Magearna at home|79/100|[from] item: Leftovers
|turn|10
|
|move|p1a: Volcarona|Flamethrower|p2a: Magearna at home
|-damage|p2a: Magearna at home|0 fnt
|faint|p2a: Magearna at home
|
|
|switch|p2a: Urshifu at home|Tauros-Paldea-Aqua, M|100/100
|-damage|p2a: Urshifu at home|94/100|[from] Stealth Rock
|-ability|p2a: Urshifu at home|Intimidate|boost
|-unboost|p1a: Volcarona|atk|1
|turn|11
|
|switch|p1a: Dragapult|Dragapult, F|100/100
|-terastallize|p2a: Urshifu at home|Water
|move|p2a: Urshifu at home|Aqua Jet|p1a: Dragapult
|-resisted|p1a: Dragapult
|-damage|p1a: Dragapult|74/100
|
|-heal|p1a: Dragapult|80/100|[from] item: Leftovers
|turn|12
|
|switch|p2a: She can jump|Cinderace, F|100/100
|move|p1a: Dragapult|Substitute|p1a: Dragapult
|-start|p1a: Dragapult|Substitute
|-damage|p1a: Dragapult|55/100
|
|-heal|p1a: Dragapult|61/100|[from] item: Leftovers
|turn|13
|
|move|p1a: Dragapult|Dragon Dance|p1a: Dragapult
|-boost|p1a: Dragapult|atk|1
|-boost|p1a: Dragapult|spe|1
|move|p2a: She can jump|Pyro Ball|p1a: Dragapult
|-resisted|p1a: Dragapult
|-end|p1a: Dragapult|Substitute
|
|-heal|p1a: Dragapult|67/100|[from] item: Leftovers
|turn|14
|
|move|p2a: She can jump|Sucker Punch||[still]
|-fail|p2a: She can jump
|move|p1a: Dragapult|Dragon Dance|p1a: Dragapult
|-boost|p1a: Dragapult|atk|1
|-boost|p1a: Dragapult|spe|1
|
|-heal|p1a: Dragapult|73/100|[from] item: Leftovers
|turn|15
|
|move|p1a: Dragapult|Substitute|p1a: Dragapult
|-start|p1a: Dragapult|Substitute
|-damage|p1a: Dragapult|48/100
|move|p2a: She can jump|Pyro Ball|p1a: Dragapult
|-resisted|p1a: Dragapult
|-end|p1a: Dragapult|Substitute
|
|-heal|p1a: Dragapult|54/100|[from] item: Leftovers
|turn|16
|
|move|p1a: Dragapult|Substitute|p1a: Dragapult
|-start|p1a: Dragapult|Substitute
|-damage|p1a: Dragapult|29/100
|move|p2a: She can jump|Pyro Ball|p1a: Dragapult
|-resisted|p1a: Dragapult
|-end|p1a: Dragapult|Substitute
|
|-heal|p1a: Dragapult|35/100|[from] item: Leftovers
|turn|17
|
|move|p2a: She can jump|Sucker Punch||[still]
|-fail|p2a: She can jump
|move|p1a: Dragapult|Substitute|p1a: Dragapult
|-start|p1a: Dragapult|Substitute
|-damage|p1a: Dragapult|10/100
|
|-heal|p1a: Dragapult|16/100|[from] item: Leftovers
|turn|18
|
|move|p1a: Dragapult|Dragon Darts|p2a: She can jump
|-damage|p2a: She can jump|24/100
|-anim|p1a: Dragapult|Dragon Darts|p2a: She can jump
|-damage|p2a: She can jump|0 fnt
|faint|p2a: She can jump
|
|-heal|p1a: Dragapult|22/100|[from] item: Leftovers
|
|switch|p2a: Bitcoin Miner|Gholdengo|100/100
|-damage|p2a: Bitcoin Miner|94/100|[from] Stealth Rock
|turn|19
|
|move|p1a: Dragapult|Phantom Force||[still]
|-prepare|p1a: Dragapult|Phantom Force
|move|p2a: Bitcoin Miner|Shadow Ball|p1a: Dragapult|[miss]
|-miss|p2a: Bitcoin Miner|p1a: Dragapult
|
|-heal|p1a: Dragapult|28/100|[from] item: Leftovers
|turn|20
|
|move|p1a: Dragapult|Phantom Force|p2a: Bitcoin Miner|[from]lockedmove
|-supereffective|p2a: Bitcoin Miner
|-damage|p2a: Bitcoin Miner|0 fnt
|faint|p2a: Bitcoin Miner
|
|-heal|p1a: Dragapult|34/100|[from] item: Leftovers
|
|switch|p2a: Trial Member 6|Dragapult, F|100/100
|-damage|p2a: Trial Member 6|88/100|[from] Stealth Rock
|turn|21
|-message|p2 forfeited.
|
|win|p1
|n|☆p1|blumviolet
|n|☆p2|shoddyprodigy
|n| josephgomes619|josephgomes619
|n| Mikirae69|mikirae69
