# advantage = p1
|poke|p1|Kleavor, M|
|poke|p1|Pelipper, M|
|poke|p1|Basculegion-F, F|
|poke|p1|Great Tusk|
|poke|p1|Rillaboom, F|
|poke|p1|Sneasler, M|
|poke|p2|Enamorus, F|
|poke|p2|Goodra-Hisui, F|
|poke|p2|Magearna|
|poke|p2|Great Tusk|
|poke|p2|Electrode-Hisui|
|poke|p2|Mesprit|
|teampreview
|
|start
|switch|p1a: Tata|Kleavor, M|100/100
|switch|p2a: Electrode|Electrode-Hisui|100/100
|turn|1
|
|move|p2a: Electrode|Substitute|p2a: Electrode
|-start|p2a: Electrode|Substitute
|-damage|p2a: Electrode|76/100
|move|p1a: Tata|Stone Axe|p2a: Electrode
|-end|p2a: Electrode|Substitute
|-sidestart|p2: p2|move: Stealth Rock
|
|-heal|p2a: Electrode|82/100|[from] item: Leftovers
|turn|2
|
|move|p2a: Electrode|Substitute|p2a: Electrode
|-start|p2a: Electrode|Substitute
|-damage|p2a: Electrode|57/100
|move|p1a: Tata|Stone Axe|p2a: Electrode|[miss]
|-miss|p1a: Tata|p2a: Electrode
|
|-heal|p2a: Electrode|63/100|[from] item: Leftovers
|turn|3
|
|move|p2a: Electrode|Thunder Wave|p1a: Tata
|-status|p1a: Tata|par
|move|p1a: Tata|Night Slash|p2a: Electrode
|-end|p2a: Electrode|Substitute
|
|-heal|p2a: Electrode|69/100|[from] item: Leftovers
|turn|4
|
|move|p2a: Electrode|Leech Seed|p1a: Tata
|-start|p1a: Tata|move: Leech Seed
|cant|p1a: Tata|par
|
|-heal|p2a: Electrode|75/100|[from] item: Leftovers
|-damage|p1a: Tata|88/100 par|[from] Leech Seed|[of] p2a: Electrode
|-heal|p2a: Electrode|89/100|[silent]
|turn|5
|
|move|p2a: Electrode|Substitute|p2a: Electrode
|-start|p2a: Electrode|Substitute
|-damage|p2a: Electrode|64/100
|move|p1a: Tata|Night Slash|p2a: Electrode
|-end|p2a: Electrode|Substitute
|
|-heal|p2a: Electrode|70/100|[from] item: Leftovers
|-damage|p1a: Tata|76/100 par|[from] Leech Seed|[of] p2a: Electrode
|-heal|p2a: Electrode|83/100|[silent]
|turn|6
|
|move|p2a: Electrode|Substitute|p2a: Electrode
|-start|p2a: Electrode|Substitute
|-damage|p2a: Electrode|59/100
|move|p1a: Tata|U-turn|p2a: Electrode
|-supereffective|p2a: Electrode
|-end|p2a: Electrode|Substitute
|
|switch|p1a: Pelippo|Pelipper, M|100/100|[from] U-turn
|-weather|RainDance|[from] ability: Drizzle|[of] p1a: Pelippo
|
|-weather|RainDance|[upkeep]
|-heal|p2a: Electrode|65/100|[from] item: Leftovers
|turn|7
|
|switch|p1a: No-hated Lando|Great Tusk|100/100
|move|p2a: Electrode|Volt Switch|p1a: No-hated Lando
|-immune|p1a: No-hated Lando
|
|-weather|RainDance|[upkeep]
|-heal|p2a: Electrode|71/100|[from] item: Leftovers
|turn|8
|
|move|p2a: Electrode|Substitute|p2a: Electrode
|-start|p2a: Electrode|Substitute
|-damage|p2a: Electrode|46/100
|move|p1a: No-hated Lando|Knock Off|p2a: Electrode
|-end|p2a: Electrode|Substitute
|
|-weather|RainDance|[upkeep]
|-heal|p2a: Electrode|52/100|[from] item: Leftovers
|turn|9
|
|move|p2a: Electrode|Leech Seed|p1a: No-hated Lando
|-start|p1a: No-hated Lando|move: Leech Seed
|move|p1a: No-hated Lando|Knock Off|p2a: Electrode
|-damage|p2a: Electrode|0 fnt
|-enditem|p2a: Electrode|Leftovers|[from] move: Knock Off|[of] p1a: No-hated Lando
|faint|p2a: Electrode
|
|-weather|RainDance|[upkeep]
|
|switch|p2a: Mesprit|Mesprit|100/100
|-damage|p2a: Mesprit|88/100|[from] Stealth Rock
|turn|10
|
|-end|p1a: No-hated Lando|Protosynthesis|[silent]
|switch|p1a: Tata|Kleavor, M|76/100 par
|move|p2a: Mesprit|Reflect|p2a: Mesprit
|-sidestart|p2: p2|Reflect
|
|-weather|RainDance|[upkeep]
|turn|11
|
|move|p2a: Mesprit|Light Screen|p2a: Mesprit
|-sidestart|p2: p2|move: Light Screen
|move|p1a: Tata|Night Slash|p2a: Mesprit
|-supereffective|p2a: Mesprit
|-damage|p2a: Mesprit|54/100
|
|-weather|RainDance|[upkeep]
|turn|12
|
|move|p2a: Mesprit|Future Sight|p1a: Tata
|-start|p2a: Mesprit|move: Future Sight
|move|p1a: Tata|Night Slash|p2a: Mesprit
|-supereffective|p2a: Mesprit
|-damage|p2a: Mesprit|21/100
|
|-weather|RainDance|[upkeep]
|turn|13
|
|switch|p2a: Great Tusk|Great Tusk|100/100
|move|p1a: Tata|U-turn|p2a: Great Tusk
|-resisted|p2a: Great Tusk
|-damage|p2a: Great Tusk|96/100
|
|switch|p1a: Basculona|Basculegion-F, F|100/100|[from] U-turn
|
|-weather|none
|turn|14
|
|-end|p2a: Great Tusk|Protosynthesis|[silent]
|switch|p2a: Magearna|Magearna|100/100
|-damage|p2a: Magearna|95/100|[from] Stealth Rock
|-terastallize|p1a: Basculona|Water
|move|p1a: Basculona|Surf|p2a: Magearna
|-damage|p2a: Magearna|49/100
|
|-end|p1a: Basculona|move: Future Sight
|-damage|p1a: Basculona|54/100
|-heal|p2a: Magearna|55/100|[from] item: Leftovers
|turn|15
|
|switch|p1a: No-hated Lando|Great Tusk|100/100
|-terastallize|p2a: Magearna|Water
|move|p2a: Magearna|Shift Gear|p2a: Magearna
|-boost|p2a: Magearna|spe|2
|-boost|p2a: Magearna|atk|1
|
|-heal|p2a: Magearna|61/100|[from] item: Leftovers
|turn|16
|
|move|p2a: Magearna|Calm Mind|p2a: Magearna
|-boost|p2a: Magearna|spa|1
|-boost|p2a: Magearna|spd|1
|move|p1a: No-hated Lando|Knock Off|p2a: Magearna
|-damage|p2a: Magearna|43/100
|-enditem|p2a: Magearna|Leftovers|[from] move: Knock Off|[of] p1a: No-hated Lando
|
|turn|17
|
|move|p2a: Magearna|Dazzling Gleam|p1a: No-hated Lando
|-supereffective|p1a: No-hated Lando
|-damage|p1a: No-hated Lando|0 fnt
|faint|p1a: No-hated Lando
|-ability|p2a: Magearna|Soul-Heart|boost
|-boost|p2a: Magearna|spa|1
|-end|p1a: No-hated Lando|Protosynthesis|[silent]
|
|-sideend|p2: p2|Reflect
|
|switch|p1a: Grassy Gliden't|Rillaboom, F|100/100
|-fieldstart|move: Grassy Terrain|[from] ability: Grassy Surge|[of] p1a: Grassy Gliden't
|turn|18
|
|move|p2a: Magearna|Shift Gear|p2a: Magearna
|-boost|p2a: Magearna|spe|2
|-boost|p2a: Magearna|atk|1
|move|p1a: Grassy Gliden't|Wood Hammer|p2a: Magearna
|-supereffective|p2a: Magearna
|-damage|p2a: Magearna|0 fnt
|faint|p2a: Magearna
|-damage|p1a: Grassy Gliden't|88/100|[from] Recoil
|
|-heal|p1a: Grassy Gliden't|94/100|[from] Grassy Terrain
|-sideend|p2: p2|move: Light Screen
|
|switch|p2a: Mesprit|Mesprit|21/100
|-damage|p2a: Mesprit|8/100|[from] Stealth Rock
|turn|19
|
|move|p1a: Grassy Gliden't|Wood Hammer|p2a: Mesprit
|-damage|p2a: Mesprit|0 fnt
|faint|p2a: Mesprit
|-damage|p1a: Grassy Gliden't|91/100|[from] Recoil
|
|-heal|p1a: Grassy Gliden't|98/100|[from] Grassy Terrain
|
|switch|p2a: Goodra|Goodra-Hisui, F|100/100
|-damage|p2a: Goodra|94/100|[from] Stealth Rock
|turn|20
|
|switch|p1a: Tata|Kleavor, M|76/100 par
|move|p2a: Goodra|Heavy Slam|p1a: Tata
|-supereffective|p1a: Tata
|-damage|p1a: Tata|11/100 par
|
|-heal|p1a: Tata|17/100 par|[from] Grassy Terrain
|-heal|p2a: Goodra|100/100|[from] Grassy Terrain
|turn|21
|
|move|p1a: Tata|Close Combat|p2a: Goodra
|-supereffective|p2a: Goodra
|-damage|p2a: Goodra|25/100
|-unboost|p1a: Tata|def|1
|-unboost|p1a: Tata|spd|1
|move|p2a: Goodra|Heavy Slam|p1a: Tata
|-supereffective|p1a: Tata
|-damage|p1a: Tata|0 fnt
|faint|p1a: Tata
|
|-heal|p2a: Goodra|31/100|[from] Grassy Terrain
|
|switch|p1a: Past Weavile|Sneasler, M|100/100
|-enditem|p1a: Past Weavile|Grassy Seed
|-boost|p1a: Past Weavile|def|1|[from] item: Grassy Seed
|turn|22
|
|move|p1a: Past Weavile|Close Combat|p2a: Goodra
|-supereffective|p2a: Goodra
|-damage|p2a: Goodra|0 fnt
|-unboost|p1a: Past Weavile|def|1
|-unboost|p1a: Past Weavile|spd|1
|faint|p2a: Goodra
|
|-fieldend|move: Grassy Terrain
|
|switch|p2a: Great Tusk|Great Tusk|96/100
|turn|23
|
|switch|p1a: Pelippo|Pelipper, M|100/100
|-weather|RainDance|[from] ability: Drizzle|[of] p1a: Pelippo
|move|p2a: Great Tusk|Rapid Spin|p1a: Pelippo
|-damage|p1a: Pelippo|89/100
|-boost|p2a: Great Tusk|spe|1
|-sideend|p2: p2|Stealth Rock|[from] move: Rapid Spin|[of] p2a: Great Tusk
|
|-weather|RainDance|[upkeep]
|turn|24
|
|move|p2a: Great Tusk|Rapid Spin|p1a: Pelippo
|-damage|p1a: Pelippo|77/100
|-boost|p2a: Great Tusk|spe|1
|move|p1a: Pelippo|Surf|p2a: Great Tusk
|-supereffective|p2a: Great Tusk
|-damage|p2a: Great Tusk|0 fnt
|faint|p2a: Great Tusk
|-end|p2a: Great Tusk|Protosynthesis|[silent]
|
|-weather|RainDance|[upkeep]
|
|switch|p2a: Enamorus|Enamorus, F|100/100
|turn|25
|
|move|p2a: Enamorus|Play Rough|p1a: Pelippo
|-damage|p1a: Pelippo|31/100
|move|p1a: Pelippo|Surf|p2a: Enamorus
|-damage|p2a: Enamorus|39/100
|
|-weather|RainDance|[upkeep]
|turn|26
|-message|p2 forfeited.
|
|win|p1
