# advantage = p2
|poke|p1|Typhlosion-Hisui, M|
|poke|p1|Landorus-Therian, M|
|poke|p1|Samurott-Hisui, M|
|poke|p1|Goodra-Hisui, F|
|poke|p1|Sneasler, M|
|poke|p1|Glimmora, F|
|poke|p2|Goodra-Hisui, F|
|poke|p2|Decidueye-Hisui, M|
|poke|p2|Zapdos|
|poke|p2|Landorus-Therian, M|
|poke|p2|Heatran, M|
|poke|p2|Basculegion-F, F|
|teampreview
|
|start
|switch|p1a: Glimmora|Glimmora, F, shiny|100/100
|switch|p2a: Landorus|Landorus-Therian, M|100/100
|-ability|p2a: Landorus|Intimidate|boost
|-unboost|p1a: Glimmora|atk|1
|turn|1
|
|move|p2a: Landorus|U-turn|p1a: Glimmora
|-resisted|p1a: Glimmora
|-damage|p1a: Glimmora|84/100
|-activate|p1a: Glimmora|ability: Toxic Debris
|-sidestart|p2: p2|move: Toxic Spikes
|
|switch|p2a: Goodra|Goodra-Hisui, F|100/100|[from] U-turn
|move|p1a: Glimmora|Mortal Spin|p2a: Goodra
|-immune|p2a: Goodra
|
|turn|2
|
|move|p1a: Glimmora|Earth Power|p2a: Goodra
|-supereffective|p2a: Goodra
|-damage|p2a: Goodra|61/100
|-unboost|p2a: Goodra|spd|1
|move|p2a: Goodra|Draco Meteor|p1a: Glimmora
|-damage|p1a: Glimmora|0 fnt
|-unboost|p2a: Goodra|spa|2
|faint|p1a: Glimmora
|
|
|switch|p1a: Typhlosion|Typhlosion-Hisui, M, shiny|100/100
|turn|3
|
|switch|p2a: Heatran|Heatran, M|100/100
|move|p1a: Typhlosion|Substitute|p1a: Typhlosion
|-start|p1a: Typhlosion|Substitute
|-damage|p1a: Typhlosion|76/100
|
|turn|4
|
|move|p1a: Typhlosion|Calm Mind|p1a: Typhlosion
|-boost|p1a: Typhlosion|spa|1
|-boost|p1a: Typhlosion|spd|1
|move|p2a: Heatran|Earth Power|p1a: Typhlosion
|-supereffective|p1a: Typhlosion
|-end|p1a: Typhlosion|Substitute
|
|turn|5
|
|move|p1a: Typhlosion|Infernal Parade|p2a: Heatran
|-damage|p2a: Heatran|52/100
|move|p2a: Heatran|Earth Power|p1a: Typhlosion
|-supereffective|p1a: Typhlosion
|-damage|p1a: Typhlosion|16/100
|-enditem|p1a: Typhlosion|Salac Berry|[eat]
|-boost|p1a: Typhlosion|spe|1|[from] item: Salac Berry
|
|-heal|p2a: Heatran|58/100|[from] item: Leftovers
|turn|6
|
|-terastallize|p1a: Typhlosion|Ghost
|move|p1a: Typhlosion|Infernal Parade|p2a: Heatran
|-damage|p2a: Heatran|0 fnt
|faint|p2a: Heatran
|
|
|switch|p2a: Landorus|Landorus-Therian, M|100/100
|-ability|p2a: Landorus|Intimidate|boost
|-unboost|p1a: Typhlosion|atk|1
|turn|7
|
|move|p1a: Typhlosion|Lava Plume|p2a: Landorus
|-damage|p2a: Landorus|0 fnt
|faint|p2a: Landorus
|
|
|switch|p2a: Basculegion|Basculegion-F, F|100/100
|-status|p2a: Basculegion|psn
|turn|8
|
|move|p1a: Typhlosion|Infernal Parade|p2a: Basculegion
|-supereffective|p2a: Basculegion
|-damage|p2a: Basculegion|0 fnt
|faint|p2a: Basculegion
|
|
|switch|p2a: Decidueye|Decidueye-Hisui, M|100/100
|turn|9
|
|-terastallize|p2a: Decidueye|Water
|move|p1a: Typhlosion|Lava Plume|p2a: Decidueye
|-resisted|p2a: Decidueye
|-damage|p2a: Decidueye|62/100
|move|p2a: Decidueye|U-turn|p1a: Typhlosion
|-resisted|p1a: Typhlosion
|-damage|p1a: Typhlosion|4/100
|
|switch|p2a: Goodra|Goodra-Hisui, F|61/100|[from] U-turn
|
|turn|10
|
|move|p1a: Typhlosion|Lava Plume|p2a: Goodra
|-damage|p2a: Goodra|0 fnt
|faint|p2a: Goodra
|
|-message|p2 forfeited.
|
|win|p1
