|poke|p1|Landorus-Therian, M|
|poke|p1|Tyranitar, F|
|poke|p1|Zapdos|
|poke|p1|Meowscarada, M|
|poke|p1|Cinderace, F|
|poke|p1|Sneasler, F|
|poke|p2|Avalugg-Hisui, F|
|poke|p2|Ursaluna, F|
|poke|p2|Magearna|
|poke|p2|Kingambit, F|
|poke|p2|Slowking-Galar, F|
|poke|p2|Cresselia, F|
|teampreview
|
|start
|switch|p1a: Landorus|Landorus-Therian, M|100/100
|switch|p2a: Cresselia|Cresselia, F|100/100
|-ability|p1a: Landorus|Intimidate|boost
|-unboost|p2a: Cresselia|atk|1
|turn|1
|
|move|p1a: Landorus|U-turn|p2a: Cresselia
|-supereffective|p2a: Cresselia
|-damage|p2a: Cresselia|69/100
|
|switch|p1a: Cinderace|Cinderace, F|100/100|[from] U-turn
|move|p2a: Cresselia|Ice Beam|p1a: Cinderace
|-resisted|p1a: Cinderace
|-damage|p1a: Cinderace|90/100
|
|turn|2
|
|switch|p2a: mega table of DOOM|Avalugg-Hisui, F|100/100
|move|p1a: Cinderace|U-turn|p2a: mega table of DOOM
|-start|p1a: Cinderace|typechange|Bug|[from] ability: Libero
|-damage|p2a: mega table of DOOM|75/100
|
|switch|p1a: Landorus|Landorus-Therian, M|100/100|[from] U-turn
|-ability|p1a: Landorus|Intimidate|boost
|-unboost|p2a: mega table of DOOM|atk|1
|
|turn|3
|
|move|p1a: Landorus|U-turn|p2a: mega table of DOOM
|-damage|p2a: mega table of DOOM|63/100
|
|switch|p1a: Cinderace|Cinderace, F|90/100|[from] U-turn
|move|p2a: mega table of DOOM|Mountain Gale|p1a: Cinderace
|-resisted|p1a: Cinderace
|-damage|p1a: Cinderace|69/100
|
|turn|4
|
|move|p1a: Cinderace|U-turn|p2a: mega table of DOOM
|-start|p1a: Cinderace|typechange|Bug|[from] ability: Libero
|-damage|p2a: mega table of DOOM|37/100
|
|switch|p1a: Tyranitar|Tyranitar, F|100/100|[from] U-turn
|-weather|Sandstorm|[from] ability: Sand Stream|[of] p1a: Tyranitar
|move|p2a: mega table of DOOM|Stone Edge|p1a: Tyranitar
|-damage|p1a: Tyranitar|79/100
|
|-weather|Sandstorm|[upkeep]
|-heal|p1a: Tyranitar|86/100|[from] item: Leftovers
|turn|5
|
|move|p1a: Tyranitar|Rock Blast|p2a: mega table of DOOM
|-supereffective|p2a: mega table of DOOM
|-damage|p2a: mega table of DOOM|26/100
|-supereffective|p2a: mega table of DOOM
|-damage|p2a: mega table of DOOM|15/100
|-supereffective|p2a: mega table of DOOM
|-damage|p2a: mega table of DOOM|4/100
|-hitcount|p2a: mega table of DOOM|3
|move|p2a: mega table of DOOM|Body Press|p1a: Tyranitar
|-supereffective|p1a: Tyranitar
|-damage|p1a: Tyranitar|0 fnt
|faint|p1a: Tyranitar
|
|-weather|Sandstorm|[upkeep]
|
|switch|p1a: Landorus|Landorus-Therian, M|100/100
|-ability|p1a: Landorus|Intimidate|boost
|-unboost|p2a: mega table of DOOM|atk|1
|turn|6
|
|switch|p2a: Magearna|Magearna|100/100
|move|p1a: Landorus|U-turn|p2a: Magearna
|-resisted|p2a: Magearna
|-crit|p2a: Magearna
|-damage|p2a: Magearna|94/100
|
|switch|p1a: Cinderace|Cinderace, F|69/100|[from] U-turn
|
|-weather|Sandstorm|[upkeep]
|-damage|p1a: Cinderace|63/100|[from] Sandstorm
|-heal|p2a: Magearna|99/100|[from] item: Leftovers
|turn|7
|
|switch|p2a: Cresselia|Cresselia, F|69/100
|-terastallize|p1a: Cinderace|Fire
|move|p1a: Cinderace|Pyro Ball|p2a: Cresselia
|-damage|p2a: Cresselia|0 fnt
|faint|p2a: Cresselia
|
|-weather|Sandstorm|[upkeep]
|-damage|p1a: Cinderace|57/100|[from] Sandstorm
|
|switch|p2a: Slowking|Slowking-Galar, F|100/100
|turn|8
|
|-terastallize|p2a: Slowking|Water
|move|p1a: Cinderace|Pyro Ball|p2a: Slowking
|-resisted|p2a: Slowking
|-damage|p2a: Slowking|42/100
|move|p2a: Slowking|Trick Room|p2a: Slowking
|-fieldstart|move: Trick Room|[of] p2a: Slowking
|
|-weather|none
|turn|9
|
|switch|p1a: Meowscarada|Meowscarada, M|100/100
|move|p2a: Slowking|Surf|p1a: Meowscarada
|-resisted|p1a: Meowscarada
|-damage|p1a: Meowscarada|66/100
|
|turn|10
|
|switch|p1a: Landorus|Landorus-Therian, M|100/100
|-ability|p1a: Landorus|Intimidate|boost
|-unboost|p2a: Slowking|atk|1
|move|p2a: Slowking|Chilly Reception|p2a: Slowking
|-weather|Snow
|
|switch|p2a: mega table of DOOM|Avalugg-Hisui, F|4/100|[from] Chilly Reception
|
|-weather|Snow|[upkeep]
|turn|11
|
|switch|p1a: Zapdos|Zapdos|100/100
|move|p2a: mega table of DOOM|Mountain Gale|p1a: Zapdos
|-supereffective|p1a: Zapdos
|-damage|p1a: Zapdos|17/100
|
|-weather|Snow|[upkeep]
|turn|12
|
|move|p2a: mega table of DOOM|Mountain Gale|p1a: Zapdos
|-supereffective|p1a: Zapdos
|-damage|p1a: Zapdos|0 fnt
|faint|p1a: Zapdos
|
|-weather|Snow|[upkeep]
|-fieldend|move: Trick Room
|
|switch|p1a: Meowscarada|Meowscarada, M|66/100
|turn|13
|
|switch|p2a: Magearna|Magearna|99/100
|move|p1a: Meowscarada|U-turn|p2a: Magearna
|-start|p1a: Meowscarada|typechange|Bug|[from] ability: Protean
|-resisted|p2a: Magearna
|-damage|p2a: Magearna|92/100
|
|switch|p1a: Cinderace|Cinderace, F, tera:Fire|57/100|[from] U-turn
|
|-weather|Snow|[upkeep]
|-heal|p2a: Magearna|98/100|[from] item: Leftovers
|turn|14
|
|switch|p2a: mega table of DOOM|Avalugg-Hisui, F|4/100
|move|p1a: Cinderace|Pyro Ball|p2a: mega table of DOOM|[miss]
|-miss|p1a: Cinderace|p2a: mega table of DOOM
|
|-weather|none
|turn|15
|
|move|p1a: Cinderace|Pyro Ball|p2a: mega table of DOOM
|-damage|p2a: mega table of DOOM|0 fnt
|faint|p2a: mega table of DOOM
|
|
|switch|p2a: Slowking|Slowking-Galar, F, tera:Water|75/100
|turn|16
|
|switch|p1a: Sneasler|Sneasler, F|100/100
|move|p2a: Slowking|Trick Room|p2a: Slowking
|-fieldstart|move: Trick Room|[of] p2a: Slowking
|
|turn|17
|
|move|p2a: Slowking|Chilly Reception|p2a: Slowking
|-weather|Snow
|
|switch|p2a: Magearna|Magearna|98/100|[from] Chilly Reception
|move|p1a: Sneasler|Close Combat|p2a: Magearna
|-damage|p2a: Magearna|46/100
|-unboost|p1a: Sneasler|def|1
|-unboost|p1a: Sneasler|spd|1
|-enditem|p1a: Sneasler|White Herb
|-clearnegativeboost|p1a: Sneasler|[silent]
|
|-weather|Snow|[upkeep]
|-heal|p2a: Magearna|52/100|[from] item: Leftovers
|turn|18
|
|switch|p1a: Landorus|Landorus-Therian, M|100/100
|-ability|p1a: Landorus|Intimidate|boost
|-unboost|p2a: Magearna|atk|1
|move|p2a: Magearna|Fleur Cannon|p1a: Landorus
|-damage|p1a: Landorus|23/100
|-unboost|p2a: Magearna|spa|2
|
|-weather|Snow|[upkeep]
|-heal|p2a: Magearna|58/100|[from] item: Leftovers
|-heal|p1a: Landorus|29/100|[from] item: Leftovers
|turn|19
|
|move|p2a: Magearna|Fleur Cannon|p1a: Landorus
|-damage|p1a: Landorus|0 fnt
|-unboost|p2a: Magearna|spa|2
|faint|p1a: Landorus
|-ability|p2a: Magearna|Soul-Heart|boost
|-boost|p2a: Magearna|spa|1
|
|-weather|Snow|[upkeep]
|-heal|p2a: Magearna|64/100|[from] item: Leftovers
|
|switch|p1a: Sneasler|Sneasler, F|100/100
|turn|20
|
|move|p2a: Magearna|Volt Switch|p1a: Sneasler
|-damage|p1a: Sneasler|87/100
|
|switch|p2a: Ursaluna|Ursaluna, F|100/100|[from] Volt Switch
|move|p1a: Sneasler|Swords Dance|p1a: Sneasler
|-boost|p1a: Sneasler|atk|2
|
|-weather|Snow|[upkeep]
|-fieldend|move: Trick Room
|-status|p2a: Ursaluna|brn|[from] item: Flame Orb
|turn|21
|
|move|p1a: Sneasler|Close Combat|p2a: Ursaluna
|-supereffective|p2a: Ursaluna
|-damage|p2a: Ursaluna|0 fnt
|-unboost|p1a: Sneasler|def|1
|-unboost|p1a: Sneasler|spd|1
|faint|p2a: Ursaluna
|
|-weather|none
|
|switch|p2a: Kingambit|Kingambit, F|100/100
|-activate|p2a: Kingambit|ability: Supreme Overlord
|-start|p2a: Kingambit|fallen3|[silent]
|turn|22
|
|switch|p1a: Meowscarada|Meowscarada, M|66/100
|move|p2a: Kingambit|Kowtow Cleave|p1a: Meowscarada
|-resisted|p1a: Meowscarada
|-damage|p1a: Meowscarada|14/100
|
|turn|23
|
|switch|p1a: Sneasler|Sneasler, F|87/100
|move|p2a: Kingambit|Iron Head|p1a: Sneasler
|-damage|p1a: Sneasler|0 fnt
|faint|p1a: Sneasler
|
|
|switch|p1a: Cinderace|Cinderace, F, tera:Fire|57/100
|turn|24
|
|-end|p2a: Kingambit|fallen3|[silent]
|switch|p2a: Slowking|Slowking-Galar, F, tera:Water|100/100
|move|p1a: Cinderace|Pyro Ball|p2a: Slowking|[miss]
|-miss|p1a: Cinderace|p2a: Slowking
|
|turn|25
|
|move|p1a: Cinderace|Pyro Ball|p2a: Slowking|[miss]
|-miss|p1a: Cinderace|p2a: Slowking
|move|p2a: Slowking|Chilly Reception|p2a: Slowking
|-weather|Snow
|
|switch|p2a: Magearna|Magearna|64/100|[from] Chilly Reception
|
|-weather|Snow|[upkeep]
|-heal|p2a: Magearna|70/100|[from] item: Leftovers
|turn|26
|
|switch|p1a: Meowscarada|Meowscarada, M|14/100
|switch|p2a: Slowking|Slowking-Galar, F, tera:Water|100/100
|
|-weather|Snow|[upkeep]
|turn|27
|
|switch|p2a: Kingambit|Kingambit, F|100/100
|-activate|p2a: Kingambit|ability: Supreme Overlord
|-start|p2a: Kingambit|fallen3|[silent]
|move|p1a: Meowscarada|Flower Trick|p2a: Kingambit
|-start|p1a: Meowscarada|typechange|Grass|[from] ability: Protean
|-resisted|p2a: Kingambit
|-crit|p2a: Kingambit
|-damage|p2a: Kingambit|80/100
|
|-weather|Snow|[upkeep]
|-heal|p2a: Kingambit|87/100|[from] item: Leftovers
|turn|28
|
|switch|p1a: Cinderace|Cinderace, F, tera:Fire|57/100
|move|p2a: Kingambit|Iron Head|p1a: Cinderace
|-resisted|p1a: Cinderace
|-damage|p1a: Cinderace|15/100
|
|-weather|Snow|[upkeep]
|-heal|p2a: Kingambit|93/100|[from] item: Leftovers
|turn|29
|
|move|p2a: Kingambit|Sucker Punch|p1a: Cinderace
|-damage|p1a: Cinderace|0 fnt
|faint|p1a: Cinderace
|
|-weather|none
|-heal|p2a: Kingambit|99/100|[from] item: Leftovers
|-message|dadben forfeited.
|
|win|XxH0meland3r420xX
|l|☆dadben
