|poke|p1|Glimmora, F|
|poke|p1|Great Tusk|
|poke|p1|Gholdengo|
|poke|p1|Kingambit, M|
|poke|p1|Iron Valiant|
|poke|p1|Roaring Moon|
|poke|p2|Typhlosion-Hisui, M|
|poke|p2|Dragapult, M|
|poke|p2|Magearna|
|poke|p2|Urshifu-*, M|
|poke|p2|Zapdos|
|poke|p2|Great Tusk|
|teampreview
|
|start
|switch|p1a: Roaring Moon|Roaring Moon|100/100
|switch|p2a: Zapdos|Zapdos|100/100
|-enditem|p1a: Roaring Moon|Booster Energy
|-activate|p1a: Roaring Moon|ability: Protosynthesis|[fromitem]
|-start|p1a: Roaring Moon|protosynthesisatk
|turn|1
|
|move|p1a: Roaring Moon|Dragon Dance|p1a: Roaring Moon
|-boost|p1a: Roaring Moon|atk|1
|-boost|p1a: Roaring Moon|spe|1
|move|p2a: Zapdos|Volt Switch|p1a: Roaring Moon
|-resisted|p1a: Roaring Moon
|-damage|p1a: Roaring Moon|88/100
|
|switch|p2a: Urshifu|Urshifu-Rapid-Strike, M|100/100|[from] Volt Switch
|
|turn|2
|
|-terastallize|p1a: Roaring Moon|Flying
|move|p1a: Roaring Moon|Acrobatics|p2a: Urshifu
|-supereffective|p2a: Urshifu
|-damage|p2a: Urshifu|0 fnt
|faint|p2a: Urshifu
|
|
|switch|p2a: Zapdos|Zapdos|100/100
|turn|3
|
|move|p1a: Roaring Moon|Crunch|p2a: Zapdos
|-damage|p2a: Zapdos|35/100
|move|p2a: Zapdos|Volt Switch|p1a: Roaring Moon
|-supereffective|p1a: Roaring Moon
|-damage|p1a: Roaring Moon|29/100
|
|switch|p2a: Magearna|Magearna|100/100|[from] Volt Switch
|
|turn|4
|
|move|p1a: Roaring Moon|Earthquake|p2a: Magearna
|-supereffective|p2a: Magearna
|-damage|p2a: Magearna|0 fnt
|faint|p2a: Magearna
|
|
|switch|p2a: Zapdos|Zapdos|35/100
|turn|5
|
|move|p1a: Roaring Moon|Crunch|p2a: Zapdos
|-damage|p2a: Zapdos|0 fnt
|faint|p2a: Zapdos
|
|
|switch|p2a: Dragapult|Dragapult, M|100/100
|turn|6
|
|move|p1a: Roaring Moon|Crunch|p2a: Dragapult
|-supereffective|p2a: Dragapult
|-damage|p2a: Dragapult|0 fnt
|faint|p2a: Dragapult
|
|
|switch|p2a: Typhlosion|Typhlosion-Hisui, M|100/100
|turn|7
|
|move|p1a: Roaring Moon|Crunch|p2a: Typhlosion
|-supereffective|p2a: Typhlosion
|-damage|p2a: Typhlosion|0 fnt
|faint|p2a: Typhlosion
|
|
|switch|p2a: Great Tusk|Great Tusk|100/100
|-enditem|p2a: Great Tusk|Booster Energy
|-activate|p2a: Great Tusk|ability: Protosynthesis|[fromitem]
|-start|p2a: Great Tusk|protosynthesisspe
|turn|8
|
|move|p1a: Roaring Moon|Acrobatics|p2a: Great Tusk
|-supereffective|p2a: Great Tusk
|-damage|p2a: Great Tusk|0 fnt
|faint|p2a: Great Tusk
|-end|p2a: Great Tusk|Protosynthesis|[silent]
|
|win|Sr.Haruno
