|poke|p1|Torkoal, M|
|poke|p1|Lilligant-Hisui, F|
|poke|p1|Walking Wake|
|poke|p1|Arcanine-Hisui, M|
|poke|p1|Hatterene, F|
|poke|p1|Great Tusk|
|poke|p2|Ursaluna, F|
|poke|p2|Magearna|
|poke|p2|Slowking, F|
|poke|p2|Crabominable, M|
|poke|p2|Cinderace, F|
|poke|p2|Hoopa|
|teampreview
|
|start
|switch|p1a: Arcanine|Arcanine-Hisui, M|100/100
|switch|p2a: Hoopa|Hoopa|100/100
|turn|1
|
|move|p1a: Arcanine|Flare Blitz|p2a: Hoopa
|-enditem|p2a: Hoopa|Focus Sash
|-damage|p2a: Hoopa|1/100
|move|p2a: Hoopa|Trick Room|p2a: Hoopa
|-fieldstart|move: Trick Room|[of] p2a: Hoopa
|
|turn|2
|
|move|p2a: Hoopa|Shadow Ball|p1a: Arcanine
|-damage|p1a: Arcanine|39/100
|-unboost|p1a: Arcanine|spd|1
|-item|p2a: Hoopa|Choice Band|[from] ability: Magician|[of] p1a: Arcanine
|move|p1a: Arcanine|Flare Blitz|p2a: Hoopa
|-crit|p2a: Hoopa
|-damage|p2a: Hoopa|0 fnt
|faint|p2a: Hoopa
|
|
|switch|p2a: Ursaluna|Ursaluna, F|100/100
|turn|3
|
|switch|p1a: Hatterene|Hatterene, F|100/100
|move|p2a: Ursaluna|Swords Dance|p2a: Ursaluna
|-boost|p2a: Ursaluna|atk|2
|
|-status|p2a: Ursaluna|brn|[from] item: Flame Orb
|turn|4
|
|switch|p1a: Arcanine|Arcanine-Hisui, M|39/100
|move|p2a: Ursaluna|Facade|p1a: Arcanine
|-resisted|p1a: Arcanine
|-damage|p1a: Arcanine|0 fnt
|faint|p1a: Arcanine
|
|-damage|p2a: Ursaluna|94/100 brn|[from] brn
|
|switch|p1a: Lilligant|Lilligant-Hisui, F|100/100
|turn|5
|
|move|p2a: Ursaluna|Facade|p1a: Lilligant
|-enditem|p1a: Lilligant|Focus Sash
|-damage|p1a: Lilligant|1/100
|move|p1a: Lilligant|Close Combat|p2a: Ursaluna
|-supereffective|p2a: Ursaluna
|-damage|p2a: Ursaluna|16/100 brn
|-unboost|p1a: Lilligant|def|1
|-unboost|p1a: Lilligant|spd|1
|
|-damage|p2a: Ursaluna|10/100 brn|[from] brn
|-fieldend|move: Trick Room
|turn|6
|
|switch|p2a: Cinderace|Cinderace, F|100/100
|move|p1a: Lilligant|Close Combat|p2a: Cinderace
|-damage|p2a: Cinderace|15/100
|-unboost|p1a: Lilligant|def|1
|-unboost|p1a: Lilligant|spd|1
|
|turn|7
|
|switch|p1a: Great Tusk|Great Tusk, shiny|100/100
|move|p2a: Cinderace|U-turn|p1a: Great Tusk
|-start|p2a: Cinderace|typechange|Bug|[from] ability: Libero
|-resisted|p1a: Great Tusk
|-damage|p1a: Great Tusk|93/100
|
|switch|p2a: Slowking|Slowking, F|100/100|[from] U-turn
|
|-heal|p1a: Great Tusk|99/100|[from] item: Leftovers
|turn|8
|
|move|p1a: Great Tusk|Stealth Rock|p2a: Slowking
|-sidestart|p2: p2|move: Stealth Rock
|move|p2a: Slowking|Psychic|p1a: Great Tusk
|-supereffective|p1a: Great Tusk
|-damage|p1a: Great Tusk|10/100
|
|-heal|p1a: Great Tusk|16/100|[from] item: Leftovers
|turn|9
|
|move|p1a: Great Tusk|Knock Off|p2a: Slowking
|-supereffective|p2a: Slowking
|-damage|p2a: Slowking|62/100
|-enditem|p2a: Slowking|Lagging Tail|[from] move: Knock Off|[of] p1a: Great Tusk
|move|p2a: Slowking|Chilly Reception|p2a: Slowking
|-weather|Snow
|
|switch|p2a: Cinderace|Cinderace, F|15/100|[from] Chilly Reception
|
|-weather|Snow|[upkeep]
|-heal|p1a: Great Tusk|23/100|[from] item: Leftovers
|turn|10
|
|move|p2a: Cinderace|Pyro Ball|p1a: Great Tusk
|-damage|p1a: Great Tusk|0 fnt
|faint|p1a: Great Tusk
|-end|p1a: Great Tusk|Protosynthesis|[silent]
|
|-weather|Snow|[upkeep]
|
|switch|p1a: Torkoal|Torkoal, M|100/100
|-weather|SunnyDay|[from] ability: Drought|[of] p1a: Torkoal
|turn|11
|
|move|p2a: Cinderace|Court Change|p2a: Cinderace
|-start|p2a: Cinderace|typechange|Normal|[from] ability: Libero
|-swapsideconditions
|-activate|p2a: Cinderace|move: Court Change
|move|p1a: Torkoal|Rapid Spin|p2a: Cinderace
|-damage|p2a: Cinderace|1/100
|-boost|p1a: Torkoal|spe|1
|-sideend|p1: p1|Stealth Rock|[from] move: Rapid Spin|[of] p1a: Torkoal
|
|-weather|SunnyDay|[upkeep]
|turn|12
|
|move|p2a: Cinderace|U-turn|p1a: Torkoal
|-resisted|p1a: Torkoal
|-damage|p1a: Torkoal|94/100
|
|switch|p2a: Slowking|Slowking, F|96/100|[from] U-turn
|move|p1a: Torkoal|Yawn|p2a: Slowking
|-start|p2a: Slowking|move: Yawn|[of] p1a: Torkoal
|
|-weather|SunnyDay|[upkeep]
|turn|13
|
|switch|p1a: Hatterene|Hatterene, F|100/100
|move|p2a: Slowking|Chilly Reception|p2a: Slowking
|-weather|Snow
|
|switch|p2a: Magearna|Magearna|100/100|[from] Chilly Reception
|
|-weather|Snow|[upkeep]
|turn|14
|
|move|p1a: Hatterene|Nuzzle|p2a: Magearna
|-crit|p2a: Magearna
|-damage|p2a: Magearna|95/100
|-status|p2a: Magearna|par
|move|p2a: Magearna|Trick Room|p2a: Magearna
|-fieldstart|move: Trick Room|[of] p2a: Magearna
|
|-weather|Snow|[upkeep]
|turn|15
|
|-terastallize|p1a: Hatterene|Steel
|cant|p2a: Magearna|par
|move|p1a: Hatterene|Psychic|p2a: Magearna
|-resisted|p2a: Magearna
|-damage|p2a: Magearna|77/100 par
|
|-weather|Snow|[upkeep]
|turn|16
|
|move|p2a: Magearna|Volt Switch|p1a: Hatterene
|-damage|p1a: Hatterene|72/100
|-enditem|p1a: Hatterene|Eject Button
|
|switch|p1a: Lilligant|Lilligant-Hisui, F|1/100
|
|-weather|Snow|[upkeep]
|turn|17
|
|switch|p1a: Hatterene|Hatterene, F, tera:Steel|72/100
|move|p2a: Magearna|Volt Switch|p1a: Hatterene
|-damage|p1a: Hatterene|43/100
|
|switch|p2a: Crabominable|Crabominable, M|100/100|[from] Volt Switch
|
|-weather|none
|turn|18
|
|move|p2a: Crabominable|Close Combat|p1a: Hatterene
|-supereffective|p1a: Hatterene
|-damage|p1a: Hatterene|0 fnt
|-unboost|p2a: Crabominable|def|1
|-unboost|p2a: Crabominable|spd|1
|faint|p1a: Hatterene
|-damage|p2a: Crabominable|91/100|[from] item: Life Orb
|
|-fieldend|move: Trick Room
|
|switch|p1a: Walking Wake|Walking Wake|100/100
|turn|19
|
|switch|p2a: Slowking|Slowking, F|100/100
|move|p1a: Walking Wake|Dragon Pulse|p2a: Slowking
|-damage|p2a: Slowking|45/100
|
|turn|20
|
|-end|p1a: Walking Wake|Protosynthesis|[silent]
|switch|p1a: Torkoal|Torkoal, M|94/100
|-weather|SunnyDay|[from] ability: Drought|[of] p1a: Torkoal
|switch|p2a: Magearna|Magearna|77/100 par
|
|-weather|SunnyDay|[upkeep]
|turn|21
|
|switch|p2a: Slowking|Slowking, F|78/100
|move|p1a: Torkoal|Lava Plume|p2a: Slowking
|-resisted|p2a: Slowking
|-damage|p2a: Slowking|64/100
|
|-weather|SunnyDay|[upkeep]
|turn|22
|
|switch|p1a: Walking Wake|Walking Wake|100/100
|-activate|p1a: Walking Wake|ability: Protosynthesis
|-start|p1a: Walking Wake|protosynthesisspe
|move|p2a: Slowking|Trick Room|p2a: Slowking
|-fieldstart|move: Trick Room|[of] p2a: Slowking
|
|-weather|SunnyDay|[upkeep]
|turn|23
|
|switch|p2a: Cinderace|Cinderace, F|1/100
|move|p1a: Walking Wake|Hydro Steam|p2a: Cinderace
|-supereffective|p2a: Cinderace
|-damage|p2a: Cinderace|0 fnt
|faint|p2a: Cinderace
|
|-weather|SunnyDay|[upkeep]
|
|switch|p2a: Ursaluna|Ursaluna, F|10/100 brn
|turn|24
|
|move|p2a: Ursaluna|Facade|p1a: Walking Wake
|-damage|p1a: Walking Wake|0 fnt
|faint|p1a: Walking Wake
|-end|p1a: Walking Wake|Protosynthesis|[silent]
|
|-weather|SunnyDay|[upkeep]
|-damage|p2a: Ursaluna|4/100 brn|[from] brn
|
|switch|p1a: Torkoal|Torkoal, M|94/100
|turn|25
|
|switch|p2a: Slowking|Slowking, F|98/100
|move|p1a: Torkoal|Lava Plume|p2a: Slowking
|-resisted|p2a: Slowking
|-damage|p2a: Slowking|84/100
|
|-weather|SunnyDay|[upkeep]
|turn|26
|
|switch|p1a: Lilligant|Lilligant-Hisui, F|1/100
|move|p2a: Slowking|Psychic|p1a: Lilligant
|-supereffective|p1a: Lilligant
|-damage|p1a: Lilligant|0 fnt
|faint|p1a: Lilligant
|
|-weather|SunnyDay|[upkeep]
|-fieldend|move: Trick Room
|-message|p1 forfeited.
|
|win|p2
