|poke|p1|Carbink|
|poke|p2|Enamorus, F|
|poke|p2|Zamazenta-*|
|poke|p2|Azumarill, M|
|poke|p2|Dragapult, M|
|poke|p2|Kingambit, M|
|poke|p2|Glimmora, F|
|teampreview
|
|start
|switch|p1a: Silly tiny rock|Carbink|100/100
|switch|p2a: Azumarill|Azumarill, M|100/100
|turn|1
|
|-terastallize|p1a: Silly tiny rock|Flying
|-terastallize|p2a: Azumarill|Water
|move|p1a: Silly tiny rock|Iron Defense|p1a: Silly tiny rock
|-boost|p1a: Silly tiny rock|def|2
|move|p2a: Azumarill|Liquidation|p1a: Silly tiny rock
|-damage|p1a: Silly tiny rock|74/100
|-unboost|p1a: Silly tiny rock|def|1
|
|-heal|p1a: Silly tiny rock|80/100|[from] item: Leftovers
|turn|2
|
|move|p1a: Silly tiny rock|Iron Defense|p1a: Silly tiny rock
|-boost|p1a: Silly tiny rock|def|2
|move|p2a: Azumarill|Liquidation|p1a: Silly tiny rock
|-damage|p1a: Silly tiny rock|57/100
|
|-heal|p1a: Silly tiny rock|64/100|[from] item: Leftovers
|turn|3
|
|move|p2a: Azumarill|Liquidation|p1a: Silly tiny rock
|-damage|p1a: Silly tiny rock|42/100
|move|p1a: Silly tiny rock|Body Press|p2a: Azumarill
|-damage|p2a: Azumarill|29/100
|-enditem|p2a: Azumarill|Sitrus Berry|[eat]
|-heal|p2a: Azumarill|54/100|[from] item: Sitrus Berry
|
|-heal|p1a: Silly tiny rock|48/100|[from] item: Leftovers
|turn|4
|
|move|p1a: Silly tiny rock|Body Press|p2a: Azumarill
|-damage|p2a: Azumarill|0 fnt
|faint|p2a: Azumarill
|
|-heal|p1a: Silly tiny rock|54/100|[from] item: Leftovers
|
|switch|p2a: Glimmora|Glimmora, F|100/100
|turn|5
|
|move|p2a: Glimmora|Mortal Spin|p1a: Silly tiny rock
|-damage|p1a: Silly tiny rock|52/100
|-status|p1a: Silly tiny rock|psn
|move|p1a: Silly tiny rock|Body Press|p2a: Glimmora
|-crit|p2a: Glimmora
|-enditem|p2a: Glimmora|Focus Sash
|-damage|p2a: Glimmora|1/100
|-activate|p2a: Glimmora|ability: Toxic Debris
|-sidestart|p1: p1|move: Toxic Spikes
|
|-heal|p1a: Silly tiny rock|59/100 psn|[from] item: Leftovers
|-damage|p1a: Silly tiny rock|46/100 psn|[from] psn
|turn|6
|
|move|p2a: Glimmora|Mortal Spin|p1a: Silly tiny rock
|-damage|p1a: Silly tiny rock|44/100 psn
|move|p1a: Silly tiny rock|Body Press|p2a: Glimmora
|-damage|p2a: Glimmora|0 fnt
|-activate|p2a: Glimmora|ability: Toxic Debris
|-sidestart|p1: p1|move: Toxic Spikes
|faint|p2a: Glimmora
|
|-heal|p1a: Silly tiny rock|50/100 psn|[from] item: Leftovers
|-damage|p1a: Silly tiny rock|38/100 psn|[from] psn
|
|switch|p2a: Dragapult|Dragapult, M|100/100
|turn|7
|
|move|p2a: Dragapult|Thunderbolt|p1a: Silly tiny rock
|-supereffective|p1a: Silly tiny rock
|-damage|p1a: Silly tiny rock|0 fnt
|faint|p1a: Silly tiny rock
|-damage|p2a: Dragapult|91/100|[from] item: Life Orb
|
|win|p2
