|poke|p1|Iron Valiant|
|poke|p1|Sandy Shocks|
|poke|p1|Indeedee-F, F|
|poke|p1|Sneasler, F|
|poke|p1|Arcanine-Hisui, F|
|poke|p1|Chien-Pao|
|poke|p2|Lycanroc-Dusk, F|
|poke|p2|Vivillon-Fancy, F|
|poke|p2|Gengar, M|
|poke|p2|Torkoal, M|
|poke|p2|Lucario, M|
|poke|p2|Greninja, F|
|teampreview
|
|start
|switch|p1a: McSword Mon|Chien-Pao|100/100
|switch|p2a: W|Gengar, M|100/100
|-ability|p1a: McSword Mon|Sword of Ruin
|turn|1
|
|move|p1a: McSword Mon|Crunch|p2a: W
|-supereffective|p2a: W
|-damage|p2a: W|0 fnt
|-damage|p1a: McSword Mon|84/100|[from] item: Rocky Helmet|[of] p2a: W
|faint|p2a: W
|
|
|switch|p2a: G|Lucario, M|100/100
|turn|2
|
|move|p1a: McSword Mon|Crunch|p2a: G
|-resisted|p2a: G
|-damage|p2a: G|34/100
|-ability|p2a: G|Justified|boost
|-boost|p2a: G|atk|1
|move|p2a: G|Steel Beam|p1a: McSword Mon
|-supereffective|p1a: McSword Mon
|-damage|p1a: McSword Mon|0 fnt
|-damage|p2a: G|0 fnt|[from] steelbeam
|faint|p2a: G
|faint|p1a: McSword Mon
|
|
|switch|p1a: goodest boy|Arcanine-Hisui, F|100/100
|switch|p2a: F|Torkoal, M|100/100
|-weather|SunnyDay|[from] ability: Drought|[of] p2a: F
|turn|3
|
|-terastallize|p1a: goodest boy|Rock
|move|p1a: goodest boy|Agility|p1a: goodest boy
|-boost|p1a: goodest boy|spe|2
|move|p2a: F|Rapid Spin|p1a: goodest boy
|-resisted|p1a: goodest boy
|-damage|p1a: goodest boy|94/100
|-boost|p2a: F|spe|1
|
|-weather|SunnyDay|[upkeep]
|turn|4
|
|move|p1a: goodest boy|Head Smash|p2a: F
|-supereffective|p2a: F
|-damage|p2a: F|0 fnt
|faint|p2a: F
|-damage|p1a: goodest boy|84/100|[from] item: Life Orb
|
|-weather|SunnyDay|[upkeep]
|
|switch|p2a: K|Greninja, F|100/100
|turn|5
|
|-terastallize|p2a: K|Water
|move|p2a: K|Water Shuriken|p1a: goodest boy
|-supereffective|p1a: goodest boy
|-damage|p1a: goodest boy|69/100
|-supereffective|p1a: goodest boy
|-damage|p1a: goodest boy|56/100
|-hitcount|p1a: goodest boy|2
|move|p1a: goodest boy|Head Smash|p2a: K
|-damage|p2a: K|0 fnt
|faint|p2a: K
|-damage|p1a: goodest boy|46/100|[from] item: Life Orb
|
|-weather|SunnyDay|[upkeep]
|
|switch|p2a: Wt|Vivillon-Fancy, F|100/100
|turn|6
|
|move|p1a: goodest boy|Head Smash|p2a: Wt
|-supereffective|p2a: Wt
|-enditem|p2a: Wt|Focus Sash
|-damage|p2a: Wt|1/100
|-damage|p1a: goodest boy|36/100|[from] item: Life Orb
|move|p2a: Wt|Sleep Powder|p1a: goodest boy
|-status|p1a: goodest boy|slp|[from] move: Sleep Powder
|
|-weather|SunnyDay|[upkeep]
|turn|7
|
|cant|p1a: goodest boy|slp
|move|p2a: Wt|Quiver Dance|p2a: Wt
|-boost|p2a: Wt|spa|1
|-boost|p2a: Wt|spd|1
|-boost|p2a: Wt|spe|1
|
|-weather|none
|turn|8
|
|-curestatus|p1a: goodest boy|slp|[msg]
|move|p1a: goodest boy|Head Smash|p2a: Wt
|-supereffective|p2a: Wt
|-damage|p2a: Wt|0 fnt
|faint|p2a: Wt
|-damage|p1a: goodest boy|26/100|[from] item: Life Orb
|
|
|switch|p2a: A|Lycanroc-Dusk, F|100/100
|turn|9
|
|move|p1a: goodest boy|Head Smash|p2a: A|[miss]
|-miss|p1a: goodest boy|p2a: A
|move|p2a: A|Counter||[still]
|-fail|p2a: A
|
|turn|10
|
|move|p1a: goodest boy|Head Smash|p2a: A
|-damage|p2a: A|0 fnt
|faint|p2a: A
|-damage|p1a: goodest boy|16/100|[from] item: Life Orb
|
|win|Somebodyatinternet
|l|☆Kennedy100987
