|poke|p1|Kleavor, F|
|poke|p1|Pelipper, F|
|poke|p1|Basculegion, M|
|poke|p1|Iron Treads|
|poke|p1|Rabsca, F|
|poke|p1|Dragonite, M|
|poke|p2|Samurott-Hisui, M|
|poke|p2|Kleavor, F|
|poke|p2|Magearna|
|poke|p2|Basculegion, M|
|poke|p2|Pelipper, F|
|poke|p2|Zapdos|
|teampreview
|
|start
|switch|p1a: Kleavor|Kleavor, F|100/100
|switch|p2a: Kleavor|Kleavor, F|100/100
|turn|1
|
|move|p2a: Kleavor|Stone Axe|p1a: Kleavor
|-supereffective|p1a: Kleavor
|-enditem|p1a: Kleavor|Focus Sash
|-damage|p1a: Kleavor|1/100
|-sidestart|p1: LowELOtest|move: Stealth Rock
|move|p1a: Kleavor|Stone Axe|p2a: Kleavor
|-supereffective|p2a: Kleavor
|-crit|p2a: Kleavor
|-damage|p2a: Kleavor|0 fnt
|-sidestart|p2: Deftab|move: Stealth Rock
|faint|p2a: Kleavor
|
|
|switch|p2a: Samurott|Samurott-Hisui, M|100/100
|-damage|p2a: Samurott|88/100|[from] Stealth Rock
|turn|2
|
|move|p2a: Samurott|Ceaseless Edge|p1a: Kleavor
|-damage|p1a: Kleavor|0 fnt
|-sidestart|p1: LowELOtest|Spikes
|faint|p1a: Kleavor
|
|
|switch|p1a: Iron Treads|Iron Treads|100/100
|-damage|p1a: Iron Treads|97/100|[from] Stealth Rock
|-damage|p1a: Iron Treads|85/100|[from] Spikes
|turn|3
|
|switch|p2a: Basculegion|Basculegion, M|100/100
|-damage|p2a: Basculegion|88/100|[from] Stealth Rock
|move|p1a: Iron Treads|Rapid Spin|p2a: Basculegion
|-immune|p2a: Basculegion
|
|turn|4
|
|move|p1a: Iron Treads|Earthquake|p2a: Basculegion
|-damage|p2a: Basculegion|23/100
|move|p2a: Basculegion|Wave Crash|p1a: Iron Treads
|-supereffective|p1a: Iron Treads
|-damage|p1a: Iron Treads|0 fnt
|faint|p1a: Iron Treads
|-end|p1a: Iron Treads|Quark Drive|[silent]
|-damage|p2a: Basculegion|0 fnt|[from] Recoil
|faint|p2a: Basculegion
|
|
|switch|p1a: Rabsca|Rabsca, F|100/100
|switch|p2a: Magearna|Magearna|100/100
|-damage|p2a: Magearna|94/100|[from] Stealth Rock
|-damage|p1a: Rabsca|76/100|[from] Stealth Rock
|-damage|p1a: Rabsca|63/100|[from] Spikes
|turn|5
|
|move|p2a: Magearna|Calm Mind|p2a: Magearna
|-boost|p2a: Magearna|spa|1
|-boost|p2a: Magearna|spd|1
|move|p1a: Rabsca|Revival Blessing|p1a: Rabsca
|
|-heal|p1: Iron Treads|50/100|[from] move: Revival Blessing
|
|-heal|p2a: Magearna|100/100|[from] item: Leftovers
|turn|6
|
|move|p2a: Magearna|Shift Gear|p2a: Magearna
|-boost|p2a: Magearna|spe|2
|-boost|p2a: Magearna|atk|1
|move|p1a: Rabsca|Memento|p2a: Magearna
|-unboost|p2a: Magearna|atk|2
|-unboost|p2a: Magearna|spa|2
|faint|p1a: Rabsca
|-ability|p2a: Magearna|Soul-Heart|boost
|-boost|p2a: Magearna|spa|1
|
|
|switch|p1a: Iron Treads|Iron Treads|50/100
|-damage|p1a: Iron Treads|47/100|[from] Stealth Rock
|-damage|p1a: Iron Treads|35/100|[from] Spikes
|turn|7
|
|switch|p2a: Pelipper|Pelipper, F|100/100
|-weather|RainDance|[from] ability: Drizzle|[of] p2a: Pelipper
|move|p1a: Iron Treads|Rapid Spin|p2a: Pelipper
|-damage|p2a: Pelipper|87/100
|-boost|p1a: Iron Treads|spe|1
|-sideend|p1: LowELOtest|Spikes|[from] move: Rapid Spin|[of] p1a: Iron Treads
|-sideend|p1: LowELOtest|Stealth Rock|[from] move: Rapid Spin|[of] p1a: Iron Treads
|
|-weather|RainDance|[upkeep]
|turn|8
|
|move|p1a: Iron Treads|Ice Spinner|p2a: Pelipper
|-damage|p2a: Pelipper|67/100
|move|p2a: Pelipper|Hydro Pump|p1a: Iron Treads|[miss]
|-miss|p2a: Pelipper|p1a: Iron Treads
|
|-weather|RainDance|[upkeep]
|turn|9
|
|-end|p1a: Iron Treads|Quark Drive|[silent]
|switch|p1a: Pelipper|Pelipper, F|100/100
|move|p2a: Pelipper|U-turn|p1a: Pelipper
|-resisted|p1a: Pelipper
|-damage|p1a: Pelipper|97/100
|
|switch|p2a: Zapdos|Zapdos|100/100|[from] U-turn
|-damage|p2a: Zapdos|76/100|[from] Stealth Rock
|
|-weather|RainDance|[upkeep]
|turn|10
|
|switch|p1a: Iron Treads|Iron Treads|35/100
|move|p2a: Zapdos|Volt Switch|p1a: Iron Treads
|-immune|p1a: Iron Treads
|
|-weather|RainDance|[upkeep]
|turn|11
|
|switch|p2a: Pelipper|Pelipper, F|67/100
|move|p1a: Iron Treads|Ice Spinner|p2a: Pelipper
|-damage|p2a: Pelipper|46/100
|
|-weather|none
|turn|12
|
|-end|p1a: Iron Treads|Quark Drive|[silent]
|switch|p1a: Pelipper|Pelipper, F|97/100
|-weather|RainDance|[from] ability: Drizzle|[of] p1a: Pelipper
|move|p2a: Pelipper|Roost|p2a: Pelipper
|-heal|p2a: Pelipper|96/100
|-singleturn|p2a: Pelipper|move: Roost
|
|-weather|RainDance|[upkeep]
|turn|13
|
|move|p2a: Pelipper|Hurricane|p1a: Pelipper
|-damage|p1a: Pelipper|44/100
|-start|p1a: Pelipper|confusion
|-activate|p1a: Pelipper|confusion
|move|p1a: Pelipper|Hurricane|p2a: Pelipper
|-damage|p2a: Pelipper|46/100
|
|-weather|RainDance|[upkeep]
|turn|14
|
|switch|p1a: Dragonite|Dragonite, M|100/100
|move|p2a: Pelipper|Hurricane|p1a: Dragonite
|-damage|p1a: Dragonite|80/100
|
|-weather|RainDance|[upkeep]
|turn|15
|
|move|p1a: Dragonite|Thunder|p2a: Pelipper
|-supereffective|p2a: Pelipper
|-damage|p2a: Pelipper|0 fnt
|faint|p2a: Pelipper
|
|-weather|RainDance|[upkeep]
|
|switch|p2a: Zapdos|Zapdos|76/100
|-damage|p2a: Zapdos|51/100|[from] Stealth Rock
|turn|16
|
|move|p2a: Zapdos|Hurricane|p1a: Dragonite
|-damage|p1a: Dragonite|0 fnt
|faint|p1a: Dragonite
|
|-weather|RainDance|[upkeep]
|
|switch|p1a: Basculegion|Basculegion, M|100/100
|turn|17
|
|move|p1a: Basculegion|Wave Crash|p2a: Zapdos
|-damage|p2a: Zapdos|0 fnt
|-status|p1a: Basculegion|par|[from] ability: Static|[of] p2a: Zapdos
|faint|p2a: Zapdos
|-damage|p1a: Basculegion|87/100 par|[from] Recoil
|
|-weather|RainDance|[upkeep]
|
|switch|p2a: Samurott|Samurott-Hisui, M|88/100
|-damage|p2a: Samurott|76/100|[from] Stealth Rock
|turn|18
|
|move|p2a: Samurott|Ceaseless Edge|p1a: Basculegion|[miss]
|-miss|p2a: Samurott|p1a: Basculegion
|move|p1a: Basculegion|Wave Crash|p2a: Samurott
|-resisted|p2a: Samurott
|-damage|p2a: Samurott|0 fnt
|faint|p2a: Samurott
|-damage|p1a: Basculegion|66/100 par|[from] Recoil
|
|-weather|RainDance|[upkeep]
|
|switch|p2a: Magearna|Magearna|100/100
|-damage|p2a: Magearna|94/100|[from] Stealth Rock
|turn|19
|
|-terastallize|p1a: Basculegion|Water
|-terastallize|p2a: Magearna|Water
|move|p1a: Basculegion|Wave Crash|p2a: Magearna
|-resisted|p2a: Magearna
|-damage|p2a: Magearna|36/100
|-damage|p1a: Basculegion|47/100 par|[from] Recoil
|move|p2a: Magearna|Shift Gear|p2a: Magearna
|-boost|p2a: Magearna|spe|2
|-boost|p2a: Magearna|atk|1
|
|-weather|none
|-heal|p2a: Magearna|42/100|[from] item: Leftovers
|turn|20
|
|switch|p1a: Pelipper|Pelipper, F|44/100
|-weather|RainDance|[from] ability: Drizzle|[of] p1a: Pelipper
|move|p2a: Magearna|Calm Mind|p2a: Magearna
|-boost|p2a: Magearna|spa|1
|-boost|p2a: Magearna|spd|1
|
|-weather|RainDance|[upkeep]
|-heal|p2a: Magearna|48/100|[from] item: Leftovers
|turn|21
|
|move|p2a: Magearna|Draining Kiss|p1a: Pelipper
|-damage|p1a: Pelipper|0 fnt
|-heal|p2a: Magearna|77/100|[from] drain|[of] p1a: Pelipper
|faint|p1a: Pelipper
|-ability|p2a: Magearna|Soul-Heart|boost
|-boost|p2a: Magearna|spa|1
|
|-weather|RainDance|[upkeep]
|-heal|p2a: Magearna|83/100|[from] item: Leftovers
|
|switch|p1a: Basculegion|Basculegion, M, tera:Water|47/100 par
|turn|22
|
|move|p2a: Magearna|Stored Power|p1a: Basculegion
|-damage|p1a: Basculegion|0 fnt
|faint|p1a: Basculegion
|-ability|p2a: Magearna|Soul-Heart|boost
|-boost|p2a: Magearna|spa|1
|
|-weather|RainDance|[upkeep]
|-heal|p2a: Magearna|89/100|[from] item: Leftovers
|
|switch|p1a: Iron Treads|Iron Treads|35/100
|turn|23
|
|move|p2a: Magearna|Stored Power|p1a: Iron Treads
|-resisted|p1a: Iron Treads
|-damage|p1a: Iron Treads|0 fnt
|faint|p1a: Iron Treads
|-end|p1a: Iron Treads|Quark Drive|[silent]
|
|win|Deftab
