|poke|p1|Iron Hands|
|poke|p1|Azumarill, F|
|poke|p1|Toedscruel, M|
|poke|p1|Salazzle, F|
|poke|p1|Copperajah, M|
|poke|p1|Noivern, M|
|poke|p2|Dudunsparce-*, M|
|poke|p2|Sandaconda, M|
|poke|p2|Vespiquen, F|
|poke|p2|Iron Valiant|
|poke|p2|Glalie, M|
|poke|p2|Avalugg, F|
|teampreview
|
|start
|switch|p1a: Rusty|Copperajah, M|100/100
|switch|p2a: Glalie|Glalie, M|100/100
|turn|1
|
|move|p2a: Glalie|Earthquake|p1a: Rusty
|-supereffective|p1a: Rusty
|-damage|p1a: Rusty|48/100
|move|p1a: Rusty|Heavy Slam|p2a: Glalie
|-supereffective|p2a: Glalie
|-crit|p2a: Glalie
|-damage|p2a: Glalie|0 fnt
|faint|p2a: Glalie
|
|-heal|p1a: Rusty|54/100|[from] item: Leftovers
|
|switch|p2a: Iron Valiant|Iron Valiant, shiny|100/100
|-enditem|p2a: Iron Valiant|Booster Energy
|-activate|p2a: Iron Valiant|ability: Quark Drive|[fromitem]
|-start|p2a: Iron Valiant|quarkdrivespe
|turn|2
|
|-terastallize|p1a: Rusty|Ground
|move|p2a: Iron Valiant|Close Combat|p1a: Rusty
|-damage|p1a: Rusty|0 fnt
|-unboost|p2a: Iron Valiant|def|1
|-unboost|p2a: Iron Valiant|spd|1
|faint|p1a: Rusty
|
|
|switch|p1a: Dazzle|Salazzle, F|100/100
|turn|3
|
|move|p2a: Iron Valiant|Psyshock|p1a: Dazzle
|-supereffective|p1a: Dazzle
|-damage|p1a: Dazzle|0 fnt
|faint|p1a: Dazzle
|
|
|switch|p1a: Easter Egg|Azumarill, F|100/100
|turn|4
|
|-terastallize|p2a: Iron Valiant|Steel
|move|p1a: Easter Egg|Aqua Jet|p2a: Iron Valiant
|-damage|p2a: Iron Valiant|55/100
|move|p2a: Iron Valiant|Thunderbolt|p1a: Easter Egg
|-supereffective|p1a: Easter Egg
|-damage|p1a: Easter Egg|45/100
|-enditem|p1a: Easter Egg|Sitrus Berry|[eat]
|-heal|p1a: Easter Egg|70/100|[from] item: Sitrus Berry
|
|turn|5
|
|switch|p1a: Catch These Hands|Iron Hands|100/100
|move|p2a: Iron Valiant|Thunderbolt|p1a: Catch These Hands
|-resisted|p1a: Catch These Hands
|-damage|p1a: Catch These Hands|87/100
|
|turn|6
|
|move|p2a: Iron Valiant|Psyshock|p1a: Catch These Hands
|-supereffective|p1a: Catch These Hands
|-damage|p1a: Catch These Hands|52/100
|move|p1a: Catch These Hands|Thunder Punch|p2a: Iron Valiant
|-damage|p2a: Iron Valiant|0 fnt
|faint|p2a: Iron Valiant
|-end|p2a: Iron Valiant|Quark Drive|[silent]
|
|
|switch|p2a: Avalugg|Avalugg, F, shiny|100/100
|turn|7
|
|switch|p2a: Sandaconda|Sandaconda, M, shiny|100/100
|move|p1a: Catch These Hands|Drain Punch|p2a: Sandaconda
|-crit|p2a: Sandaconda
|-damage|p2a: Sandaconda|53/100
|-heal|p1a: Catch These Hands|68/100|[from] drain|[of] p2a: Sandaconda
|
|turn|8
|
|-end|p1a: Catch These Hands|Quark Drive|[silent]
|switch|p1a: Jetpack|Noivern, M|100/100
|move|p2a: Sandaconda|Glare|p1a: Jetpack
|-status|p1a: Jetpack|par
|
|turn|9
|
|switch|p1a: Catch These Hands|Iron Hands|68/100
|move|p2a: Sandaconda|Facade|p1a: Catch These Hands
|-damage|p1a: Catch These Hands|58/100
|
|turn|10
|
|move|p2a: Sandaconda|Glare|p1a: Catch These Hands
|-immune|p1a: Catch These Hands
|move|p1a: Catch These Hands|Ice Punch|p2a: Sandaconda
|-supereffective|p2a: Sandaconda
|-damage|p2a: Sandaconda|13/100
|
|turn|11
|
|move|p2a: Sandaconda|Zen Headbutt|p1a: Catch These Hands
|-supereffective|p1a: Catch These Hands
|-damage|p1a: Catch These Hands|32/100
|move|p1a: Catch These Hands|Ice Punch|p2a: Sandaconda
|-supereffective|p2a: Sandaconda
|-damage|p2a: Sandaconda|0 fnt
|faint|p2a: Sandaconda
|
|
|switch|p2a: Dudunsparce|Dudunsparce-Three-Segment, M, shiny|100/100
|turn|12
|
|move|p2a: Dudunsparce|Boomburst|p1a: Catch These Hands
|-damage|p1a: Catch These Hands|0 fnt
|faint|p1a: Catch These Hands
|-end|p1a: Catch These Hands|Quark Drive|[silent]
|
|
|switch|p1a: Cruel Toad|Toedscruel, M|100/100
|turn|13
|
|move|p1a: Cruel Toad|Leaf Storm|p2a: Dudunsparce
|-damage|p2a: Dudunsparce|53/100
|-unboost|p1a: Cruel Toad|spa|2
|move|p2a: Dudunsparce|Calm Mind|p2a: Dudunsparce
|-boost|p2a: Dudunsparce|spa|1
|-boost|p2a: Dudunsparce|spd|1
|
|-heal|p2a: Dudunsparce|60/100|[from] item: Leftovers
|turn|14
|
|move|p1a: Cruel Toad|Earth Power|p2a: Dudunsparce
|-damage|p2a: Dudunsparce|48/100
|move|p2a: Dudunsparce|Roost|p2a: Dudunsparce
|-heal|p2a: Dudunsparce|98/100
|-singleturn|p2a: Dudunsparce|move: Roost
|
|-heal|p2a: Dudunsparce|100/100|[from] item: Leftovers
|turn|15
|
|move|p2a: Dudunsparce|Calm Mind|p2a: Dudunsparce
|-boost|p2a: Dudunsparce|spa|1
|-boost|p2a: Dudunsparce|spd|1
|move|p1a: Cruel Toad|Spore|p2a: Dudunsparce
|-status|p2a: Dudunsparce|slp|[from] move: Spore
|
|turn|16
|
|switch|p1a: Jetpack|Noivern, M|100/100 par
|cant|p2a: Dudunsparce|slp
|
|turn|17
|
|cant|p2a: Dudunsparce|slp
|move|p1a: Jetpack|Flamethrower|p2a: Dudunsparce
|-damage|p2a: Dudunsparce|88/100 slp
|
|-heal|p2a: Dudunsparce|94/100 slp|[from] item: Leftovers
|turn|18
|
|cant|p2a: Dudunsparce|slp
|cant|p1a: Jetpack|par
|
|-heal|p2a: Dudunsparce|100/100 slp|[from] item: Leftovers
|turn|19
|
|-curestatus|p2a: Dudunsparce|slp|[msg]
|move|p2a: Dudunsparce|Boomburst|p1a: Jetpack
|-damage|p1a: Jetpack|6/100 par
|move|p1a: Jetpack|Draco Meteor|p2a: Dudunsparce
|-damage|p2a: Dudunsparce|70/100
|-unboost|p1a: Jetpack|spa|2
|
|-heal|p2a: Dudunsparce|76/100|[from] item: Leftovers
|turn|20
|
|move|p2a: Dudunsparce|Calm Mind|p2a: Dudunsparce
|-boost|p2a: Dudunsparce|spa|1
|-boost|p2a: Dudunsparce|spd|1
|move|p1a: Jetpack|U-turn|p2a: Dudunsparce
|-damage|p2a: Dudunsparce|68/100
|-ability|p2a: Dudunsparce|Rattled|boost
|-boost|p2a: Dudunsparce|spe|1
|
|switch|p1a: Easter Egg|Azumarill, F|70/100|[from] U-turn
|
|-heal|p2a: Dudunsparce|75/100|[from] item: Leftovers
|turn|21
|
|move|p1a: Easter Egg|Aqua Jet|p2a: Dudunsparce
|-damage|p2a: Dudunsparce|56/100
|move|p2a: Dudunsparce|Boomburst|p1a: Easter Egg
|-damage|p1a: Easter Egg|0 fnt
|faint|p1a: Easter Egg
|
|-heal|p2a: Dudunsparce|63/100|[from] item: Leftovers
|
|switch|p1a: Jetpack|Noivern, M|6/100 par
|turn|22
|
|move|p2a: Dudunsparce|Boomburst|p1a: Jetpack
|-damage|p1a: Jetpack|0 fnt
|faint|p1a: Jetpack
|
|-heal|p2a: Dudunsparce|69/100|[from] item: Leftovers
|
|switch|p1a: Cruel Toad|Toedscruel, M|100/100
|turn|23
|
|move|p2a: Dudunsparce|Boomburst|p1a: Cruel Toad
|-enditem|p1a: Cruel Toad|Focus Sash
|-damage|p1a: Cruel Toad|1/100
|move|p1a: Cruel Toad|Spore|p2a: Dudunsparce
|-status|p2a: Dudunsparce|slp|[from] move: Spore
|
|-heal|p2a: Dudunsparce|75/100 slp|[from] item: Leftovers
|turn|24
|
|move|p1a: Cruel Toad|Rapid Spin|p2a: Dudunsparce
|-damage|p2a: Dudunsparce|69/100 slp
|-boost|p1a: Cruel Toad|spe|1
|cant|p2a: Dudunsparce|slp
|
|-heal|p2a: Dudunsparce|76/100 slp|[from] item: Leftovers
|turn|25
|
|move|p1a: Cruel Toad|Earth Power|p2a: Dudunsparce
|-damage|p2a: Dudunsparce|63/100 slp
|cant|p2a: Dudunsparce|slp
|
|-heal|p2a: Dudunsparce|69/100 slp|[from] item: Leftovers
|turn|26
|
|move|p1a: Cruel Toad|Leaf Storm|p2a: Dudunsparce
|-crit|p2a: Dudunsparce
|-damage|p2a: Dudunsparce|0 fnt
|-unboost|p1a: Cruel Toad|spa|2
|faint|p2a: Dudunsparce
|
|
|switch|p2a: Vespiquen|Vespiquen, F, shiny|100/100
|-ability|p2a: Vespiquen|Pressure
|turn|27
|
|move|p2a: Vespiquen|U-turn|p1a: Cruel Toad
|-supereffective|p1a: Cruel Toad
|-damage|p1a: Cruel Toad|0 fnt
|faint|p1a: Cruel Toad
|
|win|Odstin
