|poke|p1|Garganacl, M|
|poke|p1|Volcarona, F|
|poke|p1|Magearna|
|poke|p1|Skeledirge, F|
|poke|p1|Landorus-Therian, M|
|poke|p1|Dragonite, F|
|poke|p2|Ursaluna, F|
|poke|p2|Cresselia, F|
|poke|p2|Hatterene, F|
|poke|p2|Mimikyu, M|
|poke|p2|Kingambit, M|
|poke|p2|Magearna|
|teampreview
|
|start
|switch|p1a: Landorus|Landorus-Therian, M|100/100
|switch|p2a: Ursaluna|Ursaluna, F|100/100
|-ability|p1a: Landorus|Intimidate|boost
|-unboost|p2a: Ursaluna|atk|1
|turn|1
|
|move|p1a: Landorus|U-turn|p2a: Ursaluna
|-damage|p2a: Ursaluna|82/100
|
|switch|p1a: Garganacl|Garganacl, M|100/100|[from] U-turn
|move|p2a: Ursaluna|Swords Dance|p2a: Ursaluna
|-boost|p2a: Ursaluna|atk|2
|
|-status|p2a: Ursaluna|brn|[from] item: Flame Orb
|turn|2
|
|-terastallize|p1a: Garganacl|Ghost
|move|p1a: Garganacl|Salt Cure|p2a: Ursaluna
|-resisted|p2a: Ursaluna
|-damage|p2a: Ursaluna|78/100 brn
|-start|p2a: Ursaluna|Salt Cure
|move|p2a: Ursaluna|Facade|p1a: Garganacl
|-immune|p1a: Garganacl
|
|-damage|p2a: Ursaluna|72/100 brn|[from] brn
|-damage|p2a: Ursaluna|59/100 brn|[from] Salt Cure
|turn|3
|
|switch|p1a: Landorus|Landorus-Therian, M|100/100
|-ability|p1a: Landorus|Intimidate|boost
|-unboost|p2a: Ursaluna|atk|1
|move|p2a: Ursaluna|Crunch|p1a: Landorus
|-crit|p1a: Landorus
|-damage|p1a: Landorus|19/100
|
|-damage|p2a: Ursaluna|53/100 brn|[from] brn
|-damage|p2a: Ursaluna|40/100 brn|[from] Salt Cure
|turn|4
|
|switch|p2a: Cresselia|Cresselia, F|100/100
|move|p1a: Landorus|Earthquake|p2a: Cresselia
|-immune|p2a: Cresselia|[from] ability: Levitate
|
|turn|5
|
|switch|p1a: Garganacl|Garganacl, M, tera:Ghost|100/100
|move|p2a: Cresselia|Future Sight|p1a: Garganacl
|-start|p2a: Cresselia|move: Future Sight
|
|turn|6
|
|move|p1a: Garganacl|Salt Cure|p2a: Cresselia
|-damage|p2a: Cresselia|93/100
|-start|p2a: Cresselia|Salt Cure
|move|p2a: Cresselia|Trick Room|p2a: Cresselia
|-fieldstart|move: Trick Room|[of] p2a: Cresselia
|
|-damage|p2a: Cresselia|80/100|[from] Salt Cure
|turn|7
|
|switch|p2a: Ursaluna|Ursaluna, F|40/100 brn
|move|p1a: Garganacl|Stealth Rock|p2a: Ursaluna
|-sidestart|p2: p2|move: Stealth Rock
|
|-end|p1a: Garganacl|move: Future Sight
|-damage|p1a: Garganacl|69/100
|-heal|p1a: Garganacl|75/100|[from] item: Leftovers
|-damage|p2a: Ursaluna|34/100 brn|[from] brn
|turn|8
|
|move|p2a: Ursaluna|Crunch|p1a: Garganacl
|-supereffective|p1a: Garganacl
|-damage|p1a: Garganacl|27/100
|-unboost|p1a: Garganacl|def|1
|move|p1a: Garganacl|Salt Cure|p2a: Ursaluna
|-resisted|p2a: Ursaluna
|-damage|p2a: Ursaluna|30/100 brn
|-start|p2a: Ursaluna|Salt Cure
|
|-heal|p1a: Garganacl|33/100|[from] item: Leftovers
|-damage|p2a: Ursaluna|23/100 brn|[from] brn
|-damage|p2a: Ursaluna|11/100 brn|[from] Salt Cure
|turn|9
|
|switch|p2a: Cresselia|Cresselia, F|80/100
|-damage|p2a: Cresselia|68/100|[from] Stealth Rock
|move|p1a: Garganacl|Salt Cure|p2a: Cresselia
|-damage|p2a: Cresselia|61/100
|-start|p2a: Cresselia|Salt Cure
|
|-heal|p1a: Garganacl|40/100|[from] item: Leftovers
|-damage|p2a: Cresselia|48/100|[from] Salt Cure
|turn|10
|
|move|p1a: Garganacl|Salt Cure|p2a: Cresselia
|-crit|p2a: Cresselia
|-damage|p2a: Cresselia|37/100
|move|p2a: Cresselia|Moonlight|p2a: Cresselia
|-heal|p2a: Cresselia|87/100
|
|-heal|p1a: Garganacl|46/100|[from] item: Leftovers
|-damage|p2a: Cresselia|75/100|[from] Salt Cure
|-fieldend|move: Trick Room
|turn|11
|
|move|p2a: Cresselia|Future Sight|p1a: Garganacl
|-start|p2a: Cresselia|move: Future Sight
|move|p1a: Garganacl|Recover|p1a: Garganacl
|-heal|p1a: Garganacl|96/100
|
|-heal|p1a: Garganacl|100/100|[from] item: Leftovers
|-damage|p2a: Cresselia|63/100|[from] Salt Cure
|turn|12
|
|switch|p1a: Magearna|Magearna|100/100
|move|p2a: Cresselia|Trick Room|p2a: Cresselia
|-fieldstart|move: Trick Room|[of] p2a: Cresselia
|
|-damage|p2a: Cresselia|50/100|[from] Salt Cure
|turn|13
|
|move|p1a: Magearna|Volt Switch|p2a: Cresselia
|-damage|p2a: Cresselia|32/100
|
|switch|p1a: Garganacl|Garganacl, M, tera:Ghost|100/100|[from] Volt Switch
|move|p2a: Cresselia|Lunar Dance|p2a: Cresselia
|faint|p2a: Cresselia
|
|-end|p1a: Garganacl|move: Future Sight
|-damage|p1a: Garganacl|70/100
|-heal|p1a: Garganacl|76/100|[from] item: Leftovers
|
|switch|p2a: Ursaluna|Ursaluna, F|11/100 brn
|-heal|p2a: Ursaluna|100/100|[from] move: Lunar Dance
|-damage|p2a: Ursaluna|94/100|[from] Stealth Rock
|turn|14
|
|move|p2a: Ursaluna|Swords Dance|p2a: Ursaluna
|-boost|p2a: Ursaluna|atk|2
|move|p1a: Garganacl|Salt Cure|p2a: Ursaluna
|-resisted|p2a: Ursaluna
|-damage|p2a: Ursaluna|89/100
|-start|p2a: Ursaluna|Salt Cure
|
|-heal|p1a: Garganacl|82/100|[from] item: Leftovers
|-damage|p2a: Ursaluna|77/100|[from] Salt Cure
|-status|p2a: Ursaluna|brn|[from] item: Flame Orb
|turn|15
|
|switch|p1a: Magearna|Magearna|100/100
|move|p2a: Ursaluna|Headlong Rush|p1a: Magearna
|-supereffective|p1a: Magearna
|-damage|p1a: Magearna|0 fnt
|-unboost|p2a: Ursaluna|def|1
|-unboost|p2a: Ursaluna|spd|1
|faint|p1a: Magearna
|
|-damage|p2a: Ursaluna|70/100 brn|[from] brn
|-damage|p2a: Ursaluna|58/100 brn|[from] Salt Cure
|
|switch|p1a: Garganacl|Garganacl, M, tera:Ghost|82/100
|turn|16
|
|move|p2a: Ursaluna|Swords Dance|p2a: Ursaluna
|-boost|p2a: Ursaluna|atk|2
|move|p1a: Garganacl|Salt Cure|p2a: Ursaluna
|-resisted|p2a: Ursaluna
|-damage|p2a: Ursaluna|51/100 brn
|
|-heal|p1a: Garganacl|88/100|[from] item: Leftovers
|-damage|p2a: Ursaluna|44/100 brn|[from] brn
|-damage|p2a: Ursaluna|32/100 brn|[from] Salt Cure
|-fieldend|move: Trick Room
|turn|17
|
|switch|p1a: Landorus|Landorus-Therian, M|19/100
|-ability|p1a: Landorus|Intimidate|boost
|-unboost|p2a: Ursaluna|atk|1
|move|p2a: Ursaluna|Crunch|p1a: Landorus
|-damage|p1a: Landorus|0 fnt
|faint|p1a: Landorus
|
|-damage|p2a: Ursaluna|26/100 brn|[from] brn
|-damage|p2a: Ursaluna|13/100 brn|[from] Salt Cure
|
|switch|p1a: Volcarona|Volcarona, F|100/100
|turn|18
|
|move|p1a: Volcarona|Fiery Dance|p2a: Ursaluna
|-damage|p2a: Ursaluna|0 fnt
|faint|p2a: Ursaluna
|
|
|switch|p2a: Kingambit|Kingambit, M|100/100
|-damage|p2a: Kingambit|94/100|[from] Stealth Rock
|-activate|p2a: Kingambit|ability: Supreme Overlord
|-start|p2a: Kingambit|fallen2|[silent]
|turn|19
|
|move|p1a: Volcarona|Fiery Dance|p2a: Kingambit
|-supereffective|p2a: Kingambit
|-damage|p2a: Kingambit|14/100
|-boost|p1a: Volcarona|spa|1
|move|p2a: Kingambit|Swords Dance|p2a: Kingambit
|-boost|p2a: Kingambit|atk|2
|
|turn|20
|
|move|p2a: Kingambit|Sucker Punch||[still]
|-fail|p2a: Kingambit
|move|p1a: Volcarona|Quiver Dance|p1a: Volcarona
|-boost|p1a: Volcarona|spa|1
|-boost|p1a: Volcarona|spd|1
|-boost|p1a: Volcarona|spe|1
|
|turn|21
|
|move|p1a: Volcarona|Quiver Dance|p1a: Volcarona
|-boost|p1a: Volcarona|spa|1
|-boost|p1a: Volcarona|spd|1
|-boost|p1a: Volcarona|spe|1
|move|p2a: Kingambit|Kowtow Cleave|p1a: Volcarona
|-damage|p1a: Volcarona|0 fnt
|-status|p2a: Kingambit|brn|[from] ability: Flame Body|[of] p1a: Volcarona
|faint|p1a: Volcarona
|
|-damage|p2a: Kingambit|8/100 brn|[from] brn
|
|switch|p1a: Dragonite|Dragonite, F|100/100
|turn|22
|
|-end|p2a: Kingambit|fallen2|[silent]
|switch|p2a: Mimikyu|Mimikyu, M|100/100
|-damage|p2a: Mimikyu|88/100|[from] Stealth Rock
|move|p1a: Dragonite|Extreme Speed|p2a: Mimikyu
|-immune|p2a: Mimikyu
|
|turn|23
|
|switch|p2a: Magearna|Magearna|100/100
|-damage|p2a: Magearna|94/100|[from] Stealth Rock
|move|p1a: Dragonite|Earthquake|p2a: Magearna
|-supereffective|p2a: Magearna
|-crit|p2a: Magearna
|-damage|p2a: Magearna|15/100
|-enditem|p2a: Magearna|Wiki Berry|[eat]
|-heal|p2a: Magearna|48/100|[from] item: Wiki Berry
|
|turn|24
|
|-terastallize|p2a: Magearna|Water
|move|p1a: Dragonite|Earthquake|p2a: Magearna
|-damage|p2a: Magearna|21/100
|move|p2a: Magearna|Iron Defense|p2a: Magearna
|-boost|p2a: Magearna|def|2
|
|turn|25
|
|switch|p1a: Garganacl|Garganacl, M, tera:Ghost|88/100
|move|p2a: Magearna|Draining Kiss|p1a: Garganacl
|-damage|p1a: Garganacl|68/100
|-heal|p2a: Magearna|38/100|[from] drain|[of] p1a: Garganacl
|
|-heal|p1a: Garganacl|75/100|[from] item: Leftovers
|turn|26
|
|switch|p2a: Hatterene|Hatterene, F|100/100
|-damage|p2a: Hatterene|88/100|[from] Stealth Rock
|move|p1a: Garganacl|Salt Cure|p2a: Hatterene
|-damage|p2a: Hatterene|71/100
|-start|p2a: Hatterene|Salt Cure
|
|-heal|p1a: Garganacl|81/100|[from] item: Leftovers
|-damage|p2a: Hatterene|59/100|[from] Salt Cure
|turn|27
|
|move|p1a: Garganacl|Salt Cure|p2a: Hatterene
|-damage|p2a: Hatterene|44/100
|move|p2a: Hatterene|Trick Room|p2a: Hatterene
|-fieldstart|move: Trick Room|[of] p2a: Hatterene
|
|-heal|p1a: Garganacl|87/100|[from] item: Leftovers
|-damage|p2a: Hatterene|32/100|[from] Salt Cure
|turn|28
|
|move|p2a: Hatterene|Healing Wish|p2a: Hatterene
|faint|p2a: Hatterene
|move|p1a: Garganacl|Salt Cure|p2: Hatterene|[notarget]
|-fail|p1a: Garganacl
|
|-heal|p1a: Garganacl|93/100|[from] item: Leftovers
|
|switch|p2a: Kingambit|Kingambit, M|8/100 brn
|-heal|p2a: Kingambit|100/100|[from] move: Healing Wish
|-damage|p2a: Kingambit|94/100|[from] Stealth Rock
|-activate|p2a: Kingambit|ability: Supreme Overlord
|-start|p2a: Kingambit|fallen3|[silent]
|turn|29
|
|move|p2a: Kingambit|Kowtow Cleave|p1a: Garganacl
|-supereffective|p1a: Garganacl
|-damage|p1a: Garganacl|16/100
|move|p1a: Garganacl|Salt Cure|p2a: Kingambit
|-resisted|p2a: Kingambit
|-crit|p2a: Kingambit
|-damage|p2a: Kingambit|87/100
|-start|p2a: Kingambit|Salt Cure
|
|-heal|p1a: Garganacl|22/100|[from] item: Leftovers
|-damage|p2a: Kingambit|62/100|[from] Salt Cure
|turn|30
|
|move|p1a: Garganacl|Protect|p1a: Garganacl
|-singleturn|p1a: Garganacl|Protect
|move|p2a: Kingambit|Kowtow Cleave|p1a: Garganacl
|-activate|p1a: Garganacl|move: Protect
|
|-heal|p1a: Garganacl|28/100|[from] item: Leftovers
|-damage|p2a: Kingambit|37/100|[from] Salt Cure
|turn|31
|
|switch|p1a: Dragonite|Dragonite, F|100/100
|move|p2a: Kingambit|Kowtow Cleave|p1a: Dragonite
|-damage|p1a: Dragonite|54/100
|
|-damage|p2a: Kingambit|12/100|[from] Salt Cure
|-fieldend|move: Trick Room
|turn|32
|
|-end|p2a: Kingambit|fallen3|[silent]
|switch|p2a: Mimikyu|Mimikyu, M|88/100
|-damage|p2a: Mimikyu|76/100|[from] Stealth Rock
|move|p1a: Dragonite|Roost|p1a: Dragonite
|-heal|p1a: Dragonite|100/100
|-singleturn|p1a: Dragonite|move: Roost
|
|turn|33
|
|move|p2a: Mimikyu|Play Rough|p1a: Dragonite
|-supereffective|p1a: Dragonite
|-damage|p1a: Dragonite|41/100
|-damage|p2a: Mimikyu|66/100|[from] item: Life Orb
|move|p1a: Dragonite|Earthquake|p2a: Mimikyu
|-activate|p2a: Mimikyu|ability: Disguise
|-damage|p2a: Mimikyu|66/100
|detailschange|p2a: Mimikyu|Mimikyu-Busted, M
|-damage|p2a: Mimikyu|54/100|[from] pokemon: Mimikyu-Busted
|
|turn|34
|
|switch|p1a: Skeledirge|Skeledirge, F|100/100
|move|p2a: Mimikyu|Play Rough|p1a: Skeledirge
|-resisted|p1a: Skeledirge
|-damage|p1a: Skeledirge|86/100
|-damage|p2a: Mimikyu|44/100|[from] item: Life Orb
|
|turn|35
|
|move|p2a: Mimikyu|Destiny Bond|p2a: Mimikyu
|-singlemove|p2a: Mimikyu|Destiny Bond
|move|p1a: Skeledirge|Shadow Ball|p2a: Mimikyu
|-supereffective|p2a: Mimikyu
|-damage|p2a: Mimikyu|0 fnt
|faint|p2a: Mimikyu
|-activate|p2a: Mimikyu|move: Destiny Bond
|faint|p1a: Skeledirge
|
|
|switch|p2a: Kingambit|Kingambit, M|12/100
|switch|p1a: Dragonite|Dragonite, F|41/100
|-damage|p2a: Kingambit|6/100|[from] Stealth Rock
|-activate|p2a: Kingambit|ability: Supreme Overlord
|-start|p2a: Kingambit|fallen4|[silent]
|turn|36
|
|move|p1a: Dragonite|Extreme Speed|p2a: Kingambit
|-resisted|p2a: Kingambit
|-damage|p2a: Kingambit|0 fnt
|faint|p2a: Kingambit
|-end|p2a: Kingambit|fallen4|[silent]
|
|
|switch|p2a: Magearna|Magearna, tera:Water|38/100
|-damage|p2a: Magearna|25/100|[from] Stealth Rock
|turn|37
|
|move|p1a: Dragonite|Earthquake|p2a: Magearna
|-damage|p2a: Magearna|0 fnt
|faint|p2a: Magearna
|
|win|p1
