|poke|p1|Lilligant-Hisui, F|
|poke|p1|Magearna|
|poke|p1|Great Tusk|
|poke|p1|Iron Jugulis|
|poke|p1|Sneasler, M|
|poke|p1|Goodra-Hisui, F|
|poke|p2|Samurott-Hisui, F|
|poke|p2|Gholdengo|
|poke|p2|Glimmora, M|
|poke|p2|Chien-Pao|
|poke|p2|Landorus-Therian, M|
|poke|p2|Magearna|
|teampreview
|
|start
|switch|p1a: Great Tusk|Great Tusk|100/100
|switch|p2a: Samurott|Samurott-Hisui, F|100/100
|turn|1
|
|-end|p1a: Great Tusk|Protosynthesis|[silent]
|switch|p1a: Sneasler|Sneasler, M|100/100
|-terastallize|p2a: Samurott|Poison
|move|p2a: Samurott|Razor Shell|p1a: Sneasler
|-damage|p1a: Sneasler|0 fnt
|faint|p1a: Sneasler
|
|
|switch|p1a: Iron Yugular|Iron Jugulis|100/100
|-enditem|p1a: Iron Yugular|Booster Energy
|-activate|p1a: Iron Yugular|ability: Quark Drive|[fromitem]
|-start|p1a: Iron Yugular|quarkdrivespe
|turn|2
|
|move|p1a: Iron Yugular|Earth Power|p2a: Samurott
|-supereffective|p2a: Samurott
|-damage|p2a: Samurott|6/100
|move|p2a: Samurott|Razor Shell|p1a: Iron Yugular
|-damage|p1a: Iron Yugular|15/100
|-unboost|p1a: Iron Yugular|def|1
|
|turn|3
|
|switch|p2a: Landorus|Landorus-Therian, M|100/100
|-ability|p2a: Landorus|Intimidate|boost
|-unboost|p1a: Iron Yugular|atk|1
|move|p1a: Iron Yugular|Dark Pulse|p2a: Landorus
|-damage|p2a: Landorus|52/100
|
|turn|4
|
|move|p1a: Iron Yugular|Hurricane|p2a: Landorus
|-damage|p2a: Landorus|0 fnt
|faint|p2a: Landorus
|
|
|switch|p2a: Samurott|Samurott-Hisui, F, tera:Poison|6/100
|turn|5
|
|-end|p1a: Iron Yugular|Quark Drive|[silent]
|switch|p1a: Goodra|Goodra-Hisui, F|100/100
|move|p2a: Samurott|Aqua Jet|p1a: Goodra
|-resisted|p1a: Goodra
|-damage|p1a: Goodra|85/100
|
|-heal|p1a: Goodra|91/100|[from] item: Leftovers
|turn|6
|
|switch|p2a: Glimmora|Glimmora, M|100/100
|move|p1a: Goodra|Acid Armor|p1a: Goodra
|-boost|p1a: Goodra|def|2
|
|-heal|p1a: Goodra|97/100|[from] item: Leftovers
|turn|7
|
|switch|p1a: Great Tusk|Great Tusk|100/100
|move|p2a: Glimmora|Stealth Rock|p1a: Great Tusk
|-sidestart|p1: Tester444|move: Stealth Rock
|
|turn|8
|
|-end|p1a: Great Tusk|Protosynthesis|[silent]
|switch|p1a: Magearna|Magearna|100/100
|-damage|p1a: Magearna|95/100|[from] Stealth Rock
|switch|p2a: Gholdengo|Gholdengo|100/100
|
|-heal|p1a: Magearna|100/100|[from] item: Leftovers
|turn|9
|
|move|p2a: Gholdengo|Make It Rain|p1a: Magearna
|-damage|p1a: Magearna|31/100
|-unboost|p2a: Gholdengo|spa|1
|move|p1a: Magearna|Shift Gear|p1a: Magearna
|-boost|p1a: Magearna|spe|2
|-boost|p1a: Magearna|atk|1
|
|-heal|p1a: Magearna|37/100|[from] item: Leftovers
|turn|10
|
|move|p1a: Magearna|Thunderbolt|p2a: Gholdengo
|-damage|p2a: Gholdengo|68/100
|move|p2a: Gholdengo|Make It Rain|p1a: Magearna
|-damage|p1a: Magearna|0 fnt
|-unboost|p2a: Gholdengo|spa|1
|faint|p1a: Magearna
|
|
|switch|p1a: Great Tusk|Great Tusk|100/100
|-damage|p1a: Great Tusk|98/100|[from] Stealth Rock
|turn|11
|
|switch|p2a: Glimmora|Glimmora, M|100/100
|move|p1a: Great Tusk|Rapid Spin|p2a: Glimmora
|-resisted|p2a: Glimmora
|-damage|p2a: Glimmora|94/100
|-boost|p1a: Great Tusk|spe|1
|-activate|p2a: Glimmora|ability: Toxic Debris
|-sidestart|p1: Tester444|move: Toxic Spikes
|-sideend|p1: Tester444|Toxic Spikes|[from] move: Rapid Spin|[of] p1a: Great Tusk
|-sideend|p1: Tester444|Stealth Rock|[from] move: Rapid Spin|[of] p1a: Great Tusk
|
|-heal|p1a: Great Tusk|100/100|[from] item: Leftovers
|turn|12
|
|move|p1a: Great Tusk|Earthquake|p2a: Glimmora
|-supereffective|p2a: Glimmora
|-damage|p2a: Glimmora|0 fnt
|-activate|p2a: Glimmora|ability: Toxic Debris
|-sidestart|p1: Tester444|move: Toxic Spikes
|faint|p2a: Glimmora
|
|
|switch|p2a: Chien-Pao|Chien-Pao|100/100
|-ability|p2a: Chien-Pao|Sword of Ruin
|turn|13
|
|move|p1a: Great Tusk|Close Combat|p2a: Chien-Pao
|-supereffective|p2a: Chien-Pao
|-damage|p2a: Chien-Pao|0 fnt
|-unboost|p1a: Great Tusk|def|1
|-unboost|p1a: Great Tusk|spd|1
|faint|p2a: Chien-Pao
|
|
|switch|p2a: Samurott|Samurott-Hisui, F, tera:Poison|6/100
|turn|14
|
|-end|p1a: Great Tusk|Protosynthesis|[silent]
|switch|p1a: Goodra|Goodra-Hisui, F|97/100
|move|p2a: Samurott|Aqua Jet|p1a: Goodra
|-resisted|p1a: Goodra
|-damage|p1a: Goodra|82/100
|
|-heal|p1a: Goodra|88/100|[from] item: Leftovers
|turn|15
|
|switch|p2a: Magearna|Magearna|100/100
|move|p1a: Goodra|Thunderbolt|p2a: Magearna
|-crit|p2a: Magearna
|-damage|p2a: Magearna|64/100
|
|-heal|p1a: Goodra|94/100|[from] item: Leftovers
|turn|16
|
|move|p2a: Magearna|Shift Gear|p2a: Magearna
|-boost|p2a: Magearna|spe|2
|-boost|p2a: Magearna|atk|1
|move|p1a: Goodra|Flamethrower|p2a: Magearna
|-supereffective|p2a: Magearna
|-damage|p2a: Magearna|10/100
|
|-heal|p1a: Goodra|99/100|[from] item: Leftovers
|turn|17
|
|move|p2a: Magearna|Draining Kiss|p1a: Goodra
|-damage|p1a: Goodra|74/100
|-heal|p2a: Magearna|26/100|[from] drain|[of] p1a: Goodra
|-damage|p2a: Magearna|16/100|[from] item: Life Orb
|move|p1a: Goodra|Flamethrower|p2a: Magearna
|-supereffective|p2a: Magearna
|-damage|p2a: Magearna|0 fnt
|faint|p2a: Magearna
|
|-heal|p1a: Goodra|80/100|[from] item: Leftovers
|
|switch|p2a: Samurott|Samurott-Hisui, F, tera:Poison|6/100
|turn|18
|
|move|p2a: Samurott|Sacred Sword|p1a: Goodra
|-supereffective|p1a: Goodra
|-damage|p1a: Goodra|0 fnt
|faint|p1a: Goodra
|
|
|switch|p1a: Great Tusk|Great Tusk|100/100
|-status|p1a: Great Tusk|psn
|turn|19
|
|move|p1a: Great Tusk|Rapid Spin|p2a: Samurott
|-damage|p2a: Samurott|0 fnt
|-boost|p1a: Great Tusk|spe|1
|-sideend|p1: Tester444|Toxic Spikes|[from] move: Rapid Spin|[of] p1a: Great Tusk
|faint|p2a: Samurott
|
|-damage|p1a: Great Tusk|88/100 psn|[from] psn
|
|switch|p2a: Gholdengo|Gholdengo|68/100
|turn|20
|
|move|p1a: Great Tusk|Earthquake|p2a: Gholdengo
|-supereffective|p2a: Gholdengo
|-damage|p2a: Gholdengo|0 fnt
|faint|p2a: Gholdengo
|
|win|Tester444
