|poke|p1|Great Tusk|
|poke|p1|Sneasler, F|
|poke|p1|Meowscarada, F|
|poke|p1|Zoroark-Hisui, M|
|poke|p1|Enamorus-Therian, F|
|poke|p1|Chansey, F|
|poke|p2|Skeledirge, M|
|poke|p2|Baxcalibur, F|
|poke|p2|Bellibolt, M|
|poke|p2|Rabsca, M|
|poke|p2|Lilligant-Hisui, F|
|poke|p2|Clodsire, M|
|teampreview
|
|start
|switch|p1a: Meowscarada|Meowscarada, F|100/100
|switch|p2a: Clodsire|Clodsire, M|100/100
|turn|1
|
|move|p1a: Meowscarada|Flower Trick|p2a: Clodsire
|-start|p1a: Meowscarada|typechange|Grass|[from] ability: Protean
|-crit|p2a: Clodsire
|-damage|p2a: Clodsire|25/100
|move|p2a: Clodsire|Toxic|p1a: Meowscarada
|-status|p1a: Meowscarada|tox
|
|-heal|p2a: Clodsire|31/100|[from] item: Black Sludge
|-damage|p1a: Meowscarada|94/100 tox|[from] psn
|turn|2
|
|switch|p2a: Skeledirge|Skeledirge, M|100/100
|move|p1a: Meowscarada|Flower Trick|p2a: Skeledirge
|-resisted|p2a: Skeledirge
|-crit|p2a: Skeledirge
|-damage|p2a: Skeledirge|69/100
|
|-damage|p1a: Meowscarada|82/100 tox|[from] psn
|turn|3
|
|switch|p1a: Chansey|Chansey, F|100/100
|move|p2a: Skeledirge|Torch Song|p1a: Chansey
|-damage|p1a: Chansey|91/100
|-boost|p2a: Skeledirge|spa|1
|
|turn|4
|
|move|p2a: Skeledirge|Will-O-Wisp|p1a: Chansey
|-status|p1a: Chansey|brn
|move|p1a: Chansey|Thunder Wave|p2a: Skeledirge
|-status|p2a: Skeledirge|par
|
|-damage|p1a: Chansey|85/100 brn|[from] brn
|turn|5
|
|move|p1a: Chansey|Heal Bell|p1a: Chansey
|-activate|p1a: Chansey|move: Heal Bell
|-curestatus|p1a: Chansey|brn|[msg]
|-curestatus|p1: Meowscarada|tox|[msg]
|move|p2a: Skeledirge|Torch Song|p1a: Chansey
|-crit|p1a: Chansey
|-damage|p1a: Chansey|65/100
|-boost|p2a: Skeledirge|spa|1
|
|turn|6
|
|switch|p1a: Meowscarada|Meowscarada, F|100/100
|move|p2a: Skeledirge|Torch Song|p1a: Meowscarada
|-damage|p1a: Meowscarada|0 fnt
|-boost|p2a: Skeledirge|spa|1
|replace|p1a: Among Us|Zoroark-Hisui, M, shiny
|-end|p1a: Among Us|Illusion
|faint|p1a: Among Us
|
|
|switch|p1a: Meowscarada|Meowscarada, F|82/100
|turn|7
|
|move|p1a: Meowscarada|Sucker Punch|p2a: Skeledirge
|-start|p1a: Meowscarada|typechange|Dark|[from] ability: Protean
|-supereffective|p2a: Skeledirge
|-damage|p2a: Skeledirge|0 fnt
|faint|p2a: Skeledirge
|
|
|switch|p2a: Rabsca|Rabsca, M|100/100
|turn|8
|
|move|p1a: Meowscarada|Sucker Punch|p2a: Rabsca
|-supereffective|p2a: Rabsca
|-damage|p2a: Rabsca|0 fnt
|faint|p2a: Rabsca
|
|
|switch|p2a: Lilligant|Lilligant-Hisui, F|100/100
|turn|9
|
|switch|p1a: Enamorus|Enamorus-Therian, F|100/100
|move|p2a: Lilligant|Victory Dance|p2a: Lilligant
|-boost|p2a: Lilligant|atk|1
|-boost|p2a: Lilligant|def|1
|-boost|p2a: Lilligant|spe|1
|
|turn|10
|
|move|p2a: Lilligant|Victory Dance|p2a: Lilligant
|-boost|p2a: Lilligant|atk|1
|-boost|p2a: Lilligant|def|1
|-boost|p2a: Lilligant|spe|1
|move|p1a: Enamorus|Springtide Storm|p2a: Lilligant
|-supereffective|p2a: Lilligant
|-damage|p2a: Lilligant|0 fnt
|faint|p2a: Lilligant
|-damage|p1a: Enamorus|91/100|[from] item: Life Orb
|
|
|switch|p2a: Baxcalibur|Baxcalibur, F|100/100
|turn|11
|
|-terastallize|p2a: Baxcalibur|Steel
|move|p2a: Baxcalibur|Icicle Crash|p1a: Enamorus
|-supereffective|p1a: Enamorus
|-damage|p1a: Enamorus|6/100
|cant|p1a: Enamorus|flinch
|
|turn|12
|
|move|p2a: Baxcalibur|Ice Shard|p1a: Enamorus
|-supereffective|p1a: Enamorus
|-damage|p1a: Enamorus|0 fnt
|faint|p1a: Enamorus
|
|
|switch|p1a: Meowscarada|Meowscarada, F|82/100
|turn|13
|
|move|p1a: Meowscarada|Sucker Punch|p2a: Baxcalibur
|-start|p1a: Meowscarada|typechange|Dark|[from] ability: Protean
|-damage|p2a: Baxcalibur|53/100
|move|p2a: Baxcalibur|Icicle Crash|p1a: Meowscarada
|-damage|p1a: Meowscarada|5/100
|
|turn|14
|
|move|p1a: Meowscarada|Sucker Punch|p2a: Baxcalibur
|-damage|p2a: Baxcalibur|3/100
|move|p2a: Baxcalibur|Ice Shard|p1a: Meowscarada
|-crit|p1a: Meowscarada
|-damage|p1a: Meowscarada|0 fnt
|faint|p1a: Meowscarada
|
|
|switch|p1a: Chansey|Chansey, F|65/100
|turn|15
|
|move|p2a: Baxcalibur|Glaive Rush|p1a: Chansey
|-damage|p1a: Chansey|20/100
|-singlemove|p2a: Baxcalibur|Glaive Rush|[silent]
|move|p1a: Chansey|Seismic Toss|p2a: Baxcalibur
|-damage|p2a: Baxcalibur|0 fnt
|faint|p2a: Baxcalibur
|
|
|switch|p2a: Clodsire|Clodsire, M|31/100
|turn|16
|
|switch|p1a: Great Tusk|Great Tusk|100/100
|move|p2a: Clodsire|Earthquake|p1a: Great Tusk
|-damage|p1a: Great Tusk|87/100
|
|-heal|p1a: Great Tusk|93/100|[from] item: Leftovers
|-heal|p2a: Clodsire|37/100|[from] item: Black Sludge
|turn|17
|
|move|p1a: Great Tusk|Stealth Rock|p2a: Clodsire
|-sidestart|p2: p2|move: Stealth Rock
|move|p2a: Clodsire|Toxic|p1a: Great Tusk
|-status|p1a: Great Tusk|tox
|
|-heal|p1a: Great Tusk|99/100 tox|[from] item: Leftovers
|-heal|p2a: Clodsire|44/100|[from] item: Black Sludge
|-damage|p1a: Great Tusk|93/100 tox|[from] psn
|turn|18
|
|move|p1a: Great Tusk|Earthquake|p2a: Clodsire
|-supereffective|p2a: Clodsire
|-damage|p2a: Clodsire|0 fnt
|faint|p2a: Clodsire
|
|-heal|p1a: Great Tusk|99/100 tox|[from] item: Leftovers
|-damage|p1a: Great Tusk|87/100 tox|[from] psn
|
|switch|p2a: Bellibolt|Bellibolt, M|100/100
|-damage|p2a: Bellibolt|88/100|[from] Stealth Rock
|turn|19
|
|move|p1a: Great Tusk|Earthquake|p2a: Bellibolt
|-supereffective|p2a: Bellibolt
|-damage|p2a: Bellibolt|37/100
|-start|p2a: Bellibolt|Charge|Earthquake|[from] ability: Electromorphosis
|move|p2a: Bellibolt|Soak|p1a: Great Tusk
|-start|p1a: Great Tusk|typechange|Water
|
|-heal|p1a: Great Tusk|93/100 tox|[from] item: Leftovers
|-heal|p2a: Bellibolt|43/100|[from] item: Leftovers
|-damage|p1a: Great Tusk|75/100 tox|[from] psn
|turn|20
|
|move|p1a: Great Tusk|Earthquake|p2a: Bellibolt
|-supereffective|p2a: Bellibolt
|-damage|p2a: Bellibolt|5/100
|-start|p2a: Bellibolt|Charge|Earthquake|[from] ability: Electromorphosis
|move|p2a: Bellibolt|Slack Off|p2a: Bellibolt
|-heal|p2a: Bellibolt|55/100
|
|-heal|p1a: Great Tusk|81/100 tox|[from] item: Leftovers
|-heal|p2a: Bellibolt|61/100|[from] item: Leftovers
|-damage|p1a: Great Tusk|56/100 tox|[from] psn
|turn|21
|
|move|p1a: Great Tusk|Earthquake|p2a: Bellibolt
|-supereffective|p2a: Bellibolt
|-damage|p2a: Bellibolt|25/100
|-start|p2a: Bellibolt|Charge|Earthquake|[from] ability: Electromorphosis
|move|p2a: Bellibolt|Parabolic Charge|p1a: Great Tusk
|-supereffective|p1a: Great Tusk
|-damage|p1a: Great Tusk|0 fnt
|-heal|p2a: Bellibolt|54/100|[from] drain|[of] p1a: Great Tusk
|faint|p1a: Great Tusk
|-end|p1a: Great Tusk|Protosynthesis|[silent]
|-end|p2a: Bellibolt|Charge|[silent]
|
|-heal|p2a: Bellibolt|60/100|[from] item: Leftovers
|
|switch|p1a: Sneasler|Sneasler, F|100/100
|turn|22
|
|move|p1a: Sneasler|Dire Claw|p2a: Bellibolt
|-damage|p2a: Bellibolt|33/100
|-start|p2a: Bellibolt|Charge|Dire Claw|[from] ability: Electromorphosis
|move|p2a: Bellibolt|Slack Off|p2a: Bellibolt
|-heal|p2a: Bellibolt|83/100
|
|-heal|p2a: Bellibolt|89/100|[from] item: Leftovers
|turn|23
|
|move|p1a: Sneasler|Dire Claw|p2a: Bellibolt
|-damage|p2a: Bellibolt|62/100
|-start|p2a: Bellibolt|Charge|Dire Claw|[from] ability: Electromorphosis
|move|p2a: Bellibolt|Soak|p1a: Sneasler
|-start|p1a: Sneasler|typechange|Water
|
|-heal|p2a: Bellibolt|68/100|[from] item: Leftovers
|turn|24
No Pokémon, item, move, ability or nature named 'parabloic charge' was found. Showing the data of 'Parabolic Charge' instead.

|
|move|p1a: Sneasler|Endure|p1a: Sneasler
|-singleturn|p1a: Sneasler|move: Endure
|move|p2a: Bellibolt|Parabolic Charge|p1a: Sneasler
|-supereffective|p1a: Sneasler
|-activate|p1a: Sneasler|move: Endure
|-damage|p1a: Sneasler|1/100
|-heal|p2a: Bellibolt|100/100|[from] drain|[of] p1a: Sneasler
|-enditem|p1a: Sneasler|Liechi Berry|[eat]
|-boost|p1a: Sneasler|atk|1|[from] item: Liechi Berry
|-end|p2a: Bellibolt|Charge|[silent]
|
|turn|25
|
|move|p1a: Sneasler|Dire Claw|p2a: Bellibolt
|-damage|p2a: Bellibolt|71/100
|-start|p2a: Bellibolt|Charge|Dire Claw|[from] ability: Electromorphosis
|move|p2a: Bellibolt|Parabolic Charge|p1a: Sneasler
|-supereffective|p1a: Sneasler
|-damage|p1a: Sneasler|0 fnt
|-heal|p2a: Bellibolt|71/100|[from] drain|[of] p1a: Sneasler
|faint|p1a: Sneasler
|-end|p2a: Bellibolt|Charge|[silent]
|
|-heal|p2a: Bellibolt|77/100|[from] item: Leftovers
|
|switch|p1a: Chansey|Chansey, F|20/100
|turn|26
|
|move|p1a: Chansey|Soft-Boiled|p1a: Chansey
|-heal|p1a: Chansey|70/100
|move|p2a: Bellibolt|Soak|p1a: Chansey
|-start|p1a: Chansey|typechange|Water
|
|-heal|p2a: Bellibolt|83/100|[from] item: Leftovers
|turn|27
|
|move|p1a: Chansey|Soft-Boiled|p1a: Chansey
|-heal|p1a: Chansey|100/100
|move|p2a: Bellibolt|Parabolic Charge|p1a: Chansey
|-supereffective|p1a: Chansey
|-damage|p1a: Chansey|87/100
|-heal|p2a: Bellibolt|95/100|[from] drain|[of] p1a: Chansey
|
|-heal|p2a: Bellibolt|100/100|[from] item: Leftovers
|turn|28
|
|move|p1a: Chansey|Seismic Toss|p2a: Bellibolt
|-damage|p2a: Bellibolt|77/100
|-start|p2a: Bellibolt|Charge|Seismic Toss|[from] ability: Electromorphosis
|move|p2a: Bellibolt|Parabolic Charge|p1a: Chansey
|-supereffective|p1a: Chansey
|-damage|p1a: Chansey|57/100
|-heal|p2a: Bellibolt|100/100|[from] drain|[of] p1a: Chansey
|-end|p2a: Bellibolt|Charge|[silent]
|
|turn|29
|
|move|p1a: Chansey|Seismic Toss|p2a: Bellibolt
|-damage|p2a: Bellibolt|77/100
|-start|p2a: Bellibolt|Charge|Seismic Toss|[from] ability: Electromorphosis
|move|p2a: Bellibolt|Parabolic Charge|p1a: Chansey
|-supereffective|p1a: Chansey
|-damage|p1a: Chansey|29/100
|-heal|p2a: Bellibolt|100/100|[from] drain|[of] p1a: Chansey
|-end|p2a: Bellibolt|Charge|[silent]
|
|turn|30
|
|-terastallize|p1a: Chansey|Normal
|move|p1a: Chansey|Soft-Boiled|p1a: Chansey
|-heal|p1a: Chansey|79/100
|move|p2a: Bellibolt|Parabolic Charge|p1a: Chansey
|-damage|p1a: Chansey|71/100
|
|turn|31
|
|move|p1a: Chansey|Seismic Toss|p2a: Bellibolt
|-damage|p2a: Bellibolt|77/100
|-start|p2a: Bellibolt|Charge|Seismic Toss|[from] ability: Electromorphosis
|move|p2a: Bellibolt|Soak|p1a: Chansey
|-fail|p1a: Chansey
|
|-heal|p2a: Bellibolt|83/100|[from] item: Leftovers
|turn|32
|
|move|p1a: Chansey|Seismic Toss|p2a: Bellibolt
|-damage|p2a: Bellibolt|59/100
|-start|p2a: Bellibolt|Charge|Seismic Toss|[from] ability: Electromorphosis
|move|p2a: Bellibolt|Parabolic Charge|p1a: Chansey
|-damage|p1a: Chansey|56/100
|-heal|p2a: Bellibolt|72/100|[from] drain|[of] p1a: Chansey
|-end|p2a: Bellibolt|Charge|[silent]
|
|-heal|p2a: Bellibolt|78/100|[from] item: Leftovers
|turn|33
|
|move|p1a: Chansey|Seismic Toss|p2a: Bellibolt
|-damage|p2a: Bellibolt|54/100
|-start|p2a: Bellibolt|Charge|Seismic Toss|[from] ability: Electromorphosis
|move|p2a: Bellibolt|Volt Switch|p1a: Chansey
|-damage|p1a: Chansey|42/100
|-end|p2a: Bellibolt|Charge|[silent]
|
|-heal|p2a: Bellibolt|60/100|[from] item: Leftovers
|turn|34
|
|move|p1a: Chansey|Seismic Toss|p2a: Bellibolt
|-damage|p2a: Bellibolt|37/100
|-start|p2a: Bellibolt|Charge|Seismic Toss|[from] ability: Electromorphosis
|move|p2a: Bellibolt|Volt Switch|p1a: Chansey
|-damage|p1a: Chansey|27/100
|-end|p2a: Bellibolt|Charge|[silent]
|
|-heal|p2a: Bellibolt|43/100|[from] item: Leftovers
|turn|35
|
|move|p1a: Chansey|Soft-Boiled|p1a: Chansey
|-heal|p1a: Chansey|77/100
|move|p2a: Bellibolt|Parabolic Charge|p1a: Chansey
|-damage|p1a: Chansey|70/100
|-heal|p2a: Bellibolt|49/100|[from] drain|[of] p1a: Chansey
|
|-heal|p2a: Bellibolt|55/100|[from] item: Leftovers
|turn|36
|
|move|p1a: Chansey|Seismic Toss|p2a: Bellibolt
|-damage|p2a: Bellibolt|32/100
|-start|p2a: Bellibolt|Charge|Seismic Toss|[from] ability: Electromorphosis
|move|p2a: Bellibolt|Parabolic Charge|p1a: Chansey
|-damage|p1a: Chansey|55/100
|-heal|p2a: Bellibolt|44/100|[from] drain|[of] p1a: Chansey
|-end|p2a: Bellibolt|Charge|[silent]
|
|-heal|p2a: Bellibolt|50/100|[from] item: Leftovers
|turn|37
|
|move|p1a: Chansey|Seismic Toss|p2a: Bellibolt
|-damage|p2a: Bellibolt|27/100
|-start|p2a: Bellibolt|Charge|Seismic Toss|[from] ability: Electromorphosis
|move|p2a: Bellibolt|Volt Switch|p1a: Chansey
|-damage|p1a: Chansey|38/100
|-end|p2a: Bellibolt|Charge|[silent]
|
|-heal|p2a: Bellibolt|33/100|[from] item: Leftovers
|turn|38
|
|move|p1a: Chansey|Seismic Toss|p2a: Bellibolt
|-damage|p2a: Bellibolt|9/100
|-start|p2a: Bellibolt|Charge|Seismic Toss|[from] ability: Electromorphosis
|move|p2a: Bellibolt|Slack Off|p2a: Bellibolt
|-heal|p2a: Bellibolt|59/100
|
|-heal|p2a: Bellibolt|65/100|[from] item: Leftovers
|turn|39
|
|move|p1a: Chansey|Soft-Boiled|p1a: Chansey
|-heal|p1a: Chansey|88/100
|move|p2a: Bellibolt|Parabolic Charge|p1a: Chansey
|-damage|p1a: Chansey|74/100
|-heal|p2a: Bellibolt|77/100|[from] drain|[of] p1a: Chansey
|-end|p2a: Bellibolt|Charge|[silent]
|
|-heal|p2a: Bellibolt|83/100|[from] item: Leftovers
|turn|40
|
|move|p1a: Chansey|Seismic Toss|p2a: Bellibolt
|-damage|p2a: Bellibolt|60/100
|-start|p2a: Bellibolt|Charge|Seismic Toss|[from] ability: Electromorphosis
|move|p2a: Bellibolt|Parabolic Charge|p1a: Chansey
|-damage|p1a: Chansey|60/100
|-heal|p2a: Bellibolt|71/100|[from] drain|[of] p1a: Chansey
|-end|p2a: Bellibolt|Charge|[silent]
|
|-heal|p2a: Bellibolt|78/100|[from] item: Leftovers
|turn|41
|
|move|p1a: Chansey|Seismic Toss|p2a: Bellibolt
|-damage|p2a: Bellibolt|54/100
|-start|p2a: Bellibolt|Charge|Seismic Toss|[from] ability: Electromorphosis
|move|p2a: Bellibolt|Volt Switch|p1a: Chansey
|-damage|p1a: Chansey|44/100
|-end|p2a: Bellibolt|Charge|[silent]
|
|-heal|p2a: Bellibolt|60/100|[from] item: Leftovers
|turn|42
|
|move|p1a: Chansey|Seismic Toss|p2a: Bellibolt
|-damage|p2a: Bellibolt|36/100
|-start|p2a: Bellibolt|Charge|Seismic Toss|[from] ability: Electromorphosis
|move|p2a: Bellibolt|Volt Switch|p1a: Chansey
|-damage|p1a: Chansey|30/100
|-end|p2a: Bellibolt|Charge|[silent]
|
|-heal|p2a: Bellibolt|42/100|[from] item: Leftovers
|turn|43
|
|move|p1a: Chansey|Soft-Boiled|p1a: Chansey
|-heal|p1a: Chansey|80/100
|move|p2a: Bellibolt|Volt Switch|p1a: Chansey
|-damage|p1a: Chansey|72/100
|
|-heal|p2a: Bellibolt|49/100|[from] item: Leftovers
|turn|44
|
|move|p1a: Chansey|Seismic Toss|p2a: Bellibolt
|-damage|p2a: Bellibolt|25/100
|-start|p2a: Bellibolt|Charge|Seismic Toss|[from] ability: Electromorphosis
|move|p2a: Bellibolt|Parabolic Charge|p1a: Chansey
|-damage|p1a: Chansey|57/100
|-heal|p2a: Bellibolt|38/100|[from] drain|[of] p1a: Chansey
|-end|p2a: Bellibolt|Charge|[silent]
|
|-heal|p2a: Bellibolt|44/100|[from] item: Leftovers
|turn|45
|
|move|p1a: Chansey|Seismic Toss|p2a: Bellibolt
|-damage|p2a: Bellibolt|20/100
|-start|p2a: Bellibolt|Charge|Seismic Toss|[from] ability: Electromorphosis
|move|p2a: Bellibolt|Parabolic Charge|p1a: Chansey
|-damage|p1a: Chansey|43/100
|-heal|p2a: Bellibolt|31/100|[from] drain|[of] p1a: Chansey
|-end|p2a: Bellibolt|Charge|[silent]
|
|-heal|p2a: Bellibolt|37/100|[from] item: Leftovers
|turn|46
|
|move|p1a: Chansey|Soft-Boiled|p1a: Chansey
|-heal|p1a: Chansey|93/100
|move|p2a: Bellibolt|Parabolic Charge|p1a: Chansey
|-damage|p1a: Chansey|87/100
|-heal|p2a: Bellibolt|43/100|[from] drain|[of] p1a: Chansey
|
|-heal|p2a: Bellibolt|49/100|[from] item: Leftovers
|turn|47
|
|move|p1a: Chansey|Seismic Toss|p2a: Bellibolt
|-damage|p2a: Bellibolt|26/100
|-start|p2a: Bellibolt|Charge|Seismic Toss|[from] ability: Electromorphosis
|move|p2a: Bellibolt|Slack Off|p2a: Bellibolt
|-heal|p2a: Bellibolt|76/100
|
|-heal|p2a: Bellibolt|82/100|[from] item: Leftovers
|turn|48
|
|move|p1a: Chansey|Seismic Toss|p2a: Bellibolt
|-damage|p2a: Bellibolt|58/100
|-start|p2a: Bellibolt|Charge|Seismic Toss|[from] ability: Electromorphosis
|move|p2a: Bellibolt|Parabolic Charge|p1a: Chansey
|-damage|p1a: Chansey|71/100
|-heal|p2a: Bellibolt|71/100|[from] drain|[of] p1a: Chansey
|-end|p2a: Bellibolt|Charge|[silent]
|
|-heal|p2a: Bellibolt|77/100|[from] item: Leftovers
|turn|49
|
|move|p1a: Chansey|Seismic Toss|p2a: Bellibolt
|-damage|p2a: Bellibolt|54/100
|-start|p2a: Bellibolt|Charge|Seismic Toss|[from] ability: Electromorphosis
|move|p2a: Bellibolt|Parabolic Charge|p1a: Chansey
|-damage|p1a: Chansey|57/100
|-heal|p2a: Bellibolt|65/100|[from] drain|[of] p1a: Chansey
|-end|p2a: Bellibolt|Charge|[silent]
|
|-heal|p2a: Bellibolt|71/100|[from] item: Leftovers
|turn|50
|
|move|p1a: Chansey|Seismic Toss|p2a: Bellibolt
|-damage|p2a: Bellibolt|47/100
|-start|p2a: Bellibolt|Charge|Seismic Toss|[from] ability: Electromorphosis
|move|p2a: Bellibolt|Volt Switch|p1a: Chansey
|-damage|p1a: Chansey|43/100
|-end|p2a: Bellibolt|Charge|[silent]
|
|-heal|p2a: Bellibolt|54/100|[from] item: Leftovers
|turn|51
|
|move|p1a: Chansey|Seismic Toss|p2a: Bellibolt
|-damage|p2a: Bellibolt|30/100
|-start|p2a: Bellibolt|Charge|Seismic Toss|[from] ability: Electromorphosis
|move|p2a: Bellibolt|Volt Switch|p1a: Chansey
|-damage|p1a: Chansey|28/100
|-end|p2a: Bellibolt|Charge|[silent]
|
|-heal|p2a: Bellibolt|36/100|[from] item: Leftovers
|turn|52
|
|move|p1a: Chansey|Soft-Boiled|p1a: Chansey
|-heal|p1a: Chansey|78/100
|move|p2a: Bellibolt|Parabolic Charge|p1a: Chansey
|-damage|p1a: Chansey|71/100
|-heal|p2a: Bellibolt|42/100|[from] drain|[of] p1a: Chansey
|
|-heal|p2a: Bellibolt|48/100|[from] item: Leftovers
|turn|53
|
|move|p1a: Chansey|Seismic Toss|p2a: Bellibolt
|-damage|p2a: Bellibolt|24/100
|-start|p2a: Bellibolt|Charge|Seismic Toss|[from] ability: Electromorphosis
|move|p2a: Bellibolt|Parabolic Charge|p1a: Chansey
|-damage|p1a: Chansey|56/100
|-heal|p2a: Bellibolt|37/100|[from] drain|[of] p1a: Chansey
|-end|p2a: Bellibolt|Charge|[silent]
|
|-heal|p2a: Bellibolt|43/100|[from] item: Leftovers
|turn|54
|
|move|p1a: Chansey|Seismic Toss|p2a: Bellibolt
|-damage|p2a: Bellibolt|19/100
|-start|p2a: Bellibolt|Charge|Seismic Toss|[from] ability: Electromorphosis
|move|p2a: Bellibolt|Parabolic Charge|p1a: Chansey
|-damage|p1a: Chansey|43/100
|-heal|p2a: Bellibolt|31/100|[from] drain|[of] p1a: Chansey
|-end|p2a: Bellibolt|Charge|[silent]
|
|-heal|p2a: Bellibolt|37/100|[from] item: Leftovers
|turn|55
|
|move|p1a: Chansey|Seismic Toss|p2a: Bellibolt
|-damage|p2a: Bellibolt|13/100
|-start|p2a: Bellibolt|Charge|Seismic Toss|[from] ability: Electromorphosis
|move|p2a: Bellibolt|Volt Switch|p1a: Chansey
|-damage|p1a: Chansey|27/100
|-end|p2a: Bellibolt|Charge|[silent]
|
|-heal|p2a: Bellibolt|19/100|[from] item: Leftovers
|turn|56
|
|move|p1a: Chansey|Seismic Toss|p2a: Bellibolt
|-damage|p2a: Bellibolt|0 fnt
|faint|p2a: Bellibolt
|
|win|p1
