|poke|p1|Ursaluna, M|
|poke|p1|Cresselia, F|
|poke|p1|Hatterene, F|
|poke|p1|Avalugg-Hisui, M|
|poke|p1|Iron Hands|
|poke|p1|Clodsire, F|
|poke|p2|Copperajah, F|
|poke|p2|Cresselia, F|
|poke|p2|Diancie|
|poke|p2|Meowscarada, M|
|poke|p2|Camerupt, M|
|poke|p2|Basculegion, M|
|teampreview
|
|start
|switch|p1a: Iron Hands|Iron Hands|100/100
|switch|p2a: Meowscarada|Meowscarada, M|100/100
|turn|1
|
|move|p2a: Meowscarada|U-turn|p1a: Iron Hands
|-resisted|p1a: Iron Hands
|-damage|p1a: Iron Hands|93/100
|
|switch|p2a: Camerupt|Camerupt, M, shiny|100/100|[from] U-turn
|move|p1a: Iron Hands|Drain Punch|p2a: Camerupt
|-damage|p2a: Camerupt|23/100
|-heal|p1a: Iron Hands|100/100|[from] drain|[of] p2a: Camerupt
|-enditem|p2a: Camerupt|Sitrus Berry|[eat]
|-heal|p2a: Camerupt|48/100|[from] item: Sitrus Berry
|-damage|p1a: Iron Hands|91/100|[from] item: Life Orb
|
|turn|2
|
|move|p1a: Iron Hands|Drain Punch|p2a: Camerupt
|-damage|p2a: Camerupt|0 fnt
|-heal|p1a: Iron Hands|100/100|[from] drain|[of] p2a: Camerupt
|faint|p2a: Camerupt
|-damage|p1a: Iron Hands|91/100|[from] item: Life Orb
|
|
|switch|p2a: Diancie|Diancie|100/100
|turn|3
|
|move|p1a: Iron Hands|Ice Punch|p2a: Diancie
|-damage|p2a: Diancie|67/100
|-damage|p1a: Iron Hands|81/100|[from] item: Life Orb
|move|p2a: Diancie|Moonblast|p1a: Iron Hands
|-supereffective|p1a: Iron Hands
|-damage|p1a: Iron Hands|0 fnt
|faint|p1a: Iron Hands
|-end|p1a: Iron Hands|Quark Drive|[silent]
|
|
|switch|p1a: Cresselia|Cresselia, F|100/100
|turn|4
|
|switch|p2a: Basculegion|Basculegion, M, shiny|100/100
|move|p1a: Cresselia|Light Screen|p1a: Cresselia
|-sidestart|p1: zhouye|move: Light Screen
|
|turn|5
|
|-terastallize|p2a: Basculegion|Ghost
|move|p1a: Cresselia|Reflect|p1a: Cresselia
|-sidestart|p1: zhouye|Reflect
|move|p2a: Basculegion|Tera Blast|p1a: Cresselia
|-supereffective|p1a: Cresselia
|-damage|p1a: Cresselia|37/100
|
|turn|6
|player|p1|
|player|p1|zhouye|cynthia
|player|p1|
|player|p1|zhouye|cynthia
|
|switch|p1a: Avalugg|Avalugg-Hisui, M|100/100
|switch|p2a: Meowscarada|Meowscarada, M|100/100
|
|turn|7
|player|p1|
|player|p1|zhouye|cynthia
|
|move|p2a: Meowscarada|U-turn|p1a: Avalugg
|-damage|p1a: Avalugg|96/100
|
|switch|p2a: Copperajah|Copperajah, F|100/100|[from] U-turn
|move|p1a: Avalugg|Iron Defense|p1a: Avalugg
|-boost|p1a: Avalugg|def|2
|
|-heal|p1a: Avalugg|100/100|[from] item: Leftovers
|turn|8
|
|move|p1a: Avalugg|Body Press|p2a: Copperajah
|-supereffective|p2a: Copperajah
|-damage|p2a: Copperajah|0 fnt
|faint|p2a: Copperajah
|
|
|switch|p2a: Diancie|Diancie|67/100
|turn|9
|
|move|p1a: Avalugg|Body Press|p2a: Diancie
|-damage|p2a: Diancie|1/100
|-enditem|p2a: Diancie|Aguav Berry|[eat]
|-heal|p2a: Diancie|34/100|[from] item: Aguav Berry
|move|p2a: Diancie|Earth Power|p1a: Avalugg
|-supereffective|p1a: Avalugg
|-damage|p1a: Avalugg|47/100
|
|-heal|p1a: Avalugg|53/100|[from] item: Leftovers
|turn|10
|
|move|p1a: Avalugg|Body Press|p2a: Diancie
|-damage|p2a: Diancie|0 fnt
|faint|p2a: Diancie
|
|-heal|p1a: Avalugg|59/100|[from] item: Leftovers
|
|switch|p2a: Meowscarada|Meowscarada, M|100/100
|turn|11
|
|move|p2a: Meowscarada|Flower Trick|p1a: Avalugg
|-supereffective|p1a: Avalugg
|-crit|p1a: Avalugg
|-damage|p1a: Avalugg|17/100
|move|p1a: Avalugg|Body Press|p2a: Meowscarada
|-supereffective|p2a: Meowscarada
|-enditem|p2a: Meowscarada|Focus Sash
|-damage|p2a: Meowscarada|1/100
|
|-heal|p1a: Avalugg|23/100|[from] item: Leftovers
|-sideend|p1: zhouye|move: Light Screen
|turn|12
|
|move|p2a: Meowscarada|Flower Trick|p1a: Avalugg
|-supereffective|p1a: Avalugg
|-crit|p1a: Avalugg
|-damage|p1a: Avalugg|0 fnt
|faint|p1a: Avalugg
|
|-sideend|p1: zhouye|Reflect
|
|switch|p1a: Hatterene|Hatterene, F|100/100
|turn|13
|
|move|p2a: Meowscarada|U-turn|p1a: Hatterene
|-damage|p1a: Hatterene|78/100
|
|switch|p2a: Basculegion|Basculegion, M, shiny, tera:Ghost|100/100|[from] U-turn
|move|p1a: Hatterene|Trick Room|p1a: Hatterene
|-fieldstart|move: Trick Room|[of] p1a: Hatterene
|
|turn|14
|
|move|p1a: Hatterene|Healing Wish|p1a: Hatterene
|faint|p1a: Hatterene
|move|p2a: Basculegion|Liquidation|p1: Hatterene|[notarget]
|-fail|p2a: Basculegion
|
|
|switch|p1a: Ursaluna|Ursaluna, M|100/100
|turn|15
|
|-terastallize|p1a: Ursaluna|Normal
|move|p1a: Ursaluna|Headlong Rush|p2a: Basculegion
|-damage|p2a: Basculegion|23/100
|-unboost|p1a: Ursaluna|def|1
|-unboost|p1a: Ursaluna|spd|1
|move|p2a: Basculegion|Liquidation|p1a: Ursaluna
|-damage|p1a: Ursaluna|32/100
|
|-status|p1a: Ursaluna|brn|[from] item: Flame Orb
|turn|16
|
|switch|p2a: AURORA|Cresselia, F, shiny|100/100
|move|p1a: Ursaluna|Headlong Rush|p2a: AURORA
|-immune|p2a: AURORA|[from] ability: Levitate
|
|-damage|p1a: Ursaluna|26/100 brn|[from] brn
|turn|17
|
|move|p1a: Ursaluna|Facade|p2a: AURORA
|-damage|p2a: AURORA|11/100
|move|p2a: AURORA|Future Sight|p1a: Ursaluna
|-start|p2a: AURORA|move: Future Sight
|
|-damage|p1a: Ursaluna|19/100 brn|[from] brn
|-fieldend|move: Trick Room
|turn|18
|
|switch|p1a: Clodsire|Clodsire, F|100/100
|move|p2a: AURORA|Lunar Dance|p2a: AURORA
|faint|p2a: AURORA
|
|
|switch|p2a: Meowscarada|Meowscarada, M|1/100
|-heal|p2a: Meowscarada|100/100|[from] move: Lunar Dance
|turn|19
|
|move|p2a: Meowscarada|Flower Trick|p1a: Clodsire
|-crit|p1a: Clodsire
|-damage|p1a: Clodsire|43/100
|move|p1a: Clodsire|Toxic|p2a: Meowscarada
|-status|p2a: Meowscarada|tox
|
|-end|p1a: Clodsire|move: Future Sight
|-supereffective|p1a: Clodsire
|-crit|p1a: Clodsire
|-damage|p1a: Clodsire|0 fnt
|faint|p1a: Clodsire
|-damage|p2a: Meowscarada|94/100 tox|[from] psn
|
|switch|p1a: Cresselia|Cresselia, F|37/100
|-heal|p1a: Cresselia|100/100|[from] move: Healing Wish
|turn|20
|
|move|p2a: Meowscarada|Knock Off|p1a: Cresselia
|-supereffective|p1a: Cresselia
|-damage|p1a: Cresselia|34/100
|-enditem|p1a: Cresselia|Light Clay|[from] move: Knock Off|[of] p2a: Meowscarada
|move|p1a: Cresselia|Reflect|p1a: Cresselia
|-sidestart|p1: zhouye|Reflect
|
|-damage|p2a: Meowscarada|82/100 tox|[from] psn
|turn|21
|
|move|p2a: Meowscarada|Flower Trick|p1a: Cresselia
|-crit|p1a: Cresselia
|-damage|p1a: Cresselia|0 fnt
|faint|p1a: Cresselia
|
|-damage|p2a: Meowscarada|64/100 tox|[from] psn
|
|switch|p1a: Ursaluna|Ursaluna, M, tera:Normal|19/100 brn
|turn|22
|
|move|p2a: Meowscarada|Flower Trick|p1a: Ursaluna
|-crit|p1a: Ursaluna
|-damage|p1a: Ursaluna|0 fnt
|faint|p1a: Ursaluna
|
|win|moth.o
