# advantage = p1
|poke|p1|Uxie|
|poke|p1|Magearna|
|poke|p2|Braviary-Hisui, M|
|poke|p2|Lilligant-Hisui, F|
|poke|p2|Samurott-Hisui, M|
|poke|p2|Goodra-Hisui, F|
|poke|p2|Landorus-Therian, M|
|poke|p2|Moltres|
|teampreview
|
|start
|switch|p1a: Uxie|Uxie, shiny|100/100
|switch|p2a: Goodra|Goodra-Hisui, F, shiny|100/100
|turn|1
|
|move|p1a: Uxie|Light Screen|p1a: Uxie
|-sidestart|p1: p1|move: Light Screen
|move|p2a: Goodra|Shelter|p2a: Goodra
|-boost|p2a: Goodra|def|2
|
|turn|2
|
|move|p1a: Uxie|Reflect|p1a: Uxie
|-sidestart|p1: p1|Reflect
|move|p2a: Goodra|Shelter|p2a: Goodra
|-boost|p2a: Goodra|def|2
|
|turn|3
|
|move|p1a: Uxie|Yawn|p2a: Goodra
|-start|p2a: Goodra|move: Yawn|[of] p1a: Uxie
|move|p2a: Goodra|Shelter|p2a: Goodra
|-boost|p2a: Goodra|def|2
|
|turn|4
|
|move|p1a: Uxie|Memento|p2a: Goodra
|-unboost|p2a: Goodra|atk|2
|-unboost|p2a: Goodra|spa|2
|faint|p1a: Uxie
|move|p2a: Goodra|Chilling Water|p1: Uxie|[notarget]
|-fail|p2a: Goodra
|
|-end|p2a: Goodra|move: Yawn|[silent]
|-status|p2a: Goodra|slp
|
|switch|p1a: Magearna|Magearna|100/100
|turn|5
|
|move|p1a: Magearna|Shift Gear|p1a: Magearna
|-boost|p1a: Magearna|spe|2
|-boost|p1a: Magearna|atk|1
|cant|p2a: Goodra|slp
|
|turn|6
|
|-terastallize|p1a: Magearna|Fairy
|move|p1a: Magearna|Calm Mind|p1a: Magearna
|-boost|p1a: Magearna|spa|1
|-boost|p1a: Magearna|spd|1
|cant|p2a: Goodra|slp
|
|turn|7
|
|move|p1a: Magearna|Calm Mind|p1a: Magearna
|-boost|p1a: Magearna|spa|1
|-boost|p1a: Magearna|spd|1
|-curestatus|p2a: Goodra|slp|[msg]
|move|p2a: Goodra|Flash Cannon|p1a: Magearna
|-supereffective|p1a: Magearna
|-damage|p1a: Magearna|92/100
|-enditem|p1a: Magearna|Weakness Policy
|-boost|p1a: Magearna|atk|2|[from] item: Weakness Policy
|-boost|p1a: Magearna|spa|2|[from] item: Weakness Policy
|
|turn|8
|
|switch|p2a: Landorus|Landorus-Therian, M|100/100
|-ability|p2a: Landorus|Intimidate|boost
|-unboost|p1a: Magearna|atk|1
|move|p1a: Magearna|Draining Kiss|p2a: Landorus
|-damage|p2a: Landorus|0 fnt
|-heal|p1a: Magearna|100/100|[from] drain|[of] p2a: Landorus
|-damage|p1a: Magearna|84/100|[from] item: Rocky Helmet|[of] p2a: Landorus
|faint|p2a: Landorus
|-ability|p1a: Magearna|Soul-Heart|boost
|-boost|p1a: Magearna|spa|1
|
|-sideend|p1: p1|move: Light Screen
|
|switch|p2a: Goodra|Goodra-Hisui, F, shiny|100/100
|turn|9
|
|-terastallize|p2a: Goodra|Steel
|move|p1a: Magearna|Stored Power|p2a: Goodra
|-resisted|p2a: Goodra
|-damage|p2a: Goodra|26/100
|move|p2a: Goodra|Flash Cannon|p1a: Magearna
|-supereffective|p1a: Magearna
|-damage|p1a: Magearna|43/100
|
|-heal|p2a: Goodra|32/100|[from] item: Leftovers
|-sideend|p1: p1|Reflect
|turn|10
|
|move|p2a: Goodra|Protect|p2a: Goodra
|-singleturn|p2a: Goodra|Protect
|move|p1a: Magearna|Draining Kiss|p2a: Goodra
|-activate|p2a: Goodra|move: Protect
|
|-heal|p2a: Goodra|38/100|[from] item: Leftovers
|turn|11
|
|move|p1a: Magearna|Stored Power|p2a: Goodra
|-resisted|p2a: Goodra
|-damage|p2a: Goodra|0 fnt
|faint|p2a: Goodra
|-ability|p1a: Magearna|Soul-Heart|boost
|-boost|p1a: Magearna|spa|1
|
|
|switch|p2a: Moltres|Moltres, shiny|100/100
|-ability|p2a: Moltres|Pressure
|turn|12
|
|move|p1a: Magearna|Stored Power|p2a: Moltres
|-damage|p2a: Moltres|0 fnt
|faint|p2a: Moltres
|
|
|switch|p2a: Samurott|Samurott-Hisui, M|100/100
|turn|13
|
|move|p1a: Magearna|Draining Kiss|p2a: Samurott
|-supereffective|p2a: Samurott
|-damage|p2a: Samurott|0 fnt
|-heal|p1a: Magearna|100/100|[from] drain|[of] p2a: Samurott
|faint|p2a: Samurott
|
|
|switch|p2a: Lilligant|Lilligant-Hisui, F, shiny|100/100
|turn|14
|
|move|p1a: Magearna|Stored Power|p2a: Lilligant
|-supereffective|p2a: Lilligant
|-damage|p2a: Lilligant|0 fnt
|faint|p2a: Lilligant
|
|-message|p2 forfeited.
|
|win|p1
