# advantage = p1
|poke|p1|Kleavor, M|
|poke|p1|Urshifu-*, F|
|poke|p1|Clodsire, M|
|poke|p1|Great Tusk|
|poke|p1|Braviary-Hisui, M|
|poke|p1|Sableye, M|
|poke|p2|Alomomola, F|
|poke|p2|Corviknight, F|
|poke|p2|Talonflame, F|
|poke|p2|Dondozo, F|
|poke|p2|Blissey, F|
|poke|p2|Clodsire, M|
|teampreview
|
|start
|switch|p1a: Sableye|Sableye, M|100/100
|switch|p2a: Dondozo|Dondozo, F|100/100
|turn|1
|
|switch|p2a: Clodsire|Clodsire, M|100/100
|move|p1a: Sableye|Knock Off|p2a: Clodsire
|-damage|p2a: Clodsire|71/100
|-enditem|p2a: Clodsire|Leftovers|[from] move: Knock Off|[of] p1a: Sableye
|
|turn|2
|
|switch|p1a: Clodsire|Clodsire, M|100/100
|move|p2a: Clodsire|Spikes|p1a: Clodsire
|-sidestart|p1: p1|Spikes
|
|turn|3
|
|switch|p2a: Blissey|Blissey, F|100/100
|move|p1a: Clodsire|Spikes|p2a: Blissey
|-sidestart|p2: p2|Spikes
|
|turn|4
|
|move|p2a: Blissey|Stealth Rock|p1a: Clodsire
|-sidestart|p1: p1|move: Stealth Rock
|move|p1a: Clodsire|Spikes|p2a: Blissey
|-sidestart|p2: p2|Spikes
|
|turn|5
|
|switch|p2a: Alomomola|Alomomola, F|100/100
|switch|p1a: Great Tusk|Great Tusk|100/100
|-damage|p1a: Great Tusk|88/100|[from] Spikes
|-damage|p1a: Great Tusk|85/100|[from] Stealth Rock
|
|-heal|p1a: Great Tusk|91/100|[from] item: Leftovers
|turn|6
|
|-end|p1a: Great Tusk|Protosynthesis|[silent]
|switch|p1a: Clodsire|Clodsire, M|100/100
|-damage|p1a: Clodsire|88/100|[from] Spikes
|-damage|p1a: Clodsire|82/100|[from] Stealth Rock
|move|p2a: Alomomola|Whirlpool|p1a: Clodsire
|-heal|p1a: Clodsire|100/100|[from] ability: Water Absorb|[of] p2a: Alomomola
|
|turn|7
|
|move|p2a: Alomomola|Wish|p2a: Alomomola
|move|p1a: Clodsire|Spikes|p2a: Alomomola
|-sidestart|p2: p2|Spikes
|
|turn|8
|
|switch|p1a: Kleavor|Kleavor, M|100/100
|-damage|p1a: Kleavor|88/100|[from] Spikes
|-damage|p1a: Kleavor|63/100|[from] Stealth Rock
|move|p2a: Alomomola|Chilling Water|p1a: Kleavor
|-supereffective|p1a: Kleavor
|-damage|p1a: Kleavor|37/100
|-unboost|p1a: Kleavor|atk|1
|
|turn|9
|
|move|p1a: Kleavor|Stone Axe|p2a: Alomomola
|-damage|p2a: Alomomola|83/100
|-sidestart|p2: p2|move: Stealth Rock
|move|p2a: Alomomola|Chilling Water|p1a: Kleavor
|-supereffective|p1a: Kleavor
|-damage|p1a: Kleavor|9/100
|-unboost|p1a: Kleavor|atk|1
|
|turn|10
|
|move|p1a: Kleavor|Stone Axe|p2a: Alomomola
|-damage|p2a: Alomomola|69/100
|move|p2a: Alomomola|Wish|p2a: Alomomola
|
|turn|11
|
|switch|p2a: Corviknight|Corviknight, F|100/100
|-damage|p2a: Corviknight|88/100|[from] Stealth Rock
|-ability|p2a: Corviknight|Pressure
|move|p1a: Kleavor|Stone Axe|p2a: Corviknight
|-damage|p2a: Corviknight|71/100
|-damage|p1a: Kleavor|0 fnt|[from] item: Rocky Helmet|[of] p2a: Corviknight
|faint|p1a: Kleavor
|
|-heal|p2a: Corviknight|100/100|[from] move: Wish|[wisher] Alomomola
|
|switch|p1a: Braviary|Braviary-Hisui, M|100/100
|-damage|p1a: Braviary|76/100|[from] Stealth Rock
|turn|12
|
|switch|p2a: Blissey|Blissey, F|100/100
|move|p1a: Braviary|Heat Wave|p2a: Blissey
|-damage|p2a: Blissey|86/100
|
|turn|13
|
|switch|p1a: Sableye|Sableye, M|100/100
|-damage|p1a: Sableye|88/100|[from] Spikes
|-damage|p1a: Sableye|75/100|[from] Stealth Rock
|move|p2a: Blissey|Seismic Toss|p1a: Sableye
|-immune|p1a: Sableye
|
|turn|14
|
|switch|p2a: Clodsire|Clodsire, M|71/100
|-damage|p2a: Clodsire|46/100|[from] Spikes
|-damage|p2a: Clodsire|40/100|[from] Stealth Rock
|move|p1a: Sableye|Knock Off|p2a: Clodsire
|-damage|p2a: Clodsire|20/100
|
|turn|15
|
|move|p1a: Sableye|Knock Off|p2a: Clodsire
|-damage|p2a: Clodsire|1/100
|move|p2a: Clodsire|Recover|p2a: Clodsire
|-heal|p2a: Clodsire|51/100
|
|turn|16
|
|move|p1a: Sableye|Encore|p2a: Clodsire
|-start|p2a: Clodsire|Encore
|move|p2a: Clodsire|Recover|p2a: Clodsire
|-heal|p2a: Clodsire|100/100
|
|turn|17
|
|switch|p2a: Talonflame|Talonflame, F|100/100
|move|p1a: Sableye|Reflect|p1a: Sableye
|-sidestart|p1: p1|Reflect
|
|turn|18
|
|move|p2a: Talonflame|Defog|p1a: Sableye
|-unboost|p1a: Sableye|evasion|1
|-sideend|p1: p1|Reflect
|-sideend|p1: p1|Spikes|[from] move: Defog|[of] p2a: Talonflame
|-sideend|p1: p1|Stealth Rock|[from] move: Defog|[of] p2a: Talonflame
|-sideend|p2: p2|Spikes|[from] move: Defog|[of] p2a: Talonflame
|-sideend|p2: p2|Stealth Rock|[from] move: Defog|[of] p2a: Talonflame
|move|p1a: Sableye|Knock Off|p2a: Talonflame
|-damage|p2a: Talonflame|77/100
|-enditem|p2a: Talonflame|Heavy-Duty Boots|[from] move: Knock Off|[of] p1a: Sableye
|
|turn|19
|
|move|p1a: Sableye|Encore|p2a: Talonflame
|-start|p2a: Talonflame|Encore
|move|p2a: Talonflame|Defog|p1a: Sableye
|-unboost|p1a: Sableye|evasion|1
|
|turn|20
|
|switch|p2a: Clodsire|Clodsire, M|100/100
|move|p1a: Sableye|Knock Off|p2a: Clodsire
|-damage|p2a: Clodsire|79/100
|
|turn|21
|
|move|p1a: Sableye|Knock Off|p2a: Clodsire
|-damage|p2a: Clodsire|61/100
|move|p2a: Clodsire|Toxic|p1a: Sableye
|-status|p1a: Sableye|tox
|
|-damage|p1a: Sableye|69/100 tox|[from] psn
|turn|22
|
|switch|p2a: Talonflame|Talonflame, F|77/100
|move|p1a: Sableye|Encore||[still]
|-fail|p1a: Sableye
|
|-damage|p1a: Sableye|57/100 tox|[from] psn
|turn|23
|-message|p1 forfeited.
|
|win|p2
