|poke|p1|Ursaluna, M|
|poke|p1|Avalugg-Hisui, M|
|poke|p1|Slowking-Galar, M|
|poke|p1|Kingambit, M|
|poke|p1|Cresselia, F|
|poke|p1|Hatterene, F|
|poke|p2|Mismagius, F|
|poke|p2|Scizor, M|
|poke|p2|Rotom-Wash|
|poke|p2|Breloom, F|
|poke|p2|Walking Wake|
|poke|p2|Chien-Pao|
|teampreview
|
|start
|switch|p1a: Slowking|Slowking-Galar, M|100/100
|switch|p2a: Spin Cycle|Rotom-Wash|100/100
|turn|1
|
|move|p2a: Spin Cycle|Shadow Ball|p1a: Slowking
|-supereffective|p1a: Slowking
|-damage|p1a: Slowking|76/100
|move|p1a: Slowking|Trick Room|p1a: Slowking
|-fieldstart|move: Trick Room|[of] p1a: Slowking
|
|-heal|p1a: Slowking|82/100|[from] item: Black Sludge
|turn|2
|
|move|p1a: Slowking|Chilly Reception|p1a: Slowking
|-weather|Snow
|
|switch|p1a: Ursaluna|Ursaluna, M|100/100|[from] Chilly Reception
|move|p2a: Spin Cycle|Hydro Pump|p1a: Ursaluna|[miss]
|-miss|p2a: Spin Cycle|p1a: Ursaluna
|
|-weather|Snow|[upkeep]
|-status|p1a: Ursaluna|brn|[from] item: Flame Orb
|turn|3
|
|switch|p2a: FlutterMane @ Home|Mismagius, F|100/100
|move|p1a: Ursaluna|Facade|p2a: FlutterMane @ Home
|-immune|p2a: FlutterMane @ Home
|
|-weather|Snow|[upkeep]
|-damage|p1a: Ursaluna|94/100 brn|[from] brn
|turn|4
|
|move|p1a: Ursaluna|Crunch|p2a: FlutterMane @ Home
|-supereffective|p2a: FlutterMane @ Home
|-enditem|p2a: FlutterMane @ Home|Focus Sash
|-damage|p2a: FlutterMane @ Home|1/100
|move|p2a: FlutterMane @ Home|Calm Mind|p2a: FlutterMane @ Home
|-boost|p2a: FlutterMane @ Home|spa|1
|-boost|p2a: FlutterMane @ Home|spd|1
|
|-weather|Snow|[upkeep]
|-damage|p1a: Ursaluna|88/100 brn|[from] brn
|turn|5
|
|-terastallize|p2a: FlutterMane @ Home|Fairy
|move|p1a: Ursaluna|Crunch|p2a: FlutterMane @ Home
|-resisted|p2a: FlutterMane @ Home
|-damage|p2a: FlutterMane @ Home|0 fnt
|faint|p2a: FlutterMane @ Home
|
|-weather|Snow|[upkeep]
|-damage|p1a: Ursaluna|82/100 brn|[from] brn
|-fieldend|move: Trick Room
|
|switch|p2a: Spin Cycle|Rotom-Wash|100/100
|turn|6
|
|switch|p1a: Slowking|Slowking-Galar, M|100/100
|move|p2a: Spin Cycle|Hydro Pump|p1a: Slowking
|-damage|p1a: Slowking|74/100
|
|-weather|none
|-heal|p1a: Slowking|80/100|[from] item: Black Sludge
|turn|7
|
|move|p2a: Spin Cycle|Shadow Ball|p1a: Slowking
|-supereffective|p1a: Slowking
|-damage|p1a: Slowking|55/100
|move|p1a: Slowking|Trick Room|p1a: Slowking
|-fieldstart|move: Trick Room|[of] p1a: Slowking
|
|-heal|p1a: Slowking|61/100|[from] item: Black Sludge
|turn|8
|
|move|p1a: Slowking|Chilly Reception|p1a: Slowking
|-weather|Snow
|
|switch|p1a: Kingambit|Kingambit, M|100/100|[from] Chilly Reception
|move|p2a: Spin Cycle|Hydro Pump|p1a: Kingambit
|-damage|p1a: Kingambit|59/100
|
|-weather|Snow|[upkeep]
|-heal|p1a: Kingambit|65/100|[from] item: Leftovers
|turn|9
|
|move|p1a: Kingambit|Swords Dance|p1a: Kingambit
|-boost|p1a: Kingambit|atk|2
|move|p2a: Spin Cycle|Volt Switch|p1a: Kingambit
|-damage|p1a: Kingambit|37/100
|
|switch|p2a: Blade|Scizor, M|100/100|[from] Volt Switch
|
|-weather|Snow|[upkeep]
|-heal|p1a: Kingambit|44/100|[from] item: Leftovers
|turn|10
|
|move|p2a: Blade|Brick Break|p1a: Kingambit
|-supereffective|p1a: Kingambit
|-damage|p1a: Kingambit|0 fnt
|faint|p1a: Kingambit
|
|-weather|Snow|[upkeep]
|
|switch|p1a: Slowking|Slowking-Galar, M|94/100
|turn|11
|
|move|p2a: Blade|Bullet Punch|p1a: Slowking
|-damage|p1a: Slowking|60/100
|move|p1a: Slowking|Flamethrower|p2a: Blade
|-supereffective|p2a: Blade
|-damage|p2a: Blade|0 fnt
|faint|p2a: Blade
|
|-weather|Snow|[upkeep]
|-heal|p1a: Slowking|66/100|[from] item: Black Sludge
|-fieldend|move: Trick Room
|
|switch|p2a: Wo-Chien-Pao|Chien-Pao|100/100
|-ability|p2a: Wo-Chien-Pao|Sword of Ruin
|turn|12
|
|switch|p1a: Avalugg|Avalugg-Hisui, M|100/100
|move|p2a: Wo-Chien-Pao|Crunch|p1a: Avalugg
|-damage|p1a: Avalugg|75/100
|
|-weather|none
|turn|13
|
|switch|p2a: Spin Cycle|Rotom-Wash|100/100
|-terastallize|p1a: Avalugg|Ground
|move|p1a: Avalugg|Earthquake|p2a: Spin Cycle
|-immune|p2a: Spin Cycle|[from] ability: Levitate
|
|turn|14
|
|switch|p1a: Slowking|Slowking-Galar, M|99/100
|move|p2a: Spin Cycle|Hydro Pump|p1a: Slowking|[miss]
|-miss|p2a: Spin Cycle|p1a: Slowking
|
|-heal|p1a: Slowking|100/100|[from] item: Black Sludge
|turn|15
|
|move|p2a: Spin Cycle|Volt Switch|p1a: Slowking
|-damage|p1a: Slowking|83/100
|
|switch|p2a: Brawlshroom|Breloom, F|100/100|[from] Volt Switch
|move|p1a: Slowking|Trick Room|p1a: Slowking
|-fieldstart|move: Trick Room|[of] p1a: Slowking
|
|-heal|p1a: Slowking|89/100|[from] item: Black Sludge
|turn|16
|
|move|p1a: Slowking|Chilly Reception|p1a: Slowking
|-weather|Snow
|
|switch|p1a: Avalugg|Avalugg-Hisui, M, tera:Ground|75/100|[from] Chilly Reception
|move|p2a: Brawlshroom|Spore|p1a: Avalugg
|-status|p1a: Avalugg|slp|[from] move: Spore
|
|-weather|Snow|[upkeep]
|turn|17
|
|switch|p1a: Hatterene|Hatterene, F|100/100
|move|p2a: Brawlshroom|Swords Dance|p2a: Brawlshroom
|-boost|p2a: Brawlshroom|atk|2
|
|-weather|Snow|[upkeep]
|turn|18
|
|move|p1a: Hatterene|Calm Mind|p1a: Hatterene
|-boost|p1a: Hatterene|spa|1
|-boost|p1a: Hatterene|spd|1
|move|p2a: Brawlshroom|Bullet Seed|p1a: Hatterene
|-damage|p1a: Hatterene|69/100
|-crit|p1a: Hatterene
|-damage|p1a: Hatterene|24/100
|-hitcount|p1a: Hatterene|2
|-enditem|p1a: Hatterene|Eject Button
|
|switch|p1a: Ursaluna|Ursaluna, M|82/100 brn
|
|-weather|Snow|[upkeep]
|-damage|p1a: Ursaluna|76/100 brn|[from] brn
|turn|19
|
|move|p1a: Ursaluna|Facade|p2a: Brawlshroom
|-enditem|p2a: Brawlshroom|Focus Sash
|-damage|p2a: Brawlshroom|1/100
|move|p2a: Brawlshroom|Bullet Seed|p1a: Ursaluna
|-supereffective|p1a: Ursaluna
|-damage|p1a: Ursaluna|24/100 brn
|-supereffective|p1a: Ursaluna
|-damage|p1a: Ursaluna|0 fnt
|faint|p1a: Ursaluna
|-hitcount|p1: Ursaluna|2
|
|-weather|Snow|[upkeep]
|-fieldend|move: Trick Room
|
|switch|p1a: Cresselia|Cresselia, F|100/100
|turn|20
|
|move|p2a: Brawlshroom|Bullet Seed|p1a: Cresselia
|-damage|p1a: Cresselia|74/100
|-crit|p1a: Cresselia
|-damage|p1a: Cresselia|31/100
|-damage|p1a: Cresselia|4/100
|-hitcount|p1a: Cresselia|3
|move|p1a: Cresselia|Ice Beam|p2a: Brawlshroom
|-supereffective|p2a: Brawlshroom
|-damage|p2a: Brawlshroom|0 fnt
|faint|p2a: Brawlshroom
|
|-weather|none
|
|switch|p2a: Wo-Chien-Pao|Chien-Pao|100/100
|-ability|p2a: Wo-Chien-Pao|Sword of Ruin
|turn|21
|
|move|p2a: Wo-Chien-Pao|Crunch|p1a: Cresselia
|-supereffective|p1a: Cresselia
|-crit|p1a: Cresselia
|-damage|p1a: Cresselia|0 fnt
|faint|p1a: Cresselia
|
|
|switch|p1a: Avalugg|Avalugg-Hisui, M, tera:Ground|75/100 slp
|turn|22
|
|switch|p2a: Spin Cycle|Rotom-Wash|100/100
|cant|p1a: Avalugg|slp
|
|turn|23
|
|move|p2a: Spin Cycle|Hydro Pump|p1a: Avalugg
|-supereffective|p1a: Avalugg
|-crit|p1a: Avalugg
|-damage|p1a: Avalugg|0 fnt
|faint|p1a: Avalugg
|
|-message|lizl forfeited.
|
|win|Egg Robo
