# advantage = p1
|poke|p1|Ceruledge, M|
|poke|p1|Garchomp, M|
|poke|p1|Pelipper, M|
|poke|p1|Torkoal, M|
|poke|p1|Barraskewda, M|
|poke|p1|Rotom-Wash|
|poke|p2|Decidueye, M|
|poke|p2|Farigiraf, F|
|poke|p2|Wugtrio, F|
|poke|p2|Dragonite, F|
|poke|p2|Great Tusk|
|poke|p2|Iron Valiant|
|teampreview
|
|start
|switch|p1a: Torkoal|Torkoal, M, shiny|100/100
|switch|p2a: Lance|Dragonite, F, shiny|100/100
|-weather|SunnyDay|[from] ability: Drought|[of] p1a: Torkoal
|turn|1
|
|move|p2a: Lance|Earthquake|p1a: Torkoal
|-supereffective|p1a: Torkoal
|-damage|p1a: Torkoal|56/100
|move|p1a: Torkoal|Stealth Rock|p2a: Lance
|-sidestart|p2: p2|move: Stealth Rock
|
|-weather|SunnyDay|[upkeep]
|-heal|p1a: Torkoal|62/100|[from] item: Leftovers
|turn|2
|
|switch|p1a: Rotom|Rotom-Wash, shiny|100/100
|move|p2a: Lance|Earthquake|p1a: Rotom
|-immune|p1a: Rotom|[from] ability: Levitate
|
|-weather|SunnyDay|[upkeep]
|turn|3
|
|-terastallize|p2a: Lance|Normal
|move|p2a: Lance|Extreme Speed|p1a: Rotom
|-damage|p1a: Rotom|62/100
|move|p1a: Rotom|Will-O-Wisp|p2a: Lance
|-status|p2a: Lance|brn
|
|-weather|SunnyDay|[upkeep]
|-heal|p1a: Rotom|68/100|[from] item: Leftovers
|-damage|p2a: Lance|94/100 brn|[from] brn
|turn|4
|
|move|p1a: Rotom|Protect|p1a: Rotom
|-singleturn|p1a: Rotom|Protect
|move|p2a: Lance|Extreme Speed|p1a: Rotom
|-activate|p1a: Rotom|move: Protect
|
|-weather|SunnyDay|[upkeep]
|-heal|p1a: Rotom|74/100|[from] item: Leftovers
|-damage|p2a: Lance|88/100 brn|[from] brn
|turn|5
|
|switch|p1a: Ceruledge|Ceruledge, M, shiny|100/100
|move|p2a: Lance|Extreme Speed|p1a: Ceruledge
|-immune|p1a: Ceruledge
|
|-weather|none
|-damage|p2a: Lance|82/100 brn|[from] brn
|turn|6
|
|move|p2a: Lance|Earthquake|p1a: Ceruledge
|-supereffective|p1a: Ceruledge
|-damage|p1a: Ceruledge|64/100
|-ability|p1a: Ceruledge|Weak Armor|boost
|-unboost|p1a: Ceruledge|def|1
|-boost|p1a: Ceruledge|spe|2
|move|p1a: Ceruledge|Swords Dance|p1a: Ceruledge
|-boost|p1a: Ceruledge|atk|2
|
|-damage|p2a: Lance|76/100 brn|[from] brn
|turn|7
|
|move|p1a: Ceruledge|Bitter Blade|p2a: Lance
|-damage|p2a: Lance|0 fnt
|-heal|p1a: Ceruledge|100/100|[from] drain|[of] p2a: Lance
|faint|p2a: Lance
|
|
|switch|p2a: Soren|Decidueye, M, shiny|100/100
|-damage|p2a: Soren|88/100|[from] Stealth Rock
|turn|8
|
|move|p2a: Soren|Sucker Punch|p1a: Ceruledge
|-supereffective|p1a: Ceruledge
|-damage|p1a: Ceruledge|21/100
|-ability|p1a: Ceruledge|Weak Armor|boost
|-unboost|p1a: Ceruledge|def|1
|-boost|p1a: Ceruledge|spe|2
|move|p1a: Ceruledge|Bitter Blade|p2a: Soren
|-supereffective|p2a: Soren
|-damage|p2a: Soren|0 fnt
|-heal|p1a: Ceruledge|66/100|[from] drain|[of] p2a: Soren
|faint|p2a: Soren
|
|
|switch|p2a: Kofu|Wugtrio, F, shiny|100/100
|-damage|p2a: Kofu|88/100|[from] Stealth Rock
|turn|9
|
|move|p2a: Kofu|Sucker Punch|p1a: Ceruledge
|-supereffective|p1a: Ceruledge
|-damage|p1a: Ceruledge|0 fnt
|faint|p1a: Ceruledge
|
|
|switch|p1a: Torkoal|Torkoal, M, shiny|62/100
|-weather|SunnyDay|[from] ability: Drought|[of] p1a: Torkoal
|turn|10
|
|switch|p2a: Ganon|Great Tusk|100/100
|-activate|p2a: Ganon|ability: Protosynthesis
|-start|p2a: Ganon|protosynthesisatk
|move|p1a: Torkoal|Body Press|p2a: Ganon
|-damage|p2a: Ganon|79/100
|
|-weather|SunnyDay|[upkeep]
|-heal|p1a: Torkoal|69/100|[from] item: Leftovers
|turn|11
|
|switch|p1a: Pelipper|Pelipper, M, shiny|100/100
|-weather|RainDance|[from] ability: Drizzle|[of] p1a: Pelipper
|-end|p2a: Ganon|Protosynthesis
|move|p2a: Ganon|Rapid Spin|p1a: Pelipper
|-damage|p1a: Pelipper|84/100
|-boost|p2a: Ganon|spe|1
|-sideend|p2: p2|Stealth Rock|[from] move: Rapid Spin|[of] p2a: Ganon
|
|-weather|RainDance|[upkeep]
|-heal|p1a: Pelipper|90/100|[from] item: Leftovers
|turn|12
|
|-end|p2a: Ganon|Protosynthesis|[silent]
|switch|p2a: Cubuc|Farigiraf, F|100/100
|move|p1a: Pelipper|Liquidation|p2a: Cubuc
|-damage|p2a: Cubuc|70/100
|
|-weather|RainDance|[upkeep]
|-heal|p2a: Cubuc|76/100|[from] item: Leftovers
|-heal|p1a: Pelipper|96/100|[from] item: Leftovers
|turn|13
|
|move|p2a: Cubuc|Agility|p2a: Cubuc
|-boost|p2a: Cubuc|spe|2
|move|p1a: Pelipper|U-turn|p2a: Cubuc
|-supereffective|p2a: Cubuc
|-damage|p2a: Cubuc|54/100
|
|switch|p1a: Rotom|Rotom-Wash, shiny|74/100|[from] U-turn
|
|-weather|RainDance|[upkeep]
|-heal|p2a: Cubuc|60/100|[from] item: Leftovers
|-heal|p1a: Rotom|80/100|[from] item: Leftovers
|turn|14
|
|move|p2a: Cubuc|Calm Mind|p2a: Cubuc
|-boost|p2a: Cubuc|spa|1
|-boost|p2a: Cubuc|spd|1
|move|p1a: Rotom|Eerie Impulse|p2a: Cubuc
|-unboost|p2a: Cubuc|spa|2
|
|-weather|RainDance|[upkeep]
|-heal|p2a: Cubuc|66/100|[from] item: Leftovers
|-heal|p1a: Rotom|87/100|[from] item: Leftovers
|turn|15
|
|move|p2a: Cubuc|Calm Mind|p2a: Cubuc
|-boost|p2a: Cubuc|spa|1
|-boost|p2a: Cubuc|spd|1
|move|p1a: Rotom|Eerie Impulse|p2a: Cubuc
|-unboost|p2a: Cubuc|spa|2
|
|-weather|none
|-heal|p2a: Cubuc|72/100|[from] item: Leftovers
|-heal|p1a: Rotom|93/100|[from] item: Leftovers
|turn|16
|
|move|p2a: Cubuc|Calm Mind|p2a: Cubuc
|-boost|p2a: Cubuc|spa|1
|-boost|p2a: Cubuc|spd|1
|move|p1a: Rotom|Eerie Impulse|p2a: Cubuc
|-unboost|p2a: Cubuc|spa|2
|
|-heal|p2a: Cubuc|78/100|[from] item: Leftovers
|-heal|p1a: Rotom|99/100|[from] item: Leftovers
|turn|17
|
|move|p2a: Cubuc|Calm Mind|p2a: Cubuc
|-boost|p2a: Cubuc|spa|1
|-boost|p2a: Cubuc|spd|1
|move|p1a: Rotom|Eerie Impulse|p2a: Cubuc
|-unboost|p2a: Cubuc|spa|2
|
|-heal|p2a: Cubuc|84/100|[from] item: Leftovers
|-heal|p1a: Rotom|100/100|[from] item: Leftovers
|turn|18
|
|move|p2a: Cubuc|Calm Mind|p2a: Cubuc
|-boost|p2a: Cubuc|spa|1
|-boost|p2a: Cubuc|spd|1
|move|p1a: Rotom|Will-O-Wisp|p2a: Cubuc
|-status|p2a: Cubuc|brn
|
|-heal|p2a: Cubuc|90/100 brn|[from] item: Leftovers
|-damage|p2a: Cubuc|84/100 brn|[from] brn
|turn|19
|
|move|p2a: Cubuc|Calm Mind|p2a: Cubuc
|-boost|p2a: Cubuc|spa|1
|-boost|p2a: Cubuc|spd|1
|move|p1a: Rotom|Eerie Impulse|p2a: Cubuc
|-unboost|p2a: Cubuc|spa|2
|
|-heal|p2a: Cubuc|90/100 brn|[from] item: Leftovers
|-damage|p2a: Cubuc|84/100 brn|[from] brn
|turn|20
|
|switch|p1a: Garchomp|Garchomp, M, shiny|100/100
|move|p2a: Cubuc|Stored Power|p1a: Garchomp
|-damage|p1a: Garchomp|69/100
|
|-heal|p2a: Cubuc|90/100 brn|[from] item: Leftovers
|-damage|p2a: Cubuc|84/100 brn|[from] brn
|turn|21
|
|move|p2a: Cubuc|Calm Mind|p2a: Cubuc
|-boost|p2a: Cubuc|spa|1
|-boost|p2a: Cubuc|spd|0
|move|p1a: Garchomp|Earthquake|p2a: Cubuc
|-damage|p2a: Cubuc|7/100 brn
|-damage|p1a: Garchomp|59/100|[from] item: Life Orb
|
|-heal|p2a: Cubuc|13/100 brn|[from] item: Leftovers
|-damage|p2a: Cubuc|7/100 brn|[from] brn
|turn|22
|
|move|p2a: Cubuc|Stored Power|p1a: Garchomp
|-damage|p1a: Garchomp|15/100
|move|p1a: Garchomp|Earthquake|p2a: Cubuc
|-damage|p2a: Cubuc|0 fnt
|faint|p2a: Cubuc
|-damage|p1a: Garchomp|6/100|[from] item: Life Orb
|
|
|switch|p2a: Kofu|Wugtrio, F, shiny|88/100
|turn|23
|
|switch|p1a: Rotom|Rotom-Wash, shiny|100/100
|move|p2a: Kofu|Sucker Punch||[still]
|-fail|p2a: Kofu
|
|turn|24
|
|switch|p2a: Thorffin|Iron Valiant|100/100
|-enditem|p2a: Thorffin|Booster Energy
|-activate|p2a: Thorffin|ability: Quark Drive|[fromitem]
|-start|p2a: Thorffin|quarkdrivespe
|move|p1a: Rotom|Will-O-Wisp|p2a: Thorffin
|-status|p2a: Thorffin|brn
|
|-damage|p2a: Thorffin|94/100 brn|[from] brn
|turn|25
|
|move|p1a: Rotom|Protect|p1a: Rotom
|-singleturn|p1a: Rotom|Protect
|move|p2a: Thorffin|Swords Dance|p2a: Thorffin
|-boost|p2a: Thorffin|atk|2
|
|-damage|p2a: Thorffin|88/100 brn|[from] brn
|turn|26
|
|switch|p1a: Garchomp|Garchomp, M, shiny|6/100
|move|p2a: Thorffin|Leaf Blade|p1a: Garchomp
|-damage|p1a: Garchomp|0 fnt
|-damage|p2a: Thorffin|76/100 brn|[from] ability: Rough Skin|[of] p1a: Garchomp
|faint|p1a: Garchomp
|
|-damage|p2a: Thorffin|69/100 brn|[from] brn
|
|switch|p1a: Pelipper|Pelipper, M, shiny|96/100
|-weather|RainDance|[from] ability: Drizzle|[of] p1a: Pelipper
|turn|27
|
|move|p2a: Thorffin|Spirit Break|p1a: Pelipper
|-damage|p1a: Pelipper|60/100
|-unboost|p1a: Pelipper|spa|1
|move|p1a: Pelipper|U-turn|p2a: Thorffin
|-resisted|p2a: Thorffin
|-damage|p2a: Thorffin|67/100 brn
|
|switch|p1a: Barraskewda|Barraskewda, M, shiny|100/100|[from] U-turn
|
|-weather|RainDance|[upkeep]
|-damage|p2a: Thorffin|60/100 brn|[from] brn
|turn|28
|
|move|p1a: Barraskewda|Liquidation|p2a: Thorffin
|-damage|p2a: Thorffin|0 fnt
|faint|p2a: Thorffin
|-end|p2a: Thorffin|Quark Drive|[silent]
|
|-weather|RainDance|[upkeep]
|
|switch|p2a: Kofu|Wugtrio, F, shiny|88/100
|turn|29
|
|switch|p1a: Rotom|Rotom-Wash, shiny|100/100
|move|p2a: Kofu|Sucker Punch||[still]
|-fail|p2a: Kofu
|
|-weather|RainDance|[upkeep]
|turn|30
|
|switch|p2a: Ganon|Great Tusk|79/100
|move|p1a: Rotom|Will-O-Wisp|p2a: Ganon
|-status|p2a: Ganon|brn
|
|-weather|RainDance|[upkeep]
|-damage|p2a: Ganon|73/100 brn|[from] brn
|turn|31
|-message|p2 forfeited.
|
|win|p1
