|poke|p1|Magearna|
|poke|p1|Amoonguss, F|
|poke|p1|Great Tusk|
|poke|p1|Chien-Pao|
|poke|p1|Garganacl, M|
|poke|p1|Gholdengo|
|poke|p2|Klefki, F|
|poke|p2|Heatran, F|
|poke|p2|Drednaw, M|
|poke|p2|Baxcalibur, M|
|poke|p2|Gyarados, M|
|poke|p2|Iron Valiant|
|teampreview
|
|start
|switch|p1a: Amoonguss|Amoonguss, F|100/100
|switch|p2a: Heatran|Heatran, F|100/100
|-item|p2a: Heatran|Air Balloon
|turn|1
|
|switch|p1a: Garganacl|Garganacl, M|100/100
|move|p2a: Heatran|Stealth Rock|p1a: Garganacl
|-sidestart|p1: p1|move: Stealth Rock
|
|turn|2
|
|move|p2a: Heatran|Taunt|p1a: Garganacl
|-start|p1a: Garganacl|move: Taunt
|move|p1a: Garganacl|Salt Cure|p2a: Heatran
|-damage|p2a: Heatran|85/100
|-start|p2a: Heatran|Salt Cure
|-enditem|p2a: Heatran|Air Balloon
|
|-damage|p2a: Heatran|60/100|[from] Salt Cure
|turn|3
|
|switch|p1a: Great Tusk|Great Tusk|100/100
|-damage|p1a: Great Tusk|97/100|[from] Stealth Rock
|move|p2a: Heatran|Steel Beam|p1a: Great Tusk
|-damage|p1a: Great Tusk|0 fnt
|-damage|p2a: Heatran|10/100|[from] steelbeam
|faint|p1a: Great Tusk
|-end|p1a: Great Tusk|Protosynthesis|[silent]
|
|-damage|p2a: Heatran|0 fnt|[from] Salt Cure
|faint|p2a: Heatran
|
|switch|p2a: Iron Valiant|Iron Valiant|100/100
|switch|p1a: Gholdengo|Gholdengo|100/100
|-damage|p1a: Gholdengo|94/100|[from] Stealth Rock
|turn|4
|
|move|p2a: Iron Valiant|Knock Off|p1a: Gholdengo
|-supereffective|p1a: Gholdengo
|-damage|p1a: Gholdengo|11/100
|-enditem|p1a: Gholdengo|Choice Scarf|[from] move: Knock Off|[of] p2a: Iron Valiant
|move|p1a: Gholdengo|Make It Rain|p2a: Iron Valiant
|-supereffective|p2a: Iron Valiant
|-damage|p2a: Iron Valiant|0 fnt
|-unboost|p1a: Gholdengo|spa|1
|faint|p2a: Iron Valiant
|-end|p2a: Iron Valiant|Quark Drive|[silent]
|
|
|switch|p2a: Baxcalibur|Baxcalibur, M|100/100
|turn|5
|
|move|p2a: Baxcalibur|Earthquake|p1a: Gholdengo
|-supereffective|p1a: Gholdengo
|-damage|p1a: Gholdengo|0 fnt
|faint|p1a: Gholdengo
|
|
|switch|p1a: Amoonguss|Amoonguss, F|100/100
|-damage|p1a: Amoonguss|88/100|[from] Stealth Rock
|turn|6
|
|move|p2a: Baxcalibur|Icicle Spear|p1a: Amoonguss
|-supereffective|p1a: Amoonguss
|-damage|p1a: Amoonguss|65/100
|-supereffective|p1a: Amoonguss
|-damage|p1a: Amoonguss|43/100
|-supereffective|p1a: Amoonguss
|-damage|p1a: Amoonguss|20/100
|-supereffective|p1a: Amoonguss
|-damage|p1a: Amoonguss|0 fnt
|faint|p1a: Amoonguss
|-hitcount|p1: Amoonguss|4
|
|
|switch|p1a: Magearna|Magearna|100/100
|-damage|p1a: Magearna|95/100|[from] Stealth Rock
|turn|7
|
|-terastallize|p1a: Magearna|Water
|move|p2a: Baxcalibur|Dragon Dance|p2a: Baxcalibur
|-boost|p2a: Baxcalibur|atk|1
|-boost|p2a: Baxcalibur|spe|1
|move|p1a: Magearna|Agility|p1a: Magearna
|-boost|p1a: Magearna|spe|2
|
|-heal|p1a: Magearna|100/100|[from] item: Leftovers
|turn|8
|
|move|p1a: Magearna|Draining Kiss|p2a: Baxcalibur
|-supereffective|p2a: Baxcalibur
|-damage|p2a: Baxcalibur|48/100
|move|p2a: Baxcalibur|Glaive Rush|p1a: Magearna
|-damage|p1a: Magearna|1/100
|-singlemove|p2a: Baxcalibur|Glaive Rush|[silent]
|
|-heal|p1a: Magearna|7/100|[from] item: Leftovers
|turn|9
|
|move|p1a: Magearna|Draining Kiss|p2a: Baxcalibur
|-supereffective|p2a: Baxcalibur
|-damage|p2a: Baxcalibur|0 fnt
|-heal|p1a: Magearna|52/100|[from] drain|[of] p2a: Baxcalibur
|faint|p2a: Baxcalibur
|-ability|p1a: Magearna|Soul-Heart|boost
|-boost|p1a: Magearna|spa|1
|
|-heal|p1a: Magearna|58/100|[from] item: Leftovers
|
|switch|p2a: Klefki|Klefki, F|100/100
|turn|10
|
|move|p2a: Klefki|Thunder Wave|p1a: Magearna
|-status|p1a: Magearna|par
|cant|p1a: Magearna|par
|
|-heal|p1a: Magearna|64/100 par|[from] item: Leftovers
|turn|11
|
|switch|p2a: Gyarados|Gyarados, M|100/100
|cant|p1a: Magearna|par
|
|-heal|p1a: Magearna|70/100 par|[from] item: Leftovers
|turn|12
|
|move|p2a: Gyarados|Dragon Dance|p2a: Gyarados
|-boost|p2a: Gyarados|atk|1
|-boost|p2a: Gyarados|spe|1
|move|p1a: Magearna|Agility|p1a: Magearna
|-boost|p1a: Magearna|spe|2
|
|-heal|p1a: Magearna|76/100 par|[from] item: Leftovers
|turn|13
|
|move|p2a: Gyarados|Dragon Dance|p2a: Gyarados
|-boost|p2a: Gyarados|atk|1
|-boost|p2a: Gyarados|spe|1
|cant|p1a: Magearna|par
|
|-heal|p1a: Magearna|82/100 par|[from] item: Leftovers
|turn|14
|
|move|p2a: Gyarados|Earthquake|p1a: Magearna
|-damage|p1a: Magearna|4/100 par
|move|p1a: Magearna|Thunderbolt|p2a: Gyarados
|-supereffective|p2a: Gyarados
|-damage|p2a: Gyarados|0 fnt
|faint|p2a: Gyarados
|-ability|p1a: Magearna|Soul-Heart|boost
|-boost|p1a: Magearna|spa|1
|
|-heal|p1a: Magearna|10/100 par|[from] item: Leftovers
|
|switch|p2a: Drednaw|Drednaw, M|100/100
|-item|p2a: Drednaw|Air Balloon
|turn|15
|
|move|p1a: Magearna|Thunderbolt|p2a: Drednaw
|-supereffective|p2a: Drednaw
|-damage|p2a: Drednaw|0 fnt
|-enditem|p2a: Drednaw|Air Balloon
|faint|p2a: Drednaw
|-ability|p1a: Magearna|Soul-Heart|boost
|-boost|p1a: Magearna|spa|1
|
|-heal|p1a: Magearna|16/100 par|[from] item: Leftovers
|-message|p2 forfeited.
|
|win|p1
