|poke|p1|Zamazenta-*|
|poke|p1|Abomasnow, M|
|poke|p1|Chien-Pao|
|poke|p1|Magearna|
|poke|p1|Skeledirge, M|
|poke|p1|Iron Treads|
|poke|p2|Rillaboom, M|
|poke|p2|Sneasler, M|
|poke|p2|Chien-Pao|
|poke|p2|Heatran, M|
|poke|p2|Great Tusk|
|poke|p2|Corviknight, F|
|teampreview
|
|start
|switch|p1a: Abomasnow|Abomasnow, M|100/100
|switch|p2a: Heatran|Heatran, M|100/100
|-weather|Snow|[from] ability: Snow Warning|[of] p1a: Abomasnow
|turn|1
|
|move|p2a: Heatran|Taunt|p1a: Abomasnow
|-start|p1a: Abomasnow|move: Taunt
|move|p1a: Abomasnow|Earth Power|p2a: Heatran
|-supereffective|p2a: Heatran
|-damage|p2a: Heatran|27/100
|
|-weather|Snow|[upkeep]
|-heal|p2a: Heatran|33/100|[from] item: Leftovers
|turn|2
|
|switch|p2a: Chien-Pao|Chien-Pao|100/100
|-ability|p2a: Chien-Pao|Sword of Ruin
|switch|p1a: Iron Treads|Iron Treads|100/100
|
|-weather|Snow|[upkeep]
|turn|3
|
|switch|p2a: Great Tusk|Great Tusk|100/100
|-end|p1a: Iron Treads|Quark Drive|[silent]
|switch|p1a: Zamazenta|Zamazenta|100/100
|-ability|p1a: Zamazenta|Dauntless Shield|boost
|-boost|p1a: Zamazenta|def|1
|
|-weather|Snow|[upkeep]
|turn|4
|
|move|p1a: Zamazenta|Substitute|p1a: Zamazenta
|-start|p1a: Zamazenta|Substitute
|-damage|p1a: Zamazenta|76/100
|move|p2a: Great Tusk|Close Combat|p1a: Zamazenta
|-end|p1a: Zamazenta|Substitute
|-unboost|p2a: Great Tusk|def|1
|-unboost|p2a: Great Tusk|spd|1
|-enditem|p2a: Great Tusk|Eject Pack
|
|-end|p2a: Great Tusk|Protosynthesis|[silent]
|switch|p2a: Corviknight|Corviknight, F|100/100
|-ability|p2a: Corviknight|Pressure
|
|-weather|Snow|[upkeep]
|-heal|p1a: Zamazenta|82/100|[from] item: Leftovers
|turn|5
|
|move|p1a: Zamazenta|Substitute|p1a: Zamazenta
|-start|p1a: Zamazenta|Substitute
|-damage|p1a: Zamazenta|57/100
|move|p2a: Corviknight|Brave Bird|p1a: Zamazenta
|-supereffective|p1a: Zamazenta
|-end|p1a: Zamazenta|Substitute
|-damage|p2a: Corviknight|94/100|[from] Recoil|[of] p1a: Zamazenta
|
|-weather|none
|-heal|p1a: Zamazenta|63/100|[from] item: Leftovers
|turn|6
|
|move|p1a: Zamazenta|Protect|p1a: Zamazenta
|-singleturn|p1a: Zamazenta|Protect
|move|p2a: Corviknight|Brave Bird|p1a: Zamazenta
|-activate|p1a: Zamazenta|move: Protect
|
|-heal|p1a: Zamazenta|69/100|[from] item: Leftovers
|turn|7
|
|move|p1a: Zamazenta|Iron Defense|p1a: Zamazenta
|-boost|p1a: Zamazenta|def|2
|move|p2a: Corviknight|Brave Bird|p1a: Zamazenta
|-supereffective|p1a: Zamazenta
|-damage|p1a: Zamazenta|45/100
|-damage|p2a: Corviknight|87/100|[from] Recoil
|
|-heal|p1a: Zamazenta|51/100|[from] item: Leftovers
|turn|8
|
|move|p1a: Zamazenta|Iron Defense|p1a: Zamazenta
|-boost|p1a: Zamazenta|def|2
|move|p2a: Corviknight|Roost|p2a: Corviknight
|-heal|p2a: Corviknight|100/100
|-singleturn|p2a: Corviknight|move: Roost
|
|-heal|p1a: Zamazenta|57/100|[from] item: Leftovers
|turn|9
|
|move|p1a: Zamazenta|Substitute|p1a: Zamazenta
|-start|p1a: Zamazenta|Substitute
|-damage|p1a: Zamazenta|32/100
|move|p2a: Corviknight|U-turn|p1a: Zamazenta
|-resisted|p1a: Zamazenta
|-activate|p1a: Zamazenta|move: Substitute|[damage]
|
|switch|p2a: Great Tusk|Great Tusk|100/100|[from] U-turn
|
|-heal|p1a: Zamazenta|39/100|[from] item: Leftovers
|turn|10
|
|move|p1a: Zamazenta|Body Press|p2a: Great Tusk
|-damage|p2a: Great Tusk|11/100
|move|p2a: Great Tusk|Headlong Rush|p1a: Zamazenta
|-crit|p1a: Zamazenta
|-end|p1a: Zamazenta|Substitute
|-unboost|p2a: Great Tusk|def|1
|-unboost|p2a: Great Tusk|spd|1
|
|-heal|p1a: Zamazenta|45/100|[from] item: Leftovers
|turn|11
|
|move|p1a: Zamazenta|Protect|p1a: Zamazenta
|-singleturn|p1a: Zamazenta|Protect
|move|p2a: Great Tusk|Headlong Rush|p1a: Zamazenta
|-activate|p1a: Zamazenta|move: Protect
|
|-heal|p1a: Zamazenta|51/100|[from] item: Leftovers
|turn|12
|
|move|p1a: Zamazenta|Substitute|p1a: Zamazenta
|-start|p1a: Zamazenta|Substitute
|-damage|p1a: Zamazenta|26/100
|move|p2a: Great Tusk|Headlong Rush|p1a: Zamazenta
|-activate|p1a: Zamazenta|move: Substitute|[damage]
|-unboost|p2a: Great Tusk|def|1
|-unboost|p2a: Great Tusk|spd|1
|
|-heal|p1a: Zamazenta|32/100|[from] item: Leftovers
|turn|13
|
|move|p1a: Zamazenta|Body Press|p2a: Great Tusk
|-damage|p2a: Great Tusk|0 fnt
|faint|p2a: Great Tusk
|-end|p2a: Great Tusk|Protosynthesis|[silent]
|
|-heal|p1a: Zamazenta|38/100|[from] item: Leftovers
|-message|SpOr88 forfeited.
|
|win|erduashi
|l|☆SpOr88
