# advantage = p2
|poke|p1|Volcarona, M|
|poke|p1|Garchomp, M|
|poke|p1|Dragonite, M|
|poke|p1|Cinderace, M|
|poke|p1|Azumarill, M|
|poke|p1|Dragapult, M|
|poke|p2|Pelipper, F|
|poke|p2|Landorus-Therian, M|
|poke|p2|Overqwil, M|
|poke|p2|Rillaboom, F|
|poke|p2|Azumarill, M|
|poke|p2|Glimmora, M|
|teampreview
|
|start
|switch|p1a: shape|Volcarona, M, shiny|100/100
|switch|p2a: Azumarill|Azumarill, M|100/100
|turn|1
|
|move|p1a: shape|Quiver Dance|p1a: shape
|-boost|p1a: shape|spa|1
|-boost|p1a: shape|spd|1
|-boost|p1a: shape|spe|1
|move|p2a: Azumarill|Belly Drum|p2a: Azumarill
|-damage|p2a: Azumarill|51/100
|-setboost|p2a: Azumarill|atk|6|[from] move: Belly Drum
|
|turn|2
|
|switch|p1a: zoom|Azumarill, M, shiny|100/100
|-terastallize|p2a: Azumarill|Water
|move|p2a: Azumarill|Aqua Jet|p1a: zoom
|-resisted|p1a: zoom
|-damage|p1a: zoom|21/100
|-enditem|p1a: zoom|Sitrus Berry|[eat]
|-heal|p1a: zoom|46/100|[from] item: Sitrus Berry
|
|turn|3
|
|move|p2a: Azumarill|Aqua Jet|p1a: zoom
|-resisted|p1a: zoom
|-damage|p1a: zoom|0 fnt
|faint|p1a: zoom
|
|
|switch|p1a: shape|Volcarona, M, shiny|100/100
|turn|4
|
|move|p2a: Azumarill|Aqua Jet|p1a: shape
|-supereffective|p1a: shape
|-damage|p1a: shape|0 fnt
|faint|p1a: shape
|
|
|switch|p1a: dude fr|Garchomp, M, shiny|100/100
|turn|5
|
|move|p2a: Azumarill|Aqua Jet|p1a: dude fr
|-damage|p1a: dude fr|0 fnt
|-damage|p2a: Azumarill|38/100|[from] ability: Rough Skin|[of] p1a: dude fr
|faint|p1a: dude fr
|
|
|switch|p1a: coal|Cinderace, M, shiny|100/100
|turn|6
|
|move|p1a: coal|Sucker Punch|p2a: Azumarill
|-start|p1a: coal|typechange|Dark|[from] ability: Libero
|-damage|p2a: Azumarill|0 fnt
|faint|p2a: Azumarill
|
|
|switch|p2a: Pelipper|Pelipper, F|100/100
|-weather|RainDance|[from] ability: Drizzle|[of] p2a: Pelipper
|turn|7
|
|move|p1a: coal|U-turn|p2a: Pelipper
|-resisted|p2a: Pelipper
|-damage|p2a: Pelipper|86/100
|
|switch|p1a: dragy|Dragapult, M, shiny|100/100|[from] U-turn
|move|p2a: Pelipper|U-turn|p1a: dragy
|-resisted|p1a: dragy
|-damage|p1a: dragy|94/100
|-start|p2a: Pelipper|Disable|U-turn|[from] ability: Cursed Body|[of] p1a: dragy
|
|switch|p2a: Rillaboom|Rillaboom, F|100/100|[from] U-turn
|-fieldstart|move: Grassy Terrain|[from] ability: Grassy Surge|[of] p2a: Rillaboom
|
|-weather|RainDance|[upkeep]
|-heal|p1a: dragy|100/100|[from] Grassy Terrain
|turn|8
|
|move|p1a: dragy|Flamethrower|p2a: Rillaboom
|-supereffective|p2a: Rillaboom
|-damage|p2a: Rillaboom|73/100
|move|p2a: Rillaboom|Thief|p1a: dragy
|-supereffective|p1a: dragy
|-damage|p1a: dragy|46/100
|-enditem|p1a: dragy|Focus Sash|[silent]|[from] move: Thief|[of] p2a: Rillaboom
|-item|p2a: Rillaboom|Focus Sash|[from] move: Thief|[of] p1a: dragy
|
|-weather|RainDance|[upkeep]
|-heal|p1a: dragy|53/100|[from] Grassy Terrain
|-heal|p2a: Rillaboom|79/100|[from] Grassy Terrain
|turn|9
|
|switch|p2a: Overqwil|Overqwil, M|100/100
|move|p1a: dragy|Dragon Darts|p2a: Overqwil
|-damage|p2a: Overqwil|80/100
|-anim|p1a: dragy|Dragon Darts|p2a: Overqwil
|-damage|p2a: Overqwil|60/100
|
|-weather|RainDance|[upkeep]
|-heal|p2a: Overqwil|66/100|[from] Grassy Terrain
|-heal|p2a: Overqwil|72/100|[from] item: Black Sludge
|-heal|p1a: dragy|59/100|[from] Grassy Terrain
|turn|10
|
|move|p2a: Overqwil|Crunch|p1a: dragy
|-supereffective|p1a: dragy
|-damage|p1a: dragy|0 fnt
|-start|p2a: Overqwil|Disable|Crunch|[from] ability: Cursed Body|[of] p1a: dragy
|faint|p1a: dragy
|
|-weather|RainDance|[upkeep]
|-heal|p2a: Overqwil|78/100|[from] Grassy Terrain
|-heal|p2a: Overqwil|84/100|[from] item: Black Sludge
|
|switch|p1a: Dragonite|Dragonite, M, shiny|100/100
|turn|11
|
|move|p2a: Overqwil|Aqua Tail|p1a: Dragonite
|-resisted|p1a: Dragonite
|-damage|p1a: Dragonite|75/100
|move|p1a: Dragonite|Earthquake|p2a: Overqwil
|-supereffective|p2a: Overqwil
|-damage|p2a: Overqwil|40/100
|
|-weather|none
|-heal|p2a: Overqwil|46/100|[from] Grassy Terrain
|-heal|p2a: Overqwil|53/100|[from] item: Black Sludge
|-heal|p1a: Dragonite|81/100|[from] item: Leftovers
|-fieldend|move: Grassy Terrain
|turn|12
|
|switch|p2a: Landorus|Landorus-Therian, M|100/100
|-ability|p2a: Landorus|Intimidate|boost
|-fail|p1a: Dragonite|unboost|Attack|[from] ability: Inner Focus|[of] p1a: Dragonite
|move|p1a: Dragonite|Earthquake|p2a: Landorus
|-immune|p2a: Landorus
|
|-heal|p1a: Dragonite|87/100|[from] item: Leftovers
|turn|13
|
|move|p2a: Landorus|Fly||[still]
|-prepare|p2a: Landorus|Fly
|move|p1a: Dragonite|Dragon Dance|p1a: Dragonite
|-boost|p1a: Dragonite|atk|1
|-boost|p1a: Dragonite|spe|1
|
|-heal|p1a: Dragonite|94/100|[from] item: Leftovers
|turn|14
|
|move|p1a: Dragonite|Dragon Dance|p1a: Dragonite
|-boost|p1a: Dragonite|atk|1
|-boost|p1a: Dragonite|spe|1
|move|p2a: Landorus|Fly|p1a: Dragonite|[from]lockedmove
|-damage|p1a: Dragonite|32/100
|
|-heal|p1a: Dragonite|39/100|[from] item: Leftovers
|turn|15
|
|move|p1a: Dragonite|Dragon Claw|p2a: Landorus
|-damage|p2a: Landorus|0 fnt
|faint|p2a: Landorus
|
|-heal|p1a: Dragonite|45/100|[from] item: Leftovers
|
|switch|p2a: Pelipper|Pelipper, F|86/100
|-weather|RainDance|[from] ability: Drizzle|[of] p2a: Pelipper
|turn|16
|
|move|p1a: Dragonite|Thunder Punch|p2a: Pelipper
|-supereffective|p2a: Pelipper
|-damage|p2a: Pelipper|0 fnt
|faint|p2a: Pelipper
|
|-weather|RainDance|[upkeep]
|-heal|p1a: Dragonite|51/100|[from] item: Leftovers
|
|switch|p2a: Overqwil|Overqwil, M|53/100
|turn|17
|
|move|p2a: Overqwil|Aqua Tail|p1a: Dragonite
|-resisted|p1a: Dragonite
|-damage|p1a: Dragonite|27/100
|move|p1a: Dragonite|Earthquake|p2a: Overqwil
|-supereffective|p2a: Overqwil
|-damage|p2a: Overqwil|0 fnt
|faint|p2a: Overqwil
|
|-weather|RainDance|[upkeep]
|-heal|p1a: Dragonite|33/100|[from] item: Leftovers
|
|switch|p2a: Rillaboom|Rillaboom, F|79/100
|-fieldstart|move: Grassy Terrain|[from] ability: Grassy Surge|[of] p2a: Rillaboom
|turn|18
|
|move|p2a: Rillaboom|Fake Out|p1a: Dragonite
|-damage|p1a: Dragonite|18/100
|move|p1a: Dragonite|Dragon Claw|p2a: Rillaboom
|-damage|p2a: Rillaboom|0 fnt
|faint|p2a: Rillaboom
|
|-weather|RainDance|[upkeep]
|-heal|p1a: Dragonite|24/100|[from] item: Leftovers
|
|switch|p2a: Glimmora|Glimmora, M|100/100
|turn|19
|
|move|p1a: Dragonite|Earthquake|p2a: Glimmora
|-supereffective|p2a: Glimmora
|-damage|p2a: Glimmora|0 fnt
|-activate|p2a: Glimmora|ability: Toxic Debris
|-sidestart|p1: p1|move: Toxic Spikes
|faint|p2a: Glimmora
|
|win|p1
