|poke|p1|Lilligant-Hisui, F|
|poke|p1|Sandy Shocks|
|poke|p1|Landorus-Therian, M|
|poke|p1|Maushold|
|poke|p1|Basculegion-F, F|
|poke|p1|Heatran, F|
|poke|p2|Orthworm, M|
|poke|p2|Volcarona, M|
|poke|p2|Rotom-Wash|
|poke|p2|Dragapult, F|
|poke|p2|Quaquaval, M|
|poke|p2|Baxcalibur, F|
|teampreview
|
|start
|switch|p1a: Sandy Shocks|Sandy Shocks|100/100
|switch|p2a: Sash|Quaquaval, M|100/100
|-enditem|p1a: Sandy Shocks|Booster Energy
|-activate|p1a: Sandy Shocks|ability: Protosynthesis|[fromitem]
|-start|p1a: Sandy Shocks|protosynthesisspe
|turn|1
|
|move|p1a: Sandy Shocks|Gravity|p1a: Sandy Shocks
|-fieldstart|move: Gravity
|move|p2a: Sash|Aqua Step|p1a: Sandy Shocks
|-supereffective|p1a: Sandy Shocks
|-damage|p1a: Sandy Shocks|7/100
|-boost|p2a: Sash|spe|1
|
|turn|2
|
|move|p1a: Sandy Shocks|Thunder|p2a: Sash
|-supereffective|p2a: Sash
|-crit|p2a: Sash
|-damage|p2a: Sash|0 fnt
|faint|p2a: Sash
|
|
|switch|p2a: Band|Baxcalibur, F|100/100
|turn|3
|
|move|p2a: Band|Ice Shard|p1a: Sandy Shocks
|-supereffective|p1a: Sandy Shocks
|-damage|p1a: Sandy Shocks|0 fnt
|faint|p1a: Sandy Shocks
|-end|p1a: Sandy Shocks|Protosynthesis|[silent]
|
|
|switch|p1a: Basculegion|Basculegion-F, F|100/100
|turn|4
|
|switch|p2a: Scarf|Dragapult, F|100/100
|move|p1a: Basculegion|Shadow Ball|p2a: Scarf
|-supereffective|p2a: Scarf
|-damage|p2a: Scarf|0 fnt
|faint|p2a: Scarf
|
|
|switch|p2a: Helmet|Volcarona, M|100/100
|turn|5
|
|switch|p1a: Landorus|Landorus-Therian, M|100/100
|-ability|p1a: Landorus|Intimidate|boost
|-unboost|p2a: Helmet|atk|1
|move|p2a: Helmet|Quiver Dance|p2a: Helmet
|-boost|p2a: Helmet|spa|1
|-boost|p2a: Helmet|spd|1
|-boost|p2a: Helmet|spe|1
|
|-fieldend|move: Gravity
|turn|6
|
|switch|p2a: Berry|Orthworm, M|100/100
|move|p1a: Landorus|Stone Edge|p2a: Berry|[miss]
|-miss|p1a: Landorus|p2a: Berry
|
|turn|7
|
|switch|p1a: Heatran|Heatran, F|100/100
|move|p2a: Berry|Substitute|p2a: Berry
|-start|p2a: Berry|Substitute
|-damage|p2a: Berry|76/100
|
|-heal|p2a: Berry|82/100|[from] item: Leftovers
|turn|8
|
|move|p1a: Heatran|Body Press|p2a: Berry
|-supereffective|p2a: Berry
|-end|p2a: Berry|Substitute
|move|p2a: Berry|Earthquake|p1a: Heatran
|-supereffective|p1a: Heatran
|-damage|p1a: Heatran|55/100
|
|-heal|p1a: Heatran|61/100|[from] item: Leftovers
|-heal|p2a: Berry|88/100|[from] item: Leftovers
|turn|9
|
|switch|p2a: Band|Baxcalibur, F|100/100
|-terastallize|p1a: Heatran|Fairy
|move|p1a: Heatran|Magma Storm|p2a: Band|[miss]
|-miss|p1a: Heatran|p2a: Band
|
|-heal|p1a: Heatran|67/100|[from] item: Leftovers
|turn|10
|
|-terastallize|p2a: Band|Electric
|move|p2a: Band|Icicle Spear|p1a: Heatran
|-damage|p1a: Heatran|58/100
|-damage|p1a: Heatran|49/100
|-damage|p1a: Heatran|41/100
|-damage|p1a: Heatran|32/100
|-hitcount|p1a: Heatran|4
|move|p1a: Heatran|Body Press|p2a: Band
|-damage|p2a: Band|76/100
|
|-heal|p1a: Heatran|38/100|[from] item: Leftovers
|turn|11
|
|move|p1a: Heatran|Protect|p1a: Heatran
|-singleturn|p1a: Heatran|Protect
|move|p2a: Band|Swords Dance|p2a: Band
|-boost|p2a: Band|atk|2
|
|-heal|p1a: Heatran|45/100|[from] item: Leftovers
|turn|12
|
|move|p2a: Band|Tera Blast|p1a: Heatran
|-damage|p1a: Heatran|0 fnt
|faint|p1a: Heatran
|
|
|switch|p1a: Landorus|Landorus-Therian, M|100/100
|-ability|p1a: Landorus|Intimidate|boost
|-unboost|p2a: Band|atk|1
|turn|13
|
|switch|p1a: Maushold|Maushold|100/100
|move|p2a: Band|Ice Shard|p1a: Maushold
|-damage|p1a: Maushold|44/100
|
|turn|14
|
|switch|p1a: Basculegion|Basculegion-F, F|100/100
|move|p2a: Band|Ice Shard|p1a: Basculegion
|-resisted|p1a: Basculegion
|-damage|p1a: Basculegion|77/100
|
|turn|15
|
|switch|p1a: Landorus|Landorus-Therian, M|100/100
|-ability|p1a: Landorus|Intimidate|boost
|-unboost|p2a: Band|atk|1
|move|p2a: Band|Tera Blast|p1a: Landorus
|-immune|p1a: Landorus
|
|turn|16
|
|move|p2a: Band|Ice Shard|p1a: Landorus
|-supereffective|p1a: Landorus
|-damage|p1a: Landorus|1/100
|move|p1a: Landorus|Earthquake|p2a: Band
|-supereffective|p2a: Band
|-damage|p2a: Band|0 fnt
|faint|p2a: Band
|
|
|switch|p2a: Helmet|Volcarona, M|100/100
|turn|17
|
|move|p1a: Landorus|Earthquake|p2a: Helmet
|-damage|p2a: Helmet|25/100
|move|p2a: Helmet|Giga Drain|p1a: Landorus
|-damage|p1a: Landorus|0 fnt
|-heal|p2a: Helmet|25/100|[from] drain|[of] p1a: Landorus
|faint|p1a: Landorus
|
|-message|RindBerry forfeited.
|
|win|Haves2l
|player|p1|Haves2l|101
