|poke|p1|Enamorus, F|
|poke|p1|Chien-Pao|
|poke|p1|Ursaluna, F|
|poke|p1|Kingambit, M|
|poke|p1|Cinderace, F|
|poke|p1|Glimmora, F|
|poke|p2|Pelipper, F|
|poke|p2|Basculegion, M|
|poke|p2|Regidrago|
|poke|p2|Thundurus-Therian, M|
|poke|p2|Magearna|
|poke|p2|Great Tusk|
|teampreview
|
|start
|switch|p1a: Cinderace|Cinderace, F|100/100
|switch|p2a: Great Tusk|Great Tusk|100/100
|-enditem|p2a: Great Tusk|Booster Energy
|-activate|p2a: Great Tusk|ability: Protosynthesis|[fromitem]
|-start|p2a: Great Tusk|protosynthesisspe
|turn|1
|
|move|p2a: Great Tusk|Stealth Rock|p1a: Cinderace
|-sidestart|p1: p1|move: Stealth Rock
|move|p1a: Cinderace|U-turn|p2a: Great Tusk
|-start|p1a: Cinderace|typechange|Bug|[from] ability: Libero
|-resisted|p2a: Great Tusk
|-damage|p2a: Great Tusk|90/100
|
|switch|p1a: Enamorus|Enamorus, F|100/100|[from] U-turn
|-damage|p1a: Enamorus|76/100|[from] Stealth Rock
|
|turn|2
|
|-end|p2a: Great Tusk|Protosynthesis|[silent]
|switch|p2a: Magearna|Magearna|100/100
|move|p1a: Enamorus|Superpower|p2a: Magearna
|-damage|p2a: Magearna|68/100
|-boost|p1a: Enamorus|atk|1
|-boost|p1a: Enamorus|def|1
|-damage|p1a: Enamorus|66/100|[from] item: Life Orb
|
|turn|3
|
|move|p1a: Enamorus|Superpower|p2a: Magearna
|-damage|p2a: Magearna|19/100
|-boost|p1a: Enamorus|atk|1
|-boost|p1a: Enamorus|def|1
|-damage|p1a: Enamorus|56/100|[from] item: Life Orb
|move|p2a: Magearna|Volt Switch|p1a: Enamorus
|-supereffective|p1a: Enamorus
|-damage|p1a: Enamorus|0 fnt
|faint|p1a: Enamorus
|-ability|p2a: Magearna|Soul-Heart|boost
|-boost|p2a: Magearna|spa|1
|
|switch|p2a: Pelipper|Pelipper, F|100/100|[from] Volt Switch
|-weather|RainDance|[from] ability: Drizzle|[of] p2a: Pelipper
|
|-weather|RainDance|[upkeep]
|
|switch|p1a: Glimmora|Glimmora, F|100/100
|-damage|p1a: Glimmora|88/100|[from] Stealth Rock
|turn|4
|
|switch|p2a: Basculegion|Basculegion, M|100/100
|move|p1a: Glimmora|Power Gem|p2a: Basculegion
|-damage|p2a: Basculegion|30/100
|
|-weather|RainDance|[upkeep]
|turn|5
|
|switch|p1a: Cinderace|Cinderace, F|100/100
|-terastallize|p2a: Basculegion|Water
|move|p2a: Basculegion|Liquidation|p1a: Cinderace
|-supereffective|p1a: Cinderace
|-damage|p1a: Cinderace|0 fnt
|faint|p1a: Cinderace
|
|-weather|RainDance|[upkeep]
|
|switch|p1a: Chien-Pao|Chien-Pao|100/100
|-damage|p1a: Chien-Pao|76/100|[from] Stealth Rock
|-ability|p1a: Chien-Pao|Sword of Ruin
|turn|6
|
|move|p1a: Chien-Pao|Ice Shard|p2a: Basculegion
|-resisted|p2a: Basculegion
|-damage|p2a: Basculegion|7/100
|move|p2a: Basculegion|Liquidation|p1a: Chien-Pao
|-damage|p1a: Chien-Pao|0 fnt
|faint|p1a: Chien-Pao
|
|-weather|RainDance|[upkeep]
|-message|p1 forfeited.
|
|win|p2
