|poke|p1|Sneasler, F|
|poke|p1|Landorus-Therian, M|
|poke|p1|Corviknight, F|
|poke|p1|Great Tusk|
|poke|p1|Braviary-Hisui, M|
|poke|p1|Typhlosion-Hisui, F|
|poke|p2|Sneasler, F|
|poke|p2|Typhlosion-Hisui, M|
|poke|p2|Volcanion|
|poke|p2|Great Tusk|
|poke|p2|Moltres-Galar|
|poke|p2|Enamorus-Therian, F|
|teampreview
|
|start
|switch|p1a: Landorus|Landorus-Therian, M|100/100
|switch|p2a: COWBOY BF|Typhlosion-Hisui, M|100/100
|-item|p1a: Landorus|Rocky Helmet|[from] ability: Frisk|[of] p2a: COWBOY BF|[identify]
|-ability|p1a: Landorus|Intimidate|boost
|-unboost|p2a: COWBOY BF|atk|1
|turn|1
|
|switch|p2a: Golbez|Moltres-Galar|100/100
|move|p1a: Landorus|Stealth Rock|p2a: Golbez
|-sidestart|p2: p2|move: Stealth Rock
|
|turn|2
|
|move|p2a: Golbez|Taunt|p1a: Landorus
|-start|p1a: Landorus|move: Taunt
|move|p1a: Landorus|U-turn|p2a: Golbez
|-damage|p2a: Golbez|70/100
|
|switch|p1a: Sneasler|Sneasler, F|100/100|[from] U-turn
|-item|p1a: Sneasler|Air Balloon
|
|turn|3
|
|move|p1a: Sneasler|Dire Claw|p2a: Golbez
|-damage|p2a: Golbez|24/100
|-ability|p2a: Golbez|Berserk|boost
|-boost|p2a: Golbez|spa|1
|move|p2a: Golbez|U-turn|p1a: Sneasler
|-resisted|p1a: Sneasler
|-damage|p1a: Sneasler|95/100
|-enditem|p1a: Sneasler|Air Balloon
|
|switch|p2a: Lezduit|Great Tusk|100/100|[from] U-turn
|-damage|p2a: Lezduit|98/100|[from] Stealth Rock
|
|turn|4
|
|move|p1a: Sneasler|Dire Claw|p2a: Lezduit
|-resisted|p2a: Lezduit
|-damage|p2a: Lezduit|83/100
|move|p2a: Lezduit|Ice Spinner|p1a: Sneasler
|-damage|p1a: Sneasler|50/100
|
|turn|5
|
|move|p1a: Sneasler|Dire Claw|p2a: Lezduit
|-resisted|p2a: Lezduit
|-damage|p2a: Lezduit|67/100
|-status|p2a: Lezduit|par
|move|p2a: Lezduit|Ice Spinner|p1a: Sneasler
|-damage|p1a: Sneasler|4/100
|
|turn|6
|
|move|p1a: Sneasler|Close Combat|p2a: Lezduit
|-damage|p2a: Lezduit|19/100 par
|-unboost|p1a: Sneasler|def|1
|-unboost|p1a: Sneasler|spd|1
|move|p2a: Lezduit|Ice Spinner|p1a: Sneasler
|-damage|p1a: Sneasler|0 fnt
|faint|p1a: Sneasler
|
|
|switch|p1a: Typhlosion|Typhlosion-Hisui, F|100/100
|turn|7
|
|move|p1a: Typhlosion|Eruption|p2a: Lezduit
|-damage|p2a: Lezduit|0 fnt
|faint|p2a: Lezduit
|-end|p2a: Lezduit|Protosynthesis|[silent]
|
|
|switch|p2a: EMO GF|Sneasler, F|100/100
|-damage|p2a: EMO GF|94/100|[from] Stealth Rock
|-item|p2a: EMO GF|Air Balloon
|turn|8
|
|move|p2a: EMO GF|Dire Claw|p1a: Typhlosion
|-resisted|p1a: Typhlosion
|-damage|p1a: Typhlosion|75/100
|-status|p1a: Typhlosion|psn
|move|p1a: Typhlosion|Eruption|p2a: EMO GF
|-damage|p2a: EMO GF|2/100
|-enditem|p2a: EMO GF|Air Balloon
|
|-damage|p1a: Typhlosion|63/100 psn|[from] psn
|turn|9
|
|switch|p1a: Corviknight|Corviknight, F|100/100
|-ability|p1a: Corviknight|Pressure
|move|p2a: EMO GF|Acrobatics|p1a: Corviknight
|-resisted|p1a: Corviknight
|-damage|p1a: Corviknight|87/100
|
|turn|10
|
|move|p2a: EMO GF|Dire Claw|p1a: Corviknight
|-immune|p1a: Corviknight
|move|p1a: Corviknight|Bulk Up|p1a: Corviknight
|-boost|p1a: Corviknight|atk|1
|-boost|p1a: Corviknight|def|1
|
|turn|11
|
|move|p2a: EMO GF|Acrobatics|p1a: Corviknight
|-resisted|p1a: Corviknight
|-damage|p1a: Corviknight|78/100
|move|p1a: Corviknight|Bulk Up|p1a: Corviknight
|-boost|p1a: Corviknight|atk|1
|-boost|p1a: Corviknight|def|1
|
|turn|12
|
|move|p2a: EMO GF|Acrobatics|p1a: Corviknight
|-resisted|p1a: Corviknight
|-damage|p1a: Corviknight|72/100
|move|p1a: Corviknight|Bulk Up|p1a: Corviknight
|-boost|p1a: Corviknight|atk|1
|-boost|p1a: Corviknight|def|1
|
|turn|13
|
|move|p2a: EMO GF|Acrobatics|p1a: Corviknight
|-resisted|p1a: Corviknight
|-damage|p1a: Corviknight|66/100
|move|p1a: Corviknight|Bulk Up|p1a: Corviknight
|-boost|p1a: Corviknight|atk|1
|-boost|p1a: Corviknight|def|1
|
|turn|14
|
|move|p2a: EMO GF|Acrobatics|p1a: Corviknight
|-resisted|p1a: Corviknight
|-damage|p1a: Corviknight|61/100
|move|p1a: Corviknight|Bulk Up|p1a: Corviknight
|-boost|p1a: Corviknight|atk|1
|-boost|p1a: Corviknight|def|1
|
|turn|15
|
|move|p2a: EMO GF|Acrobatics|p1a: Corviknight
|-resisted|p1a: Corviknight
|-damage|p1a: Corviknight|58/100
|move|p1a: Corviknight|Bulk Up|p1a: Corviknight
|-boost|p1a: Corviknight|atk|1
|-boost|p1a: Corviknight|def|1
|
|turn|16
|
|move|p2a: EMO GF|Acrobatics|p1a: Corviknight
|-resisted|p1a: Corviknight
|-damage|p1a: Corviknight|54/100
|move|p1a: Corviknight|Roost|p1a: Corviknight
|-heal|p1a: Corviknight|100/100
|-singleturn|p1a: Corviknight|move: Roost
|
|turn|17
|
|move|p2a: EMO GF|Acrobatics|p1a: Corviknight
|-resisted|p1a: Corviknight
|-damage|p1a: Corviknight|97/100
|move|p1a: Corviknight|Agility|p1a: Corviknight
|-boost|p1a: Corviknight|spe|2
|
|turn|18
|
|move|p2a: EMO GF|Acrobatics|p1a: Corviknight
|-resisted|p1a: Corviknight
|-damage|p1a: Corviknight|93/100
|move|p1a: Corviknight|Agility|p1a: Corviknight
|-boost|p1a: Corviknight|spe|2
|
|turn|19
|
|move|p2a: EMO GF|Acrobatics|p1a: Corviknight
|-resisted|p1a: Corviknight
|-damage|p1a: Corviknight|89/100
|move|p1a: Corviknight|Agility|p1a: Corviknight
|-boost|p1a: Corviknight|spe|2
|
|turn|20
|
|move|p2a: EMO GF|Dire Claw|p1a: Corviknight
|-immune|p1a: Corviknight
|move|p1a: Corviknight|Power Trip|p2a: EMO GF
|-resisted|p2a: EMO GF
|-damage|p2a: EMO GF|0 fnt
|faint|p2a: EMO GF
|
|
|switch|p2a: COWBOY BF|Typhlosion-Hisui, M|100/100
|-damage|p2a: COWBOY BF|75/100|[from] Stealth Rock
|-item|p1a: Corviknight|Weakness Policy|[from] ability: Frisk|[of] p2a: COWBOY BF|[identify]
|turn|21
|
|move|p1a: Corviknight|Power Trip|p2a: COWBOY BF
|-supereffective|p2a: COWBOY BF
|-damage|p2a: COWBOY BF|0 fnt
|faint|p2a: COWBOY BF
|
|
|switch|p2a: Dou Barrel Shotgun|Volcanion|100/100
|turn|22
|
|move|p1a: Corviknight|Power Trip|p2a: Dou Barrel Shotgun
|-damage|p2a: Dou Barrel Shotgun|0 fnt
|faint|p2a: Dou Barrel Shotgun
|
|
|switch|p2a: Golbez|Moltres-Galar|24/100
|-damage|p2a: Golbez|0 fnt|[from] Stealth Rock
|faint|p2a: Golbez
|
|switch|p2a: U F O E|Enamorus-Therian, F|100/100
|-damage|p2a: U F O E|75/100|[from] Stealth Rock
|turn|23
|
|move|p1a: Corviknight|Power Trip|p2a: U F O E
|-resisted|p2a: U F O E
|-damage|p2a: U F O E|0 fnt
|faint|p2a: U F O E
|
|win|p1
