|poke|p1|Dugtrio-Alola, F|
|poke|p1|Tyranitar, F|
|poke|p1|Houndstone, M|
|poke|p1|Azumarill, M|
|poke|p1|Gholdengo|
|poke|p1|Landorus-Therian, M|
|poke|p2|Basculegion, M|
|poke|p2|Chien-Pao|
|poke|p2|Clodsire, M|
|poke|p2|Breloom, M|
|poke|p2|Thundurus, M|
|poke|p2|Cinderace, F|
|teampreview
|
|start
|switch|p1a: Tyranitar|Tyranitar, F|100/100
|switch|p2a: Basculegion|Basculegion, M, shiny|100/100
|-weather|Sandstorm|[from] ability: Sand Stream|[of] p1a: Tyranitar
|turn|1
|
|switch|p1a: Azumarill|Azumarill, M|100/100
|move|p2a: Basculegion|Liquidation|p1a: Azumarill
|-resisted|p1a: Azumarill
|-damage|p1a: Azumarill|44/100
|-unboost|p1a: Azumarill|def|1
|-enditem|p1a: Azumarill|Sitrus Berry|[eat]
|-heal|p1a: Azumarill|69/100|[from] item: Sitrus Berry
|
|-weather|Sandstorm|[upkeep]
|-damage|p2a: Basculegion|94/100|[from] Sandstorm
|-damage|p1a: Azumarill|63/100|[from] Sandstorm
|turn|2
|
|switch|p1a: Tyranitar|Tyranitar, F|100/100
|move|p2a: Basculegion|Liquidation|p1a: Tyranitar
|-supereffective|p1a: Tyranitar
|-damage|p1a: Tyranitar|0 fnt
|faint|p1a: Tyranitar
|
|-weather|Sandstorm|[upkeep]
|-damage|p2a: Basculegion|88/100|[from] Sandstorm
|
|switch|p1a: Houndstone|Houndstone, M|100/100
|turn|3
|
|switch|p2a: Thundurus|Thundurus, M|100/100
|-terastallize|p1a: Houndstone|Ghost
|move|p1a: Houndstone|Tera Blast|p2a: Thundurus
|-damage|p2a: Thundurus|7/100
|
|-weather|Sandstorm|[upkeep]
|-damage|p2a: Thundurus|1/100|[from] Sandstorm
|turn|4
|
|move|p1a: Houndstone|Tera Blast|p2a: Thundurus
|-damage|p2a: Thundurus|0 fnt
|faint|p2a: Thundurus
|
|-weather|Sandstorm|[upkeep]
|
|switch|p2a: Chien-Pao|Chien-Pao|100/100
|-ability|p2a: Chien-Pao|Sword of Ruin
|turn|5
|
|switch|p1a: Azumarill|Azumarill, M|63/100
|move|p2a: Chien-Pao|Swords Dance|p2a: Chien-Pao
|-boost|p2a: Chien-Pao|atk|2
|
|-weather|Sandstorm|[upkeep]
|-damage|p2a: Chien-Pao|95/100|[from] Sandstorm
|-damage|p1a: Azumarill|57/100|[from] Sandstorm
|turn|6
|
|move|p2a: Chien-Pao|Sucker Punch|p1a: Azumarill
|-resisted|p1a: Azumarill
|-damage|p1a: Azumarill|0 fnt
|faint|p1a: Azumarill
|
|-weather|Sandstorm|[upkeep]
|-damage|p2a: Chien-Pao|89/100|[from] Sandstorm
|
|switch|p1a: Dugtrio|Dugtrio-Alola, F|100/100
|turn|7
|
|move|p2a: Chien-Pao|Sacred Sword|p1a: Dugtrio
|-supereffective|p1a: Dugtrio
|-damage|p1a: Dugtrio|0 fnt
|faint|p1a: Dugtrio
|
|-weather|Sandstorm|[upkeep]
|-damage|p2a: Chien-Pao|83/100|[from] Sandstorm
|
|switch|p1a: Houndstone|Houndstone, M, tera:Ghost|100/100
|turn|8
|
|move|p2a: Chien-Pao|Sucker Punch|p1a: Houndstone
|-supereffective|p1a: Houndstone
|-damage|p1a: Houndstone|0 fnt
|faint|p1a: Houndstone
|
|-weather|none
|
|switch|p1a: Landorus|Landorus-Therian, M|100/100
|-ability|p1a: Landorus|Intimidate|boost
|-unboost|p2a: Chien-Pao|atk|1
|turn|9
|
|move|p2a: Chien-Pao|Sacred Sword|p1a: Landorus
|-resisted|p1a: Landorus
|-damage|p1a: Landorus|67/100
|-enditem|p1a: Landorus|Eject Button
|
|switch|p1a: Gholdengo|Gholdengo|100/100
|
|turn|10
|
|move|p2a: Chien-Pao|Sucker Punch|p1a: Gholdengo
|-supereffective|p1a: Gholdengo
|-damage|p1a: Gholdengo|0 fnt
|faint|p1a: Gholdengo
|
|
|switch|p1a: Landorus|Landorus-Therian, M|67/100
|-ability|p1a: Landorus|Intimidate|boost
|-unboost|p2a: Chien-Pao|atk|1
|turn|11
|-message|CorruptWL1 forfeited.
|
|win|e110_omega
