|poke|p1|Dragonite, F|
|poke|p1|Electrode-Hisui|
|poke|p1|Articuno-Galar|
|poke|p1|Skeledirge, M|
|poke|p1|Pikachu-World, M|
|poke|p1|Chien-Pao|
|poke|p2|Ursaluna, F|
|poke|p2|Slowking, M|
|poke|p2|Glastrier|
|poke|p2|Clodsire, F|
|poke|p2|Goodra-Hisui, F|
|poke|p2|Magearna|
|teampreview
|
|start
|switch|p1a: Pikachu|Pikachu-World, M|100/100
|switch|p2a: fuck it we ball|Magearna|100/100
|turn|1
|
|move|p1a: Pikachu|Trailblaze|p2a: fuck it we ball
|-resisted|p2a: fuck it we ball
|-damage|p2a: fuck it we ball|93/100
|-boost|p1a: Pikachu|spe|1
|move|p2a: fuck it we ball|Trick Room|p2a: fuck it we ball
|-fieldstart|move: Trick Room|[of] p2a: fuck it we ball
|
|turn|2
|
|move|p2a: fuck it we ball|Volt Switch|p1a: Pikachu
|-resisted|p1a: Pikachu
|-damage|p1a: Pikachu|65/100
|
|switch|p2a: cocaine bear|Ursaluna, F|100/100|[from] Volt Switch
|move|p1a: Pikachu|Thunderbolt|p2a: cocaine bear
|-immune|p2a: cocaine bear
|
|-status|p2a: cocaine bear|brn|[from] item: Flame Orb
|turn|3
|
|-terastallize|p2a: cocaine bear|Normal
|move|p1a: Pikachu|Quick Attack|p2a: cocaine bear
|-damage|p2a: cocaine bear|89/100 brn
|move|p2a: cocaine bear|Facade|p1a: Pikachu
|-damage|p1a: Pikachu|0 fnt
|faint|p1a: Pikachu
|
|-damage|p2a: cocaine bear|83/100 brn|[from] brn
|
|switch|p1a: Chien-Pao|Chien-Pao|100/100
|-ability|p1a: Chien-Pao|Sword of Ruin
|turn|4
|
|-terastallize|p1a: Chien-Pao|Dark
|move|p2a: cocaine bear|Facade|p1a: Chien-Pao
|-damage|p1a: Chien-Pao|0 fnt
|faint|p1a: Chien-Pao
|
|-damage|p2a: cocaine bear|77/100 brn|[from] brn
|
|switch|p1a: Dragonite|Dragonite, F|100/100
|turn|5
|
|move|p1a: Dragonite|Extreme Speed|p2a: cocaine bear
|-crit|p2a: cocaine bear
|-damage|p2a: cocaine bear|49/100 brn
|move|p2a: cocaine bear|Facade|p1a: Dragonite
|-damage|p1a: Dragonite|27/100
|
|-heal|p1a: Dragonite|33/100|[from] item: Leftovers
|-damage|p2a: cocaine bear|42/100 brn|[from] brn
|-fieldend|move: Trick Room
|turn|6
|
|switch|p2a: fuck it we ball|Magearna|93/100
|move|p1a: Dragonite|Ice Spinner|p2a: fuck it we ball
|-resisted|p2a: fuck it we ball
|-damage|p2a: fuck it we ball|82/100
|
|-heal|p1a: Dragonite|40/100|[from] item: Leftovers
|turn|7
|
|move|p1a: Dragonite|Earthquake|p2a: fuck it we ball
|-supereffective|p2a: fuck it we ball
|-damage|p2a: fuck it we ball|31/100
|move|p2a: fuck it we ball|Trick Room|p2a: fuck it we ball
|-fieldstart|move: Trick Room|[of] p2a: fuck it we ball
|
|-heal|p1a: Dragonite|46/100|[from] item: Leftovers
|turn|8
|
|move|p1a: Dragonite|Extreme Speed|p2a: fuck it we ball
|-resisted|p2a: fuck it we ball
|-damage|p2a: fuck it we ball|21/100
|move|p2a: fuck it we ball|Volt Switch|p1a: Dragonite
|-damage|p1a: Dragonite|22/100
|
|switch|p2a: Gumbo|Goodra-Hisui, F|100/100|[from] Volt Switch
|
|-heal|p1a: Dragonite|28/100|[from] item: Leftovers
|turn|9
|
|move|p2a: Gumbo|Draco Meteor|p1a: Dragonite
|-supereffective|p1a: Dragonite
|-damage|p1a: Dragonite|0 fnt
|-unboost|p2a: Gumbo|spa|2
|faint|p1a: Dragonite
|
|
|switch|p1a: Skeledirge|Skeledirge, M|100/100
|turn|10
|
|move|p2a: Gumbo|Draco Meteor|p1a: Skeledirge
|-damage|p1a: Skeledirge|66/100
|-unboost|p2a: Gumbo|spa|2
|move|p1a: Skeledirge|Earth Power|p2a: Gumbo
|-supereffective|p2a: Gumbo
|-damage|p2a: Gumbo|63/100
|-unboost|p2a: Gumbo|spd|1
|
|turn|11
|
|move|p2a: Gumbo|Draco Meteor|p1a: Skeledirge
|-damage|p1a: Skeledirge|45/100
|-unboost|p2a: Gumbo|spa|2
|move|p1a: Skeledirge|Torch Song|p2a: Gumbo
|-damage|p2a: Gumbo|25/100
|-boost|p1a: Skeledirge|spa|1
|
|-fieldend|move: Trick Room
|turn|12
|
|move|p1a: Skeledirge|Torch Song|p2a: Gumbo
|-damage|p2a: Gumbo|0 fnt
|-boost|p1a: Skeledirge|spa|1
|faint|p2a: Gumbo
|
|
|switch|p2a: mayor whoville|Slowking, M|100/100
|turn|13
|
|move|p1a: Skeledirge|Earth Power|p2a: mayor whoville
|-crit|p2a: mayor whoville
|-damage|p2a: mayor whoville|44/100
|move|p2a: mayor whoville|Trick Room|p2a: mayor whoville
|-fieldstart|move: Trick Room|[of] p2a: mayor whoville
|
|turn|14
|
|move|p2a: mayor whoville|Chilly Reception|p2a: mayor whoville
|-weather|Snow
|
|switch|p2a: snojack horseman|Glastrier|100/100|[from] Chilly Reception
|move|p1a: Skeledirge|Earth Power|p2a: snojack horseman
|-damage|p2a: snojack horseman|66/100
|
|-weather|Snow|[upkeep]
|turn|15
|
|move|p2a: snojack horseman|Icicle Crash|p1a: Skeledirge
|-resisted|p1a: Skeledirge
|-damage|p1a: Skeledirge|14/100
|-damage|p2a: snojack horseman|57/100|[from] item: Life Orb
|cant|p1a: Skeledirge|flinch
|
|-weather|Snow|[upkeep]
|turn|16
|
|move|p2a: snojack horseman|Icicle Crash|p1a: Skeledirge|[miss]
|-miss|p2a: snojack horseman|p1a: Skeledirge
|move|p1a: Skeledirge|Torch Song|p2a: snojack horseman
|-supereffective|p2a: snojack horseman
|-damage|p2a: snojack horseman|0 fnt
|-boost|p1a: Skeledirge|spa|1
|faint|p2a: snojack horseman
|
|-weather|Snow|[upkeep]
|
|switch|p2a: cocaine bear|Ursaluna, F, tera:Normal|42/100 brn
|turn|17
|
|move|p2a: cocaine bear|Earthquake|p1a: Skeledirge
|-supereffective|p1a: Skeledirge
|-damage|p1a: Skeledirge|0 fnt
|faint|p1a: Skeledirge
|
|-weather|Snow|[upkeep]
|-damage|p2a: cocaine bear|36/100 brn|[from] brn
|-fieldend|move: Trick Room
|
|switch|p1a: Electrode|Electrode-Hisui|100/100
|turn|18
|
|move|p1a: Electrode|Leech Seed|p2a: cocaine bear
|-start|p2a: cocaine bear|move: Leech Seed
|move|p2a: cocaine bear|Facade|p1a: Electrode
|-damage|p1a: Electrode|0 fnt
|-damage|p2a: cocaine bear|11/100 brn|[from] ability: Aftermath|[of] p1a: Electrode
|faint|p1a: Electrode
|
|-weather|none
|-damage|p2a: cocaine bear|5/100 brn|[from] brn
|
|switch|p1a: Articuno|Articuno-Galar|100/100
|turn|19
|
|move|p1a: Articuno|Ancient Power|p2a: cocaine bear
|-damage|p2a: cocaine bear|0 fnt
|faint|p2a: cocaine bear
|
|
|switch|p2a: mayor whoville|Slowking, M|78/100
|turn|20
|
|move|p1a: Articuno|Calm Mind|p1a: Articuno
|-boost|p1a: Articuno|spa|1
|-boost|p1a: Articuno|spd|1
|move|p2a: mayor whoville|Trick Room|p2a: mayor whoville
|-fieldstart|move: Trick Room|[of] p2a: mayor whoville
|
|turn|21
|
|move|p2a: mayor whoville|Chilly Reception|p2a: mayor whoville
|-weather|Snow
|
|switch|p2a: gummy|Clodsire, F, shiny|100/100|[from] Chilly Reception
|move|p1a: Articuno|Calm Mind|p1a: Articuno
|-boost|p1a: Articuno|spa|1
|-boost|p1a: Articuno|spd|1
|
|-weather|Snow|[upkeep]
|turn|22
|
|move|p2a: gummy|Toxic|p1a: Articuno
|-status|p1a: Articuno|tox
|move|p1a: Articuno|Freezing Glare|p2a: gummy
|-supereffective|p2a: gummy
|-damage|p2a: gummy|62/100
|
|-weather|Snow|[upkeep]
|-heal|p2a: gummy|69/100|[from] item: Leftovers
|-damage|p1a: Articuno|94/100 tox|[from] psn
|turn|23
|
|move|p2a: gummy|Recover|p2a: gummy
|-heal|p2a: gummy|100/100
|move|p1a: Articuno|Ancient Power|p2a: gummy
|-resisted|p2a: gummy
|-damage|p2a: gummy|96/100
|
|-weather|Snow|[upkeep]
|-heal|p2a: gummy|100/100|[from] item: Leftovers
|-damage|p1a: Articuno|82/100 tox|[from] psn
|turn|24
|
|move|p2a: gummy|Stealth Rock|p1a: Articuno
|-sidestart|p1: p1|move: Stealth Rock
|move|p1a: Articuno|Ancient Power|p2a: gummy
|-resisted|p2a: gummy
|-damage|p2a: gummy|96/100
|-boost|p1a: Articuno|atk|1
|-boost|p1a: Articuno|def|1
|-boost|p1a: Articuno|spa|1
|-boost|p1a: Articuno|spd|1
|-boost|p1a: Articuno|spe|1
|
|-weather|Snow|[upkeep]
|-heal|p2a: gummy|100/100|[from] item: Leftovers
|-damage|p1a: Articuno|63/100 tox|[from] psn
|-fieldend|move: Trick Room
|turn|25
|
|move|p1a: Articuno|Freezing Glare|p2a: gummy
|-supereffective|p2a: gummy
|-damage|p2a: gummy|57/100
|move|p2a: gummy|Recover|p2a: gummy
|-heal|p2a: gummy|100/100
|
|-weather|none
|-damage|p1a: Articuno|38/100 tox|[from] psn
|turn|26
|
|move|p1a: Articuno|Calm Mind|p1a: Articuno
|-boost|p1a: Articuno|spa|1
|-boost|p1a: Articuno|spd|1
|move|p2a: gummy|Recover||[still]
|-fail|p2a: gummy|heal
|
|-damage|p1a: Articuno|7/100 tox|[from] psn
|turn|27
|
|move|p1a: Articuno|Freezing Glare|p2a: gummy
|-supereffective|p2a: gummy
|-damage|p2a: gummy|63/100
|move|p2a: gummy|Recover|p2a: gummy
|-heal|p2a: gummy|100/100
|
|-damage|p1a: Articuno|0 fnt|[from] psn
|faint|p1a: Articuno
|
|win|p2
