|poke|p1|Rotom-Fan|
|poke|p1|Tyranitar, M|
|poke|p1|Gyarados, F|
|poke|p1|Gholdengo|
|poke|p1|Gardevoir, F|
|poke|p1|Iron Moth|
|poke|p2|Jolteon, F|
|poke|p2|Dondozo, F|
|poke|p2|Salamence, M|
|poke|p2|Brute Bonnet|
|poke|p2|Iron Treads|
|poke|p2|Grumpig, F|
|teampreview
|player|p1|
|
|start
|switch|p1a: Milk|Gardevoir, F, shiny|100/100
|switch|p2a: Jagatron|Iron Treads|100/100
|turn|1
|player|p1|ObiJuan2142|101
|
|switch|p1a: Snake Behavior|Gyarados, F, shiny|100/100
|-ability|p1a: Snake Behavior|Intimidate|boost
|-unboost|p2a: Jagatron|atk|1
|move|p2a: Jagatron|Knock Off|p1a: Snake Behavior
|-damage|p1a: Snake Behavior|78/100
|-enditem|p1a: Snake Behavior|Leftovers|[from] move: Knock Off|[of] p2a: Jagatron
|
|turn|2
|
|move|p2a: Jagatron|Wild Charge|p1a: Snake Behavior
|-supereffective|p1a: Snake Behavior
|-damage|p1a: Snake Behavior|0 fnt
|faint|p1a: Snake Behavior
|-damage|p2a: Jagatron|78/100|[from] Recoil
|
|
|switch|p1a: Numbuh 1|Rotom-Fan, shiny|100/100
|turn|3
|
|-end|p2a: Jagatron|Quark Drive|[silent]
|switch|p2a: Jag back in 1987|Jolteon, F|100/100
|move|p1a: Numbuh 1|Reflect|p1a: Numbuh 1
|-sidestart|p1: ObiJuan2142|Reflect
|
|turn|4
|
|switch|p1a: Jags Begone|Tyranitar, M, shiny|100/100
|-weather|Sandstorm|[from] ability: Sand Stream|[of] p1a: Jags Begone
|move|p2a: Jag back in 1987|Substitute|p2a: Jag back in 1987
|-start|p2a: Jag back in 1987|Substitute
|-damage|p2a: Jag back in 1987|76/100
|
|-weather|Sandstorm|[upkeep]
|-damage|p2a: Jag back in 1987|70/100|[from] Sandstorm
|-heal|p2a: Jag back in 1987|76/100|[from] item: Leftovers
|turn|5
|
|move|p2a: Jag back in 1987|Thunderbolt|p1a: Jags Begone
|-damage|p1a: Jags Begone|76/100
|move|p1a: Jags Begone|Earthquake|p2a: Jag back in 1987
|-supereffective|p2a: Jag back in 1987
|-end|p2a: Jag back in 1987|Substitute
|
|-weather|Sandstorm|[upkeep]
|-damage|p2a: Jag back in 1987|70/100|[from] Sandstorm
|-heal|p2a: Jag back in 1987|76/100|[from] item: Leftovers
|-heal|p1a: Jags Begone|83/100|[from] item: Leftovers
|turn|6
|
|switch|p2a: Golden State|Dondozo, F, shiny|100/100
|move|p1a: Jags Begone|Stealth Rock|p2a: Golden State
|-sidestart|p2: unfazed lol|move: Stealth Rock
|
|-weather|Sandstorm|[upkeep]
|-damage|p2a: Golden State|94/100|[from] Sandstorm
|-heal|p1a: Jags Begone|89/100|[from] item: Leftovers
|-heal|p2a: Golden State|100/100|[from] item: Leftovers
|turn|7
|
|switch|p1a: Milk|Gardevoir, F, shiny|100/100
|-ability|p1a: Milk|Unaware|[from] ability: Trace|[of] p2a: Golden State
|move|p2a: Golden State|Liquidation|p1a: Milk
|-damage|p1a: Milk|81/100
|
|-weather|Sandstorm|[upkeep]
|-damage|p1a: Milk|75/100|[from] Sandstorm
|-damage|p2a: Golden State|94/100|[from] Sandstorm
|-heal|p2a: Golden State|100/100|[from] item: Leftovers
|-sideend|p1: ObiJuan2142|Reflect
|turn|8
|
|switch|p2a: HAYYYY|Grumpig, F, shiny|100/100
|-damage|p2a: HAYYYY|88/100|[from] Stealth Rock
|move|p1a: Milk|Grass Knot|p2a: HAYYYY
|-damage|p2a: HAYYYY|63/100
|
|-weather|none
|turn|9
|
|switch|p1a: Numbuh 1|Rotom-Fan, shiny|100/100
|move|p2a: HAYYYY|Chilling Water|p1a: Numbuh 1
|-damage|p1a: Numbuh 1|82/100
|-unboost|p1a: Numbuh 1|atk|1
|
|turn|10
|
|move|p1a: Numbuh 1|Reflect|p1a: Numbuh 1
|-sidestart|p1: ObiJuan2142|Reflect
|move|p2a: HAYYYY|Power Gem|p1a: Numbuh 1
|-supereffective|p1a: Numbuh 1
|-damage|p1a: Numbuh 1|23/100
|
|turn|11
|
|switch|p1a: I’m Cut|Gholdengo|100/100
|move|p2a: HAYYYY|Chilling Water|p1a: I’m Cut
|-damage|p1a: I’m Cut|83/100
|-unboost|p1a: I’m Cut|atk|1
|
|turn|12
|
|switch|p2a: Back Again|Brute Bonnet|100/100
|-damage|p2a: Back Again|88/100|[from] Stealth Rock
|move|p1a: I’m Cut|Dazzling Gleam|p2a: Back Again
|-supereffective|p2a: Back Again
|-damage|p2a: Back Again|41/100
|
|turn|13
|
|switch|p1a: Jags Begone|Tyranitar, M, shiny|89/100
|-weather|Sandstorm|[from] ability: Sand Stream|[of] p1a: Jags Begone
|-end|p2a: Back Again|Protosynthesis|[silent]
|switch|p2a: HAYYYY|Grumpig, F, shiny|63/100
|-damage|p2a: HAYYYY|50/100|[from] Stealth Rock
|
|-weather|Sandstorm|[upkeep]
|-damage|p2a: HAYYYY|44/100|[from] Sandstorm
|-heal|p1a: Jags Begone|95/100|[from] item: Leftovers
|turn|14
|
|move|p2a: HAYYYY|Chilling Water|p1a: Jags Begone
|-supereffective|p1a: Jags Begone
|-damage|p1a: Jags Begone|76/100
|-unboost|p1a: Jags Begone|atk|1
|move|p1a: Jags Begone|Crunch|p2a: HAYYYY
|-supereffective|p2a: HAYYYY
|-damage|p2a: HAYYYY|0 fnt
|faint|p2a: HAYYYY
|
|-weather|Sandstorm|[upkeep]
|-heal|p1a: Jags Begone|82/100|[from] item: Leftovers
|-sideend|p1: ObiJuan2142|Reflect
|
|switch|p2a: Jagatron|Iron Treads|78/100
|-damage|p2a: Jagatron|75/100|[from] Stealth Rock
|turn|15
|
|switch|p1a: I’m Cut|Gholdengo|83/100
|move|p2a: Jagatron|Earthquake|p1a: I’m Cut
|-supereffective|p1a: I’m Cut
|-damage|p1a: I’m Cut|0 fnt
|faint|p1a: I’m Cut
|
|-weather|Sandstorm|[upkeep]
|
|switch|p1a: Milk|Gardevoir, F, shiny|75/100
|turn|16
|
|move|p2a: Jagatron|Iron Head|p1a: Milk
|-supereffective|p1a: Milk
|-damage|p1a: Milk|0 fnt
|faint|p1a: Milk
|
|-weather|Sandstorm|[upkeep]
|
|switch|p1a: Jags Begone|Tyranitar, M, shiny|82/100
|turn|17
|
|-terastallize|p1a: Jags Begone|Flying
|move|p2a: Jagatron|Earthquake|p1a: Jags Begone
|-immune|p1a: Jags Begone
|move|p1a: Jags Begone|Earthquake|p2a: Jagatron
|-supereffective|p2a: Jagatron
|-damage|p2a: Jagatron|12/100
|
|-weather|none
|-heal|p1a: Jags Begone|89/100|[from] item: Leftovers
|turn|18
|
|switch|p1a: Numbuh 1|Rotom-Fan, shiny|23/100
|move|p2a: Jagatron|Iron Head|p1a: Numbuh 1
|-resisted|p1a: Numbuh 1
|-damage|p1a: Numbuh 1|4/100
|
|turn|19
|
|move|p2a: Jagatron|Knock Off|p1a: Numbuh 1
|-damage|p1a: Numbuh 1|0 fnt
|-enditem|p1a: Numbuh 1|Safety Goggles|[from] move: Knock Off|[of] p2a: Jagatron
|faint|p1a: Numbuh 1
|
|
|switch|p1a: Please Sweep|Iron Moth|100/100
|-enditem|p1a: Please Sweep|Booster Energy
|-activate|p1a: Please Sweep|ability: Quark Drive|[fromitem]
|-start|p1a: Please Sweep|quarkdrivespe
|turn|20
|
|move|p1a: Please Sweep|Fiery Dance|p2a: Jagatron
|-supereffective|p2a: Jagatron
|-damage|p2a: Jagatron|0 fnt
|-boost|p1a: Please Sweep|spa|1
|faint|p2a: Jagatron
|-end|p2a: Jagatron|Quark Drive|[silent]
|
|
|switch|p2a: Golden State|Dondozo, F, shiny|100/100
|-damage|p2a: Golden State|88/100|[from] Stealth Rock
|turn|21
|
|-terastallize|p2a: Golden State|Dragon
|move|p1a: Please Sweep|Energy Ball|p2a: Golden State
|-resisted|p2a: Golden State
|-damage|p2a: Golden State|72/100
|move|p2a: Golden State|Liquidation|p1a: Please Sweep
|-supereffective|p1a: Please Sweep
|-damage|p1a: Please Sweep|2/100
|
|-heal|p2a: Golden State|78/100|[from] item: Leftovers
|turn|22
|
|move|p1a: Please Sweep|Dazzling Gleam|p2a: Golden State
|-supereffective|p2a: Golden State
|-crit|p2a: Golden State
|-damage|p2a: Golden State|5/100
|move|p2a: Golden State|Liquidation|p1a: Please Sweep
|-supereffective|p1a: Please Sweep
|-damage|p1a: Please Sweep|0 fnt
|faint|p1a: Please Sweep
|-end|p1a: Please Sweep|Quark Drive|[silent]
|
|-heal|p2a: Golden State|11/100|[from] item: Leftovers
|
|switch|p1a: Jags Begone|Tyranitar, M, shiny, tera:Flying|89/100
|-weather|Sandstorm|[from] ability: Sand Stream|[of] p1a: Jags Begone
|turn|23
|
|move|p1a: Jags Begone|Ice Punch|p2a: Golden State
|-supereffective|p2a: Golden State
|-damage|p2a: Golden State|0 fnt
|faint|p2a: Golden State
|
|-weather|Sandstorm|[upkeep]
|-damage|p1a: Jags Begone|82/100|[from] Sandstorm
|-heal|p1a: Jags Begone|89/100|[from] item: Leftovers
|
|switch|p2a: Jag back in 1987|Jolteon, F|76/100
|-damage|p2a: Jag back in 1987|64/100|[from] Stealth Rock
|turn|24
|
|move|p2a: Jag back in 1987|Thunderbolt|p1a: Jags Begone
|-supereffective|p1a: Jags Begone
|-damage|p1a: Jags Begone|14/100
|move|p1a: Jags Begone|Earthquake|p2a: Jag back in 1987
|-supereffective|p2a: Jag back in 1987
|-damage|p2a: Jag back in 1987|0 fnt
|faint|p2a: Jag back in 1987
|
|-weather|Sandstorm|[upkeep]
|-damage|p1a: Jags Begone|8/100|[from] Sandstorm
|-heal|p1a: Jags Begone|14/100|[from] item: Leftovers
|
|switch|p2a: Super Team Dryan|Salamence, M|100/100
|-damage|p2a: Super Team Dryan|76/100|[from] Stealth Rock
|turn|25
|
|move|p2a: Super Team Dryan|Dual Wingbeat|p1a: Jags Begone
|-damage|p1a: Jags Begone|0 fnt
|faint|p1a: Jags Begone
|-hitcount|p1: Jags Begone|1
|
|win|unfazed lol
