# advantage = p1
|poke|p1|Urshifu-*, F|
|poke|p1|Pelipper, M|
|poke|p1|Basculegion-F, F|
|poke|p1|Amoonguss, M|
|poke|p1|Samurott-Hisui, M|
|poke|p1|Thundurus-Therian, M|
|poke|p2|Goodra-Hisui, F|
|poke|p2|Sneasler, F|
|poke|p2|Basculegion, M|
|poke|p2|Rillaboom, F|
|poke|p2|Pelipper, F|
|poke|p2|Ursaluna, F|
|teampreview
|
|start
|switch|p1a: Urshifu|Urshifu-Rapid-Strike, F|100/100
|switch|p2a: Pelipper|Pelipper, F|100/100
|-weather|RainDance|[from] ability: Drizzle|[of] p2a: Pelipper
|turn|1
|
|move|p1a: Urshifu|U-turn|p2a: Pelipper
|-resisted|p2a: Pelipper
|-damage|p2a: Pelipper|88/100
|
|switch|p1a: Thundurus|Thundurus-Therian, M|100/100|[from] U-turn
|move|p2a: Pelipper|Hurricane|p1a: Thundurus
|-resisted|p1a: Thundurus
|-damage|p1a: Thundurus|47/100
|
|-weather|RainDance|[upkeep]
|-heal|p1a: Thundurus|54/100|[from] item: Leftovers
|turn|2
|
|switch|p2a: Goodra|Goodra-Hisui, F|100/100
|move|p1a: Thundurus|Substitute|p1a: Thundurus
|-start|p1a: Thundurus|Substitute
|-damage|p1a: Thundurus|29/100
|
|-weather|RainDance|[upkeep]
|-heal|p1a: Thundurus|35/100|[from] item: Leftovers
|turn|3
|
|move|p1a: Thundurus|Nasty Plot|p1a: Thundurus
|-boost|p1a: Thundurus|spa|2
|move|p2a: Goodra|Flamethrower|p1a: Thundurus
|-activate|p1a: Thundurus|move: Substitute|[damage]
|
|-weather|RainDance|[upkeep]
|-heal|p1a: Thundurus|41/100|[from] item: Leftovers
|turn|4
|
|move|p1a: Thundurus|Thunder|p2a: Goodra
|-resisted|p2a: Goodra
|-damage|p2a: Goodra|72/100
|move|p2a: Goodra|Flamethrower|p1a: Thundurus
|-end|p1a: Thundurus|Substitute
|
|-weather|RainDance|[upkeep]
|-heal|p1a: Thundurus|47/100|[from] item: Leftovers
|turn|5
|
|move|p1a: Thundurus|Nasty Plot|p1a: Thundurus
|-boost|p1a: Thundurus|spa|2
|move|p2a: Goodra|Dragon Tail|p1a: Thundurus
|-damage|p1a: Thundurus|16/100
|drag|p1a: Basculegion|Basculegion-F, F|100/100
|
|-weather|none
|turn|6
|
|switch|p1a: Urshifu|Urshifu-Rapid-Strike, F|100/100
|move|p2a: Goodra|Draco Meteor|p1a: Urshifu
|-damage|p1a: Urshifu|0 fnt
|-unboost|p2a: Goodra|spa|2
|faint|p1a: Urshifu
|
|
|switch|p1a: Samurott|Samurott-Hisui, M|100/100
|turn|7
|
|switch|p2a: Rillaboom|Rillaboom, F|100/100
|-fieldstart|move: Grassy Terrain|[from] ability: Grassy Surge|[of] p2a: Rillaboom
|move|p1a: Samurott|Ceaseless Edge|p2a: Rillaboom
|-damage|p2a: Rillaboom|49/100
|-sidestart|p2: p2|Spikes
|
|-heal|p2a: Rillaboom|55/100|[from] Grassy Terrain
|turn|8
|
|switch|p1a: Thundurus|Thundurus-Therian, M|16/100
|move|p2a: Rillaboom|Wood Hammer|p1a: Thundurus
|-resisted|p1a: Thundurus
|-damage|p1a: Thundurus|0 fnt
|faint|p1a: Thundurus
|-damage|p2a: Rillaboom|50/100|[from] Recoil
|
|-heal|p2a: Rillaboom|56/100|[from] Grassy Terrain
|
|switch|p1a: Pelipper|Pelipper, M|100/100
|-weather|RainDance|[from] ability: Drizzle|[of] p1a: Pelipper
|turn|9
|
|switch|p1a: Amoonguss|Amoonguss, M|100/100
|move|p2a: Rillaboom|U-turn|p1a: Amoonguss
|-crit|p1a: Amoonguss
|-damage|p1a: Amoonguss|74/100
|-damage|p2a: Rillaboom|40/100|[from] item: Rocky Helmet|[of] p1a: Amoonguss
|
|switch|p2a: Sneasler|Sneasler, F|100/100|[from] U-turn
|-damage|p2a: Sneasler|88/100|[from] Spikes
|-enditem|p2a: Sneasler|Grassy Seed
|-boost|p2a: Sneasler|def|1|[from] item: Grassy Seed
|
|-weather|RainDance|[upkeep]
|-heal|p2a: Sneasler|94/100|[from] Grassy Terrain
|-heal|p1a: Amoonguss|81/100|[from] Grassy Terrain
|turn|10
|
|-terastallize|p1a: Amoonguss|Steel
|move|p2a: Sneasler|U-turn|p1a: Amoonguss
|-resisted|p1a: Amoonguss
|-damage|p1a: Amoonguss|72/100
|-damage|p2a: Sneasler|78/100|[from] item: Rocky Helmet|[of] p1a: Amoonguss
|
|switch|p2a: Goodra|Goodra-Hisui, F|72/100|[from] U-turn
|-damage|p2a: Goodra|60/100|[from] Spikes
|move|p1a: Amoonguss|Spore|p2a: Goodra
|-status|p2a: Goodra|slp|[from] move: Spore
|
|-weather|RainDance|[upkeep]
|-heal|p2a: Goodra|66/100 slp|[from] Grassy Terrain
|-heal|p1a: Amoonguss|78/100|[from] Grassy Terrain
|turn|11
|
|switch|p1a: Samurott|Samurott-Hisui, M|100/100
|cant|p2a: Goodra|slp
|
|-weather|RainDance|[upkeep]
|-heal|p2a: Goodra|72/100 slp|[from] Grassy Terrain
|-fieldend|move: Grassy Terrain
|turn|12
|
|move|p1a: Samurott|Ceaseless Edge|p2a: Goodra|[miss]
|-miss|p1a: Samurott|p2a: Goodra
|-curestatus|p2a: Goodra|slp|[msg]
|move|p2a: Goodra|Dragon Tail|p1a: Samurott
|-damage|p1a: Samurott|75/100
|drag|p1a: Basculegion|Basculegion-F, F|100/100
|
|-weather|RainDance|[upkeep]
|turn|13
|
|move|p1a: Basculegion|Shadow Ball|p2a: Goodra
|-damage|p2a: Goodra|50/100
|move|p2a: Goodra|Draco Meteor|p1a: Basculegion
|-damage|p1a: Basculegion|24/100
|-unboost|p2a: Goodra|spa|2
|
|-weather|RainDance|[upkeep]
|turn|14
|
|move|p1a: Basculegion|Shadow Ball|p2a: Goodra
|-damage|p2a: Goodra|25/100
|move|p2a: Goodra|Dragon Tail|p1a: Basculegion
|-damage|p1a: Basculegion|0 fnt
|faint|p1a: Basculegion
|
|-weather|RainDance|[upkeep]
|
|switch|p1a: Samurott|Samurott-Hisui, M|75/100
|turn|15
|
|switch|p2a: Ursaluna|Ursaluna, F|100/100
|-damage|p2a: Ursaluna|88/100|[from] Spikes
|move|p1a: Samurott|Ceaseless Edge|p2a: Ursaluna|[miss]
|-miss|p1a: Samurott|p2a: Ursaluna
|
|-weather|RainDance|[upkeep]
|-status|p2a: Ursaluna|brn|[from] item: Flame Orb
|turn|16
|
|switch|p1a: Amoonguss|Amoonguss, M, tera:Steel|100/100
|move|p2a: Ursaluna|Facade|p1a: Amoonguss
|-resisted|p1a: Amoonguss
|-damage|p1a: Amoonguss|55/100
|-damage|p2a: Ursaluna|72/100 brn|[from] item: Rocky Helmet|[of] p1a: Amoonguss
|
|-weather|none
|-damage|p2a: Ursaluna|66/100 brn|[from] brn
|turn|17
|
|move|p2a: Ursaluna|Close Combat|p1a: Amoonguss
|-supereffective|p1a: Amoonguss
|-damage|p1a: Amoonguss|0 fnt
|-unboost|p2a: Ursaluna|def|1
|-unboost|p2a: Ursaluna|spd|1
|-damage|p2a: Ursaluna|49/100 brn|[from] item: Rocky Helmet|[of] p1a: Amoonguss
|faint|p1a: Amoonguss
|
|-damage|p2a: Ursaluna|43/100 brn|[from] brn
|
|switch|p1a: Samurott|Samurott-Hisui, M|75/100
|turn|18
|
|move|p1a: Samurott|Ceaseless Edge|p2a: Ursaluna
|-damage|p2a: Ursaluna|0 fnt
|-sidestart|p2: p2|Spikes
|faint|p2a: Ursaluna
|
|
|switch|p2a: Pelipper|Pelipper, F|88/100
|-weather|RainDance|[from] ability: Drizzle|[of] p2a: Pelipper
|turn|19
|
|move|p1a: Samurott|Ceaseless Edge|p2a: Pelipper
|-damage|p2a: Pelipper|44/100
|-sidestart|p2: p2|Spikes
|move|p2a: Pelipper|U-turn|p1a: Samurott
|-supereffective|p1a: Samurott
|-damage|p1a: Samurott|54/100
|
|switch|p2a: Basculegion|Basculegion, M|100/100|[from] U-turn
|-damage|p2a: Basculegion|76/100|[from] Spikes
|
|-weather|RainDance|[upkeep]
|turn|20
|
|move|p2a: Basculegion|Liquidation|p1a: Samurott
|-resisted|p1a: Samurott
|-crit|p1a: Samurott
|-damage|p1a: Samurott|0 fnt
|faint|p1a: Samurott
|
|-weather|RainDance|[upkeep]
|-message|p1 forfeited.
|
|win|p2
