|poke|p1|Dondozo, M|
|poke|p1|Amoonguss, M|
|poke|p1|Goodra-Hisui, M|
|poke|p1|Slowking, M|
|poke|p1|Dudunsparce-*, M|
|poke|p1|Orthworm, F|
|poke|p2|Torkoal, F|
|poke|p2|Charizard, M|
|poke|p2|Lilligant-Hisui, F|
|poke|p2|Great Tusk|
|poke|p2|Kingambit, F|
|poke|p2|Hatterene, F|
|teampreview
|
|start
|switch|p1a: Dudunsparce|Dudunsparce, M|100/100
|switch|p2a: Torkoal|Torkoal, F|100/100
|-weather|SunnyDay|[from] ability: Drought|[of] p2a: Torkoal
|turn|1
|
|move|p1a: Dudunsparce|Boomburst|p2a: Torkoal
|-damage|p2a: Torkoal|0 fnt
|faint|p2a: Torkoal
|
|-weather|SunnyDay|[upkeep]
|
|switch|p2a: Charizard|Charizard, M|100/100
|turn|2
|
|switch|p1a: Slowking|Slowking, M|100/100
|move|p2a: Charizard|Overheat|p1a: Slowking
|-resisted|p1a: Slowking
|-damage|p1a: Slowking|30/100
|-unboost|p2a: Charizard|spa|2
|
|-weather|SunnyDay|[upkeep]
|-damage|p2a: Charizard|88/100|[from] ability: Solar Power|[of] p2a: Charizard
|turn|3
|
|move|p2a: Charizard|Overheat|p1a: Slowking
|-resisted|p1a: Slowking
|-damage|p1a: Slowking|0 fnt
|-unboost|p2a: Charizard|spa|2
|faint|p1a: Slowking
|
|-weather|SunnyDay|[upkeep]
|-damage|p2a: Charizard|76/100|[from] ability: Solar Power|[of] p2a: Charizard
|
|switch|p1a: Dudunsparce|Dudunsparce, M|100/100
|turn|4
|
|switch|p2a: Hatterene|Hatterene, F|100/100
|move|p1a: Dudunsparce|Boomburst|p2a: Hatterene
|-crit|p2a: Hatterene
|-damage|p2a: Hatterene|0 fnt
|faint|p2a: Hatterene
|
|-weather|SunnyDay|[upkeep]
|
|switch|p2a: Charizard|Charizard, M|76/100
|turn|5
|
|switch|p1a: Dondozo|Dondozo, M|100/100
|move|p2a: Charizard|Flamethrower|p1a: Dondozo
|-resisted|p1a: Dondozo
|-damage|p1a: Dondozo|58/100
|
|-weather|SunnyDay|[upkeep]
|-damage|p2a: Charizard|63/100|[from] ability: Solar Power|[of] p2a: Charizard
|turn|6
|
|-terastallize|p2a: Charizard|Fire
|move|p2a: Charizard|Flamethrower|p1a: Dondozo
|-resisted|p1a: Dondozo
|-damage|p1a: Dondozo|0 fnt
|faint|p1a: Dondozo
|
|-weather|SunnyDay|[upkeep]
|-damage|p2a: Charizard|51/100|[from] ability: Solar Power|[of] p2a: Charizard
|
|switch|p1a: Goodra|Goodra-Hisui, M|100/100
|turn|7
|
|move|p2a: Charizard|Flamethrower|p1a: Goodra
|-damage|p1a: Goodra|0 fnt
|faint|p1a: Goodra
|
|-weather|SunnyDay|[upkeep]
|-damage|p2a: Charizard|38/100|[from] ability: Solar Power|[of] p2a: Charizard
|
|switch|p1a: Amoonguss|Amoonguss, M|100/100
|turn|8
|
|move|p2a: Charizard|Flamethrower|p1a: Amoonguss
|-supereffective|p1a: Amoonguss
|-damage|p1a: Amoonguss|0 fnt
|faint|p1a: Amoonguss
|
|-weather|none
|
|switch|p1a: Dudunsparce|Dudunsparce, M|100/100
|turn|9
|
|move|p2a: Charizard|Flamethrower|p1a: Dudunsparce
|-damage|p1a: Dudunsparce|21/100
|move|p1a: Dudunsparce|Boomburst|p2a: Charizard
|-damage|p2a: Charizard|0 fnt
|faint|p2a: Charizard
|
|
|switch|p2a: Lilligant|Lilligant-Hisui, F|100/100
|turn|10
|
|-terastallize|p1a: Dudunsparce|Ghost
|move|p2a: Lilligant|Close Combat|p1a: Dudunsparce
|-immune|p1a: Dudunsparce
|move|p1a: Dudunsparce|Boomburst|p2a: Lilligant
|-damage|p2a: Lilligant|0 fnt
|faint|p2a: Lilligant
|
|
|switch|p2a: Great Tusk|Great Tusk|100/100
|turn|11
|
|switch|p1a: Orthworm|Orthworm, F|100/100
|move|p2a: Great Tusk|Knock Off|p1a: Orthworm
|-damage|p1a: Orthworm|72/100
|-enditem|p1a: Orthworm|Chesto Berry|[from] move: Knock Off|[of] p2a: Great Tusk
|
|turn|12
|
|switch|p1a: Dudunsparce|Dudunsparce, M, tera:Ghost|21/100
|move|p2a: Great Tusk|Close Combat|p1a: Dudunsparce
|-immune|p1a: Dudunsparce
|
|turn|13
|
|move|p2a: Great Tusk|Knock Off|p1a: Dudunsparce
|-supereffective|p1a: Dudunsparce
|-damage|p1a: Dudunsparce|0 fnt
|-enditem|p1a: Dudunsparce|Choice Specs|[from] move: Knock Off|[of] p2a: Great Tusk
|faint|p1a: Dudunsparce
|
|
|switch|p1a: Orthworm|Orthworm, F|72/100
|turn|14
|
|move|p2a: Great Tusk|Close Combat|p1a: Orthworm
|-supereffective|p1a: Orthworm
|-damage|p1a: Orthworm|0 fnt
|-unboost|p2a: Great Tusk|def|1
|-unboost|p2a: Great Tusk|spd|1
|faint|p1a: Orthworm
|
|win|p2
