|poke|p1|Indeedee, M|
|poke|p1|Hatterene, F|
|poke|p1|Polteageist|
|poke|p1|Sneasler, M|
|poke|p1|Armarouge, F|
|poke|p1|Iron Leaves|
|poke|p2|Magearna|
|poke|p2|Chien-Pao|
|poke|p2|Corviknight, M|
|poke|p2|Clodsire, F|
|poke|p2|Garganacl, F|
|poke|p2|Dragapult, M|
|teampreview
|
|start
|switch|p1a: Indeedee|Indeedee, M|100/100
|switch|p2a: Clodsire|Clodsire, F|100/100
|-fieldstart|move: Psychic Terrain|[from] ability: Psychic Surge|[of] p1a: Indeedee
|turn|1
|
|switch|p1a: Hatterene|Hatterene, F|100/100
|move|p2a: Clodsire|Earthquake|p1a: Hatterene
|-damage|p1a: Hatterene|78/100
|-enditem|p1a: Hatterene|Eject Button
|
|switch|p1a: Iron Leaves|Iron Leaves|100/100
|-enditem|p1a: Iron Leaves|Booster Energy
|-activate|p1a: Iron Leaves|ability: Quark Drive|[fromitem]
|-start|p1a: Iron Leaves|quarkdrivespe
|
|turn|2
|
|switch|p2a: Magearna|Magearna|100/100
|move|p1a: Iron Leaves|Swords Dance|p1a: Iron Leaves
|-boost|p1a: Iron Leaves|atk|2
|
|turn|3
|
|-terastallize|p1a: Iron Leaves|Fire
|move|p1a: Iron Leaves|Swords Dance|p1a: Iron Leaves
|-boost|p1a: Iron Leaves|atk|2
|move|p2a: Magearna|Fleur Cannon|p1a: Iron Leaves
|-resisted|p1a: Iron Leaves
|-damage|p1a: Iron Leaves|65/100
|-unboost|p2a: Magearna|spa|2
|
|turn|4
|
|switch|p2a: Clodsire|Clodsire, F|100/100
|move|p1a: Iron Leaves|Tera Blast|p2a: Clodsire
|-damage|p2a: Clodsire|54/100
|
|-heal|p2a: Clodsire|61/100|[from] item: Leftovers
|turn|5
|
|move|p1a: Iron Leaves|Psyblade|p2a: Clodsire
|-supereffective|p2a: Clodsire
|-damage|p2a: Clodsire|0 fnt
|faint|p2a: Clodsire
|
|
|switch|p2a: Magearna|Magearna|100/100
|turn|6
|
|-terastallize|p2a: Magearna|Ground
|move|p1a: Iron Leaves|Psyblade|p2a: Magearna
|-damage|p2a: Magearna|0 fnt
|faint|p2a: Magearna
|
|-message|FaronAan forfeited.
|
|win|2(H2O)-Alt
