|poke|p1|Garchomp, M|
|poke|p1|Samurott-Hisui, F|
|poke|p1|Dragapult, F|
|poke|p1|Great Tusk|
|poke|p1|Heatran, F|
|poke|p1|Thundurus-Therian, M|
|poke|p2|Enamorus-Therian, F|
|poke|p2|Volcanion|
|poke|p2|Great Tusk|
|poke|p2|Zamazenta-*|
|poke|p2|Samurott-Hisui, F|
|poke|p2|Ursaluna, F|
|teampreview
|
|start
|switch|p1a: Thundurus|Thundurus-Therian, M|100/100
|switch|p2a: Great Tusk|Great Tusk|100/100
|turn|1
|
|move|p1a: Thundurus|Grass Knot|p2a: Great Tusk
|-supereffective|p2a: Great Tusk
|-damage|p2a: Great Tusk|0 fnt
|faint|p2a: Great Tusk
|-end|p2a: Great Tusk|Protosynthesis|[silent]
|
|
|switch|p2a: Samurott|Samurott-Hisui, F|100/100
|turn|2
|
|move|p1a: Thundurus|Thunderbolt|p2a: Samurott
|-supereffective|p2a: Samurott
|-damage|p2a: Samurott|38/100
|move|p2a: Samurott|Ceaseless Edge|p1a: Thundurus
|-damage|p1a: Thundurus|40/100
|-sidestart|p1: NSB080808|Spikes
|
|turn|3
|
|move|p2a: Samurott|Sucker Punch|p1a: Thundurus
|-damage|p1a: Thundurus|0 fnt
|faint|p1a: Thundurus
|
|
|switch|p1a: Mumakil|Great Tusk, shiny|100/100
|-damage|p1a: Mumakil|88/100|[from] Spikes
|turn|4
|
|move|p1a: Mumakil|Rapid Spin|p2a: Samurott
|-damage|p2a: Samurott|20/100
|-boost|p1a: Mumakil|spe|1
|-sideend|p1: NSB080808|Spikes|[from] move: Rapid Spin|[of] p1a: Mumakil
|move|p2a: Samurott|Razor Shell|p1a: Mumakil
|-supereffective|p1a: Mumakil
|-damage|p1a: Mumakil|15/100
|-unboost|p1a: Mumakil|def|1
|
|turn|5
|
|move|p2a: Samurott|Sucker Punch|p1a: Mumakil
|-resisted|p1a: Mumakil
|-damage|p1a: Mumakil|0 fnt
|faint|p1a: Mumakil
|-end|p1a: Mumakil|Protosynthesis|[silent]
|
|
|switch|p1a: Reaper|Garchomp, M|100/100
|turn|6
|
|switch|p2a: Enamorus|Enamorus-Therian, F|100/100
|move|p1a: Reaper|Substitute|p1a: Reaper
|-start|p1a: Reaper|Substitute
|-damage|p1a: Reaper|76/100
|
|-heal|p1a: Reaper|82/100|[from] item: Leftovers
|turn|7
|
|switch|p1a: "Legendary"|Heatran, F|100/100
|-item|p1a: "Legendary"|Air Balloon
|move|p2a: Enamorus|Iron Defense|p2a: Enamorus
|-boost|p2a: Enamorus|def|2
|
|turn|8
|
|move|p1a: "Legendary"|Taunt|p2a: Enamorus
|-start|p2a: Enamorus|move: Taunt
|move|p2a: Enamorus|Draining Kiss|p1a: "Legendary"
|-resisted|p1a: "Legendary"
|-damage|p1a: "Legendary"|97/100
|-enditem|p1a: "Legendary"|Air Balloon
|
|turn|9
|
|move|p1a: "Legendary"|Stealth Rock|p2a: Enamorus
|-sidestart|p2: NoivernBlast|move: Stealth Rock
|move|p2a: Enamorus|Earth Power|p1a: "Legendary"
|-supereffective|p1a: "Legendary"
|-damage|p1a: "Legendary"|33/100
|
|turn|10
|
|switch|p1a: Polterghast|Dragapult, F|100/100
|move|p2a: Enamorus|Earth Power|p1a: Polterghast
|-damage|p1a: Polterghast|62/100
|
|-end|p2a: Enamorus|move: Taunt
|turn|11
|
|move|p1a: Polterghast|U-turn|p2a: Enamorus
|-resisted|p2a: Enamorus
|-damage|p2a: Enamorus|99/100
|
|switch|p1a: "Legendary"|Heatran, F|33/100|[from] U-turn
|move|p2a: Enamorus|Draining Kiss|p1a: "Legendary"
|-resisted|p1a: "Legendary"
|-damage|p1a: "Legendary"|30/100
|-heal|p2a: Enamorus|100/100|[from] drain|[of] p1a: "Legendary"
|
|turn|12
|
|move|p1a: "Legendary"|Magma Storm|p2a: Enamorus
|-damage|p2a: Enamorus|55/100
|-activate|p2a: Enamorus|move: Magma Storm|[of] p1a: "Legendary"
|move|p2a: Enamorus|Earth Power|p1a: "Legendary"
|-supereffective|p1a: "Legendary"
|-damage|p1a: "Legendary"|0 fnt
|faint|p1a: "Legendary"
|
|-end|p2a: Enamorus|Magma Storm|[partiallytrapped]|[silent]
|
|switch|p1a: Polterghast|Dragapult, F|62/100
|turn|13
|
|move|p1a: Polterghast|Shadow Ball|p2a: Enamorus
|-damage|p2a: Enamorus|7/100
|move|p2a: Enamorus|Draining Kiss|p1a: Polterghast
|-supereffective|p1a: Polterghast
|-damage|p1a: Polterghast|0 fnt
|-heal|p2a: Enamorus|49/100|[from] drain|[of] p1a: Polterghast
|faint|p1a: Polterghast
|
|-message|NSB080808 forfeited.
|
|win|NoivernBlast
|l|☆NSB080808
