|poke|p1|Landorus-Therian, M|
|poke|p1|Urshifu-*, M|
|poke|p1|Gholdengo|
|poke|p1|Zamazenta-*|
|poke|p1|Chien-Pao|
|poke|p1|Slowking-Galar, M|
|poke|p2|Chien-Pao|
|poke|p2|Heatran, F|
|poke|p2|Corviknight, F|
|poke|p2|Magearna|
|poke|p2|Zamazenta-*|
|poke|p2|Landorus-Therian, M|
|teampreview
|
|start
|switch|p1a: Landorus|Landorus-Therian, M|100/100
|switch|p2a: Chien-Pao|Chien-Pao|100/100
|-ability|p2a: Chien-Pao|Sword of Ruin
|-ability|p1a: Landorus|Intimidate|boost
|-unboost|p2a: Chien-Pao|atk|1
|turn|1
|
|switch|p1a: Zamazenta|Zamazenta-Crowned|100/100
|-ability|p1a: Zamazenta|Dauntless Shield|boost
|-boost|p1a: Zamazenta|def|1
|move|p2a: Chien-Pao|Icicle Crash|p1a: Zamazenta
|-resisted|p1a: Zamazenta
|-damage|p1a: Zamazenta|93/100
|-damage|p2a: Chien-Pao|91/100|[from] item: Life Orb
|
|turn|2
|
|switch|p2a: Landorus|Landorus-Therian, M|100/100
|-ability|p2a: Landorus|Intimidate|boost
|-unboost|p1a: Zamazenta|atk|1
|move|p1a: Zamazenta|Iron Defense|p1a: Zamazenta
|-boost|p1a: Zamazenta|def|2
|
|turn|3
|
|move|p2a: Landorus|Earthquake|p1a: Zamazenta
|-supereffective|p1a: Zamazenta
|-damage|p1a: Zamazenta|57/100
|move|p1a: Zamazenta|Iron Defense|p1a: Zamazenta
|-boost|p1a: Zamazenta|def|2
|
|turn|4
|
|move|p2a: Landorus|Earthquake|p1a: Zamazenta
|-supereffective|p1a: Zamazenta
|-damage|p1a: Zamazenta|30/100
|move|p1a: Zamazenta|Body Press|p2a: Landorus
|-resisted|p2a: Landorus
|-damage|p2a: Landorus|1/100
|
|turn|5
|
|move|p2a: Landorus|Earthquake|p1a: Zamazenta
|-supereffective|p1a: Zamazenta
|-damage|p1a: Zamazenta|4/100
|move|p1a: Zamazenta|Body Press|p2a: Landorus
|-resisted|p2a: Landorus
|-damage|p2a: Landorus|0 fnt
|faint|p2a: Landorus
|
|
|switch|p2a: Corviknight|Corviknight, F|100/100
|-ability|p2a: Corviknight|Pressure
|turn|6
|
|move|p1a: Zamazenta|Body Press|p2a: Corviknight
|-damage|p2a: Corviknight|8/100
|-damage|p1a: Zamazenta|0 fnt|[from] item: Rocky Helmet|[of] p2a: Corviknight
|faint|p1a: Zamazenta
|move|p2a: Corviknight|Roost|p2a: Corviknight
|-heal|p2a: Corviknight|58/100
|-singleturn|p2a: Corviknight|move: Roost
|
|
|switch|p1a: Urshifu|Urshifu-Rapid-Strike, M|100/100
|turn|7
|
|move|p1a: Urshifu|Surging Strikes|p2a: Corviknight
|-crit|p2a: Corviknight
|-damage|p2a: Corviknight|39/100
|-damage|p1a: Urshifu|84/100|[from] item: Rocky Helmet|[of] p2a: Corviknight
|-crit|p2a: Corviknight
|-damage|p2a: Corviknight|20/100
|-damage|p1a: Urshifu|68/100|[from] item: Rocky Helmet|[of] p2a: Corviknight
|-crit|p2a: Corviknight
|-damage|p2a: Corviknight|3/100
|-damage|p1a: Urshifu|51/100|[from] item: Rocky Helmet|[of] p2a: Corviknight
|-hitcount|p2a: Corviknight|3
|move|p2a: Corviknight|Roost|p2a: Corviknight
|-heal|p2a: Corviknight|53/100
|-singleturn|p2a: Corviknight|move: Roost
|
|turn|8
|
|switch|p1a: Gholdengo|Gholdengo|100/100
|switch|p2a: Magearna|Magearna|100/100
|
|turn|9
|
|move|p1a: Gholdengo|Trick|p2a: Magearna
|-activate|p1a: Gholdengo|move: Trick|[of] p2a: Magearna
|-item|p2a: Magearna|Choice Scarf|[from] move: Trick
|-item|p1a: Gholdengo|Choice Specs|[from] move: Trick
|move|p2a: Magearna|Volt Switch|p1a: Gholdengo
|-crit|p1a: Gholdengo
|-damage|p1a: Gholdengo|55/100
|
|switch|p2a: Chien-Pao|Chien-Pao|91/100|[from] Volt Switch
|-ability|p2a: Chien-Pao|Sword of Ruin
|
|turn|10
|
|switch|p1a: Urshifu|Urshifu-Rapid-Strike, M|51/100
|move|p2a: Chien-Pao|Crunch|p1a: Urshifu
|-resisted|p1a: Urshifu
|-damage|p1a: Urshifu|18/100
|-damage|p2a: Chien-Pao|81/100|[from] item: Life Orb
|
|turn|11
|
|switch|p2a: Corviknight|Corviknight, F|53/100
|-ability|p2a: Corviknight|Pressure
|switch|p1a: Chien-Pao|Chien-Pao|100/100
|-ability|p1a: Chien-Pao|Sword of Ruin
|
|turn|12
|
|-terastallize|p1a: Chien-Pao|Dark
|move|p1a: Chien-Pao|Crunch|p2a: Corviknight
|-crit|p2a: Corviknight
|-damage|p2a: Corviknight|0 fnt
|-damage|p1a: Chien-Pao|84/100|[from] item: Rocky Helmet|[of] p2a: Corviknight
|faint|p2a: Corviknight
|
|
|switch|p2a: Zamazenta|Zamazenta|100/100
|-ability|p2a: Zamazenta|Dauntless Shield|boost
|-boost|p2a: Zamazenta|def|1
|turn|13
|
|switch|p1a: Slowking|Slowking-Galar, M|100/100
|move|p2a: Zamazenta|Substitute|p2a: Zamazenta
|-start|p2a: Zamazenta|Substitute
|-damage|p2a: Zamazenta|76/100
|
|-heal|p2a: Zamazenta|82/100|[from] item: Leftovers
|turn|14
|
|move|p2a: Zamazenta|Iron Head|p1a: Slowking
|-damage|p1a: Slowking|80/100
|move|p1a: Slowking|Psychic|p2a: Zamazenta
|-supereffective|p2a: Zamazenta
|-end|p2a: Zamazenta|Substitute
|
|-heal|p2a: Zamazenta|88/100|[from] item: Leftovers
|-heal|p1a: Slowking|86/100|[from] item: Black Sludge
|turn|15
|
|switch|p2a: Chien-Pao|Chien-Pao|81/100
|-ability|p2a: Chien-Pao|Sword of Ruin
|move|p1a: Slowking|Psychic|p2a: Chien-Pao
|-immune|p2a: Chien-Pao
|
|-heal|p1a: Slowking|92/100|[from] item: Black Sludge
|turn|16
|
|-terastallize|p2a: Chien-Pao|Dark
|move|p2a: Chien-Pao|Crunch|p1a: Slowking
|-supereffective|p1a: Slowking
|-damage|p1a: Slowking|0 fnt
|faint|p1a: Slowking
|-damage|p2a: Chien-Pao|71/100|[from] item: Life Orb
|
|
|switch|p1a: Chien-Pao|Chien-Pao, tera:Dark|84/100
|-ability|p1a: Chien-Pao|Sword of Ruin
|turn|17
|
|switch|p2a: Heatran|Heatran, F|100/100
|move|p1a: Chien-Pao|Sacred Sword|p2a: Heatran
|-supereffective|p2a: Heatran
|-damage|p2a: Heatran|30/100
|
|-heal|p2a: Heatran|36/100|[from] item: Leftovers
|turn|18
|
|switch|p2a: Magearna|Magearna|100/100
|move|p1a: Chien-Pao|Crunch|p2a: Magearna
|-resisted|p2a: Magearna
|-damage|p2a: Magearna|71/100
|
|turn|19
|
|switch|p1a: Landorus|Landorus-Therian, M|100/100
|-ability|p1a: Landorus|Intimidate|boost
|-unboost|p2a: Magearna|atk|1
|move|p2a: Magearna|Fleur Cannon|p1a: Landorus
|-damage|p1a: Landorus|10/100
|-unboost|p2a: Magearna|spa|2
|
|turn|20
|
|switch|p2a: Zamazenta|Zamazenta|88/100
|move|p1a: Landorus|Earthquake|p2a: Zamazenta
|-crit|p2a: Zamazenta
|-damage|p2a: Zamazenta|22/100
|
|-heal|p2a: Zamazenta|28/100|[from] item: Leftovers
|turn|21
|
|switch|p1a: Gholdengo|Gholdengo|55/100
|move|p2a: Zamazenta|Iron Head|p1a: Gholdengo
|-resisted|p1a: Gholdengo
|-damage|p1a: Gholdengo|43/100
|
|-heal|p2a: Zamazenta|34/100|[from] item: Leftovers
|turn|22
|
|switch|p2a: Heatran|Heatran, F|36/100
|move|p1a: Gholdengo|Recover|p1a: Gholdengo
|-heal|p1a: Gholdengo|93/100
|
|-heal|p2a: Heatran|42/100|[from] item: Leftovers
|turn|23
|
|switch|p1a: Landorus|Landorus-Therian, M|10/100
|-ability|p1a: Landorus|Intimidate|boost
|-unboost|p2a: Heatran|atk|1
|move|p2a: Heatran|Stealth Rock|p1a: Landorus
|-sidestart|p1: antologyyy|move: Stealth Rock
|
|-heal|p2a: Heatran|49/100|[from] item: Leftovers
|turn|24
|
|move|p1a: Landorus|Earthquake|p2a: Heatran
|-supereffective|p2a: Heatran
|-damage|p2a: Heatran|0 fnt
|faint|p2a: Heatran
|
|
|switch|p2a: Chien-Pao|Chien-Pao, tera:Dark|71/100
|-ability|p2a: Chien-Pao|Sword of Ruin
|turn|25
|
|move|p2a: Chien-Pao|Ice Shard|p1a: Landorus
|-supereffective|p1a: Landorus
|-damage|p1a: Landorus|0 fnt
|faint|p1a: Landorus
|-damage|p2a: Chien-Pao|61/100|[from] item: Life Orb
|
|
|switch|p1a: Chien-Pao|Chien-Pao, tera:Dark|84/100
|-damage|p1a: Chien-Pao|72/100|[from] Stealth Rock
|-ability|p1a: Chien-Pao|Sword of Ruin
|turn|26
|
|switch|p2a: Zamazenta|Zamazenta|34/100
|move|p1a: Chien-Pao|Sacred Sword|p2a: Zamazenta
|-damage|p2a: Zamazenta|4/100
|
|-heal|p2a: Zamazenta|10/100|[from] item: Leftovers
|turn|27
|
|move|p1a: Chien-Pao|Ice Shard|p2a: Zamazenta
|-damage|p2a: Zamazenta|0 fnt
|faint|p2a: Zamazenta
|
|
|switch|p2a: Magearna|Magearna|71/100
|turn|28
|
|switch|p1a: Gholdengo|Gholdengo|93/100
|-damage|p1a: Gholdengo|87/100|[from] Stealth Rock
|move|p2a: Magearna|Flash Cannon|p1a: Gholdengo
|-resisted|p1a: Gholdengo
|-damage|p1a: Gholdengo|62/100
|
|turn|29
|
|move|p1a: Gholdengo|Make It Rain|p2a: Magearna
|-crit|p2a: Magearna
|-damage|p2a: Magearna|0 fnt
|-unboost|p1a: Gholdengo|spa|1
|faint|p2a: Magearna
|
|
|switch|p2a: Chien-Pao|Chien-Pao, tera:Dark|61/100
|-ability|p2a: Chien-Pao|Sword of Ruin
|turn|30
|
|move|p2a: Chien-Pao|Crunch|p1a: Gholdengo
|-supereffective|p1a: Gholdengo
|-damage|p1a: Gholdengo|0 fnt
|faint|p1a: Gholdengo
|-damage|p2a: Chien-Pao|51/100|[from] item: Life Orb
|
|
|switch|p1a: Chien-Pao|Chien-Pao, tera:Dark|72/100
|-damage|p1a: Chien-Pao|59/100|[from] Stealth Rock
|-ability|p1a: Chien-Pao|Sword of Ruin
|turn|31
|
|move|p1a: Chien-Pao|Sacred Sword|p2a: Chien-Pao
|-supereffective|p2a: Chien-Pao
|-damage|p2a: Chien-Pao|0 fnt
|faint|p2a: Chien-Pao
|
|win|antologyyy
