|poke|p1|Lilligant-Hisui, F|
|poke|p1|Torkoal, F|
|poke|p1|Armarouge, M|
|poke|p1|Great Tusk|
|poke|p1|Breloom, M|
|poke|p1|Kingambit, F|
|poke|p2|Skeledirge, F|
|poke|p2|Enamorus, F|
|poke|p2|Kleavor, F|
|poke|p2|Electrode-Hisui|
|poke|p2|Muk-Alola, M|
|poke|p2|Delphox, M|
|teampreview
|
|start
|switch|p1a: Torkoal|Torkoal, F|100/100
|switch|p2a: Electrode|Electrode-Hisui|100/100
|-weather|SunnyDay|[from] ability: Drought|[of] p1a: Torkoal
|turn|1
|
|move|p2a: Electrode|Leech Seed|p1a: Torkoal
|-start|p1a: Torkoal|move: Leech Seed
|move|p1a: Torkoal|Lava Plume|p2a: Electrode
|-supereffective|p2a: Electrode
|-damage|p2a: Electrode|13/100
|-status|p2a: Electrode|brn
|
|-weather|SunnyDay|[upkeep]
|-heal|p2a: Electrode|19/100 brn|[from] item: Leftovers
|-damage|p1a: Torkoal|88/100|[from] Leech Seed|[of] p2a: Electrode
|-heal|p2a: Electrode|32/100 brn|[silent]
|-damage|p2a: Electrode|26/100 brn|[from] brn
|turn|2
|
|move|p2a: Electrode|Substitute|p2a: Electrode
|-start|p2a: Electrode|Substitute
|-damage|p2a: Electrode|1/100 brn
|move|p1a: Torkoal|Rapid Spin|p2a: Electrode
|-activate|p2a: Electrode|move: Substitute|[damage]
|-end|p1a: Torkoal|Leech Seed|[from] move: Rapid Spin|[of] p1a: Torkoal
|-boost|p1a: Torkoal|spe|1
|
|-weather|SunnyDay|[upkeep]
|-heal|p2a: Electrode|8/100 brn|[from] item: Leftovers
|-damage|p2a: Electrode|1/100 brn|[from] brn
|turn|3
|
|move|p2a: Electrode|Volt Switch|p1a: Torkoal
|-damage|p1a: Torkoal|62/100
|
|switch|p2a: Skeledirge|Skeledirge, F|100/100|[from] Volt Switch
|move|p1a: Torkoal|Stealth Rock|p2a: Skeledirge
|-sidestart|p2: AhaKingler|move: Stealth Rock
|
|-weather|SunnyDay|[upkeep]
|turn|4
|
|switch|p1a: Great Tusk|Great Tusk|100/100
|-activate|p1a: Great Tusk|ability: Protosynthesis
|-start|p1a: Great Tusk|protosynthesisatk
|move|p2a: Skeledirge|Torch Song|p1a: Great Tusk
|-damage|p1a: Great Tusk|31/100
|-boost|p2a: Skeledirge|spa|1
|
|-weather|SunnyDay|[upkeep]
|-heal|p1a: Great Tusk|38/100|[from] item: Leftovers
|turn|5
|
|-end|p1a: Great Tusk|Protosynthesis|[silent]
|switch|p1a: Armarouge|Armarouge, M|100/100
|switch|p2a: Electrode|Electrode-Hisui|1/100 brn
|-damage|p2a: Electrode|0 fnt|[from] Stealth Rock
|faint|p2a: Electrode
|
|-weather|SunnyDay|[upkeep]
|
|switch|p2a: Kleavor|Kleavor, F|100/100
|-damage|p2a: Kleavor|76/100|[from] Stealth Rock
|turn|6
|
|switch|p1a: Great Tusk|Great Tusk|38/100
|-activate|p1a: Great Tusk|ability: Protosynthesis
|-start|p1a: Great Tusk|protosynthesisatk
|move|p2a: Kleavor|Defog|p1a: Great Tusk
|-unboost|p1a: Great Tusk|evasion|1
|-sideend|p2: AhaKingler|Stealth Rock|[from] move: Defog|[of] p2a: Kleavor
|
|-weather|SunnyDay|[upkeep]
|-heal|p1a: Great Tusk|44/100|[from] item: Leftovers
|turn|7
|
|switch|p2a: Enamorus|Enamorus, F|100/100
|move|p1a: Great Tusk|Headlong Rush|p2a: Enamorus
|-immune|p2a: Enamorus
|
|-weather|SunnyDay|[upkeep]
|-heal|p1a: Great Tusk|50/100|[from] item: Leftovers
|turn|8
|
|-end|p1a: Great Tusk|Protosynthesis|[silent]
|switch|p1a: Armarouge|Armarouge, M|100/100
|move|p2a: Enamorus|Superpower|p1a: Armarouge
|-resisted|p1a: Armarouge
|-crit|p1a: Armarouge
|-damage|p1a: Armarouge|77/100
|-boost|p2a: Enamorus|atk|1
|-boost|p2a: Enamorus|def|1
|
|-weather|none
|turn|9
|
|move|p1a: Armarouge|Armor Cannon|p2a: Enamorus
|-damage|p2a: Enamorus|61/100
|-unboost|p1a: Armarouge|def|1
|-unboost|p1a: Armarouge|spd|1
|move|p2a: Enamorus|Superpower|p1a: Armarouge
|-resisted|p1a: Armarouge
|-damage|p1a: Armarouge|37/100
|-boost|p2a: Enamorus|atk|1
|-boost|p2a: Enamorus|def|1
|
|turn|10
|
|move|p1a: Armarouge|Destiny Bond|p1a: Armarouge
|-singlemove|p1a: Armarouge|Destiny Bond
|move|p2a: Enamorus|Superpower|p1a: Armarouge
|-resisted|p1a: Armarouge
|-crit|p1a: Armarouge
|-damage|p1a: Armarouge|0 fnt
|-boost|p2a: Enamorus|atk|1
|-boost|p2a: Enamorus|def|1
|faint|p1a: Armarouge
|-activate|p1a: Armarouge|move: Destiny Bond
|faint|p2a: Enamorus
|
|
|switch|p1a: Torkoal|Torkoal, F|62/100
|switch|p2a: Kleavor|Kleavor, F|76/100
|-weather|SunnyDay|[from] ability: Drought|[of] p1a: Torkoal
|turn|11
|
|move|p2a: Kleavor|Stone Axe|p1a: Torkoal
|-supereffective|p1a: Torkoal
|-damage|p1a: Torkoal|3/100
|-sidestart|p1: TrainerCyan1|move: Stealth Rock
|move|p1a: Torkoal|Lava Plume|p2a: Kleavor
|-damage|p2a: Kleavor|18/100
|
|-weather|SunnyDay|[upkeep]
|turn|12
|
|move|p2a: Kleavor|Stone Axe|p1a: Torkoal
|-supereffective|p1a: Torkoal
|-damage|p1a: Torkoal|0 fnt
|faint|p1a: Torkoal
|
|-weather|SunnyDay|[upkeep]
|
|switch|p1a: Lilligant|Lilligant-Hisui, F|100/100
|turn|13
|
|move|p1a: Lilligant|Sleep Powder|p2a: Kleavor
|-status|p2a: Kleavor|slp|[from] move: Sleep Powder
|cant|p2a: Kleavor|slp
|
|-weather|SunnyDay|[upkeep]
|turn|14
|
|move|p1a: Lilligant|Leaf Blade|p2a: Kleavor
|-damage|p2a: Kleavor|0 fnt
|faint|p2a: Kleavor
|
|-weather|SunnyDay|[upkeep]
|
|switch|p2a: Skeledirge|Skeledirge, F|100/100
|turn|15
|
|move|p1a: Lilligant|Sleep Powder|p2a: Skeledirge
|-status|p2a: Skeledirge|slp|[from] move: Sleep Powder
|cant|p2a: Skeledirge|slp
|
|-weather|SunnyDay|[upkeep]
|turn|16
|
|switch|p1a: Great Tusk|Great Tusk|50/100
|-damage|p1a: Great Tusk|47/100|[from] Stealth Rock
|-activate|p1a: Great Tusk|ability: Protosynthesis
|-start|p1a: Great Tusk|protosynthesisatk
|cant|p2a: Skeledirge|slp
|
|-weather|SunnyDay|[upkeep]
|-heal|p1a: Great Tusk|53/100|[from] item: Leftovers
|turn|17
|
|-terastallize|p2a: Skeledirge|Grass
|move|p1a: Great Tusk|Headlong Rush|p2a: Skeledirge
|-resisted|p2a: Skeledirge
|-damage|p2a: Skeledirge|69/100 slp
|-unboost|p1a: Great Tusk|def|1
|-unboost|p1a: Great Tusk|spd|1
|-curestatus|p2a: Skeledirge|slp|[msg]
|move|p2a: Skeledirge|Will-O-Wisp|p1a: Great Tusk
|-status|p1a: Great Tusk|brn
|
|-weather|SunnyDay|[upkeep]
|-heal|p1a: Great Tusk|60/100 brn|[from] item: Leftovers
|-heal|p2a: Skeledirge|75/100|[from] item: Leftovers
|-damage|p1a: Great Tusk|53/100 brn|[from] brn
|turn|18
|
|move|p1a: Great Tusk|Rapid Spin|p2a: Skeledirge
|-damage|p2a: Skeledirge|67/100
|-boost|p1a: Great Tusk|spe|1
|-sideend|p1: TrainerCyan1|Stealth Rock|[from] move: Rapid Spin|[of] p1a: Great Tusk
|move|p2a: Skeledirge|Torch Song|p1a: Great Tusk
|-damage|p1a: Great Tusk|0 fnt
|-boost|p2a: Skeledirge|spa|1
|faint|p1a: Great Tusk
|-end|p1a: Great Tusk|Protosynthesis|[silent]
|
|-weather|none
|-heal|p2a: Skeledirge|73/100|[from] item: Leftovers
|
|switch|p1a: Lilligant|Lilligant-Hisui, F|100/100
|turn|19
|
|move|p1a: Lilligant|Ice Spinner|p2a: Skeledirge
|-supereffective|p2a: Skeledirge
|-damage|p2a: Skeledirge|33/100
|move|p2a: Skeledirge|Torch Song|p1a: Lilligant
|-supereffective|p1a: Lilligant
|-damage|p1a: Lilligant|0 fnt
|-boost|p2a: Skeledirge|spa|1
|faint|p1a: Lilligant
|
|-heal|p2a: Skeledirge|39/100|[from] item: Leftovers
|
|switch|p1a: Breloom|Breloom, M|100/100
|turn|20
|
|move|p1a: Breloom|Close Combat|p2a: Skeledirge
|-damage|p2a: Skeledirge|3/100
|-unboost|p1a: Breloom|def|1
|-unboost|p1a: Breloom|spd|1
|move|p2a: Skeledirge|Torch Song|p1a: Breloom
|-supereffective|p1a: Breloom
|-damage|p1a: Breloom|0 fnt
|-boost|p2a: Skeledirge|spa|1
|faint|p1a: Breloom
|
|-heal|p2a: Skeledirge|9/100|[from] item: Leftovers
|
|switch|p1a: Kingambit|Kingambit, F|100/100
|-activate|p1a: Kingambit|ability: Supreme Overlord
|-start|p1a: Kingambit|fallen5|[silent]
|turn|21
|
|-terastallize|p1a: Kingambit|Dark
|move|p1a: Kingambit|Kowtow Cleave|p2a: Skeledirge
|-damage|p2a: Skeledirge|0 fnt
|faint|p2a: Skeledirge
|
|
|switch|p2a: Muk|Muk-Alola, M|100/100
|turn|22
|
|move|p1a: Kingambit|Swords Dance|p1a: Kingambit
|-boost|p1a: Kingambit|atk|2
|move|p2a: Muk|Knock Off|p1a: Kingambit
|-resisted|p1a: Kingambit
|-damage|p1a: Kingambit|81/100
|-enditem|p1a: Kingambit|Quick Claw|[from] move: Knock Off|[of] p2a: Muk
|
|turn|23
|
|move|p1a: Kingambit|Iron Head|p2a: Muk
|-damage|p2a: Muk|0 fnt
|faint|p2a: Muk
|
|
|switch|p2a: Delphox|Delphox, M|100/100
|turn|24
|
|move|p1a: Kingambit|Sucker Punch|p2a: Delphox
|-supereffective|p2a: Delphox
|-enditem|p2a: Delphox|Focus Sash
|-damage|p2a: Delphox|1/100
|move|p2a: Delphox|Fire Blast|p1a: Kingambit
|-damage|p1a: Kingambit|12/100
|
|turn|25
|
|move|p1a: Kingambit|Sucker Punch||[still]
|-fail|p1a: Kingambit
|move|p2a: Delphox|Trick Room|p2a: Delphox
|-fieldstart|move: Trick Room|[of] p2a: Delphox
|
|turn|26
|
|move|p1a: Kingambit|Sucker Punch||[still]
|-fail|p1a: Kingambit
|move|p2a: Delphox|Trick Room|p2a: Delphox
|-fieldend|move: Trick Room
|
|turn|27
|
|move|p1a: Kingambit|Kowtow Cleave|p2a: Delphox
|-supereffective|p2a: Delphox
|-damage|p2a: Delphox|0 fnt
|faint|p2a: Delphox
|
|win|TrainerCyan1
