|poke|p1|Kleavor, F|
|poke|p1|Pelipper, F|
|poke|p1|Basculegion, M|
|poke|p1|Iron Treads|
|poke|p1|Rabsca, F|
|poke|p1|Dragonite, M|
|poke|p2|Dragapult, F|
|poke|p2|Iron Treads|
|poke|p2|Slowking, M|
|poke|p2|Magearna|
|poke|p2|Urshifu-*, M|
|poke|p2|Thundurus-Therian, M|
|teampreview
|
|start
|switch|p1a: Kleavor|Kleavor, F|100/100
|switch|p2a: AeroSmith|Dragapult, F, shiny|100/100
|turn|1
|
|move|p2a: AeroSmith|Will-O-Wisp|p1a: Kleavor
|-status|p1a: Kleavor|brn
|move|p1a: Kleavor|Night Slash|p2a: AeroSmith
|-supereffective|p2a: AeroSmith
|-damage|p2a: AeroSmith|57/100
|
|-damage|p1a: Kleavor|94/100 brn|[from] brn
|turn|2
|
|move|p2a: AeroSmith|Reflect|p2a: AeroSmith
|-sidestart|p2: TomoTaco69|Reflect
|move|p1a: Kleavor|Night Slash|p2a: AeroSmith
|-supereffective|p2a: AeroSmith
|-damage|p2a: AeroSmith|37/100
|
|-damage|p1a: Kleavor|88/100 brn|[from] brn
|turn|3
|
|move|p2a: AeroSmith|Hex|p1a: Kleavor
|-damage|p1a: Kleavor|8/100 brn
|move|p1a: Kleavor|Stone Axe|p2a: AeroSmith
|-damage|p2a: AeroSmith|22/100
|-sidestart|p2: TomoTaco69|move: Stealth Rock
|
|-damage|p1a: Kleavor|2/100 brn|[from] brn
|turn|4
|
|move|p2a: AeroSmith|Hex|p1a: Kleavor
|-damage|p1a: Kleavor|0 fnt
|faint|p1a: Kleavor
|
|
|switch|p1a: Rabsca|Rabsca, F|100/100
|turn|5
|
|switch|p2a: Iron Maiden|Magearna|100/100
|-damage|p2a: Iron Maiden|94/100|[from] Stealth Rock
|move|p1a: Rabsca|Trick Room|p1a: Rabsca
|-fieldstart|move: Trick Room|[of] p1a: Rabsca
|
|-heal|p2a: Iron Maiden|100/100|[from] item: Leftovers
|turn|6
|
|switch|p1a: Iron Treads|Iron Treads|100/100
|move|p2a: Iron Maiden|Calm Mind|p2a: Iron Maiden
|-boost|p2a: Iron Maiden|spa|1
|-boost|p2a: Iron Maiden|spd|1
|
|turn|7
|
|-terastallize|p1a: Iron Treads|Ground
|move|p2a: Iron Maiden|Calm Mind|p2a: Iron Maiden
|-boost|p2a: Iron Maiden|spa|1
|-boost|p2a: Iron Maiden|spd|1
|move|p1a: Iron Treads|Earthquake|p2a: Iron Maiden
|-supereffective|p2a: Iron Maiden
|-damage|p2a: Iron Maiden|59/100
|
|-heal|p2a: Iron Maiden|65/100|[from] item: Leftovers
|turn|8
|
|move|p2a: Iron Maiden|Draining Kiss|p1a: Iron Treads
|-damage|p1a: Iron Treads|60/100
|-heal|p2a: Iron Maiden|92/100|[from] drain|[of] p1a: Iron Treads
|move|p1a: Iron Treads|Earthquake|p2a: Iron Maiden
|-supereffective|p2a: Iron Maiden
|-damage|p2a: Iron Maiden|49/100
|
|-heal|p2a: Iron Maiden|55/100|[from] item: Leftovers
|turn|9
|
|move|p2a: Iron Maiden|Draining Kiss|p1a: Iron Treads
|-damage|p1a: Iron Treads|18/100
|-heal|p2a: Iron Maiden|83/100|[from] drain|[of] p1a: Iron Treads
|move|p1a: Iron Treads|Earthquake|p2a: Iron Maiden
|-supereffective|p2a: Iron Maiden
|-damage|p2a: Iron Maiden|42/100
|
|-heal|p2a: Iron Maiden|48/100|[from] item: Leftovers
|-sideend|p2: TomoTaco69|Reflect
|-fieldend|move: Trick Room
|turn|10
|
|switch|p2a: Stalemate|Slowking, M|100/100
|move|p1a: Iron Treads|Earthquake|p2a: Stalemate
|-damage|p2a: Stalemate|51/100
|
|turn|11
|
|move|p1a: Iron Treads|Earthquake|p2a: Stalemate
|-damage|p2a: Stalemate|0 fnt
|faint|p2a: Stalemate
|
|
|switch|p2a: LowTierGod|Thundurus-Therian, M|100/100
|-damage|p2a: LowTierGod|75/100|[from] Stealth Rock
|turn|12
|
|-terastallize|p2a: LowTierGod|Ice
|move|p2a: LowTierGod|Tera Blast|p1a: Iron Treads
|-supereffective|p1a: Iron Treads
|-damage|p1a: Iron Treads|0 fnt
|faint|p1a: Iron Treads
|-end|p1a: Iron Treads|Quark Drive|[silent]
|
|
|switch|p1a: Rabsca|Rabsca, F|100/100
|turn|13
|
|switch|p2a: AeroSmith|Dragapult, F, shiny|22/100
|-damage|p2a: AeroSmith|9/100|[from] Stealth Rock
|move|p1a: Rabsca|Trick Room|p1a: Rabsca
|-fieldstart|move: Trick Room|[of] p1a: Rabsca
|
|turn|14
|
|move|p1a: Rabsca|Dazzling Gleam|p2a: AeroSmith
|-supereffective|p2a: AeroSmith
|-damage|p2a: AeroSmith|0 fnt
|faint|p2a: AeroSmith
|
|
|switch|p2a: Steel Ball Run|Iron Treads|100/100
|-damage|p2a: Steel Ball Run|98/100|[from] Stealth Rock
|turn|15
|
|move|p1a: Rabsca|Revival Blessing|p1a: Rabsca
|
|-heal|p1: Iron Treads|50/100|[from] move: Revival Blessing
|move|p2a: Steel Ball Run|Knock Off|p1a: Rabsca
|-supereffective|p1a: Rabsca
|-damage|p1a: Rabsca|43/100
|-enditem|p1a: Rabsca|Focus Sash|[from] move: Knock Off|[of] p2a: Steel Ball Run
|
|-heal|p2a: Steel Ball Run|100/100|[from] item: Leftovers
|turn|16
|
|move|p1a: Rabsca|Memento|p2a: Steel Ball Run
|-unboost|p2a: Steel Ball Run|atk|2
|-unboost|p2a: Steel Ball Run|spa|2
|faint|p1a: Rabsca
|move|p2a: Steel Ball Run|Rapid Spin|p1: Rabsca|[notarget]
|-fail|p2a: Steel Ball Run
|
|
|switch|p1a: Pelipper|Pelipper, F|100/100
|-weather|RainDance|[from] ability: Drizzle|[of] p1a: Pelipper
|turn|17
|
|move|p1a: Pelipper|Hydro Pump|p2a: Steel Ball Run
|-supereffective|p2a: Steel Ball Run
|-damage|p2a: Steel Ball Run|15/100
|move|p2a: Steel Ball Run|Volt Switch|p1a: Pelipper
|-supereffective|p1a: Pelipper
|-damage|p1a: Pelipper|70/100
|
|-end|p2a: Steel Ball Run|Quark Drive|[silent]
|switch|p2a: Kung Fu Panda|Urshifu-Rapid-Strike, M|100/100|[from] Volt Switch
|-damage|p2a: Kung Fu Panda|94/100|[from] Stealth Rock
|
|-weather|RainDance|[upkeep]
|-fieldend|move: Trick Room
|turn|18
|
|move|p2a: Kung Fu Panda|Surging Strikes|p1a: Pelipper
|-resisted|p1a: Pelipper
|-crit|p1a: Pelipper
|-damage|p1a: Pelipper|57/100
|-resisted|p1a: Pelipper
|-crit|p1a: Pelipper
|-damage|p1a: Pelipper|44/100
|-resisted|p1a: Pelipper
|-crit|p1a: Pelipper
|-damage|p1a: Pelipper|32/100
|-hitcount|p1a: Pelipper|3
|move|p1a: Pelipper|Hurricane|p2a: Kung Fu Panda
|-supereffective|p2a: Kung Fu Panda
|-damage|p2a: Kung Fu Panda|0 fnt
|faint|p2a: Kung Fu Panda
|
|-weather|RainDance|[upkeep]
|
|switch|p2a: LowTierGod|Thundurus-Therian, M, tera:Ice|75/100
|-damage|p2a: LowTierGod|50/100|[from] Stealth Rock
|turn|19
|
|move|p2a: LowTierGod|Tera Blast|p1a: Pelipper
|-damage|p1a: Pelipper|0 fnt
|faint|p1a: Pelipper
|
|-weather|RainDance|[upkeep]
|
|switch|p1a: Basculegion|Basculegion, M|100/100
|turn|20
|
|switch|p2a: Steel Ball Run|Iron Treads|15/100
|-damage|p2a: Steel Ball Run|13/100|[from] Stealth Rock
|move|p1a: Basculegion|Wave Crash|p2a: Steel Ball Run
|-supereffective|p2a: Steel Ball Run
|-damage|p2a: Steel Ball Run|0 fnt
|faint|p2a: Steel Ball Run
|-end|p2a: Steel Ball Run|Quark Drive|[silent]
|-damage|p1a: Basculegion|97/100|[from] Recoil
|
|-weather|RainDance|[upkeep]
|
|switch|p2a: Iron Maiden|Magearna|48/100
|-damage|p2a: Iron Maiden|42/100|[from] Stealth Rock
|turn|21
|-message|TomoTaco69 forfeited.
|
|win|L34D3R M1STY
