|poke|p1|Sneasler, F|
|poke|p1|Arcanine-Hisui, F|
|poke|p1|Walking Wake|
|poke|p1|Electrode-Hisui|
|poke|p1|Enamorus, F|
|poke|p1|Ursaluna, F|
|poke|p2|Heatran, F|
|poke|p2|Zamazenta-*|
|poke|p2|Meowscarada, F|
|poke|p2|Corviknight, M|
|poke|p2|Amoonguss, M|
|poke|p2|Dondozo, M|
|teampreview
|
|start
|switch|p1a: Enamorus|Enamorus, F|100/100
|switch|p2a: Heatran|Heatran, F|100/100
|-item|p2a: Heatran|Air Balloon
|turn|1
|
|move|p1a: Enamorus|Calm Mind|p1a: Enamorus
|-boost|p1a: Enamorus|spa|1
|-boost|p1a: Enamorus|spd|1
|move|p2a: Heatran|Magma Storm|p1a: Enamorus
|-damage|p1a: Enamorus|45/100
|-activate|p1a: Enamorus|move: Magma Storm|[of] p2a: Heatran
|
|-damage|p1a: Enamorus|33/100|[from] move: Magma Storm|[partiallytrapped]
|turn|2
|
|move|p1a: Enamorus|Moonblast|p2a: Heatran
|-resisted|p2a: Heatran
|-damage|p2a: Heatran|85/100
|-enditem|p2a: Heatran|Air Balloon
|move|p2a: Heatran|Taunt|p1a: Enamorus
|-start|p1a: Enamorus|move: Taunt
|
|-damage|p1a: Enamorus|20/100|[from] move: Magma Storm|[partiallytrapped]
|turn|3
|
|move|p1a: Enamorus|Earth Power|p2a: Heatran
|-supereffective|p2a: Heatran
|-damage|p2a: Heatran|0 fnt
|faint|p2a: Heatran
|
|-end|p1a: Enamorus|Magma Storm|[partiallytrapped]|[silent]
|
|switch|p2a: Meowscarada|Meowscarada, F|100/100
|turn|4
|
|move|p2a: Meowscarada|Knock Off|p1a: Enamorus
|-start|p2a: Meowscarada|typechange|Dark|[from] ability: Protean
|-resisted|p1a: Enamorus
|-damage|p1a: Enamorus|0 fnt
|-enditem|p1a: Enamorus|Covert Cloak|[from] move: Knock Off|[of] p2a: Meowscarada
|faint|p1a: Enamorus
|
|
|switch|p1a: Sneasler|Sneasler, F|100/100
|turn|5
|
|switch|p2a: Amoonguss|Amoonguss, M|100/100
|-terastallize|p1a: Sneasler|Flying
|move|p1a: Sneasler|Close Combat|p2a: Amoonguss
|-resisted|p2a: Amoonguss
|-damage|p2a: Amoonguss|66/100
|-unboost|p1a: Sneasler|def|1
|-unboost|p1a: Sneasler|spd|1
|-damage|p1a: Sneasler|84/100|[from] item: Rocky Helmet|[of] p2a: Amoonguss
|-enditem|p1a: Sneasler|White Herb
|-clearnegativeboost|p1a: Sneasler|[silent]
|
|turn|6
|
|move|p1a: Sneasler|Acrobatics|p2a: Amoonguss
|-supereffective|p2a: Amoonguss
|-damage|p2a: Amoonguss|0 fnt
|-damage|p1a: Sneasler|67/100|[from] item: Rocky Helmet|[of] p2a: Amoonguss
|faint|p2a: Amoonguss
|
|
|switch|p2a: Dondozo|Dondozo, M|100/100
|turn|7
|
|move|p1a: Sneasler|Dire Claw|p2a: Dondozo
|-damage|p2a: Dondozo|79/100
|move|p2a: Dondozo|Curse|p2a: Dondozo
|-unboost|p2a: Dondozo|spe|1
|-boost|p2a: Dondozo|atk|1
|-boost|p2a: Dondozo|def|1
|
|-heal|p2a: Dondozo|85/100|[from] item: Leftovers
|turn|8
|
|move|p1a: Sneasler|Dire Claw|p2a: Dondozo
|-damage|p2a: Dondozo|72/100
|-status|p2a: Dondozo|par
|move|p2a: Dondozo|Curse|p2a: Dondozo
|-unboost|p2a: Dondozo|spe|1
|-boost|p2a: Dondozo|atk|1
|-boost|p2a: Dondozo|def|1
|
|-heal|p2a: Dondozo|78/100 par|[from] item: Leftovers
|turn|9
|
|move|p1a: Sneasler|Acrobatics|p2a: Dondozo
|-damage|p2a: Dondozo|64/100 par
|move|p2a: Dondozo|Wave Crash|p1a: Sneasler
|-damage|p1a: Sneasler|0 fnt
|faint|p1a: Sneasler
|-damage|p2a: Dondozo|51/100 par|[from] Recoil
|
|-heal|p2a: Dondozo|57/100 par|[from] item: Leftovers
|
|switch|p1a: Electrode|Electrode-Hisui, shiny|100/100
|turn|10
|
|switch|p2a: Zamazenta|Zamazenta-Crowned|100/100
|-ability|p2a: Zamazenta|Dauntless Shield|boost
|-boost|p2a: Zamazenta|def|1
|move|p1a: Electrode|Thunderbolt|p2a: Zamazenta
|-damage|p2a: Zamazenta|80/100
|
|turn|11
|
|move|p1a: Electrode|Chloroblast|p2a: Zamazenta
|-resisted|p2a: Zamazenta
|-damage|p2a: Zamazenta|65/100
|-damage|p1a: Electrode|50/100|[from] chloroblast
|move|p2a: Zamazenta|Iron Defense|p2a: Zamazenta
|-boost|p2a: Zamazenta|def|2
|
|turn|12
|
|move|p1a: Electrode|Thunderbolt|p2a: Zamazenta
|-damage|p2a: Zamazenta|46/100
|-status|p2a: Zamazenta|par
|move|p2a: Zamazenta|Body Press|p1a: Electrode
|-damage|p1a: Electrode|0 fnt
|faint|p1a: Electrode
|
|
|switch|p1a: Ursaluna|Ursaluna, F, shiny|100/100
|turn|13
|
|move|p1a: Ursaluna|Protect|p1a: Ursaluna
|-singleturn|p1a: Ursaluna|Protect
|move|p2a: Zamazenta|Body Press|p1a: Ursaluna
|-activate|p1a: Ursaluna|move: Protect
|
|-status|p1a: Ursaluna|brn|[from] item: Flame Orb
|turn|14
|
|move|p2a: Zamazenta|Body Press|p1a: Ursaluna
|-supereffective|p1a: Ursaluna
|-crit|p1a: Ursaluna
|-damage|p1a: Ursaluna|0 fnt
|faint|p1a: Ursaluna
|
|
|switch|p1a: Walking Wake|Walking Wake|100/100
|turn|15
|
|move|p1a: Walking Wake|Flamethrower|p2a: Zamazenta
|-supereffective|p2a: Zamazenta
|-damage|p2a: Zamazenta|7/100 par
|-damage|p1a: Walking Wake|91/100|[from] item: Life Orb
|move|p2a: Zamazenta|Body Press|p1a: Walking Wake
|-damage|p1a: Walking Wake|0 fnt
|faint|p1a: Walking Wake
|-end|p1a: Walking Wake|Protosynthesis|[silent]
|
|
|switch|p1a: Arcanine|Arcanine-Hisui, F|100/100
|turn|16
|
|move|p1a: Arcanine|Flare Blitz|p2a: Zamazenta
|-supereffective|p2a: Zamazenta
|-damage|p2a: Zamazenta|0 fnt
|faint|p2a: Zamazenta
|
|
|switch|p2a: Dondozo|Dondozo, M|57/100 par
|turn|17
|
|move|p1a: Arcanine|Head Smash|p2a: Dondozo
|-damage|p2a: Dondozo|23/100 par
|cant|p2a: Dondozo|par
|
|-heal|p2a: Dondozo|29/100 par|[from] item: Leftovers
|turn|18
|
|switch|p2a: Corviknight|Corviknight, M|100/100
|-ability|p2a: Corviknight|Pressure
|move|p1a: Arcanine|Head Smash|p2a: Corviknight
|-damage|p2a: Corviknight|54/100
|
|-heal|p2a: Corviknight|61/100|[from] item: Leftovers
|turn|19
|
|move|p1a: Arcanine|Flare Blitz|p2a: Corviknight
|-supereffective|p2a: Corviknight
|-damage|p2a: Corviknight|0 fnt
|faint|p2a: Corviknight
|
|
|switch|p2a: Meowscarada|Meowscarada, F|100/100
|turn|20
|
|-terastallize|p2a: Meowscarada|Dark
|move|p2a: Meowscarada|Knock Off|p1a: Arcanine
|-damage|p1a: Arcanine|3/100
|-enditem|p1a: Arcanine|Leftovers|[from] move: Knock Off|[of] p2a: Meowscarada
|move|p1a: Arcanine|Flare Blitz|p2a: Meowscarada
|-damage|p2a: Meowscarada|0 fnt
|faint|p2a: Meowscarada
|
|
|switch|p2a: Dondozo|Dondozo, M|29/100 par
|turn|21
|
|move|p1a: Arcanine|Head Smash|p2a: Dondozo
|-damage|p2a: Dondozo|0 fnt
|faint|p2a: Dondozo
|
|win|Omnial
