|poke|p1|Samurott-Hisui, M|
|poke|p1|Dragapult, M|
|poke|p1|Sneasler, F|
|poke|p1|Magearna|
|poke|p1|Volcarona, M|
|poke|p1|Zamazenta-*|
|poke|p2|Samurott-Hisui, M|
|poke|p2|Typhlosion-Hisui, M|
|poke|p2|Sneasler, F|
|poke|p2|Slowking-Galar, M|
|poke|p2|Landorus-Therian, M|
|poke|p2|Decidueye-Hisui, M|
|teampreview
|
|start
|switch|p1a: Edgelord|Samurott-Hisui, M, shiny|100/100
|switch|p2a: Bane|Sneasler, F|100/100
|turn|1
|
|move|p2a: Bane|Fake Out|p1a: Edgelord
|-damage|p1a: Edgelord|84/100
|cant|p1a: Edgelord|flinch
|
|turn|2
|
|move|p2a: Bane|Close Combat|p1a: Edgelord
|-supereffective|p1a: Edgelord
|-damage|p1a: Edgelord|0 fnt
|-unboost|p2a: Bane|def|1
|-unboost|p2a: Bane|spd|1
|faint|p1a: Edgelord
|
|
|switch|p1a: KingMidas|Sneasler, F, shiny|100/100
|-item|p1a: KingMidas|Air Balloon
|turn|3
|
|switch|p2a: Lando Tusk|Landorus-Therian, M|100/100
|-ability|p2a: Lando Tusk|Intimidate|boost
|-unboost|p1a: KingMidas|atk|1
|move|p1a: KingMidas|Swords Dance|p1a: KingMidas
|-boost|p1a: KingMidas|atk|2
|
|turn|4
|
|move|p1a: KingMidas|Swords Dance|p1a: KingMidas
|-boost|p1a: KingMidas|atk|2
|move|p2a: Lando Tusk|Taunt|p1a: KingMidas
|-start|p1a: KingMidas|move: Taunt
|
|turn|5
|
|move|p1a: KingMidas|Dire Claw|p2a: Lando Tusk
|-resisted|p2a: Lando Tusk
|-damage|p2a: Lando Tusk|48/100
|move|p2a: Lando Tusk|U-turn|p1a: KingMidas
|-resisted|p1a: KingMidas
|-damage|p1a: KingMidas|92/100
|-enditem|p1a: KingMidas|Air Balloon
|
|switch|p2a: Broking|Slowking-Galar, M|100/100|[from] U-turn
|
|turn|6
|
|move|p1a: KingMidas|Acrobatics|p2a: Broking
|-damage|p2a: Broking|0 fnt
|faint|p2a: Broking
|
|
|switch|p2a: Bane|Sneasler, F|100/100
|turn|7
|
|move|p2a: Bane|Fake Out|p1a: KingMidas
|-damage|p1a: KingMidas|72/100
|cant|p1a: KingMidas|flinch
|
|-end|p1a: KingMidas|move: Taunt
|turn|8
|
|switch|p2a: Lando Tusk|Landorus-Therian, M|48/100
|-ability|p2a: Lando Tusk|Intimidate|boost
|-unboost|p1a: KingMidas|atk|1
|move|p1a: KingMidas|Acrobatics|p2a: Lando Tusk
|-damage|p2a: Lando Tusk|0 fnt
|faint|p2a: Lando Tusk
|
|
|switch|p2a: Bane|Sneasler, F|100/100
|turn|9
|
|move|p2a: Bane|Fake Out|p1a: KingMidas
|-damage|p1a: KingMidas|50/100
|cant|p1a: KingMidas|flinch
|
|turn|10
|
|move|p1a: KingMidas|Acrobatics|p2a: Bane
|-supereffective|p2a: Bane
|-damage|p2a: Bane|0 fnt
|faint|p2a: Bane
|
|
|switch|p2a: Ronin|Decidueye-Hisui, M|100/100
|turn|11
|
|-terastallize|p2a: Ronin|Water
|move|p1a: KingMidas|Acrobatics|p2a: Ronin
|-damage|p2a: Ronin|26/100
|move|p2a: Ronin|Triple Arrows|p1a: KingMidas
|-resisted|p1a: KingMidas
|-damage|p1a: KingMidas|22/100
|-unboost|p1a: KingMidas|def|1
|
|turn|12
|
|move|p1a: KingMidas|Dire Claw|p2a: Ronin
|-damage|p2a: Ronin|0 fnt
|faint|p2a: Ronin
|
|
|switch|p2a: Sephirott|Samurott-Hisui, M|100/100
|turn|13
|
|move|p2a: Sephirott|Sucker Punch|p1a: KingMidas
|-resisted|p1a: KingMidas
|-damage|p1a: KingMidas|0 fnt
|faint|p1a: KingMidas
|
|
|switch|p1a: Banned|Magearna|100/100
|turn|14
|
|switch|p2a: Youkai|Typhlosion-Hisui, M|100/100
|move|p1a: Banned|Calm Mind|p1a: Banned
|-boost|p1a: Banned|spa|1
|-boost|p1a: Banned|spd|1
|
|turn|15
|
|-terastallize|p1a: Banned|Water
|move|p2a: Youkai|Eruption|p1a: Banned
|-resisted|p1a: Banned
|-damage|p1a: Banned|68/100
|move|p1a: Banned|Calm Mind|p1a: Banned
|-boost|p1a: Banned|spa|1
|-boost|p1a: Banned|spd|1
|
|-heal|p1a: Banned|74/100|[from] item: Leftovers
|turn|16
|
|switch|p2a: Sephirott|Samurott-Hisui, M|100/100
|move|p1a: Banned|Draining Kiss|p2a: Sephirott
|-supereffective|p2a: Sephirott
|-damage|p2a: Sephirott|0 fnt
|-heal|p1a: Banned|100/100|[from] drain|[of] p2a: Sephirott
|faint|p2a: Sephirott
|-ability|p1a: Banned|Soul-Heart|boost
|-boost|p1a: Banned|spa|1
|
|-message|radiant_reploid forfeited.
|
|win|Allradarmons
