# advantage = p1
|poke|p1|Samurott-Hisui, F|
|poke|p1|Landorus-Therian, M|
|poke|p1|Magearna|
|poke|p1|Walking Wake|
|poke|p1|Clodsire, F|
|poke|p1|Corviknight, F|
|poke|p2|Zarude|
|poke|p2|Rillaboom, M|
|poke|p2|Arcanine-Hisui, M|
|poke|p2|Dragapult, M|
|poke|p2|Magearna|
|poke|p2|Chien-Pao|
|teampreview
|
|start
|switch|p1a: Samurott|Samurott-Hisui, F|100/100
|switch|p2a: Zarude|Zarude|100/100
|turn|1
|
|move|p1a: Samurott|X-Scissor|p2a: Zarude
|-supereffective|p2a: Zarude
|-damage|p2a: Zarude|0 fnt
|faint|p2a: Zarude
|
|
|switch|p2a: Rillaboom|Rillaboom, M|100/100
|-fieldstart|move: Grassy Terrain|[from] ability: Grassy Surge|[of] p2a: Rillaboom
|turn|2
|
|move|p1a: Samurott|X-Scissor|p2a: Rillaboom
|-supereffective|p2a: Rillaboom
|-damage|p2a: Rillaboom|55/100
|move|p2a: Rillaboom|Wood Hammer|p1a: Samurott
|-supereffective|p1a: Samurott
|-damage|p1a: Samurott|0 fnt
|faint|p1a: Samurott
|-damage|p2a: Rillaboom|29/100|[from] Recoil
|
|-heal|p2a: Rillaboom|35/100|[from] Grassy Terrain
|
|switch|p1a: Magearna|Magearna|100/100
|turn|3
|
|move|p1a: Magearna|Shift Gear|p1a: Magearna
|-boost|p1a: Magearna|spe|2
|-boost|p1a: Magearna|atk|1
|move|p2a: Rillaboom|Knock Off|p1a: Magearna
|-resisted|p1a: Magearna
|-damage|p1a: Magearna|86/100
|-enditem|p1a: Magearna|Life Orb|[from] move: Knock Off|[of] p2a: Rillaboom
|
|-heal|p1a: Magearna|92/100|[from] Grassy Terrain
|-heal|p2a: Rillaboom|42/100|[from] Grassy Terrain
|turn|4
|
|move|p1a: Magearna|Shift Gear|p1a: Magearna
|-boost|p1a: Magearna|spe|2
|-boost|p1a: Magearna|atk|1
|move|p2a: Rillaboom|U-turn|p1a: Magearna
|-resisted|p1a: Magearna
|-damage|p1a: Magearna|88/100
|
|switch|p2a: Arcanine|Arcanine-Hisui, M|100/100|[from] U-turn
|
|-heal|p1a: Magearna|94/100|[from] Grassy Terrain
|turn|5
|
|-terastallize|p1a: Magearna|Ground
|move|p1a: Magearna|Tera Blast|p2a: Arcanine
|-supereffective|p2a: Arcanine
|-damage|p2a: Arcanine|0 fnt
|faint|p2a: Arcanine
|-ability|p1a: Magearna|Soul-Heart|boost
|-boost|p1a: Magearna|spa|1
|
|-heal|p1a: Magearna|99/100|[from] Grassy Terrain
|
|switch|p2a: Chien-Pao|Chien-Pao|100/100
|-ability|p2a: Chien-Pao|Sword of Ruin
|turn|6
|
|move|p1a: Magearna|Iron Head|p2a: Chien-Pao
|-supereffective|p2a: Chien-Pao
|-damage|p2a: Chien-Pao|0 fnt
|faint|p2a: Chien-Pao
|-ability|p1a: Magearna|Soul-Heart|boost
|-boost|p1a: Magearna|spa|1
|
|-heal|p1a: Magearna|100/100|[from] Grassy Terrain
|-message|p2 forfeited.
|
|win|p1
