|poke|p1|Zamazenta-*|
|poke|p1|Scream Tail|
|poke|p1|Dondozo, M|
|poke|p1|Clodsire, F|
|poke|p1|Kingambit, M|
|poke|p1|Talonflame, F|
|poke|p2|Landorus-Therian, M|
|poke|p2|Heatran, M|
|poke|p2|Basculegion, M|
|poke|p2|Chesnaught, M|
|poke|p2|Magearna|
|poke|p2|Chien-Pao|
|teampreview
|
|start
|switch|p1a: Scream Tail|Scream Tail|100/100
|switch|p2a: Heatran|Heatran, M|100/100
|turn|1
|
|move|p1a: Scream Tail|Wish|p1a: Scream Tail
|move|p2a: Heatran|Magma Storm|p1a: Scream Tail
|-damage|p1a: Scream Tail|72/100
|-activate|p1a: Scream Tail|move: Magma Storm|[of] p2a: Heatran
|
|-heal|p1a: Scream Tail|78/100|[from] item: Leftovers
|-damage|p1a: Scream Tail|66/100|[from] move: Magma Storm|[partiallytrapped]
|turn|2
|
|move|p1a: Scream Tail|Encore|p2a: Heatran
|-start|p2a: Heatran|Encore
|move|p2a: Heatran|Magma Storm|p1a: Scream Tail|[miss]
|-miss|p2a: Heatran|p1a: Scream Tail
|
|-heal|p1a: Scream Tail|100/100|[from] move: Wish|[wisher] Scream Tail
|-damage|p1a: Scream Tail|88/100|[from] move: Magma Storm|[partiallytrapped]
|turn|3
|
|switch|p2a: Landorus|Landorus-Therian, M|100/100
|-ability|p2a: Landorus|Intimidate|boost
|-unboost|p1a: Scream Tail|atk|1
|move|p1a: Scream Tail|Wish|p1a: Scream Tail
|
|-heal|p1a: Scream Tail|94/100|[from] item: Leftovers
|-end|p1a: Scream Tail|Magma Storm|[partiallytrapped]|[silent]
|turn|4
|
|-end|p1a: Scream Tail|Protosynthesis|[silent]
|switch|p1a: Talonflame|Talonflame, F|100/100
|move|p2a: Landorus|Earthquake|p1a: Talonflame
|-immune|p1a: Talonflame
|
|turn|5
|
|move|p1a: Talonflame|Will-O-Wisp|p2a: Landorus
|-status|p2a: Landorus|brn
|move|p2a: Landorus|Stone Edge|p1a: Talonflame
|-supereffective|p1a: Talonflame
|-damage|p1a: Talonflame|32/100
|
|-damage|p2a: Landorus|94/100 brn|[from] brn
|turn|6
|
|switch|p1a: Scream Tail|Scream Tail|94/100
|move|p2a: Landorus|Earthquake|p1a: Scream Tail
|-damage|p1a: Scream Tail|73/100
|
|-heal|p1a: Scream Tail|79/100|[from] item: Leftovers
|-damage|p2a: Landorus|88/100 brn|[from] brn
|turn|7
|
|move|p1a: Scream Tail|Wish|p1a: Scream Tail
|move|p2a: Landorus|U-turn|p1a: Scream Tail
|-damage|p1a: Scream Tail|68/100
|
|switch|p2a: Chien-Pao|Chien-Pao|100/100|[from] U-turn
|-ability|p2a: Chien-Pao|Sword of Ruin
|
|-heal|p1a: Scream Tail|75/100|[from] item: Leftovers
|turn|8
|
|-end|p1a: Scream Tail|Protosynthesis|[silent]
|switch|p1a: Zamazenta|Zamazenta-Crowned|100/100
|-ability|p1a: Zamazenta|Dauntless Shield|boost
|-boost|p1a: Zamazenta|def|1
|move|p2a: Chien-Pao|Crunch|p1a: Zamazenta
|-resisted|p1a: Zamazenta
|-damage|p1a: Zamazenta|89/100
|
|-heal|p1a: Zamazenta|100/100|[from] move: Wish|[wisher] Scream Tail
|turn|9
|
|switch|p2a: Chesnaught|Chesnaught, M|100/100
|move|p1a: Zamazenta|Substitute|p1a: Zamazenta
|-start|p1a: Zamazenta|Substitute
|-damage|p1a: Zamazenta|76/100
|
|turn|10
|
|move|p1a: Zamazenta|Iron Defense|p1a: Zamazenta
|-boost|p1a: Zamazenta|def|2
|move|p2a: Chesnaught|Body Press|p1a: Zamazenta
|-supereffective|p1a: Zamazenta
|-activate|p1a: Zamazenta|move: Substitute|[damage]
|
|turn|11
|
|-terastallize|p2a: Chesnaught|Ghost
|move|p1a: Zamazenta|Body Press|p2a: Chesnaught
|-immune|p2a: Chesnaught
|move|p2a: Chesnaught|Body Press|p1a: Zamazenta
|-supereffective|p1a: Zamazenta
|-end|p1a: Zamazenta|Substitute
|
|turn|12
|
|switch|p1a: Talonflame|Talonflame, F|32/100
|move|p2a: Chesnaught|Body Press|p1a: Talonflame
|-resisted|p1a: Talonflame
|-damage|p1a: Talonflame|10/100
|
|turn|13
|
|switch|p2a: Basculegion|Basculegion, M|100/100
|move|p1a: Talonflame|Roost|p1a: Talonflame
|-heal|p1a: Talonflame|60/100
|-singleturn|p1a: Talonflame|move: Roost
|
|turn|14
|
|switch|p1a: Dondozo|Dondozo, M|100/100
|move|p2a: Basculegion|Phantom Force||[still]
|-prepare|p2a: Basculegion|Phantom Force
|
|turn|15
|
|move|p1a: Dondozo|Protect|p1a: Dondozo
|-singleturn|p1a: Dondozo|Protect
|move|p2a: Basculegion|Phantom Force|p1a: Dondozo|[from]lockedmove
|-activate|p1a: Dondozo|move: Phantom Force|[broken]
|-damage|p1a: Dondozo|45/100
|
|-heal|p1a: Dondozo|51/100|[from] item: Leftovers
|turn|16
|
|switch|p2a: Heatran|Heatran, M|100/100
|switch|p1a: Kingambit|Kingambit, M|100/100
|
|turn|17
|
|-end|p1a: Kingambit|fallenundefined|[silent]
|switch|p1a: Clodsire|Clodsire, F|100/100
|move|p2a: Heatran|Stealth Rock|p1a: Clodsire
|-sidestart|p1: p1|move: Stealth Rock
|
|turn|18
|
|move|p2a: Heatran|Magma Storm|p1a: Clodsire|[miss]
|-miss|p2a: Heatran|p1a: Clodsire
|move|p1a: Clodsire|Stealth Rock|p2a: Heatran
|-sidestart|p2: p2|move: Stealth Rock
|
|turn|19
|
|move|p2a: Heatran|Magma Storm|p1a: Clodsire
|-damage|p1a: Clodsire|78/100
|-activate|p1a: Clodsire|move: Magma Storm|[of] p2a: Heatran
|move|p1a: Clodsire|Earthquake|p2a: Heatran
|-supereffective|p2a: Heatran
|-damage|p2a: Heatran|12/100
|
|-heal|p2a: Heatran|18/100|[from] item: Leftovers
|-heal|p1a: Clodsire|84/100|[from] item: Leftovers
|-damage|p1a: Clodsire|71/100|[from] move: Magma Storm|[partiallytrapped]
|turn|20
|
|move|p2a: Heatran|Earth Power|p1a: Clodsire
|-supereffective|p1a: Clodsire
|-damage|p1a: Clodsire|41/100
|move|p1a: Clodsire|Recover|p1a: Clodsire
|-heal|p1a: Clodsire|91/100
|
|-heal|p2a: Heatran|25/100|[from] item: Leftovers
|-heal|p1a: Clodsire|97/100|[from] item: Leftovers
|-damage|p1a: Clodsire|85/100|[from] move: Magma Storm|[partiallytrapped]
|turn|21
|
|move|p2a: Heatran|Earth Power|p1a: Clodsire
|-supereffective|p1a: Clodsire
|-damage|p1a: Clodsire|59/100
|move|p1a: Clodsire|Earthquake|p2a: Heatran
|-supereffective|p2a: Heatran
|-damage|p2a: Heatran|0 fnt
|faint|p2a: Heatran
|
|-heal|p1a: Clodsire|65/100|[from] item: Leftovers
|-end|p1a: Clodsire|Magma Storm|[partiallytrapped]|[silent]
|
|switch|p2a: Chien-Pao|Chien-Pao|100/100
|-ability|p2a: Chien-Pao|Sword of Ruin
|turn|22
|
|switch|p1a: Talonflame|Talonflame, F|60/100
|move|p2a: Chien-Pao|Sacred Sword|p1a: Talonflame
|-resisted|p1a: Talonflame
|-damage|p1a: Talonflame|39/100
|
|turn|23
|
|move|p2a: Chien-Pao|Crunch|p1a: Talonflame
|-damage|p1a: Talonflame|0 fnt
|-status|p2a: Chien-Pao|brn|[from] ability: Flame Body|[of] p1a: Talonflame
|faint|p1a: Talonflame
|
|-damage|p2a: Chien-Pao|95/100 brn|[from] brn
|
|switch|p1a: Scream Tail|Scream Tail|75/100
|-damage|p1a: Scream Tail|62/100|[from] Stealth Rock
|turn|24
|
|move|p2a: Chien-Pao|Swords Dance|p2a: Chien-Pao
|-boost|p2a: Chien-Pao|atk|2
|move|p1a: Scream Tail|Wish|p1a: Scream Tail
|
|-heal|p1a: Scream Tail|68/100|[from] item: Leftovers
|-damage|p2a: Chien-Pao|89/100 brn|[from] brn
|turn|25
|
|-end|p1a: Scream Tail|Protosynthesis|[silent]
|switch|p1a: Dondozo|Dondozo, M|51/100
|-damage|p1a: Dondozo|39/100|[from] Stealth Rock
|move|p2a: Chien-Pao|Crunch|p1a: Dondozo
|-damage|p1a: Dondozo|24/100
|
|-heal|p1a: Dondozo|63/100|[from] move: Wish|[wisher] Scream Tail
|-heal|p1a: Dondozo|69/100|[from] item: Leftovers
|-damage|p2a: Chien-Pao|83/100 brn|[from] brn
|turn|26
|
|switch|p2a: Magearna|Magearna|100/100
|-damage|p2a: Magearna|94/100|[from] Stealth Rock
|move|p1a: Dondozo|Curse|p1a: Dondozo
|-unboost|p1a: Dondozo|spe|1
|-boost|p1a: Dondozo|atk|1
|-boost|p1a: Dondozo|def|1
|
|-heal|p1a: Dondozo|76/100|[from] item: Leftovers
|turn|27
|
|move|p2a: Magearna|Flash Cannon|p1a: Dondozo
|-resisted|p1a: Dondozo
|-damage|p1a: Dondozo|52/100
|move|p1a: Dondozo|Earthquake|p2a: Magearna
|-supereffective|p2a: Magearna
|-damage|p2a: Magearna|41/100
|
|-heal|p1a: Dondozo|59/100|[from] item: Leftovers
|turn|28
|
|switch|p2a: Landorus|Landorus-Therian, M|88/100 brn
|-damage|p2a: Landorus|76/100 brn|[from] Stealth Rock
|-ability|p2a: Landorus|Intimidate|boost
|-unboost|p1a: Dondozo|atk|1
|move|p1a: Dondozo|Earthquake|p2a: Landorus
|-immune|p2a: Landorus
|
|-heal|p1a: Dondozo|65/100|[from] item: Leftovers
|-damage|p2a: Landorus|70/100 brn|[from] brn
|turn|29
|
|move|p2a: Landorus|U-turn|p1a: Dondozo
|-damage|p1a: Dondozo|60/100
|
|switch|p2a: Chesnaught|Chesnaught, M, tera:Ghost|100/100|[from] U-turn
|-damage|p2a: Chesnaught|88/100|[from] Stealth Rock
|move|p1a: Dondozo|Curse|p1a: Dondozo
|-unboost|p1a: Dondozo|spe|1
|-boost|p1a: Dondozo|atk|1
|-boost|p1a: Dondozo|def|1
|
|-heal|p1a: Dondozo|66/100|[from] item: Leftovers
|turn|30
|
|move|p1a: Dondozo|Protect|p1a: Dondozo
|-singleturn|p1a: Dondozo|Protect
|move|p2a: Chesnaught|Leech Seed|p1a: Dondozo
|-activate|p1a: Dondozo|move: Protect
|
|-heal|p1a: Dondozo|72/100|[from] item: Leftovers
|turn|31
|
|move|p2a: Chesnaught|Body Press|p1a: Dondozo
|-damage|p1a: Dondozo|58/100
|move|p1a: Dondozo|Earthquake|p2a: Chesnaught
|-damage|p2a: Chesnaught|67/100
|
|-heal|p1a: Dondozo|65/100|[from] item: Leftovers
|turn|32
|
|move|p2a: Chesnaught|Spikes|p1a: Dondozo
|-sidestart|p1: p1|Spikes
|move|p1a: Dondozo|Earthquake|p2a: Chesnaught
|-damage|p2a: Chesnaught|46/100
|
|-heal|p1a: Dondozo|71/100|[from] item: Leftovers
|turn|33
|
|move|p2a: Chesnaught|Spikes|p1a: Dondozo
|-sidestart|p1: p1|Spikes
|move|p1a: Dondozo|Curse|p1a: Dondozo
|-unboost|p1a: Dondozo|spe|1
|-boost|p1a: Dondozo|atk|1
|-boost|p1a: Dondozo|def|1
|
|-heal|p1a: Dondozo|77/100|[from] item: Leftovers
|turn|34
|
|switch|p2a: Landorus|Landorus-Therian, M|70/100 brn
|-damage|p2a: Landorus|58/100 brn|[from] Stealth Rock
|-ability|p2a: Landorus|Intimidate|boost
|-unboost|p1a: Dondozo|atk|1
|move|p1a: Dondozo|Earthquake|p2a: Landorus
|-immune|p2a: Landorus
|
|-heal|p1a: Dondozo|83/100|[from] item: Leftovers
|-damage|p2a: Landorus|52/100 brn|[from] brn
|turn|35
|
|move|p2a: Landorus|U-turn|p1a: Dondozo
|-damage|p1a: Dondozo|80/100
|
|switch|p2a: Magearna|Magearna|41/100|[from] U-turn
|-damage|p2a: Magearna|34/100|[from] Stealth Rock
|move|p1a: Dondozo|Avalanche|p2a: Magearna
|-resisted|p2a: Magearna
|-damage|p2a: Magearna|25/100
|
|-heal|p1a: Dondozo|86/100|[from] item: Leftovers
|turn|36
|
|move|p2a: Magearna|Volt Switch|p1a: Dondozo
|-supereffective|p1a: Dondozo
|-damage|p1a: Dondozo|30/100
|
|switch|p2a: Landorus|Landorus-Therian, M|52/100 brn|[from] Volt Switch
|-damage|p2a: Landorus|39/100 brn|[from] Stealth Rock
|-ability|p2a: Landorus|Intimidate|boost
|-unboost|p1a: Dondozo|atk|1
|move|p1a: Dondozo|Curse|p1a: Dondozo
|-unboost|p1a: Dondozo|spe|1
|-boost|p1a: Dondozo|atk|1
|-boost|p1a: Dondozo|def|1
|
|-heal|p1a: Dondozo|36/100|[from] item: Leftovers
|-damage|p2a: Landorus|33/100 brn|[from] brn
|turn|37
|
|move|p1a: Dondozo|Protect|p1a: Dondozo
|-singleturn|p1a: Dondozo|Protect
|move|p2a: Landorus|U-turn|p1a: Dondozo
|-activate|p1a: Dondozo|move: Protect
|
|-heal|p1a: Dondozo|42/100|[from] item: Leftovers
|-damage|p2a: Landorus|27/100 brn|[from] brn
|turn|38
|
|move|p2a: Landorus|U-turn|p1a: Dondozo
|-damage|p1a: Dondozo|40/100
|
|switch|p2a: Chien-Pao|Chien-Pao|83/100 brn|[from] U-turn
|-ability|p2a: Chien-Pao|Sword of Ruin
|move|p1a: Dondozo|Earthquake|p2a: Chien-Pao
|-damage|p2a: Chien-Pao|32/100 brn
|
|-heal|p1a: Dondozo|46/100|[from] item: Leftovers
|-damage|p2a: Chien-Pao|26/100 brn|[from] brn
|turn|39
|
|switch|p2a: Magearna|Magearna|25/100
|-damage|p2a: Magearna|19/100|[from] Stealth Rock
|move|p1a: Dondozo|Curse|p1a: Dondozo
|-unboost|p1a: Dondozo|spe|1
|-boost|p1a: Dondozo|atk|1
|-boost|p1a: Dondozo|def|1
|
|-heal|p1a: Dondozo|52/100|[from] item: Leftovers
|turn|40
|
|move|p1a: Dondozo|Protect|p1a: Dondozo
|-singleturn|p1a: Dondozo|Protect
|move|p2a: Magearna|Volt Switch|p1a: Dondozo
|-activate|p1a: Dondozo|move: Protect
|
|-heal|p1a: Dondozo|58/100|[from] item: Leftovers
|turn|41
|
|move|p2a: Magearna|Volt Switch|p1a: Dondozo
|-supereffective|p1a: Dondozo
|-damage|p1a: Dondozo|6/100
|
|switch|p2a: Chien-Pao|Chien-Pao|26/100 brn|[from] Volt Switch
|-ability|p2a: Chien-Pao|Sword of Ruin
|move|p1a: Dondozo|Avalanche|p2a: Chien-Pao
|-resisted|p2a: Chien-Pao
|-damage|p2a: Chien-Pao|7/100 brn
|
|-heal|p1a: Dondozo|12/100|[from] item: Leftovers
|-damage|p2a: Chien-Pao|1/100 brn|[from] brn
|turn|42
|
|move|p1a: Dondozo|Protect|p1a: Dondozo
|-singleturn|p1a: Dondozo|Protect
|move|p2a: Chien-Pao|Crunch|p1a: Dondozo
|-activate|p1a: Dondozo|move: Protect
|
|-heal|p1a: Dondozo|18/100|[from] item: Leftovers
|-damage|p2a: Chien-Pao|0 fnt|[from] brn
|faint|p2a: Chien-Pao
|
|switch|p2a: Magearna|Magearna|19/100
|-damage|p2a: Magearna|13/100|[from] Stealth Rock
|turn|43
|
|move|p2a: Magearna|Fleur Cannon|p1a: Dondozo
|-damage|p1a: Dondozo|0 fnt
|-unboost|p2a: Magearna|spa|2
|faint|p1a: Dondozo
|-ability|p2a: Magearna|Soul-Heart|boost
|-boost|p2a: Magearna|spa|1
|
|
|switch|p1a: Zamazenta|Zamazenta-Crowned|76/100
|-damage|p1a: Zamazenta|73/100|[from] Stealth Rock
|-damage|p1a: Zamazenta|56/100|[from] Spikes
|turn|44
|
|move|p1a: Zamazenta|Body Press|p2a: Magearna
|-damage|p2a: Magearna|0 fnt
|faint|p2a: Magearna
|
|
|switch|p2a: Chesnaught|Chesnaught, M, tera:Ghost|46/100
|-damage|p2a: Chesnaught|34/100|[from] Stealth Rock
|turn|45
|
|-terastallize|p1a: Zamazenta|Fighting
|move|p1a: Zamazenta|Substitute|p1a: Zamazenta
|-start|p1a: Zamazenta|Substitute
|-damage|p1a: Zamazenta|31/100
|move|p2a: Chesnaught|Leech Seed|p1a: Zamazenta|[miss]
|-miss|p2a: Chesnaught|p1a: Zamazenta
|
|turn|46
|
|move|p1a: Zamazenta|Crunch|p2a: Chesnaught
|-supereffective|p2a: Chesnaught
|-damage|p2a: Chesnaught|9/100
|-damage|p1a: Zamazenta|15/100|[from] item: Rocky Helmet|[of] p2a: Chesnaught
|move|p2a: Chesnaught|Body Press|p1a: Zamazenta
|-end|p1a: Zamazenta|Substitute
|
|turn|47
|
|move|p1a: Zamazenta|Crunch|p2a: Chesnaught
|-supereffective|p2a: Chesnaught
|-crit|p2a: Chesnaught
|-damage|p2a: Chesnaught|0 fnt
|-damage|p1a: Zamazenta|0 fnt|[from] item: Rocky Helmet|[of] p2a: Chesnaught
|faint|p2a: Chesnaught
|faint|p1a: Zamazenta
|
|
|switch|p1a: Scream Tail|Scream Tail|68/100
|switch|p2a: Basculegion|Basculegion, M|100/100
|-damage|p1a: Scream Tail|56/100|[from] Stealth Rock
|-damage|p1a: Scream Tail|39/100|[from] Spikes
|-damage|p2a: Basculegion|88/100|[from] Stealth Rock
|turn|48
|
|move|p1a: Scream Tail|Protect|p1a: Scream Tail
|-singleturn|p1a: Scream Tail|Protect
|move|p2a: Basculegion|Wave Crash|p1a: Scream Tail
|-activate|p1a: Scream Tail|move: Protect
|
|-heal|p1a: Scream Tail|46/100|[from] item: Leftovers
|turn|49
|
|switch|p2a: Landorus|Landorus-Therian, M|27/100 brn
|-damage|p2a: Landorus|15/100 brn|[from] Stealth Rock
|-ability|p2a: Landorus|Intimidate|boost
|-unboost|p1a: Scream Tail|atk|1
|move|p1a: Scream Tail|Wish|p1a: Scream Tail
|
|-heal|p1a: Scream Tail|52/100|[from] item: Leftovers
|-damage|p2a: Landorus|9/100 brn|[from] brn
|turn|50
|
|-end|p1a: Scream Tail|Protosynthesis|[silent]
|switch|p1a: Kingambit|Kingambit, M|100/100
|-damage|p1a: Kingambit|94/100|[from] Stealth Rock
|-damage|p1a: Kingambit|78/100|[from] Spikes
|-activate|p1a: Kingambit|ability: Supreme Overlord
|-start|p1a: Kingambit|fallen3|[silent]
|move|p2a: Landorus|Earthquake|p1a: Kingambit
|-supereffective|p1a: Kingambit
|-damage|p1a: Kingambit|39/100
|
|-heal|p1a: Kingambit|89/100|[from] move: Wish|[wisher] Scream Tail
|-heal|p1a: Kingambit|95/100|[from] item: Leftovers
|-damage|p2a: Landorus|3/100 brn|[from] brn
|turn|51
|
|-end|p1a: Kingambit|fallen3|[silent]
|switch|p1a: Scream Tail|Scream Tail|52/100
|-damage|p1a: Scream Tail|39/100|[from] Stealth Rock
|-damage|p1a: Scream Tail|23/100|[from] Spikes
|move|p2a: Landorus|Earthquake|p1a: Scream Tail
|-damage|p1a: Scream Tail|0 fnt
|faint|p1a: Scream Tail
|-end|p1a: Scream Tail|Protosynthesis|[silent]
|
|-damage|p2a: Landorus|0 fnt|[from] brn
|faint|p2a: Landorus
|
|switch|p1a: Clodsire|Clodsire, F|65/100
|switch|p2a: Basculegion|Basculegion, M|88/100
|-damage|p2a: Basculegion|76/100|[from] Stealth Rock
|-damage|p1a: Clodsire|59/100|[from] Stealth Rock
|-damage|p1a: Clodsire|42/100|[from] Spikes
|turn|52
|
|move|p2a: Basculegion|Wave Crash|p1a: Clodsire
|-supereffective|p1a: Clodsire
|-damage|p1a: Clodsire|0 fnt
|faint|p1a: Clodsire
|-damage|p2a: Basculegion|59/100|[from] Recoil
|
|
|switch|p1a: Kingambit|Kingambit, M|95/100
|-damage|p1a: Kingambit|89/100|[from] Stealth Rock
|-damage|p1a: Kingambit|72/100|[from] Spikes
|-activate|p1a: Kingambit|ability: Supreme Overlord
|-start|p1a: Kingambit|fallen5|[silent]
|turn|53
|
|move|p1a: Kingambit|Sucker Punch|p2a: Basculegion
|-supereffective|p2a: Basculegion
|-damage|p2a: Basculegion|0 fnt
|faint|p2a: Basculegion
|
|win|p1
