|poke|p1|Clodsire, M|
|poke|p1|Landorus-Therian, M|
|poke|p1|Magearna|
|poke|p1|Grimmsnarl, M|
|poke|p1|Cyclizar, M|
|poke|p1|Braviary-Hisui, M|
|poke|p2|Garchomp, F|
|poke|p2|Magearna|
|poke|p2|Zapdos|
|poke|p2|Sneasler, M|
|poke|p2|Zamazenta-*|
|poke|p2|Chien-Pao|
|teampreview
|
|start
|switch|p1a: Grimmsnarl|Grimmsnarl, M|100/100
|switch|p2a: Chien-Pao|Chien-Pao|100/100
|-ability|p2a: Chien-Pao|Sword of Ruin
|turn|1
|
|move|p2a: Chien-Pao|Ice Spinner|p1a: Grimmsnarl
|-damage|p1a: Grimmsnarl|0 fnt
|faint|p1a: Grimmsnarl
|
|
|switch|p1a: Magearna|Magearna|100/100
|turn|2
|
|switch|p2a: Zapdos|Zapdos|100/100
|move|p1a: Magearna|Shift Gear|p1a: Magearna
|-boost|p1a: Magearna|spe|2
|-boost|p1a: Magearna|atk|1
|
|turn|3
|
|move|p1a: Magearna|Calm Mind|p1a: Magearna
|-boost|p1a: Magearna|spa|1
|-boost|p1a: Magearna|spd|1
|move|p2a: Zapdos|Thunder Wave|p1a: Magearna|[miss]
|-miss|p2a: Zapdos|p1a: Magearna
|
|turn|4
|
|switch|p1a: Clodsire|Clodsire, M|100/100
|move|p2a: Zapdos|Thunder Wave|p1a: Clodsire
|-immune|p1a: Clodsire
|
|turn|5
|
|switch|p2a: Chien-Pao|Chien-Pao|100/100
|-ability|p2a: Chien-Pao|Sword of Ruin
|move|p1a: Clodsire|Toxic|p2a: Chien-Pao
|-status|p2a: Chien-Pao|tox
|
|-damage|p2a: Chien-Pao|95/100 tox|[from] psn
|turn|6
|
|switch|p1a: Landorus|Landorus-Therian, M|100/100
|-ability|p1a: Landorus|Intimidate|boost
|-unboost|p2a: Chien-Pao|atk|1
|-terastallize|p2a: Chien-Pao|Dark
|move|p2a: Chien-Pao|Crunch|p1a: Landorus
|-damage|p1a: Landorus|13/100
|
|-damage|p2a: Chien-Pao|83/100 tox|[from] psn
|turn|7
|
|switch|p1a: Magearna|Magearna|100/100
|switch|p2a: Garchomp|Garchomp, F|100/100
|
|turn|8
|
|-terastallize|p1a: Magearna|Fairy
|move|p2a: Garchomp|Earthquake|p1a: Magearna
|-damage|p1a: Magearna|66/100
|move|p1a: Magearna|Shift Gear|p1a: Magearna
|-boost|p1a: Magearna|spe|2
|-boost|p1a: Magearna|atk|1
|
|-heal|p1a: Magearna|72/100|[from] item: Leftovers
|turn|9
|
|move|p2a: Garchomp|Earthquake|p1a: Magearna
|-damage|p1a: Magearna|40/100
|move|p1a: Magearna|Calm Mind|p1a: Magearna
|-boost|p1a: Magearna|spa|1
|-boost|p1a: Magearna|spd|1
|
|-heal|p1a: Magearna|46/100|[from] item: Leftovers
|turn|10
|
|move|p2a: Garchomp|Earthquake|p1a: Magearna
|-damage|p1a: Magearna|13/100
|move|p1a: Magearna|Draining Kiss|p2a: Garchomp
|-supereffective|p2a: Garchomp
|-damage|p2a: Garchomp|0 fnt
|-heal|p1a: Magearna|99/100|[from] drain|[of] p2a: Garchomp
|-damage|p1a: Magearna|88/100|[from] ability: Rough Skin|[of] p2a: Garchomp
|-damage|p1a: Magearna|71/100|[from] item: Rocky Helmet|[of] p2a: Garchomp
|faint|p2a: Garchomp
|-ability|p1a: Magearna|Soul-Heart|boost
|-boost|p1a: Magearna|spa|1
|
|-heal|p1a: Magearna|77/100|[from] item: Leftovers
|
|switch|p2a: Sneasler|Sneasler, M|100/100
|turn|11
|
|move|p2a: Sneasler|Gunk Shot|p1a: Magearna
|-supereffective|p1a: Magearna
|-damage|p1a: Magearna|0 fnt
|faint|p1a: Magearna
|
|
|switch|p1a: Landorus|Landorus-Therian, M|13/100
|-ability|p1a: Landorus|Intimidate|boost
|-unboost|p2a: Sneasler|atk|1
|turn|12
|
|move|p2a: Sneasler|Gunk Shot|p1a: Landorus
|-resisted|p1a: Landorus
|-damage|p1a: Landorus|0 fnt
|faint|p1a: Landorus
|
|
|switch|p1a: Clodsire|Clodsire, M|100/100
|turn|13
|
|switch|p2a: Chien-Pao|Chien-Pao, tera:Dark|83/100 tox
|-ability|p2a: Chien-Pao|Sword of Ruin
|move|p1a: Clodsire|Toxic|p2a: Chien-Pao
|-fail|p2a: Chien-Pao|tox
|
|-damage|p2a: Chien-Pao|77/100 tox|[from] psn
|turn|14
|
|switch|p1a: Cyclizar|Cyclizar, M|100/100
|move|p2a: Chien-Pao|Ice Spinner|p1a: Cyclizar
|-supereffective|p1a: Cyclizar
|-damage|p1a: Cyclizar|0 fnt
|faint|p1a: Cyclizar
|
|-damage|p2a: Chien-Pao|65/100 tox|[from] psn
|-message|PkScept forfeited.
|
|win|This December
