|poke|p1|Cinderace, M|
|poke|p1|Walking Wake|
|poke|p1|Great Tusk|
|poke|p1|Gholdengo|
|poke|p1|Dragonite, F|
|poke|p1|Torkoal, M|
|poke|p2|Kingambit, F|
|poke|p2|Great Tusk|
|poke|p2|Slowking, M|
|poke|p2|Iron Valiant|
|poke|p2|Dragonite, M|
|poke|p2|Gholdengo|
|teampreview
|
|start
|switch|p1a: Cinderace|Cinderace, M|100/100
|switch|p2a: Tuskuthy|Great Tusk, shiny|100/100
|turn|1
|
|move|p1a: Cinderace|U-turn|p2a: Tuskuthy
|-start|p1a: Cinderace|typechange|Bug|[from] ability: Libero
|-resisted|p2a: Tuskuthy
|-damage|p2a: Tuskuthy|92/100
|
|switch|p1a: Dragonite|Dragonite, F|100/100|[from] U-turn
|move|p2a: Tuskuthy|Earthquake|p1a: Dragonite
|-immune|p1a: Dragonite
|
|-heal|p2a: Tuskuthy|98/100|[from] item: Leftovers
|turn|2
|
|move|p1a: Dragonite|Dragon Dance|p1a: Dragonite
|-boost|p1a: Dragonite|atk|1
|-boost|p1a: Dragonite|spe|1
|move|p2a: Tuskuthy|Knock Off|p1a: Dragonite
|-damage|p1a: Dragonite|85/100
|-enditem|p1a: Dragonite|Heavy-Duty Boots|[from] move: Knock Off|[of] p2a: Tuskuthy
|
|-heal|p2a: Tuskuthy|100/100|[from] item: Leftovers
|turn|3
|
|-end|p2a: Tuskuthy|Protosynthesis|[silent]
|switch|p2a: Hail Joint|Slowking, M, shiny|100/100
|move|p1a: Dragonite|Earthquake|p2a: Hail Joint
|-damage|p2a: Hail Joint|41/100
|
|turn|4
|
|switch|p2a: Shenlong|Dragonite, M|100/100
|move|p1a: Dragonite|Earthquake|p2a: Shenlong
|-immune|p2a: Shenlong
|
|turn|5
|
|move|p1a: Dragonite|Extreme Speed|p2a: Shenlong
|-damage|p2a: Shenlong|79/100
|move|p2a: Shenlong|Dragon Dance|p2a: Shenlong
|-boost|p2a: Shenlong|atk|1
|-boost|p2a: Shenlong|spe|1
|
|turn|6
|
|move|p1a: Dragonite|Extreme Speed|p2a: Shenlong
|-damage|p2a: Shenlong|34/100
|move|p2a: Shenlong|Roost|p2a: Shenlong
|-heal|p2a: Shenlong|84/100
|-singleturn|p2a: Shenlong|move: Roost
|
|turn|7
|
|move|p1a: Dragonite|Extreme Speed|p2a: Shenlong
|-damage|p2a: Shenlong|36/100
|move|p2a: Shenlong|Dragon Dance|p2a: Shenlong
|-boost|p2a: Shenlong|atk|1
|-boost|p2a: Shenlong|spe|1
|
|turn|8
|
|move|p1a: Dragonite|Extreme Speed|p2a: Shenlong
|-damage|p2a: Shenlong|0 fnt
|faint|p2a: Shenlong
|
|
|switch|p2a: Mav's Joint|Iron Valiant, shiny|100/100
|-enditem|p2a: Mav's Joint|Booster Energy
|-activate|p2a: Mav's Joint|ability: Quark Drive|[fromitem]
|-start|p2a: Mav's Joint|quarkdrivespe
|turn|9
|
|move|p2a: Mav's Joint|Moonblast|p1a: Dragonite
|-supereffective|p1a: Dragonite
|-damage|p1a: Dragonite|0 fnt
|faint|p1a: Dragonite
|
|
|switch|p1a: Gholdengo|Gholdengo|100/100
|turn|10
|
|-terastallize|p2a: Mav's Joint|Dark
|move|p2a: Mav's Joint|Knock Off|p1a: Gholdengo
|-supereffective|p1a: Gholdengo
|-damage|p1a: Gholdengo|0 fnt
|-enditem|p1a: Gholdengo|Leftovers|[from] move: Knock Off|[of] p2a: Mav's Joint
|faint|p1a: Gholdengo
|
|
|switch|p1a: Torkoal|Torkoal, M|100/100
|-weather|SunnyDay|[from] ability: Drought|[of] p1a: Torkoal
|turn|11
|
|move|p2a: Mav's Joint|Knock Off|p1a: Torkoal
|-damage|p1a: Torkoal|70/100
|-enditem|p1a: Torkoal|Heat Rock|[from] move: Knock Off|[of] p2a: Mav's Joint
|move|p1a: Torkoal|Body Press|p2a: Mav's Joint
|-supereffective|p2a: Mav's Joint
|-damage|p2a: Mav's Joint|22/100
|
|-weather|SunnyDay|[upkeep]
|turn|12
|
|move|p2a: Mav's Joint|Close Combat|p1a: Torkoal
|-damage|p1a: Torkoal|32/100
|-unboost|p2a: Mav's Joint|def|1
|-unboost|p2a: Mav's Joint|spd|1
|move|p1a: Torkoal|Lava Plume|p2a: Mav's Joint
|-damage|p2a: Mav's Joint|0 fnt
|faint|p2a: Mav's Joint
|-end|p2a: Mav's Joint|Quark Drive|[silent]
|
|-weather|SunnyDay|[upkeep]
|
|switch|p2a: Hail Joint|Slowking, M, shiny|75/100
|turn|13
|
|switch|p1a: Cinderace|Cinderace, M|100/100
|move|p2a: Hail Joint|Chilly Reception|p2a: Hail Joint
|-weather|Snow
|
|switch|p2a: Tuskuthy|Great Tusk, shiny|100/100|[from] Chilly Reception
|
|-weather|Snow|[upkeep]
|turn|14
|
|move|p1a: Cinderace|U-turn|p2a: Tuskuthy
|-start|p1a: Cinderace|typechange|Bug|[from] ability: Libero
|-resisted|p2a: Tuskuthy
|-damage|p2a: Tuskuthy|92/100
|
|switch|p1a: Great Tusk|Great Tusk|100/100|[from] U-turn
|move|p2a: Tuskuthy|Knock Off|p1a: Great Tusk
|-resisted|p1a: Great Tusk
|-damage|p1a: Great Tusk|90/100
|-enditem|p1a: Great Tusk|Eject Pack|[from] move: Knock Off|[of] p2a: Tuskuthy
|
|-weather|Snow|[upkeep]
|-heal|p2a: Tuskuthy|99/100|[from] item: Leftovers
|turn|15
|
|move|p1a: Great Tusk|Knock Off|p2a: Tuskuthy
|-resisted|p2a: Tuskuthy
|-damage|p2a: Tuskuthy|90/100
|-enditem|p2a: Tuskuthy|Leftovers|[from] move: Knock Off|[of] p1a: Great Tusk
|move|p2a: Tuskuthy|Earthquake|p1a: Great Tusk
|-damage|p1a: Great Tusk|57/100
|
|-weather|Snow|[upkeep]
|turn|16
|
|-end|p1a: Great Tusk|Protosynthesis|[silent]
|switch|p1a: Torkoal|Torkoal, M|32/100
|-weather|SunnyDay|[from] ability: Drought|[of] p1a: Torkoal
|-activate|p2a: Tuskuthy|ability: Protosynthesis
|-start|p2a: Tuskuthy|protosynthesisdef
|move|p2a: Tuskuthy|Stealth Rock|p1a: Torkoal
|-sidestart|p1: p1|move: Stealth Rock
|
|-weather|SunnyDay|[upkeep]
|turn|17
|
|move|p2a: Tuskuthy|Earthquake|p1a: Torkoal
|-supereffective|p1a: Torkoal
|-damage|p1a: Torkoal|0 fnt
|faint|p1a: Torkoal
|
|-weather|SunnyDay|[upkeep]
|
|switch|p1a: Walking Wake|Walking Wake|100/100
|-damage|p1a: Walking Wake|88/100|[from] Stealth Rock
|-activate|p1a: Walking Wake|ability: Protosynthesis
|-start|p1a: Walking Wake|protosynthesisspe
|turn|18
|
|move|p1a: Walking Wake|Dragon Pulse|p2a: Tuskuthy
|-damage|p2a: Tuskuthy|6/100
|move|p2a: Tuskuthy|Knock Off|p1a: Walking Wake
|-damage|p1a: Walking Wake|56/100
|-enditem|p1a: Walking Wake|Choice Specs|[from] move: Knock Off|[of] p2a: Tuskuthy
|
|-weather|SunnyDay|[upkeep]
|turn|19
|
|-end|p2a: Tuskuthy|Protosynthesis|[silent]
|switch|p2a: Gholdengo|Gholdengo|100/100
|move|p1a: Walking Wake|Flamethrower|p2a: Gholdengo
|-supereffective|p2a: Gholdengo
|-damage|p2a: Gholdengo|48/100
|
|-weather|SunnyDay|[upkeep]
|turn|20
|
|move|p1a: Walking Wake|Flamethrower|p2a: Gholdengo
|-supereffective|p2a: Gholdengo
|-damage|p2a: Gholdengo|0 fnt
|faint|p2a: Gholdengo
|
|-weather|none
|-end|p1a: Walking Wake|Protosynthesis
|
|switch|p2a: Hail Joint|Slowking, M, shiny|100/100
|turn|21
|
|-end|p1a: Walking Wake|Protosynthesis|[silent]
|switch|p1a: Great Tusk|Great Tusk|57/100
|-damage|p1a: Great Tusk|54/100|[from] Stealth Rock
|move|p2a: Hail Joint|Future Sight|p1a: Great Tusk
|-start|p2a: Hail Joint|move: Future Sight
|
|turn|22
|
|move|p1a: Great Tusk|Knock Off|p2a: Hail Joint
|-supereffective|p2a: Hail Joint
|-damage|p2a: Hail Joint|25/100
|-enditem|p2a: Hail Joint|Heavy-Duty Boots|[from] move: Knock Off|[of] p1a: Great Tusk
|move|p2a: Hail Joint|Surf|p1a: Great Tusk
|-supereffective|p1a: Great Tusk
|-damage|p1a: Great Tusk|0 fnt
|faint|p1a: Great Tusk
|-end|p1a: Great Tusk|Protosynthesis|[silent]
|
|
|switch|p1a: Cinderace|Cinderace, M|100/100
|-damage|p1a: Cinderace|76/100|[from] Stealth Rock
|turn|23
|
|switch|p2a: Tuskuthy|Great Tusk, shiny|6/100
|move|p1a: Cinderace|U-turn|p2a: Tuskuthy
|-start|p1a: Cinderace|typechange|Bug|[from] ability: Libero
|-resisted|p2a: Tuskuthy
|-damage|p2a: Tuskuthy|0 fnt
|faint|p2a: Tuskuthy
|-end|p2a: Tuskuthy|Protosynthesis|[silent]
|
|switch|p1a: Walking Wake|Walking Wake|56/100|[from] U-turn
|-damage|p1a: Walking Wake|44/100|[from] Stealth Rock
|
|-end|p1a: Walking Wake|move: Future Sight
|-damage|p1a: Walking Wake|0 fnt
|faint|p1a: Walking Wake
|-end|p1a: Walking Wake|Protosynthesis|[silent]
|
|switch|p1a: Cinderace|Cinderace, M|76/100
|switch|p2a: Hail Joint|Slowking, M, shiny|59/100
|-damage|p1a: Cinderace|51/100|[from] Stealth Rock
|turn|24
|
|move|p1a: Cinderace|U-turn|p2a: Hail Joint
|-start|p1a: Cinderace|typechange|Bug|[from] ability: Libero
|-supereffective|p2a: Hail Joint
|-damage|p2a: Hail Joint|0 fnt
|faint|p2a: Hail Joint
|
|
|switch|p2a: Erebus|Kingambit, F, shiny|100/100
|-activate|p2a: Erebus|ability: Supreme Overlord
|-start|p2a: Erebus|fallen5|[silent]
|turn|25
|
|move|p2a: Erebus|Sucker Punch|p1a: Cinderace
|-damage|p1a: Cinderace|0 fnt
|faint|p1a: Cinderace
|
|win|p2
