# advantage = p1
|poke|p1|Samurott-Hisui, F|
|poke|p1|Dragapult, F|
|poke|p1|Sneasler, M|
|poke|p1|Magearna|
|poke|p1|Volcarona, F|
|poke|p1|Zamazenta-*|
|poke|p2|Samurott-Hisui, M|
|poke|p2|Dragapult, M|
|poke|p2|Magearna|
|poke|p2|Volcarona, M|
|poke|p2|Chien-Pao|
|poke|p2|Iron Leaves|
|teampreview
|
|start
|switch|p1a: Samurott|Samurott-Hisui, F, shiny|100/100
|switch|p2a: Dragapult|Dragapult, M|100/100
|turn|1
|
|move|p2a: Dragapult|U-turn|p1a: Samurott
|-supereffective|p1a: Samurott
|-damage|p1a: Samurott|49/100
|
|switch|p2a: Magearna|Magearna|100/100|[from] U-turn
|move|p1a: Samurott|Ceaseless Edge|p2a: Magearna
|-resisted|p2a: Magearna
|-damage|p2a: Magearna|83/100
|-sidestart|p2: p2|Spikes
|
|-heal|p2a: Magearna|89/100|[from] item: Leftovers
|turn|2
|
|move|p1a: Samurott|Ceaseless Edge|p2a: Magearna
|-resisted|p2a: Magearna
|-damage|p2a: Magearna|72/100
|-sidestart|p2: p2|Spikes
|move|p2a: Magearna|Draining Kiss|p1a: Samurott
|-supereffective|p1a: Samurott
|-damage|p1a: Samurott|0 fnt
|-heal|p2a: Magearna|100/100|[from] drain|[of] p1a: Samurott
|faint|p1a: Samurott
|-ability|p2a: Magearna|Soul-Heart|boost
|-boost|p2a: Magearna|spa|1
|
|
|switch|p1a: Dragapult|Dragapult, F|100/100
|turn|3
|
|switch|p2a: Dragapult|Dragapult, M|100/100
|-damage|p2a: Dragapult|84/100|[from] Spikes
|move|p1a: Dragapult|Light Screen|p1a: Dragapult
|-sidestart|p1: p1|move: Light Screen
|
|turn|4
|
|move|p2a: Dragapult|Light Screen|p2a: Dragapult
|-sidestart|p2: p2|move: Light Screen
|move|p1a: Dragapult|Reflect|p1a: Dragapult
|-sidestart|p1: p1|Reflect
|
|turn|5
|
|move|p1a: Dragapult|U-turn|p2a: Dragapult
|-resisted|p2a: Dragapult
|-damage|p2a: Dragapult|73/100
|
|switch|p1a: Volcarona|Volcarona, F, shiny|100/100|[from] U-turn
|move|p2a: Dragapult|Reflect|p2a: Dragapult
|-sidestart|p2: p2|Reflect
|
|turn|6
|
|move|p2a: Dragapult|Curse|p1a: Volcarona
|-start|p1a: Volcarona|Curse|[of] p2a: Dragapult
|-damage|p2a: Dragapult|23/100
|move|p1a: Volcarona|Quiver Dance|p1a: Volcarona
|-boost|p1a: Volcarona|spa|1
|-boost|p1a: Volcarona|spd|1
|-boost|p1a: Volcarona|spe|1
|
|-damage|p1a: Volcarona|76/100|[from] Curse
|turn|7
|
|move|p1a: Volcarona|Quiver Dance|p1a: Volcarona
|-boost|p1a: Volcarona|spa|1
|-boost|p1a: Volcarona|spd|1
|-boost|p1a: Volcarona|spe|1
|move|p2a: Dragapult|U-turn|p1a: Volcarona
|-resisted|p1a: Volcarona
|-damage|p1a: Volcarona|69/100
|
|switch|p2a: Volcarona|Volcarona, M|100/100|[from] U-turn
|
|-damage|p1a: Volcarona|44/100|[from] Curse
|turn|8
|
|move|p1a: Volcarona|Fiery Dance|p2a: Volcarona
|-damage|p2a: Volcarona|56/100
|move|p2a: Volcarona|Quiver Dance|p2a: Volcarona
|-boost|p2a: Volcarona|spa|1
|-boost|p2a: Volcarona|spd|1
|-boost|p2a: Volcarona|spe|1
|
|-damage|p1a: Volcarona|19/100|[from] Curse
|turn|9
|
|move|p1a: Volcarona|Fiery Dance|p2a: Volcarona
|-damage|p2a: Volcarona|27/100
|move|p2a: Volcarona|Quiver Dance|p2a: Volcarona
|-boost|p2a: Volcarona|spa|1
|-boost|p2a: Volcarona|spd|1
|-boost|p2a: Volcarona|spe|1
|
|-damage|p1a: Volcarona|0 fnt|[from] Curse
|faint|p1a: Volcarona
|
|switch|p1a: Zamazenta|Zamazenta-Crowned, shiny|100/100
|-ability|p1a: Zamazenta|Dauntless Shield|boost
|-boost|p1a: Zamazenta|def|1
|turn|10
|
|-terastallize|p1a: Zamazenta|Fire
|move|p2a: Volcarona|Fiery Dance|p1a: Zamazenta
|-resisted|p1a: Zamazenta
|-damage|p1a: Zamazenta|84/100
|move|p1a: Zamazenta|Body Press|p2a: Volcarona
|-resisted|p2a: Volcarona
|-damage|p2a: Volcarona|0 fnt
|faint|p2a: Volcarona
|
|-sideend|p1: p1|move: Light Screen
|
|switch|p2a: Magearna|Magearna|100/100
|-damage|p2a: Magearna|84/100|[from] Spikes
|turn|11
|
|-terastallize|p2a: Magearna|Water
|move|p1a: Zamazenta|Iron Defense|p1a: Zamazenta
|-boost|p1a: Zamazenta|def|2
|move|p2a: Magearna|Iron Defense|p2a: Magearna
|-boost|p2a: Magearna|def|2
|
|-heal|p2a: Magearna|90/100|[from] item: Leftovers
|-sideend|p1: p1|Reflect
|-sideend|p2: p2|move: Light Screen
|turn|12
|
|move|p1a: Zamazenta|Iron Defense|p1a: Zamazenta
|-boost|p1a: Zamazenta|def|2
|move|p2a: Magearna|Iron Defense|p2a: Magearna
|-boost|p2a: Magearna|def|2
|
|-heal|p2a: Magearna|96/100|[from] item: Leftovers
|-sideend|p2: p2|Reflect
|turn|13
|
|move|p1a: Zamazenta|Body Press|p2a: Magearna
|-damage|p2a: Magearna|57/100
|move|p2a: Magearna|Calm Mind|p2a: Magearna
|-boost|p2a: Magearna|spa|1
|-boost|p2a: Magearna|spd|1
|
|-heal|p2a: Magearna|63/100|[from] item: Leftovers
|turn|14
|
|move|p1a: Zamazenta|Body Press|p2a: Magearna
|-damage|p2a: Magearna|22/100
|move|p2a: Magearna|Stored Power|p1a: Zamazenta
|-damage|p1a: Zamazenta|39/100
|
|-heal|p2a: Magearna|28/100|[from] item: Leftovers
|turn|15
|
|move|p1a: Zamazenta|Body Press|p2a: Magearna
|-crit|p2a: Magearna
|-damage|p2a: Magearna|0 fnt
|faint|p2a: Magearna
|
|
|switch|p2a: Samurott|Samurott-Hisui, M|100/100
|-damage|p2a: Samurott|84/100|[from] Spikes
|turn|16
|
|move|p1a: Zamazenta|Body Press|p2a: Samurott
|-supereffective|p2a: Samurott
|-damage|p2a: Samurott|0 fnt
|faint|p2a: Samurott
|
|
|switch|p2a: Iron Leaves|Iron Leaves|100/100
|-damage|p2a: Iron Leaves|84/100|[from] Spikes
|-enditem|p2a: Iron Leaves|Booster Energy
|-activate|p2a: Iron Leaves|ability: Quark Drive|[fromitem]
|-start|p2a: Iron Leaves|quarkdriveatk
|turn|17
|
|move|p1a: Zamazenta|Crunch|p2a: Iron Leaves
|-supereffective|p2a: Iron Leaves
|-damage|p2a: Iron Leaves|34/100
|-unboost|p2a: Iron Leaves|def|1
|move|p2a: Iron Leaves|Close Combat|p1a: Zamazenta
|-damage|p1a: Zamazenta|29/100
|-unboost|p2a: Iron Leaves|def|1
|-unboost|p2a: Iron Leaves|spd|1
|
|turn|18
|
|move|p1a: Zamazenta|Crunch|p2a: Iron Leaves
|-supereffective|p2a: Iron Leaves
|-damage|p2a: Iron Leaves|0 fnt
|faint|p2a: Iron Leaves
|-end|p2a: Iron Leaves|Quark Drive|[silent]
|
|
|switch|p2a: Chien-Pao|Chien-Pao|100/100
|-damage|p2a: Chien-Pao|84/100|[from] Spikes
|-ability|p2a: Chien-Pao|Sword of Ruin
|turn|19
|
|move|p2a: Chien-Pao|Sacred Sword|p1a: Zamazenta
|-damage|p1a: Zamazenta|0 fnt
|faint|p1a: Zamazenta
|
|
|switch|p1a: Dragapult|Dragapult, F|100/100
|turn|20
|
|switch|p2a: Dragapult|Dragapult, M|23/100
|-damage|p2a: Dragapult|7/100|[from] Spikes
|move|p1a: Dragapult|Reflect|p1a: Dragapult
|-sidestart|p1: p1|Reflect
|
|turn|21
|
|move|p2a: Dragapult|Reflect|p2a: Dragapult
|-sidestart|p2: p2|Reflect
|move|p1a: Dragapult|U-turn|p2a: Dragapult
|-resisted|p2a: Dragapult
|-damage|p2a: Dragapult|2/100
|
|switch|p1a: Magearna|Magearna|100/100|[from] U-turn
|
|turn|22
|
|move|p2a: Dragapult|U-turn|p1a: Magearna
|-resisted|p1a: Magearna
|-damage|p1a: Magearna|99/100
|
|switch|p2a: Chien-Pao|Chien-Pao|84/100|[from] U-turn
|-damage|p2a: Chien-Pao|67/100|[from] Spikes
|-ability|p2a: Chien-Pao|Sword of Ruin
|move|p1a: Magearna|Iron Defense|p1a: Magearna
|-boost|p1a: Magearna|def|2
|
|-heal|p1a: Magearna|100/100|[from] item: Leftovers
|turn|23
|
|move|p2a: Chien-Pao|Sacred Sword|p1a: Magearna
|-damage|p1a: Magearna|80/100
|move|p1a: Magearna|Draining Kiss|p2a: Chien-Pao
|-supereffective|p2a: Chien-Pao
|-damage|p2a: Chien-Pao|0 fnt
|-heal|p1a: Magearna|100/100|[from] drain|[of] p2a: Chien-Pao
|faint|p2a: Chien-Pao
|-ability|p1a: Magearna|Soul-Heart|boost
|-boost|p1a: Magearna|spa|1
|
|
|switch|p2a: Dragapult|Dragapult, M|2/100
|-damage|p2a: Dragapult|0 fnt|[from] Spikes
|faint|p2a: Dragapult
|
|win|p1
