|poke|p1|Urshifu-*, F|
|poke|p1|Enamorus, F|
|poke|p1|Zamazenta-*|
|poke|p1|Slowking-Galar, M|
|poke|p1|Iron Treads|
|poke|p1|Hatterene, F|
|poke|p2|Chien-Pao|
|poke|p2|Hatterene, F|
|poke|p2|Landorus-Therian, M|
|poke|p2|Dragapult, M|
|poke|p2|Samurott-Hisui, M|
|poke|p2|Corviknight, F|
|teampreview
|
|start
|switch|p1a: Enamorus Men|Enamorus, F|100/100
|switch|p2a: Hatterene|Hatterene, F|100/100
|turn|1
|
|-terastallize|p1a: Enamorus Men|Fairy
|move|p1a: Enamorus Men|Moonblast|p2a: Hatterene
|-damage|p2a: Hatterene|4/100
|move|p2a: Hatterene|Calm Mind|p2a: Hatterene
|-boost|p2a: Hatterene|spa|1
|-boost|p2a: Hatterene|spd|1
|
|-heal|p2a: Hatterene|10/100|[from] item: Leftovers
|turn|2
|
|move|p1a: Enamorus Men|Moonblast|p2a: Hatterene
|-damage|p2a: Hatterene|0 fnt
|faint|p2a: Hatterene
|
|
|switch|p2a: Corviknight|Corviknight, F|100/100
|-ability|p2a: Corviknight|Pressure
|turn|3
|
|move|p1a: Enamorus Men|Moonblast|p2a: Corviknight
|-resisted|p2a: Corviknight
|-damage|p2a: Corviknight|49/100
|-unboost|p2a: Corviknight|spa|1
|move|p2a: Corviknight|Iron Defense|p2a: Corviknight
|-boost|p2a: Corviknight|def|2
|
|turn|4
|
|move|p1a: Enamorus Men|Moonblast|p2a: Corviknight
|-resisted|p2a: Corviknight
|-damage|p2a: Corviknight|0 fnt
|faint|p2a: Corviknight
|
|
|switch|p2a: Landorus|Landorus-Therian, M|100/100
|-ability|p2a: Landorus|Intimidate|boost
|-boost|p1a: Enamorus Men|atk|1
|turn|5
|
|move|p1a: Enamorus Men|Moonblast|p2a: Landorus
|-damage|p2a: Landorus|0 fnt
|faint|p2a: Landorus
|
|
|switch|p2a: Samurott|Samurott-Hisui, M|100/100
|turn|6
|
|-terastallize|p2a: Samurott|Steel
|move|p1a: Enamorus Men|Moonblast|p2a: Samurott
|-resisted|p2a: Samurott
|-damage|p2a: Samurott|23/100
|-unboost|p2a: Samurott|spa|1
|move|p2a: Samurott|Aqua Cutter|p1a: Enamorus Men
|-damage|p1a: Enamorus Men|9/100
|-damage|p2a: Samurott|14/100|[from] item: Life Orb
|
|turn|7
|
|move|p2a: Samurott|Sucker Punch|p1a: Enamorus Men
|-resisted|p1a: Enamorus Men
|-damage|p1a: Enamorus Men|0 fnt
|faint|p1a: Enamorus Men
|-damage|p2a: Samurott|4/100|[from] item: Life Orb
|
|
|switch|p1a: Fairy Abuser|Iron Treads|100/100
|turn|8
|
|move|p1a: Fairy Abuser|Volt Switch|p2a: Samurott
|-damage|p2a: Samurott|0 fnt
|faint|p2a: Samurott
|
|-end|p1a: Fairy Abuser|Quark Drive|[silent]
|switch|p1a: ZamaGwappa|Zamazenta|100/100|[from] Volt Switch
|-ability|p1a: ZamaGwappa|Dauntless Shield|boost
|-boost|p1a: ZamaGwappa|def|1
|
|
|switch|p2a: Dragapult|Dragapult, M, shiny|100/100
|turn|9
|
|switch|p1a: Slowking|Slowking-Galar, M|100/100
|move|p2a: Dragapult|Shadow Ball|p1a: Slowking
|-supereffective|p1a: Slowking
|-damage|p1a: Slowking|38/100
|
|turn|10
|
|move|p2a: Dragapult|Shadow Ball|p1a: Slowking
|-supereffective|p1a: Slowking
|-damage|p1a: Slowking|0 fnt
|faint|p1a: Slowking
|
|
|switch|p1a: ZamaGwappa|Zamazenta|100/100
|turn|11
|
|move|p2a: Dragapult|Shadow Ball|p1a: ZamaGwappa
|-damage|p1a: ZamaGwappa|53/100
|-unboost|p1a: ZamaGwappa|spd|1
|move|p1a: ZamaGwappa|Crunch|p2a: Dragapult
|-supereffective|p2a: Dragapult
|-damage|p2a: Dragapult|0 fnt
|faint|p2a: Dragapult
|
|
|switch|p2a: Chien-Pao|Chien-Pao|100/100
|-ability|p2a: Chien-Pao|Sword of Ruin
|turn|12
|
|switch|p1a: Mrs.Hat|Hatterene, F|100/100
|move|p2a: Chien-Pao|Ice Spinner|p1a: Mrs.Hat
|-crit|p1a: Mrs.Hat
|-damage|p1a: Mrs.Hat|26/100
|-enditem|p1a: Mrs.Hat|Eject Button
|
|switch|p1a: ZamaGwappa|Zamazenta|53/100
|
|turn|13
|
|move|p1a: ZamaGwappa|Close Combat|p2a: Chien-Pao
|-supereffective|p2a: Chien-Pao
|-enditem|p2a: Chien-Pao|Focus Sash
|-damage|p2a: Chien-Pao|1/100
|-unboost|p1a: ZamaGwappa|def|1
|-unboost|p1a: ZamaGwappa|spd|1
|move|p2a: Chien-Pao|Ice Spinner|p1a: ZamaGwappa
|-damage|p1a: ZamaGwappa|0 fnt
|faint|p1a: ZamaGwappa
|
|
|switch|p1a: Muhammad Ali|Urshifu-Rapid-Strike, F|100/100
|turn|14
|
|move|p1a: Muhammad Ali|Aqua Jet|p2a: Chien-Pao
|-crit|p2a: Chien-Pao
|-damage|p2a: Chien-Pao|0 fnt
|faint|p2a: Chien-Pao
|
|win|Dinotea
