|poke|p1|Gastrodon-East, F|
|poke|p1|Hoopa-Unbound|
|poke|p1|Salamence, M|
|poke|p1|Sneasler, F|
|poke|p1|Meowscarada, M|
|poke|p1|Corviknight, F|
|poke|p2|Glimmora, M|
|poke|p2|Kingambit, M|
|poke|p2|Volcanion|
|poke|p2|Rillaboom, M|
|poke|p2|Azumarill, M|
|poke|p2|Meowscarada, M|
|teampreview
|
|start
|switch|p1a: Rodaknight|Corviknight, F|100/100
|switch|p2a: steam ERECTION !|Volcanion|100/100
|-ability|p1a: Rodaknight|Pressure
|turn|1
|
|move|p2a: steam ERECTION !|Flamethrower|p1a: Rodaknight
|-supereffective|p1a: Rodaknight
|-damage|p1a: Rodaknight|6/100
|move|p1a: Rodaknight|U-turn|p2a: steam ERECTION !
|-resisted|p2a: steam ERECTION !
|-damage|p2a: steam ERECTION !|94/100
|
|switch|p1a: Gastrodon|Gastrodon-East, F|100/100|[from] U-turn
|
|turn|2
|
|switch|p2a: MANKI|Rillaboom, M|100/100
|-fieldstart|move: Grassy Terrain|[from] ability: Grassy Surge|[of] p2a: MANKI
|move|p1a: Gastrodon|Ice Beam|p2a: MANKI
|-supereffective|p2a: MANKI
|-crit|p2a: MANKI
|-damage|p2a: MANKI|20/100
|
|-heal|p2a: MANKI|26/100|[from] Grassy Terrain
|turn|3
|
|switch|p1a: Rodaknight|Corviknight, F|6/100
|-ability|p1a: Rodaknight|Pressure
|move|p2a: MANKI|Wood Hammer|p1a: Rodaknight
|-resisted|p1a: Rodaknight
|-damage|p1a: Rodaknight|0 fnt
|faint|p1a: Rodaknight
|-damage|p2a: MANKI|24/100|[from] Recoil
|
|-heal|p2a: MANKI|30/100|[from] Grassy Terrain
|
|switch|p1a: Physical att|Salamence, M|100/100
|turn|4
|
|move|p1a: Physical att|Flamethrower|p2a: MANKI
|-supereffective|p2a: MANKI
|-damage|p2a: MANKI|0 fnt
|faint|p2a: MANKI
|-ability|p1a: Physical att|Moxie|boost
|-boost|p1a: Physical att|atk|1
|
|
|switch|p2a: I'm Lazy to make|Azumarill, M|100/100
|turn|5
|
|switch|p1a: Gastrodon|Gastrodon-East, F|100/100
|move|p2a: I'm Lazy to make|Perish Song|p2a: I'm Lazy to make
|-start|p1a: Gastrodon|perish3|[silent]
|-start|p2a: I'm Lazy to make|perish3|[silent]
|-fieldactivate|move: Perish Song
|
|-start|p2a: I'm Lazy to make|perish3
|-start|p1a: Gastrodon|perish3
|turn|6
|
|move|p2a: I'm Lazy to make|Perish Song||[still]
|-fail|p2a: I'm Lazy to make
|move|p1a: Gastrodon|Earth Power|p2a: I'm Lazy to make
|-damage|p2a: I'm Lazy to make|68/100
|
|-heal|p2a: I'm Lazy to make|74/100|[from] Grassy Terrain
|-start|p2a: I'm Lazy to make|perish2
|-start|p1a: Gastrodon|perish2
|-fieldend|move: Grassy Terrain
|turn|7
|
|move|p2a: I'm Lazy to make|Perish Song||[still]
|-fail|p2a: I'm Lazy to make
|move|p1a: Gastrodon|Earth Power|p2a: I'm Lazy to make
|-damage|p2a: I'm Lazy to make|43/100
|-enditem|p2a: I'm Lazy to make|Sitrus Berry|[eat]
|-heal|p2a: I'm Lazy to make|67/100|[from] item: Sitrus Berry
|
|-start|p2a: I'm Lazy to make|perish1
|-start|p1a: Gastrodon|perish1
|turn|8
|
|switch|p1a: Meowscarada|Meowscarada, M|100/100
|move|p2a: I'm Lazy to make|Belly Drum|p2a: I'm Lazy to make
|-damage|p2a: I'm Lazy to make|17/100
|-setboost|p2a: I'm Lazy to make|atk|6|[from] move: Belly Drum
|
|-start|p2a: I'm Lazy to make|perish0
|faint|p2a: I'm Lazy to make
|
|switch|p2a: WTF FEMBOY|Meowscarada, M|100/100
|turn|9
|
|move|p1a: Meowscarada|U-turn|p2a: WTF FEMBOY
|-start|p1a: Meowscarada|typechange|Bug|[from] ability: Protean
|-supereffective|p2a: WTF FEMBOY
|-damage|p2a: WTF FEMBOY|0 fnt
|faint|p2a: WTF FEMBOY
|
|switch|p1a: Physical att|Salamence, M|100/100|[from] U-turn
|
|
|switch|p2a: Blue Banana|Glimmora, M|100/100
|turn|10
|
|move|p1a: Physical att|Flamethrower|p2a: Blue Banana
|-resisted|p2a: Blue Banana
|-damage|p2a: Blue Banana|82/100
|move|p2a: Blue Banana|Power Gem|p1a: Physical att
|-supereffective|p1a: Physical att
|-damage|p1a: Physical att|0 fnt
|faint|p1a: Physical att
|
|
|switch|p1a: Gastrodon|Gastrodon-East, F|100/100
|turn|11
|
|move|p2a: Blue Banana|Energy Ball|p1a: Gastrodon
|-supereffective|p1a: Gastrodon
|-damage|p1a: Gastrodon|0 fnt
|faint|p1a: Gastrodon
|
|
|switch|p1a: Sneasler|Sneasler, F|100/100
|turn|12
|
|move|p1a: Sneasler|Close Combat|p2a: Blue Banana
|-damage|p2a: Blue Banana|3/100
|-unboost|p1a: Sneasler|def|1
|-unboost|p1a: Sneasler|spd|1
|-activate|p2a: Blue Banana|ability: Toxic Debris
|-sidestart|p1: Outd birdmane|move: Toxic Spikes
|-enditem|p1a: Sneasler|White Herb
|-clearnegativeboost|p1a: Sneasler|[silent]
|move|p2a: Blue Banana|Earth Power|p1a: Sneasler
|-supereffective|p1a: Sneasler
|-damage|p1a: Sneasler|0 fnt
|faint|p1a: Sneasler
|
|
|switch|p1a: Hoopa|Hoopa-Unbound|100/100
|-status|p1a: Hoopa|psn
|turn|13
|
|move|p1a: Hoopa|Hyperspace Fury|p2a: Blue Banana
|-damage|p2a: Blue Banana|0 fnt
|-unboost|p1a: Hoopa|def|1
|-activate|p2a: Blue Banana|ability: Toxic Debris
|-sidestart|p1: Outd birdmane|move: Toxic Spikes
|faint|p2a: Blue Banana
|
|-damage|p1a: Hoopa|88/100 psn|[from] psn
|
|switch|p2a: steam ERECTION !|Volcanion|94/100
|turn|14
|
|move|p1a: Hoopa|Hyperspace Fury|p2a: steam ERECTION !
|-damage|p2a: steam ERECTION !|41/100
|-unboost|p1a: Hoopa|def|1
|move|p2a: steam ERECTION !|Steam Eruption|p1a: Hoopa
|-damage|p1a: Hoopa|35/100 psn
|
|-damage|p1a: Hoopa|23/100 psn|[from] psn
|turn|15
|
|move|p1a: Hoopa|Hyperspace Fury|p2a: steam ERECTION !
|-damage|p2a: steam ERECTION !|0 fnt
|-unboost|p1a: Hoopa|def|1
|faint|p2a: steam ERECTION !
|
|-damage|p1a: Hoopa|10/100 psn|[from] psn
|
|switch|p2a: A Critical hit|Kingambit, M|100/100
|-activate|p2a: A Critical hit|ability: Supreme Overlord
|-start|p2a: A Critical hit|fallen5|[silent]
|turn|16
|
|move|p1a: Hoopa|Hyperspace Fury|p2a: A Critical hit
|-resisted|p2a: A Critical hit
|-damage|p2a: A Critical hit|78/100
|-unboost|p1a: Hoopa|def|1
|move|p2a: A Critical hit|Swords Dance|p2a: A Critical hit
|-boost|p2a: A Critical hit|atk|2
|
|-damage|p1a: Hoopa|0 fnt|[from] psn
|faint|p1a: Hoopa
|
|switch|p1a: Meowscarada|Meowscarada, M|100/100
|-status|p1a: Meowscarada|tox
|turn|17
|
|move|p2a: A Critical hit|Sucker Punch||[still]
|-fail|p2a: A Critical hit
|move|p1a: Meowscarada|Trick|p2a: A Critical hit
|-start|p1a: Meowscarada|typechange|Psychic|[from] ability: Protean
|-activate|p1a: Meowscarada|move: Trick|[of] p2a: A Critical hit
|-item|p2a: A Critical hit|Choice Band|[from] move: Trick
|-item|p1a: Meowscarada|Scope Lens|[from] move: Trick
|
|-damage|p1a: Meowscarada|94/100 tox|[from] psn
|turn|18
|
|-terastallize|p1a: Meowscarada|Grass
|move|p1a: Meowscarada|Flower Trick|p2a: A Critical hit
|-resisted|p2a: A Critical hit
|-crit|p2a: A Critical hit
|-damage|p2a: A Critical hit|61/100
|move|p2a: A Critical hit|Night Slash|p1a: Meowscarada
|-damage|p1a: Meowscarada|0 fnt
|faint|p1a: Meowscarada
|
|win|derevocsidi
