|poke|p1|Sneasler, F|
|poke|p1|Dragapult, F|
|poke|p1|Garganacl, F|
|poke|p1|Great Tusk|
|poke|p1|Dragonite, F|
|poke|p1|Slowking, F|
|poke|p2|Tyranitar, M|
|poke|p2|Dugtrio-Alola, M|
|poke|p2|Corviknight, F|
|poke|p2|Dragapult, F|
|poke|p2|Sneasler, F|
|poke|p2|Scream Tail|
|teampreview
|
|start
|switch|p1a: Dragapult|Dragapult, F|100/100
|switch|p2a: hate this mon|Sneasler, F, shiny|100/100
|turn|1
|
|switch|p2a: TTube|Tyranitar, M|100/100
|-weather|Sandstorm|[from] ability: Sand Stream|[of] p2a: TTube
|move|p1a: Dragapult|Will-O-Wisp|p2a: TTube
|-status|p2a: TTube|brn
|
|-weather|Sandstorm|[upkeep]
|-damage|p1a: Dragapult|95/100|[from] Sandstorm
|-heal|p1a: Dragapult|100/100|[from] item: Leftovers
|-damage|p2a: TTube|94/100 brn|[from] brn
|turn|2
|
|switch|p1a: Garganacl|Garganacl, F|100/100
|move|p2a: TTube|Stealth Rock|p1a: Garganacl
|-sidestart|p1: p1|move: Stealth Rock
|
|-weather|Sandstorm|[upkeep]
|-damage|p2a: TTube|88/100 brn|[from] brn
|turn|3
|
|switch|p2a: screm tail|Scream Tail|100/100
|move|p1a: Garganacl|Salt Cure|p2a: screm tail
|-damage|p2a: screm tail|88/100
|-start|p2a: screm tail|Salt Cure
|
|-weather|Sandstorm|[upkeep]
|-damage|p2a: screm tail|82/100|[from] Sandstorm
|-heal|p2a: screm tail|88/100|[from] item: Leftovers
|-damage|p2a: screm tail|76/100|[from] Salt Cure
|turn|4
|
|switch|p1a: Slowking|Slowking, F|100/100
|move|p2a: screm tail|Wish|p2a: screm tail
|
|-weather|Sandstorm|[upkeep]
|-damage|p2a: screm tail|70/100|[from] Sandstorm
|-damage|p1a: Slowking|94/100|[from] Sandstorm
|-heal|p2a: screm tail|76/100|[from] item: Leftovers
|-damage|p2a: screm tail|63/100|[from] Salt Cure
|turn|5
|
|move|p2a: screm tail|Dazzling Gleam|p1a: Slowking
|-damage|p1a: Slowking|83/100
|move|p1a: Slowking|Future Sight|p2a: screm tail
|-start|p1a: Slowking|move: Future Sight
|
|-weather|Sandstorm|[upkeep]
|-damage|p2a: screm tail|57/100|[from] Sandstorm
|-damage|p1a: Slowking|77/100|[from] Sandstorm
|-heal|p2a: screm tail|100/100|[from] move: Wish|[wisher] screm tail
|-damage|p2a: screm tail|88/100|[from] Salt Cure
|turn|6
|
|move|p2a: screm tail|Encore|p1a: Slowking
|-start|p1a: Slowking|Encore
|move|p1a: Slowking|Future Sight||[still]
|-fail|p1a: Slowking
|
|-weather|Sandstorm|[upkeep]
|-damage|p2a: screm tail|82/100|[from] Sandstorm
|-damage|p1a: Slowking|71/100|[from] Sandstorm
|-heal|p2a: screm tail|88/100|[from] item: Leftovers
|-damage|p2a: screm tail|76/100|[from] Salt Cure
|turn|7
|
|switch|p1a: Garganacl|Garganacl, F|100/100
|-damage|p1a: Garganacl|88/100|[from] Stealth Rock
|move|p2a: screm tail|Wish|p2a: screm tail
|
|-weather|Sandstorm|[upkeep]
|-damage|p2a: screm tail|69/100|[from] Sandstorm
|-end|p2a: screm tail|move: Future Sight
|-resisted|p2a: screm tail
|-damage|p2a: screm tail|57/100
|-heal|p2a: screm tail|63/100|[from] item: Leftovers
|-heal|p1a: Garganacl|94/100|[from] item: Leftovers
|-damage|p2a: screm tail|51/100|[from] Salt Cure
|turn|8
|
|move|p2a: screm tail|Dazzling Gleam|p1a: Garganacl
|-damage|p1a: Garganacl|84/100
|move|p1a: Garganacl|Salt Cure|p2a: screm tail
|-damage|p2a: screm tail|40/100
|
|-weather|none
|-heal|p2a: screm tail|90/100|[from] move: Wish|[wisher] screm tail
|-heal|p2a: screm tail|96/100|[from] item: Leftovers
|-heal|p1a: Garganacl|91/100|[from] item: Leftovers
|-damage|p2a: screm tail|83/100|[from] Salt Cure
|turn|9
|
|switch|p1a: Sneasler|Sneasler, F|100/100
|-damage|p1a: Sneasler|95/100|[from] Stealth Rock
|move|p2a: screm tail|Wish|p2a: screm tail
|
|-heal|p2a: screm tail|90/100|[from] item: Leftovers
|-damage|p2a: screm tail|77/100|[from] Salt Cure
|turn|10
|
|-end|p2a: screm tail|Protosynthesis|[silent]
|switch|p2a: Corvette|Corviknight, F, shiny|100/100
|-ability|p2a: Corvette|Pressure
|move|p1a: Sneasler|Close Combat|p2a: Corvette
|-damage|p2a: Corvette|43/100
|-unboost|p1a: Sneasler|def|1
|-unboost|p1a: Sneasler|spd|1
|
|-heal|p2a: Corvette|93/100|[from] move: Wish|[wisher] screm tail
|-heal|p2a: Corvette|99/100|[from] item: Leftovers
|turn|11
|
|switch|p1a: Garganacl|Garganacl, F|91/100
|-damage|p1a: Garganacl|78/100|[from] Stealth Rock
|switch|p2a: Shotzi|Dragapult, F, shiny|100/100
|
|-heal|p1a: Garganacl|84/100|[from] item: Leftovers
|turn|12
|
|-terastallize|p1a: Garganacl|Fairy
|move|p2a: Shotzi|U-turn|p1a: Garganacl
|-resisted|p1a: Garganacl
|-damage|p1a: Garganacl|80/100
|
|switch|p2a: screm tail|Scream Tail|77/100|[from] U-turn
|move|p1a: Garganacl|Salt Cure|p2a: screm tail
|-damage|p2a: screm tail|66/100
|-start|p2a: screm tail|Salt Cure
|
|-heal|p2a: screm tail|72/100|[from] item: Leftovers
|-heal|p1a: Garganacl|86/100|[from] item: Leftovers
|-damage|p2a: screm tail|59/100|[from] Salt Cure
|turn|13
|
|switch|p1a: Dragapult|Dragapult, F|100/100
|-damage|p1a: Dragapult|88/100|[from] Stealth Rock
|move|p2a: screm tail|Wish|p2a: screm tail
|
|-heal|p1a: Dragapult|94/100|[from] item: Leftovers
|-heal|p2a: screm tail|66/100|[from] item: Leftovers
|-damage|p2a: screm tail|53/100|[from] Salt Cure
|turn|14
|
|move|p2a: screm tail|Protect|p2a: screm tail
|-singleturn|p2a: screm tail|Protect
|move|p1a: Dragapult|Will-O-Wisp|p2a: screm tail
|-activate|p2a: screm tail|move: Protect
|
|-heal|p2a: screm tail|100/100|[from] move: Wish|[wisher] screm tail
|-heal|p1a: Dragapult|99/100|[from] item: Leftovers
|-damage|p2a: screm tail|88/100|[from] Salt Cure
|turn|15
|
|-end|p2a: screm tail|Protosynthesis|[silent]
|switch|p2a: TTube|Tyranitar, M|88/100 brn
|-weather|Sandstorm|[from] ability: Sand Stream|[of] p2a: TTube
|move|p1a: Dragapult|Substitute|p1a: Dragapult
|-start|p1a: Dragapult|Substitute
|-damage|p1a: Dragapult|75/100
|
|-weather|Sandstorm|[upkeep]
|-damage|p1a: Dragapult|69/100|[from] Sandstorm
|-heal|p1a: Dragapult|75/100|[from] item: Leftovers
|-damage|p2a: TTube|82/100 brn|[from] brn
|turn|16
|
|move|p1a: Dragapult|Dragon Darts|p2a: TTube
|-damage|p2a: TTube|64/100 brn
|-anim|p1a: Dragapult|Dragon Darts|p2a: TTube
|-damage|p2a: TTube|48/100 brn
|move|p2a: TTube|Crunch|p1a: Dragapult
|-supereffective|p1a: Dragapult
|-end|p1a: Dragapult|Substitute
|
|-weather|Sandstorm|[upkeep]
|-damage|p1a: Dragapult|69/100|[from] Sandstorm
|-heal|p1a: Dragapult|75/100|[from] item: Leftovers
|-damage|p2a: TTube|41/100 brn|[from] brn
|turn|17
|
|switch|p1a: Garganacl|Garganacl, F, tera:Fairy|86/100
|-damage|p1a: Garganacl|74/100|[from] Stealth Rock
|move|p2a: TTube|Crunch|p1a: Garganacl
|-resisted|p1a: Garganacl
|-damage|p1a: Garganacl|69/100
|
|-weather|Sandstorm|[upkeep]
|-damage|p1a: Garganacl|63/100|[from] Sandstorm
|-heal|p1a: Garganacl|69/100|[from] item: Leftovers
|-damage|p2a: TTube|35/100 brn|[from] brn
|turn|18
|
|switch|p2a: hate this mon|Sneasler, F, shiny|100/100
|move|p1a: Garganacl|Salt Cure|p2a: hate this mon
|-resisted|p2a: hate this mon
|-damage|p2a: hate this mon|90/100
|-start|p2a: hate this mon|Salt Cure
|
|-weather|Sandstorm|[upkeep]
|-damage|p2a: hate this mon|84/100|[from] Sandstorm
|-damage|p1a: Garganacl|63/100|[from] Sandstorm
|-heal|p1a: Garganacl|69/100|[from] item: Leftovers
|-damage|p2a: hate this mon|71/100|[from] Salt Cure
|turn|19
|
|move|p2a: hate this mon|Dire Claw|p1a: Garganacl
|-supereffective|p1a: Garganacl
|-crit|p1a: Garganacl
|-damage|p1a: Garganacl|0 fnt
|faint|p1a: Garganacl
|
|-weather|Sandstorm|[upkeep]
|-damage|p2a: hate this mon|65/100|[from] Sandstorm
|-damage|p2a: hate this mon|53/100|[from] Salt Cure
|
|switch|p1a: Dragapult|Dragapult, F|75/100
|-damage|p1a: Dragapult|63/100|[from] Stealth Rock
|turn|20
|
|move|p1a: Dragapult|Substitute|p1a: Dragapult
|-start|p1a: Dragapult|Substitute
|-damage|p1a: Dragapult|38/100
|move|p2a: hate this mon|Night Slash|p1a: Dragapult
|-supereffective|p1a: Dragapult
|-end|p1a: Dragapult|Substitute
|
|-weather|Sandstorm|[upkeep]
|-damage|p1a: Dragapult|32/100|[from] Sandstorm
|-damage|p2a: hate this mon|47/100|[from] Sandstorm
|-heal|p1a: Dragapult|38/100|[from] item: Leftovers
|-damage|p2a: hate this mon|35/100|[from] Salt Cure
|turn|21
|
|move|p1a: Dragapult|Dragon Darts|p2a: hate this mon
|-damage|p2a: hate this mon|0 fnt
|faint|p2a: hate this mon
|
|-weather|Sandstorm|[upkeep]
|-damage|p1a: Dragapult|32/100|[from] Sandstorm
|-heal|p1a: Dragapult|38/100|[from] item: Leftovers
|
|switch|p2a: Owen Wilsons|Dugtrio-Alola, M|100/100
|turn|22
|
|move|p2a: Owen Wilsons|Iron Head|p1a: Dragapult
|-damage|p1a: Dragapult|0 fnt
|faint|p1a: Dragapult
|
|-weather|none
|
|switch|p1a: Great Tusk|Great Tusk|100/100
|-damage|p1a: Great Tusk|98/100|[from] Stealth Rock
|turn|23
|
|switch|p2a: Corvette|Corviknight, F, shiny|99/100
|-ability|p2a: Corvette|Pressure
|move|p1a: Great Tusk|Knock Off|p2a: Corvette
|-damage|p2a: Corvette|83/100
|-enditem|p2a: Corvette|Leftovers|[from] move: Knock Off|[of] p1a: Great Tusk
|
|-heal|p1a: Great Tusk|100/100|[from] item: Leftovers
|turn|24
|
|move|p1a: Great Tusk|Stealth Rock|p2a: Corvette
|-sidestart|p2: p2|move: Stealth Rock
|move|p2a: Corvette|U-turn|p1a: Great Tusk
|-resisted|p1a: Great Tusk
|-damage|p1a: Great Tusk|97/100
|
|switch|p2a: Shotzi|Dragapult, F, shiny|100/100|[from] U-turn
|-damage|p2a: Shotzi|88/100|[from] Stealth Rock
|
|-heal|p1a: Great Tusk|100/100|[from] item: Leftovers
|turn|25
|
|move|p2a: Shotzi|Draco Meteor|p1a: Great Tusk
|-damage|p1a: Great Tusk|0 fnt
|-unboost|p2a: Shotzi|spa|2
|faint|p1a: Great Tusk
|-end|p1a: Great Tusk|Protosynthesis|[silent]
|
|
|switch|p1a: Slowking|Slowking, F|100/100
|turn|26
|
|switch|p2a: screm tail|Scream Tail|88/100
|-damage|p2a: screm tail|76/100|[from] Stealth Rock
|move|p1a: Slowking|Future Sight|p2a: screm tail
|-start|p1a: Slowking|move: Future Sight
|
|-heal|p2a: screm tail|82/100|[from] item: Leftovers
|turn|27
|
|switch|p1a: Sneasler|Sneasler, F|95/100
|-damage|p1a: Sneasler|89/100|[from] Stealth Rock
|move|p2a: screm tail|Dazzling Gleam|p1a: Sneasler
|-damage|p1a: Sneasler|61/100
|
|-heal|p2a: screm tail|88/100|[from] item: Leftovers
|turn|28
|
|move|p2a: screm tail|Protect|p2a: screm tail
|-singleturn|p2a: screm tail|Protect
|move|p1a: Sneasler|Dire Claw|p2a: screm tail
|-activate|p2a: screm tail|move: Protect
|
|-end|p2a: screm tail|move: Future Sight
|-resisted|p2a: screm tail
|-damage|p2a: screm tail|75/100
|-heal|p2a: screm tail|81/100|[from] item: Leftovers
|turn|29
|
|switch|p1a: Slowking|Slowking, F|100/100
|-end|p2a: screm tail|Protosynthesis|[silent]
|switch|p2a: Corvette|Corviknight, F, shiny|83/100
|-damage|p2a: Corvette|71/100|[from] Stealth Rock
|-ability|p2a: Corvette|Pressure
|
|turn|30
|
|move|p2a: Corvette|Roost|p2a: Corvette
|-heal|p2a: Corvette|100/100
|-singleturn|p2a: Corvette|move: Roost
|move|p1a: Slowking|Surf|p2a: Corvette
|-damage|p2a: Corvette|69/100
|
|turn|31
|
|move|p2a: Corvette|U-turn|p1a: Slowking
|-supereffective|p1a: Slowking
|-damage|p1a: Slowking|71/100
|
|switch|p2a: screm tail|Scream Tail|81/100|[from] U-turn
|-damage|p2a: screm tail|69/100|[from] Stealth Rock
|move|p1a: Slowking|Future Sight|p2a: screm tail
|-start|p1a: Slowking|move: Future Sight
|
|-heal|p2a: screm tail|75/100|[from] item: Leftovers
|turn|32
|
|move|p2a: screm tail|Wish|p2a: screm tail
|move|p1a: Slowking|Chilly Reception|p1a: Slowking
|-weather|Snow
|
|switch|p1a: Dragonite|Dragonite, F|100/100|[from] Chilly Reception
|
|-weather|Snow|[upkeep]
|-heal|p2a: screm tail|81/100|[from] item: Leftovers
|turn|33
|
|move|p2a: screm tail|Dazzling Gleam|p1a: Dragonite
|-supereffective|p1a: Dragonite
|-damage|p1a: Dragonite|80/100
|move|p1a: Dragonite|Dragon Dance|p1a: Dragonite
|-boost|p1a: Dragonite|atk|1
|-boost|p1a: Dragonite|spe|1
|
|-weather|Snow|[upkeep]
|-end|p2a: screm tail|move: Future Sight
|-resisted|p2a: screm tail
|-damage|p2a: screm tail|69/100
|-heal|p2a: screm tail|100/100|[from] move: Wish|[wisher] screm tail
|turn|34
|
|move|p1a: Dragonite|Roost|p1a: Dragonite
|-heal|p1a: Dragonite|100/100
|-singleturn|p1a: Dragonite|move: Roost
|move|p2a: screm tail|Encore|p1a: Dragonite
|-start|p1a: Dragonite|Encore
|
|-weather|Snow|[upkeep]
|turn|35
|
|-end|p2a: screm tail|Protosynthesis|[silent]
|switch|p2a: Shotzi|Dragapult, F, shiny|88/100
|-damage|p2a: Shotzi|76/100|[from] Stealth Rock
|move|p1a: Dragonite|Roost||[still]
|-fail|p1a: Dragonite|heal
|
|-weather|Snow|[upkeep]
|turn|36
|
|switch|p1a: Slowking|Slowking, F|100/100
|move|p2a: Shotzi|Draco Meteor|p1a: Slowking
|-damage|p1a: Slowking|52/100
|-unboost|p2a: Shotzi|spa|2
|
|-weather|none
|turn|37
|
|switch|p2a: screm tail|Scream Tail|100/100
|-damage|p2a: screm tail|88/100|[from] Stealth Rock
|move|p1a: Slowking|Slack Off|p1a: Slowking
|-heal|p1a: Slowking|100/100
|
|-heal|p2a: screm tail|94/100|[from] item: Leftovers
|turn|38
|
|move|p2a: screm tail|Encore|p1a: Slowking
|-start|p1a: Slowking|Encore
|move|p1a: Slowking|Slack Off||[still]
|-fail|p1a: Slowking|heal
|
|-heal|p2a: screm tail|100/100|[from] item: Leftovers
|turn|39
|
|-end|p2a: screm tail|Protosynthesis|[silent]
|switch|p2a: Shotzi|Dragapult, F, shiny|76/100
|-damage|p2a: Shotzi|64/100|[from] Stealth Rock
|switch|p1a: Sneasler|Sneasler, F|61/100
|-damage|p1a: Sneasler|55/100|[from] Stealth Rock
|
|turn|40
|
|switch|p1a: Slowking|Slowking, F|100/100
|move|p2a: Shotzi|Shadow Ball|p1a: Slowking
|-supereffective|p1a: Slowking
|-damage|p1a: Slowking|40/100
|
|turn|41
|
|switch|p1a: Dragonite|Dragonite, F|100/100
|move|p2a: Shotzi|Shadow Ball|p1a: Dragonite
|-damage|p1a: Dragonite|74/100
|
|turn|42
|
|switch|p2a: screm tail|Scream Tail|100/100
|-damage|p2a: screm tail|88/100|[from] Stealth Rock
|move|p1a: Dragonite|Dragon Dance|p1a: Dragonite
|-boost|p1a: Dragonite|atk|1
|-boost|p1a: Dragonite|spe|1
|
|-heal|p2a: screm tail|94/100|[from] item: Leftovers
|turn|43
|
|move|p1a: Dragonite|Extreme Speed|p2a: screm tail
|-damage|p2a: screm tail|56/100
|move|p2a: screm tail|Encore|p1a: Dragonite
|-start|p1a: Dragonite|Encore
|
|-heal|p2a: screm tail|62/100|[from] item: Leftovers
|turn|44
|
|-end|p2a: screm tail|Protosynthesis|[silent]
|switch|p2a: Shotzi|Dragapult, F, shiny|64/100
|-damage|p2a: Shotzi|51/100|[from] Stealth Rock
|move|p1a: Dragonite|Extreme Speed|p2a: Shotzi
|-immune|p2a: Shotzi
|
|turn|45
|
|switch|p1a: Slowking|Slowking, F|73/100
|move|p2a: Shotzi|Shadow Ball|p1a: Slowking
|-supereffective|p1a: Slowking
|-damage|p1a: Slowking|8/100
|-unboost|p1a: Slowking|spd|1
|
|turn|46
|
|switch|p1a: Dragonite|Dragonite, F|74/100
|move|p2a: Shotzi|Shadow Ball|p1a: Dragonite
|-damage|p1a: Dragonite|23/100
|
|turn|47
|
|move|p2a: Shotzi|Shadow Ball|p1a: Dragonite
|-damage|p1a: Dragonite|0 fnt
|faint|p1a: Dragonite
|
|-message|p1 forfeited.
|
|win|p2
