|poke|p1|Great Tusk|
|poke|p1|Hatterene, F|
|poke|p1|Torkoal, F|
|poke|p1|Walking Wake|
|poke|p1|Chien-Pao|
|poke|p1|Breloom, M|
|poke|p2|Magearna|
|poke|p2|Amoonguss, M|
|poke|p2|Great Tusk|
|poke|p2|Chien-Pao|
|poke|p2|Garganacl, M|
|poke|p2|Gholdengo|
|teampreview
|
|start
|switch|p1a: Breloom|Breloom, M|100/100
|switch|p2a: Great Tusk|Great Tusk|100/100
|turn|1
|
|-end|p2a: Great Tusk|Protosynthesis|[silent]
|switch|p2a: Amoonguss|Amoonguss, M|100/100
|move|p1a: Breloom|Substitute|p1a: Breloom
|-start|p1a: Breloom|Substitute
|-damage|p1a: Breloom|76/100
|
|-heal|p1a: Breloom|82/100|[from] item: Leftovers
|turn|2
|
|move|p1a: Breloom|Bullet Seed|p2a: Amoonguss
|-resisted|p2a: Amoonguss
|-damage|p2a: Amoonguss|97/100
|-resisted|p2a: Amoonguss
|-damage|p2a: Amoonguss|94/100
|-resisted|p2a: Amoonguss
|-damage|p2a: Amoonguss|91/100
|-hitcount|p2a: Amoonguss|3
|-enditem|p2a: Amoonguss|Red Card|[of] p1a: Breloom
|drag|p1a: Hatterene|Hatterene, F|100/100
|move|p2a: Amoonguss|Sludge Bomb|p1a: Hatterene
|-supereffective|p1a: Hatterene
|-damage|p1a: Hatterene|41/100
|-enditem|p1a: Hatterene|Eject Button
|
|switch|p1a: Chien-Pao|Chien-Pao|100/100
|-ability|p1a: Chien-Pao|Sword of Ruin
|
|turn|3
|
|switch|p2a: Magearna|Magearna|100/100
|move|p1a: Chien-Pao|Icicle Crash|p2a: Magearna
|-resisted|p2a: Magearna
|-damage|p2a: Magearna|56/100
|
|-heal|p2a: Magearna|62/100|[from] item: Leftovers
|turn|4
|
|switch|p1a: Hatterene|Hatterene, F|41/100
|move|p2a: Magearna|Shift Gear|p2a: Magearna
|-boost|p2a: Magearna|spe|2
|-boost|p2a: Magearna|atk|1
|
|-heal|p2a: Magearna|68/100|[from] item: Leftovers
|turn|5
|
|switch|p2a: Amoonguss|Amoonguss, M|100/100
|move|p1a: Hatterene|Nuzzle|p2a: Amoonguss
|-resisted|p2a: Amoonguss
|-damage|p2a: Amoonguss|99/100
|-status|p2a: Amoonguss|par
|
|turn|6
|
|move|p1a: Hatterene|Psychic|p2a: Amoonguss
|-supereffective|p2a: Amoonguss
|-damage|p2a: Amoonguss|14/100 par
|cant|p2a: Amoonguss|par
|
|turn|7
|
|switch|p2a: Chien-Pao|Chien-Pao|100/100
|-ability|p2a: Chien-Pao|Sword of Ruin
|move|p1a: Hatterene|Nuzzle|p2a: Chien-Pao
|-damage|p2a: Chien-Pao|94/100
|-status|p2a: Chien-Pao|par
|
|turn|8
|
|move|p2a: Chien-Pao|Ice Shard|p1a: Hatterene
|-crit|p1a: Hatterene
|-damage|p1a: Hatterene|0 fnt
|faint|p1a: Hatterene
|
|
|switch|p1a: Walking Wake|Walking Wake|100/100
|turn|9
|
|switch|p2a: Magearna|Magearna|68/100
|move|p1a: Walking Wake|Hydro Steam|p2a: Magearna
|-damage|p2a: Magearna|11/100
|
|-heal|p2a: Magearna|17/100|[from] item: Leftovers
|turn|10
|
|switch|p2a: Gholdengo|Gholdengo|100/100
|move|p1a: Walking Wake|Hydro Steam|p2a: Gholdengo
|-damage|p2a: Gholdengo|28/100
|
|turn|11
|
|move|p2a: Gholdengo|Thunderbolt|p1a: Walking Wake
|-damage|p1a: Walking Wake|66/100
|-status|p1a: Walking Wake|par
|move|p1a: Walking Wake|Hydro Steam|p2a: Gholdengo
|-damage|p2a: Gholdengo|0 fnt
|faint|p2a: Gholdengo
|
|
|switch|p2a: Chien-Pao|Chien-Pao|94/100 par
|-ability|p2a: Chien-Pao|Sword of Ruin
|turn|12
|
|-end|p1a: Walking Wake|Protosynthesis|[silent]
|switch|p1a: Torkoal|Torkoal, F|100/100
|-weather|SunnyDay|[from] ability: Drought|[of] p1a: Torkoal
|move|p2a: Chien-Pao|Throat Chop|p1a: Torkoal
|-damage|p1a: Torkoal|69/100
|-start|p1a: Torkoal|Throat Chop|[silent]
|
|-weather|SunnyDay|[upkeep]
|turn|13
|
|switch|p2a: Garganacl|Garganacl, M|100/100
|move|p1a: Torkoal|Lava Plume|p2a: Garganacl
|-resisted|p2a: Garganacl
|-damage|p2a: Garganacl|85/100
|
|-weather|SunnyDay|[upkeep]
|-heal|p2a: Garganacl|91/100|[from] item: Leftovers
|-end|p1a: Torkoal|Throat Chop|[silent]
|turn|14
|
|switch|p1a: Walking Wake|Walking Wake|66/100 par
|-activate|p1a: Walking Wake|ability: Protosynthesis
|-start|p1a: Walking Wake|protosynthesisspe
|move|p2a: Garganacl|Salt Cure|p1a: Walking Wake
|-crit|p1a: Walking Wake
|-damage|p1a: Walking Wake|41/100 par
|-start|p1a: Walking Wake|Salt Cure
|
|-weather|SunnyDay|[upkeep]
|-heal|p2a: Garganacl|97/100|[from] item: Leftovers
|-damage|p1a: Walking Wake|16/100 par|[from] Salt Cure
|turn|15
|
|-terastallize|p2a: Garganacl|Water
|cant|p1a: Walking Wake|par
|move|p2a: Garganacl|Curse|p2a: Garganacl
|-unboost|p2a: Garganacl|spe|1
|-boost|p2a: Garganacl|atk|1
|-boost|p2a: Garganacl|def|1
|
|-weather|SunnyDay|[upkeep]
|-heal|p2a: Garganacl|100/100|[from] item: Leftovers
|-damage|p1a: Walking Wake|0 fnt|[from] Salt Cure
|faint|p1a: Walking Wake
|-end|p1a: Walking Wake|Protosynthesis|[silent]
|
|switch|p1a: Breloom|Breloom, M|82/100
|turn|16
|
|move|p1a: Breloom|Bullet Seed|p2a: Garganacl
|-supereffective|p2a: Garganacl
|-damage|p2a: Garganacl|89/100
|-supereffective|p2a: Garganacl
|-damage|p2a: Garganacl|77/100
|-supereffective|p2a: Garganacl
|-damage|p2a: Garganacl|66/100
|-supereffective|p2a: Garganacl
|-damage|p2a: Garganacl|55/100
|-hitcount|p2a: Garganacl|4
|move|p2a: Garganacl|Avalanche|p1a: Breloom
|-supereffective|p1a: Breloom
|-damage|p1a: Breloom|3/100
|
|-weather|SunnyDay|[upkeep]
|-heal|p1a: Breloom|9/100|[from] item: Leftovers
|-heal|p2a: Garganacl|62/100|[from] item: Leftovers
|turn|17
|
|move|p1a: Breloom|Bullet Seed|p2a: Garganacl
|-supereffective|p2a: Garganacl
|-damage|p2a: Garganacl|51/100
|-supereffective|p2a: Garganacl
|-damage|p2a: Garganacl|40/100
|-hitcount|p2a: Garganacl|2
|move|p2a: Garganacl|Recover|p2a: Garganacl
|-heal|p2a: Garganacl|90/100
|
|-weather|SunnyDay|[upkeep]
|-heal|p1a: Breloom|15/100|[from] item: Leftovers
|-heal|p2a: Garganacl|97/100|[from] item: Leftovers
|turn|18
|
|switch|p1a: Torkoal|Torkoal, F|69/100
|move|p2a: Garganacl|Salt Cure|p1a: Torkoal
|-supereffective|p1a: Torkoal
|-damage|p1a: Torkoal|48/100
|-start|p1a: Torkoal|Salt Cure
|
|-weather|SunnyDay|[upkeep]
|-heal|p2a: Garganacl|100/100|[from] item: Leftovers
|-damage|p1a: Torkoal|35/100|[from] Salt Cure
|turn|19
|
|switch|p2a: Amoonguss|Amoonguss, M|47/100 par
|move|p1a: Torkoal|Clear Smog|p2a: Amoonguss
|-damage|p2a: Amoonguss|38/100 par
|-clearboost|p2a: Amoonguss
|
|-weather|none
|-damage|p1a: Torkoal|23/100|[from] Salt Cure
|turn|20
|
|switch|p1a: Breloom|Breloom, M|15/100
|switch|p2a: Magearna|Magearna|17/100
|
|-heal|p2a: Magearna|23/100|[from] item: Leftovers
|-heal|p1a: Breloom|21/100|[from] item: Leftovers
|turn|21
|
|move|p2a: Magearna|Draining Kiss|p1a: Breloom
|-supereffective|p1a: Breloom
|-damage|p1a: Breloom|0 fnt
|-heal|p2a: Magearna|39/100|[from] drain|[of] p1a: Breloom
|faint|p1a: Breloom
|-ability|p2a: Magearna|Soul-Heart|boost
|-boost|p2a: Magearna|spa|1
|
|-heal|p2a: Magearna|45/100|[from] item: Leftovers
|
|switch|p1a: Chien-Pao|Chien-Pao|100/100
|-ability|p1a: Chien-Pao|Sword of Ruin
|turn|22
|
|move|p1a: Chien-Pao|Sacred Sword|p2a: Magearna
|-damage|p2a: Magearna|0 fnt
|faint|p2a: Magearna
|
|
|switch|p2a: Garganacl|Garganacl, M, tera:Water|100/100
|turn|23
|
|switch|p1a: Torkoal|Torkoal, F|23/100
|-weather|SunnyDay|[from] ability: Drought|[of] p1a: Torkoal
|move|p2a: Garganacl|Salt Cure|p1a: Torkoal
|-supereffective|p1a: Torkoal
|-crit|p1a: Torkoal
|-damage|p1a: Torkoal|0 fnt
|faint|p1a: Torkoal
|
|-weather|SunnyDay|[upkeep]
|
|switch|p1a: Chien-Pao|Chien-Pao|100/100
|-ability|p1a: Chien-Pao|Sword of Ruin
|turn|24
|
|-terastallize|p1a: Chien-Pao|Dark
|move|p1a: Chien-Pao|Crunch|p2a: Garganacl
|-damage|p2a: Garganacl|45/100
|move|p2a: Garganacl|Salt Cure|p1a: Chien-Pao
|-damage|p1a: Chien-Pao|81/100
|-start|p1a: Chien-Pao|Salt Cure
|
|-weather|SunnyDay|[upkeep]
|-heal|p2a: Garganacl|51/100|[from] item: Leftovers
|-damage|p1a: Chien-Pao|69/100|[from] Salt Cure
|turn|25
|
|switch|p1a: Great Tusk|Great Tusk|100/100
|-activate|p1a: Great Tusk|ability: Protosynthesis
|-start|p1a: Great Tusk|protosynthesisdef
|switch|p2a: Amoonguss|Amoonguss, M|71/100 par
|
|-weather|SunnyDay|[upkeep]
|turn|26
|
|move|p1a: Great Tusk|Stealth Rock|p2a: Amoonguss
|-sidestart|p2: Murray69|move: Stealth Rock
|move|p2a: Amoonguss|Spore|p1a: Great Tusk
|-status|p1a: Great Tusk|slp|[from] move: Spore
|
|-weather|SunnyDay|[upkeep]
|turn|27
|
|switch|p2a: Great Tusk|Great Tusk|100/100
|-damage|p2a: Great Tusk|97/100|[from] Stealth Rock
|-activate|p2a: Great Tusk|ability: Protosynthesis
|-start|p2a: Great Tusk|protosynthesisdef
|cant|p1a: Great Tusk|slp
|
|-weather|SunnyDay|[upkeep]
|turn|28
|
|move|p2a: Great Tusk|Rapid Spin|p1a: Great Tusk
|-damage|p1a: Great Tusk|95/100 slp
|-boost|p2a: Great Tusk|spe|1
|-damage|p2a: Great Tusk|81/100|[from] item: Rocky Helmet|[of] p1a: Great Tusk
|-sideend|p2: Murray69|Stealth Rock|[from] move: Rapid Spin|[of] p2a: Great Tusk
|cant|p1a: Great Tusk|slp
|
|-weather|SunnyDay|[upkeep]
|turn|29
|
|move|p2a: Great Tusk|Knock Off|p1a: Great Tusk
|-resisted|p1a: Great Tusk
|-damage|p1a: Great Tusk|90/100 slp
|-damage|p2a: Great Tusk|64/100|[from] item: Rocky Helmet|[of] p1a: Great Tusk
|-enditem|p1a: Great Tusk|Rocky Helmet|[from] move: Knock Off|[of] p2a: Great Tusk
|-curestatus|p1a: Great Tusk|slp|[msg]
|move|p1a: Great Tusk|Rapid Spin|p2a: Great Tusk
|-damage|p2a: Great Tusk|59/100
|-boost|p1a: Great Tusk|spe|1
|-damage|p1a: Great Tusk|73/100|[from] item: Rocky Helmet|[of] p2a: Great Tusk
|
|-weather|SunnyDay|[upkeep]
|turn|30
|
|-end|p2a: Great Tusk|Protosynthesis|[silent]
|switch|p2a: Amoonguss|Amoonguss, M|100/100 par
|move|p1a: Great Tusk|Earthquake|p2a: Amoonguss
|-damage|p2a: Amoonguss|65/100 par
|
|-weather|none
|-end|p1a: Great Tusk|Protosynthesis
|turn|31
|
|move|p1a: Great Tusk|Earthquake|p2a: Amoonguss
|-damage|p2a: Amoonguss|31/100 par
|move|p2a: Amoonguss|Spore|p1a: Great Tusk
|-status|p1a: Great Tusk|slp|[from] move: Spore
|
|turn|32
|
|-end|p1a: Great Tusk|Protosynthesis|[silent]
|switch|p1a: Chien-Pao|Chien-Pao, tera:Dark|69/100
|-ability|p1a: Chien-Pao|Sword of Ruin
|switch|p2a: Great Tusk|Great Tusk|59/100
|
|turn|33
|
|move|p1a: Chien-Pao|Icicle Crash|p2a: Great Tusk
|-supereffective|p2a: Great Tusk
|-damage|p2a: Great Tusk|0 fnt
|faint|p2a: Great Tusk
|-end|p2a: Great Tusk|Protosynthesis|[silent]
|
|
|switch|p2a: Garganacl|Garganacl, M, tera:Water|51/100
|turn|34
|
|move|p1a: Chien-Pao|Icicle Crash|p2a: Garganacl
|-resisted|p2a: Garganacl
|-damage|p2a: Garganacl|28/100
|move|p2a: Garganacl|Recover|p2a: Garganacl
|-heal|p2a: Garganacl|78/100
|
|-heal|p2a: Garganacl|85/100|[from] item: Leftovers
|turn|35
|
|switch|p1a: Great Tusk|Great Tusk|73/100 slp
|move|p2a: Garganacl|Salt Cure|p1a: Great Tusk
|-resisted|p1a: Great Tusk
|-damage|p1a: Great Tusk|72/100 slp
|-start|p1a: Great Tusk|Salt Cure
|
|-heal|p2a: Garganacl|91/100|[from] item: Leftovers
|-damage|p1a: Great Tusk|59/100 slp|[from] Salt Cure
|turn|36
|
|-end|p1a: Great Tusk|Protosynthesis|[silent]
|switch|p1a: Chien-Pao|Chien-Pao, tera:Dark|69/100
|-ability|p1a: Chien-Pao|Sword of Ruin
|move|p2a: Garganacl|Curse|p2a: Garganacl
|-unboost|p2a: Garganacl|spe|1
|-boost|p2a: Garganacl|atk|1
|-boost|p2a: Garganacl|def|1
|
|-heal|p2a: Garganacl|97/100|[from] item: Leftovers
|turn|37
|
|move|p1a: Chien-Pao|Sacred Sword|p2a: Garganacl
|-damage|p2a: Garganacl|65/100
|move|p2a: Garganacl|Salt Cure|p1a: Chien-Pao
|-damage|p1a: Chien-Pao|38/100
|-start|p1a: Chien-Pao|Salt Cure
|
|-heal|p2a: Garganacl|71/100|[from] item: Leftovers
|-damage|p1a: Chien-Pao|26/100|[from] Salt Cure
|turn|38
|
|move|p1a: Chien-Pao|Sacred Sword|p2a: Garganacl
|-damage|p2a: Garganacl|42/100
|move|p2a: Garganacl|Curse|p2a: Garganacl
|-unboost|p2a: Garganacl|spe|1
|-boost|p2a: Garganacl|atk|1
|-boost|p2a: Garganacl|def|1
|
|-heal|p2a: Garganacl|49/100|[from] item: Leftovers
|-damage|p1a: Chien-Pao|13/100|[from] Salt Cure
|turn|39
|-message|golden snub nose forfeited.
|
|win|Murray69
