|poke|p1|Ursaluna, M|
|poke|p1|Landorus-Therian, M|
|poke|p1|Sneasler, M|
|poke|p1|Dondozo, M|
|poke|p1|Cinderace, F|
|poke|p1|Magearna|
|poke|p2|Chien-Pao|
|poke|p2|Zamazenta-*|
|poke|p2|Ting-Lu|
|poke|p2|Kingambit, F|
|poke|p2|Dondozo, F|
|poke|p2|Moltres|
|teampreview
|
|start
|switch|p1a: Sneasler|Sneasler, M|100/100
|switch|p2a: Chien-Pao|Chien-Pao|100/100
|-ability|p2a: Chien-Pao|Sword of Ruin
|turn|1
|
|move|p1a: Sneasler|Fake Out|p2a: Chien-Pao
|-damage|p2a: Chien-Pao|80/100
|-status|p2a: Chien-Pao|psn|[from] ability: Poison Touch|[of] p1a: Sneasler
|cant|p2a: Chien-Pao|flinch
|
|-damage|p2a: Chien-Pao|67/100 psn|[from] psn
|turn|2
|
|switch|p1a: Magearna|Magearna|100/100
|move|p2a: Chien-Pao|Crunch|p1a: Magearna
|-resisted|p1a: Magearna
|-damage|p1a: Magearna|70/100
|-damage|p2a: Chien-Pao|51/100 psn|[from] item: Rocky Helmet|[of] p1a: Magearna
|
|-damage|p2a: Chien-Pao|39/100 psn|[from] psn
|turn|3
|
|switch|p2a: Ting-Lu|Ting-Lu|100/100
|-ability|p2a: Ting-Lu|Vessel of Ruin
|switch|p1a: Sneasler|Sneasler, M|100/100
|
|turn|4
|
|switch|p2a: Moltres|Moltres|100/100
|-terastallize|p1a: Sneasler|Fighting
|move|p1a: Sneasler|Close Combat|p2a: Moltres
|-resisted|p2a: Moltres
|-damage|p2a: Moltres|61/100
|-unboost|p1a: Sneasler|def|1
|-unboost|p1a: Sneasler|spd|1
|
|turn|5
|
|move|p1a: Sneasler|Dire Claw|p2a: Moltres
|-damage|p2a: Moltres|22/100
|-status|p2a: Moltres|psn
|move|p2a: Moltres|Roost|p2a: Moltres
|-heal|p2a: Moltres|72/100 psn
|-singleturn|p2a: Moltres|move: Roost
|
|-damage|p2a: Moltres|60/100 psn|[from] psn
|turn|6
|
|move|p1a: Sneasler|U-turn|p2a: Moltres
|-resisted|p2a: Moltres
|-damage|p2a: Moltres|54/100 psn
|
|switch|p1a: Cinderace|Cinderace, F|100/100|[from] U-turn
|move|p2a: Moltres|Roost|p2a: Moltres
|-heal|p2a: Moltres|100/100 psn
|-singleturn|p2a: Moltres|move: Roost
|
|-damage|p2a: Moltres|88/100 psn|[from] psn
|turn|7
|
|switch|p2a: Dondozo|Dondozo, F|100/100
|move|p1a: Cinderace|U-turn|p2a: Dondozo
|-damage|p2a: Dondozo|92/100
|
|switch|p1a: Ursaluna|Ursaluna, M|100/100|[from] U-turn
|
|-status|p1a: Ursaluna|brn|[from] item: Flame Orb
|turn|8
|
|move|p1a: Ursaluna|Facade|p2a: Dondozo
|-damage|p2a: Dondozo|37/100
|move|p2a: Dondozo|Body Press|p1a: Ursaluna
|-supereffective|p1a: Ursaluna
|-crit|p1a: Ursaluna
|-damage|p1a: Ursaluna|42/100 brn
|
|-damage|p1a: Ursaluna|36/100 brn|[from] brn
|turn|9
|
|switch|p2a: Moltres|Moltres|88/100 psn
|move|p1a: Ursaluna|Facade|p2a: Moltres
|-damage|p2a: Moltres|0 fnt
|faint|p2a: Moltres
|
|-damage|p1a: Ursaluna|30/100 brn|[from] brn
|
|switch|p2a: Chien-Pao|Chien-Pao|39/100 psn
|-ability|p2a: Chien-Pao|Sword of Ruin
|turn|10
|
|switch|p1a: Magearna|Magearna|70/100
|move|p2a: Chien-Pao|Ice Spinner|p1a: Magearna
|-resisted|p1a: Magearna
|-damage|p1a: Magearna|40/100
|-damage|p2a: Chien-Pao|22/100 psn|[from] item: Rocky Helmet|[of] p1a: Magearna
|
|-damage|p2a: Chien-Pao|10/100 psn|[from] psn
|turn|11
|
|move|p2a: Chien-Pao|Ice Spinner|p1a: Magearna
|-resisted|p1a: Magearna
|-damage|p1a: Magearna|14/100
|-damage|p2a: Chien-Pao|0 fnt|[from] item: Rocky Helmet|[of] p1a: Magearna
|faint|p2a: Chien-Pao
|-ability|p1a: Magearna|Soul-Heart|boost
|-boost|p1a: Magearna|spa|1
|move|p1a: Magearna|Volt Switch|p2: Chien-Pao|[notarget]
|-fail|p1a: Magearna
|
|
|switch|p2a: Zamazenta|Zamazenta-Crowned|100/100
|-ability|p2a: Zamazenta|Dauntless Shield|boost
|-boost|p2a: Zamazenta|def|1
|turn|12
|
|move|p2a: Zamazenta|Body Press|p1a: Magearna
|-damage|p1a: Magearna|0 fnt
|-damage|p2a: Zamazenta|84/100|[from] item: Rocky Helmet|[of] p1a: Magearna
|faint|p1a: Magearna
|
|
|switch|p1a: Landorus|Landorus-Therian, M|100/100
|-ability|p1a: Landorus|Intimidate|boost
|-unboost|p2a: Zamazenta|atk|1
|turn|13
|
|switch|p2a: Ting-Lu|Ting-Lu|100/100
|-ability|p2a: Ting-Lu|Vessel of Ruin
|move|p1a: Landorus|Stealth Rock|p2a: Ting-Lu
|-sidestart|p2: p2|move: Stealth Rock
|
|turn|14
|
|move|p1a: Landorus|U-turn|p2a: Ting-Lu
|-supereffective|p2a: Ting-Lu
|-damage|p2a: Ting-Lu|75/100
|
|switch|p1a: Sneasler|Sneasler, M, tera:Fighting|100/100|[from] U-turn
|move|p2a: Ting-Lu|Stealth Rock|p1a: Sneasler
|-sidestart|p1: p1|move: Stealth Rock
|
|-heal|p2a: Ting-Lu|81/100|[from] item: Leftovers
|turn|15
|
|move|p1a: Sneasler|Close Combat|p2a: Ting-Lu
|-supereffective|p2a: Ting-Lu
|-damage|p2a: Ting-Lu|0 fnt
|-unboost|p1a: Sneasler|def|1
|-unboost|p1a: Sneasler|spd|1
|faint|p2a: Ting-Lu
|
|
|switch|p2a: Zamazenta|Zamazenta-Crowned|84/100
|-damage|p2a: Zamazenta|81/100|[from] Stealth Rock
|turn|16
|
|move|p2a: Zamazenta|Body Press|p1a: Sneasler
|-damage|p1a: Sneasler|0 fnt
|faint|p1a: Sneasler
|
|
|switch|p1a: Landorus|Landorus-Therian, M|100/100
|-damage|p1a: Landorus|88/100|[from] Stealth Rock
|-ability|p1a: Landorus|Intimidate|boost
|-unboost|p2a: Zamazenta|atk|1
|turn|17
|
|move|p2a: Zamazenta|Iron Defense|p2a: Zamazenta
|-boost|p2a: Zamazenta|def|2
|move|p1a: Landorus|Earthquake|p2a: Zamazenta
|-supereffective|p2a: Zamazenta
|-damage|p2a: Zamazenta|48/100
|
|turn|18
|
|switch|p1a: Dondozo|Dondozo, M|100/100
|-damage|p1a: Dondozo|88/100|[from] Stealth Rock
|move|p2a: Zamazenta|Body Press|p1a: Dondozo
|-damage|p1a: Dondozo|64/100
|
|-heal|p1a: Dondozo|70/100|[from] item: Leftovers
|turn|19
|
|switch|p2a: Dondozo|Dondozo, F|37/100
|move|p1a: Dondozo|Curse|p1a: Dondozo
|-unboost|p1a: Dondozo|spe|1
|-boost|p1a: Dondozo|atk|1
|-boost|p1a: Dondozo|def|1
|
|-heal|p1a: Dondozo|76/100|[from] item: Leftovers
|turn|20
|
|switch|p1a: Landorus|Landorus-Therian, M|88/100
|-damage|p1a: Landorus|76/100|[from] Stealth Rock
|-ability|p1a: Landorus|Intimidate|boost
|-unboost|p2a: Dondozo|atk|1
|move|p2a: Dondozo|Rest|p2a: Dondozo
|-status|p2a: Dondozo|slp|[from] move: Rest
|-heal|p2a: Dondozo|100/100 slp|[silent]
|
|turn|21
|
|move|p1a: Landorus|Grass Knot|p2a: Dondozo
|-supereffective|p2a: Dondozo
|-damage|p2a: Dondozo|45/100 slp
|cant|p2a: Dondozo|slp
|move|p2a: Dondozo|Sleep Talk|p2a: Dondozo
|move|p2a: Dondozo|Rest||[from]move: Sleep Talk|[still]
|-fail|p2a: Dondozo
|
|turn|22
|
|switch|p2a: Zamazenta|Zamazenta-Crowned|48/100
|-damage|p2a: Zamazenta|45/100|[from] Stealth Rock
|move|p1a: Landorus|Grass Knot|p2a: Zamazenta
|-resisted|p2a: Zamazenta
|-damage|p2a: Zamazenta|35/100
|
|turn|23
|
|move|p2a: Zamazenta|Iron Defense|p2a: Zamazenta
|-boost|p2a: Zamazenta|def|2
|move|p1a: Landorus|Earthquake|p2a: Zamazenta
|-supereffective|p2a: Zamazenta
|-damage|p2a: Zamazenta|5/100
|
|turn|24
|
|switch|p1a: Dondozo|Dondozo, M|76/100
|-damage|p1a: Dondozo|64/100|[from] Stealth Rock
|move|p2a: Zamazenta|Body Press|p1a: Dondozo
|-damage|p1a: Dondozo|40/100
|
|-heal|p1a: Dondozo|46/100|[from] item: Leftovers
|turn|25
|
|move|p2a: Zamazenta|Rest|p2a: Zamazenta
|-status|p2a: Zamazenta|slp|[from] move: Rest
|-heal|p2a: Zamazenta|100/100 slp|[silent]
|move|p1a: Dondozo|Rest|p1a: Dondozo
|-status|p1a: Dondozo|slp|[from] move: Rest
|-heal|p1a: Dondozo|100/100 slp|[silent]
|
|turn|26
|
|cant|p2a: Zamazenta|slp
|cant|p1a: Dondozo|slp
|move|p1a: Dondozo|Sleep Talk|p1a: Dondozo
|move|p1a: Dondozo|Wave Crash|p2a: Zamazenta|[from]move: Sleep Talk
|-damage|p2a: Zamazenta|75/100 slp
|-damage|p1a: Dondozo|94/100 slp|[from] Recoil
|
|-heal|p1a: Dondozo|99/100 slp|[from] item: Leftovers
|turn|27
|
|cant|p2a: Zamazenta|slp
|cant|p1a: Dondozo|slp
|move|p1a: Dondozo|Sleep Talk|p1a: Dondozo
|move|p1a: Dondozo|Rest||[from]move: Sleep Talk|[still]
|-fail|p1a: Dondozo
|
|-heal|p1a: Dondozo|100/100 slp|[from] item: Leftovers
|turn|28
|
|-curestatus|p2a: Zamazenta|slp|[msg]
|move|p2a: Zamazenta|Iron Defense|p2a: Zamazenta
|-boost|p2a: Zamazenta|def|2
|-curestatus|p1a: Dondozo|slp|[msg]
|move|p1a: Dondozo|Wave Crash|p2a: Zamazenta
|-damage|p2a: Zamazenta|48/100
|-damage|p1a: Dondozo|94/100|[from] Recoil
|
|-heal|p1a: Dondozo|99/100|[from] item: Leftovers
|turn|29
|
|move|p2a: Zamazenta|Iron Defense|p2a: Zamazenta
|-boost|p2a: Zamazenta|def|2
|move|p1a: Dondozo|Curse|p1a: Dondozo
|-unboost|p1a: Dondozo|spe|1
|-boost|p1a: Dondozo|atk|1
|-boost|p1a: Dondozo|def|1
|
|-heal|p1a: Dondozo|100/100|[from] item: Leftovers
|turn|30
|
|move|p2a: Zamazenta|Rest|p2a: Zamazenta
|-status|p2a: Zamazenta|slp|[from] move: Rest
|-heal|p2a: Zamazenta|100/100 slp|[silent]
|move|p1a: Dondozo|Wave Crash|p2a: Zamazenta
|-crit|p2a: Zamazenta
|-damage|p2a: Zamazenta|39/100 slp
|-damage|p1a: Dondozo|85/100|[from] Recoil
|
|-heal|p1a: Dondozo|91/100|[from] item: Leftovers
|turn|31
|
|switch|p2a: Dondozo|Dondozo, F|45/100 slp
|move|p1a: Dondozo|Wave Crash|p2a: Dondozo
|-resisted|p2a: Dondozo
|-damage|p2a: Dondozo|35/100 slp
|-damage|p1a: Dondozo|88/100|[from] Recoil
|
|-heal|p1a: Dondozo|94/100|[from] item: Leftovers
|turn|32
|
|switch|p1a: Landorus|Landorus-Therian, M|76/100
|-damage|p1a: Landorus|64/100|[from] Stealth Rock
|-ability|p1a: Landorus|Intimidate|boost
|-unboost|p2a: Dondozo|atk|1
|cant|p2a: Dondozo|slp
|move|p2a: Dondozo|Sleep Talk|p2a: Dondozo
|move|p2a: Dondozo|Body Press|p1a: Landorus|[from]move: Sleep Talk
|-resisted|p1a: Landorus
|-damage|p1a: Landorus|53/100
|-damage|p2a: Dondozo|19/100 slp|[from] item: Rocky Helmet|[of] p1a: Landorus
|
|turn|33
|
|move|p1a: Landorus|Earthquake|p2a: Dondozo
|-damage|p2a: Dondozo|0 fnt
|faint|p2a: Dondozo
|
|
|switch|p2a: Kingambit|Kingambit, F|100/100
|-damage|p2a: Kingambit|94/100|[from] Stealth Rock
|-activate|p2a: Kingambit|ability: Supreme Overlord
|-start|p2a: Kingambit|fallen4|[silent]
|turn|34
|
|-terastallize|p2a: Kingambit|Flying
|move|p1a: Landorus|Earthquake|p2a: Kingambit
|-immune|p2a: Kingambit
|move|p2a: Kingambit|Swords Dance|p2a: Kingambit
|-boost|p2a: Kingambit|atk|2
|
|-heal|p2a: Kingambit|100/100|[from] item: Leftovers
|turn|35
|
|move|p1a: Landorus|U-turn|p2a: Kingambit
|-resisted|p2a: Kingambit
|-damage|p2a: Kingambit|93/100
|
|switch|p1a: Ursaluna|Ursaluna, M|30/100 brn|[from] U-turn
|-damage|p1a: Ursaluna|24/100 brn|[from] Stealth Rock
|move|p2a: Kingambit|Kowtow Cleave|p1a: Ursaluna
|-damage|p1a: Ursaluna|0 fnt
|faint|p1a: Ursaluna
|
|-heal|p2a: Kingambit|99/100|[from] item: Leftovers
|
|switch|p1a: Cinderace|Cinderace, F|100/100
|turn|36
|
|move|p1a: Cinderace|Will-O-Wisp|p2a: Kingambit
|-status|p2a: Kingambit|brn
|move|p2a: Kingambit|Kowtow Cleave|p1a: Cinderace
|-damage|p1a: Cinderace|14/100
|
|-heal|p2a: Kingambit|100/100 brn|[from] item: Leftovers
|-damage|p2a: Kingambit|94/100 brn|[from] brn
|turn|37
|
|switch|p1a: Dondozo|Dondozo, M|94/100
|-damage|p1a: Dondozo|82/100|[from] Stealth Rock
|move|p2a: Kingambit|Kowtow Cleave|p1a: Dondozo
|-damage|p1a: Dondozo|60/100
|
|-heal|p2a: Kingambit|100/100 brn|[from] item: Leftovers
|-heal|p1a: Dondozo|66/100|[from] item: Leftovers
|-damage|p2a: Kingambit|94/100 brn|[from] brn
|turn|38
|
|move|p2a: Kingambit|Kowtow Cleave|p1a: Dondozo
|-damage|p1a: Dondozo|44/100
|move|p1a: Dondozo|Curse|p1a: Dondozo
|-unboost|p1a: Dondozo|spe|1
|-boost|p1a: Dondozo|atk|1
|-boost|p1a: Dondozo|def|1
|
|-heal|p2a: Kingambit|100/100 brn|[from] item: Leftovers
|-heal|p1a: Dondozo|50/100|[from] item: Leftovers
|-damage|p2a: Kingambit|94/100 brn|[from] brn
|turn|39
|
|move|p2a: Kingambit|Kowtow Cleave|p1a: Dondozo
|-damage|p1a: Dondozo|36/100
|move|p1a: Dondozo|Rest|p1a: Dondozo
|-status|p1a: Dondozo|slp|[from] move: Rest
|-heal|p1a: Dondozo|100/100 slp|[silent]
|
|-heal|p2a: Kingambit|100/100 brn|[from] item: Leftovers
|-damage|p2a: Kingambit|94/100 brn|[from] brn
|turn|40
|
|move|p2a: Kingambit|Kowtow Cleave|p1a: Dondozo
|-damage|p1a: Dondozo|86/100 slp
|cant|p1a: Dondozo|slp
|move|p1a: Dondozo|Sleep Talk|p1a: Dondozo
|move|p1a: Dondozo|Rest||[from]move: Sleep Talk|[still]
|-fail|p1a: Dondozo
|
|-heal|p2a: Kingambit|100/100 brn|[from] item: Leftovers
|-heal|p1a: Dondozo|92/100 slp|[from] item: Leftovers
|-damage|p2a: Kingambit|94/100 brn|[from] brn
|turn|41
|
|move|p2a: Kingambit|Kowtow Cleave|p1a: Dondozo
|-damage|p1a: Dondozo|78/100 slp
|cant|p1a: Dondozo|slp
|move|p1a: Dondozo|Sleep Talk|p1a: Dondozo
|move|p1a: Dondozo|Curse|p1a: Dondozo|[from]move: Sleep Talk
|-unboost|p1a: Dondozo|spe|1
|-boost|p1a: Dondozo|atk|1
|-boost|p1a: Dondozo|def|1
|
|-heal|p2a: Kingambit|100/100 brn|[from] item: Leftovers
|-heal|p1a: Dondozo|84/100 slp|[from] item: Leftovers
|-damage|p2a: Kingambit|94/100 brn|[from] brn
|turn|42
|-message|p2 forfeited.
|
|win|p1
