|poke|p1|Slowking-Galar, F|
|poke|p1|Sneasler, F|
|poke|p1|Magearna|
|poke|p1|Skeledirge, F|
|poke|p1|Zarude-Dada|
|poke|p1|Landorus-Therian, M|
|poke|p2|Chien-Pao|
|poke|p2|Tauros-Paldea-Aqua, M|
|poke|p2|Heatran, F|
|poke|p2|Landorus-Therian, M|
|poke|p2|Volcanion|
|poke|p2|Iron Treads|
|teampreview
|
|start
|switch|p1a: Marlboro|Landorus-Therian, M|100/100
|switch|p2a: Landy Manny|Landorus-Therian, M|100/100
|-ability|p1a: Marlboro|Intimidate|boost
|-unboost|p2a: Landy Manny|atk|1
|-ability|p2a: Landy Manny|Intimidate|boost
|-unboost|p1a: Marlboro|atk|1
|turn|1
|
|switch|p2a: Chien Peasy|Chien-Pao|100/100
|-ability|p2a: Chien Peasy|Sword of Ruin
|move|p1a: Marlboro|Smack Down|p2a: Chien Peasy
|-supereffective|p2a: Chien Peasy
|-damage|p2a: Chien Peasy|69/100
|
|turn|2
|
|switch|p2a: Smoker|Volcanion|100/100
|switch|p1a: The Perc Fairy|Magearna|100/100
|
|turn|3
|
|switch|p1a: Codeine|Slowking-Galar, F|100/100
|move|p2a: Smoker|Steam Eruption|p1a: Codeine
|-damage|p1a: Codeine|34/100
|-status|p1a: Codeine|brn
|
|-heal|p1a: Codeine|40/100 brn|[from] item: Black Sludge
|-damage|p1a: Codeine|34/100 brn|[from] brn
|turn|4
|
|switch|p1a: Don Dada|Zarude-Dada|100/100
|move|p2a: Smoker|Steam Eruption|p1a: Don Dada
|-resisted|p1a: Don Dada
|-damage|p1a: Don Dada|55/100
|
|-heal|p1a: Don Dada|61/100|[from] item: Leftovers
|turn|5
|
|switch|p2a: Landy Manny|Landorus-Therian, M|100/100
|-ability|p2a: Landy Manny|Intimidate|boost
|-unboost|p1a: Don Dada|atk|1
|move|p1a: Don Dada|Trailblaze|p2a: Landy Manny
|-damage|p2a: Landy Manny|87/100
|-boost|p1a: Don Dada|spe|1
|
|-heal|p1a: Don Dada|67/100|[from] item: Leftovers
|-heal|p2a: Landy Manny|93/100|[from] item: Leftovers
|turn|6
|
|-terastallize|p1a: Don Dada|Fairy
|move|p1a: Don Dada|Bulk Up|p1a: Don Dada
|-boost|p1a: Don Dada|atk|1
|-boost|p1a: Don Dada|def|1
|move|p2a: Landy Manny|Focus Blast|p1a: Don Dada
|-resisted|p1a: Don Dada
|-damage|p1a: Don Dada|51/100
|
|-heal|p1a: Don Dada|57/100|[from] item: Leftovers
|-heal|p2a: Landy Manny|99/100|[from] item: Leftovers
|turn|7
|
|move|p1a: Don Dada|Bulk Up|p1a: Don Dada
|-boost|p1a: Don Dada|atk|1
|-boost|p1a: Don Dada|def|1
|move|p2a: Landy Manny|Sandsear Storm|p1a: Don Dada
|-damage|p1a: Don Dada|16/100
|
|-heal|p1a: Don Dada|22/100|[from] item: Leftovers
|-heal|p2a: Landy Manny|100/100|[from] item: Leftovers
|turn|8
|
|move|p1a: Don Dada|Crunch|p2a: Landy Manny
|-damage|p2a: Landy Manny|56/100
|move|p2a: Landy Manny|Sandsear Storm|p1a: Don Dada
|-crit|p1a: Don Dada
|-damage|p1a: Don Dada|0 fnt
|faint|p1a: Don Dada
|
|-heal|p2a: Landy Manny|62/100|[from] item: Leftovers
|
|switch|p1a: Maracca Croc|Skeledirge, F, shiny|100/100
|turn|9
|
|move|p2a: Landy Manny|Sandsear Storm|p1a: Maracca Croc
|-supereffective|p1a: Maracca Croc
|-damage|p1a: Maracca Croc|6/100
|move|p1a: Maracca Croc|Will-O-Wisp|p2a: Landy Manny
|-status|p2a: Landy Manny|brn
|
|-heal|p2a: Landy Manny|68/100 brn|[from] item: Leftovers
|-damage|p2a: Landy Manny|62/100 brn|[from] brn
|turn|10
|
|switch|p1a: Marlboro|Landorus-Therian, M|100/100
|-ability|p1a: Marlboro|Intimidate|boost
|-unboost|p2a: Landy Manny|atk|1
|move|p2a: Landy Manny|Grass Knot|p1a: Marlboro
|-damage|p1a: Marlboro|83/100
|
|-heal|p1a: Marlboro|89/100|[from] item: Leftovers
|-heal|p2a: Landy Manny|68/100 brn|[from] item: Leftovers
|-damage|p2a: Landy Manny|62/100 brn|[from] brn
|turn|11
|
|switch|p2a: Meat pt. 2|Tauros-Paldea-Aqua, M|100/100
|-ability|p2a: Meat pt. 2|Intimidate|boost
|-unboost|p1a: Marlboro|atk|1
|move|p1a: Marlboro|Smack Down|p2a: Meat pt. 2
|-resisted|p2a: Meat pt. 2
|-damage|p2a: Meat pt. 2|97/100
|
|-heal|p1a: Marlboro|95/100|[from] item: Leftovers
|turn|12
|
|move|p2a: Meat pt. 2|Wave Crash|p1a: Marlboro
|-supereffective|p1a: Marlboro
|-damage|p1a: Marlboro|15/100
|-damage|p2a: Meat pt. 2|70/100|[from] Recoil
|move|p1a: Marlboro|Stealth Rock|p2a: Meat pt. 2
|-sidestart|p2: hippopotomi|move: Stealth Rock
|
|-heal|p1a: Marlboro|22/100|[from] item: Leftovers
|turn|13
|
|switch|p1a: Maracca Croc|Skeledirge, F, shiny|6/100
|move|p2a: Meat pt. 2|Raging Bull|p1a: Maracca Croc
|-supereffective|p1a: Maracca Croc
|-damage|p1a: Maracca Croc|0 fnt
|faint|p1a: Maracca Croc
|
|
|switch|p1a: The Perc Fairy|Magearna|100/100
|turn|14
|
|switch|p2a: Smoker|Volcanion|100/100
|-damage|p2a: Smoker|76/100|[from] Stealth Rock
|move|p1a: The Perc Fairy|Shift Gear|p1a: The Perc Fairy
|-boost|p1a: The Perc Fairy|spe|2
|-boost|p1a: The Perc Fairy|atk|1
|
|turn|15
|
|move|p1a: The Perc Fairy|Calm Mind|p1a: The Perc Fairy
|-boost|p1a: The Perc Fairy|spa|1
|-boost|p1a: The Perc Fairy|spd|1
|move|p2a: Smoker|Overheat|p1a: The Perc Fairy
|-supereffective|p1a: The Perc Fairy
|-damage|p1a: The Perc Fairy|0 fnt
|-unboost|p2a: Smoker|spa|2
|faint|p1a: The Perc Fairy
|
|
|switch|p1a: Sprite|Sneasler, F|100/100
|turn|16
|
|switch|p2a: Meat pt. 2|Tauros-Paldea-Aqua, M|70/100
|-damage|p2a: Meat pt. 2|64/100|[from] Stealth Rock
|-ability|p2a: Meat pt. 2|Intimidate|boost
|-unboost|p1a: Sprite|atk|1
|move|p1a: Sprite|Switcheroo|p2a: Meat pt. 2
|-activate|p1a: Sprite|move: Trick|[of] p2a: Meat pt. 2
|-item|p2a: Meat pt. 2|Choice Scarf|[from] move: Switcheroo
|-item|p1a: Sprite|Rocky Helmet|[from] move: Switcheroo
|
|turn|17
|
|switch|p1a: Marlboro|Landorus-Therian, M|22/100
|-ability|p1a: Marlboro|Intimidate|boost
|-unboost|p2a: Meat pt. 2|atk|1
|move|p2a: Meat pt. 2|Wave Crash|p1a: Marlboro
|-supereffective|p1a: Marlboro
|-damage|p1a: Marlboro|0 fnt
|faint|p1a: Marlboro
|-damage|p2a: Meat pt. 2|57/100|[from] Recoil
|
|
|switch|p1a: Codeine|Slowking-Galar, F|67/100 brn
|turn|18
|
|switch|p2a: Iron Treads|Iron Treads|100/100
|-enditem|p2a: Iron Treads|Booster Energy
|-activate|p2a: Iron Treads|ability: Quark Drive|[fromitem]
|-start|p2a: Iron Treads|quarkdrivespe
|-damage|p2a: Iron Treads|97/100|[from] Stealth Rock
|move|p1a: Codeine|Future Sight|p2a: Iron Treads
|-start|p1a: Codeine|move: Future Sight
|
|-heal|p1a: Codeine|73/100 brn|[from] item: Black Sludge
|-damage|p1a: Codeine|67/100 brn|[from] brn
|turn|19
|
|move|p2a: Iron Treads|Earthquake|p1a: Codeine
|-supereffective|p1a: Codeine
|-damage|p1a: Codeine|0 fnt
|faint|p1a: Codeine
|
|
|switch|p1a: Sprite|Sneasler, F|100/100
|turn|20
|
|move|p2a: Iron Treads|Earthquake|p1a: Sprite
|-supereffective|p1a: Sprite
|-damage|p1a: Sprite|0 fnt
|faint|p1a: Sprite
|
|win|hippopotomi
