# advantage = p2
|poke|p1|Zapdos|
|poke|p1|Urshifu-*, F|
|poke|p1|Magearna|
|poke|p1|Great Tusk|
|poke|p1|Dragapult, F|
|poke|p1|Chien-Pao|
|poke|p2|Samurott-Hisui, M|
|poke|p2|Zapdos|
|poke|p2|Magearna|
|poke|p2|Great Tusk|
|poke|p2|Slowking-Galar, F|
|poke|p2|Iron Valiant|
|teampreview
|
|start
|switch|p1a: Magearna|Magearna|100/100
|switch|p2a: Magearna|Magearna|100/100
|turn|1
|
|move|p1a: Magearna|Spikes|p2a: Magearna
|-sidestart|p2: p2|Spikes
|move|p2a: Magearna|Flash Cannon|p1a: Magearna
|-crit|p1a: Magearna
|-damage|p1a: Magearna|47/100
|
|turn|2
|
|switch|p2a: Zapdos|Zapdos|100/100
|move|p1a: Magearna|Spikes|p2a: Zapdos
|-sidestart|p2: p2|Spikes
|
|turn|3
|
|switch|p1a: Zapdos|Zapdos|100/100
|move|p2a: Zapdos|Heat Wave|p1a: Zapdos
|-damage|p1a: Zapdos|77/100
|
|turn|4
|
|switch|p2a: Great Tusk|Great Tusk|100/100
|-damage|p2a: Great Tusk|84/100|[from] Spikes
|move|p1a: Zapdos|Volt Switch|p2a: Great Tusk
|-immune|p2a: Great Tusk
|
|-heal|p2a: Great Tusk|90/100|[from] item: Leftovers
|turn|5
|
|move|p1a: Zapdos|Hurricane|p2a: Great Tusk
|-supereffective|p2a: Great Tusk
|-damage|p2a: Great Tusk|0 fnt
|faint|p2a: Great Tusk
|-end|p2a: Great Tusk|Protosynthesis|[silent]
|
|
|switch|p2a: Samurott|Samurott-Hisui, M|100/100
|-damage|p2a: Samurott|84/100|[from] Spikes
|turn|6
|
|move|p2a: Samurott|Ceaseless Edge|p1a: Zapdos
|-crit|p1a: Zapdos
|-damage|p1a: Zapdos|31/100
|-sidestart|p1: p1|Spikes
|move|p1a: Zapdos|Volt Switch|p2a: Samurott
|-supereffective|p2a: Samurott
|-damage|p2a: Samurott|0 fnt
|faint|p2a: Samurott
|-message|p2 forfeited.
|
|win|p1
