# advantage = p2
|poke|p1|Great Tusk|
|poke|p1|Electrode-Hisui|
|poke|p1|Hydreigon, F|
|poke|p1|Magearna|
|poke|p1|Baxcalibur, F|
|poke|p1|Azumarill, F|
|poke|p2|Gastrodon, F|
|poke|p2|Magearna|
|poke|p2|Sylveon, F|
|poke|p2|Gholdengo|
|poke|p2|Cinderace, M|
|poke|p2|Meloetta|
|teampreview
|
|start
|switch|p1a: Electrode|Electrode-Hisui|100/100
|switch|p2a: Meloetta|Meloetta|100/100
|turn|1
|
|switch|p2a: Magearna|Magearna|100/100
|move|p1a: Electrode|Volt Switch|p2a: Magearna
|-damage|p2a: Magearna|72/100
|
|switch|p1a: Magearna|Magearna|100/100|[from] Volt Switch
|
|-heal|p2a: Magearna|78/100|[from] item: Leftovers
|turn|2
|
|move|p1a: Magearna|Calm Mind|p1a: Magearna
|-boost|p1a: Magearna|spa|1
|-boost|p1a: Magearna|spd|1
|move|p2a: Magearna|Volt Switch|p1a: Magearna
|-damage|p1a: Magearna|89/100
|
|switch|p2a: Sylveon|Sylveon, F|100/100|[from] Volt Switch
|
|-heal|p1a: Magearna|95/100|[from] item: Leftovers
|turn|3
|
|move|p2a: Sylveon|Yawn|p1a: Magearna
|-start|p1a: Magearna|move: Yawn|[of] p2a: Sylveon
|move|p1a: Magearna|Calm Mind|p1a: Magearna
|-boost|p1a: Magearna|spa|1
|-boost|p1a: Magearna|spd|1
|
|-heal|p1a: Magearna|100/100|[from] item: Leftovers
|turn|4
|
|switch|p1a: Azumarill|Azumarill, F|100/100
|move|p2a: Sylveon|Wish|p2a: Sylveon
|
|turn|5
|
|switch|p2a: Magearna|Magearna|78/100
|move|p1a: Azumarill|Belly Drum|p1a: Azumarill
|-damage|p1a: Azumarill|50/100
|-setboost|p1a: Azumarill|atk|6|[from] move: Belly Drum
|-enditem|p1a: Azumarill|Sitrus Berry|[eat]
|-heal|p1a: Azumarill|75/100|[from] item: Sitrus Berry
|
|-heal|p2a: Magearna|100/100|[from] move: Wish|[wisher] Sylveon
|turn|6
|
|switch|p2a: Gastrodon|Gastrodon, F|100/100
|move|p1a: Azumarill|Liquidation|p2a: Gastrodon
|-damage|p2a: Gastrodon|0 fnt
|-damage|p1a: Azumarill|59/100|[from] item: Rocky Helmet|[of] p2a: Gastrodon
|faint|p2a: Gastrodon
|
|
|switch|p2a: Sylveon|Sylveon, F|100/100
|turn|7
|
|-terastallize|p2a: Sylveon|Water
|move|p1a: Azumarill|Aqua Jet|p2a: Sylveon
|-resisted|p2a: Sylveon
|-damage|p2a: Sylveon|59/100
|move|p2a: Sylveon|Hyper Voice|p1a: Azumarill
|-damage|p1a: Azumarill|18/100
|
|-heal|p2a: Sylveon|65/100|[from] item: Leftovers
|turn|8
|
|-terastallize|p1a: Azumarill|Water
|move|p1a: Azumarill|Aqua Jet|p2a: Sylveon
|-resisted|p2a: Sylveon
|-damage|p2a: Sylveon|12/100
|move|p2a: Sylveon|Hyper Voice|p1a: Azumarill
|-damage|p1a: Azumarill|0 fnt
|faint|p1a: Azumarill
|
|-heal|p2a: Sylveon|18/100|[from] item: Leftovers
|
|switch|p1a: Electrode|Electrode-Hisui|100/100
|turn|9
|
|move|p1a: Electrode|Volt Switch|p2a: Sylveon
|-supereffective|p2a: Sylveon
|-damage|p2a: Sylveon|0 fnt
|faint|p2a: Sylveon
|
|switch|p1a: Great Tusk|Great Tusk|100/100|[from] Volt Switch
|
|
|switch|p2a: Meloetta|Meloetta|100/100
|turn|10
|
|-end|p1a: Great Tusk|Protosynthesis|[silent]
|switch|p1a: Magearna|Magearna|100/100
|move|p2a: Meloetta|Relic Song|p1a: Magearna
|-resisted|p1a: Magearna
|-damage|p1a: Magearna|87/100
|-formechange|p2a: Meloetta|Meloetta-Pirouette|[msg]
|
|-heal|p1a: Magearna|93/100|[from] item: Leftovers
|turn|11
|
|move|p2a: Meloetta|Swords Dance|p2a: Meloetta
|-boost|p2a: Meloetta|atk|2
|move|p1a: Magearna|Iron Defense|p1a: Magearna
|-boost|p1a: Magearna|def|2
|
|-heal|p1a: Magearna|99/100|[from] item: Leftovers
|turn|12
|
|move|p2a: Meloetta|Close Combat|p1a: Magearna
|-damage|p1a: Magearna|49/100
|-unboost|p2a: Meloetta|def|1
|-unboost|p2a: Meloetta|spd|1
|move|p1a: Magearna|Calm Mind|p1a: Magearna
|-boost|p1a: Magearna|spa|1
|-boost|p1a: Magearna|spd|1
|
|-heal|p1a: Magearna|55/100|[from] item: Leftovers
|turn|13
|
|move|p2a: Meloetta|Close Combat|p1a: Magearna
|-damage|p1a: Magearna|4/100
|-unboost|p2a: Meloetta|def|1
|-unboost|p2a: Meloetta|spd|1
|move|p1a: Magearna|Draining Kiss|p2a: Meloetta
|-supereffective|p2a: Meloetta
|-damage|p2a: Meloetta|0 fnt
|-heal|p1a: Magearna|74/100|[from] drain|[of] p2a: Meloetta
|faint|p2a: Meloetta
|-ability|p1a: Magearna|Soul-Heart|boost
|-boost|p1a: Magearna|spa|1
|
|-heal|p1a: Magearna|80/100|[from] item: Leftovers
|
|switch|p2a: Cinderace|Cinderace, M|100/100
|turn|14
|
|move|p2a: Cinderace|Pyro Ball|p1a: Magearna
|-supereffective|p1a: Magearna
|-damage|p1a: Magearna|29/100
|move|p1a: Magearna|Iron Defense|p1a: Magearna
|-boost|p1a: Magearna|def|2
|
|-heal|p1a: Magearna|35/100|[from] item: Leftovers
|turn|15
|
|move|p2a: Cinderace|Pyro Ball|p1a: Magearna
|-supereffective|p1a: Magearna
|-damage|p1a: Magearna|1/100
|move|p1a: Magearna|Draining Kiss|p2a: Cinderace
|-resisted|p2a: Cinderace
|-damage|p2a: Cinderace|61/100
|-heal|p1a: Magearna|25/100|[from] drain|[of] p2a: Cinderace
|
|-heal|p1a: Magearna|32/100|[from] item: Leftovers
|turn|16
|
|move|p2a: Cinderace|Pyro Ball|p1a: Magearna
|-supereffective|p1a: Magearna
|-damage|p1a: Magearna|1/100
|move|p1a: Magearna|Psyshock|p2a: Cinderace
|-damage|p2a: Cinderace|0 fnt
|faint|p2a: Cinderace
|-ability|p1a: Magearna|Soul-Heart|boost
|-boost|p1a: Magearna|spa|1
|
|-heal|p1a: Magearna|7/100|[from] item: Leftovers
|
|switch|p2a: Gholdengo|Gholdengo|100/100
|turn|17
|
|move|p2a: Gholdengo|Hex|p1a: Magearna
|-crit|p1a: Magearna
|-damage|p1a: Magearna|0 fnt
|faint|p1a: Magearna
|
|
|switch|p1a: Great Tusk|Great Tusk|100/100
|turn|18
|
|move|p2a: Gholdengo|Hex|p1a: Great Tusk
|-damage|p1a: Great Tusk|58/100
|move|p1a: Great Tusk|Earthquake|p2a: Gholdengo
|-supereffective|p2a: Gholdengo
|-crit|p2a: Gholdengo
|-damage|p2a: Gholdengo|0 fnt
|faint|p2a: Gholdengo
|
|-heal|p1a: Great Tusk|64/100|[from] item: Leftovers
|
|switch|p2a: Magearna|Magearna|100/100
|turn|19
|
|move|p1a: Great Tusk|Earthquake|p2a: Magearna
|-supereffective|p2a: Magearna
|-damage|p2a: Magearna|14/100
|move|p2a: Magearna|Fleur Cannon|p1a: Great Tusk
|-supereffective|p1a: Great Tusk
|-damage|p1a: Great Tusk|0 fnt
|-unboost|p2a: Magearna|spa|2
|faint|p1a: Great Tusk
|-ability|p2a: Magearna|Soul-Heart|boost
|-boost|p2a: Magearna|spa|1
|-end|p1a: Great Tusk|Protosynthesis|[silent]
|
|-heal|p2a: Magearna|20/100|[from] item: Leftovers
|
|switch|p1a: Electrode|Electrode-Hisui|100/100
|turn|20
|
|move|p1a: Electrode|Thunderbolt|p2a: Magearna
|-damage|p2a: Magearna|0 fnt
|faint|p2a: Magearna
|
|win|p1
