|poke|p1|Corviknight, M|
|poke|p1|Blissey, F|
|poke|p1|Garganacl, M|
|poke|p1|Decidueye, M|
|poke|p1|Urshifu-*, M|
|poke|p1|Hoopa-Unbound|
|poke|p2|Slowking-Galar, M|
|poke|p2|Garchomp, M|
|poke|p2|Gholdengo|
|poke|p2|Great Tusk|
|poke|p2|Sneasler, M|
|poke|p2|Rotom-Wash|
|teampreview
|
|start
|switch|p1a: 手|Hoopa-Unbound|100/100
|switch|p2a: Rotom|Rotom-Wash|100/100
|turn|1
|
|move|p1a: 手|Dark Pulse|p2a: Rotom
|-damage|p2a: Rotom|39/100
|cant|p2a: Rotom|flinch
|
|-heal|p2a: Rotom|45/100|[from] item: Leftovers
|turn|2
|
|move|p2a: Rotom|Protect|p2a: Rotom
|-singleturn|p2a: Rotom|Protect
|move|p1a: 手|Dark Pulse|p2a: Rotom
|-activate|p2a: Rotom|move: Protect
|
|-heal|p2a: Rotom|51/100|[from] item: Leftovers
|turn|3
|
|switch|p2a: Garchomp|Garchomp, M|100/100
|move|p1a: 手|Dark Pulse|p2a: Garchomp
|-damage|p2a: Garchomp|22/100
|
|turn|4
|
|move|p1a: 手|Dark Pulse|p2a: Garchomp
|-damage|p2a: Garchomp|0 fnt
|faint|p2a: Garchomp
|
|
|switch|p2a: Slowking|Slowking-Galar, M|100/100
|turn|5
|
|-terastallize|p2a: Slowking|Water
|move|p1a: 手|Dark Pulse|p2a: Slowking
|-damage|p2a: Slowking|62/100
|move|p2a: Slowking|Sludge Bomb|p1a: 手
|-damage|p1a: 手|69/100
|
|turn|6
|
|move|p1a: 手|Dark Pulse|p2a: Slowking
|-crit|p2a: Slowking
|-damage|p2a: Slowking|7/100
|cant|p2a: Slowking|flinch
|
|turn|7
|-message|p2 forfeited.
|
|win|p1
