# advantage = p2
|poke|p1|Urshifu-*, F|
|poke|p1|Slowking-Galar, F|
|poke|p1|Great Tusk|
|poke|p1|Dragapult, F|
|poke|p1|Zapdos|
|poke|p1|Garganacl, M|
|poke|p2|Urshifu-*, F|
|poke|p2|Tyranitar, M|
|poke|p2|Toxapex, M|
|poke|p2|Slowking-Galar, F|
|poke|p2|Iron Treads|
|poke|p2|Corviknight, M|
|teampreview
|
|start
|switch|p1a: Dragapult|Dragapult, F|100/100
|switch|p2a: Urshifu|Urshifu-Rapid-Strike, F|100/100
|turn|1
|
|switch|p2a: Tyranitar|Tyranitar, M|100/100
|-weather|Sandstorm|[from] ability: Sand Stream|[of] p2a: Tyranitar
|move|p1a: Dragapult|U-turn|p2a: Tyranitar
|-supereffective|p2a: Tyranitar
|-damage|p2a: Tyranitar|76/100
|
|switch|p1a: Urshifu|Urshifu-Rapid-Strike, F|100/100|[from] U-turn
|
|-weather|Sandstorm|[upkeep]
|-damage|p1a: Urshifu|94/100|[from] Sandstorm
|-heal|p2a: Tyranitar|82/100|[from] item: Leftovers
|turn|2
|
|switch|p2a: Toxapex|Toxapex, M|100/100
|move|p1a: Urshifu|U-turn|p2a: Toxapex
|-resisted|p2a: Toxapex
|-damage|p2a: Toxapex|90/100
|-damage|p1a: Urshifu|78/100|[from] item: Rocky Helmet|[of] p2a: Toxapex
|
|switch|p1a: Slowking|Slowking-Galar, F|100/100|[from] U-turn
|
|-weather|Sandstorm|[upkeep]
|-damage|p2a: Toxapex|84/100|[from] Sandstorm
|-damage|p1a: Slowking|94/100|[from] Sandstorm
|-heal|p1a: Slowking|100/100|[from] item: Leftovers
|turn|3
|
|switch|p2a: Iron Treads|Iron Treads|100/100
|move|p1a: Slowking|Future Sight|p2a: Iron Treads
|-start|p1a: Slowking|move: Future Sight
|
|-weather|Sandstorm|[upkeep]
|-damage|p1a: Slowking|94/100|[from] Sandstorm
|-heal|p1a: Slowking|100/100|[from] item: Leftovers
|turn|4
|
|move|p2a: Iron Treads|Earthquake|p1a: Slowking
|-supereffective|p1a: Slowking
|-damage|p1a: Slowking|0 fnt
|faint|p1a: Slowking
|
|-weather|Sandstorm|[upkeep]
|
|switch|p1a: Urshifu|Urshifu-Rapid-Strike, F|78/100
|turn|5
|
|-end|p2a: Iron Treads|Quark Drive|[silent]
|switch|p2a: Corviknight|Corviknight, M|100/100
|-ability|p2a: Corviknight|Pressure
|move|p1a: Urshifu|Surging Strikes|p2a: Corviknight
|-crit|p2a: Corviknight
|-damage|p2a: Corviknight|81/100
|-crit|p2a: Corviknight
|-damage|p2a: Corviknight|60/100
|-crit|p2a: Corviknight
|-damage|p2a: Corviknight|43/100
|-hitcount|p2a: Corviknight|3
|
|-weather|none
|-end|p2a: Corviknight|move: Future Sight
|-resisted|p2a: Corviknight
|-damage|p2a: Corviknight|25/100
|-heal|p2a: Corviknight|31/100|[from] item: Leftovers
|turn|6
|
|switch|p1a: Garganacl|Garganacl, M|100/100
|move|p2a: Corviknight|Roost|p2a: Corviknight
|-heal|p2a: Corviknight|81/100
|-singleturn|p2a: Corviknight|move: Roost
|
|-heal|p2a: Corviknight|87/100|[from] item: Leftovers
|turn|7
|
|move|p2a: Corviknight|U-turn|p1a: Garganacl
|-damage|p1a: Garganacl|91/100
|
|switch|p2a: Slowking|Slowking-Galar, F|100/100|[from] U-turn
|move|p1a: Garganacl|Salt Cure|p2a: Slowking
|-damage|p2a: Slowking|86/100
|-start|p2a: Slowking|Salt Cure
|
|-heal|p1a: Garganacl|97/100|[from] item: Leftovers
|-heal|p2a: Slowking|92/100|[from] item: Leftovers
|-damage|p2a: Slowking|79/100|[from] Salt Cure
|turn|8
|
|move|p1a: Garganacl|Curse|p1a: Garganacl
|-unboost|p1a: Garganacl|spe|1
|-boost|p1a: Garganacl|atk|1
|-boost|p1a: Garganacl|def|1
|move|p2a: Slowking|Future Sight|p1a: Garganacl
|-start|p2a: Slowking|move: Future Sight
|
|-heal|p2a: Slowking|86/100|[from] item: Leftovers
|-heal|p1a: Garganacl|100/100|[from] item: Leftovers
|-damage|p2a: Slowking|73/100|[from] Salt Cure
|turn|9
|
|move|p2a: Slowking|Chilly Reception|p2a: Slowking
|-weather|Snow
|
|switch|p2a: Urshifu|Urshifu-Rapid-Strike, F|100/100|[from] Chilly Reception
|move|p1a: Garganacl|Salt Cure|p2a: Urshifu
|-resisted|p2a: Urshifu
|-damage|p2a: Urshifu|90/100
|-start|p2a: Urshifu|Salt Cure
|
|-weather|Snow|[upkeep]
|-damage|p2a: Urshifu|65/100|[from] Salt Cure
|turn|10
|
|switch|p1a: Zapdos|Zapdos|100/100
|move|p2a: Urshifu|Swords Dance|p2a: Urshifu
|-boost|p2a: Urshifu|atk|2
|
|-weather|Snow|[upkeep]
|-end|p1a: Zapdos|move: Future Sight
|-damage|p1a: Zapdos|59/100
|-damage|p2a: Urshifu|40/100|[from] Salt Cure
|turn|11
|
|move|p2a: Urshifu|Surging Strikes|p1a: Zapdos
|-crit|p1a: Zapdos
|-damage|p1a: Zapdos|26/100
|-crit|p1a: Zapdos
|-damage|p1a: Zapdos|0 fnt
|faint|p1a: Zapdos
|-hitcount|p1: Zapdos|2
|
|-weather|Snow|[upkeep]
|-damage|p2a: Urshifu|15/100|[from] Salt Cure
|
|switch|p1a: Dragapult|Dragapult, F|100/100
|turn|12
|
|switch|p2a: Tyranitar|Tyranitar, M|82/100
|-weather|Sandstorm|[from] ability: Sand Stream|[of] p2a: Tyranitar
|move|p1a: Dragapult|Shadow Ball|p2a: Tyranitar
|-resisted|p2a: Tyranitar
|-damage|p2a: Tyranitar|73/100
|
|-weather|Sandstorm|[upkeep]
|-damage|p1a: Dragapult|95/100|[from] Sandstorm
|-heal|p2a: Tyranitar|79/100|[from] item: Leftovers
|turn|13
|
|switch|p1a: Great Tusk|Great Tusk|100/100
|move|p2a: Tyranitar|Stealth Rock|p1a: Great Tusk
|-sidestart|p1: p1|move: Stealth Rock
|
|-weather|Sandstorm|[upkeep]
|-heal|p2a: Tyranitar|85/100|[from] item: Leftovers
|turn|14
|
|move|p1a: Great Tusk|Stealth Rock|p2a: Tyranitar
|-sidestart|p2: p2|move: Stealth Rock
|move|p2a: Tyranitar|Ice Beam|p1a: Great Tusk
|-supereffective|p1a: Great Tusk
|-damage|p1a: Great Tusk|51/100
|
|-weather|Sandstorm|[upkeep]
|-heal|p1a: Great Tusk|57/100|[from] item: Leftovers
|-heal|p2a: Tyranitar|91/100|[from] item: Leftovers
|turn|15
|
|switch|p2a: Corviknight|Corviknight, M|87/100
|-damage|p2a: Corviknight|75/100|[from] Stealth Rock
|-ability|p2a: Corviknight|Pressure
|move|p1a: Great Tusk|Rapid Spin|p2a: Corviknight
|-resisted|p2a: Corviknight
|-damage|p2a: Corviknight|70/100
|-boost|p1a: Great Tusk|spe|1
|-sideend|p1: p1|Stealth Rock|[from] move: Rapid Spin|[of] p1a: Great Tusk
|
|-weather|Sandstorm|[upkeep]
|-heal|p1a: Great Tusk|63/100|[from] item: Leftovers
|-heal|p2a: Corviknight|77/100|[from] item: Leftovers
|turn|16
|
|-end|p1a: Great Tusk|Protosynthesis|[silent]
|switch|p1a: Garganacl|Garganacl, M|100/100
|move|p2a: Corviknight|Defog|p1a: Garganacl
|-unboost|p1a: Garganacl|evasion|1
|-sideend|p2: p2|Stealth Rock|[from] move: Defog|[of] p2a: Corviknight
|
|-weather|none
|-heal|p2a: Corviknight|83/100|[from] item: Leftovers
|turn|17
|
|move|p2a: Corviknight|U-turn|p1a: Garganacl
|-damage|p1a: Garganacl|92/100
|
|switch|p2a: Iron Treads|Iron Treads|100/100|[from] U-turn
|move|p1a: Garganacl|Salt Cure|p2a: Iron Treads
|-resisted|p2a: Iron Treads
|-damage|p2a: Iron Treads|97/100
|-start|p2a: Iron Treads|Salt Cure
|
|-heal|p1a: Garganacl|98/100|[from] item: Leftovers
|-damage|p2a: Iron Treads|73/100|[from] Salt Cure
|turn|18
|
|-terastallize|p1a: Garganacl|Water
|move|p2a: Iron Treads|Knock Off|p1a: Garganacl
|-damage|p1a: Garganacl|76/100
|-enditem|p1a: Garganacl|Leftovers|[from] move: Knock Off|[of] p2a: Iron Treads
|move|p1a: Garganacl|Curse|p1a: Garganacl
|-unboost|p1a: Garganacl|spe|1
|-boost|p1a: Garganacl|atk|1
|-boost|p1a: Garganacl|def|1
|
|-damage|p2a: Iron Treads|48/100|[from] Salt Cure
|turn|19
|
|-end|p2a: Iron Treads|Quark Drive|[silent]
|switch|p2a: Slowking|Slowking-Galar, F|100/100
|move|p1a: Garganacl|Curse|p1a: Garganacl
|-unboost|p1a: Garganacl|spe|1
|-boost|p1a: Garganacl|atk|1
|-boost|p1a: Garganacl|def|1
|
|turn|20
|
|move|p2a: Slowking|Future Sight|p1a: Garganacl
|-start|p2a: Slowking|move: Future Sight
|move|p1a: Garganacl|Earthquake|p2a: Slowking
|-supereffective|p2a: Slowking
|-damage|p2a: Slowking|6/100
|
|-heal|p2a: Slowking|12/100|[from] item: Leftovers
|turn|21
|
|switch|p2a: Toxapex|Toxapex, M|100/100
|move|p1a: Garganacl|Recover|p1a: Garganacl
|-heal|p1a: Garganacl|100/100
|
|turn|22
|
|move|p2a: Toxapex|Haze|p2a: Toxapex
|-clearallboost
|move|p1a: Garganacl|Salt Cure|p2a: Toxapex
|-damage|p2a: Toxapex|92/100
|-start|p2a: Toxapex|Salt Cure
|
|-end|p1a: Garganacl|move: Future Sight
|-damage|p1a: Garganacl|72/100
|-damage|p2a: Toxapex|67/100|[from] Salt Cure
|turn|23
|
|switch|p2a: Tyranitar|Tyranitar, M|91/100
|-weather|Sandstorm|[from] ability: Sand Stream|[of] p2a: Tyranitar
|move|p1a: Garganacl|Curse|p1a: Garganacl
|-unboost|p1a: Garganacl|spe|1
|-boost|p1a: Garganacl|atk|1
|-boost|p1a: Garganacl|def|1
|
|-weather|Sandstorm|[upkeep]
|-damage|p1a: Garganacl|66/100|[from] Sandstorm
|-heal|p2a: Tyranitar|98/100|[from] item: Leftovers
|turn|24
|
|switch|p2a: Toxapex|Toxapex, M|99/100
|move|p1a: Garganacl|Earthquake|p2a: Toxapex
|-supereffective|p2a: Toxapex
|-damage|p2a: Toxapex|60/100
|
|-weather|Sandstorm|[upkeep]
|-damage|p2a: Toxapex|53/100|[from] Sandstorm
|-damage|p1a: Garganacl|60/100|[from] Sandstorm
|turn|25
|
|move|p2a: Toxapex|Haze|p2a: Toxapex
|-clearallboost
|move|p1a: Garganacl|Recover|p1a: Garganacl
|-heal|p1a: Garganacl|100/100
|
|-weather|Sandstorm|[upkeep]
|-damage|p1a: Garganacl|94/100|[from] Sandstorm
|-damage|p2a: Toxapex|47/100|[from] Sandstorm
|turn|26
|
|switch|p2a: Corviknight|Corviknight, M|83/100
|-ability|p2a: Corviknight|Pressure
|move|p1a: Garganacl|Salt Cure|p2a: Corviknight
|-damage|p2a: Corviknight|74/100
|-start|p2a: Corviknight|Salt Cure
|
|-weather|Sandstorm|[upkeep]
|-damage|p1a: Garganacl|88/100|[from] Sandstorm
|-heal|p2a: Corviknight|80/100|[from] item: Leftovers
|-damage|p2a: Corviknight|55/100|[from] Salt Cure
|turn|27
|
|move|p2a: Corviknight|Roost|p2a: Corviknight
|-heal|p2a: Corviknight|100/100
|-singleturn|p2a: Corviknight|move: Roost
|move|p1a: Garganacl|Earthquake|p2a: Corviknight
|-supereffective|p2a: Corviknight
|-damage|p2a: Corviknight|68/100
|
|-weather|none
|-heal|p2a: Corviknight|74/100|[from] item: Leftovers
|-damage|p2a: Corviknight|49/100|[from] Salt Cure
|turn|28
|
|move|p2a: Corviknight|Roost|p2a: Corviknight
|-heal|p2a: Corviknight|99/100
|-singleturn|p2a: Corviknight|move: Roost
|move|p1a: Garganacl|Curse|p1a: Garganacl
|-unboost|p1a: Garganacl|spe|1
|-boost|p1a: Garganacl|atk|1
|-boost|p1a: Garganacl|def|1
|
|-heal|p2a: Corviknight|100/100|[from] item: Leftovers
|-damage|p2a: Corviknight|75/100|[from] Salt Cure
|turn|29
|
|move|p2a: Corviknight|U-turn|p1a: Garganacl
|-damage|p1a: Garganacl|81/100
|
|switch|p2a: Toxapex|Toxapex, M|80/100|[from] U-turn
|move|p1a: Garganacl|Earthquake|p2a: Toxapex
|-supereffective|p2a: Toxapex
|-damage|p2a: Toxapex|38/100
|
|turn|30
|
|move|p2a: Toxapex|Haze|p2a: Toxapex
|-clearallboost
|move|p1a: Garganacl|Salt Cure|p2a: Toxapex
|-damage|p2a: Toxapex|30/100
|-start|p2a: Toxapex|Salt Cure
|
|-damage|p2a: Toxapex|5/100|[from] Salt Cure
|turn|31
|
|switch|p2a: Iron Treads|Iron Treads|48/100
|move|p1a: Garganacl|Curse|p1a: Garganacl
|-unboost|p1a: Garganacl|spe|1
|-boost|p1a: Garganacl|atk|1
|-boost|p1a: Garganacl|def|1
|
|turn|32
|
|move|p2a: Iron Treads|Earthquake|p1a: Garganacl
|-damage|p1a: Garganacl|60/100
|move|p1a: Garganacl|Salt Cure|p2a: Iron Treads
|-resisted|p2a: Iron Treads
|-damage|p2a: Iron Treads|43/100
|-start|p2a: Iron Treads|Salt Cure
|
|-damage|p2a: Iron Treads|18/100|[from] Salt Cure
|turn|33
|
|-end|p2a: Iron Treads|Quark Drive|[silent]
|switch|p2a: Toxapex|Toxapex, M|38/100
|move|p1a: Garganacl|Recover|p1a: Garganacl
|-heal|p1a: Garganacl|100/100
|
|turn|34
|
|move|p2a: Toxapex|Haze|p2a: Toxapex
|-clearallboost
|move|p1a: Garganacl|Salt Cure|p2a: Toxapex
|-damage|p2a: Toxapex|29/100
|-start|p2a: Toxapex|Salt Cure
|
|-damage|p2a: Toxapex|4/100|[from] Salt Cure
|turn|35
|
|switch|p2a: Corviknight|Corviknight, M|75/100
|-ability|p2a: Corviknight|Pressure
|move|p1a: Garganacl|Curse|p1a: Garganacl
|-unboost|p1a: Garganacl|spe|1
|-boost|p1a: Garganacl|atk|1
|-boost|p1a: Garganacl|def|1
|
|-heal|p2a: Corviknight|82/100|[from] item: Leftovers
|turn|36
|
|move|p2a: Corviknight|Body Press|p1a: Garganacl
|-damage|p1a: Garganacl|90/100
|move|p1a: Garganacl|Curse|p1a: Garganacl
|-unboost|p1a: Garganacl|spe|1
|-boost|p1a: Garganacl|atk|1
|-boost|p1a: Garganacl|def|1
|
|-heal|p2a: Corviknight|88/100|[from] item: Leftovers
|turn|37
|
|move|p2a: Corviknight|U-turn|p1a: Garganacl
|-damage|p1a: Garganacl|85/100
|
|switch|p2a: Tyranitar|Tyranitar, M|98/100|[from] U-turn
|-weather|Sandstorm|[from] ability: Sand Stream|[of] p2a: Tyranitar
|move|p1a: Garganacl|Salt Cure|p2a: Tyranitar
|-damage|p2a: Tyranitar|76/100
|-start|p2a: Tyranitar|Salt Cure
|
|-weather|Sandstorm|[upkeep]
|-damage|p1a: Garganacl|79/100|[from] Sandstorm
|-heal|p2a: Tyranitar|83/100|[from] item: Leftovers
|-damage|p2a: Tyranitar|70/100|[from] Salt Cure
|turn|38
|
|switch|p2a: Corviknight|Corviknight, M|88/100
|-ability|p2a: Corviknight|Pressure
|move|p1a: Garganacl|Salt Cure|p2a: Corviknight
|-damage|p2a: Corviknight|71/100
|-start|p2a: Corviknight|Salt Cure
|
|-weather|Sandstorm|[upkeep]
|-damage|p1a: Garganacl|73/100|[from] Sandstorm
|-heal|p2a: Corviknight|77/100|[from] item: Leftovers
|-damage|p2a: Corviknight|52/100|[from] Salt Cure
|turn|39
|
|move|p2a: Corviknight|U-turn|p1a: Garganacl
|-crit|p1a: Garganacl
|-damage|p1a: Garganacl|59/100
|
|switch|p2a: Slowking|Slowking-Galar, F|45/100|[from] U-turn
|move|p1a: Garganacl|Earthquake|p2a: Slowking
|-supereffective|p2a: Slowking
|-damage|p2a: Slowking|0 fnt
|faint|p2a: Slowking
|
|-weather|Sandstorm|[upkeep]
|-damage|p1a: Garganacl|53/100|[from] Sandstorm
|
|switch|p2a: Toxapex|Toxapex, M|38/100
|turn|40
|
|move|p2a: Toxapex|Haze|p2a: Toxapex
|-clearallboost
|move|p1a: Garganacl|Earthquake|p2a: Toxapex
|-supereffective|p2a: Toxapex
|-damage|p2a: Toxapex|10/100
|
|-weather|Sandstorm|[upkeep]
|-damage|p1a: Garganacl|46/100|[from] Sandstorm
|-damage|p2a: Toxapex|4/100|[from] Sandstorm
|turn|41
|
|switch|p2a: Urshifu|Urshifu-Rapid-Strike, F|15/100
|move|p1a: Garganacl|Recover|p1a: Garganacl
|-heal|p1a: Garganacl|97/100
|
|-weather|none
|turn|42
|
|move|p2a: Urshifu|Close Combat|p1a: Garganacl
|-damage|p1a: Garganacl|57/100
|-unboost|p2a: Urshifu|def|1
|-unboost|p2a: Urshifu|spd|1
|move|p1a: Garganacl|Salt Cure|p2a: Urshifu
|-resisted|p2a: Urshifu
|-damage|p2a: Urshifu|5/100
|-start|p2a: Urshifu|Salt Cure
|
|-damage|p2a: Urshifu|0 fnt|[from] Salt Cure
|faint|p2a: Urshifu
|
|switch|p2a: Iron Treads|Iron Treads|18/100
|turn|43
|
|move|p2a: Iron Treads|Iron Head|p1a: Garganacl
|-resisted|p1a: Garganacl
|-damage|p1a: Garganacl|45/100
|move|p1a: Garganacl|Recover|p1a: Garganacl
|-heal|p1a: Garganacl|96/100
|
|turn|44
|
|move|p2a: Iron Treads|Earthquake|p1a: Garganacl
|-damage|p1a: Garganacl|62/100
|move|p1a: Garganacl|Earthquake|p2a: Iron Treads
|-supereffective|p2a: Iron Treads
|-damage|p2a: Iron Treads|0 fnt
|faint|p2a: Iron Treads
|-end|p2a: Iron Treads|Quark Drive|[silent]
|
|-message|p2 forfeited.
|
|win|p1
