|poke|p1|Dragapult, M|
|poke|p1|Magearna|
|poke|p1|Sneasler, M|
|poke|p1|Zamazenta-*|
|poke|p1|Volcarona, M|
|poke|p1|Ursaluna, M|
|poke|p2|Pelipper, F|
|poke|p2|Basculegion, M|
|poke|p2|Floatzel, F|
|poke|p2|Urshifu-*, F|
|poke|p2|Samurott-Hisui, F|
|poke|p2|Ditto|
|teampreview
|
|start
|switch|p1a: JetJoint|Dragapult, M, shiny|100/100
|switch|p2a: kill bill|Pelipper, F, shiny|100/100
|-weather|RainDance|[from] ability: Drizzle|[of] p2a: kill bill
|turn|1
|
|move|p1a: JetJoint|Reflect|p1a: JetJoint
|-sidestart|p1: Mognum62|Reflect
|move|p2a: kill bill|U-turn|p1a: JetJoint
|-resisted|p1a: JetJoint
|-damage|p1a: JetJoint|98/100
|
|switch|p2a: poseidon blade|Urshifu-Rapid-Strike, F|100/100|[from] U-turn
|
|-weather|RainDance|[upkeep]
|turn|2
|
|move|p1a: JetJoint|Will-O-Wisp|p2a: poseidon blade
|-status|p2a: poseidon blade|brn
|move|p2a: poseidon blade|Surging Strikes|p1a: JetJoint
|-resisted|p1a: JetJoint
|-crit|p1a: JetJoint
|-damage|p1a: JetJoint|86/100
|-resisted|p1a: JetJoint
|-crit|p1a: JetJoint
|-damage|p1a: JetJoint|73/100
|-start|p2a: poseidon blade|Disable|Surging Strikes|[from] ability: Cursed Body|[of] p1a: JetJoint
|-resisted|p1a: JetJoint
|-crit|p1a: JetJoint
|-damage|p1a: JetJoint|61/100
|-hitcount|p1a: JetJoint|3
|
|-weather|RainDance|[upkeep]
|-damage|p2a: poseidon blade|94/100 brn|[from] brn
|turn|3
|
|switch|p2a: 6th water type|Ditto, shiny|100/100
|-transform|p2a: 6th water type|p1a: JetJoint|[from] ability: Imposter
|move|p1a: JetJoint|Light Screen|p1a: JetJoint
|-sidestart|p1: Mognum62|move: Light Screen
|
|-weather|RainDance|[upkeep]
|turn|4
|
|move|p2a: 6th water type|Reflect|p2a: 6th water type
|-sidestart|p2: Dr. Drake6782|Reflect
|move|p1a: JetJoint|Will-O-Wisp|p2a: 6th water type
|-status|p2a: 6th water type|brn
|
|-weather|RainDance|[upkeep]
|-damage|p2a: 6th water type|94/100 brn|[from] brn
|turn|5
|
|switch|p1a: Gone in 2 days|Magearna|100/100
|move|p2a: 6th water type|Light Screen|p2a: 6th water type
|-sidestart|p2: Dr. Drake6782|move: Light Screen
|
|-weather|RainDance|[upkeep]
|-damage|p2a: 6th water type|88/100 brn|[from] brn
|turn|6
|
|switch|p2a: poseidon blade|Urshifu-Rapid-Strike, F|94/100 brn
|move|p1a: Gone in 2 days|Shift Gear|p1a: Gone in 2 days
|-boost|p1a: Gone in 2 days|spe|2
|-boost|p1a: Gone in 2 days|atk|1
|
|-weather|RainDance|[upkeep]
|-damage|p2a: poseidon blade|88/100 brn|[from] brn
|turn|7
|
|-terastallize|p1a: Gone in 2 days|Psychic
|move|p1a: Gone in 2 days|Calm Mind|p1a: Gone in 2 days
|-boost|p1a: Gone in 2 days|spa|1
|-boost|p1a: Gone in 2 days|spd|1
|move|p2a: poseidon blade|Surging Strikes|p1a: Gone in 2 days
|-crit|p1a: Gone in 2 days
|-damage|p1a: Gone in 2 days|80/100
|-crit|p1a: Gone in 2 days
|-damage|p1a: Gone in 2 days|58/100
|-crit|p1a: Gone in 2 days
|-damage|p1a: Gone in 2 days|35/100
|-hitcount|p1a: Gone in 2 days|3
|
|-weather|RainDance|[upkeep]
|-heal|p1a: Gone in 2 days|41/100|[from] item: Leftovers
|-damage|p2a: poseidon blade|82/100 brn|[from] brn
|turn|8
|
|move|p1a: Gone in 2 days|Draining Kiss|p2a: poseidon blade
|-supereffective|p2a: poseidon blade
|-damage|p2a: poseidon blade|21/100 brn
|-heal|p1a: Gone in 2 days|90/100|[from] drain|[of] p2a: poseidon blade
|move|p2a: poseidon blade|Surging Strikes|p1a: Gone in 2 days
|-crit|p1a: Gone in 2 days
|-damage|p1a: Gone in 2 days|69/100
|-crit|p1a: Gone in 2 days
|-damage|p1a: Gone in 2 days|48/100
|-crit|p1a: Gone in 2 days
|-damage|p1a: Gone in 2 days|26/100
|-hitcount|p1a: Gone in 2 days|3
|
|-weather|none
|-heal|p1a: Gone in 2 days|32/100|[from] item: Leftovers
|-damage|p2a: poseidon blade|15/100 brn|[from] brn
|-sideend|p1: Mognum62|Reflect
|-sideend|p2: Dr. Drake6782|Reflect
|turn|9
|
|move|p1a: Gone in 2 days|Draining Kiss|p2a: poseidon blade
|-supereffective|p2a: poseidon blade
|-crit|p2a: poseidon blade
|-damage|p2a: poseidon blade|0 fnt
|-heal|p1a: Gone in 2 days|43/100|[from] drain|[of] p2a: poseidon blade
|faint|p2a: poseidon blade
|-ability|p1a: Gone in 2 days|Soul-Heart|boost
|-boost|p1a: Gone in 2 days|spa|1
|
|-heal|p1a: Gone in 2 days|49/100|[from] item: Leftovers
|-sideend|p2: Dr. Drake6782|move: Light Screen
|
|switch|p2a: kill bill|Pelipper, F, shiny|100/100
|-weather|RainDance|[from] ability: Drizzle|[of] p2a: kill bill
|turn|10
|
|move|p1a: Gone in 2 days|Draining Kiss|p2a: kill bill
|-crit|p2a: kill bill
|-damage|p2a: kill bill|0 fnt
|-heal|p1a: Gone in 2 days|100/100|[from] drain|[of] p2a: kill bill
|faint|p2a: kill bill
|-ability|p1a: Gone in 2 days|Soul-Heart|boost
|-boost|p1a: Gone in 2 days|spa|1
|
|-weather|RainDance|[upkeep]
|-sideend|p1: Mognum62|move: Light Screen
|
|switch|p2a: crasher wake|Floatzel, F, shiny|100/100
|turn|11
|
|-terastallize|p2a: crasher wake|Water
|move|p2a: crasher wake|Wave Crash|p1a: Gone in 2 days
|-damage|p1a: Gone in 2 days|0 fnt
|faint|p1a: Gone in 2 days
|-damage|p2a: crasher wake|67/100|[from] Recoil
|
|-weather|RainDance|[upkeep]
|
|switch|p1a: Clifford|Zamazenta|100/100
|-ability|p1a: Clifford|Dauntless Shield|boost
|-boost|p1a: Clifford|def|1
|turn|12
|
|move|p2a: crasher wake|Wave Crash|p1a: Clifford
|-damage|p1a: Clifford|15/100
|-damage|p2a: crasher wake|37/100|[from] Recoil
|move|p1a: Clifford|Iron Defense|p1a: Clifford
|-boost|p1a: Clifford|def|2
|
|-weather|RainDance|[upkeep]
|-heal|p1a: Clifford|21/100|[from] item: Leftovers
|turn|13
|
|move|p2a: crasher wake|Wave Crash|p1a: Clifford
|-damage|p1a: Clifford|0 fnt
|faint|p1a: Clifford
|-damage|p2a: crasher wake|30/100|[from] Recoil
|
|-weather|RainDance|[upkeep]
|
|switch|p1a: JetJoint|Dragapult, M, shiny|61/100
|turn|14
|
|move|p2a: crasher wake|Wave Crash|p1a: JetJoint
|-resisted|p1a: JetJoint
|-damage|p1a: JetJoint|0 fnt
|faint|p1a: JetJoint
|-damage|p2a: crasher wake|6/100|[from] Recoil
|
|-weather|RainDance|[upkeep]
|
|switch|p1a: Cat on a string|Sneasler, M|100/100
|-item|p1a: Cat on a string|Air Balloon
|turn|15
|
|move|p2a: crasher wake|Wave Crash|p1a: Cat on a string
|-damage|p1a: Cat on a string|0 fnt
|-enditem|p1a: Cat on a string|Air Balloon
|faint|p1a: Cat on a string
|-damage|p2a: crasher wake|0 fnt|[from] Recoil
|faint|p2a: crasher wake
|
|-weather|RainDance|[upkeep]
|
|switch|p2a: mark 5:9|Basculegion, M, shiny|100/100
|switch|p1a: Bearz|Ursaluna, M|100/100
|turn|16
|
|move|p2a: mark 5:9|Wave Crash|p1a: Bearz
|-supereffective|p1a: Bearz
|-damage|p1a: Bearz|0 fnt
|faint|p1a: Bearz
|-damage|p2a: mark 5:9|64/100|[from] Recoil
|
|-weather|RainDance|[upkeep]
|
|switch|p1a: 1200s Goober|Volcarona, M|100/100
|turn|17
|
|move|p2a: mark 5:9|Wave Crash|p1a: 1200s Goober
|-supereffective|p1a: 1200s Goober
|-damage|p1a: 1200s Goober|0 fnt
|-status|p2a: mark 5:9|brn|[from] ability: Flame Body|[of] p1a: 1200s Goober
|faint|p1a: 1200s Goober
|-damage|p2a: mark 5:9|37/100 brn|[from] Recoil
|
|win|Dr. Drake6782
