|poke|p1|Dragonite, M|
|poke|p1|Great Tusk|
|poke|p1|Iron Valiant|
|poke|p1|Greninja, M|
|poke|p1|Kingambit, F|
|poke|p1|Slowking, M|
|poke|p2|Kingambit, M|
|poke|p2|Iron Moth|
|poke|p2|Iron Valiant|
|poke|p2|Glimmora, M|
|poke|p2|Azumarill, M|
|poke|p2|Baxcalibur, M|
|teampreview
|
|start
|switch|p1a: Slowking|Slowking, M|100/100
|switch|p2a: Udongirl|Glimmora, M|100/100
|turn|1
|
|move|p2a: Udongirl|Mortal Spin|p1a: Slowking
|-damage|p1a: Slowking|94/100
|-status|p1a: Slowking|psn
|move|p1a: Slowking|Surf|p2a: Udongirl
|-supereffective|p2a: Udongirl
|-damage|p2a: Udongirl|16/100
|
|-damage|p1a: Slowking|82/100 psn|[from] psn
|turn|2
|
|move|p2a: Udongirl|Stealth Rock|p1a: Slowking
|-sidestart|p1: p1|move: Stealth Rock
|move|p1a: Slowking|Future Sight|p2a: Udongirl
|-start|p1a: Slowking|move: Future Sight
|
|-damage|p1a: Slowking|69/100 psn|[from] psn
|turn|3
|
|move|p2a: Udongirl|Energy Ball|p1a: Slowking
|-supereffective|p1a: Slowking
|-damage|p1a: Slowking|31/100 psn
|move|p1a: Slowking|Surf|p2a: Udongirl
|-supereffective|p2a: Udongirl
|-damage|p2a: Udongirl|0 fnt
|faint|p2a: Udongirl
|
|-damage|p1a: Slowking|18/100 psn|[from] psn
|
|switch|p2a: Enzo?|Kingambit, M|100/100
|-activate|p2a: Enzo?|ability: Supreme Overlord
|-start|p2a: Enzo?|fallen1|[silent]
|turn|4
|
|switch|p1a: Great Tusk|Great Tusk|100/100
|-damage|p1a: Great Tusk|98/100|[from] Stealth Rock
|move|p2a: Enzo?|Iron Head|p1a: Great Tusk
|-damage|p1a: Great Tusk|71/100
|
|-end|p2a: Enzo?|move: Future Sight
|-immune|p2a: Enzo?
|-heal|p1a: Great Tusk|77/100|[from] item: Leftovers
|turn|5
|
|-end|p2a: Enzo?|fallen1|[silent]
|switch|p2a: Raj|Iron Moth|100/100
|-enditem|p2a: Raj|Booster Energy
|-activate|p2a: Raj|ability: Quark Drive|[fromitem]
|-start|p2a: Raj|quarkdrivespe
|move|p1a: Great Tusk|Rapid Spin|p2a: Raj
|-damage|p2a: Raj|80/100
|-boost|p1a: Great Tusk|spe|1
|-sideend|p1: p1|Stealth Rock|[from] move: Rapid Spin|[of] p1a: Great Tusk
|
|-heal|p1a: Great Tusk|84/100|[from] item: Leftovers
|turn|6
|
|-end|p1a: Great Tusk|Protosynthesis|[silent]
|switch|p1a: Iron Valiant|Iron Valiant|100/100
|move|p2a: Raj|Psychic|p1a: Iron Valiant
|-supereffective|p1a: Iron Valiant
|-damage|p1a: Iron Valiant|0 fnt
|faint|p1a: Iron Valiant
|-end|p1a: Iron Valiant|Quark Drive|[silent]
|
|
|switch|p1a: Slowking|Slowking, M|52/100 psn
|turn|7
|
|move|p2a: Raj|Fiery Dance|p1a: Slowking
|-resisted|p1a: Slowking
|-damage|p1a: Slowking|39/100 psn
|move|p1a: Slowking|Chilly Reception|p1a: Slowking
|-weather|Snow
|
|switch|p1a: Greninja|Greninja, M|100/100|[from] Chilly Reception
|
|-weather|Snow|[upkeep]
|turn|8
|
|switch|p1a: Slowking|Slowking, M|72/100 psn
|move|p2a: Raj|Sludge Wave|p1a: Slowking
|-damage|p1a: Slowking|45/100 psn
|
|-weather|Snow|[upkeep]
|-damage|p1a: Slowking|33/100 psn|[from] psn
|turn|9
|
|move|p2a: Raj|Fiery Dance|p1a: Slowking
|-resisted|p1a: Slowking
|-damage|p1a: Slowking|21/100 psn
|-boost|p2a: Raj|spa|1
|move|p1a: Slowking|Slack Off|p1a: Slowking
|-heal|p1a: Slowking|71/100 psn
|
|-weather|Snow|[upkeep]
|-damage|p1a: Slowking|58/100 psn|[from] psn
|turn|10
|
|move|p2a: Raj|Sludge Wave|p1a: Slowking
|-damage|p1a: Slowking|18/100 psn
|move|p1a: Slowking|Surf|p2a: Raj
|-supereffective|p2a: Raj
|-damage|p2a: Raj|12/100
|
|-weather|Snow|[upkeep]
|-damage|p1a: Slowking|5/100 psn|[from] psn
|turn|11
|
|move|p2a: Raj|Fiery Dance|p1a: Slowking
|-resisted|p1a: Slowking
|-damage|p1a: Slowking|0 fnt
|-boost|p2a: Raj|spa|1
|faint|p1a: Slowking
|
|-weather|none
|
|switch|p1a: Dragonite|Dragonite, M|100/100
|turn|12
|
|move|p1a: Dragonite|Extreme Speed|p2a: Raj
|-crit|p2a: Raj
|-damage|p2a: Raj|0 fnt
|faint|p2a: Raj
|-end|p2a: Raj|Quark Drive|[silent]
|
|
|switch|p2a: Bax all the way|Baxcalibur, M|100/100
|turn|13
|
|switch|p1a: Kingambit|Kingambit, F|100/100
|-activate|p1a: Kingambit|ability: Supreme Overlord
|-start|p1a: Kingambit|fallen2|[silent]
|move|p2a: Bax all the way|Icicle Spear|p1a: Kingambit
|-resisted|p1a: Kingambit
|-damage|p1a: Kingambit|95/100
|-resisted|p1a: Kingambit
|-damage|p1a: Kingambit|89/100
|-resisted|p1a: Kingambit
|-damage|p1a: Kingambit|83/100
|-resisted|p1a: Kingambit
|-damage|p1a: Kingambit|77/100
|-resisted|p1a: Kingambit
|-crit|p1a: Kingambit
|-damage|p1a: Kingambit|68/100
|-hitcount|p1a: Kingambit|5
|
|-heal|p1a: Kingambit|74/100|[from] item: Leftovers
|turn|14
|
|switch|p2a: Fc|Azumarill, M|100/100
|move|p1a: Kingambit|Iron Head|p2a: Fc
|-damage|p2a: Fc|29/100
|-enditem|p2a: Fc|Sitrus Berry|[eat]
|-heal|p2a: Fc|53/100|[from] item: Sitrus Berry
|
|-heal|p1a: Kingambit|80/100|[from] item: Leftovers
|turn|15
|
|move|p2a: Fc|Play Rough|p1a: Kingambit
|-damage|p1a: Kingambit|34/100
|move|p1a: Kingambit|Iron Head|p2a: Fc
|-damage|p2a: Fc|0 fnt
|faint|p2a: Fc
|
|-heal|p1a: Kingambit|40/100|[from] item: Leftovers
|
|switch|p2a: Bax all the way|Baxcalibur, M|100/100
|turn|16
|
|-terastallize|p1a: Kingambit|Flying
|move|p2a: Bax all the way|Substitute|p2a: Bax all the way
|-start|p2a: Bax all the way|Substitute
|-damage|p2a: Bax all the way|76/100
|move|p1a: Kingambit|Iron Head|p2a: Bax all the way
|-supereffective|p2a: Bax all the way
|-end|p2a: Bax all the way|Substitute
|
|-heal|p1a: Kingambit|46/100|[from] item: Leftovers
|turn|17
|
|-end|p1a: Kingambit|fallen2|[silent]
|switch|p1a: Greninja|Greninja, M|100/100
|move|p2a: Bax all the way|Icicle Spear|p1a: Greninja
|-resisted|p1a: Greninja
|-damage|p1a: Greninja|89/100
|-resisted|p1a: Greninja
|-damage|p1a: Greninja|77/100
|-resisted|p1a: Greninja
|-damage|p1a: Greninja|65/100
|-resisted|p1a: Greninja
|-damage|p1a: Greninja|52/100
|-resisted|p1a: Greninja
|-damage|p1a: Greninja|40/100
|-hitcount|p1a: Greninja|5
|
|turn|18
|
|move|p1a: Greninja|Dark Pulse|p2a: Bax all the way
|-start|p1a: Greninja|typechange|Dark|[from] ability: Protean
|-damage|p2a: Bax all the way|20/100
|move|p2a: Bax all the way|Dragon Dance|p2a: Bax all the way
|-boost|p2a: Bax all the way|atk|1
|-boost|p2a: Bax all the way|spe|1
|
|turn|19
|
|switch|p1a: Kingambit|Kingambit, F, tera:Flying|46/100
|-activate|p1a: Kingambit|ability: Supreme Overlord
|-start|p1a: Kingambit|fallen2|[silent]
|move|p2a: Bax all the way|Icicle Spear|p1a: Kingambit
|-supereffective|p1a: Kingambit
|-damage|p1a: Kingambit|12/100
|-supereffective|p1a: Kingambit
|-damage|p1a: Kingambit|0 fnt
|faint|p1a: Kingambit
|-end|p1a: Kingambit|fallen2|[silent]
|-hitcount|p1: Kingambit|2
|
|
|switch|p1a: Dragonite|Dragonite, M|100/100
|turn|20
|
|move|p1a: Dragonite|Extreme Speed|p2a: Bax all the way
|-damage|p2a: Bax all the way|0 fnt
|faint|p2a: Bax all the way
|
|
|switch|p2a: Pyjush|Iron Valiant|100/100
|-enditem|p2a: Pyjush|Booster Energy
|-activate|p2a: Pyjush|ability: Quark Drive|[fromitem]
|-start|p2a: Pyjush|quarkdrivespe
|turn|21
|
|move|p2a: Pyjush|Swords Dance|p2a: Pyjush
|-boost|p2a: Pyjush|atk|2
|move|p1a: Dragonite|Earthquake|p2a: Pyjush
|-crit|p2a: Pyjush
|-damage|p2a: Pyjush|31/100
|
|turn|22
|
|-terastallize|p2a: Pyjush|Ghost
|move|p1a: Dragonite|Extreme Speed|p2a: Pyjush
|-immune|p2a: Pyjush
|move|p2a: Pyjush|Spirit Break|p1a: Dragonite
|-supereffective|p1a: Dragonite
|-damage|p1a: Dragonite|16/100
|-unboost|p1a: Dragonite|spa|1
|
|turn|23
|
|move|p1a: Dragonite|Extreme Speed|p2a: Pyjush
|-immune|p2a: Pyjush
|move|p2a: Pyjush|Spirit Break|p1a: Dragonite
|-supereffective|p1a: Dragonite
|-crit|p1a: Dragonite
|-damage|p1a: Dragonite|0 fnt
|faint|p1a: Dragonite
|
|
|switch|p1a: Greninja|Greninja, M|40/100
|turn|24
|
|move|p1a: Greninja|Water Shuriken|p2a: Pyjush
|-start|p1a: Greninja|typechange|Water|[from] ability: Protean
|-damage|p2a: Pyjush|14/100
|-damage|p2a: Pyjush|0 fnt
|faint|p2a: Pyjush
|-end|p2a: Pyjush|Quark Drive|[silent]
|-hitcount|p2: Pyjush|2
|
|
|switch|p2a: Enzo?|Kingambit, M|100/100
|-activate|p2a: Enzo?|ability: Supreme Overlord
|-start|p2a: Enzo?|fallen5|[silent]
|turn|25
|
|move|p1a: Greninja|Water Shuriken|p2a: Enzo?
|-damage|p2a: Enzo?|91/100
|-damage|p2a: Enzo?|81/100
|-damage|p2a: Enzo?|72/100
|-hitcount|p2a: Enzo?|3
|move|p2a: Enzo?|Iron Head|p1a: Greninja
|-resisted|p1a: Greninja
|-damage|p1a: Greninja|0 fnt
|faint|p1a: Greninja
|
|-heal|p2a: Enzo?|78/100|[from] item: Leftovers
|
|switch|p1a: Great Tusk|Great Tusk|84/100
|turn|26
|
|move|p1a: Great Tusk|Earthquake|p2a: Enzo?
|-supereffective|p2a: Enzo?
|-damage|p2a: Enzo?|11/100
|move|p2a: Enzo?|Metal Burst|p1a: Great Tusk
|-damage|p1a: Great Tusk|0 fnt
|faint|p1a: Great Tusk
|-end|p1a: Great Tusk|Protosynthesis|[silent]
|
|win|p2
|player|p1|p1|#rbtt6teamzarude
