|poke|p1|Rotom-Wash|
|poke|p1|Zamazenta-*|
|poke|p1|Cinderace, M|
|poke|p1|Zapdos|
|poke|p1|Iron Moth|
|poke|p1|Landorus-Therian, M|
|poke|p2|Heatran, M|
|poke|p2|Zamazenta-*|
|poke|p2|Glimmora, M|
|poke|p2|Azumarill, F|
|poke|p2|Kingambit, F|
|poke|p2|Iron Valiant|
|teampreview
|
|start
|switch|p1a: Landorus|Landorus-Therian, M|100/100
|switch|p2a: Glimmora|Glimmora, M|100/100
|-ability|p1a: Landorus|Intimidate|boost
|-unboost|p2a: Glimmora|atk|1
|turn|1
|
|move|p1a: Landorus|Taunt|p2a: Glimmora
|-start|p2a: Glimmora|move: Taunt
|cant|p2a: Glimmora|move: Taunt|Stealth Rock
|
|turn|2
|
|move|p1a: Landorus|Earthquake|p2a: Glimmora
|-supereffective|p2a: Glimmora
|-enditem|p2a: Glimmora|Focus Sash
|-damage|p2a: Glimmora|1/100
|-activate|p2a: Glimmora|ability: Toxic Debris
|-sidestart|p1: NoGoodUserNames|move: Toxic Spikes
|move|p2a: Glimmora|Energy Ball|p1a: Landorus
|-damage|p1a: Landorus|67/100
|
|turn|3
|
|move|p1a: Landorus|U-turn|p2a: Glimmora
|-resisted|p2a: Glimmora
|-damage|p2a: Glimmora|0 fnt
|-activate|p2a: Glimmora|ability: Toxic Debris
|-sidestart|p1: NoGoodUserNames|move: Toxic Spikes
|faint|p2a: Glimmora
|
|switch|p1a: Iron Moth|Iron Moth|100/100|[from] U-turn
|-enditem|p1a: Iron Moth|Booster Energy
|-activate|p1a: Iron Moth|ability: Quark Drive|[fromitem]
|-start|p1a: Iron Moth|quarkdrivespa
|-sideend|p1: NoGoodUserNames|move: Toxic Spikes|[of] p1a: Iron Moth
|
|
|switch|p2a: Heatran|Heatran, M|100/100
|turn|4
|
|-end|p1a: Iron Moth|Quark Drive|[silent]
|switch|p1a: Rotom|Rotom-Wash|100/100
|move|p2a: Heatran|Magma Storm|p1a: Rotom
|-resisted|p1a: Rotom
|-damage|p1a: Rotom|79/100
|-activate|p1a: Rotom|move: Magma Storm|[of] p2a: Heatran
|
|-damage|p1a: Rotom|66/100|[from] move: Magma Storm|[partiallytrapped]
|turn|5
|
|move|p2a: Heatran|Protect|p2a: Heatran
|-singleturn|p2a: Heatran|Protect
|move|p1a: Rotom|Volt Switch|p2a: Heatran
|-activate|p2a: Heatran|move: Protect
|
|-damage|p1a: Rotom|54/100|[from] move: Magma Storm|[partiallytrapped]
|turn|6
|
|move|p1a: Rotom|Volt Switch|p2a: Heatran
|-damage|p2a: Heatran|85/100
|
|switch|p1a: Landorus|Landorus-Therian, M|67/100|[from] Volt Switch
|-ability|p1a: Landorus|Intimidate|boost
|-unboost|p2a: Heatran|atk|1
|move|p2a: Heatran|Magma Storm|p1a: Landorus
|-damage|p1a: Landorus|23/100
|-activate|p1a: Landorus|move: Magma Storm|[of] p2a: Heatran
|
|-heal|p2a: Heatran|91/100|[from] item: Leftovers
|-damage|p1a: Landorus|11/100|[from] move: Magma Storm|[partiallytrapped]
|turn|7
|
|move|p2a: Heatran|Protect|p2a: Heatran
|-singleturn|p2a: Heatran|Protect
|move|p1a: Landorus|Earthquake|p2a: Heatran
|-activate|p2a: Heatran|move: Protect
|
|-heal|p2a: Heatran|97/100|[from] item: Leftovers
|-damage|p1a: Landorus|0 fnt|[from] move: Magma Storm|[partiallytrapped]
|faint|p1a: Landorus
|
|switch|p1a: Zamazenta|Zamazenta|100/100
|-ability|p1a: Zamazenta|Dauntless Shield|boost
|-boost|p1a: Zamazenta|def|1
|turn|8
|
|-terastallize|p1a: Zamazenta|Fighting
|-terastallize|p2a: Heatran|Water
|move|p1a: Zamazenta|Close Combat|p2a: Heatran
|-damage|p2a: Heatran|0 fnt
|-unboost|p1a: Zamazenta|def|1
|-unboost|p1a: Zamazenta|spd|1
|faint|p2a: Heatran
|
|
|switch|p2a: Zamazenta|Zamazenta|100/100
|-ability|p2a: Zamazenta|Dauntless Shield|boost
|-boost|p2a: Zamazenta|def|1
|turn|9
|
|switch|p1a: Zapdos|Zapdos|100/100
|move|p2a: Zamazenta|Howl|p2a: Zamazenta
|-boost|p2a: Zamazenta|atk|1
|
|turn|10
|
|move|p2a: Zamazenta|Howl|p2a: Zamazenta
|-boost|p2a: Zamazenta|atk|1
|move|p1a: Zapdos|Volt Switch|p2a: Zamazenta
|-damage|p2a: Zamazenta|72/100
|
|switch|p1a: Rotom|Rotom-Wash|54/100|[from] Volt Switch
|
|turn|11
|
|move|p1a: Rotom|Thunder Wave|p2a: Zamazenta
|-status|p2a: Zamazenta|par
|move|p2a: Zamazenta|Close Combat|p1a: Rotom
|-damage|p1a: Rotom|0 fnt
|-unboost|p2a: Zamazenta|def|1
|-unboost|p2a: Zamazenta|spd|1
|faint|p1a: Rotom
|
|
|switch|p1a: Zamazenta|Zamazenta, tera:Fighting|100/100
|turn|12
|
|move|p1a: Zamazenta|Close Combat|p2a: Zamazenta
|-damage|p2a: Zamazenta|0 fnt
|-unboost|p1a: Zamazenta|def|1
|-unboost|p1a: Zamazenta|spd|1
|faint|p2a: Zamazenta
|
|
|switch|p2a: Iron Valiant|Iron Valiant|100/100
|turn|13
|
|move|p2a: Iron Valiant|Psyshock|p1a: Zamazenta
|-supereffective|p1a: Zamazenta
|-damage|p1a: Zamazenta|24/100
|move|p1a: Zamazenta|Close Combat|p2a: Iron Valiant
|-resisted|p2a: Iron Valiant
|-damage|p2a: Iron Valiant|25/100
|-unboost|p1a: Zamazenta|def|1
|-unboost|p1a: Zamazenta|spd|1
|
|turn|14
|
|switch|p1a: Cinderace|Cinderace, M|100/100
|move|p2a: Iron Valiant|Psyshock|p1a: Cinderace
|-damage|p1a: Cinderace|57/100
|
|turn|15
|
|-end|p2a: Iron Valiant|Quark Drive|[silent]
|switch|p2a: Azumarill|Azumarill, F|100/100
|move|p1a: Cinderace|U-turn|p2a: Azumarill
|-start|p1a: Cinderace|typechange|Bug|[from] ability: Libero
|-resisted|p2a: Azumarill
|-damage|p2a: Azumarill|82/100
|
|switch|p1a: Zapdos|Zapdos|100/100|[from] U-turn
|
|turn|16
|
|move|p1a: Zapdos|Thunderbolt|p2a: Azumarill
|-supereffective|p2a: Azumarill
|-damage|p2a: Azumarill|0 fnt
|faint|p2a: Azumarill
|
|
|switch|p2a: Kingambit|Kingambit, F|100/100
|-activate|p2a: Kingambit|ability: Supreme Overlord
|-start|p2a: Kingambit|fallen4|[silent]
|turn|17
|
|move|p1a: Zapdos|Heat Wave|p2a: Kingambit
|-supereffective|p2a: Kingambit
|-damage|p2a: Kingambit|39/100
|move|p2a: Kingambit|Swords Dance|p2a: Kingambit
|-boost|p2a: Kingambit|atk|2
|
|turn|18
|
|switch|p1a: Cinderace|Cinderace, M|57/100
|move|p2a: Kingambit|Sucker Punch||[still]
|-fail|p2a: Kingambit
|
|turn|19
|
|move|p2a: Kingambit|Sucker Punch||[still]
|-fail|p2a: Kingambit
|move|p1a: Cinderace|Taunt|p2a: Kingambit
|-start|p1a: Cinderace|typechange|Dark|[from] ability: Libero
|-start|p2a: Kingambit|move: Taunt
|
|turn|20
|
|move|p2a: Kingambit|Sucker Punch||[still]
|-fail|p2a: Kingambit
|move|p1a: Cinderace|Court Change||[still]
|-swapsideconditions
|-fail|p1a: Cinderace
|
|turn|21
|
|move|p1a: Cinderace|Pyro Ball|p2a: Kingambit
|-supereffective|p2a: Kingambit
|-damage|p2a: Kingambit|0 fnt
|faint|p2a: Kingambit
|-end|p2a: Kingambit|fallen4|[silent]
|
|-message|Pricejvl forfeited.
|
|win|NoGoodUserNames
