|poke|p1|Farigiraf, M|
|poke|p1|Great Tusk|
|poke|p1|Garganacl, F|
|poke|p1|Skeledirge, M|
|poke|p1|Iron Hands|
|poke|p1|Gholdengo|
|poke|p2|Urshifu-*, M|
|poke|p2|Magearna|
|poke|p2|Heatran, F|
|poke|p2|Zapdos|
|poke|p2|Kingambit, M|
|poke|p2|Great Tusk|
|teampreview
|
|start
|switch|p1a: Iron Hands|Iron Hands|100/100
|switch|p2a: Urshifu|Urshifu-Rapid-Strike, M|100/100
|turn|1
|
|move|p1a: Iron Hands|Fake Out|p2a: Urshifu
|-damage|p2a: Urshifu|85/100
|cant|p2a: Urshifu|flinch
|
|turn|2
|
|move|p2a: Urshifu|U-turn|p1a: Iron Hands
|-resisted|p1a: Iron Hands
|-damage|p1a: Iron Hands|92/100
|
|switch|p2a: Magearna|Magearna|100/100|[from] U-turn
|move|p1a: Iron Hands|Thunder Punch|p2a: Magearna
|-damage|p2a: Magearna|58/100
|
|turn|3
|
|move|p2a: Magearna|Fleur Cannon|p1a: Iron Hands
|-supereffective|p1a: Iron Hands
|-damage|p1a: Iron Hands|0 fnt
|-unboost|p2a: Magearna|spa|2
|faint|p1a: Iron Hands
|-ability|p2a: Magearna|Soul-Heart|boost
|-boost|p2a: Magearna|spa|1
|-end|p1a: Iron Hands|Quark Drive|[silent]
|
|
|switch|p1a: Farigiraf|Farigiraf, M|100/100
|turn|4
|
|switch|p2a: Kingambit|Kingambit, M|100/100
|move|p1a: Farigiraf|Agility|p1a: Farigiraf
|-boost|p1a: Farigiraf|spe|2
|
|turn|5
|
|-terastallize|p1a: Farigiraf|Fighting
|move|p2a: Kingambit|Sucker Punch||[still]
|cant|p1a: Farigiraf|ability: Armor Tail|Sucker Punch|[of] p2a: Kingambit
|move|p1a: Farigiraf|Calm Mind|p1a: Farigiraf
|-boost|p1a: Farigiraf|spa|1
|-boost|p1a: Farigiraf|spd|1
|
|turn|6
|
|-end|p2a: Kingambit|fallenundefined|[silent]
|switch|p2a: Zapdos|Zapdos|100/100
|move|p1a: Farigiraf|Agility|p1a: Farigiraf
|-boost|p1a: Farigiraf|spe|2
|
|turn|7
|
|move|p1a: Farigiraf|Calm Mind|p1a: Farigiraf
|-boost|p1a: Farigiraf|spa|1
|-boost|p1a: Farigiraf|spd|1
|move|p2a: Zapdos|Hurricane|p1a: Farigiraf
|-supereffective|p1a: Farigiraf
|-damage|p1a: Farigiraf|52/100
|
|-heal|p1a: Farigiraf|58/100|[from] item: Leftovers
|turn|8
|
|move|p1a: Farigiraf|Stored Power|p2a: Zapdos
|-damage|p2a: Zapdos|0 fnt
|faint|p2a: Zapdos
|
|-heal|p1a: Farigiraf|64/100|[from] item: Leftovers
|
|switch|p2a: Kingambit|Kingambit, M|100/100
|-activate|p2a: Kingambit|ability: Supreme Overlord
|-start|p2a: Kingambit|fallen1|[silent]
|turn|9
|
|-terastallize|p2a: Kingambit|Fairy
|move|p1a: Farigiraf|Tera Blast|p2a: Kingambit
|-resisted|p2a: Kingambit
|-damage|p2a: Kingambit|73/100
|move|p2a: Kingambit|Iron Head|p1a: Farigiraf
|-damage|p1a: Farigiraf|28/100
|
|-heal|p1a: Farigiraf|34/100|[from] item: Leftovers
|-heal|p2a: Kingambit|79/100|[from] item: Leftovers
|turn|10
|
|move|p2a: Kingambit|Sucker Punch||[still]
|cant|p1a: Farigiraf|ability: Armor Tail|Sucker Punch|[of] p2a: Kingambit
|move|p1a: Farigiraf|Stored Power|p2a: Kingambit
|-crit|p2a: Kingambit
|-damage|p2a: Kingambit|0 fnt
|faint|p2a: Kingambit
|-end|p2a: Kingambit|fallen1|[silent]
|
|-heal|p1a: Farigiraf|40/100|[from] item: Leftovers
|-message|Jskshxb forfeited.
|
|win|LowLadderMadness
