# advantage = p2
|poke|p1|Maushold|
|poke|p1|Sneasler, M|
|poke|p1|Garchomp, M|
|poke|p1|Gholdengo|
|poke|p1|Zapdos|
|poke|p1|Samurott-Hisui, M|
|poke|p2|Great Tusk|
|poke|p2|Torkoal, M|
|poke|p2|Gholdengo|
|poke|p2|Lilligant-Hisui, F|
|poke|p2|Walking Wake|
|poke|p2|Zamazenta-*|
|teampreview
|
|start
|switch|p1a: Cheap|Sneasler, M|100/100
|switch|p2a: Torkoal|Torkoal, M|100/100
|-weather|SunnyDay|[from] ability: Drought|[of] p2a: Torkoal
|turn|1
|
|move|p1a: Cheap|Fake Out|p2a: Torkoal
|-crit|p2a: Torkoal
|-damage|p2a: Torkoal|88/100
|cant|p2a: Torkoal|flinch
|
|-weather|SunnyDay|[upkeep]
|turn|2
|
|move|p1a: Cheap|Dire Claw|p2a: Torkoal
|-crit|p2a: Torkoal
|-damage|p2a: Torkoal|50/100
|move|p2a: Torkoal|Yawn|p1a: Cheap
|-start|p1a: Cheap|move: Yawn|[of] p2a: Torkoal
|
|-weather|SunnyDay|[upkeep]
|turn|3
|
|switch|p1a: Mice X Family|Maushold|100/100
|move|p2a: Torkoal|Stealth Rock|p1a: Mice X Family
|-sidestart|p1: p1|move: Stealth Rock
|
|-weather|SunnyDay|[upkeep]
|turn|4
|
|switch|p2a: Great Tusk|Great Tusk|100/100
|-activate|p2a: Great Tusk|ability: Protosynthesis
|-start|p2a: Great Tusk|protosynthesisatk
|move|p1a: Mice X Family|Encore||[still]
|-fail|p1a: Mice X Family
|
|-weather|SunnyDay|[upkeep]
|turn|5
|
|switch|p1a: Pls Para|Zapdos|100/100
|move|p2a: Great Tusk|Close Combat|p1a: Pls Para
|-resisted|p1a: Pls Para
|-damage|p1a: Pls Para|71/100
|-unboost|p2a: Great Tusk|def|1
|-unboost|p2a: Great Tusk|spd|1
|
|-weather|SunnyDay|[upkeep]
|turn|6
|
|move|p2a: Great Tusk|Knock Off|p1a: Pls Para
|-damage|p1a: Pls Para|40/100
|-status|p2a: Great Tusk|par|[from] ability: Static|[of] p1a: Pls Para
|-enditem|p1a: Pls Para|Heavy-Duty Boots|[from] move: Knock Off|[of] p2a: Great Tusk
|move|p1a: Pls Para|Hurricane|p2a: Great Tusk|[miss]
|-miss|p1a: Pls Para|p2a: Great Tusk
|
|-weather|SunnyDay|[upkeep]
|turn|7
|
|-end|p2a: Great Tusk|Protosynthesis|[silent]
|switch|p2a: Gholdengo|Gholdengo|100/100
|move|p1a: Pls Para|Roost|p1a: Pls Para
|-heal|p1a: Pls Para|90/100
|-singleturn|p1a: Pls Para|move: Roost
|
|-weather|SunnyDay|[upkeep]
|turn|8
|
|move|p2a: Gholdengo|Shadow Ball|p1a: Pls Para
|-damage|p1a: Pls Para|47/100
|-unboost|p1a: Pls Para|spd|1
|move|p1a: Pls Para|Heat Wave|p2a: Gholdengo
|-supereffective|p2a: Gholdengo
|-damage|p2a: Gholdengo|5/100
|
|-weather|none
|turn|9
|
|switch|p1a: Mice X Family|Maushold|100/100
|-damage|p1a: Mice X Family|88/100|[from] Stealth Rock
|move|p2a: Gholdengo|Shadow Ball|p1a: Mice X Family
|-immune|p1a: Mice X Family
|
|turn|10
|
|switch|p2a: Torkoal|Torkoal, M|50/100
|-weather|SunnyDay|[from] ability: Drought|[of] p2a: Torkoal
|move|p1a: Mice X Family|Tidy Up|p1a: Mice X Family
|-sideend|p1: p1|Stealth Rock
|-activate|p1a: Mice X Family|move: Tidy Up
|-boost|p1a: Mice X Family|atk|1
|-boost|p1a: Mice X Family|spe|1
|
|-weather|SunnyDay|[upkeep]
|turn|11
|
|move|p1a: Mice X Family|Population Bomb|p2a: Torkoal
|-damage|p2a: Torkoal|41/100
|-damage|p2a: Torkoal|31/100
|-damage|p2a: Torkoal|21/100
|-damage|p2a: Torkoal|11/100
|-damage|p2a: Torkoal|1/100
|-damage|p2a: Torkoal|0 fnt
|faint|p2a: Torkoal
|-hitcount|p2: Torkoal|6
|
|-weather|SunnyDay|[upkeep]
|
|switch|p2a: Walking Wake|Walking Wake|100/100
|-activate|p2a: Walking Wake|ability: Protosynthesis
|-start|p2a: Walking Wake|protosynthesisspe
|turn|12
|
|-terastallize|p2a: Walking Wake|Water
|move|p1a: Mice X Family|Population Bomb|p2a: Walking Wake
|-damage|p2a: Walking Wake|82/100
|-damage|p2a: Walking Wake|65/100
|-damage|p2a: Walking Wake|48/100
|-damage|p2a: Walking Wake|31/100
|-damage|p2a: Walking Wake|14/100
|-damage|p2a: Walking Wake|0 fnt
|faint|p2a: Walking Wake
|-end|p2a: Walking Wake|Protosynthesis|[silent]
|-hitcount|p2: Walking Wake|6
|
|-weather|SunnyDay|[upkeep]
|
|switch|p2a: Zamazenta|Zamazenta|100/100
|-ability|p2a: Zamazenta|Dauntless Shield|boost
|-boost|p2a: Zamazenta|def|1
|turn|13
|
|-terastallize|p1a: Mice X Family|Ghost
|move|p1a: Mice X Family|Population Bomb|p2a: Zamazenta
|-damage|p2a: Zamazenta|90/100
|-damage|p2a: Zamazenta|80/100
|-damage|p2a: Zamazenta|70/100
|-crit|p2a: Zamazenta
|-damage|p2a: Zamazenta|46/100
|-damage|p2a: Zamazenta|36/100
|-damage|p2a: Zamazenta|26/100
|-damage|p2a: Zamazenta|16/100
|-crit|p2a: Zamazenta
|-damage|p2a: Zamazenta|0 fnt
|faint|p2a: Zamazenta
|-hitcount|p2: Zamazenta|8
|
|-weather|SunnyDay|[upkeep]
|
|switch|p2a: Lilligant|Lilligant-Hisui, F|100/100
|turn|14
|
|move|p2a: Lilligant|Seed Bomb|p1a: Mice X Family
|-damage|p1a: Mice X Family|35/100
|move|p1a: Mice X Family|Population Bomb|p2a: Lilligant
|-crit|p2a: Lilligant
|-damage|p2a: Lilligant|65/100
|-damage|p2a: Lilligant|39/100
|-damage|p2a: Lilligant|14/100
|-damage|p2a: Lilligant|0 fnt
|faint|p2a: Lilligant
|-hitcount|p2: Lilligant|4
|
|-weather|SunnyDay|[upkeep]
|
|switch|p2a: Gholdengo|Gholdengo|5/100
|turn|15
|
|move|p1a: Mice X Family|Bite|p2a: Gholdengo
|-supereffective|p2a: Gholdengo
|-damage|p2a: Gholdengo|0 fnt
|faint|p2a: Gholdengo
|
|-weather|SunnyDay|[upkeep]
|
|switch|p2a: Great Tusk|Great Tusk|100/100 par
|-activate|p2a: Great Tusk|ability: Protosynthesis
|-start|p2a: Great Tusk|protosynthesisatk
|turn|16
|
|move|p1a: Mice X Family|Population Bomb|p2a: Great Tusk
|-damage|p2a: Great Tusk|88/100 par
|-damage|p2a: Great Tusk|75/100 par
|-damage|p2a: Great Tusk|62/100 par
|-damage|p2a: Great Tusk|50/100 par
|-damage|p2a: Great Tusk|38/100 par
|-damage|p2a: Great Tusk|26/100 par
|-damage|p2a: Great Tusk|14/100 par
|-damage|p2a: Great Tusk|2/100 par
|-damage|p2a: Great Tusk|0 fnt
|faint|p2a: Great Tusk
|-end|p2a: Great Tusk|Protosynthesis|[silent]
|-hitcount|p2: Great Tusk|9
|
|win|p1
