# advantage = p2
|poke|p1|Skeledirge, M|
|poke|p1|Decidueye, M|
|poke|p1|Meowscarada, F|
|poke|p1|Bisharp, M|
|poke|p1|Braviary, M|
|poke|p1|Floragato, M|
|poke|p2|Kleavor, F|
|poke|p2|Ursaluna, M|
|poke|p2|Hatterene, F|
|poke|p2|Amoonguss, M|
|poke|p2|Garganacl, M|
|poke|p2|Indeedee-F, F|
|teampreview
|
|start
|switch|p1a: Meowscarada|Meowscarada, F, shiny|100/100
|switch|p2a: Hatterene|Hatterene, F|100/100
|turn|1
|
|move|p1a: Meowscarada|Flower Trick|p2a: Hatterene
|-start|p1a: Meowscarada|typechange|Grass|[from] ability: Protean
|-crit|p2a: Hatterene
|-damage|p2a: Hatterene|24/100
|-enditem|p2a: Hatterene|Figy Berry|[eat]
|-heal|p2a: Hatterene|58/100|[from] item: Figy Berry
|-damage|p1a: Meowscarada|91/100|[from] item: Life Orb
|move|p2a: Hatterene|Trick Room|p2a: Hatterene
|-fieldstart|move: Trick Room|[of] p2a: Hatterene
|
|turn|2
|
|switch|p1a: Bisharp|Bisharp, M, shiny|100/100
|move|p2a: Hatterene|Psychic|p1a: Bisharp
|-immune|p1a: Bisharp
|
|turn|3
|
|switch|p2a: Ursaluna|Ursaluna, M|100/100
|move|p1a: Bisharp|Iron Head|p2a: Ursaluna
|-damage|p2a: Ursaluna|71/100
|
|-status|p2a: Ursaluna|brn|[from] item: Flame Orb
|turn|4
|
|switch|p1a: Floragato|Floragato, M|100/100
|move|p2a: Ursaluna|Headlong Rush|p1a: Floragato
|-resisted|p1a: Floragato
|-damage|p1a: Floragato|45/100
|-unboost|p2a: Ursaluna|def|1
|-unboost|p2a: Ursaluna|spd|1
|
|-damage|p2a: Ursaluna|65/100 brn|[from] brn
|turn|5
|
|move|p1a: Floragato|Sucker Punch|p2a: Ursaluna
|-start|p1a: Floragato|typechange|Dark|[from] ability: Protean
|-damage|p2a: Ursaluna|32/100 brn
|move|p2a: Ursaluna|Facade|p1a: Floragato
|-damage|p1a: Floragato|0 fnt
|faint|p1a: Floragato
|
|-damage|p2a: Ursaluna|26/100 brn|[from] brn
|-fieldend|move: Trick Room
|
|switch|p1a: Meowscarada|Meowscarada, F, shiny|91/100
|turn|6
|
|switch|p2a: Amoonguss|Amoonguss, M|100/100
|move|p1a: Meowscarada|U-turn|p2a: Amoonguss
|-start|p1a: Meowscarada|typechange|Bug|[from] ability: Protean
|-damage|p2a: Amoonguss|60/100
|-damage|p1a: Meowscarada|81/100|[from] item: Life Orb
|
|switch|p1a: Skeledirge|Skeledirge, M|100/100|[from] U-turn
|
|-heal|p2a: Amoonguss|66/100|[from] item: Black Sludge
|turn|7
|
|switch|p1a: Meowscarada|Meowscarada, F, shiny|81/100
|switch|p2a: Garganacl|Garganacl, M|100/100
|
|turn|8
|
|switch|p2a: Amoonguss|Amoonguss, M|66/100
|move|p1a: Meowscarada|Knock Off|p2a: Amoonguss
|-start|p1a: Meowscarada|typechange|Dark|[from] ability: Protean
|-damage|p2a: Amoonguss|8/100
|-enditem|p2a: Amoonguss|Black Sludge|[from] move: Knock Off|[of] p1a: Meowscarada
|-damage|p1a: Meowscarada|71/100|[from] item: Life Orb
|
|turn|9
|
|move|p2a: Amoonguss|Protect|p2a: Amoonguss
|-singleturn|p2a: Amoonguss|Protect
|move|p1a: Meowscarada|Knock Off|p2a: Amoonguss
|-activate|p2a: Amoonguss|move: Protect
|
|turn|10
|
|move|p1a: Meowscarada|Knock Off|p2a: Amoonguss
|-damage|p2a: Amoonguss|0 fnt
|-status|p1a: Meowscarada|psn|[from] ability: Effect Spore|[of] p2a: Amoonguss
|faint|p2a: Amoonguss
|-damage|p1a: Meowscarada|61/100 psn|[from] item: Life Orb
|
|-damage|p1a: Meowscarada|49/100 psn|[from] psn
|
|switch|p2a: Hatterene|Hatterene, F|58/100
|turn|11
|
|-terastallize|p1a: Meowscarada|Grass
|move|p1a: Meowscarada|Flower Trick|p2a: Hatterene
|-crit|p2a: Hatterene
|-damage|p2a: Hatterene|0 fnt
|faint|p2a: Hatterene
|-damage|p1a: Meowscarada|39/100 psn|[from] item: Life Orb
|
|-damage|p1a: Meowscarada|27/100 psn|[from] psn
|
|switch|p2a: Kleavor|Kleavor, F|100/100
|turn|12
|
|move|p2a: Kleavor|U-turn|p1a: Meowscarada
|-supereffective|p1a: Meowscarada
|-damage|p1a: Meowscarada|0 fnt
|faint|p1a: Meowscarada
|
|switch|p2a: Indeedee|Indeedee-F, F|100/100|[from] U-turn
|-fieldstart|move: Psychic Terrain|[from] ability: Psychic Surge|[of] p2a: Indeedee
|
|
|switch|p1a: Bisharp|Bisharp, M, shiny|100/100
|turn|13
|
|move|p1a: Bisharp|Stealth Rock|p2a: Indeedee
|-sidestart|p2: p2|move: Stealth Rock
|move|p2a: Indeedee|Trick Room|p2a: Indeedee
|-fieldstart|move: Trick Room|[of] p2a: Indeedee
|
|turn|14
|
|switch|p2a: Garganacl|Garganacl, M|100/100
|-damage|p2a: Garganacl|88/100|[from] Stealth Rock
|move|p1a: Bisharp|Iron Head|p2a: Garganacl
|-supereffective|p2a: Garganacl
|-damage|p2a: Garganacl|42/100
|
|-heal|p2a: Garganacl|48/100|[from] item: Leftovers
|turn|15
|
|-terastallize|p2a: Garganacl|Water
|move|p2a: Garganacl|Recover|p2a: Garganacl
|-heal|p2a: Garganacl|98/100
|move|p1a: Bisharp|Iron Head|p2a: Garganacl
|-resisted|p2a: Garganacl
|-damage|p2a: Garganacl|87/100
|
|-heal|p2a: Garganacl|94/100|[from] item: Leftovers
|turn|16
|
|switch|p1a: Decidueye|Decidueye, M, shiny|100/100
|move|p2a: Garganacl|Salt Cure|p1a: Decidueye
|-damage|p1a: Decidueye|84/100
|-start|p1a: Decidueye|Salt Cure
|
|-heal|p2a: Garganacl|99/100|[from] item: Leftovers
|-damage|p1a: Decidueye|72/100|[from] Salt Cure
|-fieldend|move: Psychic Terrain
|turn|17
|
|switch|p2a: Indeedee|Indeedee-F, F|100/100
|-damage|p2a: Indeedee|88/100|[from] Stealth Rock
|-fieldstart|move: Psychic Terrain|[from] ability: Psychic Surge|[of] p2a: Indeedee
|move|p1a: Decidueye|Leaf Blade|p2a: Indeedee
|-damage|p2a: Indeedee|22/100
|
|-damage|p1a: Decidueye|59/100|[from] Salt Cure
|-fieldend|move: Trick Room
|turn|18
|
|move|p1a: Decidueye|Leaf Blade|p2a: Indeedee
|-damage|p2a: Indeedee|0 fnt
|faint|p2a: Indeedee
|
|-damage|p1a: Decidueye|47/100|[from] Salt Cure
|
|switch|p2a: Kleavor|Kleavor, F|100/100
|-damage|p2a: Kleavor|76/100|[from] Stealth Rock
|turn|19
|
|switch|p1a: Bisharp|Bisharp, M, shiny|100/100
|move|p2a: Kleavor|Stone Axe|p1a: Bisharp
|-resisted|p1a: Bisharp
|-damage|p1a: Bisharp|82/100
|-sidestart|p1: p1|move: Stealth Rock
|
|turn|20
|
|switch|p2a: Garganacl|Garganacl, M, tera:Water|99/100
|-damage|p2a: Garganacl|87/100|[from] Stealth Rock
|switch|p1a: Decidueye|Decidueye, M, shiny|47/100
|-damage|p1a: Decidueye|35/100|[from] Stealth Rock
|
|-heal|p2a: Garganacl|94/100|[from] item: Leftovers
|turn|21
|
|move|p2a: Garganacl|Protect|p2a: Garganacl
|-singleturn|p2a: Garganacl|Protect
|move|p1a: Decidueye|Leaf Blade|p2a: Garganacl
|-activate|p2a: Garganacl|move: Protect
|
|-heal|p2a: Garganacl|99/100|[from] item: Leftovers
|-fieldend|move: Psychic Terrain
|turn|22
|player|p2|
|player|p2|p2|lucas
|
|switch|p2a: Ursaluna|Ursaluna, M|26/100 brn
|-damage|p2a: Ursaluna|20/100 brn|[from] Stealth Rock
|move|p1a: Decidueye|Leaf Blade|p2a: Ursaluna
|-supereffective|p2a: Ursaluna
|-crit|p2a: Ursaluna
|-damage|p2a: Ursaluna|0 fnt
|faint|p2a: Ursaluna
|
|
|switch|p2a: Kleavor|Kleavor, F|76/100
|-damage|p2a: Kleavor|51/100|[from] Stealth Rock
|turn|23
|
|switch|p1a: Braviary|Braviary, M|100/100
|move|p2a: Kleavor|U-turn|p1a: Braviary
|-resisted|p1a: Braviary
|-damage|p1a: Braviary|87/100
|
|switch|p2a: Garganacl|Garganacl, M, tera:Water|99/100|[from] U-turn
|-damage|p2a: Garganacl|87/100|[from] Stealth Rock
|
|-heal|p2a: Garganacl|94/100|[from] item: Leftovers
|turn|24
|
|move|p1a: Braviary|Defog|p2a: Garganacl
|-unboost|p2a: Garganacl|evasion|1
|-sideend|p2: p2|Stealth Rock|[from] move: Defog|[of] p1a: Braviary
|-sideend|p1: p1|Stealth Rock|[from] move: Defog|[of] p1a: Braviary
|move|p2a: Garganacl|Salt Cure|p1a: Braviary
|-supereffective|p1a: Braviary
|-damage|p1a: Braviary|64/100
|-start|p1a: Braviary|Salt Cure
|
|-heal|p2a: Garganacl|99/100|[from] item: Leftovers
|-damage|p1a: Braviary|51/100|[from] Salt Cure
|turn|25
|
|move|p1a: Braviary|Brave Bird|p2a: Garganacl
|-damage|p2a: Garganacl|74/100
|-damage|p1a: Braviary|43/100|[from] Recoil
|move|p2a: Garganacl|Curse|p2a: Garganacl
|-unboost|p2a: Garganacl|spe|1
|-boost|p2a: Garganacl|atk|1
|-boost|p2a: Garganacl|def|1
|
|-heal|p2a: Garganacl|80/100|[from] item: Leftovers
|-damage|p1a: Braviary|31/100|[from] Salt Cure
|turn|26
|
|move|p1a: Braviary|U-turn|p2a: Garganacl
|-damage|p2a: Garganacl|73/100
|
|switch|p1a: Decidueye|Decidueye, M, shiny|35/100|[from] U-turn
|move|p2a: Garganacl|Curse|p2a: Garganacl
|-unboost|p2a: Garganacl|spe|1
|-boost|p2a: Garganacl|atk|1
|-boost|p2a: Garganacl|def|1
|
|-heal|p2a: Garganacl|79/100|[from] item: Leftovers
|turn|27
|
|move|p2a: Garganacl|Protect|p2a: Garganacl
|-singleturn|p2a: Garganacl|Protect
|move|p1a: Decidueye|Swords Dance|p1a: Decidueye
|-boost|p1a: Decidueye|atk|2
|
|-heal|p2a: Garganacl|86/100|[from] item: Leftovers
|turn|28
|
|move|p1a: Decidueye|Leaf Blade|p2a: Garganacl
|-supereffective|p2a: Garganacl
|-damage|p2a: Garganacl|26/100
|move|p2a: Garganacl|Salt Cure|p1a: Decidueye
|-damage|p1a: Decidueye|0 fnt
|faint|p1a: Decidueye
|
|-heal|p2a: Garganacl|32/100|[from] item: Leftovers
|
|switch|p1a: Skeledirge|Skeledirge, M|100/100
|turn|29
|
|move|p2a: Garganacl|Protect|p2a: Garganacl
|-singleturn|p2a: Garganacl|Protect
|move|p1a: Skeledirge|Torch Song|p2a: Garganacl
|-activate|p2a: Garganacl|move: Protect
|
|-heal|p2a: Garganacl|39/100|[from] item: Leftovers
|turn|30
|
|move|p1a: Skeledirge|Torch Song|p2a: Garganacl
|-resisted|p2a: Garganacl
|-damage|p2a: Garganacl|24/100
|-boost|p1a: Skeledirge|spa|1
|move|p2a: Garganacl|Recover|p2a: Garganacl
|-heal|p2a: Garganacl|74/100
|
|-heal|p2a: Garganacl|80/100|[from] item: Leftovers
|turn|31
|
|move|p1a: Skeledirge|Torch Song|p2a: Garganacl
|-resisted|p2a: Garganacl
|-damage|p2a: Garganacl|58/100
|-boost|p1a: Skeledirge|spa|1
|move|p2a: Garganacl|Salt Cure|p1a: Skeledirge
|-supereffective|p1a: Skeledirge
|-damage|p1a: Skeledirge|84/100
|-start|p1a: Skeledirge|Salt Cure
|
|-heal|p1a: Skeledirge|91/100|[from] item: Leftovers
|-heal|p2a: Garganacl|64/100|[from] item: Leftovers
|-damage|p1a: Skeledirge|78/100|[from] Salt Cure
|turn|32
|
|move|p1a: Skeledirge|Hex|p2a: Garganacl
|-damage|p2a: Garganacl|44/100
|move|p2a: Garganacl|Salt Cure|p1a: Skeledirge
|-supereffective|p1a: Skeledirge
|-damage|p1a: Skeledirge|62/100
|
|-heal|p1a: Skeledirge|68/100|[from] item: Leftovers
|-heal|p2a: Garganacl|50/100|[from] item: Leftovers
|-damage|p1a: Skeledirge|55/100|[from] Salt Cure
|turn|33
|
|move|p1a: Skeledirge|Slack Off|p1a: Skeledirge
|-heal|p1a: Skeledirge|100/100
|move|p2a: Garganacl|Recover|p2a: Garganacl
|-heal|p2a: Garganacl|99/100
|
|-heal|p2a: Garganacl|100/100|[from] item: Leftovers
|-damage|p1a: Skeledirge|88/100|[from] Salt Cure
|turn|34
|
|move|p1a: Skeledirge|Torch Song|p2a: Garganacl
|-resisted|p2a: Garganacl
|-damage|p2a: Garganacl|74/100
|-boost|p1a: Skeledirge|spa|1
|move|p2a: Garganacl|Curse|p2a: Garganacl
|-unboost|p2a: Garganacl|spe|1
|-boost|p2a: Garganacl|atk|1
|-boost|p2a: Garganacl|def|1
|
|-heal|p1a: Skeledirge|94/100|[from] item: Leftovers
|-heal|p2a: Garganacl|80/100|[from] item: Leftovers
|-damage|p1a: Skeledirge|82/100|[from] Salt Cure
|turn|35
|
|move|p1a: Skeledirge|Torch Song|p2a: Garganacl
|-resisted|p2a: Garganacl
|-damage|p2a: Garganacl|48/100
|-boost|p1a: Skeledirge|spa|1
|move|p2a: Garganacl|Salt Cure|p1a: Skeledirge
|-supereffective|p1a: Skeledirge
|-damage|p1a: Skeledirge|64/100
|
|-heal|p1a: Skeledirge|70/100|[from] item: Leftovers
|-heal|p2a: Garganacl|54/100|[from] item: Leftovers
|-damage|p1a: Skeledirge|58/100|[from] Salt Cure
|turn|36
|
|move|p1a: Skeledirge|Slack Off|p1a: Skeledirge
|-heal|p1a: Skeledirge|100/100
|move|p2a: Garganacl|Recover|p2a: Garganacl
|-heal|p2a: Garganacl|100/100
|
|-damage|p1a: Skeledirge|88/100|[from] Salt Cure
|turn|37
|
|move|p1a: Skeledirge|Will-O-Wisp|p2a: Garganacl
|-immune|p2a: Garganacl|[from] ability: Purifying Salt
|move|p2a: Garganacl|Salt Cure|p1a: Skeledirge
|-supereffective|p1a: Skeledirge
|-damage|p1a: Skeledirge|72/100
|
|-heal|p1a: Skeledirge|78/100|[from] item: Leftovers
|-damage|p1a: Skeledirge|66/100|[from] Salt Cure
|turn|38
|
|move|p1a: Skeledirge|Torch Song|p2a: Garganacl
|-resisted|p2a: Garganacl
|-damage|p2a: Garganacl|60/100
|-boost|p1a: Skeledirge|spa|1
|move|p2a: Garganacl|Curse|p2a: Garganacl
|-unboost|p2a: Garganacl|spe|1
|-boost|p2a: Garganacl|atk|1
|-boost|p2a: Garganacl|def|1
|
|-heal|p1a: Skeledirge|72/100|[from] item: Leftovers
|-heal|p2a: Garganacl|67/100|[from] item: Leftovers
|-damage|p1a: Skeledirge|59/100|[from] Salt Cure
|turn|39
|
|move|p1a: Skeledirge|Slack Off|p1a: Skeledirge
|-heal|p1a: Skeledirge|100/100
|move|p2a: Garganacl|Recover|p2a: Garganacl
|-heal|p2a: Garganacl|100/100
|
|-damage|p1a: Skeledirge|88/100|[from] Salt Cure
|turn|40
|
|move|p1a: Skeledirge|Torch Song|p2a: Garganacl
|-resisted|p2a: Garganacl
|-damage|p2a: Garganacl|50/100
|-boost|p1a: Skeledirge|spa|1
|move|p2a: Garganacl|Salt Cure|p1a: Skeledirge
|-supereffective|p1a: Skeledirge
|-damage|p1a: Skeledirge|72/100
|
|-heal|p1a: Skeledirge|78/100|[from] item: Leftovers
|-heal|p2a: Garganacl|56/100|[from] item: Leftovers
|-damage|p1a: Skeledirge|66/100|[from] Salt Cure
|turn|41
|
|move|p1a: Skeledirge|Hex|p2a: Garganacl
|-damage|p2a: Garganacl|14/100
|move|p2a: Garganacl|Recover|p2a: Garganacl
|-heal|p2a: Garganacl|64/100
|
|-heal|p1a: Skeledirge|72/100|[from] item: Leftovers
|-heal|p2a: Garganacl|70/100|[from] item: Leftovers
|-damage|p1a: Skeledirge|59/100|[from] Salt Cure
|turn|42
|
|move|p1a: Skeledirge|Slack Off|p1a: Skeledirge
|-heal|p1a: Skeledirge|100/100
|move|p2a: Garganacl|Salt Cure|p1a: Skeledirge
|-supereffective|p1a: Skeledirge
|-damage|p1a: Skeledirge|83/100
|
|-heal|p1a: Skeledirge|89/100|[from] item: Leftovers
|-heal|p2a: Garganacl|76/100|[from] item: Leftovers
|-damage|p1a: Skeledirge|77/100|[from] Salt Cure
|turn|43
|
|move|p1a: Skeledirge|Hex|p2a: Garganacl
|-damage|p2a: Garganacl|33/100
|move|p2a: Garganacl|Curse|p2a: Garganacl
|-unboost|p2a: Garganacl|spe|1
|-boost|p2a: Garganacl|atk|1
|-boost|p2a: Garganacl|def|1
|
|-heal|p1a: Skeledirge|83/100|[from] item: Leftovers
|-heal|p2a: Garganacl|40/100|[from] item: Leftovers
|-damage|p1a: Skeledirge|70/100|[from] Salt Cure
|turn|44
|
|move|p1a: Skeledirge|Slack Off|p1a: Skeledirge
|-heal|p1a: Skeledirge|100/100
|move|p2a: Garganacl|Recover|p2a: Garganacl
|-heal|p2a: Garganacl|90/100
|
|-heal|p2a: Garganacl|96/100|[from] item: Leftovers
|-damage|p1a: Skeledirge|88/100|[from] Salt Cure
|turn|45
|
|move|p1a: Skeledirge|Hex|p2a: Garganacl
|-damage|p2a: Garganacl|50/100
|move|p2a: Garganacl|Curse|p2a: Garganacl
|-unboost|p2a: Garganacl|spe|1
|-boost|p2a: Garganacl|atk|1
|-boost|p2a: Garganacl|def|1
|
|-heal|p1a: Skeledirge|94/100|[from] item: Leftovers
|-heal|p2a: Garganacl|56/100|[from] item: Leftovers
|-damage|p1a: Skeledirge|82/100|[from] Salt Cure
|turn|46
|
|move|p2a: Garganacl|Protect|p2a: Garganacl
|-singleturn|p2a: Garganacl|Protect
|move|p1a: Skeledirge|Hex|p2a: Garganacl
|-activate|p2a: Garganacl|move: Protect
|
|-heal|p1a: Skeledirge|88/100|[from] item: Leftovers
|-heal|p2a: Garganacl|62/100|[from] item: Leftovers
|-damage|p1a: Skeledirge|75/100|[from] Salt Cure
|turn|47
|
|move|p1a: Skeledirge|Hex|p2a: Garganacl
|-damage|p2a: Garganacl|17/100
|move|p2a: Garganacl|Recover|p2a: Garganacl
|-heal|p2a: Garganacl|67/100
|
|-heal|p1a: Skeledirge|82/100|[from] item: Leftovers
|-heal|p2a: Garganacl|74/100|[from] item: Leftovers
|-damage|p1a: Skeledirge|69/100|[from] Salt Cure
|turn|48
|
|move|p2a: Garganacl|Protect|p2a: Garganacl
|-singleturn|p2a: Garganacl|Protect
|move|p1a: Skeledirge|Hex|p2a: Garganacl
|-activate|p2a: Garganacl|move: Protect
|
|-heal|p1a: Skeledirge|75/100|[from] item: Leftovers
|-heal|p2a: Garganacl|80/100|[from] item: Leftovers
|-damage|p1a: Skeledirge|63/100|[from] Salt Cure
|turn|49
|
|move|p1a: Skeledirge|Hex|p2a: Garganacl
|-damage|p2a: Garganacl|35/100
|move|p2a: Garganacl|Salt Cure|p1a: Skeledirge
|-supereffective|p1a: Skeledirge
|-damage|p1a: Skeledirge|47/100
|
|-heal|p1a: Skeledirge|53/100|[from] item: Leftovers
|-heal|p2a: Garganacl|41/100|[from] item: Leftovers
|-damage|p1a: Skeledirge|41/100|[from] Salt Cure
|turn|50
|
|move|p2a: Garganacl|Protect|p2a: Garganacl
|-singleturn|p2a: Garganacl|Protect
|move|p1a: Skeledirge|Slack Off|p1a: Skeledirge
|-heal|p1a: Skeledirge|91/100
|
|-heal|p1a: Skeledirge|97/100|[from] item: Leftovers
|-heal|p2a: Garganacl|47/100|[from] item: Leftovers
|-damage|p1a: Skeledirge|84/100|[from] Salt Cure
|turn|51
|
|move|p1a: Skeledirge|Hex|p2a: Garganacl
|-damage|p2a: Garganacl|0 fnt
|faint|p2a: Garganacl
|
|-heal|p1a: Skeledirge|90/100|[from] item: Leftovers
|-damage|p1a: Skeledirge|78/100|[from] Salt Cure
|
|switch|p2a: Kleavor|Kleavor, F|51/100
|turn|52
|
|move|p2a: Kleavor|Stone Axe|p1a: Skeledirge
|-supereffective|p1a: Skeledirge
|-damage|p1a: Skeledirge|20/100
|-sidestart|p1: p1|move: Stealth Rock
|move|p1a: Skeledirge|Torch Song|p2a: Kleavor
|-damage|p2a: Kleavor|0 fnt
|faint|p2a: Kleavor
|
|win|p1
