|poke|p1|Lilligant-Hisui, F|
|poke|p1|Magearna|
|poke|p1|Glimmora, M|
|poke|p1|Grimmsnarl, M|
|poke|p1|Gholdengo|
|poke|p1|Iron Valiant|
|poke|p2|Tornadus-Therian, M|
|poke|p2|Great Tusk|
|poke|p2|Kleavor, M|
|poke|p2|Arcanine-Hisui, F|
|poke|p2|Walking Wake|
|poke|p2|Raichu-Alola, F|
|teampreview
|
|start
|switch|p1a: Glamorous|Glimmora, M|100/100
|switch|p2a: Exacutioner|Kleavor, M, shiny|100/100
|turn|1
|
|move|p1a: Glamorous|Stealth Rock|p2a: Exacutioner
|-sidestart|p2: p2|move: Stealth Rock
|move|p2a: Exacutioner|Stone Axe|p1a: Glamorous
|-damage|p1a: Glamorous|45/100
|-sidestart|p1: p1|move: Stealth Rock
|-activate|p1a: Glamorous|ability: Toxic Debris
|-sidestart|p2: p2|move: Toxic Spikes
|
|turn|2
|
|move|p1a: Glamorous|Earth Power|p2a: Exacutioner
|-damage|p2a: Exacutioner|52/100
|move|p2a: Exacutioner|Stone Axe|p1a: Glamorous
|-damage|p1a: Glamorous|0 fnt
|-activate|p1a: Glamorous|ability: Toxic Debris
|-sidestart|p2: p2|move: Toxic Spikes
|faint|p1a: Glamorous
|
|
|switch|p1a: Villain|Grimmsnarl, M|100/100
|-damage|p1a: Villain|88/100|[from] Stealth Rock
|turn|3
|
|move|p1a: Villain|Reflect|p1a: Villain
|-sidestart|p1: p1|Reflect
|move|p2a: Exacutioner|Stone Axe|p1a: Villain
|-damage|p1a: Villain|61/100
|
|turn|4
|
|move|p1a: Villain|Light Screen|p1a: Villain
|-sidestart|p1: p1|move: Light Screen
|move|p2a: Exacutioner|Stone Axe|p1a: Villain
|-damage|p1a: Villain|35/100
|
|turn|5
|
|move|p1a: Villain|Parting Shot|p2a: Exacutioner
|-unboost|p2a: Exacutioner|atk|1
|-unboost|p2a: Exacutioner|spa|1
|
|switch|p1a: Lily of the Valley|Lilligant-Hisui, F|100/100|[from] Parting Shot
|-damage|p1a: Lily of the Valley|94/100|[from] Stealth Rock
|move|p2a: Exacutioner|Close Combat|p1a: Lily of the Valley
|-damage|p1a: Lily of the Valley|73/100
|-unboost|p2a: Exacutioner|def|1
|-unboost|p2a: Exacutioner|spd|1
|
|turn|6
|
|-terastallize|p1a: Lily of the Valley|Water
|move|p1a: Lily of the Valley|Victory Dance|p1a: Lily of the Valley
|-boost|p1a: Lily of the Valley|atk|1
|-boost|p1a: Lily of the Valley|def|1
|-boost|p1a: Lily of the Valley|spe|1
|move|p2a: Exacutioner|U-turn|p1a: Lily of the Valley
|-damage|p1a: Lily of the Valley|62/100
|
|switch|p2a: MyBoi!|Raichu-Alola, F|100/100|[from] U-turn
|-damage|p2a: MyBoi!|88/100|[from] Stealth Rock
|-status|p2a: MyBoi!|tox
|
|-damage|p2a: MyBoi!|82/100 tox|[from] psn
|turn|7
|
|move|p1a: Lily of the Valley|Leaf Blade|p2a: MyBoi!
|-damage|p2a: MyBoi!|0 fnt
|faint|p2a: MyBoi!
|
|
|switch|p2a: Turbulence|Tornadus-Therian, M, shiny|100/100
|-damage|p2a: Turbulence|76/100|[from] Stealth Rock
|turn|8
|
|move|p1a: Lily of the Valley|Victory Dance|p1a: Lily of the Valley
|-boost|p1a: Lily of the Valley|atk|1
|-boost|p1a: Lily of the Valley|def|1
|-boost|p1a: Lily of the Valley|spe|1
|move|p2a: Turbulence|Bleakwind Storm|p1a: Lily of the Valley|[miss]
|-miss|p2a: Turbulence|p1a: Lily of the Valley
|
|turn|9
|
|move|p1a: Lily of the Valley|Aerial Ace|p2a: Turbulence
|-damage|p2a: Turbulence|2/100
|move|p2a: Turbulence|Bleakwind Storm|p1a: Lily of the Valley|[miss]
|-miss|p2a: Turbulence|p1a: Lily of the Valley
|
|turn|10
|
|move|p1a: Lily of the Valley|Aerial Ace|p2a: Turbulence
|-damage|p2a: Turbulence|0 fnt
|faint|p2a: Turbulence
|
|-sideend|p1: p1|Reflect
|
|switch|p2a: Exacutioner|Kleavor, M, shiny|52/100
|-damage|p2a: Exacutioner|27/100|[from] Stealth Rock
|-status|p2a: Exacutioner|tox
|turn|11
|
|move|p1a: Lily of the Valley|Leaf Blade|p2a: Exacutioner
|-crit|p2a: Exacutioner
|-damage|p2a: Exacutioner|0 fnt
|faint|p2a: Exacutioner
|
|-sideend|p1: p1|move: Light Screen
|
|switch|p2a: TuskyTusky|Great Tusk|100/100
|-damage|p2a: TuskyTusky|98/100|[from] Stealth Rock
|-status|p2a: TuskyTusky|tox
|-enditem|p2a: TuskyTusky|Booster Energy
|-activate|p2a: TuskyTusky|ability: Protosynthesis|[fromitem]
|-start|p2a: TuskyTusky|protosynthesisdef
|turn|12
|
|move|p1a: Lily of the Valley|Leaf Blade|p2a: TuskyTusky
|-supereffective|p2a: TuskyTusky
|-crit|p2a: TuskyTusky
|-damage|p2a: TuskyTusky|0 fnt
|faint|p2a: TuskyTusky
|-end|p2a: TuskyTusky|Protosynthesis|[silent]
|
|
|switch|p2a: WokeWake|Walking Wake|100/100
|-damage|p2a: WokeWake|88/100|[from] Stealth Rock
|-status|p2a: WokeWake|tox
|turn|13
|
|move|p1a: Lily of the Valley|Leaf Blade|p2a: WokeWake
|-damage|p2a: WokeWake|0 fnt
|faint|p2a: WokeWake
|-end|p2a: WokeWake|Protosynthesis|[silent]
|
|-message|p2 forfeited.
|
|win|p1
