|poke|p1|Floatzel, M|
|poke|p1|Pelipper, F|
|poke|p1|Amoonguss, M|
|poke|p1|Azumarill, F|
|poke|p1|Pawmot, F|
|poke|p1|Toedscruel, F|
|poke|p2|Samurott-Hisui, F|
|poke|p2|Gholdengo|
|poke|p2|Sneasler, F|
|poke|p2|Landorus-Therian, M|
|poke|p2|Heatran, M|
|poke|p2|Rotom-Wash|
|teampreview
|
|start
|switch|p1a: Pelipper|Pelipper, F|100/100
|switch|p2a: Rotom|Rotom-Wash|100/100
|-weather|RainDance|[from] ability: Drizzle|[of] p1a: Pelipper
|turn|1
|
|switch|p1a: Toedscruel|Toedscruel, F|100/100
|move|p2a: Rotom|Will-O-Wisp|p1a: Toedscruel
|-status|p1a: Toedscruel|brn
|
|-weather|RainDance|[upkeep]
|-damage|p1a: Toedscruel|94/100 brn|[from] brn
|turn|2
|
|switch|p2a: Landorus|Landorus-Therian, M|100/100
|-ability|p2a: Landorus|Intimidate|boost
|-unboost|p1a: Toedscruel|atk|1
|move|p1a: Toedscruel|Knock Off|p2a: Landorus
|-damage|p2a: Landorus|96/100
|-damage|p1a: Toedscruel|78/100 brn|[from] item: Rocky Helmet|[of] p2a: Landorus
|-enditem|p2a: Landorus|Rocky Helmet|[from] move: Knock Off|[of] p1a: Toedscruel
|
|-weather|RainDance|[upkeep]
|-heal|p1a: Toedscruel|84/100 brn|[from] item: Leftovers
|-damage|p1a: Toedscruel|78/100 brn|[from] brn
|turn|3
|
|move|p2a: Landorus|Stealth Rock|p1a: Toedscruel
|-sidestart|p1: p1|move: Stealth Rock
|move|p1a: Toedscruel|Spikes|p2a: Landorus
|-sidestart|p2: p2|Spikes
|
|-weather|RainDance|[upkeep]
|-heal|p1a: Toedscruel|84/100 brn|[from] item: Leftovers
|-damage|p1a: Toedscruel|78/100 brn|[from] brn
|turn|4
|
|move|p2a: Landorus|Earthquake|p1a: Toedscruel
|-resisted|p1a: Toedscruel
|-damage|p1a: Toedscruel|45/100 brn
|move|p1a: Toedscruel|Rapid Spin|p2a: Landorus
|-damage|p2a: Landorus|93/100
|-boost|p1a: Toedscruel|spe|1
|-sideend|p1: p1|Stealth Rock|[from] move: Rapid Spin|[of] p1a: Toedscruel
|
|-weather|RainDance|[upkeep]
|-heal|p1a: Toedscruel|51/100 brn|[from] item: Leftovers
|-damage|p1a: Toedscruel|45/100 brn|[from] brn
|turn|5
|
|move|p2a: Landorus|Stealth Rock|p1a: Toedscruel
|-sidestart|p1: p1|move: Stealth Rock
|move|p1a: Toedscruel|Spikes|p2a: Landorus
|-sidestart|p2: p2|Spikes
|
|-weather|RainDance|[upkeep]
|-heal|p1a: Toedscruel|51/100 brn|[from] item: Leftovers
|-damage|p1a: Toedscruel|45/100 brn|[from] brn
|turn|6
|
|move|p1a: Toedscruel|Rapid Spin|p2a: Landorus
|-damage|p2a: Landorus|91/100
|-boost|p1a: Toedscruel|spe|1
|-sideend|p1: p1|Stealth Rock|[from] move: Rapid Spin|[of] p1a: Toedscruel
|move|p2a: Landorus|U-turn|p1a: Toedscruel
|-supereffective|p1a: Toedscruel
|-damage|p1a: Toedscruel|0 fnt
|faint|p1a: Toedscruel
|
|switch|p2a: Gholdengo|Gholdengo|100/100|[from] U-turn
|-item|p2a: Gholdengo|Air Balloon
|
|-weather|RainDance|[upkeep]
|
|switch|p1a: Floatzel|Floatzel, M|100/100
|turn|7
|
|-terastallize|p1a: Floatzel|Water
|move|p1a: Floatzel|Wave Crash|p2a: Gholdengo
|-damage|p2a: Gholdengo|0 fnt
|-enditem|p2a: Gholdengo|Air Balloon
|faint|p2a: Gholdengo
|-damage|p1a: Floatzel|60/100|[from] Recoil
|
|-weather|RainDance|[upkeep]
|
|switch|p2a: Rotom|Rotom-Wash|100/100
|turn|8
|
|move|p1a: Floatzel|Wave Crash|p2a: Rotom
|-resisted|p2a: Rotom
|-damage|p2a: Rotom|0 fnt
|faint|p2a: Rotom
|-damage|p1a: Floatzel|35/100|[from] Recoil
|
|-weather|none
|-message|p2 forfeited.
|
|win|p1
