|poke|p1|Samurott-Hisui, M|
|poke|p1|Dragapult, F|
|poke|p1|Sneasler, F|
|poke|p1|Magearna|
|poke|p1|Volcarona, M|
|poke|p1|Zamazenta-*|
|poke|p2|Overqwil, M|
|poke|p2|Pelipper, M|
|poke|p2|Basculegion-F, F|
|poke|p2|Clodsire, M|
|poke|p2|Magearna|
|poke|p2|Zapdos|
|teampreview
|
|start
|switch|p1a: Samurott|Samurott-Hisui, M, shiny|100/100
|switch|p2a: Magearna|Magearna|100/100
|turn|1
|
|move|p1a: Samurott|Taunt|p2a: Magearna
|-start|p2a: Magearna|move: Taunt
|move|p2a: Magearna|Volt Switch|p1a: Samurott
|-supereffective|p1a: Samurott
|-damage|p1a: Samurott|41/100
|
|switch|p2a: Zapdos|Zapdos|100/100|[from] Volt Switch
|
|turn|2
|
|move|p2a: Zapdos|Volt Switch|p1a: Samurott
|-supereffective|p1a: Samurott
|-damage|p1a: Samurott|0 fnt
|faint|p1a: Samurott
|
|switch|p2a: Pelipper|Pelipper, M|100/100|[from] Volt Switch
|-weather|RainDance|[from] ability: Drizzle|[of] p2a: Pelipper
|
|-weather|RainDance|[upkeep]
|
|switch|p1a: Dragapult|Dragapult, F|100/100
|turn|3
|
|switch|p2a: Clodsire|Clodsire, M|100/100
|move|p1a: Dragapult|Reflect|p1a: Dragapult
|-sidestart|p1: p1|Reflect
|
|-weather|RainDance|[upkeep]
|turn|4
|
|move|p1a: Dragapult|Light Screen|p1a: Dragapult
|-sidestart|p1: p1|move: Light Screen
|move|p2a: Clodsire|Toxic|p1a: Dragapult
|-status|p1a: Dragapult|tox
|
|-weather|RainDance|[upkeep]
|-damage|p1a: Dragapult|94/100 tox|[from] psn
|turn|5
|
|switch|p2a: Overqwil|Overqwil, M|100/100
|move|p1a: Dragapult|U-turn|p2a: Overqwil
|-damage|p2a: Overqwil|80/100
|
|switch|p1a: Magearna|Magearna|100/100|[from] U-turn
|
|-weather|RainDance|[upkeep]
|turn|6
|
|move|p2a: Overqwil|Taunt|p1a: Magearna
|-start|p1a: Magearna|move: Taunt
|cant|p1a: Magearna|move: Taunt|Iron Defense
|
|-weather|RainDance|[upkeep]
|turn|7
|
|switch|p2a: Zapdos|Zapdos|100/100
|move|p1a: Magearna|Draining Kiss|p2a: Zapdos
|-damage|p2a: Zapdos|75/100
|
|-weather|RainDance|[upkeep]
|turn|8
|
|switch|p1a: Volcarona|Volcarona, M, shiny|100/100
|move|p2a: Zapdos|Thunder|p1a: Volcarona
|-damage|p1a: Volcarona|54/100
|
|-weather|RainDance|[upkeep]
|turn|9
|
|move|p2a: Zapdos|Thunder|p1a: Volcarona
|-damage|p1a: Volcarona|9/100
|move|p1a: Volcarona|Quiver Dance|p1a: Volcarona
|-boost|p1a: Volcarona|spa|1
|-boost|p1a: Volcarona|spd|1
|-boost|p1a: Volcarona|spe|1
|
|-weather|none
|turn|10
|
|switch|p2a: Pelipper|Pelipper, M|100/100
|-weather|RainDance|[from] ability: Drizzle|[of] p2a: Pelipper
|move|p1a: Volcarona|Fiery Dance|p2a: Pelipper
|-resisted|p2a: Pelipper
|-damage|p2a: Pelipper|79/100
|
|-weather|RainDance|[upkeep]
|-sideend|p1: p1|Reflect
|turn|11
|
|switch|p2a: Clodsire|Clodsire, M|100/100
|move|p1a: Volcarona|Giga Drain|p2a: Clodsire
|-damage|p2a: Clodsire|79/100
|-heal|p1a: Volcarona|25/100|[from] drain|[of] p2a: Clodsire
|
|-weather|RainDance|[upkeep]
|-heal|p2a: Clodsire|85/100|[from] item: Leftovers
|-sideend|p1: p1|move: Light Screen
|turn|12
|
|switch|p1a: Sneasler|Sneasler, F|100/100
|-item|p1a: Sneasler|Air Balloon
|move|p2a: Clodsire|Earthquake|p1a: Sneasler
|-immune|p1a: Sneasler
|
|-weather|RainDance|[upkeep]
|-heal|p2a: Clodsire|91/100|[from] item: Leftovers
|turn|13
|
|switch|p1a: Dragapult|Dragapult, F|94/100 tox
|switch|p2a: Magearna|Magearna|100/100
|
|-weather|RainDance|[upkeep]
|-damage|p1a: Dragapult|88/100 tox|[from] psn
|turn|14
|
|move|p1a: Dragapult|Light Screen|p1a: Dragapult
|-sidestart|p1: p1|move: Light Screen
|move|p2a: Magearna|Spikes|p1a: Dragapult
|-sidestart|p1: p1|Spikes
|
|-weather|RainDance|[upkeep]
|-damage|p1a: Dragapult|76/100 tox|[from] psn
|turn|15
|
|move|p1a: Dragapult|Reflect|p1a: Dragapult
|-sidestart|p1: p1|Reflect
|move|p2a: Magearna|Volt Switch|p1a: Dragapult
|-resisted|p1a: Dragapult
|-damage|p1a: Dragapult|70/100 tox
|
|switch|p2a: Basculegion|Basculegion-F, F|100/100|[from] Volt Switch
|
|-weather|RainDance|[upkeep]
|-damage|p1a: Dragapult|52/100 tox|[from] psn
|turn|16
|
|move|p2a: Basculegion|Shadow Ball|p1a: Dragapult
|-supereffective|p1a: Dragapult
|-damage|p1a: Dragapult|0 fnt
|faint|p1a: Dragapult
|
|-weather|RainDance|[upkeep]
|
|switch|p1a: Sneasler|Sneasler, F|100/100
|-item|p1a: Sneasler|Air Balloon
|turn|17
|
|move|p2a: Basculegion|Shadow Ball|p1a: Sneasler
|-damage|p1a: Sneasler|67/100
|-unboost|p1a: Sneasler|spd|1
|-enditem|p1a: Sneasler|Air Balloon
|move|p1a: Sneasler|Swords Dance|p1a: Sneasler
|-boost|p1a: Sneasler|atk|2
|
|-weather|none
|turn|18
|
|switch|p2a: Magearna|Magearna|100/100
|move|p1a: Sneasler|Acrobatics|p2a: Magearna
|-resisted|p2a: Magearna
|-damage|p2a: Magearna|75/100
|
|-heal|p2a: Magearna|82/100|[from] item: Leftovers
|turn|19
|
|switch|p2a: Pelipper|Pelipper, M|79/100
|-weather|RainDance|[from] ability: Drizzle|[of] p2a: Pelipper
|move|p1a: Sneasler|Close Combat|p2a: Pelipper
|-resisted|p2a: Pelipper
|-damage|p2a: Pelipper|24/100
|-unboost|p1a: Sneasler|def|1
|-unboost|p1a: Sneasler|spd|1
|
|-weather|RainDance|[upkeep]
|turn|20
|
|move|p1a: Sneasler|Dire Claw|p2a: Pelipper
|-damage|p2a: Pelipper|0 fnt
|faint|p2a: Pelipper
|
|-weather|RainDance|[upkeep]
|
|switch|p2a: Basculegion|Basculegion-F, F|100/100
|turn|21
|
|-terastallize|p2a: Basculegion|Water
|move|p1a: Sneasler|Acrobatics|p2a: Basculegion
|-damage|p2a: Basculegion|0 fnt
|faint|p2a: Basculegion
|
|-weather|RainDance|[upkeep]
|-sideend|p1: p1|move: Light Screen
|
|switch|p2a: Magearna|Magearna|82/100
|turn|22
|
|move|p1a: Sneasler|Close Combat|p2a: Magearna
|-damage|p2a: Magearna|0 fnt
|-unboost|p1a: Sneasler|def|1
|-unboost|p1a: Sneasler|spd|1
|faint|p2a: Magearna
|
|-weather|RainDance|[upkeep]
|-sideend|p1: p1|Reflect
|
|switch|p2a: Zapdos|Zapdos|75/100
|turn|23
|
|move|p1a: Sneasler|Dire Claw|p2a: Zapdos
|-damage|p2a: Zapdos|0 fnt
|faint|p2a: Zapdos
|
|-weather|RainDance|[upkeep]
|-message|p2 forfeited.
|
|win|p1
