|poke|p1|Hatterene, F|
|poke|p1|Magearna|
|poke|p1|Slowking-Galar, F|
|poke|p1|Ursaluna, M|
|poke|p1|Iron Hands|
|poke|p1|Glastrier|
|poke|p2|Kleavor, F|
|poke|p2|Hydreigon, F|
|poke|p2|Enamorus, F|
|poke|p2|Quaquaval, M|
|poke|p2|Garganacl, F|
|poke|p2|Garchomp, F|
|teampreview
|
|start
|switch|p1a: Goop|Hatterene, F|100/100
|switch|p2a: Garchomp|Garchomp, F|100/100
|turn|1
|
|move|p2a: Garchomp|Earthquake|p1a: Goop
|-damage|p1a: Goop|54/100
|-damage|p2a: Garchomp|91/100|[from] item: Life Orb
|move|p1a: Goop|Dazzling Gleam|p2a: Garchomp
|-supereffective|p2a: Garchomp
|-damage|p2a: Garchomp|0 fnt
|faint|p2a: Garchomp
|
|
|switch|p2a: Kleavor|Kleavor, F|100/100
|turn|2
|
|move|p2a: Kleavor|Stone Axe|p1a: Goop
|-damage|p1a: Goop|12/100
|-sidestart|p1: ItsNanoTech|move: Stealth Rock
|move|p1a: Goop|Trick Room|p1a: Goop
|-fieldstart|move: Trick Room|[of] p1a: Goop
|
|turn|3
|
|move|p1a: Goop|Healing Wish|p1a: Goop
|faint|p1a: Goop
|move|p2a: Kleavor|Stone Axe|p1: Goop|[notarget]
|-fail|p2a: Kleavor
|
|
|switch|p1a: Big Chill|Glastrier|100/100
|turn|4
|
|move|p1a: Big Chill|Swords Dance|p1a: Big Chill
|-boost|p1a: Big Chill|atk|2
|move|p2a: Kleavor|Stone Axe|p1a: Big Chill
|-supereffective|p1a: Big Chill
|-damage|p1a: Big Chill|32/100
|
|turn|5
|
|move|p1a: Big Chill|Icicle Crash|p2a: Kleavor|[miss]
|-miss|p1a: Big Chill|p2a: Kleavor
|move|p2a: Kleavor|Stone Axe|p1a: Big Chill
|-supereffective|p1a: Big Chill
|-damage|p1a: Big Chill|0 fnt
|faint|p1a: Big Chill
|
|
|switch|p1a: Ultimate Wildmutt|Ursaluna, M|100/100
|-damage|p1a: Ultimate Wildmutt|94/100|[from] Stealth Rock
|turn|6
|
|switch|p2a: Hydreigon|Hydreigon, F|100/100
|move|p1a: Ultimate Wildmutt|Headlong Rush|p2a: Hydreigon
|-immune|p2a: Hydreigon|[from] ability: Levitate
|
|-fieldend|move: Trick Room
|-status|p1a: Ultimate Wildmutt|brn|[from] item: Flame Orb
|turn|7
|
|move|p2a: Hydreigon|Fire Blast|p1a: Ultimate Wildmutt
|-damage|p1a: Ultimate Wildmutt|42/100 brn
|move|p1a: Ultimate Wildmutt|Facade|p2a: Hydreigon
|-damage|p2a: Hydreigon|0 fnt
|faint|p2a: Hydreigon
|
|-damage|p1a: Ultimate Wildmutt|36/100 brn|[from] brn
|
|switch|p2a: Quaquaval|Quaquaval, M|100/100
|turn|8
|
|switch|p1a: Sumo Slammer|Iron Hands|100/100
|-enditem|p1a: Sumo Slammer|Booster Energy
|-activate|p1a: Sumo Slammer|ability: Quark Drive|[fromitem]
|-start|p1a: Sumo Slammer|quarkdriveatk
|-damage|p1a: Sumo Slammer|94/100|[from] Stealth Rock
|move|p2a: Quaquaval|Aqua Step|p1a: Sumo Slammer
|-damage|p1a: Sumo Slammer|67/100
|-boost|p2a: Quaquaval|spe|1
|
|turn|9
|
|switch|p2a: Garganacl|Garganacl, F|100/100
|move|p1a: Sumo Slammer|Wild Charge|p2a: Garganacl
|-damage|p2a: Garganacl|53/100
|-damage|p1a: Sumo Slammer|57/100|[from] Recoil
|
|-heal|p2a: Garganacl|60/100|[from] item: Leftovers
|turn|10
|
|move|p2a: Garganacl|Recover|p2a: Garganacl
|-heal|p2a: Garganacl|100/100
|move|p1a: Sumo Slammer|Close Combat|p2a: Garganacl
|-supereffective|p2a: Garganacl
|-damage|p2a: Garganacl|0 fnt
|-unboost|p1a: Sumo Slammer|def|1
|-unboost|p1a: Sumo Slammer|spd|1
|faint|p2a: Garganacl
|
|
|switch|p2a: Quaquaval|Quaquaval, M|100/100
|turn|11
|
|-terastallize|p2a: Quaquaval|Water
|move|p2a: Quaquaval|Aqua Step|p1a: Sumo Slammer
|-damage|p1a: Sumo Slammer|0 fnt
|-boost|p2a: Quaquaval|spe|1
|faint|p1a: Sumo Slammer
|-end|p1a: Sumo Slammer|Quark Drive|[silent]
|-ability|p2a: Quaquaval|Moxie|boost
|-boost|p2a: Quaquaval|atk|1
|
|
|switch|p1a: Clockwork|Magearna|100/100
|-damage|p1a: Clockwork|94/100|[from] Stealth Rock
|turn|12
|
|move|p2a: Quaquaval|Aqua Step|p1a: Clockwork
|-damage|p1a: Clockwork|28/100
|-boost|p2a: Quaquaval|spe|1
|move|p1a: Clockwork|Trick Room|p1a: Clockwork
|-fieldstart|move: Trick Room|[of] p1a: Clockwork
|
|turn|13
|
|move|p1a: Clockwork|Thunderbolt|p2a: Quaquaval
|-supereffective|p2a: Quaquaval
|-damage|p2a: Quaquaval|16/100
|move|p2a: Quaquaval|Aqua Step|p1a: Clockwork
|-damage|p1a: Clockwork|0 fnt
|-boost|p2a: Quaquaval|spe|1
|faint|p1a: Clockwork
|-ability|p2a: Quaquaval|Moxie|boost
|-boost|p2a: Quaquaval|atk|1
|
|-heal|p2a: Quaquaval|22/100|[from] item: Leftovers
|
|switch|p1a: Ultimate Wildmutt|Ursaluna, M|36/100 brn
|-heal|p1a: Ultimate Wildmutt|100/100|[from] move: Healing Wish
|-damage|p1a: Ultimate Wildmutt|94/100|[from] Stealth Rock
|turn|14
|
|-terastallize|p1a: Ultimate Wildmutt|Normal
|move|p1a: Ultimate Wildmutt|Facade|p2a: Quaquaval
|-damage|p2a: Quaquaval|0 fnt
|faint|p2a: Quaquaval
|
|-status|p1a: Ultimate Wildmutt|brn|[from] item: Flame Orb
|
|switch|p2a: Enamorus|Enamorus, F|100/100
|turn|15
|
|move|p1a: Ultimate Wildmutt|Facade|p2a: Enamorus
|-damage|p2a: Enamorus|0 fnt
|faint|p2a: Enamorus
|
|-damage|p1a: Ultimate Wildmutt|88/100 brn|[from] brn
|
|switch|p2a: Kleavor|Kleavor, F|100/100
|turn|16
|
|move|p1a: Ultimate Wildmutt|Headlong Rush|p2a: Kleavor
|-damage|p2a: Kleavor|0 fnt
|-unboost|p1a: Ultimate Wildmutt|def|1
|-unboost|p1a: Ultimate Wildmutt|spd|1
|faint|p2a: Kleavor
|
|win|ItsNanoTech
