|poke|p1|Chien-Pao|
|poke|p1|Breloom, M|
|poke|p1|Baxcalibur, F|
|poke|p1|Great Tusk|
|poke|p1|Magearna|
|poke|p1|Zamazenta-*|
|poke|p2|Quaquaval, M|
|poke|p2|Garganacl, M|
|poke|p2|Gholdengo|
|poke|p2|Tinkaton, F|
|poke|p2|Toedscruel, M|
|poke|p2|Baxcalibur, F|
|teampreview
|
|start
|switch|p1a: Breloom|Breloom, M|100/100
|switch|p2a: RIP Sia|Gholdengo|100/100
|turn|1
|
|move|p2a: RIP Sia|Make It Rain|p1a: Breloom
|-damage|p1a: Breloom|0 fnt
|-unboost|p2a: RIP Sia|spa|1
|faint|p1a: Breloom
|
|
|switch|p1a: Magearna|Magearna|100/100
|turn|2
|
|switch|p2a: Super-Dragon|Baxcalibur, F|100/100
|move|p1a: Magearna|Shift Gear|p1a: Magearna
|-boost|p1a: Magearna|spe|2
|-boost|p1a: Magearna|atk|1
|
|turn|3
|
|-terastallize|p1a: Magearna|Psychic
|-terastallize|p2a: Super-Dragon|Ground
|move|p1a: Magearna|Calm Mind|p1a: Magearna
|-boost|p1a: Magearna|spa|1
|-boost|p1a: Magearna|spd|1
|move|p2a: Super-Dragon|Earthquake|p1a: Magearna
|-damage|p1a: Magearna|30/100
|-damage|p2a: Super-Dragon|91/100|[from] item: Life Orb
|
|-heal|p1a: Magearna|36/100|[from] item: Leftovers
|turn|4
|
|move|p2a: Super-Dragon|Ice Shard|p1a: Magearna
|-damage|p1a: Magearna|9/100
|-damage|p2a: Super-Dragon|81/100|[from] item: Life Orb
|move|p1a: Magearna|Stored Power|p2a: Super-Dragon
|-damage|p2a: Super-Dragon|0 fnt
|faint|p2a: Super-Dragon
|-ability|p1a: Magearna|Soul-Heart|boost
|-boost|p1a: Magearna|spa|1
|
|-heal|p1a: Magearna|15/100|[from] item: Leftovers
|
|switch|p2a: Coin??Coin!?|Quaquaval, M|100/100
|turn|5
|
|move|p2a: Coin??Coin!?|Aqua Jet|p1a: Magearna
|-damage|p1a: Magearna|0 fnt
|faint|p1a: Magearna
|-ability|p2a: Coin??Coin!?|Moxie|boost
|-boost|p2a: Coin??Coin!?|atk|1
|
|
|switch|p1a: Zamazenta|Zamazenta|100/100
|-ability|p1a: Zamazenta|Dauntless Shield|boost
|-boost|p1a: Zamazenta|def|1
|turn|6
|
|switch|p2a: RIP Sia|Gholdengo|100/100
|move|p1a: Zamazenta|Iron Defense|p1a: Zamazenta
|-boost|p1a: Zamazenta|def|2
|
|turn|7
|
|move|p2a: RIP Sia|Trick|p1a: Zamazenta
|-activate|p2a: RIP Sia|move: Trick|[of] p1a: Zamazenta
|-item|p1a: Zamazenta|Choice Scarf|[from] move: Trick
|-item|p2a: RIP Sia|Leftovers|[from] move: Trick
|move|p1a: Zamazenta|Crunch|p2a: RIP Sia
|-supereffective|p2a: RIP Sia
|-damage|p2a: RIP Sia|50/100
|-unboost|p2a: RIP Sia|def|1
|
|-heal|p2a: RIP Sia|56/100|[from] item: Leftovers
|turn|8
|
|switch|p2a: Coin??Coin!?|Quaquaval, M|100/100
|move|p1a: Zamazenta|Crunch|p2a: Coin??Coin!?
|-resisted|p2a: Coin??Coin!?
|-damage|p2a: Coin??Coin!?|87/100
|
|turn|9
|
|switch|p1a: Baxcalibur|Baxcalibur, F|100/100
|move|p2a: Coin??Coin!?|Aqua Step|p1a: Baxcalibur
|-resisted|p1a: Baxcalibur
|-damage|p1a: Baxcalibur|74/100
|-boost|p2a: Coin??Coin!?|spe|1
|
|turn|10
|
|switch|p2a: DRAGONSLAYER|Tinkaton, F|100/100
|-ability|p2a: DRAGONSLAYER|Mold Breaker
|-item|p2a: DRAGONSLAYER|Air Balloon
|move|p1a: Baxcalibur|Glaive Rush|p2a: DRAGONSLAYER
|-immune|p2a: DRAGONSLAYER
|
|turn|11
|-message|yiyiha forfeited.
|
|win|Grain2Sel
|l|☆yiyiha
