|poke|p1|Ursaluna, M|
|poke|p1|Garganacl, M|
|poke|p1|Slowking-Galar, F|
|poke|p1|Landorus-Therian, M|
|poke|p1|Rotom-Wash|
|poke|p1|Torkoal, M|
|poke|p2|Ursaluna, M|
|poke|p2|Cinderace, M|
|poke|p2|Amoonguss, M|
|poke|p2|Dragapult, F|
|poke|p2|Great Tusk|
|poke|p2|Iron Moth|
|teampreview
|
|start
|switch|p1a: Landorus|Landorus-Therian, M|100/100
|switch|p2a: Great Tusk|Great Tusk|100/100
|-ability|p1a: Landorus|Intimidate|boost
|-unboost|p2a: Great Tusk|atk|1
|turn|1
|
|move|p1a: Landorus|U-turn|p2a: Great Tusk
|-resisted|p2a: Great Tusk
|-damage|p2a: Great Tusk|90/100
|
|switch|p1a: Rotom|Rotom-Wash|100/100|[from] U-turn
|move|p2a: Great Tusk|Knock Off|p1a: Rotom
|-damage|p1a: Rotom|71/100
|-enditem|p1a: Rotom|Choice Specs|[from] move: Knock Off|[of] p2a: Great Tusk
|
|turn|2
|
|-end|p2a: Great Tusk|Protosynthesis|[silent]
|switch|p2a: Amoonguss|Amoonguss, M, shiny|100/100
|move|p1a: Rotom|Will-O-Wisp|p2a: Amoonguss
|-status|p2a: Amoonguss|brn
|
|-damage|p2a: Amoonguss|94/100 brn|[from] brn
|turn|3
|
|move|p1a: Rotom|Trick|p2a: Amoonguss
|-activate|p1a: Rotom|move: Trick|[of] p2a: Amoonguss
|-enditem|p2a: Amoonguss|Eject Button|[silent]|[from] move: Trick
|-item|p1a: Rotom|Eject Button|[from] move: Trick
|move|p2a: Amoonguss|Spore|p1a: Rotom
|-status|p1a: Rotom|slp|[from] move: Spore
|
|-damage|p2a: Amoonguss|88/100 brn|[from] brn
|turn|4
|
|switch|p1a: Slowking|Slowking-Galar, F|100/100
|move|p2a: Amoonguss|Giga Drain|p1a: Slowking
|-resisted|p1a: Slowking
|-damage|p1a: Slowking|91/100
|-heal|p2a: Amoonguss|93/100 brn|[from] drain|[of] p1a: Slowking
|
|-heal|p1a: Slowking|97/100|[from] item: Black Sludge
|-damage|p2a: Amoonguss|87/100 brn|[from] brn
|turn|5
|
|move|p2a: Amoonguss|Foul Play|p1a: Slowking
|-supereffective|p1a: Slowking
|-damage|p1a: Slowking|85/100
|move|p1a: Slowking|Trick Room|p1a: Slowking
|-fieldstart|move: Trick Room|[of] p1a: Slowking
|
|-heal|p1a: Slowking|91/100|[from] item: Black Sludge
|-damage|p2a: Amoonguss|81/100 brn|[from] brn
|turn|6
|
|switch|p2a: Great Tusk|Great Tusk|90/100
|move|p1a: Slowking|Chilly Reception|p1a: Slowking
|-weather|Snow
|
|switch|p1a: Ursaluna|Ursaluna, M|100/100|[from] Chilly Reception
|
|-weather|Snow|[upkeep]
|-status|p1a: Ursaluna|brn|[from] item: Flame Orb
|turn|7
|
|-terastallize|p1a: Ursaluna|Normal
|move|p1a: Ursaluna|Facade|p2a: Great Tusk
|-damage|p2a: Great Tusk|0 fnt
|faint|p2a: Great Tusk
|-end|p2a: Great Tusk|Protosynthesis|[silent]
|
|-weather|Snow|[upkeep]
|-damage|p1a: Ursaluna|94/100 brn|[from] brn
|
|switch|p2a: Amoonguss|Amoonguss, M, shiny|100/100 brn
|turn|8
|
|move|p2a: Amoonguss|Giga Drain|p1a: Ursaluna
|-crit|p1a: Ursaluna
|-damage|p1a: Ursaluna|62/100 brn
|move|p1a: Ursaluna|Facade|p2a: Amoonguss
|-damage|p2a: Amoonguss|0 fnt
|faint|p2a: Amoonguss
|
|-weather|Snow|[upkeep]
|-damage|p1a: Ursaluna|56/100 brn|[from] brn
|
|switch|p2a: Cinderace|Cinderace, M|100/100
|turn|9
|
|move|p2a: Cinderace|Sucker Punch|p1a: Ursaluna
|-start|p2a: Cinderace|typechange|Dark|[from] ability: Libero
|-damage|p1a: Ursaluna|31/100 brn
|move|p1a: Ursaluna|Headlong Rush|p2a: Cinderace
|-damage|p2a: Cinderace|0 fnt
|-unboost|p1a: Ursaluna|def|1
|-unboost|p1a: Ursaluna|spd|1
|faint|p2a: Cinderace
|
|-weather|Snow|[upkeep]
|-damage|p1a: Ursaluna|25/100 brn|[from] brn
|-fieldend|move: Trick Room
|
|switch|p2a: Dragapult|Dragapult, F|100/100
|turn|10
|
|switch|p1a: Rotom|Rotom-Wash|71/100 slp
|move|p2a: Dragapult|U-turn|p1a: Rotom
|-damage|p1a: Rotom|47/100 slp
|-enditem|p1a: Rotom|Eject Button
|
|switch|p1a: Garganacl|Garganacl, M|100/100
|
|-weather|none
|turn|11
|
|move|p2a: Dragapult|U-turn|p1a: Garganacl
|-damage|p1a: Garganacl|89/100
|
|switch|p2a: Ursaluna|Ursaluna, M, shiny|100/100|[from] U-turn
|move|p1a: Garganacl|Salt Cure|p2a: Ursaluna
|-resisted|p2a: Ursaluna
|-damage|p2a: Ursaluna|96/100
|-start|p2a: Ursaluna|Salt Cure
|
|-heal|p1a: Garganacl|95/100|[from] item: Leftovers
|-damage|p2a: Ursaluna|83/100|[from] Salt Cure
|-status|p2a: Ursaluna|brn|[from] item: Flame Orb
|turn|12
|
|switch|p1a: Rotom|Rotom-Wash|47/100 slp
|move|p2a: Ursaluna|Headlong Rush|p1a: Rotom
|-immune|p1a: Rotom|[from] ability: Levitate
|
|-damage|p2a: Ursaluna|77/100 brn|[from] brn
|-damage|p2a: Ursaluna|65/100 brn|[from] Salt Cure
|turn|13
|
|cant|p1a: Rotom|slp
|move|p2a: Ursaluna|Facade|p1a: Rotom
|-damage|p1a: Rotom|0 fnt
|faint|p1a: Rotom
|
|-damage|p2a: Ursaluna|59/100 brn|[from] brn
|-damage|p2a: Ursaluna|47/100 brn|[from] Salt Cure
|
|switch|p1a: Landorus|Landorus-Therian, M|100/100
|-ability|p1a: Landorus|Intimidate|boost
|-unboost|p2a: Ursaluna|atk|1
|turn|14
|
|switch|p2a: Dragapult|Dragapult, F|100/100
|move|p1a: Landorus|Stealth Rock|p2a: Dragapult
|-sidestart|p2: Princeso nebuloso|move: Stealth Rock
|
|turn|15
|
|move|p2a: Dragapult|Draco Meteor|p1a: Landorus
|-damage|p1a: Landorus|0 fnt
|-unboost|p2a: Dragapult|spa|2
|faint|p1a: Landorus
|
|
|switch|p1a: Slowking|Slowking-Galar, F|100/100
|turn|16
|
|switch|p2a: Iron Moth|Iron Moth|100/100
|-enditem|p2a: Iron Moth|Booster Energy
|-activate|p2a: Iron Moth|ability: Quark Drive|[fromitem]
|-start|p2a: Iron Moth|quarkdrivespe
|-damage|p2a: Iron Moth|76/100|[from] Stealth Rock
|move|p1a: Slowking|Trick Room|p1a: Slowking
|-fieldstart|move: Trick Room|[of] p1a: Slowking
|
|turn|17
|
|move|p1a: Slowking|Chilly Reception|p1a: Slowking
|-weather|Snow
|
|switch|p1a: Garganacl|Garganacl, M|95/100|[from] Chilly Reception
|move|p2a: Iron Moth|Fiery Dance|p1a: Garganacl
|-resisted|p1a: Garganacl
|-damage|p1a: Garganacl|82/100
|
|-weather|Snow|[upkeep]
|-heal|p1a: Garganacl|89/100|[from] item: Leftovers
|turn|18
|
|-terastallize|p2a: Iron Moth|Fairy
|move|p1a: Garganacl|Salt Cure|p2a: Iron Moth
|-damage|p2a: Iron Moth|55/100
|-start|p2a: Iron Moth|Salt Cure
|move|p2a: Iron Moth|Energy Ball|p1a: Garganacl
|-supereffective|p1a: Garganacl
|-damage|p1a: Garganacl|46/100
|
|-weather|Snow|[upkeep]
|-heal|p1a: Garganacl|52/100|[from] item: Leftovers
|-damage|p2a: Iron Moth|43/100|[from] Salt Cure
|turn|19
|
|switch|p1a: Torkoal|Torkoal, M|100/100
|move|p2a: Iron Moth|Energy Ball|p1a: Torkoal
|-resisted|p1a: Torkoal
|-damage|p1a: Torkoal|81/100
|
|-weather|Snow|[upkeep]
|-damage|p2a: Iron Moth|31/100|[from] Salt Cure
|turn|20
|
|move|p1a: Torkoal|Earth Power|p2a: Iron Moth
|-damage|p2a: Iron Moth|11/100
|move|p2a: Iron Moth|Fiery Dance|p1a: Torkoal
|-resisted|p1a: Torkoal
|-damage|p1a: Torkoal|54/100
|-boost|p2a: Iron Moth|spa|1
|
|-weather|Snow|[upkeep]
|-damage|p2a: Iron Moth|0 fnt|[from] Salt Cure
|faint|p2a: Iron Moth
|-end|p2a: Iron Moth|Quark Drive|[silent]
|-fieldend|move: Trick Room
|
|switch|p2a: Ursaluna|Ursaluna, M, shiny|47/100 brn
|-damage|p2a: Ursaluna|41/100 brn|[from] Stealth Rock
|turn|21
|
|move|p2a: Ursaluna|Facade|p1a: Torkoal
|-damage|p1a: Torkoal|0 fnt
|faint|p1a: Torkoal
|
|-weather|none
|-damage|p2a: Ursaluna|35/100 brn|[from] brn
|
|switch|p1a: Garganacl|Garganacl, M|52/100
|turn|22
|
|move|p2a: Ursaluna|Headlong Rush|p1a: Garganacl
|-supereffective|p1a: Garganacl
|-damage|p1a: Garganacl|0 fnt
|-unboost|p2a: Ursaluna|def|1
|-unboost|p2a: Ursaluna|spd|1
|faint|p1a: Garganacl
|
|-damage|p2a: Ursaluna|29/100 brn|[from] brn
|
|switch|p1a: Slowking|Slowking-Galar, F|100/100
|turn|23
|
|move|p2a: Ursaluna|Headlong Rush|p1a: Slowking
|-supereffective|p1a: Slowking
|-damage|p1a: Slowking|0 fnt
|-unboost|p2a: Ursaluna|def|1
|-unboost|p2a: Ursaluna|spd|1
|faint|p1a: Slowking
|
|-damage|p2a: Ursaluna|23/100 brn|[from] brn
|
|switch|p1a: Ursaluna|Ursaluna, M, tera:Normal|25/100 brn
|turn|24
|
|move|p2a: Ursaluna|Facade|p1a: Ursaluna
|-damage|p1a: Ursaluna|0 fnt
|faint|p1a: Ursaluna
|
|win|Princeso nebuloso
