# advantage = p1
|poke|p1|Goodra-Hisui, M|
|poke|p1|Lilligant-Hisui, F|
|poke|p1|Skeledirge, F|
|poke|p1|Inteleon, F|
|poke|p1|Chien-Pao|
|poke|p1|Forretress, F|
|poke|p2|Glimmora, F|
|poke|p2|Muk-Alola, F|
|poke|p2|Slowking-Galar, F|
|poke|p2|Clodsire, M|
|poke|p2|Amoonguss, F|
|poke|p2|Toxapex, M|
|teampreview
|
|start
|switch|p1a: Forretress|Forretress, F|100/100
|switch|p2a: Muk|Muk-Alola, F, shiny|100/100
|turn|1
|
|move|p2a: Muk|Fire Punch|p1a: Forretress
|-supereffective|p1a: Forretress
|-damage|p1a: Forretress|58/100
|move|p1a: Forretress|Stealth Rock|p2a: Muk
|-sidestart|p2: p2|move: Stealth Rock
|
|-heal|p1a: Forretress|64/100|[from] item: Leftovers
|turn|2
|
|move|p2a: Muk|Fire Punch|p1a: Forretress
|-supereffective|p1a: Forretress
|-damage|p1a: Forretress|20/100
|move|p1a: Forretress|Volt Switch|p2a: Muk
|-damage|p2a: Muk|96/100
|
|switch|p1a: Lilligant|Lilligant-Hisui, F|100/100|[from] Volt Switch
|
|turn|3
|
|move|p1a: Lilligant|Close Combat|p2a: Muk
|-damage|p2a: Muk|34/100
|-unboost|p1a: Lilligant|def|1
|-unboost|p1a: Lilligant|spd|1
|move|p2a: Muk|Poison Jab|p1a: Lilligant
|-supereffective|p1a: Lilligant
|-enditem|p1a: Lilligant|Focus Sash
|-damage|p1a: Lilligant|1/100
|-status|p1a: Lilligant|psn
|
|-damage|p1a: Lilligant|0 fnt|[from] psn
|faint|p1a: Lilligant
|
|switch|p1a: Inteleon|Inteleon, F|100/100
|turn|4
|
|-terastallize|p2a: Muk|Fighting
|move|p1a: Inteleon|Snipe Shot|p2a: Muk
|-damage|p2a: Muk|19/100
|move|p2a: Muk|Drain Punch|p1a: Inteleon
|-damage|p1a: Inteleon|57/100
|-heal|p2a: Muk|34/100|[from] drain|[of] p1a: Inteleon
|
|turn|5
|
|switch|p1a: Skeledirge|Skeledirge, F|100/100
|move|p2a: Muk|Knock Off|p1a: Skeledirge
|-supereffective|p1a: Skeledirge
|-damage|p1a: Skeledirge|48/100
|-enditem|p1a: Skeledirge|Leftovers|[from] move: Knock Off|[of] p2a: Muk
|
|turn|6
|
|move|p1a: Skeledirge|Slack Off|p1a: Skeledirge
|-heal|p1a: Skeledirge|98/100
|move|p2a: Muk|Poison Jab|p1a: Skeledirge
|-resisted|p1a: Skeledirge
|-damage|p1a: Skeledirge|86/100
|-status|p1a: Skeledirge|psn|[from] ability: Poison Touch|[of] p2a: Muk
|
|-damage|p1a: Skeledirge|74/100 psn|[from] psn
|turn|7
|
|switch|p2a: Clodsire|Clodsire, M|100/100
|-damage|p2a: Clodsire|94/100|[from] Stealth Rock
|move|p1a: Skeledirge|Will-O-Wisp|p2a: Clodsire
|-status|p2a: Clodsire|brn
|
|-heal|p2a: Clodsire|100/100 brn|[from] item: Leftovers
|-damage|p1a: Skeledirge|61/100 psn|[from] psn
|-damage|p2a: Clodsire|94/100 brn|[from] brn
|turn|8
|
|move|p1a: Skeledirge|Hex|p2a: Clodsire
|-damage|p2a: Clodsire|58/100 brn
|move|p2a: Clodsire|Toxic||[still]
|-fail|p2a: Clodsire
|
|-heal|p2a: Clodsire|64/100 brn|[from] item: Leftovers
|-damage|p1a: Skeledirge|49/100 psn|[from] psn
|-damage|p2a: Clodsire|58/100 brn|[from] brn
|turn|9
|
|move|p1a: Skeledirge|Slack Off|p1a: Skeledirge
|-heal|p1a: Skeledirge|99/100 psn
|move|p2a: Clodsire|Recover|p2a: Clodsire
|-heal|p2a: Clodsire|100/100 brn
|
|-damage|p1a: Skeledirge|86/100 psn|[from] psn
|-damage|p2a: Clodsire|94/100 brn|[from] brn
|turn|10
|
|move|p2a: Clodsire|Protect|p2a: Clodsire
|-singleturn|p2a: Clodsire|Protect
|move|p1a: Skeledirge|Torch Song|p2a: Clodsire
|-activate|p2a: Clodsire|move: Protect
|
|-heal|p2a: Clodsire|100/100 brn|[from] item: Leftovers
|-damage|p1a: Skeledirge|74/100 psn|[from] psn
|-damage|p2a: Clodsire|94/100 brn|[from] brn
|turn|11
|
|move|p1a: Skeledirge|Torch Song|p2a: Clodsire
|-damage|p2a: Clodsire|74/100 brn
|-boost|p1a: Skeledirge|spa|1
|move|p2a: Clodsire|Earthquake|p1a: Skeledirge
|-supereffective|p1a: Skeledirge
|-damage|p1a: Skeledirge|53/100 psn
|
|-heal|p2a: Clodsire|80/100 brn|[from] item: Leftovers
|-damage|p1a: Skeledirge|40/100 psn|[from] psn
|-damage|p2a: Clodsire|74/100 brn|[from] brn
|turn|12
|
|move|p1a: Skeledirge|Slack Off|p1a: Skeledirge
|-heal|p1a: Skeledirge|90/100 psn
|move|p2a: Clodsire|Toxic||[still]
|-fail|p2a: Clodsire
|
|-heal|p2a: Clodsire|80/100 brn|[from] item: Leftovers
|-damage|p1a: Skeledirge|78/100 psn|[from] psn
|-damage|p2a: Clodsire|74/100 brn|[from] brn
|turn|13
|
|move|p1a: Skeledirge|Hex|p2a: Clodsire
|-damage|p2a: Clodsire|40/100 brn
|move|p2a: Clodsire|Toxic||[still]
|-fail|p2a: Clodsire
|
|-heal|p2a: Clodsire|46/100 brn|[from] item: Leftovers
|-damage|p1a: Skeledirge|66/100 psn|[from] psn
|-damage|p2a: Clodsire|40/100 brn|[from] brn
|turn|14
|
|move|p1a: Skeledirge|Torch Song|p2a: Clodsire
|-damage|p2a: Clodsire|19/100 brn
|-boost|p1a: Skeledirge|spa|1
|move|p2a: Clodsire|Recover|p2a: Clodsire
|-heal|p2a: Clodsire|69/100 brn
|
|-heal|p2a: Clodsire|75/100 brn|[from] item: Leftovers
|-damage|p1a: Skeledirge|53/100 psn|[from] psn
|-damage|p2a: Clodsire|69/100 brn|[from] brn
|turn|15
|
|move|p1a: Skeledirge|Slack Off|p1a: Skeledirge
|-heal|p1a: Skeledirge|100/100 psn
|move|p2a: Clodsire|Earthquake|p1a: Skeledirge
|-supereffective|p1a: Skeledirge
|-damage|p1a: Skeledirge|78/100 psn
|
|-heal|p2a: Clodsire|75/100 brn|[from] item: Leftovers
|-damage|p1a: Skeledirge|66/100 psn|[from] psn
|-damage|p2a: Clodsire|69/100 brn|[from] brn
|turn|16
|
|move|p2a: Clodsire|Protect|p2a: Clodsire
|-singleturn|p2a: Clodsire|Protect
|move|p1a: Skeledirge|Hex|p2a: Clodsire
|-activate|p2a: Clodsire|move: Protect
|
|-heal|p2a: Clodsire|75/100 brn|[from] item: Leftovers
|-damage|p1a: Skeledirge|54/100 psn|[from] psn
|-damage|p2a: Clodsire|69/100 brn|[from] brn
|turn|17
|
|move|p1a: Skeledirge|Hex|p2a: Clodsire
|-damage|p2a: Clodsire|34/100 brn
|move|p2a: Clodsire|Recover|p2a: Clodsire
|-heal|p2a: Clodsire|84/100 brn
|
|-heal|p2a: Clodsire|91/100 brn|[from] item: Leftovers
|-damage|p1a: Skeledirge|41/100 psn|[from] psn
|-damage|p2a: Clodsire|84/100 brn|[from] brn
|turn|18
|
|move|p1a: Skeledirge|Slack Off|p1a: Skeledirge
|-heal|p1a: Skeledirge|91/100 psn
|move|p2a: Clodsire|Earthquake|p1a: Skeledirge
|-supereffective|p1a: Skeledirge
|-damage|p1a: Skeledirge|68/100 psn
|
|-heal|p2a: Clodsire|91/100 brn|[from] item: Leftovers
|-damage|p1a: Skeledirge|55/100 psn|[from] psn
|-damage|p2a: Clodsire|84/100 brn|[from] brn
|turn|19
|
|move|p1a: Skeledirge|Slack Off|p1a: Skeledirge
|-heal|p1a: Skeledirge|100/100 psn
|move|p2a: Clodsire|Earthquake|p1a: Skeledirge
|-supereffective|p1a: Skeledirge
|-damage|p1a: Skeledirge|79/100 psn
|
|-heal|p2a: Clodsire|91/100 brn|[from] item: Leftovers
|-damage|p1a: Skeledirge|67/100 psn|[from] psn
|-damage|p2a: Clodsire|84/100 brn|[from] brn
|turn|20
|
|move|p1a: Skeledirge|Torch Song|p2a: Clodsire
|-damage|p2a: Clodsire|62/100 brn
|-boost|p1a: Skeledirge|spa|1
|move|p2a: Clodsire|Toxic||[still]
|-fail|p2a: Clodsire
|
|-heal|p2a: Clodsire|68/100 brn|[from] item: Leftovers
|-damage|p1a: Skeledirge|54/100 psn|[from] psn
|-damage|p2a: Clodsire|62/100 brn|[from] brn
|turn|21
|
|move|p1a: Skeledirge|Slack Off|p1a: Skeledirge
|-heal|p1a: Skeledirge|100/100 psn
|move|p2a: Clodsire|Recover|p2a: Clodsire
|-heal|p2a: Clodsire|100/100 brn
|
|-damage|p1a: Skeledirge|88/100 psn|[from] psn
|-damage|p2a: Clodsire|94/100 brn|[from] brn
|turn|22
|
|move|p1a: Skeledirge|Hex|p2a: Clodsire
|-damage|p2a: Clodsire|61/100 brn
|move|p2a: Clodsire|Earthquake|p1a: Skeledirge
|-supereffective|p1a: Skeledirge
|-damage|p1a: Skeledirge|66/100 psn
|
|-heal|p2a: Clodsire|68/100 brn|[from] item: Leftovers
|-damage|p1a: Skeledirge|53/100 psn|[from] psn
|-damage|p2a: Clodsire|61/100 brn|[from] brn
|turn|23
|
|move|p1a: Skeledirge|Hex|p2a: Clodsire
|-damage|p2a: Clodsire|22/100 brn
|move|p2a: Clodsire|Recover|p2a: Clodsire
|-heal|p2a: Clodsire|72/100 brn
|
|-heal|p2a: Clodsire|79/100 brn|[from] item: Leftovers
|-damage|p1a: Skeledirge|41/100 psn|[from] psn
|-damage|p2a: Clodsire|72/100 brn|[from] brn
|turn|24
|
|move|p1a: Skeledirge|Slack Off|p1a: Skeledirge
|-heal|p1a: Skeledirge|91/100 psn
|move|p2a: Clodsire|Earthquake|p1a: Skeledirge
|-supereffective|p1a: Skeledirge
|-damage|p1a: Skeledirge|67/100 psn
|
|-heal|p2a: Clodsire|79/100 brn|[from] item: Leftovers
|-damage|p1a: Skeledirge|54/100 psn|[from] psn
|-damage|p2a: Clodsire|72/100 brn|[from] brn
|turn|25
|
|move|p2a: Clodsire|Protect|p2a: Clodsire
|-singleturn|p2a: Clodsire|Protect
|move|p1a: Skeledirge|Hex|p2a: Clodsire
|-activate|p2a: Clodsire|move: Protect
|
|-heal|p2a: Clodsire|79/100 brn|[from] item: Leftovers
|-damage|p1a: Skeledirge|42/100 psn|[from] psn
|-damage|p2a: Clodsire|72/100 brn|[from] brn
|turn|26
|
|move|p1a: Skeledirge|Hex|p2a: Clodsire
|-damage|p2a: Clodsire|37/100 brn
|move|p2a: Clodsire|Toxic||[still]
|-fail|p2a: Clodsire
|
|-heal|p2a: Clodsire|44/100 brn|[from] item: Leftovers
|-damage|p1a: Skeledirge|30/100 psn|[from] psn
|-damage|p2a: Clodsire|37/100 brn|[from] brn
|turn|27
|
|move|p1a: Skeledirge|Hex|p2a: Clodsire
|-damage|p2a: Clodsire|3/100 brn
|move|p2a: Clodsire|Recover|p2a: Clodsire
|-heal|p2a: Clodsire|53/100 brn
|
|-heal|p2a: Clodsire|59/100 brn|[from] item: Leftovers
|-damage|p1a: Skeledirge|17/100 psn|[from] psn
|-damage|p2a: Clodsire|53/100 brn|[from] brn
|turn|28
|
|move|p1a: Skeledirge|Hex|p2a: Clodsire
|-damage|p2a: Clodsire|18/100 brn
|move|p2a: Clodsire|Recover|p2a: Clodsire
|-heal|p2a: Clodsire|68/100 brn
|
|-heal|p2a: Clodsire|74/100 brn|[from] item: Leftovers
|-damage|p1a: Skeledirge|5/100 psn|[from] psn
|-damage|p2a: Clodsire|68/100 brn|[from] brn
|turn|29
|
|move|p2a: Clodsire|Protect|p2a: Clodsire
|-singleturn|p2a: Clodsire|Protect
|move|p1a: Skeledirge|Hex|p2a: Clodsire
|-activate|p2a: Clodsire|move: Protect
|
|-heal|p2a: Clodsire|74/100 brn|[from] item: Leftovers
|-damage|p1a: Skeledirge|0 fnt|[from] psn
|faint|p1a: Skeledirge
|-damage|p2a: Clodsire|68/100 brn|[from] brn
|
|switch|p1a: Inteleon|Inteleon, F|57/100
|turn|30
|
|switch|p2a: Amoonguss|Amoonguss, F|100/100
|-damage|p2a: Amoonguss|88/100|[from] Stealth Rock
|move|p1a: Inteleon|Ice Beam|p2a: Amoonguss
|-supereffective|p2a: Amoonguss
|-damage|p2a: Amoonguss|29/100
|
|-heal|p2a: Amoonguss|35/100|[from] item: Leftovers
|turn|31
|
|switch|p2a: Kenpachi|Toxapex, M, shiny|100/100
|-damage|p2a: Kenpachi|88/100|[from] Stealth Rock
|move|p1a: Inteleon|Ice Beam|p2a: Kenpachi
|-resisted|p2a: Kenpachi
|-damage|p2a: Kenpachi|75/100
|
|-heal|p2a: Kenpachi|81/100|[from] item: Leftovers
|turn|32
|
|move|p1a: Inteleon|Shadow Ball|p2a: Kenpachi
|-damage|p2a: Kenpachi|59/100
|move|p2a: Kenpachi|Infestation|p1a: Inteleon
|-damage|p1a: Inteleon|53/100
|-activate|p1a: Inteleon|move: Infestation|[of] p2a: Kenpachi
|
|-heal|p2a: Kenpachi|65/100|[from] item: Leftovers
|-damage|p1a: Inteleon|40/100|[from] move: Infestation|[partiallytrapped]
|turn|33
|
|move|p2a: Kenpachi|Baneful Bunker|p2a: Kenpachi
|-singleturn|p2a: Kenpachi|move: Protect
|move|p1a: Inteleon|U-turn|p2a: Kenpachi
|-activate|p2a: Kenpachi|move: Protect
|-status|p1a: Inteleon|psn
|
|-heal|p2a: Kenpachi|72/100|[from] item: Leftovers
|-damage|p1a: Inteleon|28/100 psn|[from] psn
|-damage|p1a: Inteleon|15/100 psn|[from] move: Infestation|[partiallytrapped]
|turn|34
|
|move|p1a: Inteleon|U-turn|p2a: Kenpachi
|-resisted|p2a: Kenpachi
|-damage|p2a: Kenpachi|68/100
|
|switch|p1a: Chien-Pao|Chien-Pao|100/100|[from] U-turn
|-ability|p1a: Chien-Pao|Sword of Ruin
|move|p2a: Kenpachi|Infestation|p1a: Chien-Pao
|-supereffective|p1a: Chien-Pao
|-damage|p1a: Chien-Pao|91/100
|-activate|p1a: Chien-Pao|move: Infestation|[of] p2a: Kenpachi
|
|-heal|p2a: Kenpachi|74/100|[from] item: Leftovers
|-damage|p1a: Chien-Pao|78/100|[from] move: Infestation|[partiallytrapped]
|turn|35
|
|move|p1a: Chien-Pao|Crunch|p2a: Kenpachi
|-damage|p2a: Kenpachi|30/100
|-damage|p1a: Chien-Pao|68/100|[from] item: Life Orb
|move|p2a: Kenpachi|Liquidation|p1a: Chien-Pao
|-damage|p1a: Chien-Pao|39/100
|
|-heal|p2a: Kenpachi|37/100|[from] item: Leftovers
|-damage|p1a: Chien-Pao|27/100|[from] move: Infestation|[partiallytrapped]
|turn|36
|
|move|p2a: Kenpachi|Baneful Bunker|p2a: Kenpachi
|-singleturn|p2a: Kenpachi|move: Protect
|move|p1a: Chien-Pao|Crunch|p2a: Kenpachi
|-activate|p2a: Kenpachi|move: Protect
|-status|p1a: Chien-Pao|psn
|
|-heal|p2a: Kenpachi|43/100|[from] item: Leftovers
|-damage|p1a: Chien-Pao|14/100 psn|[from] psn
|-damage|p1a: Chien-Pao|2/100 psn|[from] move: Infestation|[partiallytrapped]
|turn|37
|
|switch|p2a: Glimmora|Glimmora, F, shiny|100/100
|-damage|p2a: Glimmora|88/100|[from] Stealth Rock
|move|p1a: Chien-Pao|Crunch|p2a: Glimmora
|-damage|p2a: Glimmora|1/100
|-activate|p2a: Glimmora|ability: Toxic Debris
|-sidestart|p1: p1|move: Toxic Spikes
|-damage|p1a: Chien-Pao|0 fnt|[from] item: Life Orb
|faint|p1a: Chien-Pao
|
|
|switch|p1a: Goodra|Goodra-Hisui, M|100/100
|turn|38
|
|move|p2a: Glimmora|Earth Power|p1a: Goodra
|-supereffective|p1a: Goodra
|-damage|p1a: Goodra|56/100
|-unboost|p1a: Goodra|spd|1
|move|p1a: Goodra|Chilling Water|p2a: Glimmora
|-supereffective|p2a: Glimmora
|-damage|p2a: Glimmora|0 fnt
|faint|p2a: Glimmora
|
|-heal|p1a: Goodra|62/100|[from] item: Leftovers
|
|switch|p2a: Kenpachi|Toxapex, M, shiny|76/100
|-damage|p2a: Kenpachi|64/100|[from] Stealth Rock
|turn|39
|
|move|p1a: Goodra|Acid Armor|p1a: Goodra
|-boost|p1a: Goodra|def|2
|move|p2a: Kenpachi|Infestation|p1a: Goodra
|-resisted|p1a: Goodra
|-damage|p1a: Goodra|61/100
|-activate|p1a: Goodra|move: Infestation|[of] p2a: Kenpachi
|
|-heal|p1a: Goodra|67/100|[from] item: Leftovers
|-heal|p2a: Kenpachi|70/100|[from] item: Leftovers
|-damage|p1a: Goodra|54/100|[from] move: Infestation|[partiallytrapped]
|turn|40
|
|move|p1a: Goodra|Acid Armor|p1a: Goodra
|-boost|p1a: Goodra|def|2
|move|p2a: Kenpachi|Infestation|p1a: Goodra
|-resisted|p1a: Goodra
|-damage|p1a: Goodra|53/100
|
|-heal|p1a: Goodra|59/100|[from] item: Leftovers
|-heal|p2a: Kenpachi|76/100|[from] item: Leftovers
|-damage|p1a: Goodra|47/100|[from] move: Infestation|[partiallytrapped]
|turn|41
|
|move|p1a: Goodra|Body Press|p2a: Kenpachi
|-resisted|p2a: Kenpachi
|-damage|p2a: Kenpachi|56/100
|move|p2a: Kenpachi|Infestation|p1a: Goodra
|-resisted|p1a: Goodra
|-damage|p1a: Goodra|45/100
|
|-heal|p1a: Goodra|51/100|[from] item: Leftovers
|-heal|p2a: Kenpachi|63/100|[from] item: Leftovers
|-damage|p1a: Goodra|39/100|[from] move: Infestation|[partiallytrapped]
|turn|42
|
|move|p1a: Goodra|Acid Armor|p1a: Goodra
|-boost|p1a: Goodra|def|2
|move|p2a: Kenpachi|Liquidation|p1a: Goodra
|-resisted|p1a: Goodra
|-damage|p1a: Goodra|37/100
|
|-heal|p1a: Goodra|43/100|[from] item: Leftovers
|-heal|p2a: Kenpachi|69/100|[from] item: Leftovers
|-damage|p1a: Goodra|31/100|[from] move: Infestation|[partiallytrapped]
|turn|43
|
|move|p1a: Goodra|Body Press|p2a: Kenpachi
|-resisted|p2a: Kenpachi
|-damage|p2a: Kenpachi|39/100
|move|p2a: Kenpachi|Infestation|p1a: Goodra
|-resisted|p1a: Goodra
|-damage|p1a: Goodra|30/100
|
|-heal|p1a: Goodra|36/100|[from] item: Leftovers
|-heal|p2a: Kenpachi|46/100|[from] item: Leftovers
|-damage|p1a: Goodra|23/100|[from] move: Infestation|[partiallytrapped]
|turn|44
|
|move|p2a: Kenpachi|Baneful Bunker|p2a: Kenpachi
|-singleturn|p2a: Kenpachi|move: Protect
|move|p1a: Goodra|Body Press|p2a: Kenpachi
|-activate|p2a: Kenpachi|move: Protect
|
|-heal|p1a: Goodra|29/100|[from] item: Leftovers
|-heal|p2a: Kenpachi|52/100|[from] item: Leftovers
|-end|p1a: Goodra|Infestation|[partiallytrapped]
|turn|45
|
|move|p1a: Goodra|Body Press|p2a: Kenpachi
|-resisted|p2a: Kenpachi
|-damage|p2a: Kenpachi|26/100
|move|p2a: Kenpachi|Recover|p2a: Kenpachi
|-heal|p2a: Kenpachi|76/100
|
|-heal|p1a: Goodra|35/100|[from] item: Leftovers
|-heal|p2a: Kenpachi|82/100|[from] item: Leftovers
|turn|46
|-message|p1 forfeited.
|
|win|p2
