# advantage = p1
|poke|p1|Glastrier|
|poke|p1|Magearna|
|poke|p1|Cresselia, F|
|poke|p1|Ursaluna, M|
|poke|p1|Kingambit, M|
|poke|p1|Slowking-Galar, M|
|poke|p2|Breloom, M|
|poke|p2|Great Tusk|
|poke|p2|Skeledirge, M|
|poke|p2|Braviary-Hisui, M|
|poke|p2|Azumarill, F|
|poke|p2|Garchomp, M|
|teampreview
|
|start
|switch|p1a: I actually hate u|Cresselia, F|100/100
|switch|p2a: Breloom|Breloom, M|100/100
|turn|1
|
|move|p2a: Breloom|Spore|p1a: I actually hate u
|-status|p1a: I actually hate u|slp|[from] move: Spore
|cant|p1a: I actually hate u|slp
|
|turn|2
|
|switch|p2a: Skeledirge|Skeledirge, M|100/100
|-curestatus|p1a: I actually hate u|slp|[msg]
|move|p1a: I actually hate u|Trick Room|p1a: I actually hate u
|-fieldstart|move: Trick Room|[of] p1a: I actually hate u
|
|turn|3
|
|switch|p1a: Mr Grizz|Ursaluna, M|100/100
|move|p2a: Skeledirge|Will-O-Wisp|p1a: Mr Grizz
|-status|p1a: Mr Grizz|brn
|
|-damage|p1a: Mr Grizz|94/100 brn|[from] brn
|turn|4
|
|-terastallize|p2a: Skeledirge|Fairy
|move|p1a: Mr Grizz|Earthquake|p2a: Skeledirge
|-damage|p2a: Skeledirge|23/100
|move|p2a: Skeledirge|Torch Song|p1a: Mr Grizz
|-damage|p1a: Mr Grizz|69/100 brn
|-boost|p2a: Skeledirge|spa|1
|
|-damage|p1a: Mr Grizz|63/100 brn|[from] brn
|turn|5
|
|switch|p2a: Braviary|Braviary-Hisui, M|100/100
|move|p1a: Mr Grizz|Facade|p2a: Braviary
|-damage|p2a: Braviary|0 fnt
|faint|p2a: Braviary
|
|-damage|p1a: Mr Grizz|56/100 brn|[from] brn
|
|switch|p2a: Azumarill|Azumarill, F|100/100
|turn|6
|
|-terastallize|p1a: Mr Grizz|Normal
|move|p2a: Azumarill|Aqua Jet|p1a: Mr Grizz
|-damage|p1a: Mr Grizz|27/100 brn
|move|p1a: Mr Grizz|Facade|p2a: Azumarill
|-damage|p2a: Azumarill|0 fnt
|faint|p2a: Azumarill
|
|-damage|p1a: Mr Grizz|21/100 brn|[from] brn
|-fieldend|move: Trick Room
|
|switch|p2a: Breloom|Breloom, M|100/100
|turn|7
|
|move|p2a: Breloom|Mach Punch|p1a: Mr Grizz
|-supereffective|p1a: Mr Grizz
|-damage|p1a: Mr Grizz|0 fnt
|faint|p1a: Mr Grizz
|
|
|switch|p1a: MEOW PLANKTON|Slowking-Galar, M|100/100
|turn|8
|
|move|p2a: Breloom|Spore|p1a: MEOW PLANKTON
|-status|p1a: MEOW PLANKTON|slp|[from] move: Spore
|cant|p1a: MEOW PLANKTON|slp
|
|turn|9
|
|switch|p2a: Garchomp|Garchomp, M|100/100
|-curestatus|p1a: MEOW PLANKTON|slp|[msg]
|move|p1a: MEOW PLANKTON|Trick Room|p1a: MEOW PLANKTON
|-fieldstart|move: Trick Room|[of] p1a: MEOW PLANKTON
|
|turn|10
|
|move|p1a: MEOW PLANKTON|Chilly Reception|p1a: MEOW PLANKTON
|-weather|Snow
|
|switch|p1a: I actually hate u|Cresselia, F|100/100|[from] Chilly Reception
|move|p2a: Garchomp|Stealth Rock|p1a: I actually hate u
|-sidestart|p1: p1|move: Stealth Rock
|
|-weather|Snow|[upkeep]
|turn|11
|
|move|p1a: I actually hate u|Ice Beam|p2a: Garchomp
|-supereffective|p2a: Garchomp
|-damage|p2a: Garchomp|8/100
|move|p2a: Garchomp|Draco Meteor|p1a: I actually hate u
|-damage|p1a: I actually hate u|56/100
|-unboost|p2a: Garchomp|spa|2
|-damage|p2a: Garchomp|0 fnt|[from] item: Life Orb
|faint|p2a: Garchomp
|
|-weather|Snow|[upkeep]
|
|switch|p2a: Skeledirge|Skeledirge, M, tera:Fairy|23/100
|turn|12
|
|move|p2a: Skeledirge|Slack Off|p2a: Skeledirge
|-heal|p2a: Skeledirge|73/100
|move|p1a: I actually hate u|Lunar Dance|p1a: I actually hate u
|faint|p1a: I actually hate u
|
|-weather|Snow|[upkeep]
|
|switch|p1a: Big Sharp|Kingambit, M|100/100
|-damage|p1a: Big Sharp|94/100|[from] Stealth Rock
|-activate|p1a: Big Sharp|ability: Supreme Overlord
|-start|p1a: Big Sharp|fallen2|[silent]
|turn|13
|
|move|p1a: Big Sharp|Iron Head|p2a: Skeledirge
|-supereffective|p2a: Skeledirge
|-damage|p2a: Skeledirge|0 fnt
|faint|p2a: Skeledirge
|
|-weather|Snow|[upkeep]
|-heal|p1a: Big Sharp|100/100|[from] item: Leftovers
|-fieldend|move: Trick Room
|
|switch|p2a: Breloom|Breloom, M|100/100
|turn|14
|
|-end|p1a: Big Sharp|fallen2|[silent]
|switch|p1a: MEOW PLANKTON|Slowking-Galar, M|100/100
|-heal|p1a: MEOW PLANKTON|100/100|[from] move: Lunar Dance
|-damage|p1a: MEOW PLANKTON|88/100|[from] Stealth Rock
|move|p2a: Breloom|Mach Punch|p1a: MEOW PLANKTON
|-resisted|p1a: MEOW PLANKTON
|-damage|p1a: MEOW PLANKTON|82/100
|
|-weather|none
|turn|15
|
|move|p2a: Breloom|Spore|p1a: MEOW PLANKTON
|-status|p1a: MEOW PLANKTON|slp|[from] move: Spore
|cant|p1a: MEOW PLANKTON|slp
|
|turn|16
|
|switch|p2a: Great Tusk|Great Tusk|100/100
|-curestatus|p1a: MEOW PLANKTON|slp|[msg]
|move|p1a: MEOW PLANKTON|Trick Room|p1a: MEOW PLANKTON
|-fieldstart|move: Trick Room|[of] p1a: MEOW PLANKTON
|
|turn|17
|
|move|p1a: MEOW PLANKTON|Psychic|p2a: Great Tusk
|-supereffective|p2a: Great Tusk
|-damage|p2a: Great Tusk|0 fnt
|faint|p2a: Great Tusk
|-end|p2a: Great Tusk|Protosynthesis|[silent]
|
|
|switch|p2a: Breloom|Breloom, M|100/100
|turn|18
|
|move|p1a: MEOW PLANKTON|Psychic|p2a: Breloom
|-supereffective|p2a: Breloom
|-enditem|p2a: Breloom|Focus Sash
|-damage|p2a: Breloom|1/100
|move|p2a: Breloom|Bullet Seed|p1a: MEOW PLANKTON
|-resisted|p1a: MEOW PLANKTON
|-damage|p1a: MEOW PLANKTON|74/100
|-resisted|p1a: MEOW PLANKTON
|-damage|p1a: MEOW PLANKTON|65/100
|-hitcount|p1a: MEOW PLANKTON|2
|
|turn|19
|
|move|p1a: MEOW PLANKTON|Psychic|p2a: Breloom
|-supereffective|p2a: Breloom
|-damage|p2a: Breloom|0 fnt
|faint|p2a: Breloom
|
|win|p1
