# advantage = p1
|poke|p1|Typhlosion-Hisui, F|
|poke|p1|Hatterene, F|
|poke|p1|Landorus-Therian, M|
|poke|p1|Goodra-Hisui, M|
|poke|p1|Iron Treads|
|poke|p1|Rotom-Wash|
|poke|p2|Torkoal, F|
|poke|p2|Typhlosion-Hisui, M|
|poke|p2|Lilligant-Hisui, F|
|poke|p2|Arcanine-Hisui, M|
|poke|p2|Great Tusk|
|poke|p2|Hatterene, F|
|teampreview
|
|start
|switch|p1a: Landorus|Landorus-Therian, M|100/100
|switch|p2a: Torkoal|Torkoal, F|100/100
|-ability|p1a: Landorus|Intimidate|boost
|-unboost|p2a: Torkoal|atk|1
|-weather|SunnyDay|[from] ability: Drought|[of] p2a: Torkoal
|turn|1
|
|move|p1a: Landorus|Earthquake|p2a: Torkoal
|-supereffective|p2a: Torkoal
|-damage|p2a: Torkoal|16/100
|move|p2a: Torkoal|Rapid Spin|p1a: Landorus
|-damage|p1a: Landorus|93/100
|-boost|p2a: Torkoal|spe|1
|
|-weather|SunnyDay|[upkeep]
|turn|2
|
|switch|p1a: Typhlosion|Typhlosion-Hisui, F|100/100
|-item|p2a: Torkoal|Heat Rock|[from] ability: Frisk|[of] p1a: Typhlosion|[identify]
|switch|p2a: Hatterene|Hatterene, F|100/100
|
|-weather|SunnyDay|[upkeep]
|turn|3
|
|move|p1a: Typhlosion|Eruption|p2a: Hatterene
|-damage|p2a: Hatterene|0 fnt
|faint|p2a: Hatterene
|
|-weather|SunnyDay|[upkeep]
|
|switch|p2a: Arcanine|Arcanine-Hisui, M|100/100
|turn|4
|
|switch|p1a: Rotom|Rotom-Wash|100/100
|move|p2a: Arcanine|Head Smash|p1a: Rotom
|-crit|p1a: Rotom
|-damage|p1a: Rotom|16/100
|
|-weather|SunnyDay|[upkeep]
|-heal|p1a: Rotom|22/100|[from] item: Leftovers
|turn|5
|
|move|p2a: Arcanine|Head Smash|p1a: Rotom
|-damage|p1a: Rotom|0 fnt
|faint|p1a: Rotom
|
|-weather|SunnyDay|[upkeep]
|
|switch|p1a: Goodra|Goodra-Hisui, M|100/100
|turn|6
|
|switch|p2a: Lilligant|Lilligant-Hisui, F|100/100
|-terastallize|p1a: Goodra|Water
|move|p1a: Goodra|Curse|p1a: Goodra
|-unboost|p1a: Goodra|spe|1
|-boost|p1a: Goodra|atk|1
|-boost|p1a: Goodra|def|1
|
|-weather|SunnyDay|[upkeep]
|turn|7
|
|move|p2a: Lilligant|Victory Dance|p2a: Lilligant
|-boost|p2a: Lilligant|atk|1
|-boost|p2a: Lilligant|def|1
|-boost|p2a: Lilligant|spe|1
|move|p1a: Goodra|Dragon Tail|p2a: Lilligant
|-damage|p2a: Lilligant|70/100
|drag|p2a: Great Tusk|Great Tusk|100/100
|-activate|p2a: Great Tusk|ability: Protosynthesis
|-start|p2a: Great Tusk|protosynthesisdef
|
|-weather|SunnyDay|[upkeep]
|turn|8
|
|move|p2a: Great Tusk|Knock Off|p1a: Goodra
|-damage|p1a: Goodra|82/100
|-enditem|p1a: Goodra|Leftovers|[from] move: Knock Off|[of] p2a: Great Tusk
|move|p1a: Goodra|Curse|p1a: Goodra
|-unboost|p1a: Goodra|spe|1
|-boost|p1a: Goodra|atk|1
|-boost|p1a: Goodra|def|1
|
|-weather|none
|-end|p2a: Great Tusk|Protosynthesis
|turn|9
|
|-end|p2a: Great Tusk|Protosynthesis|[silent]
|switch|p2a: Torkoal|Torkoal, F|16/100
|-weather|SunnyDay|[from] ability: Drought|[of] p2a: Torkoal
|move|p1a: Goodra|Dragon Tail|p2a: Torkoal
|-damage|p2a: Torkoal|0 fnt
|faint|p2a: Torkoal
|
|-weather|SunnyDay|[upkeep]
|
|switch|p2a: Lilligant|Lilligant-Hisui, F|70/100
|turn|10
|
|move|p2a: Lilligant|Leaf Blade|p1a: Goodra
|-supereffective|p1a: Goodra
|-damage|p1a: Goodra|28/100
|-damage|p2a: Lilligant|60/100|[from] item: Life Orb
|move|p1a: Goodra|Heavy Slam|p2a: Lilligant
|-damage|p2a: Lilligant|0 fnt
|faint|p2a: Lilligant
|
|-weather|SunnyDay|[upkeep]
|
|switch|p2a: Typhlosion|Typhlosion-Hisui, M|100/100
|turn|11
|
|-terastallize|p2a: Typhlosion|Fire
|move|p2a: Typhlosion|Eruption|p1a: Goodra
|-resisted|p1a: Goodra
|-damage|p1a: Goodra|0 fnt
|faint|p1a: Goodra
|
|-weather|SunnyDay|[upkeep]
|
|switch|p1a: Typhlosion|Typhlosion-Hisui, F|100/100
|-item|p2a: Typhlosion|Choice Scarf|[from] ability: Frisk|[of] p1a: Typhlosion|[identify]
|turn|12
|
|switch|p2a: Great Tusk|Great Tusk|100/100
|-activate|p2a: Great Tusk|ability: Protosynthesis
|-start|p2a: Great Tusk|protosynthesisdef
|move|p1a: Typhlosion|Infernal Parade|p2a: Great Tusk
|-damage|p2a: Great Tusk|63/100
|
|-weather|SunnyDay|[upkeep]
|turn|13
|
|switch|p1a: Landorus|Landorus-Therian, M|93/100
|-ability|p1a: Landorus|Intimidate|boost
|-unboost|p2a: Great Tusk|atk|1
|move|p2a: Great Tusk|Knock Off|p1a: Landorus
|-damage|p1a: Landorus|71/100
|-enditem|p1a: Landorus|Choice Scarf|[from] move: Knock Off|[of] p2a: Great Tusk
|
|-weather|SunnyDay|[upkeep]
|turn|14
|
|-end|p2a: Great Tusk|Protosynthesis|[silent]
|switch|p2a: Arcanine|Arcanine-Hisui, M|100/100
|move|p1a: Landorus|Earthquake|p2a: Arcanine
|-supereffective|p2a: Arcanine
|-damage|p2a: Arcanine|0 fnt
|faint|p2a: Arcanine
|
|-weather|SunnyDay|[upkeep]
|
|switch|p2a: Typhlosion|Typhlosion-Hisui, M, tera:Fire|100/100
|turn|15
|
|switch|p1a: Iron Treads|Iron Treads|100/100
|move|p2a: Typhlosion|Eruption|p1a: Iron Treads
|-supereffective|p1a: Iron Treads
|-damage|p1a: Iron Treads|0 fnt
|faint|p1a: Iron Treads
|-end|p1a: Iron Treads|Quark Drive|[silent]
|
|-weather|SunnyDay|[upkeep]
|
|switch|p1a: Typhlosion|Typhlosion-Hisui, F|100/100
|-item|p2a: Typhlosion|Choice Scarf|[from] ability: Frisk|[of] p1a: Typhlosion|[identify]
|turn|16
|
|move|p2a: Typhlosion|Eruption|p1a: Typhlosion
|-resisted|p1a: Typhlosion
|-damage|p1a: Typhlosion|5/100
|move|p1a: Typhlosion|Flamethrower|p2a: Typhlosion
|-resisted|p2a: Typhlosion
|-damage|p2a: Typhlosion|37/100
|
|-weather|none
|turn|17
|
|move|p2a: Typhlosion|Eruption|p1a: Typhlosion
|-resisted|p1a: Typhlosion
|-damage|p1a: Typhlosion|0 fnt
|faint|p1a: Typhlosion
|
|
|switch|p1a: Hatterene|Hatterene, F|100/100
|turn|18
|
|switch|p2a: Great Tusk|Great Tusk|63/100
|move|p1a: Hatterene|Psyshock|p2a: Great Tusk
|-supereffective|p2a: Great Tusk
|-damage|p2a: Great Tusk|25/100
|
|turn|19
|
|switch|p1a: Landorus|Landorus-Therian, M|71/100
|-ability|p1a: Landorus|Intimidate|boost
|-unboost|p2a: Great Tusk|atk|1
|move|p2a: Great Tusk|Headlong Rush|p1a: Landorus
|-immune|p1a: Landorus
|
|turn|20
|
|move|p1a: Landorus|Earthquake|p2a: Great Tusk
|-damage|p2a: Great Tusk|0 fnt
|faint|p2a: Great Tusk
|-end|p2a: Great Tusk|Protosynthesis|[silent]
|
|
|switch|p2a: Typhlosion|Typhlosion-Hisui, M, tera:Fire|37/100
|turn|21
|
|move|p2a: Typhlosion|Fire Blast|p1a: Landorus
|-damage|p1a: Landorus|0 fnt
|faint|p1a: Landorus
|
|
|switch|p1a: Hatterene|Hatterene, F|100/100
|turn|22
|
|move|p2a: Typhlosion|Fire Blast|p1a: Hatterene
|-damage|p1a: Hatterene|23/100
|move|p1a: Hatterene|Psyshock|p2a: Typhlosion
|-damage|p2a: Typhlosion|0 fnt
|faint|p2a: Typhlosion
|
|win|p1
