# advantage = p1
|poke|p1|Magearna|
|poke|p1|Dragapult, F|
|poke|p1|Great Tusk|
|poke|p1|Zapdos|
|poke|p1|Muk-Alola, M|
|poke|p1|Urshifu-*, F|
|poke|p2|Voltorb-Hisui, L1|
|poke|p2|Basculegion, M|
|poke|p2|Carbink|
|poke|p2|Tornadus-Therian, M|
|poke|p2|Overqwil, F|
|poke|p2|Tauros, M|
|teampreview
|
|start
|switch|p1a: Great Tusk|Great Tusk|100/100
|switch|p2a: Voltorb|Voltorb-Hisui, L1|100/100
|-enditem|p1a: Great Tusk|Booster Energy
|-activate|p1a: Great Tusk|ability: Protosynthesis|[fromitem]
|-start|p1a: Great Tusk|protosynthesisspe
|turn|1
|
|move|p1a: Great Tusk|Stealth Rock|p2a: Voltorb
|-sidestart|p2: p2|move: Stealth Rock
|move|p2a: Voltorb|Leech Seed|p1a: Great Tusk
|-start|p1a: Great Tusk|move: Leech Seed
|
|-damage|p1a: Great Tusk|88/100|[from] Leech Seed|[of] p2a: Voltorb
|turn|2
|
|move|p1a: Great Tusk|Knock Off|p2a: Voltorb
|-enditem|p2a: Voltorb|Focus Sash
|-damage|p2a: Voltorb|9/100
|move|p2a: Voltorb|Foul Play|p1a: Great Tusk
|-resisted|p1a: Great Tusk
|-damage|p1a: Great Tusk|88/100
|
|-damage|p1a: Great Tusk|75/100|[from] Leech Seed|[of] p2a: Voltorb
|-heal|p2a: Voltorb|100/100|[silent]
|turn|3
|
|move|p2a: Voltorb|Protect|p2a: Voltorb
|-singleturn|p2a: Voltorb|Protect
|move|p1a: Great Tusk|Rapid Spin|p2a: Voltorb
|-activate|p2a: Voltorb|move: Protect
|
|-damage|p1a: Great Tusk|63/100|[from] Leech Seed|[of] p2a: Voltorb
|turn|4
|
|move|p1a: Great Tusk|Rapid Spin|p2a: Voltorb
|-damage|p2a: Voltorb|0 fnt
|-boost|p1a: Great Tusk|spe|1
|-end|p1a: Great Tusk|Leech Seed|[from] move: Rapid Spin|[of] p1a: Great Tusk
|faint|p2a: Voltorb
|
|
|switch|p2a: Tornadus|Tornadus-Therian, M|100/100
|-damage|p2a: Tornadus|76/100|[from] Stealth Rock
|turn|5
|
|move|p1a: Great Tusk|Knock Off|p2a: Tornadus
|-damage|p2a: Tornadus|37/100
|-enditem|p2a: Tornadus|Iapapa Berry|[from] move: Knock Off|[of] p1a: Great Tusk
|move|p2a: Tornadus|Bleakwind Storm|p1a: Great Tusk
|-supereffective|p1a: Great Tusk
|-damage|p1a: Great Tusk|0 fnt
|faint|p1a: Great Tusk
|-end|p1a: Great Tusk|Protosynthesis|[silent]
|
|player|p1|
|player|p1|p1|hoopster
|
|switch|p1a: Zapdos|Zapdos, shiny|100/100
|turn|6
|
|switch|p2a: Carbink|Carbink|100/100
|-damage|p2a: Carbink|88/100|[from] Stealth Rock
|move|p1a: Zapdos|Volt Switch|p2a: Carbink
|-damage|p2a: Carbink|69/100
|
|switch|p1a: Urshifu|Urshifu-Rapid-Strike, F|100/100|[from] Volt Switch
|
|-heal|p2a: Carbink|75/100|[from] item: Leftovers
|turn|7
|
|move|p1a: Urshifu|Surging Strikes|p2a: Carbink
|-supereffective|p2a: Carbink
|-crit|p2a: Carbink
|-damage|p2a: Carbink|47/100
|-supereffective|p2a: Carbink
|-crit|p2a: Carbink
|-damage|p2a: Carbink|17/100
|-supereffective|p2a: Carbink
|-crit|p2a: Carbink
|-damage|p2a: Carbink|0 fnt
|faint|p2a: Carbink
|-hitcount|p2: Carbink|3
|
|
|switch|p2a: Tornadus|Tornadus-Therian, M|70/100
|-damage|p2a: Tornadus|46/100|[from] Stealth Rock
|turn|8
|
|move|p1a: Urshifu|Surging Strikes|p2a: Tornadus
|-crit|p2a: Tornadus
|-damage|p2a: Tornadus|17/100
|-crit|p2a: Tornadus
|-damage|p2a: Tornadus|0 fnt
|faint|p2a: Tornadus
|-hitcount|p2: Tornadus|2
|
|
|switch|p2a: Overqwil|Overqwil, F|100/100
|-damage|p2a: Overqwil|88/100|[from] Stealth Rock
|-ability|p2a: Overqwil|Intimidate|boost
|-unboost|p1a: Urshifu|atk|1
|turn|9
|
|switch|p1a: Magearna|Magearna|100/100
|move|p2a: Overqwil|Swords Dance|p2a: Overqwil
|-boost|p2a: Overqwil|atk|2
|
|turn|10
|
|move|p2a: Overqwil|Liquidation|p1a: Magearna
|-damage|p1a: Magearna|68/100
|move|p1a: Magearna|Fleur Cannon|p2a: Overqwil|[miss]
|-miss|p1a: Magearna|p2a: Overqwil
|
|-heal|p1a: Magearna|74/100|[from] item: Leftovers
|turn|11
|
|move|p2a: Overqwil|Liquidation|p1a: Magearna
|-damage|p1a: Magearna|40/100
|move|p1a: Magearna|Fleur Cannon|p2a: Overqwil
|-damage|p2a: Overqwil|17/100
|-unboost|p1a: Magearna|spa|2
|
|-heal|p1a: Magearna|46/100|[from] item: Leftovers
|turn|12
|
|move|p2a: Overqwil|Liquidation|p1a: Magearna
|-damage|p1a: Magearna|14/100
|move|p1a: Magearna|Fleur Cannon|p2a: Overqwil
|-damage|p2a: Overqwil|0 fnt
|-unboost|p1a: Magearna|spa|2
|faint|p2a: Overqwil
|-ability|p1a: Magearna|Soul-Heart|boost
|-boost|p1a: Magearna|spa|1
|
|-heal|p1a: Magearna|20/100|[from] item: Leftovers
|
|switch|p2a: Basculegion|Basculegion, M|100/100
|-damage|p2a: Basculegion|88/100|[from] Stealth Rock
|turn|13
|
|move|p2a: Basculegion|Liquidation|p1a: Magearna
|-damage|p1a: Magearna|0 fnt
|faint|p1a: Magearna
|
|
|switch|p1a: Dragapult|Dragapult, F, shiny|100/100
|turn|14
|
|move|p1a: Dragapult|Shadow Ball|p2a: Basculegion
|-supereffective|p2a: Basculegion
|-damage|p2a: Basculegion|0 fnt
|faint|p2a: Basculegion
|
|
|switch|p2a: Tauros|Tauros, M|100/100
|-damage|p2a: Tauros|88/100|[from] Stealth Rock
|turn|15
|
|switch|p1a: Zapdos|Zapdos, shiny|100/100
|move|p2a: Tauros|Body Slam|p1a: Zapdos
|-damage|p1a: Zapdos|72/100
|-status|p2a: Tauros|par|[from] ability: Static|[of] p1a: Zapdos
|
|turn|16
|
|-terastallize|p2a: Tauros|Normal
|move|p1a: Zapdos|Hurricane|p2a: Tauros
|-crit|p2a: Tauros
|-damage|p2a: Tauros|15/100 par
|-setboost|p2a: Tauros|atk|6|[from] ability: Anger Point
|move|p2a: Tauros|Body Slam|p1a: Zapdos
|-damage|p1a: Zapdos|0 fnt
|faint|p1a: Zapdos
|
|
|switch|p1a: Dragapult|Dragapult, F, shiny|100/100
|turn|17
|
|move|p1a: Dragapult|Draco Meteor|p2a: Tauros
|-damage|p2a: Tauros|0 fnt
|-unboost|p1a: Dragapult|spa|2
|faint|p2a: Tauros
|
|win|p1
