# advantage = p1
|poke|p1|Slowbro-Galar, F|
|poke|p1|Sneasler, M|
|poke|p1|Samurott-Hisui, M|
|poke|p1|Corviknight, M|
|poke|p1|Great Tusk|
|poke|p1|Hatterene, F|
|poke|p2|Great Tusk|
|poke|p2|Kingambit, M|
|poke|p2|Iron Valiant|
|poke|p2|Gholdengo|
|poke|p2|Dragonite, M|
|poke|p2|Meowscarada, M|
|teampreview
|
|start
|switch|p1a: Great Tusk|Great Tusk|100/100
|switch|p2a: Dragonite|Dragonite, M|100/100
|turn|1
|
|switch|p2a: Iron Valiant|Iron Valiant|100/100
|-enditem|p2a: Iron Valiant|Booster Energy
|-activate|p2a: Iron Valiant|ability: Quark Drive|[fromitem]
|-start|p2a: Iron Valiant|quarkdrivespe
|move|p1a: Great Tusk|Taunt|p2a: Iron Valiant
|-start|p2a: Iron Valiant|move: Taunt
|
|turn|2
|
|-end|p1a: Great Tusk|Protosynthesis|[silent]
|switch|p1a: Hatterene|Hatterene, F|100/100
|move|p2a: Iron Valiant|Moonblast|p1a: Hatterene
|-damage|p1a: Hatterene|53/100
|-enditem|p1a: Hatterene|Eject Button
|
|switch|p1a: Slowbro|Slowbro-Galar, F|100/100
|
|turn|3
|
|-end|p2a: Iron Valiant|Quark Drive|[silent]
|switch|p2a: Gholdengo|Gholdengo|100/100
|move|p1a: Slowbro|Psychic|p2a: Gholdengo
|-resisted|p2a: Gholdengo
|-damage|p2a: Gholdengo|74/100
|
|turn|4
|
|switch|p1a: Corviknight|Corviknight, M|100/100
|move|p2a: Gholdengo|Shadow Ball|p1a: Corviknight
|-damage|p1a: Corviknight|72/100
|
|-heal|p1a: Corviknight|78/100|[from] item: Leftovers
|turn|5
|
|switch|p2a: Dragonite|Dragonite, M|100/100
|move|p1a: Corviknight|Brave Bird|p2a: Dragonite
|-damage|p2a: Dragonite|82/100
|-damage|p1a: Corviknight|72/100|[from] Recoil
|
|-heal|p1a: Corviknight|78/100|[from] item: Leftovers
|turn|6
|
|switch|p1a: Slowbro|Slowbro-Galar, F|100/100
|move|p2a: Dragonite|Fire Punch|p1a: Slowbro
|-crit|p1a: Slowbro
|-damage|p1a: Slowbro|63/100
|-status|p1a: Slowbro|brn
|
|-damage|p1a: Slowbro|57/100 brn|[from] brn
|turn|7
|-activate|p1a: Slowbro|ability: Quick Draw
|
|move|p1a: Slowbro|Ice Beam|p2a: Dragonite
|-supereffective|p2a: Dragonite
|-damage|p2a: Dragonite|0 fnt
|faint|p2a: Dragonite
|
|-damage|p1a: Slowbro|51/100 brn|[from] brn
|
|switch|p2a: Meowscarada|Meowscarada, M|100/100
|turn|8
|-activate|p1a: Slowbro|ability: Quick Draw
|
|move|p1a: Slowbro|Sludge Bomb|p2a: Meowscarada
|-supereffective|p2a: Meowscarada
|-enditem|p2a: Meowscarada|Focus Sash
|-damage|p2a: Meowscarada|1/100
|-status|p2a: Meowscarada|psn
|move|p2a: Meowscarada|Knock Off|p1a: Slowbro
|-supereffective|p1a: Slowbro
|-damage|p1a: Slowbro|0 fnt
|-enditem|p1a: Slowbro|Quick Claw|[from] move: Knock Off|[of] p2a: Meowscarada
|faint|p1a: Slowbro
|
|-damage|p2a: Meowscarada|0 fnt|[from] psn
|faint|p2a: Meowscarada
|
|switch|p2a: Iron Valiant|Iron Valiant|100/100
|switch|p1a: Sneasler|Sneasler, M|100/100
|turn|9
|
|-terastallize|p2a: Iron Valiant|Psychic
|move|p1a: Sneasler|Dire Claw|p2a: Iron Valiant
|-damage|p2a: Iron Valiant|47/100
|-status|p2a: Iron Valiant|par
|move|p2a: Iron Valiant|Psyshock|p1a: Sneasler
|-supereffective|p1a: Sneasler
|-crit|p1a: Sneasler
|-damage|p1a: Sneasler|0 fnt
|faint|p1a: Sneasler
|
|
|switch|p1a: Samurott|Samurott-Hisui, M|100/100
|turn|10
|
|move|p1a: Samurott|Aqua Cutter|p2a: Iron Valiant
|-crit|p2a: Iron Valiant
|-damage|p2a: Iron Valiant|0 fnt
|faint|p2a: Iron Valiant
|-end|p2a: Iron Valiant|Quark Drive|[silent]
|-damage|p1a: Samurott|91/100|[from] item: Life Orb
|
|
|switch|p2a: Great Tusk|Great Tusk|100/100
|turn|11
|
|switch|p1a: Corviknight|Corviknight, M|78/100
|move|p2a: Great Tusk|Headlong Rush|p1a: Corviknight
|-immune|p1a: Corviknight
|
|-heal|p1a: Corviknight|84/100|[from] item: Leftovers
|turn|12
|
|-end|p2a: Great Tusk|Protosynthesis|[silent]
|switch|p2a: Kingambit|Kingambit, M|100/100
|-activate|p2a: Kingambit|ability: Supreme Overlord
|-start|p2a: Kingambit|fallen3|[silent]
|move|p1a: Corviknight|Iron Defense|p1a: Corviknight
|-boost|p1a: Corviknight|def|2
|
|-heal|p1a: Corviknight|90/100|[from] item: Leftovers
|turn|13
|
|move|p2a: Kingambit|Sucker Punch|p1a: Corviknight
|-damage|p1a: Corviknight|67/100
|move|p1a: Corviknight|Body Press|p2a: Kingambit
|-supereffective|p2a: Kingambit
|-damage|p2a: Kingambit|0 fnt
|faint|p2a: Kingambit
|-end|p2a: Kingambit|fallen3|[silent]
|
|-heal|p1a: Corviknight|73/100|[from] item: Leftovers
|-message|p2 forfeited.
|
|win|p1
