|poke|p1|Garchomp, M|
|poke|p1|Hoopa-Unbound|
|poke|p1|Magnezone|
|poke|p1|Moltres|
|poke|p1|Urshifu-*, M|
|poke|p1|Great Tusk|
|poke|p2|Skeledirge, M|
|poke|p2|Clodsire, F|
|poke|p2|Scream Tail|
|poke|p2|Roaring Moon|
|poke|p2|Lokix, M|
|poke|p2|Zoroark-Hisui, M|
|teampreview

|
|start
|switch|p1a: Garchomp|Garchomp, M|100/100
|switch|p2a: Scream Tail|Scream Tail|100/100
|turn|1
|
|switch|p1a: Magnezone|Magnezone|100/100
|move|p2a: Scream Tail|Dazzling Gleam|p1a: Magnezone
|-resisted|p1a: Magnezone
|-damage|p1a: Magnezone|88/100
|
|turn|2
|
|-end|p2a: Scream Tail|Protosynthesis|[silent]
|switch|p2a: Clodsire|Clodsire, F|100/100
|move|p1a: Magnezone|Flash Cannon|p2a: Clodsire
|-damage|p2a: Clodsire|68/100
|
|-heal|p2a: Clodsire|74/100|[from] item: Black Sludge
|turn|3
|
|switch|p1a: Garchomp|Garchomp, M|100/100
|move|p2a: Clodsire|Stealth Rock|p1a: Garchomp
|-sidestart|p1: p1|move: Stealth Rock
|
|-heal|p2a: Clodsire|80/100|[from] item: Black Sludge
|turn|4
|
|switch|p2a: Scream Tail|Scream Tail|100/100
|move|p1a: Garchomp|Stealth Rock|p2a: Scream Tail
|-sidestart|p2: p2|move: Stealth Rock
|
|turn|5
|
|move|p2a: Scream Tail|Encore|p1a: Garchomp
|-start|p1a: Garchomp|Encore
|move|p1a: Garchomp|Stealth Rock||[still]
|-fail|p1a: Garchomp
|
|turn|6
|
|-end|p2a: Scream Tail|Protosynthesis|[silent]
|switch|p2a: Roaring Moon|Roaring Moon|100/100
|-enditem|p2a: Roaring Moon|Booster Energy
|-activate|p2a: Roaring Moon|ability: Protosynthesis|[fromitem]
|-start|p2a: Roaring Moon|protosynthesisatk
|-damage|p2a: Roaring Moon|88/100|[from] Stealth Rock
|switch|p1a: Magnezone|Magnezone|88/100
|-damage|p1a: Magnezone|82/100|[from] Stealth Rock
|
|turn|7
|
|switch|p1a: Moltres|Moltres|100/100
|move|p2a: Roaring Moon|Earthquake|p1a: Moltres
|-immune|p1a: Moltres
|
|turn|8
|
|move|p2a: Roaring Moon|Dragon Dance|p2a: Roaring Moon
|-boost|p2a: Roaring Moon|atk|1
|-boost|p2a: Roaring Moon|spe|1
|move|p1a: Moltres|Hurricane|p2a: Roaring Moon
|-damage|p2a: Roaring Moon|41/100
|
|turn|9
|
|move|p2a: Roaring Moon|Acrobatics|p1a: Moltres
|-damage|p1a: Moltres|31/100
|move|p1a: Moltres|U-turn|p2a: Roaring Moon
|-supereffective|p2a: Roaring Moon
|-damage|p2a: Roaring Moon|1/100
|
|switch|p1a: Urshifu|Urshifu-Rapid-Strike, M|100/100|[from] U-turn
|-damage|p1a: Urshifu|94/100|[from] Stealth Rock
|
|turn|10
|
|-end|p2a: Roaring Moon|Protosynthesis|[silent]
|switch|p2a: Clodsire|Clodsire, F|80/100
|-damage|p2a: Clodsire|74/100|[from] Stealth Rock
|move|p1a: Urshifu|Aqua Jet|p2a: Clodsire
|-heal|p2a: Clodsire|99/100|[from] ability: Water Absorb|[of] p1a: Urshifu
|
|-heal|p2a: Clodsire|100/100|[from] item: Black Sludge
|turn|11
|
|switch|p1a: Garchomp|Garchomp, M|100/100
|-damage|p1a: Garchomp|94/100|[from] Stealth Rock
|move|p2a: Clodsire|Toxic|p1a: Garchomp
|-status|p1a: Garchomp|tox
|
|-damage|p1a: Garchomp|88/100 tox|[from] psn
|turn|12
|
|switch|p2a: Scream Tail|Scream Tail|100/100
|-damage|p2a: Scream Tail|88/100|[from] Stealth Rock
|move|p1a: Garchomp|Spikes|p2a: Scream Tail
|-sidestart|p2: p2|Spikes
|
|-heal|p2a: Scream Tail|94/100|[from] item: Leftovers
|-damage|p1a: Garchomp|76/100 tox|[from] psn
|turn|13
|
|-end|p2a: Scream Tail|Protosynthesis|[silent]
|switch|p2a: Skeledirge|Skeledirge, M|100/100
|move|p1a: Garchomp|Spikes|p2a: Skeledirge
|-sidestart|p2: p2|Spikes
|
|-damage|p1a: Garchomp|57/100 tox|[from] psn
|turn|14
|
|move|p1a: Garchomp|Earthquake|p2a: Skeledirge
|-supereffective|p2a: Skeledirge
|-crit|p2a: Skeledirge
|-damage|p2a: Skeledirge|18/100
|move|p2a: Skeledirge|Slack Off|p2a: Skeledirge
|-heal|p2a: Skeledirge|68/100
|
|-damage|p1a: Garchomp|32/100 tox|[from] psn
|turn|15
|
|move|p2a: Skeledirge|Slack Off|p2a: Skeledirge
|-heal|p2a: Skeledirge|100/100
|move|p1a: Garchomp|Dragon Tail|p2a: Skeledirge
|-damage|p2a: Skeledirge|85/100
|drag|p2a: Scream Tail|Scream Tail|94/100
|-damage|p2a: Scream Tail|82/100|[from] Stealth Rock
|-damage|p2a: Scream Tail|65/100|[from] Spikes
|
|-heal|p2a: Scream Tail|71/100|[from] item: Leftovers
|-damage|p1a: Garchomp|1/100 tox|[from] psn
|turn|16
|
|move|p2a: Scream Tail|Encore|p1a: Garchomp
|-start|p1a: Garchomp|Encore
|move|p1a: Garchomp|Dragon Tail|p2a: Scream Tail
|-immune|p2a: Scream Tail
|
|-heal|p2a: Scream Tail|78/100|[from] item: Leftovers
|-damage|p1a: Garchomp|0 fnt|[from] psn
|faint|p1a: Garchomp
|
|switch|p1a: Hoopa|Hoopa-Unbound|100/100
|-damage|p1a: Hoopa|88/100|[from] Stealth Rock
|turn|17
|
|move|p2a: Scream Tail|Protect|p2a: Scream Tail
|-singleturn|p2a: Scream Tail|Protect
|move|p1a: Hoopa|Dark Pulse|p2a: Scream Tail
|-activate|p2a: Scream Tail|move: Protect
|
|-heal|p2a: Scream Tail|84/100|[from] item: Leftovers
|turn|18
|
|move|p2a: Scream Tail|Dazzling Gleam|p1a: Hoopa
|-supereffective|p1a: Hoopa
|-damage|p1a: Hoopa|54/100
|move|p1a: Hoopa|Focus Blast|p2a: Scream Tail
|-resisted|p2a: Scream Tail
|-damage|p2a: Scream Tail|75/100
|
|-heal|p2a: Scream Tail|81/100|[from] item: Leftovers
|turn|19
|
|move|p2a: Scream Tail|Dazzling Gleam|p1a: Hoopa
|-supereffective|p1a: Hoopa
|-damage|p1a: Hoopa|18/100
|move|p1a: Hoopa|Dark Pulse|p2a: Scream Tail
|-damage|p2a: Scream Tail|48/100
|
|-heal|p2a: Scream Tail|54/100|[from] item: Leftovers
|turn|20
|
|move|p2a: Scream Tail|Dazzling Gleam|p1a: Hoopa
|-supereffective|p1a: Hoopa
|-damage|p1a: Hoopa|0 fnt
|faint|p1a: Hoopa
|
|-heal|p2a: Scream Tail|61/100|[from] item: Leftovers
|
|switch|p1a: Moltres|Moltres|31/100
|turn|21
|
|move|p2a: Scream Tail|Wish|p2a: Scream Tail
|move|p1a: Moltres|Roost|p1a: Moltres
|-heal|p1a: Moltres|81/100
|-singleturn|p1a: Moltres|move: Roost
|
|-heal|p2a: Scream Tail|67/100|[from] item: Leftovers
|turn|22
|
|move|p2a: Scream Tail|Encore|p1a: Moltres
|-start|p1a: Moltres|Encore
|move|p1a: Moltres|Roost|p1a: Moltres
|-heal|p1a: Moltres|100/100
|-singleturn|p1a: Moltres|move: Roost
|
|-heal|p2a: Scream Tail|100/100|[from] move: Wish|[wisher] Scream Tail
|turn|23
|
|-end|p2a: Scream Tail|Protosynthesis|[silent]
|switch|p2a: Clodsire|Clodsire, F|100/100
|-damage|p2a: Clodsire|94/100|[from] Stealth Rock
|-damage|p2a: Clodsire|78/100|[from] Spikes
|switch|p1a: Magnezone|Magnezone|82/100
|-damage|p1a: Magnezone|76/100|[from] Stealth Rock
|
|-heal|p2a: Clodsire|84/100|[from] item: Black Sludge
|turn|24
|
|move|p1a: Magnezone|Flash Cannon|p2a: Clodsire
|-damage|p2a: Clodsire|52/100
|-unboost|p2a: Clodsire|spd|1
|move|p2a: Clodsire|Toxic|p1a: Magnezone
|-immune|p1a: Magnezone
|
|-heal|p2a: Clodsire|58/100|[from] item: Black Sludge
|turn|25
|
|switch|p2a: Skeledirge|Skeledirge, M|85/100
|move|p1a: Magnezone|Flash Cannon|p2a: Skeledirge
|-resisted|p2a: Skeledirge
|-damage|p2a: Skeledirge|50/100
|-unboost|p2a: Skeledirge|spd|1
|
|turn|26
|
|switch|p1a: Moltres|Moltres|100/100
|move|p2a: Skeledirge|Torch Song|p1a: Moltres
|-resisted|p1a: Moltres
|-damage|p1a: Moltres|86/100
|-boost|p2a: Skeledirge|spa|1
|
|turn|27
|
|switch|p2a: Scream Tail|Scream Tail|100/100
|-damage|p2a: Scream Tail|88/100|[from] Stealth Rock
|-damage|p2a: Scream Tail|71/100|[from] Spikes
|move|p1a: Moltres|U-turn|p2a: Scream Tail
|-damage|p2a: Scream Tail|59/100
|
|switch|p1a: Magnezone|Magnezone|76/100|[from] U-turn
|-damage|p1a: Magnezone|70/100|[from] Stealth Rock
|
|-heal|p2a: Scream Tail|66/100|[from] item: Leftovers
|turn|28
|
|-end|p2a: Scream Tail|Protosynthesis|[silent]
|switch|p2a: Clodsire|Clodsire, F|58/100
|-damage|p2a: Clodsire|52/100|[from] Stealth Rock
|-damage|p2a: Clodsire|35/100|[from] Spikes
|move|p1a: Magnezone|Flash Cannon|p2a: Clodsire
|-damage|p2a: Clodsire|1/100
|
|-heal|p2a: Clodsire|7/100|[from] item: Black Sludge
|turn|29
|
|move|p1a: Magnezone|Flash Cannon|p2a: Clodsire
|-damage|p2a: Clodsire|0 fnt
|faint|p2a: Clodsire
|
|
|switch|p2a: Lokix|Lokix, M|100/100
|-damage|p2a: Lokix|76/100|[from] Stealth Rock
|-damage|p2a: Lokix|59/100|[from] Spikes
|turn|30
|
|switch|p1a: Great Tusk|Great Tusk|100/100
|-damage|p1a: Great Tusk|98/100|[from] Stealth Rock
|-terastallize|p2a: Lokix|Bug
|move|p2a: Lokix|First Impression|p1a: Great Tusk
|-resisted|p1a: Great Tusk
|-damage|p1a: Great Tusk|61/100
|-damage|p2a: Lokix|49/100|[from] item: Life Orb
|
|-heal|p1a: Great Tusk|67/100|[from] item: Leftovers
|turn|31
|
|switch|p2a: Scream Tail|Scream Tail|100/100
|-damage|p2a: Scream Tail|88/100|[from] Stealth Rock
|-damage|p2a: Scream Tail|72/100|[from] Spikes
|move|p1a: Great Tusk|Knock Off|p2a: Scream Tail
|-supereffective|p2a: Scream Tail
|-damage|p2a: Scream Tail|0 fnt
|replace|p2a: Zoroark|Zoroark-Hisui, M
|-end|p2a: Zoroark|Illusion
|-enditem|p2a: Zoroark|Focus Sash|[from] move: Knock Off|[of] p1a: Great Tusk
|faint|p2a: Zoroark
|
|-heal|p1a: Great Tusk|73/100|[from] item: Leftovers
|
|switch|p2a: Scream Tail|Scream Tail|66/100
|-damage|p2a: Scream Tail|53/100|[from] Stealth Rock
|-damage|p2a: Scream Tail|37/100|[from] Spikes
|turn|32
|
|-end|p1a: Great Tusk|Protosynthesis|[silent]
|switch|p1a: Urshifu|Urshifu-Rapid-Strike, M|94/100
|-damage|p1a: Urshifu|88/100|[from] Stealth Rock
|move|p2a: Scream Tail|Wish|p2a: Scream Tail
|
|-heal|p2a: Scream Tail|43/100|[from] item: Leftovers
|turn|33
|
|move|p2a: Scream Tail|Protect|p2a: Scream Tail
|-singleturn|p2a: Scream Tail|Protect
|move|p1a: Urshifu|Surging Strikes|p2a: Scream Tail
|-crit|p2a: Scream Tail
|-damage|p2a: Scream Tail|25/100
|-crit|p2a: Scream Tail
|-damage|p2a: Scream Tail|9/100
|-crit|p2a: Scream Tail
|-damage|p2a: Scream Tail|0 fnt
|faint|p2a: Scream Tail
|-end|p2a: Scream Tail|Protosynthesis|[silent]
|-hitcount|p2: Scream Tail|3
|
|
|switch|p2a: Skeledirge|Skeledirge, M|50/100
|turn|34
|
|switch|p1a: Moltres|Moltres|86/100
|move|p2a: Skeledirge|Will-O-Wisp|p1a: Moltres
|-immune|p1a: Moltres
|
|turn|35
|
|move|p1a: Moltres|Hurricane|p2a: Skeledirge
|-damage|p2a: Skeledirge|3/100
|-start|p2a: Skeledirge|confusion
|-activate|p2a: Skeledirge|confusion
|move|p2a: Skeledirge|Torch Song|p1a: Moltres
|-resisted|p1a: Moltres
|-damage|p1a: Moltres|73/100
|-boost|p2a: Skeledirge|spa|1
|
|turn|36
|
|move|p1a: Moltres|Flamethrower|p2a: Skeledirge
|-resisted|p2a: Skeledirge
|-damage|p2a: Skeledirge|0 fnt
|faint|p2a: Skeledirge
|
|
|switch|p2a: Lokix|Lokix, M, tera:Bug|49/100
|-damage|p2a: Lokix|25/100|[from] Stealth Rock
|-damage|p2a: Lokix|8/100|[from] Spikes
|turn|37
|
|move|p2a: Lokix|Throat Chop|p1a: Moltres
|-damage|p1a: Moltres|28/100
|-start|p1a: Moltres|Throat Chop|[silent]
|-damage|p2a: Lokix|0 fnt|[from] item: Life Orb
|faint|p2a: Lokix
|move|p1a: Moltres|Flamethrower|p2: Lokix|[notarget]
|-fail|p1a: Moltres
|
|
|switch|p2a: Roaring Moon|Roaring Moon|1/100
|-damage|p2a: Roaring Moon|0 fnt|[from] Stealth Rock
|faint|p2a: Roaring Moon
|-end|p2a: Roaring Moon|Protosynthesis|[silent]
|
|win|p1
