# advantage = p2
|poke|p1|Lilligant-Hisui, F|
|poke|p1|Torkoal, F|
|poke|p1|Walking Wake|
|poke|p1|Great Tusk|
|poke|p1|Arcanine-Hisui, F|
|poke|p1|Hatterene, F|
|poke|p2|Chien-Pao|
|poke|p2|Gholdengo|
|poke|p2|Kilowattrel, M|
|poke|p2|Ursaluna, M|
|poke|p2|Toxapex, F|
|poke|p2|Goodra-Hisui, F|
|teampreview
|
|start
|switch|p1a: twirligant|Lilligant-Hisui, F|100/100
|switch|p2a: Kilowatts|Kilowattrel, M|100/100
|turn|1
|
|switch|p1a: le dog|Arcanine-Hisui, F|100/100
|move|p2a: Kilowatts|Air Slash|p1a: le dog
|-resisted|p1a: le dog
|-damage|p1a: le dog|69/100
|
|turn|2
|
|switch|p2a: Toxapex|Toxapex, F|100/100
|move|p1a: le dog|Head Smash|p2a: Toxapex
|-damage|p2a: Toxapex|40/100
|-damage|p1a: le dog|59/100|[from] item: Life Orb
|
|-heal|p2a: Toxapex|46/100|[from] item: Black Sludge
|turn|3
|
|switch|p2a: Goodra|Goodra-Hisui, F|100/100
|move|p1a: le dog|Head Smash|p2a: Goodra|[miss]
|-miss|p1a: le dog|p2a: Goodra
|
|turn|4
|
|switch|p1a: smokin|Torkoal, F|100/100
|-weather|SunnyDay|[from] ability: Drought|[of] p1a: smokin
|move|p2a: Goodra|Acid Armor|p2a: Goodra
|-boost|p2a: Goodra|def|2
|
|-weather|SunnyDay|[upkeep]
|turn|5
|
|move|p2a: Goodra|Body Press|p1a: smokin
|-damage|p1a: smokin|61/100
|move|p1a: smokin|Yawn|p2a: Goodra
|-start|p2a: Goodra|move: Yawn|[of] p1a: smokin
|
|-weather|SunnyDay|[upkeep]
|turn|6
|
|switch|p2a: Toxapex|Toxapex, F|79/100
|move|p1a: smokin|Stealth Rock|p2a: Toxapex
|-sidestart|p2: p2|move: Stealth Rock
|
|-weather|SunnyDay|[upkeep]
|-heal|p2a: Toxapex|85/100|[from] item: Black Sludge
|turn|7
|
|switch|p1a: Sir Suicune|Walking Wake|100/100
|-activate|p1a: Sir Suicune|ability: Protosynthesis
|-start|p1a: Sir Suicune|protosynthesisspe
|move|p2a: Toxapex|Venoshock|p1a: Sir Suicune
|-damage|p1a: Sir Suicune|91/100
|
|-weather|SunnyDay|[upkeep]
|-heal|p2a: Toxapex|92/100|[from] item: Black Sludge
|turn|8
|
|move|p2a: Toxapex|Baneful Bunker|p2a: Toxapex
|-singleturn|p2a: Toxapex|move: Protect
|move|p1a: Sir Suicune|Dragon Pulse|p2a: Toxapex
|-activate|p2a: Toxapex|move: Protect
|
|-weather|SunnyDay|[upkeep]
|-heal|p2a: Toxapex|98/100|[from] item: Black Sludge
|turn|9
|
|move|p1a: Sir Suicune|Dragon Pulse|p2a: Toxapex
|-damage|p2a: Toxapex|68/100
|move|p2a: Toxapex|Recover|p2a: Toxapex
|-heal|p2a: Toxapex|100/100
|
|-weather|SunnyDay|[upkeep]
|turn|10
|
|-end|p1a: Sir Suicune|Protosynthesis|[silent]
|switch|p1a: the tuskerino|Great Tusk|100/100
|-activate|p1a: the tuskerino|ability: Protosynthesis
|-start|p1a: the tuskerino|protosynthesisatk
|move|p2a: Toxapex|Venoshock|p1a: the tuskerino
|-resisted|p1a: the tuskerino
|-damage|p1a: the tuskerino|93/100
|
|-weather|SunnyDay|[upkeep]
|turn|11
|
|switch|p2a: Kilowatts|Kilowattrel, M|100/100
|-damage|p2a: Kilowatts|76/100|[from] Stealth Rock
|move|p1a: the tuskerino|Earthquake|p2a: Kilowatts
|-immune|p2a: Kilowatts
|
|-weather|none
|-end|p1a: the tuskerino|Protosynthesis
|turn|12
|
|-end|p1a: the tuskerino|Protosynthesis|[silent]
|switch|p1a: :)|Hatterene, F|100/100
|-item|p1a: :)|Air Balloon
|move|p2a: Kilowatts|Air Slash|p1a: :)
|-damage|p1a: :)|50/100
|-enditem|p1a: :)|Air Balloon
|
|turn|13
|
|move|p2a: Kilowatts|Air Slash|p1a: :)
|-damage|p1a: :)|0 fnt
|faint|p1a: :)
|
|
|switch|p1a: le dog|Arcanine-Hisui, F|59/100
|turn|14
|
|switch|p2a: Goodra|Goodra-Hisui, F|100/100
|-damage|p2a: Goodra|94/100|[from] Stealth Rock
|move|p1a: le dog|Head Smash|p2a: Goodra|[miss]
|-miss|p1a: le dog|p2a: Goodra
|
|-heal|p2a: Goodra|100/100|[from] item: Leftovers
|turn|15
|
|switch|p1a: smokin|Torkoal, F|61/100
|-weather|SunnyDay|[from] ability: Drought|[of] p1a: smokin
|move|p2a: Goodra|Acid Armor|p2a: Goodra
|-boost|p2a: Goodra|def|2
|
|-weather|SunnyDay|[upkeep]
|turn|16
|
|move|p2a: Goodra|Body Press|p1a: smokin
|-damage|p1a: smokin|22/100
|move|p1a: smokin|Yawn|p2a: Goodra
|-start|p2a: Goodra|move: Yawn|[of] p1a: smokin
|
|-weather|SunnyDay|[upkeep]
|turn|17
|
|switch|p2a: Toxapex|Toxapex, F|100/100
|-damage|p2a: Toxapex|88/100|[from] Stealth Rock
|switch|p1a: twirligant|Lilligant-Hisui, F|100/100
|
|-weather|SunnyDay|[upkeep]
|-heal|p2a: Toxapex|94/100|[from] item: Black Sludge
|turn|18
|
|-terastallize|p1a: twirligant|Ghost
|move|p1a: twirligant|Victory Dance|p1a: twirligant
|-boost|p1a: twirligant|atk|1
|-boost|p1a: twirligant|def|1
|-boost|p1a: twirligant|spe|1
|move|p2a: Toxapex|Venoshock|p1a: twirligant
|-resisted|p1a: twirligant
|-damage|p1a: twirligant|91/100
|
|-weather|SunnyDay|[upkeep]
|-heal|p2a: Toxapex|100/100|[from] item: Black Sludge
|turn|19
|
|move|p1a: twirligant|Leaf Blade|p2a: Toxapex
|-damage|p2a: Toxapex|36/100
|move|p2a: Toxapex|Haze|p2a: Toxapex
|-clearallboost
|
|-weather|SunnyDay|[upkeep]
|-heal|p2a: Toxapex|43/100|[from] item: Black Sludge
|turn|20
|
|move|p1a: twirligant|Leaf Blade|p2a: Toxapex
|-damage|p2a: Toxapex|0 fnt
|faint|p2a: Toxapex
|
|-weather|SunnyDay|[upkeep]
|
|switch|p2a: Chien-Pao|Chien-Pao|100/100
|-damage|p2a: Chien-Pao|76/100|[from] Stealth Rock
|-ability|p2a: Chien-Pao|Sword of Ruin
|turn|21
|
|move|p2a: Chien-Pao|Crunch|p1a: twirligant
|-supereffective|p1a: twirligant
|-damage|p1a: twirligant|0 fnt
|faint|p1a: twirligant
|
|-weather|SunnyDay|[upkeep]
|
|switch|p1a: Sir Suicune|Walking Wake|91/100
|-activate|p1a: Sir Suicune|ability: Protosynthesis
|-start|p1a: Sir Suicune|protosynthesisspe
|turn|22
|
|switch|p2a: Goodra|Goodra-Hisui, F|100/100
|-damage|p2a: Goodra|94/100|[from] Stealth Rock
|move|p1a: Sir Suicune|Hydro Steam|p2a: Goodra
|-resisted|p2a: Goodra
|-damage|p2a: Goodra|75/100
|
|-weather|none
|-end|p1a: Sir Suicune|Protosynthesis
|-heal|p2a: Goodra|81/100|[from] item: Leftovers
|turn|23
|
|move|p1a: Sir Suicune|Dragon Pulse|p2a: Goodra
|-damage|p2a: Goodra|53/100
|move|p2a: Goodra|Acid Armor|p2a: Goodra
|-boost|p2a: Goodra|def|2
|
|-heal|p2a: Goodra|59/100|[from] item: Leftovers
|turn|24
|
|move|p1a: Sir Suicune|Dragon Pulse|p2a: Goodra
|-damage|p2a: Goodra|29/100
|move|p2a: Goodra|Body Press|p1a: Sir Suicune
|-damage|p1a: Sir Suicune|41/100
|
|-heal|p2a: Goodra|35/100|[from] item: Leftovers
|turn|25
|
|move|p1a: Sir Suicune|Draco Meteor|p2a: Goodra
|-damage|p2a: Goodra|0 fnt
|-unboost|p1a: Sir Suicune|spa|2
|faint|p2a: Goodra
|
|
|switch|p2a: Chien-Pao|Chien-Pao|76/100
|-damage|p2a: Chien-Pao|51/100|[from] Stealth Rock
|-ability|p2a: Chien-Pao|Sword of Ruin
|turn|26
|
|-end|p1a: Sir Suicune|Protosynthesis|[silent]
|switch|p1a: le dog|Arcanine-Hisui, F|59/100
|move|p2a: Chien-Pao|Psychic Fangs|p1a: le dog
|-damage|p1a: le dog|0 fnt
|faint|p1a: le dog
|
|
|switch|p1a: smokin|Torkoal, F|22/100
|-weather|SunnyDay|[from] ability: Drought|[of] p1a: smokin
|turn|27
|
|move|p2a: Chien-Pao|Psychic Fangs|p1a: smokin
|-damage|p1a: smokin|0 fnt
|faint|p1a: smokin
|
|-weather|SunnyDay|[upkeep]
|
|switch|p1a: Sir Suicune|Walking Wake|41/100
|-activate|p1a: Sir Suicune|ability: Protosynthesis
|-start|p1a: Sir Suicune|protosynthesisspe
|turn|28
|
|switch|p2a: Gholdengô|Gholdengo|100/100
|-damage|p2a: Gholdengô|94/100|[from] Stealth Rock
|move|p1a: Sir Suicune|Flamethrower|p2a: Gholdengô
|-supereffective|p2a: Gholdengô
|-damage|p2a: Gholdengô|7/100
|
|-weather|SunnyDay|[upkeep]
|turn|29
|
|move|p1a: Sir Suicune|Hydro Steam|p2a: Gholdengô
|-damage|p2a: Gholdengô|0 fnt
|faint|p2a: Gholdengô
|
|-weather|SunnyDay|[upkeep]
|
|switch|p2a: Renato|Ursaluna, M|100/100
|-damage|p2a: Renato|94/100|[from] Stealth Rock
|turn|30
|
|move|p1a: Sir Suicune|Hydro Steam|p2a: Renato
|-supereffective|p2a: Renato
|-damage|p2a: Renato|0 fnt
|faint|p2a: Renato
|
|-weather|SunnyDay|[upkeep]
|
|switch|p2a: Kilowatts|Kilowattrel, M|76/100
|-damage|p2a: Kilowatts|51/100|[from] Stealth Rock
|turn|31
|
|move|p1a: Sir Suicune|Dragon Pulse|p2a: Kilowatts
|-damage|p2a: Kilowatts|0 fnt
|faint|p2a: Kilowatts
|
|-weather|SunnyDay|[upkeep]
|
|switch|p2a: Chien-Pao|Chien-Pao|51/100
|-damage|p2a: Chien-Pao|26/100|[from] Stealth Rock
|-ability|p2a: Chien-Pao|Sword of Ruin
|turn|32
|
|-terastallize|p2a: Chien-Pao|Dark
|move|p1a: Sir Suicune|Flamethrower|p2a: Chien-Pao
|-damage|p2a: Chien-Pao|0 fnt
|faint|p2a: Chien-Pao
|
|win|p1
