|poke|p1|Sneasler, F|
|poke|p1|Grimmsnarl, M|
|poke|p1|Zamazenta-*|
|poke|p1|Dragonite, M|
|poke|p1|Iron Valiant|
|poke|p1|Garchomp, F|
|poke|p2|Magearna|
|poke|p2|Sneasler, M|
|poke|p2|Dragapult, M|
|poke|p2|Zamazenta-*|
|poke|p2|Volcarona, F|
|poke|p2|Ursaluna, M|
|teampreview
|
|start
|switch|p1a: Garchomp|Garchomp, F|100/100
|switch|p2a: Magearna|Magearna|100/100
|turn|1
|
|switch|p2a: Dragapult|Dragapult, M|100/100
|move|p1a: Garchomp|Earthquake|p2a: Dragapult
|-damage|p2a: Dragapult|55/100
|-start|p1a: Garchomp|Disable|Earthquake|[from] ability: Cursed Body|[of] p2a: Dragapult
|
|turn|2
|
|switch|p1a: Grimmsnarl|Grimmsnarl, M|100/100
|move|p2a: Dragapult|Reflect|p2a: Dragapult
|-sidestart|p2: Nikkamaru|Reflect
|
|turn|3
|
|move|p1a: Grimmsnarl|Reflect|p1a: Grimmsnarl
|-sidestart|p1: ShuckMyCorn|Reflect
|move|p2a: Dragapult|Light Screen|p2a: Dragapult
|-sidestart|p2: Nikkamaru|move: Light Screen
|
|turn|4
|
|switch|p2a: Magearna|Magearna|100/100
|move|p1a: Grimmsnarl|Light Screen|p1a: Grimmsnarl
|-sidestart|p1: ShuckMyCorn|move: Light Screen
|
|turn|5
|
|move|p1a: Grimmsnarl|Taunt|p2a: Magearna
|-start|p2a: Magearna|move: Taunt
|cant|p2a: Magearna|move: Taunt|Shift Gear
|
|turn|6
|
|move|p1a: Grimmsnarl|Parting Shot|p2a: Magearna
|-unboost|p2a: Magearna|atk|1
|-unboost|p2a: Magearna|spa|1
|
|switch|p1a: Zamazenta|Zamazenta-Crowned|100/100|[from] Parting Shot
|-ability|p1a: Zamazenta|Dauntless Shield|boost
|-boost|p1a: Zamazenta|def|1
|move|p2a: Magearna|Draining Kiss|p1a: Zamazenta
|-damage|p1a: Zamazenta|95/100
|
|turn|7
|
|switch|p2a: Jon Bones Jones|Ursaluna, M, shiny|100/100
|move|p1a: Zamazenta|Iron Defense|p1a: Zamazenta
|-boost|p1a: Zamazenta|def|2
|
|-status|p2a: Jon Bones Jones|brn|[from] item: Flame Orb
|turn|8
|
|move|p1a: Zamazenta|Body Press|p2a: Jon Bones Jones
|-supereffective|p2a: Jon Bones Jones
|-damage|p2a: Jon Bones Jones|30/100 brn
|move|p2a: Jon Bones Jones|Swords Dance|p2a: Jon Bones Jones
|-boost|p2a: Jon Bones Jones|atk|2
|
|-damage|p2a: Jon Bones Jones|24/100 brn|[from] brn
|turn|9
|
|move|p1a: Zamazenta|Body Press|p2a: Jon Bones Jones
|-supereffective|p2a: Jon Bones Jones
|-damage|p2a: Jon Bones Jones|0 fnt
|faint|p2a: Jon Bones Jones
|
|-sideend|p2: Nikkamaru|Reflect
|
|switch|p2a: Dragapult|Dragapult, M|55/100
|turn|10
|
|move|p2a: Dragapult|Will-O-Wisp|p1a: Zamazenta
|-status|p1a: Zamazenta|brn
|move|p1a: Zamazenta|Play Rough|p2a: Dragapult
|-supereffective|p2a: Dragapult
|-crit|p2a: Dragapult
|-damage|p2a: Dragapult|10/100
|
|-damage|p1a: Zamazenta|89/100 brn|[from] brn
|-sideend|p1: ShuckMyCorn|Reflect
|-sideend|p2: Nikkamaru|move: Light Screen
|turn|11
|
|move|p2a: Dragapult|Reflect|p2a: Dragapult
|-sidestart|p2: Nikkamaru|Reflect
|move|p1a: Zamazenta|Play Rough|p2a: Dragapult
|-supereffective|p2a: Dragapult
|-damage|p2a: Dragapult|0 fnt
|faint|p2a: Dragapult
|
|-damage|p1a: Zamazenta|82/100 brn|[from] brn
|-sideend|p1: ShuckMyCorn|move: Light Screen
|
|switch|p2a: Volcarona|Volcarona, F|100/100
|turn|12
|
|move|p1a: Zamazenta|Body Press|p2a: Volcarona
|-resisted|p2a: Volcarona
|-damage|p2a: Volcarona|82/100
|move|p2a: Volcarona|Quiver Dance|p2a: Volcarona
|-boost|p2a: Volcarona|spa|1
|-boost|p2a: Volcarona|spd|1
|-boost|p2a: Volcarona|spe|1
|
|-damage|p1a: Zamazenta|76/100 brn|[from] brn
|turn|13
|
|switch|p1a: Grimmsnarl|Grimmsnarl, M|100/100
|move|p2a: Volcarona|Quiver Dance|p2a: Volcarona
|-boost|p2a: Volcarona|spa|1
|-boost|p2a: Volcarona|spd|1
|-boost|p2a: Volcarona|spe|1
|
|turn|14
|
|move|p1a: Grimmsnarl|Light Screen|p1a: Grimmsnarl
|-sidestart|p1: ShuckMyCorn|move: Light Screen
|move|p2a: Volcarona|Flamethrower|p1a: Grimmsnarl
|-damage|p1a: Grimmsnarl|46/100
|
|turn|15
|
|move|p1a: Grimmsnarl|Parting Shot|p2a: Volcarona
|-unboost|p2a: Volcarona|atk|1
|-unboost|p2a: Volcarona|spa|1
|
|switch|p1a: Garchomp|Garchomp, F|100/100|[from] Parting Shot
|move|p2a: Volcarona|Flamethrower|p1a: Garchomp
|-resisted|p1a: Garchomp
|-damage|p1a: Garchomp|81/100
|
|turn|16
|
|-terastallize|p2a: Volcarona|Water
|move|p2a: Volcarona|Tera Blast|p1a: Garchomp
|-damage|p1a: Garchomp|46/100
|move|p1a: Garchomp|Dragon Tail|p2a: Volcarona
|-damage|p2a: Volcarona|62/100
|-status|p1a: Garchomp|brn|[from] ability: Flame Body|[of] p2a: Volcarona
|drag|p2a: Zamazenta|Zamazenta, shiny|100/100
|-ability|p2a: Zamazenta|Dauntless Shield|boost
|-boost|p2a: Zamazenta|def|1
|
|-damage|p1a: Garchomp|40/100 brn|[from] brn
|turn|17
|
|move|p2a: Zamazenta|Substitute|p2a: Zamazenta
|-start|p2a: Zamazenta|Substitute
|-damage|p2a: Zamazenta|76/100
|move|p1a: Garchomp|Stealth Rock|p2a: Zamazenta
|-sidestart|p2: Nikkamaru|move: Stealth Rock
|
|-heal|p2a: Zamazenta|82/100|[from] item: Leftovers
|-damage|p1a: Garchomp|34/100 brn|[from] brn
|turn|18
|
|move|p2a: Zamazenta|Iron Defense|p2a: Zamazenta
|-boost|p2a: Zamazenta|def|2
|move|p1a: Garchomp|Dragon Tail|p2a: Zamazenta
|-activate|p2a: Zamazenta|move: Substitute|[damage]
|
|-heal|p2a: Zamazenta|88/100|[from] item: Leftovers
|-damage|p1a: Garchomp|27/100 brn|[from] brn
|-sideend|p2: Nikkamaru|Reflect
|turn|19
|
|move|p2a: Zamazenta|Iron Defense|p2a: Zamazenta
|-boost|p2a: Zamazenta|def|2
|move|p1a: Garchomp|Dragon Tail|p2a: Zamazenta
|-activate|p2a: Zamazenta|move: Substitute|[damage]
|
|-heal|p2a: Zamazenta|94/100|[from] item: Leftovers
|-damage|p1a: Garchomp|21/100 brn|[from] brn
|turn|20
|
|move|p2a: Zamazenta|Body Press|p1a: Garchomp
|-damage|p1a: Garchomp|0 fnt
|-damage|p2a: Zamazenta|82/100|[from] ability: Rough Skin|[of] p1a: Garchomp
|-damage|p2a: Zamazenta|65/100|[from] item: Rocky Helmet|[of] p1a: Garchomp
|faint|p1a: Garchomp
|
|-heal|p2a: Zamazenta|71/100|[from] item: Leftovers
|
|switch|p1a: Zamazenta|Zamazenta-Crowned|76/100 brn
|turn|21
|
|move|p2a: Zamazenta|Body Press|p1a: Zamazenta
|-supereffective|p1a: Zamazenta
|-damage|p1a: Zamazenta|0 fnt
|faint|p1a: Zamazenta
|
|-heal|p2a: Zamazenta|77/100|[from] item: Leftovers
|-sideend|p1: ShuckMyCorn|move: Light Screen
|
|switch|p1a: Grimmsnarl|Grimmsnarl, M|46/100
|turn|22
|
|move|p1a: Grimmsnarl|Reflect|p1a: Grimmsnarl
|-sidestart|p1: ShuckMyCorn|Reflect
|move|p2a: Zamazenta|Body Press|p1a: Grimmsnarl
|-damage|p1a: Grimmsnarl|0 fnt
|faint|p1a: Grimmsnarl
|
|-heal|p2a: Zamazenta|84/100|[from] item: Leftovers
|
|switch|p1a: Dragonite|Dragonite, M|100/100
|turn|23
|
|move|p1a: Dragonite|Extreme Speed|p2a: Zamazenta
|-activate|p2a: Zamazenta|move: Substitute|[damage]
|move|p2a: Zamazenta|Body Press|p1a: Dragonite
|-resisted|p1a: Dragonite
|-damage|p1a: Dragonite|83/100
|
|-heal|p2a: Zamazenta|90/100|[from] item: Leftovers
|turn|24
|
|move|p1a: Dragonite|Extreme Speed|p2a: Zamazenta
|-activate|p2a: Zamazenta|move: Substitute|[damage]
|move|p2a: Zamazenta|Iron Defense|p2a: Zamazenta
|-boost|p2a: Zamazenta|def|1
|
|-heal|p2a: Zamazenta|96/100|[from] item: Leftovers
|turn|25
|
|move|p1a: Dragonite|Extreme Speed|p2a: Zamazenta
|-activate|p2a: Zamazenta|move: Substitute|[damage]
|move|p2a: Zamazenta|Body Press|p1a: Dragonite
|-resisted|p1a: Dragonite
|-damage|p1a: Dragonite|41/100
|
|-heal|p2a: Zamazenta|100/100|[from] item: Leftovers
|turn|26
|
|move|p1a: Dragonite|Extreme Speed|p2a: Zamazenta
|-end|p2a: Zamazenta|Substitute
|move|p2a: Zamazenta|Body Press|p1a: Dragonite
|-resisted|p1a: Dragonite
|-damage|p1a: Dragonite|0 fnt
|faint|p1a: Dragonite
|
|
|switch|p1a: Iron Valiant|Iron Valiant|100/100
|turn|27
|
|move|p2a: Zamazenta|Substitute|p2a: Zamazenta
|-start|p2a: Zamazenta|Substitute
|-damage|p2a: Zamazenta|76/100
|move|p1a: Iron Valiant|Moonblast|p2a: Zamazenta
|-supereffective|p2a: Zamazenta
|-end|p2a: Zamazenta|Substitute
|-damage|p1a: Iron Valiant|91/100|[from] item: Life Orb
|
|-heal|p2a: Zamazenta|82/100|[from] item: Leftovers
|turn|28
|
|move|p2a: Zamazenta|Substitute|p2a: Zamazenta
|-start|p2a: Zamazenta|Substitute
|-damage|p2a: Zamazenta|57/100
|move|p1a: Iron Valiant|Moonblast|p2a: Zamazenta
|-supereffective|p2a: Zamazenta
|-end|p2a: Zamazenta|Substitute
|-damage|p1a: Iron Valiant|81/100|[from] item: Life Orb
|
|-heal|p2a: Zamazenta|63/100|[from] item: Leftovers
|turn|29
|
|move|p2a: Zamazenta|Substitute|p2a: Zamazenta
|-start|p2a: Zamazenta|Substitute
|-damage|p2a: Zamazenta|38/100
|move|p1a: Iron Valiant|Moonblast|p2a: Zamazenta
|-supereffective|p2a: Zamazenta
|-end|p2a: Zamazenta|Substitute
|-damage|p1a: Iron Valiant|71/100|[from] item: Life Orb
|
|-heal|p2a: Zamazenta|44/100|[from] item: Leftovers
|-sideend|p1: ShuckMyCorn|Reflect
|turn|30
|
|move|p2a: Zamazenta|Body Press|p1a: Iron Valiant
|-resisted|p1a: Iron Valiant
|-damage|p1a: Iron Valiant|0 fnt
|faint|p1a: Iron Valiant
|-end|p1a: Iron Valiant|Quark Drive|[silent]
|
|-heal|p2a: Zamazenta|50/100|[from] item: Leftovers
|
|switch|p1a: Sneasler|Sneasler, F|100/100
|turn|31
|
|move|p2a: Zamazenta|Body Press|p1a: Sneasler
|-resisted|p1a: Sneasler
|-damage|p1a: Sneasler|0 fnt
|faint|p1a: Sneasler
|
|win|Nikkamaru
|l|☆ShuckMyCorn
