|poke|p1|Indeedee, M|
|poke|p1|Armarouge, M|
|poke|p1|Iron Treads|
|poke|p1|Polteageist|
|poke|p1|Hatterene, F|
|poke|p1|Volcarona, M|
|poke|p2|Toxtricity, M|
|poke|p2|Great Tusk|
|poke|p2|Slowking, F|
|poke|p2|Dragapult, F|
|poke|p2|Kingambit, M|
|poke|p2|Corviknight, M|
|teampreview
|
|start
|switch|p1a: Indeedee|Indeedee, M|100/100
|switch|p2a: Dragapult|Dragapult, F|100/100
|-fieldstart|move: Psychic Terrain|[from] ability: Psychic Surge|[of] p1a: Indeedee
|turn|1
|
|switch|p1a: Hatterene|Hatterene, F|100/100
|move|p2a: Dragapult|U-turn|p1a: Hatterene
|-damage|p1a: Hatterene|87/100
|-enditem|p1a: Hatterene|Eject Button
|
|switch|p1a: Armarouge|Armarouge, M|100/100
|
|turn|2
|
|move|p2a: Dragapult|U-turn|p1a: Armarouge
|-damage|p1a: Armarouge|81/100
|-ability|p1a: Armarouge|Weak Armor|boost
|-unboost|p1a: Armarouge|def|1
|-boost|p1a: Armarouge|spe|2
|
|switch|p2a: Slowking|Slowking, F|100/100|[from] U-turn
|move|p1a: Armarouge|Calm Mind|p1a: Armarouge
|-boost|p1a: Armarouge|spa|1
|-boost|p1a: Armarouge|spd|1
|
|turn|3
|
|move|p1a: Armarouge|Calm Mind|p1a: Armarouge
|-boost|p1a: Armarouge|spa|1
|-boost|p1a: Armarouge|spd|1
|move|p2a: Slowking|Thunder Wave|p1a: Armarouge
|-status|p1a: Armarouge|par
|
|turn|4
|
|cant|p1a: Armarouge|par
|move|p2a: Slowking|Chilly Reception|p2a: Slowking
|-weather|Snow
|
|switch|p2a: Dragapult|Dragapult, F|100/100|[from] Chilly Reception
|
|-weather|Snow|[upkeep]
|turn|5
|j| LT_Alt1
|
|switch|p2a: Kingambit|Kingambit, M|100/100
|switch|p1a: Hatterene|Hatterene, F|87/100
|
|-weather|Snow|[upkeep]
|turn|6
|
|switch|p1a: Iron Treads|Iron Treads|100/100
|-enditem|p1a: Iron Treads|Booster Energy
|-activate|p1a: Iron Treads|ability: Quark Drive|[fromitem]
|-start|p1a: Iron Treads|quarkdrivespe
|move|p2a: Kingambit|Iron Head|p1a: Iron Treads
|-resisted|p1a: Iron Treads
|-damage|p1a: Iron Treads|85/100
|
|-weather|Snow|[upkeep]
|turn|7
|
|-end|p2a: Kingambit|fallenundefined|[silent]
|switch|p2a: Corviknight|Corviknight, M|100/100
|-ability|p2a: Corviknight|Pressure
|move|p1a: Iron Treads|Knock Off|p2a: Corviknight
|-damage|p2a: Corviknight|84/100
|-damage|p1a: Iron Treads|69/100|[from] item: Rocky Helmet|[of] p2a: Corviknight
|-enditem|p2a: Corviknight|Rocky Helmet|[from] move: Knock Off|[of] p1a: Iron Treads
|
|-weather|Snow|[upkeep]
|turn|8
|
|move|p1a: Iron Treads|Stealth Rock|p2a: Corviknight
|-sidestart|p2: Ahsan-219|move: Stealth Rock
|move|p2a: Corviknight|Body Press|p1a: Iron Treads
|-supereffective|p1a: Iron Treads
|-damage|p1a: Iron Treads|24/100
|
|-weather|none
|-fieldend|move: Psychic Terrain
|turn|9
|
|-end|p1a: Iron Treads|Quark Drive|[silent]
|switch|p1a: Hatterene|Hatterene, F|87/100
|move|p2a: Corviknight|Defog|p1a: Hatterene
|move|p1a: Hatterene|Defog|p2a: Corviknight|[from]ability: Magic Bounce
|-unboost|p2a: Corviknight|evasion|1
|-sideend|p2: Ahsan-219|Stealth Rock|[from] move: Defog|[of] p1a: Hatterene
|
|turn|10
|
|move|p2a: Corviknight|U-turn|p1a: Hatterene
|-damage|p1a: Hatterene|76/100
|
|switch|p2a: Slowking|Slowking, F|100/100|[from] U-turn
|move|p1a: Hatterene|Healing Wish|p1a: Hatterene
|faint|p1a: Hatterene
|
|
|switch|p1a: Volcarona|Volcarona, M|100/100
|turn|11
|
|move|p1a: Volcarona|Bug Buzz|p2a: Slowking
|-supereffective|p2a: Slowking
|-damage|p2a: Slowking|23/100
|move|p2a: Slowking|Thunder Wave|p1a: Volcarona
|-status|p1a: Volcarona|par
|
|turn|12
|
|switch|p2a: Dragapult|Dragapult, F|100/100
|move|p1a: Volcarona|Fiery Dance|p2a: Dragapult
|-resisted|p2a: Dragapult
|-damage|p2a: Dragapult|69/100
|
|turn|13
|
|move|p2a: Dragapult|Hex|p1a: Volcarona
|-damage|p1a: Volcarona|45/100 par
|move|p1a: Volcarona|Psychic|p2a: Dragapult
|-damage|p2a: Dragapult|19/100
|
|turn|14
|
|switch|p1a: Indeedee|Indeedee, M|100/100
|-fieldstart|move: Psychic Terrain|[from] ability: Psychic Surge|[of] p1a: Indeedee
|move|p2a: Dragapult|Hex|p1a: Indeedee
|-immune|p1a: Indeedee
|
|turn|15
|
|switch|p2a: Slowking|Slowking, F|56/100
|switch|p1a: Volcarona|Volcarona, M|45/100 par
|-heal|p1a: Volcarona|100/100|[from] move: Healing Wish
|
|turn|16
|
|move|p1a: Volcarona|Quiver Dance|p1a: Volcarona
|-boost|p1a: Volcarona|spa|1
|-boost|p1a: Volcarona|spd|1
|-boost|p1a: Volcarona|spe|1
|move|p2a: Slowking|Thunder Wave|p1a: Volcarona
|-status|p1a: Volcarona|par
|
|turn|17
|
|move|p1a: Volcarona|Bug Buzz|p2a: Slowking
|-supereffective|p2a: Slowking
|-damage|p2a: Slowking|0 fnt
|faint|p2a: Slowking
|
|
|switch|p2a: Great Tusk|Great Tusk|100/100
|turn|18
|
|move|p2a: Great Tusk|Headlong Rush|p1a: Volcarona
|-enditem|p1a: Volcarona|Focus Sash
|-damage|p1a: Volcarona|1/100 par
|-unboost|p2a: Great Tusk|def|1
|-unboost|p2a: Great Tusk|spd|1
|move|p1a: Volcarona|Psychic|p2a: Great Tusk
|-supereffective|p2a: Great Tusk
|-damage|p2a: Great Tusk|0 fnt
|faint|p2a: Great Tusk
|-end|p2a: Great Tusk|Protosynthesis|[silent]
|
|
|switch|p2a: Dragapult|Dragapult, F|19/100
|turn|19
|
|move|p2a: Dragapult|U-turn|p1a: Volcarona
|-resisted|p1a: Volcarona
|-damage|p1a: Volcarona|0 fnt
|faint|p1a: Volcarona
|
|switch|p2a: Kingambit|Kingambit, M|100/100|[from] U-turn
|-activate|p2a: Kingambit|ability: Supreme Overlord
|-start|p2a: Kingambit|fallen2|[silent]
|
|
|switch|p1a: Iron Treads|Iron Treads|24/100
|turn|20
|
|move|p1a: Iron Treads|Earthquake|p2a: Kingambit
|-supereffective|p2a: Kingambit
|-damage|p2a: Kingambit|32/100
|move|p2a: Kingambit|Kowtow Cleave|p1a: Iron Treads
|-damage|p1a: Iron Treads|0 fnt
|faint|p1a: Iron Treads
|-end|p1a: Iron Treads|Quark Drive|[silent]
|
|-heal|p2a: Kingambit|38/100|[from] item: Leftovers
|
|switch|p1a: Armarouge|Armarouge, M|81/100 par
|turn|21
|
|move|p2a: Kingambit|Kowtow Cleave|p1a: Armarouge
|-supereffective|p1a: Armarouge
|-damage|p1a: Armarouge|0 fnt
|faint|p1a: Armarouge
|
|-heal|p2a: Kingambit|45/100|[from] item: Leftovers
|-fieldend|move: Psychic Terrain
|
|switch|p1a: Indeedee|Indeedee, M|100/100
|-fieldstart|move: Psychic Terrain|[from] ability: Psychic Surge|[of] p1a: Indeedee
|turn|22
|j| shedtailhater
|
|move|p1a: Indeedee|Encore|p2a: Kingambit
|-start|p2a: Kingambit|Encore
|move|p2a: Kingambit|Kowtow Cleave|p1a: Indeedee
|-supereffective|p1a: Indeedee
|-crit|p1a: Indeedee
|-damage|p1a: Indeedee|0 fnt
|faint|p1a: Indeedee
|
|-heal|p2a: Kingambit|51/100|[from] item: Leftovers
|
|switch|p1a: Polteageist|Polteageist|100/100
|turn|23
|
|-terastallize|p1a: Polteageist|Fairy
|move|p1a: Polteageist|Shell Smash|p1a: Polteageist
|-unboost|p1a: Polteageist|def|1
|-unboost|p1a: Polteageist|spd|1
|-boost|p1a: Polteageist|atk|2
|-boost|p1a: Polteageist|spa|2
|-boost|p1a: Polteageist|spe|2
|move|p2a: Kingambit|Kowtow Cleave|p1a: Polteageist
|-resisted|p1a: Polteageist
|-damage|p1a: Polteageist|41/100
|-ability|p1a: Polteageist|Weak Armor|boost
|-unboost|p1a: Polteageist|def|1
|-boost|p1a: Polteageist|spe|2
|
|-heal|p2a: Kingambit|57/100|[from] item: Leftovers
|turn|24
|
|-end|p2a: Kingambit|fallen2|[silent]
|switch|p2a: Corviknight|Corviknight, M|84/100
|-ability|p2a: Corviknight|Pressure
|move|p1a: Polteageist|Tera Blast|p2a: Corviknight
|-resisted|p2a: Corviknight
|-damage|p2a: Corviknight|41/100
|
|turn|25
|
|move|p1a: Polteageist|Tera Blast|p2a: Corviknight
|-resisted|p2a: Corviknight
|-damage|p2a: Corviknight|0 fnt
|faint|p2a: Corviknight
|
|
|switch|p2a: Dragapult|Dragapult, F|19/100
|turn|26
|
|move|p1a: Polteageist|Tera Blast|p2a: Dragapult
|-supereffective|p2a: Dragapult
|-damage|p2a: Dragapult|0 fnt
|faint|p2a: Dragapult
|
|
|switch|p2a: Toxtricity|Toxtricity, M|100/100
|turn|27
|
|switch|p2a: Kingambit|Kingambit, M|57/100
|-activate|p2a: Kingambit|ability: Supreme Overlord
|-start|p2a: Kingambit|fallen4|[silent]
|move|p1a: Polteageist|Shadow Ball|p2a: Kingambit
|-resisted|p2a: Kingambit
|-damage|p2a: Kingambit|24/100
|
|-heal|p2a: Kingambit|30/100|[from] item: Leftovers
|turn|28
|
|-end|p2a: Kingambit|fallen4|[silent]
|switch|p2a: Toxtricity|Toxtricity, M|100/100
|move|p1a: Polteageist|Shadow Ball|p2a: Toxtricity
|-damage|p2a: Toxtricity|0 fnt
|faint|p2a: Toxtricity
|
|
|switch|p2a: Kingambit|Kingambit, M|30/100
|-activate|p2a: Kingambit|ability: Supreme Overlord
|-start|p2a: Kingambit|fallen5|[silent]
|turn|29
|
|-terastallize|p2a: Kingambit|Dark
|move|p2a: Kingambit|Sucker Punch|p1a: Polteageist
|-activate|p1a: Polteageist|move: Psychic Terrain
|move|p1a: Polteageist|Tera Blast|p2a: Kingambit
|-supereffective|p2a: Kingambit
|-damage|p2a: Kingambit|0 fnt
|faint|p2a: Kingambit
|-end|p2a: Kingambit|fallen5|[silent]
|
|win|af lele.tomas
|l|☆Ahsan-219
|l| shedtailhater
|l|☆af lele.tomas
