|poke|p1|Dragapult, F|
|poke|p1|Thundurus-Therian, M|
|poke|p1|Dondozo, F|
|poke|p1|Corviknight, M|
|poke|p1|Slowking-Galar, F|
|poke|p1|Meowscarada, M|
|poke|p2|Enamorus-Therian, F|
|poke|p2|Iron Treads|
|poke|p2|Tauros-Paldea-Aqua, M|
|poke|p2|Cinderace, F|
|poke|p2|Gholdengo|
|poke|p2|Dragapult, M|
|teampreview
|
|start
|switch|p1a: Dragapult|Dragapult, F|100/100
|switch|p2a: Magearna at home|Enamorus-Therian, F|100/100
|turn|1
|
|move|p1a: Dragapult|Shadow Ball|p2a: Magearna at home
|-damage|p2a: Magearna at home|47/100
|move|p2a: Magearna at home|Draining Kiss|p1a: Dragapult
|-supereffective|p1a: Dragapult
|-damage|p1a: Dragapult|34/100
|-heal|p2a: Magearna at home|93/100|[from] drain|[of] p1a: Dragapult
|
|-heal|p2a: Magearna at home|99/100|[from] item: Leftovers
|turn|2
|
|switch|p1a: Slowking|Slowking-Galar, F|100/100
|move|p2a: Magearna at home|Draining Kiss|p1a: Slowking
|-resisted|p1a: Slowking
|-damage|p1a: Slowking|95/100
|-heal|p2a: Magearna at home|100/100|[from] drain|[of] p1a: Slowking
|
|turn|3
|
|move|p2a: Magearna at home|Calm Mind|p2a: Magearna at home
|-boost|p2a: Magearna at home|spa|1
|-boost|p2a: Magearna at home|spd|1
|move|p1a: Slowking|Sludge Bomb|p2a: Magearna at home
|-supereffective|p2a: Magearna at home
|-damage|p2a: Magearna at home|54/100
|
|-heal|p2a: Magearna at home|60/100|[from] item: Leftovers
|turn|4
|
|-terastallize|p2a: Magearna at home|Poison
|move|p2a: Magearna at home|Calm Mind|p2a: Magearna at home
|-boost|p2a: Magearna at home|spa|1
|-boost|p2a: Magearna at home|spd|1
|move|p1a: Slowking|Sludge Bomb|p2a: Magearna at home
|-resisted|p2a: Magearna at home
|-damage|p2a: Magearna at home|52/100
|
|-heal|p2a: Magearna at home|58/100|[from] item: Leftovers
|turn|5
|
|move|p2a: Magearna at home|Earth Power|p1a: Slowking
|-supereffective|p1a: Slowking
|-damage|p1a: Slowking|48/100
|move|p1a: Slowking|Future Sight|p2a: Magearna at home
|-start|p1a: Slowking|move: Future Sight
|
|-heal|p2a: Magearna at home|64/100|[from] item: Leftovers
|turn|6
|
|switch|p1a: Corviknight|Corviknight, M|100/100
|move|p2a: Magearna at home|Earth Power|p1a: Corviknight
|-immune|p1a: Corviknight
|
|-heal|p2a: Magearna at home|70/100|[from] item: Leftovers
|turn|7
|
|move|p1a: Corviknight|Body Press|p2a: Magearna at home
|-resisted|p2a: Magearna at home
|-damage|p2a: Magearna at home|59/100
|move|p2a: Magearna at home|Calm Mind|p2a: Magearna at home
|-boost|p2a: Magearna at home|spa|1
|-boost|p2a: Magearna at home|spd|1
|
|-end|p2a: Magearna at home|move: Future Sight
|-supereffective|p2a: Magearna at home
|-damage|p2a: Magearna at home|22/100
|-heal|p2a: Magearna at home|28/100|[from] item: Leftovers
|turn|8
|
|move|p1a: Corviknight|Body Press|p2a: Magearna at home
|-resisted|p2a: Magearna at home
|-damage|p2a: Magearna at home|18/100
|move|p2a: Magearna at home|Draining Kiss|p1a: Corviknight
|-resisted|p1a: Corviknight
|-damage|p1a: Corviknight|70/100
|-heal|p2a: Magearna at home|44/100|[from] drain|[of] p1a: Corviknight
|
|-heal|p1a: Corviknight|76/100|[from] item: Leftovers
|-heal|p2a: Magearna at home|50/100|[from] item: Leftovers
|turn|9
|
|move|p1a: Corviknight|U-turn|p2a: Magearna at home
|-resisted|p2a: Magearna at home
|-damage|p2a: Magearna at home|45/100
|
|switch|p1a: Slowking|Slowking-Galar, F|81/100|[from] U-turn
|move|p2a: Magearna at home|Draining Kiss|p1a: Slowking
|-resisted|p1a: Slowking
|-damage|p1a: Slowking|68/100
|-heal|p2a: Magearna at home|56/100|[from] drain|[of] p1a: Slowking
|
|-heal|p2a: Magearna at home|62/100|[from] item: Leftovers
|turn|10
|
|switch|p1a: Meowscarada|Meowscarada, M|100/100
|move|p2a: Magearna at home|Earth Power|p1a: Meowscarada
|-resisted|p1a: Meowscarada
|-damage|p1a: Meowscarada|42/100
|
|-heal|p2a: Magearna at home|68/100|[from] item: Leftovers
|turn|11
|
|move|p1a: Meowscarada|Knock Off|p2a: Magearna at home
|-start|p1a: Meowscarada|typechange|Dark|[from] ability: Protean
|-damage|p2a: Magearna at home|18/100
|-enditem|p2a: Magearna at home|Leftovers|[from] move: Knock Off|[of] p1a: Meowscarada
|move|p2a: Magearna at home|Draining Kiss|p1a: Meowscarada
|-supereffective|p1a: Meowscarada
|-damage|p1a: Meowscarada|0 fnt
|-heal|p2a: Magearna at home|44/100|[from] drain|[of] p1a: Meowscarada
|faint|p1a: Meowscarada
|
|
|switch|p1a: Thundurus|Thundurus-Therian, M|100/100
|turn|12
|
|move|p1a: Thundurus|Thunderbolt|p2a: Magearna at home
|-damage|p2a: Magearna at home|24/100
|move|p2a: Magearna at home|Draining Kiss|p1a: Thundurus
|-damage|p1a: Thundurus|22/100
|-heal|p2a: Magearna at home|74/100|[from] drain|[of] p1a: Thundurus
|
|turn|13
|-message|p1 forfeited.
|
|win|p2
