|poke|p1|Zamazenta-*|
|poke|p1|Goodra-Hisui, F|
|poke|p1|Meloetta|
|poke|p1|Magearna|
|poke|p1|Chien-Pao|
|poke|p1|Samurott-Hisui, M|
|poke|p2|Arcanine-Hisui, F|
|poke|p2|Tyranitar, F|
|poke|p2|Gholdengo|
|poke|p2|Iron Treads|
|poke|p2|Kricketune, M|
|poke|p2|Kleavor, M|
|teampreview
|
|start
|switch|p1a: Samurott|Samurott-Hisui, M|100/100
|switch|p2a: Kricketune|Kricketune, M|100/100
|turn|1
|
|-terastallize|p1a: Samurott|Water
|move|p2a: Kricketune|Pounce|p1a: Samurott
|-damage|p1a: Samurott|68/100
|-unboost|p1a: Samurott|spe|1
|move|p1a: Samurott|Ceaseless Edge|p2a: Kricketune
|-damage|p2a: Kricketune|32/100
|-sidestart|p2: 3vtyr|Spikes
|
|turn|2
|
|switch|p1a: Magearna|Magearna|100/100
|move|p2a: Kricketune|Sticky Web|p1a: Magearna
|-sidestart|p1: NGropiusHarmony|move: Sticky Web
|
|turn|3
|
|move|p2a: Kricketune|Taunt|p1a: Magearna
|-start|p1a: Magearna|move: Taunt
|move|p1a: Magearna|Flash Cannon|p2a: Kricketune
|-damage|p2a: Kricketune|0 fnt
|faint|p2a: Kricketune
|-ability|p1a: Magearna|Soul-Heart|boost
|-boost|p1a: Magearna|spa|1
|
|
|switch|p2a: Iron Treads|Iron Treads|100/100
|-damage|p2a: Iron Treads|88/100|[from] Spikes
|turn|4
|
|move|p2a: Iron Treads|Rapid Spin|p1a: Magearna
|-resisted|p1a: Magearna
|-damage|p1a: Magearna|95/100
|-boost|p2a: Iron Treads|spe|1
|-sideend|p2: 3vtyr|Spikes|[from] move: Rapid Spin|[of] p2a: Iron Treads
|move|p1a: Magearna|Focus Blast|p2a: Iron Treads|[miss]
|-miss|p1a: Magearna|p2a: Iron Treads
|
|turn|5
|
|move|p2a: Iron Treads|Earthquake|p1a: Magearna
|-supereffective|p1a: Magearna
|-damage|p1a: Magearna|18/100
|move|p1a: Magearna|Focus Blast|p2a: Iron Treads
|-supereffective|p2a: Iron Treads
|-damage|p2a: Iron Treads|0 fnt
|faint|p2a: Iron Treads
|-ability|p1a: Magearna|Soul-Heart|boost
|-boost|p1a: Magearna|spa|1
|-end|p2a: Iron Treads|Quark Drive|[silent]
|
|-end|p1a: Magearna|move: Taunt
|
|switch|p2a: Kleavor|Kleavor, M|100/100
|turn|6
|
|move|p2a: Kleavor|Close Combat|p1a: Magearna
|-damage|p1a: Magearna|0 fnt
|-unboost|p2a: Kleavor|def|1
|-unboost|p2a: Kleavor|spd|1
|faint|p1a: Magearna
|
|
|switch|p1a: Zamazenta|Zamazenta-Crowned|100/100
|-activate|p1a: Zamazenta|move: Sticky Web
|-unboost|p1a: Zamazenta|spe|1
|-ability|p1a: Zamazenta|Dauntless Shield|boost
|-boost|p1a: Zamazenta|def|1
|turn|7
|
|move|p2a: Kleavor|Close Combat|p1a: Zamazenta
|-supereffective|p1a: Zamazenta
|-damage|p1a: Zamazenta|72/100
|-unboost|p2a: Kleavor|def|1
|-unboost|p2a: Kleavor|spd|1
|move|p1a: Zamazenta|Reflect|p1a: Zamazenta
|-sidestart|p1: NGropiusHarmony|Reflect
|
|turn|8
|
|move|p2a: Kleavor|Stone Axe|p1a: Zamazenta|[miss]
|-miss|p2a: Kleavor|p1a: Zamazenta
|move|p1a: Zamazenta|Body Press|p2a: Kleavor
|-damage|p2a: Kleavor|0 fnt
|faint|p2a: Kleavor
|
|
|switch|p2a: Gholdengo|Gholdengo|100/100
|turn|9
|
|switch|p1a: Chien-Pao|Chien-Pao|100/100
|-activate|p1a: Chien-Pao|move: Sticky Web
|-unboost|p1a: Chien-Pao|spe|1
|-ability|p1a: Chien-Pao|Sword of Ruin
|move|p2a: Gholdengo|Focus Blast|p1a: Chien-Pao
|-supereffective|p1a: Chien-Pao
|-damage|p1a: Chien-Pao|0 fnt
|faint|p1a: Chien-Pao
|
|
|switch|p1a: Samurott|Samurott-Hisui, M, tera:Water|68/100
|-activate|p1a: Samurott|move: Sticky Web
|-unboost|p1a: Samurott|spe|1
|turn|10
|
|move|p2a: Gholdengo|Focus Blast|p1a: Samurott|[miss]
|-miss|p2a: Gholdengo|p1a: Samurott
|move|p1a: Samurott|Ceaseless Edge|p2a: Gholdengo
|-supereffective|p2a: Gholdengo
|-damage|p2a: Gholdengo|29/100
|-sidestart|p2: 3vtyr|Spikes
|
|turn|11
|
|move|p1a: Samurott|Aqua Jet|p2a: Gholdengo
|-damage|p2a: Gholdengo|0 fnt
|faint|p2a: Gholdengo
|
|-sideend|p1: NGropiusHarmony|Reflect
|
|switch|p2a: Tyranitar|Tyranitar, F|100/100
|-damage|p2a: Tyranitar|88/100|[from] Spikes
|-weather|Sandstorm|[from] ability: Sand Stream|[of] p2a: Tyranitar
|turn|12
|
|move|p1a: Samurott|Aqua Jet|p2a: Tyranitar
|-supereffective|p2a: Tyranitar
|-crit|p2a: Tyranitar
|-damage|p2a: Tyranitar|12/100
|move|p2a: Tyranitar|Stone Edge|p1a: Samurott
|-damage|p1a: Samurott|0 fnt
|faint|p1a: Samurott
|
|-weather|Sandstorm|[upkeep]
|-heal|p2a: Tyranitar|18/100|[from] item: Leftovers
|
|switch|p1a: Zamazenta|Zamazenta-Crowned|72/100
|-activate|p1a: Zamazenta|move: Sticky Web
|-unboost|p1a: Zamazenta|spe|1
|turn|13
|
|move|p2a: Tyranitar|Earthquake|p1a: Zamazenta
|-supereffective|p1a: Zamazenta
|-damage|p1a: Zamazenta|33/100
|move|p1a: Zamazenta|Body Press|p2a: Tyranitar
|-supereffective|p2a: Tyranitar
|-damage|p2a: Tyranitar|0 fnt
|faint|p2a: Tyranitar
|
|-weather|Sandstorm|[upkeep]
|
|switch|p2a: Arcanine|Arcanine-Hisui, F|100/100
|-damage|p2a: Arcanine|88/100|[from] Spikes
|turn|14
|
|move|p2a: Arcanine|Flare Blitz|p1a: Zamazenta
|-supereffective|p1a: Zamazenta
|-damage|p1a: Zamazenta|0 fnt
|faint|p1a: Zamazenta
|
|-weather|Sandstorm|[upkeep]
|
|switch|p1a: Goodra|Goodra-Hisui, F|100/100
|-activate|p1a: Goodra|move: Sticky Web
|-unboost|p1a: Goodra|spe|1
|turn|15
|
|-terastallize|p2a: Arcanine|Rock
|move|p2a: Arcanine|Flare Blitz|p1a: Goodra
|-damage|p1a: Goodra|17/100
|move|p1a: Goodra|Surf|p2a: Arcanine
|-supereffective|p2a: Arcanine
|-damage|p2a: Arcanine|54/100
|
|-weather|Sandstorm|[upkeep]
|turn|16
|
|move|p2a: Arcanine|Flare Blitz|p1a: Goodra
|-damage|p1a: Goodra|0 fnt
|faint|p1a: Goodra
|
|-weather|none
|
|switch|p1a: Meloetta|Meloetta|100/100
|-activate|p1a: Meloetta|move: Sticky Web
|-unboost|p1a: Meloetta|spe|1
|turn|17
|
|move|p2a: Arcanine|Flare Blitz|p1a: Meloetta
|-crit|p1a: Meloetta
|-enditem|p1a: Meloetta|Focus Sash
|-damage|p1a: Meloetta|1/100
|move|p1a: Meloetta|Hyper Voice|p2a: Arcanine
|-resisted|p2a: Arcanine
|-damage|p2a: Arcanine|22/100
|
|turn|18
|-message|NGropiusHarmony forfeited.
|
|win|3vtyr
