|poke|p1|Glastrier|
|poke|p1|Glimmora, M|
|poke|p1|Sneasler, M|
|poke|p1|Ursaluna, M|
|poke|p1|Meloetta|
|poke|p1|Typhlosion-Hisui, M|
|poke|p2|Sneasler, F|
|poke|p2|Landorus-Therian, M|
|poke|p2|Corviknight, F|
|poke|p2|Great Tusk|
|poke|p2|Braviary-Hisui, M|
|poke|p2|Typhlosion-Hisui, F|
|teampreview
|
|start
|switch|p1a: Glimmora|Glimmora, M|100/100
|switch|p2a: Braviary|Braviary-Hisui, M|100/100
|turn|1
|
|move|p1a: Glimmora|Stealth Rock|p2a: Braviary
|-sidestart|p2: Ketchup2000|move: Stealth Rock
|move|p2a: Braviary|Esper Wing|p1a: Glimmora
|-supereffective|p1a: Glimmora
|-damage|p1a: Glimmora|22/100
|-boost|p2a: Braviary|spe|1
|
|turn|2
|
|move|p1a: Glimmora|Spiky Shield|p1a: Glimmora
|-singleturn|p1a: Glimmora|move: Protect
|move|p2a: Braviary|Esper Wing|p1a: Glimmora
|-activate|p1a: Glimmora|move: Protect
|
|turn|3
|
|move|p1a: Glimmora|Rock Slide|p2a: Braviary|[miss]
|-miss|p1a: Glimmora|p2a: Braviary
|move|p2a: Braviary|Esper Wing|p1a: Glimmora
|-supereffective|p1a: Glimmora
|-damage|p1a: Glimmora|0 fnt
|-boost|p2a: Braviary|spe|1
|faint|p1a: Glimmora
|
|
|switch|p1a: Glastrier|Glastrier|100/100
|turn|4
|
|move|p2a: Braviary|Calm Mind|p2a: Braviary
|-boost|p2a: Braviary|spa|1
|-boost|p2a: Braviary|spd|1
|move|p1a: Glastrier|Icicle Crash|p2a: Braviary|[miss]
|-miss|p1a: Glastrier|p2a: Braviary
|
|turn|5
|
|move|p2a: Braviary|Esper Wing|p1a: Glastrier
|-damage|p1a: Glastrier|46/100
|-boost|p2a: Braviary|spe|1
|move|p1a: Glastrier|Icicle Crash|p2a: Braviary
|-supereffective|p2a: Braviary
|-damage|p2a: Braviary|0 fnt
|faint|p2a: Braviary
|-ability|p1a: Glastrier|Chilling Neigh|boost
|-boost|p1a: Glastrier|atk|1
|
|
|switch|p2a: Great Tusk|Great Tusk|100/100
|-damage|p2a: Great Tusk|98/100|[from] Stealth Rock
|-enditem|p2a: Great Tusk|Booster Energy
|-activate|p2a: Great Tusk|ability: Protosynthesis|[fromitem]
|-start|p2a: Great Tusk|protosynthesisatk
|turn|6
|
|move|p2a: Great Tusk|Close Combat|p1a: Glastrier
|-supereffective|p1a: Glastrier
|-damage|p1a: Glastrier|0 fnt
|-unboost|p2a: Great Tusk|def|1
|-unboost|p2a: Great Tusk|spd|1
|faint|p1a: Glastrier
|
|
|switch|p1a: Meloetta|Meloetta|100/100
|turn|7
|
|-terastallize|p2a: Great Tusk|Ground
|move|p1a: Meloetta|Zen Headbutt|p2a: Great Tusk
|-damage|p2a: Great Tusk|56/100
|-damage|p1a: Meloetta|91/100|[from] item: Life Orb
|move|p2a: Great Tusk|Headlong Rush|p1a: Meloetta
|-damage|p1a: Meloetta|0 fnt
|-unboost|p2a: Great Tusk|def|1
|-unboost|p2a: Great Tusk|spd|1
|faint|p1a: Meloetta
|
|
|switch|p1a: Sneasler|Sneasler, M|100/100
|turn|8
|
|move|p1a: Sneasler|Fake Out|p2a: Great Tusk
|-damage|p2a: Great Tusk|35/100
|cant|p2a: Great Tusk|flinch
|
|turn|9
|
|move|p1a: Sneasler|Close Combat|p2a: Great Tusk
|-damage|p2a: Great Tusk|0 fnt
|-unboost|p1a: Sneasler|def|1
|-unboost|p1a: Sneasler|spd|1
|-enditem|p1a: Sneasler|White Herb
|-clearnegativeboost|p1a: Sneasler|[silent]
|faint|p2a: Great Tusk
|-end|p2a: Great Tusk|Protosynthesis|[silent]
|
|
|switch|p2a: Landorus|Landorus-Therian, M|100/100
|-damage|p2a: Landorus|88/100|[from] Stealth Rock
|-ability|p2a: Landorus|Intimidate|boost
|-unboost|p1a: Sneasler|atk|1
|turn|10
|
|move|p1a: Sneasler|Acrobatics|p2a: Landorus
|-damage|p2a: Landorus|62/100
|-damage|p1a: Sneasler|84/100|[from] item: Rocky Helmet|[of] p2a: Landorus
|move|p2a: Landorus|Stealth Rock|p1a: Sneasler
|-sidestart|p1: Red10pl|move: Stealth Rock
|
|turn|11
|
|switch|p1a: Ursaluna|Ursaluna, M|100/100
|-damage|p1a: Ursaluna|94/100|[from] Stealth Rock
|move|p2a: Landorus|Earthquake|p1a: Ursaluna
|-damage|p1a: Ursaluna|53/100
|
|-status|p1a: Ursaluna|brn|[from] item: Flame Orb
|turn|12
|
|move|p2a: Landorus|Earthquake|p1a: Ursaluna
|-damage|p1a: Ursaluna|14/100 brn
|move|p1a: Ursaluna|Facade|p2a: Landorus
|-damage|p2a: Landorus|0 fnt
|-damage|p1a: Ursaluna|0 fnt|[from] item: Rocky Helmet|[of] p2a: Landorus
|faint|p2a: Landorus
|faint|p1a: Ursaluna
|
|
|switch|p2a: Corviknight|Corviknight, F|100/100
|switch|p1a: Typhlosion|Typhlosion-Hisui, M|100/100
|-damage|p2a: Corviknight|88/100|[from] Stealth Rock
|-ability|p2a: Corviknight|Pressure
|turn|13
|
|move|p1a: Typhlosion|Shadow Ball|p2a: Corviknight
|-damage|p2a: Corviknight|62/100
|move|p2a: Corviknight|Agility|p2a: Corviknight
|-boost|p2a: Corviknight|spe|2
|
|turn|14
|
|move|p2a: Corviknight|Bulk Up|p2a: Corviknight
|-boost|p2a: Corviknight|atk|1
|-boost|p2a: Corviknight|def|1
|move|p1a: Typhlosion|Shadow Ball|p2a: Corviknight
|-damage|p2a: Corviknight|36/100
|
|turn|15
|
|move|p2a: Corviknight|Roost|p2a: Corviknight
|-heal|p2a: Corviknight|86/100
|-singleturn|p2a: Corviknight|move: Roost
|move|p1a: Typhlosion|Shadow Ball|p2a: Corviknight
|-damage|p2a: Corviknight|58/100
|-unboost|p2a: Corviknight|spd|1
|
|turn|16
|
|move|p2a: Corviknight|Bulk Up|p2a: Corviknight
|-boost|p2a: Corviknight|atk|1
|-boost|p2a: Corviknight|def|1
|move|p1a: Typhlosion|Shadow Ball|p2a: Corviknight
|-damage|p2a: Corviknight|17/100
|-unboost|p2a: Corviknight|spd|1
|
|turn|17
|
|move|p2a: Corviknight|Power Trip|p1a: Typhlosion
|-supereffective|p1a: Typhlosion
|-damage|p1a: Typhlosion|0 fnt
|faint|p1a: Typhlosion
|
|
|switch|p1a: Sneasler|Sneasler, M|84/100
|-damage|p1a: Sneasler|78/100|[from] Stealth Rock
|turn|18
|
|move|p1a: Sneasler|Fake Out|p2a: Corviknight
|-resisted|p2a: Corviknight
|-damage|p2a: Corviknight|14/100
|cant|p2a: Corviknight|flinch
|
|turn|19
|
|move|p2a: Corviknight|Power Trip|p1a: Sneasler
|-resisted|p1a: Sneasler
|-damage|p1a: Sneasler|33/100
|move|p1a: Sneasler|Acrobatics|p2a: Corviknight
|-resisted|p2a: Corviknight
|-damage|p2a: Corviknight|5/100
|
|turn|20
|
|move|p2a: Corviknight|Power Trip|p1a: Sneasler
|-resisted|p1a: Sneasler
|-damage|p1a: Sneasler|0 fnt
|faint|p1a: Sneasler
|
|win|Ketchup2000
