|poke|p1|Kingambit, M|
|poke|p1|Gholdengo|
|poke|p1|Armarouge, M|
|poke|p1|Arboliva, M|
|poke|p1|Dondozo, M|
|poke|p1|Glimmora, M|
|poke|p2|Mimikyu, F|
|poke|p2|Volcarona, F|
|poke|p2|Great Tusk|
|poke|p2|Hatterene, F|
|poke|p2|Amoonguss, F|
|poke|p2|Cloyster, M|
|teampreview
|
|start
|switch|p1a: Glimmora|Glimmora, M|100/100
|switch|p2a: Cloyster|Cloyster, M|100/100
|turn|1
|
|move|p1a: Glimmora|Stealth Rock|p2a: Cloyster
|-sidestart|p2: egocrucifix|move: Stealth Rock
|move|p2a: Cloyster|Shell Smash|p2a: Cloyster
|-unboost|p2a: Cloyster|def|1
|-unboost|p2a: Cloyster|spd|1
|-boost|p2a: Cloyster|atk|2
|-boost|p2a: Cloyster|spa|2
|-boost|p2a: Cloyster|spe|2
|-enditem|p2a: Cloyster|White Herb
|-clearnegativeboost|p2a: Cloyster|[silent]
|
|turn|2
|
|move|p2a: Cloyster|Icicle Spear|p1a: Glimmora
|-damage|p1a: Glimmora|73/100
|-activate|p1a: Glimmora|ability: Toxic Debris
|-sidestart|p2: egocrucifix|move: Toxic Spikes
|-damage|p1a: Glimmora|43/100
|-activate|p1a: Glimmora|ability: Toxic Debris
|-sidestart|p2: egocrucifix|move: Toxic Spikes
|-damage|p1a: Glimmora|14/100
|-damage|p1a: Glimmora|0 fnt
|faint|p1a: Glimmora
|-hitcount|p1: Glimmora|4
|
|
|switch|p1a: Armarouge|Armarouge, M|100/100
|turn|3
|
|-terastallize|p1a: Armarouge|Grass
|move|p2a: Cloyster|Hydro Pump|p1a: Armarouge
|-resisted|p1a: Armarouge
|-damage|p1a: Armarouge|60/100
|move|p1a: Armarouge|Calm Mind|p1a: Armarouge
|-boost|p1a: Armarouge|spa|1
|-boost|p1a: Armarouge|spd|1
|
|turn|4
|
|move|p2a: Cloyster|Icicle Spear|p1a: Armarouge
|-supereffective|p1a: Armarouge
|-damage|p1a: Armarouge|11/100
|-ability|p1a: Armarouge|Weak Armor|boost
|-unboost|p1a: Armarouge|def|1
|-boost|p1a: Armarouge|spe|2
|-supereffective|p1a: Armarouge
|-damage|p1a: Armarouge|0 fnt
|faint|p1a: Armarouge
|-hitcount|p1: Armarouge|2
|
|
|switch|p1a: Arboliva|Arboliva, M|100/100
|turn|5
|
|move|p2a: Cloyster|Icicle Spear|p1a: Arboliva
|-supereffective|p1a: Arboliva
|-damage|p1a: Arboliva|49/100
|-fieldstart|move: Grassy Terrain|[from] ability: Seed Sower|[of] p1a: Arboliva
|-supereffective|p1a: Arboliva
|-damage|p1a: Arboliva|0 fnt
|faint|p1a: Arboliva
|-hitcount|p1: Arboliva|2
|
|
|switch|p1a: Dondozo|Dondozo, M|100/100
|turn|6
|
|move|p2a: Cloyster|Rock Blast|p1a: Dondozo
|-damage|p1a: Dondozo|97/100
|-damage|p1a: Dondozo|94/100
|-damage|p1a: Dondozo|90/100
|-damage|p1a: Dondozo|87/100
|-damage|p1a: Dondozo|83/100
|-hitcount|p1a: Dondozo|5
|move|p1a: Dondozo|Body Press|p2a: Cloyster
|-supereffective|p2a: Cloyster
|-damage|p2a: Cloyster|52/100
|
|-heal|p2a: Cloyster|58/100|[from] Grassy Terrain
|-heal|p1a: Dondozo|89/100|[from] Grassy Terrain
|-heal|p1a: Dondozo|95/100|[from] item: Leftovers
|turn|7
|
|move|p2a: Cloyster|Hydro Pump|p1a: Dondozo|[miss]
|-miss|p2a: Cloyster|p1a: Dondozo
|move|p1a: Dondozo|Body Press|p2a: Cloyster
|-supereffective|p2a: Cloyster
|-damage|p2a: Cloyster|7/100
|
|-heal|p2a: Cloyster|13/100|[from] Grassy Terrain
|-heal|p1a: Dondozo|100/100|[from] Grassy Terrain
|turn|8
|
|move|p2a: Cloyster|Hydro Pump|p1a: Dondozo
|-resisted|p1a: Dondozo
|-damage|p1a: Dondozo|84/100
|move|p1a: Dondozo|Body Press|p2a: Cloyster
|-supereffective|p2a: Cloyster
|-damage|p2a: Cloyster|0 fnt
|faint|p2a: Cloyster
|
|-heal|p1a: Dondozo|90/100|[from] Grassy Terrain
|-heal|p1a: Dondozo|97/100|[from] item: Leftovers
|
|switch|p2a: Amoonguss|Amoonguss, F|100/100
|-damage|p2a: Amoonguss|88/100|[from] Stealth Rock
|-sideend|p2: egocrucifix|move: Toxic Spikes|[of] p2a: Amoonguss
|turn|9
|
|move|p1a: Dondozo|Body Press|p2a: Amoonguss
|-resisted|p2a: Amoonguss
|-damage|p2a: Amoonguss|78/100
|-damage|p1a: Dondozo|80/100|[from] item: Rocky Helmet|[of] p2a: Amoonguss
|move|p2a: Amoonguss|Spore|p1a: Dondozo
|-status|p1a: Dondozo|slp|[from] move: Spore
|
|-heal|p1a: Dondozo|86/100 slp|[from] Grassy Terrain
|-heal|p1a: Dondozo|92/100 slp|[from] item: Leftovers
|-heal|p2a: Amoonguss|84/100|[from] Grassy Terrain
|-fieldend|move: Grassy Terrain
|turn|10
|
|cant|p1a: Dondozo|slp
|move|p1a: Dondozo|Sleep Talk|p1a: Dondozo
|move|p1a: Dondozo|Liquidation|p2a: Amoonguss|[from]move: Sleep Talk
|-resisted|p2a: Amoonguss
|-damage|p2a: Amoonguss|73/100
|-damage|p1a: Dondozo|75/100 slp|[from] item: Rocky Helmet|[of] p2a: Amoonguss
|move|p2a: Amoonguss|Giga Drain|p1a: Dondozo
|-supereffective|p1a: Dondozo
|-damage|p1a: Dondozo|29/100 slp
|-heal|p2a: Amoonguss|100/100|[from] drain|[of] p1a: Dondozo
|
|-heal|p1a: Dondozo|35/100 slp|[from] item: Leftovers
|turn|11
|
|-curestatus|p1a: Dondozo|slp|[msg]
|move|p1a: Dondozo|Rest|p1a: Dondozo
|-status|p1a: Dondozo|slp|[from] move: Rest
|-heal|p1a: Dondozo|100/100 slp|[silent]
|move|p2a: Amoonguss|Giga Drain|p1a: Dondozo
|-supereffective|p1a: Dondozo
|-damage|p1a: Dondozo|54/100 slp
|
|-heal|p1a: Dondozo|60/100 slp|[from] item: Leftovers
|turn|12
|
|cant|p1a: Dondozo|slp
|move|p2a: Amoonguss|Giga Drain|p1a: Dondozo
|-supereffective|p1a: Dondozo
|-damage|p1a: Dondozo|15/100 slp
|
|-heal|p1a: Dondozo|21/100 slp|[from] item: Leftovers
|turn|13
|
|cant|p1a: Dondozo|slp
|move|p2a: Amoonguss|Giga Drain|p1a: Dondozo
|-supereffective|p1a: Dondozo
|-damage|p1a: Dondozo|0 fnt
|faint|p1a: Dondozo
|
|
|switch|p1a: Gholdengo|Gholdengo|100/100
|turn|14
|
|move|p1a: Gholdengo|Nasty Plot|p1a: Gholdengo
|-boost|p1a: Gholdengo|spa|2
|move|p2a: Amoonguss|Giga Drain|p1a: Gholdengo
|-resisted|p1a: Gholdengo
|-damage|p1a: Gholdengo|88/100
|
|turn|15
|
|move|p1a: Gholdengo|Nasty Plot|p1a: Gholdengo
|-boost|p1a: Gholdengo|spa|2
|move|p2a: Amoonguss|Clear Smog|p1a: Gholdengo
|-immune|p1a: Gholdengo
|
|turn|16
|
|move|p1a: Gholdengo|Make It Rain|p2a: Amoonguss
|-crit|p2a: Amoonguss
|-damage|p2a: Amoonguss|0 fnt
|-unboost|p1a: Gholdengo|spa|1
|faint|p2a: Amoonguss
|
|
|switch|p2a: Volcarona|Volcarona, F|100/100
|turn|17
|
|move|p2a: Volcarona|Fiery Dance|p1a: Gholdengo
|-supereffective|p1a: Gholdengo
|-damage|p1a: Gholdengo|6/100
|-boost|p2a: Volcarona|spa|1
|move|p1a: Gholdengo|Shadow Ball|p2a: Volcarona
|-damage|p2a: Volcarona|9/100
|
|turn|18
|
|move|p2a: Volcarona|Fiery Dance|p1a: Gholdengo
|-supereffective|p1a: Gholdengo
|-damage|p1a: Gholdengo|0 fnt
|-boost|p2a: Volcarona|spa|1
|faint|p1a: Gholdengo
|
|
|switch|p1a: Kingambit|Kingambit, M|100/100
|-activate|p1a: Kingambit|ability: Supreme Overlord
|-start|p1a: Kingambit|fallen5|[silent]
|turn|19
|
|move|p2a: Volcarona|Fiery Dance|p1a: Kingambit
|-supereffective|p1a: Kingambit
|-damage|p1a: Kingambit|0 fnt
|faint|p1a: Kingambit
|-end|p1a: Kingambit|fallen5|[silent]
|
|win|egocrucifix
