# advantage = p1
|poke|p1|Morgrem, M|
|poke|p1|Tynamo, M|
|poke|p1|Meowscarada, F|
|poke|p1|Gholdengo|
|poke|p2|Barboach, M|
|poke|p2|Grimer-Alola, F|
|poke|p2|Sneasel-Hisui, F|
|poke|p2|Dragapult, F|
|teampreview
|
|start
|switch|p1a: Tynamo|Tynamo, M|100/100
|switch|p2a: Dragapult|Dragapult, F, shiny|100/100
|turn|1
|
|move|p2a: Dragapult|U-turn|p1a: Tynamo
|-damage|p1a: Tynamo|53/100
|
|switch|p2a: Grimer|Grimer-Alola, F|100/100|[from] U-turn
|move|p1a: Tynamo|Thunder Wave|p2a: Grimer
|-status|p2a: Grimer|par
|
|turn|2
|
|move|p1a: Tynamo|Charge Beam|p2a: Grimer
|-crit|p2a: Grimer
|-damage|p2a: Grimer|74/100 par
|-boost|p1a: Tynamo|spa|1
|cant|p2a: Grimer|par
|
|turn|3
|
|move|p1a: Tynamo|Tera Blast|p2a: Grimer
|-damage|p2a: Grimer|48/100 par
|move|p2a: Grimer|Knock Off|p1a: Tynamo
|-damage|p1a: Tynamo|0 fnt
|-enditem|p1a: Tynamo|Eviolite|[from] move: Knock Off|[of] p2a: Grimer
|faint|p1a: Tynamo
|
|
|switch|p1a: Morgrem|Morgrem, M|100/100
|turn|4
|
|move|p1a: Morgrem|Reflect|p1a: Morgrem
|-sidestart|p1: p1|Reflect
|move|p2a: Grimer|Poison Jab|p1a: Morgrem
|-supereffective|p1a: Morgrem
|-damage|p1a: Morgrem|62/100
|-status|p1a: Morgrem|psn|[from] ability: Poison Touch|[of] p2a: Grimer
|
|-damage|p1a: Morgrem|50/100 psn|[from] psn
|turn|5
|
|move|p1a: Morgrem|Light Screen|p1a: Morgrem
|-sidestart|p1: p1|move: Light Screen
|cant|p2a: Grimer|par
|
|-damage|p1a: Morgrem|37/100 psn|[from] psn
|turn|6
|
|move|p1a: Morgrem|Parting Shot|p2a: Grimer
|-hint|Since gen 7, Dark is immune to Prankster moves.
|-immune|p2a: Grimer
|cant|p2a: Grimer|par
|
|-damage|p1a: Morgrem|25/100 psn|[from] psn
|turn|7
|
|move|p1a: Morgrem|Play Rough|p2a: Grimer
|-damage|p2a: Grimer|24/100 par
|move|p2a: Grimer|Poison Jab|p1a: Morgrem
|-supereffective|p1a: Morgrem
|-damage|p1a: Morgrem|0 fnt
|faint|p1a: Morgrem
|
|
|switch|p1a: Meowscarada|Meowscarada, F|100/100
|turn|8
|
|move|p1a: Meowscarada|U-turn|p2a: Grimer
|-start|p1a: Meowscarada|typechange|Bug|[from] ability: Protean
|-damage|p2a: Grimer|0 fnt
|faint|p2a: Grimer
|
|switch|p1a: Gholdengo|Gholdengo|100/100|[from] U-turn
|
|-sideend|p1: p1|Reflect
|
|switch|p2a: Barboach|Barboach, M|100/100
|turn|9
|
|move|p1a: Gholdengo|Psyshock|p2a: Barboach
|-enditem|p2a: Barboach|Focus Sash
|-damage|p2a: Barboach|1/100
|move|p2a: Barboach|Dragon Dance|p2a: Barboach
|-boost|p2a: Barboach|atk|1
|-boost|p2a: Barboach|spe|1
|
|-sideend|p1: p1|move: Light Screen
|turn|10
|
|move|p2a: Barboach|Earthquake|p1a: Gholdengo
|-supereffective|p1a: Gholdengo
|-damage|p1a: Gholdengo|0 fnt
|faint|p1a: Gholdengo
|
|
|switch|p1a: Meowscarada|Meowscarada, F|100/100
|turn|11
|
|-terastallize|p1a: Meowscarada|Dark
|move|p1a: Meowscarada|Knock Off|p2a: Barboach
|-damage|p2a: Barboach|0 fnt
|faint|p2a: Barboach
|
|
|switch|p2a: Sneasel|Sneasel-Hisui, F|100/100
|turn|12
|
|move|p1a: Meowscarada|Knock Off|p2a: Sneasel
|-resisted|p2a: Sneasel
|-damage|p2a: Sneasel|7/100
|-enditem|p2a: Sneasel|Choice Band|[from] move: Knock Off|[of] p1a: Meowscarada
|move|p2a: Sneasel|Close Combat|p1a: Meowscarada
|-supereffective|p1a: Meowscarada
|-damage|p1a: Meowscarada|0 fnt
|-unboost|p2a: Sneasel|def|1
|-unboost|p2a: Sneasel|spd|1
|faint|p1a: Meowscarada
|
|win|p2
|n|☆p1|p1
|n|☆p2|decaffinator
|n|*Lady Monita|ladymonita
|n| 13luken|13luken
