|poke|p1|Dragapult, F|
|poke|p1|Magearna|
|poke|p1|Chien-Pao|
|poke|p1|Sneasler, M|
|poke|p1|Zamazenta-*|
|poke|p1|Volcarona, M|
|poke|p2|Landorus-Therian, M|
|poke|p2|Goodra-Hisui, M|
|poke|p2|Zamazenta-*|
|poke|p2|Sneasler, M|
|poke|p2|Hoopa|
|poke|p2|Volcanion|
|teampreview
|
|start
|switch|p1a: Dragapult|Dragapult, F|100/100
|switch|p2a: Landorus|Landorus-Therian, M|100/100
|-ability|p2a: Landorus|Intimidate|boost
|-unboost|p1a: Dragapult|atk|1
|turn|1
|
|move|p1a: Dragapult|Reflect|p1a: Dragapult
|-sidestart|p1: p1|Reflect
|move|p2a: Landorus|Stealth Rock|p1a: Dragapult
|-sidestart|p1: p1|move: Stealth Rock
|
|turn|2
|
|switch|p2a: Goodra|Goodra-Hisui, M|100/100
|move|p1a: Dragapult|Light Screen|p1a: Dragapult
|-sidestart|p1: p1|move: Light Screen
|
|turn|3
|
|move|p1a: Dragapult|Curse|p2a: Goodra
|-start|p2a: Goodra|Curse|[of] p1a: Dragapult
|-damage|p1a: Dragapult|50/100
|move|p2a: Goodra|Draco Meteor|p1a: Dragapult|[miss]
|-miss|p2a: Goodra|p1a: Dragapult
|
|-damage|p2a: Goodra|75/100|[from] Curse
|turn|4
|
|switch|p1a: Zamazenta|Zamazenta-Crowned|100/100
|-damage|p1a: Zamazenta|97/100|[from] Stealth Rock
|-ability|p1a: Zamazenta|Dauntless Shield|boost
|-boost|p1a: Zamazenta|def|1
|switch|p2a: Landorus|Landorus-Therian, M|100/100
|-ability|p2a: Landorus|Intimidate|boost
|-unboost|p1a: Zamazenta|atk|1
|
|turn|5
|
|move|p1a: Zamazenta|Substitute|p1a: Zamazenta
|-start|p1a: Zamazenta|Substitute
|-damage|p1a: Zamazenta|73/100
|move|p2a: Landorus|Earthquake|p1a: Zamazenta
|-supereffective|p1a: Zamazenta
|-activate|p1a: Zamazenta|move: Substitute|[damage]
|
|turn|6
|
|move|p1a: Zamazenta|Iron Defense|p1a: Zamazenta
|-boost|p1a: Zamazenta|def|2
|move|p2a: Landorus|Earthquake|p1a: Zamazenta
|-supereffective|p1a: Zamazenta
|-crit|p1a: Zamazenta
|-end|p1a: Zamazenta|Substitute
|
|turn|7
|
|-terastallize|p1a: Zamazenta|Fighting
|move|p1a: Zamazenta|Substitute|p1a: Zamazenta
|-start|p1a: Zamazenta|Substitute
|-damage|p1a: Zamazenta|48/100
|move|p2a: Landorus|Earthquake|p1a: Zamazenta
|-activate|p1a: Zamazenta|move: Substitute|[damage]
|
|turn|8
|
|move|p1a: Zamazenta|Iron Defense|p1a: Zamazenta
|-boost|p1a: Zamazenta|def|2
|move|p2a: Landorus|Earthquake|p1a: Zamazenta
|-activate|p1a: Zamazenta|move: Substitute|[damage]
|
|-sideend|p1: p1|Reflect
|turn|9
|
|move|p1a: Zamazenta|Body Press|p2a: Landorus
|-resisted|p2a: Landorus
|-damage|p2a: Landorus|2/100
|move|p2a: Landorus|Earthquake|p1a: Zamazenta
|-activate|p1a: Zamazenta|move: Substitute|[damage]
|
|-sideend|p1: p1|move: Light Screen
|turn|10
|
|move|p1a: Zamazenta|Body Press|p2a: Landorus
|-resisted|p2a: Landorus
|-damage|p2a: Landorus|0 fnt
|faint|p2a: Landorus
|
|
|switch|p2a: Hoopa|Hoopa|100/100
|turn|11
|
|move|p1a: Zamazenta|Body Press|p2a: Hoopa
|-immune|p2a: Hoopa
|move|p2a: Hoopa|Psychic|p1a: Zamazenta
|-supereffective|p1a: Zamazenta
|-end|p1a: Zamazenta|Substitute
|
|turn|12
|
|move|p1a: Zamazenta|Substitute|p1a: Zamazenta
|-start|p1a: Zamazenta|Substitute
|-damage|p1a: Zamazenta|23/100
|move|p2a: Hoopa|Nasty Plot|p2a: Hoopa
|-boost|p2a: Hoopa|spa|2
|
|turn|13
|
|move|p1a: Zamazenta|Crunch|p2a: Hoopa
|-supereffective|p2a: Hoopa
|-damage|p2a: Hoopa|4/100
|-unboost|p2a: Hoopa|def|1
|-enditem|p2a: Hoopa|Salac Berry|[eat]
|-boost|p2a: Hoopa|spe|1|[from] item: Salac Berry
|move|p2a: Hoopa|Psychic|p1a: Zamazenta
|-supereffective|p1a: Zamazenta
|-end|p1a: Zamazenta|Substitute
|
|turn|14
|
|move|p2a: Hoopa|Psychic|p1a: Zamazenta
|-supereffective|p1a: Zamazenta
|-damage|p1a: Zamazenta|0 fnt
|faint|p1a: Zamazenta
|
|
|switch|p1a: Chien-Pao|Chien-Pao|100/100
|-damage|p1a: Chien-Pao|76/100|[from] Stealth Rock
|-ability|p1a: Chien-Pao|Sword of Ruin
|turn|15
|
|move|p1a: Chien-Pao|Ice Shard|p2a: Hoopa
|-damage|p2a: Hoopa|0 fnt
|faint|p2a: Hoopa
|
|
|switch|p2a: Zamazenta|Zamazenta-Crowned|100/100
|-ability|p2a: Zamazenta|Dauntless Shield|boost
|-boost|p2a: Zamazenta|def|1
|turn|16
|
|switch|p1a: Dragapult|Dragapult, F|50/100
|-damage|p1a: Dragapult|38/100|[from] Stealth Rock
|move|p2a: Zamazenta|Behemoth Bash|p1a: Dragapult
|-damage|p1a: Dragapult|0 fnt
|faint|p1a: Dragapult
|
|
|switch|p1a: Volcarona|Volcarona, M|100/100
|turn|17
|
|switch|p2a: Goodra|Goodra-Hisui, M|75/100
|move|p1a: Volcarona|Quiver Dance|p1a: Volcarona
|-boost|p1a: Volcarona|spa|1
|-boost|p1a: Volcarona|spd|1
|-boost|p1a: Volcarona|spe|1
|
|-heal|p2a: Goodra|82/100|[from] item: Leftovers
|turn|18
|
|move|p1a: Volcarona|Quiver Dance|p1a: Volcarona
|-boost|p1a: Volcarona|spa|1
|-boost|p1a: Volcarona|spd|1
|-boost|p1a: Volcarona|spe|1
|move|p2a: Goodra|Ice Beam|p1a: Volcarona
|-resisted|p1a: Volcarona
|-damage|p1a: Volcarona|95/100
|
|-heal|p2a: Goodra|88/100|[from] item: Leftovers
|turn|19
|
|move|p1a: Volcarona|Quiver Dance|p1a: Volcarona
|-boost|p1a: Volcarona|spa|1
|-boost|p1a: Volcarona|spd|1
|-boost|p1a: Volcarona|spe|1
|move|p2a: Goodra|Ice Beam|p1a: Volcarona
|-resisted|p1a: Volcarona
|-damage|p1a: Volcarona|90/100
|
|-heal|p2a: Goodra|94/100|[from] item: Leftovers
|turn|20
|
|move|p1a: Volcarona|Quiver Dance|p1a: Volcarona
|-boost|p1a: Volcarona|spa|1
|-boost|p1a: Volcarona|spd|1
|-boost|p1a: Volcarona|spe|1
|move|p2a: Goodra|Ice Beam|p1a: Volcarona
|-resisted|p1a: Volcarona
|-damage|p1a: Volcarona|86/100
|
|-heal|p2a: Goodra|99/100|[from] item: Leftovers
|turn|21
|
|move|p1a: Volcarona|Quiver Dance|p1a: Volcarona
|-boost|p1a: Volcarona|spa|1
|-boost|p1a: Volcarona|spd|1
|-boost|p1a: Volcarona|spe|1
|move|p2a: Goodra|Draco Meteor|p1a: Volcarona
|-damage|p1a: Volcarona|71/100
|-unboost|p2a: Goodra|spa|2
|
|-heal|p2a: Goodra|100/100|[from] item: Leftovers
|turn|22
|
|move|p1a: Volcarona|Quiver Dance|p1a: Volcarona
|-boost|p1a: Volcarona|spa|1
|-boost|p1a: Volcarona|spd|1
|-boost|p1a: Volcarona|spe|1
|move|p2a: Goodra|Ice Beam|p1a: Volcarona
|-resisted|p1a: Volcarona
|-damage|p1a: Volcarona|70/100
|
|turn|23
|-message|p2 forfeited.
|
|win|p1
