|poke|p1|Magearna|
|poke|p1|Great Tusk|
|poke|p1|Samurott-Hisui, F|
|poke|p1|Gholdengo|
|poke|p1|Zamazenta-*|
|poke|p1|Dragapult, M|
|poke|p2|Urshifu-*, M|
|poke|p2|Dragapult, F|
|poke|p2|Great Tusk|
|poke|p2|Zapdos|
|poke|p2|Slowking-Galar, F|
|poke|p2|Heatran, F|
|teampreview
|
|start
|switch|p1a: Dragapult|Dragapult, M|100/100
|switch|p2a: Urshifu|Urshifu-Rapid-Strike, M|100/100
|turn|1
|
|switch|p2a: Slowking|Slowking-Galar, F|100/100
|move|p1a: Dragapult|Draco Meteor|p2a: Slowking
|-damage|p2a: Slowking|62/100
|-unboost|p1a: Dragapult|spa|2
|
|turn|2
|
|switch|p1a: Samurott|Samurott-Hisui, F|100/100
|move|p2a: Slowking|Future Sight|p1a: Samurott
|-start|p2a: Slowking|move: Future Sight
|
|turn|3
|
|switch|p2a: Zapdos|Zapdos|100/100
|move|p1a: Samurott|Ceaseless Edge|p2a: Zapdos
|-damage|p2a: Zapdos|66/100
|-sidestart|p2: PSV2|Spikes
|
|turn|4
|
|move|p2a: Zapdos|Volt Switch|p1a: Samurott
|-supereffective|p1a: Samurott
|-damage|p1a: Samurott|47/100
|
|switch|p2a: Great Tusk|Great Tusk|100/100|[from] Volt Switch
|-enditem|p2a: Great Tusk|Booster Energy
|-activate|p2a: Great Tusk|ability: Protosynthesis|[fromitem]
|-start|p2a: Great Tusk|protosynthesisatk
|-damage|p2a: Great Tusk|88/100|[from] Spikes
|move|p1a: Samurott|Razor Shell|p2a: Great Tusk
|-supereffective|p2a: Great Tusk
|-damage|p2a: Great Tusk|0 fnt
|faint|p2a: Great Tusk
|-end|p2a: Great Tusk|Protosynthesis|[silent]
|
|-end|p1a: Samurott|move: Future Sight
|-immune|p1a: Samurott
|
|switch|p2a: Zapdos|Zapdos|66/100
|turn|5
|
|switch|p1a: Great Tusk|Great Tusk|100/100
|move|p2a: Zapdos|Hurricane|p1a: Great Tusk
|-supereffective|p1a: Great Tusk
|-damage|p1a: Great Tusk|0 fnt
|faint|p1a: Great Tusk
|-end|p1a: Great Tusk|Protosynthesis|[silent]
|
|
|switch|p1a: Dragapult|Dragapult, M|100/100
|turn|6
|
|move|p1a: Dragapult|Shadow Ball|p2a: Zapdos
|-damage|p2a: Zapdos|17/100
|move|p2a: Zapdos|Roost|p2a: Zapdos
|-heal|p2a: Zapdos|67/100
|-singleturn|p2a: Zapdos|move: Roost
|
|turn|7
|
|move|p1a: Dragapult|Shadow Ball|p2a: Zapdos
|-damage|p2a: Zapdos|14/100
|move|p2a: Zapdos|Volt Switch|p1a: Dragapult
|-resisted|p1a: Dragapult
|-damage|p1a: Dragapult|80/100
|
|switch|p2a: Slowking|Slowking-Galar, F|96/100|[from] Volt Switch
|-damage|p2a: Slowking|83/100|[from] Spikes
|
|turn|8
|
|switch|p1a: Samurott|Samurott-Hisui, F|47/100
|-terastallize|p2a: Slowking|Water
|move|p2a: Slowking|Future Sight|p1a: Samurott
|-start|p2a: Slowking|move: Future Sight
|
|turn|9
|
|move|p1a: Samurott|Ceaseless Edge|p2a: Slowking
|-damage|p2a: Slowking|31/100
|-sidestart|p2: PSV2|Spikes
|move|p2a: Slowking|Sludge Bomb|p1a: Samurott
|-damage|p1a: Samurott|15/100
|
|turn|10
|
|switch|p2a: Zapdos|Zapdos|14/100
|move|p1a: Samurott|Ceaseless Edge|p2a: Zapdos
|-damage|p2a: Zapdos|0 fnt
|-sidestart|p2: PSV2|Spikes
|faint|p2a: Zapdos
|
|-end|p1a: Samurott|move: Future Sight
|-immune|p1a: Samurott
|
|switch|p2a: Dragapult|Dragapult, F|100/100
|-damage|p2a: Dragapult|76/100|[from] Spikes
|turn|11
|
|move|p1a: Samurott|Sucker Punch|p2a: Dragapult
|-supereffective|p2a: Dragapult
|-damage|p2a: Dragapult|0 fnt
|faint|p2a: Dragapult
|
|
|switch|p2a: Urshifu|Urshifu-Rapid-Strike, M|100/100
|-damage|p2a: Urshifu|76/100|[from] Spikes
|turn|12
|
|move|p2a: Urshifu|Close Combat|p1a: Samurott
|-supereffective|p1a: Samurott
|-damage|p1a: Samurott|0 fnt
|-unboost|p2a: Urshifu|def|1
|-unboost|p2a: Urshifu|spd|1
|faint|p1a: Samurott
|
|
|switch|p1a: Dragapult|Dragapult, M|80/100
|turn|13
|-message|PSV2 forfeited.
|
|win|ayyk_47
