|poke|p1|Chien-Pao|
|poke|p1|Magearna|
|poke|p1|Great Tusk|
|poke|p1|Tornadus-Therian, M|
|poke|p1|Zamazenta-*|
|poke|p1|Clodsire, F|
|poke|p2|Azelf|
|poke|p2|Volcarona, F|
|poke|p2|Urshifu-*, M|
|poke|p2|Chien-Pao|
|poke|p2|Dragonite, M|
|poke|p2|Moltres-Galar|
|teampreview
|
|start
|switch|p1a: Tornadus|Tornadus-Therian, M|100/100
|switch|p2a: Azelf|Azelf|100/100
|turn|1
|
|move|p1a: Tornadus|Bleakwind Storm|p2a: Azelf
|-damage|p2a: Azelf|25/100
|move|p2a: Azelf|Stealth Rock|p1a: Tornadus
|-sidestart|p1: p1|move: Stealth Rock
|
|turn|2
|
|move|p1a: Tornadus|Heat Wave|p2a: Azelf
|-damage|p2a: Azelf|0 fnt
|faint|p2a: Azelf
|
|
|switch|p2a: Chien-Pao|Chien-Pao|100/100
|-ability|p2a: Chien-Pao|Sword of Ruin
|turn|3
|
|switch|p1a: Zamazenta|Zamazenta-Crowned|100/100
|-damage|p1a: Zamazenta|97/100|[from] Stealth Rock
|-ability|p1a: Zamazenta|Dauntless Shield|boost
|-boost|p1a: Zamazenta|def|1
|move|p2a: Chien-Pao|Ice Spinner|p1a: Zamazenta
|-resisted|p1a: Zamazenta
|-damage|p1a: Zamazenta|84/100
|-damage|p2a: Chien-Pao|91/100|[from] item: Life Orb
|
|turn|4
|
|switch|p2a: Volcarona|Volcarona, F|100/100
|move|p1a: Zamazenta|Agility|p1a: Zamazenta
|-boost|p1a: Zamazenta|spe|2
|
|turn|5
|
|-terastallize|p1a: Zamazenta|Fighting
|move|p1a: Zamazenta|Iron Defense|p1a: Zamazenta
|-boost|p1a: Zamazenta|def|2
|move|p2a: Volcarona|Fiery Dance|p1a: Zamazenta
|-damage|p1a: Zamazenta|60/100
|-boost|p2a: Volcarona|spa|1
|
|turn|6
|
|move|p1a: Zamazenta|Body Press|p2a: Volcarona
|-resisted|p2a: Volcarona
|-damage|p2a: Volcarona|23/100
|move|p2a: Volcarona|Psychic|p1a: Zamazenta
|-supereffective|p1a: Zamazenta
|-crit|p1a: Zamazenta
|-damage|p1a: Zamazenta|0 fnt
|faint|p1a: Zamazenta
|
|
|switch|p1a: Chien-Pao|Chien-Pao|100/100
|-damage|p1a: Chien-Pao|76/100|[from] Stealth Rock
|-ability|p1a: Chien-Pao|Sword of Ruin
|turn|7
|
|switch|p2a: Urshifu|Urshifu-Rapid-Strike, M|100/100
|move|p1a: Chien-Pao|Crunch|p2a: Urshifu
|-resisted|p2a: Urshifu
|-damage|p2a: Urshifu|64/100
|-damage|p1a: Chien-Pao|66/100|[from] item: Life Orb
|
|turn|8
|
|switch|p1a: Tornadus|Tornadus-Therian, M|100/100
|move|p2a: Urshifu|Surging Strikes|p1a: Tornadus
|-crit|p1a: Tornadus
|-damage|p1a: Tornadus|64/100
|-crit|p1a: Tornadus
|-damage|p1a: Tornadus|29/100
|-crit|p1a: Tornadus
|-damage|p1a: Tornadus|0 fnt
|faint|p1a: Tornadus
|-hitcount|p1: Tornadus|3
|
|
|switch|p1a: Magearna|Magearna|100/100
|-damage|p1a: Magearna|94/100|[from] Stealth Rock
|turn|9
|
|move|p2a: Urshifu|Surging Strikes|p1a: Magearna
|-crit|p1a: Magearna
|-damage|p1a: Magearna|72/100
|-crit|p1a: Magearna
|-damage|p1a: Magearna|51/100
|-crit|p1a: Magearna
|-damage|p1a: Magearna|30/100
|-hitcount|p1a: Magearna|3
|move|p1a: Magearna|Shift Gear|p1a: Magearna
|-boost|p1a: Magearna|spe|2
|-boost|p1a: Magearna|atk|1
|
|-heal|p1a: Magearna|36/100|[from] item: Leftovers
|turn|10
|
|switch|p2a: Volcarona|Volcarona, F|23/100
|move|p1a: Magearna|Draining Kiss|p2a: Volcarona
|-resisted|p2a: Volcarona
|-damage|p2a: Volcarona|13/100
|-heal|p1a: Magearna|44/100|[from] drain|[of] p2a: Volcarona
|
|-heal|p1a: Magearna|50/100|[from] item: Leftovers
|turn|11
|
|move|p1a: Magearna|Stored Power|p2a: Volcarona
|-crit|p2a: Volcarona
|-damage|p2a: Volcarona|0 fnt
|faint|p2a: Volcarona
|-ability|p1a: Magearna|Soul-Heart|boost
|-boost|p1a: Magearna|spa|1
|
|-heal|p1a: Magearna|57/100|[from] item: Leftovers
|
|switch|p2a: Dragonite|Dragonite, M|100/100
|turn|12
|
|-terastallize|p2a: Dragonite|Normal
|move|p1a: Magearna|Draining Kiss|p2a: Dragonite
|-damage|p2a: Dragonite|83/100
|-heal|p1a: Magearna|70/100|[from] drain|[of] p2a: Dragonite
|move|p2a: Dragonite|Earthquake|p1a: Magearna
|-supereffective|p1a: Magearna
|-damage|p1a: Magearna|6/100
|
|-heal|p1a: Magearna|12/100|[from] item: Leftovers
|turn|13
|
|switch|p1a: Great Tusk|Great Tusk|100/100
|-damage|p1a: Great Tusk|98/100|[from] Stealth Rock
|move|p2a: Dragonite|Extreme Speed|p1a: Great Tusk
|-damage|p1a: Great Tusk|76/100
|
|-heal|p1a: Great Tusk|82/100|[from] item: Leftovers
|turn|14
|
|switch|p2a: Moltres|Moltres-Galar|100/100
|move|p1a: Great Tusk|Rapid Spin|p2a: Moltres
|-damage|p2a: Moltres|85/100
|-boost|p1a: Great Tusk|spe|1
|-sideend|p1: p1|Stealth Rock|[from] move: Rapid Spin|[of] p1a: Great Tusk
|
|-heal|p1a: Great Tusk|89/100|[from] item: Leftovers
|turn|15
|
|-end|p1a: Great Tusk|Protosynthesis|[silent]
|switch|p1a: Clodsire|Clodsire, F|100/100
|move|p2a: Moltres|Air Slash|p1a: Clodsire
|-damage|p1a: Clodsire|86/100
|
|-heal|p1a: Clodsire|92/100|[from] item: Leftovers
|turn|16
|
|switch|p2a: Urshifu|Urshifu-Rapid-Strike, M|64/100
|move|p1a: Clodsire|Toxic|p2a: Urshifu
|-status|p2a: Urshifu|tox
|
|-heal|p1a: Clodsire|99/100|[from] item: Leftovers
|-damage|p2a: Urshifu|58/100 tox|[from] psn
|turn|17
|
|switch|p1a: Magearna|Magearna|12/100
|move|p2a: Urshifu|Surging Strikes|p1a: Magearna
|-crit|p1a: Magearna
|-damage|p1a: Magearna|0 fnt
|faint|p1a: Magearna
|-hitcount|p1: Magearna|1
|
|-damage|p2a: Urshifu|45/100 tox|[from] psn
|
|switch|p1a: Chien-Pao|Chien-Pao|66/100
|-ability|p1a: Chien-Pao|Sword of Ruin
|turn|18
|
|switch|p2a: Moltres|Moltres-Galar|85/100
|move|p1a: Chien-Pao|Ice Spinner|p2a: Moltres
|-supereffective|p2a: Moltres
|-damage|p2a: Moltres|0 fnt
|faint|p2a: Moltres
|-damage|p1a: Chien-Pao|56/100|[from] item: Life Orb
|
|
|switch|p2a: Dragonite|Dragonite, M, tera:Normal|83/100
|turn|19
|
|switch|p1a: Great Tusk|Great Tusk|89/100
|move|p2a: Dragonite|Extreme Speed|p1a: Great Tusk
|-damage|p1a: Great Tusk|68/100
|
|-heal|p1a: Great Tusk|74/100|[from] item: Leftovers
|turn|20
|
|move|p2a: Dragonite|Ice Spinner|p1a: Great Tusk
|-supereffective|p1a: Great Tusk
|-damage|p1a: Great Tusk|46/100
|move|p1a: Great Tusk|Rapid Spin|p2a: Dragonite
|-damage|p2a: Dragonite|69/100
|-boost|p1a: Great Tusk|spe|1
|
|-heal|p1a: Great Tusk|53/100|[from] item: Leftovers
|turn|21
|
|move|p2a: Dragonite|Extreme Speed|p1a: Great Tusk
|-damage|p1a: Great Tusk|33/100
|move|p1a: Great Tusk|Close Combat|p2a: Dragonite
|-supereffective|p2a: Dragonite
|-damage|p2a: Dragonite|0 fnt
|-unboost|p1a: Great Tusk|def|1
|-unboost|p1a: Great Tusk|spd|1
|faint|p2a: Dragonite
|
|-heal|p1a: Great Tusk|39/100|[from] item: Leftovers
|
|switch|p2a: Chien-Pao|Chien-Pao|91/100
|-ability|p2a: Chien-Pao|Sword of Ruin
|turn|22
|
|move|p2a: Chien-Pao|Ice Shard|p1a: Great Tusk
|-supereffective|p1a: Great Tusk
|-damage|p1a: Great Tusk|0 fnt
|faint|p1a: Great Tusk
|-end|p1a: Great Tusk|Protosynthesis|[silent]
|-damage|p2a: Chien-Pao|81/100|[from] item: Life Orb
|
|
|switch|p1a: Chien-Pao|Chien-Pao|56/100
|-ability|p1a: Chien-Pao|Sword of Ruin
|turn|23
|
|move|p1a: Chien-Pao|Ice Spinner|p2a: Chien-Pao
|-resisted|p2a: Chien-Pao
|-damage|p2a: Chien-Pao|43/100
|-damage|p1a: Chien-Pao|46/100|[from] item: Life Orb
|move|p2a: Chien-Pao|Sacred Sword|p1a: Chien-Pao
|-supereffective|p1a: Chien-Pao
|-damage|p1a: Chien-Pao|0 fnt
|faint|p1a: Chien-Pao
|-damage|p2a: Chien-Pao|33/100|[from] item: Life Orb
|
|-message|p1 forfeited.
|
|win|p2
