|poke|p1|Walking Wake|
|poke|p1|Torkoal, F|
|poke|p1|Arcanine-Hisui, M|
|poke|p1|Landorus-Therian, M|
|poke|p1|Zarude|
|poke|p1|Moltres|
|poke|p2|Cinderace, F|
|poke|p2|Torkoal, F|
|poke|p2|Iron Moth|
|poke|p2|Rotom-Heat|
|poke|p2|Skeledirge, M|
|poke|p2|Scovillain, F|
|teampreview
|
|start
|switch|p1a: Torkoal|Torkoal, F|100/100
|switch|p2a: Torkoal|Torkoal, F|100/100
|-weather|SunnyDay|[from] ability: Drought|[of] p2a: Torkoal
|turn|1
|
|switch|p1a: Arcanine|Arcanine-Hisui, M|100/100
|move|p2a: Torkoal|Yawn|p1a: Arcanine
|-start|p1a: Arcanine|move: Yawn|[of] p2a: Torkoal
|
|-weather|SunnyDay|[upkeep]
|turn|2
|
|move|p1a: Arcanine|Head Smash|p2a: Torkoal
|-supereffective|p2a: Torkoal
|-damage|p2a: Torkoal|21/100
|move|p2a: Torkoal|Stealth Rock|p1a: Arcanine
|-sidestart|p1: koraidon better|move: Stealth Rock
|
|-weather|SunnyDay|[upkeep]
|-end|p1a: Arcanine|move: Yawn|[silent]
|-status|p1a: Arcanine|slp
|turn|3
|
|switch|p2a: Cinderace|Cinderace, F, shiny|100/100
|cant|p1a: Arcanine|slp
|
|-weather|SunnyDay|[upkeep]
|turn|4
|
|switch|p1a: Torkoal|Torkoal, F|100/100
|-damage|p1a: Torkoal|75/100|[from] Stealth Rock
|move|p2a: Cinderace|High Jump Kick|p1a: Torkoal
|-start|p2a: Cinderace|typechange|Fighting|[from] ability: Libero
|-damage|p1a: Torkoal|28/100
|
|-weather|SunnyDay|[upkeep]
|turn|5
|
|move|p2a: Cinderace|High Jump Kick|p1a: Torkoal
|-damage|p1a: Torkoal|0 fnt
|faint|p1a: Torkoal
|
|-weather|SunnyDay|[upkeep]
|
|switch|p1a: Landorus|Landorus-Therian, M|100/100
|-ability|p1a: Landorus|Intimidate|boost
|-unboost|p2a: Cinderace|atk|1
|turn|6
|
|switch|p2a: Rotom|Rotom-Heat, shiny|100/100
|move|p1a: Landorus|Stealth Rock|p2a: Rotom
|-sidestart|p2: YoungEsq|move: Stealth Rock
|
|-weather|SunnyDay|[upkeep]
|turn|7
|
|move|p2a: Rotom|Will-O-Wisp|p1a: Landorus
|-status|p1a: Landorus|brn
|move|p1a: Landorus|Taunt|p2a: Rotom
|-start|p2a: Rotom|move: Taunt
|
|-weather|SunnyDay|[upkeep]
|-damage|p1a: Landorus|94/100 brn|[from] brn
|turn|8
|
|switch|p2a: Skeledirge|Skeledirge, M, shiny|100/100
|-damage|p2a: Skeledirge|76/100|[from] Stealth Rock
|move|p1a: Landorus|U-turn|p2a: Skeledirge
|-resisted|p2a: Skeledirge
|-damage|p2a: Skeledirge|73/100
|
|switch|p1a: Arcanine|Arcanine-Hisui, M|100/100 slp|[from] U-turn
|-damage|p1a: Arcanine|76/100 slp|[from] Stealth Rock
|
|-weather|none
|-heal|p2a: Skeledirge|80/100|[from] item: Leftovers
|turn|9
|
|-curestatus|p1a: Arcanine|slp|[msg]
|move|p1a: Arcanine|Head Smash|p2a: Skeledirge
|-supereffective|p2a: Skeledirge
|-damage|p2a: Skeledirge|0 fnt
|faint|p2a: Skeledirge
|
|
|switch|p2a: Torkoal|Torkoal, F|21/100
|-damage|p2a: Torkoal|0 fnt|[from] Stealth Rock
|faint|p2a: Torkoal
|
|switch|p2a: Scovillain|Scovillain, F|100/100
|-damage|p2a: Scovillain|76/100|[from] Stealth Rock
|turn|10
|
|move|p1a: Arcanine|Head Smash|p2a: Scovillain
|-supereffective|p2a: Scovillain
|-damage|p2a: Scovillain|0 fnt
|faint|p2a: Scovillain
|
|
|switch|p2a: Cinderace|Cinderace, F, shiny|100/100
|turn|11
|
|move|p1a: Arcanine|Head Smash|p2a: Cinderace|[miss]
|-miss|p1a: Arcanine|p2a: Cinderace
|move|p2a: Cinderace|High Jump Kick|p1a: Arcanine
|-start|p2a: Cinderace|typechange|Fighting|[from] ability: Libero
|-supereffective|p1a: Arcanine
|-damage|p1a: Arcanine|0 fnt
|faint|p1a: Arcanine
|
|
|switch|p1a: Landorus|Landorus-Therian, M|94/100 brn
|-ability|p1a: Landorus|Intimidate|boost
|-unboost|p2a: Cinderace|atk|1
|turn|12
|
|switch|p2a: Rotom|Rotom-Heat, shiny|100/100
|-damage|p2a: Rotom|75/100|[from] Stealth Rock
|move|p1a: Landorus|U-turn|p2a: Rotom
|-resisted|p2a: Rotom
|-damage|p2a: Rotom|69/100
|
|switch|p1a: Walking Wake|Walking Wake|100/100|[from] U-turn
|-damage|p1a: Walking Wake|88/100|[from] Stealth Rock
|
|turn|13
|
|-terastallize|p1a: Walking Wake|Water
|move|p1a: Walking Wake|Hydro Steam|p2a: Rotom
|-supereffective|p2a: Rotom
|-damage|p2a: Rotom|0 fnt
|faint|p2a: Rotom
|
|
|switch|p2a: Iron Moth|Iron Moth|100/100
|-damage|p2a: Iron Moth|76/100|[from] Stealth Rock
|-enditem|p2a: Iron Moth|Booster Energy
|-activate|p2a: Iron Moth|ability: Quark Drive|[fromitem]
|-start|p2a: Iron Moth|quarkdrivespa
|turn|14
|
|-terastallize|p2a: Iron Moth|Fairy
|move|p1a: Walking Wake|Hydro Steam|p2a: Iron Moth
|-damage|p2a: Iron Moth|20/100
|move|p2a: Iron Moth|Discharge|p1a: Walking Wake
|-supereffective|p1a: Walking Wake
|-damage|p1a: Walking Wake|4/100
|-status|p1a: Walking Wake|par
|
|turn|15
|
|move|p2a: Iron Moth|Discharge|p1a: Walking Wake
|-supereffective|p1a: Walking Wake
|-damage|p1a: Walking Wake|0 fnt
|faint|p1a: Walking Wake
|-end|p1a: Walking Wake|Protosynthesis|[silent]
|
|
|switch|p1a: Zarude|Zarude|100/100
|-damage|p1a: Zarude|88/100|[from] Stealth Rock
|turn|16
|
|move|p2a: Iron Moth|Sludge Wave|p1a: Zarude
|-supereffective|p1a: Zarude
|-damage|p1a: Zarude|0 fnt
|faint|p1a: Zarude
|
|
|switch|p1a: Landorus|Landorus-Therian, M|94/100 brn
|-ability|p1a: Landorus|Intimidate|boost
|-unboost|p2a: Iron Moth|atk|1
|turn|17
|
|move|p2a: Iron Moth|Sludge Wave|p1a: Landorus
|-resisted|p1a: Landorus
|-damage|p1a: Landorus|66/100 brn
|move|p1a: Landorus|Earthquake|p2a: Iron Moth
|-damage|p2a: Iron Moth|0 fnt
|faint|p2a: Iron Moth
|-end|p2a: Iron Moth|Quark Drive|[silent]
|
|-damage|p1a: Landorus|60/100 brn|[from] brn
|
|switch|p2a: Cinderace|Cinderace, F, shiny|100/100
|turn|18
|
|move|p2a: Cinderace|High Jump Kick|p1a: Landorus
|-start|p2a: Cinderace|typechange|Fighting|[from] ability: Libero
|-resisted|p1a: Landorus
|-damage|p1a: Landorus|28/100 brn
|move|p1a: Landorus|Earthquake|p2a: Cinderace
|-damage|p2a: Cinderace|61/100
|
|-damage|p1a: Landorus|22/100 brn|[from] brn
|turn|19
|
|move|p2a: Cinderace|High Jump Kick|p1a: Landorus
|-resisted|p1a: Landorus
|-damage|p1a: Landorus|0 fnt
|faint|p1a: Landorus
|
|
|switch|p1a: Moltres|Moltres, shiny|100/100
|-damage|p1a: Moltres|51/100|[from] Stealth Rock
|turn|20
|
|move|p1a: Moltres|Flamethrower|p2a: Cinderace
|-damage|p2a: Cinderace|0 fnt
|faint|p2a: Cinderace
|
|win|koraidon better
