|poke|p1|Great Tusk|
|poke|p1|Urshifu-*, F|
|poke|p1|Dragapult, F|
|poke|p1|Enamorus, F|
|poke|p1|Kingambit, F|
|poke|p1|Sneasler, M|
|poke|p2|Ursaluna, F|
|poke|p2|Samurott-Hisui, M|
|poke|p2|Gholdengo|
|poke|p2|Dragapult, M|
|poke|p2|Sneasler, F|
|poke|p2|Cinderace, F|
|teampreview
|
|start
|switch|p1a: Sneasler|Sneasler, M|100/100
|switch|p2a: Samurott|Samurott-Hisui, M|100/100
|turn|1
|
|move|p2a: Samurott|Ceaseless Edge|p1a: Sneasler
|-resisted|p1a: Sneasler
|-damage|p1a: Sneasler|72/100
|-sidestart|p1: poiutghjkl|Spikes
|move|p1a: Sneasler|Swords Dance|p1a: Sneasler
|-boost|p1a: Sneasler|atk|2
|
|turn|2
|
|move|p2a: Samurott|Ceaseless Edge|p1a: Sneasler
|-resisted|p1a: Sneasler
|-damage|p1a: Sneasler|39/100
|-sidestart|p1: poiutghjkl|Spikes
|move|p1a: Sneasler|Close Combat|p2a: Samurott
|-supereffective|p2a: Samurott
|-enditem|p2a: Samurott|Focus Sash
|-damage|p2a: Samurott|1/100
|-unboost|p1a: Sneasler|def|1
|-unboost|p1a: Sneasler|spd|1
|
|turn|3
|
|switch|p1a: Great Tusk|Great Tusk|100/100
|-damage|p1a: Great Tusk|84/100|[from] Spikes
|move|p2a: Samurott|Ceaseless Edge|p1a: Great Tusk
|-resisted|p1a: Great Tusk
|-damage|p1a: Great Tusk|74/100
|-sidestart|p1: poiutghjkl|Spikes
|
|-heal|p1a: Great Tusk|80/100|[from] item: Leftovers
|turn|4
|
|switch|p2a: Gholdengo|Gholdengo|100/100
|move|p1a: Great Tusk|Stealth Rock|p2a: Gholdengo
|-sidestart|p2: AnegoUB01|move: Stealth Rock
|
|-heal|p1a: Great Tusk|86/100|[from] item: Leftovers
|turn|5
|
|-terastallize|p2a: Gholdengo|Flying
|move|p1a: Great Tusk|Earthquake|p2a: Gholdengo
|-immune|p2a: Gholdengo
|move|p2a: Gholdengo|Nasty Plot|p2a: Gholdengo
|-boost|p2a: Gholdengo|spa|2
|
|-heal|p1a: Great Tusk|93/100|[from] item: Leftovers
|turn|6
|
|-end|p1a: Great Tusk|Protosynthesis|[silent]
|switch|p1a: Sneasler|Sneasler, M|39/100
|-damage|p1a: Sneasler|14/100|[from] Spikes
|move|p2a: Gholdengo|Shadow Ball|p1a: Sneasler
|-damage|p1a: Sneasler|0 fnt
|faint|p1a: Sneasler
|
|
|switch|p1a: Dragapult|Dragapult, F|100/100
|-damage|p1a: Dragapult|76/100|[from] Spikes
|turn|7
|
|move|p1a: Dragapult|Draco Meteor|p2a: Gholdengo
|-damage|p2a: Gholdengo|18/100
|-unboost|p1a: Dragapult|spa|2
|move|p2a: Gholdengo|Shadow Ball|p1a: Dragapult
|-supereffective|p1a: Dragapult
|-damage|p1a: Dragapult|0 fnt
|faint|p1a: Dragapult
|
|-heal|p2a: Gholdengo|24/100|[from] item: Leftovers
|
|switch|p1a: Enamorus|Enamorus, F|100/100
|turn|8
|
|move|p1a: Enamorus|Moonblast|p2a: Gholdengo
|-damage|p2a: Gholdengo|0 fnt
|faint|p2a: Gholdengo
|
|
|switch|p2a: Sneasler|Sneasler, F|100/100
|-damage|p2a: Sneasler|95/100|[from] Stealth Rock
|turn|9
|
|move|p2a: Sneasler|U-turn|p1a: Enamorus
|-resisted|p1a: Enamorus
|-damage|p1a: Enamorus|92/100
|
|switch|p2a: Samurott|Samurott-Hisui, M|1/100|[from] U-turn
|-damage|p2a: Samurott|0 fnt|[from] Stealth Rock
|faint|p2a: Samurott
|move|p1a: Enamorus|Earth Power|p2: Samurott|[notarget]
|-fail|p1a: Enamorus
|
|
|switch|p2a: Sneasler|Sneasler, F|95/100
|-damage|p2a: Sneasler|89/100|[from] Stealth Rock
|turn|10
|
|move|p2a: Sneasler|Dire Claw|p1a: Enamorus
|-supereffective|p1a: Enamorus
|-damage|p1a: Enamorus|0 fnt
|faint|p1a: Enamorus
|
|
|switch|p1a: Urshifu|Urshifu-Rapid-Strike, F|100/100
|-damage|p1a: Urshifu|76/100|[from] Spikes
|turn|11
|
|move|p2a: Sneasler|Dire Claw|p1a: Urshifu
|-damage|p1a: Urshifu|37/100
|-status|p1a: Urshifu|psn|[from] ability: Poison Touch|[of] p2a: Sneasler
|move|p1a: Urshifu|Trailblaze|p2a: Sneasler
|-resisted|p2a: Sneasler
|-damage|p2a: Sneasler|74/100
|-boost|p1a: Urshifu|spe|1
|
|-damage|p1a: Urshifu|24/100 psn|[from] psn
|turn|12
|
|move|p2a: Sneasler|Dire Claw|p1a: Urshifu
|-crit|p1a: Urshifu
|-damage|p1a: Urshifu|0 fnt
|faint|p1a: Urshifu
|
|
|switch|p1a: Kingambit|Kingambit, F|100/100
|-damage|p1a: Kingambit|76/100|[from] Spikes
|-activate|p1a: Kingambit|ability: Supreme Overlord
|-start|p1a: Kingambit|fallen4|[silent]
|turn|13
|
|switch|p2a: Ursaluna|Ursaluna, F|100/100
|-damage|p2a: Ursaluna|94/100|[from] Stealth Rock
|move|p1a: Kingambit|Swords Dance|p1a: Kingambit
|-boost|p1a: Kingambit|atk|2
|
|-status|p2a: Ursaluna|brn|[from] item: Flame Orb
|turn|14
|
|-terastallize|p1a: Kingambit|Dark
|move|p1a: Kingambit|Sucker Punch|p2a: Ursaluna
|-damage|p2a: Ursaluna|0 fnt
|faint|p2a: Ursaluna
|
|
|switch|p2a: Sneasler|Sneasler, F|74/100
|-damage|p2a: Sneasler|68/100|[from] Stealth Rock
|turn|15
|
|-end|p1a: Kingambit|fallen4|[silent]
|switch|p1a: Great Tusk|Great Tusk|93/100
|-damage|p1a: Great Tusk|68/100|[from] Spikes
|move|p2a: Sneasler|Switcheroo|p1a: Great Tusk
|-activate|p2a: Sneasler|move: Trick|[of] p1a: Great Tusk
|-item|p1a: Great Tusk|Choice Scarf|[from] move: Switcheroo
|-item|p2a: Sneasler|Leftovers|[from] move: Switcheroo
|
|-heal|p2a: Sneasler|74/100|[from] item: Leftovers
|turn|16
|
|move|p2a: Sneasler|Dire Claw|p1a: Great Tusk
|-resisted|p1a: Great Tusk
|-damage|p1a: Great Tusk|57/100
|move|p1a: Great Tusk|Earthquake|p2a: Sneasler
|-supereffective|p2a: Sneasler
|-damage|p2a: Sneasler|0 fnt
|faint|p2a: Sneasler
|
|
|switch|p2a: Dragapult|Dragapult, M, shiny|100/100
|-damage|p2a: Dragapult|88/100|[from] Stealth Rock
|turn|17
|
|move|p2a: Dragapult|Dragon Dance|p2a: Dragapult
|-boost|p2a: Dragapult|atk|1
|-boost|p2a: Dragapult|spe|1
|move|p1a: Great Tusk|Earthquake|p2a: Dragapult
|-damage|p2a: Dragapult|32/100
|
|turn|18
|
|move|p2a: Dragapult|Dragon Darts|p1a: Great Tusk
|-damage|p1a: Great Tusk|39/100
|-anim|p2a: Dragapult|Dragon Darts|p1a: Great Tusk
|-damage|p1a: Great Tusk|23/100
|move|p1a: Great Tusk|Earthquake|p2a: Dragapult
|-damage|p2a: Dragapult|0 fnt
|faint|p2a: Dragapult
|
|
|switch|p2a: Cinderace|Cinderace, F|100/100
|turn|19
|
|move|p2a: Cinderace|Pyro Ball|p1a: Great Tusk
|-damage|p1a: Great Tusk|0 fnt
|faint|p1a: Great Tusk
|-end|p1a: Great Tusk|Protosynthesis|[silent]
|
|
|switch|p1a: Kingambit|Kingambit, F, tera:Dark|76/100
|-damage|p1a: Kingambit|51/100|[from] Spikes
|-activate|p1a: Kingambit|ability: Supreme Overlord
|-start|p1a: Kingambit|fallen5|[silent]
|turn|20
|
|move|p1a: Kingambit|Sucker Punch|p2a: Cinderace
|-damage|p2a: Cinderace|0 fnt
|faint|p2a: Cinderace
|
|win|poiutghjkl
