|poke|p1|Roaring Moon|
|poke|p1|Iron Leaves|
|poke|p1|Slaking, M|
|poke|p1|Grimmsnarl, M|
|poke|p1|Blissey, F|
|poke|p1|Staraptor, M|
|poke|p2|Gholdengo|
|poke|p2|Baxcalibur, F|
|poke|p2|Slowbro, M|
|poke|p2|Rotom-Mow|
|poke|p2|Gallade, M|
|poke|p2|Bombirdier, F|
|teampreview
|
|start
|switch|p1a: Trump|Grimmsnarl, M|100/100
|switch|p2a: boom waddup|Bombirdier, F|100/100
|turn|1
|
|switch|p1a: Edgy Leamon|Roaring Moon|100/100
|-enditem|p1a: Edgy Leamon|Booster Energy
|-activate|p1a: Edgy Leamon|ability: Protosynthesis|[fromitem]
|-start|p1a: Edgy Leamon|protosynthesisatk
|move|p2a: boom waddup|U-turn|p1a: Edgy Leamon
|-supereffective|p1a: Edgy Leamon
|-damage|p1a: Edgy Leamon|46/100
|
|switch|p2a: BRRRRRRRRR|Rotom-Mow|100/100|[from] U-turn
|
|turn|2
|
|move|p1a: Edgy Leamon|Dragon Dance|p1a: Edgy Leamon
|-boost|p1a: Edgy Leamon|atk|1
|-boost|p1a: Edgy Leamon|spe|1
|move|p2a: BRRRRRRRRR|Will-O-Wisp|p1a: Edgy Leamon
|-status|p1a: Edgy Leamon|brn
|
|-damage|p1a: Edgy Leamon|40/100 brn|[from] brn
|turn|3
|
|move|p1a: Edgy Leamon|Dragon Dance|p1a: Edgy Leamon
|-boost|p1a: Edgy Leamon|atk|1
|-boost|p1a: Edgy Leamon|spe|1
|move|p2a: BRRRRRRRRR|Foul Play|p1a: Edgy Leamon
|-resisted|p1a: Edgy Leamon
|-damage|p1a: Edgy Leamon|0 fnt
|faint|p1a: Edgy Leamon
|-end|p1a: Edgy Leamon|Protosynthesis|[silent]
|
|
|switch|p1a: Free Bird|Staraptor, M|100/100
|turn|4
|
|move|p1a: Free Bird|U-turn|p2a: BRRRRRRRRR
|-supereffective|p2a: BRRRRRRRRR
|-damage|p2a: BRRRRRRRRR|22/100
|
|switch|p1a: The Wall|Blissey, F|100/100|[from] U-turn
|move|p2a: BRRRRRRRRR|Volt Switch|p1a: The Wall
|-crit|p1a: The Wall
|-damage|p1a: The Wall|89/100
|
|switch|p2a: boom waddup|Bombirdier, F|100/100|[from] Volt Switch
|
|-heal|p1a: The Wall|95/100|[from] item: Leftovers
|turn|5
|
|switch|p1a: Mr. Mindgame|Slaking, M, shiny|100/100
|move|p2a: boom waddup|Knock Off|p1a: Mr. Mindgame
|-damage|p1a: Mr. Mindgame|78/100
|-enditem|p1a: Mr. Mindgame|Leftovers|[from] move: Knock Off|[of] p2a: boom waddup
|
|turn|6
|
|switch|p2a: he chill like that|Slowbro, M|100/100
|move|p1a: Mr. Mindgame|Thunder Wave|p2a: he chill like that
|-status|p2a: he chill like that|par
|
|turn|7
|
|switch|p1a: Chevy|Iron Leaves|100/100
|-enditem|p1a: Chevy|Booster Energy
|-activate|p1a: Chevy|ability: Quark Drive|[fromitem]
|-start|p1a: Chevy|quarkdriveatk
|move|p2a: he chill like that|Body Press|p1a: Chevy
|-resisted|p1a: Chevy
|-damage|p1a: Chevy|83/100
|
|turn|8
|
|switch|p2a: Cheese|Gholdengo|100/100
|move|p1a: Chevy|Swords Dance|p1a: Chevy
|-boost|p1a: Chevy|atk|2
|
|turn|9
|
|move|p1a: Chevy|Night Slash|p2a: Cheese
|-supereffective|p2a: Cheese
|-damage|p2a: Cheese|0 fnt
|faint|p2a: Cheese
|
|
|switch|p2a: Anime Antagonist|Baxcalibur, F|100/100
|turn|10
|
|-terastallize|p2a: Anime Antagonist|Ice
|move|p2a: Anime Antagonist|Ice Shard|p1a: Chevy
|-supereffective|p1a: Chevy
|-damage|p1a: Chevy|11/100
|move|p1a: Chevy|Close Combat|p2a: Anime Antagonist
|-supereffective|p2a: Anime Antagonist
|-damage|p2a: Anime Antagonist|0 fnt
|-unboost|p1a: Chevy|def|1
|-unboost|p1a: Chevy|spd|1
|faint|p2a: Anime Antagonist
|
|
|switch|p2a: boom waddup|Bombirdier, F|100/100
|turn|11
|
|-terastallize|p1a: Chevy|Fighting
|move|p1a: Chevy|Close Combat|p2a: boom waddup
|-damage|p2a: boom waddup|0 fnt
|-unboost|p1a: Chevy|def|1
|-unboost|p1a: Chevy|spd|1
|faint|p2a: boom waddup
|
|
|switch|p2a: he chill like that|Slowbro, M|100/100 par
|turn|12
|
|move|p1a: Chevy|Leaf Blade|p2a: he chill like that
|-supereffective|p2a: he chill like that
|-damage|p2a: he chill like that|0 fnt
|faint|p2a: he chill like that
|
|
|switch|p2a: BRRRRRRRRR|Rotom-Mow|22/100
|turn|13
|
|move|p1a: Chevy|Night Slash|p2a: BRRRRRRRRR
|-damage|p2a: BRRRRRRRRR|0 fnt
|faint|p2a: BRRRRRRRRR
|
|
|switch|p2a: Anime Protagonist|Gallade, M|100/100
|turn|14
|
|move|p1a: Chevy|Night Slash|p2a: Anime Protagonist
|-damage|p2a: Anime Protagonist|0 fnt
|faint|p2a: Anime Protagonist
|
|win|F03nix
