|poke|p1|Arboliva, F|
|poke|p1|Typhlosion-Hisui, M|
|poke|p1|Quaquaval, M|
|poke|p1|Bellibolt, M|
|poke|p1|Slowking-Galar, F|
|poke|p1|Orthworm, M|
|poke|p2|Chien-Pao|
|poke|p2|Slowking-Galar, F|
|poke|p2|Ursaluna, F|
|poke|p2|Baxcalibur, M|
|poke|p2|Lilligant-Hisui, F|
|poke|p2|Volcarona, F|
|teampreview
|
|start
|switch|p1a: Amorbis|Orthworm, M|100/100
|switch|p2a: Slowking|Slowking-Galar, F|100/100
|turn|1
|
|move|p1a: Amorbis|Stealth Rock|p2a: Slowking
|-sidestart|p2: Kyubiisaan|move: Stealth Rock
|move|p2a: Slowking|Fire Blast|p1a: Amorbis
|-supereffective|p1a: Amorbis
|-damage|p1a: Amorbis|0 fnt
|faint|p1a: Amorbis
|
|
|switch|p1a: Ghost Rider|Typhlosion-Hisui, M|100/100
|turn|2
|
|switch|p2a: Ursaluna|Ursaluna, F|100/100
|-damage|p2a: Ursaluna|94/100|[from] Stealth Rock
|move|p1a: Ghost Rider|Calm Mind|p1a: Ghost Rider
|-boost|p1a: Ghost Rider|spa|1
|-boost|p1a: Ghost Rider|spd|1
|
|-status|p2a: Ursaluna|brn|[from] item: Flame Orb
|turn|3
|
|move|p1a: Ghost Rider|Focus Blast|p2a: Ursaluna
|-supereffective|p2a: Ursaluna
|-damage|p2a: Ursaluna|0 fnt
|faint|p2a: Ursaluna
|
|
|switch|p2a: Chien-Pao|Chien-Pao|100/100
|-damage|p2a: Chien-Pao|76/100|[from] Stealth Rock
|-ability|p2a: Chien-Pao|Sword of Ruin
|turn|4
|
|-terastallize|p1a: Ghost Rider|Grass
|move|p2a: Chien-Pao|Crunch|p1a: Ghost Rider
|-damage|p1a: Ghost Rider|0 fnt
|faint|p1a: Ghost Rider
|
|
|switch|p1a: Dolan|Quaquaval, M|100/100
|turn|5
|
|switch|p2a: Volcarona|Volcarona, F|100/100
|move|p1a: Dolan|Aqua Step|p2a: Volcarona
|-supereffective|p2a: Volcarona
|-damage|p2a: Volcarona|3/100
|-boost|p1a: Dolan|spe|1
|
|turn|6
|
|move|p1a: Dolan|Aqua Step|p2a: Volcarona
|-supereffective|p2a: Volcarona
|-damage|p2a: Volcarona|0 fnt
|-boost|p1a: Dolan|spe|1
|faint|p2a: Volcarona
|-ability|p1a: Dolan|Moxie|boost
|-boost|p1a: Dolan|atk|1
|
|
|switch|p2a: Lilligant|Lilligant-Hisui, F|100/100
|-damage|p2a: Lilligant|94/100|[from] Stealth Rock
|turn|7
|
|move|p1a: Dolan|Ice Spinner|p2a: Lilligant
|-supereffective|p2a: Lilligant
|-damage|p2a: Lilligant|0 fnt
|faint|p2a: Lilligant
|-ability|p1a: Dolan|Moxie|boost
|-boost|p1a: Dolan|atk|1
|
|
|switch|p2a: Slowking|Slowking-Galar, F|100/100
|-damage|p2a: Slowking|88/100|[from] Stealth Rock
|turn|8
|
|move|p1a: Dolan|Aqua Step|p2a: Slowking
|-damage|p2a: Slowking|7/100
|-boost|p1a: Dolan|spe|1
|move|p2a: Slowking|Future Sight|p1a: Dolan
|-start|p2a: Slowking|move: Future Sight
|
|-heal|p2a: Slowking|13/100|[from] item: Black Sludge
|turn|9
|
|move|p1a: Dolan|Aqua Step|p2a: Slowking
|-damage|p2a: Slowking|0 fnt
|-boost|p1a: Dolan|spe|1
|faint|p2a: Slowking
|-ability|p1a: Dolan|Moxie|boost
|-boost|p1a: Dolan|atk|1
|
|
|switch|p2a: Baxcalibur|Baxcalibur, M|100/100
|-damage|p2a: Baxcalibur|76/100|[from] Stealth Rock
|turn|10
|
|move|p1a: Dolan|Close Combat|p2a: Baxcalibur
|-supereffective|p2a: Baxcalibur
|-damage|p2a: Baxcalibur|0 fnt
|-unboost|p1a: Dolan|def|1
|-unboost|p1a: Dolan|spd|1
|faint|p2a: Baxcalibur
|-ability|p1a: Dolan|Moxie|boost
|-boost|p1a: Dolan|atk|1
|
|-end|p1a: Dolan|move: Future Sight
|-supereffective|p1a: Dolan
|-damage|p1a: Dolan|0 fnt
|faint|p1a: Dolan
|
|switch|p1a: Fat Frog|Bellibolt, M|100/100
|switch|p2a: Chien-Pao|Chien-Pao|76/100
|-damage|p2a: Chien-Pao|51/100|[from] Stealth Rock
|-ability|p2a: Chien-Pao|Sword of Ruin
|turn|11
|
|move|p2a: Chien-Pao|Crunch|p1a: Fat Frog
|-damage|p1a: Fat Frog|38/100
|-start|p1a: Fat Frog|Charge|Crunch|[from] ability: Electromorphosis
|move|p1a: Fat Frog|Parabolic Charge|p2a: Chien-Pao
|-damage|p2a: Chien-Pao|0 fnt
|-heal|p1a: Fat Frog|56/100|[from] drain|[of] p2a: Chien-Pao
|faint|p2a: Chien-Pao
|-end|p1a: Fat Frog|Charge|[silent]
|
|win|Navi987
|l|☆Kyubiisaan
