# advantage = p2
|poke|p1|Pelipper, M|
|poke|p1|Cresselia, F|
|poke|p1|Magearna|
|poke|p1|Ursaluna, M|
|poke|p1|Basculegion-F, F|
|poke|p1|Kleavor, M|
|poke|p2|Lilligant-Hisui, F|
|poke|p2|Zamazenta-*|
|poke|p2|Roaring Moon|
|poke|p2|Urshifu-*, M|
|poke|p2|Skeledirge, M|
|poke|p2|Zapdos-Galar|
|teampreview
|
|start
|switch|p1a: Kleavor|Kleavor, M, shiny|100/100
|switch|p2a: Urshifu|Urshifu-Rapid-Strike, M|100/100
|turn|1
|
|switch|p1a: Cresselia|Cresselia, F, shiny|100/100
|move|p2a: Urshifu|Surging Strikes|p1a: Cresselia
|-crit|p1a: Cresselia
|-damage|p1a: Cresselia|84/100
|-crit|p1a: Cresselia
|-damage|p1a: Cresselia|69/100
|-crit|p1a: Cresselia
|-damage|p1a: Cresselia|52/100
|-hitcount|p1a: Cresselia|3
|
|turn|2
|
|move|p2a: Urshifu|Surging Strikes|p1a: Cresselia
|-crit|p1a: Cresselia
|-damage|p1a: Cresselia|36/100
|-crit|p1a: Cresselia
|-damage|p1a: Cresselia|21/100
|-crit|p1a: Cresselia
|-damage|p1a: Cresselia|6/100
|-hitcount|p1a: Cresselia|3
|move|p1a: Cresselia|Trick Room|p1a: Cresselia
|-fieldstart|move: Trick Room|[of] p1a: Cresselia
|
|turn|3
|
|switch|p2a: Roaring Moon|Roaring Moon|100/100
|-enditem|p2a: Roaring Moon|Booster Energy
|-activate|p2a: Roaring Moon|ability: Protosynthesis|[fromitem]
|-start|p2a: Roaring Moon|protosynthesisatk
|move|p1a: Cresselia|Psychic|p2a: Roaring Moon
|-immune|p2a: Roaring Moon
|
|turn|4
|
|move|p1a: Cresselia|Lunar Dance|p1a: Cresselia
|faint|p1a: Cresselia
|move|p2a: Roaring Moon|Acrobatics|p1: Cresselia|[notarget]
|-fail|p2a: Roaring Moon
|
|
|switch|p1a: Ursaluna|Ursaluna, M, shiny|100/100
|turn|5
|
|-end|p2a: Roaring Moon|Protosynthesis|[silent]
|switch|p2a: Skeledirge|Skeledirge, M|100/100
|-terastallize|p1a: Ursaluna|Normal
|move|p1a: Ursaluna|Swords Dance|p1a: Ursaluna
|-boost|p1a: Ursaluna|atk|2
|
|-status|p1a: Ursaluna|brn|[from] item: Flame Orb
|turn|6
|
|switch|p2a: Zapdos|Zapdos-Galar|100/100
|move|p1a: Ursaluna|Headlong Rush|p2a: Zapdos
|-immune|p2a: Zapdos
|
|-damage|p1a: Ursaluna|94/100 brn|[from] brn
|-fieldend|move: Trick Room
|turn|7
|
|switch|p1a: Basculegion|Basculegion-F, F, shiny|100/100
|move|p2a: Zapdos|Thunderous Kick|p1a: Basculegion
|-immune|p1a: Basculegion
|
|turn|8
|
|switch|p2a: Roaring Moon|Roaring Moon|100/100
|move|p1a: Basculegion|Ice Beam|p2a: Roaring Moon
|-supereffective|p2a: Roaring Moon
|-damage|p2a: Roaring Moon|17/100
|-status|p2a: Roaring Moon|frz
|
|turn|9
|
|-end|p2a: Roaring Moon|Protosynthesis|[silent]
|switch|p2a: Urshifu|Urshifu-Rapid-Strike, M|100/100
|move|p1a: Basculegion|Ice Beam|p2a: Urshifu
|-resisted|p2a: Urshifu
|-damage|p2a: Urshifu|66/100
|
|turn|10
|
|move|p2a: Urshifu|Thunder Punch|p1a: Basculegion
|-supereffective|p1a: Basculegion
|-damage|p1a: Basculegion|13/100
|move|p1a: Basculegion|Ice Beam|p2a: Urshifu
|-resisted|p2a: Urshifu
|-damage|p2a: Urshifu|34/100
|
|turn|11
|
|switch|p2a: Roaring Moon|Roaring Moon|17/100 frz
|switch|p1a: Ursaluna|Ursaluna, M, shiny, tera:Normal|94/100 brn
|-heal|p1a: Ursaluna|100/100|[from] move: Lunar Dance
|
|-status|p1a: Ursaluna|brn|[from] item: Flame Orb
|turn|12
|
|-end|p2a: Roaring Moon|Protosynthesis|[silent]
|switch|p2a: Zapdos|Zapdos-Galar|100/100
|move|p1a: Ursaluna|Crunch|p2a: Zapdos
|-resisted|p2a: Zapdos
|-damage|p2a: Zapdos|72/100
|
|-damage|p1a: Ursaluna|94/100 brn|[from] brn
|turn|13
|
|switch|p1a: Pelipper|Pelipper, M, shiny|100/100
|-weather|RainDance|[from] ability: Drizzle|[of] p1a: Pelipper
|move|p2a: Zapdos|Brave Bird|p1a: Pelipper
|-damage|p1a: Pelipper|55/100
|-damage|p2a: Zapdos|57/100|[from] Recoil
|
|-weather|RainDance|[upkeep]
|turn|14
|
|move|p2a: Zapdos|Brave Bird|p1a: Pelipper
|-damage|p1a: Pelipper|11/100
|-damage|p2a: Zapdos|43/100|[from] Recoil
|move|p1a: Pelipper|Surf|p2a: Zapdos
|-damage|p2a: Zapdos|0 fnt
|faint|p2a: Zapdos
|
|-weather|RainDance|[upkeep]
|
|switch|p2a: Lilligant|Lilligant-Hisui, F|100/100
|turn|15
|
|-terastallize|p2a: Lilligant|Ghost
|move|p2a: Lilligant|Victory Dance|p2a: Lilligant
|-boost|p2a: Lilligant|atk|1
|-boost|p2a: Lilligant|def|1
|-boost|p2a: Lilligant|spe|1
|move|p1a: Pelipper|U-turn|p2a: Lilligant
|-resisted|p2a: Lilligant
|-damage|p2a: Lilligant|96/100
|
|switch|p1a: Magearna|Magearna|100/100|[from] U-turn
|
|-weather|RainDance|[upkeep]
|turn|16
|
|move|p2a: Lilligant|Close Combat|p1a: Magearna|[miss]
|-miss|p2a: Lilligant|p1a: Magearna
|move|p1a: Magearna|Trick Room|p1a: Magearna
|-fieldstart|move: Trick Room|[of] p1a: Magearna
|
|-weather|RainDance|[upkeep]
|turn|17
|
|switch|p1a: Ursaluna|Ursaluna, M, shiny, tera:Normal|94/100 brn
|move|p2a: Lilligant|Tera Blast|p1a: Ursaluna
|-immune|p1a: Ursaluna
|
|-weather|RainDance|[upkeep]
|-damage|p1a: Ursaluna|88/100 brn|[from] brn
|turn|18
|
|move|p1a: Ursaluna|Crunch|p2a: Lilligant
|-supereffective|p2a: Lilligant
|-damage|p2a: Lilligant|0 fnt
|faint|p2a: Lilligant
|
|-weather|RainDance|[upkeep]
|-damage|p1a: Ursaluna|82/100 brn|[from] brn
|
|switch|p2a: Zamazenta|Zamazenta-Crowned|100/100
|-ability|p2a: Zamazenta|Dauntless Shield|boost
|-boost|p2a: Zamazenta|def|1
|turn|19
|
|move|p1a: Ursaluna|Headlong Rush|p2a: Zamazenta
|-supereffective|p2a: Zamazenta
|-damage|p2a: Zamazenta|8/100
|-unboost|p1a: Ursaluna|def|1
|-unboost|p1a: Ursaluna|spd|1
|move|p2a: Zamazenta|Body Press|p1a: Ursaluna
|-supereffective|p1a: Ursaluna
|-damage|p1a: Ursaluna|0 fnt
|faint|p1a: Ursaluna
|
|-weather|RainDance|[upkeep]
|
|switch|p1a: Magearna|Magearna|100/100
|turn|20
|
|switch|p2a: Skeledirge|Skeledirge, M|100/100
|move|p1a: Magearna|Thunderbolt|p2a: Skeledirge
|-damage|p2a: Skeledirge|76/100
|
|-weather|none
|-fieldend|move: Trick Room
|turn|21
|
|switch|p1a: Kleavor|Kleavor, M, shiny|100/100
|move|p2a: Skeledirge|Torch Song|p1a: Kleavor
|-damage|p1a: Kleavor|55/100
|-boost|p2a: Skeledirge|spa|1
|
|turn|22
|
|switch|p2a: Roaring Moon|Roaring Moon|17/100 frz
|move|p1a: Kleavor|Stone Axe|p2a: Roaring Moon|[miss]
|-miss|p1a: Kleavor|p2a: Roaring Moon
|
|turn|23
|
|-end|p2a: Roaring Moon|Protosynthesis|[silent]
|switch|p2a: Zamazenta|Zamazenta-Crowned|8/100
|move|p1a: Kleavor|Stone Axe|p2a: Zamazenta
|-resisted|p2a: Zamazenta
|-damage|p2a: Zamazenta|0 fnt
|-sidestart|p2: p2|move: Stealth Rock
|faint|p2a: Zamazenta
|
|
|switch|p2a: Urshifu|Urshifu-Rapid-Strike, M|34/100
|-damage|p2a: Urshifu|28/100|[from] Stealth Rock
|turn|24
|
|move|p1a: Kleavor|Stone Axe|p2a: Urshifu
|-resisted|p2a: Urshifu
|-damage|p2a: Urshifu|4/100
|move|p2a: Urshifu|Surging Strikes|p1a: Kleavor
|-supereffective|p1a: Kleavor
|-crit|p1a: Kleavor
|-damage|p1a: Kleavor|0 fnt
|faint|p1a: Kleavor
|-hitcount|p1: Kleavor|1
|
|
|switch|p1a: Magearna|Magearna|100/100
|turn|25
|
|move|p2a: Urshifu|Surging Strikes|p1a: Magearna
|-crit|p1a: Magearna
|-damage|p1a: Magearna|77/100
|-crit|p1a: Magearna
|-damage|p1a: Magearna|54/100
|-crit|p1a: Magearna
|-damage|p1a: Magearna|30/100
|-hitcount|p1a: Magearna|3
|move|p1a: Magearna|Trick Room|p1a: Magearna
|-fieldstart|move: Trick Room|[of] p1a: Magearna
|
|-heal|p1a: Magearna|36/100|[from] item: Leftovers
|turn|26
|
|move|p1a: Magearna|Thunderbolt|p2a: Urshifu
|-supereffective|p2a: Urshifu
|-damage|p2a: Urshifu|0 fnt
|faint|p2a: Urshifu
|-ability|p1a: Magearna|Soul-Heart|boost
|-boost|p1a: Magearna|spa|1
|
|-heal|p1a: Magearna|42/100|[from] item: Leftovers
|
|switch|p2a: Skeledirge|Skeledirge, M|76/100
|turn|27
|
|move|p1a: Magearna|Thunderbolt|p2a: Skeledirge
|-damage|p2a: Skeledirge|50/100
|move|p2a: Skeledirge|Shadow Ball|p1a: Magearna
|-damage|p1a: Magearna|18/100
|-unboost|p1a: Magearna|spd|1
|
|-heal|p1a: Magearna|24/100|[from] item: Leftovers
|turn|28
|
|move|p1a: Magearna|Thunderbolt|p2a: Skeledirge
|-damage|p2a: Skeledirge|25/100
|move|p2a: Skeledirge|Slack Off|p2a: Skeledirge
|-heal|p2a: Skeledirge|75/100
|
|-heal|p1a: Magearna|30/100|[from] item: Leftovers
|turn|29
|
|switch|p2a: Roaring Moon|Roaring Moon|17/100 frz
|-damage|p2a: Roaring Moon|4/100 frz|[from] Stealth Rock
|move|p1a: Magearna|Thunderbolt|p2a: Roaring Moon
|-resisted|p2a: Roaring Moon
|-damage|p2a: Roaring Moon|0 fnt
|faint|p2a: Roaring Moon
|-ability|p1a: Magearna|Soul-Heart|boost
|-boost|p1a: Magearna|spa|1
|-end|p2a: Roaring Moon|Protosynthesis|[silent]
|
|-heal|p1a: Magearna|36/100|[from] item: Leftovers
|-fieldend|move: Trick Room
|
|switch|p2a: Skeledirge|Skeledirge, M|75/100
|turn|30
|
|move|p2a: Skeledirge|Torch Song|p1a: Magearna
|-supereffective|p1a: Magearna
|-damage|p1a: Magearna|0 fnt
|-boost|p2a: Skeledirge|spa|1
|faint|p1a: Magearna
|
|
|switch|p1a: Basculegion|Basculegion-F, F, shiny|13/100
|turn|31
|
|move|p1a: Basculegion|Surf|p2a: Skeledirge
|-supereffective|p2a: Skeledirge
|-damage|p2a: Skeledirge|0 fnt
|faint|p2a: Skeledirge
|
|win|p1
