# advantage = p2
|poke|p1|Ursaluna, F|
|poke|p1|Magearna|
|poke|p1|Hatterene, F|
|poke|p1|Great Tusk|
|poke|p1|Meowscarada, F|
|poke|p1|Heatran, F|
|poke|p2|Toxapex, F|
|poke|p2|Landorus-Therian, M|
|poke|p2|Urshifu-*, F|
|poke|p2|Pelipper, F|
|poke|p2|Zapdos|
|poke|p2|Braviary-Hisui, M|
|teampreview
|
|start
|switch|p1a: Meowscarada|Meowscarada, F|100/100
|switch|p2a: Pelipper|Pelipper, F|100/100
|-weather|RainDance|[from] ability: Drizzle|[of] p2a: Pelipper
|turn|1
|
|move|p2a: Pelipper|U-turn|p1a: Meowscarada
|-supereffective|p1a: Meowscarada
|-damage|p1a: Meowscarada|60/100
|
|switch|p2a: Zapdos|Zapdos|100/100|[from] U-turn
|move|p1a: Meowscarada|Trick Room|p1a: Meowscarada
|-fieldstart|move: Trick Room|[of] p1a: Meowscarada
|
|-weather|RainDance|[upkeep]
|turn|2
|
|move|p1a: Meowscarada|Spikes|p2a: Zapdos
|-sidestart|p2: p2|Spikes
|move|p2a: Zapdos|Hurricane|p1a: Meowscarada
|-supereffective|p1a: Meowscarada
|-damage|p1a: Meowscarada|0 fnt
|faint|p1a: Meowscarada
|
|-weather|RainDance|[upkeep]
|
|switch|p1a: Ursaluna|Ursaluna, F|100/100
|turn|3
|
|move|p1a: Ursaluna|Facade|p2a: Zapdos
|-damage|p2a: Zapdos|55/100
|move|p2a: Zapdos|Hurricane|p1a: Ursaluna
|-damage|p1a: Ursaluna|45/100
|
|-weather|RainDance|[upkeep]
|-status|p1a: Ursaluna|brn|[from] item: Flame Orb
|turn|4
|
|move|p1a: Ursaluna|Facade|p2a: Zapdos
|-damage|p2a: Zapdos|0 fnt
|faint|p2a: Zapdos
|
|-weather|RainDance|[upkeep]
|-damage|p1a: Ursaluna|39/100 brn|[from] brn
|
|switch|p2a: Landorus|Landorus-Therian, M|100/100
|-ability|p2a: Landorus|Intimidate|boost
|-unboost|p1a: Ursaluna|atk|1
|turn|5
|
|move|p2a: Landorus|Protect|p2a: Landorus
|-singleturn|p2a: Landorus|Protect
|move|p1a: Ursaluna|Facade|p2a: Landorus
|-activate|p2a: Landorus|move: Protect
|
|-weather|RainDance|[upkeep]
|-damage|p1a: Ursaluna|33/100 brn|[from] brn
|-fieldend|move: Trick Room
|turn|6
|
|switch|p1a: Great Tusk|Great Tusk|100/100
|move|p2a: Landorus|Earthquake|p1a: Great Tusk
|-damage|p1a: Great Tusk|64/100
|
|-weather|RainDance|[upkeep]
|turn|7
|
|move|p2a: Landorus|Stealth Rock|p1a: Great Tusk
|-sidestart|p1: p1|move: Stealth Rock
|move|p1a: Great Tusk|Knock Off|p2a: Landorus
|-damage|p2a: Landorus|53/100
|-enditem|p2a: Landorus|Heavy-Duty Boots|[from] move: Knock Off|[of] p1a: Great Tusk
|
|-weather|RainDance|[upkeep]
|turn|8
|
|move|p2a: Landorus|Protect|p2a: Landorus
|-singleturn|p2a: Landorus|Protect
|move|p1a: Great Tusk|Knock Off|p2a: Landorus
|-activate|p2a: Landorus|move: Protect
|
|-weather|none
|turn|9
|
|move|p2a: Landorus|Earthquake|p1a: Great Tusk
|-crit|p1a: Great Tusk
|-damage|p1a: Great Tusk|7/100
|move|p1a: Great Tusk|Knock Off|p2a: Landorus
|-damage|p2a: Landorus|25/100
|
|turn|10
|
|move|p2a: Landorus|Earthquake|p1a: Great Tusk
|-damage|p1a: Great Tusk|0 fnt
|faint|p1a: Great Tusk
|-end|p1a: Great Tusk|Protosynthesis|[silent]
|
|
|switch|p1a: Hatterene|Hatterene, F|100/100
|turn|11
|
|move|p2a: Landorus|U-turn|p1a: Hatterene
|-damage|p1a: Hatterene|69/100
|
|switch|p2a: Toxapex|Toxapex, F|100/100|[from] U-turn
|-damage|p2a: Toxapex|88/100|[from] Spikes
|move|p1a: Hatterene|Trick Room|p1a: Hatterene
|-fieldstart|move: Trick Room|[of] p1a: Hatterene
|
|-heal|p2a: Toxapex|94/100|[from] item: Leftovers
|turn|12
|
|move|p1a: Hatterene|Healing Wish|p1a: Hatterene
|faint|p1a: Hatterene
|move|p2a: Toxapex|Toxic|p1: Hatterene|[notarget]
|-fail|p2a: Toxapex
|
|-heal|p2a: Toxapex|99/100|[from] item: Leftovers
|
|switch|p1a: Ursaluna|Ursaluna, F|33/100 brn
|-heal|p1a: Ursaluna|100/100|[from] move: Healing Wish
|-damage|p1a: Ursaluna|94/100|[from] Stealth Rock
|turn|13
|
|switch|p2a: Landorus|Landorus-Therian, M|25/100
|-ability|p2a: Landorus|Intimidate|boost
|-unboost|p1a: Ursaluna|atk|1
|move|p1a: Ursaluna|Swords Dance|p1a: Ursaluna
|-boost|p1a: Ursaluna|atk|2
|
|-status|p1a: Ursaluna|brn|[from] item: Flame Orb
|turn|14
|
|move|p1a: Ursaluna|Facade|p2a: Landorus
|-damage|p2a: Landorus|0 fnt
|faint|p2a: Landorus
|
|-damage|p1a: Ursaluna|88/100 brn|[from] brn
|
|switch|p2a: Toxapex|Toxapex, F|100/100
|-damage|p2a: Toxapex|88/100|[from] Spikes
|turn|15
|
|move|p1a: Ursaluna|Facade|p2a: Toxapex
|-damage|p2a: Toxapex|0 fnt
|faint|p2a: Toxapex
|
|-damage|p1a: Ursaluna|82/100 brn|[from] brn
|-fieldend|move: Trick Room
|
|switch|p2a: Pelipper|Pelipper, F|100/100
|-weather|RainDance|[from] ability: Drizzle|[of] p2a: Pelipper
|turn|16
|
|switch|p1a: Heatran|Heatran, F|100/100
|-damage|p1a: Heatran|88/100|[from] Stealth Rock
|move|p2a: Pelipper|Surf|p1a: Heatran
|-supereffective|p1a: Heatran
|-damage|p1a: Heatran|14/100
|
|-weather|RainDance|[upkeep]
|turn|17
|
|move|p2a: Pelipper|Surf|p1a: Heatran
|-supereffective|p1a: Heatran
|-damage|p1a: Heatran|0 fnt
|faint|p1a: Heatran
|
|-weather|RainDance|[upkeep]
|
|switch|p1a: Magearna|Magearna|100/100
|-damage|p1a: Magearna|94/100|[from] Stealth Rock
|turn|18
|
|move|p2a: Pelipper|Surf|p1a: Magearna
|-damage|p1a: Magearna|54/100
|move|p1a: Magearna|Trick Room|p1a: Magearna
|-fieldstart|move: Trick Room|[of] p1a: Magearna
|
|-weather|RainDance|[upkeep]
|turn|19
|
|move|p1a: Magearna|Fleur Cannon|p2a: Pelipper
|-damage|p2a: Pelipper|0 fnt
|-unboost|p1a: Magearna|spa|2
|-enditem|p1a: Magearna|Eject Pack
|faint|p2a: Pelipper
|-ability|p1a: Magearna|Soul-Heart|boost
|-boost|p1a: Magearna|spa|1
|
|switch|p1a: Ursaluna|Ursaluna, F|82/100 brn
|-damage|p1a: Ursaluna|76/100 brn|[from] Stealth Rock
|
|-weather|RainDance|[upkeep]
|-damage|p1a: Ursaluna|70/100 brn|[from] brn
|
|switch|p2a: Urshifu|Urshifu-Rapid-Strike, F|100/100
|-damage|p2a: Urshifu|88/100|[from] Spikes
|turn|20
|
|-terastallize|p2a: Urshifu|Water
|move|p2a: Urshifu|Aqua Jet|p1a: Ursaluna
|-supereffective|p1a: Ursaluna
|-damage|p1a: Ursaluna|8/100 brn
|move|p1a: Ursaluna|Facade|p2a: Urshifu
|-damage|p2a: Urshifu|0 fnt
|faint|p2a: Urshifu
|
|-weather|RainDance|[upkeep]
|-damage|p1a: Ursaluna|2/100 brn|[from] brn
|
|switch|p2a: Braviary|Braviary-Hisui, M|100/100
|turn|21
|
|move|p1a: Ursaluna|Facade|p2a: Braviary
|-damage|p2a: Braviary|0 fnt
|faint|p2a: Braviary
|
|win|p1
