|poke|p1|Chien-Pao|
|poke|p1|Dragonite, F|
|poke|p1|Landorus-Therian, M|
|poke|p1|Heatran, F|
|poke|p1|Toxapex, F|
|poke|p1|Gholdengo|
|poke|p2|Magearna|
|poke|p2|Dragapult, M|
|poke|p2|Samurott-Hisui, M|
|poke|p2|Volcarona, M|
|poke|p2|Urshifu-*, M|
|poke|p2|Hawlucha, F|
|teampreview
|
|start
|switch|p1a: Kagami|Toxapex, F, shiny|100/100
|switch|p2a: Dragapult|Dragapult, M|100/100
|turn|1
|
|move|p1a: Kagami|Baneful Bunker|p1a: Kagami
|-singleturn|p1a: Kagami|move: Protect
|move|p2a: Dragapult|Light Screen|p2a: Dragapult
|-sidestart|p2: throwawayacct2001|move: Light Screen
|
|turn|2
|
|move|p2a: Dragapult|Reflect|p2a: Dragapult
|-sidestart|p2: throwawayacct2001|Reflect
|move|p1a: Kagami|Toxic Spikes|p2a: Dragapult
|-sidestart|p2: throwawayacct2001|move: Toxic Spikes
|
|turn|3
|
|switch|p2a: Magearna|Magearna|100/100
|move|p1a: Kagami|Toxic Spikes|p2a: Magearna
|-sidestart|p2: throwawayacct2001|move: Toxic Spikes
|
|turn|4
|
|switch|p1a: Valefar|Gholdengo|100/100
|move|p2a: Magearna|Shift Gear|p2a: Magearna
|-boost|p2a: Magearna|spe|2
|-boost|p2a: Magearna|atk|1
|
|turn|5
|
|move|p1a: Valefar|Trick|p2a: Magearna
|-activate|p1a: Valefar|move: Trick|[of] p2a: Magearna
|-item|p2a: Magearna|Choice Scarf|[from] move: Trick
|-item|p1a: Valefar|Weakness Policy|[from] move: Trick
|move|p2a: Magearna|Shift Gear|p2a: Magearna
|-boost|p2a: Magearna|spe|2
|-boost|p2a: Magearna|atk|1
|
|turn|6
|
|switch|p2a: Samurott|Samurott-Hisui, M|100/100
|-status|p2a: Samurott|tox
|switch|p1a: Kagami|Toxapex, F, shiny|100/100
|
|-damage|p2a: Samurott|94/100 tox|[from] psn
|turn|7
|
|move|p1a: Kagami|Baneful Bunker|p1a: Kagami
|-singleturn|p1a: Kagami|move: Protect
|move|p2a: Samurott|Ceaseless Edge|p1a: Kagami
|-activate|p1a: Kagami|move: Protect
|
|-damage|p2a: Samurott|82/100 tox|[from] psn
|turn|8
|
|move|p2a: Samurott|Ceaseless Edge|p1a: Kagami
|-damage|p1a: Kagami|63/100
|-sidestart|p1: Quarters_OU|Spikes
|-damage|p2a: Samurott|65/100 tox|[from] item: Rocky Helmet|[of] p1a: Kagami
|-damage|p2a: Samurott|55/100 tox|[from] item: Life Orb
|move|p1a: Kagami|Recover|p1a: Kagami
|-heal|p1a: Kagami|100/100
|
|-damage|p2a: Samurott|37/100 tox|[from] psn
|-sideend|p2: throwawayacct2001|move: Light Screen
|turn|9
|
|move|p1a: Kagami|Baneful Bunker|p1a: Kagami
|-singleturn|p1a: Kagami|move: Protect
|move|p2a: Samurott|Swords Dance|p2a: Samurott
|-boost|p2a: Samurott|atk|2
|
|-damage|p2a: Samurott|12/100 tox|[from] psn
|-sideend|p2: throwawayacct2001|Reflect
|turn|10
|
|move|p2a: Samurott|Ceaseless Edge|p1a: Kagami
|-damage|p1a: Kagami|31/100
|-sidestart|p1: Quarters_OU|Spikes
|-damage|p2a: Samurott|0 fnt|[from] item: Rocky Helmet|[of] p1a: Kagami
|faint|p2a: Samurott
|move|p1a: Kagami|Recover|p1a: Kagami
|-heal|p1a: Kagami|81/100
|
|
|switch|p2a: Urshifu|Urshifu-Rapid-Strike, M|100/100
|-status|p2a: Urshifu|tox
|turn|11
|
|-terastallize|p2a: Urshifu|Electric
|move|p2a: Urshifu|Tera Blast|p1a: Kagami
|-supereffective|p1a: Kagami
|-damage|p1a: Kagami|1/100
|move|p1a: Kagami|Haze|p1a: Kagami
|-clearallboost
|
|-damage|p2a: Urshifu|94/100 tox|[from] psn
|turn|12
|
|switch|p2a: Hawlucha|Hawlucha, F|100/100
|move|p1a: Kagami|Baneful Bunker||[still]
|-fail|p1a: Kagami
|
|turn|13
|
|move|p1a: Kagami|Baneful Bunker|p1a: Kagami
|-singleturn|p1a: Kagami|move: Protect
|move|p2a: Hawlucha|Brave Bird|p1a: Kagami
|-activate|p1a: Kagami|move: Protect
|-status|p2a: Hawlucha|psn
|
|-damage|p2a: Hawlucha|88/100 psn|[from] psn
|turn|14
|
|switch|p1a: Kairi|Dragonite, F|100/100
|move|p2a: Hawlucha|Swords Dance|p2a: Hawlucha
|-boost|p2a: Hawlucha|atk|2
|
|-damage|p2a: Hawlucha|76/100 psn|[from] psn
|turn|15
|
|move|p2a: Hawlucha|Brave Bird|p1a: Kairi
|-damage|p1a: Kairi|42/100
|-damage|p2a: Hawlucha|55/100 psn|[from] Recoil
|move|p1a: Kairi|Dragon Dance|p1a: Kairi
|-boost|p1a: Kairi|atk|1
|-boost|p1a: Kairi|spe|1
|
|-damage|p2a: Hawlucha|42/100 psn|[from] psn
|turn|16
|
|-terastallize|p1a: Kairi|Normal
|move|p1a: Kairi|Extreme Speed|p2a: Hawlucha
|-damage|p2a: Hawlucha|0 fnt
|faint|p2a: Hawlucha
|
|
|switch|p2a: Dragapult|Dragapult, M|100/100
|-status|p2a: Dragapult|tox
|turn|17
|
|move|p1a: Kairi|Earthquake|p2a: Dragapult
|-damage|p2a: Dragapult|45/100 tox
|move|p2a: Dragapult|Reflect|p2a: Dragapult
|-sidestart|p2: throwawayacct2001|Reflect
|
|-damage|p2a: Dragapult|39/100 tox|[from] psn
|turn|18
|
|move|p1a: Kairi|Earthquake|p2a: Dragapult
|-damage|p2a: Dragapult|6/100 tox
|move|p2a: Dragapult|U-turn|p1a: Kairi
|-damage|p1a: Kairi|23/100
|
|switch|p2a: Magearna|Magearna|100/100|[from] U-turn
|
|turn|19
|
|move|p1a: Kairi|Earthquake|p2a: Magearna
|-supereffective|p2a: Magearna
|-damage|p2a: Magearna|50/100
|move|p2a: Magearna|Aura Sphere|p1a: Kairi
|-supereffective|p1a: Kairi
|-damage|p1a: Kairi|0 fnt
|faint|p1a: Kairi
|-ability|p2a: Magearna|Soul-Heart|boost
|-boost|p2a: Magearna|spa|1
|
|-message|throwawayacct2001 forfeited.
|
|win|Quarters_OU
|l|☆throwawayacct2001
