# advantage = p1
|poke|p1|Lilligant-Hisui, F|
|poke|p1|Zoroark-Hisui, M|
|poke|p1|Decidueye-Hisui, M|
|poke|p1|Sneasler, F|
|poke|p1|Ursaluna, M|
|poke|p1|Braviary-Hisui, M|
|poke|p2|Decidueye-Hisui, M|
|poke|p2|Dragonite, M|
|poke|p2|Magearna|
|poke|p2|Great Tusk|
|poke|p2|Clodsire, M|
|poke|p2|Greninja, F|
|teampreview
|
|start
|switch|p1a: Lily|Lilligant-Hisui, F, shiny|100/100
|switch|p2a: froge!!!|Greninja, F|100/100
|turn|1
|
|move|p2a: froge!!!|Extrasensory|p1a: Lily
|-start|p2a: froge!!!|typechange|Psychic|[from] ability: Protean
|-supereffective|p1a: Lily
|-enditem|p1a: Lily|Focus Sash
|-damage|p1a: Lily|1/100
|move|p1a: Lily|Leaf Blade|p2a: froge!!!
|-damage|p2a: froge!!!|28/100
|
|turn|2
|
|switch|p1a: Ursaluna|Ursaluna, M, shiny|100/100
|move|p2a: froge!!!|Dark Pulse|p1a: Ursaluna
|-damage|p1a: Ursaluna|87/100
|
|turn|3
|
|move|p2a: froge!!!|Ice Beam|p1a: Ursaluna
|-supereffective|p1a: Ursaluna
|-damage|p1a: Ursaluna|56/100
|move|p1a: Ursaluna|Play Rough|p2a: froge!!!
|-damage|p2a: froge!!!|0 fnt
|faint|p2a: froge!!!
|
|
|switch|p2a: dragon deez|Dragonite, M|100/100
|turn|4
|
|move|p2a: dragon deez|Dragon Claw|p1a: Ursaluna
|-damage|p1a: Ursaluna|22/100
|move|p1a: Ursaluna|Ice Punch|p2a: dragon deez
|-supereffective|p2a: dragon deez
|-damage|p2a: dragon deez|35/100
|-enditem|p2a: dragon deez|Weakness Policy
|-boost|p2a: dragon deez|atk|2|[from] item: Weakness Policy
|-boost|p2a: dragon deez|spa|2|[from] item: Weakness Policy
|
|turn|5
|
|move|p2a: dragon deez|Dragon Claw|p1a: Ursaluna
|-damage|p1a: Ursaluna|0 fnt
|faint|p1a: Ursaluna
|
|
|switch|p1a: Lily|Lilligant-Hisui, F, shiny|1/100
|turn|6
|
|move|p2a: dragon deez|Extreme Speed|p1a: Lily
|-damage|p1a: Lily|0 fnt
|faint|p1a: Lily
|
|
|switch|p1a: Decidueye|Decidueye-Hisui, M, shiny|100/100
|turn|7
|
|move|p1a: Decidueye|Hyper Voice|p2a: dragon deez
|-damage|p2a: dragon deez|0 fnt
|faint|p2a: dragon deez
|-damage|p1a: Decidueye|91/100|[from] item: Life Orb
|
|
|switch|p2a: Manny|Great Tusk|100/100
|turn|8
|
|switch|p1a: Braviary|Braviary-Hisui, M, shiny|100/100
|move|p2a: Manny|Headlong Rush|p1a: Braviary
|-immune|p1a: Braviary
|
|turn|9
|
|-end|p2a: Manny|Protosynthesis|[silent]
|switch|p2a: Robots (2005)|Magearna|100/100
|move|p1a: Braviary|Esper Wing|p2a: Robots (2005)
|-resisted|p2a: Robots (2005)
|-damage|p2a: Robots (2005)|60/100
|-boost|p1a: Braviary|spe|1
|-damage|p1a: Braviary|91/100|[from] item: Life Orb
|
|turn|10
|
|move|p1a: Braviary|Calm Mind|p1a: Braviary
|-boost|p1a: Braviary|spa|1
|-boost|p1a: Braviary|spd|1
|move|p2a: Robots (2005)|Pain Split|p1a: Braviary
|-sethp|p1a: Braviary|75/100|[from] move: Pain Split|[silent]
|-sethp|p2a: Robots (2005)|75/100|[from] move: Pain Split
|
|turn|11
|
|move|p1a: Braviary|Calm Mind|p1a: Braviary
|-boost|p1a: Braviary|spa|1
|-boost|p1a: Braviary|spd|1
|move|p2a: Robots (2005)|Flash Cannon|p1a: Braviary
|-damage|p1a: Braviary|45/100
|
|turn|12
|
|move|p1a: Braviary|Roost|p1a: Braviary
|-heal|p1a: Braviary|95/100
|-singleturn|p1a: Braviary|move: Roost
|move|p2a: Robots (2005)|Volt Switch|p1a: Braviary
|-damage|p1a: Braviary|78/100
|
|switch|p2a: finley|Clodsire, M|100/100|[from] Volt Switch
|
|turn|13
|
|move|p1a: Braviary|Esper Wing|p2a: finley
|-supereffective|p2a: finley
|-damage|p2a: finley|41/100
|-boost|p1a: Braviary|spe|1
|-damage|p1a: Braviary|68/100|[from] item: Life Orb
|move|p2a: finley|Stealth Rock|p1a: Braviary
|-sidestart|p1: p1|move: Stealth Rock
|
|-heal|p2a: finley|47/100|[from] item: Leftovers
|turn|14
|
|-terastallize|p2a: finley|Water
|move|p1a: Braviary|Esper Wing|p2a: finley
|-damage|p2a: finley|16/100
|-boost|p1a: Braviary|spe|1
|-damage|p1a: Braviary|58/100|[from] item: Life Orb
|move|p2a: finley|Toxic|p1a: Braviary
|-status|p1a: Braviary|tox
|
|-heal|p2a: finley|22/100|[from] item: Leftovers
|-damage|p1a: Braviary|52/100 tox|[from] psn
|turn|15
|
|switch|p2a: Robots (2005)|Magearna|75/100
|move|p1a: Braviary|Esper Wing|p2a: Robots (2005)
|-resisted|p2a: Robots (2005)
|-damage|p2a: Robots (2005)|0 fnt
|-boost|p1a: Braviary|spe|1
|faint|p2a: Robots (2005)
|-damage|p1a: Braviary|42/100 tox|[from] item: Life Orb
|
|-damage|p1a: Braviary|30/100 tox|[from] psn
|
|switch|p2a: cool bird|Decidueye-Hisui, M, shiny|100/100
|turn|16
|
|move|p2a: cool bird|Sucker Punch||[still]
|-fail|p2a: cool bird
|move|p1a: Braviary|Roost|p1a: Braviary
|-heal|p1a: Braviary|80/100 tox
|-singleturn|p1a: Braviary|move: Roost
|
|-damage|p1a: Braviary|62/100 tox|[from] psn
|turn|17
|
|-terastallize|p1a: Braviary|Fire
|move|p2a: cool bird|Sucker Punch|p1a: Braviary
|-damage|p1a: Braviary|21/100 tox
|-damage|p2a: cool bird|90/100|[from] item: Life Orb
|move|p1a: Braviary|Air Slash|p2a: cool bird|[miss]
|-miss|p1a: Braviary|p2a: cool bird
|
|-damage|p1a: Braviary|0 fnt|[from] psn
|faint|p1a: Braviary
|
|switch|p1a: Sneasler|Sneasler, F|100/100
|-damage|p1a: Sneasler|95/100|[from] Stealth Rock
|turn|18
|
|move|p1a: Sneasler|Dire Claw|p2a: cool bird
|-supereffective|p2a: cool bird
|-damage|p2a: cool bird|2/100
|-status|p2a: cool bird|psn
|move|p2a: cool bird|Triple Arrows|p1a: Sneasler
|-resisted|p1a: Sneasler
|-damage|p1a: Sneasler|40/100
|-unboost|p1a: Sneasler|def|1
|-damage|p2a: cool bird|0 fnt|[from] item: Life Orb
|faint|p2a: cool bird
|
|
|switch|p2a: Manny|Great Tusk|100/100
|turn|19
|
|move|p1a: Sneasler|Dire Claw|p2a: Manny
|-resisted|p2a: Manny
|-damage|p2a: Manny|85/100
|-status|p2a: Manny|par
|move|p2a: Manny|Headlong Rush|p1a: Sneasler
|-supereffective|p1a: Sneasler
|-damage|p1a: Sneasler|0 fnt
|-unboost|p2a: Manny|def|1
|-unboost|p2a: Manny|spd|1
|faint|p1a: Sneasler
|
|
|switch|p1a: Decidueye|Decidueye-Hisui, M, shiny|100/100
|-damage|p1a: Decidueye|94/100|[from] Stealth Rock
|turn|20
|
|move|p1a: Decidueye|Leaf Blade|p2a: Manny
|-supereffective|p2a: Manny
|-damage|p2a: Manny|0 fnt
|faint|p2a: Manny
|-end|p2a: Manny|Protosynthesis|[silent]
|
|
|switch|p2a: finley|Clodsire, M, tera:Water|22/100
|turn|21
|
|move|p1a: Decidueye|Leaf Blade|p2a: finley
|-supereffective|p2a: finley
|-damage|p2a: finley|0 fnt
|faint|p2a: finley
|
|win|p1
