|poke|p1|Kleavor, F|
|poke|p1|Rotom-Wash|
|poke|p1|Skeledirge, F|
|poke|p1|Corviknight, F|
|poke|p1|Braviary-Hisui, M|
|poke|p1|Scream Tail|
|poke|p2|Gholdengo|
|poke|p2|Iron Valiant|
|poke|p2|Quaquaval, M|
|poke|p2|Tinkaton, F|
|poke|p2|Maushold-Four|
|poke|p2|Ceruledge, F|
|teampreview
|
|start
|switch|p1a: Kleavor|Kleavor, F|100/100
|switch|p2a: Big Steppy|Quaquaval, M|100/100
|turn|1
|
|move|p1a: Kleavor|U-turn|p2a: Big Steppy
|-resisted|p2a: Big Steppy
|-damage|p2a: Big Steppy|77/100
|
|switch|p1a: Corviknight|Corviknight, F|100/100|[from] U-turn
|-ability|p1a: Corviknight|Pressure
|move|p2a: Big Steppy|Aqua Step|p1a: Corviknight
|-damage|p1a: Corviknight|58/100
|-boost|p2a: Big Steppy|spe|1
|
|-heal|p1a: Corviknight|65/100|[from] item: Leftovers
|turn|2
|
|move|p2a: Big Steppy|Aqua Step|p1a: Corviknight
|-damage|p1a: Corviknight|25/100
|-boost|p2a: Big Steppy|spe|1
|move|p1a: Corviknight|Brave Bird|p2a: Big Steppy
|-supereffective|p2a: Big Steppy
|-damage|p2a: Big Steppy|0 fnt
|faint|p2a: Big Steppy
|-damage|p1a: Corviknight|5/100|[from] Recoil
|
|-heal|p1a: Corviknight|11/100|[from] item: Leftovers
|
|switch|p2a: Thunk|Tinkaton, F|100/100
|-ability|p2a: Thunk|Mold Breaker
|turn|3
|
|switch|p1a: Rotom|Rotom-Wash|100/100
|move|p2a: Thunk|Fake Out|p1a: Rotom
|-damage|p1a: Rotom|90/100
|
|-heal|p1a: Rotom|97/100|[from] item: Leftovers
|turn|4
|
|move|p2a: Thunk|Stealth Rock|p1a: Rotom
|-sidestart|p1: krossem|move: Stealth Rock
|move|p1a: Rotom|Thunderbolt|p2a: Thunk
|-damage|p2a: Thunk|69/100
|
|-heal|p1a: Rotom|100/100|[from] item: Leftovers
|turn|5
|
|move|p2a: Thunk|Gigaton Hammer|p1a: Rotom
|-resisted|p1a: Rotom
|-damage|p1a: Rotom|86/100
|move|p1a: Rotom|Thunder Wave|p2a: Thunk
|-status|p2a: Thunk|par
|
|-heal|p1a: Rotom|92/100|[from] item: Leftovers
|turn|6
|
|move|p1a: Rotom|Hydro Pump|p2a: Thunk
|-damage|p2a: Thunk|27/100 par
|-enditem|p2a: Thunk|Sitrus Berry|[eat]
|-heal|p2a: Thunk|52/100 par|[from] item: Sitrus Berry
|move|p2a: Thunk|Play Rough|p1a: Rotom
|-damage|p1a: Rotom|57/100
|
|-heal|p1a: Rotom|64/100|[from] item: Leftovers
|turn|7
|
|move|p1a: Rotom|Thunderbolt|p2a: Thunk
|-damage|p2a: Thunk|20/100 par
|move|p2a: Thunk|Gigaton Hammer|p1a: Rotom
|-resisted|p1a: Rotom
|-damage|p1a: Rotom|48/100
|
|-heal|p1a: Rotom|54/100|[from] item: Leftovers
|turn|8
|
|move|p1a: Rotom|Thunderbolt|p2a: Thunk
|-damage|p2a: Thunk|0 fnt
|faint|p2a: Thunk
|
|-heal|p1a: Rotom|60/100|[from] item: Leftovers
|
|switch|p2a: Maustake|Maushold-Four|100/100
|turn|9
|
|move|p1a: Rotom|Protect|p1a: Rotom
|-singleturn|p1a: Rotom|Protect
|move|p2a: Maustake|Population Bomb|p1a: Rotom
|-activate|p1a: Rotom|move: Protect
|
|-heal|p1a: Rotom|66/100|[from] item: Leftovers
|turn|10
|
|switch|p1a: Skeledirge|Skeledirge, F|100/100
|move|p2a: Maustake|Population Bomb|p1a: Skeledirge
|-immune|p1a: Skeledirge
|
|turn|11
|
|move|p2a: Maustake|Bite|p1a: Skeledirge
|-supereffective|p1a: Skeledirge
|-damage|p1a: Skeledirge|70/100
|move|p1a: Skeledirge|Torch Song|p2a: Maustake
|-damage|p2a: Maustake|52/100
|-boost|p1a: Skeledirge|spa|1
|
|turn|12
|
|switch|p2a: Blimbo|Ceruledge, F|100/100
|move|p1a: Skeledirge|Torch Song|p2a: Blimbo
|-start|p2a: Blimbo|ability: Flash Fire
|
|turn|13
|
|-terastallize|p2a: Blimbo|Fairy
|move|p2a: Blimbo|Bulk Up|p2a: Blimbo
|-boost|p2a: Blimbo|atk|1
|-boost|p2a: Blimbo|def|1
|move|p1a: Skeledirge|Shadow Ball|p2a: Blimbo
|-damage|p2a: Blimbo|41/100
|
|turn|14
|
|move|p2a: Blimbo|Bitter Blade|p1a: Skeledirge
|-resisted|p1a: Skeledirge
|-damage|p1a: Skeledirge|47/100
|-heal|p2a: Blimbo|56/100|[from] drain|[of] p1a: Skeledirge
|move|p1a: Skeledirge|Shadow Ball|p2a: Blimbo
|-damage|p2a: Blimbo|0 fnt
|faint|p2a: Blimbo
|
|
|switch|p2a: NUH-UH|Gholdengo|100/100
|turn|15
|
|move|p2a: NUH-UH|Shadow Ball|p1a: Skeledirge
|-supereffective|p1a: Skeledirge
|-damage|p1a: Skeledirge|0 fnt
|faint|p1a: Skeledirge
|
|
|switch|p1a: Kleavor|Kleavor, F|100/100
|-damage|p1a: Kleavor|76/100|[from] Stealth Rock
|turn|16
|
|move|p1a: Kleavor|Night Slash|p2a: NUH-UH
|-supereffective|p2a: NUH-UH
|-damage|p2a: NUH-UH|14/100
|move|p2a: NUH-UH|Shadow Ball|p1a: Kleavor
|-damage|p1a: Kleavor|12/100
|
|turn|17
|
|move|p1a: Kleavor|Night Slash|p2a: NUH-UH
|-supereffective|p2a: NUH-UH
|-crit|p2a: NUH-UH
|-damage|p2a: NUH-UH|0 fnt
|faint|p2a: NUH-UH
|
|
|switch|p2a: Spectacled|Iron Valiant|100/100
|turn|18
|
|move|p2a: Spectacled|Shadow Sneak|p1a: Kleavor
|-damage|p1a: Kleavor|0 fnt
|faint|p1a: Kleavor
|-damage|p2a: Spectacled|91/100|[from] item: Life Orb
|
|
|switch|p1a: Scream Tail|Scream Tail|100/100
|-damage|p1a: Scream Tail|88/100|[from] Stealth Rock
|turn|19
|
|move|p2a: Spectacled|Shadow Sneak|p1a: Scream Tail
|-supereffective|p1a: Scream Tail
|-damage|p1a: Scream Tail|60/100
|-damage|p2a: Spectacled|81/100|[from] item: Life Orb
|move|p1a: Scream Tail|Dazzling Gleam|p2a: Spectacled
|-supereffective|p2a: Spectacled
|-damage|p2a: Spectacled|0 fnt
|faint|p2a: Spectacled
|-end|p2a: Spectacled|Quark Drive|[silent]
|
|-heal|p1a: Scream Tail|67/100|[from] item: Leftovers
|
|switch|p2a: Maustake|Maushold-Four|52/100
|turn|20
|
|move|p1a: Scream Tail|Protect|p1a: Scream Tail
|-singleturn|p1a: Scream Tail|Protect
|move|p2a: Maustake|Population Bomb|p1a: Scream Tail
|-activate|p1a: Scream Tail|move: Protect
|
|-heal|p1a: Scream Tail|73/100|[from] item: Leftovers
|turn|21
|
|move|p2a: Maustake|Population Bomb|p1a: Scream Tail
|-damage|p1a: Scream Tail|64/100
|-damage|p1a: Scream Tail|55/100
|-damage|p1a: Scream Tail|46/100
|-damage|p1a: Scream Tail|37/100
|-damage|p1a: Scream Tail|28/100
|-damage|p1a: Scream Tail|20/100
|-damage|p1a: Scream Tail|11/100
|-damage|p1a: Scream Tail|2/100
|-damage|p1a: Scream Tail|0 fnt
|faint|p1a: Scream Tail
|-end|p1a: Scream Tail|Protosynthesis|[silent]
|-hitcount|p1: Scream Tail|9
|
|
|switch|p1a: Corviknight|Corviknight, F|11/100
|-damage|p1a: Corviknight|0 fnt|[from] Stealth Rock
|faint|p1a: Corviknight
|
|switch|p1a: Rotom|Rotom-Wash|66/100
|-damage|p1a: Rotom|54/100|[from] Stealth Rock
|turn|22
|
|move|p2a: Maustake|Population Bomb|p1a: Rotom
|-damage|p1a: Rotom|42/100
|-damage|p1a: Rotom|30/100
|-damage|p1a: Rotom|19/100
|-damage|p1a: Rotom|8/100
|-damage|p1a: Rotom|0 fnt
|faint|p1a: Rotom
|-hitcount|p1: Rotom|5
|
|
|switch|p1a: Braviary|Braviary-Hisui, M|100/100
|-damage|p1a: Braviary|76/100|[from] Stealth Rock
|turn|23
|
|move|p2a: Maustake|Population Bomb|p1a: Braviary
|-damage|p1a: Braviary|62/100
|-damage|p1a: Braviary|48/100
|-damage|p1a: Braviary|34/100
|-damage|p1a: Braviary|19/100
|-damage|p1a: Braviary|5/100
|-damage|p1a: Braviary|0 fnt
|faint|p1a: Braviary
|-hitcount|p1: Braviary|6
|
|win|The Googer
