# advantage = p1
|poke|p1|Cinderace, M|
|poke|p1|Torkoal, F|
|poke|p1|Iron Moth|
|poke|p1|Rotom-Heat|
|poke|p1|Skeledirge, F|
|poke|p1|Scovillain, F|
|poke|p2|Avalugg-Hisui, F|
|poke|p2|Venomoth, F|
|poke|p2|Talonflame, M|
|poke|p2|Mismagius, F|
|poke|p2|Meloetta|
|poke|p2|Clodsire, M|
|teampreview
|
|start
|switch|p1a: Torkoal|Torkoal, F|100/100
|switch|p2a: Mismagius|Mismagius, F|100/100
|-weather|SunnyDay|[from] ability: Drought|[of] p1a: Torkoal
|turn|1
|
|move|p2a: Mismagius|Nasty Plot|p2a: Mismagius
|-boost|p2a: Mismagius|spa|2
|move|p1a: Torkoal|Yawn|p2a: Mismagius
|-start|p2a: Mismagius|move: Yawn|[of] p1a: Torkoal
|
|-weather|SunnyDay|[upkeep]
|turn|2
|
|move|p2a: Mismagius|Shadow Ball|p1a: Torkoal
|-crit|p1a: Torkoal
|-damage|p1a: Torkoal|0 fnt
|faint|p1a: Torkoal
|
|-weather|SunnyDay|[upkeep]
|-end|p2a: Mismagius|move: Yawn|[silent]
|-status|p2a: Mismagius|slp
|
|switch|p1a: Scovillain|Scovillain, F|100/100
|turn|3
|
|move|p1a: Scovillain|Growth|p1a: Scovillain
|-boost|p1a: Scovillain|atk|2
|-boost|p1a: Scovillain|spa|2
|cant|p2a: Mismagius|slp
|
|-weather|SunnyDay|[upkeep]
|turn|4
|
|move|p1a: Scovillain|Growth|p1a: Scovillain
|-boost|p1a: Scovillain|atk|2
|-boost|p1a: Scovillain|spa|2
|-curestatus|p2a: Mismagius|slp|[msg]
|move|p2a: Mismagius|Destiny Bond|p2a: Mismagius
|-singlemove|p2a: Mismagius|Destiny Bond
|
|-weather|SunnyDay|[upkeep]
|turn|5
|
|move|p1a: Scovillain|Growth|p1a: Scovillain
|-boost|p1a: Scovillain|atk|2
|-boost|p1a: Scovillain|spa|2
|move|p2a: Mismagius|Nasty Plot|p2a: Mismagius
|-boost|p2a: Mismagius|spa|2
|
|-weather|SunnyDay|[upkeep]
|turn|6
|
|move|p1a: Scovillain|Flamethrower|p2a: Mismagius
|-damage|p2a: Mismagius|0 fnt
|faint|p2a: Mismagius
|-damage|p1a: Scovillain|91/100|[from] item: Life Orb
|
|-weather|SunnyDay|[upkeep]
|
|switch|p2a: Clodsire|Clodsire, M|100/100
|turn|7
|
|move|p1a: Scovillain|Energy Ball|p2a: Clodsire
|-damage|p2a: Clodsire|72/100
|-damage|p1a: Scovillain|81/100|[from] item: Life Orb
|move|p2a: Clodsire|Earthquake|p1a: Scovillain
|-damage|p1a: Scovillain|37/100
|
|-weather|SunnyDay|[upkeep]
|-heal|p2a: Clodsire|78/100|[from] item: Leftovers
|turn|8
|
|move|p1a: Scovillain|Solar Beam||[still]
|-prepare|p1a: Scovillain|Solar Beam
|-anim|p1a: Scovillain|Solar Beam|p2a: Clodsire
|-damage|p2a: Clodsire|42/100
|-damage|p1a: Scovillain|27/100|[from] item: Life Orb
|move|p2a: Clodsire|Stealth Rock|p1a: Scovillain
|-sidestart|p1: p1|move: Stealth Rock
|
|-weather|none
|-heal|p2a: Clodsire|48/100|[from] item: Leftovers
|turn|9
|
|move|p1a: Scovillain|Flamethrower|p2a: Clodsire
|-damage|p2a: Clodsire|18/100
|-damage|p1a: Scovillain|17/100|[from] item: Life Orb
|move|p2a: Clodsire|Recover|p2a: Clodsire
|-heal|p2a: Clodsire|68/100
|
|-heal|p2a: Clodsire|74/100|[from] item: Leftovers
|turn|10
|
|move|p1a: Scovillain|Solar Beam||[still]
|-prepare|p1a: Scovillain|Solar Beam
|move|p2a: Clodsire|Toxic|p1a: Scovillain
|-status|p1a: Scovillain|tox
|
|-heal|p2a: Clodsire|80/100|[from] item: Leftovers
|-damage|p1a: Scovillain|11/100 tox|[from] psn
|turn|11
|
|move|p1a: Scovillain|Solar Beam|p2a: Clodsire|[from]lockedmove
|-damage|p2a: Clodsire|44/100
|-damage|p1a: Scovillain|1/100 tox|[from] item: Life Orb
|move|p2a: Clodsire|Recover|p2a: Clodsire
|-heal|p2a: Clodsire|94/100
|
|-heal|p2a: Clodsire|99/100|[from] item: Leftovers
|-damage|p1a: Scovillain|0 fnt|[from] psn
|faint|p1a: Scovillain
|
|switch|p1a: Rotom|Rotom-Heat, shiny|100/100
|-damage|p1a: Rotom|75/100|[from] Stealth Rock
|turn|12
|
|move|p1a: Rotom|Trick|p2a: Clodsire
|-activate|p1a: Rotom|move: Trick|[of] p2a: Clodsire
|-item|p2a: Clodsire|Choice Scarf|[from] move: Trick
|-item|p1a: Rotom|Leftovers|[from] move: Trick
|move|p2a: Clodsire|Toxic|p1a: Rotom
|-status|p1a: Rotom|tox
|
|-heal|p1a: Rotom|82/100 tox|[from] item: Leftovers
|-damage|p1a: Rotom|75/100 tox|[from] psn
|turn|13
|
|switch|p2a: Meloetta|Meloetta|100/100
|move|p1a: Rotom|Will-O-Wisp|p2a: Meloetta
|-status|p2a: Meloetta|brn
|
|-heal|p1a: Rotom|82/100 tox|[from] item: Leftovers
|-damage|p1a: Rotom|69/100 tox|[from] psn
|-damage|p2a: Meloetta|94/100 brn|[from] brn
|turn|14
|
|switch|p1a: Skeledirge|Skeledirge, F, shiny|100/100
|-damage|p1a: Skeledirge|76/100|[from] Stealth Rock
|move|p2a: Meloetta|Hyper Voice|p1a: Skeledirge
|-immune|p1a: Skeledirge
|
|-heal|p1a: Skeledirge|82/100|[from] item: Leftovers
|-damage|p2a: Meloetta|88/100 brn|[from] brn
|turn|15
|
|switch|p2a: Clodsire|Clodsire, M|99/100
|move|p1a: Skeledirge|Torch Song|p2a: Clodsire
|-damage|p2a: Clodsire|85/100
|-boost|p1a: Skeledirge|spa|1
|
|-heal|p1a: Skeledirge|88/100|[from] item: Leftovers
|turn|16
|
|move|p1a: Skeledirge|Will-O-Wisp|p2a: Clodsire
|-status|p2a: Clodsire|brn
|move|p2a: Clodsire|Earthquake|p1a: Skeledirge
|-supereffective|p1a: Skeledirge
|-damage|p1a: Skeledirge|64/100
|
|-heal|p1a: Skeledirge|70/100|[from] item: Leftovers
|-damage|p2a: Clodsire|78/100 brn|[from] brn
|turn|17
|
|move|p1a: Skeledirge|Torch Song|p2a: Clodsire
|-damage|p2a: Clodsire|61/100 brn
|-boost|p1a: Skeledirge|spa|1
|move|p2a: Clodsire|Earthquake|p1a: Skeledirge
|-supereffective|p1a: Skeledirge
|-damage|p1a: Skeledirge|48/100
|
|-heal|p1a: Skeledirge|54/100|[from] item: Leftovers
|-damage|p2a: Clodsire|55/100 brn|[from] brn
|turn|18
|
|move|p1a: Skeledirge|Slack Off|p1a: Skeledirge
|-heal|p1a: Skeledirge|100/100
|move|p2a: Clodsire|Earthquake|p1a: Skeledirge
|-supereffective|p1a: Skeledirge
|-damage|p1a: Skeledirge|77/100
|
|-heal|p1a: Skeledirge|83/100|[from] item: Leftovers
|-damage|p2a: Clodsire|49/100 brn|[from] brn
|turn|19
|
|move|p1a: Skeledirge|Torch Song|p2a: Clodsire
|-damage|p2a: Clodsire|35/100 brn
|-boost|p1a: Skeledirge|spa|1
|move|p2a: Clodsire|Earthquake|p1a: Skeledirge
|-supereffective|p1a: Skeledirge
|-damage|p1a: Skeledirge|59/100
|
|-heal|p1a: Skeledirge|65/100|[from] item: Leftovers
|-damage|p2a: Clodsire|28/100 brn|[from] brn
|turn|20
|
|move|p1a: Skeledirge|Torch Song|p2a: Clodsire
|-damage|p2a: Clodsire|11/100 brn
|-boost|p1a: Skeledirge|spa|1
|move|p2a: Clodsire|Earthquake|p1a: Skeledirge
|-supereffective|p1a: Skeledirge
|-damage|p1a: Skeledirge|44/100
|
|-heal|p1a: Skeledirge|50/100|[from] item: Leftovers
|-damage|p2a: Clodsire|5/100 brn|[from] brn
|turn|21
|
|move|p1a: Skeledirge|Torch Song|p2a: Clodsire
|-damage|p2a: Clodsire|0 fnt
|-boost|p1a: Skeledirge|spa|1
|faint|p2a: Clodsire
|
|-heal|p1a: Skeledirge|56/100|[from] item: Leftovers
|
|switch|p2a: Venomoth|Venomoth, F|100/100
|turn|22
|
|move|p2a: Venomoth|Quiver Dance|p2a: Venomoth
|-boost|p2a: Venomoth|spa|1
|-boost|p2a: Venomoth|spd|1
|-boost|p2a: Venomoth|spe|1
|move|p1a: Skeledirge|Slack Off|p1a: Skeledirge
|-heal|p1a: Skeledirge|100/100
|
|turn|23
|
|move|p2a: Venomoth|Quiver Dance|p2a: Venomoth
|-boost|p2a: Venomoth|spa|1
|-boost|p2a: Venomoth|spd|1
|-boost|p2a: Venomoth|spe|1
|move|p1a: Skeledirge|Torch Song|p2a: Venomoth
|-supereffective|p2a: Venomoth
|-enditem|p2a: Venomoth|Focus Sash
|-damage|p2a: Venomoth|1/100
|-boost|p1a: Skeledirge|spa|1
|
|turn|24
|
|move|p2a: Venomoth|Sludge Bomb|p1a: Skeledirge
|-resisted|p1a: Skeledirge
|-damage|p1a: Skeledirge|88/100
|move|p1a: Skeledirge|Torch Song|p2a: Venomoth
|-supereffective|p2a: Venomoth
|-damage|p2a: Venomoth|0 fnt
|faint|p2a: Venomoth
|
|-heal|p1a: Skeledirge|94/100|[from] item: Leftovers
|-message|p2 forfeited.
|
|win|p1
