|poke|p1|Grimmsnarl, M|
|poke|p1|Hatterene, F|
|poke|p1|Breloom, F|
|poke|p1|Ursaluna, F|
|poke|p1|Magearna|
|poke|p1|Zamazenta-*|
|poke|p2|Masquerain, F|
|poke|p2|Gholdengo|
|poke|p2|Kleavor, M|
|poke|p2|Great Tusk|
|poke|p2|Chien-Pao|
|poke|p2|Enamorus, F|
|teampreview
|
|start
|switch|p1a: Grimmsnarl|Grimmsnarl, M|100/100
|switch|p2a: Gholdengo|Gholdengo|100/100
|turn|1
|
|move|p1a: Grimmsnarl|Light Screen|p1a: Grimmsnarl
|-sidestart|p1: Blue Eyes God|move: Light Screen
|move|p2a: Gholdengo|Make It Rain|p1a: Grimmsnarl
|-supereffective|p1a: Grimmsnarl
|-damage|p1a: Grimmsnarl|56/100
|-unboost|p2a: Gholdengo|spa|1
|
|turn|2
|
|move|p2a: Gholdengo|Nasty Plot|p2a: Gholdengo
|-boost|p2a: Gholdengo|spa|2
|move|p1a: Grimmsnarl|Crunch|p2a: Gholdengo
|-supereffective|p2a: Gholdengo
|-damage|p2a: Gholdengo|49/100
|
|turn|3
|
|move|p1a: Grimmsnarl|Reflect|p1a: Grimmsnarl
|-sidestart|p1: Blue Eyes God|Reflect
|move|p2a: Gholdengo|Make It Rain|p1a: Grimmsnarl
|-supereffective|p1a: Grimmsnarl
|-damage|p1a: Grimmsnarl|0 fnt
|-unboost|p2a: Gholdengo|spa|1
|faint|p1a: Grimmsnarl
|
|
|switch|p1a: Zamazenta|Zamazenta|100/100
|-ability|p1a: Zamazenta|Dauntless Shield|boost
|-boost|p1a: Zamazenta|def|1
|turn|4
|
|switch|p2a: Masquerain|Masquerain, F|100/100
|-ability|p2a: Masquerain|Intimidate|boost
|-unboost|p1a: Zamazenta|atk|1
|move|p1a: Zamazenta|Substitute|p1a: Zamazenta
|-start|p1a: Zamazenta|Substitute
|-damage|p1a: Zamazenta|76/100
|
|-heal|p1a: Zamazenta|82/100|[from] item: Leftovers
|turn|5
|
|move|p1a: Zamazenta|Iron Defense|p1a: Zamazenta
|-boost|p1a: Zamazenta|def|2
|move|p2a: Masquerain|Air Slash|p1a: Zamazenta
|-supereffective|p1a: Zamazenta
|-end|p1a: Zamazenta|Substitute
|
|-heal|p1a: Zamazenta|88/100|[from] item: Leftovers
|turn|6
|
|move|p1a: Zamazenta|Crunch|p2a: Masquerain
|-damage|p2a: Masquerain|74/100
|-unboost|p2a: Masquerain|def|1
|move|p2a: Masquerain|Stun Spore|p1a: Zamazenta
|-status|p1a: Zamazenta|par
|
|-heal|p1a: Zamazenta|94/100 par|[from] item: Leftovers
|turn|7
|
|switch|p1a: Hatterene|Hatterene, F|100/100
|move|p2a: Masquerain|Sticky Web|p1a: Hatterene
|move|p1a: Hatterene|Sticky Web|p2a: Masquerain|[from]ability: Magic Bounce
|-sidestart|p2: Teastykule|move: Sticky Web
|
|turn|8
|
|switch|p2a: Gholdengo|Gholdengo|49/100
|-activate|p2a: Gholdengo|move: Sticky Web
|-unboost|p2a: Gholdengo|spe|1
|move|p1a: Hatterene|Trick Room|p1a: Hatterene
|-fieldstart|move: Trick Room|[of] p1a: Hatterene
|
|-sideend|p1: Blue Eyes God|move: Light Screen
|turn|9
|
|-terastallize|p1a: Hatterene|Water
|move|p1a: Hatterene|Calm Mind|p1a: Hatterene
|-boost|p1a: Hatterene|spa|1
|-boost|p1a: Hatterene|spd|1
|move|p2a: Gholdengo|Recover|p2a: Gholdengo
|-heal|p2a: Gholdengo|99/100
|
|turn|10
|
|move|p1a: Hatterene|Calm Mind|p1a: Hatterene
|-boost|p1a: Hatterene|spa|1
|-boost|p1a: Hatterene|spd|1
|move|p2a: Gholdengo|Shadow Ball|p1a: Hatterene
|-damage|p1a: Hatterene|77/100
|
|-heal|p1a: Hatterene|83/100|[from] item: Leftovers
|-sideend|p1: Blue Eyes God|Reflect
|turn|11
|
|move|p1a: Hatterene|Calm Mind|p1a: Hatterene
|-boost|p1a: Hatterene|spa|1
|-boost|p1a: Hatterene|spd|1
|move|p2a: Gholdengo|Nasty Plot|p2a: Gholdengo
|-boost|p2a: Gholdengo|spa|2
|
|-heal|p1a: Hatterene|89/100|[from] item: Leftovers
|turn|12
|
|move|p1a: Hatterene|Stored Power|p2a: Gholdengo
|-resisted|p2a: Gholdengo
|-damage|p2a: Gholdengo|19/100
|move|p2a: Gholdengo|Nasty Plot|p2a: Gholdengo
|-boost|p2a: Gholdengo|spa|2
|
|-heal|p1a: Hatterene|95/100|[from] item: Leftovers
|-fieldend|move: Trick Room
|turn|13
|
|move|p2a: Gholdengo|Shadow Ball|p1a: Hatterene
|-damage|p1a: Hatterene|45/100
|move|p1a: Hatterene|Trick Room|p1a: Hatterene
|-fieldstart|move: Trick Room|[of] p1a: Hatterene
|
|-heal|p1a: Hatterene|51/100|[from] item: Leftovers
|turn|14
|
|move|p1a: Hatterene|Draining Kiss|p2a: Gholdengo
|-resisted|p2a: Gholdengo
|-damage|p2a: Gholdengo|0 fnt
|-heal|p1a: Hatterene|67/100|[from] drain|[of] p2a: Gholdengo
|faint|p2a: Gholdengo
|
|-heal|p1a: Hatterene|73/100|[from] item: Leftovers
|
|switch|p2a: Masquerain|Masquerain, F|74/100
|-ability|p2a: Masquerain|Intimidate|boost
|-unboost|p1a: Hatterene|atk|1
|turn|15
|
|move|p1a: Hatterene|Draining Kiss|p2a: Masquerain
|-damage|p2a: Masquerain|0 fnt
|-heal|p1a: Hatterene|100/100|[from] drain|[of] p2a: Masquerain
|faint|p2a: Masquerain
|
|
|switch|p2a: Chien-Pao|Chien-Pao|100/100
|-ability|p2a: Chien-Pao|Sword of Ruin
|turn|16
|
|move|p1a: Hatterene|Draining Kiss|p2a: Chien-Pao
|-supereffective|p2a: Chien-Pao
|-damage|p2a: Chien-Pao|0 fnt
|faint|p2a: Chien-Pao
|
|
|switch|p2a: Great Tusk|Great Tusk|100/100
|-activate|p2a: Great Tusk|move: Sticky Web
|-unboost|p2a: Great Tusk|spe|1
|-enditem|p2a: Great Tusk|Booster Energy
|-activate|p2a: Great Tusk|ability: Protosynthesis|[fromitem]
|-start|p2a: Great Tusk|protosynthesisatk
|turn|17
|
|move|p1a: Hatterene|Stored Power|p2a: Great Tusk
|-supereffective|p2a: Great Tusk
|-damage|p2a: Great Tusk|0 fnt
|faint|p2a: Great Tusk
|-end|p2a: Great Tusk|Protosynthesis|[silent]
|
|-fieldend|move: Trick Room
|
|switch|p2a: Kleavor|Kleavor, M|100/100
|-activate|p2a: Kleavor|move: Sticky Web
|-unboost|p2a: Kleavor|spe|1
|turn|18
|
|move|p2a: Kleavor|X-Scissor|p1a: Hatterene
|-damage|p1a: Hatterene|31/100
|-damage|p2a: Kleavor|91/100|[from] item: Life Orb
|move|p1a: Hatterene|Trick Room|p1a: Hatterene
|-fieldstart|move: Trick Room|[of] p1a: Hatterene
|
|-heal|p1a: Hatterene|37/100|[from] item: Leftovers
|turn|19
|-message|Teastykule lost due to inactivity.
|
|win|Blue Eyes God
