|poke|p1|Ursaluna, M|
|poke|p1|Magearna|
|poke|p1|Slowking, M|
|poke|p1|Crabominable, F|
|poke|p1|Cinderace, M|
|poke|p1|Hoopa|
|poke|p2|Zamazenta-*|
|poke|p2|Slowking-Galar, M|
|poke|p2|Alomomola, M|
|poke|p2|Talonflame, M|
|poke|p2|Blissey, F|
|poke|p2|Dondozo, F|
|teampreview
|
|start
|switch|p1a: Hoopa|Hoopa|100/100
|switch|p2a: Slowking|Slowking-Galar, M|100/100
|turn|1
|
|move|p2a: Slowking|Sludge Bomb|p1a: Hoopa
|-resisted|p1a: Hoopa
|-damage|p1a: Hoopa|86/100
|move|p1a: Hoopa|Trick Room|p1a: Hoopa
|-fieldstart|move: Trick Room|[of] p1a: Hoopa
|
|turn|2
|
|switch|p1a: Ursaluna|Ursaluna, M|100/100
|move|p2a: Slowking|Sludge Bomb|p1a: Ursaluna
|-resisted|p1a: Ursaluna
|-damage|p1a: Ursaluna|84/100
|
|-status|p1a: Ursaluna|brn|[from] item: Flame Orb
|turn|3
|
|-terastallize|p1a: Ursaluna|Normal
|move|p2a: Slowking|Hydro Pump|p1a: Ursaluna|[miss]
|-miss|p2a: Slowking|p1a: Ursaluna
|move|p1a: Ursaluna|Facade|p2a: Slowking
|-damage|p2a: Slowking|0 fnt
|faint|p2a: Slowking
|
|-damage|p1a: Ursaluna|78/100 brn|[from] brn
|
|switch|p2a: Alomomola|Alomomola, M|100/100
|turn|4
|
|-terastallize|p2a: Alomomola|Ghost
|move|p1a: Ursaluna|Swords Dance|p1a: Ursaluna
|-boost|p1a: Ursaluna|atk|2
|move|p2a: Alomomola|Whirlpool|p1a: Ursaluna
|-damage|p1a: Ursaluna|72/100 brn
|-activate|p1a: Ursaluna|move: Whirlpool|[of] p2a: Alomomola
|
|-damage|p1a: Ursaluna|66/100 brn|[from] brn
|-damage|p1a: Ursaluna|54/100 brn|[from] move: Whirlpool|[partiallytrapped]
|turn|5
|
|move|p2a: Alomomola|Protect|p2a: Alomomola
|-singleturn|p2a: Alomomola|Protect
|move|p1a: Ursaluna|Earthquake|p2a: Alomomola
|-activate|p2a: Alomomola|move: Protect
|
|-damage|p1a: Ursaluna|48/100 brn|[from] brn
|-damage|p1a: Ursaluna|36/100 brn|[from] move: Whirlpool|[partiallytrapped]
|-fieldend|move: Trick Room
|turn|6
|
|switch|p2a: Talonflame|Talonflame, M|100/100
|move|p1a: Ursaluna|Earthquake|p2a: Talonflame
|-immune|p2a: Talonflame
|
|-damage|p1a: Ursaluna|30/100 brn|[from] brn
|-end|p1a: Ursaluna|Whirlpool|[partiallytrapped]|[silent]
|turn|7
|
|switch|p1a: Slowking|Slowking, M|100/100
|move|p2a: Talonflame|Flamethrower|p1a: Slowking
|-resisted|p1a: Slowking
|-damage|p1a: Slowking|91/100
|
|turn|8
|
|switch|p2a: Blissey|Blissey, F|100/100
|move|p1a: Slowking|Trick Room|p1a: Slowking
|-fieldstart|move: Trick Room|[of] p1a: Slowking
|
|turn|9
|
|move|p2a: Blissey|Stealth Rock|p1a: Slowking
|-sidestart|p1: Aggron|move: Stealth Rock
|move|p1a: Slowking|Chilly Reception|p1a: Slowking
|-weather|Snow
|
|switch|p1a: Crabominable|Crabominable, F|100/100|[from] Chilly Reception
|-damage|p1a: Crabominable|88/100|[from] Stealth Rock
|
|-weather|Snow|[upkeep]
|turn|10
|
|switch|p2a: Alomomola|Alomomola, M, tera:Ghost|100/100
|move|p1a: Crabominable|Ice Hammer|p2a: Alomomola
|-damage|p2a: Alomomola|50/100
|-unboost|p1a: Crabominable|spe|1
|-damage|p1a: Crabominable|78/100|[from] item: Life Orb
|
|-weather|Snow|[upkeep]
|turn|11
|
|move|p2a: Alomomola|Protect|p2a: Alomomola
|-singleturn|p2a: Alomomola|Protect
|move|p1a: Crabominable|Ice Hammer|p2a: Alomomola
|-activate|p2a: Alomomola|move: Protect
|
|-weather|Snow|[upkeep]
|turn|12
|
|switch|p2a: Zamazenta|Zamazenta-Crowned|100/100
|-ability|p2a: Zamazenta|Dauntless Shield|boost
|-boost|p2a: Zamazenta|def|1
|move|p1a: Crabominable|Ice Hammer|p2a: Zamazenta
|-resisted|p2a: Zamazenta
|-damage|p2a: Zamazenta|79/100
|-unboost|p1a: Crabominable|spe|1
|-damage|p1a: Crabominable|69/100|[from] item: Life Orb
|
|-weather|Snow|[upkeep]
|-fieldend|move: Trick Room
|turn|13
|
|switch|p1a: Slowking|Slowking, M|100/100
|-damage|p1a: Slowking|88/100|[from] Stealth Rock
|move|p2a: Zamazenta|Body Press|p1a: Slowking
|-resisted|p1a: Slowking
|-damage|p1a: Slowking|70/100
|
|-weather|none
|turn|14
|
|switch|p2a: Alomomola|Alomomola, M, tera:Ghost|83/100
|move|p1a: Slowking|Trick Room|p1a: Slowking
|-fieldstart|move: Trick Room|[of] p1a: Slowking
|
|turn|15
|
|move|p2a: Alomomola|Wish|p2a: Alomomola
|move|p1a: Slowking|Chilly Reception|p1a: Slowking
|-weather|Snow
|
|switch|p1a: Magearna|Magearna|100/100|[from] Chilly Reception
|-damage|p1a: Magearna|94/100|[from] Stealth Rock
|
|-weather|Snow|[upkeep]
|turn|16
|
|move|p2a: Alomomola|Protect|p2a: Alomomola
|-singleturn|p2a: Alomomola|Protect
|move|p1a: Magearna|Volt Switch|p2a: Alomomola
|-activate|p2a: Alomomola|move: Protect
|
|-weather|Snow|[upkeep]
|-heal|p2a: Alomomola|100/100|[from] move: Wish|[wisher] Alomomola
|turn|17
|
|switch|p2a: Blissey|Blissey, F|100/100
|move|p1a: Magearna|Fleur Cannon|p2a: Blissey
|-damage|p2a: Blissey|81/100
|-unboost|p1a: Magearna|spa|2
|-enditem|p1a: Magearna|Eject Pack
|
|switch|p1a: Cinderace|Cinderace, M|100/100
|
|-weather|Snow|[upkeep]
|turn|18
|
|switch|p2a: Talonflame|Talonflame, M|100/100
|move|p1a: Cinderace|Court Change|p1a: Cinderace
|-start|p1a: Cinderace|typechange|Normal|[from] ability: Libero
|-swapsideconditions
|-activate|p1a: Cinderace|move: Court Change
|
|-weather|Snow|[upkeep]
|-fieldend|move: Trick Room
|turn|19
|
|switch|p1a: Slowking|Slowking, M|100/100
|move|p2a: Talonflame|Defog|p1a: Slowking
|-unboost|p1a: Slowking|evasion|1
|-sideend|p2: knexhawk2|Stealth Rock|[from] move: Defog|[of] p2a: Talonflame
|
|-weather|none
|turn|20
|
|move|p2a: Talonflame|Will-O-Wisp|p1a: Slowking
|-status|p1a: Slowking|brn
|move|p1a: Slowking|Trick Room|p1a: Slowking
|-fieldstart|move: Trick Room|[of] p1a: Slowking
|
|-damage|p1a: Slowking|94/100 brn|[from] brn
|turn|21
|
|switch|p2a: Alomomola|Alomomola, M, tera:Ghost|100/100
|move|p1a: Slowking|Chilly Reception|p1a: Slowking
|-weather|Snow
|
|switch|p1a: Hoopa|Hoopa|86/100|[from] Chilly Reception
|
|-weather|Snow|[upkeep]
|turn|22
|
|move|p2a: Alomomola|Protect|p2a: Alomomola
|-singleturn|p2a: Alomomola|Protect
|move|p1a: Hoopa|Hyperspace Hole|p2a: Alomomola
|-activate|p2a: Alomomola|move: Hyperspace Hole|[broken]
|-damage|p2a: Alomomola|44/100
|
|-weather|Snow|[upkeep]
|turn|23
|
|switch|p2a: Blissey|Blissey, F|81/100
|switch|p1a: Crabominable|Crabominable, F|69/100
|
|-weather|Snow|[upkeep]
|turn|24
|
|switch|p2a: Alomomola|Alomomola, M, tera:Ghost|78/100
|move|p1a: Crabominable|Ice Hammer|p2a: Alomomola
|-damage|p2a: Alomomola|32/100
|-unboost|p1a: Crabominable|spe|1
|-damage|p1a: Crabominable|59/100|[from] item: Life Orb
|
|-weather|Snow|[upkeep]
|-fieldend|move: Trick Room
|turn|25
|
|switch|p2a: Dondozo|Dondozo, F|100/100
|move|p1a: Crabominable|Ice Hammer|p2a: Dondozo
|-resisted|p2a: Dondozo
|-damage|p2a: Dondozo|81/100
|-unboost|p1a: Crabominable|spe|1
|-damage|p1a: Crabominable|49/100|[from] item: Life Orb
|
|-weather|none
|-heal|p2a: Dondozo|87/100|[from] item: Leftovers
|turn|26
|
|switch|p2a: Alomomola|Alomomola, M, tera:Ghost|65/100
|switch|p1a: Hoopa|Hoopa|86/100
|
|turn|27
|
|switch|p2a: Blissey|Blissey, F|81/100
|move|p1a: Hoopa|Trick Room|p1a: Hoopa
|-fieldstart|move: Trick Room|[of] p1a: Hoopa
|
|turn|28
|
|switch|p1a: Crabominable|Crabominable, F|49/100
|move|p2a: Blissey|Shadow Ball|p1a: Crabominable
|-damage|p1a: Crabominable|33/100
|
|turn|29
|
|switch|p2a: Alomomola|Alomomola, M, tera:Ghost|99/100
|move|p1a: Crabominable|Drain Punch|p2a: Alomomola
|-immune|p2a: Alomomola
|
|turn|30
|
|switch|p1a: Magearna|Magearna|94/100
|move|p2a: Alomomola|Whirlpool|p1a: Magearna
|-damage|p1a: Magearna|90/100
|-activate|p1a: Magearna|move: Whirlpool|[of] p2a: Alomomola
|
|-damage|p1a: Magearna|77/100|[from] move: Whirlpool|[partiallytrapped]
|turn|31
|
|move|p2a: Alomomola|Protect|p2a: Alomomola
|-singleturn|p2a: Alomomola|Protect
|move|p1a: Magearna|Volt Switch|p2a: Alomomola
|-activate|p2a: Alomomola|move: Protect
|
|-damage|p1a: Magearna|65/100|[from] move: Whirlpool|[partiallytrapped]
|-fieldend|move: Trick Room
|turn|32
|
|switch|p2a: Blissey|Blissey, F|81/100
|move|p1a: Magearna|Trick Room|p1a: Magearna
|-fieldstart|move: Trick Room|[of] p1a: Magearna
|
|-end|p1a: Magearna|Whirlpool|[partiallytrapped]|[silent]
|turn|33
|
|move|p1a: Magearna|Volt Switch|p2a: Blissey
|-damage|p2a: Blissey|73/100
|player|p1|
|-message|Aggron lost due to inactivity.
|
|win|knexhawk2
