|poke|p1|Kingambit, F|
|poke|p1|Great Tusk|
|poke|p1|Chien-Pao|
|poke|p1|Magearna|
|poke|p1|Skeledirge, M|
|poke|p1|Zapdos|
|poke|p2|Enamorus, F|
|poke|p2|Great Tusk|
|poke|p2|Magearna|
|poke|p2|Azelf|
|poke|p2|Thundurus-Therian, M|
|poke|p2|Toxapex, F|
|teampreview
|
|start
|switch|p1a: Great Tusk|Great Tusk|100/100
|switch|p2a: Azelf|Azelf|100/100
|turn|1
|
|-end|p1a: Great Tusk|Protosynthesis|[silent]
|switch|p1a: Skeledirge|Skeledirge, M|100/100
|move|p2a: Azelf|Mystical Power|p1a: Skeledirge
|-damage|p1a: Skeledirge|73/100
|-boost|p2a: Azelf|spa|1
|
|turn|2
|
|move|p2a: Azelf|Stealth Rock|p1a: Skeledirge
|-sidestart|p1: p1|move: Stealth Rock
|move|p1a: Skeledirge|Will-O-Wisp|p2a: Azelf
|-status|p2a: Azelf|brn
|
|-damage|p2a: Azelf|94/100 brn|[from] brn
|turn|3
|
|move|p2a: Azelf|Taunt|p1a: Skeledirge
|-start|p1a: Skeledirge|move: Taunt
|move|p1a: Skeledirge|Hex|p2a: Azelf
|-supereffective|p2a: Azelf
|-crit|p2a: Azelf
|-damage|p2a: Azelf|0 fnt
|faint|p2a: Azelf
|
|
|switch|p2a: Great Tusk|Great Tusk|100/100
|turn|4
|
|switch|p1a: Zapdos|Zapdos|100/100
|move|p2a: Great Tusk|Knock Off|p1a: Zapdos
|-damage|p1a: Zapdos|76/100
|-status|p2a: Great Tusk|par|[from] ability: Static|[of] p1a: Zapdos
|-enditem|p1a: Zapdos|Heavy-Duty Boots|[from] move: Knock Off|[of] p2a: Great Tusk
|
|turn|5
|
|-end|p2a: Great Tusk|Protosynthesis|[silent]
|switch|p2a: Thundurus|Thundurus-Therian, M|100/100
|move|p1a: Zapdos|Hurricane|p2a: Thundurus
|-resisted|p2a: Thundurus
|-damage|p2a: Thundurus|63/100
|-start|p2a: Thundurus|confusion
|
|turn|6
|
|switch|p1a: Great Tusk|Great Tusk|100/100
|-damage|p1a: Great Tusk|97/100|[from] Stealth Rock
|-activate|p2a: Thundurus|confusion
|move|p2a: Thundurus|Grass Knot|p1a: Great Tusk
|-supereffective|p1a: Great Tusk
|-damage|p1a: Great Tusk|0 fnt
|faint|p1a: Great Tusk
|-end|p1a: Great Tusk|Protosynthesis|[silent]
|
|
|switch|p1a: Magearna|Magearna|100/100
|-damage|p1a: Magearna|95/100|[from] Stealth Rock
|turn|7
|
|switch|p2a: Enamorus|Enamorus, F|100/100
|move|p1a: Magearna|Shift Gear|p1a: Magearna
|-boost|p1a: Magearna|spe|2
|-boost|p1a: Magearna|atk|1
|
|turn|8
|
|-terastallize|p2a: Enamorus|Steel
|move|p1a: Magearna|Ice Beam|p2a: Enamorus
|-resisted|p2a: Enamorus
|-crit|p2a: Enamorus
|-damage|p2a: Enamorus|66/100
|-status|p2a: Enamorus|frz
|cant|p2a: Enamorus|frz
|
|turn|9
|
|switch|p2a: Toxapex|Toxapex, F|100/100
|-terastallize|p1a: Magearna|Ground
|move|p1a: Magearna|Tera Blast|p2a: Toxapex
|-supereffective|p2a: Toxapex
|-damage|p2a: Toxapex|7/100
|
|-heal|p2a: Toxapex|14/100|[from] item: Black Sludge
|turn|10
|
|move|p1a: Magearna|Tera Blast|p2a: Toxapex
|-supereffective|p2a: Toxapex
|-damage|p2a: Toxapex|0 fnt
|faint|p2a: Toxapex
|-ability|p1a: Magearna|Soul-Heart|boost
|-boost|p1a: Magearna|spa|1
|
|-message|p2 forfeited.
|
|win|p1
