|poke|p1|Rotom-Frost|
|poke|p1|Iron Treads|
|poke|p1|Articuno-Galar|
|poke|p1|Urshifu-*, M|
|poke|p1|Arcanine-Hisui, F|
|poke|p1|Zoroark-Hisui, F|
|poke|p2|Heatran, M|
|poke|p2|Landorus-Therian, M|
|poke|p2|Dragonite, F|
|poke|p2|Gholdengo|
|poke|p2|Kingambit, F|
|poke|p2|Corviknight, M|
|teampreview
|
|start
|switch|p1a: Urshifu|Urshifu-Rapid-Strike, M|100/100
|switch|p2a: Heatran|Heatran, M|100/100
|turn|1
|
|switch|p2a: Landorus|Landorus-Therian, M|100/100
|-ability|p2a: Landorus|Intimidate|boost
|-unboost|p1a: Urshifu|atk|1
|move|p1a: Urshifu|Swords Dance|p1a: Urshifu
|-boost|p1a: Urshifu|atk|2
|
|turn|2
|
|-terastallize|p2a: Landorus|Water
|move|p1a: Urshifu|Surging Strikes|p2a: Landorus
|-resisted|p2a: Landorus
|-crit|p2a: Landorus
|-damage|p2a: Landorus|90/100
|-damage|p1a: Urshifu|84/100|[from] item: Rocky Helmet|[of] p2a: Landorus
|-resisted|p2a: Landorus
|-crit|p2a: Landorus
|-damage|p2a: Landorus|80/100
|-damage|p1a: Urshifu|68/100|[from] item: Rocky Helmet|[of] p2a: Landorus
|-resisted|p2a: Landorus
|-crit|p2a: Landorus
|-damage|p2a: Landorus|69/100
|-damage|p1a: Urshifu|51/100|[from] item: Rocky Helmet|[of] p2a: Landorus
|-hitcount|p2a: Landorus|3
|move|p2a: Landorus|Stealth Rock|p1a: Urshifu
|-sidestart|p1: Wolfpal02|move: Stealth Rock
|
|turn|3
|
|switch|p2a: Gholdengo|Gholdengo|100/100
|move|p1a: Urshifu|Trailblaze|p2a: Gholdengo
|-resisted|p2a: Gholdengo
|-damage|p2a: Gholdengo|86/100
|-boost|p1a: Urshifu|spe|1
|
|turn|4
|
|move|p1a: Urshifu|Surging Strikes|p2a: Gholdengo
|-crit|p2a: Gholdengo
|-damage|p2a: Gholdengo|54/100
|-crit|p2a: Gholdengo
|-damage|p2a: Gholdengo|22/100
|-crit|p2a: Gholdengo
|-damage|p2a: Gholdengo|0 fnt
|faint|p2a: Gholdengo
|-hitcount|p2: Gholdengo|3
|
|
|switch|p2a: Landorus|Landorus-Therian, M, tera:Water|69/100
|-ability|p2a: Landorus|Intimidate|boost
|-unboost|p1a: Urshifu|atk|1
|turn|5
|
|move|p1a: Urshifu|Close Combat|p2a: Landorus
|-damage|p2a: Landorus|22/100
|-unboost|p1a: Urshifu|def|1
|-unboost|p1a: Urshifu|spd|1
|-damage|p1a: Urshifu|35/100|[from] item: Rocky Helmet|[of] p2a: Landorus
|move|p2a: Landorus|Earthquake|p1a: Urshifu
|-damage|p1a: Urshifu|0 fnt
|faint|p1a: Urshifu
|
|
|switch|p1a: Articuno|Articuno-Galar|100/100
|-damage|p1a: Articuno|88/100|[from] Stealth Rock
|turn|6
|
|move|p1a: Articuno|Extrasensory|p2a: Landorus
|-damage|p2a: Landorus|0 fnt
|faint|p2a: Landorus
|
|
|switch|p2a: Kingambit|Kingambit, F|100/100
|-activate|p2a: Kingambit|ability: Supreme Overlord
|-start|p2a: Kingambit|fallen2|[silent]
|turn|7
|
|move|p1a: Articuno|Will-O-Wisp|p2a: Kingambit
|-status|p2a: Kingambit|brn
|-enditem|p2a: Kingambit|Lum Berry|[eat]
|-curestatus|p2a: Kingambit|brn|[msg]
|move|p2a: Kingambit|Kowtow Cleave|p1a: Articuno
|-supereffective|p1a: Articuno
|-damage|p1a: Articuno|0 fnt
|replace|p1a: Zoroark|Zoroark-Hisui, F
|-end|p1a: Zoroark|Illusion
|faint|p1a: Zoroark
|
|
|switch|p1a: Iron Treads|Iron Treads|100/100
|-damage|p1a: Iron Treads|97/100|[from] Stealth Rock
|turn|8
|
|-end|p2a: Kingambit|fallen2|[silent]
|switch|p2a: Corviknight|Corviknight, M|100/100
|-ability|p2a: Corviknight|Pressure
|move|p1a: Iron Treads|Rapid Spin|p2a: Corviknight
|-resisted|p2a: Corviknight
|-damage|p2a: Corviknight|95/100
|-boost|p1a: Iron Treads|spe|1
|-sideend|p1: Wolfpal02|Stealth Rock|[from] move: Rapid Spin|[of] p1a: Iron Treads
|
|-heal|p2a: Corviknight|100/100|[from] item: Leftovers
|turn|9
|
|move|p1a: Iron Treads|Wild Charge|p2a: Corviknight
|-supereffective|p2a: Corviknight
|-damage|p2a: Corviknight|64/100
|-damage|p1a: Iron Treads|86/100|[from] Recoil
|move|p2a: Corviknight|U-turn|p1a: Iron Treads
|-resisted|p1a: Iron Treads
|-damage|p1a: Iron Treads|79/100
|
|switch|p2a: Heatran|Heatran, M|100/100|[from] U-turn
|
|turn|10
|
|move|p1a: Iron Treads|Earthquake|p2a: Heatran
|-supereffective|p2a: Heatran
|-damage|p2a: Heatran|0 fnt
|faint|p2a: Heatran
|
|
|switch|p2a: Dragonite|Dragonite, F|100/100
|turn|11
|
|move|p1a: Iron Treads|Wild Charge|p2a: Dragonite
|-damage|p2a: Dragonite|84/100
|-damage|p1a: Iron Treads|75/100|[from] Recoil
|move|p2a: Dragonite|Dragon Dance|p2a: Dragonite
|-boost|p2a: Dragonite|atk|1
|-boost|p2a: Dragonite|spe|1
|-enditem|p1a: Iron Treads|Mirror Herb
|-boost|p1a: Iron Treads|atk|1|[from] item: Mirror Herb
|-boost|p1a: Iron Treads|spe|1|[from] item: Mirror Herb
|
|turn|12
|
|move|p1a: Iron Treads|Wild Charge|p2a: Dragonite
|-damage|p2a: Dragonite|36/100
|-damage|p1a: Iron Treads|63/100|[from] Recoil
|move|p2a: Dragonite|Dragon Dance|p2a: Dragonite
|-boost|p2a: Dragonite|atk|1
|-boost|p2a: Dragonite|spe|1
|
|turn|13
|
|move|p1a: Iron Treads|Wild Charge|p2a: Dragonite
|-damage|p2a: Dragonite|0 fnt
|faint|p2a: Dragonite
|-damage|p1a: Iron Treads|54/100|[from] Recoil
|
|-message|Quymix forfeited.
|
|win|Wolfpal02
