|poke|p1|Chien-Pao|
|poke|p1|Cinderace, M|
|poke|p1|Rotom-Wash|
|poke|p1|Gholdengo|
|poke|p1|Glimmora, F|
|poke|p1|Zapdos-Galar|
|poke|p2|Meloetta|
|poke|p2|Volcanion|
|poke|p2|Enamorus, F|
|poke|p2|Goodra-Hisui, M|
|poke|p2|Great Tusk|
|poke|p2|Zarude-Dada|
|teampreview
|
|start
|switch|p1a: Glimmora|Glimmora, F|100/100
|switch|p2a: Zarude|Zarude-Dada|100/100
|turn|1
|
|switch|p2a: Volcanion|Volcanion|100/100
|move|p1a: Glimmora|Mortal Spin|p2a: Volcanion
|-damage|p2a: Volcanion|95/100
|-status|p2a: Volcanion|psn
|
|-damage|p2a: Volcanion|82/100 psn|[from] psn
|turn|2
|
|switch|p1a: Rotom|Rotom-Wash|100/100
|move|p2a: Volcanion|Steam Eruption|p1a: Rotom
|-resisted|p1a: Rotom
|-damage|p1a: Rotom|68/100
|-status|p1a: Rotom|brn
|
|-damage|p2a: Volcanion|70/100 psn|[from] psn
|-damage|p1a: Rotom|62/100 brn|[from] brn
|turn|3
|
|switch|p2a: Zarude|Zarude-Dada|100/100
|move|p1a: Rotom|Trick|p2a: Zarude
|-activate|p1a: Rotom|move: Trick|[of] p2a: Zarude
|-item|p2a: Zarude|Choice Scarf|[from] move: Trick
|-item|p1a: Rotom|Choice Scarf|[from] move: Trick
|
|-damage|p1a: Rotom|55/100 brn|[from] brn
|turn|4
|
|move|p2a: Zarude|Power Whip|p1a: Rotom
|-supereffective|p1a: Rotom
|-damage|p1a: Rotom|0 fnt
|faint|p1a: Rotom
|
|
|switch|p1a: Cinderace|Cinderace, M|100/100
|turn|5
|
|switch|p2a: Great Tusk|Great Tusk|100/100
|move|p1a: Cinderace|U-turn|p2a: Great Tusk
|-start|p1a: Cinderace|typechange|Bug|[from] ability: Libero
|-resisted|p2a: Great Tusk
|-damage|p2a: Great Tusk|93/100
|
|switch|p1a: Zapdos|Zapdos-Galar|100/100|[from] U-turn
|
|-heal|p2a: Great Tusk|99/100|[from] item: Leftovers
|turn|6
|
|move|p1a: Zapdos|Brave Bird|p2a: Great Tusk
|-supereffective|p2a: Great Tusk
|-damage|p2a: Great Tusk|38/100
|-damage|p1a: Zapdos|73/100|[from] Recoil
|move|p2a: Great Tusk|Knock Off|p1a: Zapdos
|-resisted|p1a: Zapdos
|-damage|p1a: Zapdos|55/100
|-enditem|p1a: Zapdos|Choice Scarf|[from] move: Knock Off|[of] p2a: Great Tusk
|
|-heal|p2a: Great Tusk|44/100|[from] item: Leftovers
|turn|7
|
|-end|p2a: Great Tusk|Protosynthesis|[silent]
|switch|p2a: Volcanion|Volcanion|70/100 psn
|move|p1a: Zapdos|Brave Bird|p2a: Volcanion
|-damage|p2a: Volcanion|12/100 psn
|-damage|p1a: Zapdos|38/100|[from] Recoil
|
|-damage|p2a: Volcanion|0 fnt|[from] psn
|faint|p2a: Volcanion
|
|switch|p2a: Enamorus|Enamorus, F, shiny|100/100
|turn|8
|
|move|p2a: Enamorus|Superpower|p1a: Zapdos
|-resisted|p1a: Zapdos
|-damage|p1a: Zapdos|15/100
|-boost|p2a: Enamorus|atk|1
|-boost|p2a: Enamorus|def|1
|move|p1a: Zapdos|U-turn|p2a: Enamorus
|-resisted|p2a: Enamorus
|-damage|p2a: Enamorus|95/100
|
|switch|p1a: Gholdengo|Gholdengo|100/100|[from] U-turn
|
|-heal|p2a: Enamorus|100/100|[from] item: Leftovers
|turn|9
|
|switch|p2a: Zarude|Zarude-Dada|100/100
|move|p1a: Gholdengo|Nasty Plot|p1a: Gholdengo
|-boost|p1a: Gholdengo|spa|2
|
|turn|10
|
|switch|p1a: Glimmora|Glimmora, F|100/100
|move|p2a: Zarude|Crunch|p1a: Glimmora
|-damage|p1a: Glimmora|53/100
|-activate|p1a: Glimmora|ability: Toxic Debris
|-sidestart|p2: Gooigi88|move: Toxic Spikes
|
|turn|11
|
|switch|p2a: Golden Shell|Goodra-Hisui, M, shiny|100/100
|move|p1a: Glimmora|Mortal Spin|p2a: Golden Shell
|-immune|p2a: Golden Shell
|
|turn|12
|
|-terastallize|p1a: Glimmora|Grass
|move|p1a: Glimmora|Earth Power|p2a: Golden Shell
|-supereffective|p2a: Golden Shell
|-damage|p2a: Golden Shell|51/100
|move|p2a: Golden Shell|Acid Armor|p2a: Golden Shell
|-boost|p2a: Golden Shell|def|2
|
|-heal|p2a: Golden Shell|57/100|[from] item: Leftovers
|turn|13
|
|move|p1a: Glimmora|Earth Power|p2a: Golden Shell
|-supereffective|p2a: Golden Shell
|-damage|p2a: Golden Shell|6/100
|move|p2a: Golden Shell|Draco Meteor|p1a: Glimmora|[miss]
|-miss|p2a: Golden Shell|p1a: Glimmora
|
|-heal|p2a: Golden Shell|12/100|[from] item: Leftovers
|turn|14
|
|switch|p2a: Enamorus|Enamorus, F, shiny|100/100
|move|p1a: Glimmora|Earth Power|p2a: Enamorus
|-immune|p2a: Enamorus
|
|turn|15
|
|move|p2a: Enamorus|Fly||[still]
|-prepare|p2a: Enamorus|Fly
|move|p1a: Glimmora|Mortal Spin|p2a: Enamorus|[miss]
|-miss|p1a: Glimmora|p2a: Enamorus
|
|turn|16
|
|switch|p1a: Gholdengo|Gholdengo|100/100
|move|p2a: Enamorus|Fly|p1a: Gholdengo|[from]lockedmove
|-resisted|p1a: Gholdengo
|-damage|p1a: Gholdengo|75/100
|
|turn|17
|
|switch|p2a: Golden Shell|Goodra-Hisui, M, shiny|12/100
|move|p1a: Gholdengo|Make It Rain|p2a: Golden Shell
|-resisted|p2a: Golden Shell
|-damage|p2a: Golden Shell|0 fnt
|-unboost|p1a: Gholdengo|spa|1
|faint|p2a: Golden Shell
|
|
|switch|p2a: Great Tusk|Great Tusk|44/100
|-status|p2a: Great Tusk|psn
|turn|18
|
|switch|p1a: Glimmora|Glimmora, F, tera:Grass|53/100
|move|p2a: Great Tusk|Stealth Rock|p1a: Glimmora
|-sidestart|p1: Nintarona|move: Stealth Rock
|
|-heal|p2a: Great Tusk|50/100 psn|[from] item: Leftovers
|-damage|p2a: Great Tusk|38/100 psn|[from] psn
|turn|19
|
|move|p1a: Glimmora|Energy Ball|p2a: Great Tusk
|-supereffective|p2a: Great Tusk
|-damage|p2a: Great Tusk|0 fnt
|faint|p2a: Great Tusk
|-end|p2a: Great Tusk|Protosynthesis|[silent]
|
|
|switch|p2a: Meloetta|Meloetta|100/100
|-status|p2a: Meloetta|psn
|turn|20
|
|move|p2a: Meloetta|Hyper Voice|p1a: Glimmora
|-damage|p1a: Glimmora|0 fnt
|faint|p1a: Glimmora
|-damage|p2a: Meloetta|91/100 psn|[from] item: Life Orb
|
|-damage|p2a: Meloetta|78/100 psn|[from] psn
|
|switch|p1a: Zapdos|Zapdos-Galar|15/100
|-damage|p1a: Zapdos|3/100|[from] Stealth Rock
|turn|21
|
|move|p1a: Zapdos|Brave Bird|p2a: Meloetta
|-damage|p2a: Meloetta|9/100 psn
|-damage|p1a: Zapdos|0 fnt|[from] Recoil
|faint|p1a: Zapdos
|move|p2a: Meloetta|Relic Song|p1: Zapdos|[notarget]
|-fail|p2a: Meloetta
|
|-damage|p2a: Meloetta|0 fnt|[from] psn
|faint|p2a: Meloetta
|
|switch|p1a: Cinderace|Cinderace, M|100/100
|switch|p2a: Zarude|Zarude-Dada|100/100
|-status|p2a: Zarude|psn
|turn|22
|
|move|p2a: Zarude|Close Combat|p1a: Cinderace
|-damage|p1a: Cinderace|47/100
|-unboost|p2a: Zarude|def|1
|-unboost|p2a: Zarude|spd|1
|move|p1a: Cinderace|U-turn|p2a: Zarude
|-start|p1a: Cinderace|typechange|Bug|[from] ability: Libero
|-supereffective|p2a: Zarude
|-damage|p2a: Zarude|0 fnt
|faint|p2a: Zarude
|
|switch|p1a: Chien-Pao|Chien-Pao|100/100|[from] U-turn
|-ability|p1a: Chien-Pao|Sword of Ruin
|
|
|switch|p2a: Enamorus|Enamorus, F, shiny|100/100
|turn|23
|
|-terastallize|p2a: Enamorus|Fighting
|move|p1a: Chien-Pao|Ice Spinner|p2a: Enamorus
|-damage|p2a: Enamorus|17/100
|move|p2a: Enamorus|Superpower|p1a: Chien-Pao
|-supereffective|p1a: Chien-Pao
|-damage|p1a: Chien-Pao|0 fnt
|-boost|p2a: Enamorus|atk|1
|-boost|p2a: Enamorus|def|1
|faint|p1a: Chien-Pao
|
|-heal|p2a: Enamorus|23/100|[from] item: Leftovers
|
|switch|p1a: Cinderace|Cinderace, M|47/100
|turn|24
|
|move|p1a: Cinderace|Pyro Ball|p2a: Enamorus
|-damage|p2a: Enamorus|0 fnt
|faint|p2a: Enamorus
|
|win|Nintarona
