|poke|p1|Thundurus-Therian, M|
|poke|p1|Magearna|
|poke|p1|Zamazenta-*|
|poke|p1|Gholdengo|
|poke|p1|Urshifu-*, F|
|poke|p1|Great Tusk|
|poke|p2|Samurott-Hisui, F|
|poke|p2|Braviary-Hisui, M|
|poke|p2|Dragapult, M|
|poke|p2|Magearna|
|poke|p2|Great Tusk|
|poke|p2|Slowking-Galar, M|
|teampreview
|
|start
|switch|p1a: Thundurus|Thundurus-Therian, M|100/100
|switch|p2a: Samurott|Samurott-Hisui, F|100/100
|turn|1
|
|switch|p2a: Great Tusk|Great Tusk|100/100
|move|p1a: Thundurus|Volt Switch|p2a: Great Tusk
|-immune|p2a: Great Tusk
|
|turn|2
|
|switch|p1a: Gholdengo|Gholdengo|100/100
|-item|p1a: Gholdengo|Air Balloon
|move|p2a: Great Tusk|Knock Off|p1a: Gholdengo
|-supereffective|p1a: Gholdengo
|-damage|p1a: Gholdengo|40/100
|-enditem|p1a: Gholdengo|Air Balloon
|
|turn|3
|
|move|p2a: Great Tusk|Earthquake|p1a: Gholdengo
|-supereffective|p1a: Gholdengo
|-damage|p1a: Gholdengo|0 fnt
|faint|p1a: Gholdengo
|
|
|switch|p1a: Thundurus|Thundurus-Therian, M|100/100
|turn|4
|
|-terastallize|p1a: Thundurus|Water
|move|p1a: Thundurus|Tera Blast|p2a: Great Tusk
|-supereffective|p2a: Great Tusk
|-damage|p2a: Great Tusk|0 fnt
|faint|p2a: Great Tusk
|-end|p2a: Great Tusk|Protosynthesis|[silent]
|
|
|switch|p2a: Samurott|Samurott-Hisui, F|100/100
|turn|5
|
|switch|p1a: Urshifu|Urshifu-Rapid-Strike, F|100/100
|move|p2a: Samurott|Ceaseless Edge|p1a: Urshifu
|-resisted|p1a: Urshifu
|-damage|p1a: Urshifu|70/100
|-sidestart|p1: Jiffylubin|Spikes
|-damage|p2a: Samurott|91/100|[from] item: Life Orb
|
|turn|6
|
|move|p1a: Urshifu|U-turn|p2a: Samurott
|-supereffective|p2a: Samurott
|-damage|p2a: Samurott|0 fnt
|faint|p2a: Samurott
|
|switch|p1a: Thundurus|Thundurus-Therian, M, tera:Water|100/100|[from] U-turn
|-damage|p1a: Thundurus|88/100|[from] Spikes
|
|
|switch|p2a: Dragapult|Dragapult, M|100/100
|turn|7
|
|switch|p1a: Magearna|Magearna|100/100
|-damage|p1a: Magearna|88/100|[from] Spikes
|move|p2a: Dragapult|Light Screen|p2a: Dragapult
|-sidestart|p2: happydayhouseboat|move: Light Screen
|
|turn|8
|
|move|p2a: Dragapult|Curse|p1a: Magearna
|-start|p1a: Magearna|Curse|[of] p2a: Dragapult
|-damage|p2a: Dragapult|50/100
|move|p1a: Magearna|Fleur Cannon|p2a: Dragapult
|-supereffective|p2a: Dragapult
|-damage|p2a: Dragapult|0 fnt
|-unboost|p1a: Magearna|spa|2
|-start|p1a: Magearna|Disable|Fleur Cannon|[from] ability: Cursed Body|[of] p2a: Dragapult
|faint|p2a: Dragapult
|-ability|p1a: Magearna|Soul-Heart|boost
|-boost|p1a: Magearna|spa|1
|
|-damage|p1a: Magearna|63/100|[from] Curse
|
|switch|p2a: Magearna|Magearna|100/100
|turn|9
|
|switch|p1a: Urshifu|Urshifu-Rapid-Strike, F|70/100
|-damage|p1a: Urshifu|57/100|[from] Spikes
|move|p2a: Magearna|Shift Gear|p2a: Magearna
|-boost|p2a: Magearna|spe|2
|-boost|p2a: Magearna|atk|1
|
|turn|10
|
|move|p2a: Magearna|Draining Kiss|p1a: Urshifu
|-supereffective|p1a: Urshifu
|-damage|p1a: Urshifu|0 fnt
|faint|p1a: Urshifu
|-ability|p2a: Magearna|Soul-Heart|boost
|-boost|p2a: Magearna|spa|1
|
|
|switch|p1a: Thundurus|Thundurus-Therian, M, tera:Water|88/100
|-damage|p1a: Thundurus|76/100|[from] Spikes
|turn|11
|
|move|p2a: Magearna|Calm Mind|p2a: Magearna
|-boost|p2a: Magearna|spa|1
|-boost|p2a: Magearna|spd|1
|move|p1a: Thundurus|Tera Blast|p2a: Magearna
|-damage|p2a: Magearna|79/100
|
|-heal|p2a: Magearna|85/100|[from] item: Leftovers
|turn|12
|
|move|p2a: Magearna|Calm Mind|p2a: Magearna
|-boost|p2a: Magearna|spa|1
|-boost|p2a: Magearna|spd|1
|move|p1a: Thundurus|Tera Blast|p2a: Magearna
|-damage|p2a: Magearna|69/100
|
|-heal|p2a: Magearna|75/100|[from] item: Leftovers
|turn|13
|
|move|p2a: Magearna|Calm Mind|p2a: Magearna
|-boost|p2a: Magearna|spa|1
|-boost|p2a: Magearna|spd|1
|move|p1a: Thundurus|Tera Blast|p2a: Magearna
|-damage|p2a: Magearna|63/100
|
|-heal|p2a: Magearna|69/100|[from] item: Leftovers
|turn|14
|
|move|p2a: Magearna|Draining Kiss|p1a: Thundurus
|-damage|p1a: Thundurus|0 fnt
|-heal|p2a: Magearna|100/100|[from] drain|[of] p1a: Thundurus
|faint|p1a: Thundurus
|-ability|p2a: Magearna|Soul-Heart|boost
|-boost|p2a: Magearna|spa|1
|
|-sideend|p2: happydayhouseboat|move: Light Screen
|-message|Jiffylubin forfeited.
|
|win|happydayhouseboat
