|poke|p1|Heatran, F|
|poke|p1|Gallade, M|
|poke|p1|Landorus-Therian, M|
|poke|p1|Dragapult, M|
|poke|p1|Corviknight, F|
|poke|p1|Zarude|
|poke|p2|Glimmora, M|
|poke|p2|Gholdengo|
|poke|p2|Toedscruel, F|
|poke|p2|Roaring Moon|
|poke|p2|Kingambit, F|
|poke|p2|Garchomp, F|
|teampreview
|
|start
|switch|p1a: Dragapult|Dragapult, M|100/100
|switch|p2a: Glimme More|Glimmora, M|100/100
|turn|1
|
|move|p1a: Dragapult|Draco Meteor|p2a: Glimme More
|-enditem|p2a: Glimme More|Focus Sash
|-damage|p2a: Glimme More|1/100
|-unboost|p1a: Dragapult|spa|2
|move|p2a: Glimme More|Stealth Rock|p1a: Dragapult
|-sidestart|p1: The Gallade Man|move: Stealth Rock
|
|turn|2
|
|move|p1a: Dragapult|Draco Meteor|p2a: Glimme More
|-damage|p2a: Glimme More|0 fnt
|-unboost|p1a: Dragapult|spa|2
|faint|p2a: Glimme More
|
|
|switch|p2a: Sugar Ray|Roaring Moon|100/100
|-enditem|p2a: Sugar Ray|Booster Energy
|-activate|p2a: Sugar Ray|ability: Protosynthesis|[fromitem]
|-start|p2a: Sugar Ray|protosynthesisspe
|turn|3
|
|switch|p1a: Landorus|Landorus-Therian, M|100/100
|-damage|p1a: Landorus|88/100|[from] Stealth Rock
|-ability|p1a: Landorus|Intimidate|boost
|-unboost|p2a: Sugar Ray|atk|1
|move|p2a: Sugar Ray|Dragon Dance|p2a: Sugar Ray
|-boost|p2a: Sugar Ray|atk|1
|-boost|p2a: Sugar Ray|spe|1
|
|-heal|p1a: Landorus|94/100|[from] item: Leftovers
|turn|4
|
|-terastallize|p2a: Sugar Ray|Flying
|move|p2a: Sugar Ray|Dragon Dance|p2a: Sugar Ray
|-boost|p2a: Sugar Ray|atk|1
|-boost|p2a: Sugar Ray|spe|1
|move|p1a: Landorus|Earthquake|p2a: Sugar Ray
|-immune|p2a: Sugar Ray
|
|-heal|p1a: Landorus|99/100|[from] item: Leftovers
|turn|5
|
|move|p2a: Sugar Ray|Dragon Dance|p2a: Sugar Ray
|-boost|p2a: Sugar Ray|atk|1
|-boost|p2a: Sugar Ray|spe|1
|move|p1a: Landorus|U-turn|p2a: Sugar Ray
|-resisted|p2a: Sugar Ray
|-damage|p2a: Sugar Ray|86/100
|
|switch|p1a: Corviknight|Corviknight, F|100/100|[from] U-turn
|-damage|p1a: Corviknight|88/100|[from] Stealth Rock
|-ability|p1a: Corviknight|Pressure
|
|-heal|p1a: Corviknight|94/100|[from] item: Leftovers
|turn|6
|
|move|p2a: Sugar Ray|Crunch|p1a: Corviknight
|-damage|p1a: Corviknight|44/100
|move|p1a: Corviknight|Brave Bird|p2a: Sugar Ray
|-crit|p2a: Sugar Ray
|-damage|p2a: Sugar Ray|14/100
|-damage|p1a: Corviknight|23/100|[from] Recoil
|
|-heal|p1a: Corviknight|29/100|[from] item: Leftovers
|turn|7
|
|switch|p1a: Landorus|Landorus-Therian, M|99/100
|-damage|p1a: Landorus|88/100|[from] Stealth Rock
|-ability|p1a: Landorus|Intimidate|boost
|-unboost|p2a: Sugar Ray|atk|1
|move|p2a: Sugar Ray|Crunch|p1a: Landorus
|-damage|p1a: Landorus|47/100
|
|-heal|p1a: Landorus|53/100|[from] item: Leftovers
|turn|8
|
|switch|p1a: Corviknight|Corviknight, F|29/100
|-damage|p1a: Corviknight|17/100|[from] Stealth Rock
|-ability|p1a: Corviknight|Pressure
|move|p2a: Sugar Ray|Acrobatics|p1a: Corviknight
|-resisted|p1a: Corviknight
|-damage|p1a: Corviknight|0 fnt
|faint|p1a: Corviknight
|
|
|switch|p1a: Landorus|Landorus-Therian, M|53/100
|-damage|p1a: Landorus|41/100|[from] Stealth Rock
|-ability|p1a: Landorus|Intimidate|boost
|-unboost|p2a: Sugar Ray|atk|1
|turn|9
|
|move|p2a: Sugar Ray|Acrobatics|p1a: Landorus
|-damage|p1a: Landorus|2/100
|move|p1a: Landorus|U-turn|p2a: Sugar Ray
|-resisted|p2a: Sugar Ray
|-damage|p2a: Sugar Ray|0 fnt
|faint|p2a: Sugar Ray
|-end|p2a: Sugar Ray|Protosynthesis|[silent]
|
|switch|p1a: Dragapult|Dragapult, M|100/100|[from] U-turn
|-damage|p1a: Dragapult|88/100|[from] Stealth Rock
|
|
|switch|p2a: Goldmember|Gholdengo|100/100
|turn|10
|
|switch|p1a: Zarude|Zarude|100/100
|-damage|p1a: Zarude|88/100|[from] Stealth Rock
|move|p2a: Goldmember|Shadow Ball|p1a: Zarude
|-resisted|p1a: Zarude
|-damage|p1a: Zarude|65/100
|-unboost|p1a: Zarude|spd|1
|
|-heal|p1a: Zarude|71/100|[from] item: Leftovers
|turn|11
|
|switch|p2a: The big man|Garchomp, F|100/100
|move|p1a: Zarude|Bulk Up|p1a: Zarude
|-boost|p1a: Zarude|atk|1
|-boost|p1a: Zarude|def|1
|
|-heal|p1a: Zarude|77/100|[from] item: Leftovers
|turn|12
|
|move|p1a: Zarude|Bulk Up|p1a: Zarude
|-boost|p1a: Zarude|atk|1
|-boost|p1a: Zarude|def|1
|move|p2a: The big man|Dragon Tail|p1a: Zarude
|-crit|p1a: Zarude
|-damage|p1a: Zarude|38/100
|drag|p1a: Landorus|Landorus-Therian, M|2/100
|-damage|p1a: Landorus|0 fnt|[from] Stealth Rock
|faint|p1a: Landorus
|
|
|switch|p1a: Dragapult|Dragapult, M|88/100
|-damage|p1a: Dragapult|76/100|[from] Stealth Rock
|turn|13
|
|switch|p2a: Goldmember|Gholdengo|100/100
|move|p1a: Dragapult|Draco Meteor|p2a: Goldmember
|-resisted|p2a: Goldmember
|-damage|p2a: Goldmember|47/100
|-unboost|p1a: Dragapult|spa|2
|
|turn|14
|
|switch|p1a: Zarude|Zarude|38/100
|-damage|p1a: Zarude|26/100|[from] Stealth Rock
|move|p2a: Goldmember|Shadow Ball|p1a: Zarude
|-resisted|p1a: Zarude
|-damage|p1a: Zarude|4/100
|
|-heal|p1a: Zarude|10/100|[from] item: Leftovers
|turn|15
|
|move|p2a: Goldmember|Shadow Ball|p1a: Zarude
|-resisted|p1a: Zarude
|-damage|p1a: Zarude|0 fnt
|faint|p1a: Zarude
|
|
|switch|p1a: Heatran|Heatran, F|100/100
|-damage|p1a: Heatran|88/100|[from] Stealth Rock
|turn|16
|
|switch|p2a: The big man|Garchomp, F|100/100
|move|p1a: Heatran|Earth Power|p2a: The big man
|-damage|p2a: The big man|75/100
|
|-heal|p1a: Heatran|94/100|[from] item: Leftovers
|turn|17
|
|move|p1a: Heatran|Protect|p1a: Heatran
|-singleturn|p1a: Heatran|Protect
|move|p2a: The big man|Earthquake|p1a: Heatran
|-activate|p1a: Heatran|move: Protect
|
|-heal|p1a: Heatran|100/100|[from] item: Leftovers
|turn|18
|
|switch|p1a: Dragapult|Dragapult, M|76/100
|-damage|p1a: Dragapult|64/100|[from] Stealth Rock
|move|p2a: The big man|Dragon Tail|p1a: Dragapult
|-supereffective|p1a: Dragapult
|-damage|p1a: Dragapult|0 fnt
|faint|p1a: Dragapult
|
|
|switch|p1a: Gallade|Gallade, M|100/100
|-damage|p1a: Gallade|94/100|[from] Stealth Rock
|turn|19
|
|-terastallize|p1a: Gallade|Fighting
|move|p1a: Gallade|Sacred Sword|p2a: The big man
|-damage|p2a: The big man|0 fnt
|-damage|p1a: Gallade|82/100|[from] ability: Rough Skin|[of] p2a: The big man
|-damage|p1a: Gallade|65/100|[from] item: Rocky Helmet|[of] p2a: The big man
|faint|p2a: The big man
|
|
|switch|p2a: Goldmember|Gholdengo|47/100
|turn|20
|
|switch|p2a: Crisp Rat|Toedscruel, F|100/100
|switch|p1a: Heatran|Heatran, F|100/100
|-damage|p1a: Heatran|88/100|[from] Stealth Rock
|
|-heal|p1a: Heatran|94/100|[from] item: Leftovers
|turn|21
|
|move|p2a: Crisp Rat|Earth Power|p1a: Heatran
|-supereffective|p1a: Heatran
|-damage|p1a: Heatran|7/100
|move|p1a: Heatran|Magma Storm|p2a: Crisp Rat
|-supereffective|p2a: Crisp Rat
|-damage|p2a: Crisp Rat|21/100
|-activate|p2a: Crisp Rat|move: Magma Storm|[of] p1a: Heatran
|
|-heal|p1a: Heatran|13/100|[from] item: Leftovers
|-damage|p2a: Crisp Rat|9/100|[from] move: Magma Storm|[partiallytrapped]
|turn|22
|
|move|p1a: Heatran|Protect|p1a: Heatran
|-singleturn|p1a: Heatran|Protect
|move|p2a: Crisp Rat|Knock Off|p1a: Heatran
|-activate|p1a: Heatran|move: Protect
|
|-heal|p1a: Heatran|20/100|[from] item: Leftovers
|-damage|p2a: Crisp Rat|0 fnt|[from] move: Magma Storm|[partiallytrapped]
|faint|p2a: Crisp Rat
|
|switch|p2a: Goldmember|Gholdengo|47/100
|turn|23
|
|move|p1a: Heatran|Protect|p1a: Heatran
|-singleturn|p1a: Heatran|Protect
|move|p2a: Goldmember|Shadow Ball|p1a: Heatran
|-activate|p1a: Heatran|move: Protect
|
|-heal|p1a: Heatran|26/100|[from] item: Leftovers
|turn|24
|
|move|p2a: Goldmember|Shadow Ball|p1a: Heatran
|-damage|p1a: Heatran|0 fnt
|faint|p1a: Heatran
|
|
|switch|p1a: Gallade|Gallade, M, tera:Fighting|65/100
|-damage|p1a: Gallade|59/100|[from] Stealth Rock
|turn|25
|
|move|p2a: Goldmember|Shadow Ball|p1a: Gallade
|-damage|p1a: Gallade|11/100
|-unboost|p1a: Gallade|spd|1
|move|p1a: Gallade|Knock Off|p2a: Goldmember
|-supereffective|p2a: Goldmember
|-damage|p2a: Goldmember|0 fnt
|-enditem|p2a: Goldmember|Choice Scarf|[from] move: Knock Off|[of] p1a: Gallade
|faint|p2a: Goldmember
|
|
|switch|p2a: Ozymandias|Kingambit, F|100/100
|-activate|p2a: Ozymandias|ability: Supreme Overlord
|-start|p2a: Ozymandias|fallen5|[silent]
|turn|26
|-message|The Gallade Man forfeited.
|
|win|da_br0909
