# advantage = p2
|poke|p1|Ceruledge, F|
|poke|p1|Ting-Lu|
|poke|p1|Gallade, M|
|poke|p1|Salazzle, F|
|poke|p1|Dachsbun, M|
|poke|p1|Farigiraf, M|
|poke|p2|Dragapult, M|
|poke|p2|Iron Moth|
|poke|p2|Pawmot, M|
|poke|p2|Cloyster, M|
|poke|p2|Sylveon, M|
|poke|p2|Luxray, F|
|teampreview
|
|start
|switch|p1a: hips dont lie|Gallade, M, shiny|100/100
|switch|p2a: Gyro|Dragapult, M|100/100
|turn|1
|
|switch|p1a: GOOD BOY :D|Dachsbun, M, shiny|100/100
|move|p2a: Gyro|Dragon Darts|p1a: GOOD BOY :D
|-immune|p1a: GOOD BOY :D
|
|turn|2
|
|-terastallize|p2a: Gyro|Poison
|move|p2a: Gyro|Tera Blast|p1a: GOOD BOY :D
|-supereffective|p1a: GOOD BOY :D
|-damage|p1a: GOOD BOY :D|20/100
|-damage|p2a: Gyro|91/100|[from] item: Life Orb
|move|p1a: GOOD BOY :D|Wish|p1a: GOOD BOY :D
|
|-heal|p1a: GOOD BOY :D|26/100|[from] item: Leftovers
|turn|3
|
|switch|p1a: Dr Awkward|Farigiraf, M, shiny|100/100
|move|p2a: Gyro|Tera Blast|p1a: Dr Awkward
|-damage|p1a: Dr Awkward|51/100
|-damage|p2a: Gyro|81/100|[from] item: Life Orb
|
|-heal|p1a: Dr Awkward|93/100|[from] move: Wish|[wisher] GOOD BOY :D
|turn|4
|
|move|p2a: Gyro|U-turn|p1a: Dr Awkward
|-supereffective|p1a: Dr Awkward
|-damage|p1a: Dr Awkward|38/100
|-damage|p2a: Gyro|71/100|[from] item: Life Orb
|
|switch|p2a: Diego|Luxray, F|100/100|[from] U-turn
|-ability|p2a: Diego|Intimidate|boost
|-unboost|p1a: Dr Awkward|atk|1
|move|p1a: Dr Awkward|Psychic|p2a: Diego
|-damage|p2a: Diego|35/100
|-damage|p1a: Dr Awkward|28/100|[from] item: Life Orb
|
|turn|5
|
|move|p2a: Diego|Crunch|p1a: Dr Awkward
|-supereffective|p1a: Dr Awkward
|-damage|p1a: Dr Awkward|0 fnt
|faint|p1a: Dr Awkward
|
|
|switch|p1a: cant be shiny :(|Ting-Lu|100/100
|-ability|p1a: cant be shiny :(|Vessel of Ruin
|turn|6
|
|move|p2a: Diego|Ice Fang|p1a: cant be shiny :(
|-supereffective|p1a: cant be shiny :(
|-damage|p1a: cant be shiny :(|78/100
|move|p1a: cant be shiny :(|Stealth Rock|p2a: Diego
|-sidestart|p2: p2|move: Stealth Rock
|
|-heal|p1a: cant be shiny :(|84/100|[from] item: Leftovers
|turn|7
|
|move|p2a: Diego|Ice Fang|p1a: cant be shiny :(
|-supereffective|p1a: cant be shiny :(
|-damage|p1a: cant be shiny :(|60/100
|move|p1a: cant be shiny :(|Whirlwind|p2a: Diego
|drag|p2a: Gyro|Dragapult, M, tera:Poison|71/100
|-damage|p2a: Gyro|59/100|[from] Stealth Rock
|
|-heal|p1a: cant be shiny :(|67/100|[from] item: Leftovers
|turn|8
|
|move|p2a: Gyro|Dragon Darts|p1a: cant be shiny :(
|-damage|p1a: cant be shiny :(|53/100
|-anim|p2a: Gyro|Dragon Darts|p1a: cant be shiny :(
|-damage|p1a: cant be shiny :(|38/100
|-damage|p2a: Gyro|49/100|[from] item: Life Orb
|move|p1a: cant be shiny :(|Ruination|p2a: Gyro
|-damage|p2a: Gyro|25/100
|
|-heal|p1a: cant be shiny :(|44/100|[from] item: Leftovers
|turn|9
|
|move|p2a: Gyro|Dragon Darts|p1a: cant be shiny :(
|-damage|p1a: cant be shiny :(|29/100
|-anim|p2a: Gyro|Dragon Darts|p1a: cant be shiny :(
|-damage|p1a: cant be shiny :(|13/100
|-damage|p2a: Gyro|15/100|[from] item: Life Orb
|move|p1a: cant be shiny :(|Whirlwind|p2a: Gyro
|drag|p2a: Johnny|Cloyster, M|100/100
|-damage|p2a: Johnny|75/100|[from] Stealth Rock
|
|-heal|p2a: Johnny|82/100|[from] item: Leftovers
|-heal|p1a: cant be shiny :(|20/100|[from] item: Leftovers
|turn|10
|
|move|p2a: Johnny|Icicle Spear|p1a: cant be shiny :(
|-supereffective|p1a: cant be shiny :(
|-damage|p1a: cant be shiny :(|11/100
|-supereffective|p1a: cant be shiny :(
|-damage|p1a: cant be shiny :(|1/100
|-supereffective|p1a: cant be shiny :(
|-damage|p1a: cant be shiny :(|0 fnt
|faint|p1a: cant be shiny :(
|-hitcount|p1: cant be shiny :(|3
|
|-heal|p2a: Johnny|88/100|[from] item: Leftovers
|
|switch|p1a: goose|Salazzle, F, shiny|100/100
|turn|11
|
|move|p1a: goose|Sludge Bomb|p2a: Johnny
|-damage|p2a: Johnny|0 fnt
|faint|p2a: Johnny
|
|
|switch|p2a: Gyro|Dragapult, M, tera:Poison|15/100
|-damage|p2a: Gyro|3/100|[from] Stealth Rock
|turn|12
|
|move|p1a: goose|Sludge Bomb|p2a: Gyro
|-resisted|p2a: Gyro
|-damage|p2a: Gyro|0 fnt
|faint|p2a: Gyro
|
|
|switch|p2a: Valentine|Pawmot, M|100/100
|-damage|p2a: Valentine|94/100|[from] Stealth Rock
|turn|13
|
|move|p1a: goose|Sludge Bomb|p2a: Valentine
|-damage|p2a: Valentine|20/100
|move|p2a: Valentine|Double Shock|p1a: goose
|-damage|p1a: goose|0 fnt
|-start|p2a: Valentine|typechange|???/Fighting|[from] move: Double Shock
|faint|p1a: goose
|
|
|switch|p1a: BisexualBlades|Ceruledge, F, shiny|100/100
|turn|14
|
|switch|p2a: Diego|Luxray, F|35/100
|-damage|p2a: Diego|23/100|[from] Stealth Rock
|-ability|p2a: Diego|Intimidate|boost
|-unboost|p1a: BisexualBlades|atk|1
|move|p1a: BisexualBlades|Swords Dance|p1a: BisexualBlades
|-boost|p1a: BisexualBlades|atk|2
|
|turn|15
|
|move|p1a: BisexualBlades|Shadow Sneak|p2a: Diego
|-damage|p2a: Diego|0 fnt
|faint|p2a: Diego
|-damage|p1a: BisexualBlades|90/100|[from] item: Life Orb
|
|
|switch|p2a: Hot Pants|Sylveon, M|100/100
|-damage|p2a: Hot Pants|88/100|[from] Stealth Rock
|turn|16
|
|move|p1a: BisexualBlades|Iron Head|p2a: Hot Pants
|-supereffective|p2a: Hot Pants
|-damage|p2a: Hot Pants|0 fnt
|faint|p2a: Hot Pants
|-damage|p1a: BisexualBlades|80/100|[from] item: Life Orb
|
|
|switch|p2a: Pocoloco|Iron Moth|100/100
|turn|17
|
|move|p2a: Pocoloco|Psychic|p1a: BisexualBlades
|-damage|p1a: BisexualBlades|39/100
|move|p1a: BisexualBlades|Bitter Blade|p2a: Pocoloco
|-resisted|p2a: Pocoloco
|-damage|p2a: Pocoloco|11/100
|-heal|p1a: BisexualBlades|81/100|[from] drain|[of] p2a: Pocoloco
|-damage|p1a: BisexualBlades|71/100|[from] item: Life Orb
|
|turn|18
|
|move|p1a: BisexualBlades|Shadow Sneak|p2a: Pocoloco
|-damage|p2a: Pocoloco|0 fnt
|faint|p2a: Pocoloco
|-end|p2a: Pocoloco|Quark Drive|[silent]
|-damage|p1a: BisexualBlades|61/100|[from] item: Life Orb
|
|
|switch|p2a: Valentine|Pawmot, M|20/100
|-damage|p2a: Valentine|14/100|[from] Stealth Rock
|turn|19
|
|move|p1a: BisexualBlades|Shadow Sneak|p2a: Valentine
|-damage|p2a: Valentine|0 fnt
|faint|p2a: Valentine
|-damage|p1a: BisexualBlades|51/100|[from] item: Life Orb
|
|win|p1
