|poke|p1|Goodra-Hisui, M|
|poke|p1|Arcanine-Hisui, M|
|poke|p1|Slowbro, M|
|poke|p1|Breloom, M|
|poke|p1|Kleavor, M|
|poke|p1|Zapdos|
|poke|p2|Amoonguss, M|
|poke|p2|Dondozo, M|
|poke|p2|Heatran, F|
|poke|p2|Pikachu-Hoenn, M|
|poke|p2|Kingambit, F|
|poke|p2|Iron Leaves|
|teampreview
|
|start
|switch|p1a: Kleavor|Kleavor, M|100/100
|switch|p2a: Kingambit|Kingambit, F|100/100
|turn|1
|
|-terastallize|p2a: Kingambit|Dark
|move|p1a: Kleavor|Stone Axe|p2a: Kingambit
|-damage|p2a: Kingambit|64/100
|-sidestart|p2: linchburgandy|move: Stealth Rock
|move|p2a: Kingambit|Iron Defense|p2a: Kingambit
|-boost|p2a: Kingambit|def|2
|
|turn|2
|
|move|p1a: Kleavor|X-Scissor|p2a: Kingambit
|-supereffective|p2a: Kingambit
|-damage|p2a: Kingambit|20/100
|-enditem|p2a: Kingambit|Aguav Berry|[eat]
|-heal|p2a: Kingambit|53/100|[from] item: Aguav Berry
|move|p2a: Kingambit|Foul Play|p1a: Kleavor
|-damage|p1a: Kleavor|59/100
|
|turn|3
|
|-terastallize|p1a: Kleavor|Bug
|move|p1a: Kleavor|X-Scissor|p2a: Kingambit
|-supereffective|p2a: Kingambit
|-damage|p2a: Kingambit|0 fnt
|faint|p2a: Kingambit
|
|
|switch|p2a: Dondozo|Dondozo, M|100/100
|-damage|p2a: Dondozo|88/100|[from] Stealth Rock
|turn|4
|
|switch|p1a: Godfather Zap|Zapdos|100/100
|-ability|p1a: Godfather Zap|Pressure
|move|p2a: Dondozo|Chilling Water|p1a: Godfather Zap
|-damage|p1a: Godfather Zap|86/100
|-unboost|p1a: Godfather Zap|atk|1
|
|-heal|p1a: Godfather Zap|92/100|[from] item: Leftovers
|turn|5
|
|switch|p2a: Pikachu|Pikachu-Hoenn, M|100/100
|-damage|p2a: Pikachu|88/100|[from] Stealth Rock
|move|p1a: Godfather Zap|Thunderbolt|p2a: Pikachu
|-resisted|p2a: Pikachu
|-damage|p2a: Pikachu|27/100
|
|-heal|p1a: Godfather Zap|98/100|[from] item: Leftovers
|turn|6
|
|move|p1a: Godfather Zap|Thunderbolt|p2a: Pikachu
|-resisted|p2a: Pikachu
|-damage|p2a: Pikachu|0 fnt
|faint|p2a: Pikachu
|
|-heal|p1a: Godfather Zap|100/100|[from] item: Leftovers
|
|switch|p2a: Heatran|Heatran, F|100/100
|-damage|p2a: Heatran|88/100|[from] Stealth Rock
|turn|7
|
|move|p1a: Godfather Zap|U-turn|p2a: Heatran
|-resisted|p2a: Heatran
|-damage|p2a: Heatran|86/100
|
|switch|p1a: Chill Guy|Slowbro, M|100/100|[from] U-turn
|move|p2a: Heatran|Flame Charge|p1a: Chill Guy
|-resisted|p1a: Chill Guy
|-damage|p1a: Chill Guy|96/100
|-boost|p2a: Heatran|spe|1
|
|turn|8
|
|move|p2a: Heatran|Crunch|p1a: Chill Guy
|-supereffective|p1a: Chill Guy
|-enditem|p1a: Chill Guy|Colbur Berry|[eat]
|-enditem|p1a: Chill Guy|Colbur Berry|[weaken]
|-damage|p1a: Chill Guy|87/100
|move|p1a: Chill Guy|Surf|p2a: Heatran
|-supereffective|p2a: Heatran
|-damage|p2a: Heatran|42/100
|
|turn|9
|
|move|p2a: Heatran|Flash Cannon|p1a: Chill Guy
|-resisted|p1a: Chill Guy
|-damage|p1a: Chill Guy|66/100
|move|p1a: Chill Guy|Surf|p2a: Heatran
|-supereffective|p2a: Heatran
|-damage|p2a: Heatran|2/100
|
|turn|10
|
|move|p2a: Heatran|Flash Cannon|p1a: Chill Guy
|-resisted|p1a: Chill Guy
|-damage|p1a: Chill Guy|48/100
|move|p1a: Chill Guy|Future Sight|p2a: Heatran
|-start|p1a: Chill Guy|move: Future Sight
|
|turn|11
|
|move|p2a: Heatran|Flash Cannon|p1a: Chill Guy
|-resisted|p1a: Chill Guy
|-damage|p1a: Chill Guy|28/100
|move|p1a: Chill Guy|Slack Off|p1a: Chill Guy
|-heal|p1a: Chill Guy|78/100
|
|turn|12
|
|move|p2a: Heatran|Flash Cannon|p1a: Chill Guy
|-resisted|p1a: Chill Guy
|-damage|p1a: Chill Guy|58/100
|move|p1a: Chill Guy|Surf|p2a: Heatran
|-supereffective|p2a: Heatran
|-damage|p2a: Heatran|0 fnt
|faint|p2a: Heatran
|
|-hint|Future Sight did not hit because the target is fainted.
|
|switch|p2a: Dondozo|Dondozo, M|88/100
|-damage|p2a: Dondozo|76/100|[from] Stealth Rock
|turn|13
|
|switch|p1a: Godfather Zap|Zapdos|100/100
|-ability|p1a: Godfather Zap|Pressure
|move|p2a: Dondozo|Chilling Water|p1a: Godfather Zap
|-damage|p1a: Godfather Zap|86/100
|-unboost|p1a: Godfather Zap|atk|1
|
|-heal|p1a: Godfather Zap|92/100|[from] item: Leftovers
|turn|14
|
|move|p1a: Godfather Zap|Thunderbolt|p2a: Dondozo
|-supereffective|p2a: Dondozo
|-damage|p2a: Dondozo|0 fnt
|faint|p2a: Dondozo
|
|-heal|p1a: Godfather Zap|99/100|[from] item: Leftovers
|
|switch|p2a: Amoonguss|Amoonguss, M|100/100
|-damage|p2a: Amoonguss|88/100|[from] Stealth Rock
|turn|15
|
|move|p1a: Godfather Zap|Heat Wave|p2a: Amoonguss
|-supereffective|p2a: Amoonguss
|-damage|p2a: Amoonguss|30/100
|move|p2a: Amoonguss|Giga Drain|p1a: Godfather Zap
|-resisted|p1a: Godfather Zap
|-damage|p1a: Godfather Zap|87/100
|-heal|p2a: Amoonguss|35/100|[from] drain|[of] p1a: Godfather Zap
|
|-heal|p1a: Godfather Zap|93/100|[from] item: Leftovers
|turn|16
|
|move|p1a: Godfather Zap|Heat Wave|p2a: Amoonguss
|-supereffective|p2a: Amoonguss
|-damage|p2a: Amoonguss|0 fnt
|faint|p2a: Amoonguss
|
|-heal|p1a: Godfather Zap|99/100|[from] item: Leftovers
|
|switch|p2a: Iron Leaves|Iron Leaves|100/100
|-damage|p2a: Iron Leaves|88/100|[from] Stealth Rock
|turn|17
|
|move|p1a: Godfather Zap|U-turn|p2a: Iron Leaves
|-supereffective|p2a: Iron Leaves
|-damage|p2a: Iron Leaves|49/100
|
|switch|p1a: Kleavor|Kleavor, M, tera:Bug|59/100|[from] U-turn
|move|p2a: Iron Leaves|Focus Blast|p1a: Kleavor
|-resisted|p1a: Kleavor
|-damage|p1a: Kleavor|45/100
|
|turn|18
|
|move|p2a: Iron Leaves|Energy Ball|p1a: Kleavor
|-resisted|p1a: Kleavor
|-damage|p1a: Kleavor|29/100
|move|p1a: Kleavor|X-Scissor|p2a: Iron Leaves
|-supereffective|p2a: Iron Leaves
|-damage|p2a: Iron Leaves|0 fnt
|faint|p2a: Iron Leaves
|-end|p2a: Iron Leaves|Quark Drive|[silent]
|
|win|timr35
