|poke|p1|Scizor, F|
|poke|p1|Sneasler, M|
|poke|p1|Basculegion-F, F|
|poke|p1|Hydreigon, F|
|poke|p1|Great Tusk|
|poke|p1|Goodra-Hisui, F|
|poke|p2|Torkoal, M|
|poke|p2|Magearna|
|poke|p2|Samurott-Hisui, M|
|poke|p2|Great Tusk|
|poke|p2|Corviknight, M|
|poke|p2|Walking Wake|
|teampreview
|
|start
|switch|p1a: Hydreigon|Hydreigon, F|100/100
|switch|p2a: Corviknight|Corviknight, M|100/100
|-ability|p2a: Corviknight|Pressure
|turn|1
|
|switch|p1a: Goodra|Goodra-Hisui, F|100/100
|move|p2a: Corviknight|U-turn|p1a: Goodra
|-resisted|p1a: Goodra
|-damage|p1a: Goodra|94/100
|-ability|p1a: Goodra|Gooey
|-unboost|p2a: Corviknight|spe|1
|
|switch|p2a: Great Tusk|Great Tusk|100/100|[from] U-turn
|
|turn|2
|
|switch|p1a: Basculegion|Basculegion-F, F|100/100
|move|p2a: Great Tusk|Earthquake|p1a: Basculegion
|-damage|p1a: Basculegion|44/100
|
|turn|3
|
|-end|p2a: Great Tusk|Protosynthesis|[silent]
|switch|p2a: Corviknight|Corviknight, M|100/100
|-ability|p2a: Corviknight|Pressure
|move|p1a: Basculegion|Hydro Pump|p2a: Corviknight
|-damage|p2a: Corviknight|0 fnt
|faint|p2a: Corviknight
|
|
|switch|p2a: Samurott|Samurott-Hisui, M|100/100
|turn|4
|
|move|p2a: Samurott|Ceaseless Edge|p1a: Basculegion
|-supereffective|p1a: Basculegion
|-damage|p1a: Basculegion|0 fnt
|-sidestart|p1: p1|Spikes
|faint|p1a: Basculegion
|
|
|switch|p1a: Great Tusk|Great Tusk|100/100
|-damage|p1a: Great Tusk|88/100|[from] Spikes
|turn|5
|
|switch|p2a: Walking Wake|Walking Wake|100/100
|move|p1a: Great Tusk|Rapid Spin|p2a: Walking Wake
|-damage|p2a: Walking Wake|85/100
|-boost|p1a: Great Tusk|spe|1
|-sideend|p1: p1|Spikes|[from] move: Rapid Spin|[of] p1a: Great Tusk
|
|-heal|p1a: Great Tusk|94/100|[from] item: Leftovers
|turn|6
|
|-end|p1a: Great Tusk|Protosynthesis|[silent]
|switch|p1a: Goodra|Goodra-Hisui, F|94/100
|move|p2a: Walking Wake|Hydro Steam|p1a: Goodra
|-resisted|p1a: Goodra
|-damage|p1a: Goodra|79/100
|
|turn|7
|
|-end|p2a: Walking Wake|Protosynthesis|[silent]
|switch|p2a: Great Tusk|Great Tusk|100/100
|move|p1a: Goodra|Ice Beam|p2a: Great Tusk
|-supereffective|p2a: Great Tusk
|-damage|p2a: Great Tusk|14/100
|
|-heal|p2a: Great Tusk|21/100|[from] item: Leftovers
|turn|8
|
|switch|p1a: Hydreigon|Hydreigon, F|100/100
|move|p2a: Great Tusk|Earthquake|p1a: Hydreigon
|-immune|p1a: Hydreigon|[from] ability: Levitate
|
|-heal|p2a: Great Tusk|27/100|[from] item: Leftovers
|turn|9
|
|move|p1a: Hydreigon|Substitute|p1a: Hydreigon
|-start|p1a: Hydreigon|Substitute
|-damage|p1a: Hydreigon|76/100
|move|p2a: Great Tusk|Stealth Rock|p1a: Hydreigon
|-sidestart|p1: p1|move: Stealth Rock
|
|-heal|p1a: Hydreigon|82/100|[from] item: Leftovers
|-heal|p2a: Great Tusk|33/100|[from] item: Leftovers
|turn|10
|
|-end|p2a: Great Tusk|Protosynthesis|[silent]
|switch|p2a: Magearna|Magearna|100/100
|move|p1a: Hydreigon|Nasty Plot|p1a: Hydreigon
|-boost|p1a: Hydreigon|spa|2
|
|-heal|p1a: Hydreigon|88/100|[from] item: Leftovers
|turn|11
|
|-terastallize|p1a: Hydreigon|Poison
|move|p1a: Hydreigon|Dark Pulse|p2a: Magearna
|-resisted|p2a: Magearna
|-damage|p2a: Magearna|78/100
|move|p2a: Magearna|Ice Beam|p1a: Hydreigon
|-end|p1a: Hydreigon|Substitute
|
|-heal|p1a: Hydreigon|94/100|[from] item: Leftovers
|turn|12
|
|switch|p1a: Scizor|Scizor, F|100/100
|-damage|p1a: Scizor|88/100|[from] Stealth Rock
|move|p2a: Magearna|Psyshock|p1a: Scizor
|-resisted|p1a: Scizor
|-damage|p1a: Scizor|69/100
|
|turn|13
|
|switch|p2a: Torkoal|Torkoal, M|100/100
|-weather|SunnyDay|[from] ability: Drought|[of] p2a: Torkoal
|move|p1a: Scizor|Swords Dance|p1a: Scizor
|-boost|p1a: Scizor|atk|2
|
|-weather|SunnyDay|[upkeep]
|turn|14
|
|move|p1a: Scizor|Close Combat|p2a: Torkoal
|-damage|p2a: Torkoal|35/100
|-unboost|p1a: Scizor|def|1
|-unboost|p1a: Scizor|spd|1
|-damage|p1a: Scizor|59/100|[from] item: Life Orb
|move|p2a: Torkoal|Lava Plume|p1a: Scizor
|-supereffective|p1a: Scizor
|-crit|p1a: Scizor
|-damage|p1a: Scizor|0 fnt
|faint|p1a: Scizor
|
|-weather|SunnyDay|[upkeep]
|
|switch|p1a: Great Tusk|Great Tusk|94/100
|-damage|p1a: Great Tusk|91/100|[from] Stealth Rock
|-activate|p1a: Great Tusk|ability: Protosynthesis
|-start|p1a: Great Tusk|protosynthesisdef
|turn|15
|
|-terastallize|p2a: Torkoal|Grass
|move|p1a: Great Tusk|Rapid Spin|p2a: Torkoal
|-damage|p2a: Torkoal|27/100
|-boost|p1a: Great Tusk|spe|1
|-sideend|p1: p1|Stealth Rock|[from] move: Rapid Spin|[of] p1a: Great Tusk
|move|p2a: Torkoal|Will-O-Wisp|p1a: Great Tusk|[miss]
|-miss|p2a: Torkoal|p1a: Great Tusk
|
|-weather|SunnyDay|[upkeep]
|-heal|p1a: Great Tusk|98/100|[from] item: Leftovers
|turn|16
|
|move|p1a: Great Tusk|Body Press|p2a: Torkoal
|-damage|p2a: Torkoal|0 fnt
|faint|p2a: Torkoal
|
|-weather|SunnyDay|[upkeep]
|-heal|p1a: Great Tusk|100/100|[from] item: Leftovers
|
|switch|p2a: Walking Wake|Walking Wake|85/100
|-activate|p2a: Walking Wake|ability: Protosynthesis
|-start|p2a: Walking Wake|protosynthesisspe
|turn|17
|
|-end|p1a: Great Tusk|Protosynthesis|[silent]
|switch|p1a: Goodra|Goodra-Hisui, F|79/100
|move|p2a: Walking Wake|Draco Meteor|p1a: Goodra
|-damage|p1a: Goodra|37/100
|-unboost|p2a: Walking Wake|spa|2
|
|-weather|none
|-end|p2a: Walking Wake|Protosynthesis
|turn|18
|
|-end|p2a: Walking Wake|Protosynthesis|[silent]
|switch|p2a: Magearna|Magearna|78/100
|move|p1a: Goodra|Dragon Pulse|p2a: Magearna
|-immune|p2a: Magearna
|
|turn|19
|
|move|p2a: Magearna|Aura Sphere|p1a: Goodra
|-supereffective|p1a: Goodra
|-damage|p1a: Goodra|9/100
|move|p1a: Goodra|Flamethrower|p2a: Magearna
|-supereffective|p2a: Magearna
|-damage|p2a: Magearna|45/100
|
|turn|20
|
|move|p2a: Magearna|Aura Sphere|p1a: Goodra
|-supereffective|p1a: Goodra
|-damage|p1a: Goodra|0 fnt
|faint|p1a: Goodra
|-ability|p2a: Magearna|Soul-Heart|boost
|-boost|p2a: Magearna|spa|1
|
|
|switch|p1a: Great Tusk|Great Tusk|100/100
|turn|21
|
|move|p1a: Great Tusk|Earthquake|p2a: Magearna
|-supereffective|p2a: Magearna
|-damage|p2a: Magearna|0 fnt
|faint|p2a: Magearna
|
|
|switch|p2a: Walking Wake|Walking Wake|85/100
|turn|22
|
|move|p2a: Walking Wake|Hydro Steam|p1a: Great Tusk
|-supereffective|p1a: Great Tusk
|-damage|p1a: Great Tusk|0 fnt
|faint|p1a: Great Tusk
|-end|p1a: Great Tusk|Protosynthesis|[silent]
|
|
|switch|p1a: Sneasler|Sneasler, M|100/100
|turn|23
|
|-end|p2a: Walking Wake|Protosynthesis|[silent]
|switch|p2a: Great Tusk|Great Tusk|33/100
|move|p1a: Sneasler|Dire Claw|p2a: Great Tusk
|-resisted|p2a: Great Tusk
|-damage|p2a: Great Tusk|17/100
|-status|p2a: Great Tusk|psn
|
|-heal|p2a: Great Tusk|23/100 psn|[from] item: Leftovers
|-damage|p2a: Great Tusk|11/100 psn|[from] psn
|turn|24
|
|move|p1a: Sneasler|Dire Claw|p2a: Great Tusk
|-resisted|p2a: Great Tusk
|-damage|p2a: Great Tusk|0 fnt
|faint|p2a: Great Tusk
|-end|p2a: Great Tusk|Protosynthesis|[silent]
|
|
|switch|p2a: Samurott|Samurott-Hisui, M|100/100
|turn|25
|
|switch|p1a: Hydreigon|Hydreigon, F, tera:Poison|94/100
|move|p2a: Samurott|Razor Shell|p1a: Hydreigon
|-damage|p1a: Hydreigon|37/100
|
|-heal|p1a: Hydreigon|44/100|[from] item: Leftovers
|turn|26
|
|move|p2a: Samurott|Razor Shell|p1a: Hydreigon
|-damage|p1a: Hydreigon|0 fnt
|faint|p1a: Hydreigon
|
|
|switch|p1a: Sneasler|Sneasler, M|100/100
|turn|27
|
|move|p2a: Samurott|Razor Shell|p1a: Sneasler
|-damage|p1a: Sneasler|13/100
|move|p1a: Sneasler|Dire Claw|p2a: Samurott
|-damage|p2a: Samurott|23/100
|-status|p2a: Samurott|slp
|
|turn|28
|
|cant|p2a: Samurott|slp
|move|p1a: Sneasler|Dire Claw|p2a: Samurott
|-damage|p2a: Samurott|0 fnt
|faint|p2a: Samurott
|
|
|switch|p2a: Walking Wake|Walking Wake|85/100
|turn|29
|
|move|p1a: Sneasler|Dire Claw|p2a: Walking Wake
|-damage|p2a: Walking Wake|12/100
|-status|p2a: Walking Wake|slp
|cant|p2a: Walking Wake|slp
|
|turn|30
|
|move|p1a: Sneasler|Dire Claw|p2a: Walking Wake
|-damage|p2a: Walking Wake|0 fnt
|faint|p2a: Walking Wake
|-end|p2a: Walking Wake|Protosynthesis|[silent]
|
|win|p1
