|poke|p1|Gholdengo|
|poke|p1|Dragapult, M|
|poke|p1|Ditto|
|poke|p1|Baxcalibur, F|
|poke|p1|Iron Treads|
|poke|p1|Masquerain, M|
|poke|p2|Gholdengo|
|poke|p2|Magearna|
|poke|p2|Zamazenta-*|
|poke|p2|Samurott-Hisui, F|
|poke|p2|Ursaluna, F|
|poke|p2|Azelf|
|teampreview
|
|start
|switch|p1a: Ditto|Ditto|100/100
|switch|p2a: Azelf|Azelf|100/100
|-transform|p1a: Ditto|p2a: Azelf|[from] ability: Imposter
|turn|1
|
|move|p1a: Ditto|Stealth Rock|p2a: Azelf
|-sidestart|p2: p2|move: Stealth Rock
|move|p2a: Azelf|Stealth Rock|p1a: Ditto
|-sidestart|p1: p1|move: Stealth Rock
|
|turn|2
|
|switch|p1a: Killdozer|Iron Treads|100/100
|-damage|p1a: Killdozer|97/100|[from] Stealth Rock
|move|p2a: Azelf|Reflect|p2a: Azelf
|-sidestart|p2: p2|Reflect
|
|turn|3
|
|move|p2a: Azelf|Light Screen|p2a: Azelf
|-sidestart|p2: p2|move: Light Screen
|move|p1a: Killdozer|Rapid Spin|p2a: Azelf
|-damage|p2a: Azelf|90/100
|-boost|p1a: Killdozer|spe|1
|-sideend|p1: p1|Stealth Rock|[from] move: Rapid Spin|[of] p1a: Killdozer
|
|turn|4
|
|-end|p1a: Killdozer|Quark Drive|[silent]
|switch|p1a: Lando-b|Masquerain, M, shiny|100/100
|-ability|p1a: Lando-b|Intimidate|boost
|-unboost|p2a: Azelf|atk|1
|move|p2a: Azelf|Stealth Rock|p1a: Lando-b
|-sidestart|p1: p1|move: Stealth Rock
|
|turn|5
|
|move|p2a: Azelf|Explosion|p1a: Lando-b
|-damage|p1a: Lando-b|21/100
|faint|p2a: Azelf
|move|p1a: Lando-b|Sticky Web|p2: Azelf
|-sidestart|p2: p2|move: Sticky Web
|
|
|switch|p2a: Samurott|Samurott-Hisui, F|100/100
|-damage|p2a: Samurott|88/100|[from] Stealth Rock
|-activate|p2a: Samurott|move: Sticky Web
|-unboost|p2a: Samurott|spe|1
|turn|6
|
|move|p1a: Lando-b|Air Slash|p2a: Samurott
|-damage|p2a: Samurott|62/100
|move|p2a: Samurott|Ceaseless Edge|p1a: Lando-b
|-damage|p1a: Lando-b|0 fnt
|-sidestart|p1: p1|Spikes
|faint|p1a: Lando-b
|-damage|p2a: Samurott|52/100|[from] item: Life Orb
|
|-sideend|p2: p2|Reflect
|
|switch|p1a: Killdozer|Iron Treads|97/100
|-damage|p1a: Killdozer|94/100|[from] Stealth Rock
|-damage|p1a: Killdozer|82/100|[from] Spikes
|turn|7
|
|move|p1a: Killdozer|Rapid Spin|p2a: Samurott
|-damage|p2a: Samurott|29/100
|-boost|p1a: Killdozer|spe|1
|-sideend|p1: p1|Spikes|[from] move: Rapid Spin|[of] p1a: Killdozer
|-sideend|p1: p1|Stealth Rock|[from] move: Rapid Spin|[of] p1a: Killdozer
|move|p2a: Samurott|Aqua Cutter|p1a: Killdozer
|-supereffective|p1a: Killdozer
|-damage|p1a: Killdozer|0 fnt
|faint|p1a: Killdozer
|-end|p1a: Killdozer|Quark Drive|[silent]
|-damage|p2a: Samurott|20/100|[from] item: Life Orb
|
|-sideend|p2: p2|move: Light Screen
|
|switch|p1a: Dragapult|Dragapult, M|100/100
|turn|8
|
|move|p2a: Samurott|Sucker Punch|p1a: Dragapult
|-supereffective|p1a: Dragapult
|-damage|p1a: Dragapult|0 fnt
|faint|p1a: Dragapult
|-damage|p2a: Samurott|10/100|[from] item: Life Orb
|
|
|switch|p1a: Gojicey|Baxcalibur, F|100/100
|turn|9
|
|move|p1a: Gojicey|Earthquake|p2a: Samurott
|-damage|p2a: Samurott|0 fnt
|faint|p2a: Samurott
|
|
|switch|p2a: Gholdengo|Gholdengo|100/100
|-damage|p2a: Gholdengo|94/100|[from] Stealth Rock
|-item|p2a: Gholdengo|Air Balloon
|turn|10
|
|switch|p1a: Ditto|Ditto|100/100
|-transform|p1a: Ditto|p2a: Gholdengo|[from] ability: Imposter
|move|p2a: Gholdengo|Make It Rain|p1a: Ditto
|-resisted|p1a: Ditto
|-damage|p1a: Ditto|71/100
|-unboost|p2a: Gholdengo|spa|1
|
|turn|11
|
|switch|p2a: Ursaluna|Ursaluna, F|100/100
|-damage|p2a: Ursaluna|94/100|[from] Stealth Rock
|-activate|p2a: Ursaluna|move: Sticky Web
|-unboost|p2a: Ursaluna|spe|1
|move|p1a: Ditto|Shadow Ball|p2a: Ursaluna
|-immune|p2a: Ursaluna
|
|-status|p2a: Ursaluna|brn|[from] item: Flame Orb
|turn|12
|
|switch|p1a: Joel Dengo|Gholdengo|100/100
|-item|p1a: Joel Dengo|Air Balloon
|move|p2a: Ursaluna|Fire Punch|p1a: Joel Dengo
|-supereffective|p1a: Joel Dengo
|-damage|p1a: Joel Dengo|8/100
|-enditem|p1a: Joel Dengo|Air Balloon
|
|-damage|p2a: Ursaluna|88/100 brn|[from] brn
|turn|13
|
|move|p1a: Joel Dengo|Make It Rain|p2a: Ursaluna
|-damage|p2a: Ursaluna|18/100 brn
|-unboost|p1a: Joel Dengo|spa|1
|move|p2a: Ursaluna|Fire Punch|p1a: Joel Dengo
|-supereffective|p1a: Joel Dengo
|-damage|p1a: Joel Dengo|0 fnt
|faint|p1a: Joel Dengo
|
|-damage|p2a: Ursaluna|12/100 brn|[from] brn
|
|switch|p1a: Gojicey|Baxcalibur, F|100/100
|turn|14
|
|move|p1a: Gojicey|Icicle Crash|p2a: Ursaluna|[miss]
|-miss|p1a: Gojicey|p2a: Ursaluna
|move|p2a: Ursaluna|Facade|p1a: Gojicey
|-damage|p1a: Gojicey|0 fnt
|faint|p1a: Gojicey
|
|-damage|p2a: Ursaluna|5/100 brn|[from] brn
|
|switch|p1a: Ditto|Ditto|71/100
|-transform|p1a: Ditto|p2a: Ursaluna|[from] ability: Imposter
|turn|15
|
|move|p1a: Ditto|Fire Punch|p2a: Ursaluna
|-damage|p2a: Ursaluna|0 fnt
|faint|p2a: Ursaluna
|
|
|switch|p2a: Zamazenta|Zamazenta|100/100
|-damage|p2a: Zamazenta|94/100|[from] Stealth Rock
|-activate|p2a: Zamazenta|move: Sticky Web
|-unboost|p2a: Zamazenta|spe|1
|-ability|p2a: Zamazenta|Dauntless Shield|boost
|-boost|p2a: Zamazenta|def|1
|turn|16
|
|-terastallize|p1a: Ditto|Water
|move|p2a: Zamazenta|Body Press|p1a: Ditto
|-damage|p1a: Ditto|21/100
|move|p1a: Ditto|Fire Punch|p2a: Zamazenta
|-damage|p2a: Zamazenta|79/100
|
|-heal|p2a: Zamazenta|85/100|[from] item: Leftovers
|turn|17
|
|move|p2a: Zamazenta|Body Press|p1a: Ditto
|-damage|p1a: Ditto|0 fnt
|faint|p1a: Ditto
|
|win|p2
|player|p2|p2|ninjaboy
