|poke|p1|Dragonite, F|
|poke|p1|Houndstone, F|
|poke|p1|Ting-Lu|
|poke|p1|Gholdengo|
|poke|p1|Slowbro-Galar, F|
|poke|p1|Great Tusk|
|poke|p2|Samurott-Hisui, F|
|poke|p2|Magearna|
|poke|p2|Iron Moth|
|poke|p2|Zamazenta-*|
|poke|p2|Gholdengo|
|poke|p2|Great Tusk|
|teampreview
|
|start
|switch|p1a: Houndstone|Houndstone, F|100/100
|switch|p2a: Samurott|Samurott-Hisui, F|100/100
|turn|1
|
|move|p2a: Samurott|Ceaseless Edge|p1a: Houndstone
|-supereffective|p1a: Houndstone
|-damage|p1a: Houndstone|60/100
|-sidestart|p1: testertester123|Spikes
|-damage|p2a: Samurott|91/100|[from] item: Life Orb
|move|p1a: Houndstone|Body Press|p2a: Samurott
|-supereffective|p2a: Samurott
|-damage|p2a: Samurott|23/100
|
|-heal|p1a: Houndstone|66/100|[from] item: Leftovers
|turn|2
|
|switch|p2a: Iron Moth|Iron Moth|100/100
|-enditem|p2a: Iron Moth|Booster Energy
|-activate|p2a: Iron Moth|ability: Quark Drive|[fromitem]
|-start|p2a: Iron Moth|quarkdrivespa
|move|p1a: Houndstone|Night Shade|p2a: Iron Moth
|-damage|p2a: Iron Moth|67/100
|
|-heal|p1a: Houndstone|72/100|[from] item: Leftovers
|turn|3
|
|switch|p1a: Slowbro|Slowbro-Galar, F|100/100
|-damage|p1a: Slowbro|88/100|[from] Spikes
|move|p2a: Iron Moth|Fiery Dance|p1a: Slowbro
|-damage|p1a: Slowbro|55/100
|-boost|p2a: Iron Moth|spa|1
|
|turn|4
|
|move|p2a: Iron Moth|Fiery Dance|p1a: Slowbro
|-damage|p1a: Slowbro|6/100
|-boost|p2a: Iron Moth|spa|1
|move|p1a: Slowbro|Earthquake|p2a: Iron Moth
|-supereffective|p2a: Iron Moth
|-damage|p2a: Iron Moth|0 fnt
|faint|p2a: Iron Moth
|-end|p2a: Iron Moth|Quark Drive|[silent]
|
|
|switch|p2a: Samurott|Samurott-Hisui, F|23/100
|turn|5
|
|switch|p1a: Great Tusk|Great Tusk|100/100
|-damage|p1a: Great Tusk|88/100|[from] Spikes
|move|p2a: Samurott|Ceaseless Edge|p1a: Great Tusk
|-resisted|p1a: Great Tusk
|-damage|p1a: Great Tusk|75/100
|-sidestart|p1: testertester123|Spikes
|-damage|p2a: Samurott|7/100|[from] item: Rocky Helmet|[of] p1a: Great Tusk
|-damage|p2a: Samurott|0 fnt|[from] item: Life Orb
|faint|p2a: Samurott
|
|
|switch|p2a: Magearna|Magearna|100/100
|turn|6
|
|move|p1a: Great Tusk|Rapid Spin|p2a: Magearna
|-resisted|p2a: Magearna
|-damage|p2a: Magearna|94/100
|-boost|p1a: Great Tusk|spe|1
|-sideend|p1: testertester123|Spikes|[from] move: Rapid Spin|[of] p1a: Great Tusk
|move|p2a: Magearna|Shift Gear|p2a: Magearna
|-boost|p2a: Magearna|spe|2
|-boost|p2a: Magearna|atk|1
|
|turn|7
|
|-end|p1a: Great Tusk|Protosynthesis|[silent]
|switch|p1a: Ting-Lu|Ting-Lu|100/100
|-ability|p1a: Ting-Lu|Vessel of Ruin
|move|p2a: Magearna|Calm Mind|p2a: Magearna
|-boost|p2a: Magearna|spa|1
|-boost|p2a: Magearna|spd|1
|
|turn|8
|
|move|p2a: Magearna|Draining Kiss|p1a: Ting-Lu
|-supereffective|p1a: Ting-Lu
|-damage|p1a: Ting-Lu|69/100
|-heal|p2a: Magearna|100/100|[from] drain|[of] p1a: Ting-Lu
|move|p1a: Ting-Lu|Whirlwind|p2a: Magearna
|drag|p2a: Gholdengo|Gholdengo|100/100
|
|-heal|p1a: Ting-Lu|75/100|[from] item: Leftovers
|turn|9
|
|move|p2a: Gholdengo|Trick|p1a: Ting-Lu
|-activate|p2a: Gholdengo|move: Trick|[of] p1a: Ting-Lu
|-item|p1a: Ting-Lu|Choice Scarf|[from] move: Trick
|-item|p2a: Gholdengo|Leftovers|[from] move: Trick
|move|p1a: Ting-Lu|Spikes|p2a: Gholdengo
|-sidestart|p2: Ddrakos|Spikes
|
|turn|10
|
|switch|p2a: Great Tusk|Great Tusk|100/100
|-damage|p2a: Great Tusk|88/100|[from] Spikes
|move|p1a: Ting-Lu|Spikes|p2a: Great Tusk
|-sidestart|p2: Ddrakos|Spikes
|
|-heal|p2a: Great Tusk|94/100|[from] item: Leftovers
|turn|11
|
|switch|p1a: Houndstone|Houndstone, F|72/100
|move|p2a: Great Tusk|Earthquake|p1a: Houndstone
|-damage|p1a: Houndstone|39/100
|
|-heal|p2a: Great Tusk|100/100|[from] item: Leftovers
|-heal|p1a: Houndstone|45/100|[from] item: Leftovers
|turn|12
|
|move|p2a: Great Tusk|Knock Off|p1a: Houndstone
|-supereffective|p1a: Houndstone
|-crit|p1a: Houndstone
|-damage|p1a: Houndstone|15/100
|-enditem|p1a: Houndstone|Leftovers|[from] move: Knock Off|[of] p2a: Great Tusk
|move|p1a: Houndstone|Will-O-Wisp|p2a: Great Tusk|[miss]
|-miss|p1a: Houndstone|p2a: Great Tusk
|
|turn|13
|
|move|p2a: Great Tusk|Earthquake|p1a: Houndstone
|-damage|p1a: Houndstone|0 fnt
|faint|p1a: Houndstone
|
|
|switch|p1a: Dragonite|Dragonite, F|100/100
|turn|14
|
|move|p1a: Dragonite|Encore|p2a: Great Tusk
|-start|p2a: Great Tusk|Encore
|move|p2a: Great Tusk|Earthquake|p1a: Dragonite
|-immune|p1a: Dragonite
|
|turn|15
|
|-end|p2a: Great Tusk|Protosynthesis|[silent]
|switch|p2a: Zamazenta|Zamazenta|100/100
|-damage|p2a: Zamazenta|84/100|[from] Spikes
|-ability|p2a: Zamazenta|Dauntless Shield|boost
|-boost|p2a: Zamazenta|def|1
|move|p1a: Dragonite|Dragon Dance|p1a: Dragonite
|-boost|p1a: Dragonite|atk|1
|-boost|p1a: Dragonite|spe|1
|
|-heal|p2a: Zamazenta|90/100|[from] item: Leftovers
|turn|16
|
|move|p2a: Zamazenta|Iron Defense|p2a: Zamazenta
|-boost|p2a: Zamazenta|def|2
|move|p1a: Dragonite|Dragon Dance|p1a: Dragonite
|-boost|p1a: Dragonite|atk|1
|-boost|p1a: Dragonite|spe|1
|
|-heal|p2a: Zamazenta|96/100|[from] item: Leftovers
|turn|17
|
|move|p2a: Zamazenta|Protect|p2a: Zamazenta
|-singleturn|p2a: Zamazenta|Protect
|move|p1a: Dragonite|Encore|p2a: Zamazenta
|-activate|p2a: Zamazenta|move: Protect
|
|-heal|p2a: Zamazenta|100/100|[from] item: Leftovers
|turn|18
|player|p2|
|-message|Ddrakos lost due to inactivity.
|
|win|testertester123
|player|p2|Ddrakos|giovanni
|player|p2|
|player|p2|Ddrakos|giovanni
