|poke|p1|Glimmora, M|
|poke|p1|Dragapult, F|
|poke|p1|Magearna|
|poke|p1|Samurott-Hisui, M|
|poke|p1|Lilligant-Hisui, F|
|poke|p1|Enamorus-Therian, F|
|poke|p2|Magearna|
|poke|p2|Dragapult, M|
|poke|p2|Landorus-Therian, M|
|poke|p2|Heatran, M|
|poke|p2|Sneasler, M|
|poke|p2|Ursaluna, F|
|teampreview
|
|start
|switch|p1a: Glimmora|Glimmora, M|100/100
|switch|p2a: Landorus|Landorus-Therian, M, shiny|100/100
|-ability|p2a: Landorus|Intimidate|boost
|-unboost|p1a: Glimmora|atk|1
|turn|1
|
|move|p2a: Landorus|Stealth Rock|p1a: Glimmora
|-sidestart|p1: p1|move: Stealth Rock
|move|p1a: Glimmora|Stealth Rock|p2a: Landorus
|-sidestart|p2: p2|move: Stealth Rock
|
|turn|2
|
|switch|p2a: Magearna|Magearna|100/100
|-damage|p2a: Magearna|95/100|[from] Stealth Rock
|move|p1a: Glimmora|Mortal Spin|p2a: Magearna
|-immune|p2a: Magearna
|
|turn|3
|
|move|p2a: Magearna|Ice Beam|p1a: Glimmora
|-damage|p1a: Glimmora|58/100
|move|p1a: Glimmora|Earth Power|p2a: Magearna
|-supereffective|p2a: Magearna
|-damage|p2a: Magearna|34/100
|
|turn|4
|
|switch|p2a: Landorus|Landorus-Therian, M, shiny|100/100
|-damage|p2a: Landorus|88/100|[from] Stealth Rock
|-ability|p2a: Landorus|Intimidate|boost
|-unboost|p1a: Glimmora|atk|1
|move|p1a: Glimmora|Mortal Spin|p2a: Landorus
|-resisted|p2a: Landorus
|-damage|p2a: Landorus|86/100
|-status|p2a: Landorus|psn
|-sideend|p1: p1|Stealth Rock|[from] move: Mortal Spin|[of] p1a: Glimmora
|
|-damage|p2a: Landorus|74/100 psn|[from] psn
|turn|5
|
|move|p2a: Landorus|U-turn|p1a: Glimmora
|-resisted|p1a: Glimmora
|-damage|p1a: Glimmora|38/100
|-activate|p1a: Glimmora|ability: Toxic Debris
|-sidestart|p2: p2|move: Toxic Spikes
|-damage|p2a: Landorus|64/100 psn|[from] item: Life Orb
|
|switch|p2a: Heatran|Heatran, M|100/100|[from] U-turn
|-damage|p2a: Heatran|88/100|[from] Stealth Rock
|move|p1a: Glimmora|Mortal Spin|p2a: Heatran
|-immune|p2a: Heatran
|
|-heal|p2a: Heatran|94/100|[from] item: Leftovers
|turn|6
|
|move|p1a: Glimmora|Energy Ball|p2a: Heatran
|-resisted|p2a: Heatran
|-damage|p2a: Heatran|86/100
|move|p2a: Heatran|Earth Power|p1a: Glimmora
|-supereffective|p1a: Glimmora
|-damage|p1a: Glimmora|0 fnt
|faint|p1a: Glimmora
|
|-heal|p2a: Heatran|92/100|[from] item: Leftovers
|
|switch|p1a: Samurott|Samurott-Hisui, M|100/100
|turn|7
|
|switch|p2a: Dragapult|Dragapult, M|100/100
|-damage|p2a: Dragapult|88/100|[from] Stealth Rock
|-status|p2a: Dragapult|psn
|move|p1a: Samurott|Ceaseless Edge|p2a: Dragapult
|-supereffective|p2a: Dragapult
|-damage|p2a: Dragapult|0 fnt
|-sidestart|p2: p2|Spikes
|faint|p2a: Dragapult
|
|
|switch|p2a: Magearna|Magearna|34/100
|-damage|p2a: Magearna|28/100|[from] Stealth Rock
|-damage|p2a: Magearna|16/100|[from] Spikes
|turn|8
|
|switch|p1a: Enamorus|Enamorus-Therian, F|100/100
|move|p2a: Magearna|Fleur Cannon|p1a: Enamorus
|-crit|p1a: Enamorus
|-damage|p1a: Enamorus|0 fnt
|-unboost|p2a: Magearna|spa|2
|faint|p1a: Enamorus
|-ability|p2a: Magearna|Soul-Heart|boost
|-boost|p2a: Magearna|spa|1
|
|
|switch|p1a: Dragapult|Dragapult, F|100/100
|turn|9
|
|move|p1a: Dragapult|Light Screen|p1a: Dragapult
|-sidestart|p1: p1|move: Light Screen
|move|p2a: Magearna|Fleur Cannon|p1a: Dragapult
|-supereffective|p1a: Dragapult
|-damage|p1a: Dragapult|51/100
|-unboost|p2a: Magearna|spa|2
|
|turn|10
|
|switch|p2a: Landorus|Landorus-Therian, M, shiny|64/100 psn
|-damage|p2a: Landorus|52/100 psn|[from] Stealth Rock
|-ability|p2a: Landorus|Intimidate|boost
|-unboost|p1a: Dragapult|atk|1
|move|p1a: Dragapult|Reflect|p1a: Dragapult
|-sidestart|p1: p1|Reflect
|
|-damage|p2a: Landorus|40/100 psn|[from] psn
|turn|11
|
|move|p1a: Dragapult|Curse|p2a: Landorus
|-start|p2a: Landorus|Curse|[of] p1a: Dragapult
|-damage|p1a: Dragapult|1/100
|move|p2a: Landorus|Stealth Rock|p1a: Dragapult
|-sidestart|p1: p1|move: Stealth Rock
|
|-damage|p2a: Landorus|28/100 psn|[from] psn
|-damage|p2a: Landorus|3/100 psn|[from] Curse
|turn|12
|
|move|p1a: Dragapult|Disable|p2a: Landorus
|-start|p2a: Landorus|Disable|Stealth Rock
|move|p2a: Landorus|U-turn|p1a: Dragapult
|-resisted|p1a: Dragapult
|-damage|p1a: Dragapult|0 fnt
|faint|p1a: Dragapult
|-damage|p2a: Landorus|0 fnt|[from] item: Life Orb
|faint|p2a: Landorus
|
|
|switch|p1a: Magearna|Magearna|100/100
|switch|p2a: Ursaluna|Ursaluna, F|100/100
|-damage|p1a: Magearna|94/100|[from] Stealth Rock
|-damage|p2a: Ursaluna|94/100|[from] Stealth Rock
|-status|p2a: Ursaluna|psn
|-damage|p2a: Ursaluna|82/100 psn|[from] Spikes
|turn|13
|
|move|p1a: Magearna|Iron Defense|p1a: Magearna
|-boost|p1a: Magearna|def|2
|move|p2a: Ursaluna|Headlong Rush|p1a: Magearna
|-supereffective|p1a: Magearna
|-damage|p1a: Magearna|52/100
|-unboost|p2a: Ursaluna|def|1
|-unboost|p2a: Ursaluna|spd|1
|-enditem|p1a: Magearna|Weakness Policy
|-boost|p1a: Magearna|atk|2|[from] item: Weakness Policy
|-boost|p1a: Magearna|spa|2|[from] item: Weakness Policy
|
|-damage|p2a: Ursaluna|70/100 psn|[from] psn
|turn|14
|
|move|p1a: Magearna|Stored Power|p2a: Ursaluna
|-damage|p2a: Ursaluna|0 fnt
|faint|p2a: Ursaluna
|-ability|p1a: Magearna|Soul-Heart|boost
|-boost|p1a: Magearna|spa|1
|
|
|switch|p2a: Heatran|Heatran, M|92/100
|-damage|p2a: Heatran|80/100|[from] Stealth Rock
|-damage|p2a: Heatran|68/100|[from] Spikes
|turn|15
|
|-terastallize|p1a: Magearna|Psychic
|move|p2a: Heatran|Magma Storm|p1a: Magearna
|-damage|p1a: Magearna|36/100
|-activate|p1a: Magearna|move: Magma Storm|[of] p2a: Heatran
|move|p1a: Magearna|Stored Power|p2a: Heatran
|-resisted|p2a: Heatran
|-damage|p2a: Heatran|0 fnt
|faint|p2a: Heatran
|-ability|p1a: Magearna|Soul-Heart|boost
|-boost|p1a: Magearna|spa|1
|
|-end|p1a: Magearna|Magma Storm|[partiallytrapped]|[silent]
|-message|p2 forfeited.
|
|win|p1
