|poke|p1|Urshifu-*, F|
|poke|p1|Mew|
|poke|p1|Dragapult, F|
|poke|p1|Magearna|
|poke|p1|Great Tusk|
|poke|p1|Chien-Pao|
|poke|p2|Komala, F|
|poke|p2|Cetitan, M|
|poke|p2|Sneasler, F|
|poke|p2|Delphox, F|
|poke|p2|Toedscruel, M|
|poke|p2|Dondozo, F|
|teampreview
|player|p2|
|
|start
|switch|p1a: Mew|Mew|100/100
|switch|p2a: Dondozo|Dondozo, F|100/100
|turn|1
|player|p2|p2|102
|
|move|p1a: Mew|Taunt|p2a: Dondozo
|-start|p2a: Dondozo|move: Taunt
|move|p2a: Dondozo|Liquidation|p1a: Mew
|-damage|p1a: Mew|73/100
|
|turn|2
|player|p2|
|
|move|p1a: Mew|Stealth Rock|p2a: Dondozo
|-sidestart|p2: p2|move: Stealth Rock
|move|p2a: Dondozo|Liquidation|p1a: Mew
|-damage|p1a: Mew|46/100
|
|turn|3
|player|p2|p2|102
|
|move|p1a: Mew|Spikes|p2a: Dondozo
|-sidestart|p2: p2|Spikes
|move|p2a: Dondozo|Liquidation|p1a: Mew
|-damage|p1a: Mew|15/100
|
|-end|p2a: Dondozo|move: Taunt
|turn|4
|
|switch|p2a: Komala|Komala, F|100/100
|-damage|p2a: Komala|88/100|[from] Stealth Rock
|-damage|p2a: Komala|76/100|[from] Spikes
|-ability|p2a: Komala|Comatose
|move|p1a: Mew|Taunt|p2a: Komala
|-start|p2a: Komala|move: Taunt
|
|turn|5
|
|move|p1a: Mew|Ice Beam|p2a: Komala
|-damage|p2a: Komala|58/100
|move|p2a: Komala|Rapid Spin|p1a: Mew
|-damage|p1a: Mew|0 fnt
|-boost|p2a: Komala|spe|1
|-sideend|p2: p2|Spikes|[from] move: Rapid Spin|[of] p2a: Komala
|-sideend|p2: p2|Stealth Rock|[from] move: Rapid Spin|[of] p2a: Komala
|faint|p1a: Mew
|
|
|switch|p1a: Dragapult|Dragapult, F|100/100
|turn|6
|
|switch|p2a: Toedscruel|Toedscruel, M|100/100
|move|p1a: Dragapult|Draco Meteor|p2a: Toedscruel|[miss]
|-miss|p1a: Dragapult|p2a: Toedscruel
|
|turn|7
|
|switch|p1a: Great Tusk|Great Tusk|100/100
|-enditem|p1a: Great Tusk|Booster Energy
|-activate|p1a: Great Tusk|ability: Protosynthesis|[fromitem]
|-start|p1a: Great Tusk|protosynthesisatk
|move|p2a: Toedscruel|Spore|p1a: Great Tusk
|-status|p1a: Great Tusk|slp|[from] move: Spore
|
|turn|8
|
|cant|p1a: Great Tusk|slp
|move|p2a: Toedscruel|Giga Drain|p1a: Great Tusk
|-supereffective|p1a: Great Tusk
|-damage|p1a: Great Tusk|35/100 slp
|
|turn|9
|
|cant|p1a: Great Tusk|slp
|move|p2a: Toedscruel|Giga Drain|p1a: Great Tusk
|-supereffective|p1a: Great Tusk
|-damage|p1a: Great Tusk|0 fnt
|faint|p1a: Great Tusk
|-end|p1a: Great Tusk|Protosynthesis|[silent]
|
|
|switch|p1a: Urshifu|Urshifu-Rapid-Strike, F|100/100
|turn|10
|
|switch|p2a: Dondozo|Dondozo, F|100/100
|move|p1a: Urshifu|Ice Spinner|p2a: Dondozo
|-resisted|p2a: Dondozo
|-damage|p2a: Dondozo|94/100
|
|-heal|p2a: Dondozo|100/100|[from] item: Leftovers
|turn|11
|
|switch|p1a: Magearna|Magearna|100/100
|move|p2a: Dondozo|Liquidation|p1a: Magearna
|-damage|p1a: Magearna|76/100
|
|-heal|p1a: Magearna|82/100|[from] item: Leftovers
|turn|12
|
|switch|p2a: Komala|Komala, F|58/100
|-ability|p2a: Komala|Comatose
|move|p1a: Magearna|Shift Gear|p1a: Magearna
|-boost|p1a: Magearna|spe|2
|-boost|p1a: Magearna|atk|1
|
|-heal|p1a: Magearna|88/100|[from] item: Leftovers
|turn|13
|
|move|p1a: Magearna|Calm Mind|p1a: Magearna
|-boost|p1a: Magearna|spa|1
|-boost|p1a: Magearna|spd|1
|move|p2a: Komala|Earthquake|p1a: Magearna
|-supereffective|p1a: Magearna
|-damage|p1a: Magearna|26/100
|
|-heal|p1a: Magearna|32/100|[from] item: Leftovers
|turn|14
|
|move|p1a: Magearna|Draining Kiss|p2a: Komala
|-damage|p2a: Komala|27/100
|-heal|p1a: Magearna|55/100|[from] drain|[of] p2a: Komala
|move|p2a: Komala|Earthquake|p1a: Magearna
|-supereffective|p1a: Magearna
|-crit|p1a: Magearna
|-damage|p1a: Magearna|0 fnt
|faint|p1a: Magearna
|
|
|switch|p1a: Chien-Pao|Chien-Pao|100/100
|-ability|p1a: Chien-Pao|Sword of Ruin
|turn|15
|
|switch|p2a: Dondozo|Dondozo, F|100/100
|move|p1a: Chien-Pao|Sacred Sword|p2a: Dondozo
|-damage|p2a: Dondozo|82/100
|
|-heal|p2a: Dondozo|88/100|[from] item: Leftovers
|turn|16
|
|switch|p1a: Dragapult|Dragapult, F|100/100
|move|p2a: Dondozo|Liquidation|p1a: Dragapult
|-resisted|p1a: Dragapult
|-damage|p1a: Dragapult|80/100
|
|-heal|p2a: Dondozo|95/100|[from] item: Leftovers
|turn|17
|
|switch|p2a: Toedscruel|Toedscruel, M|100/100
|move|p1a: Dragapult|Flamethrower|p2a: Toedscruel
|-supereffective|p2a: Toedscruel
|-crit|p2a: Toedscruel
|-damage|p2a: Toedscruel|22/100
|
|turn|18
|
|move|p1a: Dragapult|Flamethrower|p2a: Toedscruel
|-supereffective|p2a: Toedscruel
|-damage|p2a: Toedscruel|0 fnt
|faint|p2a: Toedscruel
|
|
|switch|p2a: Delphox|Delphox, F|100/100
|turn|19
|
|switch|p1a: Urshifu|Urshifu-Rapid-Strike, F|100/100
|move|p2a: Delphox|Grass Knot|p1a: Urshifu
|-supereffective|p1a: Urshifu
|-damage|p1a: Urshifu|0 fnt
|faint|p1a: Urshifu
|
|
|switch|p1a: Dragapult|Dragapult, F|80/100
|turn|20
|
|switch|p2a: Komala|Komala, F|27/100
|-ability|p2a: Komala|Comatose
|move|p1a: Dragapult|Shadow Ball|p2a: Komala
|-immune|p2a: Komala
|
|turn|21
|
|switch|p1a: Chien-Pao|Chien-Pao|100/100
|-ability|p1a: Chien-Pao|Sword of Ruin
|move|p2a: Komala|U-turn|p1a: Chien-Pao
|-supereffective|p1a: Chien-Pao
|-damage|p1a: Chien-Pao|29/100
|
|switch|p2a: Sneasler|Sneasler, F|100/100|[from] U-turn
|
|turn|22
|
|move|p1a: Chien-Pao|Icicle Crash|p2a: Sneasler
|-damage|p2a: Sneasler|12/100
|cant|p2a: Sneasler|flinch
|
|turn|23
|
|move|p1a: Chien-Pao|Ice Shard|p2a: Sneasler
|-damage|p2a: Sneasler|0 fnt
|faint|p2a: Sneasler
|
|
|switch|p2a: Dondozo|Dondozo, F|95/100
|turn|24
|
|switch|p1a: Dragapult|Dragapult, F|80/100
|move|p2a: Dondozo|Liquidation|p1a: Dragapult
|-resisted|p1a: Dragapult
|-damage|p1a: Dragapult|59/100
|-unboost|p1a: Dragapult|def|1
|
|-heal|p2a: Dondozo|100/100|[from] item: Leftovers
|turn|25
|
|switch|p2a: Komala|Komala, F|27/100
|-ability|p2a: Komala|Comatose
|move|p1a: Dragapult|Draco Meteor|p2a: Komala
|-damage|p2a: Komala|0 fnt
|-unboost|p1a: Dragapult|spa|2
|faint|p2a: Komala
|
|
|switch|p2a: Cetitan|Cetitan, M|100/100
|turn|26
|
|move|p2a: Cetitan|Ice Shard|p1a: Dragapult
|-supereffective|p1a: Dragapult
|-damage|p1a: Dragapult|0 fnt
|faint|p1a: Dragapult
|-damage|p2a: Cetitan|91/100|[from] item: Life Orb
|
|
|switch|p1a: Chien-Pao|Chien-Pao|29/100
|-ability|p1a: Chien-Pao|Sword of Ruin
|turn|27
|
|-terastallize|p2a: Cetitan|Water
|move|p1a: Chien-Pao|Sacred Sword|p2a: Cetitan
|-damage|p2a: Cetitan|48/100
|move|p2a: Cetitan|Liquidation|p1a: Chien-Pao
|-damage|p1a: Chien-Pao|0 fnt
|faint|p1a: Chien-Pao
|
|win|p2
