|poke|p1|Cetitan, F|
|poke|p1|Avalugg-Hisui, M|
|poke|p1|Slowking, F|
|poke|p1|Cryogonal|
|poke|p1|Garchomp, F|
|poke|p1|Gholdengo|
|poke|p2|Sneasler, F|
|poke|p2|Magearna|
|poke|p2|Dragapult, F|
|poke|p2|Zamazenta-*|
|poke|p2|Volcarona, M|
|poke|p2|Ursaluna, F|
|teampreview
|
|start
|switch|p1a: Slowking|Slowking, F|100/100
|switch|p2a: Dragapult|Dragapult, F|100/100
|turn|1
|
|move|p2a: Dragapult|Light Screen|p2a: Dragapult
|-sidestart|p2: p2|move: Light Screen
|move|p1a: Slowking|Thunder Wave|p2a: Dragapult
|-status|p2a: Dragapult|par
|
|turn|2
|
|cant|p2a: Dragapult|par
|move|p1a: Slowking|Future Sight|p2a: Dragapult
|-start|p1a: Slowking|move: Future Sight
|
|turn|3
|
|cant|p2a: Dragapult|par
|move|p1a: Slowking|Chilly Reception|p1a: Slowking
|-weather|Snow
|
|switch|p1a: Cetitan|Cetitan, F|100/100|[from] Chilly Reception
|
|-weather|Snow|[upkeep]
|turn|4
|
|move|p1a: Cetitan|Ice Spinner|p2a: Dragapult
|-supereffective|p2a: Dragapult
|-damage|p2a: Dragapult|0 fnt
|faint|p2a: Dragapult
|
|-weather|Snow|[upkeep]
|-hint|Future Sight did not hit because the target is fainted.
|
|switch|p2a: Magearna|Magearna|100/100
|turn|5
|
|switch|p1a: Gholdengo|Gholdengo|100/100
|move|p2a: Magearna|Calm Mind|p2a: Magearna
|-boost|p2a: Magearna|spa|1
|-boost|p2a: Magearna|spd|1
|
|-weather|Snow|[upkeep]
|turn|6
|
|move|p1a: Gholdengo|Trick|p2a: Magearna
|-activate|p1a: Gholdengo|move: Trick|[of] p2a: Magearna
|-item|p2a: Magearna|Choice Specs|[from] move: Trick
|-item|p1a: Gholdengo|Leftovers|[from] move: Trick
|move|p2a: Magearna|Shift Gear|p2a: Magearna
|-boost|p2a: Magearna|spe|2
|-boost|p2a: Magearna|atk|1
|
|-weather|Snow|[upkeep]
|turn|7
|
|switch|p2a: Volcarona|Volcarona, M|100/100
|switch|p1a: Slowking|Slowking, F|100/100
|
|-weather|Snow|[upkeep]
|turn|8
|
|move|p2a: Volcarona|Quiver Dance|p2a: Volcarona
|-boost|p2a: Volcarona|spa|1
|-boost|p2a: Volcarona|spd|1
|-boost|p2a: Volcarona|spe|1
|move|p1a: Slowking|Thunder Wave|p2a: Volcarona
|-status|p2a: Volcarona|par
|
|-weather|Snow|[upkeep]
|-sideend|p2: p2|move: Light Screen
|turn|9
|
|move|p2a: Volcarona|Quiver Dance|p2a: Volcarona
|-boost|p2a: Volcarona|spa|1
|-boost|p2a: Volcarona|spd|1
|-boost|p2a: Volcarona|spe|1
|move|p1a: Slowking|Future Sight|p2a: Volcarona
|-start|p1a: Slowking|move: Future Sight
|
|-weather|Snow|[upkeep]
|turn|10
|
|cant|p2a: Volcarona|par
|move|p1a: Slowking|Surf|p2a: Volcarona
|-supereffective|p2a: Volcarona
|-damage|p2a: Volcarona|69/100 par
|
|-weather|none
|turn|11
|
|move|p2a: Volcarona|Quiver Dance|p2a: Volcarona
|-boost|p2a: Volcarona|spa|1
|-boost|p2a: Volcarona|spd|1
|-boost|p2a: Volcarona|spe|1
|move|p1a: Slowking|Chilly Reception|p1a: Slowking
|-weather|Snow
|
|switch|p1a: Cetitan|Cetitan, F|100/100|[from] Chilly Reception
|
|-weather|Snow|[upkeep]
|-end|p2a: Volcarona|move: Future Sight
|-damage|p2a: Volcarona|52/100 par
|turn|12
|
|-terastallize|p2a: Volcarona|Water
|move|p1a: Cetitan|Ice Spinner|p2a: Volcarona
|-resisted|p2a: Volcarona
|-damage|p2a: Volcarona|9/100 par
|move|p2a: Volcarona|Fiery Dance|p1a: Cetitan
|-supereffective|p1a: Cetitan
|-damage|p1a: Cetitan|0 fnt
|-boost|p2a: Volcarona|spa|1
|faint|p1a: Cetitan
|
|-weather|Snow|[upkeep]
|
|switch|p1a: Slowking|Slowking, F|100/100
|turn|13
|
|move|p2a: Volcarona|Giga Drain|p1a: Slowking
|-supereffective|p1a: Slowking
|-damage|p1a: Slowking|0 fnt
|-heal|p2a: Volcarona|73/100 par|[from] drain|[of] p1a: Slowking
|faint|p1a: Slowking
|
|-weather|Snow|[upkeep]
|
|switch|p1a: Gholdengo|Gholdengo|100/100
|turn|14
|
|move|p2a: Volcarona|Fiery Dance|p1a: Gholdengo
|-supereffective|p1a: Gholdengo
|-damage|p1a: Gholdengo|0 fnt
|faint|p1a: Gholdengo
|
|-weather|Snow|[upkeep]
|
|switch|p1a: Garchomp|Garchomp, F|100/100
|turn|15
|
|move|p2a: Volcarona|Giga Drain|p1a: Garchomp
|-damage|p1a: Garchomp|19/100
|-heal|p2a: Volcarona|100/100 par|[from] drain|[of] p1a: Garchomp
|move|p1a: Garchomp|Dragon Tail|p2a: Volcarona
|-damage|p2a: Volcarona|60/100 par
|-status|p1a: Garchomp|brn|[from] ability: Flame Body|[of] p2a: Volcarona
|drag|p2a: Ursaluna|Ursaluna, F|100/100
|
|-weather|Snow|[upkeep]
|-damage|p1a: Garchomp|13/100 brn|[from] brn
|-status|p2a: Ursaluna|brn|[from] item: Flame Orb
|turn|16
|
|switch|p1a: Avalugg|Avalugg-Hisui, M|100/100
|move|p2a: Ursaluna|Facade|p1a: Avalugg
|-resisted|p1a: Avalugg
|-damage|p1a: Avalugg|85/100
|
|-weather|Snow|[upkeep]
|-heal|p1a: Avalugg|91/100|[from] ability: Ice Body
|-heal|p1a: Avalugg|97/100|[from] item: Leftovers
|-damage|p2a: Ursaluna|94/100 brn|[from] brn
|turn|17
|
|move|p2a: Ursaluna|Earthquake|p1a: Avalugg
|-supereffective|p1a: Avalugg
|-damage|p1a: Avalugg|48/100
|move|p1a: Avalugg|Aurora Veil|p1a: Avalugg
|-sidestart|p1: p1|move: Aurora Veil
|
|-weather|Snow|[upkeep]
|-heal|p1a: Avalugg|54/100|[from] ability: Ice Body
|-heal|p1a: Avalugg|60/100|[from] item: Leftovers
|-damage|p2a: Ursaluna|88/100 brn|[from] brn
|turn|18
|
|switch|p2a: Zamazenta|Zamazenta|100/100
|-ability|p2a: Zamazenta|Dauntless Shield|boost
|-boost|p2a: Zamazenta|def|1
|move|p1a: Avalugg|Body Press|p2a: Zamazenta
|-damage|p2a: Zamazenta|84/100
|
|-weather|none
|-heal|p2a: Zamazenta|90/100|[from] item: Leftovers
|-heal|p1a: Avalugg|66/100|[from] item: Leftovers
|turn|19
|
|move|p2a: Zamazenta|Iron Defense|p2a: Zamazenta
|-boost|p2a: Zamazenta|def|2
|move|p1a: Avalugg|Mountain Gale|p2a: Zamazenta
|-damage|p2a: Zamazenta|79/100
|
|-heal|p2a: Zamazenta|85/100|[from] item: Leftovers
|-heal|p1a: Avalugg|72/100|[from] item: Leftovers
|turn|20
|
|switch|p1a: Cryogonal|Cryogonal|100/100
|move|p2a: Zamazenta|Iron Defense|p2a: Zamazenta
|-boost|p2a: Zamazenta|def|2
|
|-heal|p2a: Zamazenta|91/100|[from] item: Leftovers
|turn|21
|
|-terastallize|p1a: Cryogonal|Ghost
|move|p2a: Zamazenta|Body Press|p1a: Cryogonal
|-immune|p1a: Cryogonal
|move|p1a: Cryogonal|Freeze-Dry|p2a: Zamazenta
|-damage|p2a: Zamazenta|68/100
|
|-heal|p2a: Zamazenta|74/100|[from] item: Leftovers
|-sideend|p1: p1|move: Aurora Veil
|turn|22
|
|move|p2a: Zamazenta|Crunch|p1a: Cryogonal
|-supereffective|p1a: Cryogonal
|-damage|p1a: Cryogonal|31/100
|move|p1a: Cryogonal|Freeze-Dry|p2a: Zamazenta
|-crit|p2a: Zamazenta
|-damage|p2a: Zamazenta|40/100
|
|-heal|p2a: Zamazenta|47/100|[from] item: Leftovers
|turn|23
|
|move|p2a: Zamazenta|Substitute|p2a: Zamazenta
|-start|p2a: Zamazenta|Substitute
|-damage|p2a: Zamazenta|22/100
|move|p1a: Cryogonal|Freeze-Dry|p2a: Zamazenta
|-activate|p2a: Zamazenta|move: Substitute|[damage]
|
|-heal|p2a: Zamazenta|28/100|[from] item: Leftovers
|turn|24
|
|move|p2a: Zamazenta|Crunch|p1a: Cryogonal
|-supereffective|p1a: Cryogonal
|-damage|p1a: Cryogonal|0 fnt
|faint|p1a: Cryogonal
|
|-heal|p2a: Zamazenta|34/100|[from] item: Leftovers
|
|switch|p1a: Avalugg|Avalugg-Hisui, M|72/100
|turn|25
|
|move|p2a: Zamazenta|Body Press|p1a: Avalugg
|-supereffective|p1a: Avalugg
|-damage|p1a: Avalugg|0 fnt
|faint|p1a: Avalugg
|
|-heal|p2a: Zamazenta|40/100|[from] item: Leftovers
|
|switch|p1a: Garchomp|Garchomp, F|13/100 brn
|turn|26
|
|move|p2a: Zamazenta|Body Press|p1a: Garchomp
|-damage|p1a: Garchomp|0 fnt
|-damage|p2a: Zamazenta|28/100|[from] ability: Rough Skin|[of] p1a: Garchomp
|-damage|p2a: Zamazenta|11/100|[from] item: Rocky Helmet|[of] p1a: Garchomp
|faint|p1a: Garchomp
|
|win|p2
