|poke|p1|Zamazenta-*|
|poke|p1|Dragonite, F|
|poke|p1|Great Tusk|
|poke|p1|Houndstone, M|
|poke|p1|Roaring Moon|
|poke|p1|Ceruledge, M|
|poke|p2|Gholdengo|
|poke|p2|Glimmora, F|
|poke|p2|Great Tusk|
|poke|p2|Chien-Pao|
|poke|p2|Volcarona, F|
|poke|p2|Clodsire, M|
|teampreview
|
|start
|switch|p1a: Ceruledge|Ceruledge, M|100/100
|switch|p2a: clitorine|Glimmora, F|100/100
|turn|1
|
|move|p2a: clitorine|Stealth Rock|p1a: Ceruledge
|-sidestart|p1: p1|move: Stealth Rock
|move|p1a: Ceruledge|Bitter Blade|p2a: clitorine
|-resisted|p2a: clitorine
|-damage|p2a: clitorine|78/100
|-activate|p2a: clitorine|ability: Toxic Debris
|-sidestart|p1: p1|move: Toxic Spikes
|
|turn|2
|
|move|p2a: clitorine|Earth Power|p1a: Ceruledge
|-supereffective|p1a: Ceruledge
|-damage|p1a: Ceruledge|36/100
|-unboost|p1a: Ceruledge|spd|1
|move|p1a: Ceruledge|Psycho Cut|p2a: clitorine
|-supereffective|p2a: clitorine
|-damage|p2a: clitorine|28/100
|-activate|p2a: clitorine|ability: Toxic Debris
|-sidestart|p1: p1|move: Toxic Spikes
|
|-heal|p1a: Ceruledge|43/100|[from] item: Leftovers
|turn|3
|
|move|p2a: clitorine|Earth Power|p1a: Ceruledge
|-supereffective|p1a: Ceruledge
|-damage|p1a: Ceruledge|0 fnt
|faint|p1a: Ceruledge
|
|
|switch|p1a: >charizard|Dragonite, F|100/100
|-damage|p1a: >charizard|75/100|[from] Stealth Rock
|turn|4
|
|move|p2a: clitorine|Mortal Spin|p1a: >charizard
|-crit|p1a: >charizard
|-damage|p1a: >charizard|67/100
|-status|p1a: >charizard|psn
|move|p1a: >charizard|Roost|p1a: >charizard
|-heal|p1a: >charizard|100/100 psn
|-singleturn|p1a: >charizard|move: Roost
|
|-damage|p1a: >charizard|88/100 psn|[from] psn
|turn|5
|
|move|p2a: clitorine|Energy Ball|p1a: >charizard
|-resisted|p1a: >charizard
|-damage|p1a: >charizard|81/100 psn
|move|p1a: >charizard|Dragon Dance|p1a: >charizard
|-boost|p1a: >charizard|atk|1
|-boost|p1a: >charizard|spe|1
|
|-damage|p1a: >charizard|69/100 psn|[from] psn
|turn|6
|
|switch|p2a: ficello|Gholdengo|100/100
|-item|p2a: ficello|Air Balloon
|move|p1a: >charizard|Dragon Claw|p2a: ficello
|-resisted|p2a: ficello
|-damage|p2a: ficello|69/100
|-enditem|p2a: ficello|Air Balloon
|
|-damage|p1a: >charizard|56/100 psn|[from] psn
|turn|7
|
|move|p1a: >charizard|Roost|p1a: >charizard
|-heal|p1a: >charizard|100/100 psn
|-singleturn|p1a: >charizard|move: Roost
|move|p2a: ficello|Shadow Ball|p1a: >charizard
|-damage|p1a: >charizard|65/100 psn
|-unboost|p1a: >charizard|spd|1
|
|-damage|p1a: >charizard|52/100 psn|[from] psn
|turn|8
|
|move|p1a: >charizard|Dragon Claw|p2a: ficello
|-resisted|p2a: ficello
|-damage|p2a: ficello|37/100
|move|p2a: ficello|Recover|p2a: ficello
|-heal|p2a: ficello|87/100
|
|-damage|p1a: >charizard|40/100 psn|[from] psn
|turn|9
|
|move|p1a: >charizard|Roost|p1a: >charizard
|-heal|p1a: >charizard|90/100 psn
|-singleturn|p1a: >charizard|move: Roost
|move|p2a: ficello|Make It Rain|p1a: >charizard
|-damage|p1a: >charizard|7/100 psn
|-unboost|p2a: ficello|spa|1
|
|-damage|p1a: >charizard|0 fnt|[from] psn
|faint|p1a: >charizard
|
|switch|p1a: blue toothless|Roaring Moon|100/100
|-damage|p1a: blue toothless|88/100|[from] Stealth Rock
|-status|p1a: blue toothless|tox
|turn|10
|
|switch|p2a: clitorine|Glimmora, F|28/100
|move|p1a: blue toothless|Dark Pulse|p2a: clitorine
|-damage|p2a: clitorine|1/100
|
|-damage|p1a: blue toothless|82/100 tox|[from] psn
|turn|11
|
|move|p2a: clitorine|Earth Power|p1a: blue toothless
|-damage|p1a: blue toothless|58/100 tox
|move|p1a: blue toothless|Dragon Claw|p2a: clitorine
|-damage|p2a: clitorine|0 fnt
|faint|p2a: clitorine
|
|-damage|p1a: blue toothless|46/100 tox|[from] psn
|
|switch|p2a: diego|Chien-Pao|100/100
|-ability|p2a: diego|Sword of Ruin
|turn|12
|
|move|p2a: diego|Ice Spinner|p1a: blue toothless
|-supereffective|p1a: blue toothless
|-crit|p1a: blue toothless
|-damage|p1a: blue toothless|0 fnt
|faint|p1a: blue toothless
|-end|p1a: blue toothless|Protosynthesis|[silent]
|
|
|switch|p1a: manny|Great Tusk|100/100
|-damage|p1a: manny|97/100|[from] Stealth Rock
|-status|p1a: manny|tox
|turn|13
|
|switch|p2a: ficello|Gholdengo|87/100
|move|p1a: manny|Bulk Up|p1a: manny
|-boost|p1a: manny|atk|1
|-boost|p1a: manny|def|1
|
|-damage|p1a: manny|91/100 tox|[from] psn
|turn|14
|
|move|p2a: ficello|Nasty Plot|p2a: ficello
|-boost|p2a: ficello|spa|2
|move|p1a: manny|Earthquake|p2a: ficello
|-supereffective|p2a: ficello
|-damage|p2a: ficello|0 fnt
|faint|p2a: ficello
|
|-damage|p1a: manny|79/100 tox|[from] psn
|
|switch|p2a: viros|Volcarona, F|100/100
|turn|15
|
|move|p2a: viros|Fiery Dance|p1a: manny
|-damage|p1a: manny|39/100 tox
|move|p1a: manny|Earthquake|p2a: viros
|-damage|p2a: viros|40/100
|
|-damage|p1a: manny|21/100 tox|[from] psn
|turn|16
|
|move|p2a: viros|Fiery Dance|p1a: manny
|-damage|p1a: manny|0 fnt
|-boost|p2a: viros|spa|1
|faint|p1a: manny
|-end|p1a: manny|Protosynthesis|[silent]
|
|
|switch|p1a: Houndstone|Houndstone, M|100/100
|-damage|p1a: Houndstone|88/100|[from] Stealth Rock
|-status|p1a: Houndstone|tox
|turn|17
|
|move|p2a: viros|Morning Sun|p2a: viros
|-heal|p2a: viros|90/100
|move|p1a: Houndstone|Yawn|p2a: viros
|-start|p2a: viros|move: Yawn|[of] p1a: Houndstone
|
|-damage|p1a: Houndstone|82/100 tox|[from] psn
|turn|18
|
|switch|p2a: diego|Chien-Pao|100/100
|-ability|p2a: diego|Sword of Ruin
|move|p1a: Houndstone|Phantom Force||[still]
|-prepare|p1a: Houndstone|Phantom Force
|
|-damage|p1a: Houndstone|70/100 tox|[from] psn
|turn|19
|
|move|p2a: diego|Crunch|p1a: Houndstone|[miss]
|-miss|p2a: diego|p1a: Houndstone
|move|p1a: Houndstone|Phantom Force|p2a: diego|[from]lockedmove
|-resisted|p2a: diego
|-damage|p2a: diego|78/100
|
|-damage|p1a: Houndstone|53/100 tox|[from] psn
|turn|20
|
|move|p2a: diego|Crunch|p1a: Houndstone
|-supereffective|p1a: Houndstone
|-damage|p1a: Houndstone|0 fnt
|faint|p1a: Houndstone
|
|
|switch|p1a: WHOOSHAGOODBOI|Zamazenta-Crowned|100/100
|-damage|p1a: WHOOSHAGOODBOI|98/100|[from] Stealth Rock
|-ability|p1a: WHOOSHAGOODBOI|Dauntless Shield|boost
|-boost|p1a: WHOOSHAGOODBOI|def|1
|turn|21
|
|switch|p2a: elefun|Great Tusk|100/100
|move|p1a: WHOOSHAGOODBOI|Close Combat|p2a: elefun
|-damage|p2a: elefun|78/100
|-unboost|p1a: WHOOSHAGOODBOI|def|1
|-unboost|p1a: WHOOSHAGOODBOI|spd|1
|-damage|p1a: WHOOSHAGOODBOI|81/100|[from] item: Rocky Helmet|[of] p2a: elefun
|
|turn|22
|
|move|p1a: WHOOSHAGOODBOI|Behemoth Bash|p2a: elefun
|-damage|p2a: elefun|57/100
|-damage|p1a: WHOOSHAGOODBOI|64/100|[from] item: Rocky Helmet|[of] p2a: elefun
|move|p2a: elefun|Earthquake|p1a: WHOOSHAGOODBOI
|-supereffective|p1a: WHOOSHAGOODBOI
|-damage|p1a: WHOOSHAGOODBOI|5/100
|
|turn|23
|
|move|p1a: WHOOSHAGOODBOI|Moonblast|p2a: elefun
|-supereffective|p2a: elefun
|-damage|p2a: elefun|0 fnt
|faint|p2a: elefun
|-end|p2a: elefun|Protosynthesis|[silent]
|
|
|switch|p2a: diego|Chien-Pao|78/100
|-ability|p2a: diego|Sword of Ruin
|turn|24
|
|move|p2a: diego|Sacred Sword|p1a: WHOOSHAGOODBOI
|-supereffective|p1a: WHOOSHAGOODBOI
|-damage|p1a: WHOOSHAGOODBOI|0 fnt
|faint|p1a: WHOOSHAGOODBOI
|
|win|p2
