# advantage = p1
|poke|p1|Hatterene, F|
|poke|p1|Glastrier|
|poke|p1|Ursaluna, F|
|poke|p1|Slowbro, M|
|poke|p1|Dragapult, F|
|poke|p1|Garganacl, F|
|poke|p2|Arcanine-Hisui, F|
|poke|p2|Landorus-Therian, M|
|poke|p2|Chien-Pao|
|poke|p2|Slowking-Galar, F|
|poke|p2|Gholdengo|
|poke|p2|Great Tusk|
|teampreview
|player|p1|
|player|p1|p1|steven
|
|start
|switch|p1a: Hatterene|Hatterene, F|100/100
|switch|p2a: Slowking|Slowking-Galar, F|100/100
|turn|1
|
|move|p2a: Slowking|Sludge Bomb|p1a: Hatterene
|-supereffective|p1a: Hatterene
|-damage|p1a: Hatterene|4/100
|move|p1a: Hatterene|Trick Room|p1a: Hatterene
|-fieldstart|move: Trick Room|[of] p1a: Hatterene
|
|turn|2
|
|move|p1a: Hatterene|Mystical Fire|p2a: Slowking
|-damage|p2a: Slowking|84/100
|-unboost|p2a: Slowking|spa|1
|move|p2a: Slowking|Future Sight|p1a: Hatterene
|-start|p2a: Slowking|move: Future Sight
|
|turn|3
|
|move|p1a: Hatterene|Mystical Fire|p2a: Slowking
|-damage|p2a: Slowking|69/100
|-unboost|p2a: Slowking|spa|1
|move|p2a: Slowking|Sludge Bomb|p1a: Hatterene
|-supereffective|p1a: Hatterene
|-damage|p1a: Hatterene|0 fnt
|faint|p1a: Hatterene
|
|
|switch|p1a: Glastrier|Glastrier|100/100
|turn|4
|
|switch|p2a: Gholdengo|Gholdengo|100/100
|-item|p2a: Gholdengo|Air Balloon
|move|p1a: Glastrier|Substitute|p1a: Glastrier
|-start|p1a: Glastrier|Substitute
|-damage|p1a: Glastrier|76/100
|
|-end|p1a: Glastrier|move: Future Sight
|-end|p1a: Glastrier|Substitute
|-heal|p1a: Glastrier|82/100|[from] item: Leftovers
|turn|5
|
|move|p1a: Glastrier|Substitute|p1a: Glastrier
|-start|p1a: Glastrier|Substitute
|-damage|p1a: Glastrier|57/100
|move|p2a: Gholdengo|Shadow Ball|p1a: Glastrier
|-end|p1a: Glastrier|Substitute
|
|-heal|p1a: Glastrier|63/100|[from] item: Leftovers
|-fieldend|move: Trick Room
|turn|6
|
|switch|p1a: Ursaluna|Ursaluna, F|100/100
|move|p2a: Gholdengo|Shadow Ball|p1a: Ursaluna
|-immune|p1a: Ursaluna
|
|-status|p1a: Ursaluna|brn|[from] item: Flame Orb
|turn|7
|
|move|p2a: Gholdengo|Make It Rain|p1a: Ursaluna
|-damage|p1a: Ursaluna|42/100 brn
|-unboost|p2a: Gholdengo|spa|1
|move|p1a: Ursaluna|Swords Dance|p1a: Ursaluna
|-boost|p1a: Ursaluna|atk|2
|
|-damage|p1a: Ursaluna|36/100 brn|[from] brn
|turn|8
|
|move|p2a: Gholdengo|Make It Rain|p1a: Ursaluna
|-damage|p1a: Ursaluna|0 fnt
|-unboost|p2a: Gholdengo|spa|1
|faint|p1a: Ursaluna
|
|
|switch|p1a: Slowbro|Slowbro, M|100/100
|turn|9
|
|switch|p2a: Slowking|Slowking-Galar, F|100/100
|move|p1a: Slowbro|Trick Room|p1a: Slowbro
|-fieldstart|move: Trick Room|[of] p1a: Slowbro
|
|turn|10
|
|move|p2a: Slowking|Sludge Bomb|p1a: Slowbro
|-damage|p1a: Slowbro|49/100
|move|p1a: Slowbro|Calm Mind|p1a: Slowbro
|-boost|p1a: Slowbro|spa|1
|-boost|p1a: Slowbro|spd|1
|
|-heal|p1a: Slowbro|55/100|[from] item: Leftovers
|turn|11
|
|move|p1a: Slowbro|Hydro Pump|p2a: Slowking|[miss]
|-miss|p1a: Slowbro|p2a: Slowking
|move|p2a: Slowking|Sludge Bomb|p1a: Slowbro
|-damage|p1a: Slowbro|23/100
|
|-heal|p1a: Slowbro|29/100|[from] item: Leftovers
|turn|12
|
|move|p2a: Slowking|Sludge Bomb|p1a: Slowbro
|-damage|p1a: Slowbro|0 fnt
|faint|p1a: Slowbro
|
|
|switch|p1a: Glastrier|Glastrier|63/100
|turn|13
|
|move|p2a: Slowking|Flamethrower|p1a: Glastrier
|-supereffective|p1a: Glastrier
|-damage|p1a: Glastrier|18/100
|move|p1a: Glastrier|Substitute|p1a: Glastrier
|-fail|p1a: Glastrier|move: Substitute|[weak]
|
|-heal|p1a: Glastrier|25/100|[from] item: Leftovers
|-fieldend|move: Trick Room
|turn|14
|-message|p1 forfeited.
|
|win|p2
