|poke|p1|Braviary-Hisui, M|
|poke|p1|Great Tusk|
|poke|p1|Volcanion|
|poke|p1|Uxie|
|poke|p1|Heatran, F|
|poke|p1|Volcarona, F|
|poke|p2|Samurott-Hisui, M|
|poke|p2|Great Tusk|
|poke|p2|Dragonite, M|
|poke|p2|Volcarona, F|
|poke|p2|Zoroark-Hisui, F|
|poke|p2|Magearna|
|teampreview
|
|start
|switch|p1a: Volcanion|Volcanion|100/100
|switch|p2a: Great Tusk|Great Tusk|100/100
|turn|1
|
|move|p1a: Volcanion|Steam Eruption|p2a: Great Tusk
|-damage|p2a: Great Tusk|0 fnt
|replace|p2a: Zoroark|Zoroark-Hisui, F
|-end|p2a: Zoroark|Illusion
|faint|p2a: Zoroark
|
|
|switch|p2a: Dragonite|Dragonite, M|100/100
|turn|2
|
|move|p1a: Volcanion|Steam Eruption|p2a: Dragonite
|-resisted|p2a: Dragonite
|-damage|p2a: Dragonite|87/100
|move|p2a: Dragonite|Dragon Dance|p2a: Dragonite
|-boost|p2a: Dragonite|atk|1
|-boost|p2a: Dragonite|spe|1
|
|turn|3
|
|move|p1a: Volcanion|Steam Eruption|p2a: Dragonite|[miss]
|-miss|p1a: Volcanion|p2a: Dragonite
|move|p2a: Dragonite|Earthquake|p1a: Volcanion
|-supereffective|p1a: Volcanion
|-crit|p1a: Volcanion
|-damage|p1a: Volcanion|0 fnt
|faint|p1a: Volcanion
|
|
|switch|p1a: Great Tusk|Great Tusk|100/100
|turn|4
|
|move|p2a: Dragonite|Extreme Speed|p1a: Great Tusk
|-damage|p1a: Great Tusk|78/100
|move|p1a: Great Tusk|Knock Off|p2a: Dragonite
|-damage|p2a: Dragonite|59/100
|-enditem|p2a: Dragonite|Heavy-Duty Boots|[from] move: Knock Off|[of] p1a: Great Tusk
|
|-heal|p1a: Great Tusk|84/100|[from] item: Leftovers
|turn|5
|
|move|p2a: Dragonite|Extreme Speed|p1a: Great Tusk
|-damage|p1a: Great Tusk|62/100
|move|p1a: Great Tusk|Bulk Up|p1a: Great Tusk
|-boost|p1a: Great Tusk|atk|1
|-boost|p1a: Great Tusk|def|1
|
|-heal|p1a: Great Tusk|68/100|[from] item: Leftovers
|turn|6
|
|move|p2a: Dragonite|Earthquake|p1a: Great Tusk
|-damage|p1a: Great Tusk|51/100
|move|p1a: Great Tusk|Bulk Up|p1a: Great Tusk
|-boost|p1a: Great Tusk|atk|1
|-boost|p1a: Great Tusk|def|1
|
|-heal|p1a: Great Tusk|57/100|[from] item: Leftovers
|turn|7
|
|move|p2a: Dragonite|Earthquake|p1a: Great Tusk
|-damage|p1a: Great Tusk|43/100
|move|p1a: Great Tusk|Rapid Spin|p2a: Dragonite
|-damage|p2a: Dragonite|30/100
|-boost|p1a: Great Tusk|spe|1
|
|-heal|p1a: Great Tusk|49/100|[from] item: Leftovers
|turn|8
|
|move|p2a: Dragonite|Roost|p2a: Dragonite
|-heal|p2a: Dragonite|80/100
|-singleturn|p2a: Dragonite|move: Roost
|move|p1a: Great Tusk|Rapid Spin|p2a: Dragonite
|-damage|p2a: Dragonite|50/100
|-boost|p1a: Great Tusk|spe|1
|
|-heal|p1a: Great Tusk|55/100|[from] item: Leftovers
|turn|9
|
|move|p1a: Great Tusk|Bulk Up|p1a: Great Tusk
|-boost|p1a: Great Tusk|atk|1
|-boost|p1a: Great Tusk|def|1
|move|p2a: Dragonite|Roost|p2a: Dragonite
|-heal|p2a: Dragonite|99/100
|-singleturn|p2a: Dragonite|move: Roost
|
|-heal|p1a: Great Tusk|62/100|[from] item: Leftovers
|turn|10
|
|move|p2a: Dragonite|Extreme Speed|p1a: Great Tusk
|-damage|p1a: Great Tusk|53/100
|move|p1a: Great Tusk|Bulk Up|p1a: Great Tusk
|-boost|p1a: Great Tusk|atk|1
|-boost|p1a: Great Tusk|def|1
|
|-heal|p1a: Great Tusk|59/100|[from] item: Leftovers
|turn|11
|-message|Steve_j0bs forfeited.
|
|win|Aids 7898
