|poke|p1|Urshifu-*, M|
|poke|p1|Garganacl, M|
|poke|p1|Toxapex, M|
|poke|p1|Dragonite, F|
|poke|p1|Great Tusk|
|poke|p1|Magearna|
|poke|p2|Corviknight, M|
|poke|p2|Slowking-Galar, M|
|poke|p2|Dondozo, F|
|poke|p2|Blissey, F|
|poke|p2|Alomomola, M|
|poke|p2|Clodsire, F|
|teampreview
|
|start
|switch|p1a: Great Tusk|Great Tusk|100/100
|switch|p2a: Alomomola|Alomomola, M|100/100
|turn|1
|
|move|p1a: Great Tusk|Knock Off|p2a: Alomomola
|-damage|p2a: Alomomola|81/100
|-enditem|p2a: Alomomola|Heavy-Duty Boots|[from] move: Knock Off|[of] p1a: Great Tusk
|move|p2a: Alomomola|Whirlpool|p1a: Great Tusk
|-supereffective|p1a: Great Tusk
|-damage|p1a: Great Tusk|83/100
|-activate|p1a: Great Tusk|move: Whirlpool|[of] p2a: Alomomola
|
|-damage|p1a: Great Tusk|70/100|[from] move: Whirlpool|[partiallytrapped]
|turn|2
|
|-terastallize|p1a: Great Tusk|Fighting
|move|p2a: Alomomola|Protect|p2a: Alomomola
|-singleturn|p2a: Alomomola|Protect
|move|p1a: Great Tusk|Close Combat|p2a: Alomomola
|-activate|p2a: Alomomola|move: Protect
|
|-damage|p1a: Great Tusk|58/100|[from] move: Whirlpool|[partiallytrapped]
|turn|3
|
|move|p1a: Great Tusk|Close Combat|p2a: Alomomola
|-damage|p2a: Alomomola|33/100
|-unboost|p1a: Great Tusk|def|1
|-unboost|p1a: Great Tusk|spd|1
|move|p2a: Alomomola|Wish|p2a: Alomomola
|
|-damage|p1a: Great Tusk|46/100|[from] move: Whirlpool|[partiallytrapped]
|turn|4
|
|move|p2a: Alomomola|Protect|p2a: Alomomola
|-singleturn|p2a: Alomomola|Protect
|move|p1a: Great Tusk|Close Combat|p2a: Alomomola
|-activate|p2a: Alomomola|move: Protect
|
|-heal|p2a: Alomomola|83/100|[from] move: Wish|[wisher] Alomomola
|-damage|p1a: Great Tusk|33/100|[from] move: Whirlpool|[partiallytrapped]
|turn|5
|
|move|p1a: Great Tusk|Close Combat|p2a: Alomomola
|-damage|p2a: Alomomola|36/100
|-unboost|p1a: Great Tusk|def|1
|-unboost|p1a: Great Tusk|spd|1
|move|p2a: Alomomola|Chilling Water|p1a: Great Tusk
|-damage|p1a: Great Tusk|8/100
|-unboost|p1a: Great Tusk|atk|1
|
|-end|p1a: Great Tusk|Whirlpool|[partiallytrapped]
|turn|6
|
|move|p1a: Great Tusk|Knock Off|p2a: Alomomola
|-damage|p2a: Alomomola|27/100
|move|p2a: Alomomola|Chilling Water|p1a: Great Tusk
|-damage|p1a: Great Tusk|0 fnt
|faint|p1a: Great Tusk
|-end|p1a: Great Tusk|Protosynthesis|[silent]
|
|-message|TOOXIC860 forfeited.
|
|win|Highv0ltag3
