# advantage = p1
|poke|p1|Chien-Pao|
|poke|p1|Zamazenta-*|
|poke|p1|Breloom, M|
|poke|p1|Baxcalibur, F|
|poke|p1|Great Tusk|
|poke|p1|Magearna|
|poke|p2|Samurott-Hisui, M|
|poke|p2|Gholdengo|
|poke|p2|Landorus-Therian, M|
|poke|p2|Corviknight, F|
|poke|p2|Hoopa-Unbound|
|poke|p2|Breloom, F|
|teampreview
|
|start
|switch|p1a: Breloom|Breloom, M|100/100
|switch|p2a: Landorus|Landorus-Therian, M|100/100
|-ability|p2a: Landorus|Intimidate|boost
|-unboost|p1a: Breloom|atk|1
|turn|1
|
|switch|p1a: Baxcalibur|Baxcalibur, F|100/100
|move|p2a: Landorus|U-turn|p1a: Baxcalibur
|-damage|p1a: Baxcalibur|77/100
|
|switch|p2a: Gholdengo|Gholdengo|100/100|[from] U-turn
|
|turn|2
|
|move|p1a: Baxcalibur|Earthquake|p2a: Gholdengo
|-supereffective|p2a: Gholdengo
|-damage|p2a: Gholdengo|31/100
|move|p2a: Gholdengo|Make It Rain|p1a: Baxcalibur
|-supereffective|p1a: Baxcalibur
|-damage|p1a: Baxcalibur|0 fnt
|-unboost|p2a: Gholdengo|spa|1
|faint|p1a: Baxcalibur
|
|
|switch|p1a: Great Tusk|Great Tusk|100/100
|turn|3
|
|switch|p2a: Corviknight|Corviknight, F|100/100
|-ability|p2a: Corviknight|Pressure
|move|p1a: Great Tusk|Bulk Up|p1a: Great Tusk
|-boost|p1a: Great Tusk|atk|1
|-boost|p1a: Great Tusk|def|1
|
|turn|4
|
|move|p1a: Great Tusk|Knock Off|p2a: Corviknight
|-damage|p2a: Corviknight|75/100
|-damage|p1a: Great Tusk|84/100|[from] item: Rocky Helmet|[of] p2a: Corviknight
|-enditem|p2a: Corviknight|Rocky Helmet|[from] move: Knock Off|[of] p1a: Great Tusk
|move|p2a: Corviknight|U-turn|p1a: Great Tusk
|-resisted|p1a: Great Tusk
|-damage|p1a: Great Tusk|82/100
|
|switch|p2a: Landorus|Landorus-Therian, M|100/100|[from] U-turn
|-ability|p2a: Landorus|Intimidate|boost
|-unboost|p1a: Great Tusk|atk|1
|
|-heal|p1a: Great Tusk|88/100|[from] item: Leftovers
|turn|5
|
|move|p1a: Great Tusk|Knock Off|p2a: Landorus
|-damage|p2a: Landorus|72/100
|-enditem|p2a: Landorus|Leftovers|[from] move: Knock Off|[of] p1a: Great Tusk
|move|p2a: Landorus|U-turn|p1a: Great Tusk
|-resisted|p1a: Great Tusk
|-damage|p1a: Great Tusk|85/100
|
|switch|p2a: Breloom|Breloom, F|100/100|[from] U-turn
|
|-heal|p1a: Great Tusk|91/100|[from] item: Leftovers
|turn|6
|
|-end|p1a: Great Tusk|Protosynthesis|[silent]
|switch|p1a: Magearna|Magearna|100/100
|move|p2a: Breloom|Bullet Seed|p1a: Magearna
|-resisted|p1a: Magearna
|-damage|p1a: Magearna|93/100
|-resisted|p1a: Magearna
|-damage|p1a: Magearna|86/100
|-resisted|p1a: Magearna
|-damage|p1a: Magearna|77/100
|-hitcount|p1a: Magearna|3
|
|-heal|p1a: Magearna|83/100|[from] item: Leftovers
|turn|7
|
|switch|p2a: Landorus|Landorus-Therian, M|72/100
|-ability|p2a: Landorus|Intimidate|boost
|-unboost|p1a: Magearna|atk|1
|move|p1a: Magearna|Shift Gear|p1a: Magearna
|-boost|p1a: Magearna|spe|2
|-boost|p1a: Magearna|atk|1
|
|-heal|p1a: Magearna|89/100|[from] item: Leftovers
|turn|8
|
|move|p1a: Magearna|Shift Gear|p1a: Magearna
|-boost|p1a: Magearna|spe|2
|-boost|p1a: Magearna|atk|1
|move|p2a: Landorus|Earthquake|p1a: Magearna
|-supereffective|p1a: Magearna
|-damage|p1a: Magearna|8/100
|
|-heal|p1a: Magearna|14/100|[from] item: Leftovers
|turn|9
|
|move|p1a: Magearna|Stored Power|p2a: Landorus
|-damage|p2a: Landorus|39/100
|move|p2a: Landorus|Earthquake|p1a: Magearna
|-supereffective|p1a: Magearna
|-damage|p1a: Magearna|0 fnt
|faint|p1a: Magearna
|
|
|switch|p1a: Great Tusk|Great Tusk|91/100
|turn|10
|
|switch|p2a: Hoopa|Hoopa-Unbound|100/100
|move|p1a: Great Tusk|Bulk Up|p1a: Great Tusk
|-boost|p1a: Great Tusk|atk|1
|-boost|p1a: Great Tusk|def|1
|
|-heal|p1a: Great Tusk|97/100|[from] item: Leftovers
|turn|11
|
|move|p2a: Hoopa|Zen Headbutt|p1a: Great Tusk
|-supereffective|p1a: Great Tusk
|-damage|p1a: Great Tusk|67/100
|cant|p1a: Great Tusk|flinch
|
|-heal|p1a: Great Tusk|73/100|[from] item: Leftovers
|turn|12
|
|move|p2a: Hoopa|Zen Headbutt|p1a: Great Tusk
|-supereffective|p1a: Great Tusk
|-damage|p1a: Great Tusk|42/100
|move|p1a: Great Tusk|Knock Off|p2a: Hoopa
|-damage|p2a: Hoopa|33/100
|-enditem|p2a: Hoopa|Choice Scarf|[from] move: Knock Off|[of] p1a: Great Tusk
|
|-heal|p1a: Great Tusk|48/100|[from] item: Leftovers
|turn|13
|
|move|p2a: Hoopa|Zen Headbutt|p1a: Great Tusk
|-supereffective|p1a: Great Tusk
|-damage|p1a: Great Tusk|18/100
|-item|p2a: Hoopa|Leftovers|[from] ability: Magician|[of] p1a: Great Tusk
|cant|p1a: Great Tusk|flinch
|
|-heal|p2a: Hoopa|39/100|[from] item: Leftovers
|turn|14
|
|move|p2a: Hoopa|Hyperspace Fury|p1a: Great Tusk
|-resisted|p1a: Great Tusk
|-damage|p1a: Great Tusk|8/100
|-unboost|p2a: Hoopa|def|1
|move|p1a: Great Tusk|Bulk Up|p1a: Great Tusk
|-boost|p1a: Great Tusk|atk|1
|-boost|p1a: Great Tusk|def|1
|
|-heal|p2a: Hoopa|45/100|[from] item: Leftovers
|turn|15
|
|move|p2a: Hoopa|Zen Headbutt|p1a: Great Tusk
|-supereffective|p1a: Great Tusk
|-crit|p1a: Great Tusk
|-damage|p1a: Great Tusk|0 fnt
|faint|p1a: Great Tusk
|-end|p1a: Great Tusk|Protosynthesis|[silent]
|
|-heal|p2a: Hoopa|51/100|[from] item: Leftovers
|
|switch|p1a: Breloom|Breloom, M|100/100
|turn|16
|
|switch|p2a: Corviknight|Corviknight, F|75/100
|-ability|p2a: Corviknight|Pressure
|move|p1a: Breloom|Mach Punch|p2a: Corviknight
|-damage|p2a: Corviknight|53/100
|
|turn|17
|
|switch|p1a: Zamazenta|Zamazenta-Crowned|100/100
|-ability|p1a: Zamazenta|Dauntless Shield|boost
|-boost|p1a: Zamazenta|def|1
|move|p2a: Corviknight|Roost|p2a: Corviknight
|-heal|p2a: Corviknight|100/100
|-singleturn|p2a: Corviknight|move: Roost
|
|turn|18
|
|move|p1a: Zamazenta|Iron Defense|p1a: Zamazenta
|-boost|p1a: Zamazenta|def|2
|move|p2a: Corviknight|U-turn|p1a: Zamazenta
|-resisted|p1a: Zamazenta
|-damage|p1a: Zamazenta|99/100
|
|switch|p2a: Landorus|Landorus-Therian, M|39/100|[from] U-turn
|-ability|p2a: Landorus|Intimidate|boost
|-unboost|p1a: Zamazenta|atk|1
|
|turn|19
|
|move|p1a: Zamazenta|Behemoth Bash|p2a: Landorus
|-damage|p2a: Landorus|15/100
|move|p2a: Landorus|Earthquake|p1a: Zamazenta
|-supereffective|p1a: Zamazenta
|-damage|p1a: Zamazenta|80/100
|
|turn|20
|
|move|p1a: Zamazenta|Iron Defense|p1a: Zamazenta
|-boost|p1a: Zamazenta|def|2
|move|p2a: Landorus|Stealth Rock|p1a: Zamazenta
|-sidestart|p1: p1|move: Stealth Rock
|
|turn|21
|
|move|p1a: Zamazenta|Body Press|p2a: Landorus
|-resisted|p2a: Landorus
|-damage|p2a: Landorus|0 fnt
|faint|p2a: Landorus
|
|
|switch|p2a: Hoopa|Hoopa-Unbound|51/100
|turn|22
|
|move|p1a: Zamazenta|Body Press|p2a: Hoopa
|-damage|p2a: Hoopa|0 fnt
|faint|p2a: Hoopa
|
|
|switch|p2a: Corviknight|Corviknight, F|100/100
|-ability|p2a: Corviknight|Pressure
|turn|23
|
|move|p1a: Zamazenta|Body Press|p2a: Corviknight
|-damage|p2a: Corviknight|8/100
|move|p2a: Corviknight|Body Press|p1a: Zamazenta
|-supereffective|p1a: Zamazenta
|-damage|p1a: Zamazenta|72/100
|
|turn|24
|
|move|p1a: Zamazenta|Iron Defense|p1a: Zamazenta
|-boost|p1a: Zamazenta|def|1
|move|p2a: Corviknight|Roost|p2a: Corviknight
|-heal|p2a: Corviknight|58/100
|-singleturn|p2a: Corviknight|move: Roost
|
|turn|25
|
|move|p1a: Zamazenta|Body Press|p2a: Corviknight
|-damage|p2a: Corviknight|0 fnt
|faint|p2a: Corviknight
|
|
|switch|p2a: Gholdengo|Gholdengo|31/100
|turn|26
|
|-terastallize|p2a: Gholdengo|Flying
|move|p1a: Zamazenta|Behemoth Bash|p2a: Gholdengo
|-damage|p2a: Gholdengo|3/100
|move|p2a: Gholdengo|Shadow Ball|p1a: Zamazenta
|-damage|p1a: Zamazenta|43/100
|-unboost|p1a: Zamazenta|spd|1
|
|turn|27
|
|move|p1a: Zamazenta|Behemoth Bash|p2a: Gholdengo
|-damage|p2a: Gholdengo|0 fnt
|faint|p2a: Gholdengo
|
|
|switch|p2a: Breloom|Breloom, F|100/100
|turn|28
|
|move|p1a: Zamazenta|Body Press|p2a: Breloom
|-damage|p2a: Breloom|0 fnt
|faint|p2a: Breloom
|
|
|switch|p2a: Samurott|Samurott-Hisui, M|100/100
|turn|29
|
|move|p1a: Zamazenta|Body Press|p2a: Samurott
|-supereffective|p2a: Samurott
|-damage|p2a: Samurott|0 fnt
|faint|p2a: Samurott
|
|win|p1
