|poke|p1|Magearna|
|poke|p1|Diancie|
|poke|p1|Azumarill, F|
|poke|p1|Iron Valiant|
|poke|p1|Enamorus, F|
|poke|p1|Zamazenta-*|
|poke|p2|Samurott-Hisui, F|
|poke|p2|Gholdengo|
|poke|p2|Dragonite, M|
|poke|p2|Great Tusk|
|poke|p2|Chien-Pao|
|poke|p2|Heatran, M|
|teampreview
|
|start
|switch|p1a: Iron Valiant|Iron Valiant, shiny|100/100
|switch|p2a: Gholdengo|Gholdengo|100/100
|-item|p2a: Gholdengo|Air Balloon
|turn|1
|
|-terastallize|p1a: Iron Valiant|Electric
|move|p1a: Iron Valiant|Thunderbolt|p2a: Gholdengo
|-damage|p2a: Gholdengo|48/100
|-enditem|p2a: Gholdengo|Air Balloon
|-damage|p1a: Iron Valiant|91/100|[from] item: Life Orb
|move|p2a: Gholdengo|Make It Rain|p1a: Iron Valiant
|-resisted|p1a: Iron Valiant
|-damage|p1a: Iron Valiant|29/100
|-unboost|p2a: Gholdengo|spa|1
|
|turn|2
|
|switch|p2a: Dragonite|Dragonite, M|100/100
|move|p1a: Iron Valiant|Thunderbolt|p2a: Dragonite
|-damage|p2a: Dragonite|71/100
|-damage|p1a: Iron Valiant|19/100|[from] item: Life Orb
|
|turn|3
|
|-end|p1a: Iron Valiant|Quark Drive|[silent]
|switch|p1a: Azumarill|Azumarill, F|100/100
|move|p2a: Dragonite|Extreme Speed|p1a: Azumarill
|-damage|p1a: Azumarill|65/100
|
|turn|4
|
|switch|p2a: Samurott|Samurott-Hisui, F|100/100
|move|p1a: Azumarill|Ice Spinner|p2a: Samurott
|-resisted|p2a: Samurott
|-damage|p2a: Samurott|78/100
|
|turn|5
|
|move|p2a: Samurott|Ceaseless Edge|p1a: Azumarill
|-resisted|p1a: Azumarill
|-damage|p1a: Azumarill|37/100
|-sidestart|p1: p1|Spikes
|move|p1a: Azumarill|Play Rough|p2a: Samurott
|-supereffective|p2a: Samurott
|-damage|p2a: Samurott|0 fnt
|faint|p2a: Samurott
|
|
|switch|p2a: Great Tusk|Great Tusk|100/100
|turn|6
|
|move|p1a: Azumarill|Aqua Jet|p2a: Great Tusk
|-supereffective|p2a: Great Tusk
|-crit|p2a: Great Tusk
|-damage|p2a: Great Tusk|45/100
|-damage|p1a: Azumarill|20/100|[from] item: Rocky Helmet|[of] p2a: Great Tusk
|move|p2a: Great Tusk|Earthquake|p1a: Azumarill
|-damage|p1a: Azumarill|0 fnt
|faint|p1a: Azumarill
|
|
|switch|p1a: Enamorus|Enamorus, F|100/100
|turn|7
|
|-end|p2a: Great Tusk|Protosynthesis|[silent]
|switch|p2a: Gholdengo|Gholdengo|48/100
|move|p1a: Enamorus|Superpower|p2a: Gholdengo
|-immune|p2a: Gholdengo
|
|turn|8
|
|switch|p1a: Zamazenta|Zamazenta|100/100
|-damage|p1a: Zamazenta|88/100|[from] Spikes
|-ability|p1a: Zamazenta|Dauntless Shield|boost
|-boost|p1a: Zamazenta|def|1
|move|p2a: Gholdengo|Shadow Ball|p1a: Zamazenta
|-damage|p1a: Zamazenta|57/100
|
|turn|9
|
|move|p1a: Zamazenta|Light Screen|p1a: Zamazenta
|-sidestart|p1: p1|move: Light Screen
|move|p2a: Gholdengo|Shadow Ball|p1a: Zamazenta
|-damage|p1a: Zamazenta|41/100
|
|turn|10
|
|move|p1a: Zamazenta|Reflect|p1a: Zamazenta
|-sidestart|p1: p1|Reflect
|move|p2a: Gholdengo|Make It Rain|p1a: Zamazenta
|-damage|p1a: Zamazenta|17/100
|-unboost|p2a: Gholdengo|spa|1
|
|turn|11
|
|switch|p1a: Magearna|Magearna|100/100
|-damage|p1a: Magearna|88/100|[from] Spikes
|move|p2a: Gholdengo|Nasty Plot|p2a: Gholdengo
|-boost|p2a: Gholdengo|spa|2
|
|-heal|p1a: Magearna|94/100|[from] item: Leftovers
|turn|12
|
|move|p2a: Gholdengo|Make It Rain|p1a: Magearna
|-damage|p1a: Magearna|55/100
|-unboost|p2a: Gholdengo|spa|1
|move|p1a: Magearna|Shift Gear|p1a: Magearna
|-boost|p1a: Magearna|spe|2
|-boost|p1a: Magearna|atk|1
|
|-heal|p1a: Magearna|61/100|[from] item: Leftovers
|turn|13
|
|switch|p2a: Heatran|Heatran, M|100/100
|move|p1a: Magearna|Calm Mind|p1a: Magearna
|-boost|p1a: Magearna|spa|1
|-boost|p1a: Magearna|spd|1
|
|-heal|p1a: Magearna|68/100|[from] item: Leftovers
|turn|14
|
|-terastallize|p2a: Heatran|Grass
|move|p1a: Magearna|Calm Mind|p1a: Magearna
|-boost|p1a: Magearna|spa|1
|-boost|p1a: Magearna|spd|1
|move|p2a: Heatran|Magma Storm|p1a: Magearna
|-supereffective|p1a: Magearna
|-damage|p1a: Magearna|49/100
|-activate|p1a: Magearna|move: Magma Storm|[of] p2a: Heatran
|
|-heal|p1a: Magearna|55/100|[from] item: Leftovers
|-damage|p1a: Magearna|43/100|[from] move: Magma Storm|[partiallytrapped]
|turn|15
|
|move|p1a: Magearna|Draining Kiss|p2a: Heatran
|-damage|p2a: Heatran|73/100
|-heal|p1a: Magearna|65/100|[from] drain|[of] p2a: Heatran
|move|p2a: Heatran|Earth Power|p1a: Magearna
|-supereffective|p1a: Magearna
|-damage|p1a: Magearna|53/100
|
|-heal|p1a: Magearna|59/100|[from] item: Leftovers
|-heal|p2a: Heatran|80/100|[from] item: Leftovers
|-damage|p1a: Magearna|47/100|[from] move: Magma Storm|[partiallytrapped]
|turn|16
|
|move|p1a: Magearna|Stored Power|p2a: Heatran
|-damage|p2a: Heatran|24/100
|move|p2a: Heatran|Taunt|p1a: Magearna
|-start|p1a: Magearna|move: Taunt
|
|-heal|p1a: Magearna|53/100|[from] item: Leftovers
|-heal|p2a: Heatran|30/100|[from] item: Leftovers
|-damage|p1a: Magearna|40/100|[from] move: Magma Storm|[partiallytrapped]
|-sideend|p1: p1|move: Light Screen
|turn|17
|
|switch|p2a: Chien-Pao|Chien-Pao|100/100
|-ability|p2a: Chien-Pao|Sword of Ruin
|move|p1a: Magearna|Stored Power|p2a: Chien-Pao
|-immune|p2a: Chien-Pao
|
|-heal|p1a: Magearna|46/100|[from] item: Leftovers
|-end|p1a: Magearna|Magma Storm|[partiallytrapped]|[silent]
|-sideend|p1: p1|Reflect
|turn|18
|
|move|p1a: Magearna|Draining Kiss|p2a: Chien-Pao
|-supereffective|p2a: Chien-Pao
|-damage|p2a: Chien-Pao|0 fnt
|-heal|p1a: Magearna|100/100|[from] drain|[of] p2a: Chien-Pao
|faint|p2a: Chien-Pao
|-ability|p1a: Magearna|Soul-Heart|boost
|-boost|p1a: Magearna|spa|1
|
|-message|p2 forfeited.
|
|win|p1
