|poke|p1|Articuno-Galar|
|poke|p1|Great Tusk|
|poke|p1|Kingambit, M|
|poke|p1|Typhlosion-Hisui, M|
|poke|p1|Toxapex, M|
|poke|p1|Garchomp, M|
|poke|p2|Goodra-Hisui, F|
|poke|p2|Overqwil, F|
|poke|p2|Rotom-Wash|
|poke|p2|Great Tusk|
|poke|p2|Dragapult, F|
|poke|p2|Sneasler, F|
|teampreview
|
|start
|switch|p1a: Articuno|Articuno-Galar|100/100
|switch|p2a: Rotom|Rotom-Wash|100/100
|turn|1
|
|switch|p1a: Parkchomp|Garchomp, M|100/100
|move|p2a: Rotom|Volt Switch|p1a: Parkchomp
|-immune|p1a: Parkchomp
|
|turn|2
|
|switch|p2a: Overqwil|Overqwil, F|100/100
|-ability|p2a: Overqwil|Intimidate|boost
|-unboost|p1a: Parkchomp|atk|1
|move|p1a: Parkchomp|Outrage|p2a: Overqwil
|-damage|p2a: Overqwil|68/100
|-damage|p1a: Parkchomp|84/100|[from] item: Rocky Helmet|[of] p2a: Overqwil
|
|turn|3
|
|move|p1a: Parkchomp|Outrage|p2a: Overqwil|[from]lockedmove
|-damage|p2a: Overqwil|36/100
|-damage|p1a: Parkchomp|68/100|[from] item: Rocky Helmet|[of] p2a: Overqwil
|move|p2a: Overqwil|Spikes|p1a: Parkchomp
|-sidestart|p1: Felckon|Spikes
|
|turn|4
|
|move|p1a: Parkchomp|Outrage|p2a: Overqwil|[from]lockedmove
|-damage|p2a: Overqwil|5/100
|-damage|p1a: Parkchomp|51/100|[from] item: Rocky Helmet|[of] p2a: Overqwil
|-start|p1a: Parkchomp|confusion|[fatigue]
|move|p2a: Overqwil|Toxic|p1a: Parkchomp
|-status|p1a: Parkchomp|tox
|
|-damage|p1a: Parkchomp|45/100 tox|[from] psn
|turn|5
|
|switch|p2a: Rotom|Rotom-Wash|100/100
|-activate|p1a: Parkchomp|confusion
|move|p1a: Parkchomp|Outrage|p2a: Rotom
|-damage|p2a: Rotom|45/100
|
|-damage|p1a: Parkchomp|33/100 tox|[from] psn
|turn|6
|
|switch|p2a: Overqwil|Overqwil, F|5/100
|-ability|p2a: Overqwil|Intimidate|boost
|-unboost|p1a: Parkchomp|atk|1
|-activate|p1a: Parkchomp|confusion
|-damage|p1a: Parkchomp|25/100 tox|[from] confusion
|
|-damage|p1a: Parkchomp|7/100 tox|[from] psn
|turn|7
|
|switch|p1a: Ground Taco|Great Tusk|100/100
|-damage|p1a: Ground Taco|88/100|[from] Spikes
|move|p2a: Overqwil|Spikes|p1a: Ground Taco
|-sidestart|p1: Felckon|Spikes
|
|-heal|p1a: Ground Taco|94/100|[from] item: Leftovers
|turn|8
|
|move|p1a: Ground Taco|Rapid Spin|p2a: Overqwil
|-damage|p2a: Overqwil|0 fnt
|-boost|p1a: Ground Taco|spe|1
|-damage|p1a: Ground Taco|78/100|[from] item: Rocky Helmet|[of] p2a: Overqwil
|-sideend|p1: Felckon|Spikes|[from] move: Rapid Spin|[of] p1a: Ground Taco
|faint|p2a: Overqwil
|
|-heal|p1a: Ground Taco|84/100|[from] item: Leftovers
|
|switch|p2a: Goodra|Goodra-Hisui, F|100/100
|turn|9
|
|move|p1a: Ground Taco|Earthquake|p2a: Goodra
|-supereffective|p2a: Goodra
|-damage|p2a: Goodra|21/100
|move|p2a: Goodra|Ice Beam|p1a: Ground Taco
|-supereffective|p1a: Ground Taco
|-damage|p1a: Ground Taco|30/100
|
|-heal|p1a: Ground Taco|36/100|[from] item: Leftovers
|turn|10
|
|move|p1a: Ground Taco|Knock Off|p2a: Goodra
|-damage|p2a: Goodra|0 fnt
|-ability|p2a: Goodra|Gooey
|-unboost|p1a: Ground Taco|spe|1
|-enditem|p2a: Goodra|Assault Vest|[from] move: Knock Off|[of] p1a: Ground Taco
|faint|p2a: Goodra
|
|-heal|p1a: Ground Taco|42/100|[from] item: Leftovers
|
|switch|p2a: Dragapult|Dragapult, F|100/100
|turn|11
|
|-end|p1a: Ground Taco|Protosynthesis|[silent]
|switch|p1a: Poison Duck|Toxapex, M|100/100
|move|p2a: Dragapult|Surf|p1a: Poison Duck
|-resisted|p1a: Poison Duck
|-damage|p1a: Poison Duck|90/100
|-damage|p2a: Dragapult|91/100|[from] item: Life Orb
|
|turn|12
|
|switch|p2a: Rotom|Rotom-Wash|45/100
|move|p1a: Poison Duck|Ice Spinner|p2a: Rotom
|-resisted|p2a: Rotom
|-damage|p2a: Rotom|32/100
|
|turn|13
|
|move|p2a: Rotom|Hydro Pump|p1a: Poison Duck
|-resisted|p1a: Poison Duck
|-damage|p1a: Poison Duck|76/100
|move|p1a: Poison Duck|Poison Jab|p2a: Rotom
|-damage|p2a: Rotom|0 fnt
|faint|p2a: Rotom
|
|
|switch|p2a: Great Tusk|Great Tusk|100/100
|turn|14
|
|switch|p1a: Articuno|Articuno-Galar|100/100
|move|p2a: Great Tusk|Rapid Spin|p1a: Articuno
|-damage|p1a: Articuno|81/100
|-boost|p2a: Great Tusk|spe|1
|
|turn|15
|
|-terastallize|p1a: Articuno|Fighting
|move|p2a: Great Tusk|Knock Off|p1a: Articuno
|-resisted|p1a: Articuno
|-damage|p1a: Articuno|58/100
|-enditem|p1a: Articuno|Choice Specs|[from] move: Knock Off|[of] p2a: Great Tusk
|move|p1a: Articuno|Freezing Glare|p2a: Great Tusk
|-supereffective|p2a: Great Tusk
|-damage|p2a: Great Tusk|0 fnt
|faint|p2a: Great Tusk
|-end|p2a: Great Tusk|Protosynthesis|[silent]
|
|
|switch|p2a: Dragapult|Dragapult, F|91/100
|turn|16
|
|-terastallize|p2a: Dragapult|Fairy
|move|p2a: Dragapult|Tera Blast|p1a: Articuno
|-supereffective|p1a: Articuno
|-damage|p1a: Articuno|0 fnt
|faint|p1a: Articuno
|-damage|p2a: Dragapult|81/100|[from] item: Life Orb
|
|
|switch|p1a: Parkchomp|Garchomp, M|7/100 tox
|turn|17
|
|move|p1a: Parkchomp|Iron Head|p2a: Dragapult
|-supereffective|p2a: Dragapult
|-damage|p2a: Dragapult|4/100
|move|p2a: Dragapult|Tera Blast|p1a: Parkchomp
|-supereffective|p1a: Parkchomp
|-damage|p1a: Parkchomp|0 fnt
|faint|p1a: Parkchomp
|-damage|p2a: Dragapult|0 fnt|[from] item: Life Orb
|faint|p2a: Dragapult
|
|
|switch|p2a: Sneasler|Sneasler, F|100/100
|switch|p1a: Uncle Gant|Typhlosion-Hisui, M|100/100
|turn|18
|-message|Blas0330 forfeited.
|
|win|Felckon
|l|☆Blas0330
