|poke|p1|Regidrago|
|poke|p1|Typhlosion-Hisui, F|
|poke|p1|Chien-Pao|
|poke|p1|Landorus-Therian, M|
|poke|p1|Iron Treads|
|poke|p1|Urshifu-*, F|
|poke|p2|Clodsire, M|
|poke|p2|Dondozo, M|
|poke|p2|Alomomola, M|
|poke|p2|Talonflame, F|
|poke|p2|Toxapex, F|
|poke|p2|Blissey, F|
|teampreview
|
|start
|switch|p1a: Regidrago|Regidrago|100/100
|switch|p2a: Blissey|Blissey, F|100/100
|turn|1
|
|move|p1a: Regidrago|Dragon Energy|p2a: Blissey
|-damage|p2a: Blissey|56/100
|move|p2a: Blissey|Stealth Rock|p1a: Regidrago
|-sidestart|p1: p1|move: Stealth Rock
|
|turn|2
|
|move|p1a: Regidrago|Dragon Energy|p2a: Blissey
|-damage|p2a: Blissey|15/100
|move|p2a: Blissey|Soft-Boiled|p2a: Blissey
|-heal|p2a: Blissey|65/100
|
|turn|3
|
|move|p1a: Regidrago|Dragon Energy|p2a: Blissey
|-damage|p2a: Blissey|19/100
|move|p2a: Blissey|Soft-Boiled|p2a: Blissey
|-heal|p2a: Blissey|69/100
|
|turn|4
|
|switch|p1a: Urshifu|Urshifu-Rapid-Strike, F|100/100
|-damage|p1a: Urshifu|94/100|[from] Stealth Rock
|move|p2a: Blissey|Soft-Boiled|p2a: Blissey
|-heal|p2a: Blissey|100/100
|
|turn|5
|
|switch|p2a: Toxapex|Toxapex, F|100/100
|move|p1a: Urshifu|U-turn|p2a: Toxapex
|-resisted|p2a: Toxapex
|-damage|p2a: Toxapex|94/100
|
|switch|p1a: Iron Treads|Iron Treads|100/100|[from] U-turn
|-enditem|p1a: Iron Treads|Booster Energy
|-activate|p1a: Iron Treads|ability: Quark Drive|[fromitem]
|-start|p1a: Iron Treads|quarkdrivespe
|-damage|p1a: Iron Treads|98/100|[from] Stealth Rock
|
|turn|6
|
|switch|p2a: Talonflame|Talonflame, F|100/100
|move|p1a: Iron Treads|Knock Off|p2a: Talonflame
|-damage|p2a: Talonflame|75/100
|-status|p1a: Iron Treads|brn|[from] ability: Flame Body|[of] p2a: Talonflame
|-enditem|p2a: Talonflame|Heavy-Duty Boots|[from] move: Knock Off|[of] p1a: Iron Treads
|
|-damage|p1a: Iron Treads|91/100 brn|[from] brn
|turn|7
|
|move|p1a: Iron Treads|Rapid Spin|p2a: Talonflame
|-damage|p2a: Talonflame|69/100
|-boost|p1a: Iron Treads|spe|1
|-sideend|p1: p1|Stealth Rock|[from] move: Rapid Spin|[of] p1a: Iron Treads
|move|p2a: Talonflame|Flamethrower|p1a: Iron Treads
|-supereffective|p1a: Iron Treads
|-damage|p1a: Iron Treads|35/100 brn
|
|-damage|p1a: Iron Treads|29/100 brn|[from] brn
|turn|8
|
|-end|p1a: Iron Treads|Quark Drive|[silent]
|switch|p1a: Typhlosion|Typhlosion-Hisui, F|100/100
|move|p2a: Talonflame|Roost|p2a: Talonflame
|-heal|p2a: Talonflame|100/100
|-singleturn|p2a: Talonflame|move: Roost
|
|turn|9
|
|switch|p2a: Blissey|Blissey, F|100/100
|switch|p1a: Regidrago|Regidrago|100/100
|
|turn|10
|
|move|p1a: Regidrago|Dragon Pulse|p2a: Blissey
|-damage|p2a: Blissey|73/100
|move|p2a: Blissey|Seismic Toss|p1a: Regidrago
|-damage|p1a: Regidrago|83/100
|
|turn|11
|
|switch|p1a: Landorus|Landorus-Therian, M|100/100
|-ability|p1a: Landorus|Intimidate|boost
|-unboost|p2a: Blissey|atk|1
|move|p2a: Blissey|Soft-Boiled|p2a: Blissey
|-heal|p2a: Blissey|100/100
|
|turn|12
|
|switch|p2a: Alomomola|Alomomola, M|100/100
|move|p1a: Landorus|Stealth Rock|p2a: Alomomola
|-sidestart|p2: p2|move: Stealth Rock
|
|turn|13
|
|move|p1a: Landorus|U-turn|p2a: Alomomola
|-damage|p2a: Alomomola|88/100
|
|switch|p1a: Regidrago|Regidrago|83/100|[from] U-turn
|move|p2a: Alomomola|Whirlpool|p1a: Regidrago
|-resisted|p1a: Regidrago
|-damage|p1a: Regidrago|80/100
|-activate|p1a: Regidrago|move: Whirlpool|[of] p2a: Alomomola
|
|-damage|p1a: Regidrago|68/100|[from] move: Whirlpool|[partiallytrapped]
|turn|14
|
|move|p2a: Alomomola|Protect|p2a: Alomomola
|-singleturn|p2a: Alomomola|Protect
|move|p1a: Regidrago|Dragon Energy|p2a: Alomomola
|-activate|p2a: Alomomola|move: Protect
|
|-damage|p1a: Regidrago|55/100|[from] move: Whirlpool|[partiallytrapped]
|turn|15
|
|switch|p2a: Blissey|Blissey, F|100/100
|move|p1a: Regidrago|Dragon Energy|p2a: Blissey
|-damage|p2a: Blissey|76/100
|
|-end|p1a: Regidrago|Whirlpool|[partiallytrapped]|[silent]
|turn|16
|
|switch|p1a: Iron Treads|Iron Treads|29/100 brn
|move|p2a: Blissey|Stealth Rock|p1a: Iron Treads
|-sidestart|p1: p1|move: Stealth Rock
|
|-damage|p1a: Iron Treads|23/100 brn|[from] brn
|turn|17
|
|switch|p2a: Talonflame|Talonflame, F|100/100
|-damage|p2a: Talonflame|50/100|[from] Stealth Rock
|move|p1a: Iron Treads|Endeavor|p2a: Talonflame
|-damage|p2a: Talonflame|21/100
|
|-damage|p1a: Iron Treads|16/100 brn|[from] brn
|turn|18
|
|move|p1a: Iron Treads|Rapid Spin|p2a: Talonflame
|-damage|p2a: Talonflame|15/100
|-boost|p1a: Iron Treads|spe|1
|-sideend|p1: p1|Stealth Rock|[from] move: Rapid Spin|[of] p1a: Iron Treads
|move|p2a: Talonflame|Roost|p2a: Talonflame
|-heal|p2a: Talonflame|65/100
|-singleturn|p2a: Talonflame|move: Roost
|
|-damage|p1a: Iron Treads|10/100 brn|[from] brn
|turn|19
|
|move|p1a: Iron Treads|Endeavor|p2a: Talonflame
|-damage|p2a: Talonflame|10/100
|move|p2a: Talonflame|Defog|p1a: Iron Treads
|-unboost|p1a: Iron Treads|evasion|1
|-sideend|p2: p2|Stealth Rock|[from] move: Defog|[of] p2a: Talonflame
|
|-damage|p1a: Iron Treads|4/100 brn|[from] brn
|turn|20
|
|switch|p2a: Toxapex|Toxapex, F|100/100
|move|p1a: Iron Treads|Knock Off|p2a: Toxapex
|-damage|p2a: Toxapex|93/100
|-enditem|p2a: Toxapex|Heavy-Duty Boots|[from] move: Knock Off|[of] p1a: Iron Treads
|
|-damage|p1a: Iron Treads|0 fnt|[from] brn
|faint|p1a: Iron Treads
|-end|p1a: Iron Treads|Quark Drive|[silent]
|
|switch|p1a: Regidrago|Regidrago|55/100
|turn|21
|
|-terastallize|p2a: Toxapex|Fairy
|move|p1a: Regidrago|Dragon Pulse|p2a: Toxapex
|-immune|p2a: Toxapex
|move|p2a: Toxapex|Toxic|p1a: Regidrago
|-status|p1a: Regidrago|tox
|
|-damage|p1a: Regidrago|49/100 tox|[from] psn
|turn|22
|
|switch|p1a: Landorus|Landorus-Therian, M|100/100
|-ability|p1a: Landorus|Intimidate|boost
|-unboost|p2a: Toxapex|atk|1
|move|p2a: Toxapex|Infestation|p1a: Landorus
|-resisted|p1a: Landorus
|-damage|p1a: Landorus|99/100
|-activate|p1a: Landorus|move: Infestation|[of] p2a: Toxapex
|-damage|p2a: Toxapex|77/100|[from] item: Rocky Helmet|[of] p1a: Landorus
|
|-damage|p1a: Landorus|87/100|[from] move: Infestation|[partiallytrapped]
|turn|23
|
|move|p1a: Landorus|Stealth Rock|p2a: Toxapex
|-sidestart|p2: p2|move: Stealth Rock
|move|p2a: Toxapex|Recover|p2a: Toxapex
|-heal|p2a: Toxapex|100/100
|
|-damage|p1a: Landorus|74/100|[from] move: Infestation|[partiallytrapped]
|turn|24
|
|move|p1a: Landorus|U-turn|p2a: Toxapex
|-resisted|p2a: Toxapex
|-damage|p2a: Toxapex|94/100
|
|switch|p1a: Regidrago|Regidrago|49/100 tox|[from] U-turn
|move|p2a: Toxapex|Infestation|p1a: Regidrago
|-damage|p1a: Regidrago|46/100 tox
|-activate|p1a: Regidrago|move: Infestation|[of] p2a: Toxapex
|
|-damage|p1a: Regidrago|40/100 tox|[from] psn
|-damage|p1a: Regidrago|28/100 tox|[from] move: Infestation|[partiallytrapped]
|turn|25
|
|move|p1a: Regidrago|Earth Power|p2a: Toxapex
|-damage|p2a: Toxapex|61/100
|move|p2a: Toxapex|Infestation|p1a: Regidrago
|-damage|p1a: Regidrago|25/100 tox
|
|-damage|p1a: Regidrago|12/100 tox|[from] psn
|-damage|p1a: Regidrago|0 fnt|[from] move: Infestation|[partiallytrapped]
|faint|p1a: Regidrago
|
|switch|p1a: Typhlosion|Typhlosion-Hisui, F|100/100
|turn|26
|
|switch|p2a: Blissey|Blissey, F|76/100
|move|p1a: Typhlosion|Eruption|p2a: Blissey
|-damage|p2a: Blissey|44/100
|
|turn|27
|
|switch|p1a: Landorus|Landorus-Therian, M|74/100
|-ability|p1a: Landorus|Intimidate|boost
|-unboost|p2a: Blissey|atk|1
|move|p2a: Blissey|Soft-Boiled|p2a: Blissey
|-heal|p2a: Blissey|94/100
|
|turn|28
|
|move|p1a: Landorus|Taunt|p2a: Blissey
|-start|p2a: Blissey|move: Taunt
|cant|p2a: Blissey|move: Taunt|Stealth Rock
|
|turn|29
|
|switch|p2a: Talonflame|Talonflame, F|10/100
|-damage|p2a: Talonflame|0 fnt|[from] Stealth Rock
|faint|p2a: Talonflame
|move|p1a: Landorus|Earthquake|p2: Talonflame|[notarget]
|-fail|p1a: Landorus
|
|
|switch|p2a: Dondozo|Dondozo, M|100/100
|turn|30
|
|move|p1a: Landorus|Taunt|p2a: Dondozo
|-start|p2a: Dondozo|move: Taunt
|move|p2a: Dondozo|Liquidation|p1a: Landorus
|-supereffective|p1a: Landorus
|-damage|p1a: Landorus|27/100
|-unboost|p1a: Landorus|def|1
|-damage|p2a: Dondozo|84/100|[from] item: Rocky Helmet|[of] p1a: Landorus
|
|turn|31
|
|move|p1a: Landorus|U-turn|p2a: Dondozo
|-damage|p2a: Dondozo|74/100
|
|switch|p1a: Urshifu|Urshifu-Rapid-Strike, F|94/100|[from] U-turn
|move|p2a: Dondozo|Liquidation|p1a: Urshifu
|-resisted|p1a: Urshifu
|-damage|p1a: Urshifu|79/100
|
|turn|32
|
|move|p1a: Urshifu|U-turn|p2a: Dondozo
|-damage|p2a: Dondozo|63/100
|
|switch|p1a: Landorus|Landorus-Therian, M|27/100|[from] U-turn
|-ability|p1a: Landorus|Intimidate|boost
|-unboost|p2a: Dondozo|atk|1
|move|p2a: Dondozo|Body Press|p1a: Landorus
|-resisted|p1a: Landorus
|-damage|p1a: Landorus|17/100
|-damage|p2a: Dondozo|47/100|[from] item: Rocky Helmet|[of] p1a: Landorus
|
|-end|p2a: Dondozo|move: Taunt
|turn|33
|
|move|p1a: Landorus|Taunt|p2a: Dondozo
|-start|p2a: Dondozo|move: Taunt
|cant|p2a: Dondozo|move: Taunt|Rest
|
|turn|34
|
|move|p1a: Landorus|U-turn|p2a: Dondozo
|-damage|p2a: Dondozo|37/100
|
|switch|p1a: Urshifu|Urshifu-Rapid-Strike, F|79/100|[from] U-turn
|move|p2a: Dondozo|Liquidation|p1a: Urshifu
|-resisted|p1a: Urshifu
|-damage|p1a: Urshifu|69/100
|
|turn|35
|
|move|p1a: Urshifu|U-turn|p2a: Dondozo
|-damage|p2a: Dondozo|26/100
|
|switch|p1a: Landorus|Landorus-Therian, M|17/100|[from] U-turn
|-ability|p1a: Landorus|Intimidate|boost
|-unboost|p2a: Dondozo|atk|1
|move|p2a: Dondozo|Body Press|p1a: Landorus
|-resisted|p1a: Landorus
|-damage|p1a: Landorus|8/100
|-damage|p2a: Dondozo|9/100|[from] item: Rocky Helmet|[of] p1a: Landorus
|
|-end|p2a: Dondozo|move: Taunt
|turn|36
|
|move|p1a: Landorus|Earthquake|p2a: Dondozo
|-damage|p2a: Dondozo|0 fnt
|faint|p2a: Dondozo
|
|
|switch|p2a: Alomomola|Alomomola, M|100/100
|turn|37
|
|move|p1a: Landorus|Taunt|p2a: Alomomola
|-start|p2a: Alomomola|move: Taunt
|move|p2a: Alomomola|Whirlpool|p1a: Landorus
|-supereffective|p1a: Landorus
|-damage|p1a: Landorus|0 fnt
|faint|p1a: Landorus
|
|
|switch|p1a: Chien-Pao|Chien-Pao|100/100
|-ability|p1a: Chien-Pao|Sword of Ruin
|turn|38
|
|move|p1a: Chien-Pao|Swords Dance|p1a: Chien-Pao
|-boost|p1a: Chien-Pao|atk|2
|move|p2a: Alomomola|Whirlpool|p1a: Chien-Pao
|-damage|p1a: Chien-Pao|91/100
|-activate|p1a: Chien-Pao|move: Whirlpool|[of] p2a: Alomomola
|
|-damage|p1a: Chien-Pao|78/100|[from] move: Whirlpool|[partiallytrapped]
|turn|39
|
|switch|p2a: Toxapex|Toxapex, F, tera:Fairy|94/100
|-damage|p2a: Toxapex|81/100|[from] Stealth Rock
|-terastallize|p1a: Chien-Pao|Dark
|move|p1a: Chien-Pao|Crunch|p2a: Toxapex
|-resisted|p2a: Toxapex
|-damage|p2a: Toxapex|43/100
|-unboost|p2a: Toxapex|def|1
|
|-end|p1a: Chien-Pao|Whirlpool|[partiallytrapped]|[silent]
|turn|40
|
|move|p1a: Chien-Pao|Ice Spinner|p2a: Toxapex
|-damage|p2a: Toxapex|0 fnt
|faint|p2a: Toxapex
|
|
|switch|p2a: Clodsire|Clodsire, M|100/100
|turn|41
|
|move|p1a: Chien-Pao|Ice Spinner|p2a: Clodsire
|-supereffective|p2a: Clodsire
|-damage|p2a: Clodsire|0 fnt
|faint|p2a: Clodsire
|
|
|switch|p2a: Alomomola|Alomomola, M|100/100
|turn|42
|
|move|p1a: Chien-Pao|Crunch|p2a: Alomomola
|-damage|p2a: Alomomola|30/100
|move|p2a: Alomomola|Whirlpool|p1a: Chien-Pao
|-damage|p1a: Chien-Pao|68/100
|-activate|p1a: Chien-Pao|move: Whirlpool|[of] p2a: Alomomola
|
|-damage|p1a: Chien-Pao|56/100|[from] move: Whirlpool|[partiallytrapped]
|turn|43
|
|move|p2a: Alomomola|Protect|p2a: Alomomola
|-singleturn|p2a: Alomomola|Protect
|move|p1a: Chien-Pao|Swords Dance|p1a: Chien-Pao
|-boost|p1a: Chien-Pao|atk|2
|
|-damage|p1a: Chien-Pao|44/100|[from] move: Whirlpool|[partiallytrapped]
|turn|44
|
|move|p2a: Alomomola|Protect||[still]
|-fail|p2a: Alomomola
|move|p1a: Chien-Pao|Crunch|p2a: Alomomola
|-crit|p2a: Alomomola
|-damage|p2a: Alomomola|0 fnt
|faint|p2a: Alomomola
|
|-end|p1a: Chien-Pao|Whirlpool|[partiallytrapped]|[silent]
|
|switch|p2a: Blissey|Blissey, F|94/100
|turn|45
|-message|p2 forfeited.
|
|win|p1
