# advantage = p1
|poke|p1|Dragonite, F|
|poke|p1|Gholdengo|
|poke|p1|Kingambit, M|
|poke|p1|Ting-Lu|
|poke|p1|Baxcalibur, F|
|poke|p1|Glimmora, M|
|poke|p2|Great Tusk|
|poke|p2|Dragonite, F|
|poke|p2|Kingambit, F|
|poke|p2|Gholdengo|
|poke|p2|Meowscarada, M|
|poke|p2|Garganacl, F|
|teampreview
|
|start
|switch|p1a: Baxcalibur|Baxcalibur, F|100/100
|switch|p2a: Gholdengo|Gholdengo|100/100
|turn|1
|
|switch|p1a: Kingambit|Kingambit, M|100/100
|switch|p2a: Meowscarada|Meowscarada, M|100/100
|
|turn|2
|
|switch|p2a: Garganacl|Garganacl, F|100/100
|move|p1a: Kingambit|Iron Head|p2a: Garganacl
|-supereffective|p2a: Garganacl
|-damage|p2a: Garganacl|51/100
|
|-heal|p2a: Garganacl|58/100|[from] item: Leftovers
|turn|3
|
|move|p1a: Kingambit|Iron Head|p2a: Garganacl
|-supereffective|p2a: Garganacl
|-damage|p2a: Garganacl|12/100
|move|p2a: Garganacl|Body Press|p1a: Kingambit
|-supereffective|p1a: Kingambit
|-crit|p1a: Kingambit
|-damage|p1a: Kingambit|0 fnt
|faint|p1a: Kingambit
|-end|p1a: Kingambit|fallenundefined|[silent]
|
|-heal|p2a: Garganacl|18/100|[from] item: Leftovers
|
|switch|p1a: Dragonite|Dragonite, F|100/100
|turn|4
|
|move|p1a: Dragonite|Hurricane|p2a: Garganacl|[miss]
|-miss|p1a: Dragonite|p2a: Garganacl
|move|p2a: Garganacl|Salt Cure|p1a: Dragonite
|-supereffective|p1a: Dragonite
|-damage|p1a: Dragonite|87/100
|-start|p1a: Dragonite|Salt Cure
|
|-heal|p2a: Garganacl|24/100|[from] item: Leftovers
|-damage|p1a: Dragonite|75/100|[from] Salt Cure
|turn|5
|
|switch|p2a: Gholdengo|Gholdengo|100/100
|move|p1a: Dragonite|Thunderbolt|p2a: Gholdengo
|-damage|p2a: Gholdengo|76/100
|
|-damage|p1a: Dragonite|63/100|[from] Salt Cure
|turn|6
|
|move|p2a: Gholdengo|Make It Rain|p1a: Dragonite
|-damage|p1a: Dragonite|23/100
|-unboost|p2a: Gholdengo|spa|1
|move|p1a: Dragonite|Flamethrower|p2a: Gholdengo
|-supereffective|p2a: Gholdengo
|-damage|p2a: Gholdengo|24/100
|
|-damage|p1a: Dragonite|11/100|[from] Salt Cure
|turn|7
|
|move|p2a: Gholdengo|Recover|p2a: Gholdengo
|-heal|p2a: Gholdengo|74/100
|move|p1a: Dragonite|Flamethrower|p2a: Gholdengo
|-supereffective|p2a: Gholdengo
|-damage|p2a: Gholdengo|22/100
|
|-damage|p1a: Dragonite|0 fnt|[from] Salt Cure
|faint|p1a: Dragonite
|
|switch|p1a: Ting-Lu|Ting-Lu|100/100
|-ability|p1a: Ting-Lu|Vessel of Ruin
|turn|8
|
|switch|p2a: Meowscarada|Meowscarada, M|100/100
|move|p1a: Ting-Lu|Stealth Rock|p2a: Meowscarada
|-sidestart|p2: p2|move: Stealth Rock
|
|turn|9
|
|move|p2a: Meowscarada|Knock Off|p1a: Ting-Lu
|-resisted|p1a: Ting-Lu
|-damage|p1a: Ting-Lu|86/100
|-enditem|p1a: Ting-Lu|Red Card|[from] move: Knock Off|[of] p2a: Meowscarada
|move|p1a: Ting-Lu|Spikes|p2a: Meowscarada
|-sidestart|p2: p2|Spikes
|
|turn|10
|
|move|p2a: Meowscarada|Spikes|p1a: Ting-Lu
|-sidestart|p1: p1|Spikes
|move|p1a: Ting-Lu|Whirlwind|p2a: Meowscarada
|drag|p2a: Dragonite|Dragonite, F|100/100
|-damage|p2a: Dragonite|76/100|[from] Stealth Rock
|
|turn|11
|
|move|p2a: Dragonite|Earthquake|p1a: Ting-Lu
|-damage|p1a: Ting-Lu|54/100
|move|p1a: Ting-Lu|Whirlwind|p2a: Dragonite
|drag|p2a: Meowscarada|Meowscarada, M|100/100
|-damage|p2a: Meowscarada|88/100|[from] Stealth Rock
|-damage|p2a: Meowscarada|76/100|[from] Spikes
|
|turn|12
|
|move|p2a: Meowscarada|Leaf Storm|p1a: Ting-Lu
|-supereffective|p1a: Ting-Lu
|-damage|p1a: Ting-Lu|16/100
|-unboost|p2a: Meowscarada|spa|2
|move|p1a: Ting-Lu|Heavy Slam|p2a: Meowscarada
|-damage|p2a: Meowscarada|30/100
|
|turn|13
|
|switch|p1a: Glimmora|Glimmora, M|100/100
|-item|p1a: Glimmora|Air Balloon
|move|p2a: Meowscarada|Leaf Storm|p1a: Glimmora
|-damage|p1a: Glimmora|78/100
|-unboost|p2a: Meowscarada|spa|2
|-enditem|p1a: Glimmora|Air Balloon
|
|turn|14
|
|switch|p2a: Garganacl|Garganacl, F|24/100
|-damage|p2a: Garganacl|12/100|[from] Stealth Rock
|-damage|p2a: Garganacl|0 fnt|[from] Spikes
|faint|p2a: Garganacl
|move|p1a: Glimmora|Mortal Spin|p2: Garganacl|[notarget]
|-fail|p1a: Glimmora
|
|
|switch|p2a: Great Tusk|Great Tusk|100/100
|-damage|p2a: Great Tusk|98/100|[from] Stealth Rock
|-damage|p2a: Great Tusk|85/100|[from] Spikes
|-enditem|p2a: Great Tusk|Booster Energy
|-activate|p2a: Great Tusk|ability: Protosynthesis|[fromitem]
|-start|p2a: Great Tusk|protosynthesisspe
|turn|15
|
|switch|p1a: Gholdengo|Gholdengo|100/100
|-item|p1a: Gholdengo|Air Balloon
|move|p2a: Great Tusk|Earthquake|p1a: Gholdengo
|-immune|p1a: Gholdengo
|
|turn|16
|
|move|p2a: Great Tusk|Knock Off|p1a: Gholdengo
|-supereffective|p1a: Gholdengo
|-damage|p1a: Gholdengo|38/100
|-enditem|p1a: Gholdengo|Air Balloon
|move|p1a: Gholdengo|Make It Rain|p2a: Great Tusk
|-damage|p2a: Great Tusk|6/100
|-unboost|p1a: Gholdengo|spa|1
|
|turn|17
|
|move|p2a: Great Tusk|Stealth Rock|p1a: Gholdengo
|-sidestart|p1: p1|move: Stealth Rock
|move|p1a: Gholdengo|Make It Rain|p2a: Great Tusk
|-damage|p2a: Great Tusk|0 fnt
|-unboost|p1a: Gholdengo|spa|1
|faint|p2a: Great Tusk
|-end|p2a: Great Tusk|Protosynthesis|[silent]
|
|
|switch|p2a: Meowscarada|Meowscarada, M|30/100
|-damage|p2a: Meowscarada|18/100|[from] Stealth Rock
|-damage|p2a: Meowscarada|6/100|[from] Spikes
|turn|18
|
|switch|p1a: Ting-Lu|Ting-Lu|16/100
|-damage|p1a: Ting-Lu|4/100|[from] Spikes
|-damage|p1a: Ting-Lu|0 fnt|[from] Stealth Rock
|faint|p1a: Ting-Lu
|move|p2a: Meowscarada|Knock Off|p1: Ting-Lu|[notarget]
|-fail|p2a: Meowscarada
|
|
|switch|p1a: Glimmora|Glimmora, M|78/100
|-damage|p1a: Glimmora|65/100|[from] Spikes
|-damage|p1a: Glimmora|53/100|[from] Stealth Rock
|turn|19
|
|move|p2a: Meowscarada|Leaf Storm|p1a: Glimmora
|-damage|p1a: Glimmora|7/100
|-unboost|p2a: Meowscarada|spa|2
|move|p1a: Glimmora|Mortal Spin|p2a: Meowscarada
|-supereffective|p2a: Meowscarada
|-damage|p2a: Meowscarada|0 fnt
|-sideend|p1: p1|Spikes|[from] move: Mortal Spin|[of] p1a: Glimmora
|-sideend|p1: p1|Stealth Rock|[from] move: Mortal Spin|[of] p1a: Glimmora
|faint|p2a: Meowscarada
|
|
|switch|p2a: Gholdengo|Gholdengo|22/100
|-damage|p2a: Gholdengo|16/100|[from] Stealth Rock
|-damage|p2a: Gholdengo|3/100|[from] Spikes
|turn|20
|
|move|p2a: Gholdengo|Shadow Ball|p1a: Glimmora
|-damage|p1a: Glimmora|0 fnt
|faint|p1a: Glimmora
|
|
|switch|p1a: Baxcalibur|Baxcalibur, F|100/100
|turn|21
|
|move|p1a: Baxcalibur|Ice Shard|p2a: Gholdengo
|-resisted|p2a: Gholdengo
|-damage|p2a: Gholdengo|0 fnt
|faint|p2a: Gholdengo
|
|
|switch|p2a: Kingambit|Kingambit, F|100/100
|-damage|p2a: Kingambit|94/100|[from] Stealth Rock
|-damage|p2a: Kingambit|82/100|[from] Spikes
|-activate|p2a: Kingambit|ability: Supreme Overlord
|-start|p2a: Kingambit|fallen4|[silent]
|turn|22
|player|p2|
|
|-terastallize|p1a: Baxcalibur|Dragon
|move|p1a: Baxcalibur|Glaive Rush|p2a: Kingambit
|-resisted|p2a: Kingambit
|-damage|p2a: Kingambit|37/100
|-singlemove|p1a: Baxcalibur|Glaive Rush|[silent]
|move|p2a: Kingambit|Kowtow Cleave|p1a: Baxcalibur
|-damage|p1a: Baxcalibur|0 fnt
|faint|p1a: Baxcalibur
|
|player|p2|p2|#puplviiimoomoomilkers
|
|switch|p1a: Gholdengo|Gholdengo|38/100
|turn|23
|
|move|p2a: Kingambit|Sucker Punch||[still]
|-fail|p2a: Kingambit
|move|p1a: Gholdengo|Thunder Wave|p2a: Kingambit
|-status|p2a: Kingambit|par
|
|turn|24
|
|move|p2a: Kingambit|Sucker Punch||[still]
|-fail|p2a: Kingambit
|move|p1a: Gholdengo|Nasty Plot|p1a: Gholdengo
|-boost|p1a: Gholdengo|spa|2
|
|turn|25
|
|move|p2a: Kingambit|Sucker Punch||[still]
|-fail|p2a: Kingambit
|move|p1a: Gholdengo|Nasty Plot|p1a: Gholdengo
|-boost|p1a: Gholdengo|spa|2
|
|turn|26
|
|move|p1a: Gholdengo|Nasty Plot|p1a: Gholdengo
|-boost|p1a: Gholdengo|spa|2
|move|p2a: Kingambit|Kowtow Cleave|p1a: Gholdengo
|-supereffective|p1a: Gholdengo
|-damage|p1a: Gholdengo|0 fnt
|faint|p1a: Gholdengo
|
|win|p2
