|poke|p1|Wo-Chien|
|poke|p1|Garganacl, M|
|poke|p1|Toxapex, F|
|poke|p1|Corviknight, M|
|poke|p1|Skeledirge, F|
|poke|p1|Grimmsnarl, M|
|poke|p2|Electrode-Hisui|
|poke|p2|Glastrier|
|poke|p2|Chien-Pao|
|poke|p2|Great Tusk|
|poke|p2|Heatran, M|
|poke|p2|Roaring Moon|
|teampreview
|
|start
|switch|p1a: Grimmsnarl|Grimmsnarl, M|100/100
|switch|p2a: Heatran|Heatran, M|100/100
|turn|1
|
|move|p1a: Grimmsnarl|Light Screen|p1a: Grimmsnarl
|-sidestart|p1: KarinaxCrushx11|move: Light Screen
|move|p2a: Heatran|Magma Storm|p1a: Grimmsnarl
|-damage|p1a: Grimmsnarl|78/100
|-activate|p1a: Grimmsnarl|move: Magma Storm|[of] p2a: Heatran
|
|-damage|p1a: Grimmsnarl|66/100|[from] move: Magma Storm|[partiallytrapped]
|turn|2
|
|move|p1a: Grimmsnarl|Reflect|p1a: Grimmsnarl
|-sidestart|p1: KarinaxCrushx11|Reflect
|move|p2a: Heatran|Stealth Rock|p1a: Grimmsnarl
|-sidestart|p1: KarinaxCrushx11|move: Stealth Rock
|
|-damage|p1a: Grimmsnarl|53/100|[from] move: Magma Storm|[partiallytrapped]
|turn|3
|
|move|p1a: Grimmsnarl|Parting Shot|p2a: Heatran
|-unboost|p2a: Heatran|atk|1
|-unboost|p2a: Heatran|spa|1
|player|p1|
|player|p1|KarinaxCrushx11|lady-gen4
|
|switch|p1a: Toxapex|Toxapex, F|100/100|[from] Parting Shot
|-damage|p1a: Toxapex|88/100|[from] Stealth Rock
|move|p2a: Heatran|Flash Cannon|p1a: Toxapex
|-resisted|p1a: Toxapex
|-damage|p1a: Toxapex|84/100
|
|-heal|p1a: Toxapex|91/100|[from] item: Leftovers
|turn|4
|
|move|p2a: Heatran|Magma Storm|p1a: Toxapex
|-resisted|p1a: Toxapex
|-damage|p1a: Toxapex|85/100
|-activate|p1a: Toxapex|move: Magma Storm|[of] p2a: Heatran
|move|p1a: Toxapex|Infestation|p2a: Heatran
|-resisted|p2a: Heatran
|-damage|p2a: Heatran|99/100
|-activate|p2a: Heatran|move: Infestation|[of] p1a: Toxapex
|
|-heal|p2a: Heatran|100/100|[from] item: Leftovers
|-heal|p1a: Toxapex|92/100|[from] item: Leftovers
|-damage|p2a: Heatran|88/100|[from] move: Infestation|[partiallytrapped]
|-damage|p1a: Toxapex|79/100|[from] move: Magma Storm|[partiallytrapped]
|turn|5
|
|move|p2a: Heatran|Magma Storm|p1a: Toxapex
|-resisted|p1a: Toxapex
|-damage|p1a: Toxapex|74/100
|move|p1a: Toxapex|Liquidation|p2a: Heatran
|-supereffective|p2a: Heatran
|-damage|p2a: Heatran|55/100
|
|-heal|p2a: Heatran|62/100|[from] item: Leftovers
|-heal|p1a: Toxapex|80/100|[from] item: Leftovers
|-damage|p2a: Heatran|49/100|[from] move: Infestation|[partiallytrapped]
|-damage|p1a: Toxapex|68/100|[from] move: Magma Storm|[partiallytrapped]
|turn|6
|
|move|p2a: Heatran|Magma Storm|p1a: Toxapex|[miss]
|-miss|p2a: Heatran|p1a: Toxapex
|move|p1a: Toxapex|Liquidation|p2a: Heatran
|-supereffective|p2a: Heatran
|-damage|p2a: Heatran|20/100
|
|-heal|p2a: Heatran|26/100|[from] item: Leftovers
|-heal|p1a: Toxapex|74/100|[from] item: Leftovers
|-damage|p2a: Heatran|13/100|[from] move: Infestation|[partiallytrapped]
|-damage|p1a: Toxapex|62/100|[from] move: Magma Storm|[partiallytrapped]
|turn|7
|
|move|p2a: Heatran|Protect|p2a: Heatran
|-singleturn|p2a: Heatran|Protect
|move|p1a: Toxapex|Liquidation|p2a: Heatran
|-activate|p2a: Heatran|move: Protect
|
|-heal|p2a: Heatran|20/100|[from] item: Leftovers
|-heal|p1a: Toxapex|68/100|[from] item: Leftovers
|-damage|p2a: Heatran|7/100|[from] move: Infestation|[partiallytrapped]
|-damage|p1a: Toxapex|55/100|[from] move: Magma Storm|[partiallytrapped]
|turn|8
|
|move|p2a: Heatran|Flash Cannon|p1a: Toxapex
|-resisted|p1a: Toxapex
|-damage|p1a: Toxapex|51/100
|move|p1a: Toxapex|Liquidation|p2a: Heatran
|-supereffective|p2a: Heatran
|-damage|p2a: Heatran|0 fnt
|faint|p2a: Heatran
|
|-heal|p1a: Toxapex|58/100|[from] item: Leftovers
|-end|p1a: Toxapex|Magma Storm|[partiallytrapped]|[silent]
|-sideend|p1: KarinaxCrushx11|move: Light Screen
|
|switch|p2a: Electrode|Electrode-Hisui|100/100
|turn|9
|
|switch|p1a: Wo-Chien|Wo-Chien|100/100
|-damage|p1a: Wo-Chien|88/100|[from] Stealth Rock
|-ability|p1a: Wo-Chien|Tablets of Ruin
|move|p2a: Electrode|Volt Switch|p1a: Wo-Chien
|-resisted|p1a: Wo-Chien
|-damage|p1a: Wo-Chien|75/100
|
|switch|p2a: Glastrier|Glastrier|100/100|[from] Volt Switch
|
|-heal|p1a: Wo-Chien|81/100|[from] item: Leftovers
|-sideend|p1: KarinaxCrushx11|Reflect
|turn|10
|
|-terastallize|p1a: Wo-Chien|Poison
|move|p1a: Wo-Chien|Leech Seed|p2a: Glastrier
|-start|p2a: Glastrier|move: Leech Seed
|move|p2a: Glastrier|Avalanche|p1a: Wo-Chien
|-crit|p1a: Wo-Chien
|-damage|p1a: Wo-Chien|42/100
|
|-heal|p1a: Wo-Chien|48/100|[from] item: Leftovers
|-damage|p2a: Glastrier|88/100|[from] Leech Seed|[of] p1a: Wo-Chien
|-heal|p1a: Wo-Chien|62/100|[silent]
|turn|11
|-message|give a gible forfeited.
|
|win|KarinaxCrushx11
