|poke|p1|Glimmora, M|
|poke|p1|Magearna|
|poke|p1|Enamorus, F|
|poke|p1|Chien-Pao|
|poke|p1|Zamazenta-*|
|poke|p1|Roaring Moon|
|poke|p2|Toedscruel, F|
|poke|p2|Garchomp, M|
|poke|p2|Toxapex, F|
|poke|p2|Rillaboom, F|
|poke|p2|Enamorus-Therian, F|
|poke|p2|Cinderace, F|
|teampreview
|
|start
|switch|p1a: Glimmora|Glimmora, M|100/100
|switch|p2a: Garchomp|Garchomp, M|100/100
|turn|1
|
|move|p2a: Garchomp|Earthquake|p1a: Glimmora
|-supereffective|p1a: Glimmora
|-damage|p1a: Glimmora|0 fnt
|-activate|p1a: Glimmora|ability: Toxic Debris
|-sidestart|p2: Dizzydwarf99|move: Toxic Spikes
|faint|p1a: Glimmora
|-damage|p2a: Garchomp|91/100|[from] item: Life Orb
|
|
|switch|p1a: Enamorus|Enamorus, F|100/100
|turn|2
|
|switch|p2a: Toxapex|Toxapex, F|100/100
|-sideend|p2: Dizzydwarf99|move: Toxic Spikes|[of] p2a: Toxapex
|move|p1a: Enamorus|Calm Mind|p1a: Enamorus
|-boost|p1a: Enamorus|spa|1
|-boost|p1a: Enamorus|spd|1
|
|turn|3
|
|move|p1a: Enamorus|Earth Power|p2a: Toxapex
|-supereffective|p2a: Toxapex
|-damage|p2a: Toxapex|23/100
|move|p2a: Toxapex|Haze|p2a: Toxapex
|-clearallboost
|
|-heal|p2a: Toxapex|29/100|[from] item: Leftovers
|turn|4
|
|switch|p2a: Cinderace|Cinderace, F|100/100
|move|p1a: Enamorus|Earth Power|p2a: Cinderace
|-supereffective|p2a: Cinderace
|-damage|p2a: Cinderace|7/100
|
|turn|5
|
|switch|p1a: Zamazenta|Zamazenta|100/100
|-ability|p1a: Zamazenta|Dauntless Shield|boost
|-boost|p1a: Zamazenta|def|1
|move|p2a: Cinderace|Pyro Ball|p1a: Zamazenta
|-damage|p1a: Zamazenta|78/100
|-status|p1a: Zamazenta|brn
|
|-damage|p1a: Zamazenta|72/100 brn|[from] brn
|turn|6
|
|switch|p2a: Enamorus|Enamorus-Therian, F|100/100
|move|p1a: Zamazenta|Iron Defense|p1a: Zamazenta
|-boost|p1a: Zamazenta|def|2
|
|-damage|p1a: Zamazenta|65/100 brn|[from] brn
|turn|7
|
|move|p1a: Zamazenta|Body Press|p2a: Enamorus
|-resisted|p2a: Enamorus
|-damage|p2a: Enamorus|89/100
|move|p2a: Enamorus|Moonblast|p1a: Zamazenta
|-supereffective|p1a: Zamazenta
|-damage|p1a: Zamazenta|0 fnt
|faint|p1a: Zamazenta
|
|
|switch|p1a: Chien-Pao|Chien-Pao|100/100
|-ability|p1a: Chien-Pao|Sword of Ruin
|turn|8
|
|switch|p2a: Toxapex|Toxapex, F|62/100
|move|p1a: Chien-Pao|Icicle Crash|p2a: Toxapex
|-resisted|p2a: Toxapex
|-damage|p2a: Toxapex|35/100
|
|-heal|p2a: Toxapex|41/100|[from] item: Leftovers
|turn|9
|
|switch|p1a: Magearna|Magearna|100/100
|move|p2a: Toxapex|Recover|p2a: Toxapex
|-heal|p2a: Toxapex|91/100
|
|-heal|p2a: Toxapex|97/100|[from] item: Leftovers
|turn|10
|
|move|p1a: Magearna|Calm Mind|p1a: Magearna
|-boost|p1a: Magearna|spa|1
|-boost|p1a: Magearna|spd|1
|move|p2a: Toxapex|Haze|p2a: Toxapex
|-clearallboost
|
|-heal|p2a: Toxapex|100/100|[from] item: Leftovers
|turn|11
|
|switch|p2a: Cinderace|Cinderace, F|7/100
|move|p1a: Magearna|Shift Gear|p1a: Magearna
|-boost|p1a: Magearna|spe|2
|-boost|p1a: Magearna|atk|1
|
|turn|12
|
|switch|p2a: Toxapex|Toxapex, F|100/100
|move|p1a: Magearna|Draining Kiss|p2a: Toxapex
|-resisted|p2a: Toxapex
|-damage|p2a: Toxapex|90/100
|
|-heal|p2a: Toxapex|97/100|[from] item: Leftovers
|turn|13
|
|move|p1a: Magearna|Stored Power|p2a: Toxapex
|-supereffective|p2a: Toxapex
|-damage|p2a: Toxapex|53/100
|move|p2a: Toxapex|Haze|p2a: Toxapex
|-clearallboost
|
|-heal|p2a: Toxapex|59/100|[from] item: Leftovers
|turn|14
|
|switch|p2a: Toedscruel|Toedscruel, F|100/100
|move|p1a: Magearna|Calm Mind|p1a: Magearna
|-boost|p1a: Magearna|spa|1
|-boost|p1a: Magearna|spd|1
|
|turn|15
|
|move|p1a: Magearna|Shift Gear|p1a: Magearna
|-boost|p1a: Magearna|spe|2
|-boost|p1a: Magearna|atk|1
|move|p2a: Toedscruel|Spore|p1a: Magearna
|-status|p1a: Magearna|slp|[from] move: Spore
|
|turn|16
|
|cant|p1a: Magearna|slp
|move|p2a: Toedscruel|Earth Power|p1a: Magearna
|-supereffective|p1a: Magearna
|-damage|p1a: Magearna|67/100 slp
|
|-heal|p1a: Magearna|73/100 slp|[from] item: Leftovers
|turn|17
|
|cant|p1a: Magearna|slp
|move|p2a: Toedscruel|Earth Power|p1a: Magearna
|-supereffective|p1a: Magearna
|-damage|p1a: Magearna|39/100 slp
|
|-heal|p1a: Magearna|45/100 slp|[from] item: Leftovers
|turn|18
|
|cant|p1a: Magearna|slp
|move|p2a: Toedscruel|Earth Power|p1a: Magearna
|-supereffective|p1a: Magearna
|-damage|p1a: Magearna|13/100 slp
|
|-heal|p1a: Magearna|19/100 slp|[from] item: Leftovers
|turn|19
|
|-curestatus|p1a: Magearna|slp|[msg]
|move|p1a: Magearna|Draining Kiss|p2a: Toedscruel
|-damage|p2a: Toedscruel|80/100
|-heal|p1a: Magearna|38/100|[from] drain|[of] p2a: Toedscruel
|move|p2a: Toedscruel|Earth Power|p1a: Magearna
|-supereffective|p1a: Magearna
|-crit|p1a: Magearna
|-damage|p1a: Magearna|0 fnt
|faint|p1a: Magearna
|
|-heal|p2a: Toedscruel|86/100|[from] item: Leftovers
|
|switch|p1a: Chien-Pao|Chien-Pao|100/100
|-ability|p1a: Chien-Pao|Sword of Ruin
|turn|20
|
|switch|p2a: Toxapex|Toxapex, F|93/100
|move|p1a: Chien-Pao|Crunch|p2a: Toxapex
|-crit|p2a: Toxapex
|-damage|p2a: Toxapex|21/100
|
|-heal|p2a: Toxapex|27/100|[from] item: Leftovers
|turn|21
|
|switch|p2a: Enamorus|Enamorus-Therian, F|89/100
|move|p1a: Chien-Pao|Crunch|p2a: Enamorus
|-resisted|p2a: Enamorus
|-damage|p2a: Enamorus|55/100
|
|turn|22
|
|switch|p1a: Enamorus|Enamorus, F|100/100
|move|p2a: Enamorus|Moonblast|p1a: Enamorus
|-damage|p1a: Enamorus|0 fnt
|faint|p1a: Enamorus
|
|
|switch|p1a: Roaring Moon|Roaring Moon|100/100
|-enditem|p1a: Roaring Moon|Booster Energy
|-activate|p1a: Roaring Moon|ability: Protosynthesis|[fromitem]
|-start|p1a: Roaring Moon|protosynthesisatk
|turn|23
|
|-terastallize|p1a: Roaring Moon|Flying
|move|p1a: Roaring Moon|Dragon Dance|p1a: Roaring Moon
|-boost|p1a: Roaring Moon|atk|1
|-boost|p1a: Roaring Moon|spe|1
|move|p2a: Enamorus|Moonblast|p1a: Roaring Moon
|-damage|p1a: Roaring Moon|26/100
|
|turn|24
|
|switch|p2a: Rillaboom|Rillaboom, F|100/100
|-fieldstart|move: Grassy Terrain|[from] ability: Grassy Surge|[of] p2a: Rillaboom
|move|p1a: Roaring Moon|Acrobatics|p2a: Rillaboom
|-supereffective|p2a: Rillaboom
|-damage|p2a: Rillaboom|0 fnt
|faint|p2a: Rillaboom
|
|
|switch|p2a: Toxapex|Toxapex, F|61/100
|turn|25
|
|move|p1a: Roaring Moon|Acrobatics|p2a: Toxapex
|-damage|p2a: Toxapex|0 fnt
|faint|p2a: Toxapex
|
|
|switch|p2a: Cinderace|Cinderace, F|7/100
|turn|26
|
|move|p2a: Cinderace|Sucker Punch|p1a: Roaring Moon
|-start|p2a: Cinderace|typechange|Dark|[from] ability: Libero
|-damage|p1a: Roaring Moon|0 fnt
|faint|p1a: Roaring Moon
|-end|p1a: Roaring Moon|Protosynthesis|[silent]
|
|-heal|p2a: Cinderace|13/100|[from] Grassy Terrain
|
|switch|p1a: Chien-Pao|Chien-Pao|100/100
|-ability|p1a: Chien-Pao|Sword of Ruin
|turn|27
|
|move|p1a: Chien-Pao|Icicle Crash|p2a: Cinderace|[miss]
|-miss|p1a: Chien-Pao|p2a: Cinderace
|move|p2a: Cinderace|Pyro Ball|p1a: Chien-Pao
|-supereffective|p1a: Chien-Pao
|-damage|p1a: Chien-Pao|0 fnt
|faint|p1a: Chien-Pao
|
|win|Dizzydwarf99
