# advantage = p2
|poke|p1|Arcanine-Hisui, M|
|poke|p1|Walking Wake|
|poke|p1|Kingambit, F|
|poke|p1|Zoroark-Hisui, F|
|poke|p1|Thundurus, M|
|poke|p1|Great Tusk|
|poke|p2|Chien-Pao|
|poke|p2|Roaring Moon|
|poke|p2|Walking Wake|
|poke|p2|Landorus-Therian, M|
|poke|p2|Corviknight, M|
|poke|p2|Gholdengo|
|teampreview
|
|start
|switch|p1a: Arcanine|Arcanine-Hisui, M|100/100
|switch|p2a: Gholdengo|Gholdengo|100/100
|turn|1
|
|switch|p2a: Landorus|Landorus-Therian, M|100/100
|-ability|p2a: Landorus|Intimidate|boost
|-unboost|p1a: Arcanine|atk|1
|move|p1a: Arcanine|Shadow Ball|p2a: Landorus
|-damage|p2a: Landorus|49/100
|
|turn|2
|
|move|p2a: Landorus|Earthquake|p1a: Arcanine
|-enditem|p1a: Arcanine|Focus Sash
|-damage|p1a: Arcanine|1/100
|replace|p1a: Zoroark|Zoroark-Hisui, F
|-end|p1a: Zoroark|Illusion
|move|p1a: Zoroark|Shadow Ball|p2a: Landorus
|-damage|p2a: Landorus|0 fnt
|faint|p2a: Landorus
|
|
|switch|p2a: Roaring Moon|Roaring Moon|100/100
|-enditem|p2a: Roaring Moon|Booster Energy
|-activate|p2a: Roaring Moon|ability: Protosynthesis|[fromitem]
|-start|p2a: Roaring Moon|protosynthesisatk
|turn|3
|
|-terastallize|p2a: Roaring Moon|Flying
|move|p2a: Roaring Moon|Dragon Dance|p2a: Roaring Moon
|-boost|p2a: Roaring Moon|atk|1
|-boost|p2a: Roaring Moon|spe|1
|move|p1a: Zoroark|Will-O-Wisp|p2a: Roaring Moon
|-status|p2a: Roaring Moon|brn
|
|-damage|p2a: Roaring Moon|95/100 brn|[from] brn
|turn|4
|
|move|p2a: Roaring Moon|Dragon Dance|p2a: Roaring Moon
|-boost|p2a: Roaring Moon|atk|1
|-boost|p2a: Roaring Moon|spe|1
|move|p1a: Zoroark|Shadow Ball|p2a: Roaring Moon
|-damage|p2a: Roaring Moon|57/100 brn
|
|-damage|p2a: Roaring Moon|51/100 brn|[from] brn
|turn|5
|
|move|p2a: Roaring Moon|Acrobatics|p1a: Zoroark
|-damage|p1a: Zoroark|0 fnt
|faint|p1a: Zoroark
|
|-damage|p2a: Roaring Moon|45/100 brn|[from] brn
|
|switch|p1a: Kingambit|Kingambit, F|100/100
|-activate|p1a: Kingambit|ability: Supreme Overlord
|-start|p1a: Kingambit|fallen1|[silent]
|-item|p1a: Kingambit|Air Balloon
|turn|6
|
|move|p1a: Kingambit|Sucker Punch||[still]
|-fail|p1a: Kingambit
|move|p2a: Roaring Moon|Dragon Dance|p2a: Roaring Moon
|-boost|p2a: Roaring Moon|atk|1
|-boost|p2a: Roaring Moon|spe|1
|
|-damage|p2a: Roaring Moon|39/100 brn|[from] brn
|turn|7
|
|move|p1a: Kingambit|Sucker Punch|p2a: Roaring Moon
|-damage|p2a: Roaring Moon|0 fnt
|faint|p2a: Roaring Moon
|-end|p2a: Roaring Moon|Protosynthesis|[silent]
|
|
|switch|p2a: Chien-Pao|Chien-Pao|100/100
|-ability|p2a: Chien-Pao|Sword of Ruin
|turn|8
|
|move|p2a: Chien-Pao|Sacred Sword|p1a: Kingambit
|-supereffective|p1a: Kingambit
|-damage|p1a: Kingambit|0 fnt
|-enditem|p1a: Kingambit|Air Balloon
|faint|p1a: Kingambit
|-end|p1a: Kingambit|fallen1|[silent]
|
|
|switch|p1a: Walking Wake|Walking Wake|100/100
|-enditem|p1a: Walking Wake|Booster Energy
|-activate|p1a: Walking Wake|ability: Protosynthesis|[fromitem]
|-start|p1a: Walking Wake|protosynthesisspa
|turn|9
|
|switch|p2a: Corviknight|Corviknight, M|100/100
|move|p1a: Walking Wake|Flamethrower|p2a: Corviknight
|-supereffective|p2a: Corviknight
|-damage|p2a: Corviknight|21/100
|
|-heal|p2a: Corviknight|27/100|[from] item: Leftovers
|turn|10
|
|move|p1a: Walking Wake|Agility|p1a: Walking Wake
|-boost|p1a: Walking Wake|spe|2
|move|p2a: Corviknight|Body Press|p1a: Walking Wake
|-damage|p1a: Walking Wake|72/100
|
|-heal|p2a: Corviknight|33/100|[from] item: Leftovers
|turn|11
|
|move|p1a: Walking Wake|Flamethrower|p2a: Corviknight
|-supereffective|p2a: Corviknight
|-damage|p2a: Corviknight|0 fnt
|faint|p2a: Corviknight
|
|
|switch|p2a: Chien-Pao|Chien-Pao|100/100
|-ability|p2a: Chien-Pao|Sword of Ruin
|turn|12
|
|move|p1a: Walking Wake|Flamethrower|p2a: Chien-Pao
|-supereffective|p2a: Chien-Pao
|-enditem|p2a: Chien-Pao|Focus Sash
|-damage|p2a: Chien-Pao|1/100
|move|p2a: Chien-Pao|Haze|p2a: Chien-Pao
|-clearallboost
|
|turn|13
|
|move|p2a: Chien-Pao|Ice Spinner|p1a: Walking Wake
|-damage|p1a: Walking Wake|12/100
|move|p1a: Walking Wake|Agility|p1a: Walking Wake
|-boost|p1a: Walking Wake|spe|2
|
|turn|14
|
|move|p1a: Walking Wake|Flamethrower|p2a: Chien-Pao
|-supereffective|p2a: Chien-Pao
|-damage|p2a: Chien-Pao|0 fnt
|faint|p2a: Chien-Pao
|
|
|switch|p2a: Gholdengo|Gholdengo|100/100
|turn|15
|
|move|p1a: Walking Wake|Flamethrower|p2a: Gholdengo
|-supereffective|p2a: Gholdengo
|-damage|p2a: Gholdengo|3/100
|move|p2a: Gholdengo|Dazzling Gleam|p1a: Walking Wake
|-supereffective|p1a: Walking Wake
|-crit|p1a: Walking Wake
|-damage|p1a: Walking Wake|0 fnt
|faint|p1a: Walking Wake
|-end|p1a: Walking Wake|Protosynthesis|[silent]
|
|
|switch|p1a: Thundurus|Thundurus, M|100/100
|turn|16
|
|move|p2a: Gholdengo|Dazzling Gleam|p1a: Thundurus
|-damage|p1a: Thundurus|61/100
|move|p1a: Thundurus|Thunderbolt|p2a: Gholdengo
|-crit|p2a: Gholdengo
|-damage|p2a: Gholdengo|0 fnt
|faint|p2a: Gholdengo
|
|
|switch|p2a: Walking Wake|Walking Wake|100/100
|turn|17
|
|move|p1a: Thundurus|Thunderbolt|p2a: Walking Wake
|-damage|p2a: Walking Wake|43/100
|move|p2a: Walking Wake|Hydro Steam|p1a: Thundurus
|-damage|p1a: Thundurus|0 fnt
|faint|p1a: Thundurus
|
|
|switch|p1a: Arcanine|Arcanine-Hisui, M|100/100
|turn|18
|
|-terastallize|p1a: Arcanine|Normal
|move|p1a: Arcanine|Extreme Speed|p2a: Walking Wake
|-damage|p2a: Walking Wake|0 fnt
|faint|p2a: Walking Wake
|-end|p2a: Walking Wake|Protosynthesis|[silent]
|-damage|p1a: Arcanine|91/100|[from] item: Life Orb
|
|win|p1
