# advantage = p2
|poke|p1|Garchomp, M|
|poke|p1|Meowscarada, M|
|poke|p1|Quaquaval, M|
|poke|p1|Skeledirge, M|
|poke|p1|Kingambit, F|
|poke|p1|Pawmot, M|
|poke|p2|Samurott-Hisui, M|
|poke|p2|Enamorus, F|
|poke|p2|Moltres|
|poke|p2|Arcanine-Hisui, F|
|poke|p2|Great Tusk|
|poke|p2|Sneasler, M|
|teampreview
|
|start
|switch|p1a: Garchomp|Garchomp, M|100/100
|switch|p2a: Moltres|Moltres|100/100
|turn|1
|
|move|p1a: Garchomp|Stealth Rock|p2a: Moltres
|-sidestart|p2: p2|move: Stealth Rock
|move|p2a: Moltres|Will-O-Wisp|p1a: Garchomp
|-status|p1a: Garchomp|brn
|
|-damage|p1a: Garchomp|94/100 brn|[from] brn
|turn|2
|
|switch|p2a: Great Tusk|Great Tusk|100/100
|-damage|p2a: Great Tusk|98/100|[from] Stealth Rock
|move|p1a: Garchomp|Outrage|p2a: Great Tusk
|-damage|p2a: Great Tusk|78/100
|
|-damage|p1a: Garchomp|88/100 brn|[from] brn
|turn|3
|
|move|p1a: Garchomp|Outrage|p2a: Great Tusk|[from]lockedmove
|-damage|p2a: Great Tusk|59/100
|-start|p1a: Garchomp|confusion|[fatigue]
|move|p2a: Great Tusk|Knock Off|p1a: Garchomp
|-damage|p1a: Garchomp|59/100 brn
|-damage|p2a: Great Tusk|46/100|[from] ability: Rough Skin|[of] p1a: Garchomp
|-damage|p2a: Great Tusk|30/100|[from] item: Rocky Helmet|[of] p1a: Garchomp
|-enditem|p1a: Garchomp|Rocky Helmet|[from] move: Knock Off|[of] p2a: Great Tusk
|
|-damage|p1a: Garchomp|53/100 brn|[from] brn
|turn|4
|
|-activate|p1a: Garchomp|confusion
|move|p1a: Garchomp|Earthquake|p2a: Great Tusk
|-damage|p2a: Great Tusk|14/100
|move|p2a: Great Tusk|Rapid Spin|p1a: Garchomp
|-damage|p1a: Garchomp|37/100 brn
|-boost|p2a: Great Tusk|spe|1
|-damage|p2a: Great Tusk|1/100|[from] ability: Rough Skin|[of] p1a: Garchomp
|-sideend|p2: p2|Stealth Rock|[from] move: Rapid Spin|[of] p2a: Great Tusk
|
|-damage|p1a: Garchomp|30/100 brn|[from] brn
|turn|5
|
|-activate|p1a: Garchomp|confusion
|move|p1a: Garchomp|Stealth Rock|p2a: Great Tusk
|-sidestart|p2: p2|move: Stealth Rock
|move|p2a: Great Tusk|Ice Spinner|p1a: Garchomp
|-supereffective|p1a: Garchomp
|-damage|p1a: Garchomp|0 fnt
|-damage|p2a: Great Tusk|0 fnt|[from] ability: Rough Skin|[of] p1a: Garchomp
|faint|p1a: Garchomp
|faint|p2a: Great Tusk
|-end|p2a: Great Tusk|Protosynthesis|[silent]
|
|
|switch|p1a: Quaquaval|Quaquaval, M|100/100
|switch|p2a: Samurott|Samurott-Hisui, M, shiny|100/100
|-damage|p2a: Samurott|88/100|[from] Stealth Rock
|turn|6
|
|switch|p2a: Moltres|Moltres|100/100
|move|p1a: Quaquaval|Aqua Step|p2a: Moltres
|-supereffective|p2a: Moltres
|-damage|p2a: Moltres|29/100
|-boost|p1a: Quaquaval|spe|1
|-status|p1a: Quaquaval|brn|[from] ability: Flame Body|[of] p2a: Moltres
|-damage|p1a: Quaquaval|91/100 brn|[from] item: Life Orb
|
|-damage|p1a: Quaquaval|84/100 brn|[from] brn
|turn|7
|
|move|p1a: Quaquaval|Aqua Step|p2a: Moltres
|-supereffective|p2a: Moltres
|-damage|p2a: Moltres|0 fnt
|-boost|p1a: Quaquaval|spe|1
|faint|p2a: Moltres
|-ability|p1a: Quaquaval|Moxie|boost
|-boost|p1a: Quaquaval|atk|1
|-damage|p1a: Quaquaval|74/100 brn|[from] item: Life Orb
|
|-damage|p1a: Quaquaval|68/100 brn|[from] brn
|
|switch|p2a: Samurott|Samurott-Hisui, M, shiny|88/100
|-damage|p2a: Samurott|76/100|[from] Stealth Rock
|turn|8
|
|-terastallize|p2a: Samurott|Fairy
|move|p1a: Quaquaval|Close Combat|p2a: Samurott
|-resisted|p2a: Samurott
|-damage|p2a: Samurott|37/100
|-unboost|p1a: Quaquaval|def|1
|-unboost|p1a: Quaquaval|spd|1
|-damage|p1a: Quaquaval|58/100 brn|[from] item: Life Orb
|move|p2a: Samurott|Ceaseless Edge|p1a: Quaquaval
|-resisted|p1a: Quaquaval
|-damage|p1a: Quaquaval|11/100 brn
|-sidestart|p1: p1|Spikes
|
|-damage|p1a: Quaquaval|5/100 brn|[from] brn
|turn|9
|
|move|p1a: Quaquaval|Aqua Step|p2a: Samurott
|-damage|p2a: Samurott|0 fnt
|-boost|p1a: Quaquaval|spe|1
|faint|p2a: Samurott
|-ability|p1a: Quaquaval|Moxie|boost
|-boost|p1a: Quaquaval|atk|1
|-damage|p1a: Quaquaval|0 fnt|[from] item: Life Orb
|faint|p1a: Quaquaval
|
|
|switch|p2a: Enamorus|Enamorus, F|100/100
|switch|p1a: Meowscarada|Meowscarada, M|100/100
|-damage|p1a: Meowscarada|88/100|[from] Spikes
|-damage|p2a: Enamorus|76/100|[from] Stealth Rock
|turn|10
|
|switch|p1a: Skeledirge|Skeledirge, M|100/100
|-damage|p1a: Skeledirge|88/100|[from] Spikes
|move|p2a: Enamorus|Superpower|p1a: Skeledirge
|-immune|p1a: Skeledirge
|
|-heal|p2a: Enamorus|82/100|[from] item: Leftovers
|turn|11
|
|switch|p2a: Arcanine|Arcanine-Hisui, F|100/100
|-damage|p2a: Arcanine|76/100|[from] Stealth Rock
|move|p1a: Skeledirge|Torch Song|p2a: Arcanine
|-resisted|p2a: Arcanine
|-damage|p2a: Arcanine|64/100
|-boost|p1a: Skeledirge|spa|1
|
|turn|12
|
|move|p1a: Skeledirge|Torch Song|p2a: Arcanine
|-resisted|p2a: Arcanine
|-damage|p2a: Arcanine|47/100
|-boost|p1a: Skeledirge|spa|1
|move|p2a: Arcanine|Flare Blitz|p1a: Skeledirge
|-resisted|p1a: Skeledirge
|-damage|p1a: Skeledirge|49/100
|
|turn|13
|
|move|p1a: Skeledirge|Torch Song|p2a: Arcanine
|-resisted|p2a: Arcanine
|-damage|p2a: Arcanine|24/100
|-boost|p1a: Skeledirge|spa|1
|move|p2a: Arcanine|Flare Blitz|p1a: Skeledirge
|-resisted|p1a: Skeledirge
|-damage|p1a: Skeledirge|9/100
|
|turn|14
|
|move|p1a: Skeledirge|Torch Song|p2a: Arcanine
|-resisted|p2a: Arcanine
|-damage|p2a: Arcanine|0 fnt
|-boost|p1a: Skeledirge|spa|1
|faint|p2a: Arcanine
|
|
|switch|p2a: Enamorus|Enamorus, F|82/100
|-damage|p2a: Enamorus|57/100|[from] Stealth Rock
|turn|15
|
|move|p1a: Skeledirge|Torch Song|p2a: Enamorus
|-damage|p2a: Enamorus|0 fnt
|-boost|p1a: Skeledirge|spa|1
|faint|p2a: Enamorus
|
|
|switch|p2a: Sneasler|Sneasler, M|100/100
|-damage|p2a: Sneasler|95/100|[from] Stealth Rock
|turn|16
|
|move|p1a: Skeledirge|Torch Song|p2a: Sneasler
|-damage|p2a: Sneasler|0 fnt
|-boost|p1a: Skeledirge|spa|1
|faint|p2a: Sneasler
|
|win|p1
