# advantage = p2
|poke|p1|Arcanine-Hisui, M|
|poke|p1|Gastrodon-East, F|
|poke|p1|Ursaluna, M|
|poke|p1|Meowscarada, F|
|poke|p2|Chesnaught, M|
|poke|p2|Corviknight, F|
|poke|p2|Dragonite, F|
|poke|p2|Lucario, F|
|poke|p2|Slowbro-Galar, M|
|poke|p2|Wyrdeer, F|
|teampreview
|
|start
|switch|p1a: Ursaluna|Ursaluna, M, shiny|100/100
|switch|p2a: Slowbro|Slowbro-Galar, M|100/100
|turn|1
|
|move|p1a: Ursaluna|Earthquake|p2a: Slowbro
|-supereffective|p2a: Slowbro
|-damage|p2a: Slowbro|14/100
|move|p2a: Slowbro|Belly Drum||[still]
|-fail|p2a: Slowbro
|
|-status|p1a: Ursaluna|brn|[from] item: Flame Orb
|turn|2
|
|move|p1a: Ursaluna|Facade|p2a: Slowbro
|-damage|p2a: Slowbro|0 fnt
|faint|p2a: Slowbro
|
|-damage|p1a: Ursaluna|94/100 brn|[from] brn
|
|switch|p2a: Lucario|Lucario, F|100/100
|turn|3
|
|-terastallize|p1a: Ursaluna|Fighting
|move|p2a: Lucario|Swords Dance|p2a: Lucario
|-boost|p2a: Lucario|atk|2
|move|p1a: Ursaluna|Earthquake|p2a: Lucario
|-supereffective|p2a: Lucario
|-enditem|p2a: Lucario|Focus Sash
|-damage|p2a: Lucario|1/100
|
|-damage|p1a: Ursaluna|88/100 brn|[from] brn
|turn|4
|
|move|p2a: Lucario|Reversal|p1a: Ursaluna
|-damage|p1a: Ursaluna|0 fnt
|faint|p1a: Ursaluna
|
|
|switch|p1a: Arcanine|Arcanine-Hisui, M, shiny|100/100
|turn|5
|
|move|p1a: Arcanine|Extreme Speed|p2a: Lucario
|-resisted|p2a: Lucario
|-damage|p2a: Lucario|0 fnt
|faint|p2a: Lucario
|
|
|switch|p2a: Dragonite|Dragonite, F|100/100
|turn|6
|
|move|p2a: Dragonite|Dragon Dance|p2a: Dragonite
|-boost|p2a: Dragonite|atk|1
|-boost|p2a: Dragonite|spe|1
|move|p1a: Arcanine|Head Smash|p2a: Dragonite
|-supereffective|p2a: Dragonite
|-damage|p2a: Dragonite|42/100
|-enditem|p2a: Dragonite|Weakness Policy
|-boost|p2a: Dragonite|atk|2|[from] item: Weakness Policy
|-boost|p2a: Dragonite|spa|2|[from] item: Weakness Policy
|
|turn|7
|
|move|p2a: Dragonite|Dragon Claw|p1a: Arcanine
|-damage|p1a: Arcanine|15/100
|-damage|p2a: Dragonite|25/100|[from] item: Rocky Helmet|[of] p1a: Arcanine
|move|p1a: Arcanine|Head Smash|p2a: Dragonite
|-supereffective|p2a: Dragonite
|-damage|p2a: Dragonite|0 fnt
|faint|p2a: Dragonite
|
|
|switch|p2a: Chesnaught|Chesnaught, M|100/100
|turn|8
|
|move|p2a: Chesnaught|Spiky Shield|p2a: Chesnaught
|-singleturn|p2a: Chesnaught|move: Protect
|move|p1a: Arcanine|Flare Blitz|p2a: Chesnaught
|-activate|p2a: Chesnaught|move: Protect
|-damage|p1a: Arcanine|3/100|[from] Spiky Shield|[of] p2a: Chesnaught
|
|turn|9
|
|switch|p2a: Corviknight|Corviknight, F|100/100
|move|p1a: Arcanine|Flare Blitz|p2a: Corviknight
|-supereffective|p2a: Corviknight
|-damage|p2a: Corviknight|43/100
|
|-heal|p2a: Corviknight|49/100|[from] item: Leftovers
|turn|10
|
|move|p1a: Arcanine|Flare Blitz|p2a: Corviknight
|-supereffective|p2a: Corviknight
|-damage|p2a: Corviknight|0 fnt
|faint|p2a: Corviknight
|
|
|switch|p2a: Chesnaught|Chesnaught, M|100/100
|turn|11
|
|move|p2a: Chesnaught|Spiky Shield|p2a: Chesnaught
|-singleturn|p2a: Chesnaught|move: Protect
|move|p1a: Arcanine|Morning Sun|p1a: Arcanine
|-heal|p1a: Arcanine|53/100
|
|turn|12
|
|move|p1a: Arcanine|Flare Blitz|p2a: Chesnaught
|-supereffective|p2a: Chesnaught
|-damage|p2a: Chesnaught|43/100
|-status|p2a: Chesnaught|brn
|move|p2a: Chesnaught|Leech Seed|p1a: Arcanine
|-start|p1a: Arcanine|move: Leech Seed
|
|-heal|p2a: Chesnaught|49/100 brn|[from] item: Leftovers
|-damage|p1a: Arcanine|40/100|[from] Leech Seed|[of] p2a: Chesnaught
|-heal|p2a: Chesnaught|62/100 brn|[silent]
|-damage|p2a: Chesnaught|56/100 brn|[from] brn
|turn|13
|
|move|p2a: Chesnaught|Spiky Shield|p2a: Chesnaught
|-singleturn|p2a: Chesnaught|move: Protect
|move|p1a: Arcanine|Morning Sun|p1a: Arcanine
|-heal|p1a: Arcanine|90/100
|
|-heal|p2a: Chesnaught|62/100 brn|[from] item: Leftovers
|-damage|p1a: Arcanine|78/100|[from] Leech Seed|[of] p2a: Chesnaught
|-heal|p2a: Chesnaught|75/100 brn|[silent]
|-damage|p2a: Chesnaught|69/100 brn|[from] brn
|turn|14
|
|move|p1a: Arcanine|Flare Blitz|p2a: Chesnaught
|-supereffective|p2a: Chesnaught
|-damage|p2a: Chesnaught|3/100 brn
|move|p2a: Chesnaught|Synthesis|p2a: Chesnaught
|-heal|p2a: Chesnaught|53/100 brn
|
|-heal|p2a: Chesnaught|59/100 brn|[from] item: Leftovers
|-damage|p1a: Arcanine|65/100|[from] Leech Seed|[of] p2a: Chesnaught
|-heal|p2a: Chesnaught|72/100 brn|[silent]
|-damage|p2a: Chesnaught|65/100 brn|[from] brn
|turn|15
|
|move|p1a: Arcanine|Morning Sun|p1a: Arcanine
|-heal|p1a: Arcanine|100/100
|move|p2a: Chesnaught|Super Fang|p1a: Arcanine
|-damage|p1a: Arcanine|50/100
|-damage|p2a: Chesnaught|49/100 brn|[from] item: Rocky Helmet|[of] p1a: Arcanine
|
|-heal|p2a: Chesnaught|55/100 brn|[from] item: Leftovers
|-damage|p1a: Arcanine|38/100|[from] Leech Seed|[of] p2a: Chesnaught
|-heal|p2a: Chesnaught|68/100 brn|[silent]
|-damage|p2a: Chesnaught|62/100 brn|[from] brn
|turn|16
|
|move|p2a: Chesnaught|Spiky Shield|p2a: Chesnaught
|-singleturn|p2a: Chesnaught|move: Protect
|move|p1a: Arcanine|Morning Sun|p1a: Arcanine
|-heal|p1a: Arcanine|88/100
|
|-heal|p2a: Chesnaught|68/100 brn|[from] item: Leftovers
|-damage|p1a: Arcanine|76/100|[from] Leech Seed|[of] p2a: Chesnaught
|-heal|p2a: Chesnaught|81/100 brn|[silent]
|-damage|p2a: Chesnaught|75/100 brn|[from] brn
|turn|17
|
|move|p1a: Arcanine|Flare Blitz|p2a: Chesnaught
|-supereffective|p2a: Chesnaught
|-damage|p2a: Chesnaught|13/100 brn
|move|p2a: Chesnaught|Super Fang|p1a: Arcanine|[miss]
|-miss|p2a: Chesnaught|p1a: Arcanine
|
|-heal|p2a: Chesnaught|19/100 brn|[from] item: Leftovers
|-damage|p1a: Arcanine|63/100|[from] Leech Seed|[of] p2a: Chesnaught
|-heal|p2a: Chesnaught|32/100 brn|[silent]
|-damage|p2a: Chesnaught|26/100 brn|[from] brn
|turn|18
|
|move|p2a: Chesnaught|Spiky Shield|p2a: Chesnaught
|-singleturn|p2a: Chesnaught|move: Protect
|move|p1a: Arcanine|Morning Sun|p1a: Arcanine
|-heal|p1a: Arcanine|100/100
|
|-heal|p2a: Chesnaught|32/100 brn|[from] item: Leftovers
|-damage|p1a: Arcanine|88/100|[from] Leech Seed|[of] p2a: Chesnaught
|-heal|p2a: Chesnaught|45/100 brn|[silent]
|-damage|p2a: Chesnaught|39/100 brn|[from] brn
|turn|19
|
|move|p1a: Arcanine|Flare Blitz|p2a: Chesnaught
|-supereffective|p2a: Chesnaught
|-damage|p2a: Chesnaught|0 fnt
|faint|p2a: Chesnaught
|
|
|switch|p2a: Wyrdeer|Wyrdeer, F|100/100
|-ability|p2a: Wyrdeer|Intimidate|boost
|-unboost|p1a: Arcanine|atk|1
|turn|20
|
|move|p2a: Wyrdeer|Agility|p2a: Wyrdeer
|-boost|p2a: Wyrdeer|spe|2
|move|p1a: Arcanine|Head Smash|p2a: Wyrdeer
|-damage|p2a: Wyrdeer|54/100
|
|-heal|p2a: Wyrdeer|60/100|[from] item: Leftovers
|-damage|p1a: Arcanine|76/100|[from] Leech Seed|[of] p2a: Wyrdeer
|-heal|p2a: Wyrdeer|73/100|[silent]
|turn|21
|
|move|p2a: Wyrdeer|Calm Mind|p2a: Wyrdeer
|-boost|p2a: Wyrdeer|spa|1
|-boost|p2a: Wyrdeer|spd|1
|move|p1a: Arcanine|Flare Blitz|p2a: Wyrdeer
|-damage|p2a: Wyrdeer|39/100
|-status|p2a: Wyrdeer|brn
|
|-heal|p2a: Wyrdeer|45/100 brn|[from] item: Leftovers
|-damage|p1a: Arcanine|63/100|[from] Leech Seed|[of] p2a: Wyrdeer
|-heal|p2a: Wyrdeer|58/100 brn|[silent]
|-damage|p2a: Wyrdeer|52/100 brn|[from] brn
|turn|22
|
|move|p2a: Wyrdeer|Stored Power|p1a: Arcanine
|-damage|p1a: Arcanine|1/100
|move|p1a: Arcanine|Flare Blitz|p2a: Wyrdeer
|-damage|p2a: Wyrdeer|16/100 brn
|
|-heal|p2a: Wyrdeer|22/100 brn|[from] item: Leftovers
|-damage|p1a: Arcanine|0 fnt|[from] Leech Seed|[of] p2a: Wyrdeer
|-heal|p2a: Wyrdeer|22/100 brn|[silent]
|faint|p1a: Arcanine
|-damage|p2a: Wyrdeer|16/100 brn|[from] brn
|
|switch|p1a: Meowscarada|Meowscarada, F|100/100
|turn|23
|
|-terastallize|p2a: Wyrdeer|Fairy
|move|p2a: Wyrdeer|Tera Blast|p1a: Meowscarada
|-supereffective|p1a: Meowscarada
|-damage|p1a: Meowscarada|0 fnt
|faint|p1a: Meowscarada
|
|-heal|p2a: Wyrdeer|22/100 brn|[from] item: Leftovers
|-damage|p2a: Wyrdeer|16/100 brn|[from] brn
|
|switch|p1a: Gastrodon|Gastrodon-East, F, shiny|100/100
|turn|24
|
|move|p2a: Wyrdeer|Stored Power|p1a: Gastrodon
|-damage|p1a: Gastrodon|61/100
|move|p1a: Gastrodon|Surf|p2a: Wyrdeer
|-damage|p2a: Wyrdeer|0 fnt
|faint|p2a: Wyrdeer
|
|win|p1
