|poke|p1|Samurott-Hisui, M|
|poke|p1|Gholdengo|
|poke|p1|Dragonite, M|
|poke|p1|Great Tusk|
|poke|p1|Chien-Pao|
|poke|p1|Heatran, F|
|poke|p2|Samurott-Hisui, M|
|poke|p2|Kleavor, M|
|poke|p2|Gholdengo|
|poke|p2|Great Tusk|
|poke|p2|Hatterene, F|
|poke|p2|Urshifu-*, M|
|teampreview
|
|start
|switch|p1a: Dragonite|Dragonite, M|100/100
|switch|p2a: Kleavor|Kleavor, M, shiny|100/100
|turn|1
|
|move|p2a: Kleavor|Stone Axe|p1a: Dragonite
|-supereffective|p1a: Dragonite
|-damage|p1a: Dragonite|41/100
|-sidestart|p1: FlyingSM|move: Stealth Rock
|move|p1a: Dragonite|Dragon Dance|p1a: Dragonite
|-boost|p1a: Dragonite|atk|1
|-boost|p1a: Dragonite|spe|1
|
|turn|2
|
|move|p1a: Dragonite|Earthquake|p2a: Kleavor
|-damage|p2a: Kleavor|24/100
|move|p2a: Kleavor|Stone Axe|p1a: Dragonite|[miss]
|-miss|p2a: Kleavor|p1a: Dragonite
|
|turn|3
|
|move|p1a: Dragonite|Earthquake|p2a: Kleavor
|-damage|p2a: Kleavor|0 fnt
|faint|p2a: Kleavor
|
|
|switch|p2a: Gholdengo|Gholdengo|100/100
|-item|p2a: Gholdengo|Air Balloon
|turn|4
|
|move|p1a: Dragonite|Roost|p1a: Dragonite
|-heal|p1a: Dragonite|91/100
|-singleturn|p1a: Dragonite|move: Roost
|move|p2a: Gholdengo|Shadow Ball|p1a: Dragonite
|-damage|p1a: Dragonite|45/100
|-unboost|p1a: Dragonite|spd|1
|
|turn|5
|
|switch|p1a: Chien-Pao|Chien-Pao|100/100
|-damage|p1a: Chien-Pao|76/100|[from] Stealth Rock
|-ability|p1a: Chien-Pao|Sword of Ruin
|move|p2a: Gholdengo|Shadow Ball|p1a: Chien-Pao
|-resisted|p1a: Chien-Pao
|-damage|p1a: Chien-Pao|40/100
|
|turn|6
|
|switch|p2a: Great Tusk|Great Tusk, shiny|100/100
|move|p1a: Chien-Pao|Crunch|p2a: Great Tusk
|-resisted|p2a: Great Tusk
|-damage|p2a: Great Tusk|83/100
|-unboost|p2a: Great Tusk|def|1
|
|-heal|p2a: Great Tusk|89/100|[from] item: Leftovers
|turn|7
|
|switch|p1a: Dragonite|Dragonite, M|45/100
|move|p2a: Great Tusk|Close Combat|p1a: Dragonite
|-resisted|p1a: Dragonite
|-damage|p1a: Dragonite|16/100
|-unboost|p2a: Great Tusk|def|1
|-unboost|p2a: Great Tusk|spd|1
|
|-heal|p2a: Great Tusk|95/100|[from] item: Leftovers
|turn|8
|
|move|p1a: Dragonite|Extreme Speed|p2a: Great Tusk
|-damage|p2a: Great Tusk|66/100
|move|p2a: Great Tusk|Knock Off|p1a: Dragonite
|-damage|p1a: Dragonite|0 fnt
|-enditem|p1a: Dragonite|Heavy-Duty Boots|[from] move: Knock Off|[of] p2a: Great Tusk
|faint|p1a: Dragonite
|
|-heal|p2a: Great Tusk|72/100|[from] item: Leftovers
|
|switch|p1a: Great Tusk|Great Tusk|100/100
|-damage|p1a: Great Tusk|98/100|[from] Stealth Rock
|turn|9
|
|-end|p2a: Great Tusk|Protosynthesis|[silent]
|switch|p2a: Gholdengo|Gholdengo|100/100
|-item|p2a: Gholdengo|Air Balloon
|move|p1a: Great Tusk|Rapid Spin|p2a: Gholdengo
|-immune|p2a: Gholdengo
|
|turn|10
|
|move|p2a: Gholdengo|Make It Rain|p1a: Great Tusk
|-damage|p1a: Great Tusk|30/100
|-unboost|p2a: Gholdengo|spa|1
|move|p1a: Great Tusk|Knock Off|p2a: Gholdengo
|-supereffective|p2a: Gholdengo
|-damage|p2a: Gholdengo|36/100
|-enditem|p2a: Gholdengo|Air Balloon
|
|turn|11
|
|-end|p1a: Great Tusk|Protosynthesis|[silent]
|switch|p1a: Samurott|Samurott-Hisui, M|100/100
|-damage|p1a: Samurott|88/100|[from] Stealth Rock
|move|p2a: Gholdengo|Shadow Ball|p1a: Samurott
|-resisted|p1a: Samurott
|-damage|p1a: Samurott|75/100
|
|turn|12
|player|p2|
|player|p2|XT4S1S|iono
|
|move|p1a: Samurott|Ceaseless Edge|p2a: Gholdengo
|-supereffective|p2a: Gholdengo
|-damage|p2a: Gholdengo|0 fnt
|-sidestart|p2: XT4S1S|Spikes
|faint|p2a: Gholdengo
|
|
|switch|p2a: Samurott|Samurott-Hisui, M, shiny|100/100
|-damage|p2a: Samurott|88/100|[from] Spikes
|turn|13
|
|-terastallize|p2a: Samurott|Poison
|move|p2a: Samurott|Sacred Sword|p1a: Samurott
|-supereffective|p1a: Samurott
|-damage|p1a: Samurott|0 fnt
|faint|p1a: Samurott
|
|-heal|p2a: Samurott|94/100|[from] item: Leftovers
|
|switch|p1a: Chien-Pao|Chien-Pao|40/100
|-damage|p1a: Chien-Pao|15/100|[from] Stealth Rock
|-ability|p1a: Chien-Pao|Sword of Ruin
|turn|14
|
|switch|p2a: Great Tusk|Great Tusk, shiny|72/100
|-damage|p2a: Great Tusk|60/100|[from] Spikes
|move|p1a: Chien-Pao|Icicle Crash|p2a: Great Tusk
|-supereffective|p2a: Great Tusk
|-damage|p2a: Great Tusk|0 fnt
|faint|p2a: Great Tusk
|-end|p2a: Great Tusk|Protosynthesis|[silent]
|
|
|switch|p2a: Urshifu|Urshifu-Rapid-Strike, M|100/100
|-damage|p2a: Urshifu|88/100|[from] Spikes
|turn|15
|
|move|p2a: Urshifu|U-turn|p1a: Chien-Pao
|-supereffective|p1a: Chien-Pao
|-damage|p1a: Chien-Pao|0 fnt
|faint|p1a: Chien-Pao
|
|switch|p2a: Samurott|Samurott-Hisui, M, shiny, tera:Poison|94/100|[from] U-turn
|-damage|p2a: Samurott|82/100|[from] Spikes
|
|-heal|p2a: Samurott|88/100|[from] item: Leftovers
|
|switch|p1a: Heatran|Heatran, F|100/100
|-damage|p1a: Heatran|88/100|[from] Stealth Rock
|turn|16
|
|-terastallize|p1a: Heatran|Grass
|move|p2a: Samurott|Aqua Cutter|p1a: Heatran
|-resisted|p1a: Heatran
|-damage|p1a: Heatran|69/100
|move|p1a: Heatran|Magma Storm|p2a: Samurott
|-damage|p2a: Samurott|19/100
|-activate|p2a: Samurott|move: Magma Storm|[of] p1a: Heatran
|
|-heal|p2a: Samurott|25/100|[from] item: Leftovers
|-heal|p1a: Heatran|75/100|[from] item: Leftovers
|-damage|p2a: Samurott|13/100|[from] move: Magma Storm|[partiallytrapped]
|turn|17
|
|move|p2a: Samurott|Ceaseless Edge|p1a: Heatran
|-damage|p1a: Heatran|37/100
|-sidestart|p1: FlyingSM|Spikes
|move|p1a: Heatran|Stealth Rock|p2a: Samurott
|-sidestart|p2: XT4S1S|move: Stealth Rock
|
|-heal|p2a: Samurott|19/100|[from] item: Leftovers
|-heal|p1a: Heatran|43/100|[from] item: Leftovers
|-damage|p2a: Samurott|6/100|[from] move: Magma Storm|[partiallytrapped]
|turn|18
|
|move|p2a: Samurott|Ceaseless Edge|p1a: Heatran
|-damage|p1a: Heatran|3/100
|-sidestart|p1: FlyingSM|Spikes
|move|p1a: Heatran|Magma Storm|p2a: Samurott
|-damage|p2a: Samurott|0 fnt
|faint|p2a: Samurott
|
|-heal|p1a: Heatran|9/100|[from] item: Leftovers
|
|switch|p2a: Urshifu|Urshifu-Rapid-Strike, M|88/100
|-damage|p2a: Urshifu|76/100|[from] Spikes
|-damage|p2a: Urshifu|70/100|[from] Stealth Rock
|turn|19
|
|move|p2a: Urshifu|Surging Strikes|p1a: Heatran
|-resisted|p1a: Heatran
|-crit|p1a: Heatran
|-damage|p1a: Heatran|0 fnt
|faint|p1a: Heatran
|-hitcount|p1: Heatran|1
|
|
|switch|p1a: Gholdengo|Gholdengo|100/100
|-damage|p1a: Gholdengo|94/100|[from] Stealth Rock
|-item|p1a: Gholdengo|Air Balloon
|turn|20
|
|move|p2a: Urshifu|Surging Strikes|p1a: Gholdengo
|-crit|p1a: Gholdengo
|-damage|p1a: Gholdengo|76/100
|-enditem|p1a: Gholdengo|Air Balloon
|-crit|p1a: Gholdengo
|-damage|p1a: Gholdengo|59/100
|-crit|p1a: Gholdengo
|-damage|p1a: Gholdengo|42/100
|-hitcount|p1a: Gholdengo|3
|move|p1a: Gholdengo|Shadow Ball|p2a: Urshifu
|-damage|p2a: Urshifu|13/100
|-unboost|p2a: Urshifu|spd|1
|
|turn|21
|
|move|p2a: Urshifu|Surging Strikes|p1a: Gholdengo
|-crit|p1a: Gholdengo
|-damage|p1a: Gholdengo|22/100
|-crit|p1a: Gholdengo
|-damage|p1a: Gholdengo|4/100
|-crit|p1a: Gholdengo
|-damage|p1a: Gholdengo|0 fnt
|faint|p1a: Gholdengo
|-hitcount|p1: Gholdengo|3
|
|
|switch|p1a: Great Tusk|Great Tusk|30/100
|-damage|p1a: Great Tusk|27/100|[from] Stealth Rock
|-damage|p1a: Great Tusk|10/100|[from] Spikes
|turn|22
|
|move|p2a: Urshifu|Surging Strikes|p1a: Great Tusk
|-supereffective|p1a: Great Tusk
|-crit|p1a: Great Tusk
|-damage|p1a: Great Tusk|0 fnt
|-damage|p2a: Urshifu|0 fnt|[from] item: Rocky Helmet|[of] p1a: Great Tusk
|faint|p1a: Great Tusk
|-end|p1a: Great Tusk|Protosynthesis|[silent]
|faint|p2a: Urshifu
|
|win|XT4S1S
|-hitcount|p1: Great Tusk|1
