|poke|p1|Urshifu-*, M|
|poke|p1|Dragapult, M|
|poke|p1|Great Tusk|
|poke|p1|Zapdos|
|poke|p1|Slowking-Galar, F|
|poke|p1|Heatran, M|
|poke|p2|Magearna|
|poke|p2|Clodsire, F|
|poke|p2|Dragapult, M|
|poke|p2|Chien-Pao|
|poke|p2|Great Tusk|
|poke|p2|Volcanion|
|teampreview
|
|start
|switch|p1a: Heatran|Heatran, M|100/100
|switch|p2a: Dragapult|Dragapult, M|100/100
|-item|p1a: Heatran|Air Balloon
|turn|1
|
|move|p2a: Dragapult|Light Screen|p2a: Dragapult
|-sidestart|p2: p2|move: Light Screen
|move|p1a: Heatran|Stealth Rock|p2a: Dragapult
|-sidestart|p2: p2|move: Stealth Rock
|
|turn|2
|
|move|p2a: Dragapult|Reflect|p2a: Dragapult
|-sidestart|p2: p2|Reflect
|move|p1a: Heatran|Taunt|p2a: Dragapult
|-start|p2a: Dragapult|move: Taunt
|
|turn|3
|
|switch|p2a: Great Tusk|Great Tusk|100/100
|-damage|p2a: Great Tusk|98/100|[from] Stealth Rock
|move|p1a: Heatran|Magma Storm|p2a: Great Tusk
|-damage|p2a: Great Tusk|74/100
|-activate|p2a: Great Tusk|move: Magma Storm|[of] p1a: Heatran
|
|-damage|p2a: Great Tusk|62/100|[from] move: Magma Storm|[partiallytrapped]
|turn|4
|
|switch|p1a: Dragapult|Dragapult, M|100/100
|move|p2a: Great Tusk|Knock Off|p1a: Dragapult
|-supereffective|p1a: Dragapult
|-damage|p1a: Dragapult|3/100
|-enditem|p1a: Dragapult|Choice Specs|[from] move: Knock Off|[of] p2a: Great Tusk
|
|-end|p2a: Great Tusk|Magma Storm|[partiallytrapped]|[silent]
|turn|5
|
|move|p1a: Dragapult|U-turn|p2a: Great Tusk
|-resisted|p2a: Great Tusk
|-damage|p2a: Great Tusk|56/100
|
|switch|p1a: Zapdos|Zapdos|100/100|[from] U-turn
|move|p2a: Great Tusk|Knock Off|p1a: Zapdos
|-damage|p1a: Zapdos|75/100
|-enditem|p1a: Zapdos|Heavy-Duty Boots|[from] move: Knock Off|[of] p2a: Great Tusk
|
|turn|6
|
|move|p1a: Zapdos|Hurricane|p2a: Great Tusk|[miss]
|-miss|p1a: Zapdos|p2a: Great Tusk
|move|p2a: Great Tusk|Rapid Spin|p1a: Zapdos
|-damage|p1a: Zapdos|61/100
|-boost|p2a: Great Tusk|spe|1
|-sideend|p2: p2|Stealth Rock|[from] move: Rapid Spin|[of] p2a: Great Tusk
|
|turn|7
|
|-end|p2a: Great Tusk|Protosynthesis|[silent]
|switch|p2a: Clodsire|Clodsire, F|100/100
|move|p1a: Zapdos|Roost|p1a: Zapdos
|-heal|p1a: Zapdos|100/100
|-singleturn|p1a: Zapdos|move: Roost
|
|turn|8
|
|switch|p1a: Heatran|Heatran, M|100/100
|-item|p1a: Heatran|Air Balloon
|move|p2a: Clodsire|Stealth Rock|p1a: Heatran
|-sidestart|p1: p1|move: Stealth Rock
|
|-sideend|p2: p2|move: Light Screen
|turn|9
|
|switch|p2a: Volcanion|Volcanion|100/100
|move|p1a: Heatran|Magma Storm|p2a: Volcanion
|-resisted|p2a: Volcanion
|-damage|p2a: Volcanion|93/100
|-activate|p2a: Volcanion|move: Magma Storm|[of] p1a: Heatran
|
|-damage|p2a: Volcanion|80/100|[from] move: Magma Storm|[partiallytrapped]
|-sideend|p2: p2|Reflect
|turn|10
|
|move|p1a: Heatran|Earth Power|p2a: Volcanion
|-supereffective|p2a: Volcanion
|-damage|p2a: Volcanion|41/100
|move|p2a: Volcanion|Steam Eruption|p1a: Heatran
|-supereffective|p1a: Heatran
|-damage|p1a: Heatran|13/100
|-enditem|p1a: Heatran|Air Balloon
|
|-damage|p2a: Volcanion|29/100|[from] move: Magma Storm|[partiallytrapped]
|turn|11
|
|move|p1a: Heatran|Earth Power|p2a: Volcanion
|-supereffective|p2a: Volcanion
|-damage|p2a: Volcanion|0 fnt
|faint|p2a: Volcanion
|
|
|switch|p2a: Great Tusk|Great Tusk|56/100
|turn|12
|
|switch|p1a: Zapdos|Zapdos|100/100
|-damage|p1a: Zapdos|76/100|[from] Stealth Rock
|move|p2a: Great Tusk|Knock Off|p1a: Zapdos
|-damage|p1a: Zapdos|56/100
|
|turn|13
|
|-end|p2a: Great Tusk|Protosynthesis|[silent]
|switch|p2a: Clodsire|Clodsire, F|100/100
|move|p1a: Zapdos|Roost|p1a: Zapdos
|-heal|p1a: Zapdos|100/100
|-singleturn|p1a: Zapdos|move: Roost
|
|turn|14
|
|switch|p1a: Slowking|Slowking-Galar, F|100/100
|-damage|p1a: Slowking|88/100|[from] Stealth Rock
|move|p2a: Clodsire|Toxic|p1a: Slowking
|-immune|p1a: Slowking
|
|turn|15
|
|move|p1a: Slowking|Future Sight|p2a: Clodsire
|-start|p1a: Slowking|move: Future Sight
|move|p2a: Clodsire|Earthquake|p1a: Slowking
|-supereffective|p1a: Slowking
|-damage|p1a: Slowking|32/100
|
|turn|16
|
|switch|p1a: Great Tusk|Great Tusk|100/100
|-enditem|p1a: Great Tusk|Booster Energy
|-activate|p1a: Great Tusk|ability: Protosynthesis|[fromitem]
|-start|p1a: Great Tusk|protosynthesisatk
|-damage|p1a: Great Tusk|98/100|[from] Stealth Rock
|move|p2a: Clodsire|Earthquake|p1a: Great Tusk
|-damage|p1a: Great Tusk|79/100
|
|turn|17
|
|switch|p2a: Great Tusk|Great Tusk|56/100
|move|p1a: Great Tusk|Earthquake|p2a: Great Tusk
|-damage|p2a: Great Tusk|12/100
|
|-end|p2a: Great Tusk|move: Future Sight
|-supereffective|p2a: Great Tusk
|-damage|p2a: Great Tusk|0 fnt
|faint|p2a: Great Tusk
|-end|p2a: Great Tusk|Protosynthesis|[silent]
|
|switch|p2a: Chien-Pao|Chien-Pao|100/100
|-ability|p2a: Chien-Pao|Sword of Ruin
|turn|18
|
|-end|p1a: Great Tusk|Protosynthesis|[silent]
|switch|p1a: Dragapult|Dragapult, M|3/100
|-damage|p1a: Dragapult|0 fnt|[from] Stealth Rock
|faint|p1a: Dragapult
|move|p2a: Chien-Pao|Ice Spinner|p1: Dragapult|[notarget]
|-fail|p2a: Chien-Pao
|
|
|switch|p1a: Zapdos|Zapdos|100/100
|-damage|p1a: Zapdos|76/100|[from] Stealth Rock
|turn|19
|
|-terastallize|p1a: Zapdos|Fire
|move|p2a: Chien-Pao|Ice Spinner|p1a: Zapdos
|-resisted|p1a: Zapdos
|-damage|p1a: Zapdos|47/100
|-status|p2a: Chien-Pao|par|[from] ability: Static|[of] p1a: Zapdos
|move|p1a: Zapdos|Hurricane|p2a: Chien-Pao
|-damage|p2a: Chien-Pao|31/100 par
|
|turn|20
|
|move|p1a: Zapdos|Volt Switch|p2a: Chien-Pao
|-damage|p2a: Chien-Pao|0 fnt
|faint|p2a: Chien-Pao
|
|switch|p1a: Slowking|Slowking-Galar, F|65/100|[from] Volt Switch
|-damage|p1a: Slowking|53/100|[from] Stealth Rock
|
|
|switch|p2a: Clodsire|Clodsire, F|100/100
|turn|21
|
|move|p1a: Slowking|Future Sight|p2a: Clodsire
|-start|p1a: Slowking|move: Future Sight
|move|p2a: Clodsire|Earthquake|p1a: Slowking
|-supereffective|p1a: Slowking
|-damage|p1a: Slowking|0 fnt
|faint|p1a: Slowking
|
|
|switch|p1a: Great Tusk|Great Tusk|79/100
|-damage|p1a: Great Tusk|76/100|[from] Stealth Rock
|turn|22
|
|move|p1a: Great Tusk|Earthquake|p2a: Clodsire
|-supereffective|p2a: Clodsire
|-damage|p2a: Clodsire|0 fnt
|faint|p2a: Clodsire
|
|
|switch|p2a: Dragapult|Dragapult, M|100/100
|turn|23
|
|-end|p1a: Great Tusk|Protosynthesis|[silent]
|switch|p1a: Heatran|Heatran, M|13/100
|-damage|p1a: Heatran|1/100|[from] Stealth Rock
|move|p2a: Dragapult|Reflect|p2a: Dragapult
|-sidestart|p2: p2|Reflect
|
|-end|p2a: Dragapult|move: Future Sight
|-damage|p2a: Dragapult|45/100
|turn|24
|
|move|p2a: Dragapult|Light Screen|p2a: Dragapult
|-sidestart|p2: p2|move: Light Screen
|move|p1a: Heatran|Magma Storm|p2a: Dragapult
|-resisted|p2a: Dragapult
|-damage|p2a: Dragapult|29/100
|-activate|p2a: Dragapult|move: Magma Storm|[of] p1a: Heatran
|
|-damage|p2a: Dragapult|17/100|[from] move: Magma Storm|[partiallytrapped]
|turn|25
|
|move|p2a: Dragapult|Curse|p1a: Heatran
|-start|p1a: Heatran|Curse|[of] p2a: Dragapult
|-damage|p2a: Dragapult|0 fnt
|faint|p2a: Dragapult
|move|p1a: Heatran|Taunt|p2: Dragapult|[notarget]
|-fail|p1a: Heatran
|
|-damage|p1a: Heatran|0 fnt|[from] Curse
|faint|p1a: Heatran
|
|switch|p2a: Magearna|Magearna|100/100
|switch|p1a: Urshifu|Urshifu-Rapid-Strike, M|100/100
|-damage|p1a: Urshifu|94/100|[from] Stealth Rock
|turn|26
|
|move|p1a: Urshifu|Swords Dance|p1a: Urshifu
|-boost|p1a: Urshifu|atk|2
|move|p2a: Magearna|Shift Gear|p2a: Magearna
|-boost|p2a: Magearna|spe|2
|-boost|p2a: Magearna|atk|1
|
|turn|27
|
|move|p2a: Magearna|Calm Mind|p2a: Magearna
|-boost|p2a: Magearna|spa|1
|-boost|p2a: Magearna|spd|1
|move|p1a: Urshifu|Surging Strikes|p2a: Magearna
|-crit|p2a: Magearna
|-damage|p2a: Magearna|72/100
|-crit|p2a: Magearna
|-damage|p2a: Magearna|46/100
|-crit|p2a: Magearna
|-damage|p2a: Magearna|18/100
|-hitcount|p2a: Magearna|3
|
|-heal|p2a: Magearna|24/100|[from] item: Leftovers
|turn|28
|
|switch|p1a: Zapdos|Zapdos, tera:Fire|47/100
|-damage|p1a: Zapdos|22/100|[from] Stealth Rock
|move|p2a: Magearna|Stored Power|p1a: Zapdos
|-damage|p1a: Zapdos|0 fnt
|faint|p1a: Zapdos
|-ability|p2a: Magearna|Soul-Heart|boost
|-boost|p2a: Magearna|spa|1
|
|-heal|p2a: Magearna|30/100|[from] item: Leftovers
|
|switch|p1a: Urshifu|Urshifu-Rapid-Strike, M|94/100
|-damage|p1a: Urshifu|88/100|[from] Stealth Rock
|turn|29
|
|move|p1a: Urshifu|Aqua Jet|p2a: Magearna
|-damage|p2a: Magearna|24/100
|move|p2a: Magearna|Draining Kiss|p1a: Urshifu
|-supereffective|p1a: Urshifu
|-damage|p1a: Urshifu|0 fnt
|-heal|p2a: Magearna|86/100|[from] drain|[of] p1a: Urshifu
|faint|p1a: Urshifu
|-ability|p2a: Magearna|Soul-Heart|boost
|-boost|p2a: Magearna|spa|1
|
|-heal|p2a: Magearna|92/100|[from] item: Leftovers
|
|switch|p1a: Great Tusk|Great Tusk|76/100
|-damage|p1a: Great Tusk|73/100|[from] Stealth Rock
|turn|30
|-message|p1 forfeited.
|
|win|p2
