|poke|p1|Meowscarada, M|
|poke|p1|Garganacl, M|
|poke|p1|Kingambit, F|
|poke|p1|Volcarona, F|
|poke|p1|Gholdengo|
|poke|p1|Garchomp, M|
|poke|p2|Pelipper, M|
|poke|p2|Floatzel, M|
|poke|p2|Azumarill, F|
|poke|p2|Golduck, M|
|poke|p2|Pawmot, F|
|poke|p2|Toedscruel, F|
|teampreview
|
|start
|switch|p1a: Garganacl|Garganacl, M|100/100
|switch|p2a: Ghoti carrier|Pelipper, M|100/100
|-weather|RainDance|[from] ability: Drizzle|[of] p2a: Ghoti carrier
|turn|1
|
|move|p2a: Ghoti carrier|U-turn|p1a: Garganacl
|-damage|p1a: Garganacl|94/100
|
|switch|p2a: Spaghetti Memory|Toedscruel, F|100/100|[from] U-turn
|move|p1a: Garganacl|Salt Cure|p2a: Spaghetti Memory
|-resisted|p2a: Spaghetti Memory
|-damage|p2a: Spaghetti Memory|91/100
|-start|p2a: Spaghetti Memory|Salt Cure
|
|-weather|RainDance|[upkeep]
|-heal|p1a: Garganacl|99/100|[from] item: Leftovers
|-damage|p2a: Spaghetti Memory|79/100|[from] Salt Cure
|turn|2
|
|move|p1a: Garganacl|Block|p2a: Spaghetti Memory
|-activate|p2a: Spaghetti Memory|trapped
|move|p2a: Spaghetti Memory|Spikes|p1a: Garganacl
|-sidestart|p1: p1|Spikes
|
|-weather|RainDance|[upkeep]
|-heal|p1a: Garganacl|100/100|[from] item: Leftovers
|-damage|p2a: Spaghetti Memory|67/100|[from] Salt Cure
|turn|3
|
|move|p1a: Garganacl|Curse|p1a: Garganacl
|-unboost|p1a: Garganacl|spe|1
|-boost|p1a: Garganacl|atk|1
|-boost|p1a: Garganacl|def|1
|move|p2a: Spaghetti Memory|Spikes|p1a: Garganacl
|-sidestart|p1: p1|Spikes
|
|-weather|RainDance|[upkeep]
|-damage|p2a: Spaghetti Memory|54/100|[from] Salt Cure
|turn|4
|
|move|p1a: Garganacl|Curse|p1a: Garganacl
|-unboost|p1a: Garganacl|spe|1
|-boost|p1a: Garganacl|atk|1
|-boost|p1a: Garganacl|def|1
|move|p2a: Spaghetti Memory|Spikes|p1a: Garganacl
|-sidestart|p1: p1|Spikes
|
|-weather|RainDance|[upkeep]
|-damage|p2a: Spaghetti Memory|42/100|[from] Salt Cure
|turn|5
|
|move|p2a: Spaghetti Memory|Knock Off|p1a: Garganacl
|-damage|p1a: Garganacl|94/100
|-enditem|p1a: Garganacl|Leftovers|[from] move: Knock Off|[of] p2a: Spaghetti Memory
|move|p1a: Garganacl|Curse|p1a: Garganacl
|-unboost|p1a: Garganacl|spe|1
|-boost|p1a: Garganacl|atk|1
|-boost|p1a: Garganacl|def|1
|
|-weather|RainDance|[upkeep]
|-damage|p2a: Spaghetti Memory|30/100|[from] Salt Cure
|turn|6
|
|move|p2a: Spaghetti Memory|Knock Off|p1a: Garganacl
|-damage|p1a: Garganacl|91/100
|move|p1a: Garganacl|Curse|p1a: Garganacl
|-unboost|p1a: Garganacl|spe|1
|-boost|p1a: Garganacl|atk|1
|-boost|p1a: Garganacl|def|1
|
|-weather|RainDance|[upkeep]
|-damage|p2a: Spaghetti Memory|17/100|[from] Salt Cure
|turn|7
|
|move|p1a: Garganacl|Salt Cure|p2a: Spaghetti Memory
|-resisted|p2a: Spaghetti Memory
|-damage|p2a: Spaghetti Memory|0 fnt
|faint|p2a: Spaghetti Memory
|
|-weather|RainDance|[upkeep]
|
|switch|p2a: Seaking Duck|Golduck, M|100/100
|turn|8
|
|-terastallize|p1a: Garganacl|Ghost
|move|p2a: Seaking Duck|Surf|p1a: Garganacl
|-damage|p1a: Garganacl|41/100
|-damage|p2a: Seaking Duck|91/100|[from] item: Life Orb
|move|p1a: Garganacl|Recover|p1a: Garganacl
|-heal|p1a: Garganacl|91/100
|
|-weather|none
|turn|9
|
|switch|p2a: Really want eject|Pawmot, F|100/100
|move|p1a: Garganacl|Salt Cure|p2a: Really want eject
|-resisted|p2a: Really want eject
|-damage|p2a: Really want eject|75/100
|-start|p2a: Really want eject|Salt Cure
|
|-damage|p2a: Really want eject|62/100|[from] Salt Cure
|turn|10
|
|move|p2a: Really want eject|Revival Blessing|p2a: Really want eject
|-enditem|p2a: Really want eject|Leppa Berry|[eat]
|-activate|p2a: Really want eject|item: Leppa Berry|Revival Blessing|[consumed]
|
|-heal|p2: Spaghetti Memory|50/100|[from] move: Revival Blessing
|move|p1a: Garganacl|Salt Cure|p2a: Really want eject
|-resisted|p2a: Really want eject
|-damage|p2a: Really want eject|35/100
|
|-damage|p2a: Really want eject|22/100|[from] Salt Cure
|turn|11
|
|switch|p2a: Ghoti carrier|Pelipper, M|100/100
|-weather|RainDance|[from] ability: Drizzle|[of] p2a: Ghoti carrier
|move|p1a: Garganacl|Salt Cure|p2a: Ghoti carrier
|-supereffective|p2a: Ghoti carrier
|-damage|p2a: Ghoti carrier|21/100
|-start|p2a: Ghoti carrier|Salt Cure
|
|-weather|RainDance|[upkeep]
|-damage|p2a: Ghoti carrier|0 fnt|[from] Salt Cure
|faint|p2a: Ghoti carrier
|
|switch|p2a: Spaghetti Memory|Toedscruel, F|50/100
|turn|12
|
|move|p1a: Garganacl|Block|p2a: Spaghetti Memory
|-activate|p2a: Spaghetti Memory|trapped
|move|p2a: Spaghetti Memory|Spore|p1a: Garganacl
|-status|p1a: Garganacl|slp|[from] move: Spore
|
|-weather|RainDance|[upkeep]
|turn|13
|
|move|p2a: Spaghetti Memory|Knock Off|p1a: Garganacl
|-supereffective|p1a: Garganacl
|-damage|p1a: Garganacl|86/100 slp
|cant|p1a: Garganacl|slp
|
|-weather|RainDance|[upkeep]
|turn|14
|
|cant|p1a: Garganacl|slp
|move|p2a: Spaghetti Memory|Spore|p1a: Garganacl
|-fail|p1a: Garganacl|slp
|
|-weather|RainDance|[upkeep]
|turn|15
|
|-curestatus|p1a: Garganacl|slp|[msg]
|move|p1a: Garganacl|Recover|p1a: Garganacl
|-heal|p1a: Garganacl|100/100
|move|p2a: Spaghetti Memory|Spore|p1a: Garganacl
|-status|p1a: Garganacl|slp|[from] move: Spore
|
|-weather|RainDance|[upkeep]
|turn|16
|
|cant|p1a: Garganacl|slp
|move|p2a: Spaghetti Memory|Spore|p1a: Garganacl
|-fail|p1a: Garganacl|slp
|
|-weather|RainDance|[upkeep]
|turn|17
|
|cant|p1a: Garganacl|slp
|move|p2a: Spaghetti Memory|Spore|p1a: Garganacl
|-fail|p1a: Garganacl|slp
|
|-weather|RainDance|[upkeep]
|turn|18
|
|cant|p1a: Garganacl|slp
|move|p2a: Spaghetti Memory|Spore|p1a: Garganacl
|-fail|p1a: Garganacl|slp
|
|-weather|none
|turn|19
|
|-curestatus|p1a: Garganacl|slp|[msg]
|move|p1a: Garganacl|Salt Cure|p2a: Spaghetti Memory
|-resisted|p2a: Spaghetti Memory
|-damage|p2a: Spaghetti Memory|21/100
|-start|p2a: Spaghetti Memory|Salt Cure
|move|p2a: Spaghetti Memory|Spore|p1a: Garganacl
|-status|p1a: Garganacl|slp|[from] move: Spore
|
|-damage|p2a: Spaghetti Memory|8/100|[from] Salt Cure
|turn|20
|
|move|p2a: Spaghetti Memory|Knock Off|p1a: Garganacl
|-supereffective|p1a: Garganacl
|-damage|p1a: Garganacl|96/100 slp
|cant|p1a: Garganacl|slp
|
|-damage|p2a: Spaghetti Memory|0 fnt|[from] Salt Cure
|faint|p2a: Spaghetti Memory
|
|switch|p2a: Seaking Duck|Golduck, M|91/100
|turn|21
|
|move|p2a: Seaking Duck|Nasty Plot|p2a: Seaking Duck
|-boost|p2a: Seaking Duck|spa|2
|-curestatus|p1a: Garganacl|slp|[msg]
|move|p1a: Garganacl|Salt Cure|p2a: Seaking Duck
|-damage|p2a: Seaking Duck|32/100
|-start|p2a: Seaking Duck|Salt Cure
|
|-damage|p2a: Seaking Duck|7/100|[from] Salt Cure
|turn|22
|
|move|p2a: Seaking Duck|Surf|p1a: Garganacl
|-damage|p1a: Garganacl|30/100
|-damage|p2a: Seaking Duck|0 fnt|[from] item: Life Orb
|faint|p2a: Seaking Duck
|move|p1a: Garganacl|Recover|p1a: Garganacl
|-heal|p1a: Garganacl|80/100
|
|
|switch|p2a: Really want eject|Pawmot, F|22/100
|turn|23
|
|move|p2a: Really want eject|Encore|p1a: Garganacl
|-start|p1a: Garganacl|Encore
|move|p1a: Garganacl|Recover|p1a: Garganacl
|-heal|p1a: Garganacl|100/100
|
|turn|24
|
|switch|p1a: Volcarona|Volcarona, F|100/100
|move|p2a: Really want eject|Revival Blessing|p2a: Really want eject
|
|-heal|p2: Ghoti carrier|50/100|[from] move: Revival Blessing
|
|turn|25
|
|move|p2a: Really want eject|Nuzzle|p1a: Volcarona
|-damage|p1a: Volcarona|93/100
|-status|p1a: Volcarona|par
|cant|p1a: Volcarona|par
|
|turn|26
|
|switch|p2a: Ghoti carrier|Pelipper, M|50/100
|-weather|RainDance|[from] ability: Drizzle|[of] p2a: Ghoti carrier
|move|p1a: Volcarona|Quiver Dance|p1a: Volcarona
|-boost|p1a: Volcarona|spa|1
|-boost|p1a: Volcarona|spd|1
|-boost|p1a: Volcarona|spe|1
|
|-weather|RainDance|[upkeep]
|turn|27
|
|move|p1a: Volcarona|Giga Drain|p2a: Ghoti carrier
|-damage|p2a: Ghoti carrier|20/100
|-heal|p1a: Volcarona|100/100 par|[from] drain|[of] p2a: Ghoti carrier
|move|p2a: Ghoti carrier|U-turn|p1a: Volcarona
|-resisted|p1a: Volcarona
|-damage|p1a: Volcarona|96/100 par
|-status|p2a: Ghoti carrier|brn|[from] ability: Flame Body|[of] p1a: Volcarona
|
|switch|p2a: BandedSkewda|Floatzel, M|100/100|[from] U-turn
|
|-weather|RainDance|[upkeep]
|turn|28
|
|move|p2a: BandedSkewda|Liquidation|p1a: Volcarona
|-supereffective|p1a: Volcarona
|-damage|p1a: Volcarona|0 fnt
|-status|p2a: BandedSkewda|brn|[from] ability: Flame Body|[of] p1a: Volcarona
|faint|p1a: Volcarona
|
|-weather|RainDance|[upkeep]
|-damage|p2a: BandedSkewda|94/100 brn|[from] brn
|
|switch|p1a: Garchomp|Garchomp, M|100/100
|-damage|p1a: Garchomp|76/100|[from] Spikes
|turn|29
|
|move|p2a: BandedSkewda|Liquidation|p1a: Garchomp
|-damage|p1a: Garchomp|46/100
|-damage|p2a: BandedSkewda|82/100 brn|[from] ability: Rough Skin|[of] p1a: Garchomp
|-damage|p2a: BandedSkewda|65/100 brn|[from] item: Rocky Helmet|[of] p1a: Garchomp
|move|p1a: Garchomp|Stealth Rock|p2a: BandedSkewda
|-sidestart|p2: p2|move: Stealth Rock
|
|-weather|RainDance|[upkeep]
|-damage|p2a: BandedSkewda|59/100 brn|[from] brn
|turn|30
|
|move|p2a: BandedSkewda|Liquidation|p1a: Garchomp
|-damage|p1a: Garchomp|19/100
|-unboost|p1a: Garchomp|def|1
|-damage|p2a: BandedSkewda|47/100 brn|[from] ability: Rough Skin|[of] p1a: Garchomp
|-damage|p2a: BandedSkewda|30/100 brn|[from] item: Rocky Helmet|[of] p1a: Garchomp
|move|p1a: Garchomp|Spikes|p2a: BandedSkewda
|-sidestart|p2: p2|Spikes
|
|-weather|RainDance|[upkeep]
|-damage|p2a: BandedSkewda|24/100 brn|[from] brn
|turn|31
|
|move|p2a: BandedSkewda|Liquidation|p1a: Garchomp
|-damage|p1a: Garchomp|0 fnt
|-damage|p2a: BandedSkewda|12/100 brn|[from] ability: Rough Skin|[of] p1a: Garchomp
|-damage|p2a: BandedSkewda|0 fnt|[from] item: Rocky Helmet|[of] p1a: Garchomp
|faint|p1a: Garchomp
|faint|p2a: BandedSkewda
|
|-weather|RainDance|[upkeep]
|
|switch|p2a: The Goat|Azumarill, F|100/100
|switch|p1a: Garganacl|Garganacl, M, tera:Ghost|100/100
|-damage|p2a: The Goat|88/100|[from] Stealth Rock
|-damage|p2a: The Goat|76/100|[from] Spikes
|-damage|p1a: Garganacl|75/100|[from] Spikes
|turn|32
|
|-terastallize|p2a: The Goat|Water
|move|p2a: The Goat|Liquidation|p1a: Garganacl
|-damage|p1a: Garganacl|7/100
|-unboost|p1a: Garganacl|def|1
|move|p1a: Garganacl|Salt Cure|p2a: The Goat
|-damage|p2a: The Goat|62/100
|-start|p2a: The Goat|Salt Cure
|
|-weather|RainDance|[upkeep]
|-damage|p2a: The Goat|37/100|[from] Salt Cure
|-enditem|p2a: The Goat|Sitrus Berry|[eat]
|-heal|p2a: The Goat|62/100|[from] item: Sitrus Berry
|turn|33
|-message|p2 forfeited.
|
|win|p1
