|poke|p1|Enamorus, F|
|poke|p1|Thundurus-Therian, M|
|poke|p1|Chien-Pao|
|poke|p1|Great Tusk|
|poke|p1|Volcanion|
|poke|p1|Zamazenta-*|
|poke|p2|Basculegion-F, F|
|poke|p2|Pelipper, F|
|poke|p2|Urshifu-*, F|
|poke|p2|Goodra-Hisui, F|
|poke|p2|Corviknight, M|
|poke|p2|Landorus-Therian, M|
|teampreview
|
|start
|switch|p1a: Thundurus|Thundurus-Therian, M|100/100
|switch|p2a: Pelipper|Pelipper, F|100/100
|-weather|RainDance|[from] ability: Drizzle|[of] p2a: Pelipper
|turn|1
|
|switch|p2a: Goodra|Goodra-Hisui, F, shiny|100/100
|-terastallize|p1a: Thundurus|Water
|move|p1a: Thundurus|Tera Blast|p2a: Goodra
|-resisted|p2a: Goodra
|-crit|p2a: Goodra
|-damage|p2a: Goodra|76/100
|
|-weather|RainDance|[upkeep]
|turn|2
|
|switch|p1a: Enamorus|Enamorus, F|100/100
|move|p2a: Goodra|Sludge Bomb|p1a: Enamorus
|-supereffective|p1a: Enamorus
|-damage|p1a: Enamorus|19/100
|-status|p1a: Enamorus|psn
|
|-weather|RainDance|[upkeep]
|-damage|p1a: Enamorus|6/100 psn|[from] psn
|turn|3
|
|move|p1a: Enamorus|Healing Wish|p1a: Enamorus
|faint|p1a: Enamorus
|move|p2a: Goodra|Sludge Bomb|p1: Enamorus|[notarget]
|-fail|p2a: Goodra
|
|-weather|RainDance|[upkeep]
|
|switch|p1a: Zamazenta|Zamazenta-Crowned|100/100
|-ability|p1a: Zamazenta|Dauntless Shield|boost
|-boost|p1a: Zamazenta|def|1
|turn|4
|
|switch|p2a: Landorus|Landorus-Therian, M|100/100
|-ability|p2a: Landorus|Intimidate|boost
|-unboost|p1a: Zamazenta|atk|1
|move|p1a: Zamazenta|Body Press|p2a: Landorus
|-resisted|p2a: Landorus
|-damage|p2a: Landorus|78/100
|
|-weather|RainDance|[upkeep]
|-heal|p2a: Landorus|84/100|[from] item: Leftovers
|turn|5
|
|switch|p1a: Thundurus|Thundurus-Therian, M, tera:Water|100/100
|move|p2a: Landorus|Sandsear Storm|p1a: Thundurus
|-damage|p1a: Thundurus|48/100
|
|-weather|RainDance|[upkeep]
|-heal|p2a: Landorus|90/100|[from] item: Leftovers
|turn|6
|
|switch|p2a: Goodra|Goodra-Hisui, F, shiny|76/100
|move|p1a: Thundurus|Tera Blast|p2a: Goodra
|-resisted|p2a: Goodra
|-damage|p2a: Goodra|60/100
|
|-weather|RainDance|[upkeep]
|turn|7
|
|move|p1a: Thundurus|Focus Blast|p2a: Goodra|[miss]
|-miss|p1a: Thundurus|p2a: Goodra
|move|p2a: Goodra|Draco Meteor|p1a: Thundurus
|-damage|p1a: Thundurus|0 fnt
|-unboost|p2a: Goodra|spa|2
|faint|p1a: Thundurus
|
|-weather|RainDance|[upkeep]
|
|switch|p1a: Chien-Pao|Chien-Pao|100/100
|-ability|p1a: Chien-Pao|Sword of Ruin
|turn|8
|
|switch|p2a: Urshifu|Urshifu-Rapid-Strike, F|100/100
|move|p1a: Chien-Pao|Icicle Crash|p2a: Urshifu
|-resisted|p2a: Urshifu
|-damage|p2a: Urshifu|57/100
|
|-weather|none
|turn|9
|
|switch|p1a: Great Tusk|Great Tusk|100/100
|move|p2a: Urshifu|Close Combat|p1a: Great Tusk
|-damage|p1a: Great Tusk|69/100
|-unboost|p2a: Urshifu|def|1
|-unboost|p2a: Urshifu|spd|1
|
|-heal|p1a: Great Tusk|76/100|[from] item: Leftovers
|turn|10
|
|switch|p2a: Pelipper|Pelipper, F|100/100
|-weather|RainDance|[from] ability: Drizzle|[of] p2a: Pelipper
|move|p1a: Great Tusk|Stealth Rock|p2a: Pelipper
|-sidestart|p2: p2|move: Stealth Rock
|
|-weather|RainDance|[upkeep]
|-heal|p1a: Great Tusk|82/100|[from] item: Leftovers
|turn|11
|
|-end|p1a: Great Tusk|Protosynthesis|[silent]
|switch|p1a: Volcanion|Volcanion|100/100
|move|p2a: Pelipper|U-turn|p1a: Volcanion
|-resisted|p1a: Volcanion
|-damage|p1a: Volcanion|97/100
|
|switch|p2a: Goodra|Goodra-Hisui, F, shiny|60/100|[from] U-turn
|-damage|p2a: Goodra|54/100|[from] Stealth Rock
|
|-weather|RainDance|[upkeep]
|turn|12
|
|move|p1a: Volcanion|Substitute|p1a: Volcanion
|-start|p1a: Volcanion|Substitute
|-damage|p1a: Volcanion|72/100
|move|p2a: Goodra|Thunder|p1a: Volcanion
|-supereffective|p1a: Volcanion
|-end|p1a: Volcanion|Substitute
|
|-weather|RainDance|[upkeep]
|turn|13
|
|switch|p1a: Great Tusk|Great Tusk|82/100
|-heal|p1a: Great Tusk|100/100|[from] move: Healing Wish
|move|p2a: Goodra|Draco Meteor|p1a: Great Tusk
|-damage|p1a: Great Tusk|18/100
|-unboost|p2a: Goodra|spa|2
|
|-weather|RainDance|[upkeep]
|-heal|p1a: Great Tusk|24/100|[from] item: Leftovers
|turn|14
|
|switch|p2a: Corviknight|Corviknight, M|100/100
|-damage|p2a: Corviknight|88/100|[from] Stealth Rock
|-ability|p2a: Corviknight|Pressure
|move|p1a: Great Tusk|Ice Spinner|p2a: Corviknight
|-damage|p2a: Corviknight|75/100
|-damage|p1a: Great Tusk|8/100|[from] item: Rocky Helmet|[of] p2a: Corviknight
|
|-weather|RainDance|[upkeep]
|-heal|p1a: Great Tusk|14/100|[from] item: Leftovers
|turn|15
|
|-end|p1a: Great Tusk|Protosynthesis|[silent]
|switch|p1a: Volcanion|Volcanion|72/100
|move|p2a: Corviknight|Roost|p2a: Corviknight
|-heal|p2a: Corviknight|100/100
|-singleturn|p2a: Corviknight|move: Roost
|
|-weather|RainDance|[upkeep]
|turn|16
|
|move|p1a: Volcanion|Steam Eruption|p2a: Corviknight
|-damage|p2a: Corviknight|6/100
|move|p2a: Corviknight|Defog|p1a: Volcanion
|-unboost|p1a: Volcanion|evasion|1
|-sideend|p2: p2|Stealth Rock|[from] move: Defog|[of] p2a: Corviknight
|
|-weather|RainDance|[upkeep]
|turn|17
|
|move|p1a: Volcanion|Steam Eruption|p2a: Corviknight
|-damage|p2a: Corviknight|0 fnt
|faint|p2a: Corviknight
|
|-weather|none
|
|switch|p2a: Goodra|Goodra-Hisui, F, shiny|54/100
|turn|18
|
|move|p1a: Volcanion|Substitute|p1a: Volcanion
|-start|p1a: Volcanion|Substitute
|-damage|p1a: Volcanion|47/100
|move|p2a: Goodra|Thunder|p1a: Volcanion
|-supereffective|p1a: Volcanion
|-end|p1a: Volcanion|Substitute
|
|turn|19
|
|move|p1a: Volcanion|Substitute|p1a: Volcanion
|-start|p1a: Volcanion|Substitute
|-damage|p1a: Volcanion|22/100
|move|p2a: Goodra|Thunder|p1a: Volcanion
|-supereffective|p1a: Volcanion
|-end|p1a: Volcanion|Substitute
|
|turn|20
|
|switch|p1a: Great Tusk|Great Tusk|14/100
|move|p2a: Goodra|Draco Meteor|p1a: Great Tusk|[miss]
|-miss|p2a: Goodra|p1a: Great Tusk
|
|-heal|p1a: Great Tusk|20/100|[from] item: Leftovers
|turn|21
|
|move|p1a: Great Tusk|Stealth Rock|p2a: Goodra
|-sidestart|p2: p2|move: Stealth Rock
|move|p2a: Goodra|Draco Meteor|p1a: Great Tusk
|-damage|p1a: Great Tusk|0 fnt
|-unboost|p2a: Goodra|spa|2
|faint|p1a: Great Tusk
|-end|p1a: Great Tusk|Protosynthesis|[silent]
|
|
|switch|p1a: Zamazenta|Zamazenta-Crowned|100/100
|turn|22
|
|switch|p2a: Landorus|Landorus-Therian, M|90/100
|-damage|p2a: Landorus|78/100|[from] Stealth Rock
|-ability|p2a: Landorus|Intimidate|boost
|-unboost|p1a: Zamazenta|atk|1
|move|p1a: Zamazenta|Iron Defense|p1a: Zamazenta
|-boost|p1a: Zamazenta|def|2
|
|-heal|p2a: Landorus|84/100|[from] item: Leftovers
|turn|23
|
|switch|p1a: Chien-Pao|Chien-Pao|100/100
|-ability|p1a: Chien-Pao|Sword of Ruin
|move|p2a: Landorus|Sandsear Storm|p1a: Chien-Pao
|-damage|p1a: Chien-Pao|43/100
|
|-heal|p2a: Landorus|90/100|[from] item: Leftovers
|turn|24
|
|-terastallize|p2a: Landorus|Water
|move|p1a: Chien-Pao|Icicle Crash|p2a: Landorus|[miss]
|-miss|p1a: Chien-Pao|p2a: Landorus
|move|p2a: Landorus|Sandsear Storm|p1a: Chien-Pao
|-damage|p1a: Chien-Pao|0 fnt
|faint|p1a: Chien-Pao
|
|-heal|p2a: Landorus|96/100|[from] item: Leftovers
|-message|p1 forfeited.
|
|win|p2
