|poke|p1|Kingambit, F|
|poke|p1|Corviknight, M|
|poke|p1|Great Tusk|
|poke|p1|Hippowdon, F|
|poke|p1|Toxapex, F|
|poke|p1|Hatterene, F|
|poke|p2|Ursaluna, M|
|poke|p2|Enamorus, F|
|poke|p2|Slowking-Galar, F|
|poke|p2|Great Tusk|
|poke|p2|Dragapult, F|
|poke|p2|Urshifu-*, F|
|teampreview
|
|start
|switch|p1a: Great Tusk|Great Tusk|100/100
|switch|p2a: Dragapult|Dragapult, F|100/100
|turn|1
|
|switch|p2a: Enamorus|Enamorus, F|100/100
|move|p1a: Great Tusk|Knock Off|p2a: Enamorus
|-resisted|p2a: Enamorus
|-damage|p2a: Enamorus|79/100
|-enditem|p2a: Enamorus|Heavy-Duty Boots|[from] move: Knock Off|[of] p1a: Great Tusk
|
|turn|2
|
|-end|p1a: Great Tusk|Protosynthesis|[silent]
|switch|p1a: Toxapex|Toxapex, F|100/100
|move|p2a: Enamorus|Earth Power|p1a: Toxapex
|-supereffective|p1a: Toxapex
|-damage|p1a: Toxapex|56/100
|
|-heal|p1a: Toxapex|63/100|[from] item: Leftovers
|turn|3
|
|switch|p2a: Slowking|Slowking-Galar, F|100/100
|switch|p1a: Hippowdon|Hippowdon, F|100/100
|-weather|Sandstorm|[from] ability: Sand Stream|[of] p1a: Hippowdon
|
|-weather|Sandstorm|[upkeep]
|-damage|p2a: Slowking|94/100|[from] Sandstorm
|turn|4
|
|switch|p2a: Great Tusk|Great Tusk|100/100
|move|p1a: Hippowdon|Stealth Rock|p2a: Great Tusk
|-sidestart|p2: Whopper 4x|move: Stealth Rock
|
|-weather|Sandstorm|[upkeep]
|turn|5
|
|switch|p1a: Corviknight|Corviknight, M|100/100
|-ability|p1a: Corviknight|Pressure
|move|p2a: Great Tusk|Rapid Spin|p1a: Corviknight
|-resisted|p1a: Corviknight
|-damage|p1a: Corviknight|96/100
|-boost|p2a: Great Tusk|spe|1
|-damage|p2a: Great Tusk|84/100|[from] item: Rocky Helmet|[of] p1a: Corviknight
|-sideend|p2: Whopper 4x|Stealth Rock|[from] move: Rapid Spin|[of] p2a: Great Tusk
|
|-weather|Sandstorm|[upkeep]
|turn|6
|
|switch|p1a: Great Tusk|Great Tusk|100/100
|move|p2a: Great Tusk|Knock Off|p1a: Great Tusk
|-resisted|p1a: Great Tusk
|-damage|p1a: Great Tusk|91/100
|-enditem|p1a: Great Tusk|Leftovers|[from] move: Knock Off|[of] p2a: Great Tusk
|
|-weather|Sandstorm|[upkeep]
|turn|7
|
|-end|p2a: Great Tusk|Protosynthesis|[silent]
|switch|p2a: Enamorus|Enamorus, F|79/100
|move|p1a: Great Tusk|Earthquake|p2a: Enamorus
|-immune|p2a: Enamorus
|
|-weather|none
|turn|8
|
|-end|p1a: Great Tusk|Protosynthesis|[silent]
|switch|p1a: Toxapex|Toxapex, F|96/100
|move|p2a: Enamorus|Earth Power|p1a: Toxapex
|-supereffective|p1a: Toxapex
|-damage|p1a: Toxapex|52/100
|
|-heal|p1a: Toxapex|59/100|[from] item: Leftovers
|turn|9
|
|move|p2a: Enamorus|Earth Power|p1a: Toxapex
|-supereffective|p1a: Toxapex
|-damage|p1a: Toxapex|11/100
|move|p1a: Toxapex|Toxic|p2a: Enamorus
|-status|p2a: Enamorus|tox
|
|-heal|p1a: Toxapex|17/100|[from] item: Leftovers
|-damage|p2a: Enamorus|73/100 tox|[from] psn
|turn|10
|
|switch|p1a: Hippowdon|Hippowdon, F|100/100
|-weather|Sandstorm|[from] ability: Sand Stream|[of] p1a: Hippowdon
|move|p2a: Enamorus|Mystical Fire|p1a: Hippowdon
|-damage|p1a: Hippowdon|80/100
|-unboost|p1a: Hippowdon|spa|1
|
|-weather|Sandstorm|[upkeep]
|-damage|p2a: Enamorus|67/100 tox|[from] Sandstorm
|-heal|p1a: Hippowdon|86/100|[from] item: Leftovers
|-damage|p2a: Enamorus|54/100 tox|[from] psn
|turn|11
|
|switch|p2a: Great Tusk|Great Tusk|84/100
|move|p1a: Hippowdon|Earthquake|p2a: Great Tusk
|-damage|p2a: Great Tusk|64/100
|
|-weather|Sandstorm|[upkeep]
|-heal|p1a: Hippowdon|93/100|[from] item: Leftovers
|turn|12
|
|switch|p1a: Great Tusk|Great Tusk|91/100
|move|p2a: Great Tusk|Knock Off|p1a: Great Tusk
|-resisted|p1a: Great Tusk
|-damage|p1a: Great Tusk|85/100
|
|-weather|Sandstorm|[upkeep]
|turn|13
|
|move|p2a: Great Tusk|Stealth Rock|p1a: Great Tusk
|-sidestart|p1: skoma|move: Stealth Rock
|move|p1a: Great Tusk|Earthquake|p2a: Great Tusk
|-damage|p2a: Great Tusk|42/100
|
|-weather|Sandstorm|[upkeep]
|turn|14
|
|-end|p2a: Great Tusk|Protosynthesis|[silent]
|switch|p2a: Dragapult|Dragapult, F|100/100
|move|p1a: Great Tusk|Rapid Spin|p2a: Dragapult
|-immune|p2a: Dragapult
|
|-weather|none
|turn|15
|
|move|p2a: Dragapult|Draco Meteor|p1a: Great Tusk
|-damage|p1a: Great Tusk|12/100
|-unboost|p2a: Dragapult|spa|2
|move|p1a: Great Tusk|Knock Off|p2a: Dragapult
|-supereffective|p2a: Dragapult
|-damage|p2a: Dragapult|24/100
|-enditem|p2a: Dragapult|Choice Specs|[from] move: Knock Off|[of] p1a: Great Tusk
|
|turn|16
|
|-end|p1a: Great Tusk|Protosynthesis|[silent]
|switch|p1a: Toxapex|Toxapex, F|50/100
|-damage|p1a: Toxapex|38/100|[from] Stealth Rock
|move|p2a: Dragapult|Shadow Ball|p1a: Toxapex
|-damage|p1a: Toxapex|26/100
|
|-heal|p1a: Toxapex|32/100|[from] item: Leftovers
|turn|17
|
|switch|p2a: Ursaluna|Ursaluna, M|100/100
|switch|p1a: Great Tusk|Great Tusk|12/100
|-damage|p1a: Great Tusk|9/100|[from] Stealth Rock
|
|-status|p2a: Ursaluna|brn|[from] item: Flame Orb
|turn|18
|
|switch|p2a: Dragapult|Dragapult, F|24/100
|move|p1a: Great Tusk|Rest|p1a: Great Tusk
|-status|p1a: Great Tusk|slp|[from] move: Rest
|-heal|p1a: Great Tusk|100/100 slp|[silent]
|
|turn|19
|
|-end|p1a: Great Tusk|Protosynthesis|[silent]
|switch|p1a: Hippowdon|Hippowdon, F|93/100
|-damage|p1a: Hippowdon|86/100|[from] Stealth Rock
|-weather|Sandstorm|[from] ability: Sand Stream|[of] p1a: Hippowdon
|move|p2a: Dragapult|Shadow Ball|p1a: Hippowdon
|-damage|p1a: Hippowdon|61/100
|
|-weather|Sandstorm|[upkeep]
|-damage|p2a: Dragapult|18/100|[from] Sandstorm
|-heal|p1a: Hippowdon|67/100|[from] item: Leftovers
|turn|20
|
|switch|p2a: Ursaluna|Ursaluna, M|100/100 brn
|move|p1a: Hippowdon|Slack Off|p1a: Hippowdon
|-heal|p1a: Hippowdon|100/100
|
|-weather|Sandstorm|[upkeep]
|-damage|p2a: Ursaluna|94/100 brn|[from] brn
|turn|21
|
|switch|p1a: Corviknight|Corviknight, M|96/100
|-damage|p1a: Corviknight|84/100|[from] Stealth Rock
|-ability|p1a: Corviknight|Pressure
|move|p2a: Ursaluna|Swords Dance|p2a: Ursaluna
|-boost|p2a: Ursaluna|atk|2
|
|-weather|Sandstorm|[upkeep]
|-damage|p2a: Ursaluna|88/100 brn|[from] brn
|turn|22
|
|move|p1a: Corviknight|Iron Defense|p1a: Corviknight
|-boost|p1a: Corviknight|def|2
|move|p2a: Ursaluna|Fire Punch|p1a: Corviknight
|-supereffective|p1a: Corviknight
|-damage|p1a: Corviknight|29/100
|-damage|p2a: Ursaluna|71/100 brn|[from] item: Rocky Helmet|[of] p1a: Corviknight
|
|-weather|Sandstorm|[upkeep]
|-damage|p2a: Ursaluna|65/100 brn|[from] brn
|turn|23
|
|move|p1a: Corviknight|Body Press|p2a: Ursaluna
|-supereffective|p2a: Ursaluna
|-damage|p2a: Ursaluna|0 fnt
|faint|p2a: Ursaluna
|
|-weather|none
|
|switch|p2a: Urshifu|Urshifu-Rapid-Strike, F|100/100
|turn|24
|
|-terastallize|p1a: Corviknight|Water
|move|p2a: Urshifu|Surging Strikes|p1a: Corviknight
|-resisted|p1a: Corviknight
|-crit|p1a: Corviknight
|-damage|p1a: Corviknight|23/100
|-resisted|p1a: Corviknight
|-crit|p1a: Corviknight
|-damage|p1a: Corviknight|16/100
|-resisted|p1a: Corviknight
|-crit|p1a: Corviknight
|-damage|p1a: Corviknight|9/100
|-hitcount|p1a: Corviknight|3
|move|p1a: Corviknight|Roost|p1a: Corviknight
|-heal|p1a: Corviknight|59/100
|
|turn|25
|
|switch|p2a: Slowking|Slowking-Galar, F|100/100
|move|p1a: Corviknight|Defog|p2a: Slowking
|-unboost|p2a: Slowking|evasion|1
|-sideend|p1: skoma|Stealth Rock|[from] move: Defog|[of] p1a: Corviknight
|
|turn|26
|
|move|p1a: Corviknight|Roost|p1a: Corviknight
|-heal|p1a: Corviknight|100/100
|move|p2a: Slowking|Future Sight|p1a: Corviknight
|-start|p2a: Slowking|move: Future Sight
|
|turn|27
|
|switch|p1a: Hatterene|Hatterene, F|100/100
|move|p2a: Slowking|Chilly Reception|p2a: Slowking
|-weather|Snow
|
|switch|p2a: Dragapult|Dragapult, F|18/100|[from] Chilly Reception
|
|-weather|Snow|[upkeep]
|turn|28
|
|switch|p1a: Kingambit|Kingambit, F|100/100
|move|p2a: Dragapult|Shadow Ball|p1a: Kingambit
|-resisted|p1a: Kingambit
|-damage|p1a: Kingambit|83/100
|-unboost|p1a: Kingambit|spd|1
|
|-weather|Snow|[upkeep]
|-end|p1a: Kingambit|move: Future Sight
|-immune|p1a: Kingambit
|-heal|p1a: Kingambit|89/100|[from] item: Leftovers
|turn|29
|
|move|p2a: Dragapult|Flamethrower|p1a: Kingambit
|-supereffective|p1a: Kingambit
|-damage|p1a: Kingambit|7/100
|move|p1a: Kingambit|Iron Head|p2a: Dragapult
|-damage|p2a: Dragapult|0 fnt
|faint|p2a: Dragapult
|
|-weather|Snow|[upkeep]
|-heal|p1a: Kingambit|13/100|[from] item: Leftovers
|
|switch|p2a: Urshifu|Urshifu-Rapid-Strike, F|100/100
|turn|30
|
|-end|p1a: Kingambit|fallenundefined|[silent]
|switch|p1a: Toxapex|Toxapex, F|65/100
|move|p2a: Urshifu|Swords Dance|p2a: Urshifu
|-boost|p2a: Urshifu|atk|2
|
|-weather|Snow|[upkeep]
|-heal|p1a: Toxapex|72/100|[from] item: Leftovers
|turn|31
|
|switch|p2a: Enamorus|Enamorus, F|54/100 tox
|move|p1a: Toxapex|Toxic|p2a: Enamorus
|-fail|p2a: Enamorus|tox
|
|-weather|none
|-heal|p1a: Toxapex|78/100|[from] item: Leftovers
|-damage|p2a: Enamorus|48/100 tox|[from] psn
|turn|32
|
|move|p2a: Enamorus|Earth Power|p1a: Toxapex
|-supereffective|p1a: Toxapex
|-damage|p1a: Toxapex|32/100
|move|p1a: Toxapex|Recover|p1a: Toxapex
|-heal|p1a: Toxapex|82/100
|
|-heal|p1a: Toxapex|88/100|[from] item: Leftovers
|-damage|p2a: Enamorus|35/100 tox|[from] psn
|turn|33
|
|switch|p1a: Hippowdon|Hippowdon, F|100/100
|-weather|Sandstorm|[from] ability: Sand Stream|[of] p1a: Hippowdon
|move|p2a: Enamorus|Earth Power|p1a: Hippowdon
|-damage|p1a: Hippowdon|78/100
|
|-weather|Sandstorm|[upkeep]
|-damage|p2a: Enamorus|29/100 tox|[from] Sandstorm
|-heal|p1a: Hippowdon|84/100|[from] item: Leftovers
|-damage|p2a: Enamorus|11/100 tox|[from] psn
|turn|34
|
|move|p2a: Enamorus|Healing Wish|p2a: Enamorus
|faint|p2a: Enamorus
|move|p1a: Hippowdon|Slack Off|p1a: Hippowdon
|-heal|p1a: Hippowdon|100/100
|
|-weather|Sandstorm|[upkeep]
|
|switch|p2a: Great Tusk|Great Tusk|42/100
|-heal|p2a: Great Tusk|100/100|[from] move: Healing Wish
|turn|35
|
|move|p2a: Great Tusk|Knock Off|p1a: Hippowdon
|-damage|p1a: Hippowdon|79/100
|-enditem|p1a: Hippowdon|Leftovers|[from] move: Knock Off|[of] p2a: Great Tusk
|move|p1a: Hippowdon|Earthquake|p2a: Great Tusk
|-damage|p2a: Great Tusk|82/100
|
|-weather|Sandstorm|[upkeep]
|turn|36
|
|move|p2a: Great Tusk|Earthquake|p1a: Hippowdon
|-damage|p1a: Hippowdon|51/100
|move|p1a: Hippowdon|Slack Off|p1a: Hippowdon
|-heal|p1a: Hippowdon|100/100
|
|-weather|Sandstorm|[upkeep]
|turn|37
|
|move|p2a: Great Tusk|Earthquake|p1a: Hippowdon
|-damage|p1a: Hippowdon|72/100
|move|p1a: Hippowdon|Earthquake|p2a: Great Tusk
|-damage|p2a: Great Tusk|65/100
|
|-weather|none
|turn|38
|
|move|p2a: Great Tusk|Earthquake|p1a: Hippowdon
|-damage|p1a: Hippowdon|42/100
|move|p1a: Hippowdon|Earthquake|p2a: Great Tusk
|-damage|p2a: Great Tusk|49/100
|
|turn|39
|
|move|p2a: Great Tusk|Stealth Rock|p1a: Hippowdon
|-sidestart|p1: skoma|move: Stealth Rock
|move|p1a: Hippowdon|Slack Off|p1a: Hippowdon
|-heal|p1a: Hippowdon|92/100
|
|turn|40
|
|move|p2a: Great Tusk|Earthquake|p1a: Hippowdon
|-damage|p1a: Hippowdon|60/100
|move|p1a: Hippowdon|Earthquake|p2a: Great Tusk
|-crit|p2a: Great Tusk
|-damage|p2a: Great Tusk|23/100
|
|turn|41
|
|move|p2a: Great Tusk|Earthquake|p1a: Hippowdon
|-damage|p1a: Hippowdon|28/100
|move|p1a: Hippowdon|Slack Off|p1a: Hippowdon
|-heal|p1a: Hippowdon|78/100
|
|turn|42
|
|move|p2a: Great Tusk|Earthquake|p1a: Hippowdon
|-damage|p1a: Hippowdon|45/100
|move|p1a: Hippowdon|Slack Off|p1a: Hippowdon
|-heal|p1a: Hippowdon|95/100
|
|turn|43
|
|switch|p1a: Corviknight|Corviknight, M, tera:Water|100/100
|-damage|p1a: Corviknight|88/100|[from] Stealth Rock
|-ability|p1a: Corviknight|Pressure
|move|p2a: Great Tusk|Earthquake|p1a: Corviknight
|-damage|p1a: Corviknight|62/100
|
|turn|44
|
|-end|p2a: Great Tusk|Protosynthesis|[silent]
|switch|p2a: Urshifu|Urshifu-Rapid-Strike, F|100/100
|move|p1a: Corviknight|Defog|p2a: Urshifu
|-unboost|p2a: Urshifu|evasion|1
|-sideend|p1: skoma|Stealth Rock|[from] move: Defog|[of] p1a: Corviknight
|
|turn|45
|
|switch|p1a: Toxapex|Toxapex, F|100/100
|-terastallize|p2a: Urshifu|Water
|move|p2a: Urshifu|Swords Dance|p2a: Urshifu
|-boost|p2a: Urshifu|atk|2
|
|turn|46
|
|switch|p2a: Slowking|Slowking-Galar, F|100/100
|move|p1a: Toxapex|Toxic|p2a: Slowking
|-immune|p2a: Slowking
|
|turn|47
|
|switch|p1a: Hippowdon|Hippowdon, F|95/100
|-weather|Sandstorm|[from] ability: Sand Stream|[of] p1a: Hippowdon
|move|p2a: Slowking|Future Sight|p1a: Hippowdon
|-start|p2a: Slowking|move: Future Sight
|
|-weather|Sandstorm|[upkeep]
|-damage|p2a: Slowking|94/100|[from] Sandstorm
|turn|48
|
|switch|p2a: Urshifu|Urshifu-Rapid-Strike, F, tera:Water|100/100
|move|p1a: Hippowdon|Stealth Rock|p2a: Urshifu
|-sidestart|p2: Whopper 4x|move: Stealth Rock
|
|-weather|Sandstorm|[upkeep]
|-damage|p2a: Urshifu|94/100|[from] Sandstorm
|turn|49
|
|switch|p1a: Hatterene|Hatterene, F|100/100
|move|p2a: Urshifu|Surging Strikes|p1a: Hatterene
|-crit|p1a: Hatterene
|-damage|p1a: Hatterene|74/100
|-crit|p1a: Hatterene
|-damage|p1a: Hatterene|50/100
|-crit|p1a: Hatterene
|-damage|p1a: Hatterene|26/100
|-hitcount|p1a: Hatterene|3
|
|-weather|Sandstorm|[upkeep]
|-damage|p2a: Urshifu|88/100|[from] Sandstorm
|-damage|p1a: Hatterene|20/100|[from] Sandstorm
|-end|p1a: Hatterene|move: Future Sight
|-resisted|p1a: Hatterene
|-damage|p1a: Hatterene|0 fnt
|faint|p1a: Hatterene
|
|switch|p1a: Toxapex|Toxapex, F|100/100
|turn|50
|
|switch|p2a: Slowking|Slowking-Galar, F|100/100
|-damage|p2a: Slowking|88/100|[from] Stealth Rock
|move|p1a: Toxapex|Toxic|p2a: Slowking
|-immune|p2a: Slowking
|
|-weather|Sandstorm|[upkeep]
|-damage|p1a: Toxapex|94/100|[from] Sandstorm
|-damage|p2a: Slowking|82/100|[from] Sandstorm
|-heal|p1a: Toxapex|100/100|[from] item: Leftovers
|turn|51
|
|switch|p1a: Kingambit|Kingambit, F|13/100
|-activate|p1a: Kingambit|ability: Supreme Overlord
|-start|p1a: Kingambit|fallen1|[silent]
|move|p2a: Slowking|Future Sight|p1a: Kingambit
|-start|p2a: Slowking|move: Future Sight
|
|-weather|none
|-heal|p1a: Kingambit|20/100|[from] item: Leftovers
|turn|52
|
|switch|p2a: Great Tusk|Great Tusk|23/100
|-damage|p2a: Great Tusk|20/100|[from] Stealth Rock
|move|p1a: Kingambit|Kowtow Cleave|p2a: Great Tusk
|-resisted|p2a: Great Tusk
|-damage|p2a: Great Tusk|8/100
|-damage|p1a: Kingambit|3/100|[from] item: Rocky Helmet|[of] p2a: Great Tusk
|
|-heal|p1a: Kingambit|9/100|[from] item: Leftovers
|turn|53
|
|-end|p1a: Kingambit|fallen1|[silent]
|switch|p1a: Great Tusk|Great Tusk|100/100 slp
|move|p2a: Great Tusk|Earthquake|p1a: Great Tusk
|-damage|p1a: Great Tusk|72/100 slp
|
|-end|p1a: Great Tusk|move: Future Sight
|-supereffective|p1a: Great Tusk
|-damage|p1a: Great Tusk|0 fnt
|faint|p1a: Great Tusk
|-end|p1a: Great Tusk|Protosynthesis|[silent]
|
|switch|p1a: Corviknight|Corviknight, M, tera:Water|62/100
|-ability|p1a: Corviknight|Pressure
|turn|54
|
|-end|p2a: Great Tusk|Protosynthesis|[silent]
|switch|p2a: Slowking|Slowking-Galar, F|100/100
|-damage|p2a: Slowking|88/100|[from] Stealth Rock
|move|p1a: Corviknight|Body Press|p2a: Slowking
|-resisted|p2a: Slowking
|-damage|p2a: Slowking|81/100
|
|turn|55
|
|switch|p1a: Kingambit|Kingambit, F|9/100
|-activate|p1a: Kingambit|ability: Supreme Overlord
|-start|p1a: Kingambit|fallen2|[silent]
|move|p2a: Slowking|Future Sight|p1a: Kingambit
|-start|p2a: Slowking|move: Future Sight
|
|-heal|p1a: Kingambit|15/100|[from] item: Leftovers
|turn|56
|
|switch|p2a: Great Tusk|Great Tusk|8/100
|-damage|p2a: Great Tusk|5/100|[from] Stealth Rock
|move|p1a: Kingambit|Swords Dance|p1a: Kingambit
|-boost|p1a: Kingambit|atk|2
|
|-heal|p1a: Kingambit|22/100|[from] item: Leftovers
|turn|57
|
|move|p1a: Kingambit|Sucker Punch|p2a: Great Tusk
|-resisted|p2a: Great Tusk
|-damage|p2a: Great Tusk|0 fnt
|-damage|p1a: Kingambit|5/100|[from] item: Rocky Helmet|[of] p2a: Great Tusk
|faint|p2a: Great Tusk
|-end|p2a: Great Tusk|Protosynthesis|[silent]
|
|-end|p1a: Kingambit|move: Future Sight
|-immune|p1a: Kingambit
|-heal|p1a: Kingambit|11/100|[from] item: Leftovers
|
|switch|p2a: Urshifu|Urshifu-Rapid-Strike, F, tera:Water|88/100
|-damage|p2a: Urshifu|76/100|[from] Stealth Rock
|turn|58
|
|switch|p2a: Slowking|Slowking-Galar, F|100/100
|-damage|p2a: Slowking|88/100|[from] Stealth Rock
|-end|p1a: Kingambit|fallen2|[silent]
|switch|p1a: Toxapex|Toxapex, F|100/100
|
|turn|59
|
|switch|p1a: Kingambit|Kingambit, F|11/100
|-activate|p1a: Kingambit|ability: Supreme Overlord
|-start|p1a: Kingambit|fallen2|[silent]
|move|p2a: Slowking|Flamethrower|p1a: Kingambit
|-supereffective|p1a: Kingambit
|-damage|p1a: Kingambit|0 fnt
|faint|p1a: Kingambit
|-end|p1a: Kingambit|fallen2|[silent]
|
|
|switch|p1a: Hippowdon|Hippowdon, F|95/100
|-weather|Sandstorm|[from] ability: Sand Stream|[of] p1a: Hippowdon
|turn|60
|
|move|p1a: Hippowdon|Earthquake|p2a: Slowking
|-supereffective|p2a: Slowking
|-damage|p2a: Slowking|15/100
|move|p2a: Slowking|Future Sight|p1a: Hippowdon
|-start|p2a: Slowking|move: Future Sight
|
|-weather|Sandstorm|[upkeep]
|-damage|p2a: Slowking|9/100|[from] Sandstorm
|turn|61
|
|switch|p2a: Urshifu|Urshifu-Rapid-Strike, F, tera:Water|76/100
|-damage|p2a: Urshifu|64/100|[from] Stealth Rock
|move|p1a: Hippowdon|Earthquake|p2a: Urshifu
|-damage|p2a: Urshifu|23/100
|
|-weather|Sandstorm|[upkeep]
|-damage|p2a: Urshifu|17/100|[from] Sandstorm
|turn|62
|
|switch|p1a: Corviknight|Corviknight, M, tera:Water|62/100
|-ability|p1a: Corviknight|Pressure
|move|p2a: Urshifu|Surging Strikes|p1a: Corviknight
|-resisted|p1a: Corviknight
|-crit|p1a: Corviknight
|-damage|p1a: Corviknight|53/100
|-resisted|p1a: Corviknight
|-crit|p1a: Corviknight
|-damage|p1a: Corviknight|43/100
|-resisted|p1a: Corviknight
|-crit|p1a: Corviknight
|-damage|p1a: Corviknight|33/100
|-hitcount|p1a: Corviknight|3
|
|-weather|Sandstorm|[upkeep]
|-damage|p2a: Urshifu|10/100|[from] Sandstorm
|-damage|p1a: Corviknight|27/100|[from] Sandstorm
|-end|p1a: Corviknight|move: Future Sight
|-damage|p1a: Corviknight|0 fnt
|faint|p1a: Corviknight
|
|switch|p1a: Toxapex|Toxapex, F|100/100
|turn|63
|
|switch|p2a: Slowking|Slowking-Galar, F|42/100
|-damage|p2a: Slowking|30/100|[from] Stealth Rock
|move|p1a: Toxapex|Ice Beam|p2a: Slowking
|-damage|p2a: Slowking|22/100
|
|-weather|Sandstorm|[upkeep]
|-damage|p1a: Toxapex|94/100|[from] Sandstorm
|-damage|p2a: Slowking|16/100|[from] Sandstorm
|-heal|p1a: Toxapex|100/100|[from] item: Leftovers
|turn|64
|
|switch|p1a: Hippowdon|Hippowdon, F|95/100
|move|p2a: Slowking|Future Sight|p1a: Hippowdon
|-start|p2a: Slowking|move: Future Sight
|
|-weather|none
|turn|65
|
|move|p1a: Hippowdon|Earthquake|p2a: Slowking
|-supereffective|p2a: Slowking
|-damage|p2a: Slowking|0 fnt
|faint|p2a: Slowking
|
|
|switch|p2a: Urshifu|Urshifu-Rapid-Strike, F, tera:Water|10/100
|-damage|p2a: Urshifu|0 fnt|[from] Stealth Rock
|faint|p2a: Urshifu
|
|win|skoma
