# advantage = p2
|poke|p1|Electrode-Hisui|
|poke|p1|Sableye, F|
|poke|p1|Drednaw, M|
|poke|p1|Kleavor, M|
|poke|p1|Iron Treads|
|poke|p1|Iron Jugulis|
|poke|p2|Chien-Pao|
|poke|p2|Cinderace, M|
|poke|p2|Rotom-Wash|
|poke|p2|Gholdengo|
|poke|p2|Glimmora, F|
|poke|p2|Zapdos-Galar|
|teampreview
|
|start
|switch|p1a: Edward|Kleavor, M, shiny|100/100
|switch|p2a: Glimmora|Glimmora, F|100/100
|turn|1
|
|move|p1a: Edward|Stone Axe|p2a: Glimmora
|-damage|p2a: Glimmora|35/100
|-sidestart|p2: p2|move: Stealth Rock
|-activate|p2a: Glimmora|ability: Toxic Debris
|-sidestart|p1: p1|move: Toxic Spikes
|move|p2a: Glimmora|Mortal Spin|p1a: Edward
|-resisted|p1a: Edward
|-damage|p1a: Edward|97/100
|-status|p1a: Edward|psn
|-sideend|p2: p2|Stealth Rock|[from] move: Mortal Spin|[of] p2a: Glimmora
|
|-damage|p1a: Edward|84/100 psn|[from] psn
|turn|2
|
|switch|p2a: Rotom|Rotom-Wash|100/100
|move|p1a: Edward|Stone Axe|p2a: Rotom
|-damage|p2a: Rotom|57/100
|-sidestart|p2: p2|move: Stealth Rock
|
|-damage|p1a: Edward|72/100 psn|[from] psn
|turn|3
|
|switch|p1a: Kurt|Electrode-Hisui, shiny|100/100
|-status|p1a: Kurt|psn
|move|p2a: Rotom|Hydro Pump|p1a: Kurt|[miss]
|-miss|p2a: Rotom|p1a: Kurt
|
|-damage|p1a: Kurt|88/100 psn|[from] psn
|turn|4
|
|switch|p2a: Cinderace|Cinderace, M|100/100
|move|p1a: Kurt|Giga Drain|p2a: Cinderace
|-resisted|p2a: Cinderace
|-damage|p2a: Cinderace|73/100
|-heal|p1a: Kurt|100/100 psn|[from] drain|[of] p2a: Cinderace
|-damage|p1a: Kurt|91/100 psn|[from] item: Life Orb
|
|-damage|p1a: Kurt|78/100 psn|[from] psn
|turn|5
|
|move|p1a: Kurt|Volt Switch|p2a: Cinderace
|-damage|p2a: Cinderace|25/100
|-damage|p1a: Kurt|68/100 psn|[from] item: Life Orb
|
|switch|p1a: Gold Goblin|Sableye, F, shiny|100/100|[from] Volt Switch
|-status|p1a: Gold Goblin|psn
|move|p2a: Cinderace|Pyro Ball|p1a: Gold Goblin
|-damage|p1a: Gold Goblin|40/100 psn
|
|-heal|p1a: Gold Goblin|47/100 psn|[from] item: Leftovers
|-damage|p1a: Gold Goblin|34/100 psn|[from] psn
|turn|6
|
|switch|p2a: Gholdengo|Gholdengo|100/100
|-damage|p2a: Gholdengo|94/100|[from] Stealth Rock
|move|p1a: Gold Goblin|Shadow Sneak|p2a: Gholdengo
|-supereffective|p2a: Gholdengo
|-damage|p2a: Gholdengo|71/100
|
|-heal|p1a: Gold Goblin|40/100 psn|[from] item: Leftovers
|-damage|p1a: Gold Goblin|28/100 psn|[from] psn
|turn|7
|
|move|p2a: Gholdengo|Shadow Ball|p1a: Gold Goblin
|-damage|p1a: Gold Goblin|0 fnt
|faint|p1a: Gold Goblin
|
|
|switch|p1a: Don Bot|Iron Treads|100/100
|turn|8
|
|switch|p2a: Rotom|Rotom-Wash|57/100
|-damage|p2a: Rotom|45/100|[from] Stealth Rock
|move|p1a: Don Bot|Earthquake|p2a: Rotom
|-immune|p2a: Rotom|[from] ability: Levitate
|
|turn|9
|player|p1|
|player|p1|p1|benga
|
|move|p2a: Rotom|Trick|p1a: Don Bot
|-activate|p2a: Rotom|move: Trick|[of] p1a: Don Bot
|-item|p1a: Don Bot|Choice Scarf|[from] move: Trick
|-item|p2a: Rotom|Assault Vest|[from] move: Trick
|move|p1a: Don Bot|Rapid Spin|p2a: Rotom
|-damage|p2a: Rotom|34/100
|-boost|p1a: Don Bot|spe|1
|-sideend|p1: p1|Toxic Spikes|[from] move: Rapid Spin|[of] p1a: Don Bot
|
|turn|10
|
|-end|p1a: Don Bot|Quark Drive|[silent]
|switch|p1a: Kurt|Electrode-Hisui, shiny|68/100 psn
|move|p2a: Rotom|Hydro Pump|p1a: Kurt
|-resisted|p1a: Kurt
|-damage|p1a: Kurt|39/100 psn
|
|-damage|p1a: Kurt|26/100 psn|[from] psn
|turn|11
|
|-terastallize|p2a: Rotom|Steel
|move|p1a: Kurt|Giga Drain|p2a: Rotom
|-resisted|p2a: Rotom
|-damage|p2a: Rotom|22/100
|-heal|p1a: Kurt|33/100 psn|[from] drain|[of] p2a: Rotom
|-damage|p1a: Kurt|23/100 psn|[from] item: Life Orb
|move|p2a: Rotom|Volt Switch|p1a: Kurt
|-resisted|p1a: Kurt
|-damage|p1a: Kurt|14/100 psn
|
|switch|p2a: Cinderace|Cinderace, M|25/100|[from] Volt Switch
|
|-damage|p1a: Kurt|2/100 psn|[from] psn
|turn|12
|
|switch|p2a: Glimmora|Glimmora, F|35/100
|-damage|p2a: Glimmora|22/100|[from] Stealth Rock
|move|p1a: Kurt|Volt Switch|p2a: Glimmora
|-damage|p2a: Glimmora|0 fnt
|faint|p2a: Glimmora
|-damage|p1a: Kurt|0 fnt|[from] item: Life Orb
|faint|p1a: Kurt
|
|
|switch|p1a: Hydra Bot|Iron Jugulis|100/100
|switch|p2a: Cinderace|Cinderace, M|25/100
|-enditem|p1a: Hydra Bot|Booster Energy
|-activate|p1a: Hydra Bot|ability: Quark Drive|[fromitem]
|-start|p1a: Hydra Bot|quarkdrivespe
|turn|13
|
|move|p1a: Hydra Bot|Dark Pulse|p2a: Cinderace
|-damage|p2a: Cinderace|0 fnt
|faint|p2a: Cinderace
|
|
|switch|p2a: Zapdos|Zapdos-Galar|100/100
|-damage|p2a: Zapdos|88/100|[from] Stealth Rock
|turn|14
|
|move|p1a: Hydra Bot|Air Slash|p2a: Zapdos
|-supereffective|p2a: Zapdos
|-damage|p2a: Zapdos|6/100
|cant|p2a: Zapdos|flinch
|
|turn|15
|
|move|p1a: Hydra Bot|Dark Pulse|p2a: Zapdos
|-resisted|p2a: Zapdos
|-damage|p2a: Zapdos|0 fnt
|faint|p2a: Zapdos
|
|
|switch|p2a: Chien-Pao|Chien-Pao|100/100
|-damage|p2a: Chien-Pao|76/100|[from] Stealth Rock
|-ability|p2a: Chien-Pao|Sword of Ruin
|turn|16
|
|move|p1a: Hydra Bot|Flash Cannon|p2a: Chien-Pao
|-supereffective|p2a: Chien-Pao
|-damage|p2a: Chien-Pao|0 fnt
|faint|p2a: Chien-Pao
|
|-message|p2 forfeited.
|
|win|p1
|player|p1|p1|benga
