|poke|p1|Heatran, M|
|poke|p1|Tauros-Paldea-Blaze, M|
|poke|p1|Garchomp, F|
|poke|p1|Meowscarada, M|
|poke|p1|Volcanion|
|poke|p1|Chien-Pao|
|poke|p2|Samurott-Hisui, F|
|poke|p2|Dragapult, M|
|poke|p2|Sneasler, F|
|poke|p2|Magearna|
|poke|p2|Volcarona, F|
|poke|p2|Zamazenta-*|
|teampreview
|
|start
|switch|p1a: Garchomp|Garchomp, F|100/100
|switch|p2a: Samurott|Samurott-Hisui, F|100/100
|turn|1
|
|move|p2a: Samurott|Taunt|p1a: Garchomp
|-start|p1a: Garchomp|move: Taunt
|cant|p1a: Garchomp|move: Taunt|Stealth Rock
|
|turn|2
|
|switch|p1a: Tauros|Tauros-Paldea-Blaze, M|100/100
|-ability|p1a: Tauros|Intimidate|boost
|-unboost|p2a: Samurott|atk|1
|move|p2a: Samurott|Ceaseless Edge|p1a: Tauros
|-resisted|p1a: Tauros
|-damage|p1a: Tauros|84/100
|-sidestart|p1: The Worst (69)|Spikes
|
|-heal|p1a: Tauros|90/100|[from] item: Leftovers
|turn|3
|
|move|p1a: Tauros|Will-O-Wisp|p2a: Samurott|[miss]
|-miss|p1a: Tauros|p2a: Samurott
|move|p2a: Samurott|Ceaseless Edge|p1a: Tauros
|-resisted|p1a: Tauros
|-damage|p1a: Tauros|76/100
|-sidestart|p1: The Worst (69)|Spikes
|
|-heal|p1a: Tauros|83/100|[from] item: Leftovers
|turn|4
|
|move|p1a: Tauros|Will-O-Wisp|p2a: Samurott|[miss]
|-miss|p1a: Tauros|p2a: Samurott
|move|p2a: Samurott|Ceaseless Edge|p1a: Tauros
|-resisted|p1a: Tauros
|-damage|p1a: Tauros|68/100
|-sidestart|p1: The Worst (69)|Spikes
|
|-heal|p1a: Tauros|74/100|[from] item: Leftovers
|turn|5
|
|move|p1a: Tauros|Bulk Up|p1a: Tauros
|-boost|p1a: Tauros|atk|1
|-boost|p1a: Tauros|def|1
|move|p2a: Samurott|Razor Shell|p1a: Tauros
|-supereffective|p1a: Tauros
|-damage|p1a: Tauros|30/100
|
|-heal|p1a: Tauros|36/100|[from] item: Leftovers
|turn|6
|
|move|p1a: Tauros|Will-O-Wisp|p2a: Samurott
|-status|p2a: Samurott|brn
|move|p2a: Samurott|Razor Shell|p1a: Tauros
|-supereffective|p1a: Tauros
|-damage|p1a: Tauros|13/100
|-unboost|p1a: Tauros|def|1
|
|-heal|p1a: Tauros|19/100|[from] item: Leftovers
|-damage|p2a: Samurott|94/100 brn|[from] brn
|turn|7
|
|move|p1a: Tauros|Earthquake|p2a: Samurott
|-damage|p2a: Samurott|48/100 brn
|move|p2a: Samurott|Razor Shell|p1a: Tauros
|-supereffective|p1a: Tauros
|-damage|p1a: Tauros|0 fnt
|faint|p1a: Tauros
|
|-damage|p2a: Samurott|42/100 brn|[from] brn
|
|switch|p1a: Meowscarada|Meowscarada, M|100/100
|-damage|p1a: Meowscarada|76/100|[from] Spikes
|turn|8
|
|move|p2a: Samurott|Aqua Jet|p1a: Meowscarada
|-resisted|p1a: Meowscarada
|-damage|p1a: Meowscarada|71/100
|move|p1a: Meowscarada|U-turn|p2a: Samurott
|-start|p1a: Meowscarada|typechange|Bug|[from] ability: Protean
|-supereffective|p2a: Samurott
|-damage|p2a: Samurott|0 fnt
|faint|p2a: Samurott
|
|switch|p1a: Garchomp|Garchomp, F|100/100|[from] U-turn
|-damage|p1a: Garchomp|75/100|[from] Spikes
|
|
|switch|p2a: Dragapult|Dragapult, M|100/100
|turn|9
|
|switch|p1a: Volcanion|Volcanion|100/100
|-damage|p1a: Volcanion|76/100|[from] Spikes
|move|p2a: Dragapult|Reflect|p2a: Dragapult
|-sidestart|p2: Fr3ya|Reflect
|
|turn|10
|
|move|p2a: Dragapult|Light Screen|p2a: Dragapult
|-sidestart|p2: Fr3ya|move: Light Screen
|move|p1a: Volcanion|Steam Eruption|p2a: Dragapult
|-resisted|p2a: Dragapult
|-damage|p2a: Dragapult|84/100
|-status|p2a: Dragapult|brn
|-start|p1a: Volcanion|Disable|Steam Eruption|[from] ability: Cursed Body|[of] p2a: Dragapult
|
|-damage|p2a: Dragapult|78/100 brn|[from] brn
|turn|11
|
|switch|p1a: Meowscarada|Meowscarada, M|71/100
|-damage|p1a: Meowscarada|46/100|[from] Spikes
|move|p2a: Dragapult|U-turn|p1a: Meowscarada
|-supereffective|p1a: Meowscarada
|-damage|p1a: Meowscarada|0 fnt
|faint|p1a: Meowscarada
|
|switch|p2a: Sneasler|Sneasler, F|100/100|[from] U-turn
|-item|p2a: Sneasler|Air Balloon
|
|
|switch|p1a: Garchomp|Garchomp, F|75/100
|-damage|p1a: Garchomp|50/100|[from] Spikes
|turn|12
|
|move|p2a: Sneasler|Swords Dance|p2a: Sneasler
|-boost|p2a: Sneasler|atk|2
|move|p1a: Garchomp|Dragon Tail|p2a: Sneasler
|-damage|p2a: Sneasler|81/100
|-enditem|p2a: Sneasler|Air Balloon
|drag|p2a: Zamazenta|Zamazenta-Crowned|100/100
|-ability|p2a: Zamazenta|Dauntless Shield|boost
|-boost|p2a: Zamazenta|def|1
|
|turn|13
|
|move|p2a: Zamazenta|Body Press|p1a: Garchomp
|-damage|p1a: Garchomp|8/100
|-damage|p2a: Zamazenta|88/100|[from] ability: Rough Skin|[of] p1a: Garchomp
|-damage|p2a: Zamazenta|72/100|[from] item: Rocky Helmet|[of] p1a: Garchomp
|move|p1a: Garchomp|Dragon Tail|p2a: Zamazenta|[miss]
|-miss|p1a: Garchomp|p2a: Zamazenta
|
|turn|14
|
|-terastallize|p1a: Garchomp|Ghost
|move|p2a: Zamazenta|Body Press|p1a: Garchomp
|-immune|p1a: Garchomp
|move|p1a: Garchomp|Stealth Rock|p2a: Zamazenta
|-sidestart|p2: Fr3ya|move: Stealth Rock
|
|turn|15
|
|move|p2a: Zamazenta|Behemoth Bash|p1a: Garchomp
|-damage|p1a: Garchomp|0 fnt
|-damage|p2a: Zamazenta|59/100|[from] ability: Rough Skin|[of] p1a: Garchomp
|-damage|p2a: Zamazenta|43/100|[from] item: Rocky Helmet|[of] p1a: Garchomp
|faint|p1a: Garchomp
|
|
|switch|p1a: Volcanion|Volcanion|76/100
|-damage|p1a: Volcanion|51/100|[from] Spikes
|turn|16
|
|switch|p2a: Dragapult|Dragapult, M|78/100 brn
|-damage|p2a: Dragapult|66/100 brn|[from] Stealth Rock
|move|p1a: Volcanion|Flamethrower|p2a: Dragapult
|-resisted|p2a: Dragapult
|-damage|p2a: Dragapult|52/100 brn
|
|-damage|p2a: Dragapult|46/100 brn|[from] brn
|-sideend|p2: Fr3ya|Reflect
|turn|17
|
|switch|p1a: Chien-Pao|Chien-Pao|100/100
|-damage|p1a: Chien-Pao|76/100|[from] Spikes
|-ability|p1a: Chien-Pao|Sword of Ruin
|move|p2a: Dragapult|Reflect|p2a: Dragapult
|-sidestart|p2: Fr3ya|Reflect
|
|-damage|p2a: Dragapult|40/100 brn|[from] brn
|-sideend|p2: Fr3ya|move: Light Screen
|turn|18
|
|move|p2a: Dragapult|Light Screen|p2a: Dragapult
|-sidestart|p2: Fr3ya|move: Light Screen
|move|p1a: Chien-Pao|Crunch|p2a: Dragapult
|-supereffective|p2a: Dragapult
|-damage|p2a: Dragapult|0 fnt
|faint|p2a: Dragapult
|
|
|switch|p2a: Volcarona|Volcarona, F|100/100
|turn|19
|
|switch|p1a: Heatran|Heatran, M|100/100
|-damage|p1a: Heatran|76/100|[from] Spikes
|move|p2a: Volcarona|Quiver Dance|p2a: Volcarona
|-boost|p2a: Volcarona|spa|1
|-boost|p2a: Volcarona|spd|1
|-boost|p2a: Volcarona|spe|1
|
|turn|20
|
|-terastallize|p2a: Volcarona|Ground
|move|p2a: Volcarona|Tera Blast|p1a: Heatran
|-supereffective|p1a: Heatran
|-crit|p1a: Heatran
|-damage|p1a: Heatran|0 fnt
|faint|p1a: Heatran
|
|-message|The Worst (69) forfeited.
|
|win|Fr3ya
