# advantage = p2
|poke|p1|Kleavor, M|
|poke|p1|Samurott-Hisui, F|
|poke|p1|Corviknight, F|
|poke|p1|Regidrago|
|poke|p1|Gholdengo|
|poke|p1|Landorus-Therian, M|
|poke|p2|Samurott-Hisui, M|
|poke|p2|Dragapult, M|
|poke|p2|Sneasler, M|
|poke|p2|Magearna|
|poke|p2|Volcarona, M|
|poke|p2|Zamazenta-*|
|teampreview
|
|start
|switch|p1a: Kleavor|Kleavor, M|100/100
|switch|p2a: Samurott|Samurott-Hisui, M, shiny|100/100
|turn|1
|
|move|p1a: Kleavor|U-turn|p2a: Samurott
|-supereffective|p2a: Samurott
|-damage|p2a: Samurott|1/100
|
|switch|p1a: Corviknight|Corviknight, F|100/100|[from] U-turn
|-ability|p1a: Corviknight|Pressure
|move|p2a: Samurott|Razor Shell|p1a: Corviknight
|-damage|p1a: Corviknight|52/100
|
|-heal|p1a: Corviknight|58/100|[from] item: Leftovers
|turn|2
|
|move|p2a: Samurott|Ceaseless Edge|p1a: Corviknight
|-damage|p1a: Corviknight|20/100
|-sidestart|p1: p1|Spikes
|move|p1a: Corviknight|U-turn|p2a: Samurott
|-supereffective|p2a: Samurott
|-damage|p2a: Samurott|0 fnt
|faint|p2a: Samurott
|
|switch|p1a: Samurott|Samurott-Hisui, F|100/100|[from] U-turn
|-damage|p1a: Samurott|88/100|[from] Spikes
|
|
|switch|p2a: Sneasler|Sneasler, M|100/100
|-item|p2a: Sneasler|Air Balloon
|turn|3
|
|switch|p1a: Gholdengo|Gholdengo|100/100
|-damage|p1a: Gholdengo|88/100|[from] Spikes
|move|p2a: Sneasler|Swords Dance|p2a: Sneasler
|-boost|p2a: Sneasler|atk|2
|
|turn|4
|
|-terastallize|p2a: Sneasler|Flying
|move|p1a: Gholdengo|Trick|p2a: Sneasler
|-activate|p1a: Gholdengo|move: Trick|[of] p2a: Sneasler
|-item|p2a: Sneasler|Choice Scarf|[from] move: Trick
|-item|p1a: Gholdengo|Air Balloon
|-item|p1a: Gholdengo|Air Balloon|[from] move: Trick
|move|p2a: Sneasler|Acrobatics|p1a: Gholdengo
|-resisted|p1a: Gholdengo
|-damage|p1a: Gholdengo|47/100
|-enditem|p1a: Gholdengo|Air Balloon
|
|turn|5
|
|move|p2a: Sneasler|Acrobatics|p1a: Gholdengo
|-resisted|p1a: Gholdengo
|-damage|p1a: Gholdengo|9/100
|move|p1a: Gholdengo|Recover|p1a: Gholdengo
|-heal|p1a: Gholdengo|60/100
|
|turn|6
|
|move|p2a: Sneasler|Acrobatics|p1a: Gholdengo
|-resisted|p1a: Gholdengo
|-damage|p1a: Gholdengo|21/100
|move|p1a: Gholdengo|Trick|p2a: Sneasler
|-activate|p1a: Gholdengo|move: Trick|[of] p2a: Sneasler
|-enditem|p2a: Sneasler|Choice Scarf|[silent]|[from] move: Trick
|-item|p1a: Gholdengo|Choice Scarf|[from] move: Trick
|
|turn|7
|
|move|p2a: Sneasler|Acrobatics|p1a: Gholdengo
|-resisted|p1a: Gholdengo
|-damage|p1a: Gholdengo|0 fnt
|faint|p1a: Gholdengo
|
|
|switch|p1a: Landorus|Landorus-Therian, M|100/100
|-ability|p1a: Landorus|Intimidate|boost
|-unboost|p2a: Sneasler|atk|1
|turn|8
|
|switch|p1a: Corviknight|Corviknight, F|20/100
|-ability|p1a: Corviknight|Pressure
|move|p2a: Sneasler|Acrobatics|p1a: Corviknight
|-resisted|p1a: Corviknight
|-crit|p1a: Corviknight
|-damage|p1a: Corviknight|0 fnt
|faint|p1a: Corviknight
|
|
|switch|p1a: Kleavor|Kleavor, M|100/100
|-damage|p1a: Kleavor|88/100|[from] Spikes
|turn|9
|
|move|p2a: Sneasler|Close Combat|p1a: Kleavor
|-damage|p1a: Kleavor|0 fnt
|-unboost|p2a: Sneasler|def|1
|-unboost|p2a: Sneasler|spd|1
|faint|p1a: Kleavor
|
|-message|p1 forfeited.
|
|win|p2
