# advantage = p2
|poke|p1|Dragapult, M|
|poke|p1|Zamazenta-*|
|poke|p1|Volcarona, M|
|poke|p1|Moltres-Galar|
|poke|p1|Garchomp, M|
|poke|p1|Sneasler, M|
|poke|p2|Ceruledge, M|
|poke|p2|Cinderace, F|
|poke|p2|Skeledirge, M|
|poke|p2|Volcanion|
|poke|p2|Heatran, M|
|poke|p2|Arcanine-Hisui, M|
|teampreview
|
|start
|switch|p1a: dragon pult!|Dragapult, M|100/100
|switch|p2a: Gluttony|Heatran, M|100/100
|turn|1
|
|move|p1a: dragon pult!|Light Screen|p1a: dragon pult!
|-sidestart|p1: p1|move: Light Screen
|move|p2a: Gluttony|Taunt|p1a: dragon pult!
|-start|p1a: dragon pult!|move: Taunt
|
|turn|2
|
|move|p1a: dragon pult!|Shadow Ball|p2a: Gluttony
|-damage|p2a: Gluttony|82/100
|move|p2a: Gluttony|Stealth Rock|p1a: dragon pult!
|-sidestart|p1: p1|move: Stealth Rock
|
|-heal|p2a: Gluttony|88/100|[from] item: Leftovers
|turn|3
|
|move|p1a: dragon pult!|Shadow Ball|p2a: Gluttony
|-damage|p2a: Gluttony|71/100
|-unboost|p2a: Gluttony|spd|1
|move|p2a: Gluttony|Magma Storm|p1a: dragon pult!
|-resisted|p1a: dragon pult!
|-crit|p1a: dragon pult!
|-damage|p1a: dragon pult!|61/100
|-activate|p1a: dragon pult!|move: Magma Storm|[of] p2a: Gluttony
|
|-heal|p2a: Gluttony|77/100|[from] item: Leftovers
|-damage|p1a: dragon pult!|49/100|[from] move: Magma Storm|[partiallytrapped]
|turn|4
|
|switch|p2a: Sloth|Skeledirge, M|100/100
|move|p1a: dragon pult!|Shadow Ball|p2a: Sloth
|-supereffective|p2a: Sloth
|-damage|p2a: Sloth|42/100
|
|-end|p1a: dragon pult!|Magma Storm|[partiallytrapped]|[silent]
|-end|p1a: dragon pult!|move: Taunt
|turn|5
|
|switch|p2a: Greed|Volcanion|100/100
|move|p1a: dragon pult!|Shadow Ball|p2a: Greed
|-damage|p2a: Greed|73/100
|
|-heal|p2a: Greed|79/100|[from] item: Leftovers
|turn|6
|
|move|p1a: dragon pult!|Curse|p2a: Greed
|-start|p2a: Greed|Curse|[of] p1a: dragon pult!
|-damage|p1a: dragon pult!|0 fnt
|faint|p1a: dragon pult!
|move|p2a: Greed|Will-O-Wisp|p1: dragon pult!|[notarget]
|-fail|p2a: Greed
|
|-heal|p2a: Greed|85/100|[from] item: Leftovers
|-damage|p2a: Greed|61/100|[from] Curse
|
|switch|p1a: Blindsided|Volcarona, M|100/100
|turn|7
|
|move|p1a: Blindsided|Quiver Dance|p1a: Blindsided
|-boost|p1a: Blindsided|spa|1
|-boost|p1a: Blindsided|spd|1
|-boost|p1a: Blindsided|spe|1
|move|p2a: Greed|Steam Eruption|p1a: Blindsided
|-supereffective|p1a: Blindsided
|-damage|p1a: Blindsided|58/100
|
|-heal|p2a: Greed|67/100|[from] item: Leftovers
|-damage|p2a: Greed|42/100|[from] Curse
|turn|8
|
|move|p1a: Blindsided|Psychic|p2a: Greed
|-damage|p2a: Greed|0 fnt
|faint|p2a: Greed
|
|-sideend|p1: p1|move: Light Screen
|
|switch|p2a: Pride|Arcanine-Hisui, M|100/100
|turn|9
|
|-terastallize|p1a: Blindsided|Ground
|move|p1a: Blindsided|Tera Blast|p2a: Pride
|-supereffective|p2a: Pride
|-damage|p2a: Pride|0 fnt
|faint|p2a: Pride
|
|
|switch|p2a: Lust|Cinderace, F|100/100
|turn|10
|
|move|p1a: Blindsided|Tera Blast|p2a: Lust
|-supereffective|p2a: Lust
|-damage|p2a: Lust|0 fnt
|faint|p2a: Lust
|
|
|switch|p2a: Wrath|Ceruledge, M|100/100
|turn|11
|
|move|p1a: Blindsided|Tera Blast|p2a: Wrath
|-supereffective|p2a: Wrath
|-enditem|p2a: Wrath|Focus Sash
|-damage|p2a: Wrath|1/100
|move|p2a: Wrath|Close Combat|p1a: Blindsided
|-damage|p1a: Blindsided|0 fnt
|-unboost|p2a: Wrath|def|1
|-unboost|p2a: Wrath|spd|1
|faint|p1a: Blindsided
|
|
|switch|p1a: The Shield|Zamazenta|100/100
|-damage|p1a: The Shield|94/100|[from] Stealth Rock
|-ability|p1a: The Shield|Dauntless Shield|boost
|-boost|p1a: The Shield|def|1
|turn|12
|
|move|p1a: The Shield|Crunch|p2a: Wrath
|-supereffective|p2a: Wrath
|-damage|p2a: Wrath|0 fnt
|faint|p2a: Wrath
|
|-heal|p1a: The Shield|100/100|[from] item: Leftovers
|
|switch|p2a: Sloth|Skeledirge, M|42/100
|turn|13
|
|-terastallize|p2a: Sloth|Fire
|move|p1a: The Shield|Substitute|p1a: The Shield
|-start|p1a: The Shield|Substitute
|-damage|p1a: The Shield|75/100
|move|p2a: Sloth|Torch Song|p1a: The Shield
|-damage|p1a: The Shield|44/100
|-boost|p2a: Sloth|spa|1
|-enditem|p2a: Sloth|Throat Spray
|-boost|p2a: Sloth|spa|1|[from] item: Throat Spray
|
|-heal|p1a: The Shield|50/100|[from] item: Leftovers
|turn|14
|
|move|p1a: The Shield|Body Press|p2a: Sloth
|-crit|p2a: Sloth
|-damage|p2a: Sloth|6/100
|move|p2a: Sloth|Slack Off|p2a: Sloth
|-heal|p2a: Sloth|56/100
|
|-heal|p1a: The Shield|56/100|[from] item: Leftovers
|turn|15
|
|move|p1a: The Shield|Iron Defense|p1a: The Shield
|-boost|p1a: The Shield|def|2
|move|p2a: Sloth|Slack Off|p2a: Sloth
|-heal|p2a: Sloth|100/100
|
|-heal|p1a: The Shield|62/100|[from] item: Leftovers
|turn|16
|
|move|p1a: The Shield|Body Press|p2a: Sloth
|-damage|p2a: Sloth|76/100
|move|p2a: Sloth|Torch Song|p1a: The Shield
|-damage|p1a: The Shield|0 fnt
|-boost|p2a: Sloth|spa|1
|faint|p1a: The Shield
|
|
|switch|p1a: Garchomp|Garchomp, M|100/100
|-damage|p1a: Garchomp|94/100|[from] Stealth Rock
|turn|17
|
|move|p1a: Garchomp|Earthquake|p2a: Sloth
|-supereffective|p2a: Sloth
|-damage|p2a: Sloth|0 fnt
|faint|p2a: Sloth
|-damage|p1a: Garchomp|85/100|[from] item: Life Orb
|
|
|switch|p2a: Gluttony|Heatran, M|77/100
|turn|18
|
|move|p1a: Garchomp|Earthquake|p2a: Gluttony
|-supereffective|p2a: Gluttony
|-damage|p2a: Gluttony|0 fnt
|faint|p2a: Gluttony
|-damage|p1a: Garchomp|75/100|[from] item: Life Orb
|
|win|p1
