|poke|p1|Landorus-Therian, M|
|poke|p1|Tyranitar, M|
|poke|p1|Zapdos|
|poke|p1|Meowscarada, F|
|poke|p1|Cinderace, M|
|poke|p1|Sneasler, F|
|poke|p2|Chien-Pao|
|poke|p2|Urshifu-*, F|
|poke|p2|Corviknight, M|
|poke|p2|Magearna|
|poke|p2|Volcanion|
|poke|p2|Landorus-Therian, M|
|teampreview
|
|start
|switch|p1a: Cinderace|Cinderace, M|100/100
|switch|p2a: Landorus|Landorus-Therian, M|100/100
|-ability|p2a: Landorus|Intimidate|boost
|-unboost|p1a: Cinderace|atk|1
|turn|1
|
|switch|p1a: Landorus|Landorus-Therian, M|100/100
|-ability|p1a: Landorus|Intimidate|boost
|-unboost|p2a: Landorus|atk|1
|move|p2a: Landorus|Smack Down|p1a: Landorus
|-damage|p1a: Landorus|92/100
|-start|p1a: Landorus|Smack Down
|
|-heal|p1a: Landorus|98/100|[from] item: Leftovers
|turn|2
|
|move|p2a: Landorus|Earthquake|p1a: Landorus
|-damage|p1a: Landorus|70/100
|move|p1a: Landorus|U-turn|p2a: Landorus
|-resisted|p2a: Landorus
|-damage|p2a: Landorus|87/100
|
|switch|p1a: Meowscarada|Meowscarada, F|100/100|[from] U-turn
|
|turn|3
|
|switch|p2a: Corviknight|Corviknight, M|100/100
|-ability|p2a: Corviknight|Pressure
|move|p1a: Meowscarada|U-turn|p2a: Corviknight
|-start|p1a: Meowscarada|typechange|Bug|[from] ability: Protean
|-resisted|p2a: Corviknight
|-damage|p2a: Corviknight|96/100
|-damage|p1a: Meowscarada|84/100|[from] item: Rocky Helmet|[of] p2a: Corviknight
|
|switch|p1a: Cinderace|Cinderace, M|100/100|[from] U-turn
|
|turn|4
|
|switch|p2a: Landorus|Landorus-Therian, M|87/100
|-ability|p2a: Landorus|Intimidate|boost
|-unboost|p1a: Cinderace|atk|1
|move|p1a: Cinderace|U-turn|p2a: Landorus
|-start|p1a: Cinderace|typechange|Bug|[from] ability: Libero
|-resisted|p2a: Landorus
|-damage|p2a: Landorus|66/100
|
|switch|p1a: Zapdos|Zapdos|100/100|[from] U-turn
|
|turn|5
|
|move|p2a: Landorus|Smack Down|p1a: Zapdos
|-supereffective|p1a: Zapdos
|-damage|p1a: Zapdos|63/100
|-start|p1a: Zapdos|Smack Down
|move|p1a: Zapdos|Hurricane|p2a: Landorus
|-damage|p2a: Landorus|0 fnt
|faint|p2a: Landorus
|
|
|switch|p2a: Magearna|Magearna|100/100
|turn|6
|
|move|p2a: Magearna|Calm Mind|p2a: Magearna
|-boost|p2a: Magearna|spa|1
|-boost|p2a: Magearna|spd|1
|move|p1a: Zapdos|U-turn|p2a: Magearna
|-resisted|p2a: Magearna
|-damage|p2a: Magearna|98/100
|
|switch|p1a: Cinderace|Cinderace, M|100/100|[from] U-turn
|
|-heal|p2a: Magearna|100/100|[from] item: Leftovers
|turn|7
|
|-terastallize|p2a: Magearna|Water
|move|p1a: Cinderace|Pyro Ball|p2a: Magearna
|-resisted|p2a: Magearna
|-damage|p2a: Magearna|62/100
|move|p2a: Magearna|Shift Gear|p2a: Magearna
|-boost|p2a: Magearna|spe|2
|-boost|p2a: Magearna|atk|1
|
|-heal|p2a: Magearna|68/100|[from] item: Leftovers
|turn|8
|
|switch|p1a: Landorus|Landorus-Therian, M|70/100
|-ability|p1a: Landorus|Intimidate|boost
|-unboost|p2a: Magearna|atk|1
|move|p2a: Magearna|Stored Power|p1a: Landorus
|-damage|p1a: Landorus|20/100
|
|-heal|p2a: Magearna|74/100|[from] item: Leftovers
|-heal|p1a: Landorus|26/100|[from] item: Leftovers
|turn|9
|
|move|p2a: Magearna|Draining Kiss|p1a: Landorus
|-damage|p1a: Landorus|0 fnt
|-heal|p2a: Magearna|94/100|[from] drain|[of] p1a: Landorus
|faint|p1a: Landorus
|-ability|p2a: Magearna|Soul-Heart|boost
|-boost|p2a: Magearna|spa|1
|
|-heal|p2a: Magearna|99/100|[from] item: Leftovers
|
|switch|p1a: Meowscarada|Meowscarada, F|84/100
|turn|10
|
|-terastallize|p1a: Meowscarada|Grass
|move|p1a: Meowscarada|Flower Trick|p2a: Magearna
|-supereffective|p2a: Magearna
|-crit|p2a: Magearna
|-damage|p2a: Magearna|0 fnt
|faint|p2a: Magearna
|
|
|switch|p2a: Corviknight|Corviknight, M|96/100
|-ability|p2a: Corviknight|Pressure
|turn|11
|
|switch|p1a: Zapdos|Zapdos|63/100
|move|p2a: Corviknight|U-turn|p1a: Zapdos
|-resisted|p1a: Zapdos
|-damage|p1a: Zapdos|56/100
|
|switch|p2a: Chien-Pao|Chien-Pao|100/100|[from] U-turn
|-ability|p2a: Chien-Pao|Sword of Ruin
|
|turn|12
|
|move|p2a: Chien-Pao|Ice Spinner|p1a: Zapdos
|-supereffective|p1a: Zapdos
|-damage|p1a: Zapdos|0 fnt
|faint|p1a: Zapdos
|-damage|p2a: Chien-Pao|91/100|[from] item: Life Orb
|
|
|switch|p1a: Cinderace|Cinderace, M|100/100
|turn|13
|
|move|p2a: Chien-Pao|Crunch|p1a: Cinderace
|-damage|p1a: Cinderace|0 fnt
|faint|p1a: Cinderace
|-damage|p2a: Chien-Pao|81/100|[from] item: Life Orb
|
|
|switch|p1a: Sneasler|Sneasler, F|100/100
|turn|14
|
|move|p2a: Chien-Pao|Ice Spinner|p1a: Sneasler
|-damage|p1a: Sneasler|0 fnt
|faint|p1a: Sneasler
|-damage|p2a: Chien-Pao|71/100|[from] item: Life Orb
|
|
|switch|p1a: Meowscarada|Meowscarada, F, tera:Grass|84/100
|turn|15
|
|move|p1a: Meowscarada|Knock Off|p2a: Chien-Pao
|-resisted|p2a: Chien-Pao
|-damage|p2a: Chien-Pao|38/100
|-enditem|p2a: Chien-Pao|Life Orb|[from] move: Knock Off|[of] p1a: Meowscarada
|move|p2a: Chien-Pao|Ice Spinner|p1a: Meowscarada
|-supereffective|p1a: Meowscarada
|-damage|p1a: Meowscarada|0 fnt
|faint|p1a: Meowscarada
|
|-message|dadben forfeited.
|
|win|TheNutmeg33
