|poke|p1|Glimmora, M|
|poke|p1|Garganacl, F|
|poke|p1|Skeledirge, F|
|poke|p1|Landorus-Therian, M|
|poke|p1|Dondozo, M|
|poke|p1|Hydreigon, F|
|poke|p2|Corviknight, F|
|poke|p2|Slowking-Galar, F|
|poke|p2|Zamazenta-*|
|poke|p2|Gholdengo|
|poke|p2|Urshifu-*, F|
|poke|p2|Ting-Lu|
|teampreview
|
|start
|switch|p1a: Hydreigon|Hydreigon, F|100/100
|switch|p2a: Corviknight|Corviknight, F|100/100
|-ability|p2a: Corviknight|Pressure
|turn|1
|
|move|p1a: Hydreigon|Dark Pulse|p2a: Corviknight
|-damage|p2a: Corviknight|60/100
|move|p2a: Corviknight|U-turn|p1a: Hydreigon
|-supereffective|p1a: Hydreigon
|-damage|p1a: Hydreigon|68/100
|
|switch|p2a: Ting-Lu|Ting-Lu|100/100|[from] U-turn
|-ability|p2a: Ting-Lu|Vessel of Ruin
|
|-heal|p1a: Hydreigon|74/100|[from] item: Leftovers
|turn|2
|
|move|p1a: Hydreigon|Nasty Plot|p1a: Hydreigon
|-boost|p1a: Hydreigon|spa|2
|move|p2a: Ting-Lu|Stealth Rock|p1a: Hydreigon
|-sidestart|p1: p1|move: Stealth Rock
|
|-heal|p1a: Hydreigon|80/100|[from] item: Leftovers
|turn|3
|
|move|p1a: Hydreigon|Draco Meteor|p2a: Ting-Lu|[miss]
|-miss|p1a: Hydreigon|p2a: Ting-Lu
|move|p2a: Ting-Lu|Whirlwind|p1a: Hydreigon
|drag|p1a: Glimmora|Glimmora, M|100/100
|-damage|p1a: Glimmora|88/100|[from] Stealth Rock
|
|-heal|p1a: Glimmora|94/100|[from] item: Leftovers
|turn|4
|
|-terastallize|p1a: Glimmora|Flying
|move|p1a: Glimmora|Toxic|p2a: Ting-Lu
|-status|p2a: Ting-Lu|tox
|move|p2a: Ting-Lu|Earthquake|p1a: Glimmora
|-immune|p1a: Glimmora
|
|-heal|p1a: Glimmora|100/100|[from] item: Leftovers
|-damage|p2a: Ting-Lu|94/100 tox|[from] psn
|turn|5
|
|move|p1a: Glimmora|Mortal Spin|p2a: Ting-Lu
|-resisted|p2a: Ting-Lu
|-damage|p2a: Ting-Lu|93/100 tox
|-sideend|p1: p1|Stealth Rock|[from] move: Mortal Spin|[of] p1a: Glimmora
|move|p2a: Ting-Lu|Whirlwind|p1a: Glimmora
|drag|p1a: Garganacl|Garganacl, F|100/100
|
|-heal|p2a: Ting-Lu|99/100 tox|[from] item: Leftovers
|-damage|p2a: Ting-Lu|86/100 tox|[from] psn
|turn|6
|
|switch|p2a: Corviknight|Corviknight, F|60/100
|-ability|p2a: Corviknight|Pressure
|move|p1a: Garganacl|Block|p2a: Corviknight
|-activate|p2a: Corviknight|trapped
|
|turn|7
|
|move|p2a: Corviknight|Roost|p2a: Corviknight
|-heal|p2a: Corviknight|100/100
|-singleturn|p2a: Corviknight|move: Roost
|move|p1a: Garganacl|Salt Cure|p2a: Corviknight
|-resisted|p2a: Corviknight
|-damage|p2a: Corviknight|96/100
|-start|p2a: Corviknight|Salt Cure
|
|-damage|p2a: Corviknight|71/100|[from] Salt Cure
|turn|8
|
|move|p2a: Corviknight|U-turn|p1a: Garganacl
|-damage|p1a: Garganacl|90/100
|
|switch|p2a: Gholdengo|Gholdengo|100/100|[from] U-turn
|move|p1a: Garganacl|Salt Cure|p2a: Gholdengo
|-resisted|p2a: Gholdengo
|-damage|p2a: Gholdengo|94/100
|
|-heal|p1a: Garganacl|97/100|[from] item: Leftovers
|turn|9
|
|switch|p1a: Hydreigon|Hydreigon, F|80/100
|move|p2a: Gholdengo|Shadow Ball|p1a: Hydreigon
|-resisted|p1a: Hydreigon
|-damage|p1a: Hydreigon|56/100
|
|-heal|p1a: Hydreigon|62/100|[from] item: Leftovers
|turn|10
|
|switch|p2a: Ting-Lu|Ting-Lu|86/100 tox
|-ability|p2a: Ting-Lu|Vessel of Ruin
|move|p1a: Hydreigon|Dark Pulse|p2a: Ting-Lu
|-resisted|p2a: Ting-Lu
|-damage|p2a: Ting-Lu|78/100 tox
|
|-heal|p1a: Hydreigon|68/100|[from] item: Leftovers
|-heal|p2a: Ting-Lu|84/100 tox|[from] item: Leftovers
|-damage|p2a: Ting-Lu|78/100 tox|[from] psn
|turn|11
|
|move|p1a: Hydreigon|Nasty Plot|p1a: Hydreigon
|-boost|p1a: Hydreigon|spa|2
|move|p2a: Ting-Lu|Whirlwind|p1a: Hydreigon
|drag|p1a: Dondozo|Dondozo, M|100/100
|
|-heal|p2a: Ting-Lu|84/100 tox|[from] item: Leftovers
|-damage|p2a: Ting-Lu|72/100 tox|[from] psn
|turn|12
|
|switch|p2a: Slowking|Slowking-Galar, F|100/100
|move|p1a: Dondozo|Body Press|p2a: Slowking
|-resisted|p2a: Slowking
|-damage|p2a: Slowking|94/100
|
|turn|13
|
|switch|p1a: Glimmora|Glimmora, M, tera:Flying|100/100
|move|p2a: Slowking|Future Sight|p1a: Glimmora
|-start|p2a: Slowking|move: Future Sight
|
|turn|14
|
|move|p1a: Glimmora|Toxic|p2a: Slowking
|-status|p2a: Slowking|tox
|move|p2a: Slowking|Chilly Reception|p2a: Slowking
|-weather|Snow
|
|switch|p2a: Urshifu|Urshifu-Rapid-Strike, F|100/100|[from] Chilly Reception
|
|-weather|Snow|[upkeep]
|turn|15
|
|switch|p1a: Dondozo|Dondozo, M|100/100
|move|p2a: Urshifu|Surging Strikes|p1a: Dondozo
|-resisted|p1a: Dondozo
|-crit|p1a: Dondozo
|-damage|p1a: Dondozo|95/100
|-resisted|p1a: Dondozo
|-crit|p1a: Dondozo
|-damage|p1a: Dondozo|90/100
|-resisted|p1a: Dondozo
|-crit|p1a: Dondozo
|-damage|p1a: Dondozo|85/100
|-hitcount|p1a: Dondozo|3
|
|-weather|Snow|[upkeep]
|-end|p1a: Dondozo|move: Future Sight
|-damage|p1a: Dondozo|45/100
|-heal|p1a: Dondozo|51/100|[from] item: Leftovers
|turn|16
|
|move|p2a: Urshifu|Thunder Punch|p1a: Dondozo
|-supereffective|p1a: Dondozo
|-damage|p1a: Dondozo|26/100
|move|p1a: Dondozo|Rest|p1a: Dondozo
|-status|p1a: Dondozo|slp|[from] move: Rest
|-heal|p1a: Dondozo|100/100 slp|[silent]
|
|-weather|Snow|[upkeep]
|turn|17
|
|switch|p2a: Slowking|Slowking-Galar, F|100/100 tox
|cant|p1a: Dondozo|slp
|
|-weather|Snow|[upkeep]
|-damage|p2a: Slowking|94/100 tox|[from] psn
|turn|18
|
|switch|p1a: Landorus|Landorus-Therian, M|100/100
|-ability|p1a: Landorus|Intimidate|boost
|-unboost|p2a: Slowking|atk|1
|move|p2a: Slowking|Future Sight|p1a: Landorus
|-start|p2a: Slowking|move: Future Sight
|
|-weather|none
|-damage|p2a: Slowking|82/100 tox|[from] psn
|turn|19
|
|switch|p2a: Corviknight|Corviknight, F|71/100
|-ability|p2a: Corviknight|Pressure
|move|p1a: Landorus|Stealth Rock|p2a: Corviknight
|-sidestart|p2: p2|move: Stealth Rock
|
|turn|20
|
|move|p1a: Landorus|U-turn|p2a: Corviknight
|-resisted|p2a: Corviknight
|-damage|p2a: Corviknight|68/100
|-damage|p1a: Landorus|84/100|[from] item: Rocky Helmet|[of] p2a: Corviknight
|
|switch|p1a: Hydreigon|Hydreigon, F|68/100|[from] U-turn
|move|p2a: Corviknight|Defog|p1a: Hydreigon
|-unboost|p1a: Hydreigon|evasion|1
|-sideend|p2: p2|Stealth Rock|[from] move: Defog|[of] p2a: Corviknight
|
|-end|p1a: Hydreigon|move: Future Sight
|-immune|p1a: Hydreigon
|-heal|p1a: Hydreigon|74/100|[from] item: Leftovers
|turn|21
|
|move|p1a: Hydreigon|Dark Pulse|p2a: Corviknight
|-damage|p2a: Corviknight|31/100
|move|p2a: Corviknight|Body Press|p1a: Hydreigon
|-supereffective|p1a: Hydreigon
|-damage|p1a: Hydreigon|13/100
|
|-heal|p1a: Hydreigon|20/100|[from] item: Leftovers
|turn|22
|
|switch|p2a: Ting-Lu|Ting-Lu|72/100 tox
|-ability|p2a: Ting-Lu|Vessel of Ruin
|move|p1a: Hydreigon|Draco Meteor|p2a: Ting-Lu
|-crit|p2a: Ting-Lu
|-damage|p2a: Ting-Lu|29/100 tox
|-unboost|p1a: Hydreigon|spa|2
|
|-heal|p1a: Hydreigon|26/100|[from] item: Leftovers
|-heal|p2a: Ting-Lu|35/100 tox|[from] item: Leftovers
|-damage|p2a: Ting-Lu|29/100 tox|[from] psn
|turn|23
|
|move|p1a: Hydreigon|Nasty Plot|p1a: Hydreigon
|-boost|p1a: Hydreigon|spa|2
|move|p2a: Ting-Lu|Stealth Rock|p1a: Hydreigon
|-sidestart|p1: p1|move: Stealth Rock
|
|-heal|p1a: Hydreigon|32/100|[from] item: Leftovers
|-heal|p2a: Ting-Lu|35/100 tox|[from] item: Leftovers
|-damage|p2a: Ting-Lu|23/100 tox|[from] psn
|turn|24
|
|move|p1a: Hydreigon|Draco Meteor|p2a: Ting-Lu
|-damage|p2a: Ting-Lu|0 fnt
|-unboost|p1a: Hydreigon|spa|2
|faint|p2a: Ting-Lu
|
|-heal|p1a: Hydreigon|38/100|[from] item: Leftovers
|
|switch|p2a: Urshifu|Urshifu-Rapid-Strike, F|100/100
|turn|25
|
|switch|p1a: Dondozo|Dondozo, M|100/100 slp
|-damage|p1a: Dondozo|88/100 slp|[from] Stealth Rock
|move|p2a: Urshifu|Close Combat|p1a: Dondozo
|-damage|p1a: Dondozo|60/100 slp
|-unboost|p2a: Urshifu|def|1
|-unboost|p2a: Urshifu|spd|1
|
|-heal|p1a: Dondozo|67/100 slp|[from] item: Leftovers
|turn|26
|
|switch|p2a: Slowking|Slowking-Galar, F|100/100 tox
|cant|p1a: Dondozo|slp
|
|-heal|p1a: Dondozo|73/100 slp|[from] item: Leftovers
|-damage|p2a: Slowking|94/100 tox|[from] psn
|turn|27
|
|switch|p1a: Glimmora|Glimmora, M, tera:Flying|100/100
|-damage|p1a: Glimmora|76/100|[from] Stealth Rock
|move|p2a: Slowking|Future Sight|p1a: Glimmora
|-start|p2a: Slowking|move: Future Sight
|
|-heal|p1a: Glimmora|82/100|[from] item: Leftovers
|-damage|p2a: Slowking|82/100 tox|[from] psn
|turn|28
|
|switch|p2a: Gholdengo|Gholdengo|94/100
|move|p1a: Glimmora|Mortal Spin|p2a: Gholdengo
|-immune|p2a: Gholdengo
|
|-heal|p1a: Glimmora|88/100|[from] item: Leftovers
|turn|29
|
|switch|p1a: Garganacl|Garganacl, F|97/100
|-damage|p1a: Garganacl|84/100|[from] Stealth Rock
|move|p2a: Gholdengo|Make It Rain|p1a: Garganacl
|-supereffective|p1a: Garganacl
|-damage|p1a: Garganacl|12/100
|-unboost|p2a: Gholdengo|spa|1
|
|-end|p1a: Garganacl|move: Future Sight
|-damage|p1a: Garganacl|0 fnt
|faint|p1a: Garganacl
|
|switch|p1a: Landorus|Landorus-Therian, M|84/100
|-damage|p1a: Landorus|72/100|[from] Stealth Rock
|-ability|p1a: Landorus|Intimidate|boost
|-unboost|p2a: Gholdengo|atk|1
|turn|30
|
|switch|p2a: Corviknight|Corviknight, F|31/100
|-ability|p2a: Corviknight|Pressure
|move|p1a: Landorus|Stealth Rock|p2a: Corviknight
|-sidestart|p2: p2|move: Stealth Rock
|
|turn|31
|
|move|p1a: Landorus|Taunt|p2a: Corviknight
|-start|p2a: Corviknight|move: Taunt
|cant|p2a: Corviknight|move: Taunt|Roost
|
|turn|32
|
|switch|p1a: Skeledirge|Skeledirge, F|100/100
|move|p2a: Corviknight|U-turn|p1a: Skeledirge
|-resisted|p1a: Skeledirge
|-damage|p1a: Skeledirge|98/100
|
|switch|p2a: Urshifu|Urshifu-Rapid-Strike, F|100/100|[from] U-turn
|-damage|p2a: Urshifu|94/100|[from] Stealth Rock
|
|turn|33
|
|switch|p1a: Dondozo|Dondozo, M|73/100 slp
|-damage|p1a: Dondozo|60/100 slp|[from] Stealth Rock
|move|p2a: Urshifu|Surging Strikes|p1a: Dondozo
|-resisted|p1a: Dondozo
|-crit|p1a: Dondozo
|-damage|p1a: Dondozo|55/100 slp
|-resisted|p1a: Dondozo
|-crit|p1a: Dondozo
|-damage|p1a: Dondozo|51/100 slp
|-resisted|p1a: Dondozo
|-crit|p1a: Dondozo
|-damage|p1a: Dondozo|46/100 slp
|-hitcount|p1a: Dondozo|3
|
|-heal|p1a: Dondozo|52/100 slp|[from] item: Leftovers
|turn|34
|
|move|p2a: Urshifu|Thunder Punch|p1a: Dondozo
|-supereffective|p1a: Dondozo
|-damage|p1a: Dondozo|24/100 slp
|-curestatus|p1a: Dondozo|slp|[msg]
|move|p1a: Dondozo|Liquidation|p2a: Urshifu
|-resisted|p2a: Urshifu
|-damage|p2a: Urshifu|81/100
|-unboost|p2a: Urshifu|def|1
|
|-heal|p1a: Dondozo|30/100|[from] item: Leftovers
|turn|35
|
|switch|p2a: Gholdengo|Gholdengo|94/100
|-damage|p2a: Gholdengo|88/100|[from] Stealth Rock
|move|p1a: Dondozo|Rest|p1a: Dondozo
|-status|p1a: Dondozo|slp|[from] move: Rest
|-heal|p1a: Dondozo|100/100 slp|[silent]
|
|turn|36
|
|switch|p1a: Landorus|Landorus-Therian, M|72/100
|-damage|p1a: Landorus|59/100|[from] Stealth Rock
|-ability|p1a: Landorus|Intimidate|boost
|-unboost|p2a: Gholdengo|atk|1
|move|p2a: Gholdengo|Shadow Ball|p1a: Landorus
|-damage|p1a: Landorus|20/100
|
|turn|37
|
|switch|p2a: Corviknight|Corviknight, F|31/100
|-damage|p2a: Corviknight|19/100|[from] Stealth Rock
|-ability|p2a: Corviknight|Pressure
|move|p1a: Landorus|Earthquake|p2a: Corviknight
|-immune|p2a: Corviknight
|
|turn|38
|
|switch|p1a: Skeledirge|Skeledirge, F|98/100
|move|p2a: Corviknight|U-turn|p1a: Skeledirge
|-resisted|p1a: Skeledirge
|-damage|p1a: Skeledirge|95/100
|
|switch|p2a: Urshifu|Urshifu-Rapid-Strike, F|81/100|[from] U-turn
|-damage|p2a: Urshifu|75/100|[from] Stealth Rock
|
|turn|39
|
|switch|p1a: Dondozo|Dondozo, M|100/100 slp
|-damage|p1a: Dondozo|88/100 slp|[from] Stealth Rock
|move|p2a: Urshifu|Surging Strikes|p1a: Dondozo
|-resisted|p1a: Dondozo
|-crit|p1a: Dondozo
|-damage|p1a: Dondozo|83/100 slp
|-resisted|p1a: Dondozo
|-crit|p1a: Dondozo
|-damage|p1a: Dondozo|79/100 slp
|-resisted|p1a: Dondozo
|-crit|p1a: Dondozo
|-damage|p1a: Dondozo|73/100 slp
|-hitcount|p1a: Dondozo|3
|
|-heal|p1a: Dondozo|79/100 slp|[from] item: Leftovers
|turn|40
|
|switch|p2a: Gholdengo|Gholdengo|88/100
|-damage|p2a: Gholdengo|82/100|[from] Stealth Rock
|cant|p1a: Dondozo|slp
|
|-heal|p1a: Dondozo|86/100 slp|[from] item: Leftovers
|turn|41
|
|switch|p1a: Landorus|Landorus-Therian, M|20/100
|-damage|p1a: Landorus|8/100|[from] Stealth Rock
|-ability|p1a: Landorus|Intimidate|boost
|-unboost|p2a: Gholdengo|atk|1
|move|p2a: Gholdengo|Shadow Ball|p1a: Landorus
|-damage|p1a: Landorus|0 fnt
|faint|p1a: Landorus
|
|
|switch|p1a: Hydreigon|Hydreigon, F|38/100
|-damage|p1a: Hydreigon|26/100|[from] Stealth Rock
|turn|42
|
|switch|p2a: Corviknight|Corviknight, F|19/100
|-damage|p2a: Corviknight|7/100|[from] Stealth Rock
|-ability|p2a: Corviknight|Pressure
|move|p1a: Hydreigon|Dark Pulse|p2a: Corviknight
|-damage|p2a: Corviknight|0 fnt
|faint|p2a: Corviknight
|
|-heal|p1a: Hydreigon|32/100|[from] item: Leftovers
|
|switch|p2a: Slowking|Slowking-Galar, F|100/100 tox
|turn|43
|
|move|p1a: Hydreigon|Dark Pulse|p2a: Slowking
|-supereffective|p2a: Slowking
|-damage|p2a: Slowking|53/100 tox
|move|p2a: Slowking|Sludge Bomb|p1a: Hydreigon
|-damage|p1a: Hydreigon|0 fnt
|faint|p1a: Hydreigon
|
|-damage|p2a: Slowking|47/100 tox|[from] psn
|
|switch|p1a: Glimmora|Glimmora, M, tera:Flying|88/100
|-damage|p1a: Glimmora|63/100|[from] Stealth Rock
|turn|44
|
|switch|p2a: Gholdengo|Gholdengo|82/100
|-damage|p2a: Gholdengo|76/100|[from] Stealth Rock
|move|p1a: Glimmora|Earth Power|p2a: Gholdengo
|-supereffective|p2a: Gholdengo
|-damage|p2a: Gholdengo|25/100
|
|-heal|p1a: Glimmora|69/100|[from] item: Leftovers
|turn|45
|
|switch|p2a: Urshifu|Urshifu-Rapid-Strike, F|75/100
|-damage|p2a: Urshifu|69/100|[from] Stealth Rock
|move|p1a: Glimmora|Earth Power|p2a: Urshifu
|-damage|p2a: Urshifu|31/100
|-unboost|p2a: Urshifu|spd|1
|
|-heal|p1a: Glimmora|76/100|[from] item: Leftovers
|turn|46
|
|switch|p1a: Dondozo|Dondozo, M|86/100 slp
|-damage|p1a: Dondozo|73/100 slp|[from] Stealth Rock
|move|p2a: Urshifu|Surging Strikes|p1a: Dondozo
|-resisted|p1a: Dondozo
|-crit|p1a: Dondozo
|-damage|p1a: Dondozo|68/100 slp
|-resisted|p1a: Dondozo
|-crit|p1a: Dondozo
|-damage|p1a: Dondozo|63/100 slp
|-resisted|p1a: Dondozo
|-crit|p1a: Dondozo
|-damage|p1a: Dondozo|58/100 slp
|-hitcount|p1a: Dondozo|3
|
|-heal|p1a: Dondozo|64/100 slp|[from] item: Leftovers
|turn|47
|
|switch|p1a: Glimmora|Glimmora, M, tera:Flying|76/100
|-damage|p1a: Glimmora|51/100|[from] Stealth Rock
|move|p2a: Urshifu|Thunder Punch|p1a: Glimmora
|-supereffective|p1a: Glimmora
|-damage|p1a: Glimmora|0 fnt
|faint|p1a: Glimmora
|
|
|switch|p1a: Dondozo|Dondozo, M|64/100 slp
|-damage|p1a: Dondozo|52/100 slp|[from] Stealth Rock
|turn|48
|
|move|p2a: Urshifu|Thunder Punch|p1a: Dondozo
|-supereffective|p1a: Dondozo
|-damage|p1a: Dondozo|26/100 slp
|cant|p1a: Dondozo|slp
|
|-heal|p1a: Dondozo|32/100 slp|[from] item: Leftovers
|turn|49
|
|switch|p2a: Slowking|Slowking-Galar, F|80/100 tox
|-curestatus|p1a: Dondozo|slp|[msg]
|move|p1a: Dondozo|Liquidation|p2a: Slowking
|-damage|p2a: Slowking|53/100 tox
|-unboost|p2a: Slowking|def|1
|
|-heal|p1a: Dondozo|39/100|[from] item: Leftovers
|-damage|p2a: Slowking|47/100 tox|[from] psn
|turn|50
|
|move|p1a: Dondozo|Liquidation|p2a: Slowking
|-damage|p2a: Slowking|14/100 tox
|-unboost|p2a: Slowking|def|1
|move|p2a: Slowking|Future Sight|p1a: Dondozo
|-start|p2a: Slowking|move: Future Sight
|
|-heal|p1a: Dondozo|45/100|[from] item: Leftovers
|-damage|p2a: Slowking|2/100 tox|[from] psn
|turn|51
|
|move|p1a: Dondozo|Body Press|p2a: Slowking
|-resisted|p2a: Slowking
|-damage|p2a: Slowking|0 fnt
|faint|p2a: Slowking
|
|-heal|p1a: Dondozo|51/100|[from] item: Leftovers
|
|switch|p2a: Gholdengo|Gholdengo|25/100
|-damage|p2a: Gholdengo|18/100|[from] Stealth Rock
|turn|52
|
|switch|p1a: Skeledirge|Skeledirge, F|95/100
|move|p2a: Gholdengo|Recover|p2a: Gholdengo
|-heal|p2a: Gholdengo|68/100
|
|-end|p1a: Skeledirge|move: Future Sight
|-damage|p1a: Skeledirge|63/100
|turn|53
|
|move|p2a: Gholdengo|Shadow Ball|p1a: Skeledirge
|-supereffective|p1a: Skeledirge
|-damage|p1a: Skeledirge|4/100
|-unboost|p1a: Skeledirge|spd|1
|move|p1a: Skeledirge|Torch Song|p2a: Gholdengo
|-supereffective|p2a: Gholdengo
|-damage|p2a: Gholdengo|10/100
|-boost|p1a: Skeledirge|spa|1
|
|turn|54
|
|move|p2a: Gholdengo|Shadow Ball|p1a: Skeledirge
|-supereffective|p1a: Skeledirge
|-damage|p1a: Skeledirge|0 fnt
|faint|p1a: Skeledirge
|
|
|switch|p1a: Dondozo|Dondozo, M|51/100
|-damage|p1a: Dondozo|38/100|[from] Stealth Rock
|turn|55
|-message|p1 forfeited.
|
|win|p2
