|poke|p1|Corviknight, F|
|poke|p2|Chien-Pao|
|teampreview
|
|start
|switch|p1a: Corviknight|Corviknight, F|100/100
|switch|p2a: Chien-Pao|Chien-Pao|100/100
|-ability|p1a: Corviknight|Unnerve
|-ability|p2a: Chien-Pao|Sword of Ruin
|turn|1
|
|move|p1a: Corviknight|Protect|p1a: Corviknight
|-singleturn|p1a: Corviknight|Protect
|move|p2a: Chien-Pao|Swords Dance|p2a: Chien-Pao
|-boost|p2a: Chien-Pao|atk|2
|
|turn|2
|
|move|p2a: Chien-Pao|Swords Dance|p2a: Chien-Pao
|-boost|p2a: Chien-Pao|atk|2
|move|p1a: Corviknight|Swagger|p2a: Chien-Pao
|-boost|p2a: Chien-Pao|atk|2
|-start|p2a: Chien-Pao|confusion
|
|turn|3
|
|move|p1a: Corviknight|Protect|p1a: Corviknight
|-singleturn|p1a: Corviknight|Protect
|-activate|p2a: Chien-Pao|confusion
|move|p2a: Chien-Pao|Swords Dance|p2a: Chien-Pao
|-boost|p2a: Chien-Pao|atk|0
|
|turn|4
|
|-activate|p2a: Chien-Pao|confusion
|move|p2a: Chien-Pao|Swords Dance|p2a: Chien-Pao
|-boost|p2a: Chien-Pao|atk|0
|move|p1a: Corviknight|Roost||[still]
|-fail|p1a: Corviknight|heal
|
|turn|5
|
|-activate|p2a: Chien-Pao|confusion
|move|p2a: Chien-Pao|Swords Dance|p2a: Chien-Pao
|-boost|p2a: Chien-Pao|atk|0
|move|p1a: Corviknight|Swagger||[still]
|-boost|p2a: Chien-Pao|atk|0
|-fail|p1a: Corviknight
|
|turn|6
|
|move|p1a: Corviknight|Protect|p1a: Corviknight
|-singleturn|p1a: Corviknight|Protect
|-end|p2a: Chien-Pao|confusion
|move|p2a: Chien-Pao|Swords Dance|p2a: Chien-Pao
|-boost|p2a: Chien-Pao|atk|0
|
|turn|7
|
|move|p2a: Chien-Pao|Swords Dance|p2a: Chien-Pao
|-boost|p2a: Chien-Pao|atk|0
|move|p1a: Corviknight|Swagger|p2a: Chien-Pao
|-boost|p2a: Chien-Pao|atk|0
|-start|p2a: Chien-Pao|confusion
|
|turn|8
|
|move|p1a: Corviknight|Protect|p1a: Corviknight
|-singleturn|p1a: Corviknight|Protect
|-activate|p2a: Chien-Pao|confusion
|move|p2a: Chien-Pao|Swords Dance|p2a: Chien-Pao
|-boost|p2a: Chien-Pao|atk|0
|
|turn|9
|
|-end|p2a: Chien-Pao|confusion
|move|p2a: Chien-Pao|Swords Dance|p2a: Chien-Pao
|-boost|p2a: Chien-Pao|atk|0
|move|p1a: Corviknight|Roost||[still]
|-fail|p1a: Corviknight|heal
|
|turn|10
|
|move|p2a: Chien-Pao|Swords Dance|p2a: Chien-Pao
|-boost|p2a: Chien-Pao|atk|0
|move|p1a: Corviknight|Swagger|p2a: Chien-Pao
|-boost|p2a: Chien-Pao|atk|0
|-start|p2a: Chien-Pao|confusion
|
|turn|11
|
|move|p1a: Corviknight|Protect|p1a: Corviknight
|-singleturn|p1a: Corviknight|Protect
|-activate|p2a: Chien-Pao|confusion
|move|p2a: Chien-Pao|Swords Dance|p2a: Chien-Pao
|-boost|p2a: Chien-Pao|atk|0
|
|turn|12
|
|-activate|p2a: Chien-Pao|confusion
|move|p2a: Chien-Pao|Swords Dance|p2a: Chien-Pao
|-boost|p2a: Chien-Pao|atk|0
|move|p1a: Corviknight|Swagger||[still]
|-boost|p2a: Chien-Pao|atk|0
|-fail|p1a: Corviknight
|
|turn|13
|
|-end|p2a: Chien-Pao|confusion
|move|p2a: Chien-Pao|Swords Dance|p2a: Chien-Pao
|-boost|p2a: Chien-Pao|atk|0
|move|p1a: Corviknight|Swagger|p2a: Chien-Pao
|-boost|p2a: Chien-Pao|atk|0
|-start|p2a: Chien-Pao|confusion
|
|turn|14
|
|-activate|p2a: Chien-Pao|confusion
|move|p2a: Chien-Pao|Swords Dance|p2a: Chien-Pao
|-boost|p2a: Chien-Pao|atk|0
|move|p1a: Corviknight|Roost||[still]
|-fail|p1a: Corviknight|heal
|
|turn|15
|
|-activate|p2a: Chien-Pao|confusion
|move|p2a: Chien-Pao|Swords Dance|p2a: Chien-Pao
|-boost|p2a: Chien-Pao|atk|0
|move|p1a: Corviknight|Swagger||[still]
|-boost|p2a: Chien-Pao|atk|0
|-fail|p1a: Corviknight
|
|turn|16
|
|-end|p2a: Chien-Pao|confusion
|move|p2a: Chien-Pao|Swords Dance|p2a: Chien-Pao
|-boost|p2a: Chien-Pao|atk|0
|move|p1a: Corviknight|Swagger|p2a: Chien-Pao
|-boost|p2a: Chien-Pao|atk|0
|-start|p2a: Chien-Pao|confusion
|
|turn|17
|
|-activate|p2a: Chien-Pao|confusion
|move|p2a: Chien-Pao|Swords Dance|p2a: Chien-Pao
|-boost|p2a: Chien-Pao|atk|0
|move|p1a: Corviknight|Roost||[still]
|-fail|p1a: Corviknight|heal
|
|turn|18
|
|-activate|p2a: Chien-Pao|confusion
|move|p2a: Chien-Pao|Swords Dance|p2a: Chien-Pao
|-boost|p2a: Chien-Pao|atk|0
|move|p1a: Corviknight|Swagger||[still]
|-boost|p2a: Chien-Pao|atk|0
|-fail|p1a: Corviknight
|
|turn|19
|
|-activate|p2a: Chien-Pao|confusion
|move|p2a: Chien-Pao|Swords Dance|p2a: Chien-Pao
|-boost|p2a: Chien-Pao|atk|0
|move|p1a: Corviknight|Swagger||[still]
|-boost|p2a: Chien-Pao|atk|0
|-fail|p1a: Corviknight
|
|turn|20
|
|-activate|p2a: Chien-Pao|confusion
|move|p2a: Chien-Pao|Swords Dance|p2a: Chien-Pao
|-boost|p2a: Chien-Pao|atk|0
|move|p1a: Corviknight|Swagger||[still]
|-boost|p2a: Chien-Pao|atk|0
|-fail|p1a: Corviknight
|
|turn|21
|
|move|p1a: Corviknight|Protect|p1a: Corviknight
|-singleturn|p1a: Corviknight|Protect
|-end|p2a: Chien-Pao|confusion
|move|p2a: Chien-Pao|Swords Dance|p2a: Chien-Pao
|-boost|p2a: Chien-Pao|atk|0
|
|turn|22
|
|move|p2a: Chien-Pao|Swords Dance|p2a: Chien-Pao
|-boost|p2a: Chien-Pao|atk|0
|move|p1a: Corviknight|Swagger|p2a: Chien-Pao
|-boost|p2a: Chien-Pao|atk|0
|-start|p2a: Chien-Pao|confusion
|
|turn|23
|
|move|p1a: Corviknight|Protect|p1a: Corviknight
|-singleturn|p1a: Corviknight|Protect
|-activate|p2a: Chien-Pao|confusion
|move|p2a: Chien-Pao|Swords Dance|p2a: Chien-Pao
|-boost|p2a: Chien-Pao|atk|0
|
|turn|24
|
|-activate|p2a: Chien-Pao|confusion
|move|p2a: Chien-Pao|Swords Dance|p2a: Chien-Pao
|-boost|p2a: Chien-Pao|atk|0
|move|p1a: Corviknight|Roost||[still]
|-fail|p1a: Corviknight|heal
|
|turn|25
|
|-activate|p2a: Chien-Pao|confusion
|move|p2a: Chien-Pao|Swords Dance|p2a: Chien-Pao
|-boost|p2a: Chien-Pao|atk|0
|move|p1a: Corviknight|Swagger||[still]
|-boost|p2a: Chien-Pao|atk|0
|-fail|p1a: Corviknight
|
|turn|26
|
|-activate|p2a: Chien-Pao|confusion
|-damage|p2a: Chien-Pao|0 fnt|[from] confusion
|faint|p2a: Chien-Pao
|
|win|slimjim46
