|poke|p1|Iron Leaves|
|poke|p1|Iron Treads|
|poke|p1|Rotom-Heat|
|poke|p1|Vaporeon, F|
|poke|p1|Bombirdier, M|
|poke|p1|Pincurchin, M|
|poke|p2|Amoonguss, F|
|poke|p2|Tyranitar, F|
|poke|p2|Cloyster, F|
|poke|p2|Mabosstiff, F|
|poke|p2|Mismagius, M|
|poke|p2|Typhlosion, M|
|teampreview
|
|start
|switch|p1a: Iron Leaver|Iron Leaves|100/100
|switch|p2a: Cloyster|Cloyster, F|100/100
|turn|1
|
|move|p1a: Iron Leaver|Wild Charge|p2a: Cloyster
|-supereffective|p2a: Cloyster
|-damage|p2a: Cloyster|52/100
|-damage|p1a: Iron Leaver|92/100|[from] Recoil
|move|p2a: Cloyster|Shell Smash|p2a: Cloyster
|-unboost|p2a: Cloyster|def|1
|-unboost|p2a: Cloyster|spd|1
|-boost|p2a: Cloyster|atk|2
|-boost|p2a: Cloyster|spa|2
|-boost|p2a: Cloyster|spe|2
|-enditem|p2a: Cloyster|White Herb
|-clearnegativeboost|p2a: Cloyster|[silent]
|
|turn|2
|
|-end|p1a: Iron Leaver|Quark Drive|[silent]
|switch|p1a: Funny noise man|Bombirdier, M|100/100
|move|p2a: Cloyster|Icicle Spear|p1a: Funny noise man
|-supereffective|p1a: Funny noise man
|-damage|p1a: Funny noise man|52/100
|-supereffective|p1a: Funny noise man
|-damage|p1a: Funny noise man|4/100
|-supereffective|p1a: Funny noise man
|-damage|p1a: Funny noise man|0 fnt
|faint|p1a: Funny noise man
|-hitcount|p1: Funny noise man|3
|
|
|switch|p1a: Did you know...?|Vaporeon, F|100/100
|turn|3
|
|move|p2a: Cloyster|Rock Blast|p1a: Did you know...?
|-damage|p1a: Did you know...?|91/100
|-damage|p1a: Did you know...?|80/100
|-damage|p1a: Did you know...?|70/100
|-damage|p1a: Did you know...?|59/100
|-damage|p1a: Did you know...?|50/100
|-hitcount|p1a: Did you know...?|5
|move|p1a: Did you know...?|Haze|p1a: Did you know...?
|-clearallboost
|
|-heal|p1a: Did you know...?|56/100|[from] item: Leftovers
|turn|4
|
|switch|p2a: Amoonguss|Amoonguss, F|100/100
|move|p1a: Did you know...?|Wish|p1a: Did you know...?
|
|-heal|p1a: Did you know...?|62/100|[from] item: Leftovers
|turn|5
|
|move|p1a: Did you know...?|Protect|p1a: Did you know...?
|-singleturn|p1a: Did you know...?|Protect
|move|p2a: Amoonguss|Sludge Bomb|p1a: Did you know...?
|-activate|p1a: Did you know...?|move: Protect
|
|-heal|p1a: Did you know...?|100/100|[from] move: Wish|[wisher] Did you know...?
|turn|6
|
|switch|p1a: Iron Dreads|Iron Treads|100/100
|move|p2a: Amoonguss|Sludge Bomb|p1a: Iron Dreads
|-immune|p1a: Iron Dreads
|
|turn|7
|
|move|p1a: Iron Dreads|Knock Off|p2a: Amoonguss
|-damage|p2a: Amoonguss|79/100
|-damage|p1a: Iron Dreads|84/100|[from] item: Rocky Helmet|[of] p2a: Amoonguss
|-enditem|p2a: Amoonguss|Rocky Helmet|[from] move: Knock Off|[of] p1a: Iron Dreads
|move|p2a: Amoonguss|Stomping Tantrum|p1a: Iron Dreads
|-supereffective|p1a: Iron Dreads
|-damage|p1a: Iron Dreads|34/100
|
|turn|8
|
|-end|p1a: Iron Dreads|Quark Drive|[silent]
|switch|p1a: PIVOT!!!|Rotom-Heat|100/100
|move|p2a: Amoonguss|Giga Drain|p1a: PIVOT!!!
|-resisted|p1a: PIVOT!!!
|-damage|p1a: PIVOT!!!|90/100
|-heal|p2a: Amoonguss|82/100|[from] drain|[of] p1a: PIVOT!!!
|
|turn|9
|
|switch|p2a: Typhlosion|Typhlosion, M|100/100
|move|p1a: PIVOT!!!|Nasty Plot|p1a: PIVOT!!!
|-boost|p1a: PIVOT!!!|spa|2
|
|turn|10
|
|-terastallize|p2a: Typhlosion|Water
|move|p1a: PIVOT!!!|Volt Switch|p2a: Typhlosion
|-supereffective|p2a: Typhlosion
|-damage|p2a: Typhlosion|0 fnt
|faint|p2a: Typhlosion
|
|switch|p1a: Neat|Pincurchin, M|100/100|[from] Volt Switch
|-fieldstart|move: Electric Terrain|[from] ability: Electric Surge|[of] p1a: Neat
|
|
|switch|p2a: Tyranitar|Tyranitar, F|100/100
|-weather|Sandstorm|[from] ability: Sand Stream|[of] p2a: Tyranitar
|turn|11
|
|move|p2a: Tyranitar|Dragon Dance|p2a: Tyranitar
|-boost|p2a: Tyranitar|atk|1
|-boost|p2a: Tyranitar|spe|1
|move|p1a: Neat|Thunder Wave|p2a: Tyranitar
|-status|p2a: Tyranitar|par
|-enditem|p2a: Tyranitar|Lum Berry|[eat]
|-curestatus|p2a: Tyranitar|par|[msg]
|
|-weather|Sandstorm|[upkeep]
|-damage|p1a: Neat|94/100|[from] Sandstorm
|turn|12
|
|move|p2a: Tyranitar|Earthquake|p1a: Neat
|-supereffective|p1a: Neat
|-damage|p1a: Neat|10/100
|move|p1a: Neat|Thunder Wave|p2a: Tyranitar
|-status|p2a: Tyranitar|par
|
|-weather|Sandstorm|[upkeep]
|-damage|p1a: Neat|4/100|[from] Sandstorm
|turn|13
|
|switch|p1a: PIVOT!!!|Rotom-Heat|90/100
|move|p2a: Tyranitar|Dragon Dance|p2a: Tyranitar
|-boost|p2a: Tyranitar|atk|1
|-boost|p2a: Tyranitar|spe|1
|
|-weather|Sandstorm|[upkeep]
|-damage|p1a: PIVOT!!!|83/100|[from] Sandstorm
|turn|14
|
|move|p1a: PIVOT!!!|Volt Switch|p2a: Tyranitar
|-damage|p2a: Tyranitar|85/100 par
|
|switch|p1a: Did you know...?|Vaporeon, F|100/100|[from] Volt Switch
|move|p2a: Tyranitar|Rock Blast|p1a: Did you know...?
|-damage|p1a: Did you know...?|80/100
|-damage|p1a: Did you know...?|59/100
|-damage|p1a: Did you know...?|39/100
|-hitcount|p1a: Did you know...?|3
|
|-weather|Sandstorm|[upkeep]
|-damage|p1a: Did you know...?|32/100|[from] Sandstorm
|-heal|p1a: Did you know...?|39/100|[from] item: Leftovers
|turn|15
|
|move|p1a: Did you know...?|Protect|p1a: Did you know...?
|-singleturn|p1a: Did you know...?|Protect
|move|p2a: Tyranitar|Crunch|p1a: Did you know...?
|-activate|p1a: Did you know...?|move: Protect
|
|-weather|none
|-heal|p1a: Did you know...?|45/100|[from] item: Leftovers
|turn|16
|
|move|p2a: Tyranitar|Crunch|p1a: Did you know...?
|-damage|p1a: Did you know...?|0 fnt
|faint|p1a: Did you know...?
|
|
|switch|p1a: PIVOT!!!|Rotom-Heat|83/100
|turn|17
|
|move|p1a: PIVOT!!!|Overheat|p2a: Tyranitar
|-resisted|p2a: Tyranitar
|-damage|p2a: Tyranitar|62/100 par
|-unboost|p1a: PIVOT!!!|spa|2
|cant|p2a: Tyranitar|par
|
|-fieldend|move: Electric Terrain
|turn|18
|
|move|p1a: PIVOT!!!|Volt Switch|p2a: Tyranitar
|-crit|p2a: Tyranitar
|-damage|p2a: Tyranitar|27/100 par
|
|switch|p1a: Neat|Pincurchin, M|4/100|[from] Volt Switch
|-fieldstart|move: Electric Terrain|[from] ability: Electric Surge|[of] p1a: Neat
|move|p2a: Tyranitar|Rock Blast|p1a: Neat
|-damage|p1a: Neat|0 fnt
|faint|p1a: Neat
|-hitcount|p1: Neat|1
|
|
|switch|p1a: Iron Leaver|Iron Leaves|92/100
|-activate|p1a: Iron Leaver|ability: Quark Drive
|-start|p1a: Iron Leaver|quarkdrivespe
|turn|19
|
|switch|p2a: Amoonguss|Amoonguss, F|100/100
|-terastallize|p1a: Iron Leaver|Fighting
|move|p1a: Iron Leaver|Swords Dance|p1a: Iron Leaver
|-boost|p1a: Iron Leaver|atk|2
|
|turn|20
|
|switch|p2a: Tyranitar|Tyranitar, F|27/100 par
|-weather|Sandstorm|[from] ability: Sand Stream|[of] p2a: Tyranitar
|move|p1a: Iron Leaver|Psyblade|p2a: Tyranitar
|-immune|p2a: Tyranitar
|
|-weather|Sandstorm|[upkeep]
|-damage|p1a: Iron Leaver|86/100|[from] Sandstorm
|turn|21
|
|switch|p2a: Amoonguss|Amoonguss, F|100/100
|move|p1a: Iron Leaver|Close Combat|p2a: Amoonguss
|-resisted|p2a: Amoonguss
|-damage|p2a: Amoonguss|61/100
|-unboost|p1a: Iron Leaver|def|1
|-unboost|p1a: Iron Leaver|spd|1
|
|-weather|Sandstorm|[upkeep]
|-damage|p1a: Iron Leaver|80/100|[from] Sandstorm
|-damage|p2a: Amoonguss|55/100|[from] Sandstorm
|turn|22
|
|switch|p2a: Tyranitar|Tyranitar, F|27/100 par
|move|p1a: Iron Leaver|Psyblade|p2a: Tyranitar
|-immune|p2a: Tyranitar
|
|-weather|Sandstorm|[upkeep]
|-damage|p1a: Iron Leaver|74/100|[from] Sandstorm
|turn|23
|
|move|p1a: Iron Leaver|Close Combat|p2a: Tyranitar
|-supereffective|p2a: Tyranitar
|-damage|p2a: Tyranitar|0 fnt
|-unboost|p1a: Iron Leaver|def|1
|-unboost|p1a: Iron Leaver|spd|1
|faint|p2a: Tyranitar
|
|-weather|Sandstorm|[upkeep]
|-damage|p1a: Iron Leaver|67/100|[from] Sandstorm
|
|switch|p2a: Mismagius|Mismagius, M|100/100
|turn|24
|
|move|p2a: Mismagius|Shadow Ball|p1a: Iron Leaver
|-damage|p1a: Iron Leaver|1/100
|move|p1a: Iron Leaver|Psyblade|p2a: Mismagius
|-damage|p2a: Mismagius|0 fnt
|faint|p2a: Mismagius
|
|-weather|none
|
|switch|p2a: Amoonguss|Amoonguss, F|88/100
|turn|25
|
|switch|p2a: Mabosstiff|Mabosstiff, F|100/100
|-ability|p2a: Mabosstiff|Intimidate|boost
|-unboost|p1a: Iron Leaver|atk|1
|move|p1a: Iron Leaver|Psyblade|p2a: Mabosstiff
|-immune|p2a: Mabosstiff
|
|-fieldend|move: Electric Terrain
|-end|p1a: Iron Leaver|Quark Drive
|turn|26
|
|switch|p2a: Amoonguss|Amoonguss, F|100/100
|move|p1a: Iron Leaver|Close Combat|p2a: Amoonguss
|-resisted|p2a: Amoonguss
|-damage|p2a: Amoonguss|67/100
|-unboost|p1a: Iron Leaver|def|1
|-unboost|p1a: Iron Leaver|spd|1
|
|turn|27
|
|move|p1a: Iron Leaver|Psyblade|p2a: Amoonguss
|-supereffective|p2a: Amoonguss
|-damage|p2a: Amoonguss|0 fnt
|faint|p2a: Amoonguss
|
|
|switch|p2a: Mabosstiff|Mabosstiff, F|100/100
|-ability|p2a: Mabosstiff|Intimidate|boost
|-unboost|p1a: Iron Leaver|atk|1
|turn|28
|
|move|p1a: Iron Leaver|Close Combat|p2a: Mabosstiff
|-supereffective|p2a: Mabosstiff
|-damage|p2a: Mabosstiff|0 fnt
|-unboost|p1a: Iron Leaver|def|1
|-unboost|p1a: Iron Leaver|spd|1
|faint|p2a: Mabosstiff
|
|
|switch|p2a: Cloyster|Cloyster, F|52/100
|turn|29
|
|move|p1a: Iron Leaver|Close Combat|p2a: Cloyster
|-supereffective|p2a: Cloyster
|-damage|p2a: Cloyster|0 fnt
|-unboost|p1a: Iron Leaver|def|1
|-unboost|p1a: Iron Leaver|spd|1
|faint|p2a: Cloyster
|
|win|p1
