|poke|p1|Masquerain, M|
|poke|p1|Magearna|
|poke|p1|Glimmora, F|
|poke|p1|Hoopa-Unbound|
|poke|p1|Clodsire, F|
|poke|p1|Ursaluna, F|
|poke|p2|Chien-Pao|
|poke|p2|Urshifu-*, M|
|poke|p2|Zapdos|
|poke|p2|Garganacl, M|
|poke|p2|Iron Moth|
|poke|p2|Magearna|
|teampreview
|
|start
|switch|p1a: Masquerain|Masquerain, M|100/100
|switch|p2a: Urshifu|Urshifu-Rapid-Strike, M|100/100
|-ability|p1a: Masquerain|Intimidate|boost
|-unboost|p2a: Urshifu|atk|1
|turn|1
|
|switch|p2a: Zapdos|Zapdos|100/100
|move|p1a: Masquerain|Sticky Web|p2a: Zapdos
|-sidestart|p2: shark hunter|move: Sticky Web
|
|turn|2
|
|switch|p1a: Ursaluna|Ursaluna, F|100/100
|move|p2a: Zapdos|Hurricane|p1a: Ursaluna
|-damage|p1a: Ursaluna|50/100
|
|-status|p1a: Ursaluna|brn|[from] item: Flame Orb
|turn|3
|
|move|p2a: Zapdos|Hurricane|p1a: Ursaluna|[miss]
|-miss|p2a: Zapdos|p1a: Ursaluna
|move|p1a: Ursaluna|Facade|p2a: Zapdos
|-damage|p2a: Zapdos|0 fnt
|faint|p2a: Zapdos
|
|-damage|p1a: Ursaluna|44/100 brn|[from] brn
|
|switch|p2a: Urshifu|Urshifu-Rapid-Strike, M|100/100
|-activate|p2a: Urshifu|move: Sticky Web
|-unboost|p2a: Urshifu|spe|1
|turn|4
|
|switch|p1a: Masquerain|Masquerain, M|100/100
|-ability|p1a: Masquerain|Intimidate|boost
|-unboost|p2a: Urshifu|atk|1
|move|p2a: Urshifu|Surging Strikes|p1a: Masquerain
|-crit|p1a: Masquerain
|-damage|p1a: Masquerain|63/100
|-crit|p1a: Masquerain
|-damage|p1a: Masquerain|26/100
|-crit|p1a: Masquerain
|-damage|p1a: Masquerain|0 fnt
|faint|p1a: Masquerain
|-hitcount|p1: Masquerain|3
|
|
|switch|p1a: Glimmora|Glimmora, F|100/100
|-item|p1a: Glimmora|Air Balloon
|turn|5
|
|move|p1a: Glimmora|Stealth Rock|p2a: Urshifu
|-sidestart|p2: shark hunter|move: Stealth Rock
|move|p2a: Urshifu|Surging Strikes|p1a: Glimmora
|-supereffective|p1a: Glimmora
|-crit|p1a: Glimmora
|-damage|p1a: Glimmora|55/100
|-activate|p1a: Glimmora|ability: Toxic Debris
|-sidestart|p2: shark hunter|move: Toxic Spikes
|-enditem|p1a: Glimmora|Air Balloon
|-supereffective|p1a: Glimmora
|-crit|p1a: Glimmora
|-damage|p1a: Glimmora|12/100
|-activate|p1a: Glimmora|ability: Toxic Debris
|-sidestart|p2: shark hunter|move: Toxic Spikes
|-supereffective|p1a: Glimmora
|-crit|p1a: Glimmora
|-damage|p1a: Glimmora|0 fnt
|faint|p1a: Glimmora
|-hitcount|p1: Glimmora|3
|
|
|switch|p1a: Hoopa|Hoopa-Unbound|100/100
|turn|6
|
|switch|p2a: Magearna|Magearna|100/100
|-activate|p2a: Magearna|move: Sticky Web
|-unboost|p2a: Magearna|spe|1
|-damage|p2a: Magearna|94/100|[from] Stealth Rock
|move|p1a: Hoopa|Psychic|p2a: Magearna
|-resisted|p2a: Magearna
|-damage|p2a: Magearna|70/100
|
|-heal|p2a: Magearna|77/100|[from] item: Leftovers
|turn|7
|
|switch|p1a: Clodsire|Clodsire, F|100/100
|move|p2a: Magearna|Calm Mind|p2a: Magearna
|-boost|p2a: Magearna|spa|1
|-boost|p2a: Magearna|spd|1
|
|-heal|p2a: Magearna|83/100|[from] item: Leftovers
|turn|8
|
|move|p2a: Magearna|Calm Mind|p2a: Magearna
|-boost|p2a: Magearna|spa|1
|-boost|p2a: Magearna|spd|1
|move|p1a: Clodsire|Earthquake|p2a: Magearna
|-supereffective|p2a: Magearna
|-damage|p2a: Magearna|40/100
|
|-heal|p2a: Magearna|47/100|[from] item: Leftovers
|turn|9
|
|move|p2a: Magearna|Iron Defense|p2a: Magearna
|-boost|p2a: Magearna|def|2
|move|p1a: Clodsire|Yawn|p2a: Magearna
|-start|p2a: Magearna|move: Yawn|[of] p1a: Clodsire
|
|-heal|p2a: Magearna|53/100|[from] item: Leftovers
|turn|10
|
|move|p2a: Magearna|Iron Defense|p2a: Magearna
|-boost|p2a: Magearna|def|2
|move|p1a: Clodsire|Toxic|p2a: Magearna
|-immune|p2a: Magearna
|
|-heal|p2a: Magearna|59/100|[from] item: Leftovers
|-end|p2a: Magearna|move: Yawn|[silent]
|-status|p2a: Magearna|slp
|turn|11
|
|cant|p2a: Magearna|slp
|move|p1a: Clodsire|Earthquake|p2a: Magearna
|-supereffective|p2a: Magearna
|-damage|p2a: Magearna|15/100 slp
|
|-heal|p2a: Magearna|21/100 slp|[from] item: Leftovers
|turn|12
|
|-curestatus|p2a: Magearna|slp|[msg]
|move|p2a: Magearna|Fleur Cannon|p1a: Clodsire
|-resisted|p1a: Clodsire
|-damage|p1a: Clodsire|82/100
|-unboost|p2a: Magearna|spa|2
|move|p1a: Clodsire|Earthquake|p2a: Magearna
|-supereffective|p2a: Magearna
|-damage|p2a: Magearna|0 fnt
|faint|p2a: Magearna
|
|-heal|p1a: Clodsire|88/100|[from] item: Black Sludge
|
|switch|p2a: Chien-Pao|Chien-Pao|100/100
|-activate|p2a: Chien-Pao|move: Sticky Web
|-unboost|p2a: Chien-Pao|spe|1
|-damage|p2a: Chien-Pao|76/100|[from] Stealth Rock
|-status|p2a: Chien-Pao|tox
|-ability|p2a: Chien-Pao|Sword of Ruin
|turn|13
|
|switch|p1a: Magearna|Magearna|100/100
|-item|p1a: Magearna|Air Balloon
|move|p2a: Chien-Pao|Ice Spinner|p1a: Magearna
|-resisted|p1a: Magearna
|-damage|p1a: Magearna|68/100
|-enditem|p1a: Magearna|Air Balloon
|
|-damage|p2a: Chien-Pao|70/100 tox|[from] psn
|turn|14
|
|switch|p2a: Iron Moth|Iron Moth|100/100
|-enditem|p2a: Iron Moth|Booster Energy
|-activate|p2a: Iron Moth|ability: Quark Drive|[fromitem]
|-start|p2a: Iron Moth|quarkdrivespa
|-activate|p2a: Iron Moth|move: Sticky Web
|-unboost|p2a: Iron Moth|spe|1
|-damage|p2a: Iron Moth|76/100|[from] Stealth Rock
|-sideend|p2: shark hunter|move: Toxic Spikes|[of] p2a: Iron Moth
|move|p1a: Magearna|Shift Gear|p1a: Magearna
|-boost|p1a: Magearna|spe|2
|-boost|p1a: Magearna|atk|1
|
|turn|15
|
|switch|p1a: Clodsire|Clodsire, F|88/100
|-terastallize|p2a: Iron Moth|Fire
|move|p2a: Iron Moth|Fiery Dance|p1a: Clodsire
|-damage|p1a: Clodsire|42/100
|
|-heal|p1a: Clodsire|48/100|[from] item: Black Sludge
|turn|16
|
|move|p2a: Iron Moth|Fiery Dance|p1a: Clodsire
|-crit|p1a: Clodsire
|-damage|p1a: Clodsire|0 fnt
|faint|p1a: Clodsire
|
|
|switch|p1a: Hoopa|Hoopa-Unbound|100/100
|turn|17
|
|-terastallize|p1a: Hoopa|Dark
|move|p1a: Hoopa|Hyperspace Fury|p2a: Iron Moth
|-damage|p2a: Iron Moth|0 fnt
|-unboost|p1a: Hoopa|def|1
|faint|p2a: Iron Moth
|-end|p2a: Iron Moth|Quark Drive|[silent]
|
|
|switch|p2a: Urshifu|Urshifu-Rapid-Strike, M|100/100
|-activate|p2a: Urshifu|move: Sticky Web
|-unboost|p2a: Urshifu|spe|1
|-damage|p2a: Urshifu|94/100|[from] Stealth Rock
|turn|18
|
|move|p1a: Hoopa|Psychic|p2a: Urshifu
|-supereffective|p2a: Urshifu
|-damage|p2a: Urshifu|0 fnt
|faint|p2a: Urshifu
|
|
|switch|p2a: Chien-Pao|Chien-Pao|70/100 tox
|-activate|p2a: Chien-Pao|move: Sticky Web
|-unboost|p2a: Chien-Pao|spe|1
|-damage|p2a: Chien-Pao|45/100 tox|[from] Stealth Rock
|-ability|p2a: Chien-Pao|Sword of Ruin
|turn|19
|
|switch|p1a: Magearna|Magearna|68/100
|move|p2a: Chien-Pao|Sacred Sword|p1a: Magearna
|-damage|p1a: Magearna|18/100
|
|-damage|p2a: Chien-Pao|39/100 tox|[from] psn
|turn|20
|
|move|p2a: Chien-Pao|Sacred Sword|p1a: Magearna
|-damage|p1a: Magearna|0 fnt
|faint|p1a: Magearna
|
|-damage|p2a: Chien-Pao|27/100 tox|[from] psn
|
|switch|p1a: Hoopa|Hoopa-Unbound, tera:Dark|100/100
|turn|21
|
|move|p2a: Chien-Pao|Sacred Sword|p1a: Hoopa
|-supereffective|p1a: Hoopa
|-damage|p1a: Hoopa|0 fnt
|faint|p1a: Hoopa
|
|-damage|p2a: Chien-Pao|9/100 tox|[from] psn
|
|switch|p1a: Ursaluna|Ursaluna, F|44/100 brn
|turn|22
|
|move|p2a: Chien-Pao|Sacred Sword|p1a: Ursaluna
|-supereffective|p1a: Ursaluna
|-damage|p1a: Ursaluna|0 fnt
|faint|p1a: Ursaluna
|
|win|shark hunter
|l|☆Hat Bot78
