# advantage = p2
|poke|p1|Kingambit, M|
|poke|p1|Ursaluna, M|
|poke|p1|Corviknight, F|
|poke|p1|Slowking, F|
|poke|p1|Typhlosion-Hisui, M|
|poke|p1|Rillaboom, F|
|poke|p2|Kleavor, F|
|poke|p2|Urshifu-*, M|
|poke|p2|Corviknight, M|
|poke|p2|Quagsire, F|
|poke|p2|Meowscarada, M|
|poke|p2|Arcanine-Hisui, M|
|teampreview
|
|start
|switch|p1a: Rillaboom|Rillaboom, F|100/100
|switch|p2a: Kleavor|Kleavor, F|100/100
|-fieldstart|move: Grassy Terrain|[from] ability: Grassy Surge|[of] p1a: Rillaboom
|turn|1
|
|switch|p1a: Corviknight|Corviknight, F|100/100
|-ability|p1a: Corviknight|Pressure
|-terastallize|p2a: Kleavor|Bug
|move|p2a: Kleavor|Swords Dance|p2a: Kleavor
|-boost|p2a: Kleavor|atk|2
|
|turn|2
|
|move|p2a: Kleavor|Fury Cutter|p1a: Corviknight
|-resisted|p1a: Corviknight
|-damage|p1a: Corviknight|88/100
|move|p1a: Corviknight|U-turn|p2a: Kleavor
|-damage|p2a: Kleavor|81/100
|
|switch|p1a: Typhlosion|Typhlosion-Hisui, M|100/100|[from] U-turn
|-item|p2a: Kleavor|Leftovers|[from] ability: Frisk|[of] p1a: Typhlosion|[identify]
|
|-heal|p2a: Kleavor|87/100|[from] Grassy Terrain
|-heal|p2a: Kleavor|93/100|[from] item: Leftovers
|turn|3
|
|move|p1a: Typhlosion|Eruption|p2a: Kleavor
|-supereffective|p2a: Kleavor
|-damage|p2a: Kleavor|0 fnt
|faint|p2a: Kleavor
|
|
|switch|p2a: Urshifu|Urshifu-Rapid-Strike, M|100/100
|turn|4
|
|switch|p1a: Rillaboom|Rillaboom, F|100/100
|move|p2a: Urshifu|Surging Strikes|p1a: Rillaboom
|-resisted|p1a: Rillaboom
|-crit|p1a: Rillaboom
|-damage|p1a: Rillaboom|92/100
|-resisted|p1a: Rillaboom
|-crit|p1a: Rillaboom
|-damage|p1a: Rillaboom|83/100
|-resisted|p1a: Rillaboom
|-crit|p1a: Rillaboom
|-damage|p1a: Rillaboom|74/100
|-hitcount|p1a: Rillaboom|3
|
|-heal|p1a: Rillaboom|80/100|[from] Grassy Terrain
|turn|5
|
|switch|p2a: Corviknight|Corviknight, M|100/100
|-ability|p2a: Corviknight|Pressure
|move|p1a: Rillaboom|Wood Hammer|p2a: Corviknight
|-resisted|p2a: Corviknight
|-damage|p2a: Corviknight|82/100
|-damage|p1a: Rillaboom|74/100|[from] Recoil
|
|-heal|p1a: Rillaboom|80/100|[from] Grassy Terrain
|-heal|p2a: Corviknight|88/100|[from] item: Leftovers
|-fieldend|move: Grassy Terrain
|turn|6
|
|move|p1a: Rillaboom|U-turn|p2a: Corviknight
|-resisted|p2a: Corviknight
|-damage|p2a: Corviknight|83/100
|
|switch|p1a: Corviknight|Corviknight, F|88/100|[from] U-turn
|-ability|p1a: Corviknight|Pressure
|move|p2a: Corviknight|Brave Bird|p1a: Corviknight
|-resisted|p1a: Corviknight
|-damage|p1a: Corviknight|77/100
|-damage|p2a: Corviknight|80/100|[from] Recoil
|
|-heal|p2a: Corviknight|86/100|[from] item: Leftovers
|-heal|p1a: Corviknight|83/100|[from] item: Leftovers
|turn|7
|
|switch|p2a: Arcanine|Arcanine-Hisui, M|100/100
|move|p1a: Corviknight|U-turn|p2a: Arcanine
|-resisted|p2a: Arcanine
|-damage|p2a: Arcanine|91/100
|
|switch|p1a: Ursaluna|Ursaluna, M|100/100|[from] U-turn
|
|-heal|p2a: Arcanine|97/100|[from] item: Leftovers
|-status|p1a: Ursaluna|brn|[from] item: Flame Orb
|turn|8
|
|switch|p2a: Quagsire|Quagsire, F|100/100
|-terastallize|p1a: Ursaluna|Normal
|move|p1a: Ursaluna|Facade|p2a: Quagsire
|-damage|p2a: Quagsire|0 fnt
|faint|p2a: Quagsire
|
|-damage|p1a: Ursaluna|94/100 brn|[from] brn
|
|switch|p2a: Urshifu|Urshifu-Rapid-Strike, M|100/100
|turn|9
|
|switch|p1a: Slowking|Slowking, F|100/100
|move|p2a: Urshifu|Surging Strikes|p1a: Slowking
|-resisted|p1a: Slowking
|-crit|p1a: Slowking
|-damage|p1a: Slowking|90/100
|-resisted|p1a: Slowking
|-crit|p1a: Slowking
|-damage|p1a: Slowking|79/100
|-resisted|p1a: Slowking
|-crit|p1a: Slowking
|-damage|p1a: Slowking|68/100
|-hitcount|p1a: Slowking|3
|
|turn|10
|
|switch|p2a: Meowscarada|Meowscarada, M|100/100
|move|p1a: Slowking|Chilly Reception|p1a: Slowking
|-weather|Snow
|
|switch|p1a: Corviknight|Corviknight, F|83/100|[from] Chilly Reception
|-ability|p1a: Corviknight|Pressure
|
|-weather|Snow|[upkeep]
|-heal|p1a: Corviknight|89/100|[from] item: Leftovers
|turn|11
|
|move|p2a: Meowscarada|U-turn|p1a: Corviknight
|-start|p2a: Meowscarada|typechange|Bug|[from] ability: Protean
|-resisted|p1a: Corviknight
|-damage|p1a: Corviknight|84/100
|
|switch|p2a: Corviknight|Corviknight, M|86/100|[from] U-turn
|-ability|p2a: Corviknight|Pressure
|move|p1a: Corviknight|U-turn|p2a: Corviknight
|-resisted|p2a: Corviknight
|-damage|p2a: Corviknight|83/100
|
|switch|p1a: Typhlosion|Typhlosion-Hisui, M|100/100|[from] U-turn
|-item|p2a: Corviknight|Leftovers|[from] ability: Frisk|[of] p1a: Typhlosion|[identify]
|
|-weather|Snow|[upkeep]
|-heal|p2a: Corviknight|89/100|[from] item: Leftovers
|turn|12
|
|switch|p2a: Urshifu|Urshifu-Rapid-Strike, M|100/100
|move|p1a: Typhlosion|Shadow Ball|p2a: Urshifu
|-damage|p2a: Urshifu|39/100
|
|-weather|Snow|[upkeep]
|-heal|p2a: Urshifu|45/100|[from] item: Leftovers
|turn|13
|
|move|p2a: Urshifu|Aqua Jet|p1a: Typhlosion
|-supereffective|p1a: Typhlosion
|-damage|p1a: Typhlosion|41/100
|move|p1a: Typhlosion|Shadow Ball|p2a: Urshifu
|-damage|p2a: Urshifu|0 fnt
|faint|p2a: Urshifu
|
|-weather|Snow|[upkeep]
|
|switch|p2a: Meowscarada|Meowscarada, M|100/100
|turn|14
|
|switch|p1a: Corviknight|Corviknight, F|84/100
|-ability|p1a: Corviknight|Pressure
|move|p2a: Meowscarada|Knock Off|p1a: Corviknight
|-start|p2a: Meowscarada|typechange|Dark|[from] ability: Protean
|-crit|p1a: Corviknight
|-damage|p1a: Corviknight|45/100
|-enditem|p1a: Corviknight|Leftovers|[from] move: Knock Off|[of] p2a: Meowscarada
|
|-weather|none
|turn|15
|
|switch|p2a: Arcanine|Arcanine-Hisui, M|97/100
|move|p1a: Corviknight|U-turn|p2a: Arcanine
|-resisted|p2a: Arcanine
|-damage|p2a: Arcanine|89/100
|
|switch|p1a: Ursaluna|Ursaluna, M, tera:Normal|94/100 brn|[from] U-turn
|
|-heal|p2a: Arcanine|95/100|[from] item: Leftovers
|-damage|p1a: Ursaluna|88/100 brn|[from] brn
|turn|16
|
|move|p2a: Arcanine|Head Smash|p1a: Ursaluna
|-damage|p1a: Ursaluna|41/100 brn
|move|p1a: Ursaluna|Facade|p2a: Arcanine
|-resisted|p2a: Arcanine
|-damage|p2a: Arcanine|0 fnt
|faint|p2a: Arcanine
|
|-damage|p1a: Ursaluna|35/100 brn|[from] brn
|
|switch|p2a: Meowscarada|Meowscarada, M|100/100
|turn|17
|
|switch|p1a: Kingambit|Kingambit, M|100/100
|move|p2a: Meowscarada|Knock Off|p1a: Kingambit
|-start|p2a: Meowscarada|typechange|Dark|[from] ability: Protean
|-resisted|p1a: Kingambit
|-damage|p1a: Kingambit|85/100
|-enditem|p1a: Kingambit|Leftovers|[from] move: Knock Off|[of] p2a: Meowscarada
|
|turn|18
|
|switch|p2a: Corviknight|Corviknight, M|89/100
|-ability|p2a: Corviknight|Pressure
|move|p1a: Kingambit|Kowtow Cleave|p2a: Corviknight
|-damage|p2a: Corviknight|47/100
|
|-heal|p2a: Corviknight|53/100|[from] item: Leftovers
|turn|19
|
|-end|p1a: Kingambit|fallenundefined|[silent]
|switch|p1a: Typhlosion|Typhlosion-Hisui, M|41/100
|-item|p2a: Corviknight|Leftovers|[from] ability: Frisk|[of] p1a: Typhlosion|[identify]
|move|p2a: Corviknight|Bulk Up|p2a: Corviknight
|-boost|p2a: Corviknight|atk|1
|-boost|p2a: Corviknight|def|1
|
|-heal|p2a: Corviknight|60/100|[from] item: Leftovers
|turn|20
|
|move|p1a: Typhlosion|Flamethrower|p2a: Corviknight
|-supereffective|p2a: Corviknight
|-damage|p2a: Corviknight|0 fnt
|faint|p2a: Corviknight
|
|
|switch|p2a: Meowscarada|Meowscarada, M|100/100
|turn|21
|
|move|p2a: Meowscarada|Knock Off|p1a: Typhlosion
|-start|p2a: Meowscarada|typechange|Dark|[from] ability: Protean
|-supereffective|p1a: Typhlosion
|-damage|p1a: Typhlosion|0 fnt
|-enditem|p1a: Typhlosion|Choice Scarf|[from] move: Knock Off|[of] p2a: Meowscarada
|faint|p1a: Typhlosion
|
|
|switch|p1a: Kingambit|Kingambit, M|85/100
|-activate|p1a: Kingambit|ability: Supreme Overlord
|-start|p1a: Kingambit|fallen1|[silent]
|turn|22
|
|move|p2a: Meowscarada|Knock Off|p1a: Kingambit
|-resisted|p1a: Kingambit
|-damage|p1a: Kingambit|74/100
|move|p1a: Kingambit|Swords Dance|p1a: Kingambit
|-boost|p1a: Kingambit|atk|2
|
|turn|23
|
|move|p2a: Meowscarada|Knock Off|p1a: Kingambit
|-resisted|p1a: Kingambit
|-damage|p1a: Kingambit|62/100
|move|p1a: Kingambit|Iron Head|p2a: Meowscarada
|-damage|p2a: Meowscarada|0 fnt
|faint|p2a: Meowscarada
|
|win|p1
