|poke|p1|Skeledirge, F|
|poke|p1|Donphan, M|
|poke|p1|Bisharp, F|
|poke|p2|Dragapult, M|
|poke|p2|Perrserker, M|
|poke|p2|Morgrem, M|
|teampreview
|
|start
|switch|p1a: Donphan|Donphan, M|100/100
|switch|p2a: Morgrem|Morgrem, M|100/100
|turn|1
|
|move|p2a: Morgrem|Reflect|p2a: Morgrem
|-sidestart|p2: p2|Reflect
|move|p1a: Donphan|Earthquake|p2a: Morgrem
|-damage|p2a: Morgrem|77/100
|
|turn|2
|
|move|p2a: Morgrem|Foul Play|p1a: Donphan
|-damage|p1a: Donphan|80/100
|move|p1a: Donphan|Stealth Rock|p2a: Morgrem
|-sidestart|p2: p2|move: Stealth Rock
|
|turn|3
|
|move|p2a: Morgrem|Foul Play|p1a: Donphan
|-damage|p1a: Donphan|58/100
|move|p1a: Donphan|Earthquake|p2a: Morgrem
|-damage|p2a: Morgrem|50/100
|
|turn|4
|
|move|p2a: Morgrem|Foul Play|p1a: Donphan
|-damage|p1a: Donphan|34/100
|move|p1a: Donphan|Earthquake|p2a: Morgrem
|-damage|p2a: Morgrem|24/100
|
|turn|5
|
|move|p2a: Morgrem|Foul Play|p1a: Donphan
|-damage|p1a: Donphan|11/100
|move|p1a: Donphan|Earthquake|p2a: Morgrem
|-damage|p2a: Morgrem|0 fnt
|faint|p2a: Morgrem
|
|-sideend|p2: p2|Reflect
|
|switch|p2a: Perrserker|Perrserker, M|100/100
|-damage|p2a: Perrserker|94/100|[from] Stealth Rock
|turn|6
|
|move|p2a: Perrserker|Fake Out|p1a: Donphan
|-damage|p1a: Donphan|1/100
|cant|p1a: Donphan|flinch
|
|turn|7
|
|move|p2a: Perrserker|U-turn|p1a: Donphan
|-damage|p1a: Donphan|0 fnt
|faint|p1a: Donphan
|
|switch|p2a: Dragapult|Dragapult, M|100/100|[from] U-turn
|-damage|p2a: Dragapult|88/100|[from] Stealth Rock
|
|
|switch|p1a: Bisharp|Bisharp, F|100/100
|turn|8
|
|switch|p2a: Perrserker|Perrserker, M|94/100
|-damage|p2a: Perrserker|88/100|[from] Stealth Rock
|-terastallize|p1a: Bisharp|Dark
|move|p1a: Bisharp|Night Slash|p2a: Perrserker
|-damage|p2a: Perrserker|36/100
|-damage|p1a: Bisharp|84/100|[from] item: Rocky Helmet|[of] p2a: Perrserker
|
|turn|9
|
|move|p2a: Perrserker|Fake Out|p1a: Bisharp
|-damage|p1a: Bisharp|71/100
|cant|p1a: Bisharp|flinch
|
|turn|10
|
|move|p1a: Bisharp|Sucker Punch|p2a: Perrserker
|-damage|p2a: Perrserker|0 fnt
|-damage|p1a: Bisharp|54/100|[from] item: Rocky Helmet|[of] p2a: Perrserker
|faint|p2a: Perrserker
|
|
|switch|p2a: Dragapult|Dragapult, M|88/100
|-damage|p2a: Dragapult|76/100|[from] Stealth Rock
|turn|11
|
|-terastallize|p2a: Dragapult|Dragon
|move|p1a: Bisharp|Sucker Punch|p2a: Dragapult
|-damage|p2a: Dragapult|10/100
|move|p2a: Dragapult|Dragon Darts|p1a: Bisharp
|-crit|p1a: Bisharp
|-damage|p1a: Bisharp|3/100
|-anim|p2a: Dragapult|Dragon Darts|p1a: Bisharp
|-damage|p1a: Bisharp|0 fnt
|faint|p1a: Bisharp
|-damage|p2a: Dragapult|0 fnt|[from] item: Life Orb
|faint|p2a: Dragapult
|
|win|p1
|n|☆p1|sayaamanogawa
|n|☆p2|cr1pticshot
|n|*Lady Monita|ladymonita
|n| Crimson1337|crimson1337
|n| Hrathen123|hrathen123
|n| Leafeontc|leafeontc
|n| Username32a?|username32a
|n| card of the joker|cardofthejoker
|n| Dragonair2fair|dragonair2fair
