|poke|p1|Electrode-Hisui|
|poke|p1|Baxcalibur, F|
|poke|p1|Garganacl, F|
|poke|p1|Decidueye, F|
|poke|p1|Cresselia, F|
|poke|p1|Forretress, M|
|poke|p2|Uxie|
|poke|p2|Magearna|
|teampreview
|
|start
|switch|p1a: Decidueye|Decidueye, F|100/100
|switch|p2a: Uxie|Uxie, shiny|100/100
|turn|1
|
|move|p2a: Uxie|Reflect|p2a: Uxie
|-sidestart|p2: p2|Reflect
|move|p1a: Decidueye|Spirit Shackle|p2a: Uxie
|-supereffective|p2a: Uxie
|-damage|p2a: Uxie|69/100
|-activate|p2a: Uxie|trapped
|
|turn|2
|
|move|p2a: Uxie|Light Screen|p2a: Uxie
|-sidestart|p2: p2|move: Light Screen
|move|p1a: Decidueye|Spirit Shackle|p2a: Uxie
|-supereffective|p2a: Uxie
|-damage|p2a: Uxie|36/100
|
|turn|3
|
|move|p2a: Uxie|Yawn|p1a: Decidueye
|-start|p1a: Decidueye|move: Yawn|[of] p2a: Uxie
|move|p1a: Decidueye|Spirit Shackle|p2a: Uxie
|-supereffective|p2a: Uxie
|-damage|p2a: Uxie|5/100
|
|turn|4
|
|move|p2a: Uxie|Memento|p1a: Decidueye
|-unboost|p1a: Decidueye|atk|2
|-unboost|p1a: Decidueye|spa|2
|faint|p2a: Uxie
|move|p1a: Decidueye|U-turn|p2: Uxie|[notarget]
|-fail|p1a: Decidueye
|
|-end|p1a: Decidueye|move: Yawn|[silent]
|-status|p1a: Decidueye|slp
|
|switch|p2a: Magearna|Magearna|100/100
|turn|5
|
|switch|p1a: Garganacl|Garganacl, F|100/100
|move|p2a: Magearna|Shift Gear|p2a: Magearna
|-boost|p2a: Magearna|spe|2
|-boost|p2a: Magearna|atk|1
|
|turn|6
|
|-terastallize|p2a: Magearna|Fairy
|move|p2a: Magearna|Calm Mind|p2a: Magearna
|-boost|p2a: Magearna|spa|1
|-boost|p2a: Magearna|spd|1
|move|p1a: Garganacl|Salt Cure|p2a: Magearna
|-damage|p2a: Magearna|93/100
|-start|p2a: Magearna|Salt Cure
|
|-damage|p2a: Magearna|81/100|[from] Salt Cure
|turn|7
|
|move|p2a: Magearna|Calm Mind|p2a: Magearna
|-boost|p2a: Magearna|spa|1
|-boost|p2a: Magearna|spd|1
|move|p1a: Garganacl|Salt Cure|p2a: Magearna
|-damage|p2a: Magearna|74/100
|
|-damage|p2a: Magearna|61/100|[from] Salt Cure
|turn|8
|
|move|p2a: Magearna|Calm Mind|p2a: Magearna
|-boost|p2a: Magearna|spa|1
|-boost|p2a: Magearna|spd|1
|move|p1a: Garganacl|Salt Cure|p2a: Magearna
|-damage|p2a: Magearna|55/100
|
|-damage|p2a: Magearna|42/100|[from] Salt Cure
|-sideend|p2: p2|Reflect
|turn|9
|
|move|p1a: Garganacl|Protect|p1a: Garganacl
|-singleturn|p1a: Garganacl|Protect
|move|p2a: Magearna|Draining Kiss|p1a: Garganacl
|-activate|p1a: Garganacl|move: Protect
|
|-damage|p2a: Magearna|30/100|[from] Salt Cure
|-sideend|p2: p2|move: Light Screen
|turn|10
|
|switch|p1a: Forretress|Forretress, M|100/100
|move|p2a: Magearna|Draining Kiss|p1a: Forretress
|-resisted|p1a: Forretress
|-damage|p1a: Forretress|15/100
|-heal|p2a: Magearna|100/100|[from] drain|[of] p1a: Forretress
|
|-heal|p1a: Forretress|21/100|[from] item: Leftovers
|-damage|p2a: Magearna|88/100|[from] Salt Cure
|turn|11
|
|move|p2a: Magearna|Draining Kiss|p1a: Forretress
|-resisted|p1a: Forretress
|-damage|p1a: Forretress|0 fnt
|-heal|p2a: Magearna|100/100|[from] drain|[of] p1a: Forretress
|faint|p1a: Forretress
|-ability|p2a: Magearna|Soul-Heart|boost
|-boost|p2a: Magearna|spa|1
|
|-damage|p2a: Magearna|88/100|[from] Salt Cure
|
|switch|p1a: Electrode|Electrode-Hisui|100/100
|turn|12
|
|-terastallize|p1a: Electrode|Steel
|move|p2a: Magearna|Draining Kiss|p1a: Electrode
|-resisted|p1a: Electrode
|-damage|p1a: Electrode|21/100
|-heal|p2a: Magearna|100/100|[from] drain|[of] p1a: Electrode
|-status|p2a: Magearna|par|[from] ability: Static|[of] p1a: Electrode
|move|p1a: Electrode|Leech Seed|p2a: Magearna
|-start|p2a: Magearna|move: Leech Seed
|
|-heal|p1a: Electrode|27/100|[from] item: Leftovers
|-damage|p2a: Magearna|88/100 par|[from] Leech Seed|[of] p1a: Electrode
|-heal|p1a: Electrode|38/100|[silent]
|-damage|p2a: Magearna|76/100 par|[from] Salt Cure
|turn|13
|
|move|p1a: Electrode|Protect|p1a: Electrode
|-singleturn|p1a: Electrode|Protect
|move|p2a: Magearna|Draining Kiss|p1a: Electrode
|-activate|p1a: Electrode|move: Protect
|
|-heal|p1a: Electrode|44/100|[from] item: Leftovers
|-damage|p2a: Magearna|64/100 par|[from] Leech Seed|[of] p1a: Electrode
|-heal|p1a: Electrode|56/100|[silent]
|-damage|p2a: Magearna|51/100 par|[from] Salt Cure
|turn|14
|
|move|p1a: Electrode|Protect|p1a: Electrode
|-singleturn|p1a: Electrode|Protect
|move|p2a: Magearna|Draining Kiss|p1a: Electrode
|-activate|p1a: Electrode|move: Protect
|
|-heal|p1a: Electrode|62/100|[from] item: Leftovers
|-damage|p2a: Magearna|39/100 par|[from] Leech Seed|[of] p1a: Electrode
|-heal|p1a: Electrode|73/100|[silent]
|-damage|p2a: Magearna|27/100 par|[from] Salt Cure
|turn|15
|
|move|p1a: Electrode|Protect||[still]
|-fail|p1a: Electrode
|move|p2a: Magearna|Draining Kiss|p1a: Electrode
|-resisted|p1a: Electrode
|-damage|p1a: Electrode|0 fnt
|-heal|p2a: Magearna|86/100 par|[from] drain|[of] p1a: Electrode
|faint|p1a: Electrode
|-ability|p2a: Magearna|Soul-Heart|boost
|-boost|p2a: Magearna|spa|1
|
|-damage|p2a: Magearna|73/100 par|[from] Salt Cure
|
|switch|p1a: Cresselia|Cresselia, F|100/100
|turn|16
|
|move|p2a: Magearna|Draining Kiss|p1a: Cresselia
|-damage|p1a: Cresselia|8/100
|-heal|p2a: Magearna|100/100 par|[from] drain|[of] p1a: Cresselia
|move|p1a: Cresselia|Calm Mind|p1a: Cresselia
|-boost|p1a: Cresselia|spa|1
|-boost|p1a: Cresselia|spd|1
|
|-heal|p1a: Cresselia|14/100|[from] item: Leftovers
|-damage|p2a: Magearna|88/100 par|[from] Leech Seed|[of] p1a: Cresselia
|-heal|p1a: Cresselia|22/100|[silent]
|-damage|p2a: Magearna|76/100 par|[from] Salt Cure
|turn|17
|
|move|p2a: Magearna|Draining Kiss|p1a: Cresselia
|-damage|p1a: Cresselia|0 fnt
|-heal|p2a: Magearna|99/100 par|[from] drain|[of] p1a: Cresselia
|faint|p1a: Cresselia
|-ability|p2a: Magearna|Soul-Heart|boost
|-boost|p2a: Magearna|spa|1
|
|-damage|p2a: Magearna|88/100 par|[from] Salt Cure
|
|switch|p1a: Baxcalibur|Baxcalibur, F|100/100
|turn|18
|
|move|p1a: Baxcalibur|Ice Shard|p2a: Magearna
|-damage|p2a: Magearna|53/100 par
|move|p2a: Magearna|Draining Kiss|p1a: Baxcalibur
|-supereffective|p1a: Baxcalibur
|-damage|p1a: Baxcalibur|0 fnt
|-heal|p2a: Magearna|100/100 par|[from] drain|[of] p1a: Baxcalibur
|faint|p1a: Baxcalibur
|
|-damage|p2a: Magearna|88/100 par|[from] Salt Cure
|
|switch|p1a: Decidueye|Decidueye, F|100/100 slp
|turn|19
|
|cant|p1a: Decidueye|slp
|move|p2a: Magearna|Stored Power|p1a: Decidueye
|-damage|p1a: Decidueye|0 fnt
|faint|p1a: Decidueye
|
|-damage|p2a: Magearna|76/100 par|[from] Salt Cure
|
|switch|p1a: Garganacl|Garganacl, F|100/100
|turn|20
|
|move|p1a: Garganacl|Protect|p1a: Garganacl
|-singleturn|p1a: Garganacl|Protect
|move|p2a: Magearna|Stored Power|p1a: Garganacl
|-activate|p1a: Garganacl|move: Protect
|
|-damage|p2a: Magearna|64/100 par|[from] Leech Seed|[of] p1a: Garganacl
|-damage|p2a: Magearna|51/100 par|[from] Salt Cure
|turn|21
|
|move|p1a: Garganacl|Protect||[still]
|-fail|p1a: Garganacl
|move|p2a: Magearna|Stored Power|p1a: Garganacl
|-damage|p1a: Garganacl|0 fnt
|faint|p1a: Garganacl
|
|win|p2
