# advantage = p1
|poke|p1|Garchomp, F|
|poke|p1|Gardevoir, F|
|poke|p1|Lucario, F|
|poke|p1|Cinderace, F|
|poke|p1|Mudsdale, M|
|poke|p1|Bellibolt, F|
|poke|p2|Gyarados, M|
|poke|p2|Great Tusk|
|poke|p2|Arcanine, F|
|poke|p2|Rotom-Fan|
|poke|p2|Brute Bonnet|
|poke|p2|Slither Wing|
|teampreview
|
|start
|switch|p1a: Hecarim ;)|Mudsdale, M|100/100
|switch|p2a: Cruchwrap Supreme|Slither Wing|100/100
|turn|1
|
|-end|p2a: Cruchwrap Supreme|Protosynthesis|[silent]
|switch|p2a: BORK BORK|Arcanine, F|100/100
|-ability|p2a: BORK BORK|Intimidate|boost
|-unboost|p1a: Hecarim ;)|atk|1
|move|p1a: Hecarim ;)|Stealth Rock|p2a: BORK BORK
|-sidestart|p2: p2|move: Stealth Rock
|
|turn|2
|
|move|p2a: BORK BORK|Will-O-Wisp|p1a: Hecarim ;)
|-status|p1a: Hecarim ;)|brn
|move|p1a: Hecarim ;)|Body Press|p2a: BORK BORK
|-damage|p2a: BORK BORK|91/100
|
|-damage|p1a: Hecarim ;)|94/100 brn|[from] brn
|turn|3
|
|switch|p2a: Dyson|Rotom-Fan|100/100
|switch|p1a: Land Shark|Garchomp, F|100/100
|
|turn|4
|
|switch|p2a: Landon|Brute Bonnet|100/100
|-damage|p2a: Landon|88/100|[from] Stealth Rock
|move|p1a: Land Shark|Draco Meteor|p2a: Landon
|-damage|p2a: Landon|29/100
|-unboost|p1a: Land Shark|spa|2
|-damage|p1a: Land Shark|91/100|[from] item: Life Orb
|
|turn|5
|
|-end|p2a: Landon|Protosynthesis|[silent]
|switch|p2a: Big Karp|Gyarados, M|100/100
|-damage|p2a: Big Karp|76/100|[from] Stealth Rock
|-ability|p2a: Big Karp|Intimidate|boost
|-unboost|p1a: Land Shark|atk|1
|move|p1a: Land Shark|Flamethrower|p2a: Big Karp
|-resisted|p2a: Big Karp
|-damage|p2a: Big Karp|67/100
|-damage|p1a: Land Shark|81/100|[from] item: Life Orb
|
|-heal|p2a: Big Karp|73/100|[from] item: Leftovers
|turn|6
|
|switch|p1a: Buddha|Bellibolt, F|100/100
|move|p2a: Big Karp|Dragon Dance|p2a: Big Karp
|-boost|p2a: Big Karp|atk|1
|-boost|p2a: Big Karp|spe|1
|
|-heal|p2a: Big Karp|79/100|[from] item: Leftovers
|turn|7
|
|switch|p2a: Lando at home|Great Tusk|100/100
|move|p1a: Buddha|Parabolic Charge|p2a: Lando at home
|-immune|p2a: Lando at home
|
|turn|8
|
|move|p2a: Lando at home|Rapid Spin|p1a: Buddha
|-damage|p1a: Buddha|90/100
|-boost|p2a: Lando at home|spe|1
|-start|p1a: Buddha|Charge|Rapid Spin|[from] ability: Electromorphosis
|-sideend|p2: p2|Stealth Rock|[from] move: Rapid Spin|[of] p2a: Lando at home
|move|p1a: Buddha|Muddy Water|p2a: Lando at home|[miss]
|-miss|p1a: Buddha|p2a: Lando at home
|
|turn|9
|
|move|p2a: Lando at home|Knock Off|p1a: Buddha
|-damage|p1a: Buddha|69/100
|-start|p1a: Buddha|Charge|Knock Off|[from] ability: Electromorphosis
|-enditem|p1a: Buddha|Heavy-Duty Boots|[from] move: Knock Off|[of] p2a: Lando at home
|move|p1a: Buddha|Muddy Water|p2a: Lando at home
|-supereffective|p2a: Lando at home
|-damage|p2a: Lando at home|32/100
|
|turn|10
|
|move|p2a: Lando at home|Headlong Rush|p1a: Buddha
|-supereffective|p1a: Buddha
|-damage|p1a: Buddha|0 fnt
|-unboost|p2a: Lando at home|def|1
|-unboost|p2a: Lando at home|spd|1
|faint|p1a: Buddha
|
|
|switch|p1a: Hecarim ;)|Mudsdale, M|94/100 brn
|turn|11
|
|-end|p2a: Lando at home|Protosynthesis|[silent]
|switch|p2a: Dyson|Rotom-Fan|100/100
|move|p1a: Hecarim ;)|Stealth Rock|p2a: Dyson
|-sidestart|p2: p2|move: Stealth Rock
|
|-heal|p1a: Hecarim ;)|100/100 brn|[from] item: Leftovers
|-damage|p1a: Hecarim ;)|94/100 brn|[from] brn
|turn|12
|
|-terastallize|p2a: Dyson|Grass
|move|p2a: Dyson|Nasty Plot|p2a: Dyson
|-boost|p2a: Dyson|spa|2
|move|p1a: Hecarim ;)|Roar|p2a: Dyson
|drag|p2a: Lando at home|Great Tusk|32/100
|
|-heal|p1a: Hecarim ;)|100/100 brn|[from] item: Leftovers
|-damage|p1a: Hecarim ;)|94/100 brn|[from] brn
|turn|13
|
|move|p2a: Lando at home|Headlong Rush|p1a: Hecarim ;)
|-damage|p1a: Hecarim ;)|53/100 brn
|-unboost|p2a: Lando at home|def|1
|-unboost|p2a: Lando at home|spd|1
|-ability|p1a: Hecarim ;)|Stamina|boost
|-boost|p1a: Hecarim ;)|def|1
|move|p1a: Hecarim ;)|Body Press|p2a: Lando at home
|-damage|p2a: Lando at home|10/100
|
|-heal|p1a: Hecarim ;)|59/100 brn|[from] item: Leftovers
|-damage|p1a: Hecarim ;)|53/100 brn|[from] brn
|turn|14
|
|move|p2a: Lando at home|Knock Off|p1a: Hecarim ;)
|-damage|p1a: Hecarim ;)|39/100 brn
|-ability|p1a: Hecarim ;)|Stamina|boost
|-boost|p1a: Hecarim ;)|def|1
|-enditem|p1a: Hecarim ;)|Leftovers|[from] move: Knock Off|[of] p2a: Lando at home
|move|p1a: Hecarim ;)|Body Press|p2a: Lando at home
|-damage|p2a: Lando at home|0 fnt
|faint|p2a: Lando at home
|-end|p2a: Lando at home|Protosynthesis|[silent]
|
|-damage|p1a: Hecarim ;)|33/100 brn|[from] brn
|
|switch|p2a: Dyson|Rotom-Fan, tera:Grass|100/100
|turn|15
|
|switch|p1a: Land Shark|Garchomp, F|81/100
|move|p2a: Dyson|Tera Blast|p1a: Land Shark
|-damage|p1a: Land Shark|35/100
|
|turn|16
|
|switch|p2a: BORK BORK|Arcanine, F|91/100
|-damage|p2a: BORK BORK|66/100|[from] Stealth Rock
|-ability|p2a: BORK BORK|Intimidate|boost
|-unboost|p1a: Land Shark|atk|1
|move|p1a: Land Shark|Flamethrower|p2a: BORK BORK
|-resisted|p2a: BORK BORK
|-damage|p2a: BORK BORK|48/100
|-damage|p1a: Land Shark|25/100|[from] item: Life Orb
|
|turn|17
|
|switch|p2a: Landon|Brute Bonnet|29/100
|-damage|p2a: Landon|17/100|[from] Stealth Rock
|move|p1a: Land Shark|Draco Meteor|p2a: Landon
|-damage|p2a: Landon|0 fnt
|-unboost|p1a: Land Shark|spa|2
|faint|p2a: Landon
|-end|p2a: Landon|Protosynthesis|[silent]
|-damage|p1a: Land Shark|16/100|[from] item: Life Orb
|
|
|switch|p2a: Cruchwrap Supreme|Slither Wing|100/100
|-damage|p2a: Cruchwrap Supreme|88/100|[from] Stealth Rock
|turn|18
|
|move|p2a: Cruchwrap Supreme|First Impression|p1a: Land Shark
|-damage|p1a: Land Shark|0 fnt
|-damage|p2a: Cruchwrap Supreme|76/100|[from] ability: Rough Skin|[of] p1a: Land Shark
|faint|p1a: Land Shark
|
|
|switch|p1a: Sport Ball|Cinderace, F|100/100
|turn|19
|
|-end|p2a: Cruchwrap Supreme|Protosynthesis|[silent]
|switch|p2a: Big Karp|Gyarados, M|79/100
|-damage|p2a: Big Karp|54/100|[from] Stealth Rock
|-ability|p2a: Big Karp|Intimidate|boost
|-unboost|p1a: Sport Ball|atk|1
|move|p1a: Sport Ball|Pyro Ball|p2a: Big Karp
|-resisted|p2a: Big Karp
|-damage|p2a: Big Karp|23/100
|-damage|p1a: Sport Ball|91/100|[from] item: Life Orb
|
|-heal|p2a: Big Karp|29/100|[from] item: Leftovers
|turn|20
|
|move|p1a: Sport Ball|U-turn|p2a: Big Karp
|-start|p1a: Sport Ball|typechange|Bug|[from] ability: Libero
|-resisted|p2a: Big Karp
|-damage|p2a: Big Karp|11/100
|-damage|p1a: Sport Ball|81/100|[from] item: Life Orb
|
|switch|p1a: Furry Bait|Lucario, F|100/100|[from] U-turn
|move|p2a: Big Karp|Waterfall|p1a: Furry Bait
|-damage|p1a: Furry Bait|33/100
|
|-heal|p2a: Big Karp|17/100|[from] item: Leftovers
|turn|21
|
|move|p1a: Furry Bait|Extreme Speed|p2a: Big Karp
|-damage|p2a: Big Karp|0 fnt
|faint|p2a: Big Karp
|-damage|p1a: Furry Bait|23/100|[from] item: Life Orb
|
|
|switch|p2a: BORK BORK|Arcanine, F|48/100
|-damage|p2a: BORK BORK|23/100|[from] Stealth Rock
|-ability|p2a: BORK BORK|Intimidate|boost
|-fail|p1a: Furry Bait|unboost|Attack|[from] ability: Inner Focus|[of] p1a: Furry Bait
|turn|22
|
|move|p1a: Furry Bait|Extreme Speed|p2a: BORK BORK
|-damage|p2a: BORK BORK|0 fnt
|faint|p2a: BORK BORK
|-damage|p1a: Furry Bait|13/100|[from] item: Life Orb
|
|
|switch|p2a: Cruchwrap Supreme|Slither Wing|76/100
|-damage|p2a: Cruchwrap Supreme|64/100|[from] Stealth Rock
|turn|23
|
|move|p1a: Furry Bait|Extreme Speed|p2a: Cruchwrap Supreme
|-damage|p2a: Cruchwrap Supreme|18/100
|-damage|p1a: Furry Bait|3/100|[from] item: Life Orb
|move|p2a: Cruchwrap Supreme|First Impression|p1a: Furry Bait
|-resisted|p1a: Furry Bait
|-damage|p1a: Furry Bait|0 fnt
|faint|p1a: Furry Bait
|
|
|switch|p1a: Sport Ball|Cinderace, F|81/100
|turn|24
|
|move|p2a: Cruchwrap Supreme|First Impression||[still]
|-hint|First Impression only works on your first turn out.
|-fail|p2a: Cruchwrap Supreme
|move|p1a: Sport Ball|Pyro Ball|p2a: Cruchwrap Supreme
|-supereffective|p2a: Cruchwrap Supreme
|-damage|p2a: Cruchwrap Supreme|0 fnt
|faint|p2a: Cruchwrap Supreme
|-end|p2a: Cruchwrap Supreme|Protosynthesis|[silent]
|-damage|p1a: Sport Ball|71/100|[from] item: Life Orb
|
|
|switch|p2a: Dyson|Rotom-Fan, tera:Grass|100/100
|turn|25
|
|move|p1a: Sport Ball|Pyro Ball|p2a: Dyson
|-supereffective|p2a: Dyson
|-damage|p2a: Dyson|0 fnt
|faint|p2a: Dyson
|-damage|p1a: Sport Ball|61/100|[from] item: Life Orb
|
|win|p1
