|poke|p1|Walking Wake|
|poke|p1|Torkoal, M|
|poke|p1|Floatzel, F|
|poke|p1|Pelipper, F|
|poke|p1|Dragapult, F|
|poke|p1|Great Tusk|
|poke|p2|Great Tusk|
|poke|p2|Amoonguss, M|
|poke|p2|Cinderace, M|
|poke|p2|Zamazenta-*|
|poke|p2|Chien-Pao|
|poke|p2|Corviknight, F|
|teampreview
|
|start
|switch|p1a: Pelipper|Pelipper, F|100/100
|switch|p2a: Cinderace|Cinderace, M|100/100
|-weather|RainDance|[from] ability: Drizzle|[of] p1a: Pelipper
|turn|1
|
|move|p2a: Cinderace|U-turn|p1a: Pelipper
|-resisted|p1a: Pelipper
|-damage|p1a: Pelipper|91/100
|
|switch|p2a: Corviknight|Corviknight, F|100/100|[from] U-turn
|-ability|p2a: Corviknight|Pressure
|move|p1a: Pelipper|Hurricane|p2a: Corviknight
|-resisted|p2a: Corviknight
|-damage|p2a: Corviknight|81/100
|-start|p2a: Corviknight|confusion
|
|-weather|RainDance|[upkeep]
|turn|2
|
|-activate|p2a: Corviknight|confusion
|-damage|p2a: Corviknight|76/100|[from] confusion
|move|p1a: Pelipper|U-turn|p2a: Corviknight
|-resisted|p2a: Corviknight
|-damage|p2a: Corviknight|75/100
|-damage|p1a: Pelipper|75/100|[from] item: Rocky Helmet|[of] p2a: Corviknight
|
|switch|p1a: Floatzel|Floatzel, F|100/100|[from] U-turn
|
|-weather|RainDance|[upkeep]
|turn|3
|
|-terastallize|p2a: Corviknight|Water
|move|p1a: Floatzel|Wave Crash|p2a: Corviknight
|-resisted|p2a: Corviknight
|-damage|p2a: Corviknight|36/100
|-damage|p1a: Floatzel|84/100|[from] item: Rocky Helmet|[of] p2a: Corviknight
|-damage|p1a: Floatzel|67/100|[from] Recoil
|-activate|p2a: Corviknight|confusion
|move|p2a: Corviknight|Roost|p2a: Corviknight
|-heal|p2a: Corviknight|86/100
|
|-weather|RainDance|[upkeep]
|turn|4
|
|switch|p1a: Dragapult|Dragapult, F|100/100
|-end|p2a: Corviknight|confusion
|move|p2a: Corviknight|Roost|p2a: Corviknight
|-heal|p2a: Corviknight|100/100
|
|-weather|RainDance|[upkeep]
|turn|5
|
|move|p1a: Dragapult|Thunder|p2a: Corviknight
|-supereffective|p2a: Corviknight
|-damage|p2a: Corviknight|4/100
|-status|p2a: Corviknight|par
|move|p2a: Corviknight|U-turn|p1a: Dragapult
|-resisted|p1a: Dragapult
|-damage|p1a: Dragapult|90/100
|
|switch|p2a: Chien-Pao|Chien-Pao|100/100|[from] U-turn
|-ability|p2a: Chien-Pao|Sword of Ruin
|
|-weather|RainDance|[upkeep]
|turn|6
|
|move|p1a: Dragapult|Thunder|p2a: Chien-Pao
|-damage|p2a: Chien-Pao|24/100
|move|p2a: Chien-Pao|Crunch|p1a: Dragapult
|-supereffective|p1a: Dragapult
|-damage|p1a: Dragapult|0 fnt
|faint|p1a: Dragapult
|
|-weather|RainDance|[upkeep]
|
|switch|p1a: Floatzel|Floatzel, F|67/100
|turn|7
|
|switch|p2a: Corviknight|Corviknight, F, tera:Water|4/100 par
|-ability|p2a: Corviknight|Pressure
|move|p1a: Floatzel|Liquidation|p2a: Corviknight
|-resisted|p2a: Corviknight
|-damage|p2a: Corviknight|0 fnt
|-damage|p1a: Floatzel|51/100|[from] item: Rocky Helmet|[of] p2a: Corviknight
|faint|p2a: Corviknight
|
|-weather|RainDance|[upkeep]
|
|switch|p2a: Cinderace|Cinderace, M|100/100
|turn|8
|
|move|p2a: Cinderace|Sucker Punch|p1a: Floatzel
|-damage|p1a: Floatzel|11/100
|move|p1a: Floatzel|Liquidation|p2a: Cinderace
|-supereffective|p2a: Cinderace
|-damage|p2a: Cinderace|0 fnt
|faint|p2a: Cinderace
|
|-weather|none
|
|switch|p2a: Chien-Pao|Chien-Pao|24/100
|-ability|p2a: Chien-Pao|Sword of Ruin
|turn|9
|
|switch|p1a: Pelipper|Pelipper, F|75/100
|-weather|RainDance|[from] ability: Drizzle|[of] p1a: Pelipper
|move|p2a: Chien-Pao|Ice Shard|p1a: Pelipper
|-damage|p1a: Pelipper|44/100
|
|-weather|RainDance|[upkeep]
|turn|10
|
|switch|p2a: Grandioso Tusk|Great Tusk|100/100
|move|p1a: Pelipper|Surf|p2a: Grandioso Tusk
|-supereffective|p2a: Grandioso Tusk
|-damage|p2a: Grandioso Tusk|0 fnt
|faint|p2a: Grandioso Tusk
|-end|p2a: Grandioso Tusk|Protosynthesis|[silent]
|
|-weather|RainDance|[upkeep]
|
|switch|p2a: Zamazenta|Zamazenta|100/100
|-ability|p2a: Zamazenta|Dauntless Shield|boost
|-boost|p2a: Zamazenta|def|1
|turn|11
|
|move|p2a: Zamazenta|Ice Fang|p1a: Pelipper
|-damage|p1a: Pelipper|18/100
|move|p1a: Pelipper|Hurricane|p2a: Zamazenta
|-supereffective|p2a: Zamazenta
|-damage|p2a: Zamazenta|30/100
|
|-weather|RainDance|[upkeep]
|turn|12
|
|move|p2a: Zamazenta|Ice Fang|p1a: Pelipper
|-damage|p1a: Pelipper|0 fnt
|faint|p1a: Pelipper
|
|-weather|RainDance|[upkeep]
|
|switch|p1a: Floatzel|Floatzel, F|11/100
|turn|13
|
|move|p1a: Floatzel|Ice Spinner|p2a: Zamazenta
|-damage|p2a: Zamazenta|6/100
|move|p2a: Zamazenta|Ice Fang|p1a: Floatzel
|-resisted|p1a: Floatzel
|-damage|p1a: Floatzel|0 fnt
|faint|p1a: Floatzel
|
|-weather|RainDance|[upkeep]
|
|switch|p1a: Torkoal|Torkoal, M|100/100
|-weather|SunnyDay|[from] ability: Drought|[of] p1a: Torkoal
|turn|14
|
|move|p2a: Zamazenta|Ice Fang|p1a: Torkoal
|-resisted|p1a: Torkoal
|-damage|p1a: Torkoal|91/100
|move|p1a: Torkoal|Stealth Rock|p2a: Zamazenta
|-sidestart|p2: p2|move: Stealth Rock
|
|-weather|SunnyDay|[upkeep]
|turn|15
|
|switch|p2a: Cabeça de Bongô|Amoonguss, M, shiny|100/100
|-damage|p2a: Cabeça de Bongô|88/100|[from] Stealth Rock
|move|p1a: Torkoal|Rapid Spin|p2a: Cabeça de Bongô
|-damage|p2a: Cabeça de Bongô|81/100
|-boost|p1a: Torkoal|spe|1
|-damage|p1a: Torkoal|75/100|[from] item: Rocky Helmet|[of] p2a: Cabeça de Bongô
|
|-weather|SunnyDay|[upkeep]
|turn|16
|
|move|p1a: Torkoal|Overheat|p2a: Cabeça de Bongô
|-supereffective|p2a: Cabeça de Bongô
|-damage|p2a: Cabeça de Bongô|0 fnt
|-unboost|p1a: Torkoal|spa|2
|faint|p2a: Cabeça de Bongô
|
|-weather|SunnyDay|[upkeep]
|
|switch|p2a: Chien-Pao|Chien-Pao|24/100
|-damage|p2a: Chien-Pao|0 fnt|[from] Stealth Rock
|faint|p2a: Chien-Pao
|
|switch|p2a: Zamazenta|Zamazenta|6/100
|-damage|p2a: Zamazenta|0 fnt|[from] Stealth Rock
|faint|p2a: Zamazenta
|
|win|p1
