|poke|p1|Slowking, M|
|poke|p1|Corviknight, F|
|poke|p1|Great Tusk|
|poke|p1|Dragapult, F|
|poke|p1|Skeledirge, M|
|poke|p1|Kingambit, F|
|poke|p2|Meowscarada, F|
|poke|p2|Corviknight, F|
|poke|p2|Slowking, M|
|poke|p2|Clodsire, F|
|poke|p2|Dondozo, M|
|poke|p2|Hydreigon, F|
|teampreview
|
|start
|switch|p1a: Dragapult|Dragapult, F|100/100
|switch|p2a: Corviknight|Corviknight, F|100/100
|-ability|p2a: Corviknight|Pressure
|turn|1
|
|move|p1a: Dragapult|Flamethrower|p2a: Corviknight
|-supereffective|p2a: Corviknight
|-damage|p2a: Corviknight|21/100
|move|p2a: Corviknight|U-turn|p1a: Dragapult
|-resisted|p1a: Dragapult
|-damage|p1a: Dragapult|92/100
|
|switch|p2a: Hydreigon|Hydreigon, F|100/100|[from] U-turn
|
|turn|2
|
|switch|p1a: Slowking|Slowking, M|100/100
|move|p2a: Hydreigon|Nasty Plot|p2a: Hydreigon
|-boost|p2a: Hydreigon|spa|2
|
|turn|3
|
|-terastallize|p1a: Slowking|Water
|move|p2a: Hydreigon|Dark Pulse|p1a: Slowking
|-damage|p1a: Slowking|53/100
|move|p1a: Slowking|Ice Beam|p2a: Hydreigon
|-supereffective|p2a: Hydreigon
|-damage|p2a: Hydreigon|39/100
|
|-heal|p2a: Hydreigon|45/100|[from] item: Leftovers
|turn|4
|
|move|p2a: Hydreigon|Dark Pulse|p1a: Slowking
|-damage|p1a: Slowking|6/100
|move|p1a: Slowking|Ice Beam|p2a: Hydreigon
|-supereffective|p2a: Hydreigon
|-damage|p2a: Hydreigon|0 fnt
|faint|p2a: Hydreigon
|
|
|switch|p2a: Meowscarada|Meowscarada, F|100/100
|turn|5
|j| im ready 2 die
|
|switch|p1a: Corviknight|Corviknight, F|100/100
|-ability|p1a: Corviknight|Pressure
|move|p2a: Meowscarada|Knock Off|p1a: Corviknight
|-damage|p1a: Corviknight|72/100
|-enditem|p1a: Corviknight|Leftovers|[from] move: Knock Off|[of] p2a: Meowscarada
|
|turn|6
|
|move|p2a: Meowscarada|U-turn|p1a: Corviknight
|-resisted|p1a: Corviknight
|-damage|p1a: Corviknight|69/100
|
|switch|p2a: Slowking|Slowking, M|100/100|[from] U-turn
|move|p1a: Corviknight|U-turn|p2a: Slowking
|-supereffective|p2a: Slowking
|-crit|p2a: Slowking
|-damage|p2a: Slowking|52/100
|
|switch|p1a: Dragapult|Dragapult, F|92/100|[from] U-turn
|
|turn|7
|
|switch|p2a: Clodsire|Clodsire, F|100/100
|move|p1a: Dragapult|Shadow Ball|p2a: Clodsire
|-damage|p2a: Clodsire|73/100
|
|turn|8
|
|switch|p1a: Slowking|Slowking, M, tera:Water|39/100
|move|p2a: Clodsire|Stealth Rock|p1a: Slowking
|-sidestart|p1: Hana Macchia|move: Stealth Rock
|
|turn|9
|
|switch|p1a: Corviknight|Corviknight, F|69/100
|-damage|p1a: Corviknight|56/100|[from] Stealth Rock
|-ability|p1a: Corviknight|Pressure
|move|p2a: Clodsire|Toxic|p1a: Corviknight
|-immune|p1a: Corviknight
|
|turn|10
|
|switch|p2a: Corviknight|Corviknight, F|21/100
|-ability|p2a: Corviknight|Pressure
|move|p1a: Corviknight|Roost|p1a: Corviknight
|-heal|p1a: Corviknight|100/100
|-singleturn|p1a: Corviknight|move: Roost
|
|-heal|p2a: Corviknight|27/100|[from] item: Leftovers
|turn|11
|
|move|p1a: Corviknight|U-turn|p2a: Corviknight
|-resisted|p2a: Corviknight
|-damage|p2a: Corviknight|25/100
|
|switch|p1a: Dragapult|Dragapult, F|92/100|[from] U-turn
|-damage|p1a: Dragapult|79/100|[from] Stealth Rock
|move|p2a: Corviknight|Roost|p2a: Corviknight
|-heal|p2a: Corviknight|75/100
|-singleturn|p2a: Corviknight|move: Roost
|
|-heal|p2a: Corviknight|81/100|[from] item: Leftovers
|turn|12
|
|switch|p2a: Slowking|Slowking, M|86/100
|move|p1a: Dragapult|Flamethrower|p2a: Slowking
|-resisted|p2a: Slowking
|-damage|p2a: Slowking|74/100
|
|turn|13
|
|switch|p1a: Kingambit|Kingambit, F|100/100
|-damage|p1a: Kingambit|94/100|[from] Stealth Rock
|move|p2a: Slowking|Chilly Reception|p2a: Slowking
|-weather|Snow
|
|switch|p2a: Meowscarada|Meowscarada, F|100/100|[from] Chilly Reception
|
|-weather|Snow|[upkeep]
|-heal|p1a: Kingambit|100/100|[from] item: Leftovers
|turn|14
|j| JMater
|
|-end|p1a: Kingambit|fallenundefined|[silent]
|switch|p1a: Corviknight|Corviknight, F|100/100
|-damage|p1a: Corviknight|88/100|[from] Stealth Rock
|-ability|p1a: Corviknight|Pressure
|move|p2a: Meowscarada|Knock Off|p1a: Corviknight
|-damage|p1a: Corviknight|71/100
|
|-weather|Snow|[upkeep]
|turn|15
|
|move|p2a: Meowscarada|U-turn|p1a: Corviknight
|-resisted|p1a: Corviknight
|-damage|p1a: Corviknight|67/100
|
|switch|p2a: Corviknight|Corviknight, F|81/100|[from] U-turn
|-ability|p2a: Corviknight|Pressure
|move|p1a: Corviknight|Defog|p2a: Corviknight
|-unboost|p2a: Corviknight|evasion|1
|-sideend|p1: Hana Macchia|Stealth Rock|[from] move: Defog|[of] p1a: Corviknight
|
|-weather|Snow|[upkeep]
|-heal|p2a: Corviknight|87/100|[from] item: Leftovers
|turn|16
|
|move|p1a: Corviknight|Roost|p1a: Corviknight
|-heal|p1a: Corviknight|100/100
|-singleturn|p1a: Corviknight|move: Roost
|move|p2a: Corviknight|U-turn|p1a: Corviknight
|-resisted|p1a: Corviknight
|-damage|p1a: Corviknight|96/100
|l|☆Highv0ltag3
|player|p2|
|j|☆Highv0ltag3
|player|p2|Highv0ltag3|volo
|
|switch|p2a: Slowking|Slowking, M|100/100|[from] U-turn
|
|-weather|Snow|[upkeep]
|turn|17
|
|move|p1a: Corviknight|U-turn|p2a: Slowking
|-supereffective|p2a: Slowking
|-damage|p2a: Slowking|73/100
|
|switch|p1a: Great Tusk|Great Tusk|100/100|[from] U-turn
|move|p2a: Slowking|Chilly Reception|p2a: Slowking
|
|switch|p2a: Meowscarada|Meowscarada, F|100/100|[from] Chilly Reception
|
|-weather|none
|turn|18
|
|-end|p1a: Great Tusk|Protosynthesis|[silent]
|switch|p1a: Corviknight|Corviknight, F|96/100
|-ability|p1a: Corviknight|Pressure
|move|p2a: Meowscarada|Knock Off|p1a: Corviknight
|-damage|p1a: Corviknight|79/100
|
|turn|19
|
|move|p2a: Meowscarada|U-turn|p1a: Corviknight
|-resisted|p1a: Corviknight
|-damage|p1a: Corviknight|76/100
|
|switch|p2a: Corviknight|Corviknight, F|87/100|[from] U-turn
|-ability|p2a: Corviknight|Pressure
|move|p1a: Corviknight|U-turn|p2a: Corviknight
|-resisted|p2a: Corviknight
|-damage|p2a: Corviknight|85/100
|
|switch|p1a: Dragapult|Dragapult, F|79/100|[from] U-turn
|
|-heal|p2a: Corviknight|91/100|[from] item: Leftovers
|turn|20
|
|switch|p2a: Slowking|Slowking, M|100/100
|move|p1a: Dragapult|U-turn|p2a: Slowking
|-supereffective|p2a: Slowking
|-damage|p2a: Slowking|64/100
|j| Saltybojagles
|
|switch|p1a: Kingambit|Kingambit, F|100/100|[from] U-turn
|
|turn|21
|
|switch|p2a: Corviknight|Corviknight, F|91/100
|-ability|p2a: Corviknight|Pressure
|move|p1a: Kingambit|Kowtow Cleave|p2a: Corviknight
|-damage|p2a: Corviknight|61/100
|
|-heal|p2a: Corviknight|67/100|[from] item: Leftovers
|turn|22
|
|-end|p1a: Kingambit|fallenundefined|[silent]
|switch|p1a: Dragapult|Dragapult, F|79/100
|move|p2a: Corviknight|U-turn|p1a: Dragapult
|-resisted|p1a: Dragapult
|-damage|p1a: Dragapult|69/100
|
|switch|p2a: Slowking|Slowking, M|97/100|[from] U-turn
|
|turn|23
|
|move|p1a: Dragapult|U-turn|p2a: Slowking
|-supereffective|p2a: Slowking
|-damage|p2a: Slowking|65/100
|
|switch|p1a: Kingambit|Kingambit, F|100/100|[from] U-turn
|move|p2a: Slowking|Chilly Reception|p2a: Slowking
|-weather|Snow
|
|switch|p2a: Meowscarada|Meowscarada, F|100/100|[from] Chilly Reception
|
|-weather|Snow|[upkeep]
|turn|24
|
|-end|p1a: Kingambit|fallenundefined|[silent]
|switch|p1a: Corviknight|Corviknight, F|76/100
|-ability|p1a: Corviknight|Pressure
|move|p2a: Meowscarada|Knock Off|p1a: Corviknight
|-damage|p1a: Corviknight|58/100
|
|-weather|Snow|[upkeep]
|turn|25
|
|move|p2a: Meowscarada|U-turn|p1a: Corviknight
|-resisted|p1a: Corviknight
|-damage|p1a: Corviknight|55/100
|
|switch|p2a: Corviknight|Corviknight, F|67/100|[from] U-turn
|-ability|p2a: Corviknight|Pressure
|move|p1a: Corviknight|Roost|p1a: Corviknight
|-heal|p1a: Corviknight|100/100
|-singleturn|p1a: Corviknight|move: Roost
|
|-weather|Snow|[upkeep]
|-heal|p2a: Corviknight|73/100|[from] item: Leftovers
|turn|26
|
|move|p1a: Corviknight|U-turn|p2a: Corviknight
|-resisted|p2a: Corviknight
|-damage|p2a: Corviknight|71/100
|
|switch|p1a: Great Tusk|Great Tusk|100/100|[from] U-turn
|move|p2a: Corviknight|U-turn|p1a: Great Tusk
|-resisted|p1a: Great Tusk
|-damage|p1a: Great Tusk|97/100
|
|switch|p2a: Meowscarada|Meowscarada, F|100/100|[from] U-turn
|
|-weather|Snow|[upkeep]
|-heal|p1a: Great Tusk|100/100|[from] item: Leftovers
|turn|27
|
|-end|p1a: Great Tusk|Protosynthesis|[silent]
|switch|p1a: Corviknight|Corviknight, F|100/100
|-ability|p1a: Corviknight|Pressure
|move|p2a: Meowscarada|Knock Off|p1a: Corviknight
|-crit|p1a: Corviknight
|-damage|p1a: Corviknight|73/100
|
|-weather|none
|turn|28
|
|move|p2a: Meowscarada|U-turn|p1a: Corviknight
|-resisted|p1a: Corviknight
|-damage|p1a: Corviknight|70/100
|
|switch|p2a: Corviknight|Corviknight, F|71/100|[from] U-turn
|-ability|p2a: Corviknight|Pressure
|move|p1a: Corviknight|U-turn|p2a: Corviknight
|-resisted|p2a: Corviknight
|-damage|p2a: Corviknight|69/100
|
|switch|p1a: Dragapult|Dragapult, F|69/100|[from] U-turn
|
|-heal|p2a: Corviknight|75/100|[from] item: Leftovers
|turn|29
|
|switch|p2a: Slowking|Slowking, M|98/100
|move|p1a: Dragapult|U-turn|p2a: Slowking
|-supereffective|p2a: Slowking
|-damage|p2a: Slowking|59/100
|
|switch|p1a: Great Tusk|Great Tusk|100/100|[from] U-turn
|
|turn|30
|l| JMater
|
|switch|p2a: Corviknight|Corviknight, F|75/100
|-ability|p2a: Corviknight|Pressure
|move|p1a: Great Tusk|Stealth Rock|p2a: Corviknight
|-sidestart|p2: Highv0ltag3|move: Stealth Rock
|
|-heal|p2a: Corviknight|81/100|[from] item: Leftovers
|turn|31
|
|move|p1a: Great Tusk|Knock Off|p2a: Corviknight
|-damage|p2a: Corviknight|63/100
|-enditem|p2a: Corviknight|Leftovers|[from] move: Knock Off|[of] p1a: Great Tusk
|move|p2a: Corviknight|Iron Defense|p2a: Corviknight
|-boost|p2a: Corviknight|def|2
|
|turn|32
|
|-end|p1a: Great Tusk|Protosynthesis|[silent]
|switch|p1a: Dragapult|Dragapult, F|69/100
|move|p2a: Corviknight|Roost|p2a: Corviknight
|-heal|p2a: Corviknight|100/100
|-singleturn|p2a: Corviknight|move: Roost
|
|turn|33
|
|switch|p2a: Clodsire|Clodsire, F|73/100
|move|p1a: Dragapult|Shadow Ball|p2a: Clodsire
|-damage|p2a: Clodsire|44/100
|
|turn|34
|
|switch|p1a: Slowking|Slowking, M, tera:Water|72/100
|move|p2a: Clodsire|Recover|p2a: Clodsire
|-heal|p2a: Clodsire|94/100
|
|turn|35
|
|switch|p1a: Kingambit|Kingambit, F|100/100
|move|p2a: Clodsire|Stealth Rock|p1a: Kingambit
|-sidestart|p1: Hana Macchia|move: Stealth Rock
|
|turn|36
|
|switch|p2a: Dondozo|Dondozo, M|100/100
|move|p1a: Kingambit|Kowtow Cleave|p2a: Dondozo
|-damage|p2a: Dondozo|78/100
|
|turn|37
|
|-end|p1a: Kingambit|fallenundefined|[silent]
|switch|p1a: Dragapult|Dragapult, F|69/100
|-damage|p1a: Dragapult|57/100|[from] Stealth Rock
|switch|p2a: Meowscarada|Meowscarada, F|100/100
|
|turn|38
|
|switch|p2a: Slowking|Slowking, M|93/100
|move|p1a: Dragapult|Shadow Ball|p2a: Slowking
|-supereffective|p2a: Slowking
|-damage|p2a: Slowking|27/100
|
|turn|39
|
|switch|p2a: Clodsire|Clodsire, F|94/100
|move|p1a: Dragapult|Shadow Ball|p2a: Clodsire
|-damage|p2a: Clodsire|65/100
|-unboost|p2a: Clodsire|spd|1
|
|turn|40
|
|move|p1a: Dragapult|Shadow Ball|p2a: Clodsire
|-damage|p2a: Clodsire|23/100
|move|p2a: Clodsire|Amnesia|p2a: Clodsire
|-boost|p2a: Clodsire|spd|2
|
|turn|41
|j| Bad Players
|
|switch|p1a: Slowking|Slowking, M, tera:Water|100/100
|-damage|p1a: Slowking|88/100|[from] Stealth Rock
|move|p2a: Clodsire|Recover|p2a: Clodsire
|-heal|p2a: Clodsire|73/100
|
|turn|42
|
|move|p1a: Slowking|Psyshock|p2a: Clodsire
|-supereffective|p2a: Clodsire
|-damage|p2a: Clodsire|0 fnt
|faint|p2a: Clodsire
|
|
|switch|p2a: Meowscarada|Meowscarada, F|100/100
|turn|43
|j| rhaegal77
|
|switch|p1a: Corviknight|Corviknight, F|70/100
|-damage|p1a: Corviknight|58/100|[from] Stealth Rock
|-ability|p1a: Corviknight|Pressure
|move|p2a: Meowscarada|Knock Off|p1a: Corviknight
|-damage|p1a: Corviknight|39/100
|
|turn|44
|
|move|p2a: Meowscarada|U-turn|p1a: Corviknight
|-resisted|p1a: Corviknight
|-damage|p1a: Corviknight|36/100
|
|switch|p2a: Slowking|Slowking, M|60/100|[from] U-turn
|move|p1a: Corviknight|Roost|p1a: Corviknight
|-heal|p1a: Corviknight|86/100
|-singleturn|p1a: Corviknight|move: Roost
|
|turn|45
|
|-terastallize|p2a: Slowking|Fairy
|move|p1a: Corviknight|Brave Bird|p2a: Slowking
|-damage|p2a: Slowking|20/100
|-damage|p1a: Corviknight|73/100|[from] Recoil
|move|p2a: Slowking|Chilly Reception|p2a: Slowking
|-weather|Snow
|
|switch|p2a: Meowscarada|Meowscarada, F|100/100|[from] Chilly Reception
|
|-weather|Snow|[upkeep]
|turn|46
|
|move|p2a: Meowscarada|U-turn|p1a: Corviknight
|-resisted|p1a: Corviknight
|-damage|p1a: Corviknight|70/100
|
|switch|p2a: Slowking|Slowking, M, tera:Fairy|53/100|[from] U-turn
|move|p1a: Corviknight|Roost|p1a: Corviknight
|-heal|p1a: Corviknight|100/100
|-singleturn|p1a: Corviknight|move: Roost
|
|-weather|Snow|[upkeep]
|turn|47
|
|move|p1a: Corviknight|U-turn|p2a: Slowking
|-resisted|p2a: Slowking
|-damage|p2a: Slowking|46/100
|
|switch|p1a: Slowking|Slowking, M, tera:Water|100/100|[from] U-turn
|-damage|p1a: Slowking|88/100|[from] Stealth Rock
|move|p2a: Slowking|Slack Off|p2a: Slowking
|-heal|p2a: Slowking|96/100
|
|-weather|Snow|[upkeep]
|turn|48
|
|move|p1a: Slowking|Surf|p2a: Slowking
|-damage|p2a: Slowking|63/100
|move|p2a: Slowking|Future Sight|p1a: Slowking
|-start|p2a: Slowking|move: Future Sight
|
|-weather|Snow|[upkeep]
|turn|49
|
|switch|p1a: Corviknight|Corviknight, F|100/100
|-damage|p1a: Corviknight|88/100|[from] Stealth Rock
|-ability|p1a: Corviknight|Pressure
|move|p2a: Slowking|Chilly Reception|p2a: Slowking
|
|switch|p2a: Corviknight|Corviknight, F|100/100|[from] Chilly Reception
|-damage|p2a: Corviknight|88/100|[from] Stealth Rock
|-ability|p2a: Corviknight|Pressure
|
|-weather|none
|turn|50
|
|move|p1a: Corviknight|Brave Bird|p2a: Corviknight
|-resisted|p2a: Corviknight
|-damage|p2a: Corviknight|78/100
|-damage|p1a: Corviknight|85/100|[from] Recoil
|move|p2a: Corviknight|U-turn|p1a: Corviknight
|-resisted|p1a: Corviknight
|-damage|p1a: Corviknight|83/100
|
|switch|p2a: Meowscarada|Meowscarada, F|100/100|[from] U-turn
|
|-end|p1a: Corviknight|move: Future Sight
|-resisted|p1a: Corviknight
|-damage|p1a: Corviknight|63/100
|turn|51
|
|move|p2a: Meowscarada|U-turn|p1a: Corviknight
|-resisted|p1a: Corviknight
|-damage|p1a: Corviknight|60/100
|
|switch|p2a: Slowking|Slowking, M, tera:Fairy|96/100|[from] U-turn
|move|p1a: Corviknight|U-turn|p2a: Slowking
|-resisted|p2a: Slowking
|-damage|p2a: Slowking|88/100
|
|switch|p1a: Kingambit|Kingambit, F|100/100|[from] U-turn
|-damage|p1a: Kingambit|94/100|[from] Stealth Rock
|
|-heal|p1a: Kingambit|100/100|[from] item: Leftovers
|turn|52
|
|switch|p2a: Dondozo|Dondozo, M|78/100
|move|p1a: Kingambit|Kowtow Cleave|p2a: Dondozo
|-damage|p2a: Dondozo|57/100
|
|turn|53
|
|-end|p1a: Kingambit|fallenundefined|[silent]
|switch|p1a: Slowking|Slowking, M, tera:Water|100/100
|-damage|p1a: Slowking|88/100|[from] Stealth Rock
|move|p2a: Dondozo|Body Press|p1a: Slowking
|-damage|p1a: Slowking|57/100
|
|turn|54
|
|switch|p2a: Meowscarada|Meowscarada, F|100/100
|move|p1a: Slowking|Psychic|p2a: Meowscarada
|-immune|p2a: Meowscarada
|
|turn|55
|
|switch|p1a: Corviknight|Corviknight, F|60/100
|-damage|p1a: Corviknight|48/100|[from] Stealth Rock
|-ability|p1a: Corviknight|Pressure
|move|p2a: Meowscarada|Knock Off|p1a: Corviknight
|-damage|p1a: Corviknight|30/100
|
|turn|56
|
|move|p2a: Meowscarada|Knock Off|p1a: Corviknight
|-damage|p1a: Corviknight|11/100
|move|p1a: Corviknight|Roost|p1a: Corviknight
|-heal|p1a: Corviknight|61/100
|-singleturn|p1a: Corviknight|move: Roost
|
|turn|57
|
|move|p2a: Meowscarada|U-turn|p1a: Corviknight
|-resisted|p1a: Corviknight
|-damage|p1a: Corviknight|58/100
|
|switch|p2a: Slowking|Slowking, M, tera:Fairy|100/100|[from] U-turn
|move|p1a: Corviknight|Roost|p1a: Corviknight
|-heal|p1a: Corviknight|100/100
|-singleturn|p1a: Corviknight|move: Roost
|
|turn|58
|
|move|p1a: Corviknight|U-turn|p2a: Slowking
|-resisted|p2a: Slowking
|-damage|p2a: Slowking|93/100
|
|switch|p1a: Great Tusk|Great Tusk|100/100|[from] U-turn
|-damage|p1a: Great Tusk|98/100|[from] Stealth Rock
|move|p2a: Slowking|Surf|p1a: Great Tusk
|-supereffective|p1a: Great Tusk
|-damage|p1a: Great Tusk|12/100
|
|-heal|p1a: Great Tusk|18/100|[from] item: Leftovers
|turn|59
|
|move|p1a: Great Tusk|Rapid Spin|p2a: Slowking
|-damage|p2a: Slowking|77/100
|-boost|p1a: Great Tusk|spe|1
|-sideend|p1: Hana Macchia|Stealth Rock|[from] move: Rapid Spin|[of] p1a: Great Tusk
|move|p2a: Slowking|Surf|p1a: Great Tusk
|-supereffective|p1a: Great Tusk
|-damage|p1a: Great Tusk|0 fnt
|faint|p1a: Great Tusk
|-end|p1a: Great Tusk|Protosynthesis|[silent]
|
|
|switch|p1a: Kingambit|Kingambit, F|100/100
|-activate|p1a: Kingambit|ability: Supreme Overlord
|-start|p1a: Kingambit|fallen1|[silent]
|turn|60
|
|switch|p2a: Dondozo|Dondozo, M|57/100
|move|p1a: Kingambit|Kowtow Cleave|p2a: Dondozo
|-damage|p2a: Dondozo|32/100
|
|turn|61
|
|move|p1a: Kingambit|Iron Head|p2a: Dondozo
|-resisted|p2a: Dondozo
|-damage|p2a: Dondozo|21/100
|move|p2a: Dondozo|Rest|p2a: Dondozo
|-status|p2a: Dondozo|slp|[from] move: Rest
|-heal|p2a: Dondozo|100/100 slp|[silent]
|
|turn|62
|
|-end|p1a: Kingambit|fallen1|[silent]
|switch|p1a: Dragapult|Dragapult, F|57/100
|cant|p2a: Dondozo|slp
|move|p2a: Dondozo|Sleep Talk|p2a: Dondozo
|move|p2a: Dondozo|Body Press|p1a: Dragapult|[from]move: Sleep Talk
|-immune|p1a: Dragapult
|
|turn|63
|
|switch|p2a: Slowking|Slowking, M, tera:Fairy|100/100
|move|p1a: Dragapult|U-turn|p2a: Slowking
|-resisted|p2a: Slowking
|-damage|p2a: Slowking|92/100
|
|switch|p1a: Kingambit|Kingambit, F|100/100|[from] U-turn
|-activate|p1a: Kingambit|ability: Supreme Overlord
|-start|p1a: Kingambit|fallen1|[silent]
|
|turn|64
|
|-end|p1a: Kingambit|fallen1|[silent]
|switch|p1a: Slowking|Slowking, M, tera:Water|90/100
|switch|p2a: Dondozo|Dondozo, M|100/100 slp
|
|turn|65
|
|switch|p2a: Slowking|Slowking, M, tera:Fairy|100/100
|move|p1a: Slowking|Ice Beam|p2a: Slowking
|-damage|p2a: Slowking|83/100
|
|turn|66
|
|move|p1a: Slowking|Psyshock|p2a: Slowking
|-damage|p2a: Slowking|46/100
|move|p2a: Slowking|Chilly Reception|p2a: Slowking
|-weather|Snow
|
|switch|p2a: Meowscarada|Meowscarada, F|100/100|[from] Chilly Reception
|
|-weather|Snow|[upkeep]
|turn|67
|
|switch|p1a: Corviknight|Corviknight, F|100/100
|-ability|p1a: Corviknight|Pressure
|move|p2a: Meowscarada|Flower Trick|p1a: Corviknight
|-resisted|p1a: Corviknight
|-crit|p1a: Corviknight
|-damage|p1a: Corviknight|93/100
|
|-weather|Snow|[upkeep]
|turn|68
|
|move|p2a: Meowscarada|U-turn|p1a: Corviknight
|-resisted|p1a: Corviknight
|-damage|p1a: Corviknight|90/100
|
|switch|p2a: Slowking|Slowking, M, tera:Fairy|79/100|[from] U-turn
|move|p1a: Corviknight|U-turn|p2a: Slowking
|-resisted|p2a: Slowking
|-damage|p2a: Slowking|72/100
|
|switch|p1a: Slowking|Slowking, M, tera:Water|100/100|[from] U-turn
|
|-weather|Snow|[upkeep]
|turn|69
|
|move|p1a: Slowking|Psyshock|p2a: Slowking
|-damage|p2a: Slowking|31/100
|move|p2a: Slowking|Chilly Reception|p2a: Slowking
|
|switch|p2a: Meowscarada|Meowscarada, F|100/100|[from] Chilly Reception
|
|-weather|Snow|[upkeep]
|turn|70
|
|switch|p1a: Corviknight|Corviknight, F|90/100
|-ability|p1a: Corviknight|Pressure
|move|p2a: Meowscarada|Knock Off|p1a: Corviknight
|-damage|p1a: Corviknight|73/100
|
|-weather|none
|turn|71
|
|switch|p2a: Slowking|Slowking, M, tera:Fairy|64/100
|move|p1a: Corviknight|U-turn|p2a: Slowking
|-resisted|p2a: Slowking
|-damage|p2a: Slowking|56/100
|
|switch|p1a: Slowking|Slowking, M, tera:Water|100/100|[from] U-turn
|
|turn|72
|
|switch|p2a: Meowscarada|Meowscarada, F|100/100
|move|p1a: Slowking|Ice Beam|p2a: Meowscarada
|-supereffective|p2a: Meowscarada
|-damage|p2a: Meowscarada|5/100
|-status|p2a: Meowscarada|frz
|
|turn|73
|
|cant|p2a: Meowscarada|frz
|move|p1a: Slowking|Surf|p2a: Meowscarada
|-resisted|p2a: Meowscarada
|-damage|p2a: Meowscarada|0 fnt
|faint|p2a: Meowscarada
|
|l| rhaegal77
|-message|Highv0ltag3 forfeited.
|
|win|Hana Macchia
|l|☆Highv0ltag3
