# advantage = p1
|poke|p1|Pelipper, F|
|poke|p1|Tornadus-Therian, M|
|poke|p1|Zapdos|
|poke|p1|Urshifu-*, F|
|poke|p1|Scizor, M|
|poke|p1|Basculegion, M|
|poke|p2|Lilligant-Hisui, F|
|poke|p2|Goodra-Hisui, F|
|poke|p2|Chien-Pao|
|poke|p2|Garchomp, F|
|poke|p2|Zamazenta-*|
|poke|p2|Ceruledge, M|
|teampreview
|
|start
|switch|p1a: Pelipper|Pelipper, F, shiny|100/100
|switch|p2a: Garchomp|Garchomp, F|100/100
|-weather|RainDance|[from] ability: Drizzle|[of] p1a: Pelipper
|turn|1
|
|move|p2a: Garchomp|Stealth Rock|p1a: Pelipper
|-sidestart|p1: p1|move: Stealth Rock
|move|p1a: Pelipper|Ice Beam|p2a: Garchomp
|-supereffective|p2a: Garchomp
|-damage|p2a: Garchomp|0 fnt
|faint|p2a: Garchomp
|
|-weather|RainDance|[upkeep]
|
|switch|p2a: Ceruledge|Ceruledge, M|100/100
|turn|2
|
|-terastallize|p2a: Ceruledge|Grass
|move|p2a: Ceruledge|Bulk Up|p2a: Ceruledge
|-boost|p2a: Ceruledge|atk|1
|-boost|p2a: Ceruledge|def|1
|move|p1a: Pelipper|Knock Off|p2a: Ceruledge
|-damage|p2a: Ceruledge|89/100
|-ability|p2a: Ceruledge|Weak Armor|boost
|-unboost|p2a: Ceruledge|def|1
|-boost|p2a: Ceruledge|spe|2
|-enditem|p2a: Ceruledge|Weakness Policy|[from] move: Knock Off|[of] p1a: Pelipper
|
|-weather|RainDance|[upkeep]
|turn|3
|
|move|p2a: Ceruledge|Bulk Up|p2a: Ceruledge
|-boost|p2a: Ceruledge|atk|1
|-boost|p2a: Ceruledge|def|1
|move|p1a: Pelipper|Hurricane|p2a: Ceruledge
|-supereffective|p2a: Ceruledge
|-damage|p2a: Ceruledge|0 fnt
|faint|p2a: Ceruledge
|
|-weather|RainDance|[upkeep]
|
|switch|p2a: Chien-Pao|Chien-Pao|100/100
|-ability|p2a: Chien-Pao|Sword of Ruin
|turn|4
|
|move|p2a: Chien-Pao|Icicle Crash|p1a: Pelipper
|-damage|p1a: Pelipper|43/100
|move|p1a: Pelipper|U-turn|p2a: Chien-Pao
|-supereffective|p2a: Chien-Pao
|-damage|p2a: Chien-Pao|78/100
|
|switch|p1a: Scizor|Scizor, M|100/100|[from] U-turn
|-damage|p1a: Scizor|88/100|[from] Stealth Rock
|
|-weather|RainDance|[upkeep]
|-heal|p1a: Scizor|94/100|[from] item: Leftovers
|turn|5
|
|move|p2a: Chien-Pao|Sacred Sword|p1a: Scizor
|-damage|p1a: Scizor|65/100
|move|p1a: Scizor|Substitute|p1a: Scizor
|-start|p1a: Scizor|Substitute
|-damage|p1a: Scizor|40/100
|
|-weather|RainDance|[upkeep]
|-heal|p1a: Scizor|47/100|[from] item: Leftovers
|turn|6
|
|move|p1a: Scizor|Bullet Punch|p2a: Chien-Pao
|-supereffective|p2a: Chien-Pao
|-crit|p2a: Chien-Pao
|-damage|p2a: Chien-Pao|0 fnt
|faint|p2a: Chien-Pao
|
|-weather|RainDance|[upkeep]
|-heal|p1a: Scizor|53/100|[from] item: Leftovers
|
|switch|p2a: Zamazenta|Zamazenta|100/100
|-ability|p2a: Zamazenta|Dauntless Shield|boost
|-boost|p2a: Zamazenta|def|1
|turn|7
|
|move|p1a: Scizor|Bullet Punch|p2a: Zamazenta
|-damage|p2a: Zamazenta|84/100
|move|p2a: Zamazenta|Iron Defense|p2a: Zamazenta
|-boost|p2a: Zamazenta|def|2
|
|-weather|RainDance|[upkeep]
|-heal|p2a: Zamazenta|90/100|[from] item: Leftovers
|-heal|p1a: Scizor|59/100|[from] item: Leftovers
|turn|8
|
|move|p2a: Zamazenta|Iron Defense|p2a: Zamazenta
|-boost|p2a: Zamazenta|def|2
|move|p1a: Scizor|U-turn|p2a: Zamazenta
|-resisted|p2a: Zamazenta
|-damage|p2a: Zamazenta|86/100
|
|switch|p1a: Urshifu|Urshifu-Rapid-Strike, F|100/100|[from] U-turn
|-damage|p1a: Urshifu|94/100|[from] Stealth Rock
|
|-weather|none
|-heal|p2a: Zamazenta|92/100|[from] item: Leftovers
|turn|9
|
|-terastallize|p1a: Urshifu|Water
|move|p2a: Zamazenta|Body Press|p1a: Urshifu
|-damage|p1a: Urshifu|0 fnt
|faint|p1a: Urshifu
|
|-heal|p2a: Zamazenta|98/100|[from] item: Leftovers
|
|switch|p1a: Pelipper|Pelipper, F, shiny|43/100
|-damage|p1a: Pelipper|18/100|[from] Stealth Rock
|-weather|RainDance|[from] ability: Drizzle|[of] p1a: Pelipper
|turn|10
|
|move|p2a: Zamazenta|Body Press|p1a: Pelipper
|-resisted|p1a: Pelipper
|-damage|p1a: Pelipper|0 fnt
|faint|p1a: Pelipper
|
|-weather|RainDance|[upkeep]
|-heal|p2a: Zamazenta|100/100|[from] item: Leftovers
|
|switch|p1a: Tornadus|Tornadus-Therian, M, shiny|100/100
|turn|11
|
|move|p2a: Zamazenta|Body Press|p1a: Tornadus
|-resisted|p1a: Tornadus
|-damage|p1a: Tornadus|29/100
|move|p1a: Tornadus|Hurricane|p2a: Zamazenta
|-supereffective|p2a: Zamazenta
|-damage|p2a: Zamazenta|10/100
|
|-weather|RainDance|[upkeep]
|-heal|p2a: Zamazenta|16/100|[from] item: Leftovers
|turn|12
|
|move|p2a: Zamazenta|Body Press|p1a: Tornadus
|-resisted|p1a: Tornadus
|-damage|p1a: Tornadus|0 fnt
|faint|p1a: Tornadus
|
|-weather|RainDance|[upkeep]
|-heal|p2a: Zamazenta|22/100|[from] item: Leftovers
|n|!p1|v0yboy
|
|switch|p1a: Basculegion|Basculegion, M|100/100
|-damage|p1a: Basculegion|88/100|[from] Stealth Rock
|turn|13
|
|move|p1a: Basculegion|Wave Crash|p2a: Zamazenta
|-damage|p2a: Zamazenta|0 fnt
|faint|p2a: Zamazenta
|-damage|p1a: Basculegion|82/100|[from] Recoil
|-damage|p1a: Basculegion|72/100|[from] item: Life Orb
|
|-weather|RainDance|[upkeep]
|
|switch|p2a: Goodra|Goodra-Hisui, F|100/100
|turn|14
|
|switch|p1a: Scizor|Scizor, M|59/100
|-damage|p1a: Scizor|47/100|[from] Stealth Rock
|move|p2a: Goodra|Draco Meteor|p1a: Scizor
|-resisted|p1a: Scizor
|-damage|p1a: Scizor|17/100
|-unboost|p2a: Goodra|spa|2
|
|-weather|RainDance|[upkeep]
|-heal|p1a: Scizor|23/100|[from] item: Leftovers
|turn|15
|
|move|p1a: Scizor|Close Combat|p2a: Goodra
|-supereffective|p2a: Goodra
|-damage|p2a: Goodra|34/100
|-unboost|p1a: Scizor|def|1
|-unboost|p1a: Scizor|spd|1
|move|p2a: Goodra|Dragon Tail|p1a: Scizor
|-resisted|p1a: Scizor
|-damage|p1a: Scizor|10/100
|drag|p1a: Basculegion|Basculegion, M|72/100
|-damage|p1a: Basculegion|60/100|[from] Stealth Rock
|
|-weather|RainDance|[upkeep]
|turn|16
|
|move|p1a: Basculegion|Wave Crash|p2a: Goodra
|-resisted|p2a: Goodra
|-damage|p2a: Goodra|0 fnt
|faint|p2a: Goodra
|-damage|p1a: Basculegion|49/100|[from] Recoil
|-damage|p1a: Basculegion|39/100|[from] item: Life Orb
|
|-weather|RainDance|[upkeep]
|
|switch|p2a: Lilligant|Lilligant-Hisui, F|100/100
|turn|17
|
|move|p1a: Basculegion|Wave Crash|p2a: Lilligant
|-resisted|p2a: Lilligant
|-damage|p2a: Lilligant|0 fnt
|faint|p2a: Lilligant
|-damage|p1a: Basculegion|15/100|[from] Recoil
|-damage|p1a: Basculegion|5/100|[from] item: Life Orb
|
|win|p1
