|poke|p1|Samurott-Hisui, F|
|poke|p1|Heatran, F|
|poke|p1|Landorus-Therian, M|
|poke|p1|Magearna|
|poke|p1|Rotom-Wash|
|poke|p1|Great Tusk|
|poke|p2|Typhlosion-Hisui, F|
|poke|p2|Masquerain, F|
|poke|p2|Torkoal, F|
|poke|p2|Goodra-Hisui, F|
|poke|p2|Basculegion, M|
|poke|p2|Sneasler, F|
|teampreview
|
|start
|switch|p1a: Gaia|Landorus-Therian, M|100/100
|switch|p2a: Masquerain|Masquerain, F|100/100
|-ability|p2a: Masquerain|Intimidate|boost
|-unboost|p1a: Gaia|atk|1
|-ability|p1a: Gaia|Intimidate|boost
|-unboost|p2a: Masquerain|atk|1
|turn|1
|
|move|p2a: Masquerain|Icy Wind|p1a: Gaia
|-supereffective|p1a: Gaia
|-damage|p1a: Gaia|45/100
|-unboost|p1a: Gaia|spe|1
|move|p1a: Gaia|Stealth Rock|p2a: Masquerain
|-sidestart|p2: pelicanman69|move: Stealth Rock
|
|turn|2
|
|move|p2a: Masquerain|Sticky Web|p1a: Gaia
|-sidestart|p1: bo552|move: Sticky Web
|move|p1a: Gaia|U-turn|p2a: Masquerain
|-resisted|p2a: Masquerain
|-damage|p2a: Masquerain|89/100
|
|switch|p1a: Landorus but Again|Great Tusk|100/100|[from] U-turn
|
|turn|3
|
|switch|p2a: Basculegion|Basculegion, M|100/100
|-damage|p2a: Basculegion|88/100|[from] Stealth Rock
|move|p1a: Landorus but Again|Rapid Spin|p2a: Basculegion
|-immune|p2a: Basculegion
|
|turn|4
|
|-end|p1a: Landorus but Again|Protosynthesis|[silent]
|switch|p1a: Gaia|Landorus-Therian, M|45/100
|-ability|p1a: Gaia|Intimidate|boost
|-unboost|p2a: Basculegion|atk|1
|move|p2a: Basculegion|Phantom Force||[still]
|-prepare|p2a: Basculegion|Phantom Force
|
|turn|5
|
|move|p1a: Gaia|Taunt|p2a: Basculegion|[miss]
|-miss|p1a: Gaia|p2a: Basculegion
|move|p2a: Basculegion|Phantom Force|p1a: Gaia|[from]lockedmove
|-damage|p1a: Gaia|14/100
|-damage|p2a: Basculegion|71/100|[from] item: Rocky Helmet|[of] p1a: Gaia
|
|turn|6
|
|move|p2a: Basculegion|Aqua Jet|p1a: Gaia
|-supereffective|p1a: Gaia
|-damage|p1a: Gaia|0 fnt
|-damage|p2a: Basculegion|55/100|[from] item: Rocky Helmet|[of] p1a: Gaia
|faint|p1a: Gaia
|
|
|switch|p1a: LG WM3600HVA|Rotom-Wash, shiny|100/100
|turn|7
|
|switch|p2a: Goodra|Goodra-Hisui, F|100/100
|-damage|p2a: Goodra|94/100|[from] Stealth Rock
|move|p1a: LG WM3600HVA|Trick|p2a: Goodra
|-activate|p1a: LG WM3600HVA|move: Trick|[of] p2a: Goodra
|-item|p2a: Goodra|Choice Specs|[from] move: Trick
|-item|p1a: LG WM3600HVA|Leftovers|[from] move: Trick
|
|turn|8
|
|move|p1a: LG WM3600HVA|Volt Switch|p2a: Goodra
|-resisted|p2a: Goodra
|-damage|p2a: Goodra|84/100
|
|switch|p1a: Landorus but Again|Great Tusk|100/100|[from] Volt Switch
|move|p2a: Goodra|Dragon Tail|p1a: Landorus but Again
|-damage|p1a: Landorus but Again|80/100
|-end|p1a: Landorus but Again|Protosynthesis|[silent]
|drag|p1a: Martinelli's|Heatran, F|100/100
|-item|p1a: Martinelli's|Air Balloon
|
|turn|9
|
|move|p1a: Martinelli's|Will-O-Wisp|p2a: Goodra
|-status|p2a: Goodra|brn
|move|p2a: Goodra|Dragon Tail|p1a: Martinelli's
|-resisted|p1a: Martinelli's
|-damage|p1a: Martinelli's|95/100
|-enditem|p1a: Martinelli's|Air Balloon
|drag|p1a: Magearna|Magearna|100/100
|-activate|p1a: Magearna|move: Sticky Web
|-unboost|p1a: Magearna|spe|1
|
|-damage|p2a: Goodra|78/100 brn|[from] brn
|turn|10
|
|switch|p2a: Torkoal|Torkoal, F|100/100
|-weather|SunnyDay|[from] ability: Drought|[of] p2a: Torkoal
|move|p1a: Magearna|Calm Mind|p1a: Magearna
|-boost|p1a: Magearna|spa|1
|-boost|p1a: Magearna|spd|1
|
|-weather|SunnyDay|[upkeep]
|turn|11
|
|switch|p1a: Martinelli's|Heatran, F|95/100
|-activate|p1a: Martinelli's|move: Sticky Web
|-unboost|p1a: Martinelli's|spe|1
|move|p2a: Torkoal|Yawn|p1a: Martinelli's
|-start|p1a: Martinelli's|move: Yawn|[of] p2a: Torkoal
|
|-weather|SunnyDay|[upkeep]
|turn|12
|
|switch|p1a: Landorus but Again|Great Tusk|80/100
|-activate|p1a: Landorus but Again|ability: Protosynthesis
|-start|p1a: Landorus but Again|protosynthesisatk
|move|p2a: Torkoal|Rapid Spin|p1a: Landorus but Again
|-damage|p1a: Landorus but Again|73/100
|-boost|p2a: Torkoal|spe|1
|-sideend|p2: pelicanman69|Stealth Rock|[from] move: Rapid Spin|[of] p2a: Torkoal
|
|-weather|SunnyDay|[upkeep]
|turn|13
|
|switch|p2a: Basculegion|Basculegion, M|55/100
|move|p1a: Landorus but Again|Knock Off|p2a: Basculegion
|-supereffective|p2a: Basculegion
|-damage|p2a: Basculegion|0 fnt
|-enditem|p2a: Basculegion|Assault Vest|[from] move: Knock Off|[of] p1a: Landorus but Again
|faint|p2a: Basculegion
|
|-weather|SunnyDay|[upkeep]
|
|switch|p2a: Typhlosion|Typhlosion-Hisui, F|100/100
|-item|p1a: Landorus but Again|Heavy-Duty Boots|[from] ability: Frisk|[of] p2a: Typhlosion|[identify]
|turn|14
|
|move|p2a: Typhlosion|Focus Blast|p1a: Landorus but Again
|-damage|p1a: Landorus but Again|0 fnt
|faint|p1a: Landorus but Again
|-end|p1a: Landorus but Again|Protosynthesis|[silent]
|
|-weather|none
|
|switch|p1a: LG WM3600HVA|Rotom-Wash, shiny|100/100
|turn|15
|
|switch|p2a: Goodra|Goodra-Hisui, F|78/100 brn
|move|p1a: LG WM3600HVA|Hydro Pump|p2a: Goodra
|-resisted|p2a: Goodra
|-damage|p2a: Goodra|63/100 brn
|
|-damage|p2a: Goodra|57/100 brn|[from] brn
|turn|16
|
|switch|p2a: Torkoal|Torkoal, F|100/100
|-weather|SunnyDay|[from] ability: Drought|[of] p2a: Torkoal
|move|p1a: LG WM3600HVA|Volt Switch|p2a: Torkoal
|-damage|p2a: Torkoal|70/100
|
|switch|p1a: Takizawa|Samurott-Hisui, F|100/100|[from] Volt Switch
|-activate|p1a: Takizawa|move: Sticky Web
|-unboost|p1a: Takizawa|spe|1
|
|-weather|SunnyDay|[upkeep]
|turn|17
|
|move|p1a: Takizawa|Ceaseless Edge|p2a: Torkoal
|-damage|p2a: Torkoal|38/100
|-sidestart|p2: pelicanman69|Spikes
|move|p2a: Torkoal|Yawn|p1a: Takizawa
|-start|p1a: Takizawa|move: Yawn|[of] p2a: Torkoal
|
|-weather|SunnyDay|[upkeep]
|turn|18
|
|switch|p1a: LG WM3600HVA|Rotom-Wash, shiny|100/100
|move|p2a: Torkoal|Stealth Rock|p1a: LG WM3600HVA
|-sidestart|p1: bo552|move: Stealth Rock
|
|-weather|SunnyDay|[upkeep]
|turn|19
|
|move|p1a: LG WM3600HVA|Thunderbolt|p2a: Torkoal
|-damage|p2a: Torkoal|3/100
|move|p2a: Torkoal|Rapid Spin|p1a: LG WM3600HVA
|-damage|p1a: LG WM3600HVA|86/100
|-boost|p2a: Torkoal|spe|1
|-sideend|p2: pelicanman69|Spikes|[from] move: Rapid Spin|[of] p2a: Torkoal
|
|-weather|SunnyDay|[upkeep]
|-heal|p1a: LG WM3600HVA|92/100|[from] item: Leftovers
|turn|20
|
|switch|p2a: Masquerain|Masquerain, F|89/100
|-ability|p2a: Masquerain|Intimidate|boost
|-unboost|p1a: LG WM3600HVA|atk|1
|move|p1a: LG WM3600HVA|Volt Switch|p2a: Masquerain
|-supereffective|p2a: Masquerain
|-damage|p2a: Masquerain|21/100
|
|switch|p1a: Magearna|Magearna|100/100|[from] Volt Switch
|-activate|p1a: Magearna|move: Sticky Web
|-unboost|p1a: Magearna|spe|1
|-damage|p1a: Magearna|94/100|[from] Stealth Rock
|
|-weather|none
|-heal|p1a: Magearna|100/100|[from] item: Leftovers
|turn|21
|
|move|p1a: Magearna|Thunderbolt|p2a: Masquerain
|-supereffective|p2a: Masquerain
|-damage|p2a: Masquerain|0 fnt
|faint|p2a: Masquerain
|-ability|p1a: Magearna|Soul-Heart|boost
|-boost|p1a: Magearna|spa|1
|
|
|switch|p2a: Torkoal|Torkoal, F|3/100
|-weather|SunnyDay|[from] ability: Drought|[of] p2a: Torkoal
|turn|22
|
|switch|p1a: LG WM3600HVA|Rotom-Wash, shiny|92/100
|-damage|p1a: LG WM3600HVA|80/100|[from] Stealth Rock
|move|p2a: Torkoal|Yawn|p1a: LG WM3600HVA
|-start|p1a: LG WM3600HVA|move: Yawn|[of] p2a: Torkoal
|
|-weather|SunnyDay|[upkeep]
|-heal|p1a: LG WM3600HVA|86/100|[from] item: Leftovers
|turn|23
|
|switch|p2a: Sneasler|Sneasler, F|100/100
|move|p1a: LG WM3600HVA|Volt Switch|p2a: Sneasler
|-damage|p2a: Sneasler|56/100
|
|switch|p1a: Magearna|Magearna|100/100|[from] Volt Switch
|-activate|p1a: Magearna|move: Sticky Web
|-unboost|p1a: Magearna|spe|1
|-damage|p1a: Magearna|94/100|[from] Stealth Rock
|
|-weather|SunnyDay|[upkeep]
|-heal|p1a: Magearna|100/100|[from] item: Leftovers
|turn|24
|
|move|p2a: Sneasler|Close Combat|p1a: Magearna
|-damage|p1a: Magearna|21/100
|-unboost|p2a: Sneasler|def|1
|-unboost|p2a: Sneasler|spd|1
|move|p1a: Magearna|Fleur Cannon|p2a: Sneasler
|-damage|p2a: Sneasler|0 fnt
|-unboost|p1a: Magearna|spa|2
|faint|p2a: Sneasler
|-ability|p1a: Magearna|Soul-Heart|boost
|-boost|p1a: Magearna|spa|1
|
|-weather|SunnyDay|[upkeep]
|-heal|p1a: Magearna|27/100|[from] item: Leftovers
|
|switch|p2a: Typhlosion|Typhlosion-Hisui, F|100/100
|-item|p1a: Magearna|Leftovers|[from] ability: Frisk|[of] p2a: Typhlosion|[identify]
|turn|25
|
|switch|p1a: Martinelli's|Heatran, F|95/100
|-activate|p1a: Martinelli's|move: Sticky Web
|-unboost|p1a: Martinelli's|spe|1
|-damage|p1a: Martinelli's|82/100|[from] Stealth Rock
|move|p2a: Typhlosion|Eruption|p1a: Martinelli's
|-start|p1a: Martinelli's|ability: Flash Fire
|
|-weather|SunnyDay|[upkeep]
|turn|26
|
|switch|p2a: Goodra|Goodra-Hisui, F|57/100 brn
|move|p1a: Martinelli's|Magma Storm|p2a: Goodra|[miss]
|-miss|p1a: Martinelli's|p2a: Goodra
|
|-weather|none
|-damage|p2a: Goodra|50/100 brn|[from] brn
|turn|27
|
|move|p2a: Goodra|Body Press|p1a: Martinelli's
|-supereffective|p1a: Martinelli's
|-damage|p1a: Martinelli's|68/100
|move|p1a: Martinelli's|Magma Storm|p2a: Goodra
|-damage|p2a: Goodra|9/100 brn
|-activate|p2a: Goodra|move: Magma Storm|[of] p1a: Martinelli's
|
|-damage|p2a: Goodra|3/100 brn|[from] brn
|-damage|p2a: Goodra|0 fnt|[from] move: Magma Storm|[partiallytrapped]
|faint|p2a: Goodra
|
|switch|p2a: Typhlosion|Typhlosion-Hisui, F|100/100
|turn|28
|
|-end|p1a: Martinelli's|ability: Flash Fire|[silent]
|switch|p1a: LG WM3600HVA|Rotom-Wash, shiny|86/100
|-damage|p1a: LG WM3600HVA|74/100|[from] Stealth Rock
|move|p2a: Typhlosion|Focus Blast|p1a: LG WM3600HVA
|-damage|p1a: LG WM3600HVA|0 fnt
|faint|p1a: LG WM3600HVA
|
|
|switch|p1a: Takizawa|Samurott-Hisui, F|100/100
|-activate|p1a: Takizawa|move: Sticky Web
|-unboost|p1a: Takizawa|spe|1
|-damage|p1a: Takizawa|88/100|[from] Stealth Rock
|turn|29
|
|-terastallize|p2a: Typhlosion|Fire
|-terastallize|p1a: Takizawa|Fire
|move|p2a: Typhlosion|Focus Blast|p1a: Takizawa|[miss]
|-miss|p2a: Typhlosion|p1a: Takizawa
|move|p1a: Takizawa|Razor Shell|p2a: Typhlosion|[miss]
|-miss|p1a: Takizawa|p2a: Typhlosion
|
|turn|30
|
|move|p2a: Typhlosion|Focus Blast|p1a: Takizawa|[miss]
|-miss|p2a: Typhlosion|p1a: Takizawa
|move|p1a: Takizawa|Razor Shell|p2a: Typhlosion
|-supereffective|p2a: Typhlosion
|-damage|p2a: Typhlosion|0 fnt
|faint|p2a: Typhlosion
|
|-message|pelicanman69 forfeited.
|
|win|bo552
