|poke|p1|Sneasler, M|
|poke|p1|Indeedee, M|
|poke|p1|Magearna|
|poke|p1|Chien-Pao|
|poke|p1|Iron Treads|
|poke|p1|Volcarona, M|
|poke|p2|Landorus-Therian, M|
|poke|p2|Basculegion-F, F|
|poke|p2|Kleavor, M|
|poke|p2|Slowking-Galar, M|
|poke|p2|Braviary-Hisui, M|
|poke|p2|Great Tusk|
|teampreview
|
|start
|switch|p1a: Iron Treads|Iron Treads|100/100
|switch|p2a: Kleavor|Kleavor, M, shiny|100/100
|turn|1
|
|move|p2a: Kleavor|U-turn|p1a: Iron Treads
|-resisted|p1a: Iron Treads
|-damage|p1a: Iron Treads|83/100
|
|switch|p2a: Braviary|Braviary-Hisui, M, shiny|100/100|[from] U-turn
|move|p1a: Iron Treads|Earthquake|p2a: Braviary
|-immune|p2a: Braviary
|
|turn|2
|
|move|p1a: Iron Treads|Iron Head|p2a: Braviary
|-damage|p2a: Braviary|58/100
|move|p2a: Braviary|Calm Mind|p2a: Braviary
|-boost|p2a: Braviary|spa|1
|-boost|p2a: Braviary|spd|1
|
|turn|3
|
|move|p1a: Iron Treads|Iron Head|p2a: Braviary
|-damage|p2a: Braviary|19/100
|move|p2a: Braviary|Roost|p2a: Braviary
|-heal|p2a: Braviary|69/100
|-singleturn|p2a: Braviary|move: Roost
|
|turn|4
|
|switch|p2a: Landorus|Landorus-Therian, M, shiny|100/100
|-ability|p2a: Landorus|Intimidate|boost
|-unboost|p1a: Iron Treads|atk|1
|move|p1a: Iron Treads|Iron Head|p2a: Landorus
|-damage|p2a: Landorus|78/100
|
|-heal|p2a: Landorus|84/100|[from] item: Leftovers
|turn|5
|
|move|p1a: Iron Treads|Stealth Rock|p2a: Landorus
|-sidestart|p2: p2|move: Stealth Rock
|move|p2a: Landorus|U-turn|p1a: Iron Treads
|-resisted|p1a: Iron Treads
|-damage|p1a: Iron Treads|72/100
|
|switch|p2a: Basculegion|Basculegion-F, F, shiny|100/100|[from] U-turn
|-damage|p2a: Basculegion|88/100|[from] Stealth Rock
|
|turn|6
|
|move|p1a: Iron Treads|Iron Head|p2a: Basculegion
|-resisted|p2a: Basculegion
|-damage|p2a: Basculegion|73/100
|move|p2a: Basculegion|Hydro Pump|p1a: Iron Treads
|-supereffective|p1a: Iron Treads
|-damage|p1a: Iron Treads|0 fnt
|faint|p1a: Iron Treads
|-end|p1a: Iron Treads|Quark Drive|[silent]
|
|
|switch|p1a: Indeedee|Indeedee, M|100/100
|-fieldstart|move: Psychic Terrain|[from] ability: Psychic Surge|[of] p1a: Indeedee
|turn|7
|
|move|p1a: Indeedee|Healing Wish|p1a: Indeedee
|faint|p1a: Indeedee
|move|p2a: Basculegion|Hydro Pump|p1: Indeedee|[notarget]
|-fail|p2a: Basculegion
|
|
|switch|p1a: Sneasler|Sneasler, M|100/100
|-enditem|p1a: Sneasler|Psychic Seed
|-boost|p1a: Sneasler|spd|1|[from] item: Psychic Seed
|turn|8
|
|move|p1a: Sneasler|Swords Dance|p1a: Sneasler
|-boost|p1a: Sneasler|atk|2
|move|p2a: Basculegion|Hydro Pump|p1a: Sneasler|[miss]
|-miss|p2a: Basculegion|p1a: Sneasler
|
|turn|9
|
|-terastallize|p1a: Sneasler|Flying
|move|p1a: Sneasler|Acrobatics|p2a: Basculegion
|-damage|p2a: Basculegion|0 fnt
|faint|p2a: Basculegion
|
|
|switch|p2a: Landorus|Landorus-Therian, M, shiny|84/100
|-damage|p2a: Landorus|72/100|[from] Stealth Rock
|-ability|p2a: Landorus|Intimidate|boost
|-unboost|p1a: Sneasler|atk|1
|turn|10
|
|move|p1a: Sneasler|Swords Dance|p1a: Sneasler
|-boost|p1a: Sneasler|atk|2
|move|p2a: Landorus|Stone Edge|p1a: Sneasler
|-supereffective|p1a: Sneasler
|-damage|p1a: Sneasler|0 fnt
|faint|p1a: Sneasler
|
|-heal|p2a: Landorus|78/100|[from] item: Leftovers
|
|switch|p1a: Chien-Pao|Chien-Pao|100/100
|-ability|p1a: Chien-Pao|Sword of Ruin
|turn|11
|
|-terastallize|p2a: Landorus|Water
|move|p1a: Chien-Pao|Swords Dance|p1a: Chien-Pao
|-boost|p1a: Chien-Pao|atk|2
|move|p2a: Landorus|Stone Edge|p1a: Chien-Pao
|-supereffective|p1a: Chien-Pao
|-damage|p1a: Chien-Pao|6/100
|
|-heal|p2a: Landorus|84/100|[from] item: Leftovers
|turn|12
|
|move|p1a: Chien-Pao|Crunch|p2a: Landorus
|-damage|p2a: Landorus|0 fnt
|faint|p2a: Landorus
|
|
|switch|p2a: Kleavor|Kleavor, M, shiny|100/100
|-damage|p2a: Kleavor|76/100|[from] Stealth Rock
|turn|13
|
|move|p2a: Kleavor|Stone Axe|p1a: Chien-Pao
|-supereffective|p1a: Chien-Pao
|-damage|p1a: Chien-Pao|0 fnt
|-sidestart|p1: p1|move: Stealth Rock
|faint|p1a: Chien-Pao
|
|
|switch|p1a: Volcarona|Volcarona, M|100/100
|turn|14
|
|move|p2a: Kleavor|Stone Axe|p1a: Volcarona
|-supereffective|p1a: Volcarona
|-damage|p1a: Volcarona|0 fnt
|faint|p1a: Volcarona
|
|-fieldend|move: Psychic Terrain
|-message|p1 forfeited.
|
|win|p2
