|poke|p1|Scizor, F|
|poke|p1|Roaring Moon|
|poke|p1|Great Tusk|
|poke|p1|Kingambit, M|
|poke|p1|Rotom-Wash|
|poke|p1|Dragapult, F|
|poke|p2|Magearna|
|poke|p2|Great Tusk|
|poke|p2|Landorus-Therian, M|
|poke|p2|Dondozo, M|
|poke|p2|Heatran, F|
|poke|p2|Kleavor, M|
|teampreview
|
|start
|switch|p1a: Great Tusk|Great Tusk|100/100
|switch|p2a: Kleavor|Kleavor, M|100/100
|turn|1
|
|move|p1a: Great Tusk|Rapid Spin|p2a: Kleavor
|-resisted|p2a: Kleavor
|-damage|p2a: Kleavor|90/100
|-boost|p1a: Great Tusk|spe|1
|move|p2a: Kleavor|Stone Axe|p1a: Great Tusk
|-resisted|p1a: Great Tusk
|-damage|p1a: Great Tusk|91/100
|-sidestart|p1: p1|move: Stealth Rock
|
|turn|2
|
|-terastallize|p2a: Kleavor|Ghost
|move|p1a: Great Tusk|Headlong Rush|p2a: Kleavor
|-damage|p2a: Kleavor|11/100
|-unboost|p1a: Great Tusk|def|1
|-unboost|p1a: Great Tusk|spd|1
|move|p2a: Kleavor|Aerial Ace|p1a: Great Tusk
|-supereffective|p1a: Great Tusk
|-damage|p1a: Great Tusk|13/100
|
|turn|3
|
|move|p1a: Great Tusk|Stealth Rock|p2a: Kleavor
|-sidestart|p2: p2|move: Stealth Rock
|move|p2a: Kleavor|Aerial Ace|p1a: Great Tusk
|-supereffective|p1a: Great Tusk
|-damage|p1a: Great Tusk|0 fnt
|faint|p1a: Great Tusk
|-end|p1a: Great Tusk|Protosynthesis|[silent]
|
|
|switch|p1a: Dragapult|Dragapult, F|100/100
|-damage|p1a: Dragapult|88/100|[from] Stealth Rock
|turn|4
|
|move|p1a: Dragapult|Shadow Ball|p2a: Kleavor
|-supereffective|p2a: Kleavor
|-damage|p2a: Kleavor|0 fnt
|faint|p2a: Kleavor
|
|
|switch|p2a: Heatran|Heatran, F|100/100
|-damage|p2a: Heatran|88/100|[from] Stealth Rock
|turn|5
|
|-terastallize|p1a: Dragapult|Ghost
|move|p1a: Dragapult|Shadow Ball|p2a: Heatran
|-damage|p2a: Heatran|48/100
|move|p2a: Heatran|Magma Storm|p1a: Dragapult
|-damage|p1a: Dragapult|30/100
|-activate|p1a: Dragapult|move: Magma Storm|[of] p2a: Heatran
|
|-heal|p2a: Heatran|54/100|[from] item: Leftovers
|-damage|p1a: Dragapult|18/100|[from] move: Magma Storm|[partiallytrapped]
|turn|6
|
|move|p1a: Dragapult|Shadow Ball|p2a: Heatran
|-damage|p2a: Heatran|15/100
|move|p2a: Heatran|Earth Power|p1a: Dragapult
|-damage|p1a: Dragapult|0 fnt
|faint|p1a: Dragapult
|
|-heal|p2a: Heatran|21/100|[from] item: Leftovers
|
|switch|p1a: Roaring Moon|Roaring Moon|100/100
|-damage|p1a: Roaring Moon|88/100|[from] Stealth Rock
|-enditem|p1a: Roaring Moon|Booster Energy
|-activate|p1a: Roaring Moon|ability: Protosynthesis|[fromitem]
|-start|p1a: Roaring Moon|protosynthesisatk
|turn|7
|
|move|p1a: Roaring Moon|Acrobatics|p2a: Heatran
|-resisted|p2a: Heatran
|-damage|p2a: Heatran|0 fnt
|faint|p2a: Heatran
|
|
|switch|p2a: Dondozo|Dondozo, M|100/100
|-damage|p2a: Dondozo|88/100|[from] Stealth Rock
|turn|8
|
|move|p1a: Roaring Moon|Acrobatics|p2a: Dondozo
|-damage|p2a: Dondozo|64/100
|move|p2a: Dondozo|Wave Crash|p1a: Roaring Moon
|-resisted|p1a: Roaring Moon
|-damage|p1a: Roaring Moon|60/100
|-damage|p2a: Dondozo|57/100|[from] Recoil
|
|-heal|p2a: Dondozo|63/100|[from] item: Leftovers
|turn|9
|
|move|p1a: Roaring Moon|Acrobatics|p2a: Dondozo
|-damage|p2a: Dondozo|39/100
|move|p2a: Dondozo|Rest|p2a: Dondozo
|-status|p2a: Dondozo|slp|[from] move: Rest
|-heal|p2a: Dondozo|100/100 slp|[silent]
|
|turn|10
|
|move|p1a: Roaring Moon|Acrobatics|p2a: Dondozo
|-damage|p2a: Dondozo|78/100 slp
|cant|p2a: Dondozo|slp
|move|p2a: Dondozo|Sleep Talk|p2a: Dondozo
|move|p2a: Dondozo|Curse|p2a: Dondozo|[from]move: Sleep Talk
|-unboost|p2a: Dondozo|spe|1
|-boost|p2a: Dondozo|atk|1
|-boost|p2a: Dondozo|def|1
|
|-heal|p2a: Dondozo|84/100 slp|[from] item: Leftovers
|turn|11
|
|-end|p1a: Roaring Moon|Protosynthesis|[silent]
|switch|p1a: Rotom|Rotom-Wash|100/100
|-damage|p1a: Rotom|88/100|[from] Stealth Rock
|cant|p2a: Dondozo|slp
|move|p2a: Dondozo|Sleep Talk|p2a: Dondozo
|move|p2a: Dondozo|Wave Crash|p1a: Rotom|[from]move: Sleep Talk
|-resisted|p1a: Rotom
|-damage|p1a: Rotom|59/100
|-damage|p2a: Dondozo|78/100 slp|[from] Recoil
|
|-heal|p1a: Rotom|65/100|[from] item: Leftovers
|-heal|p2a: Dondozo|85/100 slp|[from] item: Leftovers
|turn|12
|
|switch|p2a: Great Tusk|Great Tusk|100/100
|-damage|p2a: Great Tusk|98/100|[from] Stealth Rock
|move|p1a: Rotom|Volt Switch|p2a: Great Tusk
|-immune|p2a: Great Tusk
|
|-heal|p2a: Great Tusk|100/100|[from] item: Leftovers
|-heal|p1a: Rotom|71/100|[from] item: Leftovers
|turn|13
|
|-end|p2a: Great Tusk|Protosynthesis|[silent]
|switch|p2a: Landorus|Landorus-Therian, M|100/100
|-damage|p2a: Landorus|88/100|[from] Stealth Rock
|-ability|p2a: Landorus|Intimidate|boost
|-unboost|p1a: Rotom|atk|1
|move|p1a: Rotom|Hydro Pump|p2a: Landorus
|-supereffective|p2a: Landorus
|-damage|p2a: Landorus|0 fnt
|faint|p2a: Landorus
|
|-heal|p1a: Rotom|77/100|[from] item: Leftovers
|
|switch|p2a: Magearna|Magearna|100/100
|-damage|p2a: Magearna|95/100|[from] Stealth Rock
|turn|14
|
|switch|p1a: Scizor|Scizor, F|100/100
|-damage|p1a: Scizor|88/100|[from] Stealth Rock
|move|p2a: Magearna|Shift Gear|p2a: Magearna
|-boost|p2a: Magearna|spe|2
|-boost|p2a: Magearna|atk|1
|
|turn|15
|
|move|p1a: Scizor|Bullet Punch|p2a: Magearna
|-crit|p2a: Magearna
|-damage|p2a: Magearna|41/100
|move|p2a: Magearna|Calm Mind|p2a: Magearna
|-boost|p2a: Magearna|spa|1
|-boost|p2a: Magearna|spd|1
|
|turn|16
|
|move|p1a: Scizor|Bullet Punch|p2a: Magearna
|-damage|p2a: Magearna|3/100
|move|p2a: Magearna|Stored Power|p1a: Scizor
|-resisted|p1a: Scizor
|-damage|p1a: Scizor|60/100
|
|turn|17
|
|move|p1a: Scizor|Bullet Punch|p2a: Magearna
|-damage|p2a: Magearna|0 fnt
|faint|p2a: Magearna
|
|
|switch|p2a: Great Tusk|Great Tusk|100/100
|-damage|p2a: Great Tusk|98/100|[from] Stealth Rock
|turn|18
|
|move|p1a: Scizor|Bullet Punch|p2a: Great Tusk
|-damage|p2a: Great Tusk|75/100
|move|p2a: Great Tusk|Rapid Spin|p1a: Scizor
|-resisted|p1a: Scizor
|-crit|p1a: Scizor
|-damage|p1a: Scizor|49/100
|-boost|p2a: Great Tusk|spe|1
|-sideend|p2: p2|Stealth Rock|[from] move: Rapid Spin|[of] p2a: Great Tusk
|
|-heal|p2a: Great Tusk|82/100|[from] item: Leftovers
|turn|19
|
|move|p1a: Scizor|Bullet Punch|p2a: Great Tusk
|-damage|p2a: Great Tusk|60/100
|move|p2a: Great Tusk|Body Press|p1a: Scizor
|-crit|p1a: Scizor
|-damage|p1a: Scizor|0 fnt
|faint|p1a: Scizor
|
|-heal|p2a: Great Tusk|66/100|[from] item: Leftovers
|
|switch|p1a: Roaring Moon|Roaring Moon|60/100
|-damage|p1a: Roaring Moon|48/100|[from] Stealth Rock
|turn|20
|
|move|p1a: Roaring Moon|Acrobatics|p2a: Great Tusk
|-supereffective|p2a: Great Tusk
|-damage|p2a: Great Tusk|28/100
|move|p2a: Great Tusk|Rapid Spin|p1a: Roaring Moon
|-damage|p1a: Roaring Moon|28/100
|-boost|p2a: Great Tusk|spe|1
|
|-heal|p2a: Great Tusk|34/100|[from] item: Leftovers
|turn|21
|
|move|p2a: Great Tusk|Body Press|p1a: Roaring Moon
|-supereffective|p1a: Roaring Moon
|-damage|p1a: Roaring Moon|0 fnt
|faint|p1a: Roaring Moon
|-end|p1a: Roaring Moon|Protosynthesis|[silent]
|
|-heal|p2a: Great Tusk|40/100|[from] item: Leftovers
|
|switch|p1a: Rotom|Rotom-Wash|77/100
|-damage|p1a: Rotom|65/100|[from] Stealth Rock
|turn|22
|
|move|p2a: Great Tusk|Body Press|p1a: Rotom
|-damage|p1a: Rotom|19/100
|move|p1a: Rotom|Hydro Pump|p2a: Great Tusk
|-supereffective|p2a: Great Tusk
|-damage|p2a: Great Tusk|0 fnt
|faint|p2a: Great Tusk
|-end|p2a: Great Tusk|Protosynthesis|[silent]
|
|-heal|p1a: Rotom|25/100|[from] item: Leftovers
|
|switch|p2a: Dondozo|Dondozo, M|85/100 slp
|turn|23
|
|move|p1a: Rotom|Volt Switch|p2a: Dondozo
|-supereffective|p2a: Dondozo
|-damage|p2a: Dondozo|34/100 slp
|
|switch|p1a: Kingambit|Kingambit, M|100/100|[from] Volt Switch
|-damage|p1a: Kingambit|94/100|[from] Stealth Rock
|-activate|p1a: Kingambit|ability: Supreme Overlord
|-start|p1a: Kingambit|fallen4|[silent]
|-curestatus|p2a: Dondozo|slp|[msg]
|move|p2a: Dondozo|Wave Crash|p1a: Kingambit
|-damage|p1a: Kingambit|58/100
|-damage|p2a: Dondozo|26/100|[from] Recoil
|
|-heal|p1a: Kingambit|64/100|[from] item: Leftovers
|-heal|p2a: Dondozo|32/100|[from] item: Leftovers
|turn|24
|
|move|p1a: Kingambit|Kowtow Cleave|p2a: Dondozo
|-damage|p2a: Dondozo|0 fnt
|faint|p2a: Dondozo
|
|win|p1
|n|☆p1|darkcosmicland
|n|☆p2|p2
|n| Kenneli|kenneli
|n| UltraShonen|ultrashonen
|n| Calyrex-Mohammad|calyrexmohammad
|n|+SetsuStsna|setsustsna
