|poke|p1|Rillaboom, F|
|poke|p1|Sneasler, F|
|poke|p1|Volcanion|
|poke|p1|Great Tusk|
|poke|p1|Magnezone|
|poke|p1|Talonflame, M|
|poke|p2|Samurott-Hisui, F|
|poke|p2|Dragapult, F|
|poke|p2|Sneasler, M|
|poke|p2|Magearna|
|poke|p2|Volcarona, F|
|poke|p2|Zamazenta-*|
|teampreview
|
|start
|switch|p1a: Magnezone|Magnezone|100/100
|switch|p2a: Dragapult|Dragapult, F|100/100
|turn|1
|
|switch|p1a: Volcanion|Volcanion|100/100
|move|p2a: Dragapult|Curse|p1a: Volcanion
|-start|p1a: Volcanion|Curse|[of] p2a: Dragapult
|-damage|p2a: Dragapult|51/100
|
|-damage|p1a: Volcanion|76/100|[from] Curse
|turn|2
|
|switch|p1a: Rillaboom|Rillaboom, F|100/100
|-fieldstart|move: Grassy Terrain|[from] ability: Grassy Surge|[of] p1a: Rillaboom
|move|p2a: Dragapult|Light Screen|p2a: Dragapult
|-sidestart|p2: anty_98|move: Light Screen
|
|-heal|p2a: Dragapult|57/100|[from] Grassy Terrain
|turn|3
|
|move|p1a: Rillaboom|Knock Off|p2a: Dragapult
|-supereffective|p2a: Dragapult
|-damage|p2a: Dragapult|0 fnt
|-enditem|p2a: Dragapult|Light Clay|[from] move: Knock Off|[of] p1a: Rillaboom
|faint|p2a: Dragapult
|
|
|switch|p2a: Volcarona|Volcarona, F|100/100
|turn|4
|
|switch|p1a: Talonflame|Talonflame, M|100/100
|move|p2a: Volcarona|Quiver Dance|p2a: Volcarona
|-boost|p2a: Volcarona|spa|1
|-boost|p2a: Volcarona|spd|1
|-boost|p2a: Volcarona|spe|1
|
|turn|5
|
|move|p2a: Volcarona|Fiery Dance|p1a: Talonflame
|-resisted|p1a: Talonflame
|-damage|p1a: Talonflame|57/100
|move|p1a: Talonflame|Defog|p2a: Volcarona
|-unboost|p2a: Volcarona|evasion|1
|-sideend|p2: anty_98|move: Light Screen
|-fieldend|move: Grassy Terrain
|
|turn|6
|
|switch|p1a: Volcanion|Volcanion|76/100
|move|p2a: Volcarona|Fiery Dance|p1a: Volcanion
|-resisted|p1a: Volcanion
|-damage|p1a: Volcanion|59/100
|-boost|p2a: Volcarona|spa|1
|
|turn|7
|
|-terastallize|p2a: Volcarona|Ground
|move|p2a: Volcarona|Tera Blast|p1a: Volcanion
|-supereffective|p1a: Volcanion
|-damage|p1a: Volcanion|0 fnt
|faint|p1a: Volcanion
|
|
|switch|p1a: Rillaboom|Rillaboom, F|100/100
|-fieldstart|move: Grassy Terrain|[from] ability: Grassy Surge|[of] p1a: Rillaboom
|turn|8
|
|move|p2a: Volcarona|Fiery Dance|p1a: Rillaboom
|-supereffective|p1a: Rillaboom
|-damage|p1a: Rillaboom|0 fnt
|faint|p1a: Rillaboom
|
|
|switch|p1a: Sneasler|Sneasler, F|100/100
|-enditem|p1a: Sneasler|Grassy Seed
|-boost|p1a: Sneasler|def|1|[from] item: Grassy Seed
|turn|9
|
|move|p1a: Sneasler|Close Combat|p2a: Volcarona
|-damage|p2a: Volcarona|0 fnt
|-unboost|p1a: Sneasler|def|1
|-unboost|p1a: Sneasler|spd|1
|-status|p1a: Sneasler|brn|[from] ability: Flame Body|[of] p2a: Volcarona
|faint|p2a: Volcarona
|
|-damage|p1a: Sneasler|95/100 brn|[from] brn
|
|switch|p2a: Sneasler|Sneasler, M|100/100
|-item|p2a: Sneasler|Air Balloon
|turn|10
|
|move|p1a: Sneasler|Swords Dance|p1a: Sneasler
|-boost|p1a: Sneasler|atk|2
|move|p2a: Sneasler|Swords Dance|p2a: Sneasler
|-boost|p2a: Sneasler|atk|2
|
|-heal|p1a: Sneasler|100/100 brn|[from] Grassy Terrain
|-damage|p1a: Sneasler|95/100 brn|[from] brn
|turn|11
|
|move|p1a: Sneasler|Acrobatics|p2a: Sneasler
|-supereffective|p2a: Sneasler
|-damage|p2a: Sneasler|0 fnt
|-enditem|p2a: Sneasler|Air Balloon
|faint|p2a: Sneasler
|
|-heal|p1a: Sneasler|100/100 brn|[from] Grassy Terrain
|-damage|p1a: Sneasler|95/100 brn|[from] brn
|
|switch|p2a: Zamazenta|Zamazenta-Crowned|100/100
|-ability|p2a: Zamazenta|Dauntless Shield|boost
|-boost|p2a: Zamazenta|def|1
|turn|12
|
|move|p1a: Sneasler|Close Combat|p2a: Zamazenta
|-supereffective|p2a: Zamazenta
|-damage|p2a: Zamazenta|39/100
|-unboost|p1a: Sneasler|def|1
|-unboost|p1a: Sneasler|spd|1
|move|p2a: Zamazenta|Iron Defense|p2a: Zamazenta
|-boost|p2a: Zamazenta|def|2
|
|-heal|p1a: Sneasler|100/100 brn|[from] Grassy Terrain
|-heal|p2a: Zamazenta|45/100|[from] Grassy Terrain
|-damage|p1a: Sneasler|95/100 brn|[from] brn
|-fieldend|move: Grassy Terrain
|turn|13
|
|move|p1a: Sneasler|Close Combat|p2a: Zamazenta
|-supereffective|p2a: Zamazenta
|-damage|p2a: Zamazenta|7/100
|-unboost|p1a: Sneasler|def|1
|-unboost|p1a: Sneasler|spd|1
|move|p2a: Zamazenta|Iron Defense|p2a: Zamazenta
|-boost|p2a: Zamazenta|def|2
|
|-damage|p1a: Sneasler|89/100 brn|[from] brn
|turn|14
|
|move|p1a: Sneasler|Close Combat|p2a: Zamazenta
|-supereffective|p2a: Zamazenta
|-damage|p2a: Zamazenta|0 fnt
|-unboost|p1a: Sneasler|def|1
|-unboost|p1a: Sneasler|spd|1
|faint|p2a: Zamazenta
|
|-damage|p1a: Sneasler|83/100 brn|[from] brn
|
|switch|p2a: Magearna|Magearna|100/100
|turn|15
|
|move|p1a: Sneasler|Close Combat|p2a: Magearna
|-damage|p2a: Magearna|50/100
|-unboost|p1a: Sneasler|def|1
|-unboost|p1a: Sneasler|spd|1
|move|p2a: Magearna|Calm Mind|p2a: Magearna
|-boost|p2a: Magearna|spa|1
|-boost|p2a: Magearna|spd|1
|
|-heal|p2a: Magearna|56/100|[from] item: Leftovers
|-damage|p1a: Sneasler|77/100 brn|[from] brn
|turn|16
|
|move|p1a: Sneasler|Close Combat|p2a: Magearna
|-damage|p2a: Magearna|3/100
|-unboost|p1a: Sneasler|def|1
|-unboost|p1a: Sneasler|spd|1
|move|p2a: Magearna|Stored Power|p1a: Sneasler
|-supereffective|p1a: Sneasler
|-damage|p1a: Sneasler|0 fnt
|faint|p1a: Sneasler
|-ability|p2a: Magearna|Soul-Heart|boost
|-boost|p2a: Magearna|spa|1
|
|-heal|p2a: Magearna|9/100|[from] item: Leftovers
|
|switch|p1a: Talonflame|Talonflame, M|57/100
|turn|17
|
|move|p1a: Talonflame|Hurricane|p2a: Magearna|[miss]
|-miss|p1a: Talonflame|p2a: Magearna
|move|p2a: Magearna|Stored Power|p1a: Talonflame
|-damage|p1a: Talonflame|0 fnt
|faint|p1a: Talonflame
|-ability|p2a: Magearna|Soul-Heart|boost
|-boost|p2a: Magearna|spa|1
|
|-heal|p2a: Magearna|15/100|[from] item: Leftovers
|
|switch|p1a: Magnezone|Magnezone|100/100
|turn|18
|
|move|p2a: Magearna|Calm Mind|p2a: Magearna
|-boost|p2a: Magearna|spa|1
|-boost|p2a: Magearna|spd|1
|move|p1a: Magnezone|Volt Switch|p2a: Magearna
|-damage|p2a: Magearna|0 fnt
|faint|p2a: Magearna
|
|switch|p1a: Great Tusk|Great Tusk|100/100|[from] Volt Switch
|
|
|switch|p2a: Samurott|Samurott-Hisui, F|100/100
|turn|19
|
|-terastallize|p1a: Great Tusk|Ghost
|move|p2a: Samurott|Razor Shell|p1a: Great Tusk
|-damage|p1a: Great Tusk|73/100
|move|p1a: Great Tusk|Knock Off|p2a: Samurott
|-resisted|p2a: Samurott
|-damage|p2a: Samurott|83/100
|-enditem|p2a: Samurott|Focus Sash|[from] move: Knock Off|[of] p1a: Great Tusk
|
|-heal|p1a: Great Tusk|79/100|[from] item: Leftovers
|turn|20
|
|move|p2a: Samurott|Razor Shell|p1a: Great Tusk
|-damage|p1a: Great Tusk|51/100
|move|p1a: Great Tusk|Earthquake|p2a: Samurott
|-damage|p2a: Samurott|24/100
|
|-heal|p1a: Great Tusk|57/100|[from] item: Leftovers
|turn|21
|
|move|p2a: Samurott|Razor Shell|p1a: Great Tusk
|-damage|p1a: Great Tusk|31/100
|-unboost|p1a: Great Tusk|def|1
|move|p1a: Great Tusk|Earthquake|p2a: Samurott
|-damage|p2a: Samurott|0 fnt
|faint|p2a: Samurott
|
|win|KeevX2
