# advantage = p1
|poke|p1|Cinderace, M|
|poke|p1|Torkoal, F|
|poke|p1|Iron Moth|
|poke|p1|Rotom-Heat|
|poke|p1|Skeledirge, M|
|poke|p1|Scovillain, M|
|poke|p2|Chien-Pao|
|poke|p2|Slowking-Galar, F|
|poke|p2|Samurott-Hisui, M|
|poke|p2|Great Tusk|
|poke|p2|Zamazenta-*|
|poke|p2|Garganacl, F|
|teampreview
|
|start
|switch|p1a: Torkoal|Torkoal, F|100/100
|switch|p2a: Zamazenta|Zamazenta|100/100
|-ability|p2a: Zamazenta|Dauntless Shield|boost
|-boost|p2a: Zamazenta|def|1
|-weather|SunnyDay|[from] ability: Drought|[of] p1a: Torkoal
|turn|1
|
|move|p2a: Zamazenta|Substitute|p2a: Zamazenta
|-start|p2a: Zamazenta|Substitute
|-damage|p2a: Zamazenta|75/100
|move|p1a: Torkoal|Yawn||[still]
|-fail|p1a: Torkoal
|
|-weather|SunnyDay|[upkeep]
|-heal|p2a: Zamazenta|82/100|[from] item: Leftovers
|turn|2
|
|move|p2a: Zamazenta|Iron Defense|p2a: Zamazenta
|-boost|p2a: Zamazenta|def|2
|move|p1a: Torkoal|Lava Plume|p2a: Zamazenta
|-end|p2a: Zamazenta|Substitute
|
|-weather|SunnyDay|[upkeep]
|-heal|p2a: Zamazenta|88/100|[from] item: Leftovers
|turn|3
|
|move|p2a: Zamazenta|Substitute|p2a: Zamazenta
|-start|p2a: Zamazenta|Substitute
|-damage|p2a: Zamazenta|63/100
|move|p1a: Torkoal|Lava Plume|p2a: Zamazenta
|-end|p2a: Zamazenta|Substitute
|
|-weather|SunnyDay|[upkeep]
|-heal|p2a: Zamazenta|69/100|[from] item: Leftovers
|turn|4
|
|move|p2a: Zamazenta|Body Press|p1a: Torkoal
|-damage|p1a: Torkoal|59/100
|move|p1a: Torkoal|Lava Plume|p2a: Zamazenta
|-damage|p2a: Zamazenta|41/100
|-status|p2a: Zamazenta|brn
|
|-weather|SunnyDay|[upkeep]
|-heal|p2a: Zamazenta|47/100 brn|[from] item: Leftovers
|-damage|p2a: Zamazenta|41/100 brn|[from] brn
|turn|5
|
|move|p2a: Zamazenta|Body Press|p1a: Torkoal
|-damage|p1a: Torkoal|37/100
|move|p1a: Torkoal|Lava Plume|p2a: Zamazenta
|-damage|p2a: Zamazenta|11/100 brn
|
|-weather|SunnyDay|[upkeep]
|-heal|p2a: Zamazenta|17/100 brn|[from] item: Leftovers
|-damage|p2a: Zamazenta|11/100 brn|[from] brn
|turn|6
|
|switch|p1a: Skeledirge|Skeledirge, M, shiny|100/100
|move|p2a: Zamazenta|Crunch|p1a: Skeledirge
|-supereffective|p1a: Skeledirge
|-damage|p1a: Skeledirge|83/100
|
|-weather|SunnyDay|[upkeep]
|-heal|p2a: Zamazenta|17/100 brn|[from] item: Leftovers
|-heal|p1a: Skeledirge|90/100|[from] item: Leftovers
|-damage|p2a: Zamazenta|11/100 brn|[from] brn
|turn|7
|
|move|p2a: Zamazenta|Crunch|p1a: Skeledirge
|-supereffective|p1a: Skeledirge
|-damage|p1a: Skeledirge|72/100
|move|p1a: Skeledirge|Torch Song|p2a: Zamazenta
|-damage|p2a: Zamazenta|0 fnt
|-boost|p1a: Skeledirge|spa|1
|faint|p2a: Zamazenta
|
|-weather|SunnyDay|[upkeep]
|-heal|p1a: Skeledirge|78/100|[from] item: Leftovers
|
|switch|p2a: Slowking|Slowking-Galar, F|100/100
|turn|8
|
|move|p1a: Skeledirge|Shadow Ball|p2a: Slowking
|-supereffective|p2a: Slowking
|-damage|p2a: Slowking|52/100
|move|p2a: Slowking|Thunder Wave|p1a: Skeledirge
|-status|p1a: Skeledirge|par
|
|-weather|none
|-heal|p1a: Skeledirge|84/100 par|[from] item: Leftovers
|-heal|p2a: Slowking|58/100|[from] item: Leftovers
|turn|9
|
|move|p1a: Skeledirge|Torch Song|p2a: Slowking
|-damage|p2a: Slowking|29/100
|-boost|p1a: Skeledirge|spa|1
|move|p2a: Slowking|Surf|p1a: Skeledirge
|-supereffective|p1a: Skeledirge
|-damage|p1a: Skeledirge|54/100 par
|
|-heal|p1a: Skeledirge|60/100 par|[from] item: Leftovers
|-heal|p2a: Slowking|36/100|[from] item: Leftovers
|turn|10
|
|switch|p2a: Samurott|Samurott-Hisui, M|100/100
|move|p1a: Skeledirge|Shadow Ball|p2a: Samurott
|-resisted|p2a: Samurott
|-damage|p2a: Samurott|68/100
|
|-heal|p1a: Skeledirge|66/100 par|[from] item: Leftovers
|turn|11
|
|switch|p1a: Rotom|Rotom-Heat, shiny|100/100
|move|p2a: Samurott|Razor Shell|p1a: Rotom
|-supereffective|p1a: Rotom
|-damage|p1a: Rotom|0 fnt
|faint|p1a: Rotom
|
|
|switch|p1a: Cinderace|Cinderace, M, shiny|100/100
|turn|12
|
|switch|p2a: Garganacl|Garganacl, F|100/100
|move|p1a: Cinderace|High Jump Kick|p2a: Garganacl
|-start|p1a: Cinderace|typechange|Fighting|[from] ability: Libero
|-supereffective|p2a: Garganacl
|-damage|p2a: Garganacl|41/100
|
|-heal|p2a: Garganacl|47/100|[from] item: Leftovers
|turn|13
|
|switch|p2a: Slowking|Slowking-Galar, F|69/100
|move|p1a: Cinderace|High Jump Kick|p2a: Slowking
|-resisted|p2a: Slowking
|-damage|p2a: Slowking|54/100
|
|-heal|p2a: Slowking|60/100|[from] item: Leftovers
|turn|14
|
|move|p1a: Cinderace|Sucker Punch||[still]
|-fail|p1a: Cinderace
|move|p2a: Slowking|Chilly Reception|p2a: Slowking
|-weather|Snow
|
|switch|p2a: Chien-Pao|Chien-Pao|100/100|[from] Chilly Reception
|-ability|p2a: Chien-Pao|Sword of Ruin
|
|-weather|Snow|[upkeep]
|turn|15
|
|switch|p1a: Torkoal|Torkoal, F|37/100
|-weather|SunnyDay|[from] ability: Drought|[of] p1a: Torkoal
|switch|p2a: Slowking|Slowking-Galar, F|93/100
|
|-weather|SunnyDay|[upkeep]
|-heal|p2a: Slowking|99/100|[from] item: Leftovers
|turn|16
|
|move|p1a: Torkoal|Stealth Rock|p2a: Slowking
|-sidestart|p2: p2|move: Stealth Rock
|move|p2a: Slowking|Thunder Wave|p1a: Torkoal
|-status|p1a: Torkoal|par
|
|-weather|SunnyDay|[upkeep]
|-heal|p2a: Slowking|100/100|[from] item: Leftovers
|turn|17
|
|move|p2a: Slowking|Chilly Reception|p2a: Slowking
|-weather|Snow
|
|switch|p2a: Great Tusk|Great Tusk|100/100|[from] Chilly Reception
|-damage|p2a: Great Tusk|98/100|[from] Stealth Rock
|move|p1a: Torkoal|Yawn|p2a: Great Tusk
|-start|p2a: Great Tusk|move: Yawn|[of] p1a: Torkoal
|
|-weather|Snow|[upkeep]
|turn|18
|
|-end|p2a: Great Tusk|Protosynthesis|[silent]
|switch|p2a: Garganacl|Garganacl, F|47/100
|-damage|p2a: Garganacl|35/100|[from] Stealth Rock
|switch|p1a: Skeledirge|Skeledirge, M, shiny|66/100 par
|
|-weather|Snow|[upkeep]
|-heal|p2a: Garganacl|41/100|[from] item: Leftovers
|-heal|p1a: Skeledirge|72/100 par|[from] item: Leftovers
|turn|19
|
|move|p2a: Garganacl|Recover|p2a: Garganacl
|-heal|p2a: Garganacl|91/100
|move|p1a: Skeledirge|Torch Song|p2a: Garganacl
|-resisted|p2a: Garganacl
|-damage|p2a: Garganacl|78/100
|-boost|p1a: Skeledirge|spa|1
|
|-weather|Snow|[upkeep]
|-heal|p2a: Garganacl|84/100|[from] item: Leftovers
|-heal|p1a: Skeledirge|78/100 par|[from] item: Leftovers
|turn|20
|
|move|p2a: Garganacl|Salt Cure|p1a: Skeledirge
|-supereffective|p1a: Skeledirge
|-damage|p1a: Skeledirge|54/100 par
|-start|p1a: Skeledirge|Salt Cure
|move|p1a: Skeledirge|Torch Song|p2a: Garganacl
|-resisted|p2a: Garganacl
|-damage|p2a: Garganacl|65/100
|-boost|p1a: Skeledirge|spa|1
|
|-weather|Snow|[upkeep]
|-heal|p2a: Garganacl|71/100|[from] item: Leftovers
|-heal|p1a: Skeledirge|60/100 par|[from] item: Leftovers
|-damage|p1a: Skeledirge|47/100 par|[from] Salt Cure
|turn|21
|
|move|p2a: Garganacl|Stealth Rock|p1a: Skeledirge
|-sidestart|p1: p1|move: Stealth Rock
|cant|p1a: Skeledirge|par
|
|-weather|none
|-heal|p2a: Garganacl|77/100|[from] item: Leftovers
|-heal|p1a: Skeledirge|53/100 par|[from] item: Leftovers
|-damage|p1a: Skeledirge|41/100 par|[from] Salt Cure
|turn|22
|
|move|p2a: Garganacl|Protect|p2a: Garganacl
|-singleturn|p2a: Garganacl|Protect
|cant|p1a: Skeledirge|par
|
|-heal|p2a: Garganacl|83/100|[from] item: Leftovers
|-heal|p1a: Skeledirge|47/100 par|[from] item: Leftovers
|-damage|p1a: Skeledirge|35/100 par|[from] Salt Cure
|turn|23
|
|switch|p1a: Torkoal|Torkoal, F|37/100 par
|-damage|p1a: Torkoal|12/100 par|[from] Stealth Rock
|-weather|SunnyDay|[from] ability: Drought|[of] p1a: Torkoal
|move|p2a: Garganacl|Salt Cure|p1a: Torkoal
|-supereffective|p1a: Torkoal
|-damage|p1a: Torkoal|0 fnt
|faint|p1a: Torkoal
|
|-weather|SunnyDay|[upkeep]
|-heal|p2a: Garganacl|89/100|[from] item: Leftovers
|
|switch|p1a: Scovillain|Scovillain, M|100/100
|-damage|p1a: Scovillain|76/100|[from] Stealth Rock
|turn|24
|
|move|p1a: Scovillain|Growth|p1a: Scovillain
|-boost|p1a: Scovillain|atk|2
|-boost|p1a: Scovillain|spa|2
|move|p2a: Garganacl|Salt Cure|p1a: Scovillain
|-supereffective|p1a: Scovillain
|-damage|p1a: Scovillain|28/100
|-start|p1a: Scovillain|Salt Cure
|
|-weather|SunnyDay|[upkeep]
|-heal|p2a: Garganacl|96/100|[from] item: Leftovers
|-damage|p1a: Scovillain|16/100|[from] Salt Cure
|turn|25
|
|move|p2a: Garganacl|Protect|p2a: Garganacl
|-singleturn|p2a: Garganacl|Protect
|move|p1a: Scovillain|Solar Beam||[still]
|-prepare|p1a: Scovillain|Solar Beam
|-anim|p1a: Scovillain|Solar Beam|p2a: Garganacl
|-activate|p2a: Garganacl|move: Protect
|
|-weather|SunnyDay|[upkeep]
|-heal|p2a: Garganacl|100/100|[from] item: Leftovers
|-damage|p1a: Scovillain|3/100|[from] Salt Cure
|turn|26
|
|switch|p2a: Chien-Pao|Chien-Pao|100/100
|-damage|p2a: Chien-Pao|76/100|[from] Stealth Rock
|-ability|p2a: Chien-Pao|Sword of Ruin
|move|p1a: Scovillain|Solar Beam||[still]
|-prepare|p1a: Scovillain|Solar Beam
|-anim|p1a: Scovillain|Solar Beam|p2a: Chien-Pao
|-damage|p2a: Chien-Pao|0 fnt
|faint|p2a: Chien-Pao
|-damage|p1a: Scovillain|0 fnt|[from] item: Life Orb
|faint|p1a: Scovillain
|
|-weather|SunnyDay|[upkeep]
|
|switch|p2a: Slowking|Slowking-Galar, F|100/100
|switch|p1a: Skeledirge|Skeledirge, M, shiny|35/100 par
|-damage|p1a: Skeledirge|10/100 par|[from] Stealth Rock
|-damage|p2a: Slowking|88/100|[from] Stealth Rock
|turn|27
|
|move|p1a: Skeledirge|Slack Off|p1a: Skeledirge
|-heal|p1a: Skeledirge|60/100 par
|move|p2a: Slowking|Chilly Reception|p2a: Slowking
|-weather|Snow
|
|switch|p2a: Samurott|Samurott-Hisui, M|68/100|[from] Chilly Reception
|-damage|p2a: Samurott|55/100|[from] Stealth Rock
|
|-weather|Snow|[upkeep]
|-heal|p1a: Skeledirge|66/100 par|[from] item: Leftovers
|turn|28
|
|move|p2a: Samurott|Razor Shell|p1a: Skeledirge
|-supereffective|p1a: Skeledirge
|-damage|p1a: Skeledirge|0 fnt
|faint|p1a: Skeledirge
|
|-weather|Snow|[upkeep]
|
|switch|p1a: Cinderace|Cinderace, M, shiny|100/100
|turn|29
|
|move|p1a: Cinderace|High Jump Kick|p2a: Samurott
|-start|p1a: Cinderace|typechange|Fighting|[from] ability: Libero
|-supereffective|p2a: Samurott
|-damage|p2a: Samurott|0 fnt
|faint|p2a: Samurott
|
|-weather|Snow|[upkeep]
|
|switch|p2a: Garganacl|Garganacl, F|100/100
|-damage|p2a: Garganacl|88/100|[from] Stealth Rock
|turn|30
|
|move|p1a: Cinderace|Pyro Ball|p2a: Garganacl
|-resisted|p2a: Garganacl
|-crit|p2a: Garganacl
|-damage|p2a: Garganacl|72/100
|move|p2a: Garganacl|Salt Cure|p1a: Cinderace
|-resisted|p1a: Cinderace
|-damage|p1a: Cinderace|91/100
|-start|p1a: Cinderace|Salt Cure
|
|-weather|Snow|[upkeep]
|-heal|p2a: Garganacl|78/100|[from] item: Leftovers
|-damage|p1a: Cinderace|79/100|[from] Salt Cure
|turn|31
|
|move|p1a: Cinderace|U-turn|p2a: Garganacl
|-damage|p2a: Garganacl|67/100
|
|switch|p1a: Iron Moth|Iron Moth|100/100|[from] U-turn
|-enditem|p1a: Iron Moth|Booster Energy
|-activate|p1a: Iron Moth|ability: Quark Drive|[fromitem]
|-start|p1a: Iron Moth|quarkdrivespa
|-damage|p1a: Iron Moth|76/100|[from] Stealth Rock
|move|p2a: Garganacl|Salt Cure|p1a: Iron Moth
|-supereffective|p1a: Iron Moth
|-damage|p1a: Iron Moth|26/100
|-start|p1a: Iron Moth|Salt Cure
|
|-weather|none
|-heal|p2a: Garganacl|73/100|[from] item: Leftovers
|-damage|p1a: Iron Moth|13/100|[from] Salt Cure
|turn|32
|
|move|p2a: Garganacl|Protect|p2a: Garganacl
|-singleturn|p2a: Garganacl|Protect
|move|p1a: Iron Moth|Sludge Wave|p2a: Garganacl
|-activate|p2a: Garganacl|move: Protect
|
|-heal|p2a: Garganacl|79/100|[from] item: Leftovers
|-damage|p1a: Iron Moth|1/100|[from] Salt Cure
|turn|33
|
|move|p1a: Iron Moth|Fiery Dance|p2a: Garganacl
|-resisted|p2a: Garganacl
|-damage|p2a: Garganacl|53/100
|-boost|p1a: Iron Moth|spa|1
|move|p2a: Garganacl|Recover|p2a: Garganacl
|-heal|p2a: Garganacl|100/100
|
|-damage|p1a: Iron Moth|0 fnt|[from] Salt Cure
|faint|p1a: Iron Moth
|-end|p1a: Iron Moth|Quark Drive|[silent]
|
|switch|p1a: Cinderace|Cinderace, M, shiny|79/100
|turn|34
|
|move|p1a: Cinderace|Pyro Ball|p2a: Garganacl
|-resisted|p2a: Garganacl
|-damage|p2a: Garganacl|86/100
|move|p2a: Garganacl|Salt Cure|p1a: Cinderace
|-supereffective|p1a: Cinderace
|-damage|p1a: Cinderace|39/100
|-start|p1a: Cinderace|Salt Cure
|
|-heal|p2a: Garganacl|93/100|[from] item: Leftovers
|-damage|p1a: Cinderace|26/100|[from] Salt Cure
|turn|35
|
|move|p1a: Cinderace|High Jump Kick|p2a: Garganacl
|-start|p1a: Cinderace|typechange|Fighting|[from] ability: Libero
|-supereffective|p2a: Garganacl
|-damage|p2a: Garganacl|27/100
|move|p2a: Garganacl|Salt Cure|p1a: Cinderace
|-resisted|p1a: Cinderace
|-damage|p1a: Cinderace|16/100
|
|-heal|p2a: Garganacl|33/100|[from] item: Leftovers
|-damage|p1a: Cinderace|4/100|[from] Salt Cure
|turn|36
|
|move|p2a: Garganacl|Protect|p2a: Garganacl
|-singleturn|p2a: Garganacl|Protect
|move|p1a: Cinderace|High Jump Kick|p2a: Garganacl
|-activate|p2a: Garganacl|move: Protect
|-damage|p1a: Cinderace|0 fnt|[from] highjumpkick
|faint|p1a: Cinderace
|
|win|p2
