# advantage = p1
|poke|p1|Kleavor, F|
|poke|p1|Urshifu-*, F|
|poke|p1|Breloom, M|
|poke|p1|Heatran, F|
|poke|p1|Gallade, M|
|poke|p1|Arcanine-Hisui, M|
|poke|p2|Sneasler, M|
|poke|p2|Dragapult, M|
|poke|p2|Zamazenta-*|
|poke|p2|Chien-Pao|
|poke|p2|Tornadus-Therian, M|
|poke|p2|Great Tusk|
|teampreview
|
|start
|switch|p1a: Kleavor|Kleavor, F|100/100
|switch|p2a: Zamazenta|Zamazenta-Crowned|100/100
|-ability|p2a: Zamazenta|Dauntless Shield|boost
|-boost|p2a: Zamazenta|def|1
|turn|1
|
|move|p2a: Zamazenta|Substitute|p2a: Zamazenta
|-start|p2a: Zamazenta|Substitute
|-damage|p2a: Zamazenta|75/100
|move|p1a: Kleavor|Stone Axe|p2a: Zamazenta
|-resisted|p2a: Zamazenta
|-activate|p2a: Zamazenta|move: Substitute|[damage]
|-sidestart|p2: p2|move: Stealth Rock
|
|turn|2
|
|switch|p1a: Heatran|Heatran, F|100/100
|move|p2a: Zamazenta|Iron Defense|p2a: Zamazenta
|-boost|p2a: Zamazenta|def|2
|
|turn|3
|
|move|p2a: Zamazenta|Iron Defense|p2a: Zamazenta
|-boost|p2a: Zamazenta|def|2
|move|p1a: Heatran|Heat Wave|p2a: Zamazenta|[miss]
|-miss|p1a: Heatran|p2a: Zamazenta
|
|turn|4
|
|move|p2a: Zamazenta|Body Press|p1a: Heatran
|-supereffective|p1a: Heatran
|-damage|p1a: Heatran|0 fnt
|faint|p1a: Heatran
|
|
|switch|p1a: Arcanine|Arcanine-Hisui, M|100/100
|turn|5
|
|move|p2a: Zamazenta|Body Press|p1a: Arcanine
|-supereffective|p1a: Arcanine
|-damage|p1a: Arcanine|0 fnt
|faint|p1a: Arcanine
|
|
|switch|p1a: Urshifu|Urshifu-Rapid-Strike, F|100/100
|turn|6
|
|move|p2a: Zamazenta|Body Press|p1a: Urshifu
|-damage|p1a: Urshifu|0 fnt
|faint|p1a: Urshifu
|
|
|switch|p1a: Breloom|Breloom, M|100/100
|turn|7
|
|move|p2a: Zamazenta|Body Press|p1a: Breloom
|-damage|p1a: Breloom|0 fnt
|faint|p1a: Breloom
|
|
|switch|p1a: Gallade|Gallade, M|100/100
|turn|8
|
|move|p1a: Gallade|Sacred Sword|p2a: Zamazenta
|-supereffective|p2a: Zamazenta
|-end|p2a: Zamazenta|Substitute
|move|p2a: Zamazenta|Crunch|p1a: Gallade
|-damage|p1a: Gallade|61/100
|-unboost|p1a: Gallade|def|1
|
|turn|9
|
|move|p1a: Gallade|Sacred Sword|p2a: Zamazenta
|-supereffective|p2a: Zamazenta
|-damage|p2a: Zamazenta|0 fnt
|faint|p2a: Zamazenta
|
|
|switch|p2a: Dragapult|Dragapult, M|100/100
|-damage|p2a: Dragapult|88/100|[from] Stealth Rock
|turn|10
|
|switch|p1a: Kleavor|Kleavor, F|100/100
|-terastallize|p2a: Dragapult|Ghost
|move|p2a: Dragapult|Shadow Ball|p1a: Kleavor
|-damage|p1a: Kleavor|0 fnt
|faint|p1a: Kleavor
|
|
|switch|p1a: Gallade|Gallade, M|61/100
|turn|11
|
|switch|p2a: Tornadus|Tornadus-Therian, M|100/100
|move|p1a: Gallade|Aqua Cutter|p2a: Tornadus
|-crit|p2a: Tornadus
|-damage|p2a: Tornadus|29/100
|
|turn|12
|
|move|p1a: Gallade|Aqua Cutter|p2a: Tornadus
|-damage|p2a: Tornadus|0 fnt
|faint|p2a: Tornadus
|
|
|switch|p2a: Dragapult|Dragapult, M, tera:Ghost|88/100
|-damage|p2a: Dragapult|76/100|[from] Stealth Rock
|turn|13
|
|move|p1a: Gallade|Aqua Cutter|p2a: Dragapult
|-damage|p2a: Dragapult|27/100
|move|p2a: Dragapult|Shadow Ball|p1a: Gallade
|-supereffective|p1a: Gallade
|-damage|p1a: Gallade|0 fnt
|faint|p1a: Gallade
|
|win|p2
