# advantage = p1
|poke|p1|Pelipper, F|
|poke|p1|Basculegion, M|
|poke|p1|Urshifu-*, F|
|poke|p1|Braviary-Hisui, M|
|poke|p1|Walking Wake|
|poke|p1|Clodsire, F|
|poke|p2|Enamorus-Therian, F|
|poke|p2|Grimmsnarl, M|
|poke|p2|Magearna|
|poke|p2|Glimmora, F|
|poke|p2|Volcarona, F|
|poke|p2|Ursaluna, M|
|teampreview
|
|start
|switch|p1a: Pelipper|Pelipper, F|100/100
|switch|p2a: Glimmora|Glimmora, F|100/100
|-weather|RainDance|[from] ability: Drizzle|[of] p1a: Pelipper
|turn|1
|
|move|p2a: Glimmora|Stealth Rock|p1a: Pelipper
|-sidestart|p1: p1|move: Stealth Rock
|move|p1a: Pelipper|Surf|p2a: Glimmora
|-supereffective|p2a: Glimmora
|-enditem|p2a: Glimmora|Focus Sash
|-damage|p2a: Glimmora|1/100
|
|-weather|RainDance|[upkeep]
|turn|2
|
|move|p2a: Glimmora|Spikes|p1a: Pelipper
|-sidestart|p1: p1|Spikes
|move|p1a: Pelipper|Hurricane|p2a: Glimmora
|-resisted|p2a: Glimmora
|-damage|p2a: Glimmora|0 fnt
|faint|p2a: Glimmora
|
|-weather|RainDance|[upkeep]
|
|switch|p2a: Grimmsnarl|Grimmsnarl, M|100/100
|turn|3
|
|move|p2a: Grimmsnarl|Light Screen|p2a: Grimmsnarl
|-sidestart|p2: p2|move: Light Screen
|move|p1a: Pelipper|U-turn|p2a: Grimmsnarl
|-damage|p2a: Grimmsnarl|88/100
|
|switch|p1a: Urshifu|Urshifu-Rapid-Strike, F|100/100|[from] U-turn
|-damage|p1a: Urshifu|94/100|[from] Stealth Rock
|-damage|p1a: Urshifu|82/100|[from] Spikes
|
|-weather|RainDance|[upkeep]
|turn|4
|
|-terastallize|p1a: Urshifu|Water
|move|p2a: Grimmsnarl|Reflect|p2a: Grimmsnarl
|-sidestart|p2: p2|Reflect
|move|p1a: Urshifu|Surging Strikes|p2a: Grimmsnarl
|-crit|p2a: Grimmsnarl
|-damage|p2a: Grimmsnarl|40/100
|-crit|p2a: Grimmsnarl
|-damage|p2a: Grimmsnarl|0 fnt
|faint|p2a: Grimmsnarl
|-hitcount|p2: Grimmsnarl|2
|
|-weather|RainDance|[upkeep]
|
|switch|p2a: Enamorus|Enamorus-Therian, F|100/100
|turn|5
|
|move|p1a: Urshifu|Surging Strikes|p2a: Enamorus
|-crit|p2a: Enamorus
|-damage|p2a: Enamorus|62/100
|-crit|p2a: Enamorus
|-damage|p2a: Enamorus|27/100
|-crit|p2a: Enamorus
|-damage|p2a: Enamorus|0 fnt
|faint|p2a: Enamorus
|-hitcount|p2: Enamorus|3
|
|-weather|RainDance|[upkeep]
|
|switch|p2a: Magearna|Magearna|100/100
|turn|6
|
|-terastallize|p2a: Magearna|Water
|move|p1a: Urshifu|Surging Strikes|p2a: Magearna
|-resisted|p2a: Magearna
|-crit|p2a: Magearna
|-damage|p2a: Magearna|81/100
|-resisted|p2a: Magearna
|-crit|p2a: Magearna
|-damage|p2a: Magearna|61/100
|-resisted|p2a: Magearna
|-crit|p2a: Magearna
|-damage|p2a: Magearna|41/100
|-hitcount|p2a: Magearna|3
|move|p2a: Magearna|Shift Gear|p2a: Magearna
|-boost|p2a: Magearna|spe|2
|-boost|p2a: Magearna|atk|1
|
|-weather|RainDance|[upkeep]
|-heal|p2a: Magearna|47/100|[from] item: Leftovers
|turn|7
|
|move|p1a: Urshifu|Surging Strikes|p2a: Magearna
|-resisted|p2a: Magearna
|-crit|p2a: Magearna
|-damage|p2a: Magearna|25/100
|-resisted|p2a: Magearna
|-crit|p2a: Magearna
|-damage|p2a: Magearna|6/100
|-resisted|p2a: Magearna
|-crit|p2a: Magearna
|-damage|p2a: Magearna|0 fnt
|faint|p2a: Magearna
|-hitcount|p2: Magearna|3
|
|-weather|RainDance|[upkeep]
|-message|p2 forfeited.
|
|win|p1
