|poke|p1|Samurott-Hisui, M|
|poke|p1|Dragapult, F|
|poke|p1|Sneasler, F|
|poke|p1|Magearna|
|poke|p1|Volcarona, M|
|poke|p1|Zamazenta-*|
|poke|p2|Samurott-Hisui, M|
|poke|p2|Iron Treads|
|poke|p2|Landorus-Therian, M|
|poke|p2|Gholdengo|
|poke|p2|Zamazenta-*|
|poke|p2|Dragapult, M|
|teampreview
|
|start
|switch|p1a: Samurott|Samurott-Hisui, M|100/100
|switch|p2a: Samurott|Samurott-Hisui, M|100/100
|turn|1
|
|move|p2a: Samurott|Ceaseless Edge|p1a: Samurott
|-resisted|p1a: Samurott
|-damage|p1a: Samurott|63/100
|-sidestart|p1: Wo-Chienjoyer|Spikes
|-damage|p2a: Samurott|91/100|[from] item: Life Orb
|move|p1a: Samurott|Ceaseless Edge|p2a: Samurott
|-resisted|p2a: Samurott
|-damage|p2a: Samurott|58/100
|-sidestart|p2: SlarFlar|Spikes
|
|turn|2
|
|move|p2a: Samurott|Ceaseless Edge|p1a: Samurott
|-resisted|p1a: Samurott
|-damage|p1a: Samurott|26/100
|-sidestart|p1: Wo-Chienjoyer|Spikes
|-damage|p2a: Samurott|48/100|[from] item: Life Orb
|move|p1a: Samurott|Ceaseless Edge|p2a: Samurott
|-resisted|p2a: Samurott
|-damage|p2a: Samurott|15/100
|-sidestart|p2: SlarFlar|Spikes
|
|turn|3
|
|move|p2a: Samurott|Sucker Punch|p1a: Samurott
|-resisted|p1a: Samurott
|-damage|p1a: Samurott|0 fnt
|faint|p1a: Samurott
|-damage|p2a: Samurott|5/100|[from] item: Life Orb
|
|
|switch|p1a: Dragapult|Dragapult, F|100/100
|-damage|p1a: Dragapult|84/100|[from] Spikes
|turn|4
|
|move|p2a: Samurott|Sucker Punch||[still]
|-fail|p2a: Samurott
|move|p1a: Dragapult|Reflect|p1a: Dragapult
|-sidestart|p1: Wo-Chienjoyer|Reflect
|
|turn|5
|
|move|p2a: Samurott|Sucker Punch||[still]
|-fail|p2a: Samurott
|move|p1a: Dragapult|Light Screen|p1a: Dragapult
|-sidestart|p1: Wo-Chienjoyer|move: Light Screen
|
|turn|6
|
|move|p1a: Dragapult|U-turn|p2a: Samurott
|-supereffective|p2a: Samurott
|-damage|p2a: Samurott|0 fnt
|faint|p2a: Samurott
|
|switch|p1a: Sneasler|Sneasler, F|100/100|[from] U-turn
|-item|p1a: Sneasler|Air Balloon
|
|
|switch|p2a: Gholdengo|Gholdengo|100/100
|-item|p2a: Gholdengo|Air Balloon
|turn|7
|
|move|p2a: Gholdengo|Nasty Plot|p2a: Gholdengo
|-boost|p2a: Gholdengo|spa|2
|move|p1a: Sneasler|Swords Dance|p1a: Sneasler
|-boost|p1a: Sneasler|atk|2
|
|turn|8
|
|-terastallize|p1a: Sneasler|Flying
|move|p2a: Gholdengo|Nasty Plot|p2a: Gholdengo
|-boost|p2a: Gholdengo|spa|2
|move|p1a: Sneasler|Acrobatics|p2a: Gholdengo
|-resisted|p2a: Gholdengo
|-damage|p2a: Gholdengo|60/100
|-enditem|p2a: Gholdengo|Air Balloon
|
|turn|9
|
|move|p2a: Gholdengo|Recover|p2a: Gholdengo
|-heal|p2a: Gholdengo|100/100
|move|p1a: Sneasler|Acrobatics|p2a: Gholdengo
|-resisted|p2a: Gholdengo
|-damage|p2a: Gholdengo|62/100
|
|turn|10
|
|move|p2a: Gholdengo|Recover|p2a: Gholdengo
|-heal|p2a: Gholdengo|100/100
|move|p1a: Sneasler|Acrobatics|p2a: Gholdengo
|-resisted|p2a: Gholdengo
|-damage|p2a: Gholdengo|65/100
|
|turn|11
|
|move|p2a: Gholdengo|Recover|p2a: Gholdengo
|-heal|p2a: Gholdengo|100/100
|move|p1a: Sneasler|Acrobatics|p2a: Gholdengo
|-resisted|p2a: Gholdengo
|-damage|p2a: Gholdengo|62/100
|
|-sideend|p1: Wo-Chienjoyer|Reflect
|turn|12
|
|switch|p1a: Volcarona|Volcarona, M|100/100
|move|p2a: Gholdengo|Recover|p2a: Gholdengo
|-heal|p2a: Gholdengo|100/100
|
|-sideend|p1: Wo-Chienjoyer|move: Light Screen
|turn|13
|
|move|p1a: Volcarona|Fiery Dance|p2a: Gholdengo
|-supereffective|p2a: Gholdengo
|-damage|p2a: Gholdengo|0 fnt
|faint|p2a: Gholdengo
|
|
|switch|p2a: Zamazenta|Zamazenta|100/100
|-damage|p2a: Zamazenta|84/100|[from] Spikes
|-ability|p2a: Zamazenta|Dauntless Shield|boost
|-boost|p2a: Zamazenta|def|1
|turn|14
|
|move|p2a: Zamazenta|Iron Defense|p2a: Zamazenta
|-boost|p2a: Zamazenta|def|2
|move|p1a: Volcarona|Quiver Dance|p1a: Volcarona
|-boost|p1a: Volcarona|spa|1
|-boost|p1a: Volcarona|spd|1
|-boost|p1a: Volcarona|spe|1
|
|-heal|p2a: Zamazenta|90/100|[from] item: Leftovers
|turn|15
|
|-terastallize|p2a: Zamazenta|Fighting
|move|p1a: Volcarona|Fiery Dance|p2a: Zamazenta
|-damage|p2a: Zamazenta|28/100
|move|p2a: Zamazenta|Body Press|p1a: Volcarona
|-resisted|p1a: Volcarona
|-damage|p1a: Volcarona|2/100
|
|-heal|p2a: Zamazenta|34/100|[from] item: Leftovers
|turn|16
|
|move|p1a: Volcarona|Giga Drain|p2a: Zamazenta
|-damage|p2a: Zamazenta|0 fnt
|-heal|p1a: Volcarona|20/100|[from] drain|[of] p2a: Zamazenta
|faint|p2a: Zamazenta
|
|n|!SlarFlar|slarflar
|
|switch|p2a: Dragapult|Dragapult, M|100/100
|-damage|p2a: Dragapult|84/100|[from] Spikes
|turn|17
|
|move|p1a: Volcarona|Fiery Dance|p2a: Dragapult
|-resisted|p2a: Dragapult
|-damage|p2a: Dragapult|42/100
|move|p2a: Dragapult|Shadow Ball|p1a: Volcarona
|-damage|p1a: Volcarona|0 fnt
|faint|p1a: Volcarona
|
|
|switch|p1a: Dragapult|Dragapult, F|84/100
|-damage|p1a: Dragapult|67/100|[from] Spikes
|turn|18
|
|move|p2a: Dragapult|Shadow Ball|p1a: Dragapult
|-supereffective|p1a: Dragapult
|-damage|p1a: Dragapult|0 fnt
|-start|p2a: Dragapult|Disable|Shadow Ball|[from] ability: Cursed Body|[of] p1a: Dragapult
|faint|p1a: Dragapult
|
|
|switch|p1a: Sneasler|Sneasler, F, tera:Flying|100/100
|-item|p1a: Sneasler|Air Balloon
|turn|19
|
|switch|p2a: Landorus|Landorus-Therian, M|100/100
|-ability|p2a: Landorus|Intimidate|boost
|-unboost|p1a: Sneasler|atk|1
|move|p1a: Sneasler|Swords Dance|p1a: Sneasler
|-boost|p1a: Sneasler|atk|2
|
|turn|20
|
|move|p2a: Landorus|Stone Edge|p1a: Sneasler
|-supereffective|p1a: Sneasler
|-damage|p1a: Sneasler|0 fnt
|-enditem|p1a: Sneasler|Air Balloon
|faint|p1a: Sneasler
|
|
|switch|p1a: Magearna|Magearna|100/100
|-damage|p1a: Magearna|84/100|[from] Spikes
|turn|21
|
|switch|p2a: Iron Treads|Iron Treads|100/100
|-damage|p2a: Iron Treads|84/100|[from] Spikes
|move|p1a: Magearna|Iron Defense|p1a: Magearna
|-boost|p1a: Magearna|def|2
|
|-heal|p2a: Iron Treads|90/100|[from] item: Leftovers
|-heal|p1a: Magearna|90/100|[from] item: Leftovers
|turn|22
|
|move|p2a: Iron Treads|Earthquake|p1a: Magearna
|-supereffective|p1a: Magearna
|-damage|p1a: Magearna|61/100
|move|p1a: Magearna|Iron Defense|p1a: Magearna
|-boost|p1a: Magearna|def|2
|
|-heal|p2a: Iron Treads|96/100|[from] item: Leftovers
|-heal|p1a: Magearna|67/100|[from] item: Leftovers
|turn|23
|
|move|p2a: Iron Treads|Volt Switch|p1a: Magearna
|-damage|p1a: Magearna|59/100
|
|-end|p2a: Iron Treads|Quark Drive|[silent]
|switch|p2a: Dragapult|Dragapult, M|42/100|[from] Volt Switch
|-damage|p2a: Dragapult|26/100|[from] Spikes
|move|p1a: Magearna|Iron Defense|p1a: Magearna
|-boost|p1a: Magearna|def|2
|
|-heal|p1a: Magearna|65/100|[from] item: Leftovers
|turn|24
|
|move|p2a: Dragapult|Fire Blast|p1a: Magearna|[miss]
|-miss|p2a: Dragapult|p1a: Magearna
|move|p1a: Magearna|Calm Mind|p1a: Magearna
|-boost|p1a: Magearna|spa|1
|-boost|p1a: Magearna|spd|1
|
|-heal|p1a: Magearna|71/100|[from] item: Leftovers
|turn|25
|
|move|p2a: Dragapult|Fire Blast|p1a: Magearna
|-supereffective|p1a: Magearna
|-damage|p1a: Magearna|19/100
|move|p1a: Magearna|Draining Kiss|p2a: Dragapult
|-supereffective|p2a: Dragapult
|-damage|p2a: Dragapult|0 fnt
|-heal|p1a: Magearna|36/100|[from] drain|[of] p2a: Dragapult
|faint|p2a: Dragapult
|-ability|p1a: Magearna|Soul-Heart|boost
|-boost|p1a: Magearna|spa|1
|
|-heal|p1a: Magearna|42/100|[from] item: Leftovers
|
|switch|p2a: Landorus|Landorus-Therian, M|100/100
|-ability|p2a: Landorus|Intimidate|boost
|-unboost|p1a: Magearna|atk|1
|turn|26
|
|move|p2a: Landorus|Earthquake|p1a: Magearna
|-supereffective|p1a: Magearna
|-damage|p1a: Magearna|19/100
|move|p1a: Magearna|Draining Kiss|p2a: Landorus
|-damage|p2a: Landorus|36/100
|-heal|p1a: Magearna|61/100|[from] drain|[of] p2a: Landorus
|
|-heal|p1a: Magearna|67/100|[from] item: Leftovers
|turn|27
|
|move|p2a: Landorus|Earthquake|p1a: Magearna
|-supereffective|p1a: Magearna
|-damage|p1a: Magearna|46/100
|move|p1a: Magearna|Draining Kiss|p2a: Landorus
|-damage|p2a: Landorus|0 fnt
|-heal|p1a: Magearna|70/100|[from] drain|[of] p2a: Landorus
|faint|p2a: Landorus
|-ability|p1a: Magearna|Soul-Heart|boost
|-boost|p1a: Magearna|spa|1
|
|-heal|p1a: Magearna|76/100|[from] item: Leftovers
|
|switch|p2a: Iron Treads|Iron Treads|96/100
|-damage|p2a: Iron Treads|80/100|[from] Spikes
|turn|28
|
|move|p2a: Iron Treads|Earthquake|p1a: Magearna
|-supereffective|p1a: Magearna
|-damage|p1a: Magearna|61/100
|move|p1a: Magearna|Stored Power|p2a: Iron Treads
|-resisted|p2a: Iron Treads
|-damage|p2a: Iron Treads|0 fnt
|faint|p2a: Iron Treads
|-end|p2a: Iron Treads|Quark Drive|[silent]
|
|win|Wo-Chienjoyer
