|poke|p1|Uxie|
|poke|p1|Magearna|
|poke|p2|Rotom-Wash|
|poke|p2|Meowscarada, M|
|poke|p2|Great Tusk|
|poke|p2|Gholdengo|
|poke|p2|Roaring Moon|
|poke|p2|Iron Valiant|
|teampreview
|
|start
|switch|p1a: Uxie|Uxie, shiny|100/100
|switch|p2a: Rotom|Rotom-Wash|100/100
|turn|1
|
|move|p1a: Uxie|Light Screen|p1a: Uxie
|-sidestart|p1: koraidon03|move: Light Screen
|move|p2a: Rotom|Thunder Wave|p1a: Uxie
|-status|p1a: Uxie|par
|
|turn|2
|
|move|p2a: Rotom|Nasty Plot|p2a: Rotom
|-boost|p2a: Rotom|spa|2
|move|p1a: Uxie|Reflect|p1a: Uxie
|-sidestart|p1: koraidon03|Reflect
|
|turn|3
|
|move|p2a: Rotom|Nasty Plot|p2a: Rotom
|-boost|p2a: Rotom|spa|2
|cant|p1a: Uxie|par
|
|turn|4
|
|move|p2a: Rotom|Nasty Plot|p2a: Rotom
|-boost|p2a: Rotom|spa|2
|move|p1a: Uxie|Yawn|p2a: Rotom
|-start|p2a: Rotom|move: Yawn|[of] p1a: Uxie
|
|turn|5
|
|move|p2a: Rotom|Hydro Pump|p1a: Uxie
|-damage|p1a: Uxie|41/100 par
|move|p1a: Uxie|Memento|p2a: Rotom
|-unboost|p2a: Rotom|atk|2
|-unboost|p2a: Rotom|spa|2
|faint|p1a: Uxie
|
|-end|p2a: Rotom|move: Yawn|[silent]
|-status|p2a: Rotom|slp
|
|switch|p1a: Magearna|Magearna|100/100
|turn|6
|
|cant|p2a: Rotom|slp
|move|p1a: Magearna|Shift Gear|p1a: Magearna
|-boost|p1a: Magearna|spe|2
|-boost|p1a: Magearna|atk|1
|
|turn|7
|
|move|p1a: Magearna|Calm Mind|p1a: Magearna
|-boost|p1a: Magearna|spa|1
|-boost|p1a: Magearna|spd|1
|cant|p2a: Rotom|slp
|
|turn|8
|
|move|p1a: Magearna|Calm Mind|p1a: Magearna
|-boost|p1a: Magearna|spa|1
|-boost|p1a: Magearna|spd|1
|cant|p2a: Rotom|slp
|
|-sideend|p1: koraidon03|move: Light Screen
|turn|9
|
|move|p1a: Magearna|Stored Power|p2a: Rotom
|-damage|p2a: Rotom|0 fnt
|faint|p2a: Rotom
|-ability|p1a: Magearna|Soul-Heart|boost
|-boost|p1a: Magearna|spa|1
|
|-sideend|p1: koraidon03|Reflect
|
|switch|p2a: Meowscarada|Meowscarada, M|100/100
|turn|10
|
|move|p1a: Magearna|Draining Kiss|p2a: Meowscarada
|-supereffective|p2a: Meowscarada
|-enditem|p2a: Meowscarada|Focus Sash
|-damage|p2a: Meowscarada|1/100
|move|p2a: Meowscarada|Knock Off|p1a: Magearna
|-resisted|p1a: Magearna
|-damage|p1a: Magearna|81/100
|-enditem|p1a: Magearna|Weakness Policy|[from] move: Knock Off|[of] p2a: Meowscarada
|
|turn|11
|
|move|p1a: Magearna|Draining Kiss|p2a: Meowscarada
|-supereffective|p2a: Meowscarada
|-damage|p2a: Meowscarada|0 fnt
|-heal|p1a: Magearna|82/100|[from] drain|[of] p2a: Meowscarada
|faint|p2a: Meowscarada
|-ability|p1a: Magearna|Soul-Heart|boost
|-boost|p1a: Magearna|spa|1
|
|
|switch|p2a: Gholdengo|Gholdengo|100/100
|-item|p2a: Gholdengo|Air Balloon
|turn|12
|
|move|p1a: Magearna|Stored Power|p2a: Gholdengo
|-resisted|p2a: Gholdengo
|-damage|p2a: Gholdengo|0 fnt
|-enditem|p2a: Gholdengo|Air Balloon
|faint|p2a: Gholdengo
|-ability|p1a: Magearna|Soul-Heart|boost
|-boost|p1a: Magearna|spa|1
|
|
|switch|p2a: Great Tusk|Great Tusk|100/100
|-enditem|p2a: Great Tusk|Booster Energy
|-activate|p2a: Great Tusk|ability: Protosynthesis|[fromitem]
|-start|p2a: Great Tusk|protosynthesisspe
|turn|13
|
|move|p1a: Magearna|Draining Kiss|p2a: Great Tusk
|-supereffective|p2a: Great Tusk
|-damage|p2a: Great Tusk|0 fnt
|-heal|p1a: Magearna|100/100|[from] drain|[of] p2a: Great Tusk
|faint|p2a: Great Tusk
|-ability|p1a: Magearna|Soul-Heart|boost
|-boost|p1a: Magearna|spa|1
|-end|p2a: Great Tusk|Protosynthesis|[silent]
|
|-message|whompers98 forfeited.
|
|win|koraidon03
