# advantage = p1
|poke|p1|Arcanine-Hisui, F|
|poke|p1|Garchomp, M|
|poke|p1|Toxapex, M|
|poke|p1|Corviknight, M|
|poke|p1|Enamorus, F|
|poke|p1|Gyarados, M|
|poke|p2|Zoroark-Hisui, M|
|poke|p2|Enamorus, F|
|poke|p2|Kleavor, F|
|poke|p2|Ursaluna, F|
|poke|p2|Basculegion, M|
|poke|p2|Sneasler, M|
|teampreview
|
|start
|switch|p1a: Toxapex|Toxapex, M|100/100
|switch|p2a: Kleavor|Kleavor, F|100/100
|turn|1
|
|move|p2a: Kleavor|Stone Axe|p1a: Toxapex
|-crit|p1a: Toxapex
|-damage|p1a: Toxapex|9/100
|-sidestart|p1: p1|move: Stealth Rock
|move|p1a: Toxapex|Toxic Spikes|p2a: Kleavor
|-sidestart|p2: p2|move: Toxic Spikes
|
|-heal|p1a: Toxapex|15/100|[from] item: Leftovers
|turn|2
|
|move|p1a: Toxapex|Baneful Bunker|p1a: Toxapex
|-singleturn|p1a: Toxapex|move: Protect
|move|p2a: Kleavor|Stone Axe|p1a: Toxapex
|-activate|p1a: Toxapex|move: Protect
|-status|p2a: Kleavor|psn
|
|-heal|p1a: Toxapex|21/100|[from] item: Leftovers
|-damage|p2a: Kleavor|88/100 psn|[from] psn
|turn|3
|
|switch|p1a: Garchomp|Garchomp, M|100/100
|-damage|p1a: Garchomp|94/100|[from] Stealth Rock
|move|p2a: Kleavor|Stone Axe|p1a: Garchomp
|-resisted|p1a: Garchomp
|-damage|p1a: Garchomp|58/100
|-damage|p2a: Kleavor|76/100 psn|[from] ability: Rough Skin|[of] p1a: Garchomp
|
|-damage|p2a: Kleavor|63/100 psn|[from] psn
|turn|4
|
|switch|p2a: Basculegion|Basculegion, M|100/100
|-status|p2a: Basculegion|psn
|move|p1a: Garchomp|Brick Break|p2a: Basculegion
|-immune|p2a: Basculegion
|
|-damage|p2a: Basculegion|88/100 psn|[from] psn
|turn|5
|
|switch|p1a: Corviknight|Corviknight, M|100/100
|-damage|p1a: Corviknight|88/100|[from] Stealth Rock
|move|p2a: Basculegion|Wave Crash|p1a: Corviknight
|-damage|p1a: Corviknight|10/100
|-damage|p2a: Basculegion|66/100 psn|[from] Recoil
|
|-damage|p2a: Basculegion|53/100 psn|[from] psn
|turn|6
|
|move|p2a: Basculegion|Wave Crash|p1a: Corviknight
|-damage|p1a: Corviknight|0 fnt
|faint|p1a: Corviknight
|-damage|p2a: Basculegion|50/100 psn|[from] Recoil
|
|-damage|p2a: Basculegion|38/100 psn|[from] psn
|
|switch|p1a: Toxapex|Toxapex, M|21/100
|-damage|p1a: Toxapex|9/100|[from] Stealth Rock
|turn|7
|
|move|p1a: Toxapex|Baneful Bunker|p1a: Toxapex
|-singleturn|p1a: Toxapex|move: Protect
|move|p2a: Basculegion|Wave Crash|p1a: Toxapex
|-activate|p1a: Toxapex|move: Protect
|
|-heal|p1a: Toxapex|15/100|[from] item: Leftovers
|-damage|p2a: Basculegion|26/100 psn|[from] psn
|turn|8
|
|move|p1a: Toxapex|Baneful Bunker||[still]
|-fail|p1a: Toxapex
|move|p2a: Basculegion|Wave Crash|p1a: Toxapex
|-resisted|p1a: Toxapex
|-damage|p1a: Toxapex|0 fnt
|faint|p1a: Toxapex
|-damage|p2a: Basculegion|22/100 psn|[from] Recoil
|
|-damage|p2a: Basculegion|9/100 psn|[from] psn
|
|switch|p1a: Garchomp|Garchomp, M|58/100
|-damage|p1a: Garchomp|52/100|[from] Stealth Rock
|turn|9
|
|move|p2a: Basculegion|Wave Crash|p1a: Garchomp
|-damage|p1a: Garchomp|0 fnt
|-damage|p2a: Basculegion|0 fnt|[from] ability: Rough Skin|[of] p1a: Garchomp
|faint|p1a: Garchomp
|faint|p2a: Basculegion
|
|
|switch|p1a: Gyarados|Gyarados, M|100/100
|switch|p2a: Sneasler|Sneasler, M|100/100
|-status|p2a: Sneasler|psn
|-damage|p1a: Gyarados|75/100|[from] Stealth Rock
|turn|10
|
|move|p2a: Sneasler|Bitter Malice|p1a: Gyarados
|-damage|p1a: Gyarados|36/100
|-unboost|p1a: Gyarados|atk|1
|move|p1a: Gyarados|Earthquake|p2a: Sneasler
|-damage|p2a: Sneasler|47/100 psn
|replace|p2a: Zoroark|Zoroark-Hisui, M
|-end|p2a: Zoroark|Illusion
|
|-damage|p2a: Zoroark|34/100 psn|[from] psn
|turn|11
|
|move|p2a: Zoroark|Bitter Malice|p1a: Gyarados
|-crit|p1a: Gyarados
|-damage|p1a: Gyarados|0 fnt
|faint|p1a: Gyarados
|
|-damage|p2a: Zoroark|22/100 psn|[from] psn
|
|switch|p1a: Arcanine|Arcanine-Hisui, F|100/100
|-damage|p1a: Arcanine|76/100|[from] Stealth Rock
|turn|12
|
|move|p1a: Arcanine|Extreme Speed|p2a: Zoroark
|-immune|p2a: Zoroark
|move|p2a: Zoroark|Bitter Malice|p1a: Arcanine
|-damage|p1a: Arcanine|30/100
|-unboost|p1a: Arcanine|atk|1
|
|-damage|p2a: Zoroark|10/100 psn|[from] psn
|turn|13
|
|switch|p1a: Enamorus|Enamorus, F|100/100
|-damage|p1a: Enamorus|76/100|[from] Stealth Rock
|move|p2a: Zoroark|Bitter Malice|p1a: Enamorus
|-damage|p1a: Enamorus|23/100
|-boost|p1a: Enamorus|atk|1
|
|-damage|p2a: Zoroark|0 fnt|[from] psn
|faint|p2a: Zoroark
|
|switch|p2a: Kleavor|Kleavor, F|63/100 psn
|turn|14
|
|move|p1a: Enamorus|Moonblast|p2a: Kleavor
|-damage|p2a: Kleavor|0 fnt
|faint|p2a: Kleavor
|
|
|switch|p2a: Sneasler|Sneasler, M|100/100
|-sideend|p2: p2|move: Toxic Spikes|[of] p2a: Sneasler
|turn|15
|
|move|p1a: Enamorus|Moonblast|p2a: Sneasler
|-damage|p2a: Sneasler|5/100
|move|p2a: Sneasler|Dig||[still]
|-prepare|p2a: Sneasler|Dig
|-enditem|p2a: Sneasler|Power Herb
|-anim|p2a: Sneasler|Dig|p1a: Enamorus
|-immune|p1a: Enamorus
|
|turn|16
|
|move|p2a: Sneasler|Dire Claw|p1a: Enamorus
|-supereffective|p1a: Enamorus
|-damage|p1a: Enamorus|0 fnt
|faint|p1a: Enamorus
|
|
|switch|p1a: Arcanine|Arcanine-Hisui, F|30/100
|-damage|p1a: Arcanine|5/100|[from] Stealth Rock
|turn|17
|
|move|p1a: Arcanine|Extreme Speed|p2a: Sneasler
|-damage|p2a: Sneasler|0 fnt
|faint|p2a: Sneasler
|
|
|switch|p2a: Ursaluna|Ursaluna, F|100/100
|turn|18
|
|move|p1a: Arcanine|Extreme Speed|p2a: Ursaluna
|-damage|p2a: Ursaluna|82/100
|move|p2a: Ursaluna|Counter|p1a: Arcanine
|-damage|p1a: Arcanine|0 fnt
|faint|p1a: Arcanine
|
|win|p2
