# advantage = p1
|poke|p1|Azelf|
|poke|p1|Samurott-Hisui, F|
|poke|p1|Great Tusk|
|poke|p1|Gholdengo|
|poke|p1|Hatterene, F|
|poke|p1|Tornadus-Therian, M|
|poke|p2|Meowscarada, M|
|poke|p2|Great Tusk|
|poke|p2|Magearna|
|poke|p2|Kingambit, F|
|poke|p2|Urshifu-*, F|
|poke|p2|Gholdengo|
|teampreview
|
|start
|switch|p1a: Azelf|Azelf|100/100
|switch|p2a: Gen 4 OU died|Meowscarada, M|100/100
|turn|1
|
|switch|p1a: Hatterene|Hatterene, F|100/100
|move|p2a: Gen 4 OU died|Taunt|p1a: Hatterene
|move|p1a: Hatterene|Taunt|p2a: Gen 4 OU died|[from]ability: Magic Bounce
|-start|p2a: Gen 4 OU died|move: Taunt
|
|turn|2
|
|switch|p2a: GMoney|Gholdengo|100/100
|move|p1a: Hatterene|Mystical Fire|p2a: GMoney
|-supereffective|p2a: GMoney
|-damage|p2a: GMoney|45/100
|-unboost|p2a: GMoney|spa|1
|
|-heal|p2a: GMoney|51/100|[from] item: Leftovers
|turn|3
|
|switch|p2a: Gen 4 OU died|Meowscarada, M|100/100
|switch|p1a: Tornadus|Tornadus-Therian, M|100/100
|
|turn|4
|
|move|p2a: Gen 4 OU died|Spikes|p1a: Tornadus
|-sidestart|p1: p1|Spikes
|move|p1a: Tornadus|U-turn|p2a: Gen 4 OU died
|-supereffective|p2a: Gen 4 OU died
|-damage|p2a: Gen 4 OU died|2/100
|
|switch|p1a: Hatterene|Hatterene, F|100/100|[from] U-turn
|-damage|p1a: Hatterene|88/100|[from] Spikes
|
|-heal|p1a: Hatterene|94/100|[from] item: Leftovers
|turn|5
|
|move|p2a: Gen 4 OU died|Leaf Storm|p1a: Hatterene
|-damage|p1a: Hatterene|16/100
|-unboost|p2a: Gen 4 OU died|spa|2
|move|p1a: Hatterene|Draining Kiss|p2a: Gen 4 OU died
|-supereffective|p2a: Gen 4 OU died
|-crit|p2a: Gen 4 OU died
|-damage|p2a: Gen 4 OU died|0 fnt
|-heal|p1a: Hatterene|17/100|[from] drain|[of] p2a: Gen 4 OU died
|faint|p2a: Gen 4 OU died
|
|-heal|p1a: Hatterene|23/100|[from] item: Leftovers
|
|switch|p2a: Bearwear is Aware|Urshifu-Rapid-Strike, F|100/100
|turn|6
|
|move|p2a: Bearwear is Aware|Surging Strikes|p1a: Hatterene
|-crit|p1a: Hatterene
|-damage|p1a: Hatterene|4/100
|-crit|p1a: Hatterene
|-damage|p1a: Hatterene|0 fnt
|faint|p1a: Hatterene
|-hitcount|p1: Hatterene|2
|
|
|switch|p1a: Azelf|Azelf|100/100
|turn|7
|
|switch|p2a: GMoney|Gholdengo|51/100
|move|p1a: Azelf|Stealth Rock|p2a: GMoney
|-sidestart|p2: p2|move: Stealth Rock
|
|-heal|p2a: GMoney|57/100|[from] item: Leftovers
|turn|8
|
|move|p1a: Azelf|Flamethrower|p2a: GMoney
|-supereffective|p2a: GMoney
|-damage|p2a: GMoney|0 fnt
|faint|p2a: GMoney
|
|
|switch|p2a: Bearwear is Aware|Urshifu-Rapid-Strike, F|100/100
|-damage|p2a: Bearwear is Aware|94/100|[from] Stealth Rock
|turn|9
|
|move|p1a: Azelf|Mystical Power|p2a: Bearwear is Aware
|-supereffective|p2a: Bearwear is Aware
|-damage|p2a: Bearwear is Aware|0 fnt
|-boost|p1a: Azelf|spa|1
|faint|p2a: Bearwear is Aware
|
|
|switch|p2a: Liesbian Mk.2|Magearna|100/100
|-damage|p2a: Liesbian Mk.2|94/100|[from] Stealth Rock
|turn|10
|
|-terastallize|p2a: Liesbian Mk.2|Water
|move|p1a: Azelf|Taunt|p2a: Liesbian Mk.2
|-start|p2a: Liesbian Mk.2|move: Taunt
|cant|p2a: Liesbian Mk.2|move: Taunt|Shift Gear
|
|turn|11
|
|switch|p2a: Elon Tusk|Great Tusk|100/100
|-damage|p2a: Elon Tusk|98/100|[from] Stealth Rock
|move|p1a: Azelf|Mystical Power|p2a: Elon Tusk
|-supereffective|p2a: Elon Tusk
|-damage|p2a: Elon Tusk|0 fnt
|-boost|p1a: Azelf|spa|1
|faint|p2a: Elon Tusk
|-end|p2a: Elon Tusk|Protosynthesis|[silent]
|
|
|switch|p2a: Oo oo A aa aa|Kingambit, F|100/100
|-damage|p2a: Oo oo A aa aa|94/100|[from] Stealth Rock
|-activate|p2a: Oo oo A aa aa|ability: Supreme Overlord
|-start|p2a: Oo oo A aa aa|fallen4|[silent]
|turn|12
|
|move|p1a: Azelf|Flamethrower|p2a: Oo oo A aa aa
|-supereffective|p2a: Oo oo A aa aa
|-damage|p2a: Oo oo A aa aa|0 fnt
|faint|p2a: Oo oo A aa aa
|-end|p2a: Oo oo A aa aa|fallen4|[silent]
|
|
|switch|p2a: Liesbian Mk.2|Magearna, tera:Water|94/100
|-damage|p2a: Liesbian Mk.2|82/100|[from] Stealth Rock
|turn|13
|
|move|p1a: Azelf|Mystical Power|p2a: Liesbian Mk.2
|-damage|p2a: Liesbian Mk.2|26/100
|-boost|p1a: Azelf|spa|1
|move|p2a: Liesbian Mk.2|Draining Kiss|p1a: Azelf
|-crit|p1a: Azelf
|-damage|p1a: Azelf|48/100
|-heal|p2a: Liesbian Mk.2|58/100|[from] drain|[of] p1a: Azelf
|
|turn|14
|
|move|p1a: Azelf|Mystical Power|p2a: Liesbian Mk.2
|-damage|p2a: Liesbian Mk.2|0 fnt
|-boost|p1a: Azelf|spa|1
|faint|p2a: Liesbian Mk.2
|
|win|p1
