|poke|p1|Makuhita, M|
|poke|p1|Noivern, M|
|poke|p1|Overqwil, F|
|poke|p2|Quagsire, M|
|poke|p2|Staraptor, M|
|poke|p2|Pawmi, M|
|teampreview
|
|start
|switch|p1a: Noivern|Noivern, M|100/100
|switch|p2a: Pawmi|Pawmi, M|100/100
|turn|1
|
|move|p2a: Pawmi|Fake Out|p1a: Noivern
|-damage|p1a: Noivern|90/100
|cant|p1a: Noivern|flinch
|
|turn|2
|
|move|p1a: Noivern|Draco Meteor|p2a: Pawmi
|-enditem|p2a: Pawmi|Focus Sash
|-damage|p2a: Pawmi|1/100
|-unboost|p1a: Noivern|spa|2
|move|p2a: Pawmi|Nuzzle|p1a: Noivern
|-damage|p1a: Noivern|81/100
|-status|p1a: Noivern|par
|
|turn|3
|
|switch|p1a: Makuhita|Makuhita, M|100/100
|move|p2a: Pawmi|Charm|p1a: Makuhita
|-unboost|p1a: Makuhita|atk|2
|
|-status|p1a: Makuhita|brn|[from] item: Flame Orb
|turn|4
|
|move|p1a: Makuhita|Fake Out|p2a: Pawmi
|-damage|p2a: Pawmi|0 fnt
|faint|p2a: Pawmi
|
|-damage|p1a: Makuhita|95/100 brn|[from] brn
|
|switch|p2a: Quagsire|Quagsire, M|100/100
|turn|5
|
|switch|p1a: Overqwil|Overqwil, F|100/100
|-ability|p1a: Overqwil|Intimidate|boost
|-unboost|p2a: Quagsire|atk|1
|move|p2a: Quagsire|Stealth Rock|p1a: Overqwil
|-sidestart|p1: p1|move: Stealth Rock
|
|turn|6
|
|move|p1a: Overqwil|Toxic|p2a: Quagsire
|-status|p2a: Quagsire|tox
|move|p2a: Quagsire|Yawn|p1a: Overqwil
|-start|p1a: Overqwil|move: Yawn|[of] p2a: Quagsire
|
|-damage|p2a: Quagsire|94/100 tox|[from] psn
|turn|7
|
|move|p1a: Overqwil|Crunch|p2a: Quagsire
|-damage|p2a: Quagsire|44/100 tox
|-damage|p1a: Overqwil|91/100|[from] item: Life Orb
|move|p2a: Quagsire|Earthquake|p1a: Overqwil
|-supereffective|p1a: Overqwil
|-damage|p1a: Overqwil|29/100
|
|-heal|p2a: Quagsire|50/100 tox|[from] item: Leftovers
|-damage|p2a: Quagsire|38/100 tox|[from] psn
|-end|p1a: Overqwil|move: Yawn|[silent]
|-status|p1a: Overqwil|slp
|turn|8
|
|cant|p1a: Overqwil|slp
|move|p2a: Quagsire|Liquidation|p1a: Overqwil
|-damage|p1a: Overqwil|2/100 slp
|
|-heal|p2a: Quagsire|44/100 tox|[from] item: Leftovers
|-damage|p2a: Quagsire|25/100 tox|[from] psn
|turn|9
|
|cant|p1a: Overqwil|slp
|move|p2a: Quagsire|Liquidation|p1a: Overqwil
|-damage|p1a: Overqwil|0 fnt
|faint|p1a: Overqwil
|
|-heal|p2a: Quagsire|31/100 tox|[from] item: Leftovers
|-damage|p2a: Quagsire|7/100 tox|[from] psn
|
|switch|p1a: Makuhita|Makuhita, M|95/100 brn
|-damage|p1a: Makuhita|89/100 brn|[from] Stealth Rock
|turn|10
|
|move|p1a: Makuhita|Fake Out|p2a: Quagsire
|-damage|p2a: Quagsire|0 fnt
|faint|p2a: Quagsire
|
|-damage|p1a: Makuhita|83/100 brn|[from] brn
|
|switch|p2a: Staraptor|Staraptor, M|100/100
|turn|11
|
|move|p1a: Makuhita|Bullet Punch|p2a: Staraptor
|-damage|p2a: Staraptor|80/100
|move|p2a: Staraptor|Brave Bird|p1a: Makuhita
|-supereffective|p1a: Makuhita
|-damage|p1a: Makuhita|0 fnt
|faint|p1a: Makuhita
|-damage|p2a: Staraptor|55/100|[from] Recoil
|
|
|switch|p1a: Noivern|Noivern, M|81/100 par
|-damage|p1a: Noivern|56/100 par|[from] Stealth Rock
|turn|12
|
|-terastallize|p1a: Noivern|Normal
|move|p2a: Staraptor|Brave Bird|p1a: Noivern
|-damage|p1a: Noivern|0 fnt
|faint|p1a: Noivern
|-damage|p2a: Staraptor|37/100|[from] Recoil
|
|win|p2
|n|☆p1|p1
|n|☆p2|p2
|n|*Lady Monita|ladymonita
|n| Rafa1250|rafa1250
