# advantage = p1
|poke|p1|Toxapex, M|
|poke|p1|Gholdengo|
|poke|p1|Ting-Lu|
|poke|p1|Zamazenta-*|
|poke|p1|Blissey, F|
|poke|p1|Corviknight, F|
|poke|p2|Electrode-Hisui|
|poke|p2|Rillaboom, M|
|poke|p2|Moltres-Galar|
|poke|p2|Zamazenta-*|
|poke|p2|Urshifu-*, F|
|poke|p2|Iron Treads|
|teampreview
|
|start
|switch|p1a: Ting-Lu|Ting-Lu|100/100
|switch|p2a: Theodore BoltoBert|Electrode-Hisui, shiny|100/100
|-ability|p1a: Ting-Lu|Vessel of Ruin
|turn|1
|
|switch|p1a: Gholdengo|Gholdengo|100/100
|move|p2a: Theodore BoltoBert|Chloroblast|p1a: Gholdengo
|-resisted|p1a: Gholdengo
|-damage|p1a: Gholdengo|54/100
|-damage|p2a: Theodore BoltoBert|50/100|[from] chloroblast
|
|turn|2
|
|switch|p2a: THE ONE WHO STRIKE|Urshifu-Rapid-Strike, F|100/100
|move|p1a: Gholdengo|Recover|p1a: Gholdengo
|-heal|p1a: Gholdengo|100/100
|
|turn|3
|
|switch|p1a: Toxapex|Toxapex, M|100/100
|move|p2a: THE ONE WHO STRIKE|Thunder Punch|p1a: Toxapex
|-supereffective|p1a: Toxapex
|-damage|p1a: Toxapex|50/100
|
|-heal|p1a: Toxapex|56/100|[from] item: Black Sludge
|turn|4
|
|switch|p2a: Tusk 2:Mag killers|Iron Treads|100/100
|-enditem|p2a: Tusk 2:Mag killers|Booster Energy
|-activate|p2a: Tusk 2:Mag killers|ability: Quark Drive|[fromitem]
|-start|p2a: Tusk 2:Mag killers|quarkdrivespe
|move|p1a: Toxapex|Toxic|p2a: Tusk 2:Mag killers
|-immune|p2a: Tusk 2:Mag killers
|
|-heal|p1a: Toxapex|62/100|[from] item: Black Sludge
|turn|5
|
|switch|p1a: Corviknight|Corviknight, F|100/100
|-ability|p1a: Corviknight|Pressure
|move|p2a: Tusk 2:Mag killers|Stealth Rock|p1a: Corviknight
|-sidestart|p1: p1|move: Stealth Rock
|
|turn|6
|
|-end|p2a: Tusk 2:Mag killers|Quark Drive|[silent]
|switch|p2a: Theodore BoltoBert|Electrode-Hisui, shiny|50/100
|move|p1a: Corviknight|Defog|p2a: Theodore BoltoBert
|-unboost|p2a: Theodore BoltoBert|evasion|1
|-sideend|p1: p1|Stealth Rock|[from] move: Defog|[of] p1a: Corviknight
|
|turn|7
|
|switch|p1a: Gholdengo|Gholdengo|100/100
|move|p2a: Theodore BoltoBert|Volt Switch|p1a: Gholdengo
|-damage|p1a: Gholdengo|55/100
|
|switch|p2a: THE ONE WHO STRIKE|Urshifu-Rapid-Strike, F|100/100|[from] Volt Switch
|
|turn|8
|
|switch|p1a: Toxapex|Toxapex, M|96/100
|move|p2a: THE ONE WHO STRIKE|Thunder Punch|p1a: Toxapex
|-supereffective|p1a: Toxapex
|-damage|p1a: Toxapex|51/100
|
|-heal|p1a: Toxapex|58/100|[from] item: Black Sludge
|turn|9
|
|switch|p2a: Tusk 2:Mag killers|Iron Treads|100/100
|move|p1a: Toxapex|Chilling Water|p2a: Tusk 2:Mag killers
|-supereffective|p2a: Tusk 2:Mag killers
|-damage|p2a: Tusk 2:Mag killers|74/100
|-unboost|p2a: Tusk 2:Mag killers|atk|1
|
|-heal|p1a: Toxapex|64/100|[from] item: Black Sludge
|turn|10
|
|-end|p2a: Tusk 2:Mag killers|Quark Drive|[silent]
|switch|p2a: Theodore BoltoBert|Electrode-Hisui, shiny|50/100
|switch|p1a: Corviknight|Corviknight, F|100/100
|-ability|p1a: Corviknight|Pressure
|
|turn|11
|
|switch|p1a: Blissey|Blissey, F|100/100
|move|p2a: Theodore BoltoBert|Giga Drain|p1a: Blissey
|-damage|p1a: Blissey|87/100
|-heal|p2a: Theodore BoltoBert|68/100|[from] drain|[of] p1a: Blissey
|
|turn|12
|
|switch|p2a: Tusk 2:Mag killers|Iron Treads|74/100
|move|p1a: Blissey|Stealth Rock|p2a: Tusk 2:Mag killers
|-sidestart|p2: p2|move: Stealth Rock
|
|turn|13
|
|switch|p1a: Corviknight|Corviknight, F|100/100
|-ability|p1a: Corviknight|Pressure
|move|p2a: Tusk 2:Mag killers|Stealth Rock|p1a: Corviknight
|-sidestart|p1: p1|move: Stealth Rock
|
|turn|14
|
|-end|p2a: Tusk 2:Mag killers|Quark Drive|[silent]
|switch|p2a: Skull Tracker|Zamazenta-Crowned|100/100
|-damage|p2a: Skull Tracker|97/100|[from] Stealth Rock
|-ability|p2a: Skull Tracker|Dauntless Shield|boost
|-boost|p2a: Skull Tracker|def|1
|move|p1a: Corviknight|U-turn|p2a: Skull Tracker
|-resisted|p2a: Skull Tracker
|-damage|p2a: Skull Tracker|96/100
|
|switch|p1a: Gholdengo|Gholdengo|55/100|[from] U-turn
|
|turn|15
|
|switch|p2a: MolTy JuGGoso|Moltres-Galar|100/100
|move|p1a: Gholdengo|Recover|p1a: Gholdengo
|-heal|p1a: Gholdengo|100/100
|
|turn|16
|
|switch|p1a: Toxapex|Toxapex, M|97/100
|-damage|p1a: Toxapex|85/100|[from] Stealth Rock
|move|p2a: MolTy JuGGoso|Nasty Plot|p2a: MolTy JuGGoso
|-boost|p2a: MolTy JuGGoso|spa|2
|
|-heal|p1a: Toxapex|91/100|[from] item: Black Sludge
|turn|17
|
|switch|p2a: Tusk 2:Mag killers|Iron Treads|74/100
|-damage|p2a: Tusk 2:Mag killers|71/100|[from] Stealth Rock
|move|p1a: Toxapex|Haze|p1a: Toxapex
|-clearallboost
|
|-heal|p1a: Toxapex|97/100|[from] item: Black Sludge
|turn|18
|
|-end|p2a: Tusk 2:Mag killers|Quark Drive|[silent]
|switch|p2a: Theodore BoltoBert|Electrode-Hisui, shiny|68/100
|-damage|p2a: Theodore BoltoBert|56/100|[from] Stealth Rock
|switch|p1a: Corviknight|Corviknight, F|100/100
|-damage|p1a: Corviknight|88/100|[from] Stealth Rock
|-ability|p1a: Corviknight|Pressure
|
|-heal|p1a: Corviknight|94/100|[from] item: Leftovers
|turn|19
|
|switch|p1a: Blissey|Blissey, F|87/100
|move|p2a: Theodore BoltoBert|Volt Switch|p1a: Blissey
|-damage|p1a: Blissey|75/100
|
|switch|p2a: Jhon Jhons|Rillaboom, M|100/100|[from] Volt Switch
|-damage|p2a: Jhon Jhons|88/100|[from] Stealth Rock
|-fieldstart|move: Grassy Terrain|[from] ability: Grassy Surge|[of] p2a: Jhon Jhons
|
|-heal|p2a: Jhon Jhons|94/100|[from] Grassy Terrain
|-heal|p1a: Blissey|81/100|[from] Grassy Terrain
|turn|20
|
|switch|p1a: Toxapex|Toxapex, M|100/100
|-damage|p1a: Toxapex|88/100|[from] Stealth Rock
|move|p2a: Jhon Jhons|Knock Off|p1a: Toxapex
|-damage|p1a: Toxapex|64/100
|-enditem|p1a: Toxapex|Black Sludge|[from] move: Knock Off|[of] p2a: Jhon Jhons
|
|-heal|p2a: Jhon Jhons|100/100|[from] Grassy Terrain
|-heal|p1a: Toxapex|71/100|[from] Grassy Terrain
|turn|21
|
|switch|p1a: Corviknight|Corviknight, F|94/100
|-damage|p1a: Corviknight|82/100|[from] Stealth Rock
|-ability|p1a: Corviknight|Pressure
|move|p2a: Jhon Jhons|Drum Beating|p1a: Corviknight
|-resisted|p1a: Corviknight
|-damage|p1a: Corviknight|74/100
|-unboost|p1a: Corviknight|spe|1
|
|-heal|p1a: Corviknight|80/100|[from] item: Leftovers
|turn|22
|
|switch|p2a: Skull Tracker|Zamazenta-Crowned|96/100
|-damage|p2a: Skull Tracker|93/100|[from] Stealth Rock
|move|p1a: Corviknight|U-turn|p2a: Skull Tracker
|-resisted|p2a: Skull Tracker
|-damage|p2a: Skull Tracker|90/100
|
|switch|p1a: Gholdengo|Gholdengo|100/100|[from] U-turn
|
|-heal|p2a: Skull Tracker|96/100|[from] Grassy Terrain
|turn|23
|
|switch|p2a: MolTy JuGGoso|Moltres-Galar|100/100
|move|p1a: Gholdengo|Thunder Wave|p2a: MolTy JuGGoso
|-status|p2a: MolTy JuGGoso|par
|
|turn|24
|
|switch|p1a: Toxapex|Toxapex, M|100/100
|-damage|p1a: Toxapex|88/100|[from] Stealth Rock
|move|p2a: MolTy JuGGoso|Nasty Plot|p2a: MolTy JuGGoso
|-boost|p2a: MolTy JuGGoso|spa|2
|
|-heal|p1a: Toxapex|94/100|[from] Grassy Terrain
|turn|25
|
|cant|p2a: MolTy JuGGoso|par
|move|p1a: Toxapex|Haze|p1a: Toxapex
|-clearallboost
|
|-heal|p1a: Toxapex|100/100|[from] Grassy Terrain
|turn|26
|
|move|p2a: MolTy JuGGoso|Nasty Plot|p2a: MolTy JuGGoso
|-boost|p2a: MolTy JuGGoso|spa|2
|move|p1a: Toxapex|Chilling Water|p2a: MolTy JuGGoso
|-damage|p2a: MolTy JuGGoso|93/100 par
|-unboost|p2a: MolTy JuGGoso|atk|1
|
|-fieldend|move: Grassy Terrain
|turn|27
|
|cant|p2a: MolTy JuGGoso|par
|move|p1a: Toxapex|Haze|p1a: Toxapex
|-clearallboost
|
|turn|28
|
|switch|p2a: Theodore BoltoBert|Electrode-Hisui, shiny|56/100
|-damage|p2a: Theodore BoltoBert|44/100|[from] Stealth Rock
|move|p1a: Toxapex|Chilling Water|p2a: Theodore BoltoBert
|-resisted|p2a: Theodore BoltoBert
|-damage|p2a: Theodore BoltoBert|35/100
|-unboost|p2a: Theodore BoltoBert|atk|1
|
|turn|29
|
|switch|p1a: Blissey|Blissey, F|81/100
|move|p2a: Theodore BoltoBert|Volt Switch|p1a: Blissey
|-damage|p1a: Blissey|70/100
|
|switch|p2a: Jhon Jhons|Rillaboom, M|100/100|[from] Volt Switch
|-damage|p2a: Jhon Jhons|88/100|[from] Stealth Rock
|-fieldstart|move: Grassy Terrain|[from] ability: Grassy Surge|[of] p2a: Jhon Jhons
|
|-heal|p2a: Jhon Jhons|94/100|[from] Grassy Terrain
|-heal|p1a: Blissey|76/100|[from] Grassy Terrain
|turn|30
|
|switch|p1a: Corviknight|Corviknight, F|80/100
|-damage|p1a: Corviknight|67/100|[from] Stealth Rock
|-ability|p1a: Corviknight|Pressure
|move|p2a: Jhon Jhons|Swords Dance|p2a: Jhon Jhons
|-boost|p2a: Jhon Jhons|atk|2
|
|-heal|p2a: Jhon Jhons|100/100|[from] Grassy Terrain
|-heal|p1a: Corviknight|74/100|[from] item: Leftovers
|turn|31
|
|-terastallize|p2a: Jhon Jhons|Water
|move|p2a: Jhon Jhons|Knock Off|p1a: Corviknight
|-damage|p1a: Corviknight|29/100
|-enditem|p1a: Corviknight|Leftovers|[from] move: Knock Off|[of] p2a: Jhon Jhons
|move|p1a: Corviknight|Hurricane|p2a: Jhon Jhons|[miss]
|-miss|p1a: Corviknight|p2a: Jhon Jhons
|
|turn|32
|
|switch|p1a: Toxapex|Toxapex, M|100/100
|-damage|p1a: Toxapex|88/100|[from] Stealth Rock
|move|p2a: Jhon Jhons|Drain Punch|p1a: Toxapex
|-resisted|p1a: Toxapex
|-damage|p1a: Toxapex|71/100
|
|-heal|p1a: Toxapex|77/100|[from] Grassy Terrain
|turn|33
|
|move|p2a: Jhon Jhons|Drum Beating|p1a: Toxapex
|-crit|p1a: Toxapex
|-damage|p1a: Toxapex|0 fnt
|faint|p1a: Toxapex
|
|
|switch|p1a: Zamazenta|Zamazenta|100/100
|-damage|p1a: Zamazenta|94/100|[from] Stealth Rock
|-ability|p1a: Zamazenta|Dauntless Shield|boost
|-boost|p1a: Zamazenta|def|1
|turn|34
|
|switch|p2a: Theodore BoltoBert|Electrode-Hisui, shiny|35/100
|-damage|p2a: Theodore BoltoBert|23/100|[from] Stealth Rock
|move|p1a: Zamazenta|Iron Defense|p1a: Zamazenta
|-boost|p1a: Zamazenta|def|2
|
|-heal|p2a: Theodore BoltoBert|29/100|[from] Grassy Terrain
|-heal|p1a: Zamazenta|100/100|[from] Grassy Terrain
|turn|35
|
|-terastallize|p1a: Zamazenta|Steel
|move|p2a: Theodore BoltoBert|Volt Switch|p1a: Zamazenta
|-damage|p1a: Zamazenta|70/100
|
|switch|p2a: Skull Tracker|Zamazenta-Crowned|96/100|[from] Volt Switch
|-damage|p2a: Skull Tracker|93/100|[from] Stealth Rock
|move|p1a: Zamazenta|Light Screen|p1a: Zamazenta
|-sidestart|p1: p1|move: Light Screen
|
|-heal|p2a: Skull Tracker|99/100|[from] Grassy Terrain
|-heal|p1a: Zamazenta|76/100|[from] Grassy Terrain
|-heal|p1a: Zamazenta|82/100|[from] item: Leftovers
|turn|36
|
|move|p2a: Skull Tracker|Iron Defense|p2a: Skull Tracker
|-boost|p2a: Skull Tracker|def|2
|move|p1a: Zamazenta|Iron Defense|p1a: Zamazenta
|-boost|p1a: Zamazenta|def|2
|
|-heal|p2a: Skull Tracker|100/100|[from] Grassy Terrain
|-heal|p1a: Zamazenta|88/100|[from] Grassy Terrain
|-heal|p1a: Zamazenta|94/100|[from] item: Leftovers
|-fieldend|move: Grassy Terrain
|turn|37
|
|move|p2a: Skull Tracker|Iron Defense|p2a: Skull Tracker
|-boost|p2a: Skull Tracker|def|2
|move|p1a: Zamazenta|Iron Defense|p1a: Zamazenta
|-boost|p1a: Zamazenta|def|1
|
|-heal|p1a: Zamazenta|100/100|[from] item: Leftovers
|turn|38
|
|move|p2a: Skull Tracker|Iron Defense|p2a: Skull Tracker
|-boost|p2a: Skull Tracker|def|2
|move|p1a: Zamazenta|Body Press|p2a: Skull Tracker
|-supereffective|p2a: Skull Tracker
|-damage|p2a: Skull Tracker|48/100
|
|turn|39
|
|move|p2a: Skull Tracker|Body Press|p1a: Zamazenta
|-supereffective|p1a: Zamazenta
|-damage|p1a: Zamazenta|61/100
|move|p1a: Zamazenta|Body Press|p2a: Skull Tracker
|-supereffective|p2a: Skull Tracker
|-damage|p2a: Skull Tracker|0 fnt
|faint|p2a: Skull Tracker
|
|-heal|p1a: Zamazenta|68/100|[from] item: Leftovers
|-sideend|p1: p1|move: Light Screen
|
|switch|p2a: Theodore BoltoBert|Electrode-Hisui, shiny|29/100
|-damage|p2a: Theodore BoltoBert|17/100|[from] Stealth Rock
|turn|40
|
|move|p2a: Theodore BoltoBert|Thunderbolt|p1a: Zamazenta
|-damage|p1a: Zamazenta|25/100
|-status|p1a: Zamazenta|par
|move|p1a: Zamazenta|Light Screen|p1a: Zamazenta
|-sidestart|p1: p1|move: Light Screen
|
|-heal|p1a: Zamazenta|31/100 par|[from] item: Leftovers
|turn|41
|
|move|p2a: Theodore BoltoBert|Thunderbolt|p1a: Zamazenta
|-damage|p1a: Zamazenta|10/100 par
|move|p1a: Zamazenta|Rest|p1a: Zamazenta
|-status|p1a: Zamazenta|slp|[from] move: Rest
|-heal|p1a: Zamazenta|100/100 slp|[silent]
|
|turn|42
|
|switch|p2a: THE ONE WHO STRIKE|Urshifu-Rapid-Strike, F|100/100
|-damage|p2a: THE ONE WHO STRIKE|94/100|[from] Stealth Rock
|cant|p1a: Zamazenta|slp
|
|turn|43
|
|move|p2a: THE ONE WHO STRIKE|Surging Strikes|p1a: Zamazenta
|-crit|p1a: Zamazenta
|-damage|p1a: Zamazenta|83/100 slp
|-crit|p1a: Zamazenta
|-damage|p1a: Zamazenta|65/100 slp
|-crit|p1a: Zamazenta
|-damage|p1a: Zamazenta|47/100 slp
|-hitcount|p1a: Zamazenta|3
|cant|p1a: Zamazenta|slp
|
|-heal|p1a: Zamazenta|53/100 slp|[from] item: Leftovers
|turn|44
|
|move|p2a: THE ONE WHO STRIKE|Surging Strikes|p1a: Zamazenta
|-crit|p1a: Zamazenta
|-damage|p1a: Zamazenta|36/100 slp
|-crit|p1a: Zamazenta
|-damage|p1a: Zamazenta|20/100 slp
|-crit|p1a: Zamazenta
|-damage|p1a: Zamazenta|2/100 slp
|-hitcount|p1a: Zamazenta|3
|-curestatus|p1a: Zamazenta|slp|[msg]
|move|p1a: Zamazenta|Body Press|p2a: THE ONE WHO STRIKE
|-damage|p2a: THE ONE WHO STRIKE|0 fnt
|faint|p2a: THE ONE WHO STRIKE
|
|-heal|p1a: Zamazenta|8/100|[from] item: Leftovers
|-sideend|p1: p1|move: Light Screen
|
|switch|p2a: Theodore BoltoBert|Electrode-Hisui, shiny|17/100
|-damage|p2a: Theodore BoltoBert|4/100|[from] Stealth Rock
|turn|45
|
|switch|p1a: Blissey|Blissey, F|76/100
|move|p2a: Theodore BoltoBert|Chloroblast|p1a: Blissey
|-damage|p1a: Blissey|50/100
|-damage|p2a: Theodore BoltoBert|0 fnt|[from] chloroblast
|faint|p2a: Theodore BoltoBert
|
|
|switch|p2a: Jhon Jhons|Rillaboom, M, tera:Water|100/100
|-damage|p2a: Jhon Jhons|88/100|[from] Stealth Rock
|-fieldstart|move: Grassy Terrain|[from] ability: Grassy Surge|[of] p2a: Jhon Jhons
|turn|46
|
|move|p2a: Jhon Jhons|Swords Dance|p2a: Jhon Jhons
|-boost|p2a: Jhon Jhons|atk|2
|move|p1a: Blissey|Soft-Boiled|p1a: Blissey
|-heal|p1a: Blissey|99/100
|
|-heal|p2a: Jhon Jhons|94/100|[from] Grassy Terrain
|-heal|p1a: Blissey|100/100|[from] Grassy Terrain
|turn|47
|
|move|p2a: Jhon Jhons|Drain Punch|p1a: Blissey
|-supereffective|p1a: Blissey
|-damage|p1a: Blissey|0 fnt
|-heal|p2a: Jhon Jhons|100/100|[from] drain|[of] p1a: Blissey
|faint|p1a: Blissey
|
|
|switch|p1a: Gholdengo|Gholdengo|100/100
|turn|48
|
|move|p2a: Jhon Jhons|Knock Off|p1a: Gholdengo
|-supereffective|p1a: Gholdengo
|-damage|p1a: Gholdengo|1/100
|-enditem|p1a: Gholdengo|Heavy-Duty Boots|[from] move: Knock Off|[of] p2a: Jhon Jhons
|move|p1a: Gholdengo|Thunder Wave|p2a: Jhon Jhons
|-status|p2a: Jhon Jhons|par
|
|-heal|p1a: Gholdengo|7/100|[from] Grassy Terrain
|turn|49
|
|move|p1a: Gholdengo|Hex|p2a: Jhon Jhons
|-damage|p2a: Jhon Jhons|36/100 par
|move|p2a: Jhon Jhons|Knock Off|p1a: Gholdengo
|-supereffective|p1a: Gholdengo
|-damage|p1a: Gholdengo|0 fnt
|faint|p1a: Gholdengo
|
|-heal|p2a: Jhon Jhons|42/100 par|[from] Grassy Terrain
|
|switch|p1a: Zamazenta|Zamazenta, tera:Steel|8/100
|-damage|p1a: Zamazenta|2/100|[from] Stealth Rock
|turn|50
|
|move|p1a: Zamazenta|Rest|p1a: Zamazenta
|-status|p1a: Zamazenta|slp|[from] move: Rest
|-heal|p1a: Zamazenta|100/100 slp|[silent]
|move|p2a: Jhon Jhons|Drain Punch|p1a: Zamazenta
|-supereffective|p1a: Zamazenta
|-damage|p1a: Zamazenta|39/100 slp
|-heal|p2a: Jhon Jhons|72/100 par|[from] drain|[of] p1a: Zamazenta
|
|-heal|p1a: Zamazenta|45/100 slp|[from] Grassy Terrain
|-heal|p1a: Zamazenta|51/100 slp|[from] item: Leftovers
|-heal|p2a: Jhon Jhons|78/100 par|[from] Grassy Terrain
|turn|51
|
|cant|p1a: Zamazenta|slp
|move|p2a: Jhon Jhons|Drain Punch|p1a: Zamazenta
|-supereffective|p1a: Zamazenta
|-damage|p1a: Zamazenta|0 fnt
|-heal|p2a: Jhon Jhons|100/100 par|[from] drain|[of] p1a: Zamazenta
|faint|p1a: Zamazenta
|
|
|switch|p1a: Corviknight|Corviknight, F|29/100
|-damage|p1a: Corviknight|17/100|[from] Stealth Rock
|-ability|p1a: Corviknight|Pressure
|turn|52
|
|move|p1a: Corviknight|Roost|p1a: Corviknight
|-heal|p1a: Corviknight|67/100
|-singleturn|p1a: Corviknight|move: Roost
|move|p2a: Jhon Jhons|Drain Punch|p1a: Corviknight
|-supereffective|p1a: Corviknight
|-damage|p1a: Corviknight|0 fnt
|faint|p1a: Corviknight
|
|
|switch|p1a: Ting-Lu|Ting-Lu|100/100
|-damage|p1a: Ting-Lu|94/100|[from] Stealth Rock
|-ability|p1a: Ting-Lu|Vessel of Ruin
|turn|53
|
|cant|p2a: Jhon Jhons|par
|move|p1a: Ting-Lu|Whirlwind|p2a: Jhon Jhons
|drag|p2a: Tusk 2:Mag killers|Iron Treads|71/100
|-damage|p2a: Tusk 2:Mag killers|67/100|[from] Stealth Rock
|
|-heal|p2a: Tusk 2:Mag killers|74/100|[from] Grassy Terrain
|-heal|p1a: Ting-Lu|100/100|[from] Grassy Terrain
|-fieldend|move: Grassy Terrain
|turn|54
|
|move|p2a: Tusk 2:Mag killers|Ice Spinner|p1a: Ting-Lu
|-supereffective|p1a: Ting-Lu
|-damage|p1a: Ting-Lu|73/100
|move|p1a: Ting-Lu|Spikes|p2a: Tusk 2:Mag killers
|-sidestart|p2: p2|Spikes
|
|-heal|p1a: Ting-Lu|79/100|[from] item: Leftovers
|turn|55
|
|move|p2a: Tusk 2:Mag killers|Rapid Spin|p1a: Ting-Lu
|-damage|p1a: Ting-Lu|70/100
|-boost|p2a: Tusk 2:Mag killers|spe|1
|-sideend|p2: p2|Spikes|[from] move: Rapid Spin|[of] p2a: Tusk 2:Mag killers
|-sideend|p2: p2|Stealth Rock|[from] move: Rapid Spin|[of] p2a: Tusk 2:Mag killers
|move|p1a: Ting-Lu|Earthquake|p2a: Tusk 2:Mag killers
|-supereffective|p2a: Tusk 2:Mag killers
|-damage|p2a: Tusk 2:Mag killers|10/100
|
|-heal|p1a: Ting-Lu|76/100|[from] item: Leftovers
|turn|56
|
|move|p2a: Tusk 2:Mag killers|Ice Spinner|p1a: Ting-Lu
|-supereffective|p1a: Ting-Lu
|-crit|p1a: Ting-Lu
|-damage|p1a: Ting-Lu|34/100
|move|p1a: Ting-Lu|Earthquake|p2a: Tusk 2:Mag killers
|-supereffective|p2a: Tusk 2:Mag killers
|-damage|p2a: Tusk 2:Mag killers|0 fnt
|faint|p2a: Tusk 2:Mag killers
|-end|p2a: Tusk 2:Mag killers|Quark Drive|[silent]
|
|-heal|p1a: Ting-Lu|41/100|[from] item: Leftovers
|
|switch|p2a: Jhon Jhons|Rillaboom, M, tera:Water|100/100 par
|-fieldstart|move: Grassy Terrain|[from] ability: Grassy Surge|[of] p2a: Jhon Jhons
|turn|57
|
|move|p1a: Ting-Lu|Spikes|p2a: Jhon Jhons
|-sidestart|p2: p2|Spikes
|cant|p2a: Jhon Jhons|par
|
|-heal|p1a: Ting-Lu|47/100|[from] Grassy Terrain
|-heal|p1a: Ting-Lu|53/100|[from] item: Leftovers
|turn|58
|
|move|p2a: Jhon Jhons|Drum Beating|p1a: Ting-Lu
|-supereffective|p1a: Ting-Lu
|-crit|p1a: Ting-Lu
|-damage|p1a: Ting-Lu|0 fnt
|faint|p1a: Ting-Lu
|
|win|p2
