|poke|p1|Pawmot, F|
|poke|p1|Ursaluna, F|
|poke|p1|Zarude|
|poke|p1|Lilligant-Hisui, F|
|poke|p1|Dragapult, M|
|poke|p1|Glimmora, F|
|poke|p2|Articuno-Galar|
|poke|p2|Landorus-Therian, M|
|poke|p2|Kingambit, M|
|poke|p2|Arboliva, F|
|poke|p2|Maushold|
|poke|p2|Rotom-Wash|
|teampreview
|
|start
|switch|p1a: OU THE PULT|Dragapult, M|100/100
|switch|p2a: Landorus|Landorus-Therian, M|100/100
|-ability|p2a: Landorus|Intimidate|boost
|-unboost|p1a: OU THE PULT|atk|1
|turn|1
|
|move|p2a: Landorus|Earthquake|p1a: OU THE PULT
|-damage|p1a: OU THE PULT|25/100
|move|p1a: OU THE PULT|Surf|p2a: Landorus
|-supereffective|p2a: Landorus
|-damage|p2a: Landorus|7/100
|
|turn|2
|
|switch|p1a: ZZZ|Zarude|100/100
|move|p2a: Landorus|Earthquake|p1a: ZZZ
|-resisted|p1a: ZZZ
|-damage|p1a: ZZZ|81/100
|
|-heal|p1a: ZZZ|87/100|[from] item: Leftovers
|turn|3
|
|switch|p2a: Maushold|Maushold|100/100
|move|p1a: ZZZ|Bulk Up|p1a: ZZZ
|-boost|p1a: ZZZ|atk|1
|-boost|p1a: ZZZ|def|1
|
|-heal|p1a: ZZZ|93/100|[from] item: Leftovers
|turn|4
|
|move|p2a: Maushold|Tidy Up|p2a: Maushold
|-boost|p2a: Maushold|atk|1
|-boost|p2a: Maushold|spe|1
|move|p1a: ZZZ|Crunch|p2a: Maushold
|-damage|p2a: Maushold|27/100
|
|-heal|p1a: ZZZ|99/100|[from] item: Leftovers
|turn|5
|
|move|p2a: Maushold|Population Bomb|p1a: ZZZ
|-damage|p1a: ZZZ|91/100
|-damage|p1a: ZZZ|83/100
|-damage|p1a: ZZZ|76/100
|-damage|p1a: ZZZ|68/100
|-damage|p1a: ZZZ|60/100
|-damage|p1a: ZZZ|53/100
|-crit|p1a: ZZZ
|-damage|p1a: ZZZ|37/100
|-damage|p1a: ZZZ|29/100
|-damage|p1a: ZZZ|21/100
|-damage|p1a: ZZZ|13/100
|-hitcount|p1a: ZZZ|10
|move|p1a: ZZZ|Crunch|p2a: Maushold
|-damage|p2a: Maushold|0 fnt
|faint|p2a: Maushold
|
|-heal|p1a: ZZZ|19/100|[from] item: Leftovers
|
|switch|p2a: Landorus|Landorus-Therian, M|7/100
|-ability|p2a: Landorus|Intimidate|boost
|-unboost|p1a: ZZZ|atk|1
|turn|6
|
|move|p2a: Landorus|Brick Break|p1a: ZZZ
|-supereffective|p1a: ZZZ
|-damage|p1a: ZZZ|0 fnt
|faint|p1a: ZZZ
|
|
|switch|p1a: Reimi|Pawmot, F, shiny|100/100
|turn|7
|
|switch|p2a: Washer|Rotom-Wash|100/100
|move|p1a: Reimi|Ice Punch|p2a: Washer
|-resisted|p2a: Washer
|-damage|p2a: Washer|88/100
|
|turn|8
|
|switch|p1a: AWOON|Ursaluna, F|100/100
|move|p2a: Washer|Nasty Plot|p2a: Washer
|-boost|p2a: Washer|spa|2
|
|turn|9
|
|move|p2a: Washer|Hydro Pump|p1a: AWOON
|-supereffective|p1a: AWOON
|-damage|p1a: AWOON|0 fnt
|faint|p1a: AWOON
|
|
|switch|p1a: Glamora|Glimmora, F|100/100
|turn|10
|
|move|p1a: Glamora|Sludge Wave|p2a: Washer
|-crit|p2a: Washer
|-damage|p2a: Washer|6/100
|-enditem|p2a: Washer|Sitrus Berry|[eat]
|-heal|p2a: Washer|31/100|[from] item: Sitrus Berry
|move|p2a: Washer|Hydro Pump|p1a: Glamora
|-supereffective|p1a: Glamora
|-enditem|p1a: Glamora|Focus Sash
|-damage|p1a: Glamora|1/100
|
|turn|11
|
|move|p1a: Glamora|Power Gem|p2a: Washer
|-damage|p2a: Washer|0 fnt
|faint|p2a: Washer
|
|
|switch|p2a: Landorus|Landorus-Therian, M|7/100
|-ability|p2a: Landorus|Intimidate|boost
|-unboost|p1a: Glamora|atk|1
|turn|12
|
|move|p2a: Landorus|Earthquake|p1a: Glamora
|-supereffective|p1a: Glamora
|-damage|p1a: Glamora|0 fnt
|-activate|p1a: Glamora|ability: Toxic Debris
|-sidestart|p2: SoggyArticuno|move: Toxic Spikes
|faint|p1a: Glamora
|
|
|switch|p1a: OU THE PULT|Dragapult, M|25/100
|turn|13
|
|move|p2a: Landorus|Earthquake|p1a: OU THE PULT
|-damage|p1a: OU THE PULT|0 fnt
|faint|p1a: OU THE PULT
|
|
|switch|p1a: Reimi|Pawmot, F, shiny|100/100
|turn|14
|
|move|p1a: Reimi|Mach Punch|p2a: Landorus
|-resisted|p2a: Landorus
|-damage|p2a: Landorus|0 fnt
|faint|p2a: Landorus
|
|
|switch|p2a: Articuno|Articuno-Galar|100/100
|turn|15
|
|-terastallize|p1a: Reimi|Electric
|move|p1a: Reimi|Thunder Punch|p2a: Articuno
|-supereffective|p2a: Articuno
|-damage|p2a: Articuno|0 fnt
|faint|p2a: Articuno
|
|
|switch|p2a: Olivia|Arboliva, F|100/100
|-status|p2a: Olivia|psn
|turn|16
|
|move|p1a: Reimi|Ice Punch|p2a: Olivia
|-supereffective|p2a: Olivia
|-damage|p2a: Olivia|37/100 psn
|-enditem|p2a: Olivia|Sitrus Berry|[eat]
|-heal|p2a: Olivia|62/100 psn|[from] item: Sitrus Berry
|move|p2a: Olivia|Leech Seed|p1a: Reimi|[miss]
|-miss|p2a: Olivia|p1a: Reimi
|
|-damage|p2a: Olivia|49/100 psn|[from] psn
|-item|p2a: Olivia|Sitrus Berry|[from] ability: Harvest
|-enditem|p2a: Olivia|Sitrus Berry|[eat]
|-heal|p2a: Olivia|74/100 psn|[from] item: Sitrus Berry
|turn|17
|
|move|p1a: Reimi|Ice Punch|p2a: Olivia
|-supereffective|p2a: Olivia
|-damage|p2a: Olivia|7/100 psn
|move|p2a: Olivia|Leech Seed|p1a: Reimi
|-start|p1a: Reimi|move: Leech Seed
|
|-damage|p1a: Reimi|88/100|[from] Leech Seed|[of] p2a: Olivia
|-heal|p2a: Olivia|17/100 psn|[silent]
|-damage|p2a: Olivia|5/100 psn|[from] psn
|-item|p2a: Olivia|Sitrus Berry|[from] ability: Harvest
|-enditem|p2a: Olivia|Sitrus Berry|[eat]
|-heal|p2a: Olivia|30/100 psn|[from] item: Sitrus Berry
|turn|18
|
|move|p1a: Reimi|Mach Punch|p2a: Olivia
|-supereffective|p2a: Olivia
|-damage|p2a: Olivia|0 fnt
|faint|p2a: Olivia
|
|
|switch|p2a: Gamb|Kingambit, M|100/100
|-activate|p2a: Gamb|ability: Supreme Overlord
|-start|p2a: Gamb|fallen5|[silent]
|turn|19
|
|move|p2a: Gamb|Sucker Punch||[still]
|-fail|p2a: Gamb
|move|p1a: Reimi|Revival Blessing|p1a: Reimi
|
|-heal|p1: Glamora|50/100|[from] move: Revival Blessing
|
|-damage|p1a: Reimi|76/100|[from] Leech Seed|[of] p2a: Gamb
|turn|20
|
|switch|p1a: Mimi|Lilligant-Hisui, F|100/100
|move|p2a: Gamb|Kowtow Cleave|p1a: Mimi
|-resisted|p1a: Mimi
|-damage|p1a: Mimi|47/100
|
|turn|21
|
|move|p1a: Mimi|Victory Dance|p1a: Mimi
|-boost|p1a: Mimi|atk|1
|-boost|p1a: Mimi|def|1
|-boost|p1a: Mimi|spe|1
|move|p2a: Gamb|Kowtow Cleave|p1a: Mimi
|-resisted|p1a: Mimi
|-damage|p1a: Mimi|12/100
|
|turn|22
|
|move|p2a: Gamb|Sucker Punch||[still]
|-fail|p2a: Gamb
|move|p1a: Mimi|Defog|p2a: Gamb
|-unboost|p2a: Gamb|evasion|1
|-sideend|p2: SoggyArticuno|Toxic Spikes|[from] move: Defog|[of] p1a: Mimi
|
|turn|23
|
|move|p2a: Gamb|Sucker Punch|p1a: Mimi
|-resisted|p1a: Mimi
|-damage|p1a: Mimi|0 fnt
|faint|p1a: Mimi
|
|
|switch|p1a: Glamora|Glimmora, F|50/100
|turn|24
|
|move|p2a: Gamb|Sucker Punch|p1a: Glamora
|-damage|p1a: Glamora|0 fnt
|-activate|p1a: Glamora|ability: Toxic Debris
|-sidestart|p2: SoggyArticuno|move: Toxic Spikes
|faint|p1a: Glamora
|
|
|switch|p1a: Reimi|Pawmot, F, shiny, tera:Electric|76/100
|turn|25
|
|move|p1a: Reimi|Mach Punch|p2a: Gamb
|-supereffective|p2a: Gamb
|-damage|p2a: Gamb|29/100
|move|p2a: Gamb|Sucker Punch||[still]
|-fail|p2a: Gamb
|
|turn|26
|
|move|p1a: Reimi|Thunder Punch|p2a: Gamb
|-crit|p2a: Gamb
|-damage|p2a: Gamb|0 fnt
|faint|p2a: Gamb
|-end|p2a: Gamb|fallen5|[silent]
|
|win|ZaneCrescentB
