|poke|p1|Glimmora, M|
|poke|p1|Dragapult, M|
|poke|p1|Great Tusk|
|poke|p1|Kingambit, M|
|poke|p1|Azumarill, F|
|poke|p1|Rillaboom, F|
|poke|p2|Magearna|
|poke|p2|Heatran, F|
|poke|p2|Chien-Pao|
|poke|p2|Zamazenta-*|
|poke|p2|Zapdos|
|poke|p2|Urshifu-*, F|
|teampreview
|
|start
|switch|p1a: Glimmora|Glimmora, M|100/100
|switch|p2a: Magearna|Magearna|100/100
|-item|p1a: Glimmora|Air Balloon
|turn|1
|
|move|p1a: Glimmora|Earth Power|p2a: Magearna
|-supereffective|p2a: Magearna
|-damage|p2a: Magearna|60/100
|move|p2a: Magearna|Shift Gear|p2a: Magearna
|-boost|p2a: Magearna|spe|2
|-boost|p2a: Magearna|atk|1
|
|-heal|p2a: Magearna|66/100|[from] item: Leftovers
|turn|2
|
|move|p2a: Magearna|Calm Mind|p2a: Magearna
|-boost|p2a: Magearna|spa|1
|-boost|p2a: Magearna|spd|1
|move|p1a: Glimmora|Earth Power|p2a: Magearna
|-supereffective|p2a: Magearna
|-damage|p2a: Magearna|41/100
|
|-heal|p2a: Magearna|47/100|[from] item: Leftovers
|turn|3
|
|move|p2a: Magearna|Stored Power|p1a: Glimmora
|-supereffective|p1a: Glimmora
|-damage|p1a: Glimmora|22/100
|-enditem|p1a: Glimmora|Air Balloon
|move|p1a: Glimmora|Earth Power|p2a: Magearna
|-supereffective|p2a: Magearna
|-damage|p2a: Magearna|19/100
|
|-heal|p2a: Magearna|25/100|[from] item: Leftovers
|turn|4
|
|move|p2a: Magearna|Calm Mind|p2a: Magearna
|-boost|p2a: Magearna|spa|1
|-boost|p2a: Magearna|spd|1
|move|p1a: Glimmora|Earth Power|p2a: Magearna
|-supereffective|p2a: Magearna
|-damage|p2a: Magearna|7/100
|
|-heal|p2a: Magearna|13/100|[from] item: Leftovers
|turn|5
|
|move|p2a: Magearna|Stored Power|p1a: Glimmora
|-supereffective|p1a: Glimmora
|-damage|p1a: Glimmora|0 fnt
|faint|p1a: Glimmora
|-ability|p2a: Magearna|Soul-Heart|boost
|-boost|p2a: Magearna|spa|1
|
|-heal|p2a: Magearna|19/100|[from] item: Leftovers
|
|switch|p1a: Kingambit|Kingambit, M|100/100
|-activate|p1a: Kingambit|ability: Supreme Overlord
|-start|p1a: Kingambit|fallen1|[silent]
|turn|6
|-message|p1 forfeited.
|
|win|p2
|player|p1|p1|iono
