|poke|p1|Sneasler, M|
|poke|p1|Indeedee, M|
|poke|p1|Magearna|
|poke|p1|Chien-Pao|
|poke|p1|Iron Treads|
|poke|p1|Volcarona, M|
|poke|p2|Samurott-Hisui, M|
|poke|p2|Dragapult, F|
|poke|p2|Sneasler, M|
|poke|p2|Magearna|
|poke|p2|Volcarona, F|
|poke|p2|Zamazenta-*|
|teampreview
|
|start
|switch|p1a: Iron Treads|Iron Treads|100/100
|switch|p2a: Samurott|Samurott-Hisui, M|100/100
|turn|1
|
|move|p1a: Iron Treads|Stealth Rock|p2a: Samurott
|-sidestart|p2: The King of PS|move: Stealth Rock
|move|p2a: Samurott|Razor Shell|p1a: Iron Treads
|-supereffective|p1a: Iron Treads
|-damage|p1a: Iron Treads|3/100
|
|turn|2
|
|move|p1a: Iron Treads|Earthquake|p2a: Samurott
|-damage|p2a: Samurott|44/100
|move|p2a: Samurott|Ceaseless Edge|p1a: Iron Treads
|-damage|p1a: Iron Treads|0 fnt
|-sidestart|p1: Lau2152|Spikes
|faint|p1a: Iron Treads
|-end|p1a: Iron Treads|Quark Drive|[silent]
|
|
|switch|p1a: Volcarona|Volcarona, M|100/100
|turn|3
|
|move|p2a: Samurott|Aqua Jet|p1a: Volcarona
|-supereffective|p1a: Volcarona
|-damage|p1a: Volcarona|36/100
|move|p1a: Volcarona|Giga Drain|p2a: Samurott
|-supereffective|p2a: Samurott
|-damage|p2a: Samurott|0 fnt
|-heal|p1a: Volcarona|58/100|[from] drain|[of] p2a: Samurott
|faint|p2a: Samurott
|
|
|switch|p2a: Dragapult|Dragapult, F|100/100
|-damage|p2a: Dragapult|88/100|[from] Stealth Rock
|turn|4
|
|move|p2a: Dragapult|Light Screen|p2a: Dragapult
|-sidestart|p2: The King of PS|move: Light Screen
|move|p1a: Volcarona|Quiver Dance|p1a: Volcarona
|-boost|p1a: Volcarona|spa|1
|-boost|p1a: Volcarona|spd|1
|-boost|p1a: Volcarona|spe|1
|
|turn|5
|
|move|p1a: Volcarona|Fiery Dance|p2a: Dragapult
|-resisted|p2a: Dragapult
|-damage|p2a: Dragapult|71/100
|move|p2a: Dragapult|Reflect|p2a: Dragapult
|-sidestart|p2: The King of PS|Reflect
|
|turn|6
|
|move|p1a: Volcarona|Fiery Dance|p2a: Dragapult
|-resisted|p2a: Dragapult
|-damage|p2a: Dragapult|52/100
|-boost|p1a: Volcarona|spa|1
|move|p2a: Dragapult|Curse|p1a: Volcarona
|-start|p1a: Volcarona|Curse|[of] p2a: Dragapult
|-damage|p2a: Dragapult|3/100
|
|-damage|p1a: Volcarona|34/100|[from] Curse
|turn|7
|
|move|p1a: Volcarona|Giga Drain|p2a: Dragapult
|-resisted|p2a: Dragapult
|-damage|p2a: Dragapult|0 fnt
|-heal|p1a: Volcarona|35/100|[from] drain|[of] p2a: Dragapult
|faint|p2a: Dragapult
|
|-damage|p1a: Volcarona|10/100|[from] Curse
|
|switch|p2a: Volcarona|Volcarona, F|100/100
|turn|8
|
|move|p1a: Volcarona|Fiery Dance|p2a: Volcarona
|-damage|p2a: Volcarona|52/100
|move|p2a: Volcarona|Quiver Dance|p2a: Volcarona
|-boost|p2a: Volcarona|spa|1
|-boost|p2a: Volcarona|spd|1
|-boost|p2a: Volcarona|spe|1
|
|-damage|p1a: Volcarona|0 fnt|[from] Curse
|faint|p1a: Volcarona
|
|switch|p1a: Indeedee|Indeedee, M|100/100
|-damage|p1a: Indeedee|88/100|[from] Spikes
|-fieldstart|move: Psychic Terrain|[from] ability: Psychic Surge|[of] p1a: Indeedee
|turn|9
|
|move|p2a: Volcarona|Fiery Dance|p1a: Indeedee
|-damage|p1a: Indeedee|0 fnt
|-boost|p2a: Volcarona|spa|1
|faint|p1a: Indeedee
|
|
|switch|p1a: Sneasler|Sneasler, M|100/100
|-damage|p1a: Sneasler|88/100|[from] Spikes
|-enditem|p1a: Sneasler|Psychic Seed
|-boost|p1a: Sneasler|spd|1|[from] item: Psychic Seed
|turn|10
|
|-terastallize|p1a: Sneasler|Flying
|move|p1a: Sneasler|Acrobatics|p2a: Volcarona
|-supereffective|p2a: Volcarona
|-damage|p2a: Volcarona|0 fnt
|faint|p2a: Volcarona
|
|
|switch|p2a: Magearna|Magearna|100/100
|-damage|p2a: Magearna|94/100|[from] Stealth Rock
|turn|11
|
|move|p1a: Sneasler|Swords Dance|p1a: Sneasler
|-boost|p1a: Sneasler|atk|2
|move|p2a: Magearna|Iron Defense|p2a: Magearna
|-boost|p2a: Magearna|def|2
|
|-heal|p2a: Magearna|100/100|[from] item: Leftovers
|-sideend|p2: The King of PS|move: Light Screen
|turn|12
|
|move|p1a: Sneasler|Swords Dance|p1a: Sneasler
|-boost|p1a: Sneasler|atk|2
|move|p2a: Magearna|Iron Defense|p2a: Magearna
|-boost|p2a: Magearna|def|2
|
|-sideend|p2: The King of PS|Reflect
|turn|13
|
|move|p1a: Sneasler|Close Combat|p2a: Magearna
|-damage|p2a: Magearna|45/100
|-unboost|p1a: Sneasler|def|1
|-unboost|p1a: Sneasler|spd|1
|move|p2a: Magearna|Stored Power|p1a: Sneasler
|-damage|p1a: Sneasler|35/100
|
|-heal|p2a: Magearna|51/100|[from] item: Leftovers
|turn|14
|
|switch|p2a: Sneasler|Sneasler, M|100/100
|-damage|p2a: Sneasler|94/100|[from] Stealth Rock
|-item|p2a: Sneasler|Air Balloon
|move|p1a: Sneasler|Close Combat|p2a: Sneasler
|-resisted|p2a: Sneasler
|-damage|p2a: Sneasler|0 fnt
|-unboost|p1a: Sneasler|def|1
|-unboost|p1a: Sneasler|spd|1
|-enditem|p2a: Sneasler|Air Balloon
|faint|p2a: Sneasler
|
|-message|The King of PS forfeited.
|
|win|Lau2152
