# advantage = p1
|poke|p1|Pelipper, M|
|poke|p1|Basculegion, M|
|poke|p1|Regidrago|
|poke|p1|Magearna|
|poke|p1|Great Tusk|
|poke|p1|Overqwil, F|
|poke|p2|Enamorus, F|
|poke|p2|Zamazenta-*|
|poke|p2|Azumarill, F|
|poke|p2|Glimmora, M|
|poke|p2|Dragapult, F|
|poke|p2|Kingambit, M|
|teampreview
|
|start
|switch|p1a: Great Tusk|Great Tusk|100/100
|switch|p2a: Glimmora|Glimmora, M|100/100
|-enditem|p1a: Great Tusk|Booster Energy
|-activate|p1a: Great Tusk|ability: Protosynthesis|[fromitem]
|-start|p1a: Great Tusk|protosynthesisspe
|turn|1
|
|move|p1a: Great Tusk|Stealth Rock|p2a: Glimmora
|-sidestart|p2: p2|move: Stealth Rock
|move|p2a: Glimmora|Energy Ball|p1a: Great Tusk
|-supereffective|p1a: Great Tusk
|-damage|p1a: Great Tusk|22/100
|-unboost|p1a: Great Tusk|spd|1
|
|turn|2
|
|move|p1a: Great Tusk|Headlong Rush|p2a: Glimmora
|-supereffective|p2a: Glimmora
|-enditem|p2a: Glimmora|Focus Sash
|-damage|p2a: Glimmora|1/100
|-unboost|p1a: Great Tusk|def|1
|-unboost|p1a: Great Tusk|spd|1
|-activate|p2a: Glimmora|ability: Toxic Debris
|-sidestart|p1: p1|move: Toxic Spikes
|move|p2a: Glimmora|Energy Ball|p1a: Great Tusk
|-supereffective|p1a: Great Tusk
|-damage|p1a: Great Tusk|0 fnt
|faint|p1a: Great Tusk
|-end|p1a: Great Tusk|Protosynthesis|[silent]
|
|
|switch|p1a: Pelipper|Pelipper, M|100/100
|-weather|RainDance|[from] ability: Drizzle|[of] p1a: Pelipper
|turn|3
|
|move|p2a: Glimmora|Mortal Spin|p1a: Pelipper
|-damage|p1a: Pelipper|94/100
|-status|p1a: Pelipper|psn
|-sideend|p2: p2|Stealth Rock|[from] move: Mortal Spin|[of] p2a: Glimmora
|move|p1a: Pelipper|U-turn|p2a: Glimmora
|-resisted|p2a: Glimmora
|-damage|p2a: Glimmora|0 fnt
|-activate|p2a: Glimmora|ability: Toxic Debris
|-sidestart|p1: p1|move: Toxic Spikes
|faint|p2a: Glimmora
|
|switch|p1a: Overqwil|Overqwil, F|100/100|[from] U-turn
|-item|p1a: Overqwil|Air Balloon
|
|-weather|RainDance|[upkeep]
|
|switch|p2a: Enamorus|Enamorus, F|100/100
|turn|4
|
|-terastallize|p2a: Enamorus|Steel
|move|p1a: Overqwil|Barb Barrage|p2a: Enamorus
|-immune|p2a: Enamorus
|move|p2a: Enamorus|Superpower|p1a: Overqwil
|-damage|p1a: Overqwil|61/100
|-boost|p2a: Enamorus|atk|1
|-boost|p2a: Enamorus|def|1
|-enditem|p1a: Overqwil|Air Balloon
|
|-weather|RainDance|[upkeep]
|turn|5
|
|move|p1a: Overqwil|Destiny Bond|p1a: Overqwil
|-singlemove|p1a: Overqwil|Destiny Bond
|move|p2a: Enamorus|Zen Headbutt|p1a: Overqwil
|-immune|p1a: Overqwil
|
|-weather|RainDance|[upkeep]
|turn|6
|
|move|p1a: Overqwil|Crunch|p2a: Enamorus
|-damage|p2a: Enamorus|61/100
|move|p2a: Enamorus|Superpower|p1a: Overqwil
|-damage|p1a: Overqwil|9/100
|-boost|p2a: Enamorus|atk|1
|-boost|p2a: Enamorus|def|1
|
|-weather|RainDance|[upkeep]
|-heal|p2a: Enamorus|67/100|[from] item: Leftovers
|turn|7
|
|move|p1a: Overqwil|Crunch|p2a: Enamorus
|-damage|p2a: Enamorus|37/100
|move|p2a: Enamorus|Taunt|p1a: Overqwil
|-start|p1a: Overqwil|move: Taunt
|
|-weather|RainDance|[upkeep]
|-heal|p2a: Enamorus|43/100|[from] item: Leftovers
|turn|8
|
|move|p1a: Overqwil|Crunch|p2a: Enamorus
|-crit|p2a: Enamorus
|-damage|p2a: Enamorus|0 fnt
|faint|p2a: Enamorus
|
|-weather|RainDance|[upkeep]
|
|switch|p2a: Kingambit|Kingambit, M|100/100
|-activate|p2a: Kingambit|ability: Supreme Overlord
|-start|p2a: Kingambit|fallen2|[silent]
|turn|9
|
|switch|p1a: Magearna|Magearna|100/100
|move|p2a: Kingambit|Swords Dance|p2a: Kingambit
|-boost|p2a: Kingambit|atk|2
|
|-weather|RainDance|[upkeep]
|turn|10
|
|move|p2a: Kingambit|Sucker Punch|p1a: Magearna
|-resisted|p1a: Magearna
|-damage|p1a: Magearna|71/100
|move|p1a: Magearna|Aura Sphere|p2a: Kingambit
|-supereffective|p2a: Kingambit
|-damage|p2a: Kingambit|0 fnt
|faint|p2a: Kingambit
|-ability|p1a: Magearna|Soul-Heart|boost
|-boost|p1a: Magearna|spa|1
|-end|p2a: Kingambit|fallen2|[silent]
|
|-weather|none
|
|switch|p2a: Dragapult|Dragapult, F|100/100
|turn|11
|
|move|p2a: Dragapult|Fire Blast|p1a: Magearna|[miss]
|-miss|p2a: Dragapult|p1a: Magearna
|move|p1a: Magearna|Fleur Cannon|p2a: Dragapult
|-supereffective|p2a: Dragapult
|-damage|p2a: Dragapult|0 fnt
|-unboost|p1a: Magearna|spa|2
|faint|p2a: Dragapult
|-ability|p1a: Magearna|Soul-Heart|boost
|-boost|p1a: Magearna|spa|1
|
|
|switch|p2a: Azumarill|Azumarill, F|100/100
|turn|12
|
|move|p1a: Magearna|Volt Switch|p2a: Azumarill
|-supereffective|p2a: Azumarill
|-damage|p2a: Azumarill|56/100
|
|switch|p1a: Pelipper|Pelipper, M|94/100 psn|[from] Volt Switch
|-weather|RainDance|[from] ability: Drizzle|[of] p1a: Pelipper
|move|p2a: Azumarill|Liquidation|p1a: Pelipper
|-resisted|p1a: Pelipper
|-damage|p1a: Pelipper|48/100 psn
|
|-weather|RainDance|[upkeep]
|-damage|p1a: Pelipper|36/100 psn|[from] psn
|turn|13
|
|move|p1a: Pelipper|Roost|p1a: Pelipper
|-heal|p1a: Pelipper|86/100 psn
|-singleturn|p1a: Pelipper|move: Roost
|move|p2a: Azumarill|Belly Drum|p2a: Azumarill
|-damage|p2a: Azumarill|6/100
|-setboost|p2a: Azumarill|atk|6|[from] move: Belly Drum
|-enditem|p2a: Azumarill|Sitrus Berry|[eat]
|-heal|p2a: Azumarill|31/100|[from] item: Sitrus Berry
|
|-weather|RainDance|[upkeep]
|-damage|p1a: Pelipper|74/100 psn|[from] psn
|turn|14
|
|move|p2a: Azumarill|Aqua Jet|p1a: Pelipper
|-resisted|p1a: Pelipper
|-damage|p1a: Pelipper|0 fnt
|faint|p1a: Pelipper
|
|-weather|RainDance|[upkeep]
|
|switch|p1a: Basculegion|Basculegion, M|100/100
|-status|p1a: Basculegion|tox
|turn|15
|
|-terastallize|p1a: Basculegion|Water
|move|p1a: Basculegion|Aqua Jet|p2a: Azumarill
|-resisted|p2a: Azumarill
|-damage|p2a: Azumarill|1/100
|move|p2a: Azumarill|Aqua Jet|p1a: Basculegion
|-resisted|p1a: Basculegion
|-damage|p1a: Basculegion|2/100 tox
|
|-weather|RainDance|[upkeep]
|-damage|p1a: Basculegion|0 fnt|[from] psn
|faint|p1a: Basculegion
|
|switch|p1a: Regidrago|Regidrago|100/100
|-status|p1a: Regidrago|tox
|turn|16
|
|move|p2a: Azumarill|Aqua Jet|p1a: Regidrago
|-resisted|p1a: Regidrago
|-damage|p1a: Regidrago|16/100 tox
|move|p1a: Regidrago|Earth Power|p2a: Azumarill
|-crit|p2a: Azumarill
|-damage|p2a: Azumarill|0 fnt
|faint|p2a: Azumarill
|
|-weather|RainDance|[upkeep]
|-damage|p1a: Regidrago|10/100 tox|[from] psn
|
|switch|p2a: Zamazenta|Zamazenta|100/100
|-ability|p2a: Zamazenta|Dauntless Shield|boost
|-boost|p2a: Zamazenta|def|1
|turn|17
|
|move|p2a: Zamazenta|Substitute|p2a: Zamazenta
|-start|p2a: Zamazenta|Substitute
|-damage|p2a: Zamazenta|76/100
|move|p1a: Regidrago|Earth Power|p2a: Zamazenta
|-end|p2a: Zamazenta|Substitute
|
|-weather|RainDance|[upkeep]
|-heal|p2a: Zamazenta|82/100|[from] item: Leftovers
|-damage|p1a: Regidrago|0 fnt|[from] psn
|faint|p1a: Regidrago
|
|switch|p1a: Overqwil|Overqwil, F|9/100
|-sideend|p1: p1|move: Toxic Spikes|[of] p1a: Overqwil
|turn|18
|
|move|p1a: Overqwil|Destiny Bond|p1a: Overqwil
|-singlemove|p1a: Overqwil|Destiny Bond
|move|p2a: Zamazenta|Iron Defense|p2a: Zamazenta
|-boost|p2a: Zamazenta|def|2
|
|-weather|RainDance|[upkeep]
|-heal|p2a: Zamazenta|88/100|[from] item: Leftovers
|turn|19
|
|move|p1a: Overqwil|Taunt|p2a: Zamazenta
|-start|p2a: Zamazenta|move: Taunt
|cant|p2a: Zamazenta|move: Taunt|Substitute
|
|-weather|none
|-heal|p2a: Zamazenta|94/100|[from] item: Leftovers
|turn|20
|
|move|p2a: Zamazenta|Crunch|p1a: Overqwil
|-resisted|p1a: Overqwil
|-damage|p1a: Overqwil|0 fnt
|faint|p1a: Overqwil
|
|-heal|p2a: Zamazenta|99/100|[from] item: Leftovers
|
|switch|p1a: Magearna|Magearna|71/100
|turn|21
|
|move|p2a: Zamazenta|Body Press|p1a: Magearna
|-damage|p1a: Magearna|7/100
|move|p1a: Magearna|Fleur Cannon|p2a: Zamazenta
|-supereffective|p2a: Zamazenta
|-damage|p2a: Zamazenta|0 fnt
|-unboost|p1a: Magearna|spa|2
|faint|p2a: Zamazenta
|
|win|p1
