|poke|p1|Landorus-Therian, M|
|poke|p1|Azumarill, M|
|poke|p1|Great Tusk|
|poke|p1|Dragonite, M|
|poke|p1|Sneasler, F|
|poke|p1|Amoonguss, M|
|poke|p2|Landorus-Therian, M|
|poke|p2|Tornadus-Therian, M|
|poke|p2|Amoonguss, F|
|poke|p2|Skeledirge, F|
|poke|p2|Roaring Moon|
|poke|p2|Great Tusk|
|teampreview
|
|start
|switch|p1a: Landorus|Landorus-Therian, M|100/100
|switch|p2a: Landorus|Landorus-Therian, M|100/100
|-ability|p1a: Landorus|Intimidate|boost
|-unboost|p2a: Landorus|atk|1
|-ability|p2a: Landorus|Intimidate|boost
|-unboost|p1a: Landorus|atk|1
|turn|1
|
|move|p2a: Landorus|U-turn|p1a: Landorus
|-resisted|p1a: Landorus
|-damage|p1a: Landorus|92/100
|
|switch|p2a: Tornadus|Tornadus-Therian, M|100/100|[from] U-turn
|move|p1a: Landorus|Taunt|p2a: Tornadus
|-start|p2a: Tornadus|move: Taunt
|
|turn|2
|
|move|p2a: Tornadus|Bleakwind Storm|p1a: Landorus
|-damage|p1a: Landorus|44/100
|move|p1a: Landorus|Stealth Rock|p2a: Tornadus
|-sidestart|p2: donkkut|move: Stealth Rock
|
|turn|3
|
|move|p2a: Tornadus|Bleakwind Storm|p1a: Landorus
|-damage|p1a: Landorus|0 fnt
|faint|p1a: Landorus
|
|-end|p2a: Tornadus|move: Taunt
|
|switch|p1a: Azumarill|Azumarill, M|100/100
|turn|4
|
|move|p2a: Tornadus|Bleakwind Storm|p1a: Azumarill
|-damage|p1a: Azumarill|56/100
|move|p1a: Azumarill|Belly Drum|p1a: Azumarill
|-damage|p1a: Azumarill|6/100
|-setboost|p1a: Azumarill|atk|6|[from] move: Belly Drum
|-enditem|p1a: Azumarill|Sitrus Berry|[eat]
|-heal|p1a: Azumarill|31/100|[from] item: Sitrus Berry
|
|turn|5
|
|switch|p2a: Amoonguss|Amoonguss, F|100/100
|-damage|p2a: Amoonguss|88/100|[from] Stealth Rock
|-terastallize|p1a: Azumarill|Water
|move|p1a: Azumarill|Aqua Jet|p2a: Amoonguss
|-resisted|p2a: Amoonguss
|-damage|p2a: Amoonguss|32/100
|-damage|p1a: Azumarill|14/100|[from] item: Rocky Helmet|[of] p2a: Amoonguss
|
|turn|6
|
|move|p1a: Azumarill|Ice Spinner|p2a: Amoonguss
|-supereffective|p2a: Amoonguss
|-damage|p2a: Amoonguss|0 fnt
|-damage|p1a: Azumarill|0 fnt|[from] item: Rocky Helmet|[of] p2a: Amoonguss
|faint|p2a: Amoonguss
|faint|p1a: Azumarill
|
|
|switch|p1a: Sneasler|Sneasler, F|100/100
|switch|p2a: Landorus|Landorus-Therian, M|100/100
|-damage|p2a: Landorus|88/100|[from] Stealth Rock
|-ability|p2a: Landorus|Intimidate|boost
|-unboost|p1a: Sneasler|atk|1
|turn|7
|
|switch|p1a: Amoonguss|Amoonguss, M|100/100
|move|p2a: Landorus|U-turn|p1a: Amoonguss
|-damage|p1a: Amoonguss|71/100
|-damage|p2a: Landorus|72/100|[from] item: Rocky Helmet|[of] p1a: Amoonguss
|
|switch|p2a: Tornadus|Tornadus-Therian, M|100/100|[from] U-turn
|
|turn|8
|
|move|p2a: Tornadus|Bleakwind Storm|p1a: Amoonguss
|-supereffective|p1a: Amoonguss
|-damage|p1a: Amoonguss|0 fnt
|faint|p1a: Amoonguss
|
|
|switch|p1a: Sneasler|Sneasler, F|100/100
|turn|9
|
|move|p1a: Sneasler|Fake Out|p2a: Tornadus
|-damage|p2a: Tornadus|73/100
|-damage|p1a: Sneasler|91/100|[from] item: Life Orb
|cant|p2a: Tornadus|flinch
|
|turn|10
|
|move|p2a: Tornadus|Bleakwind Storm|p1a: Sneasler
|-supereffective|p1a: Sneasler
|-damage|p1a: Sneasler|0 fnt
|faint|p1a: Sneasler
|
|
|switch|p1a: Dragonite|Dragonite, M|100/100
|turn|11
|
|switch|p2a: Landorus|Landorus-Therian, M|72/100
|-damage|p2a: Landorus|59/100|[from] Stealth Rock
|-ability|p2a: Landorus|Intimidate|boost
|-unboost|p1a: Dragonite|atk|1
|move|p1a: Dragonite|Dragon Dance|p1a: Dragonite
|-boost|p1a: Dragonite|atk|1
|-boost|p1a: Dragonite|spe|1
|
|-heal|p2a: Landorus|65/100|[from] item: Leftovers
|turn|12
|
|move|p1a: Dragonite|Dragon Dance|p1a: Dragonite
|-boost|p1a: Dragonite|atk|1
|-boost|p1a: Dragonite|spe|1
|move|p2a: Landorus|Stone Edge|p1a: Dragonite
|-supereffective|p1a: Dragonite
|-damage|p1a: Dragonite|61/100
|
|-heal|p2a: Landorus|71/100|[from] item: Leftovers
|turn|13
|
|move|p1a: Dragonite|Roost|p1a: Dragonite
|-heal|p1a: Dragonite|100/100
|-singleturn|p1a: Dragonite|move: Roost
|move|p2a: Landorus|Stone Edge|p1a: Dragonite|[miss]
|-miss|p2a: Landorus|p1a: Dragonite
|
|-heal|p2a: Landorus|77/100|[from] item: Leftovers
|turn|14
|
|move|p1a: Dragonite|Dragon Dance|p1a: Dragonite
|-boost|p1a: Dragonite|atk|1
|-boost|p1a: Dragonite|spe|1
|move|p2a: Landorus|Stone Edge|p1a: Dragonite
|-supereffective|p1a: Dragonite
|-damage|p1a: Dragonite|61/100
|
|-heal|p2a: Landorus|83/100|[from] item: Leftovers
|turn|15
|
|move|p1a: Dragonite|Roost|p1a: Dragonite
|-heal|p1a: Dragonite|100/100
|-singleturn|p1a: Dragonite|move: Roost
|move|p2a: Landorus|Stone Edge|p1a: Dragonite|[miss]
|-miss|p2a: Landorus|p1a: Dragonite
|
|-heal|p2a: Landorus|89/100|[from] item: Leftovers
|turn|16
|
|move|p1a: Dragonite|Dragon Dance|p1a: Dragonite
|-boost|p1a: Dragonite|atk|1
|-boost|p1a: Dragonite|spe|1
|move|p2a: Landorus|Stone Edge|p1a: Dragonite|[miss]
|-miss|p2a: Landorus|p1a: Dragonite
|
|-heal|p2a: Landorus|95/100|[from] item: Leftovers
|turn|17
|
|move|p1a: Dragonite|Dragon Dance|p1a: Dragonite
|-boost|p1a: Dragonite|atk|1
|-boost|p1a: Dragonite|spe|1
|move|p2a: Landorus|Stone Edge|p1a: Dragonite
|-supereffective|p1a: Dragonite
|-crit|p1a: Dragonite
|-damage|p1a: Dragonite|37/100
|
|-heal|p2a: Landorus|100/100|[from] item: Leftovers
|turn|18
|
|move|p1a: Dragonite|Extreme Speed|p2a: Landorus
|-damage|p2a: Landorus|0 fnt
|faint|p2a: Landorus
|
|
|switch|p2a: Skeledirge|Skeledirge, F|100/100
|turn|19
|
|-terastallize|p2a: Skeledirge|Fairy
|move|p1a: Dragonite|Earthquake|p2a: Skeledirge
|-damage|p2a: Skeledirge|78/100
|move|p2a: Skeledirge|Will-O-Wisp|p1a: Dragonite
|-status|p1a: Dragonite|brn
|
|-damage|p1a: Dragonite|31/100 brn|[from] brn
|turn|20
|
|move|p1a: Dragonite|Extreme Speed|p2a: Skeledirge
|-damage|p2a: Skeledirge|69/100
|move|p2a: Skeledirge|Slack Off|p2a: Skeledirge
|-heal|p2a: Skeledirge|100/100
|
|-damage|p1a: Dragonite|25/100 brn|[from] brn
|turn|21
|
|move|p1a: Dragonite|Roost|p1a: Dragonite
|-heal|p1a: Dragonite|75/100 brn
|-singleturn|p1a: Dragonite|move: Roost
|move|p2a: Skeledirge|Hex|p1a: Dragonite
|-damage|p1a: Dragonite|24/100 brn
|
|-damage|p1a: Dragonite|18/100 brn|[from] brn
|turn|22
|
|move|p1a: Dragonite|Earthquake|p2a: Skeledirge
|-damage|p2a: Skeledirge|88/100
|move|p2a: Skeledirge|Torch Song|p1a: Dragonite
|-resisted|p1a: Dragonite
|-damage|p1a: Dragonite|2/100 brn
|-boost|p2a: Skeledirge|spa|1
|
|-damage|p1a: Dragonite|0 fnt|[from] brn
|faint|p1a: Dragonite
|
|switch|p1a: Great Tusk|Great Tusk|100/100
|-enditem|p1a: Great Tusk|Booster Energy
|-activate|p1a: Great Tusk|ability: Protosynthesis|[fromitem]
|-start|p1a: Great Tusk|protosynthesisatk
|turn|23
|
|move|p1a: Great Tusk|Earthquake|p2a: Skeledirge
|-damage|p2a: Skeledirge|47/100
|move|p2a: Skeledirge|Will-O-Wisp|p1a: Great Tusk
|-status|p1a: Great Tusk|brn
|
|-damage|p1a: Great Tusk|94/100 brn|[from] brn
|turn|24
|
|move|p1a: Great Tusk|Earthquake|p2a: Skeledirge
|-damage|p2a: Skeledirge|27/100
|move|p2a: Skeledirge|Slack Off|p2a: Skeledirge
|-heal|p2a: Skeledirge|77/100
|
|-damage|p1a: Great Tusk|88/100 brn|[from] brn
|turn|25
|-message|XavRaf9209 forfeited.
|
|win|donkkut
