|poke|p1|Gholdengo|
|poke|p1|Chien-Pao|
|poke|p1|Magearna|
|poke|p1|Zapdos|
|poke|p1|Great Tusk|
|poke|p1|Slowking, M|
|poke|p2|Gholdengo|
|poke|p2|Arcanine-Hisui, F|
|poke|p2|Meloetta|
|poke|p2|Slowbro, F|
|poke|p2|Slowking-Galar, M|
|poke|p2|Landorus-Therian, M|
|teampreview
|
|start
|switch|p1a: Bruce Lee|Zapdos, shiny|100/100
|switch|p2a: Meloetta|Meloetta|100/100
|turn|1
|
|move|p1a: Bruce Lee|Volt Switch|p2a: Meloetta
|-damage|p2a: Meloetta|79/100
|
|switch|p1a: Patrick Star|Slowking, M, shiny|100/100|[from] Volt Switch
|move|p2a: Meloetta|Relic Song|p1a: Patrick Star
|-damage|p1a: Patrick Star|82/100
|-formechange|p2a: Meloetta|Meloetta-Pirouette|[msg]
|
|-heal|p2a: Meloetta|85/100|[from] item: Leftovers
|turn|2
|
|move|p2a: Meloetta|Relic Song|p1a: Patrick Star
|-damage|p1a: Patrick Star|70/100
|-status|p1a: Patrick Star|slp|[from] move: Relic Song
|-formechange|p2a: Meloetta|Meloetta|[msg]
|cant|p1a: Patrick Star|slp
|
|-heal|p2a: Meloetta|91/100|[from] item: Leftovers
|turn|3
|
|move|p2a: Meloetta|Calm Mind|p2a: Meloetta
|-boost|p2a: Meloetta|spa|1
|-boost|p2a: Meloetta|spd|1
|cant|p1a: Patrick Star|slp
|
|-heal|p2a: Meloetta|97/100|[from] item: Leftovers
|turn|4
|
|switch|p1a: Tai Lung|Chien-Pao|100/100
|-ability|p1a: Tai Lung|Sword of Ruin
|move|p2a: Meloetta|Shadow Ball|p1a: Tai Lung
|-resisted|p1a: Tai Lung
|-damage|p1a: Tai Lung|72/100
|-unboost|p1a: Tai Lung|spd|1
|
|-heal|p2a: Meloetta|100/100|[from] item: Leftovers
|turn|5
|
|switch|p2a: Landorus|Landorus-Therian, M|100/100
|-ability|p2a: Landorus|Intimidate|boost
|-unboost|p1a: Tai Lung|atk|1
|move|p1a: Tai Lung|Crunch|p2a: Landorus
|-damage|p2a: Landorus|35/100
|
|turn|6
|
|move|p1a: Tai Lung|Crunch|p2a: Landorus
|-damage|p2a: Landorus|0 fnt
|faint|p2a: Landorus
|
|
|switch|p2a: Arcanine|Arcanine-Hisui, F|100/100
|turn|7
|
|switch|p1a: Manny|Great Tusk|100/100
|move|p2a: Arcanine|Extreme Speed|p1a: Manny
|-damage|p1a: Manny|84/100
|
|-heal|p1a: Manny|90/100|[from] item: Leftovers
|turn|8
|
|switch|p2a: Slowbro|Slowbro, F|100/100
|move|p1a: Manny|Stealth Rock|p2a: Slowbro
|-sidestart|p2: p2|move: Stealth Rock
|
|-heal|p1a: Manny|96/100|[from] item: Leftovers
|turn|9
|
|move|p1a: Manny|Knock Off|p2a: Slowbro
|-supereffective|p2a: Slowbro
|-damage|p2a: Slowbro|69/100
|-enditem|p2a: Slowbro|Heavy-Duty Boots|[from] move: Knock Off|[of] p1a: Manny
|move|p2a: Slowbro|Future Sight|p1a: Manny
|-start|p2a: Slowbro|move: Future Sight
|
|-heal|p1a: Manny|100/100|[from] item: Leftovers
|turn|10
|
|-end|p1a: Manny|Protosynthesis|[silent]
|switch|p1a: Patrick Star|Slowking, M, shiny|100/100 slp
|switch|p2a: Meloetta|Meloetta|100/100
|-damage|p2a: Meloetta|88/100|[from] Stealth Rock
|
|-heal|p2a: Meloetta|94/100|[from] item: Leftovers
|turn|11
|
|move|p2a: Meloetta|Relic Song|p1a: Patrick Star
|-damage|p1a: Patrick Star|83/100 slp
|-formechange|p2a: Meloetta|Meloetta-Pirouette|[msg]
|cant|p1a: Patrick Star|slp
|
|-end|p1a: Patrick Star|move: Future Sight
|-resisted|p1a: Patrick Star
|-damage|p1a: Patrick Star|71/100 slp
|-heal|p2a: Meloetta|100/100|[from] item: Leftovers
|turn|12
|
|move|p2a: Meloetta|Calm Mind|p2a: Meloetta
|-boost|p2a: Meloetta|spa|1
|-boost|p2a: Meloetta|spd|1
|-curestatus|p1a: Patrick Star|slp|[msg]
|move|p1a: Patrick Star|Future Sight|p2a: Meloetta
|-start|p1a: Patrick Star|move: Future Sight
|
|turn|13
|
|switch|p1a: Andrew Tate|Gholdengo|100/100
|move|p2a: Meloetta|Calm Mind|p2a: Meloetta
|-boost|p2a: Meloetta|spa|1
|-boost|p2a: Meloetta|spd|1
|
|turn|14
|
|move|p1a: Andrew Tate|Trick|p2a: Meloetta
|-activate|p1a: Andrew Tate|move: Trick|[of] p2a: Meloetta
|-item|p2a: Meloetta|Choice Scarf|[from] move: Trick
|-item|p1a: Andrew Tate|Leftovers|[from] move: Trick
|move|p2a: Meloetta|Calm Mind|p2a: Meloetta
|-boost|p2a: Meloetta|spa|1
|-boost|p2a: Meloetta|spd|1
|
|-end|p2a: Meloetta|move: Future Sight
|-supereffective|p2a: Meloetta
|-damage|p2a: Meloetta|51/100
|turn|15
|
|switch|p2a: Arcanine|Arcanine-Hisui, F|100/100
|-damage|p2a: Arcanine|76/100|[from] Stealth Rock
|move|p1a: Andrew Tate|Shadow Ball|p2a: Arcanine
|-damage|p2a: Arcanine|19/100
|-unboost|p2a: Arcanine|spd|1
|
|turn|16
|
|switch|p1a: Manny|Great Tusk|100/100
|move|p2a: Arcanine|Flare Blitz|p1a: Manny
|-damage|p1a: Manny|60/100
|
|-heal|p1a: Manny|67/100|[from] item: Leftovers
|turn|17
|
|move|p2a: Arcanine|Flare Blitz|p1a: Manny
|-damage|p1a: Manny|27/100
|move|p1a: Manny|Earthquake|p2a: Arcanine
|-supereffective|p2a: Arcanine
|-damage|p2a: Arcanine|0 fnt
|faint|p2a: Arcanine
|
|-heal|p1a: Manny|33/100|[from] item: Leftovers
|
|switch|p2a: Meloetta|Meloetta|51/100
|-damage|p2a: Meloetta|39/100|[from] Stealth Rock
|turn|18
|
|move|p2a: Meloetta|Shadow Ball|p1a: Manny
|-damage|p1a: Manny|1/100
|move|p1a: Manny|Knock Off|p2a: Meloetta
|-supereffective|p2a: Meloetta
|-damage|p2a: Meloetta|0 fnt
|-enditem|p2a: Meloetta|Choice Scarf|[from] move: Knock Off|[of] p1a: Manny
|faint|p2a: Meloetta
|
|-heal|p1a: Manny|8/100|[from] item: Leftovers
|
|switch|p2a: Gholdengo|Gholdengo|100/100
|-damage|p2a: Gholdengo|94/100|[from] Stealth Rock
|turn|19
|player|p1|
|player|p1|p1|byron
|
|-end|p1a: Manny|Protosynthesis|[silent]
|switch|p1a: Patrick Star|Slowking, M, shiny|100/100
|move|p2a: Gholdengo|Shadow Ball|p1a: Patrick Star
|-supereffective|p1a: Patrick Star
|-damage|p1a: Patrick Star|59/100
|
|-heal|p2a: Gholdengo|100/100|[from] item: Leftovers
|turn|20
|
|switch|p1a: Tai Lung|Chien-Pao|72/100
|-ability|p1a: Tai Lung|Sword of Ruin
|move|p2a: Gholdengo|Nasty Plot|p2a: Gholdengo
|-boost|p2a: Gholdengo|spa|2
|
|turn|21
|
|-terastallize|p1a: Tai Lung|Dark
|-terastallize|p2a: Gholdengo|Normal
|move|p1a: Tai Lung|Crunch|p2a: Gholdengo
|-damage|p2a: Gholdengo|0 fnt
|faint|p2a: Gholdengo
|
|-message|p2 forfeited.
|
|win|p1
