# advantage = p2
|poke|p1|Zapdos|
|poke|p1|Urshifu-*, F|
|poke|p1|Magearna|
|poke|p1|Great Tusk|
|poke|p1|Dragapult, M|
|poke|p1|Chien-Pao|
|poke|p2|Gholdengo|
|poke|p2|Dragonite, F|
|poke|p2|Garganacl, F|
|poke|p2|Great Tusk|
|poke|p2|Skeledirge, M|
|poke|p2|Volcanion|
|teampreview
|
|start
|switch|p1a: Urshifu|Urshifu-Rapid-Strike, F|100/100
|switch|p2a: Great Tusk|Great Tusk|100/100
|turn|1
|
|move|p1a: Urshifu|U-turn|p2a: Great Tusk
|-resisted|p2a: Great Tusk
|-damage|p2a: Great Tusk|92/100
|
|switch|p1a: Zapdos|Zapdos|100/100|[from] U-turn
|move|p2a: Great Tusk|Stealth Rock|p1a: Zapdos
|-sidestart|p1: p1|move: Stealth Rock
|
|turn|2
|
|move|p2a: Great Tusk|Ice Spinner|p1a: Zapdos
|-supereffective|p1a: Zapdos
|-damage|p1a: Zapdos|59/100
|move|p1a: Zapdos|Hurricane|p2a: Great Tusk
|-supereffective|p2a: Great Tusk
|-damage|p2a: Great Tusk|0 fnt
|faint|p2a: Great Tusk
|-end|p2a: Great Tusk|Protosynthesis|[silent]
|
|
|switch|p2a: Gholdengo|Gholdengo|100/100
|turn|3
|
|move|p2a: Gholdengo|Trick|p1a: Zapdos
|-activate|p2a: Gholdengo|move: Trick|[of] p1a: Zapdos
|-item|p1a: Zapdos|Choice Scarf|[from] move: Trick
|-item|p2a: Gholdengo|Heavy-Duty Boots|[from] move: Trick
|move|p1a: Zapdos|Heat Wave|p2a: Gholdengo
|-supereffective|p2a: Gholdengo
|-damage|p2a: Gholdengo|35/100
|
|turn|4
|
|switch|p2a: Skeledirge|Skeledirge, M|100/100
|move|p1a: Zapdos|Heat Wave|p2a: Skeledirge
|-resisted|p2a: Skeledirge
|-damage|p2a: Skeledirge|87/100
|
|-heal|p2a: Skeledirge|93/100|[from] item: Leftovers
|turn|5
|
|switch|p1a: Magearna|Magearna|100/100
|move|p2a: Skeledirge|Torch Song|p1a: Magearna
|-supereffective|p1a: Magearna
|-crit|p1a: Magearna
|-damage|p1a: Magearna|39/100
|-boost|p2a: Skeledirge|spa|1
|
|-heal|p2a: Skeledirge|99/100|[from] item: Leftovers
|turn|6
|
|move|p2a: Skeledirge|Torch Song|p1a: Magearna
|-supereffective|p1a: Magearna
|-damage|p1a: Magearna|0 fnt
|-boost|p2a: Skeledirge|spa|1
|faint|p1a: Magearna
|
|-heal|p2a: Skeledirge|100/100|[from] item: Leftovers
|
|switch|p1a: Urshifu|Urshifu-Rapid-Strike, F|100/100
|-damage|p1a: Urshifu|94/100|[from] Stealth Rock
|turn|7
|
|-terastallize|p2a: Skeledirge|Fairy
|move|p1a: Urshifu|Surging Strikes|p2a: Skeledirge
|-crit|p2a: Skeledirge
|-damage|p2a: Skeledirge|89/100
|-crit|p2a: Skeledirge
|-damage|p2a: Skeledirge|78/100
|-crit|p2a: Skeledirge
|-damage|p2a: Skeledirge|67/100
|-hitcount|p2a: Skeledirge|3
|move|p2a: Skeledirge|Shadow Ball|p1a: Urshifu
|-damage|p1a: Urshifu|3/100
|
|-heal|p2a: Skeledirge|73/100|[from] item: Leftovers
|turn|8
|
|move|p1a: Urshifu|Surging Strikes|p2a: Skeledirge
|-crit|p2a: Skeledirge
|-damage|p2a: Skeledirge|60/100
|-crit|p2a: Skeledirge
|-damage|p2a: Skeledirge|49/100
|-crit|p2a: Skeledirge
|-damage|p2a: Skeledirge|37/100
|-hitcount|p2a: Skeledirge|3
|move|p2a: Skeledirge|Slack Off|p2a: Skeledirge
|-heal|p2a: Skeledirge|87/100
|
|-heal|p2a: Skeledirge|93/100|[from] item: Leftovers
|turn|9
|
|move|p1a: Urshifu|Surging Strikes|p2a: Skeledirge
|-crit|p2a: Skeledirge
|-damage|p2a: Skeledirge|82/100
|-crit|p2a: Skeledirge
|-damage|p2a: Skeledirge|70/100
|-crit|p2a: Skeledirge
|-damage|p2a: Skeledirge|57/100
|-hitcount|p2a: Skeledirge|3
|move|p2a: Skeledirge|Slack Off|p2a: Skeledirge
|-heal|p2a: Skeledirge|100/100
|
|turn|10
|
|switch|p1a: Zapdos|Zapdos|59/100
|-damage|p1a: Zapdos|34/100|[from] Stealth Rock
|switch|p2a: Volcanion|Volcanion|100/100
|
|turn|11
|
|switch|p2a: Skeledirge|Skeledirge, M, tera:Fairy|100/100
|move|p1a: Zapdos|Volt Switch|p2a: Skeledirge
|-damage|p2a: Skeledirge|68/100
|
|switch|p1a: Dragapult|Dragapult, M|100/100|[from] Volt Switch
|-damage|p1a: Dragapult|88/100|[from] Stealth Rock
|
|-heal|p1a: Dragapult|94/100|[from] item: Leftovers
|-heal|p2a: Skeledirge|74/100|[from] item: Leftovers
|turn|12
|
|move|p1a: Dragapult|Substitute|p1a: Dragapult
|-start|p1a: Dragapult|Substitute
|-damage|p1a: Dragapult|69/100
|move|p2a: Skeledirge|Shadow Ball|p1a: Dragapult
|-supereffective|p1a: Dragapult
|-crit|p1a: Dragapult
|-end|p1a: Dragapult|Substitute
|
|-heal|p1a: Dragapult|75/100|[from] item: Leftovers
|-heal|p2a: Skeledirge|80/100|[from] item: Leftovers
|turn|13
|
|move|p1a: Dragapult|Will-O-Wisp|p2a: Skeledirge
|-status|p2a: Skeledirge|brn
|move|p2a: Skeledirge|Shadow Ball|p1a: Dragapult
|-supereffective|p1a: Dragapult
|-damage|p1a: Dragapult|0 fnt
|faint|p1a: Dragapult
|
|-heal|p2a: Skeledirge|86/100 brn|[from] item: Leftovers
|-damage|p2a: Skeledirge|80/100 brn|[from] brn
|
|switch|p1a: Chien-Pao|Chien-Pao|100/100
|-damage|p1a: Chien-Pao|76/100|[from] Stealth Rock
|-ability|p1a: Chien-Pao|Sword of Ruin
|turn|14
|
|-terastallize|p1a: Chien-Pao|Dark
|move|p1a: Chien-Pao|Icicle Crash|p2a: Skeledirge
|-damage|p2a: Skeledirge|27/100 brn
|move|p2a: Skeledirge|Torch Song|p1a: Chien-Pao
|-damage|p1a: Chien-Pao|23/100
|-boost|p2a: Skeledirge|spa|1
|
|-heal|p2a: Skeledirge|33/100 brn|[from] item: Leftovers
|-damage|p2a: Skeledirge|27/100 brn|[from] brn
|turn|15
|
|move|p1a: Chien-Pao|Icicle Crash|p2a: Skeledirge
|-damage|p2a: Skeledirge|0 fnt
|faint|p2a: Skeledirge
|
|
|switch|p2a: Dragonite|Dragonite, F|100/100
|turn|16
|
|switch|p1a: Zapdos|Zapdos|34/100
|-damage|p1a: Zapdos|10/100|[from] Stealth Rock
|move|p2a: Dragonite|Extreme Speed|p1a: Zapdos
|-damage|p1a: Zapdos|0 fnt
|faint|p1a: Zapdos
|
|
|switch|p1a: Great Tusk|Great Tusk|100/100
|-damage|p1a: Great Tusk|98/100|[from] Stealth Rock
|-enditem|p1a: Great Tusk|Booster Energy
|-activate|p1a: Great Tusk|ability: Protosynthesis|[fromitem]
|-start|p1a: Great Tusk|protosynthesisspe
|turn|17
|
|switch|p2a: Gholdengo|Gholdengo|35/100
|move|p1a: Great Tusk|Knock Off|p2a: Gholdengo
|-supereffective|p2a: Gholdengo
|-damage|p2a: Gholdengo|0 fnt
|-enditem|p2a: Gholdengo|Heavy-Duty Boots|[from] move: Knock Off|[of] p1a: Great Tusk
|faint|p2a: Gholdengo
|
|
|switch|p2a: Garganacl|Garganacl, F|100/100
|turn|18
|
|move|p1a: Great Tusk|Stealth Rock|p2a: Garganacl
|-sidestart|p2: p2|move: Stealth Rock
|move|p2a: Garganacl|Salt Cure|p1a: Great Tusk
|-resisted|p1a: Great Tusk
|-damage|p1a: Great Tusk|95/100
|-start|p1a: Great Tusk|Salt Cure
|
|-damage|p1a: Great Tusk|83/100|[from] Salt Cure
|turn|19
|
|move|p2a: Garganacl|Protect|p2a: Garganacl
|-singleturn|p2a: Garganacl|Protect
|move|p1a: Great Tusk|Rapid Spin|p2a: Garganacl
|-activate|p2a: Garganacl|move: Protect
|
|-damage|p1a: Great Tusk|70/100|[from] Salt Cure
|turn|20
|
|move|p1a: Great Tusk|Rapid Spin|p2a: Garganacl
|-resisted|p2a: Garganacl
|-damage|p2a: Garganacl|97/100
|-boost|p1a: Great Tusk|spe|1
|-sideend|p1: p1|Stealth Rock|[from] move: Rapid Spin|[of] p1a: Great Tusk
|move|p2a: Garganacl|Curse|p2a: Garganacl
|-unboost|p2a: Garganacl|spe|1
|-boost|p2a: Garganacl|atk|1
|-boost|p2a: Garganacl|def|1
|
|-heal|p2a: Garganacl|100/100|[from] item: Leftovers
|-damage|p1a: Great Tusk|58/100|[from] Salt Cure
|turn|21
|
|-end|p1a: Great Tusk|Protosynthesis|[silent]
|switch|p1a: Urshifu|Urshifu-Rapid-Strike, F|3/100
|move|p2a: Garganacl|Protect||[still]
|-fail|p2a: Garganacl
|
|turn|22
|
|move|p1a: Urshifu|Surging Strikes|p2a: Garganacl
|-supereffective|p2a: Garganacl
|-crit|p2a: Garganacl
|-damage|p2a: Garganacl|78/100
|-supereffective|p2a: Garganacl
|-crit|p2a: Garganacl
|-damage|p2a: Garganacl|56/100
|-supereffective|p2a: Garganacl
|-crit|p2a: Garganacl
|-damage|p2a: Garganacl|35/100
|-hitcount|p2a: Garganacl|3
|move|p2a: Garganacl|Salt Cure|p1a: Urshifu
|-resisted|p1a: Urshifu
|-damage|p1a: Urshifu|0 fnt
|faint|p1a: Urshifu
|
|-heal|p2a: Garganacl|41/100|[from] item: Leftovers
|
|switch|p1a: Chien-Pao|Chien-Pao, tera:Dark|23/100
|-ability|p1a: Chien-Pao|Sword of Ruin
|turn|23
|
|move|p2a: Garganacl|Protect|p2a: Garganacl
|-singleturn|p2a: Garganacl|Protect
|move|p1a: Chien-Pao|Crunch|p2a: Garganacl
|-activate|p2a: Garganacl|move: Protect
|
|-heal|p2a: Garganacl|48/100|[from] item: Leftovers
|turn|24
|
|move|p1a: Chien-Pao|Crunch|p2a: Garganacl
|-damage|p2a: Garganacl|9/100
|-unboost|p2a: Garganacl|def|1
|move|p2a: Garganacl|Recover|p2a: Garganacl
|-heal|p2a: Garganacl|59/100
|
|-heal|p2a: Garganacl|65/100|[from] item: Leftovers
|turn|25
|
|switch|p1a: Great Tusk|Great Tusk|58/100
|move|p2a: Garganacl|Recover|p2a: Garganacl
|-heal|p2a: Garganacl|100/100
|
|turn|26
|
|move|p1a: Great Tusk|Headlong Rush|p2a: Garganacl
|-supereffective|p2a: Garganacl
|-damage|p2a: Garganacl|47/100
|-unboost|p1a: Great Tusk|def|1
|-unboost|p1a: Great Tusk|spd|1
|move|p2a: Garganacl|Salt Cure|p1a: Great Tusk
|-resisted|p1a: Great Tusk
|-damage|p1a: Great Tusk|53/100
|-start|p1a: Great Tusk|Salt Cure
|
|-heal|p2a: Garganacl|53/100|[from] item: Leftovers
|-damage|p1a: Great Tusk|41/100|[from] Salt Cure
|turn|27
|
|move|p2a: Garganacl|Protect|p2a: Garganacl
|-singleturn|p2a: Garganacl|Protect
|move|p1a: Great Tusk|Headlong Rush|p2a: Garganacl
|-activate|p2a: Garganacl|move: Protect
|
|-heal|p2a: Garganacl|59/100|[from] item: Leftovers
|-damage|p1a: Great Tusk|28/100|[from] Salt Cure
|turn|28
|
|move|p1a: Great Tusk|Headlong Rush|p2a: Garganacl
|-supereffective|p2a: Garganacl
|-damage|p2a: Garganacl|5/100
|-unboost|p1a: Great Tusk|def|1
|-unboost|p1a: Great Tusk|spd|1
|move|p2a: Garganacl|Recover|p2a: Garganacl
|-heal|p2a: Garganacl|55/100
|
|-heal|p2a: Garganacl|61/100|[from] item: Leftovers
|-damage|p1a: Great Tusk|16/100|[from] Salt Cure
|turn|29
|
|move|p1a: Great Tusk|Headlong Rush|p2a: Garganacl
|-supereffective|p2a: Garganacl
|-damage|p2a: Garganacl|3/100
|-unboost|p1a: Great Tusk|def|1
|-unboost|p1a: Great Tusk|spd|1
|move|p2a: Garganacl|Recover|p2a: Garganacl
|-heal|p2a: Garganacl|53/100
|
|-heal|p2a: Garganacl|59/100|[from] item: Leftovers
|-damage|p1a: Great Tusk|3/100|[from] Salt Cure
|turn|30
|
|move|p2a: Garganacl|Protect|p2a: Garganacl
|-singleturn|p2a: Garganacl|Protect
|move|p1a: Great Tusk|Headlong Rush|p2a: Garganacl
|-activate|p2a: Garganacl|move: Protect
|
|-heal|p2a: Garganacl|66/100|[from] item: Leftovers
|-damage|p1a: Great Tusk|0 fnt|[from] Salt Cure
|faint|p1a: Great Tusk
|-end|p1a: Great Tusk|Protosynthesis|[silent]
|
|switch|p1a: Chien-Pao|Chien-Pao, tera:Dark|23/100
|-ability|p1a: Chien-Pao|Sword of Ruin
|turn|31
|
|move|p2a: Garganacl|Protect||[still]
|-fail|p2a: Garganacl
|move|p1a: Chien-Pao|Sacred Sword|p2a: Garganacl
|-supereffective|p2a: Garganacl
|-damage|p2a: Garganacl|0 fnt
|faint|p2a: Garganacl
|
|
|switch|p2a: Dragonite|Dragonite, F|100/100
|turn|32
|
|move|p2a: Dragonite|Extreme Speed|p1a: Chien-Pao
|-damage|p1a: Chien-Pao|0 fnt
|faint|p1a: Chien-Pao
|
|win|p2
