|poke|p1|Heatran, M|
|poke|p1|Landorus-Therian, M|
|poke|p1|Corviknight, F|
|poke|p1|Samurott-Hisui, F|
|poke|p1|Kingambit, F|
|poke|p1|Iron Valiant|
|poke|p2|Magearna|
|poke|p2|Gholdengo|
|poke|p2|Garganacl, M|
|poke|p2|Urshifu-*, F|
|poke|p2|Volcarona, M|
|poke|p2|Landorus-Therian, M|
|teampreview
|
|start
|switch|p1a: Samurott|Samurott-Hisui, F|100/100
|switch|p2a: Urshifu|Urshifu-Rapid-Strike, F|100/100
|turn|1
|
|switch|p1a: Corviknight|Corviknight, F|100/100
|move|p2a: Urshifu|U-turn|p1a: Corviknight
|-resisted|p1a: Corviknight
|-damage|p1a: Corviknight|95/100
|-damage|p2a: Urshifu|84/100|[from] item: Rocky Helmet|[of] p1a: Corviknight
|
|switch|p2a: Garganacl|Garganacl, M|100/100|[from] U-turn
|
|turn|2
|
|move|p1a: Corviknight|U-turn|p2a: Garganacl
|-damage|p2a: Garganacl|92/100
|
|switch|p1a: Kingambit|Kingambit, F|100/100|[from] U-turn
|move|p2a: Garganacl|Salt Cure|p1a: Kingambit
|-resisted|p1a: Kingambit
|-damage|p1a: Kingambit|95/100
|-start|p1a: Kingambit|Salt Cure
|
|-heal|p1a: Kingambit|100/100|[from] item: Leftovers
|-heal|p2a: Garganacl|99/100|[from] item: Leftovers
|-damage|p1a: Kingambit|75/100|[from] Salt Cure
|turn|3
|
|-end|p1a: Kingambit|fallenundefined|[silent]
|switch|p1a: Heatran|Heatran, M|100/100
|move|p2a: Garganacl|Earthquake|p1a: Heatran
|-supereffective|p1a: Heatran
|-damage|p1a: Heatran|19/100
|
|-heal|p1a: Heatran|25/100|[from] item: Leftovers
|-heal|p2a: Garganacl|100/100|[from] item: Leftovers
|turn|4
|player|p2|
|
|switch|p1a: Samurott|Samurott-Hisui, F|100/100
|move|p2a: Garganacl|Salt Cure|p1a: Samurott
|-damage|p1a: Samurott|82/100
|-start|p1a: Samurott|Salt Cure
|
|-damage|p1a: Samurott|58/100|[from] Salt Cure
|turn|5
|player|p2|ianlazerbeem|169
|
|switch|p2a: Magearna|Magearna|100/100
|move|p1a: Samurott|Razor Shell|p2a: Magearna
|-damage|p2a: Magearna|65/100
|-unboost|p2a: Magearna|def|1
|
|-heal|p2a: Magearna|71/100|[from] item: Leftovers
|-damage|p1a: Samurott|33/100|[from] Salt Cure
|turn|6
|
|switch|p1a: Heatran|Heatran, M|25/100
|move|p2a: Magearna|Volt Switch|p1a: Heatran
|-crit|p1a: Heatran
|-damage|p1a: Heatran|4/100
|
|switch|p2a: Urshifu|Urshifu-Rapid-Strike, F|84/100|[from] Volt Switch
|
|-heal|p1a: Heatran|10/100|[from] item: Leftovers
|turn|7
|
|move|p2a: Urshifu|Aqua Jet|p1a: Heatran
|-supereffective|p1a: Heatran
|-damage|p1a: Heatran|0 fnt
|faint|p1a: Heatran
|
|
|switch|p1a: Iron Valiant|Iron Valiant|100/100
|-enditem|p1a: Iron Valiant|Booster Energy
|-activate|p1a: Iron Valiant|ability: Quark Drive|[fromitem]
|-start|p1a: Iron Valiant|quarkdrivespe
|turn|8
|
|switch|p2a: Magearna|Magearna|71/100
|move|p1a: Iron Valiant|Moonblast|p2a: Magearna
|-resisted|p2a: Magearna
|-damage|p2a: Magearna|53/100
|-unboost|p2a: Magearna|spa|1
|
|-heal|p2a: Magearna|59/100|[from] item: Leftovers
|turn|9
|
|-end|p1a: Iron Valiant|Quark Drive|[silent]
|switch|p1a: Landorus|Landorus-Therian, M|100/100
|-ability|p1a: Landorus|Intimidate|boost
|-unboost|p2a: Magearna|atk|1
|move|p2a: Magearna|Fleur Cannon|p1a: Landorus
|-damage|p1a: Landorus|35/100
|-unboost|p2a: Magearna|spa|2
|
|-heal|p2a: Magearna|65/100|[from] item: Leftovers
|turn|10
|
|switch|p2a: Landorus|Landorus-Therian, M|100/100
|-ability|p2a: Landorus|Intimidate|boost
|-unboost|p1a: Landorus|atk|1
|move|p1a: Landorus|Earthquake|p2a: Landorus
|-immune|p2a: Landorus
|
|turn|11
|
|switch|p1a: Corviknight|Corviknight, F|95/100
|move|p2a: Landorus|U-turn|p1a: Corviknight
|-resisted|p1a: Corviknight
|-damage|p1a: Corviknight|91/100
|-damage|p2a: Landorus|84/100|[from] item: Rocky Helmet|[of] p1a: Corviknight
|
|switch|p2a: Volcarona|Volcarona, M|100/100|[from] U-turn
|
|turn|12
|
|-terastallize|p1a: Corviknight|Dragon
|move|p2a: Volcarona|Quiver Dance|p2a: Volcarona
|-boost|p2a: Volcarona|spa|1
|-boost|p2a: Volcarona|spd|1
|-boost|p2a: Volcarona|spe|1
|move|p1a: Corviknight|Brave Bird|p2a: Volcarona
|-supereffective|p2a: Volcarona
|-damage|p2a: Volcarona|16/100
|-damage|p1a: Corviknight|64/100|[from] Recoil
|
|turn|13
|
|switch|p2a: Garganacl|Garganacl, M|100/100
|move|p1a: Corviknight|Brave Bird|p2a: Garganacl
|-resisted|p2a: Garganacl
|-damage|p2a: Garganacl|91/100
|-damage|p1a: Corviknight|61/100|[from] Recoil
|
|-heal|p2a: Garganacl|97/100|[from] item: Leftovers
|turn|14
|
|-terastallize|p2a: Garganacl|Water
|move|p1a: Corviknight|Roost|p1a: Corviknight
|-heal|p1a: Corviknight|100/100
|move|p2a: Garganacl|Salt Cure|p1a: Corviknight
|-damage|p1a: Corviknight|91/100
|-start|p1a: Corviknight|Salt Cure
|
|-heal|p2a: Garganacl|100/100|[from] item: Leftovers
|-damage|p1a: Corviknight|79/100|[from] Salt Cure
|turn|15
|
|move|p1a: Corviknight|U-turn|p2a: Garganacl
|-damage|p2a: Garganacl|93/100
|
|switch|p1a: Iron Valiant|Iron Valiant|100/100|[from] U-turn
|move|p2a: Garganacl|Curse|p2a: Garganacl
|-unboost|p2a: Garganacl|spe|1
|-boost|p2a: Garganacl|atk|1
|-boost|p2a: Garganacl|def|1
|
|-heal|p2a: Garganacl|99/100|[from] item: Leftovers
|turn|16
|
|switch|p2a: Gholdengo|Gholdengo|100/100
|-item|p2a: Gholdengo|Air Balloon
|move|p1a: Iron Valiant|Calm Mind|p1a: Iron Valiant
|-boost|p1a: Iron Valiant|spa|1
|-boost|p1a: Iron Valiant|spd|1
|
|turn|17
|
|-end|p1a: Iron Valiant|Quark Drive|[silent]
|switch|p1a: Corviknight|Corviknight, F, tera:Dragon|79/100
|move|p2a: Gholdengo|Thunder Wave|p1a: Corviknight
|-status|p1a: Corviknight|par
|
|turn|18
|
|move|p2a: Gholdengo|Nasty Plot|p2a: Gholdengo
|-boost|p2a: Gholdengo|spa|2
|move|p1a: Corviknight|U-turn|p2a: Gholdengo
|-resisted|p2a: Gholdengo
|-damage|p2a: Gholdengo|98/100
|-enditem|p2a: Gholdengo|Air Balloon
|
|switch|p1a: Kingambit|Kingambit, F|75/100|[from] U-turn
|-activate|p1a: Kingambit|ability: Supreme Overlord
|-start|p1a: Kingambit|fallen1|[silent]
|
|-heal|p1a: Kingambit|82/100|[from] item: Leftovers
|turn|19
|
|switch|p2a: Landorus|Landorus-Therian, M|84/100
|-ability|p2a: Landorus|Intimidate|boost
|-unboost|p1a: Kingambit|atk|1
|move|p1a: Kingambit|Sucker Punch||[still]
|-fail|p1a: Kingambit
|
|-heal|p2a: Landorus|90/100|[from] item: Leftovers
|-heal|p1a: Kingambit|88/100|[from] item: Leftovers
|turn|20
|
|-end|p1a: Kingambit|fallen1|[silent]
|switch|p1a: Corviknight|Corviknight, F, tera:Dragon|79/100 par
|move|p2a: Landorus|Stealth Rock|p1a: Corviknight
|-sidestart|p1: Craw1|move: Stealth Rock
|
|-heal|p2a: Landorus|96/100|[from] item: Leftovers
|turn|21
|
|switch|p2a: Gholdengo|Gholdengo|98/100
|move|p1a: Corviknight|Defog|p2a: Gholdengo
|-immune|p2a: Gholdengo|[from] ability: Good as Gold
|
|turn|22
|
|move|p2a: Gholdengo|Hex|p1a: Corviknight
|-damage|p1a: Corviknight|29/100 par
|move|p1a: Corviknight|U-turn|p2a: Gholdengo
|-resisted|p2a: Gholdengo
|-damage|p2a: Gholdengo|96/100
|
|switch|p1a: Samurott|Samurott-Hisui, F|33/100|[from] U-turn
|-damage|p1a: Samurott|20/100|[from] Stealth Rock
|
|turn|23
|
|switch|p2a: Urshifu|Urshifu-Rapid-Strike, F|84/100
|move|p1a: Samurott|Ceaseless Edge|p2a: Urshifu
|-resisted|p2a: Urshifu
|-damage|p2a: Urshifu|60/100
|-sidestart|p2: ianlazerbeem|Spikes
|
|turn|24
|
|move|p1a: Samurott|Ceaseless Edge|p2a: Urshifu
|-resisted|p2a: Urshifu
|-damage|p2a: Urshifu|37/100
|-sidestart|p2: ianlazerbeem|Spikes
|move|p2a: Urshifu|U-turn|p1a: Samurott
|-supereffective|p1a: Samurott
|-damage|p1a: Samurott|0 fnt
|faint|p1a: Samurott
|
|switch|p2a: Gholdengo|Gholdengo|96/100|[from] U-turn
|-damage|p2a: Gholdengo|79/100|[from] Spikes
|
|
|switch|p1a: Landorus|Landorus-Therian, M|35/100
|-damage|p1a: Landorus|22/100|[from] Stealth Rock
|-ability|p1a: Landorus|Intimidate|boost
|-unboost|p2a: Gholdengo|atk|1
|turn|25
|
|switch|p2a: Landorus|Landorus-Therian, M|96/100
|-ability|p2a: Landorus|Intimidate|boost
|-unboost|p1a: Landorus|atk|1
|move|p1a: Landorus|U-turn|p2a: Landorus
|-resisted|p2a: Landorus
|-damage|p2a: Landorus|90/100
|
|switch|p1a: Iron Valiant|Iron Valiant|100/100|[from] U-turn
|-damage|p1a: Iron Valiant|94/100|[from] Stealth Rock
|
|-heal|p2a: Landorus|96/100|[from] item: Leftovers
|turn|26
|
|move|p1a: Iron Valiant|Moonblast|p2a: Landorus
|-damage|p2a: Landorus|44/100
|move|p2a: Landorus|Taunt|p1a: Iron Valiant
|-start|p1a: Iron Valiant|move: Taunt
|
|-heal|p2a: Landorus|50/100|[from] item: Leftovers
|turn|27
|
|switch|p2a: Gholdengo|Gholdengo|79/100
|-damage|p2a: Gholdengo|62/100|[from] Spikes
|move|p1a: Iron Valiant|Moonblast|p2a: Gholdengo
|-resisted|p2a: Gholdengo
|-damage|p2a: Gholdengo|38/100
|-unboost|p2a: Gholdengo|spa|1
|
|turn|28
|
|-end|p1a: Iron Valiant|Quark Drive|[silent]
|switch|p1a: Corviknight|Corviknight, F, tera:Dragon|29/100 par
|-damage|p1a: Corviknight|17/100 par|[from] Stealth Rock
|move|p2a: Gholdengo|Recover|p2a: Gholdengo
|-heal|p2a: Gholdengo|88/100
|
|turn|29
|
|move|p2a: Gholdengo|Nasty Plot|p2a: Gholdengo
|-boost|p2a: Gholdengo|spa|2
|cant|p1a: Corviknight|par
|
|turn|30
|
|move|p2a: Gholdengo|Hex|p1a: Corviknight
|-damage|p1a: Corviknight|0 fnt
|faint|p1a: Corviknight
|
|
|switch|p1a: Landorus|Landorus-Therian, M|22/100
|-damage|p1a: Landorus|10/100|[from] Stealth Rock
|-ability|p1a: Landorus|Intimidate|boost
|-unboost|p2a: Gholdengo|atk|1
|turn|31
|
|switch|p2a: Landorus|Landorus-Therian, M|50/100
|-ability|p2a: Landorus|Intimidate|boost
|-unboost|p1a: Landorus|atk|1
|move|p1a: Landorus|Earthquake|p2a: Landorus
|-immune|p2a: Landorus
|
|-heal|p2a: Landorus|56/100|[from] item: Leftovers
|turn|32
|
|switch|p1a: Kingambit|Kingambit, F|88/100
|-damage|p1a: Kingambit|82/100|[from] Stealth Rock
|-activate|p1a: Kingambit|ability: Supreme Overlord
|-start|p1a: Kingambit|fallen3|[silent]
|move|p2a: Landorus|U-turn|p1a: Kingambit
|-damage|p1a: Kingambit|67/100
|
|switch|p2a: Volcarona|Volcarona, M|16/100|[from] U-turn
|
|-heal|p1a: Kingambit|73/100|[from] item: Leftovers
|turn|33
|
|move|p2a: Volcarona|Morning Sun|p2a: Volcarona
|-heal|p2a: Volcarona|66/100
|move|p1a: Kingambit|Iron Head|p2a: Volcarona
|-resisted|p2a: Volcarona
|-damage|p2a: Volcarona|33/100
|-status|p1a: Kingambit|brn|[from] ability: Flame Body|[of] p2a: Volcarona
|
|-heal|p1a: Kingambit|79/100 brn|[from] item: Leftovers
|-damage|p1a: Kingambit|73/100 brn|[from] brn
|turn|34
|
|move|p1a: Kingambit|Sucker Punch||[still]
|-fail|p1a: Kingambit
|move|p2a: Volcarona|Morning Sun|p2a: Volcarona
|-heal|p2a: Volcarona|83/100
|
|-heal|p1a: Kingambit|79/100 brn|[from] item: Leftovers
|-damage|p1a: Kingambit|73/100 brn|[from] brn
|turn|35
|-message|Craw1 forfeited.
|
|win|ianlazerbeem
