|poke|p1|Typhlosion-Hisui, F|
|poke|p1|Dragapult, F|
|poke|p1|Magearna|
|poke|p1|Urshifu-*, F|
|poke|p1|Zapdos|
|poke|p1|Great Tusk|
|poke|p2|Dragapult, F|
|poke|p2|Slowbro-Galar, M|
|poke|p2|Magearna|
|poke|p2|Grimmsnarl, M|
|poke|p2|Landorus-Therian, M|
|poke|p2|Corviknight, M|
|teampreview
|
|start
|switch|p1a: Magearna|Magearna|100/100
|switch|p2a: Grimmsnarl|Grimmsnarl, M|100/100
|turn|1
|
|move|p2a: Grimmsnarl|Light Screen|p2a: Grimmsnarl
|-sidestart|p2: Jixel|move: Light Screen
|move|p1a: Magearna|Spikes|p2a: Grimmsnarl
|-sidestart|p2: Jixel|Spikes
|
|turn|2
|
|move|p2a: Grimmsnarl|Reflect|p2a: Grimmsnarl
|-sidestart|p2: Jixel|Reflect
|move|p1a: Magearna|Spikes|p2a: Grimmsnarl
|-sidestart|p2: Jixel|Spikes
|
|turn|3
|
|move|p2a: Grimmsnarl|Parting Shot|p1a: Magearna
|-unboost|p1a: Magearna|atk|1
|-unboost|p1a: Magearna|spa|1
|
|switch|p2a: Slowbro|Slowbro-Galar, M|100/100|[from] Parting Shot
|-damage|p2a: Slowbro|84/100|[from] Spikes
|move|p1a: Magearna|Volt Switch|p2a: Slowbro
|-damage|p2a: Slowbro|77/100
|
|switch|p1a: Dragapult|Dragapult, F|100/100|[from] Volt Switch
|
|turn|4
|
|move|p1a: Dragapult|Will-O-Wisp|p2a: Slowbro
|-status|p2a: Slowbro|brn
|move|p2a: Slowbro|Belly Drum|p2a: Slowbro
|-damage|p2a: Slowbro|27/100 brn
|-setboost|p2a: Slowbro|atk|6|[from] move: Belly Drum
|
|-damage|p2a: Slowbro|21/100 brn|[from] brn
|turn|5
|
|move|p1a: Dragapult|Hex|p2a: Slowbro
|-supereffective|p2a: Slowbro
|-damage|p2a: Slowbro|0 fnt
|faint|p2a: Slowbro
|
|
|switch|p2a: Dragapult|Dragapult, F|100/100
|-damage|p2a: Dragapult|84/100|[from] Spikes
|turn|6
|
|switch|p1a: Magearna|Magearna|100/100
|move|p2a: Dragapult|Shadow Ball|p1a: Magearna
|-damage|p1a: Magearna|61/100
|
|turn|7
|
|switch|p2a: Corviknight|Corviknight, M|100/100
|move|p1a: Magearna|Fleur Cannon|p2a: Corviknight
|-resisted|p2a: Corviknight
|-damage|p2a: Corviknight|91/100
|-unboost|p1a: Magearna|spa|2
|
|-heal|p2a: Corviknight|97/100|[from] item: Leftovers
|turn|8
|
|move|p1a: Magearna|Pain Split|p2a: Corviknight
|-sethp|p2a: Corviknight|77/100|[from] move: Pain Split|[silent]
|-sethp|p1a: Magearna|84/100|[from] move: Pain Split
|move|p2a: Corviknight|Defog|p1a: Magearna
|-unboost|p1a: Magearna|evasion|1
|-sideend|p2: Jixel|Spikes|[from] move: Defog|[of] p2a: Corviknight
|
|-heal|p2a: Corviknight|83/100|[from] item: Leftovers
|-sideend|p2: Jixel|move: Light Screen
|turn|9
|
|move|p1a: Magearna|Volt Switch|p2a: Corviknight
|-supereffective|p2a: Corviknight
|-damage|p2a: Corviknight|69/100
|
|switch|p1a: Zapdos|Zapdos|100/100|[from] Volt Switch
|move|p2a: Corviknight|U-turn|p1a: Zapdos
|-resisted|p1a: Zapdos
|-damage|p1a: Zapdos|95/100
|
|switch|p2a: Landorus|Landorus-Therian, M|100/100|[from] U-turn
|-ability|p2a: Landorus|Intimidate|boost
|-unboost|p1a: Zapdos|atk|1
|
|-sideend|p2: Jixel|Reflect
|turn|10
|
|move|p2a: Landorus|Substitute|p2a: Landorus
|-start|p2a: Landorus|Substitute
|-damage|p2a: Landorus|76/100
|move|p1a: Zapdos|Hurricane|p2a: Landorus
|-crit|p2a: Landorus
|-end|p2a: Landorus|Substitute
|
|-heal|p2a: Landorus|82/100|[from] item: Leftovers
|turn|11
|
|switch|p1a: Urshifu|Urshifu-Rapid-Strike, F|100/100
|move|p2a: Landorus|Rock Slide|p1a: Urshifu
|-resisted|p1a: Urshifu
|-damage|p1a: Urshifu|87/100
|
|-heal|p2a: Landorus|88/100|[from] item: Leftovers
|turn|12
|
|-terastallize|p2a: Landorus|Water
|move|p1a: Urshifu|Surging Strikes|p2a: Landorus
|-resisted|p2a: Landorus
|-crit|p2a: Landorus
|-damage|p2a: Landorus|76/100
|-resisted|p2a: Landorus
|-crit|p2a: Landorus
|-damage|p2a: Landorus|64/100
|-resisted|p2a: Landorus
|-crit|p2a: Landorus
|-damage|p2a: Landorus|51/100
|-hitcount|p2a: Landorus|3
|move|p2a: Landorus|Earthquake|p1a: Urshifu
|-damage|p1a: Urshifu|27/100
|
|-heal|p2a: Landorus|57/100|[from] item: Leftovers
|turn|13
|
|switch|p1a: Zapdos|Zapdos|95/100
|move|p2a: Landorus|Substitute|p2a: Landorus
|-start|p2a: Landorus|Substitute
|-damage|p2a: Landorus|32/100
|
|-heal|p2a: Landorus|38/100|[from] item: Leftovers
|turn|14
|
|move|p2a: Landorus|Rock Slide|p1a: Zapdos
|-supereffective|p1a: Zapdos
|-damage|p1a: Zapdos|54/100
|cant|p1a: Zapdos|flinch
|
|-heal|p2a: Landorus|44/100|[from] item: Leftovers
|turn|15
|
|move|p2a: Landorus|Rock Slide|p1a: Zapdos
|-supereffective|p1a: Zapdos
|-damage|p1a: Zapdos|11/100
|cant|p1a: Zapdos|flinch
|
|-heal|p2a: Landorus|50/100|[from] item: Leftovers
|turn|16
|
|move|p2a: Landorus|Rock Slide|p1a: Zapdos
|-supereffective|p1a: Zapdos
|-damage|p1a: Zapdos|0 fnt
|faint|p1a: Zapdos
|
|-heal|p2a: Landorus|56/100|[from] item: Leftovers
|
|switch|p1a: Great Tusk|Great Tusk|100/100
|-enditem|p1a: Great Tusk|Booster Energy
|-activate|p1a: Great Tusk|ability: Protosynthesis|[fromitem]
|-start|p1a: Great Tusk|protosynthesisspe
|turn|17
|
|move|p1a: Great Tusk|Stealth Rock|p2a: Landorus
|-sidestart|p2: Jixel|move: Stealth Rock
|move|p2a: Landorus|Earthquake|p1a: Great Tusk
|-damage|p1a: Great Tusk|65/100
|
|-heal|p2a: Landorus|62/100|[from] item: Leftovers
|turn|18
|
|move|p1a: Great Tusk|Knock Off|p2a: Landorus
|-crit|p2a: Landorus
|-end|p2a: Landorus|Substitute
|move|p2a: Landorus|Earthquake|p1a: Great Tusk
|-damage|p1a: Great Tusk|32/100
|
|-heal|p2a: Landorus|68/100|[from] item: Leftovers
|turn|19
|
|move|p1a: Great Tusk|Headlong Rush|p2a: Landorus
|-damage|p2a: Landorus|4/100
|-unboost|p1a: Great Tusk|def|1
|-unboost|p1a: Great Tusk|spd|1
|move|p2a: Landorus|Earthquake|p1a: Great Tusk
|-damage|p1a: Great Tusk|0 fnt
|faint|p1a: Great Tusk
|-end|p1a: Great Tusk|Protosynthesis|[silent]
|
|-heal|p2a: Landorus|10/100|[from] item: Leftovers
|
|switch|p1a: Dragapult|Dragapult, F|100/100
|turn|20
|
|switch|p2a: Corviknight|Corviknight, M|69/100
|-damage|p2a: Corviknight|56/100|[from] Stealth Rock
|move|p1a: Dragapult|Dragon Darts|p2a: Corviknight
|-resisted|p2a: Corviknight
|-damage|p2a: Corviknight|48/100
|-anim|p1a: Dragapult|Dragon Darts|p2a: Corviknight
|-resisted|p2a: Corviknight
|-crit|p2a: Corviknight
|-damage|p2a: Corviknight|35/100
|
|-heal|p2a: Corviknight|41/100|[from] item: Leftovers
|turn|21
|
|move|p1a: Dragapult|Substitute|p1a: Dragapult
|-start|p1a: Dragapult|Substitute
|-damage|p1a: Dragapult|76/100
|move|p2a: Corviknight|Roost|p2a: Corviknight
|-heal|p2a: Corviknight|91/100
|-singleturn|p2a: Corviknight|move: Roost
|
|-heal|p1a: Dragapult|82/100|[from] item: Leftovers
|-heal|p2a: Corviknight|97/100|[from] item: Leftovers
|turn|22
|
|move|p1a: Dragapult|Will-O-Wisp|p2a: Corviknight
|-status|p2a: Corviknight|brn
|move|p2a: Corviknight|Brave Bird|p1a: Dragapult
|-end|p1a: Dragapult|Substitute
|-damage|p2a: Corviknight|91/100 brn|[from] Recoil|[of] p1a: Dragapult
|
|-heal|p1a: Dragapult|88/100|[from] item: Leftovers
|-heal|p2a: Corviknight|97/100 brn|[from] item: Leftovers
|-damage|p2a: Corviknight|91/100 brn|[from] brn
|turn|23
|
|move|p1a: Dragapult|Hex|p2a: Corviknight
|-damage|p2a: Corviknight|55/100 brn
|move|p2a: Corviknight|U-turn|p1a: Dragapult
|-resisted|p1a: Dragapult
|-damage|p1a: Dragapult|82/100
|
|switch|p2a: Magearna|Magearna|100/100|[from] U-turn
|-damage|p2a: Magearna|94/100|[from] Stealth Rock
|
|-heal|p1a: Dragapult|88/100|[from] item: Leftovers
|-heal|p2a: Magearna|100/100|[from] item: Leftovers
|turn|24
|
|switch|p1a: Typhlosion|Typhlosion-Hisui, F|100/100
|move|p2a: Magearna|Calm Mind|p2a: Magearna
|-boost|p2a: Magearna|spa|1
|-boost|p2a: Magearna|spd|1
|
|turn|25
|
|switch|p2a: Landorus|Landorus-Therian, M, tera:Water|10/100
|-damage|p2a: Landorus|0 fnt|[from] Stealth Rock
|faint|p2a: Landorus
|move|p1a: Typhlosion|Eruption|p2: Landorus|[notarget]
|-fail|p1a: Typhlosion
|
|
|switch|p2a: Dragapult|Dragapult, F|84/100
|-damage|p2a: Dragapult|72/100|[from] Stealth Rock
|turn|26
|
|switch|p1a: Urshifu|Urshifu-Rapid-Strike, F|27/100
|move|p2a: Dragapult|Shadow Ball|p1a: Urshifu
|-damage|p1a: Urshifu|0 fnt
|faint|p1a: Urshifu
|
|
|switch|p1a: Magearna|Magearna|84/100
|turn|27
|
|switch|p2a: Corviknight|Corviknight, M|55/100 brn
|-damage|p2a: Corviknight|43/100 brn|[from] Stealth Rock
|move|p1a: Magearna|Fleur Cannon|p2a: Corviknight
|-resisted|p2a: Corviknight
|-damage|p2a: Corviknight|25/100 brn
|-unboost|p1a: Magearna|spa|2
|
|-heal|p2a: Corviknight|31/100 brn|[from] item: Leftovers
|-damage|p2a: Corviknight|25/100 brn|[from] brn
|turn|28
|
|move|p1a: Magearna|Volt Switch|p2a: Corviknight
|-supereffective|p2a: Corviknight
|-damage|p2a: Corviknight|12/100 brn
|
|switch|p1a: Typhlosion|Typhlosion-Hisui, F|100/100|[from] Volt Switch
|move|p2a: Corviknight|U-turn|p1a: Typhlosion
|-resisted|p1a: Typhlosion
|-damage|p1a: Typhlosion|98/100
|
|switch|p2a: Dragapult|Dragapult, F|72/100|[from] U-turn
|-damage|p2a: Dragapult|59/100|[from] Stealth Rock
|
|turn|29
|
|-terastallize|p1a: Typhlosion|Normal
|move|p2a: Dragapult|Shadow Ball|p1a: Typhlosion
|-immune|p1a: Typhlosion
|move|p1a: Typhlosion|Infernal Parade|p2a: Dragapult
|-supereffective|p2a: Dragapult
|-damage|p2a: Dragapult|0 fnt
|faint|p2a: Dragapult
|
|
|switch|p2a: Grimmsnarl|Grimmsnarl, M|100/100
|-damage|p2a: Grimmsnarl|88/100|[from] Stealth Rock
|turn|30
|
|switch|p1a: Magearna|Magearna|84/100
|move|p2a: Grimmsnarl|Light Screen|p2a: Grimmsnarl
|-sidestart|p2: Jixel|move: Light Screen
|
|turn|31
|
|move|p2a: Grimmsnarl|Parting Shot|p1a: Magearna
|-unboost|p1a: Magearna|atk|1
|-unboost|p1a: Magearna|spa|1
|
|switch|p2a: Magearna|Magearna|100/100|[from] Parting Shot
|-damage|p2a: Magearna|94/100|[from] Stealth Rock
|move|p1a: Magearna|Volt Switch|p2a: Magearna
|-damage|p2a: Magearna|89/100
|
|switch|p1a: Typhlosion|Typhlosion-Hisui, F, tera:Normal|98/100|[from] Volt Switch
|
|-heal|p2a: Magearna|95/100|[from] item: Leftovers
|turn|32
|
|move|p1a: Typhlosion|Eruption|p2a: Magearna
|-supereffective|p2a: Magearna
|-damage|p2a: Magearna|6/100
|move|p2a: Magearna|Draining Kiss|p1a: Typhlosion
|-damage|p1a: Typhlosion|62/100
|-heal|p2a: Magearna|27/100|[from] drain|[of] p1a: Typhlosion
|
|-heal|p2a: Magearna|33/100|[from] item: Leftovers
|turn|33
|
|switch|p2a: Corviknight|Corviknight, M|12/100 brn
|-damage|p2a: Corviknight|0 fnt|[from] Stealth Rock
|faint|p2a: Corviknight
|move|p1a: Typhlosion|Eruption|p2: Corviknight|[notarget]
|-fail|p1a: Typhlosion
|
|
|switch|p2a: Grimmsnarl|Grimmsnarl, M|88/100
|-damage|p2a: Grimmsnarl|76/100|[from] Stealth Rock
|turn|34
|
|switch|p1a: Magearna|Magearna|84/100
|move|p2a: Grimmsnarl|Parting Shot|p1a: Magearna
|-unboost|p1a: Magearna|atk|1
|-unboost|p1a: Magearna|spa|1
|
|switch|p2a: Magearna|Magearna|33/100|[from] Parting Shot
|-damage|p2a: Magearna|27/100|[from] Stealth Rock
|
|-heal|p2a: Magearna|33/100|[from] item: Leftovers
|turn|35
|
|move|p1a: Magearna|Volt Switch|p2a: Magearna
|-damage|p2a: Magearna|28/100
|
|switch|p1a: Typhlosion|Typhlosion-Hisui, F, tera:Normal|62/100|[from] Volt Switch
|move|p2a: Magearna|Calm Mind|p2a: Magearna
|-boost|p2a: Magearna|spa|1
|-boost|p2a: Magearna|spd|1
|
|-heal|p2a: Magearna|34/100|[from] item: Leftovers
|turn|36
|
|move|p1a: Typhlosion|Eruption|p2a: Magearna
|-supereffective|p2a: Magearna
|-damage|p2a: Magearna|0 fnt
|faint|p2a: Magearna
|
|
|switch|p2a: Grimmsnarl|Grimmsnarl, M|76/100
|-damage|p2a: Grimmsnarl|63/100|[from] Stealth Rock
|turn|37
|
|move|p2a: Grimmsnarl|Parting Shot|p1a: Typhlosion
|-unboost|p1a: Typhlosion|atk|1
|-unboost|p1a: Typhlosion|spa|1
|move|p1a: Typhlosion|Eruption|p2a: Grimmsnarl
|-damage|p2a: Grimmsnarl|47/100
|
|-sideend|p2: Jixel|move: Light Screen
|turn|38
|
|switch|p1a: Magearna|Magearna|84/100
|move|p2a: Grimmsnarl|Light Screen|p2a: Grimmsnarl
|-sidestart|p2: Jixel|move: Light Screen
|
|turn|39
|
|move|p2a: Grimmsnarl|Parting Shot|p1a: Magearna
|-unboost|p1a: Magearna|atk|1
|-unboost|p1a: Magearna|spa|1
|move|p1a: Magearna|Fleur Cannon|p2a: Grimmsnarl
|-supereffective|p2a: Grimmsnarl
|-damage|p2a: Grimmsnarl|19/100
|-unboost|p1a: Magearna|spa|2
|
|turn|40
|
|move|p2a: Grimmsnarl|Parting Shot|p1a: Magearna
|-unboost|p1a: Magearna|atk|1
|-unboost|p1a: Magearna|spa|1
|move|p1a: Magearna|Volt Switch|p2a: Grimmsnarl
|-damage|p2a: Grimmsnarl|16/100
|
|switch|p1a: Typhlosion|Typhlosion-Hisui, F, tera:Normal|62/100|[from] Volt Switch
|
|turn|41
|
|move|p2a: Grimmsnarl|Parting Shot|p1a: Typhlosion
|-unboost|p1a: Typhlosion|atk|1
|-unboost|p1a: Typhlosion|spa|1
|move|p1a: Typhlosion|Eruption|p2a: Grimmsnarl
|-damage|p2a: Grimmsnarl|0 fnt
|faint|p2a: Grimmsnarl
|
|win|Prime573
