# advantage = p1
|poke|p1|Volcarona, F|
|poke|p1|Ursaluna, M|
|poke|p1|Sneasler, M|
|poke|p1|Dragapult, F|
|poke|p1|Magearna|
|poke|p1|Zamazenta-*|
|poke|p2|Magearna|
|poke|p2|Cinderace, M|
|poke|p2|Tornadus-Therian, M|
|poke|p2|Zamazenta-*|
|poke|p2|Azumarill, M|
|poke|p2|Heatran, F|
|teampreview
|
|start
|switch|p1a: Dragapult|Dragapult, F|100/100
|switch|p2a: Azumarill|Azumarill, M|100/100
|turn|1
|
|move|p1a: Dragapult|Will-O-Wisp|p2a: Azumarill
|-status|p2a: Azumarill|brn
|move|p2a: Azumarill|Belly Drum|p2a: Azumarill
|-damage|p2a: Azumarill|50/100 brn
|-setboost|p2a: Azumarill|atk|6|[from] move: Belly Drum
|-enditem|p2a: Azumarill|Sitrus Berry|[eat]
|-heal|p2a: Azumarill|75/100 brn|[from] item: Sitrus Berry
|
|-damage|p2a: Azumarill|69/100 brn|[from] brn
|turn|2
|
|move|p1a: Dragapult|Reflect|p1a: Dragapult
|-sidestart|p1: p1|Reflect
|move|p2a: Azumarill|Play Rough|p1a: Dragapult
|-supereffective|p1a: Dragapult
|-crit|p1a: Dragapult
|-damage|p1a: Dragapult|0 fnt
|faint|p1a: Dragapult
|
|-damage|p2a: Azumarill|63/100 brn|[from] brn
|
|switch|p1a: Sneasler|Sneasler, M|100/100
|-item|p1a: Sneasler|Air Balloon
|turn|3
|
|move|p1a: Sneasler|Dire Claw|p2a: Azumarill
|-supereffective|p2a: Azumarill
|-damage|p2a: Azumarill|0 fnt
|faint|p2a: Azumarill
|
|
|switch|p2a: Cinderace|Cinderace, M|100/100
|turn|4
|
|move|p2a: Cinderace|Court Change|p2a: Cinderace
|-swapsideconditions
|-activate|p2a: Cinderace|move: Court Change
|move|p1a: Sneasler|Swords Dance|p1a: Sneasler
|-boost|p1a: Sneasler|atk|2
|
|turn|5
|
|move|p2a: Cinderace|Pyro Ball|p1a: Sneasler
|-damage|p1a: Sneasler|8/100
|-status|p1a: Sneasler|brn
|-enditem|p1a: Sneasler|Air Balloon
|move|p1a: Sneasler|Dire Claw|p2a: Cinderace
|-damage|p2a: Cinderace|66/100
|-status|p2a: Cinderace|psn
|
|-damage|p2a: Cinderace|54/100 psn|[from] psn
|-damage|p1a: Sneasler|2/100 brn|[from] brn
|turn|6
|
|switch|p2a: Tornadus|Tornadus-Therian, M|100/100
|move|p1a: Sneasler|Close Combat|p2a: Tornadus
|-resisted|p2a: Tornadus
|-damage|p2a: Tornadus|78/100
|-unboost|p1a: Sneasler|def|1
|-unboost|p1a: Sneasler|spd|1
|
|-damage|p1a: Sneasler|0 fnt|[from] brn
|faint|p1a: Sneasler
|
|switch|p1a: Magearna|Magearna|100/100
|turn|7
|
|move|p2a: Tornadus|Heat Wave|p1a: Magearna
|-supereffective|p1a: Magearna
|-damage|p1a: Magearna|40/100
|move|p1a: Magearna|Shift Gear|p1a: Magearna
|-boost|p1a: Magearna|spe|2
|-boost|p1a: Magearna|atk|1
|
|-heal|p1a: Magearna|46/100|[from] item: Leftovers
|turn|8
|
|move|p1a: Magearna|Stored Power|p2a: Tornadus
|-damage|p2a: Tornadus|41/100
|move|p2a: Tornadus|Hurricane|p1a: Magearna
|-resisted|p1a: Magearna
|-damage|p1a: Magearna|20/100
|
|-heal|p1a: Magearna|26/100|[from] item: Leftovers
|turn|9
|
|move|p1a: Magearna|Stored Power|p2a: Tornadus
|-damage|p2a: Tornadus|2/100
|move|p2a: Tornadus|Heat Wave|p1a: Magearna
|-supereffective|p1a: Magearna
|-damage|p1a: Magearna|0 fnt
|faint|p1a: Magearna
|
|-sideend|p2: p2|Reflect
|
|switch|p1a: Zamazenta|Zamazenta|100/100
|-ability|p1a: Zamazenta|Dauntless Shield|boost
|-boost|p1a: Zamazenta|def|1
|turn|10
|
|switch|p2a: Cinderace|Cinderace, M|54/100 psn
|move|p1a: Zamazenta|Substitute|p1a: Zamazenta
|-start|p1a: Zamazenta|Substitute
|-damage|p1a: Zamazenta|76/100
|
|-heal|p1a: Zamazenta|82/100|[from] item: Leftovers
|-damage|p2a: Cinderace|42/100 psn|[from] psn
|turn|11
|
|switch|p2a: Tornadus|Tornadus-Therian, M|35/100
|move|p1a: Zamazenta|Iron Defense|p1a: Zamazenta
|-boost|p1a: Zamazenta|def|2
|
|-heal|p1a: Zamazenta|88/100|[from] item: Leftovers
|turn|12
|
|move|p1a: Zamazenta|Crunch|p2a: Tornadus
|-damage|p2a: Tornadus|6/100
|move|p2a: Tornadus|Hurricane|p1a: Zamazenta
|-supereffective|p1a: Zamazenta
|-end|p1a: Zamazenta|Substitute
|
|-heal|p1a: Zamazenta|94/100|[from] item: Leftovers
|turn|13
|
|switch|p2a: Magearna|Magearna|100/100
|move|p1a: Zamazenta|Crunch|p2a: Magearna
|-resisted|p2a: Magearna
|-damage|p2a: Magearna|91/100
|
|-heal|p1a: Zamazenta|99/100|[from] item: Leftovers
|turn|14
|
|move|p1a: Zamazenta|Substitute|p1a: Zamazenta
|-start|p1a: Zamazenta|Substitute
|-damage|p1a: Zamazenta|75/100
|move|p2a: Magearna|Fleur Cannon|p1a: Zamazenta
|-supereffective|p1a: Zamazenta
|-end|p1a: Zamazenta|Substitute
|-unboost|p2a: Magearna|spa|2
|
|-heal|p1a: Zamazenta|81/100|[from] item: Leftovers
|turn|15
|
|switch|p2a: Tornadus|Tornadus-Therian, M|39/100
|move|p1a: Zamazenta|Substitute|p1a: Zamazenta
|-start|p1a: Zamazenta|Substitute
|-damage|p1a: Zamazenta|57/100
|
|-heal|p1a: Zamazenta|63/100|[from] item: Leftovers
|turn|16
|
|switch|p2a: Magearna|Magearna|91/100
|move|p1a: Zamazenta|Body Press|p2a: Magearna
|-damage|p2a: Magearna|8/100
|
|-heal|p1a: Zamazenta|69/100|[from] item: Leftovers
|turn|17
|
|move|p1a: Zamazenta|Iron Defense|p1a: Zamazenta
|-boost|p1a: Zamazenta|def|2
|move|p2a: Magearna|Fleur Cannon|p1a: Zamazenta
|-supereffective|p1a: Zamazenta
|-end|p1a: Zamazenta|Substitute
|-unboost|p2a: Magearna|spa|2
|
|-heal|p1a: Zamazenta|75/100|[from] item: Leftovers
|turn|18
|
|move|p1a: Zamazenta|Substitute|p1a: Zamazenta
|-start|p1a: Zamazenta|Substitute
|-damage|p1a: Zamazenta|50/100
|move|p2a: Magearna|Fleur Cannon|p1a: Zamazenta
|-supereffective|p1a: Zamazenta
|-end|p1a: Zamazenta|Substitute
|-unboost|p2a: Magearna|spa|2
|
|-heal|p1a: Zamazenta|56/100|[from] item: Leftovers
|turn|19
|
|move|p1a: Zamazenta|Body Press|p2a: Magearna
|-damage|p2a: Magearna|0 fnt
|faint|p2a: Magearna
|
|-heal|p1a: Zamazenta|62/100|[from] item: Leftovers
|
|switch|p2a: Tornadus|Tornadus-Therian, M|72/100
|turn|20
|
|move|p1a: Zamazenta|Substitute|p1a: Zamazenta
|-start|p1a: Zamazenta|Substitute
|-damage|p1a: Zamazenta|37/100
|move|p2a: Tornadus|Hurricane|p1a: Zamazenta
|-supereffective|p1a: Zamazenta
|-end|p1a: Zamazenta|Substitute
|
|-heal|p1a: Zamazenta|44/100|[from] item: Leftovers
|turn|21
|
|move|p1a: Zamazenta|Body Press|p2a: Tornadus
|-resisted|p2a: Tornadus
|-crit|p2a: Tornadus
|-damage|p2a: Tornadus|0 fnt
|faint|p2a: Tornadus
|
|-heal|p1a: Zamazenta|50/100|[from] item: Leftovers
|
|switch|p2a: Zamazenta|Zamazenta|100/100
|-ability|p2a: Zamazenta|Dauntless Shield|boost
|-boost|p2a: Zamazenta|def|1
|turn|22
|
|move|p2a: Zamazenta|Howl|p2a: Zamazenta
|-boost|p2a: Zamazenta|atk|1
|move|p1a: Zamazenta|Substitute|p1a: Zamazenta
|-start|p1a: Zamazenta|Substitute
|-damage|p1a: Zamazenta|25/100
|
|-heal|p1a: Zamazenta|31/100|[from] item: Leftovers
|turn|23
|
|move|p1a: Zamazenta|Body Press|p2a: Zamazenta
|-damage|p2a: Zamazenta|21/100
|move|p2a: Zamazenta|Play Rough|p1a: Zamazenta
|-supereffective|p1a: Zamazenta
|-end|p1a: Zamazenta|Substitute
|-damage|p2a: Zamazenta|11/100|[from] item: Life Orb
|
|-heal|p1a: Zamazenta|37/100|[from] item: Leftovers
|turn|24
|
|move|p1a: Zamazenta|Body Press|p2a: Zamazenta
|-damage|p2a: Zamazenta|0 fnt
|faint|p2a: Zamazenta
|
|-heal|p1a: Zamazenta|43/100|[from] item: Leftovers
|
|switch|p2a: Heatran|Heatran, F|100/100
|turn|25
|
|-terastallize|p2a: Heatran|Flying
|move|p1a: Zamazenta|Body Press|p2a: Heatran
|-resisted|p2a: Heatran
|-damage|p2a: Heatran|48/100
|move|p2a: Heatran|Fire Blast|p1a: Zamazenta
|-damage|p1a: Zamazenta|0 fnt
|faint|p1a: Zamazenta
|
|
|switch|p1a: Ursaluna|Ursaluna, M|100/100
|turn|26
|
|move|p2a: Heatran|Fire Blast|p1a: Ursaluna
|-damage|p1a: Ursaluna|23/100
|-status|p1a: Ursaluna|brn
|move|p1a: Ursaluna|Facade|p2a: Heatran
|-damage|p2a: Heatran|0 fnt
|faint|p2a: Heatran
|
|-damage|p1a: Ursaluna|17/100 brn|[from] brn
|
|switch|p2a: Cinderace|Cinderace, M|42/100 psn
|turn|27
|
|move|p2a: Cinderace|Sucker Punch|p1a: Ursaluna
|-damage|p1a: Ursaluna|0 fnt
|faint|p1a: Ursaluna
|
|-damage|p2a: Cinderace|29/100 psn|[from] psn
|
|switch|p1a: Volcarona|Volcarona, F|100/100
|turn|28
|
|-terastallize|p1a: Volcarona|Water
|move|p2a: Cinderace|Pyro Ball|p1a: Volcarona
|-resisted|p1a: Volcarona
|-crit|p1a: Volcarona
|-damage|p1a: Volcarona|0 fnt
|faint|p1a: Volcarona
|
|win|p2
