|j|☆ianlazerbeem
|j|☆afrikkineeveetiktk
|t:|1685847966
|gametype|singles
|player|p1|ianlazerbeem|266|
|player|p2|afrikkineeveetiktk|penny|
|teamsize|p1|6
|teamsize|p2|6
|gen|9
|tier|[Gen 9] OU
|rule|Sleep Clause Mod: Limit one foe put to sleep
|rule|Species Clause: Limit one of each Pokémon
|rule|OHKO Clause: OHKO moves are banned
|rule|Evasion Items Clause: Evasion items are banned
|rule|Evasion Moves Clause: Evasion moves are banned
|rule|Endless Battle Clause: Forcing endless battles is banned
|rule|HP Percentage Mod: HP is shown in percentages
|clearpoke
|poke|p1|Magearna|
|poke|p1|Gholdengo|
|poke|p1|Garganacl, M|
|poke|p1|Urshifu-*, M|
|poke|p1|Volcarona, M|
|poke|p1|Landorus-Therian, M|
|poke|p2|Gholdengo|
|poke|p2|Great Tusk|
|poke|p2|Decidueye-Hisui, M|
|poke|p2|Clodsire, F|
|poke|p2|Urshifu-*, M|
|poke|p2|Kingambit, F|
|teampreview
|inactive|Battle timer is ON: inactive players will automatically lose when time's up. (requested by afrikkineeveetiktk)
|
|t:|1685847981
|start
|switch|p1a: Landorus|Landorus-Therian, M|100/100
|switch|p2a: Great Tusk|Great Tusk|100/100
|-ability|p1a: Landorus|Intimidate|boost
|-unboost|p2a: Great Tusk|atk|1
|-enditem|p2a: Great Tusk|Booster Energy
|-activate|p2a: Great Tusk|ability: Protosynthesis|[fromitem]
|-start|p2a: Great Tusk|protosynthesisspe
|turn|1
|
|t:|1685847997
|move|p2a: Great Tusk|Ice Spinner|p1a: Landorus
|-supereffective|p1a: Landorus
|-damage|p1a: Landorus|49/100
|-damage|p2a: Great Tusk|84/100|[from] item: Rocky Helmet|[of] p1a: Landorus
|move|p1a: Landorus|U-turn|p2a: Great Tusk
|-resisted|p2a: Great Tusk
|-damage|p2a: Great Tusk|76/100
|
|t:|1685848008
|switch|p1a: Magearna|Magearna|100/100|[from] U-turn
|
|upkeep
|turn|2
|
|t:|1685848017
|-end|p2a: Great Tusk|Protosynthesis|[silent]
|switch|p2a: Gholdengo|Gholdengo|100/100
|move|p1a: Magearna|Fleur Cannon|p2a: Gholdengo
|-resisted|p2a: Gholdengo
|-damage|p2a: Gholdengo|63/100
|-unboost|p1a: Magearna|spa|2
|
|upkeep
|turn|3
|
|t:|1685848031
|move|p2a: Gholdengo|Shadow Ball|p1a: Magearna
|-damage|p1a: Magearna|63/100
|-unboost|p1a: Magearna|spd|1
|move|p1a: Magearna|Spikes|p2a: Gholdengo
|-sidestart|p2: afrikkineeveetiktk|Spikes
|
|-heal|p1a: Magearna|69/100|[from] item: Leftovers
|upkeep
|turn|4
|
|t:|1685848047
|switch|p1a: Volcarona|Volcarona, M|100/100
|move|p2a: Gholdengo|Shadow Ball|p1a: Volcarona
|-damage|p1a: Volcarona|66/100
|
|upkeep
|turn|5
|
|t:|1685848057
|switch|p1a: Garganacl|Garganacl, M|100/100
|move|p2a: Gholdengo|Shadow Ball|p1a: Garganacl
|-damage|p1a: Garganacl|83/100
|-unboost|p1a: Garganacl|spd|1
|
|-heal|p1a: Garganacl|89/100|[from] item: Leftovers
|upkeep
|turn|6
|
|t:|1685848071
|switch|p2a: Great Tusk|Great Tusk|76/100
|-damage|p2a: Great Tusk|64/100|[from] Spikes
|move|p1a: Garganacl|Salt Cure|p2a: Great Tusk
|-resisted|p2a: Great Tusk
|-damage|p2a: Great Tusk|61/100
|-start|p2a: Great Tusk|Salt Cure
|
|-heal|p1a: Garganacl|95/100|[from] item: Leftovers
|-damage|p2a: Great Tusk|49/100|[from] Salt Cure
|upkeep
|turn|7
|
|t:|1685848084
|-terastallize|p1a: Garganacl|Water
|move|p2a: Great Tusk|Headlong Rush|p1a: Garganacl
|-damage|p1a: Garganacl|64/100
|-unboost|p2a: Great Tusk|def|1
|-unboost|p2a: Great Tusk|spd|1
|move|p1a: Garganacl|Earthquake|p2a: Great Tusk
|-damage|p2a: Great Tusk|23/100
|
|-heal|p1a: Garganacl|70/100|[from] item: Leftovers
|-damage|p2a: Great Tusk|11/100|[from] Salt Cure
|upkeep
|turn|8
|
|t:|1685848098
|move|p2a: Great Tusk|Rapid Spin|p1a: Garganacl
|-damage|p1a: Garganacl|60/100
|-boost|p2a: Great Tusk|spe|1
|-sideend|p2: afrikkineeveetiktk|Spikes|[from] move: Rapid Spin|[of] p2a: Great Tusk
|move|p1a: Garganacl|Recover|p1a: Garganacl
|-heal|p1a: Garganacl|100/100
|
|-damage|p2a: Great Tusk|0 fnt|[from] Salt Cure
|faint|p2a: Great Tusk
|-end|p2a: Great Tusk|Protosynthesis|[silent]
|upkeep
|
|t:|1685848104
|switch|p2a: Decidueye|Decidueye-Hisui, M|100/100
|turn|9
|
|t:|1685848118
|switch|p1a: Volcarona|Volcarona, M|66/100
|move|p2a: Decidueye|Leaf Blade|p1a: Volcarona
|-resisted|p1a: Volcarona
|-damage|p1a: Volcarona|55/100
|
|upkeep
|turn|10
|
|t:|1685848130
|switch|p2a: Urshifu|Urshifu-Rapid-Strike, M|100/100
|move|p1a: Volcarona|Morning Sun|p1a: Volcarona
|-heal|p1a: Volcarona|100/100
|
|upkeep
|turn|11
|
|t:|1685848142
|switch|p1a: Garganacl|Garganacl, M, tera:Water|100/100
|move|p2a: Urshifu|Surging Strikes|p1a: Garganacl
|-resisted|p1a: Garganacl
|-crit|p1a: Garganacl
|-damage|p1a: Garganacl|94/100
|-resisted|p1a: Garganacl
|-crit|p1a: Garganacl
|-damage|p1a: Garganacl|88/100
|-resisted|p1a: Garganacl
|-crit|p1a: Garganacl
|-damage|p1a: Garganacl|82/100
|-hitcount|p1a: Garganacl|3
|
|-heal|p1a: Garganacl|88/100|[from] item: Leftovers
|upkeep
|turn|12
|
|t:|1685848156
|move|p2a: Urshifu|Thunder Punch|p1a: Garganacl
|-supereffective|p1a: Garganacl
|-damage|p1a: Garganacl|59/100
|move|p1a: Garganacl|Salt Cure|p2a: Urshifu
|-resisted|p2a: Urshifu
|-damage|p2a: Urshifu|93/100
|-start|p2a: Urshifu|Salt Cure
|
|-heal|p1a: Garganacl|65/100|[from] item: Leftovers
|-damage|p2a: Urshifu|68/100|[from] Salt Cure
|upkeep
|turn|13
|
|t:|1685848169
|move|p2a: Urshifu|Thunder Punch|p1a: Garganacl
|-supereffective|p1a: Garganacl
|-damage|p1a: Garganacl|36/100
|move|p1a: Garganacl|Recover|p1a: Garganacl
|-heal|p1a: Garganacl|86/100
|
|-heal|p1a: Garganacl|92/100|[from] item: Leftovers
|-damage|p2a: Urshifu|43/100|[from] Salt Cure
|upkeep
|turn|14
|
|t:|1685848179
|switch|p2a: Clodsire|Clodsire, F|100/100
|move|p1a: Garganacl|Curse|p1a: Garganacl
|-unboost|p1a: Garganacl|spe|1
|-boost|p1a: Garganacl|atk|1
|-boost|p1a: Garganacl|def|1
|
|-heal|p1a: Garganacl|99/100|[from] item: Leftovers
|upkeep
|turn|15
|
|t:|1685848194
|switch|p2a: Gholdengo|Gholdengo|63/100
|move|p1a: Garganacl|Salt Cure|p2a: Gholdengo
|-resisted|p2a: Gholdengo
|-damage|p2a: Gholdengo|50/100
|-start|p2a: Gholdengo|Salt Cure
|
|-heal|p1a: Garganacl|100/100|[from] item: Leftovers
|-damage|p2a: Gholdengo|25/100|[from] Salt Cure
|upkeep
|turn|16
|
|t:|1685848205
|move|p2a: Gholdengo|Trick|p1a: Garganacl
|-activate|p2a: Gholdengo|move: Trick|[of] p1a: Garganacl
|-item|p1a: Garganacl|Choice Scarf|[from] move: Trick
|-item|p2a: Gholdengo|Leftovers|[from] move: Trick
|move|p1a: Garganacl|Curse|p1a: Garganacl
|-unboost|p1a: Garganacl|spe|1
|-boost|p1a: Garganacl|atk|1
|-boost|p1a: Garganacl|def|1
|
|-heal|p2a: Gholdengo|31/100|[from] item: Leftovers
|-damage|p2a: Gholdengo|7/100|[from] Salt Cure
|upkeep
|turn|17
|
|t:|1685848218
|move|p2a: Gholdengo|Shadow Ball|p1a: Garganacl
|-damage|p1a: Garganacl|84/100
|move|p1a: Garganacl|Curse|p1a: Garganacl
|-unboost|p1a: Garganacl|spe|1
|-boost|p1a: Garganacl|atk|1
|-boost|p1a: Garganacl|def|1
|
|-heal|p2a: Gholdengo|13/100|[from] item: Leftovers
|-damage|p2a: Gholdengo|0 fnt|[from] Salt Cure
|faint|p2a: Gholdengo
|upkeep
|
|t:|1685848224
|switch|p2a: Clodsire|Clodsire, F|100/100
|turn|18
|
|t:|1685848253
|switch|p1a: Urshifu|Urshifu-Rapid-Strike, M|100/100
|move|p2a: Clodsire|Gunk Shot|p1a: Urshifu
|-damage|p1a: Urshifu|71/100
|-status|p1a: Urshifu|psn
|
|-damage|p1a: Urshifu|58/100 psn|[from] psn
|upkeep
|turn|19
|
|t:|1685848265
|-terastallize|p2a: Clodsire|Water
|move|p1a: Urshifu|U-turn|p2a: Clodsire
|-damage|p2a: Clodsire|58/100
|inactive|ianlazerbeem has 270 seconds left.
|
|t:|1685848279
|switch|p1a: Volcarona|Volcarona, M|100/100|[from] U-turn
|move|p2a: Clodsire|Stealth Rock|p1a: Volcarona
|-sidestart|p1: ianlazerbeem|move: Stealth Rock
|
|-heal|p2a: Clodsire|64/100|[from] item: Leftovers
|upkeep
|turn|20
|
|t:|1685848288
|move|p1a: Volcarona|Will-O-Wisp|p2a: Clodsire|[miss]
|-miss|p1a: Volcarona|p2a: Clodsire
|move|p2a: Clodsire|Gunk Shot|p1a: Volcarona
|-damage|p1a: Volcarona|62/100
|
|-heal|p2a: Clodsire|71/100|[from] item: Leftovers
|upkeep
|turn|21
|
|t:|1685848298
|move|p1a: Volcarona|Will-O-Wisp|p2a: Clodsire|[miss]
|-miss|p1a: Volcarona|p2a: Clodsire
|move|p2a: Clodsire|Gunk Shot|p1a: Volcarona
|-damage|p1a: Volcarona|28/100
|-status|p1a: Volcarona|psn
|
|-heal|p2a: Clodsire|77/100|[from] item: Leftovers
|-damage|p1a: Volcarona|16/100 psn|[from] psn
|upkeep
|turn|22
|c|☆ianlazerbeem|Are u kidding
|
|t:|1685848311
|move|p1a: Volcarona|Morning Sun|p1a: Volcarona
|-heal|p1a: Volcarona|65/100 psn
|move|p2a: Clodsire|Earthquake|p1a: Volcarona
|-damage|p1a: Volcarona|36/100 psn
|
|-heal|p2a: Clodsire|83/100|[from] item: Leftovers
|-damage|p1a: Volcarona|24/100 psn|[from] psn
|upkeep
|turn|23
|
|t:|1685848321
|move|p1a: Volcarona|Morning Sun|p1a: Volcarona
|-heal|p1a: Volcarona|74/100 psn
|move|p2a: Clodsire|Earthquake|p1a: Volcarona
|-crit|p1a: Volcarona
|-damage|p1a: Volcarona|28/100 psn
|
|-heal|p2a: Clodsire|89/100|[from] item: Leftovers
|-damage|p1a: Volcarona|15/100 psn|[from] psn
|upkeep
|turn|24
|
|t:|1685848332
|move|p1a: Volcarona|Morning Sun|p1a: Volcarona
|-heal|p1a: Volcarona|65/100 psn
|move|p2a: Clodsire|Earthquake|p1a: Volcarona
|-damage|p1a: Volcarona|33/100 psn
|
|-heal|p2a: Clodsire|96/100|[from] item: Leftovers
|-damage|p1a: Volcarona|20/100 psn|[from] psn
|upkeep
|turn|25
|c|☆afrikkineeveetiktk|rng is not on your side
|
|t:|1685848343
|move|p1a: Volcarona|Morning Sun|p1a: Volcarona
|-heal|p1a: Volcarona|70/100 psn
|move|p2a: Clodsire|Gunk Shot|p1a: Volcarona
|-damage|p1a: Volcarona|36/100 psn
|
|-heal|p2a: Clodsire|100/100|[from] item: Leftovers
|-damage|p1a: Volcarona|23/100 psn|[from] psn
|upkeep
|turn|26
|
|t:|1685848353
|move|p1a: Volcarona|Will-O-Wisp|p2a: Clodsire
|-status|p2a: Clodsire|brn
|move|p2a: Clodsire|Earthquake|p1a: Volcarona
|-damage|p1a: Volcarona|7/100 psn
|
|-damage|p1a: Volcarona|0 fnt|[from] psn
|faint|p1a: Volcarona
|-damage|p2a: Clodsire|94/100 brn|[from] brn
|upkeep
|
|t:|1685848369
|switch|p1a: Magearna|Magearna|69/100
|-damage|p1a: Magearna|63/100|[from] Stealth Rock
|turn|27
|
|t:|1685848378
|switch|p2a: Decidueye|Decidueye-Hisui, M|100/100
|move|p1a: Magearna|Pain Split|p2a: Decidueye
|-sethp|p2a: Decidueye|86/100|[from] move: Pain Split|[silent]
|-sethp|p1a: Magearna|75/100|[from] move: Pain Split
|
|-heal|p1a: Magearna|81/100|[from] item: Leftovers
|upkeep
|turn|28
|
|t:|1685848391
|move|p2a: Decidueye|U-turn|p1a: Magearna
|-resisted|p1a: Magearna
|-damage|p1a: Magearna|77/100
|
|t:|1685848396
|switch|p2a: Clodsire|Clodsire, F, tera:Water|94/100 brn|[from] U-turn
|move|p1a: Magearna|Fleur Cannon|p2a: Clodsire
|-damage|p2a: Clodsire|59/100 brn
|-unboost|p1a: Magearna|spa|2
|
|-heal|p1a: Magearna|83/100|[from] item: Leftovers
|-heal|p2a: Clodsire|66/100 brn|[from] item: Leftovers
|-damage|p2a: Clodsire|59/100 brn|[from] brn
|upkeep
|turn|29
|
|t:|1685848410
|move|p1a: Magearna|Spikes|p2a: Clodsire
|-sidestart|p2: afrikkineeveetiktk|Spikes
|move|p2a: Clodsire|Recover|p2a: Clodsire
|-heal|p2a: Clodsire|100/100 brn
|
|-heal|p1a: Magearna|89/100|[from] item: Leftovers
|-damage|p2a: Clodsire|94/100 brn|[from] brn
|upkeep
|turn|30
|
|t:|1685848418
|move|p1a: Magearna|Spikes|p2a: Clodsire
|-sidestart|p2: afrikkineeveetiktk|Spikes
|move|p2a: Clodsire|Earthquake|p1a: Magearna
|-supereffective|p1a: Magearna
|-damage|p1a: Magearna|71/100
|
|-heal|p1a: Magearna|77/100|[from] item: Leftovers
|-heal|p2a: Clodsire|100/100 brn|[from] item: Leftovers
|-damage|p2a: Clodsire|94/100 brn|[from] brn
|upkeep
|turn|31
|
|t:|1685848429
|move|p1a: Magearna|Spikes|p2a: Clodsire
|-sidestart|p2: afrikkineeveetiktk|Spikes
|move|p2a: Clodsire|Earthquake|p1a: Magearna
|-supereffective|p1a: Magearna
|-damage|p1a: Magearna|56/100
|
|-heal|p1a: Magearna|62/100|[from] item: Leftovers
|-heal|p2a: Clodsire|100/100 brn|[from] item: Leftovers
|-damage|p2a: Clodsire|94/100 brn|[from] brn
|upkeep
|turn|32
|
|t:|1685848439
|move|p1a: Magearna|Volt Switch|p2a: Clodsire
|-supereffective|p2a: Clodsire
|-damage|p2a: Clodsire|69/100 brn
|
|t:|1685848442
|switch|p1a: Landorus|Landorus-Therian, M|49/100|[from] Volt Switch
|-damage|p1a: Landorus|37/100|[from] Stealth Rock
|-ability|p1a: Landorus|Intimidate|boost
|-unboost|p2a: Clodsire|atk|1
|move|p2a: Clodsire|Earthquake|p1a: Landorus
|-immune|p1a: Landorus
|
|-heal|p2a: Clodsire|75/100 brn|[from] item: Leftovers
|-damage|p2a: Clodsire|69/100 brn|[from] brn
|upkeep
|turn|33
|
|t:|1685848460
|move|p1a: Landorus|Taunt|p2a: Clodsire
|-start|p2a: Clodsire|move: Taunt
|cant|p2a: Clodsire|move: Taunt|Recover
|
|-heal|p2a: Clodsire|75/100 brn|[from] item: Leftovers
|-damage|p2a: Clodsire|69/100 brn|[from] brn
|upkeep
|turn|34
|
|t:|1685848469
|move|p1a: Landorus|U-turn|p2a: Clodsire
|-damage|p2a: Clodsire|45/100 brn
|
|t:|1685848474
|switch|p1a: Magearna|Magearna|62/100|[from] U-turn
|-damage|p1a: Magearna|56/100|[from] Stealth Rock
|move|p2a: Clodsire|Gunk Shot|p1a: Magearna
|-immune|p1a: Magearna
|
|-heal|p1a: Magearna|62/100|[from] item: Leftovers
|-heal|p2a: Clodsire|52/100 brn|[from] item: Leftovers
|-damage|p2a: Clodsire|45/100 brn|[from] brn
|upkeep
|turn|35
|
|t:|1685848486
|switch|p2a: Urshifu|Urshifu-Rapid-Strike, M|43/100
|-damage|p2a: Urshifu|18/100|[from] Spikes
|move|p1a: Magearna|Volt Switch|p2a: Urshifu
|-supereffective|p2a: Urshifu
|-damage|p2a: Urshifu|0 fnt
|faint|p2a: Urshifu
|-ability|p1a: Magearna|Soul-Heart|boost
|-boost|p1a: Magearna|spa|1
|inactive|ianlazerbeem has 270 seconds left.
|
|t:|1685848518
|switch|p1a: Garganacl|Garganacl, M, tera:Water|84/100|[from] Volt Switch
|-damage|p1a: Garganacl|72/100|[from] Stealth Rock
|
|upkeep
|
|t:|1685848521
|switch|p2a: Decidueye|Decidueye-Hisui, M|86/100
|-damage|p2a: Decidueye|61/100|[from] Spikes
|turn|36
|
|t:|1685848531
|move|p2a: Decidueye|Triple Arrows|p1a: Garganacl
|-damage|p1a: Garganacl|48/100
|-unboost|p1a: Garganacl|def|1
|cant|p1a: Garganacl|flinch
|
|upkeep
|turn|37
|
|t:|1685848539
|move|p2a: Decidueye|Triple Arrows|p1a: Garganacl
|-damage|p1a: Garganacl|17/100
|-unboost|p1a: Garganacl|def|1
|move|p1a: Garganacl|Recover|p1a: Garganacl
|-heal|p1a: Garganacl|67/100
|
|upkeep
|turn|38
|
|t:|1685848548
|switch|p1a: Gholdengo|Gholdengo|100/100
|-damage|p1a: Gholdengo|94/100|[from] Stealth Rock
|-item|p1a: Gholdengo|Air Balloon
|move|p2a: Decidueye|Triple Arrows|p1a: Gholdengo
|-supereffective|p1a: Gholdengo
|-damage|p1a: Gholdengo|37/100
|-unboost|p1a: Gholdengo|def|1
|-enditem|p1a: Gholdengo|Air Balloon
|
|upkeep
|turn|39
|inactive|ianlazerbeem has 270 seconds left.
|
|t:|1685848574
|move|p2a: Decidueye|Triple Arrows|p1a: Gholdengo
|-supereffective|p1a: Gholdengo
|-damage|p1a: Gholdengo|0 fnt
|faint|p1a: Gholdengo
|
|upkeep
|inactive|ianlazerbeem has 270 seconds left.
|
|t:|1685848583
|switch|p1a: Landorus|Landorus-Therian, M|37/100
|-damage|p1a: Landorus|25/100|[from] Stealth Rock
|-ability|p1a: Landorus|Intimidate|boost
|-fail|p2a: Decidueye|unboost|Attack|[from] ability: Scrappy|[of] p2a: Decidueye
|turn|40
|
|t:|1685848591
|move|p2a: Decidueye|Triple Arrows|p1a: Landorus
|-resisted|p1a: Landorus
|-damage|p1a: Landorus|10/100
|-unboost|p1a: Landorus|def|1
|cant|p1a: Landorus|flinch
|
|upkeep
|turn|41
|inactive|ianlazerbeem has 270 seconds left.
|
|t:|1685848616
|move|p2a: Decidueye|Triple Arrows|p1a: Landorus
|-resisted|p1a: Landorus
|-damage|p1a: Landorus|0 fnt
|faint|p1a: Landorus
|
|upkeep
|
|t:|1685848625
|switch|p1a: Magearna|Magearna|62/100
|-damage|p1a: Magearna|56/100|[from] Stealth Rock
|turn|42
|
|t:|1685848629
|move|p2a: Decidueye|Triple Arrows|p1a: Magearna
|-damage|p1a: Magearna|25/100
|move|p1a: Magearna|Fleur Cannon|p2a: Decidueye
|-supereffective|p2a: Decidueye
|-crit|p2a: Decidueye
|-damage|p2a: Decidueye|0 fnt
|-unboost|p1a: Magearna|spa|2
|faint|p2a: Decidueye
|-ability|p1a: Magearna|Soul-Heart|boost
|-boost|p1a: Magearna|spa|1
|
|-heal|p1a: Magearna|32/100|[from] item: Leftovers
|upkeep
|
|t:|1685848636
|switch|p2a: Kingambit|Kingambit, F|100/100
|-damage|p2a: Kingambit|75/100|[from] Spikes
|-activate|p2a: Kingambit|ability: Supreme Overlord
|-start|p2a: Kingambit|fallen4|[silent]
|turn|43
|
|t:|1685848652
|move|p1a: Magearna|Fleur Cannon|p2a: Kingambit
|-damage|p2a: Kingambit|30/100
|-unboost|p1a: Magearna|spa|2
|move|p2a: Kingambit|Iron Head|p1a: Magearna
|-damage|p1a: Magearna|0 fnt
|faint|p1a: Magearna
|
|-heal|p2a: Kingambit|36/100|[from] item: Leftovers
|upkeep
|inactive|ianlazerbeem has 270 seconds left.
|
|t:|1685848663
|switch|p1a: Garganacl|Garganacl, M, tera:Water|67/100
|-damage|p1a: Garganacl|54/100|[from] Stealth Rock
|turn|44
|
|t:|1685848667
|move|p1a: Garganacl|Salt Cure|p2a: Kingambit
|-resisted|p2a: Kingambit
|-damage|p2a: Kingambit|31/100
|-start|p2a: Kingambit|Salt Cure
|move|p2a: Kingambit|Kowtow Cleave|p1a: Garganacl
|-damage|p1a: Garganacl|16/100
|
|-heal|p2a: Kingambit|37/100|[from] item: Leftovers
|-damage|p2a: Kingambit|12/100|[from] Salt Cure
|upkeep
|turn|45
|
|t:|1685848682
|switch|p1a: Urshifu|Urshifu-Rapid-Strike, M|58/100 psn
|-damage|p1a: Urshifu|52/100 psn|[from] Stealth Rock
|move|p2a: Kingambit|Kowtow Cleave|p1a: Urshifu
|-resisted|p1a: Urshifu
|-damage|p1a: Urshifu|16/100 psn
|
|-heal|p2a: Kingambit|19/100|[from] item: Leftovers
|-damage|p1a: Urshifu|4/100 psn|[from] psn
|-damage|p2a: Kingambit|0 fnt|[from] Salt Cure
|faint|p2a: Kingambit
|-end|p2a: Kingambit|fallen4|[silent]
|upkeep
|
|t:|1685848688
|switch|p2a: Clodsire|Clodsire, F, tera:Water|45/100 brn
|-damage|p2a: Clodsire|20/100 brn|[from] Spikes
|turn|46
|
|t:|1685848703
|move|p1a: Urshifu|Close Combat|p2a: Clodsire
|-damage|p2a: Clodsire|0 fnt
|-unboost|p1a: Urshifu|def|1
|-unboost|p1a: Urshifu|spd|1
|faint|p2a: Clodsire
|
|win|ianlazerbeem
|c|☆afrikkineeveetiktk|gg
