|j|☆8Akkadian8
|j|☆Capt Qwark
|t:|1685889756
|gametype|singles
|player|p1|8Akkadian8|veteran|1628
|player|p2|Capt Qwark|swimmerf-gen6|1693
|teamsize|p1|6
|teamsize|p2|6
|gen|9
|tier|[Gen 9] OU
|rated|
|rule|Sleep Clause Mod: Limit one foe put to sleep
|rule|Species Clause: Limit one of each Pokémon
|rule|OHKO Clause: OHKO moves are banned
|rule|Evasion Items Clause: Evasion items are banned
|rule|Evasion Moves Clause: Evasion moves are banned
|rule|Endless Battle Clause: Forcing endless battles is banned
|rule|HP Percentage Mod: HP is shown in percentages
|clearpoke
|poke|p1|Iron Valiant|
|poke|p1|Amoonguss, M|
|poke|p1|Corviknight, M|
|poke|p1|Skeledirge, M|
|poke|p1|Chien-Pao|
|poke|p1|Ting-Lu|
|poke|p2|Samurott-Hisui, F|
|poke|p2|Garganacl, F|
|poke|p2|Skeledirge, M|
|poke|p2|Houndstone, F|
|poke|p2|Slither Wing|
|poke|p2|Sandy Shocks|
|teampreview
|inactive|Battle timer is ON: inactive players will automatically lose when time's up. (requested by 8Akkadian8)
|
|t:|1685889780
|start
|switch|p1a: Amoonguss|Amoonguss, M|100/100
|switch|p2a: Samurott|Samurott-Hisui, F|100/100
|turn|1
|
|t:|1685889790
|switch|p2a: Garganacl|Garganacl, F|100/100
|move|p1a: Amoonguss|Giga Drain|p2a: Garganacl
|-supereffective|p2a: Garganacl
|-crit|p2a: Garganacl
|-damage|p2a: Garganacl|53/100
|
|-heal|p2a: Garganacl|59/100|[from] item: Leftovers
|upkeep
|turn|2
|
|t:|1685889798
|move|p2a: Garganacl|Recover|p2a: Garganacl
|-heal|p2a: Garganacl|100/100
|move|p1a: Amoonguss|Giga Drain|p2a: Garganacl
|-supereffective|p2a: Garganacl
|-damage|p2a: Garganacl|70/100
|
|-heal|p2a: Garganacl|76/100|[from] item: Leftovers
|upkeep
|turn|3
|
|t:|1685889803
|move|p2a: Garganacl|Salt Cure|p1a: Amoonguss
|-damage|p1a: Amoonguss|89/100
|-start|p1a: Amoonguss|Salt Cure
|move|p1a: Amoonguss|Giga Drain|p2a: Garganacl
|-supereffective|p2a: Garganacl
|-damage|p2a: Garganacl|47/100
|-heal|p1a: Amoonguss|100/100|[from] drain|[of] p2a: Garganacl
|
|-heal|p2a: Garganacl|53/100|[from] item: Leftovers
|-damage|p1a: Amoonguss|88/100|[from] Salt Cure
|upkeep
|turn|4
|
|t:|1685889821
|switch|p1a: Iron Valiant|Iron Valiant|100/100
|move|p2a: Garganacl|Stealth Rock|p1a: Iron Valiant
|-sidestart|p1: 8Akkadian8|move: Stealth Rock
|
|-heal|p2a: Garganacl|59/100|[from] item: Leftovers
|upkeep
|turn|5
|
|t:|1685889834
|switch|p2a: Skeledirge|Skeledirge, M|100/100
|move|p1a: Iron Valiant|Aura Sphere|p2a: Skeledirge
|-immune|p2a: Skeledirge
|
|upkeep
|turn|6
|
|t:|1685889843
|-end|p1a: Iron Valiant|Quark Drive|[silent]
|switch|p1a: Ting-Lu|Ting-Lu|100/100
|-damage|p1a: Ting-Lu|94/100|[from] Stealth Rock
|-ability|p1a: Ting-Lu|Vessel of Ruin
|move|p2a: Skeledirge|Torch Song|p1a: Ting-Lu
|-damage|p1a: Ting-Lu|82/100
|-boost|p2a: Skeledirge|spa|1
|
|-heal|p1a: Ting-Lu|88/100|[from] item: Leftovers
|upkeep
|turn|7
|
|t:|1685889854
|move|p2a: Skeledirge|Will-O-Wisp|p1a: Ting-Lu
|-status|p1a: Ting-Lu|brn
|move|p1a: Ting-Lu|Stealth Rock|p2a: Skeledirge
|-sidestart|p2: Capt Qwark|move: Stealth Rock
|
|-heal|p1a: Ting-Lu|94/100 brn|[from] item: Leftovers
|-damage|p1a: Ting-Lu|88/100 brn|[from] brn
|upkeep
|turn|8
|
|t:|1685889859
|move|p2a: Skeledirge|Torch Song|p1a: Ting-Lu
|-damage|p1a: Ting-Lu|70/100 brn
|-boost|p2a: Skeledirge|spa|1
|move|p1a: Ting-Lu|Whirlwind|p2a: Skeledirge
|drag|p2a: Samurott|Samurott-Hisui, F|100/100
|-damage|p2a: Samurott|88/100|[from] Stealth Rock
|
|-heal|p1a: Ting-Lu|76/100 brn|[from] item: Leftovers
|-damage|p1a: Ting-Lu|70/100 brn|[from] brn
|upkeep
|turn|9
|
|t:|1685889867
|switch|p1a: Amoonguss|Amoonguss, M|100/100
|-damage|p1a: Amoonguss|88/100|[from] Stealth Rock
|move|p2a: Samurott|Ceaseless Edge|p1a: Amoonguss
|-damage|p1a: Amoonguss|37/100
|-sidestart|p1: 8Akkadian8|Spikes
|-damage|p2a: Samurott|72/100|[from] item: Rocky Helmet|[of] p1a: Amoonguss
|
|upkeep
|turn|10
|
|t:|1685889888
|switch|p1a: Iron Valiant|Iron Valiant|100/100
|-damage|p1a: Iron Valiant|94/100|[from] Stealth Rock
|-damage|p1a: Iron Valiant|82/100|[from] Spikes
|move|p2a: Samurott|Ceaseless Edge|p1a: Iron Valiant
|-resisted|p1a: Iron Valiant
|-damage|p1a: Iron Valiant|61/100
|-sidestart|p1: 8Akkadian8|Spikes
|
|upkeep
|turn|11
|
|t:|1685889901
|switch|p2a: Skeledirge|Skeledirge, M|100/100
|move|p1a: Iron Valiant|Shadow Ball|p2a: Skeledirge
|-supereffective|p2a: Skeledirge
|-damage|p2a: Skeledirge|47/100
|
|upkeep
|turn|12
|
|t:|1685889909
|-end|p1a: Iron Valiant|Quark Drive|[silent]
|switch|p1a: Corviknight|Corviknight, M|100/100
|-damage|p1a: Corviknight|88/100|[from] Stealth Rock
|-ability|p1a: Corviknight|Pressure
|switch|p2a: Garganacl|Garganacl, F|59/100
|-damage|p2a: Garganacl|47/100|[from] Stealth Rock
|
|-heal|p1a: Corviknight|94/100|[from] item: Leftovers
|-heal|p2a: Garganacl|53/100|[from] item: Leftovers
|upkeep
|turn|13
|
|t:|1685889912
|move|p1a: Corviknight|Defog|p2a: Garganacl
|-unboost|p2a: Garganacl|evasion|1
|-sideend|p2: Capt Qwark|Stealth Rock|[from] move: Defog|[of] p1a: Corviknight
|-sideend|p1: 8Akkadian8|Spikes|[from] move: Defog|[of] p1a: Corviknight
|-sideend|p1: 8Akkadian8|Stealth Rock|[from] move: Defog|[of] p1a: Corviknight
|move|p2a: Garganacl|Salt Cure|p1a: Corviknight
|-damage|p1a: Corviknight|85/100
|-start|p1a: Corviknight|Salt Cure
|
|-heal|p1a: Corviknight|91/100|[from] item: Leftovers
|-heal|p2a: Garganacl|59/100|[from] item: Leftovers
|-damage|p1a: Corviknight|66/100|[from] Salt Cure
|upkeep
|turn|14
|
|t:|1685889915
|move|p1a: Corviknight|U-turn|p2a: Garganacl
|-damage|p2a: Garganacl|49/100
|
|t:|1685889937
|switch|p1a: Amoonguss|Amoonguss, M|71/100|[from] U-turn
|move|p2a: Garganacl|Stealth Rock|p1a: Amoonguss
|-sidestart|p1: 8Akkadian8|move: Stealth Rock
|
|-heal|p2a: Garganacl|55/100|[from] item: Leftovers
|upkeep
|turn|15
|
|t:|1685889954
|switch|p1a: Corviknight|Corviknight, M|66/100
|-damage|p1a: Corviknight|54/100|[from] Stealth Rock
|-ability|p1a: Corviknight|Pressure
|move|p2a: Garganacl|Salt Cure|p1a: Corviknight
|-damage|p1a: Corviknight|45/100
|-start|p1a: Corviknight|Salt Cure
|
|-heal|p1a: Corviknight|51/100|[from] item: Leftovers
|-heal|p2a: Garganacl|61/100|[from] item: Leftovers
|-damage|p1a: Corviknight|26/100|[from] Salt Cure
|upkeep
|turn|16
|j| Ran Kob
|
|t:|1685889958
|move|p1a: Corviknight|Roost|p1a: Corviknight
|-heal|p1a: Corviknight|76/100
|-singleturn|p1a: Corviknight|move: Roost
|move|p2a: Garganacl|Earthquake|p1a: Corviknight
|-supereffective|p1a: Corviknight
|-crit|p1a: Corviknight
|-damage|p1a: Corviknight|35/100
|
|-heal|p1a: Corviknight|41/100|[from] item: Leftovers
|-heal|p2a: Garganacl|68/100|[from] item: Leftovers
|-damage|p1a: Corviknight|16/100|[from] Salt Cure
|upkeep
|turn|17
|
|t:|1685889970
|move|p1a: Corviknight|Roost|p1a: Corviknight
|-heal|p1a: Corviknight|66/100
|-singleturn|p1a: Corviknight|move: Roost
|move|p2a: Garganacl|Earthquake|p1a: Corviknight
|-supereffective|p1a: Corviknight
|-damage|p1a: Corviknight|39/100
|
|-heal|p1a: Corviknight|45/100|[from] item: Leftovers
|-heal|p2a: Garganacl|74/100|[from] item: Leftovers
|-damage|p1a: Corviknight|20/100|[from] Salt Cure
|upkeep
|turn|18
|
|t:|1685889981
|move|p1a: Corviknight|U-turn|p2a: Garganacl
|-damage|p2a: Garganacl|64/100
|
|t:|1685889987
|switch|p1a: Amoonguss|Amoonguss, M|100/100|[from] U-turn
|-damage|p1a: Amoonguss|88/100|[from] Stealth Rock
|move|p2a: Garganacl|Earthquake|p1a: Amoonguss
|-damage|p1a: Amoonguss|69/100
|
|-heal|p2a: Garganacl|70/100|[from] item: Leftovers
|upkeep
|turn|19
|
|t:|1685889997
|move|p2a: Garganacl|Salt Cure|p1a: Amoonguss
|-damage|p1a: Amoonguss|58/100
|-start|p1a: Amoonguss|Salt Cure
|move|p1a: Amoonguss|Giga Drain|p2a: Garganacl
|-supereffective|p2a: Garganacl
|-damage|p2a: Garganacl|38/100
|-heal|p1a: Amoonguss|73/100|[from] drain|[of] p2a: Garganacl
|
|-heal|p2a: Garganacl|44/100|[from] item: Leftovers
|-damage|p1a: Amoonguss|61/100|[from] Salt Cure
|upkeep
|turn|20
|
|t:|1685890003
|switch|p1a: Iron Valiant|Iron Valiant|61/100
|-damage|p1a: Iron Valiant|55/100|[from] Stealth Rock
|move|p2a: Garganacl|Recover|p2a: Garganacl
|-heal|p2a: Garganacl|94/100
|
|-heal|p2a: Garganacl|99/100|[from] item: Leftovers
|upkeep
|turn|21
|
|t:|1685890012
|switch|p2a: Houndstone|Houndstone, F|100/100
|-terastallize|p1a: Iron Valiant|Fairy
|move|p1a: Iron Valiant|Moonblast|p2a: Houndstone
|-damage|p2a: Houndstone|9/100
|-unboost|p2a: Houndstone|spa|1
|
|upkeep
|turn|22
|
|t:|1685890026
|move|p1a: Iron Valiant|Moonblast|p2a: Houndstone
|-damage|p2a: Houndstone|0 fnt
|faint|p2a: Houndstone
|
|upkeep
|
|t:|1685890045
|switch|p2a: Skeledirge|Skeledirge, M|47/100
|turn|23
|inactive|8Akkadian8 has 120 seconds left.
|
|t:|1685890082
|-end|p1a: Iron Valiant|Quark Drive|[silent]
|switch|p1a: Chien-Pao|Chien-Pao|100/100
|-damage|p1a: Chien-Pao|76/100|[from] Stealth Rock
|-ability|p1a: Chien-Pao|Sword of Ruin
|move|p2a: Skeledirge|Slack Off|p2a: Skeledirge
|-heal|p2a: Skeledirge|98/100
|
|upkeep
|turn|24
|inactive|8Akkadian8 has 120 seconds left.
|
|t:|1685890091
|switch|p2a: Slither Wing|Slither Wing|100/100
|move|p1a: Chien-Pao|Crunch|p2a: Slither Wing
|-resisted|p2a: Slither Wing
|-damage|p2a: Slither Wing|64/100
|-unboost|p2a: Slither Wing|def|1
|
|-heal|p2a: Slither Wing|70/100|[from] item: Leftovers
|upkeep
|turn|25
|
|t:|1685890101
|switch|p1a: Amoonguss|Amoonguss, M|94/100
|-damage|p1a: Amoonguss|82/100|[from] Stealth Rock
|move|p2a: Slither Wing|First Impression|p1a: Amoonguss
|-damage|p1a: Amoonguss|55/100
|-damage|p2a: Slither Wing|54/100|[from] item: Rocky Helmet|[of] p1a: Amoonguss
|
|-heal|p2a: Slither Wing|60/100|[from] item: Leftovers
|upkeep
|turn|26
|
|t:|1685890117
|-end|p2a: Slither Wing|Protosynthesis|[silent]
|switch|p2a: Garganacl|Garganacl, F|99/100
|switch|p1a: Iron Valiant|Iron Valiant, tera:Fairy|55/100
|-damage|p1a: Iron Valiant|42/100|[from] Stealth Rock
|
|-heal|p2a: Garganacl|100/100|[from] item: Leftovers
|upkeep
|turn|27
|
|t:|1685890129
|move|p1a: Iron Valiant|Moonblast|p2a: Garganacl
|-damage|p2a: Garganacl|35/100
|move|p2a: Garganacl|Salt Cure|p1a: Iron Valiant
|-damage|p1a: Iron Valiant|26/100
|-start|p1a: Iron Valiant|Salt Cure
|
|-heal|p2a: Garganacl|41/100|[from] item: Leftovers
|-damage|p1a: Iron Valiant|13/100|[from] Salt Cure
|upkeep
|turn|28
|
|t:|1685890138
|switch|p2a: Skeledirge|Skeledirge, M|98/100
|move|p1a: Iron Valiant|Moonblast|p2a: Skeledirge
|-resisted|p2a: Skeledirge
|-damage|p2a: Skeledirge|65/100
|
|-damage|p1a: Iron Valiant|1/100|[from] Salt Cure
|upkeep
|turn|29
|
|t:|1685890149
|move|p1a: Iron Valiant|Moonblast|p2a: Skeledirge
|-resisted|p2a: Skeledirge
|-damage|p2a: Skeledirge|30/100
|move|p2a: Skeledirge|Slack Off|p2a: Skeledirge
|-heal|p2a: Skeledirge|80/100
|
|-damage|p1a: Iron Valiant|0 fnt|[from] Salt Cure
|faint|p1a: Iron Valiant
|-end|p1a: Iron Valiant|Quark Drive|[silent]
|upkeep
|
|t:|1685890155
|switch|p1a: Skeledirge|Skeledirge, M|100/100
|turn|30
|inactive|Capt Qwark has 120 seconds left.
|inactive|Capt Qwark has 90 seconds left.
|
|t:|1685890218
|-terastallize|p2a: Skeledirge|Fairy
|move|p1a: Skeledirge|Hex|p2a: Skeledirge
|-damage|p2a: Skeledirge|63/100
|move|p2a: Skeledirge|Hex|p1a: Skeledirge
|-supereffective|p1a: Skeledirge
|-damage|p1a: Skeledirge|62/100
|
|upkeep
|turn|31
|
|t:|1685890234
|move|p1a: Skeledirge|Slack Off|p1a: Skeledirge
|-heal|p1a: Skeledirge|100/100
|move|p2a: Skeledirge|Hex|p1a: Skeledirge
|-supereffective|p1a: Skeledirge
|-damage|p1a: Skeledirge|63/100
|
|upkeep
|turn|32
|
|t:|1685890237
|move|p1a: Skeledirge|Will-O-Wisp|p2a: Skeledirge
|-status|p2a: Skeledirge|brn
|move|p2a: Skeledirge|Hex|p1a: Skeledirge
|-supereffective|p1a: Skeledirge
|-crit|p1a: Skeledirge
|-damage|p1a: Skeledirge|0 fnt
|faint|p1a: Skeledirge
|
|-damage|p2a: Skeledirge|57/100 brn|[from] brn
|upkeep
|inactive|8Akkadian8 has 120 seconds left.
|inactive|8Akkadian8 has 90 seconds left.
|
|t:|1685890298
|switch|p1a: Chien-Pao|Chien-Pao|76/100
|-damage|p1a: Chien-Pao|51/100|[from] Stealth Rock
|-ability|p1a: Chien-Pao|Sword of Ruin
|turn|33
|inactive|8Akkadian8 has 90 seconds left.
|
|t:|1685890313
|switch|p2a: Slither Wing|Slither Wing|60/100
|move|p1a: Chien-Pao|Icicle Crash|p2a: Slither Wing
|-damage|p2a: Slither Wing|0 fnt
|faint|p2a: Slither Wing
|-end|p2a: Slither Wing|Protosynthesis|[silent]
|
|upkeep
|
|t:|1685890323
|switch|p2a: Samurott|Samurott-Hisui, F|72/100
|turn|34
|
|t:|1685890332
|switch|p1a: Amoonguss|Amoonguss, M|88/100
|-damage|p1a: Amoonguss|76/100|[from] Stealth Rock
|move|p2a: Samurott|Ceaseless Edge|p1a: Amoonguss
|-damage|p1a: Amoonguss|29/100
|-sidestart|p1: 8Akkadian8|Spikes
|-damage|p2a: Samurott|55/100|[from] item: Rocky Helmet|[of] p1a: Amoonguss
|
|upkeep
|turn|35
|inactive|Capt Qwark has 120 seconds left.
|
|t:|1685890338
|move|p2a: Samurott|Ceaseless Edge|p1a: Amoonguss
|-damage|p1a: Amoonguss|0 fnt
|-sidestart|p1: 8Akkadian8|Spikes
|-damage|p2a: Samurott|39/100|[from] item: Rocky Helmet|[of] p1a: Amoonguss
|faint|p1a: Amoonguss
|
|upkeep
|inactive|8Akkadian8 has 90 seconds left.
|
|t:|1685890368
|switch|p1a: Chien-Pao|Chien-Pao|51/100
|-damage|p1a: Chien-Pao|26/100|[from] Stealth Rock
|-damage|p1a: Chien-Pao|9/100|[from] Spikes
|-ability|p1a: Chien-Pao|Sword of Ruin
|turn|36
|inactive|Capt Qwark has 120 seconds left.
|
|t:|1685890401
|switch|p2a: Garganacl|Garganacl, F|41/100
|move|p1a: Chien-Pao|Icicle Crash|p2a: Garganacl
|-damage|p2a: Garganacl|0 fnt
|faint|p2a: Garganacl
|
|upkeep
|
|t:|1685890418
|switch|p2a: Samurott|Samurott-Hisui, F|39/100
|turn|37
|-message|8Akkadian8 forfeited.
|
|win|Capt Qwark
|raw|8Akkadian8's rating: 1628 → 1612(-16 for losing)
|raw|Capt Qwark's rating: 1693 → 1709(+16 for winning)
|l|☆8Akkadian8
