|j|☆un-nefarious
|j|☆ctrlxxx
|t:|1685865586
|gametype|singles
|player|p1|un-nefarious|265|1478
|player|p2|ctrlxxx|265|1513
|teamsize|p1|6
|teamsize|p2|6
|gen|9
|tier|[Gen 9] OU
|rated|
|rule|Sleep Clause Mod: Limit one foe put to sleep
|rule|Species Clause: Limit one of each Pokémon
|rule|OHKO Clause: OHKO moves are banned
|rule|Evasion Items Clause: Evasion items are banned
|rule|Evasion Moves Clause: Evasion moves are banned
|rule|Endless Battle Clause: Forcing endless battles is banned
|rule|HP Percentage Mod: HP is shown in percentages
|clearpoke
|poke|p1|Grimmsnarl, M|
|poke|p1|Magearna|
|poke|p1|Chien-Pao|
|poke|p1|Corviknight, M|
|poke|p1|Zamazenta-*|
|poke|p1|Braviary-Hisui, M|
|poke|p2|Zoroark-Hisui, M|
|poke|p2|Zapdos|
|poke|p2|Sneasler, M|
|poke|p2|Enamorus, F|
|poke|p2|Chien-Pao|
|poke|p2|Rotom-Wash|
|teampreview
|inactive|Battle timer is ON: inactive players will automatically lose when time's up. (requested by un-nefarious)
|
|t:|1685865604
|start
|switch|p1a: Grimmsnarl|Grimmsnarl, M|100/100
|switch|p2a: Sneasler|Sneasler, M|100/100
|-item|p2a: Sneasler|Air Balloon
|turn|1
|
|t:|1685865612
|move|p2a: Sneasler|Fake Out|p1a: Grimmsnarl
|-damage|p1a: Grimmsnarl|83/100
|cant|p1a: Grimmsnarl|flinch
|
|upkeep
|turn|2
|
|t:|1685865615
|move|p1a: Grimmsnarl|Reflect|p1a: Grimmsnarl
|-sidestart|p1: un-nefarious|Reflect
|move|p2a: Sneasler|Dire Claw|p1a: Grimmsnarl
|-supereffective|p1a: Grimmsnarl
|-damage|p1a: Grimmsnarl|36/100
|-status|p1a: Grimmsnarl|par
|
|upkeep
|turn|3
|
|t:|1685865621
|move|p1a: Grimmsnarl|Parting Shot|p2a: Sneasler
|-unboost|p2a: Sneasler|atk|1
|-unboost|p2a: Sneasler|spa|1
|
|t:|1685865623
|switch|p1a: Magearna|Magearna|100/100|[from] Parting Shot
|move|p2a: Sneasler|U-turn|p1a: Magearna
|-resisted|p1a: Magearna
|-damage|p1a: Magearna|99/100
|
|t:|1685865635
|switch|p2a: Chien-Pao|Chien-Pao|100/100|[from] U-turn
|
|-heal|p1a: Magearna|100/100|[from] item: Leftovers
|upkeep
|turn|4
|
|t:|1685865644
|move|p2a: Chien-Pao|Flamethrower|p1a: Magearna
|-supereffective|p1a: Magearna
|-damage|p1a: Magearna|52/100
|move|p1a: Magearna|Iron Defense|p1a: Magearna
|-boost|p1a: Magearna|def|2
|
|-heal|p1a: Magearna|58/100|[from] item: Leftovers
|upkeep
|turn|5
|
|t:|1685865651
|-terastallize|p1a: Magearna|Water
|move|p2a: Chien-Pao|Flamethrower|p1a: Magearna
|-resisted|p1a: Magearna
|-damage|p1a: Magearna|44/100
|-status|p1a: Magearna|brn
|move|p1a: Magearna|Calm Mind|p1a: Magearna
|-boost|p1a: Magearna|spa|1
|-boost|p1a: Magearna|spd|1
|
|-heal|p1a: Magearna|50/100 brn|[from] item: Leftovers
|-damage|p1a: Magearna|44/100 brn|[from] brn
|upkeep
|turn|6
|
|t:|1685865659
|move|p2a: Chien-Pao|Hex|p1a: Magearna
|-damage|p1a: Magearna|10/100 brn
|move|p1a: Magearna|Draining Kiss|p2a: Chien-Pao
|-damage|p2a: Chien-Pao|6/100
|-heal|p1a: Magearna|58/100 brn|[from] drain|[of] p2a: Chien-Pao
|replace|p2a: Zoroark|Zoroark-Hisui, M
|-end|p2a: Zoroark|Illusion
|
|-heal|p1a: Magearna|65/100 brn|[from] item: Leftovers
|-damage|p1a: Magearna|58/100 brn|[from] brn
|upkeep
|turn|7
|
|t:|1685865664
|move|p2a: Zoroark|Hex|p1a: Magearna
|-damage|p1a: Magearna|22/100 brn
|move|p1a: Magearna|Draining Kiss|p2a: Zoroark
|-damage|p2a: Zoroark|0 fnt
|-heal|p1a: Magearna|25/100 brn|[from] drain|[of] p2a: Zoroark
|faint|p2a: Zoroark
|-ability|p1a: Magearna|Soul-Heart|boost
|-boost|p1a: Magearna|spa|1
|
|-heal|p1a: Magearna|31/100 brn|[from] item: Leftovers
|-damage|p1a: Magearna|25/100 brn|[from] brn
|upkeep
|
|t:|1685865669
|switch|p2a: Zapdos|Zapdos|100/100
|turn|8
|
|t:|1685865680
|move|p2a: Zapdos|Discharge|p1a: Magearna
|-supereffective|p1a: Magearna
|-damage|p1a: Magearna|0 fnt
|faint|p1a: Magearna
|
|upkeep
|
|t:|1685865685
|switch|p1a: Chien-Pao|Chien-Pao|100/100
|-ability|p1a: Chien-Pao|Sword of Ruin
|turn|9
|
|t:|1685865691
|-terastallize|p2a: Zapdos|Electric
|move|p1a: Chien-Pao|Ice Spinner|p2a: Zapdos
|-damage|p2a: Zapdos|41/100
|-status|p1a: Chien-Pao|par|[from] ability: Static|[of] p2a: Zapdos
|move|p2a: Zapdos|Discharge|p1a: Chien-Pao
|-damage|p1a: Chien-Pao|35/100 par
|
|-sideend|p1: un-nefarious|Reflect
|upkeep
|turn|10
|
|t:|1685865698
|move|p2a: Zapdos|Discharge|p1a: Chien-Pao
|-damage|p1a: Chien-Pao|0 fnt
|faint|p1a: Chien-Pao
|
|upkeep
|
|t:|1685865704
|switch|p1a: Grimmsnarl|Grimmsnarl, M|36/100 par
|turn|11
|
|t:|1685865707
|move|p1a: Grimmsnarl|Light Screen|p1a: Grimmsnarl
|-sidestart|p1: un-nefarious|move: Light Screen
|move|p2a: Zapdos|Roost|p2a: Zapdos
|-heal|p2a: Zapdos|91/100
|
|upkeep
|turn|12
|
|t:|1685865716
|move|p1a: Grimmsnarl|Reflect|p1a: Grimmsnarl
|-sidestart|p1: un-nefarious|Reflect
|move|p2a: Zapdos|Discharge|p1a: Grimmsnarl
|-damage|p1a: Grimmsnarl|18/100 par
|
|upkeep
|turn|13
|
|t:|1685865720
|move|p1a: Grimmsnarl|Taunt|p2a: Zapdos
|-start|p2a: Zapdos|move: Taunt
|move|p2a: Zapdos|Discharge|p1a: Grimmsnarl
|-damage|p1a: Grimmsnarl|1/100 par
|
|upkeep
|turn|14
|
|t:|1685865728
|switch|p2a: Chien-Pao|Chien-Pao|100/100
|-ability|p2a: Chien-Pao|Sword of Ruin
|cant|p1a: Grimmsnarl|par
|
|upkeep
|turn|15
|
|t:|1685865736
|switch|p2a: Zapdos|Zapdos, tera:Electric|91/100
|switch|p1a: Corviknight|Corviknight, M|100/100
|-ability|p1a: Corviknight|Pressure
|
|upkeep
|turn|16
|
|t:|1685865739
|move|p2a: Zapdos|Discharge|p1a: Corviknight
|-supereffective|p1a: Corviknight
|-damage|p1a: Corviknight|54/100
|move|p1a: Corviknight|U-turn|p2a: Zapdos
|-crit|p2a: Zapdos
|-damage|p2a: Zapdos|74/100
|
|t:|1685865747
|switch|p1a: Braviary|Braviary-Hisui, M|100/100|[from] U-turn
|
|upkeep
|turn|17
|
|t:|1685865749
|move|p2a: Zapdos|Discharge|p1a: Braviary
|-supereffective|p1a: Braviary
|-damage|p1a: Braviary|52/100
|move|p1a: Braviary|Calm Mind|p1a: Braviary
|-boost|p1a: Braviary|spa|1
|-boost|p1a: Braviary|spd|1
|
|-heal|p1a: Braviary|59/100|[from] item: Leftovers
|upkeep
|turn|18
|
|t:|1685865755
|move|p2a: Zapdos|Discharge|p1a: Braviary
|-supereffective|p1a: Braviary
|-damage|p1a: Braviary|29/100
|move|p1a: Braviary|Esper Wing|p2a: Zapdos
|-damage|p2a: Zapdos|29/100
|-boost|p1a: Braviary|spe|1
|
|-heal|p1a: Braviary|35/100|[from] item: Leftovers
|-sideend|p1: un-nefarious|move: Light Screen
|upkeep
|turn|19
|
|t:|1685865769
|move|p1a: Braviary|Esper Wing|p2a: Zapdos
|-crit|p2a: Zapdos
|-damage|p2a: Zapdos|0 fnt
|-boost|p1a: Braviary|spe|1
|faint|p2a: Zapdos
|
|-heal|p1a: Braviary|41/100|[from] item: Leftovers
|-sideend|p1: un-nefarious|Reflect
|upkeep
|
|t:|1685865786
|switch|p2a: Chien-Pao|Chien-Pao|100/100
|-ability|p2a: Chien-Pao|Sword of Ruin
|turn|20
|
|t:|1685865789
|move|p2a: Chien-Pao|Ice Shard|p1a: Braviary
|-supereffective|p1a: Braviary
|-damage|p1a: Braviary|0 fnt
|faint|p1a: Braviary
|
|upkeep
|
|t:|1685865791
|switch|p1a: Zamazenta|Zamazenta|100/100
|-ability|p1a: Zamazenta|Dauntless Shield|boost
|-boost|p1a: Zamazenta|def|1
|turn|21
|
|t:|1685865795
|switch|p2a: Rotom|Rotom-Wash|100/100
|move|p1a: Zamazenta|Stone Edge|p2a: Rotom
|-damage|p2a: Rotom|45/100
|
|-heal|p2a: Rotom|51/100|[from] item: Leftovers
|upkeep
|turn|22
|
|t:|1685865799
|switch|p1a: Corviknight|Corviknight, M|54/100
|-ability|p1a: Corviknight|Pressure
|move|p2a: Rotom|Will-O-Wisp|p1a: Corviknight
|-status|p1a: Corviknight|brn
|
|-heal|p2a: Rotom|57/100|[from] item: Leftovers
|-damage|p1a: Corviknight|48/100 brn|[from] brn
|upkeep
|turn|23
|
|t:|1685865804
|move|p2a: Rotom|Protect|p2a: Rotom
|-singleturn|p2a: Rotom|Protect
|move|p1a: Corviknight|U-turn|p2a: Rotom
|-activate|p2a: Rotom|move: Protect
|
|-heal|p2a: Rotom|63/100|[from] item: Leftovers
|-damage|p1a: Corviknight|42/100 brn|[from] brn
|upkeep
|turn|24
|
|t:|1685865807
|move|p2a: Rotom|Volt Switch|p1a: Corviknight
|-supereffective|p1a: Corviknight
|-damage|p1a: Corviknight|0 fnt
|faint|p1a: Corviknight
|
|t:|1685865813
|switch|p2a: Sneasler|Sneasler, M|100/100|[from] Volt Switch
|-item|p2a: Sneasler|Air Balloon
|
|upkeep
|
|t:|1685865817
|switch|p1a: Zamazenta|Zamazenta|100/100
|turn|25
|
|t:|1685865820
|move|p2a: Sneasler|Fake Out|p1a: Zamazenta
|-damage|p1a: Zamazenta|86/100
|cant|p1a: Zamazenta|flinch
|
|upkeep
|turn|26
|
|t:|1685865825
|move|p1a: Zamazenta|Psychic Fangs|p2a: Sneasler
|-supereffective|p2a: Sneasler
|-damage|p2a: Sneasler|0 fnt
|-enditem|p2a: Sneasler|Air Balloon
|faint|p2a: Sneasler
|
|upkeep
|
|t:|1685865836
|switch|p2a: Chien-Pao|Chien-Pao|100/100
|-ability|p2a: Chien-Pao|Sword of Ruin
|turn|27
|
|t:|1685865839
|switch|p1a: Grimmsnarl|Grimmsnarl, M|1/100 par
|move|p2a: Chien-Pao|Ice Spinner|p1a: Grimmsnarl
|-damage|p1a: Grimmsnarl|0 fnt
|faint|p1a: Grimmsnarl
|
|upkeep
|
|t:|1685865841
|switch|p1a: Zamazenta|Zamazenta|86/100
|turn|28
|
|t:|1685865842
|switch|p2a: Rotom|Rotom-Wash|63/100
|move|p1a: Zamazenta|Stone Edge|p2a: Rotom
|-damage|p2a: Rotom|14/100
|
|-heal|p2a: Rotom|20/100|[from] item: Leftovers
|upkeep
|turn|29
|
|t:|1685865847
|move|p2a: Rotom|Protect|p2a: Rotom
|-singleturn|p2a: Rotom|Protect
|move|p1a: Zamazenta|Stone Edge|p2a: Rotom
|-activate|p2a: Rotom|move: Protect
|
|-heal|p2a: Rotom|26/100|[from] item: Leftovers
|upkeep
|turn|30
|
|t:|1685865849
|move|p1a: Zamazenta|Stone Edge|p2a: Rotom
|-damage|p2a: Rotom|0 fnt
|faint|p2a: Rotom
|
|upkeep
|
|t:|1685865852
|switch|p2a: Enamorus|Enamorus, F|100/100
|turn|31
|
|t:|1685865855
|move|p2a: Enamorus|Moonblast|p1a: Zamazenta
|-supereffective|p1a: Zamazenta
|-damage|p1a: Zamazenta|0 fnt
|faint|p1a: Zamazenta
|
|win|ctrlxxx
|raw|un-nefarious's rating: 1478 → 1460(-18 for losing)
|raw|ctrlxxx's rating: 1513 → 1531(+18 for winning)
|l|☆un-nefarious
