|j|☆SlingShotWright
|j|☆Redshad
|t:|1685854906
|gametype|singles
|player|p1|SlingShotWright|swimmer|1398
|player|p2|Redshad|n|1300
|teamsize|p1|6
|teamsize|p2|6
|gen|9
|tier|[Gen 9] OU
|rated|
|rule|Sleep Clause Mod: Limit one foe put to sleep
|rule|Species Clause: Limit one of each Pokémon
|rule|OHKO Clause: OHKO moves are banned
|rule|Evasion Items Clause: Evasion items are banned
|rule|Evasion Moves Clause: Evasion moves are banned
|rule|Endless Battle Clause: Forcing endless battles is banned
|rule|HP Percentage Mod: HP is shown in percentages
|clearpoke
|poke|p1|Cresselia, F|
|poke|p1|Blissey, F|
|poke|p1|Clodsire, F|
|poke|p1|Tauros-Paldea-Aqua, M|
|poke|p1|Slowking-Galar, M|
|poke|p1|Alomomola, F|
|poke|p2|Zamazenta-*|
|poke|p2|Corviknight, F|
|poke|p2|Thundurus, M|
|poke|p2|Landorus-Therian, M|
|poke|p2|Urshifu-*, F|
|poke|p2|Chien-Pao|
|teampreview
|
|t:|1685854935
|start
|switch|p1a: Cresselia|Cresselia, F|100/100
|switch|p2a: Eleki at home|Thundurus, M|100/100
|turn|1
|
|t:|1685854942
|move|p2a: Eleki at home|Nasty Plot|p2a: Eleki at home
|-boost|p2a: Eleki at home|spa|2
|move|p1a: Cresselia|Psychic|p2a: Eleki at home
|-damage|p2a: Eleki at home|69/100
|
|upkeep
|turn|2
|
|t:|1685854950
|switch|p1a: Slowking|Slowking-Galar, M|100/100
|move|p2a: Eleki at home|Thunderbolt|p1a: Slowking
|-damage|p1a: Slowking|65/100
|-status|p1a: Slowking|par
|
|upkeep
|turn|3
|
|t:|1685854958
|switch|p1a: Clodsire|Clodsire, F|100/100
|move|p2a: Eleki at home|Thunderbolt|p1a: Clodsire
|-immune|p1a: Clodsire
|
|upkeep
|turn|4
|
|t:|1685854964
|-terastallize|p2a: Eleki at home|Ice
|move|p2a: Eleki at home|Tera Blast|p1a: Clodsire
|-supereffective|p1a: Clodsire
|-damage|p1a: Clodsire|54/100
|move|p1a: Clodsire|Toxic|p2a: Eleki at home
|-status|p2a: Eleki at home|tox
|
|-damage|p2a: Eleki at home|63/100 tox|[from] psn
|upkeep
|turn|5
|
|t:|1685854976
|switch|p2a: King of OU|Landorus-Therian, M|100/100
|-ability|p2a: King of OU|Intimidate|boost
|-unboost|p1a: Clodsire|atk|1
|move|p1a: Clodsire|Recover|p1a: Clodsire
|-heal|p1a: Clodsire|100/100
|
|upkeep
|turn|6
|
|t:|1685854986
|switch|p1a: Cresselia|Cresselia, F|100/100
|move|p2a: King of OU|Earthquake|p1a: Cresselia
|-immune|p1a: Cresselia|[from] ability: Levitate
|
|upkeep
|turn|7
|
|t:|1685854996
|move|p2a: King of OU|Stealth Rock|p1a: Cresselia
|-sidestart|p1: SlingShotWright|move: Stealth Rock
|move|p1a: Cresselia|Thunder Wave|p2a: King of OU
|-immune|p2a: King of OU
|
|upkeep
|turn|8
|
|t:|1685855002
|move|p2a: King of OU|U-turn|p1a: Cresselia
|-supereffective|p1a: Cresselia
|-damage|p1a: Cresselia|73/100
|
|t:|1685855005
|switch|p2a: Deffo Ubers|Chien-Pao|100/100|[from] U-turn
|-ability|p2a: Deffo Ubers|Sword of Ruin
|move|p1a: Cresselia|Psychic|p2a: Deffo Ubers
|-immune|p2a: Deffo Ubers
|
|-heal|p1a: Cresselia|80/100|[from] item: Leftovers
|upkeep
|turn|9
|
|t:|1685855018
|switch|p1a: Tauros|Tauros-Paldea-Aqua, M|100/100
|-ability|p1a: Tauros|Intimidate|boost
|-unboost|p2a: Deffo Ubers|atk|1
|move|p2a: Deffo Ubers|Crunch|p1a: Tauros
|-resisted|p1a: Tauros
|-damage|p1a: Tauros|87/100
|-unboost|p1a: Tauros|def|1
|
|upkeep
|turn|10
|
|t:|1685855041
|switch|p2a: Masaru|Urshifu-Rapid-Strike, F|100/100
|switch|p1a: Alomomola|Alomomola, F|100/100
|
|upkeep
|turn|11
|
|t:|1685855048
|move|p2a: Masaru|U-turn|p1a: Alomomola
|-damage|p1a: Alomomola|87/100
|
|t:|1685855052
|switch|p2a: Eleki at home|Thundurus, M, tera:Ice|63/100 tox|[from] U-turn
|move|p1a: Alomomola|Chilling Water|p2a: Eleki at home
|-damage|p2a: Eleki at home|52/100 tox
|-unboost|p2a: Eleki at home|atk|1
|
|-damage|p2a: Eleki at home|46/100 tox|[from] psn
|upkeep
|turn|12
|
|t:|1685855062
|switch|p1a: Slowking|Slowking-Galar, M|99/100 par
|-damage|p1a: Slowking|86/100 par|[from] Stealth Rock
|move|p2a: Eleki at home|Nasty Plot|p2a: Eleki at home
|-boost|p2a: Eleki at home|spa|2
|
|-damage|p2a: Eleki at home|34/100 tox|[from] psn
|upkeep
|turn|13
|
|t:|1685855076
|switch|p2a: Deffo Ubers|Chien-Pao|100/100
|-ability|p2a: Deffo Ubers|Sword of Ruin
|cant|p1a: Slowking|par
|
|upkeep
|turn|14
|
|t:|1685855086
|switch|p1a: Tauros|Tauros-Paldea-Aqua, M|87/100
|-ability|p1a: Tauros|Intimidate|boost
|-unboost|p2a: Deffo Ubers|atk|1
|move|p2a: Deffo Ubers|Crunch|p1a: Tauros
|-resisted|p1a: Tauros
|-damage|p1a: Tauros|72/100
|-unboost|p1a: Tauros|def|1
|
|upkeep
|turn|15
|
|t:|1685855096
|switch|p2a: Shield Boi|Zamazenta|100/100
|-ability|p2a: Shield Boi|Dauntless Shield|boost
|-boost|p2a: Shield Boi|def|1
|move|p1a: Tauros|Body Press|p2a: Shield Boi
|-damage|p2a: Shield Boi|88/100
|
|-heal|p2a: Shield Boi|94/100|[from] item: Leftovers
|upkeep
|turn|16
|
|t:|1685855108
|switch|p1a: Cresselia|Cresselia, F|80/100
|-damage|p1a: Cresselia|67/100|[from] Stealth Rock
|move|p2a: Shield Boi|Iron Defense|p2a: Shield Boi
|-boost|p2a: Shield Boi|def|2
|
|-heal|p2a: Shield Boi|99/100|[from] item: Leftovers
|-heal|p1a: Cresselia|73/100|[from] item: Leftovers
|upkeep
|turn|17
|
|t:|1685855119
|move|p2a: Shield Boi|Crunch|p1a: Cresselia
|-supereffective|p1a: Cresselia
|-damage|p1a: Cresselia|50/100
|move|p1a: Cresselia|Psychic|p2a: Shield Boi
|-supereffective|p2a: Shield Boi
|-damage|p2a: Shield Boi|55/100
|-unboost|p2a: Shield Boi|spd|1
|
|-heal|p2a: Shield Boi|61/100|[from] item: Leftovers
|-heal|p1a: Cresselia|56/100|[from] item: Leftovers
|upkeep
|turn|18
|
|t:|1685855129
|switch|p2a: Skarmory 2|Corviknight, F|100/100
|move|p1a: Cresselia|Thunder Wave|p2a: Skarmory 2
|-status|p2a: Skarmory 2|par
|
|-heal|p1a: Cresselia|62/100|[from] item: Leftovers
|upkeep
|turn|19
|
|t:|1685855139
|move|p1a: Cresselia|Moonlight|p1a: Cresselia
|-heal|p1a: Cresselia|100/100
|move|p2a: Skarmory 2|U-turn|p1a: Cresselia
|-supereffective|p1a: Cresselia
|-damage|p1a: Cresselia|86/100
|
|t:|1685855145
|switch|p2a: Deffo Ubers|Chien-Pao|100/100|[from] U-turn
|-ability|p2a: Deffo Ubers|Sword of Ruin
|
|-heal|p1a: Cresselia|92/100|[from] item: Leftovers
|upkeep
|turn|20
|
|t:|1685855155
|switch|p1a: Alomomola|Alomomola, F|100/100
|move|p2a: Deffo Ubers|Ice Spinner|p1a: Alomomola
|-resisted|p1a: Alomomola
|-damage|p1a: Alomomola|87/100
|
|upkeep
|turn|21
|
|t:|1685855162
|move|p2a: Deffo Ubers|Crunch|p1a: Alomomola
|-damage|p1a: Alomomola|51/100
|move|p1a: Alomomola|Wish|p1a: Alomomola
|
|upkeep
|turn|22
|
|t:|1685855168
|switch|p2a: Eleki at home|Thundurus, M, tera:Ice|34/100 tox
|switch|p1a: Tauros|Tauros-Paldea-Aqua, M|72/100
|-ability|p1a: Tauros|Intimidate|boost
|-unboost|p2a: Eleki at home|atk|1
|
|-heal|p1a: Tauros|100/100|[from] move: Wish|[wisher] Alomomola
|-damage|p2a: Eleki at home|28/100 tox|[from] psn
|upkeep
|turn|23
|
|t:|1685855182
|switch|p1a: Clodsire|Clodsire, F|100/100
|move|p2a: Eleki at home|Thunderbolt|p1a: Clodsire
|-immune|p1a: Clodsire
|
|-damage|p2a: Eleki at home|16/100 tox|[from] psn
|upkeep
|turn|24
|
|t:|1685855191
|switch|p2a: Masaru|Urshifu-Rapid-Strike, F|100/100
|move|p1a: Clodsire|Spikes|p2a: Masaru
|-sidestart|p2: Redshad|Spikes
|
|upkeep
|turn|25
|
|t:|1685855205
|switch|p1a: Tauros|Tauros-Paldea-Aqua, M|100/100
|-ability|p1a: Tauros|Intimidate|boost
|-unboost|p2a: Masaru|atk|1
|move|p2a: Masaru|Surging Strikes|p1a: Tauros
|-resisted|p1a: Tauros
|-crit|p1a: Tauros
|-damage|p1a: Tauros|93/100
|-resisted|p1a: Tauros
|-crit|p1a: Tauros
|-damage|p1a: Tauros|86/100
|-resisted|p1a: Tauros
|-crit|p1a: Tauros
|-damage|p1a: Tauros|78/100
|-hitcount|p1a: Tauros|3
|
|upkeep
|turn|26
|
|t:|1685855218
|switch|p1a: Cresselia|Cresselia, F|92/100
|-damage|p1a: Cresselia|80/100|[from] Stealth Rock
|move|p2a: Masaru|Surging Strikes|p1a: Cresselia
|-crit|p1a: Cresselia
|-damage|p1a: Cresselia|67/100
|-crit|p1a: Cresselia
|-damage|p1a: Cresselia|54/100
|-crit|p1a: Cresselia
|-damage|p1a: Cresselia|43/100
|-hitcount|p1a: Cresselia|3
|
|-heal|p1a: Cresselia|49/100|[from] item: Leftovers
|upkeep
|turn|27
|
|t:|1685855230
|move|p2a: Masaru|U-turn|p1a: Cresselia
|-supereffective|p1a: Cresselia
|-damage|p1a: Cresselia|31/100
|
|t:|1685855235
|switch|p2a: Deffo Ubers|Chien-Pao|100/100|[from] U-turn
|-damage|p2a: Deffo Ubers|88/100|[from] Spikes
|-ability|p2a: Deffo Ubers|Sword of Ruin
|move|p1a: Cresselia|Moonlight|p1a: Cresselia
|-heal|p1a: Cresselia|81/100
|
|-heal|p1a: Cresselia|87/100|[from] item: Leftovers
|upkeep
|turn|28
|
|t:|1685855248
|switch|p1a: Tauros|Tauros-Paldea-Aqua, M|78/100
|-ability|p1a: Tauros|Intimidate|boost
|-unboost|p2a: Deffo Ubers|atk|1
|move|p2a: Deffo Ubers|Crunch|p1a: Tauros
|-resisted|p1a: Tauros
|-damage|p1a: Tauros|63/100
|-unboost|p1a: Tauros|def|1
|
|upkeep
|turn|29
|
|t:|1685855258
|switch|p2a: Skarmory 2|Corviknight, F|100/100 par
|move|p1a: Tauros|Body Press|p2a: Skarmory 2
|-damage|p2a: Skarmory 2|85/100 par
|-damage|p1a: Tauros|47/100|[from] item: Rocky Helmet|[of] p2a: Skarmory 2
|
|upkeep
|turn|30
|
|t:|1685855267
|switch|p1a: Blissey|Blissey, F|100/100
|move|p2a: Skarmory 2|Brave Bird|p1a: Blissey
|-damage|p1a: Blissey|71/100
|-damage|p2a: Skarmory 2|68/100 par|[from] Recoil
|
|upkeep
|turn|31
|
|t:|1685855275
|move|p1a: Blissey|Stealth Rock|p2a: Skarmory 2
|-sidestart|p2: Redshad|move: Stealth Rock
|move|p2a: Skarmory 2|U-turn|p1a: Blissey
|-damage|p1a: Blissey|58/100
|
|t:|1685855278
|switch|p2a: Masaru|Urshifu-Rapid-Strike, F|100/100|[from] U-turn
|-damage|p2a: Masaru|88/100|[from] Spikes
|-damage|p2a: Masaru|82/100|[from] Stealth Rock
|
|upkeep
|turn|32
|
|t:|1685855291
|switch|p1a: Cresselia|Cresselia, F|87/100
|-damage|p1a: Cresselia|75/100|[from] Stealth Rock
|move|p2a: Masaru|Close Combat|p1a: Cresselia
|-resisted|p1a: Cresselia
|-damage|p1a: Cresselia|60/100
|-unboost|p2a: Masaru|def|1
|-unboost|p2a: Masaru|spd|1
|
|-heal|p1a: Cresselia|66/100|[from] item: Leftovers
|upkeep
|turn|33
|
|t:|1685855303
|move|p2a: Masaru|Surging Strikes|p1a: Cresselia
|-crit|p1a: Cresselia
|-damage|p1a: Cresselia|54/100
|-crit|p1a: Cresselia
|-damage|p1a: Cresselia|41/100
|-crit|p1a: Cresselia
|-damage|p1a: Cresselia|30/100
|-hitcount|p1a: Cresselia|3
|move|p1a: Cresselia|Moonlight|p1a: Cresselia
|-heal|p1a: Cresselia|80/100
|
|-heal|p1a: Cresselia|86/100|[from] item: Leftovers
|upkeep
|turn|34
|
|t:|1685855321
|move|p2a: Masaru|U-turn|p1a: Cresselia
|-supereffective|p1a: Cresselia
|-damage|p1a: Cresselia|61/100
|
|t:|1685855325
|switch|p2a: Deffo Ubers|Chien-Pao|88/100|[from] U-turn
|-damage|p2a: Deffo Ubers|76/100|[from] Spikes
|-damage|p2a: Deffo Ubers|51/100|[from] Stealth Rock
|-ability|p2a: Deffo Ubers|Sword of Ruin
|move|p1a: Cresselia|Thunder Wave|p2a: Deffo Ubers
|-status|p2a: Deffo Ubers|par
|
|-heal|p1a: Cresselia|67/100|[from] item: Leftovers
|upkeep
|turn|35
|c|☆Redshad|i have nothing personal aagainst you
|c|☆Redshad|but i hate stall
|
|t:|1685855345
|switch|p1a: Tauros|Tauros-Paldea-Aqua, M|47/100
|-ability|p1a: Tauros|Intimidate|boost
|-unboost|p2a: Deffo Ubers|atk|1
|move|p2a: Deffo Ubers|Crunch|p1a: Tauros
|-resisted|p1a: Tauros
|-damage|p1a: Tauros|33/100
|-unboost|p1a: Tauros|def|1
|
|upkeep
|turn|36
|n|!Redshad|redshad
|
|t:|1685855360
|move|p1a: Tauros|Body Press|p2a: Deffo Ubers
|-supereffective|p2a: Deffo Ubers
|-damage|p2a: Deffo Ubers|0 fnt
|faint|p2a: Deffo Ubers
|
|upkeep
|
|t:|1685855364
|switch|p2a: Eleki at home|Thundurus, M, tera:Ice|16/100 tox
|turn|37
|
|t:|1685855370
|switch|p1a: Slowking|Slowking-Galar, M|100/100 par
|-damage|p1a: Slowking|88/100 par|[from] Stealth Rock
|move|p2a: Eleki at home|Thunderbolt|p1a: Slowking
|-crit|p1a: Slowking
|-damage|p1a: Slowking|59/100 par
|
|-damage|p2a: Eleki at home|10/100 tox|[from] psn
|upkeep
|turn|38
|
|t:|1685855387
|switch|p2a: King of OU|Landorus-Therian, M|100/100
|-damage|p2a: King of OU|88/100|[from] Stealth Rock
|-ability|p2a: King of OU|Intimidate|boost
|-unboost|p1a: Slowking|atk|1
|switch|p1a: Clodsire|Clodsire, F|100/100
|
|-heal|p2a: King of OU|94/100|[from] item: Leftovers
|upkeep
|turn|39
|inactive|Battle timer is ON: inactive players will automatically lose when time's up. (requested by SlingShotWright)
|
|t:|1685855402
|switch|p1a: Alomomola|Alomomola, F|85/100
|move|p2a: King of OU|Earthquake|p1a: Alomomola
|-damage|p1a: Alomomola|55/100
|
|-heal|p2a: King of OU|99/100|[from] item: Leftovers
|upkeep
|turn|40
|-message|Redshad forfeited.
|
|win|SlingShotWright
|raw|SlingShotWright's rating: 1398 → 1413(+15 for winning)
|raw|Redshad's rating: 1300 → 1282(-18 for losing)
