|j|☆Wild Dragon Fire
|j|☆zackystim
|t:|1685864247
|gametype|singles
|player|p1|Wild Dragon Fire|dragontamer|1062
|player|p2|zackystim|102|1068
|teamsize|p1|6
|teamsize|p2|6
|gen|9
|tier|[Gen 9] OU
|rated|
|rule|Sleep Clause Mod: Limit one foe put to sleep
|rule|Species Clause: Limit one of each Pokémon
|rule|OHKO Clause: OHKO moves are banned
|rule|Evasion Items Clause: Evasion items are banned
|rule|Evasion Moves Clause: Evasion moves are banned
|rule|Endless Battle Clause: Forcing endless battles is banned
|rule|HP Percentage Mod: HP is shown in percentages
|clearpoke
|poke|p1|Sneasler, F|
|poke|p1|Indeedee, M|
|poke|p1|Magearna|
|poke|p1|Chien-Pao|
|poke|p1|Iron Treads|
|poke|p1|Volcarona, F|
|poke|p2|Torkoal, F|
|poke|p2|Charizard, F|
|poke|p2|Lilligant-Hisui, F|
|poke|p2|Great Tusk|
|poke|p2|Kingambit, F|
|poke|p2|Hatterene, F|
|teampreview
|inactive|Battle timer is ON: inactive players will automatically lose when time's up. (requested by Wild Dragon Fire)
|
|t:|1685864262
|start
|switch|p1a: Iron Treads|Iron Treads|100/100
|switch|p2a: Torkoal|Torkoal, F|100/100
|-weather|SunnyDay|[from] ability: Drought|[of] p2a: Torkoal
|turn|1
|
|t:|1685864273
|switch|p2a: Charizard|Charizard, F|100/100
|-terastallize|p1a: Iron Treads|Ghost
|move|p1a: Iron Treads|Earthquake|p2a: Charizard
|-immune|p2a: Charizard
|
|-weather|SunnyDay|[upkeep]
|-damage|p2a: Charizard|88/100|[from] ability: Solar Power|[of] p2a: Charizard
|upkeep
|turn|2
|
|t:|1685864293
|move|p1a: Iron Treads|Iron Head|p2a: Charizard
|-resisted|p2a: Charizard
|-damage|p2a: Charizard|61/100
|move|p2a: Charizard|Flamethrower|p1a: Iron Treads
|-enditem|p1a: Iron Treads|Focus Sash
|-damage|p1a: Iron Treads|1/100
|
|-weather|SunnyDay|[upkeep]
|-damage|p2a: Charizard|49/100|[from] ability: Solar Power|[of] p2a: Charizard
|upkeep
|turn|3
|
|t:|1685864306
|switch|p2a: Kingambit|Kingambit, F|100/100
|move|p1a: Iron Treads|Stealth Rock|p2a: Kingambit
|-sidestart|p2: zackystim|move: Stealth Rock
|
|-weather|SunnyDay|[upkeep]
|upkeep
|turn|4
|
|t:|1685864317
|move|p1a: Iron Treads|Stealth Rock||[still]
|-fail|p1a: Iron Treads
|move|p2a: Kingambit|Kowtow Cleave|p1a: Iron Treads
|-supereffective|p1a: Iron Treads
|-damage|p1a: Iron Treads|0 fnt
|faint|p1a: Iron Treads
|-end|p1a: Iron Treads|Quark Drive|[silent]
|
|-weather|SunnyDay|[upkeep]
|upkeep
|
|t:|1685864326
|switch|p1a: Sneasler|Sneasler, F|100/100
|turn|5
|inactive|zackystim has 120 seconds left.
|
|t:|1685864364
|-end|p2a: Kingambit|fallenundefined|[silent]
|switch|p2a: Great Tusk|Great Tusk|100/100
|-damage|p2a: Great Tusk|98/100|[from] Stealth Rock
|-activate|p2a: Great Tusk|ability: Protosynthesis
|-start|p2a: Great Tusk|protosynthesisatk
|move|p1a: Sneasler|Close Combat|p2a: Great Tusk
|-damage|p2a: Great Tusk|47/100
|-unboost|p1a: Sneasler|def|1
|-unboost|p1a: Sneasler|spd|1
|
|-weather|SunnyDay|[upkeep]
|upkeep
|turn|6
|inactive|zackystim has 120 seconds left.
|
|t:|1685864385
|-end|p2a: Great Tusk|Protosynthesis|[silent]
|switch|p2a: Torkoal|Torkoal, F|100/100
|-damage|p2a: Torkoal|76/100|[from] Stealth Rock
|move|p1a: Sneasler|Acrobatics|p2a: Torkoal
|-damage|p2a: Torkoal|65/100
|
|-weather|SunnyDay|[upkeep]
|upkeep
|turn|7
|
|t:|1685864399
|move|p1a: Sneasler|Close Combat|p2a: Torkoal
|-damage|p2a: Torkoal|24/100
|-unboost|p1a: Sneasler|def|1
|-unboost|p1a: Sneasler|spd|1
|move|p2a: Torkoal|Stealth Rock|p1a: Sneasler
|-sidestart|p1: Wild Dragon Fire|move: Stealth Rock
|
|-weather|SunnyDay|[upkeep]
|upkeep
|turn|8
|
|t:|1685864412
|switch|p2a: Charizard|Charizard, F|49/100
|-damage|p2a: Charizard|0 fnt|[from] Stealth Rock
|faint|p2a: Charizard
|move|p1a: Sneasler|Close Combat|p2: Charizard|[notarget]
|-fail|p1a: Sneasler
|
|-weather|none
|upkeep
|
|t:|1685864431
|switch|p2a: Torkoal|Torkoal, F|24/100
|-damage|p2a: Torkoal|0 fnt|[from] Stealth Rock
|faint|p2a: Torkoal
|-message|zackystim forfeited.
|
|win|Wild Dragon Fire
|raw|Wild Dragon Fire's rating: 1062 → 1093(+31 for winning)
|raw|zackystim's rating: 1068 → 1047(-21 for losing)
|l|☆zackystim
