|j|☆Marchingegno
|j|☆copland
|t:|1685902392
|gametype|singles
|player|p1|Marchingegno|266|1708
|player|p2|copland|guitarist|1772
|teamsize|p1|6
|teamsize|p2|6
|gen|9
|tier|[Gen 9] OU
|rated|
|rule|Sleep Clause Mod: Limit one foe put to sleep
|rule|Species Clause: Limit one of each Pokémon
|rule|OHKO Clause: OHKO moves are banned
|rule|Evasion Items Clause: Evasion items are banned
|rule|Evasion Moves Clause: Evasion moves are banned
|rule|Endless Battle Clause: Forcing endless battles is banned
|rule|HP Percentage Mod: HP is shown in percentages
|clearpoke
|poke|p1|Samurott-Hisui, M|
|poke|p1|Dragapult, F|
|poke|p1|Great Tusk|
|poke|p1|Sneasler, M|
|poke|p1|Zapdos|
|poke|p1|Heatran, F|
|poke|p2|Skeledirge, M|
|poke|p2|Great Tusk|
|poke|p2|Magearna|
|poke|p2|Tornadus-Therian, M|
|poke|p2|Samurott-Hisui, F|
|poke|p2|Dragapult, F|
|teampreview
|
|t:|1685902404
|start
|switch|p1a: Sneasler|Sneasler, M|100/100
|switch|p2a: Magearna|Magearna|100/100
|turn|1
|
|t:|1685902411
|move|p1a: Sneasler|U-turn|p2a: Magearna
|-resisted|p2a: Magearna
|-damage|p2a: Magearna|93/100
|-damage|p1a: Sneasler|91/100|[from] item: Life Orb
|
|t:|1685902414
|switch|p1a: Heatran|Heatran, F|100/100|[from] U-turn
|move|p2a: Magearna|Aura Sphere|p1a: Heatran
|-supereffective|p1a: Heatran
|-damage|p1a: Heatran|48/100
|
|-heal|p1a: Heatran|54/100|[from] item: Leftovers
|upkeep
|turn|2
|
|t:|1685902421
|switch|p2a: Samurott|Samurott-Hisui, F|100/100
|move|p1a: Heatran|Magma Storm|p2a: Samurott
|-resisted|p2a: Samurott
|-damage|p2a: Samurott|68/100
|-activate|p2a: Samurott|move: Magma Storm|[of] p1a: Heatran
|
|-heal|p1a: Heatran|61/100|[from] item: Leftovers
|-damage|p2a: Samurott|56/100|[from] move: Magma Storm|[partiallytrapped]
|upkeep
|turn|3
|
|t:|1685902427
|move|p1a: Heatran|Protect|p1a: Heatran
|-singleturn|p1a: Heatran|Protect
|move|p2a: Samurott|Ceaseless Edge|p1a: Heatran
|-activate|p1a: Heatran|move: Protect
|
|-heal|p1a: Heatran|67/100|[from] item: Leftovers
|-damage|p2a: Samurott|43/100|[from] move: Magma Storm|[partiallytrapped]
|upkeep
|turn|4
|
|t:|1685902434
|switch|p1a: Great Tusk|Great Tusk|100/100
|move|p2a: Samurott|Razor Shell|p1a: Great Tusk|[miss]
|-miss|p2a: Samurott|p1a: Great Tusk
|
|-end|p2a: Samurott|Magma Storm|[partiallytrapped]|[silent]
|upkeep
|turn|5
|
|t:|1685902439
|switch|p2a: Tornadus|Tornadus-Therian, M|100/100
|move|p1a: Great Tusk|Stealth Rock|p2a: Tornadus
|-sidestart|p2: copland|move: Stealth Rock
|
|upkeep
|turn|6
|
|t:|1685902443
|-end|p1a: Great Tusk|Protosynthesis|[silent]
|switch|p1a: Heatran|Heatran, F|67/100
|move|p2a: Tornadus|Bleakwind Storm|p1a: Heatran|[miss]
|-miss|p2a: Tornadus|p1a: Heatran
|
|-heal|p1a: Heatran|73/100|[from] item: Leftovers
|upkeep
|turn|7
|
|t:|1685902446
|move|p2a: Tornadus|U-turn|p1a: Heatran
|-resisted|p1a: Heatran
|-damage|p1a: Heatran|70/100
|
|t:|1685902449
|switch|p2a: Samurott|Samurott-Hisui, F|43/100|[from] U-turn
|move|p1a: Heatran|Magma Storm|p2a: Samurott|[miss]
|-miss|p1a: Heatran|p2a: Samurott
|
|-heal|p1a: Heatran|76/100|[from] item: Leftovers
|upkeep
|turn|8
|
|t:|1685902457
|move|p1a: Heatran|Protect|p1a: Heatran
|-singleturn|p1a: Heatran|Protect
|move|p2a: Samurott|Ceaseless Edge|p1a: Heatran
|-activate|p1a: Heatran|move: Protect
|
|-heal|p1a: Heatran|83/100|[from] item: Leftovers
|upkeep
|turn|9
|
|t:|1685902459
|switch|p1a: Zapdos|Zapdos|100/100
|move|p2a: Samurott|Encore||[still]
|-fail|p2a: Samurott
|
|upkeep
|turn|10
|
|t:|1685902467
|switch|p2a: Great Tusk|Great Tusk|100/100
|-damage|p2a: Great Tusk|98/100|[from] Stealth Rock
|move|p1a: Zapdos|Discharge|p2a: Great Tusk
|-immune|p2a: Great Tusk
|
|-heal|p2a: Great Tusk|100/100|[from] item: Leftovers
|upkeep
|turn|11
|
|t:|1685902472
|switch|p1a: Dragapult|Dragapult, F|100/100
|-end|p2a: Great Tusk|Protosynthesis|[silent]
|switch|p2a: Magearna|Magearna|93/100
|-damage|p2a: Magearna|87/100|[from] Stealth Rock
|
|upkeep
|turn|12
|
|t:|1685902476
|move|p1a: Dragapult|Fire Blast|p2a: Magearna
|-supereffective|p2a: Magearna
|-damage|p2a: Magearna|5/100
|-status|p2a: Magearna|brn
|move|p2a: Magearna|Volt Switch|p1a: Dragapult
|-resisted|p1a: Dragapult
|-damage|p1a: Dragapult|74/100
|
|t:|1685902490
|switch|p2a: Samurott|Samurott-Hisui, F|43/100|[from] Volt Switch
|
|upkeep
|turn|13
|inactive|Battle timer is ON: inactive players will automatically lose when time's up. (requested by Marchingegno)
|
|t:|1685902496
|switch|p1a: Great Tusk|Great Tusk|100/100
|move|p2a: Samurott|Ceaseless Edge|p1a: Great Tusk
|-resisted|p1a: Great Tusk
|-crit|p1a: Great Tusk
|-damage|p1a: Great Tusk|77/100
|-sidestart|p1: Marchingegno|Spikes
|
|-heal|p1a: Great Tusk|83/100|[from] item: Leftovers
|upkeep
|turn|14
|
|t:|1685902500
|switch|p2a: Magearna|Magearna|5/100 brn
|-damage|p2a: Magearna|0 fnt|[from] Stealth Rock
|faint|p2a: Magearna
|move|p1a: Great Tusk|Headlong Rush|p2: Magearna|[notarget]
|-fail|p1a: Great Tusk
|
|-heal|p1a: Great Tusk|90/100|[from] item: Leftovers
|upkeep
|
|t:|1685902503
|switch|p2a: Tornadus|Tornadus-Therian, M|100/100
|-damage|p2a: Tornadus|76/100|[from] Stealth Rock
|turn|15
|
|t:|1685902507
|-end|p1a: Great Tusk|Protosynthesis|[silent]
|switch|p1a: Zapdos|Zapdos|100/100
|move|p2a: Tornadus|Bleakwind Storm|p1a: Zapdos
|-resisted|p1a: Zapdos
|-damage|p1a: Zapdos|81/100
|
|upkeep
|turn|16
|
|t:|1685902513
|-terastallize|p2a: Tornadus|Ground
|move|p2a: Tornadus|Sludge Bomb|p1a: Zapdos
|-damage|p1a: Zapdos|54/100
|move|p1a: Zapdos|Hurricane|p2a: Tornadus
|-damage|p2a: Tornadus|39/100
|
|upkeep
|turn|17
|
|t:|1685902522
|switch|p1a: Heatran|Heatran, F|83/100
|-damage|p1a: Heatran|70/100|[from] Spikes
|move|p2a: Tornadus|Sludge Bomb|p1a: Heatran
|-immune|p1a: Heatran
|
|-heal|p1a: Heatran|76/100|[from] item: Leftovers
|upkeep
|turn|18
|
|t:|1685902527
|move|p1a: Heatran|Protect|p1a: Heatran
|-singleturn|p1a: Heatran|Protect
|move|p2a: Tornadus|U-turn|p1a: Heatran
|-activate|p1a: Heatran|move: Protect
|
|-heal|p1a: Heatran|83/100|[from] item: Leftovers
|upkeep
|turn|19
|
|t:|1685902532
|move|p2a: Tornadus|U-turn|p1a: Heatran
|-resisted|p1a: Heatran
|-damage|p1a: Heatran|80/100
|
|t:|1685902534
|switch|p2a: Samurott|Samurott-Hisui, F|43/100|[from] U-turn
|move|p1a: Heatran|Magma Storm|p2a: Samurott|[miss]
|-miss|p1a: Heatran|p2a: Samurott
|
|-heal|p1a: Heatran|86/100|[from] item: Leftovers
|upkeep
|turn|20
|
|t:|1685902542
|move|p2a: Samurott|Razor Shell|p1a: Heatran
|-supereffective|p1a: Heatran
|-damage|p1a: Heatran|0 fnt
|faint|p1a: Heatran
|
|upkeep
|
|t:|1685902545
|switch|p1a: Samurott|Samurott-Hisui, M|100/100
|-damage|p1a: Samurott|88/100|[from] Spikes
|turn|21
|
|t:|1685902552
|move|p2a: Samurott|Ceaseless Edge|p1a: Samurott
|-resisted|p1a: Samurott
|-damage|p1a: Samurott|62/100
|-sidestart|p1: Marchingegno|Spikes
|move|p1a: Samurott|Sacred Sword|p2a: Samurott
|-supereffective|p2a: Samurott
|-damage|p2a: Samurott|0 fnt
|faint|p2a: Samurott
|-damage|p1a: Samurott|52/100|[from] item: Life Orb
|
|upkeep
|
|t:|1685902558
|switch|p2a: Tornadus|Tornadus-Therian, M, tera:Ground|72/100
|-damage|p2a: Tornadus|66/100|[from] Stealth Rock
|turn|22
|
|t:|1685902563
|switch|p1a: Zapdos|Zapdos|54/100
|move|p2a: Tornadus|Bleakwind Storm|p1a: Zapdos|[miss]
|-miss|p2a: Tornadus|p1a: Zapdos
|
|upkeep
|turn|23
|
|t:|1685902572
|move|p2a: Tornadus|Sludge Bomb|p1a: Zapdos
|-damage|p1a: Zapdos|30/100
|move|p1a: Zapdos|Roost|p1a: Zapdos
|-heal|p1a: Zapdos|80/100
|-singleturn|p1a: Zapdos|move: Roost
|
|upkeep
|turn|24
|
|t:|1685902577
|move|p2a: Tornadus|Sludge Bomb|p1a: Zapdos
|-damage|p1a: Zapdos|55/100
|move|p1a: Zapdos|Hurricane|p2a: Tornadus|[miss]
|-miss|p1a: Zapdos|p2a: Tornadus
|
|upkeep
|turn|25
|
|t:|1685902580
|move|p2a: Tornadus|Sludge Bomb|p1a: Zapdos
|-damage|p1a: Zapdos|30/100
|-status|p1a: Zapdos|psn
|move|p1a: Zapdos|Roost|p1a: Zapdos
|-heal|p1a: Zapdos|80/100 psn
|-singleturn|p1a: Zapdos|move: Roost
|
|-damage|p1a: Zapdos|68/100 psn|[from] psn
|upkeep
|turn|26
|
|t:|1685902588
|move|p2a: Tornadus|Bleakwind Storm|p1a: Zapdos|[miss]
|-miss|p2a: Tornadus|p1a: Zapdos
|move|p1a: Zapdos|Roost|p1a: Zapdos
|-heal|p1a: Zapdos|100/100 psn
|-singleturn|p1a: Zapdos|move: Roost
|
|-damage|p1a: Zapdos|88/100 psn|[from] psn
|upkeep
|turn|27
|
|t:|1685902592
|move|p2a: Tornadus|Bleakwind Storm|p1a: Zapdos
|-resisted|p1a: Zapdos
|-damage|p1a: Zapdos|68/100 psn
|move|p1a: Zapdos|Hurricane|p2a: Tornadus|[miss]
|-miss|p1a: Zapdos|p2a: Tornadus
|
|-damage|p1a: Zapdos|56/100 psn|[from] psn
|upkeep
|turn|28
|
|t:|1685902598
|move|p2a: Tornadus|Bleakwind Storm|p1a: Zapdos
|-resisted|p1a: Zapdos
|-damage|p1a: Zapdos|36/100 psn
|-unboost|p1a: Zapdos|spe|1
|move|p1a: Zapdos|Hurricane|p2a: Tornadus|[miss]
|-miss|p1a: Zapdos|p2a: Tornadus
|
|-damage|p1a: Zapdos|24/100 psn|[from] psn
|upkeep
|turn|29
|
|t:|1685902604
|switch|p2a: Skeledirge|Skeledirge, M|100/100
|move|p1a: Zapdos|Hurricane|p2a: Skeledirge|[miss]
|-miss|p1a: Zapdos|p2a: Skeledirge
|
|-damage|p1a: Zapdos|12/100 psn|[from] psn
|upkeep
|turn|30
|
|t:|1685902609
|move|p2a: Skeledirge|Hex|p1a: Zapdos
|-damage|p1a: Zapdos|0 fnt
|faint|p1a: Zapdos
|
|upkeep
|
|t:|1685902612
|switch|p1a: Dragapult|Dragapult, F|74/100
|-damage|p1a: Dragapult|58/100|[from] Spikes
|turn|31
|
|t:|1685902628
|-terastallize|p1a: Dragapult|Ghost
|move|p1a: Dragapult|Shadow Ball|p2a: Skeledirge
|-supereffective|p2a: Skeledirge
|-damage|p2a: Skeledirge|0 fnt
|faint|p2a: Skeledirge
|
|upkeep
|
|t:|1685902635
|switch|p2a: Tornadus|Tornadus-Therian, M, tera:Ground|99/100
|-damage|p2a: Tornadus|93/100|[from] Stealth Rock
|turn|32
|
|t:|1685902638
|move|p1a: Dragapult|Shadow Ball|p2a: Tornadus
|-damage|p2a: Tornadus|43/100
|move|p2a: Tornadus|Bleakwind Storm|p1a: Dragapult
|-damage|p1a: Dragapult|1/100
|-unboost|p1a: Dragapult|spe|1
|
|upkeep
|turn|33
|
|t:|1685902645
|move|p2a: Tornadus|U-turn|p1a: Dragapult
|-resisted|p1a: Dragapult
|-damage|p1a: Dragapult|0 fnt
|faint|p1a: Dragapult
|
|t:|1685902649
|switch|p2a: Dragapult|Dragapult, F|100/100|[from] U-turn
|
|upkeep
|
|t:|1685902653
|switch|p1a: Samurott|Samurott-Hisui, M|52/100
|-damage|p1a: Samurott|35/100|[from] Spikes
|turn|34
|
|t:|1685902660
|move|p1a: Samurott|Sucker Punch||[still]
|-fail|p1a: Samurott
|move|p2a: Dragapult|Thunder Wave|p1a: Samurott
|-status|p1a: Samurott|par
|
|upkeep
|turn|35
|
|t:|1685902666
|switch|p2a: Great Tusk|Great Tusk|100/100
|-damage|p2a: Great Tusk|98/100|[from] Stealth Rock
|move|p1a: Samurott|Ceaseless Edge|p2a: Great Tusk
|-resisted|p2a: Great Tusk
|-damage|p2a: Great Tusk|83/100
|-sidestart|p2: copland|Spikes
|-damage|p1a: Samurott|25/100 par|[from] item: Life Orb
|
|-heal|p2a: Great Tusk|89/100|[from] item: Leftovers
|upkeep
|turn|36
|
|t:|1685902670
|move|p2a: Great Tusk|Rapid Spin|p1a: Samurott
|-damage|p1a: Samurott|5/100 par
|-boost|p2a: Great Tusk|spe|1
|-sideend|p2: copland|Spikes|[from] move: Rapid Spin|[of] p2a: Great Tusk
|-sideend|p2: copland|Stealth Rock|[from] move: Rapid Spin|[of] p2a: Great Tusk
|move|p1a: Samurott|Aqua Cutter|p2a: Great Tusk
|-supereffective|p2a: Great Tusk
|-damage|p2a: Great Tusk|26/100
|-damage|p1a: Samurott|0 fnt|[from] item: Life Orb
|faint|p1a: Samurott
|
|-heal|p2a: Great Tusk|32/100|[from] item: Leftovers
|upkeep
|
|t:|1685902672
|switch|p1a: Great Tusk|Great Tusk|90/100
|-damage|p1a: Great Tusk|73/100|[from] Spikes
|turn|37
|
|t:|1685902682
|-end|p2a: Great Tusk|Protosynthesis|[silent]
|switch|p2a: Dragapult|Dragapult, F|100/100
|move|p1a: Great Tusk|Rapid Spin|p2a: Dragapult
|-immune|p2a: Dragapult
|
|-heal|p1a: Great Tusk|79/100|[from] item: Leftovers
|upkeep
|turn|38
|
|t:|1685902685
|move|p2a: Dragapult|Hex|p1a: Great Tusk
|-damage|p1a: Great Tusk|42/100
|move|p1a: Great Tusk|Knock Off|p2a: Dragapult
|-supereffective|p2a: Dragapult
|-damage|p2a: Dragapult|6/100
|-enditem|p2a: Dragapult|Heavy-Duty Boots|[from] move: Knock Off|[of] p1a: Great Tusk
|
|-heal|p1a: Great Tusk|49/100|[from] item: Leftovers
|upkeep
|turn|39
|
|t:|1685902688
|move|p2a: Dragapult|Hex|p1a: Great Tusk
|-damage|p1a: Great Tusk|12/100
|move|p1a: Great Tusk|Knock Off|p2a: Dragapult
|-supereffective|p2a: Dragapult
|-damage|p2a: Dragapult|0 fnt
|faint|p2a: Dragapult
|
|-heal|p1a: Great Tusk|19/100|[from] item: Leftovers
|upkeep
|
|t:|1685902691
|switch|p2a: Tornadus|Tornadus-Therian, M, tera:Ground|77/100
|turn|40
|
|t:|1685902694
|move|p2a: Tornadus|Heat Wave|p1a: Great Tusk
|-damage|p1a: Great Tusk|0 fnt
|faint|p1a: Great Tusk
|-end|p1a: Great Tusk|Protosynthesis|[silent]
|
|upkeep
|
|t:|1685902696
|switch|p1a: Sneasler|Sneasler, M|91/100
|-damage|p1a: Sneasler|74/100|[from] Spikes
|turn|41
|
|t:|1685902701
|move|p1a: Sneasler|Fake Out|p2a: Tornadus
|-damage|p2a: Tornadus|53/100
|-status|p2a: Tornadus|psn|[from] ability: Poison Touch|[of] p1a: Sneasler
|-damage|p1a: Sneasler|64/100|[from] item: Life Orb
|cant|p2a: Tornadus|flinch
|
|-damage|p2a: Tornadus|41/100 psn|[from] psn
|upkeep
|turn|42
|
|t:|1685902707
|move|p2a: Tornadus|Bleakwind Storm|p1a: Sneasler
|-supereffective|p1a: Sneasler
|-damage|p1a: Sneasler|0 fnt
|faint|p1a: Sneasler
|
|win|copland
|raw|Marchingegno's rating: 1708 → 1692(-16 for losing)
|raw|copland's rating: 1772 → 1788(+16 for winning)
|l|☆Marchingegno
