|j|☆DooomDey
|j|☆booooobakar
|t:|1685927689
|gametype|singles
|player|p1|DooomDey|102|1554
|player|p2|booooobakar|shadowtriad|1647
|teamsize|p1|6
|teamsize|p2|6
|gen|9
|tier|[Gen 9] OU
|rated|
|rule|Sleep Clause Mod: Limit one foe put to sleep
|rule|Species Clause: Limit one of each Pokémon
|rule|OHKO Clause: OHKO moves are banned
|rule|Evasion Items Clause: Evasion items are banned
|rule|Evasion Moves Clause: Evasion moves are banned
|rule|Endless Battle Clause: Forcing endless battles is banned
|rule|HP Percentage Mod: HP is shown in percentages
|clearpoke
|poke|p1|Pelipper, F|
|poke|p1|Basculegion, M|
|poke|p1|Samurott-Hisui, M|
|poke|p1|Urshifu-*, M|
|poke|p1|Amoonguss, F|
|poke|p1|Zapdos|
|poke|p2|Baxcalibur, F|
|poke|p2|Ursaluna, M|
|poke|p2|Enamorus-Therian, F|
|poke|p2|Dragapult, M|
|poke|p2|Magearna|
|poke|p2|Great Tusk|
|teampreview
|inactive|Battle timer is ON: inactive players will automatically lose when time's up. (requested by booooobakar)
|inactive|DooomDey also wants the timer to be on.
|
|t:|1685927700
|start
|switch|p1a: Samurott|Samurott-Hisui, M|100/100
|switch|p2a: Magearna|Magearna|100/100
|turn|1
|
|t:|1685927713
|move|p1a: Samurott|Razor Shell|p2a: Magearna
|-damage|p2a: Magearna|59/100
|-unboost|p2a: Magearna|def|1
|move|p2a: Magearna|Fleur Cannon|p1a: Samurott
|-supereffective|p1a: Samurott
|-damage|p1a: Samurott|0 fnt
|-unboost|p2a: Magearna|spa|2
|faint|p1a: Samurott
|-ability|p2a: Magearna|Soul-Heart|boost
|-boost|p2a: Magearna|spa|1
|
|upkeep
|j| Paldean Predator
|
|t:|1685927730
|switch|p1a: toilet|Pelipper, F|100/100
|-weather|RainDance|[from] ability: Drizzle|[of] p1a: toilet
|turn|2
|
|t:|1685927737
|move|p2a: Magearna|Reflect|p2a: Magearna
|-sidestart|p2: booooobakar|Reflect
|move|p1a: toilet|Hydro Pump|p2a: Magearna
|-damage|p2a: Magearna|11/100
|
|-weather|RainDance|[upkeep]
|upkeep
|turn|3
|
|t:|1685927744
|move|p2a: Magearna|Light Screen|p2a: Magearna
|-sidestart|p2: booooobakar|move: Light Screen
|move|p1a: toilet|U-turn|p2a: Magearna
|-resisted|p2a: Magearna
|-damage|p2a: Magearna|10/100
|
|t:|1685927757
|switch|p1a: Urshifu|Urshifu-Rapid-Strike, M|100/100|[from] U-turn
|
|-weather|RainDance|[upkeep]
|upkeep
|turn|4
|l| Paldean Predator
|
|t:|1685927765
|move|p1a: Urshifu|Surging Strikes|p2a: Magearna
|-crit|p2a: Magearna
|-damage|p2a: Magearna|0 fnt
|faint|p2a: Magearna
|-hitcount|p2: Magearna|1
|
|-weather|RainDance|[upkeep]
|upkeep
|
|t:|1685927774
|switch|p2a: Enamorus|Enamorus-Therian, F|100/100
|turn|5
|
|t:|1685927791
|move|p1a: Urshifu|Surging Strikes|p2a: Enamorus
|-crit|p2a: Enamorus
|-damage|p2a: Enamorus|70/100
|-crit|p2a: Enamorus
|-damage|p2a: Enamorus|41/100
|-crit|p2a: Enamorus
|-damage|p2a: Enamorus|12/100
|-hitcount|p2a: Enamorus|3
|move|p2a: Enamorus|Moonblast|p1a: Urshifu
|-supereffective|p1a: Urshifu
|-damage|p1a: Urshifu|0 fnt
|faint|p1a: Urshifu
|-damage|p2a: Enamorus|2/100|[from] item: Life Orb
|
|-weather|RainDance|[upkeep]
|upkeep
|c|☆booooobakar|band?
|
|t:|1685927805
|switch|p1a: Zapdos|Zapdos|100/100
|-ability|p1a: Zapdos|Pressure
|turn|6
|c|☆booooobakar|urshifu?
|inactive|booooobakar has 120 seconds left.
|
|t:|1685927838
|switch|p2a: Ursaluna|Ursaluna, M|100/100
|move|p1a: Zapdos|Volt Switch|p2a: Ursaluna
|-immune|p2a: Ursaluna
|
|-weather|RainDance|[upkeep]
|-status|p2a: Ursaluna|brn|[from] item: Flame Orb
|upkeep
|turn|7
|c|☆DooomDey|not band
|inactive|booooobakar has 120 seconds left.
|
|t:|1685927851
|move|p1a: Zapdos|Hurricane|p2a: Ursaluna
|-damage|p2a: Ursaluna|75/100 brn
|move|p2a: Ursaluna|Swords Dance|p2a: Ursaluna
|-boost|p2a: Ursaluna|atk|2
|
|-weather|RainDance|[upkeep]
|-damage|p2a: Ursaluna|69/100 brn|[from] brn
|upkeep
|turn|8
|
|t:|1685927861
|switch|p1a: one punch man|Basculegion, M|100/100
|move|p2a: Ursaluna|Facade|p1a: one punch man
|-immune|p1a: one punch man
|
|-weather|RainDance|[upkeep]
|-damage|p2a: Ursaluna|63/100 brn|[from] brn
|upkeep
|turn|9
|
|t:|1685927874
|-terastallize|p1a: one punch man|Water
|-terastallize|p2a: Ursaluna|Normal
|move|p1a: one punch man|Wave Crash|p2a: Ursaluna
|-crit|p2a: Ursaluna
|-damage|p2a: Ursaluna|0 fnt
|faint|p2a: Ursaluna
|-damage|p1a: one punch man|76/100|[from] Recoil
|
|-weather|none
|-sideend|p2: booooobakar|Reflect
|upkeep
|
|t:|1685927883
|switch|p2a: Dragapult|Dragapult, M|100/100
|turn|10
|c|☆DooomDey|did crit matter?
|
|t:|1685927892
|switch|p1a: toilet|Pelipper, F|100/100
|-weather|RainDance|[from] ability: Drizzle|[of] p1a: toilet
|move|p2a: Dragapult|Dragon Darts|p1a: toilet
|-damage|p1a: toilet|76/100
|-anim|p2a: Dragapult|Dragon Darts|p1a: toilet
|-damage|p1a: toilet|51/100
|-damage|p2a: Dragapult|91/100|[from] item: Life Orb
|
|-weather|RainDance|[upkeep]
|-sideend|p2: booooobakar|move: Light Screen
|upkeep
|turn|11
|inactive|booooobakar has 120 seconds left.
|j| eatmorerocks
|l| eatmorerocks
|inactive|booooobakar has 90 seconds left.
|
|t:|1685927962
|switch|p1a: Amoonguss|Amoonguss, F|100/100
|move|p2a: Dragapult|Dragon Darts|p1a: Amoonguss
|-crit|p1a: Amoonguss
|-damage|p1a: Amoonguss|47/100
|-anim|p2a: Dragapult|Dragon Darts|p1a: Amoonguss
|-damage|p1a: Amoonguss|16/100
|-damage|p2a: Dragapult|81/100|[from] item: Life Orb
|
|-weather|RainDance|[upkeep]
|-heal|p1a: Amoonguss|22/100|[from] item: Black Sludge
|upkeep
|turn|12
|inactive|booooobakar has 90 seconds left.
|j| SoundHas1Ping
|j| Lavisse
|j| Fusien
|l| Fusien
|l| Lavisse
|inactive|DooomDey has 120 seconds left.
|
|t:|1685927986
|move|p2a: Dragapult|Dragon Darts|p1a: Amoonguss
|-damage|p1a: Amoonguss|0 fnt
|faint|p1a: Amoonguss
|-damage|p2a: Dragapult|71/100|[from] item: Life Orb
|
|-weather|RainDance|[upkeep]
|upkeep
|c|☆booooobakar|OK, I didn’t think he’d be so damage
|inactive|DooomDey has 120 seconds left.
|
|t:|1685927996
|switch|p1a: Zapdos|Zapdos|100/100
|-ability|p1a: Zapdos|Pressure
|turn|13
|inactive|DooomDey has 120 seconds left.
|inactive|booooobakar has 90 seconds left.
|
|t:|1685928018
|move|p2a: Dragapult|Dragon Darts|p1a: Zapdos
|-damage|p1a: Zapdos|60/100
|-anim|p2a: Dragapult|Dragon Darts|p1a: Zapdos
|-damage|p1a: Zapdos|23/100
|-damage|p2a: Dragapult|61/100|[from] item: Life Orb
|move|p1a: Zapdos|Hurricane|p2a: Dragapult
|-damage|p2a: Dragapult|0 fnt
|faint|p2a: Dragapult
|
|-weather|RainDance|[upkeep]
|upkeep
|
|t:|1685928022
|switch|p2a: Baxcalibur|Baxcalibur, F|100/100
|turn|14
|inactive|booooobakar has 90 seconds left.
|
|t:|1685928035
|move|p1a: Zapdos|Hurricane|p2a: Baxcalibur
|-damage|p2a: Baxcalibur|43/100
|move|p2a: Baxcalibur|Dragon Dance|p2a: Baxcalibur
|-boost|p2a: Baxcalibur|atk|1
|-boost|p2a: Baxcalibur|spe|1
|
|-weather|RainDance|[upkeep]
|upkeep
|turn|15
|
|t:|1685928046
|move|p2a: Baxcalibur|Icicle Spear|p1a: Zapdos
|-supereffective|p1a: Zapdos
|-damage|p1a: Zapdos|0 fnt
|faint|p1a: Zapdos
|-hitcount|p1: Zapdos|1
|
|-weather|RainDance|[upkeep]
|upkeep
|
|t:|1685928053
|switch|p1a: one punch man|Basculegion, M, tera:Water|76/100
|turn|16
|j| hotdog49
|
|t:|1685928058
|switch|p2a: Great Tusk|Great Tusk|100/100
|move|p1a: one punch man|Wave Crash|p2a: Great Tusk
|-supereffective|p2a: Great Tusk
|-damage|p2a: Great Tusk|0 fnt
|faint|p2a: Great Tusk
|-end|p2a: Great Tusk|Protosynthesis|[silent]
|-damage|p1a: one punch man|38/100|[from] Recoil
|
|-weather|RainDance|[upkeep]
|upkeep
|l| hotdog49
|
|t:|1685928066
|switch|p2a: Enamorus|Enamorus-Therian, F|2/100
|turn|17
|
|t:|1685928071
|move|p1a: one punch man|Wave Crash|p2a: Enamorus
|-damage|p2a: Enamorus|0 fnt
|faint|p2a: Enamorus
|-damage|p1a: one punch man|38/100|[from] Recoil
|
|-weather|none
|upkeep
|
|t:|1685928073
|switch|p2a: Baxcalibur|Baxcalibur, F|43/100
|turn|18
|
|t:|1685928081
|switch|p1a: toilet|Pelipper, F|51/100
|-weather|RainDance|[from] ability: Drizzle|[of] p1a: toilet
|move|p2a: Baxcalibur|Dragon Dance|p2a: Baxcalibur
|-boost|p2a: Baxcalibur|atk|1
|-boost|p2a: Baxcalibur|spe|1
|
|-weather|RainDance|[upkeep]
|upkeep
|turn|19
|
|t:|1685928092
|move|p2a: Baxcalibur|Dragon Dance|p2a: Baxcalibur
|-boost|p2a: Baxcalibur|atk|1
|-boost|p2a: Baxcalibur|spe|1
|move|p1a: toilet|Hurricane|p2a: Baxcalibur
|-damage|p2a: Baxcalibur|4/100
|
|-weather|RainDance|[upkeep]
|upkeep
|turn|20
|
|t:|1685928103
|move|p2a: Baxcalibur|Icicle Spear|p1a: toilet
|-damage|p1a: toilet|29/100
|-damage|p1a: toilet|7/100
|-damage|p1a: toilet|0 fnt
|faint|p1a: toilet
|-hitcount|p1: toilet|3
|
|-weather|RainDance|[upkeep]
|upkeep
|c|☆DooomDey|ggs
|
|t:|1685928114
|switch|p1a: one punch man|Basculegion, M, tera:Water|38/100
|turn|21
|
|t:|1685928119
|move|p1a: one punch man|Aqua Jet|p2a: Baxcalibur
|-resisted|p2a: Baxcalibur
|-damage|p2a: Baxcalibur|0 fnt
|faint|p2a: Baxcalibur
|
|win|DooomDey
|raw|DooomDey's rating: 1554 → 1579(+25 for winning)
|raw|booooobakar's rating: 1647 → 1622(-25 for losing)
|c|☆booooobakar|noooooooooo
|c|☆DooomDey|ggs
|c|☆booooobakar|gg
|l|☆booooobakar
