|html|[Gen 9] OU is currently suspecting Terastallization! For information on how to participate check out the suspect thread.
|j|☆godlywalrus
|j|☆ayevon
|t:|1672610223
|gametype|singles
|player|p1|godlywalrus|crasherwake|1965
|player|p2|ayevon|youngster|1950
|teamsize|p1|6
|teamsize|p2|6
|gen|9
|tier|[Gen 9] OU
|rated|
|rule|Sleep Clause Mod: Limit one foe put to sleep
|rule|Species Clause: Limit one of each Pokémon
|rule|OHKO Clause: OHKO moves are banned
|rule|Evasion Items Clause: Evasion items are banned
|rule|Evasion Moves Clause: Evasion moves are banned
|rule|Endless Battle Clause: Forcing endless battles is banned
|rule|HP Percentage Mod: HP is shown in percentages
|clearpoke
|poke|p1|Annihilape, F|
|poke|p1|Pawmot, M|
|poke|p1|Tyranitar, M|
|poke|p1|Corviknight, M|
|poke|p1|Amoonguss, F|
|poke|p1|Iron Valiant|
|poke|p2|Garchomp, F|
|poke|p2|Gholdengo|
|poke|p2|Toxapex, M|
|poke|p2|Garganacl, M|
|poke|p2|Great Tusk|
|poke|p2|Iron Valiant|
|teampreview
|j| Morwee
|j|+Nat
|inactive|Battle timer is ON: inactive players will automatically lose when time's up. (requested by ayevon)
|
|t:|1672610297
|start
|switch|p1a: Iron Valiant|Iron Valiant|100/100
|switch|p2a: Garchomp|Garchomp, F|100/100
|turn|1
|j| Futile.exe
|
|t:|1672610303
|switch|p2a: Toxapex|Toxapex, M|100/100
|move|p1a: Iron Valiant|Psyshock|p2a: Toxapex
|-supereffective|p2a: Toxapex
|-damage|p2a: Toxapex|35/100
|
|-heal|p2a: Toxapex|41/100|[from] item: Black Sludge
|upkeep
|turn|2
|
|t:|1672610319
|-end|p1a: Iron Valiant|Quark Drive|[silent]
|switch|p1a: shin|Tyranitar, M|100/100
|-weather|Sandstorm|[from] ability: Sand Stream|[of] p1a: shin
|switch|p2a: Garganacl|Garganacl, M|100/100
|
|-weather|Sandstorm|[upkeep]
|upkeep
|turn|3
|
|t:|1672610322
|move|p1a: shin|Stealth Rock|p2a: Garganacl
|-sidestart|p2: ayevon|move: Stealth Rock
|move|p2a: Garganacl|Stealth Rock|p1a: shin
|-sidestart|p1: godlywalrus|move: Stealth Rock
|
|-weather|Sandstorm|[upkeep]
|upkeep
|turn|4
|
|t:|1672610325
|switch|p1a: balanced|Annihilape, F|100/100
|-damage|p1a: balanced|94/100|[from] Stealth Rock
|switch|p2a: Toxapex|Toxapex, M|74/100
|-damage|p2a: Toxapex|62/100|[from] Stealth Rock
|
|-weather|Sandstorm|[upkeep]
|-damage|p1a: balanced|88/100|[from] Sandstorm
|-damage|p2a: Toxapex|55/100|[from] Sandstorm
|-heal|p2a: Toxapex|62/100|[from] item: Black Sludge
|upkeep
|turn|5
|
|t:|1672610331
|switch|p1a: impostor!|Amoonguss, F|100/100
|-damage|p1a: impostor!|88/100|[from] Stealth Rock
|switch|p2a: Garchomp|Garchomp, F|100/100
|-damage|p2a: Garchomp|94/100|[from] Stealth Rock
|
|-weather|Sandstorm|[upkeep]
|-damage|p1a: impostor!|82/100|[from] Sandstorm
|-heal|p1a: impostor!|88/100|[from] item: Black Sludge
|upkeep
|turn|6
|j| Ava<3
|
|t:|1672610338
|move|p2a: Garchomp|Fire Blast|p1a: impostor!|[miss]
|-miss|p2a: Garchomp|p1a: impostor!
|move|p1a: impostor!|Spore|p2a: Garchomp
|-status|p2a: Garchomp|slp|[from] move: Spore
|
|-weather|none
|-heal|p1a: impostor!|94/100|[from] item: Black Sludge
|upkeep
|turn|7
|
|t:|1672610342
|switch|p1a: Iron Valiant|Iron Valiant|100/100
|-damage|p1a: Iron Valiant|94/100|[from] Stealth Rock
|cant|p2a: Garchomp|slp
|
|upkeep
|turn|8
|j| testing again sv
|
|t:|1672610354
|switch|p2a: Toxapex|Toxapex, M|95/100
|-damage|p2a: Toxapex|82/100|[from] Stealth Rock
|move|p1a: Iron Valiant|Psyshock|p2a: Toxapex
|-supereffective|p2a: Toxapex
|-damage|p2a: Toxapex|17/100
|
|-heal|p2a: Toxapex|24/100|[from] item: Black Sludge
|upkeep
|turn|9
|j| rimb
|
|t:|1672610358
|switch|p2a: Garganacl|Garganacl, M|100/100
|-damage|p2a: Garganacl|88/100|[from] Stealth Rock
|move|p1a: Iron Valiant|Psyshock|p2a: Garganacl
|-damage|p2a: Garganacl|69/100
|
|-heal|p2a: Garganacl|75/100|[from] item: Leftovers
|upkeep
|turn|10
|
|t:|1672610361
|-end|p1a: Iron Valiant|Quark Drive|[silent]
|switch|p1a: balanced|Annihilape, F|88/100
|-damage|p1a: balanced|82/100|[from] Stealth Rock
|move|p2a: Garganacl|Salt Cure|p1a: balanced
|-resisted|p1a: balanced
|-damage|p1a: balanced|76/100
|-start|p1a: balanced|move: Salt Cure|[of] p2a: Garganacl
|
|-heal|p2a: Garganacl|81/100|[from] item: Leftovers
|-damage|p1a: balanced|63/100|[from] Salt Cure
|upkeep
|turn|11
|j| GalaxyVenon360
|
|t:|1672610376
|switch|p1a: Iron Valiant|Iron Valiant|94/100
|-damage|p1a: Iron Valiant|88/100|[from] Stealth Rock
|-terastallize|p2a: Garganacl|Fairy
|move|p2a: Garganacl|Recover|p2a: Garganacl
|-heal|p2a: Garganacl|100/100
|
|upkeep
|turn|12
|
|t:|1672610386
|-end|p1a: Iron Valiant|Quark Drive|[silent]
|switch|p1a: impostor!|Amoonguss, F|100/100
|-damage|p1a: impostor!|88/100|[from] Stealth Rock
|move|p2a: Garganacl|Protect||[still]
|-fail|p2a: Garganacl
|
|-heal|p1a: impostor!|94/100|[from] item: Black Sludge
|upkeep
|turn|13
|j| XtraZesty
|
|t:|1672610390
|switch|p2a: Toxapex|Toxapex, M|57/100
|-damage|p2a: Toxapex|44/100|[from] Stealth Rock
|move|p1a: impostor!|Sludge Bomb|p2a: Toxapex
|-resisted|p2a: Toxapex
|-damage|p2a: Toxapex|35/100
|
|-heal|p2a: Toxapex|41/100|[from] item: Black Sludge
|-heal|p1a: impostor!|100/100|[from] item: Black Sludge
|upkeep
|turn|14
|
|t:|1672610395
|move|p2a: Toxapex|Recover|p2a: Toxapex
|-heal|p2a: Toxapex|91/100
|move|p1a: impostor!|Foul Play|p2a: Toxapex
|-damage|p2a: Toxapex|83/100
|
|-heal|p2a: Toxapex|89/100|[from] item: Black Sludge
|upkeep
|turn|15
|
|t:|1672610401
|move|p2a: Toxapex|Surf|p1a: impostor!
|-resisted|p1a: impostor!
|-damage|p1a: impostor!|91/100
|move|p1a: impostor!|Giga Drain|p2a: Toxapex
|-damage|p2a: Toxapex|75/100
|-heal|p1a: impostor!|96/100|[from] drain|[of] p2a: Toxapex
|
|-heal|p2a: Toxapex|82/100|[from] item: Black Sludge
|-heal|p1a: impostor!|100/100|[from] item: Black Sludge
|upkeep
|turn|16
|
|t:|1672610404
|switch|p1a: balanced|Annihilape, F|63/100
|-damage|p1a: balanced|57/100|[from] Stealth Rock
|move|p2a: Toxapex|Surf|p1a: balanced
|-damage|p1a: balanced|45/100
|
|-heal|p2a: Toxapex|88/100|[from] item: Black Sludge
|upkeep
|turn|17
|j| makocuto
|j| Joshpiderman
|l| XtraZesty
|
|t:|1672610419
|switch|p1a: my G|Corviknight, M|100/100
|-damage|p1a: my G|88/100|[from] Stealth Rock
|-ability|p1a: my G|Pressure
|move|p2a: Toxapex|Toxic|p1a: my G
|-immune|p1a: my G
|
|-heal|p2a: Toxapex|94/100|[from] item: Black Sludge
|upkeep
|turn|18
|
|t:|1672610425
|move|p1a: my G|Defog|p2a: Toxapex
|-unboost|p2a: Toxapex|evasion|1
|-sideend|p2: ayevon|Stealth Rock|[from] move: Defog|[of] p1a: my G
|-sideend|p1: godlywalrus|Stealth Rock|[from] move: Defog|[of] p1a: my G
|move|p2a: Toxapex|Toxic|p1a: my G
|-immune|p1a: my G
|
|-heal|p2a: Toxapex|100/100|[from] item: Black Sludge
|upkeep
|turn|19
|
|t:|1672610435
|switch|p2a: Garganacl|Garganacl, M, tera:Fairy|100/100
|move|p1a: my G|Body Press|p2a: Garganacl
|-resisted|p2a: Garganacl
|-damage|p2a: Garganacl|94/100
|
|-heal|p2a: Garganacl|99/100|[from] item: Leftovers
|upkeep
|turn|20
|
|t:|1672610441
|move|p1a: my G|U-turn|p2a: Garganacl
|-resisted|p2a: Garganacl
|-crit|p2a: Garganacl
|-damage|p2a: Garganacl|95/100
|
|t:|1672610444
|switch|p1a: balanced|Annihilape, F|45/100|[from] U-turn
|move|p2a: Garganacl|Stealth Rock|p1a: balanced
|-sidestart|p1: godlywalrus|move: Stealth Rock
|
|-heal|p2a: Garganacl|100/100|[from] item: Leftovers
|upkeep
|turn|21
|j| Lovebunny Sussie
|
|t:|1672610458
|move|p1a: balanced|Bulk Up|p1a: balanced
|-boost|p1a: balanced|atk|1
|-boost|p1a: balanced|def|1
|move|p2a: Garganacl|Salt Cure|p1a: balanced
|-resisted|p1a: balanced
|-damage|p1a: balanced|41/100
|-start|p1a: balanced|move: Salt Cure|[of] p2a: Garganacl
|
|-damage|p1a: balanced|28/100|[from] Salt Cure
|upkeep
|turn|22
|l| GalaxyVenon360
|
|t:|1672610478
|switch|p1a: impostor!|Amoonguss, F|100/100
|-damage|p1a: impostor!|88/100|[from] Stealth Rock
|switch|p2a: Toxapex|Toxapex, M|100/100
|
|-heal|p1a: impostor!|94/100|[from] item: Black Sludge
|upkeep
|turn|23
|j| a e c e f
|
|t:|1672610493
|switch|p1a: balanced|Annihilape, F|28/100
|-damage|p1a: balanced|22/100|[from] Stealth Rock
|move|p2a: Toxapex|Toxic|p1a: balanced
|-status|p1a: balanced|tox
|
|-damage|p1a: balanced|16/100 tox|[from] psn
|upkeep
|turn|24
|l| Morwee
|j| rnsbnnn9
|
|t:|1672610514
|switch|p2a: Garganacl|Garganacl, M, tera:Fairy|100/100
|move|p1a: balanced|Rest|p1a: balanced
|-status|p1a: balanced|slp|[from] move: Rest
|-heal|p1a: balanced|100/100 slp|[silent]
|-enditem|p1a: balanced|Chesto Berry|[eat]
|-curestatus|p1a: balanced|slp|[msg]
|
|upkeep
|turn|25
|
|t:|1672610534
|switch|p1a: impostor!|Amoonguss, F|100/100
|-damage|p1a: impostor!|88/100|[from] Stealth Rock
|move|p2a: Garganacl|Salt Cure|p1a: impostor!
|-damage|p1a: impostor!|79/100
|-start|p1a: impostor!|move: Salt Cure|[of] p2a: Garganacl
|
|-heal|p1a: impostor!|85/100|[from] item: Black Sludge
|-damage|p1a: impostor!|72/100|[from] Salt Cure
|upkeep
|turn|26
|
|t:|1672610554
|move|p2a: Garganacl|Salt Cure|p1a: impostor!
|-damage|p1a: impostor!|63/100
|move|p1a: impostor!|Sludge Bomb|p2a: Garganacl
|-supereffective|p2a: Garganacl
|-damage|p2a: Garganacl|50/100
|
|-heal|p2a: Garganacl|56/100|[from] item: Leftovers
|-heal|p1a: impostor!|69/100|[from] item: Black Sludge
|-damage|p1a: impostor!|56/100|[from] Salt Cure
|upkeep
|turn|27
|inactive|godlywalrus has 120 seconds left.
|
|t:|1672610571
|switch|p1a: Iron Valiant|Iron Valiant|88/100
|-damage|p1a: Iron Valiant|82/100|[from] Stealth Rock
|move|p2a: Garganacl|Recover|p2a: Garganacl
|-heal|p2a: Garganacl|100/100
|
|upkeep
|turn|28
|inactive|godlywalrus has 120 seconds left.
|
|t:|1672610593
|move|p2a: Garganacl|Protect|p2a: Garganacl
|-singleturn|p2a: Garganacl|Protect
|move|p1a: Iron Valiant|Moonblast|p2a: Garganacl
|-activate|p2a: Garganacl|move: Protect
|
|upkeep
|turn|29
|j| Will780970
|l| a e c e f
|inactive|ayevon has 120 seconds left.
|
|t:|1672610611
|-end|p1a: Iron Valiant|Quark Drive|[silent]
|switch|p1a: balanced|Annihilape, F|100/100
|-damage|p1a: balanced|94/100|[from] Stealth Rock
|switch|p2a: Toxapex|Toxapex, M|100/100
|
|upkeep
|turn|30
|j| Tajasolo
|
|t:|1672610621
|move|p1a: balanced|Bulk Up|p1a: balanced
|-boost|p1a: balanced|atk|1
|-boost|p1a: balanced|def|1
|move|p2a: Toxapex|Toxic|p1a: balanced
|-status|p1a: balanced|tox
|
|-damage|p1a: balanced|88/100 tox|[from] psn
|upkeep
|turn|31
|
|t:|1672610627
|switch|p2a: Garganacl|Garganacl, M, tera:Fairy|100/100
|move|p1a: balanced|Rage Fist|p2a: Garganacl
|-damage|p2a: Garganacl|71/100
|
|-heal|p2a: Garganacl|77/100|[from] item: Leftovers
|-damage|p1a: balanced|76/100 tox|[from] psn
|upkeep
|turn|32
|
|t:|1672610636
|move|p1a: balanced|Rage Fist|p2a: Garganacl
|-crit|p2a: Garganacl
|-damage|p2a: Garganacl|34/100
|move|p2a: Garganacl|Salt Cure|p1a: balanced
|-resisted|p1a: balanced
|-damage|p1a: balanced|72/100 tox
|-start|p1a: balanced|move: Salt Cure|[of] p2a: Garganacl
|
|-heal|p2a: Garganacl|41/100|[from] item: Leftovers
|-damage|p1a: balanced|53/100 tox|[from] psn
|-damage|p1a: balanced|41/100 tox|[from] Salt Cure
|upkeep
|turn|33
|
|t:|1672610647
|move|p2a: Garganacl|Protect|p2a: Garganacl
|-singleturn|p2a: Garganacl|Protect
|move|p1a: balanced|Rest|p1a: balanced
|-status|p1a: balanced|slp|[from] move: Rest
|-heal|p1a: balanced|100/100 slp|[silent]
|
|-heal|p2a: Garganacl|47/100|[from] item: Leftovers
|-damage|p1a: balanced|88/100 slp|[from] Salt Cure
|upkeep
|turn|34
|
|t:|1672610655
|cant|p1a: balanced|slp
|move|p2a: Garganacl|Recover|p2a: Garganacl
|-heal|p2a: Garganacl|97/100
|
|-heal|p2a: Garganacl|100/100|[from] item: Leftovers
|-damage|p1a: balanced|76/100 slp|[from] Salt Cure
|upkeep
|turn|35
|
|t:|1672610664
|switch|p2a: Iron Valiant|Iron Valiant|100/100
|cant|p1a: balanced|slp
|
|-damage|p1a: balanced|64/100 slp|[from] Salt Cure
|upkeep
|turn|36
|
|t:|1672610671
|-end|p2a: Iron Valiant|Quark Drive|[silent]
|switch|p2a: Garchomp|Garchomp, F|94/100 slp
|switch|p1a: impostor!|Amoonguss, F|90/100
|-damage|p1a: impostor!|77/100|[from] Stealth Rock
|
|-heal|p1a: impostor!|83/100|[from] item: Black Sludge
|upkeep
|turn|37
|
|t:|1672610675
|switch|p1a: Iron Valiant|Iron Valiant|82/100
|-damage|p1a: Iron Valiant|76/100|[from] Stealth Rock
|cant|p2a: Garchomp|slp
|
|upkeep
|turn|38
|
|t:|1672610680
|switch|p2a: Toxapex|Toxapex, M|100/100
|move|p1a: Iron Valiant|Psyshock|p2a: Toxapex
|-supereffective|p2a: Toxapex
|-crit|p2a: Toxapex
|-damage|p2a: Toxapex|3/100
|
|-heal|p2a: Toxapex|9/100|[from] item: Black Sludge
|upkeep
|turn|39
|
|t:|1672610692
|-end|p1a: Iron Valiant|Quark Drive|[silent]
|switch|p1a: my G|Corviknight, M|88/100
|-damage|p1a: my G|76/100|[from] Stealth Rock
|-ability|p1a: my G|Pressure
|switch|p2a: Gholdengo|Gholdengo|100/100
|
|upkeep
|turn|40
|
|t:|1672610703
|move|p2a: Gholdengo|Make It Rain|p1a: my G
|-resisted|p1a: my G
|-damage|p1a: my G|47/100
|-unboost|p2a: Gholdengo|spa|1
|move|p1a: my G|Roost|p1a: my G
|-heal|p1a: my G|97/100
|-singleturn|p1a: my G|move: Roost
|
|upkeep
|turn|41
|
|t:|1672610708
|switch|p2a: Toxapex|Toxapex, M|43/100
|move|p1a: my G|Defog|p2a: Toxapex
|-unboost|p2a: Toxapex|evasion|1
|-sideend|p1: godlywalrus|Stealth Rock|[from] move: Defog|[of] p1a: my G
|
|-heal|p2a: Toxapex|49/100|[from] item: Black Sludge
|upkeep
|turn|42
|
|t:|1672610717
|switch|p2a: Garganacl|Garganacl, M, tera:Fairy|100/100
|move|p1a: my G|U-turn|p2a: Garganacl
|-resisted|p2a: Garganacl
|-damage|p2a: Garganacl|97/100
|
|t:|1672610721
|switch|p1a: balanced|Annihilape, F|64/100 slp|[from] U-turn
|
|-heal|p2a: Garganacl|100/100|[from] item: Leftovers
|upkeep
|turn|43
|
|t:|1672610725
|-curestatus|p1a: balanced|slp|[msg]
|move|p1a: balanced|Rage Fist|p2a: Garganacl
|-damage|p2a: Garganacl|75/100
|move|p2a: Garganacl|Stealth Rock|p1a: balanced
|-sidestart|p1: godlywalrus|move: Stealth Rock
|
|-heal|p2a: Garganacl|81/100|[from] item: Leftovers
|upkeep
|turn|44
|
|t:|1672610734
|move|p1a: balanced|Bulk Up|p1a: balanced
|-boost|p1a: balanced|atk|1
|-boost|p1a: balanced|def|1
|move|p2a: Garganacl|Salt Cure|p1a: balanced
|-resisted|p1a: balanced
|-damage|p1a: balanced|60/100
|-start|p1a: balanced|move: Salt Cure|[of] p2a: Garganacl
|
|-heal|p2a: Garganacl|87/100|[from] item: Leftovers
|-damage|p1a: balanced|47/100|[from] Salt Cure
|upkeep
|turn|45
|
|t:|1672610740
|move|p2a: Garganacl|Protect|p2a: Garganacl
|-singleturn|p2a: Garganacl|Protect
|move|p1a: balanced|Bulk Up|p1a: balanced
|-boost|p1a: balanced|atk|1
|-boost|p1a: balanced|def|1
|
|-heal|p2a: Garganacl|94/100|[from] item: Leftovers
|-damage|p1a: balanced|35/100|[from] Salt Cure
|upkeep
|turn|46
|
|t:|1672610742
|move|p1a: balanced|Rage Fist|p2a: Garganacl
|-damage|p2a: Garganacl|34/100
|move|p2a: Garganacl|Recover|p2a: Garganacl
|-heal|p2a: Garganacl|84/100
|
|-heal|p2a: Garganacl|90/100|[from] item: Leftovers
|-damage|p1a: balanced|23/100|[from] Salt Cure
|upkeep
|turn|47
|
|t:|1672610751
|move|p2a: Garganacl|Protect|p2a: Garganacl
|-singleturn|p2a: Garganacl|Protect
|move|p1a: balanced|Bulk Up|p1a: balanced
|-boost|p1a: balanced|atk|1
|-boost|p1a: balanced|def|1
|
|-heal|p2a: Garganacl|97/100|[from] item: Leftovers
|-damage|p1a: balanced|10/100|[from] Salt Cure
|upkeep
|turn|48
|
|t:|1672610758
|switch|p2a: Garchomp|Garchomp, F|94/100 slp
|move|p1a: balanced|Rest|p1a: balanced
|-status|p1a: balanced|slp|[from] move: Rest
|-heal|p1a: balanced|100/100 slp|[silent]
|
|-damage|p1a: balanced|88/100 slp|[from] Salt Cure
|upkeep
|turn|49
|
|t:|1672610771
|switch|p1a: Iron Valiant|Iron Valiant|76/100
|-damage|p1a: Iron Valiant|69/100|[from] Stealth Rock
|-curestatus|p2a: Garchomp|slp|[msg]
|move|p2a: Garchomp|Fire Blast|p1a: Iron Valiant|[miss]
|-miss|p2a: Garchomp|p1a: Iron Valiant
|
|upkeep
|turn|50
|c|☆ayevon|god ur so lucky and bad
|
|t:|1672610781
|switch|p2a: Toxapex|Toxapex, M|82/100
|move|p1a: Iron Valiant|Moonblast|p2a: Toxapex
|-resisted|p2a: Toxapex
|-damage|p2a: Toxapex|58/100
|-unboost|p2a: Toxapex|spa|1
|
|-heal|p2a: Toxapex|65/100|[from] item: Black Sludge
|upkeep
|turn|51
|j| Bad Players
|c|☆godlywalrus|ok lol
|
|t:|1672610798
|-end|p1a: Iron Valiant|Quark Drive|[silent]
|switch|p1a: balanced|Annihilape, F|88/100 slp
|-damage|p1a: balanced|82/100 slp|[from] Stealth Rock
|switch|p2a: Gholdengo|Gholdengo|100/100
|
|upkeep
|turn|52
|l| Tajasolo
|
|t:|1672610808
|switch|p2a: Garchomp|Garchomp, F|94/100
|switch|p1a: impostor!|Amoonguss, F|100/100
|-damage|p1a: impostor!|88/100|[from] Stealth Rock
|
|-heal|p1a: impostor!|94/100|[from] item: Black Sludge
|upkeep
|turn|53
|
|t:|1672610819
|switch|p2a: Iron Valiant|Iron Valiant|100/100
|switch|p1a: balanced|Annihilape, F|82/100 slp
|-damage|p1a: balanced|76/100 slp|[from] Stealth Rock
|
|upkeep
|turn|54
|
|t:|1672610827
|switch|p1a: shin|Tyranitar, M|100/100
|-damage|p1a: shin|88/100|[from] Stealth Rock
|-weather|Sandstorm|[from] ability: Sand Stream|[of] p1a: shin
|move|p2a: Iron Valiant|Trick|p1a: shin
|-activate|p2a: Iron Valiant|move: Trick|[of] p1a: shin
|-item|p1a: shin|Choice Specs|[from] move: Trick
|-item|p2a: Iron Valiant|Leftovers|[from] move: Trick
|
|-weather|Sandstorm|[upkeep]
|-damage|p2a: Iron Valiant|94/100|[from] Sandstorm
|-heal|p2a: Iron Valiant|100/100|[from] item: Leftovers
|upkeep
|turn|55
|
|t:|1672610839
|switch|p1a: impostor!|Amoonguss, F|100/100
|-damage|p1a: impostor!|88/100|[from] Stealth Rock
|move|p2a: Iron Valiant|Moonblast|p1a: impostor!
|-resisted|p1a: impostor!
|-damage|p1a: impostor!|65/100
|-unboost|p1a: impostor!|spa|1
|
|-weather|Sandstorm|[upkeep]
|-damage|p2a: Iron Valiant|94/100|[from] Sandstorm
|-damage|p1a: impostor!|59/100|[from] Sandstorm
|-heal|p2a: Iron Valiant|100/100|[from] item: Leftovers
|-heal|p1a: impostor!|65/100|[from] item: Black Sludge
|upkeep
|turn|56
|
|t:|1672610855
|switch|p1a: my G|Corviknight, M|97/100
|-damage|p1a: my G|85/100|[from] Stealth Rock
|-ability|p1a: my G|Pressure
|move|p2a: Iron Valiant|Psyshock|p1a: my G
|-resisted|p1a: my G
|-damage|p1a: my G|78/100
|
|-weather|Sandstorm|[upkeep]
|-damage|p2a: Iron Valiant|94/100|[from] Sandstorm
|-heal|p2a: Iron Valiant|100/100|[from] item: Leftovers
|upkeep
|turn|57
|
|t:|1672610859
|-end|p2a: Iron Valiant|Quark Drive|[silent]
|switch|p2a: Gholdengo|Gholdengo|100/100
|move|p1a: my G|Roost|p1a: my G
|-heal|p1a: my G|100/100
|-singleturn|p1a: my G|move: Roost
|
|-weather|Sandstorm|[upkeep]
|upkeep
|turn|58
|
|t:|1672610865
|move|p2a: Gholdengo|Trick|p1a: my G
|-activate|p2a: Gholdengo|move: Trick|[of] p1a: my G
|-item|p1a: my G|Choice Scarf|[from] move: Trick
|-item|p2a: Gholdengo|Rocky Helmet|[from] move: Trick
|move|p1a: my G|U-turn|p2a: Gholdengo
|-resisted|p2a: Gholdengo
|-damage|p2a: Gholdengo|97/100
|-damage|p1a: my G|84/100|[from] item: Rocky Helmet|[of] p2a: Gholdengo
|
|t:|1672610874
|switch|p1a: shin|Tyranitar, M|88/100|[from] U-turn
|-damage|p1a: shin|76/100|[from] Stealth Rock
|
|-weather|none
|upkeep
|turn|59
|
|t:|1672610878
|move|p2a: Gholdengo|Make It Rain|p1a: shin
|-supereffective|p1a: shin
|-damage|p1a: shin|1/100
|-unboost|p2a: Gholdengo|spa|1
|move|p1a: shin|Flamethrower|p2a: Gholdengo
|-supereffective|p2a: Gholdengo
|-damage|p2a: Gholdengo|31/100
|
|upkeep
|turn|60
|
|t:|1672610884
|switch|p2a: Garchomp|Garchomp, F|94/100
|move|p1a: shin|Flamethrower|p2a: Garchomp
|-resisted|p2a: Garchomp
|-damage|p2a: Garchomp|76/100
|
|upkeep
|turn|61
|
|t:|1672610887
|move|p2a: Garchomp|Spikes|p1a: shin
|-sidestart|p1: godlywalrus|Spikes
|move|p1a: shin|Flamethrower|p2a: Garchomp
|-resisted|p2a: Garchomp
|-damage|p2a: Garchomp|57/100
|
|upkeep
|turn|62
|c|+Nat|no burn?
|
|t:|1672610916
|switch|p1a: my G|Corviknight, M|84/100
|-damage|p1a: my G|72/100|[from] Stealth Rock
|-ability|p1a: my G|Pressure
|move|p2a: Garchomp|Fire Blast|p1a: my G
|-supereffective|p1a: my G
|-crit|p1a: my G
|-damage|p1a: my G|0 fnt
|faint|p1a: my G
|-damage|p2a: Garchomp|47/100|[from] item: Life Orb
|
|upkeep
|c|☆godlywalrus|wp
|inactive|godlywalrus has 120 seconds left.
|
|t:|1672610937
|switch|p1a: goat|Pawmot, M|100/100
|-damage|p1a: goat|94/100|[from] Stealth Rock
|-damage|p1a: goat|82/100|[from] Spikes
|turn|63
|c| Lovebunny Sussie|i love
|
|t:|1672610948
|switch|p2a: Garganacl|Garganacl, M, tera:Fairy|97/100
|move|p1a: goat|Ice Punch|p2a: Garganacl
|-crit|p2a: Garganacl
|-damage|p2a: Garganacl|74/100
|
|-heal|p2a: Garganacl|80/100|[from] item: Leftovers
|upkeep
|turn|64
|l| rimb
|inactive|godlywalrus has 120 seconds left.
|
|t:|1672610960
|switch|p1a: impostor!|Amoonguss, F|98/100
|-damage|p1a: impostor!|86/100|[from] Stealth Rock
|-damage|p1a: impostor!|73/100|[from] Spikes
|move|p2a: Garganacl|Salt Cure|p1a: impostor!
|-damage|p1a: impostor!|63/100
|-start|p1a: impostor!|move: Salt Cure|[of] p2a: Garganacl
|
|-heal|p2a: Garganacl|87/100|[from] item: Leftovers
|-heal|p1a: impostor!|70/100|[from] item: Black Sludge
|-damage|p1a: impostor!|57/100|[from] Salt Cure
|upkeep
|turn|65
|inactive|godlywalrus has 120 seconds left.
|j| genshin burger
|
|t:|1672610973
|switch|p1a: balanced|Annihilape, F|76/100 slp
|-damage|p1a: balanced|70/100 slp|[from] Stealth Rock
|-damage|p1a: balanced|57/100 slp|[from] Spikes
|move|p2a: Garganacl|Protect||[still]
|-fail|p2a: Garganacl
|
|-heal|p2a: Garganacl|93/100|[from] item: Leftovers
|upkeep
|turn|66
|inactive|godlywalrus has 120 seconds left.
|
|t:|1672610994
|switch|p2a: Garchomp|Garchomp, F|47/100
|cant|p1a: balanced|slp
|
|upkeep
|turn|67
|inactive|godlywalrus has 120 seconds left.
|
|t:|1672611012
|switch|p1a: shin|Tyranitar, M|1/100
|-damage|p1a: shin|0 fnt|[from] Stealth Rock
|faint|p1a: shin
|move|p2a: Garchomp|Spikes|p1: shin
|-sidestart|p1: godlywalrus|Spikes
|
|upkeep
|
|t:|1672611036
|switch|p1a: Iron Valiant|Iron Valiant|69/100
|-damage|p1a: Iron Valiant|63/100|[from] Stealth Rock
|-damage|p1a: Iron Valiant|47/100|[from] Spikes
|turn|68
|
|t:|1672611047
|switch|p2a: Toxapex|Toxapex, M|98/100
|move|p1a: Iron Valiant|Psyshock|p2a: Toxapex
|-supereffective|p2a: Toxapex
|-damage|p2a: Toxapex|38/100
|
|-heal|p2a: Toxapex|44/100|[from] item: Black Sludge
|upkeep
|turn|69
|c| Lovebunny Sussie|genshin players unite
|inactive|godlywalrus has 90 seconds left.
|
|t:|1672611083
|-end|p1a: Iron Valiant|Quark Drive|[silent]
|switch|p1a: impostor!|Amoonguss, F|91/100
|-damage|p1a: impostor!|78/100|[from] Stealth Rock
|-damage|p1a: impostor!|61/100|[from] Spikes
|switch|p2a: Garganacl|Garganacl, M, tera:Fairy|93/100
|
|-heal|p2a: Garganacl|99/100|[from] item: Leftovers
|-heal|p1a: impostor!|68/100|[from] item: Black Sludge
|upkeep
|turn|70
|
|t:|1672611095
|switch|p2a: Gholdengo|Gholdengo|31/100
|move|p1a: impostor!|Sludge Bomb|p2a: Gholdengo
|-immune|p2a: Gholdengo
|
|-heal|p1a: impostor!|74/100|[from] item: Black Sludge
|upkeep
|turn|71
|c| Bad Players|Garg is so good, it's ridiculous
|
|t:|1672611100
|move|p2a: Gholdengo|Recover|p2a: Gholdengo
|-heal|p2a: Gholdengo|81/100
|move|p1a: impostor!|Foul Play|p2a: Gholdengo
|-supereffective|p2a: Gholdengo
|-damage|p2a: Gholdengo|57/100
|-damage|p1a: impostor!|57/100|[from] item: Rocky Helmet|[of] p2a: Gholdengo
|
|-heal|p1a: impostor!|63/100|[from] item: Black Sludge
|upkeep
|turn|72
|j| HimJones
|inactive|godlywalrus has 90 seconds left.
|
|t:|1672611108
|switch|p1a: Iron Valiant|Iron Valiant|47/100
|-damage|p1a: Iron Valiant|40/100|[from] Stealth Rock
|-damage|p1a: Iron Valiant|24/100|[from] Spikes
|move|p2a: Gholdengo|Shadow Ball|p1a: Iron Valiant
|-damage|p1a: Iron Valiant|0 fnt
|faint|p1a: Iron Valiant
|-end|p1a: Iron Valiant|Quark Drive|[silent]
|
|upkeep
|c| Lovebunny Sussie|Yoimiya the best!
|inactive|godlywalrus has 90 seconds left.
|
|t:|1672611117
|switch|p1a: goat|Pawmot, M|82/100
|-damage|p1a: goat|76/100|[from] Stealth Rock
|-damage|p1a: goat|60/100|[from] Spikes
|turn|73
|
|t:|1672611122
|switch|p2a: Great Tusk|Great Tusk|100/100
|move|p1a: goat|Double Shock|p2a: Great Tusk
|-immune|p2a: Great Tusk
|
|upkeep
|turn|74
|
|t:|1672611126
|switch|p1a: impostor!|Amoonguss, F|97/100
|-damage|p1a: impostor!|84/100|[from] Stealth Rock
|-damage|p1a: impostor!|68/100|[from] Spikes
|move|p2a: Great Tusk|Earthquake|p1a: impostor!
|-damage|p1a: impostor!|39/100
|
|-heal|p1a: impostor!|45/100|[from] item: Black Sludge
|upkeep
|turn|75
|
|t:|1672611139
|-end|p2a: Great Tusk|Protosynthesis|[silent]
|switch|p2a: Gholdengo|Gholdengo|57/100
|move|p1a: impostor!|Giga Drain|p2a: Gholdengo
|-resisted|p2a: Gholdengo
|-damage|p2a: Gholdengo|42/100
|-heal|p1a: impostor!|50/100|[from] drain|[of] p2a: Gholdengo
|
|-heal|p1a: impostor!|57/100|[from] item: Black Sludge
|upkeep
|turn|76
|
|t:|1672611146
|move|p2a: Gholdengo|Shadow Ball|p1a: impostor!
|-damage|p1a: impostor!|19/100
|move|p1a: impostor!|Giga Drain|p2a: Gholdengo
|-resisted|p2a: Gholdengo
|-damage|p2a: Gholdengo|30/100
|-heal|p1a: impostor!|24/100|[from] drain|[of] p2a: Gholdengo
|
|-heal|p1a: impostor!|30/100|[from] item: Black Sludge
|upkeep
|turn|77
|inactive|godlywalrus has 120 seconds left.
|j| SkhtN
|inactive|godlywalrus has 90 seconds left.
|
|t:|1672611184
|switch|p1a: balanced|Annihilape, F|57/100 slp
|-damage|p1a: balanced|51/100 slp|[from] Stealth Rock
|-damage|p1a: balanced|35/100 slp|[from] Spikes
|move|p2a: Gholdengo|Shadow Ball|p1a: balanced
|-supereffective|p1a: balanced
|-damage|p1a: balanced|0 fnt
|faint|p1a: balanced
|
|upkeep
|
|t:|1672611186
|switch|p1a: goat|Pawmot, M|60/100
|-damage|p1a: goat|54/100|[from] Stealth Rock
|-damage|p1a: goat|37/100|[from] Spikes
|turn|78
|
|t:|1672611191
|move|p1a: goat|Revival Blessing|p1a: goat
|
|t:|1672611198
|-heal|p1: balanced|50/100|[from] move: Revival Blessing
|move|p2a: Gholdengo|Shadow Ball|p1a: goat
|-damage|p1a: goat|0 fnt
|faint|p1a: goat
|
|upkeep
|j| Dark★Shionツ
|
|t:|1672611201
|switch|p1a: balanced|Annihilape, F|50/100
|-damage|p1a: balanced|44/100|[from] Stealth Rock
|-damage|p1a: balanced|28/100|[from] Spikes
|turn|79
|
|t:|1672611205
|-terastallize|p1a: balanced|Water
|move|p2a: Gholdengo|Shadow Ball|p1a: balanced
|-damage|p1a: balanced|0 fnt
|faint|p1a: balanced
|
|upkeep
|l|+Nat
|inactive|godlywalrus has 120 seconds left.
|c|☆godlywalrus|yeah unwinnable mu
|c|☆godlywalrus|ggwp
|-message|godlywalrus forfeited.
|
|win|ayevon
|raw|godlywalrus's rating: 1965 → 1944(-21 for losing)
|raw|ayevon's rating: 1950 → 1971(+21 for winning)
|c|☆ayevon|not really
|c|☆ayevon|just play better
|l| Lovebunny Sussie
|c|☆godlywalrus|??
|c| Futile.exe|dirted
|c|☆godlywalrus|you have like 3 mons that my team sucks vs
|c|☆godlywalrus|i have 1 that every team sucks vs
|c| makocuto|who exactly?
|c|☆ayevon|sounds like a bad team too
||Ladder isn't responding, score probably updated but might not have (Request timeout).
|l|☆ayevon
|c| makocuto|lol
|l| makocuto
|c|☆godlywalrus|mixed chomp is a horrendous mu for me
|c|☆godlywalrus|garg pex gholdengo arent good either
|l| Futile.exe
|l|☆godlywalrus
