|j|☆PlatyRush
|j|☆ant0_0
|t:|1685888015
|gametype|singles
|player|p1|PlatyRush|brawly|1299
|player|p2|ant0_0|ghetsis|1340
|teamsize|p1|6
|teamsize|p2|6
|gen|9
|tier|[Gen 9] OU
|rated|
|rule|Sleep Clause Mod: Limit one foe put to sleep
|rule|Species Clause: Limit one of each Pokémon
|rule|OHKO Clause: OHKO moves are banned
|rule|Evasion Items Clause: Evasion items are banned
|rule|Evasion Moves Clause: Evasion moves are banned
|rule|Endless Battle Clause: Forcing endless battles is banned
|rule|HP Percentage Mod: HP is shown in percentages
|clearpoke
|poke|p1|Indeedee, M|
|poke|p1|Sneasler, F|
|poke|p1|Chien-Pao|
|poke|p1|Landorus-Therian, M|
|poke|p1|Kingambit, M|
|poke|p1|Urshifu-*, F|
|poke|p2|Enamorus, F|
|poke|p2|Zamazenta-*|
|poke|p2|Azumarill, F|
|poke|p2|Glimmora, M|
|poke|p2|Dragapult, M|
|poke|p2|Kingambit, F|
|teampreview
|c|☆PlatyRush|hfgl
|
|t:|1685888025
|start
|switch|p1a: Landorus|Landorus-Therian, M|100/100
|switch|p2a: Glimmora|Glimmora, M|100/100
|-ability|p1a: Landorus|Intimidate|boost
|-unboost|p2a: Glimmora|atk|1
|turn|1
|inactive|Battle timer is ON: inactive players will automatically lose when time's up. (requested by PlatyRush)
|
|t:|1685888032
|move|p1a: Landorus|Taunt|p2a: Glimmora
|-start|p2a: Glimmora|move: Taunt
|cant|p2a: Glimmora|move: Taunt|Stealth Rock
|
|upkeep
|turn|2
|
|t:|1685888051
|move|p1a: Landorus|Stealth Rock|p2a: Glimmora
|-sidestart|p2: ant0_0|move: Stealth Rock
|move|p2a: Glimmora|Mortal Spin|p1a: Landorus
|-resisted|p1a: Landorus
|-damage|p1a: Landorus|99/100
|-status|p1a: Landorus|psn
|-sideend|p2: ant0_0|Stealth Rock|[from] move: Mortal Spin|[of] p2a: Glimmora
|
|-heal|p1a: Landorus|100/100 psn|[from] item: Leftovers
|-damage|p1a: Landorus|88/100 psn|[from] psn
|upkeep
|turn|3
|
|t:|1685888071
|switch|p2a: Enamorus|Enamorus, F|100/100
|move|p1a: Landorus|U-turn|p2a: Enamorus
|-resisted|p2a: Enamorus
|-damage|p2a: Enamorus|92/100
|
|t:|1685888080
|switch|p1a: Chien-Pao|Chien-Pao|100/100|[from] U-turn
|-ability|p1a: Chien-Pao|Sword of Ruin
|
|-heal|p2a: Enamorus|98/100|[from] item: Leftovers
|upkeep
|turn|4
|
|t:|1685888091
|switch|p2a: Zamazenta|Zamazenta|100/100
|-ability|p2a: Zamazenta|Dauntless Shield|boost
|-boost|p2a: Zamazenta|def|1
|move|p1a: Chien-Pao|Swords Dance|p1a: Chien-Pao
|-boost|p1a: Chien-Pao|atk|2
|
|upkeep
|turn|5
|
|t:|1685888102
|move|p2a: Zamazenta|Close Combat|p1a: Chien-Pao
|-supereffective|p1a: Chien-Pao
|-enditem|p1a: Chien-Pao|Focus Sash
|-damage|p1a: Chien-Pao|1/100
|-unboost|p2a: Zamazenta|def|1
|-unboost|p2a: Zamazenta|spd|1
|move|p1a: Chien-Pao|Sacred Sword|p2a: Zamazenta
|-damage|p2a: Zamazenta|28/100
|
|upkeep
|turn|6
|
|t:|1685888114
|move|p2a: Zamazenta|Close Combat|p1a: Chien-Pao
|-supereffective|p1a: Chien-Pao
|-damage|p1a: Chien-Pao|0 fnt
|-unboost|p2a: Zamazenta|def|1
|-unboost|p2a: Zamazenta|spd|1
|faint|p1a: Chien-Pao
|
|upkeep
|
|t:|1685888120
|switch|p1a: Urshifu|Urshifu-Rapid-Strike, F|100/100
|turn|7
|
|t:|1685888126
|move|p2a: Zamazenta|Close Combat|p1a: Urshifu
|-crit|p1a: Urshifu
|-damage|p1a: Urshifu|11/100
|-unboost|p2a: Zamazenta|def|1
|-unboost|p2a: Zamazenta|spd|1
|move|p1a: Urshifu|Swords Dance|p1a: Urshifu
|-boost|p1a: Urshifu|atk|2
|
|upkeep
|turn|8
|
|t:|1685888133
|move|p1a: Urshifu|Aqua Jet|p2a: Zamazenta
|-damage|p2a: Zamazenta|0 fnt
|faint|p2a: Zamazenta
|
|upkeep
|
|t:|1685888140
|switch|p2a: Dragapult|Dragapult, M|100/100
|turn|9
|
|t:|1685888146
|move|p1a: Urshifu|Aqua Jet|p2a: Dragapult
|-resisted|p2a: Dragapult
|-damage|p2a: Dragapult|72/100
|move|p2a: Dragapult|Shadow Ball|p1a: Urshifu
|-damage|p1a: Urshifu|0 fnt
|faint|p1a: Urshifu
|-damage|p2a: Dragapult|62/100|[from] item: Life Orb
|
|upkeep
|
|t:|1685888154
|switch|p1a: Indeedee|Indeedee, M|100/100
|-fieldstart|move: Psychic Terrain|[from] ability: Psychic Surge|[of] p1a: Indeedee
|turn|10
|
|t:|1685888159
|switch|p2a: Kingambit|Kingambit, F|100/100
|-activate|p2a: Kingambit|ability: Supreme Overlord
|-start|p2a: Kingambit|fallen1|[silent]
|move|p1a: Indeedee|Healing Wish|p1a: Indeedee
|faint|p1a: Indeedee
|
|upkeep
|
|t:|1685888165
|switch|p1a: Sneasler|Sneasler, F|100/100
|-enditem|p1a: Sneasler|Psychic Seed
|-boost|p1a: Sneasler|spd|1|[from] item: Psychic Seed
|turn|11
|
|t:|1685888173
|move|p1a: Sneasler|Swords Dance|p1a: Sneasler
|-boost|p1a: Sneasler|atk|2
|move|p2a: Kingambit|Iron Head|p1a: Sneasler
|-damage|p1a: Sneasler|10/100
|
|upkeep
|turn|12
|inactive|ant0_0 has 120 seconds left.
|
|t:|1685888206
|move|p1a: Sneasler|Close Combat|p2a: Kingambit
|-supereffective|p2a: Kingambit
|-damage|p2a: Kingambit|0 fnt
|-unboost|p1a: Sneasler|def|1
|-unboost|p1a: Sneasler|spd|1
|faint|p2a: Kingambit
|-end|p2a: Kingambit|fallen1|[silent]
|
|upkeep
|
|t:|1685888209
|switch|p2a: Glimmora|Glimmora, M|100/100
|turn|13
|
|t:|1685888219
|move|p1a: Sneasler|Dire Claw|p2a: Glimmora
|-resisted|p2a: Glimmora
|-damage|p2a: Glimmora|76/100
|-status|p2a: Glimmora|slp
|-activate|p2a: Glimmora|ability: Toxic Debris
|-sidestart|p1: PlatyRush|move: Toxic Spikes
|cant|p2a: Glimmora|slp
|
|upkeep
|turn|14
|c|☆PlatyRush|no luck skill only
|
|t:|1685888235
|-terastallize|p1a: Sneasler|Flying
|move|p1a: Sneasler|Acrobatics|p2a: Glimmora
|-resisted|p2a: Glimmora
|-damage|p2a: Glimmora|11/100 slp
|-activate|p2a: Glimmora|ability: Toxic Debris
|-sidestart|p1: PlatyRush|move: Toxic Spikes
|cant|p2a: Glimmora|slp
|
|upkeep
|turn|15
|c|☆ant0_0|wowowowoww
|
|t:|1685888243
|move|p1a: Sneasler|Acrobatics|p2a: Glimmora
|-resisted|p2a: Glimmora
|-damage|p2a: Glimmora|0 fnt
|faint|p2a: Glimmora
|
|upkeep
|c|☆PlatyRush|it was a 0/15 lol
|c|☆PlatyRush|sorry
|c|☆PlatyRush|1/15*
|
|t:|1685888273
|switch|p2a: Enamorus|Enamorus, F|98/100
|turn|16
|
|t:|1685888284
|-terastallize|p2a: Enamorus|Steel
|move|p1a: Sneasler|Dire Claw|p2a: Enamorus
|-immune|p2a: Enamorus
|move|p2a: Enamorus|Superpower|p1a: Sneasler
|-resisted|p1a: Sneasler
|-damage|p1a: Sneasler|0 fnt
|-boost|p2a: Enamorus|atk|1
|-boost|p2a: Enamorus|def|1
|faint|p1a: Sneasler
|
|-heal|p2a: Enamorus|100/100|[from] item: Leftovers
|upkeep
|c|☆ant0_0|hahahahaa
|
|t:|1685888295
|switch|p1a: Landorus|Landorus-Therian, M|88/100 psn
|-heal|p1a: Landorus|100/100|[from] move: Healing Wish
|-ability|p1a: Landorus|Intimidate|boost
|-boost|p2a: Enamorus|atk|1
|turn|17
|
|t:|1685888303
|move|p2a: Enamorus|Play Rough|p1a: Landorus
|-damage|p1a: Landorus|17/100
|move|p1a: Landorus|Earthquake|p2a: Enamorus
|-supereffective|p2a: Enamorus
|-damage|p2a: Enamorus|5/100
|
|-heal|p2a: Enamorus|11/100|[from] item: Leftovers
|-heal|p1a: Landorus|23/100|[from] item: Leftovers
|-fieldend|move: Psychic Terrain
|upkeep
|turn|18
|
|t:|1685888314
|move|p2a: Enamorus|Play Rough|p1a: Landorus
|-damage|p1a: Landorus|0 fnt
|faint|p1a: Landorus
|
|-heal|p2a: Enamorus|17/100|[from] item: Leftovers
|upkeep
|
|t:|1685888320
|switch|p1a: Kingambit|Kingambit, M|100/100
|-activate|p1a: Kingambit|ability: Supreme Overlord
|-start|p1a: Kingambit|fallen5|[silent]
|turn|19
|
|t:|1685888326
|move|p1a: Kingambit|Sucker Punch||[still]
|-fail|p1a: Kingambit
|move|p2a: Enamorus|Taunt|p1a: Kingambit
|-start|p1a: Kingambit|move: Taunt
|
|-heal|p2a: Enamorus|24/100|[from] item: Leftovers
|upkeep
|turn|20
|
|t:|1685888333
|move|p1a: Kingambit|Sucker Punch|p2a: Enamorus
|-damage|p2a: Enamorus|0 fnt
|faint|p2a: Enamorus
|-damage|p1a: Kingambit|91/100|[from] item: Life Orb
|
|upkeep
|
|t:|1685888335
|switch|p2a: Azumarill|Azumarill, F|100/100
|turn|21
|
|t:|1685888346
|move|p1a: Kingambit|Iron Head|p2a: Azumarill
|-damage|p2a: Azumarill|12/100
|-enditem|p2a: Azumarill|Sitrus Berry|[eat]
|-heal|p2a: Azumarill|37/100|[from] item: Sitrus Berry
|-damage|p1a: Kingambit|81/100|[from] item: Life Orb
|move|p2a: Azumarill|Play Rough|p1a: Kingambit
|-damage|p1a: Kingambit|41/100
|
|upkeep
|turn|22
|
|t:|1685888360
|move|p2a: Azumarill|Aqua Jet|p1a: Kingambit
|-crit|p1a: Kingambit
|-damage|p1a: Kingambit|15/100
|move|p1a: Kingambit|Iron Head|p2a: Azumarill
|-damage|p2a: Azumarill|0 fnt
|faint|p2a: Azumarill
|-damage|p1a: Kingambit|5/100|[from] item: Life Orb
|
|-end|p1a: Kingambit|move: Taunt
|upkeep
|
|t:|1685888363
|switch|p2a: Dragapult|Dragapult, M|62/100
|turn|23
|
|t:|1685888371
|move|p1a: Kingambit|Sucker Punch|p2a: Dragapult
|-supereffective|p2a: Dragapult
|-damage|p2a: Dragapult|0 fnt
|faint|p2a: Dragapult
|-damage|p1a: Kingambit|0 fnt|[from] item: Life Orb
|faint|p1a: Kingambit
|-end|p1a: Kingambit|fallen5|[silent]
|
|win|PlatyRush
|raw|PlatyRush's rating: 1299 → 1327(+28 for winning)
|raw|ant0_0's rating: 1340 → 1318(-22 for losing)
|c|☆PlatyRush|gg
|c|☆PlatyRush|no luck saw here
