|j|☆Ting Lu is so cute
|j|☆Chunkymilk7272!
|t:|1685832831
|gametype|singles
|player|p1|Ting Lu is so cute|parasollady|1158
|player|p2|Chunkymilk7272!|melony|1121
|teamsize|p1|6
|teamsize|p2|6
|gen|9
|tier|[Gen 9] OU
|rated|
|rule|Sleep Clause Mod: Limit one foe put to sleep
|rule|Species Clause: Limit one of each Pokémon
|rule|OHKO Clause: OHKO moves are banned
|rule|Evasion Items Clause: Evasion items are banned
|rule|Evasion Moves Clause: Evasion moves are banned
|rule|Endless Battle Clause: Forcing endless battles is banned
|rule|HP Percentage Mod: HP is shown in percentages
|clearpoke
|poke|p1|Dragapult, M|
|poke|p1|Magearna|
|poke|p1|Ursaluna, M|
|poke|p1|Zamazenta-*|
|poke|p1|Great Tusk|
|poke|p1|Slowking-Galar, F|
|poke|p2|Barraskewda, F|
|poke|p2|Muk-Alola, M|
|poke|p2|Gastrodon, M|
|poke|p2|Raichu-Alola, M|
|poke|p2|Pincurchin, F|
|poke|p2|Iron Jugulis|
|teampreview
|
|t:|1685832883
|start
|switch|p1a: Slowking|Slowking-Galar, F|100/100
|switch|p2a: Pincurchin|Pincurchin, F|100/100
|-fieldstart|move: Electric Terrain|[from] ability: Electric Surge|[of] p2a: Pincurchin
|turn|1
|
|t:|1685832889
|switch|p2a: Raichu|Raichu-Alola, M|100/100
|move|p1a: Slowking|Nasty Plot|p1a: Slowking
|-boost|p1a: Slowking|spa|2
|
|upkeep
|turn|2
|
|t:|1685832897
|-terastallize|p2a: Raichu|Dark
|move|p2a: Raichu|Tera Blast|p1a: Slowking
|-supereffective|p1a: Slowking
|-damage|p1a: Slowking|42/100
|-damage|p2a: Raichu|91/100|[from] item: Life Orb
|move|p1a: Slowking|Sludge Bomb|p2a: Raichu
|-damage|p2a: Raichu|0 fnt
|faint|p2a: Raichu
|
|-heal|p1a: Slowking|48/100|[from] item: Leftovers
|upkeep
|
|t:|1685832903
|switch|p2a: Gastrodon|Gastrodon, M|100/100
|turn|3
|
|t:|1685832908
|move|p2a: Gastrodon|Earth Power|p1a: Slowking
|-supereffective|p1a: Slowking
|-damage|p1a: Slowking|1/100
|move|p1a: Slowking|Psyshock|p2a: Gastrodon
|-damage|p2a: Gastrodon|45/100
|
|-heal|p2a: Gastrodon|51/100|[from] item: Leftovers
|-heal|p1a: Slowking|7/100|[from] item: Leftovers
|upkeep
|turn|4
|
|t:|1685832915
|switch|p1a: Dragapult|Dragapult, M|100/100
|move|p2a: Gastrodon|Surf|p1a: Dragapult
|-resisted|p1a: Dragapult
|-damage|p1a: Dragapult|77/100
|
|-heal|p2a: Gastrodon|57/100|[from] item: Leftovers
|upkeep
|turn|5
|
|t:|1685832918
|move|p1a: Dragapult|Light Screen|p1a: Dragapult
|-sidestart|p1: Ting Lu is so cute|move: Light Screen
|move|p2a: Gastrodon|Clear Smog|p1a: Dragapult
|-resisted|p1a: Dragapult
|-damage|p1a: Dragapult|73/100
|-clearboost|p1a: Dragapult
|
|-heal|p2a: Gastrodon|63/100|[from] item: Leftovers
|upkeep
|turn|6
|
|t:|1685832921
|move|p1a: Dragapult|Reflect|p1a: Dragapult
|-sidestart|p1: Ting Lu is so cute|Reflect
|move|p2a: Gastrodon|Earth Power|p1a: Dragapult
|-damage|p1a: Dragapult|49/100
|
|-heal|p2a: Gastrodon|69/100|[from] item: Leftovers
|upkeep
|turn|7
|
|t:|1685832927
|move|p1a: Dragapult|U-turn|p2a: Gastrodon
|-damage|p2a: Gastrodon|51/100
|l|☆Chunkymilk7272!
|player|p2|
|j|☆Chunkymilk7272!
|player|p2|Chunkymilk7272!|melony
|
|t:|1685832941
|switch|p1a: Ursaluna|Ursaluna, M|100/100|[from] U-turn
|move|p2a: Gastrodon|Recover|p2a: Gastrodon
|-heal|p2a: Gastrodon|100/100
|
|-status|p1a: Ursaluna|brn|[from] item: Flame Orb
|upkeep
|turn|8
|
|t:|1685832951
|move|p1a: Ursaluna|Facade|p2a: Gastrodon
|-damage|p2a: Gastrodon|0 fnt
|faint|p2a: Gastrodon
|
|-damage|p1a: Ursaluna|94/100 brn|[from] brn
|-fieldend|move: Electric Terrain
|upkeep
|
|t:|1685832958
|switch|p2a: Barraskewda|Barraskewda, F|100/100
|turn|9
|
|t:|1685832963
|-terastallize|p1a: Ursaluna|Grass
|move|p2a: Barraskewda|Liquidation|p1a: Ursaluna
|-resisted|p1a: Ursaluna
|-damage|p1a: Ursaluna|83/100 brn
|-damage|p2a: Barraskewda|91/100|[from] item: Life Orb
|move|p1a: Ursaluna|Facade|p2a: Barraskewda
|-damage|p2a: Barraskewda|0 fnt
|faint|p2a: Barraskewda
|
|-damage|p1a: Ursaluna|77/100 brn|[from] brn
|upkeep
|
|t:|1685832969
|switch|p2a: Iron Jugulis|Iron Jugulis|100/100
|turn|10
|
|t:|1685832972
|move|p2a: Iron Jugulis|Hurricane|p1a: Ursaluna
|-supereffective|p1a: Ursaluna
|-damage|p1a: Ursaluna|5/100 brn
|-damage|p2a: Iron Jugulis|91/100|[from] item: Life Orb
|move|p1a: Ursaluna|Facade|p2a: Iron Jugulis
|-damage|p2a: Iron Jugulis|0 fnt
|faint|p2a: Iron Jugulis
|-end|p2a: Iron Jugulis|Quark Drive|[silent]
|
|-damage|p1a: Ursaluna|0 fnt|[from] brn
|faint|p1a: Ursaluna
|upkeep
|l|☆Chunkymilk7272!
|player|p2|
|j|☆Chunkymilk7272!
|player|p2|Chunkymilk7272!|melony
|-message|Chunkymilk7272! forfeited.
|
|win|Ting Lu is so cute
|raw|Ting Lu is so cute's rating: 1158 → 1180(+22 for winning)
|raw|Chunkymilk7272!'s rating: 1121 → 1099(-22 for losing)
|l|☆Chunkymilk7272!
