|j|☆V43
|j|☆caju_the_kashuu
|t:|1685933760
|gametype|singles
|player|p1|V43|265|1299
|player|p2|caju_the_kashuu|ingo|1302
|teamsize|p1|6
|teamsize|p2|6
|gen|9
|tier|[Gen 9] OU
|rated|
|rule|Sleep Clause Mod: Limit one foe put to sleep
|rule|Species Clause: Limit one of each Pokémon
|rule|OHKO Clause: OHKO moves are banned
|rule|Evasion Items Clause: Evasion items are banned
|rule|Evasion Moves Clause: Evasion moves are banned
|rule|Endless Battle Clause: Forcing endless battles is banned
|rule|HP Percentage Mod: HP is shown in percentages
|clearpoke
|poke|p1|Typhlosion-Hisui, M|
|poke|p1|Torkoal, F|
|poke|p1|Lilligant-Hisui, F|
|poke|p1|Arcanine-Hisui, F|
|poke|p1|Walking Wake|
|poke|p1|Enamorus-Therian, F|
|poke|p2|Kleavor, M|
|poke|p2|Heatran, F|
|poke|p2|Amoonguss, F|
|poke|p2|Torkoal, M|
|poke|p2|Walking Wake|
|poke|p2|Roaring Moon|
|teampreview
|inactive|Battle timer is ON: inactive players will automatically lose when time's up. (requested by caju_the_kashuu)
|
|t:|1685933777
|start
|switch|p1a: Lilligant|Lilligant-Hisui, F|100/100
|switch|p2a: Kleavor|Kleavor, M|100/100
|turn|1
|
|t:|1685933791
|move|p2a: Kleavor|X-Scissor|p1a: Lilligant
|-damage|p1a: Lilligant|9/100
|move|p1a: Lilligant|Close Combat|p2a: Kleavor
|-crit|p2a: Kleavor
|-damage|p2a: Kleavor|0 fnt
|-unboost|p1a: Lilligant|def|1
|-unboost|p1a: Lilligant|spd|1
|faint|p2a: Kleavor
|-damage|p1a: Lilligant|0 fnt|[from] item: Life Orb
|faint|p1a: Lilligant
|
|upkeep
|inactive|caju_the_kashuu has 120 seconds left.
|
|t:|1685933822
|switch|p1a: Walking Wake|Walking Wake|100/100
|switch|p2a: Torkoal|Torkoal, M|100/100
|-weather|SunnyDay|[from] ability: Drought|[of] p2a: Torkoal
|-activate|p1a: Walking Wake|ability: Protosynthesis
|-start|p1a: Walking Wake|protosynthesisspe
|turn|2
|inactive|caju_the_kashuu has 120 seconds left.
|
|t:|1685933837
|-terastallize|p2a: Torkoal|Water
|move|p1a: Walking Wake|Draco Meteor|p2a: Torkoal
|-damage|p2a: Torkoal|0 fnt
|-unboost|p1a: Walking Wake|spa|2
|faint|p2a: Torkoal
|
|-weather|SunnyDay|[upkeep]
|upkeep
|inactive|caju_the_kashuu has 120 seconds left.
|
|t:|1685933846
|switch|p2a: Walking Wake|Walking Wake|100/100
|-activate|p2a: Walking Wake|ability: Protosynthesis
|-start|p2a: Walking Wake|protosynthesisspe
|turn|3
|
|t:|1685933855
|-end|p1a: Walking Wake|Protosynthesis|[silent]
|switch|p1a: Enamorus|Enamorus-Therian, F|100/100
|move|p2a: Walking Wake|Hydro Steam|p1a: Enamorus
|-damage|p1a: Enamorus|40/100
|
|-weather|SunnyDay|[upkeep]
|upkeep
|turn|4
|
|t:|1685933867
|move|p2a: Walking Wake|Hydro Steam|p1a: Enamorus
|-damage|p1a: Enamorus|0 fnt
|faint|p1a: Enamorus
|
|-weather|SunnyDay|[upkeep]
|upkeep
|
|t:|1685933875
|switch|p1a: Walking Wake|Walking Wake|100/100
|-activate|p1a: Walking Wake|ability: Protosynthesis
|-start|p1a: Walking Wake|protosynthesisspe
|turn|5
|
|t:|1685933886
|-end|p2a: Walking Wake|Protosynthesis|[silent]
|switch|p2a: Amoonguss|Amoonguss, F|100/100
|move|p1a: Walking Wake|Hydro Steam|p2a: Amoonguss
|-resisted|p2a: Amoonguss
|-damage|p2a: Amoonguss|65/100
|
|-weather|SunnyDay|[upkeep]
|upkeep
|turn|6
|
|t:|1685933899
|-end|p1a: Walking Wake|Protosynthesis|[silent]
|switch|p1a: Torkoal|Torkoal, F|100/100
|move|p2a: Amoonguss|Spore|p1a: Torkoal
|-status|p1a: Torkoal|slp|[from] move: Spore
|
|-weather|SunnyDay|[upkeep]
|upkeep
|turn|7
|
|t:|1685933908
|switch|p2a: Walking Wake|Walking Wake|100/100
|-activate|p2a: Walking Wake|ability: Protosynthesis
|-start|p2a: Walking Wake|protosynthesisspe
|switch|p1a: Typhlosion|Typhlosion-Hisui, M|100/100
|-item|p2a: Walking Wake|Choice Specs|[from] ability: Frisk|[of] p1a: Typhlosion|[identify]
|
|-weather|SunnyDay|[upkeep]
|upkeep
|turn|8
|
|t:|1685933927
|switch|p1a: Torkoal|Torkoal, F|100/100 slp
|move|p2a: Walking Wake|Draco Meteor|p1a: Torkoal
|-damage|p1a: Torkoal|0 fnt
|-unboost|p2a: Walking Wake|spa|2
|faint|p1a: Torkoal
|
|-weather|SunnyDay|[upkeep]
|upkeep
|inactive|V43 has 120 seconds left.
|
|t:|1685933949
|switch|p1a: Typhlosion|Typhlosion-Hisui, M|100/100
|-item|p2a: Walking Wake|Choice Specs|[from] ability: Frisk|[of] p1a: Typhlosion|[identify]
|turn|9
|
|t:|1685933954
|-end|p2a: Walking Wake|Protosynthesis|[silent]
|switch|p2a: Heatran|Heatran, F|100/100
|-terastallize|p1a: Typhlosion|Fire
|move|p1a: Typhlosion|Eruption|p2a: Heatran
|-start|p2a: Heatran|ability: Flash Fire
|
|-weather|none
|upkeep
|turn|10
|
|t:|1685933965
|switch|p1a: Walking Wake|Walking Wake|100/100
|move|p2a: Heatran|Earth Power|p1a: Walking Wake
|-damage|p1a: Walking Wake|62/100
|
|upkeep
|turn|11
|
|t:|1685933979
|-end|p2a: Heatran|ability: Flash Fire|[silent]
|switch|p2a: Amoonguss|Amoonguss, F|98/100
|move|p1a: Walking Wake|Draco Meteor|p2a: Amoonguss
|-damage|p2a: Amoonguss|16/100
|-unboost|p1a: Walking Wake|spa|2
|
|upkeep
|turn|12
|
|t:|1685933993
|-end|p1a: Walking Wake|Protosynthesis|[silent]
|switch|p1a: Arcanine|Arcanine-Hisui, F|100/100
|-item|p1a: Arcanine|Air Balloon
|switch|p2a: Heatran|Heatran, F|100/100
|
|upkeep
|turn|13
|
|t:|1685934004
|move|p2a: Heatran|Power Gem|p1a: Arcanine
|-supereffective|p1a: Arcanine
|-damage|p1a: Arcanine|27/100
|-enditem|p1a: Arcanine|Air Balloon
|move|p1a: Arcanine|Head Smash|p2a: Heatran
|-damage|p2a: Heatran|35/100
|
|upkeep
|turn|14
|
|t:|1685934013
|move|p1a: Arcanine|Extreme Speed|p2a: Heatran
|-resisted|p2a: Heatran
|-damage|p2a: Heatran|22/100
|move|p2a: Heatran|Power Gem|p1a: Arcanine
|-supereffective|p1a: Arcanine
|-damage|p1a: Arcanine|0 fnt
|faint|p1a: Arcanine
|
|upkeep
|
|t:|1685934020
|switch|p1a: Walking Wake|Walking Wake|62/100
|turn|15
|
|t:|1685934027
|move|p2a: Heatran|Power Gem|p1a: Walking Wake
|-damage|p1a: Walking Wake|31/100
|move|p1a: Walking Wake|Draco Meteor|p2a: Heatran
|-resisted|p2a: Heatran
|-damage|p2a: Heatran|0 fnt
|-unboost|p1a: Walking Wake|spa|2
|faint|p2a: Heatran
|
|upkeep
|
|t:|1685934038
|switch|p2a: Roaring Moon|Roaring Moon|100/100
|turn|16
|
|t:|1685934041
|move|p2a: Roaring Moon|Crunch|p1a: Walking Wake
|-damage|p1a: Walking Wake|0 fnt
|faint|p1a: Walking Wake
|-end|p1a: Walking Wake|Protosynthesis|[silent]
|
|upkeep
|
|t:|1685934045
|switch|p1a: Typhlosion|Typhlosion-Hisui, M, tera:Fire|100/100
|-item|p2a: Roaring Moon|Choice Scarf|[from] ability: Frisk|[of] p1a: Typhlosion|[identify]
|turn|17
|
|t:|1685934049
|move|p2a: Roaring Moon|Crunch|p1a: Typhlosion
|-damage|p1a: Typhlosion|32/100
|move|p1a: Typhlosion|Eruption|p2a: Roaring Moon
|-resisted|p2a: Roaring Moon
|-damage|p2a: Roaring Moon|85/100
|
|upkeep
|turn|18
|
|t:|1685934056
|move|p2a: Roaring Moon|Crunch|p1a: Typhlosion
|-damage|p1a: Typhlosion|0 fnt
|faint|p1a: Typhlosion
|
|win|caju_the_kashuu
|raw|V43's rating: 1299 → 1274(-25 for losing)
|raw|caju_the_kashuu's rating: 1302 → 1322(+20 for winning)
