|j|‽Sr.wez1ng
|j|☆SnT05
|t:|1685921795
|gametype|singles
|player|p1|Sr.wez1ng|clair|1147
|player|p2|SnT05|1|1054
|teamsize|p1|6
|teamsize|p2|6
|gen|9
|tier|[Gen 9] OU
|rated|
|rule|Sleep Clause Mod: Limit one foe put to sleep
|rule|Species Clause: Limit one of each Pokémon
|rule|OHKO Clause: OHKO moves are banned
|rule|Evasion Items Clause: Evasion items are banned
|rule|Evasion Moves Clause: Evasion moves are banned
|rule|Endless Battle Clause: Forcing endless battles is banned
|rule|HP Percentage Mod: HP is shown in percentages
|clearpoke
|poke|p1|Ursaluna, M|
|poke|p1|Zamazenta-*|
|poke|p1|Rotom-Wash|
|poke|p1|Zoroark-Hisui, F|
|poke|p1|Toedscruel, M|
|poke|p1|Hoopa-Unbound|
|poke|p2|Greninja, M|
|poke|p2|Clodsire, M|
|poke|p2|Gholdengo|
|poke|p2|Iron Valiant|
|poke|p2|Great Tusk|
|poke|p2|Corviknight, M|
|teampreview
|l|‽Sr.wez1ng
|player|p1|
|inactive|Battle timer is ON: inactive players will automatically lose when time's up. (requested by SnT05)
|j|‽Sr.wez1ng
|inactive|Sr.wez1ng reconnected and has 145 seconds left.
|player|p1|Sr.wez1ng|clair
|n|‽Sr.wez1ng|srwez1ng
|
|t:|1685921837
|start
|switch|p1a: Rotom|Rotom-Wash, shiny|100/100
|switch|p2a: nito|Clodsire, M|100/100
|turn|1
|
|t:|1685921853
|switch|p1a: Ursaluna|Ursaluna, M|100/100
|move|p2a: nito|Stealth Rock|p1a: Ursaluna
|-sidestart|p1: Sr.wez1ng|move: Stealth Rock
|
|-status|p1a: Ursaluna|brn|[from] item: Flame Orb
|upkeep
|turn|2
|
|t:|1685921861
|switch|p2a: qervo|Corviknight, M|100/100
|-ability|p2a: qervo|Pressure
|move|p1a: Ursaluna|Swords Dance|p1a: Ursaluna
|-boost|p1a: Ursaluna|atk|2
|
|-damage|p1a: Ursaluna|94/100 brn|[from] brn
|upkeep
|turn|3
|
|t:|1685921875
|move|p2a: qervo|Brave Bird|p1a: Ursaluna
|-damage|p1a: Ursaluna|70/100 brn
|-damage|p2a: qervo|91/100|[from] Recoil
|move|p1a: Ursaluna|Fire Punch|p2a: qervo
|-supereffective|p2a: qervo
|-damage|p2a: qervo|0 fnt
|faint|p2a: qervo
|
|-damage|p1a: Ursaluna|64/100 brn|[from] brn
|upkeep
|
|t:|1685921885
|switch|p2a: mamut|Great Tusk|100/100
|turn|4
|
|t:|1685921890
|switch|p1a: Rotom|Rotom-Wash, shiny|100/100
|-damage|p1a: Rotom|88/100|[from] Stealth Rock
|move|p2a: mamut|Earthquake|p1a: Rotom
|-immune|p1a: Rotom|[from] ability: Levitate
|
|-heal|p1a: Rotom|94/100|[from] item: Leftovers
|upkeep
|turn|5
|
|t:|1685921904
|move|p2a: mamut|Knock Off|p1a: Rotom
|-damage|p1a: Rotom|64/100
|-enditem|p1a: Rotom|Leftovers|[from] move: Knock Off|[of] p2a: mamut
|move|p1a: Rotom|Hydro Pump|p2a: mamut|[miss]
|-miss|p1a: Rotom|p2a: mamut
|
|upkeep
|turn|6
|
|t:|1685921911
|move|p2a: mamut|Knock Off|p1a: Rotom
|-damage|p1a: Rotom|44/100
|move|p1a: Rotom|Will-O-Wisp|p2a: mamut
|-status|p2a: mamut|brn
|
|-damage|p2a: mamut|94/100 brn|[from] brn
|upkeep
|turn|7
|
|t:|1685921917
|move|p2a: mamut|Knock Off|p1a: Rotom
|-damage|p1a: Rotom|34/100
|move|p1a: Rotom|Hydro Pump|p2a: mamut
|-supereffective|p2a: mamut
|-damage|p2a: mamut|0 fnt
|faint|p2a: mamut
|-end|p2a: mamut|Protosynthesis|[silent]
|
|upkeep
|
|t:|1685921925
|switch|p2a: lengua|Greninja, M|100/100
|turn|8
|
|t:|1685921931
|move|p2a: lengua|Spikes|p1a: Rotom
|-start|p2a: lengua|typechange|Ground|[from] ability: Protean
|-sidestart|p1: Sr.wez1ng|Spikes
|move|p1a: Rotom|Volt Switch|p2a: lengua
|-immune|p2a: lengua
|
|upkeep
|turn|9
|
|t:|1685921938
|move|p2a: lengua|Spikes|p1a: Rotom
|-sidestart|p1: Sr.wez1ng|Spikes
|move|p1a: Rotom|Hydro Pump|p2a: lengua
|-supereffective|p2a: lengua
|-damage|p2a: lengua|0 fnt
|faint|p2a: lengua
|
|upkeep
|
|t:|1685921947
|switch|p2a: si|Iron Valiant|100/100
|turn|10
|
|t:|1685921955
|-terastallize|p2a: si|Fairy
|move|p2a: si|Moonblast|p1a: Rotom
|-crit|p1a: Rotom
|-damage|p1a: Rotom|0 fnt
|faint|p1a: Rotom
|
|upkeep
|
|t:|1685921963
|switch|p1a: Toedscruel|Toedscruel, M|100/100
|-damage|p1a: Toedscruel|94/100|[from] Stealth Rock
|-damage|p1a: Toedscruel|78/100|[from] Spikes
|turn|11
|
|t:|1685921967
|move|p2a: si|Moonblast|p1a: Toedscruel
|-damage|p1a: Toedscruel|38/100
|move|p1a: Toedscruel|Spore|p2a: si
|-status|p2a: si|slp|[from] move: Spore
|
|-heal|p1a: Toedscruel|44/100|[from] item: Leftovers
|upkeep
|turn|12
|
|t:|1685921976
|cant|p2a: si|slp
|move|p1a: Toedscruel|Leech Seed|p2a: si
|-start|p2a: si|move: Leech Seed
|
|-heal|p1a: Toedscruel|50/100|[from] item: Leftovers
|-damage|p2a: si|88/100 slp|[from] Leech Seed|[of] p1a: Toedscruel
|-heal|p1a: Toedscruel|60/100|[silent]
|upkeep
|turn|13
|
|t:|1685921984
|-curestatus|p2a: si|slp|[msg]
|move|p2a: si|Moonblast|p1a: Toedscruel
|-damage|p1a: Toedscruel|24/100
|move|p1a: Toedscruel|Trick Room|p1a: Toedscruel
|-fieldstart|move: Trick Room|[of] p1a: Toedscruel
|
|-heal|p1a: Toedscruel|30/100|[from] item: Leftovers
|-damage|p2a: si|76/100|[from] Leech Seed|[of] p1a: Toedscruel
|-heal|p1a: Toedscruel|40/100|[silent]
|upkeep
|turn|14
|
|t:|1685921993
|-end|p2a: si|Quark Drive|[silent]
|switch|p2a: nito|Clodsire, M|100/100
|move|p1a: Toedscruel|Spore|p2a: nito
|-status|p2a: nito|slp|[from] move: Spore
|
|-heal|p1a: Toedscruel|46/100|[from] item: Leftovers
|upkeep
|turn|15
|
|t:|1685922001
|switch|p2a: si|Iron Valiant, tera:Fairy|76/100
|move|p1a: Toedscruel|Leech Seed|p2a: si
|-start|p2a: si|move: Leech Seed
|
|-heal|p1a: Toedscruel|52/100|[from] item: Leftovers
|-damage|p2a: si|63/100|[from] Leech Seed|[of] p1a: Toedscruel
|-heal|p1a: Toedscruel|61/100|[silent]
|upkeep
|turn|16
|
|t:|1685922010
|move|p1a: Toedscruel|Earth Power|p2a: si
|-damage|p2a: si|20/100
|move|p2a: si|Moonblast|p1a: Toedscruel
|-damage|p1a: Toedscruel|24/100
|
|-heal|p1a: Toedscruel|30/100|[from] item: Leftovers
|-damage|p2a: si|7/100|[from] Leech Seed|[of] p1a: Toedscruel
|-heal|p1a: Toedscruel|40/100|[silent]
|upkeep
|turn|17
|
|t:|1685922021
|move|p1a: Toedscruel|Earth Power|p2a: si
|-damage|p2a: si|0 fnt
|faint|p2a: si
|-end|p2a: si|Quark Drive|[silent]
|
|-heal|p1a: Toedscruel|46/100|[from] item: Leftovers
|-fieldend|move: Trick Room
|upkeep
|-message|SnT05 forfeited.
|
|win|Sr.wez1ng
|raw|Sr.wez1ng's rating: 1147 → 1165(+18 for winning)
|raw|SnT05's rating: 1054 → 1041(-13 for losing)
|l|☆SnT05
