|j|☆uto Amo
|j|☆L34D3R M1STY
|t:|1685933171
|gametype|singles
|player|p1|uto Amo|266|1556
|player|p2|L34D3R M1STY|misty|1548
|teamsize|p1|6
|teamsize|p2|6
|gen|9
|tier|[Gen 9] OU
|rated|
|rule|Sleep Clause Mod: Limit one foe put to sleep
|rule|Species Clause: Limit one of each Pokémon
|rule|OHKO Clause: OHKO moves are banned
|rule|Evasion Items Clause: Evasion items are banned
|rule|Evasion Moves Clause: Evasion moves are banned
|rule|Endless Battle Clause: Forcing endless battles is banned
|rule|HP Percentage Mod: HP is shown in percentages
|clearpoke
|poke|p1|Samurott-Hisui, F|
|poke|p1|Dragapult, M|
|poke|p1|Ursaluna, F|
|poke|p1|Magearna|
|poke|p1|Sneasler, F|
|poke|p1|Urshifu-*, M|
|poke|p2|Kleavor, F|
|poke|p2|Pelipper, F|
|poke|p2|Basculegion, M|
|poke|p2|Iron Treads|
|poke|p2|Rabsca, F|
|poke|p2|Dragonite, F|
|teampreview
|inactive|Battle timer is ON: inactive players will automatically lose when time's up. (requested by L34D3R M1STY)
|c|☆L34D3R M1STY|Glhf
|c|☆uto Amo|u2
|
|t:|1685933185
|start
|switch|p1a: Samurott|Samurott-Hisui, F|100/100
|switch|p2a: Pelipper|Pelipper, F|100/100
|-weather|RainDance|[from] ability: Drizzle|[of] p2a: Pelipper
|turn|1
|
|t:|1685933190
|move|p1a: Samurott|Ceaseless Edge|p2a: Pelipper
|-damage|p2a: Pelipper|64/100
|-sidestart|p2: L34D3R M1STY|Spikes
|move|p2a: Pelipper|U-turn|p1a: Samurott
|-supereffective|p1a: Samurott
|-damage|p1a: Samurott|78/100
|
|t:|1685933204
|switch|p2a: Basculegion|Basculegion, M|100/100|[from] U-turn
|-damage|p2a: Basculegion|88/100|[from] Spikes
|
|-weather|RainDance|[upkeep]
|upkeep
|turn|2
|
|t:|1685933208
|switch|p1a: Dragapult|Dragapult, M|100/100
|-terastallize|p2a: Basculegion|Water
|move|p2a: Basculegion|Wave Crash|p1a: Dragapult
|-resisted|p1a: Dragapult
|-damage|p1a: Dragapult|0 fnt
|faint|p1a: Dragapult
|-damage|p2a: Basculegion|55/100|[from] Recoil
|
|-weather|RainDance|[upkeep]
|upkeep
|
|t:|1685933217
|switch|p1a: Sneasler|Sneasler, F|100/100
|turn|3
|
|t:|1685933220
|move|p1a: Sneasler|Fake Out|p2a: Basculegion
|-enditem|p1a: Sneasler|Normal Gem|[from] gem
|-crit|p2a: Basculegion
|-damage|p2a: Basculegion|17/100
|cant|p2a: Basculegion|flinch
|
|-weather|RainDance|[upkeep]
|upkeep
|turn|4
|
|t:|1685933229
|move|p1a: Sneasler|Dire Claw|p2a: Basculegion
|-damage|p2a: Basculegion|0 fnt
|faint|p2a: Basculegion
|
|-weather|RainDance|[upkeep]
|upkeep
|
|t:|1685933232
|switch|p2a: Dragonite|Dragonite, F|100/100
|turn|5
|
|t:|1685933237
|move|p1a: Sneasler|Dire Claw|p2a: Dragonite
|-damage|p2a: Dragonite|74/100
|move|p2a: Dragonite|Hurricane|p1a: Sneasler
|-supereffective|p1a: Sneasler
|-damage|p1a: Sneasler|0 fnt
|faint|p1a: Sneasler
|
|-weather|RainDance|[upkeep]
|upkeep
|
|t:|1685933249
|switch|p1a: Samurott|Samurott-Hisui, F|78/100
|turn|6
|
|t:|1685933252
|move|p1a: Samurott|Ceaseless Edge|p2a: Dragonite
|-damage|p2a: Dragonite|17/100
|-sidestart|p2: L34D3R M1STY|Spikes
|move|p2a: Dragonite|Thunder|p1a: Samurott
|-supereffective|p1a: Samurott
|-damage|p1a: Samurott|0 fnt
|faint|p1a: Samurott
|
|-weather|RainDance|[upkeep]
|upkeep
|
|t:|1685933261
|switch|p1a: Urshifu|Urshifu-Rapid-Strike, M|100/100
|turn|7
|
|t:|1685933266
|move|p2a: Dragonite|Extreme Speed|p1a: Urshifu
|-damage|p1a: Urshifu|71/100
|move|p1a: Urshifu|Surging Strikes|p2a: Dragonite
|-resisted|p2a: Dragonite
|-crit|p2a: Dragonite
|-damage|p2a: Dragonite|0 fnt
|faint|p2a: Dragonite
|-hitcount|p2: Dragonite|1
|
|-weather|RainDance|[upkeep]
|upkeep
|
|t:|1685933287
|switch|p2a: Pelipper|Pelipper, F|64/100
|turn|8
|
|t:|1685933298
|-terastallize|p1a: Urshifu|Water
|move|p1a: Urshifu|Surging Strikes|p2a: Pelipper
|-resisted|p2a: Pelipper
|-crit|p2a: Pelipper
|-damage|p2a: Pelipper|49/100
|-resisted|p2a: Pelipper
|-crit|p2a: Pelipper
|-damage|p2a: Pelipper|34/100
|-resisted|p2a: Pelipper
|-crit|p2a: Pelipper
|-damage|p2a: Pelipper|18/100
|-hitcount|p2a: Pelipper|3
|move|p2a: Pelipper|Hurricane|p1a: Urshifu
|-damage|p1a: Urshifu|12/100
|
|-weather|none
|upkeep
|turn|9
|inactive|L34D3R M1STY has 120 seconds left.
|
|t:|1685933318
|move|p1a: Urshifu|Trailblaze|p2a: Pelipper
|-damage|p2a: Pelipper|5/100
|-boost|p1a: Urshifu|spe|1
|move|p2a: Pelipper|Hurricane|p1a: Urshifu
|-damage|p1a: Urshifu|0 fnt
|faint|p1a: Urshifu
|
|upkeep
|
|t:|1685933325
|switch|p1a: Magearna|Magearna|100/100
|turn|10
|
|t:|1685933330
|move|p1a: Magearna|Shift Gear|p1a: Magearna
|-boost|p1a: Magearna|spe|2
|-boost|p1a: Magearna|atk|1
|move|p2a: Pelipper|U-turn|p1a: Magearna
|-resisted|p1a: Magearna
|-damage|p1a: Magearna|99/100
|
|t:|1685933331
|switch|p2a: Iron Treads|Iron Treads|100/100|[from] U-turn
|-damage|p2a: Iron Treads|84/100|[from] Spikes
|
|-heal|p1a: Magearna|100/100|[from] item: Leftovers
|upkeep
|turn|11
|
|t:|1685933341
|move|p1a: Magearna|Calm Mind|p1a: Magearna
|-boost|p1a: Magearna|spa|1
|-boost|p1a: Magearna|spd|1
|move|p2a: Iron Treads|Rapid Spin|p1a: Magearna
|-resisted|p1a: Magearna
|-damage|p1a: Magearna|91/100
|-boost|p2a: Iron Treads|spe|1
|-sideend|p2: L34D3R M1STY|Spikes|[from] move: Rapid Spin|[of] p2a: Iron Treads
|
|-heal|p1a: Magearna|97/100|[from] item: Leftovers
|upkeep
|turn|12
|
|t:|1685933348
|move|p2a: Iron Treads|Earthquake|p1a: Magearna
|-supereffective|p1a: Magearna
|-damage|p1a: Magearna|0 fnt
|faint|p1a: Magearna
|
|upkeep
|
|t:|1685933352
|switch|p1a: Ursaluna|Ursaluna, F|100/100
|turn|13
|-message|uto Amo forfeited.
|
|win|L34D3R M1STY
|raw|uto Amo's rating: 1556 → 1536(-20 for losing)
|raw|L34D3R M1STY's rating: 1548 → 1568(+20 for winning)
|l|☆uto Amo
|c|☆L34D3R M1STY|Gg
