|j|☆Ye olde doggo
|j|☆Sencopion
|t:|1685838841
|gametype|singles
|player|p1|Ye olde doggo|drayden|1145
|player|p2|Sencopion|hiker-gen4|1099
|teamsize|p1|6
|teamsize|p2|6
|gen|9
|tier|[Gen 9] OU
|rated|
|rule|Sleep Clause Mod: Limit one foe put to sleep
|rule|Species Clause: Limit one of each Pokémon
|rule|OHKO Clause: OHKO moves are banned
|rule|Evasion Items Clause: Evasion items are banned
|rule|Evasion Moves Clause: Evasion moves are banned
|rule|Endless Battle Clause: Forcing endless battles is banned
|rule|HP Percentage Mod: HP is shown in percentages
|clearpoke
|poke|p1|Samurott-Hisui, M|
|poke|p1|Dragapult, M|
|poke|p1|Great Tusk|
|poke|p1|Corviknight, F|
|poke|p1|Heatran, F|
|poke|p1|Magearna|
|poke|p2|Basculegion, M|
|poke|p2|Great Tusk|
|poke|p2|Goodra-Hisui, M|
|poke|p2|Corviknight, F|
|poke|p2|Thundurus, M|
|poke|p2|Volcarona, M|
|teampreview
|inactive|Battle timer is ON: inactive players will automatically lose when time's up. (requested by Sencopion)
|
|t:|1685838851
|start
|switch|p1a: Samurott|Samurott-Hisui, M|100/100
|switch|p2a: Thundurus|Thundurus, M|100/100
|turn|1
|
|t:|1685838865
|move|p2a: Thundurus|Volt Switch|p1a: Samurott
|-supereffective|p1a: Samurott
|-damage|p1a: Samurott|1/100
|
|t:|1685838869
|switch|p2a: Great Tusk|Great Tusk|100/100|[from] Volt Switch
|move|p1a: Samurott|Aqua Cutter|p2a: Great Tusk
|-supereffective|p2a: Great Tusk
|-damage|p2a: Great Tusk|0 fnt
|faint|p2a: Great Tusk
|-end|p2a: Great Tusk|Protosynthesis|[silent]
|
|upkeep
|
|t:|1685838881
|switch|p2a: Thundurus|Thundurus, M|100/100
|turn|2
|
|t:|1685838886
|switch|p1a: Magearna|Magearna|100/100
|move|p2a: Thundurus|Grass Knot|p1a: Magearna
|-resisted|p1a: Magearna
|-damage|p1a: Magearna|88/100
|
|-heal|p1a: Magearna|94/100|[from] item: Leftovers
|upkeep
|turn|3
|
|t:|1685838889
|move|p2a: Thundurus|Thunder Wave|p1a: Magearna
|-status|p1a: Magearna|par
|cant|p1a: Magearna|par
|
|-heal|p1a: Magearna|99/100 par|[from] item: Leftovers
|upkeep
|turn|4
|
|t:|1685838892
|move|p2a: Thundurus|Volt Switch|p1a: Magearna
|-damage|p1a: Magearna|68/100 par
|
|t:|1685838895
|switch|p2a: Volcarona|Volcarona, M|100/100|[from] Volt Switch
|move|p1a: Magearna|Calm Mind|p1a: Magearna
|-boost|p1a: Magearna|spa|1
|-boost|p1a: Magearna|spd|1
|
|-heal|p1a: Magearna|74/100 par|[from] item: Leftovers
|upkeep
|turn|5
|
|t:|1685838898
|switch|p1a: Heatran|Heatran, F|100/100
|move|p2a: Volcarona|Quiver Dance|p2a: Volcarona
|-boost|p2a: Volcarona|spa|1
|-boost|p2a: Volcarona|spd|1
|-boost|p2a: Volcarona|spe|1
|
|upkeep
|turn|6
|
|t:|1685838902
|-terastallize|p2a: Volcarona|Ground
|move|p2a: Volcarona|Tera Blast|p1a: Heatran
|-supereffective|p1a: Heatran
|-damage|p1a: Heatran|0 fnt
|faint|p1a: Heatran
|
|upkeep
|
|t:|1685838907
|switch|p1a: Samurott|Samurott-Hisui, M|1/100
|turn|7
|
|t:|1685838909
|move|p1a: Samurott|Aqua Jet|p2a: Volcarona
|-supereffective|p2a: Volcarona
|-damage|p2a: Volcarona|18/100
|move|p2a: Volcarona|Giga Drain|p1a: Samurott
|-supereffective|p1a: Samurott
|-damage|p1a: Samurott|0 fnt
|-heal|p2a: Volcarona|18/100|[from] drain|[of] p1a: Samurott
|faint|p1a: Samurott
|
|upkeep
|
|t:|1685838919
|switch|p1a: Dragapult|Dragapult, M|100/100
|turn|8
|
|t:|1685838924
|move|p2a: Volcarona|Tera Blast|p1a: Dragapult
|-damage|p1a: Dragapult|6/100
|move|p1a: Dragapult|Dragon Darts|p2a: Volcarona
|-damage|p2a: Volcarona|0 fnt
|faint|p2a: Volcarona
|
|-heal|p1a: Dragapult|12/100|[from] item: Leftovers
|upkeep
|
|t:|1685838934
|switch|p2a: Corviknight|Corviknight, F|100/100
|-ability|p2a: Corviknight|Pressure
|turn|9
|
|t:|1685838939
|switch|p1a: raven|Corviknight, F, shiny|100/100
|-ability|p1a: raven|Pressure
|move|p2a: Corviknight|U-turn|p1a: raven
|-resisted|p1a: raven
|-damage|p1a: raven|98/100
|-damage|p2a: Corviknight|84/100|[from] item: Rocky Helmet|[of] p1a: raven
|
|t:|1685838944
|switch|p2a: Thundurus|Thundurus, M|100/100|[from] U-turn
|
|upkeep
|turn|10
|
|t:|1685838949
|switch|p1a: Magearna|Magearna|74/100 par
|move|p2a: Thundurus|Volt Switch|p1a: Magearna
|-damage|p1a: Magearna|42/100 par
|
|t:|1685838952
|switch|p2a: Basculegion|Basculegion, M|100/100|[from] Volt Switch
|
|-heal|p1a: Magearna|48/100 par|[from] item: Leftovers
|upkeep
|turn|11
|
|t:|1685838956
|switch|p1a: raven|Corviknight, F, shiny|98/100
|-ability|p1a: raven|Pressure
|move|p2a: Basculegion|Wave Crash|p1a: raven
|-damage|p1a: raven|41/100
|-damage|p2a: Basculegion|84/100|[from] item: Rocky Helmet|[of] p1a: raven
|-damage|p2a: Basculegion|64/100|[from] Recoil
|
|upkeep
|turn|12
|
|t:|1685838959
|move|p2a: Basculegion|Wave Crash|p1a: raven
|-damage|p1a: raven|0 fnt
|-damage|p2a: Basculegion|48/100|[from] item: Rocky Helmet|[of] p1a: raven
|faint|p1a: raven
|-damage|p2a: Basculegion|34/100|[from] Recoil
|
|upkeep
|
|t:|1685838961
|switch|p1a: Dragapult|Dragapult, M|12/100
|turn|13
|
|t:|1685838967
|switch|p2a: Corviknight|Corviknight, F|84/100
|-ability|p2a: Corviknight|Pressure
|-terastallize|p1a: Dragapult|Ghost
|move|p1a: Dragapult|Tera Blast|p2a: Corviknight
|-damage|p2a: Corviknight|51/100
|
|-heal|p1a: Dragapult|18/100|[from] item: Leftovers
|-heal|p2a: Corviknight|57/100|[from] item: Leftovers
|upkeep
|turn|14
|
|t:|1685838981
|switch|p1a: Magearna|Magearna|48/100 par
|move|p2a: Corviknight|Brave Bird|p1a: Magearna
|-resisted|p1a: Magearna
|-damage|p1a: Magearna|37/100 par
|-damage|p2a: Corviknight|53/100|[from] Recoil
|
|-heal|p2a: Corviknight|59/100|[from] item: Leftovers
|-heal|p1a: Magearna|43/100 par|[from] item: Leftovers
|upkeep
|turn|15
|
|t:|1685838985
|move|p2a: Corviknight|U-turn|p1a: Magearna
|-resisted|p1a: Magearna
|-damage|p1a: Magearna|41/100 par
|
|t:|1685838990
|switch|p2a: Goodra|Goodra-Hisui, M|100/100|[from] U-turn
|move|p1a: Magearna|Volt Switch|p2a: Goodra
|-resisted|p2a: Goodra
|-damage|p2a: Goodra|96/100
|
|t:|1685838992
|switch|p1a: Great Tusk|Great Tusk|100/100|[from] Volt Switch
|
|upkeep
|turn|16
|
|t:|1685839001
|move|p1a: Great Tusk|Stealth Rock|p2a: Goodra
|-sidestart|p2: Sencopion|move: Stealth Rock
|move|p2a: Goodra|Draco Meteor|p1a: Great Tusk
|-damage|p1a: Great Tusk|7/100
|-unboost|p2a: Goodra|spa|2
|
|-heal|p1a: Great Tusk|13/100|[from] item: Leftovers
|upkeep
|turn|17
|
|t:|1685839004
|switch|p2a: Corviknight|Corviknight, F|59/100
|-damage|p2a: Corviknight|47/100|[from] Stealth Rock
|-ability|p2a: Corviknight|Pressure
|move|p1a: Great Tusk|Earthquake|p2a: Corviknight
|-immune|p2a: Corviknight
|
|-heal|p1a: Great Tusk|20/100|[from] item: Leftovers
|-heal|p2a: Corviknight|53/100|[from] item: Leftovers
|upkeep
|turn|18
|
|t:|1685839012
|move|p1a: Great Tusk|Knock Off|p2a: Corviknight
|-damage|p2a: Corviknight|34/100
|-enditem|p2a: Corviknight|Leftovers|[from] move: Knock Off|[of] p1a: Great Tusk
|move|p2a: Corviknight|U-turn|p1a: Great Tusk
|-resisted|p1a: Great Tusk
|-damage|p1a: Great Tusk|14/100
|
|t:|1685839017
|switch|p2a: Thundurus|Thundurus, M|100/100|[from] U-turn
|
|-heal|p1a: Great Tusk|20/100|[from] item: Leftovers
|upkeep
|turn|19
|
|t:|1685839033
|move|p2a: Thundurus|Grass Knot|p1a: Great Tusk
|-supereffective|p1a: Great Tusk
|-damage|p1a: Great Tusk|0 fnt
|faint|p1a: Great Tusk
|-end|p1a: Great Tusk|Protosynthesis|[silent]
|
|upkeep
|
|t:|1685839035
|switch|p1a: Dragapult|Dragapult, M, tera:Ghost|18/100
|turn|20
|inactive|Ye olde doggo has 120 seconds left.
|
|t:|1685839076
|move|p2a: Thundurus|Thunder Wave|p1a: Dragapult
|-status|p1a: Dragapult|par
|move|p1a: Dragapult|Tera Blast|p2a: Thundurus
|-damage|p2a: Thundurus|16/100
|
|-heal|p1a: Dragapult|24/100 par|[from] item: Leftovers
|upkeep
|turn|21
|-message|Ye olde doggo forfeited.
|
|win|Sencopion
|raw|Ye olde doggo's rating: 1145 → 1117(-28 for losing)
|raw|Sencopion's rating: 1099 → 1127(+28 for winning)
|l|☆Ye olde doggo
