|j|☆Real_adinja
|j|☆Licorice Allsort
|t:|1685870789
|gametype|singles
|player|p1|Real_adinja|169|1012
|player|p2|Licorice Allsort|169|1000
|teamsize|p1|6
|teamsize|p2|1
|gen|9
|tier|[Gen 9] OU
|rated|
|rule|Sleep Clause Mod: Limit one foe put to sleep
|rule|Species Clause: Limit one of each Pokémon
|rule|OHKO Clause: OHKO moves are banned
|rule|Evasion Items Clause: Evasion items are banned
|rule|Evasion Moves Clause: Evasion moves are banned
|rule|Endless Battle Clause: Forcing endless battles is banned
|rule|HP Percentage Mod: HP is shown in percentages
|clearpoke
|poke|p1|Arboliva, M|
|poke|p1|Cyclizar, F|
|poke|p1|Ceruledge, F|
|poke|p1|Roaring Moon|
|poke|p1|Gholdengo|
|poke|p1|Iron Valiant|
|poke|p2|Arcanine-Hisui, M|
|teampreview
|inactive|Battle timer is ON: inactive players will automatically lose when time's up. (requested by Real_adinja)
|
|t:|1685870799
|start
|switch|p1a: Iron Valiant|Iron Valiant|100/100
|switch|p2a: Arcanine|Arcanine-Hisui, M|100/100
|turn|1
|
|t:|1685870811
|-terastallize|p2a: Arcanine|Fire
|move|p1a: Iron Valiant|Swords Dance|p1a: Iron Valiant
|-boost|p1a: Iron Valiant|atk|2
|move|p2a: Arcanine|Flare Blitz|p1a: Iron Valiant
|-damage|p1a: Iron Valiant|0 fnt
|faint|p1a: Iron Valiant
|-end|p1a: Iron Valiant|Quark Drive|[silent]
|
|upkeep
|
|t:|1685870824
|switch|p1a: Cyclizar|Cyclizar, F|100/100
|turn|2
|
|t:|1685870831
|move|p1a: Cyclizar|Knock Off|p2a: Arcanine
|-damage|p2a: Arcanine|57/100
|-enditem|p2a: Arcanine|Choice Band|[from] move: Knock Off|[of] p1a: Cyclizar
|-damage|p1a: Cyclizar|91/100|[from] item: Life Orb
|move|p2a: Arcanine|Flare Blitz|p1a: Cyclizar
|-resisted|p1a: Cyclizar
|-damage|p1a: Cyclizar|15/100
|
|upkeep
|turn|3
|
|t:|1685870843
|move|p2a: Arcanine|Head Smash|p1a: Cyclizar
|-damage|p1a: Cyclizar|0 fnt
|faint|p1a: Cyclizar
|
|upkeep
|
|t:|1685870849
|switch|p1a: Ceruledge|Ceruledge, F|100/100
|turn|4
|
|t:|1685870857
|move|p1a: Ceruledge|Close Combat|p2a: Arcanine
|-damage|p2a: Arcanine|10/100
|-unboost|p1a: Ceruledge|def|1
|-unboost|p1a: Ceruledge|spd|1
|move|p2a: Arcanine|Head Smash|p1a: Ceruledge
|-supereffective|p1a: Ceruledge
|-damage|p1a: Ceruledge|0 fnt
|faint|p1a: Ceruledge
|
|upkeep
|
|t:|1685870866
|switch|p1a: Roaring Moon|Roaring Moon|100/100
|turn|5
|
|t:|1685870874
|move|p1a: Roaring Moon|Dragon Dance|p1a: Roaring Moon
|-boost|p1a: Roaring Moon|atk|1
|-boost|p1a: Roaring Moon|spe|1
|move|p2a: Arcanine|Close Combat|p1a: Roaring Moon
|-supereffective|p1a: Roaring Moon
|-damage|p1a: Roaring Moon|0 fnt
|-unboost|p2a: Arcanine|def|1
|-unboost|p2a: Arcanine|spd|1
|faint|p1a: Roaring Moon
|-end|p1a: Roaring Moon|Protosynthesis|[silent]
|
|upkeep
|
|t:|1685870880
|switch|p1a: Gholdengo|Gholdengo|100/100
|turn|6
|
|t:|1685870889
|move|p2a: Arcanine|Flare Blitz|p1a: Gholdengo
|-supereffective|p1a: Gholdengo
|-damage|p1a: Gholdengo|0 fnt
|faint|p1a: Gholdengo
|
|upkeep
|
|t:|1685870892
|switch|p1a: Arboliva|Arboliva, M|100/100
|turn|7
|
|t:|1685870899
|move|p2a: Arcanine|Flare Blitz|p1a: Arboliva
|-supereffective|p1a: Arboliva
|-damage|p1a: Arboliva|0 fnt
|-fieldstart|move: Grassy Terrain|[from] ability: Seed Sower|[of] p1a: Arboliva
|faint|p1a: Arboliva
|
|win|Licorice Allsort
|raw|Real_adinja's rating: 1012 → 1000(-12 for losing)
|raw|Licorice Allsort's rating: 1000 → 1041(+41 for winning)
|l|☆Real_adinja
