|j|☆valakmtn
|j|☆JavierTheFox
|t:|1685831250
|gametype|singles
|player|p1|valakmtn|grimsley|1227
|player|p2|JavierTheFox|265|1305
|teamsize|p1|6
|teamsize|p2|6
|gen|9
|tier|[Gen 9] OU
|rated|
|rule|Sleep Clause Mod: Limit one foe put to sleep
|rule|Species Clause: Limit one of each Pokémon
|rule|OHKO Clause: OHKO moves are banned
|rule|Evasion Items Clause: Evasion items are banned
|rule|Evasion Moves Clause: Evasion moves are banned
|rule|Endless Battle Clause: Forcing endless battles is banned
|rule|HP Percentage Mod: HP is shown in percentages
|clearpoke
|poke|p1|Zamazenta-*|
|poke|p1|Magearna|
|poke|p1|Landorus-Therian, M|
|poke|p1|Urshifu-*, F|
|poke|p1|Glimmora, F|
|poke|p1|Samurott-Hisui, F|
|poke|p2|Chien-Pao|
|poke|p2|Magearna|
|poke|p2|Heatran, M|
|poke|p2|Corviknight, M|
|poke|p2|Zoroark-Hisui, F|
|poke|p2|Landorus-Therian, M|
|teampreview
|inactive|Battle timer is ON: inactive players will automatically lose when time's up. (requested by valakmtn)
|
|t:|1685831271
|start
|switch|p1a: Landorus|Landorus-Therian, M|100/100
|switch|p2a: Heatran|Heatran, M|100/100
|-ability|p1a: Landorus|Intimidate|boost
|-unboost|p2a: Heatran|atk|1
|turn|1
|
|t:|1685831291
|move|p2a: Heatran|Hyper Voice|p1a: Landorus
|-damage|p1a: Landorus|21/100
|move|p1a: Landorus|Stealth Rock|p2a: Heatran
|-sidestart|p2: JavierTheFox|move: Stealth Rock
|
|-heal|p1a: Landorus|27/100|[from] item: Leftovers
|upkeep
|turn|2
|
|t:|1685831298
|switch|p1a: Magearna|Magearna|100/100
|move|p2a: Heatran|Hyper Voice|p1a: Magearna
|-resisted|p1a: Magearna
|-damage|p1a: Magearna|81/100
|
|upkeep
|turn|3
|
|t:|1685831303
|switch|p2a: Heatran|Heatran, M|100/100
|-damage|p2a: Heatran|88/100|[from] Stealth Rock
|move|p1a: Magearna|Volt Switch|p2a: Heatran
|-damage|p2a: Heatran|72/100
|
|t:|1685831311
|switch|p1a: Zamazenta|Zamazenta|100/100|[from] Volt Switch
|-ability|p1a: Zamazenta|Dauntless Shield|boost
|-boost|p1a: Zamazenta|def|1
|
|-heal|p2a: Heatran|78/100|[from] item: Leftovers
|upkeep
|turn|4
|
|t:|1685831317
|switch|p2a: Corviknight|Corviknight, M|100/100
|move|p1a: Zamazenta|Crunch|p2a: Corviknight
|-damage|p2a: Corviknight|78/100
|
|upkeep
|turn|5
|
|t:|1685831330
|switch|p1a: Magearna|Magearna|81/100
|move|p2a: Corviknight|Defog|p1a: Magearna
|-unboost|p1a: Magearna|evasion|1
|-sideend|p2: JavierTheFox|Stealth Rock|[from] move: Defog|[of] p2a: Corviknight
|
|upkeep
|turn|6
|
|t:|1685831337
|move|p2a: Corviknight|Roost|p2a: Corviknight
|-heal|p2a: Corviknight|100/100
|-singleturn|p2a: Corviknight|move: Roost
|move|p1a: Magearna|Volt Switch|p2a: Corviknight
|-damage|p2a: Corviknight|73/100
|
|t:|1685831355
|switch|p1a: Urshifu|Urshifu-Rapid-Strike, F|100/100|[from] Volt Switch
|
|upkeep
|turn|7
|
|t:|1685831360
|move|p1a: Urshifu|Trailblaze|p2a: Corviknight
|-resisted|p2a: Corviknight
|-damage|p2a: Corviknight|70/100
|-boost|p1a: Urshifu|spe|1
|move|p2a: Corviknight|Brave Bird|p1a: Urshifu
|-supereffective|p1a: Urshifu
|-damage|p1a: Urshifu|28/100
|-damage|p2a: Corviknight|50/100|[from] Recoil
|
|upkeep
|turn|8
|
|t:|1685831370
|move|p1a: Urshifu|Surging Strikes|p2a: Corviknight
|-crit|p2a: Corviknight
|-damage|p2a: Corviknight|38/100
|-crit|p2a: Corviknight
|-damage|p2a: Corviknight|24/100
|-crit|p2a: Corviknight
|-damage|p2a: Corviknight|12/100
|-hitcount|p2a: Corviknight|3
|move|p2a: Corviknight|Roost|p2a: Corviknight
|-heal|p2a: Corviknight|62/100
|-singleturn|p2a: Corviknight|move: Roost
|
|upkeep
|turn|9
|
|t:|1685831391
|move|p1a: Urshifu|Close Combat|p2a: Corviknight
|-damage|p2a: Corviknight|26/100
|-unboost|p1a: Urshifu|def|1
|-unboost|p1a: Urshifu|spd|1
|move|p2a: Corviknight|Brave Bird|p1a: Urshifu
|-supereffective|p1a: Urshifu
|-damage|p1a: Urshifu|0 fnt
|faint|p1a: Urshifu
|-damage|p2a: Corviknight|18/100|[from] Recoil
|
|upkeep
|
|t:|1685831402
|switch|p1a: Zamazenta|Zamazenta|100/100
|turn|10
|
|t:|1685831407
|switch|p2a: Landorus|Landorus-Therian, M, shiny|100/100
|-ability|p2a: Landorus|Intimidate|boost
|-unboost|p1a: Zamazenta|atk|1
|move|p1a: Zamazenta|Crunch|p2a: Landorus
|-damage|p2a: Landorus|71/100
|
|upkeep
|turn|11
|
|t:|1685831417
|switch|p1a: Landorus|Landorus-Therian, M|27/100
|-ability|p1a: Landorus|Intimidate|boost
|-unboost|p2a: Landorus|atk|1
|move|p2a: Landorus|U-turn|p1a: Landorus
|-resisted|p1a: Landorus
|-damage|p1a: Landorus|19/100
|-damage|p2a: Landorus|61/100|[from] item: Life Orb
|
|t:|1685831428
|switch|p2a: Landorus|Landorus-Therian, M, shiny|100/100|[from] U-turn
|
|-heal|p1a: Landorus|26/100|[from] item: Leftovers
|upkeep
|turn|12
|
|t:|1685831434
|move|p2a: Landorus|Shadow Ball|p1a: Landorus
|-damage|p1a: Landorus|0 fnt
|faint|p1a: Landorus
|
|upkeep
|
|t:|1685831437
|switch|p1a: Zamazenta|Zamazenta|100/100
|turn|13
|
|t:|1685831446
|switch|p2a: Landorus|Landorus-Therian, M, shiny|61/100
|-ability|p2a: Landorus|Intimidate|boost
|-unboost|p1a: Zamazenta|atk|1
|move|p1a: Zamazenta|Close Combat|p2a: Landorus
|-resisted|p2a: Landorus
|-damage|p2a: Landorus|25/100
|-unboost|p1a: Zamazenta|def|1
|-unboost|p1a: Zamazenta|spd|1
|
|upkeep
|turn|14
|
|t:|1685831459
|move|p1a: Zamazenta|Close Combat|p2a: Landorus
|-resisted|p2a: Landorus
|-damage|p2a: Landorus|0 fnt
|-unboost|p1a: Zamazenta|def|1
|-unboost|p1a: Zamazenta|spd|1
|faint|p2a: Landorus
|
|upkeep
|
|t:|1685831462
|switch|p2a: Magearna|Magearna|100/100
|turn|15
|
|t:|1685831470
|switch|p1a: Magearna|Magearna|81/100
|move|p2a: Magearna|Shift Gear|p2a: Magearna
|-boost|p2a: Magearna|spe|2
|-boost|p2a: Magearna|atk|1
|
|upkeep
|turn|16
|
|t:|1685831475
|-terastallize|p1a: Magearna|Ground
|move|p2a: Magearna|Calm Mind|p2a: Magearna
|-boost|p2a: Magearna|spa|1
|-boost|p2a: Magearna|spd|1
|move|p1a: Magearna|Tera Blast|p2a: Magearna
|-supereffective|p2a: Magearna
|-damage|p2a: Magearna|48/100
|-enditem|p2a: Magearna|Weakness Policy
|-boost|p2a: Magearna|atk|2|[from] item: Weakness Policy
|-boost|p2a: Magearna|spa|2|[from] item: Weakness Policy
|
|upkeep
|turn|17
|
|t:|1685831486
|move|p2a: Magearna|Stored Power|p1a: Magearna
|-damage|p1a: Magearna|0 fnt
|faint|p1a: Magearna
|-ability|p2a: Magearna|Soul-Heart|boost
|-boost|p2a: Magearna|spa|1
|
|upkeep
|
|t:|1685831498
|switch|p1a: Zamazenta|Zamazenta|100/100
|turn|18
|
|t:|1685831505
|move|p2a: Magearna|Draining Kiss|p1a: Zamazenta
|-supereffective|p1a: Zamazenta
|-damage|p1a: Zamazenta|0 fnt
|-heal|p2a: Magearna|100/100|[from] drain|[of] p1a: Zamazenta
|faint|p1a: Zamazenta
|-ability|p2a: Magearna|Soul-Heart|boost
|-boost|p2a: Magearna|spa|1
|
|upkeep
|-message|valakmtn forfeited.
|
|win|JavierTheFox
|raw|valakmtn's rating: 1227 → 1208(-19 for losing)
|raw|JavierTheFox's rating: 1305 → 1321(+16 for winning)
|l|☆valakmtn
|c|☆JavierTheFox|gg
