|j|☆Apollousa Me
|j|☆Cobalt Pink
|inactive|Battle timer is ON: inactive players will automatically lose when time's up.
|t:|1685904546
|gametype|singles
|player|p1|Apollousa Me|fisher-gen8|
|player|p2|Cobalt Pink|iono|
|teamsize|p1|6
|teamsize|p2|6
|gen|9
|tier|[Gen 9] OU
|rated|Tournament battle
|rule|Sleep Clause Mod: Limit one foe put to sleep
|rule|Species Clause: Limit one of each Pokémon
|rule|OHKO Clause: OHKO moves are banned
|rule|Evasion Items Clause: Evasion items are banned
|rule|Evasion Moves Clause: Evasion moves are banned
|rule|Endless Battle Clause: Forcing endless battles is banned
|rule|HP Percentage Mod: HP is shown in percentages
|clearpoke
|poke|p1|Sneasler, M|
|poke|p1|Dragapult, F|
|poke|p1|Samurott-Hisui, F|
|poke|p1|Volcarona, M|
|poke|p1|Dragonite, M|
|poke|p1|Great Tusk|
|poke|p2|Enamorus, F|
|poke|p2|Iron Treads|
|poke|p2|Dragapult, F|
|poke|p2|Landorus-Therian, M|
|poke|p2|Tauros-Paldea-Aqua, M|
|poke|p2|Muk-Alola, F|
|teampreview
|j|*Lady Monita
|j| BB-8-NU
|c|☆Cobalt Pink|hf
|j| Jhhuuuuuu
|j| pokefan20007
|c|☆Apollousa Me|Hf
|j|+Leo - Bloody Sweet
|inactive|Apollousa Me has 120 seconds left.
|j| BoogersTasteGood
|l| Jhhuuuuuu
|j| weigle
|l| BoogersTasteGood
|j| zupe
|j| fab293828
|inactive|Cobalt Pink has 120 seconds left.
|
|t:|1685904605
|start
|switch|p1a: Dragapult|Dragapult, F, shiny|100/100
|switch|p2a: Tauros|Tauros-Paldea-Aqua, M, shiny|100/100
|-ability|p2a: Tauros|Intimidate|boost
|-unboost|p1a: Dragapult|atk|1
|turn|1
|
|t:|1685904615
|switch|p2a: Muk|Muk-Alola, F, shiny|100/100
|move|p1a: Dragapult|U-turn|p2a: Muk
|-damage|p2a: Muk|76/100
|
|t:|1685904622
|switch|p1a: Great Tusk|Great Tusk|100/100|[from] U-turn
|
|-heal|p2a: Muk|82/100|[from] item: Leftovers
|upkeep
|turn|2
|
|t:|1685904631
|switch|p2a: Landorus|Landorus-Therian, M, shiny|100/100
|-ability|p2a: Landorus|Intimidate|boost
|-unboost|p1a: Great Tusk|atk|1
|move|p1a: Great Tusk|Stealth Rock|p2a: Landorus
|-sidestart|p2: Cobalt Pink|move: Stealth Rock
|
|upkeep
|turn|3
|
|t:|1685904639
|move|p1a: Great Tusk|Knock Off|p2a: Landorus
|-damage|p2a: Landorus|88/100
|-damage|p1a: Great Tusk|84/100|[from] item: Rocky Helmet|[of] p2a: Landorus
|-enditem|p2a: Landorus|Rocky Helmet|[from] move: Knock Off|[of] p1a: Great Tusk
|move|p2a: Landorus|Stealth Rock|p1a: Great Tusk
|-sidestart|p1: Apollousa Me|move: Stealth Rock
|
|-heal|p1a: Great Tusk|90/100|[from] item: Leftovers
|upkeep
|turn|4
|
|t:|1685904653
|move|p1a: Great Tusk|Knock Off|p2a: Landorus
|-damage|p2a: Landorus|80/100
|move|p2a: Landorus|Grass Knot|p1a: Great Tusk
|-supereffective|p1a: Great Tusk
|-damage|p1a: Great Tusk|21/100
|
|-heal|p1a: Great Tusk|28/100|[from] item: Leftovers
|upkeep
|turn|5
|
|t:|1685904674
|-end|p1a: Great Tusk|Protosynthesis|[silent]
|switch|p1a: Dragonite|Dragonite, M|100/100
|move|p2a: Landorus|Grass Knot|p1a: Dragonite
|-resisted|p1a: Dragonite
|-damage|p1a: Dragonite|97/100
|
|upkeep
|turn|6
|
|t:|1685904682
|move|p1a: Dragonite|Dragon Dance|p1a: Dragonite
|-boost|p1a: Dragonite|atk|1
|-boost|p1a: Dragonite|spe|1
|move|p2a: Landorus|U-turn|p1a: Dragonite
|-resisted|p1a: Dragonite
|-crit|p1a: Dragonite
|-damage|p1a: Dragonite|79/100
|
|t:|1685904691
|switch|p2a: Iron Treads|Iron Treads, shiny|100/100|[from] U-turn
|-enditem|p2a: Iron Treads|Booster Energy
|-activate|p2a: Iron Treads|ability: Quark Drive|[fromitem]
|-start|p2a: Iron Treads|quarkdrivespe
|-damage|p2a: Iron Treads|97/100|[from] Stealth Rock
|
|upkeep
|turn|7
|
|t:|1685904698
|move|p2a: Iron Treads|Ice Spinner|p1a: Dragonite
|-supereffective|p1a: Dragonite
|-damage|p1a: Dragonite|0 fnt
|faint|p1a: Dragonite
|
|upkeep
|
|t:|1685904717
|switch|p1a: Samurott|Samurott-Hisui, F|100/100
|-damage|p1a: Samurott|88/100|[from] Stealth Rock
|turn|8
|inactive|Cobalt Pink has 120 seconds left.
|
|t:|1685904768
|-end|p2a: Iron Treads|Quark Drive|[silent]
|switch|p2a: Tauros|Tauros-Paldea-Aqua, M, shiny|100/100
|-damage|p2a: Tauros|94/100|[from] Stealth Rock
|-ability|p2a: Tauros|Intimidate|boost
|-unboost|p1a: Samurott|atk|1
|move|p1a: Samurott|Ceaseless Edge|p2a: Tauros
|-resisted|p2a: Tauros
|-damage|p2a: Tauros|76/100
|-sidestart|p2: Cobalt Pink|Spikes
|
|upkeep
|turn|9
|
|t:|1685904778
|switch|p1a: Dragapult|Dragapult, F, shiny|100/100
|-damage|p1a: Dragapult|88/100|[from] Stealth Rock
|move|p2a: Tauros|Earthquake|p1a: Dragapult
|-damage|p1a: Dragapult|18/100
|
|upkeep
|turn|10
|
|t:|1685904796
|switch|p2a: Muk|Muk-Alola, F, shiny|82/100
|-damage|p2a: Muk|70/100|[from] Stealth Rock
|-damage|p2a: Muk|58/100|[from] Spikes
|move|p1a: Dragapult|Dragon Darts|p2a: Muk
|-damage|p2a: Muk|16/100
|-anim|p1a: Dragapult|Dragon Darts|p2a: Muk
|-crit|p2a: Muk
|-damage|p2a: Muk|0 fnt
|faint|p2a: Muk
|
|upkeep
|
|t:|1685904802
|switch|p2a: Enamorus|Enamorus, F, shiny|100/100
|-damage|p2a: Enamorus|76/100|[from] Stealth Rock
|turn|11
|
|t:|1685904823
|switch|p1a: Great Tusk|Great Tusk|28/100
|-damage|p1a: Great Tusk|25/100|[from] Stealth Rock
|move|p2a: Enamorus|Mystical Fire|p1a: Great Tusk
|-damage|p1a: Great Tusk|0 fnt
|faint|p1a: Great Tusk
|-end|p1a: Great Tusk|Protosynthesis|[silent]
|
|upkeep
|inactive|Apollousa Me has 120 seconds left.
|
|t:|1685904848
|switch|p1a: Sneasler|Sneasler, M|100/100
|-damage|p1a: Sneasler|95/100|[from] Stealth Rock
|turn|12
|inactive|Apollousa Me has 120 seconds left.
|inactive|Cobalt Pink has 120 seconds left.
|l| pokefan20007
|inactive|Apollousa Me has 90 seconds left.
|
|t:|1685904899
|switch|p2a: Dragapult|Dragapult, F, shiny|100/100
|-damage|p2a: Dragapult|88/100|[from] Stealth Rock
|-damage|p2a: Dragapult|76/100|[from] Spikes
|move|p1a: Sneasler|Close Combat|p2a: Dragapult
|-immune|p2a: Dragapult
|
|upkeep
|turn|13
|j| projetox
|inactive|Apollousa Me has 60 seconds left.
|l| fab293828
|j| fab293828
|
|t:|1685904943
|switch|p1a: Samurott|Samurott-Hisui, F|88/100
|-damage|p1a: Samurott|76/100|[from] Stealth Rock
|move|p2a: Dragapult|Shadow Ball|p1a: Samurott
|-resisted|p1a: Samurott
|-damage|p1a: Samurott|40/100
|
|upkeep
|turn|14
|j| NightEmerald
|
|t:|1685904963
|switch|p2a: Enamorus|Enamorus, F, shiny|76/100
|-damage|p2a: Enamorus|51/100|[from] Stealth Rock
|move|p1a: Samurott|Razor Shell|p2a: Enamorus
|-damage|p2a: Enamorus|0 fnt
|faint|p2a: Enamorus
|
|upkeep
|c| NightEmerald|gl yall
|
|t:|1685904980
|switch|p2a: Iron Treads|Iron Treads, shiny|97/100
|-damage|p2a: Iron Treads|94/100|[from] Stealth Rock
|-damage|p2a: Iron Treads|82/100|[from] Spikes
|turn|15
|j| lokifan
|
|t:|1685904994
|move|p1a: Samurott|Aqua Jet|p2a: Iron Treads
|-supereffective|p2a: Iron Treads
|-damage|p2a: Iron Treads|43/100
|move|p2a: Iron Treads|Earthquake|p1a: Samurott
|-damage|p1a: Samurott|0 fnt
|faint|p1a: Samurott
|
|upkeep
|l| lokifan
|inactive|Apollousa Me has 30 seconds left.
|inactive|Apollousa Me has 20 seconds left.
|inactive|Apollousa Me has 15 seconds left.
|inactive|Apollousa Me has 10 seconds left.
|inactive|Apollousa Me has 5 seconds left.
|
|t:|1685905039
|switch|p1a: Volcarona|Volcarona, M|100/100
|turn|16
|inactive|Apollousa Me has 15 seconds left this turn.
|inactive|Apollousa Me has 10 seconds left.
|
|t:|1685905047
|move|p2a: Iron Treads|Rapid Spin|p1a: Volcarona
|-damage|p1a: Volcarona|77/100
|-boost|p2a: Iron Treads|spe|1
|-sideend|p2: Cobalt Pink|Spikes|[from] move: Rapid Spin|[of] p2a: Iron Treads
|-sideend|p2: Cobalt Pink|Stealth Rock|[from] move: Rapid Spin|[of] p2a: Iron Treads
|move|p1a: Volcarona|Quiver Dance|p1a: Volcarona
|-boost|p1a: Volcarona|spa|1
|-boost|p1a: Volcarona|spd|1
|-boost|p1a: Volcarona|spe|1
|
|upkeep
|turn|17
|inactive|Apollousa Me has 20 seconds left this turn.
|inactive|Apollousa Me has 15 seconds left.
|inactive|Cobalt Pink has 120 seconds left.
|
|t:|1685905056
|move|p2a: Iron Treads|Earthquake|p1a: Volcarona
|-damage|p1a: Volcarona|0 fnt
|faint|p1a: Volcarona
|
|upkeep
|inactive|Apollousa Me has 20 seconds left this turn.
|inactive|Apollousa Me has 15 seconds left.
|
|t:|1685905061
|switch|p1a: Dragapult|Dragapult, F, shiny|18/100
|-damage|p1a: Dragapult|6/100|[from] Stealth Rock
|turn|18
|inactive|Apollousa Me has 25 seconds left this turn.
|
|t:|1685905069
|move|p1a: Dragapult|Sucker Punch|p2a: Iron Treads
|-damage|p2a: Iron Treads|7/100
|move|p2a: Iron Treads|Earthquake|p1a: Dragapult
|-damage|p1a: Dragapult|0 fnt
|faint|p1a: Dragapult
|
|upkeep
|inactive|Apollousa Me has 30 seconds left this turn.
|
|t:|1685905076
|switch|p1a: Sneasler|Sneasler, M|95/100
|-damage|p1a: Sneasler|89/100|[from] Stealth Rock
|turn|19
|inactive|Apollousa Me has 30 seconds left.
|
|t:|1685905087
|move|p2a: Iron Treads|Earthquake|p1a: Sneasler
|-supereffective|p1a: Sneasler
|-damage|p1a: Sneasler|0 fnt
|faint|p1a: Sneasler
|
|win|Cobalt Pink
|inactive|Apollousa Me has 30 seconds left this turn.
|n|☆Apollousa Me|apollousame
|n|☆Cobalt Pink|cobaltpink
|n|*Lady Monita|ladymonita
|n| BB-8-NU|bb8nu
|n| Leo - Bloody Sweet|leobloodysweet
|n| weigle|weigle
|n| zupe|zupe
|n| projetox|projetox
|n| fab293828|fab293828
|n| NightEmerald|nightemerald
|l|*Lady Monita
|l| BB-8-NU
|c| NightEmerald|gg
|c|☆Apollousa Me|Gg
|c|☆Cobalt Pink|Gg
|l|☆Apollousa Me
|l| weigle
|l| projetox
|l| fab293828
