|j|☆GohanMG
|j|☆Spongebob1203
|t:|1685917397
|gametype|singles
|player|p1|GohanMG|cynthia|1769
|player|p2|Spongebob1203|169|1723
|teamsize|p1|6
|teamsize|p2|6
|gen|9
|tier|[Gen 9] OU
|rated|
|rule|Sleep Clause Mod: Limit one foe put to sleep
|rule|Species Clause: Limit one of each Pokémon
|rule|OHKO Clause: OHKO moves are banned
|rule|Evasion Items Clause: Evasion items are banned
|rule|Evasion Moves Clause: Evasion moves are banned
|rule|Endless Battle Clause: Forcing endless battles is banned
|rule|HP Percentage Mod: HP is shown in percentages
|clearpoke
|poke|p1|Clodsire, F|
|poke|p1|Chien-Pao|
|poke|p1|Basculegion-F, F|
|poke|p1|Corviknight, F|
|poke|p1|Gholdengo|
|poke|p1|Zamazenta-*|
|poke|p2|Skeledirge, M|
|poke|p2|Toxapex, F|
|poke|p2|Garchomp, M|
|poke|p2|Decidueye-Hisui, M|
|poke|p2|Corviknight, M|
|poke|p2|Typhlosion-Hisui, M|
|teampreview
|j| the eminence
|j| Plantaloons
|inactive|Battle timer is ON: inactive players will automatically lose when time's up. (requested by GohanMG)
|j| gen1pikapower
|l| gen1pikapower
|l| Plantaloons
|c|☆GohanMG|Typhlosion my beloved
|j| Raizoeu1
|c|☆GohanMG|I respect
|
|t:|1685917420
|start
|switch|p1a: Corviknight|Corviknight, F|100/100
|switch|p2a: Garchomp|Garchomp, M|100/100
|-ability|p1a: Corviknight|Pressure
|turn|1
|
|t:|1685917426
|move|p2a: Garchomp|Stealth Rock|p1a: Corviknight
|-sidestart|p1: GohanMG|move: Stealth Rock
|move|p1a: Corviknight|U-turn|p2a: Garchomp
|-damage|p2a: Garchomp|88/100
|-damage|p1a: Corviknight|88/100|[from] ability: Rough Skin|[of] p2a: Garchomp
|-damage|p1a: Corviknight|72/100|[from] item: Rocky Helmet|[of] p2a: Garchomp
|
|t:|1685917432
|switch|p1a: Chien-Pao|Chien-Pao|100/100|[from] U-turn
|-damage|p1a: Chien-Pao|76/100|[from] Stealth Rock
|-ability|p1a: Chien-Pao|Sword of Ruin
|
|upkeep
|turn|2
|j| Dracuvish
|
|t:|1685917459
|switch|p2a: Corviknight|Corviknight, M|100/100
|-ability|p2a: Corviknight|Pressure
|-terastallize|p1a: Chien-Pao|Dark
|move|p1a: Chien-Pao|Crunch|p2a: Corviknight
|-damage|p2a: Corviknight|41/100
|
|-heal|p2a: Corviknight|48/100|[from] item: Leftovers
|upkeep
|turn|3
|
|t:|1685917470
|move|p1a: Chien-Pao|Crunch|p2a: Corviknight
|-damage|p2a: Corviknight|0 fnt
|faint|p2a: Corviknight
|
|upkeep
|
|t:|1685917472
|switch|p2a: Typhlosion|Typhlosion-Hisui, M|100/100
|-item|p1a: Chien-Pao|Choice Band|[from] ability: Frisk|[of] p2a: Typhlosion|[identify]
|turn|4
|
|t:|1685917476
|switch|p1a: Clodsire|Clodsire, F|100/100
|-damage|p1a: Clodsire|94/100|[from] Stealth Rock
|move|p2a: Typhlosion|Eruption|p1a: Clodsire
|-damage|p1a: Clodsire|58/100
|
|-heal|p1a: Clodsire|64/100|[from] item: Leftovers
|upkeep
|turn|5
|n| oborozuki|theeminence
|j| Tiranito
|l| oborozuki
|
|t:|1685917488
|switch|p2a: Garchomp|Garchomp, M|88/100
|move|p1a: Clodsire|Spikes|p2a: Garchomp
|-sidestart|p2: Spongebob1203|Spikes
|
|-heal|p1a: Clodsire|70/100|[from] item: Leftovers
|upkeep
|turn|6
|
|t:|1685917491
|switch|p1a: Corviknight|Corviknight, F|72/100
|-damage|p1a: Corviknight|59/100|[from] Stealth Rock
|-ability|p1a: Corviknight|Pressure
|move|p2a: Garchomp|Dragon Tail|p1a: Corviknight
|-resisted|p1a: Corviknight
|-damage|p1a: Corviknight|52/100
|-damage|p2a: Garchomp|71/100|[from] item: Rocky Helmet|[of] p1a: Corviknight
|drag|p1a: Basculegion|Basculegion-F, F|100/100
|-damage|p1a: Basculegion|88/100|[from] Stealth Rock
|
|upkeep
|turn|7
|l| Dracuvish
|j| oborozuki
|
|t:|1685917499
|move|p2a: Garchomp|Spikes|p1a: Basculegion
|-sidestart|p1: GohanMG|Spikes
|move|p1a: Basculegion|Hydro Pump|p2a: Garchomp
|-damage|p2a: Garchomp|0 fnt
|faint|p2a: Garchomp
|
|upkeep
|
|t:|1685917506
|switch|p2a: Decidueye|Decidueye-Hisui, M|100/100
|-damage|p2a: Decidueye|88/100|[from] Spikes
|turn|8
|
|t:|1685917515
|switch|p1a: Corviknight|Corviknight, F|52/100
|-damage|p1a: Corviknight|39/100|[from] Stealth Rock
|-ability|p1a: Corviknight|Pressure
|move|p2a: Decidueye|Swords Dance|p2a: Decidueye
|-boost|p2a: Decidueye|atk|2
|
|upkeep
|turn|9
|
|t:|1685917518
|move|p2a: Decidueye|Triple Arrows|p1a: Corviknight
|-damage|p1a: Corviknight|0 fnt
|faint|p1a: Corviknight
|-damage|p2a: Decidueye|78/100|[from] item: Life Orb
|
|upkeep
|l| oborozuki
|
|t:|1685917539
|switch|p1a: Chien-Pao|Chien-Pao, tera:Dark|76/100
|-damage|p1a: Chien-Pao|63/100|[from] Stealth Rock
|-damage|p1a: Chien-Pao|51/100|[from] Spikes
|-ability|p1a: Chien-Pao|Sword of Ruin
|turn|10
|
|t:|1685917543
|move|p2a: Decidueye|Sucker Punch|p1a: Chien-Pao
|-resisted|p1a: Chien-Pao
|-crit|p1a: Chien-Pao
|-damage|p1a: Chien-Pao|0 fnt
|faint|p1a: Chien-Pao
|-damage|p2a: Decidueye|69/100|[from] item: Life Orb
|
|upkeep
|
|t:|1685917555
|switch|p1a: Zamazenta|Zamazenta|100/100
|-damage|p1a: Zamazenta|94/100|[from] Stealth Rock
|-damage|p1a: Zamazenta|82/100|[from] Spikes
|-ability|p1a: Zamazenta|Dauntless Shield|boost
|-boost|p1a: Zamazenta|def|1
|turn|11
|
|t:|1685917561
|move|p1a: Zamazenta|Iron Defense|p1a: Zamazenta
|-boost|p1a: Zamazenta|def|2
|move|p2a: Decidueye|Triple Arrows|p1a: Zamazenta
|-damage|p1a: Zamazenta|44/100
|-unboost|p1a: Zamazenta|def|1
|-damage|p2a: Decidueye|59/100|[from] item: Life Orb
|
|-heal|p1a: Zamazenta|51/100|[from] item: Leftovers
|upkeep
|turn|12
|
|t:|1685917565
|switch|p2a: Skeledirge|Skeledirge, M|100/100
|move|p1a: Zamazenta|Body Press|p2a: Skeledirge
|-immune|p2a: Skeledirge
|
|-heal|p1a: Zamazenta|57/100|[from] item: Leftovers
|upkeep
|turn|13
|
|t:|1685917571
|move|p1a: Zamazenta|Substitute|p1a: Zamazenta
|-start|p1a: Zamazenta|Substitute
|-damage|p1a: Zamazenta|32/100
|move|p2a: Skeledirge|Torch Song|p1a: Zamazenta
|-damage|p1a: Zamazenta|4/100
|-boost|p2a: Skeledirge|spa|1
|
|-heal|p1a: Zamazenta|10/100|[from] item: Leftovers
|upkeep
|turn|14
|j| shy&sassy alice
|
|t:|1685917575
|move|p1a: Zamazenta|Crunch|p2a: Skeledirge
|-supereffective|p2a: Skeledirge
|-damage|p2a: Skeledirge|73/100
|-unboost|p2a: Skeledirge|def|1
|move|p2a: Skeledirge|Torch Song|p1a: Zamazenta
|-damage|p1a: Zamazenta|0 fnt
|-boost|p2a: Skeledirge|spa|1
|faint|p1a: Zamazenta
|
|upkeep
|
|t:|1685917580
|switch|p1a: Basculegion|Basculegion-F, F|88/100
|-damage|p1a: Basculegion|76/100|[from] Stealth Rock
|-damage|p1a: Basculegion|63/100|[from] Spikes
|turn|15
|
|t:|1685917587
|switch|p2a: Toxapex|Toxapex, F|100/100
|-damage|p2a: Toxapex|88/100|[from] Spikes
|move|p1a: Basculegion|Shadow Ball|p2a: Toxapex
|-damage|p2a: Toxapex|49/100
|
|upkeep
|turn|16
|j| Private Brown
|l| Private Brown
|
|t:|1685917596
|switch|p1a: Clodsire|Clodsire, F|70/100
|-damage|p1a: Clodsire|64/100|[from] Stealth Rock
|-damage|p1a: Clodsire|52/100|[from] Spikes
|move|p2a: Toxapex|Surf|p1a: Clodsire
|-heal|p1a: Clodsire|77/100|[from] ability: Water Absorb|[of] p2a: Toxapex
|
|-heal|p1a: Clodsire|83/100|[from] item: Leftovers
|upkeep
|turn|17
|j| hgzgggg
|
|t:|1685917610
|move|p2a: Toxapex|Acid Spray|p1a: Clodsire
|-resisted|p1a: Clodsire
|-damage|p1a: Clodsire|81/100
|-unboost|p1a: Clodsire|spd|2
|move|p1a: Clodsire|Toxic|p2a: Toxapex
|-immune|p2a: Toxapex
|
|-heal|p1a: Clodsire|87/100|[from] item: Leftovers
|upkeep
|turn|18
|
|t:|1685917615
|move|p2a: Toxapex|Ice Beam|p1a: Clodsire
|-supereffective|p1a: Clodsire
|-damage|p1a: Clodsire|47/100
|move|p1a: Clodsire|Spikes|p2a: Toxapex
|-sidestart|p2: Spongebob1203|Spikes
|
|-heal|p1a: Clodsire|53/100|[from] item: Leftovers
|upkeep
|turn|19
|
|t:|1685917620
|move|p2a: Toxapex|Ice Beam|p1a: Clodsire
|-supereffective|p1a: Clodsire
|-damage|p1a: Clodsire|12/100
|move|p1a: Clodsire|Recover|p1a: Clodsire
|-heal|p1a: Clodsire|62/100
|
|-heal|p1a: Clodsire|68/100|[from] item: Leftovers
|upkeep
|turn|20
|
|t:|1685917624
|switch|p1a: Gholdengo|Gholdengo|100/100
|-damage|p1a: Gholdengo|94/100|[from] Stealth Rock
|-damage|p1a: Gholdengo|82/100|[from] Spikes
|move|p2a: Toxapex|Infestation|p1a: Gholdengo
|-resisted|p1a: Gholdengo
|-damage|p1a: Gholdengo|81/100
|-activate|p1a: Gholdengo|move: Infestation|[of] p2a: Toxapex
|
|-damage|p1a: Gholdengo|68/100|[from] move: Infestation|[partiallytrapped]
|upkeep
|turn|21
|
|t:|1685917630
|move|p1a: Gholdengo|Thunderbolt|p2a: Toxapex
|-supereffective|p2a: Toxapex
|-damage|p2a: Toxapex|11/100
|move|p2a: Toxapex|Surf|p1a: Gholdengo
|-damage|p1a: Gholdengo|37/100
|
|-damage|p1a: Gholdengo|24/100|[from] move: Infestation|[partiallytrapped]
|upkeep
|turn|22
|
|t:|1685917635
|move|p1a: Gholdengo|Thunderbolt|p2a: Toxapex
|-supereffective|p2a: Toxapex
|-damage|p2a: Toxapex|0 fnt
|faint|p2a: Toxapex
|
|-end|p1a: Gholdengo|Infestation|[partiallytrapped]|[silent]
|upkeep
|
|t:|1685917636
|switch|p2a: Typhlosion|Typhlosion-Hisui, M|100/100
|-damage|p2a: Typhlosion|84/100|[from] Spikes
|-item|p1a: Gholdengo|Choice Scarf|[from] ability: Frisk|[of] p2a: Typhlosion|[identify]
|turn|23
|
|t:|1685917640
|move|p2a: Typhlosion|Shadow Ball|p1a: Gholdengo
|-supereffective|p1a: Gholdengo
|-damage|p1a: Gholdengo|0 fnt
|faint|p1a: Gholdengo
|
|upkeep
|
|t:|1685917644
|switch|p1a: Clodsire|Clodsire, F|68/100
|-damage|p1a: Clodsire|62/100|[from] Stealth Rock
|-damage|p1a: Clodsire|49/100|[from] Spikes
|turn|24
|
|t:|1685917646
|switch|p2a: Decidueye|Decidueye-Hisui, M|59/100
|-damage|p2a: Decidueye|42/100|[from] Spikes
|move|p1a: Clodsire|Recover|p1a: Clodsire
|-heal|p1a: Clodsire|99/100
|
|-heal|p1a: Clodsire|100/100|[from] item: Leftovers
|upkeep
|turn|25
|
|t:|1685917650
|move|p2a: Decidueye|Swords Dance|p2a: Decidueye
|-boost|p2a: Decidueye|atk|2
|move|p1a: Clodsire|Toxic|p2a: Decidueye
|-status|p2a: Decidueye|tox
|
|-damage|p2a: Decidueye|36/100 tox|[from] psn
|upkeep
|turn|26
|
|t:|1685917654
|move|p2a: Decidueye|Leaf Blade|p1a: Clodsire
|-damage|p1a: Clodsire|0 fnt
|faint|p1a: Clodsire
|-damage|p2a: Decidueye|27/100 tox|[from] item: Life Orb
|
|-damage|p2a: Decidueye|15/100 tox|[from] psn
|upkeep
|
|t:|1685917657
|switch|p1a: Basculegion|Basculegion-F, F|63/100
|-damage|p1a: Basculegion|51/100|[from] Stealth Rock
|-damage|p1a: Basculegion|38/100|[from] Spikes
|turn|27
|
|t:|1685917662
|move|p2a: Decidueye|Sucker Punch|p1a: Basculegion
|-supereffective|p1a: Basculegion
|-damage|p1a: Basculegion|0 fnt
|faint|p1a: Basculegion
|-damage|p2a: Decidueye|5/100 tox|[from] item: Life Orb
|
|win|Spongebob1203
|raw|GohanMG's rating: 1769 → 1746(-23 for losing)
|raw|Spongebob1203's rating: 1723 → 1746(+23 for winning)
|c|☆GohanMG|GGs
|c|☆Spongebob1203|Gg
