|j|☆Zoim76
|j|☆Aimsss
|t:|1685870070
|gametype|singles
|player|p1|Zoim76|dawn|1353
|player|p2|Aimsss|policeman-gen4|1336
|teamsize|p1|6
|teamsize|p2|6
|gen|9
|tier|[Gen 9] OU
|rated|
|rule|Sleep Clause Mod: Limit one foe put to sleep
|rule|Species Clause: Limit one of each Pokémon
|rule|OHKO Clause: OHKO moves are banned
|rule|Evasion Items Clause: Evasion items are banned
|rule|Evasion Moves Clause: Evasion moves are banned
|rule|Endless Battle Clause: Forcing endless battles is banned
|rule|HP Percentage Mod: HP is shown in percentages
|clearpoke
|poke|p1|Landorus-Therian, M|
|poke|p1|Zapdos|
|poke|p1|Armarouge, F|
|poke|p1|Chien-Pao|
|poke|p1|Dragapult, M|
|poke|p1|Great Tusk|
|poke|p2|Kingambit, F|
|poke|p2|Hawlucha, M|
|poke|p2|Glimmora, M|
|poke|p2|Haxorus, M|
|poke|p2|Chesnaught, F|
|poke|p2|Dragapult, F|
|teampreview
|
|t:|1685870078
|start
|switch|p1a: Landorus|Landorus-Therian, M|100/100
|switch|p2a: Glimmora|Glimmora, M|100/100
|-ability|p1a: Landorus|Intimidate|boost
|-unboost|p2a: Glimmora|atk|1
|-item|p2a: Glimmora|Air Balloon
|turn|1
|
|t:|1685870087
|move|p1a: Landorus|Stealth Rock|p2a: Glimmora
|-sidestart|p2: Aimsss|move: Stealth Rock
|move|p2a: Glimmora|Mortal Spin|p1a: Landorus
|-resisted|p1a: Landorus
|-damage|p1a: Landorus|98/100
|-status|p1a: Landorus|psn
|-sideend|p2: Aimsss|Stealth Rock|[from] move: Mortal Spin|[of] p2a: Glimmora
|
|-damage|p1a: Landorus|86/100 psn|[from] psn
|upkeep
|turn|2
|
|t:|1685870097
|move|p1a: Landorus|U-turn|p2a: Glimmora
|-resisted|p2a: Glimmora
|-crit|p2a: Glimmora
|-damage|p2a: Glimmora|79/100
|-activate|p2a: Glimmora|ability: Toxic Debris
|-sidestart|p1: Zoim76|move: Toxic Spikes
|-enditem|p2a: Glimmora|Air Balloon
|
|t:|1685870117
|switch|p1a: Great Tusk|Great Tusk|100/100|[from] U-turn
|-status|p1a: Great Tusk|psn
|move|p2a: Glimmora|Energy Ball|p1a: Great Tusk
|-supereffective|p1a: Great Tusk
|-damage|p1a: Great Tusk|13/100 psn
|
|-heal|p1a: Great Tusk|19/100 psn|[from] item: Leftovers
|-damage|p1a: Great Tusk|7/100 psn|[from] psn
|upkeep
|turn|3
|
|t:|1685870130
|switch|p2a: Dragapult|Dragapult, F|100/100
|move|p1a: Great Tusk|Earthquake|p2a: Dragapult
|-damage|p2a: Dragapult|38/100
|
|-heal|p1a: Great Tusk|13/100 psn|[from] item: Leftovers
|-damage|p1a: Great Tusk|0 fnt|[from] psn
|faint|p1a: Great Tusk
|-end|p1a: Great Tusk|Protosynthesis|[silent]
|upkeep
|
|t:|1685870140
|switch|p1a: Chien-Pao|Chien-Pao|100/100
|-status|p1a: Chien-Pao|psn
|-ability|p1a: Chien-Pao|Sword of Ruin
|turn|4
|
|t:|1685870147
|switch|p2a: Glimmora|Glimmora, M|79/100
|move|p1a: Chien-Pao|Ice Shard|p2a: Glimmora
|-damage|p2a: Glimmora|50/100
|-activate|p2a: Glimmora|ability: Toxic Debris
|-sidestart|p1: Zoim76|move: Toxic Spikes
|
|-damage|p1a: Chien-Pao|88/100 psn|[from] psn
|upkeep
|turn|5
|
|t:|1685870157
|move|p1a: Chien-Pao|Crunch|p2a: Glimmora
|-damage|p2a: Glimmora|0 fnt
|faint|p2a: Glimmora
|
|-damage|p1a: Chien-Pao|76/100 psn|[from] psn
|upkeep
|
|t:|1685870165
|switch|p2a: Chesnaught|Chesnaught, F|100/100
|turn|6
|
|t:|1685870170
|move|p1a: Chien-Pao|Icicle Crash|p2a: Chesnaught
|-supereffective|p2a: Chesnaught
|-damage|p2a: Chesnaught|42/100
|cant|p2a: Chesnaught|flinch
|
|-heal|p2a: Chesnaught|48/100|[from] item: Leftovers
|-damage|p1a: Chien-Pao|64/100 psn|[from] psn
|upkeep
|turn|7
|
|t:|1685870179
|move|p2a: Chesnaught|Spiky Shield|p2a: Chesnaught
|-singleturn|p2a: Chesnaught|move: Protect
|move|p1a: Chien-Pao|Icicle Crash|p2a: Chesnaught
|-activate|p2a: Chesnaught|move: Protect
|
|-heal|p2a: Chesnaught|54/100|[from] item: Leftovers
|-damage|p1a: Chien-Pao|51/100 psn|[from] psn
|upkeep
|turn|8
|
|t:|1685870189
|move|p1a: Chien-Pao|Icicle Crash|p2a: Chesnaught
|-supereffective|p2a: Chesnaught
|-damage|p2a: Chesnaught|0 fnt
|faint|p2a: Chesnaught
|
|-damage|p1a: Chien-Pao|39/100 psn|[from] psn
|upkeep
|inactive|Battle timer is ON: inactive players will automatically lose when time's up. (requested by Zoim76)
|
|t:|1685870215
|switch|p2a: Haxorus|Haxorus, M, shiny|100/100
|-ability|p2a: Haxorus|Mold Breaker
|turn|9
|
|t:|1685870222
|move|p1a: Chien-Pao|Icicle Crash|p2a: Haxorus
|-supereffective|p2a: Haxorus
|-enditem|p2a: Haxorus|Yache Berry|[eat]
|-enditem|p2a: Haxorus|Yache Berry|[weaken]
|-damage|p2a: Haxorus|27/100
|move|p2a: Haxorus|Iron Head|p1a: Chien-Pao
|-supereffective|p1a: Chien-Pao
|-damage|p1a: Chien-Pao|0 fnt
|faint|p1a: Chien-Pao
|
|upkeep
|
|t:|1685870231
|switch|p1a: Dragapult|Dragapult, M|100/100
|-status|p1a: Dragapult|tox
|turn|10
|
|t:|1685870236
|switch|p2a: Dragapult|Dragapult, F|38/100
|move|p1a: Dragapult|Dragon Pulse|p2a: Dragapult
|-supereffective|p2a: Dragapult
|-damage|p2a: Dragapult|0 fnt
|faint|p2a: Dragapult
|
|-damage|p1a: Dragapult|95/100 tox|[from] psn
|upkeep
|
|t:|1685870246
|switch|p2a: Kingambit|Kingambit, F|100/100
|-activate|p2a: Kingambit|ability: Supreme Overlord
|-start|p2a: Kingambit|fallen3|[silent]
|turn|11
|
|t:|1685870254
|switch|p1a: Landorus|Landorus-Therian, M|86/100 psn
|-ability|p1a: Landorus|Intimidate|boost
|-unboost|p2a: Kingambit|atk|1
|-end|p2a: Kingambit|fallen3|[silent]
|switch|p2a: Haxorus|Haxorus, M, shiny|27/100
|-ability|p2a: Haxorus|Mold Breaker
|
|-damage|p1a: Landorus|74/100 psn|[from] psn
|upkeep
|turn|12
|
|t:|1685870265
|move|p2a: Haxorus|Dragon Claw|p1a: Landorus
|-damage|p1a: Landorus|16/100 psn
|move|p1a: Landorus|Earthquake|p2a: Haxorus
|-damage|p2a: Haxorus|0 fnt
|faint|p2a: Haxorus
|
|-damage|p1a: Landorus|4/100 psn|[from] psn
|upkeep
|
|t:|1685870275
|switch|p2a: Hawlucha|Hawlucha, M, shiny|100/100
|turn|13
|
|t:|1685870282
|move|p2a: Hawlucha|Swords Dance|p2a: Hawlucha
|-boost|p2a: Hawlucha|atk|2
|move|p1a: Landorus|U-turn|p2a: Hawlucha
|-resisted|p2a: Hawlucha
|-crit|p2a: Hawlucha
|-damage|p2a: Hawlucha|85/100
|-enditem|p2a: Hawlucha|Red Card|[of] p1a: Landorus
|drag|p1a: Dragapult|Dragapult, M|95/100 tox
|
|-damage|p1a: Dragapult|89/100 tox|[from] psn
|upkeep
|turn|14
|
|t:|1685870295
|move|p2a: Hawlucha|Acrobatics|p1a: Dragapult
|-damage|p1a: Dragapult|0 fnt
|faint|p1a: Dragapult
|
|upkeep
|
|t:|1685870300
|switch|p1a: Zapdos|Zapdos|100/100
|turn|15
|
|t:|1685870320
|move|p2a: Hawlucha|Acrobatics|p1a: Zapdos
|-resisted|p1a: Zapdos
|-damage|p1a: Zapdos|55/100
|move|p1a: Zapdos|Thunder|p2a: Hawlucha
|-supereffective|p2a: Hawlucha
|-damage|p2a: Hawlucha|0 fnt
|faint|p2a: Hawlucha
|
|upkeep
|
|t:|1685870330
|switch|p2a: Kingambit|Kingambit, F|100/100
|-activate|p2a: Kingambit|ability: Supreme Overlord
|-start|p2a: Kingambit|fallen5|[silent]
|turn|16
|
|t:|1685870350
|switch|p1a: Landorus|Landorus-Therian, M|4/100 psn
|-ability|p1a: Landorus|Intimidate|boost
|-unboost|p2a: Kingambit|atk|1
|move|p2a: Kingambit|Substitute|p2a: Kingambit
|-start|p2a: Kingambit|Substitute
|-damage|p2a: Kingambit|76/100
|
|-damage|p1a: Landorus|0 fnt|[from] psn
|faint|p1a: Landorus
|upkeep
|
|t:|1685870365
|switch|p1a: Armarouge|Armarouge, F|100/100
|-status|p1a: Armarouge|tox
|turn|17
|
|t:|1685870371
|move|p1a: Armarouge|Focus Blast|p2a: Kingambit|[miss]
|-miss|p1a: Armarouge|p2a: Kingambit
|move|p2a: Kingambit|Swords Dance|p2a: Kingambit
|-boost|p2a: Kingambit|atk|2
|
|-damage|p1a: Armarouge|94/100 tox|[from] psn
|upkeep
|turn|18
|
|t:|1685870384
|move|p2a: Kingambit|Sucker Punch|p1a: Armarouge
|-supereffective|p1a: Armarouge
|-damage|p1a: Armarouge|0 fnt
|faint|p1a: Armarouge
|
|upkeep
|
|t:|1685870387
|switch|p1a: Zapdos|Zapdos|55/100
|turn|19
|
|t:|1685870392
|move|p1a: Zapdos|Hurricane|p2a: Kingambit|[miss]
|-miss|p1a: Zapdos|p2a: Kingambit
|move|p2a: Kingambit|Swords Dance|p2a: Kingambit
|-boost|p2a: Kingambit|atk|2
|
|upkeep
|turn|20
|
|t:|1685870406
|move|p2a: Kingambit|Sucker Punch|p1a: Zapdos
|-damage|p1a: Zapdos|0 fnt
|faint|p1a: Zapdos
|
|win|Aimsss
|raw|Zoim76's rating: 1353 → 1332(-21 for losing)
|raw|Aimsss's rating: 1336 → 1357(+21 for winning)
