|j|☆ernoux41m
|j|☆Pigeon Trainer
|t:|1685878873
|gametype|singles
|player|p1|ernoux41m|1|1654
|player|p2|Pigeon Trainer|barry|1685
|teamsize|p1|6
|teamsize|p2|6
|gen|9
|tier|[Gen 9] OU
|rated|
|rule|Sleep Clause Mod: Limit one foe put to sleep
|rule|Species Clause: Limit one of each Pokémon
|rule|OHKO Clause: OHKO moves are banned
|rule|Evasion Items Clause: Evasion items are banned
|rule|Evasion Moves Clause: Evasion moves are banned
|rule|Endless Battle Clause: Forcing endless battles is banned
|rule|HP Percentage Mod: HP is shown in percentages
|clearpoke
|poke|p1|Chien-Pao|
|poke|p1|Hatterene, F|
|poke|p1|Enamorus, F|
|poke|p1|Heatran, M|
|poke|p1|Samurott-Hisui, F|
|poke|p1|Amoonguss, M|
|poke|p2|Heatran, M|
|poke|p2|Gyarados, M|
|poke|p2|Ursaluna, F|
|poke|p2|Zamazenta-*|
|poke|p2|Sneasler, F|
|poke|p2|Kingambit, M|
|teampreview
|inactive|Battle timer is ON: inactive players will automatically lose when time's up. (requested by Pigeon Trainer)
|
|t:|1685878885
|start
|switch|p1a: Samurott|Samurott-Hisui, F|100/100
|switch|p2a: ClickButtons|Sneasler, F|100/100
|turn|1
|
|t:|1685878891
|switch|p1a: Amoonguss|Amoonguss, M|100/100
|move|p2a: ClickButtons|Close Combat|p1a: Amoonguss
|-resisted|p1a: Amoonguss
|-damage|p1a: Amoonguss|66/100
|-unboost|p2a: ClickButtons|def|1
|-unboost|p2a: ClickButtons|spd|1
|-damage|p2a: ClickButtons|84/100|[from] item: Rocky Helmet|[of] p1a: Amoonguss
|
|upkeep
|turn|2
|j| the eminence
|
|t:|1685878912
|switch|p2a: Gyarados|Gyarados, M|100/100
|-ability|p2a: Gyarados|Intimidate|boost
|-unboost|p1a: Amoonguss|atk|1
|move|p1a: Amoonguss|Spore|p2a: Gyarados
|-status|p2a: Gyarados|slp|[from] move: Spore
|
|upkeep
|turn|3
|
|t:|1685878923
|switch|p2a: ClickButtons|Sneasler, F|84/100
|switch|p1a: Chien-Pao|Chien-Pao|100/100
|-ability|p1a: Chien-Pao|Sword of Ruin
|
|upkeep
|turn|4
|
|t:|1685878928
|switch|p1a: Amoonguss|Amoonguss, M|99/100
|move|p2a: ClickButtons|Dire Claw|p1a: Amoonguss
|-damage|p1a: Amoonguss|54/100
|-damage|p2a: ClickButtons|67/100|[from] item: Rocky Helmet|[of] p1a: Amoonguss
|
|upkeep
|turn|5
|l| the eminence
|
|t:|1685878947
|switch|p2a: Ursaluna|Ursaluna, F|100/100
|switch|p1a: Heatran|Heatran, M|100/100
|
|-status|p2a: Ursaluna|brn|[from] item: Flame Orb
|upkeep
|turn|6
|
|t:|1685878960
|switch|p1a: Enamorus|Enamorus, F|100/100
|move|p2a: Ursaluna|Facade|p1a: Enamorus
|-damage|p1a: Enamorus|0 fnt
|faint|p1a: Enamorus
|
|-damage|p2a: Ursaluna|94/100 brn|[from] brn
|upkeep
|
|t:|1685878966
|switch|p1a: Samurott|Samurott-Hisui, F|100/100
|turn|7
|
|t:|1685878970
|move|p1a: Samurott|Ceaseless Edge|p2a: Ursaluna
|-damage|p2a: Ursaluna|71/100 brn
|-sidestart|p2: Pigeon Trainer|Spikes
|move|p2a: Ursaluna|Facade|p1a: Samurott
|-damage|p1a: Samurott|0 fnt
|faint|p1a: Samurott
|
|-damage|p2a: Ursaluna|65/100 brn|[from] brn
|upkeep
|
|t:|1685878976
|switch|p1a: Chien-Pao|Chien-Pao|100/100
|-ability|p1a: Chien-Pao|Sword of Ruin
|turn|8
|
|t:|1685878981
|switch|p2a: Gyarados|Gyarados, M|100/100 slp
|-ability|p2a: Gyarados|Intimidate|boost
|-unboost|p1a: Chien-Pao|atk|1
|move|p1a: Chien-Pao|Ice Spinner|p2a: Gyarados
|-damage|p2a: Gyarados|44/100 slp
|
|upkeep
|turn|9
|
|t:|1685878993
|switch|p2a: FinalWords|Kingambit, M|100/100
|-item|p2a: FinalWords|Air Balloon
|move|p1a: Chien-Pao|Ice Spinner|p2a: FinalWords
|-resisted|p2a: FinalWords
|-damage|p2a: FinalWords|82/100
|-enditem|p2a: FinalWords|Air Balloon
|
|upkeep
|turn|10
|
|t:|1685878999
|switch|p1a: Heatran|Heatran, M|100/100
|move|p2a: FinalWords|Kowtow Cleave|p1a: Heatran
|-damage|p1a: Heatran|57/100
|
|-heal|p1a: Heatran|63/100|[from] item: Leftovers
|upkeep
|turn|11
|
|t:|1685879006
|switch|p2a: AntiFairySystem|Heatran, M|100/100
|-damage|p2a: AntiFairySystem|88/100|[from] Spikes
|move|p1a: Heatran|Magma Storm|p2a: AntiFairySystem
|-start|p2a: AntiFairySystem|ability: Flash Fire
|
|-heal|p2a: AntiFairySystem|94/100|[from] item: Leftovers
|-heal|p1a: Heatran|69/100|[from] item: Leftovers
|upkeep
|turn|12
|
|t:|1685879013
|-end|p2a: AntiFairySystem|ability: Flash Fire|[silent]
|switch|p2a: Ursaluna|Ursaluna, F|65/100 brn
|-damage|p2a: Ursaluna|53/100 brn|[from] Spikes
|move|p1a: Heatran|Stealth Rock|p2a: Ursaluna
|-sidestart|p2: Pigeon Trainer|move: Stealth Rock
|
|-heal|p1a: Heatran|75/100|[from] item: Leftovers
|-damage|p2a: Ursaluna|47/100 brn|[from] brn
|upkeep
|turn|13
|
|t:|1685879017
|move|p1a: Heatran|Magma Storm|p2a: Ursaluna|[miss]
|-miss|p1a: Heatran|p2a: Ursaluna
|move|p2a: Ursaluna|Earthquake|p1a: Heatran
|-supereffective|p1a: Heatran
|-damage|p1a: Heatran|0 fnt
|faint|p1a: Heatran
|
|-damage|p2a: Ursaluna|40/100 brn|[from] brn
|upkeep
|
|t:|1685879022
|switch|p1a: Chien-Pao|Chien-Pao|100/100
|-ability|p1a: Chien-Pao|Sword of Ruin
|turn|14
|
|t:|1685879029
|move|p1a: Chien-Pao|Crunch|p2a: Ursaluna
|-damage|p2a: Ursaluna|0 fnt
|faint|p2a: Ursaluna
|
|upkeep
|
|t:|1685879035
|switch|p2a: HonestDog|Zamazenta-Crowned|100/100
|-damage|p2a: HonestDog|88/100|[from] Spikes
|-damage|p2a: HonestDog|85/100|[from] Stealth Rock
|-ability|p2a: HonestDog|Dauntless Shield|boost
|-boost|p2a: HonestDog|def|1
|turn|15
|
|t:|1685879042
|switch|p1a: Amoonguss|Amoonguss, M|87/100
|move|p2a: HonestDog|Iron Defense|p2a: HonestDog
|-boost|p2a: HonestDog|def|2
|
|upkeep
|turn|16
|
|t:|1685879047
|move|p2a: HonestDog|Substitute|p2a: HonestDog
|-start|p2a: HonestDog|Substitute
|-damage|p2a: HonestDog|60/100
|move|p1a: Amoonguss|Foul Play|p2a: HonestDog
|-resisted|p2a: HonestDog
|-activate|p2a: HonestDog|move: Substitute|[damage]
|
|upkeep
|turn|17
|
|t:|1685879055
|switch|p1a: Hatterene|Hatterene, F|100/100
|move|p2a: HonestDog|Body Press|p1a: Hatterene
|-resisted|p1a: Hatterene
|-damage|p1a: Hatterene|83/100
|
|-heal|p1a: Hatterene|89/100|[from] item: Leftovers
|upkeep
|turn|18
|
|t:|1685879060
|move|p2a: HonestDog|Heavy Slam|p1a: Hatterene
|-supereffective|p1a: Hatterene
|-damage|p1a: Hatterene|11/100
|move|p1a: Hatterene|Mystical Fire|p2a: HonestDog
|-supereffective|p2a: HonestDog
|-end|p2a: HonestDog|Substitute
|
|-heal|p1a: Hatterene|17/100|[from] item: Leftovers
|upkeep
|turn|19
|j| Rheinhardt
|
|t:|1685879067
|move|p2a: HonestDog|Heavy Slam|p1a: Hatterene
|-supereffective|p1a: Hatterene
|-damage|p1a: Hatterene|0 fnt
|faint|p1a: Hatterene
|
|upkeep
|
|t:|1685879070
|switch|p1a: Chien-Pao|Chien-Pao|100/100
|-ability|p1a: Chien-Pao|Sword of Ruin
|turn|20
|
|t:|1685879072
|-terastallize|p1a: Chien-Pao|Fire
|-terastallize|p2a: HonestDog|Fighting
|move|p1a: Chien-Pao|Tera Blast|p2a: HonestDog
|-damage|p2a: HonestDog|41/100
|move|p2a: HonestDog|Body Press|p1a: Chien-Pao
|-damage|p1a: Chien-Pao|0 fnt
|faint|p1a: Chien-Pao
|
|upkeep
|-message|ernoux41m forfeited.
|
|win|Pigeon Trainer
|raw|ernoux41m's rating: 1654 → 1636(-18 for losing)
|raw|Pigeon Trainer's rating: 1685 → 1703(+18 for winning)
|l|☆ernoux41m
|l|☆Pigeon Trainer
|l| Rheinhardt
|j|☆Pigeon Trainer
|player|p2|Pigeon Trainer|barry
