|j|☆champ stalker
|j|☆Egg Robo
|t:|1685902389
|gametype|singles
|player|p1|champ stalker|265|1092
|player|p2|Egg Robo|lady|1111
|teamsize|p1|6
|teamsize|p2|6
|gen|9
|tier|[Gen 9] OU
|rated|
|rule|Sleep Clause Mod: Limit one foe put to sleep
|rule|Species Clause: Limit one of each Pokémon
|rule|OHKO Clause: OHKO moves are banned
|rule|Evasion Items Clause: Evasion items are banned
|rule|Evasion Moves Clause: Evasion moves are banned
|rule|Endless Battle Clause: Forcing endless battles is banned
|rule|HP Percentage Mod: HP is shown in percentages
|clearpoke
|poke|p1|Electrode-Hisui|
|poke|p1|Enamorus, F|
|poke|p1|Ursaring, M|
|poke|p1|Iron Thorns|
|poke|p1|Zarude|
|poke|p1|Carbink|
|poke|p2|Scizor, M|
|poke|p2|Rotom-Wash|
|poke|p2|Great Tusk|
|poke|p2|Chien-Pao|
|poke|p2|Volcarona, F|
|poke|p2|Glimmora, F|
|teampreview
|
|t:|1685902395
|start
|switch|p1a: Electrode|Electrode-Hisui, shiny|100/100
|switch|p2a: Spin Cycle|Rotom-Wash|100/100
|turn|1
|
|t:|1685902406
|switch|p2a: Blade|Scizor, M|100/100
|move|p1a: Electrode|Chloroblast|p2a: Blade
|-resisted|p2a: Blade
|-damage|p2a: Blade|77/100
|-damage|p1a: Electrode|50/100|[from] chloroblast
|-damage|p1a: Electrode|40/100|[from] item: Life Orb
|
|upkeep
|turn|2
|
|t:|1685902415
|switch|p1a: Enamorus|Enamorus, F|100/100
|move|p2a: Blade|U-turn|p1a: Enamorus
|-resisted|p1a: Enamorus
|-damage|p1a: Enamorus|92/100
|
|t:|1685902423
|switch|p2a: Shimmer|Glimmora, F|100/100|[from] U-turn
|
|-heal|p1a: Enamorus|98/100|[from] item: Leftovers
|upkeep
|turn|3
|
|t:|1685902447
|switch|p1a: Electrode|Electrode-Hisui, shiny|40/100
|move|p2a: Shimmer|Sludge Wave|p1a: Electrode
|-supereffective|p1a: Electrode
|-damage|p1a: Electrode|0 fnt
|faint|p1a: Electrode
|
|upkeep
|
|t:|1685902453
|switch|p1a: Iron Thorns|Iron Thorns|100/100
|turn|4
|
|t:|1685902458
|-terastallize|p1a: Iron Thorns|Bug
|move|p2a: Shimmer|Energy Ball|p1a: Iron Thorns
|-resisted|p1a: Iron Thorns
|-damage|p1a: Iron Thorns|82/100
|move|p1a: Iron Thorns|Dragon Dance|p1a: Iron Thorns
|-boost|p1a: Iron Thorns|atk|1
|-boost|p1a: Iron Thorns|spe|1
|
|upkeep
|turn|5
|
|t:|1685902468
|move|p1a: Iron Thorns|Rock Blast|p2a: Shimmer
|-damage|p2a: Shimmer|76/100
|-activate|p2a: Shimmer|ability: Toxic Debris
|-sidestart|p1: champ stalker|move: Toxic Spikes
|-damage|p2a: Shimmer|50/100
|-activate|p2a: Shimmer|ability: Toxic Debris
|-sidestart|p1: champ stalker|move: Toxic Spikes
|-damage|p2a: Shimmer|24/100
|-damage|p2a: Shimmer|1/100
|-damage|p2a: Shimmer|0 fnt
|faint|p2a: Shimmer
|-hitcount|p2: Shimmer|5
|
|upkeep
|
|t:|1685902487
|switch|p2a: Blade|Scizor, M|77/100
|turn|6
|
|t:|1685902491
|move|p1a: Iron Thorns|Dragon Dance|p1a: Iron Thorns
|-boost|p1a: Iron Thorns|atk|1
|-boost|p1a: Iron Thorns|spe|1
|move|p2a: Blade|Aerial Ace|p1a: Iron Thorns
|-supereffective|p1a: Iron Thorns
|-damage|p1a: Iron Thorns|16/100
|
|upkeep
|turn|7
|
|t:|1685902498
|move|p2a: Blade|Bullet Punch|p1a: Iron Thorns
|-damage|p1a: Iron Thorns|0 fnt
|faint|p1a: Iron Thorns
|-end|p1a: Iron Thorns|Quark Drive|[silent]
|
|upkeep
|
|t:|1685902504
|switch|p1a: Ursaring|Ursaring, M|100/100
|-status|p1a: Ursaring|tox
|turn|8
|
|t:|1685902510
|move|p1a: Ursaring|Close Combat|p2a: Blade
|-damage|p2a: Blade|20/100
|-unboost|p1a: Ursaring|def|1
|-unboost|p1a: Ursaring|spd|1
|move|p2a: Blade|Brick Break|p1a: Ursaring
|-supereffective|p1a: Ursaring
|-damage|p1a: Ursaring|23/100 tox
|
|-damage|p1a: Ursaring|16/100 tox|[from] psn
|upkeep
|turn|9
|-message|champ stalker forfeited.
|
|win|Egg Robo
|raw|champ stalker's rating: 1092 → 1070(-22 for losing)
|raw|Egg Robo's rating: 1111 → 1135(+24 for winning)
|l|☆champ stalker
