|j|☆HisokaG4
|j|☆thegreat57%
|t:|1685902790
|gametype|singles
|player|p1|HisokaG4|cyclist|1007
|player|p2|thegreat57%|265|1000
|teamsize|p1|6
|teamsize|p2|6
|gen|9
|tier|[Gen 9] OU
|rated|
|rule|Sleep Clause Mod: Limit one foe put to sleep
|rule|Species Clause: Limit one of each Pokémon
|rule|OHKO Clause: OHKO moves are banned
|rule|Evasion Items Clause: Evasion items are banned
|rule|Evasion Moves Clause: Evasion moves are banned
|rule|Endless Battle Clause: Forcing endless battles is banned
|rule|HP Percentage Mod: HP is shown in percentages
|clearpoke
|poke|p1|Sawsbuck-Winter, M|
|poke|p1|Tauros, M|
|poke|p1|Staraptor, M|
|poke|p1|Pyroar, M|
|poke|p1|Farigiraf, M|
|poke|p1|Wigglytuff, M|
|poke|p2|Baxcalibur, M|
|poke|p2|Slowking, M|
|poke|p2|Iron Valiant|
|poke|p2|Amoonguss, F|
|poke|p2|Corviknight, M|
|poke|p2|Great Tusk|
|teampreview
|
|t:|1685902808
|start
|switch|p1a: DestinoG4|Wigglytuff, M|100/100
|switch|p2a: Copper Combat|Iron Valiant|100/100
|turn|1
|inactive|Battle timer is ON: inactive players will automatically lose when time's up. (requested by thegreat57%)
|
|t:|1685902822
|-end|p2a: Copper Combat|Quark Drive|[silent]
|switch|p2a: SheCorvOnMyKnight|Corviknight, M|100/100
|move|p1a: DestinoG4|Dazzling Gleam|p2a: SheCorvOnMyKnight
|-resisted|p2a: SheCorvOnMyKnight
|-damage|p2a: SheCorvOnMyKnight|88/100
|
|-heal|p2a: SheCorvOnMyKnight|95/100|[from] item: Leftovers
|upkeep
|turn|2
|
|t:|1685902835
|move|p2a: SheCorvOnMyKnight|Brave Bird|p1a: DestinoG4
|-damage|p1a: DestinoG4|52/100
|-damage|p2a: SheCorvOnMyKnight|75/100|[from] Recoil
|move|p1a: DestinoG4|Stealth Rock|p2a: SheCorvOnMyKnight
|-sidestart|p2: thegreat57%|move: Stealth Rock
|
|-heal|p2a: SheCorvOnMyKnight|81/100|[from] item: Leftovers
|upkeep
|turn|3
|
|t:|1685902848
|move|p2a: SheCorvOnMyKnight|Brave Bird|p1a: DestinoG4
|-damage|p1a: DestinoG4|7/100
|-enditem|p1a: DestinoG4|Sitrus Berry|[eat]
|-heal|p1a: DestinoG4|32/100|[from] item: Sitrus Berry
|-damage|p2a: SheCorvOnMyKnight|64/100|[from] Recoil
|move|p1a: DestinoG4|Disable|p2a: SheCorvOnMyKnight
|-start|p2a: SheCorvOnMyKnight|Disable|Brave Bird
|
|-heal|p2a: SheCorvOnMyKnight|70/100|[from] item: Leftovers
|upkeep
|turn|4
|
|t:|1685902862
|move|p2a: SheCorvOnMyKnight|Defog|p1a: DestinoG4
|-unboost|p1a: DestinoG4|evasion|1
|-ability|p1a: DestinoG4|Competitive|boost
|-boost|p1a: DestinoG4|spa|2
|-sideend|p2: thegreat57%|Stealth Rock|[from] move: Defog|[of] p2a: SheCorvOnMyKnight
|move|p1a: DestinoG4|Encore|p2a: SheCorvOnMyKnight
|-start|p2a: SheCorvOnMyKnight|Encore
|
|-heal|p2a: SheCorvOnMyKnight|76/100|[from] item: Leftovers
|upkeep
|turn|5
|
|t:|1685902884
|switch|p2a: Holdontoyourhelm|Amoonguss, F|100/100
|move|p1a: DestinoG4|Dazzling Gleam|p2a: Holdontoyourhelm
|-resisted|p2a: Holdontoyourhelm
|-damage|p2a: Holdontoyourhelm|68/100
|
|upkeep
|turn|6
|
|t:|1685902892
|move|p1a: DestinoG4|Stealth Rock|p2a: Holdontoyourhelm
|-sidestart|p2: thegreat57%|move: Stealth Rock
|move|p2a: Holdontoyourhelm|Foul Play|p1a: DestinoG4
|-resisted|p1a: DestinoG4
|-damage|p1a: DestinoG4|23/100
|
|upkeep
|turn|7
|
|t:|1685902906
|move|p1a: DestinoG4|Disable|p2a: Holdontoyourhelm
|-start|p2a: Holdontoyourhelm|Disable|Foul Play
|move|p2a: Holdontoyourhelm|Clear Smog|p1a: DestinoG4
|-supereffective|p1a: DestinoG4
|-damage|p1a: DestinoG4|0 fnt
|-clearboost|p1a: DestinoG4
|faint|p1a: DestinoG4
|
|upkeep
|
|t:|1685902917
|switch|p1a: BananaG4|Farigiraf, M|100/100
|turn|8
|
|t:|1685902929
|switch|p2a: SheCorvOnMyKnight|Corviknight, M|76/100
|-damage|p2a: SheCorvOnMyKnight|64/100|[from] Stealth Rock
|move|p1a: BananaG4|Substitute|p1a: BananaG4
|-start|p1a: BananaG4|Substitute
|-damage|p1a: BananaG4|76/100
|
|-heal|p2a: SheCorvOnMyKnight|70/100|[from] item: Leftovers
|upkeep
|turn|9
|
|t:|1685902948
|move|p1a: BananaG4|Nasty Plot|p1a: BananaG4
|-boost|p1a: BananaG4|spa|2
|move|p2a: SheCorvOnMyKnight|Brave Bird|p1a: BananaG4
|-end|p1a: BananaG4|Substitute
|-damage|p2a: SheCorvOnMyKnight|62/100|[from] Recoil|[of] p1a: BananaG4
|
|-heal|p2a: SheCorvOnMyKnight|68/100|[from] item: Leftovers
|upkeep
|turn|10
|
|t:|1685902961
|move|p1a: BananaG4|Psychic|p2a: SheCorvOnMyKnight
|-resisted|p2a: SheCorvOnMyKnight
|-damage|p2a: SheCorvOnMyKnight|38/100
|-ability|p2a: SheCorvOnMyKnight|Mirror Armor
|-unboost|p1a: BananaG4|spd|1
|move|p2a: SheCorvOnMyKnight|Roost|p2a: SheCorvOnMyKnight
|-heal|p2a: SheCorvOnMyKnight|88/100
|-singleturn|p2a: SheCorvOnMyKnight|move: Roost
|
|-heal|p2a: SheCorvOnMyKnight|95/100|[from] item: Leftovers
|upkeep
|turn|11
|
|t:|1685902990
|move|p1a: BananaG4|Substitute|p1a: BananaG4
|-start|p1a: BananaG4|Substitute
|-damage|p1a: BananaG4|51/100
|move|p2a: SheCorvOnMyKnight|Brave Bird|p1a: BananaG4
|-end|p1a: BananaG4|Substitute
|-damage|p2a: SheCorvOnMyKnight|87/100|[from] Recoil|[of] p1a: BananaG4
|
|-heal|p2a: SheCorvOnMyKnight|93/100|[from] item: Leftovers
|upkeep
|turn|12
|
|t:|1685903002
|move|p1a: BananaG4|Psychic|p2a: SheCorvOnMyKnight
|-resisted|p2a: SheCorvOnMyKnight
|-damage|p2a: SheCorvOnMyKnight|61/100
|move|p2a: SheCorvOnMyKnight|Brave Bird|p1a: BananaG4
|-damage|p1a: BananaG4|7/100
|-damage|p2a: SheCorvOnMyKnight|47/100|[from] Recoil
|-enditem|p1a: BananaG4|Red Card|[of] p2a: SheCorvOnMyKnight
|drag|p2a: Copper Combat|Iron Valiant|100/100
|-damage|p2a: Copper Combat|94/100|[from] Stealth Rock
|
|upkeep
|turn|13
|
|t:|1685903018
|move|p2a: Copper Combat|Knock Off|p1a: BananaG4
|-supereffective|p1a: BananaG4
|-damage|p1a: BananaG4|0 fnt
|faint|p1a: BananaG4
|
|upkeep
|
|t:|1685903026
|switch|p1a: GalinhaG4|Staraptor, M|100/100
|-ability|p1a: GalinhaG4|Intimidate|boost
|-unboost|p2a: Copper Combat|atk|1
|turn|14
|inactive|thegreat57% has 120 seconds left.
|
|t:|1685903054
|-end|p2a: Copper Combat|Quark Drive|[silent]
|switch|p2a: SlodogChillionaire|Slowking, M|100/100
|-damage|p2a: SlodogChillionaire|88/100|[from] Stealth Rock
|move|p1a: GalinhaG4|Brave Bird|p2a: SlodogChillionaire
|-damage|p2a: SlodogChillionaire|15/100
|-damage|p1a: GalinhaG4|70/100|[from] Recoil
|
|upkeep
|turn|15
|inactive|thegreat57% has 120 seconds left.
|
|t:|1685903067
|move|p1a: GalinhaG4|Brave Bird|p2a: SlodogChillionaire
|-damage|p2a: SlodogChillionaire|0 fnt
|faint|p2a: SlodogChillionaire
|-damage|p1a: GalinhaG4|64/100|[from] Recoil
|
|upkeep
|inactive|thegreat57% has 120 seconds left.
|
|t:|1685903079
|switch|p2a: Copper Combat|Iron Valiant|94/100
|-damage|p2a: Copper Combat|88/100|[from] Stealth Rock
|turn|16
|inactive|thegreat57% has 120 seconds left.
|
|t:|1685903096
|-terastallize|p2a: Copper Combat|Ghost
|move|p1a: GalinhaG4|Brave Bird|p2a: Copper Combat
|-damage|p2a: Copper Combat|6/100
|-damage|p1a: GalinhaG4|39/100|[from] Recoil
|move|p2a: Copper Combat|Moonblast|p1a: GalinhaG4
|-crit|p1a: GalinhaG4
|-damage|p1a: GalinhaG4|0 fnt
|faint|p1a: GalinhaG4
|
|upkeep
|
|t:|1685903110
|switch|p1a: VelaG4|Pyroar, M|100/100
|turn|17
|
|t:|1685903114
|move|p2a: Copper Combat|Moonblast|p1a: VelaG4
|-resisted|p1a: VelaG4
|-damage|p1a: VelaG4|72/100
|move|p1a: VelaG4|Flamethrower|p2a: Copper Combat
|-damage|p2a: Copper Combat|0 fnt
|faint|p2a: Copper Combat
|-end|p2a: Copper Combat|Quark Drive|[silent]
|
|upkeep
|
|t:|1685903122
|switch|p2a: The Great 57%|Great Tusk|100/100
|-damage|p2a: The Great 57%|98/100|[from] Stealth Rock
|turn|18
|
|t:|1685903133
|-terastallize|p1a: VelaG4|Fire
|move|p1a: VelaG4|Flamethrower|p2a: The Great 57%
|-damage|p2a: The Great 57%|7/100
|move|p2a: The Great 57%|Rapid Spin|p1a: VelaG4
|-damage|p1a: VelaG4|37/100
|-boost|p2a: The Great 57%|spe|1
|-sideend|p2: thegreat57%|Stealth Rock|[from] move: Rapid Spin|[of] p2a: The Great 57%
|
|upkeep
|turn|19
|
|t:|1685903150
|move|p2a: The Great 57%|Rapid Spin|p1a: VelaG4
|-damage|p1a: VelaG4|2/100
|-boost|p2a: The Great 57%|spe|1
|move|p1a: VelaG4|Flamethrower|p2a: The Great 57%
|-damage|p2a: The Great 57%|0 fnt
|faint|p2a: The Great 57%
|-end|p2a: The Great 57%|Protosynthesis|[silent]
|
|upkeep
|
|t:|1685903156
|switch|p2a: SheCorvOnMyKnight|Corviknight, M|47/100
|turn|20
|
|t:|1685903161
|move|p1a: VelaG4|Flamethrower|p2a: SheCorvOnMyKnight
|-supereffective|p2a: SheCorvOnMyKnight
|-damage|p2a: SheCorvOnMyKnight|0 fnt
|faint|p2a: SheCorvOnMyKnight
|
|upkeep
|
|t:|1685903168
|switch|p2a: Baxillion Pegasus|Baxcalibur, M|100/100
|turn|21
|
|t:|1685903173
|move|p1a: VelaG4|Protect|p1a: VelaG4
|-singleturn|p1a: VelaG4|Protect
|move|p2a: Baxillion Pegasus|Earthquake|p1a: VelaG4
|-activate|p1a: VelaG4|move: Protect
|
|upkeep
|turn|22
|
|t:|1685903182
|switch|p1a: BostonaroG4|Tauros, M|100/100
|-ability|p1a: BostonaroG4|Intimidate|boost
|-unboost|p2a: Baxillion Pegasus|atk|1
|move|p2a: Baxillion Pegasus|Earthquake|p1a: BostonaroG4
|-damage|p1a: BostonaroG4|73/100
|
|upkeep
|turn|23
|
|t:|1685903195
|switch|p2a: Holdontoyourhelm|Amoonguss, F|100/100
|move|p1a: BostonaroG4|Giga Impact|p2a: Holdontoyourhelm
|-damage|p2a: Holdontoyourhelm|42/100
|-mustrecharge|p1a: BostonaroG4
|-damage|p1a: BostonaroG4|57/100|[from] item: Rocky Helmet|[of] p2a: Holdontoyourhelm
|-damage|p1a: BostonaroG4|47/100|[from] item: Life Orb
|
|upkeep
|turn|24
|
|t:|1685903204
|cant|p1a: BostonaroG4|recharge
|move|p2a: Holdontoyourhelm|Spore|p1a: BostonaroG4
|-status|p1a: BostonaroG4|slp|[from] move: Spore
|
|upkeep
|turn|25
|
|t:|1685903222
|cant|p1a: BostonaroG4|slp
|move|p2a: Holdontoyourhelm|Giga Drain|p1a: BostonaroG4
|-damage|p1a: BostonaroG4|12/100 slp
|-heal|p2a: Holdontoyourhelm|54/100|[from] drain|[of] p1a: BostonaroG4
|
|upkeep
|turn|26
|
|t:|1685903229
|cant|p1a: BostonaroG4|slp
|move|p2a: Holdontoyourhelm|Giga Drain|p1a: BostonaroG4
|-damage|p1a: BostonaroG4|0 fnt
|-heal|p2a: Holdontoyourhelm|58/100|[from] drain|[of] p1a: BostonaroG4
|faint|p1a: BostonaroG4
|
|upkeep
|
|t:|1685903238
|switch|p1a: VelaG4|Pyroar, M, tera:Fire|2/100
|turn|27
|
|t:|1685903247
|move|p1a: VelaG4|Flamethrower|p2a: Holdontoyourhelm
|-supereffective|p2a: Holdontoyourhelm
|-damage|p2a: Holdontoyourhelm|0 fnt
|faint|p2a: Holdontoyourhelm
|
|upkeep
|
|t:|1685903248
|switch|p2a: Baxillion Pegasus|Baxcalibur, M|100/100
|turn|28
|
|t:|1685903269
|move|p1a: VelaG4|Endeavor|p2a: Baxillion Pegasus
|-damage|p2a: Baxillion Pegasus|2/100
|move|p2a: Baxillion Pegasus|Dragon Dance|p2a: Baxillion Pegasus
|-boost|p2a: Baxillion Pegasus|atk|1
|-boost|p2a: Baxillion Pegasus|spe|1
|
|-heal|p2a: Baxillion Pegasus|8/100|[from] item: Leftovers
|upkeep
|turn|29
|
|t:|1685903280
|move|p2a: Baxillion Pegasus|Earthquake|p1a: VelaG4
|-supereffective|p1a: VelaG4
|-damage|p1a: VelaG4|0 fnt
|faint|p1a: VelaG4
|
|-heal|p2a: Baxillion Pegasus|14/100|[from] item: Leftovers
|upkeep
|
|t:|1685903288
|switch|p1a: MachoG4|Sawsbuck-Winter, M|100/100
|turn|30
|
|t:|1685903295
|move|p2a: Baxillion Pegasus|Icicle Spear|p1a: MachoG4
|-supereffective|p1a: MachoG4
|-damage|p1a: MachoG4|49/100
|-supereffective|p1a: MachoG4
|-damage|p1a: MachoG4|0 fnt
|faint|p1a: MachoG4
|-hitcount|p1: MachoG4|2
|
|win|thegreat57%
|raw|HisokaG4's rating: 1007 → 1000(-7 for losing)
|raw|thegreat57%'s rating: 1000 → 1041(+41 for winning)
