|j|☆AceyAce
|j|☆revamped_087
|t:|1685853999
|gametype|singles
|player|p1|AceyAce|cilan|1391
|player|p2|revamped_087|blue|1352
|teamsize|p1|6
|teamsize|p2|6
|gen|9
|tier|[Gen 9] OU
|rated|
|rule|Sleep Clause Mod: Limit one foe put to sleep
|rule|Species Clause: Limit one of each Pokémon
|rule|OHKO Clause: OHKO moves are banned
|rule|Evasion Items Clause: Evasion items are banned
|rule|Evasion Moves Clause: Evasion moves are banned
|rule|Endless Battle Clause: Forcing endless battles is banned
|rule|HP Percentage Mod: HP is shown in percentages
|clearpoke
|poke|p1|Volcanion|
|poke|p1|Corviknight, M|
|poke|p1|Regidrago|
|poke|p1|Gallade, M|
|poke|p1|Ting-Lu|
|poke|p1|Garganacl, M|
|poke|p2|Sneasler, F|
|poke|p2|Typhlosion-Hisui, M|
|poke|p2|Samurott-Hisui, M|
|poke|p2|Great Tusk|
|poke|p2|Dragapult, M|
|poke|p2|Slowking-Galar, M|
|teampreview
|inactive|Battle timer is ON: inactive players will automatically lose when time's up. (requested by AceyAce)
|
|t:|1685854011
|start
|switch|p1a: EXO-X_02|Volcanion|100/100
|switch|p2a: Sneasler|Sneasler, F|100/100
|turn|1
|
|t:|1685854025
|move|p2a: Sneasler|U-turn|p1a: EXO-X_02
|-resisted|p1a: EXO-X_02
|-damage|p1a: EXO-X_02|87/100
|
|t:|1685854030
|switch|p2a: Slowking|Slowking-Galar, M|100/100|[from] U-turn
|move|p1a: EXO-X_02|Steam Eruption|p2a: Slowking
|-damage|p2a: Slowking|70/100
|
|-heal|p1a: EXO-X_02|93/100|[from] item: Leftovers
|upkeep
|turn|2
|
|t:|1685854044
|move|p1a: EXO-X_02|Earth Power|p2a: Slowking
|-supereffective|p2a: Slowking
|-damage|p2a: Slowking|33/100
|-unboost|p2a: Slowking|spd|1
|move|p2a: Slowking|Future Sight|p1a: EXO-X_02
|-start|p2a: Slowking|move: Future Sight
|
|-heal|p1a: EXO-X_02|99/100|[from] item: Leftovers
|upkeep
|turn|3
|
|t:|1685854068
|switch|p2a: Samurott|Samurott-Hisui, M|100/100
|move|p1a: EXO-X_02|Flamethrower|p2a: Samurott
|-resisted|p2a: Samurott
|-damage|p2a: Samurott|60/100
|
|-heal|p1a: EXO-X_02|100/100|[from] item: Leftovers
|upkeep
|turn|4
|
|t:|1685854075
|switch|p1a: EXO-Upbeat_05|Corviknight, M|100/100
|-ability|p1a: EXO-Upbeat_05|Pressure
|move|p2a: Samurott|Ceaseless Edge|p1a: EXO-Upbeat_05
|-damage|p1a: EXO-Upbeat_05|70/100
|-sidestart|p1: AceyAce|Spikes
|-damage|p2a: Samurott|43/100|[from] item: Rocky Helmet|[of] p1a: EXO-Upbeat_05
|
|-end|p1a: EXO-Upbeat_05|move: Future Sight
|-resisted|p1a: EXO-Upbeat_05
|-damage|p1a: EXO-Upbeat_05|43/100
|upkeep
|turn|5
|
|t:|1685854086
|switch|p2a: Typhlosion|Typhlosion-Hisui, M|100/100
|-item|p1a: EXO-Upbeat_05|Rocky Helmet|[from] ability: Frisk|[of] p2a: Typhlosion|[identify]
|move|p1a: EXO-Upbeat_05|Defog|p2a: Typhlosion
|-unboost|p2a: Typhlosion|evasion|1
|-sideend|p1: AceyAce|Spikes|[from] move: Defog|[of] p1a: EXO-Upbeat_05
|
|upkeep
|turn|6
|
|t:|1685854096
|switch|p2a: Sneasler|Sneasler, F|100/100
|switch|p1a: EXO-X_02|Volcanion|100/100
|
|upkeep
|turn|7
|
|t:|1685854113
|move|p2a: Sneasler|Switcheroo|p1a: EXO-X_02
|-activate|p2a: Sneasler|move: Trick|[of] p1a: EXO-X_02
|-item|p1a: EXO-X_02|Choice Band|[from] move: Switcheroo
|-item|p2a: Sneasler|Leftovers|[from] move: Switcheroo
|move|p1a: EXO-X_02|Earth Power|p2a: Sneasler
|-supereffective|p2a: Sneasler
|-damage|p2a: Sneasler|7/100
|
|-heal|p2a: Sneasler|13/100|[from] item: Leftovers
|upkeep
|turn|8
|
|t:|1685854123
|move|p2a: Sneasler|U-turn|p1a: EXO-X_02
|-resisted|p1a: EXO-X_02
|-damage|p1a: EXO-X_02|90/100
|
|t:|1685854125
|switch|p2a: Dragapult|Dragapult, M|100/100|[from] U-turn
|move|p1a: EXO-X_02|Earth Power|p2a: Dragapult
|-damage|p2a: Dragapult|63/100
|
|-heal|p2a: Dragapult|69/100|[from] item: Leftovers
|upkeep
|turn|9
|
|t:|1685854134
|move|p2a: Dragapult|Dragon Darts|p1a: EXO-X_02
|-damage|p1a: EXO-X_02|75/100
|-anim|p2a: Dragapult|Dragon Darts|p1a: EXO-X_02
|-damage|p1a: EXO-X_02|58/100
|move|p1a: EXO-X_02|Earth Power|p2a: Dragapult
|-damage|p2a: Dragapult|26/100
|-unboost|p2a: Dragapult|spd|1
|
|-heal|p2a: Dragapult|32/100|[from] item: Leftovers
|upkeep
|turn|10
|
|t:|1685854138
|move|p2a: Dragapult|Dragon Darts|p1a: EXO-X_02
|-damage|p1a: EXO-X_02|43/100
|-anim|p2a: Dragapult|Dragon Darts|p1a: EXO-X_02
|-damage|p1a: EXO-X_02|25/100
|move|p1a: EXO-X_02|Earth Power|p2a: Dragapult
|-damage|p2a: Dragapult|0 fnt
|-start|p1a: EXO-X_02|Disable|Earth Power|[from] ability: Cursed Body|[of] p2a: Dragapult
|faint|p2a: Dragapult
|
|upkeep
|
|t:|1685854142
|switch|p2a: Samurott|Samurott-Hisui, M|43/100
|turn|11
|
|t:|1685854146
|switch|p1a: EXO-Upbeat_05|Corviknight, M|43/100
|-ability|p1a: EXO-Upbeat_05|Pressure
|move|p2a: Samurott|Ceaseless Edge|p1a: EXO-Upbeat_05
|-damage|p1a: EXO-Upbeat_05|11/100
|-sidestart|p1: AceyAce|Spikes
|-damage|p2a: Samurott|27/100|[from] item: Rocky Helmet|[of] p1a: EXO-Upbeat_05
|
|upkeep
|turn|12
|
|t:|1685854155
|move|p2a: Samurott|Ceaseless Edge|p1a: EXO-Upbeat_05
|-crit|p1a: EXO-Upbeat_05
|-damage|p1a: EXO-Upbeat_05|0 fnt
|-sidestart|p1: AceyAce|Spikes
|-damage|p2a: Samurott|10/100|[from] item: Rocky Helmet|[of] p1a: EXO-Upbeat_05
|faint|p1a: EXO-Upbeat_05
|
|upkeep
|
|t:|1685854168
|switch|p1a: EXO-Sword_06|Gallade, M|100/100
|-damage|p1a: EXO-Sword_06|84/100|[from] Spikes
|turn|13
|
|t:|1685854175
|move|p2a: Samurott|Ceaseless Edge|p1a: EXO-Sword_06
|-damage|p1a: EXO-Sword_06|2/100
|-sidestart|p1: AceyAce|Spikes
|move|p1a: EXO-Sword_06|Night Slash|p2a: Samurott
|-resisted|p2a: Samurott
|-damage|p2a: Samurott|0 fnt
|faint|p2a: Samurott
|
|upkeep
|
|t:|1685854187
|switch|p2a: Typhlosion|Typhlosion-Hisui, M|100/100
|-item|p1a: EXO-Sword_06|Choice Scarf|[from] ability: Frisk|[of] p2a: Typhlosion|[identify]
|turn|14
|
|t:|1685854190
|switch|p2a: Great Tusk|Great Tusk|100/100
|move|p1a: EXO-Sword_06|Night Slash|p2a: Great Tusk
|-resisted|p2a: Great Tusk
|-crit|p2a: Great Tusk
|-damage|p2a: Great Tusk|87/100
|
|-heal|p2a: Great Tusk|94/100|[from] item: Leftovers
|upkeep
|turn|15
|
|t:|1685854194
|move|p1a: EXO-Sword_06|Night Slash|p2a: Great Tusk
|-resisted|p2a: Great Tusk
|-damage|p2a: Great Tusk|86/100
|move|p2a: Great Tusk|Stealth Rock|p1a: EXO-Sword_06
|-sidestart|p1: AceyAce|move: Stealth Rock
|
|-heal|p2a: Great Tusk|92/100|[from] item: Leftovers
|upkeep
|turn|16
|
|t:|1685854200
|move|p1a: EXO-Sword_06|Night Slash|p2a: Great Tusk
|-resisted|p2a: Great Tusk
|-damage|p2a: Great Tusk|84/100
|move|p2a: Great Tusk|Rapid Spin|p1a: EXO-Sword_06
|-damage|p1a: EXO-Sword_06|0 fnt
|-boost|p2a: Great Tusk|spe|1
|faint|p1a: EXO-Sword_06
|
|-heal|p2a: Great Tusk|90/100|[from] item: Leftovers
|upkeep
|
|t:|1685854212
|switch|p1a: Regidrago|Regidrago|100/100
|-damage|p1a: Regidrago|76/100|[from] Spikes
|-damage|p1a: Regidrago|63/100|[from] Stealth Rock
|turn|17
|
|t:|1685854222
|-end|p2a: Great Tusk|Protosynthesis|[silent]
|switch|p2a: Slowking|Slowking-Galar, M|66/100
|move|p1a: Regidrago|Draco Meteor|p2a: Slowking
|-damage|p2a: Slowking|21/100
|-unboost|p1a: Regidrago|spa|2
|
|upkeep
|turn|18
|
|t:|1685854236
|switch|p2a: Typhlosion|Typhlosion-Hisui, M|100/100
|-item|p1a: Regidrago|Choice Scarf|[from] ability: Frisk|[of] p2a: Typhlosion|[identify]
|move|p1a: Regidrago|Draco Meteor|p2a: Typhlosion|[miss]
|-miss|p1a: Regidrago|p2a: Typhlosion
|
|upkeep
|turn|19
|
|t:|1685854246
|switch|p1a: EXO-X_02|Volcanion|25/100
|-damage|p1a: EXO-X_02|0 fnt|[from] Spikes
|faint|p1a: EXO-X_02
|move|p2a: Typhlosion|Eruption|p1: EXO-X_02|[notarget]
|-fail|p2a: Typhlosion
|
|upkeep
|
|t:|1685854250
|switch|p1a: EXO-Deter_04|Ting-Lu|100/100
|-damage|p1a: EXO-Deter_04|76/100|[from] Spikes
|-damage|p1a: EXO-Deter_04|69/100|[from] Stealth Rock
|-ability|p1a: EXO-Deter_04|Vessel of Ruin
|turn|20
|
|t:|1685854255
|switch|p2a: Great Tusk|Great Tusk|90/100
|move|p1a: EXO-Deter_04|Ruination|p2a: Great Tusk
|-damage|p2a: Great Tusk|45/100
|
|-heal|p2a: Great Tusk|52/100|[from] item: Leftovers
|-heal|p1a: EXO-Deter_04|76/100|[from] item: Leftovers
|upkeep
|turn|21
|
|t:|1685854265
|move|p2a: Great Tusk|Knock Off|p1a: EXO-Deter_04
|-resisted|p1a: EXO-Deter_04
|-damage|p1a: EXO-Deter_04|70/100
|-enditem|p1a: EXO-Deter_04|Leftovers|[from] move: Knock Off|[of] p2a: Great Tusk
|move|p1a: EXO-Deter_04|Whirlwind|p2a: Great Tusk
|-end|p2a: Great Tusk|Protosynthesis|[silent]
|drag|p2a: Slowking|Slowking-Galar, M|55/100
|
|upkeep
|turn|22
|
|t:|1685854273
|switch|p2a: Great Tusk|Great Tusk|52/100
|move|p1a: EXO-Deter_04|Earthquake|p2a: Great Tusk
|-damage|p2a: Great Tusk|34/100
|
|-heal|p2a: Great Tusk|40/100|[from] item: Leftovers
|upkeep
|turn|23
|
|t:|1685854277
|move|p2a: Great Tusk|Earthquake|p1a: EXO-Deter_04
|-damage|p1a: EXO-Deter_04|51/100
|move|p1a: EXO-Deter_04|Whirlwind|p2a: Great Tusk
|-end|p2a: Great Tusk|Protosynthesis|[silent]
|drag|p2a: Slowking|Slowking-Galar, M|88/100
|
|upkeep
|turn|24
|
|t:|1685854283
|switch|p2a: Great Tusk|Great Tusk|40/100
|move|p1a: EXO-Deter_04|Earthquake|p2a: Great Tusk
|-damage|p2a: Great Tusk|22/100
|
|-heal|p2a: Great Tusk|28/100|[from] item: Leftovers
|upkeep
|turn|25
|
|t:|1685854287
|move|p2a: Great Tusk|Earthquake|p1a: EXO-Deter_04
|-damage|p1a: EXO-Deter_04|35/100
|move|p1a: EXO-Deter_04|Whirlwind|p2a: Great Tusk
|-end|p2a: Great Tusk|Protosynthesis|[silent]
|drag|p2a: Slowking|Slowking-Galar, M|100/100
|
|upkeep
|turn|26
|
|t:|1685854293
|switch|p2a: Great Tusk|Great Tusk|28/100
|move|p1a: EXO-Deter_04|Earthquake|p2a: Great Tusk
|-damage|p2a: Great Tusk|10/100
|
|-heal|p2a: Great Tusk|16/100|[from] item: Leftovers
|upkeep
|turn|27
|
|t:|1685854298
|move|p2a: Great Tusk|Earthquake|p1a: EXO-Deter_04
|-damage|p1a: EXO-Deter_04|16/100
|move|p1a: EXO-Deter_04|Whirlwind|p2a: Great Tusk
|-end|p2a: Great Tusk|Protosynthesis|[silent]
|drag|p2a: Slowking|Slowking-Galar, M|100/100
|
|upkeep
|turn|28
|
|t:|1685854303
|move|p1a: EXO-Deter_04|Stealth Rock|p2a: Slowking
|-sidestart|p2: revamped_087|move: Stealth Rock
|move|p2a: Slowking|Surf|p1a: EXO-Deter_04
|-supereffective|p1a: EXO-Deter_04
|-damage|p1a: EXO-Deter_04|0 fnt
|faint|p1a: EXO-Deter_04
|
|upkeep
|
|t:|1685854324
|switch|p1a: Regidrago|Regidrago|63/100
|-damage|p1a: Regidrago|38/100|[from] Spikes
|-damage|p1a: Regidrago|26/100|[from] Stealth Rock
|turn|29
|
|t:|1685854330
|move|p1a: Regidrago|Earth Power|p2a: Slowking
|-supereffective|p2a: Slowking
|-damage|p2a: Slowking|72/100
|move|p2a: Slowking|Future Sight|p1a: Regidrago
|-start|p2a: Slowking|move: Future Sight
|
|upkeep
|turn|30
|
|t:|1685854336
|move|p1a: Regidrago|Earth Power|p2a: Slowking
|-supereffective|p2a: Slowking
|-damage|p2a: Slowking|43/100
|move|p2a: Slowking|Sludge Bomb|p1a: Regidrago
|-damage|p1a: Regidrago|0 fnt
|faint|p1a: Regidrago
|
|upkeep
|
|t:|1685854342
|switch|p1a: EXO-Olympus_03|Garganacl, M|100/100
|-damage|p1a: EXO-Olympus_03|75/100|[from] Spikes
|-damage|p1a: EXO-Olympus_03|63/100|[from] Stealth Rock
|turn|31
|
|t:|1685854346
|-terastallize|p1a: EXO-Olympus_03|Ghost
|move|p1a: EXO-Olympus_03|Recover|p1a: EXO-Olympus_03
|-heal|p1a: EXO-Olympus_03|100/100
|move|p2a: Slowking|Surf|p1a: EXO-Olympus_03
|-damage|p1a: EXO-Olympus_03|81/100
|
|-end|p1a: EXO-Olympus_03|move: Future Sight
|-damage|p1a: EXO-Olympus_03|39/100
|-heal|p1a: EXO-Olympus_03|45/100|[from] item: Leftovers
|upkeep
|turn|32
|
|t:|1685854357
|move|p1a: EXO-Olympus_03|Recover|p1a: EXO-Olympus_03
|-heal|p1a: EXO-Olympus_03|95/100
|move|p2a: Slowking|Future Sight|p1a: EXO-Olympus_03
|-start|p2a: Slowking|move: Future Sight
|
|-heal|p1a: EXO-Olympus_03|100/100|[from] item: Leftovers
|upkeep
|turn|33
|
|t:|1685854364
|move|p1a: EXO-Olympus_03|Iron Defense|p1a: EXO-Olympus_03
|-boost|p1a: EXO-Olympus_03|def|2
|move|p2a: Slowking|Surf|p1a: EXO-Olympus_03
|-damage|p1a: EXO-Olympus_03|81/100
|
|-heal|p1a: EXO-Olympus_03|87/100|[from] item: Leftovers
|upkeep
|turn|34
|
|t:|1685854371
|switch|p2a: Great Tusk|Great Tusk|16/100
|-damage|p2a: Great Tusk|13/100|[from] Stealth Rock
|move|p1a: EXO-Olympus_03|Iron Defense|p1a: EXO-Olympus_03
|-boost|p1a: EXO-Olympus_03|def|2
|
|-end|p1a: EXO-Olympus_03|move: Future Sight
|-damage|p1a: EXO-Olympus_03|45/100
|-heal|p2a: Great Tusk|20/100|[from] item: Leftovers
|-heal|p1a: EXO-Olympus_03|51/100|[from] item: Leftovers
|upkeep
|turn|35
|
|t:|1685854375
|move|p2a: Great Tusk|Knock Off|p1a: EXO-Olympus_03
|-supereffective|p1a: EXO-Olympus_03
|-damage|p1a: EXO-Olympus_03|38/100
|-enditem|p1a: EXO-Olympus_03|Leftovers|[from] move: Knock Off|[of] p2a: Great Tusk
|move|p1a: EXO-Olympus_03|Recover|p1a: EXO-Olympus_03
|-heal|p1a: EXO-Olympus_03|88/100
|
|-heal|p2a: Great Tusk|26/100|[from] item: Leftovers
|upkeep
|turn|36
|
|t:|1685854390
|move|p2a: Great Tusk|Knock Off|p1a: EXO-Olympus_03
|-supereffective|p1a: EXO-Olympus_03
|-damage|p1a: EXO-Olympus_03|80/100
|move|p1a: EXO-Olympus_03|Salt Cure|p2a: Great Tusk
|-resisted|p2a: Great Tusk
|-damage|p2a: Great Tusk|24/100
|-start|p2a: Great Tusk|Salt Cure
|
|-heal|p2a: Great Tusk|30/100|[from] item: Leftovers
|-damage|p2a: Great Tusk|18/100|[from] Salt Cure
|upkeep
|turn|37
|
|t:|1685854395
|move|p2a: Great Tusk|Knock Off|p1a: EXO-Olympus_03
|-supereffective|p1a: EXO-Olympus_03
|-damage|p1a: EXO-Olympus_03|71/100
|move|p1a: EXO-Olympus_03|Body Press|p2a: Great Tusk
|-damage|p2a: Great Tusk|0 fnt
|faint|p2a: Great Tusk
|-end|p2a: Great Tusk|Protosynthesis|[silent]
|
|upkeep
|
|t:|1685854400
|switch|p2a: Typhlosion|Typhlosion-Hisui, M|100/100
|-damage|p2a: Typhlosion|76/100|[from] Stealth Rock
|turn|38
|
|t:|1685854404
|move|p2a: Typhlosion|Infernal Parade|p1a: EXO-Olympus_03
|-supereffective|p1a: EXO-Olympus_03
|-damage|p1a: EXO-Olympus_03|41/100
|move|p1a: EXO-Olympus_03|Salt Cure|p2a: Typhlosion
|-supereffective|p2a: Typhlosion
|-damage|p2a: Typhlosion|33/100
|-start|p2a: Typhlosion|Salt Cure
|
|-damage|p2a: Typhlosion|21/100|[from] Salt Cure
|upkeep
|turn|39
|
|t:|1685854411
|move|p2a: Typhlosion|Infernal Parade|p1a: EXO-Olympus_03
|-supereffective|p1a: EXO-Olympus_03
|-damage|p1a: EXO-Olympus_03|11/100
|move|p1a: EXO-Olympus_03|Recover|p1a: EXO-Olympus_03
|-heal|p1a: EXO-Olympus_03|61/100
|
|-damage|p2a: Typhlosion|9/100|[from] Salt Cure
|upkeep
|turn|40
|
|t:|1685854419
|move|p2a: Typhlosion|Infernal Parade|p1a: EXO-Olympus_03
|-supereffective|p1a: EXO-Olympus_03
|-damage|p1a: EXO-Olympus_03|31/100
|move|p1a: EXO-Olympus_03|Recover|p1a: EXO-Olympus_03
|-heal|p1a: EXO-Olympus_03|81/100
|
|-damage|p2a: Typhlosion|0 fnt|[from] Salt Cure
|faint|p2a: Typhlosion
|upkeep
|
|t:|1685854422
|switch|p2a: Sneasler|Sneasler, F|13/100
|-damage|p2a: Sneasler|7/100|[from] Stealth Rock
|turn|41
|
|t:|1685854426
|move|p2a: Sneasler|Dire Claw|p1a: EXO-Olympus_03
|-resisted|p1a: EXO-Olympus_03
|-damage|p1a: EXO-Olympus_03|76/100
|move|p1a: EXO-Olympus_03|Salt Cure|p2a: Sneasler
|-resisted|p2a: Sneasler
|-damage|p2a: Sneasler|0 fnt
|faint|p2a: Sneasler
|
|upkeep
|
|t:|1685854428
|switch|p2a: Slowking|Slowking-Galar, M|76/100
|-damage|p2a: Slowking|64/100|[from] Stealth Rock
|turn|42
|
|t:|1685854430
|move|p1a: EXO-Olympus_03|Salt Cure|p2a: Slowking
|-damage|p2a: Slowking|49/100
|-start|p2a: Slowking|Salt Cure
|move|p2a: Slowking|Future Sight|p1a: EXO-Olympus_03
|-start|p2a: Slowking|move: Future Sight
|
|-damage|p2a: Slowking|37/100|[from] Salt Cure
|upkeep
|turn|43
|
|t:|1685854434
|move|p1a: EXO-Olympus_03|Body Press|p2a: Slowking
|-resisted|p2a: Slowking
|-damage|p2a: Slowking|20/100
|move|p2a: Slowking|Surf|p1a: EXO-Olympus_03
|-damage|p1a: EXO-Olympus_03|57/100
|
|-damage|p2a: Slowking|8/100|[from] Salt Cure
|upkeep
|turn|44
|c|☆revamped_087|this is the dumbest mon in the fucking game
|-message|revamped_087 forfeited.
|
|win|AceyAce
|raw|AceyAce's rating: 1391 → 1409(+18 for winning)
|raw|revamped_087's rating: 1352 → 1334(-18 for losing)
|l|☆revamped_087
