|j|☆kaierxilaotaipo
|j|☆PenguGuy
|t:|1685882866
|gametype|singles
|player|p1|kaierxilaotaipo|rosa|1261
|player|p2|PenguGuy|dragontamer|1186
|teamsize|p1|6
|teamsize|p2|6
|gen|9
|tier|[Gen 9] OU
|rated|
|rule|Sleep Clause Mod: Limit one foe put to sleep
|rule|Species Clause: Limit one of each Pokémon
|rule|OHKO Clause: OHKO moves are banned
|rule|Evasion Items Clause: Evasion items are banned
|rule|Evasion Moves Clause: Evasion moves are banned
|rule|Endless Battle Clause: Forcing endless battles is banned
|rule|HP Percentage Mod: HP is shown in percentages
|clearpoke
|poke|p1|Glastrier|
|poke|p1|Slowking, F|
|poke|p1|Magearna|
|poke|p1|Decidueye-Hisui, F|
|poke|p1|Urshifu-*, F|
|poke|p1|Cresselia, F|
|poke|p2|Sneasler, M|
|poke|p2|Ting-Lu|
|poke|p2|Gholdengo|
|poke|p2|Thundurus, M|
|poke|p2|Corviknight, F|
|poke|p2|Maushold-Four|
|teampreview
|inactive|Battle timer is ON: inactive players will automatically lose when time's up. (requested by PenguGuy)
|inactive|kaierxilaotaipo also wants the timer to be on.
|
|t:|1685882882
|start
|switch|p1a: Magearna|Magearna|100/100
|switch|p2a: Ting-Lu|Ting-Lu|100/100
|-ability|p2a: Ting-Lu|Vessel of Ruin
|turn|1
|
|t:|1685882889
|move|p2a: Ting-Lu|Earthquake|p1a: Magearna
|-supereffective|p1a: Magearna
|-damage|p1a: Magearna|28/100
|move|p1a: Magearna|Trick Room|p1a: Magearna
|-fieldstart|move: Trick Room|[of] p1a: Magearna
|
|upkeep
|turn|2
|
|t:|1685882898
|move|p1a: Magearna|Steel Beam|p2a: Ting-Lu
|-damage|p2a: Ting-Lu|72/100
|-damage|p1a: Magearna|0 fnt|[from] steelbeam
|faint|p1a: Magearna
|move|p2a: Ting-Lu|Earthquake|p1: Magearna|[notarget]
|-fail|p2a: Ting-Lu
|
|upkeep
|
|t:|1685882911
|switch|p1a: 小李广|Decidueye-Hisui, F, shiny|100/100
|turn|3
|
|t:|1685882919
|switch|p2a: Corviknight|Corviknight, F|100/100
|-ability|p2a: Corviknight|Pressure
|-terastallize|p1a: 小李广|Fighting
|move|p1a: 小李广|Triple Arrows|p2a: Corviknight
|-damage|p2a: Corviknight|37/100
|-unboost|p2a: Corviknight|def|1
|
|upkeep
|turn|4
|
|t:|1685882931
|move|p1a: 小李广|Triple Arrows|p2a: Corviknight
|-damage|p2a: Corviknight|0 fnt
|faint|p2a: Corviknight
|
|upkeep
|
|t:|1685882935
|switch|p2a: Sneasler|Sneasler, M|100/100
|turn|5
|
|t:|1685882938
|move|p2a: Sneasler|Fake Out|p1a: 小李广
|-enditem|p2a: Sneasler|Normal Gem|[from] gem
|-damage|p1a: 小李广|80/100
|cant|p1a: 小李广|flinch
|
|-fieldend|move: Trick Room
|upkeep
|turn|6
|
|t:|1685882957
|switch|p1a: Cresselia|Cresselia, F|100/100
|-terastallize|p2a: Sneasler|Flying
|move|p2a: Sneasler|Acrobatics|p1a: Cresselia
|-damage|p1a: Cresselia|55/100
|
|upkeep
|turn|7
|
|t:|1685882966
|move|p2a: Sneasler|Acrobatics|p1a: Cresselia
|-damage|p1a: Cresselia|7/100
|move|p1a: Cresselia|Trick Room|p1a: Cresselia
|-fieldstart|move: Trick Room|[of] p1a: Cresselia
|
|upkeep
|turn|8
|
|t:|1685882972
|move|p1a: Cresselia|Lunar Dance|p1a: Cresselia
|faint|p1a: Cresselia
|move|p2a: Sneasler|Acrobatics|p1: Cresselia|[notarget]
|-fail|p2a: Sneasler
|
|upkeep
|
|t:|1685882980
|switch|p1a: Urshifu|Urshifu-Rapid-Strike, F|100/100
|turn|9
|
|t:|1685882998
|switch|p2a: Gholdengo|Gholdengo|100/100
|move|p1a: Urshifu|Surging Strikes|p2a: Gholdengo
|-crit|p2a: Gholdengo
|-damage|p2a: Gholdengo|66/100
|-crit|p2a: Gholdengo
|-damage|p2a: Gholdengo|28/100
|-crit|p2a: Gholdengo
|-damage|p2a: Gholdengo|0 fnt
|faint|p2a: Gholdengo
|-hitcount|p2: Gholdengo|3
|
|upkeep
|
|t:|1685883004
|switch|p2a: Ting-Lu|Ting-Lu|72/100
|-ability|p2a: Ting-Lu|Vessel of Ruin
|turn|10
|
|t:|1685883012
|move|p2a: Ting-Lu|Earthquake|p1a: Urshifu
|-damage|p1a: Urshifu|62/100
|move|p1a: Urshifu|Surging Strikes|p2a: Ting-Lu
|-supereffective|p2a: Ting-Lu
|-crit|p2a: Ting-Lu
|-damage|p2a: Ting-Lu|41/100
|-supereffective|p2a: Ting-Lu
|-crit|p2a: Ting-Lu
|-damage|p2a: Ting-Lu|6/100
|-supereffective|p2a: Ting-Lu
|-crit|p2a: Ting-Lu
|-damage|p2a: Ting-Lu|0 fnt
|faint|p2a: Ting-Lu
|-hitcount|p2: Ting-Lu|3
|
|upkeep
|
|t:|1685883016
|switch|p2a: Sneasler|Sneasler, M, tera:Flying|100/100
|turn|11
|
|t:|1685883026
|move|p2a: Sneasler|Fake Out|p1a: Urshifu
|-damage|p1a: Urshifu|48/100
|cant|p1a: Urshifu|flinch
|
|-fieldend|move: Trick Room
|upkeep
|turn|12
|
|t:|1685883035
|switch|p1a: 智多星|Slowking, F|100/100
|move|p2a: Sneasler|Acrobatics|p1a: 智多星
|-damage|p1a: 智多星|52/100
|
|-heal|p1a: 智多星|58/100|[from] item: Leftovers
|upkeep
|turn|13
|
|t:|1685883044
|move|p2a: Sneasler|Dire Claw|p1a: 智多星
|-damage|p1a: 智多星|24/100
|-status|p1a: 智多星|psn
|move|p1a: 智多星|Trick Room|p1a: 智多星
|-fieldstart|move: Trick Room|[of] p1a: 智多星
|
|-heal|p1a: 智多星|30/100 psn|[from] item: Leftovers
|-damage|p1a: 智多星|18/100 psn|[from] psn
|upkeep
|turn|14
|
|t:|1685883055
|switch|p2a: Thundurus|Thundurus, M|100/100
|move|p1a: 智多星|Chilly Reception|p1a: 智多星
|-weather|Snow
|
|t:|1685883068
|switch|p1a: Urshifu|Urshifu-Rapid-Strike, F|48/100|[from] Chilly Reception
|-heal|p1a: Urshifu|100/100|[from] move: Lunar Dance
|
|-weather|Snow|[upkeep]
|upkeep
|turn|15
|
|t:|1685883076
|move|p1a: Urshifu|Surging Strikes|p2a: Thundurus
|-crit|p2a: Thundurus
|-damage|p2a: Thundurus|47/100
|-crit|p2a: Thundurus
|-damage|p2a: Thundurus|0 fnt
|faint|p2a: Thundurus
|-hitcount|p2: Thundurus|2
|
|-weather|Snow|[upkeep]
|upkeep
|
|t:|1685883082
|switch|p2a: Maushold|Maushold-Four|100/100
|turn|16
|
|t:|1685883088
|move|p1a: Urshifu|Surging Strikes|p2a: Maushold
|-crit|p2a: Maushold
|-damage|p2a: Maushold|51/100
|-crit|p2a: Maushold
|-damage|p2a: Maushold|3/100
|-crit|p2a: Maushold
|-damage|p2a: Maushold|0 fnt
|faint|p2a: Maushold
|-hitcount|p2: Maushold|3
|
|-weather|Snow|[upkeep]
|upkeep
|
|t:|1685883091
|switch|p2a: Sneasler|Sneasler, M, tera:Flying|100/100
|turn|17
|
|t:|1685883106
|switch|p1a: 智多星|Slowking, F|18/100 psn
|move|p2a: Sneasler|Fake Out|p1a: 智多星
|-damage|p1a: 智多星|7/100 psn
|
|-weather|Snow|[upkeep]
|-heal|p1a: 智多星|13/100 psn|[from] item: Leftovers
|-damage|p1a: 智多星|0 fnt|[from] psn
|faint|p1a: 智多星
|-fieldend|move: Trick Room
|upkeep
|
|t:|1685883118
|switch|p1a: Glastrier|Glastrier|100/100
|turn|18
|
|t:|1685883124
|move|p2a: Sneasler|Acrobatics|p1a: Glastrier
|-damage|p1a: Glastrier|73/100
|move|p1a: Glastrier|Icicle Crash|p2a: Sneasler|[miss]
|-miss|p1a: Glastrier|p2a: Sneasler
|
|-weather|none
|upkeep
|turn|19
|
|t:|1685883132
|move|p2a: Sneasler|Dire Claw|p1a: Glastrier
|-damage|p1a: Glastrier|44/100
|-status|p1a: Glastrier|par
|cant|p1a: Glastrier|par
|
|upkeep
|turn|20
|
|t:|1685883141
|move|p2a: Sneasler|Acrobatics|p1a: Glastrier
|-damage|p1a: Glastrier|0 fnt
|faint|p1a: Glastrier
|
|upkeep
|
|t:|1685883152
|switch|p1a: Urshifu|Urshifu-Rapid-Strike, F|100/100
|turn|21
|
|t:|1685883157
|move|p2a: Sneasler|Acrobatics|p1a: Urshifu
|-supereffective|p1a: Urshifu
|-damage|p1a: Urshifu|0 fnt
|faint|p1a: Urshifu
|
|upkeep
|
|t:|1685883179
|switch|p1a: 小李广|Decidueye-Hisui, F, shiny, tera:Fighting|80/100
|turn|22
|
|t:|1685883184
|move|p2a: Sneasler|Acrobatics|p1a: 小李广
|-supereffective|p1a: 小李广
|-damage|p1a: 小李广|0 fnt
|faint|p1a: 小李广
|
|win|PenguGuy
|raw|kaierxilaotaipo's rating: 1261 → 1231(-30 for losing)
|raw|PenguGuy's rating: 1186 → 1216(+30 for winning)
|l|☆PenguGuy
