|j|☆I wuv mons ✰
|j|☆Tokumaru
|t:|1685824380
|gametype|singles
|player|p1|I wuv mons ✰|iono|1352
|player|p2|Tokumaru|zinzolin|1264
|teamsize|p1|6
|teamsize|p2|6
|gen|9
|tier|[Gen 9] OU
|rated|
|rule|Sleep Clause Mod: Limit one foe put to sleep
|rule|Species Clause: Limit one of each Pokémon
|rule|OHKO Clause: OHKO moves are banned
|rule|Evasion Items Clause: Evasion items are banned
|rule|Evasion Moves Clause: Evasion moves are banned
|rule|Endless Battle Clause: Forcing endless battles is banned
|rule|HP Percentage Mod: HP is shown in percentages
|clearpoke
|poke|p1|Arcanine-Hisui, F|
|poke|p1|Torkoal, M|
|poke|p1|Lilligant-Hisui, F|
|poke|p1|Walking Wake|
|poke|p1|Great Tusk|
|poke|p1|Hatterene, F|
|poke|p2|Walking Wake|
|poke|p2|Rotom-Wash|
|poke|p2|Chien-Pao|
|poke|p2|Great Tusk|
|poke|p2|Heatran, F|
|poke|p2|Landorus-Therian, M|
|teampreview
|inactive|Battle timer is ON: inactive players will automatically lose when time's up. (requested by I wuv mons ✰)
|
|t:|1685824407
|start
|switch|p1a: Walking Wake|Walking Wake|100/100
|switch|p2a: Walking Wake|Walking Wake|100/100
|-enditem|p2a: Walking Wake|Booster Energy
|-activate|p2a: Walking Wake|ability: Protosynthesis|[fromitem]
|-start|p2a: Walking Wake|protosynthesisspa
|turn|1
|
|t:|1685824424
|-end|p1a: Walking Wake|Protosynthesis|[silent]
|switch|p1a: Torkoal|Torkoal, M, shiny|100/100
|-weather|SunnyDay|[from] ability: Drought|[of] p1a: Torkoal
|move|p2a: Walking Wake|Draco Meteor|p1a: Torkoal
|-damage|p1a: Torkoal|22/100
|-unboost|p2a: Walking Wake|spa|2
|
|-weather|SunnyDay|[upkeep]
|upkeep
|turn|2
|
|t:|1685824430
|switch|p1a: Walking Wake|Walking Wake|100/100
|-activate|p1a: Walking Wake|ability: Protosynthesis
|-start|p1a: Walking Wake|protosynthesisspe
|move|p2a: Walking Wake|Hydro Steam|p1a: Walking Wake
|-resisted|p1a: Walking Wake
|-damage|p1a: Walking Wake|89/100
|
|-weather|SunnyDay|[upkeep]
|upkeep
|turn|3
|
|t:|1685824439
|move|p2a: Walking Wake|Protect|p2a: Walking Wake
|-singleturn|p2a: Walking Wake|Protect
|move|p1a: Walking Wake|Hydro Steam|p2a: Walking Wake
|-activate|p2a: Walking Wake|move: Protect
|
|-weather|SunnyDay|[upkeep]
|upkeep
|turn|4
|
|t:|1685824446
|-end|p2a: Walking Wake|Protosynthesis|[silent]
|switch|p2a: Rotom|Rotom-Wash|100/100
|move|p1a: Walking Wake|Hydro Steam|p2a: Rotom
|-resisted|p2a: Rotom
|-damage|p2a: Rotom|49/100
|
|-weather|SunnyDay|[upkeep]
|upkeep
|turn|5
|
|t:|1685824456
|move|p1a: Walking Wake|Hydro Steam|p2a: Rotom
|-resisted|p2a: Rotom
|-damage|p2a: Rotom|5/100
|move|p2a: Rotom|Volt Switch|p1a: Walking Wake
|-damage|p1a: Walking Wake|49/100
|
|t:|1685824460
|switch|p2a: Walking Wake|Walking Wake|100/100|[from] Volt Switch
|-activate|p2a: Walking Wake|ability: Protosynthesis
|-start|p2a: Walking Wake|protosynthesisspa
|
|-weather|SunnyDay|[upkeep]
|upkeep
|turn|6
|
|t:|1685824473
|-end|p1a: Walking Wake|Protosynthesis|[silent]
|switch|p1a: Hatterene|Hatterene, F|100/100
|-item|p1a: Hatterene|Air Balloon
|move|p2a: Walking Wake|Draco Meteor|p1a: Hatterene
|-immune|p1a: Hatterene
|
|-weather|SunnyDay|[upkeep]
|upkeep
|turn|7
|
|t:|1685824484
|move|p2a: Walking Wake|Hydro Steam|p1a: Hatterene
|-damage|p1a: Hatterene|23/100
|-enditem|p1a: Hatterene|Air Balloon
|move|p1a: Hatterene|Draining Kiss|p2a: Walking Wake
|-supereffective|p2a: Walking Wake
|-damage|p2a: Walking Wake|52/100
|-heal|p1a: Hatterene|62/100|[from] drain|[of] p2a: Walking Wake
|
|-weather|SunnyDay|[upkeep]
|upkeep
|turn|8
|
|t:|1685824493
|move|p2a: Walking Wake|Hydro Steam|p1a: Hatterene
|-damage|p1a: Hatterene|0 fnt
|faint|p1a: Hatterene
|
|-weather|none
|-end|p2a: Walking Wake|Protosynthesis
|upkeep
|
|t:|1685824496
|switch|p1a: Lilligant|Lilligant-Hisui, F|100/100
|turn|9
|
|t:|1685824506
|-end|p2a: Walking Wake|Protosynthesis|[silent]
|switch|p2a: Landorus|Landorus-Therian, M|100/100
|-ability|p2a: Landorus|Intimidate|boost
|-unboost|p1a: Lilligant|atk|1
|move|p1a: Lilligant|Victory Dance|p1a: Lilligant
|-boost|p1a: Lilligant|atk|1
|-boost|p1a: Lilligant|def|1
|-boost|p1a: Lilligant|spe|1
|
|upkeep
|turn|10
|
|t:|1685824515
|-terastallize|p1a: Lilligant|Ghost
|move|p1a: Lilligant|Victory Dance|p1a: Lilligant
|-boost|p1a: Lilligant|atk|1
|-boost|p1a: Lilligant|def|1
|-boost|p1a: Lilligant|spe|1
|move|p2a: Landorus|U-turn|p1a: Lilligant
|-resisted|p1a: Lilligant
|-damage|p1a: Lilligant|89/100
|
|t:|1685824525
|switch|p2a: Chien-Pao|Chien-Pao|100/100|[from] U-turn
|-ability|p2a: Chien-Pao|Sword of Ruin
|
|upkeep
|turn|11
|
|t:|1685824533
|move|p2a: Chien-Pao|Sucker Punch||[still]
|-fail|p2a: Chien-Pao
|move|p1a: Lilligant|Victory Dance|p1a: Lilligant
|-boost|p1a: Lilligant|atk|1
|-boost|p1a: Lilligant|def|1
|-boost|p1a: Lilligant|spe|1
|
|upkeep
|turn|12
|
|t:|1685824537
|move|p2a: Chien-Pao|Sucker Punch||[still]
|-fail|p2a: Chien-Pao
|move|p1a: Lilligant|Victory Dance|p1a: Lilligant
|-boost|p1a: Lilligant|atk|1
|-boost|p1a: Lilligant|def|1
|-boost|p1a: Lilligant|spe|1
|
|upkeep
|turn|13
|
|t:|1685824540
|move|p2a: Chien-Pao|Sucker Punch||[still]
|-fail|p2a: Chien-Pao
|move|p1a: Lilligant|Victory Dance|p1a: Lilligant
|-boost|p1a: Lilligant|atk|1
|-boost|p1a: Lilligant|def|1
|-boost|p1a: Lilligant|spe|1
|
|upkeep
|turn|14
|
|t:|1685824544
|move|p2a: Chien-Pao|Sucker Punch||[still]
|-fail|p2a: Chien-Pao
|move|p1a: Lilligant|Victory Dance|p1a: Lilligant
|-boost|p1a: Lilligant|atk|1
|-boost|p1a: Lilligant|def|1
|-boost|p1a: Lilligant|spe|1
|
|upkeep
|turn|15
|
|t:|1685824550
|move|p1a: Lilligant|Victory Dance|p1a: Lilligant
|-boost|p1a: Lilligant|atk|1
|-boost|p1a: Lilligant|def|0
|-boost|p1a: Lilligant|spe|0
|move|p2a: Chien-Pao|Swords Dance|p2a: Chien-Pao
|-boost|p2a: Chien-Pao|atk|2
|
|upkeep
|turn|16
|
|t:|1685824553
|move|p2a: Chien-Pao|Sucker Punch|p1a: Lilligant
|-supereffective|p1a: Lilligant
|-damage|p1a: Lilligant|23/100
|move|p1a: Lilligant|Close Combat|p2a: Chien-Pao
|-supereffective|p2a: Chien-Pao
|-enditem|p2a: Chien-Pao|Focus Sash
|-damage|p2a: Chien-Pao|1/100
|-unboost|p1a: Lilligant|def|1
|-unboost|p1a: Lilligant|spd|1
|
|upkeep
|turn|17
|
|t:|1685824561
|move|p2a: Chien-Pao|Sucker Punch||[still]
|-fail|p2a: Chien-Pao
|move|p1a: Lilligant|Victory Dance|p1a: Lilligant
|-boost|p1a: Lilligant|atk|0
|-boost|p1a: Lilligant|def|1
|-boost|p1a: Lilligant|spe|0
|
|upkeep
|turn|18
|
|t:|1685824574
|-terastallize|p2a: Chien-Pao|Ghost
|move|p1a: Lilligant|Leaf Blade|p2a: Chien-Pao
|-damage|p2a: Chien-Pao|0 fnt
|faint|p2a: Chien-Pao
|
|upkeep
|c|☆Tokumaru|hek
|-message|Tokumaru forfeited.
|
|win|I wuv mons ✰
|raw|I wuv mons ✰'s rating: 1352 → 1367(+15 for winning)
|raw|Tokumaru's rating: 1264 → 1245(-19 for losing)
|l|☆Tokumaru
