|j|☆Swimfastswim
|j|☆Genexys
|inactive|Battle timer is ON: inactive players will automatically lose when time's up.
|t:|1685837916
|gametype|singles
|player|p1|Swimfastswim|266|
|player|p2|Genexys|ghetsis|
|teamsize|p1|6
|teamsize|p2|6
|gen|9
|tier|[Gen 9] OU
|rated|Tournament battle
|rule|Sleep Clause Mod: Limit one foe put to sleep
|rule|Species Clause: Limit one of each Pokémon
|rule|OHKO Clause: OHKO moves are banned
|rule|Evasion Items Clause: Evasion items are banned
|rule|Evasion Moves Clause: Evasion moves are banned
|rule|Endless Battle Clause: Forcing endless battles is banned
|rule|HP Percentage Mod: HP is shown in percentages
|clearpoke
|poke|p1|Cacturne, M|
|poke|p1|Dragapult, M|
|poke|p1|Basculegion, M|
|poke|p1|Talonflame, F|
|poke|p1|Diancie|
|poke|p1|Medicham, M|
|poke|p2|Cacturne, F|
|poke|p2|Dragapult, M|
|poke|p2|Basculegion, M|
|poke|p2|Talonflame, F|
|poke|p2|Diancie|
|poke|p2|Medicham, M|
|teampreview
|j|*Lady Monita
|c|☆Genexys|gl hf
|
|t:|1685837923
|start
|switch|p1a: Diancie|Diancie|100/100
|switch|p2a: Diancie|Diancie|100/100
|turn|1
|
|t:|1685837929
|move|p2a: Diancie|Flash Cannon|p1a: Diancie
|-supereffective|p1a: Diancie
|-damage|p1a: Diancie|56/100
|move|p1a: Diancie|Stealth Rock|p2a: Diancie
|-sidestart|p2: Genexys|move: Stealth Rock
|
|-heal|p1a: Diancie|62/100|[from] item: Leftovers
|upkeep
|turn|2
|j|^Icey Warzone
|
|t:|1685837941
|switch|p1a: Basculegion|Basculegion, M|100/100
|move|p2a: Diancie|Stealth Rock|p1a: Basculegion
|-sidestart|p1: Swimfastswim|move: Stealth Rock
|
|upkeep
|turn|3
|
|t:|1685837951
|switch|p2a: Cacturne|Cacturne, F|100/100
|-damage|p2a: Cacturne|88/100|[from] Stealth Rock
|move|p1a: Basculegion|Wave Crash|p2a: Cacturne
|-heal|p2a: Cacturne|100/100|[from] ability: Water Absorb|[of] p1a: Basculegion
|
|upkeep
|turn|4
|
|t:|1685837958
|switch|p1a: Talonflame|Talonflame, F|100/100
|move|p2a: Cacturne|Toxic Spikes|p1a: Talonflame
|-sidestart|p1: Swimfastswim|move: Toxic Spikes
|
|upkeep
|turn|5
|
|t:|1685837965
|switch|p2a: Diancie|Diancie|100/100
|-damage|p2a: Diancie|88/100|[from] Stealth Rock
|move|p1a: Talonflame|Will-O-Wisp|p2a: Diancie
|-status|p2a: Diancie|brn
|
|-heal|p2a: Diancie|94/100 brn|[from] item: Leftovers
|-damage|p2a: Diancie|88/100 brn|[from] brn
|upkeep
|turn|6
|
|t:|1685837974
|switch|p1a: Basculegion|Basculegion, M|100/100
|-damage|p1a: Basculegion|88/100|[from] Stealth Rock
|-status|p1a: Basculegion|psn
|move|p2a: Diancie|Diamond Storm|p1a: Basculegion
|-damage|p1a: Basculegion|69/100 psn
|-boost|p2a: Diancie|def|2
|
|-heal|p2a: Diancie|94/100 brn|[from] item: Leftovers
|-damage|p1a: Basculegion|57/100 psn|[from] psn
|-damage|p2a: Diancie|88/100 brn|[from] brn
|upkeep
|turn|7
|
|t:|1685837986
|move|p1a: Basculegion|Phantom Force||[still]
|-prepare|p1a: Basculegion|Phantom Force
|move|p2a: Diancie|Moonblast|p1a: Basculegion|[miss]
|-miss|p2a: Diancie|p1a: Basculegion
|
|-heal|p2a: Diancie|94/100 brn|[from] item: Leftovers
|-damage|p1a: Basculegion|44/100 psn|[from] psn
|-damage|p2a: Diancie|88/100 brn|[from] brn
|upkeep
|turn|8
|
|t:|1685838005
|move|p1a: Basculegion|Phantom Force|p2a: Diancie|[from]lockedmove
|-damage|p2a: Diancie|58/100 brn
|move|p2a: Diancie|Moonblast|p1a: Basculegion
|-damage|p1a: Basculegion|15/100 psn
|
|-heal|p2a: Diancie|64/100 brn|[from] item: Leftovers
|-damage|p1a: Basculegion|2/100 psn|[from] psn
|-damage|p2a: Diancie|58/100 brn|[from] brn
|upkeep
|turn|9
|
|t:|1685838015
|switch|p2a: Cacturne|Cacturne, F|100/100
|-damage|p2a: Cacturne|88/100|[from] Stealth Rock
|move|p1a: Basculegion|Phantom Force||[still]
|-prepare|p1a: Basculegion|Phantom Force
|
|-heal|p2a: Cacturne|94/100|[from] item: Leftovers
|-damage|p1a: Basculegion|0 fnt|[from] psn
|faint|p1a: Basculegion
|upkeep
|
|t:|1685838024
|switch|p1a: Talonflame|Talonflame, F|100/100
|turn|10
|
|t:|1685838026
|switch|p2a: Talonflame|Talonflame, F|100/100
|move|p1a: Talonflame|Brave Bird|p2a: Talonflame
|-crit|p2a: Talonflame
|-damage|p2a: Talonflame|26/100
|-damage|p1a: Talonflame|80/100|[from] Recoil
|
|upkeep
|turn|11
|
|t:|1685838033
|move|p1a: Talonflame|Brave Bird|p2a: Talonflame
|-damage|p2a: Talonflame|0 fnt
|faint|p2a: Talonflame
|-damage|p1a: Talonflame|73/100|[from] Recoil
|
|upkeep
|
|t:|1685838037
|switch|p2a: Basculegion|Basculegion, M|100/100
|-damage|p2a: Basculegion|88/100|[from] Stealth Rock
|turn|12
|
|t:|1685838058
|switch|p2a: Medicham|Medicham, M|100/100
|-damage|p2a: Medicham|94/100|[from] Stealth Rock
|move|p1a: Talonflame|Will-O-Wisp|p2a: Medicham
|-status|p2a: Medicham|brn
|
|-damage|p2a: Medicham|88/100 brn|[from] brn
|upkeep
|turn|13
|
|t:|1685838068
|move|p1a: Talonflame|Brave Bird|p2a: Medicham
|-supereffective|p2a: Medicham
|-damage|p2a: Medicham|0 fnt
|faint|p2a: Medicham
|-damage|p1a: Talonflame|52/100|[from] Recoil
|
|upkeep
|-message|Genexys forfeited.
|
|win|Swimfastswim
|n|☆Swimfastswim|swimfastswim
|n|☆Genexys|genexys
|n|*Lady Monita|ladymonita
|n| Icey Warzone|iceywarzone
