|j|☆eekey
|j|☆AardvarkMaster
|t:|1685919514
|gametype|singles
|player|p1|eekey|101|1298
|player|p2|AardvarkMaster|266|1290
|teamsize|p1|6
|teamsize|p2|6
|gen|9
|tier|[Gen 9] OU
|rated|
|rule|Sleep Clause Mod: Limit one foe put to sleep
|rule|Species Clause: Limit one of each Pokémon
|rule|OHKO Clause: OHKO moves are banned
|rule|Evasion Items Clause: Evasion items are banned
|rule|Evasion Moves Clause: Evasion moves are banned
|rule|Endless Battle Clause: Forcing endless battles is banned
|rule|HP Percentage Mod: HP is shown in percentages
|clearpoke
|poke|p1|Pelipper, M|
|poke|p1|Floatzel, F|
|poke|p1|Basculegion-F, F|
|poke|p1|Overqwil, M|
|poke|p1|Iron Treads|
|poke|p1|Masquerain, F|
|poke|p2|Enamorus-Therian, F|
|poke|p2|Cinderace, F|
|poke|p2|Great Tusk|
|poke|p2|Kingambit, M|
|poke|p2|Dragapult, F|
|poke|p2|Slowking-Galar, M|
|teampreview
|
|t:|1685919528
|start
|switch|p1a: Masquerain|Masquerain, F|100/100
|switch|p2a: Chillpact|Slowking-Galar, M|100/100
|-ability|p1a: Masquerain|Intimidate|boost
|-unboost|p2a: Chillpact|atk|1
|turn|1
|inactive|Battle timer is ON: inactive players will automatically lose when time's up. (requested by AardvarkMaster)
|
|t:|1685919538
|move|p1a: Masquerain|Stun Spore|p2a: Chillpact
|-status|p2a: Chillpact|par
|move|p2a: Chillpact|Sludge Bomb|p1a: Masquerain
|-crit|p1a: Masquerain
|-damage|p1a: Masquerain|40/100
|
|upkeep
|turn|2
|
|t:|1685919546
|move|p1a: Masquerain|Sticky Web|p2a: Chillpact
|-sidestart|p2: AardvarkMaster|move: Sticky Web
|move|p2a: Chillpact|Sludge Bomb|p1a: Masquerain
|-damage|p1a: Masquerain|0 fnt
|faint|p1a: Masquerain
|
|upkeep
|
|t:|1685919551
|switch|p1a: Pelipper|Pelipper, M|100/100
|-weather|RainDance|[from] ability: Drizzle|[of] p1a: Pelipper
|turn|3
|
|t:|1685919564
|move|p1a: Pelipper|U-turn|p2a: Chillpact
|-damage|p2a: Chillpact|92/100 par
|
|t:|1685919567
|switch|p1a: Overqwil|Overqwil, M|100/100|[from] U-turn
|move|p2a: Chillpact|Future Sight|p1a: Overqwil
|-start|p2a: Chillpact|move: Future Sight
|
|-weather|RainDance|[upkeep]
|upkeep
|turn|4
|
|t:|1685919580
|switch|p2a: Kingamvad|Kingambit, M|100/100
|-activate|p2a: Kingamvad|move: Sticky Web
|-unboost|p2a: Kingamvad|spe|1
|move|p1a: Overqwil|Crunch|p2a: Kingamvad
|-resisted|p2a: Kingamvad
|-damage|p2a: Kingamvad|80/100
|-damage|p1a: Overqwil|91/100|[from] item: Life Orb
|
|-weather|RainDance|[upkeep]
|-heal|p2a: Kingamvad|86/100|[from] item: Leftovers
|upkeep
|turn|5
|
|t:|1685919605
|switch|p1a: Pelipper|Pelipper, M|100/100
|move|p2a: Kingamvad|Kowtow Cleave|p1a: Pelipper
|-damage|p1a: Pelipper|33/100
|
|-weather|RainDance|[upkeep]
|-end|p1a: Pelipper|move: Future Sight
|-damage|p1a: Pelipper|0 fnt
|faint|p1a: Pelipper
|-heal|p2a: Kingamvad|93/100|[from] item: Leftovers
|upkeep
|c|☆AardvarkMaster|neat
|inactive|eekey has 120 seconds left.
|
|t:|1685919619
|switch|p1a: Floatzel|Floatzel, F|100/100
|turn|6
|inactive|AardvarkMaster has 120 seconds left.
|
|t:|1685919639
|move|p1a: Floatzel|Wave Crash|p2a: Kingamvad
|-damage|p2a: Kingamvad|0 fnt
|faint|p2a: Kingamvad
|-end|p2a: Kingamvad|fallenundefined|[silent]
|-damage|p1a: Floatzel|61/100|[from] Recoil
|
|-weather|RainDance|[upkeep]
|upkeep
|inactive|AardvarkMaster has 120 seconds left.
|
|t:|1685919649
|switch|p2a: Chillpact|Slowking-Galar, M|100/100 par
|-activate|p2a: Chillpact|move: Sticky Web
|-unboost|p2a: Chillpact|spe|1
|turn|7
|inactive|AardvarkMaster has 120 seconds left.
|
|t:|1685919656
|move|p1a: Floatzel|Wave Crash|p2a: Chillpact
|-damage|p2a: Chillpact|0 fnt
|faint|p2a: Chillpact
|-damage|p1a: Floatzel|19/100|[from] Recoil
|
|-weather|RainDance|[upkeep]
|upkeep
|inactive|AardvarkMaster has 120 seconds left.
|c|☆AardvarkMaster|ah balance
|
|t:|1685919669
|switch|p2a: CarryBabyBaby|Dragapult, F|100/100
|-activate|p2a: CarryBabyBaby|move: Sticky Web
|-unboost|p2a: CarryBabyBaby|spe|1
|turn|8
|
|t:|1685919677
|-terastallize|p1a: Floatzel|Water
|move|p1a: Floatzel|Wave Crash|p2a: CarryBabyBaby
|-resisted|p2a: CarryBabyBaby
|-damage|p2a: CarryBabyBaby|0 fnt
|faint|p2a: CarryBabyBaby
|-damage|p1a: Floatzel|0 fnt|[from] Recoil
|faint|p1a: Floatzel
|
|-weather|RainDance|[upkeep]
|upkeep
|
|t:|1685919692
|switch|p2a: Smokeyaim|Cinderace, F|100/100
|switch|p1a: Basculegion|Basculegion-F, F|100/100
|turn|9
|c|☆AardvarkMaster|literally no counterplay
|
|t:|1685919705
|-terastallize|p2a: Smokeyaim|Fighting
|move|p1a: Basculegion|Hydro Pump|p2a: Smokeyaim
|-damage|p2a: Smokeyaim|0 fnt
|faint|p2a: Smokeyaim
|
|-weather|RainDance|[upkeep]
|upkeep
|c|☆eekey|u shouldved sucker punched
|
|t:|1685919710
|switch|p2a: C Tusk C|Great Tusk|100/100
|-activate|p2a: C Tusk C|move: Sticky Web
|-unboost|p2a: C Tusk C|spe|1
|turn|10
|c|☆eekey|then i wouldve died after i killed ur gambit
|c|☆eekey|from recoil
|c|☆AardvarkMaster|yeah
|inactive|AardvarkMaster has 120 seconds left.
|
|t:|1685919727
|move|p1a: Basculegion|Hydro Pump|p2a: C Tusk C
|-supereffective|p2a: C Tusk C
|-damage|p2a: C Tusk C|0 fnt
|faint|p2a: C Tusk C
|-end|p2a: C Tusk C|Protosynthesis|[silent]
|
|-weather|none
|upkeep
|
|t:|1685919729
|switch|p2a: Blundertle|Enamorus-Therian, F|100/100
|turn|11
|
|t:|1685919735
|move|p1a: Basculegion|Ice Beam|p2a: Blundertle
|-supereffective|p2a: Blundertle
|-damage|p2a: Blundertle|44/100
|move|p2a: Blundertle|Calm Mind|p2a: Blundertle
|-boost|p2a: Blundertle|spa|1
|-boost|p2a: Blundertle|spd|1
|
|-heal|p2a: Blundertle|50/100|[from] item: Leftovers
|upkeep
|turn|12
|
|t:|1685919741
|move|p1a: Basculegion|Ice Beam|p2a: Blundertle
|-supereffective|p2a: Blundertle
|-damage|p2a: Blundertle|6/100
|move|p2a: Blundertle|Draining Kiss|p1a: Basculegion
|-damage|p1a: Basculegion|62/100
|-heal|p2a: Blundertle|37/100|[from] drain|[of] p1a: Basculegion
|
|-heal|p2a: Blundertle|43/100|[from] item: Leftovers
|upkeep
|turn|13
|
|t:|1685919747
|move|p1a: Basculegion|Ice Beam|p2a: Blundertle
|-supereffective|p2a: Blundertle
|-damage|p2a: Blundertle|0 fnt
|faint|p2a: Blundertle
|
|win|eekey
|raw|eekey's rating: 1298 → 1322(+24 for winning)
|raw|AardvarkMaster's rating: 1290 → 1266(-24 for losing)
