|j|☆L0AG
|j|☆Gluzzmobiletest
|t:|1685866229
|gametype|singles
|player|p1|L0AG|lance-gen3|1330
|player|p2|Gluzzmobiletest|265|1351
|teamsize|p1|6
|teamsize|p2|6
|gen|9
|tier|[Gen 9] OU
|rated|
|rule|Sleep Clause Mod: Limit one foe put to sleep
|rule|Species Clause: Limit one of each Pokémon
|rule|OHKO Clause: OHKO moves are banned
|rule|Evasion Items Clause: Evasion items are banned
|rule|Evasion Moves Clause: Evasion moves are banned
|rule|Endless Battle Clause: Forcing endless battles is banned
|rule|HP Percentage Mod: HP is shown in percentages
|clearpoke
|poke|p1|Lilligant-Hisui, F|
|poke|p1|Slowking-Galar, F|
|poke|p1|Magearna|
|poke|p1|Baxcalibur, F|
|poke|p1|Cinderace, F|
|poke|p1|Landorus-Therian, M|
|poke|p2|Zamazenta-*|
|poke|p2|Chien-Pao|
|poke|p2|Magearna|
|poke|p2|Dragapult, M|
|poke|p2|Sneasler, F|
|poke|p2|Heatran, F|
|teampreview
|inactive|Battle timer is ON: inactive players will automatically lose when time's up. (requested by Gluzzmobiletest)
|
|t:|1685866245
|start
|switch|p1a: Open him up|Baxcalibur, F|100/100
|switch|p2a: Heatran|Heatran, F|100/100
|-item|p2a: Heatran|Air Balloon
|turn|1
|
|t:|1685866251
|switch|p1a: Gift Wrapped|Slowking-Galar, F, shiny|100/100
|move|p2a: Heatran|Magma Storm|p1a: Gift Wrapped
|-damage|p1a: Gift Wrapped|65/100
|-activate|p1a: Gift Wrapped|move: Magma Storm|[of] p2a: Heatran
|
|-heal|p1a: Gift Wrapped|71/100|[from] item: Leftovers
|-damage|p1a: Gift Wrapped|58/100|[from] move: Magma Storm|[partiallytrapped]
|upkeep
|turn|2
|
|t:|1685866264
|move|p2a: Heatran|Stealth Rock|p1a: Gift Wrapped
|-sidestart|p1: L0AG|move: Stealth Rock
|move|p1a: Gift Wrapped|Chilly Reception|p1a: Gift Wrapped
|-weather|Snow
|
|t:|1685866271
|switch|p1a: Peak of my pocket|Cinderace, F|100/100|[from] Chilly Reception
|
|-weather|Snow|[upkeep]
|upkeep
|turn|3
|
|t:|1685866278
|move|p1a: Peak of my pocket|Court Change|p1a: Peak of my pocket
|-start|p1a: Peak of my pocket|typechange|Normal|[from] ability: Libero
|-swapsideconditions
|-activate|p1a: Peak of my pocket|move: Court Change
|move|p2a: Heatran|Magma Storm|p1a: Peak of my pocket|[miss]
|-miss|p2a: Heatran|p1a: Peak of my pocket
|
|-weather|Snow|[upkeep]
|upkeep
|turn|4
|
|t:|1685866283
|move|p1a: Peak of my pocket|High Jump Kick|p2a: Heatran|[miss]
|-miss|p1a: Peak of my pocket|p2a: Heatran
|-damage|p1a: Peak of my pocket|51/100|[from] highjumpkick
|move|p2a: Heatran|Stealth Rock|p1a: Peak of my pocket
|-sidestart|p1: L0AG|move: Stealth Rock
|
|-weather|Snow|[upkeep]
|upkeep
|turn|5
|inactive|L0AG has 120 seconds left.
|l|☆Gluzzmobiletest
|inactive|Gluzzmobiletest disconnected and has a minute to reconnect!
|player|p2|
|j|☆Gluzzmobiletest
|inactive|Gluzzmobiletest reconnected.
|player|p2|Gluzzmobiletest|265
|
|t:|1685866324
|switch|p1a: Gift Wrapped|Slowking-Galar, F, shiny|92/100
|-damage|p1a: Gift Wrapped|79/100|[from] Stealth Rock
|switch|p2a: Dragapult|Dragapult, M|100/100
|-damage|p2a: Dragapult|88/100|[from] Stealth Rock
|
|-weather|Snow|[upkeep]
|-heal|p1a: Gift Wrapped|85/100|[from] item: Leftovers
|upkeep
|turn|6
|inactive|L0AG has 90 seconds left.
|
|t:|1685866355
|switch|p1a: TWO PLANETS|Magearna|100/100
|-damage|p1a: TWO PLANETS|95/100|[from] Stealth Rock
|move|p2a: Dragapult|Reflect|p2a: Dragapult
|-sidestart|p2: Gluzzmobiletest|Reflect
|
|-weather|none
|upkeep
|turn|7
|inactive|L0AG has 90 seconds left.
|
|t:|1685866372
|move|p2a: Dragapult|Curse|p1a: TWO PLANETS
|-start|p1a: TWO PLANETS|Curse|[of] p2a: Dragapult
|-damage|p2a: Dragapult|38/100
|move|p1a: TWO PLANETS|Fleur Cannon|p2a: Dragapult|[miss]
|-miss|p1a: TWO PLANETS|p2a: Dragapult
|
|-damage|p1a: TWO PLANETS|70/100|[from] Curse
|upkeep
|turn|8
|inactive|L0AG has 90 seconds left.
|
|t:|1685866392
|switch|p1a: Gift Wrapped|Slowking-Galar, F, shiny|100/100
|-damage|p1a: Gift Wrapped|88/100|[from] Stealth Rock
|move|p2a: Dragapult|U-turn|p1a: Gift Wrapped
|-damage|p1a: Gift Wrapped|68/100
|
|t:|1685866403
|switch|p2a: Magearna|Magearna|100/100|[from] U-turn
|-damage|p2a: Magearna|94/100|[from] Stealth Rock
|
|-heal|p2a: Magearna|100/100|[from] item: Leftovers
|-heal|p1a: Gift Wrapped|75/100|[from] item: Leftovers
|upkeep
|turn|9
|
|t:|1685866410
|move|p2a: Magearna|Iron Defense|p2a: Magearna
|-boost|p2a: Magearna|def|2
|move|p1a: Gift Wrapped|Flamethrower|p2a: Magearna
|-supereffective|p2a: Magearna
|-damage|p2a: Magearna|58/100
|
|-heal|p2a: Magearna|64/100|[from] item: Leftovers
|-heal|p1a: Gift Wrapped|81/100|[from] item: Leftovers
|upkeep
|turn|10
|
|t:|1685866422
|move|p2a: Magearna|Draining Kiss|p1a: Gift Wrapped
|-resisted|p1a: Gift Wrapped
|-damage|p1a: Gift Wrapped|75/100
|-heal|p2a: Magearna|69/100|[from] drain|[of] p1a: Gift Wrapped
|move|p1a: Gift Wrapped|Flamethrower|p2a: Magearna
|-supereffective|p2a: Magearna
|-damage|p2a: Magearna|27/100
|
|-heal|p2a: Magearna|33/100|[from] item: Leftovers
|-heal|p1a: Gift Wrapped|81/100|[from] item: Leftovers
|upkeep
|turn|11
|
|t:|1685866430
|move|p2a: Magearna|Calm Mind|p2a: Magearna
|-boost|p2a: Magearna|spa|1
|-boost|p2a: Magearna|spd|1
|move|p1a: Gift Wrapped|Flamethrower|p2a: Magearna
|-supereffective|p2a: Magearna
|-damage|p2a: Magearna|4/100
|
|-heal|p2a: Magearna|10/100|[from] item: Leftovers
|-heal|p1a: Gift Wrapped|87/100|[from] item: Leftovers
|upkeep
|turn|12
|
|t:|1685866434
|move|p2a: Magearna|Draining Kiss|p1a: Gift Wrapped
|-resisted|p1a: Gift Wrapped
|-damage|p1a: Gift Wrapped|77/100
|-heal|p2a: Magearna|18/100|[from] drain|[of] p1a: Gift Wrapped
|move|p1a: Gift Wrapped|Flamethrower|p2a: Magearna
|-supereffective|p2a: Magearna
|-damage|p2a: Magearna|0 fnt
|faint|p2a: Magearna
|
|-heal|p1a: Gift Wrapped|83/100|[from] item: Leftovers
|upkeep
|
|t:|1685866444
|switch|p2a: Heatran|Heatran, F|100/100
|-damage|p2a: Heatran|88/100|[from] Stealth Rock
|-item|p2a: Heatran|Air Balloon
|turn|13
|inactive|L0AG has 120 seconds left.
|
|t:|1685866451
|move|p2a: Heatran|Magma Storm|p1a: Gift Wrapped
|-damage|p1a: Gift Wrapped|48/100
|-activate|p1a: Gift Wrapped|move: Magma Storm|[of] p2a: Heatran
|move|p1a: Gift Wrapped|Surf|p2a: Heatran
|-supereffective|p2a: Heatran
|-damage|p2a: Heatran|48/100
|-enditem|p2a: Heatran|Air Balloon
|
|-heal|p1a: Gift Wrapped|54/100|[from] item: Leftovers
|-damage|p1a: Gift Wrapped|41/100|[from] move: Magma Storm|[partiallytrapped]
|-sideend|p2: Gluzzmobiletest|Reflect
|upkeep
|turn|14
|inactive|L0AG has 120 seconds left.
|
|t:|1685866462
|move|p2a: Heatran|Lava Plume|p1a: Gift Wrapped
|-damage|p1a: Gift Wrapped|11/100
|-status|p1a: Gift Wrapped|brn
|move|p1a: Gift Wrapped|Chilly Reception|p1a: Gift Wrapped
|-weather|Snow
|inactive|L0AG has 120 seconds left.
|
|t:|1685866473
|switch|p1a: 4D fit|Landorus-Therian, M|100/100|[from] Chilly Reception
|-damage|p1a: 4D fit|88/100|[from] Stealth Rock
|-ability|p1a: 4D fit|Intimidate|boost
|-unboost|p2a: Heatran|atk|1
|
|-weather|Snow|[upkeep]
|upkeep
|turn|15
|
|t:|1685866478
|switch|p2a: Sneasler|Sneasler, F|100/100
|-damage|p2a: Sneasler|94/100|[from] Stealth Rock
|-item|p2a: Sneasler|Air Balloon
|move|p1a: 4D fit|Earth Power|p2a: Sneasler
|-immune|p2a: Sneasler
|
|-weather|Snow|[upkeep]
|upkeep
|turn|16
|
|t:|1685866487
|switch|p1a: TWO PLANETS|Magearna|70/100
|-damage|p1a: TWO PLANETS|64/100|[from] Stealth Rock
|move|p2a: Sneasler|Swords Dance|p2a: Sneasler
|-boost|p2a: Sneasler|atk|2
|
|-weather|Snow|[upkeep]
|upkeep
|turn|17
|
|t:|1685866498
|-terastallize|p1a: TWO PLANETS|Fairy
|move|p1a: TWO PLANETS|Fleur Cannon|p2a: Sneasler
|-damage|p2a: Sneasler|0 fnt
|-unboost|p1a: TWO PLANETS|spa|2
|-enditem|p2a: Sneasler|Air Balloon
|faint|p2a: Sneasler
|-ability|p1a: TWO PLANETS|Soul-Heart|boost
|-boost|p1a: TWO PLANETS|spa|1
|
|-weather|Snow|[upkeep]
|upkeep
|
|t:|1685866511
|switch|p2a: Dragapult|Dragapult, M|38/100
|-damage|p2a: Dragapult|26/100|[from] Stealth Rock
|turn|18
|
|t:|1685866522
|move|p2a: Dragapult|Light Screen|p2a: Dragapult
|-sidestart|p2: Gluzzmobiletest|move: Light Screen
|move|p1a: TWO PLANETS|Fleur Cannon|p2a: Dragapult
|-supereffective|p2a: Dragapult
|-damage|p2a: Dragapult|0 fnt
|-unboost|p1a: TWO PLANETS|spa|2
|faint|p2a: Dragapult
|-ability|p1a: TWO PLANETS|Soul-Heart|boost
|-boost|p1a: TWO PLANETS|spa|1
|
|-weather|none
|upkeep
|
|t:|1685866528
|switch|p2a: Zamazenta|Zamazenta-Crowned|100/100
|-damage|p2a: Zamazenta|97/100|[from] Stealth Rock
|-ability|p2a: Zamazenta|Dauntless Shield|boost
|-boost|p2a: Zamazenta|def|1
|turn|19
|
|t:|1685866556
|switch|p1a: Gift Wrapped|Slowking-Galar, F, shiny|44/100 brn
|-damage|p1a: Gift Wrapped|31/100 brn|[from] Stealth Rock
|move|p2a: Zamazenta|Iron Defense|p2a: Zamazenta
|-boost|p2a: Zamazenta|def|2
|
|-heal|p1a: Gift Wrapped|38/100 brn|[from] item: Leftovers
|-damage|p1a: Gift Wrapped|31/100 brn|[from] brn
|upkeep
|turn|20
|
|t:|1685866563
|move|p2a: Zamazenta|Body Press|p1a: Gift Wrapped
|-resisted|p1a: Gift Wrapped
|-damage|p1a: Gift Wrapped|2/100 brn
|move|p1a: Gift Wrapped|Flamethrower|p2a: Zamazenta
|-supereffective|p2a: Zamazenta
|-damage|p2a: Zamazenta|82/100
|
|-heal|p1a: Gift Wrapped|8/100 brn|[from] item: Leftovers
|-damage|p1a: Gift Wrapped|2/100 brn|[from] brn
|upkeep
|turn|21
|inactive|L0AG has 120 seconds left.
|
|t:|1685866590
|move|p2a: Zamazenta|Iron Defense|p2a: Zamazenta
|-boost|p2a: Zamazenta|def|2
|move|p1a: Gift Wrapped|Flamethrower|p2a: Zamazenta
|-supereffective|p2a: Zamazenta
|-damage|p2a: Zamazenta|66/100
|-status|p2a: Zamazenta|brn
|
|-heal|p1a: Gift Wrapped|8/100 brn|[from] item: Leftovers
|-damage|p2a: Zamazenta|60/100 brn|[from] brn
|-damage|p1a: Gift Wrapped|2/100 brn|[from] brn
|upkeep
|turn|22
|inactive|L0AG has 120 seconds left.
|
|t:|1685866607
|switch|p1a: 4D fit|Landorus-Therian, M|88/100
|-damage|p1a: 4D fit|76/100|[from] Stealth Rock
|-ability|p1a: 4D fit|Intimidate|boost
|-unboost|p2a: Zamazenta|atk|1
|move|p2a: Zamazenta|Body Press|p1a: 4D fit
|-resisted|p1a: 4D fit
|-damage|p1a: 4D fit|28/100
|
|-damage|p2a: Zamazenta|53/100 brn|[from] brn
|upkeep
|turn|23
|
|t:|1685866626
|-terastallize|p2a: Zamazenta|Fairy
|move|p1a: 4D fit|Earth Power|p2a: Zamazenta
|-damage|p2a: Zamazenta|35/100 brn
|move|p2a: Zamazenta|Body Press|p1a: 4D fit
|-resisted|p1a: 4D fit
|-damage|p1a: 4D fit|0 fnt
|faint|p1a: 4D fit
|
|-damage|p2a: Zamazenta|29/100 brn|[from] brn
|upkeep
|
|t:|1685866645
|switch|p1a: Gift Wrapped|Slowking-Galar, F, shiny|35/100 brn
|-damage|p1a: Gift Wrapped|22/100 brn|[from] Stealth Rock
|turn|24
|inactive|L0AG has 90 seconds left.
|inactive|L0AG has 60 seconds left.
|
|t:|1685866696
|switch|p1a: TWO PLANETS|Magearna, tera:Fairy|64/100
|-damage|p1a: TWO PLANETS|51/100|[from] Stealth Rock
|move|p2a: Zamazenta|Body Press|p1a: TWO PLANETS
|-resisted|p1a: TWO PLANETS
|-damage|p1a: TWO PLANETS|9/100
|
|-damage|p2a: Zamazenta|22/100 brn|[from] brn
|upkeep
|turn|25
|inactive|L0AG has 60 seconds left.
|
|t:|1685866708
|move|p1a: TWO PLANETS|Fleur Cannon|p2a: Zamazenta|[miss]
|-miss|p1a: TWO PLANETS|p2a: Zamazenta
|move|p2a: Zamazenta|Body Press|p1a: TWO PLANETS
|-resisted|p1a: TWO PLANETS
|-damage|p1a: TWO PLANETS|0 fnt
|faint|p1a: TWO PLANETS
|
|-damage|p2a: Zamazenta|16/100 brn|[from] brn
|-sideend|p2: Gluzzmobiletest|move: Light Screen
|upkeep
|
|t:|1685866725
|switch|p1a: Gift Wrapped|Slowking-Galar, F, shiny|56/100 brn
|-damage|p1a: Gift Wrapped|43/100 brn|[from] Stealth Rock
|turn|26
|
|t:|1685866739
|switch|p1a: Open him up|Baxcalibur, F|100/100
|-damage|p1a: Open him up|76/100|[from] Stealth Rock
|move|p2a: Zamazenta|Body Press|p1a: Open him up
|-supereffective|p1a: Open him up
|-damage|p1a: Open him up|0 fnt
|faint|p1a: Open him up
|
|-damage|p2a: Zamazenta|10/100 brn|[from] brn
|upkeep
|inactive|L0AG has 30 seconds left.
|inactive|L0AG has 20 seconds left.
|
|t:|1685866772
|switch|p1a: Plenty of consent|Lilligant-Hisui, F, shiny|100/100
|-damage|p1a: Plenty of consent|94/100|[from] Stealth Rock
|turn|27
|inactive|L0AG has 30 seconds left this turn.
|
|t:|1685866776
|move|p1a: Plenty of consent|Leaf Blade|p2a: Zamazenta
|-crit|p2a: Zamazenta
|-damage|p2a: Zamazenta|0 fnt
|faint|p2a: Zamazenta
|
|upkeep
|
|t:|1685866794
|switch|p2a: Blue Eyes|Chien-Pao|100/100
|-damage|p2a: Blue Eyes|76/100|[from] Stealth Rock
|-ability|p2a: Blue Eyes|Sword of Ruin
|turn|28
|
|t:|1685866802
|switch|p1a: Gift Wrapped|Slowking-Galar, F, shiny|76/100 brn
|-damage|p1a: Gift Wrapped|64/100 brn|[from] Stealth Rock
|move|p2a: Blue Eyes|Icicle Crash|p1a: Gift Wrapped
|-damage|p1a: Gift Wrapped|0 fnt
|faint|p1a: Gift Wrapped
|
|upkeep
|
|t:|1685866815
|switch|p1a: Peak of my pocket|Cinderace, F|51/100
|turn|29
|
|t:|1685866821
|switch|p2a: Heatran|Heatran, F|48/100
|-damage|p2a: Heatran|36/100|[from] Stealth Rock
|move|p1a: Peak of my pocket|High Jump Kick|p2a: Heatran
|-start|p1a: Peak of my pocket|typechange|Fighting|[from] ability: Libero
|-supereffective|p2a: Heatran
|-damage|p2a: Heatran|0 fnt
|faint|p2a: Heatran
|
|upkeep
|
|t:|1685866838
|switch|p2a: Blue Eyes|Chien-Pao|76/100
|-damage|p2a: Blue Eyes|51/100|[from] Stealth Rock
|-ability|p2a: Blue Eyes|Sword of Ruin
|turn|30
|
|t:|1685866853
|switch|p1a: Plenty of consent|Lilligant-Hisui, F, shiny|94/100
|-damage|p1a: Plenty of consent|88/100|[from] Stealth Rock
|move|p2a: Blue Eyes|Icicle Crash|p1a: Plenty of consent
|-supereffective|p1a: Plenty of consent
|-damage|p1a: Plenty of consent|0 fnt
|faint|p1a: Plenty of consent
|
|upkeep
|
|t:|1685866855
|switch|p1a: Peak of my pocket|Cinderace, F|51/100
|turn|31
|
|t:|1685866859
|move|p2a: Blue Eyes|Icicle Crash|p1a: Peak of my pocket
|-resisted|p1a: Peak of my pocket
|-damage|p1a: Peak of my pocket|0 fnt
|faint|p1a: Peak of my pocket
|
|win|Gluzzmobiletest
|raw|L0AG's rating: 1330 → 1311(-19 for losing)
|raw|Gluzzmobiletest's rating: 1351 → 1370(+19 for winning)
|l|☆Gluzzmobiletest
|c|☆L0AG|gg
