|j|☆Warinna
|j|☆foxiguy
|t:|1685900382
|gametype|singles
|player|p1|Warinna|170|1000
|player|p2|foxiguy|cyclist-gen4|1000
|teamsize|p1|6
|teamsize|p2|6
|gen|9
|tier|[Gen 9] OU
|rated|
|rule|Sleep Clause Mod: Limit one foe put to sleep
|rule|Species Clause: Limit one of each Pokémon
|rule|OHKO Clause: OHKO moves are banned
|rule|Evasion Items Clause: Evasion items are banned
|rule|Evasion Moves Clause: Evasion moves are banned
|rule|Endless Battle Clause: Forcing endless battles is banned
|rule|HP Percentage Mod: HP is shown in percentages
|clearpoke
|poke|p1|Urshifu-*, M|
|poke|p1|Slowking-Galar, F|
|poke|p1|Great Tusk|
|poke|p1|Dragapult, F|
|poke|p1|Zapdos|
|poke|p1|Garganacl, M|
|poke|p2|Corviknight, M|
|poke|p2|Tyranitar, F|
|poke|p2|Walking Wake|
|poke|p2|Amoonguss, M|
|poke|p2|Skeledirge, M|
|poke|p2|Great Tusk|
|teampreview
|inactive|Battle timer is ON: inactive players will automatically lose when time's up. (requested by foxiguy)
|
|t:|1685900408
|start
|switch|p1a: Urshifu|Urshifu-Rapid-Strike, M|100/100
|switch|p2a: Matilda|Tyranitar, F, shiny|100/100
|-weather|Sandstorm|[from] ability: Sand Stream|[of] p2a: Matilda
|turn|1
|
|t:|1685900419
|switch|p2a: Skeledirge|Skeledirge, M|100/100
|move|p1a: Urshifu|U-turn|p2a: Skeledirge
|-resisted|p2a: Skeledirge
|-damage|p2a: Skeledirge|94/100
|
|t:|1685900423
|switch|p1a: Dragapult|Dragapult, F|100/100|[from] U-turn
|
|-weather|Sandstorm|[upkeep]
|-damage|p1a: Dragapult|95/100|[from] Sandstorm
|-damage|p2a: Skeledirge|88/100|[from] Sandstorm
|upkeep
|turn|2
|
|t:|1685900437
|move|p1a: Dragapult|U-turn|p2a: Skeledirge
|-resisted|p2a: Skeledirge
|-damage|p2a: Skeledirge|86/100
|
|t:|1685900443
|switch|p1a: Garganacl|Garganacl, M|100/100|[from] U-turn
|move|p2a: Skeledirge|Will-O-Wisp|p1a: Garganacl
|-immune|p1a: Garganacl|[from] ability: Purifying Salt
|
|-weather|Sandstorm|[upkeep]
|-damage|p2a: Skeledirge|80/100|[from] Sandstorm
|upkeep
|turn|3
|
|t:|1685900450
|switch|p2a: Corviknight|Corviknight, M, shiny|100/100
|switch|p1a: Urshifu|Urshifu-Rapid-Strike, M|100/100
|
|-weather|Sandstorm|[upkeep]
|-damage|p1a: Urshifu|94/100|[from] Sandstorm
|upkeep
|turn|4
|
|t:|1685900458
|switch|p1a: Zapdos|Zapdos|100/100
|move|p2a: Corviknight|Brave Bird|p1a: Zapdos
|-resisted|p1a: Zapdos
|-damage|p1a: Zapdos|87/100
|-damage|p2a: Corviknight|96/100|[from] Recoil
|
|-weather|Sandstorm|[upkeep]
|-damage|p1a: Zapdos|81/100|[from] Sandstorm
|-heal|p2a: Corviknight|100/100|[from] item: Leftovers
|upkeep
|turn|5
|
|t:|1685900461
|move|p1a: Zapdos|Volt Switch|p2a: Corviknight
|-supereffective|p2a: Corviknight
|-damage|p2a: Corviknight|63/100
|
|t:|1685900466
|switch|p1a: Garganacl|Garganacl, M|100/100|[from] Volt Switch
|move|p2a: Corviknight|U-turn|p1a: Garganacl
|-damage|p1a: Garganacl|91/100
|
|t:|1685900472
|switch|p2a: Walking Wake|Walking Wake|100/100|[from] U-turn
|
|-weather|none
|-heal|p1a: Garganacl|97/100|[from] item: Leftovers
|upkeep
|turn|6
|
|t:|1685900487
|switch|p1a: Slowking|Slowking-Galar, F|100/100
|move|p2a: Walking Wake|Hydro Steam|p1a: Slowking
|-damage|p1a: Slowking|62/100
|
|-heal|p1a: Slowking|68/100|[from] item: Leftovers
|upkeep
|turn|7
|
|t:|1685900493
|move|p2a: Walking Wake|Hydro Steam|p1a: Slowking
|-damage|p1a: Slowking|36/100
|move|p1a: Slowking|Chilly Reception|p1a: Slowking
|-weather|Snow
|
|t:|1685900501
|switch|p1a: Dragapult|Dragapult, F|95/100|[from] Chilly Reception
|
|-weather|Snow|[upkeep]
|upkeep
|turn|8
|
|t:|1685900518
|-end|p2a: Walking Wake|Protosynthesis|[silent]
|switch|p2a: Amoonguss|Amoonguss, M|100/100
|move|p1a: Dragapult|Draco Meteor|p2a: Amoonguss
|-damage|p2a: Amoonguss|30/100
|-unboost|p1a: Dragapult|spa|2
|
|-weather|Snow|[upkeep]
|-heal|p2a: Amoonguss|37/100|[from] item: Leftovers
|upkeep
|turn|9
|
|t:|1685900530
|switch|p1a: Zapdos|Zapdos|81/100
|move|p2a: Amoonguss|Foul Play|p1a: Zapdos
|-damage|p1a: Zapdos|71/100
|-status|p2a: Amoonguss|par|[from] ability: Static|[of] p1a: Zapdos
|
|-weather|Snow|[upkeep]
|-heal|p2a: Amoonguss|43/100 par|[from] item: Leftovers
|upkeep
|turn|10
|
|t:|1685900536
|move|p1a: Zapdos|Volt Switch|p2a: Amoonguss
|-resisted|p2a: Amoonguss
|-damage|p2a: Amoonguss|31/100 par
|
|t:|1685900541
|switch|p1a: Slowking|Slowking-Galar, F|69/100|[from] Volt Switch
|cant|p2a: Amoonguss|par
|
|-weather|Snow|[upkeep]
|-heal|p1a: Slowking|75/100|[from] item: Leftovers
|-heal|p2a: Amoonguss|38/100 par|[from] item: Leftovers
|upkeep
|turn|11
|
|t:|1685900546
|move|p1a: Slowking|Future Sight|p2a: Amoonguss
|-start|p1a: Slowking|move: Future Sight
|cant|p2a: Amoonguss|par
|
|-weather|none
|-heal|p1a: Slowking|81/100|[from] item: Leftovers
|-heal|p2a: Amoonguss|44/100 par|[from] item: Leftovers
|upkeep
|turn|12
|
|t:|1685900549
|move|p1a: Slowking|Chilly Reception|p1a: Slowking
|-weather|Snow
|
|t:|1685900552
|switch|p1a: Zapdos|Zapdos|71/100|[from] Chilly Reception
|move|p2a: Amoonguss|Spore|p1a: Zapdos
|-status|p1a: Zapdos|slp|[from] move: Spore
|
|-weather|Snow|[upkeep]
|-heal|p2a: Amoonguss|50/100 par|[from] item: Leftovers
|upkeep
|turn|13
|
|t:|1685900558
|switch|p1a: Urshifu|Urshifu-Rapid-Strike, M|94/100
|move|p2a: Amoonguss|Sludge Bomb|p1a: Urshifu
|-damage|p1a: Urshifu|56/100
|
|-weather|Snow|[upkeep]
|-end|p2a: Amoonguss|move: Future Sight
|-supereffective|p2a: Amoonguss
|-damage|p2a: Amoonguss|0 fnt
|faint|p2a: Amoonguss
|upkeep
|
|t:|1685900578
|switch|p2a: Corviknight|Corviknight, M, shiny|63/100
|turn|14
|
|t:|1685900585
|-terastallize|p1a: Urshifu|Water
|move|p1a: Urshifu|Surging Strikes|p2a: Corviknight
|-crit|p2a: Corviknight
|-damage|p2a: Corviknight|28/100
|-crit|p2a: Corviknight
|-damage|p2a: Corviknight|0 fnt
|faint|p2a: Corviknight
|-hitcount|p2: Corviknight|2
|
|-weather|Snow|[upkeep]
|upkeep
|
|t:|1685900598
|switch|p2a: Walking Wake|Walking Wake|100/100
|turn|15
|
|t:|1685900601
|switch|p1a: Slowking|Slowking-Galar, F|100/100
|move|p2a: Walking Wake|Draco Meteor|p1a: Slowking
|-damage|p1a: Slowking|38/100
|-unboost|p2a: Walking Wake|spa|2
|
|-weather|Snow|[upkeep]
|-heal|p1a: Slowking|44/100|[from] item: Leftovers
|upkeep
|turn|16
|
|t:|1685900613
|-end|p2a: Walking Wake|Protosynthesis|[silent]
|switch|p2a: Skeledirge|Skeledirge, M|80/100
|move|p1a: Slowking|Slack Off|p1a: Slowking
|-heal|p1a: Slowking|94/100
|
|-weather|none
|-heal|p1a: Slowking|99/100|[from] item: Leftovers
|upkeep
|turn|17
|
|t:|1685900623
|switch|p1a: Garganacl|Garganacl, M|97/100
|move|p2a: Skeledirge|Torch Song|p1a: Garganacl
|-resisted|p1a: Garganacl
|-damage|p1a: Garganacl|87/100
|-boost|p2a: Skeledirge|spa|1
|
|-heal|p1a: Garganacl|94/100|[from] item: Leftovers
|upkeep
|turn|18
|
|t:|1685900629
|switch|p2a: Walking Wake|Walking Wake|100/100
|move|p1a: Garganacl|Salt Cure|p2a: Walking Wake
|-damage|p2a: Walking Wake|85/100
|-start|p2a: Walking Wake|Salt Cure
|
|-heal|p1a: Garganacl|99/100|[from] item: Leftovers
|-damage|p2a: Walking Wake|61/100|[from] Salt Cure
|upkeep
|turn|19
|
|t:|1685900638
|switch|p1a: Slowking|Slowking-Galar, F|100/100
|move|p2a: Walking Wake|Draco Meteor|p1a: Slowking
|-damage|p1a: Slowking|41/100
|-unboost|p2a: Walking Wake|spa|2
|
|-heal|p1a: Slowking|48/100|[from] item: Leftovers
|-damage|p2a: Walking Wake|36/100|[from] Salt Cure
|upkeep
|turn|20
|
|t:|1685900643
|move|p2a: Walking Wake|Draco Meteor|p1a: Slowking
|-damage|p1a: Slowking|18/100
|-unboost|p2a: Walking Wake|spa|2
|move|p1a: Slowking|Slack Off|p1a: Slowking
|-heal|p1a: Slowking|68/100
|
|-heal|p1a: Slowking|74/100|[from] item: Leftovers
|-damage|p2a: Walking Wake|11/100|[from] Salt Cure
|upkeep
|turn|21
|
|t:|1685900649
|-end|p2a: Walking Wake|Protosynthesis|[silent]
|switch|p2a: Skeledirge|Skeledirge, M|80/100
|move|p1a: Slowking|Chilly Reception|p1a: Slowking
|-weather|Snow
|
|t:|1685900652
|switch|p1a: Urshifu|Urshifu-Rapid-Strike, M, tera:Water|56/100|[from] Chilly Reception
|
|-weather|Snow|[upkeep]
|upkeep
|turn|22
|
|t:|1685900664
|-terastallize|p2a: Skeledirge|Fairy
|move|p1a: Urshifu|Surging Strikes|p2a: Skeledirge
|-crit|p2a: Skeledirge
|-damage|p2a: Skeledirge|53/100
|-crit|p2a: Skeledirge
|-damage|p2a: Skeledirge|26/100
|-crit|p2a: Skeledirge
|-damage|p2a: Skeledirge|0 fnt
|faint|p2a: Skeledirge
|-hitcount|p2: Skeledirge|3
|
|-weather|Snow|[upkeep]
|upkeep
|
|t:|1685900672
|switch|p2a: Walking Wake|Walking Wake|11/100
|turn|23
|
|t:|1685900675
|switch|p1a: Slowking|Slowking-Galar, F|100/100
|move|p2a: Walking Wake|Draco Meteor|p1a: Slowking
|-damage|p1a: Slowking|43/100
|-unboost|p2a: Walking Wake|spa|2
|
|-weather|Snow|[upkeep]
|-heal|p1a: Slowking|49/100|[from] item: Leftovers
|upkeep
|turn|24
|
|t:|1685900678
|-end|p2a: Walking Wake|Protosynthesis|[silent]
|switch|p2a: Matilda|Tyranitar, F, shiny|100/100
|-weather|Sandstorm|[from] ability: Sand Stream|[of] p2a: Matilda
|move|p1a: Slowking|Slack Off|p1a: Slowking
|-heal|p1a: Slowking|99/100
|
|-weather|Sandstorm|[upkeep]
|-damage|p1a: Slowking|93/100|[from] Sandstorm
|-heal|p1a: Slowking|99/100|[from] item: Leftovers
|upkeep
|turn|25
|
|t:|1685900681
|switch|p1a: Great Tusk|Great Tusk|100/100
|move|p2a: Matilda|Earthquake|p1a: Great Tusk
|-damage|p1a: Great Tusk|87/100
|
|-weather|Sandstorm|[upkeep]
|-heal|p1a: Great Tusk|93/100|[from] item: Leftovers
|upkeep
|turn|26
|
|t:|1685900687
|move|p1a: Great Tusk|Earthquake|p2a: Matilda
|-supereffective|p2a: Matilda
|-damage|p2a: Matilda|32/100
|move|p2a: Matilda|Ice Beam|p1a: Great Tusk
|-supereffective|p1a: Great Tusk
|-crit|p1a: Great Tusk
|-damage|p1a: Great Tusk|9/100
|
|-weather|Sandstorm|[upkeep]
|-heal|p1a: Great Tusk|16/100|[from] item: Leftovers
|-heal|p2a: Matilda|38/100|[from] item: Leftovers
|upkeep
|turn|27
|
|t:|1685900691
|switch|p2a: Walking Wake|Walking Wake|11/100
|move|p1a: Great Tusk|Stealth Rock|p2a: Walking Wake
|-sidestart|p2: foxiguy|move: Stealth Rock
|
|-weather|Sandstorm|[upkeep]
|-damage|p2a: Walking Wake|5/100|[from] Sandstorm
|-heal|p1a: Great Tusk|22/100|[from] item: Leftovers
|upkeep
|turn|28
|
|t:|1685900694
|-end|p1a: Great Tusk|Protosynthesis|[silent]
|switch|p1a: Slowking|Slowking-Galar, F|100/100
|move|p2a: Walking Wake|Hydro Steam|p1a: Slowking
|-damage|p1a: Slowking|64/100
|
|-weather|none
|-heal|p1a: Slowking|70/100|[from] item: Leftovers
|upkeep
|turn|29
|
|t:|1685900698
|move|p2a: Walking Wake|Hydro Steam|p1a: Slowking
|-damage|p1a: Slowking|33/100
|move|p1a: Slowking|Slack Off|p1a: Slowking
|-heal|p1a: Slowking|83/100
|
|-heal|p1a: Slowking|89/100|[from] item: Leftovers
|upkeep
|turn|30
|
|t:|1685900705
|switch|p1a: Dragapult|Dragapult, F|95/100
|move|p2a: Walking Wake|Hydro Steam|p1a: Dragapult
|-resisted|p1a: Dragapult
|-damage|p1a: Dragapult|53/100
|
|upkeep
|turn|31
|
|t:|1685900711
|move|p1a: Dragapult|U-turn|p2a: Walking Wake
|-damage|p2a: Walking Wake|0 fnt
|faint|p2a: Walking Wake
|-end|p2a: Walking Wake|Protosynthesis|[silent]
|
|t:|1685900713
|switch|p1a: Urshifu|Urshifu-Rapid-Strike, M, tera:Water|56/100|[from] U-turn
|
|upkeep
|
|t:|1685900721
|switch|p2a: Great Tusk|Great Tusk|100/100
|-damage|p2a: Great Tusk|98/100|[from] Stealth Rock
|turn|32
|
|t:|1685900726
|move|p1a: Urshifu|Surging Strikes|p2a: Great Tusk
|-supereffective|p2a: Great Tusk
|-crit|p2a: Great Tusk
|-damage|p2a: Great Tusk|38/100
|-supereffective|p2a: Great Tusk
|-crit|p2a: Great Tusk
|-damage|p2a: Great Tusk|0 fnt
|faint|p2a: Great Tusk
|-end|p2a: Great Tusk|Protosynthesis|[silent]
|-hitcount|p2: Great Tusk|2
|
|upkeep
|-message|foxiguy forfeited.
|
|win|Warinna
|raw|Warinna's rating: 1000 → 1040(+40 for winning)
|raw|foxiguy's rating: 1000 → 1000(+0 for losing)
|l|☆foxiguy
