|j|☆koraidon03
|j|☆I like bug alots
|t:|1685895042
|gametype|singles
|player|p1|koraidon03|1|1154
|player|p2|I like bug alots|bugcatcher-gen4dp|1067
|teamsize|p1|2
|teamsize|p2|6
|gen|9
|tier|[Gen 9] OU
|rated|
|rule|Sleep Clause Mod: Limit one foe put to sleep
|rule|Species Clause: Limit one of each Pokémon
|rule|OHKO Clause: OHKO moves are banned
|rule|Evasion Items Clause: Evasion items are banned
|rule|Evasion Moves Clause: Evasion moves are banned
|rule|Endless Battle Clause: Forcing endless battles is banned
|rule|HP Percentage Mod: HP is shown in percentages
|clearpoke
|poke|p1|Uxie|
|poke|p1|Magearna|
|poke|p2|Chien-Pao|
|poke|p2|Dragapult, F|
|poke|p2|Magearna|
|poke|p2|Urshifu-*, F|
|poke|p2|Sneasler, M|
|poke|p2|Great Tusk|
|teampreview
|
|t:|1685895069
|start
|switch|p1a: Uxie|Uxie, shiny|100/100
|switch|p2a: Urshifu|Urshifu-Rapid-Strike, F|100/100
|turn|1
|
|t:|1685895074
|move|p2a: Urshifu|Surging Strikes|p1a: Uxie
|-crit|p1a: Uxie
|-damage|p1a: Uxie|84/100
|-crit|p1a: Uxie
|-damage|p1a: Uxie|67/100
|-crit|p1a: Uxie
|-damage|p1a: Uxie|49/100
|-hitcount|p1a: Uxie|3
|move|p1a: Uxie|Yawn|p2a: Urshifu
|-start|p2a: Urshifu|move: Yawn|[of] p1a: Uxie
|
|upkeep
|turn|2
|
|t:|1685895084
|move|p2a: Urshifu|Surging Strikes|p1a: Uxie
|-crit|p1a: Uxie
|-damage|p1a: Uxie|33/100
|-crit|p1a: Uxie
|-damage|p1a: Uxie|15/100
|-crit|p1a: Uxie
|-damage|p1a: Uxie|0 fnt
|faint|p1a: Uxie
|-hitcount|p1: Uxie|3
|
|-end|p2a: Urshifu|move: Yawn|[silent]
|-status|p2a: Urshifu|slp
|upkeep
|
|t:|1685895090
|switch|p1a: Magearna|Magearna|100/100
|turn|3
|
|t:|1685895095
|cant|p2a: Urshifu|slp
|move|p1a: Magearna|Shift Gear|p1a: Magearna
|-boost|p1a: Magearna|spe|2
|-boost|p1a: Magearna|atk|1
|
|upkeep
|turn|4
|
|t:|1685895101
|move|p1a: Magearna|Calm Mind|p1a: Magearna
|-boost|p1a: Magearna|spa|1
|-boost|p1a: Magearna|spd|1
|cant|p2a: Urshifu|slp
|
|upkeep
|turn|5
|
|t:|1685895111
|move|p1a: Magearna|Calm Mind|p1a: Magearna
|-boost|p1a: Magearna|spa|1
|-boost|p1a: Magearna|spd|1
|-curestatus|p2a: Urshifu|slp|[msg]
|move|p2a: Urshifu|Surging Strikes|p1a: Magearna
|-crit|p1a: Magearna
|-damage|p1a: Magearna|77/100
|-crit|p1a: Magearna
|-damage|p1a: Magearna|53/100
|-crit|p1a: Magearna
|-damage|p1a: Magearna|31/100
|-hitcount|p1a: Magearna|3
|
|upkeep
|turn|6
|
|t:|1685895139
|-terastallize|p1a: Magearna|Fairy
|move|p2a: Urshifu|Aqua Jet|p1a: Magearna
|-damage|p1a: Magearna|8/100
|move|p1a: Magearna|Draining Kiss|p2a: Urshifu
|-supereffective|p2a: Urshifu
|-damage|p2a: Urshifu|0 fnt
|-heal|p1a: Magearna|93/100|[from] drain|[of] p2a: Urshifu
|faint|p2a: Urshifu
|-ability|p1a: Magearna|Soul-Heart|boost
|-boost|p1a: Magearna|spa|1
|
|upkeep
|
|t:|1685895155
|switch|p2a: Magearna|Magearna|100/100
|turn|7
|
|t:|1685895160
|move|p1a: Magearna|Stored Power|p2a: Magearna
|-resisted|p2a: Magearna
|-damage|p2a: Magearna|33/100
|move|p2a: Magearna|Shift Gear|p2a: Magearna
|-boost|p2a: Magearna|spe|2
|-boost|p2a: Magearna|atk|1
|
|upkeep
|turn|8
|j| 5EternalNoob5
|
|t:|1685895167
|move|p1a: Magearna|Stored Power|p2a: Magearna
|-resisted|p2a: Magearna
|-damage|p2a: Magearna|0 fnt
|faint|p2a: Magearna
|-ability|p1a: Magearna|Soul-Heart|boost
|-boost|p1a: Magearna|spa|1
|
|upkeep
|-message|I like bug alots forfeited.
|
|win|koraidon03
|raw|koraidon03's rating: 1154 → 1173(+19 for winning)
|raw|I like bug alots's rating: 1067 → 1052(-15 for losing)
|l|☆I like bug alots
