|j|☆its yer boi guzma
|j|☆Critical ratta
|t:|1685853532
|gametype|singles
|player|p1|its yer boi guzma|camper|1429
|player|p2|Critical ratta|red|1358
|teamsize|p1|6
|teamsize|p2|6
|gen|9
|tier|[Gen 9] OU
|rated|
|rule|Sleep Clause Mod: Limit one foe put to sleep
|rule|Species Clause: Limit one of each Pokémon
|rule|OHKO Clause: OHKO moves are banned
|rule|Evasion Items Clause: Evasion items are banned
|rule|Evasion Moves Clause: Evasion moves are banned
|rule|Endless Battle Clause: Forcing endless battles is banned
|rule|HP Percentage Mod: HP is shown in percentages
|clearpoke
|poke|p1|Braviary-Hisui, M|
|poke|p1|Great Tusk|
|poke|p1|Heatran, F|
|poke|p1|Dragonite, F|
|poke|p1|Magearna|
|poke|p1|Dragapult, M|
|poke|p2|Sneasler, M|
|poke|p2|Mew|
|poke|p2|Magearna|
|poke|p2|Urshifu-*, M|
|poke|p2|Landorus-Therian, M|
|poke|p2|Chien-Pao|
|teampreview
|inactive|Battle timer is ON: inactive players will automatically lose when time's up. (requested by Critical ratta)
|
|t:|1685853584
|start
|switch|p1a: Dragapult|Dragapult, M|100/100
|switch|p2a: Sneasler|Sneasler, M, shiny|100/100
|turn|1
|
|t:|1685853594
|switch|p2a: Magearna|Magearna|100/100
|move|p1a: Dragapult|Shadow Ball|p2a: Magearna
|-damage|p2a: Magearna|48/100
|-unboost|p2a: Magearna|spd|1
|
|upkeep
|turn|2
|
|t:|1685853602
|switch|p2a: Chien-Pao|Chien-Pao|100/100
|-ability|p2a: Chien-Pao|Sword of Ruin
|move|p1a: Dragapult|Shadow Ball|p2a: Chien-Pao
|-resisted|p2a: Chien-Pao
|-damage|p2a: Chien-Pao|58/100
|
|upkeep
|turn|3
|
|t:|1685853611
|switch|p1a: Magearna|Magearna|100/100
|move|p2a: Chien-Pao|Sacred Sword|p1a: Magearna
|-damage|p1a: Magearna|63/100
|
|-heal|p1a: Magearna|69/100|[from] item: Leftovers
|upkeep
|turn|4
|
|t:|1685853641
|switch|p2a: Mew|Mew, shiny|100/100
|switch|p1a: Dragapult|Dragapult, M|100/100
|
|upkeep
|turn|5
|inactive|its yer boi guzma has 120 seconds left.
|
|t:|1685853660
|switch|p2a: Magearna|Magearna|48/100
|-terastallize|p1a: Dragapult|Ghost
|move|p1a: Dragapult|Shadow Ball|p2a: Magearna
|-damage|p2a: Magearna|0 fnt
|faint|p2a: Magearna
|
|upkeep
|
|t:|1685853663
|switch|p2a: Chien-Pao|Chien-Pao|58/100
|-ability|p2a: Chien-Pao|Sword of Ruin
|turn|6
|
|t:|1685853671
|switch|p1a: Magearna|Magearna|69/100
|move|p2a: Chien-Pao|Sacred Sword|p1a: Magearna
|-damage|p1a: Magearna|31/100
|
|-heal|p1a: Magearna|37/100|[from] item: Leftovers
|upkeep
|turn|7
|
|t:|1685853675
|switch|p1a: Dragapult|Dragapult, M, tera:Ghost|100/100
|move|p2a: Chien-Pao|Sacred Sword|p1a: Dragapult
|-immune|p1a: Dragapult
|
|upkeep
|turn|8
|
|t:|1685853681
|switch|p2a: Landorus|Landorus-Therian, M, shiny|100/100
|-ability|p2a: Landorus|Intimidate|boost
|-unboost|p1a: Dragapult|atk|1
|move|p1a: Dragapult|Shadow Ball|p2a: Landorus
|-crit|p2a: Landorus
|-damage|p2a: Landorus|0 fnt
|faint|p2a: Landorus
|
|upkeep
|
|t:|1685853685
|switch|p2a: Urshifu|Urshifu-Rapid-Strike, M|100/100
|turn|9
|
|t:|1685853712
|switch|p1a: Braviary|Braviary-Hisui, M|100/100
|move|p2a: Urshifu|Surging Strikes|p1a: Braviary
|-crit|p1a: Braviary
|-damage|p1a: Braviary|85/100
|-crit|p1a: Braviary
|-damage|p1a: Braviary|68/100
|-crit|p1a: Braviary
|-damage|p1a: Braviary|52/100
|-hitcount|p1a: Braviary|3
|
|-heal|p1a: Braviary|58/100|[from] item: Leftovers
|upkeep
|turn|10
|
|t:|1685853718
|switch|p2a: Chien-Pao|Chien-Pao|58/100
|-ability|p2a: Chien-Pao|Sword of Ruin
|move|p1a: Braviary|Hurricane|p2a: Chien-Pao
|-crit|p2a: Chien-Pao
|-damage|p2a: Chien-Pao|0 fnt
|faint|p2a: Chien-Pao
|
|-heal|p1a: Braviary|64/100|[from] item: Leftovers
|upkeep
|
|t:|1685853721
|switch|p2a: Sneasler|Sneasler, M, shiny|100/100
|turn|11
|
|t:|1685853732
|move|p2a: Sneasler|Dire Claw|p1a: Braviary
|-damage|p1a: Braviary|17/100
|move|p1a: Braviary|Esper Wing|p2a: Sneasler
|-supereffective|p2a: Sneasler
|-damage|p2a: Sneasler|0 fnt
|-boost|p1a: Braviary|spe|1
|faint|p2a: Sneasler
|
|-heal|p1a: Braviary|23/100|[from] item: Leftovers
|upkeep
|-message|Critical ratta forfeited.
|
|win|its yer boi guzma
|raw|its yer boi guzma's rating: 1429 → 1445(+16 for winning)
|raw|Critical ratta's rating: 1358 → 1342(-16 for losing)
|l|☆Critical ratta
