|j|☆poildebrique
|j|☆Tomasu Dejuru
|t:|1685831826
|gametype|singles
|player|p1|poildebrique|101|1072
|player|p2|Tomasu Dejuru|ash-hoenn|1151
|teamsize|p1|6
|teamsize|p2|6
|gen|9
|tier|[Gen 9] OU
|rated|
|rule|Sleep Clause Mod: Limit one foe put to sleep
|rule|Species Clause: Limit one of each Pokémon
|rule|OHKO Clause: OHKO moves are banned
|rule|Evasion Items Clause: Evasion items are banned
|rule|Evasion Moves Clause: Evasion moves are banned
|rule|Endless Battle Clause: Forcing endless battles is banned
|rule|HP Percentage Mod: HP is shown in percentages
|clearpoke
|poke|p1|Glimmora, F|
|poke|p1|Baxcalibur, F|
|poke|p1|Iron Valiant|
|poke|p1|Frosmoth, F|
|poke|p1|Espeon, M|
|poke|p1|Scizor, M|
|poke|p2|Rillaboom, M|
|poke|p2|Volcarona, M|
|poke|p2|Dragonite, M|
|poke|p2|Great Tusk|
|poke|p2|Roaring Moon|
|poke|p2|Urshifu-*, M|
|teampreview
|
|t:|1685831831
|start
|switch|p1a: Glimmora|Glimmora, F|100/100
|switch|p2a: Dragonite|Dragonite, M|100/100
|turn|1
|
|t:|1685831841
|move|p1a: Glimmora|Mortal Spin|p2a: Dragonite
|-damage|p2a: Dragonite|97/100
|-status|p2a: Dragonite|psn
|move|p2a: Dragonite|Dragon Dance|p2a: Dragonite
|-boost|p2a: Dragonite|atk|1
|-boost|p2a: Dragonite|spe|1
|
|-damage|p2a: Dragonite|85/100 psn|[from] psn
|upkeep
|turn|2
|
|t:|1685831849
|move|p2a: Dragonite|Earthquake|p1a: Glimmora
|-supereffective|p1a: Glimmora
|-enditem|p1a: Glimmora|Focus Sash
|-damage|p1a: Glimmora|1/100
|-activate|p1a: Glimmora|ability: Toxic Debris
|-sidestart|p2: Tomasu Dejuru|move: Toxic Spikes
|move|p1a: Glimmora|Sludge Wave|p2a: Dragonite
|-damage|p2a: Dragonite|31/100 psn
|
|-damage|p2a: Dragonite|18/100 psn|[from] psn
|upkeep
|turn|3
|
|t:|1685831873
|move|p2a: Dragonite|Earthquake|p1a: Glimmora
|-supereffective|p1a: Glimmora
|-damage|p1a: Glimmora|0 fnt
|-activate|p1a: Glimmora|ability: Toxic Debris
|-sidestart|p2: Tomasu Dejuru|move: Toxic Spikes
|faint|p1a: Glimmora
|
|-damage|p2a: Dragonite|6/100 psn|[from] psn
|upkeep
|
|t:|1685831880
|switch|p1a: Scizor|Scizor, M|100/100
|turn|4
|
|t:|1685831892
|move|p2a: Dragonite|Extreme Speed|p1a: Scizor
|-resisted|p1a: Scizor
|-damage|p1a: Scizor|77/100
|move|p1a: Scizor|Bullet Punch|p2a: Dragonite
|-damage|p2a: Dragonite|0 fnt
|faint|p2a: Dragonite
|
|-heal|p1a: Scizor|83/100|[from] item: Leftovers
|upkeep
|
|t:|1685831897
|switch|p2a: Great Tusk|Great Tusk|100/100
|-status|p2a: Great Tusk|tox
|turn|5
|
|t:|1685831905
|move|p2a: Great Tusk|Rapid Spin|p1a: Scizor
|-resisted|p1a: Scizor
|-damage|p1a: Scizor|75/100
|-boost|p2a: Great Tusk|spe|1
|-sideend|p2: Tomasu Dejuru|Toxic Spikes|[from] move: Rapid Spin|[of] p2a: Great Tusk
|move|p1a: Scizor|Swords Dance|p1a: Scizor
|-boost|p1a: Scizor|atk|2
|
|-heal|p1a: Scizor|81/100|[from] item: Leftovers
|-damage|p2a: Great Tusk|94/100 tox|[from] psn
|upkeep
|turn|6
|
|t:|1685831919
|move|p2a: Great Tusk|Headlong Rush|p1a: Scizor
|-damage|p1a: Scizor|16/100
|-unboost|p2a: Great Tusk|def|1
|-unboost|p2a: Great Tusk|spd|1
|move|p1a: Scizor|Swords Dance|p1a: Scizor
|-boost|p1a: Scizor|atk|2
|
|-heal|p2a: Great Tusk|100/100 tox|[from] item: Leftovers
|-heal|p1a: Scizor|22/100|[from] item: Leftovers
|-damage|p2a: Great Tusk|88/100 tox|[from] psn
|upkeep
|turn|7
|
|t:|1685831930
|move|p1a: Scizor|Bullet Punch|p2a: Great Tusk
|-crit|p2a: Great Tusk
|-damage|p2a: Great Tusk|0 fnt
|faint|p2a: Great Tusk
|-end|p2a: Great Tusk|Protosynthesis|[silent]
|
|-heal|p1a: Scizor|28/100|[from] item: Leftovers
|upkeep
|inactive|Battle timer is ON: inactive players will automatically lose when time's up. (requested by poildebrique)
|
|t:|1685831947
|switch|p2a: Urshifu|Urshifu-Rapid-Strike, M|100/100
|turn|8
|
|t:|1685831951
|move|p1a: Scizor|Bullet Punch|p2a: Urshifu
|-resisted|p2a: Urshifu
|-damage|p2a: Urshifu|52/100
|move|p2a: Urshifu|Surging Strikes|p1a: Scizor
|-crit|p1a: Scizor
|-damage|p1a: Scizor|10/100
|-crit|p1a: Scizor
|-damage|p1a: Scizor|0 fnt
|faint|p1a: Scizor
|-hitcount|p1: Scizor|2
|
|upkeep
|inactive|poildebrique has 120 seconds left.
|
|t:|1685831995
|switch|p1a: Iron Valiant|Iron Valiant|100/100
|-enditem|p1a: Iron Valiant|Booster Energy
|-activate|p1a: Iron Valiant|ability: Quark Drive|[fromitem]
|-start|p1a: Iron Valiant|quarkdrivespe
|turn|9
|
|t:|1685832010
|-terastallize|p2a: Urshifu|Water
|move|p1a: Iron Valiant|Moonblast|p2a: Urshifu
|-damage|p2a: Urshifu|0 fnt
|faint|p2a: Urshifu
|
|upkeep
|
|t:|1685832021
|switch|p2a: Volcarona|Volcarona, M|100/100
|turn|10
|
|t:|1685832028
|-end|p1a: Iron Valiant|Quark Drive|[silent]
|switch|p1a: Espeon|Espeon, M|100/100
|move|p2a: Volcarona|Quiver Dance|p2a: Volcarona
|-boost|p2a: Volcarona|spa|1
|-boost|p2a: Volcarona|spd|1
|-boost|p2a: Volcarona|spe|1
|
|upkeep
|turn|11
|
|t:|1685832045
|move|p2a: Volcarona|Bug Buzz|p1a: Espeon
|-supereffective|p1a: Espeon
|-damage|p1a: Espeon|0 fnt
|faint|p1a: Espeon
|
|upkeep
|
|t:|1685832056
|switch|p1a: Baxcalibur|Baxcalibur, F|100/100
|turn|12
|
|t:|1685832063
|move|p2a: Volcarona|Bug Buzz|p1a: Baxcalibur
|-damage|p1a: Baxcalibur|21/100
|move|p1a: Baxcalibur|Earthquake|p2a: Volcarona
|-crit|p2a: Volcarona
|-damage|p2a: Volcarona|15/100
|
|upkeep
|turn|13
|
|t:|1685832070
|move|p1a: Baxcalibur|Ice Shard|p2a: Volcarona
|-resisted|p2a: Volcarona
|-damage|p2a: Volcarona|0 fnt
|faint|p2a: Volcarona
|
|upkeep
|
|t:|1685832075
|switch|p2a: Rillaboom|Rillaboom, M|100/100
|-fieldstart|move: Grassy Terrain|[from] ability: Grassy Surge|[of] p2a: Rillaboom
|turn|14
|
|t:|1685832079
|move|p1a: Baxcalibur|Ice Shard|p2a: Rillaboom
|-supereffective|p2a: Rillaboom
|-damage|p2a: Rillaboom|46/100
|move|p2a: Rillaboom|Drain Punch|p1a: Baxcalibur
|-supereffective|p1a: Baxcalibur
|-damage|p1a: Baxcalibur|0 fnt
|-heal|p2a: Rillaboom|57/100|[from] drain|[of] p1a: Baxcalibur
|faint|p1a: Baxcalibur
|
|-heal|p2a: Rillaboom|63/100|[from] Grassy Terrain
|upkeep
|
|t:|1685832089
|switch|p1a: Iron Valiant|Iron Valiant|100/100
|turn|15
|
|t:|1685832093
|move|p1a: Iron Valiant|Moonblast|p2a: Rillaboom
|-damage|p2a: Rillaboom|22/100
|move|p2a: Rillaboom|Drum Beating|p1a: Iron Valiant
|-damage|p1a: Iron Valiant|33/100
|-unboost|p1a: Iron Valiant|spe|1
|
|-heal|p2a: Rillaboom|28/100|[from] Grassy Terrain
|-heal|p1a: Iron Valiant|39/100|[from] Grassy Terrain
|upkeep
|turn|16
|
|t:|1685832102
|-end|p1a: Iron Valiant|Quark Drive|[silent]
|switch|p1a: Frosmoth|Frosmoth, F|100/100
|move|p2a: Rillaboom|Drum Beating|p1a: Frosmoth
|-resisted|p1a: Frosmoth
|-damage|p1a: Frosmoth|52/100
|
|-heal|p2a: Rillaboom|34/100|[from] Grassy Terrain
|-heal|p1a: Frosmoth|58/100|[from] Grassy Terrain
|upkeep
|turn|17
|
|t:|1685832111
|move|p2a: Rillaboom|Drum Beating|p1a: Frosmoth
|-resisted|p1a: Frosmoth
|-damage|p1a: Frosmoth|9/100
|move|p1a: Frosmoth|Ice Beam|p2a: Rillaboom
|-supereffective|p2a: Rillaboom
|-damage|p2a: Rillaboom|0 fnt
|faint|p2a: Rillaboom
|
|-heal|p1a: Frosmoth|15/100|[from] Grassy Terrain
|upkeep
|
|t:|1685832113
|switch|p2a: Roaring Moon|Roaring Moon|100/100
|-enditem|p2a: Roaring Moon|Booster Energy
|-activate|p2a: Roaring Moon|ability: Protosynthesis|[fromitem]
|-start|p2a: Roaring Moon|protosynthesisatk
|turn|18
|
|t:|1685832124
|move|p2a: Roaring Moon|Dragon Dance|p2a: Roaring Moon
|-boost|p2a: Roaring Moon|atk|1
|-boost|p2a: Roaring Moon|spe|1
|move|p1a: Frosmoth|Ice Beam|p2a: Roaring Moon
|-supereffective|p2a: Roaring Moon
|-damage|p2a: Roaring Moon|8/100
|
|-heal|p2a: Roaring Moon|14/100|[from] Grassy Terrain
|-heal|p1a: Frosmoth|21/100|[from] Grassy Terrain
|-fieldend|move: Grassy Terrain
|upkeep
|turn|19
|
|t:|1685832132
|move|p2a: Roaring Moon|Crunch|p1a: Frosmoth
|-damage|p1a: Frosmoth|0 fnt
|faint|p1a: Frosmoth
|
|upkeep
|-message|poildebrique forfeited.
|
|win|Tomasu Dejuru
|raw|poildebrique's rating: 1072 → 1056(-16 for losing)
|raw|Tomasu Dejuru's rating: 1151 → 1170(+19 for winning)
|l|☆poildebrique
