|j|☆Jontrendline
|j|☆Delibird Heart
|t:|1685903986
|gametype|singles
|player|p1|Jontrendline|scientist-gen4|1776
|player|p2|Delibird Heart|bruno|1735
|teamsize|p1|6
|teamsize|p2|6
|gen|9
|tier|[Gen 9] OU
|rated|
|rule|Sleep Clause Mod: Limit one foe put to sleep
|rule|Species Clause: Limit one of each Pokémon
|rule|OHKO Clause: OHKO moves are banned
|rule|Evasion Items Clause: Evasion items are banned
|rule|Evasion Moves Clause: Evasion moves are banned
|rule|Endless Battle Clause: Forcing endless battles is banned
|rule|HP Percentage Mod: HP is shown in percentages
|clearpoke
|poke|p1|Pelipper, F|
|poke|p1|Toedscruel, F|
|poke|p1|Volcanion|
|poke|p1|Zapdos|
|poke|p1|Clodsire, M|
|poke|p1|Tauros-Paldea-Blaze, M|
|poke|p2|Chien-Pao|
|poke|p2|Magearna|
|poke|p2|Great Tusk|
|poke|p2|Tornadus-Therian, M|
|poke|p2|Zamazenta-*|
|poke|p2|Clodsire, F|
|teampreview
|j| Publix Lemonade
|
|t:|1685903991
|start
|switch|p1a: Toedscruel|Toedscruel, F|100/100
|switch|p2a: Tornadus|Tornadus-Therian, M|100/100
|turn|1
|
|t:|1685903996
|switch|p1a: Zapdos|Zapdos|100/100
|-ability|p1a: Zapdos|Pressure
|move|p2a: Tornadus|Bleakwind Storm|p1a: Zapdos
|-resisted|p1a: Zapdos
|-damage|p1a: Zapdos|71/100
|
|upkeep
|turn|2
|
|t:|1685904002
|switch|p2a: Clodsire|Clodsire, F|100/100
|move|p1a: Zapdos|Substitute|p1a: Zapdos
|-start|p1a: Zapdos|Substitute
|-damage|p1a: Zapdos|46/100
|
|upkeep
|turn|3
|
|t:|1685904010
|switch|p2a: Magearna|Magearna|100/100
|move|p1a: Zapdos|Roost|p1a: Zapdos
|-heal|p1a: Zapdos|96/100
|-singleturn|p1a: Zapdos|move: Roost
|
|upkeep
|turn|4
|
|t:|1685904015
|move|p1a: Zapdos|Discharge|p2a: Magearna
|-damage|p2a: Magearna|64/100
|-status|p2a: Magearna|par
|move|p2a: Magearna|Shift Gear|p2a: Magearna
|-boost|p2a: Magearna|spe|2
|-boost|p2a: Magearna|atk|1
|
|-heal|p2a: Magearna|70/100 par|[from] item: Leftovers
|upkeep
|turn|5
|
|t:|1685904019
|move|p1a: Zapdos|Hurricane|p2a: Magearna|[miss]
|-miss|p1a: Zapdos|p2a: Magearna
|move|p2a: Magearna|Calm Mind|p2a: Magearna
|-boost|p2a: Magearna|spa|1
|-boost|p2a: Magearna|spd|1
|
|-heal|p2a: Magearna|76/100 par|[from] item: Leftovers
|upkeep
|turn|6
|
|t:|1685904024
|move|p1a: Zapdos|Hurricane|p2a: Magearna
|-resisted|p2a: Magearna
|-damage|p2a: Magearna|62/100 par
|-start|p2a: Magearna|confusion
|-activate|p2a: Magearna|confusion
|move|p2a: Magearna|Shift Gear|p2a: Magearna
|-boost|p2a: Magearna|spe|2
|-boost|p2a: Magearna|atk|1
|
|-heal|p2a: Magearna|68/100 par|[from] item: Leftovers
|upkeep
|turn|7
|
|t:|1685904030
|-activate|p2a: Magearna|confusion
|-damage|p2a: Magearna|57/100 par|[from] confusion
|move|p1a: Zapdos|Discharge|p2a: Magearna
|-damage|p2a: Magearna|35/100 par
|
|-heal|p2a: Magearna|41/100 par|[from] item: Leftovers
|upkeep
|turn|8
|
|t:|1685904035
|-activate|p2a: Magearna|confusion
|-damage|p2a: Magearna|29/100 par|[from] confusion
|move|p1a: Zapdos|Discharge|p2a: Magearna
|-damage|p2a: Magearna|6/100 par
|
|-heal|p2a: Magearna|12/100 par|[from] item: Leftovers
|upkeep
|turn|9
|
|t:|1685904041
|-activate|p2a: Magearna|confusion
|move|p2a: Magearna|Draining Kiss|p1a: Zapdos
|-end|p1a: Zapdos|Substitute
|-heal|p2a: Magearna|29/100 par|[from] drain|[of] p1a: Zapdos
|move|p1a: Zapdos|Discharge|p2a: Magearna
|-damage|p2a: Magearna|4/100 par
|
|-heal|p2a: Magearna|10/100 par|[from] item: Leftovers
|upkeep
|turn|10
|
|t:|1685904048
|switch|p1a: Clodsire|Clodsire, M|100/100
|-end|p2a: Magearna|confusion
|move|p2a: Magearna|Draining Kiss|p1a: Clodsire
|-resisted|p1a: Clodsire
|-damage|p1a: Clodsire|93/100
|-heal|p2a: Magearna|18/100 par|[from] drain|[of] p1a: Clodsire
|
|-heal|p2a: Magearna|24/100 par|[from] item: Leftovers
|upkeep
|turn|11
|j| coral fan
|
|t:|1685904064
|-terastallize|p1a: Clodsire|Dark
|move|p2a: Magearna|Stored Power|p1a: Clodsire
|-immune|p1a: Clodsire
|move|p1a: Clodsire|Stockpile|p1a: Clodsire
|-start|p1a: Clodsire|stockpile1
|-boost|p1a: Clodsire|def|1
|-boost|p1a: Clodsire|spd|1
|
|-heal|p2a: Magearna|30/100 par|[from] item: Leftovers
|upkeep
|turn|12
|
|t:|1685904075
|move|p2a: Magearna|Draining Kiss|p1a: Clodsire
|-supereffective|p1a: Clodsire
|-damage|p1a: Clodsire|69/100
|-heal|p2a: Magearna|52/100 par|[from] drain|[of] p1a: Clodsire
|move|p1a: Clodsire|Toxic||[still]
|-fail|p1a: Clodsire
|
|-heal|p2a: Magearna|58/100 par|[from] item: Leftovers
|upkeep
|turn|13
|j| roboPOKE
|
|t:|1685904086
|move|p2a: Magearna|Draining Kiss|p1a: Clodsire
|-supereffective|p1a: Clodsire
|-damage|p1a: Clodsire|43/100
|-heal|p2a: Magearna|83/100 par|[from] drain|[of] p1a: Clodsire
|move|p1a: Clodsire|Recover|p1a: Clodsire
|-heal|p1a: Clodsire|93/100
|
|-heal|p2a: Magearna|89/100 par|[from] item: Leftovers
|upkeep
|turn|14
|
|t:|1685904090
|move|p2a: Magearna|Draining Kiss|p1a: Clodsire
|-supereffective|p1a: Clodsire
|-damage|p1a: Clodsire|68/100
|-heal|p2a: Magearna|100/100 par|[from] drain|[of] p1a: Clodsire
|move|p1a: Clodsire|Stockpile|p1a: Clodsire
|-start|p1a: Clodsire|stockpile2
|-boost|p1a: Clodsire|def|1
|-boost|p1a: Clodsire|spd|1
|
|upkeep
|turn|15
|
|t:|1685904095
|move|p2a: Magearna|Draining Kiss|p1a: Clodsire
|-supereffective|p1a: Clodsire
|-damage|p1a: Clodsire|50/100
|move|p1a: Clodsire|Stockpile|p1a: Clodsire
|-start|p1a: Clodsire|stockpile3
|-boost|p1a: Clodsire|def|1
|-boost|p1a: Clodsire|spd|1
|
|upkeep
|turn|16
|
|t:|1685904098
|switch|p2a: Clodsire|Clodsire, F|100/100
|move|p1a: Clodsire|Recover|p1a: Clodsire
|-heal|p1a: Clodsire|99/100
|
|upkeep
|turn|17
|
|t:|1685904101
|switch|p1a: Toedscruel|Toedscruel, F|100/100
|move|p2a: Clodsire|Toxic|p1a: Toedscruel
|-status|p1a: Toedscruel|tox
|
|-damage|p1a: Toedscruel|94/100 tox|[from] psn
|upkeep
|turn|18
|
|t:|1685904109
|switch|p2a: Magearna|Magearna|100/100 par
|move|p1a: Toedscruel|Spore||[still]
|-fail|p1a: Toedscruel
|
|-damage|p1a: Toedscruel|82/100 tox|[from] psn
|upkeep
|turn|19
|
|t:|1685904112
|move|p1a: Toedscruel|Earth Power|p2a: Magearna
|-supereffective|p2a: Magearna
|-damage|p2a: Magearna|44/100 par
|-unboost|p2a: Magearna|spd|1
|move|p2a: Magearna|Shift Gear|p2a: Magearna
|-boost|p2a: Magearna|spe|2
|-boost|p2a: Magearna|atk|1
|
|-heal|p2a: Magearna|50/100 par|[from] item: Leftovers
|-damage|p1a: Toedscruel|64/100 tox|[from] psn
|upkeep
|turn|20
|j| dieanword
|
|t:|1685904131
|switch|p1a: Zapdos|Zapdos|96/100
|-ability|p1a: Zapdos|Pressure
|switch|p2a: Tornadus|Tornadus-Therian, M|100/100
|
|upkeep
|turn|21
|
|t:|1685904152
|move|p2a: Tornadus|Heat Wave|p1a: Zapdos
|-damage|p1a: Zapdos|63/100
|move|p1a: Zapdos|Substitute|p1a: Zapdos
|-start|p1a: Zapdos|Substitute
|-damage|p1a: Zapdos|38/100
|
|upkeep
|turn|22
|
|t:|1685904160
|move|p2a: Tornadus|Heat Wave|p1a: Zapdos
|-end|p1a: Zapdos|Substitute
|move|p1a: Zapdos|Roost|p1a: Zapdos
|-heal|p1a: Zapdos|88/100
|-singleturn|p1a: Zapdos|move: Roost
|
|upkeep
|turn|23
|
|t:|1685904168
|move|p2a: Tornadus|Heat Wave|p1a: Zapdos
|-damage|p1a: Zapdos|53/100
|move|p1a: Zapdos|Substitute|p1a: Zapdos
|-start|p1a: Zapdos|Substitute
|-damage|p1a: Zapdos|28/100
|
|upkeep
|turn|24
|
|t:|1685904172
|move|p2a: Tornadus|Heat Wave|p1a: Zapdos
|-end|p1a: Zapdos|Substitute
|move|p1a: Zapdos|Roost|p1a: Zapdos
|-heal|p1a: Zapdos|78/100
|-singleturn|p1a: Zapdos|move: Roost
|
|upkeep
|turn|25
|
|t:|1685904175
|move|p2a: Tornadus|Heat Wave|p1a: Zapdos
|-damage|p1a: Zapdos|43/100
|move|p1a: Zapdos|Substitute|p1a: Zapdos
|-start|p1a: Zapdos|Substitute
|-damage|p1a: Zapdos|18/100
|
|upkeep
|turn|26
|j| BahamutLaguna
|
|t:|1685904180
|move|p2a: Tornadus|Heat Wave|p1a: Zapdos
|-end|p1a: Zapdos|Substitute
|move|p1a: Zapdos|Roost|p1a: Zapdos
|-heal|p1a: Zapdos|68/100
|-singleturn|p1a: Zapdos|move: Roost
|
|upkeep
|turn|27
|
|t:|1685904183
|move|p2a: Tornadus|Heat Wave|p1a: Zapdos
|-damage|p1a: Zapdos|33/100
|move|p1a: Zapdos|Roost|p1a: Zapdos
|-heal|p1a: Zapdos|83/100
|-singleturn|p1a: Zapdos|move: Roost
|
|upkeep
|turn|28
|
|t:|1685904196
|switch|p2a: Chien-Pao|Chien-Pao|100/100
|-ability|p2a: Chien-Pao|Sword of Ruin
|move|p1a: Zapdos|Substitute|p1a: Zapdos
|-start|p1a: Zapdos|Substitute
|-damage|p1a: Zapdos|58/100
|
|upkeep
|turn|29
|
|t:|1685904202
|move|p2a: Chien-Pao|Ice Spinner|p1a: Zapdos
|-supereffective|p1a: Zapdos
|-crit|p1a: Zapdos
|-end|p1a: Zapdos|Substitute
|-damage|p2a: Chien-Pao|91/100|[from] item: Life Orb
|move|p1a: Zapdos|Discharge|p2a: Chien-Pao
|-damage|p2a: Chien-Pao|22/100
|-status|p2a: Chien-Pao|par
|
|upkeep
|turn|30
|
|t:|1685904208
|cant|p2a: Chien-Pao|par
|move|p1a: Zapdos|Substitute|p1a: Zapdos
|-start|p1a: Zapdos|Substitute
|-damage|p1a: Zapdos|33/100
|
|upkeep
|turn|31
|c|☆Delibird Heart|man
|
|t:|1685904214
|move|p2a: Chien-Pao|Ice Shard|p1a: Zapdos
|-supereffective|p1a: Zapdos
|-end|p1a: Zapdos|Substitute
|-damage|p2a: Chien-Pao|12/100 par|[from] item: Life Orb
|move|p1a: Zapdos|Roost|p1a: Zapdos
|-heal|p1a: Zapdos|83/100
|-singleturn|p1a: Zapdos|move: Roost
|
|upkeep
|turn|32
|
|t:|1685904219
|switch|p1a: Tauros|Tauros-Paldea-Blaze, M|100/100
|-ability|p1a: Tauros|Intimidate|boost
|-unboost|p2a: Chien-Pao|atk|1
|move|p2a: Chien-Pao|Ice Shard|p1a: Tauros
|-resisted|p1a: Tauros
|-damage|p1a: Tauros|93/100
|-damage|p2a: Chien-Pao|2/100 par|[from] item: Life Orb
|
|-heal|p1a: Tauros|99/100|[from] item: Leftovers
|upkeep
|turn|33
|j| jellll
|
|t:|1685904224
|switch|p1a: Zapdos|Zapdos|83/100
|-ability|p1a: Zapdos|Pressure
|switch|p2a: Great Tusk|Great Tusk|100/100
|
|upkeep
|turn|34
|
|t:|1685904237
|-end|p2a: Great Tusk|Protosynthesis|[silent]
|switch|p2a: Chien-Pao|Chien-Pao|2/100 par
|-ability|p2a: Chien-Pao|Sword of Ruin
|move|p1a: Zapdos|Substitute|p1a: Zapdos
|-start|p1a: Zapdos|Substitute
|-damage|p1a: Zapdos|58/100
|
|upkeep
|turn|35
|
|t:|1685904241
|cant|p2a: Chien-Pao|par
|move|p1a: Zapdos|Roost|p1a: Zapdos
|-heal|p1a: Zapdos|100/100
|-singleturn|p1a: Zapdos|move: Roost
|
|upkeep
|turn|36
|
|t:|1685904244
|move|p2a: Chien-Pao|Ice Shard|p1a: Zapdos
|-supereffective|p1a: Zapdos
|-end|p1a: Zapdos|Substitute
|-damage|p2a: Chien-Pao|0 fnt|[from] item: Life Orb
|faint|p2a: Chien-Pao
|move|p1a: Zapdos|Discharge|p2: Chien-Pao|[notarget]
|-fail|p1a: Zapdos
|
|upkeep
|
|t:|1685904254
|switch|p2a: Magearna|Magearna|50/100 par
|turn|37
|
|t:|1685904263
|move|p1a: Zapdos|Substitute|p1a: Zapdos
|-start|p1a: Zapdos|Substitute
|-damage|p1a: Zapdos|76/100
|move|p2a: Magearna|Calm Mind|p2a: Magearna
|-boost|p2a: Magearna|spa|1
|-boost|p2a: Magearna|spd|1
|
|-heal|p2a: Magearna|56/100 par|[from] item: Leftovers
|upkeep
|turn|38
|
|t:|1685904267
|move|p1a: Zapdos|Hurricane|p2a: Magearna|[miss]
|-miss|p1a: Zapdos|p2a: Magearna
|move|p2a: Magearna|Draining Kiss|p1a: Zapdos
|-end|p1a: Zapdos|Substitute
|-heal|p2a: Magearna|72/100 par|[from] drain|[of] p1a: Zapdos
|
|-heal|p2a: Magearna|79/100 par|[from] item: Leftovers
|upkeep
|turn|39
|
|t:|1685904280
|move|p1a: Zapdos|Substitute|p1a: Zapdos
|-start|p1a: Zapdos|Substitute
|-damage|p1a: Zapdos|51/100
|move|p2a: Magearna|Draining Kiss|p1a: Zapdos
|-end|p1a: Zapdos|Substitute
|-heal|p2a: Magearna|95/100 par|[from] drain|[of] p1a: Zapdos
|
|-heal|p2a: Magearna|100/100 par|[from] item: Leftovers
|upkeep
|turn|40
|
|t:|1685904285
|move|p1a: Zapdos|Substitute|p1a: Zapdos
|-start|p1a: Zapdos|Substitute
|-damage|p1a: Zapdos|26/100
|move|p2a: Magearna|Shift Gear|p2a: Magearna
|-boost|p2a: Magearna|spe|2
|-boost|p2a: Magearna|atk|1
|
|upkeep
|turn|41
|
|t:|1685904287
|move|p1a: Zapdos|Roost|p1a: Zapdos
|-heal|p1a: Zapdos|76/100
|-singleturn|p1a: Zapdos|move: Roost
|move|p2a: Magearna|Stored Power|p1a: Zapdos
|-end|p1a: Zapdos|Substitute
|
|upkeep
|turn|42
|
|t:|1685904297
|switch|p1a: Clodsire|Clodsire, M, tera:Dark|99/100
|move|p2a: Magearna|Shift Gear|p2a: Magearna
|-boost|p2a: Magearna|spe|2
|-boost|p2a: Magearna|atk|1
|
|upkeep
|turn|43
|
|t:|1685904311
|switch|p2a: Zamazenta|Zamazenta-Crowned|100/100
|-ability|p2a: Zamazenta|Dauntless Shield|boost
|-boost|p2a: Zamazenta|def|1
|move|p1a: Clodsire|Stockpile|p1a: Clodsire
|-start|p1a: Clodsire|stockpile1
|-boost|p1a: Clodsire|def|1
|-boost|p1a: Clodsire|spd|1
|
|upkeep
|turn|44
|l| coral fan
|
|t:|1685904319
|move|p2a: Zamazenta|Body Press|p1a: Clodsire
|-supereffective|p1a: Clodsire
|-damage|p1a: Clodsire|56/100
|move|p1a: Clodsire|Body Press|p2a: Zamazenta
|-supereffective|p2a: Zamazenta
|-damage|p2a: Zamazenta|70/100
|
|upkeep
|turn|45
|
|t:|1685904324
|-terastallize|p2a: Zamazenta|Fighting
|move|p2a: Zamazenta|Body Press|p1a: Clodsire
|-supereffective|p1a: Clodsire
|-damage|p1a: Clodsire|0 fnt
|faint|p1a: Clodsire
|
|upkeep
|
|t:|1685904327
|switch|p1a: Volcanion|Volcanion|100/100
|turn|46
|
|t:|1685904334
|move|p2a: Zamazenta|Body Press|p1a: Volcanion
|-damage|p1a: Volcanion|33/100
|move|p1a: Volcanion|Substitute|p1a: Volcanion
|-start|p1a: Volcanion|Substitute
|-damage|p1a: Volcanion|8/100
|
|-heal|p1a: Volcanion|14/100|[from] item: Leftovers
|upkeep
|turn|47
|l| BahamutLaguna
|
|t:|1685904348
|move|p2a: Zamazenta|Body Press|p1a: Volcanion
|-end|p1a: Volcanion|Substitute
|move|p1a: Volcanion|Steam Eruption|p2a: Zamazenta
|-damage|p2a: Zamazenta|24/100
|
|-heal|p1a: Volcanion|20/100|[from] item: Leftovers
|upkeep
|turn|48
|
|t:|1685904359
|switch|p1a: Tauros|Tauros-Paldea-Blaze, M|99/100
|-ability|p1a: Tauros|Intimidate|boost
|-unboost|p2a: Zamazenta|atk|1
|move|p2a: Zamazenta|Body Press|p1a: Tauros
|-damage|p1a: Tauros|37/100
|
|-heal|p1a: Tauros|43/100|[from] item: Leftovers
|upkeep
|turn|49
|
|t:|1685904367
|switch|p1a: Volcanion|Volcanion|20/100
|move|p2a: Zamazenta|Body Press|p1a: Volcanion
|-damage|p1a: Volcanion|0 fnt
|faint|p1a: Volcanion
|
|upkeep
|
|t:|1685904369
|switch|p1a: Pelipper|Pelipper, F|100/100
|-weather|RainDance|[from] ability: Drizzle|[of] p1a: Pelipper
|turn|50
|
|t:|1685904385
|switch|p2a: Magearna|Magearna|100/100 par
|move|p1a: Pelipper|Hurricane|p2a: Magearna
|-resisted|p2a: Magearna
|-damage|p2a: Magearna|82/100 par
|
|-weather|RainDance|[upkeep]
|-heal|p2a: Magearna|88/100 par|[from] item: Leftovers
|upkeep
|turn|51
|
|t:|1685904405
|switch|p1a: Toedscruel|Toedscruel, F|64/100 tox
|cant|p2a: Magearna|par
|
|-weather|RainDance|[upkeep]
|-heal|p2a: Magearna|94/100 par|[from] item: Leftovers
|-damage|p1a: Toedscruel|58/100 tox|[from] psn
|upkeep
|turn|52
|
|t:|1685904409
|switch|p2a: Tornadus|Tornadus-Therian, M|100/100
|move|p1a: Toedscruel|Earth Power|p2a: Tornadus
|-immune|p2a: Tornadus
|
|-weather|RainDance|[upkeep]
|-damage|p1a: Toedscruel|46/100 tox|[from] psn
|upkeep
|turn|53
|
|t:|1685904413
|switch|p1a: Zapdos|Zapdos|76/100
|-ability|p1a: Zapdos|Pressure
|move|p2a: Tornadus|Bleakwind Storm|p1a: Zapdos
|-resisted|p1a: Zapdos
|-damage|p1a: Zapdos|47/100
|
|-weather|RainDance|[upkeep]
|upkeep
|turn|54
|
|t:|1685904421
|switch|p2a: Clodsire|Clodsire, F|100/100
|move|p1a: Zapdos|Hurricane|p2a: Clodsire
|-damage|p2a: Clodsire|72/100
|
|-weather|none
|-heal|p2a: Clodsire|78/100|[from] item: Leftovers
|upkeep
|turn|55
|
|t:|1685904427
|switch|p2a: Magearna|Magearna|94/100 par
|move|p1a: Zapdos|Substitute|p1a: Zapdos
|-start|p1a: Zapdos|Substitute
|-damage|p1a: Zapdos|22/100
|
|-heal|p2a: Magearna|99/100 par|[from] item: Leftovers
|upkeep
|turn|56
|
|t:|1685904432
|move|p1a: Zapdos|Hurricane|p2a: Magearna
|-resisted|p2a: Magearna
|-damage|p2a: Magearna|77/100 par
|cant|p2a: Magearna|par
|
|-heal|p2a: Magearna|83/100 par|[from] item: Leftovers
|upkeep
|turn|57
|j| OUDJ NullGuy
|
|t:|1685904436
|move|p1a: Zapdos|Hurricane|p2a: Magearna
|-resisted|p2a: Magearna
|-damage|p2a: Magearna|59/100 par
|move|p2a: Magearna|Calm Mind|p2a: Magearna
|-boost|p2a: Magearna|spa|1
|-boost|p2a: Magearna|spd|1
|
|-heal|p2a: Magearna|65/100 par|[from] item: Leftovers
|upkeep
|turn|58
|
|t:|1685904444
|move|p1a: Zapdos|Hurricane|p2a: Magearna
|-resisted|p2a: Magearna
|-damage|p2a: Magearna|49/100 par
|move|p2a: Magearna|Draining Kiss|p1a: Zapdos
|-end|p1a: Zapdos|Substitute
|-heal|p2a: Magearna|66/100 par|[from] drain|[of] p1a: Zapdos
|
|-heal|p2a: Magearna|72/100 par|[from] item: Leftovers
|upkeep
|turn|59
|
|t:|1685904447
|switch|p1a: Tauros|Tauros-Paldea-Blaze, M|43/100
|-ability|p1a: Tauros|Intimidate|boost
|-unboost|p2a: Magearna|atk|1
|move|p2a: Magearna|Draining Kiss|p1a: Tauros
|-damage|p1a: Tauros|0 fnt
|-heal|p2a: Magearna|100/100 par|[from] drain|[of] p1a: Tauros
|faint|p1a: Tauros
|-ability|p2a: Magearna|Soul-Heart|boost
|-boost|p2a: Magearna|spa|1
|
|upkeep
|l| OUDJ NullGuy
|
|t:|1685904450
|switch|p1a: Toedscruel|Toedscruel, F|46/100 tox
|turn|60
|j| orphanon
|
|t:|1685904458
|switch|p1a: Pelipper|Pelipper, F|100/100
|-weather|RainDance|[from] ability: Drizzle|[of] p1a: Pelipper
|move|p2a: Magearna|Draining Kiss|p1a: Pelipper
|-damage|p1a: Pelipper|11/100
|
|-weather|RainDance|[upkeep]
|upkeep
|turn|61
|-message|Jontrendline forfeited.
|
|win|Delibird Heart
|raw|Jontrendline's rating: 1776 → 1754(-22 for losing)
|raw|Delibird Heart's rating: 1735 → 1757(+22 for winning)
|l|☆Jontrendline
|c|☆Delibird Heart|gg
