|j|☆ValhallaAsgardian
|j|☆Erezono
|t:|1685902217
|gametype|singles
|player|p1|ValhallaAsgardian|170|1377
|player|p2|Erezono|brycenman|1388
|teamsize|p1|6
|teamsize|p2|6
|gen|9
|tier|[Gen 9] OU
|rated|
|rule|Sleep Clause Mod: Limit one foe put to sleep
|rule|Species Clause: Limit one of each Pokémon
|rule|OHKO Clause: OHKO moves are banned
|rule|Evasion Items Clause: Evasion items are banned
|rule|Evasion Moves Clause: Evasion moves are banned
|rule|Endless Battle Clause: Forcing endless battles is banned
|rule|HP Percentage Mod: HP is shown in percentages
|clearpoke
|poke|p1|Arcanine-Hisui, F|
|poke|p1|Dragonite, F|
|poke|p1|Enamorus, F|
|poke|p1|Great Tusk|
|poke|p1|Magearna|
|poke|p1|Sneasler, F|
|poke|p2|Arcanine-Hisui, M|
|poke|p2|Enamorus, F|
|poke|p2|Sneasler, M|
|poke|p2|Chien-Pao|
|poke|p2|Grimmsnarl, M|
|poke|p2|Great Tusk|
|teampreview
|inactive|Battle timer is ON: inactive players will automatically lose when time's up. (requested by Erezono)
|
|t:|1685902233
|start
|switch|p1a: Enamorus|Enamorus, F|100/100
|switch|p2a: Grimmsnarl|Grimmsnarl, M|100/100
|turn|1
|
|t:|1685902241
|move|p2a: Grimmsnarl|Parting Shot|p1a: Enamorus
|-boost|p1a: Enamorus|atk|1
|-boost|p1a: Enamorus|spa|1
|
|t:|1685902245
|switch|p2a: Arcanine|Arcanine-Hisui, M|100/100|[from] Parting Shot
|move|p1a: Enamorus|Superpower|p2a: Arcanine
|-supereffective|p2a: Arcanine
|-damage|p2a: Arcanine|0 fnt
|-boost|p1a: Enamorus|atk|1
|-boost|p1a: Enamorus|def|1
|faint|p2a: Arcanine
|
|upkeep
|c|☆ValhallaAsgardian|merci
|
|t:|1685902258
|switch|p2a: Sneasler|Sneasler, M|100/100
|turn|2
|
|t:|1685902268
|-terastallize|p1a: Enamorus|Steel
|move|p1a: Enamorus|Play Rough|p2a: Sneasler
|-crit|p2a: Sneasler
|-damage|p2a: Sneasler|0 fnt
|faint|p2a: Sneasler
|
|upkeep
|
|t:|1685902275
|switch|p2a: Grimmsnarl|Grimmsnarl, M|100/100
|turn|3
|inactive|ValhallaAsgardian has 120 seconds left.
|
|t:|1685902306
|move|p2a: Grimmsnarl|Reflect|p2a: Grimmsnarl
|-sidestart|p2: Erezono|Reflect
|move|p1a: Enamorus|Play Rough|p2a: Grimmsnarl
|-supereffective|p2a: Grimmsnarl
|-damage|p2a: Grimmsnarl|21/100
|-unboost|p2a: Grimmsnarl|atk|1
|
|upkeep
|turn|4
|
|t:|1685902314
|move|p2a: Grimmsnarl|Light Screen|p2a: Grimmsnarl
|-sidestart|p2: Erezono|move: Light Screen
|move|p1a: Enamorus|Superpower|p2a: Grimmsnarl
|-damage|p2a: Grimmsnarl|0 fnt
|-boost|p1a: Enamorus|atk|1
|-boost|p1a: Enamorus|def|1
|faint|p2a: Grimmsnarl
|
|upkeep
|
|t:|1685902320
|switch|p2a: Enamorus|Enamorus, F|100/100
|turn|5
|inactive|ValhallaAsgardian has 120 seconds left.
|
|t:|1685902350
|move|p2a: Enamorus|Earth Power|p1a: Enamorus
|-supereffective|p1a: Enamorus
|-damage|p1a: Enamorus|0 fnt
|faint|p1a: Enamorus
|-damage|p2a: Enamorus|91/100|[from] item: Life Orb
|
|upkeep
|
|t:|1685902366
|switch|p1a: Arcanine|Arcanine-Hisui, F|100/100
|turn|6
|
|t:|1685902371
|move|p1a: Arcanine|Head Smash|p2a: Enamorus
|-supereffective|p2a: Enamorus
|-damage|p2a: Enamorus|0 fnt
|faint|p2a: Enamorus
|
|upkeep
|
|t:|1685902374
|switch|p2a: Great Tusk|Great Tusk|100/100
|turn|7
|
|t:|1685902379
|switch|p1a: Great Tusk|Great Tusk|100/100
|move|p2a: Great Tusk|Earthquake|p1a: Great Tusk
|-damage|p1a: Great Tusk|61/100
|
|upkeep
|turn|8
|
|t:|1685902390
|move|p1a: Great Tusk|Rapid Spin|p2a: Great Tusk
|-damage|p2a: Great Tusk|95/100
|-boost|p1a: Great Tusk|spe|1
|move|p2a: Great Tusk|Bulk Up|p2a: Great Tusk
|-boost|p2a: Great Tusk|atk|1
|-boost|p2a: Great Tusk|def|1
|
|-heal|p2a: Great Tusk|100/100|[from] item: Leftovers
|upkeep
|turn|9
|
|t:|1685902397
|-end|p1a: Great Tusk|Protosynthesis|[silent]
|switch|p1a: Dragonite|Dragonite, F|100/100
|move|p2a: Great Tusk|Bulk Up|p2a: Great Tusk
|-boost|p2a: Great Tusk|atk|1
|-boost|p2a: Great Tusk|def|1
|
|upkeep
|turn|10
|
|t:|1685902400
|move|p1a: Dragonite|Outrage|p2a: Great Tusk
|-damage|p2a: Great Tusk|86/100
|move|p2a: Great Tusk|Knock Off|p1a: Dragonite
|-damage|p1a: Dragonite|62/100
|-enditem|p1a: Dragonite|Choice Band|[from] move: Knock Off|[of] p2a: Great Tusk
|
|-heal|p2a: Great Tusk|92/100|[from] item: Leftovers
|-sideend|p2: Erezono|Reflect
|upkeep
|turn|11
|
|t:|1685902405
|move|p1a: Dragonite|Outrage|p2a: Great Tusk|[from]lockedmove
|-damage|p2a: Great Tusk|71/100
|-start|p1a: Dragonite|confusion|[fatigue]
|move|p2a: Great Tusk|Rapid Spin|p1a: Dragonite
|-damage|p1a: Dragonite|23/100
|-boost|p2a: Great Tusk|spe|1
|
|-heal|p2a: Great Tusk|78/100|[from] item: Leftovers
|-sideend|p2: Erezono|move: Light Screen
|upkeep
|turn|12
|inactive|ValhallaAsgardian has 120 seconds left.
|inactive|ValhallaAsgardian has 90 seconds left.
|
|t:|1685902472
|move|p2a: Great Tusk|Rapid Spin|p1a: Dragonite
|-damage|p1a: Dragonite|0 fnt
|-boost|p2a: Great Tusk|spe|1
|faint|p1a: Dragonite
|
|-heal|p2a: Great Tusk|84/100|[from] item: Leftovers
|upkeep
|-message|ValhallaAsgardian forfeited.
|
|win|Erezono
|raw|ValhallaAsgardian's rating: 1356 → 1338(-18 for losing)
|raw|Erezono's rating: 1388 → 1406(+18 for winning)
|l|☆ValhallaAsgardian
