|j|☆WiredDragon
|j|☆Rivenhelper
|t:|1685830342
|gametype|singles
|player|p1|WiredDragon|grimsley|
|player|p2|Rivenhelper|shadowtriad|
|teamsize|p1|6
|teamsize|p2|6
|gen|9
|tier|[Gen 9] OU
|rule|Sleep Clause Mod: Limit one foe put to sleep
|rule|Species Clause: Limit one of each Pokémon
|rule|OHKO Clause: OHKO moves are banned
|rule|Evasion Items Clause: Evasion items are banned
|rule|Evasion Moves Clause: Evasion moves are banned
|rule|Endless Battle Clause: Forcing endless battles is banned
|rule|HP Percentage Mod: HP is shown in percentages
|clearpoke
|poke|p1|Skeledirge, M|
|poke|p1|Veluza, M|
|poke|p1|Arboliva, F|
|poke|p1|Iron Hands|
|poke|p1|Glimmora, M|
|poke|p1|Donphan, M|
|poke|p2|Electrode|
|poke|p2|Azumarill, M|
|poke|p2|Maushold-Four|
|poke|p2|Hatterene, F|
|poke|p2|Farigiraf, M|
|poke|p2|Hydreigon, M|
|teampreview
|j| Vgamer101
|j| Naolis
|l|☆WiredDragon
|player|p1|
|c|☆Rivenhelper|Wired Forfeited
|c|☆Rivenhelper|jkjk
|c|☆Rivenhelper|they crashed
|c|☆Rivenhelper|ba ba ba bum bum bumbumbum
|j|☆WiredDragon
|player|p1|WiredDragon|grimsley
|
|t:|1685831502
|start
|switch|p1a: Shifter|Donphan, M|100/100
|switch|p2a: psyche|Maushold-Four|100/100
|turn|1
|
|t:|1685831531
|move|p2a: psyche|U-turn|p1a: Shifter
|-damage|p1a: Shifter|88/100
|
|t:|1685831558
|switch|p2a: egg|Azumarill, M, shiny|100/100|[from] U-turn
|move|p1a: Shifter|Play Rough|p2a: egg
|-damage|p2a: egg|50/100
|
|upkeep
|turn|2
|
|t:|1685831591
|move|p2a: egg|Liquidation|p1a: Shifter
|-supereffective|p1a: Shifter
|-damage|p1a: Shifter|0 fnt
|faint|p1a: Shifter
|
|upkeep
|
|t:|1685831683
|switch|p1a: Gamma|Iron Hands|100/100
|turn|3
|
|t:|1685831713
|move|p1a: Gamma|Fake Out|p2a: egg
|-damage|p2a: egg|34/100
|cant|p2a: egg|flinch
|
|upkeep
|turn|4
|
|t:|1685831741
|move|p2a: egg|Liquidation|p1a: Gamma
|-damage|p1a: Gamma|47/100
|move|p1a: Gamma|Play Rough|p2a: egg
|-damage|p2a: egg|0 fnt
|faint|p2a: egg
|
|upkeep
|
|t:|1685831815
|switch|p2a: Neo|Farigiraf, M|100/100
|turn|5
|
|t:|1685831873
|-end|p1a: Gamma|Quark Drive|[silent]
|switch|p1a: Ash Blossom|Skeledirge, M|100/100
|move|p2a: Neo|Twin Beam|p1a: Ash Blossom
|-damage|p1a: Ash Blossom|81/100
|-damage|p1a: Ash Blossom|62/100
|-hitcount|p1a: Ash Blossom|2
|
|-heal|p1a: Ash Blossom|68/100|[from] item: Leftovers
|upkeep
|turn|6
|
|t:|1685831910
|switch|p2a: Jessica|Hatterene, F|100/100
|move|p1a: Ash Blossom|Slack Off|p1a: Ash Blossom
|-heal|p1a: Ash Blossom|100/100
|
|upkeep
|turn|7
|
|t:|1685831935
|move|p1a: Ash Blossom|Torch Song|p2a: Jessica
|-damage|p2a: Jessica|68/100
|-boost|p1a: Ash Blossom|spa|1
|move|p2a: Jessica|Calm Mind|p2a: Jessica
|-boost|p2a: Jessica|spa|1
|-boost|p2a: Jessica|spd|1
|
|upkeep
|turn|8
|
|t:|1685831966
|move|p1a: Ash Blossom|Shadow Ball|p2a: Jessica
|-supereffective|p2a: Jessica
|-damage|p2a: Jessica|0 fnt
|faint|p2a: Jessica
|
|upkeep
|
|t:|1685831977
|switch|p2a: psyche|Maushold-Four|100/100
|turn|9
|
|t:|1685831989
|move|p2a: psyche|Switcheroo|p1a: Ash Blossom
|-activate|p2a: psyche|move: Trick|[of] p1a: Ash Blossom
|-item|p1a: Ash Blossom|Choice Scarf|[from] move: Switcheroo
|-item|p2a: psyche|Leftovers|[from] move: Switcheroo
|move|p1a: Ash Blossom|Will-O-Wisp|p2a: psyche
|-status|p2a: psyche|brn
|
|-damage|p2a: psyche|94/100 brn|[from] brn
|upkeep
|turn|10
|
|t:|1685832033
|move|p2a: psyche|U-turn|p1a: Ash Blossom
|-resisted|p1a: Ash Blossom
|-damage|p1a: Ash Blossom|99/100
|
|t:|1685832043
|switch|p2a: Neo|Farigiraf, M|100/100|[from] U-turn
|move|p1a: Ash Blossom|Will-O-Wisp|p2a: Neo|[miss]
|-miss|p1a: Ash Blossom|p2a: Neo
|
|upkeep
|turn|11
|
|t:|1685832071
|switch|p1a: Evenly|Arboliva, F|100/100
|move|p2a: Neo|Substitute|p2a: Neo
|-start|p2a: Neo|Substitute
|-damage|p2a: Neo|76/100
|
|upkeep
|turn|12
|
|t:|1685832088
|move|p2a: Neo|Wish|p2a: Neo
|move|p1a: Evenly|Substitute|p1a: Evenly
|-start|p1a: Evenly|Substitute
|-damage|p1a: Evenly|75/100
|
|upkeep
|turn|13
|
|t:|1685832097
|move|p2a: Neo|Twin Beam|p1a: Evenly
|-activate|p1a: Evenly|move: Substitute|[damage]
|-end|p1a: Evenly|Substitute
|-hitcount|p1a: Evenly|2
|move|p1a: Evenly|Dazzling Gleam|p2a: Neo
|-end|p2a: Neo|Substitute
|
|-heal|p2a: Neo|100/100|[from] move: Wish|[wisher] Neo
|upkeep
|turn|14
|
|t:|1685832169
|move|p2a: Neo|Twin Beam|p1a: Evenly
|-damage|p1a: Evenly|62/100
|-fieldstart|move: Grassy Terrain|[from] ability: Seed Sower|[of] p1a: Evenly
|-damage|p1a: Evenly|46/100
|-hitcount|p1a: Evenly|2
|-enditem|p1a: Evenly|Red Card|[of] p2a: Neo
|drag|p2a: what?|Electrode, shiny|100/100
|move|p1a: Evenly|Dazzling Gleam|p2a: what?
|-damage|p2a: what?|83/100
|
|-heal|p2a: what?|89/100|[from] Grassy Terrain
|-heal|p1a: Evenly|52/100|[from] Grassy Terrain
|upkeep
|turn|15
|
|t:|1685832213
|switch|p1a: Gamma|Iron Hands|47/100
|move|p2a: what?|Volt Switch|p1a: Gamma
|-resisted|p1a: Gamma
|-damage|p1a: Gamma|39/100
|
|t:|1685832242
|switch|p2a: Neo|Farigiraf, M|100/100|[from] Volt Switch
|
|-heal|p1a: Gamma|45/100|[from] Grassy Terrain
|upkeep
|turn|16
|
|t:|1685832271
|-terastallize|p2a: Neo|Ghost
|move|p1a: Gamma|Fake Out|p2a: Neo
|-immune|p2a: Neo
|move|p2a: Neo|Twin Beam|p1a: Gamma
|-supereffective|p1a: Gamma
|-damage|p1a: Gamma|22/100
|-supereffective|p1a: Gamma
|-damage|p1a: Gamma|0 fnt
|faint|p1a: Gamma
|-end|p1a: Gamma|Quark Drive|[silent]
|-hitcount|p1: Gamma|2
|
|upkeep
|
|t:|1685832355
|switch|p1a: Imperm|Veluza, M|100/100
|turn|17
|
|t:|1685832367
|-terastallize|p1a: Imperm|Water
|move|p1a: Imperm|Night Slash|p2a: Neo
|-supereffective|p2a: Neo
|-damage|p2a: Neo|25/100
|-enditem|p2a: Neo|Sitrus Berry|[eat]
|-heal|p2a: Neo|50/100|[from] item: Sitrus Berry
|move|p2a: Neo|Tera Blast|p1a: Imperm
|-damage|p1a: Imperm|48/100
|
|-heal|p1a: Imperm|54/100|[from] Grassy Terrain
|-heal|p2a: Neo|56/100|[from] Grassy Terrain
|upkeep
|turn|18
|
|t:|1685832394
|move|p1a: Imperm|Aqua Cutter|p2a: Neo
|-damage|p2a: Neo|0 fnt
|faint|p2a: Neo
|
|-heal|p1a: Imperm|60/100|[from] Grassy Terrain
|-fieldend|move: Grassy Terrain
|upkeep
|
|t:|1685832405
|switch|p2a: I am uncomfortable|Hydreigon, M, shiny|100/100
|turn|19
|
|t:|1685832413
|move|p1a: Imperm|Aqua Jet|p2a: I am uncomfortable
|-resisted|p2a: I am uncomfortable
|-damage|p2a: I am uncomfortable|86/100
|move|p2a: I am uncomfortable|Focus Energy|p2a: I am uncomfortable
|-start|p2a: I am uncomfortable|move: Focus Energy
|
|upkeep
|turn|20
|
|t:|1685832425
|move|p1a: Imperm|Aqua Jet|p2a: I am uncomfortable
|-resisted|p2a: I am uncomfortable
|-damage|p2a: I am uncomfortable|71/100
|move|p2a: I am uncomfortable|Draco Meteor|p1a: Imperm
|-crit|p1a: Imperm
|-damage|p1a: Imperm|0 fnt
|-unboost|p2a: I am uncomfortable|spa|2
|faint|p1a: Imperm
|
|upkeep
|
|t:|1685832504
|switch|p1a: Evenly|Arboliva, F|52/100
|turn|21
|
|t:|1685832517
|move|p2a: I am uncomfortable|Draco Meteor|p1a: Evenly
|-crit|p1a: Evenly
|-damage|p1a: Evenly|0 fnt
|-unboost|p2a: I am uncomfortable|spa|2
|-fieldstart|move: Grassy Terrain|[from] ability: Seed Sower|[of] p1a: Evenly
|faint|p1a: Evenly
|
|upkeep
|
|t:|1685832530
|switch|p1a: Ash Blossom|Skeledirge, M|99/100
|turn|22
|
|t:|1685832558
|switch|p2a: what?|Electrode, shiny|89/100
|move|p1a: Ash Blossom|Torch Song|p2a: what?
|-immune|p2a: what?|[from] ability: Soundproof
|
|-heal|p2a: what?|96/100|[from] Grassy Terrain
|-heal|p1a: Ash Blossom|100/100|[from] Grassy Terrain
|upkeep
|turn|23
|
|t:|1685832577
|move|p2a: what?|Thunder|p1a: Ash Blossom
|-damage|p1a: Ash Blossom|59/100
|move|p1a: Ash Blossom|Torch Song|p2a: what?
|-immune|p2a: what?|[from] ability: Soundproof
|
|-heal|p2a: what?|100/100|[from] Grassy Terrain
|-heal|p1a: Ash Blossom|66/100|[from] Grassy Terrain
|upkeep
|turn|24
|
|t:|1685832603
|switch|p1a: Nibiru|Glimmora, M|100/100
|move|p2a: what?|Thunder|p1a: Nibiru
|-damage|p1a: Nibiru|51/100
|
|-heal|p1a: Nibiru|57/100|[from] Grassy Terrain
|upkeep
|turn|25
|
|t:|1685832617
|move|p1a: Nibiru|Sludge Wave|p2a: what?
|-damage|p2a: what?|59/100
|move|p2a: what?|Mirror Coat|p1a: Nibiru
|-damage|p1a: Nibiru|0 fnt
|faint|p1a: Nibiru
|
|-heal|p2a: what?|65/100|[from] Grassy Terrain
|-fieldend|move: Grassy Terrain
|upkeep
|
|t:|1685832625
|switch|p1a: Ash Blossom|Skeledirge, M|66/100
|turn|26
|
|t:|1685832629
|move|p2a: what?|Thunder|p1a: Ash Blossom
|-damage|p1a: Ash Blossom|28/100
|move|p1a: Ash Blossom|Shadow Ball|p2a: what?
|-damage|p2a: what?|45/100
|
|upkeep
|turn|27
|
|t:|1685832636
|move|p2a: what?|Thunder|p1a: Ash Blossom
|-damage|p1a: Ash Blossom|0 fnt
|faint|p1a: Ash Blossom
|
|win|Rivenhelper
