|j|☆c9ffin
|j|☆Fragroidh
|t:|1685920250
|gametype|singles
|player|p1|c9ffin|266|1204
|player|p2|Fragroidh|102|1201
|teamsize|p1|6
|teamsize|p2|6
|gen|9
|tier|[Gen 9] OU
|rated|
|rule|Sleep Clause Mod: Limit one foe put to sleep
|rule|Species Clause: Limit one of each Pokémon
|rule|OHKO Clause: OHKO moves are banned
|rule|Evasion Items Clause: Evasion items are banned
|rule|Evasion Moves Clause: Evasion moves are banned
|rule|Endless Battle Clause: Forcing endless battles is banned
|rule|HP Percentage Mod: HP is shown in percentages
|clearpoke
|poke|p1|Zamazenta-*|
|poke|p1|Enamorus-Therian, F|
|poke|p1|Rotom-Wash|
|poke|p1|Magearna|
|poke|p1|Dragapult, F|
|poke|p1|Urshifu-*, M|
|poke|p2|Glimmora, M|
|poke|p2|Dragapult, F|
|poke|p2|Salazzle, F|
|poke|p2|Urshifu-*, M|
|poke|p2|Breloom, F|
|poke|p2|Zapdos|
|teampreview
|inactive|Battle timer is ON: inactive players will automatically lose when time's up. (requested by c9ffin)
|
|t:|1685920261
|start
|switch|p1a: Hermes|Dragapult, F|100/100
|switch|p2a: Glimmora|Glimmora, M|100/100
|turn|1
|
|t:|1685920264
|move|p1a: Hermes|Reflect|p1a: Hermes
|-sidestart|p1: c9ffin|Reflect
|move|p2a: Glimmora|Stealth Rock|p1a: Hermes
|-sidestart|p1: c9ffin|move: Stealth Rock
|
|upkeep
|turn|2
|
|t:|1685920275
|move|p1a: Hermes|Light Screen|p1a: Hermes
|-sidestart|p1: c9ffin|move: Light Screen
|move|p2a: Glimmora|Spikes|p1a: Hermes
|-sidestart|p1: c9ffin|Spikes
|
|upkeep
|turn|3
|
|t:|1685920283
|switch|p1a: Poseidon|Urshifu-Rapid-Strike, M|100/100
|-damage|p1a: Poseidon|94/100|[from] Stealth Rock
|-damage|p1a: Poseidon|82/100|[from] Spikes
|move|p2a: Glimmora|Mortal Spin|p1a: Poseidon
|-damage|p1a: Poseidon|79/100
|-status|p1a: Poseidon|psn
|
|-damage|p1a: Poseidon|66/100 psn|[from] psn
|upkeep
|turn|4
|
|t:|1685920295
|switch|p2a: Zapdos|Zapdos|100/100
|move|p1a: Poseidon|Surging Strikes|p2a: Zapdos
|-crit|p2a: Zapdos
|-damage|p2a: Zapdos|77/100
|-crit|p2a: Zapdos
|-damage|p2a: Zapdos|55/100
|-crit|p2a: Zapdos
|-damage|p2a: Zapdos|33/100
|-hitcount|p2a: Zapdos|3
|
|-heal|p2a: Zapdos|39/100|[from] item: Leftovers
|-damage|p1a: Poseidon|54/100 psn|[from] psn
|upkeep
|turn|5
|
|t:|1685920305
|move|p1a: Poseidon|Surging Strikes|p2a: Zapdos
|-crit|p2a: Zapdos
|-damage|p2a: Zapdos|16/100
|-crit|p2a: Zapdos
|-damage|p2a: Zapdos|0 fnt
|faint|p2a: Zapdos
|-hitcount|p2: Zapdos|2
|
|-damage|p1a: Poseidon|42/100 psn|[from] psn
|upkeep
|
|t:|1685920309
|switch|p2a: Dragapult|Dragapult, F|100/100
|turn|6
|
|t:|1685920318
|move|p2a: Dragapult|Hex|p1a: Poseidon
|-damage|p1a: Poseidon|0 fnt
|faint|p1a: Poseidon
|
|upkeep
|
|t:|1685920325
|switch|p1a: Athena|Magearna|100/100
|-damage|p1a: Athena|95/100|[from] Stealth Rock
|-damage|p1a: Athena|82/100|[from] Spikes
|turn|7
|
|t:|1685920332
|move|p2a: Dragapult|U-turn|p1a: Athena
|-resisted|p1a: Athena
|-damage|p1a: Athena|79/100
|
|t:|1685920334
|switch|p2a: Breloom|Breloom, F|100/100|[from] U-turn
|move|p1a: Athena|Shift Gear|p1a: Athena
|-boost|p1a: Athena|spe|2
|-boost|p1a: Athena|atk|1
|
|-heal|p1a: Athena|85/100|[from] item: Leftovers
|upkeep
|turn|8
|
|t:|1685920353
|move|p1a: Athena|Stored Power|p2a: Breloom
|-supereffective|p2a: Breloom
|-enditem|p2a: Breloom|Focus Sash
|-damage|p2a: Breloom|1/100
|move|p2a: Breloom|Spore|p1a: Athena
|-status|p1a: Athena|slp|[from] move: Spore
|
|-heal|p1a: Athena|91/100 slp|[from] item: Leftovers
|-sideend|p1: c9ffin|Reflect
|upkeep
|turn|9
|
|t:|1685920374
|switch|p2a: Salazzle|Salazzle, F|100/100
|cant|p1a: Athena|slp
|
|-heal|p1a: Athena|97/100 slp|[from] item: Leftovers
|-sideend|p1: c9ffin|move: Light Screen
|upkeep
|turn|10
|
|t:|1685920382
|-terastallize|p1a: Athena|Flying
|-curestatus|p1a: Athena|slp|[msg]
|move|p1a: Athena|Stored Power|p2a: Salazzle
|-supereffective|p2a: Salazzle
|-damage|p2a: Salazzle|0 fnt
|faint|p2a: Salazzle
|-ability|p1a: Athena|Soul-Heart|boost
|-boost|p1a: Athena|spa|1
|
|-heal|p1a: Athena|100/100|[from] item: Leftovers
|upkeep
|
|t:|1685920394
|switch|p2a: Glimmora|Glimmora, M|100/100
|turn|11
|
|t:|1685920400
|move|p1a: Athena|Stored Power|p2a: Glimmora
|-supereffective|p2a: Glimmora
|-enditem|p2a: Glimmora|Focus Sash
|-damage|p2a: Glimmora|1/100
|move|p2a: Glimmora|Mortal Spin|p1a: Athena
|-damage|p1a: Athena|95/100
|-status|p1a: Athena|psn
|
|-heal|p1a: Athena|100/100 psn|[from] item: Leftovers
|-damage|p1a: Athena|88/100 psn|[from] psn
|upkeep
|turn|12
|
|t:|1685920404
|move|p1a: Athena|Stored Power|p2a: Glimmora
|-supereffective|p2a: Glimmora
|-damage|p2a: Glimmora|0 fnt
|faint|p2a: Glimmora
|-ability|p1a: Athena|Soul-Heart|boost
|-boost|p1a: Athena|spa|1
|
|-heal|p1a: Athena|94/100 psn|[from] item: Leftovers
|-damage|p1a: Athena|82/100 psn|[from] psn
|upkeep
|
|t:|1685920409
|switch|p2a: Breloom|Breloom, F|1/100
|turn|13
|
|t:|1685920413
|move|p2a: Breloom|Mach Punch|p1a: Athena
|-resisted|p1a: Athena
|-damage|p1a: Athena|68/100 psn
|move|p1a: Athena|Draining Kiss|p2a: Breloom
|-supereffective|p2a: Breloom
|-damage|p2a: Breloom|0 fnt
|-heal|p1a: Athena|68/100 psn|[from] drain|[of] p2a: Breloom
|faint|p2a: Breloom
|-ability|p1a: Athena|Soul-Heart|boost
|-boost|p1a: Athena|spa|1
|
|-heal|p1a: Athena|74/100 psn|[from] item: Leftovers
|-damage|p1a: Athena|62/100 psn|[from] psn
|upkeep
|
|t:|1685920424
|switch|p2a: Urshifu|Urshifu-Rapid-Strike, M|100/100
|turn|14
|
|t:|1685920433
|move|p2a: Urshifu|Surging Strikes|p1a: Athena
|-crit|p1a: Athena
|-damage|p1a: Athena|44/100 psn
|-crit|p1a: Athena
|-damage|p1a: Athena|26/100 psn
|-crit|p1a: Athena
|-damage|p1a: Athena|7/100 psn
|-hitcount|p1a: Athena|3
|move|p1a: Athena|Stored Power|p2a: Urshifu
|-supereffective|p2a: Urshifu
|-damage|p2a: Urshifu|0 fnt
|faint|p2a: Urshifu
|-ability|p1a: Athena|Soul-Heart|boost
|-boost|p1a: Athena|spa|1
|
|-heal|p1a: Athena|13/100 psn|[from] item: Leftovers
|-damage|p1a: Athena|1/100 psn|[from] psn
|upkeep
|
|t:|1685920444
|switch|p2a: Dragapult|Dragapult, F|100/100
|turn|15
|
|t:|1685920449
|-terastallize|p2a: Dragapult|Fairy
|move|p1a: Athena|Draining Kiss|p2a: Dragapult
|-damage|p2a: Dragapult|0 fnt
|-heal|p1a: Athena|75/100 psn|[from] drain|[of] p2a: Dragapult
|faint|p2a: Dragapult
|
|win|c9ffin
|raw|c9ffin's rating: 1204 → 1229(+25 for winning)
|raw|Fragroidh's rating: 1201 → 1176(-25 for losing)
|l|☆Fragroidh
