|j|☆albinocat2637
|j|☆Bendomexo2
|t:|1685926780
|gametype|singles
|player|p1|albinocat2637|lance|1473
|player|p2|Bendomexo2|ltsurge|1510
|teamsize|p1|6
|teamsize|p2|6
|gen|9
|tier|[Gen 9] OU
|rated|
|rule|Sleep Clause Mod: Limit one foe put to sleep
|rule|Species Clause: Limit one of each Pokémon
|rule|OHKO Clause: OHKO moves are banned
|rule|Evasion Items Clause: Evasion items are banned
|rule|Evasion Moves Clause: Evasion moves are banned
|rule|Endless Battle Clause: Forcing endless battles is banned
|rule|HP Percentage Mod: HP is shown in percentages
|clearpoke
|poke|p1|Samurott-Hisui, M|
|poke|p1|Dragapult, M|
|poke|p1|Sneasler, M|
|poke|p1|Magearna|
|poke|p1|Volcarona, F|
|poke|p1|Zamazenta-*|
|poke|p2|Gholdengo|
|poke|p2|Zapdos|
|poke|p2|Great Tusk|
|poke|p2|Hatterene, F|
|poke|p2|Arcanine-Hisui, M|
|poke|p2|Iron Jugulis|
|teampreview
|j| seedonpokemon
|l| seedonpokemon
|c|☆albinocat2637|who is seedonpokemon
|inactive|Battle timer is ON: inactive players will automatically lose when time's up. (requested by Bendomexo2)
|c|☆Bendomexo2|I have no clue
|c|☆albinocat2637|they keep doing thaty
|c|☆albinocat2637|in my games
|
|t:|1685926826
|start
|switch|p1a: Samurott|Samurott-Hisui, M|100/100
|switch|p2a: Zapdos|Zapdos|100/100
|turn|1
|c|☆Bendomexo2|You got a stalker g
|c|☆albinocat2637|glhf
|
|t:|1685926839
|move|p1a: Samurott|Ceaseless Edge|p2a: Zapdos
|-damage|p2a: Zapdos|64/100
|-sidestart|p2: Bendomexo2|Spikes
|move|p2a: Zapdos|Volt Switch|p1a: Samurott
|-supereffective|p1a: Samurott
|-damage|p1a: Samurott|5/100
|c|☆Bendomexo2|Glhf
|
|t:|1685926858
|switch|p2a: Great Tusk|Great Tusk|100/100|[from] Volt Switch
|-damage|p2a: Great Tusk|88/100|[from] Spikes
|
|upkeep
|turn|2
|
|t:|1685926868
|move|p1a: Samurott|Razor Shell|p2a: Great Tusk
|-supereffective|p2a: Great Tusk
|-damage|p2a: Great Tusk|36/100
|-damage|p1a: Samurott|0 fnt|[from] item: Rocky Helmet|[of] p2a: Great Tusk
|faint|p1a: Samurott
|move|p2a: Great Tusk|Rapid Spin|p1: Samurott|[notarget]
|-fail|p2a: Great Tusk
|
|upkeep
|
|t:|1685926890
|switch|p1a: Magearna|Magearna|100/100
|turn|3
|
|t:|1685926894
|-end|p2a: Great Tusk|Protosynthesis|[silent]
|switch|p2a: Gholdengo|Gholdengo|100/100
|-damage|p2a: Gholdengo|88/100|[from] Spikes
|move|p1a: Magearna|Iron Defense|p1a: Magearna
|-boost|p1a: Magearna|def|2
|
|-heal|p2a: Gholdengo|94/100|[from] item: Leftovers
|upkeep
|turn|4
|
|t:|1685926899
|move|p1a: Magearna|Calm Mind|p1a: Magearna
|-boost|p1a: Magearna|spa|1
|-boost|p1a: Magearna|spd|1
|move|p2a: Gholdengo|Thunder Wave|p1a: Magearna
|-status|p1a: Magearna|par
|
|-heal|p2a: Gholdengo|99/100|[from] item: Leftovers
|upkeep
|turn|5
|
|t:|1685926905
|move|p2a: Gholdengo|Hex|p1a: Magearna
|-damage|p1a: Magearna|67/100 par
|move|p1a: Magearna|Calm Mind|p1a: Magearna
|-boost|p1a: Magearna|spa|1
|-boost|p1a: Magearna|spd|1
|
|-heal|p2a: Gholdengo|100/100|[from] item: Leftovers
|-heal|p1a: Magearna|73/100 par|[from] item: Leftovers
|upkeep
|turn|6
|
|t:|1685926915
|move|p2a: Gholdengo|Hex|p1a: Magearna
|-damage|p1a: Magearna|49/100 par
|move|p1a: Magearna|Calm Mind|p1a: Magearna
|-boost|p1a: Magearna|spa|1
|-boost|p1a: Magearna|spd|1
|
|-heal|p1a: Magearna|55/100 par|[from] item: Leftovers
|upkeep
|turn|7
|
|t:|1685926921
|switch|p2a: Arcanine|Arcanine-Hisui, M|100/100
|-damage|p2a: Arcanine|88/100|[from] Spikes
|move|p1a: Magearna|Calm Mind|p1a: Magearna
|-boost|p1a: Magearna|spa|1
|-boost|p1a: Magearna|spd|1
|
|-heal|p1a: Magearna|61/100 par|[from] item: Leftovers
|upkeep
|turn|8
|
|t:|1685926930
|-terastallize|p1a: Magearna|Water
|move|p2a: Arcanine|Head Smash|p1a: Magearna
|-damage|p1a: Magearna|20/100 par
|cant|p1a: Magearna|par
|
|-heal|p1a: Magearna|26/100 par|[from] item: Leftovers
|upkeep
|turn|9
|
|t:|1685926940
|switch|p1a: Zamazenta|Zamazenta-Crowned|100/100
|-ability|p1a: Zamazenta|Dauntless Shield|boost
|-boost|p1a: Zamazenta|def|1
|move|p2a: Arcanine|Head Smash|p1a: Zamazenta
|-resisted|p1a: Zamazenta
|-damage|p1a: Zamazenta|87/100
|
|upkeep
|turn|10
|
|t:|1685926953
|switch|p2a: Zapdos|Zapdos|64/100
|move|p1a: Zamazenta|Iron Defense|p1a: Zamazenta
|-boost|p1a: Zamazenta|def|2
|
|upkeep
|turn|11
|
|t:|1685926959
|move|p1a: Zamazenta|Body Press|p2a: Zapdos
|-resisted|p2a: Zapdos
|-damage|p2a: Zapdos|27/100
|move|p2a: Zapdos|Discharge|p1a: Zamazenta
|-damage|p1a: Zamazenta|60/100
|
|upkeep
|turn|12
|
|t:|1685926969
|switch|p2a: Gholdengo|Gholdengo|100/100
|-damage|p2a: Gholdengo|88/100|[from] Spikes
|move|p1a: Zamazenta|Body Press|p2a: Gholdengo
|-immune|p2a: Gholdengo
|
|-heal|p2a: Gholdengo|94/100|[from] item: Leftovers
|upkeep
|turn|13
|
|t:|1685926976
|switch|p1a: Magearna|Magearna, tera:Water|26/100 par
|move|p2a: Gholdengo|Thunder Wave|p1a: Magearna
|-fail|p1a: Magearna|par
|
|-heal|p2a: Gholdengo|99/100|[from] item: Leftovers
|-heal|p1a: Magearna|32/100 par|[from] item: Leftovers
|upkeep
|turn|14
|
|t:|1685926982
|switch|p1a: Volcarona|Volcarona, F|100/100
|move|p2a: Gholdengo|Hex|p1a: Volcarona
|-damage|p1a: Volcarona|71/100
|
|-heal|p2a: Gholdengo|100/100|[from] item: Leftovers
|upkeep
|turn|15
|
|t:|1685926990
|move|p1a: Volcarona|Fiery Dance|p2a: Gholdengo
|-supereffective|p2a: Gholdengo
|-damage|p2a: Gholdengo|20/100
|move|p2a: Gholdengo|Thunder Wave|p1a: Volcarona
|-status|p1a: Volcarona|par
|
|-heal|p2a: Gholdengo|26/100|[from] item: Leftovers
|upkeep
|turn|16
|
|t:|1685926997
|move|p2a: Gholdengo|Hex|p1a: Volcarona
|-damage|p1a: Volcarona|10/100 par
|cant|p1a: Volcarona|par
|
|-heal|p2a: Gholdengo|32/100|[from] item: Leftovers
|upkeep
|turn|17
|-message|albinocat2637 forfeited.
|
|win|Bendomexo2
|raw|albinocat2637's rating: 1473 → 1455(-18 for losing)
|raw|Bendomexo2's rating: 1510 → 1528(+18 for winning)
|l|☆albinocat2637
