|j|☆IncandescentCandle
|j|☆Sammmmmmmmmmmmm
|t:|1685907668
|gametype|singles
|player|p1|IncandescentCandle|iono|
|player|p2|Sammmmmmmmmmmmm|bede-masters|
|teamsize|p1|6
|teamsize|p2|6
|gen|9
|tier|[Gen 9] OU
|rule|Sleep Clause Mod: Limit one foe put to sleep
|rule|Species Clause: Limit one of each Pokémon
|rule|OHKO Clause: OHKO moves are banned
|rule|Evasion Items Clause: Evasion items are banned
|rule|Evasion Moves Clause: Evasion moves are banned
|rule|Endless Battle Clause: Forcing endless battles is banned
|rule|HP Percentage Mod: HP is shown in percentages
|clearpoke
|poke|p1|Dragapult, M|
|poke|p1|Zamazenta-*|
|poke|p1|Volcarona, F|
|poke|p1|Moltres-Galar|
|poke|p1|Garchomp, M|
|poke|p1|Sneasler, F|
|poke|p2|Hatterene, F|
|poke|p2|Armarouge, F|
|poke|p2|Gallade, M|
|poke|p2|Indeedee, M|
|poke|p2|Hoopa-Unbound|
|poke|p2|Slowking-Galar, F|
|teampreview
|c|☆IncandescentCandle|:eye:
|c|☆IncandescentCandle|glhf
|
|t:|1685907680
|start
|switch|p1a: dragon pult!|Dragapult, M|100/100
|switch|p2a: Royal Retainer|Indeedee, M|100/100
|-fieldstart|move: Psychic Terrain|[from] ability: Psychic Surge|[of] p2a: Royal Retainer
|turn|1
|inactive|Battle timer is ON: inactive players will automatically lose when time's up. (requested by Sammmmmmmmmmmmm)
|
|t:|1685907687
|switch|p2a: Confesser Jiji|Slowking-Galar, F|100/100
|move|p1a: dragon pult!|Light Screen|p1a: dragon pult!
|-sidestart|p1: IncandescentCandle|move: Light Screen
|
|upkeep
|turn|2
|
|t:|1685907691
|move|p1a: dragon pult!|Reflect|p1a: dragon pult!
|-sidestart|p1: IncandescentCandle|Reflect
|move|p2a: Confesser Jiji|Future Sight|p1a: dragon pult!
|-start|p2a: Confesser Jiji|move: Future Sight
|
|upkeep
|turn|3
|
|t:|1685907693
|move|p1a: dragon pult!|Curse|p2a: Confesser Jiji
|-start|p2a: Confesser Jiji|Curse|[of] p1a: dragon pult!
|-damage|p1a: dragon pult!|50/100
|move|p2a: Confesser Jiji|Sludge Bomb|p1a: dragon pult!
|-resisted|p1a: dragon pult!
|-damage|p1a: dragon pult!|40/100
|
|-damage|p2a: Confesser Jiji|76/100|[from] Curse
|upkeep
|turn|4
|
|t:|1685907702
|switch|p2a: Soul Master|Hoopa-Unbound|100/100
|move|p1a: dragon pult!|Shadow Ball|p2a: Soul Master
|-damage|p2a: Soul Master|75/100
|
|-end|p1a: dragon pult!|move: Future Sight
|-damage|p1a: dragon pult!|8/100
|upkeep
|turn|5
|
|t:|1685907712
|move|p2a: Soul Master|Thunderbolt|p1a: dragon pult!
|-resisted|p1a: dragon pult!
|-damage|p1a: dragon pult!|0 fnt
|faint|p1a: dragon pult!
|
|upkeep
|
|t:|1685907723
|switch|p1a: Garchomp|Garchomp, M|100/100
|turn|6
|
|t:|1685907726
|switch|p2a: Godseeker|Hatterene, F, shiny|100/100
|move|p1a: Garchomp|Earthquake|p2a: Godseeker
|-damage|p2a: Godseeker|45/100
|-damage|p1a: Garchomp|91/100|[from] item: Life Orb
|
|-heal|p2a: Godseeker|51/100|[from] item: Leftovers
|upkeep
|turn|7
|inactive|Sammmmmmmmmmmmm has 270 seconds left.
|
|t:|1685907761
|switch|p2a: Kingsmould|Gallade, M, shiny|100/100
|move|p1a: Garchomp|Earthquake|p2a: Kingsmould
|-damage|p2a: Kingsmould|0 fnt
|faint|p2a: Kingsmould
|-damage|p1a: Garchomp|81/100|[from] item: Life Orb
|
|upkeep
|inactive|Sammmmmmmmmmmmm has 270 seconds left.
|
|t:|1685907775
|switch|p2a: Grimm|Armarouge, F|100/100
|turn|8
|
|t:|1685907777
|move|p2a: Grimm|Endure|p2a: Grimm
|-singleturn|p2a: Grimm|move: Endure
|move|p1a: Garchomp|Stealth Rock|p2a: Grimm
|-sidestart|p2: Sammmmmmmmmmmmm|move: Stealth Rock
|
|-sideend|p1: IncandescentCandle|move: Light Screen
|-fieldend|move: Psychic Terrain
|upkeep
|turn|9
|
|t:|1685907785
|move|p1a: Garchomp|Earthquake|p2a: Grimm
|-supereffective|p2a: Grimm
|-damage|p2a: Grimm|0 fnt
|faint|p2a: Grimm
|-damage|p1a: Garchomp|71/100|[from] item: Life Orb
|
|-sideend|p1: IncandescentCandle|Reflect
|upkeep
|
|t:|1685907787
|switch|p2a: Soul Master|Hoopa-Unbound|75/100
|-damage|p2a: Soul Master|62/100|[from] Stealth Rock
|turn|10
|
|t:|1685907790
|move|p2a: Soul Master|Dark Pulse|p1a: Garchomp
|-damage|p1a: Garchomp|16/100
|move|p1a: Garchomp|Earthquake|p2a: Soul Master
|-damage|p2a: Soul Master|0 fnt
|faint|p2a: Soul Master
|-damage|p1a: Garchomp|6/100|[from] item: Life Orb
|
|upkeep
|
|t:|1685907796
|switch|p2a: Royal Retainer|Indeedee, M|100/100
|-damage|p2a: Royal Retainer|88/100|[from] Stealth Rock
|-fieldstart|move: Psychic Terrain|[from] ability: Psychic Surge|[of] p2a: Royal Retainer
|turn|11
|
|t:|1685907799
|move|p1a: Garchomp|Earthquake|p2a: Royal Retainer
|-damage|p2a: Royal Retainer|0 fnt
|faint|p2a: Royal Retainer
|-damage|p1a: Garchomp|0 fnt|[from] item: Life Orb
|faint|p1a: Garchomp
|
|upkeep
|
|t:|1685907808
|switch|p1a: Devil's Bargain|Sneasler, F|100/100
|switch|p2a: Godseeker|Hatterene, F, shiny|51/100
|-damage|p2a: Godseeker|39/100|[from] Stealth Rock
|turn|12
|
|t:|1685907814
|-terastallize|p2a: Godseeker|Fairy
|move|p1a: Devil's Bargain|Endure|p1a: Devil's Bargain
|-singleturn|p1a: Devil's Bargain|move: Endure
|move|p2a: Godseeker|Draining Kiss|p1a: Devil's Bargain
|-damage|p1a: Devil's Bargain|50/100
|-heal|p2a: Godseeker|75/100|[from] drain|[of] p1a: Devil's Bargain
|
|-heal|p2a: Godseeker|81/100|[from] item: Leftovers
|upkeep
|turn|13
|
|t:|1685907826
|switch|p1a: Blindsided|Volcarona, F|100/100
|move|p2a: Godseeker|Psyshock|p1a: Blindsided
|-damage|p1a: Blindsided|21/100
|
|-heal|p2a: Godseeker|87/100|[from] item: Leftovers
|upkeep
|turn|14
|
|t:|1685907830
|switch|p1a: Boundless Fury|Moltres-Galar|100/100
|move|p2a: Godseeker|Psyshock|p1a: Boundless Fury
|-immune|p1a: Boundless Fury
|
|-heal|p2a: Godseeker|93/100|[from] item: Leftovers
|upkeep
|turn|15
|
|t:|1685907834
|switch|p1a: Blindsided|Volcarona, F|21/100
|move|p2a: Godseeker|Calm Mind|p2a: Godseeker
|-boost|p2a: Godseeker|spa|1
|-boost|p2a: Godseeker|spd|1
|
|-heal|p2a: Godseeker|99/100|[from] item: Leftovers
|upkeep
|turn|16
|c|☆IncandescentCandle|uh oh
|c|☆IncandescentCandle|i think im goobing this
|
|t:|1685907844
|move|p1a: Blindsided|Flamethrower|p2a: Godseeker
|-damage|p2a: Godseeker|63/100
|move|p2a: Godseeker|Draining Kiss|p1a: Blindsided
|-resisted|p1a: Blindsided
|-damage|p1a: Blindsided|0 fnt
|-heal|p2a: Godseeker|78/100|[from] drain|[of] p1a: Blindsided
|-status|p2a: Godseeker|brn|[from] ability: Flame Body|[of] p1a: Blindsided
|faint|p1a: Blindsided
|
|-heal|p2a: Godseeker|84/100 brn|[from] item: Leftovers
|-damage|p2a: Godseeker|78/100 brn|[from] brn
|upkeep
|
|t:|1685907847
|switch|p1a: Devil's Bargain|Sneasler, F|50/100
|turn|17
|
|t:|1685907850
|move|p1a: Devil's Bargain|Endure|p1a: Devil's Bargain
|-singleturn|p1a: Devil's Bargain|move: Endure
|move|p2a: Godseeker|Draining Kiss|p1a: Devil's Bargain
|-activate|p1a: Devil's Bargain|move: Endure
|-damage|p1a: Devil's Bargain|1/100
|-heal|p2a: Godseeker|100/100 brn|[from] drain|[of] p1a: Devil's Bargain
|-enditem|p1a: Devil's Bargain|Liechi Berry|[eat]
|-boost|p1a: Devil's Bargain|atk|1|[from] item: Liechi Berry
|
|-damage|p2a: Godseeker|95/100 brn|[from] brn
|upkeep
|turn|18
|
|t:|1685907853
|move|p1a: Devil's Bargain|Dire Claw|p2a: Godseeker
|-supereffective|p2a: Godseeker
|-damage|p2a: Godseeker|0 fnt
|faint|p2a: Godseeker
|
|-fieldend|move: Psychic Terrain
|upkeep
|
|t:|1685907856
|switch|p2a: Confesser Jiji|Slowking-Galar, F|76/100
|-damage|p2a: Confesser Jiji|63/100|[from] Stealth Rock
|turn|19
|
|t:|1685907858
|move|p1a: Devil's Bargain|Night Slash|p2a: Confesser Jiji
|-supereffective|p2a: Confesser Jiji
|-damage|p2a: Confesser Jiji|0 fnt
|faint|p2a: Confesser Jiji
|
|win|IncandescentCandle
|c|☆IncandescentCandle|gg
|c|☆Sammmmmmmmmmmmm|gg
|l|☆Sammmmmmmmmmmmm
