|j|☆ERIYI
|j|☆No1MariaGoreySimp
|t:|1685850031
|gametype|singles
|player|p1|ERIYI|cynthia-masters3|1628
|player|p2|No1MariaGoreySimp|iono|1695
|teamsize|p1|6
|teamsize|p2|6
|gen|9
|tier|[Gen 9] OU
|rated|
|rule|Sleep Clause Mod: Limit one foe put to sleep
|rule|Species Clause: Limit one of each Pokémon
|rule|OHKO Clause: OHKO moves are banned
|rule|Evasion Items Clause: Evasion items are banned
|rule|Evasion Moves Clause: Evasion moves are banned
|rule|Endless Battle Clause: Forcing endless battles is banned
|rule|HP Percentage Mod: HP is shown in percentages
|clearpoke
|poke|p1|Grimmsnarl, M|
|poke|p1|Magearna|
|poke|p1|Moltres-Galar|
|poke|p1|Dragapult, F|
|poke|p1|Volcarona, F|
|poke|p1|Urshifu-*, F|
|poke|p2|Enamorus, F|
|poke|p2|Thundurus-Therian, M|
|poke|p2|Chien-Pao|
|poke|p2|Great Tusk|
|poke|p2|Volcanion|
|poke|p2|Zamazenta-*|
|teampreview
|inactive|Battle timer is ON: inactive players will automatically lose when time's up. (requested by No1MariaGoreySimp)
|inactive|ERIYI also wants the timer to be on.
|j| gigameowth
|
|t:|1685850041
|start
|switch|p1a: Grimmsnarl|Grimmsnarl, M|100/100
|switch|p2a: Chien-Pao|Chien-Pao|100/100
|-ability|p2a: Chien-Pao|Sword of Ruin
|turn|1
|
|t:|1685850046
|move|p1a: Grimmsnarl|Reflect|p1a: Grimmsnarl
|-sidestart|p1: ERIYI|Reflect
|move|p2a: Chien-Pao|Sacred Sword|p1a: Grimmsnarl
|-damage|p1a: Grimmsnarl|61/100
|
|upkeep
|turn|2
|
|t:|1685850051
|switch|p1a: Magearna|Magearna|100/100
|move|p2a: Chien-Pao|Sacred Sword|p1a: Magearna
|-damage|p1a: Magearna|83/100
|
|-heal|p1a: Magearna|89/100|[from] item: Leftovers
|upkeep
|turn|3
|
|t:|1685850061
|switch|p2a: Enamorus|Enamorus, F|100/100
|move|p1a: Magearna|Calm Mind|p1a: Magearna
|-boost|p1a: Magearna|spa|1
|-boost|p1a: Magearna|spd|1
|
|-heal|p1a: Magearna|95/100|[from] item: Leftovers
|upkeep
|turn|4
|
|t:|1685850070
|move|p2a: Enamorus|Mystical Fire|p1a: Magearna
|-supereffective|p1a: Magearna
|-damage|p1a: Magearna|63/100
|-unboost|p1a: Magearna|spa|1
|move|p1a: Magearna|Draining Kiss|p2a: Enamorus
|-crit|p2a: Enamorus
|-damage|p2a: Enamorus|56/100
|-heal|p1a: Magearna|90/100|[from] drain|[of] p2a: Enamorus
|
|-heal|p1a: Magearna|96/100|[from] item: Leftovers
|upkeep
|turn|5
|
|t:|1685850076
|move|p2a: Enamorus|Mystical Fire|p1a: Magearna
|-supereffective|p1a: Magearna
|-damage|p1a: Magearna|65/100
|-unboost|p1a: Magearna|spa|1
|move|p1a: Magearna|Shift Gear|p1a: Magearna
|-boost|p1a: Magearna|spe|2
|-boost|p1a: Magearna|atk|1
|
|-heal|p1a: Magearna|71/100|[from] item: Leftovers
|upkeep
|turn|6
|
|t:|1685850079
|move|p2a: Enamorus|Mystical Fire|p1a: Magearna
|-supereffective|p1a: Magearna
|-damage|p1a: Magearna|41/100
|-unboost|p1a: Magearna|spa|1
|move|p1a: Magearna|Calm Mind|p1a: Magearna
|-boost|p1a: Magearna|spa|1
|-boost|p1a: Magearna|spd|1
|
|-heal|p1a: Magearna|47/100|[from] item: Leftovers
|upkeep
|turn|7
|
|t:|1685850085
|move|p2a: Enamorus|Mystical Fire|p1a: Magearna
|-supereffective|p1a: Magearna
|-crit|p1a: Magearna
|-damage|p1a: Magearna|0 fnt
|faint|p1a: Magearna
|
|upkeep
|
|t:|1685850089
|switch|p1a: Urshifu|Urshifu-Rapid-Strike, F|100/100
|turn|8
|
|t:|1685850098
|switch|p2a: Zamazenta|Zamazenta-Crowned|100/100
|-ability|p2a: Zamazenta|Dauntless Shield|boost
|-boost|p2a: Zamazenta|def|1
|move|p1a: Urshifu|Bulk Up|p1a: Urshifu
|-boost|p1a: Urshifu|atk|1
|-boost|p1a: Urshifu|def|1
|
|-sideend|p1: ERIYI|Reflect
|upkeep
|turn|9
|
|t:|1685850106
|move|p2a: Zamazenta|Body Press|p1a: Urshifu
|-damage|p1a: Urshifu|53/100
|move|p1a: Urshifu|Bulk Up|p1a: Urshifu
|-boost|p1a: Urshifu|atk|1
|-boost|p1a: Urshifu|def|1
|
|upkeep
|turn|10
|
|t:|1685850108
|move|p2a: Zamazenta|Body Press|p1a: Urshifu
|-damage|p1a: Urshifu|22/100
|move|p1a: Urshifu|Surging Strikes|p2a: Zamazenta
|-crit|p2a: Zamazenta
|-damage|p2a: Zamazenta|74/100
|-crit|p2a: Zamazenta
|-damage|p2a: Zamazenta|47/100
|-crit|p2a: Zamazenta
|-damage|p2a: Zamazenta|23/100
|-hitcount|p2a: Zamazenta|3
|
|upkeep
|turn|11
|
|t:|1685850113
|move|p2a: Zamazenta|Body Press|p1a: Urshifu
|-damage|p1a: Urshifu|0 fnt
|faint|p1a: Urshifu
|
|upkeep
|
|t:|1685850116
|switch|p1a: Grimmsnarl|Grimmsnarl, M|61/100
|turn|12
|
|t:|1685850125
|move|p1a: Grimmsnarl|Reflect|p1a: Grimmsnarl
|-sidestart|p1: ERIYI|Reflect
|move|p2a: Zamazenta|Behemoth Bash|p1a: Grimmsnarl
|-supereffective|p1a: Grimmsnarl
|-crit|p1a: Grimmsnarl
|-damage|p1a: Grimmsnarl|0 fnt
|faint|p1a: Grimmsnarl
|
|upkeep
|
|t:|1685850127
|switch|p1a: Dragapult|Dragapult, F|100/100
|turn|13
|
|t:|1685850132
|move|p2a: Zamazenta|Crunch|p1a: Dragapult
|-supereffective|p1a: Dragapult
|-damage|p1a: Dragapult|75/100
|move|p1a: Dragapult|Dragon Dance|p1a: Dragapult
|-boost|p1a: Dragapult|atk|1
|-boost|p1a: Dragapult|spe|1
|
|upkeep
|turn|14
|
|t:|1685850136
|move|p1a: Dragapult|Dragon Darts|p2a: Zamazenta
|-resisted|p2a: Zamazenta
|-damage|p2a: Zamazenta|14/100
|-anim|p1a: Dragapult|Dragon Darts|p2a: Zamazenta
|-resisted|p2a: Zamazenta
|-damage|p2a: Zamazenta|3/100
|move|p2a: Zamazenta|Iron Defense|p2a: Zamazenta
|-boost|p2a: Zamazenta|def|2
|
|upkeep
|turn|15
|
|t:|1685850150
|-terastallize|p2a: Zamazenta|Fairy
|move|p1a: Dragapult|Dragon Darts|p2a: Zamazenta
|-immune|p2a: Zamazenta
|move|p2a: Zamazenta|Crunch|p1a: Dragapult
|-supereffective|p1a: Dragapult
|-damage|p1a: Dragapult|46/100
|
|upkeep
|turn|16
|
|t:|1685850153
|move|p1a: Dragapult|Flamethrower|p2a: Zamazenta
|-damage|p2a: Zamazenta|0 fnt
|faint|p2a: Zamazenta
|
|upkeep
|
|t:|1685850170
|switch|p2a: Great Tusk|Great Tusk|100/100
|turn|17
|
|t:|1685850176
|move|p1a: Dragapult|Dragon Darts|p2a: Great Tusk
|-damage|p2a: Great Tusk|78/100
|-anim|p1a: Dragapult|Dragon Darts|p2a: Great Tusk
|-damage|p2a: Great Tusk|57/100
|move|p2a: Great Tusk|Ice Spinner|p1a: Dragapult
|-supereffective|p1a: Dragapult
|-damage|p1a: Dragapult|15/100
|
|-heal|p2a: Great Tusk|64/100|[from] item: Leftovers
|upkeep
|turn|18
|
|t:|1685850179
|move|p1a: Dragapult|Dragon Darts|p2a: Great Tusk
|-damage|p2a: Great Tusk|43/100
|-anim|p1a: Dragapult|Dragon Darts|p2a: Great Tusk
|-damage|p2a: Great Tusk|23/100
|move|p2a: Great Tusk|Ice Spinner|p1a: Dragapult
|-supereffective|p1a: Dragapult
|-damage|p1a: Dragapult|0 fnt
|faint|p1a: Dragapult
|
|-heal|p2a: Great Tusk|29/100|[from] item: Leftovers
|upkeep
|
|t:|1685850184
|switch|p1a: Volcarona|Volcarona, F|100/100
|turn|19
|
|t:|1685850189
|-end|p2a: Great Tusk|Protosynthesis|[silent]
|switch|p2a: Volcanion|Volcanion|100/100
|move|p1a: Volcarona|Quiver Dance|p1a: Volcarona
|-boost|p1a: Volcarona|spa|1
|-boost|p1a: Volcarona|spd|1
|-boost|p1a: Volcarona|spe|1
|
|-sideend|p1: ERIYI|Reflect
|upkeep
|turn|20
|
|t:|1685850202
|-terastallize|p1a: Volcarona|Grass
|move|p1a: Volcarona|Quiver Dance|p1a: Volcarona
|-boost|p1a: Volcarona|spa|1
|-boost|p1a: Volcarona|spd|1
|-boost|p1a: Volcarona|spe|1
|move|p2a: Volcanion|Steam Eruption|p1a: Volcarona
|-resisted|p1a: Volcarona
|-damage|p1a: Volcarona|87/100
|
|upkeep
|turn|21
|
|t:|1685850211
|move|p1a: Volcarona|Quiver Dance|p1a: Volcarona
|-boost|p1a: Volcarona|spa|1
|-boost|p1a: Volcarona|spd|1
|-boost|p1a: Volcarona|spe|1
|move|p2a: Volcanion|Flamethrower|p1a: Volcarona
|-supereffective|p1a: Volcarona
|-damage|p1a: Volcarona|47/100
|
|upkeep
|turn|22
|
|t:|1685850216
|move|p1a: Volcarona|Giga Drain|p2a: Volcanion
|-damage|p2a: Volcanion|14/100
|-heal|p1a: Volcarona|91/100|[from] drain|[of] p2a: Volcanion
|move|p2a: Volcanion|Flamethrower|p1a: Volcarona
|-supereffective|p1a: Volcarona
|-damage|p1a: Volcarona|51/100
|
|upkeep
|turn|23
|
|t:|1685850219
|move|p1a: Volcarona|Giga Drain|p2a: Volcanion
|-damage|p2a: Volcanion|0 fnt
|-heal|p1a: Volcarona|58/100|[from] drain|[of] p2a: Volcanion
|faint|p2a: Volcanion
|
|upkeep
|
|t:|1685850221
|switch|p2a: Chien-Pao|Chien-Pao|100/100
|-ability|p2a: Chien-Pao|Sword of Ruin
|turn|24
|
|t:|1685850223
|move|p2a: Chien-Pao|Ice Shard|p1a: Volcarona
|-supereffective|p1a: Volcarona
|-damage|p1a: Volcarona|0 fnt
|faint|p1a: Volcarona
|
|upkeep
|
|t:|1685850225
|switch|p1a: Moltres|Moltres-Galar|100/100
|turn|25
|-message|ERIYI forfeited.
|
|win|No1MariaGoreySimp
|raw|ERIYI's rating: 1628 → 1612(-16 for losing)
|raw|No1MariaGoreySimp's rating: 1695 → 1711(+16 for winning)
|l|☆ERIYI
|l|☆No1MariaGoreySimp
