|j|☆Tochenoob
|j|☆Zen Klarck
|t:|1685903793
|gametype|singles
|player|p1|Tochenoob|101|1412
|player|p2|Zen Klarck|101|1325
|teamsize|p1|6
|teamsize|p2|6
|gen|9
|tier|[Gen 9] OU
|rated|
|rule|Sleep Clause Mod: Limit one foe put to sleep
|rule|Species Clause: Limit one of each Pokémon
|rule|OHKO Clause: OHKO moves are banned
|rule|Evasion Items Clause: Evasion items are banned
|rule|Evasion Moves Clause: Evasion moves are banned
|rule|Endless Battle Clause: Forcing endless battles is banned
|rule|HP Percentage Mod: HP is shown in percentages
|clearpoke
|poke|p1|Enamorus, F|
|poke|p1|Sneasler, F|
|poke|p1|Dragapult, F|
|poke|p1|Samurott-Hisui, F|
|poke|p1|Lilligant-Hisui, F|
|poke|p1|Indeedee, M|
|poke|p2|Braviary-Hisui, M|
|poke|p2|Urshifu-*, F|
|poke|p2|Gholdengo|
|poke|p2|Donphan, F|
|poke|p2|Baxcalibur, M|
|poke|p2|Heatran, F|
|teampreview
|inactive|Battle timer is ON: inactive players will automatically lose when time's up. (requested by Zen Klarck)
|
|t:|1685903806
|start
|switch|p1a: Samurott|Samurott-Hisui, F|100/100
|switch|p2a: Urshifu|Urshifu-Rapid-Strike, F|100/100
|turn|1
|
|t:|1685903817
|move|p2a: Urshifu|U-turn|p1a: Samurott
|-supereffective|p1a: Samurott
|-damage|p1a: Samurott|35/100
|
|t:|1685903822
|switch|p2a: Heatran|Heatran, F|100/100|[from] U-turn
|move|p1a: Samurott|Ceaseless Edge|p2a: Heatran
|-damage|p2a: Heatran|72/100
|-sidestart|p2: Zen Klarck|Spikes
|-status|p1a: Samurott|brn|[from] ability: Flame Body|[of] p2a: Heatran
|
|-heal|p2a: Heatran|78/100|[from] item: Leftovers
|-damage|p1a: Samurott|29/100 brn|[from] brn
|upkeep
|turn|2
|
|t:|1685903832
|move|p1a: Samurott|Ceaseless Edge|p2a: Heatran
|-damage|p2a: Heatran|65/100
|-sidestart|p2: Zen Klarck|Spikes
|move|p2a: Heatran|Stealth Rock|p1a: Samurott
|-sidestart|p1: Tochenoob|move: Stealth Rock
|
|-heal|p2a: Heatran|71/100|[from] item: Leftovers
|-damage|p1a: Samurott|23/100 brn|[from] brn
|upkeep
|turn|3
|
|t:|1685903840
|switch|p2a: Donphan|Donphan, F|100/100
|-damage|p2a: Donphan|84/100|[from] Spikes
|move|p1a: Samurott|Ceaseless Edge|p2a: Donphan
|-damage|p2a: Donphan|68/100
|-sidestart|p2: Zen Klarck|Spikes
|
|-damage|p1a: Samurott|16/100 brn|[from] brn
|upkeep
|turn|4
|
|t:|1685903850
|move|p1a: Samurott|Aqua Jet|p2a: Donphan
|-supereffective|p2a: Donphan
|-damage|p2a: Donphan|53/100
|move|p2a: Donphan|Knock Off|p1a: Samurott
|-resisted|p1a: Samurott
|-damage|p1a: Samurott|0 fnt
|-enditem|p1a: Samurott|Focus Sash|[from] move: Knock Off|[of] p2a: Donphan
|faint|p1a: Samurott
|
|upkeep
|
|t:|1685903860
|switch|p1a: Dragapult|Dragapult, F|100/100
|-damage|p1a: Dragapult|88/100|[from] Stealth Rock
|turn|5
|
|t:|1685903864
|move|p1a: Dragapult|Hydro Pump|p2a: Donphan
|-supereffective|p2a: Donphan
|-damage|p2a: Donphan|0 fnt
|faint|p2a: Donphan
|-damage|p1a: Dragapult|78/100|[from] item: Life Orb
|
|upkeep
|
|t:|1685903874
|switch|p2a: Baxcalibur|Baxcalibur, M|100/100
|-damage|p2a: Baxcalibur|76/100|[from] Spikes
|turn|6
|
|t:|1685903899
|switch|p1a: Indeedee|Indeedee, M|100/100
|-damage|p1a: Indeedee|88/100|[from] Stealth Rock
|-fieldstart|move: Psychic Terrain|[from] ability: Psychic Surge|[of] p1a: Indeedee
|move|p2a: Baxcalibur|Icicle Spear|p1a: Indeedee
|-damage|p1a: Indeedee|56/100
|-damage|p1a: Indeedee|25/100
|-damage|p1a: Indeedee|0 fnt
|faint|p1a: Indeedee
|-hitcount|p1: Indeedee|3
|
|upkeep
|
|t:|1685903916
|switch|p1a: Sneasler|Sneasler, F|100/100
|-damage|p1a: Sneasler|95/100|[from] Stealth Rock
|-enditem|p1a: Sneasler|Psychic Seed
|-boost|p1a: Sneasler|spd|1|[from] item: Psychic Seed
|turn|7
|
|t:|1685903926
|switch|p2a: Heatran|Heatran, F|71/100
|-damage|p2a: Heatran|47/100|[from] Spikes
|move|p1a: Sneasler|Close Combat|p2a: Heatran
|-supereffective|p2a: Heatran
|-damage|p2a: Heatran|0 fnt
|-unboost|p1a: Sneasler|def|1
|-unboost|p1a: Sneasler|spd|1
|-status|p1a: Sneasler|brn|[from] ability: Flame Body|[of] p2a: Heatran
|faint|p2a: Heatran
|
|-damage|p1a: Sneasler|89/100 brn|[from] brn
|upkeep
|inactive|Zen Klarck has 120 seconds left.
|
|t:|1685903949
|switch|p2a: Gholdengo|Gholdengo|100/100
|-damage|p2a: Gholdengo|76/100|[from] Spikes
|turn|8
|inactive|Tochenoob has 120 seconds left.
|
|t:|1685903984
|move|p1a: Sneasler|Acrobatics|p2a: Gholdengo
|-resisted|p2a: Gholdengo
|-damage|p2a: Gholdengo|64/100
|-damage|p1a: Sneasler|72/100 brn|[from] item: Rocky Helmet|[of] p2a: Gholdengo
|move|p2a: Gholdengo|Shadow Ball|p1a: Sneasler
|-damage|p1a: Sneasler|13/100 brn
|-unboost|p1a: Sneasler|spd|1
|
|-damage|p1a: Sneasler|7/100 brn|[from] brn
|upkeep
|turn|9
|
|t:|1685903995
|move|p1a: Sneasler|Acrobatics|p2a: Gholdengo
|-resisted|p2a: Gholdengo
|-damage|p2a: Gholdengo|52/100
|-damage|p1a: Sneasler|0 fnt|[from] item: Rocky Helmet|[of] p2a: Gholdengo
|faint|p1a: Sneasler
|move|p2a: Gholdengo|Nasty Plot|p2a: Gholdengo
|-boost|p2a: Gholdengo|spa|2
|
|upkeep
|
|t:|1685904003
|switch|p1a: Dragapult|Dragapult, F|78/100
|-damage|p1a: Dragapult|66/100|[from] Stealth Rock
|turn|10
|inactive|Zen Klarck has 120 seconds left.
|
|t:|1685904024
|switch|p2a: Braviary|Braviary-Hisui, M, shiny|100/100
|move|p1a: Dragapult|Shadow Ball|p2a: Braviary
|-supereffective|p2a: Braviary
|-damage|p2a: Braviary|0 fnt
|faint|p2a: Braviary
|-damage|p1a: Dragapult|56/100|[from] item: Life Orb
|
|upkeep
|inactive|Zen Klarck has 120 seconds left.
|
|t:|1685904031
|switch|p2a: Urshifu|Urshifu-Rapid-Strike, F|100/100
|-damage|p2a: Urshifu|76/100|[from] Spikes
|turn|11
|
|t:|1685904035
|move|p2a: Urshifu|Ice Spinner|p1a: Dragapult
|-supereffective|p1a: Dragapult
|-damage|p1a: Dragapult|0 fnt
|-fieldend|move: Psychic Terrain
|faint|p1a: Dragapult
|
|upkeep
|
|t:|1685904044
|switch|p1a: Enamorus|Enamorus, F|100/100
|turn|12
|
|t:|1685904061
|switch|p2a: Gholdengo|Gholdengo|52/100
|-damage|p2a: Gholdengo|27/100|[from] Spikes
|-terastallize|p1a: Enamorus|Steel
|move|p1a: Enamorus|Superpower|p2a: Gholdengo
|-immune|p2a: Gholdengo
|
|upkeep
|turn|13
|
|t:|1685904075
|move|p1a: Enamorus|Play Rough|p2a: Gholdengo
|-resisted|p2a: Gholdengo
|-damage|p2a: Gholdengo|4/100
|-damage|p1a: Enamorus|84/100|[from] item: Rocky Helmet|[of] p2a: Gholdengo
|move|p2a: Gholdengo|Make It Rain|p1a: Enamorus
|-resisted|p1a: Enamorus
|-crit|p1a: Enamorus
|-damage|p1a: Enamorus|12/100
|-unboost|p2a: Gholdengo|spa|1
|
|upkeep
|turn|14
|
|t:|1685904087
|move|p1a: Enamorus|Play Rough|p2a: Gholdengo
|-resisted|p2a: Gholdengo
|-damage|p2a: Gholdengo|0 fnt
|-damage|p1a: Enamorus|0 fnt|[from] item: Rocky Helmet|[of] p2a: Gholdengo
|faint|p2a: Gholdengo
|faint|p1a: Enamorus
|
|upkeep
|
|t:|1685904097
|switch|p1a: Lilligant|Lilligant-Hisui, F|100/100
|switch|p2a: Urshifu|Urshifu-Rapid-Strike, F|76/100
|-damage|p2a: Urshifu|51/100|[from] Spikes
|-damage|p1a: Lilligant|94/100|[from] Stealth Rock
|turn|15
|
|t:|1685904105
|move|p2a: Urshifu|Ice Spinner|p1a: Lilligant
|-supereffective|p1a: Lilligant
|-damage|p1a: Lilligant|5/100
|move|p1a: Lilligant|Sleep Powder|p2a: Urshifu
|-status|p2a: Urshifu|slp|[from] move: Sleep Powder
|
|upkeep
|turn|16
|
|t:|1685904114
|cant|p2a: Urshifu|slp
|move|p1a: Lilligant|Victory Dance|p1a: Lilligant
|-boost|p1a: Lilligant|atk|1
|-boost|p1a: Lilligant|def|1
|-boost|p1a: Lilligant|spe|1
|
|upkeep
|turn|17
|
|t:|1685904122
|move|p1a: Lilligant|Close Combat|p2a: Urshifu|[miss]
|-miss|p1a: Lilligant|p2a: Urshifu
|-curestatus|p2a: Urshifu|slp|[msg]
|move|p2a: Urshifu|Ice Spinner|p1a: Lilligant
|-supereffective|p1a: Lilligant
|-damage|p1a: Lilligant|0 fnt
|faint|p1a: Lilligant
|
|win|Zen Klarck
|raw|Tochenoob's rating: 1412 → 1387(-25 for losing)
|raw|Zen Klarck's rating: 1325 → 1350(+25 for winning)
|c|☆Zen Klarck|gg
