|j|☆Besiegdrache
|j|☆rickowens69
|t:|1685844392
|gametype|singles
|player|p1|Besiegdrache|scientist-gen4dp|1132
|player|p2|rickowens69|266|1067
|teamsize|p1|6
|teamsize|p2|6
|gen|9
|tier|[Gen 9] OU
|rated|
|rule|Sleep Clause Mod: Limit one foe put to sleep
|rule|Species Clause: Limit one of each Pokémon
|rule|OHKO Clause: OHKO moves are banned
|rule|Evasion Items Clause: Evasion items are banned
|rule|Evasion Moves Clause: Evasion moves are banned
|rule|Endless Battle Clause: Forcing endless battles is banned
|rule|HP Percentage Mod: HP is shown in percentages
|clearpoke
|poke|p1|Goodra-Hisui, F|
|poke|p1|Rillaboom, F|
|poke|p1|Landorus-Therian, M|
|poke|p1|Kleavor, F|
|poke|p1|Sneasler, F|
|poke|p1|Enamorus, F|
|poke|p2|Glastrier|
|poke|p2|Magearna|
|poke|p2|Cresselia, F|
|poke|p2|Ursaluna, M|
|poke|p2|Kingambit, F|
|poke|p2|Slowking-Galar, M|
|teampreview
|inactive|Battle timer is ON: inactive players will automatically lose when time's up. (requested by rickowens69)
|
|t:|1685844416
|start
|switch|p1a: Rillaboom|Rillaboom, F|100/100
|switch|p2a: Cresselia|Cresselia, F|100/100
|-fieldstart|move: Grassy Terrain|[from] ability: Grassy Surge|[of] p1a: Rillaboom
|turn|1
|
|t:|1685844425
|move|p1a: Rillaboom|U-turn|p2a: Cresselia
|-supereffective|p2a: Cresselia
|-damage|p2a: Cresselia|69/100
|
|t:|1685844433
|switch|p1a: Goodra|Goodra-Hisui, F|100/100|[from] U-turn
|move|p2a: Cresselia|Trick Room|p2a: Cresselia
|-fieldstart|move: Trick Room|[of] p2a: Cresselia
|
|upkeep
|turn|2
|
|t:|1685844452
|move|p1a: Goodra|Draco Meteor|p2a: Cresselia
|-damage|p2a: Cresselia|39/100
|-unboost|p1a: Goodra|spa|2
|move|p2a: Cresselia|Lunar Dance|p2a: Cresselia
|faint|p2a: Cresselia
|
|upkeep
|
|t:|1685844459
|switch|p2a: Ursaluna|Ursaluna, M|100/100
|turn|3
|
|t:|1685844466
|switch|p1a: Landorus|Landorus-Therian, M|100/100
|-ability|p1a: Landorus|Intimidate|boost
|-unboost|p2a: Ursaluna|atk|1
|move|p2a: Ursaluna|Swords Dance|p2a: Ursaluna
|-boost|p2a: Ursaluna|atk|2
|
|-status|p2a: Ursaluna|brn|[from] item: Flame Orb
|upkeep
|turn|4
|
|t:|1685844480
|switch|p1a: Rillaboom|Rillaboom, F|100/100
|move|p2a: Ursaluna|Facade|p1a: Rillaboom
|-damage|p1a: Rillaboom|0 fnt
|faint|p1a: Rillaboom
|
|-damage|p2a: Ursaluna|94/100 brn|[from] brn
|upkeep
|
|t:|1685844489
|switch|p1a: Goodra|Goodra-Hisui, F|100/100
|turn|5
|
|t:|1685844497
|move|p2a: Ursaluna|Earthquake|p1a: Goodra
|-supereffective|p1a: Goodra
|-damage|p1a: Goodra|15/100
|move|p1a: Goodra|Body Press|p2a: Ursaluna
|-supereffective|p2a: Ursaluna
|-damage|p2a: Ursaluna|59/100 brn
|
|-heal|p2a: Ursaluna|65/100 brn|[from] Grassy Terrain
|-heal|p1a: Goodra|21/100|[from] Grassy Terrain
|-damage|p2a: Ursaluna|59/100 brn|[from] brn
|-fieldend|move: Trick Room
|-fieldend|move: Grassy Terrain
|upkeep
|turn|6
|
|t:|1685844512
|switch|p2a: Slowking|Slowking-Galar, M|100/100
|move|p1a: Goodra|Body Press|p2a: Slowking
|-resisted|p2a: Slowking
|-crit|p2a: Slowking
|-damage|p2a: Slowking|93/100
|
|upkeep
|turn|7
|
|t:|1685844523
|move|p1a: Goodra|Draco Meteor|p2a: Slowking
|-damage|p2a: Slowking|51/100
|-unboost|p1a: Goodra|spa|2
|move|p2a: Slowking|Trick Room|p2a: Slowking
|-fieldstart|move: Trick Room|[of] p2a: Slowking
|
|upkeep
|turn|8
|
|t:|1685844536
|move|p2a: Slowking|Chilly Reception|p2a: Slowking
|-weather|Snow
|
|t:|1685844540
|switch|p2a: Glastrier|Glastrier|100/100|[from] Chilly Reception
|move|p1a: Goodra|Flash Cannon|p2a: Glastrier
|-supereffective|p2a: Glastrier
|-damage|p2a: Glastrier|76/100
|
|-weather|Snow|[upkeep]
|upkeep
|turn|9
|
|t:|1685844557
|switch|p1a: Landorus|Landorus-Therian, M|100/100
|-ability|p1a: Landorus|Intimidate|boost
|-unboost|p2a: Glastrier|atk|1
|move|p2a: Glastrier|Icicle Crash|p1a: Landorus|[miss]
|-miss|p2a: Glastrier|p1a: Landorus
|
|-weather|Snow|[upkeep]
|upkeep
|turn|10
|c|☆rickowens69|this game sucks so much ass
|
|t:|1685844575
|switch|p2a: Ursaluna|Ursaluna, M|59/100 brn
|-heal|p2a: Ursaluna|100/100|[from] move: Lunar Dance
|move|p1a: Landorus|Brick Break|p2a: Ursaluna
|-supereffective|p2a: Ursaluna
|-damage|p2a: Ursaluna|61/100
|
|-weather|Snow|[upkeep]
|-status|p2a: Ursaluna|brn|[from] item: Flame Orb
|upkeep
|turn|11
|
|t:|1685844588
|move|p2a: Ursaluna|Facade|p1a: Landorus
|-damage|p1a: Landorus|0 fnt
|faint|p1a: Landorus
|
|-weather|Snow|[upkeep]
|-damage|p2a: Ursaluna|55/100 brn|[from] brn
|-fieldend|move: Trick Room
|upkeep
|
|t:|1685844598
|switch|p1a: Sneasler|Sneasler, F|100/100
|turn|12
|
|t:|1685844607
|switch|p2a: Slowking|Slowking-Galar, M|85/100
|move|p1a: Sneasler|Close Combat|p2a: Slowking
|-resisted|p2a: Slowking
|-damage|p2a: Slowking|73/100
|-unboost|p1a: Sneasler|def|1
|-unboost|p1a: Sneasler|spd|1
|
|-weather|none
|upkeep
|turn|13
|
|t:|1685844621
|switch|p1a: Enamorus|Enamorus, F|100/100
|move|p2a: Slowking|Trick Room|p2a: Slowking
|-fieldstart|move: Trick Room|[of] p2a: Slowking
|
|upkeep
|turn|14
|
|t:|1685844642
|switch|p2a: Magearna|Magearna|100/100
|move|p1a: Enamorus|Substitute|p1a: Enamorus
|-start|p1a: Enamorus|Substitute
|-damage|p1a: Enamorus|76/100
|
|-heal|p1a: Enamorus|82/100|[from] item: Leftovers
|upkeep
|turn|15
|
|t:|1685844654
|move|p2a: Magearna|Thunderbolt|p1a: Enamorus
|-supereffective|p1a: Enamorus
|-end|p1a: Enamorus|Substitute
|move|p1a: Enamorus|Calm Mind|p1a: Enamorus
|-boost|p1a: Enamorus|spa|1
|-boost|p1a: Enamorus|spd|1
|
|-heal|p1a: Enamorus|88/100|[from] item: Leftovers
|upkeep
|turn|16
|inactive|rickowens69 has 120 seconds left.
|
|t:|1685844676
|move|p2a: Magearna|Thunderbolt|p1a: Enamorus
|-supereffective|p1a: Enamorus
|-damage|p1a: Enamorus|20/100
|-status|p1a: Enamorus|par
|move|p1a: Enamorus|Earth Power|p2a: Magearna
|-supereffective|p2a: Magearna
|-damage|p2a: Magearna|16/100
|
|-heal|p1a: Enamorus|26/100 par|[from] item: Leftovers
|upkeep
|turn|17
|inactive|rickowens69 has 120 seconds left.
|
|t:|1685844687
|move|p2a: Magearna|Thunderbolt|p1a: Enamorus
|-supereffective|p1a: Enamorus
|-damage|p1a: Enamorus|0 fnt
|faint|p1a: Enamorus
|-ability|p2a: Magearna|Soul-Heart|boost
|-boost|p2a: Magearna|spa|1
|
|-fieldend|move: Trick Room
|upkeep
|
|t:|1685844699
|switch|p1a: Sneasler|Sneasler, F|100/100
|turn|18
|
|t:|1685844707
|move|p1a: Sneasler|Swords Dance|p1a: Sneasler
|-boost|p1a: Sneasler|atk|2
|move|p2a: Magearna|Trick Room|p2a: Magearna
|-fieldstart|move: Trick Room|[of] p2a: Magearna
|
|upkeep
|turn|19
|
|t:|1685844721
|move|p2a: Magearna|Fleur Cannon|p1a: Sneasler
|-damage|p1a: Sneasler|0 fnt
|-unboost|p2a: Magearna|spa|2
|-enditem|p2a: Magearna|Eject Pack
|faint|p1a: Sneasler
|-ability|p2a: Magearna|Soul-Heart|boost
|-boost|p2a: Magearna|spa|1
|
|t:|1685844728
|switch|p2a: Ursaluna|Ursaluna, M|55/100 brn
|
|-damage|p2a: Ursaluna|49/100 brn|[from] brn
|upkeep
|-message|Besiegdrache forfeited.
|
|win|rickowens69
|raw|Besiegdrache's rating: 1132 → 1102(-30 for losing)
|raw|rickowens69's rating: 1067 → 1102(+35 for winning)
|l|☆Besiegdrache
