|j|☆plasma_fistem
|j|☆Etherlords
|t:|1685849811
|gametype|singles
|player|p1|plasma_fistem|102|
|player|p2|Etherlords|gambler|
|teamsize|p1|6
|teamsize|p2|6
|gen|9
|tier|[Gen 9] OU
|rule|Sleep Clause Mod: Limit one foe put to sleep
|rule|Species Clause: Limit one of each Pokémon
|rule|OHKO Clause: OHKO moves are banned
|rule|Evasion Items Clause: Evasion items are banned
|rule|Evasion Moves Clause: Evasion moves are banned
|rule|Endless Battle Clause: Forcing endless battles is banned
|rule|HP Percentage Mod: HP is shown in percentages
|clearpoke
|poke|p1|Slowking, F|
|poke|p1|Enamorus-Therian, F|
|poke|p1|Magearna|
|poke|p1|Ursaluna, F|
|poke|p1|Heatran, F|
|poke|p1|Azumarill, M|
|poke|p2|Landorus-Therian, M|
|poke|p2|Kingambit, M|
|poke|p2|Volcanion|
|poke|p2|Slowking-Galar, M|
|poke|p2|Hydreigon, M|
|poke|p2|Corviknight, M|
|teampreview
|inactive|Battle timer is ON: inactive players will automatically lose when time's up. (requested by plasma_fistem)
|inactive|Etherlords has 270 seconds left.
|c|☆Etherlords|Did we happen to fight last night on ladder lol?
|
|t:|1685849859
|start
|switch|p1a: Slowking|Slowking, F|100/100
|switch|p2a: Slowking|Slowking-Galar, M|100/100
|turn|1
|c|☆plasma_fistem|Nope pretty sure i didnt face this team
|c|☆plasma_fistem|Lol
|c|☆Etherlords|I faced something very similar
|
|t:|1685849881
|move|p2a: Slowking|Future Sight|p1a: Slowking
|-start|p2a: Slowking|move: Future Sight
|move|p1a: Slowking|Psyshock|p2a: Slowking
|-damage|p2a: Slowking|74/100
|
|upkeep
|turn|2
|
|t:|1685849892
|move|p2a: Slowking|Sludge Bomb|p1a: Slowking
|-damage|p1a: Slowking|75/100
|move|p1a: Slowking|Psyshock|p2a: Slowking
|-damage|p2a: Slowking|47/100
|
|-heal|p1a: Slowking|81/100|[from] item: Leftovers
|upkeep
|turn|3
|
|t:|1685849904
|switch|p2a: Hydreigon|Hydreigon, M|100/100
|move|p1a: Slowking|Psyshock|p2a: Hydreigon
|-immune|p2a: Hydreigon
|
|-end|p1a: Slowking|move: Future Sight
|-resisted|p1a: Slowking
|-damage|p1a: Slowking|65/100
|-heal|p1a: Slowking|71/100|[from] item: Leftovers
|upkeep
|turn|4
|
|t:|1685849915
|-terastallize|p1a: Slowking|Fairy
|move|p2a: Hydreigon|Flash Cannon|p1a: Slowking
|-supereffective|p1a: Slowking
|-damage|p1a: Slowking|20/100
|move|p1a: Slowking|Trick Room|p1a: Slowking
|-fieldstart|move: Trick Room|[of] p1a: Slowking
|
|-heal|p1a: Slowking|26/100|[from] item: Leftovers
|upkeep
|turn|5
|c|☆plasma_fistem|Lol it was that obvious
|c|☆Etherlords|Yup
|
|t:|1685849939
|move|p1a: Slowking|Chilly Reception|p1a: Slowking
|-weather|Snow
|inactive|plasma_fistem has 270 seconds left.
|
|t:|1685849950
|switch|p1a: Enamorus|Enamorus-Therian, F|100/100|[from] Chilly Reception
|move|p2a: Hydreigon|Flash Cannon|p1a: Enamorus
|-supereffective|p1a: Enamorus
|-damage|p1a: Enamorus|24/100
|
|-weather|Snow|[upkeep]
|upkeep
|turn|6
|inactive|plasma_fistem has 270 seconds left.
|
|t:|1685849964
|switch|p2a: Slowking|Slowking-Galar, M|80/100
|move|p1a: Enamorus|Calm Mind|p1a: Enamorus
|-boost|p1a: Enamorus|spa|1
|-boost|p1a: Enamorus|spd|1
|
|-weather|Snow|[upkeep]
|upkeep
|turn|7
|
|t:|1685849976
|move|p2a: Slowking|Sludge Bomb|p1a: Enamorus
|-supereffective|p1a: Enamorus
|-damage|p1a: Enamorus|0 fnt
|faint|p1a: Enamorus
|
|-weather|Snow|[upkeep]
|upkeep
|inactive|plasma_fistem has 270 seconds left.
|
|t:|1685849995
|switch|p1a: Ursaluna|Ursaluna, F|100/100
|turn|8
|inactive|plasma_fistem has 270 seconds left.
|
|t:|1685850003
|switch|p2a: Corviknight|Corviknight, M|100/100
|-ability|p2a: Corviknight|Pressure
|move|p1a: Ursaluna|Facade|p2a: Corviknight
|-resisted|p2a: Corviknight
|-damage|p2a: Corviknight|87/100
|
|-weather|Snow|[upkeep]
|-heal|p2a: Corviknight|93/100|[from] item: Leftovers
|-fieldend|move: Trick Room
|-status|p1a: Ursaluna|brn|[from] item: Flame Orb
|upkeep
|turn|9
|inactive|plasma_fistem has 270 seconds left.
|
|t:|1685850021
|switch|p1a: Magearna|Magearna|100/100
|move|p2a: Corviknight|U-turn|p1a: Magearna
|-resisted|p1a: Magearna
|-damage|p1a: Magearna|98/100
|
|t:|1685850028
|switch|p2a: Volcanion|Volcanion|100/100|[from] U-turn
|
|-weather|none
|-heal|p1a: Magearna|100/100|[from] item: Leftovers
|upkeep
|turn|10
|
|t:|1685850041
|move|p2a: Volcanion|Earth Power|p1a: Magearna
|-supereffective|p1a: Magearna
|-damage|p1a: Magearna|45/100
|move|p1a: Magearna|Trick Room|p1a: Magearna
|-fieldstart|move: Trick Room|[of] p1a: Magearna
|
|-heal|p1a: Magearna|51/100|[from] item: Leftovers
|upkeep
|turn|11
|
|t:|1685850055
|move|p1a: Magearna|Volt Switch|p2a: Volcanion
|-supereffective|p2a: Volcanion
|-damage|p2a: Volcanion|61/100
|
|t:|1685850062
|switch|p1a: Heatran|Heatran, F|100/100|[from] Volt Switch
|-item|p1a: Heatran|Air Balloon
|move|p2a: Volcanion|Earth Power|p1a: Heatran
|-immune|p1a: Heatran
|
|upkeep
|turn|12
|
|t:|1685850078
|move|p2a: Volcanion|Steam Eruption|p1a: Heatran
|-supereffective|p1a: Heatran
|-damage|p1a: Heatran|2/100
|-enditem|p1a: Heatran|Air Balloon
|move|p1a: Heatran|Lava Plume|p2a: Volcanion
|-resisted|p2a: Volcanion
|-damage|p2a: Volcanion|53/100
|
|upkeep
|turn|13
|inactive|plasma_fistem has 270 seconds left.
|c|☆plasma_fistem|Forgot to remove speed EVs
|c|☆plasma_fistem|Lol
|c|☆plasma_fistem|IVs i mean
|
|t:|1685850114
|move|p2a: Volcanion|Earth Power|p1a: Heatran
|-supereffective|p1a: Heatran
|-damage|p1a: Heatran|0 fnt
|faint|p1a: Heatran
|
|upkeep
|
|t:|1685850116
|switch|p1a: Azumarill|Azumarill, M|100/100
|turn|14
|c|☆Etherlords|Lmao
|c|☆Etherlords|Av volcanion has a place in my heart
|
|t:|1685850143
|move|p1a: Azumarill|Play Rough|p2a: Volcanion|[miss]
|-miss|p1a: Azumarill|p2a: Volcanion
|move|p2a: Volcanion|Sludge Bomb|p1a: Azumarill
|-supereffective|p1a: Azumarill
|-damage|p1a: Azumarill|35/100
|
|-fieldend|move: Trick Room
|upkeep
|turn|15
|
|t:|1685850156
|switch|p1a: Magearna|Magearna|51/100
|move|p2a: Volcanion|Sludge Bomb|p1a: Magearna
|-immune|p1a: Magearna
|
|-heal|p1a: Magearna|57/100|[from] item: Leftovers
|upkeep
|turn|16
|
|t:|1685850159
|move|p2a: Volcanion|Flamethrower|p1a: Magearna
|-supereffective|p1a: Magearna
|-damage|p1a: Magearna|0 fnt
|faint|p1a: Magearna
|
|upkeep
|
|t:|1685850163
|switch|p1a: Slowking|Slowking, F, tera:Fairy|59/100
|turn|17
|
|t:|1685850168
|move|p2a: Volcanion|Sludge Bomb|p1a: Slowking
|-supereffective|p1a: Slowking
|-damage|p1a: Slowking|15/100
|move|p1a: Slowking|Trick Room|p1a: Slowking
|-fieldstart|move: Trick Room|[of] p1a: Slowking
|
|-heal|p1a: Slowking|21/100|[from] item: Leftovers
|upkeep
|turn|18
|
|t:|1685850178
|switch|p1a: Ursaluna|Ursaluna, F|100/100 brn
|move|p2a: Volcanion|Steam Eruption|p1a: Ursaluna
|-supereffective|p1a: Ursaluna
|-damage|p1a: Ursaluna|6/100 brn
|
|-damage|p1a: Ursaluna|0 fnt|[from] brn
|faint|p1a: Ursaluna
|upkeep
|c|☆plasma_fistem|Ah gdamnit i quit
|-message|plasma_fistem forfeited.
|
|win|Etherlords
|c|☆Etherlords|Lol
|l|☆plasma_fistem
|c|☆Etherlords|Re?
|l|☆Etherlords
|j|☆Etherlords
|player|p2|Etherlords|gambler
