|j|☆Raigeki_rks
|j|☆Yorikiri
|t:|1685821263
|gametype|singles
|player|p1|Raigeki_rks|102|1108
|player|p2|Yorikiri|170|1145
|teamsize|p1|6
|teamsize|p2|6
|gen|9
|tier|[Gen 9] OU
|rated|
|rule|Sleep Clause Mod: Limit one foe put to sleep
|rule|Species Clause: Limit one of each Pokémon
|rule|OHKO Clause: OHKO moves are banned
|rule|Evasion Items Clause: Evasion items are banned
|rule|Evasion Moves Clause: Evasion moves are banned
|rule|Endless Battle Clause: Forcing endless battles is banned
|rule|HP Percentage Mod: HP is shown in percentages
|clearpoke
|poke|p1|Pelipper, F|
|poke|p1|Basculegion, M|
|poke|p1|Walking Wake|
|poke|p1|Thundurus-Therian, M|
|poke|p1|Magearna|
|poke|p1|Great Tusk|
|poke|p2|Walking Wake|
|poke|p2|Torkoal, M|
|poke|p2|Floatzel, F|
|poke|p2|Pelipper, F|
|poke|p2|Dragapult, F|
|poke|p2|Zapdos|
|teampreview
|inactive|Battle timer is ON: inactive players will automatically lose when time's up. (requested by Yorikiri)
|c|☆Raigeki_rks|Use bascuelgion instead of flotzeal way better swift swimmmer
|inactive|Raigeki_rks has 120 seconds left.
|
|t:|1685821299
|start
|switch|p1a: Thundurus|Thundurus-Therian, M|100/100
|switch|p2a: Dragapult|Dragapult, F|100/100
|turn|1
|
|t:|1685821313
|switch|p1a: Magearna|Magearna|100/100
|move|p2a: Dragapult|Draco Meteor|p1a: Magearna
|-immune|p1a: Magearna
|
|upkeep
|turn|2
|
|t:|1685821323
|switch|p2a: Torkoal|Torkoal, M|100/100
|-weather|SunnyDay|[from] ability: Drought|[of] p2a: Torkoal
|move|p1a: Magearna|Ice Beam|p2a: Torkoal
|-resisted|p2a: Torkoal
|-damage|p2a: Torkoal|83/100
|
|-weather|SunnyDay|[upkeep]
|upkeep
|turn|3
|
|t:|1685821334
|move|p1a: Magearna|Volt Switch|p2a: Torkoal
|-damage|p2a: Torkoal|57/100
|
|t:|1685821337
|switch|p1a: Walking Wake|Walking Wake|100/100|[from] Volt Switch
|-activate|p1a: Walking Wake|ability: Protosynthesis
|-start|p1a: Walking Wake|protosynthesisspe
|move|p2a: Torkoal|Stealth Rock|p1a: Walking Wake
|-sidestart|p1: Raigeki_rks|move: Stealth Rock
|
|-weather|SunnyDay|[upkeep]
|upkeep
|turn|4
|
|t:|1685821364
|switch|p2a: Pelipper|Pelipper, F|100/100
|-weather|RainDance|[from] ability: Drizzle|[of] p2a: Pelipper
|-end|p1a: Walking Wake|Protosynthesis
|move|p1a: Walking Wake|Draco Meteor|p2a: Pelipper
|-damage|p2a: Pelipper|0 fnt
|-unboost|p1a: Walking Wake|spa|2
|faint|p2a: Pelipper
|
|-weather|RainDance|[upkeep]
|upkeep
|inactive|Yorikiri has 120 seconds left.
|
|t:|1685821386
|switch|p2a: Walking Wake|Walking Wake|100/100
|turn|5
|
|t:|1685821392
|-end|p1a: Walking Wake|Protosynthesis|[silent]
|switch|p1a: Magearna|Magearna|100/100
|-damage|p1a: Magearna|94/100|[from] Stealth Rock
|move|p2a: Walking Wake|Hydro Steam|p1a: Magearna
|-damage|p1a: Magearna|57/100
|
|-weather|RainDance|[upkeep]
|upkeep
|turn|6
|inactive|Yorikiri has 120 seconds left.
|
|t:|1685821420
|-terastallize|p2a: Walking Wake|Water
|move|p2a: Walking Wake|Hydro Steam|p1a: Magearna
|-damage|p1a: Magearna|1/100
|move|p1a: Magearna|Volt Switch|p2a: Walking Wake
|-supereffective|p2a: Walking Wake
|-damage|p2a: Walking Wake|49/100
|
|t:|1685821428
|switch|p1a: Basculegion|Basculegion, M|100/100|[from] Volt Switch
|-damage|p1a: Basculegion|88/100|[from] Stealth Rock
|
|-weather|RainDance|[upkeep]
|upkeep
|turn|7
|
|t:|1685821440
|-end|p2a: Walking Wake|Protosynthesis|[silent]
|switch|p2a: Torkoal|Torkoal, M|57/100
|-weather|SunnyDay|[from] ability: Drought|[of] p2a: Torkoal
|-terastallize|p1a: Basculegion|Water
|move|p1a: Basculegion|Wave Crash|p2a: Torkoal
|-supereffective|p2a: Torkoal
|-damage|p2a: Torkoal|0 fnt
|faint|p2a: Torkoal
|-damage|p1a: Basculegion|71/100|[from] Recoil
|
|-weather|SunnyDay|[upkeep]
|upkeep
|
|t:|1685821451
|switch|p2a: Walking Wake|Walking Wake, tera:Water|49/100
|-activate|p2a: Walking Wake|ability: Protosynthesis
|-start|p2a: Walking Wake|protosynthesisspe
|turn|8
|inactive|Yorikiri has 90 seconds left.
|
|t:|1685821484
|switch|p1a: Pelipper|Pelipper, F|100/100
|-damage|p1a: Pelipper|76/100|[from] Stealth Rock
|-weather|RainDance|[from] ability: Drizzle|[of] p1a: Pelipper
|-end|p2a: Walking Wake|Protosynthesis
|move|p2a: Walking Wake|Draco Meteor|p1a: Pelipper
|-damage|p1a: Pelipper|0 fnt
|-unboost|p2a: Walking Wake|spa|2
|faint|p1a: Pelipper
|
|-weather|RainDance|[upkeep]
|upkeep
|
|t:|1685821492
|switch|p1a: Basculegion|Basculegion, M, tera:Water|71/100
|-damage|p1a: Basculegion|59/100|[from] Stealth Rock
|turn|9
|inactive|Yorikiri has 90 seconds left.
|
|t:|1685821513
|-end|p2a: Walking Wake|Protosynthesis|[silent]
|switch|p2a: Zapdos|Zapdos|100/100
|move|p1a: Basculegion|Wave Crash|p2a: Zapdos
|-damage|p2a: Zapdos|0 fnt
|faint|p2a: Zapdos
|-damage|p1a: Basculegion|31/100|[from] Recoil
|
|-weather|RainDance|[upkeep]
|upkeep
|
|t:|1685821523
|switch|p2a: Floatzel|Floatzel, F|100/100
|turn|10
|
|t:|1685821527
|switch|p1a: Thundurus|Thundurus-Therian, M|100/100
|move|p2a: Floatzel|Aqua Jet|p1a: Thundurus
|-damage|p1a: Thundurus|33/100
|
|-weather|RainDance|[upkeep]
|upkeep
|turn|11
|inactive|Yorikiri has 90 seconds left.
|
|t:|1685821545
|move|p2a: Floatzel|Aqua Jet|p1a: Thundurus
|-damage|p1a: Thundurus|0 fnt
|faint|p1a: Thundurus
|
|-weather|RainDance|[upkeep]
|upkeep
|
|t:|1685821551
|switch|p1a: Great Tusk|Great Tusk|100/100
|-damage|p1a: Great Tusk|98/100|[from] Stealth Rock
|turn|12
|
|t:|1685821554
|move|p2a: Floatzel|Aqua Jet|p1a: Great Tusk
|-supereffective|p1a: Great Tusk
|-crit|p1a: Great Tusk
|-damage|p1a: Great Tusk|36/100
|move|p1a: Great Tusk|Rapid Spin|p2a: Floatzel
|-damage|p2a: Floatzel|75/100
|-boost|p1a: Great Tusk|spe|1
|-sideend|p1: Raigeki_rks|Stealth Rock|[from] move: Rapid Spin|[of] p1a: Great Tusk
|
|-weather|RainDance|[upkeep]
|-heal|p1a: Great Tusk|42/100|[from] item: Leftovers
|upkeep
|turn|13
|
|t:|1685821564
|move|p2a: Floatzel|Aqua Jet|p1a: Great Tusk
|-supereffective|p1a: Great Tusk
|-damage|p1a: Great Tusk|4/100
|move|p1a: Great Tusk|Knock Off|p2a: Floatzel
|-damage|p2a: Floatzel|22/100
|-enditem|p2a: Floatzel|Choice Band|[from] move: Knock Off|[of] p1a: Great Tusk
|
|-weather|RainDance|[upkeep]
|-heal|p1a: Great Tusk|10/100|[from] item: Leftovers
|upkeep
|turn|14
|inactive|Raigeki_rks has 120 seconds left.
|
|t:|1685821599
|move|p2a: Floatzel|Ice Spinner|p1a: Great Tusk
|-supereffective|p1a: Great Tusk
|-damage|p1a: Great Tusk|0 fnt
|faint|p1a: Great Tusk
|-end|p1a: Great Tusk|Protosynthesis|[silent]
|
|-weather|RainDance|[upkeep]
|upkeep
|
|t:|1685821602
|switch|p1a: Basculegion|Basculegion, M, tera:Water|31/100
|turn|15
|
|t:|1685821610
|move|p2a: Floatzel|Aqua Jet|p1a: Basculegion
|-resisted|p1a: Basculegion
|-damage|p1a: Basculegion|13/100
|move|p1a: Basculegion|Aqua Jet|p2a: Floatzel
|-resisted|p2a: Floatzel
|-damage|p2a: Floatzel|0 fnt
|faint|p2a: Floatzel
|
|-weather|none
|upkeep
|inactive|Yorikiri has 90 seconds left.
|
|t:|1685821635
|switch|p2a: Dragapult|Dragapult, F|100/100
|turn|16
|inactive|Yorikiri has 90 seconds left.
|
|t:|1685821651
|switch|p1a: Magearna|Magearna|1/100
|move|p2a: Dragapult|Draco Meteor|p1a: Magearna
|-immune|p1a: Magearna
|
|upkeep
|turn|17
|inactive|Yorikiri has 90 seconds left.
|
|t:|1685821661
|switch|p2a: Walking Wake|Walking Wake, tera:Water|49/100
|move|p1a: Magearna|Ice Beam|p2a: Walking Wake
|-resisted|p2a: Walking Wake
|-damage|p2a: Walking Wake|33/100
|
|upkeep
|turn|18
|inactive|Yorikiri has 90 seconds left.
|
|t:|1685821677
|move|p2a: Walking Wake|Hydro Steam|p1a: Magearna
|-damage|p1a: Magearna|0 fnt
|faint|p1a: Magearna
|
|upkeep
|
|t:|1685821683
|switch|p1a: Basculegion|Basculegion, M, tera:Water|13/100
|turn|19
|
|t:|1685821688
|move|p1a: Basculegion|Aqua Jet|p2a: Walking Wake
|-resisted|p2a: Walking Wake
|-damage|p2a: Walking Wake|11/100
|move|p2a: Walking Wake|Hydro Steam|p1a: Basculegion
|-resisted|p1a: Basculegion
|-damage|p1a: Basculegion|0 fnt
|faint|p1a: Basculegion
|
|upkeep
|
|t:|1685821690
|switch|p1a: Walking Wake|Walking Wake|100/100
|turn|20
|
|t:|1685821698
|move|p1a: Walking Wake|Dragon Pulse|p2a: Walking Wake
|-damage|p2a: Walking Wake|0 fnt
|faint|p2a: Walking Wake
|-end|p2a: Walking Wake|Protosynthesis|[silent]
|
|upkeep
|
|t:|1685821701
|switch|p2a: Dragapult|Dragapult, F|100/100
|turn|21
|
|t:|1685821706
|move|p2a: Dragapult|Draco Meteor|p1a: Walking Wake
|-supereffective|p1a: Walking Wake
|-damage|p1a: Walking Wake|0 fnt
|-unboost|p2a: Dragapult|spa|2
|faint|p1a: Walking Wake
|-end|p1a: Walking Wake|Protosynthesis|[silent]
|
|win|Yorikiri
|raw|Raigeki_rks's rating: 1108 → 1086(-22 for losing)
|raw|Yorikiri's rating: 1145 → 1167(+22 for winning)
|l|☆Raigeki_rks
|c|☆Yorikiri|gg
