|j|☆bsantoso
|j|☆chi yuh yuh
|t:|1685891848
|gametype|singles
|player|p1|bsantoso|iono|1557
|player|p2|chi yuh yuh|170|1651
|teamsize|p1|6
|teamsize|p2|6
|gen|9
|tier|[Gen 9] OU
|rated|
|rule|Sleep Clause Mod: Limit one foe put to sleep
|rule|Species Clause: Limit one of each Pokémon
|rule|OHKO Clause: OHKO moves are banned
|rule|Evasion Items Clause: Evasion items are banned
|rule|Evasion Moves Clause: Evasion moves are banned
|rule|Endless Battle Clause: Forcing endless battles is banned
|rule|HP Percentage Mod: HP is shown in percentages
|clearpoke
|poke|p1|Chien-Pao|
|poke|p1|Volcarona, F|
|poke|p1|Magearna|
|poke|p1|Sneasler, F|
|poke|p1|Great Tusk|
|poke|p1|Urshifu-*, F|
|poke|p2|Slowking-Galar, M|
|poke|p2|Ursaluna, M|
|poke|p2|Sneasler, M|
|poke|p2|Garchomp, F|
|poke|p2|Gholdengo|
|poke|p2|Magearna|
|teampreview
|inactive|Battle timer is ON: inactive players will automatically lose when time's up. (requested by chi yuh yuh)
|inactive|bsantoso has 120 seconds left.
|inactive|bsantoso has 90 seconds left.
|
|t:|1685891920
|start
|switch|p1a: Great Tusk|Great Tusk|100/100
|switch|p2a: eden hazards|Garchomp, F|100/100
|turn|1
|
|t:|1685891926
|move|p1a: Great Tusk|Headlong Rush|p2a: eden hazards
|-damage|p2a: eden hazards|65/100
|-unboost|p1a: Great Tusk|def|1
|-unboost|p1a: Great Tusk|spd|1
|-damage|p1a: Great Tusk|88/100|[from] ability: Rough Skin|[of] p2a: eden hazards
|-damage|p1a: Great Tusk|72/100|[from] item: Rocky Helmet|[of] p2a: eden hazards
|move|p2a: eden hazards|Spikes|p1a: Great Tusk
|-sidestart|p1: bsantoso|Spikes
|
|-heal|p1a: Great Tusk|78/100|[from] item: Leftovers
|upkeep
|turn|2
|
|t:|1685891935
|move|p1a: Great Tusk|Close Combat|p2a: eden hazards
|-damage|p2a: eden hazards|26/100
|-unboost|p1a: Great Tusk|def|1
|-unboost|p1a: Great Tusk|spd|1
|-damage|p1a: Great Tusk|65/100|[from] ability: Rough Skin|[of] p2a: eden hazards
|-damage|p1a: Great Tusk|49/100|[from] item: Rocky Helmet|[of] p2a: eden hazards
|move|p2a: eden hazards|Earthquake|p1a: Great Tusk
|-damage|p1a: Great Tusk|0 fnt
|faint|p1a: Great Tusk
|-end|p1a: Great Tusk|Protosynthesis|[silent]
|
|upkeep
|
|t:|1685891944
|switch|p1a: Urshifu|Urshifu-Rapid-Strike, F|100/100
|-damage|p1a: Urshifu|88/100|[from] Spikes
|turn|3
|
|t:|1685891948
|move|p1a: Urshifu|Surging Strikes|p2a: eden hazards
|-crit|p2a: eden hazards
|-damage|p2a: eden hazards|11/100
|-crit|p2a: eden hazards
|-damage|p2a: eden hazards|0 fnt
|faint|p2a: eden hazards
|-hitcount|p2: eden hazards|2
|
|upkeep
|
|t:|1685891954
|switch|p2a: Magearna|Magearna|100/100
|turn|4
|
|t:|1685891960
|-terastallize|p1a: Urshifu|Water
|move|p1a: Urshifu|Surging Strikes|p2a: Magearna
|-crit|p2a: Magearna
|-damage|p2a: Magearna|81/100
|-crit|p2a: Magearna
|-damage|p2a: Magearna|61/100
|-crit|p2a: Magearna
|-damage|p2a: Magearna|43/100
|-hitcount|p2a: Magearna|3
|move|p2a: Magearna|Volt Switch|p1a: Urshifu
|-supereffective|p1a: Urshifu
|-crit|p1a: Urshifu
|-damage|p1a: Urshifu|0 fnt
|faint|p1a: Urshifu
|-ability|p2a: Magearna|Soul-Heart|boost
|-boost|p2a: Magearna|spa|1
|
|t:|1685891979
|switch|p2a: benjamins|Gholdengo|100/100|[from] Volt Switch
|
|upkeep
|
|t:|1685891985
|switch|p1a: Chien-Pao|Chien-Pao|100/100
|-damage|p1a: Chien-Pao|88/100|[from] Spikes
|-ability|p1a: Chien-Pao|Sword of Ruin
|turn|5
|
|t:|1685891988
|move|p2a: benjamins|Make It Rain|p1a: Chien-Pao
|-supereffective|p1a: Chien-Pao
|-damage|p1a: Chien-Pao|0 fnt
|-unboost|p2a: benjamins|spa|1
|faint|p1a: Chien-Pao
|
|upkeep
|
|t:|1685891991
|switch|p1a: Volcarona|Volcarona, F|100/100
|turn|6
|
|t:|1685891999
|switch|p2a: give it a day or 2|Ursaluna, M|100/100
|move|p1a: Volcarona|Quiver Dance|p1a: Volcarona
|-boost|p1a: Volcarona|spa|1
|-boost|p1a: Volcarona|spd|1
|-boost|p1a: Volcarona|spe|1
|
|-status|p2a: give it a day or 2|brn|[from] item: Flame Orb
|upkeep
|turn|7
|
|t:|1685892008
|-terastallize|p2a: give it a day or 2|Normal
|move|p1a: Volcarona|Giga Drain|p2a: give it a day or 2
|-damage|p2a: give it a day or 2|62/100 brn
|move|p2a: give it a day or 2|Facade|p1a: Volcarona
|-damage|p1a: Volcarona|0 fnt
|faint|p1a: Volcarona
|
|-damage|p2a: give it a day or 2|56/100 brn|[from] brn
|upkeep
|
|t:|1685892012
|switch|p1a: Sneasler|Sneasler, F|100/100
|turn|8
|
|t:|1685892020
|switch|p2a: Slowking|Slowking-Galar, M|100/100
|move|p1a: Sneasler|Close Combat|p2a: Slowking
|-resisted|p2a: Slowking
|-damage|p2a: Slowking|86/100
|-unboost|p1a: Sneasler|def|1
|-unboost|p1a: Sneasler|spd|1
|
|-heal|p2a: Slowking|92/100|[from] item: Leftovers
|upkeep
|turn|9
|
|t:|1685892044
|move|p1a: Sneasler|U-turn|p2a: Slowking
|-damage|p2a: Slowking|66/100
|
|t:|1685892045
|switch|p1a: Magearna|Magearna|100/100|[from] U-turn
|-damage|p1a: Magearna|88/100|[from] Spikes
|move|p2a: Slowking|Chilly Reception|p2a: Slowking
|-weather|Snow
|
|t:|1685892052
|switch|p2a: Sneasler|Sneasler, M|100/100|[from] Chilly Reception
|
|-weather|Snow|[upkeep]
|-heal|p1a: Magearna|94/100|[from] item: Leftovers
|upkeep
|turn|10
|
|t:|1685892056
|move|p2a: Sneasler|Close Combat|p1a: Magearna
|-damage|p1a: Magearna|16/100
|-unboost|p2a: Sneasler|def|1
|-unboost|p2a: Sneasler|spd|1
|move|p1a: Magearna|Fleur Cannon|p2a: Sneasler
|-damage|p2a: Sneasler|0 fnt
|-unboost|p1a: Magearna|spa|2
|faint|p2a: Sneasler
|-ability|p1a: Magearna|Soul-Heart|boost
|-boost|p1a: Magearna|spa|1
|
|-weather|Snow|[upkeep]
|-heal|p1a: Magearna|22/100|[from] item: Leftovers
|upkeep
|
|t:|1685892066
|switch|p2a: benjamins|Gholdengo|100/100
|turn|11
|
|t:|1685892078
|move|p2a: benjamins|Shadow Ball|p1a: Magearna
|-damage|p1a: Magearna|0 fnt
|faint|p1a: Magearna
|
|-weather|Snow|[upkeep]
|upkeep
|
|t:|1685892079
|switch|p1a: Sneasler|Sneasler, F|100/100
|turn|12
|-message|bsantoso forfeited.
|
|win|chi yuh yuh
|raw|bsantoso's rating: 1557 → 1542(-15 for losing)
|raw|chi yuh yuh's rating: 1651 → 1666(+15 for winning)
|l|☆bsantoso
|c|☆chi yuh yuh|gg
