|j|☆Galax666owo
|j|☆ch33ky20
|t:|1685819515
|gametype|singles
|player|p1|Galax666owo|valerie|1356
|player|p2|ch33ky20|2|1449
|teamsize|p1|6
|teamsize|p2|6
|gen|9
|tier|[Gen 9] OU
|rated|
|rule|Sleep Clause Mod: Limit one foe put to sleep
|rule|Species Clause: Limit one of each Pokémon
|rule|OHKO Clause: OHKO moves are banned
|rule|Evasion Items Clause: Evasion items are banned
|rule|Evasion Moves Clause: Evasion moves are banned
|rule|Endless Battle Clause: Forcing endless battles is banned
|rule|HP Percentage Mod: HP is shown in percentages
|clearpoke
|poke|p1|Goodra-Hisui, F|
|poke|p1|Tornadus-Therian, M|
|poke|p1|Sneasler, M|
|poke|p1|Great Tusk|
|poke|p1|Ursaluna, M|
|poke|p1|Dragapult, F|
|poke|p2|Ursaluna, M|
|poke|p2|Glastrier|
|poke|p2|Hoopa-Unbound|
|poke|p2|Magearna|
|poke|p2|Cresselia, F|
|poke|p2|Volcanion|
|teampreview
|inactive|Battle timer is ON: inactive players will automatically lose when time's up. (requested by ch33ky20)
|
|t:|1685819529
|start
|switch|p1a: Tornadus|Tornadus-Therian, M|100/100
|switch|p2a: Magearna|Magearna|100/100
|turn|1
|
|t:|1685819542
|move|p1a: Tornadus|Taunt|p2a: Magearna
|-start|p2a: Magearna|move: Taunt
|cant|p2a: Magearna|move: Taunt|Trick Room
|
|upkeep
|turn|2
|
|t:|1685819549
|move|p1a: Tornadus|U-turn|p2a: Magearna
|-resisted|p2a: Magearna
|-damage|p2a: Magearna|97/100
|
|t:|1685819552
|switch|p1a: Goodra|Goodra-Hisui, F|100/100|[from] U-turn
|move|p2a: Magearna|Ice Beam|p1a: Goodra
|-damage|p1a: Goodra|76/100
|
|-heal|p1a: Goodra|82/100|[from] item: Leftovers
|-heal|p2a: Magearna|100/100|[from] item: Leftovers
|upkeep
|turn|3
|
|t:|1685819559
|move|p1a: Goodra|Fire Blast|p2a: Magearna
|-supereffective|p2a: Magearna
|-crit|p2a: Magearna
|-damage|p2a: Magearna|15/100
|move|p2a: Magearna|Volt Switch|p1a: Goodra
|-resisted|p1a: Goodra
|-damage|p1a: Goodra|73/100
|
|t:|1685819569
|switch|p2a: Cresselia|Cresselia, F|100/100|[from] Volt Switch
|
|-heal|p1a: Goodra|79/100|[from] item: Leftovers
|upkeep
|turn|4
|
|t:|1685819574
|switch|p1a: Ursaluna|Ursaluna, M|100/100
|move|p2a: Cresselia|Trick Room|p2a: Cresselia
|-fieldstart|move: Trick Room|[of] p2a: Cresselia
|
|-status|p1a: Ursaluna|brn|[from] item: Flame Orb
|upkeep
|turn|5
|
|t:|1685819584
|move|p1a: Ursaluna|Facade|p2a: Cresselia
|-damage|p2a: Cresselia|18/100
|move|p2a: Cresselia|Lunar Dance|p2a: Cresselia
|faint|p2a: Cresselia
|
|-damage|p1a: Ursaluna|94/100 brn|[from] brn
|upkeep
|
|t:|1685819586
|switch|p2a: Magearna|Magearna|15/100
|-heal|p2a: Magearna|100/100|[from] move: Lunar Dance
|turn|6
|
|t:|1685819600
|switch|p2a: Glastrier|Glastrier|100/100
|move|p1a: Ursaluna|Earthquake|p2a: Glastrier
|-damage|p2a: Glastrier|44/100
|
|-damage|p1a: Ursaluna|88/100 brn|[from] brn
|upkeep
|turn|7
|
|t:|1685819616
|-terastallize|p1a: Ursaluna|Normal
|move|p2a: Glastrier|Icicle Crash|p1a: Ursaluna
|-damage|p1a: Ursaluna|34/100 brn
|cant|p1a: Ursaluna|flinch
|
|-damage|p1a: Ursaluna|28/100 brn|[from] brn
|upkeep
|turn|8
|-message|Galax666owo forfeited.
|
|win|ch33ky20
|raw|Galax666owo's rating: 1356 → 1341(-15 for losing)
|raw|ch33ky20's rating: 1449 → 1464(+15 for winning)
|l|☆Galax666owo
|c|☆ch33ky20|lucky me
