|j|☆bruiser4001
|j|☆PichaExplosiva
|t:|1685929169
|gametype|singles
|player|p1|bruiser4001|2|1445
|player|p2|PichaExplosiva|lance|1537
|teamsize|p1|6
|teamsize|p2|6
|gen|9
|tier|[Gen 9] OU
|rated|
|rule|Sleep Clause Mod: Limit one foe put to sleep
|rule|Species Clause: Limit one of each Pokémon
|rule|OHKO Clause: OHKO moves are banned
|rule|Evasion Items Clause: Evasion items are banned
|rule|Evasion Moves Clause: Evasion moves are banned
|rule|Endless Battle Clause: Forcing endless battles is banned
|rule|HP Percentage Mod: HP is shown in percentages
|clearpoke
|poke|p1|Sneasler, M|
|poke|p1|Magearna|
|poke|p1|Gholdengo|
|poke|p1|Dragapult, M|
|poke|p1|Landorus-Therian, M|
|poke|p1|Samurott-Hisui, M|
|poke|p2|Sneasler, F|
|poke|p2|Indeedee, M|
|poke|p2|Hatterene, F|
|poke|p2|Cinderace, F|
|poke|p2|Polteageist|
|poke|p2|Hawlucha, M|
|teampreview
|inactive|Battle timer is ON: inactive players will automatically lose when time's up. (requested by PichaExplosiva)
|
|t:|1685929189
|start
|switch|p1a: Sneasler|Sneasler, M|100/100
|switch|p2a: Indeedee|Indeedee, M|100/100
|-fieldstart|move: Psychic Terrain|[from] ability: Psychic Surge|[of] p2a: Indeedee
|turn|1
|
|t:|1685929194
|switch|p2a: Hatterene|Hatterene, F|100/100
|move|p1a: Sneasler|U-turn|p2a: Hatterene
|-damage|p2a: Hatterene|80/100
|-enditem|p2a: Hatterene|Eject Button
|
|t:|1685929201
|switch|p2a: Sneasler|Sneasler, F|100/100
|-enditem|p2a: Sneasler|Psychic Seed
|-boost|p2a: Sneasler|spd|1|[from] item: Psychic Seed
|
|upkeep
|turn|2
|
|t:|1685929220
|switch|p1a: Gholdengo|Gholdengo|100/100
|move|p2a: Sneasler|Swords Dance|p2a: Sneasler
|-boost|p2a: Sneasler|atk|2
|
|upkeep
|turn|3
|
|t:|1685929227
|-terastallize|p2a: Sneasler|Psychic
|move|p2a: Sneasler|Tera Blast|p1a: Gholdengo
|-resisted|p1a: Gholdengo
|-damage|p1a: Gholdengo|39/100
|move|p1a: Gholdengo|Make It Rain|p2a: Sneasler
|-damage|p2a: Sneasler|50/100
|-unboost|p1a: Gholdengo|spa|1
|
|upkeep
|turn|4
|
|t:|1685929239
|switch|p1a: Samurott|Samurott-Hisui, M|100/100
|move|p2a: Sneasler|Tera Blast|p1a: Samurott
|-immune|p1a: Samurott
|
|upkeep
|turn|5
|
|t:|1685929249
|switch|p1a: Gholdengo|Gholdengo|39/100
|move|p2a: Sneasler|Dire Claw|p1a: Gholdengo
|-immune|p1a: Gholdengo
|
|upkeep
|turn|6
|
|t:|1685929258
|move|p2a: Sneasler|Dire Claw|p1a: Gholdengo
|-immune|p1a: Gholdengo
|move|p1a: Gholdengo|Shadow Ball|p2a: Sneasler
|-supereffective|p2a: Sneasler
|-damage|p2a: Sneasler|0 fnt
|faint|p2a: Sneasler
|
|upkeep
|
|t:|1685929263
|switch|p2a: Hawlucha|Hawlucha, M|100/100
|-enditem|p2a: Hawlucha|Psychic Seed
|-boost|p2a: Hawlucha|spd|1|[from] item: Psychic Seed
|turn|7
|
|t:|1685929275
|move|p2a: Hawlucha|Swords Dance|p2a: Hawlucha
|-boost|p2a: Hawlucha|atk|2
|move|p1a: Gholdengo|Recover|p1a: Gholdengo
|-heal|p1a: Gholdengo|89/100
|
|upkeep
|turn|8
|
|t:|1685929280
|move|p2a: Hawlucha|Swords Dance|p2a: Hawlucha
|-boost|p2a: Hawlucha|atk|2
|move|p1a: Gholdengo|Shadow Ball|p2a: Hawlucha
|-damage|p2a: Hawlucha|62/100
|
|-fieldend|move: Psychic Terrain
|upkeep
|turn|9
|
|t:|1685929294
|move|p2a: Hawlucha|Acrobatics|p1a: Gholdengo
|-resisted|p1a: Gholdengo
|-damage|p1a: Gholdengo|23/100
|move|p1a: Gholdengo|Shadow Ball|p2a: Hawlucha
|-damage|p2a: Hawlucha|24/100
|
|upkeep
|turn|10
|
|t:|1685929301
|move|p2a: Hawlucha|Acrobatics|p1a: Gholdengo
|-resisted|p1a: Gholdengo
|-damage|p1a: Gholdengo|0 fnt
|faint|p1a: Gholdengo
|
|upkeep
|
|t:|1685929319
|switch|p1a: Samurott|Samurott-Hisui, M|100/100
|turn|11
|
|t:|1685929322
|move|p1a: Samurott|Sucker Punch|p2a: Hawlucha
|-resisted|p2a: Hawlucha
|-damage|p2a: Hawlucha|1/100
|move|p2a: Hawlucha|Acrobatics|p1a: Samurott
|-damage|p1a: Samurott|0 fnt
|faint|p1a: Samurott
|
|upkeep
|
|t:|1685929325
|switch|p1a: Landorus|Landorus-Therian, M|100/100
|-ability|p1a: Landorus|Intimidate|boost
|-unboost|p2a: Hawlucha|atk|1
|turn|12
|
|t:|1685929328
|move|p2a: Hawlucha|Acrobatics|p1a: Landorus
|-damage|p1a: Landorus|8/100
|-damage|p2a: Hawlucha|0 fnt|[from] item: Rocky Helmet|[of] p1a: Landorus
|faint|p2a: Hawlucha
|move|p1a: Landorus|U-turn|p2: Hawlucha|[notarget]
|-fail|p1a: Landorus
|
|upkeep
|
|t:|1685929335
|switch|p2a: Indeedee|Indeedee, M|100/100
|-fieldstart|move: Psychic Terrain|[from] ability: Psychic Surge|[of] p2a: Indeedee
|turn|13
|
|t:|1685929341
|move|p2a: Indeedee|Healing Wish|p2a: Indeedee
|faint|p2a: Indeedee
|move|p1a: Landorus|U-turn|p2: Indeedee|[notarget]
|-fail|p1a: Landorus
|
|upkeep
|
|t:|1685929345
|switch|p2a: Polteageist|Polteageist|100/100
|turn|14
|
|t:|1685929352
|move|p2a: Polteageist|Shell Smash|p2a: Polteageist
|-unboost|p2a: Polteageist|def|1
|-unboost|p2a: Polteageist|spd|1
|-boost|p2a: Polteageist|atk|2
|-boost|p2a: Polteageist|spa|2
|-boost|p2a: Polteageist|spe|2
|move|p1a: Landorus|Earthquake|p2a: Polteageist
|-enditem|p2a: Polteageist|Focus Sash
|-damage|p2a: Polteageist|1/100
|-ability|p2a: Polteageist|Weak Armor|boost
|-unboost|p2a: Polteageist|def|1
|-boost|p2a: Polteageist|spe|2
|
|upkeep
|turn|15
|
|t:|1685929360
|move|p2a: Polteageist|Stored Power|p1a: Landorus
|-damage|p1a: Landorus|0 fnt
|faint|p1a: Landorus
|
|upkeep
|
|t:|1685929365
|switch|p1a: Magearna|Magearna|100/100
|turn|16
|
|t:|1685929375
|move|p2a: Polteageist|Stored Power|p1a: Magearna
|-resisted|p1a: Magearna
|-damage|p1a: Magearna|24/100
|move|p1a: Magearna|Stored Power|p2a: Polteageist
|-damage|p2a: Polteageist|0 fnt
|faint|p2a: Polteageist
|-ability|p1a: Magearna|Soul-Heart|boost
|-boost|p1a: Magearna|spa|1
|
|-heal|p1a: Magearna|30/100|[from] item: Leftovers
|upkeep
|
|t:|1685929378
|switch|p2a: Cinderace|Cinderace, F|100/100
|turn|17
|
|t:|1685929398
|move|p2a: Cinderace|Pyro Ball|p1a: Magearna
|-supereffective|p1a: Magearna
|-damage|p1a: Magearna|0 fnt
|faint|p1a: Magearna
|
|upkeep
|
|t:|1685929412
|switch|p1a: Sneasler|Sneasler, M|100/100
|turn|18
|
|t:|1685929420
|move|p1a: Sneasler|Dire Claw|p2a: Cinderace
|-damage|p2a: Cinderace|45/100
|-status|p2a: Cinderace|psn|[from] ability: Poison Touch|[of] p1a: Sneasler
|move|p2a: Cinderace|Zen Headbutt|p1a: Sneasler|[miss]
|-start|p2a: Cinderace|typechange|Psychic|[from] ability: Libero
|-miss|p2a: Cinderace|p1a: Sneasler
|
|-damage|p2a: Cinderace|32/100 psn|[from] psn
|upkeep
|turn|19
|
|t:|1685929428
|move|p1a: Sneasler|Dire Claw|p2a: Cinderace
|-damage|p2a: Cinderace|0 fnt
|faint|p2a: Cinderace
|
|upkeep
|
|t:|1685929429
|switch|p2a: Hatterene|Hatterene, F|80/100
|-heal|p2a: Hatterene|100/100|[from] move: Healing Wish
|turn|20
|
|t:|1685929432
|move|p1a: Sneasler|Dire Claw|p2a: Hatterene
|-supereffective|p2a: Hatterene
|-crit|p2a: Hatterene
|-damage|p2a: Hatterene|0 fnt
|faint|p2a: Hatterene
|
|win|bruiser4001
|raw|bruiser4001's rating: 1445 → 1470(+25 for winning)
|raw|PichaExplosiva's rating: 1537 → 1512(-25 for losing)
|l|☆PichaExplosiva
