|j|☆Waluboi
|j|☆poshojej
|t:|1685825045
|gametype|singles
|player|p1|Waluboi|102|1040
|player|p2|poshojej|101|1052
|teamsize|p1|6
|teamsize|p2|6
|gen|9
|tier|[Gen 9] OU
|rated|
|rule|Sleep Clause Mod: Limit one foe put to sleep
|rule|Species Clause: Limit one of each Pokémon
|rule|OHKO Clause: OHKO moves are banned
|rule|Evasion Items Clause: Evasion items are banned
|rule|Evasion Moves Clause: Evasion moves are banned
|rule|Endless Battle Clause: Forcing endless battles is banned
|rule|HP Percentage Mod: HP is shown in percentages
|clearpoke
|poke|p1|Ursaluna, M|
|poke|p1|Thundurus-Therian, M|
|poke|p1|Ceruledge, F|
|poke|p1|Hoopa-Unbound|
|poke|p1|Hydreigon, F|
|poke|p1|Torkoal, F|
|poke|p2|Gardevoir, M|
|poke|p2|Gengar, M|
|poke|p2|Arcanine-Hisui, F|
|poke|p2|Hydreigon, M|
|poke|p2|Meowscarada, M|
|poke|p2|Toxapex, M|
|teampreview
|
|t:|1685825052
|start
|switch|p1a: Funni hole|Hoopa-Unbound|100/100
|switch|p2a: Toxapex|Toxapex, M|100/100
|turn|1
|
|t:|1685825058
|move|p2a: Toxapex|Toxic Spikes|p1a: Funni hole
|-sidestart|p1: Waluboi|move: Toxic Spikes
|move|p1a: Funni hole|Trick Room|p1a: Funni hole
|-fieldstart|move: Trick Room|[of] p1a: Funni hole
|
|upkeep
|turn|2
|
|t:|1685825067
|move|p2a: Toxapex|Surf|p1a: Funni hole
|-damage|p1a: Funni hole|90/100
|move|p1a: Funni hole|Hyperspace Fury|p2a: Toxapex
|-damage|p2a: Toxapex|65/100
|-unboost|p1a: Funni hole|def|1
|
|-heal|p2a: Toxapex|71/100|[from] item: Leftovers
|upkeep
|turn|3
|
|t:|1685825077
|move|p2a: Toxapex|Surf|p1a: Funni hole
|-damage|p1a: Funni hole|79/100
|move|p1a: Funni hole|Nasty Plot|p1a: Funni hole
|-boost|p1a: Funni hole|spa|2
|
|-heal|p2a: Toxapex|77/100|[from] item: Leftovers
|upkeep
|turn|4
|
|t:|1685825095
|move|p2a: Toxapex|Surf|p1a: Funni hole
|-damage|p1a: Funni hole|67/100
|move|p1a: Funni hole|Hyperspace Fury|p2a: Toxapex
|-damage|p2a: Toxapex|46/100
|-unboost|p1a: Funni hole|def|1
|
|-heal|p2a: Toxapex|52/100|[from] item: Leftovers
|upkeep
|turn|5
|
|t:|1685825104
|move|p2a: Toxapex|Recover|p2a: Toxapex
|-heal|p2a: Toxapex|100/100
|move|p1a: Funni hole|Hyperspace Fury|p2a: Toxapex
|-damage|p2a: Toxapex|67/100
|-unboost|p1a: Funni hole|def|1
|
|-heal|p2a: Toxapex|73/100|[from] item: Leftovers
|-fieldend|move: Trick Room
|upkeep
|turn|6
|
|t:|1685825118
|move|p2a: Toxapex|Surf|p1a: Funni hole
|-damage|p1a: Funni hole|57/100
|move|p1a: Funni hole|Trick Room|p1a: Funni hole
|-fieldstart|move: Trick Room|[of] p1a: Funni hole
|
|-heal|p2a: Toxapex|79/100|[from] item: Leftovers
|upkeep
|turn|7
|
|t:|1685825127
|switch|p1a: The cloud|Thundurus-Therian, M|100/100
|move|p2a: Toxapex|Surf|p1a: The cloud
|-damage|p1a: The cloud|74/100
|
|-heal|p2a: Toxapex|85/100|[from] item: Leftovers
|upkeep
|turn|8
|
|t:|1685825141
|move|p2a: Toxapex|Surf|p1a: The cloud
|-damage|p1a: The cloud|48/100
|move|p1a: The cloud|Thunderbolt|p2a: Toxapex
|-supereffective|p2a: Toxapex
|-damage|p2a: Toxapex|6/100
|
|-heal|p2a: Toxapex|12/100|[from] item: Leftovers
|upkeep
|turn|9
|
|t:|1685825178
|move|p2a: Toxapex|Recover|p2a: Toxapex
|-heal|p2a: Toxapex|62/100
|move|p1a: The cloud|Volt Switch|p2a: Toxapex
|-supereffective|p2a: Toxapex
|-damage|p2a: Toxapex|0 fnt
|faint|p2a: Toxapex
|
|t:|1685825195
|switch|p1a: Bear|Ursaluna, M|100/100|[from] Volt Switch
|
|upkeep
|
|t:|1685825209
|switch|p2a: Arcanine|Arcanine-Hisui, F|100/100
|-ability|p2a: Arcanine|Intimidate|boost
|-unboost|p1a: Bear|atk|1
|turn|10
|
|t:|1685825242
|move|p1a: Bear|Earthquake|p2a: Arcanine
|-supereffective|p2a: Arcanine
|-damage|p2a: Arcanine|0 fnt
|faint|p2a: Arcanine
|
|-fieldend|move: Trick Room
|upkeep
|
|t:|1685825250
|switch|p2a: Hydreigon|Hydreigon, M|100/100
|turn|11
|
|t:|1685825269
|move|p2a: Hydreigon|Nasty Plot|p2a: Hydreigon
|-boost|p2a: Hydreigon|spa|2
|move|p1a: Bear|Yawn|p2a: Hydreigon
|-start|p2a: Hydreigon|move: Yawn|[of] p1a: Bear
|
|upkeep
|turn|12
|
|t:|1685825287
|move|p2a: Hydreigon|Earth Power|p1a: Bear
|-damage|p1a: Bear|45/100
|move|p1a: Bear|Bulk Up|p1a: Bear
|-boost|p1a: Bear|atk|1
|-boost|p1a: Bear|def|1
|
|-end|p2a: Hydreigon|move: Yawn|[silent]
|-status|p2a: Hydreigon|slp
|upkeep
|turn|13
|
|t:|1685825298
|cant|p2a: Hydreigon|slp
|move|p1a: Bear|Hammer Arm|p2a: Hydreigon
|-supereffective|p2a: Hydreigon
|-crit|p2a: Hydreigon
|-damage|p2a: Hydreigon|0 fnt
|-unboost|p1a: Bear|spe|1
|faint|p2a: Hydreigon
|
|upkeep
|
|t:|1685825311
|switch|p2a: Meowscarada|Meowscarada, M|100/100
|turn|14
|
|t:|1685825337
|switch|p1a: Dead Demon slayer|Ceruledge, F|100/100
|-status|p1a: Dead Demon slayer|psn
|move|p2a: Meowscarada|Flower Trick|p1a: Dead Demon slayer
|-start|p2a: Meowscarada|typechange|Grass|[from] ability: Protean
|-resisted|p1a: Dead Demon slayer
|-crit|p1a: Dead Demon slayer
|-damage|p1a: Dead Demon slayer|65/100 psn
|-ability|p1a: Dead Demon slayer|Weak Armor|boost
|-unboost|p1a: Dead Demon slayer|def|1
|-boost|p1a: Dead Demon slayer|spe|2
|
|-damage|p1a: Dead Demon slayer|52/100 psn|[from] psn
|upkeep
|turn|15
|
|t:|1685825388
|move|p1a: Dead Demon slayer|Bitter Blade|p2a: Meowscarada
|-supereffective|p2a: Meowscarada
|-damage|p2a: Meowscarada|0 fnt
|-heal|p1a: Dead Demon slayer|100/100 psn|[from] drain|[of] p2a: Meowscarada
|faint|p2a: Meowscarada
|
|-damage|p1a: Dead Demon slayer|88/100 psn|[from] psn
|upkeep
|
|t:|1685825399
|switch|p2a: Gardevoir|Gardevoir, M|100/100
|-ability|p2a: Gardevoir|Weak Armor|[from] ability: Trace|[of] p1a: Dead Demon slayer
|turn|16
|
|t:|1685825418
|-terastallize|p2a: Gardevoir|Fairy
|move|p1a: Dead Demon slayer|Destiny Bond|p1a: Dead Demon slayer
|-singlemove|p1a: Dead Demon slayer|Destiny Bond
|move|p2a: Gardevoir|Knock Off|p1a: Dead Demon slayer
|-supereffective|p1a: Dead Demon slayer
|-damage|p1a: Dead Demon slayer|27/100 psn
|-ability|p1a: Dead Demon slayer|Weak Armor|boost
|-unboost|p1a: Dead Demon slayer|def|1
|-boost|p1a: Dead Demon slayer|spe|2
|-enditem|p1a: Dead Demon slayer|Focus Sash|[from] move: Knock Off|[of] p2a: Gardevoir
|
|-damage|p1a: Dead Demon slayer|15/100 psn|[from] psn
|upkeep
|turn|17
|
|t:|1685825435
|switch|p2a: Gengar|Gengar, M|100/100
|move|p1a: Dead Demon slayer|Bitter Blade|p2a: Gengar
|-damage|p2a: Gengar|4/100
|-heal|p1a: Dead Demon slayer|58/100 psn|[from] drain|[of] p2a: Gengar
|
|-damage|p1a: Dead Demon slayer|46/100 psn|[from] psn
|upkeep
|turn|18
|
|t:|1685825446
|move|p1a: Dead Demon slayer|Bitter Blade|p2a: Gengar
|-damage|p2a: Gengar|0 fnt
|-heal|p1a: Dead Demon slayer|47/100 psn|[from] drain|[of] p2a: Gengar
|faint|p2a: Gengar
|
|-damage|p1a: Dead Demon slayer|35/100 psn|[from] psn
|upkeep
|
|t:|1685825452
|switch|p2a: Gardevoir|Gardevoir, M, tera:Fairy|100/100
|-ability|p2a: Gardevoir|Weak Armor|[from] ability: Trace|[of] p1a: Dead Demon slayer
|turn|19
|
|t:|1685825466
|move|p1a: Dead Demon slayer|Bitter Blade|p2a: Gardevoir
|-damage|p2a: Gardevoir|17/100
|-heal|p1a: Dead Demon slayer|75/100 psn|[from] drain|[of] p2a: Gardevoir
|-ability|p2a: Gardevoir|Weak Armor|boost
|-unboost|p2a: Gardevoir|def|1
|-boost|p2a: Gardevoir|spe|2
|move|p2a: Gardevoir|Moonblast|p1a: Dead Demon slayer
|-resisted|p1a: Dead Demon slayer
|-damage|p1a: Dead Demon slayer|39/100 psn
|
|-damage|p1a: Dead Demon slayer|26/100 psn|[from] psn
|upkeep
|turn|20
|
|t:|1685825498
|move|p1a: Dead Demon slayer|Destiny Bond|p1a: Dead Demon slayer
|-singlemove|p1a: Dead Demon slayer|Destiny Bond
|move|p2a: Gardevoir|Moonblast|p1a: Dead Demon slayer
|-resisted|p1a: Dead Demon slayer
|-damage|p1a: Dead Demon slayer|0 fnt
|faint|p1a: Dead Demon slayer
|-activate|p1a: Dead Demon slayer|move: Destiny Bond
|faint|p2a: Gardevoir
|
|win|Waluboi
|raw|Waluboi's rating: 1040 → 1075(+35 for winning)
|raw|poshojej's rating: 1052 → 1034(-18 for losing)
|l|☆poshojej
