|j|☆Antid6te
|j|☆crebnar
|t:|1685919897
|gametype|singles
|player|p1|Antid6te|burglar|1345
|player|p2|crebnar|pokemonbreeder|1315
|teamsize|p1|6
|teamsize|p2|6
|gen|9
|tier|[Gen 9] OU
|rated|
|rule|Sleep Clause Mod: Limit one foe put to sleep
|rule|Species Clause: Limit one of each Pokémon
|rule|OHKO Clause: OHKO moves are banned
|rule|Evasion Items Clause: Evasion items are banned
|rule|Evasion Moves Clause: Evasion moves are banned
|rule|Endless Battle Clause: Forcing endless battles is banned
|rule|HP Percentage Mod: HP is shown in percentages
|clearpoke
|poke|p1|Heatran, F|
|poke|p1|Dragapult, F|
|poke|p1|Enamorus, F|
|poke|p1|Urshifu-*, M|
|poke|p1|Zapdos|
|poke|p1|Great Tusk|
|poke|p2|Arcanine-Hisui, M|
|poke|p2|Clodsire, F|
|poke|p2|Slowbro-Galar, F|
|poke|p2|Hydreigon, F|
|poke|p2|Zarude-Dada|
|poke|p2|Corviknight, M|
|teampreview
|
|t:|1685919912
|start
|switch|p1a: Enamorus|Enamorus, F|100/100
|switch|p2a: jablinksy games|Arcanine-Hisui, M, shiny|100/100
|turn|1
|
|t:|1685919917
|move|p1a: Enamorus|Superpower|p2a: jablinksy games
|-supereffective|p2a: jablinksy games
|-damage|p2a: jablinksy games|4/100
|-boost|p1a: Enamorus|atk|1
|-boost|p1a: Enamorus|def|1
|move|p2a: jablinksy games|Head Smash|p1a: Enamorus
|-supereffective|p1a: Enamorus
|-damage|p1a: Enamorus|0 fnt
|faint|p1a: Enamorus
|
|upkeep
|
|t:|1685919938
|switch|p1a: Urshifu|Urshifu-Rapid-Strike, M|100/100
|turn|2
|inactive|Battle timer is ON: inactive players will automatically lose when time's up. (requested by Antid6te)
|
|t:|1685919967
|switch|p2a: Him|Clodsire, F|100/100
|move|p1a: Urshifu|U-turn|p2a: Him
|-resisted|p2a: Him
|-damage|p2a: Him|89/100
|-damage|p1a: Urshifu|84/100|[from] item: Rocky Helmet|[of] p2a: Him
|
|t:|1685919972
|switch|p1a: Great Tusk|Great Tusk|100/100|[from] U-turn
|-enditem|p1a: Great Tusk|Booster Energy
|-activate|p1a: Great Tusk|ability: Protosynthesis|[fromitem]
|-start|p1a: Great Tusk|protosynthesisspe
|
|upkeep
|turn|3
|
|t:|1685919979
|switch|p2a: Corviknight|Corviknight, M|100/100
|-ability|p2a: Corviknight|Pressure
|move|p1a: Great Tusk|Knock Off|p2a: Corviknight
|-damage|p2a: Corviknight|82/100
|-enditem|p2a: Corviknight|Leftovers|[from] move: Knock Off|[of] p1a: Great Tusk
|
|upkeep
|turn|4
|
|t:|1685919986
|move|p1a: Great Tusk|Stealth Rock|p2a: Corviknight
|-sidestart|p2: crebnar|move: Stealth Rock
|move|p2a: Corviknight|Brave Bird|p1a: Great Tusk
|-supereffective|p1a: Great Tusk
|-damage|p1a: Great Tusk|50/100
|-damage|p2a: Corviknight|64/100|[from] Recoil
|
|upkeep
|turn|5
|
|t:|1685919994
|-end|p1a: Great Tusk|Protosynthesis|[silent]
|switch|p1a: Heatran|Heatran, F|100/100
|move|p2a: Corviknight|Roost|p2a: Corviknight
|-heal|p2a: Corviknight|100/100
|-singleturn|p2a: Corviknight|move: Roost
|
|upkeep
|turn|6
|
|t:|1685920011
|switch|p2a: Him|Clodsire, F|89/100
|-damage|p2a: Him|83/100|[from] Stealth Rock
|move|p1a: Heatran|Magma Storm|p2a: Him
|-damage|p2a: Him|57/100
|-activate|p2a: Him|move: Magma Storm|[of] p1a: Heatran
|
|-damage|p2a: Him|44/100|[from] move: Magma Storm|[partiallytrapped]
|upkeep
|turn|7
|
|t:|1685920020
|move|p1a: Heatran|Earth Power|p2a: Him
|-supereffective|p2a: Him
|-damage|p2a: Him|18/100
|move|p2a: Him|Recover|p2a: Him
|-heal|p2a: Him|68/100
|
|-damage|p2a: Him|55/100|[from] move: Magma Storm|[partiallytrapped]
|upkeep
|turn|8
|
|t:|1685920028
|switch|p1a: Great Tusk|Great Tusk|50/100
|move|p2a: Him|Recover|p2a: Him
|-heal|p2a: Him|100/100
|
|-end|p2a: Him|Magma Storm|[partiallytrapped]|[silent]
|upkeep
|turn|9
|
|t:|1685920040
|-end|p1a: Great Tusk|Protosynthesis|[silent]
|switch|p1a: Dragapult|Dragapult, F|100/100
|switch|p2a: Corviknight|Corviknight, M|100/100
|-damage|p2a: Corviknight|88/100|[from] Stealth Rock
|-ability|p2a: Corviknight|Pressure
|
|upkeep
|turn|10
|
|t:|1685920048
|move|p1a: Dragapult|Will-O-Wisp|p2a: Corviknight
|-status|p2a: Corviknight|brn
|move|p2a: Corviknight|Defog|p1a: Dragapult
|-unboost|p1a: Dragapult|evasion|1
|-sideend|p2: crebnar|Stealth Rock|[from] move: Defog|[of] p2a: Corviknight
|
|-damage|p2a: Corviknight|82/100 brn|[from] brn
|upkeep
|turn|11
|
|t:|1685920055
|switch|p2a: Daddy's lil gamer|Zarude-Dada|100/100
|move|p1a: Dragapult|Substitute|p1a: Dragapult
|-start|p1a: Dragapult|Substitute
|-damage|p1a: Dragapult|76/100
|
|-heal|p1a: Dragapult|82/100|[from] item: Leftovers
|upkeep
|turn|12
|
|t:|1685920062
|move|p1a: Dragapult|Will-O-Wisp|p2a: Daddy's lil gamer
|-status|p2a: Daddy's lil gamer|brn
|move|p2a: Daddy's lil gamer|Power Whip|p1a: Dragapult
|-resisted|p1a: Dragapult
|-activate|p1a: Dragapult|move: Substitute|[damage]
|
|-heal|p1a: Dragapult|88/100|[from] item: Leftovers
|-damage|p2a: Daddy's lil gamer|94/100 brn|[from] brn
|upkeep
|turn|13
|
|t:|1685920072
|move|p1a: Dragapult|Dragon Darts|p2a: Daddy's lil gamer
|-damage|p2a: Daddy's lil gamer|78/100 brn
|-anim|p1a: Dragapult|Dragon Darts|p2a: Daddy's lil gamer
|-damage|p2a: Daddy's lil gamer|59/100 brn
|move|p2a: Daddy's lil gamer|Jungle Healing|p2a: Daddy's lil gamer
|-heal|p2a: Daddy's lil gamer|84/100 brn
|-curestatus|p2a: Daddy's lil gamer|brn|[msg]
|
|-heal|p1a: Dragapult|94/100|[from] item: Leftovers
|-heal|p2a: Daddy's lil gamer|90/100|[from] item: Leftovers
|upkeep
|turn|14
|
|t:|1685920085
|move|p1a: Dragapult|Will-O-Wisp|p2a: Daddy's lil gamer
|-status|p2a: Daddy's lil gamer|brn
|move|p2a: Daddy's lil gamer|Bulk Up|p2a: Daddy's lil gamer
|-boost|p2a: Daddy's lil gamer|atk|1
|-boost|p2a: Daddy's lil gamer|def|1
|
|-heal|p1a: Dragapult|99/100|[from] item: Leftovers
|-heal|p2a: Daddy's lil gamer|96/100 brn|[from] item: Leftovers
|-damage|p2a: Daddy's lil gamer|90/100 brn|[from] brn
|upkeep
|turn|15
|
|t:|1685920097
|switch|p1a: Zapdos|Zapdos|100/100
|move|p2a: Daddy's lil gamer|Jungle Healing|p2a: Daddy's lil gamer
|-heal|p2a: Daddy's lil gamer|100/100 brn
|-curestatus|p2a: Daddy's lil gamer|brn|[msg]
|
|upkeep
|turn|16
|
|t:|1685920109
|switch|p2a: Corviknight|Corviknight, M|82/100 brn
|-ability|p2a: Corviknight|Pressure
|move|p1a: Zapdos|Hurricane|p2a: Corviknight
|-resisted|p2a: Corviknight
|-damage|p2a: Corviknight|61/100 brn
|-start|p2a: Corviknight|confusion
|
|-damage|p2a: Corviknight|55/100 brn|[from] brn
|upkeep
|turn|17
|
|t:|1685920119
|switch|p2a: Him|Clodsire, F|100/100
|move|p1a: Zapdos|Heat Wave|p2a: Him
|-crit|p2a: Him
|-damage|p2a: Him|80/100
|
|upkeep
|turn|18
|
|t:|1685920148
|switch|p1a: Heatran|Heatran, F|100/100
|move|p2a: Him|Earthquake|p1a: Heatran
|-supereffective|p1a: Heatran
|-damage|p1a: Heatran|16/100
|
|-heal|p1a: Heatran|22/100|[from] item: Leftovers
|upkeep
|turn|19
|
|t:|1685920158
|move|p1a: Heatran|Taunt|p2a: Him
|-start|p2a: Him|move: Taunt
|cant|p2a: Him|move: Taunt|Stealth Rock
|
|-heal|p1a: Heatran|28/100|[from] item: Leftovers
|upkeep
|turn|20
|
|t:|1685920164
|move|p1a: Heatran|Stealth Rock|p2a: Him
|-sidestart|p2: crebnar|move: Stealth Rock
|move|p2a: Him|Earthquake|p1a: Heatran
|-supereffective|p1a: Heatran
|-damage|p1a: Heatran|0 fnt
|faint|p1a: Heatran
|
|upkeep
|
|t:|1685920170
|switch|p1a: Great Tusk|Great Tusk|50/100
|turn|21
|
|t:|1685920176
|switch|p2a: Corviknight|Corviknight, M|55/100 brn
|-damage|p2a: Corviknight|42/100 brn|[from] Stealth Rock
|-ability|p2a: Corviknight|Pressure
|move|p1a: Great Tusk|Rapid Spin|p2a: Corviknight
|-resisted|p2a: Corviknight
|-damage|p2a: Corviknight|38/100 brn
|-boost|p1a: Great Tusk|spe|1
|
|-damage|p2a: Corviknight|32/100 brn|[from] brn
|upkeep
|turn|22
|
|t:|1685920192
|-end|p1a: Great Tusk|Protosynthesis|[silent]
|switch|p1a: Zapdos|Zapdos|100/100
|move|p2a: Corviknight|Roost|p2a: Corviknight
|-heal|p2a: Corviknight|82/100 brn
|-singleturn|p2a: Corviknight|move: Roost
|
|-damage|p2a: Corviknight|76/100 brn|[from] brn
|upkeep
|turn|23
|
|t:|1685920199
|move|p1a: Zapdos|Heat Wave|p2a: Corviknight
|-supereffective|p2a: Corviknight
|-damage|p2a: Corviknight|26/100 brn
|move|p2a: Corviknight|Defog|p1a: Zapdos
|-unboost|p1a: Zapdos|evasion|1
|-sideend|p2: crebnar|Stealth Rock|[from] move: Defog|[of] p2a: Corviknight
|
|-damage|p2a: Corviknight|19/100 brn|[from] brn
|upkeep
|turn|24
|
|t:|1685920207
|switch|p2a: The numbers mason|Slowbro-Galar, F|100/100
|move|p1a: Zapdos|Heat Wave|p2a: The numbers mason
|-damage|p2a: The numbers mason|83/100
|-status|p2a: The numbers mason|brn
|
|-damage|p2a: The numbers mason|77/100 brn|[from] brn
|upkeep
|turn|25
|
|t:|1685920231
|move|p1a: Zapdos|Hurricane|p2a: The numbers mason|[miss]
|-miss|p1a: Zapdos|p2a: The numbers mason
|move|p2a: The numbers mason|Hydro Pump|p1a: Zapdos
|-damage|p1a: Zapdos|71/100
|
|-damage|p2a: The numbers mason|71/100 brn|[from] brn
|upkeep
|turn|26
|
|t:|1685920238
|move|p1a: Zapdos|Hurricane|p2a: The numbers mason
|-damage|p2a: The numbers mason|41/100 brn
|move|p2a: The numbers mason|Acid Spray|p1a: Zapdos
|-damage|p1a: Zapdos|56/100
|-unboost|p1a: Zapdos|spd|2
|
|-damage|p2a: The numbers mason|35/100 brn|[from] brn
|upkeep
|turn|27
|
|t:|1685920260
|switch|p1a: Dragapult|Dragapult, F|99/100
|switch|p2a: Corviknight|Corviknight, M|19/100 brn
|-ability|p2a: Corviknight|Pressure
|
|-heal|p1a: Dragapult|100/100|[from] item: Leftovers
|-damage|p2a: Corviknight|13/100 brn|[from] brn
|upkeep
|turn|28
|
|t:|1685920269
|move|p1a: Dragapult|Hex|p2a: Corviknight
|-damage|p2a: Corviknight|0 fnt
|faint|p2a: Corviknight
|
|upkeep
|
|t:|1685920275
|switch|p2a: Daddy's lil gamer|Zarude-Dada|100/100
|turn|29
|
|t:|1685920279
|move|p1a: Dragapult|Will-O-Wisp|p2a: Daddy's lil gamer
|-status|p2a: Daddy's lil gamer|brn
|move|p2a: Daddy's lil gamer|Bulk Up|p2a: Daddy's lil gamer
|-boost|p2a: Daddy's lil gamer|atk|1
|-boost|p2a: Daddy's lil gamer|def|1
|
|-damage|p2a: Daddy's lil gamer|94/100 brn|[from] brn
|upkeep
|turn|30
|
|t:|1685920287
|switch|p1a: Zapdos|Zapdos|56/100
|move|p2a: Daddy's lil gamer|Bulk Up|p2a: Daddy's lil gamer
|-boost|p2a: Daddy's lil gamer|atk|1
|-boost|p2a: Daddy's lil gamer|def|1
|
|-heal|p2a: Daddy's lil gamer|100/100 brn|[from] item: Leftovers
|-damage|p2a: Daddy's lil gamer|94/100 brn|[from] brn
|upkeep
|turn|31
|
|t:|1685920295
|-terastallize|p2a: Daddy's lil gamer|Fairy
|move|p2a: Daddy's lil gamer|Jungle Healing|p2a: Daddy's lil gamer
|-heal|p2a: Daddy's lil gamer|100/100 brn
|-curestatus|p2a: Daddy's lil gamer|brn|[msg]
|move|p1a: Zapdos|Heat Wave|p2a: Daddy's lil gamer
|-damage|p2a: Daddy's lil gamer|79/100
|-status|p2a: Daddy's lil gamer|brn
|
|-heal|p2a: Daddy's lil gamer|85/100 brn|[from] item: Leftovers
|-damage|p2a: Daddy's lil gamer|79/100 brn|[from] brn
|upkeep
|turn|32
|
|t:|1685920312
|move|p2a: Daddy's lil gamer|Jungle Healing|p2a: Daddy's lil gamer
|-heal|p2a: Daddy's lil gamer|100/100 brn
|-curestatus|p2a: Daddy's lil gamer|brn|[msg]
|move|p1a: Zapdos|Hurricane|p2a: Daddy's lil gamer
|-damage|p2a: Daddy's lil gamer|61/100
|
|-heal|p2a: Daddy's lil gamer|67/100|[from] item: Leftovers
|upkeep
|turn|33
|
|t:|1685920326
|move|p2a: Daddy's lil gamer|Power Whip|p1a: Zapdos|[miss]
|-miss|p2a: Daddy's lil gamer|p1a: Zapdos
|move|p1a: Zapdos|Volt Switch|p2a: Daddy's lil gamer
|-damage|p2a: Daddy's lil gamer|43/100
|
|t:|1685920333
|switch|p1a: Dragapult|Dragapult, F|100/100|[from] Volt Switch
|
|-heal|p2a: Daddy's lil gamer|49/100|[from] item: Leftovers
|upkeep
|turn|34
|
|t:|1685920342
|move|p1a: Dragapult|Will-O-Wisp|p2a: Daddy's lil gamer
|-status|p2a: Daddy's lil gamer|brn
|move|p2a: Daddy's lil gamer|Jungle Healing|p2a: Daddy's lil gamer
|-heal|p2a: Daddy's lil gamer|73/100 brn
|-curestatus|p2a: Daddy's lil gamer|brn|[msg]
|
|-heal|p2a: Daddy's lil gamer|79/100|[from] item: Leftovers
|upkeep
|turn|35
|
|t:|1685920356
|move|p1a: Dragapult|Hex|p2a: Daddy's lil gamer
|-damage|p2a: Daddy's lil gamer|56/100
|move|p2a: Daddy's lil gamer|Power Whip|p1a: Dragapult
|-resisted|p1a: Dragapult
|-damage|p1a: Dragapult|0 fnt
|faint|p1a: Dragapult
|
|-heal|p2a: Daddy's lil gamer|62/100|[from] item: Leftovers
|upkeep
|
|t:|1685920366
|switch|p1a: Urshifu|Urshifu-Rapid-Strike, M|84/100
|turn|36
|
|t:|1685920372
|switch|p2a: Him|Clodsire, F|80/100
|move|p1a: Urshifu|Surging Strikes|p2a: Him
|-heal|p2a: Him|100/100|[from] ability: Water Absorb|[of] p1a: Urshifu
|
|upkeep
|turn|37
|-message|Antid6te forfeited.
|
|win|crebnar
|raw|Antid6te's rating: 1345 → 1323(-22 for losing)
|raw|crebnar's rating: 1315 → 1337(+22 for winning)
|l|☆Antid6te
