|j|☆AtulZard
|j|☆Vualpix
|t:|1685856456
|gametype|singles
|player|p1|AtulZard|riley|1000
|player|p2|Vualpix|hexmaniac-gen6|1027
|teamsize|p1|6
|teamsize|p2|6
|gen|9
|tier|[Gen 9] OU
|rated|
|rule|Sleep Clause Mod: Limit one foe put to sleep
|rule|Species Clause: Limit one of each Pokémon
|rule|OHKO Clause: OHKO moves are banned
|rule|Evasion Items Clause: Evasion items are banned
|rule|Evasion Moves Clause: Evasion moves are banned
|rule|Endless Battle Clause: Forcing endless battles is banned
|rule|HP Percentage Mod: HP is shown in percentages
|clearpoke
|poke|p1|Sinistea-Antique|
|poke|p1|Arcanine-Hisui, M|
|poke|p1|Azumarill, F|
|poke|p1|Enamorus-Therian, F|
|poke|p1|Iron Valiant|
|poke|p1|Breloom, M|
|poke|p2|Zoroark-Hisui, F|
|poke|p2|Zorua, M|
|poke|p2|Kingambit, F|
|poke|p2|Sneasler, M|
|poke|p2|Kleavor, M|
|poke|p2|Basculegion, M|
|teampreview
|
|t:|1685856463
|start
|switch|p1a: Arcanine|Arcanine-Hisui, M|100/100
|switch|p2a: Overwatch 2|Sneasler, M|100/100
|turn|1
|inactive|Battle timer is ON: inactive players will automatically lose when time's up. (requested by AtulZard)
|
|t:|1685856473
|move|p2a: Overwatch 2|Switcheroo|p1a: Arcanine
|-activate|p2a: Overwatch 2|move: Trick|[of] p1a: Arcanine
|-item|p1a: Arcanine|Choice Specs|[from] move: Switcheroo
|-item|p2a: Overwatch 2|Leftovers|[from] move: Switcheroo
|move|p1a: Arcanine|Head Smash|p2a: Overwatch 2|[miss]
|-miss|p1a: Arcanine|p2a: Overwatch 2
|
|upkeep
|turn|2
|
|t:|1685856487
|move|p2a: Overwatch 2|Close Combat|p1a: Arcanine
|-supereffective|p1a: Arcanine
|-damage|p1a: Arcanine|0 fnt
|-unboost|p2a: Overwatch 2|def|1
|-unboost|p2a: Overwatch 2|spd|1
|faint|p1a: Arcanine
|
|upkeep
|
|t:|1685856500
|switch|p1a: Azumarill|Azumarill, F|100/100
|turn|3
|
|t:|1685856506
|move|p2a: Overwatch 2|Poison Jab|p1a: Azumarill
|-supereffective|p1a: Azumarill
|-damage|p1a: Azumarill|20/100
|-enditem|p1a: Azumarill|Sitrus Berry|[eat]
|-heal|p1a: Azumarill|45/100|[from] item: Sitrus Berry
|move|p1a: Azumarill|Belly Drum||[still]
|-fail|p1a: Azumarill
|
|upkeep
|turn|4
|
|t:|1685856518
|move|p2a: Overwatch 2|Poison Jab|p1a: Azumarill
|-supereffective|p1a: Azumarill
|-damage|p1a: Azumarill|0 fnt
|faint|p1a: Azumarill
|
|upkeep
|
|t:|1685856522
|switch|p1a: Sinistea|Sinistea-Antique|100/100
|turn|5
|
|t:|1685856533
|move|p2a: Overwatch 2|Switcheroo|p1a: Sinistea
|-activate|p2a: Overwatch 2|move: Trick|[of] p1a: Sinistea
|-item|p1a: Sinistea|Leftovers|[from] move: Switcheroo
|-item|p2a: Overwatch 2|Focus Sash|[from] move: Switcheroo
|move|p1a: Sinistea|Shell Smash|p1a: Sinistea
|-unboost|p1a: Sinistea|def|1
|-unboost|p1a: Sinistea|spd|1
|-boost|p1a: Sinistea|atk|2
|-boost|p1a: Sinistea|spa|2
|-boost|p1a: Sinistea|spe|2
|
|upkeep
|turn|6
|
|t:|1685856553
|move|p2a: Overwatch 2|Poison Jab|p1a: Sinistea
|-resisted|p1a: Sinistea
|-damage|p1a: Sinistea|9/100
|-status|p1a: Sinistea|psn|[from] ability: Poison Touch|[of] p2a: Overwatch 2
|-start|p2a: Overwatch 2|Disable|Poison Jab|[from] ability: Cursed Body|[of] p1a: Sinistea
|move|p1a: Sinistea|Stored Power|p2a: Overwatch 2
|-supereffective|p2a: Overwatch 2
|-enditem|p2a: Overwatch 2|Focus Sash
|-damage|p2a: Overwatch 2|1/100
|
|-heal|p1a: Sinistea|15/100 psn|[from] item: Leftovers
|-damage|p1a: Sinistea|3/100 psn|[from] psn
|upkeep
|turn|7
|
|t:|1685856572
|move|p1a: Sinistea|Sucker Punch||[still]
|-fail|p1a: Sinistea
|move|p2a: Overwatch 2|Switcheroo|p1a: Sinistea
|-activate|p2a: Overwatch 2|move: Trick|[of] p1a: Sinistea
|-enditem|p1a: Sinistea|Leftovers|[silent]|[from] move: Switcheroo
|-item|p2a: Overwatch 2|Leftovers|[from] move: Switcheroo
|
|-heal|p2a: Overwatch 2|7/100|[from] item: Leftovers
|-damage|p1a: Sinistea|0 fnt|[from] psn
|faint|p1a: Sinistea
|upkeep
|
|t:|1685856581
|switch|p1a: Iron Valiant|Iron Valiant|100/100
|turn|8
|
|t:|1685856589
|move|p1a: Iron Valiant|Dazzling Gleam|p2a: Overwatch 2
|-damage|p2a: Overwatch 2|0 fnt
|faint|p2a: Overwatch 2
|
|upkeep
|
|t:|1685856599
|switch|p2a: League of Legends|Kingambit, F|100/100
|-activate|p2a: League of Legends|ability: Supreme Overlord
|-start|p2a: League of Legends|fallen1|[silent]
|turn|9
|
|t:|1685856615
|move|p1a: Iron Valiant|Dazzling Gleam|p2a: League of Legends
|-damage|p2a: League of Legends|68/100
|move|p2a: League of Legends|Iron Head|p1a: Iron Valiant
|-supereffective|p1a: Iron Valiant
|-damage|p1a: Iron Valiant|0 fnt
|faint|p1a: Iron Valiant
|-end|p1a: Iron Valiant|Quark Drive|[silent]
|
|upkeep
|
|t:|1685856622
|switch|p1a: Breloom|Breloom, M|100/100
|turn|10
|
|t:|1685856628
|move|p2a: League of Legends|Sucker Punch||[still]
|-fail|p2a: League of Legends
|move|p1a: Breloom|Spore|p2a: League of Legends
|-status|p2a: League of Legends|slp|[from] move: Spore
|
|upkeep
|turn|11
|
|t:|1685856638
|-end|p2a: League of Legends|fallen1|[silent]
|switch|p2a: Roblox|Basculegion, M|100/100
|move|p1a: Breloom|Drain Punch|p2a: Roblox
|-supereffective|p2a: Roblox
|-enditem|p2a: Roblox|Focus Sash
|-damage|p2a: Roblox|1/100
|replace|p2a: Super meat boy|Zorua, M
|-end|p2a: Super meat boy|Illusion
|
|upkeep
|turn|12
|
|t:|1685856652
|move|p1a: Breloom|Giga Drain|p2a: Super meat boy
|-damage|p2a: Super meat boy|0 fnt
|faint|p2a: Super meat boy
|
|upkeep
|
|t:|1685856662
|switch|p2a: Minecraft|Kleavor, M|100/100
|turn|13
|
|t:|1685856667
|-terastallize|p2a: Minecraft|Bug
|move|p2a: Minecraft|Fury Cutter|p1a: Breloom
|-damage|p1a: Breloom|44/100
|move|p1a: Breloom|Spore|p2a: Minecraft
|-message|Sleep Clause Mod activated.
|-hint|Sleep Clause Mod prevents players from putting more than one of their opponent's Pokémon to sleep at a time
|
|-heal|p1a: Breloom|50/100|[from] item: Leftovers
|upkeep
|turn|14
|
|t:|1685856676
|move|p2a: Minecraft|Fury Cutter|p1a: Breloom
|-crit|p1a: Breloom
|-damage|p1a: Breloom|0 fnt
|faint|p1a: Breloom
|
|upkeep
|
|t:|1685856682
|switch|p1a: Enamorus|Enamorus-Therian, F|100/100
|turn|15
|
|t:|1685856688
|move|p1a: Enamorus|Mystical Fire|p2a: Minecraft
|-supereffective|p2a: Minecraft
|-damage|p2a: Minecraft|30/100
|-unboost|p2a: Minecraft|spa|1
|move|p2a: Minecraft|Stone Axe|p1a: Enamorus
|-supereffective|p1a: Enamorus
|-damage|p1a: Enamorus|0 fnt
|-sidestart|p1: AtulZard|move: Stealth Rock
|faint|p1a: Enamorus
|
|win|Vualpix
|raw|AtulZard's rating: 1000 → 1000(+0 for losing)
|raw|Vualpix's rating: 1027 → 1060(+33 for winning)
