|j|☆mophead4eyes
|j|☆One-Winged Mewtwo
|t:|1685832916
|gametype|singles
|player|p1|mophead4eyes|swimmer-gen4dp|1521
|player|p2|One-Winged Mewtwo|acetrainerf|1431
|teamsize|p1|6
|teamsize|p2|6
|gen|9
|tier|[Gen 9] OU
|rated|
|rule|Sleep Clause Mod: Limit one foe put to sleep
|rule|Species Clause: Limit one of each Pokémon
|rule|OHKO Clause: OHKO moves are banned
|rule|Evasion Items Clause: Evasion items are banned
|rule|Evasion Moves Clause: Evasion moves are banned
|rule|Endless Battle Clause: Forcing endless battles is banned
|rule|HP Percentage Mod: HP is shown in percentages
|clearpoke
|poke|p1|Garganacl, F|
|poke|p1|Volcarona, M|
|poke|p1|Magearna|
|poke|p1|Skeledirge, M|
|poke|p1|Landorus-Therian, M|
|poke|p1|Dragonite, F|
|poke|p2|Chien-Pao|
|poke|p2|Dragonite, F|
|poke|p2|Landorus-Therian, M|
|poke|p2|Heatran, F|
|poke|p2|Toxapex, F|
|poke|p2|Gholdengo|
|teampreview
|inactive|Battle timer is ON: inactive players will automatically lose when time's up. (requested by One-Winged Mewtwo)
|
|t:|1685832948
|start
|switch|p1a: Landorus|Landorus-Therian, M|100/100
|switch|p2a: Kagami|Toxapex, F, shiny|100/100
|-ability|p1a: Landorus|Intimidate|boost
|-unboost|p2a: Kagami|atk|1
|turn|1
|
|t:|1685832956
|move|p1a: Landorus|U-turn|p2a: Kagami
|-resisted|p2a: Kagami
|-damage|p2a: Kagami|93/100
|-damage|p1a: Landorus|84/100|[from] item: Rocky Helmet|[of] p2a: Kagami
|
|t:|1685832961
|switch|p1a: Garganacl|Garganacl, F|100/100|[from] U-turn
|move|p2a: Kagami|Toxic Spikes|p1a: Garganacl
|-sidestart|p1: mophead4eyes|move: Toxic Spikes
|
|upkeep
|turn|2
|
|t:|1685832968
|move|p1a: Garganacl|Salt Cure|p2a: Kagami
|-damage|p2a: Kagami|85/100
|-start|p2a: Kagami|Salt Cure
|move|p2a: Kagami|Toxic Spikes|p1a: Garganacl
|-sidestart|p1: mophead4eyes|move: Toxic Spikes
|
|-damage|p2a: Kagami|60/100|[from] Salt Cure
|upkeep
|turn|3
|
|t:|1685832977
|switch|p2a: Gaston|Landorus-Therian, M|100/100
|-ability|p2a: Gaston|Intimidate|boost
|-unboost|p1a: Garganacl|atk|1
|move|p1a: Garganacl|Stealth Rock|p2a: Gaston
|-sidestart|p2: One-Winged Mewtwo|move: Stealth Rock
|
|upkeep
|turn|4
|
|t:|1685832982
|move|p2a: Gaston|Stealth Rock|p1a: Garganacl
|-sidestart|p1: mophead4eyes|move: Stealth Rock
|move|p1a: Garganacl|Salt Cure|p2a: Gaston
|-damage|p2a: Gaston|91/100
|-start|p2a: Gaston|Salt Cure
|
|-damage|p2a: Gaston|79/100|[from] Salt Cure
|upkeep
|turn|5
|
|t:|1685832992
|move|p2a: Gaston|Earthquake|p1a: Garganacl
|-supereffective|p1a: Garganacl
|-damage|p1a: Garganacl|50/100
|move|p1a: Garganacl|Salt Cure|p2a: Gaston
|-damage|p2a: Gaston|69/100
|
|-heal|p1a: Garganacl|56/100|[from] item: Leftovers
|-damage|p2a: Gaston|57/100|[from] Salt Cure
|upkeep
|turn|6
|
|t:|1685833002
|move|p2a: Gaston|U-turn|p1a: Garganacl
|-damage|p1a: Garganacl|44/100
|
|t:|1685833024
|switch|p2a: Quelaag|Heatran, F|100/100|[from] U-turn
|move|p1a: Garganacl|Recover|p1a: Garganacl
|-heal|p1a: Garganacl|94/100
|
|-heal|p1a: Garganacl|99/100|[from] item: Leftovers
|upkeep
|turn|7
|
|t:|1685833032
|move|p1a: Garganacl|Protect|p1a: Garganacl
|-singleturn|p1a: Garganacl|Protect
|move|p2a: Quelaag|Taunt|p1a: Garganacl
|-activate|p1a: Garganacl|move: Protect
|
|-heal|p1a: Garganacl|100/100|[from] item: Leftovers
|upkeep
|turn|8
|
|t:|1685833041
|move|p2a: Quelaag|Magma Storm|p1a: Garganacl
|-resisted|p1a: Garganacl
|-damage|p1a: Garganacl|80/100
|-activate|p1a: Garganacl|move: Magma Storm|[of] p2a: Quelaag
|move|p1a: Garganacl|Salt Cure|p2a: Quelaag
|-damage|p2a: Quelaag|92/100
|-start|p2a: Quelaag|Salt Cure
|
|-heal|p1a: Garganacl|86/100|[from] item: Leftovers
|-damage|p2a: Quelaag|68/100|[from] Salt Cure
|-damage|p1a: Garganacl|74/100|[from] move: Magma Storm|[partiallytrapped]
|upkeep
|turn|9
|
|t:|1685833054
|move|p2a: Quelaag|Taunt|p1a: Garganacl
|-start|p1a: Garganacl|move: Taunt
|move|p1a: Garganacl|Salt Cure|p2a: Quelaag
|-damage|p2a: Quelaag|60/100
|
|-heal|p1a: Garganacl|80/100|[from] item: Leftovers
|-damage|p2a: Quelaag|35/100|[from] Salt Cure
|-damage|p1a: Garganacl|68/100|[from] move: Magma Storm|[partiallytrapped]
|upkeep
|turn|10
|
|t:|1685833065
|move|p2a: Quelaag|Earth Power|p1a: Garganacl
|-supereffective|p1a: Garganacl
|-damage|p1a: Garganacl|23/100
|move|p1a: Garganacl|Salt Cure|p2a: Quelaag
|-crit|p2a: Quelaag
|-damage|p2a: Quelaag|18/100
|
|-heal|p1a: Garganacl|29/100|[from] item: Leftovers
|-damage|p2a: Quelaag|0 fnt|[from] Salt Cure
|faint|p2a: Quelaag
|-end|p1a: Garganacl|Magma Storm|[partiallytrapped]|[silent]
|upkeep
|
|t:|1685833089
|switch|p2a: Gaston|Landorus-Therian, M|57/100
|-ability|p2a: Gaston|Intimidate|boost
|-unboost|p1a: Garganacl|atk|1
|turn|11
|
|t:|1685833094
|move|p2a: Gaston|U-turn|p1a: Garganacl
|-damage|p1a: Garganacl|18/100
|
|t:|1685833104
|switch|p2a: Valefar|Gholdengo|100/100|[from] U-turn
|-damage|p2a: Valefar|94/100|[from] Stealth Rock
|move|p1a: Garganacl|Salt Cure|p2a: Valefar
|-resisted|p2a: Valefar
|-damage|p2a: Valefar|90/100
|-start|p2a: Valefar|Salt Cure
|
|-heal|p1a: Garganacl|24/100|[from] item: Leftovers
|-damage|p2a: Valefar|66/100|[from] Salt Cure
|-end|p1a: Garganacl|move: Taunt
|upkeep
|turn|12
|
|t:|1685833115
|move|p2a: Valefar|Shadow Ball|p1a: Garganacl
|-damage|p1a: Garganacl|5/100
|move|p1a: Garganacl|Recover|p1a: Garganacl
|-heal|p1a: Garganacl|55/100
|
|-heal|p1a: Garganacl|61/100|[from] item: Leftovers
|-damage|p2a: Valefar|41/100|[from] Salt Cure
|upkeep
|turn|13
|
|t:|1685833142
|switch|p2a: Gaston|Landorus-Therian, M|57/100
|-ability|p2a: Gaston|Intimidate|boost
|-unboost|p1a: Garganacl|atk|1
|move|p1a: Garganacl|Protect||[still]
|-fail|p1a: Garganacl
|
|-heal|p1a: Garganacl|67/100|[from] item: Leftovers
|upkeep
|turn|14
|
|t:|1685833150
|move|p2a: Gaston|Earthquake|p1a: Garganacl
|-supereffective|p1a: Garganacl
|-damage|p1a: Garganacl|15/100
|move|p1a: Garganacl|Recover|p1a: Garganacl
|-heal|p1a: Garganacl|65/100
|
|-heal|p1a: Garganacl|71/100|[from] item: Leftovers
|upkeep
|turn|15
|
|t:|1685833159
|move|p1a: Garganacl|Protect|p1a: Garganacl
|-singleturn|p1a: Garganacl|Protect
|move|p2a: Gaston|Earthquake|p1a: Garganacl
|-activate|p1a: Garganacl|move: Protect
|
|-heal|p1a: Garganacl|77/100|[from] item: Leftovers
|upkeep
|turn|16
|
|t:|1685833172
|switch|p1a: Landorus|Landorus-Therian, M|84/100
|-damage|p1a: Landorus|71/100|[from] Stealth Rock
|-ability|p1a: Landorus|Intimidate|boost
|-unboost|p2a: Gaston|atk|1
|move|p2a: Gaston|U-turn|p1a: Landorus
|-resisted|p1a: Landorus
|-damage|p1a: Landorus|62/100
|
|t:|1685833188
|switch|p2a: Kairi|Dragonite, F|100/100|[from] U-turn
|
|upkeep
|turn|17
|
|t:|1685833193
|move|p1a: Landorus|Stone Edge|p2a: Kairi|[miss]
|-miss|p1a: Landorus|p2a: Kairi
|move|p2a: Kairi|Dragon Dance|p2a: Kairi
|-boost|p2a: Kairi|atk|1
|-boost|p2a: Kairi|spe|1
|
|upkeep
|turn|18
|
|t:|1685833199
|move|p1a: Landorus|Stone Edge|p2a: Kairi
|-supereffective|p2a: Kairi
|-damage|p2a: Kairi|61/100
|move|p2a: Kairi|Dragon Dance|p2a: Kairi
|-boost|p2a: Kairi|atk|1
|-boost|p2a: Kairi|spe|1
|
|upkeep
|turn|19
|
|t:|1685833211
|switch|p1a: Volcarona|Volcarona, M|100/100
|move|p2a: Kairi|Roost|p2a: Kairi
|-heal|p2a: Kairi|100/100
|-singleturn|p2a: Kairi|move: Roost
|
|upkeep
|turn|20
|
|t:|1685833220
|move|p2a: Kairi|Earthquake|p1a: Volcarona
|-damage|p1a: Volcarona|0 fnt
|faint|p1a: Volcarona
|
|upkeep
|
|t:|1685833222
|switch|p1a: Skeledirge|Skeledirge, M|100/100
|turn|21
|
|t:|1685833233
|switch|p2a: Kagami|Toxapex, F, shiny|93/100
|-damage|p2a: Kagami|81/100|[from] Stealth Rock
|move|p1a: Skeledirge|Torch Song|p2a: Kagami
|-resisted|p2a: Kagami
|-damage|p2a: Kagami|69/100
|-boost|p1a: Skeledirge|spa|1
|
|upkeep
|turn|22
|
|t:|1685833242
|move|p1a: Skeledirge|Torch Song|p2a: Kagami
|-resisted|p2a: Kagami
|-damage|p2a: Kagami|52/100
|-boost|p1a: Skeledirge|spa|1
|move|p2a: Kagami|Haze|p2a: Kagami
|-clearallboost
|
|upkeep
|turn|23
|
|t:|1685833250
|move|p1a: Skeledirge|Torch Song|p2a: Kagami
|-resisted|p2a: Kagami
|-damage|p2a: Kagami|39/100
|-boost|p1a: Skeledirge|spa|1
|move|p2a: Kagami|Recover|p2a: Kagami
|-heal|p2a: Kagami|90/100
|
|upkeep
|turn|24
|
|t:|1685833257
|move|p1a: Skeledirge|Yawn|p2a: Kagami
|-start|p2a: Kagami|move: Yawn|[of] p1a: Skeledirge
|move|p2a: Kagami|Haze|p2a: Kagami
|-clearallboost
|
|upkeep
|turn|25
|
|t:|1685833267
|switch|p1a: Garganacl|Garganacl, F|77/100
|-damage|p1a: Garganacl|65/100|[from] Stealth Rock
|move|p2a: Kagami|Haze|p2a: Kagami
|-clearallboost
|
|-heal|p1a: Garganacl|71/100|[from] item: Leftovers
|-end|p2a: Kagami|move: Yawn|[silent]
|-status|p2a: Kagami|slp
|upkeep
|turn|26
|
|t:|1685833278
|cant|p2a: Kagami|slp
|move|p1a: Garganacl|Salt Cure|p2a: Kagami
|-damage|p2a: Kagami|81/100 slp
|-start|p2a: Kagami|Salt Cure
|
|-heal|p1a: Garganacl|77/100|[from] item: Leftovers
|-damage|p2a: Kagami|56/100 slp|[from] Salt Cure
|upkeep
|turn|27
|
|t:|1685833286
|switch|p1a: Magearna|Magearna|100/100
|-damage|p1a: Magearna|94/100|[from] Stealth Rock
|cant|p2a: Kagami|slp
|
|-damage|p2a: Kagami|31/100 slp|[from] Salt Cure
|upkeep
|turn|28
|
|t:|1685833294
|switch|p2a: Valefar|Gholdengo|41/100
|-damage|p2a: Valefar|35/100|[from] Stealth Rock
|move|p1a: Magearna|Volt Switch|p2a: Valefar
|-damage|p2a: Valefar|2/100
|
|t:|1685833300
|switch|p1a: Landorus|Landorus-Therian, M|62/100|[from] Volt Switch
|-damage|p1a: Landorus|50/100|[from] Stealth Rock
|-ability|p1a: Landorus|Intimidate|boost
|-unboost|p2a: Valefar|atk|1
|
|upkeep
|turn|29
|
|t:|1685833308
|move|p1a: Landorus|U-turn|p2a: Valefar
|-resisted|p2a: Valefar
|-damage|p2a: Valefar|0 fnt
|faint|p2a: Valefar
|
|t:|1685833321
|switch|p1a: Skeledirge|Skeledirge, M|100/100|[from] U-turn
|
|upkeep
|
|t:|1685833330
|switch|p2a: Hanekawa|Chien-Pao|100/100
|-damage|p2a: Hanekawa|76/100|[from] Stealth Rock
|-ability|p2a: Hanekawa|Sword of Ruin
|turn|30
|inactive|mophead4eyes has 120 seconds left.
|
|t:|1685833364
|move|p2a: Hanekawa|Crunch|p1a: Skeledirge
|-supereffective|p1a: Skeledirge
|-damage|p1a: Skeledirge|8/100
|move|p1a: Skeledirge|Torch Song|p2a: Hanekawa
|-supereffective|p2a: Hanekawa
|-damage|p2a: Hanekawa|0 fnt
|-boost|p1a: Skeledirge|spa|1
|faint|p2a: Hanekawa
|
|upkeep
|
|t:|1685833376
|switch|p2a: Kairi|Dragonite, F|100/100
|turn|31
|
|t:|1685833382
|switch|p1a: Magearna|Magearna|94/100
|-damage|p1a: Magearna|88/100|[from] Stealth Rock
|move|p2a: Kairi|Earthquake|p1a: Magearna
|-supereffective|p1a: Magearna
|-damage|p1a: Magearna|27/100
|
|upkeep
|turn|32
|
|t:|1685833391
|move|p2a: Kairi|Dragon Dance|p2a: Kairi
|-boost|p2a: Kairi|atk|1
|-boost|p2a: Kairi|spe|1
|move|p1a: Magearna|Ice Beam|p2a: Kairi
|-supereffective|p2a: Kairi
|-damage|p2a: Kairi|27/100
|
|upkeep
|turn|33
|
|t:|1685833398
|move|p2a: Kairi|Earthquake|p1a: Magearna
|-supereffective|p1a: Magearna
|-damage|p1a: Magearna|0 fnt
|faint|p1a: Magearna
|
|upkeep
|
|t:|1685833400
|switch|p1a: Dragonite|Dragonite, F|100/100
|turn|34
|
|t:|1685833414
|switch|p2a: Gaston|Landorus-Therian, M|57/100
|-ability|p2a: Gaston|Intimidate|boost
|-unboost|p1a: Dragonite|atk|1
|move|p1a: Dragonite|Dragon Dance|p1a: Dragonite
|-boost|p1a: Dragonite|atk|1
|-boost|p1a: Dragonite|spe|1
|
|upkeep
|turn|35
|
|t:|1685833422
|move|p1a: Dragonite|Dragon Dance|p1a: Dragonite
|-boost|p1a: Dragonite|atk|1
|-boost|p1a: Dragonite|spe|1
|move|p2a: Gaston|Smack Down|p1a: Dragonite
|-supereffective|p1a: Dragonite
|-damage|p1a: Dragonite|83/100
|-start|p1a: Dragonite|Smack Down
|
|upkeep
|turn|36
|
|t:|1685833430
|move|p1a: Dragonite|Dragon Dance|p1a: Dragonite
|-boost|p1a: Dragonite|atk|1
|-boost|p1a: Dragonite|spe|1
|move|p2a: Gaston|Earthquake|p1a: Dragonite
|-damage|p1a: Dragonite|31/100
|
|upkeep
|turn|37
|
|t:|1685833436
|-terastallize|p1a: Dragonite|Normal
|move|p1a: Dragonite|Extreme Speed|p2a: Gaston
|-damage|p2a: Gaston|0 fnt
|faint|p2a: Gaston
|
|upkeep
|
|t:|1685833445
|switch|p2a: Kagami|Toxapex, F, shiny|65/100 slp
|-damage|p2a: Kagami|52/100 slp|[from] Stealth Rock
|turn|38
|
|t:|1685833451
|switch|p2a: Kairi|Dragonite, F|27/100
|move|p1a: Dragonite|Earthquake|p2a: Kairi
|-immune|p2a: Kairi
|
|upkeep
|turn|39
|
|t:|1685833460
|move|p1a: Dragonite|Extreme Speed|p2a: Kairi
|-damage|p2a: Kairi|0 fnt
|faint|p2a: Kairi
|
|upkeep
|-message|One-Winged Mewtwo forfeited.
|
|win|mophead4eyes
|raw|mophead4eyes's rating: 1521 → 1536(+15 for winning)
|raw|One-Winged Mewtwo's rating: 1431 → 1416(-15 for losing)
|l|☆One-Winged Mewtwo
