|j|☆Mauoomba
|j|☆Jenkinss
|t:|1685931183
|gametype|singles
|player|p1|Mauoomba|benga|1221
|player|p2|Jenkinss|170|1181
|teamsize|p1|6
|teamsize|p2|6
|gen|9
|tier|[Gen 9] OU
|rated|
|rule|Sleep Clause Mod: Limit one foe put to sleep
|rule|Species Clause: Limit one of each Pokémon
|rule|OHKO Clause: OHKO moves are banned
|rule|Evasion Items Clause: Evasion items are banned
|rule|Evasion Moves Clause: Evasion moves are banned
|rule|Endless Battle Clause: Forcing endless battles is banned
|rule|HP Percentage Mod: HP is shown in percentages
|clearpoke
|poke|p1|Pelipper, M|
|poke|p1|Urshifu-*, M|
|poke|p1|Basculegion, M|
|poke|p1|Magearna|
|poke|p1|Garchomp, F|
|poke|p1|Zapdos|
|poke|p2|Torkoal, M|
|poke|p2|Walking Wake|
|poke|p2|Skeledirge, M|
|poke|p2|Scovillain, M|
|poke|p2|Arcanine-Hisui, F|
|poke|p2|Typhlosion-Hisui, M|
|teampreview
|
|t:|1685931191
|start
|switch|p1a: Pelipper|Pelipper, M|100/100
|switch|p2a: Arcanine|Arcanine-Hisui, F|100/100
|-weather|RainDance|[from] ability: Drizzle|[of] p1a: Pelipper
|turn|1
|
|t:|1685931199
|move|p2a: Arcanine|Head Smash|p1a: Pelipper
|-supereffective|p1a: Pelipper
|-damage|p1a: Pelipper|0 fnt
|faint|p1a: Pelipper
|
|-weather|RainDance|[upkeep]
|upkeep
|
|t:|1685931206
|switch|p1a: Garchomp|Garchomp, F|100/100
|turn|2
|
|t:|1685931211
|move|p1a: Garchomp|Stealth Rock|p2a: Arcanine
|-sidestart|p2: Jenkinss|move: Stealth Rock
|move|p2a: Arcanine|Agility|p2a: Arcanine
|-boost|p2a: Arcanine|spe|2
|
|-weather|RainDance|[upkeep]
|upkeep
|turn|3
|inactive|Battle timer is ON: inactive players will automatically lose when time's up. (requested by Jenkinss)
|
|t:|1685931219
|move|p2a: Arcanine|Head Smash|p1a: Garchomp|[miss]
|-miss|p2a: Arcanine|p1a: Garchomp
|-enditem|p2a: Arcanine|Blunder Policy
|-boost|p2a: Arcanine|spe|2
|move|p1a: Garchomp|Earthquake|p2a: Arcanine
|-supereffective|p2a: Arcanine
|-damage|p2a: Arcanine|0 fnt
|faint|p2a: Arcanine
|
|-weather|RainDance|[upkeep]
|upkeep
|
|t:|1685931229
|switch|p2a: Walking Wake|Walking Wake|100/100
|-damage|p2a: Walking Wake|88/100|[from] Stealth Rock
|turn|4
|
|t:|1685931236
|move|p2a: Walking Wake|Draco Meteor|p1a: Garchomp
|-supereffective|p1a: Garchomp
|-damage|p1a: Garchomp|0 fnt
|-unboost|p2a: Walking Wake|spa|2
|faint|p1a: Garchomp
|
|-weather|RainDance|[upkeep]
|upkeep
|
|t:|1685931240
|switch|p1a: Urshifu|Urshifu-Rapid-Strike, M|100/100
|turn|5
|
|t:|1685931248
|-end|p2a: Walking Wake|Protosynthesis|[silent]
|switch|p2a: Torkoal|Torkoal, M|100/100
|-damage|p2a: Torkoal|75/100|[from] Stealth Rock
|-weather|SunnyDay|[from] ability: Drought|[of] p2a: Torkoal
|move|p1a: Urshifu|Swords Dance|p1a: Urshifu
|-boost|p1a: Urshifu|atk|2
|
|-weather|SunnyDay|[upkeep]
|upkeep
|turn|6
|
|t:|1685931260
|move|p1a: Urshifu|Surging Strikes|p2a: Torkoal
|-supereffective|p2a: Torkoal
|-crit|p2a: Torkoal
|-damage|p2a: Torkoal|46/100
|-supereffective|p2a: Torkoal
|-crit|p2a: Torkoal
|-damage|p2a: Torkoal|16/100
|-supereffective|p2a: Torkoal
|-crit|p2a: Torkoal
|-damage|p2a: Torkoal|0 fnt
|faint|p2a: Torkoal
|-hitcount|p2: Torkoal|3
|
|-weather|SunnyDay|[upkeep]
|upkeep
|
|t:|1685931270
|switch|p2a: Scovillain|Scovillain, M|100/100
|-damage|p2a: Scovillain|75/100|[from] Stealth Rock
|turn|7
|
|t:|1685931275
|-terastallize|p1a: Urshifu|Grass
|move|p2a: Scovillain|Solar Beam||[still]
|-prepare|p2a: Scovillain|Solar Beam
|-anim|p2a: Scovillain|Solar Beam|p1a: Urshifu
|-resisted|p1a: Urshifu
|-damage|p1a: Urshifu|54/100
|move|p1a: Urshifu|Surging Strikes|p2a: Scovillain
|-crit|p2a: Scovillain
|-damage|p2a: Scovillain|34/100
|-crit|p2a: Scovillain
|-damage|p2a: Scovillain|0 fnt
|faint|p2a: Scovillain
|-hitcount|p2: Scovillain|2
|
|-weather|SunnyDay|[upkeep]
|upkeep
|
|t:|1685931293
|switch|p2a: Walking Wake|Walking Wake|88/100
|-damage|p2a: Walking Wake|76/100|[from] Stealth Rock
|-activate|p2a: Walking Wake|ability: Protosynthesis
|-start|p2a: Walking Wake|protosynthesisspe
|turn|8
|
|t:|1685931301
|switch|p1a: Zapdos|Zapdos|100/100
|move|p2a: Walking Wake|Flamethrower|p1a: Zapdos
|-damage|p1a: Zapdos|17/100
|
|-weather|SunnyDay|[upkeep]
|upkeep
|turn|9
|
|t:|1685931309
|move|p2a: Walking Wake|Flamethrower|p1a: Zapdos
|-damage|p1a: Zapdos|0 fnt
|faint|p1a: Zapdos
|
|-weather|SunnyDay|[upkeep]
|upkeep
|
|t:|1685931312
|switch|p1a: Basculegion|Basculegion, M|100/100
|turn|10
|
|t:|1685931324
|move|p2a: Walking Wake|Flamethrower|p1a: Basculegion
|-resisted|p1a: Basculegion
|-damage|p1a: Basculegion|65/100
|move|p1a: Basculegion|Psychic Fangs|p2a: Walking Wake
|-damage|p2a: Walking Wake|29/100
|
|-weather|SunnyDay|[upkeep]
|upkeep
|turn|11
|
|t:|1685931332
|move|p2a: Walking Wake|Flamethrower|p1a: Basculegion
|-resisted|p1a: Basculegion
|-damage|p1a: Basculegion|24/100
|move|p1a: Basculegion|Psychic Fangs|p2a: Walking Wake
|-damage|p2a: Walking Wake|0 fnt
|faint|p2a: Walking Wake
|-end|p2a: Walking Wake|Protosynthesis|[silent]
|
|-weather|SunnyDay|[upkeep]
|upkeep
|
|t:|1685931341
|switch|p2a: Typhlosion|Typhlosion-Hisui, M|100/100
|-damage|p2a: Typhlosion|76/100|[from] Stealth Rock
|turn|12
|
|t:|1685931347
|switch|p1a: Magearna|Magearna|100/100
|move|p2a: Typhlosion|Eruption|p1a: Magearna
|-supereffective|p1a: Magearna
|-damage|p1a: Magearna|0 fnt
|faint|p1a: Magearna
|
|-weather|none
|upkeep
|
|t:|1685931349
|switch|p1a: Basculegion|Basculegion, M|24/100
|turn|13
|
|t:|1685931358
|move|p1a: Basculegion|Aqua Jet|p2a: Typhlosion
|-supereffective|p2a: Typhlosion
|-damage|p2a: Typhlosion|0 fnt
|faint|p2a: Typhlosion
|
|upkeep
|
|t:|1685931363
|switch|p2a: Skeledirge|Skeledirge, M|100/100
|-damage|p2a: Skeledirge|75/100|[from] Stealth Rock
|-item|p2a: Skeledirge|Air Balloon
|turn|14
|
|t:|1685931372
|move|p1a: Basculegion|Aqua Jet|p2a: Skeledirge
|-supereffective|p2a: Skeledirge
|-damage|p2a: Skeledirge|36/100
|-enditem|p2a: Skeledirge|Air Balloon
|move|p2a: Skeledirge|Yawn|p1a: Basculegion
|-start|p1a: Basculegion|move: Yawn|[of] p2a: Skeledirge
|
|upkeep
|turn|15
|
|t:|1685931380
|move|p1a: Basculegion|Aqua Jet|p2a: Skeledirge
|-supereffective|p2a: Skeledirge
|-damage|p2a: Skeledirge|0 fnt
|faint|p2a: Skeledirge
|
|win|Mauoomba
|raw|Mauoomba's rating: 1221 → 1243(+22 for winning)
|raw|Jenkinss's rating: 1181 → 1159(-22 for losing)
|l|☆Jenkinss
