|j|☆Dogzilla2468
|j|☆ShinyStardust
|t:|1685856782
|gametype|singles
|player|p1|Dogzilla2468|alder|1102
|player|p2|ShinyStardust|youngster-gen8|1013
|teamsize|p1|6
|teamsize|p2|6
|gen|9
|tier|[Gen 9] OU
|rated|
|rule|Sleep Clause Mod: Limit one foe put to sleep
|rule|Species Clause: Limit one of each Pokémon
|rule|OHKO Clause: OHKO moves are banned
|rule|Evasion Items Clause: Evasion items are banned
|rule|Evasion Moves Clause: Evasion moves are banned
|rule|Endless Battle Clause: Forcing endless battles is banned
|rule|HP Percentage Mod: HP is shown in percentages
|clearpoke
|poke|p1|Ursaluna, M|
|poke|p1|Arcanine-Hisui, M|
|poke|p1|Masquerain, F|
|poke|p1|Zoroark-Hisui, M|
|poke|p1|Thundurus-Therian, M|
|poke|p1|Urshifu-*, M|
|poke|p2|Enamorus, F|
|poke|p2|Lilligant-Hisui, F|
|poke|p2|Chien-Pao|
|poke|p2|Typhlosion-Hisui, M|
|poke|p2|Torkoal, F|
|poke|p2|Dragapult, M|
|teampreview
|inactive|Battle timer is ON: inactive players will automatically lose when time's up. (requested by ShinyStardust)
|inactive|Dogzilla2468 also wants the timer to be on.
|inactive|ShinyStardust has 120 seconds left.
|
|t:|1685856830
|start
|switch|p1a: Masquerain|Masquerain, F|100/100
|switch|p2a: Torkoal|Torkoal, F|100/100
|-ability|p1a: Masquerain|Intimidate|boost
|-unboost|p2a: Torkoal|atk|1
|-weather|SunnyDay|[from] ability: Drought|[of] p2a: Torkoal
|turn|1
|
|t:|1685856835
|move|p1a: Masquerain|Sticky Web|p2a: Torkoal
|-sidestart|p2: ShinyStardust|move: Sticky Web
|move|p2a: Torkoal|Stealth Rock|p1a: Masquerain
|-sidestart|p1: Dogzilla2468|move: Stealth Rock
|
|-weather|SunnyDay|[upkeep]
|upkeep
|turn|2
|
|t:|1685856841
|move|p1a: Masquerain|Chilling Water|p2a: Torkoal
|-supereffective|p2a: Torkoal
|-damage|p2a: Torkoal|91/100
|-unboost|p2a: Torkoal|atk|1
|move|p2a: Torkoal|Eruption|p1a: Masquerain
|-supereffective|p1a: Masquerain
|-enditem|p1a: Masquerain|Focus Sash
|-damage|p1a: Masquerain|1/100
|
|-weather|SunnyDay|[upkeep]
|upkeep
|turn|3
|
|t:|1685856851
|switch|p2a: Lilligant|Lilligant-Hisui, F|100/100
|-activate|p2a: Lilligant|move: Sticky Web
|-unboost|p2a: Lilligant|spe|1
|move|p1a: Masquerain|Tailwind|p1a: Masquerain
|-sidestart|p1: Dogzilla2468|move: Tailwind
|
|-weather|SunnyDay|[upkeep]
|upkeep
|turn|4
|
|t:|1685856858
|move|p1a: Masquerain|Chilling Water|p2a: Lilligant
|-resisted|p2a: Lilligant
|-damage|p2a: Lilligant|96/100
|-unboost|p2a: Lilligant|atk|1
|move|p2a: Lilligant|Victory Dance|p2a: Lilligant
|-boost|p2a: Lilligant|atk|1
|-boost|p2a: Lilligant|def|1
|-boost|p2a: Lilligant|spe|1
|
|-weather|SunnyDay|[upkeep]
|upkeep
|turn|5
|
|t:|1685856865
|move|p2a: Lilligant|Victory Dance|p2a: Lilligant
|-boost|p2a: Lilligant|atk|1
|-boost|p2a: Lilligant|def|1
|-boost|p2a: Lilligant|spe|1
|move|p1a: Masquerain|Chilling Water|p2a: Lilligant
|-resisted|p2a: Lilligant
|-damage|p2a: Lilligant|92/100
|-unboost|p2a: Lilligant|atk|1
|
|-weather|SunnyDay|[upkeep]
|upkeep
|turn|6
|
|t:|1685856868
|switch|p1a: Arcanine|Arcanine-Hisui, M, shiny|100/100
|-damage|p1a: Arcanine|76/100|[from] Stealth Rock
|move|p2a: Lilligant|Victory Dance|p2a: Lilligant
|-boost|p2a: Lilligant|atk|1
|-boost|p2a: Lilligant|def|1
|-boost|p2a: Lilligant|spe|1
|
|-weather|SunnyDay|[upkeep]
|-sideend|p1: Dogzilla2468|move: Tailwind
|upkeep
|turn|7
|
|t:|1685856877
|-terastallize|p1a: Arcanine|Fire
|move|p2a: Lilligant|Close Combat|p1a: Arcanine
|-damage|p1a: Arcanine|0 fnt
|-unboost|p2a: Lilligant|def|1
|-unboost|p2a: Lilligant|spd|1
|faint|p1a: Arcanine
|
|-weather|SunnyDay|[upkeep]
|upkeep
|
|t:|1685856886
|switch|p1a: Thundurus|Thundurus-Therian, M|100/100
|-damage|p1a: Thundurus|88/100|[from] Stealth Rock
|turn|8
|
|t:|1685856893
|-terastallize|p2a: Lilligant|Fire
|move|p2a: Lilligant|Tera Blast|p1a: Thundurus
|-crit|p1a: Thundurus
|-damage|p1a: Thundurus|0 fnt
|replace|p1a: Zoroark|Zoroark-Hisui, M, shiny
|-end|p1a: Zoroark|Illusion
|faint|p1a: Zoroark
|
|-weather|none
|upkeep
|c|☆ShinyStardust|bam
|
|t:|1685856899
|switch|p1a: Masquerain|Masquerain, F|1/100
|-damage|p1a: Masquerain|0 fnt|[from] Stealth Rock
|faint|p1a: Masquerain
|
|t:|1685856904
|switch|p1a: Ursaluna|Ursaluna, M, shiny|100/100
|-damage|p1a: Ursaluna|94/100|[from] Stealth Rock
|turn|9
|
|t:|1685856911
|move|p2a: Lilligant|Close Combat|p1a: Ursaluna
|-supereffective|p1a: Ursaluna
|-damage|p1a: Ursaluna|0 fnt
|-unboost|p2a: Lilligant|def|1
|-unboost|p2a: Lilligant|spd|1
|faint|p1a: Ursaluna
|
|upkeep
|-message|Dogzilla2468 forfeited.
|
|win|ShinyStardust
|raw|Dogzilla2468's rating: 1102 → 1071(-31 for losing)
|raw|ShinyStardust's rating: 1013 → 1061(+48 for winning)
|l|☆Dogzilla2468
