|j|☆Mazertyui
|j|☆Ciq108
|t:|1685892533
|gametype|singles
|player|p1|Mazertyui|red|1058
|player|p2|Ciq108|265|1026
|teamsize|p1|6
|teamsize|p2|6
|gen|9
|tier|[Gen 9] OU
|rated|
|rule|Sleep Clause Mod: Limit one foe put to sleep
|rule|Species Clause: Limit one of each Pokémon
|rule|OHKO Clause: OHKO moves are banned
|rule|Evasion Items Clause: Evasion items are banned
|rule|Evasion Moves Clause: Evasion moves are banned
|rule|Endless Battle Clause: Forcing endless battles is banned
|rule|HP Percentage Mod: HP is shown in percentages
|clearpoke
|poke|p1|Great Tusk|
|poke|p1|Goodra-Hisui, M|
|poke|p1|Arcanine-Hisui, F|
|poke|p1|Slowking-Galar, F|
|poke|p1|Meowscarada, M|
|poke|p1|Thundurus-Therian, M|
|poke|p2|Kleavor, M|
|poke|p2|Cinderace, F|
|poke|p2|Overqwil, F|
|poke|p2|Greninja, M|
|poke|p2|Sneasler, F|
|poke|p2|Lilligant-Hisui, F|
|teampreview
|inactive|Battle timer is ON: inactive players will automatically lose when time's up. (requested by Mazertyui)
|
|t:|1685892558
|start
|switch|p1a: Great Tusk|Great Tusk|100/100
|switch|p2a: Kleavor|Kleavor, M|100/100
|turn|1
|
|t:|1685892568
|switch|p2a: Lilligant|Lilligant-Hisui, F|100/100
|move|p1a: Great Tusk|Earthquake|p2a: Lilligant
|-resisted|p2a: Lilligant
|-damage|p2a: Lilligant|65/100
|
|upkeep
|turn|2
|
|t:|1685892575
|-end|p1a: Great Tusk|Protosynthesis|[silent]
|switch|p1a: Goodra|Goodra-Hisui, M|100/100
|move|p2a: Lilligant|Victory Dance|p2a: Lilligant
|-boost|p2a: Lilligant|atk|1
|-boost|p2a: Lilligant|def|1
|-boost|p2a: Lilligant|spe|1
|
|upkeep
|turn|3
|
|t:|1685892582
|move|p2a: Lilligant|Close Combat|p1a: Goodra
|-supereffective|p1a: Goodra
|-damage|p1a: Goodra|0 fnt
|-unboost|p2a: Lilligant|def|1
|-unboost|p2a: Lilligant|spd|1
|-damage|p2a: Lilligant|49/100|[from] item: Rocky Helmet|[of] p1a: Goodra
|-ability|p1a: Goodra|Gooey
|-unboost|p2a: Lilligant|spe|1
|faint|p1a: Goodra
|
|upkeep
|
|t:|1685892596
|switch|p1a: Meowscarada|Meowscarada, M|100/100
|turn|4
|
|t:|1685892602
|switch|p2a: Overqwil|Overqwil, F|100/100
|move|p1a: Meowscarada|U-turn|p2a: Overqwil
|-damage|p2a: Overqwil|85/100
|
|t:|1685892610
|switch|p1a: Great Tusk|Great Tusk|100/100|[from] U-turn
|
|-heal|p2a: Overqwil|91/100|[from] item: Black Sludge
|upkeep
|turn|5
|
|t:|1685892615
|move|p1a: Great Tusk|Knock Off|p2a: Overqwil
|-resisted|p2a: Overqwil
|-damage|p2a: Overqwil|82/100
|-enditem|p2a: Overqwil|Black Sludge|[from] move: Knock Off|[of] p1a: Great Tusk
|move|p2a: Overqwil|Spikes|p1a: Great Tusk
|-sidestart|p1: Mazertyui|Spikes
|
|upkeep
|turn|6
|
|t:|1685892622
|switch|p2a: Lilligant|Lilligant-Hisui, F|49/100
|move|p1a: Great Tusk|Rapid Spin|p2a: Lilligant
|-damage|p2a: Lilligant|27/100
|-boost|p1a: Great Tusk|spe|1
|-sideend|p1: Mazertyui|Spikes|[from] move: Rapid Spin|[of] p1a: Great Tusk
|
|upkeep
|turn|7
|
|t:|1685892634
|move|p1a: Great Tusk|Knock Off|p2a: Lilligant
|-resisted|p2a: Lilligant
|-damage|p2a: Lilligant|7/100
|-enditem|p2a: Lilligant|Wide Lens|[from] move: Knock Off|[of] p1a: Great Tusk
|move|p2a: Lilligant|Petal Blizzard|p1a: Great Tusk
|-supereffective|p1a: Great Tusk
|-damage|p1a: Great Tusk|36/100
|
|-heal|p1a: Great Tusk|42/100|[from] item: Leftovers
|upkeep
|turn|8
|
|t:|1685892648
|-end|p1a: Great Tusk|Protosynthesis|[silent]
|switch|p1a: Meowscarada|Meowscarada, M|100/100
|move|p2a: Lilligant|Petal Blizzard|p1a: Meowscarada
|-resisted|p1a: Meowscarada
|-damage|p1a: Meowscarada|51/100
|
|upkeep
|turn|9
|
|t:|1685892659
|move|p1a: Meowscarada|Spikes|p2a: Lilligant
|-sidestart|p2: Ciq108|Spikes
|move|p2a: Lilligant|Close Combat|p1a: Meowscarada
|-supereffective|p1a: Meowscarada
|-damage|p1a: Meowscarada|0 fnt
|-unboost|p2a: Lilligant|def|1
|-unboost|p2a: Lilligant|spd|1
|faint|p1a: Meowscarada
|
|upkeep
|
|t:|1685892667
|switch|p1a: Arcanine|Arcanine-Hisui, F|100/100
|turn|10
|
|t:|1685892672
|-terastallize|p1a: Arcanine|Fire
|move|p2a: Lilligant|Close Combat|p1a: Arcanine
|-damage|p1a: Arcanine|0 fnt
|-unboost|p2a: Lilligant|def|1
|-unboost|p2a: Lilligant|spd|1
|faint|p1a: Arcanine
|
|upkeep
|
|t:|1685892679
|switch|p1a: Thundurus|Thundurus-Therian, M|100/100
|turn|11
|
|t:|1685892687
|move|p2a: Lilligant|Close Combat|p1a: Thundurus
|-resisted|p1a: Thundurus
|-damage|p1a: Thundurus|44/100
|-unboost|p2a: Lilligant|def|1
|-unboost|p2a: Lilligant|spd|1
|move|p1a: Thundurus|Volt Switch|p2a: Lilligant
|-resisted|p2a: Lilligant
|-damage|p2a: Lilligant|0 fnt
|faint|p2a: Lilligant
|
|t:|1685892695
|switch|p1a: Great Tusk|Great Tusk|42/100|[from] Volt Switch
|
|-heal|p1a: Great Tusk|48/100|[from] item: Leftovers
|upkeep
|
|t:|1685892700
|switch|p2a: Greninja|Greninja, M|100/100
|-damage|p2a: Greninja|88/100|[from] Spikes
|turn|12
|
|t:|1685892708
|-end|p1a: Great Tusk|Protosynthesis|[silent]
|switch|p1a: Slowking|Slowking-Galar, F|100/100
|move|p2a: Greninja|U-turn|p1a: Slowking
|-start|p2a: Greninja|typechange|Bug|[from] ability: Protean
|-damage|p1a: Slowking|80/100
|
|t:|1685892717
|switch|p2a: Kleavor|Kleavor, M|100/100|[from] U-turn
|-damage|p2a: Kleavor|88/100|[from] Spikes
|
|upkeep
|turn|13
|
|t:|1685892735
|move|p2a: Kleavor|Stone Axe|p1a: Slowking
|-damage|p1a: Slowking|26/100
|-sidestart|p1: Mazertyui|move: Stealth Rock
|move|p1a: Slowking|Sludge Bomb|p2a: Kleavor
|-resisted|p2a: Kleavor
|-damage|p2a: Kleavor|57/100
|
|upkeep
|turn|14
|
|t:|1685892742
|switch|p1a: Great Tusk|Great Tusk|48/100
|-damage|p1a: Great Tusk|45/100|[from] Stealth Rock
|move|p2a: Kleavor|Agility|p2a: Kleavor
|-boost|p2a: Kleavor|spe|2
|
|-heal|p1a: Great Tusk|51/100|[from] item: Leftovers
|upkeep
|turn|15
|
|t:|1685892751
|move|p2a: Kleavor|Fury Cutter|p1a: Great Tusk
|-resisted|p1a: Great Tusk
|-damage|p1a: Great Tusk|41/100
|move|p1a: Great Tusk|Rapid Spin|p2a: Kleavor
|-resisted|p2a: Kleavor
|-damage|p2a: Kleavor|48/100
|-boost|p1a: Great Tusk|spe|1
|-sideend|p1: Mazertyui|Stealth Rock|[from] move: Rapid Spin|[of] p1a: Great Tusk
|
|-heal|p1a: Great Tusk|47/100|[from] item: Leftovers
|upkeep
|turn|16
|
|t:|1685892760
|move|p2a: Kleavor|Fury Cutter|p1a: Great Tusk
|-resisted|p1a: Great Tusk
|-damage|p1a: Great Tusk|27/100
|move|p1a: Great Tusk|Earthquake|p2a: Kleavor
|-damage|p2a: Kleavor|0 fnt
|faint|p2a: Kleavor
|
|-heal|p1a: Great Tusk|33/100|[from] item: Leftovers
|upkeep
|c|☆Mazertyui|>Playing memes
|
|t:|1685892776
|switch|p2a: Sneasler|Sneasler, F, shiny|100/100
|-damage|p2a: Sneasler|88/100|[from] Spikes
|turn|17
|
|t:|1685892785
|-terastallize|p2a: Sneasler|Flying
|move|p1a: Great Tusk|Earthquake|p2a: Sneasler
|-immune|p2a: Sneasler
|move|p2a: Sneasler|Swords Dance|p2a: Sneasler
|-boost|p2a: Sneasler|atk|2
|
|-heal|p1a: Great Tusk|39/100|[from] item: Leftovers
|upkeep
|turn|18
|
|t:|1685892793
|move|p1a: Great Tusk|Knock Off|p2a: Sneasler
|-damage|p2a: Sneasler|43/100
|-enditem|p2a: Sneasler|White Herb|[from] move: Knock Off|[of] p1a: Great Tusk
|move|p2a: Sneasler|Close Combat|p1a: Great Tusk
|-damage|p1a: Great Tusk|0 fnt
|-unboost|p2a: Sneasler|def|1
|-unboost|p2a: Sneasler|spd|1
|faint|p1a: Great Tusk
|-end|p1a: Great Tusk|Protosynthesis|[silent]
|
|upkeep
|
|t:|1685892802
|switch|p1a: Slowking|Slowking-Galar, F|59/100
|turn|19
|
|t:|1685892805
|move|p2a: Sneasler|Acrobatics|p1a: Slowking
|-damage|p1a: Slowking|0 fnt
|faint|p1a: Slowking
|
|upkeep
|c|☆Ciq108|gg
|
|t:|1685892809
|switch|p1a: Thundurus|Thundurus-Therian, M|44/100
|turn|20
|
|t:|1685892814
|move|p2a: Sneasler|Dire Claw|p1a: Thundurus
|-damage|p1a: Thundurus|0 fnt
|faint|p1a: Thundurus
|
|win|Ciq108
|raw|Mazertyui's rating: 1058 → 1038(-20 for losing)
|raw|Ciq108's rating: 1026 → 1065(+39 for winning)
|l|☆Mazertyui
