|j|☆argreaer
|j|‽laddermaster3000
|t:|1685866756
|gametype|singles
|player|p1|argreaer|2|1300
|player|p2|laddermaster3000|102|1307
|teamsize|p1|6
|teamsize|p2|6
|gen|9
|tier|[Gen 9] OU
|rated|
|rule|Sleep Clause Mod: Limit one foe put to sleep
|rule|Species Clause: Limit one of each Pokémon
|rule|OHKO Clause: OHKO moves are banned
|rule|Evasion Items Clause: Evasion items are banned
|rule|Evasion Moves Clause: Evasion moves are banned
|rule|Endless Battle Clause: Forcing endless battles is banned
|rule|HP Percentage Mod: HP is shown in percentages
|clearpoke
|poke|p1|Baxcalibur, M|
|poke|p1|Arcanine-Hisui, M|
|poke|p1|Great Tusk|
|poke|p1|Zapdos|
|poke|p1|Landorus-Therian, M|
|poke|p1|Dragapult, M|
|poke|p2|Ursaluna, F|
|poke|p2|Kingambit, F|
|poke|p2|Hatterene, F|
|poke|p2|Kleavor, M|
|poke|p2|Skeledirge, M|
|poke|p2|Sneasler, F|
|teampreview
|inactive|Battle timer is ON: inactive players will automatically lose when time's up. (requested by argreaer)
|inactive|argreaer has 120 seconds left.
|
|t:|1685866833
|start
|switch|p1a: Landorus|Landorus-Therian, M|100/100
|switch|p2a: Sneasler|Sneasler, F|100/100
|-ability|p1a: Landorus|Intimidate|boost
|-unboost|p2a: Sneasler|atk|1
|turn|1
|
|t:|1685866856
|switch|p1a: Zapdos|Zapdos|100/100
|move|p2a: Sneasler|U-turn|p1a: Zapdos
|-resisted|p1a: Zapdos
|-damage|p1a: Zapdos|91/100
|-status|p2a: Sneasler|par|[from] ability: Static|[of] p1a: Zapdos
|-damage|p2a: Sneasler|91/100 par|[from] item: Life Orb
|
|t:|1685866865
|switch|p2a: Ursaluna|Ursaluna, F|100/100|[from] U-turn
|
|-status|p2a: Ursaluna|brn|[from] item: Flame Orb
|upkeep
|turn|2
|inactive|argreaer has 120 seconds left.
|
|t:|1685866896
|switch|p1a: Dragapult|Dragapult, M|100/100
|-terastallize|p2a: Ursaluna|Normal
|move|p2a: Ursaluna|Facade|p1a: Dragapult
|-immune|p1a: Dragapult
|
|-damage|p2a: Ursaluna|94/100 brn|[from] brn
|upkeep
|turn|3
|inactive|argreaer has 120 seconds left.
|
|t:|1685866925
|switch|p1a: Landorus|Landorus-Therian, M|100/100
|-ability|p1a: Landorus|Intimidate|boost
|-unboost|p2a: Ursaluna|atk|1
|move|p2a: Ursaluna|Crunch|p1a: Landorus
|-damage|p1a: Landorus|68/100
|
|-heal|p1a: Landorus|74/100|[from] item: Leftovers
|-damage|p2a: Ursaluna|88/100 brn|[from] brn
|upkeep
|turn|4
|inactive|argreaer has 90 seconds left.
|
|t:|1685866945
|switch|p2a: Sneasler|Sneasler, F|91/100 par
|move|p1a: Landorus|U-turn|p2a: Sneasler
|-resisted|p2a: Sneasler
|-damage|p2a: Sneasler|82/100 par
|inactive|argreaer has 90 seconds left.
|
|t:|1685866971
|switch|p1a: Arcanine|Arcanine-Hisui, M|100/100|[from] U-turn
|
|upkeep
|turn|5
|
|t:|1685866984
|move|p1a: Arcanine|Flare Blitz|p2a: Sneasler
|-damage|p2a: Sneasler|0 fnt
|faint|p2a: Sneasler
|
|upkeep
|
|t:|1685867009
|switch|p2a: Hatterene|Hatterene, F|100/100
|turn|6
|inactive|argreaer has 90 seconds left.
|
|t:|1685867033
|move|p1a: Arcanine|Flare Blitz|p2a: Hatterene
|-damage|p2a: Hatterene|4/100
|move|p2a: Hatterene|Trick Room|p2a: Hatterene
|-fieldstart|move: Trick Room|[of] p2a: Hatterene
|
|-heal|p2a: Hatterene|10/100|[from] item: Leftovers
|upkeep
|turn|7
|
|t:|1685867051
|switch|p1a: Zapdos|Zapdos|91/100
|move|p2a: Hatterene|Nuzzle|p1a: Zapdos
|-damage|p1a: Zapdos|87/100
|
|-heal|p2a: Hatterene|16/100|[from] item: Leftovers
|upkeep
|turn|8
|inactive|argreaer has 60 seconds left.
|
|t:|1685867086
|switch|p2a: Ursaluna|Ursaluna, F, tera:Normal|88/100 brn
|move|p1a: Zapdos|Hurricane|p2a: Ursaluna
|-damage|p2a: Ursaluna|48/100 brn
|
|-damage|p2a: Ursaluna|42/100 brn|[from] brn
|upkeep
|turn|9
|
|t:|1685867113
|move|p2a: Ursaluna|Crunch|p1a: Zapdos
|-damage|p1a: Zapdos|44/100
|move|p1a: Zapdos|Hurricane|p2a: Ursaluna
|-damage|p2a: Ursaluna|2/100 brn
|
|-damage|p2a: Ursaluna|0 fnt|[from] brn
|faint|p2a: Ursaluna
|upkeep
|-message|laddermaster3000 forfeited.
|
|win|argreaer
|raw|argreaer's rating: 1300 → 1326(+26 for winning)
|raw|laddermaster3000's rating: 1307 → 1287(-20 for losing)
|l|‽laddermaster3000
