|j|☆Gryphn
|j|☆GasterBlaster31
|t:|1685850909
|gametype|singles
|player|p1|Gryphn|101|1058
|player|p2|GasterBlaster31|ethan|1073
|teamsize|p1|6
|teamsize|p2|6
|gen|9
|tier|[Gen 9] OU
|rated|
|rule|Sleep Clause Mod: Limit one foe put to sleep
|rule|Species Clause: Limit one of each Pokémon
|rule|OHKO Clause: OHKO moves are banned
|rule|Evasion Items Clause: Evasion items are banned
|rule|Evasion Moves Clause: Evasion moves are banned
|rule|Endless Battle Clause: Forcing endless battles is banned
|rule|HP Percentage Mod: HP is shown in percentages
|clearpoke
|poke|p1|Grimmsnarl, M|
|poke|p1|Ursaluna, F|
|poke|p1|Great Tusk|
|poke|p1|Delphox, M|
|poke|p1|Rotom-Wash|
|poke|p1|Tornadus, M|
|poke|p2|Typhlosion-Hisui, M|
|poke|p2|Gholdengo|
|poke|p2|Arboliva, F|
|poke|p2|Umbreon, M|
|poke|p2|Baxcalibur, M|
|poke|p2|Kleavor, F|
|teampreview
|inactive|Battle timer is ON: inactive players will automatically lose when time's up. (requested by Gryphn)
|
|t:|1685850940
|start
|switch|p1a: Grimmsnarl|Grimmsnarl, M, shiny|100/100
|switch|p2a: Kleavor|Kleavor, F|100/100
|turn|1
|
|t:|1685850948
|move|p1a: Grimmsnarl|Reflect|p1a: Grimmsnarl
|-sidestart|p1: Gryphn|Reflect
|move|p2a: Kleavor|Stone Axe|p1a: Grimmsnarl
|-damage|p1a: Grimmsnarl|68/100
|-sidestart|p1: Gryphn|move: Stealth Rock
|
|upkeep
|turn|2
|
|t:|1685850959
|move|p1a: Grimmsnarl|Light Screen|p1a: Grimmsnarl
|-sidestart|p1: Gryphn|move: Light Screen
|move|p2a: Kleavor|U-turn|p1a: Grimmsnarl
|-damage|p1a: Grimmsnarl|42/100
|
|t:|1685850963
|switch|p2a: Gholdengo|Gholdengo|100/100|[from] U-turn
|
|upkeep
|turn|3
|
|t:|1685850970
|move|p1a: Grimmsnarl|Parting Shot|p2a: Gholdengo
|-immune|p2a: Gholdengo|[from] ability: Good as Gold
|move|p2a: Gholdengo|Make It Rain|p1a: Grimmsnarl
|-supereffective|p1a: Grimmsnarl
|-damage|p1a: Grimmsnarl|0 fnt
|-unboost|p2a: Gholdengo|spa|1
|faint|p1a: Grimmsnarl
|-damage|p2a: Gholdengo|91/100|[from] item: Life Orb
|
|upkeep
|
|t:|1685850979
|switch|p1a: Great Tusk|Great Tusk, shiny|100/100
|-damage|p1a: Great Tusk|98/100|[from] Stealth Rock
|-enditem|p1a: Great Tusk|Booster Energy
|-activate|p1a: Great Tusk|ability: Protosynthesis|[fromitem]
|-start|p1a: Great Tusk|protosynthesisatk
|turn|4
|
|t:|1685850988
|switch|p2a: Arboliva|Arboliva, F|100/100
|move|p1a: Great Tusk|Knock Off|p2a: Arboliva
|-damage|p2a: Arboliva|54/100
|-enditem|p2a: Arboliva|Sitrus Berry|[from] move: Knock Off|[of] p1a: Great Tusk
|
|upkeep
|turn|5
|
|t:|1685850997
|move|p1a: Great Tusk|Rapid Spin|p2a: Arboliva
|-damage|p2a: Arboliva|28/100
|-boost|p1a: Great Tusk|spe|1
|-sideend|p1: Gryphn|Stealth Rock|[from] move: Rapid Spin|[of] p1a: Great Tusk
|move|p2a: Arboliva|Strength Sap|p1a: Great Tusk
|-unboost|p1a: Great Tusk|atk|1
|-heal|p2a: Arboliva|100/100
|
|upkeep
|turn|6
|
|t:|1685851008
|move|p1a: Great Tusk|Stealth Rock|p2a: Arboliva
|-sidestart|p2: GasterBlaster31|move: Stealth Rock
|move|p2a: Arboliva|Giga Drain|p1a: Great Tusk
|-supereffective|p1a: Great Tusk
|-damage|p1a: Great Tusk|52/100
|
|upkeep
|turn|7
|
|t:|1685851016
|-end|p1a: Great Tusk|Protosynthesis|[silent]
|switch|p1a: Tornadus|Tornadus, M, shiny|100/100
|move|p2a: Arboliva|Giga Drain|p1a: Tornadus
|-resisted|p1a: Tornadus
|-damage|p1a: Tornadus|90/100
|
|upkeep
|turn|8
|
|t:|1685851024
|switch|p2a: Kleavor|Kleavor, F|100/100
|-damage|p2a: Kleavor|76/100|[from] Stealth Rock
|move|p1a: Tornadus|Taunt|p2a: Kleavor
|-start|p2a: Kleavor|move: Taunt
|
|-sideend|p1: Gryphn|Reflect
|upkeep
|turn|9
|
|t:|1685851038
|move|p1a: Tornadus|Tailwind|p1a: Tornadus
|-sidestart|p1: Gryphn|move: Tailwind
|move|p2a: Kleavor|Stone Axe|p1a: Tornadus
|-supereffective|p1a: Tornadus
|-damage|p1a: Tornadus|0 fnt
|-sidestart|p1: Gryphn|move: Stealth Rock
|faint|p1a: Tornadus
|
|-sideend|p1: Gryphn|move: Light Screen
|upkeep
|
|t:|1685851041
|switch|p1a: Rotom|Rotom-Wash, shiny|100/100
|-damage|p1a: Rotom|88/100|[from] Stealth Rock
|turn|10
|
|t:|1685851055
|move|p1a: Rotom|Hydro Pump|p2a: Kleavor
|-supereffective|p2a: Kleavor
|-damage|p2a: Kleavor|0 fnt
|faint|p2a: Kleavor
|
|-heal|p1a: Rotom|94/100|[from] item: Leftovers
|upkeep
|
|t:|1685851067
|switch|p2a: Baxcalibur|Baxcalibur, M|100/100
|-damage|p2a: Baxcalibur|76/100|[from] Stealth Rock
|turn|11
|
|t:|1685851074
|move|p1a: Rotom|Will-O-Wisp|p2a: Baxcalibur
|-immune|p2a: Baxcalibur|[from] ability: Thermal Exchange
|move|p2a: Baxcalibur|Earthquake|p1a: Rotom
|-immune|p1a: Rotom|[from] ability: Levitate
|
|-heal|p1a: Rotom|100/100|[from] item: Leftovers
|upkeep
|turn|12
|
|t:|1685851087
|-terastallize|p2a: Baxcalibur|Dragon
|move|p1a: Rotom|Volt Switch|p2a: Baxcalibur
|-resisted|p2a: Baxcalibur
|-damage|p2a: Baxcalibur|60/100
|
|t:|1685851099
|switch|p1a: Great Tusk|Great Tusk, shiny|52/100|[from] Volt Switch
|-damage|p1a: Great Tusk|49/100|[from] Stealth Rock
|move|p2a: Baxcalibur|Glaive Rush|p1a: Great Tusk
|-damage|p1a: Great Tusk|0 fnt
|-singlemove|p2a: Baxcalibur|Glaive Rush|[silent]
|faint|p1a: Great Tusk
|-end|p1a: Great Tusk|Protosynthesis|[silent]
|
|-sideend|p1: Gryphn|move: Tailwind
|upkeep
|
|t:|1685851106
|switch|p1a: Delphox|Delphox, M, shiny|100/100
|-damage|p1a: Delphox|76/100|[from] Stealth Rock
|turn|13
|
|t:|1685851117
|move|p1a: Delphox|Dazzling Gleam|p2a: Baxcalibur
|-supereffective|p2a: Baxcalibur
|-damage|p2a: Baxcalibur|0 fnt
|faint|p2a: Baxcalibur
|
|upkeep
|
|t:|1685851125
|switch|p2a: Umbreon|Umbreon, M, shiny|100/100
|-damage|p2a: Umbreon|88/100|[from] Stealth Rock
|turn|14
|
|t:|1685851145
|-terastallize|p1a: Delphox|Grass
|move|p1a: Delphox|Calm Mind|p1a: Delphox
|-boost|p1a: Delphox|spa|1
|-boost|p1a: Delphox|spd|1
|move|p2a: Umbreon|Light Screen|p2a: Umbreon
|-sidestart|p2: GasterBlaster31|move: Light Screen
|
|upkeep
|turn|15
|
|t:|1685851168
|move|p1a: Delphox|Calm Mind|p1a: Delphox
|-boost|p1a: Delphox|spa|1
|-boost|p1a: Delphox|spd|1
|move|p2a: Umbreon|Thunder Wave|p1a: Delphox
|-status|p1a: Delphox|par
|
|upkeep
|turn|16
|
|t:|1685851178
|switch|p2a: Typhlosion|Typhlosion-Hisui, M, shiny|100/100
|-damage|p2a: Typhlosion|76/100|[from] Stealth Rock
|move|p1a: Delphox|Dazzling Gleam|p2a: Typhlosion
|-resisted|p2a: Typhlosion
|-damage|p2a: Typhlosion|60/100
|
|upkeep
|turn|17
|
|t:|1685851187
|move|p2a: Typhlosion|Lava Plume|p1a: Delphox
|-supereffective|p1a: Delphox
|-damage|p1a: Delphox|26/100 par
|-enditem|p1a: Delphox|Weakness Policy
|-boost|p1a: Delphox|atk|2|[from] item: Weakness Policy
|-boost|p1a: Delphox|spa|2|[from] item: Weakness Policy
|move|p1a: Delphox|Dazzling Gleam|p2a: Typhlosion
|-resisted|p2a: Typhlosion
|-damage|p2a: Typhlosion|39/100
|-item|p1a: Delphox|Choice Scarf|[from] ability: Magician|[of] p2a: Typhlosion
|
|upkeep
|turn|18
|
|t:|1685851204
|move|p1a: Delphox|Stored Power|p2a: Typhlosion
|-damage|p2a: Typhlosion|0 fnt
|faint|p2a: Typhlosion
|
|upkeep
|
|t:|1685851209
|switch|p2a: Gholdengo|Gholdengo|91/100
|-damage|p2a: Gholdengo|85/100|[from] Stealth Rock
|turn|19
|c|☆Gryphn|YES
|c|☆Gryphn|IT WORKED
|
|t:|1685851219
|cant|p1a: Delphox|par
|move|p2a: Gholdengo|Shadow Ball|p1a: Delphox
|-damage|p1a: Delphox|0 fnt
|faint|p1a: Delphox
|-damage|p2a: Gholdengo|75/100|[from] item: Life Orb
|
|upkeep
|
|t:|1685851236
|switch|p1a: Ursaluna|Ursaluna, F, shiny|100/100
|-damage|p1a: Ursaluna|94/100|[from] Stealth Rock
|turn|20
|
|t:|1685851241
|move|p2a: Gholdengo|Make It Rain|p1a: Ursaluna
|-damage|p1a: Ursaluna|18/100
|-unboost|p2a: Gholdengo|spa|1
|-damage|p2a: Gholdengo|65/100|[from] item: Life Orb
|move|p1a: Ursaluna|Headlong Rush|p2a: Gholdengo
|-supereffective|p2a: Gholdengo
|-damage|p2a: Gholdengo|0 fnt
|-unboost|p1a: Ursaluna|def|1
|-unboost|p1a: Ursaluna|spd|1
|faint|p2a: Gholdengo
|
|-status|p1a: Ursaluna|brn|[from] item: Flame Orb
|upkeep
|
|t:|1685851256
|switch|p2a: Umbreon|Umbreon, M, shiny|88/100
|-damage|p2a: Umbreon|76/100|[from] Stealth Rock
|turn|21
|
|t:|1685851263
|move|p2a: Umbreon|Reflect|p2a: Umbreon
|-sidestart|p2: GasterBlaster31|Reflect
|move|p1a: Ursaluna|Facade|p2a: Umbreon
|-damage|p2a: Umbreon|27/100
|
|-damage|p1a: Ursaluna|12/100 brn|[from] brn
|-sideend|p2: GasterBlaster31|move: Light Screen
|upkeep
|turn|22
|inactive|Gryphn has 120 seconds left.
|
|t:|1685851297
|move|p2a: Umbreon|Crunch|p1a: Ursaluna
|-damage|p1a: Ursaluna|0 fnt
|faint|p1a: Ursaluna
|
|upkeep
|c|☆GasterBlaster31|This is close!
|inactive|Gryphn has 120 seconds left.
|c|☆Gryphn|its ggs tho you got this
|
|t:|1685851318
|switch|p1a: Rotom|Rotom-Wash, shiny|100/100
|-damage|p1a: Rotom|88/100|[from] Stealth Rock
|turn|23
|c|☆GasterBlaster31|Its such a great game though, well done
|
|t:|1685851333
|move|p1a: Rotom|Volt Switch|p2a: Umbreon
|-damage|p2a: Umbreon|10/100
|move|p2a: Umbreon|Crunch|p1a: Rotom
|-damage|p1a: Rotom|61/100
|
|-heal|p1a: Rotom|67/100|[from] item: Leftovers
|upkeep
|turn|24
|inactive|Gryphn has 90 seconds left.
|c|☆Gryphn|i honestly coulda did better, i made a couple plays that really got me
|c|☆Gryphn|but yeah a great game, you cooked me at the end
|
|t:|1685851391
|move|p1a: Rotom|Volt Switch|p2a: Umbreon
|-damage|p2a: Umbreon|0 fnt
|faint|p2a: Umbreon
|
|-heal|p1a: Rotom|73/100|[from] item: Leftovers
|upkeep
|
|t:|1685851399
|switch|p2a: Arboliva|Arboliva, F|100/100
|-damage|p2a: Arboliva|88/100|[from] Stealth Rock
|turn|25
|
|t:|1685851407
|move|p1a: Rotom|Thunderbolt|p2a: Arboliva
|-resisted|p2a: Arboliva
|-damage|p2a: Arboliva|75/100
|move|p2a: Arboliva|Giga Drain|p1a: Rotom
|-supereffective|p1a: Rotom
|-damage|p1a: Rotom|0 fnt
|-heal|p2a: Arboliva|99/100|[from] drain|[of] p1a: Rotom
|faint|p1a: Rotom
|
|win|GasterBlaster31
|raw|Gryphn's rating: 1058 → 1040(-18 for losing)
|raw|GasterBlaster31's rating: 1073 → 1101(+28 for winning)
