|j|☆Omnial
|j|☆Iamverykarpy2
|t:|1685834806
|gametype|singles
|player|p1|Omnial|170|1213
|player|p2|Iamverykarpy2|colress|1178
|teamsize|p1|6
|teamsize|p2|6
|gen|9
|tier|[Gen 9] OU
|rated|
|rule|Sleep Clause Mod: Limit one foe put to sleep
|rule|Species Clause: Limit one of each Pokémon
|rule|OHKO Clause: OHKO moves are banned
|rule|Evasion Items Clause: Evasion items are banned
|rule|Evasion Moves Clause: Evasion moves are banned
|rule|Endless Battle Clause: Forcing endless battles is banned
|rule|HP Percentage Mod: HP is shown in percentages
|clearpoke
|poke|p1|Sneasler, F|
|poke|p1|Arcanine-Hisui, F|
|poke|p1|Walking Wake|
|poke|p1|Electrode-Hisui|
|poke|p1|Enamorus, F|
|poke|p1|Ursaluna, F|
|poke|p2|Decidueye-Hisui, M|
|poke|p2|Gholdengo|
|poke|p2|Heatran, F|
|poke|p2|Urshifu-*, M|
|poke|p2|Ursaluna, F|
|poke|p2|Inteleon, F|
|teampreview
|inactive|Battle timer is ON: inactive players will automatically lose when time's up. (requested by Iamverykarpy2)
|
|t:|1685834828
|start
|switch|p1a: Enamorus|Enamorus, F|100/100
|switch|p2a: Inteleon|Inteleon, F|100/100
|turn|1
|
|t:|1685834833
|move|p2a: Inteleon|Ice Beam|p1a: Enamorus
|-supereffective|p1a: Enamorus
|-damage|p1a: Enamorus|18/100
|move|p1a: Enamorus|Calm Mind|p1a: Enamorus
|-boost|p1a: Enamorus|spa|1
|-boost|p1a: Enamorus|spd|1
|
|upkeep
|turn|2
|
|t:|1685834839
|move|p2a: Inteleon|Ice Beam|p1a: Enamorus
|-supereffective|p1a: Enamorus
|-crit|p1a: Enamorus
|-damage|p1a: Enamorus|0 fnt
|faint|p1a: Enamorus
|
|upkeep
|
|t:|1685834843
|switch|p1a: Electrode|Electrode-Hisui, shiny|100/100
|turn|3
|
|t:|1685834848
|switch|p2a: Heatran|Heatran, F|100/100
|move|p1a: Electrode|Thunderbolt|p2a: Heatran
|-damage|p2a: Heatran|61/100
|
|-heal|p2a: Heatran|67/100|[from] item: Leftovers
|upkeep
|turn|4
|
|t:|1685834856
|move|p1a: Electrode|Thunderbolt|p2a: Heatran
|-damage|p2a: Heatran|32/100
|move|p2a: Heatran|Earth Power|p1a: Electrode
|-damage|p1a: Electrode|70/100
|
|-heal|p2a: Heatran|38/100|[from] item: Leftovers
|upkeep
|turn|5
|
|t:|1685834863
|move|p1a: Electrode|Thunderbolt|p2a: Heatran
|-damage|p2a: Heatran|2/100
|move|p2a: Heatran|Flamethrower|p1a: Electrode
|-supereffective|p1a: Electrode
|-damage|p1a: Electrode|0 fnt
|faint|p1a: Electrode
|
|-heal|p2a: Heatran|9/100|[from] item: Leftovers
|upkeep
|
|t:|1685834872
|switch|p1a: Sneasler|Sneasler, F|100/100
|turn|6
|
|t:|1685834878
|move|p1a: Sneasler|Close Combat|p2a: Heatran
|-supereffective|p2a: Heatran
|-damage|p2a: Heatran|0 fnt
|-unboost|p1a: Sneasler|def|1
|-unboost|p1a: Sneasler|spd|1
|-enditem|p1a: Sneasler|White Herb
|-clearnegativeboost|p1a: Sneasler|[silent]
|faint|p2a: Heatran
|
|upkeep
|
|t:|1685834889
|switch|p2a: Gholdengo|Gholdengo|100/100
|turn|7
|
|t:|1685834899
|-terastallize|p1a: Sneasler|Flying
|move|p1a: Sneasler|Shadow Claw|p2a: Gholdengo
|-supereffective|p2a: Gholdengo
|-damage|p2a: Gholdengo|38/100
|move|p2a: Gholdengo|Psychic|p1a: Sneasler
|-damage|p1a: Sneasler|58/100
|
|upkeep
|turn|8
|
|t:|1685834906
|move|p1a: Sneasler|Shadow Claw|p2a: Gholdengo
|-supereffective|p2a: Gholdengo
|-damage|p2a: Gholdengo|0 fnt
|faint|p2a: Gholdengo
|
|upkeep
|
|t:|1685834917
|switch|p2a: Urshifu|Urshifu-Rapid-Strike, M|100/100
|turn|9
|
|t:|1685834922
|move|p1a: Sneasler|Acrobatics|p2a: Urshifu
|-supereffective|p2a: Urshifu
|-damage|p2a: Urshifu|0 fnt
|faint|p2a: Urshifu
|
|upkeep
|
|t:|1685834927
|switch|p2a: Inteleon|Inteleon, F|100/100
|turn|10
|
|t:|1685834931
|move|p1a: Sneasler|Close Combat|p2a: Inteleon
|-damage|p2a: Inteleon|0 fnt
|-unboost|p1a: Sneasler|def|1
|-unboost|p1a: Sneasler|spd|1
|faint|p2a: Inteleon
|
|upkeep
|
|t:|1685834937
|switch|p2a: Decidueye|Decidueye-Hisui, M|100/100
|turn|11
|
|t:|1685834940
|move|p2a: Decidueye|Shadow Sneak|p1a: Sneasler
|-damage|p1a: Sneasler|21/100
|move|p1a: Sneasler|Acrobatics|p2a: Decidueye
|-supereffective|p2a: Decidueye
|-damage|p2a: Decidueye|0 fnt
|faint|p2a: Decidueye
|
|upkeep
|-message|Iamverykarpy2 forfeited.
|
|win|Omnial
|raw|Omnial's rating: 1213 → 1235(+22 for winning)
|raw|Iamverykarpy2's rating: 1178 → 1156(-22 for losing)
|l|☆Iamverykarpy2
