|j|☆jeanmilapipe
|j|☆kd458
|t:|1685885059
|gametype|singles
|player|p1|jeanmilapipe|n|1709
|player|p2|kd458|cynthia-masters3|1762
|teamsize|p1|6
|teamsize|p2|6
|gen|9
|tier|[Gen 9] OU
|rated|
|rule|Sleep Clause Mod: Limit one foe put to sleep
|rule|Species Clause: Limit one of each Pokémon
|rule|OHKO Clause: OHKO moves are banned
|rule|Evasion Items Clause: Evasion items are banned
|rule|Evasion Moves Clause: Evasion moves are banned
|rule|Endless Battle Clause: Forcing endless battles is banned
|rule|HP Percentage Mod: HP is shown in percentages
|clearpoke
|poke|p1|Kingambit, M|
|poke|p1|Garchomp, F|
|poke|p1|Hatterene, F|
|poke|p1|Corviknight, F|
|poke|p1|Samurott-Hisui, F|
|poke|p1|Kleavor, F|
|poke|p2|Ursaluna, F|
|poke|p2|Rillaboom, M|
|poke|p2|Sneasler, F|
|poke|p2|Hatterene, F|
|poke|p2|Skeledirge, M|
|poke|p2|Zamazenta-*|
|teampreview
|inactive|Battle timer is ON: inactive players will automatically lose when time's up. (requested by kd458)
|
|t:|1685885075
|start
|switch|p1a: Corviknight|Corviknight, F|100/100
|switch|p2a: Metro|Rillaboom, M|100/100
|-fieldstart|move: Grassy Terrain|[from] ability: Grassy Surge|[of] p2a: Metro
|-ability|p1a: Corviknight|Pressure
|turn|1
|j| HE'S A LAKER
|
|t:|1685885084
|move|p2a: Metro|Knock Off|p1a: Corviknight
|-damage|p1a: Corviknight|80/100
|-damage|p2a: Metro|84/100|[from] item: Rocky Helmet|[of] p1a: Corviknight
|-enditem|p1a: Corviknight|Rocky Helmet|[from] move: Knock Off|[of] p2a: Metro
|move|p1a: Corviknight|U-turn|p2a: Metro
|-supereffective|p2a: Metro
|-damage|p2a: Metro|57/100
|
|t:|1685885094
|switch|p1a: Kleavor|Kleavor, F|100/100|[from] U-turn
|
|-heal|p2a: Metro|63/100|[from] Grassy Terrain
|upkeep
|turn|2
|
|t:|1685885100
|move|p1a: Kleavor|Rock Slide|p2a: Metro
|-damage|p2a: Metro|0 fnt
|faint|p2a: Metro
|
|upkeep
|
|t:|1685885106
|switch|p2a: Peruvian Coke|Ursaluna, F|100/100
|turn|3
|
|t:|1685885113
|move|p1a: Kleavor|Close Combat|p2a: Peruvian Coke
|-supereffective|p2a: Peruvian Coke
|-damage|p2a: Peruvian Coke|8/100
|-unboost|p1a: Kleavor|def|1
|-unboost|p1a: Kleavor|spd|1
|-damage|p1a: Kleavor|91/100|[from] item: Life Orb
|move|p2a: Peruvian Coke|Trailblaze|p1a: Kleavor
|-damage|p1a: Kleavor|43/100
|-boost|p2a: Peruvian Coke|spe|1
|
|-heal|p2a: Peruvian Coke|14/100|[from] Grassy Terrain
|-heal|p2a: Peruvian Coke|20/100|[from] item: Leftovers
|-heal|p1a: Kleavor|49/100|[from] Grassy Terrain
|upkeep
|turn|4
|
|t:|1685885128
|switch|p1a: Corviknight|Corviknight, F|80/100
|-ability|p1a: Corviknight|Pressure
|move|p2a: Peruvian Coke|Drain Punch|p1a: Corviknight
|-damage|p1a: Corviknight|65/100
|-heal|p2a: Peruvian Coke|28/100|[from] drain|[of] p1a: Corviknight
|
|-heal|p2a: Peruvian Coke|34/100|[from] Grassy Terrain
|-heal|p2a: Peruvian Coke|40/100|[from] item: Leftovers
|upkeep
|turn|5
|j| ITSFrankoGG
|
|t:|1685885140
|move|p2a: Peruvian Coke|Drain Punch|p1a: Corviknight
|-damage|p1a: Corviknight|49/100
|-heal|p2a: Peruvian Coke|48/100|[from] drain|[of] p1a: Corviknight
|move|p1a: Corviknight|Brave Bird|p2a: Peruvian Coke
|-damage|p2a: Peruvian Coke|16/100
|-damage|p1a: Corviknight|38/100|[from] Recoil
|
|-heal|p2a: Peruvian Coke|22/100|[from] Grassy Terrain
|-heal|p2a: Peruvian Coke|29/100|[from] item: Leftovers
|upkeep
|turn|6
|
|t:|1685885156
|move|p2a: Peruvian Coke|Drain Punch|p1a: Corviknight
|-damage|p1a: Corviknight|23/100
|-heal|p2a: Peruvian Coke|36/100|[from] drain|[of] p1a: Corviknight
|move|p1a: Corviknight|Brave Bird|p2a: Peruvian Coke
|-damage|p2a: Peruvian Coke|6/100
|-damage|p1a: Corviknight|13/100|[from] Recoil
|
|-heal|p2a: Peruvian Coke|12/100|[from] Grassy Terrain
|-heal|p2a: Peruvian Coke|19/100|[from] item: Leftovers
|upkeep
|turn|7
|
|t:|1685885169
|move|p2a: Peruvian Coke|Drain Punch|p1a: Corviknight
|-damage|p1a: Corviknight|0 fnt
|-heal|p2a: Peruvian Coke|25/100|[from] drain|[of] p1a: Corviknight
|faint|p1a: Corviknight
|
|-heal|p2a: Peruvian Coke|31/100|[from] Grassy Terrain
|-heal|p2a: Peruvian Coke|38/100|[from] item: Leftovers
|upkeep
|
|t:|1685885183
|switch|p1a: Samurott|Samurott-Hisui, F|100/100
|turn|8
|
|t:|1685885188
|move|p2a: Peruvian Coke|Drain Punch|p1a: Samurott
|-supereffective|p1a: Samurott
|-damage|p1a: Samurott|29/100
|-heal|p2a: Peruvian Coke|66/100|[from] drain|[of] p1a: Samurott
|move|p1a: Samurott|Aqua Cutter|p2a: Peruvian Coke
|-supereffective|p2a: Peruvian Coke
|-damage|p2a: Peruvian Coke|0 fnt
|faint|p2a: Peruvian Coke
|
|-heal|p1a: Samurott|36/100|[from] Grassy Terrain
|-fieldend|move: Grassy Terrain
|upkeep
|
|t:|1685885206
|switch|p2a: 7500 On A YSL Hatt|Hatterene, F|100/100
|turn|9
|
|t:|1685885212
|switch|p1a: Kleavor|Kleavor, F|49/100
|move|p2a: 7500 On A YSL Hatt|Calm Mind|p2a: 7500 On A YSL Hatt
|-boost|p2a: 7500 On A YSL Hatt|spa|1
|-boost|p2a: 7500 On A YSL Hatt|spd|1
|
|upkeep
|turn|10
|l| ITSFrankoGG
|j| Z the Terablaster
|
|t:|1685885220
|move|p1a: Kleavor|Rock Slide|p2a: 7500 On A YSL Hatt|[miss]
|-miss|p1a: Kleavor|p2a: 7500 On A YSL Hatt
|move|p2a: 7500 On A YSL Hatt|Draining Kiss|p1a: Kleavor
|-damage|p1a: Kleavor|0 fnt
|faint|p1a: Kleavor
|
|upkeep
|
|t:|1685885230
|switch|p1a: Kingambit|Kingambit, M|100/100
|-activate|p1a: Kingambit|ability: Supreme Overlord
|-start|p1a: Kingambit|fallen2|[silent]
|turn|11
|
|t:|1685885240
|switch|p2a: Big Bastard|Zamazenta|100/100
|-ability|p2a: Big Bastard|Dauntless Shield|boost
|-boost|p2a: Big Bastard|def|1
|-terastallize|p1a: Kingambit|Flying
|move|p1a: Kingambit|Swords Dance|p1a: Kingambit
|-boost|p1a: Kingambit|atk|2
|
|upkeep
|turn|12
|
|t:|1685885250
|-end|p1a: Kingambit|fallen2|[silent]
|switch|p1a: Hatterene|Hatterene, F|100/100
|move|p2a: Big Bastard|Iron Defense|p2a: Big Bastard
|-boost|p2a: Big Bastard|def|2
|
|upkeep
|turn|13
|
|t:|1685885259
|switch|p2a: 7500 On A YSL Hatt|Hatterene, F|100/100
|move|p1a: Hatterene|Calm Mind|p1a: Hatterene
|-boost|p1a: Hatterene|spa|1
|-boost|p1a: Hatterene|spd|1
|
|upkeep
|turn|14
|
|t:|1685885265
|move|p2a: 7500 On A YSL Hatt|Nuzzle|p1a: Hatterene
|-damage|p1a: Hatterene|97/100
|-status|p1a: Hatterene|par
|cant|p1a: Hatterene|par
|
|-heal|p1a: Hatterene|100/100 par|[from] item: Leftovers
|upkeep
|turn|15
|
|t:|1685885273
|move|p2a: 7500 On A YSL Hatt|Nuzzle|p1a: Hatterene
|-damage|p1a: Hatterene|97/100 par
|move|p1a: Hatterene|Calm Mind|p1a: Hatterene
|-boost|p1a: Hatterene|spa|1
|-boost|p1a: Hatterene|spd|1
|
|-heal|p1a: Hatterene|100/100 par|[from] item: Leftovers
|upkeep
|turn|16
|
|t:|1685885282
|move|p2a: 7500 On A YSL Hatt|Calm Mind|p2a: 7500 On A YSL Hatt
|-boost|p2a: 7500 On A YSL Hatt|spa|1
|-boost|p2a: 7500 On A YSL Hatt|spd|1
|cant|p1a: Hatterene|par
|
|upkeep
|turn|17
|j| retorna2
|
|t:|1685885289
|move|p2a: 7500 On A YSL Hatt|Calm Mind|p2a: 7500 On A YSL Hatt
|-boost|p2a: 7500 On A YSL Hatt|spa|1
|-boost|p2a: 7500 On A YSL Hatt|spd|1
|move|p1a: Hatterene|Mystical Fire|p2a: 7500 On A YSL Hatt
|-damage|p2a: 7500 On A YSL Hatt|76/100
|-unboost|p2a: 7500 On A YSL Hatt|spa|1
|
|-heal|p2a: 7500 On A YSL Hatt|82/100|[from] item: Leftovers
|upkeep
|turn|18
|j| tachyon paradox
|
|t:|1685885299
|move|p2a: 7500 On A YSL Hatt|Calm Mind|p2a: 7500 On A YSL Hatt
|-boost|p2a: 7500 On A YSL Hatt|spa|1
|-boost|p2a: 7500 On A YSL Hatt|spd|1
|move|p1a: Hatterene|Calm Mind|p1a: Hatterene
|-boost|p1a: Hatterene|spa|1
|-boost|p1a: Hatterene|spd|1
|
|-heal|p2a: 7500 On A YSL Hatt|88/100|[from] item: Leftovers
|upkeep
|turn|19
|
|t:|1685885307
|move|p2a: 7500 On A YSL Hatt|Calm Mind|p2a: 7500 On A YSL Hatt
|-boost|p2a: 7500 On A YSL Hatt|spa|1
|-boost|p2a: 7500 On A YSL Hatt|spd|1
|move|p1a: Hatterene|Mystical Fire|p2a: 7500 On A YSL Hatt
|-damage|p2a: 7500 On A YSL Hatt|69/100
|-unboost|p2a: 7500 On A YSL Hatt|spa|1
|
|-heal|p2a: 7500 On A YSL Hatt|75/100|[from] item: Leftovers
|upkeep
|turn|20
|j| Ran Kob
|
|t:|1685885317
|move|p2a: 7500 On A YSL Hatt|Calm Mind|p2a: 7500 On A YSL Hatt
|-boost|p2a: 7500 On A YSL Hatt|spa|1
|-boost|p2a: 7500 On A YSL Hatt|spd|1
|move|p1a: Hatterene|Mystical Fire|p2a: 7500 On A YSL Hatt
|-damage|p2a: 7500 On A YSL Hatt|57/100
|-unboost|p2a: 7500 On A YSL Hatt|spa|1
|
|-heal|p2a: 7500 On A YSL Hatt|63/100|[from] item: Leftovers
|upkeep
|turn|21
|
|t:|1685885327
|move|p2a: 7500 On A YSL Hatt|Draining Kiss|p1a: Hatterene
|-crit|p1a: Hatterene
|-damage|p1a: Hatterene|24/100 par
|-heal|p2a: 7500 On A YSL Hatt|100/100|[from] drain|[of] p1a: Hatterene
|move|p1a: Hatterene|Mystical Fire|p2a: 7500 On A YSL Hatt
|-damage|p2a: 7500 On A YSL Hatt|84/100
|-unboost|p2a: 7500 On A YSL Hatt|spa|1
|
|-heal|p2a: 7500 On A YSL Hatt|90/100|[from] item: Leftovers
|-heal|p1a: Hatterene|30/100 par|[from] item: Leftovers
|upkeep
|turn|22
|
|t:|1685885340
|move|p2a: 7500 On A YSL Hatt|Calm Mind|p2a: 7500 On A YSL Hatt
|-boost|p2a: 7500 On A YSL Hatt|spa|1
|-boost|p2a: 7500 On A YSL Hatt|spd|1
|cant|p1a: Hatterene|par
|
|-heal|p2a: 7500 On A YSL Hatt|96/100|[from] item: Leftovers
|-heal|p1a: Hatterene|36/100 par|[from] item: Leftovers
|upkeep
|turn|23
|
|t:|1685885352
|move|p2a: 7500 On A YSL Hatt|Calm Mind|p2a: 7500 On A YSL Hatt
|-boost|p2a: 7500 On A YSL Hatt|spa|1
|-boost|p2a: 7500 On A YSL Hatt|spd|0
|move|p1a: Hatterene|Draining Kiss|p2a: 7500 On A YSL Hatt
|-damage|p2a: 7500 On A YSL Hatt|82/100
|-heal|p1a: Hatterene|46/100 par|[from] drain|[of] p2a: 7500 On A YSL Hatt
|
|-heal|p2a: 7500 On A YSL Hatt|88/100|[from] item: Leftovers
|-heal|p1a: Hatterene|52/100 par|[from] item: Leftovers
|upkeep
|turn|24
|
|t:|1685885363
|move|p2a: 7500 On A YSL Hatt|Stored Power|p1a: Hatterene
|-resisted|p1a: Hatterene
|-damage|p1a: Hatterene|9/100 par
|move|p1a: Hatterene|Calm Mind|p1a: Hatterene
|-boost|p1a: Hatterene|spa|1
|-boost|p1a: Hatterene|spd|1
|
|-heal|p2a: 7500 On A YSL Hatt|94/100|[from] item: Leftovers
|-heal|p1a: Hatterene|15/100 par|[from] item: Leftovers
|upkeep
|turn|25
|j| tapu moxo
|
|t:|1685885373
|move|p2a: 7500 On A YSL Hatt|Draining Kiss|p1a: Hatterene
|-crit|p1a: Hatterene
|-damage|p1a: Hatterene|0 fnt
|-heal|p2a: 7500 On A YSL Hatt|100/100|[from] drain|[of] p1a: Hatterene
|faint|p1a: Hatterene
|
|upkeep
|j| SPRIIKO
|
|t:|1685885379
|switch|p1a: Kingambit|Kingambit, M, tera:Flying|100/100
|-activate|p1a: Kingambit|ability: Supreme Overlord
|-start|p1a: Kingambit|fallen3|[silent]
|turn|26
|j| swordsmasha
|j| the eminence
|
|t:|1685885387
|-terastallize|p2a: 7500 On A YSL Hatt|Water
|move|p1a: Kingambit|Iron Head|p2a: 7500 On A YSL Hatt
|-resisted|p2a: 7500 On A YSL Hatt
|-damage|p2a: 7500 On A YSL Hatt|76/100
|cant|p2a: 7500 On A YSL Hatt|flinch
|
|-heal|p2a: 7500 On A YSL Hatt|82/100|[from] item: Leftovers
|upkeep
|turn|27
|
|t:|1685885399
|move|p1a: Kingambit|Kowtow Cleave|p2a: 7500 On A YSL Hatt
|-damage|p2a: 7500 On A YSL Hatt|31/100
|move|p2a: 7500 On A YSL Hatt|Draining Kiss|p1a: Kingambit
|-crit|p1a: Kingambit
|-damage|p1a: Kingambit|19/100
|-heal|p2a: 7500 On A YSL Hatt|100/100|[from] drain|[of] p1a: Kingambit
|
|-heal|p1a: Kingambit|25/100|[from] item: Leftovers
|upkeep
|turn|28
|l| retorna2
|
|t:|1685885410
|move|p1a: Kingambit|Kowtow Cleave|p2a: 7500 On A YSL Hatt
|-damage|p2a: 7500 On A YSL Hatt|46/100
|move|p2a: 7500 On A YSL Hatt|Draining Kiss|p1a: Kingambit
|-damage|p1a: Kingambit|0 fnt
|-heal|p2a: 7500 On A YSL Hatt|70/100|[from] drain|[of] p1a: Kingambit
|faint|p1a: Kingambit
|-end|p1a: Kingambit|fallen3|[silent]
|
|-heal|p2a: 7500 On A YSL Hatt|76/100|[from] item: Leftovers
|upkeep
|j| manman78
|-message|jeanmilapipe forfeited.
|
|win|kd458
|raw|jeanmilapipe's rating: 1709 → 1692(-17 for losing)
|raw|kd458's rating: 1762 → 1779(+17 for winning)
|l|☆jeanmilapipe
|l| manman78
