|j|☆skyloom
|j|☆KarinaxCrushx11
|t:|1685884936
|gametype|singles
|player|p1|skyloom|steven|1106
|player|p2|KarinaxCrushx11|lady-gen4|1190
|teamsize|p1|6
|teamsize|p2|6
|gen|9
|tier|[Gen 9] OU
|rated|
|rule|Sleep Clause Mod: Limit one foe put to sleep
|rule|Species Clause: Limit one of each Pokémon
|rule|OHKO Clause: OHKO moves are banned
|rule|Evasion Items Clause: Evasion items are banned
|rule|Evasion Moves Clause: Evasion moves are banned
|rule|Endless Battle Clause: Forcing endless battles is banned
|rule|HP Percentage Mod: HP is shown in percentages
|clearpoke
|poke|p1|Dragonite, F|
|poke|p1|Cinderace, M|
|poke|p1|Gholdengo|
|poke|p1|Rotom-Wash|
|poke|p1|Ting-Lu|
|poke|p1|Amoonguss, F|
|poke|p2|Lilligant-Hisui, F|
|poke|p2|Ceruledge, M|
|poke|p2|Klefki, F|
|poke|p2|Ting-Lu|
|poke|p2|Magnezone|
|poke|p2|Donphan, M|
|teampreview
|
|t:|1685884945
|start
|switch|p1a: Rotom-Galar|Rotom-Wash, shiny|100/100
|switch|p2a: Klefki|Klefki, F|100/100
|turn|1
|
|t:|1685884954
|move|p2a: Klefki|Light Screen|p2a: Klefki
|-sidestart|p2: KarinaxCrushx11|move: Light Screen
|move|p1a: Rotom-Galar|Will-O-Wisp|p2a: Klefki|[miss]
|-miss|p1a: Rotom-Galar|p2a: Klefki
|
|upkeep
|turn|2
|
|t:|1685884959
|move|p2a: Klefki|Spikes|p1a: Rotom-Galar
|-sidestart|p1: skyloom|Spikes
|move|p1a: Rotom-Galar|Volt Switch|p2a: Klefki
|-damage|p2a: Klefki|85/100
|
|t:|1685884966
|switch|p1a: Blaziken-MiniHisui|Cinderace, M|100/100|[from] Volt Switch
|
|upkeep
|turn|3
|
|t:|1685884973
|move|p2a: Klefki|Thunder Wave|p1a: Blaziken-MiniHisui
|-status|p1a: Blaziken-MiniHisui|par
|move|p1a: Blaziken-MiniHisui|Pyro Ball|p2a: Klefki|[miss]
|-miss|p1a: Blaziken-MiniHisui|p2a: Klefki
|
|upkeep
|turn|4
|
|t:|1685884980
|move|p2a: Klefki|Reflect|p2a: Klefki
|-sidestart|p2: KarinaxCrushx11|Reflect
|move|p1a: Blaziken-MiniHisui|Pyro Ball|p2a: Klefki
|-supereffective|p2a: Klefki
|-damage|p2a: Klefki|36/100
|
|upkeep
|turn|5
|
|t:|1685884989
|switch|p2a: Ceruledge|Ceruledge, M|100/100
|move|p1a: Blaziken-MiniHisui|Pyro Ball|p2a: Ceruledge
|-resisted|p2a: Ceruledge
|-damage|p2a: Ceruledge|80/100
|-ability|p2a: Ceruledge|Weak Armor|boost
|-unboost|p2a: Ceruledge|def|1
|-boost|p2a: Ceruledge|spe|2
|
|upkeep
|turn|6
|
|t:|1685884999
|move|p1a: Blaziken-MiniHisui|Sucker Punch||[still]
|-fail|p1a: Blaziken-MiniHisui
|move|p2a: Ceruledge|Swords Dance|p2a: Ceruledge
|-boost|p2a: Ceruledge|atk|2
|
|upkeep
|turn|7
|
|t:|1685885006
|move|p2a: Ceruledge|Shadow Sneak|p1a: Blaziken-MiniHisui
|-damage|p1a: Blaziken-MiniHisui|32/100 par
|move|p1a: Blaziken-MiniHisui|Sucker Punch||[still]
|-fail|p1a: Blaziken-MiniHisui
|
|upkeep
|turn|8
|
|t:|1685885015
|move|p2a: Ceruledge|Swords Dance|p2a: Ceruledge
|-boost|p2a: Ceruledge|atk|2
|move|p1a: Blaziken-MiniHisui|Court Change|p1a: Blaziken-MiniHisui
|-start|p1a: Blaziken-MiniHisui|typechange|Normal|[from] ability: Libero
|-swapsideconditions
|-activate|p1a: Blaziken-MiniHisui|move: Court Change
|
|-sideend|p1: skyloom|move: Light Screen
|upkeep
|turn|9
|
|t:|1685885031
|switch|p1a: Ting-Lu|Ting-Lu|100/100
|-ability|p1a: Ting-Lu|Vessel of Ruin
|move|p2a: Ceruledge|Shadow Sneak|p1a: Ting-Lu
|-resisted|p1a: Ting-Lu
|-damage|p1a: Ting-Lu|92/100
|
|-heal|p1a: Ting-Lu|98/100|[from] item: Leftovers
|upkeep
|turn|10
|
|t:|1685885045
|move|p2a: Ceruledge|Bitter Blade|p1a: Ting-Lu
|-crit|p1a: Ting-Lu
|-damage|p1a: Ting-Lu|0 fnt
|-heal|p2a: Ceruledge|100/100|[from] drain|[of] p1a: Ting-Lu
|faint|p1a: Ting-Lu
|
|upkeep
|
|t:|1685885055
|switch|p1a: Garchomp-F|Dragonite, F|100/100
|turn|11
|
|t:|1685885068
|move|p2a: Ceruledge|Bitter Blade|p1a: Garchomp-F
|-resisted|p1a: Garchomp-F
|-damage|p1a: Garchomp-F|79/100
|move|p1a: Garchomp-F|Dragon Dance|p1a: Garchomp-F
|-boost|p1a: Garchomp-F|atk|1
|-boost|p1a: Garchomp-F|spe|1
|
|-sideend|p1: skyloom|Reflect
|upkeep
|turn|12
|
|t:|1685885078
|move|p2a: Ceruledge|Bitter Blade|p1a: Garchomp-F
|-resisted|p1a: Garchomp-F
|-damage|p1a: Garchomp-F|0 fnt
|faint|p1a: Garchomp-F
|
|upkeep
|
|t:|1685885094
|switch|p1a: Rotom-Galar|Rotom-Wash, shiny|100/100
|turn|13
|
|t:|1685885099
|-terastallize|p2a: Ceruledge|Electric
|move|p2a: Ceruledge|Tera Blast|p1a: Rotom-Galar
|-damage|p1a: Rotom-Galar|0 fnt
|faint|p1a: Rotom-Galar
|
|upkeep
|
|t:|1685885106
|switch|p1a: Takeitandgo|Gholdengo|100/100
|turn|14
|
|t:|1685885112
|move|p2a: Ceruledge|Shadow Sneak|p1a: Takeitandgo
|-supereffective|p1a: Takeitandgo
|-damage|p1a: Takeitandgo|0 fnt
|faint|p1a: Takeitandgo
|
|upkeep
|
|t:|1685885116
|switch|p1a: Blaziken-MiniHisui|Cinderace, M|32/100 par
|turn|15
|
|t:|1685885121
|move|p2a: Ceruledge|Shadow Sneak|p1a: Blaziken-MiniHisui
|-damage|p1a: Blaziken-MiniHisui|0 fnt
|faint|p1a: Blaziken-MiniHisui
|
|upkeep
|
|t:|1685885124
|switch|p1a: Humongous|Amoonguss, F|100/100
|turn|16
|
|t:|1685885129
|move|p2a: Ceruledge|Bitter Blade|p1a: Humongous
|-supereffective|p1a: Humongous
|-damage|p1a: Humongous|0 fnt
|faint|p1a: Humongous
|
|win|KarinaxCrushx11
|raw|skyloom's rating: 1106 → 1087(-19 for losing)
|raw|KarinaxCrushx11's rating: 1190 → 1209(+19 for winning)
|l|☆skyloom
