|j|☆donkkut
|j|☆memeu teamu
|t:|1685842371
|gametype|singles
|player|p1|donkkut|pokemonrangerf|1428
|player|p2|memeu teamu|265|1359
|teamsize|p1|6
|teamsize|p2|6
|gen|9
|tier|[Gen 9] OU
|rated|
|rule|Sleep Clause Mod: Limit one foe put to sleep
|rule|Species Clause: Limit one of each Pokémon
|rule|OHKO Clause: OHKO moves are banned
|rule|Evasion Items Clause: Evasion items are banned
|rule|Evasion Moves Clause: Evasion moves are banned
|rule|Endless Battle Clause: Forcing endless battles is banned
|rule|HP Percentage Mod: HP is shown in percentages
|clearpoke
|poke|p1|Basculegion-F, F|
|poke|p1|Meowscarada, F|
|poke|p1|Heatran, M|
|poke|p1|Garchomp, F|
|poke|p1|Great Tusk|
|poke|p1|Urshifu-*, F|
|poke|p2|Skeledirge, F|
|poke|p2|Amoonguss, M|
|poke|p2|Great Tusk|
|poke|p2|Rotom-Wash|
|poke|p2|Corviknight, M|
|poke|p2|Samurott-Hisui, F|
|teampreview
|
|t:|1685842403
|start
|switch|p1a: Garchomp|Garchomp, F|100/100
|switch|p2a: Rotom|Rotom-Wash|100/100
|turn|1
|inactive|Battle timer is ON: inactive players will automatically lose when time's up. (requested by donkkut)
|
|t:|1685842415
|move|p2a: Rotom|Trick|p1a: Garchomp
|-activate|p2a: Rotom|move: Trick|[of] p1a: Garchomp
|-item|p1a: Garchomp|Choice Scarf|[from] move: Trick
|-item|p2a: Rotom|Rocky Helmet|[from] move: Trick
|move|p1a: Garchomp|Spikes|p2a: Rotom
|-sidestart|p2: memeu teamu|Spikes
|
|upkeep
|turn|2
|
|t:|1685842429
|move|p1a: Garchomp|Spikes|p2a: Rotom
|-sidestart|p2: memeu teamu|Spikes
|move|p2a: Rotom|Thunder Wave|p1a: Garchomp
|-immune|p1a: Garchomp
|
|upkeep
|turn|3
|
|t:|1685842432
|switch|p2a: Corviknight|Corviknight, M|100/100
|-ability|p2a: Corviknight|Pressure
|move|p1a: Garchomp|Spikes|p2a: Corviknight
|-sidestart|p2: memeu teamu|Spikes
|
|upkeep
|turn|4
|
|t:|1685842450
|switch|p1a: Heatran|Heatran, M|100/100
|move|p2a: Corviknight|Defog|p1a: Heatran
|-unboost|p1a: Heatran|evasion|1
|-sideend|p2: memeu teamu|Spikes|[from] move: Defog|[of] p2a: Corviknight
|
|upkeep
|turn|5
|
|t:|1685842455
|switch|p2a: Skeledirge|Skeledirge, F|100/100
|move|p1a: Heatran|Magma Storm|p2a: Skeledirge
|-resisted|p2a: Skeledirge
|-damage|p2a: Skeledirge|84/100
|-activate|p2a: Skeledirge|move: Magma Storm|[of] p1a: Heatran
|
|-heal|p2a: Skeledirge|90/100|[from] item: Leftovers
|-damage|p2a: Skeledirge|77/100|[from] move: Magma Storm|[partiallytrapped]
|upkeep
|turn|6
|
|t:|1685842460
|switch|p2a: Rotom|Rotom-Wash|100/100
|move|p1a: Heatran|Earth Power|p2a: Rotom
|-immune|p2a: Rotom|[from] ability: Levitate
|
|upkeep
|turn|7
|
|t:|1685842473
|move|p2a: Rotom|Volt Switch|p1a: Heatran
|-damage|p1a: Heatran|82/100
|
|t:|1685842475
|switch|p2a: Samurott|Samurott-Hisui, F|100/100|[from] Volt Switch
|move|p1a: Heatran|Magma Storm|p2a: Samurott
|-resisted|p2a: Samurott
|-damage|p2a: Samurott|64/100
|-activate|p2a: Samurott|move: Magma Storm|[of] p1a: Heatran
|
|-heal|p1a: Heatran|88/100|[from] item: Leftovers
|-damage|p2a: Samurott|51/100|[from] move: Magma Storm|[partiallytrapped]
|upkeep
|turn|8
|
|t:|1685842485
|switch|p1a: Garchomp|Garchomp, F|100/100
|move|p2a: Samurott|Razor Shell|p1a: Garchomp
|-damage|p1a: Garchomp|39/100
|-unboost|p1a: Garchomp|def|1
|-damage|p2a: Samurott|39/100|[from] ability: Rough Skin|[of] p1a: Garchomp
|
|-end|p2a: Samurott|Magma Storm|[partiallytrapped]|[silent]
|upkeep
|turn|9
|
|t:|1685842493
|switch|p1a: Meowscarada|Meowscarada, F|100/100
|switch|p2a: Corviknight|Corviknight, M|100/100
|-ability|p2a: Corviknight|Pressure
|
|upkeep
|turn|10
|
|t:|1685842496
|move|p1a: Meowscarada|U-turn|p2a: Corviknight
|-start|p1a: Meowscarada|typechange|Bug|[from] ability: Protean
|-resisted|p2a: Corviknight
|-damage|p2a: Corviknight|95/100
|
|t:|1685842499
|switch|p1a: Heatran|Heatran, M|88/100|[from] U-turn
|move|p2a: Corviknight|U-turn|p1a: Heatran
|-resisted|p1a: Heatran
|-crit|p1a: Heatran
|-damage|p1a: Heatran|84/100
|
|t:|1685842514
|switch|p2a: Samurott|Samurott-Hisui, F|39/100|[from] U-turn
|
|-heal|p1a: Heatran|90/100|[from] item: Leftovers
|upkeep
|turn|11
|
|t:|1685842520
|switch|p1a: Garchomp|Garchomp, F|39/100
|move|p2a: Samurott|Razor Shell|p1a: Garchomp
|-damage|p1a: Garchomp|0 fnt
|-damage|p2a: Samurott|26/100|[from] ability: Rough Skin|[of] p1a: Garchomp
|faint|p1a: Garchomp
|
|upkeep
|
|t:|1685842532
|switch|p1a: Urshifu|Urshifu-Rapid-Strike, F|100/100
|turn|12
|
|t:|1685842535
|switch|p2a: Amoonguss|Amoonguss, M|100/100
|move|p1a: Urshifu|U-turn|p2a: Amoonguss
|-damage|p2a: Amoonguss|81/100
|
|t:|1685842537
|switch|p1a: Great Tusk|Great Tusk|100/100|[from] U-turn
|
|upkeep
|turn|13
|
|t:|1685842547
|switch|p2a: Corviknight|Corviknight, M|95/100
|-ability|p2a: Corviknight|Pressure
|move|p1a: Great Tusk|Earthquake|p2a: Corviknight
|-immune|p2a: Corviknight
|
|-heal|p2a: Corviknight|100/100|[from] item: Leftovers
|upkeep
|turn|14
|
|t:|1685842576
|move|p1a: Great Tusk|Rapid Spin|p2a: Corviknight
|-resisted|p2a: Corviknight
|-damage|p2a: Corviknight|96/100
|-boost|p1a: Great Tusk|spe|1
|move|p2a: Corviknight|U-turn|p1a: Great Tusk
|-resisted|p1a: Great Tusk
|-damage|p1a: Great Tusk|97/100
|
|t:|1685842588
|switch|p2a: Rotom|Rotom-Wash|100/100|[from] U-turn
|
|-heal|p1a: Great Tusk|100/100|[from] item: Leftovers
|upkeep
|turn|15
|
|t:|1685842597
|move|p1a: Great Tusk|Body Press|p2a: Rotom
|-damage|p2a: Rotom|55/100
|-damage|p1a: Great Tusk|84/100|[from] item: Rocky Helmet|[of] p2a: Rotom
|move|p2a: Rotom|Hydro Pump|p1a: Great Tusk
|-supereffective|p1a: Great Tusk
|-damage|p1a: Great Tusk|0 fnt
|faint|p1a: Great Tusk
|-end|p1a: Great Tusk|Protosynthesis|[silent]
|
|upkeep
|
|t:|1685842606
|switch|p1a: Urshifu|Urshifu-Rapid-Strike, F|100/100
|turn|16
|
|t:|1685842610
|switch|p2a: Amoonguss|Amoonguss, M|100/100
|move|p1a: Urshifu|Close Combat|p2a: Amoonguss
|-resisted|p2a: Amoonguss
|-damage|p2a: Amoonguss|76/100
|-unboost|p1a: Urshifu|def|1
|-unboost|p1a: Urshifu|spd|1
|
|upkeep
|turn|17
|
|t:|1685842623
|move|p1a: Urshifu|Surging Strikes|p2a: Amoonguss
|-resisted|p2a: Amoonguss
|-crit|p2a: Amoonguss
|-damage|p2a: Amoonguss|69/100
|-resisted|p2a: Amoonguss
|-crit|p2a: Amoonguss
|-damage|p2a: Amoonguss|61/100
|-resisted|p2a: Amoonguss
|-crit|p2a: Amoonguss
|-damage|p2a: Amoonguss|54/100
|-hitcount|p2a: Amoonguss|3
|move|p2a: Amoonguss|Spore|p1a: Urshifu
|-status|p1a: Urshifu|slp|[from] move: Spore
|
|upkeep
|turn|18
|
|t:|1685842631
|switch|p1a: Heatran|Heatran, M|90/100
|move|p2a: Amoonguss|Giga Drain|p1a: Heatran
|-resisted|p1a: Heatran
|-damage|p1a: Heatran|86/100
|-heal|p2a: Amoonguss|55/100|[from] drain|[of] p1a: Heatran
|
|-heal|p1a: Heatran|92/100|[from] item: Leftovers
|upkeep
|turn|19
|
|t:|1685842634
|switch|p2a: Skeledirge|Skeledirge, F|77/100
|move|p1a: Heatran|Magma Storm|p2a: Skeledirge
|-resisted|p2a: Skeledirge
|-damage|p2a: Skeledirge|59/100
|-activate|p2a: Skeledirge|move: Magma Storm|[of] p1a: Heatran
|
|-heal|p1a: Heatran|99/100|[from] item: Leftovers
|-heal|p2a: Skeledirge|65/100|[from] item: Leftovers
|-damage|p2a: Skeledirge|53/100|[from] move: Magma Storm|[partiallytrapped]
|upkeep
|turn|20
|
|t:|1685842646
|switch|p2a: Rotom|Rotom-Wash|55/100
|move|p1a: Heatran|Earth Power|p2a: Rotom
|-immune|p2a: Rotom|[from] ability: Levitate
|
|-heal|p1a: Heatran|100/100|[from] item: Leftovers
|upkeep
|turn|21
|
|t:|1685842651
|move|p2a: Rotom|Hydro Pump|p1a: Heatran
|-supereffective|p1a: Heatran
|-damage|p1a: Heatran|41/100
|move|p1a: Heatran|Magma Storm|p2a: Rotom|[miss]
|-miss|p1a: Heatran|p2a: Rotom
|
|-heal|p1a: Heatran|47/100|[from] item: Leftovers
|upkeep
|turn|22
|
|t:|1685842657
|switch|p1a: Meowscarada|Meowscarada, F|100/100
|move|p2a: Rotom|Hydro Pump|p1a: Meowscarada
|-resisted|p1a: Meowscarada
|-crit|p1a: Meowscarada
|-damage|p1a: Meowscarada|51/100
|
|upkeep
|turn|23
|
|t:|1685842675
|switch|p2a: Amoonguss|Amoonguss, M|88/100
|move|p1a: Meowscarada|U-turn|p2a: Amoonguss
|-start|p1a: Meowscarada|typechange|Bug|[from] ability: Protean
|-damage|p2a: Amoonguss|61/100
|-damage|p1a: Meowscarada|35/100|[from] item: Rocky Helmet|[of] p2a: Amoonguss
|
|t:|1685842681
|switch|p1a: Basculegion|Basculegion-F, F, shiny|100/100|[from] U-turn
|
|upkeep
|turn|24
|
|t:|1685842704
|switch|p2a: Great Tusk|Great Tusk|100/100
|move|p1a: Basculegion|Agility|p1a: Basculegion
|-boost|p1a: Basculegion|spe|2
|
|upkeep
|turn|25
|
|t:|1685842709
|move|p1a: Basculegion|Surf|p2a: Great Tusk
|-supereffective|p2a: Great Tusk
|-damage|p2a: Great Tusk|0 fnt
|faint|p2a: Great Tusk
|-end|p2a: Great Tusk|Protosynthesis|[silent]
|
|upkeep
|
|t:|1685842713
|switch|p2a: Amoonguss|Amoonguss, M|94/100
|turn|26
|
|t:|1685842718
|move|p1a: Basculegion|Shadow Ball|p2a: Amoonguss
|-damage|p2a: Amoonguss|51/100
|move|p2a: Amoonguss|Giga Drain|p1a: Basculegion
|-supereffective|p1a: Basculegion
|-damage|p1a: Basculegion|51/100
|-heal|p2a: Amoonguss|74/100|[from] drain|[of] p1a: Basculegion
|
|upkeep
|turn|27
|
|t:|1685842724
|move|p1a: Basculegion|Shadow Ball|p2a: Amoonguss
|-damage|p2a: Amoonguss|30/100
|-unboost|p2a: Amoonguss|spd|1
|move|p2a: Amoonguss|Giga Drain|p1a: Basculegion
|-supereffective|p1a: Basculegion
|-damage|p1a: Basculegion|3/100
|-heal|p2a: Amoonguss|52/100|[from] drain|[of] p1a: Basculegion
|-enditem|p1a: Basculegion|Petaya Berry|[eat]
|-boost|p1a: Basculegion|spa|1|[from] item: Petaya Berry
|
|upkeep
|turn|28
|
|t:|1685842732
|switch|p2a: Corviknight|Corviknight, M|96/100
|-ability|p2a: Corviknight|Pressure
|move|p1a: Basculegion|Shadow Ball|p2a: Corviknight
|-damage|p2a: Corviknight|22/100
|
|-heal|p2a: Corviknight|28/100|[from] item: Leftovers
|upkeep
|turn|29
|
|t:|1685842735
|move|p1a: Basculegion|Shadow Ball|p2a: Corviknight
|-damage|p2a: Corviknight|0 fnt
|faint|p2a: Corviknight
|
|upkeep
|
|t:|1685842737
|switch|p2a: Samurott|Samurott-Hisui, F|26/100
|turn|30
|
|t:|1685842742
|move|p2a: Samurott|Aqua Jet|p1a: Basculegion
|-resisted|p1a: Basculegion
|-damage|p1a: Basculegion|0 fnt
|faint|p1a: Basculegion
|
|upkeep
|
|t:|1685842749
|switch|p1a: Urshifu|Urshifu-Rapid-Strike, F|100/100 slp
|turn|31
|
|t:|1685842754
|switch|p2a: Amoonguss|Amoonguss, M|86/100
|cant|p1a: Urshifu|slp
|
|upkeep
|turn|32
|
|t:|1685842757
|-curestatus|p1a: Urshifu|slp|[msg]
|move|p1a: Urshifu|U-turn|p2a: Amoonguss
|-damage|p2a: Amoonguss|68/100
|
|t:|1685842758
|switch|p1a: Heatran|Heatran, M|47/100|[from] U-turn
|move|p2a: Amoonguss|Giga Drain|p1a: Heatran
|-resisted|p1a: Heatran
|-damage|p1a: Heatran|43/100
|-heal|p2a: Amoonguss|70/100|[from] drain|[of] p1a: Heatran
|
|-heal|p1a: Heatran|49/100|[from] item: Leftovers
|upkeep
|turn|33
|
|t:|1685842763
|switch|p1a: Urshifu|Urshifu-Rapid-Strike, F|100/100
|switch|p2a: Rotom|Rotom-Wash|55/100
|
|upkeep
|turn|34
|
|t:|1685842778
|move|p1a: Urshifu|Close Combat|p2a: Rotom
|-damage|p2a: Rotom|0 fnt
|-unboost|p1a: Urshifu|def|1
|-unboost|p1a: Urshifu|spd|1
|faint|p2a: Rotom
|
|upkeep
|
|t:|1685842785
|switch|p2a: Amoonguss|Amoonguss, M|100/100
|turn|35
|
|t:|1685842791
|-terastallize|p2a: Amoonguss|Water
|move|p1a: Urshifu|U-turn|p2a: Amoonguss
|-damage|p2a: Amoonguss|83/100
|
|t:|1685842794
|switch|p1a: Meowscarada|Meowscarada, F|35/100|[from] U-turn
|move|p2a: Amoonguss|Giga Drain|p1a: Meowscarada
|-resisted|p1a: Meowscarada
|-crit|p1a: Meowscarada
|-damage|p1a: Meowscarada|10/100
|-heal|p2a: Amoonguss|91/100|[from] drain|[of] p1a: Meowscarada
|
|upkeep
|turn|36
|
|t:|1685842803
|switch|p2a: Samurott|Samurott-Hisui, F|26/100
|move|p1a: Meowscarada|Flower Trick|p2a: Samurott
|-start|p1a: Meowscarada|typechange|Grass|[from] ability: Protean
|-supereffective|p2a: Samurott
|-crit|p2a: Samurott
|-damage|p2a: Samurott|0 fnt
|faint|p2a: Samurott
|
|upkeep
|
|t:|1685842805
|switch|p2a: Skeledirge|Skeledirge, F|53/100
|turn|37
|
|t:|1685842816
|switch|p1a: Urshifu|Urshifu-Rapid-Strike, F|100/100
|move|p2a: Skeledirge|Slack Off|p2a: Skeledirge
|-heal|p2a: Skeledirge|100/100
|
|upkeep
|turn|38
|
|t:|1685842827
|switch|p2a: Amoonguss|Amoonguss, M, tera:Water|100/100
|move|p1a: Urshifu|Surging Strikes|p2a: Amoonguss
|-resisted|p2a: Amoonguss
|-crit|p2a: Amoonguss
|-damage|p2a: Amoonguss|92/100
|-resisted|p2a: Amoonguss
|-crit|p2a: Amoonguss
|-damage|p2a: Amoonguss|85/100
|-resisted|p2a: Amoonguss
|-crit|p2a: Amoonguss
|-damage|p2a: Amoonguss|77/100
|-hitcount|p2a: Amoonguss|3
|
|upkeep
|turn|39
|
|t:|1685842830
|move|p1a: Urshifu|U-turn|p2a: Amoonguss
|-damage|p2a: Amoonguss|59/100
|
|t:|1685842835
|switch|p1a: Heatran|Heatran, M|49/100|[from] U-turn
|move|p2a: Amoonguss|Giga Drain|p1a: Heatran
|-resisted|p1a: Heatran
|-damage|p1a: Heatran|45/100
|-heal|p2a: Amoonguss|61/100|[from] drain|[of] p1a: Heatran
|
|-heal|p1a: Heatran|51/100|[from] item: Leftovers
|upkeep
|turn|40
|
|t:|1685842839
|switch|p2a: Skeledirge|Skeledirge, F|100/100
|move|p1a: Heatran|Magma Storm|p2a: Skeledirge|[miss]
|-miss|p1a: Heatran|p2a: Skeledirge
|
|-heal|p1a: Heatran|57/100|[from] item: Leftovers
|upkeep
|turn|41
|
|t:|1685842852
|-terastallize|p1a: Heatran|Flying
|move|p1a: Heatran|Magma Storm|p2a: Skeledirge
|-resisted|p2a: Skeledirge
|-damage|p2a: Skeledirge|85/100
|-activate|p2a: Skeledirge|move: Magma Storm|[of] p1a: Heatran
|move|p2a: Skeledirge|Hex|p1a: Heatran
|-damage|p1a: Heatran|40/100
|
|-heal|p1a: Heatran|46/100|[from] item: Leftovers
|-heal|p2a: Skeledirge|91/100|[from] item: Leftovers
|-damage|p2a: Skeledirge|78/100|[from] move: Magma Storm|[partiallytrapped]
|upkeep
|turn|42
|
|t:|1685842858
|move|p1a: Heatran|Earth Power|p2a: Skeledirge
|-supereffective|p2a: Skeledirge
|-damage|p2a: Skeledirge|39/100
|move|p2a: Skeledirge|Hex|p1a: Heatran
|-damage|p1a: Heatran|27/100
|
|-heal|p1a: Heatran|33/100|[from] item: Leftovers
|-heal|p2a: Skeledirge|45/100|[from] item: Leftovers
|-damage|p2a: Skeledirge|33/100|[from] move: Magma Storm|[partiallytrapped]
|upkeep
|turn|43
|
|t:|1685842865
|switch|p2a: Amoonguss|Amoonguss, M, tera:Water|94/100
|move|p1a: Heatran|Earth Power|p2a: Amoonguss
|-damage|p2a: Amoonguss|70/100
|
|-heal|p1a: Heatran|39/100|[from] item: Leftovers
|upkeep
|turn|44
|
|t:|1685842876
|move|p1a: Heatran|Magma Storm|p2a: Amoonguss|[miss]
|-miss|p1a: Heatran|p2a: Amoonguss
|move|p2a: Amoonguss|Sludge Bomb|p1a: Heatran
|-damage|p1a: Heatran|18/100
|
|-heal|p1a: Heatran|24/100|[from] item: Leftovers
|upkeep
|turn|45
|
|t:|1685842882
|move|p1a: Heatran|Magma Storm|p2a: Amoonguss
|-resisted|p2a: Amoonguss
|-damage|p2a: Amoonguss|52/100
|-activate|p2a: Amoonguss|move: Magma Storm|[of] p1a: Heatran
|move|p2a: Amoonguss|Sludge Bomb|p1a: Heatran
|-damage|p1a: Heatran|6/100
|-status|p1a: Heatran|psn
|
|-heal|p1a: Heatran|13/100 psn|[from] item: Leftovers
|-damage|p1a: Heatran|0 fnt|[from] psn
|faint|p1a: Heatran
|-end|p2a: Amoonguss|Magma Storm|[partiallytrapped]|[silent]
|upkeep
|
|t:|1685842890
|switch|p1a: Meowscarada|Meowscarada, F|10/100
|turn|46
|
|t:|1685842895
|switch|p2a: Skeledirge|Skeledirge, F|33/100
|move|p1a: Meowscarada|Knock Off|p2a: Skeledirge
|-start|p1a: Meowscarada|typechange|Dark|[from] ability: Protean
|-supereffective|p2a: Skeledirge
|-damage|p2a: Skeledirge|0 fnt
|-enditem|p2a: Skeledirge|Leftovers|[from] move: Knock Off|[of] p1a: Meowscarada
|faint|p2a: Skeledirge
|
|upkeep
|
|t:|1685842897
|switch|p2a: Amoonguss|Amoonguss, M, tera:Water|85/100
|turn|47
|
|t:|1685842900
|switch|p1a: Urshifu|Urshifu-Rapid-Strike, F|100/100
|move|p2a: Amoonguss|Giga Drain|p1a: Urshifu
|-supereffective|p1a: Urshifu
|-damage|p1a: Urshifu|35/100
|-heal|p2a: Amoonguss|100/100|[from] drain|[of] p1a: Urshifu
|
|upkeep
|turn|48
|
|t:|1685842903
|move|p1a: Urshifu|Close Combat|p2a: Amoonguss
|-damage|p2a: Amoonguss|48/100
|-unboost|p1a: Urshifu|def|1
|-unboost|p1a: Urshifu|spd|1
|move|p2a: Amoonguss|Giga Drain|p1a: Urshifu
|-supereffective|p1a: Urshifu
|-damage|p1a: Urshifu|0 fnt
|-heal|p2a: Amoonguss|62/100|[from] drain|[of] p1a: Urshifu
|faint|p1a: Urshifu
|
|upkeep
|
|t:|1685842906
|switch|p1a: Meowscarada|Meowscarada, F|10/100
|turn|49
|
|t:|1685842907
|move|p1a: Meowscarada|Flower Trick|p2a: Amoonguss
|-start|p1a: Meowscarada|typechange|Grass|[from] ability: Protean
|-supereffective|p2a: Amoonguss
|-crit|p2a: Amoonguss
|-damage|p2a: Amoonguss|0 fnt
|faint|p2a: Amoonguss
|
|win|donkkut
|raw|donkkut's rating: 1428 → 1444(+16 for winning)
|raw|memeu teamu's rating: 1359 → 1343(-16 for losing)
