|j|☆Grain2Sel
|j|☆kd458
|t:|1685889089
|gametype|singles
|player|p1|Grain2Sel|ninjaboy|1862
|player|p2|kd458|cynthia-masters3|1790
|teamsize|p1|6
|teamsize|p2|6
|gen|9
|tier|[Gen 9] OU
|rated|
|rule|Sleep Clause Mod: Limit one foe put to sleep
|rule|Species Clause: Limit one of each Pokémon
|rule|OHKO Clause: OHKO moves are banned
|rule|Evasion Items Clause: Evasion items are banned
|rule|Evasion Moves Clause: Evasion moves are banned
|rule|Endless Battle Clause: Forcing endless battles is banned
|rule|HP Percentage Mod: HP is shown in percentages
|clearpoke
|poke|p1|Quaquaval, M|
|poke|p1|Garganacl, M|
|poke|p1|Gholdengo|
|poke|p1|Tinkaton, F|
|poke|p1|Toedscruel, M|
|poke|p1|Baxcalibur, F|
|poke|p2|Ursaluna, F|
|poke|p2|Rillaboom, F|
|poke|p2|Sneasler, M|
|poke|p2|Hatterene, F|
|poke|p2|Skeledirge, M|
|poke|p2|Zamazenta-*|
|teampreview
|inactive|Battle timer is ON: inactive players will automatically lose when time's up. (requested by kd458)
|
|t:|1685889095
|start
|switch|p1a: Super-Dragon|Baxcalibur, F|100/100
|switch|p2a: Metro|Rillaboom, F|100/100
|-fieldstart|move: Grassy Terrain|[from] ability: Grassy Surge|[of] p2a: Metro
|turn|1
|j| Prismxj9
|j| bluect
|inactive|Grain2Sel has 120 seconds left.
|
|t:|1685889142
|switch|p2a: Big Bastard|Zamazenta|100/100
|-ability|p2a: Big Bastard|Dauntless Shield|boost
|-boost|p2a: Big Bastard|def|1
|move|p1a: Super-Dragon|Icicle Crash|p2a: Big Bastard|[miss]
|-miss|p1a: Super-Dragon|p2a: Big Bastard
|
|upkeep
|turn|2
|
|t:|1685889152
|switch|p1a: RIP Sia|Gholdengo|100/100
|move|p2a: Big Bastard|Crunch|p1a: RIP Sia
|-supereffective|p1a: RIP Sia
|-damage|p1a: RIP Sia|48/100
|
|-heal|p1a: RIP Sia|54/100|[from] Grassy Terrain
|upkeep
|turn|3
|j| Jynx Nuggets
|inactive|Grain2Sel has 120 seconds left.
|
|t:|1685889158
|move|p2a: Big Bastard|Crunch|p1a: RIP Sia
|-supereffective|p1a: RIP Sia
|-damage|p1a: RIP Sia|2/100
|move|p1a: RIP Sia|Trick|p2a: Big Bastard
|-activate|p1a: RIP Sia|move: Trick|[of] p2a: Big Bastard
|-item|p2a: Big Bastard|Choice Scarf|[from] move: Trick
|-item|p1a: RIP Sia|Leftovers|[from] move: Trick
|
|-heal|p1a: RIP Sia|8/100|[from] Grassy Terrain
|-heal|p1a: RIP Sia|14/100|[from] item: Leftovers
|upkeep
|turn|4
|j| GreenTeaBag
|
|t:|1685889167
|switch|p1a: Salt Bro <3|Garganacl, M|100/100
|move|p2a: Big Bastard|Crunch|p1a: Salt Bro <3
|-damage|p1a: Salt Bro <3|86/100
|-unboost|p1a: Salt Bro <3|def|1
|
|-heal|p1a: Salt Bro <3|92/100|[from] Grassy Terrain
|-heal|p1a: Salt Bro <3|98/100|[from] item: Leftovers
|upkeep
|turn|5
|
|t:|1685889175
|switch|p2a: Metro|Rillaboom, F|100/100
|move|p1a: Salt Bro <3|Salt Cure|p2a: Metro
|-damage|p2a: Metro|88/100
|-start|p2a: Metro|Salt Cure
|
|-heal|p2a: Metro|94/100|[from] Grassy Terrain
|-heal|p1a: Salt Bro <3|100/100|[from] Grassy Terrain
|-damage|p2a: Metro|82/100|[from] Salt Cure
|upkeep
|turn|6
|j| Ran Kob
|
|t:|1685889181
|switch|p1a: RIP Sia|Gholdengo|14/100
|move|p2a: Metro|U-turn|p1a: RIP Sia
|-resisted|p1a: RIP Sia
|-damage|p1a: RIP Sia|7/100
|j| Mystery Wanderer
|
|t:|1685889197
|switch|p2a: Hercules No Thug|Sneasler, M|100/100|[from] U-turn
|-enditem|p2a: Hercules No Thug|Grassy Seed
|-boost|p2a: Hercules No Thug|def|1|[from] item: Grassy Seed
|
|-heal|p1a: RIP Sia|13/100|[from] Grassy Terrain
|-heal|p1a: RIP Sia|19/100|[from] item: Leftovers
|upkeep
|turn|7
|
|t:|1685889203
|move|p2a: Hercules No Thug|Acrobatics|p1a: RIP Sia
|-resisted|p1a: RIP Sia
|-damage|p1a: RIP Sia|0 fnt
|faint|p1a: RIP Sia
|
|upkeep
|
|t:|1685889207
|switch|p1a: DRAGONSLAYER|Tinkaton, F|100/100
|-ability|p1a: DRAGONSLAYER|Mold Breaker
|-item|p1a: DRAGONSLAYER|Air Balloon
|turn|8
|
|t:|1685889214
|move|p2a: Hercules No Thug|Swords Dance|p2a: Hercules No Thug
|-boost|p2a: Hercules No Thug|atk|2
|move|p1a: DRAGONSLAYER|Gigaton Hammer|p2a: Hercules No Thug
|-damage|p2a: Hercules No Thug|45/100
|
|-heal|p2a: Hercules No Thug|51/100|[from] Grassy Terrain
|-fieldend|move: Grassy Terrain
|upkeep
|turn|9
|
|t:|1685889229
|move|p2a: Hercules No Thug|Close Combat|p1a: DRAGONSLAYER
|-damage|p1a: DRAGONSLAYER|0 fnt
|-unboost|p2a: Hercules No Thug|def|1
|-unboost|p2a: Hercules No Thug|spd|1
|-enditem|p1a: DRAGONSLAYER|Air Balloon
|faint|p1a: DRAGONSLAYER
|
|upkeep
|
|t:|1685889232
|switch|p1a: Coin??Coin!?|Quaquaval, M|100/100
|turn|10
|
|t:|1685889234
|-terastallize|p1a: Coin??Coin!?|Water
|move|p1a: Coin??Coin!?|Aqua Jet|p2a: Hercules No Thug
|-damage|p2a: Hercules No Thug|0 fnt
|faint|p2a: Hercules No Thug
|-ability|p1a: Coin??Coin!?|Moxie|boost
|-boost|p1a: Coin??Coin!?|atk|1
|
|upkeep
|
|t:|1685889238
|switch|p2a: Metro|Rillaboom, F|82/100
|-fieldstart|move: Grassy Terrain|[from] ability: Grassy Surge|[of] p2a: Metro
|turn|11
|
|t:|1685889242
|switch|p1a: Super-Dragon|Baxcalibur, F|100/100
|move|p2a: Metro|Wood Hammer|p1a: Super-Dragon
|-resisted|p1a: Super-Dragon
|-damage|p1a: Super-Dragon|65/100
|-damage|p2a: Metro|71/100|[from] Recoil
|
|-heal|p1a: Super-Dragon|71/100|[from] Grassy Terrain
|-heal|p2a: Metro|77/100|[from] Grassy Terrain
|upkeep
|turn|12
|j| CrowsSoul
|
|t:|1685889252
|switch|p2a: Big Bastard|Zamazenta|100/100
|move|p1a: Super-Dragon|Icicle Crash|p2a: Big Bastard
|-damage|p2a: Big Bastard|47/100
|-damage|p1a: Super-Dragon|61/100|[from] item: Life Orb
|
|-heal|p2a: Big Bastard|53/100|[from] Grassy Terrain
|-heal|p1a: Super-Dragon|68/100|[from] Grassy Terrain
|upkeep
|turn|13
|j| GottaPlayFast
|
|t:|1685889261
|move|p2a: Big Bastard|Body Press|p1a: Super-Dragon
|-supereffective|p1a: Super-Dragon
|-damage|p1a: Super-Dragon|9/100
|move|p1a: Super-Dragon|Glaive Rush|p2a: Big Bastard
|-damage|p2a: Big Bastard|0 fnt
|-singlemove|p1a: Super-Dragon|Glaive Rush|[silent]
|faint|p2a: Big Bastard
|-damage|p1a: Super-Dragon|0 fnt|[from] item: Life Orb
|faint|p1a: Super-Dragon
|
|upkeep
|j| Schweeb
|
|t:|1685889267
|switch|p2a: Peruvian Coke|Ursaluna, F|100/100
|switch|p1a: Coin??Coin!?|Quaquaval, M, tera:Water|100/100
|turn|14
|j| the eminence
|
|t:|1685889281
|-terastallize|p2a: Peruvian Coke|Water
|move|p1a: Coin??Coin!?|Aqua Step|p2a: Peruvian Coke
|-resisted|p2a: Peruvian Coke
|-crit|p2a: Peruvian Coke
|-damage|p2a: Peruvian Coke|51/100
|-boost|p1a: Coin??Coin!?|spe|1
|move|p2a: Peruvian Coke|Trailblaze|p1a: Coin??Coin!?
|-supereffective|p1a: Coin??Coin!?
|-crit|p1a: Coin??Coin!?
|-damage|p1a: Coin??Coin!?|1/100
|-boost|p2a: Peruvian Coke|spe|1
|
|-heal|p1a: Coin??Coin!?|7/100|[from] Grassy Terrain
|-heal|p2a: Peruvian Coke|57/100|[from] Grassy Terrain
|-heal|p2a: Peruvian Coke|63/100|[from] item: Leftovers
|upkeep
|turn|15
|
|t:|1685889289
|switch|p1a: S.Cowell|Toedscruel, M|100/100
|move|p2a: Peruvian Coke|Trailblaze|p1a: S.Cowell
|-damage|p1a: S.Cowell|62/100
|-boost|p2a: Peruvian Coke|spe|1
|
|-heal|p2a: Peruvian Coke|70/100|[from] Grassy Terrain
|-heal|p2a: Peruvian Coke|76/100|[from] item: Leftovers
|-heal|p1a: S.Cowell|68/100|[from] Grassy Terrain
|-heal|p1a: S.Cowell|74/100|[from] item: Leftovers
|upkeep
|turn|16
|
|t:|1685889292
|move|p2a: Peruvian Coke|Ice Punch|p1a: S.Cowell
|-supereffective|p1a: S.Cowell
|-damage|p1a: S.Cowell|0 fnt
|faint|p1a: S.Cowell
|
|-heal|p2a: Peruvian Coke|82/100|[from] Grassy Terrain
|-heal|p2a: Peruvian Coke|88/100|[from] item: Leftovers
|upkeep
|
|t:|1685889295
|switch|p1a: Salt Bro <3|Garganacl, M|100/100
|turn|17
|
|t:|1685889299
|move|p2a: Peruvian Coke|Belly Drum|p2a: Peruvian Coke
|-damage|p2a: Peruvian Coke|38/100
|-setboost|p2a: Peruvian Coke|atk|6|[from] move: Belly Drum
|move|p1a: Salt Bro <3|Iron Defense|p1a: Salt Bro <3
|-boost|p1a: Salt Bro <3|def|2
|
|-heal|p2a: Peruvian Coke|45/100|[from] Grassy Terrain
|-heal|p2a: Peruvian Coke|51/100|[from] item: Leftovers
|upkeep
|turn|18
|
|t:|1685889316
|move|p2a: Peruvian Coke|Drain Punch|p1a: Salt Bro <3
|-supereffective|p1a: Salt Bro <3
|-damage|p1a: Salt Bro <3|27/100
|-heal|p2a: Peruvian Coke|88/100|[from] drain|[of] p1a: Salt Bro <3
|move|p1a: Salt Bro <3|Iron Defense|p1a: Salt Bro <3
|-boost|p1a: Salt Bro <3|def|2
|
|-heal|p2a: Peruvian Coke|94/100|[from] Grassy Terrain
|-heal|p2a: Peruvian Coke|99/100|[from] item: Leftovers
|-heal|p1a: Salt Bro <3|33/100|[from] Grassy Terrain
|-heal|p1a: Salt Bro <3|40/100|[from] item: Leftovers
|-fieldend|move: Grassy Terrain
|upkeep
|turn|19
|
|t:|1685889319
|move|p2a: Peruvian Coke|Drain Punch|p1a: Salt Bro <3
|-supereffective|p1a: Salt Bro <3
|-damage|p1a: Salt Bro <3|0 fnt
|-heal|p2a: Peruvian Coke|100/100|[from] drain|[of] p1a: Salt Bro <3
|faint|p1a: Salt Bro <3
|
|upkeep
|-message|Grain2Sel forfeited.
|
|win|kd458
|raw|Grain2Sel's rating: 1862 → 1838(-24 for losing)
|raw|kd458's rating: 1790 → 1814(+24 for winning)
|l|☆Grain2Sel
|l| the eminence
|l| GreenTeaBag
|l| Jynx Nuggets
|l| Schweeb
|c|☆kd458|gg
