|j|☆Chosentolose
|j|☆readyforfrenzy
|t:|1685878998
|gametype|singles
|player|p1|Chosentolose|cynthia-gen4|1392
|player|p2|readyforfrenzy|ltsurge|1460
|teamsize|p1|6
|teamsize|p2|6
|gen|9
|tier|[Gen 9] OU
|rated|
|rule|Sleep Clause Mod: Limit one foe put to sleep
|rule|Species Clause: Limit one of each Pokémon
|rule|OHKO Clause: OHKO moves are banned
|rule|Evasion Items Clause: Evasion items are banned
|rule|Evasion Moves Clause: Evasion moves are banned
|rule|Endless Battle Clause: Forcing endless battles is banned
|rule|HP Percentage Mod: HP is shown in percentages
|clearpoke
|poke|p1|Decidueye-Hisui, F|
|poke|p1|Overqwil, M|
|poke|p1|Rotom-Wash|
|poke|p1|Talonflame, M|
|poke|p1|Enamorus-Therian, F|
|poke|p1|Goodra-Hisui, F|
|poke|p2|Indeedee-F, F|
|poke|p2|Ursaluna, F|
|poke|p2|Polteageist|
|poke|p2|Hoopa-Unbound|
|poke|p2|Armarouge, M|
|poke|p2|Zamazenta-*|
|teampreview
|
|t:|1685879003
|start
|switch|p1a: Overqwil|Overqwil, M|100/100
|switch|p2a: "weed eater"|Indeedee-F, F|100/100
|-ability|p1a: Overqwil|Intimidate|boost
|-unboost|p2a: "weed eater"|atk|1
|-fieldstart|move: Psychic Terrain|[from] ability: Psychic Surge|[of] p2a: "weed eater"
|turn|1
|inactive|Battle timer is ON: inactive players will automatically lose when time's up. (requested by Chosentolose)
|
|t:|1685879028
|switch|p2a: 1rst dog on weed|Zamazenta|100/100
|-ability|p2a: 1rst dog on weed|Dauntless Shield|boost
|-boost|p2a: 1rst dog on weed|def|1
|-enditem|p2a: 1rst dog on weed|Psychic Seed
|-boost|p2a: 1rst dog on weed|spd|1|[from] item: Psychic Seed
|move|p1a: Overqwil|Toxic Spikes|p2a: 1rst dog on weed
|-sidestart|p2: readyforfrenzy|move: Toxic Spikes
|
|upkeep
|turn|2
|
|t:|1685879032
|move|p2a: 1rst dog on weed|Iron Defense|p2a: 1rst dog on weed
|-boost|p2a: 1rst dog on weed|def|2
|move|p1a: Overqwil|Taunt|p2a: 1rst dog on weed
|-start|p2a: 1rst dog on weed|move: Taunt
|
|upkeep
|turn|3
|
|t:|1685879037
|move|p2a: 1rst dog on weed|Body Press|p1a: Overqwil
|-damage|p1a: Overqwil|8/100
|move|p1a: Overqwil|Spikes|p2a: 1rst dog on weed
|-sidestart|p2: readyforfrenzy|Spikes
|
|upkeep
|turn|4
|
|t:|1685879045
|move|p2a: 1rst dog on weed|Body Press|p1a: Overqwil
|-damage|p1a: Overqwil|0 fnt
|faint|p1a: Overqwil
|
|upkeep
|
|t:|1685879048
|switch|p1a: Decidueye|Decidueye-Hisui, F|100/100
|turn|5
|
|t:|1685879052
|-terastallize|p1a: Decidueye|Ghost
|move|p2a: 1rst dog on weed|Body Press|p1a: Decidueye
|-immune|p1a: Decidueye
|move|p1a: Decidueye|Bulk Up|p1a: Decidueye
|-boost|p1a: Decidueye|atk|1
|-boost|p1a: Decidueye|def|1
|
|-end|p2a: 1rst dog on weed|move: Taunt
|upkeep
|turn|6
|
|t:|1685879060
|move|p2a: 1rst dog on weed|Iron Defense|p2a: 1rst dog on weed
|-boost|p2a: 1rst dog on weed|def|2
|move|p1a: Decidueye|Bulk Up|p1a: Decidueye
|-boost|p1a: Decidueye|atk|1
|-boost|p1a: Decidueye|def|1
|
|upkeep
|turn|7
|
|t:|1685879062
|move|p2a: 1rst dog on weed|Iron Defense|p2a: 1rst dog on weed
|-boost|p2a: 1rst dog on weed|def|1
|move|p1a: Decidueye|Bulk Up|p1a: Decidueye
|-boost|p1a: Decidueye|atk|1
|-boost|p1a: Decidueye|def|1
|
|upkeep
|turn|8
|
|t:|1685879065
|move|p2a: 1rst dog on weed|Crunch|p1a: Decidueye
|-supereffective|p1a: Decidueye
|-damage|p1a: Decidueye|80/100
|-unboost|p1a: Decidueye|def|1
|move|p1a: Decidueye|Bulk Up|p1a: Decidueye
|-boost|p1a: Decidueye|atk|1
|-boost|p1a: Decidueye|def|1
|
|-heal|p1a: Decidueye|86/100|[from] item: Leftovers
|-fieldend|move: Psychic Terrain
|upkeep
|turn|9
|
|t:|1685879068
|move|p2a: 1rst dog on weed|Crunch|p1a: Decidueye
|-supereffective|p1a: Decidueye
|-damage|p1a: Decidueye|68/100
|move|p1a: Decidueye|Bulk Up|p1a: Decidueye
|-boost|p1a: Decidueye|atk|1
|-boost|p1a: Decidueye|def|1
|
|-heal|p1a: Decidueye|74/100|[from] item: Leftovers
|upkeep
|turn|10
|
|t:|1685879071
|move|p2a: 1rst dog on weed|Crunch|p1a: Decidueye
|-supereffective|p1a: Decidueye
|-damage|p1a: Decidueye|57/100
|move|p1a: Decidueye|Bulk Up|p1a: Decidueye
|-boost|p1a: Decidueye|atk|1
|-boost|p1a: Decidueye|def|1
|
|-heal|p1a: Decidueye|63/100|[from] item: Leftovers
|upkeep
|turn|11
|
|t:|1685879074
|move|p2a: 1rst dog on weed|Crunch|p1a: Decidueye
|-supereffective|p1a: Decidueye
|-damage|p1a: Decidueye|50/100
|move|p1a: Decidueye|Bulk Up|p1a: Decidueye
|-boost|p1a: Decidueye|atk|0
|-boost|p1a: Decidueye|def|1
|
|-heal|p1a: Decidueye|56/100|[from] item: Leftovers
|upkeep
|turn|12
|
|t:|1685879077
|move|p2a: 1rst dog on weed|Crunch|p1a: Decidueye
|-supereffective|p1a: Decidueye
|-damage|p1a: Decidueye|44/100
|-unboost|p1a: Decidueye|def|1
|move|p1a: Decidueye|Roost|p1a: Decidueye
|-heal|p1a: Decidueye|94/100
|
|-heal|p1a: Decidueye|99/100|[from] item: Leftovers
|upkeep
|turn|13
|
|t:|1685879084
|move|p2a: 1rst dog on weed|Crunch|p1a: Decidueye
|-supereffective|p1a: Decidueye
|-damage|p1a: Decidueye|85/100
|move|p1a: Decidueye|Triple Arrows|p2a: 1rst dog on weed
|-damage|p2a: 1rst dog on weed|76/100
|
|-heal|p1a: Decidueye|91/100|[from] item: Leftovers
|upkeep
|turn|14
|
|t:|1685879089
|move|p2a: 1rst dog on weed|Crunch|p1a: Decidueye
|-supereffective|p1a: Decidueye
|-damage|p1a: Decidueye|76/100
|move|p1a: Decidueye|Triple Arrows|p2a: 1rst dog on weed
|-crit|p2a: 1rst dog on weed
|-damage|p2a: 1rst dog on weed|0 fnt
|faint|p2a: 1rst dog on weed
|
|-heal|p1a: Decidueye|82/100|[from] item: Leftovers
|upkeep
|-message|readyforfrenzy forfeited.
|
|win|Chosentolose
|raw|Chosentolose's rating: 1392 → 1416(+24 for winning)
|raw|readyforfrenzy's rating: 1460 → 1436(-24 for losing)
|l|☆readyforfrenzy
