|j|☆Yttrious
|j|☆PsyKensai
|t:|1685889982
|gametype|singles
|player|p1|Yttrious|bede|1261
|player|p2|PsyKensai|170|1265
|teamsize|p1|6
|teamsize|p2|6
|gen|9
|tier|[Gen 9] OU
|rated|
|rule|Sleep Clause Mod: Limit one foe put to sleep
|rule|Species Clause: Limit one of each Pokémon
|rule|OHKO Clause: OHKO moves are banned
|rule|Evasion Items Clause: Evasion items are banned
|rule|Evasion Moves Clause: Evasion moves are banned
|rule|Endless Battle Clause: Forcing endless battles is banned
|rule|HP Percentage Mod: HP is shown in percentages
|clearpoke
|poke|p1|Sneasler, M|
|poke|p1|Dragapult, M|
|poke|p1|Magearna|
|poke|p1|Great Tusk|
|poke|p1|Tornadus-Therian, M|
|poke|p1|Slowking, M|
|poke|p2|Zamazenta-*|
|poke|p2|Magearna|
|poke|p2|Cinderace, F|
|poke|p2|Farigiraf, F|
|poke|p2|Tornadus-Therian, M|
|poke|p2|Roaring Moon|
|teampreview
|inactive|Battle timer is ON: inactive players will automatically lose when time's up. (requested by Yttrious)
|
|t:|1685889994
|start
|switch|p1a: Great Tusk|Great Tusk|100/100
|switch|p2a: Farigiraf|Farigiraf, F|100/100
|turn|1
|c|☆Yttrious|glhf!
|
|t:|1685890004
|move|p2a: Farigiraf|Agility|p2a: Farigiraf
|-boost|p2a: Farigiraf|spe|2
|move|p1a: Great Tusk|Stealth Rock|p2a: Farigiraf
|-sidestart|p2: PsyKensai|move: Stealth Rock
|
|upkeep
|turn|2
|
|t:|1685890008
|move|p2a: Farigiraf|Twin Beam|p1a: Great Tusk
|-supereffective|p1a: Great Tusk
|-damage|p1a: Great Tusk|29/100
|-supereffective|p1a: Great Tusk
|-damage|p1a: Great Tusk|0 fnt
|faint|p1a: Great Tusk
|-end|p1a: Great Tusk|Protosynthesis|[silent]
|-hitcount|p1: Great Tusk|2
|-damage|p2a: Farigiraf|91/100|[from] item: Life Orb
|
|upkeep
|
|t:|1685890020
|switch|p1a: Magearna|Magearna|100/100
|turn|3
|
|t:|1685890025
|move|p2a: Farigiraf|Thunderbolt|p1a: Magearna
|-damage|p1a: Magearna|73/100
|-damage|p2a: Farigiraf|81/100|[from] item: Life Orb
|move|p1a: Magearna|Pain Split|p2a: Farigiraf
|-sethp|p2a: Farigiraf|75/100|[from] move: Pain Split|[silent]
|-sethp|p1a: Magearna|79/100|[from] move: Pain Split
|
|upkeep
|turn|4
|
|t:|1685890039
|switch|p2a: Cinderace|Cinderace, F|100/100
|move|p1a: Magearna|Spikes|p2a: Cinderace
|-sidestart|p2: PsyKensai|Spikes
|
|upkeep
|turn|5
|
|t:|1685890047
|move|p2a: Cinderace|Court Change|p2a: Cinderace
|-swapsideconditions
|-activate|p2a: Cinderace|move: Court Change
|move|p1a: Magearna|Volt Switch|p2a: Cinderace
|-damage|p2a: Cinderace|70/100
|
|t:|1685890060
|switch|p1a: Slowking|Slowking, M|100/100|[from] Volt Switch
|
|upkeep
|turn|6
|
|t:|1685890067
|move|p2a: Cinderace|U-turn|p1a: Slowking
|-supereffective|p1a: Slowking
|-damage|p1a: Slowking|55/100
|
|t:|1685890073
|switch|p2a: Tornadus|Tornadus-Therian, M|100/100|[from] U-turn
|move|p1a: Slowking|Future Sight|p2a: Tornadus
|-start|p1a: Slowking|move: Future Sight
|
|upkeep
|turn|7
|
|t:|1685890082
|move|p2a: Tornadus|U-turn|p1a: Slowking
|-supereffective|p1a: Slowking
|-damage|p1a: Slowking|26/100
|
|t:|1685890087
|switch|p2a: Farigiraf|Farigiraf, F|75/100|[from] U-turn
|move|p1a: Slowking|Chilly Reception|p1a: Slowking
|-weather|Snow
|
|t:|1685890102
|switch|p1a: Magearna|Magearna|79/100|[from] Chilly Reception
|
|-weather|Snow|[upkeep]
|upkeep
|turn|8
|
|t:|1685890108
|switch|p2a: Cinderace|Cinderace, F|70/100
|move|p1a: Magearna|Spikes|p2a: Cinderace
|-sidestart|p2: PsyKensai|Spikes
|
|-weather|Snow|[upkeep]
|-end|p2a: Cinderace|move: Future Sight
|-damage|p2a: Cinderace|13/100
|upkeep
|turn|9
|
|t:|1685890115
|move|p2a: Cinderace|Pyro Ball|p1a: Magearna
|-supereffective|p1a: Magearna
|-damage|p1a: Magearna|0 fnt
|faint|p1a: Magearna
|
|-weather|Snow|[upkeep]
|upkeep
|
|t:|1685890118
|switch|p1a: Sneasler|Sneasler, M|100/100
|-damage|p1a: Sneasler|95/100|[from] Stealth Rock
|-damage|p1a: Sneasler|82/100|[from] Spikes
|turn|10
|
|t:|1685890125
|move|p1a: Sneasler|Fire Punch|p2a: Cinderace
|-resisted|p2a: Cinderace
|-damage|p2a: Cinderace|0 fnt
|faint|p2a: Cinderace
|
|-weather|Snow|[upkeep]
|upkeep
|
|t:|1685890130
|switch|p2a: Tornadus|Tornadus-Therian, M|100/100
|turn|11
|
|t:|1685890135
|switch|p1a: Slowking|Slowking, M|59/100
|move|p2a: Tornadus|Hurricane|p1a: Slowking
|-damage|p1a: Slowking|30/100
|
|-weather|none
|upkeep
|turn|12
|
|t:|1685890141
|move|p2a: Tornadus|U-turn|p1a: Slowking
|-supereffective|p1a: Slowking
|-damage|p1a: Slowking|0 fnt
|faint|p1a: Slowking
|
|t:|1685890150
|switch|p2a: Magearna|Magearna|100/100|[from] U-turn
|-damage|p2a: Magearna|88/100|[from] Spikes
|
|upkeep
|inactive|Yttrious has 120 seconds left.
|
|t:|1685890181
|switch|p1a: Sneasler|Sneasler, M|82/100
|-damage|p1a: Sneasler|76/100|[from] Stealth Rock
|-damage|p1a: Sneasler|64/100|[from] Spikes
|turn|13
|
|t:|1685890189
|move|p1a: Sneasler|U-turn|p2a: Magearna
|-resisted|p2a: Magearna
|-damage|p2a: Magearna|80/100
|
|t:|1685890192
|switch|p1a: Tornadus|Tornadus-Therian, M, shiny|100/100|[from] U-turn
|move|p2a: Magearna|Ice Beam|p1a: Tornadus
|-supereffective|p1a: Tornadus
|-damage|p1a: Tornadus|31/100
|
|upkeep
|turn|14
|
|t:|1685890198
|move|p1a: Tornadus|U-turn|p2a: Magearna
|-resisted|p2a: Magearna
|-damage|p2a: Magearna|77/100
|
|t:|1685890202
|switch|p1a: Sneasler|Sneasler, M|64/100|[from] U-turn
|-damage|p1a: Sneasler|58/100|[from] Stealth Rock
|-damage|p1a: Sneasler|46/100|[from] Spikes
|move|p2a: Magearna|Ice Beam|p1a: Sneasler
|-damage|p1a: Sneasler|0 fnt
|faint|p1a: Sneasler
|-ability|p2a: Magearna|Soul-Heart|boost
|-boost|p2a: Magearna|spa|1
|
|upkeep
|
|t:|1685890205
|switch|p1a: Dragapult|Dragapult, M|100/100
|-damage|p1a: Dragapult|88/100|[from] Stealth Rock
|-damage|p1a: Dragapult|76/100|[from] Spikes
|turn|15
|
|t:|1685890213
|-terastallize|p1a: Dragapult|Ghost
|move|p1a: Dragapult|Will-O-Wisp|p2a: Magearna
|-status|p2a: Magearna|brn
|move|p2a: Magearna|Ice Beam|p1a: Dragapult
|-damage|p1a: Dragapult|8/100
|
|-heal|p1a: Dragapult|14/100|[from] item: Leftovers
|-damage|p2a: Magearna|71/100 brn|[from] brn
|upkeep
|turn|16
|
|t:|1685890220
|move|p1a: Dragapult|Hex|p2a: Magearna
|-damage|p2a: Magearna|30/100 brn
|move|p2a: Magearna|Ice Beam|p1a: Dragapult
|-crit|p1a: Dragapult
|-damage|p1a: Dragapult|0 fnt
|faint|p1a: Dragapult
|-ability|p2a: Magearna|Soul-Heart|boost
|-boost|p2a: Magearna|spa|1
|
|-damage|p2a: Magearna|24/100 brn|[from] brn
|upkeep
|
|t:|1685890223
|switch|p1a: Tornadus|Tornadus-Therian, M, shiny|64/100
|turn|17
|
|t:|1685890226
|move|p1a: Tornadus|Heat Wave|p2a: Magearna
|-supereffective|p2a: Magearna
|-damage|p2a: Magearna|2/100 brn
|move|p2a: Magearna|Ice Beam|p1a: Tornadus
|-supereffective|p1a: Tornadus
|-damage|p1a: Tornadus|0 fnt
|faint|p1a: Tornadus
|
|win|PsyKensai
|raw|Yttrious's rating: 1261 → 1236(-25 for losing)
|raw|PsyKensai's rating: 1265 → 1290(+25 for winning)
|l|☆Yttrious
