|j|☆james boter
|j|☆nwod gnittis eep i
|t:|1685850152
|gametype|singles
|player|p1|james boter|clay|1174
|player|p2|nwod gnittis eep i|170|1200
|teamsize|p1|6
|teamsize|p2|6
|gen|9
|tier|[Gen 9] OU
|rated|
|rule|Sleep Clause Mod: Limit one foe put to sleep
|rule|Species Clause: Limit one of each Pokémon
|rule|OHKO Clause: OHKO moves are banned
|rule|Evasion Items Clause: Evasion items are banned
|rule|Evasion Moves Clause: Evasion moves are banned
|rule|Endless Battle Clause: Forcing endless battles is banned
|rule|HP Percentage Mod: HP is shown in percentages
|clearpoke
|poke|p1|Hoopa-Unbound|
|poke|p1|Azumarill, M|
|poke|p1|Breloom, M|
|poke|p1|Iron Treads|
|poke|p1|Dragapult, M|
|poke|p1|Volcarona, M|
|poke|p2|Chien-Pao|
|poke|p2|Cinderace, M|
|poke|p2|Landorus-Therian, M|
|poke|p2|Great Tusk|
|poke|p2|Mew|
|poke|p2|Heatran, F|
|teampreview
|inactive|Battle timer is ON: inactive players will automatically lose when time's up. (requested by nwod gnittis eep i)
|inactive|james boter also wants the timer to be on.
|
|t:|1685850171
|start
|switch|p1a: Azumarill|Azumarill, M|100/100
|switch|p2a: Mew|Mew|100/100
|turn|1
|
|t:|1685850178
|move|p2a: Mew|Taunt|p1a: Azumarill
|-start|p1a: Azumarill|move: Taunt
|move|p1a: Azumarill|Liquidation|p2a: Mew
|-damage|p2a: Mew|54/100
|-enditem|p2a: Mew|Red Card|[of] p1a: Azumarill
|drag|p1a: Breloom|Breloom, M|100/100
|
|upkeep
|turn|2
|
|t:|1685850192
|move|p2a: Mew|Taunt|p1a: Breloom
|-start|p1a: Breloom|move: Taunt
|move|p1a: Breloom|Bullet Seed|p2a: Mew
|-damage|p2a: Mew|26/100
|-damage|p2a: Mew|0 fnt
|faint|p2a: Mew
|-hitcount|p2: Mew|2
|
|upkeep
|
|t:|1685850203
|switch|p2a: Cinderace|Cinderace, M|100/100
|turn|3
|
|t:|1685850223
|switch|p1a: Azumarill|Azumarill, M|100/100
|move|p2a: Cinderace|U-turn|p1a: Azumarill
|-start|p2a: Cinderace|typechange|Bug|[from] ability: Libero
|-resisted|p1a: Azumarill
|-damage|p1a: Azumarill|83/100
|
|t:|1685850239
|switch|p2a: Landorus|Landorus-Therian, M|100/100|[from] U-turn
|-ability|p2a: Landorus|Intimidate|boost
|-unboost|p1a: Azumarill|atk|1
|
|upkeep
|turn|4
|
|t:|1685850247
|move|p2a: Landorus|Earthquake|p1a: Azumarill
|-damage|p1a: Azumarill|18/100
|-enditem|p1a: Azumarill|Sitrus Berry|[eat]
|-heal|p1a: Azumarill|43/100|[from] item: Sitrus Berry
|move|p1a: Azumarill|Liquidation|p2a: Landorus
|-supereffective|p2a: Landorus
|-damage|p2a: Landorus|18/100
|
|upkeep
|turn|5
|
|t:|1685850265
|switch|p2a: Great Tusk|Great Tusk|100/100
|move|p1a: Azumarill|Aqua Jet|p2a: Great Tusk
|-supereffective|p2a: Great Tusk
|-damage|p2a: Great Tusk|76/100
|
|-heal|p2a: Great Tusk|82/100|[from] item: Leftovers
|upkeep
|turn|6
|
|t:|1685850275
|switch|p1a: Iron Treads|Iron Treads|100/100
|move|p2a: Great Tusk|Earthquake|p1a: Iron Treads
|-supereffective|p1a: Iron Treads
|-damage|p1a: Iron Treads|14/100
|
|-heal|p1a: Iron Treads|20/100|[from] item: Leftovers
|-heal|p2a: Great Tusk|88/100|[from] item: Leftovers
|upkeep
|turn|7
|
|t:|1685850303
|move|p1a: Iron Treads|Stealth Rock|p2a: Great Tusk
|-sidestart|p2: nwod gnittis eep i|move: Stealth Rock
|move|p2a: Great Tusk|Rapid Spin|p1a: Iron Treads
|-resisted|p1a: Iron Treads
|-damage|p1a: Iron Treads|14/100
|-boost|p2a: Great Tusk|spe|1
|-sideend|p2: nwod gnittis eep i|Stealth Rock|[from] move: Rapid Spin|[of] p2a: Great Tusk
|
|-heal|p2a: Great Tusk|94/100|[from] item: Leftovers
|-heal|p1a: Iron Treads|21/100|[from] item: Leftovers
|upkeep
|turn|8
|
|t:|1685850310
|move|p2a: Great Tusk|Earthquake|p1a: Iron Treads
|-supereffective|p1a: Iron Treads
|-damage|p1a: Iron Treads|0 fnt
|faint|p1a: Iron Treads
|-end|p1a: Iron Treads|Quark Drive|[silent]
|
|-heal|p2a: Great Tusk|100/100|[from] item: Leftovers
|upkeep
|
|t:|1685850317
|switch|p1a: Hoopa|Hoopa-Unbound|100/100
|turn|9
|
|t:|1685850325
|-end|p2a: Great Tusk|Protosynthesis|[silent]
|switch|p2a: Chien-Pao|Chien-Pao|100/100
|-ability|p2a: Chien-Pao|Sword of Ruin
|move|p1a: Hoopa|Substitute|p1a: Hoopa
|-start|p1a: Hoopa|Substitute
|-damage|p1a: Hoopa|76/100
|
|upkeep
|turn|10
|
|t:|1685850332
|move|p2a: Chien-Pao|Crunch|p1a: Hoopa
|-end|p1a: Hoopa|Substitute
|move|p1a: Hoopa|Drain Punch|p2a: Chien-Pao
|-supereffective|p2a: Chien-Pao
|-damage|p2a: Chien-Pao|0 fnt
|-heal|p1a: Hoopa|100/100|[from] drain|[of] p2a: Chien-Pao
|faint|p2a: Chien-Pao
|
|upkeep
|
|t:|1685850350
|switch|p2a: Landorus|Landorus-Therian, M|18/100
|-ability|p2a: Landorus|Intimidate|boost
|-unboost|p1a: Hoopa|atk|1
|-enditem|p1a: Hoopa|Eject Pack
|
|t:|1685850357
|switch|p1a: Azumarill|Azumarill, M|43/100
|turn|11
|
|t:|1685850378
|switch|p2a: Great Tusk|Great Tusk|100/100
|move|p1a: Azumarill|Aqua Jet|p2a: Great Tusk
|-supereffective|p2a: Great Tusk
|-damage|p2a: Great Tusk|65/100
|
|-heal|p2a: Great Tusk|71/100|[from] item: Leftovers
|upkeep
|turn|12
|inactive|james boter has 120 seconds left.
|
|t:|1685850413
|switch|p1a: Hoopa|Hoopa-Unbound|100/100
|move|p2a: Great Tusk|Earthquake|p1a: Hoopa
|-damage|p1a: Hoopa|13/100
|
|-heal|p2a: Great Tusk|77/100|[from] item: Leftovers
|upkeep
|turn|13
|inactive|james boter has 120 seconds left.
|
|t:|1685850419
|move|p2a: Great Tusk|Rapid Spin|p1a: Hoopa
|-damage|p1a: Hoopa|0 fnt
|-boost|p2a: Great Tusk|spe|1
|faint|p1a: Hoopa
|
|-heal|p2a: Great Tusk|84/100|[from] item: Leftovers
|upkeep
|
|t:|1685850423
|switch|p1a: Volcarona|Volcarona, M|100/100
|turn|14
|
|t:|1685850428
|move|p2a: Great Tusk|Earthquake|p1a: Volcarona
|-damage|p1a: Volcarona|18/100
|move|p1a: Volcarona|Quiver Dance|p1a: Volcarona
|-boost|p1a: Volcarona|spa|1
|-boost|p1a: Volcarona|spd|1
|-boost|p1a: Volcarona|spe|1
|
|-heal|p2a: Great Tusk|90/100|[from] item: Leftovers
|upkeep
|turn|15
|
|t:|1685850439
|move|p1a: Volcarona|Flamethrower|p2a: Great Tusk
|-damage|p2a: Great Tusk|0 fnt
|faint|p2a: Great Tusk
|-end|p2a: Great Tusk|Protosynthesis|[silent]
|
|upkeep
|
|t:|1685850458
|switch|p2a: Cinderace|Cinderace, M|100/100
|turn|16
|
|t:|1685850470
|-terastallize|p1a: Volcarona|Ground
|move|p1a: Volcarona|Tera Blast|p2a: Cinderace
|-supereffective|p2a: Cinderace
|-damage|p2a: Cinderace|0 fnt
|faint|p2a: Cinderace
|
|upkeep
|
|t:|1685850484
|switch|p2a: Landorus|Landorus-Therian, M|18/100
|-ability|p2a: Landorus|Intimidate|boost
|-unboost|p1a: Volcarona|atk|1
|turn|17
|
|t:|1685850488
|move|p1a: Volcarona|Flamethrower|p2a: Landorus
|-damage|p2a: Landorus|0 fnt
|faint|p2a: Landorus
|
|upkeep
|c|☆nwod gnittis eep i|just have no clue what's going on
|c|☆nwod gnittis eep i|you're just clicking buttons without thinking lol
|-message|nwod gnittis eep i forfeited.
|
|win|james boter
|raw|james boter's rating: 1174 → 1201(+27 for winning)
|raw|nwod gnittis eep i's rating: 1200 → 1173(-27 for losing)
|l|☆nwod gnittis eep i
|c|☆james boter|tf does that mean
