|j|☆KeevX2
|j|☆slayerllama
|t:|1685873163
|gametype|singles
|player|p1|KeevX2|lucas|1274
|player|p2|slayerllama|170|1251
|teamsize|p1|6
|teamsize|p2|6
|gen|9
|tier|[Gen 9] OU
|rated|
|rule|Sleep Clause Mod: Limit one foe put to sleep
|rule|Species Clause: Limit one of each Pokémon
|rule|OHKO Clause: OHKO moves are banned
|rule|Evasion Items Clause: Evasion items are banned
|rule|Evasion Moves Clause: Evasion moves are banned
|rule|Endless Battle Clause: Forcing endless battles is banned
|rule|HP Percentage Mod: HP is shown in percentages
|clearpoke
|poke|p1|Zamazenta-*|
|poke|p1|Garchomp, M|
|poke|p1|Heatran, F|
|poke|p1|Chien-Pao|
|poke|p1|Toxapex, M|
|poke|p1|Zapdos|
|poke|p2|Breloom, M|
|poke|p2|Heatran, M|
|poke|p2|Landorus-Therian, M|
|poke|p2|Azelf|
|poke|p2|Volcanion|
|poke|p2|Azumarill, M|
|teampreview
|inactive|Battle timer is ON: inactive players will automatically lose when time's up. (requested by KeevX2)
|
|t:|1685873188
|start
|switch|p1a: Garchomp|Garchomp, M|100/100
|switch|p2a: Breloom|Breloom, M|100/100
|turn|1
|
|t:|1685873198
|move|p1a: Garchomp|Fire Blast|p2a: Breloom|[miss]
|-miss|p1a: Garchomp|p2a: Breloom
|move|p2a: Breloom|Substitute|p2a: Breloom
|-start|p2a: Breloom|Substitute
|-damage|p2a: Breloom|75/100
|
|upkeep
|turn|2
|
|t:|1685873202
|move|p1a: Garchomp|Fire Blast|p2a: Breloom
|-supereffective|p2a: Breloom
|-end|p2a: Breloom|Substitute
|move|p2a: Breloom|Bullet Seed|p1a: Garchomp
|-damage|p1a: Garchomp|72/100
|-damage|p1a: Garchomp|44/100
|-hitcount|p1a: Garchomp|2
|-damage|p2a: Breloom|66/100|[from] item: Life Orb
|
|upkeep
|turn|3
|
|t:|1685873212
|switch|p2a: Heatran|Heatran, M|100/100
|move|p1a: Garchomp|Fire Blast|p2a: Heatran
|-start|p2a: Heatran|ability: Flash Fire
|
|upkeep
|turn|4
|
|t:|1685873223
|switch|p1a: Zapdos|Zapdos|100/100
|-end|p2a: Heatran|ability: Flash Fire|[silent]
|switch|p2a: Landorus|Landorus-Therian, M|100/100
|-ability|p2a: Landorus|Intimidate|boost
|-unboost|p1a: Zapdos|atk|1
|
|upkeep
|turn|5
|
|t:|1685873237
|move|p1a: Zapdos|Heat Wave|p2a: Landorus
|-damage|p2a: Landorus|61/100
|move|p2a: Landorus|Stone Edge|p1a: Zapdos
|-supereffective|p1a: Zapdos
|-damage|p1a: Zapdos|6/100
|
|-heal|p2a: Landorus|67/100|[from] item: Leftovers
|upkeep
|turn|6
|
|t:|1685873245
|switch|p1a: Garchomp|Garchomp, M|44/100
|move|p2a: Landorus|U-turn|p1a: Garchomp
|-damage|p1a: Garchomp|16/100
|-damage|p2a: Landorus|54/100|[from] ability: Rough Skin|[of] p1a: Garchomp
|
|t:|1685873251
|switch|p2a: Breloom|Breloom, M|66/100|[from] U-turn
|
|upkeep
|turn|7
|
|t:|1685873256
|move|p2a: Breloom|Mach Punch|p1a: Garchomp
|-damage|p1a: Garchomp|0 fnt
|-damage|p2a: Breloom|53/100|[from] ability: Rough Skin|[of] p1a: Garchomp
|faint|p1a: Garchomp
|-damage|p2a: Breloom|43/100|[from] item: Life Orb
|
|upkeep
|
|t:|1685873260
|switch|p1a: Zapdos|Zapdos|6/100
|turn|8
|
|t:|1685873262
|move|p2a: Breloom|Mach Punch|p1a: Zapdos
|-resisted|p1a: Zapdos
|-damage|p1a: Zapdos|0 fnt
|faint|p1a: Zapdos
|-damage|p2a: Breloom|34/100|[from] item: Life Orb
|
|upkeep
|
|t:|1685873268
|switch|p1a: Chien-Pao|Chien-Pao|100/100
|-ability|p1a: Chien-Pao|Sword of Ruin
|turn|9
|
|t:|1685873271
|move|p1a: Chien-Pao|Ice Shard|p2a: Breloom
|-supereffective|p2a: Breloom
|-damage|p2a: Breloom|0 fnt
|faint|p2a: Breloom
|
|upkeep
|
|t:|1685873274
|switch|p2a: Azumarill|Azumarill, M|100/100
|turn|10
|
|t:|1685873281
|switch|p1a: Toxapex|Toxapex, M|100/100
|move|p2a: Azumarill|Play Rough|p1a: Toxapex
|-resisted|p1a: Toxapex
|-damage|p1a: Toxapex|77/100
|
|upkeep
|turn|11
|
|t:|1685873292
|switch|p2a: Heatran|Heatran, M|100/100
|move|p1a: Toxapex|Infestation|p2a: Heatran
|-resisted|p2a: Heatran
|-damage|p2a: Heatran|99/100
|-activate|p2a: Heatran|move: Infestation|[of] p1a: Toxapex
|-damage|p1a: Toxapex|60/100|[from] item: Rocky Helmet|[of] p2a: Heatran
|
|-damage|p2a: Heatran|87/100|[from] move: Infestation|[partiallytrapped]
|upkeep
|turn|12
|
|t:|1685873304
|move|p2a: Heatran|Earth Power|p1a: Toxapex
|-supereffective|p1a: Toxapex
|-damage|p1a: Toxapex|25/100
|move|p1a: Toxapex|Surf|p2a: Heatran
|-supereffective|p2a: Heatran
|-damage|p2a: Heatran|35/100
|
|-damage|p2a: Heatran|23/100|[from] move: Infestation|[partiallytrapped]
|upkeep
|turn|13
|
|t:|1685873325
|switch|p1a: Zamazenta|Zamazenta|100/100
|-ability|p1a: Zamazenta|Dauntless Shield|boost
|-boost|p1a: Zamazenta|def|1
|move|p2a: Heatran|Earth Power|p1a: Zamazenta
|-damage|p1a: Zamazenta|72/100
|
|-heal|p1a: Zamazenta|78/100|[from] item: Leftovers
|-end|p2a: Heatran|Infestation|[partiallytrapped]|[silent]
|upkeep
|turn|14
|
|t:|1685873339
|switch|p2a: Landorus|Landorus-Therian, M|54/100
|-ability|p2a: Landorus|Intimidate|boost
|-unboost|p1a: Zamazenta|atk|1
|move|p1a: Zamazenta|Iron Defense|p1a: Zamazenta
|-boost|p1a: Zamazenta|def|2
|
|-heal|p1a: Zamazenta|84/100|[from] item: Leftovers
|-heal|p2a: Landorus|60/100|[from] item: Leftovers
|upkeep
|turn|15
|
|t:|1685873348
|move|p1a: Zamazenta|Substitute|p1a: Zamazenta
|-start|p1a: Zamazenta|Substitute
|-damage|p1a: Zamazenta|59/100
|move|p2a: Landorus|U-turn|p1a: Zamazenta
|-resisted|p1a: Zamazenta
|-activate|p1a: Zamazenta|move: Substitute|[damage]
|
|t:|1685873358
|switch|p2a: Azumarill|Azumarill, M|100/100|[from] U-turn
|
|-heal|p1a: Zamazenta|65/100|[from] item: Leftovers
|upkeep
|turn|16
|
|t:|1685873364
|move|p1a: Zamazenta|Body Press|p2a: Azumarill
|-resisted|p2a: Azumarill
|-damage|p2a: Azumarill|67/100
|move|p2a: Azumarill|Play Rough|p1a: Zamazenta
|-supereffective|p1a: Zamazenta
|-end|p1a: Zamazenta|Substitute
|
|-heal|p1a: Zamazenta|71/100|[from] item: Leftovers
|upkeep
|turn|17
|
|t:|1685873372
|move|p1a: Zamazenta|Iron Defense|p1a: Zamazenta
|-boost|p1a: Zamazenta|def|2
|move|p2a: Azumarill|Play Rough|p1a: Zamazenta
|-supereffective|p1a: Zamazenta
|-damage|p1a: Zamazenta|46/100
|
|-heal|p1a: Zamazenta|52/100|[from] item: Leftovers
|upkeep
|turn|18
|
|t:|1685873386
|-terastallize|p1a: Zamazenta|Fighting
|move|p1a: Zamazenta|Body Press|p2a: Azumarill
|-resisted|p2a: Azumarill
|-damage|p2a: Azumarill|4/100
|move|p2a: Azumarill|Play Rough|p1a: Zamazenta|[miss]
|-miss|p2a: Azumarill|p1a: Zamazenta
|
|-heal|p1a: Zamazenta|58/100|[from] item: Leftovers
|upkeep
|turn|19
|
|t:|1685873395
|move|p1a: Zamazenta|Body Press|p2a: Azumarill
|-resisted|p2a: Azumarill
|-damage|p2a: Azumarill|0 fnt
|faint|p2a: Azumarill
|
|-heal|p1a: Zamazenta|64/100|[from] item: Leftovers
|upkeep
|
|t:|1685873398
|switch|p2a: Volcanion|Volcanion|100/100
|turn|20
|
|t:|1685873403
|move|p1a: Zamazenta|Body Press|p2a: Volcanion
|-damage|p2a: Volcanion|0 fnt
|faint|p2a: Volcanion
|
|-heal|p1a: Zamazenta|70/100|[from] item: Leftovers
|upkeep
|
|t:|1685873409
|switch|p2a: Landorus|Landorus-Therian, M|60/100
|-ability|p2a: Landorus|Intimidate|boost
|-unboost|p1a: Zamazenta|atk|1
|turn|21
|
|t:|1685873412
|move|p1a: Zamazenta|Body Press|p2a: Landorus
|-resisted|p2a: Landorus
|-damage|p2a: Landorus|0 fnt
|faint|p2a: Landorus
|
|-heal|p1a: Zamazenta|76/100|[from] item: Leftovers
|upkeep
|
|t:|1685873415
|switch|p2a: Azelf|Azelf|100/100
|turn|22
|
|t:|1685873418
|move|p1a: Zamazenta|Body Press|p2a: Azelf
|-resisted|p2a: Azelf
|-damage|p2a: Azelf|0 fnt
|faint|p2a: Azelf
|
|-heal|p1a: Zamazenta|82/100|[from] item: Leftovers
|upkeep
|
|t:|1685873420
|switch|p2a: Heatran|Heatran, M|23/100
|turn|23
|
|t:|1685873422
|move|p1a: Zamazenta|Body Press|p2a: Heatran
|-supereffective|p2a: Heatran
|-damage|p2a: Heatran|0 fnt
|-damage|p1a: Zamazenta|65/100|[from] item: Rocky Helmet|[of] p2a: Heatran
|faint|p2a: Heatran
|
|win|KeevX2
|raw|KeevX2's rating: 1274 → 1296(+22 for winning)
|raw|slayerllama's rating: 1233 → 1211(-22 for losing)
|l|☆slayerllama
