|j|☆Abele01
|j|☆T0nezofFun
|t:|1685839201
|gametype|singles
|player|p1|Abele01|clown|
|player|p2|T0nezofFun|102|
|teamsize|p1|6
|teamsize|p2|6
|gen|9
|tier|[Gen 9] OU
|rule|Sleep Clause Mod: Limit one foe put to sleep
|rule|Species Clause: Limit one of each Pokémon
|rule|OHKO Clause: OHKO moves are banned
|rule|Evasion Items Clause: Evasion items are banned
|rule|Evasion Moves Clause: Evasion moves are banned
|rule|Endless Battle Clause: Forcing endless battles is banned
|rule|HP Percentage Mod: HP is shown in percentages
|clearpoke
|poke|p1|Glastrier|
|poke|p1|Magearna|
|poke|p1|Cresselia, F|
|poke|p1|Ursaluna, M|
|poke|p1|Kingambit, M|
|poke|p1|Slowking-Galar, M|
|poke|p2|Torkoal, M|
|poke|p2|Hatterene, F|
|poke|p2|Typhlosion-Hisui, F|
|poke|p2|Arcanine-Hisui, M|
|poke|p2|Lilligant-Hisui, F|
|poke|p2|Rillaboom, M|
|teampreview
|inactive|Battle timer is ON: inactive players will automatically lose when time's up. (requested by Abele01)
|c|☆T0nezofFun|Glhf!
|
|t:|1685839221
|start
|switch|p1a: Slowking|Slowking-Galar, M|100/100
|switch|p2a: Torkoal|Torkoal, M|100/100
|-weather|SunnyDay|[from] ability: Drought|[of] p2a: Torkoal
|turn|1
|
|t:|1685839231
|move|p2a: Torkoal|Stealth Rock|p1a: Slowking
|-sidestart|p1: Abele01|move: Stealth Rock
|move|p1a: Slowking|Trick Room|p1a: Slowking
|-fieldstart|move: Trick Room|[of] p1a: Slowking
|
|-weather|SunnyDay|[upkeep]
|upkeep
|turn|2
|
|t:|1685839242
|switch|p2a: Rillaboom|Rillaboom, M|100/100
|-fieldstart|move: Grassy Terrain|[from] ability: Grassy Surge|[of] p2a: Rillaboom
|move|p1a: Slowking|Chilly Reception|p1a: Slowking
|-weather|Snow
|
|t:|1685839256
|switch|p1a: Glastrier|Glastrier|100/100|[from] Chilly Reception
|
|-weather|Snow|[upkeep]
|upkeep
|turn|3
|
|t:|1685839267
|move|p2a: Rillaboom|Fake Out|p1a: Glastrier
|-damage|p1a: Glastrier|95/100
|cant|p1a: Glastrier|flinch
|
|-weather|Snow|[upkeep]
|-heal|p1a: Glastrier|100/100|[from] Grassy Terrain
|upkeep
|turn|4
|
|t:|1685839275
|move|p1a: Glastrier|Swords Dance|p1a: Glastrier
|-boost|p1a: Glastrier|atk|2
|move|p2a: Rillaboom|Knock Off|p1a: Glastrier
|-damage|p1a: Glastrier|85/100
|-enditem|p1a: Glastrier|Heavy-Duty Boots|[from] move: Knock Off|[of] p2a: Rillaboom
|
|-weather|Snow|[upkeep]
|-heal|p1a: Glastrier|91/100|[from] Grassy Terrain
|upkeep
|turn|5
|
|t:|1685839288
|switch|p2a: Torkoal|Torkoal, M|100/100
|-weather|SunnyDay|[from] ability: Drought|[of] p2a: Torkoal
|move|p1a: Glastrier|Icicle Crash|p2a: Torkoal|[miss]
|-miss|p1a: Glastrier|p2a: Torkoal
|
|-weather|SunnyDay|[upkeep]
|-heal|p1a: Glastrier|97/100|[from] Grassy Terrain
|-fieldend|move: Trick Room
|upkeep
|turn|6
|
|t:|1685839311
|move|p2a: Torkoal|Body Press|p1a: Glastrier
|-supereffective|p1a: Glastrier
|-damage|p1a: Glastrier|55/100
|move|p1a: Glastrier|Stomping Tantrum|p2a: Torkoal
|-supereffective|p2a: Torkoal
|-damage|p2a: Torkoal|0 fnt
|faint|p2a: Torkoal
|-ability|p1a: Glastrier|Chilling Neigh|boost
|-boost|p1a: Glastrier|atk|1
|
|-weather|SunnyDay|[upkeep]
|-heal|p1a: Glastrier|61/100|[from] Grassy Terrain
|-fieldend|move: Grassy Terrain
|upkeep
|
|t:|1685839323
|switch|p2a: Arcanine|Arcanine-Hisui, M|100/100
|turn|7
|
|t:|1685839334
|switch|p1a: Slowking|Slowking-Galar, M|100/100
|-damage|p1a: Slowking|88/100|[from] Stealth Rock
|-terastallize|p2a: Arcanine|Rock
|move|p2a: Arcanine|Head Smash|p1a: Slowking|[miss]
|-miss|p2a: Arcanine|p1a: Slowking
|
|-weather|SunnyDay|[upkeep]
|upkeep
|turn|8
|
|t:|1685839347
|move|p2a: Arcanine|Head Smash|p1a: Slowking
|-damage|p1a: Slowking|19/100
|move|p1a: Slowking|Trick Room|p1a: Slowking
|-fieldstart|move: Trick Room|[of] p1a: Slowking
|
|-weather|SunnyDay|[upkeep]
|upkeep
|turn|9
|
|t:|1685839359
|move|p1a: Slowking|Psychic|p2a: Arcanine
|-damage|p2a: Arcanine|61/100
|move|p2a: Arcanine|Head Smash|p1a: Slowking|[miss]
|-miss|p2a: Arcanine|p1a: Slowking
|
|-weather|SunnyDay|[upkeep]
|upkeep
|turn|10
|
|t:|1685839367
|move|p1a: Slowking|Psychic|p2a: Arcanine
|-damage|p2a: Arcanine|18/100
|move|p2a: Arcanine|Head Smash|p1a: Slowking
|-damage|p1a: Slowking|0 fnt
|faint|p1a: Slowking
|
|-weather|SunnyDay|[upkeep]
|upkeep
|
|t:|1685839377
|switch|p1a: Ursaluna|Ursaluna, M|100/100
|-damage|p1a: Ursaluna|94/100|[from] Stealth Rock
|turn|11
|
|t:|1685839390
|switch|p2a: Rillaboom|Rillaboom, M|100/100
|-fieldstart|move: Grassy Terrain|[from] ability: Grassy Surge|[of] p2a: Rillaboom
|-terastallize|p1a: Ursaluna|Normal
|move|p1a: Ursaluna|Facade|p2a: Rillaboom
|-damage|p2a: Rillaboom|40/100
|
|-weather|SunnyDay|[upkeep]
|-heal|p1a: Ursaluna|100/100|[from] Grassy Terrain
|-heal|p2a: Rillaboom|46/100|[from] Grassy Terrain
|-heal|p2a: Rillaboom|52/100|[from] item: Leftovers
|-status|p1a: Ursaluna|brn|[from] item: Flame Orb
|upkeep
|turn|12
|
|t:|1685839416
|switch|p1a: Kingambit|Kingambit, M|100/100
|-damage|p1a: Kingambit|94/100|[from] Stealth Rock
|-activate|p1a: Kingambit|ability: Supreme Overlord
|-start|p1a: Kingambit|fallen1|[silent]
|move|p2a: Rillaboom|Drum Beating|p1a: Kingambit
|-resisted|p1a: Kingambit
|-damage|p1a: Kingambit|73/100
|-unboost|p1a: Kingambit|spe|1
|
|-weather|none
|-heal|p1a: Kingambit|80/100|[from] Grassy Terrain
|-heal|p1a: Kingambit|86/100|[from] item: Leftovers
|-heal|p2a: Rillaboom|59/100|[from] Grassy Terrain
|-heal|p2a: Rillaboom|65/100|[from] item: Leftovers
|-fieldend|move: Trick Room
|upkeep
|turn|13
|inactive|T0nezofFun has 270 seconds left.
|
|t:|1685839435
|move|p2a: Rillaboom|Knock Off|p1a: Kingambit
|-resisted|p1a: Kingambit
|-damage|p1a: Kingambit|74/100
|-enditem|p1a: Kingambit|Leftovers|[from] move: Knock Off|[of] p2a: Rillaboom
|move|p1a: Kingambit|Swords Dance|p1a: Kingambit
|-boost|p1a: Kingambit|atk|2
|
|-heal|p2a: Rillaboom|71/100|[from] Grassy Terrain
|-heal|p2a: Rillaboom|77/100|[from] item: Leftovers
|-heal|p1a: Kingambit|81/100|[from] Grassy Terrain
|upkeep
|turn|14
|inactive|T0nezofFun has 270 seconds left.
|
|t:|1685839448
|move|p2a: Rillaboom|Bulk Up|p2a: Rillaboom
|-boost|p2a: Rillaboom|atk|1
|-boost|p2a: Rillaboom|def|1
|move|p1a: Kingambit|Kowtow Cleave|p2a: Rillaboom
|-damage|p2a: Rillaboom|0 fnt
|faint|p2a: Rillaboom
|
|-heal|p1a: Kingambit|87/100|[from] Grassy Terrain
|upkeep
|inactive|T0nezofFun has 270 seconds left.
|
|t:|1685839458
|switch|p2a: Lilligant|Lilligant-Hisui, F|100/100
|turn|15
|
|t:|1685839472
|move|p1a: Kingambit|Sucker Punch|p2a: Lilligant
|-resisted|p2a: Lilligant
|-damage|p2a: Lilligant|27/100
|move|p2a: Lilligant|Close Combat|p1a: Kingambit
|-supereffective|p1a: Kingambit
|-damage|p1a: Kingambit|0 fnt
|-unboost|p2a: Lilligant|def|1
|-unboost|p2a: Lilligant|spd|1
|faint|p1a: Kingambit
|-end|p1a: Kingambit|fallen1|[silent]
|
|-heal|p2a: Lilligant|33/100|[from] Grassy Terrain
|-fieldend|move: Grassy Terrain
|upkeep
|inactive|Abele01 has 270 seconds left.
|
|t:|1685839492
|switch|p1a: Cresselia|Cresselia, F|100/100
|-damage|p1a: Cresselia|88/100|[from] Stealth Rock
|turn|16
|inactive|Abele01 has 270 seconds left.
|
|t:|1685839502
|switch|p2a: Hatterene|Hatterene, F|100/100
|move|p1a: Cresselia|Trick Room|p1a: Cresselia
|-fieldstart|move: Trick Room|[of] p1a: Cresselia
|
|upkeep
|turn|17
|
|t:|1685839509
|switch|p1a: Ursaluna|Ursaluna, M, tera:Normal|100/100 brn
|-damage|p1a: Ursaluna|88/100 brn|[from] Stealth Rock
|move|p2a: Hatterene|Calm Mind|p2a: Hatterene
|-boost|p2a: Hatterene|spa|1
|-boost|p2a: Hatterene|spd|1
|
|-damage|p1a: Ursaluna|82/100 brn|[from] brn
|upkeep
|turn|18
|
|t:|1685839520
|move|p1a: Ursaluna|Facade|p2a: Hatterene
|-damage|p2a: Hatterene|0 fnt
|faint|p2a: Hatterene
|
|-damage|p1a: Ursaluna|75/100 brn|[from] brn
|upkeep
|
|t:|1685839526
|switch|p2a: Typhlosion|Typhlosion-Hisui, F|100/100
|turn|19
|
|t:|1685839533
|move|p1a: Ursaluna|Earthquake|p2a: Typhlosion
|-supereffective|p2a: Typhlosion
|-damage|p2a: Typhlosion|0 fnt
|faint|p2a: Typhlosion
|
|-damage|p1a: Ursaluna|69/100 brn|[from] brn
|upkeep
|-message|T0nezofFun forfeited.
|
|win|Abele01
|l|☆T0nezofFun
|c|☆Abele01|Gg
