|j|☆ArtusDoomer
|j|☆PotoPeo85
|t:|1685908349
|gametype|singles
|player|p1|ArtusDoomer|ethan|1173
|player|p2|PotoPeo85|169|1155
|teamsize|p1|6
|teamsize|p2|6
|gen|9
|tier|[Gen 9] OU
|rated|
|rule|Sleep Clause Mod: Limit one foe put to sleep
|rule|Species Clause: Limit one of each Pokémon
|rule|OHKO Clause: OHKO moves are banned
|rule|Evasion Items Clause: Evasion items are banned
|rule|Evasion Moves Clause: Evasion moves are banned
|rule|Endless Battle Clause: Forcing endless battles is banned
|rule|HP Percentage Mod: HP is shown in percentages
|clearpoke
|poke|p1|Samurott-Hisui, F|
|poke|p1|Basculegion, M|
|poke|p1|Garchomp, F|
|poke|p1|Ceruledge, M|
|poke|p1|Volcarona, F|
|poke|p1|Goodra-Hisui, F|
|poke|p2|Ursaluna, F|
|poke|p2|Lilligant-Hisui, F|
|poke|p2|Sneasler, F|
|poke|p2|Clodsire, M|
|poke|p2|Klefki, F|
|poke|p2|Arcanine-Hisui, F|
|teampreview
|
|t:|1685908356
|start
|switch|p1a: Ceruledge|Ceruledge, M|100/100
|switch|p2a: Klefki|Klefki, F|100/100
|turn|1
|
|t:|1685908361
|move|p2a: Klefki|Thunder Wave|p1a: Ceruledge
|-status|p1a: Ceruledge|par
|move|p1a: Ceruledge|Bitter Blade|p2a: Klefki
|-supereffective|p2a: Klefki
|-crit|p2a: Klefki
|-damage|p2a: Klefki|0 fnt
|faint|p2a: Klefki
|
|upkeep
|
|t:|1685908369
|switch|p2a: Clodsire|Clodsire, M|100/100
|turn|2
|
|t:|1685908373
|move|p1a: Ceruledge|Bitter Blade|p2a: Clodsire
|-crit|p2a: Clodsire
|-damage|p2a: Clodsire|26/100
|move|p2a: Clodsire|Curse|p2a: Clodsire
|-unboost|p2a: Clodsire|spe|1
|-boost|p2a: Clodsire|atk|1
|-boost|p2a: Clodsire|def|1
|
|-heal|p2a: Clodsire|32/100|[from] item: Black Sludge
|upkeep
|turn|3
|
|t:|1685908380
|move|p1a: Ceruledge|Bitter Blade|p2a: Clodsire
|-crit|p2a: Clodsire
|-damage|p2a: Clodsire|0 fnt
|faint|p2a: Clodsire
|
|upkeep
|
|t:|1685908385
|switch|p2a: Arcanine|Arcanine-Hisui, F|100/100
|turn|4
|
|t:|1685908389
|move|p2a: Arcanine|Head Smash|p1a: Ceruledge
|-supereffective|p1a: Ceruledge
|-enditem|p1a: Ceruledge|Focus Sash
|-damage|p1a: Ceruledge|1/100 par
|-ability|p1a: Ceruledge|Weak Armor|boost
|-unboost|p1a: Ceruledge|def|1
|-boost|p1a: Ceruledge|spe|2
|move|p1a: Ceruledge|Brick Break|p2a: Arcanine
|-supereffective|p2a: Arcanine
|-damage|p2a: Arcanine|34/100
|
|upkeep
|turn|5
|
|t:|1685908400
|move|p1a: Ceruledge|Shadow Sneak|p2a: Arcanine
|-damage|p2a: Arcanine|10/100
|move|p2a: Arcanine|Head Smash|p1a: Ceruledge
|-supereffective|p1a: Ceruledge
|-damage|p1a: Ceruledge|0 fnt
|faint|p1a: Ceruledge
|
|upkeep
|
|t:|1685908405
|switch|p1a: Samurott|Samurott-Hisui, F|100/100
|turn|6
|
|t:|1685908410
|move|p1a: Samurott|Aqua Jet|p2a: Arcanine
|-supereffective|p2a: Arcanine
|-damage|p2a: Arcanine|0 fnt
|faint|p2a: Arcanine
|-damage|p1a: Samurott|91/100|[from] item: Life Orb
|
|upkeep
|
|t:|1685908416
|switch|p2a: Sneasler|Sneasler, F, shiny|100/100
|turn|7
|
|t:|1685908423
|-terastallize|p2a: Sneasler|Flying
|move|p2a: Sneasler|Close Combat|p1a: Samurott
|-supereffective|p1a: Samurott
|-damage|p1a: Samurott|0 fnt
|-unboost|p2a: Sneasler|def|1
|-unboost|p2a: Sneasler|spd|1
|-enditem|p2a: Sneasler|White Herb
|-clearnegativeboost|p2a: Sneasler|[silent]
|faint|p1a: Samurott
|
|upkeep
|
|t:|1685908428
|switch|p1a: Basculegion|Basculegion, M|100/100
|turn|8
|
|t:|1685908436
|-terastallize|p1a: Basculegion|Water
|move|p2a: Sneasler|Acrobatics|p1a: Basculegion
|-damage|p1a: Basculegion|27/100
|move|p1a: Basculegion|Wave Crash|p2a: Sneasler
|-damage|p2a: Sneasler|0 fnt
|faint|p2a: Sneasler
|-damage|p1a: Basculegion|5/100|[from] Recoil
|
|upkeep
|
|t:|1685908441
|switch|p2a: Lilligant|Lilligant-Hisui, F, shiny|100/100
|turn|9
|
|t:|1685908446
|move|p2a: Lilligant|Trailblaze|p1a: Basculegion
|-supereffective|p1a: Basculegion
|-damage|p1a: Basculegion|0 fnt
|-boost|p2a: Lilligant|spe|1
|faint|p1a: Basculegion
|
|upkeep
|
|t:|1685908449
|switch|p1a: Volcarona|Volcarona, F|100/100
|turn|10
|
|t:|1685908456
|move|p2a: Lilligant|Victory Dance|p2a: Lilligant
|-boost|p2a: Lilligant|atk|1
|-boost|p2a: Lilligant|def|1
|-boost|p2a: Lilligant|spe|1
|move|p1a: Volcarona|Fiery Dance|p2a: Lilligant
|-supereffective|p2a: Lilligant
|-damage|p2a: Lilligant|0 fnt
|-boost|p1a: Volcarona|spa|1
|faint|p2a: Lilligant
|
|upkeep
|
|t:|1685908461
|switch|p2a: Cocaine Bear|Ursaluna, F|100/100
|turn|11
|
|t:|1685908466
|move|p1a: Volcarona|Fiery Dance|p2a: Cocaine Bear
|-damage|p2a: Cocaine Bear|41/100
|move|p2a: Cocaine Bear|Swords Dance|p2a: Cocaine Bear
|-boost|p2a: Cocaine Bear|atk|2
|
|-status|p2a: Cocaine Bear|brn|[from] item: Flame Orb
|upkeep
|turn|12
|
|t:|1685908474
|move|p1a: Volcarona|Fiery Dance|p2a: Cocaine Bear
|-damage|p2a: Cocaine Bear|0 fnt
|faint|p2a: Cocaine Bear
|
|win|ArtusDoomer
|raw|ArtusDoomer's rating: 1173 → 1197(+24 for winning)
|raw|PotoPeo85's rating: 1155 → 1131(-24 for losing)
|l|☆PotoPeo85
