|inactive|Battle timer is ON: inactive players will automatically lose when time's up.
|t:|1685829856
|gametype|singles
|player|p1|Garay oak|#garayoak|
|player|p2|adamew|drayden|
|teamsize|p1|6
|teamsize|p2|6
|gen|9
|tier|[Gen 9] OU
|rule|Sleep Clause Mod: Limit one foe put to sleep
|rule|Species Clause: Limit one of each Pokémon
|rule|OHKO Clause: OHKO moves are banned
|rule|Evasion Items Clause: Evasion items are banned
|rule|Evasion Moves Clause: Evasion moves are banned
|rule|Endless Battle Clause: Forcing endless battles is banned
|rule|HP Percentage Mod: HP is shown in percentages
|clearpoke
|poke|p1|Hatterene, F|
|poke|p1|Polteageist|
|poke|p1|Indeedee, M|
|poke|p1|Meowscarada, F|
|poke|p1|Armarouge, M|
|poke|p1|Volcarona, M|
|poke|p2|Florges-White, F|
|poke|p2|Kingambit, M|
|poke|p2|Rotom-Wash|
|poke|p2|Goodra, F|
|poke|p2|Ceruledge, F|
|poke|p2|Great Tusk|
|teampreview
|c|☆adamew|glhf friend
|inactive|Garay oak has 270 seconds left.
|inactive|adamew has 270 seconds left.
|c|☆Garay oak|hf
|
|t:|1685829910
|start
|switch|p1a: Meowscarada|Meowscarada, F|100/100
|switch|p2a: Great Tusk|Great Tusk|100/100
|turn|1
|
|t:|1685829926
|move|p2a: Great Tusk|Close Combat|p1a: Meowscarada
|-supereffective|p1a: Meowscarada
|-enditem|p1a: Meowscarada|Focus Sash
|-damage|p1a: Meowscarada|1/100
|-unboost|p2a: Great Tusk|def|1
|-unboost|p2a: Great Tusk|spd|1
|move|p1a: Meowscarada|Leaf Storm|p2a: Great Tusk
|-supereffective|p2a: Great Tusk
|-damage|p2a: Great Tusk|0 fnt
|-unboost|p1a: Meowscarada|spa|2
|faint|p2a: Great Tusk
|-end|p2a: Great Tusk|Protosynthesis|[silent]
|
|upkeep
|
|t:|1685829938
|switch|p2a: Ceruledge|Ceruledge, F|100/100
|turn|2
|
|t:|1685829953
|switch|p1a: Indeedee|Indeedee, M|100/100
|-fieldstart|move: Psychic Terrain|[from] ability: Psychic Surge|[of] p1a: Indeedee
|move|p2a: Ceruledge|Shadow Sneak|p1a: Indeedee
|-activate|p1a: Indeedee|move: Psychic Terrain
|
|upkeep
|turn|3
|
|t:|1685829964
|switch|p1a: Hatterene|Hatterene, F|100/100
|switch|p2a: Kingambit|Kingambit, M, shiny|100/100
|-activate|p2a: Kingambit|ability: Supreme Overlord
|-start|p2a: Kingambit|fallen1|[silent]
|
|upkeep
|turn|4
|
|t:|1685829976
|switch|p1a: Meowscarada|Meowscarada, F|1/100
|move|p2a: Kingambit|Swords Dance|p2a: Kingambit
|-boost|p2a: Kingambit|atk|2
|
|upkeep
|turn|5
|
|t:|1685829993
|-terastallize|p2a: Kingambit|Flying
|move|p1a: Meowscarada|Spikes|p2a: Kingambit
|-sidestart|p2: adamew|Spikes
|move|p2a: Kingambit|Iron Head|p1a: Meowscarada
|-damage|p1a: Meowscarada|0 fnt
|faint|p1a: Meowscarada
|
|upkeep
|
|t:|1685830019
|switch|p1a: Armarouge|Armarouge, M|100/100
|turn|6
|
|t:|1685830026
|-terastallize|p1a: Armarouge|Psychic
|move|p1a: Armarouge|Expanding Force|p2a: Kingambit
|-damage|p2a: Kingambit|0 fnt
|faint|p2a: Kingambit
|-end|p2a: Kingambit|fallen1|[silent]
|
|upkeep
|
|t:|1685830038
|switch|p2a: Florges|Florges-White, F, shiny|100/100
|-damage|p2a: Florges|88/100|[from] Spikes
|turn|7
|
|t:|1685830058
|move|p1a: Armarouge|Expanding Force|p2a: Florges
|-damage|p2a: Florges|5/100
|move|p2a: Florges|Moonblast|p1a: Armarouge
|-damage|p1a: Armarouge|1/100
|
|upkeep
|turn|8
|
|t:|1685830065
|move|p1a: Armarouge|Expanding Force|p2a: Florges
|-crit|p2a: Florges
|-damage|p2a: Florges|0 fnt
|faint|p2a: Florges
|
|upkeep
|
|t:|1685830068
|switch|p2a: Goodra|Goodra, F, shiny|100/100
|-damage|p2a: Goodra|88/100|[from] Spikes
|turn|9
|
|t:|1685830076
|move|p1a: Armarouge|Expanding Force|p2a: Goodra
|-damage|p2a: Goodra|33/100
|move|p2a: Goodra|Earthquake|p1a: Armarouge
|-damage|p1a: Armarouge|0 fnt
|faint|p1a: Armarouge
|
|-fieldend|move: Psychic Terrain
|upkeep
|
|t:|1685830081
|switch|p1a: Indeedee|Indeedee, M|100/100
|-fieldstart|move: Psychic Terrain|[from] ability: Psychic Surge|[of] p1a: Indeedee
|turn|10
|
|t:|1685830091
|move|p1a: Indeedee|Psyshock|p2a: Goodra
|-damage|p2a: Goodra|0 fnt
|faint|p2a: Goodra
|
|upkeep
|
|t:|1685830093
|switch|p2a: Rotom|Rotom-Wash|100/100
|turn|11
|
|t:|1685830113
|move|p1a: Indeedee|Psyshock|p2a: Rotom
|-damage|p2a: Rotom|73/100
|move|p2a: Rotom|Thunder Wave|p1a: Indeedee|[miss]
|-miss|p2a: Rotom|p1a: Indeedee
|
|-heal|p2a: Rotom|79/100|[from] item: Leftovers
|upkeep
|turn|12
|
|t:|1685830118
|switch|p1a: Hatterene|Hatterene, F|100/100
|move|p2a: Rotom|Thunder Wave|p1a: Hatterene
|move|p1a: Hatterene|Thunder Wave|p2a: Rotom|[from]ability: Magic Bounce
|-immune|p2a: Rotom
|
|-heal|p2a: Rotom|85/100|[from] item: Leftovers
|upkeep
|turn|13
|
|t:|1685830127
|move|p2a: Rotom|Volt Switch|p1a: Hatterene
|-damage|p1a: Hatterene|75/100
|-enditem|p1a: Hatterene|Eject Button
|
|t:|1685830144
|switch|p1a: Volcarona|Volcarona, M|100/100
|
|-heal|p2a: Rotom|91/100|[from] item: Leftovers
|upkeep
|turn|14
|
|t:|1685830149
|move|p1a: Volcarona|Bug Buzz|p2a: Rotom
|-damage|p2a: Rotom|25/100
|-damage|p1a: Volcarona|91/100|[from] item: Life Orb
|move|p2a: Rotom|Thunder Wave|p1a: Volcarona
|-status|p1a: Volcarona|par
|
|-heal|p2a: Rotom|31/100|[from] item: Leftovers
|upkeep
|turn|15
|
|t:|1685830174
|move|p2a: Rotom|Hydro Pump|p1a: Volcarona
|-supereffective|p1a: Volcarona
|-damage|p1a: Volcarona|1/100 par
|move|p1a: Volcarona|Psychic|p2a: Rotom
|-damage|p2a: Rotom|0 fnt
|faint|p2a: Rotom
|-damage|p1a: Volcarona|0 fnt|[from] item: Life Orb
|faint|p1a: Volcarona
|
|upkeep
|
|t:|1685830184
|switch|p1a: Polteageist|Polteageist|100/100
|switch|p2a: Ceruledge|Ceruledge, F|100/100
|turn|16
|
|t:|1685830189
|move|p1a: Polteageist|Shell Smash|p1a: Polteageist
|-unboost|p1a: Polteageist|def|1
|-unboost|p1a: Polteageist|spd|1
|-boost|p1a: Polteageist|atk|2
|-boost|p1a: Polteageist|spa|2
|-boost|p1a: Polteageist|spe|2
|move|p2a: Ceruledge|Bitter Blade|p1a: Polteageist
|-enditem|p1a: Polteageist|Focus Sash
|-damage|p1a: Polteageist|1/100
|-ability|p1a: Polteageist|Weak Armor|boost
|-unboost|p1a: Polteageist|def|1
|-boost|p1a: Polteageist|spe|2
|
|upkeep
|turn|17
|
|t:|1685830194
|move|p1a: Polteageist|Shadow Ball|p2a: Ceruledge
|-supereffective|p2a: Ceruledge
|-damage|p2a: Ceruledge|0 fnt
|faint|p2a: Ceruledge
|
|win|Garay oak
|c|☆Garay oak|gg
|c|☆adamew|ggs
