|j|☆noah644
|j|☆imstillnewatthis
|t:|1685897960
|gametype|singles
|player|p1|noah644|170|1066
|player|p2|imstillnewatthis|gambler|1056
|teamsize|p1|6
|teamsize|p2|6
|gen|9
|tier|[Gen 9] OU
|rated|
|rule|Sleep Clause Mod: Limit one foe put to sleep
|rule|Species Clause: Limit one of each Pokémon
|rule|OHKO Clause: OHKO moves are banned
|rule|Evasion Items Clause: Evasion items are banned
|rule|Evasion Moves Clause: Evasion moves are banned
|rule|Endless Battle Clause: Forcing endless battles is banned
|rule|HP Percentage Mod: HP is shown in percentages
|clearpoke
|poke|p1|Samurott-Hisui, M|
|poke|p1|Gholdengo|
|poke|p1|Sneasler, F|
|poke|p1|Landorus-Therian, M|
|poke|p1|Heatran, M|
|poke|p1|Electrode-Hisui|
|poke|p2|Clodsire, M|
|poke|p2|Iron Valiant|
|poke|p2|Pelipper, M|
|poke|p2|Basculegion, M|
|poke|p2|Magearna|
|poke|p2|Great Tusk|
|teampreview
|inactive|Battle timer is ON: inactive players will automatically lose when time's up. (requested by imstillnewatthis)
|
|t:|1685897969
|start
|switch|p1a: Sneasler|Sneasler, F|100/100
|switch|p2a: Clodsire|Clodsire, M, shiny|100/100
|turn|1
|
|t:|1685897975
|move|p1a: Sneasler|U-turn|p2a: Clodsire
|-resisted|p2a: Clodsire
|-crit|p2a: Clodsire
|-damage|p2a: Clodsire|70/100
|
|t:|1685897982
|switch|p1a: Samurott|Samurott-Hisui, M|100/100|[from] U-turn
|move|p2a: Clodsire|Stealth Rock|p1a: Samurott
|-sidestart|p1: noah644|move: Stealth Rock
|
|-heal|p2a: Clodsire|76/100|[from] item: Leftovers
|upkeep
|turn|2
|
|t:|1685897986
|move|p1a: Samurott|Razor Shell|p2a: Clodsire
|-supereffective|p2a: Clodsire
|-damage|p2a: Clodsire|0 fnt
|faint|p2a: Clodsire
|
|upkeep
|c|☆noah644|glad that not water absord
|
|t:|1685898000
|switch|p2a: Iron Valiant|Iron Valiant, shiny|100/100
|-enditem|p2a: Iron Valiant|Booster Energy
|-activate|p2a: Iron Valiant|ability: Quark Drive|[fromitem]
|-start|p2a: Iron Valiant|quarkdrivespe
|turn|3
|
|t:|1685898015
|switch|p1a: Gholdengo|Gholdengo|100/100
|-damage|p1a: Gholdengo|94/100|[from] Stealth Rock
|-item|p1a: Gholdengo|Air Balloon
|move|p2a: Iron Valiant|Close Combat|p1a: Gholdengo
|-immune|p1a: Gholdengo
|
|upkeep
|turn|4
|
|t:|1685898025
|-end|p2a: Iron Valiant|Quark Drive|[silent]
|switch|p2a: Magearna|Magearna|100/100
|move|p1a: Gholdengo|Nasty Plot|p1a: Gholdengo
|-boost|p1a: Gholdengo|spa|2
|
|upkeep
|turn|5
|
|t:|1685898029
|move|p1a: Gholdengo|Make It Rain|p2a: Magearna
|-damage|p2a: Magearna|5/100
|-unboost|p1a: Gholdengo|spa|1
|move|p2a: Magearna|Calm Mind|p2a: Magearna
|-boost|p2a: Magearna|spa|1
|-boost|p2a: Magearna|spd|1
|
|-heal|p2a: Magearna|11/100|[from] item: Leftovers
|upkeep
|turn|6
|
|t:|1685898038
|move|p1a: Gholdengo|Shadow Ball|p2a: Magearna
|-damage|p2a: Magearna|0 fnt
|faint|p2a: Magearna
|
|upkeep
|
|t:|1685898042
|switch|p2a: Pelipper|Pelipper, M, shiny|100/100
|-weather|RainDance|[from] ability: Drizzle|[of] p2a: Pelipper
|turn|7
|
|t:|1685898045
|move|p1a: Gholdengo|Shadow Ball|p2a: Pelipper
|-damage|p2a: Pelipper|14/100
|move|p2a: Pelipper|U-turn|p1a: Gholdengo
|-resisted|p1a: Gholdengo
|-damage|p1a: Gholdengo|93/100
|-enditem|p1a: Gholdengo|Air Balloon
|
|t:|1685898049
|switch|p2a: Basculegion|Basculegion, M, shiny|100/100|[from] U-turn
|
|-weather|RainDance|[upkeep]
|upkeep
|turn|8
|
|t:|1685898057
|switch|p1a: Samurott|Samurott-Hisui, M|100/100
|-damage|p1a: Samurott|88/100|[from] Stealth Rock
|move|p2a: Basculegion|Wave Crash|p1a: Samurott
|-resisted|p1a: Samurott
|-damage|p1a: Samurott|20/100
|-damage|p2a: Basculegion|78/100|[from] Recoil
|
|-weather|RainDance|[upkeep]
|-heal|p1a: Samurott|26/100|[from] item: Leftovers
|upkeep
|turn|9
|
|t:|1685898061
|move|p2a: Basculegion|Wave Crash|p1a: Samurott
|-resisted|p1a: Samurott
|-damage|p1a: Samurott|0 fnt
|faint|p1a: Samurott
|-damage|p2a: Basculegion|70/100|[from] Recoil
|
|-weather|RainDance|[upkeep]
|upkeep
|
|t:|1685898069
|switch|p1a: Electrode|Electrode-Hisui|100/100
|-damage|p1a: Electrode|88/100|[from] Stealth Rock
|turn|10
|
|t:|1685898076
|switch|p2a: Great Tusk|Great Tusk, shiny|100/100
|-enditem|p2a: Great Tusk|Booster Energy
|-activate|p2a: Great Tusk|ability: Protosynthesis|[fromitem]
|-start|p2a: Great Tusk|protosynthesisatk
|move|p1a: Electrode|Leaf Storm|p2a: Great Tusk|[miss]
|-miss|p1a: Electrode|p2a: Great Tusk
|
|-weather|RainDance|[upkeep]
|upkeep
|turn|11
|
|t:|1685898090
|move|p1a: Electrode|Leaf Storm|p2a: Great Tusk
|-supereffective|p2a: Great Tusk
|-damage|p2a: Great Tusk|0 fnt
|-unboost|p1a: Electrode|spa|2
|faint|p2a: Great Tusk
|-end|p2a: Great Tusk|Protosynthesis|[silent]
|
|-weather|RainDance|[upkeep]
|upkeep
|
|t:|1685898095
|switch|p2a: Iron Valiant|Iron Valiant, shiny|100/100
|turn|12
|
|t:|1685898108
|switch|p1a: Gholdengo|Gholdengo|93/100
|-damage|p1a: Gholdengo|86/100|[from] Stealth Rock
|move|p2a: Iron Valiant|Moonblast|p1a: Gholdengo
|-resisted|p1a: Gholdengo
|-crit|p1a: Gholdengo
|-damage|p1a: Gholdengo|54/100
|-unboost|p1a: Gholdengo|spa|1
|
|-weather|RainDance|[upkeep]
|upkeep
|turn|13
|
|t:|1685898117
|move|p2a: Iron Valiant|Thunderbolt|p1a: Gholdengo
|-damage|p1a: Gholdengo|25/100
|move|p1a: Gholdengo|Nasty Plot|p1a: Gholdengo
|-boost|p1a: Gholdengo|spa|2
|
|-weather|RainDance|[upkeep]
|upkeep
|turn|14
|
|t:|1685898120
|move|p2a: Iron Valiant|Thunderbolt|p1a: Gholdengo
|-damage|p1a: Gholdengo|0 fnt
|faint|p1a: Gholdengo
|
|-weather|none
|upkeep
|
|t:|1685898130
|switch|p1a: Landorus|Landorus-Therian, M|100/100
|-damage|p1a: Landorus|88/100|[from] Stealth Rock
|-ability|p1a: Landorus|Intimidate|boost
|-unboost|p2a: Iron Valiant|atk|1
|turn|15
|
|t:|1685898137
|move|p2a: Iron Valiant|Moonblast|p1a: Landorus
|-damage|p1a: Landorus|41/100
|move|p1a: Landorus|Earthquake|p2a: Iron Valiant
|-damage|p2a: Iron Valiant|38/100
|
|upkeep
|turn|16
|
|t:|1685898144
|switch|p1a: Sneasler|Sneasler, F|100/100
|-damage|p1a: Sneasler|95/100|[from] Stealth Rock
|move|p2a: Iron Valiant|Moonblast|p1a: Sneasler
|-damage|p1a: Sneasler|30/100
|
|upkeep
|turn|17
|
|t:|1685898154
|move|p1a: Sneasler|Dire Claw|p2a: Iron Valiant
|-supereffective|p2a: Iron Valiant
|-crit|p2a: Iron Valiant
|-damage|p2a: Iron Valiant|0 fnt
|faint|p2a: Iron Valiant
|-end|p2a: Iron Valiant|Quark Drive|[silent]
|
|upkeep
|
|t:|1685898158
|switch|p2a: Pelipper|Pelipper, M, shiny|14/100
|-weather|RainDance|[from] ability: Drizzle|[of] p2a: Pelipper
|turn|18
|
|t:|1685898162
|move|p1a: Sneasler|Dire Claw|p2a: Pelipper
|-damage|p2a: Pelipper|0 fnt
|faint|p2a: Pelipper
|
|-weather|RainDance|[upkeep]
|upkeep
|
|t:|1685898164
|switch|p2a: Basculegion|Basculegion, M, shiny|70/100
|turn|19
|
|t:|1685898174
|move|p2a: Basculegion|Wave Crash|p1a: Sneasler
|-damage|p1a: Sneasler|0 fnt
|faint|p1a: Sneasler
|-damage|p2a: Basculegion|62/100|[from] Recoil
|
|-weather|RainDance|[upkeep]
|upkeep
|
|t:|1685898181
|switch|p1a: Electrode|Electrode-Hisui|88/100
|-damage|p1a: Electrode|76/100|[from] Stealth Rock
|turn|20
|
|t:|1685898187
|move|p2a: Basculegion|Wave Crash|p1a: Electrode
|-resisted|p1a: Electrode
|-crit|p1a: Electrode
|-damage|p1a: Electrode|0 fnt
|faint|p1a: Electrode
|-damage|p2a: Basculegion|45/100|[from] Recoil
|
|-weather|RainDance|[upkeep]
|upkeep
|
|t:|1685898193
|switch|p1a: Landorus|Landorus-Therian, M|41/100
|-damage|p1a: Landorus|29/100|[from] Stealth Rock
|-ability|p1a: Landorus|Intimidate|boost
|-unboost|p2a: Basculegion|atk|1
|turn|21
|
|t:|1685898198
|-terastallize|p1a: Landorus|Water
|move|p2a: Basculegion|Wave Crash|p1a: Landorus
|-resisted|p1a: Landorus
|-damage|p1a: Landorus|0 fnt
|-damage|p2a: Basculegion|28/100|[from] item: Rocky Helmet|[of] p1a: Landorus
|faint|p1a: Landorus
|-damage|p2a: Basculegion|19/100|[from] Recoil
|
|-weather|RainDance|[upkeep]
|upkeep
|
|t:|1685898208
|switch|p1a: Heatran|Heatran, M|100/100
|-damage|p1a: Heatran|88/100|[from] Stealth Rock
|turn|22
|
|t:|1685898212
|move|p2a: Basculegion|Wave Crash|p1a: Heatran
|-supereffective|p1a: Heatran
|-damage|p1a: Heatran|0 fnt
|faint|p1a: Heatran
|-damage|p2a: Basculegion|0 fnt|[from] Recoil
|faint|p2a: Basculegion
|
|win|imstillnewatthis
|raw|noah644's rating: 1066 → 1046(-20 for losing)
|raw|imstillnewatthis's rating: 1056 → 1089(+33 for winning)
|c|☆noah644|DAMNG
|c|☆imstillnewatthis|lol
|c|☆noah644|MONSTEER
|c|☆imstillnewatthis|fr
|c|☆noah644|well gg
