|j|☆yes munchlax
|j|☆VeVii
|t:|1685830339
|gametype|singles
|player|p1|yes munchlax|psychic-gen4|
|player|p2|VeVii|cilan|
|teamsize|p1|6
|teamsize|p2|6
|gen|9
|tier|[Gen 9] OU
|rule|Sleep Clause Mod: Limit one foe put to sleep
|rule|Species Clause: Limit one of each Pokémon
|rule|OHKO Clause: OHKO moves are banned
|rule|Evasion Items Clause: Evasion items are banned
|rule|Evasion Moves Clause: Evasion moves are banned
|rule|Endless Battle Clause: Forcing endless battles is banned
|rule|HP Percentage Mod: HP is shown in percentages
|clearpoke
|poke|p1|Hydreigon, F|
|poke|p1|Sandy Shocks|
|poke|p1|Decidueye, M|
|poke|p1|Iron Leaves|
|poke|p1|Arcanine, F|
|poke|p1|Hariyama, M|
|poke|p2|Quaquaval, F|
|poke|p2|Abomasnow, F|
|poke|p2|Cetitan, F|
|poke|p2|Noivern, F|
|poke|p2|Spidops, F|
|poke|p2|Sandy Shocks|
|teampreview
|c|☆VeVii|gl hf p2
|c|☆yes munchlax|glhf
|
|t:|1685830368
|start
|switch|p1a: GOBLIN|Hydreigon, F, shiny|100/100
|switch|p2a: DraculaTheBat|Noivern, F|100/100
|-item|p1a: GOBLIN|Scope Lens|[from] ability: Frisk|[of] p2a: DraculaTheBat|[identify]
|turn|1
|c|☆VeVii|holy based scope lens
|
|t:|1685830402
|switch|p1a: Iron Leaves|Iron Leaves|100/100
|-enditem|p1a: Iron Leaves|Booster Energy
|-activate|p1a: Iron Leaves|ability: Quark Drive|[fromitem]
|-start|p1a: Iron Leaves|quarkdrivespe
|move|p2a: DraculaTheBat|U-turn|p1a: Iron Leaves
|-supereffective|p1a: Iron Leaves
|-damage|p1a: Iron Leaves|45/100
|j|+111ace111
|
|t:|1685830416
|switch|p2a: CharlotteTheSpider|Spidops, F|100/100|[from] U-turn
|
|upkeep
|turn|2
|
|t:|1685830422
|-end|p1a: Iron Leaves|Quark Drive|[silent]
|switch|p1a: Arcanine|Arcanine, F|100/100
|-ability|p1a: Arcanine|Intimidate|boost
|-unboost|p2a: CharlotteTheSpider|atk|1
|move|p2a: CharlotteTheSpider|First Impression|p1a: Arcanine
|-resisted|p1a: Arcanine
|-damage|p1a: Arcanine|71/100
|
|upkeep
|turn|3
|
|t:|1685830428
|switch|p1a: Sandy Shocks|Sandy Shocks|100/100
|move|p2a: CharlotteTheSpider|Silk Trap||[still]
|-fail|p2a: CharlotteTheSpider
|
|upkeep
|turn|4
|
|t:|1685830434
|move|p1a: Sandy Shocks|Stealth Rock|p2a: CharlotteTheSpider
|-sidestart|p2: VeVii|move: Stealth Rock
|move|p2a: CharlotteTheSpider|Sticky Web|p1a: Sandy Shocks
|-sidestart|p1: yes munchlax|move: Sticky Web
|
|upkeep
|turn|5
|
|t:|1685830437
|move|p1a: Sandy Shocks|Spikes|p2a: CharlotteTheSpider
|-sidestart|p2: VeVii|Spikes
|move|p2a: CharlotteTheSpider|Memento|p1a: Sandy Shocks
|-unboost|p1a: Sandy Shocks|atk|2
|-unboost|p1a: Sandy Shocks|spa|2
|faint|p2a: CharlotteTheSpider
|
|upkeep
|
|t:|1685830444
|switch|p2a: FrostiTheSnowman|Abomasnow, F|100/100
|-damage|p2a: FrostiTheSnowman|76/100|[from] Stealth Rock
|-damage|p2a: FrostiTheSnowman|63/100|[from] Spikes
|-weather|Snow|[from] ability: Snow Warning|[of] p2a: FrostiTheSnowman
|turn|6
|
|t:|1685830454
|switch|p2a: MobyTheWhale|Cetitan, F|100/100
|-damage|p2a: MobyTheWhale|76/100|[from] Stealth Rock
|-damage|p2a: MobyTheWhale|63/100|[from] Spikes
|move|p1a: Sandy Shocks|Volt Switch|p2a: MobyTheWhale
|-damage|p2a: MobyTheWhale|48/100
|
|t:|1685830463
|-end|p1a: Sandy Shocks|Protosynthesis|[silent]
|switch|p1a: Hariyama|Hariyama, M|100/100|[from] Volt Switch
|-activate|p1a: Hariyama|move: Sticky Web
|-unboost|p1a: Hariyama|spe|1
|
|-weather|Snow|[upkeep]
|upkeep
|turn|7
|j| Bugsileus
|
|t:|1685830468
|move|p2a: MobyTheWhale|Bounce||[still]
|-prepare|p2a: MobyTheWhale|Bounce
|-enditem|p2a: MobyTheWhale|Power Herb
|-anim|p2a: MobyTheWhale|Bounce|p1a: Hariyama
|-supereffective|p1a: Hariyama
|-enditem|p1a: Hariyama|Coba Berry|[eat]
|-enditem|p1a: Hariyama|Coba Berry|[weaken]
|-damage|p1a: Hariyama|80/100
|-status|p1a: Hariyama|par
|move|p1a: Hariyama|Close Combat|p2a: MobyTheWhale
|-supereffective|p2a: MobyTheWhale
|-damage|p2a: MobyTheWhale|0 fnt
|-unboost|p1a: Hariyama|def|1
|-unboost|p1a: Hariyama|spd|1
|faint|p2a: MobyTheWhale
|
|-weather|Snow|[upkeep]
|upkeep
|
|t:|1685830486
|switch|p2a: TomTheQuackEngine|Quaquaval, F|100/100
|-damage|p2a: TomTheQuackEngine|94/100|[from] Stealth Rock
|-damage|p2a: TomTheQuackEngine|82/100|[from] Spikes
|turn|8
|j| zoompa
|j| sh0shin
|
|t:|1685830513
|-terastallize|p1a: Hariyama|Steel
|move|p2a: TomTheQuackEngine|Close Combat|p1a: Hariyama
|-supereffective|p1a: Hariyama
|-damage|p1a: Hariyama|0 fnt
|-unboost|p2a: TomTheQuackEngine|def|1
|-unboost|p2a: TomTheQuackEngine|spd|1
|faint|p1a: Hariyama
|-ability|p2a: TomTheQuackEngine|Moxie|boost
|-boost|p2a: TomTheQuackEngine|atk|1
|
|-weather|Snow|[upkeep]
|upkeep
|
|t:|1685830518
|switch|p1a: Decidueye|Decidueye, M|100/100
|-activate|p1a: Decidueye|move: Sticky Web
|-unboost|p1a: Decidueye|spe|1
|turn|9
|
|t:|1685830534
|switch|p2a: TheMiddlePole|Sandy Shocks|100/100
|move|p1a: Decidueye|Shadow Ball|p2a: TheMiddlePole
|-damage|p2a: TheMiddlePole|67/100
|
|-weather|Snow|[upkeep]
|upkeep
|turn|10
|
|t:|1685830549
|-terastallize|p2a: TheMiddlePole|Dark
|move|p2a: TheMiddlePole|Tera Blast|p1a: Decidueye
|-supereffective|p1a: Decidueye
|-damage|p1a: Decidueye|35/100
|move|p1a: Decidueye|Leaf Storm|p2a: TheMiddlePole|[miss]
|-miss|p1a: Decidueye|p2a: TheMiddlePole
|
|-weather|Snow|[upkeep]
|upkeep
|turn|11
|
|t:|1685830563
|move|p2a: TheMiddlePole|Tera Blast|p1a: Decidueye
|-supereffective|p1a: Decidueye
|-damage|p1a: Decidueye|0 fnt
|faint|p1a: Decidueye
|
|-weather|Snow|[upkeep]
|upkeep
|
|t:|1685830570
|switch|p1a: GOBLIN|Hydreigon, F, shiny|100/100
|turn|12
|
|t:|1685830573
|move|p1a: GOBLIN|Substitute|p1a: GOBLIN
|-start|p1a: GOBLIN|Substitute
|-damage|p1a: GOBLIN|76/100
|move|p2a: TheMiddlePole|Mirror Coat||[still]
|-fail|p2a: TheMiddlePole
|
|-weather|Snow|[upkeep]
|upkeep
|turn|13
|
|t:|1685830583
|move|p1a: GOBLIN|Focus Energy|p1a: GOBLIN
|-start|p1a: GOBLIN|move: Focus Energy
|move|p2a: TheMiddlePole|Mirror Coat||[still]
|-fail|p2a: TheMiddlePole
|
|-weather|none
|upkeep
|turn|14
|
|t:|1685830591
|move|p2a: TheMiddlePole|Volt Switch|p1a: GOBLIN
|-resisted|p1a: GOBLIN
|-activate|p1a: GOBLIN|move: Substitute|[damage]
|
|t:|1685830594
|-end|p2a: TheMiddlePole|Protosynthesis|[silent]
|switch|p2a: FrostiTheSnowman|Abomasnow, F|63/100|[from] Volt Switch
|-damage|p2a: FrostiTheSnowman|39/100|[from] Stealth Rock
|-damage|p2a: FrostiTheSnowman|26/100|[from] Spikes
|-weather|Snow|[from] ability: Snow Warning|[of] p2a: FrostiTheSnowman
|move|p1a: GOBLIN|Draco Meteor|p2a: FrostiTheSnowman|[miss]
|-miss|p1a: GOBLIN|p2a: FrostiTheSnowman
|
|-weather|Snow|[upkeep]
|upkeep
|turn|15
|
|t:|1685830602
|move|p1a: GOBLIN|Flamethrower|p2a: FrostiTheSnowman
|-supereffective|p2a: FrostiTheSnowman
|-crit|p2a: FrostiTheSnowman
|-damage|p2a: FrostiTheSnowman|0 fnt
|faint|p2a: FrostiTheSnowman
|
|-weather|Snow|[upkeep]
|upkeep
|
|t:|1685830606
|switch|p2a: DraculaTheBat|Noivern, F|100/100
|-damage|p2a: DraculaTheBat|76/100|[from] Stealth Rock
|-item|p1a: GOBLIN|Scope Lens|[from] ability: Frisk|[of] p2a: DraculaTheBat|[identify]
|turn|16
|
|t:|1685830619
|move|p2a: DraculaTheBat|U-turn|p1a: GOBLIN
|-supereffective|p1a: GOBLIN
|-crit|p1a: GOBLIN
|-end|p1a: GOBLIN|Substitute
|
|t:|1685830621
|switch|p2a: TheMiddlePole|Sandy Shocks, tera:Dark|67/100|[from] U-turn
|move|p1a: GOBLIN|Draco Meteor|p2a: TheMiddlePole
|-crit|p2a: TheMiddlePole
|-damage|p2a: TheMiddlePole|0 fnt
|-unboost|p1a: GOBLIN|spa|2
|faint|p2a: TheMiddlePole
|-end|p2a: TheMiddlePole|Protosynthesis|[silent]
|
|-weather|Snow|[upkeep]
|upkeep
|
|t:|1685830630
|switch|p2a: TomTheQuackEngine|Quaquaval, F|82/100
|-damage|p2a: TomTheQuackEngine|76/100|[from] Stealth Rock
|-damage|p2a: TomTheQuackEngine|63/100|[from] Spikes
|turn|17
|
|t:|1685830656
|switch|p1a: Iron Leaves|Iron Leaves|45/100
|-activate|p1a: Iron Leaves|move: Sticky Web
|-unboost|p1a: Iron Leaves|spe|1
|move|p2a: TomTheQuackEngine|Close Combat|p1a: Iron Leaves
|-resisted|p1a: Iron Leaves
|-damage|p1a: Iron Leaves|12/100
|-unboost|p2a: TomTheQuackEngine|def|1
|-unboost|p2a: TomTheQuackEngine|spd|1
|
|-weather|Snow|[upkeep]
|upkeep
|turn|18
|
|t:|1685830662
|move|p2a: TomTheQuackEngine|Close Combat|p1a: Iron Leaves
|-resisted|p1a: Iron Leaves
|-damage|p1a: Iron Leaves|0 fnt
|-unboost|p2a: TomTheQuackEngine|def|1
|-unboost|p2a: TomTheQuackEngine|spd|1
|faint|p1a: Iron Leaves
|-end|p1a: Iron Leaves|Quark Drive|[silent]
|-ability|p2a: TomTheQuackEngine|Moxie|boost
|-boost|p2a: TomTheQuackEngine|atk|1
|
|-weather|Snow|[upkeep]
|upkeep
|
|t:|1685830665
|switch|p1a: Arcanine|Arcanine, F|71/100
|-activate|p1a: Arcanine|move: Sticky Web
|-unboost|p1a: Arcanine|spe|1
|-ability|p1a: Arcanine|Intimidate|boost
|-unboost|p2a: TomTheQuackEngine|atk|1
|turn|19
|
|t:|1685830668
|switch|p2a: DraculaTheBat|Noivern, F|76/100
|-damage|p2a: DraculaTheBat|51/100|[from] Stealth Rock
|-item|p1a: Arcanine|Choice Band|[from] ability: Frisk|[of] p2a: DraculaTheBat|[identify]
|move|p1a: Arcanine|Extreme Speed|p2a: DraculaTheBat
|-damage|p2a: DraculaTheBat|0 fnt
|faint|p2a: DraculaTheBat
|
|-weather|Snow|[upkeep]
|upkeep
|
|t:|1685830675
|switch|p2a: TomTheQuackEngine|Quaquaval, F|63/100
|-damage|p2a: TomTheQuackEngine|57/100|[from] Stealth Rock
|-damage|p2a: TomTheQuackEngine|45/100|[from] Spikes
|turn|20
|
|t:|1685830682
|move|p1a: Arcanine|Extreme Speed|p2a: TomTheQuackEngine
|-damage|p2a: TomTheQuackEngine|0 fnt
|faint|p2a: TomTheQuackEngine
|
|win|yes munchlax
|c|☆yes munchlax|gg
|c|☆VeVii|gg
|c|☆VeVii|!
