|j|☆Kalen80
|j|☆zackystim
|t:|1685863519
|gametype|singles
|player|p1|Kalen80|swimmer-gen4dp|1000
|player|p2|zackystim|102|1032
|teamsize|p1|6
|teamsize|p2|6
|gen|9
|tier|[Gen 9] OU
|rated|
|rule|Sleep Clause Mod: Limit one foe put to sleep
|rule|Species Clause: Limit one of each Pokémon
|rule|OHKO Clause: OHKO moves are banned
|rule|Evasion Items Clause: Evasion items are banned
|rule|Evasion Moves Clause: Evasion moves are banned
|rule|Endless Battle Clause: Forcing endless battles is banned
|rule|HP Percentage Mod: HP is shown in percentages
|clearpoke
|poke|p1|Dondozo, F|
|poke|p1|Goodra-Hisui, F|
|poke|p1|Slowking, M|
|poke|p1|Dudunsparce-*, F|
|poke|p1|Orthworm, M|
|poke|p1|Clodsire, F|
|poke|p2|Torkoal, M|
|poke|p2|Charizard, F|
|poke|p2|Lilligant-Hisui, F|
|poke|p2|Great Tusk|
|poke|p2|Kingambit, M|
|poke|p2|Hatterene, F|
|teampreview
|
|t:|1685863536
|start
|switch|p1a: Dudunsparce|Dudunsparce, F|100/100
|switch|p2a: Great Tusk|Great Tusk|100/100
|turn|1
|
|t:|1685863545
|-terastallize|p1a: Dudunsparce|Ghost
|move|p2a: Great Tusk|Close Combat|p1a: Dudunsparce
|-immune|p1a: Dudunsparce
|move|p1a: Dudunsparce|Boomburst|p2a: Great Tusk
|-damage|p2a: Great Tusk|6/100
|
|upkeep
|turn|2
|inactive|Battle timer is ON: inactive players will automatically lose when time's up. (requested by zackystim)
|
|t:|1685863560
|switch|p1a: Slowking|Slowking, M|100/100
|move|p2a: Great Tusk|Knock Off|p1a: Slowking
|-supereffective|p1a: Slowking
|-damage|p1a: Slowking|59/100
|
|upkeep
|turn|3
|
|t:|1685863580
|-end|p2a: Great Tusk|Protosynthesis|[silent]
|switch|p2a: Torkoal|Torkoal, M|100/100
|-weather|SunnyDay|[from] ability: Drought|[of] p2a: Torkoal
|move|p1a: Slowking|Trick Room|p1a: Slowking
|-fieldstart|move: Trick Room|[of] p1a: Slowking
|
|-weather|SunnyDay|[upkeep]
|upkeep
|turn|4
|
|t:|1685863592
|move|p2a: Torkoal|Yawn|p1a: Slowking
|-start|p1a: Slowking|move: Yawn|[of] p2a: Torkoal
|move|p1a: Slowking|Chilly Reception|p1a: Slowking
|-weather|Snow
|
|t:|1685863602
|switch|p1a: Clodsire|Clodsire, F|100/100|[from] Chilly Reception
|-item|p1a: Clodsire|Air Balloon
|
|-weather|Snow|[upkeep]
|upkeep
|turn|5
|
|t:|1685863627
|move|p1a: Clodsire|Toxic Spikes|p2a: Torkoal
|-sidestart|p2: zackystim|move: Toxic Spikes
|move|p2a: Torkoal|Stealth Rock|p1a: Clodsire
|-sidestart|p1: Kalen80|move: Stealth Rock
|
|-weather|Snow|[upkeep]
|upkeep
|turn|6
|
|t:|1685863632
|switch|p1a: Dudunsparce|Dudunsparce, F, tera:Ghost|100/100
|-damage|p1a: Dudunsparce|88/100|[from] Stealth Rock
|move|p2a: Torkoal|Rapid Spin|p1a: Dudunsparce
|-immune|p1a: Dudunsparce
|
|-weather|Snow|[upkeep]
|upkeep
|turn|7
|inactive|zackystim has 120 seconds left.
|
|t:|1685863653
|switch|p2a: Lilligant|Lilligant-Hisui, F|100/100
|-status|p2a: Lilligant|psn
|move|p1a: Dudunsparce|Boomburst|p2a: Lilligant
|-damage|p2a: Lilligant|0 fnt
|faint|p2a: Lilligant
|
|-weather|Snow|[upkeep]
|-fieldend|move: Trick Room
|upkeep
|inactive|zackystim has 120 seconds left.
|
|t:|1685863662
|switch|p2a: Torkoal|Torkoal, M|100/100
|-status|p2a: Torkoal|psn
|-weather|SunnyDay|[from] ability: Drought|[of] p2a: Torkoal
|turn|8
|
|t:|1685863671
|switch|p1a: Slowking|Slowking, M|93/100
|-damage|p1a: Slowking|80/100|[from] Stealth Rock
|move|p2a: Torkoal|Lava Plume|p1a: Slowking
|-resisted|p1a: Slowking
|-damage|p1a: Slowking|66/100
|-status|p1a: Slowking|brn
|
|-weather|SunnyDay|[upkeep]
|-damage|p2a: Torkoal|88/100 psn|[from] psn
|-damage|p1a: Slowking|60/100 brn|[from] brn
|upkeep
|turn|9
|inactive|zackystim has 120 seconds left.
|
|t:|1685863689
|switch|p2a: Kingambit|Kingambit, M|100/100
|-activate|p2a: Kingambit|ability: Supreme Overlord
|-start|p2a: Kingambit|fallen1|[silent]
|move|p1a: Slowking|Trick Room|p1a: Slowking
|-fieldstart|move: Trick Room|[of] p1a: Slowking
|
|-weather|SunnyDay|[upkeep]
|-damage|p1a: Slowking|54/100 brn|[from] brn
|upkeep
|turn|10
|
|t:|1685863697
|move|p1a: Slowking|Chilly Reception|p1a: Slowking
|-weather|Snow
|
|t:|1685863702
|switch|p1a: Clodsire|Clodsire, F|100/100|[from] Chilly Reception
|-damage|p1a: Clodsire|94/100|[from] Stealth Rock
|-item|p1a: Clodsire|Air Balloon
|move|p2a: Kingambit|Swords Dance|p2a: Kingambit
|-boost|p2a: Kingambit|atk|2
|
|-weather|Snow|[upkeep]
|upkeep
|turn|11
|
|t:|1685863711
|-end|p2a: Kingambit|fallen1|[silent]
|switch|p2a: Torkoal|Torkoal, M|88/100 psn
|-weather|SunnyDay|[from] ability: Drought|[of] p2a: Torkoal
|move|p1a: Clodsire|Earth Power|p2a: Torkoal
|-supereffective|p2a: Torkoal
|-damage|p2a: Torkoal|46/100 psn
|
|-weather|SunnyDay|[upkeep]
|-damage|p2a: Torkoal|34/100 psn|[from] psn
|upkeep
|turn|12
|
|t:|1685863728
|switch|p1a: Dudunsparce|Dudunsparce, F, tera:Ghost|88/100
|-damage|p1a: Dudunsparce|76/100|[from] Stealth Rock
|switch|p2a: Charizard|Charizard, F|100/100
|
|-weather|SunnyDay|[upkeep]
|-damage|p2a: Charizard|88/100|[from] ability: Solar Power|[of] p2a: Charizard
|upkeep
|turn|13
|
|t:|1685863742
|switch|p2a: Great Tusk|Great Tusk|6/100
|-status|p2a: Great Tusk|psn
|-activate|p2a: Great Tusk|ability: Protosynthesis
|-start|p2a: Great Tusk|protosynthesisatk
|move|p1a: Dudunsparce|Boomburst|p2a: Great Tusk
|-damage|p2a: Great Tusk|0 fnt
|faint|p2a: Great Tusk
|-end|p2a: Great Tusk|Protosynthesis|[silent]
|
|-weather|SunnyDay|[upkeep]
|-fieldend|move: Trick Room
|upkeep
|-message|zackystim forfeited.
|
|win|Kalen80
|raw|Kalen80's rating: 1000 → 1044(+44 for winning)
|raw|zackystim's rating: 1032 → 1016(-16 for losing)
|l|☆zackystim
