|j|☆DDCxbw菜.巨菜(´-_-)
|j|☆Ceeding
|t:|1685884541
|gametype|singles
|player|p1|DDCxbw菜.巨菜(´-_-)|gambler|
|player|p2|Ceeding|170|
|teamsize|p1|6
|teamsize|p2|6
|gen|9
|tier|[Gen 9] OU
|rule|Sleep Clause Mod: Limit one foe put to sleep
|rule|Species Clause: Limit one of each Pokémon
|rule|OHKO Clause: OHKO moves are banned
|rule|Evasion Items Clause: Evasion items are banned
|rule|Evasion Moves Clause: Evasion moves are banned
|rule|Endless Battle Clause: Forcing endless battles is banned
|rule|HP Percentage Mod: HP is shown in percentages
|clearpoke
|poke|p1|Amoonguss, M|
|poke|p1|Cloyster, M|
|poke|p1|Kingambit, F|
|poke|p1|Toxicroak, M|
|poke|p1|Breloom, F|
|poke|p1|Sylveon, F|
|poke|p2|Magearna|
|poke|p2|Grimmsnarl, M|
|poke|p2|Urshifu-*, F|
|poke|p2|Glimmora, M|
|poke|p2|Samurott-Hisui, M|
|poke|p2|Gholdengo|
|teampreview
|inactive|Battle timer is ON: inactive players will automatically lose when time's up. (requested by Ceeding)
|c|☆DDCxbw菜.巨菜(´-_-)|hi~
|c|☆DDCxbw菜.巨菜(´-_-)|Im comeing~
|
|t:|1685884571
|start
|switch|p1a: 掩护扇贝！|Cloyster, M|100/100
|switch|p2a: Grimothée Chalamet|Grimmsnarl, M|100/100
|turn|1
|
|t:|1685884595
|switch|p1a: Toxicroak|Toxicroak, M|100/100
|move|p2a: Grimothée Chalamet|Taunt|p1a: Toxicroak
|-start|p1a: Toxicroak|move: Taunt
|
|upkeep
|turn|2
|c|☆Ceeding|gl
|inactive|DDCxbw菜.巨菜(´-_-) has 270 seconds left.
|
|t:|1685884643
|move|p2a: Grimothée Chalamet|Reflect|p2a: Grimothée Chalamet
|-sidestart|p2: Ceeding|Reflect
|move|p1a: Toxicroak|Gunk Shot|p2a: Grimothée Chalamet
|-supereffective|p2a: Grimothée Chalamet
|-damage|p2a: Grimothée Chalamet|32/100
|-status|p2a: Grimothée Chalamet|psn
|
|-damage|p2a: Grimothée Chalamet|19/100 psn|[from] psn
|upkeep
|turn|3
|
|t:|1685884652
|move|p2a: Grimothée Chalamet|Light Screen|p2a: Grimothée Chalamet
|-sidestart|p2: Ceeding|move: Light Screen
|move|p1a: Toxicroak|Thunder Punch|p2a: Grimothée Chalamet
|-damage|p2a: Grimothée Chalamet|6/100 psn
|
|-damage|p2a: Grimothée Chalamet|0 fnt|[from] psn
|faint|p2a: Grimothée Chalamet
|-end|p1a: Toxicroak|move: Taunt
|upkeep
|
|t:|1685884658
|switch|p2a: Oh?|Magearna|100/100
|turn|4
|
|t:|1685884668
|move|p1a: Toxicroak|Thunder Punch|p2a: Oh?
|-damage|p2a: Oh?|89/100
|-status|p2a: Oh?|par
|move|p2a: Oh?|Shift Gear|p2a: Oh?
|-boost|p2a: Oh?|spe|2
|-boost|p2a: Oh?|atk|1
|
|upkeep
|turn|5
|inactive|DDCxbw菜.巨菜(´-_-) has 270 seconds left.
|
|t:|1685884685
|move|p1a: Toxicroak|Gunk Shot|p2a: Oh?
|-immune|p2a: Oh?
|move|p2a: Oh?|Shift Gear|p2a: Oh?
|-boost|p2a: Oh?|spe|2
|-boost|p2a: Oh?|atk|1
|
|upkeep
|turn|6
|c|☆DDCxbw菜.巨菜(´-_-)|shit
|
|t:|1685884707
|cant|p2a: Oh?|par
|move|p1a: Toxicroak|Close Combat|p2a: Oh?
|-damage|p2a: Oh?|55/100 par
|-unboost|p1a: Toxicroak|def|1
|-unboost|p1a: Toxicroak|spd|1
|
|upkeep
|turn|7
|inactive|DDCxbw菜.巨菜(´-_-) has 270 seconds left.
|
|t:|1685884725
|switch|p1a: Sylveon|Sylveon, F|100/100
|move|p2a: Oh?|Shift Gear|p2a: Oh?
|-boost|p2a: Oh?|spe|2
|-boost|p2a: Oh?|atk|1
|
|-status|p1a: Sylveon|brn|[from] item: Flame Orb
|upkeep
|turn|8
|c|☆DDCxbw菜.巨菜(´-_-)|e...
|
|t:|1685884744
|switch|p1a: Breloom|Breloom, F|100/100
|move|p2a: Oh?|Iron Head|p1a: Breloom
|-damage|p1a: Breloom|0 fnt
|faint|p1a: Breloom
|-ability|p2a: Oh?|Soul-Heart|boost
|-boost|p2a: Oh?|spa|1
|-damage|p2a: Oh?|45/100 par|[from] item: Life Orb
|
|upkeep
|
|t:|1685884751
|switch|p1a: 掩护扇贝！|Cloyster, M|100/100
|turn|9
|
|t:|1685884763
|-terastallize|p1a: 掩护扇贝！|Water
|move|p2a: Oh?|Iron Head|p1a: 掩护扇贝！
|-resisted|p1a: 掩护扇贝！
|-damage|p1a: 掩护扇贝！|48/100
|-damage|p2a: Oh?|35/100 par|[from] item: Life Orb
|move|p1a: 掩护扇贝！|Shell Smash|p1a: 掩护扇贝！
|-unboost|p1a: 掩护扇贝！|def|1
|-unboost|p1a: 掩护扇贝！|spd|1
|-boost|p1a: 掩护扇贝！|atk|2
|-boost|p1a: 掩护扇贝！|spa|2
|-boost|p1a: 掩护扇贝！|spe|2
|
|-sideend|p2: Ceeding|Reflect
|upkeep
|turn|10
|
|t:|1685884773
|move|p1a: 掩护扇贝！|Rock Blast|p2a: Oh?|[miss]
|-miss|p1a: 掩护扇贝！|p2a: Oh?
|move|p2a: Oh?|Iron Head|p1a: 掩护扇贝！
|-resisted|p1a: 掩护扇贝！
|-damage|p1a: 掩护扇贝！|0 fnt
|faint|p1a: 掩护扇贝！
|-ability|p2a: Oh?|Soul-Heart|boost
|-boost|p2a: Oh?|spa|1
|-damage|p2a: Oh?|25/100 par|[from] item: Life Orb
|
|-sideend|p2: Ceeding|move: Light Screen
|upkeep
|c|☆Ceeding|rip
|
|t:|1685884779
|switch|p1a: 一休|Amoonguss, M|100/100
|turn|11
|
|t:|1685884786
|move|p2a: Oh?|Ice Spinner|p1a: 一休
|-supereffective|p1a: 一休
|-damage|p1a: 一休|0 fnt
|faint|p1a: 一休
|-ability|p2a: Oh?|Soul-Heart|boost
|-boost|p2a: Oh?|spa|1
|-damage|p2a: Oh?|15/100 par|[from] item: Life Orb
|
|upkeep
|
|t:|1685884791
|switch|p1a: Sylveon|Sylveon, F|100/100 brn
|turn|12
|
|t:|1685884799
|switch|p1a: Toxicroak|Toxicroak, M|100/100
|move|p2a: Oh?|Iron Head|p1a: Toxicroak
|-damage|p1a: Toxicroak|0 fnt
|faint|p1a: Toxicroak
|-ability|p2a: Oh?|Soul-Heart|boost
|-boost|p2a: Oh?|spa|1
|-damage|p2a: Oh?|5/100 par|[from] item: Life Orb
|
|upkeep
|
|t:|1685884805
|switch|p1a: Sylveon|Sylveon, F|100/100 brn
|turn|13
|
|t:|1685884809
|cant|p2a: Oh?|par
|move|p1a: Sylveon|Facade|p2a: Oh?
|-resisted|p2a: Oh?
|-damage|p2a: Oh?|0 fnt
|faint|p2a: Oh?
|
|-damage|p1a: Sylveon|94/100 brn|[from] brn
|upkeep
|
|t:|1685884817
|switch|p2a: Samurott Champloo|Samurott-Hisui, M|100/100
|turn|14
|c|☆DDCxbw菜.巨菜(´-_-)|aaaaa
|
|t:|1685884824
|move|p2a: Samurott Champloo|Ceaseless Edge|p1a: Sylveon
|-resisted|p1a: Sylveon
|-damage|p1a: Sylveon|49/100 brn
|-sidestart|p1: DDCxbw菜.巨菜(´-_-)|Spikes
|-damage|p2a: Samurott Champloo|91/100|[from] item: Life Orb
|move|p1a: Sylveon|Facade|p2a: Samurott Champloo
|-supereffective|p2a: Samurott Champloo
|-damage|p2a: Samurott Champloo|0 fnt
|faint|p2a: Samurott Champloo
|
|-damage|p1a: Sylveon|43/100 brn|[from] brn
|upkeep
|
|t:|1685884829
|switch|p2a: Agile Style|Urshifu-Rapid-Strike, F|100/100
|turn|15
|
|t:|1685884836
|move|p1a: Sylveon|Protect|p1a: Sylveon
|-singleturn|p1a: Sylveon|Protect
|move|p2a: Agile Style|Swords Dance|p2a: Agile Style
|-boost|p2a: Agile Style|atk|2
|
|-damage|p1a: Sylveon|37/100 brn|[from] brn
|upkeep
|turn|16
|
|t:|1685884841
|move|p2a: Agile Style|Swords Dance|p2a: Agile Style
|-boost|p2a: Agile Style|atk|2
|move|p1a: Sylveon|Wish|p1a: Sylveon
|
|-damage|p1a: Sylveon|31/100 brn|[from] brn
|upkeep
|turn|17
|
|t:|1685884845
|move|p1a: Sylveon|Protect|p1a: Sylveon
|-singleturn|p1a: Sylveon|Protect
|move|p2a: Agile Style|Surging Strikes|p1a: Sylveon
|-activate|p1a: Sylveon|move: Protect
|
|-heal|p1a: Sylveon|81/100 brn|[from] move: Wish|[wisher] Sylveon
|-damage|p1a: Sylveon|75/100 brn|[from] brn
|upkeep
|turn|18
|
|t:|1685884851
|move|p2a: Agile Style|Swords Dance|p2a: Agile Style
|-boost|p2a: Agile Style|atk|2
|move|p1a: Sylveon|Facade|p2a: Agile Style
|-supereffective|p2a: Agile Style
|-crit|p2a: Agile Style
|-damage|p2a: Agile Style|0 fnt
|faint|p2a: Agile Style
|
|-damage|p1a: Sylveon|69/100 brn|[from] brn
|upkeep
|c|☆DDCxbw菜.巨菜(´-_-)|aaa
|
|t:|1685884861
|switch|p2a: Au in OU|Gholdengo|100/100
|turn|19
|c|☆DDCxbw菜.巨菜(´-_-)|I can
|c|☆Ceeding|u not goin gambit
|inactive|DDCxbw菜.巨菜(´-_-) has 270 seconds left.
|
|t:|1685884903
|move|p1a: Sylveon|Protect|p1a: Sylveon
|-singleturn|p1a: Sylveon|Protect
|move|p2a: Au in OU|Make It Rain|p1a: Sylveon
|-activate|p1a: Sylveon|move: Protect
|
|-damage|p1a: Sylveon|63/100 brn|[from] brn
|upkeep
|turn|20
|
|t:|1685884911
|move|p2a: Au in OU|Make It Rain|p1a: Sylveon
|-supereffective|p1a: Sylveon
|-damage|p1a: Sylveon|0 fnt
|-unboost|p2a: Au in OU|spa|1
|faint|p1a: Sylveon
|
|upkeep
|
|t:|1685884913
|switch|p1a: Kingambit|Kingambit, F|100/100
|-damage|p1a: Kingambit|88/100|[from] Spikes
|-activate|p1a: Kingambit|ability: Supreme Overlord
|-start|p1a: Kingambit|fallen5|[silent]
|turn|21
|
|t:|1685884917
|switch|p2a: Glimmer|Glimmora, M|100/100
|move|p1a: Kingambit|Swords Dance|p1a: Kingambit
|-boost|p1a: Kingambit|atk|2
|
|upkeep
|turn|22
|
|t:|1685884929
|move|p2a: Glimmer|Energy Ball|p1a: Kingambit
|-resisted|p1a: Kingambit
|-damage|p1a: Kingambit|70/100
|move|p1a: Kingambit|Swords Dance|p1a: Kingambit
|-boost|p1a: Kingambit|atk|2
|
|upkeep
|turn|23
|c|☆Ceeding|dang
|
|t:|1685884939
|move|p1a: Kingambit|Sucker Punch|p2a: Glimmer
|-enditem|p2a: Glimmer|Focus Sash
|-damage|p2a: Glimmer|1/100
|-activate|p2a: Glimmer|ability: Toxic Debris
|-sidestart|p1: DDCxbw菜.巨菜(´-_-)|move: Toxic Spikes
|move|p2a: Glimmer|Energy Ball|p1a: Kingambit
|-resisted|p1a: Kingambit
|-damage|p1a: Kingambit|53/100
|
|upkeep
|turn|24
|
|t:|1685884944
|move|p1a: Kingambit|Sucker Punch|p2a: Glimmer
|-damage|p2a: Glimmer|0 fnt
|-activate|p2a: Glimmer|ability: Toxic Debris
|-sidestart|p1: DDCxbw菜.巨菜(´-_-)|move: Toxic Spikes
|faint|p2a: Glimmer
|
|upkeep
|
|t:|1685884946
|switch|p2a: Au in OU|Gholdengo|100/100
|turn|25
|c|☆DDCxbw菜.巨菜(´-_-)|a
|c|☆DDCxbw菜.巨菜(´-_-)|I win！hh
|
|t:|1685884966
|move|p1a: Kingambit|Sucker Punch||[still]
|-fail|p1a: Kingambit
|move|p2a: Au in OU|Trick|p1a: Kingambit
|-activate|p2a: Au in OU|move: Trick|[of] p1a: Kingambit
|-item|p1a: Kingambit|Choice Scarf|[from] move: Trick
|-item|p2a: Au in OU|Black Glasses|[from] move: Trick
|
|upkeep
|turn|26
|c|☆Ceeding|not so fast
|
|t:|1685884989
|move|p1a: Kingambit|Sucker Punch||[still]
|-fail|p1a: Kingambit
|move|p2a: Au in OU|Trick|p1a: Kingambit
|-activate|p2a: Au in OU|move: Trick|[of] p1a: Kingambit
|-item|p1a: Kingambit|Black Glasses|[from] move: Trick
|-item|p2a: Au in OU|Choice Scarf|[from] move: Trick
|
|upkeep
|turn|27
|
|t:|1685884999
|move|p1a: Kingambit|Sucker Punch||[still]
|-fail|p1a: Kingambit
|move|p2a: Au in OU|Trick|p1a: Kingambit
|-activate|p2a: Au in OU|move: Trick|[of] p1a: Kingambit
|-item|p1a: Kingambit|Choice Scarf|[from] move: Trick
|-item|p2a: Au in OU|Black Glasses|[from] move: Trick
|
|upkeep
|turn|28
|
|t:|1685885006
|move|p2a: Au in OU|Focus Blast|p1a: Kingambit|[miss]
|-miss|p2a: Au in OU|p1a: Kingambit
|move|p1a: Kingambit|Kowtow Cleave|p2a: Au in OU
|-supereffective|p2a: Au in OU
|-damage|p2a: Au in OU|0 fnt
|faint|p2a: Au in OU
|
|win|DDCxbw菜.巨菜(´-_-)
|c|☆Ceeding|noooooooo
|c|☆DDCxbw菜.巨菜(´-_-)|ooohhhhh
|c|☆DDCxbw菜.巨菜(´-_-)|hh
|c|☆Ceeding|gg
|c|☆Ceeding|that got really close
|l|☆Ceeding
|l|☆DDCxbw菜.巨菜(´-_-)
|j|☆DDCxbw菜.巨菜(´-_-)
|player|p1|DDCxbw菜.巨菜(´-_-)|gambler
