|j|☆Capita enciam
|j|☆misszebra
|t:|1685881411
|gametype|singles
|player|p1|Capita enciam|102|1224
|player|p2|misszebra|elesa|1290
|teamsize|p1|6
|teamsize|p2|6
|gen|9
|tier|[Gen 9] OU
|rated|
|rule|Sleep Clause Mod: Limit one foe put to sleep
|rule|Species Clause: Limit one of each Pokémon
|rule|OHKO Clause: OHKO moves are banned
|rule|Evasion Items Clause: Evasion items are banned
|rule|Evasion Moves Clause: Evasion moves are banned
|rule|Endless Battle Clause: Forcing endless battles is banned
|rule|HP Percentage Mod: HP is shown in percentages
|clearpoke
|poke|p1|Amoonguss, M|
|poke|p1|Alomomola, F|
|poke|p1|Toxapex, M|
|poke|p1|Baxcalibur, M|
|poke|p1|Slowbro, M|
|poke|p1|Cyclizar, F|
|poke|p2|Basculegion, M|
|poke|p2|Pelipper, F|
|poke|p2|Magearna|
|poke|p2|Amoonguss, M|
|poke|p2|Great Tusk|
|poke|p2|Zapdos|
|teampreview
|
|t:|1685881432
|start
|switch|p1a: Amoonguss|Amoonguss, M|100/100
|switch|p2a: Pelipper|Pelipper, F|100/100
|-weather|RainDance|[from] ability: Drizzle|[of] p2a: Pelipper
|turn|1
|inactive|Battle timer is ON: inactive players will automatically lose when time's up. (requested by misszebra)
|
|t:|1685881440
|move|p2a: Pelipper|Hurricane|p1a: Amoonguss
|-supereffective|p1a: Amoonguss
|-damage|p1a: Amoonguss|45/100
|-start|p1a: Amoonguss|confusion
|-activate|p1a: Amoonguss|confusion
|move|p1a: Amoonguss|Spore|p2a: Pelipper
|-status|p2a: Pelipper|slp|[from] move: Spore
|
|-weather|RainDance|[upkeep]
|upkeep
|turn|2
|
|t:|1685881450
|switch|p2a: Magearna|Magearna|100/100
|switch|p1a: Baxcalibur|Baxcalibur, M|100/100
|
|-weather|RainDance|[upkeep]
|upkeep
|turn|3
|
|t:|1685881467
|switch|p1a: Toxapex|Toxapex, M|100/100
|switch|p2a: Pelipper|Pelipper, F|100/100 slp
|
|-weather|RainDance|[upkeep]
|upkeep
|turn|4
|
|t:|1685881476
|switch|p2a: Amoonguss|Amoonguss, M|100/100
|move|p1a: Toxapex|Poison Jab|p2a: Amoonguss
|-damage|p2a: Amoonguss|89/100
|-enditem|p2a: Amoonguss|Eject Button
|
|t:|1685881482
|switch|p2a: Magearna|Magearna|100/100
|
|-weather|RainDance|[upkeep]
|upkeep
|turn|5
|
|t:|1685881488
|move|p2a: Magearna|Shift Gear|p2a: Magearna
|-boost|p2a: Magearna|spe|2
|-boost|p2a: Magearna|atk|1
|move|p1a: Toxapex|Infestation|p2a: Magearna
|-resisted|p2a: Magearna
|-damage|p2a: Magearna|99/100
|-activate|p2a: Magearna|move: Infestation|[of] p1a: Toxapex
|
|-weather|RainDance|[upkeep]
|-heal|p2a: Magearna|100/100|[from] item: Leftovers
|-damage|p2a: Magearna|88/100|[from] move: Infestation|[partiallytrapped]
|upkeep
|turn|6
|
|t:|1685881502
|move|p2a: Magearna|Calm Mind|p2a: Magearna
|-boost|p2a: Magearna|spa|1
|-boost|p2a: Magearna|spd|1
|move|p1a: Toxapex|Haze|p1a: Toxapex
|-clearallboost
|
|-weather|RainDance|[upkeep]
|-heal|p2a: Magearna|94/100|[from] item: Leftovers
|-damage|p2a: Magearna|82/100|[from] move: Infestation|[partiallytrapped]
|upkeep
|turn|7
|
|t:|1685881515
|move|p2a: Magearna|Stored Power|p1a: Toxapex
|-supereffective|p1a: Toxapex
|-damage|p1a: Toxapex|90/100
|move|p1a: Toxapex|Haze|p1a: Toxapex
|-clearallboost
|
|-weather|RainDance|[upkeep]
|-heal|p2a: Magearna|88/100|[from] item: Leftovers
|-heal|p1a: Toxapex|96/100|[from] item: Black Sludge
|-damage|p2a: Magearna|75/100|[from] move: Infestation|[partiallytrapped]
|upkeep
|turn|8
|
|t:|1685881533
|move|p2a: Magearna|Stored Power|p1a: Toxapex
|-supereffective|p1a: Toxapex
|-damage|p1a: Toxapex|86/100
|move|p1a: Toxapex|Haze|p1a: Toxapex
|-clearallboost
|
|-weather|none
|-heal|p2a: Magearna|81/100|[from] item: Leftovers
|-heal|p1a: Toxapex|92/100|[from] item: Black Sludge
|-damage|p2a: Magearna|69/100|[from] move: Infestation|[partiallytrapped]
|upkeep
|turn|9
|inactive|misszebra has 120 seconds left.
|
|t:|1685881567
|move|p2a: Magearna|Stored Power|p1a: Toxapex
|-supereffective|p1a: Toxapex
|-damage|p1a: Toxapex|83/100
|move|p1a: Toxapex|Infestation|p2a: Magearna
|-resisted|p2a: Magearna
|-damage|p2a: Magearna|69/100
|
|-heal|p2a: Magearna|75/100|[from] item: Leftovers
|-heal|p1a: Toxapex|89/100|[from] item: Black Sludge
|-damage|p2a: Magearna|62/100|[from] move: Infestation|[partiallytrapped]
|upkeep
|turn|10
|inactive|misszebra has 120 seconds left.
|
|t:|1685881579
|move|p2a: Magearna|Stored Power|p1a: Toxapex
|-supereffective|p1a: Toxapex
|-damage|p1a: Toxapex|80/100
|move|p1a: Toxapex|Haze|p1a: Toxapex
|-clearallboost
|
|-heal|p2a: Magearna|68/100|[from] item: Leftovers
|-heal|p1a: Toxapex|86/100|[from] item: Black Sludge
|-end|p2a: Magearna|Infestation|[partiallytrapped]
|upkeep
|turn|11
|inactive|misszebra has 120 seconds left.
|
|t:|1685881593
|move|p2a: Magearna|Stored Power|p1a: Toxapex
|-supereffective|p1a: Toxapex
|-damage|p1a: Toxapex|76/100
|move|p1a: Toxapex|Poison Jab|p2a: Magearna
|-immune|p2a: Magearna
|
|-heal|p2a: Magearna|74/100|[from] item: Leftovers
|-heal|p1a: Toxapex|82/100|[from] item: Black Sludge
|upkeep
|turn|12
|inactive|misszebra has 120 seconds left.
|
|t:|1685881604
|move|p2a: Magearna|Stored Power|p1a: Toxapex
|-supereffective|p1a: Toxapex
|-damage|p1a: Toxapex|73/100
|move|p1a: Toxapex|Infestation|p2a: Magearna
|-resisted|p2a: Magearna
|-damage|p2a: Magearna|74/100
|-activate|p2a: Magearna|move: Infestation|[of] p1a: Toxapex
|
|-heal|p2a: Magearna|80/100|[from] item: Leftovers
|-heal|p1a: Toxapex|79/100|[from] item: Black Sludge
|-damage|p2a: Magearna|67/100|[from] move: Infestation|[partiallytrapped]
|upkeep
|turn|13
|inactive|misszebra has 120 seconds left.
|
|t:|1685881615
|move|p2a: Magearna|Stored Power|p1a: Toxapex
|-supereffective|p1a: Toxapex
|-damage|p1a: Toxapex|69/100
|move|p1a: Toxapex|Haze|p1a: Toxapex
|-clearallboost
|
|-heal|p2a: Magearna|74/100|[from] item: Leftovers
|-heal|p1a: Toxapex|75/100|[from] item: Black Sludge
|-damage|p2a: Magearna|61/100|[from] move: Infestation|[partiallytrapped]
|upkeep
|turn|14
|inactive|misszebra has 120 seconds left.
|
|t:|1685881628
|move|p2a: Magearna|Stored Power|p1a: Toxapex
|-supereffective|p1a: Toxapex
|-damage|p1a: Toxapex|65/100
|move|p1a: Toxapex|Haze|p1a: Toxapex
|-clearallboost
|
|-heal|p2a: Magearna|67/100|[from] item: Leftovers
|-heal|p1a: Toxapex|71/100|[from] item: Black Sludge
|-damage|p2a: Magearna|55/100|[from] move: Infestation|[partiallytrapped]
|upkeep
|turn|15
|inactive|misszebra has 120 seconds left.
|
|t:|1685881641
|move|p2a: Magearna|Stored Power|p1a: Toxapex
|-supereffective|p1a: Toxapex
|-damage|p1a: Toxapex|61/100
|move|p1a: Toxapex|Haze|p1a: Toxapex
|-clearallboost
|
|-heal|p2a: Magearna|61/100|[from] item: Leftovers
|-heal|p1a: Toxapex|67/100|[from] item: Black Sludge
|-damage|p2a: Magearna|48/100|[from] move: Infestation|[partiallytrapped]
|upkeep
|turn|16
|inactive|misszebra has 120 seconds left.
|
|t:|1685881652
|move|p2a: Magearna|Stored Power|p1a: Toxapex
|-supereffective|p1a: Toxapex
|-crit|p1a: Toxapex
|-damage|p1a: Toxapex|51/100
|move|p1a: Toxapex|Recover|p1a: Toxapex
|-heal|p1a: Toxapex|100/100
|
|-heal|p2a: Magearna|54/100|[from] item: Leftovers
|-damage|p2a: Magearna|42/100|[from] move: Infestation|[partiallytrapped]
|upkeep
|turn|17
|inactive|misszebra has 120 seconds left.
|
|t:|1685881664
|move|p2a: Magearna|Stored Power|p1a: Toxapex
|-supereffective|p1a: Toxapex
|-damage|p1a: Toxapex|91/100
|move|p1a: Toxapex|Haze|p1a: Toxapex
|-clearallboost
|
|-heal|p2a: Magearna|48/100|[from] item: Leftovers
|-heal|p1a: Toxapex|98/100|[from] item: Black Sludge
|-end|p2a: Magearna|Infestation|[partiallytrapped]
|upkeep
|turn|18
|inactive|misszebra has 120 seconds left.
|
|t:|1685881675
|switch|p2a: Amoonguss|Amoonguss, M|100/100
|move|p1a: Toxapex|Infestation|p2a: Amoonguss
|-damage|p2a: Amoonguss|97/100
|-activate|p2a: Amoonguss|move: Infestation|[of] p1a: Toxapex
|
|-heal|p1a: Toxapex|100/100|[from] item: Black Sludge
|-damage|p2a: Amoonguss|85/100|[from] move: Infestation|[partiallytrapped]
|upkeep
|turn|19
|inactive|misszebra has 120 seconds left.
|
|t:|1685881685
|move|p1a: Toxapex|Poison Jab|p2a: Amoonguss
|-damage|p2a: Amoonguss|72/100
|move|p2a: Amoonguss|Spore|p1a: Toxapex
|-status|p1a: Toxapex|slp|[from] move: Spore
|
|-damage|p2a: Amoonguss|60/100|[from] move: Infestation|[partiallytrapped]
|upkeep
|turn|20
|inactive|misszebra has 120 seconds left.
|
|t:|1685881696
|cant|p1a: Toxapex|slp
|move|p2a: Amoonguss|Giga Drain|p1a: Toxapex
|-damage|p1a: Toxapex|86/100 slp
|-heal|p2a: Amoonguss|65/100|[from] drain|[of] p1a: Toxapex
|
|-heal|p1a: Toxapex|92/100 slp|[from] item: Black Sludge
|-damage|p2a: Amoonguss|53/100|[from] move: Infestation|[partiallytrapped]
|upkeep
|turn|21
|inactive|misszebra has 120 seconds left.
|
|t:|1685881708
|cant|p1a: Toxapex|slp
|move|p2a: Amoonguss|Giga Drain|p1a: Toxapex
|-damage|p1a: Toxapex|77/100 slp
|-heal|p2a: Amoonguss|59/100|[from] drain|[of] p1a: Toxapex
|
|-heal|p1a: Toxapex|83/100 slp|[from] item: Black Sludge
|-damage|p2a: Amoonguss|46/100|[from] move: Infestation|[partiallytrapped]
|upkeep
|turn|22
|inactive|misszebra has 120 seconds left.
|
|t:|1685881718
|-curestatus|p1a: Toxapex|slp|[msg]
|move|p1a: Toxapex|Poison Jab|p2a: Amoonguss
|-damage|p2a: Amoonguss|33/100
|move|p2a: Amoonguss|Spore|p1a: Toxapex
|-status|p1a: Toxapex|slp|[from] move: Spore
|
|-heal|p1a: Toxapex|90/100 slp|[from] item: Black Sludge
|-end|p2a: Amoonguss|Infestation|[partiallytrapped]
|upkeep
|turn|23
|inactive|misszebra has 120 seconds left.
|
|t:|1685881732
|cant|p1a: Toxapex|slp
|move|p2a: Amoonguss|Giga Drain|p1a: Toxapex
|-damage|p1a: Toxapex|75/100 slp
|-heal|p2a: Amoonguss|38/100|[from] drain|[of] p1a: Toxapex
|
|-heal|p1a: Toxapex|82/100 slp|[from] item: Black Sludge
|upkeep
|turn|24
|
|t:|1685881741
|switch|p2a: Pelipper|Pelipper, F|100/100 slp
|-weather|RainDance|[from] ability: Drizzle|[of] p2a: Pelipper
|cant|p1a: Toxapex|slp
|
|-weather|RainDance|[upkeep]
|-heal|p1a: Toxapex|88/100 slp|[from] item: Black Sludge
|upkeep
|turn|25
|
|t:|1685881750
|switch|p2a: Zapdos|Zapdos|100/100
|-curestatus|p1a: Toxapex|slp|[msg]
|move|p1a: Toxapex|Poison Jab|p2a: Zapdos
|-damage|p2a: Zapdos|80/100
|-status|p2a: Zapdos|psn
|
|-weather|RainDance|[upkeep]
|-heal|p1a: Toxapex|94/100|[from] item: Black Sludge
|-damage|p2a: Zapdos|67/100 psn|[from] psn
|upkeep
|turn|26
|
|t:|1685881763
|switch|p1a: Cyclizar|Cyclizar, F|100/100
|move|p2a: Zapdos|Thunder|p1a: Cyclizar
|-resisted|p1a: Cyclizar
|-damage|p1a: Cyclizar|58/100
|
|-weather|RainDance|[upkeep]
|-damage|p2a: Zapdos|55/100 psn|[from] psn
|upkeep
|turn|27
|
|t:|1685881776
|move|p2a: Zapdos|Volt Switch|p1a: Cyclizar
|-resisted|p1a: Cyclizar
|-damage|p1a: Cyclizar|31/100
|
|t:|1685881780
|switch|p2a: Great Tusk|Great Tusk|100/100|[from] Volt Switch
|move|p1a: Cyclizar|U-turn|p2a: Great Tusk
|-resisted|p2a: Great Tusk
|-damage|p2a: Great Tusk|92/100
|-damage|p1a: Cyclizar|21/100|[from] item: Life Orb
|
|t:|1685881789
|switch|p1a: Slowbro|Slowbro, M|100/100|[from] U-turn
|
|-weather|RainDance|[upkeep]
|-heal|p2a: Great Tusk|98/100|[from] item: Leftovers
|upkeep
|turn|28
|
|t:|1685881796
|move|p2a: Great Tusk|Knock Off|p1a: Slowbro
|-supereffective|p1a: Slowbro
|-damage|p1a: Slowbro|38/100
|-enditem|p1a: Slowbro|Assault Vest|[from] move: Knock Off|[of] p2a: Great Tusk
|move|p1a: Slowbro|Future Sight|p2a: Great Tusk
|-start|p1a: Slowbro|move: Future Sight
|
|-weather|RainDance|[upkeep]
|-heal|p2a: Great Tusk|100/100|[from] item: Leftovers
|upkeep
|turn|29
|
|t:|1685881805
|switch|p1a: Alomomola|Alomomola, F|100/100
|move|p2a: Great Tusk|Knock Off|p1a: Alomomola
|-damage|p1a: Alomomola|72/100
|-damage|p2a: Great Tusk|84/100|[from] item: Rocky Helmet|[of] p1a: Alomomola
|-enditem|p1a: Alomomola|Rocky Helmet|[from] move: Knock Off|[of] p2a: Great Tusk
|
|-weather|RainDance|[upkeep]
|-heal|p2a: Great Tusk|90/100|[from] item: Leftovers
|upkeep
|turn|30
|
|t:|1685881819
|-end|p2a: Great Tusk|Protosynthesis|[silent]
|switch|p2a: Pelipper|Pelipper, F|100/100 slp
|move|p1a: Alomomola|Wish|p1a: Alomomola
|
|-weather|RainDance|[upkeep]
|-end|p2a: Pelipper|move: Future Sight
|-damage|p2a: Pelipper|41/100 slp
|upkeep
|turn|31
|
|t:|1685881834
|switch|p2a: Amoonguss|Amoonguss, M|71/100
|switch|p1a: Cyclizar|Cyclizar, F|54/100
|
|-weather|none
|-heal|p1a: Cyclizar|100/100|[from] move: Wish|[wisher] Alomomola
|upkeep
|turn|32
|
|t:|1685881845
|move|p1a: Cyclizar|Double-Edge|p2a: Amoonguss
|-damage|p2a: Amoonguss|20/100
|-damage|p1a: Cyclizar|78/100|[from] Recoil
|-damage|p1a: Cyclizar|68/100|[from] item: Life Orb
|move|p2a: Amoonguss|Sludge Bomb|p1a: Cyclizar
|-damage|p1a: Cyclizar|28/100
|
|upkeep
|turn|33
|
|t:|1685881857
|switch|p2a: Basculegion|Basculegion, M|100/100
|move|p1a: Cyclizar|U-turn|p2a: Basculegion
|-resisted|p2a: Basculegion
|-damage|p2a: Basculegion|82/100
|-damage|p1a: Cyclizar|19/100|[from] item: Life Orb
|
|t:|1685881867
|switch|p1a: Alomomola|Alomomola, F|100/100|[from] U-turn
|
|upkeep
|turn|34
|
|t:|1685881872
|switch|p2a: Pelipper|Pelipper, F|41/100 slp
|-weather|RainDance|[from] ability: Drizzle|[of] p2a: Pelipper
|move|p1a: Alomomola|Tickle|p2a: Pelipper
|-unboost|p2a: Pelipper|atk|1
|-unboost|p2a: Pelipper|def|1
|
|-weather|RainDance|[upkeep]
|upkeep
|turn|35
|
|t:|1685881882
|switch|p1a: Cyclizar|Cyclizar, F|52/100
|cant|p2a: Pelipper|slp
|
|-weather|RainDance|[upkeep]
|upkeep
|turn|36
|
|t:|1685881892
|switch|p2a: Magearna|Magearna|48/100
|move|p1a: Cyclizar|Knock Off|p2a: Magearna
|-resisted|p2a: Magearna
|-damage|p2a: Magearna|33/100
|-enditem|p2a: Magearna|Leftovers|[from] move: Knock Off|[of] p1a: Cyclizar
|-damage|p1a: Cyclizar|42/100|[from] item: Life Orb
|
|-weather|RainDance|[upkeep]
|upkeep
|turn|37
|
|t:|1685881905
|switch|p1a: Toxapex|Toxapex, M|100/100
|move|p2a: Magearna|Draining Kiss|p1a: Toxapex
|-resisted|p1a: Toxapex
|-damage|p1a: Toxapex|91/100
|-heal|p2a: Magearna|39/100|[from] drain|[of] p1a: Toxapex
|
|-weather|RainDance|[upkeep]
|-heal|p1a: Toxapex|97/100|[from] item: Black Sludge
|upkeep
|turn|38
|
|t:|1685881916
|switch|p2a: Great Tusk|Great Tusk|90/100
|move|p1a: Toxapex|Infestation|p2a: Great Tusk
|-resisted|p2a: Great Tusk
|-damage|p2a: Great Tusk|88/100
|-activate|p2a: Great Tusk|move: Infestation|[of] p1a: Toxapex
|
|-weather|RainDance|[upkeep]
|-heal|p2a: Great Tusk|95/100|[from] item: Leftovers
|-heal|p1a: Toxapex|100/100|[from] item: Black Sludge
|-damage|p2a: Great Tusk|82/100|[from] move: Infestation|[partiallytrapped]
|upkeep
|turn|39
|
|t:|1685881931
|switch|p1a: Alomomola|Alomomola, F|100/100
|move|p2a: Great Tusk|Earthquake|p1a: Alomomola
|-damage|p1a: Alomomola|62/100
|
|-weather|RainDance|[upkeep]
|-heal|p2a: Great Tusk|88/100|[from] item: Leftovers
|-end|p2a: Great Tusk|Infestation|[partiallytrapped]|[silent]
|upkeep
|turn|40
|
|t:|1685881940
|move|p2a: Great Tusk|Earthquake|p1a: Alomomola
|-damage|p1a: Alomomola|18/100
|move|p1a: Alomomola|Wish|p1a: Alomomola
|
|-weather|RainDance|[upkeep]
|-heal|p2a: Great Tusk|95/100|[from] item: Leftovers
|upkeep
|turn|41
|
|t:|1685881951
|move|p1a: Alomomola|Protect|p1a: Alomomola
|-singleturn|p1a: Alomomola|Protect
|move|p2a: Great Tusk|Knock Off|p1a: Alomomola
|-activate|p1a: Alomomola|move: Protect
|
|-weather|none
|-heal|p1a: Alomomola|68/100|[from] move: Wish|[wisher] Alomomola
|-heal|p2a: Great Tusk|100/100|[from] item: Leftovers
|upkeep
|turn|42
|
|t:|1685881961
|move|p2a: Great Tusk|Stealth Rock|p1a: Alomomola
|-sidestart|p1: Capita enciam|move: Stealth Rock
|move|p1a: Alomomola|Wish|p1a: Alomomola
|
|upkeep
|turn|43
|
|t:|1685881967
|switch|p1a: Slowbro|Slowbro, M|72/100
|-damage|p1a: Slowbro|59/100|[from] Stealth Rock
|move|p2a: Great Tusk|Earthquake|p1a: Slowbro
|-damage|p1a: Slowbro|17/100
|
|-heal|p1a: Slowbro|94/100|[from] move: Wish|[wisher] Alomomola
|upkeep
|turn|44
|
|t:|1685881977
|move|p2a: Great Tusk|Knock Off|p1a: Slowbro
|-supereffective|p1a: Slowbro
|-damage|p1a: Slowbro|58/100
|move|p1a: Slowbro|Future Sight|p2a: Great Tusk
|-start|p1a: Slowbro|move: Future Sight
|
|upkeep
|turn|45
|
|t:|1685881983
|switch|p1a: Cyclizar|Cyclizar, F|75/100
|-damage|p1a: Cyclizar|63/100|[from] Stealth Rock
|move|p2a: Great Tusk|Knock Off|p1a: Cyclizar
|-damage|p1a: Cyclizar|6/100
|-enditem|p1a: Cyclizar|Life Orb|[from] move: Knock Off|[of] p2a: Great Tusk
|
|upkeep
|turn|46
|
|t:|1685881995
|switch|p1a: Alomomola|Alomomola, F|100/100
|-damage|p1a: Alomomola|88/100|[from] Stealth Rock
|-end|p2a: Great Tusk|Protosynthesis|[silent]
|switch|p2a: Magearna|Magearna|39/100
|
|-end|p2a: Magearna|move: Future Sight
|-resisted|p2a: Magearna
|-damage|p2a: Magearna|21/100
|upkeep
|turn|47
|
|t:|1685882011
|move|p1a: Alomomola|Wish|p1a: Alomomola
|move|p2a: Magearna|Calm Mind|p2a: Magearna
|-boost|p2a: Magearna|spa|1
|-boost|p2a: Magearna|spd|1
|
|upkeep
|turn|48
|
|t:|1685882018
|move|p1a: Alomomola|Light Screen|p1a: Alomomola
|-sidestart|p1: Capita enciam|move: Light Screen
|move|p2a: Magearna|Calm Mind|p2a: Magearna
|-boost|p2a: Magearna|spa|1
|-boost|p2a: Magearna|spd|1
|
|-heal|p1a: Alomomola|100/100|[from] move: Wish|[wisher] Alomomola
|upkeep
|turn|49
|
|t:|1685882027
|switch|p1a: Toxapex|Toxapex, M|100/100
|-damage|p1a: Toxapex|88/100|[from] Stealth Rock
|move|p2a: Magearna|Calm Mind|p2a: Magearna
|-boost|p2a: Magearna|spa|1
|-boost|p2a: Magearna|spd|1
|
|-heal|p1a: Toxapex|94/100|[from] item: Black Sludge
|upkeep
|turn|50
|
|t:|1685882038
|-terastallize|p1a: Toxapex|Dark
|move|p2a: Magearna|Stored Power|p1a: Toxapex
|-immune|p1a: Toxapex
|move|p1a: Toxapex|Infestation|p2a: Magearna
|-resisted|p2a: Magearna
|-damage|p2a: Magearna|21/100
|-activate|p2a: Magearna|move: Infestation|[of] p1a: Toxapex
|
|-damage|p1a: Toxapex|82/100|[from] item: Black Sludge
|-damage|p2a: Magearna|8/100|[from] move: Infestation|[partiallytrapped]
|upkeep
|turn|51
|
|t:|1685882051
|move|p2a: Magearna|Draining Kiss|p1a: Toxapex
|-supereffective|p1a: Toxapex
|-damage|p1a: Toxapex|33/100
|-heal|p2a: Magearna|39/100|[from] drain|[of] p1a: Toxapex
|move|p1a: Toxapex|Haze|p1a: Toxapex
|-clearallboost
|
|-damage|p1a: Toxapex|21/100|[from] item: Black Sludge
|-damage|p2a: Magearna|26/100|[from] move: Infestation|[partiallytrapped]
|upkeep
|turn|52
|
|t:|1685882062
|move|p2a: Magearna|Draining Kiss|p1a: Toxapex
|-supereffective|p1a: Toxapex
|-damage|p1a: Toxapex|4/100
|-heal|p2a: Magearna|37/100|[from] drain|[of] p1a: Toxapex
|move|p1a: Toxapex|Recover|p1a: Toxapex
|-heal|p1a: Toxapex|54/100
|
|-damage|p1a: Toxapex|41/100|[from] item: Black Sludge
|-damage|p2a: Magearna|24/100|[from] move: Infestation|[partiallytrapped]
|-sideend|p1: Capita enciam|move: Light Screen
|upkeep
|turn|53
|
|t:|1685882074
|move|p2a: Magearna|Draining Kiss|p1a: Toxapex
|-supereffective|p1a: Toxapex
|-damage|p1a: Toxapex|5/100
|-heal|p2a: Magearna|47/100|[from] drain|[of] p1a: Toxapex
|move|p1a: Toxapex|Recover|p1a: Toxapex
|-heal|p1a: Toxapex|55/100
|
|-damage|p1a: Toxapex|43/100|[from] item: Black Sludge
|-damage|p2a: Magearna|35/100|[from] move: Infestation|[partiallytrapped]
|upkeep
|turn|54
|
|t:|1685882085
|switch|p1a: Amoonguss|Amoonguss, M|78/100
|-damage|p1a: Amoonguss|66/100|[from] Stealth Rock
|move|p2a: Magearna|Draining Kiss|p1a: Amoonguss
|-resisted|p1a: Amoonguss
|-damage|p1a: Amoonguss|55/100
|-heal|p2a: Magearna|44/100|[from] drain|[of] p1a: Amoonguss
|-damage|p2a: Magearna|28/100|[from] item: Rocky Helmet|[of] p1a: Amoonguss
|
|-end|p2a: Magearna|Infestation|[partiallytrapped]|[silent]
|upkeep
|turn|55
|
|t:|1685882096
|move|p2a: Magearna|Calm Mind|p2a: Magearna
|-boost|p2a: Magearna|spa|1
|-boost|p2a: Magearna|spd|1
|move|p1a: Amoonguss|Stun Spore|p2a: Magearna
|-status|p2a: Magearna|par
|
|upkeep
|turn|56
|
|t:|1685882106
|switch|p1a: Toxapex|Toxapex, M, tera:Dark|76/100
|-damage|p1a: Toxapex|63/100|[from] Stealth Rock
|cant|p2a: Magearna|par
|
|-damage|p1a: Toxapex|51/100|[from] item: Black Sludge
|upkeep
|turn|57
|
|t:|1685882114
|switch|p1a: Alomomola|Alomomola, F|100/100
|-damage|p1a: Alomomola|88/100|[from] Stealth Rock
|move|p2a: Magearna|Draining Kiss|p1a: Alomomola
|-damage|p1a: Alomomola|54/100
|-heal|p2a: Magearna|63/100 par|[from] drain|[of] p1a: Alomomola
|
|upkeep
|turn|58
|
|t:|1685882124
|move|p1a: Alomomola|Light Screen|p1a: Alomomola
|-sidestart|p1: Capita enciam|move: Light Screen
|move|p2a: Magearna|Draining Kiss|p1a: Alomomola
|-damage|p1a: Alomomola|37/100
|-heal|p2a: Magearna|82/100 par|[from] drain|[of] p1a: Alomomola
|
|upkeep
|turn|59
|
|t:|1685882131
|move|p1a: Alomomola|Wish|p1a: Alomomola
|cant|p2a: Magearna|par
|
|upkeep
|turn|60
|
|t:|1685882142
|switch|p1a: Cyclizar|Cyclizar, F|39/100
|-damage|p1a: Cyclizar|27/100|[from] Stealth Rock
|move|p2a: Magearna|Shift Gear|p2a: Magearna
|-boost|p2a: Magearna|spe|2
|-boost|p2a: Magearna|atk|1
|
|-heal|p1a: Cyclizar|100/100|[from] move: Wish|[wisher] Alomomola
|upkeep
|turn|61
|
|t:|1685882153
|move|p1a: Cyclizar|Rapid Spin|p2a: Magearna
|-resisted|p2a: Magearna
|-damage|p2a: Magearna|72/100 par
|-boost|p1a: Cyclizar|spe|1
|-sideend|p1: Capita enciam|Stealth Rock|[from] move: Rapid Spin|[of] p1a: Cyclizar
|move|p2a: Magearna|Draining Kiss|p1a: Cyclizar
|-supereffective|p1a: Cyclizar
|-damage|p1a: Cyclizar|38/100
|-heal|p2a: Magearna|100/100 par|[from] drain|[of] p1a: Cyclizar
|
|upkeep
|turn|62
|
|t:|1685882170
|switch|p1a: Toxapex|Toxapex, M, tera:Dark|84/100
|cant|p2a: Magearna|par
|
|-damage|p1a: Toxapex|72/100|[from] item: Black Sludge
|-sideend|p1: Capita enciam|move: Light Screen
|upkeep
|turn|63
|
|t:|1685882179
|move|p2a: Magearna|Draining Kiss|p1a: Toxapex
|-supereffective|p1a: Toxapex
|-damage|p1a: Toxapex|20/100
|move|p1a: Toxapex|Haze|p1a: Toxapex
|-clearallboost
|
|-damage|p1a: Toxapex|7/100|[from] item: Black Sludge
|upkeep
|turn|64
|
|t:|1685882187
|switch|p1a: Alomomola|Alomomola, F|70/100
|cant|p2a: Magearna|par
|
|upkeep
|turn|65
|
|t:|1685882195
|move|p1a: Alomomola|Light Screen|p1a: Alomomola
|-sidestart|p1: Capita enciam|move: Light Screen
|move|p2a: Magearna|Shift Gear|p2a: Magearna
|-boost|p2a: Magearna|spe|2
|-boost|p2a: Magearna|atk|1
|
|upkeep
|turn|66
|
|t:|1685882203
|switch|p2a: Great Tusk|Great Tusk|100/100
|move|p1a: Alomomola|Tickle|p2a: Great Tusk
|-unboost|p2a: Great Tusk|atk|1
|-unboost|p2a: Great Tusk|def|1
|
|upkeep
|turn|67
|
|t:|1685882214
|move|p2a: Great Tusk|Knock Off|p1a: Alomomola
|-crit|p1a: Alomomola
|-damage|p1a: Alomomola|43/100
|move|p1a: Alomomola|Wish|p1a: Alomomola
|
|upkeep
|turn|68
|
|t:|1685882222
|move|p2a: Great Tusk|Stealth Rock|p1a: Alomomola
|-sidestart|p1: Capita enciam|move: Stealth Rock
|move|p1a: Alomomola|Tickle|p2a: Great Tusk
|-unboost|p2a: Great Tusk|atk|1
|-unboost|p2a: Great Tusk|def|1
|
|-heal|p1a: Alomomola|93/100|[from] move: Wish|[wisher] Alomomola
|upkeep
|turn|69
|
|t:|1685882233
|-end|p2a: Great Tusk|Protosynthesis|[silent]
|switch|p2a: Amoonguss|Amoonguss, M|53/100
|switch|p1a: Slowbro|Slowbro, M|91/100
|-damage|p1a: Slowbro|79/100|[from] Stealth Rock
|
|-sideend|p1: Capita enciam|move: Light Screen
|upkeep
|turn|70
|
|t:|1685882242
|switch|p1a: Amoonguss|Amoonguss, M|89/100
|-damage|p1a: Amoonguss|76/100|[from] Stealth Rock
|move|p2a: Amoonguss|Giga Drain|p1a: Amoonguss
|-resisted|p1a: Amoonguss
|-damage|p1a: Amoonguss|72/100
|-heal|p2a: Amoonguss|55/100|[from] drain|[of] p1a: Amoonguss
|
|upkeep
|turn|71
|
|t:|1685882252
|move|p2a: Amoonguss|Sludge Bomb|p1a: Amoonguss
|-damage|p1a: Amoonguss|54/100
|move|p1a: Amoonguss|Stun Spore|p2a: Amoonguss
|-immune|p2a: Amoonguss
|
|upkeep
|turn|72
|
|t:|1685882259
|move|p2a: Amoonguss|Sludge Bomb|p1a: Amoonguss
|-damage|p1a: Amoonguss|34/100
|move|p1a: Amoonguss|Sludge Bomb|p2a: Amoonguss
|-damage|p2a: Amoonguss|30/100
|
|upkeep
|turn|73
|
|t:|1685882266
|switch|p1a: Toxapex|Toxapex, M, tera:Dark|40/100
|-damage|p1a: Toxapex|28/100|[from] Stealth Rock
|move|p2a: Amoonguss|Sludge Bomb|p1a: Toxapex
|-damage|p1a: Toxapex|10/100
|-status|p1a: Toxapex|psn
|
|-damage|p1a: Toxapex|0 fnt|[from] item: Black Sludge
|faint|p1a: Toxapex
|upkeep
|
|t:|1685882272
|switch|p1a: Slowbro|Slowbro, M|100/100
|-damage|p1a: Slowbro|88/100|[from] Stealth Rock
|turn|74
|
|t:|1685882281
|switch|p2a: Pelipper|Pelipper, F|41/100 slp
|-weather|RainDance|[from] ability: Drizzle|[of] p2a: Pelipper
|move|p1a: Slowbro|Future Sight|p2a: Pelipper
|-start|p1a: Slowbro|move: Future Sight
|
|-weather|RainDance|[upkeep]
|upkeep
|turn|75
|
|t:|1685882290
|switch|p2a: Magearna|Magearna|100/100 par
|move|p1a: Slowbro|Ice Beam|p2a: Magearna
|-resisted|p2a: Magearna
|-damage|p2a: Magearna|90/100 par
|
|-weather|RainDance|[upkeep]
|upkeep
|turn|76
|
|t:|1685882298
|move|p1a: Slowbro|Flamethrower|p2a: Magearna
|-supereffective|p2a: Magearna
|-damage|p2a: Magearna|73/100 par
|move|p2a: Magearna|Shift Gear|p2a: Magearna
|-boost|p2a: Magearna|spe|2
|-boost|p2a: Magearna|atk|1
|
|-weather|RainDance|[upkeep]
|-end|p2a: Magearna|move: Future Sight
|-resisted|p2a: Magearna
|-damage|p2a: Magearna|53/100 par
|upkeep
|turn|77
|
|t:|1685882321
|move|p2a: Magearna|Calm Mind|p2a: Magearna
|-boost|p2a: Magearna|spa|1
|-boost|p2a: Magearna|spd|1
|move|p1a: Slowbro|Body Press|p2a: Magearna
|-damage|p2a: Magearna|32/100 par
|
|-weather|RainDance|[upkeep]
|upkeep
|turn|78
|
|t:|1685882329
|move|p2a: Magearna|Draining Kiss|p1a: Slowbro
|-damage|p1a: Slowbro|50/100
|-heal|p2a: Magearna|58/100 par|[from] drain|[of] p1a: Slowbro
|move|p1a: Slowbro|Body Press|p2a: Magearna
|-damage|p2a: Magearna|36/100 par
|
|-weather|RainDance|[upkeep]
|upkeep
|turn|79
|
|t:|1685882338
|switch|p1a: Amoonguss|Amoonguss, M|67/100
|-damage|p1a: Amoonguss|54/100|[from] Stealth Rock
|move|p2a: Magearna|Draining Kiss|p1a: Amoonguss
|-resisted|p1a: Amoonguss
|-damage|p1a: Amoonguss|40/100
|-heal|p2a: Magearna|49/100 par|[from] drain|[of] p1a: Amoonguss
|-damage|p2a: Magearna|32/100 par|[from] item: Rocky Helmet|[of] p1a: Amoonguss
|
|-weather|RainDance|[upkeep]
|upkeep
|turn|80
|
|t:|1685882349
|switch|p1a: Alomomola|Alomomola, F|100/100
|-damage|p1a: Alomomola|88/100|[from] Stealth Rock
|move|p2a: Magearna|Stored Power|p1a: Alomomola
|-damage|p1a: Alomomola|30/100
|
|-weather|RainDance|[upkeep]
|upkeep
|turn|81
|
|t:|1685882357
|move|p1a: Alomomola|Wish|p1a: Alomomola
|move|p2a: Magearna|Stored Power|p1a: Alomomola
|-damage|p1a: Alomomola|0 fnt
|faint|p1a: Alomomola
|-ability|p2a: Magearna|Soul-Heart|boost
|-boost|p2a: Magearna|spa|1
|
|-weather|none
|upkeep
|
|t:|1685882371
|switch|p1a: Baxcalibur|Baxcalibur, M|100/100
|-damage|p1a: Baxcalibur|76/100|[from] Stealth Rock
|turn|82
|
|t:|1685882381
|-terastallize|p2a: Magearna|Flying
|move|p1a: Baxcalibur|Substitute|p1a: Baxcalibur
|-start|p1a: Baxcalibur|Substitute
|-damage|p1a: Baxcalibur|51/100
|cant|p2a: Magearna|par
|
|-heal|p1a: Baxcalibur|100/100|[from] move: Wish|[wisher] Alomomola
|upkeep
|turn|83
|
|t:|1685882396
|move|p1a: Baxcalibur|Dragon Dance|p1a: Baxcalibur
|-boost|p1a: Baxcalibur|atk|1
|-boost|p1a: Baxcalibur|spe|1
|cant|p2a: Magearna|par
|
|upkeep
|turn|84
|
|t:|1685882406
|move|p1a: Baxcalibur|Dragon Dance|p1a: Baxcalibur
|-boost|p1a: Baxcalibur|atk|1
|-boost|p1a: Baxcalibur|spe|1
|move|p2a: Magearna|Draining Kiss|p1a: Baxcalibur
|-supereffective|p1a: Baxcalibur
|-crit|p1a: Baxcalibur
|-end|p1a: Baxcalibur|Substitute
|-heal|p2a: Magearna|51/100 par|[from] drain|[of] p1a: Baxcalibur
|
|upkeep
|turn|85
|
|t:|1685882417
|move|p1a: Baxcalibur|Substitute|p1a: Baxcalibur
|-start|p1a: Baxcalibur|Substitute
|-damage|p1a: Baxcalibur|76/100
|move|p2a: Magearna|Draining Kiss|p1a: Baxcalibur
|-supereffective|p1a: Baxcalibur
|-end|p1a: Baxcalibur|Substitute
|-heal|p2a: Magearna|70/100 par|[from] drain|[of] p1a: Baxcalibur
|
|-heal|p1a: Baxcalibur|82/100|[from] item: Leftovers
|upkeep
|turn|86
|
|t:|1685882427
|move|p1a: Baxcalibur|Substitute|p1a: Baxcalibur
|-start|p1a: Baxcalibur|Substitute
|-damage|p1a: Baxcalibur|57/100
|cant|p2a: Magearna|par
|
|-heal|p1a: Baxcalibur|63/100|[from] item: Leftovers
|upkeep
|turn|87
|
|t:|1685882435
|move|p1a: Baxcalibur|Icicle Crash|p2a: Magearna
|-supereffective|p2a: Magearna
|-damage|p2a: Magearna|0 fnt
|faint|p2a: Magearna
|
|-heal|p1a: Baxcalibur|70/100|[from] item: Leftovers
|upkeep
|
|t:|1685882447
|switch|p2a: Great Tusk|Great Tusk|100/100
|turn|88
|
|t:|1685882452
|move|p1a: Baxcalibur|Glaive Rush|p2a: Great Tusk
|-damage|p2a: Great Tusk|9/100
|-singlemove|p1a: Baxcalibur|Glaive Rush|[silent]
|move|p2a: Great Tusk|Earthquake|p1a: Baxcalibur
|-end|p1a: Baxcalibur|Substitute
|
|-heal|p1a: Baxcalibur|76/100|[from] item: Leftovers
|-heal|p2a: Great Tusk|15/100|[from] item: Leftovers
|upkeep
|turn|89
|
|t:|1685882464
|move|p1a: Baxcalibur|Glaive Rush|p2a: Great Tusk
|-damage|p2a: Great Tusk|0 fnt
|-singlemove|p1a: Baxcalibur|Glaive Rush|[silent]
|faint|p2a: Great Tusk
|-end|p2a: Great Tusk|Protosynthesis|[silent]
|
|-heal|p1a: Baxcalibur|82/100|[from] item: Leftovers
|upkeep
|
|t:|1685882473
|switch|p2a: Amoonguss|Amoonguss, M|63/100
|turn|90
|
|t:|1685882477
|move|p1a: Baxcalibur|Substitute|p1a: Baxcalibur
|-start|p1a: Baxcalibur|Substitute
|-damage|p1a: Baxcalibur|57/100
|move|p2a: Amoonguss|Spore||[still]
|-fail|p2a: Amoonguss
|
|-heal|p1a: Baxcalibur|63/100|[from] item: Leftovers
|upkeep
|turn|91
|
|t:|1685882485
|move|p1a: Baxcalibur|Icicle Crash|p2a: Amoonguss
|-supereffective|p2a: Amoonguss
|-damage|p2a: Amoonguss|0 fnt
|faint|p2a: Amoonguss
|
|-heal|p1a: Baxcalibur|70/100|[from] item: Leftovers
|upkeep
|n|!misszebra|misszebra
|-message|misszebra forfeited.
|
|win|Capita enciam
|raw|Capita enciam's rating: 1224 → 1254(+30 for winning)
|raw|misszebra's rating: 1290 → 1260(-30 for losing)
|l|!misszebra
