|j|☆CapnTophat
|j|☆gotsnsd
|t:|1685917576
|gametype|singles
|player|p1|CapnTophat|steven|1484
|player|p2|gotsnsd|beauty-gen2jp|1568
|teamsize|p1|6
|teamsize|p2|6
|gen|9
|tier|[Gen 9] OU
|rated|
|rule|Sleep Clause Mod: Limit one foe put to sleep
|rule|Species Clause: Limit one of each Pokémon
|rule|OHKO Clause: OHKO moves are banned
|rule|Evasion Items Clause: Evasion items are banned
|rule|Evasion Moves Clause: Evasion moves are banned
|rule|Endless Battle Clause: Forcing endless battles is banned
|rule|HP Percentage Mod: HP is shown in percentages
|clearpoke
|poke|p1|Basculegion-F, F|
|poke|p1|Pelipper, F|
|poke|p1|Thundurus-Therian, M|
|poke|p1|Urshifu-*, F|
|poke|p1|Samurott-Hisui, M|
|poke|p1|Talonflame, M|
|poke|p2|Hoopa-Unbound|
|poke|p2|Great Tusk|
|poke|p2|Zapdos|
|poke|p2|Slowking-Galar, F|
|poke|p2|Zamazenta-*|
|poke|p2|Dragapult, M|
|teampreview
|inactive|Battle timer is ON: inactive players will automatically lose when time's up. (requested by CapnTophat)
|
|t:|1685917605
|start
|switch|p1a: Pelipper|Pelipper, F|100/100
|switch|p2a: Dragapult|Dragapult, M|100/100
|-weather|RainDance|[from] ability: Drizzle|[of] p1a: Pelipper
|turn|1
|
|t:|1685917611
|move|p2a: Dragapult|Will-O-Wisp|p1a: Pelipper|[miss]
|-miss|p2a: Dragapult|p1a: Pelipper
|move|p1a: Pelipper|U-turn|p2a: Dragapult
|-resisted|p2a: Dragapult
|-damage|p2a: Dragapult|95/100
|
|t:|1685917622
|switch|p1a: Basculegion|Basculegion-F, F|100/100|[from] U-turn
|
|-weather|RainDance|[upkeep]
|-heal|p2a: Dragapult|100/100|[from] item: Leftovers
|upkeep
|turn|2
|
|t:|1685917628
|switch|p2a: Zapdos|Zapdos|100/100
|move|p1a: Basculegion|Shadow Ball|p2a: Zapdos
|-damage|p2a: Zapdos|31/100
|
|-weather|RainDance|[upkeep]
|upkeep
|turn|3
|
|t:|1685917639
|switch|p2a: Great Tusk|Great Tusk|100/100
|move|p1a: Basculegion|Shadow Ball|p2a: Great Tusk
|-damage|p2a: Great Tusk|26/100
|
|-weather|RainDance|[upkeep]
|-heal|p2a: Great Tusk|32/100|[from] item: Leftovers
|upkeep
|turn|4
|
|t:|1685917645
|move|p1a: Basculegion|Shadow Ball|p2a: Great Tusk
|-damage|p2a: Great Tusk|0 fnt
|faint|p2a: Great Tusk
|-end|p2a: Great Tusk|Protosynthesis|[silent]
|
|-weather|RainDance|[upkeep]
|upkeep
|
|t:|1685917648
|switch|p2a: Hoopa|Hoopa-Unbound|100/100
|turn|5
|
|t:|1685917656
|switch|p1a: Samurott|Samurott-Hisui, M|100/100
|move|p2a: Hoopa|Zen Headbutt|p1a: Samurott
|-immune|p1a: Samurott
|
|-weather|RainDance|[upkeep]
|upkeep
|turn|6
|
|t:|1685917661
|switch|p2a: Zapdos|Zapdos|31/100
|move|p1a: Samurott|Aqua Cutter|p2a: Zapdos
|-crit|p2a: Zapdos
|-damage|p2a: Zapdos|0 fnt
|faint|p2a: Zapdos
|
|-weather|RainDance|[upkeep]
|upkeep
|
|t:|1685917667
|switch|p2a: Zamazenta|Zamazenta|100/100
|-ability|p2a: Zamazenta|Dauntless Shield|boost
|-boost|p2a: Zamazenta|def|1
|turn|7
|
|t:|1685917669
|switch|p1a: Talonflame|Talonflame, M|100/100
|move|p2a: Zamazenta|Substitute|p2a: Zamazenta
|-start|p2a: Zamazenta|Substitute
|-damage|p2a: Zamazenta|76/100
|
|-weather|RainDance|[upkeep]
|-heal|p2a: Zamazenta|82/100|[from] item: Leftovers
|upkeep
|turn|8
|
|t:|1685917675
|switch|p2a: Slowking|Slowking-Galar, F|100/100
|move|p1a: Talonflame|Hurricane|p2a: Slowking
|-damage|p2a: Slowking|82/100
|-start|p2a: Slowking|confusion
|
|-weather|none
|upkeep
|turn|9
|
|t:|1685917680
|move|p1a: Talonflame|Will-O-Wisp|p2a: Slowking
|-status|p2a: Slowking|brn
|-activate|p2a: Slowking|confusion
|move|p2a: Slowking|Future Sight|p1a: Talonflame
|-start|p2a: Slowking|move: Future Sight
|
|-damage|p2a: Slowking|76/100 brn|[from] brn
|upkeep
|turn|10
|
|t:|1685917683
|switch|p1a: Samurott|Samurott-Hisui, M|100/100
|-activate|p2a: Slowking|confusion
|move|p2a: Slowking|Thunder Wave|p1a: Samurott
|-status|p1a: Samurott|par
|
|-damage|p2a: Slowking|70/100 brn|[from] brn
|upkeep
|turn|11
|
|t:|1685917691
|switch|p2a: Zamazenta|Zamazenta|82/100
|move|p1a: Samurott|Ceaseless Edge|p2a: Zamazenta
|-resisted|p2a: Zamazenta
|-damage|p2a: Zamazenta|65/100
|-sidestart|p2: gotsnsd|Spikes
|
|-end|p1a: Samurott|move: Future Sight
|-immune|p1a: Samurott
|-heal|p2a: Zamazenta|71/100|[from] item: Leftovers
|upkeep
|turn|12
|
|t:|1685917697
|switch|p2a: Slowking|Slowking-Galar, F|100/100 brn
|switch|p1a: Thundurus|Thundurus-Therian, M|100/100
|
|-damage|p2a: Slowking|94/100 brn|[from] brn
|upkeep
|turn|13
|
|t:|1685917702
|move|p1a: Thundurus|Nasty Plot|p1a: Thundurus
|-boost|p1a: Thundurus|spa|2
|move|p2a: Slowking|Chilly Reception|p2a: Slowking
|-weather|Snow
|
|t:|1685917711
|switch|p2a: Dragapult|Dragapult, M|100/100|[from] Chilly Reception
|-damage|p2a: Dragapult|88/100|[from] Spikes
|
|-weather|Snow|[upkeep]
|-heal|p2a: Dragapult|94/100|[from] item: Leftovers
|upkeep
|turn|14
|
|t:|1685917716
|move|p2a: Dragapult|Dragon Darts|p1a: Thundurus
|-damage|p1a: Thundurus|71/100
|-anim|p2a: Dragapult|Dragon Darts|p1a: Thundurus
|-damage|p1a: Thundurus|43/100
|move|p1a: Thundurus|Discharge|p2a: Dragapult
|-resisted|p2a: Dragapult
|-damage|p2a: Dragapult|22/100
|-status|p2a: Dragapult|par
|
|-weather|Snow|[upkeep]
|-heal|p2a: Dragapult|28/100 par|[from] item: Leftovers
|upkeep
|turn|15
|
|t:|1685917723
|move|p1a: Thundurus|Discharge|p2a: Dragapult
|-resisted|p2a: Dragapult
|-damage|p2a: Dragapult|0 fnt
|faint|p2a: Dragapult
|
|-weather|Snow|[upkeep]
|upkeep
|
|t:|1685917725
|switch|p2a: Slowking|Slowking-Galar, F|100/100 brn
|turn|16
|
|t:|1685917728
|move|p1a: Thundurus|Discharge|p2a: Slowking
|-damage|p2a: Slowking|46/100 brn
|move|p2a: Slowking|Sludge Bomb|p1a: Thundurus
|-damage|p1a: Thundurus|0 fnt
|faint|p1a: Thundurus
|
|-weather|Snow|[upkeep]
|-damage|p2a: Slowking|40/100 brn|[from] brn
|upkeep
|
|t:|1685917733
|switch|p1a: Urshifu|Urshifu-Rapid-Strike, F|100/100
|turn|17
|
|t:|1685917741
|move|p1a: Urshifu|Surging Strikes|p2a: Slowking
|-crit|p2a: Slowking
|-damage|p2a: Slowking|19/100 brn
|-crit|p2a: Slowking
|-damage|p2a: Slowking|0 fnt
|faint|p2a: Slowking
|-hitcount|p2: Slowking|2
|
|-weather|none
|upkeep
|
|t:|1685917743
|switch|p2a: Zamazenta|Zamazenta|71/100
|-damage|p2a: Zamazenta|58/100|[from] Spikes
|turn|18
|
|t:|1685917751
|move|p2a: Zamazenta|Substitute|p2a: Zamazenta
|-start|p2a: Zamazenta|Substitute
|-damage|p2a: Zamazenta|34/100
|move|p1a: Urshifu|Surging Strikes|p2a: Zamazenta
|-crit|p2a: Zamazenta
|-activate|p2a: Zamazenta|move: Substitute|[damage]
|-crit|p2a: Zamazenta
|-end|p2a: Zamazenta|Substitute
|-crit|p2a: Zamazenta
|-damage|p2a: Zamazenta|17/100
|-hitcount|p2a: Zamazenta|3
|
|-heal|p2a: Zamazenta|23/100|[from] item: Leftovers
|upkeep
|turn|19
|
|t:|1685917755
|move|p2a: Zamazenta|Body Press|p1a: Urshifu
|-damage|p1a: Urshifu|61/100
|move|p1a: Urshifu|Surging Strikes|p2a: Zamazenta
|-crit|p2a: Zamazenta
|-damage|p2a: Zamazenta|5/100
|-crit|p2a: Zamazenta
|-damage|p2a: Zamazenta|0 fnt
|faint|p2a: Zamazenta
|-hitcount|p2: Zamazenta|2
|
|upkeep
|
|t:|1685917757
|switch|p2a: Hoopa|Hoopa-Unbound|100/100
|-damage|p2a: Hoopa|88/100|[from] Spikes
|turn|20
|-message|gotsnsd forfeited.
|
|win|CapnTophat
|raw|CapnTophat's rating: 1484 → 1509(+25 for winning)
|raw|gotsnsd's rating: 1568 → 1543(-25 for losing)
|l|☆gotsnsd
