|j|☆SICKSICKBOY
|j|☆Hror
|t:|1685840057
|gametype|singles
|player|p1|SICKSICKBOY|cynthia-anime2|
|player|p2|Hror|wattson|
|teamsize|p1|6
|teamsize|p2|6
|gen|9
|tier|[Gen 9] OU
|rule|Sleep Clause Mod: Limit one foe put to sleep
|rule|Species Clause: Limit one of each Pokémon
|rule|OHKO Clause: OHKO moves are banned
|rule|Evasion Items Clause: Evasion items are banned
|rule|Evasion Moves Clause: Evasion moves are banned
|rule|Endless Battle Clause: Forcing endless battles is banned
|rule|HP Percentage Mod: HP is shown in percentages
|clearpoke
|poke|p1|Pelipper, F|
|poke|p1|Floatzel, F|
|poke|p1|Scream Tail|
|poke|p1|Zangoose, M|
|poke|p1|Goodra, M|
|poke|p1|Magneton|
|poke|p2|Mimikyu, F|
|poke|p2|Arcanine, M|
|poke|p2|Decidueye, M|
|poke|p2|Quagsire, F|
|poke|p2|Goodra, F|
|poke|p2|Iron Hands|
|teampreview
|c|☆Hror|glhf!
|
|t:|1685840082
|start
|switch|p1a: Juan Debiedma|Scream Tail, shiny|100/100
|switch|p2a: Gilgamesh|Quagsire, F|100/100
|turn|1
|
|t:|1685840111
|move|p1a: Juan Debiedma|Trick|p2a: Gilgamesh
|-activate|p1a: Juan Debiedma|move: Trick|[of] p2a: Gilgamesh
|-item|p2a: Gilgamesh|Flame Orb|[from] move: Trick
|-item|p1a: Juan Debiedma|Leftovers|[from] move: Trick
|move|p2a: Gilgamesh|Stealth Rock|p1a: Juan Debiedma
|-sidestart|p1: SICKSICKBOY|move: Stealth Rock
|
|-status|p2a: Gilgamesh|brn|[from] item: Flame Orb
|upkeep
|turn|2
|j| johngalt149
|
|t:|1685840121
|move|p1a: Juan Debiedma|Stealth Rock|p2a: Gilgamesh
|-sidestart|p2: Hror|move: Stealth Rock
|move|p2a: Gilgamesh|Toxic|p1a: Juan Debiedma
|-status|p1a: Juan Debiedma|tox
|
|-damage|p1a: Juan Debiedma|94/100 tox|[from] psn
|-damage|p2a: Gilgamesh|94/100 brn|[from] brn
|upkeep
|turn|3
|j| Bugsileus
|
|t:|1685840150
|-end|p1a: Juan Debiedma|Protosynthesis|[silent]
|switch|p1a: Mongoose|Zangoose, M|100/100
|-damage|p1a: Mongoose|88/100|[from] Stealth Rock
|switch|p2a: Utnapishtim|Decidueye, M|100/100
|
|-status|p1a: Mongoose|tox|[from] item: Toxic Orb
|upkeep
|turn|4
|
|t:|1685840174
|move|p1a: Mongoose|Night Slash|p2a: Utnapishtim
|-supereffective|p2a: Utnapishtim
|-damage|p2a: Utnapishtim|13/100
|move|p2a: Utnapishtim|Leaf Blade|p1a: Mongoose
|-damage|p1a: Mongoose|33/100 tox
|
|-damage|p1a: Mongoose|26/100 tox|[from] psn
|upkeep
|turn|5
|
|t:|1685840199
|switch|p2a: Gilgamesh|Quagsire, F|94/100 brn
|-damage|p2a: Gilgamesh|88/100 brn|[from] Stealth Rock
|move|p1a: Mongoose|Night Slash|p2a: Gilgamesh
|-crit|p2a: Gilgamesh
|-damage|p2a: Gilgamesh|35/100 brn
|
|-damage|p1a: Mongoose|14/100 tox|[from] psn
|-damage|p2a: Gilgamesh|29/100 brn|[from] brn
|upkeep
|turn|6
|c|☆Hror|lord almighty
|
|t:|1685840214
|move|p1a: Mongoose|Seed Bomb|p2a: Gilgamesh
|-supereffective|p2a: Gilgamesh
|-damage|p2a: Gilgamesh|0 fnt
|faint|p2a: Gilgamesh
|
|-damage|p1a: Mongoose|0 fnt|[from] psn
|faint|p1a: Mongoose
|upkeep
|
|t:|1685840231
|switch|p1a: how do they work|Magneton|100/100
|switch|p2a: Humbaba|Iron Hands, shiny|100/100
|-damage|p1a: how do they work|95/100|[from] Stealth Rock
|-damage|p2a: Humbaba|94/100|[from] Stealth Rock
|turn|7
|
|t:|1685840240
|move|p1a: how do they work|Volt Switch|p2a: Humbaba
|-resisted|p2a: Humbaba
|-damage|p2a: Humbaba|74/100
|
|t:|1685840248
|switch|p1a: Juan Debiedma|Scream Tail, shiny|94/100 tox|[from] Volt Switch
|-damage|p1a: Juan Debiedma|82/100 tox|[from] Stealth Rock
|move|p2a: Humbaba|Swords Dance|p2a: Humbaba
|-boost|p2a: Humbaba|atk|2
|
|-heal|p1a: Juan Debiedma|88/100 tox|[from] item: Leftovers
|-heal|p2a: Humbaba|80/100|[from] item: Leftovers
|-damage|p1a: Juan Debiedma|82/100 tox|[from] psn
|upkeep
|turn|8
|
|t:|1685840259
|move|p1a: Juan Debiedma|Psychic|p2a: Humbaba
|-supereffective|p2a: Humbaba
|-damage|p2a: Humbaba|34/100
|move|p2a: Humbaba|Heavy Slam|p1a: Juan Debiedma
|-supereffective|p1a: Juan Debiedma
|-damage|p1a: Juan Debiedma|0 fnt
|faint|p1a: Juan Debiedma
|-end|p1a: Juan Debiedma|Protosynthesis|[silent]
|
|-heal|p2a: Humbaba|40/100|[from] item: Leftovers
|upkeep
|
|t:|1685840293
|switch|p1a: Albatross|Pelipper, F|100/100
|-damage|p1a: Albatross|76/100|[from] Stealth Rock
|-weather|RainDance|[from] ability: Drizzle|[of] p1a: Albatross
|turn|9
|
|t:|1685840305
|-end|p2a: Humbaba|Quark Drive|[silent]
|switch|p2a: Ishtar|Goodra, F|100/100
|-damage|p2a: Ishtar|88/100|[from] Stealth Rock
|move|p1a: Albatross|Hurricane|p2a: Ishtar
|-damage|p2a: Ishtar|49/100
|
|-weather|RainDance|[upkeep]
|upkeep
|turn|10
|
|t:|1685840324
|switch|p1a: how do they work|Magneton|95/100
|-damage|p1a: how do they work|89/100|[from] Stealth Rock
|move|p2a: Ishtar|Draco Meteor|p1a: how do they work
|-resisted|p1a: how do they work
|-damage|p1a: how do they work|57/100
|-unboost|p2a: Ishtar|spa|2
|
|-weather|RainDance|[upkeep]
|upkeep
|turn|11
|
|t:|1685840346
|switch|p2a: Humbaba|Iron Hands, shiny|40/100
|-damage|p2a: Humbaba|34/100|[from] Stealth Rock
|move|p1a: how do they work|Thunder|p2a: Humbaba
|-resisted|p2a: Humbaba
|-damage|p2a: Humbaba|4/100
|
|-weather|RainDance|[upkeep]
|-heal|p2a: Humbaba|11/100|[from] item: Leftovers
|upkeep
|turn|12
|
|t:|1685840356
|move|p1a: how do they work|Thunder|p2a: Humbaba
|-resisted|p2a: Humbaba
|-crit|p2a: Humbaba
|-damage|p2a: Humbaba|0 fnt
|faint|p2a: Humbaba
|-end|p2a: Humbaba|Quark Drive|[silent]
|
|-weather|RainDance|[upkeep]
|upkeep
|
|t:|1685840423
|switch|p2a: Ishtar|Goodra, F|49/100
|-damage|p2a: Ishtar|36/100|[from] Stealth Rock
|turn|13
|
|t:|1685840454
|move|p2a: Ishtar|Draco Meteor|p1a: how do they work
|-resisted|p1a: how do they work
|-damage|p1a: how do they work|26/100
|-unboost|p2a: Ishtar|spa|2
|move|p1a: how do they work|Flash Cannon|p2a: Ishtar
|-damage|p2a: Ishtar|6/100
|
|-weather|none
|upkeep
|turn|14
|j| glumpbumpin
|
|t:|1685840477
|move|p2a: Ishtar|Draco Meteor|p1a: how do they work
|-resisted|p1a: how do they work
|-damage|p1a: how do they work|10/100
|-unboost|p2a: Ishtar|spa|2
|move|p1a: how do they work|Volt Switch|p2a: Ishtar
|-resisted|p2a: Ishtar
|-damage|p2a: Ishtar|0 fnt
|faint|p2a: Ishtar
|
|t:|1685840490
|switch|p1a: Albatross|Pelipper, F|76/100|[from] Volt Switch
|-damage|p1a: Albatross|51/100|[from] Stealth Rock
|-weather|RainDance|[from] ability: Drizzle|[of] p1a: Albatross
|
|-weather|RainDance|[upkeep]
|upkeep
|
|t:|1685840535
|switch|p2a: Shamhat|Mimikyu, F|100/100
|-damage|p2a: Shamhat|88/100|[from] Stealth Rock
|turn|15
|
|t:|1685840551
|move|p1a: Albatross|Chilling Water|p2a: Shamhat
|-activate|p2a: Shamhat|ability: Disguise
|-damage|p2a: Shamhat|88/100
|-unboost|p2a: Shamhat|atk|1
|detailschange|p2a: Shamhat|Mimikyu-Busted, F
|-damage|p2a: Shamhat|76/100|[from] pokemon: Mimikyu-Busted
|move|p2a: Shamhat|Play Rough|p1a: Albatross
|-damage|p1a: Albatross|11/100
|-damage|p2a: Shamhat|66/100|[from] item: Life Orb
|
|-weather|RainDance|[upkeep]
|upkeep
|turn|16
|
|t:|1685840566
|move|p2a: Shamhat|Shadow Sneak|p1a: Albatross
|-damage|p1a: Albatross|0 fnt
|faint|p1a: Albatross
|-damage|p2a: Shamhat|56/100|[from] item: Life Orb
|
|-weather|RainDance|[upkeep]
|upkeep
|j| YO0O
|
|t:|1685840581
|switch|p1a: Slug|Goodra, M|100/100
|-damage|p1a: Slug|88/100|[from] Stealth Rock
|turn|17
|
|t:|1685840629
|-terastallize|p1a: Slug|Grass
|move|p2a: Shamhat|Play Rough|p1a: Slug
|-damage|p1a: Slug|54/100
|-damage|p2a: Shamhat|47/100|[from] item: Life Orb
|move|p1a: Slug|Tera Blast|p2a: Shamhat
|-damage|p2a: Shamhat|0 fnt
|faint|p2a: Shamhat
|
|-weather|RainDance|[upkeep]
|-heal|p1a: Slug|60/100|[from] item: Leftovers
|upkeep
|
|t:|1685840643
|switch|p2a: Utnapishtim|Decidueye, M|13/100
|turn|18
|
|t:|1685840662
|move|p2a: Utnapishtim|Spirit Shackle|p1a: Slug
|-damage|p1a: Slug|26/100
|-activate|p1a: Slug|trapped
|move|p1a: Slug|Dragon Pulse|p2a: Utnapishtim
|-damage|p2a: Utnapishtim|0 fnt
|faint|p2a: Utnapishtim
|
|-weather|none
|-heal|p1a: Slug|32/100|[from] item: Leftovers
|upkeep
|
|t:|1685840671
|switch|p2a: Enkidu|Arcanine, M|100/100
|-damage|p2a: Enkidu|76/100|[from] Stealth Rock
|-ability|p2a: Enkidu|Intimidate|boost
|-unboost|p1a: Slug|atk|1
|turn|19
|
|t:|1685840678
|-terastallize|p2a: Enkidu|Normal
|move|p2a: Enkidu|Extreme Speed|p1a: Slug
|-damage|p1a: Slug|0 fnt
|faint|p1a: Slug
|
|upkeep
|
|t:|1685840684
|switch|p1a: Weasle|Floatzel, F|100/100
|-damage|p1a: Weasle|88/100|[from] Stealth Rock
|turn|20
|
|t:|1685840688
|move|p2a: Enkidu|Extreme Speed|p1a: Weasle
|-damage|p1a: Weasle|7/100
|move|p1a: Weasle|Wave Crash|p2a: Enkidu
|-damage|p2a: Enkidu|0 fnt
|faint|p2a: Enkidu
|-damage|p1a: Weasle|0 fnt|[from] Recoil
|faint|p1a: Weasle
|
|win|SICKSICKBOY
|c|☆SICKSICKBOY|gg
|c|☆Hror|gg
