|j|☆Tokumaru
|j|☆PLAYB0I R0BBIE B
|t:|1685923332
|gametype|singles
|player|p1|Tokumaru|zinzolin|1385
|player|p2|PLAYB0I R0BBIE B|pokemonranger-gen4|1399
|teamsize|p1|6
|teamsize|p2|6
|gen|9
|tier|[Gen 9] OU
|rated|
|rule|Sleep Clause Mod: Limit one foe put to sleep
|rule|Species Clause: Limit one of each Pokémon
|rule|OHKO Clause: OHKO moves are banned
|rule|Evasion Items Clause: Evasion items are banned
|rule|Evasion Moves Clause: Evasion moves are banned
|rule|Endless Battle Clause: Forcing endless battles is banned
|rule|HP Percentage Mod: HP is shown in percentages
|clearpoke
|poke|p1|Chien-Pao|
|poke|p1|Zamazenta-*|
|poke|p1|Urshifu-*, M|
|poke|p1|Landorus-Therian, M|
|poke|p1|Skeledirge, M|
|poke|p1|Hatterene, F|
|poke|p2|Samurott-Hisui, M|
|poke|p2|Landorus-Therian, M|
|poke|p2|Dragapult, F|
|poke|p2|Sneasler, F|
|poke|p2|Gholdengo|
|poke|p2|Magearna|
|teampreview
|
|t:|1685923353
|start
|switch|p1a: Chien-Pao|Chien-Pao|100/100
|switch|p2a: Landorus|Landorus-Therian, M|100/100
|-ability|p1a: Chien-Pao|Sword of Ruin
|-ability|p2a: Landorus|Intimidate|boost
|-unboost|p1a: Chien-Pao|atk|1
|turn|1
|inactive|Battle timer is ON: inactive players will automatically lose when time's up. (requested by Tokumaru)
|
|t:|1685923366
|switch|p2a: Samurott|Samurott-Hisui, M|100/100
|move|p1a: Chien-Pao|Swords Dance|p1a: Chien-Pao
|-boost|p1a: Chien-Pao|atk|2
|
|upkeep
|turn|2
|
|t:|1685923374
|move|p1a: Chien-Pao|Sacred Sword|p2a: Samurott
|-supereffective|p2a: Samurott
|-damage|p2a: Samurott|0 fnt
|faint|p2a: Samurott
|
|upkeep
|
|t:|1685923379
|switch|p2a: Landorus|Landorus-Therian, M|100/100
|-ability|p2a: Landorus|Intimidate|boost
|-unboost|p1a: Chien-Pao|atk|1
|turn|3
|
|t:|1685923384
|move|p1a: Chien-Pao|Swords Dance|p1a: Chien-Pao
|-boost|p1a: Chien-Pao|atk|2
|move|p2a: Landorus|U-turn|p1a: Chien-Pao
|-supereffective|p1a: Chien-Pao
|-damage|p1a: Chien-Pao|38/100
|
|t:|1685923388
|switch|p2a: Sneasler|Sneasler, F|100/100|[from] U-turn
|
|upkeep
|turn|4
|
|t:|1685923395
|move|p2a: Sneasler|Dire Claw|p1a: Chien-Pao
|-damage|p1a: Chien-Pao|0 fnt
|faint|p1a: Chien-Pao
|
|upkeep
|
|t:|1685923400
|switch|p1a: Landorus|Landorus-Therian, M|100/100
|-ability|p1a: Landorus|Intimidate|boost
|-unboost|p2a: Sneasler|atk|1
|turn|5
|
|t:|1685923407
|switch|p2a: Landorus|Landorus-Therian, M|100/100
|-ability|p2a: Landorus|Intimidate|boost
|-unboost|p1a: Landorus|atk|1
|move|p1a: Landorus|Swords Dance|p1a: Landorus
|-boost|p1a: Landorus|atk|2
|
|upkeep
|turn|6
|
|t:|1685923413
|move|p1a: Landorus|Smack Down|p2a: Landorus
|-damage|p2a: Landorus|80/100
|-start|p2a: Landorus|Smack Down
|move|p2a: Landorus|Stone Edge|p1a: Landorus
|-damage|p1a: Landorus|64/100
|
|-heal|p1a: Landorus|70/100|[from] item: Leftovers
|upkeep
|turn|7
|
|t:|1685923419
|move|p1a: Landorus|Earthquake|p2a: Landorus
|-damage|p2a: Landorus|19/100
|move|p2a: Landorus|U-turn|p1a: Landorus
|-resisted|p1a: Landorus
|-damage|p1a: Landorus|58/100
|
|t:|1685923435
|switch|p2a: Magearna|Magearna|100/100|[from] U-turn
|
|-heal|p1a: Landorus|64/100|[from] item: Leftovers
|upkeep
|turn|8
|
|t:|1685923441
|-terastallize|p2a: Magearna|Water
|move|p1a: Landorus|Earthquake|p2a: Magearna
|-damage|p2a: Magearna|19/100
|move|p2a: Magearna|Shift Gear|p2a: Magearna
|-boost|p2a: Magearna|spe|2
|-boost|p2a: Magearna|atk|1
|
|-heal|p2a: Magearna|25/100|[from] item: Leftovers
|-heal|p1a: Landorus|69/100|[from] item: Leftovers
|upkeep
|turn|9
|
|t:|1685923447
|move|p2a: Magearna|Draining Kiss|p1a: Landorus
|-damage|p1a: Landorus|33/100
|-heal|p2a: Magearna|54/100|[from] drain|[of] p1a: Landorus
|move|p1a: Landorus|Smack Down|p2a: Magearna
|-damage|p2a: Magearna|26/100
|
|-heal|p2a: Magearna|32/100|[from] item: Leftovers
|-heal|p1a: Landorus|39/100|[from] item: Leftovers
|upkeep
|turn|10
|
|t:|1685923451
|move|p2a: Magearna|Draining Kiss|p1a: Landorus
|-damage|p1a: Landorus|1/100
|-heal|p2a: Magearna|63/100|[from] drain|[of] p1a: Landorus
|move|p1a: Landorus|Earthquake|p2a: Magearna
|-damage|p2a: Magearna|0 fnt
|faint|p2a: Magearna
|
|-heal|p1a: Landorus|7/100|[from] item: Leftovers
|upkeep
|
|t:|1685923469
|switch|p2a: Sneasler|Sneasler, F|100/100
|turn|11
|
|t:|1685923484
|switch|p1a: Skeledirge|Skeledirge, M|100/100
|move|p2a: Sneasler|Dire Claw|p1a: Skeledirge
|-resisted|p1a: Skeledirge
|-damage|p1a: Skeledirge|82/100
|-status|p1a: Skeledirge|psn|[from] ability: Poison Touch|[of] p2a: Sneasler
|
|-heal|p1a: Skeledirge|88/100 psn|[from] item: Leftovers
|-damage|p1a: Skeledirge|76/100 psn|[from] psn
|upkeep
|turn|12
|
|t:|1685923493
|switch|p2a: Landorus|Landorus-Therian, M|19/100
|-ability|p2a: Landorus|Intimidate|boost
|-unboost|p1a: Skeledirge|atk|1
|move|p1a: Skeledirge|Will-O-Wisp|p2a: Landorus
|-status|p2a: Landorus|brn
|
|-heal|p1a: Skeledirge|82/100 psn|[from] item: Leftovers
|-damage|p1a: Skeledirge|69/100 psn|[from] psn
|-damage|p2a: Landorus|13/100 brn|[from] brn
|upkeep
|turn|13
|
|t:|1685923500
|move|p2a: Landorus|Earthquake|p1a: Skeledirge
|-supereffective|p1a: Skeledirge
|-damage|p1a: Skeledirge|27/100 psn
|move|p1a: Skeledirge|Hex|p2a: Landorus
|-damage|p2a: Landorus|0 fnt
|faint|p2a: Landorus
|
|-heal|p1a: Skeledirge|33/100 psn|[from] item: Leftovers
|-damage|p1a: Skeledirge|21/100 psn|[from] psn
|upkeep
|
|t:|1685923503
|switch|p2a: Dragapult|Dragapult, F|100/100
|turn|14
|
|t:|1685923507
|move|p2a: Dragapult|Hex|p1a: Skeledirge
|-supereffective|p1a: Skeledirge
|-damage|p1a: Skeledirge|0 fnt
|faint|p1a: Skeledirge
|
|upkeep
|
|t:|1685923510
|switch|p1a: Zamazenta|Zamazenta-Crowned|100/100
|-ability|p1a: Zamazenta|Dauntless Shield|boost
|-boost|p1a: Zamazenta|def|1
|turn|15
|
|t:|1685923515
|move|p2a: Dragapult|Will-O-Wisp|p1a: Zamazenta
|-status|p1a: Zamazenta|brn
|move|p1a: Zamazenta|Crunch|p2a: Dragapult
|-supereffective|p2a: Dragapult
|-damage|p2a: Dragapult|73/100
|
|-damage|p1a: Zamazenta|94/100 brn|[from] brn
|upkeep
|turn|16
|
|t:|1685923521
|move|p2a: Dragapult|U-turn|p1a: Zamazenta
|-resisted|p1a: Zamazenta
|-damage|p1a: Zamazenta|92/100 brn
|
|t:|1685923523
|switch|p2a: Sneasler|Sneasler, F|100/100|[from] U-turn
|move|p1a: Zamazenta|Iron Defense|p1a: Zamazenta
|-boost|p1a: Zamazenta|def|2
|
|-damage|p1a: Zamazenta|86/100 brn|[from] brn
|upkeep
|turn|17
|
|t:|1685923532
|move|p2a: Sneasler|Switcheroo||[still]
|-fail|p2a: Sneasler
|move|p1a: Zamazenta|Iron Defense|p1a: Zamazenta
|-boost|p1a: Zamazenta|def|2
|
|-damage|p1a: Zamazenta|80/100 brn|[from] brn
|upkeep
|turn|18
|
|t:|1685923540
|switch|p2a: Gholdengo|Gholdengo|100/100
|move|p1a: Zamazenta|Crunch|p2a: Gholdengo
|-supereffective|p2a: Gholdengo
|-damage|p2a: Gholdengo|78/100
|
|-damage|p1a: Zamazenta|74/100 brn|[from] brn
|upkeep
|turn|19
|
|t:|1685923561
|move|p1a: Zamazenta|Crunch|p2a: Gholdengo
|-supereffective|p2a: Gholdengo
|-damage|p2a: Gholdengo|59/100
|move|p2a: Gholdengo|Nasty Plot|p2a: Gholdengo
|-boost|p2a: Gholdengo|spa|2
|
|-damage|p1a: Zamazenta|67/100 brn|[from] brn
|upkeep
|turn|20
|
|t:|1685923566
|move|p1a: Zamazenta|Crunch|p2a: Gholdengo
|-supereffective|p2a: Gholdengo
|-damage|p2a: Gholdengo|39/100
|move|p2a: Gholdengo|Recover|p2a: Gholdengo
|-heal|p2a: Gholdengo|89/100
|
|-damage|p1a: Zamazenta|61/100 brn|[from] brn
|upkeep
|turn|21
|
|t:|1685923574
|switch|p1a: Hatterene|Hatterene, F|100/100
|move|p2a: Gholdengo|Shadow Ball|p1a: Hatterene
|-supereffective|p1a: Hatterene
|-damage|p1a: Hatterene|0 fnt
|faint|p1a: Hatterene
|
|upkeep
|
|t:|1685923578
|switch|p1a: Urshifu|Urshifu-Rapid-Strike, M|100/100
|turn|22
|
|t:|1685923583
|move|p1a: Urshifu|Surging Strikes|p2a: Gholdengo
|-crit|p2a: Gholdengo
|-damage|p2a: Gholdengo|67/100
|-crit|p2a: Gholdengo
|-damage|p2a: Gholdengo|47/100
|-crit|p2a: Gholdengo
|-damage|p2a: Gholdengo|25/100
|-hitcount|p2a: Gholdengo|3
|move|p2a: Gholdengo|Shadow Ball|p1a: Urshifu
|-damage|p1a: Urshifu|0 fnt
|faint|p1a: Urshifu
|
|upkeep
|
|t:|1685923593
|switch|p1a: Zamazenta|Zamazenta-Crowned|61/100 brn
|turn|23
|
|t:|1685923595
|move|p1a: Zamazenta|Crunch|p2a: Gholdengo
|-supereffective|p2a: Gholdengo
|-damage|p2a: Gholdengo|4/100
|move|p2a: Gholdengo|Recover|p2a: Gholdengo
|-heal|p2a: Gholdengo|54/100
|
|-damage|p1a: Zamazenta|55/100 brn|[from] brn
|upkeep
|turn|24
|-message|Tokumaru forfeited.
|
|win|PLAYB0I R0BBIE B
|raw|Tokumaru's rating: 1385 → 1366(-19 for losing)
|raw|PLAYB0I R0BBIE B's rating: 1399 → 1418(+19 for winning)
|l|☆Tokumaru
