|j|☆ISTG laster
|j|☆Dr. Drake6782
|t:|1685856208
|gametype|singles
|player|p1|ISTG laster|clair|1517
|player|p2|Dr. Drake6782|hilbert-masters|1522
|teamsize|p1|6
|teamsize|p2|6
|gen|9
|tier|[Gen 9] OU
|rated|
|rule|Sleep Clause Mod: Limit one foe put to sleep
|rule|Species Clause: Limit one of each Pokémon
|rule|OHKO Clause: OHKO moves are banned
|rule|Evasion Items Clause: Evasion items are banned
|rule|Evasion Moves Clause: Evasion moves are banned
|rule|Endless Battle Clause: Forcing endless battles is banned
|rule|HP Percentage Mod: HP is shown in percentages
|clearpoke
|poke|p1|Chien-Pao|
|poke|p1|Mew|
|poke|p1|Breloom, F|
|poke|p1|Drifblim, F|
|poke|p1|Urshifu-*, F|
|poke|p1|Magearna|
|poke|p2|Pelipper, F|
|poke|p2|Basculegion, M|
|poke|p2|Floatzel, F|
|poke|p2|Urshifu-*, F|
|poke|p2|Samurott-Hisui, F|
|poke|p2|Ditto|
|teampreview
|inactive|Battle timer is ON: inactive players will automatically lose when time's up. (requested by Dr. Drake6782)
|inactive|ISTG laster also wants the timer to be on.
|
|t:|1685856217
|start
|switch|p1a: Breloom|Breloom, F|100/100
|switch|p2a: kill bill|Pelipper, F, shiny|100/100
|-weather|RainDance|[from] ability: Drizzle|[of] p2a: kill bill
|turn|1
|
|t:|1685856223
|switch|p2a: 6th water type|Ditto, shiny|100/100
|-transform|p2a: 6th water type|p1a: Breloom|[from] ability: Imposter
|-terastallize|p1a: Breloom|Rock
|move|p1a: Breloom|Rock Tomb|p2a: 6th water type
|-resisted|p2a: 6th water type
|-damage|p2a: 6th water type|67/100
|-unboost|p2a: 6th water type|spe|1
|
|-weather|RainDance|[upkeep]
|upkeep
|turn|2
|
|t:|1685856247
|switch|p1a: Drifblim|Drifblim, F|100/100
|move|p2a: 6th water type|Mach Punch|p1a: Drifblim
|-immune|p1a: Drifblim
|
|-weather|RainDance|[upkeep]
|upkeep
|turn|3
|
|t:|1685856253
|move|p1a: Drifblim|Calm Mind|p1a: Drifblim
|-boost|p1a: Drifblim|spa|1
|-boost|p1a: Drifblim|spd|1
|move|p2a: 6th water type|Rock Tomb|p1a: Drifblim
|-supereffective|p1a: Drifblim
|-damage|p1a: Drifblim|13/100
|-unboost|p1a: Drifblim|spe|1
|-enditem|p1a: Drifblim|Sitrus Berry|[eat]
|-heal|p1a: Drifblim|38/100|[from] item: Sitrus Berry
|
|-weather|RainDance|[upkeep]
|upkeep
|turn|4
|
|t:|1685856261
|move|p1a: Drifblim|Air Slash|p2a: 6th water type
|-supereffective|p2a: 6th water type
|-damage|p2a: 6th water type|0 fnt
|faint|p2a: 6th water type
|
|-weather|RainDance|[upkeep]
|upkeep
|
|t:|1685856264
|switch|p2a: mark 5:9|Basculegion, M, shiny|100/100
|turn|5
|
|t:|1685856268
|move|p2a: mark 5:9|Liquidation|p1a: Drifblim
|-damage|p1a: Drifblim|0 fnt
|faint|p1a: Drifblim
|
|-weather|RainDance|[upkeep]
|upkeep
|
|t:|1685856291
|switch|p1a: Mew|Mew|100/100
|turn|6
|
|t:|1685856301
|-terastallize|p2a: mark 5:9|Water
|move|p2a: mark 5:9|Liquidation|p1a: Mew
|-damage|p1a: Mew|0 fnt
|faint|p1a: Mew
|
|-weather|RainDance|[upkeep]
|upkeep
|
|t:|1685856309
|switch|p1a: Breloom|Breloom, F, tera:Rock|100/100
|turn|7
|
|t:|1685856316
|move|p2a: mark 5:9|Liquidation|p1a: Breloom
|-supereffective|p1a: Breloom
|-damage|p1a: Breloom|0 fnt
|faint|p1a: Breloom
|
|-weather|RainDance|[upkeep]
|upkeep
|-message|ISTG laster forfeited.
|
|win|Dr. Drake6782
|raw|ISTG laster's rating: 1517 → 1497(-20 for losing)
|raw|Dr. Drake6782's rating: 1522 → 1542(+20 for winning)
|l|☆ISTG laster
