|j|☆Shammoo Shaman
|j|☆Houseki
|t:|1685896298
|gametype|singles
|player|p1|Shammoo Shaman|101|
|player|p2|Houseki|n-masters|
|teamsize|p1|6
|teamsize|p2|6
|gen|9
|tier|[Gen 9] OU
|rule|Sleep Clause Mod: Limit one foe put to sleep
|rule|Species Clause: Limit one of each Pokémon
|rule|OHKO Clause: OHKO moves are banned
|rule|Evasion Items Clause: Evasion items are banned
|rule|Evasion Moves Clause: Evasion moves are banned
|rule|Endless Battle Clause: Forcing endless battles is banned
|rule|HP Percentage Mod: HP is shown in percentages
|clearpoke
|poke|p1|Toxapex, M|
|poke|p1|Iron Treads|
|poke|p1|Bisharp, M|
|poke|p1|Hatterene, F|
|poke|p1|Clodsire, M|
|poke|p1|Dondozo, M|
|poke|p2|Braviary-Hisui, M|
|poke|p2|Samurott-Hisui, F|
|poke|p2|Pincurchin, F|
|poke|p2|Iron Hands|
|poke|p2|Scizor, F|
|poke|p2|Gastrodon-East, F|
|teampreview
|c|☆Houseki|okkk
|c|☆Shammoo Shaman|penis
|c|☆Houseki|lets see
|c|☆Shammoo Shaman|Why would u go tera grass on dondozo
|c|☆Houseki|if I have the breaking power
|c|☆Shammoo Shaman|Thats troll unless they have spore
|c|☆Houseki|@Shammoo Shaman it was the default smogon set
|c|☆Shammoo Shaman|h xd
|c|☆Shammoo Shaman|oh*
|c|☆Houseki|didnt have time
|c|☆Houseki|what would he run?
|c|☆Houseki|whatever lets play
|c|☆Shammoo Shaman|probs like tera dragon maybe...?
|c|☆Shammoo Shaman|Good defensive type
|c|☆Shammoo Shaman|or steel
|c|☆Houseki|ok go
|
|t:|1685896396
|start
|switch|p1a: Hatterene|Hatterene, F|100/100
|switch|p2a: Pincurchin|Pincurchin, F|100/100
|-fieldstart|move: Electric Terrain|[from] ability: Electric Surge|[of] p2a: Pincurchin
|turn|1
|
|t:|1685896416
|switch|p1a: Clodsire|Clodsire, M|100/100
|move|p2a: Pincurchin|Discharge|p1a: Clodsire
|-immune|p1a: Clodsire
|
|upkeep
|turn|2
|
|t:|1685896429
|switch|p2a: Nikola Jokic|Iron Hands|100/100
|-activate|p2a: Nikola Jokic|ability: Quark Drive
|-start|p2a: Nikola Jokic|quarkdriveatk
|move|p1a: Clodsire|Toxic|p2a: Nikola Jokic
|-status|p2a: Nikola Jokic|tox
|
|-damage|p2a: Nikola Jokic|94/100 tox|[from] psn
|upkeep
|turn|3
|
|t:|1685896444
|switch|p1a: Dondozo|Dondozo, M|100/100
|move|p2a: Nikola Jokic|Earthquake|p1a: Dondozo
|-damage|p1a: Dondozo|76/100
|
|-damage|p2a: Nikola Jokic|82/100 tox|[from] psn
|upkeep
|turn|4
|c|☆Shammoo Shaman|Tera ground would also be good on this thing
|
|t:|1685896465
|switch|p1a: Clodsire|Clodsire, M|100/100
|move|p2a: Nikola Jokic|Thunder Punch|p1a: Clodsire
|-immune|p1a: Clodsire
|
|-damage|p2a: Nikola Jokic|63/100 tox|[from] psn
|upkeep
|turn|5
|
|t:|1685896489
|move|p2a: Nikola Jokic|Thunder Punch|p1a: Clodsire
|-immune|p1a: Clodsire
|move|p1a: Clodsire|Toxic Spikes|p2a: Nikola Jokic
|-sidestart|p2: Houseki|move: Toxic Spikes
|
|-damage|p2a: Nikola Jokic|38/100 tox|[from] psn
|upkeep
|turn|6
|c|☆Shammoo Shaman|lol
|c|☆Houseki|yeah i have tera steel
|
|t:|1685896506
|move|p2a: Nikola Jokic|Thunder Punch|p1a: Clodsire
|-immune|p1a: Clodsire
|move|p1a: Clodsire|Earthquake|p2a: Nikola Jokic
|-supereffective|p2a: Nikola Jokic
|-damage|p2a: Nikola Jokic|3/100 tox
|
|-damage|p2a: Nikola Jokic|0 fnt|[from] psn
|faint|p2a: Nikola Jokic
|-end|p2a: Nikola Jokic|Quark Drive|[silent]
|upkeep
|c|☆Houseki|hahaha u troll
|
|t:|1685896512
|switch|p2a: Scizor|Scizor, F|100/100
|turn|7
|c|☆Shammoo Shaman|XD
|c|☆Shammoo Shaman|Im god at playing balance teams
|c|☆Shammoo Shaman|Trash at HO
|c|☆Houseki|this is stall....
|c|☆Shammoo Shaman|as this team has shown
|c|☆Shammoo Shaman|Ik this is stall
|c|☆Shammoo Shaman|I meant to say as this tourney ahs shown
|c|☆Houseki|wifi so trash today
|c|☆Houseki|lets play
|
|t:|1685896558
|switch|p1a: Dondozo|Dondozo, M|76/100
|move|p2a: Scizor|Sandstorm|p2a: Scizor
|-weather|Sandstorm
|
|-weather|Sandstorm|[upkeep]
|-damage|p1a: Dondozo|70/100|[from] Sandstorm
|upkeep
|turn|8
|c|☆Shammoo Shaman|wtf
|
|t:|1685896571
|move|p2a: Scizor|U-turn|p1a: Dondozo
|-damage|p1a: Dondozo|52/100
|
|t:|1685896574
|switch|p2a: Gastrodon|Gastrodon-East, F|100/100|[from] U-turn
|move|p1a: Dondozo|Liquidation|p2a: Gastrodon
|-damage|p2a: Gastrodon|66/100
|
|-weather|Sandstorm|[upkeep]
|-damage|p1a: Dondozo|46/100|[from] Sandstorm
|-fieldend|move: Electric Terrain
|upkeep
|turn|9
|c|☆Shammoo Shaman|SAND FORCE GASTRO
|c|☆Shammoo Shaman|WHAT
|
|t:|1685896598
|-terastallize|p2a: Gastrodon|Ground
|-terastallize|p1a: Dondozo|Grass
|move|p2a: Gastrodon|Earth Power|p1a: Dondozo
|-resisted|p1a: Dondozo
|-crit|p1a: Dondozo
|-damage|p1a: Dondozo|0 fnt
|faint|p1a: Dondozo
|
|-weather|Sandstorm|[upkeep]
|upkeep
|c|☆Houseki|HO boys find a way
|c|☆Shammoo Shaman|crit...
|c|☆Houseki|crit didnt matter i think?
|c|☆Shammoo Shaman|It did
|c|☆Houseki|this shit is strong af idk
|c|☆Shammoo Shaman|Wait no this thing has 0 special bulk
|c|☆Houseki|yeah
|
|t:|1685896636
|switch|p1a: Toxapex|Toxapex, M|100/100
|turn|10
|
|t:|1685896641
|move|p2a: Gastrodon|Recover|p2a: Gastrodon
|-heal|p2a: Gastrodon|100/100
|move|p1a: Toxapex|Surf|p2a: Gastrodon
|-supereffective|p2a: Gastrodon
|-damage|p2a: Gastrodon|40/100
|
|-weather|Sandstorm|[upkeep]
|-damage|p1a: Toxapex|95/100|[from] Sandstorm
|upkeep
|turn|11
|
|t:|1685896648
|move|p2a: Gastrodon|Earth Power|p1a: Toxapex
|-supereffective|p1a: Toxapex
|-damage|p1a: Toxapex|19/100
|move|p1a: Toxapex|Infestation|p2a: Gastrodon
|-damage|p2a: Gastrodon|36/100
|-activate|p2a: Gastrodon|move: Infestation|[of] p1a: Toxapex
|
|-weather|Sandstorm|[upkeep]
|-damage|p1a: Toxapex|13/100|[from] Sandstorm
|-damage|p2a: Gastrodon|23/100|[from] move: Infestation|[partiallytrapped]
|upkeep
|turn|12
|c|☆Shammoo Shaman|I thought you would switch...
|c|☆Houseki|ugh
|
|t:|1685896663
|switch|p1a: Hatterene|Hatterene, F|100/100
|move|p2a: Gastrodon|Earth Power|p1a: Hatterene
|-damage|p1a: Hatterene|23/100
|
|-weather|Sandstorm|[upkeep]
|-damage|p1a: Hatterene|17/100|[from] Sandstorm
|-heal|p1a: Hatterene|23/100|[from] item: Leftovers
|-end|p2a: Gastrodon|Infestation|[partiallytrapped]|[silent]
|upkeep
|turn|13
|c|☆Houseki|i wanted to test damage on everything
|c|☆Houseki|thanks
|c|☆Shammoo Shaman|SEVENTY SEVEN
|c|☆Houseki|this is interesting
|c|☆Shammoo Shaman|OMG
|c|☆Shammoo Shaman|THIS THING HITS LIKE A TRUCK
|
|t:|1685896684
|move|p2a: Gastrodon|Recover|p2a: Gastrodon
|-heal|p2a: Gastrodon|73/100
|move|p1a: Hatterene|Mystical Fire|p2a: Gastrodon
|-damage|p2a: Gastrodon|50/100
|-unboost|p2a: Gastrodon|spa|1
|
|-weather|Sandstorm|[upkeep]
|-damage|p1a: Hatterene|17/100|[from] Sandstorm
|-heal|p1a: Hatterene|23/100|[from] item: Leftovers
|upkeep
|turn|14
|
|t:|1685896698
|move|p2a: Gastrodon|Earth Power|p1a: Hatterene
|-crit|p1a: Hatterene
|-damage|p1a: Hatterene|0 fnt
|faint|p1a: Hatterene
|
|-weather|none
|upkeep
|c|☆Houseki|its boots as well which is crazy hahaha
|
|t:|1685896710
|switch|p1a: Toxapex|Toxapex, M|47/100
|turn|15
|c|☆Houseki|whole team boots
|
|t:|1685896715
|move|p2a: Gastrodon|Earth Power|p1a: Toxapex
|-supereffective|p1a: Toxapex
|-damage|p1a: Toxapex|8/100
|move|p1a: Toxapex|Surf|p2a: Gastrodon
|-supereffective|p2a: Gastrodon
|-damage|p2a: Gastrodon|0 fnt
|faint|p2a: Gastrodon
|
|upkeep
|
|t:|1685896723
|switch|p2a: Scizor|Scizor, F|100/100
|turn|16
|c|☆Shammoo Shaman|lmao
|c|☆Houseki|ik how to play stall
|
|t:|1685896735
|switch|p1a: Clodsire|Clodsire, M|100/100
|move|p2a: Scizor|Bullet Punch|p1a: Clodsire
|-damage|p1a: Clodsire|61/100
|
|-heal|p1a: Clodsire|67/100|[from] item: Black Sludge
|upkeep
|turn|17
|c|☆Houseki|*against
|
|t:|1685896748
|move|p2a: Scizor|U-turn|p1a: Clodsire
|-resisted|p1a: Clodsire
|-damage|p1a: Clodsire|44/100
|
|t:|1685896749
|switch|p2a: Braviary|Braviary-Hisui, M|100/100|[from] U-turn
|move|p1a: Clodsire|Recover|p1a: Clodsire
|-heal|p1a: Clodsire|94/100
|
|-heal|p1a: Clodsire|100/100|[from] item: Black Sludge
|upkeep
|turn|18
|c|☆Shammoo Shaman|idk how to playy in general
|
|t:|1685896756
|switch|p1a: Bisharp|Bisharp, M|100/100
|move|p2a: Braviary|Calm Mind|p2a: Braviary
|-boost|p2a: Braviary|spa|1
|-boost|p2a: Braviary|spd|1
|
|upkeep
|turn|19
|
|t:|1685896764
|move|p1a: Bisharp|Swords Dance|p1a: Bisharp
|-boost|p1a: Bisharp|atk|2
|move|p2a: Braviary|Heat Wave|p1a: Bisharp
|-supereffective|p1a: Bisharp
|-damage|p1a: Bisharp|0 fnt
|faint|p1a: Bisharp
|
|upkeep
|c|☆Houseki|hmmm
|c|☆Shammoo Shaman|oh
|c|☆Houseki|could you have killed me there?
|c|☆Houseki|I think u do 80
|c|☆Shammoo Shaman|With sucker punch?
|c|☆Shammoo Shaman|Maybe
|c|☆Houseki|im afraid of him bringing band
|c|☆Houseki|nah night slash?
|c|☆Houseki|it doesnt get knock off right
|c|☆Shammoo Shaman|This set doesnt have night slash
|
|t:|1685896801
|switch|p1a: Clodsire|Clodsire, M|100/100
|turn|20
|c|☆Houseki|oh shit lol
|c|☆Shammoo Shaman|yup
|
|t:|1685896831
|move|p2a: Braviary|Esper Wing|p1a: Clodsire
|-supereffective|p1a: Clodsire
|-damage|p1a: Clodsire|47/100
|move|p1a: Clodsire|Toxic|p2a: Braviary
|-status|p2a: Braviary|tox
|
|-heal|p1a: Clodsire|54/100|[from] item: Black Sludge
|-damage|p2a: Braviary|94/100 tox|[from] psn
|upkeep
|turn|21
|c|☆Houseki|this is sheer force no life orb
|
|t:|1685896846
|switch|p1a: Iron Treads|Iron Treads|100/100
|move|p2a: Braviary|Esper Wing|p1a: Iron Treads
|-resisted|p1a: Iron Treads
|-damage|p1a: Iron Treads|41/100
|
|-heal|p1a: Iron Treads|47/100|[from] item: Leftovers
|-damage|p2a: Braviary|82/100 tox|[from] psn
|upkeep
|turn|22
|c|☆Houseki|feelsbadman
|c|☆Houseki|WOW
|c|☆Houseki|should I run LO?
|
|t:|1685896863
|move|p1a: Iron Treads|Iron Head|p2a: Braviary
|-damage|p2a: Braviary|42/100 tox
|cant|p2a: Braviary|flinch
|
|-heal|p1a: Iron Treads|53/100|[from] item: Leftovers
|-damage|p2a: Braviary|23/100 tox|[from] psn
|upkeep
|turn|23
|c|☆Houseki|i think hes always gonna get rocks up
|c|☆Shammoo Shaman|Sheer force with esper wing is troll
|c|☆Shammoo Shaman|just run psychic
|c|☆Houseki|crit chance tho
|c|☆Houseki|whats the crit chance I wonder
|c|☆Shammoo Shaman|of what?
|c|☆Houseki|!dt esper wing
|raw|Esper Wing  Power80 Accuracy100% PP16 100% chance to raise user Speed by 1. High crit. 
|raw|Priority: 0 |  Gen: 9 |  ✓ Boosted by Sheer Force |  Z-Power: 160 |  Dynamax Power: 130 |  Target: One Adjacent Pokémon

|c|☆Houseki|high crit ratio...
|c|☆Shammoo Shaman|High crit is 16% i think
|c|☆Houseki|imma go psychic u right
|c|☆Shammoo Shaman|or 12.5?
|
|t:|1685896945
|move|p1a: Iron Treads|Iron Head|p2a: Braviary
|-damage|p2a: Braviary|0 fnt
|faint|p2a: Braviary
|
|-heal|p1a: Iron Treads|59/100|[from] item: Leftovers
|upkeep
|
|t:|1685896959
|switch|p2a: Pincurchin|Pincurchin, F|100/100
|-status|p2a: Pincurchin|psn
|-fieldstart|move: Electric Terrain|[from] ability: Electric Surge|[of] p2a: Pincurchin
|-activate|p1a: Iron Treads|ability: Quark Drive
|-start|p1a: Iron Treads|quarkdrivespe
|turn|24
|
|t:|1685896966
|move|p1a: Iron Treads|Rapid Spin|p2a: Pincurchin
|-damage|p2a: Pincurchin|86/100 psn
|-boost|p1a: Iron Treads|spe|1
|move|p2a: Pincurchin|Spikes|p1a: Iron Treads
|-sidestart|p1: Shammoo Shaman|Spikes
|
|-heal|p1a: Iron Treads|66/100|[from] item: Leftovers
|-damage|p2a: Pincurchin|74/100 psn|[from] psn
|upkeep
|turn|25
|
|t:|1685896976
|switch|p2a: Scizor|Scizor, F|100/100
|move|p1a: Iron Treads|Earthquake|p2a: Scizor
|-damage|p2a: Scizor|57/100
|
|-heal|p1a: Iron Treads|72/100|[from] item: Leftovers
|upkeep
|turn|26
|
|t:|1685896988
|move|p1a: Iron Treads|Earthquake|p2a: Scizor
|-damage|p2a: Scizor|11/100
|move|p2a: Scizor|Close Combat|p1a: Iron Treads
|-supereffective|p1a: Iron Treads
|-damage|p1a: Iron Treads|0 fnt
|-unboost|p2a: Scizor|def|1
|-unboost|p2a: Scizor|spd|1
|faint|p1a: Iron Treads
|-end|p1a: Iron Treads|Quark Drive|[silent]
|
|upkeep
|
|t:|1685897004
|switch|p1a: Clodsire|Clodsire, M|54/100
|-damage|p1a: Clodsire|41/100|[from] Spikes
|turn|27
|
|t:|1685897020
|switch|p1a: Toxapex|Toxapex, M|42/100
|-damage|p1a: Toxapex|30/100|[from] Spikes
|move|p2a: Scizor|Bullet Punch|p1a: Toxapex
|-resisted|p1a: Toxapex
|-damage|p1a: Toxapex|15/100
|
|upkeep
|turn|28
|
|t:|1685897028
|switch|p1a: Clodsire|Clodsire, M|41/100
|-damage|p1a: Clodsire|29/100|[from] Spikes
|move|p2a: Scizor|Bullet Punch|p1a: Clodsire
|-crit|p1a: Clodsire
|-damage|p1a: Clodsire|0 fnt
|faint|p1a: Clodsire
|
|upkeep
|
|t:|1685897035
|switch|p1a: Toxapex|Toxapex, M|49/100
|-damage|p1a: Toxapex|36/100|[from] Spikes
|turn|29
|c|☆Houseki|gg
|c|☆Shammoo Shaman|lol gg
|
|t:|1685897041
|move|p2a: Scizor|Bullet Punch|p1a: Toxapex
|-resisted|p1a: Toxapex
|-crit|p1a: Toxapex
|-damage|p1a: Toxapex|16/100
|move|p1a: Toxapex|Surf|p2a: Scizor
|-damage|p2a: Scizor|0 fnt
|faint|p2a: Scizor
|
|upkeep
|
|t:|1685897046
|switch|p2a: Pincurchin|Pincurchin, F|74/100 psn
|turn|30
|c|☆Shammoo Shaman|u hitting mad crits rn
|
|t:|1685897051
|move|p1a: Toxapex|Surf|p2a: Pincurchin
|-damage|p2a: Pincurchin|32/100 psn
|move|p2a: Pincurchin|Discharge|p1a: Toxapex
|-supereffective|p1a: Toxapex
|-damage|p1a: Toxapex|0 fnt
|faint|p1a: Toxapex
|
|win|Houseki
|c|☆Houseki|pincurchic for game is funny
