|j|☆hahneeakule
|j|☆Ting Lu is so cute
|t:|1685861033
|gametype|singles
|player|p1|hahneeakule|dancer|1076
|player|p2|Ting Lu is so cute|parasollady|1106
|teamsize|p1|6
|teamsize|p2|6
|gen|9
|tier|[Gen 9] OU
|rated|
|rule|Sleep Clause Mod: Limit one foe put to sleep
|rule|Species Clause: Limit one of each Pokémon
|rule|OHKO Clause: OHKO moves are banned
|rule|Evasion Items Clause: Evasion items are banned
|rule|Evasion Moves Clause: Evasion moves are banned
|rule|Endless Battle Clause: Forcing endless battles is banned
|rule|HP Percentage Mod: HP is shown in percentages
|clearpoke
|poke|p1|Samurott-Hisui, M|
|poke|p1|Articuno-Galar|
|poke|p1|Dragapult, M|
|poke|p1|Avalugg-Hisui, M|
|poke|p1|Electrode-Hisui|
|poke|p1|Golduck, M|
|poke|p2|Magearna|
|poke|p2|Ursaluna, F|
|poke|p2|Zamazenta-*|
|poke|p2|Great Tusk|
|poke|p2|Slowking, F|
|poke|p2|Gholdengo|
|teampreview
|c|☆hahneeakule|Zamazenta?
|c|☆Ting Lu is so cute|yea ima noob so i use it
|
|t:|1685861081
|start
|switch|p1a: Electrode|Electrode-Hisui|100/100
|switch|p2a: Gholdengo|Gholdengo|100/100
|turn|1
|c|☆hahneeakule|It's so trash that it's ou 😩
|c|☆Ting Lu is so cute|lmao
|
|t:|1685861098
|move|p2a: Gholdengo|Shadow Ball|p1a: Electrode
|-damage|p1a: Electrode|37/100
|move|p1a: Electrode|Volt Switch|p2a: Gholdengo
|-damage|p2a: Gholdengo|72/100
|
|t:|1685861111
|switch|p1a: Dragapult|Dragapult, M|100/100|[from] Volt Switch
|
|upkeep
|turn|2
|
|t:|1685861132
|move|p2a: Gholdengo|Shadow Ball|p1a: Dragapult
|-supereffective|p1a: Dragapult
|-damage|p1a: Dragapult|19/100
|move|p1a: Dragapult|Will-O-Wisp|p2a: Gholdengo
|-immune|p2a: Gholdengo|[from] ability: Good as Gold
|
|-heal|p1a: Dragapult|25/100|[from] item: Leftovers
|upkeep
|turn|3
|c|☆hahneeakule|Fuck
|c|☆Ting Lu is so cute|i expected tera dark shadow ball
|
|t:|1685861154
|switch|p1a: Samurott|Samurott-Hisui, M|100/100
|move|p2a: Gholdengo|Shadow Ball|p1a: Samurott
|-resisted|p1a: Samurott
|-damage|p1a: Samurott|78/100
|-unboost|p1a: Samurott|spd|1
|
|-heal|p1a: Samurott|84/100|[from] item: Leftovers
|upkeep
|turn|4
|c|☆Ting Lu is so cute|as the worst case scenario
|c|☆hahneeakule|I was gonna shadow ball
|c|☆hahneeakule|It's fine
|
|t:|1685861217
|switch|p2a: Zamazenta|Zamazenta|100/100
|-ability|p2a: Zamazenta|Dauntless Shield|boost
|-boost|p2a: Zamazenta|def|1
|move|p1a: Samurott|Ceaseless Edge|p2a: Zamazenta|[miss]
|-miss|p1a: Samurott|p2a: Zamazenta
|
|-heal|p1a: Samurott|90/100|[from] item: Leftovers
|upkeep
|turn|5
|
|t:|1685861247
|-terastallize|p1a: Samurott|Steel
|move|p2a: Zamazenta|Crunch|p1a: Samurott
|-damage|p1a: Samurott|65/100
|-unboost|p1a: Samurott|def|1
|move|p1a: Samurott|Razor Shell|p2a: Zamazenta
|-damage|p2a: Zamazenta|74/100
|
|-heal|p2a: Zamazenta|80/100|[from] item: Leftovers
|-heal|p1a: Samurott|71/100|[from] item: Leftovers
|upkeep
|turn|6
|
|t:|1685861260
|move|p2a: Zamazenta|Close Combat|p1a: Samurott
|-supereffective|p1a: Samurott
|-damage|p1a: Samurott|0 fnt
|-unboost|p2a: Zamazenta|def|1
|-unboost|p2a: Zamazenta|spd|1
|faint|p1a: Samurott
|
|-heal|p2a: Zamazenta|86/100|[from] item: Leftovers
|upkeep
|
|t:|1685861275
|switch|p1a: Electrode|Electrode-Hisui|37/100
|turn|7
|
|t:|1685861292
|move|p1a: Electrode|Volt Switch|p2a: Zamazenta
|-damage|p2a: Zamazenta|48/100
|
|t:|1685861297
|switch|p1a: Dragapult|Dragapult, M|25/100|[from] Volt Switch
|move|p2a: Zamazenta|Crunch|p1a: Dragapult
|-supereffective|p1a: Dragapult
|-damage|p1a: Dragapult|0 fnt
|faint|p1a: Dragapult
|
|-heal|p2a: Zamazenta|54/100|[from] item: Leftovers
|upkeep
|
|t:|1685861310
|switch|p1a: Articuno|Articuno-Galar|100/100
|turn|8
|
|t:|1685861316
|switch|p2a: Slowking|Slowking, F|100/100
|move|p1a: Articuno|Freezing Glare|p2a: Slowking
|-resisted|p2a: Slowking
|-damage|p2a: Slowking|89/100
|
|-heal|p2a: Slowking|95/100|[from] item: Leftovers
|upkeep
|turn|9
|
|t:|1685861332
|switch|p1a: Electrode|Electrode-Hisui|37/100
|move|p2a: Slowking|Nasty Plot|p2a: Slowking
|-boost|p2a: Slowking|spa|2
|
|-heal|p2a: Slowking|100/100|[from] item: Leftovers
|upkeep
|turn|10
|
|t:|1685861344
|move|p1a: Electrode|Leech Seed|p2a: Slowking
|-start|p2a: Slowking|move: Leech Seed
|move|p2a: Slowking|Psyshock|p1a: Electrode
|-damage|p1a: Electrode|0 fnt
|faint|p1a: Electrode
|
|upkeep
|
|t:|1685861353
|switch|p1a: Golduck|Golduck, M|100/100
|-ability|p1a: Golduck|Cloud Nine
|turn|11
|
|t:|1685861358
|move|p1a: Golduck|Calm Mind|p1a: Golduck
|-boost|p1a: Golduck|spa|1
|-boost|p1a: Golduck|spd|1
|move|p2a: Slowking|Psyshock|p1a: Golduck
|-damage|p1a: Golduck|54/100
|
|-heal|p1a: Golduck|60/100|[from] item: Leftovers
|-damage|p2a: Slowking|88/100|[from] Leech Seed|[of] p1a: Golduck
|-heal|p1a: Golduck|74/100|[silent]
|upkeep
|turn|12
|
|t:|1685861370
|switch|p2a: Magearna|Magearna|100/100
|move|p1a: Golduck|Protect||[still]
|-fail|p1a: Golduck
|
|-heal|p1a: Golduck|80/100|[from] item: Leftovers
|upkeep
|turn|13
|
|t:|1685861379
|-terastallize|p2a: Magearna|Water
|move|p2a: Magearna|Shift Gear|p2a: Magearna
|-boost|p2a: Magearna|spe|2
|-boost|p2a: Magearna|atk|1
|move|p1a: Golduck|Surf|p2a: Magearna
|-resisted|p2a: Magearna
|-damage|p2a: Magearna|79/100
|
|-heal|p2a: Magearna|85/100|[from] item: Leftovers
|-heal|p1a: Golduck|86/100|[from] item: Leftovers
|upkeep
|turn|14
|
|t:|1685861391
|move|p2a: Magearna|Calm Mind|p2a: Magearna
|-boost|p2a: Magearna|spa|1
|-boost|p2a: Magearna|spd|1
|move|p1a: Golduck|Calm Mind|p1a: Golduck
|-boost|p1a: Golduck|spa|1
|-boost|p1a: Golduck|spd|1
|
|-heal|p2a: Magearna|91/100|[from] item: Leftovers
|-heal|p1a: Golduck|92/100|[from] item: Leftovers
|upkeep
|turn|15
|
|t:|1685861418
|move|p2a: Magearna|Calm Mind|p2a: Magearna
|-boost|p2a: Magearna|spa|1
|-boost|p2a: Magearna|spd|1
|move|p1a: Golduck|Calm Mind|p1a: Golduck
|-boost|p1a: Golduck|spa|1
|-boost|p1a: Golduck|spd|1
|
|-heal|p2a: Magearna|97/100|[from] item: Leftovers
|-heal|p1a: Golduck|98/100|[from] item: Leftovers
|upkeep
|turn|16
|c|☆hahneeakule|Clear smog gg 😄
|
|t:|1685861441
|move|p2a: Magearna|Stored Power|p1a: Golduck
|-damage|p1a: Golduck|43/100
|move|p1a: Golduck|Calm Mind|p1a: Golduck
|-boost|p1a: Golduck|spa|1
|-boost|p1a: Golduck|spd|1
|
|-heal|p2a: Magearna|100/100|[from] item: Leftovers
|-heal|p1a: Golduck|49/100|[from] item: Leftovers
|upkeep
|turn|17
|c|☆Ting Lu is so cute|lol
|
|t:|1685861452
|move|p1a: Golduck|Protect|p1a: Golduck
|-singleturn|p1a: Golduck|Protect
|move|p2a: Magearna|Calm Mind|p2a: Magearna
|-boost|p2a: Magearna|spa|1
|-boost|p2a: Magearna|spd|1
|
|-heal|p1a: Golduck|55/100|[from] item: Leftovers
|upkeep
|turn|18
|c|☆hahneeakule|I wish
|c|☆hahneeakule|Wish
|-message|hahneeakule forfeited.
|
|win|Ting Lu is so cute
|raw|hahneeakule's rating: 1076 → 1056(-20 for losing)
|raw|Ting Lu is so cute's rating: 1106 → 1129(+23 for winning)
|l|☆hahneeakule
|c|☆Ting Lu is so cute|gg
