|j|☆felipe01788
|j|☆BobJonesy
|t:|1685907623
|gametype|singles
|player|p1|felipe01788|palmer|1332
|player|p2|BobJonesy|falkner|1316
|teamsize|p1|6
|teamsize|p2|6
|gen|9
|tier|[Gen 9] OU
|rated|
|rule|Sleep Clause Mod: Limit one foe put to sleep
|rule|Species Clause: Limit one of each Pokémon
|rule|OHKO Clause: OHKO moves are banned
|rule|Evasion Items Clause: Evasion items are banned
|rule|Evasion Moves Clause: Evasion moves are banned
|rule|Endless Battle Clause: Forcing endless battles is banned
|rule|HP Percentage Mod: HP is shown in percentages
|clearpoke
|poke|p1|Enamorus-Therian, F|
|poke|p1|Cinderace, M|
|poke|p1|Great Tusk|
|poke|p1|Kingambit, M|
|poke|p1|Dragapult, F|
|poke|p1|Slowking-Galar, F|
|poke|p2|Enamorus, F|
|poke|p2|Typhlosion-Hisui, M|
|poke|p2|Hoopa-Unbound|
|poke|p2|Spidops, F|
|poke|p2|Houndstone, M|
|poke|p2|Great Tusk|
|teampreview
|inactive|Battle timer is ON: inactive players will automatically lose when time's up. (requested by felipe01788)
|c|☆BobJonesy|hf
|
|t:|1685907657
|start
|switch|p1a: Chillpact|Slowking-Galar, F|100/100
|switch|p2a: Enamorus|Enamorus, F|100/100
|turn|1
|
|t:|1685907674
|switch|p2a: Hoopa|Hoopa-Unbound|100/100
|move|p1a: Chillpact|Sludge Bomb|p2a: Hoopa
|-damage|p2a: Hoopa|67/100
|
|upkeep
|turn|2
|
|t:|1685907680
|switch|p1a: C Tusk C|Great Tusk|100/100
|move|p2a: Hoopa|Hyperspace Fury|p1a: C Tusk C
|-resisted|p1a: C Tusk C
|-damage|p1a: C Tusk C|76/100
|-unboost|p2a: Hoopa|def|1
|
|-heal|p1a: C Tusk C|82/100|[from] item: Leftovers
|upkeep
|turn|3
|
|t:|1685907699
|switch|p2a: Enamorus|Enamorus, F|100/100
|move|p1a: C Tusk C|Stealth Rock|p2a: Enamorus
|-sidestart|p2: BobJonesy|move: Stealth Rock
|
|-heal|p1a: C Tusk C|89/100|[from] item: Leftovers
|upkeep
|turn|4
|
|t:|1685907710
|-end|p1a: C Tusk C|Protosynthesis|[silent]
|switch|p1a: Chillpact|Slowking-Galar, F|100/100
|move|p2a: Enamorus|Superpower|p1a: Chillpact
|-resisted|p1a: Chillpact
|-damage|p1a: Chillpact|91/100
|-boost|p2a: Enamorus|atk|1
|-boost|p2a: Enamorus|def|1
|
|upkeep
|turn|5
|
|t:|1685907726
|-terastallize|p2a: Enamorus|Steel
|move|p2a: Enamorus|Superpower|p1a: Chillpact
|-resisted|p1a: Chillpact
|-damage|p1a: Chillpact|77/100
|-boost|p2a: Enamorus|atk|1
|-boost|p2a: Enamorus|def|1
|move|p1a: Chillpact|Sludge Bomb|p2a: Enamorus
|-immune|p2a: Enamorus
|
|upkeep
|turn|6
|
|t:|1685907730
|move|p2a: Enamorus|Iron Head|p1a: Chillpact
|-damage|p1a: Chillpact|0 fnt
|faint|p1a: Chillpact
|
|upkeep
|
|t:|1685907738
|switch|p1a: CarryBabyBaby|Dragapult, F|100/100
|turn|7
|
|t:|1685907743
|move|p1a: CarryBabyBaby|Will-O-Wisp|p2a: Enamorus
|-status|p2a: Enamorus|brn
|move|p2a: Enamorus|Play Rough|p1a: CarryBabyBaby
|-supereffective|p1a: CarryBabyBaby
|-damage|p1a: CarryBabyBaby|0 fnt
|faint|p1a: CarryBabyBaby
|
|-damage|p2a: Enamorus|94/100 brn|[from] brn
|upkeep
|
|t:|1685907762
|switch|p1a: C Tusk C|Great Tusk|89/100
|turn|8
|
|t:|1685907771
|move|p2a: Enamorus|Play Rough|p1a: C Tusk C
|-supereffective|p1a: C Tusk C
|-damage|p1a: C Tusk C|43/100
|move|p1a: C Tusk C|Earthquake|p2a: Enamorus
|-supereffective|p2a: Enamorus
|-damage|p2a: Enamorus|20/100 brn
|
|-heal|p1a: C Tusk C|49/100|[from] item: Leftovers
|-damage|p2a: Enamorus|13/100 brn|[from] brn
|upkeep
|turn|9
|
|t:|1685907780
|move|p2a: Enamorus|Play Rough|p1a: C Tusk C
|-supereffective|p1a: C Tusk C
|-damage|p1a: C Tusk C|1/100
|move|p1a: C Tusk C|Earthquake|p2a: Enamorus
|-supereffective|p2a: Enamorus
|-damage|p2a: Enamorus|0 fnt
|faint|p2a: Enamorus
|
|-heal|p1a: C Tusk C|7/100|[from] item: Leftovers
|upkeep
|
|t:|1685907784
|switch|p2a: Great Tusk|Great Tusk|100/100
|-damage|p2a: Great Tusk|98/100|[from] Stealth Rock
|turn|10
|
|t:|1685907790
|-end|p1a: C Tusk C|Protosynthesis|[silent]
|switch|p1a: Blundertle|Enamorus-Therian, F|100/100
|move|p2a: Great Tusk|Rapid Spin|p1a: Blundertle
|-damage|p1a: Blundertle|89/100
|-boost|p2a: Great Tusk|spe|1
|-sideend|p2: BobJonesy|Stealth Rock|[from] move: Rapid Spin|[of] p2a: Great Tusk
|
|-heal|p2a: Great Tusk|100/100|[from] item: Leftovers
|-heal|p1a: Blundertle|95/100|[from] item: Leftovers
|upkeep
|turn|11
|
|t:|1685907806
|move|p2a: Great Tusk|Knock Off|p1a: Blundertle
|-resisted|p1a: Blundertle
|-crit|p1a: Blundertle
|-damage|p1a: Blundertle|80/100
|-enditem|p1a: Blundertle|Leftovers|[from] move: Knock Off|[of] p2a: Great Tusk
|move|p1a: Blundertle|Calm Mind|p1a: Blundertle
|-boost|p1a: Blundertle|spa|1
|-boost|p1a: Blundertle|spd|1
|
|upkeep
|turn|12
|
|t:|1685907811
|-end|p2a: Great Tusk|Protosynthesis|[silent]
|switch|p2a: Spidops|Spidops, F|100/100
|move|p1a: Blundertle|Iron Defense|p1a: Blundertle
|-boost|p1a: Blundertle|def|2
|
|upkeep
|turn|13
|
|t:|1685907816
|move|p1a: Blundertle|Calm Mind|p1a: Blundertle
|-boost|p1a: Blundertle|spa|1
|-boost|p1a: Blundertle|spd|1
|move|p2a: Spidops|Circle Throw|p1a: Blundertle
|-resisted|p1a: Blundertle
|-damage|p1a: Blundertle|79/100
|drag|p1a: Kingamvad|Kingambit, M|100/100
|-activate|p1a: Kingamvad|ability: Supreme Overlord
|-start|p1a: Kingamvad|fallen2|[silent]
|
|upkeep
|turn|14
|
|t:|1685907830
|move|p1a: Kingamvad|Swords Dance|p1a: Kingamvad
|-boost|p1a: Kingamvad|atk|2
|move|p2a: Spidops|Circle Throw|p1a: Kingamvad
|-supereffective|p1a: Kingamvad
|-damage|p1a: Kingamvad|70/100
|-end|p1a: Kingamvad|fallen2|[silent]
|drag|p1a: Smokeyaim|Cinderace, M|100/100
|
|upkeep
|turn|15
|
|t:|1685907846
|switch|p2a: Great Tusk|Great Tusk|100/100
|move|p1a: Smokeyaim|Pyro Ball|p2a: Great Tusk
|-damage|p2a: Great Tusk|73/100
|-status|p2a: Great Tusk|brn
|
|-heal|p2a: Great Tusk|80/100 brn|[from] item: Leftovers
|-damage|p2a: Great Tusk|73/100 brn|[from] brn
|upkeep
|turn|16
|
|t:|1685907853
|-end|p2a: Great Tusk|Protosynthesis|[silent]
|switch|p2a: Typhlosion|Typhlosion-Hisui, M|100/100
|-item|p1a: Smokeyaim|Heavy-Duty Boots|[from] ability: Frisk|[of] p2a: Typhlosion|[identify]
|move|p1a: Smokeyaim|U-turn|p2a: Typhlosion
|-start|p1a: Smokeyaim|typechange|Bug|[from] ability: Libero
|-resisted|p2a: Typhlosion
|-damage|p2a: Typhlosion|88/100
|
|t:|1685907858
|switch|p1a: Kingamvad|Kingambit, M|70/100|[from] U-turn
|-activate|p1a: Kingamvad|ability: Supreme Overlord
|-start|p1a: Kingamvad|fallen2|[silent]
|
|-heal|p1a: Kingamvad|76/100|[from] item: Leftovers
|upkeep
|turn|17
|
|t:|1685907876
|switch|p2a: Spidops|Spidops, F|100/100
|move|p1a: Kingamvad|Sucker Punch||[still]
|-fail|p1a: Kingamvad
|
|-heal|p1a: Kingamvad|82/100|[from] item: Leftovers
|upkeep
|turn|18
|
|t:|1685907883
|move|p2a: Spidops|First Impression|p1a: Kingamvad
|-damage|p1a: Kingamvad|63/100
|move|p1a: Kingamvad|Iron Head|p2a: Spidops
|-damage|p2a: Spidops|57/100
|
|-heal|p1a: Kingamvad|69/100|[from] item: Leftovers
|upkeep
|turn|19
|inactiveoff|Battle timer is now OFF.
|
|t:|1685907891
|move|p1a: Kingamvad|Iron Head|p2a: Spidops
|-damage|p2a: Spidops|14/100
|move|p2a: Spidops|Circle Throw|p1a: Kingamvad
|-supereffective|p1a: Kingamvad
|-damage|p1a: Kingamvad|33/100
|-end|p1a: Kingamvad|fallen2|[silent]
|drag|p1a: Blundertle|Enamorus-Therian, F|79/100
|
|upkeep
|turn|20
|
|t:|1685907906
|move|p1a: Blundertle|Draining Kiss|p2a: Spidops
|-damage|p2a: Spidops|0 fnt
|-heal|p1a: Blundertle|88/100|[from] drain|[of] p2a: Spidops
|faint|p2a: Spidops
|
|upkeep
|
|t:|1685907911
|switch|p2a: Hoopa|Hoopa-Unbound|67/100
|turn|21
|
|t:|1685907919
|move|p2a: Hoopa|Gunk Shot|p1a: Blundertle
|-supereffective|p1a: Blundertle
|-damage|p1a: Blundertle|0 fnt
|faint|p1a: Blundertle
|
|upkeep
|
|t:|1685907925
|switch|p1a: Smokeyaim|Cinderace, M|100/100
|turn|22
|-message|felipe01788 forfeited.
|
|win|BobJonesy
|raw|felipe01788's rating: 1332 → 1311(-21 for losing)
|raw|BobJonesy's rating: 1316 → 1337(+21 for winning)
|l|☆felipe01788
|c|☆BobJonesy|gg
