|j|☆Jaxhawk
|j|☆Zoroark The Master
|inactive|Battle timer is ON: inactive players will automatically lose when time's up.
|t:|1685891657
|gametype|singles
|player|p1|Jaxhawk|agatha-lgpe|
|player|p2|Zoroark The Master|az|
|teamsize|p1|6
|teamsize|p2|6
|gen|9
|tier|[Gen 9] OU
|rated|Tournament battle
|rule|Sleep Clause Mod: Limit one foe put to sleep
|rule|Species Clause: Limit one of each Pokémon
|rule|OHKO Clause: OHKO moves are banned
|rule|Evasion Items Clause: Evasion items are banned
|rule|Evasion Moves Clause: Evasion moves are banned
|rule|Endless Battle Clause: Forcing endless battles is banned
|rule|HP Percentage Mod: HP is shown in percentages
|clearpoke
|poke|p1|Ursaluna, M|
|poke|p1|Magearna|
|poke|p1|Corviknight, M|
|poke|p1|Urshifu-*, F|
|poke|p1|Kingambit, F|
|poke|p1|Slowking-Galar, F|
|poke|p2|Gholdengo|
|poke|p2|Corviknight, F|
|poke|p2|Great Tusk|
|poke|p2|Walking Wake|
|poke|p2|Roaring Moon|
|poke|p2|Torkoal, M|
|teampreview
|inactive|Zoroark The Master also wants the timer to be on.
|j| Timwitzi4
|j| Ultra Swole Slam
|j| Douha serp
|c|☆Zoroark The Master|Is it finals?
|j| dioxidon
|c|☆Jaxhawk|I think so
|c| Douha serp|Yeah finals
|c| Ultra Swole Slam|yeah
|c|☆Zoroark The Master|Oh ok
|c|☆Zoroark The Master|Hf!
|c|☆Jaxhawk|gl hf
|inactive|Jaxhawk has 120 seconds left.
|inactive|Zoroark The Master has 120 seconds left.
|l| Ultra Swole Slam
|c|☆Zoroark The Master|U2 buddy
|j| Swagataka
|inactive|Jaxhawk has 90 seconds left.
|
|t:|1685891729
|start
|switch|p1a: Magearna|Magearna|100/100
|switch|p2a: Torkoal|Torkoal, M|100/100
|-weather|SunnyDay|[from] ability: Drought|[of] p2a: Torkoal
|turn|1
|c| Timwitzi4|zoroark as a name but no zoroark?
|c|☆Zoroark The Master|Heh
|
|t:|1685891744
|move|p1a: Magearna|Volt Switch|p2a: Torkoal
|-damage|p2a: Torkoal|65/100
|j| zapdosfangaming
|
|t:|1685891747
|switch|p1a: Slowking|Slowking-Galar, F|100/100|[from] Volt Switch
|move|p2a: Torkoal|Lava Plume|p1a: Slowking
|-damage|p1a: Slowking|85/100
|
|-weather|SunnyDay|[upkeep]
|upkeep
|turn|2
|j| JoeFlint
|
|t:|1685891756
|switch|p2a: Corviknight|Corviknight, F|100/100
|-ability|p2a: Corviknight|Pressure
|move|p1a: Slowking|Sludge Bomb|p2a: Corviknight
|-immune|p2a: Corviknight
|
|-weather|SunnyDay|[upkeep]
|upkeep
|turn|3
|
|t:|1685891779
|move|p2a: Corviknight|U-turn|p1a: Slowking
|-damage|p1a: Slowking|71/100
|
|t:|1685891782
|switch|p2a: Roaring Moon|Roaring Moon|100/100|[from] U-turn
|-activate|p2a: Roaring Moon|ability: Protosynthesis
|-start|p2a: Roaring Moon|protosynthesisatk
|move|p1a: Slowking|Future Sight|p2a: Roaring Moon
|-start|p1a: Slowking|move: Future Sight
|
|-weather|SunnyDay|[upkeep]
|upkeep
|turn|4
|
|t:|1685891788
|switch|p1a: Corviknight|Corviknight, M|100/100
|-ability|p1a: Corviknight|Pressure
|move|p2a: Roaring Moon|Crunch|p1a: Corviknight
|-damage|p1a: Corviknight|41/100
|-damage|p2a: Roaring Moon|84/100|[from] item: Rocky Helmet|[of] p1a: Corviknight
|
|-weather|SunnyDay|[upkeep]
|upkeep
|turn|5
|inactive|Jaxhawk has 120 seconds left.
|j| mrkillurpokes
|
|t:|1685891844
|switch|p1a: Magearna|Magearna|100/100
|move|p2a: Roaring Moon|Crunch|p1a: Magearna
|-resisted|p1a: Magearna
|-damage|p1a: Magearna|58/100
|
|-weather|SunnyDay|[upkeep]
|-end|p2a: Roaring Moon|move: Future Sight
|-immune|p2a: Roaring Moon
|upkeep
|turn|6
|
|t:|1685891860
|-terastallize|p2a: Roaring Moon|Dark
|move|p2a: Roaring Moon|Crunch|p1a: Magearna
|-resisted|p1a: Magearna
|-damage|p1a: Magearna|11/100
|move|p1a: Magearna|Trick Room|p1a: Magearna
|-fieldstart|move: Trick Room|[of] p1a: Magearna
|
|-weather|SunnyDay|[upkeep]
|upkeep
|turn|7
|
|t:|1685891867
|-end|p2a: Roaring Moon|Protosynthesis|[silent]
|switch|p2a: Corviknight|Corviknight, F|100/100
|-ability|p2a: Corviknight|Pressure
|move|p1a: Magearna|Fleur Cannon|p2a: Corviknight
|-resisted|p2a: Corviknight
|-damage|p2a: Corviknight|61/100
|-unboost|p1a: Magearna|spa|2
|-enditem|p1a: Magearna|Eject Pack
|j| seakingmissile
|
|t:|1685891892
|switch|p1a: Ursaluna|Ursaluna, M|100/100
|
|-weather|SunnyDay|[upkeep]
|-status|p1a: Ursaluna|brn|[from] item: Flame Orb
|upkeep
|turn|8
|
|t:|1685891904
|switch|p2a: Great Tusk|Great Tusk|100/100
|-activate|p2a: Great Tusk|ability: Protosynthesis
|-start|p2a: Great Tusk|protosynthesisdef
|move|p1a: Ursaluna|Fire Punch|p2a: Great Tusk
|-damage|p2a: Great Tusk|77/100
|
|-weather|none
|-end|p2a: Great Tusk|Protosynthesis
|-heal|p2a: Great Tusk|83/100|[from] item: Leftovers
|-damage|p1a: Ursaluna|94/100 brn|[from] brn
|upkeep
|turn|9
|
|t:|1685891911
|move|p1a: Ursaluna|Swords Dance|p1a: Ursaluna
|-boost|p1a: Ursaluna|atk|2
|move|p2a: Great Tusk|Headlong Rush|p1a: Ursaluna
|-damage|p1a: Ursaluna|57/100 brn
|-unboost|p2a: Great Tusk|def|1
|-unboost|p2a: Great Tusk|spd|1
|
|-heal|p2a: Great Tusk|89/100|[from] item: Leftovers
|-damage|p1a: Ursaluna|50/100 brn|[from] brn
|upkeep
|turn|10
|
|t:|1685891919
|-end|p2a: Great Tusk|Protosynthesis|[silent]
|switch|p2a: Gholdengo|Gholdengo|100/100
|move|p1a: Ursaluna|Facade|p2a: Gholdengo
|-immune|p2a: Gholdengo
|
|-damage|p1a: Ursaluna|44/100 brn|[from] brn
|-fieldend|move: Trick Room
|upkeep
|turn|11
|
|t:|1685891928
|switch|p1a: Kingambit|Kingambit, F|100/100
|move|p2a: Gholdengo|Make It Rain|p1a: Kingambit
|-resisted|p1a: Kingambit
|-damage|p1a: Kingambit|67/100
|-unboost|p2a: Gholdengo|spa|1
|
|-heal|p1a: Kingambit|74/100|[from] item: Leftovers
|upkeep
|turn|12
|
|t:|1685891932
|switch|p2a: Torkoal|Torkoal, M|65/100
|-weather|SunnyDay|[from] ability: Drought|[of] p2a: Torkoal
|move|p1a: Kingambit|Stealth Rock|p2a: Torkoal
|-sidestart|p2: Zoroark The Master|move: Stealth Rock
|
|-weather|SunnyDay|[upkeep]
|-heal|p1a: Kingambit|80/100|[from] item: Leftovers
|upkeep
|turn|13
|
|t:|1685891946
|-end|p1a: Kingambit|fallenundefined|[silent]
|switch|p1a: Slowking|Slowking-Galar, F|100/100
|move|p2a: Torkoal|Lava Plume|p1a: Slowking
|-damage|p1a: Slowking|86/100
|
|-weather|SunnyDay|[upkeep]
|upkeep
|turn|14
|j| Arrowhead1111
|
|t:|1685891951
|move|p1a: Slowking|Future Sight|p2a: Torkoal
|-start|p1a: Slowking|move: Future Sight
|move|p2a: Torkoal|Rapid Spin|p1a: Slowking
|-damage|p1a: Slowking|76/100
|-boost|p2a: Torkoal|spe|1
|-sideend|p2: Zoroark The Master|Stealth Rock|[from] move: Rapid Spin|[of] p2a: Torkoal
|
|-weather|SunnyDay|[upkeep]
|upkeep
|turn|15
|
|t:|1685891958
|move|p2a: Torkoal|Stealth Rock|p1a: Slowking
|-sidestart|p1: Jaxhawk|move: Stealth Rock
|move|p1a: Slowking|Flamethrower|p2a: Torkoal
|-resisted|p2a: Torkoal
|-damage|p2a: Torkoal|43/100
|
|-weather|SunnyDay|[upkeep]
|upkeep
|turn|16
|
|t:|1685891962
|switch|p2a: Roaring Moon|Roaring Moon, tera:Dark|84/100
|-activate|p2a: Roaring Moon|ability: Protosynthesis
|-start|p2a: Roaring Moon|protosynthesisatk
|move|p1a: Slowking|Flamethrower|p2a: Roaring Moon
|-damage|p2a: Roaring Moon|53/100
|
|-weather|SunnyDay|[upkeep]
|-end|p2a: Roaring Moon|move: Future Sight
|-immune|p2a: Roaring Moon
|upkeep
|turn|17
|
|t:|1685891968
|-terastallize|p1a: Slowking|Fairy
|move|p2a: Roaring Moon|Crunch|p1a: Slowking
|-resisted|p1a: Slowking
|-damage|p1a: Slowking|12/100
|move|p1a: Slowking|Sludge Bomb|p2a: Roaring Moon
|-damage|p2a: Roaring Moon|22/100
|
|-weather|SunnyDay|[upkeep]
|upkeep
|turn|18
|
|t:|1685891976
|switch|p1a: Magearna|Magearna|11/100
|-damage|p1a: Magearna|5/100|[from] Stealth Rock
|move|p2a: Roaring Moon|Crunch|p1a: Magearna
|-resisted|p1a: Magearna
|-damage|p1a: Magearna|0 fnt
|faint|p1a: Magearna
|
|-weather|SunnyDay|[upkeep]
|upkeep
|
|t:|1685891981
|switch|p1a: Kingambit|Kingambit, F|80/100
|-damage|p1a: Kingambit|74/100|[from] Stealth Rock
|-activate|p1a: Kingambit|ability: Supreme Overlord
|-start|p1a: Kingambit|fallen1|[silent]
|turn|19
|
|t:|1685891989
|move|p2a: Roaring Moon|Crunch|p1a: Kingambit
|-resisted|p1a: Kingambit
|-damage|p1a: Kingambit|31/100
|move|p1a: Kingambit|Iron Head|p2a: Roaring Moon
|-damage|p2a: Roaring Moon|0 fnt
|faint|p2a: Roaring Moon
|-end|p2a: Roaring Moon|Protosynthesis|[silent]
|
|-weather|none
|-heal|p1a: Kingambit|37/100|[from] item: Leftovers
|upkeep
|
|t:|1685891998
|switch|p2a: Torkoal|Torkoal, M|43/100
|-weather|SunnyDay|[from] ability: Drought|[of] p2a: Torkoal
|turn|20
|
|t:|1685892002
|move|p1a: Kingambit|Kowtow Cleave|p2a: Torkoal
|-damage|p2a: Torkoal|10/100
|move|p2a: Torkoal|Lava Plume|p1a: Kingambit
|-supereffective|p1a: Kingambit
|-damage|p1a: Kingambit|0 fnt
|faint|p1a: Kingambit
|-end|p1a: Kingambit|fallen1|[silent]
|
|-weather|SunnyDay|[upkeep]
|upkeep
|
|t:|1685892023
|switch|p1a: Corviknight|Corviknight, M|41/100
|-damage|p1a: Corviknight|29/100|[from] Stealth Rock
|-ability|p1a: Corviknight|Pressure
|turn|21
|
|t:|1685892029
|switch|p2a: Walking Wake|Walking Wake|100/100
|-activate|p2a: Walking Wake|ability: Protosynthesis
|-start|p2a: Walking Wake|protosynthesisspe
|move|p1a: Corviknight|Body Press|p2a: Walking Wake
|-damage|p2a: Walking Wake|74/100
|
|-weather|SunnyDay|[upkeep]
|upkeep
|turn|22
|
|t:|1685892036
|move|p2a: Walking Wake|Hydro Steam|p1a: Corviknight
|-damage|p1a: Corviknight|0 fnt
|faint|p1a: Corviknight
|
|-weather|SunnyDay|[upkeep]
|upkeep
|j| yomaalt
|
|t:|1685892040
|switch|p1a: Urshifu|Urshifu-Rapid-Strike, F|100/100
|-damage|p1a: Urshifu|94/100|[from] Stealth Rock
|turn|23
|
|t:|1685892047
|move|p2a: Walking Wake|Hydro Steam|p1a: Urshifu
|-resisted|p1a: Urshifu
|-damage|p1a: Urshifu|29/100
|move|p1a: Urshifu|Close Combat|p2a: Walking Wake
|-damage|p2a: Walking Wake|6/100
|-unboost|p1a: Urshifu|def|1
|-unboost|p1a: Urshifu|spd|1
|
|-weather|SunnyDay|[upkeep]
|upkeep
|turn|24
|
|t:|1685892050
|move|p1a: Urshifu|Aqua Jet|p2a: Walking Wake
|-resisted|p2a: Walking Wake
|-damage|p2a: Walking Wake|3/100
|move|p2a: Walking Wake|Hydro Steam|p1a: Urshifu
|-resisted|p1a: Urshifu
|-damage|p1a: Urshifu|0 fnt
|faint|p1a: Urshifu
|
|-weather|SunnyDay|[upkeep]
|upkeep
|c|☆Jaxhawk|gg
|l| Timwitzi4
|c|☆Zoroark The Master|Gg
|-message|Jaxhawk forfeited.
|
|win|Zoroark The Master
|n|☆Jaxhawk|jaxhawk
|n|☆Zoroark The Master|zoroarkthemaster
|n| Douha serp|douhaserp
|n| dioxidon|dioxidon
|n| Swagataka|swagataka
|n| zapdosfangaming|zapdosfangaming
|n| JoeFlint|joeflint
|n| mrkillurpokes|mrkillurpokes
|n| seakingmissile|seakingmissile
|n| Arrowhead1111|arrowhead1111
|n| yomaalt|yomaalt
