|j|☆Fee Nomene
|j|☆Dr. Badtimes OU
|t:|1685896697
|gametype|singles
|player|p1|Fee Nomene|iris-masters|1186
|player|p2|Dr. Badtimes OU|steven|1142
|teamsize|p1|6
|teamsize|p2|6
|gen|9
|tier|[Gen 9] OU
|rated|
|rule|Sleep Clause Mod: Limit one foe put to sleep
|rule|Species Clause: Limit one of each Pokémon
|rule|OHKO Clause: OHKO moves are banned
|rule|Evasion Items Clause: Evasion items are banned
|rule|Evasion Moves Clause: Evasion moves are banned
|rule|Endless Battle Clause: Forcing endless battles is banned
|rule|HP Percentage Mod: HP is shown in percentages
|clearpoke
|poke|p1|Uxie|
|poke|p1|Cresselia, F|
|poke|p1|Ursaluna, F|
|poke|p1|Clawitzer, F|
|poke|p1|Kingambit, M|
|poke|p1|Enamorus-Therian, F|
|poke|p2|Hatterene, F|
|poke|p2|Ursaluna, M|
|poke|p2|Torkoal, F|
|poke|p2|Magearna|
|poke|p2|Glastrier|
|poke|p2|Slowking-Galar, M|
|teampreview
|c|☆Fee Nomene|oh hi
|c|☆Dr. Badtimes OU|heyo
|c|☆Dr. Badtimes OU|glhf
|c|☆Fee Nomene|u2
|
|t:|1685896725
|start
|switch|p1a: Enamorus|Enamorus-Therian, F, shiny|100/100
|switch|p2a: Magearna|Magearna|100/100
|turn|1
|inactive|Battle timer is ON: inactive players will automatically lose when time's up. (requested by Fee Nomene)
|
|t:|1685896737
|move|p1a: Enamorus|Earth Power|p2a: Magearna
|-supereffective|p2a: Magearna
|-damage|p2a: Magearna|43/100
|-unboost|p2a: Magearna|spd|1
|-enditem|p2a: Magearna|Eject Pack
|
|t:|1685896743
|switch|p2a: Slowking|Slowking-Galar, M|100/100
|
|upkeep
|turn|2
|c|☆Fee Nomene|oops
|c|☆Fee Nomene|that wasn't meant to happen i guess
|
|t:|1685896761
|switch|p1a: Kingambit|Kingambit, M, shiny|100/100
|move|p2a: Slowking|Trick Room|p2a: Slowking
|-fieldstart|move: Trick Room|[of] p2a: Slowking
|
|upkeep
|turn|3
|
|t:|1685896777
|move|p2a: Slowking|Flamethrower|p1a: Kingambit
|-supereffective|p1a: Kingambit
|-damage|p1a: Kingambit|52/100
|move|p1a: Kingambit|Kowtow Cleave|p2a: Slowking
|-supereffective|p2a: Slowking
|-damage|p2a: Slowking|9/100
|
|upkeep
|turn|4
|
|t:|1685896783
|move|p1a: Kingambit|Sucker Punch|p2a: Slowking
|-supereffective|p2a: Slowking
|-damage|p2a: Slowking|0 fnt
|faint|p2a: Slowking
|
|upkeep
|
|t:|1685896791
|switch|p2a: Torkoal|Torkoal, F|100/100
|-weather|SunnyDay|[from] ability: Drought|[of] p2a: Torkoal
|turn|5
|
|t:|1685896796
|-end|p1a: Kingambit|fallenundefined|[silent]
|switch|p1a: Clawitzer|Clawitzer, F, shiny|100/100
|move|p2a: Torkoal|Eruption|p1a: Clawitzer
|-resisted|p1a: Clawitzer
|-damage|p1a: Clawitzer|46/100
|
|-weather|SunnyDay|[upkeep]
|upkeep
|turn|6
|
|t:|1685896804
|move|p2a: Torkoal|Eruption|p1a: Clawitzer
|-resisted|p1a: Clawitzer
|-damage|p1a: Clawitzer|0 fnt
|faint|p1a: Clawitzer
|
|-weather|SunnyDay|[upkeep]
|-fieldend|move: Trick Room
|upkeep
|
|t:|1685896810
|switch|p1a: Ursaluna|Ursaluna, F, shiny|100/100
|turn|7
|
|t:|1685896827
|switch|p1a: Uxie|Uxie, shiny|100/100
|switch|p2a: Magearna|Magearna|43/100
|
|-weather|SunnyDay|[upkeep]
|upkeep
|turn|8
|
|t:|1685896833
|move|p1a: Uxie|Stealth Rock|p2a: Magearna
|-sidestart|p2: Dr. Badtimes OU|move: Stealth Rock
|move|p2a: Magearna|Trick Room|p2a: Magearna
|-fieldstart|move: Trick Room|[of] p2a: Magearna
|
|-weather|SunnyDay|[upkeep]
|upkeep
|turn|9
|
|t:|1685896851
|switch|p2a: Ursaluna|Ursaluna, M|100/100
|-damage|p2a: Ursaluna|94/100|[from] Stealth Rock
|move|p1a: Uxie|Trick Room|p1a: Uxie
|-fieldend|move: Trick Room
|
|-weather|none
|-status|p2a: Ursaluna|brn|[from] item: Flame Orb
|upkeep
|turn|10
|
|t:|1685896859
|switch|p2a: Magearna|Magearna|43/100
|-damage|p2a: Magearna|37/100|[from] Stealth Rock
|move|p1a: Uxie|Memento|p2a: Magearna
|-unboost|p2a: Magearna|atk|2
|-unboost|p2a: Magearna|spa|2
|faint|p1a: Uxie
|-ability|p2a: Magearna|Soul-Heart|boost
|-boost|p2a: Magearna|spa|1
|
|upkeep
|
|t:|1685896870
|switch|p1a: Ursaluna|Ursaluna, F, shiny|100/100
|turn|11
|
|t:|1685896877
|move|p1a: Ursaluna|Bulk Up|p1a: Ursaluna
|-boost|p1a: Ursaluna|atk|1
|-boost|p1a: Ursaluna|def|1
|move|p2a: Magearna|Trick Room|p2a: Magearna
|-fieldstart|move: Trick Room|[of] p2a: Magearna
|
|-status|p1a: Ursaluna|brn|[from] item: Flame Orb
|upkeep
|turn|12
|
|t:|1685896889
|move|p1a: Ursaluna|Drain Punch|p2a: Magearna
|-damage|p2a: Magearna|0 fnt
|faint|p2a: Magearna
|
|-damage|p1a: Ursaluna|94/100 brn|[from] brn
|upkeep
|
|t:|1685896910
|switch|p2a: Torkoal|Torkoal, F|100/100
|-damage|p2a: Torkoal|76/100|[from] Stealth Rock
|-weather|SunnyDay|[from] ability: Drought|[of] p2a: Torkoal
|turn|13
|inactive|Dr. Badtimes OU has 120 seconds left.
|
|t:|1685896930
|-terastallize|p1a: Ursaluna|Normal
|move|p2a: Torkoal|Eruption|p1a: Ursaluna
|-damage|p1a: Ursaluna|1/100 brn
|move|p1a: Ursaluna|Facade|p2a: Torkoal
|-damage|p2a: Torkoal|0 fnt
|faint|p2a: Torkoal
|
|-weather|SunnyDay|[upkeep]
|-damage|p1a: Ursaluna|0 fnt|[from] brn
|faint|p1a: Ursaluna
|upkeep
|
|t:|1685896940
|switch|p2a: Ursaluna|Ursaluna, M|94/100 brn
|switch|p1a: Enamorus|Enamorus-Therian, F, shiny|100/100
|-damage|p2a: Ursaluna|88/100 brn|[from] Stealth Rock
|turn|14
|
|t:|1685896947
|move|p1a: Enamorus|Moonblast|p2a: Ursaluna
|-damage|p2a: Ursaluna|35/100 brn
|move|p2a: Ursaluna|Facade|p1a: Enamorus
|-damage|p1a: Enamorus|0 fnt
|faint|p1a: Enamorus
|
|-weather|SunnyDay|[upkeep]
|-damage|p2a: Ursaluna|29/100 brn|[from] brn
|upkeep
|
|t:|1685896961
|switch|p1a: Cresselia|Cresselia, F, shiny|100/100
|turn|15
|
|t:|1685896971
|-terastallize|p2a: Ursaluna|Normal
|move|p2a: Ursaluna|Facade|p1a: Cresselia
|-crit|p1a: Cresselia
|-damage|p1a: Cresselia|0 fnt
|faint|p1a: Cresselia
|
|-weather|SunnyDay|[upkeep]
|-damage|p2a: Ursaluna|22/100 brn|[from] brn
|-fieldend|move: Trick Room
|upkeep
|
|t:|1685896976
|switch|p1a: Kingambit|Kingambit, M, shiny|52/100
|-activate|p1a: Kingambit|ability: Supreme Overlord
|-start|p1a: Kingambit|fallen5|[silent]
|turn|16
|
|t:|1685896992
|move|p1a: Kingambit|Kowtow Cleave|p2a: Ursaluna
|-damage|p2a: Ursaluna|0 fnt
|faint|p2a: Ursaluna
|
|-weather|SunnyDay|[upkeep]
|upkeep
|
|t:|1685896995
|switch|p2a: Hatterene|Hatterene, F|100/100
|-damage|p2a: Hatterene|88/100|[from] Stealth Rock
|turn|17
|
|t:|1685897000
|move|p1a: Kingambit|Iron Head|p2a: Hatterene
|-supereffective|p2a: Hatterene
|-damage|p2a: Hatterene|0 fnt
|faint|p2a: Hatterene
|
|-weather|none
|upkeep
|
|t:|1685897004
|switch|p2a: Glastrier|Glastrier|100/100
|turn|18
|
|t:|1685897009
|move|p1a: Kingambit|Iron Head|p2a: Glastrier
|-supereffective|p2a: Glastrier
|-damage|p2a: Glastrier|9/100
|cant|p2a: Glastrier|flinch
|
|upkeep
|turn|19
|c|☆Dr. Badtimes OU|gg
|c|☆Fee Nomene|which move did you click ?
|c|☆Dr. Badtimes OU|Stomping Tantrum
|inactive|Fee Nomene has 120 seconds left.
|c|☆Fee Nomene|was it supposed to kill ?
|c|☆Dr. Badtimes OU|Kinda
|c|☆Fee Nomene|what are your invests ?
|inactive|Fee Nomene has 90 seconds left.
|c|☆Dr. Badtimes OU|Max Attack, 248 HP, 8 SpDef
|inactive|Fee Nomene has 60 seconds left.
|c|☆Fee Nomene|deals 48-57%
|c|☆Dr. Badtimes OU|Huh, neat
|inactive|Fee Nomene has 30 seconds left.
|c|☆Fee Nomene|just to be fair, i'm gonna click sd like you didn't have been flinched on the previous turn
|
|t:|1685897134
|move|p1a: Kingambit|Swords Dance|p1a: Kingambit
|-boost|p1a: Kingambit|atk|2
|move|p2a: Glastrier|Stomping Tantrum|p1a: Kingambit
|-supereffective|p1a: Kingambit
|-damage|p1a: Kingambit|0 fnt
|faint|p1a: Kingambit
|-end|p1a: Kingambit|fallen5|[silent]
|
|win|Dr. Badtimes OU
|raw|Fee Nomene's rating: 1186 → 1158(-28 for losing)
|raw|Dr. Badtimes OU's rating: 1142 → 1170(+28 for winning)
|c|☆Fee Nomene|you had the roll, gg
|c|☆Dr. Badtimes OU|gg wp
