|j|☆froslass2thestars
|j|☆RyoDio
|t:|1685921490
|gametype|singles
|player|p1|froslass2thestars|psychic-gen4|1530
|player|p2|RyoDio|depotagent|1459
|teamsize|p1|6
|teamsize|p2|6
|gen|9
|tier|[Gen 9] OU
|rated|
|rule|Sleep Clause Mod: Limit one foe put to sleep
|rule|Species Clause: Limit one of each Pokémon
|rule|OHKO Clause: OHKO moves are banned
|rule|Evasion Items Clause: Evasion items are banned
|rule|Evasion Moves Clause: Evasion moves are banned
|rule|Endless Battle Clause: Forcing endless battles is banned
|rule|HP Percentage Mod: HP is shown in percentages
|clearpoke
|poke|p1|Volcanion|
|poke|p1|Dragonite, M|
|poke|p1|Ting-Lu|
|poke|p1|Skeledirge, M|
|poke|p1|Great Tusk|
|poke|p1|Enamorus, F|
|poke|p2|Chien-Pao|
|poke|p2|Kleavor, F|
|poke|p2|Zamazenta-*|
|poke|p2|Gholdengo|
|poke|p2|Garchomp, F|
|poke|p2|Magearna|
|teampreview
|inactive|Battle timer is ON: inactive players will automatically lose when time's up. (requested by froslass2thestars)
|
|t:|1685921497
|start
|switch|p1a: Ting-Lu|Ting-Lu|100/100
|switch|p2a: Kleaver|Kleavor, F, shiny|100/100
|-ability|p1a: Ting-Lu|Vessel of Ruin
|turn|1
|
|t:|1685921506
|move|p2a: Kleaver|Stone Axe|p1a: Ting-Lu
|-resisted|p1a: Ting-Lu
|-damage|p1a: Ting-Lu|86/100
|-sidestart|p1: froslass2thestars|move: Stealth Rock
|move|p1a: Ting-Lu|Stealth Rock|p2a: Kleaver
|-sidestart|p2: RyoDio|move: Stealth Rock
|
|-heal|p1a: Ting-Lu|93/100|[from] item: Leftovers
|upkeep
|turn|2
|
|t:|1685921512
|move|p2a: Kleaver|U-turn|p1a: Ting-Lu
|-supereffective|p1a: Ting-Lu
|-damage|p1a: Ting-Lu|54/100
|
|t:|1685921517
|switch|p2a: Chien-Paowowowww|Chien-Pao|100/100|[from] U-turn
|-damage|p2a: Chien-Paowowowww|76/100|[from] Stealth Rock
|-ability|p2a: Chien-Paowowowww|Sword of Ruin
|move|p1a: Ting-Lu|Spikes|p2a: Chien-Paowowowww
|-sidestart|p2: RyoDio|Spikes
|
|-heal|p1a: Ting-Lu|60/100|[from] item: Leftovers
|upkeep
|turn|3
|
|t:|1685921526
|switch|p1a: Volcanion|Volcanion|100/100
|move|p2a: Chien-Paowowowww|Ice Spinner|p1a: Volcanion
|-resisted|p1a: Volcanion
|-damage|p1a: Volcanion|88/100
|
|upkeep
|turn|4
|
|t:|1685921533
|switch|p2a: Shark|Garchomp, F|100/100
|-damage|p2a: Shark|94/100|[from] Stealth Rock
|-damage|p2a: Shark|82/100|[from] Spikes
|move|p1a: Volcanion|Steam Eruption|p2a: Shark
|-damage|p2a: Shark|34/100
|-status|p2a: Shark|brn
|
|-damage|p2a: Shark|28/100 brn|[from] brn
|upkeep
|turn|5
|
|t:|1685921539
|switch|p1a: Great Tusk|Great Tusk|100/100
|move|p2a: Shark|Earthquake|p1a: Great Tusk
|-damage|p1a: Great Tusk|85/100
|
|-damage|p2a: Shark|22/100 brn|[from] brn
|upkeep
|turn|6
|
|t:|1685921543
|move|p2a: Shark|Spikes|p1a: Great Tusk
|-sidestart|p1: froslass2thestars|Spikes
|move|p1a: Great Tusk|Rapid Spin|p2a: Shark
|-damage|p2a: Shark|8/100 brn
|-boost|p1a: Great Tusk|spe|1
|-damage|p1a: Great Tusk|73/100|[from] ability: Rough Skin|[of] p2a: Shark
|-damage|p1a: Great Tusk|56/100|[from] item: Rocky Helmet|[of] p2a: Shark
|-sideend|p1: froslass2thestars|Spikes|[from] move: Rapid Spin|[of] p1a: Great Tusk
|-sideend|p1: froslass2thestars|Stealth Rock|[from] move: Rapid Spin|[of] p1a: Great Tusk
|
|-damage|p2a: Shark|2/100 brn|[from] brn
|upkeep
|turn|7
|
|t:|1685921547
|move|p1a: Great Tusk|Earthquake|p2a: Shark
|-damage|p2a: Shark|0 fnt
|faint|p2a: Shark
|
|upkeep
|
|t:|1685921550
|switch|p2a: Inshallah|Gholdengo|100/100
|-damage|p2a: Inshallah|94/100|[from] Stealth Rock
|-damage|p2a: Inshallah|82/100|[from] Spikes
|turn|8
|
|t:|1685921554
|move|p1a: Great Tusk|Earthquake|p2a: Inshallah
|-supereffective|p2a: Inshallah
|-damage|p2a: Inshallah|0 fnt
|faint|p2a: Inshallah
|
|upkeep
|
|t:|1685921559
|switch|p2a: Zamos|Zamazenta|100/100
|-damage|p2a: Zamos|94/100|[from] Stealth Rock
|-damage|p2a: Zamos|82/100|[from] Spikes
|-ability|p2a: Zamos|Dauntless Shield|boost
|-boost|p2a: Zamos|def|1
|turn|9
|
|t:|1685921568
|-end|p1a: Great Tusk|Protosynthesis|[silent]
|switch|p1a: Enamorus|Enamorus, F|100/100
|move|p2a: Zamos|Crunch|p1a: Enamorus
|-resisted|p1a: Enamorus
|-damage|p1a: Enamorus|68/100
|-boost|p1a: Enamorus|def|1
|
|upkeep
|turn|10
|
|t:|1685921574
|switch|p2a: Kleaver|Kleavor, F, shiny|100/100
|-damage|p2a: Kleaver|76/100|[from] Stealth Rock
|-damage|p2a: Kleaver|63/100|[from] Spikes
|move|p1a: Enamorus|Moonblast|p2a: Kleaver
|-damage|p2a: Kleaver|0 fnt
|faint|p2a: Kleaver
|
|upkeep
|
|t:|1685921577
|switch|p2a: Cecilia|Magearna|100/100
|-damage|p2a: Cecilia|94/100|[from] Stealth Rock
|-damage|p2a: Cecilia|82/100|[from] Spikes
|turn|11
|
|t:|1685921584
|switch|p1a: Ting-Lu|Ting-Lu|60/100
|-ability|p1a: Ting-Lu|Vessel of Ruin
|move|p2a: Cecilia|Shift Gear|p2a: Cecilia
|-boost|p2a: Cecilia|spe|2
|-boost|p2a: Cecilia|atk|1
|
|-heal|p1a: Ting-Lu|66/100|[from] item: Leftovers
|upkeep
|turn|12
|
|t:|1685921592
|move|p2a: Cecilia|Draining Kiss|p1a: Ting-Lu
|-supereffective|p1a: Ting-Lu
|-damage|p1a: Ting-Lu|41/100
|-heal|p2a: Cecilia|100/100|[from] drain|[of] p1a: Ting-Lu
|move|p1a: Ting-Lu|Earthquake|p2a: Cecilia
|-supereffective|p2a: Cecilia
|-enditem|p2a: Cecilia|Shuca Berry|[eat]
|-enditem|p2a: Cecilia|Shuca Berry|[weaken]
|-damage|p2a: Cecilia|70/100
|
|-heal|p1a: Ting-Lu|48/100|[from] item: Leftovers
|upkeep
|turn|13
|
|t:|1685921602
|-terastallize|p2a: Cecilia|Water
|move|p2a: Cecilia|Calm Mind|p2a: Cecilia
|-boost|p2a: Cecilia|spa|1
|-boost|p2a: Cecilia|spd|1
|move|p1a: Ting-Lu|Earthquake|p2a: Cecilia
|-damage|p2a: Cecilia|40/100
|
|-heal|p1a: Ting-Lu|54/100|[from] item: Leftovers
|upkeep
|turn|14
|
|t:|1685921606
|move|p2a: Cecilia|Draining Kiss|p1a: Ting-Lu
|-supereffective|p1a: Ting-Lu
|-damage|p1a: Ting-Lu|15/100
|-heal|p2a: Cecilia|81/100|[from] drain|[of] p1a: Ting-Lu
|move|p1a: Ting-Lu|Whirlwind|p2a: Cecilia
|drag|p2a: Zamos|Zamazenta|82/100
|-damage|p2a: Zamos|76/100|[from] Stealth Rock
|-damage|p2a: Zamos|64/100|[from] Spikes
|
|-heal|p1a: Ting-Lu|22/100|[from] item: Leftovers
|upkeep
|turn|15
|
|t:|1685921614
|switch|p1a: Enamorus|Enamorus, F|68/100
|move|p2a: Zamos|Close Combat|p1a: Enamorus
|-resisted|p1a: Enamorus
|-damage|p1a: Enamorus|26/100
|-unboost|p2a: Zamos|def|1
|-unboost|p2a: Zamos|spd|1
|
|upkeep
|turn|16
|
|t:|1685921619
|move|p1a: Enamorus|Moonblast|p2a: Zamos
|-supereffective|p2a: Zamos
|-damage|p2a: Zamos|0 fnt
|faint|p2a: Zamos
|
|upkeep
|
|t:|1685921621
|switch|p2a: Chien-Paowowowww|Chien-Pao|76/100
|-damage|p2a: Chien-Paowowowww|51/100|[from] Stealth Rock
|-damage|p2a: Chien-Paowowowww|38/100|[from] Spikes
|-ability|p2a: Chien-Paowowowww|Sword of Ruin
|turn|17
|
|t:|1685921627
|switch|p1a: Ting-Lu|Ting-Lu|22/100
|-ability|p1a: Ting-Lu|Vessel of Ruin
|switch|p2a: Cecilia|Magearna, tera:Water|81/100
|-damage|p2a: Cecilia|69/100|[from] Stealth Rock
|-damage|p2a: Cecilia|57/100|[from] Spikes
|
|-heal|p1a: Ting-Lu|28/100|[from] item: Leftovers
|upkeep
|turn|18
|
|t:|1685921632
|move|p2a: Cecilia|Draining Kiss|p1a: Ting-Lu
|-supereffective|p1a: Ting-Lu
|-damage|p1a: Ting-Lu|3/100
|-heal|p2a: Cecilia|83/100|[from] drain|[of] p1a: Ting-Lu
|move|p1a: Ting-Lu|Whirlwind|p2a: Cecilia
|drag|p2a: Chien-Paowowowww|Chien-Pao|38/100
|-damage|p2a: Chien-Paowowowww|13/100|[from] Stealth Rock
|-damage|p2a: Chien-Paowowowww|1/100|[from] Spikes
|-ability|p2a: Chien-Paowowowww|Sword of Ruin
|
|-heal|p1a: Ting-Lu|9/100|[from] item: Leftovers
|upkeep
|turn|19
|
|t:|1685921635
|move|p2a: Chien-Paowowowww|Ice Spinner|p1a: Ting-Lu
|-supereffective|p1a: Ting-Lu
|-damage|p1a: Ting-Lu|0 fnt
|faint|p1a: Ting-Lu
|
|upkeep
|
|t:|1685921653
|switch|p1a: Skeledirge|Skeledirge, M|100/100
|turn|20
|
|t:|1685921663
|-terastallize|p1a: Skeledirge|Fairy
|move|p2a: Chien-Paowowowww|Ice Spinner|p1a: Skeledirge
|-damage|p1a: Skeledirge|35/100
|move|p1a: Skeledirge|Torch Song|p2a: Chien-Paowowowww
|-supereffective|p2a: Chien-Paowowowww
|-damage|p2a: Chien-Paowowowww|0 fnt
|-boost|p1a: Skeledirge|spa|1
|faint|p2a: Chien-Paowowowww
|
|upkeep
|
|t:|1685921666
|switch|p2a: Cecilia|Magearna, tera:Water|83/100
|-damage|p2a: Cecilia|71/100|[from] Stealth Rock
|-damage|p2a: Cecilia|58/100|[from] Spikes
|turn|21
|inactive|froslass2thestars has 120 seconds left.
|
|t:|1685921699
|switch|p1a: Enamorus|Enamorus, F|26/100
|move|p2a: Cecilia|Calm Mind|p2a: Cecilia
|-boost|p2a: Cecilia|spa|1
|-boost|p2a: Cecilia|spd|1
|
|upkeep
|turn|22
|
|t:|1685921706
|move|p1a: Enamorus|Superpower|p2a: Cecilia
|-damage|p2a: Cecilia|34/100
|-boost|p1a: Enamorus|atk|1
|-boost|p1a: Enamorus|def|1
|move|p2a: Cecilia|Draining Kiss|p1a: Enamorus
|-damage|p1a: Enamorus|0 fnt
|-heal|p2a: Cecilia|49/100|[from] drain|[of] p1a: Enamorus
|faint|p1a: Enamorus
|-ability|p2a: Cecilia|Soul-Heart|boost
|-boost|p2a: Cecilia|spa|1
|
|upkeep
|
|t:|1685921714
|switch|p1a: Skeledirge|Skeledirge, M, tera:Fairy|35/100
|turn|23
|
|t:|1685921722
|move|p1a: Skeledirge|Will-O-Wisp|p2a: Cecilia
|-status|p2a: Cecilia|brn
|move|p2a: Cecilia|Shift Gear|p2a: Cecilia
|-boost|p2a: Cecilia|spe|2
|-boost|p2a: Cecilia|atk|1
|
|-damage|p2a: Cecilia|43/100 brn|[from] brn
|upkeep
|turn|24
|
|t:|1685921725
|move|p2a: Cecilia|Stored Power|p1a: Skeledirge
|-damage|p1a: Skeledirge|0 fnt
|faint|p1a: Skeledirge
|-ability|p2a: Cecilia|Soul-Heart|boost
|-boost|p2a: Cecilia|spa|1
|
|-damage|p2a: Cecilia|37/100 brn|[from] brn
|upkeep
|
|t:|1685921732
|switch|p1a: Volcanion|Volcanion|88/100
|turn|25
|
|t:|1685921734
|move|p2a: Cecilia|Stored Power|p1a: Volcanion
|-damage|p1a: Volcanion|0 fnt
|faint|p1a: Volcanion
|-ability|p2a: Cecilia|Soul-Heart|boost
|-boost|p2a: Cecilia|spa|1
|
|-damage|p2a: Cecilia|31/100 brn|[from] brn
|upkeep
|
|t:|1685921739
|switch|p1a: Dragonite|Dragonite, M|100/100
|turn|26
|
|t:|1685921748
|move|p1a: Dragonite|Extreme Speed|p2a: Cecilia
|-damage|p2a: Cecilia|5/100 brn
|move|p2a: Cecilia|Draining Kiss|p1a: Dragonite
|-supereffective|p1a: Dragonite
|-damage|p1a: Dragonite|5/100
|-heal|p2a: Cecilia|69/100 brn|[from] drain|[of] p1a: Dragonite
|
|-damage|p2a: Cecilia|63/100 brn|[from] brn
|upkeep
|turn|27
|-message|froslass2thestars forfeited.
|
|win|RyoDio
|raw|froslass2thestars's rating: 1530 → 1506(-24 for losing)
|raw|RyoDio's rating: 1459 → 1483(+24 for winning)
|l|☆froslass2thestars
