|j|☆Robsonpurin
|j|☆thegreat57%
|t:|1685907205
|gametype|singles
|player|p1|Robsonpurin|266|1052
|player|p2|thegreat57%|265|1036
|teamsize|p1|6
|teamsize|p2|6
|gen|9
|tier|[Gen 9] OU
|rated|
|rule|Sleep Clause Mod: Limit one foe put to sleep
|rule|Species Clause: Limit one of each Pokémon
|rule|OHKO Clause: OHKO moves are banned
|rule|Evasion Items Clause: Evasion items are banned
|rule|Evasion Moves Clause: Evasion moves are banned
|rule|Endless Battle Clause: Forcing endless battles is banned
|rule|HP Percentage Mod: HP is shown in percentages
|clearpoke
|poke|p1|Masquerain, F|
|poke|p1|Grimmsnarl, M|
|poke|p1|Ursaring, F|
|poke|p1|Breloom, F|
|poke|p1|Garchomp, M|
|poke|p1|Sneasler, F|
|poke|p2|Baxcalibur, F|
|poke|p2|Slowking, F|
|poke|p2|Iron Valiant|
|poke|p2|Amoonguss, M|
|poke|p2|Corviknight, M|
|poke|p2|Great Tusk|
|teampreview
|inactive|Battle timer is ON: inactive players will automatically lose when time's up. (requested by Robsonpurin)
|c|☆Robsonpurin|?
|
|t:|1685907251
|start
|switch|p1a: Praxedes|Grimmsnarl, M|100/100
|switch|p2a: SheCorvOnMyKnight|Corviknight, M|100/100
|turn|1
|
|t:|1685907279
|move|p1a: Praxedes|Reflect|p1a: Praxedes
|-sidestart|p1: Robsonpurin|Reflect
|move|p2a: SheCorvOnMyKnight|U-turn|p1a: Praxedes
|-damage|p1a: Praxedes|92/100
|
|t:|1685907287
|switch|p2a: Holdontoyourhelm|Amoonguss, M|100/100|[from] U-turn
|
|upkeep
|turn|2
|
|t:|1685907292
|move|p1a: Praxedes|Light Screen|p1a: Praxedes
|-sidestart|p1: Robsonpurin|move: Light Screen
|move|p2a: Holdontoyourhelm|Clear Smog|p1a: Praxedes
|-supereffective|p1a: Praxedes
|-damage|p1a: Praxedes|81/100
|-clearboost|p1a: Praxedes
|
|upkeep
|turn|3
|
|t:|1685907296
|move|p1a: Praxedes|Taunt|p2a: Holdontoyourhelm
|-start|p2a: Holdontoyourhelm|move: Taunt
|cant|p2a: Holdontoyourhelm|move: Taunt|Spore
|
|upkeep
|turn|4
|
|t:|1685907302
|switch|p1a: Ursaring|Ursaring, F|100/100
|move|p2a: Holdontoyourhelm|Clear Smog|p1a: Ursaring
|-damage|p1a: Ursaring|96/100
|-clearboost|p1a: Ursaring
|
|upkeep
|turn|5
|
|t:|1685907312
|switch|p2a: SlodogChillionaire|Slowking, F|100/100
|move|p1a: Ursaring|Body Slam|p2a: SlodogChillionaire
|-damage|p2a: SlodogChillionaire|59/100
|
|upkeep
|turn|6
|
|t:|1685907320
|move|p1a: Ursaring|Bulk Up|p1a: Ursaring
|-boost|p1a: Ursaring|atk|1
|-boost|p1a: Ursaring|def|1
|move|p2a: SlodogChillionaire|Thunder Wave|p1a: Ursaring|[miss]
|-miss|p2a: SlodogChillionaire|p1a: Ursaring
|
|upkeep
|turn|7
|
|t:|1685907329
|move|p1a: Ursaring|Body Slam|p2a: SlodogChillionaire
|-damage|p2a: SlodogChillionaire|4/100
|move|p2a: SlodogChillionaire|Chilly Reception|p2a: SlodogChillionaire
|-weather|Snow
|
|t:|1685907337
|switch|p2a: The Great 57%|Great Tusk|100/100|[from] Chilly Reception
|
|-weather|Snow|[upkeep]
|upkeep
|turn|8
|
|t:|1685907351
|move|p2a: The Great 57%|Knock Off|p1a: Ursaring
|-damage|p1a: Ursaring|84/100
|-enditem|p1a: Ursaring|Eviolite|[from] move: Knock Off|[of] p2a: The Great 57%
|move|p1a: Ursaring|Body Slam|p2a: The Great 57%
|-damage|p2a: The Great 57%|58/100
|
|-weather|Snow|[upkeep]
|-sideend|p1: Robsonpurin|Reflect
|upkeep
|turn|9
|
|t:|1685907373
|-end|p2a: The Great 57%|Protosynthesis|[silent]
|switch|p2a: Copper Combat|Iron Valiant|100/100
|move|p1a: Ursaring|Body Slam|p2a: Copper Combat
|-damage|p2a: Copper Combat|29/100
|
|-weather|Snow|[upkeep]
|-sideend|p1: Robsonpurin|move: Light Screen
|upkeep
|turn|10
|
|t:|1685907401
|move|p2a: Copper Combat|Close Combat|p1a: Ursaring
|-supereffective|p1a: Ursaring
|-damage|p1a: Ursaring|0 fnt
|-unboost|p2a: Copper Combat|def|1
|-unboost|p2a: Copper Combat|spd|1
|faint|p1a: Ursaring
|
|-weather|Snow|[upkeep]
|upkeep
|
|t:|1685907405
|switch|p1a: Praxedes|Grimmsnarl, M|81/100
|turn|11
|
|t:|1685907413
|move|p1a: Praxedes|Reflect|p1a: Praxedes
|-sidestart|p1: Robsonpurin|Reflect
|move|p2a: Copper Combat|Close Combat|p1a: Praxedes
|-damage|p1a: Praxedes|26/100
|-unboost|p2a: Copper Combat|def|1
|-unboost|p2a: Copper Combat|spd|1
|
|-weather|Snow|[upkeep]
|upkeep
|turn|12
|
|t:|1685907419
|move|p2a: Copper Combat|Close Combat|p1a: Praxedes
|-damage|p1a: Praxedes|0 fnt
|-unboost|p2a: Copper Combat|def|1
|-unboost|p2a: Copper Combat|spd|1
|faint|p1a: Praxedes
|
|-weather|Snow|[upkeep]
|upkeep
|
|t:|1685907424
|switch|p1a: Messi|Breloom, F|100/100
|turn|13
|
|t:|1685907431
|-terastallize|p2a: Copper Combat|Ghost
|move|p1a: Messi|Mach Punch|p2a: Copper Combat
|-immune|p2a: Copper Combat
|move|p2a: Copper Combat|Close Combat|p1a: Messi
|-damage|p1a: Messi|23/100
|-unboost|p2a: Copper Combat|def|1
|-unboost|p2a: Copper Combat|spd|1
|
|-weather|Snow|[upkeep]
|upkeep
|turn|14
|
|t:|1685907443
|switch|p1a: EL pichula|Masquerain, F|100/100
|-ability|p1a: EL pichula|Intimidate|boost
|-unboost|p2a: Copper Combat|atk|1
|move|p2a: Copper Combat|Close Combat|p1a: EL pichula
|-resisted|p1a: EL pichula
|-damage|p1a: EL pichula|87/100
|-unboost|p2a: Copper Combat|def|1
|-unboost|p2a: Copper Combat|spd|1
|
|-weather|none
|upkeep
|turn|15
|
|t:|1685907450
|move|p2a: Copper Combat|Close Combat|p1a: EL pichula
|-resisted|p1a: EL pichula
|-damage|p1a: EL pichula|73/100
|-unboost|p2a: Copper Combat|def|1
|-unboost|p2a: Copper Combat|spd|1
|move|p1a: EL pichula|Tailwind|p1a: EL pichula
|-sidestart|p1: Robsonpurin|move: Tailwind
|
|upkeep
|turn|16
|
|t:|1685907454
|move|p1a: EL pichula|Bug Buzz|p2a: Copper Combat
|-resisted|p2a: Copper Combat
|-damage|p2a: Copper Combat|0 fnt
|faint|p2a: Copper Combat
|-end|p2a: Copper Combat|Quark Drive|[silent]
|
|upkeep
|
|t:|1685907468
|switch|p2a: SheCorvOnMyKnight|Corviknight, M|100/100
|turn|17
|
|t:|1685907473
|move|p1a: EL pichula|Hurricane|p2a: SheCorvOnMyKnight
|-resisted|p2a: SheCorvOnMyKnight
|-damage|p2a: SheCorvOnMyKnight|83/100
|move|p2a: SheCorvOnMyKnight|Brave Bird|p1a: EL pichula
|-supereffective|p1a: EL pichula
|-damage|p1a: EL pichula|13/100
|-damage|p2a: SheCorvOnMyKnight|69/100|[from] Recoil
|
|-heal|p2a: SheCorvOnMyKnight|75/100|[from] item: Leftovers
|upkeep
|turn|18
|
|t:|1685907480
|move|p1a: EL pichula|Sticky Web|p2a: SheCorvOnMyKnight
|-sidestart|p2: thegreat57%|move: Sticky Web
|move|p2a: SheCorvOnMyKnight|Roost|p2a: SheCorvOnMyKnight
|-heal|p2a: SheCorvOnMyKnight|100/100
|-singleturn|p2a: SheCorvOnMyKnight|move: Roost
|
|-sideend|p1: Robsonpurin|Reflect
|-sideend|p1: Robsonpurin|move: Tailwind
|upkeep
|turn|19
|
|t:|1685907483
|move|p1a: EL pichula|Tailwind|p1a: EL pichula
|-sidestart|p1: Robsonpurin|move: Tailwind
|move|p2a: SheCorvOnMyKnight|Brave Bird|p1a: EL pichula
|-supereffective|p1a: EL pichula
|-damage|p1a: EL pichula|0 fnt
|faint|p1a: EL pichula
|-damage|p2a: SheCorvOnMyKnight|97/100|[from] Recoil
|
|-heal|p2a: SheCorvOnMyKnight|100/100|[from] item: Leftovers
|upkeep
|
|t:|1685907491
|switch|p1a: Nekawa|Sneasler, F|100/100
|turn|20
|
|t:|1685907498
|move|p1a: Nekawa|Close Combat|p2a: SheCorvOnMyKnight
|-damage|p2a: SheCorvOnMyKnight|46/100
|-unboost|p1a: Nekawa|def|1
|-unboost|p1a: Nekawa|spd|1
|-enditem|p1a: Nekawa|White Herb
|-clearnegativeboost|p1a: Nekawa|[silent]
|move|p2a: SheCorvOnMyKnight|Brave Bird|p1a: Nekawa
|-supereffective|p1a: Nekawa
|-damage|p1a: Nekawa|0 fnt
|faint|p1a: Nekawa
|-damage|p2a: SheCorvOnMyKnight|21/100|[from] Recoil
|
|-heal|p2a: SheCorvOnMyKnight|28/100|[from] item: Leftovers
|upkeep
|
|t:|1685907507
|switch|p1a: Kirito|Garchomp, M|100/100
|turn|21
|
|t:|1685907511
|move|p1a: Kirito|Substitute|p1a: Kirito
|-start|p1a: Kirito|Substitute
|-damage|p1a: Kirito|76/100
|move|p2a: SheCorvOnMyKnight|Brave Bird|p1a: Kirito
|-end|p1a: Kirito|Substitute
|-damage|p2a: SheCorvOnMyKnight|20/100|[from] Recoil|[of] p1a: Kirito
|
|-heal|p2a: SheCorvOnMyKnight|27/100|[from] item: Leftovers
|upkeep
|turn|22
|
|t:|1685907517
|move|p1a: Kirito|Swords Dance|p1a: Kirito
|-boost|p1a: Kirito|atk|2
|move|p2a: SheCorvOnMyKnight|Brave Bird|p1a: Kirito
|-crit|p1a: Kirito
|-damage|p1a: Kirito|25/100
|-damage|p2a: SheCorvOnMyKnight|14/100|[from] ability: Rough Skin|[of] p1a: Kirito
|-damage|p2a: SheCorvOnMyKnight|0 fnt|[from] item: Rocky Helmet|[of] p1a: Kirito
|faint|p2a: SheCorvOnMyKnight
|
|-sideend|p1: Robsonpurin|move: Tailwind
|upkeep
|
|t:|1685907528
|switch|p2a: Holdontoyourhelm|Amoonguss, M|100/100
|-activate|p2a: Holdontoyourhelm|move: Sticky Web
|-unboost|p2a: Holdontoyourhelm|spe|1
|turn|23
|
|t:|1685907536
|move|p1a: Kirito|Earthquake|p2a: Holdontoyourhelm
|-damage|p2a: Holdontoyourhelm|27/100
|move|p2a: Holdontoyourhelm|Foul Play|p1a: Kirito
|-damage|p1a: Kirito|0 fnt
|-damage|p2a: Holdontoyourhelm|15/100|[from] ability: Rough Skin|[of] p1a: Kirito
|-damage|p2a: Holdontoyourhelm|0 fnt|[from] item: Rocky Helmet|[of] p1a: Kirito
|faint|p1a: Kirito
|faint|p2a: Holdontoyourhelm
|
|upkeep
|
|t:|1685907541
|switch|p1a: Messi|Breloom, F|23/100
|switch|p2a: Baxillion Pegasus|Baxcalibur, F|100/100
|-activate|p2a: Baxillion Pegasus|move: Sticky Web
|-unboost|p2a: Baxillion Pegasus|spe|1
|turn|24
|
|t:|1685907547
|-terastallize|p1a: Messi|Flying
|move|p1a: Messi|Mach Punch|p2a: Baxillion Pegasus
|-supereffective|p2a: Baxillion Pegasus
|-damage|p2a: Baxillion Pegasus|19/100
|-damage|p1a: Messi|14/100|[from] item: Life Orb
|move|p2a: Baxillion Pegasus|Icicle Spear|p1a: Messi
|-supereffective|p1a: Messi
|-damage|p1a: Messi|0 fnt
|faint|p1a: Messi
|-hitcount|p1: Messi|1
|
|win|thegreat57%
|raw|Robsonpurin's rating: 1052 → 1033(-19 for losing)
|raw|thegreat57%'s rating: 1036 → 1072(+36 for winning)
|l|☆Robsonpurin
