|j|☆Anxova
|j|☆Batataplays
|t:|1685903639
|gametype|singles
|player|p1|Anxova|veteran|
|player|p2|Batataplays|geeta|
|teamsize|p1|6
|teamsize|p2|6
|gen|9
|tier|[Gen 9] OU
|rule|Sleep Clause Mod: Limit one foe put to sleep
|rule|Species Clause: Limit one of each Pokémon
|rule|OHKO Clause: OHKO moves are banned
|rule|Evasion Items Clause: Evasion items are banned
|rule|Evasion Moves Clause: Evasion moves are banned
|rule|Endless Battle Clause: Forcing endless battles is banned
|rule|HP Percentage Mod: HP is shown in percentages
|clearpoke
|poke|p1|Ursaluna, M|
|poke|p1|Dragalge, M|
|poke|p1|Decidueye-Hisui, F|
|poke|p1|Cresselia, F|
|poke|p1|Avalugg-Hisui, F|
|poke|p1|Mew|
|poke|p2|Urshifu-*, M|
|poke|p2|Slowking-Galar, F|
|poke|p2|Great Tusk|
|poke|p2|Dragapult, F|
|poke|p2|Zapdos|
|poke|p2|Garganacl, M|
|teampreview
|
|t:|1685903646
|start
|switch|p1a: Mew|Mew|100/100
|switch|p2a: Dragapult|Dragapult, F|100/100
|turn|1
|
|t:|1685903651
|move|p2a: Dragapult|Shadow Ball|p1a: Mew
|-supereffective|p1a: Mew
|-damage|p1a: Mew|25/100
|move|p1a: Mew|Trick Room|p1a: Mew
|-fieldstart|move: Trick Room|[of] p1a: Mew
|
|upkeep
|turn|2
|
|t:|1685903655
|switch|p2a: Great Tusk|Great Tusk|100/100
|move|p1a: Mew|Draco Meteor|p2a: Great Tusk
|-damage|p2a: Great Tusk|61/100
|-unboost|p1a: Mew|spa|2
|-enditem|p1a: Mew|Eject Pack
|
|t:|1685903672
|switch|p1a: Decidueye|Decidueye-Hisui, F|100/100
|
|-heal|p2a: Great Tusk|68/100|[from] item: Leftovers
|upkeep
|turn|3
|
|t:|1685903700
|move|p1a: Decidueye|Leaf Blade|p2a: Great Tusk
|-supereffective|p2a: Great Tusk
|-damage|p2a: Great Tusk|10/100
|-damage|p1a: Decidueye|90/100|[from] item: Life Orb
|move|p2a: Great Tusk|Stealth Rock|p1a: Decidueye
|-sidestart|p1: Anxova|move: Stealth Rock
|
|-heal|p2a: Great Tusk|16/100|[from] item: Leftovers
|upkeep
|turn|4
|
|t:|1685903707
|-end|p2a: Great Tusk|Protosynthesis|[silent]
|switch|p2a: Zapdos|Zapdos|100/100
|move|p1a: Decidueye|Brave Bird|p2a: Zapdos
|-resisted|p2a: Zapdos
|-damage|p2a: Zapdos|80/100
|-damage|p1a: Decidueye|84/100|[from] Recoil
|-damage|p1a: Decidueye|74/100|[from] item: Life Orb
|
|upkeep
|turn|5
|
|t:|1685903716
|move|p1a: Decidueye|U-turn|p2a: Zapdos
|-resisted|p2a: Zapdos
|-crit|p2a: Zapdos
|-damage|p2a: Zapdos|65/100
|-damage|p1a: Decidueye|64/100|[from] item: Life Orb
|
|t:|1685903723
|switch|p1a: Mew|Mew|25/100|[from] U-turn
|-damage|p1a: Mew|13/100|[from] Stealth Rock
|move|p2a: Zapdos|Volt Switch|p1a: Mew
|-damage|p1a: Mew|0 fnt
|faint|p1a: Mew
|
|t:|1685903727
|switch|p2a: Urshifu|Urshifu-Rapid-Strike, M|100/100|[from] Volt Switch
|
|-fieldend|move: Trick Room
|upkeep
|
|t:|1685903735
|switch|p1a: Cresselia|Cresselia, F|100/100
|-damage|p1a: Cresselia|88/100|[from] Stealth Rock
|turn|6
|
|t:|1685903746
|move|p2a: Urshifu|Surging Strikes|p1a: Cresselia
|-crit|p1a: Cresselia
|-damage|p1a: Cresselia|70/100
|-crit|p1a: Cresselia
|-damage|p1a: Cresselia|53/100
|-crit|p1a: Cresselia
|-damage|p1a: Cresselia|37/100
|-hitcount|p1a: Cresselia|3
|move|p1a: Cresselia|Trick Room|p1a: Cresselia
|-fieldstart|move: Trick Room|[of] p1a: Cresselia
|
|-heal|p1a: Cresselia|43/100|[from] item: Leftovers
|upkeep
|turn|7
|
|t:|1685903751
|switch|p2a: Garganacl|Garganacl, M|100/100
|move|p1a: Cresselia|Psychic|p2a: Garganacl
|-damage|p2a: Garganacl|82/100
|
|-heal|p2a: Garganacl|88/100|[from] item: Leftovers
|-heal|p1a: Cresselia|49/100|[from] item: Leftovers
|upkeep
|turn|8
|j| Always Close
|
|t:|1685903772
|switch|p1a: Ursaluna|Ursaluna, M|100/100
|-damage|p1a: Ursaluna|94/100|[from] Stealth Rock
|move|p2a: Garganacl|Salt Cure|p1a: Ursaluna
|-resisted|p1a: Ursaluna
|-damage|p1a: Ursaluna|89/100
|-start|p1a: Ursaluna|Salt Cure
|
|-heal|p2a: Garganacl|94/100|[from] item: Leftovers
|-damage|p1a: Ursaluna|77/100|[from] Salt Cure
|-status|p1a: Ursaluna|brn|[from] item: Flame Orb
|upkeep
|turn|9
|
|t:|1685903785
|switch|p2a: Zapdos|Zapdos|65/100
|move|p1a: Ursaluna|Facade|p2a: Zapdos
|-crit|p2a: Zapdos
|-damage|p2a: Zapdos|0 fnt
|faint|p2a: Zapdos
|
|-damage|p1a: Ursaluna|71/100 brn|[from] brn
|-damage|p1a: Ursaluna|59/100 brn|[from] Salt Cure
|upkeep
|
|t:|1685903790
|switch|p2a: Great Tusk|Great Tusk|16/100
|turn|10
|
|t:|1685903795
|move|p1a: Ursaluna|Headlong Rush|p2a: Great Tusk
|-damage|p2a: Great Tusk|0 fnt
|-unboost|p1a: Ursaluna|def|1
|-unboost|p1a: Ursaluna|spd|1
|faint|p2a: Great Tusk
|-end|p2a: Great Tusk|Protosynthesis|[silent]
|
|-damage|p1a: Ursaluna|53/100 brn|[from] brn
|-damage|p1a: Ursaluna|40/100 brn|[from] Salt Cure
|-fieldend|move: Trick Room
|upkeep
|
|t:|1685903797
|switch|p2a: Urshifu|Urshifu-Rapid-Strike, M|100/100
|turn|11
|
|t:|1685903815
|move|p2a: Urshifu|Surging Strikes|p1a: Ursaluna
|-supereffective|p1a: Ursaluna
|-crit|p1a: Ursaluna
|-damage|p1a: Ursaluna|0 fnt
|faint|p1a: Ursaluna
|-hitcount|p1: Ursaluna|1
|
|upkeep
|
|t:|1685903819
|switch|p1a: Dragalge|Dragalge, M|100/100
|-damage|p1a: Dragalge|88/100|[from] Stealth Rock
|turn|12
|
|t:|1685903832
|switch|p2a: Slowking|Slowking-Galar, F|100/100
|move|p1a: Dragalge|Thunderbolt|p2a: Slowking
|-damage|p2a: Slowking|83/100
|-status|p2a: Slowking|par
|
|-heal|p2a: Slowking|90/100 par|[from] item: Leftovers
|upkeep
|turn|13
|
|t:|1685903837
|switch|p1a: Cresselia|Cresselia, F|49/100
|-damage|p1a: Cresselia|36/100|[from] Stealth Rock
|move|p2a: Slowking|Chilly Reception|p2a: Slowking
|-weather|Snow
|
|t:|1685903839
|switch|p2a: Urshifu|Urshifu-Rapid-Strike, M|100/100|[from] Chilly Reception
|
|-weather|Snow|[upkeep]
|-heal|p1a: Cresselia|42/100|[from] item: Leftovers
|upkeep
|turn|14
|
|t:|1685903845
|-terastallize|p2a: Urshifu|Water
|move|p2a: Urshifu|Surging Strikes|p1a: Cresselia
|-crit|p1a: Cresselia
|-damage|p1a: Cresselia|22/100
|-crit|p1a: Cresselia
|-damage|p1a: Cresselia|0 fnt
|faint|p1a: Cresselia
|-hitcount|p1: Cresselia|2
|
|-weather|Snow|[upkeep]
|upkeep
|
|t:|1685903857
|switch|p1a: Dragalge|Dragalge, M|88/100
|-damage|p1a: Dragalge|76/100|[from] Stealth Rock
|turn|15
|
|t:|1685903868
|switch|p2a: Slowking|Slowking-Galar, F|100/100 par
|move|p1a: Dragalge|Thunderbolt|p2a: Slowking
|-damage|p2a: Slowking|83/100 par
|
|-weather|Snow|[upkeep]
|-heal|p2a: Slowking|89/100 par|[from] item: Leftovers
|upkeep
|turn|16
|
|t:|1685903881
|switch|p1a: Avalugg|Avalugg-Hisui, F|100/100
|cant|p2a: Slowking|par
|
|-weather|Snow|[upkeep]
|-heal|p2a: Slowking|95/100 par|[from] item: Leftovers
|upkeep
|turn|17
|
|t:|1685903896
|move|p1a: Avalugg|Rapid Spin|p2a: Slowking
|-damage|p2a: Slowking|80/100 par
|-boost|p1a: Avalugg|spe|1
|-sideend|p1: Anxova|Stealth Rock|[from] move: Rapid Spin|[of] p1a: Avalugg
|move|p2a: Slowking|Flamethrower|p1a: Avalugg
|-crit|p1a: Avalugg
|-damage|p1a: Avalugg|38/100
|
|-weather|none
|-heal|p2a: Slowking|86/100 par|[from] item: Leftovers
|upkeep
|turn|18
|
|t:|1685903904
|switch|p2a: Dragapult|Dragapult, F|100/100
|move|p1a: Avalugg|Stealth Rock|p2a: Dragapult
|-sidestart|p2: Batataplays|move: Stealth Rock
|
|upkeep
|turn|19
|
|t:|1685903908
|move|p2a: Dragapult|Shadow Ball|p1a: Avalugg
|-damage|p1a: Avalugg|0 fnt
|faint|p1a: Avalugg
|
|upkeep
|
|t:|1685903915
|switch|p1a: Decidueye|Decidueye-Hisui, F|64/100
|turn|20
|
|t:|1685903919
|move|p2a: Dragapult|Shadow Ball|p1a: Decidueye
|-damage|p1a: Decidueye|14/100
|move|p1a: Decidueye|Triple Arrows|p2a: Dragapult
|-damage|p2a: Dragapult|24/100
|-unboost|p2a: Dragapult|def|1
|-damage|p1a: Decidueye|4/100|[from] item: Life Orb
|
|upkeep
|turn|21
|
|t:|1685903928
|move|p2a: Dragapult|Shadow Ball|p1a: Decidueye
|-damage|p1a: Decidueye|0 fnt
|faint|p1a: Decidueye
|
|upkeep
|
|t:|1685903930
|switch|p1a: Dragalge|Dragalge, M|76/100
|turn|22
|c|☆Anxova|gg
|
|t:|1685903937
|move|p2a: Dragapult|Shadow Ball|p1a: Dragalge
|-damage|p1a: Dragalge|45/100
|move|p1a: Dragalge|Sludge Bomb|p2a: Dragapult
|-resisted|p2a: Dragapult
|-damage|p2a: Dragapult|0 fnt
|faint|p2a: Dragapult
|
|upkeep
|
|t:|1685903945
|switch|p2a: Urshifu|Urshifu-Rapid-Strike, M, tera:Water|100/100
|-damage|p2a: Urshifu|88/100|[from] Stealth Rock
|turn|23
|
|t:|1685903948
|move|p2a: Urshifu|Surging Strikes|p1a: Dragalge
|-resisted|p1a: Dragalge
|-crit|p1a: Dragalge
|-damage|p1a: Dragalge|21/100
|-resisted|p1a: Dragalge
|-crit|p1a: Dragalge
|-damage|p1a: Dragalge|0 fnt
|faint|p1a: Dragalge
|-hitcount|p1: Dragalge|2
|
|win|Batataplays
|c|☆Batataplays|Gg
|l|☆Anxova
|l| Always Close
|l|☆Batataplays
|j|☆Anxova
|player|p1|Anxova|veteran
