|j|☆WoodManNiceMan
|j|☆MigraineMan
|t:|1685908380
|gametype|singles
|player|p1|WoodManNiceMan|sage|1583
|player|p2|MigraineMan|101|1520
|teamsize|p1|6
|teamsize|p2|6
|gen|9
|tier|[Gen 9] OU
|rated|
|rule|Sleep Clause Mod: Limit one foe put to sleep
|rule|Species Clause: Limit one of each Pokémon
|rule|OHKO Clause: OHKO moves are banned
|rule|Evasion Items Clause: Evasion items are banned
|rule|Evasion Moves Clause: Evasion moves are banned
|rule|Endless Battle Clause: Forcing endless battles is banned
|rule|HP Percentage Mod: HP is shown in percentages
|clearpoke
|poke|p1|Cresselia, F|
|poke|p1|Magearna|
|poke|p1|Ursaluna, M|
|poke|p1|Regidrago|
|poke|p1|Glastrier|
|poke|p1|Slowking-Galar, M|
|poke|p2|Kingambit, M|
|poke|p2|Great Tusk|
|poke|p2|Chien-Pao|
|poke|p2|Magearna|
|poke|p2|Skeledirge, M|
|poke|p2|Zapdos|
|teampreview
|inactive|Battle timer is ON: inactive players will automatically lose when time's up. (requested by WoodManNiceMan)
|
|t:|1685908392
|start
|switch|p1a: Magearna|Magearna|100/100
|switch|p2a: Chien-Pao|Chien-Pao|100/100
|-ability|p2a: Chien-Pao|Sword of Ruin
|turn|1
|
|t:|1685908408
|switch|p2a: Great Tusk|Great Tusk|100/100
|move|p1a: Magearna|Trick Room|p1a: Magearna
|-fieldstart|move: Trick Room|[of] p1a: Magearna
|
|upkeep
|turn|2
|
|t:|1685908423
|-end|p2a: Great Tusk|Protosynthesis|[silent]
|switch|p2a: Skeledirge|Skeledirge, M|100/100
|move|p1a: Magearna|Fleur Cannon|p2a: Skeledirge|[miss]
|-miss|p1a: Magearna|p2a: Skeledirge
|
|upkeep
|turn|3
|
|t:|1685908429
|move|p1a: Magearna|Volt Switch|p2a: Skeledirge
|-damage|p2a: Skeledirge|80/100
|
|t:|1685908432
|switch|p1a: Ursaluna|Ursaluna, M|100/100|[from] Volt Switch
|move|p2a: Skeledirge|Torch Song|p1a: Ursaluna
|-damage|p1a: Ursaluna|76/100
|-boost|p2a: Skeledirge|spa|1
|
|-status|p1a: Ursaluna|brn|[from] item: Flame Orb
|upkeep
|turn|4
|
|t:|1685908462
|switch|p2a: Zapdos|Zapdos|100/100
|move|p1a: Ursaluna|Headlong Rush|p2a: Zapdos
|-immune|p2a: Zapdos
|
|-damage|p1a: Ursaluna|70/100 brn|[from] brn
|upkeep
|turn|5
|
|t:|1685908470
|move|p1a: Ursaluna|Facade|p2a: Zapdos
|-damage|p2a: Zapdos|0 fnt
|faint|p2a: Zapdos
|
|-damage|p1a: Ursaluna|64/100 brn|[from] brn
|-fieldend|move: Trick Room
|upkeep
|
|t:|1685908482
|switch|p2a: Chien-Pao|Chien-Pao|100/100
|-ability|p2a: Chien-Pao|Sword of Ruin
|turn|6
|
|t:|1685908488
|switch|p2a: Great Tusk|Great Tusk|100/100
|switch|p1a: Magearna|Magearna|100/100
|
|upkeep
|turn|7
|
|t:|1685908492
|move|p2a: Great Tusk|Earthquake|p1a: Magearna
|-supereffective|p1a: Magearna
|-damage|p1a: Magearna|28/100
|move|p1a: Magearna|Trick Room|p1a: Magearna
|-fieldstart|move: Trick Room|[of] p1a: Magearna
|
|upkeep
|turn|8
|
|t:|1685908498
|-end|p2a: Great Tusk|Protosynthesis|[silent]
|switch|p2a: Skeledirge|Skeledirge, M|80/100
|move|p1a: Magearna|Volt Switch|p2a: Skeledirge
|-damage|p2a: Skeledirge|61/100
|
|t:|1685908503
|switch|p1a: Ursaluna|Ursaluna, M|64/100 brn|[from] Volt Switch
|
|-damage|p1a: Ursaluna|58/100 brn|[from] brn
|upkeep
|turn|9
|
|t:|1685908509
|switch|p2a: Great Tusk|Great Tusk|100/100
|move|p1a: Ursaluna|Headlong Rush|p2a: Great Tusk
|-damage|p2a: Great Tusk|42/100
|-unboost|p1a: Ursaluna|def|1
|-unboost|p1a: Ursaluna|spd|1
|
|-heal|p2a: Great Tusk|48/100|[from] item: Leftovers
|-damage|p1a: Ursaluna|51/100 brn|[from] brn
|upkeep
|turn|10
|
|t:|1685908529
|move|p1a: Ursaluna|Headlong Rush|p2a: Great Tusk
|-damage|p2a: Great Tusk|0 fnt
|-unboost|p1a: Ursaluna|def|1
|-unboost|p1a: Ursaluna|spd|1
|faint|p2a: Great Tusk
|-end|p2a: Great Tusk|Protosynthesis|[silent]
|
|-damage|p1a: Ursaluna|45/100 brn|[from] brn
|upkeep
|
|t:|1685908532
|switch|p2a: Kingambit|Kingambit, M|100/100
|-activate|p2a: Kingambit|ability: Supreme Overlord
|-start|p2a: Kingambit|fallen2|[silent]
|turn|11
|
|t:|1685908541
|-terastallize|p2a: Kingambit|Flying
|move|p1a: Ursaluna|Headlong Rush|p2a: Kingambit
|-immune|p2a: Kingambit
|move|p2a: Kingambit|Swords Dance|p2a: Kingambit
|-boost|p2a: Kingambit|atk|2
|
|-damage|p1a: Ursaluna|39/100 brn|[from] brn
|-fieldend|move: Trick Room
|upkeep
|turn|12
|
|t:|1685908548
|move|p2a: Kingambit|Iron Head|p1a: Ursaluna
|-damage|p1a: Ursaluna|0 fnt
|faint|p1a: Ursaluna
|
|upkeep
|
|t:|1685908560
|switch|p1a: Regidrago|Regidrago|100/100
|turn|13
|
|t:|1685908567
|move|p2a: Kingambit|Sucker Punch|p1a: Regidrago
|-damage|p1a: Regidrago|0 fnt
|faint|p1a: Regidrago
|
|upkeep
|
|t:|1685908580
|switch|p1a: Cresselia|Cresselia, F|100/100
|turn|14
|
|t:|1685908586
|move|p2a: Kingambit|Kowtow Cleave|p1a: Cresselia
|-supereffective|p1a: Cresselia
|-damage|p1a: Cresselia|0 fnt
|faint|p1a: Cresselia
|
|upkeep
|
|t:|1685908589
|switch|p1a: Glastrier|Glastrier|100/100
|turn|15
|
|t:|1685908594
|-terastallize|p1a: Glastrier|Ground
|move|p2a: Kingambit|Iron Head|p1a: Glastrier
|-damage|p1a: Glastrier|29/100
|cant|p1a: Glastrier|flinch
|
|upkeep
|turn|16
|c|☆WoodManNiceMan|gg
|-message|WoodManNiceMan forfeited.
|
|win|MigraineMan
|raw|WoodManNiceMan's rating: 1583 → 1559(-24 for losing)
|raw|MigraineMan's rating: 1520 → 1544(+24 for winning)
|l|☆WoodManNiceMan
