|j|☆Envia
|j|☆Poroqueen
|t:|1685869180
|gametype|singles
|player|p1|Envia|iono|
|player|p2|Poroqueen|1|
|teamsize|p1|6
|teamsize|p2|6
|gen|9
|tier|[Gen 9] OU
|rule|Sleep Clause Mod: Limit one foe put to sleep
|rule|Species Clause: Limit one of each Pokémon
|rule|OHKO Clause: OHKO moves are banned
|rule|Evasion Items Clause: Evasion items are banned
|rule|Evasion Moves Clause: Evasion moves are banned
|rule|Endless Battle Clause: Forcing endless battles is banned
|rule|HP Percentage Mod: HP is shown in percentages
|clearpoke
|poke|p1|Glastrier|
|poke|p1|Magearna|
|poke|p1|Cresselia, F|
|poke|p1|Ursaluna, M|
|poke|p1|Kingambit, F|
|poke|p1|Slowking-Galar, F|
|poke|p2|Samurott-Hisui, F|
|poke|p2|Dragapult, F|
|poke|p2|Sneasler, F|
|poke|p2|Magearna|
|poke|p2|Volcarona, F|
|poke|p2|Zamazenta-*|
|teampreview
|c|☆Poroqueen|glhf!
|c|☆Envia|u2u2
|
|t:|1685869253
|start
|switch|p1a: Magearna|Magearna|100/100
|switch|p2a: Samurott|Samurott-Hisui, F|100/100
|turn|1
|
|t:|1685869309
|move|p2a: Samurott|Taunt|p1a: Magearna
|-start|p1a: Magearna|move: Taunt
|move|p1a: Magearna|Fleur Cannon|p2a: Samurott
|-supereffective|p2a: Samurott
|-enditem|p2a: Samurott|Focus Sash
|-damage|p2a: Samurott|1/100
|-unboost|p1a: Magearna|spa|2
|-enditem|p1a: Magearna|Eject Pack
|
|t:|1685869356
|switch|p1a: Cresselia|Cresselia, F|100/100
|
|upkeep
|turn|2
|
|t:|1685869406
|switch|p2a: Magearna|Magearna|100/100
|move|p1a: Cresselia|Ice Beam|p2a: Magearna
|-resisted|p2a: Magearna
|-damage|p2a: Magearna|93/100
|
|-heal|p2a: Magearna|99/100|[from] item: Leftovers
|upkeep
|turn|3
|
|t:|1685869441
|move|p2a: Magearna|Iron Defense|p2a: Magearna
|-boost|p2a: Magearna|def|2
|move|p1a: Cresselia|Trick Room|p1a: Cresselia
|-fieldstart|move: Trick Room|[of] p1a: Cresselia
|
|-heal|p2a: Magearna|100/100|[from] item: Leftovers
|upkeep
|turn|4
|c|☆Envia|oh man not again
|
|t:|1685869458
|switch|p1a: Ursaluna|Ursaluna, M|100/100
|move|p2a: Magearna|Calm Mind|p2a: Magearna
|-boost|p2a: Magearna|spa|1
|-boost|p2a: Magearna|spd|1
|
|-status|p1a: Ursaluna|brn|[from] item: Flame Orb
|upkeep
|turn|5
|
|t:|1685869470
|-terastallize|p2a: Magearna|Water
|move|p1a: Ursaluna|Earthquake|p2a: Magearna
|-damage|p2a: Magearna|64/100
|move|p2a: Magearna|Iron Defense|p2a: Magearna
|-boost|p2a: Magearna|def|2
|
|-heal|p2a: Magearna|70/100|[from] item: Leftovers
|-damage|p1a: Ursaluna|94/100 brn|[from] brn
|upkeep
|turn|6
|c|☆Poroqueen|what not again sus
|
|t:|1685869616
|switch|p1a: Kingambit|Kingambit, F|100/100
|move|p2a: Magearna|Draining Kiss|p1a: Kingambit
|-damage|p1a: Kingambit|71/100
|-heal|p2a: Magearna|94/100|[from] drain|[of] p1a: Kingambit
|
|-heal|p1a: Kingambit|78/100|[from] item: Leftovers
|-heal|p2a: Magearna|99/100|[from] item: Leftovers
|upkeep
|turn|7
|c|☆Envia|How can this Magearna still in OU wtf
|c|☆Envia|They instantly banned Regieleki but nott this
|
|t:|1685869683
|move|p1a: Kingambit|Swords Dance|p1a: Kingambit
|-boost|p1a: Kingambit|atk|2
|move|p2a: Magearna|Calm Mind|p2a: Magearna
|-boost|p2a: Magearna|spa|1
|-boost|p2a: Magearna|spd|1
|
|-heal|p1a: Kingambit|84/100|[from] item: Leftovers
|-heal|p2a: Magearna|100/100|[from] item: Leftovers
|-fieldend|move: Trick Room
|upkeep
|turn|8
|c|☆Poroqueen|lol
|c|☆Poroqueen|is my first time using it
|
|t:|1685869712
|move|p2a: Magearna|Draining Kiss|p1a: Kingambit
|-damage|p1a: Kingambit|41/100
|move|p1a: Kingambit|Kowtow Cleave|p2a: Magearna
|-damage|p2a: Magearna|74/100
|
|-heal|p2a: Magearna|80/100|[from] item: Leftovers
|-heal|p1a: Kingambit|47/100|[from] item: Leftovers
|upkeep
|turn|9
|
|t:|1685869724
|move|p2a: Magearna|Draining Kiss|p1a: Kingambit
|-damage|p1a: Kingambit|4/100
|-heal|p2a: Magearna|100/100|[from] drain|[of] p1a: Kingambit
|move|p1a: Kingambit|Kowtow Cleave|p2a: Magearna
|-damage|p2a: Magearna|77/100
|
|-heal|p2a: Magearna|83/100|[from] item: Leftovers
|-heal|p1a: Kingambit|11/100|[from] item: Leftovers
|upkeep
|turn|10
|
|t:|1685869733
|move|p1a: Kingambit|Sucker Punch||[still]
|-fail|p1a: Kingambit
|move|p2a: Magearna|Iron Defense|p2a: Magearna
|-boost|p2a: Magearna|def|2
|
|-heal|p2a: Magearna|89/100|[from] item: Leftovers
|-heal|p1a: Kingambit|17/100|[from] item: Leftovers
|upkeep
|turn|11
|
|t:|1685869737
|move|p2a: Magearna|Draining Kiss|p1a: Kingambit
|-damage|p1a: Kingambit|0 fnt
|-heal|p2a: Magearna|100/100|[from] drain|[of] p1a: Kingambit
|faint|p1a: Kingambit
|-ability|p2a: Magearna|Soul-Heart|boost
|-boost|p2a: Magearna|spa|1
|-end|p1a: Kingambit|fallenundefined|[silent]
|
|upkeep
|
|t:|1685869741
|switch|p1a: Magearna|Magearna|100/100
|turn|12
|
|t:|1685869773
|move|p2a: Magearna|Stored Power|p1a: Magearna
|-resisted|p1a: Magearna
|-damage|p1a: Magearna|31/100
|move|p1a: Magearna|Trick Room|p1a: Magearna
|-fieldstart|move: Trick Room|[of] p1a: Magearna
|
|upkeep
|turn|13
|c|☆Envia|totally balance
|
|t:|1685869783
|move|p1a: Magearna|Thunderbolt|p2a: Magearna
|-supereffective|p2a: Magearna
|-damage|p2a: Magearna|71/100
|move|p2a: Magearna|Calm Mind|p2a: Magearna
|-boost|p2a: Magearna|spa|1
|-boost|p2a: Magearna|spd|1
|
|-heal|p2a: Magearna|77/100|[from] item: Leftovers
|upkeep
|turn|14
|
|t:|1685869795
|move|p1a: Magearna|Thunderbolt|p2a: Magearna
|-supereffective|p2a: Magearna
|-damage|p2a: Magearna|52/100
|-status|p2a: Magearna|par
|move|p2a: Magearna|Stored Power|p1a: Magearna
|-resisted|p1a: Magearna
|-damage|p1a: Magearna|0 fnt
|faint|p1a: Magearna
|-ability|p2a: Magearna|Soul-Heart|boost
|-boost|p2a: Magearna|spa|1
|
|-heal|p2a: Magearna|58/100 par|[from] item: Leftovers
|upkeep
|c|☆Poroqueen|ye its rly stonks lol
|l|☆Poroqueen
|player|p2|
|j|☆Poroqueen
|player|p2|Poroqueen|1
|
|t:|1685869826
|switch|p1a: Ursaluna|Ursaluna, M|94/100 brn
|turn|15
|c|☆Poroqueen|ye its rly stonks
|c|☆Poroqueen|got kicked out for some reason
|c|☆Poroqueen|oh sent message twice XD
|
|t:|1685869841
|-terastallize|p1a: Ursaluna|Normal
|move|p1a: Ursaluna|Facade|p2a: Magearna
|-damage|p2a: Magearna|24/100 par
|move|p2a: Magearna|Draining Kiss|p1a: Ursaluna
|-damage|p1a: Ursaluna|33/100 brn
|-heal|p2a: Magearna|83/100 par|[from] drain|[of] p1a: Ursaluna
|
|-heal|p2a: Magearna|89/100 par|[from] item: Leftovers
|-damage|p1a: Ursaluna|27/100 brn|[from] brn
|upkeep
|turn|16
|
|t:|1685869856
|move|p1a: Ursaluna|Facade|p2a: Magearna
|-damage|p2a: Magearna|58/100 par
|move|p2a: Magearna|Draining Kiss|p1a: Ursaluna
|-damage|p1a: Ursaluna|0 fnt
|-heal|p2a: Magearna|83/100 par|[from] drain|[of] p1a: Ursaluna
|faint|p1a: Ursaluna
|-ability|p2a: Magearna|Soul-Heart|boost
|-boost|p2a: Magearna|spa|1
|
|-heal|p2a: Magearna|89/100 par|[from] item: Leftovers
|-fieldend|move: Trick Room
|upkeep
|c|☆Envia|ye gg
|-message|Envia forfeited.
|
|win|Poroqueen
|l|☆Envia
|c|☆Poroqueen|gg
|l|☆Poroqueen
|j|☆Poroqueen
|player|p2|Poroqueen|1
|j|☆Envia
|player|p1|Envia|iono
