|j|☆feminixta
|j|☆BreakfastScrub
|t:|1685922933
|gametype|singles
|player|p1|feminixta|169|1107
|player|p2|BreakfastScrub|cynthia-gen7|1202
|teamsize|p1|6
|teamsize|p2|6
|gen|9
|tier|[Gen 9] OU
|rated|
|rule|Sleep Clause Mod: Limit one foe put to sleep
|rule|Species Clause: Limit one of each Pokémon
|rule|OHKO Clause: OHKO moves are banned
|rule|Evasion Items Clause: Evasion items are banned
|rule|Evasion Moves Clause: Evasion moves are banned
|rule|Endless Battle Clause: Forcing endless battles is banned
|rule|HP Percentage Mod: HP is shown in percentages
|clearpoke
|poke|p1|Slowbro, F|
|poke|p1|Quagsire, F|
|poke|p1|Tauros-Paldea-Aqua, M|
|poke|p1|Altaria, F|
|poke|p1|Goodra-Hisui, F|
|poke|p1|Dondozo, F|
|poke|p2|Arcanine-Hisui, M|
|poke|p2|Amoonguss, M|
|poke|p2|Heatran, M|
|poke|p2|Samurott-Hisui, F|
|poke|p2|Gholdengo|
|poke|p2|Great Tusk|
|teampreview
|inactive|Battle timer is ON: inactive players will automatically lose when time's up. (requested by feminixta)
|
|t:|1685922937
|start
|switch|p1a: Dondozo|Dondozo, F|100/100
|switch|p2a: Samurott|Samurott-Hisui, F|100/100
|turn|1
|
|t:|1685922945
|switch|p2a: Amoonguss|Amoonguss, M|100/100
|move|p1a: Dondozo|Yawn|p2a: Amoonguss
|-start|p2a: Amoonguss|move: Yawn|[of] p1a: Dondozo
|
|upkeep
|turn|2
|
|t:|1685922955
|switch|p1a: Goodra|Goodra-Hisui, F|100/100
|move|p2a: Amoonguss|Spore|p1a: Goodra
|-status|p1a: Goodra|slp|[from] move: Spore
|
|-end|p2a: Amoonguss|move: Yawn|[silent]
|-status|p2a: Amoonguss|slp
|upkeep
|turn|3
|
|t:|1685922968
|switch|p2a: Samurott|Samurott-Hisui, F|100/100
|cant|p1a: Goodra|slp
|
|upkeep
|turn|4
|
|t:|1685922974
|switch|p1a: Altaria|Altaria, F|100/100
|move|p2a: Samurott|Ceaseless Edge|p1a: Altaria
|-damage|p1a: Altaria|41/100
|-sidestart|p1: feminixta|Spikes
|-damage|p2a: Samurott|91/100|[from] item: Life Orb
|
|-heal|p1a: Altaria|47/100|[from] item: Leftovers
|upkeep
|turn|5
|
|t:|1685922982
|move|p2a: Samurott|Ceaseless Edge|p1a: Altaria
|-damage|p1a: Altaria|0 fnt
|-sidestart|p1: feminixta|Spikes
|faint|p1a: Altaria
|-damage|p2a: Samurott|81/100|[from] item: Life Orb
|
|upkeep
|
|t:|1685922987
|switch|p1a: SLOW|Slowbro, F|100/100
|-damage|p1a: SLOW|84/100|[from] Spikes
|turn|6
|
|t:|1685922993
|move|p2a: Samurott|Ceaseless Edge|p1a: SLOW
|-supereffective|p1a: SLOW
|-damage|p1a: SLOW|0 fnt
|-sidestart|p1: feminixta|Spikes
|faint|p1a: SLOW
|-damage|p2a: Samurott|71/100|[from] item: Life Orb
|
|upkeep
|-message|feminixta forfeited.
|
|win|BreakfastScrub
|raw|feminixta's rating: 1107 → 1089(-18 for losing)
|raw|BreakfastScrub's rating: 1202 → 1220(+18 for winning)
|l|☆feminixta
