|j|☆jour2e23 endeavour
|j|☆Granny Pie
|t:|1685920537
|gametype|singles
|player|p1|jour2e23 endeavour|rood|1683
|player|p2|Granny Pie|medium|1675
|teamsize|p1|6
|teamsize|p2|6
|gen|9
|tier|[Gen 9] OU
|rated|
|rule|Sleep Clause Mod: Limit one foe put to sleep
|rule|Species Clause: Limit one of each Pokémon
|rule|OHKO Clause: OHKO moves are banned
|rule|Evasion Items Clause: Evasion items are banned
|rule|Evasion Moves Clause: Evasion moves are banned
|rule|Endless Battle Clause: Forcing endless battles is banned
|rule|HP Percentage Mod: HP is shown in percentages
|clearpoke
|poke|p1|Samurott-Hisui, F|
|poke|p1|Dragapult, M|
|poke|p1|Sneasler, M|
|poke|p1|Magearna|
|poke|p1|Volcarona, M|
|poke|p1|Zamazenta-*|
|poke|p2|Magearna|
|poke|p2|Drifblim, F|
|poke|p2|Clodsire, M|
|poke|p2|Skeledirge, M|
|poke|p2|Toxapex, F|
|poke|p2|Blissey, F|
|teampreview
|inactive|Battle timer is ON: inactive players will automatically lose when time's up. (requested by Granny Pie)
|
|t:|1685920548
|start
|switch|p1a: who is bro?🤣🤣|Samurott-Hisui, F|100/100
|switch|p2a: Toxapex|Toxapex, F|100/100
|turn|1
|
|t:|1685920552
|move|p1a: who is bro?🤣🤣|Ceaseless Edge|p2a: Toxapex
|-damage|p2a: Toxapex|71/100
|-sidestart|p2: Granny Pie|Spikes
|move|p2a: Toxapex|Toxic|p1a: who is bro?🤣🤣
|-status|p1a: who is bro?🤣🤣|tox
|
|-damage|p1a: who is bro?🤣🤣|94/100 tox|[from] psn
|upkeep
|turn|2
|
|t:|1685920557
|move|p1a: who is bro?🤣🤣|Ceaseless Edge|p2a: Toxapex
|-damage|p2a: Toxapex|40/100
|-sidestart|p2: Granny Pie|Spikes
|move|p2a: Toxapex|Toxic Spikes|p1a: who is bro?🤣🤣
|-sidestart|p1: jour2e23 endeavour|move: Toxic Spikes
|
|-damage|p1a: who is bro?🤣🤣|82/100 tox|[from] psn
|upkeep
|turn|3
|
|t:|1685920563
|move|p1a: who is bro?🤣🤣|Taunt|p2a: Toxapex
|-start|p2a: Toxapex|move: Taunt
|cant|p2a: Toxapex|move: Taunt|Toxic Spikes
|
|-damage|p1a: who is bro?🤣🤣|63/100 tox|[from] psn
|upkeep
|turn|4
|
|t:|1685920572
|switch|p2a: Magearna|Magearna|100/100
|move|p1a: who is bro?🤣🤣|Ceaseless Edge|p2a: Magearna
|-resisted|p2a: Magearna
|-damage|p2a: Magearna|85/100
|-sidestart|p2: Granny Pie|Spikes
|
|-damage|p1a: who is bro?🤣🤣|38/100 tox|[from] psn
|upkeep
|turn|5
|
|t:|1685920577
|move|p1a: who is bro?🤣🤣|Razor Shell|p2a: Magearna
|-damage|p2a: Magearna|49/100
|move|p2a: Magearna|Spikes|p1a: who is bro?🤣🤣
|-sidestart|p1: jour2e23 endeavour|Spikes
|
|-damage|p1a: who is bro?🤣🤣|7/100 tox|[from] psn
|upkeep
|turn|6
|
|t:|1685920584
|switch|p2a: Toxapex|Toxapex, F|73/100
|move|p1a: who is bro?🤣🤣|Ceaseless Edge|p2a: Toxapex
|-damage|p2a: Toxapex|42/100
|
|-damage|p1a: who is bro?🤣🤣|0 fnt|[from] psn
|faint|p1a: who is bro?🤣🤣
|upkeep
|
|t:|1685920601
|switch|p1a: bro needs a ban😴|Magearna|100/100
|-damage|p1a: bro needs a ban😴|88/100|[from] Spikes
|turn|7
|j| Love Is Cruel
|j| Bryceyy
|
|t:|1685920611
|switch|p2a: Clodsire|Clodsire, M|100/100
|move|p1a: bro needs a ban😴|Calm Mind|p1a: bro needs a ban😴
|-boost|p1a: bro needs a ban😴|spa|1
|-boost|p1a: bro needs a ban😴|spd|1
|
|-heal|p1a: bro needs a ban😴|94/100|[from] item: Leftovers
|upkeep
|turn|8
|
|t:|1685920617
|-terastallize|p2a: Clodsire|Flying
|move|p1a: bro needs a ban😴|Iron Defense|p1a: bro needs a ban😴
|-boost|p1a: bro needs a ban😴|def|2
|move|p2a: Clodsire|Earthquake|p1a: bro needs a ban😴
|-supereffective|p1a: bro needs a ban😴
|-damage|p1a: bro needs a ban😴|53/100
|
|-heal|p1a: bro needs a ban😴|59/100|[from] item: Leftovers
|upkeep
|turn|9
|l| Bryceyy
|
|t:|1685920627
|switch|p1a: bro not weavile💀|Sneasler, M|100/100
|-item|p1a: bro not weavile💀|Air Balloon
|move|p2a: Clodsire|Earthquake|p1a: bro not weavile💀
|-immune|p1a: bro not weavile💀
|
|upkeep
|turn|10
|
|t:|1685920632
|switch|p2a: Drifblim|Drifblim, F|100/100
|move|p1a: bro not weavile💀|Swords Dance|p1a: bro not weavile💀
|-boost|p1a: bro not weavile💀|atk|2
|
|upkeep
|turn|11
|
|t:|1685920638
|move|p1a: bro not weavile💀|Dire Claw|p2a: Drifblim
|-resisted|p2a: Drifblim
|-damage|p2a: Drifblim|66/100
|-status|p2a: Drifblim|par
|move|p2a: Drifblim|Will-O-Wisp|p1a: bro not weavile💀
|-status|p1a: bro not weavile💀|brn
|
|-damage|p1a: bro not weavile💀|95/100 brn|[from] brn
|upkeep
|turn|12
|
|t:|1685920646
|switch|p2a: Skeledirge|Skeledirge, M|100/100
|move|p1a: bro not weavile💀|Swords Dance|p1a: bro not weavile💀
|-boost|p1a: bro not weavile💀|atk|2
|
|-damage|p1a: bro not weavile💀|89/100 brn|[from] brn
|upkeep
|turn|13
|
|t:|1685920657
|move|p1a: bro not weavile💀|Dire Claw|p2a: Skeledirge
|-resisted|p2a: Skeledirge
|-damage|p2a: Skeledirge|94/100
|move|p2a: Skeledirge|Torch Song|p1a: bro not weavile💀
|-damage|p1a: bro not weavile💀|48/100 brn
|-boost|p2a: Skeledirge|spa|1
|-enditem|p1a: bro not weavile💀|Air Balloon
|
|-damage|p1a: bro not weavile💀|42/100 brn|[from] brn
|upkeep
|turn|14
|
|t:|1685920671
|move|p1a: bro not weavile💀|Dire Claw|p2a: Skeledirge
|-resisted|p2a: Skeledirge
|-damage|p2a: Skeledirge|88/100
|move|p2a: Skeledirge|Torch Song|p1a: bro not weavile💀
|-damage|p1a: bro not weavile💀|0 fnt
|-boost|p2a: Skeledirge|spa|1
|faint|p1a: bro not weavile💀
|
|upkeep
|
|t:|1685920679
|switch|p1a: bro give bj😘😘|Volcarona, M|100/100
|turn|15
|
|t:|1685920690
|-terastallize|p1a: bro give bj😘😘|Ground
|move|p1a: bro give bj😘😘|Tera Blast|p2a: Skeledirge
|-supereffective|p2a: Skeledirge
|-damage|p2a: Skeledirge|2/100
|move|p2a: Skeledirge|Torch Song|p1a: bro give bj😘😘
|-damage|p1a: bro give bj😘😘|36/100
|-boost|p2a: Skeledirge|spa|1
|
|upkeep
|turn|16
|
|t:|1685920705
|move|p1a: bro give bj😘😘|Fiery Dance|p2a: Skeledirge
|-resisted|p2a: Skeledirge
|-damage|p2a: Skeledirge|0 fnt
|faint|p2a: Skeledirge
|
|upkeep
|
|t:|1685920707
|switch|p2a: Blissey|Blissey, F|100/100
|turn|17
|
|t:|1685920713
|switch|p1a: bro is uber🤑🤑🤑|Zamazenta-Crowned|100/100
|-damage|p1a: bro is uber🤑🤑🤑|88/100|[from] Spikes
|-ability|p1a: bro is uber🤑🤑🤑|Dauntless Shield|boost
|-boost|p1a: bro is uber🤑🤑🤑|def|1
|move|p2a: Blissey|Heal Bell|p2a: Blissey
|-activate|p2a: Blissey|move: Heal Bell
|-curestatus|p2: Drifblim|par|[msg]
|
|upkeep
|turn|18
|
|t:|1685920723
|switch|p2a: Drifblim|Drifblim, F|66/100
|move|p1a: bro is uber🤑🤑🤑|Iron Defense|p1a: bro is uber🤑🤑🤑
|-boost|p1a: bro is uber🤑🤑🤑|def|2
|
|upkeep
|turn|19
|inactive|jour2e23 endeavour has 120 seconds left.
|
|t:|1685920756
|switch|p1a: bro clicks dance😋|Dragapult, M|100/100
|-status|p1a: bro clicks dance😋|psn
|-damage|p1a: bro clicks dance😋|88/100 psn|[from] Spikes
|move|p2a: Drifblim|Strength Sap|p1a: bro clicks dance😋
|-unboost|p1a: bro clicks dance😋|atk|1
|-heal|p2a: Drifblim|100/100
|
|-damage|p1a: bro clicks dance😋|76/100 psn|[from] psn
|upkeep
|turn|20
|inactive|jour2e23 endeavour has 120 seconds left.
|l| Love Is Cruel
|
|t:|1685920792
|move|p1a: bro clicks dance😋|Light Screen|p1a: bro clicks dance😋
|-sidestart|p1: jour2e23 endeavour|move: Light Screen
|move|p2a: Drifblim|Hex|p1a: bro clicks dance😋
|-supereffective|p1a: bro clicks dance😋
|-damage|p1a: bro clicks dance😋|33/100 psn
|-start|p2a: Drifblim|Disable|Hex|[from] ability: Cursed Body|[of] p1a: bro clicks dance😋
|
|-damage|p1a: bro clicks dance😋|21/100 psn|[from] psn
|upkeep
|turn|21
|
|t:|1685920806
|switch|p2a: Toxapex|Toxapex, F|75/100
|move|p1a: bro clicks dance😋|Curse|p2a: Toxapex
|-start|p2a: Toxapex|Curse|[of] p1a: bro clicks dance😋
|-damage|p1a: bro clicks dance😋|0 fnt
|faint|p1a: bro clicks dance😋
|
|-damage|p2a: Toxapex|51/100|[from] Curse
|upkeep
|
|t:|1685920812
|switch|p1a: bro is uber🤑🤑🤑|Zamazenta-Crowned|88/100
|-damage|p1a: bro is uber🤑🤑🤑|76/100|[from] Spikes
|turn|22
|
|t:|1685920816
|switch|p2a: Drifblim|Drifblim, F|100/100
|move|p1a: bro is uber🤑🤑🤑|Wild Charge|p2a: Drifblim
|-supereffective|p2a: Drifblim
|-damage|p2a: Drifblim|63/100
|-damage|p1a: bro is uber🤑🤑🤑|61/100|[from] Recoil
|
|upkeep
|turn|23
|inactive|jour2e23 endeavour has 120 seconds left.
|
|t:|1685920824
|switch|p1a: bro give bj😘😘|Volcarona, M, tera:Ground|36/100
|move|p2a: Drifblim|Strength Sap|p1a: bro give bj😘😘
|-unboost|p1a: bro give bj😘😘|atk|1
|-heal|p2a: Drifblim|85/100
|
|upkeep
|turn|24
|
|t:|1685920831
|switch|p2a: Clodsire|Clodsire, M, tera:Flying|100/100
|move|p1a: bro give bj😘😘|Fiery Dance|p2a: Clodsire
|-damage|p2a: Clodsire|79/100
|-boost|p1a: bro give bj😘😘|spa|1
|
|upkeep
|turn|25
|
|t:|1685920838
|move|p1a: bro give bj😘😘|Fiery Dance|p2a: Clodsire
|-damage|p2a: Clodsire|56/100
|-boost|p1a: bro give bj😘😘|spa|1
|move|p2a: Clodsire|Toxic|p1a: bro give bj😘😘
|-status|p1a: bro give bj😘😘|tox
|
|-damage|p1a: bro give bj😘😘|30/100 tox|[from] psn
|upkeep
|turn|26
|
|t:|1685920841
|move|p1a: bro give bj😘😘|Fiery Dance|p2a: Clodsire
|-damage|p2a: Clodsire|32/100
|move|p2a: Clodsire|Recover|p2a: Clodsire
|-heal|p2a: Clodsire|82/100
|
|-damage|p1a: bro give bj😘😘|18/100 tox|[from] psn
|upkeep
|turn|27
|
|t:|1685920845
|switch|p1a: bro is uber🤑🤑🤑|Zamazenta-Crowned|61/100
|-damage|p1a: bro is uber🤑🤑🤑|49/100|[from] Spikes
|move|p2a: Clodsire|Recover|p2a: Clodsire
|-heal|p2a: Clodsire|100/100
|
|-sideend|p1: jour2e23 endeavour|move: Light Screen
|upkeep
|turn|28
|
|t:|1685920849
|switch|p2a: Drifblim|Drifblim, F|85/100
|move|p1a: bro is uber🤑🤑🤑|Wild Charge|p2a: Drifblim
|-supereffective|p2a: Drifblim
|-damage|p2a: Drifblim|48/100
|-damage|p1a: bro is uber🤑🤑🤑|34/100|[from] Recoil
|
|upkeep
|turn|29
|
|t:|1685920855
|move|p1a: bro is uber🤑🤑🤑|Wild Charge|p2a: Drifblim
|-supereffective|p2a: Drifblim
|-damage|p2a: Drifblim|9/100
|-damage|p1a: bro is uber🤑🤑🤑|19/100|[from] Recoil
|move|p2a: Drifblim|Strength Sap|p1a: bro is uber🤑🤑🤑
|-unboost|p1a: bro is uber🤑🤑🤑|atk|1
|-heal|p2a: Drifblim|64/100
|
|upkeep
|turn|30
|
|t:|1685920858
|switch|p1a: bro needs a ban😴|Magearna|59/100
|-damage|p1a: bro needs a ban😴|47/100|[from] Spikes
|move|p2a: Drifblim|Strength Sap|p1a: bro needs a ban😴
|-unboost|p1a: bro needs a ban😴|atk|1
|-heal|p2a: Drifblim|99/100
|
|-heal|p1a: bro needs a ban😴|53/100|[from] item: Leftovers
|upkeep
|turn|31
|
|t:|1685920865
|switch|p2a: Clodsire|Clodsire, M, tera:Flying|100/100
|move|p1a: bro needs a ban😴|Draining Kiss|p2a: Clodsire
|-damage|p2a: Clodsire|89/100
|-heal|p1a: bro needs a ban😴|64/100|[from] drain|[of] p2a: Clodsire
|
|-heal|p1a: bro needs a ban😴|70/100|[from] item: Leftovers
|upkeep
|turn|32
|
|t:|1685920874
|switch|p1a: bro give bj😘😘|Volcarona, M, tera:Ground|18/100 tox
|move|p2a: Clodsire|Earthquake|p1a: bro give bj😘😘
|-damage|p1a: bro give bj😘😘|0 fnt
|faint|p1a: bro give bj😘😘
|
|upkeep
|-message|jour2e23 endeavour forfeited.
|
|win|Granny Pie
|raw|jour2e23 endeavour's rating: 1683 → 1663(-20 for losing)
|raw|Granny Pie's rating: 1675 → 1695(+20 for winning)
|l|☆jour2e23 endeavour
