|j|☆Essence Thief
|j|☆angelexpo_18
|t:|1685903624
|gametype|singles
|player|p1|Essence Thief|n-masters|1564
|player|p2|angelexpo_18|linebacker|1497
|teamsize|p1|6
|teamsize|p2|6
|gen|9
|tier|[Gen 9] OU
|rated|
|rule|Sleep Clause Mod: Limit one foe put to sleep
|rule|Species Clause: Limit one of each Pokémon
|rule|OHKO Clause: OHKO moves are banned
|rule|Evasion Items Clause: Evasion items are banned
|rule|Evasion Moves Clause: Evasion moves are banned
|rule|Endless Battle Clause: Forcing endless battles is banned
|rule|HP Percentage Mod: HP is shown in percentages
|clearpoke
|poke|p1|Slowking, F|
|poke|p1|Garganacl, F|
|poke|p1|Iron Treads|
|poke|p1|Kingambit, M|
|poke|p1|Dragapult, F|
|poke|p1|Corviknight, M|
|poke|p2|Torkoal, M|
|poke|p2|Walking Wake|
|poke|p2|Skeledirge, F|
|poke|p2|Great Tusk|
|poke|p2|Leafeon, F|
|poke|p2|Goodra-Hisui, F|
|teampreview
|inactive|Battle timer is ON: inactive players will automatically lose when time's up. (requested by angelexpo_18)
|
|t:|1685903645
|start
|switch|p1a: Garganacl|Garganacl, F|100/100
|switch|p2a: Torkoal|Torkoal, M, shiny|100/100
|-weather|SunnyDay|[from] ability: Drought|[of] p2a: Torkoal
|turn|1
|
|t:|1685903651
|-terastallize|p2a: Torkoal|Grass
|move|p1a: Garganacl|Salt Cure|p2a: Torkoal
|-crit|p2a: Torkoal
|-damage|p2a: Torkoal|85/100
|-start|p2a: Torkoal|Salt Cure
|move|p2a: Torkoal|Solar Beam||[still]
|-prepare|p2a: Torkoal|Solar Beam
|-anim|p2a: Torkoal|Solar Beam|p1a: Garganacl
|-supereffective|p1a: Garganacl
|-damage|p1a: Garganacl|20/100
|
|-weather|SunnyDay|[upkeep]
|-heal|p1a: Garganacl|26/100|[from] item: Leftovers
|-damage|p2a: Torkoal|73/100|[from] Salt Cure
|upkeep
|turn|2
|
|t:|1685903678
|switch|p1a: Dragapult|Dragapult, F|100/100
|move|p2a: Torkoal|Stealth Rock|p1a: Dragapult
|-sidestart|p1: Essence Thief|move: Stealth Rock
|
|-weather|SunnyDay|[upkeep]
|-damage|p2a: Torkoal|61/100|[from] Salt Cure
|upkeep
|turn|3
|
|t:|1685903683
|switch|p2a: Goodra|Goodra-Hisui, F|100/100
|move|p1a: Dragapult|Shadow Ball|p2a: Goodra
|-damage|p2a: Goodra|76/100
|
|-weather|SunnyDay|[upkeep]
|upkeep
|turn|4
|
|t:|1685903695
|switch|p1a: Slowking|Slowking, F|100/100
|move|p2a: Goodra|Draco Meteor|p1a: Slowking
|-damage|p1a: Slowking|63/100
|-unboost|p2a: Goodra|spa|2
|
|-weather|SunnyDay|[upkeep]
|upkeep
|turn|5
|
|t:|1685903709
|switch|p2a: Leafeon|Leafeon, F|100/100
|move|p1a: Slowking|Future Sight|p2a: Leafeon
|-start|p1a: Slowking|move: Future Sight
|
|-weather|SunnyDay|[upkeep]
|upkeep
|turn|6
|
|t:|1685903724
|switch|p1a: Corviknight|Corviknight, M|100/100
|-damage|p1a: Corviknight|88/100|[from] Stealth Rock
|-ability|p1a: Corviknight|Pressure
|move|p2a: Leafeon|Leaf Blade|p1a: Corviknight
|-resisted|p1a: Corviknight
|-damage|p1a: Corviknight|77/100
|-damage|p2a: Leafeon|84/100|[from] item: Rocky Helmet|[of] p1a: Corviknight
|
|-weather|SunnyDay|[upkeep]
|upkeep
|turn|7
|
|t:|1685903728
|switch|p2a: Goodra|Goodra-Hisui, F|76/100
|move|p1a: Corviknight|U-turn|p2a: Goodra
|-resisted|p2a: Goodra
|-damage|p2a: Goodra|69/100
|-ability|p2a: Goodra|Gooey
|-unboost|p1a: Corviknight|spe|1
|
|t:|1685903739
|switch|p1a: Slowking|Slowking, F|96/100|[from] U-turn
|
|-weather|SunnyDay|[upkeep]
|-end|p2a: Goodra|move: Future Sight
|-resisted|p2a: Goodra
|-damage|p2a: Goodra|61/100
|upkeep
|turn|8
|
|t:|1685903760
|switch|p2a: Walking Wake|Walking Wake|100/100
|-activate|p2a: Walking Wake|ability: Protosynthesis
|-start|p2a: Walking Wake|protosynthesisspe
|move|p1a: Slowking|Future Sight|p2a: Walking Wake
|-start|p1a: Slowking|move: Future Sight
|
|-weather|none
|-end|p2a: Walking Wake|Protosynthesis
|upkeep
|turn|9
|
|t:|1685903769
|-end|p2a: Walking Wake|Protosynthesis|[silent]
|switch|p2a: Torkoal|Torkoal, M, shiny, tera:Grass|61/100
|-weather|SunnyDay|[from] ability: Drought|[of] p2a: Torkoal
|move|p1a: Slowking|Thunder Wave|p2a: Torkoal|[miss]
|-miss|p1a: Slowking|p2a: Torkoal
|
|-weather|SunnyDay|[upkeep]
|upkeep
|turn|10
|
|t:|1685903779
|switch|p1a: Dragapult|Dragapult, F|100/100
|-damage|p1a: Dragapult|88/100|[from] Stealth Rock
|switch|p2a: Goodra|Goodra-Hisui, F|61/100
|
|-weather|SunnyDay|[upkeep]
|-end|p2a: Goodra|move: Future Sight
|-resisted|p2a: Goodra
|-damage|p2a: Goodra|52/100
|upkeep
|turn|11
|
|t:|1685903794
|switch|p2a: Leafeon|Leafeon, F|84/100
|move|p1a: Dragapult|U-turn|p2a: Leafeon
|-supereffective|p2a: Leafeon
|-damage|p2a: Leafeon|51/100
|
|t:|1685903798
|switch|p1a: Corviknight|Corviknight, M|77/100|[from] U-turn
|-damage|p1a: Corviknight|65/100|[from] Stealth Rock
|-ability|p1a: Corviknight|Pressure
|
|-weather|SunnyDay|[upkeep]
|upkeep
|turn|12
|
|t:|1685903801
|switch|p2a: Walking Wake|Walking Wake|100/100
|-activate|p2a: Walking Wake|ability: Protosynthesis
|-start|p2a: Walking Wake|protosynthesisspe
|move|p1a: Corviknight|Roost|p1a: Corviknight
|-heal|p1a: Corviknight|100/100
|-singleturn|p1a: Corviknight|move: Roost
|
|-weather|SunnyDay|[upkeep]
|upkeep
|turn|13
|
|t:|1685903829
|switch|p1a: Slowking|Slowking, F|100/100
|move|p2a: Walking Wake|Draco Meteor|p1a: Slowking
|-damage|p1a: Slowking|40/100
|-unboost|p2a: Walking Wake|spa|2
|
|-weather|SunnyDay|[upkeep]
|upkeep
|turn|14
|inactive|angelexpo_18 has 120 seconds left.
|
|t:|1685903849
|-end|p2a: Walking Wake|Protosynthesis|[silent]
|switch|p2a: Sacamuelas|Skeledirge, F, shiny|100/100
|move|p1a: Slowking|Thunder Wave|p2a: Sacamuelas
|-status|p2a: Sacamuelas|par
|
|-weather|SunnyDay|[upkeep]
|upkeep
|turn|15
|inactive|angelexpo_18 has 120 seconds left.
|
|t:|1685903865
|switch|p1a: Garganacl|Garganacl, F|26/100
|-damage|p1a: Garganacl|14/100|[from] Stealth Rock
|move|p2a: Sacamuelas|Torch Song|p1a: Garganacl
|-resisted|p1a: Garganacl
|-damage|p1a: Garganacl|0 fnt
|-boost|p2a: Sacamuelas|spa|1
|faint|p1a: Garganacl
|
|-weather|SunnyDay|[upkeep]
|upkeep
|inactive|Essence Thief has 120 seconds left.
|
|t:|1685903907
|switch|p1a: Iron Treads|Iron Treads|100/100
|-damage|p1a: Iron Treads|97/100|[from] Stealth Rock
|-enditem|p1a: Iron Treads|Booster Energy
|-activate|p1a: Iron Treads|ability: Quark Drive|[fromitem]
|-start|p1a: Iron Treads|quarkdrivespe
|turn|16
|
|t:|1685903915
|-terastallize|p1a: Iron Treads|Water
|move|p1a: Iron Treads|Earthquake|p2a: Sacamuelas
|-supereffective|p2a: Sacamuelas
|-damage|p2a: Sacamuelas|29/100 par
|move|p2a: Sacamuelas|Will-O-Wisp|p1a: Iron Treads
|-status|p1a: Iron Treads|brn
|
|-weather|none
|-heal|p2a: Sacamuelas|35/100 par|[from] item: Leftovers
|-damage|p1a: Iron Treads|91/100 brn|[from] brn
|upkeep
|turn|17
|
|t:|1685903926
|switch|p2a: Torkoal|Torkoal, M, shiny, tera:Grass|61/100
|-weather|SunnyDay|[from] ability: Drought|[of] p2a: Torkoal
|move|p1a: Iron Treads|Knock Off|p2a: Torkoal
|-damage|p2a: Torkoal|50/100
|-enditem|p2a: Torkoal|Heat Rock|[from] move: Knock Off|[of] p1a: Iron Treads
|
|-weather|SunnyDay|[upkeep]
|-damage|p1a: Iron Treads|85/100 brn|[from] brn
|upkeep
|turn|18
|inactive|Essence Thief has 120 seconds left.
|
|t:|1685903936
|move|p1a: Iron Treads|Rapid Spin|p2a: Torkoal
|-damage|p2a: Torkoal|44/100
|-boost|p1a: Iron Treads|spe|1
|-sideend|p1: Essence Thief|Stealth Rock|[from] move: Rapid Spin|[of] p1a: Iron Treads
|move|p2a: Torkoal|Lava Plume|p1a: Iron Treads
|-resisted|p1a: Iron Treads
|-damage|p1a: Iron Treads|51/100 brn
|
|-weather|SunnyDay|[upkeep]
|-damage|p1a: Iron Treads|45/100 brn|[from] brn
|upkeep
|turn|19
|
|t:|1685903947
|-end|p1a: Iron Treads|Quark Drive|[silent]
|switch|p1a: Dragapult|Dragapult, F|88/100
|move|p2a: Torkoal|Stealth Rock|p1a: Dragapult
|-sidestart|p1: Essence Thief|move: Stealth Rock
|
|-weather|SunnyDay|[upkeep]
|upkeep
|turn|20
|
|t:|1685903950
|switch|p2a: Goodra|Goodra-Hisui, F|52/100
|move|p1a: Dragapult|Shadow Ball|p2a: Goodra
|-damage|p2a: Goodra|27/100
|
|-weather|SunnyDay|[upkeep]
|upkeep
|turn|21
|inactive|Essence Thief has 120 seconds left.
|
|t:|1685903980
|switch|p1a: Kingambit|Kingambit, M|100/100
|-damage|p1a: Kingambit|94/100|[from] Stealth Rock
|-activate|p1a: Kingambit|ability: Supreme Overlord
|-start|p1a: Kingambit|fallen1|[silent]
|move|p2a: Goodra|Draco Meteor|p1a: Kingambit
|-resisted|p1a: Kingambit
|-damage|p1a: Kingambit|59/100
|-unboost|p2a: Goodra|spa|2
|
|-weather|SunnyDay|[upkeep]
|-heal|p1a: Kingambit|66/100|[from] item: Leftovers
|upkeep
|turn|22
|inactive|Essence Thief has 120 seconds left.
|
|t:|1685903991
|move|p1a: Kingambit|Kowtow Cleave|p2a: Goodra
|-damage|p2a: Goodra|0 fnt
|-ability|p2a: Goodra|Gooey
|-unboost|p1a: Kingambit|spe|1
|faint|p2a: Goodra
|
|-weather|SunnyDay|[upkeep]
|-heal|p1a: Kingambit|72/100|[from] item: Leftovers
|upkeep
|
|t:|1685904000
|switch|p2a: Walking Wake|Walking Wake|100/100
|-activate|p2a: Walking Wake|ability: Protosynthesis
|-start|p2a: Walking Wake|protosynthesisspe
|turn|23
|
|t:|1685904020
|move|p1a: Kingambit|Sucker Punch|p2a: Walking Wake
|-damage|p2a: Walking Wake|54/100
|move|p2a: Walking Wake|Dragon Pulse|p1a: Kingambit
|-resisted|p1a: Kingambit
|-damage|p1a: Kingambit|35/100
|
|-weather|SunnyDay|[upkeep]
|-heal|p1a: Kingambit|41/100|[from] item: Leftovers
|upkeep
|turn|24
|
|t:|1685904028
|-end|p2a: Walking Wake|Protosynthesis|[silent]
|switch|p2a: Great 4ss|Great Tusk|100/100
|-activate|p2a: Great 4ss|ability: Protosynthesis
|-start|p2a: Great 4ss|protosynthesisatk
|move|p1a: Kingambit|Kowtow Cleave|p2a: Great 4ss
|-resisted|p2a: Great 4ss
|-damage|p2a: Great 4ss|82/100
|
|-weather|none
|-end|p2a: Great 4ss|Protosynthesis
|-heal|p1a: Kingambit|47/100|[from] item: Leftovers
|upkeep
|turn|25
|
|t:|1685904037
|-end|p1a: Kingambit|fallen1|[silent]
|switch|p1a: Corviknight|Corviknight, M|100/100
|-damage|p1a: Corviknight|88/100|[from] Stealth Rock
|-ability|p1a: Corviknight|Pressure
|move|p2a: Great 4ss|Close Combat|p1a: Corviknight
|-damage|p1a: Corviknight|48/100
|-unboost|p2a: Great 4ss|def|1
|-unboost|p2a: Great 4ss|spd|1
|-damage|p2a: Great 4ss|66/100|[from] item: Rocky Helmet|[of] p1a: Corviknight
|
|upkeep
|turn|26
|
|t:|1685904043
|-end|p2a: Great 4ss|Protosynthesis|[silent]
|switch|p2a: Torkoal|Torkoal, M, shiny, tera:Grass|44/100
|-weather|SunnyDay|[from] ability: Drought|[of] p2a: Torkoal
|move|p1a: Corviknight|Roost|p1a: Corviknight
|-heal|p1a: Corviknight|98/100
|-singleturn|p1a: Corviknight|move: Roost
|
|-weather|SunnyDay|[upkeep]
|upkeep
|turn|27
|
|t:|1685904051
|move|p1a: Corviknight|U-turn|p2a: Torkoal
|-supereffective|p2a: Torkoal
|-damage|p2a: Torkoal|21/100
|
|t:|1685904055
|switch|p1a: Iron Treads|Iron Treads, tera:Water|45/100 brn|[from] U-turn
|-damage|p1a: Iron Treads|33/100 brn|[from] Stealth Rock
|move|p2a: Torkoal|Lava Plume|p1a: Iron Treads
|-resisted|p1a: Iron Treads
|-damage|p1a: Iron Treads|0 fnt
|faint|p1a: Iron Treads
|-end|p1a: Iron Treads|Quark Drive|[silent]
|
|-weather|SunnyDay|[upkeep]
|upkeep
|
|t:|1685904059
|switch|p1a: Dragapult|Dragapult, F|88/100
|-damage|p1a: Dragapult|76/100|[from] Stealth Rock
|turn|28
|
|t:|1685904065
|move|p1a: Dragapult|Shadow Ball|p2a: Torkoal
|-damage|p2a: Torkoal|0 fnt
|faint|p2a: Torkoal
|
|-weather|SunnyDay|[upkeep]
|upkeep
|
|t:|1685904075
|switch|p2a: Walking Wake|Walking Wake|54/100
|-activate|p2a: Walking Wake|ability: Protosynthesis
|-start|p2a: Walking Wake|protosynthesisspe
|turn|29
|
|t:|1685904097
|switch|p1a: Slowking|Slowking, F|73/100
|move|p2a: Walking Wake|Draco Meteor|p1a: Slowking
|-damage|p1a: Slowking|20/100
|-unboost|p2a: Walking Wake|spa|2
|
|-weather|SunnyDay|[upkeep]
|upkeep
|turn|30
|
|t:|1685904111
|move|p2a: Walking Wake|Draco Meteor|p1a: Slowking
|-damage|p1a: Slowking|0 fnt
|-unboost|p2a: Walking Wake|spa|2
|faint|p1a: Slowking
|
|-weather|none
|-end|p2a: Walking Wake|Protosynthesis
|upkeep
|
|t:|1685904114
|switch|p1a: Dragapult|Dragapult, F|76/100
|-damage|p1a: Dragapult|64/100|[from] Stealth Rock
|turn|31
|
|t:|1685904118
|-end|p2a: Walking Wake|Protosynthesis|[silent]
|switch|p2a: Sacamuelas|Skeledirge, F, shiny|35/100 par
|move|p1a: Dragapult|Draco Meteor|p2a: Sacamuelas
|-damage|p2a: Sacamuelas|0 fnt
|-unboost|p1a: Dragapult|spa|2
|faint|p2a: Sacamuelas
|
|upkeep
|inactive|angelexpo_18 has 120 seconds left.
|
|t:|1685904164
|switch|p2a: Walking Wake|Walking Wake|54/100
|turn|32
|inactive|angelexpo_18 has 90 seconds left.
|
|t:|1685904202
|switch|p1a: Kingambit|Kingambit, M|47/100
|-damage|p1a: Kingambit|41/100|[from] Stealth Rock
|-activate|p1a: Kingambit|ability: Supreme Overlord
|-start|p1a: Kingambit|fallen3|[silent]
|-end|p2a: Walking Wake|Protosynthesis|[silent]
|switch|p2a: Great 4ss|Great Tusk|66/100
|
|-heal|p1a: Kingambit|47/100|[from] item: Leftovers
|upkeep
|turn|33
|inactive|angelexpo_18 has 90 seconds left.
|
|t:|1685904229
|-end|p2a: Great 4ss|Protosynthesis|[silent]
|switch|p2a: Walking Wake|Walking Wake|54/100
|-end|p1a: Kingambit|fallen3|[silent]
|switch|p1a: Corviknight|Corviknight, M|98/100
|-damage|p1a: Corviknight|86/100|[from] Stealth Rock
|-ability|p1a: Corviknight|Pressure
|
|upkeep
|turn|34
|
|t:|1685904240
|move|p2a: Walking Wake|Flamethrower|p1a: Corviknight
|-supereffective|p1a: Corviknight
|-crit|p1a: Corviknight
|-damage|p1a: Corviknight|0 fnt
|faint|p1a: Corviknight
|
|upkeep
|
|t:|1685904242
|switch|p1a: Dragapult|Dragapult, F|64/100
|-damage|p1a: Dragapult|51/100|[from] Stealth Rock
|turn|35
|
|t:|1685904245
|-end|p2a: Walking Wake|Protosynthesis|[silent]
|switch|p2a: Leafeon|Leafeon, F|51/100
|move|p1a: Dragapult|Shadow Ball|p2a: Leafeon
|-crit|p2a: Leafeon
|-damage|p2a: Leafeon|0 fnt
|faint|p2a: Leafeon
|
|upkeep
|inactive|angelexpo_18 has 90 seconds left.
|
|t:|1685904264
|switch|p2a: Walking Wake|Walking Wake|54/100
|turn|36
|inactive|angelexpo_18 has 90 seconds left.
|
|t:|1685904272
|move|p1a: Dragapult|Shadow Ball|p2a: Walking Wake
|-damage|p2a: Walking Wake|0 fnt
|faint|p2a: Walking Wake
|-end|p2a: Walking Wake|Protosynthesis|[silent]
|
|upkeep
|
|t:|1685904275
|switch|p2a: Great 4ss|Great Tusk|66/100
|turn|37
|inactive|angelexpo_18 has 90 seconds left.
|
|t:|1685904298
|move|p1a: Dragapult|Shadow Ball|p2a: Great 4ss
|-crit|p2a: Great 4ss
|-damage|p2a: Great 4ss|0 fnt
|faint|p2a: Great 4ss
|-end|p2a: Great 4ss|Protosynthesis|[silent]
|
|win|Essence Thief
|raw|Essence Thief's rating: 1564 → 1580(+16 for winning)
|raw|angelexpo_18's rating: 1497 → 1481(-16 for losing)
