|j|☆georgiethefirst
|j|☆rinnegan sad
|t:|1685919282
|gametype|singles
|player|p1|georgiethefirst|hiker-gen2|1607
|player|p2|rinnegan sad|brawly|1644
|teamsize|p1|6
|teamsize|p2|6
|gen|9
|tier|[Gen 9] OU
|rated|
|rule|Sleep Clause Mod: Limit one foe put to sleep
|rule|Species Clause: Limit one of each Pokémon
|rule|OHKO Clause: OHKO moves are banned
|rule|Evasion Items Clause: Evasion items are banned
|rule|Evasion Moves Clause: Evasion moves are banned
|rule|Endless Battle Clause: Forcing endless battles is banned
|rule|HP Percentage Mod: HP is shown in percentages
|clearpoke
|poke|p1|Walking Wake|
|poke|p1|Torkoal, M|
|poke|p1|Tornadus-Therian, M|
|poke|p1|Toxapex, M|
|poke|p1|Ting-Lu|
|poke|p1|Volcarona, F|
|poke|p2|Basculegion, M|
|poke|p2|Landorus-Therian, M|
|poke|p2|Dragapult, M|
|poke|p2|Corviknight, F|
|poke|p2|Chien-Pao|
|poke|p2|Magearna|
|teampreview
|j| Light DN
|j| TheSilvySilv
|j| NO STYLIST+(ULTRA)
|j|+goldtodd1
|j| lonesome road
|inactive|Battle timer is ON: inactive players will automatically lose when time's up. (requested by georgiethefirst)
|j| virgin to rank 1
|j| YoinkToTheFuture
|inactive|rinnegan sad has 120 seconds left.
|j| plasma falls
|j| gotsnsd
|l| virgin to rank 1
|j| Ilkhanate
|l| plasma falls
|inactive|rinnegan sad has 90 seconds left.
|
|t:|1685919376
|start
|switch|p1a: Walking Wake|Walking Wake|100/100
|switch|p2a: Landorus|Landorus-Therian, M|100/100
|-ability|p2a: Landorus|Intimidate|boost
|-unboost|p1a: Walking Wake|atk|1
|turn|1
|
|t:|1685919388
|switch|p2a: Magearna|Magearna|100/100
|move|p1a: Walking Wake|Hydro Steam|p2a: Magearna
|-damage|p2a: Magearna|70/100
|-damage|p1a: Walking Wake|91/100|[from] item: Life Orb
|
|-heal|p2a: Magearna|76/100|[from] item: Leftovers
|upkeep
|turn|2
|j| RaikouLoverTest
|
|t:|1685919399
|-end|p1a: Walking Wake|Protosynthesis|[silent]
|switch|p1a: Ting-Lu|Ting-Lu|100/100
|-ability|p1a: Ting-Lu|Vessel of Ruin
|-terastallize|p2a: Magearna|Water
|move|p2a: Magearna|Calm Mind|p2a: Magearna
|-boost|p2a: Magearna|spa|1
|-boost|p2a: Magearna|spd|1
|
|-heal|p2a: Magearna|82/100|[from] item: Leftovers
|upkeep
|turn|3
|c| NO STYLIST+(ULTRA)|how did i inspire this
|c| NO STYLIST+(ULTRA)|im actually confused
|
|t:|1685919408
|switch|p2a: Basculegion|Basculegion, M|100/100
|move|p1a: Ting-Lu|Spikes|p2a: Basculegion
|-sidestart|p2: rinnegan sad|Spikes
|
|upkeep
|turn|4
|
|t:|1685919411
|switch|p1a: Toxapex|Toxapex, M|100/100
|move|p2a: Basculegion|Wave Crash|p1a: Toxapex
|-resisted|p1a: Toxapex
|-damage|p1a: Toxapex|60/100
|-damage|p2a: Basculegion|84/100|[from] item: Rocky Helmet|[of] p1a: Toxapex
|-damage|p2a: Basculegion|73/100|[from] Recoil
|
|upkeep
|turn|5
|
|t:|1685919417
|move|p2a: Basculegion|Wave Crash|p1a: Toxapex
|-resisted|p1a: Toxapex
|-damage|p1a: Toxapex|22/100
|-damage|p2a: Basculegion|57/100|[from] item: Rocky Helmet|[of] p1a: Toxapex
|-damage|p2a: Basculegion|47/100|[from] Recoil
|move|p1a: Toxapex|Sludge Bomb|p2a: Basculegion
|-resisted|p2a: Basculegion
|-damage|p2a: Basculegion|36/100
|
|upkeep
|turn|6
|
|t:|1685919423
|move|p1a: Toxapex|Baneful Bunker|p1a: Toxapex
|-singleturn|p1a: Toxapex|move: Protect
|move|p2a: Basculegion|Wave Crash|p1a: Toxapex
|-activate|p1a: Toxapex|move: Protect
|-status|p2a: Basculegion|psn
|
|-damage|p2a: Basculegion|23/100 psn|[from] psn
|upkeep
|turn|7
|
|t:|1685919426
|switch|p1a: Walking Wake|Walking Wake|91/100
|move|p2a: Basculegion|Wave Crash|p1a: Walking Wake
|-resisted|p1a: Walking Wake
|-damage|p1a: Walking Wake|56/100
|-damage|p2a: Basculegion|13/100 psn|[from] Recoil
|
|-damage|p2a: Basculegion|1/100 psn|[from] psn
|upkeep
|turn|8
|
|t:|1685919432
|move|p1a: Walking Wake|Hydro Steam|p2a: Basculegion
|-resisted|p2a: Basculegion
|-damage|p2a: Basculegion|0 fnt
|faint|p2a: Basculegion
|-damage|p1a: Walking Wake|47/100|[from] item: Life Orb
|
|upkeep
|
|t:|1685919436
|switch|p2a: Dragapult|Dragapult, M|100/100
|turn|9
|
|t:|1685919439
|-end|p1a: Walking Wake|Protosynthesis|[silent]
|switch|p1a: Ting-Lu|Ting-Lu|100/100
|-ability|p1a: Ting-Lu|Vessel of Ruin
|move|p2a: Dragapult|U-turn|p1a: Ting-Lu
|-supereffective|p1a: Ting-Lu
|-damage|p1a: Ting-Lu|79/100
|-damage|p2a: Dragapult|84/100|[from] item: Rocky Helmet|[of] p1a: Ting-Lu
|
|t:|1685919444
|switch|p2a: Chien-Pao|Chien-Pao|100/100|[from] U-turn
|-ability|p2a: Chien-Pao|Sword of Ruin
|
|upkeep
|turn|10
|
|t:|1685919448
|switch|p1a: Torkoal|Torkoal, M|100/100
|-weather|SunnyDay|[from] ability: Drought|[of] p1a: Torkoal
|move|p2a: Chien-Pao|Swords Dance|p2a: Chien-Pao
|-boost|p2a: Chien-Pao|atk|2
|
|-weather|SunnyDay|[upkeep]
|upkeep
|turn|11
|
|t:|1685919455
|switch|p2a: Landorus|Landorus-Therian, M|100/100
|-ability|p2a: Landorus|Intimidate|boost
|-unboost|p1a: Torkoal|atk|1
|move|p1a: Torkoal|Lava Plume|p2a: Landorus
|-damage|p2a: Landorus|59/100
|
|-weather|SunnyDay|[upkeep]
|upkeep
|turn|12
|
|t:|1685919458
|move|p2a: Landorus|Stealth Rock|p1a: Torkoal
|-sidestart|p1: georgiethefirst|move: Stealth Rock
|move|p1a: Torkoal|Stealth Rock|p2a: Landorus
|-sidestart|p2: rinnegan sad|move: Stealth Rock
|
|-weather|SunnyDay|[upkeep]
|upkeep
|turn|13
|
|t:|1685919462
|switch|p1a: Tornadus|Tornadus-Therian, M|100/100
|move|p2a: Landorus|Earthquake|p1a: Tornadus
|-immune|p1a: Tornadus
|
|-weather|SunnyDay|[upkeep]
|upkeep
|turn|14
|
|t:|1685919466
|move|p1a: Tornadus|Bleakwind Storm|p2a: Landorus
|-damage|p2a: Landorus|5/100
|-unboost|p2a: Landorus|spe|1
|move|p2a: Landorus|U-turn|p1a: Tornadus
|-resisted|p1a: Tornadus
|-damage|p1a: Tornadus|86/100
|
|t:|1685919469
|switch|p2a: Chien-Pao|Chien-Pao|100/100|[from] U-turn
|-ability|p2a: Chien-Pao|Sword of Ruin
|
|-weather|none
|upkeep
|turn|15
|
|t:|1685919473
|switch|p1a: Torkoal|Torkoal, M|100/100
|-damage|p1a: Torkoal|76/100|[from] Stealth Rock
|-weather|SunnyDay|[from] ability: Drought|[of] p1a: Torkoal
|move|p2a: Chien-Pao|Ice Spinner|p1a: Torkoal
|-resisted|p1a: Torkoal
|-damage|p1a: Torkoal|61/100
|-damage|p2a: Chien-Pao|84/100|[from] item: Rocky Helmet|[of] p1a: Torkoal
|
|-weather|SunnyDay|[upkeep]
|upkeep
|turn|16
|j| beautifications
|
|t:|1685919481
|switch|p2a: Landorus|Landorus-Therian, M|5/100
|-damage|p2a: Landorus|0 fnt|[from] Stealth Rock
|faint|p2a: Landorus
|move|p1a: Torkoal|Lava Plume|p2: Landorus|[notarget]
|-fail|p1a: Torkoal
|
|-weather|SunnyDay|[upkeep]
|upkeep
|
|t:|1685919493
|switch|p2a: Dragapult|Dragapult, M|84/100
|turn|17
|
|t:|1685919495
|move|p2a: Dragapult|Hex|p1a: Torkoal
|-damage|p1a: Torkoal|26/100
|move|p1a: Torkoal|Lava Plume|p2a: Dragapult
|-resisted|p2a: Dragapult
|-damage|p2a: Dragapult|58/100
|-status|p2a: Dragapult|brn
|
|-weather|SunnyDay|[upkeep]
|-damage|p2a: Dragapult|52/100 brn|[from] brn
|upkeep
|turn|18
|
|t:|1685919500
|switch|p1a: Ting-Lu|Ting-Lu|79/100
|-damage|p1a: Ting-Lu|72/100|[from] Stealth Rock
|-ability|p1a: Ting-Lu|Vessel of Ruin
|move|p2a: Dragapult|Dragon Darts|p1a: Ting-Lu
|-damage|p1a: Ting-Lu|66/100
|-anim|p2a: Dragapult|Dragon Darts|p1a: Ting-Lu
|-damage|p1a: Ting-Lu|60/100
|
|-weather|SunnyDay|[upkeep]
|-damage|p2a: Dragapult|46/100 brn|[from] brn
|upkeep
|turn|19
|
|t:|1685919503
|move|p2a: Dragapult|Will-O-Wisp|p1a: Ting-Lu
|-status|p1a: Ting-Lu|brn
|move|p1a: Ting-Lu|Whirlwind|p2a: Dragapult
|drag|p2a: Magearna|Magearna, tera:Water|82/100
|-damage|p2a: Magearna|70/100|[from] Spikes
|-damage|p2a: Magearna|58/100|[from] Stealth Rock
|
|-weather|none
|-heal|p2a: Magearna|64/100|[from] item: Leftovers
|-damage|p1a: Ting-Lu|53/100 brn|[from] brn
|upkeep
|turn|20
|j| plasma falls
|
|t:|1685919510
|switch|p2a: Corviknight|Corviknight, F|100/100
|-damage|p2a: Corviknight|88/100|[from] Stealth Rock
|-ability|p2a: Corviknight|Pressure
|move|p1a: Ting-Lu|Whirlwind|p2a: Corviknight
|drag|p2a: Chien-Pao|Chien-Pao|84/100
|-ability|p2a: Chien-Pao|Sword of Ruin
|
|-damage|p1a: Ting-Lu|47/100 brn|[from] brn
|upkeep
|turn|21
|l| plasma falls
|
|t:|1685919515
|switch|p1a: Torkoal|Torkoal, M|26/100
|-damage|p1a: Torkoal|2/100|[from] Stealth Rock
|-weather|SunnyDay|[from] ability: Drought|[of] p1a: Torkoal
|move|p2a: Chien-Pao|Swords Dance|p2a: Chien-Pao
|-boost|p2a: Chien-Pao|atk|2
|
|-weather|SunnyDay|[upkeep]
|upkeep
|turn|22
|j| MudkipNerdEnjoyer
|
|t:|1685919521
|move|p2a: Chien-Pao|Ice Shard|p1a: Torkoal
|-resisted|p1a: Torkoal
|-damage|p1a: Torkoal|0 fnt
|faint|p1a: Torkoal
|
|-weather|SunnyDay|[upkeep]
|upkeep
|
|t:|1685919525
|switch|p1a: Toxapex|Toxapex, M|55/100
|-damage|p1a: Toxapex|43/100|[from] Stealth Rock
|turn|23
|
|t:|1685919530
|-terastallize|p1a: Toxapex|Fairy
|move|p2a: Chien-Pao|Crunch|p1a: Toxapex
|-resisted|p1a: Toxapex
|-damage|p1a: Toxapex|10/100
|-damage|p2a: Chien-Pao|67/100|[from] item: Rocky Helmet|[of] p1a: Toxapex
|move|p1a: Toxapex|Sludge Bomb|p2a: Chien-Pao
|-damage|p2a: Chien-Pao|37/100
|
|-weather|SunnyDay|[upkeep]
|upkeep
|turn|24
|
|t:|1685919536
|move|p1a: Toxapex|Baneful Bunker|p1a: Toxapex
|-singleturn|p1a: Toxapex|move: Protect
|move|p2a: Chien-Pao|Ice Shard|p1a: Toxapex
|-activate|p1a: Toxapex|move: Protect
|
|-weather|SunnyDay|[upkeep]
|upkeep
|turn|25
|
|t:|1685919538
|switch|p1a: Ting-Lu|Ting-Lu|47/100 brn
|-damage|p1a: Ting-Lu|41/100 brn|[from] Stealth Rock
|-ability|p1a: Ting-Lu|Vessel of Ruin
|move|p2a: Chien-Pao|Ice Shard|p1a: Ting-Lu
|-supereffective|p1a: Ting-Lu
|-damage|p1a: Ting-Lu|0 fnt
|faint|p1a: Ting-Lu
|
|-weather|none
|upkeep
|c| MudkipNerdEnjoyer|magearna yuck
|l| TheSilvySilv
|
|t:|1685919542
|switch|p1a: Toxapex|Toxapex, M, tera:Fairy|44/100
|-damage|p1a: Toxapex|32/100|[from] Stealth Rock
|turn|26
|c| MudkipNerdEnjoyer|its alr banned
|c| MudkipNerdEnjoyer|be fair
|
|t:|1685919552
|switch|p1a: Walking Wake|Walking Wake|47/100
|-damage|p1a: Walking Wake|34/100|[from] Stealth Rock
|move|p2a: Chien-Pao|Ice Shard|p1a: Walking Wake
|-damage|p1a: Walking Wake|0 fnt
|faint|p1a: Walking Wake
|-end|p1a: Walking Wake|Protosynthesis|[silent]
|
|upkeep
|l| MudkipNerdEnjoyer
|
|t:|1685919554
|switch|p1a: Toxapex|Toxapex, M, tera:Fairy|65/100
|-damage|p1a: Toxapex|53/100|[from] Stealth Rock
|turn|27
|
|t:|1685919558
|move|p1a: Toxapex|Baneful Bunker|p1a: Toxapex
|-singleturn|p1a: Toxapex|move: Protect
|move|p2a: Chien-Pao|Ice Spinner|p1a: Toxapex
|-activate|p1a: Toxapex|move: Protect
|-status|p2a: Chien-Pao|psn
|
|-damage|p2a: Chien-Pao|25/100 psn|[from] psn
|upkeep
|turn|28
|c| NO STYLIST+(ULTRA)|glad u kept that vocl
|
|t:|1685919578
|switch|p2a: Corviknight|Corviknight, F|88/100
|-damage|p2a: Corviknight|76/100|[from] Stealth Rock
|-ability|p2a: Corviknight|Pressure
|move|p1a: Toxapex|Recover|p1a: Toxapex
|-heal|p1a: Toxapex|100/100
|
|upkeep
|turn|29
|
|t:|1685919582
|move|p2a: Corviknight|Defog|p1a: Toxapex
|-unboost|p1a: Toxapex|evasion|1
|-sideend|p1: georgiethefirst|Stealth Rock|[from] move: Defog|[of] p2a: Corviknight
|-sideend|p2: rinnegan sad|Spikes|[from] move: Defog|[of] p2a: Corviknight
|-sideend|p2: rinnegan sad|Stealth Rock|[from] move: Defog|[of] p2a: Corviknight
|move|p1a: Toxapex|Sludge Bomb|p2a: Corviknight
|-immune|p2a: Corviknight
|
|upkeep
|turn|30
|c| Ilkhanate|thats an insane pex tech lmao
|
|t:|1685919587
|move|p2a: Corviknight|U-turn|p1a: Toxapex
|-resisted|p1a: Toxapex
|-damage|p1a: Toxapex|96/100
|-damage|p2a: Corviknight|59/100|[from] item: Rocky Helmet|[of] p1a: Toxapex
|
|t:|1685919591
|switch|p2a: Dragapult|Dragapult, M|46/100 brn|[from] U-turn
|move|p1a: Toxapex|Sludge Bomb|p2a: Dragapult
|-resisted|p2a: Dragapult
|-damage|p2a: Dragapult|35/100 brn
|
|-damage|p2a: Dragapult|29/100 brn|[from] brn
|upkeep
|turn|31
|
|t:|1685919597
|move|p1a: Toxapex|Baneful Bunker|p1a: Toxapex
|-singleturn|p1a: Toxapex|move: Protect
|move|p2a: Dragapult|Will-O-Wisp|p1a: Toxapex
|-activate|p1a: Toxapex|move: Protect
|
|-damage|p2a: Dragapult|23/100 brn|[from] brn
|upkeep
|turn|32
|
|t:|1685919601
|switch|p1a: Tornadus|Tornadus-Therian, M|100/100
|move|p2a: Dragapult|Will-O-Wisp|p1a: Tornadus
|-status|p1a: Tornadus|brn
|
|-damage|p2a: Dragapult|17/100 brn|[from] brn
|-damage|p1a: Tornadus|94/100 brn|[from] brn
|upkeep
|turn|33
|
|t:|1685919605
|switch|p1a: Toxapex|Toxapex, M, tera:Fairy|100/100
|move|p2a: Dragapult|Hex|p1a: Toxapex
|-damage|p1a: Toxapex|77/100
|
|-damage|p2a: Dragapult|11/100 brn|[from] brn
|upkeep
|turn|34
|
|t:|1685919609
|move|p1a: Toxapex|Baneful Bunker|p1a: Toxapex
|-singleturn|p1a: Toxapex|move: Protect
|move|p2a: Dragapult|Will-O-Wisp|p1a: Toxapex
|-activate|p1a: Toxapex|move: Protect
|
|-damage|p2a: Dragapult|5/100 brn|[from] brn
|upkeep
|turn|35
|
|t:|1685919611
|switch|p1a: Volcarona|Volcarona, F|100/100
|move|p2a: Dragapult|Hex|p1a: Volcarona
|-damage|p1a: Volcarona|70/100
|
|-damage|p2a: Dragapult|0 fnt|[from] brn
|faint|p2a: Dragapult
|upkeep
|
|t:|1685919615
|switch|p2a: Chien-Pao|Chien-Pao|25/100 psn
|-ability|p2a: Chien-Pao|Sword of Ruin
|turn|36
|
|t:|1685919617
|switch|p2a: Magearna|Magearna, tera:Water|64/100
|switch|p1a: Toxapex|Toxapex, M, tera:Fairy|100/100
|
|-heal|p2a: Magearna|70/100|[from] item: Leftovers
|upkeep
|turn|37
|
|t:|1685919622
|switch|p2a: Corviknight|Corviknight, F|59/100
|-ability|p2a: Corviknight|Pressure
|move|p1a: Toxapex|Sludge Bomb|p2a: Corviknight
|-immune|p2a: Corviknight
|
|upkeep
|turn|38
|
|t:|1685919627
|move|p2a: Corviknight|Roost|p2a: Corviknight
|-heal|p2a: Corviknight|100/100
|-singleturn|p2a: Corviknight|move: Roost
|move|p1a: Toxapex|Sludge Bomb|p2a: Corviknight
|-immune|p2a: Corviknight
|
|upkeep
|turn|39
|
|t:|1685919632
|move|p2a: Corviknight|Body Press|p1a: Toxapex
|-resisted|p1a: Toxapex
|-damage|p1a: Toxapex|93/100
|-damage|p2a: Corviknight|84/100|[from] item: Rocky Helmet|[of] p1a: Toxapex
|move|p1a: Toxapex|Sludge Bomb|p2a: Corviknight
|-immune|p2a: Corviknight
|
|upkeep
|turn|40
|
|t:|1685919639
|move|p2a: Corviknight|Body Press|p1a: Toxapex
|-resisted|p1a: Toxapex
|-damage|p1a: Toxapex|85/100
|-damage|p2a: Corviknight|67/100|[from] item: Rocky Helmet|[of] p1a: Toxapex
|move|p1a: Toxapex|Sludge Bomb|p2a: Corviknight
|-immune|p2a: Corviknight
|
|upkeep
|turn|41
|
|t:|1685919641
|switch|p1a: Volcarona|Volcarona, F|70/100
|move|p2a: Corviknight|Roost|p2a: Corviknight
|-heal|p2a: Corviknight|100/100
|-singleturn|p2a: Corviknight|move: Roost
|
|upkeep
|turn|42
|
|t:|1685919645
|move|p1a: Volcarona|Flamethrower|p2a: Corviknight
|-supereffective|p2a: Corviknight
|-damage|p2a: Corviknight|0 fnt
|faint|p2a: Corviknight
|-damage|p1a: Volcarona|60/100|[from] item: Life Orb
|
|upkeep
|
|t:|1685919648
|switch|p2a: Chien-Pao|Chien-Pao|25/100 psn
|-ability|p2a: Chien-Pao|Sword of Ruin
|turn|43
|
|t:|1685919650
|switch|p1a: Toxapex|Toxapex, M, tera:Fairy|100/100
|move|p2a: Chien-Pao|Ice Spinner|p1a: Toxapex
|-damage|p1a: Toxapex|67/100
|-damage|p2a: Chien-Pao|8/100 psn|[from] item: Rocky Helmet|[of] p1a: Toxapex
|
|-damage|p2a: Chien-Pao|0 fnt|[from] psn
|faint|p2a: Chien-Pao
|upkeep
|
|t:|1685919653
|switch|p2a: Magearna|Magearna, tera:Water|70/100
|turn|44
|
|t:|1685919655
|move|p2a: Magearna|Calm Mind|p2a: Magearna
|-boost|p2a: Magearna|spa|1
|-boost|p2a: Magearna|spd|1
|move|p1a: Toxapex|Sludge Bomb|p2a: Magearna
|-damage|p2a: Magearna|62/100
|
|-heal|p2a: Magearna|68/100|[from] item: Leftovers
|upkeep
|turn|45
|
|t:|1685919659
|move|p2a: Magearna|Shift Gear|p2a: Magearna
|-boost|p2a: Magearna|spe|2
|-boost|p2a: Magearna|atk|1
|move|p1a: Toxapex|Sludge Bomb|p2a: Magearna
|-damage|p2a: Magearna|61/100
|
|-heal|p2a: Magearna|67/100|[from] item: Leftovers
|upkeep
|turn|46
|
|t:|1685919663
|move|p2a: Magearna|Calm Mind|p2a: Magearna
|-boost|p2a: Magearna|spa|1
|-boost|p2a: Magearna|spd|1
|move|p1a: Toxapex|Haze|p1a: Toxapex
|-clearallboost
|
|-heal|p2a: Magearna|73/100|[from] item: Leftovers
|upkeep
|turn|47
|
|t:|1685919666
|move|p2a: Magearna|Shift Gear|p2a: Magearna
|-boost|p2a: Magearna|spe|2
|-boost|p2a: Magearna|atk|1
|move|p1a: Toxapex|Sludge Bomb|p2a: Magearna
|-damage|p2a: Magearna|61/100
|-status|p2a: Magearna|psn
|
|-heal|p2a: Magearna|67/100 psn|[from] item: Leftovers
|-damage|p2a: Magearna|55/100 psn|[from] psn
|upkeep
|turn|48
|
|t:|1685919670
|move|p2a: Magearna|Calm Mind|p2a: Magearna
|-boost|p2a: Magearna|spa|1
|-boost|p2a: Magearna|spd|1
|move|p1a: Toxapex|Haze|p1a: Toxapex
|-clearallboost
|
|-heal|p2a: Magearna|61/100 psn|[from] item: Leftovers
|-damage|p2a: Magearna|49/100 psn|[from] psn
|upkeep
|turn|49
|
|t:|1685919674
|move|p2a: Magearna|Stored Power|p1a: Toxapex
|-damage|p1a: Toxapex|61/100
|move|p1a: Toxapex|Haze|p1a: Toxapex
|-clearallboost
|
|-heal|p2a: Magearna|55/100 psn|[from] item: Leftovers
|-damage|p2a: Magearna|42/100 psn|[from] psn
|upkeep
|turn|50
|
|t:|1685919676
|move|p2a: Magearna|Shift Gear|p2a: Magearna
|-boost|p2a: Magearna|spe|2
|-boost|p2a: Magearna|atk|1
|move|p1a: Toxapex|Haze|p1a: Toxapex
|-clearallboost
|
|-heal|p2a: Magearna|48/100 psn|[from] item: Leftovers
|-damage|p2a: Magearna|36/100 psn|[from] psn
|upkeep
|turn|51
|l| gotsnsd
|
|t:|1685919679
|move|p2a: Magearna|Calm Mind|p2a: Magearna
|-boost|p2a: Magearna|spa|1
|-boost|p2a: Magearna|spd|1
|move|p1a: Toxapex|Haze|p1a: Toxapex
|-clearallboost
|
|-heal|p2a: Magearna|42/100 psn|[from] item: Leftovers
|-damage|p2a: Magearna|30/100 psn|[from] psn
|upkeep
|turn|52
|
|t:|1685919682
|move|p2a: Magearna|Shift Gear|p2a: Magearna
|-boost|p2a: Magearna|spe|2
|-boost|p2a: Magearna|atk|1
|move|p1a: Toxapex|Haze|p1a: Toxapex
|-clearallboost
|
|-heal|p2a: Magearna|36/100 psn|[from] item: Leftovers
|-damage|p2a: Magearna|23/100 psn|[from] psn
|upkeep
|turn|53
|j| virgin to rank 1
|-message|rinnegan sad forfeited.
|
|win|georgiethefirst
|raw|georgiethefirst's rating: 1607 → 1629(+22 for winning)
|raw|rinnegan sad's rating: 1644 → 1622(-22 for losing)
|l|☆rinnegan sad
