|j|☆Pokesweepers2022
|j|☆000Epsilon
|t:|1685895266
|gametype|singles
|player|p1|Pokesweepers2022|aaron|1190
|player|p2|000Epsilon|nate|1223
|teamsize|p1|6
|teamsize|p2|6
|gen|9
|tier|[Gen 9] OU
|rated|
|rule|Sleep Clause Mod: Limit one foe put to sleep
|rule|Species Clause: Limit one of each Pokémon
|rule|OHKO Clause: OHKO moves are banned
|rule|Evasion Items Clause: Evasion items are banned
|rule|Evasion Moves Clause: Evasion moves are banned
|rule|Endless Battle Clause: Forcing endless battles is banned
|rule|HP Percentage Mod: HP is shown in percentages
|clearpoke
|poke|p1|Ursaluna, M|
|poke|p1|Chien-Pao|
|poke|p1|Urshifu-*, M|
|poke|p1|Braviary-Hisui, M|
|poke|p1|Slowking-Galar, M|
|poke|p1|Magearna|
|poke|p2|Quaquaval, M|
|poke|p2|Chien-Pao|
|poke|p2|Iron Moth|
|poke|p2|Garganacl, M|
|poke|p2|Samurott-Hisui, M|
|poke|p2|Corviknight, F|
|teampreview
|
|t:|1685895274
|start
|switch|p1a: Braviary|Braviary-Hisui, M|100/100
|switch|p2a: Samurott|Samurott-Hisui, M|100/100
|turn|1
|
|t:|1685895281
|switch|p1a: Urshifu|Urshifu-Rapid-Strike, M|100/100
|move|p2a: Samurott|Ceaseless Edge|p1a: Urshifu
|-resisted|p1a: Urshifu
|-damage|p1a: Urshifu|73/100
|-sidestart|p1: Pokesweepers2022|Spikes
|-damage|p2a: Samurott|91/100|[from] item: Life Orb
|
|upkeep
|turn|2
|
|t:|1685895289
|switch|p2a: Corviknight|Corviknight, F|100/100
|-ability|p2a: Corviknight|Pressure
|move|p1a: Urshifu|Swords Dance|p1a: Urshifu
|-boost|p1a: Urshifu|atk|2
|
|upkeep
|turn|3
|
|t:|1685895299
|move|p1a: Urshifu|Thunder Punch|p2a: Corviknight
|-supereffective|p2a: Corviknight
|-damage|p2a: Corviknight|34/100
|-damage|p1a: Urshifu|57/100|[from] item: Rocky Helmet|[of] p2a: Corviknight
|move|p2a: Corviknight|Iron Defense|p2a: Corviknight
|-boost|p2a: Corviknight|def|2
|
|upkeep
|turn|4
|
|t:|1685895306
|move|p1a: Urshifu|Surging Strikes|p2a: Corviknight
|-crit|p2a: Corviknight
|-damage|p2a: Corviknight|7/100
|-damage|p1a: Urshifu|40/100|[from] item: Rocky Helmet|[of] p2a: Corviknight
|-crit|p2a: Corviknight
|-damage|p2a: Corviknight|0 fnt
|-damage|p1a: Urshifu|24/100|[from] item: Rocky Helmet|[of] p2a: Corviknight
|faint|p2a: Corviknight
|-hitcount|p2: Corviknight|2
|
|upkeep
|
|t:|1685895317
|switch|p2a: Iron Moth|Iron Moth|100/100
|-enditem|p2a: Iron Moth|Booster Energy
|-activate|p2a: Iron Moth|ability: Quark Drive|[fromitem]
|-start|p2a: Iron Moth|quarkdrivespa
|turn|5
|
|t:|1685895326
|-terastallize|p2a: Iron Moth|Grass
|move|p2a: Iron Moth|Discharge|p1a: Urshifu
|-supereffective|p1a: Urshifu
|-damage|p1a: Urshifu|0 fnt
|faint|p1a: Urshifu
|
|upkeep
|
|t:|1685895335
|switch|p1a: Slowking|Slowking-Galar, M, shiny|100/100
|-damage|p1a: Slowking|88/100|[from] Spikes
|turn|6
|
|t:|1685895341
|move|p2a: Iron Moth|Fiery Dance|p1a: Slowking
|-damage|p1a: Slowking|44/100
|-boost|p2a: Iron Moth|spa|1
|move|p1a: Slowking|Trick Room|p1a: Slowking
|-fieldstart|move: Trick Room|[of] p1a: Slowking
|-enditem|p1a: Slowking|Room Service
|-unboost|p1a: Slowking|spe|1|[from] item: Room Service
|
|upkeep
|turn|7
|
|t:|1685895348
|move|p1a: Slowking|Flamethrower|p2a: Iron Moth
|-supereffective|p2a: Iron Moth
|-damage|p2a: Iron Moth|35/100
|move|p2a: Iron Moth|Energy Ball|p1a: Slowking
|-resisted|p1a: Slowking
|-damage|p1a: Slowking|8/100
|
|upkeep
|turn|8
|
|t:|1685895356
|-end|p2a: Iron Moth|Quark Drive|[silent]
|switch|p2a: Garganacl|Garganacl, M|100/100
|move|p1a: Slowking|Flamethrower|p2a: Garganacl
|-resisted|p2a: Garganacl
|-damage|p2a: Garganacl|91/100
|
|-heal|p2a: Garganacl|97/100|[from] item: Leftovers
|upkeep
|turn|9
|
|t:|1685895363
|move|p1a: Slowking|Chilly Reception|p1a: Slowking
|-weather|Snow
|
|t:|1685895368
|switch|p1a: Blood and Honey|Ursaluna, M|100/100|[from] Chilly Reception
|-damage|p1a: Blood and Honey|88/100|[from] Spikes
|move|p2a: Garganacl|Iron Defense|p2a: Garganacl
|-boost|p2a: Garganacl|def|2
|
|-weather|Snow|[upkeep]
|-heal|p2a: Garganacl|100/100|[from] item: Leftovers
|-status|p1a: Blood and Honey|brn|[from] item: Flame Orb
|upkeep
|turn|10
|
|t:|1685895379
|move|p2a: Garganacl|Body Press|p1a: Blood and Honey
|-supereffective|p1a: Blood and Honey
|-damage|p1a: Blood and Honey|8/100 brn
|move|p1a: Blood and Honey|Substitute|p1a: Blood and Honey
|-fail|p1a: Blood and Honey|move: Substitute|[weak]
|
|-weather|Snow|[upkeep]
|-damage|p1a: Blood and Honey|1/100 brn|[from] brn
|-fieldend|move: Trick Room
|upkeep
|turn|11
|
|t:|1685895387
|move|p1a: Blood and Honey|Facade|p2a: Garganacl
|-resisted|p2a: Garganacl
|-damage|p2a: Garganacl|81/100
|move|p2a: Garganacl|Salt Cure|p1a: Blood and Honey
|-resisted|p1a: Blood and Honey
|-damage|p1a: Blood and Honey|0 fnt
|faint|p1a: Blood and Honey
|
|-weather|Snow|[upkeep]
|-heal|p2a: Garganacl|87/100|[from] item: Leftovers
|upkeep
|
|t:|1685895391
|switch|p1a: Magearna|Magearna|100/100
|-damage|p1a: Magearna|88/100|[from] Spikes
|turn|12
|
|t:|1685895398
|move|p1a: Magearna|Shift Gear|p1a: Magearna
|-boost|p1a: Magearna|spe|2
|-boost|p1a: Magearna|atk|1
|move|p2a: Garganacl|Salt Cure|p1a: Magearna
|-resisted|p1a: Magearna
|-damage|p1a: Magearna|82/100
|-start|p1a: Magearna|Salt Cure
|
|-weather|Snow|[upkeep]
|-heal|p1a: Magearna|88/100|[from] item: Leftovers
|-heal|p2a: Garganacl|93/100|[from] item: Leftovers
|-damage|p1a: Magearna|63/100|[from] Salt Cure
|upkeep
|turn|13
|
|t:|1685895410
|move|p1a: Magearna|Shift Gear|p1a: Magearna
|-boost|p1a: Magearna|spe|2
|-boost|p1a: Magearna|atk|1
|move|p2a: Garganacl|Body Press|p1a: Magearna
|-damage|p1a: Magearna|24/100
|
|-weather|none
|-heal|p1a: Magearna|30/100|[from] item: Leftovers
|-heal|p2a: Garganacl|99/100|[from] item: Leftovers
|-damage|p1a: Magearna|5/100|[from] Salt Cure
|upkeep
|turn|14
|
|t:|1685895420
|switch|p2a: Chien-Pao|Chien-Pao|100/100
|-ability|p2a: Chien-Pao|Sword of Ruin
|move|p1a: Magearna|Stored Power|p2a: Chien-Pao
|-immune|p2a: Chien-Pao
|
|-heal|p1a: Magearna|11/100|[from] item: Leftovers
|-damage|p1a: Magearna|0 fnt|[from] Salt Cure
|faint|p1a: Magearna
|upkeep
|
|t:|1685895423
|switch|p1a: Braviary|Braviary-Hisui, M|100/100
|turn|15
|
|t:|1685895433
|-terastallize|p1a: Braviary|Ice
|move|p2a: Chien-Pao|Crunch|p1a: Braviary
|-damage|p1a: Braviary|21/100
|-damage|p2a: Chien-Pao|91/100|[from] item: Life Orb
|move|p1a: Braviary|Heat Wave|p2a: Chien-Pao
|-supereffective|p2a: Chien-Pao
|-damage|p2a: Chien-Pao|0 fnt
|faint|p2a: Chien-Pao
|
|upkeep
|
|t:|1685895442
|switch|p2a: Quaquaval|Quaquaval, M|100/100
|turn|16
|
|t:|1685895446
|move|p2a: Quaquaval|Aqua Step|p1a: Braviary
|-damage|p1a: Braviary|0 fnt
|-boost|p2a: Quaquaval|spe|1
|faint|p1a: Braviary
|-ability|p2a: Quaquaval|Moxie|boost
|-boost|p2a: Quaquaval|atk|1
|
|upkeep
|
|t:|1685895450
|switch|p1a: Chien-Pao|Chien-Pao|100/100
|-damage|p1a: Chien-Pao|88/100|[from] Spikes
|-ability|p1a: Chien-Pao|Sword of Ruin
|turn|17
|
|t:|1685895458
|move|p1a: Chien-Pao|Sucker Punch|p2a: Quaquaval
|-resisted|p2a: Quaquaval
|-damage|p2a: Quaquaval|59/100
|-damage|p1a: Chien-Pao|78/100|[from] item: Life Orb
|move|p2a: Quaquaval|Close Combat|p1a: Chien-Pao
|-supereffective|p1a: Chien-Pao
|-damage|p1a: Chien-Pao|0 fnt
|-unboost|p2a: Quaquaval|def|1
|-unboost|p2a: Quaquaval|spd|1
|faint|p1a: Chien-Pao
|-ability|p2a: Quaquaval|Moxie|boost
|-boost|p2a: Quaquaval|atk|1
|
|-heal|p2a: Quaquaval|65/100|[from] item: Leftovers
|upkeep
|-message|Pokesweepers2022 forfeited.
|
|win|000Epsilon
|raw|Pokesweepers2022's rating: 1190 → 1167(-23 for losing)
|raw|000Epsilon's rating: 1223 → 1246(+23 for winning)
|l|☆Pokesweepers2022
