|j|☆vezon46
|j|☆BHolePunisher420
|t:|1685848877
|gametype|singles
|player|p1|vezon46|janitor|1063
|player|p2|BHolePunisher420|1|1005
|teamsize|p1|6
|teamsize|p2|6
|gen|9
|tier|[Gen 9] OU
|rated|
|rule|Sleep Clause Mod: Limit one foe put to sleep
|rule|Species Clause: Limit one of each Pokémon
|rule|OHKO Clause: OHKO moves are banned
|rule|Evasion Items Clause: Evasion items are banned
|rule|Evasion Moves Clause: Evasion moves are banned
|rule|Endless Battle Clause: Forcing endless battles is banned
|rule|HP Percentage Mod: HP is shown in percentages
|clearpoke
|poke|p1|Arcanine-Hisui, M|
|poke|p1|Lilligant-Hisui, F|
|poke|p1|Torkoal, F|
|poke|p1|Hatterene, F|
|poke|p1|Great Tusk|
|poke|p1|Walking Wake|
|poke|p2|Scream Tail|
|poke|p2|Iron Valiant|
|poke|p2|Slowking-Galar, M|
|poke|p2|Zoroark-Hisui, F|
|poke|p2|Kingambit, M|
|poke|p2|Dragonite, F|
|teampreview
|inactive|Battle timer is ON: inactive players will automatically lose when time's up. (requested by BHolePunisher420)
|
|t:|1685848893
|start
|switch|p1a: Torkoal|Torkoal, F|100/100
|switch|p2a: Slowking|Slowking-Galar, M|100/100
|-weather|SunnyDay|[from] ability: Drought|[of] p1a: Torkoal
|turn|1
|
|t:|1685848902
|move|p2a: Slowking|Chilly Reception|p2a: Slowking
|-weather|Snow
|
|t:|1685848910
|switch|p2a: Kingambit|Kingambit, M|100/100|[from] Chilly Reception
|move|p1a: Torkoal|Yawn|p2a: Kingambit
|-start|p2a: Kingambit|move: Yawn|[of] p1a: Torkoal
|
|-weather|Snow|[upkeep]
|upkeep
|turn|2
|
|t:|1685848919
|switch|p2a: Slowking|Slowking-Galar, M|100/100
|move|p1a: Torkoal|Stealth Rock|p2a: Slowking
|-sidestart|p2: BHolePunisher420|move: Stealth Rock
|
|-weather|Snow|[upkeep]
|upkeep
|turn|3
|
|t:|1685848926
|move|p2a: Slowking|Surf|p1a: Torkoal
|-supereffective|p1a: Torkoal
|-damage|p1a: Torkoal|38/100
|move|p1a: Torkoal|Yawn|p2a: Slowking
|-start|p2a: Slowking|move: Yawn|[of] p1a: Torkoal
|
|-weather|Snow|[upkeep]
|upkeep
|turn|4
|
|t:|1685848935
|switch|p1a: Walking Wake|Walking Wake|100/100
|move|p2a: Slowking|Chilly Reception|p2a: Slowking
|
|t:|1685848958
|switch|p2a: Dragonite|Dragonite, F|100/100|[from] Chilly Reception
|
|-weather|Snow|[upkeep]
|upkeep
|turn|5
|
|t:|1685848965
|move|p1a: Walking Wake|Draco Meteor|p2a: Dragonite
|-supereffective|p2a: Dragonite
|-damage|p2a: Dragonite|4/100
|-unboost|p1a: Walking Wake|spa|2
|move|p2a: Dragonite|Dragon Dance|p2a: Dragonite
|-boost|p2a: Dragonite|atk|1
|-boost|p2a: Dragonite|spe|1
|
|-weather|none
|upkeep
|turn|6
|
|t:|1685848975
|-terastallize|p2a: Dragonite|Normal
|move|p2a: Dragonite|Roost|p2a: Dragonite
|-heal|p2a: Dragonite|54/100
|move|p1a: Walking Wake|Draco Meteor|p2a: Dragonite
|-damage|p2a: Dragonite|0 fnt
|-unboost|p1a: Walking Wake|spa|2
|faint|p2a: Dragonite
|
|upkeep
|
|t:|1685848984
|switch|p2a: Iron Valiant|Iron Valiant|100/100
|-damage|p2a: Iron Valiant|94/100|[from] Stealth Rock
|-enditem|p2a: Iron Valiant|Booster Energy
|-activate|p2a: Iron Valiant|ability: Quark Drive|[fromitem]
|-start|p2a: Iron Valiant|quarkdrivespe
|turn|7
|
|t:|1685848992
|-end|p1a: Walking Wake|Protosynthesis|[silent]
|switch|p1a: Torkoal|Torkoal, F|38/100
|-weather|SunnyDay|[from] ability: Drought|[of] p1a: Torkoal
|move|p2a: Iron Valiant|Swords Dance|p2a: Iron Valiant
|-boost|p2a: Iron Valiant|atk|2
|
|-weather|SunnyDay|[upkeep]
|upkeep
|turn|8
|
|t:|1685849003
|move|p2a: Iron Valiant|Knock Off|p1a: Torkoal
|-damage|p1a: Torkoal|2/100
|-enditem|p1a: Torkoal|Heat Rock|[from] move: Knock Off|[of] p2a: Iron Valiant
|move|p1a: Torkoal|Yawn|p2a: Iron Valiant
|-start|p2a: Iron Valiant|move: Yawn|[of] p1a: Torkoal
|
|-weather|SunnyDay|[upkeep]
|upkeep
|turn|9
|-message|BHolePunisher420 forfeited.
|
|win|vezon46
|raw|vezon46's rating: 1063 → 1088(+25 for winning)
|raw|BHolePunisher420's rating: 1005 → 1000(-5 for losing)
|l|☆BHolePunisher420
