|j|☆NotSwitch417
|j|☆rumham24
|t:|1685849429
|gametype|singles
|player|p1|NotSwitch417|iris-gen5bw2|1192
|player|p2|rumham24|1|1221
|teamsize|p1|6
|teamsize|p2|6
|gen|9
|tier|[Gen 9] OU
|rated|
|rule|Sleep Clause Mod: Limit one foe put to sleep
|rule|Species Clause: Limit one of each Pokémon
|rule|OHKO Clause: OHKO moves are banned
|rule|Evasion Items Clause: Evasion items are banned
|rule|Evasion Moves Clause: Evasion moves are banned
|rule|Endless Battle Clause: Forcing endless battles is banned
|rule|HP Percentage Mod: HP is shown in percentages
|clearpoke
|poke|p1|Pelipper, M|
|poke|p1|Basculegion, M|
|poke|p1|Thundurus-Therian, M|
|poke|p1|Tornadus, M|
|poke|p1|Overqwil, F|
|poke|p1|Urshifu-*, M|
|poke|p2|Enamorus, F|
|poke|p2|Goodra-Hisui, F|
|poke|p2|Dragapult, F|
|poke|p2|Sneasler, M|
|poke|p2|Great Tusk|
|poke|p2|Zamazenta-*|
|teampreview
|
|t:|1685849442
|start
|switch|p1a: Tornadus|Tornadus, M|100/100
|switch|p2a: Dragapult|Dragapult, F|100/100
|turn|1
|inactive|Battle timer is ON: inactive players will automatically lose when time's up. (requested by rumham24)
|
|t:|1685849450
|move|p1a: Tornadus|Taunt|p2a: Dragapult
|-start|p2a: Dragapult|move: Taunt
|cant|p2a: Dragapult|move: Taunt|Will-O-Wisp
|
|upkeep
|turn|2
|
|t:|1685849458
|switch|p1a: Pelipper|Pelipper, M|100/100
|-weather|RainDance|[from] ability: Drizzle|[of] p1a: Pelipper
|move|p2a: Dragapult|Shadow Ball|p1a: Pelipper
|-damage|p1a: Pelipper|36/100
|-damage|p2a: Dragapult|91/100|[from] item: Life Orb
|
|-weather|RainDance|[upkeep]
|upkeep
|turn|3
|
|t:|1685849473
|switch|p1a: Overqwil|Overqwil, F|100/100
|move|p2a: Dragapult|Shadow Ball|p1a: Overqwil
|-resisted|p1a: Overqwil
|-damage|p1a: Overqwil|78/100
|-unboost|p1a: Overqwil|spd|1
|-damage|p2a: Dragapult|81/100|[from] item: Life Orb
|
|-weather|RainDance|[upkeep]
|-end|p2a: Dragapult|move: Taunt
|upkeep
|turn|4
|
|t:|1685849489
|move|p1a: Overqwil|Crunch|p2a: Dragapult
|-supereffective|p2a: Dragapult
|-damage|p2a: Dragapult|0 fnt
|faint|p2a: Dragapult
|
|-weather|RainDance|[upkeep]
|upkeep
|
|t:|1685849502
|switch|p2a: Great Tusk|Great Tusk|100/100
|turn|5
|
|t:|1685849511
|switch|p1a: Tornadus|Tornadus, M|100/100
|move|p2a: Great Tusk|Headlong Rush|p1a: Tornadus
|-immune|p1a: Tornadus
|
|-weather|RainDance|[upkeep]
|upkeep
|turn|6
|
|t:|1685849520
|move|p1a: Tornadus|Bleakwind Storm|p2a: Great Tusk
|-supereffective|p2a: Great Tusk
|-damage|p2a: Great Tusk|0 fnt
|faint|p2a: Great Tusk
|-end|p2a: Great Tusk|Protosynthesis|[silent]
|
|-weather|RainDance|[upkeep]
|upkeep
|
|t:|1685849530
|switch|p2a: Goodra|Goodra-Hisui, F|100/100
|turn|7
|
|t:|1685849535
|move|p1a: Tornadus|Tailwind|p1a: Tornadus
|-sidestart|p1: NotSwitch417|move: Tailwind
|move|p2a: Goodra|Thunderbolt|p1a: Tornadus
|-supereffective|p1a: Tornadus
|-damage|p1a: Tornadus|14/100
|
|-weather|RainDance|[upkeep]
|upkeep
|turn|8
|
|t:|1685849542
|switch|p1a: Thundurus|Thundurus-Therian, M|100/100
|move|p2a: Goodra|Thunderbolt|p1a: Thundurus
|-immune|p1a: Thundurus|[from] ability: Volt Absorb
|
|-weather|RainDance|[upkeep]
|upkeep
|turn|9
|
|t:|1685849562
|move|p1a: Thundurus|Thunder|p2a: Goodra
|-resisted|p2a: Goodra
|-damage|p2a: Goodra|83/100
|-damage|p1a: Thundurus|91/100|[from] item: Life Orb
|move|p2a: Goodra|Draco Meteor|p1a: Thundurus|[miss]
|-miss|p2a: Goodra|p1a: Thundurus
|
|-weather|none
|upkeep
|turn|10
|
|t:|1685849584
|switch|p1a: Urshifu|Urshifu-Rapid-Strike, M|100/100
|move|p2a: Goodra|Draco Meteor|p1a: Urshifu
|-damage|p1a: Urshifu|9/100
|-unboost|p2a: Goodra|spa|2
|
|-sideend|p1: NotSwitch417|move: Tailwind
|upkeep
|turn|11
|
|t:|1685849598
|move|p1a: Urshifu|Close Combat|p2a: Goodra
|-supereffective|p2a: Goodra
|-damage|p2a: Goodra|0 fnt
|-unboost|p1a: Urshifu|def|1
|-unboost|p1a: Urshifu|spd|1
|-ability|p2a: Goodra|Gooey
|-unboost|p1a: Urshifu|spe|1
|faint|p2a: Goodra
|
|upkeep
|
|t:|1685849602
|switch|p2a: Enamorus|Enamorus, F|100/100
|turn|12
|
|t:|1685849612
|switch|p1a: Thundurus|Thundurus-Therian, M|91/100
|move|p2a: Enamorus|Superpower|p1a: Thundurus
|-resisted|p1a: Thundurus
|-damage|p1a: Thundurus|60/100
|-boost|p2a: Enamorus|atk|1
|-boost|p2a: Enamorus|def|1
|
|upkeep
|turn|13
|
|t:|1685849636
|move|p2a: Enamorus|Superpower|p1a: Thundurus
|-resisted|p1a: Thundurus
|-damage|p1a: Thundurus|18/100
|-boost|p2a: Enamorus|atk|1
|-boost|p2a: Enamorus|def|1
|move|p1a: Thundurus|Wildbolt Storm|p2a: Enamorus
|-supereffective|p2a: Enamorus
|-damage|p2a: Enamorus|0 fnt
|faint|p2a: Enamorus
|-damage|p1a: Thundurus|8/100|[from] item: Life Orb
|
|upkeep
|
|t:|1685849645
|switch|p2a: Sneasler|Sneasler, M|100/100
|turn|14
|
|t:|1685849650
|switch|p1a: Pelipper|Pelipper, M|36/100
|-weather|RainDance|[from] ability: Drizzle|[of] p1a: Pelipper
|move|p2a: Sneasler|Dire Claw|p1a: Pelipper
|-damage|p1a: Pelipper|0 fnt
|faint|p1a: Pelipper
|-damage|p2a: Sneasler|91/100|[from] item: Life Orb
|
|-weather|RainDance|[upkeep]
|upkeep
|
|t:|1685849654
|switch|p1a: Basculegion|Basculegion, M|100/100
|turn|15
|
|t:|1685849657
|move|p1a: Basculegion|Wave Crash|p2a: Sneasler
|-damage|p2a: Sneasler|0 fnt
|faint|p2a: Sneasler
|-damage|p1a: Basculegion|77/100|[from] Recoil
|
|-weather|RainDance|[upkeep]
|upkeep
|-message|rumham24 forfeited.
|
|win|NotSwitch417
|raw|NotSwitch417's rating: 1192 → 1219(+27 for winning)
|raw|rumham24's rating: 1221 → 1194(-27 for losing)
|l|☆rumham24
