|j|☆redrth
|j|☆stellegoated
|t:|1685910394
|gametype|singles
|player|p1|redrth|1|1000
|player|p2|stellegoated|roxie|1000
|teamsize|p1|6
|teamsize|p2|6
|gen|9
|tier|[Gen 9] OU
|rated|
|rule|Sleep Clause Mod: Limit one foe put to sleep
|rule|Species Clause: Limit one of each Pokémon
|rule|OHKO Clause: OHKO moves are banned
|rule|Evasion Items Clause: Evasion items are banned
|rule|Evasion Moves Clause: Evasion moves are banned
|rule|Endless Battle Clause: Forcing endless battles is banned
|rule|HP Percentage Mod: HP is shown in percentages
|clearpoke
|poke|p1|Gholdengo|
|poke|p1|Urshifu-*, M|
|poke|p1|Iron Valiant|
|poke|p1|Chien-Pao|
|poke|p1|Landorus-Therian, M|
|poke|p1|Kingambit, M|
|poke|p2|Basculegion-F, F|
|poke|p2|Zamazenta-*|
|poke|p2|Scream Tail|
|poke|p2|Garganacl, M|
|poke|p2|Zapdos|
|poke|p2|Maushold|
|teampreview
|inactive|Battle timer is ON: inactive players will automatically lose when time's up. (requested by stellegoated)
|
|t:|1685910408
|start
|switch|p1a: Chien-Pao|Chien-Pao|100/100
|switch|p2a: Basculegion|Basculegion-F, F|100/100
|-ability|p1a: Chien-Pao|Sword of Ruin
|turn|1
|
|t:|1685910425
|switch|p2a: Zapdos|Zapdos|100/100
|move|p1a: Chien-Pao|Swords Dance|p1a: Chien-Pao
|-boost|p1a: Chien-Pao|atk|2
|
|upkeep
|turn|2
|
|t:|1685910431
|move|p1a: Chien-Pao|Icicle Crash|p2a: Zapdos
|-supereffective|p2a: Zapdos
|-damage|p2a: Zapdos|0 fnt
|faint|p2a: Zapdos
|
|upkeep
|
|t:|1685910438
|switch|p2a: Zamazenta|Zamazenta-Crowned|100/100
|-ability|p2a: Zamazenta|Dauntless Shield|boost
|-boost|p2a: Zamazenta|def|1
|turn|3
|
|t:|1685910451
|move|p1a: Chien-Pao|Sacred Sword|p2a: Zamazenta
|-supereffective|p2a: Zamazenta
|-damage|p2a: Zamazenta|0 fnt
|faint|p2a: Zamazenta
|
|upkeep
|
|t:|1685910458
|switch|p2a: Garganacl|Garganacl, M|100/100
|turn|4
|
|t:|1685910467
|move|p1a: Chien-Pao|Sacred Sword|p2a: Garganacl
|-supereffective|p2a: Garganacl
|-damage|p2a: Garganacl|4/100
|move|p2a: Garganacl|Salt Cure|p1a: Chien-Pao
|-supereffective|p1a: Chien-Pao
|-damage|p1a: Chien-Pao|65/100
|-start|p1a: Chien-Pao|Salt Cure
|
|-heal|p2a: Garganacl|10/100|[from] item: Leftovers
|-damage|p1a: Chien-Pao|52/100|[from] Salt Cure
|upkeep
|turn|5
|
|t:|1685910477
|move|p2a: Garganacl|Protect|p2a: Garganacl
|-singleturn|p2a: Garganacl|Protect
|move|p1a: Chien-Pao|Sacred Sword|p2a: Garganacl
|-activate|p2a: Garganacl|move: Protect
|
|-heal|p2a: Garganacl|16/100|[from] item: Leftovers
|-damage|p1a: Chien-Pao|40/100|[from] Salt Cure
|upkeep
|turn|6
|
|t:|1685910486
|switch|p2a: Basculegion|Basculegion-F, F|100/100
|move|p1a: Chien-Pao|Sacred Sword|p2a: Basculegion
|-immune|p2a: Basculegion
|
|-damage|p1a: Chien-Pao|28/100|[from] Salt Cure
|upkeep
|turn|7
|
|t:|1685910495
|switch|p2a: Garganacl|Garganacl, M|16/100
|move|p1a: Chien-Pao|Crunch|p2a: Garganacl
|-damage|p2a: Garganacl|0 fnt
|faint|p2a: Garganacl
|
|-damage|p1a: Chien-Pao|15/100|[from] Salt Cure
|upkeep
|
|t:|1685910501
|switch|p2a: Scream Tail|Scream Tail|100/100
|turn|8
|
|t:|1685910513
|move|p2a: Scream Tail|Protect|p2a: Scream Tail
|-singleturn|p2a: Scream Tail|Protect
|move|p1a: Chien-Pao|Crunch|p2a: Scream Tail
|-activate|p2a: Scream Tail|move: Protect
|
|-damage|p1a: Chien-Pao|3/100|[from] Salt Cure
|upkeep
|turn|9
|
|t:|1685910520
|move|p1a: Chien-Pao|Crunch|p2a: Scream Tail
|-damage|p2a: Scream Tail|20/100
|move|p2a: Scream Tail|Wish|p2a: Scream Tail
|
|-heal|p2a: Scream Tail|26/100|[from] item: Leftovers
|-damage|p1a: Chien-Pao|0 fnt|[from] Salt Cure
|faint|p1a: Chien-Pao
|upkeep
|
|t:|1685910544
|switch|p1a: Kingambit|Kingambit, M|100/100
|turn|10
|
|t:|1685910551
|move|p2a: Scream Tail|Protect|p2a: Scream Tail
|-singleturn|p2a: Scream Tail|Protect
|move|p1a: Kingambit|Swords Dance|p1a: Kingambit
|-boost|p1a: Kingambit|atk|2
|
|-heal|p2a: Scream Tail|76/100|[from] move: Wish|[wisher] Scream Tail
|-heal|p2a: Scream Tail|83/100|[from] item: Leftovers
|upkeep
|turn|11
|
|t:|1685910561
|move|p2a: Scream Tail|Encore|p1a: Kingambit
|-start|p1a: Kingambit|Encore
|move|p1a: Kingambit|Swords Dance|p1a: Kingambit
|-boost|p1a: Kingambit|atk|2
|
|-heal|p2a: Scream Tail|89/100|[from] item: Leftovers
|upkeep
|turn|12
|inactive|stellegoated has 120 seconds left.
|
|t:|1685910610
|-end|p2a: Scream Tail|Protosynthesis|[silent]
|switch|p2a: Basculegion|Basculegion-F, F|100/100
|switch|p1a: Iron Valiant|Iron Valiant|100/100
|
|upkeep
|turn|13
|
|t:|1685910617
|switch|p2a: Scream Tail|Scream Tail|89/100
|move|p1a: Iron Valiant|Shadow Ball|p2a: Scream Tail
|-supereffective|p2a: Scream Tail
|-damage|p2a: Scream Tail|36/100
|
|-heal|p2a: Scream Tail|42/100|[from] item: Leftovers
|upkeep
|turn|14
|
|t:|1685910632
|-end|p1a: Iron Valiant|Quark Drive|[silent]
|switch|p1a: Urshifu|Urshifu-Rapid-Strike, M|100/100
|move|p2a: Scream Tail|Protect||[still]
|-fail|p2a: Scream Tail
|
|-heal|p2a: Scream Tail|48/100|[from] item: Leftovers
|upkeep
|turn|15
|
|t:|1685910643
|move|p2a: Scream Tail|Protect|p2a: Scream Tail
|-singleturn|p2a: Scream Tail|Protect
|move|p1a: Urshifu|Surging Strikes|p2a: Scream Tail
|-activate|p2a: Scream Tail|move: Protect
|
|-heal|p2a: Scream Tail|54/100|[from] item: Leftovers
|upkeep
|turn|16
|inactive|stellegoated has 120 seconds left.
|inactive|stellegoated has 90 seconds left.
|
|t:|1685910704
|-terastallize|p2a: Scream Tail|Water
|move|p2a: Scream Tail|Dazzling Gleam|p1a: Urshifu
|-supereffective|p1a: Urshifu
|-damage|p1a: Urshifu|41/100
|move|p1a: Urshifu|Taunt|p2a: Scream Tail
|-start|p2a: Scream Tail|move: Taunt
|
|-heal|p2a: Scream Tail|61/100|[from] item: Leftovers
|upkeep
|turn|17
|
|t:|1685910728
|-end|p2a: Scream Tail|Protosynthesis|[silent]
|switch|p2a: Basculegion|Basculegion-F, F|100/100
|switch|p1a: Landorus|Landorus-Therian, M|100/100
|-ability|p1a: Landorus|Intimidate|boost
|-unboost|p2a: Basculegion|atk|1
|
|upkeep
|turn|18
|
|t:|1685910746
|move|p2a: Basculegion|Hydro Pump|p1a: Landorus
|-supereffective|p1a: Landorus
|-damage|p1a: Landorus|0 fnt
|faint|p1a: Landorus
|
|upkeep
|
|t:|1685910758
|switch|p1a: Iron Valiant|Iron Valiant|100/100
|turn|19
|
|t:|1685910763
|switch|p2a: Scream Tail|Scream Tail, tera:Water|61/100
|move|p1a: Iron Valiant|Shadow Ball|p2a: Scream Tail
|-damage|p2a: Scream Tail|36/100
|
|-heal|p2a: Scream Tail|42/100|[from] item: Leftovers
|upkeep
|turn|20
|
|t:|1685910776
|-end|p1a: Iron Valiant|Quark Drive|[silent]
|switch|p1a: Gholdengo|Gholdengo|100/100
|move|p2a: Scream Tail|Wish|p2a: Scream Tail
|
|-heal|p2a: Scream Tail|49/100|[from] item: Leftovers
|upkeep
|turn|21
|
|t:|1685910783
|move|p2a: Scream Tail|Protect|p2a: Scream Tail
|-singleturn|p2a: Scream Tail|Protect
|move|p1a: Gholdengo|Trick|p2a: Scream Tail
|-activate|p2a: Scream Tail|move: Protect
|
|-heal|p2a: Scream Tail|99/100|[from] move: Wish|[wisher] Scream Tail
|-heal|p2a: Scream Tail|100/100|[from] item: Leftovers
|upkeep
|turn|22
|
|t:|1685910794
|-end|p2a: Scream Tail|Protosynthesis|[silent]
|switch|p2a: Basculegion|Basculegion-F, F|100/100
|move|p1a: Gholdengo|Trick|p2a: Basculegion
|-activate|p1a: Gholdengo|move: Trick|[of] p2a: Basculegion
|-item|p2a: Basculegion|Choice Scarf|[from] move: Trick
|-item|p1a: Gholdengo|Choice Specs|[from] move: Trick
|
|upkeep
|turn|23
|
|t:|1685910807
|move|p2a: Basculegion|Shadow Ball|p1a: Gholdengo
|-supereffective|p1a: Gholdengo
|-damage|p1a: Gholdengo|0 fnt
|faint|p1a: Gholdengo
|
|upkeep
|
|t:|1685910817
|switch|p1a: Kingambit|Kingambit, M|100/100
|turn|24
|
|t:|1685910822
|switch|p2a: Scream Tail|Scream Tail, tera:Water|100/100
|move|p1a: Kingambit|Swords Dance|p1a: Kingambit
|-boost|p1a: Kingambit|atk|2
|
|upkeep
|turn|25
|
|t:|1685910830
|switch|p1a: Iron Valiant|Iron Valiant|100/100
|move|p2a: Scream Tail|Encore||[still]
|-fail|p2a: Scream Tail
|
|upkeep
|turn|26
|
|t:|1685910835
|move|p2a: Scream Tail|Protect|p2a: Scream Tail
|-singleturn|p2a: Scream Tail|Protect
|move|p1a: Iron Valiant|Thunderbolt|p2a: Scream Tail
|-activate|p2a: Scream Tail|move: Protect
|
|upkeep
|turn|27
|
|t:|1685910843
|move|p1a: Iron Valiant|Thunderbolt|p2a: Scream Tail
|-supereffective|p2a: Scream Tail
|-damage|p2a: Scream Tail|42/100
|move|p2a: Scream Tail|Wish|p2a: Scream Tail
|
|-heal|p2a: Scream Tail|49/100|[from] item: Leftovers
|upkeep
|turn|28
|
|t:|1685910853
|move|p2a: Scream Tail|Protect|p2a: Scream Tail
|-singleturn|p2a: Scream Tail|Protect
|move|p1a: Iron Valiant|Thunderbolt|p2a: Scream Tail
|-activate|p2a: Scream Tail|move: Protect
|
|-heal|p2a: Scream Tail|99/100|[from] move: Wish|[wisher] Scream Tail
|-heal|p2a: Scream Tail|100/100|[from] item: Leftovers
|upkeep
|turn|29
|
|t:|1685910861
|move|p1a: Iron Valiant|Thunderbolt|p2a: Scream Tail
|-supereffective|p2a: Scream Tail
|-damage|p2a: Scream Tail|42/100
|move|p2a: Scream Tail|Dazzling Gleam|p1a: Iron Valiant
|-supereffective|p1a: Iron Valiant
|-damage|p1a: Iron Valiant|34/100
|
|-heal|p2a: Scream Tail|48/100|[from] item: Leftovers
|upkeep
|turn|30
|
|t:|1685910869
|move|p2a: Scream Tail|Protect|p2a: Scream Tail
|-singleturn|p2a: Scream Tail|Protect
|move|p1a: Iron Valiant|Thunderbolt|p2a: Scream Tail
|-activate|p2a: Scream Tail|move: Protect
|
|-heal|p2a: Scream Tail|54/100|[from] item: Leftovers
|upkeep
|turn|31
|inactive|stellegoated has 120 seconds left.
|
|t:|1685910916
|-end|p2a: Scream Tail|Protosynthesis|[silent]
|switch|p2a: Maushold|Maushold|100/100
|move|p1a: Iron Valiant|Thunderbolt|p2a: Maushold
|-damage|p2a: Maushold|38/100
|
|upkeep
|turn|32
|
|t:|1685910938
|move|p1a: Iron Valiant|Thunderbolt|p2a: Maushold
|-damage|p2a: Maushold|0 fnt
|faint|p2a: Maushold
|
|upkeep
|
|t:|1685910940
|switch|p2a: Scream Tail|Scream Tail, tera:Water|54/100
|turn|33
|
|t:|1685910952
|-end|p1a: Iron Valiant|Quark Drive|[silent]
|switch|p1a: Kingambit|Kingambit, M|100/100
|move|p2a: Scream Tail|Protect||[still]
|-fail|p2a: Scream Tail
|
|-heal|p2a: Scream Tail|61/100|[from] item: Leftovers
|upkeep
|turn|34
|
|t:|1685910961
|move|p2a: Scream Tail|Protect|p2a: Scream Tail
|-singleturn|p2a: Scream Tail|Protect
|move|p1a: Kingambit|Kowtow Cleave|p2a: Scream Tail
|-activate|p2a: Scream Tail|move: Protect
|
|-heal|p2a: Scream Tail|67/100|[from] item: Leftovers
|upkeep
|turn|35
|
|t:|1685910968
|move|p2a: Scream Tail|Wish|p2a: Scream Tail
|move|p1a: Kingambit|Kowtow Cleave|p2a: Scream Tail
|-damage|p2a: Scream Tail|22/100
|
|-heal|p2a: Scream Tail|28/100|[from] item: Leftovers
|upkeep
|turn|36
|
|t:|1685910982
|switch|p1a: Iron Valiant|Iron Valiant|34/100
|move|p2a: Scream Tail|Dazzling Gleam|p1a: Iron Valiant
|-supereffective|p1a: Iron Valiant
|-damage|p1a: Iron Valiant|0 fnt
|faint|p1a: Iron Valiant
|-end|p1a: Iron Valiant|Quark Drive|[silent]
|
|-heal|p2a: Scream Tail|78/100|[from] move: Wish|[wisher] Scream Tail
|-heal|p2a: Scream Tail|84/100|[from] item: Leftovers
|upkeep
|-message|redrth forfeited.
|
|win|stellegoated
|raw|redrth's rating: 1000 → 1000(+0 for losing)
|raw|stellegoated's rating: 1040 → 1070(+30 for winning)
|l|☆redrth
