|j|☆cylls
|j|☆Sticky Web
|t:|1685907883
|gametype|singles
|player|p1|cylls|worker|1255
|player|p2|Sticky Web|265|1272
|teamsize|p1|6
|teamsize|p2|6
|gen|9
|tier|[Gen 9] OU
|rated|
|rule|Sleep Clause Mod: Limit one foe put to sleep
|rule|Species Clause: Limit one of each Pokémon
|rule|OHKO Clause: OHKO moves are banned
|rule|Evasion Items Clause: Evasion items are banned
|rule|Evasion Moves Clause: Evasion moves are banned
|rule|Endless Battle Clause: Forcing endless battles is banned
|rule|HP Percentage Mod: HP is shown in percentages
|clearpoke
|poke|p1|Decidueye-Hisui, F|
|poke|p1|Diancie|
|poke|p1|Ursaluna, F|
|poke|p1|Slowking-Galar, M|
|poke|p1|Zapdos-Galar|
|poke|p1|Bronzong|
|poke|p2|Zamazenta-*|
|poke|p2|Sneasler, F|
|poke|p2|Grimmsnarl, M|
|poke|p2|Kingambit, M|
|poke|p2|Dragonite, M|
|poke|p2|Magearna|
|teampreview
|inactive|Battle timer is ON: inactive players will automatically lose when time's up. (requested by cylls)
|inactive|Sticky Web has 120 seconds left.
|
|t:|1685907924
|start
|switch|p1a: Bronzong|Bronzong|100/100
|switch|p2a: End Him|Grimmsnarl, M|100/100
|turn|1
|
|t:|1685907930
|move|p2a: End Him|Taunt|p1a: Bronzong
|-start|p1a: Bronzong|move: Taunt
|move|p1a: Bronzong|Steel Beam|p2a: End Him
|-supereffective|p2a: End Him
|-damage|p2a: End Him|9/100
|-damage|p1a: Bronzong|50/100|[from] steelbeam
|
|upkeep
|turn|2
|
|t:|1685907940
|move|p2a: End Him|Parting Shot|p1a: Bronzong
|-unboost|p1a: Bronzong|atk|1
|-unboost|p1a: Bronzong|spa|1
|
|t:|1685907961
|switch|p2a: HRO|Zamazenta|100/100|[from] Parting Shot
|-ability|p2a: HRO|Dauntless Shield|boost
|-boost|p2a: HRO|def|1
|move|p1a: Bronzong|Body Press|p2a: HRO
|-damage|p2a: HRO|90/100
|
|-heal|p2a: HRO|96/100|[from] item: Leftovers
|upkeep
|turn|3
|
|t:|1685907980
|move|p2a: HRO|Substitute|p2a: HRO
|-start|p2a: HRO|Substitute
|-damage|p2a: HRO|71/100
|move|p1a: Bronzong|Steel Beam|p2a: HRO|[miss]
|-miss|p1a: Bronzong|p2a: HRO
|-damage|p1a: Bronzong|0 fnt|[from] steelbeam
|faint|p1a: Bronzong
|
|-heal|p2a: HRO|77/100|[from] item: Leftovers
|upkeep
|
|t:|1685907994
|switch|p1a: Slowking|Slowking-Galar, M|100/100
|turn|4
|
|t:|1685908007
|move|p2a: HRO|Crunch|p1a: Slowking
|-supereffective|p1a: Slowking
|-damage|p1a: Slowking|56/100
|move|p1a: Slowking|Trick Room|p1a: Slowking
|-fieldstart|move: Trick Room|[of] p1a: Slowking
|
|-heal|p1a: Slowking|62/100|[from] item: Leftovers
|-heal|p2a: HRO|83/100|[from] item: Leftovers
|upkeep
|turn|5
|
|t:|1685908018
|move|p1a: Slowking|Sludge Bomb|p2a: HRO
|-end|p2a: HRO|Substitute
|move|p2a: HRO|Crunch|p1a: Slowking
|-supereffective|p1a: Slowking
|-damage|p1a: Slowking|20/100
|-unboost|p1a: Slowking|def|1
|
|-heal|p1a: Slowking|26/100|[from] item: Leftovers
|-heal|p2a: HRO|89/100|[from] item: Leftovers
|upkeep
|turn|6
|
|t:|1685908040
|switch|p2a: SOLO|Kingambit, M|100/100
|move|p1a: Slowking|Psychic|p2a: SOLO
|-immune|p2a: SOLO
|
|-heal|p1a: Slowking|32/100|[from] item: Leftovers
|upkeep
|turn|7
|inactive|Sticky Web has 120 seconds left.
|
|t:|1685908067
|switch|p1a: Decidueye|Decidueye-Hisui, F|100/100
|move|p2a: SOLO|Kowtow Cleave|p1a: Decidueye
|-resisted|p1a: Decidueye
|-damage|p1a: Decidueye|70/100
|
|upkeep
|turn|8
|
|t:|1685908087
|-end|p2a: SOLO|fallenundefined|[silent]
|switch|p2a: HRO|Zamazenta|89/100
|move|p1a: Decidueye|Triple Arrows|p2a: HRO
|-crit|p2a: HRO
|-damage|p2a: HRO|37/100
|-unboost|p2a: HRO|def|1
|
|-heal|p2a: HRO|43/100|[from] item: Leftovers
|-fieldend|move: Trick Room
|upkeep
|turn|9
|
|t:|1685908096
|move|p2a: HRO|Iron Defense|p2a: HRO
|-boost|p2a: HRO|def|2
|move|p1a: Decidueye|Triple Arrows|p2a: HRO
|-crit|p2a: HRO
|-damage|p2a: HRO|0 fnt
|faint|p2a: HRO
|
|upkeep
|inactive|Sticky Web has 90 seconds left.
|
|t:|1685908120
|switch|p2a: End Him|Grimmsnarl, M|9/100
|turn|10
|
|t:|1685908126
|move|p2a: End Him|Parting Shot|p1a: Decidueye
|-unboost|p1a: Decidueye|atk|1
|-unboost|p1a: Decidueye|spa|1
|inactive|Sticky Web has 90 seconds left.
|
|t:|1685908147
|switch|p2a: Sneasler|Sneasler, F|100/100|[from] Parting Shot
|move|p1a: Decidueye|Triple Arrows|p2a: Sneasler
|-resisted|p2a: Sneasler
|-damage|p2a: Sneasler|76/100
|-unboost|p2a: Sneasler|def|1
|
|upkeep
|turn|11
|
|t:|1685908168
|move|p2a: Sneasler|Dire Claw|p1a: Decidueye
|-supereffective|p1a: Decidueye
|-damage|p1a: Decidueye|0 fnt
|faint|p1a: Decidueye
|
|upkeep
|
|t:|1685908174
|switch|p1a: Slowking|Slowking-Galar, M|65/100
|turn|12
|
|t:|1685908182
|switch|p2a: SAVANT|Magearna|100/100
|move|p1a: Slowking|Trick Room|p1a: Slowking
|-fieldstart|move: Trick Room|[of] p1a: Slowking
|
|-heal|p1a: Slowking|71/100|[from] item: Leftovers
|upkeep
|turn|13
|
|t:|1685908192
|switch|p1a: Ursaluna|Ursaluna, F|100/100
|move|p2a: SAVANT|Calm Mind|p2a: SAVANT
|-boost|p2a: SAVANT|spa|1
|-boost|p2a: SAVANT|spd|1
|
|-status|p1a: Ursaluna|brn|[from] item: Flame Orb
|upkeep
|turn|14
|
|t:|1685908207
|move|p1a: Ursaluna|Facade|p2a: SAVANT
|-resisted|p2a: SAVANT
|-damage|p2a: SAVANT|52/100
|move|p2a: SAVANT|Draining Kiss|p1a: Ursaluna
|-damage|p1a: Ursaluna|72/100 brn
|-heal|p2a: SAVANT|81/100|[from] drain|[of] p1a: Ursaluna
|
|-damage|p1a: Ursaluna|66/100 brn|[from] brn
|upkeep
|turn|15
|
|t:|1685908220
|-terastallize|p2a: SAVANT|Water
|move|p1a: Ursaluna|Earthquake|p2a: SAVANT
|-damage|p2a: SAVANT|5/100
|move|p2a: SAVANT|Draining Kiss|p1a: Ursaluna
|-crit|p1a: Ursaluna
|-damage|p1a: Ursaluna|18/100 brn
|-heal|p2a: SAVANT|54/100|[from] drain|[of] p1a: Ursaluna
|
|-damage|p1a: Ursaluna|12/100 brn|[from] brn
|upkeep
|turn|16
|
|t:|1685908230
|move|p1a: Ursaluna|Facade|p2a: SAVANT
|-damage|p2a: SAVANT|0 fnt
|faint|p2a: SAVANT
|
|-damage|p1a: Ursaluna|5/100 brn|[from] brn
|-fieldend|move: Trick Room
|upkeep
|
|t:|1685908237
|switch|p2a: End Him|Grimmsnarl, M|9/100
|turn|17
|
|t:|1685908242
|move|p2a: End Him|Reflect|p2a: End Him
|-sidestart|p2: Sticky Web|Reflect
|move|p1a: Ursaluna|Facade|p2a: End Him
|-damage|p2a: End Him|0 fnt
|faint|p2a: End Him
|
|-damage|p1a: Ursaluna|0 fnt|[from] brn
|faint|p1a: Ursaluna
|upkeep
|inactive|Sticky Web has 120 seconds left.
|
|t:|1685908257
|switch|p2a: P4|Dragonite, M|100/100
|switch|p1a: Slowking|Slowking-Galar, M|100/100
|turn|18
|
|t:|1685908266
|move|p2a: P4|Dragon Dance|p2a: P4
|-boost|p2a: P4|atk|1
|-boost|p2a: P4|spe|1
|move|p1a: Slowking|Trick Room|p1a: Slowking
|-fieldstart|move: Trick Room|[of] p1a: Slowking
|
|upkeep
|turn|19
|
|t:|1685908273
|move|p1a: Slowking|Sludge Bomb|p2a: P4
|-damage|p2a: P4|78/100
|move|p2a: P4|Earthquake|p1a: Slowking
|-supereffective|p1a: Slowking
|-damage|p1a: Slowking|0 fnt
|faint|p1a: Slowking
|
|upkeep
|
|t:|1685908279
|switch|p1a: Diancie|Diancie|100/100
|turn|20
|inactive|Sticky Web has 120 seconds left.
|
|t:|1685908317
|move|p1a: Diancie|Diamond Storm|p2a: P4
|-supereffective|p2a: P4
|-damage|p2a: P4|37/100
|move|p2a: P4|Earthquake|p1a: Diancie
|-supereffective|p1a: Diancie
|-damage|p1a: Diancie|17/100
|
|-heal|p1a: Diancie|23/100|[from] item: Leftovers
|upkeep
|turn|21
|
|t:|1685908330
|move|p2a: P4|Extreme Speed|p1a: Diancie
|-resisted|p1a: Diancie
|-damage|p1a: Diancie|5/100
|move|p1a: Diancie|Moonblast|p2a: P4
|-supereffective|p2a: P4
|-damage|p2a: P4|0 fnt
|faint|p2a: P4
|
|-heal|p1a: Diancie|12/100|[from] item: Leftovers
|upkeep
|
|t:|1685908340
|switch|p2a: Sneasler|Sneasler, F|76/100
|turn|22
|
|t:|1685908346
|move|p1a: Diancie|Earth Power|p2a: Sneasler
|-supereffective|p2a: Sneasler
|-damage|p2a: Sneasler|0 fnt
|faint|p2a: Sneasler
|
|-heal|p1a: Diancie|18/100|[from] item: Leftovers
|-fieldend|move: Trick Room
|upkeep
|
|t:|1685908352
|switch|p2a: SOLO|Kingambit, M|100/100
|-activate|p2a: SOLO|ability: Supreme Overlord
|-start|p2a: SOLO|fallen5|[silent]
|turn|23
|inactive|Sticky Web has 120 seconds left.
|
|t:|1685908363
|move|p2a: SOLO|Iron Head|p1a: Diancie
|-supereffective|p1a: Diancie
|-damage|p1a: Diancie|0 fnt
|faint|p1a: Diancie
|
|upkeep
|
|t:|1685908368
|switch|p1a: Zapdos|Zapdos-Galar|100/100
|turn|24
|inactive|Sticky Web has 120 seconds left.
|
|t:|1685908388
|move|p2a: SOLO|Sucker Punch|p1a: Zapdos
|-resisted|p1a: Zapdos
|-damage|p1a: Zapdos|61/100
|move|p1a: Zapdos|Close Combat|p2a: SOLO
|-supereffective|p2a: SOLO
|-damage|p2a: SOLO|0 fnt
|-unboost|p1a: Zapdos|def|1
|-unboost|p1a: Zapdos|spd|1
|faint|p2a: SOLO
|-end|p2a: SOLO|fallen5|[silent]
|
|win|cylls
|raw|cylls's rating: 1255 → 1281(+26 for winning)
|raw|Sticky Web's rating: 1272 → 1246(-26 for losing)
|l|☆Sticky Web
