|j|☆Lerenard2.0
|j|☆DDCxbw菜.巨菜(´-_-)
|t:|1685879418
|gametype|singles
|player|p1|Lerenard2.0|colress|1100
|player|p2|DDCxbw菜.巨菜(´-_-)|gambler|1009
|teamsize|p1|6
|teamsize|p2|6
|gen|9
|tier|[Gen 9] OU
|rated|
|rule|Sleep Clause Mod: Limit one foe put to sleep
|rule|Species Clause: Limit one of each Pokémon
|rule|OHKO Clause: OHKO moves are banned
|rule|Evasion Items Clause: Evasion items are banned
|rule|Evasion Moves Clause: Evasion moves are banned
|rule|Endless Battle Clause: Forcing endless battles is banned
|rule|HP Percentage Mod: HP is shown in percentages
|clearpoke
|poke|p1|Zapdos-Galar|
|poke|p1|Regidrago|
|poke|p1|Kingambit, F|
|poke|p1|Clodsire, M|
|poke|p1|Cinderace, M|
|poke|p1|Azumarill, F|
|poke|p2|Amoonguss, F|
|poke|p2|Cloyster, F|
|poke|p2|Kingambit, M|
|poke|p2|Toxicroak, F|
|poke|p2|Breloom, M|
|poke|p2|Sylveon, M|
|teampreview
|
|t:|1685879440
|start
|switch|p1a: Regidrago|Regidrago|100/100
|switch|p2a: 掩护扇贝！|Cloyster, F|100/100
|turn|1
|
|t:|1685879469
|move|p1a: Regidrago|Dragon Energy|p2a: 掩护扇贝！
|-enditem|p2a: 掩护扇贝！|Focus Sash
|-damage|p2a: 掩护扇贝！|1/100
|move|p2a: 掩护扇贝！|Shell Smash|p2a: 掩护扇贝！
|-unboost|p2a: 掩护扇贝！|def|1
|-unboost|p2a: 掩护扇贝！|spd|1
|-boost|p2a: 掩护扇贝！|atk|2
|-boost|p2a: 掩护扇贝！|spa|2
|-boost|p2a: 掩护扇贝！|spe|2
|
|upkeep
|turn|2
|l|☆DDCxbw菜.巨菜(´-_-)
|player|p2|
|inactive|Battle timer is ON: inactive players will automatically lose when time's up. (requested by Lerenard2.0)
|j|☆DDCxbw菜.巨菜(´-_-)
|inactive|DDCxbw菜.巨菜(´-_-) reconnected and has 125 seconds left.
|player|p2|DDCxbw菜.巨菜(´-_-)|gambler
|inactive|DDCxbw菜.巨菜(´-_-) has 120 seconds left.
|
|t:|1685879533
|switch|p1a: Azumarill|Azumarill, F, shiny|100/100
|move|p2a: 掩护扇贝！|Rock Blast|p1a: Azumarill
|-damage|p1a: Azumarill|84/100
|-damage|p1a: Azumarill|69/100
|-damage|p1a: Azumarill|52/100
|-damage|p1a: Azumarill|38/100
|-enditem|p1a: Azumarill|Sitrus Berry|[eat]
|-heal|p1a: Azumarill|63/100|[from] item: Sitrus Berry
|-damage|p1a: Azumarill|47/100
|-hitcount|p1a: Azumarill|5
|
|upkeep
|turn|3
|inactive|DDCxbw菜.巨菜(´-_-) has 120 seconds left.
|
|t:|1685879574
|move|p1a: Azumarill|Aqua Jet|p2a: 掩护扇贝！
|-resisted|p2a: 掩护扇贝！
|-damage|p2a: 掩护扇贝！|0 fnt
|faint|p2a: 掩护扇贝！
|
|upkeep
|
|t:|1685879581
|switch|p2a: 一休|Amoonguss, F|100/100
|turn|4
|inactive|Lerenard2.0 has 120 seconds left.
|
|t:|1685879633
|switch|p1a: Cinderace|Cinderace, M|100/100
|move|p2a: 一休|Giga Drain|p1a: Cinderace
|-resisted|p1a: Cinderace
|-damage|p1a: Cinderace|86/100
|
|upkeep
|turn|5
|
|t:|1685879646
|move|p1a: Cinderace|Pyro Ball|p2a: 一休|[miss]
|-miss|p1a: Cinderace|p2a: 一休
|move|p2a: 一休|Spore|p1a: Cinderace
|-status|p1a: Cinderace|slp|[from] move: Spore
|
|upkeep
|turn|6
|
|t:|1685879657
|cant|p1a: Cinderace|slp
|move|p2a: 一休|Sludge Bomb|p1a: Cinderace
|-damage|p1a: Cinderace|44/100 slp
|
|upkeep
|turn|7
|inactive|Lerenard2.0 has 90 seconds left.
|
|t:|1685879680
|cant|p1a: Cinderace|slp
|move|p2a: 一休|Foul Play|p1a: Cinderace
|-damage|p1a: Cinderace|0 fnt
|faint|p1a: Cinderace
|
|upkeep
|inactive|Lerenard2.0 has 90 seconds left.
|
|t:|1685879690
|switch|p1a: Regidrago|Regidrago|100/100
|turn|8
|inactive|Lerenard2.0 has 90 seconds left.
|
|t:|1685879698
|-terastallize|p1a: Regidrago|Fire
|move|p1a: Regidrago|Tera Blast|p2a: 一休
|-supereffective|p2a: 一休
|-damage|p2a: 一休|46/100
|move|p2a: 一休|Spore|p1a: Regidrago
|-status|p1a: Regidrago|slp|[from] move: Spore
|
|-heal|p2a: 一休|53/100|[from] item: Leftovers
|upkeep
|turn|9
|inactive|Lerenard2.0 has 90 seconds left.
|
|t:|1685879712
|cant|p1a: Regidrago|slp
|move|p2a: 一休|Foul Play|p1a: Regidrago
|-damage|p1a: Regidrago|84/100 slp
|
|-heal|p2a: 一休|59/100|[from] item: Leftovers
|upkeep
|turn|10
|
|t:|1685879725
|-curestatus|p1a: Regidrago|slp|[msg]
|move|p1a: Regidrago|Tera Blast|p2a: 一休
|-supereffective|p2a: 一休
|-damage|p2a: 一休|7/100
|move|p2a: 一休|Sludge Bomb|p1a: Regidrago
|-damage|p1a: Regidrago|53/100
|-status|p1a: Regidrago|psn
|
|-heal|p2a: 一休|13/100|[from] item: Leftovers
|-damage|p1a: Regidrago|41/100 psn|[from] psn
|upkeep
|turn|11
|
|t:|1685879739
|move|p1a: Regidrago|Tera Blast|p2a: 一休
|-supereffective|p2a: 一休
|-damage|p2a: 一休|0 fnt
|faint|p2a: 一休
|
|-damage|p1a: Regidrago|28/100 psn|[from] psn
|upkeep
|
|t:|1685879743
|switch|p2a: Breloom|Breloom, M|100/100
|turn|12
|
|t:|1685879748
|move|p2a: Breloom|Mach Punch|p1a: Regidrago
|-damage|p1a: Regidrago|0 fnt
|faint|p1a: Regidrago
|
|upkeep
|
|t:|1685879758
|switch|p1a: Clodsire|Clodsire, M|100/100
|turn|13
|
|t:|1685879766
|move|p2a: Breloom|Swords Dance|p2a: Breloom
|-boost|p2a: Breloom|atk|2
|move|p1a: Clodsire|Stealth Rock|p2a: Breloom
|-sidestart|p2: DDCxbw菜.巨菜(´-_-)|move: Stealth Rock
|
|upkeep
|turn|14
|inactive|Lerenard2.0 has 120 seconds left.
|
|t:|1685879783
|-terastallize|p2a: Breloom|Grass
|move|p2a: Breloom|Spore|p1a: Clodsire
|-status|p1a: Clodsire|slp|[from] move: Spore
|cant|p1a: Clodsire|slp
|
|upkeep
|turn|15
|inactive|Lerenard2.0 has 120 seconds left.
|
|t:|1685879797
|switch|p1a: Zapdos|Zapdos-Galar|100/100
|move|p2a: Breloom|Swords Dance|p2a: Breloom
|-boost|p2a: Breloom|atk|2
|
|upkeep
|turn|16
|
|t:|1685879806
|move|p2a: Breloom|Mach Punch|p1a: Zapdos
|-resisted|p1a: Zapdos
|-crit|p1a: Zapdos
|-damage|p1a: Zapdos|15/100
|move|p1a: Zapdos|Brave Bird|p2a: Breloom
|-supereffective|p2a: Breloom
|-damage|p2a: Breloom|0 fnt
|faint|p2a: Breloom
|-damage|p1a: Zapdos|0 fnt|[from] Recoil
|faint|p1a: Zapdos
|
|upkeep
|inactive|Lerenard2.0 has 120 seconds left.
|
|t:|1685879828
|switch|p1a: Azumarill|Azumarill, F, shiny|47/100
|switch|p2a: Toxicroak|Toxicroak, F|100/100
|-damage|p2a: Toxicroak|94/100|[from] Stealth Rock
|turn|17
|inactive|Lerenard2.0 has 120 seconds left.
|
|t:|1685879852
|move|p2a: Toxicroak|Gunk Shot|p1a: Azumarill
|-supereffective|p1a: Azumarill
|-crit|p1a: Azumarill
|-damage|p1a: Azumarill|0 fnt
|faint|p1a: Azumarill
|
|upkeep
|inactive|Lerenard2.0 has 120 seconds left.
|
|t:|1685879872
|switch|p1a: Kingambit|Kingambit, F|100/100
|-activate|p1a: Kingambit|ability: Supreme Overlord
|-start|p1a: Kingambit|fallen4|[silent]
|turn|18
|
|t:|1685879892
|move|p2a: Toxicroak|Close Combat|p1a: Kingambit
|-supereffective|p1a: Kingambit
|-damage|p1a: Kingambit|0 fnt
|-unboost|p2a: Toxicroak|def|1
|-unboost|p2a: Toxicroak|spd|1
|faint|p1a: Kingambit
|-end|p1a: Kingambit|fallen4|[silent]
|
|upkeep
|-message|Lerenard2.0 forfeited.
|
|win|DDCxbw菜.巨菜(´-_-)
|raw|Lerenard2.0's rating: 1100 → 1069(-31 for losing)
|raw|DDCxbw菜.巨菜(´-_-)'s rating: 1009 → 1058(+49 for winning)
|l|☆Lerenard2.0
