|j|☆K.O.bold256
|j|☆teralover80
|t:|1685906140
|gametype|singles
|player|p1|K.O.bold256|169|1350
|player|p2|teralover80|supernerd|1440
|teamsize|p1|6
|teamsize|p2|6
|gen|9
|tier|[Gen 9] OU
|rated|
|rule|Sleep Clause Mod: Limit one foe put to sleep
|rule|Species Clause: Limit one of each Pokémon
|rule|OHKO Clause: OHKO moves are banned
|rule|Evasion Items Clause: Evasion items are banned
|rule|Evasion Moves Clause: Evasion moves are banned
|rule|Endless Battle Clause: Forcing endless battles is banned
|rule|HP Percentage Mod: HP is shown in percentages
|clearpoke
|poke|p1|Hoopa-Unbound|
|poke|p1|Heatran, F|
|poke|p1|Amoonguss, M|
|poke|p1|Dragapult, F|
|poke|p1|Rotom-Wash|
|poke|p1|Lucario, M|
|poke|p2|Magearna|
|poke|p2|Ursaluna, F|
|poke|p2|Rabsca, F|
|poke|p2|Slowking, F|
|poke|p2|Basculegion-F, F|
|poke|p2|Glastrier|
|teampreview
|
|t:|1685906144
|start
|switch|p1a: Dragapult|Dragapult, F|100/100
|switch|p2a: Magearna|Magearna|100/100
|turn|1
|inactive|Battle timer is ON: inactive players will automatically lose when time's up. (requested by K.O.bold256)
|
|t:|1685906149
|move|p1a: Dragapult|U-turn|p2a: Magearna
|-resisted|p2a: Magearna
|-damage|p2a: Magearna|97/100
|
|t:|1685906151
|switch|p1a: Heatran|Heatran, F|100/100|[from] U-turn
|move|p2a: Magearna|Trick Room|p2a: Magearna
|-fieldstart|move: Trick Room|[of] p2a: Magearna
|
|upkeep
|turn|2
|
|t:|1685906156
|move|p2a: Magearna|Fleur Cannon|p1a: Heatran
|-resisted|p1a: Heatran
|-damage|p1a: Heatran|88/100
|-unboost|p2a: Magearna|spa|2
|-enditem|p2a: Magearna|Eject Pack
|
|t:|1685906162
|switch|p2a: Ursaluna|Ursaluna, F, shiny|100/100
|move|p1a: Heatran|Magma Storm|p2a: Ursaluna
|-damage|p2a: Ursaluna|64/100
|-activate|p2a: Ursaluna|move: Magma Storm|[of] p1a: Heatran
|
|-heal|p1a: Heatran|94/100|[from] item: Leftovers
|-damage|p2a: Ursaluna|51/100|[from] move: Magma Storm|[partiallytrapped]
|-status|p2a: Ursaluna|brn|[from] item: Flame Orb
|upkeep
|turn|3
|
|t:|1685906176
|-terastallize|p1a: Heatran|Grass
|move|p2a: Ursaluna|Facade|p1a: Heatran
|-damage|p1a: Heatran|0 fnt
|faint|p1a: Heatran
|
|-damage|p2a: Ursaluna|45/100 brn|[from] brn
|-end|p2a: Ursaluna|Magma Storm|[partiallytrapped]|[silent]
|upkeep
|
|t:|1685906183
|switch|p1a: Amoonguss|Amoonguss, M|100/100
|turn|4
|c|☆K.O.bold256|shot
|
|t:|1685906194
|switch|p2a: Glastrier|Glastrier|100/100
|move|p1a: Amoonguss|Giga Drain|p2a: Glastrier
|-damage|p2a: Glastrier|84/100
|
|upkeep
|turn|5
|
|t:|1685906202
|move|p2a: Glastrier|Icicle Crash|p1a: Amoonguss
|-supereffective|p1a: Amoonguss
|-damage|p1a: Amoonguss|21/100
|move|p1a: Amoonguss|Spore|p2a: Glastrier
|-status|p2a: Glastrier|slp|[from] move: Spore
|
|-fieldend|move: Trick Room
|upkeep
|turn|6
|
|t:|1685906211
|switch|p1a: Hoopa|Hoopa-Unbound|100/100
|cant|p2a: Glastrier|slp
|
|upkeep
|turn|7
|
|t:|1685906224
|switch|p2a: Slowking|Slowking, F|100/100
|move|p1a: Hoopa|Hyperspace Fury|p2a: Slowking
|-supereffective|p2a: Slowking
|-damage|p2a: Slowking|0 fnt
|-unboost|p1a: Hoopa|def|1
|faint|p2a: Slowking
|
|upkeep
|
|t:|1685906227
|switch|p2a: Magearna|Magearna|97/100
|turn|8
|
|t:|1685906229
|move|p1a: Hoopa|Hyperspace Fury|p2a: Magearna
|-resisted|p2a: Magearna
|-damage|p2a: Magearna|56/100
|-unboost|p1a: Hoopa|def|1
|move|p2a: Magearna|Trick Room|p2a: Magearna
|-fieldstart|move: Trick Room|[of] p2a: Magearna
|
|upkeep
|turn|9
|
|t:|1685906236
|move|p2a: Magearna|Fleur Cannon|p1a: Hoopa
|-supereffective|p1a: Hoopa
|-damage|p1a: Hoopa|0 fnt
|-unboost|p2a: Magearna|spa|2
|faint|p1a: Hoopa
|-ability|p2a: Magearna|Soul-Heart|boost
|-boost|p2a: Magearna|spa|1
|
|upkeep
|
|t:|1685906247
|switch|p1a: Dragapult|Dragapult, F|100/100
|turn|10
|
|t:|1685906251
|move|p2a: Magearna|Fleur Cannon|p1a: Dragapult
|-supereffective|p1a: Dragapult
|-damage|p1a: Dragapult|0 fnt
|-unboost|p2a: Magearna|spa|2
|faint|p1a: Dragapult
|-ability|p2a: Magearna|Soul-Heart|boost
|-boost|p2a: Magearna|spa|1
|
|upkeep
|
|t:|1685906253
|switch|p1a: Lucario|Lucario, M|100/100
|turn|11
|
|t:|1685906257
|switch|p2a: Basculegion|Basculegion-F, F, shiny|100/100
|move|p1a: Lucario|Swords Dance|p1a: Lucario
|-boost|p1a: Lucario|atk|2
|
|upkeep
|turn|12
|
|t:|1685906263
|-terastallize|p2a: Basculegion|Fire
|move|p1a: Lucario|Bullet Punch|p2a: Basculegion
|-resisted|p2a: Basculegion
|-damage|p2a: Basculegion|71/100
|-damage|p1a: Lucario|91/100|[from] item: Life Orb
|move|p2a: Basculegion|Tera Blast|p1a: Lucario
|-supereffective|p1a: Lucario
|-damage|p1a: Lucario|0 fnt
|faint|p1a: Lucario
|-damage|p2a: Basculegion|61/100|[from] item: Life Orb
|
|-fieldend|move: Trick Room
|upkeep
|
|t:|1685906270
|switch|p1a: Rotom|Rotom-Wash|100/100
|turn|13
|
|t:|1685906275
|switch|p2a: Magearna|Magearna|56/100
|move|p1a: Rotom|Hydro Pump|p2a: Magearna|[miss]
|-miss|p1a: Rotom|p2a: Magearna
|
|upkeep
|turn|14
|
|t:|1685906279
|move|p1a: Rotom|Hydro Pump|p2a: Magearna|[miss]
|-miss|p1a: Rotom|p2a: Magearna
|move|p2a: Magearna|Trick Room|p2a: Magearna
|-fieldstart|move: Trick Room|[of] p2a: Magearna
|
|upkeep
|turn|15
|
|t:|1685906284
|move|p2a: Magearna|Fleur Cannon|p1a: Rotom
|-damage|p1a: Rotom|25/100
|-unboost|p2a: Magearna|spa|2
|move|p1a: Rotom|Hydro Pump|p2a: Magearna
|-damage|p2a: Magearna|24/100
|
|-heal|p1a: Rotom|31/100|[from] item: Leftovers
|upkeep
|turn|16
|
|t:|1685906290
|move|p1a: Rotom|Protect|p1a: Rotom
|-singleturn|p1a: Rotom|Protect
|move|p2a: Magearna|Fleur Cannon|p1a: Rotom
|-activate|p1a: Rotom|move: Protect
|
|-heal|p1a: Rotom|37/100|[from] item: Leftovers
|upkeep
|turn|17
|
|t:|1685906294
|switch|p1a: Amoonguss|Amoonguss, M|55/100
|move|p2a: Magearna|Fleur Cannon|p1a: Amoonguss
|-resisted|p1a: Amoonguss
|-damage|p1a: Amoonguss|40/100
|-unboost|p2a: Magearna|spa|2
|
|upkeep
|turn|18
|
|t:|1685906298
|switch|p2a: Rabsca|Rabsca, F|100/100
|move|p1a: Amoonguss|Spore|p2a: Rabsca
|-message|Sleep Clause Mod activated.
|-hint|Sleep Clause Mod prevents players from putting more than one of their opponent's Pokémon to sleep at a time
|
|-fieldend|move: Trick Room
|upkeep
|turn|19
|
|t:|1685906301
|move|p1a: Amoonguss|Sludge Bomb|p2a: Rabsca
|-damage|p2a: Rabsca|74/100
|-status|p2a: Rabsca|psn
|-activate|p2a: Rabsca|ability: Synchronize
|-immune|p1a: Amoonguss
|move|p2a: Rabsca|Psychic|p1a: Amoonguss
|-supereffective|p1a: Amoonguss
|-damage|p1a: Amoonguss|0 fnt
|faint|p1a: Amoonguss
|
|-damage|p2a: Rabsca|62/100 psn|[from] psn
|upkeep
|
|t:|1685906307
|switch|p1a: Rotom|Rotom-Wash|37/100
|turn|20
|
|t:|1685906312
|move|p1a: Rotom|Protect|p1a: Rotom
|-singleturn|p1a: Rotom|Protect
|move|p2a: Rabsca|Psychic|p1a: Rotom
|-activate|p1a: Rotom|move: Protect
|
|-heal|p1a: Rotom|43/100|[from] item: Leftovers
|-damage|p2a: Rabsca|49/100 psn|[from] psn
|upkeep
|turn|21
|
|t:|1685906317
|move|p1a: Rotom|Hydro Pump|p2a: Rabsca
|-damage|p2a: Rabsca|14/100 psn
|move|p2a: Rabsca|Trick Room|p2a: Rabsca
|-fieldstart|move: Trick Room|[of] p2a: Rabsca
|
|-heal|p1a: Rotom|50/100|[from] item: Leftovers
|-damage|p2a: Rabsca|2/100 psn|[from] psn
|upkeep
|turn|22
|
|t:|1685906323
|move|p1a: Rotom|Protect|p1a: Rotom
|-singleturn|p1a: Rotom|Protect
|move|p2a: Rabsca|Revival Blessing|p2a: Rabsca
|-enditem|p2a: Rabsca|Leppa Berry|[eat]
|-activate|p2a: Rabsca|item: Leppa Berry|Revival Blessing|[consumed]
|
|t:|1685906326
|-heal|p2: Slowking|50/100|[from] move: Revival Blessing
|
|-heal|p1a: Rotom|56/100|[from] item: Leftovers
|-damage|p2a: Rabsca|0 fnt|[from] psn
|faint|p2a: Rabsca
|upkeep
|
|t:|1685906332
|switch|p2a: Ursaluna|Ursaluna, F, shiny|45/100 brn
|turn|23
|
|t:|1685906335
|move|p1a: Rotom|Protect||[still]
|-fail|p1a: Rotom
|move|p2a: Ursaluna|Facade|p1a: Rotom
|-damage|p1a: Rotom|0 fnt
|faint|p1a: Rotom
|
|win|teralover80
|raw|K.O.bold256's rating: 1350 → 1335(-15 for losing)
|raw|teralover80's rating: 1440 → 1455(+15 for winning)
|l|☆K.O.bold256
