|j|☆Capt Qwark
|j|☆Fallen Five
|t:|1685922940
|gametype|singles
|player|p1|Capt Qwark|swimmerf-gen6|1659
|player|p2|Fallen Five|shadowtriad|1596
|teamsize|p1|6
|teamsize|p2|6
|gen|9
|tier|[Gen 9] OU
|rated|
|rule|Sleep Clause Mod: Limit one foe put to sleep
|rule|Species Clause: Limit one of each Pokémon
|rule|OHKO Clause: OHKO moves are banned
|rule|Evasion Items Clause: Evasion items are banned
|rule|Evasion Moves Clause: Evasion moves are banned
|rule|Endless Battle Clause: Forcing endless battles is banned
|rule|HP Percentage Mod: HP is shown in percentages
|clearpoke
|poke|p1|Uxie|
|poke|p1|Slowking-Galar, M|
|poke|p1|Glastrier|
|poke|p1|Chien-Pao|
|poke|p1|Enamorus, F|
|poke|p1|Landorus-Therian, M|
|poke|p2|Kingambit, M|
|poke|p2|Great Tusk|
|poke|p2|Dragapult, M|
|poke|p2|Corviknight, M|
|poke|p2|Hydreigon, F|
|poke|p2|Toxapex, M|
|teampreview
|inactive|Battle timer is ON: inactive players will automatically lose when time's up. (requested by Fallen Five)
|
|t:|1685922965
|start
|switch|p1a: Landorus|Landorus-Therian, M|100/100
|switch|p2a: Crow Flow Fo Sho|Corviknight, M|100/100
|-ability|p1a: Landorus|Intimidate|boost
|-unboost|p2a: Crow Flow Fo Sho|atk|1
|-ability|p2a: Crow Flow Fo Sho|Pressure
|turn|1
|
|t:|1685922973
|switch|p1a: Uxie|Uxie|100/100
|move|p2a: Crow Flow Fo Sho|Brave Bird|p1a: Uxie
|-damage|p1a: Uxie|87/100
|-damage|p2a: Crow Flow Fo Sho|84/100|[from] item: Rocky Helmet|[of] p1a: Uxie
|-damage|p2a: Crow Flow Fo Sho|80/100|[from] Recoil
|
|-heal|p2a: Crow Flow Fo Sho|86/100|[from] item: Leftovers
|upkeep
|turn|2
|
|t:|1685922982
|move|p1a: Uxie|Stealth Rock|p2a: Crow Flow Fo Sho
|-sidestart|p2: Fallen Five|move: Stealth Rock
|move|p2a: Crow Flow Fo Sho|U-turn|p1a: Uxie
|-supereffective|p1a: Uxie
|-damage|p1a: Uxie|76/100
|-damage|p2a: Crow Flow Fo Sho|69/100|[from] item: Rocky Helmet|[of] p1a: Uxie
|
|t:|1685922986
|switch|p2a: Scallywagapult|Dragapult, M|100/100|[from] U-turn
|-damage|p2a: Scallywagapult|88/100|[from] Stealth Rock
|
|upkeep
|turn|3
|
|t:|1685922996
|switch|p1a: Chien-Pao|Chien-Pao|100/100
|-ability|p1a: Chien-Pao|Sword of Ruin
|move|p2a: Scallywagapult|Shadow Ball|p1a: Chien-Pao
|-resisted|p1a: Chien-Pao
|-damage|p1a: Chien-Pao|56/100
|
|upkeep
|turn|4
|
|t:|1685923018
|switch|p2a: Amanda Waller|Toxapex, M|100/100
|-damage|p2a: Amanda Waller|88/100|[from] Stealth Rock
|switch|p1a: Enamorus|Enamorus, F|100/100
|
|upkeep
|turn|5
|
|t:|1685923035
|-terastallize|p1a: Enamorus|Steel
|move|p1a: Enamorus|Agility|p1a: Enamorus
|-boost|p1a: Enamorus|spe|2
|move|p2a: Amanda Waller|Infestation|p1a: Enamorus
|-resisted|p1a: Enamorus
|-damage|p1a: Enamorus|97/100
|-activate|p1a: Enamorus|move: Infestation|[of] p2a: Amanda Waller
|
|-damage|p1a: Enamorus|85/100|[from] move: Infestation|[partiallytrapped]
|upkeep
|turn|6
|
|t:|1685923043
|move|p1a: Enamorus|Calm Mind|p1a: Enamorus
|-boost|p1a: Enamorus|spa|1
|-boost|p1a: Enamorus|spd|1
|move|p2a: Amanda Waller|Surf|p1a: Enamorus
|-damage|p1a: Enamorus|54/100
|
|-damage|p1a: Enamorus|42/100|[from] move: Infestation|[partiallytrapped]
|upkeep
|turn|7
|
|t:|1685923049
|move|p1a: Enamorus|Calm Mind|p1a: Enamorus
|-boost|p1a: Enamorus|spa|1
|-boost|p1a: Enamorus|spd|1
|move|p2a: Amanda Waller|Surf|p1a: Enamorus
|-damage|p1a: Enamorus|21/100
|
|-damage|p1a: Enamorus|8/100|[from] move: Infestation|[partiallytrapped]
|upkeep
|turn|8
|
|t:|1685923072
|switch|p2a: Crow Flow Fo Sho|Corviknight, M|69/100
|-damage|p2a: Crow Flow Fo Sho|57/100|[from] Stealth Rock
|-ability|p2a: Crow Flow Fo Sho|Pressure
|move|p1a: Enamorus|Moonblast|p2a: Crow Flow Fo Sho
|-resisted|p2a: Crow Flow Fo Sho
|-damage|p2a: Crow Flow Fo Sho|2/100
|
|-heal|p2a: Crow Flow Fo Sho|8/100|[from] item: Leftovers
|-end|p1a: Enamorus|Infestation|[partiallytrapped]|[silent]
|upkeep
|turn|9
|
|t:|1685923080
|move|p1a: Enamorus|Moonblast|p2a: Crow Flow Fo Sho
|-resisted|p2a: Crow Flow Fo Sho
|-crit|p2a: Crow Flow Fo Sho
|-damage|p2a: Crow Flow Fo Sho|0 fnt
|faint|p2a: Crow Flow Fo Sho
|
|upkeep
|
|t:|1685923082
|switch|p2a: Amanda Waller|Toxapex, M|100/100
|-damage|p2a: Amanda Waller|88/100|[from] Stealth Rock
|turn|10
|
|t:|1685923090
|switch|p1a: Uxie|Uxie|76/100
|move|p2a: Amanda Waller|Surf|p1a: Uxie
|-damage|p1a: Uxie|51/100
|
|upkeep
|turn|11
|
|t:|1685923095
|move|p1a: Uxie|Yawn|p2a: Amanda Waller
|-start|p2a: Amanda Waller|move: Yawn|[of] p1a: Uxie
|move|p2a: Amanda Waller|Sludge Bomb|p1a: Uxie
|-damage|p1a: Uxie|28/100
|
|upkeep
|turn|12
|
|t:|1685923101
|switch|p2a: Notorious O.S.E.|Great Tusk|100/100
|-damage|p2a: Notorious O.S.E.|98/100|[from] Stealth Rock
|move|p1a: Uxie|U-turn|p2a: Notorious O.S.E.
|-resisted|p2a: Notorious O.S.E.
|-damage|p2a: Notorious O.S.E.|93/100
|
|t:|1685923110
|switch|p1a: Enamorus|Enamorus, F, tera:Steel|8/100|[from] U-turn
|
|-heal|p2a: Notorious O.S.E.|99/100|[from] item: Leftovers
|upkeep
|turn|13
|
|t:|1685923118
|-end|p2a: Notorious O.S.E.|Protosynthesis|[silent]
|switch|p2a: Amanda Waller|Toxapex, M|100/100
|-damage|p2a: Amanda Waller|88/100|[from] Stealth Rock
|move|p1a: Enamorus|Moonblast|p2a: Amanda Waller
|-resisted|p2a: Amanda Waller
|-damage|p2a: Amanda Waller|72/100
|-unboost|p2a: Amanda Waller|spa|1
|
|upkeep
|turn|14
|
|t:|1685923127
|switch|p1a: Slowking|Slowking-Galar, M|100/100
|move|p2a: Amanda Waller|Surf|p1a: Slowking
|-damage|p1a: Slowking|90/100
|
|upkeep
|turn|15
|
|t:|1685923134
|move|p2a: Amanda Waller|Infestation|p1a: Slowking
|-damage|p1a: Slowking|88/100
|-activate|p1a: Slowking|move: Infestation|[of] p2a: Amanda Waller
|move|p1a: Slowking|Chilly Reception|p1a: Slowking
|-weather|Snow
|
|t:|1685923154
|switch|p1a: Glastrier|Glastrier|100/100|[from] Chilly Reception
|
|-weather|Snow|[upkeep]
|upkeep
|turn|16
|
|t:|1685923167
|move|p1a: Glastrier|Stomping Tantrum|p2a: Amanda Waller
|-supereffective|p2a: Amanda Waller
|-damage|p2a: Amanda Waller|20/100
|move|p2a: Amanda Waller|Sludge Bomb|p1a: Glastrier
|-damage|p1a: Glastrier|85/100
|-status|p1a: Glastrier|psn
|
|-weather|Snow|[upkeep]
|-damage|p1a: Glastrier|73/100 psn|[from] psn
|upkeep
|turn|17
|
|t:|1685923178
|switch|p2a: Sashi no Benkei|Kingambit, M|100/100
|-damage|p2a: Sashi no Benkei|94/100|[from] Stealth Rock
|-activate|p2a: Sashi no Benkei|ability: Supreme Overlord
|-start|p2a: Sashi no Benkei|fallen1|[silent]
|move|p1a: Glastrier|Icicle Crash|p2a: Sashi no Benkei
|-resisted|p2a: Sashi no Benkei
|-damage|p2a: Sashi no Benkei|73/100
|
|-weather|Snow|[upkeep]
|-heal|p2a: Sashi no Benkei|79/100|[from] item: Leftovers
|-damage|p1a: Glastrier|60/100 psn|[from] psn
|upkeep
|turn|18
|
|t:|1685923186
|move|p2a: Sashi no Benkei|Iron Head|p1a: Glastrier
|-supereffective|p1a: Glastrier
|-damage|p1a: Glastrier|11/100 psn
|move|p1a: Glastrier|Close Combat|p2a: Sashi no Benkei
|-supereffective|p2a: Sashi no Benkei
|-crit|p2a: Sashi no Benkei
|-damage|p2a: Sashi no Benkei|0 fnt
|-unboost|p1a: Glastrier|def|1
|-unboost|p1a: Glastrier|spd|1
|faint|p2a: Sashi no Benkei
|-end|p2a: Sashi no Benkei|fallen1|[silent]
|-ability|p1a: Glastrier|Chilling Neigh|boost
|-boost|p1a: Glastrier|atk|1
|
|-weather|Snow|[upkeep]
|-damage|p1a: Glastrier|0 fnt|[from] psn
|faint|p1a: Glastrier
|upkeep
|
|t:|1685923205
|switch|p2a: Scallywagapult|Dragapult, M|88/100
|switch|p1a: Enamorus|Enamorus, F, tera:Steel|8/100
|-damage|p2a: Scallywagapult|76/100|[from] Stealth Rock
|turn|19
|
|t:|1685923214
|switch|p1a: Uxie|Uxie|28/100
|move|p2a: Scallywagapult|Shadow Ball|p1a: Uxie
|-supereffective|p1a: Uxie
|-damage|p1a: Uxie|0 fnt
|faint|p1a: Uxie
|
|-weather|none
|upkeep
|
|t:|1685923216
|switch|p1a: Chien-Pao|Chien-Pao|56/100
|-ability|p1a: Chien-Pao|Sword of Ruin
|turn|20
|
|t:|1685923226
|-terastallize|p2a: Scallywagapult|Ghost
|move|p2a: Scallywagapult|Shadow Ball|p1a: Chien-Pao
|-resisted|p1a: Chien-Pao
|-damage|p1a: Chien-Pao|2/100
|move|p1a: Chien-Pao|Ice Spinner|p2a: Scallywagapult
|-damage|p2a: Scallywagapult|0 fnt
|faint|p2a: Scallywagapult
|
|upkeep
|
|t:|1685923236
|switch|p2a: Notorious O.S.E.|Great Tusk|99/100
|-damage|p2a: Notorious O.S.E.|96/100|[from] Stealth Rock
|turn|21
|inactive|Capt Qwark has 120 seconds left.
|
|t:|1685923266
|move|p1a: Chien-Pao|Ice Spinner|p2a: Notorious O.S.E.
|-supereffective|p2a: Notorious O.S.E.
|-damage|p2a: Notorious O.S.E.|23/100
|move|p2a: Notorious O.S.E.|Rapid Spin|p1a: Chien-Pao
|-damage|p1a: Chien-Pao|0 fnt
|-boost|p2a: Notorious O.S.E.|spe|1
|-sideend|p2: Fallen Five|Stealth Rock|[from] move: Rapid Spin|[of] p2a: Notorious O.S.E.
|faint|p1a: Chien-Pao
|
|-heal|p2a: Notorious O.S.E.|29/100|[from] item: Leftovers
|upkeep
|inactive|Capt Qwark has 120 seconds left.
|
|t:|1685923272
|switch|p1a: Landorus|Landorus-Therian, M|100/100
|-ability|p1a: Landorus|Intimidate|boost
|-unboost|p2a: Notorious O.S.E.|atk|1
|turn|22
|
|t:|1685923279
|move|p1a: Landorus|Earthquake|p2a: Notorious O.S.E.
|-damage|p2a: Notorious O.S.E.|0 fnt
|faint|p2a: Notorious O.S.E.
|-end|p2a: Notorious O.S.E.|Protosynthesis|[silent]
|
|upkeep
|
|t:|1685923283
|switch|p2a: Dreigonheimer|Hydreigon, F|100/100
|turn|23
|
|t:|1685923299
|switch|p1a: Enamorus|Enamorus, F, tera:Steel|8/100
|move|p2a: Dreigonheimer|Flamethrower|p1a: Enamorus
|-supereffective|p1a: Enamorus
|-damage|p1a: Enamorus|0 fnt
|faint|p1a: Enamorus
|
|upkeep
|
|t:|1685923303
|switch|p1a: Slowking|Slowking-Galar, M|100/100
|turn|24
|
|t:|1685923308
|move|p2a: Dreigonheimer|Stealth Rock|p1a: Slowking
|-sidestart|p1: Capt Qwark|move: Stealth Rock
|move|p1a: Slowking|Future Sight|p2a: Dreigonheimer
|-start|p1a: Slowking|move: Future Sight
|
|upkeep
|turn|25
|
|t:|1685923315
|switch|p2a: Amanda Waller|Toxapex, M|54/100
|move|p1a: Slowking|Chilly Reception|p1a: Slowking
|-weather|Snow
|
|t:|1685923317
|switch|p1a: Landorus|Landorus-Therian, M|100/100|[from] Chilly Reception
|-damage|p1a: Landorus|88/100|[from] Stealth Rock
|-ability|p1a: Landorus|Intimidate|boost
|-unboost|p2a: Amanda Waller|atk|1
|
|-weather|Snow|[upkeep]
|upkeep
|turn|26
|
|t:|1685923326
|switch|p2a: Dreigonheimer|Hydreigon, F|100/100
|move|p1a: Landorus|U-turn|p2a: Dreigonheimer
|-supereffective|p2a: Dreigonheimer
|-damage|p2a: Dreigonheimer|40/100
|
|t:|1685923330
|switch|p1a: Slowking|Slowking-Galar, M|100/100|[from] U-turn
|
|-weather|Snow|[upkeep]
|-end|p2a: Dreigonheimer|move: Future Sight
|-immune|p2a: Dreigonheimer
|-heal|p2a: Dreigonheimer|46/100|[from] item: Leftovers
|upkeep
|turn|27
|
|t:|1685923359
|move|p2a: Dreigonheimer|Draco Meteor|p1a: Slowking
|-damage|p1a: Slowking|59/100
|-unboost|p2a: Dreigonheimer|spa|2
|move|p1a: Slowking|Future Sight|p2a: Dreigonheimer
|-start|p1a: Slowking|move: Future Sight
|
|-weather|Snow|[upkeep]
|-heal|p2a: Dreigonheimer|52/100|[from] item: Leftovers
|upkeep
|turn|28
|
|t:|1685923367
|move|p2a: Dreigonheimer|Flamethrower|p1a: Slowking
|-damage|p1a: Slowking|49/100
|move|p1a: Slowking|Chilly Reception|p1a: Slowking
|
|t:|1685923371
|switch|p1a: Landorus|Landorus-Therian, M|88/100|[from] Chilly Reception
|-damage|p1a: Landorus|76/100|[from] Stealth Rock
|-ability|p1a: Landorus|Intimidate|boost
|-unboost|p2a: Dreigonheimer|atk|1
|
|-weather|Snow|[upkeep]
|-heal|p2a: Dreigonheimer|58/100|[from] item: Leftovers
|upkeep
|turn|29
|
|t:|1685923384
|move|p1a: Landorus|U-turn|p2a: Dreigonheimer
|-supereffective|p2a: Dreigonheimer
|-damage|p2a: Dreigonheimer|0 fnt
|faint|p2a: Dreigonheimer
|
|t:|1685923387
|switch|p1a: Slowking|Slowking-Galar, M|82/100|[from] U-turn
|
|-weather|none
|-hint|Future Sight did not hit because the target is fainted.
|upkeep
|
|t:|1685923391
|switch|p2a: Amanda Waller|Toxapex, M|87/100
|turn|30
|
|t:|1685923396
|move|p2a: Amanda Waller|Acid Spray|p1a: Slowking
|-resisted|p1a: Slowking
|-damage|p1a: Slowking|79/100
|-unboost|p1a: Slowking|spd|2
|move|p1a: Slowking|Future Sight|p2a: Amanda Waller
|-start|p1a: Slowking|move: Future Sight
|
|upkeep
|turn|31
|
|t:|1685923405
|move|p2a: Amanda Waller|Surf|p1a: Slowking
|-damage|p1a: Slowking|42/100
|move|p1a: Slowking|Chilly Reception|p1a: Slowking
|-weather|Snow
|
|t:|1685923409
|switch|p1a: Landorus|Landorus-Therian, M|76/100|[from] Chilly Reception
|-damage|p1a: Landorus|64/100|[from] Stealth Rock
|-ability|p1a: Landorus|Intimidate|boost
|-unboost|p2a: Amanda Waller|atk|1
|
|-weather|Snow|[upkeep]
|upkeep
|turn|32
|c|☆Capt Qwark|gg
|
|t:|1685923418
|move|p1a: Landorus|Earthquake|p2a: Amanda Waller
|-supereffective|p2a: Amanda Waller
|-damage|p2a: Amanda Waller|0 fnt
|faint|p2a: Amanda Waller
|
|win|Capt Qwark
|raw|Capt Qwark's rating: 1659 → 1675(+16 for winning)
|raw|Fallen Five's rating: 1596 → 1580(-16 for losing)
|l|☆Fallen Five
