|j|☆fzplay_pokemon
|j|☆Weagt3a4gq34
|t:|1685883746
|gametype|singles
|player|p1|fzplay_pokemon|266|1483
|player|p2|Weagt3a4gq34|102|1389
|teamsize|p1|6
|teamsize|p2|6
|gen|9
|tier|[Gen 9] OU
|rated|
|rule|Sleep Clause Mod: Limit one foe put to sleep
|rule|Species Clause: Limit one of each Pokémon
|rule|OHKO Clause: OHKO moves are banned
|rule|Evasion Items Clause: Evasion items are banned
|rule|Evasion Moves Clause: Evasion moves are banned
|rule|Endless Battle Clause: Forcing endless battles is banned
|rule|HP Percentage Mod: HP is shown in percentages
|clearpoke
|poke|p1|Torkoal, F|
|poke|p1|Walking Wake|
|poke|p1|Roaring Moon|
|poke|p1|Hatterene, F|
|poke|p1|Great Tusk|
|poke|p1|Corviknight, F|
|poke|p2|Ursaluna, F|
|poke|p2|Meowscarada, M|
|poke|p2|Hatterene, F|
|poke|p2|Chien-Pao|
|poke|p2|Rotom-Wash|
|poke|p2|Magearna|
|teampreview
|
|t:|1685883756
|start
|switch|p1a: Roaring Moon|Roaring Moon|100/100
|switch|p2a: Hatterene|Hatterene, F|100/100
|turn|1
|
|t:|1685883766
|move|p1a: Roaring Moon|U-turn|p2a: Hatterene
|-damage|p2a: Hatterene|68/100
|-enditem|p2a: Hatterene|Eject Button
|
|t:|1685883776
|switch|p2a: Magearna|Magearna|100/100
|
|upkeep
|turn|2
|
|t:|1685883778
|move|p1a: Roaring Moon|U-turn|p2a: Magearna
|-resisted|p2a: Magearna
|-damage|p2a: Magearna|95/100
|
|t:|1685883790
|-end|p1a: Roaring Moon|Protosynthesis|[silent]
|switch|p1a: Great Tusk|Great Tusk|100/100|[from] U-turn
|move|p2a: Magearna|Trick Room|p2a: Magearna
|-fieldstart|move: Trick Room|[of] p2a: Magearna
|
|upkeep
|turn|3
|
|t:|1685883794
|-end|p1a: Great Tusk|Protosynthesis|[silent]
|switch|p1a: Corviknight|Corviknight, F|100/100
|-ability|p1a: Corviknight|Pressure
|move|p2a: Magearna|Fleur Cannon|p1a: Corviknight
|-resisted|p1a: Corviknight
|-damage|p1a: Corviknight|65/100
|-unboost|p2a: Magearna|spa|2
|
|upkeep
|turn|4
|
|t:|1685883805
|move|p2a: Magearna|Volt Switch|p1a: Corviknight
|-supereffective|p1a: Corviknight
|-damage|p1a: Corviknight|37/100
|
|t:|1685883809
|switch|p2a: Big mama|Ursaluna, F|100/100|[from] Volt Switch
|move|p1a: Corviknight|Roost|p1a: Corviknight
|-heal|p1a: Corviknight|87/100
|-singleturn|p1a: Corviknight|move: Roost
|
|-status|p2a: Big mama|brn|[from] item: Flame Orb
|upkeep
|turn|5
|
|t:|1685883828
|move|p2a: Big mama|Swords Dance|p2a: Big mama
|-boost|p2a: Big mama|atk|2
|move|p1a: Corviknight|Roost|p1a: Corviknight
|-heal|p1a: Corviknight|100/100
|-singleturn|p1a: Corviknight|move: Roost
|
|-damage|p2a: Big mama|94/100 brn|[from] brn
|upkeep
|turn|6
|
|t:|1685883833
|move|p2a: Big mama|Facade|p1a: Corviknight
|-resisted|p1a: Corviknight
|-damage|p1a: Corviknight|26/100
|move|p1a: Corviknight|Body Press|p2a: Big mama
|-supereffective|p2a: Big mama
|-damage|p2a: Big mama|56/100 brn
|
|-damage|p2a: Big mama|50/100 brn|[from] brn
|-fieldend|move: Trick Room
|upkeep
|turn|7
|inactive|Battle timer is ON: inactive players will automatically lose when time's up. (requested by Weagt3a4gq34)
|
|t:|1685883850
|switch|p2a: Rotom|Rotom-Wash|100/100
|move|p1a: Corviknight|U-turn|p2a: Rotom
|-crit|p2a: Rotom
|-damage|p2a: Rotom|83/100
|
|t:|1685883866
|switch|p1a: Walking Wake|Walking Wake|100/100|[from] U-turn
|
|-heal|p2a: Rotom|89/100|[from] item: Leftovers
|upkeep
|turn|8
|
|t:|1685883876
|move|p1a: Walking Wake|Flamethrower|p2a: Rotom
|-resisted|p2a: Rotom
|-damage|p2a: Rotom|64/100
|move|p2a: Rotom|Volt Switch|p1a: Walking Wake
|-damage|p1a: Walking Wake|70/100
|
|t:|1685883883
|switch|p2a: Hatterene|Hatterene, F|68/100|[from] Volt Switch
|
|upkeep
|turn|9
|
|t:|1685883898
|-end|p1a: Walking Wake|Protosynthesis|[silent]
|switch|p1a: Corviknight|Corviknight, F|26/100
|-ability|p1a: Corviknight|Pressure
|move|p2a: Hatterene|Nuzzle|p1a: Corviknight
|-supereffective|p1a: Corviknight
|-damage|p1a: Corviknight|20/100
|
|upkeep
|turn|10
|
|t:|1685883916
|switch|p2a: Rotom|Rotom-Wash|64/100
|move|p1a: Corviknight|Roost|p1a: Corviknight
|-heal|p1a: Corviknight|70/100
|-singleturn|p1a: Corviknight|move: Roost
|
|-heal|p2a: Rotom|70/100|[from] item: Leftovers
|upkeep
|turn|11
|
|t:|1685883930
|switch|p1a: Great Tusk|Great Tusk|100/100
|move|p2a: Rotom|Hydro Pump|p1a: Great Tusk
|-supereffective|p1a: Great Tusk
|-damage|p1a: Great Tusk|0 fnt
|faint|p1a: Great Tusk
|-end|p1a: Great Tusk|Protosynthesis|[silent]
|
|-heal|p2a: Rotom|76/100|[from] item: Leftovers
|upkeep
|
|t:|1685883936
|switch|p1a: Torkoal|Torkoal, F|100/100
|-weather|SunnyDay|[from] ability: Drought|[of] p1a: Torkoal
|turn|12
|
|t:|1685883948
|move|p2a: Rotom|Hydro Pump|p1a: Torkoal
|-supereffective|p1a: Torkoal
|-damage|p1a: Torkoal|53/100
|move|p1a: Torkoal|Stealth Rock|p2a: Rotom
|-sidestart|p2: Weagt3a4gq34|move: Stealth Rock
|
|-weather|SunnyDay|[upkeep]
|-heal|p2a: Rotom|82/100|[from] item: Leftovers
|upkeep
|turn|13
|
|t:|1685883956
|switch|p1a: Roaring Moon|Roaring Moon|100/100
|-activate|p1a: Roaring Moon|ability: Protosynthesis
|-start|p1a: Roaring Moon|protosynthesisatk
|move|p2a: Rotom|Hydro Pump|p1a: Roaring Moon
|-resisted|p1a: Roaring Moon
|-damage|p1a: Roaring Moon|91/100
|
|-weather|SunnyDay|[upkeep]
|-heal|p2a: Rotom|89/100|[from] item: Leftovers
|upkeep
|turn|14
|
|t:|1685883963
|move|p1a: Roaring Moon|Crunch|p2a: Rotom
|-damage|p2a: Rotom|44/100
|move|p2a: Rotom|Will-O-Wisp|p1a: Roaring Moon
|-status|p1a: Roaring Moon|brn
|
|-weather|SunnyDay|[upkeep]
|-heal|p2a: Rotom|50/100|[from] item: Leftovers
|-damage|p1a: Roaring Moon|85/100 brn|[from] brn
|upkeep
|turn|15
|
|t:|1685883970
|-end|p1a: Roaring Moon|Protosynthesis|[silent]
|switch|p1a: Hatterene|Hatterene, F|100/100
|move|p2a: Rotom|Volt Switch|p1a: Hatterene
|-crit|p1a: Hatterene
|-damage|p1a: Hatterene|59/100
|-enditem|p1a: Hatterene|Eject Button
|
|t:|1685883972
|switch|p1a: Walking Wake|Walking Wake|70/100
|-activate|p1a: Walking Wake|ability: Protosynthesis
|-start|p1a: Walking Wake|protosynthesisspe
|
|-weather|SunnyDay|[upkeep]
|-heal|p2a: Rotom|57/100|[from] item: Leftovers
|upkeep
|turn|16
|
|t:|1685883995
|switch|p2a: Hatterene|Hatterene, F|68/100
|-damage|p2a: Hatterene|56/100|[from] Stealth Rock
|-terastallize|p1a: Walking Wake|Water
|move|p1a: Walking Wake|Hydro Steam|p2a: Hatterene
|-damage|p2a: Hatterene|0 fnt
|faint|p2a: Hatterene
|
|-weather|SunnyDay|[upkeep]
|upkeep
|inactive|Weagt3a4gq34 has 120 seconds left.
|
|t:|1685884025
|switch|p2a: Rotom|Rotom-Wash|57/100
|-damage|p2a: Rotom|44/100|[from] Stealth Rock
|turn|17
|
|t:|1685884027
|move|p2a: Rotom|Protect|p2a: Rotom
|-singleturn|p2a: Rotom|Protect
|move|p1a: Walking Wake|Hydro Steam|p2a: Rotom
|-activate|p2a: Rotom|move: Protect
|
|-weather|SunnyDay|[upkeep]
|-heal|p2a: Rotom|50/100|[from] item: Leftovers
|upkeep
|turn|18
|
|t:|1685884033
|move|p1a: Walking Wake|Hydro Steam|p2a: Rotom
|-resisted|p2a: Rotom
|-damage|p2a: Rotom|0 fnt
|faint|p2a: Rotom
|
|-weather|SunnyDay|[upkeep]
|upkeep
|inactive|Weagt3a4gq34 has 120 seconds left.
|
|t:|1685884066
|switch|p2a: Michi|Meowscarada, M|100/100
|-damage|p2a: Michi|88/100|[from] Stealth Rock
|turn|19
|
|t:|1685884072
|move|p1a: Walking Wake|Hydro Steam|p2a: Michi
|-resisted|p2a: Michi
|-damage|p2a: Michi|0 fnt
|faint|p2a: Michi
|
|-weather|none
|-end|p1a: Walking Wake|Protosynthesis
|upkeep
|
|t:|1685884077
|switch|p2a: Magearna|Magearna|95/100
|-damage|p2a: Magearna|89/100|[from] Stealth Rock
|turn|20
|
|t:|1685884089
|-end|p1a: Walking Wake|Protosynthesis|[silent]
|switch|p1a: Corviknight|Corviknight, F|70/100
|-ability|p1a: Corviknight|Pressure
|move|p2a: Magearna|Trick Room|p2a: Magearna
|-fieldstart|move: Trick Room|[of] p2a: Magearna
|
|upkeep
|turn|21
|
|t:|1685884094
|move|p2a: Magearna|Volt Switch|p1a: Corviknight
|-supereffective|p1a: Corviknight
|-damage|p1a: Corviknight|14/100
|
|t:|1685884102
|switch|p2a: Big mama|Ursaluna, F|50/100 brn|[from] Volt Switch
|-damage|p2a: Big mama|44/100 brn|[from] Stealth Rock
|move|p1a: Corviknight|Roost|p1a: Corviknight
|-heal|p1a: Corviknight|64/100
|-singleturn|p1a: Corviknight|move: Roost
|
|-damage|p2a: Big mama|38/100 brn|[from] brn
|upkeep
|turn|22
|
|t:|1685884112
|move|p2a: Big mama|Headlong Rush|p1a: Corviknight
|-immune|p1a: Corviknight
|move|p1a: Corviknight|Roost|p1a: Corviknight
|-heal|p1a: Corviknight|100/100
|-singleturn|p1a: Corviknight|move: Roost
|
|-damage|p2a: Big mama|32/100 brn|[from] brn
|upkeep
|turn|23
|
|t:|1685884122
|switch|p2a: Magearna|Magearna|89/100
|-damage|p2a: Magearna|83/100|[from] Stealth Rock
|move|p1a: Corviknight|Body Press|p2a: Magearna
|-damage|p2a: Magearna|61/100
|
|upkeep
|turn|24
|
|t:|1685884128
|move|p2a: Magearna|Flash Cannon|p1a: Corviknight
|-resisted|p1a: Corviknight
|-damage|p1a: Corviknight|78/100
|move|p1a: Corviknight|Roost|p1a: Corviknight
|-heal|p1a: Corviknight|100/100
|-singleturn|p1a: Corviknight|move: Roost
|
|-fieldend|move: Trick Room
|upkeep
|turn|25
|
|t:|1685884139
|move|p1a: Corviknight|U-turn|p2a: Magearna
|-resisted|p2a: Magearna
|-damage|p2a: Magearna|58/100
|
|t:|1685884144
|switch|p1a: Torkoal|Torkoal, F|53/100|[from] U-turn
|-weather|SunnyDay|[from] ability: Drought|[of] p1a: Torkoal
|move|p2a: Magearna|Trick Room|p2a: Magearna
|-fieldstart|move: Trick Room|[of] p2a: Magearna
|
|-weather|SunnyDay|[upkeep]
|upkeep
|turn|26
|
|t:|1685884150
|move|p1a: Torkoal|Lava Plume|p2a: Magearna
|-supereffective|p2a: Magearna
|-damage|p2a: Magearna|4/100
|-status|p2a: Magearna|brn
|-enditem|p2a: Magearna|Sitrus Berry|[eat]
|-heal|p2a: Magearna|29/100 brn|[from] item: Sitrus Berry
|move|p2a: Magearna|Flash Cannon|p1a: Torkoal
|-resisted|p1a: Torkoal
|-damage|p1a: Torkoal|24/100
|
|-weather|SunnyDay|[upkeep]
|-damage|p2a: Magearna|22/100 brn|[from] brn
|upkeep
|turn|27
|
|t:|1685884159
|move|p1a: Torkoal|Lava Plume|p2a: Magearna
|-supereffective|p2a: Magearna
|-damage|p2a: Magearna|0 fnt
|faint|p2a: Magearna
|
|-weather|SunnyDay|[upkeep]
|upkeep
|
|t:|1685884162
|switch|p2a: Big mama|Ursaluna, F|32/100 brn
|-damage|p2a: Big mama|26/100 brn|[from] Stealth Rock
|turn|28
|
|t:|1685884165
|move|p1a: Torkoal|Lava Plume|p2a: Big mama
|-damage|p2a: Big mama|0 fnt
|faint|p2a: Big mama
|
|-weather|SunnyDay|[upkeep]
|upkeep
|
|t:|1685884167
|switch|p2a: Diego|Chien-Pao|100/100
|-damage|p2a: Diego|76/100|[from] Stealth Rock
|-ability|p2a: Diego|Sword of Ruin
|turn|29
|
|t:|1685884170
|move|p1a: Torkoal|Lava Plume|p2a: Diego
|-supereffective|p2a: Diego
|-damage|p2a: Diego|0 fnt
|faint|p2a: Diego
|
|win|fzplay_pokemon
|raw|fzplay_pokemon's rating: 1483 → 1498(+15 for winning)
|raw|Weagt3a4gq34's rating: 1389 → 1374(-15 for losing)
|l|☆Weagt3a4gq34
