|j|☆Gunko_Spunk
|j|☆Zenith519
|t:|1685922638
|gametype|singles
|player|p1|Gunko_Spunk|cynthia|1067
|player|p2|Zenith519|265|1161
|teamsize|p1|6
|teamsize|p2|6
|gen|9
|tier|[Gen 9] OU
|rated|
|rule|Sleep Clause Mod: Limit one foe put to sleep
|rule|Species Clause: Limit one of each Pokémon
|rule|OHKO Clause: OHKO moves are banned
|rule|Evasion Items Clause: Evasion items are banned
|rule|Evasion Moves Clause: Evasion moves are banned
|rule|Endless Battle Clause: Forcing endless battles is banned
|rule|HP Percentage Mod: HP is shown in percentages
|clearpoke
|poke|p1|Hatterene, F|
|poke|p1|Tatsugiri, M|
|poke|p1|Skeledirge, M|
|poke|p1|Goodra-Hisui, F|
|poke|p1|Great Tusk|
|poke|p1|Dragonite, M|
|poke|p2|Magearna|
|poke|p2|Lilligant-Hisui, F|
|poke|p2|Great Tusk|
|poke|p2|Goodra-Hisui, F|
|poke|p2|Rotom-Wash|
|poke|p2|Zapdos-Galar|
|teampreview
|inactive|Battle timer is ON: inactive players will automatically lose when time's up. (requested by Gunko_Spunk)
|
|t:|1685922659
|start
|switch|p1a: Goodra|Goodra-Hisui, F|100/100
|switch|p2a: Zapdos|Zapdos-Galar|100/100
|turn|1
|
|t:|1685922668
|switch|p1a: Skeledirge|Skeledirge, M, shiny|100/100
|move|p2a: Zapdos|Thunderous Kick|p1a: Skeledirge
|-immune|p1a: Skeledirge
|
|upkeep
|turn|2
|
|t:|1685922675
|move|p2a: Zapdos|U-turn|p1a: Skeledirge
|-resisted|p1a: Skeledirge
|-damage|p1a: Skeledirge|94/100
|-damage|p2a: Zapdos|91/100|[from] item: Life Orb
|
|t:|1685922681
|switch|p2a: Rotom|Rotom-Wash|100/100|[from] U-turn
|move|p1a: Skeledirge|Will-O-Wisp|p2a: Rotom|[miss]
|-miss|p1a: Skeledirge|p2a: Rotom
|
|-heal|p1a: Skeledirge|99/100|[from] item: Leftovers
|upkeep
|turn|3
|
|t:|1685922697
|move|p2a: Rotom|Volt Switch|p1a: Skeledirge
|-damage|p1a: Skeledirge|83/100
|
|t:|1685922707
|switch|p2a: Great Tusk|Great Tusk|100/100|[from] Volt Switch
|move|p1a: Skeledirge|Torch Song|p2a: Great Tusk
|-damage|p2a: Great Tusk|57/100
|-boost|p1a: Skeledirge|spa|1
|
|-heal|p2a: Great Tusk|63/100|[from] item: Leftovers
|-heal|p1a: Skeledirge|89/100|[from] item: Leftovers
|upkeep
|turn|4
|c|☆Gunko_Spunk|shut up
|c|☆Gunko_Spunk|loser
|
|t:|1685922715
|switch|p1a: Dragonite|Dragonite, M|100/100
|move|p2a: Great Tusk|Earthquake|p1a: Dragonite
|-immune|p1a: Dragonite
|
|-heal|p2a: Great Tusk|69/100|[from] item: Leftovers
|upkeep
|turn|5
|c|☆Gunko_Spunk|idiot
|
|t:|1685922725
|move|p2a: Great Tusk|Knock Off|p1a: Dragonite
|-damage|p1a: Dragonite|83/100
|-enditem|p1a: Dragonite|Heavy-Duty Boots|[from] move: Knock Off|[of] p2a: Great Tusk
|move|p1a: Dragonite|Dragon Dance|p1a: Dragonite
|-boost|p1a: Dragonite|atk|1
|-boost|p1a: Dragonite|spe|1
|
|-heal|p2a: Great Tusk|75/100|[from] item: Leftovers
|upkeep
|turn|6
|c|☆Gunko_Spunk|im beating you while typing
|
|t:|1685922736
|-end|p2a: Great Tusk|Protosynthesis|[silent]
|switch|p2a: Magearna|Magearna|100/100
|move|p1a: Dragonite|Dragon Dance|p1a: Dragonite
|-boost|p1a: Dragonite|atk|1
|-boost|p1a: Dragonite|spe|1
|
|upkeep
|turn|7
|c|☆Gunko_Spunk|goofy
|c|☆Zenith519|bruh who tf are you talking to
|
|t:|1685922760
|move|p1a: Dragonite|Earthquake|p2a: Magearna
|-supereffective|p2a: Magearna
|-damage|p2a: Magearna|0 fnt
|faint|p2a: Magearna
|
|upkeep
|c|☆Gunko_Spunk|uhm
|c|☆Gunko_Spunk|you tf???
|c|☆Gunko_Spunk|there are two ppl sharing an acc
|c|☆Gunko_Spunk|shut up
|inactive|Zenith519 has 120 seconds left.
|c|☆Gunko_Spunk|im the one playing and the other is typing
|c|☆Gunko_Spunk|nigglb'sg]
|c|☆Gunko_Spunk|r'g'ear/
|c|☆Gunko_Spunk|'h.'
|c|☆Gunko_Spunk|eab'
|
|t:|1685922786
|switch|p2a: Rotom|Rotom-Wash|100/100
|turn|8
|
|t:|1685922792
|switch|p1a: Skeledirge|Skeledirge, M, shiny|89/100
|move|p2a: Rotom|Thunder Wave|p1a: Skeledirge
|-status|p1a: Skeledirge|par
|
|-heal|p1a: Skeledirge|95/100 par|[from] item: Leftovers
|upkeep
|turn|9
|inactive|Zenith519 has 120 seconds left.
|
|t:|1685922811
|switch|p2a: Great Tusk|Great Tusk|75/100
|move|p1a: Skeledirge|Will-O-Wisp|p2a: Great Tusk
|-status|p2a: Great Tusk|brn
|
|-heal|p2a: Great Tusk|81/100 brn|[from] item: Leftovers
|-heal|p1a: Skeledirge|100/100 par|[from] item: Leftovers
|-damage|p2a: Great Tusk|75/100 brn|[from] brn
|upkeep
|turn|10
|inactive|Zenith519 has 120 seconds left.
|c|☆Gunko_Spunk|ass
|c|☆Gunko_Spunk|read like shit
|
|t:|1685922825
|-end|p2a: Great Tusk|Protosynthesis|[silent]
|switch|p2a: Goodra|Goodra-Hisui, F|100/100
|switch|p1a: Dragonite|Dragonite, M|83/100
|
|upkeep
|turn|11
|c|☆Gunko_Spunk|take a break
|
|t:|1685922833
|move|p1a: Dragonite|Roost|p1a: Dragonite
|-heal|p1a: Dragonite|100/100
|-singleturn|p1a: Dragonite|move: Roost
|move|p2a: Goodra|Acid Armor|p2a: Goodra
|-boost|p2a: Goodra|def|2
|
|upkeep
|turn|12
|
|t:|1685922846
|move|p1a: Dragonite|Dragon Dance|p1a: Dragonite
|-boost|p1a: Dragonite|atk|1
|-boost|p1a: Dragonite|spe|1
|move|p2a: Goodra|Substitute|p2a: Goodra
|-start|p2a: Goodra|Substitute
|-damage|p2a: Goodra|76/100
|
|-heal|p2a: Goodra|82/100|[from] item: Leftovers
|upkeep
|turn|13
|
|t:|1685922849
|move|p1a: Dragonite|Extreme Speed|p2a: Goodra
|-resisted|p2a: Goodra
|-activate|p2a: Goodra|move: Substitute|[damage]
|move|p2a: Goodra|Acid Armor|p2a: Goodra
|-boost|p2a: Goodra|def|2
|
|-heal|p2a: Goodra|88/100|[from] item: Leftovers
|upkeep
|turn|14
|
|t:|1685922853
|move|p1a: Dragonite|Earthquake|p2a: Goodra
|-supereffective|p2a: Goodra
|-end|p2a: Goodra|Substitute
|move|p2a: Goodra|Acid Armor|p2a: Goodra
|-boost|p2a: Goodra|def|2
|
|-heal|p2a: Goodra|94/100|[from] item: Leftovers
|upkeep
|turn|15
|
|t:|1685922858
|move|p1a: Dragonite|Dragon Dance|p1a: Dragonite
|-boost|p1a: Dragonite|atk|1
|-boost|p1a: Dragonite|spe|1
|move|p2a: Goodra|Substitute|p2a: Goodra
|-start|p2a: Goodra|Substitute
|-damage|p2a: Goodra|69/100
|
|-heal|p2a: Goodra|75/100|[from] item: Leftovers
|upkeep
|turn|16
|
|t:|1685922863
|move|p1a: Dragonite|Earthquake|p2a: Goodra
|-supereffective|p2a: Goodra
|-end|p2a: Goodra|Substitute
|move|p2a: Goodra|Body Press|p1a: Dragonite
|-resisted|p1a: Dragonite
|-damage|p1a: Dragonite|80/100
|
|-heal|p2a: Goodra|81/100|[from] item: Leftovers
|upkeep
|turn|17
|
|t:|1685922879
|move|p1a: Dragonite|Dragon Dance|p1a: Dragonite
|-boost|p1a: Dragonite|atk|1
|-boost|p1a: Dragonite|spe|1
|move|p2a: Goodra|Body Press|p1a: Dragonite
|-resisted|p1a: Dragonite
|-damage|p1a: Dragonite|36/100
|
|-heal|p2a: Goodra|87/100|[from] item: Leftovers
|upkeep
|turn|18
|
|t:|1685922886
|move|p1a: Dragonite|Roost|p1a: Dragonite
|-heal|p1a: Dragonite|86/100
|-singleturn|p1a: Dragonite|move: Roost
|move|p2a: Goodra|Body Press|p1a: Dragonite
|-damage|p1a: Dragonite|0 fnt
|faint|p1a: Dragonite
|
|-heal|p2a: Goodra|93/100|[from] item: Leftovers
|upkeep
|
|t:|1685922904
|switch|p1a: Skeledirge|Skeledirge, M, shiny|100/100 par
|turn|19
|c|☆Zenith519|damn thats crazy
|c|☆Gunko_Spunk|im slow i have derge
|
|t:|1685922915
|move|p2a: Goodra|Substitute|p2a: Goodra
|-start|p2a: Goodra|Substitute
|-damage|p2a: Goodra|69/100
|move|p1a: Skeledirge|Will-O-Wisp||[still]
|-fail|p1a: Skeledirge
|
|-heal|p2a: Goodra|75/100|[from] item: Leftovers
|upkeep
|turn|20
|
|t:|1685922922
|move|p2a: Goodra|Heavy Slam|p1a: Skeledirge
|-resisted|p1a: Skeledirge
|-damage|p1a: Skeledirge|94/100 par
|cant|p1a: Skeledirge|par
|
|-heal|p2a: Goodra|81/100|[from] item: Leftovers
|-heal|p1a: Skeledirge|99/100 par|[from] item: Leftovers
|upkeep
|turn|21
|
|t:|1685922931
|switch|p2a: Rotom|Rotom-Wash|100/100
|move|p1a: Skeledirge|Torch Song|p2a: Rotom
|-resisted|p2a: Rotom
|-damage|p2a: Rotom|85/100
|-boost|p1a: Skeledirge|spa|1
|
|-heal|p1a: Skeledirge|100/100 par|[from] item: Leftovers
|upkeep
|turn|22
|
|t:|1685922945
|switch|p1a: Tatsugiri|Tatsugiri, M|100/100
|move|p2a: Rotom|Hydro Pump|p1a: Tatsugiri
|-ability|p1a: Tatsugiri|Storm Drain|boost
|-boost|p1a: Tatsugiri|spa|1
|
|upkeep
|turn|23
|c|☆Gunko_Spunk|"damn thats crazy" nerd ass
|c|☆Gunko_Spunk|stop
|
|t:|1685922960
|switch|p2a: Great Tusk|Great Tusk|75/100 brn
|move|p1a: Tatsugiri|Draco Meteor|p2a: Great Tusk
|-damage|p2a: Great Tusk|0 fnt
|-unboost|p1a: Tatsugiri|spa|2
|faint|p2a: Great Tusk
|-end|p2a: Great Tusk|Protosynthesis|[silent]
|
|upkeep
|
|t:|1685922963
|switch|p2a: Lilligant|Lilligant-Hisui, F|100/100
|turn|24
|
|t:|1685922968
|switch|p1a: Skeledirge|Skeledirge, M, shiny|100/100 par
|move|p2a: Lilligant|Victory Dance|p2a: Lilligant
|-boost|p2a: Lilligant|atk|1
|-boost|p2a: Lilligant|def|1
|-boost|p2a: Lilligant|spe|1
|
|upkeep
|turn|25
|
|t:|1685922973
|-terastallize|p2a: Lilligant|Ghost
|move|p2a: Lilligant|Tera Blast|p1a: Skeledirge
|-supereffective|p1a: Skeledirge
|-damage|p1a: Skeledirge|32/100 par
|cant|p1a: Skeledirge|par
|
|-heal|p1a: Skeledirge|38/100 par|[from] item: Leftovers
|upkeep
|turn|26
|
|t:|1685922982
|move|p2a: Lilligant|Tera Blast|p1a: Skeledirge
|-supereffective|p1a: Skeledirge
|-damage|p1a: Skeledirge|0 fnt
|faint|p1a: Skeledirge
|
|upkeep
|
|t:|1685922989
|switch|p1a: Great Tusk|Great Tusk|100/100
|turn|27
|
|t:|1685922996
|-terastallize|p1a: Great Tusk|Ground
|move|p2a: Lilligant|Victory Dance|p2a: Lilligant
|-boost|p2a: Lilligant|atk|1
|-boost|p2a: Lilligant|def|1
|-boost|p2a: Lilligant|spe|1
|move|p1a: Great Tusk|Knock Off|p2a: Lilligant
|-supereffective|p2a: Lilligant
|-damage|p2a: Lilligant|45/100
|-enditem|p2a: Lilligant|Focus Sash|[from] move: Knock Off|[of] p1a: Great Tusk
|
|upkeep
|turn|28
|
|t:|1685923004
|move|p2a: Lilligant|Petal Blizzard|p1a: Great Tusk
|-supereffective|p1a: Great Tusk
|-damage|p1a: Great Tusk|0 fnt
|faint|p1a: Great Tusk
|-end|p1a: Great Tusk|Protosynthesis|[silent]
|
|upkeep
|
|t:|1685923009
|switch|p1a: Goodra|Goodra-Hisui, F|100/100
|turn|29
|
|t:|1685923013
|move|p2a: Lilligant|Axe Kick|p1a: Goodra
|-supereffective|p1a: Goodra
|-damage|p1a: Goodra|0 fnt
|faint|p1a: Goodra
|
|upkeep
|
|t:|1685923016
|switch|p1a: Hatterene|Hatterene, F|100/100
|turn|30
|c|☆Zenith519|gg
|
|t:|1685923021
|move|p2a: Lilligant|Tera Blast|p1a: Hatterene
|-supereffective|p1a: Hatterene
|-damage|p1a: Hatterene|0 fnt
|faint|p1a: Hatterene
|
|upkeep
|c|☆Gunko_Spunk|gg
|
|t:|1685923025
|switch|p1a: Tatsugiri|Tatsugiri, M|100/100
|turn|31
|-message|Gunko_Spunk forfeited.
|
|win|Zenith519
|raw|Gunko_Spunk's rating: 1067 → 1052(-15 for losing)
|raw|Zenith519's rating: 1161 → 1179(+18 for winning)
|l|☆Zenith519
|l|☆Gunko_Spunk
|j|@Archas
|c|@Archas|/log Gunko_Spunk was locked from talking by Archas. (Battle toxicity)
