|j|☆Harry'sHomeless
|j|☆The Hisui Expert
|t:|1685856270
|gametype|singles
|player|p1|Harry'sHomeless|boarder|1298
|player|p2|The Hisui Expert|169|1286
|teamsize|p1|6
|teamsize|p2|6
|gen|9
|tier|[Gen 9] OU
|rated|
|rule|Sleep Clause Mod: Limit one foe put to sleep
|rule|Species Clause: Limit one of each Pokémon
|rule|OHKO Clause: OHKO moves are banned
|rule|Evasion Items Clause: Evasion items are banned
|rule|Evasion Moves Clause: Evasion moves are banned
|rule|Endless Battle Clause: Forcing endless battles is banned
|rule|HP Percentage Mod: HP is shown in percentages
|clearpoke
|poke|p1|Urshifu-*, F|
|poke|p1|Chien-Pao|
|poke|p1|Magearna|
|poke|p1|Corviknight, F|
|poke|p1|Grimmsnarl, M|
|poke|p1|Garchomp, F|
|poke|p2|Samurott-Hisui, F|
|poke|p2|Clodsire, F|
|poke|p2|Typhlosion-Hisui, M|
|poke|p2|Iron Valiant|
|poke|p2|Talonflame, F|
|poke|p2|Gholdengo|
|teampreview
|inactive|Battle timer is ON: inactive players will automatically lose when time's up. (requested by The Hisui Expert)
|c|☆The Hisui Expert|I will kick ur ass
|inactive|Harry'sHomeless has 120 seconds left.
|c|☆The Hisui Expert|prepare to get your butt kicked
|
|t:|1685856303
|start
|switch|p1a: Garchomp|Garchomp, F|100/100
|switch|p2a: Gholdengo|Gholdengo|100/100
|-item|p2a: Gholdengo|Air Balloon
|turn|1
|c|☆The Hisui Expert|bh me
|c|☆The Hisui Expert|by me
|c|☆Harry'sHomeless|ok
|
|t:|1685856313
|move|p1a: Garchomp|Draco Meteor|p2a: Gholdengo
|-resisted|p2a: Gholdengo
|-damage|p2a: Gholdengo|80/100
|-unboost|p1a: Garchomp|spa|2
|-enditem|p2a: Gholdengo|Air Balloon
|-damage|p1a: Garchomp|91/100|[from] item: Life Orb
|move|p2a: Gholdengo|Nasty Plot|p2a: Gholdengo
|-boost|p2a: Gholdengo|spa|2
|
|upkeep
|turn|2
|
|t:|1685856324
|-terastallize|p2a: Gholdengo|Flying
|move|p1a: Garchomp|Earthquake|p2a: Gholdengo
|-immune|p2a: Gholdengo
|move|p2a: Gholdengo|Make It Rain|p1a: Garchomp
|-damage|p1a: Garchomp|0 fnt
|-unboost|p2a: Gholdengo|spa|1
|faint|p1a: Garchomp
|
|upkeep
|c|☆The Hisui Expert|Rekt
|
|t:|1685856334
|switch|p1a: Grimmsnarl|Grimmsnarl, M|100/100
|turn|3
|
|t:|1685856336
|move|p1a: Grimmsnarl|Light Screen|p1a: Grimmsnarl
|-sidestart|p1: Harry'sHomeless|move: Light Screen
|move|p2a: Gholdengo|Make It Rain|p1a: Grimmsnarl
|-supereffective|p1a: Grimmsnarl
|-damage|p1a: Grimmsnarl|8/100
|-unboost|p2a: Gholdengo|spa|1
|
|upkeep
|turn|4
|
|t:|1685856340
|move|p1a: Grimmsnarl|Reflect|p1a: Grimmsnarl
|-sidestart|p1: Harry'sHomeless|Reflect
|move|p2a: Gholdengo|Nasty Plot|p2a: Gholdengo
|-boost|p2a: Gholdengo|spa|2
|
|upkeep
|turn|5
|
|t:|1685856344
|move|p1a: Grimmsnarl|Taunt|p2a: Gholdengo
|-immune|p2a: Gholdengo|[from] ability: Good as Gold
|move|p2a: Gholdengo|Shadow Ball|p1a: Grimmsnarl
|-resisted|p1a: Grimmsnarl
|-damage|p1a: Grimmsnarl|0 fnt
|faint|p1a: Grimmsnarl
|
|upkeep
|
|t:|1685856347
|switch|p1a: Magearna|Magearna|100/100
|turn|6
|c|☆The Hisui Expert|U rekt like a piece of fish cake
|
|t:|1685856356
|move|p2a: Gholdengo|Shadow Ball|p1a: Magearna
|-damage|p1a: Magearna|71/100
|move|p1a: Magearna|Calm Mind|p1a: Magearna
|-boost|p1a: Magearna|spa|1
|-boost|p1a: Magearna|spd|1
|
|-heal|p1a: Magearna|77/100|[from] item: Leftovers
|upkeep
|turn|7
|
|t:|1685856360
|move|p2a: Gholdengo|Shadow Ball|p1a: Magearna
|-damage|p1a: Magearna|58/100
|move|p1a: Magearna|Calm Mind|p1a: Magearna
|-boost|p1a: Magearna|spa|1
|-boost|p1a: Magearna|spd|1
|
|-heal|p1a: Magearna|64/100|[from] item: Leftovers
|upkeep
|turn|8
|
|t:|1685856365
|move|p2a: Gholdengo|Shadow Ball|p1a: Magearna
|-damage|p1a: Magearna|49/100
|move|p1a: Magearna|Shift Gear|p1a: Magearna
|-boost|p1a: Magearna|spe|2
|-boost|p1a: Magearna|atk|1
|
|-heal|p1a: Magearna|55/100|[from] item: Leftovers
|upkeep
|turn|9
|
|t:|1685856370
|move|p1a: Magearna|Shift Gear|p1a: Magearna
|-boost|p1a: Magearna|spe|2
|-boost|p1a: Magearna|atk|1
|move|p2a: Gholdengo|Make It Rain|p1a: Magearna
|-damage|p1a: Magearna|34/100
|-unboost|p2a: Gholdengo|spa|1
|
|-heal|p1a: Magearna|40/100|[from] item: Leftovers
|upkeep
|turn|10
|
|t:|1685856375
|move|p1a: Magearna|Calm Mind|p1a: Magearna
|-boost|p1a: Magearna|spa|1
|-boost|p1a: Magearna|spd|1
|move|p2a: Gholdengo|Shadow Ball|p1a: Magearna
|-damage|p1a: Magearna|32/100
|
|-heal|p1a: Magearna|38/100|[from] item: Leftovers
|-sideend|p1: Harry'sHomeless|move: Light Screen
|upkeep
|turn|11
|
|t:|1685856380
|move|p1a: Magearna|Draining Kiss|p2a: Gholdengo
|-damage|p2a: Gholdengo|36/100
|-heal|p1a: Magearna|71/100|[from] drain|[of] p2a: Gholdengo
|move|p2a: Gholdengo|Make It Rain|p1a: Magearna
|-damage|p1a: Magearna|44/100
|-unboost|p2a: Gholdengo|spa|1
|
|-heal|p1a: Magearna|50/100|[from] item: Leftovers
|-sideend|p1: Harry'sHomeless|Reflect
|upkeep
|turn|12
|
|t:|1685856387
|move|p1a: Magearna|Draining Kiss|p2a: Gholdengo
|-damage|p2a: Gholdengo|0 fnt
|-heal|p1a: Magearna|77/100|[from] drain|[of] p2a: Gholdengo
|faint|p2a: Gholdengo
|-ability|p1a: Magearna|Soul-Heart|boost
|-boost|p1a: Magearna|spa|1
|
|-heal|p1a: Magearna|83/100|[from] item: Leftovers
|upkeep
|c|☆The Hisui Expert|Ok i take back what i said
|c|☆The Hisui Expert|pls let me win
|c|☆The Hisui Expert|i have wife n kids
|c|☆Harry'sHomeless|no
|
|t:|1685856406
|switch|p2a: Iron Valiant|Iron Valiant|100/100
|-enditem|p2a: Iron Valiant|Booster Energy
|-activate|p2a: Iron Valiant|ability: Quark Drive|[fromitem]
|-start|p2a: Iron Valiant|quarkdrivespe
|turn|13
|c|☆Harry'sHomeless|why is magearna not banned
|c|☆The Hisui Expert|Yes
|
|t:|1685856424
|-terastallize|p1a: Magearna|Flying
|move|p2a: Iron Valiant|Encore|p1a: Magearna
|-start|p1a: Magearna|Encore
|move|p1a: Magearna|Draining Kiss|p2a: Iron Valiant
|-supereffective|p2a: Iron Valiant
|-damage|p2a: Iron Valiant|0 fnt
|-heal|p1a: Magearna|100/100|[from] drain|[of] p2a: Iron Valiant
|faint|p2a: Iron Valiant
|-ability|p1a: Magearna|Soul-Heart|boost
|-boost|p1a: Magearna|spa|1
|-end|p2a: Iron Valiant|Quark Drive|[silent]
|
|upkeep
|c|☆The Hisui Expert|u noob for using broken mon
|
|t:|1685856433
|switch|p2a: Clodsire|Clodsire, F|100/100
|turn|14
|
|t:|1685856436
|move|p1a: Magearna|Draining Kiss|p2a: Clodsire
|-resisted|p2a: Clodsire
|-crit|p2a: Clodsire
|-damage|p2a: Clodsire|69/100
|move|p2a: Clodsire|Toxic|p1a: Magearna
|-status|p1a: Magearna|tox
|
|-heal|p2a: Clodsire|75/100|[from] item: Leftovers
|-damage|p1a: Magearna|94/100 tox|[from] psn
|upkeep
|turn|15
|
|t:|1685856445
|move|p1a: Magearna|Draining Kiss|p2a: Clodsire
|-resisted|p2a: Clodsire
|-damage|p2a: Clodsire|55/100
|-heal|p1a: Magearna|100/100 tox|[from] drain|[of] p2a: Clodsire
|move|p2a: Clodsire|Recover|p2a: Clodsire
|-heal|p2a: Clodsire|100/100
|
|-damage|p1a: Magearna|88/100 tox|[from] psn
|-end|p1a: Magearna|Encore
|upkeep
|turn|16
|
|t:|1685856455
|switch|p2a: Samurott|Samurott-Hisui, F|100/100
|move|p1a: Magearna|Stored Power|p2a: Samurott
|-immune|p2a: Samurott
|
|-heal|p1a: Magearna|94/100 tox|[from] item: Leftovers
|-damage|p1a: Magearna|76/100 tox|[from] psn
|upkeep
|turn|17
|
|t:|1685856460
|switch|p2a: Clodsire|Clodsire, F|100/100
|move|p1a: Magearna|Draining Kiss|p2a: Clodsire
|-resisted|p2a: Clodsire
|-damage|p2a: Clodsire|80/100
|-heal|p1a: Magearna|95/100 tox|[from] drain|[of] p2a: Clodsire
|
|-heal|p1a: Magearna|100/100 tox|[from] item: Leftovers
|-heal|p2a: Clodsire|86/100|[from] item: Leftovers
|-damage|p1a: Magearna|76/100 tox|[from] psn
|upkeep
|turn|18
|
|t:|1685856467
|move|p1a: Magearna|Draining Kiss|p2a: Clodsire
|-resisted|p2a: Clodsire
|-damage|p2a: Clodsire|67/100
|-heal|p1a: Magearna|94/100 tox|[from] drain|[of] p2a: Clodsire
|move|p2a: Clodsire|Recover|p2a: Clodsire
|-heal|p2a: Clodsire|100/100
|
|-heal|p1a: Magearna|99/100 tox|[from] item: Leftovers
|-damage|p1a: Magearna|70/100 tox|[from] psn
|upkeep
|turn|19
|
|t:|1685856472
|switch|p2a: Samurott|Samurott-Hisui, F|100/100
|move|p1a: Magearna|Stored Power|p2a: Samurott
|-immune|p2a: Samurott
|
|-heal|p1a: Magearna|76/100 tox|[from] item: Leftovers
|-damage|p1a: Magearna|40/100 tox|[from] psn
|upkeep
|turn|20
|
|t:|1685856478
|switch|p2a: Clodsire|Clodsire, F|100/100
|move|p1a: Magearna|Draining Kiss|p2a: Clodsire
|-resisted|p2a: Clodsire
|-damage|p2a: Clodsire|80/100
|-heal|p1a: Magearna|59/100 tox|[from] drain|[of] p2a: Clodsire
|
|-heal|p1a: Magearna|65/100 tox|[from] item: Leftovers
|-heal|p2a: Clodsire|86/100|[from] item: Leftovers
|-damage|p1a: Magearna|23/100 tox|[from] psn
|upkeep
|turn|21
|c|☆Harry'sHomeless|im getting cooked
|
|t:|1685856484
|move|p1a: Magearna|Stored Power|p2a: Clodsire
|-supereffective|p2a: Clodsire
|-damage|p2a: Clodsire|0 fnt
|faint|p2a: Clodsire
|-ability|p1a: Magearna|Soul-Heart|boost
|-boost|p1a: Magearna|spa|1
|
|-heal|p1a: Magearna|29/100 tox|[from] item: Leftovers
|-damage|p1a: Magearna|0 fnt|[from] psn
|faint|p1a: Magearna
|upkeep
|c|☆The Hisui Expert|COOKED
|
|t:|1685856495
|switch|p1a: Urshifu|Urshifu-Rapid-Strike, F|100/100
|switch|p2a: Talonflame|Talonflame, F|100/100
|turn|22
|
|t:|1685856499
|switch|p1a: Corviknight|Corviknight, F|100/100
|-ability|p1a: Corviknight|Pressure
|move|p2a: Talonflame|Hurricane|p1a: Corviknight
|-resisted|p1a: Corviknight
|-damage|p1a: Corviknight|86/100
|-start|p1a: Corviknight|confusion
|
|-heal|p1a: Corviknight|92/100|[from] item: Leftovers
|upkeep
|turn|23
|
|t:|1685856507
|switch|p2a: Typhlosion|Typhlosion-Hisui, M|100/100
|-item|p1a: Corviknight|Leftovers|[from] ability: Frisk|[of] p2a: Typhlosion|[identify]
|-activate|p1a: Corviknight|confusion
|move|p1a: Corviknight|U-turn|p2a: Typhlosion
|-resisted|p2a: Typhlosion
|-damage|p2a: Typhlosion|95/100
|
|t:|1685856519
|switch|p1a: Urshifu|Urshifu-Rapid-Strike, F|100/100|[from] U-turn
|
|upkeep
|turn|24
|
|t:|1685856524
|switch|p2a: Talonflame|Talonflame, F|100/100
|move|p1a: Urshifu|Surging Strikes|p2a: Talonflame
|-supereffective|p2a: Talonflame
|-crit|p2a: Talonflame
|-damage|p2a: Talonflame|59/100
|-supereffective|p2a: Talonflame
|-crit|p2a: Talonflame
|-damage|p2a: Talonflame|19/100
|-supereffective|p2a: Talonflame
|-crit|p2a: Talonflame
|-damage|p2a: Talonflame|0 fnt
|faint|p2a: Talonflame
|-hitcount|p2: Talonflame|3
|
|upkeep
|
|t:|1685856530
|switch|p2a: Samurott|Samurott-Hisui, F|100/100
|turn|25
|
|t:|1685856533
|move|p1a: Urshifu|Drain Punch|p2a: Samurott
|-supereffective|p2a: Samurott
|-damage|p2a: Samurott|0 fnt
|faint|p2a: Samurott
|
|upkeep
|-message|The Hisui Expert forfeited.
|
|win|Harry'sHomeless
|raw|Harry'sHomeless's rating: 1298 → 1322(+24 for winning)
|raw|The Hisui Expert's rating: 1286 → 1262(-24 for losing)
