|j|☆Irismeilani
|j|☆KeeperTGA
|t:|1685853700
|gametype|singles
|player|p1|Irismeilani|265|1054
|player|p2|KeeperTGA|1|1057
|teamsize|p1|6
|teamsize|p2|6
|gen|9
|tier|[Gen 9] OU
|rated|
|rule|Sleep Clause Mod: Limit one foe put to sleep
|rule|Species Clause: Limit one of each Pokémon
|rule|OHKO Clause: OHKO moves are banned
|rule|Evasion Items Clause: Evasion items are banned
|rule|Evasion Moves Clause: Evasion moves are banned
|rule|Endless Battle Clause: Forcing endless battles is banned
|rule|HP Percentage Mod: HP is shown in percentages
|clearpoke
|poke|p1|Amoonguss, M|
|poke|p1|Gyarados, F|
|poke|p1|Dondozo, M|
|poke|p1|Magearna|
|poke|p1|Breloom, M|
|poke|p1|Garchomp, F|
|poke|p2|Pelipper, M|
|poke|p2|Zapdos|
|poke|p2|Scizor, M|
|poke|p2|Dondozo, F|
|poke|p2|Wo-Chien|
|poke|p2|Basculegion, M|
|teampreview
|inactive|Battle timer is ON: inactive players will automatically lose when time's up. (requested by KeeperTGA)
|inactive|Irismeilani has 120 seconds left.
|
|t:|1685853753
|start
|switch|p1a: Garchomp|Garchomp, F|100/100
|switch|p2a: Pelipper|Pelipper, M|100/100
|-weather|RainDance|[from] ability: Drizzle|[of] p2a: Pelipper
|turn|1
|
|t:|1685853769
|switch|p2a: Scizor|Scizor, M|100/100
|move|p1a: Garchomp|Stealth Rock|p2a: Scizor
|-sidestart|p2: KeeperTGA|move: Stealth Rock
|
|-weather|RainDance|[upkeep]
|upkeep
|turn|2
|
|t:|1685853773
|move|p2a: Scizor|Defog|p1a: Garchomp
|-unboost|p1a: Garchomp|evasion|1
|-sideend|p2: KeeperTGA|Stealth Rock|[from] move: Defog|[of] p2a: Scizor
|move|p1a: Garchomp|Dragon Tail|p2a: Scizor
|-resisted|p2a: Scizor
|-damage|p2a: Scizor|86/100
|drag|p2a: Zapdos|Zapdos|100/100
|
|-weather|RainDance|[upkeep]
|upkeep
|turn|3
|
|t:|1685853780
|-terastallize|p2a: Zapdos|Ice
|move|p1a: Garchomp|Stealth Rock|p2a: Zapdos
|-sidestart|p2: KeeperTGA|move: Stealth Rock
|move|p2a: Zapdos|Tera Blast|p1a: Garchomp
|-supereffective|p1a: Garchomp
|-damage|p1a: Garchomp|0 fnt
|faint|p1a: Garchomp
|
|-weather|RainDance|[upkeep]
|upkeep
|
|t:|1685853791
|switch|p1a: Magearna|Magearna|100/100
|turn|4
|
|t:|1685853796
|switch|p2a: Wo-Chien|Wo-Chien|100/100
|-damage|p2a: Wo-Chien|88/100|[from] Stealth Rock
|-ability|p2a: Wo-Chien|Tablets of Ruin
|move|p1a: Magearna|Calm Mind|p1a: Magearna
|-boost|p1a: Magearna|spa|1
|-boost|p1a: Magearna|spd|1
|
|-weather|RainDance|[upkeep]
|-heal|p2a: Wo-Chien|94/100|[from] item: Leftovers
|upkeep
|turn|5
|
|t:|1685853802
|move|p2a: Wo-Chien|Leech Seed|p1a: Magearna
|-start|p1a: Magearna|move: Leech Seed
|move|p1a: Magearna|Ice Beam|p2a: Wo-Chien
|-supereffective|p2a: Wo-Chien
|-damage|p2a: Wo-Chien|41/100
|
|-weather|none
|-heal|p2a: Wo-Chien|48/100|[from] item: Leftovers
|-damage|p1a: Magearna|88/100|[from] Leech Seed|[of] p2a: Wo-Chien
|-heal|p2a: Wo-Chien|60/100|[silent]
|upkeep
|turn|6
|
|t:|1685853808
|move|p2a: Wo-Chien|Protect|p2a: Wo-Chien
|-singleturn|p2a: Wo-Chien|Protect
|move|p1a: Magearna|Ice Beam|p2a: Wo-Chien
|-activate|p2a: Wo-Chien|move: Protect
|
|-heal|p2a: Wo-Chien|66/100|[from] item: Leftovers
|-heal|p1a: Magearna|94/100|[from] item: Leftovers
|-damage|p1a: Magearna|82/100|[from] Leech Seed|[of] p2a: Wo-Chien
|-heal|p2a: Wo-Chien|78/100|[silent]
|upkeep
|turn|7
|
|t:|1685853813
|switch|p2a: Dondozo|Dondozo, F|100/100
|-damage|p2a: Dondozo|88/100|[from] Stealth Rock
|move|p1a: Magearna|Calm Mind|p1a: Magearna
|-boost|p1a: Magearna|spa|1
|-boost|p1a: Magearna|spd|1
|
|-heal|p1a: Magearna|88/100|[from] item: Leftovers
|-heal|p2a: Dondozo|94/100|[from] item: Leftovers
|-damage|p1a: Magearna|75/100|[from] Leech Seed|[of] p2a: Dondozo
|-heal|p2a: Dondozo|100/100|[silent]
|upkeep
|turn|8
|
|t:|1685853819
|move|p1a: Magearna|Draining Kiss|p2a: Dondozo
|-damage|p2a: Dondozo|75/100
|-heal|p1a: Magearna|100/100|[from] drain|[of] p2a: Dondozo
|move|p2a: Dondozo|Curse|p2a: Dondozo
|-unboost|p2a: Dondozo|spe|1
|-boost|p2a: Dondozo|atk|1
|-boost|p2a: Dondozo|def|1
|
|-heal|p2a: Dondozo|81/100|[from] item: Leftovers
|-damage|p1a: Magearna|88/100|[from] Leech Seed|[of] p2a: Dondozo
|-heal|p2a: Dondozo|90/100|[silent]
|upkeep
|turn|9
|
|t:|1685853823
|move|p1a: Magearna|Ice Beam|p2a: Dondozo
|-resisted|p2a: Dondozo
|-crit|p2a: Dondozo
|-damage|p2a: Dondozo|65/100
|-status|p2a: Dondozo|frz
|cant|p2a: Dondozo|frz
|
|-heal|p1a: Magearna|94/100|[from] item: Leftovers
|-heal|p2a: Dondozo|71/100 frz|[from] item: Leftovers
|-damage|p1a: Magearna|82/100|[from] Leech Seed|[of] p2a: Dondozo
|-heal|p2a: Dondozo|80/100 frz|[silent]
|upkeep
|turn|10
|c|☆KeeperTGA|are you serious
|
|t:|1685853830
|move|p1a: Magearna|Flash Cannon|p2a: Dondozo
|-resisted|p2a: Dondozo
|-damage|p2a: Dondozo|57/100 frz
|-unboost|p2a: Dondozo|spd|1
|cant|p2a: Dondozo|frz
|
|-heal|p1a: Magearna|88/100|[from] item: Leftovers
|-heal|p2a: Dondozo|64/100 frz|[from] item: Leftovers
|-damage|p1a: Magearna|75/100|[from] Leech Seed|[of] p2a: Dondozo
|-heal|p2a: Dondozo|73/100 frz|[silent]
|upkeep
|turn|11
|
|t:|1685853835
|move|p1a: Magearna|Flash Cannon|p2a: Dondozo
|-resisted|p2a: Dondozo
|-damage|p2a: Dondozo|41/100 frz
|cant|p2a: Dondozo|frz
|
|-heal|p1a: Magearna|82/100|[from] item: Leftovers
|-heal|p2a: Dondozo|47/100 frz|[from] item: Leftovers
|-damage|p1a: Magearna|69/100|[from] Leech Seed|[of] p2a: Dondozo
|-heal|p2a: Dondozo|56/100 frz|[silent]
|upkeep
|turn|12
|
|t:|1685853837
|move|p1a: Magearna|Flash Cannon|p2a: Dondozo
|-resisted|p2a: Dondozo
|-damage|p2a: Dondozo|25/100 frz
|cant|p2a: Dondozo|frz
|
|-heal|p1a: Magearna|75/100|[from] item: Leftovers
|-heal|p2a: Dondozo|31/100 frz|[from] item: Leftovers
|-damage|p1a: Magearna|63/100|[from] Leech Seed|[of] p2a: Dondozo
|-heal|p2a: Dondozo|40/100 frz|[silent]
|upkeep
|turn|13
|
|t:|1685853842
|move|p1a: Magearna|Flash Cannon|p2a: Dondozo
|-resisted|p2a: Dondozo
|-damage|p2a: Dondozo|10/100 frz
|cant|p2a: Dondozo|frz
|
|-heal|p1a: Magearna|69/100|[from] item: Leftovers
|-heal|p2a: Dondozo|16/100 frz|[from] item: Leftovers
|-damage|p1a: Magearna|57/100|[from] Leech Seed|[of] p2a: Dondozo
|-heal|p2a: Dondozo|25/100 frz|[silent]
|upkeep
|turn|14
|c|☆KeeperTGA|UNFROST MOTHERFUCKER
|
|t:|1685853846
|move|p1a: Magearna|Flash Cannon|p2a: Dondozo
|-resisted|p2a: Dondozo
|-damage|p2a: Dondozo|0 fnt
|faint|p2a: Dondozo
|-ability|p1a: Magearna|Soul-Heart|boost
|-boost|p1a: Magearna|spa|1
|
|-heal|p1a: Magearna|63/100|[from] item: Leftovers
|upkeep
|-message|KeeperTGA forfeited.
|
|win|Irismeilani
|raw|Irismeilani's rating: 1054 → 1086(+32 for winning)
|raw|KeeperTGA's rating: 1057 → 1038(-19 for losing)
