|j|☆than0304
|j|☆luigifuckinballin
|t:|1685902069
|gametype|singles
|player|p1|than0304|steven|
|player|p2|luigifuckinballin|ethan|
|teamsize|p1|6
|teamsize|p2|6
|gen|9
|tier|[Gen 9] OU
|rule|Sleep Clause Mod: Limit one foe put to sleep
|rule|Species Clause: Limit one of each Pokémon
|rule|OHKO Clause: OHKO moves are banned
|rule|Evasion Items Clause: Evasion items are banned
|rule|Evasion Moves Clause: Evasion moves are banned
|rule|Endless Battle Clause: Forcing endless battles is banned
|rule|HP Percentage Mod: HP is shown in percentages
|clearpoke
|poke|p1|Roaring Moon|
|poke|p1|Clodsire, F|
|poke|p1|Great Tusk|
|poke|p1|Corviknight, F|
|poke|p1|Iron Valiant|
|poke|p1|Skeledirge, M|
|poke|p2|Arcanine-Hisui, M|
|poke|p2|Clodsire, M|
|poke|p2|Samurott-Hisui, M|
|poke|p2|Chien-Pao|
|poke|p2|Corviknight, F|
|poke|p2|Tornadus, M|
|teampreview
|inactive|Battle timer is ON: inactive players will automatically lose when time's up. (requested by than0304)
|inactive|than0304 has 270 seconds left.
|
|t:|1685902116
|start
|switch|p1a: Worf|Skeledirge, M, shiny|100/100
|switch|p2a: britney spears|Tornadus, M|100/100
|turn|1
|
|t:|1685902128
|move|p2a: britney spears|Tailwind|p2a: britney spears
|-sidestart|p2: luigifuckinballin|move: Tailwind
|move|p1a: Worf|Torch Song|p2a: britney spears
|-damage|p2a: britney spears|59/100
|-boost|p1a: Worf|spa|1
|
|upkeep
|turn|2
|
|t:|1685902137
|switch|p2a: MY GOAT|Arcanine-Hisui, M, shiny|100/100
|move|p1a: Worf|Torch Song|p2a: MY GOAT
|-resisted|p2a: MY GOAT
|-crit|p2a: MY GOAT
|-damage|p2a: MY GOAT|80/100
|-boost|p1a: Worf|spa|1
|
|upkeep
|turn|3
|
|t:|1685902146
|switch|p1a: great musk|Great Tusk|100/100
|move|p2a: MY GOAT|Flare Blitz|p1a: great musk
|-damage|p1a: great musk|59/100
|
|-heal|p1a: great musk|66/100|[from] item: Leftovers
|upkeep
|turn|4
|
|t:|1685902156
|switch|p2a: frend shaped|Clodsire, M|100/100
|move|p1a: great musk|Rapid Spin|p2a: frend shaped
|-damage|p2a: frend shaped|85/100
|-boost|p1a: great musk|spe|1
|
|-heal|p1a: great musk|72/100|[from] item: Leftovers
|-heal|p2a: frend shaped|91/100|[from] item: Leftovers
|-sideend|p2: luigifuckinballin|move: Tailwind
|upkeep
|turn|5
|
|t:|1685902163
|switch|p2a: berd|Corviknight, F, shiny|100/100
|-ability|p2a: berd|Pressure
|move|p1a: great musk|Knock Off|p2a: berd
|-damage|p2a: berd|83/100
|-damage|p1a: great musk|55/100|[from] item: Rocky Helmet|[of] p2a: berd
|-enditem|p2a: berd|Rocky Helmet|[from] move: Knock Off|[of] p1a: great musk
|
|-heal|p1a: great musk|62/100|[from] item: Leftovers
|upkeep
|turn|6
|
|t:|1685902167
|-end|p1a: great musk|Protosynthesis|[silent]
|switch|p1a: Worf|Skeledirge, M, shiny|100/100
|move|p2a: berd|Brave Bird|p1a: Worf
|-damage|p1a: Worf|78/100
|-damage|p2a: berd|75/100|[from] Recoil
|
|upkeep
|turn|7
|
|t:|1685902172
|switch|p2a: chop chop|Samurott-Hisui, M, shiny|100/100
|move|p1a: Worf|Will-O-Wisp|p2a: chop chop
|-status|p2a: chop chop|brn
|
|-damage|p2a: chop chop|94/100 brn|[from] brn
|upkeep
|turn|8
|
|t:|1685902181
|switch|p1a: Rex|Roaring Moon, shiny|100/100
|-enditem|p1a: Rex|Booster Energy
|-activate|p1a: Rex|ability: Protosynthesis|[fromitem]
|-start|p1a: Rex|protosynthesisatk
|move|p2a: chop chop|Ceaseless Edge|p1a: Rex
|-resisted|p1a: Rex
|-damage|p1a: Rex|86/100
|-sidestart|p1: than0304|Spikes
|
|-damage|p2a: chop chop|88/100 brn|[from] brn
|upkeep
|turn|9
|
|t:|1685902184
|move|p1a: Rex|Dragon Dance|p1a: Rex
|-boost|p1a: Rex|atk|1
|-boost|p1a: Rex|spe|1
|move|p2a: chop chop|Taunt|p1a: Rex
|-start|p1a: Rex|move: Taunt
|
|-damage|p2a: chop chop|82/100 brn|[from] brn
|upkeep
|turn|10
|c|☆luigifuckinballin|shit
|
|t:|1685902192
|-terastallize|p1a: Rex|Flying
|move|p1a: Rex|Acrobatics|p2a: chop chop
|-damage|p2a: chop chop|0 fnt
|faint|p2a: chop chop
|
|upkeep
|c|☆than0304|w
|
|t:|1685902196
|switch|p2a: britney spears|Tornadus, M|59/100
|turn|11
|c|☆than0304|shit
|
|t:|1685902207
|move|p2a: britney spears|Tailwind|p2a: britney spears
|-sidestart|p2: luigifuckinballin|move: Tailwind
|move|p1a: Rex|Acrobatics|p2a: britney spears
|-damage|p2a: britney spears|0 fnt
|faint|p2a: britney spears
|
|upkeep
|
|t:|1685902211
|switch|p2a: get gloomed idiot|Chien-Pao|100/100
|-ability|p2a: get gloomed idiot|Sword of Ruin
|turn|12
|
|t:|1685902215
|-end|p1a: Rex|Protosynthesis|[silent]
|switch|p1a: Silver|Corviknight, F, shiny|100/100
|-ability|p1a: Silver|Pressure
|move|p2a: get gloomed idiot|Icicle Crash|p1a: Silver
|-damage|p1a: Silver|54/100
|-damage|p2a: get gloomed idiot|91/100|[from] item: Life Orb
|
|upkeep
|turn|13
|
|t:|1685902223
|move|p2a: get gloomed idiot|Icicle Crash|p1a: Silver
|-crit|p1a: Silver
|-damage|p1a: Silver|0 fnt
|faint|p1a: Silver
|-damage|p2a: get gloomed idiot|81/100|[from] item: Life Orb
|
|upkeep
|
|t:|1685902232
|switch|p1a: Worf|Skeledirge, M, shiny|78/100
|turn|14
|
|t:|1685902237
|move|p2a: get gloomed idiot|Crunch|p1a: Worf
|-supereffective|p1a: Worf
|-damage|p1a: Worf|0 fnt
|faint|p1a: Worf
|-damage|p2a: get gloomed idiot|71/100|[from] item: Life Orb
|
|-sideend|p2: luigifuckinballin|move: Tailwind
|upkeep
|
|t:|1685902241
|switch|p1a: They/Them|Iron Valiant|100/100
|-damage|p1a: They/Them|88/100|[from] Spikes
|turn|15
|
|t:|1685902247
|-end|p1a: They/Them|Quark Drive|[silent]
|switch|p1a: Rex|Roaring Moon, shiny, tera:Flying|86/100
|move|p2a: get gloomed idiot|Icicle Crash|p1a: Rex
|-supereffective|p1a: Rex
|-damage|p1a: Rex|0 fnt
|faint|p1a: Rex
|-end|p1a: Rex|Protosynthesis|[silent]
|-damage|p2a: get gloomed idiot|61/100|[from] item: Life Orb
|
|upkeep
|c|☆than0304|ban chien pao goddamn
|
|t:|1685902262
|switch|p1a: great musk|Great Tusk|62/100
|-damage|p1a: great musk|49/100|[from] Spikes
|turn|16
|c|☆luigifuckinballin|you got read so hard wym
|
|t:|1685902271
|move|p2a: get gloomed idiot|Icicle Crash|p1a: great musk
|-supereffective|p1a: great musk
|-damage|p1a: great musk|0 fnt
|faint|p1a: great musk
|-end|p1a: great musk|Protosynthesis|[silent]
|-damage|p2a: get gloomed idiot|51/100|[from] item: Life Orb
|
|upkeep
|c|☆than0304|bruh it one shots my entire team anyway
|
|t:|1685902281
|switch|p1a: They/Them|Iron Valiant|88/100
|-damage|p1a: They/Them|76/100|[from] Spikes
|turn|17
|c|☆luigifuckinballin|doesny
|
|t:|1685902286
|move|p2a: get gloomed idiot|Psychic Fangs|p1a: They/Them
|-supereffective|p1a: They/Them
|-damage|p1a: They/Them|0 fnt
|faint|p1a: They/Them
|-end|p1a: They/Them|Quark Drive|[silent]
|-damage|p2a: get gloomed idiot|41/100|[from] item: Life Orb
|
|upkeep
|-message|than0304 forfeited.
|
|win|luigifuckinballin
|c|☆luigifuckinballin|you got paod
|l|☆than0304
