|j|☆bigredballswipeout
|j|☆Brrrdo
|t:|1685919222
|gametype|singles
|player|p1|bigredballswipeout|palmer|1715
|player|p2|Brrrdo|102|1834
|teamsize|p1|6
|teamsize|p2|6
|gen|9
|tier|[Gen 9] OU
|rated|
|rule|Sleep Clause Mod: Limit one foe put to sleep
|rule|Species Clause: Limit one of each Pokémon
|rule|OHKO Clause: OHKO moves are banned
|rule|Evasion Items Clause: Evasion items are banned
|rule|Evasion Moves Clause: Evasion moves are banned
|rule|Endless Battle Clause: Forcing endless battles is banned
|rule|HP Percentage Mod: HP is shown in percentages
|clearpoke
|poke|p1|Scizor, F|
|poke|p1|Samurott-Hisui, M|
|poke|p1|Gholdengo|
|poke|p1|Hatterene, F|
|poke|p1|Great Tusk|
|poke|p1|Moltres|
|poke|p2|Meowscarada, M|
|poke|p2|Clodsire, M|
|poke|p2|Chien-Pao|
|poke|p2|Corviknight, M|
|poke|p2|Volcanion|
|poke|p2|Dragapult, F|
|teampreview
|j| oborozuki
|inactive|Battle timer is ON: inactive players will automatically lose when time's up. (requested by bigredballswipeout)
|
|t:|1685919234
|start
|switch|p1a: Scizor|Scizor, F|100/100
|switch|p2a: Volcanion|Volcanion|100/100
|turn|1
|j| Chicago Cinderaces
|
|t:|1685919240
|switch|p1a: Samurott|Samurott-Hisui, M|100/100
|move|p2a: Volcanion|Steam Eruption|p1a: Samurott
|-resisted|p1a: Samurott
|-damage|p1a: Samurott|80/100
|
|upkeep
|turn|2
|
|t:|1685919246
|switch|p2a: Corviknight|Corviknight, M|100/100
|-ability|p2a: Corviknight|Pressure
|move|p1a: Samurott|Ceaseless Edge|p2a: Corviknight
|-damage|p2a: Corviknight|76/100
|-sidestart|p2: Brrrdo|Spikes
|-damage|p1a: Samurott|63/100|[from] item: Rocky Helmet|[of] p2a: Corviknight
|
|upkeep
|turn|3
|
|t:|1685919252
|switch|p1a: Moltres|Moltres|100/100
|move|p2a: Corviknight|Roost|p2a: Corviknight
|-heal|p2a: Corviknight|100/100
|-singleturn|p2a: Corviknight|move: Roost
|
|upkeep
|turn|4
|
|t:|1685919262
|switch|p1a: Samurott|Samurott-Hisui, M|63/100
|switch|p2a: Clodsire|Clodsire, M|100/100
|-damage|p2a: Clodsire|88/100|[from] Spikes
|
|-heal|p2a: Clodsire|94/100|[from] item: Leftovers
|upkeep
|turn|5
|
|t:|1685919269
|switch|p2a: Corviknight|Corviknight, M|100/100
|-ability|p2a: Corviknight|Pressure
|move|p1a: Samurott|Ceaseless Edge|p2a: Corviknight
|-damage|p2a: Corviknight|77/100
|-sidestart|p2: Brrrdo|Spikes
|-damage|p1a: Samurott|47/100|[from] item: Rocky Helmet|[of] p2a: Corviknight
|
|upkeep
|turn|6
|
|t:|1685919273
|switch|p1a: Gholdengo|Gholdengo|100/100
|-item|p1a: Gholdengo|Air Balloon
|move|p2a: Corviknight|Defog|p1a: Gholdengo
|-immune|p1a: Gholdengo|[from] ability: Good as Gold
|
|upkeep
|turn|7
|
|t:|1685919284
|move|p1a: Gholdengo|Thunderbolt|p2a: Corviknight
|-supereffective|p2a: Corviknight
|-damage|p2a: Corviknight|12/100
|move|p2a: Corviknight|Roost|p2a: Corviknight
|-heal|p2a: Corviknight|62/100
|-singleturn|p2a: Corviknight|move: Roost
|
|upkeep
|turn|8
|
|t:|1685919294
|switch|p2a: Clodsire|Clodsire, M|94/100
|-damage|p2a: Clodsire|78/100|[from] Spikes
|move|p1a: Gholdengo|Make It Rain|p2a: Clodsire
|-damage|p2a: Clodsire|45/100
|-unboost|p1a: Gholdengo|spa|1
|
|-heal|p2a: Clodsire|51/100|[from] item: Leftovers
|upkeep
|turn|9
|
|t:|1685919301
|move|p1a: Gholdengo|Make It Rain|p2a: Clodsire
|-damage|p2a: Clodsire|14/100
|-unboost|p1a: Gholdengo|spa|1
|move|p2a: Clodsire|Recover|p2a: Clodsire
|-heal|p2a: Clodsire|64/100
|
|-heal|p2a: Clodsire|70/100|[from] item: Leftovers
|upkeep
|turn|10
|
|t:|1685919318
|switch|p1a: Tuskathy|Great Tusk|100/100
|move|p2a: Clodsire|Recover|p2a: Clodsire
|-heal|p2a: Clodsire|100/100
|
|upkeep
|turn|11
|j| lonesome road
|
|t:|1685919327
|switch|p2a: Corviknight|Corviknight, M|62/100
|-ability|p2a: Corviknight|Pressure
|move|p1a: Tuskathy|Stealth Rock|p2a: Corviknight
|-sidestart|p2: Brrrdo|move: Stealth Rock
|
|upkeep
|turn|12
|
|t:|1685919329
|-end|p1a: Tuskathy|Protosynthesis|[silent]
|switch|p1a: Gholdengo|Gholdengo|100/100
|-item|p1a: Gholdengo|Air Balloon
|move|p2a: Corviknight|Roost|p2a: Corviknight
|-heal|p2a: Corviknight|100/100
|-singleturn|p2a: Corviknight|move: Roost
|
|upkeep
|turn|13
|
|t:|1685919338
|move|p1a: Gholdengo|Shadow Ball|p2a: Corviknight
|-damage|p2a: Corviknight|62/100
|-unboost|p2a: Corviknight|spd|1
|move|p2a: Corviknight|U-turn|p1a: Gholdengo
|-resisted|p1a: Gholdengo
|-damage|p1a: Gholdengo|97/100
|-enditem|p1a: Gholdengo|Air Balloon
|
|t:|1685919342
|switch|p2a: Meowscarada|Meowscarada, M|100/100|[from] U-turn
|-damage|p2a: Meowscarada|84/100|[from] Spikes
|-damage|p2a: Meowscarada|72/100|[from] Stealth Rock
|
|upkeep
|turn|14
|
|t:|1685919346
|switch|p1a: Tuskathy|Great Tusk|100/100
|move|p2a: Meowscarada|Knock Off|p1a: Tuskathy
|-start|p2a: Meowscarada|typechange|Dark|[from] ability: Protean
|-resisted|p1a: Tuskathy
|-damage|p1a: Tuskathy|88/100
|-enditem|p1a: Tuskathy|Eject Pack|[from] move: Knock Off|[of] p2a: Meowscarada
|
|upkeep
|turn|15
|j| BenGayOintment
|
|t:|1685919355
|switch|p2a: Corviknight|Corviknight, M|62/100
|-damage|p2a: Corviknight|50/100|[from] Stealth Rock
|-ability|p2a: Corviknight|Pressure
|-end|p1a: Tuskathy|Protosynthesis|[silent]
|switch|p1a: Gholdengo|Gholdengo|97/100
|
|upkeep
|turn|16
|j| Transit Blues
|
|t:|1685919362
|switch|p2a: Clodsire|Clodsire, M|100/100
|-damage|p2a: Clodsire|84/100|[from] Spikes
|-damage|p2a: Clodsire|78/100|[from] Stealth Rock
|move|p1a: Gholdengo|Make It Rain|p2a: Clodsire
|-damage|p2a: Clodsire|47/100
|-unboost|p1a: Gholdengo|spa|1
|
|-heal|p2a: Clodsire|53/100|[from] item: Leftovers
|upkeep
|turn|17
|
|t:|1685919367
|switch|p1a: Tuskathy|Great Tusk|88/100
|move|p2a: Clodsire|Earthquake|p1a: Tuskathy
|-damage|p1a: Tuskathy|74/100
|
|-heal|p2a: Clodsire|59/100|[from] item: Leftovers
|upkeep
|turn|18
|
|t:|1685919375
|move|p1a: Tuskathy|Ice Spinner|p2a: Clodsire
|-supereffective|p2a: Clodsire
|-damage|p2a: Clodsire|10/100
|move|p2a: Clodsire|Recover|p2a: Clodsire
|-heal|p2a: Clodsire|60/100
|
|-heal|p2a: Clodsire|66/100|[from] item: Leftovers
|upkeep
|turn|19
|
|t:|1685919381
|-end|p1a: Tuskathy|Protosynthesis|[silent]
|switch|p1a: Gholdengo|Gholdengo|97/100
|switch|p2a: Corviknight|Corviknight, M|50/100
|-damage|p2a: Corviknight|38/100|[from] Stealth Rock
|-ability|p2a: Corviknight|Pressure
|
|upkeep
|turn|20
|
|t:|1685919388
|switch|p2a: Dragapult|Dragapult, F|100/100
|-damage|p2a: Dragapult|84/100|[from] Spikes
|-damage|p2a: Dragapult|72/100|[from] Stealth Rock
|move|p1a: Gholdengo|Make It Rain|p2a: Dragapult
|-damage|p2a: Dragapult|0 fnt
|-unboost|p1a: Gholdengo|spa|1
|faint|p2a: Dragapult
|
|upkeep
|
|t:|1685919391
|switch|p2a: Chien-Pao|Chien-Pao|100/100
|-damage|p2a: Chien-Pao|84/100|[from] Spikes
|-damage|p2a: Chien-Pao|59/100|[from] Stealth Rock
|-ability|p2a: Chien-Pao|Sword of Ruin
|turn|21
|j| Tokumaru
|
|t:|1685919401
|switch|p1a: Moltres|Moltres|100/100
|move|p2a: Chien-Pao|Icicle Crash|p1a: Moltres
|-damage|p1a: Moltres|26/100
|
|upkeep
|turn|22
|j| kidbu93
|l| Transit Blues
|
|t:|1685919424
|switch|p1a: Samurott|Samurott-Hisui, M|47/100
|move|p2a: Chien-Pao|Icicle Crash|p1a: Samurott
|-resisted|p1a: Samurott
|-damage|p1a: Samurott|0 fnt
|faint|p1a: Samurott
|
|upkeep
|
|t:|1685919426
|switch|p1a: Scizor|Scizor, F|100/100
|turn|23
|
|t:|1685919429
|switch|p2a: Volcanion|Volcanion|100/100
|move|p1a: Scizor|U-turn|p2a: Volcanion
|-resisted|p2a: Volcanion
|-damage|p2a: Volcanion|72/100
|j| Archbishop 9764320
|inactive|bigredballswipeout has 120 seconds left.
|j| Transit Blues
|l| Transit Blues
|
|t:|1685919486
|switch|p1a: Hatterene|Hatterene, F|100/100|[from] U-turn
|
|upkeep
|turn|24
|
|t:|1685919495
|move|p2a: Volcanion|Sludge Bomb|p1a: Hatterene
|-supereffective|p1a: Hatterene
|-damage|p1a: Hatterene|36/100
|move|p1a: Hatterene|Nuzzle|p2a: Volcanion
|-supereffective|p2a: Volcanion
|-damage|p2a: Volcanion|63/100
|-status|p2a: Volcanion|par
|
|-heal|p1a: Hatterene|42/100|[from] item: Leftovers
|upkeep
|turn|25
|l| Archbishop 9764320
|
|t:|1685919502
|move|p2a: Volcanion|Steam Eruption|p1a: Hatterene
|-damage|p1a: Hatterene|0 fnt
|faint|p1a: Hatterene
|
|upkeep
|j| SoulDewRegice
|inactive|bigredballswipeout has 90 seconds left.
|
|t:|1685919528
|switch|p1a: Tuskathy|Great Tusk|74/100
|turn|26
|
|t:|1685919532
|move|p1a: Tuskathy|Headlong Rush|p2a: Volcanion
|-supereffective|p2a: Volcanion
|-damage|p2a: Volcanion|0 fnt
|-unboost|p1a: Tuskathy|def|1
|-unboost|p1a: Tuskathy|spd|1
|faint|p2a: Volcanion
|
|upkeep
|
|t:|1685919539
|switch|p2a: Corviknight|Corviknight, M|38/100
|-damage|p2a: Corviknight|25/100|[from] Stealth Rock
|-ability|p2a: Corviknight|Pressure
|turn|27
|
|t:|1685919542
|-end|p1a: Tuskathy|Protosynthesis|[silent]
|switch|p1a: Gholdengo|Gholdengo|97/100
|move|p2a: Corviknight|Roost|p2a: Corviknight
|-heal|p2a: Corviknight|75/100
|-singleturn|p2a: Corviknight|move: Roost
|
|upkeep
|turn|28
|
|t:|1685919548
|move|p1a: Gholdengo|Shadow Ball|p2a: Corviknight
|-damage|p2a: Corviknight|30/100
|move|p2a: Corviknight|Roost|p2a: Corviknight
|-heal|p2a: Corviknight|80/100
|-singleturn|p2a: Corviknight|move: Roost
|
|upkeep
|turn|29
|
|t:|1685919552
|switch|p2a: Clodsire|Clodsire, M|66/100
|-damage|p2a: Clodsire|49/100|[from] Spikes
|-damage|p2a: Clodsire|43/100|[from] Stealth Rock
|move|p1a: Gholdengo|Shadow Ball|p2a: Clodsire
|-damage|p2a: Clodsire|19/100
|
|-heal|p2a: Clodsire|25/100|[from] item: Leftovers
|upkeep
|turn|30
|
|t:|1685919561
|-terastallize|p2a: Clodsire|Steel
|move|p1a: Gholdengo|Make It Rain|p2a: Clodsire
|-resisted|p2a: Clodsire
|-damage|p2a: Clodsire|8/100
|-unboost|p1a: Gholdengo|spa|1
|move|p2a: Clodsire|Recover|p2a: Clodsire
|-heal|p2a: Clodsire|58/100
|
|-heal|p2a: Clodsire|64/100|[from] item: Leftovers
|upkeep
|turn|31
|
|t:|1685919568
|move|p1a: Gholdengo|Shadow Ball|p2a: Clodsire
|-damage|p2a: Clodsire|42/100
|move|p2a: Clodsire|Spikes|p1a: Gholdengo
|-sidestart|p1: bigredballswipeout|Spikes
|
|-heal|p2a: Clodsire|48/100|[from] item: Leftovers
|upkeep
|turn|32
|
|t:|1685919574
|switch|p1a: Tuskathy|Great Tusk|74/100
|-damage|p1a: Tuskathy|62/100|[from] Spikes
|move|p2a: Clodsire|Recover|p2a: Clodsire
|-heal|p2a: Clodsire|99/100
|
|-heal|p2a: Clodsire|100/100|[from] item: Leftovers
|upkeep
|turn|33
|
|t:|1685919582
|switch|p2a: Corviknight|Corviknight, M|80/100
|-damage|p2a: Corviknight|68/100|[from] Stealth Rock
|-ability|p2a: Corviknight|Pressure
|move|p1a: Tuskathy|Rapid Spin|p2a: Corviknight
|-resisted|p2a: Corviknight
|-damage|p2a: Corviknight|63/100
|-boost|p1a: Tuskathy|spe|1
|-damage|p1a: Tuskathy|45/100|[from] item: Rocky Helmet|[of] p2a: Corviknight
|-sideend|p1: bigredballswipeout|Spikes|[from] move: Rapid Spin|[of] p1a: Tuskathy
|
|upkeep
|turn|34
|
|t:|1685919587
|-end|p1a: Tuskathy|Protosynthesis|[silent]
|switch|p1a: Gholdengo|Gholdengo|97/100
|move|p2a: Corviknight|U-turn|p1a: Gholdengo
|-resisted|p1a: Gholdengo
|-damage|p1a: Gholdengo|94/100
|
|t:|1685919590
|switch|p2a: Clodsire|Clodsire, M, tera:Steel|100/100|[from] U-turn
|-damage|p2a: Clodsire|84/100|[from] Spikes
|-damage|p2a: Clodsire|78/100|[from] Stealth Rock
|
|-heal|p2a: Clodsire|84/100|[from] item: Leftovers
|upkeep
|turn|35
|
|t:|1685919593
|switch|p1a: Moltres|Moltres|26/100
|move|p2a: Clodsire|Earthquake|p1a: Moltres
|-immune|p1a: Moltres
|
|-heal|p2a: Clodsire|90/100|[from] item: Leftovers
|upkeep
|turn|36
|
|t:|1685919598
|move|p1a: Moltres|Flamethrower|p2a: Clodsire
|-supereffective|p2a: Clodsire
|-damage|p2a: Clodsire|47/100
|-status|p2a: Clodsire|brn
|move|p2a: Clodsire|Toxic|p1a: Moltres|[miss]
|-miss|p2a: Clodsire|p1a: Moltres
|
|-heal|p2a: Clodsire|53/100 brn|[from] item: Leftovers
|-damage|p2a: Clodsire|47/100 brn|[from] brn
|upkeep
|turn|37
|
|t:|1685919605
|move|p1a: Moltres|Flamethrower|p2a: Clodsire
|-supereffective|p2a: Clodsire
|-damage|p2a: Clodsire|9/100 brn
|move|p2a: Clodsire|Spikes|p1a: Moltres
|-sidestart|p1: bigredballswipeout|Spikes
|
|-heal|p2a: Clodsire|15/100 brn|[from] item: Leftovers
|-damage|p2a: Clodsire|9/100 brn|[from] brn
|upkeep
|turn|38
|
|t:|1685919609
|move|p1a: Moltres|Roost|p1a: Moltres
|-heal|p1a: Moltres|76/100
|-singleturn|p1a: Moltres|move: Roost
|move|p2a: Clodsire|Toxic|p1a: Moltres
|-status|p1a: Moltres|tox
|
|-heal|p2a: Clodsire|15/100 brn|[from] item: Leftovers
|-damage|p1a: Moltres|70/100 tox|[from] psn
|-damage|p2a: Clodsire|9/100 brn|[from] brn
|upkeep
|turn|39
|
|t:|1685919613
|move|p1a: Moltres|Flamethrower|p2a: Clodsire
|-supereffective|p2a: Clodsire
|-damage|p2a: Clodsire|0 fnt
|faint|p2a: Clodsire
|
|-damage|p1a: Moltres|58/100 tox|[from] psn
|upkeep
|
|t:|1685919615
|switch|p2a: Chien-Pao|Chien-Pao|59/100
|-damage|p2a: Chien-Pao|42/100|[from] Spikes
|-damage|p2a: Chien-Pao|17/100|[from] Stealth Rock
|-ability|p2a: Chien-Pao|Sword of Ruin
|turn|40
|
|t:|1685919622
|move|p2a: Chien-Pao|Crunch|p1a: Moltres
|-damage|p1a: Moltres|0 fnt
|faint|p1a: Moltres
|
|upkeep
|inactive|bigredballswipeout has 120 seconds left.
|
|t:|1685919657
|switch|p1a: Tuskathy|Great Tusk|45/100
|-damage|p1a: Tuskathy|33/100|[from] Spikes
|turn|41
|
|t:|1685919668
|switch|p2a: Corviknight|Corviknight, M|63/100
|-damage|p2a: Corviknight|51/100|[from] Stealth Rock
|-ability|p2a: Corviknight|Pressure
|move|p1a: Tuskathy|Rapid Spin|p2a: Corviknight
|-resisted|p2a: Corviknight
|-damage|p2a: Corviknight|47/100
|-boost|p1a: Tuskathy|spe|1
|-damage|p1a: Tuskathy|16/100|[from] item: Rocky Helmet|[of] p2a: Corviknight
|-sideend|p1: bigredballswipeout|Spikes|[from] move: Rapid Spin|[of] p1a: Tuskathy
|
|upkeep
|turn|42
|
|t:|1685919672
|-end|p1a: Tuskathy|Protosynthesis|[silent]
|switch|p1a: Gholdengo|Gholdengo|94/100
|move|p2a: Corviknight|U-turn|p1a: Gholdengo
|-resisted|p1a: Gholdengo
|-damage|p1a: Gholdengo|90/100
|
|t:|1685919674
|switch|p2a: Meowscarada|Meowscarada, M|72/100|[from] U-turn
|-damage|p2a: Meowscarada|55/100|[from] Spikes
|-damage|p2a: Meowscarada|43/100|[from] Stealth Rock
|
|upkeep
|turn|43
|
|t:|1685919677
|switch|p1a: Tuskathy|Great Tusk|16/100
|move|p2a: Meowscarada|Knock Off|p1a: Tuskathy
|-start|p2a: Meowscarada|typechange|Dark|[from] ability: Protean
|-resisted|p1a: Tuskathy
|-damage|p1a: Tuskathy|9/100
|
|upkeep
|turn|44
|
|t:|1685919684
|switch|p2a: Corviknight|Corviknight, M|47/100
|-damage|p2a: Corviknight|34/100|[from] Stealth Rock
|-ability|p2a: Corviknight|Pressure
|move|p1a: Tuskathy|Ice Spinner|p2a: Corviknight
|-damage|p2a: Corviknight|22/100
|-damage|p1a: Tuskathy|0 fnt|[from] item: Rocky Helmet|[of] p2a: Corviknight
|faint|p1a: Tuskathy
|-end|p1a: Tuskathy|Protosynthesis|[silent]
|
|upkeep
|
|t:|1685919692
|switch|p1a: Gholdengo|Gholdengo|90/100
|turn|45
|
|t:|1685919698
|switch|p2a: Chien-Pao|Chien-Pao|17/100
|-damage|p2a: Chien-Pao|1/100|[from] Spikes
|-damage|p2a: Chien-Pao|0 fnt|[from] Stealth Rock
|faint|p2a: Chien-Pao
|move|p1a: Gholdengo|Make It Rain|p2: Chien-Pao|[notarget]
|-fail|p1a: Gholdengo
|
|upkeep
|
|t:|1685919699
|switch|p2a: Meowscarada|Meowscarada, M|43/100
|-damage|p2a: Meowscarada|27/100|[from] Spikes
|-damage|p2a: Meowscarada|14/100|[from] Stealth Rock
|turn|46
|
|t:|1685919717
|-terastallize|p1a: Gholdengo|Steel
|move|p2a: Meowscarada|Knock Off|p1a: Gholdengo
|-start|p2a: Meowscarada|typechange|Dark|[from] ability: Protean
|-damage|p1a: Gholdengo|59/100
|move|p1a: Gholdengo|Thunderbolt|p2a: Meowscarada
|-damage|p2a: Meowscarada|0 fnt
|faint|p2a: Meowscarada
|
|upkeep
|c|☆bigredballswipeout|gg
|
|t:|1685919721
|switch|p2a: Corviknight|Corviknight, M|22/100
|-damage|p2a: Corviknight|9/100|[from] Stealth Rock
|-ability|p2a: Corviknight|Pressure
|turn|47
|
|t:|1685919724
|move|p1a: Gholdengo|Thunderbolt|p2a: Corviknight
|-supereffective|p2a: Corviknight
|-damage|p2a: Corviknight|0 fnt
|faint|p2a: Corviknight
|
|win|bigredballswipeout
|raw|bigredballswipeout's rating: 1715 → 1742(+27 for winning)
|raw|Brrrdo's rating: 1834 → 1807(-27 for losing)
|c|☆Brrrdo|gg
|c| kidbu93|gg
|l|☆Brrrdo
|l| kidbu93
|l| BenGayOintment
|l| Chicago Cinderaces
