|j|☆The Other Zee
|j|☆its yer boi guzma
|t:|1685853037
|gametype|singles
|player|p1|The Other Zee|n|1323
|player|p2|its yer boi guzma|camper|1414
|teamsize|p1|6
|teamsize|p2|6
|gen|9
|tier|[Gen 9] OU
|rated|
|rule|Sleep Clause Mod: Limit one foe put to sleep
|rule|Species Clause: Limit one of each Pokémon
|rule|OHKO Clause: OHKO moves are banned
|rule|Evasion Items Clause: Evasion items are banned
|rule|Evasion Moves Clause: Evasion moves are banned
|rule|Endless Battle Clause: Forcing endless battles is banned
|rule|HP Percentage Mod: HP is shown in percentages
|clearpoke
|poke|p1|Zamazenta-*|
|poke|p1|Slowking-Galar, M|
|poke|p1|Samurott-Hisui, M|
|poke|p1|Toxapex, M|
|poke|p1|Great Tusk|
|poke|p1|Volcarona, M|
|poke|p2|Braviary-Hisui, M|
|poke|p2|Great Tusk|
|poke|p2|Heatran, F|
|poke|p2|Dragonite, F|
|poke|p2|Magearna|
|poke|p2|Dragapult, F|
|teampreview
|
|t:|1685853067
|start
|switch|p1a: ROKUMON|Samurott-Hisui, M|100/100
|switch|p2a: Braviary|Braviary-Hisui, M|100/100
|turn|1
|
|t:|1685853081
|switch|p2a: Magearna|Magearna|100/100
|move|p1a: ROKUMON|Ceaseless Edge|p2a: Magearna
|-resisted|p2a: Magearna
|-damage|p2a: Magearna|82/100
|-sidestart|p2: its yer boi guzma|Spikes
|
|-heal|p2a: Magearna|88/100|[from] item: Leftovers
|upkeep
|turn|2
|
|t:|1685853098
|switch|p1a: Solaire|Volcarona, M|100/100
|move|p2a: Magearna|Spikes|p1a: Solaire
|-sidestart|p1: The Other Zee|Spikes
|
|-heal|p2a: Magearna|94/100|[from] item: Leftovers
|upkeep
|turn|3
|
|t:|1685853129
|move|p1a: Solaire|Quiver Dance|p1a: Solaire
|-boost|p1a: Solaire|spa|1
|-boost|p1a: Solaire|spd|1
|-boost|p1a: Solaire|spe|1
|move|p2a: Magearna|Volt Switch|p1a: Solaire
|-damage|p1a: Solaire|87/100
|
|t:|1685853133
|switch|p2a: Heatran|Heatran, F|100/100|[from] Volt Switch
|-damage|p2a: Heatran|88/100|[from] Spikes
|
|-heal|p2a: Heatran|94/100|[from] item: Leftovers
|upkeep
|turn|4
|
|t:|1685853185
|switch|p1a: Mr. Badman|Great Tusk|100/100
|-damage|p1a: Mr. Badman|88/100|[from] Spikes
|switch|p2a: Dragonite|Dragonite, F|100/100
|
|-heal|p1a: Mr. Badman|94/100|[from] item: Leftovers
|upkeep
|turn|5
|
|t:|1685853206
|switch|p2a: Dragapult|Dragapult, F|100/100
|-damage|p2a: Dragapult|88/100|[from] Spikes
|move|p1a: Mr. Badman|Rapid Spin|p2a: Dragapult
|-immune|p2a: Dragapult
|
|-heal|p1a: Mr. Badman|100/100|[from] item: Leftovers
|upkeep
|turn|6
|
|t:|1685853224
|-end|p1a: Mr. Badman|Protosynthesis|[silent]
|switch|p1a: worst guy ever|Toxapex, M|100/100
|-damage|p1a: worst guy ever|88/100|[from] Spikes
|move|p2a: Dragapult|Draco Meteor|p1a: worst guy ever
|-damage|p1a: worst guy ever|23/100
|-unboost|p2a: Dragapult|spa|2
|
|-heal|p1a: worst guy ever|29/100|[from] item: Leftovers
|upkeep
|turn|7
|
|t:|1685853238
|switch|p1a: Mr. Badman|Great Tusk|100/100
|-damage|p1a: Mr. Badman|88/100|[from] Spikes
|move|p2a: Dragapult|Draco Meteor|p1a: Mr. Badman
|-damage|p1a: Mr. Badman|29/100
|-unboost|p2a: Dragapult|spa|2
|
|-heal|p1a: Mr. Badman|35/100|[from] item: Leftovers
|upkeep
|turn|8
|
|t:|1685853255
|switch|p2a: Braviary|Braviary-Hisui, M|100/100
|move|p1a: Mr. Badman|Bulk Up|p1a: Mr. Badman
|-boost|p1a: Mr. Badman|atk|1
|-boost|p1a: Mr. Badman|def|1
|
|-heal|p1a: Mr. Badman|41/100|[from] item: Leftovers
|upkeep
|turn|9
|
|t:|1685853263
|move|p1a: Mr. Badman|Rapid Spin|p2a: Braviary
|-damage|p2a: Braviary|82/100
|-boost|p1a: Mr. Badman|spe|1
|-sideend|p1: The Other Zee|Spikes|[from] move: Rapid Spin|[of] p1a: Mr. Badman
|move|p2a: Braviary|Esper Wing|p1a: Mr. Badman
|-supereffective|p1a: Mr. Badman
|-damage|p1a: Mr. Badman|0 fnt
|-boost|p2a: Braviary|spe|1
|faint|p1a: Mr. Badman
|-end|p1a: Mr. Badman|Protosynthesis|[silent]
|
|-heal|p2a: Braviary|88/100|[from] item: Leftovers
|upkeep
|
|t:|1685853271
|switch|p1a: Plague Knight|Slowking-Galar, M|100/100
|turn|10
|
|t:|1685853298
|move|p2a: Braviary|Esper Wing|p1a: Plague Knight
|-crit|p1a: Plague Knight
|-damage|p1a: Plague Knight|70/100
|-boost|p2a: Braviary|spe|1
|move|p1a: Plague Knight|Yawn|p2a: Braviary
|-start|p2a: Braviary|move: Yawn|[of] p1a: Plague Knight
|
|-heal|p2a: Braviary|94/100|[from] item: Leftovers
|upkeep
|turn|11
|
|t:|1685853319
|move|p2a: Braviary|Calm Mind|p2a: Braviary
|-boost|p2a: Braviary|spa|1
|-boost|p2a: Braviary|spd|1
|move|p1a: Plague Knight|Future Sight|p2a: Braviary
|-start|p1a: Plague Knight|move: Future Sight
|
|-heal|p2a: Braviary|100/100|[from] item: Leftovers
|-end|p2a: Braviary|move: Yawn|[silent]
|-status|p2a: Braviary|slp
|upkeep
|turn|12
|
|t:|1685853326
|cant|p2a: Braviary|slp
|move|p1a: Plague Knight|Chilly Reception|p1a: Plague Knight
|-weather|Snow
|
|t:|1685853329
|switch|p1a: ROKUMON|Samurott-Hisui, M|100/100|[from] Chilly Reception
|
|-weather|Snow|[upkeep]
|upkeep
|turn|13
|
|t:|1685853345
|-terastallize|p2a: Braviary|Fairy
|-curestatus|p2a: Braviary|slp|[msg]
|move|p2a: Braviary|Calm Mind|p2a: Braviary
|-boost|p2a: Braviary|spa|1
|-boost|p2a: Braviary|spd|1
|move|p1a: ROKUMON|Ceaseless Edge|p2a: Braviary|[miss]
|-miss|p1a: ROKUMON|p2a: Braviary
|
|-weather|Snow|[upkeep]
|-end|p2a: Braviary|move: Future Sight
|-damage|p2a: Braviary|74/100
|-heal|p2a: Braviary|80/100|[from] item: Leftovers
|upkeep
|turn|14
|-message|The Other Zee forfeited.
|
|win|its yer boi guzma
|raw|The Other Zee's rating: 1323 → 1308(-15 for losing)
|raw|its yer boi guzma's rating: 1414 → 1429(+15 for winning)
|l|☆The Other Zee
