|j|☆Diladula
|j|☆Brr97
|t:|1685892737
|gametype|singles
|player|p1|Diladula|pokekid|1335
|player|p2|Brr97|unknown|1274
|teamsize|p1|6
|teamsize|p2|6
|gen|9
|tier|[Gen 9] OU
|rated|
|rule|Sleep Clause Mod: Limit one foe put to sleep
|rule|Species Clause: Limit one of each Pokémon
|rule|OHKO Clause: OHKO moves are banned
|rule|Evasion Items Clause: Evasion items are banned
|rule|Evasion Moves Clause: Evasion moves are banned
|rule|Endless Battle Clause: Forcing endless battles is banned
|rule|HP Percentage Mod: HP is shown in percentages
|clearpoke
|poke|p1|Sneasler, F|
|poke|p1|Arcanine-Hisui, F|
|poke|p1|Chesnaught, F|
|poke|p1|Goodra-Hisui, M|
|poke|p1|Great Tusk|
|poke|p1|Dragapult, F|
|poke|p2|Samurott-Hisui, M|
|poke|p2|Landorus-Therian, M|
|poke|p2|Rotom-Heat|
|poke|p2|Cresselia, F|
|poke|p2|Amoonguss, F|
|poke|p2|Braviary-Hisui, M|
|teampreview
|inactive|Battle timer is ON: inactive players will automatically lose when time's up. (requested by Brr97)
|
|t:|1685892747
|start
|switch|p1a: Goobra|Goodra-Hisui, M|100/100
|switch|p2a: Landorus|Landorus-Therian, M|100/100
|-ability|p2a: Landorus|Intimidate|boost
|-unboost|p1a: Goobra|atk|1
|turn|1
|
|t:|1685892756
|switch|p1a: Spin Forever|Great Tusk|100/100
|move|p2a: Landorus|Earthquake|p1a: Spin Forever
|-damage|p1a: Spin Forever|74/100
|
|-heal|p1a: Spin Forever|80/100|[from] item: Leftovers
|upkeep
|turn|2
|
|t:|1685892762
|switch|p2a: Amoonguss|Amoonguss, F|100/100
|move|p1a: Spin Forever|Ice Spinner|p2a: Amoonguss
|-supereffective|p2a: Amoonguss
|-damage|p2a: Amoonguss|47/100
|-damage|p1a: Spin Forever|64/100|[from] item: Rocky Helmet|[of] p2a: Amoonguss
|
|-heal|p1a: Spin Forever|70/100|[from] item: Leftovers
|upkeep
|turn|3
|
|t:|1685892772
|switch|p2a: Rotom|Rotom-Heat|100/100
|move|p1a: Spin Forever|Ice Spinner|p2a: Rotom
|-resisted|p2a: Rotom
|-damage|p2a: Rotom|85/100
|
|-heal|p1a: Spin Forever|76/100|[from] item: Leftovers
|upkeep
|turn|4
|
|t:|1685892780
|-end|p1a: Spin Forever|Protosynthesis|[silent]
|switch|p1a: Goobra|Goodra-Hisui, M|100/100
|move|p2a: Rotom|Shadow Ball|p1a: Goobra
|-damage|p1a: Goobra|80/100
|
|upkeep
|turn|5
|
|t:|1685892790
|switch|p2a: Landorus|Landorus-Therian, M|100/100
|-ability|p2a: Landorus|Intimidate|boost
|-unboost|p1a: Goobra|atk|1
|move|p1a: Goobra|Shelter|p1a: Goobra
|-boost|p1a: Goobra|def|2
|
|upkeep
|turn|6
|
|t:|1685892795
|move|p2a: Landorus|Earthquake|p1a: Goobra
|-supereffective|p1a: Goobra
|-damage|p1a: Goobra|38/100
|move|p1a: Goobra|Shelter|p1a: Goobra
|-boost|p1a: Goobra|def|2
|
|upkeep
|turn|7
|
|t:|1685892803
|move|p2a: Landorus|Earthquake|p1a: Goobra
|-supereffective|p1a: Goobra
|-damage|p1a: Goobra|9/100
|move|p1a: Goobra|Rest|p1a: Goobra
|-status|p1a: Goobra|slp|[from] move: Rest
|-heal|p1a: Goobra|100/100 slp|[silent]
|-enditem|p1a: Goobra|Chesto Berry|[eat]
|-curestatus|p1a: Goobra|slp|[msg]
|
|upkeep
|turn|8
|
|t:|1685892814
|move|p2a: Landorus|Earthquake|p1a: Goobra
|-supereffective|p1a: Goobra
|-damage|p1a: Goobra|68/100
|move|p1a: Goobra|Shelter|p1a: Goobra
|-boost|p1a: Goobra|def|2
|
|upkeep
|turn|9
|
|t:|1685892833
|switch|p2a: Rotom|Rotom-Heat|85/100
|move|p1a: Goobra|Body Press|p2a: Rotom
|-damage|p2a: Rotom|0 fnt
|faint|p2a: Rotom
|
|upkeep
|
|t:|1685892843
|switch|p2a: Amoonguss|Amoonguss, F|47/100
|turn|10
|
|t:|1685892848
|move|p1a: Goobra|Rest|p1a: Goobra
|-status|p1a: Goobra|slp|[from] move: Rest
|-heal|p1a: Goobra|100/100 slp|[silent]
|move|p2a: Amoonguss|Spore|p1a: Goobra
|-fail|p1a: Goobra|slp
|
|upkeep
|turn|11
|-message|Brr97 forfeited.
|
|win|Diladula
|raw|Diladula's rating: 1335 → 1352(+17 for winning)
|raw|Brr97's rating: 1274 → 1253(-21 for losing)
|l|☆Brr97
