|j|☆Atelophobia
|j|☆WeirdHamster
|t:|1685864436
|gametype|singles
|player|p1|Atelophobia|265|1581
|player|p2|WeirdHamster|volkner|1681
|teamsize|p1|6
|teamsize|p2|6
|gen|9
|tier|[Gen 9] OU
|rated|
|rule|Sleep Clause Mod: Limit one foe put to sleep
|rule|Species Clause: Limit one of each Pokémon
|rule|OHKO Clause: OHKO moves are banned
|rule|Evasion Items Clause: Evasion items are banned
|rule|Evasion Moves Clause: Evasion moves are banned
|rule|Endless Battle Clause: Forcing endless battles is banned
|rule|HP Percentage Mod: HP is shown in percentages
|clearpoke
|poke|p1|Chien-Pao|
|poke|p1|Goodra-Hisui, M|
|poke|p1|Typhlosion-Hisui, F|
|poke|p1|Lilligant-Hisui, F|
|poke|p1|Dragapult, F|
|poke|p1|Enamorus, F|
|poke|p2|Pelipper, F|
|poke|p2|Floatzel, F|
|poke|p2|Golduck, M|
|poke|p2|Pawmot, F|
|poke|p2|Toedscruel, F|
|poke|p2|Azumarill, F|
|teampreview
|inactive|Battle timer is ON: inactive players will automatically lose when time's up. (requested by WeirdHamster)
|
|t:|1685864444
|start
|switch|p1a: Lilligant|Lilligant-Hisui, F|100/100
|switch|p2a: Ghoti carrier|Pelipper, F|100/100
|-weather|RainDance|[from] ability: Drizzle|[of] p2a: Ghoti carrier
|turn|1
|
|t:|1685864446
|move|p1a: Lilligant|Sleep Powder|p2a: Ghoti carrier|[miss]
|-miss|p1a: Lilligant|p2a: Ghoti carrier
|move|p2a: Ghoti carrier|Hurricane|p1a: Lilligant
|-supereffective|p1a: Lilligant
|-damage|p1a: Lilligant|0 fnt
|faint|p1a: Lilligant
|
|-weather|RainDance|[upkeep]
|upkeep
|
|t:|1685864451
|switch|p1a: Goodra|Goodra-Hisui, M|100/100
|turn|2
|
|t:|1685864454
|switch|p2a: Really want eject|Pawmot, F|100/100
|move|p1a: Goodra|Iron Head|p2a: Really want eject
|-resisted|p2a: Really want eject
|-crit|p2a: Really want eject
|-damage|p2a: Really want eject|65/100
|
|-weather|RainDance|[upkeep]
|upkeep
|turn|3
|
|t:|1685864456
|move|p2a: Really want eject|Close Combat|p1a: Goodra
|-supereffective|p1a: Goodra
|-damage|p1a: Goodra|18/100
|-unboost|p2a: Really want eject|def|1
|-unboost|p2a: Really want eject|spd|1
|-ability|p1a: Goodra|Gooey
|-unboost|p2a: Really want eject|spe|1
|move|p1a: Goodra|Earthquake|p2a: Really want eject
|-supereffective|p2a: Really want eject
|-damage|p2a: Really want eject|0 fnt
|faint|p2a: Really want eject
|
|-weather|RainDance|[upkeep]
|upkeep
|
|t:|1685864459
|switch|p2a: BandedSkeda|Floatzel, F|100/100
|turn|4
|
|t:|1685864462
|move|p2a: BandedSkeda|Liquidation|p1a: Goodra
|-resisted|p1a: Goodra
|-damage|p1a: Goodra|0 fnt
|-ability|p1a: Goodra|Gooey
|-unboost|p2a: BandedSkeda|spe|1
|faint|p1a: Goodra
|
|-weather|RainDance|[upkeep]
|upkeep
|
|t:|1685864467
|switch|p1a: Dragapult|Dragapult, F|100/100
|turn|5
|
|t:|1685864472
|-terastallize|p1a: Dragapult|Ghost
|move|p1a: Dragapult|Tera Blast|p2a: BandedSkeda
|-damage|p2a: BandedSkeda|0 fnt
|faint|p2a: BandedSkeda
|
|-weather|RainDance|[upkeep]
|upkeep
|
|t:|1685864474
|switch|p2a: The Goat|Azumarill, F|100/100
|turn|6
|
|t:|1685864477
|move|p1a: Dragapult|Tera Blast|p2a: The Goat
|-damage|p2a: The Goat|14/100
|-enditem|p2a: The Goat|Sitrus Berry|[eat]
|-heal|p2a: The Goat|39/100|[from] item: Sitrus Berry
|move|p2a: The Goat|Belly Drum||[still]
|-fail|p2a: The Goat
|
|-weather|RainDance|[upkeep]
|upkeep
|turn|7
|
|t:|1685864482
|move|p2a: The Goat|Aqua Jet|p1a: Dragapult
|-damage|p1a: Dragapult|45/100
|move|p1a: Dragapult|Tera Blast|p2a: The Goat
|-damage|p2a: The Goat|0 fnt
|faint|p2a: The Goat
|
|-weather|RainDance|[upkeep]
|upkeep
|
|t:|1685864484
|switch|p2a: Seaking Duck|Golduck, M|100/100
|turn|8
|
|t:|1685864487
|move|p2a: Seaking Duck|Surf|p1a: Dragapult
|-damage|p1a: Dragapult|0 fnt
|faint|p1a: Dragapult
|-damage|p2a: Seaking Duck|91/100|[from] item: Life Orb
|
|-weather|none
|upkeep
|c|☆WeirdHamster|gg
|
|t:|1685864492
|switch|p1a: Enamorus|Enamorus, F|100/100
|turn|9
|
|t:|1685864495
|switch|p2a: Spaghetti Memory|Toedscruel, F|100/100
|move|p1a: Enamorus|Superpower|p2a: Spaghetti Memory
|-damage|p2a: Spaghetti Memory|54/100
|-boost|p1a: Enamorus|atk|1
|-boost|p1a: Enamorus|def|1
|-damage|p1a: Enamorus|84/100|[from] item: Rocky Helmet|[of] p2a: Spaghetti Memory
|
|-heal|p1a: Enamorus|90/100|[from] item: Leftovers
|upkeep
|turn|10
|
|t:|1685864497
|move|p1a: Enamorus|Superpower|p2a: Spaghetti Memory
|-damage|p2a: Spaghetti Memory|0 fnt
|-boost|p1a: Enamorus|atk|1
|-boost|p1a: Enamorus|def|1
|-damage|p1a: Enamorus|74/100|[from] item: Rocky Helmet|[of] p2a: Spaghetti Memory
|faint|p2a: Spaghetti Memory
|
|-heal|p1a: Enamorus|80/100|[from] item: Leftovers
|upkeep
|
|t:|1685864500
|switch|p2a: Ghoti carrier|Pelipper, F|100/100
|-weather|RainDance|[from] ability: Drizzle|[of] p2a: Ghoti carrier
|turn|11
|
|t:|1685864502
|move|p1a: Enamorus|Play Rough|p2a: Ghoti carrier
|-damage|p2a: Ghoti carrier|2/100
|move|p2a: Ghoti carrier|U-turn|p1a: Enamorus
|-resisted|p1a: Enamorus
|-damage|p1a: Enamorus|78/100
|
|t:|1685864504
|switch|p2a: Seaking Duck|Golduck, M|91/100|[from] U-turn
|
|-weather|RainDance|[upkeep]
|-heal|p1a: Enamorus|84/100|[from] item: Leftovers
|upkeep
|turn|12
|
|t:|1685864506
|move|p2a: Seaking Duck|Surf|p1a: Enamorus
|-damage|p1a: Enamorus|0 fnt
|faint|p1a: Enamorus
|-damage|p2a: Seaking Duck|81/100|[from] item: Life Orb
|
|-weather|RainDance|[upkeep]
|upkeep
|
|t:|1685864508
|switch|p1a: Chien-Pao|Chien-Pao|100/100
|-ability|p1a: Chien-Pao|Sword of Ruin
|turn|13
|
|t:|1685864509
|move|p1a: Chien-Pao|Sucker Punch|p2a: Seaking Duck
|-damage|p2a: Seaking Duck|16/100
|move|p2a: Seaking Duck|Surf|p1a: Chien-Pao
|-damage|p1a: Chien-Pao|0 fnt
|faint|p1a: Chien-Pao
|-damage|p2a: Seaking Duck|6/100|[from] item: Life Orb
|
|-weather|RainDance|[upkeep]
|upkeep
|
|t:|1685864513
|switch|p1a: Typhlosion|Typhlosion-Hisui, F|100/100
|-item|p2a: Seaking Duck|Life Orb|[from] ability: Frisk|[of] p1a: Typhlosion|[identify]
|turn|14
|
|t:|1685864515
|move|p2a: Seaking Duck|Surf|p1a: Typhlosion
|-supereffective|p1a: Typhlosion
|-damage|p1a: Typhlosion|0 fnt
|faint|p1a: Typhlosion
|-damage|p2a: Seaking Duck|0 fnt|[from] item: Life Orb
|faint|p2a: Seaking Duck
|
|win|WeirdHamster
|raw|Atelophobia's rating: 1581 → 1567(-14 for losing)
|raw|WeirdHamster's rating: 1681 → 1695(+14 for winning)
|l|☆Atelophobia
|c|☆WeirdHamster|nevermind
