|j|☆HomieDon'Dos
|j|☆mistherx
|t:|1685894282
|gametype|singles
|player|p1|HomieDon'Dos|clerk-boss|1046
|player|p2|mistherx|elesa|1000
|teamsize|p1|6
|teamsize|p2|6
|gen|9
|tier|[Gen 9] OU
|rated|
|rule|Sleep Clause Mod: Limit one foe put to sleep
|rule|Species Clause: Limit one of each Pokémon
|rule|OHKO Clause: OHKO moves are banned
|rule|Evasion Items Clause: Evasion items are banned
|rule|Evasion Moves Clause: Evasion moves are banned
|rule|Endless Battle Clause: Forcing endless battles is banned
|rule|HP Percentage Mod: HP is shown in percentages
|clearpoke
|poke|p1|Zapdos-Galar|
|poke|p1|Slowking-Galar, M|
|poke|p1|Landorus-Therian, M|
|poke|p1|Skeledirge, M|
|poke|p1|Volcarona, M|
|poke|p1|Dragapult, F|
|poke|p2|Persian-Alola, M|
|poke|p2|Ceruledge, M|
|poke|p2|Delphox, F|
|poke|p2|Samurott-Hisui, M|
|poke|p2|Muk-Alola, M|
|poke|p2|Lurantis, M|
|teampreview
|inactive|Battle timer is ON: inactive players will automatically lose when time's up. (requested by HomieDon'Dos)
|inactive|mistherx also wants the timer to be on.
|
|t:|1685894296
|start
|switch|p1a: Dragapult|Dragapult, F|100/100
|switch|p2a: Lurantis|Lurantis, M|100/100
|turn|1
|
|t:|1685894303
|move|p1a: Dragapult|U-turn|p2a: Lurantis
|-supereffective|p2a: Lurantis
|-damage|p2a: Lurantis|64/100
|
|t:|1685894307
|switch|p1a: Volcarona|Volcarona, M|100/100|[from] U-turn
|move|p2a: Lurantis|Leaf Storm|p1a: Volcarona
|-resisted|p1a: Volcarona
|-damage|p1a: Volcarona|90/100
|-boost|p2a: Lurantis|spa|2
|
|-heal|p2a: Lurantis|70/100|[from] item: Leftovers
|upkeep
|turn|2
|
|t:|1685894316
|-terastallize|p2a: Lurantis|Water
|move|p1a: Volcarona|Fiery Dance|p2a: Lurantis
|-resisted|p2a: Lurantis
|-damage|p2a: Lurantis|41/100
|move|p2a: Lurantis|Tera Blast|p1a: Volcarona
|-supereffective|p1a: Volcarona
|-damage|p1a: Volcarona|0 fnt
|faint|p1a: Volcarona
|
|-heal|p2a: Lurantis|47/100|[from] item: Leftovers
|upkeep
|
|t:|1685894329
|switch|p1a: Zapdos|Zapdos-Galar|100/100
|turn|3
|
|t:|1685894335
|move|p1a: Zapdos|Trailblaze|p2a: Lurantis
|-supereffective|p2a: Lurantis
|-damage|p2a: Lurantis|10/100
|-boost|p1a: Zapdos|spe|1
|move|p2a: Lurantis|Synthesis|p2a: Lurantis
|-heal|p2a: Lurantis|60/100
|
|-heal|p2a: Lurantis|66/100|[from] item: Leftovers
|upkeep
|turn|4
|
|t:|1685894346
|move|p1a: Zapdos|Bulk Up|p1a: Zapdos
|-boost|p1a: Zapdos|atk|1
|-boost|p1a: Zapdos|def|1
|move|p2a: Lurantis|Synthesis|p2a: Lurantis
|-heal|p2a: Lurantis|100/100
|
|upkeep
|turn|5
|
|t:|1685894352
|move|p1a: Zapdos|Trailblaze|p2a: Lurantis
|-supereffective|p2a: Lurantis
|-damage|p2a: Lurantis|40/100
|-boost|p1a: Zapdos|spe|1
|move|p2a: Lurantis|Leaf Storm|p1a: Zapdos
|-resisted|p1a: Zapdos
|-damage|p1a: Zapdos|51/100
|-boost|p2a: Lurantis|spa|2
|
|-heal|p2a: Lurantis|47/100|[from] item: Leftovers
|upkeep
|turn|6
|
|t:|1685894362
|move|p1a: Zapdos|Trailblaze|p2a: Lurantis
|-supereffective|p2a: Lurantis
|-damage|p2a: Lurantis|0 fnt
|-boost|p1a: Zapdos|spe|1
|faint|p2a: Lurantis
|
|upkeep
|
|t:|1685894373
|switch|p2a: Ceruledge|Ceruledge, M|100/100
|turn|7
|
|t:|1685894378
|-terastallize|p1a: Zapdos|Flying
|move|p1a: Zapdos|Tera Blast|p2a: Ceruledge
|-damage|p2a: Ceruledge|3/100
|move|p2a: Ceruledge|Bulk Up|p2a: Ceruledge
|-boost|p2a: Ceruledge|atk|1
|-boost|p2a: Ceruledge|def|1
|
|upkeep
|turn|8
|
|t:|1685894385
|move|p2a: Ceruledge|Shadow Sneak|p1a: Zapdos
|-damage|p1a: Zapdos|26/100
|move|p1a: Zapdos|Tera Blast|p2a: Ceruledge
|-crit|p2a: Ceruledge
|-damage|p2a: Ceruledge|0 fnt
|faint|p2a: Ceruledge
|
|upkeep
|-message|mistherx forfeited.
|
|win|HomieDon'Dos
|raw|HomieDon'Dos's rating: 1046 → 1075(+29 for winning)
|raw|mistherx's rating: 1000 → 1000(+0 for losing)
|l|☆mistherx
