|j|☆Michunium
|j|☆Mushyfangz
|t:|1685848457
|gametype|singles
|player|p1|Michunium|101|1012
|player|p2|Mushyfangz|hugh|1000
|teamsize|p1|6
|teamsize|p2|6
|gen|9
|tier|[Gen 9] OU
|rated|
|rule|Sleep Clause Mod: Limit one foe put to sleep
|rule|Species Clause: Limit one of each Pokémon
|rule|OHKO Clause: OHKO moves are banned
|rule|Evasion Items Clause: Evasion items are banned
|rule|Evasion Moves Clause: Evasion moves are banned
|rule|Endless Battle Clause: Forcing endless battles is banned
|rule|HP Percentage Mod: HP is shown in percentages
|clearpoke
|poke|p1|Ursaluna, F|
|poke|p1|Cinderace, F|
|poke|p1|Dragonite, F|
|poke|p1|Hydreigon, F|
|poke|p1|Espeon, F|
|poke|p1|Meowscarada, F|
|poke|p2|Samurott-Hisui, M|
|poke|p2|Meloetta|
|poke|p2|Dragonite, F|
|poke|p2|Gengar, F|
|poke|p2|Slowking-Galar, M|
|poke|p2|Corviknight, F|
|teampreview
|inactive|Battle timer is ON: inactive players will automatically lose when time's up. (requested by Mushyfangz)
|
|t:|1685848461
|start
|switch|p1a: Bianeon|Espeon, F|100/100
|switch|p2a: Samurott|Samurott-Hisui, M|100/100
|turn|1
|
|t:|1685848471
|move|p1a: Bianeon|Reflect|p1a: Bianeon
|-sidestart|p1: Michunium|Reflect
|move|p2a: Samurott|Megahorn|p1a: Bianeon
|-supereffective|p1a: Bianeon
|-damage|p1a: Bianeon|0 fnt
|faint|p1a: Bianeon
|
|upkeep
|
|t:|1685848479
|switch|p1a: Katy|Meowscarada, F|100/100
|turn|2
|
|t:|1685848483
|move|p1a: Katy|Petal Blizzard|p2a: Samurott
|-start|p1a: Katy|typechange|Grass|[from] ability: Protean
|-supereffective|p2a: Samurott
|-damage|p2a: Samurott|0 fnt
|faint|p2a: Samurott
|
|upkeep
|
|t:|1685848493
|switch|p2a: Slowking|Slowking-Galar, M|100/100
|turn|3
|
|t:|1685848512
|move|p1a: Katy|Petal Blizzard|p2a: Slowking
|-resisted|p2a: Slowking
|-damage|p2a: Slowking|68/100
|move|p2a: Slowking|Sludge Bomb|p1a: Katy
|-supereffective|p1a: Katy
|-damage|p1a: Katy|0 fnt
|faint|p1a: Katy
|
|upkeep
|
|t:|1685848524
|switch|p1a: Luna Luna Luna|Ursaluna, F|100/100
|turn|4
|
|t:|1685848541
|move|p1a: Luna Luna Luna|Bulk Up|p1a: Luna Luna Luna
|-boost|p1a: Luna Luna Luna|atk|1
|-boost|p1a: Luna Luna Luna|def|1
|move|p2a: Slowking|Chilling Water|p1a: Luna Luna Luna
|-supereffective|p1a: Luna Luna Luna
|-damage|p1a: Luna Luna Luna|78/100
|-unboost|p1a: Luna Luna Luna|atk|1
|
|-status|p1a: Luna Luna Luna|brn|[from] item: Flame Orb
|upkeep
|turn|5
|
|t:|1685848559
|-terastallize|p1a: Luna Luna Luna|Normal
|move|p1a: Luna Luna Luna|Facade|p2a: Slowking
|-damage|p2a: Slowking|0 fnt
|faint|p2a: Slowking
|
|-damage|p1a: Luna Luna Luna|72/100 brn|[from] brn
|upkeep
|
|t:|1685848570
|switch|p2a: Corviknight|Corviknight, F|100/100
|-ability|p2a: Corviknight|Pressure
|turn|6
|
|t:|1685848580
|move|p2a: Corviknight|Body Press|p1a: Luna Luna Luna
|-supereffective|p1a: Luna Luna Luna
|-damage|p1a: Luna Luna Luna|58/100 brn
|move|p1a: Luna Luna Luna|Facade|p2a: Corviknight
|-resisted|p2a: Corviknight
|-damage|p2a: Corviknight|46/100
|-damage|p1a: Luna Luna Luna|42/100 brn|[from] item: Rocky Helmet|[of] p2a: Corviknight
|
|-damage|p1a: Luna Luna Luna|35/100 brn|[from] brn
|upkeep
|turn|7
|
|t:|1685848594
|move|p2a: Corviknight|Iron Defense|p2a: Corviknight
|-boost|p2a: Corviknight|def|2
|move|p1a: Luna Luna Luna|Facade|p2a: Corviknight
|-resisted|p2a: Corviknight
|-damage|p2a: Corviknight|19/100
|-damage|p1a: Luna Luna Luna|19/100 brn|[from] item: Rocky Helmet|[of] p2a: Corviknight
|
|-damage|p1a: Luna Luna Luna|13/100 brn|[from] brn
|upkeep
|turn|8
|
|t:|1685848604
|move|p2a: Corviknight|Body Press|p1a: Luna Luna Luna
|-supereffective|p1a: Luna Luna Luna
|-damage|p1a: Luna Luna Luna|0 fnt
|faint|p1a: Luna Luna Luna
|
|-sideend|p1: Michunium|Reflect
|upkeep
|
|t:|1685848613
|switch|p1a: El Diego|Cinderace, F|100/100
|turn|9
|
|t:|1685848618
|move|p1a: El Diego|Pyro Ball|p2a: Corviknight
|-supereffective|p2a: Corviknight
|-damage|p2a: Corviknight|0 fnt
|faint|p2a: Corviknight
|
|upkeep
|
|t:|1685848631
|switch|p2a: Gengar|Gengar, F|100/100
|turn|10
|
|t:|1685848642
|move|p1a: El Diego|Protect|p1a: El Diego
|-start|p1a: El Diego|typechange|Normal|[from] ability: Libero
|-singleturn|p1a: El Diego|Protect
|move|p2a: Gengar|Shadow Ball|p1a: El Diego
|-activate|p1a: El Diego|move: Protect
|
|upkeep
|turn|11
|
|t:|1685848651
|move|p1a: El Diego|Pyro Ball|p2a: Gengar
|-damage|p2a: Gengar|14/100
|move|p2a: Gengar|Shadow Ball|p1a: El Diego
|-immune|p1a: El Diego
|
|upkeep
|turn|12
|
|t:|1685848662
|move|p1a: El Diego|Pyro Ball|p2a: Gengar
|-damage|p2a: Gengar|0 fnt
|faint|p2a: Gengar
|
|upkeep
|
|t:|1685848667
|switch|p2a: Meloetta|Meloetta|100/100
|turn|13
|
|t:|1685848675
|move|p1a: El Diego|Protect|p1a: El Diego
|-singleturn|p1a: El Diego|Protect
|move|p2a: Meloetta|Focus Blast|p1a: El Diego
|-activate|p1a: El Diego|move: Protect
|
|upkeep
|turn|14
|
|t:|1685848688
|move|p1a: El Diego|Gunk Shot|p2a: Meloetta
|-damage|p2a: Meloetta|57/100
|move|p2a: Meloetta|Focus Blast|p1a: El Diego
|-supereffective|p1a: El Diego
|-damage|p1a: El Diego|0 fnt
|faint|p1a: El Diego
|
|-heal|p2a: Meloetta|64/100|[from] item: Leftovers
|upkeep
|
|t:|1685848707
|switch|p1a: AHH UN SYLVEON|Hydreigon, F|100/100
|turn|15
|
|t:|1685848716
|-terastallize|p2a: Meloetta|Normal
|move|p1a: AHH UN SYLVEON|Dragon Dance|p1a: AHH UN SYLVEON
|-boost|p1a: AHH UN SYLVEON|atk|1
|-boost|p1a: AHH UN SYLVEON|spe|1
|move|p2a: Meloetta|Focus Blast|p1a: AHH UN SYLVEON
|-supereffective|p1a: AHH UN SYLVEON
|-damage|p1a: AHH UN SYLVEON|0 fnt
|faint|p1a: AHH UN SYLVEON
|
|-heal|p2a: Meloetta|70/100|[from] item: Leftovers
|upkeep
|
|t:|1685848720
|switch|p1a: OSTIA TIO|Dragonite, F|100/100
|turn|16
|
|t:|1685848728
|move|p1a: OSTIA TIO|Extreme Speed|p2a: Meloetta
|-damage|p2a: Meloetta|22/100
|move|p2a: Meloetta|Perish Song|p2a: Meloetta
|-start|p1a: OSTIA TIO|perish3|[silent]
|-start|p2a: Meloetta|perish3|[silent]
|-fieldactivate|move: Perish Song
|
|-heal|p2a: Meloetta|28/100|[from] item: Leftovers
|-start|p1a: OSTIA TIO|perish3
|-start|p2a: Meloetta|perish3
|upkeep
|turn|17
|
|t:|1685848738
|move|p1a: OSTIA TIO|Extreme Speed|p2a: Meloetta
|-damage|p2a: Meloetta|0 fnt
|faint|p2a: Meloetta
|
|-start|p1a: OSTIA TIO|perish2
|upkeep
|
|t:|1685848743
|switch|p2a: Dragonite|Dragonite, F|100/100
|turn|18
|
|t:|1685848747
|move|p1a: OSTIA TIO|Extreme Speed|p2a: Dragonite
|-damage|p2a: Dragonite|53/100
|move|p2a: Dragonite|Draco Meteor|p1a: OSTIA TIO
|-supereffective|p1a: OSTIA TIO
|-damage|p1a: OSTIA TIO|6/100
|-unboost|p2a: Dragonite|spa|2
|
|-start|p1a: OSTIA TIO|perish1
|upkeep
|turn|19
|
|t:|1685848758
|move|p1a: OSTIA TIO|Extreme Speed|p2a: Dragonite
|-damage|p2a: Dragonite|0 fnt
|faint|p2a: Dragonite
|
|win|Michunium
|raw|Michunium's rating: 1012 → 1049(+37 for winning)
|raw|Mushyfangz's rating: 1000 → 1000(+0 for losing)
|l|☆Mushyfangz
|c|☆Michunium|Gg
|c|☆Michunium|Ah, te saliste
|c|☆Michunium|Sos un forro
