|j|☆Ryu-09
|j|☆fitless
|t:|1685892479
|gametype|singles
|player|p1|Ryu-09|calem-masters|1311
|player|p2|fitless|266|1274
|teamsize|p1|6
|teamsize|p2|6
|gen|9
|tier|[Gen 9] OU
|rated|
|rule|Sleep Clause Mod: Limit one foe put to sleep
|rule|Species Clause: Limit one of each Pokémon
|rule|OHKO Clause: OHKO moves are banned
|rule|Evasion Items Clause: Evasion items are banned
|rule|Evasion Moves Clause: Evasion moves are banned
|rule|Endless Battle Clause: Forcing endless battles is banned
|rule|HP Percentage Mod: HP is shown in percentages
|clearpoke
|poke|p1|Magearna|
|poke|p1|Arcanine-Hisui, M|
|poke|p1|Chien-Pao|
|poke|p1|Roaring Moon|
|poke|p1|Moltres-Galar|
|poke|p1|Zamazenta-*|
|poke|p2|Great Tusk|
|poke|p2|Kingambit, M|
|poke|p2|Cinderace, M|
|poke|p2|Dragapult, M|
|poke|p2|Thundurus, M|
|poke|p2|Mew|
|teampreview
|inactive|Battle timer is ON: inactive players will automatically lose when time's up. (requested by Ryu-09)
|
|t:|1685892486
|start
|switch|p1a: fire rock dog|Arcanine-Hisui, M|100/100
|switch|p2a: Thundurus|Thundurus, M|100/100
|turn|1
|
|t:|1685892496
|move|p2a: Thundurus|Thunder Wave|p1a: fire rock dog
|-status|p1a: fire rock dog|par
|move|p1a: fire rock dog|Head Smash|p2a: Thundurus
|-supereffective|p2a: Thundurus
|-damage|p2a: Thundurus|0 fnt
|faint|p2a: Thundurus
|
|upkeep
|
|t:|1685892500
|switch|p2a: Great Tusk|Great Tusk|100/100
|-enditem|p2a: Great Tusk|Booster Energy
|-activate|p2a: Great Tusk|ability: Protosynthesis|[fromitem]
|-start|p2a: Great Tusk|protosynthesisatk
|turn|2
|
|t:|1685892508
|switch|p1a: fire birb|Moltres-Galar, shiny|100/100
|move|p2a: Great Tusk|Rapid Spin|p1a: fire birb
|-damage|p1a: fire birb|82/100
|-boost|p2a: Great Tusk|spe|1
|
|upkeep
|turn|3
|
|t:|1685892514
|move|p2a: Great Tusk|Ice Spinner|p1a: fire birb
|-supereffective|p1a: fire birb
|-damage|p1a: fire birb|24/100
|-enditem|p1a: fire birb|Weakness Policy
|-boost|p1a: fire birb|atk|2|[from] item: Weakness Policy
|-boost|p1a: fire birb|spa|2|[from] item: Weakness Policy
|-ability|p1a: fire birb|Berserk|boost
|-boost|p1a: fire birb|spa|1
|move|p1a: fire birb|Agility|p1a: fire birb
|-boost|p1a: fire birb|spe|2
|
|upkeep
|turn|4
|
|t:|1685892524
|-terastallize|p1a: fire birb|Flying
|move|p1a: fire birb|Tera Blast|p2a: Great Tusk
|-supereffective|p2a: Great Tusk
|-damage|p2a: Great Tusk|0 fnt
|faint|p2a: Great Tusk
|-end|p2a: Great Tusk|Protosynthesis|[silent]
|
|upkeep
|
|t:|1685892529
|switch|p2a: Kingambit|Kingambit, M|100/100
|-activate|p2a: Kingambit|ability: Supreme Overlord
|-start|p2a: Kingambit|fallen2|[silent]
|turn|5
|
|t:|1685892536
|move|p2a: Kingambit|Sucker Punch|p1a: fire birb
|-damage|p1a: fire birb|0 fnt
|faint|p1a: fire birb
|
|upkeep
|
|t:|1685892541
|switch|p1a: mege mence dino|Roaring Moon|100/100
|-enditem|p1a: mege mence dino|Booster Energy
|-activate|p1a: mege mence dino|ability: Protosynthesis|[fromitem]
|-start|p1a: mege mence dino|protosynthesisspe
|turn|6
|
|t:|1685892547
|-terastallize|p2a: Kingambit|Fairy
|move|p1a: mege mence dino|Earthquake|p2a: Kingambit
|-damage|p2a: Kingambit|74/100
|move|p2a: Kingambit|Tera Blast|p1a: mege mence dino
|-supereffective|p1a: mege mence dino
|-damage|p1a: mege mence dino|0 fnt
|faint|p1a: mege mence dino
|-end|p1a: mege mence dino|Protosynthesis|[silent]
|
|upkeep
|
|t:|1685892554
|switch|p1a: fire rock dog|Arcanine-Hisui, M|100/100 par
|turn|7
|
|t:|1685892562
|move|p1a: fire rock dog|Extreme Speed|p2a: Kingambit
|-damage|p2a: Kingambit|55/100
|move|p2a: Kingambit|Kowtow Cleave|p1a: fire rock dog
|-damage|p1a: fire rock dog|6/100 par
|
|upkeep
|turn|8
|
|t:|1685892567
|move|p1a: fire rock dog|Extreme Speed|p2a: Kingambit
|-damage|p2a: Kingambit|36/100
|move|p2a: Kingambit|Sucker Punch||[still]
|-fail|p2a: Kingambit
|
|upkeep
|turn|9
|
|t:|1685892572
|move|p1a: fire rock dog|Extreme Speed|p2a: Kingambit
|-damage|p2a: Kingambit|16/100
|move|p2a: Kingambit|Kowtow Cleave|p1a: fire rock dog
|-damage|p1a: fire rock dog|0 fnt
|faint|p1a: fire rock dog
|
|upkeep
|
|t:|1685892582
|switch|p1a: bing chilling|Chien-Pao|100/100
|-ability|p1a: bing chilling|Sword of Ruin
|turn|10
|
|t:|1685892591
|move|p1a: bing chilling|Crunch|p2a: Kingambit
|-resisted|p2a: Kingambit
|-damage|p2a: Kingambit|0 fnt
|faint|p2a: Kingambit
|-end|p2a: Kingambit|fallen2|[silent]
|
|upkeep
|
|t:|1685892595
|switch|p2a: Cinderace|Cinderace, M|100/100
|turn|11
|
|t:|1685892597
|move|p1a: bing chilling|Crunch|p2a: Cinderace
|-damage|p2a: Cinderace|0 fnt
|faint|p2a: Cinderace
|
|upkeep
|
|t:|1685892602
|switch|p2a: Mew|Mew|100/100
|turn|12
|
|t:|1685892605
|move|p1a: bing chilling|Crunch|p2a: Mew
|-supereffective|p2a: Mew
|-damage|p2a: Mew|0 fnt
|faint|p2a: Mew
|
|upkeep
|-message|fitless forfeited.
|
|win|Ryu-09
|raw|Ryu-09's rating: 1311 → 1329(+18 for winning)
|raw|fitless's rating: 1274 → 1252(-22 for losing)
|l|☆fitless
