|j|☆Teddy is manifest
|j|☆GohanMG
|t:|1685917983
|gametype|singles
|player|p1|Teddy is manifest|red|1617
|player|p2|GohanMG|cynthia|1746
|teamsize|p1|6
|teamsize|p2|6
|gen|9
|tier|[Gen 9] OU
|rated|
|rule|Sleep Clause Mod: Limit one foe put to sleep
|rule|Species Clause: Limit one of each Pokémon
|rule|OHKO Clause: OHKO moves are banned
|rule|Evasion Items Clause: Evasion items are banned
|rule|Evasion Moves Clause: Evasion moves are banned
|rule|Endless Battle Clause: Forcing endless battles is banned
|rule|HP Percentage Mod: HP is shown in percentages
|clearpoke
|poke|p1|Basculegion, M|
|poke|p1|Pelipper, M|
|poke|p1|Floatzel, M|
|poke|p1|Moltres-Galar|
|poke|p1|Iron Treads|
|poke|p1|Zapdos|
|poke|p2|Typhlosion-Hisui, F|
|poke|p2|Garchomp, F|
|poke|p2|Dragonite, M|
|poke|p2|Chien-Pao|
|poke|p2|Toxapex, F|
|poke|p2|Gholdengo|
|teampreview
|inactive|Battle timer is ON: inactive players will automatically lose when time's up. (requested by GohanMG)
|
|t:|1685918005
|start
|switch|p1a: Perú|Pelipper, M|100/100
|switch|p2a: Garchomp|Garchomp, F|100/100
|-weather|RainDance|[from] ability: Drizzle|[of] p1a: Perú
|turn|1
|
|t:|1685918021
|move|p2a: Garchomp|Stealth Rock|p1a: Perú
|-sidestart|p1: Teddy is manifest|move: Stealth Rock
|move|p1a: Perú|U-turn|p2a: Garchomp
|-damage|p2a: Garchomp|92/100
|-damage|p1a: Perú|88/100|[from] ability: Rough Skin|[of] p2a: Garchomp
|-damage|p1a: Perú|72/100|[from] item: Rocky Helmet|[of] p2a: Garchomp
|
|t:|1685918031
|switch|p1a: Piolin|Zapdos|100/100|[from] U-turn
|
|-weather|RainDance|[upkeep]
|upkeep
|turn|2
|
|t:|1685918036
|move|p2a: Garchomp|Spikes|p1a: Piolin
|-sidestart|p1: Teddy is manifest|Spikes
|move|p1a: Piolin|Hurricane|p2a: Garchomp
|-crit|p2a: Garchomp
|-damage|p2a: Garchomp|0 fnt
|faint|p2a: Garchomp
|
|-weather|RainDance|[upkeep]
|upkeep
|
|t:|1685918051
|switch|p2a: Chien-Pao|Chien-Pao|100/100
|-ability|p2a: Chien-Pao|Sword of Ruin
|turn|3
|
|t:|1685918081
|-terastallize|p2a: Chien-Pao|Dark
|move|p2a: Chien-Pao|Crunch|p1a: Piolin
|-damage|p1a: Piolin|0 fnt
|faint|p1a: Piolin
|
|-weather|RainDance|[upkeep]
|upkeep
|inactive|Teddy is manifest has 120 seconds left.
|
|t:|1685918095
|switch|p1a: Bernaldo Mercedes|Basculegion, M|100/100
|-damage|p1a: Bernaldo Mercedes|88/100|[from] Stealth Rock
|-damage|p1a: Bernaldo Mercedes|76/100|[from] Spikes
|turn|4
|
|t:|1685918103
|switch|p1a: Tusk 2:Mag killers|Iron Treads|100/100
|-damage|p1a: Tusk 2:Mag killers|97/100|[from] Stealth Rock
|-damage|p1a: Tusk 2:Mag killers|85/100|[from] Spikes
|switch|p2a: Toxapex|Toxapex, F, shiny|100/100
|
|-weather|RainDance|[upkeep]
|upkeep
|turn|5
|
|t:|1685918111
|switch|p2a: Typhlosion|Typhlosion-Hisui, F|100/100
|-item|p1a: Tusk 2:Mag killers|Assault Vest|[from] ability: Frisk|[of] p2a: Typhlosion|[identify]
|move|p1a: Tusk 2:Mag killers|Knock Off|p2a: Typhlosion
|-supereffective|p2a: Typhlosion
|-damage|p2a: Typhlosion|20/100
|-enditem|p2a: Typhlosion|Choice Specs|[from] move: Knock Off|[of] p1a: Tusk 2:Mag killers
|
|-weather|RainDance|[upkeep]
|upkeep
|turn|6
|inactive|Teddy is manifest has 120 seconds left.
|
|t:|1685918137
|-end|p1a: Tusk 2:Mag killers|Quark Drive|[silent]
|switch|p1a: Mark O Poloini|Floatzel, M|100/100
|-damage|p1a: Mark O Poloini|88/100|[from] Stealth Rock
|-damage|p1a: Mark O Poloini|76/100|[from] Spikes
|move|p2a: Typhlosion|Focus Blast|p1a: Mark O Poloini
|-damage|p1a: Mark O Poloini|0 fnt
|faint|p1a: Mark O Poloini
|
|-weather|RainDance|[upkeep]
|upkeep
|inactive|Teddy is manifest has 120 seconds left.
|
|t:|1685918146
|switch|p1a: Bernaldo Mercedes|Basculegion, M|76/100
|-damage|p1a: Bernaldo Mercedes|63/100|[from] Stealth Rock
|-damage|p1a: Bernaldo Mercedes|51/100|[from] Spikes
|turn|7
|
|t:|1685918150
|move|p1a: Bernaldo Mercedes|Wave Crash|p2a: Typhlosion
|-supereffective|p2a: Typhlosion
|-damage|p2a: Typhlosion|0 fnt
|faint|p2a: Typhlosion
|-damage|p1a: Bernaldo Mercedes|46/100|[from] Recoil
|
|-weather|RainDance|[upkeep]
|upkeep
|
|t:|1685918160
|switch|p2a: Toxapex|Toxapex, F, shiny|100/100
|turn|8
|
|t:|1685918165
|switch|p1a: Tusk 2:Mag killers|Iron Treads|85/100
|-damage|p1a: Tusk 2:Mag killers|82/100|[from] Stealth Rock
|-damage|p1a: Tusk 2:Mag killers|69/100|[from] Spikes
|move|p2a: Toxapex|Surf|p1a: Tusk 2:Mag killers
|-supereffective|p1a: Tusk 2:Mag killers
|-damage|p1a: Tusk 2:Mag killers|0 fnt
|faint|p1a: Tusk 2:Mag killers
|-end|p1a: Tusk 2:Mag killers|Quark Drive|[silent]
|
|-weather|none
|upkeep
|
|t:|1685918176
|switch|p1a: The True Jugg gdmt|Moltres-Galar|100/100
|-damage|p1a: The True Jugg gdmt|75/100|[from] Stealth Rock
|turn|9
|
|t:|1685918183
|-terastallize|p1a: The True Jugg gdmt|Steel
|move|p1a: The True Jugg gdmt|Nasty Plot|p1a: The True Jugg gdmt
|-boost|p1a: The True Jugg gdmt|spa|2
|move|p2a: Toxapex|Ice Beam|p1a: The True Jugg gdmt
|-resisted|p1a: The True Jugg gdmt
|-damage|p1a: The True Jugg gdmt|68/100
|
|upkeep
|turn|10
|
|t:|1685918192
|move|p1a: The True Jugg gdmt|Fiery Wrath|p2a: Toxapex
|-damage|p2a: Toxapex|45/100
|move|p2a: Toxapex|Infestation|p1a: The True Jugg gdmt
|-resisted|p1a: The True Jugg gdmt
|-damage|p1a: The True Jugg gdmt|67/100
|-activate|p1a: The True Jugg gdmt|move: Infestation|[of] p2a: Toxapex
|
|-damage|p1a: The True Jugg gdmt|54/100|[from] move: Infestation|[partiallytrapped]
|upkeep
|turn|11
|
|t:|1685918210
|switch|p2a: Chien-Pao|Chien-Pao, tera:Dark|100/100
|-ability|p2a: Chien-Pao|Sword of Ruin
|move|p1a: The True Jugg gdmt|Agility|p1a: The True Jugg gdmt
|-boost|p1a: The True Jugg gdmt|spe|2
|
|-end|p1a: The True Jugg gdmt|Infestation|[partiallytrapped]|[silent]
|upkeep
|turn|12
|
|t:|1685918223
|move|p2a: Chien-Pao|Ice Shard|p1a: The True Jugg gdmt
|-resisted|p1a: The True Jugg gdmt
|-damage|p1a: The True Jugg gdmt|36/100
|-ability|p1a: The True Jugg gdmt|Berserk|boost
|-boost|p1a: The True Jugg gdmt|spa|1
|move|p1a: The True Jugg gdmt|Nasty Plot|p1a: The True Jugg gdmt
|-boost|p1a: The True Jugg gdmt|spa|2
|
|upkeep
|turn|13
|
|t:|1685918226
|move|p2a: Chien-Pao|Ice Shard|p1a: The True Jugg gdmt
|-resisted|p1a: The True Jugg gdmt
|-damage|p1a: The True Jugg gdmt|16/100
|move|p1a: The True Jugg gdmt|Fiery Wrath|p2a: Chien-Pao
|-resisted|p2a: Chien-Pao
|-damage|p2a: Chien-Pao|0 fnt
|faint|p2a: Chien-Pao
|
|upkeep
|
|t:|1685918234
|switch|p2a: Dragonite|Dragonite, M|100/100
|turn|14
|
|t:|1685918241
|move|p1a: The True Jugg gdmt|Fiery Wrath|p2a: Dragonite
|-damage|p2a: Dragonite|6/100
|cant|p2a: Dragonite|flinch
|
|upkeep
|turn|15
|
|t:|1685918245
|move|p2a: Dragonite|Extreme Speed|p1a: The True Jugg gdmt
|-resisted|p1a: The True Jugg gdmt
|-damage|p1a: The True Jugg gdmt|1/100
|move|p1a: The True Jugg gdmt|Fiery Wrath|p2a: Dragonite
|-damage|p2a: Dragonite|0 fnt
|faint|p2a: Dragonite
|
|upkeep
|
|t:|1685918253
|switch|p2a: Toxapex|Toxapex, F, shiny|78/100
|turn|16
|
|t:|1685918256
|move|p1a: The True Jugg gdmt|Fiery Wrath|p2a: Toxapex
|-damage|p2a: Toxapex|0 fnt
|faint|p2a: Toxapex
|
|upkeep
|
|t:|1685918259
|switch|p2a: Gholdengo|Gholdengo|100/100
|turn|17
|c|☆GohanMG|ggs
|
|t:|1685918263
|move|p1a: The True Jugg gdmt|Fiery Wrath|p2a: Gholdengo
|-supereffective|p2a: Gholdengo
|-damage|p2a: Gholdengo|0 fnt
|faint|p2a: Gholdengo
|
|win|Teddy is manifest
|raw|Teddy is manifest's rating: 1617 → 1644(+27 for winning)
|raw|GohanMG's rating: 1746 → 1719(-27 for losing)
|l|☆GohanMG
