|j|☆so so soapie
|j|☆R4MI
|t:|1685931509
|gametype|singles
|player|p1|so so soapie|caitlin|1491
|player|p2|R4MI|swimmer-gen4dp|1495
|teamsize|p1|6
|teamsize|p2|6
|gen|9
|tier|[Gen 9] OU
|rated|
|rule|Sleep Clause Mod: Limit one foe put to sleep
|rule|Species Clause: Limit one of each Pokémon
|rule|OHKO Clause: OHKO moves are banned
|rule|Evasion Items Clause: Evasion items are banned
|rule|Evasion Moves Clause: Evasion moves are banned
|rule|Endless Battle Clause: Forcing endless battles is banned
|rule|HP Percentage Mod: HP is shown in percentages
|clearpoke
|poke|p1|Samurott-Hisui, F|
|poke|p1|Dragapult, M|
|poke|p1|Sneasler, M|
|poke|p1|Magearna|
|poke|p1|Volcarona, M|
|poke|p1|Zamazenta-*|
|poke|p2|Slowbro, M|
|poke|p2|Baxcalibur, F|
|poke|p2|Scizor, M|
|poke|p2|Enamorus-Therian, F|
|poke|p2|Iron Valiant|
|poke|p2|Kingambit, M|
|teampreview
|inactive|Battle timer is ON: inactive players will automatically lose when time's up. (requested by R4MI)
|
|t:|1685931527
|start
|switch|p1a: Samurott|Samurott-Hisui, F|100/100
|switch|p2a: Enamorus|Enamorus-Therian, F|100/100
|turn|1
|
|t:|1685931533
|move|p1a: Samurott|Ceaseless Edge|p2a: Enamorus
|-resisted|p2a: Enamorus
|-damage|p2a: Enamorus|78/100
|-sidestart|p2: R4MI|Spikes
|move|p2a: Enamorus|Moonblast|p1a: Samurott
|-supereffective|p1a: Samurott
|-enditem|p1a: Samurott|Focus Sash
|-damage|p1a: Samurott|1/100
|
|upkeep
|turn|2
|
|t:|1685931541
|move|p1a: Samurott|Razor Shell|p2a: Enamorus|[miss]
|-miss|p1a: Samurott|p2a: Enamorus
|move|p2a: Enamorus|Earth Power|p1a: Samurott
|-damage|p1a: Samurott|0 fnt
|faint|p1a: Samurott
|
|upkeep
|
|t:|1685931547
|switch|p1a: Sneasler|Sneasler, M|100/100
|-item|p1a: Sneasler|Air Balloon
|turn|3
|
|t:|1685931561
|switch|p2a: Scizor|Scizor, M|100/100
|-damage|p2a: Scizor|88/100|[from] Spikes
|move|p1a: Sneasler|Swords Dance|p1a: Sneasler
|-boost|p1a: Sneasler|atk|2
|
|upkeep
|turn|4
|
|t:|1685931569
|switch|p1a: Dragapult|Dragapult, M|100/100
|move|p2a: Scizor|Swords Dance|p2a: Scizor
|-boost|p2a: Scizor|atk|2
|
|upkeep
|turn|5
|
|t:|1685931578
|switch|p2a: Enamorus|Enamorus-Therian, F|78/100
|move|p1a: Dragapult|Curse|p2a: Enamorus
|-start|p2a: Enamorus|Curse|[of] p1a: Dragapult
|-damage|p1a: Dragapult|51/100
|
|-damage|p2a: Enamorus|53/100|[from] Curse
|upkeep
|turn|6
|
|t:|1685931583
|switch|p1a: Zamazenta|Zamazenta-Crowned|100/100
|-ability|p1a: Zamazenta|Dauntless Shield|boost
|-boost|p1a: Zamazenta|def|1
|move|p2a: Enamorus|Moonblast|p1a: Zamazenta
|-damage|p1a: Zamazenta|66/100
|-unboost|p1a: Zamazenta|spa|1
|
|-damage|p2a: Enamorus|29/100|[from] Curse
|upkeep
|turn|7
|
|t:|1685931592
|move|p1a: Zamazenta|Behemoth Bash|p2a: Enamorus
|-supereffective|p2a: Enamorus
|-damage|p2a: Enamorus|0 fnt
|faint|p2a: Enamorus
|
|upkeep
|inactive|R4MI has 120 seconds left.
|
|t:|1685931631
|switch|p2a: Slowbro|Slowbro, M|100/100
|-damage|p2a: Slowbro|88/100|[from] Spikes
|turn|8
|inactive|R4MI has 120 seconds left.
|
|t:|1685931644
|move|p1a: Zamazenta|Crunch|p2a: Slowbro
|-supereffective|p2a: Slowbro
|-damage|p2a: Slowbro|63/100
|-enditem|p2a: Slowbro|Weakness Policy
|-boost|p2a: Slowbro|atk|2|[from] item: Weakness Policy
|-boost|p2a: Slowbro|spa|2|[from] item: Weakness Policy
|move|p2a: Slowbro|Trick Room|p2a: Slowbro
|-fieldstart|move: Trick Room|[of] p2a: Slowbro
|
|upkeep
|turn|9
|c|☆so so soapie|oh no
|
|t:|1685931656
|move|p2a: Slowbro|Flamethrower|p1a: Zamazenta
|-supereffective|p1a: Zamazenta
|-damage|p1a: Zamazenta|0 fnt
|faint|p1a: Zamazenta
|
|upkeep
|c|☆R4MI|>:)
|
|t:|1685931663
|switch|p1a: Sneasler|Sneasler, M|100/100
|-item|p1a: Sneasler|Air Balloon
|turn|10
|
|t:|1685931666
|move|p2a: Slowbro|Psychic|p1a: Sneasler
|-supereffective|p1a: Sneasler
|-damage|p1a: Sneasler|0 fnt
|-enditem|p1a: Sneasler|Air Balloon
|faint|p1a: Sneasler
|
|upkeep
|c|☆so so soapie|well gg
|-message|so so soapie forfeited.
|
|win|R4MI
|raw|so so soapie's rating: 1491 → 1471(-20 for losing)
|raw|R4MI's rating: 1495 → 1515(+20 for winning)
|l|☆so so soapie
