|j|☆Zoulou Furieux
|j|☆Aggron
|t:|1685929441
|gametype|singles
|player|p1|Zoulou Furieux|lady-gen4|1653
|player|p2|Aggron|102|1718
|teamsize|p1|6
|teamsize|p2|6
|gen|9
|tier|[Gen 9] OU
|rated|
|rule|Sleep Clause Mod: Limit one foe put to sleep
|rule|Species Clause: Limit one of each Pokémon
|rule|OHKO Clause: OHKO moves are banned
|rule|Evasion Items Clause: Evasion items are banned
|rule|Evasion Moves Clause: Evasion moves are banned
|rule|Endless Battle Clause: Forcing endless battles is banned
|rule|HP Percentage Mod: HP is shown in percentages
|clearpoke
|poke|p1|Zamazenta-*|
|poke|p1|Chien-Pao|
|poke|p1|Landorus-Therian, M|
|poke|p1|Magearna|
|poke|p1|Gholdengo|
|poke|p1|Iron Valiant|
|poke|p2|Ursaluna, M|
|poke|p2|Magearna|
|poke|p2|Slowking, M|
|poke|p2|Crabominable, M|
|poke|p2|Cinderace, M|
|poke|p2|Hoopa|
|teampreview
|inactive|Battle timer is ON: inactive players will automatically lose when time's up. (requested by Aggron)
|j| Publix Lemonade
|
|t:|1685929451
|start
|switch|p1a: Landorus|Landorus-Therian, M|100/100
|switch|p2a: Hoopa|Hoopa|100/100
|-ability|p1a: Landorus|Intimidate|boost
|-unboost|p2a: Hoopa|atk|1
|turn|1
|c|☆Zoulou Furieux|trick room so cracked
|
|t:|1685929459
|move|p1a: Landorus|Taunt|p2a: Hoopa
|-start|p2a: Hoopa|move: Taunt
|cant|p2a: Hoopa|move: Taunt|Trick Room
|
|upkeep
|turn|2
|j| lllllil
|j| cqx_z
|
|t:|1685929475
|switch|p2a: Slowking|Slowking, M|100/100
|move|p1a: Landorus|Stealth Rock|p2a: Slowking
|-sidestart|p2: Aggron|move: Stealth Rock
|
|upkeep
|turn|3
|
|t:|1685929489
|move|p1a: Landorus|Taunt|p2a: Slowking
|-start|p2a: Slowking|move: Taunt
|move|p2a: Slowking|Surf|p1a: Landorus
|-supereffective|p1a: Landorus
|-damage|p1a: Landorus|25/100
|
|upkeep
|turn|4
|
|t:|1685929497
|move|p1a: Landorus|Earthquake|p2a: Slowking
|-damage|p2a: Slowking|62/100
|move|p2a: Slowking|Surf|p1a: Landorus
|-supereffective|p1a: Landorus
|-damage|p1a: Landorus|0 fnt
|faint|p1a: Landorus
|
|upkeep
|
|t:|1685929506
|switch|p1a: Gholdengo|Gholdengo|100/100
|-item|p1a: Gholdengo|Air Balloon
|turn|5
|
|t:|1685929510
|switch|p2a: Cinderace|Cinderace, M|100/100
|move|p1a: Gholdengo|Nasty Plot|p1a: Gholdengo
|-boost|p1a: Gholdengo|spa|2
|
|upkeep
|turn|6
|
|t:|1685929517
|-terastallize|p1a: Gholdengo|Fighting
|move|p2a: Cinderace|Court Change|p2a: Cinderace
|-start|p2a: Cinderace|typechange|Normal|[from] ability: Libero
|-swapsideconditions
|-activate|p2a: Cinderace|move: Court Change
|move|p1a: Gholdengo|Shadow Ball|p2a: Cinderace
|-immune|p2a: Cinderace
|
|upkeep
|turn|7
|l| cqx_z
|
|t:|1685929532
|move|p2a: Cinderace|Pyro Ball|p1a: Gholdengo|[miss]
|-miss|p2a: Cinderace|p1a: Gholdengo
|move|p1a: Gholdengo|Make It Rain|p2a: Cinderace
|-crit|p2a: Cinderace
|-damage|p2a: Cinderace|0 fnt
|-unboost|p1a: Gholdengo|spa|1
|faint|p2a: Cinderace
|
|upkeep
|
|t:|1685929535
|switch|p2a: Hoopa|Hoopa|100/100
|turn|8
|
|t:|1685929543
|move|p1a: Gholdengo|Shadow Ball|p2a: Hoopa
|-supereffective|p2a: Hoopa
|-enditem|p2a: Hoopa|Focus Sash
|-damage|p2a: Hoopa|1/100
|move|p2a: Hoopa|Trick Room|p2a: Hoopa
|-fieldstart|move: Trick Room|[of] p2a: Hoopa
|
|upkeep
|turn|9
|
|t:|1685929547
|move|p2a: Hoopa|Destiny Bond|p2a: Hoopa
|-singlemove|p2a: Hoopa|Destiny Bond
|move|p1a: Gholdengo|Shadow Ball|p2a: Hoopa
|-supereffective|p2a: Hoopa
|-damage|p2a: Hoopa|0 fnt
|faint|p2a: Hoopa
|-activate|p2a: Hoopa|move: Destiny Bond
|faint|p1a: Gholdengo
|
|upkeep
|j| Kyurem
|
|t:|1685929560
|switch|p2a: Magearna|Magearna|100/100
|switch|p1a: Zamazenta|Zamazenta, shiny|100/100
|-damage|p1a: Zamazenta|94/100|[from] Stealth Rock
|-ability|p1a: Zamazenta|Dauntless Shield|boost
|-boost|p1a: Zamazenta|def|1
|turn|10
|
|t:|1685929575
|switch|p1a: Chien-Pao|Chien-Pao|100/100
|-damage|p1a: Chien-Pao|76/100|[from] Stealth Rock
|-ability|p1a: Chien-Pao|Sword of Ruin
|move|p2a: Magearna|Fleur Cannon|p1a: Chien-Pao
|-supereffective|p1a: Chien-Pao
|-damage|p1a: Chien-Pao|0 fnt
|-unboost|p2a: Magearna|spa|2
|-enditem|p2a: Magearna|Eject Pack
|faint|p1a: Chien-Pao
|-ability|p2a: Magearna|Soul-Heart|boost
|-boost|p2a: Magearna|spa|1
|
|t:|1685929577
|switch|p2a: Ursaluna|Ursaluna, M|100/100
|
|-status|p2a: Ursaluna|brn|[from] item: Flame Orb
|upkeep
|
|t:|1685929580
|switch|p1a: Zamazenta|Zamazenta, shiny|94/100
|-damage|p1a: Zamazenta|88/100|[from] Stealth Rock
|turn|11
|
|t:|1685929588
|switch|p2a: Slowking|Slowking, M|95/100
|move|p1a: Zamazenta|Body Press|p2a: Slowking
|-resisted|p2a: Slowking
|-crit|p2a: Slowking
|-damage|p2a: Slowking|79/100
|
|-heal|p1a: Zamazenta|94/100|[from] item: Leftovers
|upkeep
|turn|12
|
|t:|1685929591
|move|p1a: Zamazenta|Substitute|p1a: Zamazenta
|-start|p1a: Zamazenta|Substitute
|-damage|p1a: Zamazenta|69/100
|move|p2a: Slowking|Psychic|p1a: Zamazenta
|-supereffective|p1a: Zamazenta
|-end|p1a: Zamazenta|Substitute
|
|-heal|p1a: Zamazenta|76/100|[from] item: Leftovers
|-fieldend|move: Trick Room
|upkeep
|turn|13
|
|t:|1685929597
|switch|p1a: Magearna|Magearna|100/100
|-damage|p1a: Magearna|94/100|[from] Stealth Rock
|move|p2a: Slowking|Trick Room|p2a: Slowking
|-fieldstart|move: Trick Room|[of] p2a: Slowking
|
|-heal|p1a: Magearna|100/100|[from] item: Leftovers
|upkeep
|turn|14
|
|t:|1685929601
|move|p1a: Magearna|Calm Mind|p1a: Magearna
|-boost|p1a: Magearna|spa|1
|-boost|p1a: Magearna|spd|1
|move|p2a: Slowking|Chilly Reception|p2a: Slowking
|-weather|Snow
|
|t:|1685929608
|switch|p2a: Ursaluna|Ursaluna, M|100/100 brn|[from] Chilly Reception
|
|-weather|Snow|[upkeep]
|-damage|p2a: Ursaluna|94/100 brn|[from] brn
|upkeep
|turn|15
|-message|Zoulou Furieux forfeited.
|
|win|Aggron
|raw|Zoulou Furieux's rating: 1653 → 1637(-16 for losing)
|raw|Aggron's rating: 1718 → 1734(+16 for winning)
|l|☆Zoulou Furieux
|l| lllllil
