|j|☆Dead3y3
|j|☆TheNutmeg33
|t:|1685913924
|gametype|singles
|player|p1|Dead3y3|linebacker|1337
|player|p2|TheNutmeg33|101|1387
|teamsize|p1|6
|teamsize|p2|6
|gen|9
|tier|[Gen 9] OU
|rated|
|rule|Sleep Clause Mod: Limit one foe put to sleep
|rule|Species Clause: Limit one of each Pokémon
|rule|OHKO Clause: OHKO moves are banned
|rule|Evasion Items Clause: Evasion items are banned
|rule|Evasion Moves Clause: Evasion moves are banned
|rule|Endless Battle Clause: Forcing endless battles is banned
|rule|HP Percentage Mod: HP is shown in percentages
|clearpoke
|poke|p1|Drifblim, M|
|poke|p1|Hydreigon, F|
|poke|p1|Armarouge, M|
|poke|p1|Great Tusk|
|poke|p1|Meowscarada, M|
|poke|p1|Gholdengo|
|poke|p2|Chien-Pao|
|poke|p2|Volcarona, F|
|poke|p2|Lilligant-Hisui, F|
|poke|p2|Landorus-Therian, M|
|poke|p2|Hatterene, F|
|poke|p2|Zamazenta-*|
|teampreview
|
|t:|1685913935
|start
|switch|p1a: Ebony.D'N.D.R.W|Meowscarada, M|100/100
|switch|p2a: Chien-Pao|Chien-Pao|100/100
|-ability|p2a: Chien-Pao|Sword of Ruin
|turn|1
|inactive|Battle timer is ON: inactive players will automatically lose when time's up. (requested by TheNutmeg33)
|inactive|Dead3y3 also wants the timer to be on.
|
|t:|1685913948
|switch|p1a: gamemode c|Armarouge, M|100/100
|move|p2a: Chien-Pao|Ice Spinner|p1a: gamemode c
|-resisted|p1a: gamemode c
|-damage|p1a: gamemode c|75/100
|-ability|p1a: gamemode c|Weak Armor|boost
|-unboost|p1a: gamemode c|def|1
|-boost|p1a: gamemode c|spe|2
|-damage|p2a: Chien-Pao|91/100|[from] item: Life Orb
|
|upkeep
|turn|2
|
|t:|1685913960
|-terastallize|p1a: gamemode c|Fighting
|move|p2a: Chien-Pao|Sucker Punch||[still]
|-fail|p2a: Chien-Pao
|move|p1a: gamemode c|Iron Defense|p1a: gamemode c
|-boost|p1a: gamemode c|def|2
|
|upkeep
|turn|3
|
|t:|1685913977
|switch|p2a: Hatterene|Hatterene, F|100/100
|move|p1a: gamemode c|Iron Defense|p1a: gamemode c
|-boost|p1a: gamemode c|def|2
|
|upkeep
|turn|4
|
|t:|1685913986
|move|p1a: gamemode c|Calm Mind|p1a: gamemode c
|-boost|p1a: gamemode c|spa|1
|-boost|p1a: gamemode c|spd|1
|move|p2a: Hatterene|Draining Kiss|p1a: gamemode c
|-supereffective|p1a: gamemode c
|-damage|p1a: gamemode c|49/100
|-enditem|p1a: gamemode c|Weakness Policy
|-boost|p1a: gamemode c|atk|2|[from] item: Weakness Policy
|-boost|p1a: gamemode c|spa|2|[from] item: Weakness Policy
|
|upkeep
|turn|5
|
|t:|1685913994
|move|p1a: gamemode c|Calm Mind|p1a: gamemode c
|-boost|p1a: gamemode c|spa|1
|-boost|p1a: gamemode c|spd|1
|move|p2a: Hatterene|Draining Kiss|p1a: gamemode c
|-supereffective|p1a: gamemode c
|-damage|p1a: gamemode c|28/100
|
|upkeep
|turn|6
|
|t:|1685914000
|move|p1a: gamemode c|Stored Power|p2a: Hatterene
|-resisted|p2a: Hatterene
|-damage|p2a: Hatterene|0 fnt
|faint|p2a: Hatterene
|
|upkeep
|
|t:|1685914009
|switch|p2a: Chien-Pao|Chien-Pao|91/100
|-ability|p2a: Chien-Pao|Sword of Ruin
|turn|7
|
|t:|1685914015
|move|p1a: gamemode c|Aura Sphere|p2a: Chien-Pao
|-supereffective|p2a: Chien-Pao
|-damage|p2a: Chien-Pao|0 fnt
|faint|p2a: Chien-Pao
|
|upkeep
|
|t:|1685914021
|switch|p2a: Volcarona|Volcarona, F|100/100
|turn|8
|
|t:|1685914024
|move|p1a: gamemode c|Stored Power|p2a: Volcarona
|-damage|p2a: Volcarona|0 fnt
|faint|p2a: Volcarona
|
|upkeep
|-message|TheNutmeg33 forfeited.
|
|win|Dead3y3
|raw|Dead3y3's rating: 1337 → 1360(+23 for winning)
|raw|TheNutmeg33's rating: 1387 → 1364(-23 for losing)
|l|☆TheNutmeg33
