|j|☆Ivan Veiga
|j|☆Rap's my Fave Meme
|t:|1685901065
|gametype|singles
|player|p1|Ivan Veiga|266|1073
|player|p2|Rap's my Fave Meme|mrfuji-gen3|1119
|teamsize|p1|6
|teamsize|p2|6
|gen|9
|tier|[Gen 9] OU
|rated|
|rule|Sleep Clause Mod: Limit one foe put to sleep
|rule|Species Clause: Limit one of each Pokémon
|rule|OHKO Clause: OHKO moves are banned
|rule|Evasion Items Clause: Evasion items are banned
|rule|Evasion Moves Clause: Evasion moves are banned
|rule|Endless Battle Clause: Forcing endless battles is banned
|rule|HP Percentage Mod: HP is shown in percentages
|clearpoke
|poke|p1|Indeedee, M|
|poke|p1|Sneasler, F|
|poke|p1|Volcarona, M|
|poke|p1|Chien-Pao|
|poke|p1|Glimmora, F|
|poke|p1|Gholdengo|
|poke|p2|Electrode-Hisui|
|poke|p2|Zangoose, M|
|poke|p2|Tropius, M|
|poke|p2|Seviper, F|
|poke|p2|Enamorus, F|
|poke|p2|Heatran, F|
|teampreview
|
|t:|1685901075
|start
|switch|p1a: Glimmora|Glimmora, F|100/100
|switch|p2a: Zangose|Zangoose, M|100/100
|turn|1
|
|t:|1685901080
|move|p2a: Zangose|Body Slam|p1a: Glimmora
|-resisted|p1a: Glimmora
|-damage|p1a: Glimmora|78/100
|-activate|p1a: Glimmora|ability: Toxic Debris
|-sidestart|p2: Rap's my Fave Meme|move: Toxic Spikes
|move|p1a: Glimmora|Stealth Rock|p2a: Zangose
|-sidestart|p2: Rap's my Fave Meme|move: Stealth Rock
|
|upkeep
|turn|2
|j| less might be more
|
|t:|1685901087
|move|p2a: Zangose|Body Slam|p1a: Glimmora
|-resisted|p1a: Glimmora
|-damage|p1a: Glimmora|52/100
|-activate|p1a: Glimmora|ability: Toxic Debris
|-sidestart|p2: Rap's my Fave Meme|move: Toxic Spikes
|move|p1a: Glimmora|Spikes|p2a: Zangose
|-sidestart|p2: Rap's my Fave Meme|Spikes
|
|upkeep
|turn|3
|j| pee bear
|j| champ stalker
|
|t:|1685901102
|move|p2a: Zangose|Belly Drum|p2a: Zangose
|-damage|p2a: Zangose|50/100
|-setboost|p2a: Zangose|atk|6|[from] move: Belly Drum
|-enditem|p2a: Zangose|Sitrus Berry|[eat]
|-heal|p2a: Zangose|75/100|[from] item: Sitrus Berry
|move|p1a: Glimmora|Spikes|p2a: Zangose
|-sidestart|p2: Rap's my Fave Meme|Spikes
|
|upkeep
|turn|4
|
|t:|1685901110
|move|p2a: Zangose|Body Slam|p1a: Glimmora
|-resisted|p1a: Glimmora
|-damage|p1a: Glimmora|0 fnt
|faint|p1a: Glimmora
|
|upkeep
|
|t:|1685901122
|switch|p1a: Chien-Pao|Chien-Pao|100/100
|-ability|p1a: Chien-Pao|Sword of Ruin
|turn|5
|
|t:|1685901139
|move|p2a: Zangose|Quick Attack|p1a: Chien-Pao
|-enditem|p1a: Chien-Pao|Focus Sash
|-damage|p1a: Chien-Pao|1/100
|move|p1a: Chien-Pao|Sacred Sword|p2a: Zangose
|-supereffective|p2a: Zangose
|-crit|p2a: Zangose
|-damage|p2a: Zangose|0 fnt
|faint|p2a: Zangose
|
|upkeep
|
|t:|1685901145
|switch|p2a: Sevper|Seviper, F|100/100
|-sideend|p2: Rap's my Fave Meme|move: Toxic Spikes|[of] p2a: Sevper
|-damage|p2a: Sevper|88/100|[from] Stealth Rock
|-damage|p2a: Sevper|71/100|[from] Spikes
|turn|6
|
|t:|1685901154
|move|p1a: Chien-Pao|Icicle Crash|p2a: Sevper
|-damage|p2a: Sevper|0 fnt
|faint|p2a: Sevper
|
|upkeep
|
|t:|1685901159
|switch|p2a: the maddening ball|Electrode-Hisui|100/100
|turn|7
|
|t:|1685901167
|move|p2a: the maddening ball|Discharge|p1a: Chien-Pao
|-damage|p1a: Chien-Pao|0 fnt
|faint|p1a: Chien-Pao
|
|upkeep
|inactive|Battle timer is ON: inactive players will automatically lose when time's up. (requested by Rap's my Fave Meme)
|
|t:|1685901198
|switch|p1a: Indeedee|Indeedee, M|100/100
|-fieldstart|move: Psychic Terrain|[from] ability: Psychic Surge|[of] p1a: Indeedee
|turn|8
|
|t:|1685901204
|move|p2a: the maddening ball|Substitute|p2a: the maddening ball
|-start|p2a: the maddening ball|Substitute
|-damage|p2a: the maddening ball|75/100
|move|p1a: Indeedee|Psychic|p2a: the maddening ball
|-end|p2a: the maddening ball|Substitute
|
|upkeep
|turn|9
|
|t:|1685901212
|move|p2a: the maddening ball|Protect|p2a: the maddening ball
|-singleturn|p2a: the maddening ball|Protect
|move|p1a: Indeedee|Psychic|p2a: the maddening ball
|-activate|p2a: the maddening ball|move: Protect
|
|upkeep
|turn|10
|
|t:|1685901216
|move|p2a: the maddening ball|Substitute|p2a: the maddening ball
|-start|p2a: the maddening ball|Substitute
|-damage|p2a: the maddening ball|50/100
|move|p1a: Indeedee|Psychic|p2a: the maddening ball
|-end|p2a: the maddening ball|Substitute
|
|upkeep
|turn|11
|
|t:|1685901221
|move|p2a: the maddening ball|Protect|p2a: the maddening ball
|-singleturn|p2a: the maddening ball|Protect
|move|p1a: Indeedee|Psychic|p2a: the maddening ball
|-activate|p2a: the maddening ball|move: Protect
|
|upkeep
|turn|12
|
|t:|1685901224
|move|p2a: the maddening ball|Substitute|p2a: the maddening ball
|-start|p2a: the maddening ball|Substitute
|-damage|p2a: the maddening ball|25/100
|move|p1a: Indeedee|Psychic|p2a: the maddening ball
|-end|p2a: the maddening ball|Substitute
|
|upkeep
|turn|13
|
|t:|1685901233
|switch|p1a: Sneasler|Sneasler, F|100/100
|-enditem|p1a: Sneasler|Psychic Seed
|-boost|p1a: Sneasler|spd|1|[from] item: Psychic Seed
|move|p2a: the maddening ball|Protect||[still]
|-fail|p2a: the maddening ball
|
|upkeep
|turn|14
|
|t:|1685901249
|move|p1a: Sneasler|Swords Dance|p1a: Sneasler
|-boost|p1a: Sneasler|atk|2
|move|p2a: the maddening ball|Leech Seed|p1a: Sneasler|[miss]
|-miss|p2a: the maddening ball|p1a: Sneasler
|
|upkeep
|turn|15
|c|☆Rap's my Fave Meme|A V O I D E D
|
|t:|1685901257
|move|p1a: Sneasler|Dire Claw|p2a: the maddening ball
|-supereffective|p2a: the maddening ball
|-damage|p2a: the maddening ball|0 fnt
|faint|p2a: the maddening ball
|
|-fieldend|move: Psychic Terrain
|upkeep
|
|t:|1685901263
|switch|p2a: rip hellfrog|Heatran, F|100/100
|-damage|p2a: rip hellfrog|88/100|[from] Stealth Rock
|-damage|p2a: rip hellfrog|71/100|[from] Spikes
|turn|16
|
|t:|1685901271
|-terastallize|p2a: rip hellfrog|Fire
|move|p1a: Sneasler|Close Combat|p2a: rip hellfrog
|-damage|p2a: rip hellfrog|0 fnt
|-unboost|p1a: Sneasler|def|1
|-unboost|p1a: Sneasler|spd|1
|faint|p2a: rip hellfrog
|
|upkeep
|
|t:|1685901275
|switch|p2a: enormous chef|Enamorus, F|100/100
|-damage|p2a: enormous chef|75/100|[from] Stealth Rock
|turn|17
|
|t:|1685901281
|-terastallize|p1a: Sneasler|Flying
|move|p1a: Sneasler|Acrobatics|p2a: enormous chef
|-damage|p2a: enormous chef|0 fnt
|faint|p2a: enormous chef
|
|upkeep
|
|t:|1685901289
|switch|p2a: Tropus|Tropius, M|100/100
|-damage|p2a: Tropus|75/100|[from] Stealth Rock
|turn|18
|
|t:|1685901292
|move|p1a: Sneasler|Acrobatics|p2a: Tropus
|-supereffective|p2a: Tropus
|-damage|p2a: Tropus|0 fnt
|faint|p2a: Tropus
|
|win|Ivan Veiga
|raw|Ivan Veiga's rating: 1073 → 1106(+33 for winning)
|raw|Rap's my Fave Meme's rating: 1119 → 1091(-28 for losing)
