|j|☆Ctannn
|j|☆GohanMG
|t:|1685917084
|gametype|singles
|player|p1|Ctannn|1|1820
|player|p2|GohanMG|cynthia|1745
|teamsize|p1|6
|teamsize|p2|6
|gen|9
|tier|[Gen 9] OU
|rated|
|rule|Sleep Clause Mod: Limit one foe put to sleep
|rule|Species Clause: Limit one of each Pokémon
|rule|OHKO Clause: OHKO moves are banned
|rule|Evasion Items Clause: Evasion items are banned
|rule|Evasion Moves Clause: Evasion moves are banned
|rule|Endless Battle Clause: Forcing endless battles is banned
|rule|HP Percentage Mod: HP is shown in percentages
|clearpoke
|poke|p1|Chien-Pao|
|poke|p1|Sneasler, F|
|poke|p1|Landorus-Therian, M|
|poke|p1|Samurott-Hisui, M|
|poke|p1|Gholdengo|
|poke|p1|Iron Moth|
|poke|p2|Clodsire, M|
|poke|p2|Chien-Pao|
|poke|p2|Basculegion-F, F|
|poke|p2|Corviknight, M|
|poke|p2|Gholdengo|
|poke|p2|Zamazenta-*|
|teampreview
|inactive|Battle timer is ON: inactive players will automatically lose when time's up. (requested by Ctannn)
|j| Kyurem
|
|t:|1685917103
|start
|switch|p1a: Samurott|Samurott-Hisui, M|100/100
|switch|p2a: Corviknight|Corviknight, M|100/100
|-ability|p2a: Corviknight|Pressure
|turn|1
|
|t:|1685917113
|move|p1a: Samurott|Ceaseless Edge|p2a: Corviknight
|-damage|p2a: Corviknight|73/100
|-sidestart|p2: GohanMG|Spikes
|-damage|p1a: Samurott|84/100|[from] item: Rocky Helmet|[of] p2a: Corviknight
|move|p2a: Corviknight|U-turn|p1a: Samurott
|-supereffective|p1a: Samurott
|-damage|p1a: Samurott|50/100
|j| Plantaloons
|
|t:|1685917124
|switch|p2a: Chien-Pao|Chien-Pao|100/100|[from] U-turn
|-damage|p2a: Chien-Pao|88/100|[from] Spikes
|-ability|p2a: Chien-Pao|Sword of Ruin
|
|upkeep
|turn|2
|
|t:|1685917129
|switch|p1a: Landorus|Landorus-Therian, M|100/100
|-ability|p1a: Landorus|Intimidate|boost
|-unboost|p2a: Chien-Pao|atk|1
|-terastallize|p2a: Chien-Pao|Dark
|move|p2a: Chien-Pao|Crunch|p1a: Landorus
|-damage|p1a: Landorus|36/100
|-unboost|p1a: Landorus|def|1
|
|-heal|p1a: Landorus|42/100|[from] item: Leftovers
|upkeep
|turn|3
|
|t:|1685917133
|move|p1a: Landorus|Protect|p1a: Landorus
|-singleturn|p1a: Landorus|Protect
|move|p2a: Chien-Pao|Crunch|p1a: Landorus
|-activate|p1a: Landorus|move: Protect
|
|-heal|p1a: Landorus|49/100|[from] item: Leftovers
|upkeep
|turn|4
|
|t:|1685917140
|switch|p1a: Chien-Pao|Chien-Pao|100/100
|-ability|p1a: Chien-Pao|Sword of Ruin
|move|p2a: Chien-Pao|Crunch|p1a: Chien-Pao
|-resisted|p1a: Chien-Pao
|-damage|p1a: Chien-Pao|67/100
|-unboost|p1a: Chien-Pao|def|1
|
|upkeep
|turn|5
|l| Kyurem
|
|t:|1685917148
|switch|p2a: Corviknight|Corviknight, M|73/100
|-ability|p2a: Corviknight|Pressure
|switch|p1a: Samurott|Samurott-Hisui, M|50/100
|
|upkeep
|turn|6
|
|t:|1685917153
|move|p1a: Samurott|Knock Off|p2a: Corviknight
|-damage|p2a: Corviknight|45/100
|-damage|p1a: Samurott|33/100|[from] item: Rocky Helmet|[of] p2a: Corviknight
|-enditem|p2a: Corviknight|Rocky Helmet|[from] move: Knock Off|[of] p1a: Samurott
|move|p2a: Corviknight|U-turn|p1a: Samurott
|-supereffective|p1a: Samurott
|-damage|p1a: Samurott|0 fnt
|faint|p1a: Samurott
|
|t:|1685917161
|switch|p2a: Gholdengo|Gholdengo|100/100|[from] U-turn
|-damage|p2a: Gholdengo|88/100|[from] Spikes
|
|upkeep
|
|t:|1685917167
|switch|p1a: Iron Moth|Iron Moth|100/100
|turn|7
|
|t:|1685917183
|switch|p2a: Clodsire|Clodsire, M|100/100
|-damage|p2a: Clodsire|88/100|[from] Spikes
|-end|p1a: Iron Moth|Quark Drive|[silent]
|switch|p1a: Landorus|Landorus-Therian, M|49/100
|-ability|p1a: Landorus|Intimidate|boost
|-unboost|p2a: Clodsire|atk|1
|
|-heal|p1a: Landorus|55/100|[from] item: Leftovers
|-heal|p2a: Clodsire|94/100|[from] item: Leftovers
|upkeep
|turn|8
|
|t:|1685917187
|switch|p2a: Corviknight|Corviknight, M|45/100
|-ability|p2a: Corviknight|Pressure
|move|p1a: Landorus|Stealth Rock|p2a: Corviknight
|-sidestart|p2: GohanMG|move: Stealth Rock
|
|-heal|p1a: Landorus|61/100|[from] item: Leftovers
|upkeep
|turn|9
|
|t:|1685917192
|move|p1a: Landorus|U-turn|p2a: Corviknight
|-resisted|p2a: Corviknight
|-damage|p2a: Corviknight|42/100
|
|t:|1685917193
|switch|p1a: Gholdengo|Gholdengo|100/100|[from] U-turn
|-item|p1a: Gholdengo|Air Balloon
|move|p2a: Corviknight|Roost|p2a: Corviknight
|-heal|p2a: Corviknight|92/100
|-singleturn|p2a: Corviknight|move: Roost
|
|upkeep
|turn|10
|
|t:|1685917196
|move|p1a: Gholdengo|Thunder Wave|p2a: Corviknight
|-status|p2a: Corviknight|par
|move|p2a: Corviknight|U-turn|p1a: Gholdengo
|-resisted|p1a: Gholdengo
|-damage|p1a: Gholdengo|98/100
|-enditem|p1a: Gholdengo|Air Balloon
|
|t:|1685917205
|switch|p2a: Chien-Pao|Chien-Pao, tera:Dark|88/100|[from] U-turn
|-damage|p2a: Chien-Pao|76/100|[from] Spikes
|-damage|p2a: Chien-Pao|64/100|[from] Stealth Rock
|-ability|p2a: Chien-Pao|Sword of Ruin
|
|upkeep
|turn|11
|
|t:|1685917216
|switch|p1a: Landorus|Landorus-Therian, M|61/100
|-ability|p1a: Landorus|Intimidate|boost
|-unboost|p2a: Chien-Pao|atk|1
|move|p2a: Chien-Pao|Crunch|p1a: Landorus
|-damage|p1a: Landorus|0 fnt
|faint|p1a: Landorus
|
|upkeep
|
|t:|1685917219
|switch|p1a: Sneasler|Sneasler, F|100/100
|turn|12
|
|t:|1685917228
|switch|p2a: Clodsire|Clodsire, M|94/100
|-damage|p2a: Clodsire|82/100|[from] Spikes
|-damage|p2a: Clodsire|76/100|[from] Stealth Rock
|move|p1a: Sneasler|Close Combat|p2a: Clodsire
|-resisted|p2a: Clodsire
|-damage|p2a: Clodsire|44/100
|-unboost|p1a: Sneasler|def|1
|-unboost|p1a: Sneasler|spd|1
|
|-heal|p2a: Clodsire|50/100|[from] item: Leftovers
|upkeep
|turn|13
|
|t:|1685917251
|switch|p1a: Chien-Pao|Chien-Pao|67/100
|-ability|p1a: Chien-Pao|Sword of Ruin
|move|p2a: Clodsire|Recover|p2a: Clodsire
|-heal|p2a: Clodsire|99/100
|
|-heal|p2a: Clodsire|100/100|[from] item: Leftovers
|upkeep
|turn|14
|
|t:|1685917258
|switch|p2a: Corviknight|Corviknight, M|92/100 par
|-damage|p2a: Corviknight|80/100 par|[from] Stealth Rock
|-ability|p2a: Corviknight|Pressure
|move|p1a: Chien-Pao|Swords Dance|p1a: Chien-Pao
|-boost|p1a: Chien-Pao|atk|2
|
|upkeep
|turn|15
|j| 5EternalNoob5
|
|t:|1685917267
|-terastallize|p1a: Chien-Pao|Fighting
|move|p1a: Chien-Pao|Sacred Sword|p2a: Corviknight
|-damage|p2a: Corviknight|8/100 par
|move|p2a: Corviknight|Defog|p1a: Chien-Pao
|-unboost|p1a: Chien-Pao|evasion|1
|-sideend|p2: GohanMG|Spikes|[from] move: Defog|[of] p2a: Corviknight
|-sideend|p2: GohanMG|Stealth Rock|[from] move: Defog|[of] p2a: Corviknight
|
|upkeep
|turn|16
|l| 5EternalNoob5
|
|t:|1685917276
|move|p1a: Chien-Pao|Crunch|p2a: Corviknight
|-damage|p2a: Corviknight|0 fnt
|faint|p2a: Corviknight
|
|upkeep
|
|t:|1685917297
|switch|p2a: Gholdengo|Gholdengo|88/100
|turn|17
|
|t:|1685917301
|move|p1a: Chien-Pao|Sucker Punch|p2a: Gholdengo
|-supereffective|p2a: Gholdengo
|-damage|p2a: Gholdengo|0 fnt
|faint|p2a: Gholdengo
|
|upkeep
|c|☆GohanMG|no ice is insane
|
|t:|1685917315
|switch|p2a: Zamazenta|Zamazenta|100/100
|-ability|p2a: Zamazenta|Dauntless Shield|boost
|-boost|p2a: Zamazenta|def|1
|turn|18
|
|t:|1685917320
|move|p2a: Zamazenta|Body Press|p1a: Chien-Pao
|-damage|p1a: Chien-Pao|0 fnt
|faint|p1a: Chien-Pao
|
|upkeep
|
|t:|1685917324
|switch|p1a: Sneasler|Sneasler, F|100/100
|turn|19
|
|t:|1685917328
|move|p1a: Sneasler|U-turn|p2a: Zamazenta
|-resisted|p2a: Zamazenta
|-damage|p2a: Zamazenta|93/100
|j| Talonshadow
|
|t:|1685917332
|switch|p1a: Gholdengo|Gholdengo|98/100|[from] U-turn
|move|p2a: Zamazenta|Substitute|p2a: Zamazenta
|-start|p2a: Zamazenta|Substitute
|-damage|p2a: Zamazenta|68/100
|
|-heal|p2a: Zamazenta|75/100|[from] item: Leftovers
|upkeep
|turn|20
|
|t:|1685917339
|move|p2a: Zamazenta|Crunch|p1a: Gholdengo
|-supereffective|p1a: Gholdengo
|-damage|p1a: Gholdengo|67/100
|move|p1a: Gholdengo|Hex|p2a: Zamazenta
|-end|p2a: Zamazenta|Substitute
|
|-heal|p2a: Zamazenta|81/100|[from] item: Leftovers
|upkeep
|turn|21
|j| Transit Blues
|
|t:|1685917345
|switch|p2a: Clodsire|Clodsire, M|100/100
|switch|p1a: Sneasler|Sneasler, F|100/100
|
|upkeep
|turn|22
|
|t:|1685917353
|move|p1a: Sneasler|Dire Claw|p2a: Clodsire
|-resisted|p2a: Clodsire
|-damage|p2a: Clodsire|89/100
|move|p2a: Clodsire|Spikes|p1a: Sneasler
|-sidestart|p1: Ctannn|Spikes
|
|-heal|p2a: Clodsire|95/100|[from] item: Leftovers
|upkeep
|turn|23
|
|t:|1685917359
|move|p1a: Sneasler|Dire Claw|p2a: Clodsire
|-resisted|p2a: Clodsire
|-damage|p2a: Clodsire|83/100
|move|p2a: Clodsire|Earthquake|p1a: Sneasler
|-supereffective|p1a: Sneasler
|-damage|p1a: Sneasler|14/100
|
|-heal|p2a: Clodsire|89/100|[from] item: Leftovers
|upkeep
|turn|24
|
|t:|1685917364
|move|p1a: Sneasler|Dire Claw|p2a: Clodsire
|-resisted|p2a: Clodsire
|-damage|p2a: Clodsire|77/100
|move|p2a: Clodsire|Earthquake|p1a: Sneasler
|-supereffective|p1a: Sneasler
|-damage|p1a: Sneasler|0 fnt
|faint|p1a: Sneasler
|
|-heal|p2a: Clodsire|83/100|[from] item: Leftovers
|upkeep
|
|t:|1685917368
|switch|p1a: Iron Moth|Iron Moth|100/100
|turn|25
|
|t:|1685917372
|move|p1a: Iron Moth|Fiery Dance|p2a: Clodsire
|-damage|p2a: Clodsire|59/100
|move|p2a: Clodsire|Earthquake|p1a: Iron Moth
|-supereffective|p1a: Iron Moth
|-damage|p1a: Iron Moth|0 fnt
|faint|p1a: Iron Moth
|-end|p1a: Iron Moth|Quark Drive|[silent]
|
|-heal|p2a: Clodsire|65/100|[from] item: Leftovers
|upkeep
|
|t:|1685917373
|switch|p1a: Gholdengo|Gholdengo|67/100
|-damage|p1a: Gholdengo|55/100|[from] Spikes
|turn|26
|-message|Ctannn forfeited.
|
|win|GohanMG
|raw|Ctannn's rating: 1820 → 1796(-24 for losing)
|raw|GohanMG's rating: 1745 → 1769(+24 for winning)
|l|☆Ctannn
|c|☆GohanMG|GGs
|l| Transit Blues
|l|☆GohanMG
|l| Plantaloons
|l| Talonshadow
