|j|☆Batataplays
|j|☆Mr Coffy
|t:|1685917980
|gametype|singles
|player|p1|Batataplays|geeta|
|player|p2|Mr Coffy|170|
|teamsize|p1|6
|teamsize|p2|6
|gen|9
|tier|[Gen 9] OU
|rule|Sleep Clause Mod: Limit one foe put to sleep
|rule|Species Clause: Limit one of each Pokémon
|rule|OHKO Clause: OHKO moves are banned
|rule|Evasion Items Clause: Evasion items are banned
|rule|Evasion Moves Clause: Evasion moves are banned
|rule|Endless Battle Clause: Forcing endless battles is banned
|rule|HP Percentage Mod: HP is shown in percentages
|clearpoke
|poke|p1|Arcanine-Hisui, F|
|poke|p1|Urshifu-*, F|
|poke|p1|Kingambit, M|
|poke|p1|Great Tusk|
|poke|p1|Garchomp, F|
|poke|p1|Zapdos|
|poke|p2|Baxcalibur, M|
|poke|p2|Great Tusk|
|poke|p2|Gholdengo|
|poke|p2|Rotom-Wash|
|poke|p2|Amoonguss, M|
|poke|p2|Garganacl, M|
|teampreview
|inactive|Battle timer is ON: inactive players will automatically lose when time's up. (requested by Mr Coffy)
|
|t:|1685918004
|start
|switch|p1a: Cachorrao louco|Arcanine-Hisui, F|100/100
|switch|p2a: Rotom|Rotom-Wash|100/100
|turn|1
|j| Always Close
|
|t:|1685918007
|move|p1a: Cachorrao louco|Head Smash|p2a: Rotom
|-crit|p2a: Rotom
|-damage|p2a: Rotom|0 fnt
|faint|p2a: Rotom
|
|upkeep
|c|☆Mr Coffy|ai é foda né
|c|☆Batataplays|Meu amigo
|inactive|Mr Coffy has 270 seconds left.
|c| Always Close|Se for band se pa nem importava
|inactive|Mr Coffy has 240 seconds left.
|inactive|Mr Coffy has 210 seconds left.
|c|☆Mr Coffy|sim importava
|c|☆Mr Coffy|mto
|inactive|Mr Coffy has 180 seconds left.
|c|☆Mr Coffy|isso da 90
|c|☆Mr Coffy|max roll
|c| Always Close|Calculou Adamant?
|inactive|Mr Coffy has 150 seconds left.
|c|☆Mr Coffy|252+ Atk Choice Band Arcanine-Hisui Head Smash vs. 252 HP / 244+ Def Rotom-Wash: 255-301 (83.8 - 99%) -- guaranteed 2HKO after Leftovers recovery
|inactive|Mr Coffy has 120 seconds left.
|c|☆Mr Coffy|adamant ai
|
|t:|1685918193
|switch|p2a: Great Tusk|Great Tusk|100/100
|turn|2
|inactive|Mr Coffy has 120 seconds left.
|c| Always Close|Nossa essa spread em washtom é rara
|c|☆Mr Coffy|aceitar q eu sou ruim
|c|☆Mr Coffy|!showset rotom wash
|c| Mr Coffy|/raw Rotom (Rotom-Wash) @ Leftovers  Ability: Levitate  Tera Type: Steel  EVs: 248 HP / 212 Def / 48 Spe  Bold Nature  IVs: 0 Atk  - Volt Switch  - Hydro Pump  - Protect  - Will-O-Wisp  
|inactive|Batataplays has 270 seconds left.
|inactive|Mr Coffy has 90 seconds left.
|
|t:|1685918247
|switch|p1a: A ex de alguem|Zapdos|100/100
|-end|p2a: Great Tusk|Protosynthesis|[silent]
|switch|p2a: Haxcalibur|Baxcalibur, M|100/100
|
|upkeep
|turn|3
|inactive|Batataplays has 270 seconds left.
|
|t:|1685918261
|move|p2a: Haxcalibur|Icicle Crash|p1a: A ex de alguem
|-supereffective|p1a: A ex de alguem
|-damage|p1a: A ex de alguem|0 fnt
|faint|p1a: A ex de alguem
|
|upkeep
|
|t:|1685918263
|switch|p1a: Cachorrao louco|Arcanine-Hisui, F|100/100
|turn|4
|
|t:|1685918267
|move|p1a: Cachorrao louco|Flare Blitz|p2a: Haxcalibur
|-damage|p2a: Haxcalibur|17/100
|-ability|p2a: Haxcalibur|Thermal Exchange|boost
|-boost|p2a: Haxcalibur|atk|1
|move|p2a: Haxcalibur|Icicle Crash|p1a: Cachorrao louco
|-resisted|p1a: Cachorrao louco
|-damage|p1a: Cachorrao louco|35/100
|
|upkeep
|turn|5
|
|t:|1685918277
|switch|p2a: Garganacl|Garganacl, M|100/100
|move|p1a: Cachorrao louco|Flare Blitz|p2a: Garganacl
|-resisted|p2a: Garganacl
|-damage|p2a: Garganacl|78/100
|
|-heal|p2a: Garganacl|84/100|[from] item: Leftovers
|upkeep
|turn|6
|
|t:|1685918281
|switch|p1a: Dorival JR|Great Tusk, shiny|100/100
|move|p2a: Garganacl|Stealth Rock|p1a: Dorival JR
|-sidestart|p1: Batataplays|move: Stealth Rock
|
|-heal|p2a: Garganacl|91/100|[from] item: Leftovers
|upkeep
|turn|7
|
|t:|1685918286
|switch|p2a: Amoonguss|Amoonguss, M|100/100
|move|p1a: Dorival JR|Stealth Rock|p2a: Amoonguss
|-sidestart|p2: Mr Coffy|move: Stealth Rock
|
|upkeep
|turn|8
|inactive|Mr Coffy has 120 seconds left.
|
|t:|1685918293
|move|p1a: Dorival JR|Rapid Spin|p2a: Amoonguss
|-damage|p2a: Amoonguss|89/100
|-boost|p1a: Dorival JR|spe|1
|-damage|p1a: Dorival JR|84/100|[from] item: Rocky Helmet|[of] p2a: Amoonguss
|-sideend|p1: Batataplays|Stealth Rock|[from] move: Rapid Spin|[of] p1a: Dorival JR
|move|p2a: Amoonguss|Giga Drain|p1a: Dorival JR
|-supereffective|p1a: Dorival JR
|-damage|p1a: Dorival JR|23/100
|-heal|p2a: Amoonguss|100/100|[from] drain|[of] p1a: Dorival JR
|
|-heal|p1a: Dorival JR|29/100|[from] item: Leftovers
|upkeep
|turn|9
|
|t:|1685918302
|-end|p1a: Dorival JR|Protosynthesis|[silent]
|switch|p1a: O veio espanca|Kingambit, M|100/100
|-activate|p1a: O veio espanca|ability: Supreme Overlord
|-start|p1a: O veio espanca|fallen1|[silent]
|move|p2a: Amoonguss|Spore|p1a: O veio espanca
|-status|p1a: O veio espanca|slp|[from] move: Spore
|
|upkeep
|turn|10
|
|t:|1685918306
|-end|p1a: O veio espanca|fallen1|[silent]
|switch|p1a: VAPO VAPO VAPO|Garchomp, F|100/100
|switch|p2a: Garganacl|Garganacl, M|91/100
|-damage|p2a: Garganacl|78/100|[from] Stealth Rock
|
|-heal|p2a: Garganacl|84/100|[from] item: Leftovers
|upkeep
|turn|11
|
|t:|1685918311
|move|p1a: VAPO VAPO VAPO|Earthquake|p2a: Garganacl
|-supereffective|p2a: Garganacl
|-damage|p2a: Garganacl|23/100
|-damage|p1a: VAPO VAPO VAPO|91/100|[from] item: Life Orb
|move|p2a: Garganacl|Stealth Rock|p1a: VAPO VAPO VAPO
|-sidestart|p1: Batataplays|move: Stealth Rock
|
|-heal|p2a: Garganacl|29/100|[from] item: Leftovers
|upkeep
|turn|12
|inactive|Mr Coffy has 150 seconds left.
|
|t:|1685918319
|switch|p2a: Great Tusk|Great Tusk|100/100
|-damage|p2a: Great Tusk|97/100|[from] Stealth Rock
|move|p1a: VAPO VAPO VAPO|Earthquake|p2a: Great Tusk
|-damage|p2a: Great Tusk|63/100
|-damage|p1a: VAPO VAPO VAPO|81/100|[from] item: Life Orb
|
|upkeep
|turn|13
|
|t:|1685918321
|move|p1a: VAPO VAPO VAPO|Draco Meteor|p2a: Great Tusk
|-damage|p2a: Great Tusk|29/100
|-unboost|p1a: VAPO VAPO VAPO|spa|2
|-damage|p1a: VAPO VAPO VAPO|71/100|[from] item: Life Orb
|move|p2a: Great Tusk|Rapid Spin|p1a: VAPO VAPO VAPO
|-damage|p1a: VAPO VAPO VAPO|57/100
|-boost|p2a: Great Tusk|spe|1
|-damage|p2a: Great Tusk|16/100|[from] ability: Rough Skin|[of] p1a: VAPO VAPO VAPO
|-sideend|p2: Mr Coffy|Stealth Rock|[from] move: Rapid Spin|[of] p2a: Great Tusk
|
|upkeep
|turn|14
|
|t:|1685918329
|move|p1a: VAPO VAPO VAPO|Earthquake|p2a: Great Tusk
|-damage|p2a: Great Tusk|0 fnt
|faint|p2a: Great Tusk
|-end|p2a: Great Tusk|Protosynthesis|[silent]
|-damage|p1a: VAPO VAPO VAPO|47/100|[from] item: Life Orb
|
|upkeep
|
|t:|1685918334
|switch|p2a: Amoonguss|Amoonguss, M|100/100
|turn|15
|
|t:|1685918342
|move|p1a: VAPO VAPO VAPO|Spikes|p2a: Amoonguss
|-sidestart|p2: Mr Coffy|Spikes
|move|p2a: Amoonguss|Giga Drain|p1a: VAPO VAPO VAPO
|-damage|p1a: VAPO VAPO VAPO|21/100
|
|upkeep
|turn|16
|inactive|Mr Coffy has 180 seconds left.
|
|t:|1685918353
|move|p1a: VAPO VAPO VAPO|Spikes|p2a: Amoonguss
|-sidestart|p2: Mr Coffy|Spikes
|move|p2a: Amoonguss|Giga Drain|p1a: VAPO VAPO VAPO
|-damage|p1a: VAPO VAPO VAPO|0 fnt
|faint|p1a: VAPO VAPO VAPO
|
|upkeep
|
|t:|1685918362
|switch|p1a: Cachorrao louco|Arcanine-Hisui, F|35/100
|-damage|p1a: Cachorrao louco|10/100|[from] Stealth Rock
|turn|17
|inactive|Mr Coffy has 180 seconds left.
|c| Always Close|Tusk Spd?????
|c|☆Mr Coffy|ganhei t1 mas aqueles 4% é vagabundo
|-message|Mr Coffy forfeited.
|
|win|Batataplays
|c|☆Mr Coffy|sim
|c| Always Close|Que porra de tusk é esse
|c|☆Mr Coffy|av tusk
|c| Always Close|KKKKKKK
|c| Always Close|AV TUSK KKKKKKKKKKKKKKKK
|c|☆Mr Coffy|normal amigue
