|j|☆Originalfake
|j|☆muellera01
|t:|1685898205
|gametype|singles
|player|p1|Originalfake|backers|1092
|player|p2|muellera01|pokemonranger|1072
|teamsize|p1|6
|teamsize|p2|6
|gen|9
|tier|[Gen 9] OU
|rated|
|rule|Sleep Clause Mod: Limit one foe put to sleep
|rule|Species Clause: Limit one of each Pokémon
|rule|OHKO Clause: OHKO moves are banned
|rule|Evasion Items Clause: Evasion items are banned
|rule|Evasion Moves Clause: Evasion moves are banned
|rule|Endless Battle Clause: Forcing endless battles is banned
|rule|HP Percentage Mod: HP is shown in percentages
|clearpoke
|poke|p1|Chansey, F|
|poke|p1|Magneton|
|poke|p1|Gengar, F|
|poke|p1|Muk, F|
|poke|p1|Dragonite, M|
|poke|p1|Vaporeon, M|
|poke|p2|Uxie|
|poke|p2|Kleavor, M|
|poke|p2|Arcanine-Hisui, M|
|poke|p2|Overqwil, M|
|poke|p2|Gholdengo|
|poke|p2|Zapdos|
|teampreview
|
|t:|1685898221
|start
|switch|p1a: Vaporeon|Vaporeon, M, shiny|100/100
|switch|p2a: Uxie|Uxie|100/100
|turn|1
|
|t:|1685898240
|move|p2a: Uxie|Stealth Rock|p1a: Vaporeon
|-sidestart|p1: Originalfake|move: Stealth Rock
|move|p1a: Vaporeon|Surf|p2a: Uxie
|-damage|p2a: Uxie|68/100
|
|upkeep
|turn|2
|
|t:|1685898253
|move|p2a: Uxie|Yawn|p1a: Vaporeon
|-start|p1a: Vaporeon|move: Yawn|[of] p2a: Uxie
|move|p1a: Vaporeon|Surf|p2a: Uxie
|-damage|p2a: Uxie|32/100
|
|upkeep
|turn|3
|
|t:|1685898264
|switch|p1a: Chansey|Chansey, F, shiny|100/100
|-damage|p1a: Chansey|88/100|[from] Stealth Rock
|move|p2a: Uxie|Grass Knot|p1a: Chansey
|-damage|p1a: Chansey|84/100
|
|upkeep
|turn|4
|
|t:|1685898273
|move|p2a: Uxie|Yawn|p1a: Chansey
|-start|p1a: Chansey|move: Yawn|[of] p2a: Uxie
|move|p1a: Chansey|Stealth Rock|p2a: Uxie
|-sidestart|p2: muellera01|move: Stealth Rock
|
|upkeep
|turn|5
|
|t:|1685898278
|move|p2a: Uxie|Grass Knot|p1a: Chansey
|-damage|p1a: Chansey|80/100
|move|p1a: Chansey|Shadow Ball|p2a: Uxie
|-supereffective|p2a: Uxie
|-crit|p2a: Uxie
|-damage|p2a: Uxie|1/100
|
|-end|p1a: Chansey|move: Yawn|[silent]
|-status|p1a: Chansey|slp
|upkeep
|turn|6
|
|t:|1685898291
|-curestatus|p1a: Chansey|slp|[from] ability: Natural Cure
|switch|p1a: Muk|Muk, F, shiny|100/100
|-damage|p1a: Muk|88/100|[from] Stealth Rock
|move|p2a: Uxie|Memento|p1a: Muk
|-unboost|p1a: Muk|atk|2
|-unboost|p1a: Muk|spa|2
|faint|p2a: Uxie
|
|-heal|p1a: Muk|94/100|[from] item: Black Sludge
|upkeep
|
|t:|1685898301
|switch|p2a: Kleavor|Kleavor, M|100/100
|-damage|p2a: Kleavor|76/100|[from] Stealth Rock
|turn|7
|
|t:|1685898314
|move|p2a: Kleavor|Fury Cutter|p1a: Muk
|-resisted|p1a: Muk
|-damage|p1a: Muk|75/100
|move|p1a: Muk|Curse|p1a: Muk
|-unboost|p1a: Muk|spe|1
|-boost|p1a: Muk|atk|1
|-boost|p1a: Muk|def|1
|
|-heal|p1a: Muk|81/100|[from] item: Black Sludge
|upkeep
|turn|8
|
|t:|1685898327
|move|p2a: Kleavor|Stone Axe|p1a: Muk
|-damage|p1a: Muk|36/100
|move|p1a: Muk|Curse|p1a: Muk
|-unboost|p1a: Muk|spe|1
|-boost|p1a: Muk|atk|1
|-boost|p1a: Muk|def|1
|
|-heal|p1a: Muk|42/100|[from] item: Black Sludge
|upkeep
|turn|9
|
|t:|1685898344
|move|p1a: Muk|Shadow Sneak|p2a: Kleavor
|-damage|p2a: Kleavor|61/100
|move|p2a: Kleavor|Fury Cutter|p1a: Muk
|-resisted|p1a: Muk
|-damage|p1a: Muk|32/100
|
|-heal|p1a: Muk|38/100|[from] item: Black Sludge
|upkeep
|turn|10
|
|t:|1685898353
|move|p2a: Kleavor|Fury Cutter|p1a: Muk
|-resisted|p1a: Muk
|-damage|p1a: Muk|14/100
|move|p1a: Muk|Gunk Shot|p2a: Kleavor
|-resisted|p2a: Kleavor
|-damage|p2a: Kleavor|24/100
|
|-heal|p1a: Muk|20/100|[from] item: Black Sludge
|upkeep
|turn|11
|
|t:|1685898361
|move|p1a: Muk|Shadow Sneak|p2a: Kleavor
|-damage|p2a: Kleavor|9/100
|-status|p2a: Kleavor|psn|[from] ability: Poison Touch|[of] p1a: Muk
|move|p2a: Kleavor|Fury Cutter|p1a: Muk
|-resisted|p1a: Muk
|-damage|p1a: Muk|0 fnt
|faint|p1a: Muk
|
|-damage|p2a: Kleavor|0 fnt|[from] psn
|faint|p2a: Kleavor
|upkeep
|
|t:|1685898373
|switch|p2a: Arcanine|Arcanine-Hisui, M|100/100
|switch|p1a: Magneton|Magneton, shiny|100/100
|-damage|p1a: Magneton|94/100|[from] Stealth Rock
|-damage|p2a: Arcanine|76/100|[from] Stealth Rock
|turn|12
|
|t:|1685898380
|move|p1a: Magneton|Steel Beam|p2a: Arcanine
|-damage|p2a: Arcanine|0 fnt
|-damage|p1a: Magneton|44/100|[from] steelbeam
|faint|p2a: Arcanine
|
|upkeep
|
|t:|1685898386
|switch|p2a: Gholdengo|Gholdengo|100/100
|-damage|p2a: Gholdengo|94/100|[from] Stealth Rock
|turn|13
|
|t:|1685898401
|switch|p1a: Vaporeon|Vaporeon, M, shiny|100/100
|-damage|p1a: Vaporeon|88/100|[from] Stealth Rock
|move|p2a: Gholdengo|Trick|p1a: Vaporeon
|-activate|p2a: Gholdengo|move: Trick|[of] p1a: Vaporeon
|-item|p1a: Vaporeon|Choice Scarf|[from] move: Trick
|-item|p2a: Gholdengo|Leftovers|[from] move: Trick
|
|-heal|p2a: Gholdengo|100/100|[from] item: Leftovers
|upkeep
|turn|14
|
|t:|1685898418
|move|p2a: Gholdengo|Shadow Ball|p1a: Vaporeon
|-damage|p1a: Vaporeon|49/100
|-unboost|p1a: Vaporeon|spd|1
|move|p1a: Vaporeon|Surf|p2a: Gholdengo
|-damage|p2a: Gholdengo|52/100
|
|-heal|p2a: Gholdengo|58/100|[from] item: Leftovers
|upkeep
|turn|15
|
|t:|1685898429
|switch|p1a: Chansey|Chansey, F, shiny|80/100
|-damage|p1a: Chansey|68/100|[from] Stealth Rock
|move|p2a: Gholdengo|Shadow Ball|p1a: Chansey
|-immune|p1a: Chansey
|
|-heal|p2a: Gholdengo|64/100|[from] item: Leftovers
|upkeep
|turn|16
|
|t:|1685898458
|switch|p2a: Overqwil|Overqwil, M, shiny|100/100
|-damage|p2a: Overqwil|88/100|[from] Stealth Rock
|-ability|p2a: Overqwil|Intimidate|boost
|-unboost|p1a: Chansey|atk|1
|move|p1a: Chansey|Soft-Boiled|p1a: Chansey
|-heal|p1a: Chansey|100/100
|
|upkeep
|turn|17
|
|t:|1685898469
|move|p2a: Overqwil|Barb Barrage|p1a: Chansey
|-damage|p1a: Chansey|79/100
|move|p1a: Chansey|Seismic Toss|p2a: Overqwil
|-damage|p2a: Overqwil|56/100
|
|upkeep
|turn|18
|
|t:|1685898485
|move|p2a: Overqwil|Barb Barrage|p1a: Chansey
|-damage|p1a: Chansey|57/100
|-status|p1a: Chansey|psn
|move|p1a: Chansey|Seismic Toss|p2a: Overqwil
|-damage|p2a: Overqwil|24/100
|
|-damage|p1a: Chansey|45/100 psn|[from] psn
|upkeep
|turn|19
|
|t:|1685898494
|move|p2a: Overqwil|Barb Barrage|p1a: Chansey
|-damage|p1a: Chansey|6/100 psn
|move|p1a: Chansey|Soft-Boiled|p1a: Chansey
|-heal|p1a: Chansey|56/100 psn
|
|-damage|p1a: Chansey|43/100 psn|[from] psn
|upkeep
|turn|20
|
|t:|1685898503
|-curestatus|p1a: Chansey|psn|[from] ability: Natural Cure
|switch|p1a: Gengar|Gengar, F, shiny|100/100
|-damage|p1a: Gengar|88/100|[from] Stealth Rock
|move|p2a: Overqwil|Barb Barrage|p1a: Gengar
|-resisted|p1a: Gengar
|-damage|p1a: Gengar|75/100
|
|upkeep
|turn|21
|
|t:|1685898513
|-terastallize|p2a: Overqwil|Dark
|move|p1a: Gengar|Shadow Ball|p2a: Overqwil
|-resisted|p2a: Overqwil
|-damage|p2a: Overqwil|9/100
|move|p2a: Overqwil|Crunch|p1a: Gengar
|-supereffective|p1a: Gengar
|-damage|p1a: Gengar|0 fnt
|faint|p1a: Gengar
|
|upkeep
|
|t:|1685898523
|switch|p1a: Dragonite|Dragonite, M, shiny|100/100
|-damage|p1a: Dragonite|76/100|[from] Stealth Rock
|turn|22
|
|t:|1685898528
|move|p1a: Dragonite|Extreme Speed|p2a: Overqwil
|-damage|p2a: Overqwil|0 fnt
|faint|p2a: Overqwil
|
|upkeep
|
|t:|1685898533
|switch|p2a: Gholdengo|Gholdengo|64/100
|-damage|p2a: Gholdengo|58/100|[from] Stealth Rock
|turn|23
|
|t:|1685898541
|move|p2a: Gholdengo|Make It Rain|p1a: Dragonite
|-damage|p1a: Dragonite|14/100
|-unboost|p2a: Gholdengo|spa|1
|move|p1a: Dragonite|Earthquake|p2a: Gholdengo
|-supereffective|p2a: Gholdengo
|-damage|p2a: Gholdengo|0 fnt
|faint|p2a: Gholdengo
|
|upkeep
|
|t:|1685898551
|switch|p2a: Zapdos|Zapdos|100/100
|turn|24
|
|t:|1685898565
|-terastallize|p1a: Dragonite|Normal
|move|p1a: Dragonite|Extreme Speed|p2a: Zapdos
|-damage|p2a: Zapdos|49/100
|move|p2a: Zapdos|Thunderbolt|p1a: Dragonite
|-damage|p1a: Dragonite|0 fnt
|faint|p1a: Dragonite
|
|upkeep
|
|t:|1685898574
|switch|p1a: Magneton|Magneton, shiny|44/100
|-damage|p1a: Magneton|38/100|[from] Stealth Rock
|turn|25
|
|t:|1685898582
|move|p1a: Magneton|Thunderbolt|p2a: Zapdos
|-damage|p2a: Zapdos|0 fnt
|faint|p2a: Zapdos
|
|win|Originalfake
|raw|Originalfake's rating: 1092 → 1117(+25 for winning)
|raw|muellera01's rating: 1072 → 1052(-20 for losing)
|l|☆muellera01
|c|☆Originalfake|Gg
