|j|☆OUDJ NullGuy
|j|‽skoma
|t:|1685885172
|gametype|singles
|player|p1|OUDJ NullGuy|cyrus|1766
|player|p2|skoma|#ompl2021spindawheels|1689
|teamsize|p1|6
|teamsize|p2|6
|gen|9
|tier|[Gen 9] OU
|rated|
|rule|Sleep Clause Mod: Limit one foe put to sleep
|rule|Species Clause: Limit one of each Pokémon
|rule|OHKO Clause: OHKO moves are banned
|rule|Evasion Items Clause: Evasion items are banned
|rule|Evasion Moves Clause: Evasion moves are banned
|rule|Endless Battle Clause: Forcing endless battles is banned
|rule|HP Percentage Mod: HP is shown in percentages
|clearpoke
|poke|p1|Gholdengo|
|poke|p1|Slither Wing|
|poke|p1|Skeledirge, F|
|poke|p1|Roaring Moon|
|poke|p1|Kingambit, M|
|poke|p1|Glimmora, F|
|poke|p2|Baxcalibur, M|
|poke|p2|Dragapult, M|
|poke|p2|Slowking, M|
|poke|p2|Kingambit, M|
|poke|p2|Great Tusk|
|poke|p2|Cinderace, M|
|teampreview
|inactive|Battle timer is ON: inactive players will automatically lose when time's up. (requested by OUDJ NullGuy)
|inactive|OUDJ NullGuy has 120 seconds left.
|
|t:|1685885215
|start
|switch|p1a: Glimmochad|Glimmora, F|100/100
|switch|p2a: Slowking|Slowking, M|100/100
|turn|1
|
|t:|1685885227
|switch|p1a: Patrick Balkany|Slither Wing|100/100
|move|p2a: Slowking|Surf|p1a: Patrick Balkany
|-damage|p1a: Patrick Balkany|67/100
|
|upkeep
|turn|2
|
|t:|1685885237
|switch|p2a: Dragapult|Dragapult, M|100/100
|move|p1a: Patrick Balkany|U-turn|p2a: Dragapult
|-resisted|p2a: Dragapult
|-damage|p2a: Dragapult|56/100
|inactive|OUDJ NullGuy has 120 seconds left.
|
|t:|1685885289
|-end|p1a: Patrick Balkany|Protosynthesis|[silent]
|switch|p1a: Gabriel|Gholdengo|100/100|[from] U-turn
|
|-heal|p2a: Dragapult|62/100|[from] item: Leftovers
|upkeep
|turn|3
|j| Rheinhardt
|inactive|OUDJ NullGuy has 90 seconds left.
|l|☆OUDJ NullGuy
|inactive|OUDJ NullGuy disconnected and has a minute to reconnect!
|player|p1|
|j|☆OUDJ NullGuy
|inactive|OUDJ NullGuy reconnected and has 85 seconds left.
|player|p1|OUDJ NullGuy|cyrus
|
|t:|1685885319
|move|p1a: Gabriel|Shadow Ball|p2a: Dragapult
|-supereffective|p2a: Dragapult
|-damage|p2a: Dragapult|0 fnt
|faint|p2a: Dragapult
|
|upkeep
|
|t:|1685885328
|switch|p2a: Baxcalibur|Baxcalibur, M|100/100
|turn|4
|j| qd king
|inactive|OUDJ NullGuy has 90 seconds left.
|
|t:|1685885345
|switch|p1a: Jean-Eudes|Skeledirge, F|100/100
|move|p2a: Baxcalibur|Glaive Rush|p1a: Jean-Eudes
|-damage|p1a: Jean-Eudes|34/100
|-singlemove|p2a: Baxcalibur|Glaive Rush|[silent]
|
|upkeep
|turn|5
|j| warpvth
|
|t:|1685885360
|move|p2a: Baxcalibur|Earthquake|p1a: Jean-Eudes
|-supereffective|p1a: Jean-Eudes
|-damage|p1a: Jean-Eudes|0 fnt
|faint|p1a: Jean-Eudes
|
|upkeep
|j| SPRIIKO
|
|t:|1685885368
|switch|p1a: Gabriel|Gholdengo|100/100
|turn|6
|l| SPRIIKO
|
|t:|1685885379
|switch|p2a: Slowking|Slowking, M|100/100
|move|p1a: Gabriel|Make It Rain|p2a: Slowking
|-resisted|p2a: Slowking
|-damage|p2a: Slowking|80/100
|-unboost|p1a: Gabriel|spa|1
|
|upkeep
|turn|7
|
|t:|1685885390
|switch|p1a: Sébastien|Roaring Moon|100/100
|-enditem|p1a: Sébastien|Booster Energy
|-activate|p1a: Sébastien|ability: Protosynthesis|[fromitem]
|-start|p1a: Sébastien|protosynthesisatk
|move|p2a: Slowking|Chilly Reception|p2a: Slowking
|-weather|Snow
|
|t:|1685885413
|switch|p2a: Cinderace|Cinderace, M|100/100|[from] Chilly Reception
|
|-weather|Snow|[upkeep]
|upkeep
|turn|8
|
|t:|1685885420
|-terastallize|p1a: Sébastien|Flying
|move|p1a: Sébastien|Dragon Dance|p1a: Sébastien
|-boost|p1a: Sébastien|atk|1
|-boost|p1a: Sébastien|spe|1
|move|p2a: Cinderace|U-turn|p1a: Sébastien
|-start|p2a: Cinderace|typechange|Bug|[from] ability: Libero
|-resisted|p1a: Sébastien
|-damage|p1a: Sébastien|80/100
|
|t:|1685885425
|switch|p2a: Baxcalibur|Baxcalibur, M|100/100|[from] U-turn
|
|-weather|Snow|[upkeep]
|upkeep
|turn|9
|j| Ran Kob
|j| swordsmasha
|
|t:|1685885439
|move|p1a: Sébastien|Acrobatics|p2a: Baxcalibur
|-damage|p2a: Baxcalibur|24/100
|move|p2a: Baxcalibur|Glaive Rush|p1a: Sébastien
|-damage|p1a: Sébastien|0 fnt
|-singlemove|p2a: Baxcalibur|Glaive Rush|[silent]
|faint|p1a: Sébastien
|-end|p1a: Sébastien|Protosynthesis|[silent]
|
|-weather|Snow|[upkeep]
|-heal|p2a: Baxcalibur|30/100|[from] item: Leftovers
|upkeep
|j| Goodstyle_4
|
|t:|1685885450
|switch|p1a: Gabriel|Gholdengo|100/100
|turn|10
|
|t:|1685885454
|switch|p2a: Kingambit|Kingambit, M|100/100
|-activate|p2a: Kingambit|ability: Supreme Overlord
|-start|p2a: Kingambit|fallen1|[silent]
|move|p1a: Gabriel|Shadow Ball|p2a: Kingambit
|-resisted|p2a: Kingambit
|-damage|p2a: Kingambit|79/100
|
|-weather|Snow|[upkeep]
|upkeep
|turn|11
|j| patator3000
|
|t:|1685885463
|switch|p1a: Patrick Balkany|Slither Wing|67/100
|move|p2a: Kingambit|Kowtow Cleave|p1a: Patrick Balkany
|-resisted|p1a: Patrick Balkany
|-damage|p1a: Patrick Balkany|29/100
|
|-weather|none
|upkeep
|turn|12
|j| FFK Foufakirby
|
|t:|1685885479
|-end|p2a: Kingambit|fallen1|[silent]
|switch|p2a: Baxcalibur|Baxcalibur, M|30/100
|move|p1a: Patrick Balkany|Close Combat|p2a: Baxcalibur
|-supereffective|p2a: Baxcalibur
|-damage|p2a: Baxcalibur|0 fnt
|-unboost|p1a: Patrick Balkany|def|1
|-unboost|p1a: Patrick Balkany|spd|1
|faint|p2a: Baxcalibur
|
|upkeep
|
|t:|1685885488
|switch|p2a: Cinderace|Cinderace, M|100/100
|turn|13
|
|t:|1685885496
|move|p2a: Cinderace|Pyro Ball|p1a: Patrick Balkany
|-supereffective|p1a: Patrick Balkany
|-damage|p1a: Patrick Balkany|0 fnt
|faint|p1a: Patrick Balkany
|-end|p1a: Patrick Balkany|Protosynthesis|[silent]
|
|upkeep
|inactive|OUDJ NullGuy has 120 seconds left.
|
|t:|1685885507
|switch|p1a: Glimmochad|Glimmora, F|100/100
|turn|14
|inactive|OUDJ NullGuy has 120 seconds left.
|
|t:|1685885515
|move|p1a: Glimmochad|Power Gem|p2a: Cinderace
|-supereffective|p2a: Cinderace
|-damage|p2a: Cinderace|0 fnt
|faint|p2a: Cinderace
|
|upkeep
|
|t:|1685885517
|switch|p2a: Great Tusk|Great Tusk|100/100
|turn|15
|
|t:|1685885528
|move|p1a: Glimmochad|Power Gem|p2a: Great Tusk
|-resisted|p2a: Great Tusk
|-damage|p2a: Great Tusk|86/100
|move|p2a: Great Tusk|Knock Off|p1a: Glimmochad
|-damage|p1a: Glimmochad|59/100
|-activate|p1a: Glimmochad|ability: Toxic Debris
|-sidestart|p2: skoma|move: Toxic Spikes
|-enditem|p1a: Glimmochad|Choice Scarf|[from] move: Knock Off|[of] p2a: Great Tusk
|
|upkeep
|turn|16
|
|t:|1685885535
|move|p2a: Great Tusk|Close Combat|p1a: Glimmochad
|-damage|p1a: Glimmochad|0 fnt
|-unboost|p2a: Great Tusk|def|1
|-unboost|p2a: Great Tusk|spd|1
|-activate|p1a: Glimmochad|ability: Toxic Debris
|-sidestart|p2: skoma|move: Toxic Spikes
|faint|p1a: Glimmochad
|
|upkeep
|l| patator3000
|
|t:|1685885538
|switch|p1a: Gabriel|Gholdengo|100/100
|turn|17
|l| Ran Kob
|
|t:|1685885545
|-end|p2a: Great Tusk|Protosynthesis|[silent]
|switch|p2a: Slowking|Slowking, M|100/100
|move|p1a: Gabriel|Focus Blast|p2a: Slowking
|-resisted|p2a: Slowking
|-crit|p2a: Slowking
|-damage|p2a: Slowking|78/100
|
|upkeep
|turn|18
|
|t:|1685885549
|switch|p1a: Roger|Kingambit, M|100/100
|-activate|p1a: Roger|ability: Supreme Overlord
|-start|p1a: Roger|fallen4|[silent]
|move|p2a: Slowking|Surf|p1a: Roger
|-damage|p1a: Roger|71/100
|
|-heal|p1a: Roger|77/100|[from] item: Leftovers
|upkeep
|turn|19
|
|t:|1685885554
|-end|p1a: Roger|fallen4|[silent]
|switch|p1a: Gabriel|Gholdengo|100/100
|switch|p2a: Kingambit|Kingambit, M|79/100
|-activate|p2a: Kingambit|ability: Supreme Overlord
|-start|p2a: Kingambit|fallen3|[silent]
|
|upkeep
|turn|20
|
|t:|1685885566
|-terastallize|p2a: Kingambit|Fire
|move|p1a: Gabriel|Focus Blast|p2a: Kingambit
|-damage|p2a: Kingambit|32/100
|move|p2a: Kingambit|Kowtow Cleave|p1a: Gabriel
|-supereffective|p1a: Gabriel
|-damage|p1a: Gabriel|0 fnt
|faint|p1a: Gabriel
|
|upkeep
|
|t:|1685885570
|switch|p1a: Roger|Kingambit, M|77/100
|-activate|p1a: Roger|ability: Supreme Overlord
|-start|p1a: Roger|fallen5|[silent]
|turn|21
|
|t:|1685885573
|move|p2a: Kingambit|Low Kick|p1a: Roger
|-supereffective|p1a: Roger
|-damage|p1a: Roger|0 fnt
|faint|p1a: Roger
|-end|p1a: Roger|fallen5|[silent]
|
|win|skoma
|raw|OUDJ NullGuy's rating: 1766 → 1742(-24 for losing)
|raw|skoma's rating: 1689 → 1713(+24 for winning)
|l|☆OUDJ NullGuy
