|j|☆TrashbutHuman
|j|☆Kaz2109
|t:|1685849240
|gametype|singles
|player|p1|TrashbutHuman|hugh|1290
|player|p2|Kaz2109|crasherwake|1339
|teamsize|p1|6
|teamsize|p2|6
|gen|9
|tier|[Gen 9] OU
|rated|
|rule|Sleep Clause Mod: Limit one foe put to sleep
|rule|Species Clause: Limit one of each Pokémon
|rule|OHKO Clause: OHKO moves are banned
|rule|Evasion Items Clause: Evasion items are banned
|rule|Evasion Moves Clause: Evasion moves are banned
|rule|Endless Battle Clause: Forcing endless battles is banned
|rule|HP Percentage Mod: HP is shown in percentages
|clearpoke
|poke|p1|Zapdos-Galar|
|poke|p1|Grimmsnarl, M|
|poke|p1|Dragapult, F|
|poke|p1|Rotom-Wash|
|poke|p1|Decidueye-Hisui, M|
|poke|p1|Corviknight, F|
|poke|p2|Great Tusk|
|poke|p2|Chien-Pao|
|poke|p2|Azumarill, F|
|poke|p2|Bombirdier, F|
|poke|p2|Heatran, F|
|poke|p2|Breloom, F|
|teampreview
|inactive|Battle timer is ON: inactive players will automatically lose when time's up. (requested by Kaz2109)
|
|t:|1685849257
|start
|switch|p1a: Grimmsnarl|Grimmsnarl, M|100/100
|switch|p2a: Bombirdier|Bombirdier, F|100/100
|turn|1
|
|t:|1685849264
|move|p1a: Grimmsnarl|Reflect|p1a: Grimmsnarl
|-sidestart|p1: TrashbutHuman|Reflect
|move|p2a: Bombirdier|Parting Shot|p1a: Grimmsnarl
|-unboost|p1a: Grimmsnarl|atk|1
|-unboost|p1a: Grimmsnarl|spa|1
|
|t:|1685849274
|switch|p2a: Heatran|Heatran, F|100/100|[from] Parting Shot
|
|upkeep
|turn|2
|
|t:|1685849279
|move|p1a: Grimmsnarl|Light Screen|p1a: Grimmsnarl
|-sidestart|p1: TrashbutHuman|move: Light Screen
|move|p2a: Heatran|Stealth Rock|p1a: Grimmsnarl
|-sidestart|p1: TrashbutHuman|move: Stealth Rock
|
|upkeep
|turn|3
|
|t:|1685849284
|move|p1a: Grimmsnarl|Parting Shot|p2a: Heatran
|-unboost|p2a: Heatran|atk|1
|-unboost|p2a: Heatran|spa|1
|
|t:|1685849290
|switch|p1a: Rotom|Rotom-Wash|100/100|[from] Parting Shot
|-damage|p1a: Rotom|88/100|[from] Stealth Rock
|move|p2a: Heatran|Magma Storm|p1a: Rotom
|-resisted|p1a: Rotom
|-damage|p1a: Rotom|83/100
|-activate|p1a: Rotom|move: Magma Storm|[of] p2a: Heatran
|
|-heal|p1a: Rotom|89/100|[from] item: Leftovers
|-damage|p1a: Rotom|76/100|[from] move: Magma Storm|[partiallytrapped]
|upkeep
|turn|4
|
|t:|1685849301
|move|p1a: Rotom|Hydro Pump|p2a: Heatran|[miss]
|-miss|p1a: Rotom|p2a: Heatran
|move|p2a: Heatran|Taunt|p1a: Rotom
|-start|p1a: Rotom|move: Taunt
|
|-heal|p1a: Rotom|83/100|[from] item: Leftovers
|-damage|p1a: Rotom|70/100|[from] move: Magma Storm|[partiallytrapped]
|upkeep
|turn|5
|
|t:|1685849312
|switch|p2a: Breloom|Breloom, F|100/100
|move|p1a: Rotom|Hydro Pump|p2a: Breloom
|-resisted|p2a: Breloom
|-damage|p2a: Breloom|65/100
|
|-heal|p1a: Rotom|76/100|[from] item: Leftovers
|-end|p1a: Rotom|Magma Storm|[partiallytrapped]|[silent]
|upkeep
|turn|6
|
|t:|1685849322
|move|p2a: Breloom|Bullet Seed|p1a: Rotom
|-supereffective|p1a: Rotom
|-damage|p1a: Rotom|53/100
|-supereffective|p1a: Rotom
|-crit|p1a: Rotom
|-damage|p1a: Rotom|0 fnt
|faint|p1a: Rotom
|-hitcount|p1: Rotom|2
|
|upkeep
|
|t:|1685849326
|switch|p1a: Zapdos|Zapdos-Galar|100/100
|-damage|p1a: Zapdos|88/100|[from] Stealth Rock
|turn|7
|
|t:|1685849345
|-terastallize|p2a: Breloom|Fire
|move|p1a: Zapdos|Bulk Up|p1a: Zapdos
|-boost|p1a: Zapdos|atk|1
|-boost|p1a: Zapdos|def|1
|move|p2a: Breloom|Spore|p1a: Zapdos
|-status|p1a: Zapdos|slp|[from] move: Spore
|
|-heal|p1a: Zapdos|94/100 slp|[from] item: Leftovers
|upkeep
|turn|8
|
|t:|1685849358
|switch|p2a: Azumarill|Azumarill, F|100/100
|cant|p1a: Zapdos|slp
|
|-heal|p1a: Zapdos|100/100 slp|[from] item: Leftovers
|-sideend|p1: TrashbutHuman|Reflect
|upkeep
|turn|9
|
|t:|1685849362
|cant|p1a: Zapdos|slp
|move|p2a: Azumarill|Ice Spinner|p1a: Zapdos
|-supereffective|p1a: Zapdos
|-damage|p1a: Zapdos|51/100 slp
|
|-heal|p1a: Zapdos|57/100 slp|[from] item: Leftovers
|-sideend|p1: TrashbutHuman|move: Light Screen
|upkeep
|turn|10
|
|t:|1685849366
|-terastallize|p1a: Zapdos|Steel
|-curestatus|p1a: Zapdos|slp|[msg]
|move|p1a: Zapdos|Trailblaze|p2a: Azumarill
|-supereffective|p2a: Azumarill
|-crit|p2a: Azumarill
|-damage|p2a: Azumarill|24/100
|-boost|p1a: Zapdos|spe|1
|move|p2a: Azumarill|Ice Spinner|p1a: Zapdos
|-resisted|p1a: Zapdos
|-damage|p1a: Zapdos|44/100
|
|-heal|p1a: Zapdos|50/100|[from] item: Leftovers
|upkeep
|turn|11
|
|t:|1685849373
|switch|p2a: Breloom|Breloom, F, tera:Fire|65/100
|move|p1a: Zapdos|Trailblaze|p2a: Breloom
|-resisted|p2a: Breloom
|-crit|p2a: Breloom
|-damage|p2a: Breloom|34/100
|-boost|p1a: Zapdos|spe|1
|
|-heal|p1a: Zapdos|57/100|[from] item: Leftovers
|upkeep
|turn|12
|
|t:|1685849380
|move|p2a: Breloom|Mach Punch|p1a: Zapdos
|-supereffective|p1a: Zapdos
|-damage|p1a: Zapdos|4/100
|move|p1a: Zapdos|Drill Peck|p2a: Breloom
|-damage|p2a: Breloom|0 fnt
|faint|p2a: Breloom
|
|-heal|p1a: Zapdos|10/100|[from] item: Leftovers
|upkeep
|
|t:|1685849385
|switch|p2a: Azumarill|Azumarill, F|24/100
|turn|13
|
|t:|1685849388
|move|p2a: Azumarill|Aqua Jet|p1a: Zapdos
|-crit|p1a: Zapdos
|-damage|p1a: Zapdos|0 fnt
|faint|p1a: Zapdos
|
|upkeep
|
|t:|1685849394
|switch|p1a: Decidueye|Decidueye-Hisui, M|100/100
|turn|14
|
|t:|1685849408
|switch|p1a: Corviknight|Corviknight, F|100/100
|-damage|p1a: Corviknight|88/100|[from] Stealth Rock
|-ability|p1a: Corviknight|Pressure
|switch|p2a: Bombirdier|Bombirdier, F|100/100
|
|-heal|p1a: Corviknight|94/100|[from] item: Leftovers
|upkeep
|turn|15
|
|t:|1685849420
|move|p2a: Bombirdier|Parting Shot|p1a: Corviknight
|-unboost|p1a: Corviknight|atk|1
|-unboost|p1a: Corviknight|spa|1
|
|t:|1685849426
|switch|p2a: Heatran|Heatran, F|100/100|[from] Parting Shot
|move|p1a: Corviknight|Body Press|p2a: Heatran
|-supereffective|p2a: Heatran
|-damage|p2a: Heatran|59/100
|
|-heal|p2a: Heatran|65/100|[from] item: Leftovers
|-heal|p1a: Corviknight|99/100|[from] item: Leftovers
|upkeep
|turn|16
|
|t:|1685849436
|move|p2a: Heatran|Taunt|p1a: Corviknight
|-start|p1a: Corviknight|move: Taunt
|move|p1a: Corviknight|Body Press|p2a: Heatran
|-supereffective|p2a: Heatran
|-damage|p2a: Heatran|21/100
|
|-heal|p2a: Heatran|27/100|[from] item: Leftovers
|-heal|p1a: Corviknight|100/100|[from] item: Leftovers
|upkeep
|turn|17
|
|t:|1685849448
|move|p2a: Heatran|Magma Storm|p1a: Corviknight
|-supereffective|p1a: Corviknight
|-damage|p1a: Corviknight|20/100
|-activate|p1a: Corviknight|move: Magma Storm|[of] p2a: Heatran
|move|p1a: Corviknight|Body Press|p2a: Heatran
|-supereffective|p2a: Heatran
|-damage|p2a: Heatran|0 fnt
|faint|p2a: Heatran
|
|-heal|p1a: Corviknight|26/100|[from] item: Leftovers
|-end|p1a: Corviknight|Magma Storm|[partiallytrapped]|[silent]
|upkeep
|
|t:|1685849460
|switch|p2a: Chien-Pao|Chien-Pao|100/100
|-ability|p2a: Chien-Pao|Sword of Ruin
|turn|18
|
|t:|1685849477
|move|p2a: Chien-Pao|Ice Spinner|p1a: Corviknight
|-damage|p1a: Corviknight|0 fnt
|faint|p1a: Corviknight
|
|upkeep
|
|t:|1685849480
|switch|p1a: Grimmsnarl|Grimmsnarl, M|100/100
|-damage|p1a: Grimmsnarl|88/100|[from] Stealth Rock
|turn|19
|
|t:|1685849485
|move|p1a: Grimmsnarl|Reflect|p1a: Grimmsnarl
|-sidestart|p1: TrashbutHuman|Reflect
|move|p2a: Chien-Pao|Ice Spinner|p1a: Grimmsnarl
|-damage|p1a: Grimmsnarl|36/100
|
|upkeep
|turn|20
|
|t:|1685849489
|move|p2a: Chien-Pao|Ice Spinner|p1a: Grimmsnarl
|-damage|p1a: Grimmsnarl|0 fnt
|faint|p1a: Grimmsnarl
|
|upkeep
|
|t:|1685849501
|switch|p1a: Dragapult|Dragapult, F|100/100
|turn|21
|
|t:|1685849504
|switch|p2a: Azumarill|Azumarill, F|24/100
|move|p1a: Dragapult|Will-O-Wisp|p2a: Azumarill
|-status|p2a: Azumarill|brn
|
|-damage|p2a: Azumarill|18/100 brn|[from] brn
|upkeep
|turn|22
|
|t:|1685849509
|move|p2a: Azumarill|Aqua Jet|p1a: Dragapult
|-resisted|p1a: Dragapult
|-damage|p1a: Dragapult|96/100
|move|p1a: Dragapult|Hex|p2a: Azumarill
|-crit|p2a: Azumarill
|-damage|p2a: Azumarill|0 fnt
|faint|p2a: Azumarill
|
|upkeep
|
|t:|1685849515
|switch|p2a: Bombirdier|Bombirdier, F|100/100
|turn|23
|
|t:|1685849519
|move|p2a: Bombirdier|Knock Off|p1a: Dragapult
|-supereffective|p1a: Dragapult
|-damage|p1a: Dragapult|31/100
|-enditem|p1a: Dragapult|Heavy-Duty Boots|[from] move: Knock Off|[of] p2a: Bombirdier
|move|p1a: Dragapult|Dragon Darts|p2a: Bombirdier
|-damage|p2a: Bombirdier|72/100
|-anim|p1a: Dragapult|Dragon Darts|p2a: Bombirdier
|-damage|p2a: Bombirdier|45/100
|
|upkeep
|turn|24
|
|t:|1685849525
|move|p2a: Bombirdier|Knock Off|p1a: Dragapult
|-supereffective|p1a: Dragapult
|-damage|p1a: Dragapult|0 fnt
|faint|p1a: Dragapult
|
|upkeep
|-message|TrashbutHuman forfeited.
|
|win|Kaz2109
|raw|TrashbutHuman's rating: 1290 → 1269(-21 for losing)
|raw|Kaz2109's rating: 1339 → 1356(+17 for winning)
|l|☆TrashbutHuman
