|j|☆Evergreen_spl
|j|☆Steven_02
|t:|1685820210
|gametype|singles
|player|p1|Evergreen_spl|rika|1243
|player|p2|Steven_02|steven|1295
|teamsize|p1|6
|teamsize|p2|6
|gen|9
|tier|[Gen 9] OU
|rated|
|rule|Sleep Clause Mod: Limit one foe put to sleep
|rule|Species Clause: Limit one of each Pokémon
|rule|OHKO Clause: OHKO moves are banned
|rule|Evasion Items Clause: Evasion items are banned
|rule|Evasion Moves Clause: Evasion moves are banned
|rule|Endless Battle Clause: Forcing endless battles is banned
|rule|HP Percentage Mod: HP is shown in percentages
|clearpoke
|poke|p1|Magearna|
|poke|p1|Corviknight, M|
|poke|p1|Samurott-Hisui, F|
|poke|p1|Skeledirge, F|
|poke|p1|Sneasler, M|
|poke|p1|Zapdos|
|poke|p2|Arcanine-Hisui, M|
|poke|p2|Corviknight, M|
|poke|p2|Decidueye-Hisui, M|
|poke|p2|Ting-Lu|
|poke|p2|Dragapult, M|
|poke|p2|Enamorus, F|
|teampreview
|inactive|Battle timer is ON: inactive players will automatically lose when time's up. (requested by Steven_02)
|
|t:|1685820236
|start
|switch|p1a: Skeledirge|Skeledirge, F|100/100
|switch|p2a: Decidueye|Decidueye-Hisui, M|100/100
|turn|1
|
|t:|1685820247
|switch|p2a: Arcanine|Arcanine-Hisui, M|100/100
|move|p1a: Skeledirge|Hex|p2a: Arcanine
|-damage|p2a: Arcanine|68/100
|
|upkeep
|turn|2
|inactive|Evergreen_spl has 120 seconds left.
|
|t:|1685820295
|switch|p1a: Samurott|Samurott-Hisui, F, shiny|100/100
|move|p2a: Arcanine|Head Smash|p1a: Samurott
|-damage|p1a: Samurott|0 fnt
|faint|p1a: Samurott
|
|upkeep
|
|t:|1685820302
|switch|p1a: Sneasler|Sneasler, M, shiny|100/100
|turn|3
|
|t:|1685820307
|switch|p2a: Corviknight|Corviknight, M|100/100
|-ability|p2a: Corviknight|Pressure
|move|p1a: Sneasler|Close Combat|p2a: Corviknight
|-damage|p2a: Corviknight|55/100
|-unboost|p1a: Sneasler|def|1
|-unboost|p1a: Sneasler|spd|1
|-damage|p1a: Sneasler|84/100|[from] item: Rocky Helmet|[of] p2a: Corviknight
|
|-heal|p1a: Sneasler|90/100|[from] item: Leftovers
|upkeep
|turn|4
|inactive|Evergreen_spl has 120 seconds left.
|
|t:|1685820318
|move|p1a: Sneasler|Substitute|p1a: Sneasler
|-start|p1a: Sneasler|Substitute
|-damage|p1a: Sneasler|65/100
|move|p2a: Corviknight|Roost|p2a: Corviknight
|-heal|p2a: Corviknight|100/100
|-singleturn|p2a: Corviknight|move: Roost
|
|-heal|p1a: Sneasler|71/100|[from] item: Leftovers
|upkeep
|turn|5
|
|t:|1685820321
|move|p1a: Sneasler|Swords Dance|p1a: Sneasler
|-boost|p1a: Sneasler|atk|2
|move|p2a: Corviknight|Body Press|p1a: Sneasler
|-resisted|p1a: Sneasler
|-end|p1a: Sneasler|Substitute
|
|-heal|p1a: Sneasler|77/100|[from] item: Leftovers
|upkeep
|turn|6
|
|t:|1685820335
|switch|p1a: Skeledirge|Skeledirge, F|100/100
|move|p2a: Corviknight|U-turn|p1a: Skeledirge
|-resisted|p1a: Skeledirge
|-damage|p1a: Skeledirge|98/100
|
|t:|1685820339
|switch|p2a: Arcanine|Arcanine-Hisui, M|68/100|[from] U-turn
|
|upkeep
|turn|7
|
|t:|1685820356
|switch|p1a: Magearna|Magearna|100/100
|move|p2a: Arcanine|Head Smash|p1a: Magearna
|-resisted|p1a: Magearna
|-damage|p1a: Magearna|51/100
|
|-heal|p1a: Magearna|57/100|[from] item: Leftovers
|upkeep
|turn|8
|
|t:|1685820367
|switch|p2a: Corviknight|Corviknight, M|100/100
|-ability|p2a: Corviknight|Pressure
|-terastallize|p1a: Magearna|Water
|move|p1a: Magearna|Shift Gear|p1a: Magearna
|-boost|p1a: Magearna|spe|2
|-boost|p1a: Magearna|atk|1
|
|-heal|p1a: Magearna|63/100|[from] item: Leftovers
|upkeep
|turn|9
|
|t:|1685820381
|move|p1a: Magearna|Calm Mind|p1a: Magearna
|-boost|p1a: Magearna|spa|1
|-boost|p1a: Magearna|spd|1
|move|p2a: Corviknight|Body Press|p1a: Magearna
|-damage|p1a: Magearna|38/100
|
|-heal|p1a: Magearna|44/100|[from] item: Leftovers
|upkeep
|turn|10
|
|t:|1685820384
|move|p1a: Magearna|Tera Blast|p2a: Corviknight
|-damage|p2a: Corviknight|46/100
|move|p2a: Corviknight|Body Press|p1a: Magearna
|-damage|p1a: Magearna|20/100
|
|-heal|p1a: Magearna|26/100|[from] item: Leftovers
|upkeep
|turn|11
|
|t:|1685820389
|move|p1a: Magearna|Tera Blast|p2a: Corviknight
|-damage|p2a: Corviknight|0 fnt
|faint|p2a: Corviknight
|-ability|p1a: Magearna|Soul-Heart|boost
|-boost|p1a: Magearna|spa|1
|
|-heal|p1a: Magearna|32/100|[from] item: Leftovers
|upkeep
|
|t:|1685820395
|switch|p2a: Arcanine|Arcanine-Hisui, M|68/100
|turn|12
|
|t:|1685820398
|move|p2a: Arcanine|Extreme Speed|p1a: Magearna
|-damage|p1a: Magearna|0 fnt
|faint|p1a: Magearna
|
|upkeep
|
|t:|1685820407
|switch|p1a: Corviknight|Corviknight, M, shiny|100/100
|-ability|p1a: Corviknight|Pressure
|turn|13
|
|t:|1685820412
|switch|p2a: Dragapult|Dragapult, M|100/100
|move|p1a: Corviknight|U-turn|p2a: Dragapult
|-resisted|p2a: Dragapult
|-damage|p2a: Dragapult|90/100
|
|t:|1685820421
|switch|p1a: Zapdos|Zapdos|100/100|[from] U-turn
|
|-heal|p2a: Dragapult|96/100|[from] item: Leftovers
|upkeep
|turn|14
|
|t:|1685820428
|move|p2a: Dragapult|Substitute|p2a: Dragapult
|-start|p2a: Dragapult|Substitute
|-damage|p2a: Dragapult|71/100
|move|p1a: Zapdos|Hurricane|p2a: Dragapult
|-end|p2a: Dragapult|Substitute
|
|-heal|p2a: Dragapult|77/100|[from] item: Leftovers
|upkeep
|turn|15
|
|t:|1685820457
|move|p2a: Dragapult|Substitute|p2a: Dragapult
|-start|p2a: Dragapult|Substitute
|-damage|p2a: Dragapult|52/100
|move|p1a: Zapdos|Thunderbolt|p2a: Dragapult
|-resisted|p2a: Dragapult
|-end|p2a: Dragapult|Substitute
|
|-heal|p2a: Dragapult|58/100|[from] item: Leftovers
|upkeep
|turn|16
|
|t:|1685820465
|switch|p2a: Ting-Lu|Ting-Lu|100/100
|-ability|p2a: Ting-Lu|Vessel of Ruin
|move|p1a: Zapdos|Thunderbolt|p2a: Ting-Lu
|-immune|p2a: Ting-Lu
|
|upkeep
|turn|17
|
|t:|1685820469
|move|p1a: Zapdos|Hurricane|p2a: Ting-Lu
|-damage|p2a: Ting-Lu|72/100
|move|p2a: Ting-Lu|Stealth Rock|p1a: Zapdos
|-sidestart|p1: Evergreen_spl|move: Stealth Rock
|
|-heal|p2a: Ting-Lu|78/100|[from] item: Leftovers
|upkeep
|turn|18
|
|t:|1685820475
|move|p1a: Zapdos|Hurricane|p2a: Ting-Lu
|-damage|p2a: Ting-Lu|48/100
|move|p2a: Ting-Lu|Ruination|p1a: Zapdos
|-damage|p1a: Zapdos|51/100
|
|-heal|p2a: Ting-Lu|54/100|[from] item: Leftovers
|upkeep
|turn|19
|
|t:|1685820482
|move|p1a: Zapdos|Hurricane|p2a: Ting-Lu|[miss]
|-miss|p1a: Zapdos|p2a: Ting-Lu
|move|p2a: Ting-Lu|Ruination|p1a: Zapdos
|-damage|p1a: Zapdos|26/100
|
|-heal|p2a: Ting-Lu|60/100|[from] item: Leftovers
|upkeep
|turn|20
|
|t:|1685820487
|move|p1a: Zapdos|Roost|p1a: Zapdos
|-heal|p1a: Zapdos|76/100
|-singleturn|p1a: Zapdos|move: Roost
|move|p2a: Ting-Lu|Stomping Tantrum|p1a: Zapdos
|-supereffective|p1a: Zapdos
|-damage|p1a: Zapdos|22/100
|-status|p2a: Ting-Lu|par|[from] ability: Static|[of] p1a: Zapdos
|
|-heal|p2a: Ting-Lu|66/100 par|[from] item: Leftovers
|upkeep
|turn|21
|
|t:|1685820497
|switch|p2a: Arcanine|Arcanine-Hisui, M|68/100
|move|p1a: Zapdos|U-turn|p2a: Arcanine
|-resisted|p2a: Arcanine
|-damage|p2a: Arcanine|59/100
|
|t:|1685820505
|switch|p1a: Corviknight|Corviknight, M, shiny|100/100|[from] U-turn
|-damage|p1a: Corviknight|88/100|[from] Stealth Rock
|-ability|p1a: Corviknight|Pressure
|
|upkeep
|turn|22
|
|t:|1685820511
|move|p2a: Arcanine|Flare Blitz|p1a: Corviknight
|-supereffective|p1a: Corviknight
|-damage|p1a: Corviknight|0 fnt
|-damage|p2a: Arcanine|42/100|[from] item: Rocky Helmet|[of] p1a: Corviknight
|faint|p1a: Corviknight
|
|upkeep
|
|t:|1685820514
|switch|p1a: Skeledirge|Skeledirge, F|98/100
|turn|23
|
|t:|1685820524
|switch|p2a: Ting-Lu|Ting-Lu|66/100 par
|-ability|p2a: Ting-Lu|Vessel of Ruin
|move|p1a: Skeledirge|Torch Song|p2a: Ting-Lu
|-damage|p2a: Ting-Lu|53/100 par
|-boost|p1a: Skeledirge|spa|1
|
|-heal|p2a: Ting-Lu|59/100 par|[from] item: Leftovers
|upkeep
|turn|24
|
|t:|1685820545
|move|p1a: Skeledirge|Torch Song|p2a: Ting-Lu
|-damage|p2a: Ting-Lu|38/100 par
|-boost|p1a: Skeledirge|spa|1
|cant|p2a: Ting-Lu|par
|
|-heal|p2a: Ting-Lu|44/100 par|[from] item: Leftovers
|upkeep
|turn|25
|
|t:|1685820551
|move|p1a: Skeledirge|Torch Song|p2a: Ting-Lu
|-damage|p2a: Ting-Lu|14/100 par
|-boost|p1a: Skeledirge|spa|1
|move|p2a: Ting-Lu|Ruination|p1a: Skeledirge
|-damage|p1a: Skeledirge|49/100
|
|-heal|p2a: Ting-Lu|20/100 par|[from] item: Leftovers
|upkeep
|turn|26
|
|t:|1685820554
|move|p1a: Skeledirge|Torch Song|p2a: Ting-Lu
|-damage|p2a: Ting-Lu|0 fnt
|-boost|p1a: Skeledirge|spa|1
|faint|p2a: Ting-Lu
|
|upkeep
|
|t:|1685820560
|switch|p2a: Decidueye|Decidueye-Hisui, M|100/100
|turn|27
|
|t:|1685820570
|-terastallize|p2a: Decidueye|Dark
|move|p2a: Decidueye|Knock Off|p1a: Skeledirge
|-supereffective|p1a: Skeledirge
|-damage|p1a: Skeledirge|0 fnt
|-enditem|p1a: Skeledirge|Heavy-Duty Boots|[from] move: Knock Off|[of] p2a: Decidueye
|faint|p1a: Skeledirge
|
|upkeep
|
|t:|1685820575
|switch|p1a: Sneasler|Sneasler, M, shiny|77/100
|-damage|p1a: Sneasler|71/100|[from] Stealth Rock
|turn|28
|
|t:|1685820583
|move|p2a: Decidueye|Sucker Punch||[still]
|-fail|p2a: Decidueye
|move|p1a: Sneasler|Substitute|p1a: Sneasler
|-start|p1a: Sneasler|Substitute
|-damage|p1a: Sneasler|46/100
|
|-heal|p1a: Sneasler|52/100|[from] item: Leftovers
|upkeep
|turn|29
|
|t:|1685820590
|move|p1a: Sneasler|Close Combat|p2a: Decidueye
|-supereffective|p2a: Decidueye
|-damage|p2a: Decidueye|0 fnt
|-unboost|p1a: Sneasler|def|1
|-unboost|p1a: Sneasler|spd|1
|faint|p2a: Decidueye
|
|-heal|p1a: Sneasler|58/100|[from] item: Leftovers
|upkeep
|
|t:|1685820593
|switch|p2a: Dragapult|Dragapult, M|58/100
|turn|30
|
|t:|1685820598
|move|p2a: Dragapult|Draco Meteor|p1a: Sneasler|[miss]
|-miss|p2a: Dragapult|p1a: Sneasler
|move|p1a: Sneasler|Dire Claw|p2a: Dragapult
|-resisted|p2a: Dragapult
|-damage|p2a: Dragapult|32/100
|-status|p2a: Dragapult|psn
|
|-heal|p2a: Dragapult|38/100 psn|[from] item: Leftovers
|-heal|p1a: Sneasler|64/100|[from] item: Leftovers
|-damage|p2a: Dragapult|25/100 psn|[from] psn
|upkeep
|turn|31
|
|t:|1685820620
|move|p2a: Dragapult|Draco Meteor|p1a: Sneasler
|-damage|p1a: Sneasler|0 fnt
|-unboost|p2a: Dragapult|spa|2
|faint|p1a: Sneasler
|
|-heal|p2a: Dragapult|31/100 psn|[from] item: Leftovers
|-damage|p2a: Dragapult|19/100 psn|[from] psn
|upkeep
|
|t:|1685820628
|switch|p1a: Zapdos|Zapdos|22/100
|turn|32
|
|t:|1685820630
|move|p2a: Dragapult|Draco Meteor|p1a: Zapdos
|-damage|p1a: Zapdos|0 fnt
|-unboost|p2a: Dragapult|spa|2
|faint|p1a: Zapdos
|
|win|Steven_02
|raw|Evergreen_spl's rating: 1243 → 1222(-21 for losing)
|raw|Steven_02's rating: 1295 → 1316(+21 for winning)
|l|☆Evergreen_spl
