|j|☆A Welcome Guest
|j|☆mellow
|t:|1685838560
|gametype|singles
|player|p1|A Welcome Guest|volkner|1753
|player|p2|mellow|gardenia|1785
|teamsize|p1|6
|teamsize|p2|6
|gen|9
|tier|[Gen 9] OU
|rated|
|rule|Sleep Clause Mod: Limit one foe put to sleep
|rule|Species Clause: Limit one of each Pokémon
|rule|OHKO Clause: OHKO moves are banned
|rule|Evasion Items Clause: Evasion items are banned
|rule|Evasion Moves Clause: Evasion moves are banned
|rule|Endless Battle Clause: Forcing endless battles is banned
|rule|HP Percentage Mod: HP is shown in percentages
|clearpoke
|poke|p1|Cinderace, F|
|poke|p1|Great Tusk|
|poke|p1|Slowking, F|
|poke|p1|Chien-Pao|
|poke|p1|Amoonguss, F|
|poke|p1|Dondozo, F|
|poke|p2|Decidueye-Hisui, F|
|poke|p2|Typhlosion-Hisui, F|
|poke|p2|Magearna|
|poke|p2|Landorus-Therian, M|
|poke|p2|Zamazenta-*|
|poke|p2|Rotom-Wash|
|teampreview
|j| the eminence
|j| BenGayOintment
|
|t:|1685838588
|start
|switch|p1a: Great Tusk|Great Tusk|100/100
|switch|p2a: Typhlosion|Typhlosion-Hisui, F|100/100
|turn|1
|inactive|Battle timer is ON: inactive players will automatically lose when time's up. (requested by mellow)
|j| Omegasization
|inactive|A Welcome Guest has 120 seconds left.
|
|t:|1685838629
|switch|p2a: Landorus|Landorus-Therian, M|100/100
|-ability|p2a: Landorus|Intimidate|boost
|-unboost|p1a: Great Tusk|atk|1
|-end|p1a: Great Tusk|Protosynthesis|[silent]
|switch|p1a: Slowking|Slowking, F|100/100
|
|upkeep
|turn|2
|inactive|mellow has 120 seconds left.
|j| Wolverinemon
|j| PichaExplosiva
|
|t:|1685838680
|switch|p2a: Rotom|Rotom-Wash|100/100
|move|p1a: Slowking|Chilly Reception|p1a: Slowking
|-weather|Snow
|j| SOCIETY ESCAPE
|
|t:|1685838689
|switch|p1a: Amoonguss|Amoonguss, F|100/100|[from] Chilly Reception
|
|-weather|Snow|[upkeep]
|upkeep
|turn|3
|
|t:|1685838693
|move|p2a: Rotom|Volt Switch|p1a: Amoonguss
|-resisted|p1a: Amoonguss
|-damage|p1a: Amoonguss|90/100
|l| PichaExplosiva
|
|t:|1685838719
|switch|p2a: Zamazenta|Zamazenta|100/100|[from] Volt Switch
|-ability|p2a: Zamazenta|Dauntless Shield|boost
|-boost|p2a: Zamazenta|def|1
|move|p1a: Amoonguss|Spore|p2a: Zamazenta
|-status|p2a: Zamazenta|slp|[from] move: Spore
|
|-weather|Snow|[upkeep]
|upkeep
|turn|4
|
|t:|1685838731
|switch|p2a: Typhlosion|Typhlosion-Hisui, F|100/100
|switch|p1a: Slowking|Slowking, F|100/100
|
|-weather|Snow|[upkeep]
|upkeep
|turn|5
|
|t:|1685838740
|move|p2a: Typhlosion|Shadow Ball|p1a: Slowking
|-supereffective|p1a: Slowking
|-damage|p1a: Slowking|27/100
|move|p1a: Slowking|Chilly Reception|p1a: Slowking
|
|t:|1685838742
|switch|p1a: Chien-Pao|Chien-Pao|100/100|[from] Chilly Reception
|-ability|p1a: Chien-Pao|Sword of Ruin
|
|-weather|Snow|[upkeep]
|upkeep
|turn|6
|
|t:|1685838750
|switch|p2a: Magearna|Magearna|100/100
|move|p1a: Chien-Pao|Ice Spinner|p2a: Magearna
|-resisted|p2a: Magearna
|-damage|p2a: Magearna|70/100
|
|-weather|none
|upkeep
|turn|7
|inactive|mellow has 120 seconds left.
|
|t:|1685838758
|switch|p1a: Cinderace|Cinderace, F|100/100
|switch|p2a: Typhlosion|Typhlosion-Hisui, F|100/100
|
|upkeep
|turn|8
|
|t:|1685838764
|move|p1a: Cinderace|Sucker Punch|p2a: Typhlosion
|-start|p1a: Cinderace|typechange|Dark|[from] ability: Libero
|-supereffective|p2a: Typhlosion
|-damage|p2a: Typhlosion|0 fnt
|faint|p2a: Typhlosion
|
|upkeep
|
|t:|1685838770
|switch|p2a: Landorus|Landorus-Therian, M|100/100
|-ability|p2a: Landorus|Intimidate|boost
|-unboost|p1a: Cinderace|atk|1
|turn|9
|
|t:|1685838776
|switch|p1a: Amoonguss|Amoonguss, F|100/100
|move|p2a: Landorus|Stealth Rock|p1a: Amoonguss
|-sidestart|p1: A Welcome Guest|move: Stealth Rock
|
|upkeep
|turn|10
|
|t:|1685838784
|move|p2a: Landorus|Earthquake|p1a: Amoonguss
|-damage|p1a: Amoonguss|59/100
|move|p1a: Amoonguss|Grass Knot|p2a: Landorus
|-damage|p2a: Landorus|71/100
|
|-heal|p2a: Landorus|77/100|[from] item: Leftovers
|upkeep
|turn|11
|
|t:|1685838795
|move|p2a: Landorus|Earthquake|p1a: Amoonguss
|-damage|p1a: Amoonguss|13/100
|move|p1a: Amoonguss|Sludge Bomb|p2a: Landorus
|-resisted|p2a: Landorus
|-damage|p2a: Landorus|59/100
|
|-heal|p2a: Landorus|65/100|[from] item: Leftovers
|upkeep
|turn|12
|
|t:|1685838803
|switch|p1a: Dondozo|Dondozo, F|100/100
|-damage|p1a: Dondozo|88/100|[from] Stealth Rock
|move|p2a: Landorus|Earthquake|p1a: Dondozo
|-damage|p1a: Dondozo|62/100
|
|-heal|p2a: Landorus|71/100|[from] item: Leftovers
|-heal|p1a: Dondozo|68/100|[from] item: Leftovers
|upkeep
|turn|13
|
|t:|1685838813
|switch|p2a: Rotom|Rotom-Wash|100/100
|move|p1a: Dondozo|Protect||[still]
|-fail|p1a: Dondozo
|
|-heal|p1a: Dondozo|74/100|[from] item: Leftovers
|upkeep
|turn|14
|
|t:|1685838822
|switch|p1a: Amoonguss|Amoonguss, F|46/100
|-damage|p1a: Amoonguss|34/100|[from] Stealth Rock
|move|p2a: Rotom|Hydro Pump|p1a: Amoonguss
|-resisted|p1a: Amoonguss
|-damage|p1a: Amoonguss|15/100
|
|upkeep
|turn|15
|
|t:|1685838829
|switch|p1a: Slowking|Slowking, F|60/100
|move|p2a: Rotom|Hydro Pump|p1a: Slowking|[miss]
|-miss|p2a: Rotom|p1a: Slowking
|
|upkeep
|turn|16
|
|t:|1685838834
|move|p2a: Rotom|Volt Switch|p1a: Slowking
|-supereffective|p1a: Slowking
|-damage|p1a: Slowking|32/100
|
|t:|1685838852
|switch|p2a: Landorus|Landorus-Therian, M|71/100|[from] Volt Switch
|-ability|p2a: Landorus|Intimidate|boost
|-unboost|p1a: Slowking|atk|1
|move|p1a: Slowking|Chilly Reception|p1a: Slowking
|-weather|Snow
|
|t:|1685838865
|switch|p1a: Chien-Pao|Chien-Pao|100/100|[from] Chilly Reception
|-damage|p1a: Chien-Pao|76/100|[from] Stealth Rock
|-ability|p1a: Chien-Pao|Sword of Ruin
|
|-weather|Snow|[upkeep]
|-heal|p2a: Landorus|77/100|[from] item: Leftovers
|upkeep
|turn|17
|
|t:|1685838876
|switch|p2a: Magearna|Magearna|70/100
|move|p1a: Chien-Pao|Sacred Sword|p2a: Magearna
|-damage|p2a: Magearna|26/100
|
|-weather|Snow|[upkeep]
|upkeep
|turn|18
|
|t:|1685838883
|move|p1a: Chien-Pao|Sacred Sword|p2a: Magearna
|-damage|p2a: Magearna|0 fnt
|faint|p2a: Magearna
|
|-weather|Snow|[upkeep]
|upkeep
|
|t:|1685838887
|switch|p2a: Landorus|Landorus-Therian, M|77/100
|-ability|p2a: Landorus|Intimidate|boost
|-unboost|p1a: Chien-Pao|atk|1
|turn|19
|
|t:|1685838904
|switch|p1a: Great Tusk|Great Tusk|100/100
|-damage|p1a: Great Tusk|98/100|[from] Stealth Rock
|switch|p2a: Rotom|Rotom-Wash|100/100
|
|-weather|Snow|[upkeep]
|-heal|p1a: Great Tusk|100/100|[from] item: Leftovers
|upkeep
|turn|20
|
|t:|1685838919
|move|p1a: Great Tusk|Rapid Spin|p2a: Rotom
|-damage|p2a: Rotom|81/100
|-boost|p1a: Great Tusk|spe|1
|-sideend|p1: A Welcome Guest|Stealth Rock|[from] move: Rapid Spin|[of] p1a: Great Tusk
|move|p2a: Rotom|Hydro Pump|p1a: Great Tusk
|-supereffective|p1a: Great Tusk
|-damage|p1a: Great Tusk|0 fnt
|faint|p1a: Great Tusk
|-end|p1a: Great Tusk|Protosynthesis|[silent]
|
|-weather|none
|-heal|p2a: Rotom|88/100|[from] item: Leftovers
|upkeep
|
|t:|1685838926
|switch|p1a: Amoonguss|Amoonguss, F|48/100
|turn|21
|
|t:|1685838929
|move|p2a: Rotom|Protect|p2a: Rotom
|-singleturn|p2a: Rotom|Protect
|move|p1a: Amoonguss|Sludge Bomb|p2a: Rotom
|-activate|p2a: Rotom|move: Protect
|
|-heal|p2a: Rotom|94/100|[from] item: Leftovers
|upkeep
|turn|22
|
|t:|1685838937
|move|p2a: Rotom|Volt Switch|p1a: Amoonguss
|-resisted|p1a: Amoonguss
|-damage|p1a: Amoonguss|35/100
|
|t:|1685838940
|switch|p2a: Landorus|Landorus-Therian, M|77/100|[from] Volt Switch
|-ability|p2a: Landorus|Intimidate|boost
|-unboost|p1a: Amoonguss|atk|1
|move|p1a: Amoonguss|Sludge Bomb|p2a: Landorus
|-resisted|p2a: Landorus
|-crit|p2a: Landorus
|-damage|p2a: Landorus|53/100
|
|-heal|p2a: Landorus|59/100|[from] item: Leftovers
|upkeep
|turn|23
|
|t:|1685838966
|switch|p1a: Dondozo|Dondozo, F|74/100
|move|p2a: Landorus|Stealth Rock|p1a: Dondozo
|-sidestart|p1: A Welcome Guest|move: Stealth Rock
|
|-heal|p2a: Landorus|65/100|[from] item: Leftovers
|-heal|p1a: Dondozo|80/100|[from] item: Leftovers
|upkeep
|turn|24
|
|t:|1685838981
|switch|p2a: Decidueye|Decidueye-Hisui, F|100/100
|switch|p1a: Amoonguss|Amoonguss, F|68/100
|-damage|p1a: Amoonguss|56/100|[from] Stealth Rock
|
|upkeep
|turn|25
|
|t:|1685838990
|move|p2a: Decidueye|U-turn|p1a: Amoonguss
|-damage|p1a: Amoonguss|43/100
|-damage|p2a: Decidueye|84/100|[from] item: Rocky Helmet|[of] p1a: Amoonguss
|
|t:|1685838998
|switch|p2a: Zamazenta|Zamazenta|100/100 slp|[from] U-turn
|move|p1a: Amoonguss|Sludge Bomb|p2a: Zamazenta
|-damage|p2a: Zamazenta|75/100 slp
|
|upkeep
|turn|26
|
|t:|1685839008
|switch|p2a: Landorus|Landorus-Therian, M|65/100
|-ability|p2a: Landorus|Intimidate|boost
|-unboost|p1a: Amoonguss|atk|1
|move|p1a: Amoonguss|Grass Knot|p2a: Landorus
|-damage|p2a: Landorus|33/100
|
|-heal|p2a: Landorus|39/100|[from] item: Leftovers
|upkeep
|turn|27
|inactive|A Welcome Guest has 120 seconds left.
|j| misterioussaint
|inactive|A Welcome Guest has 90 seconds left.
|
|t:|1685839083
|-terastallize|p1a: Amoonguss|Flying
|move|p2a: Landorus|Earthquake|p1a: Amoonguss
|-immune|p1a: Amoonguss
|move|p1a: Amoonguss|Grass Knot|p2a: Landorus
|-damage|p2a: Landorus|7/100
|
|-heal|p2a: Landorus|13/100|[from] item: Leftovers
|upkeep
|turn|28
|
|t:|1685839091
|move|p2a: Landorus|Stone Edge|p1a: Amoonguss
|-supereffective|p1a: Amoonguss
|-damage|p1a: Amoonguss|0 fnt
|faint|p1a: Amoonguss
|
|-heal|p2a: Landorus|19/100|[from] item: Leftovers
|upkeep
|
|t:|1685839097
|switch|p1a: Cinderace|Cinderace, F|100/100
|turn|29
|
|t:|1685839111
|switch|p2a: Rotom|Rotom-Wash|94/100
|move|p1a: Cinderace|Pyro Ball|p2a: Rotom
|-resisted|p2a: Rotom
|-damage|p2a: Rotom|62/100
|
|-heal|p2a: Rotom|68/100|[from] item: Leftovers
|upkeep
|turn|30
|inactive|A Welcome Guest has 90 seconds left.
|
|t:|1685839121
|move|p1a: Cinderace|U-turn|p2a: Rotom
|-start|p1a: Cinderace|typechange|Bug|[from] ability: Libero
|-damage|p2a: Rotom|30/100
|inactive|A Welcome Guest has 90 seconds left.
|
|t:|1685839127
|switch|p1a: Slowking|Slowking, F|65/100|[from] U-turn
|move|p2a: Rotom|Hydro Pump|p1a: Slowking
|-resisted|p1a: Slowking
|-damage|p1a: Slowking|54/100
|
|-heal|p2a: Rotom|37/100|[from] item: Leftovers
|upkeep
|turn|31
|
|t:|1685839137
|move|p2a: Rotom|Thunder Wave|p1a: Slowking
|-status|p1a: Slowking|par
|cant|p1a: Slowking|par
|
|-heal|p2a: Rotom|43/100|[from] item: Leftovers
|upkeep
|turn|32
|
|t:|1685839144
|move|p2a: Rotom|Protect|p2a: Rotom
|-singleturn|p2a: Rotom|Protect
|move|p1a: Slowking|Chilly Reception|p1a: Slowking
|-weather|Snow
|
|t:|1685839151
|switch|p1a: Chien-Pao|Chien-Pao|76/100|[from] Chilly Reception
|-damage|p1a: Chien-Pao|51/100|[from] Stealth Rock
|-ability|p1a: Chien-Pao|Sword of Ruin
|
|-weather|Snow|[upkeep]
|-heal|p2a: Rotom|49/100|[from] item: Leftovers
|upkeep
|turn|33
|
|t:|1685839166
|switch|p2a: Landorus|Landorus-Therian, M|19/100
|-ability|p2a: Landorus|Intimidate|boost
|-unboost|p1a: Chien-Pao|atk|1
|move|p1a: Chien-Pao|Crunch|p2a: Landorus
|-damage|p2a: Landorus|0 fnt
|faint|p2a: Landorus
|
|-weather|Snow|[upkeep]
|upkeep
|
|t:|1685839176
|switch|p2a: Zamazenta|Zamazenta|75/100 slp
|turn|34
|l| the eminence
|inactive|A Welcome Guest has 120 seconds left.
|
|t:|1685839193
|switch|p1a: Dondozo|Dondozo, F|80/100
|-damage|p1a: Dondozo|68/100|[from] Stealth Rock
|cant|p2a: Zamazenta|slp
|
|-weather|Snow|[upkeep]
|-heal|p1a: Dondozo|74/100|[from] item: Leftovers
|upkeep
|turn|35
|
|t:|1685839203
|switch|p2a: Rotom|Rotom-Wash|49/100
|move|p1a: Dondozo|Curse|p1a: Dondozo
|-unboost|p1a: Dondozo|spe|1
|-boost|p1a: Dondozo|atk|1
|-boost|p1a: Dondozo|def|1
|
|-weather|Snow|[upkeep]
|-heal|p2a: Rotom|55/100|[from] item: Leftovers
|-heal|p1a: Dondozo|80/100|[from] item: Leftovers
|upkeep
|turn|36
|
|t:|1685839212
|switch|p1a: Slowking|Slowking, F|87/100 par
|move|p2a: Rotom|Thunder Wave|p1a: Slowking
|-fail|p1a: Slowking|par
|
|-weather|none
|-heal|p2a: Rotom|62/100|[from] item: Leftovers
|upkeep
|turn|37
|
|t:|1685839214
|move|p2a: Rotom|Volt Switch|p1a: Slowking
|-supereffective|p1a: Slowking
|-crit|p1a: Slowking
|-damage|p1a: Slowking|38/100 par
|
|t:|1685839218
|switch|p2a: Zamazenta|Zamazenta|75/100 slp|[from] Volt Switch
|move|p1a: Slowking|Chilly Reception|p1a: Slowking
|-weather|Snow
|
|t:|1685839227
|switch|p1a: Dondozo|Dondozo, F|80/100|[from] Chilly Reception
|-damage|p1a: Dondozo|68/100|[from] Stealth Rock
|
|-weather|Snow|[upkeep]
|-heal|p1a: Dondozo|74/100|[from] item: Leftovers
|upkeep
|turn|38
|
|t:|1685839236
|cant|p2a: Zamazenta|slp
|move|p1a: Dondozo|Wave Crash|p2a: Zamazenta
|-damage|p2a: Zamazenta|40/100 slp
|-damage|p1a: Dondozo|67/100|[from] Recoil
|
|-weather|Snow|[upkeep]
|-heal|p1a: Dondozo|73/100|[from] item: Leftovers
|upkeep
|turn|39
|
|t:|1685839241
|switch|p2a: Rotom|Rotom-Wash|62/100
|move|p1a: Dondozo|Curse|p1a: Dondozo
|-unboost|p1a: Dondozo|spe|1
|-boost|p1a: Dondozo|atk|1
|-boost|p1a: Dondozo|def|1
|
|-weather|Snow|[upkeep]
|-heal|p2a: Rotom|68/100|[from] item: Leftovers
|-heal|p1a: Dondozo|79/100|[from] item: Leftovers
|upkeep
|turn|40
|
|t:|1685839247
|move|p1a: Dondozo|Protect|p1a: Dondozo
|-singleturn|p1a: Dondozo|Protect
|move|p2a: Rotom|Volt Switch|p1a: Dondozo
|-activate|p1a: Dondozo|move: Protect
|
|-weather|Snow|[upkeep]
|-heal|p2a: Rotom|74/100|[from] item: Leftovers
|-heal|p1a: Dondozo|85/100|[from] item: Leftovers
|upkeep
|turn|41
|
|t:|1685839250
|switch|p1a: Slowking|Slowking, F|72/100 par
|move|p2a: Rotom|Volt Switch|p1a: Slowking
|-supereffective|p1a: Slowking
|-damage|p1a: Slowking|44/100 par
|
|t:|1685839254
|switch|p2a: Zamazenta|Zamazenta|40/100 slp|[from] Volt Switch
|
|-weather|none
|upkeep
|turn|42
|
|t:|1685839260
|switch|p1a: Dondozo|Dondozo, F|85/100
|-damage|p1a: Dondozo|73/100|[from] Stealth Rock
|cant|p2a: Zamazenta|slp
|
|-heal|p1a: Dondozo|79/100|[from] item: Leftovers
|upkeep
|turn|43
|
|t:|1685839266
|switch|p2a: Rotom|Rotom-Wash|74/100
|move|p1a: Dondozo|Wave Crash|p2a: Rotom
|-resisted|p2a: Rotom
|-damage|p2a: Rotom|54/100
|-damage|p1a: Dondozo|75/100|[from] Recoil
|
|-heal|p2a: Rotom|60/100|[from] item: Leftovers
|-heal|p1a: Dondozo|81/100|[from] item: Leftovers
|upkeep
|turn|44
|
|t:|1685839270
|switch|p1a: Slowking|Slowking, F|77/100 par
|move|p2a: Rotom|Volt Switch|p1a: Slowking
|-supereffective|p1a: Slowking
|-damage|p1a: Slowking|49/100 par
|
|t:|1685839273
|switch|p2a: Zamazenta|Zamazenta|40/100 slp|[from] Volt Switch
|
|upkeep
|turn|45
|
|t:|1685839277
|-curestatus|p2a: Zamazenta|slp|[msg]
|move|p2a: Zamazenta|Close Combat|p1a: Slowking
|-resisted|p1a: Slowking
|-damage|p1a: Slowking|2/100 par
|-unboost|p2a: Zamazenta|def|1
|-unboost|p2a: Zamazenta|spd|1
|move|p1a: Slowking|Chilly Reception|p1a: Slowking
|-weather|Snow
|j| luisYR_a
|
|t:|1685839303
|switch|p1a: Chien-Pao|Chien-Pao|51/100|[from] Chilly Reception
|-damage|p1a: Chien-Pao|26/100|[from] Stealth Rock
|-ability|p1a: Chien-Pao|Sword of Ruin
|
|-weather|Snow|[upkeep]
|upkeep
|turn|46
|l| Omegasization
|j| Ahsan-219
|
|t:|1685839332
|switch|p2a: Rotom|Rotom-Wash|60/100
|move|p1a: Chien-Pao|Ice Shard|p2a: Rotom
|-resisted|p2a: Rotom
|-damage|p2a: Rotom|38/100
|
|-weather|Snow|[upkeep]
|-heal|p2a: Rotom|44/100|[from] item: Leftovers
|upkeep
|turn|47
|
|t:|1685839346
|switch|p1a: Slowking|Slowking, F|35/100 par
|move|p2a: Rotom|Protect||[still]
|-fail|p2a: Rotom
|
|-weather|Snow|[upkeep]
|-heal|p2a: Rotom|50/100|[from] item: Leftovers
|upkeep
|turn|48
|
|t:|1685839350
|move|p2a: Rotom|Volt Switch|p1a: Slowking
|-supereffective|p1a: Slowking
|-damage|p1a: Slowking|3/100 par
|
|t:|1685839354
|switch|p2a: Decidueye|Decidueye-Hisui, F|84/100|[from] Volt Switch
|move|p1a: Slowking|Chilly Reception|p1a: Slowking
|
|t:|1685839358
|switch|p1a: Cinderace|Cinderace, F|100/100|[from] Chilly Reception
|
|-weather|Snow|[upkeep]
|upkeep
|turn|49
|
|t:|1685839370
|move|p1a: Cinderace|Pyro Ball|p2a: Decidueye
|-supereffective|p2a: Decidueye
|-damage|p2a: Decidueye|0 fnt
|faint|p2a: Decidueye
|
|-weather|none
|upkeep
|
|t:|1685839378
|switch|p2a: Zamazenta|Zamazenta|40/100
|turn|50
|
|t:|1685839389
|switch|p1a: Slowking|Slowking, F|36/100 par
|-terastallize|p2a: Zamazenta|Fighting
|move|p2a: Zamazenta|Close Combat|p1a: Slowking
|-resisted|p1a: Slowking
|-damage|p1a: Slowking|0 fnt
|-unboost|p2a: Zamazenta|def|1
|-unboost|p2a: Zamazenta|spd|1
|faint|p1a: Slowking
|
|upkeep
|
|t:|1685839398
|switch|p1a: Dondozo|Dondozo, F|81/100
|-damage|p1a: Dondozo|69/100|[from] Stealth Rock
|turn|51
|j| Ctannn
|
|t:|1685839406
|move|p1a: Dondozo|Protect|p1a: Dondozo
|-singleturn|p1a: Dondozo|Protect
|move|p2a: Zamazenta|Close Combat|p1a: Dondozo
|-activate|p1a: Dondozo|move: Protect
|
|-heal|p1a: Dondozo|75/100|[from] item: Leftovers
|upkeep
|turn|52
|
|t:|1685839410
|switch|p2a: Rotom|Rotom-Wash|50/100
|move|p1a: Dondozo|Wave Crash|p2a: Rotom
|-resisted|p2a: Rotom
|-damage|p2a: Rotom|27/100
|-damage|p1a: Dondozo|70/100|[from] Recoil
|
|-heal|p2a: Rotom|33/100|[from] item: Leftovers
|-heal|p1a: Dondozo|76/100|[from] item: Leftovers
|upkeep
|turn|53
|
|t:|1685839429
|switch|p1a: Cinderace|Cinderace, F|100/100
|move|p2a: Rotom|Thunder Wave|p1a: Cinderace
|-status|p1a: Cinderace|par
|
|-heal|p2a: Rotom|39/100|[from] item: Leftovers
|upkeep
|turn|54
|
|t:|1685839453
|move|p2a: Rotom|Protect|p2a: Rotom
|-singleturn|p2a: Rotom|Protect
|cant|p1a: Cinderace|par
|
|-heal|p2a: Rotom|46/100|[from] item: Leftovers
|upkeep
|turn|55
|
|t:|1685839464
|cant|p1a: Cinderace|par
|move|p2a: Rotom|Hydro Pump|p1a: Cinderace
|-supereffective|p1a: Cinderace
|-damage|p1a: Cinderace|0 fnt
|faint|p1a: Cinderace
|
|-heal|p2a: Rotom|52/100|[from] item: Leftovers
|upkeep
|
|t:|1685839468
|switch|p1a: Chien-Pao|Chien-Pao|26/100
|-damage|p1a: Chien-Pao|1/100|[from] Stealth Rock
|-ability|p1a: Chien-Pao|Sword of Ruin
|turn|56
|
|t:|1685839474
|move|p2a: Rotom|Protect|p2a: Rotom
|-singleturn|p2a: Rotom|Protect
|move|p1a: Chien-Pao|Crunch|p2a: Rotom
|-activate|p2a: Rotom|move: Protect
|
|-heal|p2a: Rotom|58/100|[from] item: Leftovers
|upkeep
|turn|57
|inactive|mellow has 120 seconds left.
|j| the eminence
|l| the eminence
|inactive|mellow has 90 seconds left.
|c|☆mellow|fuck lol
|c|☆mellow|not sure how to take this end game
|inactive|mellow has 60 seconds left.
|j| Weezingsass
|inactive|mellow has 30 seconds left.
|j| ddddddabai
|inactive|mellow has 20 seconds left.
|inactive|mellow has 15 seconds left.
|l| Weezingsass
|
|t:|1685839608
|switch|p2a: Zamazenta|Zamazenta, tera:Fighting|40/100
|move|p1a: Chien-Pao|Crunch|p2a: Zamazenta
|-resisted|p2a: Zamazenta
|-damage|p2a: Zamazenta|4/100
|-unboost|p2a: Zamazenta|def|1
|
|upkeep
|turn|58
|inactive|mellow has 25 seconds left this turn.
|inactive|mellow has 20 seconds left.
|c|☆mellow|phew
|c|☆mellow|gg
|l| ddddddabai
|inactive|A Welcome Guest has 120 seconds left.
|c|☆A Welcome Guest|gg
|
|t:|1685839641
|move|p2a: Zamazenta|Close Combat|p1a: Chien-Pao
|-supereffective|p1a: Chien-Pao
|-damage|p1a: Chien-Pao|0 fnt
|-unboost|p2a: Zamazenta|def|1
|-unboost|p2a: Zamazenta|spd|1
|faint|p1a: Chien-Pao
|
|upkeep
|inactive|mellow has 25 seconds left this turn.
|
|t:|1685839645
|switch|p1a: Dondozo|Dondozo, F|76/100
|-damage|p1a: Dondozo|64/100|[from] Stealth Rock
|turn|59
|inactive|mellow has 30 seconds left.
|
|t:|1685839657
|move|p1a: Dondozo|Protect|p1a: Dondozo
|-singleturn|p1a: Dondozo|Protect
|move|p2a: Zamazenta|Close Combat|p1a: Dondozo
|-activate|p1a: Dondozo|move: Protect
|
|-heal|p1a: Dondozo|70/100|[from] item: Leftovers
|upkeep
|turn|60
|
|t:|1685839668
|move|p2a: Zamazenta|Close Combat|p1a: Dondozo
|-damage|p1a: Dondozo|19/100
|-unboost|p2a: Zamazenta|def|1
|-unboost|p2a: Zamazenta|spd|1
|move|p1a: Dondozo|Wave Crash|p2a: Zamazenta
|-damage|p2a: Zamazenta|0 fnt
|faint|p2a: Zamazenta
|-damage|p1a: Dondozo|19/100|[from] Recoil
|
|-heal|p1a: Dondozo|25/100|[from] item: Leftovers
|upkeep
|
|t:|1685839675
|switch|p2a: Rotom|Rotom-Wash|58/100
|turn|61
|
|t:|1685839678
|move|p1a: Dondozo|Protect|p1a: Dondozo
|-singleturn|p1a: Dondozo|Protect
|move|p2a: Rotom|Volt Switch|p1a: Dondozo
|-activate|p1a: Dondozo|move: Protect
|
|-heal|p2a: Rotom|64/100|[from] item: Leftovers
|-heal|p1a: Dondozo|31/100|[from] item: Leftovers
|upkeep
|turn|62
|
|t:|1685839682
|move|p2a: Rotom|Volt Switch|p1a: Dondozo
|-supereffective|p1a: Dondozo
|-damage|p1a: Dondozo|0 fnt
|faint|p1a: Dondozo
|
|win|mellow
|raw|A Welcome Guest's rating: 1753 → 1735(-18 for losing)
|raw|mellow's rating: 1785 → 1803(+18 for winning)
|l|☆A Welcome Guest
|l| misterioussaint
|l| Wolverinemon
|j| ddddddabai
|l|☆mellow
|l| ddddddabai
|l| luisYR_a
|l| Ctannn
|l| Ahsan-219
