|j|☆VAlexyz
|j|☆IceCreamTail
|t:|1685839348
|gametype|singles
|player|p1|VAlexyz|hugh|
|player|p2|IceCreamTail|psychicf-gen4|
|teamsize|p1|6
|teamsize|p2|6
|gen|9
|tier|[Gen 9] OU
|rule|Sleep Clause Mod: Limit one foe put to sleep
|rule|Species Clause: Limit one of each Pokémon
|rule|OHKO Clause: OHKO moves are banned
|rule|Evasion Items Clause: Evasion items are banned
|rule|Evasion Moves Clause: Evasion moves are banned
|rule|Endless Battle Clause: Forcing endless battles is banned
|rule|HP Percentage Mod: HP is shown in percentages
|clearpoke
|poke|p1|Ursaluna, M|
|poke|p1|Corviknight, M|
|poke|p1|Dragapult, F|
|poke|p1|Ting-Lu|
|poke|p1|Iron Treads|
|poke|p1|Azumarill, F|
|poke|p2|Sneasler, F|
|poke|p2|Ting-Lu|
|poke|p2|Zamazenta-*|
|poke|p2|Gholdengo|
|poke|p2|Baxcalibur, F|
|poke|p2|Zapdos|
|teampreview
|
|t:|1685839372
|start
|switch|p1a: Dragapult|Dragapult, F, shiny|100/100
|switch|p2a: Baxcalibur|Baxcalibur, F|100/100
|turn|1
|
|t:|1685839406
|-terastallize|p1a: Dragapult|Ghost
|move|p2a: Baxcalibur|Ice Shard|p1a: Dragapult
|-damage|p1a: Dragapult|71/100
|move|p1a: Dragapult|Draco Meteor|p2a: Baxcalibur|[miss]
|-miss|p1a: Dragapult|p2a: Baxcalibur
|
|upkeep
|turn|2
|
|t:|1685839429
|switch|p1a: Ursaluna|Ursaluna, M|100/100
|switch|p2a: DoinTheJob|Ting-Lu|100/100
|-ability|p2a: DoinTheJob|Vessel of Ruin
|
|-status|p1a: Ursaluna|brn|[from] item: Flame Orb
|upkeep
|turn|3
|
|t:|1685839463
|-terastallize|p2a: DoinTheJob|Ghost
|move|p1a: Ursaluna|Trailblaze|p2a: DoinTheJob
|-damage|p2a: DoinTheJob|86/100
|-boost|p1a: Ursaluna|spe|1
|move|p2a: DoinTheJob|Spikes|p1a: Ursaluna
|-sidestart|p1: VAlexyz|Spikes
|
|-heal|p2a: DoinTheJob|93/100|[from] item: Leftovers
|-damage|p1a: Ursaluna|94/100 brn|[from] brn
|upkeep
|turn|4
|l|☆VAlexyz
|player|p1|
|inactive|Battle timer is ON: inactive players will automatically lose when time's up. (requested by IceCreamTail)
|inactiveoff|Battle timer is now OFF.
|j|☆VAlexyz
|player|p1|VAlexyz|hugh
|
|t:|1685839537
|move|p1a: Ursaluna|Headlong Rush|p2a: DoinTheJob
|-damage|p2a: DoinTheJob|40/100
|-unboost|p1a: Ursaluna|def|1
|-unboost|p1a: Ursaluna|spd|1
|move|p2a: DoinTheJob|Whirlwind|p1a: Ursaluna
|drag|p1a: Ting-Lu|Ting-Lu|100/100
|-damage|p1a: Ting-Lu|88/100|[from] Spikes
|-ability|p1a: Ting-Lu|Vessel of Ruin
|
|-heal|p1a: Ting-Lu|94/100|[from] item: Leftovers
|-heal|p2a: DoinTheJob|46/100|[from] item: Leftovers
|upkeep
|turn|5
|l|☆VAlexyz
|player|p1|
|j|☆VAlexyz
|player|p1|VAlexyz|hugh
|c|☆VAlexyz|Perdona tengo problemas con el net
|
|t:|1685839631
|move|p1a: Ting-Lu|Stealth Rock|p2a: DoinTheJob
|-sidestart|p2: IceCreamTail|move: Stealth Rock
|move|p2a: DoinTheJob|Spikes|p1a: Ting-Lu
|-sidestart|p1: VAlexyz|Spikes
|
|-heal|p2a: DoinTheJob|53/100|[from] item: Leftovers
|-heal|p1a: Ting-Lu|100/100|[from] item: Leftovers
|upkeep
|turn|6
|
|t:|1685839644
|move|p1a: Ting-Lu|Spikes|p2a: DoinTheJob
|-sidestart|p2: IceCreamTail|Spikes
|move|p2a: DoinTheJob|Stealth Rock|p1a: Ting-Lu
|-sidestart|p1: VAlexyz|move: Stealth Rock
|
|-heal|p2a: DoinTheJob|59/100|[from] item: Leftovers
|upkeep
|turn|7
|
|t:|1685839652
|switch|p2a: Baxcalibur|Baxcalibur, F|100/100
|move|p1a: Ting-Lu|Spikes|p2a: Baxcalibur
|-sidestart|p2: IceCreamTail|Spikes
|
|upkeep
|turn|8
|
|t:|1685839660
|switch|p1a: Corviknight|Corviknight, M, shiny|100/100
|-damage|p1a: Corviknight|88/100|[from] Stealth Rock
|-ability|p1a: Corviknight|Pressure
|move|p2a: Baxcalibur|Swords Dance|p2a: Baxcalibur
|-boost|p2a: Baxcalibur|atk|2
|
|upkeep
|turn|9
|
|t:|1685839668
|move|p2a: Baxcalibur|Icicle Spear|p1a: Corviknight
|-damage|p1a: Corviknight|71/100
|-damage|p1a: Corviknight|54/100
|-hitcount|p1a: Corviknight|2
|move|p1a: Corviknight|Body Press|p2a: Baxcalibur
|-supereffective|p2a: Baxcalibur
|-damage|p2a: Baxcalibur|50/100
|
|upkeep
|turn|10
|
|t:|1685839688
|move|p2a: Baxcalibur|Icicle Spear|p1a: Corviknight
|-damage|p1a: Corviknight|36/100
|-damage|p1a: Corviknight|19/100
|-damage|p1a: Corviknight|1/100
|-hitcount|p1a: Corviknight|3
|move|p1a: Corviknight|Body Press|p2a: Baxcalibur
|-supereffective|p2a: Baxcalibur
|-damage|p2a: Baxcalibur|0 fnt
|faint|p2a: Baxcalibur
|
|upkeep
|
|t:|1685839700
|switch|p2a: Sneasler|Sneasler, F|100/100
|-damage|p2a: Sneasler|95/100|[from] Stealth Rock
|-item|p2a: Sneasler|Air Balloon
|turn|11
|
|t:|1685839756
|move|p2a: Sneasler|Fire Punch|p1a: Corviknight
|-supereffective|p1a: Corviknight
|-damage|p1a: Corviknight|0 fnt
|-damage|p2a: Sneasler|78/100|[from] item: Rocky Helmet|[of] p1a: Corviknight
|faint|p1a: Corviknight
|
|upkeep
|
|t:|1685839765
|switch|p1a: Iron Treads|Iron Treads|100/100
|-damage|p1a: Iron Treads|84/100|[from] Spikes
|-damage|p1a: Iron Treads|81/100|[from] Stealth Rock
|turn|12
|
|t:|1685839782
|move|p1a: Iron Treads|Rapid Spin|p2a: Sneasler
|-damage|p2a: Sneasler|56/100
|-boost|p1a: Iron Treads|spe|1
|-enditem|p2a: Sneasler|Air Balloon
|-sideend|p1: VAlexyz|Spikes|[from] move: Rapid Spin|[of] p1a: Iron Treads
|-sideend|p1: VAlexyz|Stealth Rock|[from] move: Rapid Spin|[of] p1a: Iron Treads
|move|p2a: Sneasler|Swords Dance|p2a: Sneasler
|-boost|p2a: Sneasler|atk|2
|
|upkeep
|turn|13
|
|t:|1685839793
|-end|p1a: Iron Treads|Quark Drive|[silent]
|switch|p1a: Dragapult|Dragapult, F, shiny, tera:Ghost|71/100
|move|p2a: Sneasler|Close Combat|p1a: Dragapult
|-immune|p1a: Dragapult
|
|upkeep
|turn|14
|
|t:|1685839824
|switch|p1a: Iron Treads|Iron Treads|81/100
|move|p2a: Sneasler|Acrobatics|p1a: Iron Treads
|-resisted|p1a: Iron Treads
|-damage|p1a: Iron Treads|48/100
|
|upkeep
|turn|15
|
|t:|1685839833
|move|p2a: Sneasler|Fire Punch|p1a: Iron Treads
|-supereffective|p1a: Iron Treads
|-damage|p1a: Iron Treads|0 fnt
|faint|p1a: Iron Treads
|-end|p1a: Iron Treads|Quark Drive|[silent]
|
|upkeep
|
|t:|1685839841
|switch|p1a: Azumarill|Azumarill, F|100/100
|turn|16
|
|t:|1685839851
|move|p2a: Sneasler|Acrobatics|p1a: Azumarill
|-damage|p1a: Azumarill|14/100
|-enditem|p1a: Azumarill|Sitrus Berry|[eat]
|-heal|p1a: Azumarill|39/100|[from] item: Sitrus Berry
|move|p1a: Azumarill|Liquidation|p2a: Sneasler
|-damage|p2a: Sneasler|0 fnt
|faint|p2a: Sneasler
|
|upkeep
|
|t:|1685839862
|switch|p2a: Zapdos|Zapdos|100/100
|turn|17
|
|t:|1685839886
|move|p2a: Zapdos|Discharge|p1a: Azumarill
|-supereffective|p1a: Azumarill
|-damage|p1a: Azumarill|0 fnt
|faint|p1a: Azumarill
|
|upkeep
|
|t:|1685839897
|switch|p1a: Ursaluna|Ursaluna, M|94/100 brn
|turn|18
|
|t:|1685839928
|switch|p2a: Gholdengo|Gholdengo|100/100
|-damage|p2a: Gholdengo|94/100|[from] Stealth Rock
|-item|p2a: Gholdengo|Air Balloon
|move|p1a: Ursaluna|Swords Dance|p1a: Ursaluna
|-boost|p1a: Ursaluna|atk|2
|
|-damage|p1a: Ursaluna|88/100 brn|[from] brn
|upkeep
|turn|19
|
|t:|1685839966
|switch|p1a: Ting-Lu|Ting-Lu|100/100
|-ability|p1a: Ting-Lu|Vessel of Ruin
|move|p2a: Gholdengo|Make It Rain|p1a: Ting-Lu
|-damage|p1a: Ting-Lu|72/100
|-unboost|p2a: Gholdengo|spa|1
|
|-heal|p1a: Ting-Lu|78/100|[from] item: Leftovers
|upkeep
|turn|20
|
|t:|1685839985
|move|p2a: Gholdengo|Nasty Plot|p2a: Gholdengo
|-boost|p2a: Gholdengo|spa|2
|move|p1a: Ting-Lu|Whirlwind|p2a: Gholdengo
|-immune|p2a: Gholdengo|[from] ability: Good as Gold
|
|-heal|p1a: Ting-Lu|84/100|[from] item: Leftovers
|upkeep
|turn|21
|
|t:|1685839998
|move|p2a: Gholdengo|Make It Rain|p1a: Ting-Lu
|-damage|p1a: Ting-Lu|43/100
|-unboost|p2a: Gholdengo|spa|1
|move|p1a: Ting-Lu|Spikes|p2a: Gholdengo
|-sidestart|p2: IceCreamTail|Spikes
|
|-heal|p1a: Ting-Lu|49/100|[from] item: Leftovers
|upkeep
|turn|22
|
|t:|1685840034
|switch|p1a: Ursaluna|Ursaluna, M|88/100 brn
|move|p2a: Gholdengo|Nasty Plot|p2a: Gholdengo
|-boost|p2a: Gholdengo|spa|2
|
|-damage|p1a: Ursaluna|82/100 brn|[from] brn
|upkeep
|turn|23
|
|t:|1685840041
|switch|p1a: Ting-Lu|Ting-Lu|49/100
|-ability|p1a: Ting-Lu|Vessel of Ruin
|move|p2a: Gholdengo|Make It Rain|p1a: Ting-Lu
|-damage|p1a: Ting-Lu|0 fnt
|-unboost|p2a: Gholdengo|spa|1
|faint|p1a: Ting-Lu
|
|upkeep
|
|t:|1685840044
|switch|p1a: Dragapult|Dragapult, F, shiny, tera:Ghost|71/100
|turn|24
|
|t:|1685840051
|switch|p2a: DoinTheJob|Ting-Lu, tera:Ghost|59/100
|-damage|p2a: DoinTheJob|46/100|[from] Stealth Rock
|-damage|p2a: DoinTheJob|22/100|[from] Spikes
|-ability|p2a: DoinTheJob|Vessel of Ruin
|move|p1a: Dragapult|Shadow Ball|p2a: DoinTheJob
|-supereffective|p2a: DoinTheJob
|-damage|p2a: DoinTheJob|0 fnt
|faint|p2a: DoinTheJob
|
|upkeep
|
|t:|1685840067
|switch|p2a: Zamazenta|Zamazenta|100/100
|-damage|p2a: Zamazenta|94/100|[from] Stealth Rock
|-damage|p2a: Zamazenta|69/100|[from] Spikes
|-ability|p2a: Zamazenta|Dauntless Shield|boost
|-boost|p2a: Zamazenta|def|1
|turn|25
|
|t:|1685840072
|move|p1a: Dragapult|Shadow Ball|p2a: Zamazenta
|-damage|p2a: Zamazenta|15/100
|move|p2a: Zamazenta|Crunch|p1a: Dragapult
|-supereffective|p1a: Dragapult
|-damage|p1a: Dragapult|12/100
|
|-heal|p2a: Zamazenta|21/100|[from] item: Leftovers
|upkeep
|turn|26
|
|t:|1685840097
|move|p1a: Dragapult|Shadow Ball|p2a: Zamazenta
|-damage|p2a: Zamazenta|0 fnt
|faint|p2a: Zamazenta
|
|upkeep
|
|t:|1685840098
|switch|p2a: Zapdos|Zapdos|100/100
|turn|27
|
|t:|1685840116
|switch|p1a: Ursaluna|Ursaluna, M|82/100 brn
|move|p2a: Zapdos|Heat Wave|p1a: Ursaluna
|-damage|p1a: Ursaluna|55/100 brn
|
|-damage|p1a: Ursaluna|49/100 brn|[from] brn
|upkeep
|turn|28
|
|t:|1685840127
|switch|p2a: Gholdengo|Gholdengo|94/100
|-damage|p2a: Gholdengo|88/100|[from] Stealth Rock
|-item|p2a: Gholdengo|Air Balloon
|move|p1a: Ursaluna|Trailblaze|p2a: Gholdengo
|-resisted|p2a: Gholdengo
|-damage|p2a: Gholdengo|74/100
|-boost|p1a: Ursaluna|spe|1
|-enditem|p2a: Gholdengo|Air Balloon
|
|-damage|p1a: Ursaluna|42/100 brn|[from] brn
|upkeep
|turn|29
|
|t:|1685840153
|move|p1a: Ursaluna|Headlong Rush|p2a: Gholdengo
|-supereffective|p2a: Gholdengo
|-damage|p2a: Gholdengo|0 fnt
|-unboost|p1a: Ursaluna|def|1
|-unboost|p1a: Ursaluna|spd|1
|faint|p2a: Gholdengo
|
|-damage|p1a: Ursaluna|36/100 brn|[from] brn
|upkeep
|
|t:|1685840156
|switch|p2a: Zapdos|Zapdos|100/100
|turn|30
|
|t:|1685840159
|move|p1a: Ursaluna|Facade|p2a: Zapdos
|-damage|p2a: Zapdos|14/100
|move|p2a: Zapdos|Heat Wave|p1a: Ursaluna
|-damage|p1a: Ursaluna|0 fnt
|faint|p1a: Ursaluna
|
|upkeep
|
|t:|1685840162
|switch|p1a: Dragapult|Dragapult, F, shiny, tera:Ghost|12/100
|turn|31
|
|t:|1685840165
|move|p1a: Dragapult|Shadow Ball|p2a: Zapdos
|-crit|p2a: Zapdos
|-damage|p2a: Zapdos|0 fnt
|faint|p2a: Zapdos
|
|win|VAlexyz
|l|☆IceCreamTail
|c|☆VAlexyz|Gg
