|j|☆randomamborambo
|j|☆Soul of Aeon
|t:|1685903453
|gametype|singles
|player|p1|randomamborambo|ethan|1093
|player|p2|Soul of Aeon|ghetsis|1086
|teamsize|p1|6
|teamsize|p2|6
|gen|9
|tier|[Gen 9] OU
|rated|
|rule|Sleep Clause Mod: Limit one foe put to sleep
|rule|Species Clause: Limit one of each Pokémon
|rule|OHKO Clause: OHKO moves are banned
|rule|Evasion Items Clause: Evasion items are banned
|rule|Evasion Moves Clause: Evasion moves are banned
|rule|Endless Battle Clause: Forcing endless battles is banned
|rule|HP Percentage Mod: HP is shown in percentages
|clearpoke
|poke|p1|Iron Moth|
|poke|p1|Braviary-Hisui, M|
|poke|p1|Glimmora, M|
|poke|p1|Sneasler, F|
|poke|p1|Magearna|
|poke|p1|Pincurchin, M|
|poke|p2|Azelf|
|poke|p2|Cryogonal|
|poke|p2|Glimmora, M|
|poke|p2|Hatterene, F|
|poke|p2|Lilligant-Hisui, F|
|poke|p2|Thundurus-Therian, M|
|teampreview
|inactive|Battle timer is ON: inactive players will automatically lose when time's up. (requested by Soul of Aeon)
|inactive|randomamborambo also wants the timer to be on.
|
|t:|1685903471
|start
|switch|p1a: Magearna|Magearna|100/100
|switch|p2a: Azelf|Azelf|100/100
|turn|1
|
|t:|1685903481
|move|p2a: Azelf|Stealth Rock|p1a: Magearna
|-sidestart|p1: randomamborambo|move: Stealth Rock
|move|p1a: Magearna|Shift Gear|p1a: Magearna
|-boost|p1a: Magearna|spe|2
|-boost|p1a: Magearna|atk|1
|
|upkeep
|turn|2
|
|t:|1685903488
|move|p2a: Azelf|Taunt|p1a: Magearna
|-start|p1a: Magearna|move: Taunt
|cant|p1a: Magearna|move: Taunt|Iron Defense
|
|upkeep
|turn|3
|
|t:|1685903501
|move|p2a: Azelf|Psychic|p1a: Magearna
|-resisted|p1a: Magearna
|-damage|p1a: Magearna|86/100
|move|p1a: Magearna|Stored Power|p2a: Azelf
|-resisted|p2a: Azelf
|-damage|p2a: Azelf|86/100
|
|-heal|p1a: Magearna|92/100|[from] item: Leftovers
|upkeep
|turn|4
|
|t:|1685903509
|move|p2a: Azelf|Psychic|p1a: Magearna
|-resisted|p1a: Magearna
|-damage|p1a: Magearna|77/100
|-unboost|p1a: Magearna|spd|1
|move|p1a: Magearna|Stored Power|p2a: Azelf
|-resisted|p2a: Azelf
|-damage|p2a: Azelf|70/100
|
|-heal|p1a: Magearna|83/100|[from] item: Leftovers
|-end|p1a: Magearna|move: Taunt
|upkeep
|turn|5
|
|t:|1685903522
|move|p2a: Azelf|Taunt|p1a: Magearna
|-start|p1a: Magearna|move: Taunt
|cant|p1a: Magearna|move: Taunt|Calm Mind
|
|-heal|p1a: Magearna|89/100|[from] item: Leftovers
|upkeep
|turn|6
|
|t:|1685903540
|switch|p1a: Braviary|Braviary-Hisui, M|100/100
|move|p2a: Azelf|Psychic|p1a: Braviary
|-resisted|p1a: Braviary
|-damage|p1a: Braviary|87/100
|
|upkeep
|turn|7
|
|t:|1685903546
|move|p2a: Azelf|Explosion|p1a: Braviary
|-damage|p1a: Braviary|14/100
|faint|p2a: Azelf
|move|p1a: Braviary|Esper Wing|p2: Azelf|[notarget]
|-fail|p1a: Braviary
|
|upkeep
|
|t:|1685903554
|switch|p2a: Hatterene|Hatterene, F|100/100
|turn|8
|
|t:|1685903564
|move|p1a: Braviary|U-turn|p2a: Hatterene
|-damage|p2a: Hatterene|86/100
|
|t:|1685903572
|switch|p1a: Pincurchin|Pincurchin, M|100/100|[from] U-turn
|-damage|p1a: Pincurchin|88/100|[from] Stealth Rock
|-fieldstart|move: Electric Terrain|[from] ability: Electric Surge|[of] p1a: Pincurchin
|move|p2a: Hatterene|Trick|p1a: Pincurchin
|-activate|p2a: Hatterene|move: Trick|[of] p1a: Pincurchin
|-item|p1a: Pincurchin|Choice Specs|[from] move: Trick
|-item|p2a: Hatterene|Terrain Extender|[from] move: Trick
|
|upkeep
|turn|9
|
|t:|1685903582
|switch|p2a: Thundurus|Thundurus-Therian, M|100/100
|move|p1a: Pincurchin|Memento|p2a: Thundurus
|-unboost|p2a: Thundurus|atk|2
|-unboost|p2a: Thundurus|spa|2
|faint|p1a: Pincurchin
|
|upkeep
|
|t:|1685903602
|switch|p1a: Magearna|Magearna|89/100
|-damage|p1a: Magearna|83/100|[from] Stealth Rock
|turn|10
|
|t:|1685903612
|move|p2a: Thundurus|Volt Switch|p1a: Magearna
|-damage|p1a: Magearna|67/100
|
|t:|1685903617
|switch|p2a: Hatterene|Hatterene, F|86/100|[from] Volt Switch
|move|p1a: Magearna|Shift Gear|p1a: Magearna
|-boost|p1a: Magearna|spe|2
|-boost|p1a: Magearna|atk|1
|
|-heal|p1a: Magearna|73/100|[from] item: Leftovers
|upkeep
|turn|11
|
|t:|1685903626
|-terastallize|p1a: Magearna|Water
|move|p1a: Magearna|Calm Mind|p1a: Magearna
|-boost|p1a: Magearna|spa|1
|-boost|p1a: Magearna|spd|1
|move|p2a: Hatterene|Mystical Fire|p1a: Magearna
|-resisted|p1a: Magearna
|-damage|p1a: Magearna|65/100
|-unboost|p1a: Magearna|spa|1
|
|-heal|p1a: Magearna|71/100|[from] item: Leftovers
|upkeep
|turn|12
|
|t:|1685903641
|-terastallize|p2a: Hatterene|Dark
|move|p1a: Magearna|Iron Defense|p1a: Magearna
|-boost|p1a: Magearna|def|2
|move|p2a: Hatterene|Trick|p1a: Magearna
|-activate|p2a: Hatterene|move: Trick|[of] p1a: Magearna
|-item|p1a: Magearna|Terrain Extender|[from] move: Trick
|-item|p2a: Hatterene|Leftovers|[from] move: Trick
|
|-heal|p2a: Hatterene|92/100|[from] item: Leftovers
|upkeep
|turn|13
|
|t:|1685903661
|move|p1a: Magearna|Shift Gear|p1a: Magearna
|-boost|p1a: Magearna|spe|2
|-boost|p1a: Magearna|atk|1
|move|p2a: Hatterene|Mystical Fire|p1a: Magearna
|-resisted|p1a: Magearna
|-damage|p1a: Magearna|63/100
|-unboost|p1a: Magearna|spa|1
|
|-heal|p2a: Hatterene|98/100|[from] item: Leftovers
|upkeep
|turn|14
|
|t:|1685903668
|move|p1a: Magearna|Calm Mind|p1a: Magearna
|-boost|p1a: Magearna|spa|1
|-boost|p1a: Magearna|spd|1
|move|p2a: Hatterene|Mystical Fire|p1a: Magearna
|-resisted|p1a: Magearna
|-damage|p1a: Magearna|56/100
|-unboost|p1a: Magearna|spa|1
|
|-heal|p2a: Hatterene|100/100|[from] item: Leftovers
|upkeep
|turn|15
|
|t:|1685903674
|move|p1a: Magearna|Calm Mind|p1a: Magearna
|-boost|p1a: Magearna|spa|1
|-boost|p1a: Magearna|spd|1
|move|p2a: Hatterene|Mystical Fire|p1a: Magearna
|-resisted|p1a: Magearna
|-damage|p1a: Magearna|52/100
|-unboost|p1a: Magearna|spa|1
|
|-fieldend|move: Electric Terrain
|upkeep
|turn|16
|
|t:|1685903679
|move|p1a: Magearna|Calm Mind|p1a: Magearna
|-boost|p1a: Magearna|spa|1
|-boost|p1a: Magearna|spd|1
|move|p2a: Hatterene|Mystical Fire|p1a: Magearna
|-resisted|p1a: Magearna
|-damage|p1a: Magearna|48/100
|-unboost|p1a: Magearna|spa|1
|
|upkeep
|turn|17
|
|t:|1685903687
|move|p1a: Magearna|Calm Mind|p1a: Magearna
|-boost|p1a: Magearna|spa|1
|-boost|p1a: Magearna|spd|1
|move|p2a: Hatterene|Mystical Fire|p1a: Magearna
|-resisted|p1a: Magearna
|-damage|p1a: Magearna|45/100
|-unboost|p1a: Magearna|spa|1
|
|upkeep
|turn|18
|
|t:|1685903697
|move|p1a: Magearna|Calm Mind|p1a: Magearna
|-boost|p1a: Magearna|spa|1
|-boost|p1a: Magearna|spd|1
|move|p2a: Hatterene|Mystical Fire|p1a: Magearna
|-resisted|p1a: Magearna
|-damage|p1a: Magearna|42/100
|-unboost|p1a: Magearna|spa|1
|
|upkeep
|turn|19
|
|t:|1685903706
|move|p1a: Magearna|Shift Gear|p1a: Magearna
|-boost|p1a: Magearna|spe|2
|-boost|p1a: Magearna|atk|1
|move|p2a: Hatterene|Draining Kiss|p1a: Magearna
|-crit|p1a: Magearna
|-damage|p1a: Magearna|3/100
|
|upkeep
|turn|20
|
|t:|1685903715
|move|p1a: Magearna|Stored Power|p2a: Hatterene
|-immune|p2a: Hatterene
|move|p2a: Hatterene|Draining Kiss|p1a: Magearna
|-damage|p1a: Magearna|0 fnt
|faint|p1a: Magearna
|
|upkeep
|c|☆Soul of Aeon|Bruh.
|c|☆randomamborambo|yah
|c|☆Soul of Aeon|Why did you do that?
|c|☆randomamborambo|because its the end
|inactive|randomamborambo has 120 seconds left.
|-message|randomamborambo forfeited.
|
|win|Soul of Aeon
|raw|randomamborambo's rating: 1093 → 1069(-24 for losing)
|raw|Soul of Aeon's rating: 1086 → 1114(+28 for winning)
|l|☆randomamborambo
