|j|☆Icefanngs
|j|☆OJSIMP32
|t:|1685915938
|gametype|singles
|player|p1|Icefanngs|2|1294
|player|p2|OJSIMP32|170|1339
|teamsize|p1|6
|teamsize|p2|6
|gen|9
|tier|[Gen 9] OU
|rated|
|rule|Sleep Clause Mod: Limit one foe put to sleep
|rule|Species Clause: Limit one of each Pokémon
|rule|OHKO Clause: OHKO moves are banned
|rule|Evasion Items Clause: Evasion items are banned
|rule|Evasion Moves Clause: Evasion moves are banned
|rule|Endless Battle Clause: Forcing endless battles is banned
|rule|HP Percentage Mod: HP is shown in percentages
|clearpoke
|poke|p1|Gallade, M|
|poke|p1|Gengar, F|
|poke|p1|Haxorus, M|
|poke|p1|Gastrodon, F|
|poke|p1|Scizor, M|
|poke|p1|Talonflame, M|
|poke|p2|Enamorus, F|
|poke|p2|Thundurus-Therian, M|
|poke|p2|Chien-Pao|
|poke|p2|Great Tusk|
|poke|p2|Volcanion|
|poke|p2|Zamazenta-*|
|teampreview
|inactive|Battle timer is ON: inactive players will automatically lose when time's up. (requested by OJSIMP32)
|inactive|Icefanngs has 120 seconds left.
|
|t:|1685915976
|start
|switch|p1a: Blake|Gallade, M|100/100
|switch|p2a: Enamorus|Enamorus, F, shiny|100/100
|turn|1
|
|t:|1685915988
|switch|p1a: Hyrule|Scizor, M|100/100
|move|p2a: Enamorus|Moonblast|p1a: Hyrule
|-resisted|p1a: Hyrule
|-damage|p1a: Hyrule|71/100
|
|-heal|p1a: Hyrule|77/100|[from] item: Leftovers
|upkeep
|turn|2
|
|t:|1685915994
|switch|p2a: Great Tusk|Great Tusk|100/100
|move|p1a: Hyrule|U-turn|p2a: Great Tusk
|-resisted|p2a: Great Tusk
|-damage|p2a: Great Tusk|93/100
|
|t:|1685916022
|switch|p1a: Chibi|Gengar, F|100/100|[from] U-turn
|
|-heal|p2a: Great Tusk|99/100|[from] item: Leftovers
|upkeep
|turn|3
|
|t:|1685916029
|move|p1a: Chibi|Energy Ball|p2a: Great Tusk
|-supereffective|p2a: Great Tusk
|-damage|p2a: Great Tusk|0 fnt
|faint|p2a: Great Tusk
|-end|p2a: Great Tusk|Protosynthesis|[silent]
|
|upkeep
|
|t:|1685916036
|switch|p2a: Enamorus|Enamorus, F, shiny|100/100
|turn|4
|
|t:|1685916041
|switch|p1a: Hyrule|Scizor, M|77/100
|move|p2a: Enamorus|Earth Power|p1a: Hyrule
|-damage|p1a: Hyrule|38/100
|
|-heal|p1a: Hyrule|44/100|[from] item: Leftovers
|upkeep
|turn|5
|
|t:|1685916050
|switch|p2a: Volcanion|Volcanion|100/100
|move|p1a: Hyrule|U-turn|p2a: Volcanion
|-resisted|p2a: Volcanion
|-damage|p2a: Volcanion|89/100
|inactive|Icefanngs has 120 seconds left.
|
|t:|1685916085
|switch|p1a: Pepperoni|Gastrodon, F|100/100|[from] U-turn
|
|upkeep
|turn|6
|
|t:|1685916093
|switch|p2a: Thundurus|Thundurus-Therian, M, shiny|100/100
|move|p1a: Pepperoni|Mud Shot|p2a: Thundurus
|-immune|p2a: Thundurus
|
|upkeep
|turn|7
|
|t:|1685916100
|move|p2a: Thundurus|Nasty Plot|p2a: Thundurus
|-boost|p2a: Thundurus|spa|2
|move|p1a: Pepperoni|Icy Wind|p2a: Thundurus
|-supereffective|p2a: Thundurus
|-damage|p2a: Thundurus|66/100
|-unboost|p2a: Thundurus|spe|1
|
|upkeep
|turn|8
|
|t:|1685916108
|move|p2a: Thundurus|Focus Blast|p1a: Pepperoni
|-damage|p1a: Pepperoni|60/100
|move|p1a: Pepperoni|Icy Wind|p2a: Thundurus
|-supereffective|p2a: Thundurus
|-damage|p2a: Thundurus|28/100
|-unboost|p2a: Thundurus|spe|1
|
|upkeep
|turn|9
|
|t:|1685916129
|switch|p2a: Volcanion|Volcanion|89/100
|move|p1a: Pepperoni|Mud Shot|p2a: Volcanion
|-supereffective|p2a: Volcanion
|-crit|p2a: Volcanion
|-damage|p2a: Volcanion|28/100
|-unboost|p2a: Volcanion|spe|1
|
|upkeep
|turn|10
|
|t:|1685916137
|move|p2a: Volcanion|Sludge Bomb|p1a: Pepperoni
|-resisted|p1a: Pepperoni
|-damage|p1a: Pepperoni|52/100
|-status|p1a: Pepperoni|psn
|move|p1a: Pepperoni|Mud Shot|p2a: Volcanion
|-supereffective|p2a: Volcanion
|-damage|p2a: Volcanion|0 fnt
|faint|p2a: Volcanion
|
|-damage|p1a: Pepperoni|39/100 psn|[from] psn
|upkeep
|inactive|OJSIMP32 has 120 seconds left.
|
|t:|1685916167
|switch|p2a: Chien-Pao|Chien-Pao|100/100
|-ability|p2a: Chien-Pao|Sword of Ruin
|turn|11
|inactive|OJSIMP32 has 120 seconds left.
|
|t:|1685916175
|move|p2a: Chien-Pao|Crunch|p1a: Pepperoni
|-damage|p1a: Pepperoni|0 fnt
|faint|p1a: Pepperoni
|
|upkeep
|
|t:|1685916189
|switch|p1a: Blake|Gallade, M|100/100
|turn|12
|
|t:|1685916195
|switch|p2a: Enamorus|Enamorus, F, shiny|100/100
|move|p1a: Blake|Sacred Sword|p2a: Enamorus
|-resisted|p2a: Enamorus
|-damage|p2a: Enamorus|73/100
|-start|p1a: Blake|Attract|[from] ability: Cute Charm|[of] p2a: Enamorus
|
|upkeep
|turn|13
|
|t:|1685916207
|switch|p1a: Hyrule|Scizor, M|44/100
|move|p2a: Enamorus|Moonblast|p1a: Hyrule
|-resisted|p1a: Hyrule
|-damage|p1a: Hyrule|15/100
|
|-heal|p1a: Hyrule|21/100|[from] item: Leftovers
|upkeep
|turn|14
|
|t:|1685916213
|move|p1a: Hyrule|Bullet Punch|p2a: Enamorus
|-supereffective|p2a: Enamorus
|-damage|p2a: Enamorus|0 fnt
|faint|p2a: Enamorus
|
|-heal|p1a: Hyrule|27/100|[from] item: Leftovers
|upkeep
|
|t:|1685916232
|switch|p2a: Zamazenta|Zamazenta-Crowned|100/100
|-ability|p2a: Zamazenta|Dauntless Shield|boost
|-boost|p2a: Zamazenta|def|1
|turn|15
|
|t:|1685916236
|move|p2a: Zamazenta|Iron Defense|p2a: Zamazenta
|-boost|p2a: Zamazenta|def|2
|move|p1a: Hyrule|Close Combat|p2a: Zamazenta
|-supereffective|p2a: Zamazenta
|-damage|p2a: Zamazenta|81/100
|-unboost|p1a: Hyrule|def|1
|-unboost|p1a: Hyrule|spd|1
|
|-heal|p1a: Hyrule|34/100|[from] item: Leftovers
|upkeep
|turn|16
|
|t:|1685916264
|move|p2a: Zamazenta|Body Press|p1a: Hyrule
|-damage|p1a: Hyrule|0 fnt
|faint|p1a: Hyrule
|
|upkeep
|
|t:|1685916267
|switch|p1a: Blake|Gallade, M|100/100
|turn|17
|
|t:|1685916280
|-terastallize|p2a: Zamazenta|Fairy
|move|p1a: Blake|Sacred Sword|p2a: Zamazenta
|-resisted|p2a: Zamazenta
|-damage|p2a: Zamazenta|59/100
|move|p2a: Zamazenta|Crunch|p1a: Blake
|-damage|p1a: Blake|60/100
|
|upkeep
|turn|18
|
|t:|1685916295
|switch|p1a: Axe|Haxorus, M|100/100
|-ability|p1a: Axe|Mold Breaker
|move|p2a: Zamazenta|Crunch|p1a: Axe
|-damage|p1a: Axe|71/100
|
|upkeep
|turn|19
|
|t:|1685916308
|move|p2a: Zamazenta|Body Press|p1a: Axe
|-crit|p1a: Axe
|-damage|p1a: Axe|0 fnt
|faint|p1a: Axe
|
|upkeep
|inactive|Icefanngs has 120 seconds left.
|
|t:|1685916334
|switch|p1a: Chibi|Gengar, F|100/100
|turn|20
|
|t:|1685916338
|-terastallize|p1a: Chibi|Grass
|move|p2a: Zamazenta|Crunch|p1a: Chibi
|-damage|p1a: Chibi|55/100
|-start|p2a: Zamazenta|Disable|Crunch|[from] ability: Cursed Body|[of] p1a: Chibi
|move|p1a: Chibi|Sludge Bomb|p2a: Zamazenta
|-supereffective|p2a: Zamazenta
|-damage|p2a: Zamazenta|0 fnt
|faint|p2a: Zamazenta
|
|upkeep
|
|t:|1685916347
|switch|p2a: Chien-Pao|Chien-Pao|100/100
|-ability|p2a: Chien-Pao|Sword of Ruin
|turn|21
|
|t:|1685916352
|move|p2a: Chien-Pao|Icicle Crash|p1a: Chibi
|-supereffective|p1a: Chibi
|-damage|p1a: Chibi|0 fnt
|faint|p1a: Chibi
|
|upkeep
|
|t:|1685916356
|switch|p1a: Blake|Gallade, M|60/100
|turn|22
|
|t:|1685916360
|move|p1a: Blake|Sacred Sword|p2a: Chien-Pao
|-supereffective|p2a: Chien-Pao
|-damage|p2a: Chien-Pao|0 fnt
|faint|p2a: Chien-Pao
|
|upkeep
|
|t:|1685916363
|switch|p2a: Thundurus|Thundurus-Therian, M, shiny|28/100
|turn|23
|
|t:|1685916366
|move|p1a: Blake|Sacred Sword|p2a: Thundurus
|-resisted|p2a: Thundurus
|-damage|p2a: Thundurus|0 fnt
|faint|p2a: Thundurus
|
|win|Icefanngs
|raw|Icefanngs's rating: 1294 → 1322(+28 for winning)
|raw|OJSIMP32's rating: 1339 → 1316(-23 for losing)
|c|☆Icefanngs|Gg
|l|☆OJSIMP32
|c|☆Icefanngs|uu for the win lol
