|j|☆SbobCheesestring
|j|☆RobinUrElo
|t:|1685896964
|gametype|singles
|player|p1|SbobCheesestring|policeman-gen4|1224
|player|p2|RobinUrElo|caitlin|1256
|teamsize|p1|6
|teamsize|p2|6
|gen|9
|tier|[Gen 9] OU
|rated|
|rule|Sleep Clause Mod: Limit one foe put to sleep
|rule|Species Clause: Limit one of each Pokémon
|rule|OHKO Clause: OHKO moves are banned
|rule|Evasion Items Clause: Evasion items are banned
|rule|Evasion Moves Clause: Evasion moves are banned
|rule|Endless Battle Clause: Forcing endless battles is banned
|rule|HP Percentage Mod: HP is shown in percentages
|clearpoke
|poke|p1|Volcanion|
|poke|p1|Walking Wake|
|poke|p1|Torkoal, M|
|poke|p1|Pelipper, F|
|poke|p1|Thundurus-Therian, M|
|poke|p1|Slowking-Galar, F|
|poke|p2|Enamorus, F|
|poke|p2|Scream Tail|
|poke|p2|Tauros-Paldea-Aqua, M|
|poke|p2|Great Tusk|
|poke|p2|Volcanion|
|poke|p2|Zamazenta-*|
|teampreview
|inactive|Battle timer is ON: inactive players will automatically lose when time's up. (requested by SbobCheesestring)
|
|t:|1685896977
|start
|switch|p1a: Torkoal|Torkoal, M|100/100
|switch|p2a: Great Tusk|Great Tusk|100/100
|-weather|SunnyDay|[from] ability: Drought|[of] p1a: Torkoal
|-activate|p2a: Great Tusk|ability: Protosynthesis
|-start|p2a: Great Tusk|protosynthesisdef
|turn|1
|
|t:|1685896984
|move|p2a: Great Tusk|Stealth Rock|p1a: Torkoal
|-sidestart|p1: SbobCheesestring|move: Stealth Rock
|move|p1a: Torkoal|Yawn|p2a: Great Tusk
|-start|p2a: Great Tusk|move: Yawn|[of] p1a: Torkoal
|
|-weather|SunnyDay|[upkeep]
|upkeep
|turn|2
|
|t:|1685896990
|-end|p2a: Great Tusk|Protosynthesis|[silent]
|switch|p2a: Volcanion|Volcanion|100/100
|move|p1a: Torkoal|Rapid Spin|p2a: Volcanion
|-damage|p2a: Volcanion|93/100
|-boost|p1a: Torkoal|spe|1
|-sideend|p1: SbobCheesestring|Stealth Rock|[from] move: Rapid Spin|[of] p1a: Torkoal
|
|-weather|SunnyDay|[upkeep]
|upkeep
|turn|3
|
|t:|1685896996
|switch|p1a: Walking Wake|Walking Wake|100/100
|-activate|p1a: Walking Wake|ability: Protosynthesis
|-start|p1a: Walking Wake|protosynthesisspe
|move|p2a: Volcanion|Substitute|p2a: Volcanion
|-start|p2a: Volcanion|Substitute
|-damage|p2a: Volcanion|68/100
|
|-weather|SunnyDay|[upkeep]
|upkeep
|turn|4
|
|t:|1685897005
|move|p1a: Walking Wake|Hydro Steam|p2a: Volcanion
|-heal|p2a: Volcanion|93/100|[from] ability: Water Absorb|[of] p1a: Walking Wake
|move|p2a: Volcanion|Sludge Bomb|p1a: Walking Wake
|-damage|p1a: Walking Wake|64/100
|
|-weather|SunnyDay|[upkeep]
|upkeep
|turn|5
|
|t:|1685897014
|-end|p1a: Walking Wake|Protosynthesis|[silent]
|switch|p1a: Slowking|Slowking-Galar, F|100/100
|move|p2a: Volcanion|Sludge Bomb|p1a: Slowking
|-resisted|p1a: Slowking
|-damage|p1a: Slowking|91/100
|
|-weather|SunnyDay|[upkeep]
|upkeep
|turn|6
|
|t:|1685897039
|move|p2a: Volcanion|Flamethrower|p1a: Slowking
|-damage|p1a: Slowking|42/100
|move|p1a: Slowking|Sludge Bomb|p2a: Volcanion
|-end|p2a: Volcanion|Substitute
|
|-weather|SunnyDay|[upkeep]
|upkeep
|turn|7
|
|t:|1685897047
|switch|p1a: Walking Wake|Walking Wake|64/100
|-activate|p1a: Walking Wake|ability: Protosynthesis
|-start|p1a: Walking Wake|protosynthesisspe
|move|p2a: Volcanion|Sludge Bomb|p1a: Walking Wake
|-damage|p1a: Walking Wake|25/100
|
|-weather|SunnyDay|[upkeep]
|upkeep
|turn|8
|
|t:|1685897050
|switch|p2a: Enamorus|Enamorus, F|100/100
|move|p1a: Walking Wake|Draco Meteor|p2a: Enamorus
|-immune|p2a: Enamorus
|
|-weather|none
|-end|p1a: Walking Wake|Protosynthesis
|upkeep
|turn|9
|
|t:|1685897056
|-end|p1a: Walking Wake|Protosynthesis|[silent]
|switch|p1a: Slowking|Slowking-Galar, F|75/100
|move|p2a: Enamorus|Earth Power|p1a: Slowking
|-supereffective|p1a: Slowking
|-damage|p1a: Slowking|41/100
|
|upkeep
|turn|10
|
|t:|1685897061
|switch|p1a: Thundurus|Thundurus-Therian, M|100/100
|move|p2a: Enamorus|Earth Power|p1a: Thundurus
|-immune|p1a: Thundurus
|
|upkeep
|turn|11
|
|t:|1685897069
|switch|p2a: Scream Tail|Scream Tail|100/100
|move|p1a: Thundurus|Thunder|p2a: Scream Tail
|-damage|p2a: Scream Tail|59/100
|-status|p2a: Scream Tail|par
|
|upkeep
|turn|12
|
|t:|1685897076
|switch|p1a: Torkoal|Torkoal, M|100/100
|-weather|SunnyDay|[from] ability: Drought|[of] p1a: Torkoal
|-activate|p2a: Scream Tail|ability: Protosynthesis
|-start|p2a: Scream Tail|protosynthesisspe
|move|p2a: Scream Tail|Wish|p2a: Scream Tail
|
|-weather|SunnyDay|[upkeep]
|upkeep
|turn|13
|
|t:|1685897090
|-end|p2a: Scream Tail|Protosynthesis|[silent]
|switch|p2a: Great Tusk|Great Tusk|100/100
|-activate|p2a: Great Tusk|ability: Protosynthesis
|-start|p2a: Great Tusk|protosynthesisdef
|move|p1a: Torkoal|Stealth Rock|p2a: Great Tusk
|-sidestart|p2: RobinUrElo|move: Stealth Rock
|
|-weather|SunnyDay|[upkeep]
|upkeep
|turn|14
|
|t:|1685897095
|move|p2a: Great Tusk|Rapid Spin|p1a: Torkoal
|-damage|p1a: Torkoal|92/100
|-boost|p2a: Great Tusk|spe|1
|-sideend|p2: RobinUrElo|Stealth Rock|[from] move: Rapid Spin|[of] p2a: Great Tusk
|move|p1a: Torkoal|Yawn|p2a: Great Tusk
|-start|p2a: Great Tusk|move: Yawn|[of] p1a: Torkoal
|
|-weather|SunnyDay|[upkeep]
|upkeep
|turn|15
|
|t:|1685897101
|-end|p2a: Great Tusk|Protosynthesis|[silent]
|switch|p2a: Volcanion|Volcanion|93/100
|switch|p1a: Walking Wake|Walking Wake|25/100
|-activate|p1a: Walking Wake|ability: Protosynthesis
|-start|p1a: Walking Wake|protosynthesisspe
|
|-weather|SunnyDay|[upkeep]
|upkeep
|turn|16
|
|t:|1685897107
|move|p1a: Walking Wake|Hydro Steam|p2a: Volcanion
|-heal|p2a: Volcanion|100/100|[from] ability: Water Absorb|[of] p1a: Walking Wake
|move|p2a: Volcanion|Sludge Bomb|p1a: Walking Wake
|-damage|p1a: Walking Wake|0 fnt
|faint|p1a: Walking Wake
|-end|p1a: Walking Wake|Protosynthesis|[silent]
|
|-weather|SunnyDay|[upkeep]
|upkeep
|
|t:|1685897114
|switch|p1a: Thundurus|Thundurus-Therian, M|100/100
|turn|17
|
|t:|1685897122
|switch|p2a: Great Tusk|Great Tusk|100/100
|-activate|p2a: Great Tusk|ability: Protosynthesis
|-start|p2a: Great Tusk|protosynthesisdef
|move|p1a: Thundurus|Thunder|p2a: Great Tusk
|-immune|p2a: Great Tusk
|
|-weather|SunnyDay|[upkeep]
|upkeep
|turn|18
|
|t:|1685897129
|switch|p1a: Pelipper|Pelipper, F|100/100
|-weather|RainDance|[from] ability: Drizzle|[of] p1a: Pelipper
|-end|p2a: Great Tusk|Protosynthesis
|move|p2a: Great Tusk|Stealth Rock|p1a: Pelipper
|-sidestart|p1: SbobCheesestring|move: Stealth Rock
|
|-weather|RainDance|[upkeep]
|upkeep
|turn|19
|
|t:|1685897149
|-end|p2a: Great Tusk|Protosynthesis|[silent]
|switch|p2a: Scream Tail|Scream Tail|59/100 par
|move|p1a: Pelipper|U-turn|p2a: Scream Tail
|-damage|p2a: Scream Tail|53/100 par
|
|t:|1685897156
|switch|p1a: Walking Fake|Volcanion|100/100|[from] U-turn
|-damage|p1a: Walking Fake|76/100|[from] Stealth Rock
|
|-weather|RainDance|[upkeep]
|upkeep
|turn|20
|
|t:|1685897172
|move|p1a: Walking Fake|Earth Power|p2a: Scream Tail
|-damage|p2a: Scream Tail|20/100 par
|move|p2a: Scream Tail|Wish|p2a: Scream Tail
|
|-weather|RainDance|[upkeep]
|upkeep
|turn|21
|
|t:|1685897176
|move|p2a: Scream Tail|Protect|p2a: Scream Tail
|-singleturn|p2a: Scream Tail|Protect
|move|p1a: Walking Fake|Earth Power|p2a: Scream Tail
|-activate|p2a: Scream Tail|move: Protect
|
|-weather|RainDance|[upkeep]
|-heal|p2a: Scream Tail|70/100 par|[from] move: Wish|[wisher] Scream Tail
|upkeep
|turn|22
|
|t:|1685897180
|move|p1a: Walking Fake|Earth Power|p2a: Scream Tail
|-damage|p2a: Scream Tail|38/100 par
|move|p2a: Scream Tail|Wish|p2a: Scream Tail
|
|-weather|RainDance|[upkeep]
|upkeep
|turn|23
|
|t:|1685897184
|cant|p2a: Scream Tail|par
|move|p1a: Walking Fake|Earth Power|p2a: Scream Tail
|-damage|p2a: Scream Tail|7/100 par
|
|-weather|RainDance|[upkeep]
|-heal|p2a: Scream Tail|57/100 par|[from] move: Wish|[wisher] Scream Tail
|upkeep
|turn|24
|
|t:|1685897186
|move|p1a: Walking Fake|Earth Power|p2a: Scream Tail
|-damage|p2a: Scream Tail|25/100 par
|move|p2a: Scream Tail|Wish|p2a: Scream Tail
|
|-weather|RainDance|[upkeep]
|upkeep
|turn|25
|
|t:|1685897190
|move|p2a: Scream Tail|Protect|p2a: Scream Tail
|-singleturn|p2a: Scream Tail|Protect
|move|p1a: Walking Fake|Earth Power|p2a: Scream Tail
|-activate|p2a: Scream Tail|move: Protect
|
|-weather|none
|-heal|p2a: Scream Tail|75/100 par|[from] move: Wish|[wisher] Scream Tail
|upkeep
|turn|26
|
|t:|1685897193
|-end|p2a: Scream Tail|Protosynthesis|[silent]
|switch|p2a: Enamorus|Enamorus, F|100/100
|move|p1a: Walking Fake|Earth Power|p2a: Enamorus
|-immune|p2a: Enamorus
|
|upkeep
|turn|27
|
|t:|1685897199
|switch|p1a: Slowking|Slowking-Galar, F|74/100
|-damage|p1a: Slowking|62/100|[from] Stealth Rock
|move|p2a: Enamorus|Earth Power|p1a: Slowking
|-supereffective|p1a: Slowking
|-damage|p1a: Slowking|25/100
|
|upkeep
|turn|28
|
|t:|1685897203
|switch|p1a: Thundurus|Thundurus-Therian, M|100/100
|move|p2a: Enamorus|Earth Power|p1a: Thundurus
|-immune|p1a: Thundurus
|
|upkeep
|turn|29
|
|t:|1685897210
|switch|p2a: Scream Tail|Scream Tail|75/100 par
|switch|p1a: Pelipper|Pelipper, F|100/100
|-damage|p1a: Pelipper|76/100|[from] Stealth Rock
|-weather|RainDance|[from] ability: Drizzle|[of] p1a: Pelipper
|
|-weather|RainDance|[upkeep]
|upkeep
|turn|30
|
|t:|1685897215
|move|p2a: Scream Tail|Wish|p2a: Scream Tail
|move|p1a: Pelipper|U-turn|p2a: Scream Tail
|-damage|p2a: Scream Tail|68/100 par
|
|t:|1685897224
|switch|p1a: Thundurus|Thundurus-Therian, M|100/100|[from] U-turn
|
|-weather|RainDance|[upkeep]
|upkeep
|turn|31
|
|t:|1685897227
|cant|p2a: Scream Tail|par
|move|p1a: Thundurus|Nasty Plot|p1a: Thundurus
|-boost|p1a: Thundurus|spa|2
|
|-weather|RainDance|[upkeep]
|-heal|p2a: Scream Tail|100/100 par|[from] move: Wish|[wisher] Scream Tail
|upkeep
|turn|32
|
|t:|1685897230
|move|p1a: Thundurus|Agility|p1a: Thundurus
|-boost|p1a: Thundurus|spe|2
|move|p2a: Scream Tail|Encore|p1a: Thundurus
|-start|p1a: Thundurus|Encore
|
|-weather|RainDance|[upkeep]
|upkeep
|turn|33
|
|t:|1685897234
|-end|p2a: Scream Tail|Protosynthesis|[silent]
|switch|p2a: Volcanion|Volcanion|100/100
|move|p1a: Thundurus|Agility|p1a: Thundurus
|-boost|p1a: Thundurus|spe|2
|
|-weather|RainDance|[upkeep]
|upkeep
|turn|34
|
|t:|1685897244
|switch|p1a: Walking Fake|Volcanion|76/100
|-damage|p1a: Walking Fake|51/100|[from] Stealth Rock
|move|p2a: Volcanion|Steam Eruption|p1a: Walking Fake
|-heal|p1a: Walking Fake|76/100|[from] ability: Water Absorb|[of] p2a: Volcanion
|
|-weather|RainDance|[upkeep]
|upkeep
|turn|35
|
|t:|1685897250
|move|p1a: Walking Fake|Steam Eruption|p2a: Volcanion
|-immune|p2a: Volcanion|[from] ability: Water Absorb
|move|p2a: Volcanion|Substitute|p2a: Volcanion
|-start|p2a: Volcanion|Substitute
|-damage|p2a: Volcanion|75/100
|
|-weather|RainDance|[upkeep]
|upkeep
|turn|36
|
|t:|1685897255
|switch|p1a: Slowking|Slowking-Galar, F|58/100
|-damage|p1a: Slowking|46/100|[from] Stealth Rock
|move|p2a: Volcanion|Sludge Bomb|p1a: Slowking
|-resisted|p1a: Slowking
|-crit|p1a: Slowking
|-damage|p1a: Slowking|31/100
|
|-weather|none
|upkeep
|turn|37
|
|t:|1685897262
|move|p2a: Volcanion|Steam Eruption|p1a: Slowking
|-damage|p1a: Slowking|0 fnt
|faint|p1a: Slowking
|
|upkeep
|
|t:|1685897270
|switch|p1a: Torkoal|Torkoal, M|92/100
|-damage|p1a: Torkoal|68/100|[from] Stealth Rock
|-weather|SunnyDay|[from] ability: Drought|[of] p1a: Torkoal
|turn|38
|
|t:|1685897274
|move|p2a: Volcanion|Steam Eruption|p1a: Torkoal
|-supereffective|p1a: Torkoal
|-damage|p1a: Torkoal|0 fnt
|faint|p1a: Torkoal
|
|-weather|SunnyDay|[upkeep]
|upkeep
|
|t:|1685897276
|switch|p1a: Pelipper|Pelipper, F|76/100
|-damage|p1a: Pelipper|51/100|[from] Stealth Rock
|-weather|RainDance|[from] ability: Drizzle|[of] p1a: Pelipper
|turn|39
|
|t:|1685897279
|move|p2a: Volcanion|Steam Eruption|p1a: Pelipper
|-resisted|p1a: Pelipper
|-damage|p1a: Pelipper|4/100
|move|p1a: Pelipper|Hurricane|p2a: Volcanion
|-end|p2a: Volcanion|Substitute
|
|-weather|RainDance|[upkeep]
|upkeep
|turn|40
|
|t:|1685897284
|move|p2a: Volcanion|Sludge Bomb|p1a: Pelipper
|-damage|p1a: Pelipper|0 fnt
|faint|p1a: Pelipper
|
|-weather|RainDance|[upkeep]
|upkeep
|
|t:|1685897287
|switch|p1a: Thundurus|Thundurus-Therian, M|100/100
|turn|41
|
|t:|1685897299
|switch|p2a: Enamorus|Enamorus, F|100/100
|move|p1a: Thundurus|Nasty Plot|p1a: Thundurus
|-boost|p1a: Thundurus|spa|2
|
|-weather|RainDance|[upkeep]
|upkeep
|turn|42
|
|t:|1685897306
|-terastallize|p2a: Enamorus|Fairy
|move|p2a: Enamorus|Moonblast|p1a: Thundurus
|-damage|p1a: Thundurus|8/100
|-unboost|p1a: Thundurus|spa|1
|move|p1a: Thundurus|Thunder|p2a: Enamorus
|-damage|p2a: Enamorus|0 fnt
|faint|p2a: Enamorus
|
|-weather|RainDance|[upkeep]
|upkeep
|
|t:|1685897312
|switch|p2a: Tauros|Tauros-Paldea-Aqua, M|100/100
|-ability|p2a: Tauros|Intimidate|boost
|-unboost|p1a: Thundurus|atk|1
|turn|43
|
|t:|1685897317
|move|p2a: Tauros|Aqua Jet|p1a: Thundurus
|-damage|p1a: Thundurus|0 fnt
|faint|p1a: Thundurus
|
|-weather|RainDance|[upkeep]
|upkeep
|
|t:|1685897319
|switch|p1a: Walking Fake|Volcanion|76/100
|-damage|p1a: Walking Fake|51/100|[from] Stealth Rock
|turn|44
|
|t:|1685897322
|move|p2a: Tauros|Close Combat|p1a: Walking Fake
|-damage|p1a: Walking Fake|0 fnt
|-unboost|p2a: Tauros|def|1
|-unboost|p2a: Tauros|spd|1
|faint|p1a: Walking Fake
|
|win|RobinUrElo
|raw|SbobCheesestring's rating: 1224 → 1201(-23 for losing)
|raw|RobinUrElo's rating: 1256 → 1279(+23 for winning)
|c|☆RobinUrElo|gg
|c|☆SbobCheesestring|gg
|l|☆SbobCheesestring
