|j|☆theiceclimber2
|j|☆Djinho
|t:|1685849507
|gametype|singles
|player|p1|theiceclimber2|lisia-masters|1372
|player|p2|Djinho|169|1395
|teamsize|p1|6
|teamsize|p2|6
|gen|9
|tier|[Gen 9] OU
|rated|
|rule|Sleep Clause Mod: Limit one foe put to sleep
|rule|Species Clause: Limit one of each Pokémon
|rule|OHKO Clause: OHKO moves are banned
|rule|Evasion Items Clause: Evasion items are banned
|rule|Evasion Moves Clause: Evasion moves are banned
|rule|Endless Battle Clause: Forcing endless battles is banned
|rule|HP Percentage Mod: HP is shown in percentages
|clearpoke
|poke|p1|Zamazenta-*|
|poke|p1|Landorus-Therian, M|
|poke|p1|Chien-Pao|
|poke|p1|Ursaluna, F|
|poke|p1|Heatran, F|
|poke|p1|Toxapex, F|
|poke|p2|Magnezone|
|poke|p2|Braviary-Hisui, M|
|poke|p2|Cinderace, M|
|poke|p2|Enamorus, F|
|poke|p2|Landorus-Therian, M|
|poke|p2|Urshifu-*, F|
|teampreview
|inactive|Battle timer is ON: inactive players will automatically lose when time's up. (requested by Djinho)
|inactive|Djinho has 120 seconds left.
|
|t:|1685849556
|start
|switch|p1a: Counterplay|Heatran, F|100/100
|switch|p2a: Yungeen Ace|Cinderace, M|100/100
|turn|1
|
|t:|1685849565
|move|p2a: Yungeen Ace|U-turn|p1a: Counterplay
|-start|p2a: Yungeen Ace|typechange|Bug|[from] ability: Libero
|-resisted|p1a: Counterplay
|-damage|p1a: Counterplay|97/100
|
|t:|1685849571
|switch|p2a: Landorus|Landorus-Therian, M|100/100|[from] U-turn
|-ability|p2a: Landorus|Intimidate|boost
|-unboost|p1a: Counterplay|atk|1
|move|p1a: Counterplay|Stealth Rock|p2a: Landorus
|-sidestart|p2: Djinho|move: Stealth Rock
|
|-heal|p1a: Counterplay|100/100|[from] item: Leftovers
|upkeep
|turn|2
|inactive|theiceclimber2 has 120 seconds left.
|inactive|theiceclimber2 has 90 seconds left.
|
|t:|1685849654
|move|p2a: Landorus|U-turn|p1a: Counterplay
|-resisted|p1a: Counterplay
|-damage|p1a: Counterplay|97/100
|
|t:|1685849666
|switch|p2a: Yungeen Ace|Cinderace, M|100/100|[from] U-turn
|move|p1a: Counterplay|Magma Storm|p2a: Yungeen Ace
|-resisted|p2a: Yungeen Ace
|-damage|p2a: Yungeen Ace|74/100
|-activate|p2a: Yungeen Ace|move: Magma Storm|[of] p1a: Counterplay
|
|-heal|p1a: Counterplay|100/100|[from] item: Leftovers
|-damage|p2a: Yungeen Ace|62/100|[from] move: Magma Storm|[partiallytrapped]
|upkeep
|turn|3
|
|t:|1685849672
|move|p1a: Counterplay|Protect|p1a: Counterplay
|-singleturn|p1a: Counterplay|Protect
|move|p2a: Yungeen Ace|Court Change|p2a: Yungeen Ace
|-start|p2a: Yungeen Ace|typechange|Normal|[from] ability: Libero
|-swapsideconditions
|-activate|p2a: Yungeen Ace|move: Court Change
|
|-damage|p2a: Yungeen Ace|49/100|[from] move: Magma Storm|[partiallytrapped]
|upkeep
|turn|4
|
|t:|1685849679
|move|p2a: Yungeen Ace|U-turn|p1a: Counterplay
|-resisted|p1a: Counterplay
|-damage|p1a: Counterplay|98/100
|
|t:|1685849682
|switch|p2a: Landorus|Landorus-Therian, M|100/100|[from] U-turn
|-ability|p2a: Landorus|Intimidate|boost
|-unboost|p1a: Counterplay|atk|1
|move|p1a: Counterplay|Stealth Rock|p2a: Landorus
|-sidestart|p2: Djinho|move: Stealth Rock
|
|-heal|p1a: Counterplay|100/100|[from] item: Leftovers
|upkeep
|turn|5
|inactive|theiceclimber2 has 90 seconds left.
|inactive|theiceclimber2 has 60 seconds left.
|inactive|theiceclimber2 has 30 seconds left.
|
|t:|1685849753
|switch|p1a: Meta?|Landorus-Therian, M|100/100
|-damage|p1a: Meta?|88/100|[from] Stealth Rock
|-ability|p1a: Meta?|Intimidate|boost
|-unboost|p2a: Landorus|atk|1
|move|p2a: Landorus|U-turn|p1a: Meta?
|-resisted|p1a: Meta?
|-damage|p1a: Meta?|79/100
|
|t:|1685849767
|switch|p2a: Carl Douglas|Urshifu-Rapid-Strike, F|100/100|[from] U-turn
|-damage|p2a: Carl Douglas|94/100|[from] Stealth Rock
|
|upkeep
|turn|6
|inactive|theiceclimber2 has 30 seconds left.
|
|t:|1685849788
|move|p1a: Meta?|U-turn|p2a: Carl Douglas
|-resisted|p2a: Carl Douglas
|-damage|p2a: Carl Douglas|81/100
|
|t:|1685849792
|switch|p1a: Welp|Toxapex, F|100/100|[from] U-turn
|-damage|p1a: Welp|88/100|[from] Stealth Rock
|move|p2a: Carl Douglas|Surging Strikes|p1a: Welp
|-resisted|p1a: Welp
|-crit|p1a: Welp
|-damage|p1a: Welp|80/100
|-resisted|p1a: Welp
|-crit|p1a: Welp
|-damage|p1a: Welp|72/100
|-resisted|p1a: Welp
|-crit|p1a: Welp
|-damage|p1a: Welp|64/100
|-hitcount|p1a: Welp|3
|
|upkeep
|turn|7
|
|t:|1685849804
|switch|p2a: Miki Matsubara|Magnezone|100/100
|-damage|p2a: Miki Matsubara|94/100|[from] Stealth Rock
|move|p1a: Welp|Infestation|p2a: Miki Matsubara
|-resisted|p2a: Miki Matsubara
|-damage|p2a: Miki Matsubara|93/100
|-activate|p2a: Miki Matsubara|move: Infestation|[of] p1a: Welp
|
|-damage|p2a: Miki Matsubara|80/100|[from] move: Infestation|[partiallytrapped]
|upkeep
|turn|8
|
|t:|1685849813
|move|p2a: Miki Matsubara|Light Screen|p2a: Miki Matsubara
|-sidestart|p2: Djinho|move: Light Screen
|move|p1a: Welp|Surf|p2a: Miki Matsubara
|-damage|p2a: Miki Matsubara|70/100
|
|-damage|p2a: Miki Matsubara|57/100|[from] move: Infestation|[partiallytrapped]
|upkeep
|turn|9
|
|t:|1685849818
|move|p2a: Miki Matsubara|Thunderbolt|p1a: Welp
|-supereffective|p1a: Welp
|-damage|p1a: Welp|24/100
|-status|p1a: Welp|par
|cant|p1a: Welp|par
|
|-damage|p2a: Miki Matsubara|45/100|[from] move: Infestation|[partiallytrapped]
|upkeep
|turn|10
|c|☆theiceclimber2|Let's fucking go
|inactive|theiceclimber2 has 60 seconds left.
|
|t:|1685849831
|move|p2a: Miki Matsubara|Reflect|p2a: Miki Matsubara
|-sidestart|p2: Djinho|Reflect
|move|p1a: Welp|Surf|p2a: Miki Matsubara
|-damage|p2a: Miki Matsubara|34/100
|
|-damage|p2a: Miki Matsubara|21/100|[from] move: Infestation|[partiallytrapped]
|upkeep
|turn|11
|
|t:|1685849835
|switch|p1a: Help|Ursaluna, F, shiny|100/100
|-damage|p1a: Help|94/100|[from] Stealth Rock
|move|p2a: Miki Matsubara|Thunderbolt|p1a: Help
|-immune|p1a: Help
|
|-end|p2a: Miki Matsubara|Infestation|[partiallytrapped]
|-status|p1a: Help|brn|[from] item: Flame Orb
|upkeep
|turn|12
|
|t:|1685849845
|move|p1a: Help|Trailblaze|p2a: Miki Matsubara
|-resisted|p2a: Miki Matsubara
|-damage|p2a: Miki Matsubara|16/100
|-boost|p1a: Help|spe|1
|move|p2a: Miki Matsubara|Body Press|p1a: Help
|-supereffective|p1a: Help
|-crit|p1a: Help
|-damage|p1a: Help|23/100 brn
|
|-damage|p1a: Help|16/100 brn|[from] brn
|upkeep
|turn|13
|c|☆theiceclimber2|Beautiful crit
|c|☆theiceclimber2|Gorgeous
|c|☆theiceclimber2|Absolutely amazing
|c|☆Djinho|stop complaining
|inactive|Djinho has 120 seconds left.
|c|☆Djinho|crit didnt matter
|c|☆Djinho|neither did para
|inactive|Djinho has 90 seconds left.
|c|☆theiceclimber2|It did
|
|t:|1685849911
|move|p1a: Help|Facade|p2a: Miki Matsubara
|-resisted|p2a: Miki Matsubara
|-damage|p2a: Miki Matsubara|0 fnt
|faint|p2a: Miki Matsubara
|
|-damage|p1a: Help|10/100 brn|[from] brn
|upkeep
|c|☆theiceclimber2|But okay
|c|☆Djinho|nah
|
|t:|1685849919
|switch|p2a: Carl Douglas|Urshifu-Rapid-Strike, F|81/100
|-damage|p2a: Carl Douglas|75/100|[from] Stealth Rock
|turn|14
|c|☆theiceclimber2|Because now I die to burn
|inactive|Djinho has 90 seconds left.
|
|t:|1685849928
|move|p2a: Carl Douglas|Aqua Jet|p1a: Help
|-supereffective|p1a: Help
|-damage|p1a: Help|0 fnt
|faint|p1a: Help
|
|upkeep
|c|☆Djinho|no you die to aqua jet
|
|t:|1685849938
|switch|p1a: Well done OU|Zamazenta-Crowned|100/100
|-damage|p1a: Well done OU|98/100|[from] Stealth Rock
|-ability|p1a: Well done OU|Dauntless Shield|boost
|-boost|p1a: Well done OU|def|1
|turn|15
|
|t:|1685849942
|move|p1a: Well done OU|Iron Defense|p1a: Well done OU
|-boost|p1a: Well done OU|def|2
|move|p2a: Carl Douglas|Swords Dance|p2a: Carl Douglas
|-boost|p2a: Carl Douglas|atk|2
|
|-sideend|p2: Djinho|move: Light Screen
|upkeep
|turn|16
|
|t:|1685849949
|move|p1a: Well done OU|Iron Defense|p1a: Well done OU
|-boost|p1a: Well done OU|def|2
|move|p2a: Carl Douglas|Surging Strikes|p1a: Well done OU
|-crit|p1a: Well done OU
|-damage|p1a: Well done OU|70/100
|-crit|p1a: Well done OU
|-damage|p1a: Well done OU|38/100
|-crit|p1a: Well done OU
|-damage|p1a: Well done OU|9/100
|-hitcount|p1a: Well done OU|3
|
|upkeep
|turn|17
|inactive|Djinho has 120 seconds left.
|
|t:|1685849959
|move|p1a: Well done OU|Body Press|p2a: Carl Douglas
|-damage|p2a: Carl Douglas|15/100
|move|p2a: Carl Douglas|Surging Strikes|p1a: Well done OU
|-crit|p1a: Well done OU
|-damage|p1a: Well done OU|0 fnt
|faint|p1a: Well done OU
|-hitcount|p1: Well done OU|1
|
|-sideend|p2: Djinho|Reflect
|upkeep
|
|t:|1685849965
|switch|p1a: Meta?|Landorus-Therian, M|79/100
|-damage|p1a: Meta?|67/100|[from] Stealth Rock
|-ability|p1a: Meta?|Intimidate|boost
|-unboost|p2a: Carl Douglas|atk|1
|turn|18
|c|☆Djinho|and you see
|inactive|Djinho has 120 seconds left.
|c|☆Djinho|I wanted to die with magnezone quickly so I had more turns of screens
|
|t:|1685849994
|switch|p2a: Landorus|Landorus-Therian, M|100/100
|-damage|p2a: Landorus|88/100|[from] Stealth Rock
|-ability|p2a: Landorus|Intimidate|boost
|-unboost|p1a: Meta?|atk|1
|move|p1a: Meta?|Grass Knot|p2a: Landorus
|-damage|p2a: Landorus|73/100
|
|-heal|p2a: Landorus|79/100|[from] item: Leftovers
|upkeep
|turn|19
|
|t:|1685850001
|switch|p1a: Counterplay|Heatran, F|100/100
|-damage|p1a: Counterplay|88/100|[from] Stealth Rock
|move|p2a: Landorus|U-turn|p1a: Counterplay
|-resisted|p1a: Counterplay
|-damage|p1a: Counterplay|84/100
|c|☆theiceclimber2|Damn you're such a good player
|c|☆theiceclimber2|I should kill myself
|c|☆theiceclimber2|And eat rats
|c|☆Djinho|ong
|c|☆Djinho|im just better
|c|☆theiceclimber2|True
|inactive|Djinho has 90 seconds left.
|c|☆theiceclimber2|I should fucking hang myself
|
|t:|1685850033
|switch|p2a: blondie|Enamorus, F|100/100|[from] U-turn
|-damage|p2a: blondie|76/100|[from] Stealth Rock
|
|-heal|p2a: blondie|82/100|[from] item: Leftovers
|-heal|p1a: Counterplay|91/100|[from] item: Leftovers
|upkeep
|turn|20
|inactive|Djinho has 90 seconds left.
|
|t:|1685850042
|move|p2a: blondie|Substitute|p2a: blondie
|-start|p2a: blondie|Substitute
|-damage|p2a: blondie|57/100
|move|p1a: Counterplay|Magma Storm|p2a: blondie
|-end|p2a: blondie|Substitute
|
|-heal|p2a: blondie|63/100|[from] item: Leftovers
|-heal|p1a: Counterplay|97/100|[from] item: Leftovers
|upkeep
|turn|21
|
|t:|1685850047
|move|p2a: blondie|Superpower|p1a: Counterplay
|-supereffective|p1a: Counterplay
|-damage|p1a: Counterplay|52/100
|-boost|p2a: blondie|atk|1
|-boost|p2a: blondie|def|1
|move|p1a: Counterplay|Magma Storm|p2a: blondie
|-damage|p2a: blondie|0 fnt
|faint|p2a: blondie
|
|-heal|p1a: Counterplay|59/100|[from] item: Leftovers
|upkeep
|
|t:|1685850053
|switch|p2a: Landorus|Landorus-Therian, M|79/100
|-damage|p2a: Landorus|67/100|[from] Stealth Rock
|-ability|p2a: Landorus|Intimidate|boost
|-unboost|p1a: Counterplay|atk|1
|turn|22
|
|t:|1685850060
|move|p2a: Landorus|U-turn|p1a: Counterplay
|-resisted|p1a: Counterplay
|-damage|p1a: Counterplay|55/100
|
|t:|1685850064
|switch|p2a: Yungeen Ace|Cinderace, M|49/100|[from] U-turn
|move|p1a: Counterplay|Will-O-Wisp|p2a: Yungeen Ace
|-immune|p2a: Yungeen Ace
|
|-heal|p1a: Counterplay|61/100|[from] item: Leftovers
|upkeep
|turn|23
|
|t:|1685850067
|move|p1a: Counterplay|Protect|p1a: Counterplay
|-singleturn|p1a: Counterplay|Protect
|move|p2a: Yungeen Ace|U-turn|p1a: Counterplay
|-start|p2a: Yungeen Ace|typechange|Bug|[from] ability: Libero
|-activate|p1a: Counterplay|move: Protect
|
|-heal|p1a: Counterplay|67/100|[from] item: Leftovers
|upkeep
|turn|24
|
|t:|1685850070
|move|p2a: Yungeen Ace|U-turn|p1a: Counterplay
|-resisted|p1a: Counterplay
|-damage|p1a: Counterplay|63/100
|
|t:|1685850073
|switch|p2a: Landorus|Landorus-Therian, M|67/100|[from] U-turn
|-damage|p2a: Landorus|54/100|[from] Stealth Rock
|-ability|p2a: Landorus|Intimidate|boost
|-unboost|p1a: Counterplay|atk|1
|move|p1a: Counterplay|Magma Storm|p2a: Landorus
|-damage|p2a: Landorus|23/100
|-activate|p2a: Landorus|move: Magma Storm|[of] p1a: Counterplay
|
|-heal|p2a: Landorus|29/100|[from] item: Leftovers
|-heal|p1a: Counterplay|70/100|[from] item: Leftovers
|-damage|p2a: Landorus|17/100|[from] move: Magma Storm|[partiallytrapped]
|upkeep
|turn|25
|
|t:|1685850080
|move|p1a: Counterplay|Protect|p1a: Counterplay
|-singleturn|p1a: Counterplay|Protect
|move|p2a: Landorus|U-turn|p1a: Counterplay
|-activate|p1a: Counterplay|move: Protect
|
|-heal|p2a: Landorus|23/100|[from] item: Leftovers
|-heal|p1a: Counterplay|76/100|[from] item: Leftovers
|-damage|p2a: Landorus|10/100|[from] move: Magma Storm|[partiallytrapped]
|upkeep
|turn|26
|
|t:|1685850086
|switch|p1a: Meta?|Landorus-Therian, M|67/100
|-damage|p1a: Meta?|54/100|[from] Stealth Rock
|-ability|p1a: Meta?|Intimidate|boost
|-unboost|p2a: Landorus|atk|1
|move|p2a: Landorus|Earthquake|p1a: Meta?
|-immune|p1a: Meta?
|
|-heal|p2a: Landorus|16/100|[from] item: Leftovers
|-end|p2a: Landorus|Magma Storm|[partiallytrapped]|[silent]
|upkeep
|turn|27
|c|☆theiceclimber2|Damn
|c|☆Djinho|youre in my head
|c|☆Djinho|downloaded me
|c|☆Djinho|Imma need rent soon
|
|t:|1685850113
|move|p1a: Meta?|Grass Knot|p2a: Landorus
|-damage|p2a: Landorus|1/100
|move|p2a: Landorus|U-turn|p1a: Meta?
|-resisted|p1a: Meta?
|-damage|p1a: Meta?|46/100
|
|t:|1685850120
|switch|p2a: Led Zeppelin|Braviary-Hisui, M|100/100|[from] U-turn
|-damage|p2a: Led Zeppelin|76/100|[from] Stealth Rock
|
|upkeep
|turn|28
|
|t:|1685850127
|switch|p1a: Why am I back|Chien-Pao|100/100
|-damage|p1a: Why am I back|76/100|[from] Stealth Rock
|-ability|p1a: Why am I back|Sword of Ruin
|move|p2a: Led Zeppelin|Esper Wing|p1a: Why am I back
|-immune|p1a: Why am I back
|
|upkeep
|turn|29
|c|☆theiceclimber2|/me pays rent
|inactive|theiceclimber2 has 120 seconds left.
|
|t:|1685850158
|switch|p2a: Landorus|Landorus-Therian, M|1/100
|-damage|p2a: Landorus|0 fnt|[from] Stealth Rock
|faint|p2a: Landorus
|move|p1a: Why am I back|Ice Spinner|p2: Landorus|[notarget]
|-fail|p1a: Why am I back
|
|upkeep
|c|☆Djinho|ahhhhhh
|inactive|Djinho has 120 seconds left.
|c|☆Djinho|next time I will click eq on heatran
|c|☆Djinho|For 1 out of the 20 times you leave it in
|
|t:|1685850202
|switch|p2a: Yungeen Ace|Cinderace, M|49/100
|turn|30
|inactive|theiceclimber2 has 120 seconds left.
|
|t:|1685850220
|switch|p1a: Meta?|Landorus-Therian, M|46/100
|-damage|p1a: Meta?|33/100|[from] Stealth Rock
|-ability|p1a: Meta?|Intimidate|boost
|-unboost|p2a: Yungeen Ace|atk|1
|move|p2a: Yungeen Ace|U-turn|p1a: Meta?
|-start|p2a: Yungeen Ace|typechange|Bug|[from] ability: Libero
|-resisted|p1a: Meta?
|-damage|p1a: Meta?|23/100
|
|t:|1685850223
|switch|p2a: Led Zeppelin|Braviary-Hisui, M|76/100|[from] U-turn
|-damage|p2a: Led Zeppelin|51/100|[from] Stealth Rock
|
|upkeep
|turn|31
|c|☆Djinho|hmmmmmmmmmmmm
|inactive|Djinho has 90 seconds left.
|
|t:|1685850254
|move|p1a: Meta?|U-turn|p2a: Led Zeppelin
|-damage|p2a: Led Zeppelin|17/100
|
|t:|1685850257
|switch|p1a: Counterplay|Heatran, F|76/100|[from] U-turn
|-damage|p1a: Counterplay|63/100|[from] Stealth Rock
|move|p2a: Led Zeppelin|Esper Wing|p1a: Counterplay
|-resisted|p1a: Counterplay
|-damage|p1a: Counterplay|18/100
|-boost|p2a: Led Zeppelin|spe|1
|
|-heal|p1a: Counterplay|24/100|[from] item: Leftovers
|upkeep
|turn|32
|inactive|Djinho has 90 seconds left.
|
|t:|1685850269
|move|p1a: Counterplay|Protect|p1a: Counterplay
|-singleturn|p1a: Counterplay|Protect
|move|p2a: Led Zeppelin|Esper Wing|p1a: Counterplay
|-activate|p1a: Counterplay|move: Protect
|
|-heal|p1a: Counterplay|30/100|[from] item: Leftovers
|upkeep
|turn|33
|
|t:|1685850275
|switch|p1a: Why am I back|Chien-Pao|76/100
|-damage|p1a: Why am I back|51/100|[from] Stealth Rock
|-ability|p1a: Why am I back|Sword of Ruin
|move|p2a: Led Zeppelin|Esper Wing|p1a: Why am I back
|-immune|p1a: Why am I back
|
|upkeep
|turn|34
|
|t:|1685850283
|switch|p2a: Yungeen Ace|Cinderace, M|49/100
|move|p1a: Why am I back|Ice Spinner|p2a: Yungeen Ace
|-resisted|p2a: Yungeen Ace
|-damage|p2a: Yungeen Ace|2/100
|
|upkeep
|turn|35
|
|t:|1685850290
|move|p1a: Why am I back|Ice Spinner|p2a: Yungeen Ace
|-resisted|p2a: Yungeen Ace
|-damage|p2a: Yungeen Ace|0 fnt
|faint|p2a: Yungeen Ace
|
|upkeep
|
|t:|1685850295
|switch|p2a: Carl Douglas|Urshifu-Rapid-Strike, F|15/100
|-damage|p2a: Carl Douglas|8/100|[from] Stealth Rock
|turn|36
|
|t:|1685850299
|switch|p1a: Meta?|Landorus-Therian, M|23/100
|-damage|p1a: Meta?|11/100|[from] Stealth Rock
|-ability|p1a: Meta?|Intimidate|boost
|-unboost|p2a: Carl Douglas|atk|1
|move|p2a: Carl Douglas|Aqua Jet|p1a: Meta?
|-supereffective|p1a: Meta?
|-damage|p1a: Meta?|0 fnt
|faint|p1a: Meta?
|
|upkeep
|c|☆Djinho|gg
|
|t:|1685850306
|switch|p1a: Why am I back|Chien-Pao|51/100
|-damage|p1a: Why am I back|26/100|[from] Stealth Rock
|-ability|p1a: Why am I back|Sword of Ruin
|turn|37
|
|t:|1685850309
|-terastallize|p1a: Why am I back|Ice
|move|p1a: Why am I back|Ice Shard|p2a: Carl Douglas
|-resisted|p2a: Carl Douglas
|-damage|p2a: Carl Douglas|0 fnt
|faint|p2a: Carl Douglas
|
|upkeep
|c|☆theiceclimber2|Ggwp
|
|t:|1685850313
|switch|p2a: Led Zeppelin|Braviary-Hisui, M|17/100
|-damage|p2a: Led Zeppelin|0 fnt|[from] Stealth Rock
|faint|p2a: Led Zeppelin
|
|win|theiceclimber2
|raw|theiceclimber2's rating: 1372 → 1393(+21 for winning)
|raw|Djinho's rating: 1395 → 1374(-21 for losing)
