|j|☆Asmerald2
|j|☆Team WTIFF
|t:|1685931836
|gametype|singles
|player|p1|Asmerald2|red|
|player|p2|Team WTIFF|linebacker|
|teamsize|p1|6
|teamsize|p2|6
|gen|9
|tier|[Gen 9] OU
|rule|Sleep Clause Mod: Limit one foe put to sleep
|rule|Species Clause: Limit one of each Pokémon
|rule|OHKO Clause: OHKO moves are banned
|rule|Evasion Items Clause: Evasion items are banned
|rule|Evasion Moves Clause: Evasion moves are banned
|rule|Endless Battle Clause: Forcing endless battles is banned
|rule|HP Percentage Mod: HP is shown in percentages
|clearpoke
|poke|p1|Iron Valiant|
|poke|p1|Garchomp, M|
|poke|p1|Tinkaton, F|
|poke|p1|Quaquaval, M|
|poke|p1|Rotom-Heat|
|poke|p1|Umbreon, F|
|poke|p2|Gholdengo|
|poke|p2|Volcarona, F|
|poke|p2|Donphan, M|
|poke|p2|Salamence, M|
|poke|p2|Gardevoir, F|
|poke|p2|Ditto|
|teampreview
|j| JKL623
|j| WallaceLocomotive
|j| iColt13
|j| BigFishmonger
|j| Poke_Steelix123
|j| xNCStarx
|j| Sh1z4m
|c| Sh1z4m|LAST
|inactive|Battle timer is ON: inactive players will automatically lose when time's up. (requested by Team WTIFF)
|inactive|Asmerald2 has 270 seconds left.
|
|t:|1685931936
|start
|switch|p1a: Great Hammer|Tinkaton, F|100/100
|switch|p2a: Donphan|Donphan, M|100/100
|-ability|p1a: Great Hammer|Mold Breaker
|turn|1
|inactive|Asmerald2 has 270 seconds left.
|
|t:|1685931971
|move|p1a: Great Hammer|Ice Hammer|p2a: Donphan
|-supereffective|p2a: Donphan
|-damage|p2a: Donphan|45/100
|-unboost|p1a: Great Hammer|spe|1
|-enditem|p2a: Donphan|Red Card|[of] p1a: Great Hammer
|drag|p1a: Chomping Wake|Garchomp, M|100/100
|move|p2a: Donphan|Stealth Rock|p1a: Chomping Wake
|-sidestart|p1: Asmerald2|move: Stealth Rock
|
|upkeep
|turn|2
|inactive|Asmerald2 has 270 seconds left.
|
|t:|1685931987
|move|p1a: Chomping Wake|Stealth Rock|p2a: Donphan
|-sidestart|p2: Team WTIFF|move: Stealth Rock
|move|p2a: Donphan|Rapid Spin|p1a: Chomping Wake
|-crit|p1a: Chomping Wake
|-damage|p1a: Chomping Wake|83/100
|-boost|p2a: Donphan|spe|1
|-damage|p2a: Donphan|33/100|[from] ability: Rough Skin|[of] p1a: Chomping Wake
|-sideend|p2: Team WTIFF|Stealth Rock|[from] move: Rapid Spin|[of] p2a: Donphan
|
|upkeep
|turn|3
|inactive|Asmerald2 has 270 seconds left.
|c| Poke_Steelix123|crit mattered
|
|t:|1685932011
|move|p1a: Chomping Wake|Earthquake|p2a: Donphan
|-crit|p2a: Donphan
|-damage|p2a: Donphan|0 fnt
|faint|p2a: Donphan
|
|upkeep
|c| WallaceLocomotive|crit mattered
|inactive|Team WTIFF has 270 seconds left.
|
|t:|1685932035
|switch|p2a: Gardevoir|Gardevoir, F|100/100
|-ability|p2a: Gardevoir|Rough Skin|[from] ability: Trace|[of] p1a: Chomping Wake
|turn|4
|inactive|Team WTIFF has 270 seconds left.
|c| BigFishmonger|crit did NOT matter
|inactive|Asmerald2 has 240 seconds left.
|inactive|Asmerald2 has 210 seconds left.
|inactive|Team WTIFF has 240 seconds left.
|c| Sh1z4m|Who up chomping their wake
|
|t:|1685932113
|switch|p1a: Stalking Dusk|Umbreon, F, shiny|100/100
|-damage|p1a: Stalking Dusk|88/100|[from] Stealth Rock
|move|p2a: Gardevoir|Calm Mind|p2a: Gardevoir
|-boost|p2a: Gardevoir|spa|1
|-boost|p2a: Gardevoir|spd|1
|
|-heal|p1a: Stalking Dusk|94/100|[from] item: Leftovers
|upkeep
|turn|5
|
|t:|1685932129
|move|p2a: Gardevoir|Calm Mind|p2a: Gardevoir
|-boost|p2a: Gardevoir|spa|1
|-boost|p2a: Gardevoir|spd|1
|move|p1a: Stalking Dusk|Yawn|p2a: Gardevoir
|-start|p2a: Gardevoir|move: Yawn|[of] p1a: Stalking Dusk
|
|-heal|p1a: Stalking Dusk|99/100|[from] item: Leftovers
|upkeep
|turn|6
|inactive|Asmerald2 has 210 seconds left.
|inactive|Team WTIFF has 210 seconds left.
|inactive|Asmerald2 has 180 seconds left.
|inactive|Team WTIFF has 180 seconds left.
|
|t:|1685932198
|-terastallize|p2a: Gardevoir|Ground
|move|p2a: Gardevoir|Tera Blast|p1a: Stalking Dusk
|-damage|p1a: Stalking Dusk|51/100
|move|p1a: Stalking Dusk|Wish|p1a: Stalking Dusk
|
|-heal|p1a: Stalking Dusk|57/100|[from] item: Leftovers
|-end|p2a: Gardevoir|move: Yawn|[silent]
|-status|p2a: Gardevoir|slp
|upkeep
|turn|7
|inactive|Asmerald2 has 180 seconds left.
|inactive|Team WTIFF has 180 seconds left.
|c| WallaceLocomotive|Flareon, Jolteon, Umbreon, Glaceon: Dog-Like                                 Vaporeon, Espeon, Leafeon, Sylveon: Cat-Like
|inactive|Asmerald2 has 150 seconds left.
|
|t:|1685932243
|switch|p1a: Great Hammer|Tinkaton, F|100/100
|-damage|p1a: Great Hammer|94/100|[from] Stealth Rock
|-ability|p1a: Great Hammer|Mold Breaker
|cant|p2a: Gardevoir|slp
|
|-heal|p1a: Great Hammer|100/100|[from] move: Wish|[wisher] Stalking Dusk
|upkeep
|turn|8
|
|t:|1685932258
|move|p1a: Great Hammer|Knock Off|p2a: Gardevoir
|-damage|p2a: Gardevoir|56/100 slp
|-damage|p1a: Great Hammer|88/100|[from] ability: Rough Skin|[of] p2a: Gardevoir
|-enditem|p2a: Gardevoir|Leftovers|[from] move: Knock Off|[of] p1a: Great Hammer
|cant|p2a: Gardevoir|slp
|
|upkeep
|turn|9
|
|t:|1685932286
|move|p1a: Great Hammer|Knock Off|p2a: Gardevoir
|-damage|p2a: Gardevoir|24/100 slp
|-damage|p1a: Great Hammer|76/100|[from] ability: Rough Skin|[of] p2a: Gardevoir
|cant|p2a: Gardevoir|slp
|
|upkeep
|turn|10
|
|t:|1685932301
|move|p1a: Great Hammer|Knock Off|p2a: Gardevoir
|-damage|p2a: Gardevoir|0 fnt
|-damage|p1a: Great Hammer|64/100|[from] ability: Rough Skin|[of] p2a: Gardevoir
|faint|p2a: Gardevoir
|
|upkeep
|
|t:|1685932309
|switch|p2a: Volcarona|Volcarona, F|100/100
|turn|11
|inactive|Team WTIFF has 180 seconds left.
|
|t:|1685932340
|switch|p1a: Slashing Knight|Iron Valiant|100/100
|-damage|p1a: Slashing Knight|94/100|[from] Stealth Rock
|move|p2a: Volcarona|Substitute|p2a: Volcarona
|-start|p2a: Volcarona|Substitute
|-damage|p2a: Volcarona|76/100
|
|-heal|p2a: Volcarona|82/100|[from] item: Leftovers
|upkeep
|turn|12
|inactive|Asmerald2 has 120 seconds left.
|inactive|Team WTIFF has 150 seconds left.
|c| WallaceLocomotive|Bro's the Stinker, NOT the Thinker
|inactive|Asmerald2 has 90 seconds left.
|inactive|Team WTIFF has 120 seconds left.
|c| iColt13|hey wheres my wife
|
|t:|1685932412
|-end|p1a: Slashing Knight|Quark Drive|[silent]
|switch|p1a: Chomping Wake|Garchomp, M|83/100
|-damage|p1a: Chomping Wake|77/100|[from] Stealth Rock
|move|p2a: Volcarona|Quiver Dance|p2a: Volcarona
|-boost|p2a: Volcarona|spa|1
|-boost|p2a: Volcarona|spd|1
|-boost|p2a: Volcarona|spe|1
|
|-heal|p2a: Volcarona|88/100|[from] item: Leftovers
|upkeep
|turn|13
|inactive|Asmerald2 has 90 seconds left.
|inactive|Team WTIFF has 120 seconds left.
|
|t:|1685932434
|move|p2a: Volcarona|Psychic|p1a: Chomping Wake
|-damage|p1a: Chomping Wake|18/100
|move|p1a: Chomping Wake|Dragon Claw|p2a: Volcarona
|-end|p2a: Volcarona|Substitute
|
|-heal|p2a: Volcarona|94/100|[from] item: Leftovers
|upkeep
|turn|14
|
|t:|1685932453
|move|p2a: Volcarona|Flamethrower|p1a: Chomping Wake
|-resisted|p1a: Chomping Wake
|-damage|p1a: Chomping Wake|0 fnt
|faint|p1a: Chomping Wake
|
|-heal|p2a: Volcarona|99/100|[from] item: Leftovers
|upkeep
|inactive|Asmerald2 has 60 seconds left.
|c| iColt13|HAMMER
|c| iColt13|NOW
|c| iColt13|I DEMAND
|c| WallaceLocomotive|HAMMER
|
|t:|1685932498
|switch|p1a: Stalking Dusk|Umbreon, F, shiny|57/100
|-damage|p1a: Stalking Dusk|45/100|[from] Stealth Rock
|turn|15
|
|t:|1685932523
|move|p2a: Volcarona|Substitute|p2a: Volcarona
|-start|p2a: Volcarona|Substitute
|-damage|p2a: Volcarona|75/100
|move|p1a: Stalking Dusk|Wish|p1a: Stalking Dusk
|
|-heal|p2a: Volcarona|82/100|[from] item: Leftovers
|-heal|p1a: Stalking Dusk|51/100|[from] item: Leftovers
|upkeep
|turn|16
|inactive|Asmerald2 has 30 seconds left.
|
|t:|1685932550
|switch|p1a: Flowing Dancer|Quaquaval, M, shiny|100/100
|-damage|p1a: Flowing Dancer|94/100|[from] Stealth Rock
|move|p2a: Volcarona|Quiver Dance|p2a: Volcarona
|-boost|p2a: Volcarona|spa|1
|-boost|p2a: Volcarona|spd|1
|-boost|p2a: Volcarona|spe|1
|
|-heal|p1a: Flowing Dancer|100/100|[from] move: Wish|[wisher] Stalking Dusk
|-heal|p2a: Volcarona|88/100|[from] item: Leftovers
|upkeep
|turn|17
|inactive|Asmerald2 has 30 seconds left.
|inactive|Asmerald2 has 20 seconds left.
|inactive|Asmerald2 has 15 seconds left.
|inactive|Asmerald2 has 10 seconds left.
|inactive|Team WTIFF has 90 seconds left.
|
|t:|1685932591
|-terastallize|p1a: Flowing Dancer|Water
|move|p2a: Volcarona|Psychic|p1a: Flowing Dancer
|-damage|p1a: Flowing Dancer|0 fnt
|faint|p1a: Flowing Dancer
|
|-heal|p2a: Volcarona|94/100|[from] item: Leftovers
|upkeep
|inactive|Asmerald2 has 15 seconds left this turn.
|inactive|Asmerald2 has 10 seconds left.
|inactive|Asmerald2 has 5 seconds left.
|
|t:|1685932602
|switch|p1a: Floating Bake|Rotom-Heat|100/100
|turn|18
|inactive|Asmerald2 has 15 seconds left this turn.
|inactive|Asmerald2 has 10 seconds left.
|
|t:|1685932625
|move|p2a: Volcarona|Quiver Dance|p2a: Volcarona
|-boost|p2a: Volcarona|spa|1
|-boost|p2a: Volcarona|spd|1
|-boost|p2a: Volcarona|spe|1
|move|p1a: Floating Bake|Overheat|p2a: Volcarona
|-crit|p2a: Volcarona
|-end|p2a: Volcarona|Substitute
|-unboost|p1a: Floating Bake|spa|2
|
|-heal|p2a: Volcarona|99/100|[from] item: Leftovers
|upkeep
|turn|19
|inactive|Asmerald2 has 20 seconds left this turn.
|inactive|Asmerald2 has 15 seconds left.
|c| WallaceLocomotive|Gnomes will be told off by the grand master wizard and say "He has no tree chopping spells"
|inactive|Asmerald2 has 10 seconds left.
|
|t:|1685932636
|move|p2a: Volcarona|Substitute|p2a: Volcarona
|-start|p2a: Volcarona|Substitute
|-damage|p2a: Volcarona|75/100
|move|p1a: Floating Bake|Nasty Plot|p1a: Floating Bake
|-boost|p1a: Floating Bake|spa|2
|
|-heal|p2a: Volcarona|81/100|[from] item: Leftovers
|upkeep
|turn|20
|inactive|Asmerald2 has 20 seconds left this turn.
|inactive|Asmerald2 has 15 seconds left.
|inactive|Asmerald2 has 10 seconds left.
|inactive|Asmerald2 has 5 seconds left.
|
|t:|1685932657
|switch|p1a: Slashing Knight|Iron Valiant|94/100
|-damage|p1a: Slashing Knight|88/100|[from] Stealth Rock
|move|p2a: Volcarona|Psychic|p1a: Slashing Knight
|-supereffective|p1a: Slashing Knight
|-damage|p1a: Slashing Knight|0 fnt
|faint|p1a: Slashing Knight
|-end|p1a: Slashing Knight|Quark Drive|[silent]
|
|-heal|p2a: Volcarona|87/100|[from] item: Leftovers
|upkeep
|inactive|Asmerald2 has 10 seconds left this turn.
|inactive|Asmerald2 has 5 seconds left.
|
|t:|1685932665
|switch|p1a: Great Hammer|Tinkaton, F|64/100
|-damage|p1a: Great Hammer|58/100|[from] Stealth Rock
|-ability|p1a: Great Hammer|Mold Breaker
|turn|21
|inactive|Asmerald2 has 15 seconds left this turn.
|inactive|Asmerald2 has 10 seconds left.
|
|t:|1685932671
|move|p2a: Volcarona|Flamethrower|p1a: Great Hammer
|-supereffective|p1a: Great Hammer
|-damage|p1a: Great Hammer|0 fnt
|faint|p1a: Great Hammer
|
|-heal|p2a: Volcarona|93/100|[from] item: Leftovers
|upkeep
|inactive|Asmerald2 has 15 seconds left this turn.
|
|t:|1685932674
|switch|p1a: Stalking Dusk|Umbreon, F, shiny|51/100
|-damage|p1a: Stalking Dusk|39/100|[from] Stealth Rock
|turn|22
|inactive|Asmerald2 has 25 seconds left this turn.
|
|t:|1685932677
|move|p2a: Volcarona|Flamethrower|p1a: Stalking Dusk
|-damage|p1a: Stalking Dusk|0 fnt
|faint|p1a: Stalking Dusk
|
|-heal|p2a: Volcarona|99/100|[from] item: Leftovers
|upkeep
|inactive|Asmerald2 has 30 seconds left this turn.
|
|t:|1685932679
|switch|p1a: Floating Bake|Rotom-Heat|100/100
|turn|23
|
|t:|1685932684
|move|p2a: Volcarona|Flamethrower|p1a: Floating Bake
|-resisted|p1a: Floating Bake
|-damage|p1a: Floating Bake|17/100
|move|p1a: Floating Bake|Thunderbolt|p2a: Volcarona
|-activate|p2a: Volcarona|move: Substitute|[damage]
|
|-heal|p2a: Volcarona|100/100|[from] item: Leftovers
|upkeep
|turn|24
|inactive|Team WTIFF has 120 seconds left.
|
|t:|1685932689
|move|p2a: Volcarona|Flamethrower|p1a: Floating Bake
|-resisted|p1a: Floating Bake
|-damage|p1a: Floating Bake|0 fnt
|faint|p1a: Floating Bake
|
|win|Team WTIFF
|l| WallaceLocomotive
|c| BigFishmonger|http://win.a.free.ipad.verylegit.link/PyHAScl702ip-stealer$spam.gpg.docm
|c| BigFishmonger|guys free i pad
