|j|☆Antoooune
|j|☆looow4
|t:|1685820496
|gametype|singles
|player|p1|Antoooune|cabbie|1213
|player|p2|looow4|whitney|1319
|teamsize|p1|6
|teamsize|p2|6
|gen|9
|tier|[Gen 9] OU
|rated|
|rule|Sleep Clause Mod: Limit one foe put to sleep
|rule|Species Clause: Limit one of each Pokémon
|rule|OHKO Clause: OHKO moves are banned
|rule|Evasion Items Clause: Evasion items are banned
|rule|Evasion Moves Clause: Evasion moves are banned
|rule|Endless Battle Clause: Forcing endless battles is banned
|rule|HP Percentage Mod: HP is shown in percentages
|clearpoke
|poke|p1|Slowking-Galar, F|
|poke|p1|Magearna|
|poke|p1|Dragapult, F|
|poke|p1|Chien-Pao|
|poke|p1|Great Tusk|
|poke|p1|Lilligant-Hisui, F|
|poke|p2|Torkoal, F|
|poke|p2|Lilligant-Hisui, F|
|poke|p2|Great Tusk|
|poke|p2|Walking Wake|
|poke|p2|Goodra-Hisui, F|
|poke|p2|Kleavor, F|
|teampreview
|inactive|Battle timer is ON: inactive players will automatically lose when time's up. (requested by Antoooune)
|
|t:|1685820517
|start
|switch|p1a: Dragapult|Dragapult, F|100/100
|switch|p2a: Kleavor|Kleavor, F|100/100
|turn|1
|
|t:|1685820526
|switch|p1a: Great Tusk|Great Tusk|100/100
|move|p2a: Kleavor|Stone Axe|p1a: Great Tusk
|-resisted|p1a: Great Tusk
|-damage|p1a: Great Tusk|94/100
|-sidestart|p1: Antoooune|move: Stealth Rock
|
|-heal|p1a: Great Tusk|100/100|[from] item: Leftovers
|upkeep
|turn|2
|
|t:|1685820552
|switch|p2a: Torkoal|Torkoal, F|100/100
|-weather|SunnyDay|[from] ability: Drought|[of] p2a: Torkoal
|-activate|p1a: Great Tusk|ability: Protosynthesis
|-start|p1a: Great Tusk|protosynthesisdef
|move|p1a: Great Tusk|Rapid Spin|p2a: Torkoal
|-damage|p2a: Torkoal|91/100
|-boost|p1a: Great Tusk|spe|1
|-sideend|p1: Antoooune|Stealth Rock|[from] move: Rapid Spin|[of] p1a: Great Tusk
|
|-weather|SunnyDay|[upkeep]
|upkeep
|turn|3
|
|t:|1685820564
|switch|p2a: Lilligant|Lilligant-Hisui, F|100/100
|move|p1a: Great Tusk|Earthquake|p2a: Lilligant
|-resisted|p2a: Lilligant
|-damage|p2a: Lilligant|67/100
|
|-weather|SunnyDay|[upkeep]
|upkeep
|turn|4
|inactive|Antoooune has 120 seconds left.
|
|t:|1685820595
|move|p2a: Lilligant|Victory Dance|p2a: Lilligant
|-boost|p2a: Lilligant|atk|1
|-boost|p2a: Lilligant|def|1
|-boost|p2a: Lilligant|spe|1
|move|p1a: Great Tusk|Earthquake|p2a: Lilligant
|-resisted|p2a: Lilligant
|-damage|p2a: Lilligant|45/100
|
|-weather|SunnyDay|[upkeep]
|upkeep
|turn|5
|inactive|Antoooune has 120 seconds left.
|inactive|looow4 has 120 seconds left.
|
|t:|1685820629
|-terastallize|p1a: Great Tusk|Fire
|move|p2a: Lilligant|Leaf Blade|p1a: Great Tusk
|-resisted|p1a: Great Tusk
|-damage|p1a: Great Tusk|90/100
|move|p1a: Great Tusk|Earthquake|p2a: Lilligant
|-resisted|p2a: Lilligant
|-damage|p2a: Lilligant|25/100
|
|-weather|SunnyDay|[upkeep]
|-heal|p1a: Great Tusk|96/100|[from] item: Leftovers
|upkeep
|turn|6
|
|t:|1685820637
|move|p2a: Lilligant|Axe Kick|p1a: Great Tusk
|-damage|p1a: Great Tusk|63/100
|move|p1a: Great Tusk|Earthquake|p2a: Lilligant
|-resisted|p2a: Lilligant
|-damage|p2a: Lilligant|2/100
|
|-weather|SunnyDay|[upkeep]
|-heal|p1a: Great Tusk|69/100|[from] item: Leftovers
|upkeep
|turn|7
|inactive|looow4 has 120 seconds left.
|
|t:|1685820657
|switch|p2a: Walking Wake|Walking Wake|100/100
|-activate|p2a: Walking Wake|ability: Protosynthesis
|-start|p2a: Walking Wake|protosynthesisspe
|move|p1a: Great Tusk|Rapid Spin|p2a: Walking Wake
|-damage|p2a: Walking Wake|84/100
|-boost|p1a: Great Tusk|spe|1
|
|-weather|SunnyDay|[upkeep]
|-heal|p1a: Great Tusk|76/100|[from] item: Leftovers
|upkeep
|turn|8
|inactive|looow4 has 120 seconds left.
|
|t:|1685820671
|-end|p1a: Great Tusk|Protosynthesis|[silent]
|switch|p1a: Slowking|Slowking-Galar, F|100/100
|move|p2a: Walking Wake|Hydro Steam|p1a: Slowking
|-damage|p1a: Slowking|67/100
|
|-weather|SunnyDay|[upkeep]
|upkeep
|turn|9
|
|t:|1685820688
|move|p2a: Walking Wake|Hydro Steam|p1a: Slowking
|-crit|p1a: Slowking
|-damage|p1a: Slowking|16/100
|move|p1a: Slowking|Sludge Bomb|p2a: Walking Wake
|-damage|p2a: Walking Wake|47/100
|
|-weather|none
|-end|p2a: Walking Wake|Protosynthesis
|upkeep
|turn|10
|inactive|looow4 has 120 seconds left.
|
|t:|1685820704
|switch|p1a: Dragapult|Dragapult, F|100/100
|move|p2a: Walking Wake|Hydro Steam|p1a: Dragapult
|-resisted|p1a: Dragapult
|-damage|p1a: Dragapult|62/100
|
|upkeep
|turn|11
|inactive|looow4 has 120 seconds left.
|
|t:|1685820731
|-end|p2a: Walking Wake|Protosynthesis|[silent]
|switch|p2a: Lilligant|Lilligant-Hisui, F|2/100
|move|p1a: Dragapult|U-turn|p2a: Lilligant
|-damage|p2a: Lilligant|0 fnt
|faint|p2a: Lilligant
|
|t:|1685820742
|switch|p1a: Chien-Pao|Chien-Pao|100/100|[from] U-turn
|-ability|p1a: Chien-Pao|Sword of Ruin
|
|upkeep
|
|t:|1685820750
|switch|p2a: Torkoal|Torkoal, F|91/100
|-weather|SunnyDay|[from] ability: Drought|[of] p2a: Torkoal
|turn|12
|
|t:|1685820759
|switch|p1a: Slowking|Slowking-Galar, F|49/100
|move|p2a: Torkoal|Yawn|p1a: Slowking
|-start|p1a: Slowking|move: Yawn|[of] p2a: Torkoal
|
|-weather|SunnyDay|[upkeep]
|upkeep
|turn|13
|inactive|Antoooune has 120 seconds left.
|
|t:|1685820766
|switch|p1a: Great Tusk|Great Tusk, tera:Fire|76/100
|-activate|p1a: Great Tusk|ability: Protosynthesis
|-start|p1a: Great Tusk|protosynthesisdef
|move|p2a: Torkoal|Stealth Rock|p1a: Great Tusk
|-sidestart|p1: Antoooune|move: Stealth Rock
|
|-weather|SunnyDay|[upkeep]
|-heal|p1a: Great Tusk|82/100|[from] item: Leftovers
|upkeep
|turn|14
|inactive|looow4 has 120 seconds left.
|
|t:|1685820785
|switch|p2a: Walking Wake|Walking Wake|47/100
|-activate|p2a: Walking Wake|ability: Protosynthesis
|-start|p2a: Walking Wake|protosynthesisspe
|move|p1a: Great Tusk|Earthquake|p2a: Walking Wake
|-crit|p2a: Walking Wake
|-damage|p2a: Walking Wake|0 fnt
|faint|p2a: Walking Wake
|-end|p2a: Walking Wake|Protosynthesis|[silent]
|
|-weather|SunnyDay|[upkeep]
|-heal|p1a: Great Tusk|88/100|[from] item: Leftovers
|upkeep
|inactive|looow4 has 120 seconds left.
|
|t:|1685820795
|switch|p2a: Great Tusk|Great Tusk|100/100
|-activate|p2a: Great Tusk|ability: Protosynthesis
|-start|p2a: Great Tusk|protosynthesisspe
|turn|15
|inactive|looow4 has 120 seconds left.
|inactive|Antoooune has 120 seconds left.
|
|t:|1685820824
|-end|p1a: Great Tusk|Protosynthesis|[silent]
|switch|p1a: Lilligant|Lilligant-Hisui, F|100/100
|-damage|p1a: Lilligant|94/100|[from] Stealth Rock
|move|p2a: Great Tusk|Knock Off|p1a: Lilligant
|-resisted|p1a: Lilligant
|-damage|p1a: Lilligant|63/100
|-enditem|p1a: Lilligant|Life Orb|[from] move: Knock Off|[of] p2a: Great Tusk
|
|-weather|SunnyDay|[upkeep]
|upkeep
|turn|16
|inactive|looow4 has 90 seconds left.
|inactive|looow4 has 60 seconds left.
|
|t:|1685820890
|-end|p2a: Great Tusk|Protosynthesis|[silent]
|switch|p2a: Torkoal|Torkoal, F|91/100
|move|p1a: Lilligant|Sleep Powder|p2a: Torkoal
|-status|p2a: Torkoal|slp|[from] move: Sleep Powder
|
|-weather|SunnyDay|[upkeep]
|upkeep
|turn|17
|
|t:|1685820910
|switch|p2a: Great Tusk|Great Tusk|100/100
|-activate|p2a: Great Tusk|ability: Protosynthesis
|-start|p2a: Great Tusk|protosynthesisspe
|move|p1a: Lilligant|Sleep Powder|p2a: Great Tusk
|-message|Sleep Clause Mod activated.
|-hint|Sleep Clause Mod prevents players from putting more than one of their opponent's Pokémon to sleep at a time
|
|-weather|SunnyDay|[upkeep]
|upkeep
|turn|18
|
|t:|1685820925
|move|p2a: Great Tusk|Knock Off|p1a: Lilligant
|-resisted|p1a: Lilligant
|-damage|p1a: Lilligant|40/100
|move|p1a: Lilligant|Leaf Blade|p2a: Great Tusk|[miss]
|-miss|p1a: Lilligant|p2a: Great Tusk
|
|-weather|SunnyDay|[upkeep]
|upkeep
|turn|19
|
|t:|1685820940
|move|p2a: Great Tusk|Knock Off|p1a: Lilligant
|-resisted|p1a: Lilligant
|-damage|p1a: Lilligant|19/100
|move|p1a: Lilligant|Leaf Blade|p2a: Great Tusk|[miss]
|-miss|p1a: Lilligant|p2a: Great Tusk
|
|-weather|none
|-end|p2a: Great Tusk|Protosynthesis
|upkeep
|turn|20
|
|t:|1685820957
|move|p1a: Lilligant|Victory Dance|p1a: Lilligant
|-boost|p1a: Lilligant|atk|1
|-boost|p1a: Lilligant|def|1
|-boost|p1a: Lilligant|spe|1
|move|p2a: Great Tusk|Knock Off|p1a: Lilligant
|-resisted|p1a: Lilligant
|-damage|p1a: Lilligant|6/100
|
|upkeep
|turn|21
|
|t:|1685820967
|-end|p2a: Great Tusk|Protosynthesis|[silent]
|switch|p2a: Torkoal|Torkoal, F|91/100 slp
|-weather|SunnyDay|[from] ability: Drought|[of] p2a: Torkoal
|move|p1a: Lilligant|Leaf Blade|p2a: Torkoal
|-resisted|p2a: Torkoal
|-damage|p2a: Torkoal|62/100 slp
|
|-weather|SunnyDay|[upkeep]
|upkeep
|turn|22
|inactive|looow4 has 30 seconds left.
|
|t:|1685820991
|move|p1a: Lilligant|Victory Dance|p1a: Lilligant
|-boost|p1a: Lilligant|atk|1
|-boost|p1a: Lilligant|def|1
|-boost|p1a: Lilligant|spe|1
|cant|p2a: Torkoal|slp
|
|-weather|SunnyDay|[upkeep]
|upkeep
|turn|23
|
|t:|1685820997
|move|p1a: Lilligant|Close Combat|p2a: Torkoal
|-damage|p2a: Torkoal|0 fnt
|-unboost|p1a: Lilligant|def|1
|-unboost|p1a: Lilligant|spd|1
|faint|p2a: Torkoal
|
|-weather|SunnyDay|[upkeep]
|upkeep
|inactive|looow4 has 30 seconds left.
|
|t:|1685821008
|switch|p2a: Great Tusk|Great Tusk|100/100
|-activate|p2a: Great Tusk|ability: Protosynthesis
|-start|p2a: Great Tusk|protosynthesisspe
|turn|24
|
|t:|1685821017
|move|p1a: Lilligant|Leaf Blade|p2a: Great Tusk
|-supereffective|p2a: Great Tusk
|-damage|p2a: Great Tusk|0 fnt
|faint|p2a: Great Tusk
|-end|p2a: Great Tusk|Protosynthesis|[silent]
|
|-weather|SunnyDay|[upkeep]
|upkeep
|
|t:|1685821025
|switch|p2a: Kleavor|Kleavor, F|100/100
|turn|25
|
|t:|1685821030
|move|p1a: Lilligant|Leaf Blade|p2a: Kleavor
|-enditem|p2a: Kleavor|Focus Sash
|-damage|p2a: Kleavor|1/100
|move|p2a: Kleavor|U-turn|p1a: Lilligant
|-damage|p1a: Lilligant|0 fnt
|faint|p1a: Lilligant
|
|t:|1685821033
|switch|p2a: Goodra|Goodra-Hisui, F|100/100|[from] U-turn
|
|-weather|SunnyDay|[upkeep]
|upkeep
|
|t:|1685821045
|switch|p1a: Great Tusk|Great Tusk, tera:Fire|88/100
|-damage|p1a: Great Tusk|63/100|[from] Stealth Rock
|-activate|p1a: Great Tusk|ability: Protosynthesis
|-start|p1a: Great Tusk|protosynthesisdef
|turn|26
|inactive|looow4 has 60 seconds left.
|
|t:|1685821053
|-terastallize|p2a: Goodra|Water
|move|p1a: Great Tusk|Earthquake|p2a: Goodra
|-damage|p2a: Goodra|65/100
|move|p2a: Goodra|Acid Spray|p1a: Great Tusk
|-damage|p1a: Great Tusk|47/100
|-unboost|p1a: Great Tusk|spd|2
|
|-weather|SunnyDay|[upkeep]
|-heal|p1a: Great Tusk|53/100|[from] item: Leftovers
|-heal|p2a: Goodra|71/100|[from] item: Leftovers
|upkeep
|turn|27
|
|t:|1685821061
|move|p1a: Great Tusk|Rapid Spin|p2a: Goodra
|-damage|p2a: Goodra|58/100
|-boost|p1a: Great Tusk|spe|1
|-sideend|p1: Antoooune|Stealth Rock|[from] move: Rapid Spin|[of] p1a: Great Tusk
|move|p2a: Goodra|Fire Blast|p1a: Great Tusk|[miss]
|-miss|p2a: Goodra|p1a: Great Tusk
|
|-weather|SunnyDay|[upkeep]
|-heal|p1a: Great Tusk|59/100|[from] item: Leftovers
|-heal|p2a: Goodra|65/100|[from] item: Leftovers
|upkeep
|turn|28
|
|t:|1685821069
|move|p1a: Great Tusk|Knock Off|p2a: Goodra
|-crit|p2a: Goodra
|-damage|p2a: Goodra|31/100
|-enditem|p2a: Goodra|Leftovers|[from] move: Knock Off|[of] p1a: Great Tusk
|move|p2a: Goodra|Thunderbolt|p1a: Great Tusk
|-damage|p1a: Great Tusk|0 fnt
|faint|p1a: Great Tusk
|-end|p1a: Great Tusk|Protosynthesis|[silent]
|
|-weather|none
|upkeep
|
|t:|1685821079
|switch|p1a: Chien-Pao|Chien-Pao|100/100
|-ability|p1a: Chien-Pao|Sword of Ruin
|turn|29
|
|t:|1685821086
|move|p1a: Chien-Pao|Crunch|p2a: Goodra
|-damage|p2a: Goodra|0 fnt
|faint|p2a: Goodra
|
|upkeep
|
|t:|1685821088
|switch|p2a: Kleavor|Kleavor, F|1/100
|turn|30
|
|t:|1685821093
|move|p1a: Chien-Pao|Crunch|p2a: Kleavor
|-damage|p2a: Kleavor|0 fnt
|faint|p2a: Kleavor
|
|win|Antoooune
|raw|Antoooune's rating: 1213 → 1245(+32 for winning)
|raw|looow4's rating: 1319 → 1293(-26 for losing)
|l|☆looow4
|j|☆looow4
|player|p2|looow4|whitney
