|j|☆7c7y7
|j|☆quagsli
|t:|1685913278
|gametype|singles
|player|p1|7c7y7|shadowtriad|1280
|player|p2|quagsli|cynthia|1323
|teamsize|p1|6
|teamsize|p2|6
|gen|9
|tier|[Gen 9] OU
|rated|
|rule|Sleep Clause Mod: Limit one foe put to sleep
|rule|Species Clause: Limit one of each Pokémon
|rule|OHKO Clause: OHKO moves are banned
|rule|Evasion Items Clause: Evasion items are banned
|rule|Evasion Moves Clause: Evasion moves are banned
|rule|Endless Battle Clause: Forcing endless battles is banned
|rule|HP Percentage Mod: HP is shown in percentages
|clearpoke
|poke|p1|Typhlosion-Hisui, M|
|poke|p1|Dragapult, M|
|poke|p1|Magearna|
|poke|p1|Urshifu-*, M|
|poke|p1|Zapdos|
|poke|p1|Great Tusk|
|poke|p2|Samurott-Hisui, F|
|poke|p2|Magearna|
|poke|p2|Chien-Pao|
|poke|p2|Enamorus, F|
|poke|p2|Moltres-Galar|
|poke|p2|Azumarill, M|
|teampreview
|
|t:|1685913290
|start
|switch|p1a: Zapdos|Zapdos|100/100
|switch|p2a: Azumarill|Azumarill, M|100/100
|turn|1
|
|t:|1685913298
|move|p1a: Zapdos|Volt Switch|p2a: Azumarill
|-supereffective|p2a: Azumarill
|-damage|p2a: Azumarill|45/100
|-enditem|p2a: Azumarill|Sitrus Berry|[eat]
|-heal|p2a: Azumarill|70/100|[from] item: Sitrus Berry
|
|t:|1685913315
|switch|p1a: Urshifu|Urshifu-Rapid-Strike, M|100/100|[from] Volt Switch
|move|p2a: Azumarill|Belly Drum|p2a: Azumarill
|-damage|p2a: Azumarill|20/100
|-setboost|p2a: Azumarill|atk|6|[from] move: Belly Drum
|
|upkeep
|turn|2
|
|t:|1685913327
|move|p2a: Azumarill|Aqua Jet|p1a: Urshifu
|-resisted|p1a: Urshifu
|-damage|p1a: Urshifu|48/100
|move|p1a: Urshifu|Surging Strikes|p2a: Azumarill
|-resisted|p2a: Azumarill
|-crit|p2a: Azumarill
|-damage|p2a: Azumarill|10/100
|-resisted|p2a: Azumarill
|-crit|p2a: Azumarill
|-damage|p2a: Azumarill|1/100
|-resisted|p2a: Azumarill
|-crit|p2a: Azumarill
|-damage|p2a: Azumarill|0 fnt
|faint|p2a: Azumarill
|-hitcount|p2: Azumarill|3
|
|upkeep
|
|t:|1685913330
|switch|p2a: Magearna|Magearna|100/100
|turn|3
|
|t:|1685913344
|switch|p1a: Zapdos|Zapdos|100/100
|move|p2a: Magearna|Shift Gear|p2a: Magearna
|-boost|p2a: Magearna|spe|2
|-boost|p2a: Magearna|atk|1
|
|upkeep
|turn|4
|
|t:|1685913398
|move|p2a: Magearna|Calm Mind|p2a: Magearna
|-boost|p2a: Magearna|spa|1
|-boost|p2a: Magearna|spd|1
|move|p1a: Zapdos|Heat Wave|p2a: Magearna|[miss]
|-miss|p1a: Zapdos|p2a: Magearna
|
|upkeep
|turn|5
|
|t:|1685913416
|-terastallize|p2a: Magearna|Water
|move|p2a: Magearna|Calm Mind|p2a: Magearna
|-boost|p2a: Magearna|spa|1
|-boost|p2a: Magearna|spd|1
|move|p1a: Zapdos|Heat Wave|p2a: Magearna
|-resisted|p2a: Magearna
|-damage|p2a: Magearna|95/100
|
|-heal|p2a: Magearna|100/100|[from] item: Leftovers
|upkeep
|turn|6
|
|t:|1685913420
|move|p2a: Magearna|Stored Power|p1a: Zapdos
|-damage|p1a: Zapdos|7/100
|move|p1a: Zapdos|Volt Switch|p2a: Magearna
|-supereffective|p2a: Magearna
|-damage|p2a: Magearna|77/100
|
|t:|1685913424
|switch|p1a: Typhlosion|Typhlosion-Hisui, M|100/100|[from] Volt Switch
|
|-heal|p2a: Magearna|83/100|[from] item: Leftovers
|upkeep
|turn|7
|
|t:|1685913433
|-terastallize|p1a: Typhlosion|Grass
|move|p2a: Magearna|Calm Mind|p2a: Magearna
|-boost|p2a: Magearna|spa|1
|-boost|p2a: Magearna|spd|1
|move|p1a: Typhlosion|Tera Blast|p2a: Magearna
|-supereffective|p2a: Magearna
|-damage|p2a: Magearna|46/100
|
|-heal|p2a: Magearna|52/100|[from] item: Leftovers
|upkeep
|turn|8
|
|t:|1685913440
|move|p2a: Magearna|Draining Kiss|p1a: Typhlosion
|-damage|p1a: Typhlosion|29/100
|-heal|p2a: Magearna|94/100|[from] drain|[of] p1a: Typhlosion
|move|p1a: Typhlosion|Tera Blast|p2a: Magearna
|-supereffective|p2a: Magearna
|-damage|p2a: Magearna|53/100
|
|-heal|p2a: Magearna|59/100|[from] item: Leftovers
|upkeep
|turn|9
|-message|7c7y7 forfeited.
|
|win|quagsli
|raw|7c7y7's rating: 1280 → 1258(-22 for losing)
|raw|quagsli's rating: 1323 → 1341(+18 for winning)
|l|☆7c7y7
