|j|☆restneeded
|j|☆Aeterna Act 2
|t:|1685883341
|gametype|singles
|player|p1|restneeded|102|1053
|player|p2|Aeterna Act 2|guitarist|1126
|teamsize|p1|6
|teamsize|p2|6
|gen|9
|tier|[Gen 9] OU
|rated|
|rule|Sleep Clause Mod: Limit one foe put to sleep
|rule|Species Clause: Limit one of each Pokémon
|rule|OHKO Clause: OHKO moves are banned
|rule|Evasion Items Clause: Evasion items are banned
|rule|Evasion Moves Clause: Evasion moves are banned
|rule|Endless Battle Clause: Forcing endless battles is banned
|rule|HP Percentage Mod: HP is shown in percentages
|clearpoke
|poke|p1|Dondozo, F|
|poke|p1|Hydreigon, F|
|poke|p1|Cinderace, M|
|poke|p1|Toxapex, M|
|poke|p1|Great Tusk|
|poke|p1|Scream Tail|
|poke|p2|Sneasler, F|
|poke|p2|Ursaluna, M|
|poke|p2|Toxapex, F|
|poke|p2|Electrode-Hisui|
|poke|p2|Gholdengo|
|poke|p2|Corviknight, M|
|teampreview
|inactive|Battle timer is ON: inactive players will automatically lose when time's up. (requested by restneeded)
|
|t:|1685883350
|start
|switch|p1a: Great Tusk|Great Tusk|100/100
|switch|p2a: Steel Ball Run|Electrode-Hisui, shiny|100/100
|turn|1
|
|t:|1685883356
|-end|p1a: Great Tusk|Protosynthesis|[silent]
|switch|p1a: Scream Tail|Scream Tail|100/100
|move|p2a: Steel Ball Run|Chloroblast|p1a: Scream Tail|[miss]
|-miss|p2a: Steel Ball Run|p1a: Scream Tail
|-damage|p2a: Steel Ball Run|50/100|[from] chloroblast
|
|upkeep
|turn|2
|c|☆Aeterna Act 2|🗿
|
|t:|1685883373
|switch|p2a: Spice Girl|Toxapex, F, shiny|100/100
|move|p1a: Scream Tail|Wish|p1a: Scream Tail
|
|upkeep
|turn|3
|
|t:|1685883394
|-end|p1a: Scream Tail|Protosynthesis|[silent]
|switch|p1a: Toxapex|Toxapex, M|100/100
|move|p2a: Spice Girl|Infestation|p1a: Toxapex
|-resisted|p1a: Toxapex
|-damage|p1a: Toxapex|99/100
|-activate|p1a: Toxapex|move: Infestation|[of] p2a: Spice Girl
|
|-heal|p1a: Toxapex|100/100|[from] move: Wish|[wisher] Scream Tail
|-damage|p1a: Toxapex|88/100|[from] move: Infestation|[partiallytrapped]
|upkeep
|turn|4
|
|t:|1685883397
|move|p1a: Toxapex|Infestation|p2a: Spice Girl
|-resisted|p2a: Spice Girl
|-damage|p2a: Spice Girl|99/100
|-activate|p2a: Spice Girl|move: Infestation|[of] p1a: Toxapex
|move|p2a: Spice Girl|Acid Spray|p1a: Toxapex
|-resisted|p1a: Toxapex
|-damage|p1a: Toxapex|85/100
|-unboost|p1a: Toxapex|spd|2
|
|-damage|p1a: Toxapex|72/100|[from] move: Infestation|[partiallytrapped]
|-damage|p2a: Spice Girl|87/100|[from] move: Infestation|[partiallytrapped]
|upkeep
|turn|5
|
|t:|1685883407
|move|p1a: Toxapex|Surf|p2a: Spice Girl
|-resisted|p2a: Spice Girl
|-damage|p2a: Spice Girl|79/100
|move|p2a: Spice Girl|Acid Spray|p1a: Toxapex
|-resisted|p1a: Toxapex
|-damage|p1a: Toxapex|64/100
|-unboost|p1a: Toxapex|spd|2
|
|-damage|p1a: Toxapex|52/100|[from] move: Infestation|[partiallytrapped]
|-damage|p2a: Spice Girl|67/100|[from] move: Infestation|[partiallytrapped]
|upkeep
|turn|6
|
|t:|1685883415
|move|p1a: Toxapex|Surf|p2a: Spice Girl
|-resisted|p2a: Spice Girl
|-damage|p2a: Spice Girl|59/100
|move|p2a: Spice Girl|Surf|p1a: Toxapex
|-resisted|p1a: Toxapex
|-damage|p1a: Toxapex|28/100
|
|-damage|p1a: Toxapex|15/100|[from] move: Infestation|[partiallytrapped]
|-damage|p2a: Spice Girl|47/100|[from] move: Infestation|[partiallytrapped]
|upkeep
|turn|7
|
|t:|1685883419
|move|p1a: Toxapex|Surf|p2a: Spice Girl
|-resisted|p2a: Spice Girl
|-damage|p2a: Spice Girl|39/100
|move|p2a: Spice Girl|Surf|p1a: Toxapex
|-resisted|p1a: Toxapex
|-damage|p1a: Toxapex|0 fnt
|faint|p1a: Toxapex
|
|-end|p2a: Spice Girl|Infestation|[partiallytrapped]|[silent]
|upkeep
|
|t:|1685883421
|switch|p1a: Hydreigon|Hydreigon, F|100/100
|turn|8
|
|t:|1685883448
|switch|p2a: Love Bites|Ursaluna, M, shiny|100/100
|move|p1a: Hydreigon|Substitute|p1a: Hydreigon
|-start|p1a: Hydreigon|Substitute
|-damage|p1a: Hydreigon|76/100
|
|-heal|p1a: Hydreigon|82/100|[from] item: Leftovers
|-status|p2a: Love Bites|brn|[from] item: Flame Orb
|upkeep
|turn|9
|
|t:|1685883475
|-terastallize|p1a: Hydreigon|Steel
|move|p1a: Hydreigon|Dark Pulse|p2a: Love Bites
|-damage|p2a: Love Bites|65/100 brn
|move|p2a: Love Bites|Facade|p1a: Hydreigon
|-resisted|p1a: Hydreigon
|-end|p1a: Hydreigon|Substitute
|
|-heal|p1a: Hydreigon|88/100|[from] item: Leftovers
|-damage|p2a: Love Bites|59/100 brn|[from] brn
|upkeep
|turn|10
|
|t:|1685883480
|move|p1a: Hydreigon|Substitute|p1a: Hydreigon
|-start|p1a: Hydreigon|Substitute
|-damage|p1a: Hydreigon|63/100
|move|p2a: Love Bites|Drain Punch|p1a: Hydreigon
|-supereffective|p1a: Hydreigon
|-end|p1a: Hydreigon|Substitute
|-heal|p2a: Love Bites|68/100 brn|[from] drain|[of] p1a: Hydreigon
|
|-heal|p1a: Hydreigon|69/100|[from] item: Leftovers
|-damage|p2a: Love Bites|62/100 brn|[from] brn
|upkeep
|turn|11
|
|t:|1685883500
|switch|p1a: Scream Tail|Scream Tail|100/100
|move|p2a: Love Bites|Facade|p1a: Scream Tail
|-damage|p1a: Scream Tail|0 fnt
|faint|p1a: Scream Tail
|-end|p1a: Scream Tail|Protosynthesis|[silent]
|
|-damage|p2a: Love Bites|56/100 brn|[from] brn
|upkeep
|
|t:|1685883509
|switch|p1a: Great Tusk|Great Tusk|100/100
|turn|12
|
|t:|1685883517
|switch|p2a: Horus|Corviknight, M|100/100
|-ability|p2a: Horus|Pressure
|move|p1a: Great Tusk|Stealth Rock|p2a: Horus
|-sidestart|p2: Aeterna Act 2|move: Stealth Rock
|
|upkeep
|turn|13
|
|t:|1685883529
|move|p1a: Great Tusk|Knock Off|p2a: Horus
|-damage|p2a: Horus|84/100
|-damage|p1a: Great Tusk|84/100|[from] item: Rocky Helmet|[of] p2a: Horus
|-enditem|p2a: Horus|Rocky Helmet|[from] move: Knock Off|[of] p1a: Great Tusk
|move|p2a: Horus|Defog|p1a: Great Tusk
|-unboost|p1a: Great Tusk|evasion|1
|-sideend|p2: Aeterna Act 2|Stealth Rock|[from] move: Defog|[of] p2a: Horus
|
|-heal|p1a: Great Tusk|90/100|[from] item: Leftovers
|upkeep
|turn|14
|
|t:|1685883532
|move|p1a: Great Tusk|Stealth Rock|p2a: Horus
|-sidestart|p2: Aeterna Act 2|move: Stealth Rock
|move|p2a: Horus|U-turn|p1a: Great Tusk
|-resisted|p1a: Great Tusk
|-damage|p1a: Great Tusk|86/100
|
|t:|1685883538
|switch|p2a: The World|Sneasler, F, shiny|100/100|[from] U-turn
|-damage|p2a: The World|95/100|[from] Stealth Rock
|-item|p2a: The World|Air Balloon
|
|-heal|p1a: Great Tusk|93/100|[from] item: Leftovers
|upkeep
|turn|15
|
|t:|1685883550
|move|p2a: The World|Swords Dance|p2a: The World
|-boost|p2a: The World|atk|2
|move|p1a: Great Tusk|Rapid Spin|p2a: The World
|-damage|p2a: The World|69/100
|-boost|p1a: Great Tusk|spe|1
|-enditem|p2a: The World|Air Balloon
|
|-heal|p1a: Great Tusk|99/100|[from] item: Leftovers
|upkeep
|turn|16
|
|t:|1685883557
|-end|p1a: Great Tusk|Protosynthesis|[silent]
|switch|p1a: Dondozo|Dondozo, F|100/100
|move|p2a: The World|Acrobatics|p1a: Dondozo
|-damage|p1a: Dondozo|82/100
|
|-heal|p1a: Dondozo|88/100|[from] item: Leftovers
|upkeep
|turn|17
|
|t:|1685883565
|move|p2a: The World|Dire Claw|p1a: Dondozo
|-damage|p1a: Dondozo|67/100
|move|p1a: Dondozo|Wave Crash|p2a: The World
|-damage|p2a: The World|2/100
|-damage|p1a: Dondozo|53/100|[from] Recoil
|
|-heal|p1a: Dondozo|59/100|[from] item: Leftovers
|upkeep
|turn|18
|
|t:|1685883588
|move|p2a: The World|Dire Claw|p1a: Dondozo
|-damage|p1a: Dondozo|37/100
|move|p1a: Dondozo|Rest|p1a: Dondozo
|-status|p1a: Dondozo|slp|[from] move: Rest
|-heal|p1a: Dondozo|100/100 slp|[silent]
|
|upkeep
|turn|19
|
|t:|1685883601
|move|p2a: The World|Close Combat|p1a: Dondozo
|-damage|p1a: Dondozo|72/100 slp
|-unboost|p2a: The World|def|1
|-unboost|p2a: The World|spd|1
|cant|p1a: Dondozo|slp
|move|p1a: Dondozo|Sleep Talk|p1a: Dondozo
|move|p1a: Dondozo|Wave Crash|p2a: The World|[from]move: Sleep Talk
|-damage|p2a: The World|0 fnt
|faint|p2a: The World
|-damage|p1a: Dondozo|72/100 slp|[from] Recoil
|
|-heal|p1a: Dondozo|78/100 slp|[from] item: Leftovers
|upkeep
|l|☆Aeterna Act 2
|inactive|Aeterna Act 2 disconnected and has a minute to reconnect!
|player|p2|
|inactive|Aeterna Act 2 has 30 seconds to reconnect!
|j|☆Aeterna Act 2
|inactive|Aeterna Act 2 reconnected and has 110 seconds left.
|player|p2|Aeterna Act 2|guitarist
|
|t:|1685883641
|switch|p2a: Steel Ball Run|Electrode-Hisui, shiny|50/100
|-damage|p2a: Steel Ball Run|38/100|[from] Stealth Rock
|turn|20
|l|☆Aeterna Act 2
|inactive|Aeterna Act 2 disconnected and has a minute to reconnect!
|player|p2|
|inactive|restneeded has 120 seconds left.
|
|t:|1685883671
|switch|p1a: Cinderace|Cinderace, M|100/100
|move|p2a: Steel Ball Run|Chloroblast|p1a: Cinderace
|-resisted|p1a: Cinderace
|-damage|p1a: Cinderace|47/100
|-damage|p2a: Steel Ball Run|0 fnt|[from] chloroblast
|faint|p2a: Steel Ball Run
|
|upkeep
|j|☆Aeterna Act 2
|inactive|Aeterna Act 2 reconnected and has 100 seconds left.
|player|p2|Aeterna Act 2|guitarist
|
|t:|1685883694
|switch|p2a: Spice Girl|Toxapex, F, shiny|73/100
|-damage|p2a: Spice Girl|61/100|[from] Stealth Rock
|turn|21
|inactive|restneeded has 120 seconds left.
|inactive|Aeterna Act 2 has 90 seconds left.
|
|t:|1685883725
|switch|p2a: Horus|Corviknight, M|84/100
|-damage|p2a: Horus|71/100|[from] Stealth Rock
|-ability|p2a: Horus|Pressure
|move|p1a: Cinderace|U-turn|p2a: Horus
|-start|p1a: Cinderace|typechange|Bug|[from] ability: Libero
|-resisted|p2a: Horus
|-damage|p2a: Horus|68/100
|inactive|restneeded has 120 seconds left.
|
|t:|1685883737
|switch|p1a: Hydreigon|Hydreigon, F, tera:Steel|69/100|[from] U-turn
|
|-heal|p1a: Hydreigon|75/100|[from] item: Leftovers
|upkeep
|turn|22
|
|t:|1685883746
|move|p1a: Hydreigon|Substitute|p1a: Hydreigon
|-start|p1a: Hydreigon|Substitute
|-damage|p1a: Hydreigon|50/100
|move|p2a: Horus|Defog|p1a: Hydreigon
|-sideend|p2: Aeterna Act 2|Stealth Rock|[from] move: Defog|[of] p2a: Horus
|
|-heal|p1a: Hydreigon|57/100|[from] item: Leftovers
|upkeep
|turn|23
|inactive|restneeded has 120 seconds left.
|
|t:|1685883778
|move|p1a: Hydreigon|Dark Pulse|p2a: Horus
|-damage|p2a: Horus|29/100
|move|p2a: Horus|U-turn|p1a: Hydreigon
|-resisted|p1a: Hydreigon
|-activate|p1a: Hydreigon|move: Substitute|[damage]
|c|☆Aeterna Act 2|this is specially defensive corv trust
|inactive|Aeterna Act 2 has 90 seconds left.
|
|t:|1685883795
|switch|p2a: Love Bites|Ursaluna, M, shiny|56/100 brn|[from] U-turn
|
|-heal|p1a: Hydreigon|63/100|[from] item: Leftovers
|-damage|p2a: Love Bites|50/100 brn|[from] brn
|upkeep
|turn|24
|
|t:|1685883807
|move|p1a: Hydreigon|Dark Pulse|p2a: Love Bites
|-damage|p2a: Love Bites|14/100 brn
|cant|p2a: Love Bites|flinch
|
|-heal|p1a: Hydreigon|69/100|[from] item: Leftovers
|-damage|p2a: Love Bites|8/100 brn|[from] brn
|upkeep
|turn|25
|
|t:|1685883811
|move|p1a: Hydreigon|Dark Pulse|p2a: Love Bites
|-damage|p2a: Love Bites|0 fnt
|faint|p2a: Love Bites
|
|-heal|p1a: Hydreigon|75/100|[from] item: Leftovers
|upkeep
|
|t:|1685883814
|switch|p2a: Spice Girl|Toxapex, F, shiny|94/100
|turn|26
|
|t:|1685883823
|move|p1a: Hydreigon|Earth Power|p2a: Spice Girl
|-supereffective|p2a: Spice Girl
|-damage|p2a: Spice Girl|60/100
|move|p2a: Spice Girl|Infestation|p1a: Hydreigon
|-resisted|p1a: Hydreigon
|-activate|p1a: Hydreigon|move: Substitute|[damage]
|
|-heal|p1a: Hydreigon|81/100|[from] item: Leftovers
|upkeep
|turn|27
|
|t:|1685883827
|-terastallize|p2a: Spice Girl|Fairy
|move|p1a: Hydreigon|Earth Power|p2a: Spice Girl
|-damage|p2a: Spice Girl|42/100
|move|p2a: Spice Girl|Infestation|p1a: Hydreigon
|-resisted|p1a: Hydreigon
|-activate|p1a: Hydreigon|move: Substitute|[damage]
|
|-heal|p1a: Hydreigon|87/100|[from] item: Leftovers
|upkeep
|turn|28
|
|t:|1685883835
|switch|p2a: Horus|Corviknight, M|29/100
|-ability|p2a: Horus|Pressure
|move|p1a: Hydreigon|Flash Cannon|p2a: Horus
|-resisted|p2a: Horus
|-damage|p2a: Horus|9/100
|
|-heal|p1a: Hydreigon|93/100|[from] item: Leftovers
|upkeep
|turn|29
|
|t:|1685883839
|switch|p2a: Spice Girl|Toxapex, F, shiny, tera:Fairy|75/100
|move|p1a: Hydreigon|Dark Pulse|p2a: Spice Girl
|-resisted|p2a: Spice Girl
|-damage|p2a: Spice Girl|64/100
|
|-heal|p1a: Hydreigon|99/100|[from] item: Leftovers
|upkeep
|turn|30
|-message|Aeterna Act 2 forfeited.
|
|win|restneeded
|raw|restneeded's rating: 1053 → 1092(+39 for winning)
|raw|Aeterna Act 2's rating: 1126 → 1096(-30 for losing)
|l|☆Aeterna Act 2
|c|☆restneeded|/log restneeded made this room public.
