|j|☆illuzionist bald
|j|☆mophead4eyes
|t:|1685905969
|gametype|singles
|player|p1|illuzionist bald|oak-gen1|1556
|player|p2|mophead4eyes|swimmer-gen4dp|1650
|teamsize|p1|6
|teamsize|p2|6
|gen|9
|tier|[Gen 9] OU
|rated|
|rule|Sleep Clause Mod: Limit one foe put to sleep
|rule|Species Clause: Limit one of each Pokémon
|rule|OHKO Clause: OHKO moves are banned
|rule|Evasion Items Clause: Evasion items are banned
|rule|Evasion Moves Clause: Evasion moves are banned
|rule|Endless Battle Clause: Forcing endless battles is banned
|rule|HP Percentage Mod: HP is shown in percentages
|clearpoke
|poke|p1|Pelipper, F|
|poke|p1|Basculegion-F, F|
|poke|p1|Overqwil, F|
|poke|p1|Volcanion|
|poke|p1|Orthworm, F|
|poke|p1|Thundurus-Therian, M|
|poke|p2|Garganacl, M|
|poke|p2|Volcarona, F|
|poke|p2|Skeledirge, M|
|poke|p2|Landorus-Therian, M|
|poke|p2|Dragonite, M|
|poke|p2|Urshifu-*, F|
|teampreview
|inactive|Battle timer is ON: inactive players will automatically lose when time's up. (requested by mophead4eyes)
|
|t:|1685905991
|start
|switch|p1a: Pelipper|Pelipper, F|100/100
|switch|p2a: Garganacl|Garganacl, M|100/100
|-weather|RainDance|[from] ability: Drizzle|[of] p1a: Pelipper
|turn|1
|
|t:|1685906000
|-terastallize|p2a: Garganacl|Ghost
|move|p1a: Pelipper|Knock Off|p2a: Garganacl
|-supereffective|p2a: Garganacl
|-damage|p2a: Garganacl|87/100
|-enditem|p2a: Garganacl|Leftovers|[from] move: Knock Off|[of] p1a: Pelipper
|move|p2a: Garganacl|Salt Cure|p1a: Pelipper
|-supereffective|p1a: Pelipper
|-damage|p1a: Pelipper|79/100
|-start|p1a: Pelipper|Salt Cure
|
|-weather|RainDance|[upkeep]
|-damage|p1a: Pelipper|55/100|[from] Salt Cure
|upkeep
|turn|2
|
|t:|1685906009
|move|p1a: Pelipper|Roost|p1a: Pelipper
|-heal|p1a: Pelipper|100/100
|-singleturn|p1a: Pelipper|move: Roost
|move|p2a: Garganacl|Recover|p2a: Garganacl
|-heal|p2a: Garganacl|100/100
|
|-weather|RainDance|[upkeep]
|-damage|p1a: Pelipper|76/100|[from] Salt Cure
|upkeep
|turn|3
|
|t:|1685906011
|move|p1a: Pelipper|U-turn|p2a: Garganacl
|-resisted|p2a: Garganacl
|-damage|p2a: Garganacl|98/100
|
|t:|1685906013
|switch|p1a: Orthworm|Orthworm, F|100/100|[from] U-turn
|move|p2a: Garganacl|Stealth Rock|p1a: Orthworm
|-sidestart|p1: illuzionist bald|move: Stealth Rock
|
|-weather|RainDance|[upkeep]
|upkeep
|turn|4
|
|t:|1685906016
|move|p1a: Orthworm|Stealth Rock|p2a: Garganacl
|-sidestart|p2: mophead4eyes|move: Stealth Rock
|move|p2a: Garganacl|Salt Cure|p1a: Orthworm
|-resisted|p1a: Orthworm
|-damage|p1a: Orthworm|96/100
|-start|p1a: Orthworm|Salt Cure
|
|-weather|RainDance|[upkeep]
|-damage|p1a: Orthworm|71/100|[from] Salt Cure
|upkeep
|turn|5
|
|t:|1685906037
|move|p1a: Orthworm|Spikes|p2a: Garganacl
|-sidestart|p2: mophead4eyes|Spikes
|move|p2a: Garganacl|Salt Cure|p1a: Orthworm
|-resisted|p1a: Orthworm
|-damage|p1a: Orthworm|65/100
|
|-weather|RainDance|[upkeep]
|-damage|p1a: Orthworm|40/100|[from] Salt Cure
|upkeep
|-enditem|p1a: Orthworm|Sitrus Berry|[eat]
|-heal|p1a: Orthworm|65/100|[from] item: Sitrus Berry
|turn|6
|
|t:|1685906041
|move|p1a: Orthworm|Spikes|p2a: Garganacl
|-sidestart|p2: mophead4eyes|Spikes
|move|p2a: Garganacl|Salt Cure|p1a: Orthworm
|-resisted|p1a: Orthworm
|-damage|p1a: Orthworm|60/100
|
|-weather|RainDance|[upkeep]
|-damage|p1a: Orthworm|35/100|[from] Salt Cure
|upkeep
|turn|7
|
|t:|1685906048
|move|p1a: Orthworm|Spikes|p2a: Garganacl
|-sidestart|p2: mophead4eyes|Spikes
|move|p2a: Garganacl|Salt Cure|p1a: Orthworm
|-resisted|p1a: Orthworm
|-damage|p1a: Orthworm|30/100
|
|-weather|RainDance|[upkeep]
|-damage|p1a: Orthworm|5/100|[from] Salt Cure
|upkeep
|turn|8
|
|t:|1685906055
|move|p1a: Orthworm|Iron Head|p2a: Garganacl
|-damage|p2a: Garganacl|87/100
|move|p2a: Garganacl|Salt Cure|p1a: Orthworm
|-resisted|p1a: Orthworm
|-damage|p1a: Orthworm|1/100
|
|-weather|none
|-damage|p1a: Orthworm|0 fnt|[from] Salt Cure
|faint|p1a: Orthworm
|upkeep
|
|t:|1685906061
|switch|p1a: Pelipper|Pelipper, F|76/100
|-damage|p1a: Pelipper|51/100|[from] Stealth Rock
|-weather|RainDance|[from] ability: Drizzle|[of] p1a: Pelipper
|turn|9
|
|t:|1685906068
|move|p1a: Pelipper|Roost|p1a: Pelipper
|-heal|p1a: Pelipper|100/100
|-singleturn|p1a: Pelipper|move: Roost
|move|p2a: Garganacl|Salt Cure|p1a: Pelipper
|-damage|p1a: Pelipper|90/100
|-start|p1a: Pelipper|Salt Cure
|
|-weather|RainDance|[upkeep]
|-damage|p1a: Pelipper|65/100|[from] Salt Cure
|upkeep
|turn|10
|
|t:|1685906076
|move|p1a: Pelipper|U-turn|p2a: Garganacl
|-resisted|p2a: Garganacl
|-damage|p2a: Garganacl|85/100
|
|t:|1685906085
|switch|p1a: Volcanion|Volcanion|100/100|[from] U-turn
|move|p2a: Garganacl|Salt Cure|p1a: Volcanion
|-supereffective|p1a: Volcanion
|-damage|p1a: Volcanion|74/100
|-start|p1a: Volcanion|Salt Cure
|
|-weather|RainDance|[upkeep]
|-damage|p1a: Volcanion|49/100|[from] Salt Cure
|upkeep
|turn|11
|
|t:|1685906090
|move|p2a: Garganacl|Protect|p2a: Garganacl
|-singleturn|p2a: Garganacl|Protect
|move|p1a: Volcanion|Steam Eruption|p2a: Garganacl
|-activate|p2a: Garganacl|move: Protect
|
|-weather|RainDance|[upkeep]
|-damage|p1a: Volcanion|24/100|[from] Salt Cure
|upkeep
|turn|12
|
|t:|1685906105
|switch|p2a: Volcarona|Volcarona, F|100/100
|move|p1a: Volcanion|Steam Eruption|p2a: Volcarona
|-supereffective|p2a: Volcarona
|-crit|p2a: Volcarona
|-damage|p2a: Volcarona|0 fnt
|faint|p2a: Volcarona
|
|-weather|RainDance|[upkeep]
|-damage|p1a: Volcanion|0 fnt|[from] Salt Cure
|faint|p1a: Volcanion
|upkeep
|
|t:|1685906119
|switch|p2a: Urshifu|Urshifu-Rapid-Strike, F|100/100
|switch|p1a: Basculegion|Basculegion-F, F|100/100
|-damage|p1a: Basculegion|88/100|[from] Stealth Rock
|-damage|p2a: Urshifu|94/100|[from] Stealth Rock
|-damage|p2a: Urshifu|69/100|[from] Spikes
|turn|13
|
|t:|1685906131
|move|p1a: Basculegion|Surf|p2a: Urshifu
|-resisted|p2a: Urshifu
|-crit|p2a: Urshifu
|-damage|p2a: Urshifu|0 fnt
|faint|p2a: Urshifu
|
|-weather|RainDance|[upkeep]
|upkeep
|
|t:|1685906139
|switch|p2a: Dragonite|Dragonite, M|100/100
|turn|14
|
|t:|1685906142
|move|p1a: Basculegion|Surf|p2a: Dragonite
|-resisted|p2a: Dragonite
|-damage|p2a: Dragonite|76/100
|move|p2a: Dragonite|Dragon Dance|p2a: Dragonite
|-boost|p2a: Dragonite|atk|1
|-boost|p2a: Dragonite|spe|1
|
|-weather|RainDance|[upkeep]
|upkeep
|turn|15
|
|t:|1685906147
|move|p1a: Basculegion|Surf|p2a: Dragonite
|-resisted|p2a: Dragonite
|-damage|p2a: Dragonite|33/100
|move|p2a: Dragonite|Roost|p2a: Dragonite
|-heal|p2a: Dragonite|83/100
|-singleturn|p2a: Dragonite|move: Roost
|
|-weather|RainDance|[upkeep]
|upkeep
|turn|16
|
|t:|1685906154
|move|p1a: Basculegion|Surf|p2a: Dragonite
|-resisted|p2a: Dragonite
|-damage|p2a: Dragonite|36/100
|move|p2a: Dragonite|Dragon Dance|p2a: Dragonite
|-boost|p2a: Dragonite|atk|1
|-boost|p2a: Dragonite|spe|1
|
|-weather|none
|upkeep
|turn|17
|
|t:|1685906158
|switch|p1a: Pelipper|Pelipper, F|65/100
|-damage|p1a: Pelipper|40/100|[from] Stealth Rock
|-weather|RainDance|[from] ability: Drizzle|[of] p1a: Pelipper
|move|p2a: Dragonite|Roost|p2a: Dragonite
|-heal|p2a: Dragonite|86/100
|-singleturn|p2a: Dragonite|move: Roost
|
|-weather|RainDance|[upkeep]
|upkeep
|turn|18
|
|t:|1685906161
|move|p2a: Dragonite|Dragon Dance|p2a: Dragonite
|-boost|p2a: Dragonite|atk|1
|-boost|p2a: Dragonite|spe|1
|move|p1a: Pelipper|Hurricane|p2a: Dragonite
|-damage|p2a: Dragonite|47/100
|-start|p2a: Dragonite|confusion
|
|-weather|RainDance|[upkeep]
|upkeep
|turn|19
|
|t:|1685906164
|-activate|p2a: Dragonite|confusion
|move|p2a: Dragonite|Extreme Speed|p1a: Pelipper
|-damage|p1a: Pelipper|0 fnt
|faint|p1a: Pelipper
|
|-weather|RainDance|[upkeep]
|upkeep
|
|t:|1685906167
|switch|p1a: Basculegion|Basculegion-F, F|88/100
|-damage|p1a: Basculegion|76/100|[from] Stealth Rock
|turn|20
|
|t:|1685906169
|-end|p2a: Dragonite|confusion
|move|p2a: Dragonite|Earthquake|p1a: Basculegion
|-damage|p1a: Basculegion|0 fnt
|faint|p1a: Basculegion
|
|-weather|RainDance|[upkeep]
|upkeep
|-message|illuzionist bald forfeited.
|
|win|mophead4eyes
|raw|illuzionist bald's rating: 1556 → 1541(-15 for losing)
|raw|mophead4eyes's rating: 1650 → 1665(+15 for winning)
|l|☆illuzionist bald
