|j|☆Koreks
|j|☆The crimson wooper
|t:|1685908591
|gametype|singles
|player|p1|Koreks|2|1473
|player|p2|The crimson wooper|2|1541
|teamsize|p1|6
|teamsize|p2|6
|gen|9
|tier|[Gen 9] OU
|rated|
|rule|Sleep Clause Mod: Limit one foe put to sleep
|rule|Species Clause: Limit one of each Pokémon
|rule|OHKO Clause: OHKO moves are banned
|rule|Evasion Items Clause: Evasion items are banned
|rule|Evasion Moves Clause: Evasion moves are banned
|rule|Endless Battle Clause: Forcing endless battles is banned
|rule|HP Percentage Mod: HP is shown in percentages
|clearpoke
|poke|p1|Avalugg-Hisui, M|
|poke|p1|Sneasler, F|
|poke|p1|Landorus-Therian, M|
|poke|p1|Dragonite, F|
|poke|p1|Hoopa-Unbound|
|poke|p1|Gholdengo|
|poke|p2|Azelf|
|poke|p2|Moltres-Galar|
|poke|p2|Urshifu-*, F|
|poke|p2|Magearna|
|poke|p2|Roaring Moon|
|poke|p2|Kingambit, M|
|teampreview
|inactive|Battle timer is ON: inactive players will automatically lose when time's up. (requested by The crimson wooper)
|
|t:|1685908597
|start
|switch|p1a: Landorus|Landorus-Therian, M|100/100
|switch|p2a: Azelf|Azelf, shiny|100/100
|-ability|p1a: Landorus|Intimidate|boost
|-unboost|p2a: Azelf|atk|1
|turn|1
|
|t:|1685908605
|move|p2a: Azelf|Taunt|p1a: Landorus
|-start|p1a: Landorus|move: Taunt
|cant|p1a: Landorus|move: Taunt|Taunt
|
|upkeep
|turn|2
|
|t:|1685908611
|move|p2a: Azelf|Stealth Rock|p1a: Landorus
|-sidestart|p1: Koreks|move: Stealth Rock
|move|p1a: Landorus|U-turn|p2a: Azelf
|-supereffective|p2a: Azelf
|-damage|p2a: Azelf|46/100
|
|t:|1685908617
|switch|p1a: Avalugg|Avalugg-Hisui, M|100/100|[from] U-turn
|
|upkeep
|turn|3
|
|t:|1685908622
|move|p2a: Azelf|Reflect|p2a: Azelf
|-sidestart|p2: The crimson wooper|Reflect
|move|p1a: Avalugg|Rapid Spin|p2a: Azelf
|-damage|p2a: Azelf|38/100
|-boost|p1a: Avalugg|spe|1
|-sideend|p1: Koreks|Stealth Rock|[from] move: Rapid Spin|[of] p1a: Avalugg
|
|upkeep
|turn|4
|
|t:|1685908626
|move|p2a: Azelf|Light Screen|p2a: Azelf
|-sidestart|p2: The crimson wooper|move: Light Screen
|move|p1a: Avalugg|Stealth Rock|p2a: Azelf
|-sidestart|p2: The crimson wooper|move: Stealth Rock
|
|upkeep
|turn|5
|
|t:|1685908631
|move|p2a: Azelf|Stealth Rock|p1a: Avalugg
|-sidestart|p1: Koreks|move: Stealth Rock
|move|p1a: Avalugg|Rapid Spin|p2a: Azelf
|-damage|p2a: Azelf|29/100
|-boost|p1a: Avalugg|spe|1
|-sideend|p1: Koreks|Stealth Rock|[from] move: Rapid Spin|[of] p1a: Avalugg
|
|upkeep
|turn|6
|
|t:|1685908635
|switch|p2a: Magearna|Magearna|100/100
|-damage|p2a: Magearna|94/100|[from] Stealth Rock
|move|p1a: Avalugg|Rapid Spin|p2a: Magearna
|-resisted|p2a: Magearna
|-damage|p2a: Magearna|93/100
|-boost|p1a: Avalugg|spe|1
|
|-heal|p2a: Magearna|99/100|[from] item: Leftovers
|upkeep
|turn|7
|
|t:|1685908646
|switch|p1a: Landorus|Landorus-Therian, M|100/100
|-ability|p1a: Landorus|Intimidate|boost
|-unboost|p2a: Magearna|atk|1
|move|p2a: Magearna|Shift Gear|p2a: Magearna
|-boost|p2a: Magearna|spe|2
|-boost|p2a: Magearna|atk|1
|
|-heal|p2a: Magearna|100/100|[from] item: Leftovers
|upkeep
|turn|8
|
|t:|1685908656
|-terastallize|p2a: Magearna|Water
|move|p2a: Magearna|Calm Mind|p2a: Magearna
|-boost|p2a: Magearna|spa|1
|-boost|p2a: Magearna|spd|1
|move|p1a: Landorus|Taunt|p2a: Magearna
|-start|p2a: Magearna|move: Taunt
|
|upkeep
|turn|9
|
|t:|1685908664
|move|p2a: Magearna|Stored Power|p1a: Landorus
|-damage|p1a: Landorus|70/100
|move|p1a: Landorus|Earthquake|p2a: Magearna
|-damage|p2a: Magearna|86/100
|
|-heal|p2a: Magearna|92/100|[from] item: Leftovers
|-heal|p1a: Landorus|76/100|[from] item: Leftovers
|upkeep
|turn|10
|
|t:|1685908672
|move|p2a: Magearna|Stored Power|p1a: Landorus
|-damage|p1a: Landorus|44/100
|move|p1a: Landorus|Earthquake|p2a: Magearna
|-damage|p2a: Magearna|76/100
|
|-heal|p2a: Magearna|82/100|[from] item: Leftovers
|-heal|p1a: Landorus|50/100|[from] item: Leftovers
|-sideend|p2: The crimson wooper|Reflect
|upkeep
|turn|11
|
|t:|1685908678
|move|p2a: Magearna|Draining Kiss|p1a: Landorus
|-damage|p1a: Landorus|25/100
|-heal|p2a: Magearna|100/100|[from] drain|[of] p1a: Landorus
|move|p1a: Landorus|Earthquake|p2a: Magearna
|-damage|p2a: Magearna|70/100
|
|-heal|p2a: Magearna|77/100|[from] item: Leftovers
|-heal|p1a: Landorus|31/100|[from] item: Leftovers
|-end|p2a: Magearna|move: Taunt
|-sideend|p2: The crimson wooper|move: Light Screen
|upkeep
|turn|12
|
|t:|1685908684
|move|p2a: Magearna|Stored Power|p1a: Landorus
|-damage|p1a: Landorus|0 fnt
|faint|p1a: Landorus
|-ability|p2a: Magearna|Soul-Heart|boost
|-boost|p2a: Magearna|spa|1
|
|-heal|p2a: Magearna|83/100|[from] item: Leftovers
|upkeep
|
|t:|1685908699
|switch|p1a: Dragonite|Dragonite, F|100/100
|turn|13
|
|t:|1685908709
|move|p2a: Magearna|Draining Kiss|p1a: Dragonite
|-supereffective|p1a: Dragonite
|-damage|p1a: Dragonite|58/100
|-heal|p2a: Magearna|100/100|[from] drain|[of] p1a: Dragonite
|move|p1a: Dragonite|Dragon Dance|p1a: Dragonite
|-boost|p1a: Dragonite|atk|1
|-boost|p1a: Dragonite|spe|1
|
|upkeep
|turn|14
|
|t:|1685908715
|-terastallize|p1a: Dragonite|Normal
|move|p1a: Dragonite|Thunder Punch|p2a: Magearna
|-supereffective|p2a: Magearna
|-damage|p2a: Magearna|51/100
|move|p2a: Magearna|Draining Kiss|p1a: Dragonite
|-damage|p1a: Dragonite|12/100
|-heal|p2a: Magearna|81/100|[from] drain|[of] p1a: Dragonite
|
|-heal|p2a: Magearna|87/100|[from] item: Leftovers
|upkeep
|turn|15
|
|t:|1685908726
|move|p1a: Dragonite|Thunder Punch|p2a: Magearna
|-supereffective|p2a: Magearna
|-damage|p2a: Magearna|37/100
|move|p2a: Magearna|Draining Kiss|p1a: Dragonite
|-damage|p1a: Dragonite|0 fnt
|-heal|p2a: Magearna|45/100|[from] drain|[of] p1a: Dragonite
|faint|p1a: Dragonite
|-ability|p2a: Magearna|Soul-Heart|boost
|-boost|p2a: Magearna|spa|1
|
|-heal|p2a: Magearna|51/100|[from] item: Leftovers
|upkeep
|
|t:|1685908732
|switch|p1a: Sneasler|Sneasler, F|100/100
|-item|p1a: Sneasler|Air Balloon
|turn|16
|
|t:|1685908745
|move|p1a: Sneasler|Close Combat|p2a: Magearna
|-damage|p2a: Magearna|5/100
|-unboost|p1a: Sneasler|def|1
|-unboost|p1a: Sneasler|spd|1
|move|p2a: Magearna|Draining Kiss|p1a: Sneasler
|-crit|p1a: Sneasler
|-damage|p1a: Sneasler|0 fnt
|-heal|p2a: Magearna|67/100|[from] drain|[of] p1a: Sneasler
|-enditem|p1a: Sneasler|Air Balloon
|faint|p1a: Sneasler
|-ability|p2a: Magearna|Soul-Heart|boost
|-boost|p2a: Magearna|spa|1
|
|-heal|p2a: Magearna|74/100|[from] item: Leftovers
|upkeep
|
|t:|1685908757
|switch|p1a: Avalugg|Avalugg-Hisui, M|100/100
|turn|17
|
|t:|1685908762
|move|p2a: Magearna|Draining Kiss|p1a: Avalugg
|-ability|p1a: Avalugg|Sturdy
|-damage|p1a: Avalugg|1/100
|-heal|p2a: Magearna|100/100|[from] drain|[of] p1a: Avalugg
|move|p1a: Avalugg|Body Press|p2a: Magearna
|-damage|p2a: Magearna|76/100
|
|-heal|p2a: Magearna|82/100|[from] item: Leftovers
|upkeep
|turn|18
|
|t:|1685908771
|move|p2a: Magearna|Shift Gear|p2a: Magearna
|-boost|p2a: Magearna|spe|2
|-boost|p2a: Magearna|atk|1
|move|p1a: Avalugg|Chilling Water|p2a: Magearna
|-resisted|p2a: Magearna
|-damage|p2a: Magearna|81/100
|-unboost|p2a: Magearna|atk|1
|
|-heal|p2a: Magearna|87/100|[from] item: Leftovers
|upkeep
|turn|19
|
|t:|1685908780
|move|p2a: Magearna|Calm Mind|p2a: Magearna
|-boost|p2a: Magearna|spa|1
|-boost|p2a: Magearna|spd|1
|move|p1a: Avalugg|Chilling Water|p2a: Magearna
|-resisted|p2a: Magearna
|-damage|p2a: Magearna|86/100
|-unboost|p2a: Magearna|atk|1
|
|-heal|p2a: Magearna|92/100|[from] item: Leftovers
|upkeep
|turn|20
|
|t:|1685908791
|switch|p1a: Gholdengo|Gholdengo|100/100
|move|p2a: Magearna|Calm Mind|p2a: Magearna
|-boost|p2a: Magearna|spa|1
|-boost|p2a: Magearna|spd|1
|
|-heal|p2a: Magearna|98/100|[from] item: Leftovers
|upkeep
|turn|21
|
|t:|1685908797
|move|p2a: Magearna|Stored Power|p1a: Gholdengo
|-resisted|p1a: Gholdengo
|-damage|p1a: Gholdengo|0 fnt
|faint|p1a: Gholdengo
|
|-heal|p2a: Magearna|100/100|[from] item: Leftovers
|upkeep
|
|t:|1685908801
|switch|p1a: Hoopa|Hoopa-Unbound|100/100
|turn|22
|
|t:|1685908805
|move|p2a: Magearna|Draining Kiss|p1a: Hoopa
|-supereffective|p1a: Hoopa
|-damage|p1a: Hoopa|0 fnt
|faint|p1a: Hoopa
|
|upkeep
|
|t:|1685908808
|switch|p1a: Avalugg|Avalugg-Hisui, M|1/100
|turn|23
|
|t:|1685908811
|move|p2a: Magearna|Calm Mind|p2a: Magearna
|-boost|p2a: Magearna|spa|0
|-boost|p2a: Magearna|spd|1
|move|p1a: Avalugg|Chilling Water|p2a: Magearna
|-resisted|p2a: Magearna
|-damage|p2a: Magearna|99/100
|-unboost|p2a: Magearna|atk|1
|
|-heal|p2a: Magearna|100/100|[from] item: Leftovers
|upkeep
|turn|24
|
|t:|1685908816
|move|p2a: Magearna|Calm Mind|p2a: Magearna
|-boost|p2a: Magearna|spa|0
|-boost|p2a: Magearna|spd|1
|move|p1a: Avalugg|Chilling Water|p2a: Magearna
|-resisted|p2a: Magearna
|-damage|p2a: Magearna|99/100
|-unboost|p2a: Magearna|atk|1
|
|-heal|p2a: Magearna|100/100|[from] item: Leftovers
|upkeep
|turn|25
|
|t:|1685908818
|move|p2a: Magearna|Calm Mind|p2a: Magearna
|-boost|p2a: Magearna|spa|0
|-boost|p2a: Magearna|spd|1
|move|p1a: Avalugg|Chilling Water|p2a: Magearna
|-resisted|p2a: Magearna
|-damage|p2a: Magearna|99/100
|-unboost|p2a: Magearna|atk|1
|
|-heal|p2a: Magearna|100/100|[from] item: Leftovers
|upkeep
|turn|26
|
|t:|1685908823
|move|p2a: Magearna|Calm Mind|p2a: Magearna
|-boost|p2a: Magearna|spa|0
|-boost|p2a: Magearna|spd|0
|move|p1a: Avalugg|Chilling Water|p2a: Magearna
|-resisted|p2a: Magearna
|-damage|p2a: Magearna|99/100
|-unboost|p2a: Magearna|atk|1
|
|-heal|p2a: Magearna|100/100|[from] item: Leftovers
|upkeep
|turn|27
|c|☆Koreks|really
|inactive|Koreks has 120 seconds left.
|c|☆The crimson wooper|The x button is right there if you wanna complain :)
|inactive|Koreks has 90 seconds left.
|c|☆Koreks|lol
|c|☆Koreks|thanks
|c|☆Koreks|but nah
|
|t:|1685908902
|move|p2a: Magearna|Shift Gear|p2a: Magearna
|-boost|p2a: Magearna|spe|2
|-boost|p2a: Magearna|atk|1
|move|p1a: Avalugg|Stealth Rock||[still]
|-fail|p1a: Avalugg
|
|upkeep
|turn|28
|
|t:|1685908908
|move|p2a: Magearna|Calm Mind|p2a: Magearna
|-boost|p2a: Magearna|spa|0
|-boost|p2a: Magearna|spd|0
|move|p1a: Avalugg|Stealth Rock||[still]
|-fail|p1a: Avalugg
|
|upkeep
|turn|29
|inactive|Koreks has 90 seconds left.
|
|t:|1685908919
|move|p2a: Magearna|Calm Mind|p2a: Magearna
|-boost|p2a: Magearna|spa|0
|-boost|p2a: Magearna|spd|0
|move|p1a: Avalugg|Rapid Spin|p2a: Magearna
|-damage|p2a: Magearna|93/100
|-boost|p1a: Avalugg|spe|1
|
|-heal|p2a: Magearna|99/100|[from] item: Leftovers
|upkeep
|turn|30
|inactive|Koreks has 90 seconds left.
|
|t:|1685908943
|move|p2a: Magearna|Shift Gear|p2a: Magearna
|-boost|p2a: Magearna|spe|0
|-boost|p2a: Magearna|atk|1
|move|p1a: Avalugg|Chilling Water|p2a: Magearna
|-resisted|p2a: Magearna
|-damage|p2a: Magearna|98/100
|-unboost|p2a: Magearna|atk|1
|
|-heal|p2a: Magearna|100/100|[from] item: Leftovers
|upkeep
|turn|31
|inactive|Koreks has 60 seconds left.
|inactive|Koreks has 30 seconds left.
|
|t:|1685909011
|move|p2a: Magearna|Calm Mind|p2a: Magearna
|-boost|p2a: Magearna|spa|0
|-boost|p2a: Magearna|spd|0
|move|p1a: Avalugg|Stealth Rock||[still]
|-fail|p1a: Avalugg
|
|upkeep
|turn|32
|
|t:|1685909016
|switch|p2a: Urshifu|Urshifu-Rapid-Strike, F|100/100
|-damage|p2a: Urshifu|94/100|[from] Stealth Rock
|move|p1a: Avalugg|Chilling Water|p2a: Urshifu
|-resisted|p2a: Urshifu
|-damage|p2a: Urshifu|91/100
|-unboost|p2a: Urshifu|atk|1
|
|-heal|p2a: Urshifu|97/100|[from] item: Leftovers
|upkeep
|turn|33
|
|t:|1685909025
|move|p2a: Urshifu|Swords Dance|p2a: Urshifu
|-boost|p2a: Urshifu|atk|2
|move|p1a: Avalugg|Body Press|p2a: Urshifu
|-crit|p2a: Urshifu
|-damage|p2a: Urshifu|35/100
|
|-heal|p2a: Urshifu|42/100|[from] item: Leftovers
|upkeep
|turn|34
|
|t:|1685909030
|switch|p2a: Magearna|Magearna, tera:Water|100/100
|-damage|p2a: Magearna|88/100|[from] Stealth Rock
|move|p1a: Avalugg|Body Press|p2a: Magearna
|-damage|p2a: Magearna|64/100
|
|-heal|p2a: Magearna|70/100|[from] item: Leftovers
|upkeep
|turn|35
|
|t:|1685909036
|move|p1a: Avalugg|Body Press|p2a: Magearna
|-damage|p2a: Magearna|45/100
|move|p2a: Magearna|Draining Kiss|p1a: Avalugg
|-damage|p1a: Avalugg|0 fnt
|-heal|p2a: Magearna|45/100|[from] drain|[of] p1a: Avalugg
|faint|p1a: Avalugg
|
|win|The crimson wooper
|raw|Koreks's rating: 1473 → 1457(-16 for losing)
|raw|The crimson wooper's rating: 1541 → 1557(+16 for winning)
|c|☆Koreks|gg
|c|☆The crimson wooper|Gg
