|j|☆kasshiliwa
|j|☆SoftBrilliant
|t:|1685914485
|gametype|singles
|player|p1|kasshiliwa|erika|1095
|player|p2|SoftBrilliant|101|1115
|teamsize|p1|6
|teamsize|p2|6
|gen|9
|tier|[Gen 9] OU
|rated|
|rule|Sleep Clause Mod: Limit one foe put to sleep
|rule|Species Clause: Limit one of each Pokémon
|rule|OHKO Clause: OHKO moves are banned
|rule|Evasion Items Clause: Evasion items are banned
|rule|Evasion Moves Clause: Evasion moves are banned
|rule|Endless Battle Clause: Forcing endless battles is banned
|rule|HP Percentage Mod: HP is shown in percentages
|clearpoke
|poke|p1|Lilligant-Hisui, F|
|poke|p1|Zapdos|
|poke|p1|Chien-Pao|
|poke|p1|Slowking-Galar, F|
|poke|p1|Skeledirge, F|
|poke|p1|Great Tusk|
|poke|p2|Ursaluna, F|
|poke|p2|Cresselia, F|
|poke|p2|Zamazenta-*|
|poke|p2|Clodsire, M|
|poke|p2|Azumarill, F|
|poke|p2|Corviknight, M|
|teampreview
|inactive|Battle timer is ON: inactive players will automatically lose when time's up. (requested by kasshiliwa)
|
|t:|1685914507
|start
|switch|p1a: Zapdos|Zapdos|100/100
|switch|p2a: Zamazenta|Zamazenta|100/100
|-ability|p2a: Zamazenta|Dauntless Shield|boost
|-boost|p2a: Zamazenta|def|1
|turn|1
|c|☆kasshiliwa|glhf
|
|t:|1685914530
|switch|p2a: Corviknight|Corviknight, M|100/100
|-ability|p2a: Corviknight|Pressure
|move|p1a: Zapdos|Hurricane|p2a: Corviknight|[miss]
|-miss|p1a: Zapdos|p2a: Corviknight
|
|upkeep
|turn|2
|
|t:|1685914538
|move|p1a: Zapdos|Thunderbolt|p2a: Corviknight
|-supereffective|p2a: Corviknight
|-damage|p2a: Corviknight|10/100
|move|p2a: Corviknight|U-turn|p1a: Zapdos
|-resisted|p1a: Zapdos
|-damage|p1a: Zapdos|94/100
|
|t:|1685914544
|switch|p2a: Ursaluna|Ursaluna, F|100/100|[from] U-turn
|
|-status|p2a: Ursaluna|brn|[from] item: Flame Orb
|upkeep
|turn|3
|
|t:|1685914562
|move|p1a: Zapdos|U-turn|p2a: Ursaluna
|-damage|p2a: Ursaluna|91/100 brn
|
|t:|1685914573
|switch|p1a: Great Tusk|Great Tusk|100/100|[from] U-turn
|move|p2a: Ursaluna|Facade|p1a: Great Tusk
|-damage|p1a: Great Tusk|22/100
|
|-damage|p2a: Ursaluna|85/100 brn|[from] brn
|upkeep
|turn|4
|
|t:|1685914592
|move|p1a: Great Tusk|Knock Off|p2a: Ursaluna
|-damage|p2a: Ursaluna|60/100 brn
|-enditem|p2a: Ursaluna|Flame Orb|[from] move: Knock Off|[of] p1a: Great Tusk
|move|p2a: Ursaluna|Earthquake|p1a: Great Tusk
|-damage|p1a: Great Tusk|0 fnt
|faint|p1a: Great Tusk
|-end|p1a: Great Tusk|Protosynthesis|[silent]
|
|-damage|p2a: Ursaluna|54/100 brn|[from] brn
|upkeep
|
|t:|1685914600
|switch|p1a: Chien-Pao|Chien-Pao|100/100
|-ability|p1a: Chien-Pao|Sword of Ruin
|turn|5
|
|t:|1685914615
|switch|p2a: Zamazenta|Zamazenta|100/100
|move|p1a: Chien-Pao|Ice Spinner|p2a: Zamazenta
|-damage|p2a: Zamazenta|62/100
|
|upkeep
|turn|6
|
|t:|1685914632
|switch|p1a: Zapdos|Zapdos|94/100
|move|p2a: Zamazenta|Body Press|p1a: Zapdos
|-resisted|p1a: Zapdos
|-damage|p1a: Zapdos|63/100
|
|upkeep
|turn|7
|
|t:|1685914640
|switch|p2a: Clodsire|Clodsire, M|100/100
|move|p1a: Zapdos|U-turn|p2a: Clodsire
|-resisted|p2a: Clodsire
|-damage|p2a: Clodsire|93/100
|
|t:|1685914654
|switch|p1a: Chien-Pao|Chien-Pao|100/100|[from] U-turn
|-ability|p1a: Chien-Pao|Sword of Ruin
|
|-heal|p2a: Clodsire|99/100|[from] item: Leftovers
|upkeep
|turn|8
|
|t:|1685914679
|-terastallize|p2a: Clodsire|Water
|move|p1a: Chien-Pao|Ice Spinner|p2a: Clodsire
|-resisted|p2a: Clodsire
|-damage|p2a: Clodsire|71/100
|move|p2a: Clodsire|Toxic|p1a: Chien-Pao
|-status|p1a: Chien-Pao|tox
|
|-heal|p2a: Clodsire|77/100|[from] item: Leftovers
|-damage|p1a: Chien-Pao|95/100 tox|[from] psn
|upkeep
|turn|9
|
|t:|1685914708
|switch|p1a: Slowking|Slowking-Galar, F|100/100
|move|p2a: Clodsire|Recover|p2a: Clodsire
|-heal|p2a: Clodsire|100/100
|
|upkeep
|turn|10
|
|t:|1685914720
|move|p1a: Slowking|Chilly Reception|p1a: Slowking
|-weather|Snow
|
|t:|1685914730
|switch|p1a: Zapdos|Zapdos|63/100|[from] Chilly Reception
|move|p2a: Clodsire|Stealth Rock|p1a: Zapdos
|-sidestart|p1: kasshiliwa|move: Stealth Rock
|
|-weather|Snow|[upkeep]
|upkeep
|turn|11
|
|t:|1685914741
|move|p1a: Zapdos|U-turn|p2a: Clodsire
|-damage|p2a: Clodsire|86/100
|
|t:|1685914744
|switch|p1a: Lilligant|Lilligant-Hisui, F|100/100|[from] U-turn
|-damage|p1a: Lilligant|94/100|[from] Stealth Rock
|move|p2a: Clodsire|Toxic|p1a: Lilligant
|-status|p1a: Lilligant|tox
|
|-weather|Snow|[upkeep]
|-heal|p2a: Clodsire|93/100|[from] item: Leftovers
|-damage|p1a: Lilligant|88/100 tox|[from] psn
|upkeep
|turn|12
|
|t:|1685914757
|switch|p2a: Cresselia|Cresselia, F|100/100
|move|p1a: Lilligant|Leaf Blade|p2a: Cresselia
|-damage|p2a: Cresselia|61/100
|-damage|p1a: Lilligant|78/100 tox|[from] item: Life Orb
|
|-weather|Snow|[upkeep]
|-damage|p1a: Lilligant|66/100 tox|[from] psn
|upkeep
|turn|13
|
|t:|1685914774
|switch|p1a: Skeledirge|Skeledirge, F|100/100
|-damage|p1a: Skeledirge|75/100|[from] Stealth Rock
|move|p2a: Cresselia|Moonlight|p2a: Cresselia
|-heal|p2a: Cresselia|86/100
|
|-weather|Snow|[upkeep]
|-heal|p1a: Skeledirge|82/100|[from] item: Leftovers
|upkeep
|turn|14
|
|t:|1685914787
|move|p1a: Skeledirge|Torch Song|p2a: Cresselia
|-damage|p2a: Cresselia|70/100
|-boost|p1a: Skeledirge|spa|1
|move|p2a: Cresselia|Trick Room|p2a: Cresselia
|-fieldstart|move: Trick Room|[of] p2a: Cresselia
|
|-weather|none
|-heal|p1a: Skeledirge|88/100|[from] item: Leftovers
|upkeep
|turn|15
|
|t:|1685914795
|switch|p2a: Ursaluna|Ursaluna, F|54/100 brn
|move|p1a: Skeledirge|Torch Song|p2a: Ursaluna
|-damage|p2a: Ursaluna|15/100 brn
|-boost|p1a: Skeledirge|spa|1
|
|-heal|p1a: Skeledirge|94/100|[from] item: Leftovers
|-damage|p2a: Ursaluna|9/100 brn|[from] brn
|upkeep
|turn|16
|
|t:|1685914805
|move|p1a: Skeledirge|Protect|p1a: Skeledirge
|-singleturn|p1a: Skeledirge|Protect
|move|p2a: Ursaluna|Earthquake|p1a: Skeledirge
|-activate|p1a: Skeledirge|move: Protect
|
|-heal|p1a: Skeledirge|99/100|[from] item: Leftovers
|-damage|p2a: Ursaluna|3/100 brn|[from] brn
|upkeep
|turn|17
|
|t:|1685914818
|switch|p1a: Zapdos|Zapdos|63/100
|move|p2a: Ursaluna|Earthquake|p1a: Zapdos
|-immune|p1a: Zapdos
|
|-damage|p2a: Ursaluna|0 fnt|[from] brn
|faint|p2a: Ursaluna
|upkeep
|
|t:|1685914831
|switch|p2a: Cresselia|Cresselia, F|70/100
|turn|18
|
|t:|1685914839
|move|p2a: Cresselia|Psychic|p1a: Zapdos
|-damage|p1a: Zapdos|39/100
|move|p1a: Zapdos|Roost|p1a: Zapdos
|-heal|p1a: Zapdos|89/100
|-singleturn|p1a: Zapdos|move: Roost
|
|-fieldend|move: Trick Room
|upkeep
|turn|19
|
|t:|1685914846
|switch|p2a: Clodsire|Clodsire, M, tera:Water|93/100
|move|p1a: Zapdos|U-turn|p2a: Clodsire
|-damage|p2a: Clodsire|77/100
|
|t:|1685914852
|switch|p1a: Lilligant|Lilligant-Hisui, F|66/100 tox|[from] U-turn
|-damage|p1a: Lilligant|60/100 tox|[from] Stealth Rock
|
|-heal|p2a: Clodsire|83/100|[from] item: Leftovers
|-damage|p1a: Lilligant|54/100 tox|[from] psn
|upkeep
|turn|20
|
|t:|1685914863
|switch|p2a: Cresselia|Cresselia, F|70/100
|move|p1a: Lilligant|Leaf Blade|p2a: Cresselia
|-damage|p2a: Cresselia|32/100
|-damage|p1a: Lilligant|44/100 tox|[from] item: Life Orb
|
|-damage|p1a: Lilligant|32/100 tox|[from] psn
|upkeep
|turn|21
|
|t:|1685914875
|switch|p2a: Corviknight|Corviknight, M|10/100
|-ability|p2a: Corviknight|Pressure
|move|p1a: Lilligant|Leaf Blade|p2a: Corviknight
|-resisted|p2a: Corviknight
|-damage|p2a: Corviknight|2/100
|-damage|p1a: Lilligant|16/100 tox|[from] item: Rocky Helmet|[of] p2a: Corviknight
|-damage|p1a: Lilligant|6/100 tox|[from] item: Life Orb
|
|-damage|p1a: Lilligant|0 fnt|[from] psn
|faint|p1a: Lilligant
|upkeep
|
|t:|1685914887
|switch|p1a: Chien-Pao|Chien-Pao|95/100 tox
|-damage|p1a: Chien-Pao|70/100 tox|[from] Stealth Rock
|-ability|p1a: Chien-Pao|Sword of Ruin
|turn|22
|
|t:|1685914896
|move|p1a: Chien-Pao|Ice Shard|p2a: Corviknight
|-damage|p2a: Corviknight|0 fnt
|faint|p2a: Corviknight
|
|-damage|p1a: Chien-Pao|64/100 tox|[from] psn
|upkeep
|
|t:|1685914904
|switch|p2a: Zamazenta|Zamazenta|62/100
|turn|23
|
|t:|1685914918
|-terastallize|p1a: Chien-Pao|Ghost
|move|p2a: Zamazenta|Crunch|p1a: Chien-Pao
|-supereffective|p1a: Chien-Pao
|-damage|p1a: Chien-Pao|0 fnt
|faint|p1a: Chien-Pao
|
|upkeep
|
|t:|1685914926
|switch|p1a: Slowking|Slowking-Galar, F|100/100
|-damage|p1a: Slowking|88/100|[from] Stealth Rock
|turn|24
|
|t:|1685914930
|move|p2a: Zamazenta|Crunch|p1a: Slowking
|-supereffective|p1a: Slowking
|-damage|p1a: Slowking|26/100
|move|p1a: Slowking|Chilling Water|p2a: Zamazenta
|-damage|p2a: Zamazenta|50/100
|-unboost|p2a: Zamazenta|atk|1
|
|upkeep
|turn|25
|
|t:|1685914941
|switch|p1a: Zapdos|Zapdos|89/100
|move|p2a: Zamazenta|Crunch|p1a: Zapdos
|-damage|p1a: Zapdos|66/100
|
|upkeep
|turn|26
|
|t:|1685914953
|switch|p2a: Cresselia|Cresselia, F|32/100
|move|p1a: Zapdos|Thunderbolt|p2a: Cresselia
|-damage|p2a: Cresselia|7/100
|
|upkeep
|turn|27
|
|t:|1685914959
|move|p1a: Zapdos|Thunderbolt|p2a: Cresselia
|-damage|p2a: Cresselia|0 fnt
|faint|p2a: Cresselia
|
|upkeep
|
|t:|1685914966
|switch|p2a: Clodsire|Clodsire, M, tera:Water|83/100
|turn|28
|
|t:|1685914973
|switch|p1a: Slowking|Slowking-Galar, F|59/100
|-damage|p1a: Slowking|47/100|[from] Stealth Rock
|move|p2a: Clodsire|Toxic|p1a: Slowking
|-immune|p1a: Slowking
|
|-heal|p2a: Clodsire|89/100|[from] item: Leftovers
|upkeep
|turn|29
|
|t:|1685914988
|move|p1a: Slowking|Slack Off|p1a: Slowking
|-heal|p1a: Slowking|97/100
|move|p2a: Clodsire|Earthquake|p1a: Slowking
|-supereffective|p1a: Slowking
|-damage|p1a: Slowking|42/100
|
|-heal|p2a: Clodsire|95/100|[from] item: Leftovers
|upkeep
|turn|30
|
|t:|1685915001
|move|p1a: Slowking|Chilling Water|p2a: Clodsire
|-resisted|p2a: Clodsire
|-damage|p2a: Clodsire|92/100
|-unboost|p2a: Clodsire|atk|1
|move|p2a: Clodsire|Earthquake|p1a: Slowking
|-supereffective|p1a: Slowking
|-damage|p1a: Slowking|4/100
|-enditem|p1a: Slowking|Aguav Berry|[eat]
|-heal|p1a: Slowking|37/100|[from] item: Aguav Berry
|
|-heal|p2a: Clodsire|98/100|[from] item: Leftovers
|upkeep
|turn|31
|
|t:|1685915012
|move|p1a: Slowking|Slack Off|p1a: Slowking
|-heal|p1a: Slowking|87/100
|move|p2a: Clodsire|Earthquake|p1a: Slowking
|-supereffective|p1a: Slowking
|-damage|p1a: Slowking|51/100
|
|-heal|p2a: Clodsire|100/100|[from] item: Leftovers
|upkeep
|turn|32
|inactive|SoftBrilliant has 120 seconds left.
|
|t:|1685915045
|switch|p2a: Azumarill|Azumarill, F|100/100
|move|p1a: Slowking|Chilling Water|p2a: Azumarill
|-resisted|p2a: Azumarill
|-damage|p2a: Azumarill|94/100
|-unboost|p2a: Azumarill|atk|1
|
|upkeep
|turn|33
|
|t:|1685915054
|move|p2a: Azumarill|Belly Drum|p2a: Azumarill
|-damage|p2a: Azumarill|44/100
|-setboost|p2a: Azumarill|atk|6|[from] move: Belly Drum
|-enditem|p2a: Azumarill|Sitrus Berry|[eat]
|-heal|p2a: Azumarill|69/100|[from] item: Sitrus Berry
|move|p1a: Slowking|Chilly Reception|p1a: Slowking
|-weather|Snow
|
|t:|1685915073
|switch|p1a: Zapdos|Zapdos|66/100|[from] Chilly Reception
|
|-weather|Snow|[upkeep]
|upkeep
|turn|34
|
|t:|1685915080
|move|p2a: Azumarill|Aqua Jet|p1a: Zapdos
|-damage|p1a: Zapdos|0 fnt
|-status|p2a: Azumarill|par|[from] ability: Static|[of] p1a: Zapdos
|faint|p1a: Zapdos
|
|-weather|Snow|[upkeep]
|upkeep
|
|t:|1685915085
|switch|p1a: Skeledirge|Skeledirge, F|99/100
|-damage|p1a: Skeledirge|75/100|[from] Stealth Rock
|turn|35
|
|t:|1685915098
|move|p1a: Skeledirge|Protect|p1a: Skeledirge
|-singleturn|p1a: Skeledirge|Protect
|cant|p2a: Azumarill|par
|
|-weather|Snow|[upkeep]
|-heal|p1a: Skeledirge|81/100|[from] item: Leftovers
|upkeep
|turn|36
|
|t:|1685915104
|move|p1a: Skeledirge|Hex|p2a: Azumarill
|-damage|p2a: Azumarill|15/100 par
|move|p2a: Azumarill|Liquidation|p1a: Skeledirge
|-supereffective|p1a: Skeledirge
|-crit|p1a: Skeledirge
|-damage|p1a: Skeledirge|0 fnt
|faint|p1a: Skeledirge
|
|-weather|Snow|[upkeep]
|upkeep
|
|t:|1685915110
|switch|p1a: Slowking|Slowking-Galar, F|84/100
|-damage|p1a: Slowking|72/100|[from] Stealth Rock
|turn|37
|
|t:|1685915116
|move|p2a: Azumarill|Aqua Jet|p1a: Slowking
|-crit|p1a: Slowking
|-damage|p1a: Slowking|0 fnt
|faint|p1a: Slowking
|
|win|SoftBrilliant
|raw|kasshiliwa's rating: 1095 → 1072(-23 for losing)
|raw|SoftBrilliant's rating: 1115 → 1139(+24 for winning)
