|j|☆ShellRaptor556
|j|☆Pks wayment
|t:|1685832788
|gametype|singles
|player|p1|ShellRaptor556|caitlin|1521
|player|p2|Pks wayment|169|1599
|teamsize|p1|6
|teamsize|p2|6
|gen|9
|tier|[Gen 9] OU
|rated|
|rule|Sleep Clause Mod: Limit one foe put to sleep
|rule|Species Clause: Limit one of each Pokémon
|rule|OHKO Clause: OHKO moves are banned
|rule|Evasion Items Clause: Evasion items are banned
|rule|Evasion Moves Clause: Evasion moves are banned
|rule|Endless Battle Clause: Forcing endless battles is banned
|rule|HP Percentage Mod: HP is shown in percentages
|clearpoke
|poke|p1|Dragonite, M|
|poke|p1|Iron Valiant|
|poke|p1|Great Tusk|
|poke|p1|Glimmora, F|
|poke|p1|Gholdengo|
|poke|p1|Landorus-Therian, M|
|poke|p2|Sneasler, F|
|poke|p2|Magearna|
|poke|p2|Dragapult, M|
|poke|p2|Zamazenta-*|
|poke|p2|Volcarona, M|
|poke|p2|Ursaluna, M|
|teampreview
|inactive|Battle timer is ON: inactive players will automatically lose when time's up. (requested by ShellRaptor556)
|
|t:|1685832800
|start
|switch|p1a: Glimmora|Glimmora, F|100/100
|switch|p2a: Dragapult|Dragapult, M|100/100
|turn|1
|
|t:|1685832805
|move|p2a: Dragapult|Light Screen|p2a: Dragapult
|-sidestart|p2: Pks wayment|move: Light Screen
|move|p1a: Glimmora|Stealth Rock|p2a: Dragapult
|-sidestart|p2: Pks wayment|move: Stealth Rock
|
|upkeep
|turn|2
|
|t:|1685832808
|move|p2a: Dragapult|Reflect|p2a: Dragapult
|-sidestart|p2: Pks wayment|Reflect
|move|p1a: Glimmora|Spikes|p2a: Dragapult
|-sidestart|p2: Pks wayment|Spikes
|
|upkeep
|turn|3
|
|t:|1685832817
|move|p2a: Dragapult|Will-O-Wisp|p1a: Glimmora
|-status|p1a: Glimmora|brn
|move|p1a: Glimmora|Spikes|p2a: Dragapult
|-sidestart|p2: Pks wayment|Spikes
|
|-damage|p1a: Glimmora|94/100 brn|[from] brn
|upkeep
|turn|4
|j| No Bithes?????
|
|t:|1685832846
|switch|p2a: Magearna|Magearna|100/100
|-damage|p2a: Magearna|94/100|[from] Stealth Rock
|-damage|p2a: Magearna|78/100|[from] Spikes
|move|p1a: Glimmora|Spikes|p2a: Magearna
|-sidestart|p2: Pks wayment|Spikes
|
|-heal|p2a: Magearna|84/100|[from] item: Leftovers
|-damage|p1a: Glimmora|88/100 brn|[from] brn
|upkeep
|turn|5
|c| No Bithes?????|dude that team is super original
|c| No Bithes?????|jkjk
|
|t:|1685832857
|switch|p1a: Gholdengo|Gholdengo|100/100
|move|p2a: Magearna|Calm Mind|p2a: Magearna
|-boost|p2a: Magearna|spa|1
|-boost|p2a: Magearna|spd|1
|
|-heal|p2a: Magearna|90/100|[from] item: Leftovers
|upkeep
|turn|6
|c|☆ShellRaptor556|Indeed
|c|☆ShellRaptor556|Totally not in the radar rn
|
|t:|1685832883
|move|p1a: Gholdengo|Trick|p2a: Magearna
|-activate|p1a: Gholdengo|move: Trick|[of] p2a: Magearna
|-item|p2a: Magearna|Choice Scarf|[from] move: Trick
|-item|p1a: Gholdengo|Leftovers|[from] move: Trick
|move|p2a: Magearna|Shift Gear|p2a: Magearna
|-boost|p2a: Magearna|spe|2
|-boost|p2a: Magearna|atk|1
|
|upkeep
|turn|7
|
|t:|1685832894
|switch|p2a: Volcarona|Volcarona, M|100/100
|move|p1a: Gholdengo|Shadow Ball|p2a: Volcarona
|-damage|p2a: Volcarona|77/100
|
|upkeep
|turn|8
|c| No Bithes?????|nah its cause that team got number 1 on ladder recently
|
|t:|1685832907
|switch|p1a: Dragonite|Dragonite, M|100/100
|move|p2a: Volcarona|Quiver Dance|p2a: Volcarona
|-boost|p2a: Volcarona|spa|1
|-boost|p2a: Volcarona|spd|1
|-boost|p2a: Volcarona|spe|1
|
|-sideend|p2: Pks wayment|move: Light Screen
|upkeep
|turn|9
|
|t:|1685832916
|move|p2a: Volcarona|Flamethrower|p1a: Dragonite
|-resisted|p1a: Dragonite
|-damage|p1a: Dragonite|79/100
|move|p1a: Dragonite|Dragon Dance|p1a: Dragonite
|-boost|p1a: Dragonite|atk|1
|-boost|p1a: Dragonite|spe|1
|
|-sideend|p2: Pks wayment|Reflect
|upkeep
|turn|10
|
|t:|1685832921
|move|p2a: Volcarona|Flamethrower|p1a: Dragonite
|-resisted|p1a: Dragonite
|-damage|p1a: Dragonite|37/100
|move|p1a: Dragonite|Dragon Dance|p1a: Dragonite
|-boost|p1a: Dragonite|atk|1
|-boost|p1a: Dragonite|spe|1
|
|upkeep
|turn|11
|
|t:|1685832935
|move|p1a: Dragonite|Dragon Claw|p2a: Volcarona
|-damage|p2a: Volcarona|0 fnt
|faint|p2a: Volcarona
|
|upkeep
|
|t:|1685832940
|switch|p2a: Ursaluna|Ursaluna, M|100/100
|-damage|p2a: Ursaluna|94/100|[from] Stealth Rock
|-damage|p2a: Ursaluna|69/100|[from] Spikes
|turn|12
|
|t:|1685832950
|move|p1a: Dragonite|Dragon Claw|p2a: Ursaluna
|-damage|p2a: Ursaluna|0 fnt
|faint|p2a: Ursaluna
|
|upkeep
|
|t:|1685832952
|switch|p2a: Zamazenta|Zamazenta|100/100
|-damage|p2a: Zamazenta|94/100|[from] Stealth Rock
|-damage|p2a: Zamazenta|69/100|[from] Spikes
|-ability|p2a: Zamazenta|Dauntless Shield|boost
|-boost|p2a: Zamazenta|def|1
|turn|13
|
|t:|1685832963
|-terastallize|p2a: Zamazenta|Dark
|move|p1a: Dragonite|Dragon Claw|p2a: Zamazenta
|-damage|p2a: Zamazenta|18/100
|move|p2a: Zamazenta|Crunch|p1a: Dragonite
|-crit|p1a: Dragonite
|-damage|p1a: Dragonite|0 fnt
|faint|p1a: Dragonite
|
|-heal|p2a: Zamazenta|24/100|[from] item: Leftovers
|upkeep
|
|t:|1685832979
|switch|p1a: Great Tusk|Great Tusk|100/100
|turn|14
|
|t:|1685832984
|move|p2a: Zamazenta|Iron Defense|p2a: Zamazenta
|-boost|p2a: Zamazenta|def|2
|move|p1a: Great Tusk|Close Combat|p2a: Zamazenta
|-supereffective|p2a: Zamazenta
|-crit|p2a: Zamazenta
|-damage|p2a: Zamazenta|0 fnt
|-unboost|p1a: Great Tusk|def|1
|-unboost|p1a: Great Tusk|spd|1
|faint|p2a: Zamazenta
|
|upkeep
|
|t:|1685832990
|switch|p2a: Dragapult|Dragapult, M|100/100
|-damage|p2a: Dragapult|88/100|[from] Stealth Rock
|-damage|p2a: Dragapult|63/100|[from] Spikes
|turn|15
|
|t:|1685832998
|move|p2a: Dragapult|Reflect|p2a: Dragapult
|-sidestart|p2: Pks wayment|Reflect
|move|p1a: Great Tusk|Knock Off|p2a: Dragapult
|-supereffective|p2a: Dragapult
|-damage|p2a: Dragapult|25/100
|-start|p1a: Great Tusk|Disable|Knock Off|[from] ability: Cursed Body|[of] p2a: Dragapult
|-enditem|p2a: Dragapult|Light Clay|[from] move: Knock Off|[of] p1a: Great Tusk
|
|upkeep
|turn|16
|
|t:|1685833003
|move|p2a: Dragapult|Will-O-Wisp|p1a: Great Tusk
|-status|p1a: Great Tusk|brn
|move|p1a: Great Tusk|Earthquake|p2a: Dragapult
|-damage|p2a: Dragapult|10/100
|
|-damage|p1a: Great Tusk|94/100 brn|[from] brn
|upkeep
|turn|17
|
|t:|1685833025
|move|p2a: Dragapult|Light Screen|p2a: Dragapult
|-sidestart|p2: Pks wayment|move: Light Screen
|move|p1a: Great Tusk|Earthquake|p2a: Dragapult
|-damage|p2a: Dragapult|0 fnt
|faint|p2a: Dragapult
|
|-damage|p1a: Great Tusk|88/100 brn|[from] brn
|upkeep
|
|t:|1685833031
|switch|p2a: Sneasler|Sneasler, F|100/100
|-damage|p2a: Sneasler|95/100|[from] Stealth Rock
|-item|p2a: Sneasler|Air Balloon
|turn|18
|
|t:|1685833045
|-end|p1a: Great Tusk|Protosynthesis|[silent]
|switch|p1a: Landorus|Landorus-Therian, M|100/100
|-ability|p1a: Landorus|Intimidate|boost
|-unboost|p2a: Sneasler|atk|1
|move|p2a: Sneasler|Swords Dance|p2a: Sneasler
|-boost|p2a: Sneasler|atk|2
|
|upkeep
|turn|19
|
|t:|1685833065
|move|p2a: Sneasler|Swords Dance|p2a: Sneasler
|-boost|p2a: Sneasler|atk|2
|move|p1a: Landorus|Smack Down|p2a: Sneasler
|-resisted|p2a: Sneasler
|-damage|p2a: Sneasler|87/100
|-enditem|p2a: Sneasler|Air Balloon
|
|upkeep
|turn|20
|inactive|ShellRaptor556 has 120 seconds left.
|
|t:|1685833093
|move|p2a: Sneasler|Close Combat|p1a: Landorus
|-resisted|p1a: Landorus
|-damage|p1a: Landorus|0 fnt
|-unboost|p2a: Sneasler|def|1
|-unboost|p2a: Sneasler|spd|1
|-damage|p2a: Sneasler|71/100|[from] item: Rocky Helmet|[of] p1a: Landorus
|faint|p1a: Landorus
|
|upkeep
|inactive|ShellRaptor556 has 120 seconds left.
|
|t:|1685833102
|switch|p1a: Gholdengo|Gholdengo|100/100
|turn|21
|
|t:|1685833107
|move|p2a: Sneasler|Acrobatics|p1a: Gholdengo
|-resisted|p1a: Gholdengo
|-damage|p1a: Gholdengo|36/100
|move|p1a: Gholdengo|Shadow Ball|p2a: Sneasler
|-damage|p2a: Sneasler|31/100
|
|-heal|p1a: Gholdengo|42/100|[from] item: Leftovers
|-sideend|p2: Pks wayment|move: Light Screen
|upkeep
|turn|22
|
|t:|1685833119
|move|p2a: Sneasler|Acrobatics|p1a: Gholdengo
|-resisted|p1a: Gholdengo
|-damage|p1a: Gholdengo|0 fnt
|faint|p1a: Gholdengo
|
|-sideend|p2: Pks wayment|Reflect
|upkeep
|inactive|ShellRaptor556 has 120 seconds left.
|
|t:|1685833144
|switch|p1a: Great Tusk|Great Tusk|88/100 brn
|turn|23
|
|t:|1685833148
|-terastallize|p1a: Great Tusk|Steel
|move|p2a: Sneasler|Acrobatics|p1a: Great Tusk
|-resisted|p1a: Great Tusk
|-damage|p1a: Great Tusk|48/100 brn
|move|p1a: Great Tusk|Earthquake|p2a: Sneasler
|-supereffective|p2a: Sneasler
|-damage|p2a: Sneasler|0 fnt
|faint|p2a: Sneasler
|
|-damage|p1a: Great Tusk|41/100 brn|[from] brn
|upkeep
|
|t:|1685833151
|switch|p2a: Magearna|Magearna|90/100
|-damage|p2a: Magearna|84/100|[from] Stealth Rock
|-damage|p2a: Magearna|59/100|[from] Spikes
|turn|24
|-message|Pks wayment forfeited.
|
|win|ShellRaptor556
|raw|ShellRaptor556's rating: 1521 → 1545(+24 for winning)
|raw|Pks wayment's rating: 1599 → 1575(-24 for losing)
|c|☆ShellRaptor556|Beat the radar mons
|c| No Bithes?????|nice
|l|☆Pks wayment
