|j|☆Naruseiya
|j|☆zanitos
|t:|1685893385
|gametype|singles
|player|p1|Naruseiya|265|1083
|player|p2|zanitos|brycenman|1089
|teamsize|p1|6
|teamsize|p2|6
|gen|9
|tier|[Gen 9] OU
|rated|
|rule|Sleep Clause Mod: Limit one foe put to sleep
|rule|Species Clause: Limit one of each Pokémon
|rule|OHKO Clause: OHKO moves are banned
|rule|Evasion Items Clause: Evasion items are banned
|rule|Evasion Moves Clause: Evasion moves are banned
|rule|Endless Battle Clause: Forcing endless battles is banned
|rule|HP Percentage Mod: HP is shown in percentages
|clearpoke
|poke|p1|Heatran, F|
|poke|p1|Chien-Pao|
|poke|p1|Magearna|
|poke|p1|Landorus-Therian, M|
|poke|p1|Tornadus-Therian, M|
|poke|p1|Zapdos-Galar|
|poke|p2|Kleavor, M|
|poke|p2|Tyranitar, F|
|poke|p2|Hippowdon, M|
|poke|p2|Kingambit, F|
|poke|p2|Ursaluna, F|
|poke|p2|Glimmora, F|
|teampreview
|
|t:|1685893389
|start
|switch|p1a: Zapdos|Zapdos-Galar|100/100
|switch|p2a: Kleavor|Kleavor, M, shiny|100/100
|turn|1
|
|t:|1685893401
|-terastallize|p2a: Kleavor|Electric
|move|p1a: Zapdos|Thunderous Kick|p2a: Kleavor
|-damage|p2a: Kleavor|19/100
|-unboost|p2a: Kleavor|def|1
|move|p2a: Kleavor|Tera Blast|p1a: Zapdos
|-supereffective|p1a: Zapdos
|-damage|p1a: Zapdos|0 fnt
|faint|p1a: Zapdos
|
|upkeep
|
|t:|1685893414
|switch|p1a: Chien-Pao|Chien-Pao|100/100
|-ability|p1a: Chien-Pao|Sword of Ruin
|turn|2
|
|t:|1685893418
|move|p1a: Chien-Pao|Sucker Punch|p2a: Kleavor
|-damage|p2a: Kleavor|0 fnt
|faint|p2a: Kleavor
|-damage|p1a: Chien-Pao|91/100|[from] item: Life Orb
|
|upkeep
|
|t:|1685893426
|switch|p2a: Glimmora|Glimmora, F, shiny|100/100
|turn|3
|
|t:|1685893436
|move|p1a: Chien-Pao|Ice Shard|p2a: Glimmora
|-damage|p2a: Glimmora|57/100
|-activate|p2a: Glimmora|ability: Toxic Debris
|-sidestart|p1: Naruseiya|move: Toxic Spikes
|-damage|p1a: Chien-Pao|81/100|[from] item: Life Orb
|move|p2a: Glimmora|Spikes|p1a: Chien-Pao
|-sidestart|p1: Naruseiya|Spikes
|
|upkeep
|turn|4
|
|t:|1685893445
|move|p1a: Chien-Pao|Psychic Fangs|p2a: Glimmora
|-supereffective|p2a: Glimmora
|-damage|p2a: Glimmora|0 fnt
|-activate|p2a: Glimmora|ability: Toxic Debris
|-sidestart|p1: Naruseiya|move: Toxic Spikes
|faint|p2a: Glimmora
|-damage|p1a: Chien-Pao|71/100|[from] item: Life Orb
|
|upkeep
|
|t:|1685893452
|switch|p2a: Tyranitar|Tyranitar, F, shiny|100/100
|-weather|Sandstorm|[from] ability: Sand Stream|[of] p2a: Tyranitar
|turn|5
|
|t:|1685893464
|switch|p1a: Landorus|Landorus-Therian, M|100/100
|-ability|p1a: Landorus|Intimidate|boost
|-unboost|p2a: Tyranitar|atk|1
|move|p2a: Tyranitar|Stone Edge|p1a: Landorus
|-damage|p1a: Landorus|70/100
|
|-weather|Sandstorm|[upkeep]
|upkeep
|turn|6
|
|t:|1685893475
|switch|p2a: Hippowdon|Hippowdon, M, shiny|100/100
|move|p1a: Landorus|Swords Dance|p1a: Landorus
|-boost|p1a: Landorus|atk|2
|
|-weather|Sandstorm|[upkeep]
|upkeep
|turn|7
|
|t:|1685893483
|-terastallize|p1a: Landorus|Ground
|move|p1a: Landorus|Earthquake|p2a: Hippowdon
|-crit|p2a: Hippowdon
|-damage|p2a: Hippowdon|3/100
|move|p2a: Hippowdon|Roar|p1a: Landorus
|drag|p1a: Chien-Pao|Chien-Pao|71/100
|-status|p1a: Chien-Pao|tox
|-damage|p1a: Chien-Pao|58/100 tox|[from] Spikes
|-ability|p1a: Chien-Pao|Sword of Ruin
|
|-weather|Sandstorm|[upkeep]
|-damage|p1a: Chien-Pao|52/100 tox|[from] Sandstorm
|-heal|p2a: Hippowdon|10/100|[from] item: Leftovers
|-damage|p1a: Chien-Pao|47/100 tox|[from] psn
|upkeep
|turn|8
|
|t:|1685893500
|move|p1a: Chien-Pao|Ice Shard|p2a: Hippowdon
|-supereffective|p2a: Hippowdon
|-damage|p2a: Hippowdon|0 fnt
|faint|p2a: Hippowdon
|-damage|p1a: Chien-Pao|37/100 tox|[from] item: Life Orb
|
|-weather|Sandstorm|[upkeep]
|-damage|p1a: Chien-Pao|31/100 tox|[from] Sandstorm
|-damage|p1a: Chien-Pao|19/100 tox|[from] psn
|upkeep
|
|t:|1685893509
|switch|p2a: Kingambit|Kingambit, F, shiny|100/100
|-activate|p2a: Kingambit|ability: Supreme Overlord
|-start|p2a: Kingambit|fallen3|[silent]
|turn|9
|
|t:|1685893515
|move|p1a: Chien-Pao|Ice Shard|p2a: Kingambit
|-resisted|p2a: Kingambit
|-damage|p2a: Kingambit|88/100
|-damage|p1a: Chien-Pao|9/100 tox|[from] item: Life Orb
|move|p2a: Kingambit|Sucker Punch||[still]
|-fail|p2a: Kingambit
|
|-weather|none
|-damage|p1a: Chien-Pao|0 fnt|[from] psn
|faint|p1a: Chien-Pao
|upkeep
|
|t:|1685893525
|switch|p1a: Magearna|Magearna|100/100
|-damage|p1a: Magearna|88/100|[from] Spikes
|turn|10
|
|t:|1685893533
|-end|p2a: Kingambit|fallen3|[silent]
|switch|p2a: Ursaluna|Ursaluna, F, shiny|100/100
|move|p1a: Magearna|Aura Sphere|p2a: Ursaluna
|-supereffective|p2a: Ursaluna
|-damage|p2a: Ursaluna|49/100
|
|-status|p2a: Ursaluna|brn|[from] item: Flame Orb
|upkeep
|turn|11
|
|t:|1685893542
|switch|p1a: Landorus|Landorus-Therian, M, tera:Ground|70/100
|-status|p1a: Landorus|tox
|-damage|p1a: Landorus|58/100 tox|[from] Spikes
|-ability|p1a: Landorus|Intimidate|boost
|-unboost|p2a: Ursaluna|atk|1
|move|p2a: Ursaluna|Earthquake|p1a: Landorus
|-damage|p1a: Landorus|14/100 tox
|
|-damage|p1a: Landorus|8/100 tox|[from] psn
|-damage|p2a: Ursaluna|43/100 brn|[from] brn
|upkeep
|turn|12
|
|t:|1685893555
|switch|p2a: Tyranitar|Tyranitar, F, shiny|100/100
|-weather|Sandstorm|[from] ability: Sand Stream|[of] p2a: Tyranitar
|move|p1a: Landorus|Earthquake|p2a: Tyranitar
|-supereffective|p2a: Tyranitar
|-damage|p2a: Tyranitar|0 fnt
|faint|p2a: Tyranitar
|
|-weather|Sandstorm|[upkeep]
|-damage|p1a: Landorus|0 fnt|[from] psn
|faint|p1a: Landorus
|upkeep
|
|t:|1685893567
|switch|p1a: Heatran|Heatran, F|100/100
|switch|p2a: Ursaluna|Ursaluna, F, shiny|43/100 brn
|-damage|p1a: Heatran|88/100|[from] Spikes
|turn|13
|
|t:|1685893584
|move|p1a: Heatran|Flash Cannon|p2a: Ursaluna
|-damage|p2a: Ursaluna|10/100 brn
|move|p2a: Ursaluna|Earthquake|p1a: Heatran
|-supereffective|p1a: Heatran
|-damage|p1a: Heatran|0 fnt
|faint|p1a: Heatran
|
|-weather|Sandstorm|[upkeep]
|-damage|p2a: Ursaluna|4/100 brn|[from] brn
|upkeep
|
|t:|1685893594
|switch|p1a: Tornadus|Tornadus-Therian, M|100/100
|turn|14
|
|t:|1685893599
|move|p1a: Tornadus|Psychic|p2a: Ursaluna
|-crit|p2a: Ursaluna
|-damage|p2a: Ursaluna|0 fnt
|faint|p2a: Ursaluna
|
|-weather|Sandstorm|[upkeep]
|-damage|p1a: Tornadus|94/100|[from] Sandstorm
|upkeep
|
|t:|1685893606
|switch|p2a: Kingambit|Kingambit, F, shiny|88/100
|-activate|p2a: Kingambit|ability: Supreme Overlord
|-start|p2a: Kingambit|fallen5|[silent]
|turn|15
|
|t:|1685893613
|move|p1a: Tornadus|Hurricane|p2a: Kingambit
|-resisted|p2a: Kingambit
|-damage|p2a: Kingambit|66/100
|move|p2a: Kingambit|Swords Dance|p2a: Kingambit
|-boost|p2a: Kingambit|atk|2
|
|-weather|Sandstorm|[upkeep]
|-damage|p1a: Tornadus|88/100|[from] Sandstorm
|upkeep
|turn|16
|
|t:|1685893623
|move|p2a: Kingambit|Sucker Punch||[still]
|-fail|p2a: Kingambit
|move|p1a: Tornadus|Taunt|p2a: Kingambit
|-start|p2a: Kingambit|move: Taunt
|
|-weather|none
|upkeep
|turn|17
|
|t:|1685893631
|move|p1a: Tornadus|Hurricane|p2a: Kingambit
|-resisted|p2a: Kingambit
|-damage|p2a: Kingambit|45/100
|-start|p2a: Kingambit|confusion
|-activate|p2a: Kingambit|confusion
|move|p2a: Kingambit|Kowtow Cleave|p1a: Tornadus
|-damage|p1a: Tornadus|0 fnt
|faint|p1a: Tornadus
|-damage|p2a: Kingambit|35/100|[from] item: Life Orb
|
|upkeep
|
|t:|1685893642
|switch|p1a: Magearna|Magearna|88/100
|-damage|p1a: Magearna|76/100|[from] Spikes
|turn|18
|
|t:|1685893646
|move|p1a: Magearna|Aura Sphere|p2a: Kingambit
|-supereffective|p2a: Kingambit
|-damage|p2a: Kingambit|0 fnt
|faint|p2a: Kingambit
|-end|p2a: Kingambit|fallen5|[silent]
|
|win|Naruseiya
|raw|Naruseiya's rating: 1110 → 1133(+23 for winning)
|raw|zanitos's rating: 1089 → 1067(-22 for losing)
