|j|☆Y0Z0RA
|j|☆Vartholomeus
|t:|1685933137
|gametype|singles
|player|p1|Y0Z0RA|shadowtriad|1447
|player|p2|Vartholomeus|brock|1529
|teamsize|p1|6
|teamsize|p2|6
|gen|9
|tier|[Gen 9] OU
|rated|
|rule|Sleep Clause Mod: Limit one foe put to sleep
|rule|Species Clause: Limit one of each Pokémon
|rule|OHKO Clause: OHKO moves are banned
|rule|Evasion Items Clause: Evasion items are banned
|rule|Evasion Moves Clause: Evasion moves are banned
|rule|Endless Battle Clause: Forcing endless battles is banned
|rule|HP Percentage Mod: HP is shown in percentages
|clearpoke
|poke|p1|Samurott-Hisui, M|
|poke|p1|Slowking-Galar, M|
|poke|p1|Thundurus-Therian, M|
|poke|p1|Dragapult, F|
|poke|p1|Corviknight, M|
|poke|p1|Heatran, M|
|poke|p2|Magearna|
|poke|p2|Urshifu-*, M|
|poke|p2|Chien-Pao|
|poke|p2|Thundurus, M|
|poke|p2|Volcarona, F|
|poke|p2|Dragapult, F|
|teampreview
|inactive|Battle timer is ON: inactive players will automatically lose when time's up. (requested by Vartholomeus)
|
|t:|1685933153
|start
|switch|p1a: Samurott|Samurott-Hisui, M|100/100
|switch|p2a: Magik|Magearna|100/100
|turn|1
|
|t:|1685933159
|move|p1a: Samurott|Aqua Cutter|p2a: Magik
|-damage|p2a: Magik|55/100
|move|p2a: Magik|Shift Gear|p2a: Magik
|-boost|p2a: Magik|spe|2
|-boost|p2a: Magik|atk|1
|
|-heal|p2a: Magik|61/100|[from] item: Leftovers
|upkeep
|turn|2
|j| ZaneCrescentB
|c| ZaneCrescentB|Gl hf.
|
|t:|1685933163
|switch|p1a: Heatran|Heatran, M|100/100
|-item|p1a: Heatran|Air Balloon
|move|p2a: Magik|Calm Mind|p2a: Magik
|-boost|p2a: Magik|spa|1
|-boost|p2a: Magik|spd|1
|
|-heal|p2a: Magik|67/100|[from] item: Leftovers
|upkeep
|turn|3
|c| ZaneCrescentB|Let's GO!
|c| ZaneCrescentB|Timer...
|c| ZaneCrescentB|Le-Sigh..
|c| ZaneCrescentB|THIS THING STILL HERE?
|
|t:|1685933175
|-terastallize|p2a: Magik|Flying
|move|p2a: Magik|Calm Mind|p2a: Magik
|-boost|p2a: Magik|spa|1
|-boost|p2a: Magik|spd|1
|move|p1a: Heatran|Magma Storm|p2a: Magik
|-damage|p2a: Magik|39/100
|-activate|p2a: Magik|move: Magma Storm|[of] p1a: Heatran
|
|-heal|p2a: Magik|45/100|[from] item: Leftovers
|-damage|p2a: Magik|33/100|[from] move: Magma Storm|[partiallytrapped]
|upkeep
|turn|4
|
|t:|1685933184
|move|p2a: Magik|Draining Kiss|p1a: Heatran
|-resisted|p1a: Heatran
|-damage|p1a: Heatran|87/100
|-heal|p2a: Magik|44/100|[from] drain|[of] p1a: Heatran
|-enditem|p1a: Heatran|Air Balloon
|move|p1a: Heatran|Will-O-Wisp|p2a: Magik
|-status|p2a: Magik|brn
|
|-heal|p2a: Magik|50/100 brn|[from] item: Leftovers
|-damage|p2a: Magik|44/100 brn|[from] brn
|-damage|p2a: Magik|31/100 brn|[from] move: Magma Storm|[partiallytrapped]
|upkeep
|turn|5
|
|t:|1685933193
|move|p2a: Magik|Stored Power|p1a: Heatran
|-resisted|p1a: Heatran
|-damage|p1a: Heatran|33/100
|move|p1a: Heatran|Magma Storm|p2a: Magik
|-damage|p2a: Magik|5/100 brn
|
|-heal|p2a: Magik|11/100 brn|[from] item: Leftovers
|-damage|p2a: Magik|5/100 brn|[from] brn
|-damage|p2a: Magik|0 fnt|[from] move: Magma Storm|[partiallytrapped]
|faint|p2a: Magik
|upkeep
|c| ZaneCrescentB|Oooh nice.
|c| ZaneCrescentB|Recovery completely negged.
|
|t:|1685933199
|switch|p2a: Yodu|Urshifu-Rapid-Strike, M|100/100
|turn|6
|
|t:|1685933204
|switch|p1a: Samurott|Samurott-Hisui, M|100/100
|move|p2a: Yodu|Surging Strikes|p1a: Samurott
|-resisted|p1a: Samurott
|-crit|p1a: Samurott
|-damage|p1a: Samurott|81/100
|-resisted|p1a: Samurott
|-crit|p1a: Samurott
|-damage|p1a: Samurott|63/100
|-resisted|p1a: Samurott
|-crit|p1a: Samurott
|-damage|p1a: Samurott|45/100
|-hitcount|p1a: Samurott|3
|
|upkeep
|turn|7
|
|t:|1685933222
|move|p2a: Yodu|Surging Strikes|p1a: Samurott
|-resisted|p1a: Samurott
|-crit|p1a: Samurott
|-damage|p1a: Samurott|28/100
|-resisted|p1a: Samurott
|-crit|p1a: Samurott
|-damage|p1a: Samurott|8/100
|-resisted|p1a: Samurott
|-crit|p1a: Samurott
|-damage|p1a: Samurott|0 fnt
|faint|p1a: Samurott
|-hitcount|p1: Samurott|3
|
|upkeep
|
|t:|1685933232
|switch|p1a: Thundurus|Thundurus-Therian, M|100/100
|turn|8
|
|t:|1685933243
|switch|p2a: Catapult|Dragapult, F|100/100
|move|p1a: Thundurus|Thunderbolt|p2a: Catapult
|-resisted|p2a: Catapult
|-damage|p2a: Catapult|65/100
|
|-heal|p2a: Catapult|71/100|[from] item: Leftovers
|upkeep
|turn|9
|inactive|Y0Z0RA has 120 seconds left.
|
|t:|1685933268
|switch|p1a: Slowking|Slowking-Galar, M, shiny|100/100
|move|p2a: Catapult|Dragon Dance|p2a: Catapult
|-boost|p2a: Catapult|atk|1
|-boost|p2a: Catapult|spe|1
|
|-heal|p2a: Catapult|77/100|[from] item: Leftovers
|upkeep
|turn|10
|
|t:|1685933273
|move|p2a: Catapult|Substitute|p2a: Catapult
|-start|p2a: Catapult|Substitute
|-damage|p2a: Catapult|53/100
|move|p1a: Slowking|Chilly Reception|p1a: Slowking
|-weather|Snow
|
|t:|1685933283
|switch|p1a: Corviknight|Corviknight, M|100/100|[from] Chilly Reception
|-ability|p1a: Corviknight|Pressure
|
|-weather|Snow|[upkeep]
|-heal|p2a: Catapult|59/100|[from] item: Leftovers
|upkeep
|turn|11
|
|t:|1685933287
|move|p2a: Catapult|Dragon Dance|p2a: Catapult
|-boost|p2a: Catapult|atk|1
|-boost|p2a: Catapult|spe|1
|move|p1a: Corviknight|Iron Defense|p1a: Corviknight
|-boost|p1a: Corviknight|def|2
|
|-weather|Snow|[upkeep]
|-heal|p2a: Catapult|65/100|[from] item: Leftovers
|upkeep
|turn|12
|
|t:|1685933296
|move|p2a: Catapult|Dragon Darts|p1a: Corviknight
|-resisted|p1a: Corviknight
|-damage|p1a: Corviknight|94/100
|-anim|p2a: Catapult|Dragon Darts|p1a: Corviknight
|-resisted|p1a: Corviknight
|-damage|p1a: Corviknight|87/100
|move|p1a: Corviknight|U-turn|p2a: Catapult
|-resisted|p2a: Catapult
|-activate|p2a: Catapult|move: Substitute|[damage]
|
|t:|1685933320
|switch|p1a: Slowking|Slowking-Galar, M, shiny|100/100|[from] U-turn
|
|-weather|Snow|[upkeep]
|-heal|p2a: Catapult|71/100|[from] item: Leftovers
|upkeep
|turn|13
|
|t:|1685933329
|switch|p1a: Corviknight|Corviknight, M|87/100
|-ability|p1a: Corviknight|Pressure
|move|p2a: Catapult|Dragon Darts|p1a: Corviknight
|-resisted|p1a: Corviknight
|-damage|p1a: Corviknight|71/100
|-anim|p2a: Catapult|Dragon Darts|p1a: Corviknight
|-resisted|p1a: Corviknight
|-damage|p1a: Corviknight|57/100
|
|-weather|Snow|[upkeep]
|-heal|p2a: Catapult|77/100|[from] item: Leftovers
|upkeep
|turn|14
|
|t:|1685933339
|move|p2a: Catapult|Dragon Darts|p1a: Corviknight
|-resisted|p1a: Corviknight
|-damage|p1a: Corviknight|42/100
|-anim|p2a: Catapult|Dragon Darts|p1a: Corviknight
|-resisted|p1a: Corviknight
|-damage|p1a: Corviknight|28/100
|move|p1a: Corviknight|Iron Defense|p1a: Corviknight
|-boost|p1a: Corviknight|def|2
|
|-weather|none
|-heal|p2a: Catapult|83/100|[from] item: Leftovers
|upkeep
|turn|15
|
|t:|1685933345
|move|p2a: Catapult|Dragon Darts|p1a: Corviknight
|-resisted|p1a: Corviknight
|-damage|p1a: Corviknight|20/100
|-anim|p2a: Catapult|Dragon Darts|p1a: Corviknight
|-resisted|p1a: Corviknight
|-damage|p1a: Corviknight|13/100
|move|p1a: Corviknight|Roost|p1a: Corviknight
|-heal|p1a: Corviknight|63/100
|-singleturn|p1a: Corviknight|move: Roost
|
|-heal|p2a: Catapult|89/100|[from] item: Leftovers
|upkeep
|turn|16
|inactive|Y0Z0RA has 120 seconds left.
|
|t:|1685933389
|move|p2a: Catapult|Dragon Dance|p2a: Catapult
|-boost|p2a: Catapult|atk|1
|-boost|p2a: Catapult|spe|1
|move|p1a: Corviknight|Iron Defense|p1a: Corviknight
|-boost|p1a: Corviknight|def|2
|
|-heal|p2a: Catapult|95/100|[from] item: Leftovers
|upkeep
|turn|17
|
|t:|1685933397
|move|p2a: Catapult|Dragon Dance|p2a: Catapult
|-boost|p2a: Catapult|atk|1
|-boost|p2a: Catapult|spe|1
|move|p1a: Corviknight|Iron Defense|p1a: Corviknight
|-boost|p1a: Corviknight|def|2
|
|-heal|p2a: Catapult|100/100|[from] item: Leftovers
|upkeep
|turn|18
|inactive|Y0Z0RA has 120 seconds left.
|
|t:|1685933411
|move|p2a: Catapult|Dragon Dance|p2a: Catapult
|-boost|p2a: Catapult|atk|1
|-boost|p2a: Catapult|spe|1
|move|p1a: Corviknight|Body Press|p2a: Catapult
|-immune|p2a: Catapult
|
|upkeep
|turn|19
|inactive|Y0Z0RA has 120 seconds left.
|
|t:|1685933423
|move|p2a: Catapult|Dragon Dance|p2a: Catapult
|-boost|p2a: Catapult|atk|1
|-boost|p2a: Catapult|spe|1
|move|p1a: Corviknight|Iron Defense|p1a: Corviknight
|-boost|p1a: Corviknight|def|0
|
|upkeep
|turn|20
|
|t:|1685933428
|move|p2a: Catapult|Dragon Darts|p1a: Corviknight
|-resisted|p1a: Corviknight
|-damage|p1a: Corviknight|55/100
|-anim|p2a: Catapult|Dragon Darts|p1a: Corviknight
|-resisted|p1a: Corviknight
|-damage|p1a: Corviknight|48/100
|move|p1a: Corviknight|Iron Defense|p1a: Corviknight
|-boost|p1a: Corviknight|def|0
|
|upkeep
|turn|21
|
|t:|1685933438
|move|p2a: Catapult|Phantom Force||[still]
|-prepare|p2a: Catapult|Phantom Force
|move|p1a: Corviknight|Iron Defense|p1a: Corviknight
|-boost|p1a: Corviknight|def|0
|
|upkeep
|turn|22
|
|t:|1685933445
|move|p2a: Catapult|Phantom Force|p1a: Corviknight|[from]lockedmove
|-damage|p1a: Corviknight|22/100
|move|p1a: Corviknight|Roost|p1a: Corviknight
|-heal|p1a: Corviknight|72/100
|-singleturn|p1a: Corviknight|move: Roost
|
|upkeep
|turn|23
|
|t:|1685933452
|move|p2a: Catapult|Phantom Force||[still]
|-prepare|p2a: Catapult|Phantom Force
|move|p1a: Corviknight|Iron Defense|p1a: Corviknight
|-boost|p1a: Corviknight|def|0
|
|upkeep
|turn|24
|
|t:|1685933455
|move|p2a: Catapult|Phantom Force|p1a: Corviknight|[from]lockedmove
|-damage|p1a: Corviknight|48/100
|move|p1a: Corviknight|Iron Defense|p1a: Corviknight
|-boost|p1a: Corviknight|def|0
|
|upkeep
|turn|25
|
|t:|1685933465
|move|p2a: Catapult|Phantom Force||[still]
|-prepare|p2a: Catapult|Phantom Force
|move|p1a: Corviknight|Iron Defense|p1a: Corviknight
|-boost|p1a: Corviknight|def|0
|
|upkeep
|turn|26
|
|t:|1685933470
|move|p2a: Catapult|Phantom Force|p1a: Corviknight|[from]lockedmove
|-damage|p1a: Corviknight|23/100
|move|p1a: Corviknight|Roost|p1a: Corviknight
|-heal|p1a: Corviknight|73/100
|-singleturn|p1a: Corviknight|move: Roost
|
|upkeep
|turn|27
|
|t:|1685933475
|move|p2a: Catapult|Phantom Force||[still]
|-prepare|p2a: Catapult|Phantom Force
|move|p1a: Corviknight|Iron Defense|p1a: Corviknight
|-boost|p1a: Corviknight|def|0
|
|upkeep
|turn|28
|
|t:|1685933483
|move|p2a: Catapult|Phantom Force|p1a: Corviknight|[from]lockedmove
|-damage|p1a: Corviknight|46/100
|move|p1a: Corviknight|Iron Defense|p1a: Corviknight
|-boost|p1a: Corviknight|def|0
|
|upkeep
|turn|29
|
|t:|1685933488
|switch|p2a: Vulkana|Volcarona, F|100/100
|move|p1a: Corviknight|Iron Defense|p1a: Corviknight
|-boost|p1a: Corviknight|def|0
|
|upkeep
|turn|30
|
|t:|1685933497
|switch|p1a: Heatran|Heatran, M|33/100
|move|p2a: Vulkana|Quiver Dance|p2a: Vulkana
|-boost|p2a: Vulkana|spa|1
|-boost|p2a: Vulkana|spd|1
|-boost|p2a: Vulkana|spe|1
|
|upkeep
|turn|31
|
|t:|1685933506
|move|p2a: Vulkana|Bug Buzz|p1a: Heatran
|-resisted|p1a: Heatran
|-damage|p1a: Heatran|13/100
|move|p1a: Heatran|Magma Storm|p2a: Vulkana
|-damage|p2a: Vulkana|57/100
|-activate|p2a: Vulkana|move: Magma Storm|[of] p1a: Heatran
|
|-damage|p2a: Vulkana|45/100|[from] move: Magma Storm|[partiallytrapped]
|upkeep
|turn|32
|
|t:|1685933518
|move|p2a: Vulkana|Bug Buzz|p1a: Heatran
|-resisted|p1a: Heatran
|-damage|p1a: Heatran|0 fnt
|faint|p1a: Heatran
|
|-end|p2a: Vulkana|Magma Storm|[partiallytrapped]|[silent]
|upkeep
|
|t:|1685933530
|switch|p1a: Dragapult|Dragapult, F|100/100
|turn|33
|
|t:|1685933539
|move|p2a: Vulkana|Fiery Dance|p1a: Dragapult
|-resisted|p1a: Dragapult
|-damage|p1a: Dragapult|55/100
|-boost|p2a: Vulkana|spa|1
|move|p1a: Dragapult|Draco Meteor|p2a: Vulkana
|-damage|p2a: Vulkana|0 fnt
|-unboost|p1a: Dragapult|spa|2
|faint|p2a: Vulkana
|
|upkeep
|
|t:|1685933548
|switch|p2a: Chin|Chien-Pao|100/100
|-ability|p2a: Chin|Sword of Ruin
|turn|34
|
|t:|1685933557
|move|p2a: Chin|Icicle Crash|p1a: Dragapult
|-supereffective|p1a: Dragapult
|-damage|p1a: Dragapult|0 fnt
|faint|p1a: Dragapult
|
|upkeep
|c| ZaneCrescentB|Wow.
|c| ZaneCrescentB|I've just been Chillin.
|inactive|Y0Z0RA has 120 seconds left.
|
|t:|1685933589
|switch|p1a: Corviknight|Corviknight, M|46/100
|-ability|p1a: Corviknight|Pressure
|turn|35
|inactive|Y0Z0RA has 120 seconds left.
|
|t:|1685933607
|-terastallize|p1a: Corviknight|Water
|move|p2a: Chin|Icicle Crash|p1a: Corviknight
|-resisted|p1a: Corviknight
|-damage|p1a: Corviknight|22/100
|move|p1a: Corviknight|Iron Defense|p1a: Corviknight
|-boost|p1a: Corviknight|def|2
|
|upkeep
|turn|36
|
|t:|1685933615
|switch|p2a: Rayito|Thundurus, M|100/100
|move|p1a: Corviknight|Roost|p1a: Corviknight
|-heal|p1a: Corviknight|72/100
|
|upkeep
|turn|37
|
|t:|1685933626
|switch|p1a: Slowking|Slowking-Galar, M, shiny|100/100
|move|p2a: Rayito|Thunder Wave|p1a: Slowking
|-status|p1a: Slowking|par
|
|upkeep
|turn|38
|
|t:|1685933635
|move|p2a: Rayito|Thunderbolt|p1a: Slowking
|-damage|p1a: Slowking|78/100 par
|move|p1a: Slowking|Sludge Bomb|p2a: Rayito
|-damage|p2a: Rayito|70/100
|
|-heal|p2a: Rayito|76/100|[from] item: Leftovers
|upkeep
|turn|39
|
|t:|1685933642
|move|p2a: Rayito|Eerie Impulse|p1a: Slowking
|-unboost|p1a: Slowking|spa|2
|move|p1a: Slowking|Future Sight|p2a: Rayito
|-start|p1a: Slowking|move: Future Sight
|
|-heal|p2a: Rayito|83/100|[from] item: Leftovers
|upkeep
|turn|40
|
|t:|1685933648
|switch|p2a: Chin|Chien-Pao|100/100
|-ability|p2a: Chin|Sword of Ruin
|cant|p1a: Slowking|par
|
|upkeep
|turn|41
|
|t:|1685933674
|move|p2a: Chin|Crunch|p1a: Slowking
|-supereffective|p1a: Slowking
|-damage|p1a: Slowking|0 fnt
|faint|p1a: Slowking
|
|-end|p2a: Chin|move: Future Sight
|-immune|p2a: Chin
|upkeep
|
|t:|1685933676
|switch|p1a: Thundurus|Thundurus-Therian, M|100/100
|turn|42
|
|t:|1685933682
|move|p2a: Chin|Crunch|p1a: Thundurus
|-damage|p1a: Thundurus|0 fnt
|faint|p1a: Thundurus
|
|upkeep
|
|t:|1685933684
|switch|p1a: Corviknight|Corviknight, M, tera:Water|72/100
|-ability|p1a: Corviknight|Pressure
|turn|43
|
|t:|1685933694
|move|p2a: Chin|Crunch|p1a: Corviknight
|-damage|p1a: Corviknight|25/100
|move|p1a: Corviknight|U-turn|p2a: Chin
|-supereffective|p2a: Chin
|-damage|p2a: Chin|61/100
|
|upkeep
|turn|44
|
|t:|1685933701
|move|p2a: Chin|Crunch|p1a: Corviknight
|-damage|p1a: Corviknight|0 fnt
|faint|p1a: Corviknight
|
|win|Vartholomeus
|raw|Y0Z0RA's rating: 1447 → 1432(-15 for losing)
|raw|Vartholomeus's rating: 1529 → 1544(+15 for winning)
|l|☆Y0Z0RA
|c| ZaneCrescentB|GG.
|c|☆Vartholomeus|Thx
|l|☆Vartholomeus
