|j|☆Blackagar B
|j|☆MooeyM2
|t:|1685828363
|gametype|singles
|player|p1|Blackagar B|red|1173
|player|p2|MooeyM2|266|1089
|teamsize|p1|6
|teamsize|p2|6
|gen|9
|tier|[Gen 9] OU
|rated|
|rule|Sleep Clause Mod: Limit one foe put to sleep
|rule|Species Clause: Limit one of each Pokémon
|rule|OHKO Clause: OHKO moves are banned
|rule|Evasion Items Clause: Evasion items are banned
|rule|Evasion Moves Clause: Evasion moves are banned
|rule|Endless Battle Clause: Forcing endless battles is banned
|rule|HP Percentage Mod: HP is shown in percentages
|clearpoke
|poke|p1|Urshifu-*, M|
|poke|p1|Sneasler, F|
|poke|p1|Kingambit, F|
|poke|p1|Baxcalibur, F|
|poke|p1|Ceruledge, F|
|poke|p1|Scizor, M|
|poke|p2|Dragapult, M|
|poke|p2|Chien-Pao|
|poke|p2|Garganacl, M|
|poke|p2|Landorus-Therian, M|
|poke|p2|Volcarona, M|
|poke|p2|Rotom-Wash|
|teampreview
|inactive|Battle timer is ON: inactive players will automatically lose when time's up. (requested by MooeyM2)
|
|t:|1685828367
|start
|switch|p1a: Urshifu|Urshifu-Rapid-Strike, M|100/100
|switch|p2a: Dragapult|Dragapult, M|100/100
|turn|1
|
|t:|1685828379
|switch|p1a: Scizor|Scizor, M|100/100
|move|p2a: Dragapult|Reflect|p2a: Dragapult
|-sidestart|p2: MooeyM2|Reflect
|
|upkeep
|turn|2
|
|t:|1685828386
|move|p2a: Dragapult|Light Screen|p2a: Dragapult
|-sidestart|p2: MooeyM2|move: Light Screen
|move|p1a: Scizor|Swords Dance|p1a: Scizor
|-boost|p1a: Scizor|atk|2
|
|upkeep
|turn|3
|
|t:|1685828395
|move|p2a: Dragapult|Will-O-Wisp|p1a: Scizor
|-status|p1a: Scizor|brn
|move|p1a: Scizor|Swords Dance|p1a: Scizor
|-boost|p1a: Scizor|atk|2
|
|-damage|p1a: Scizor|94/100 brn|[from] brn
|upkeep
|turn|4
|
|t:|1685828405
|move|p2a: Dragapult|Hex|p1a: Scizor
|-damage|p1a: Scizor|38/100 brn
|move|p1a: Scizor|Swords Dance|p1a: Scizor
|-boost|p1a: Scizor|atk|2
|
|-damage|p1a: Scizor|32/100 brn|[from] brn
|upkeep
|turn|5
|
|t:|1685828416
|move|p1a: Scizor|Bullet Punch|p2a: Dragapult
|-damage|p2a: Dragapult|64/100
|move|p2a: Dragapult|Hex|p1a: Scizor
|-damage|p1a: Scizor|0 fnt
|faint|p1a: Scizor
|
|upkeep
|
|t:|1685828435
|switch|p1a: Baxcalibur|Baxcalibur, F|100/100
|turn|6
|
|t:|1685828440
|switch|p2a: Volcarona|Volcarona, M|100/100
|move|p1a: Baxcalibur|Glaive Rush|p2a: Volcarona
|-damage|p2a: Volcarona|50/100
|-singlemove|p1a: Baxcalibur|Glaive Rush|[silent]
|
|upkeep
|turn|7
|
|t:|1685828449
|-terastallize|p1a: Baxcalibur|Ground
|move|p1a: Baxcalibur|Earthquake|p2a: Volcarona
|-damage|p2a: Volcarona|3/100
|move|p2a: Volcarona|Quiver Dance|p2a: Volcarona
|-boost|p2a: Volcarona|spa|1
|-boost|p2a: Volcarona|spd|1
|-boost|p2a: Volcarona|spe|1
|
|upkeep
|turn|8
|
|t:|1685828458
|-terastallize|p2a: Volcarona|Water
|move|p2a: Volcarona|Tera Blast|p1a: Baxcalibur
|-supereffective|p1a: Baxcalibur
|-damage|p1a: Baxcalibur|0 fnt
|faint|p1a: Baxcalibur
|
|-sideend|p2: MooeyM2|Reflect
|upkeep
|
|t:|1685828469
|switch|p1a: Ceruledge|Ceruledge, F|100/100
|turn|9
|
|t:|1685828472
|move|p1a: Ceruledge|Shadow Sneak|p2a: Volcarona
|-damage|p2a: Volcarona|0 fnt
|faint|p2a: Volcarona
|
|-sideend|p2: MooeyM2|move: Light Screen
|upkeep
|
|t:|1685828475
|switch|p2a: Dragapult|Dragapult, M|64/100
|turn|10
|
|t:|1685828482
|move|p1a: Ceruledge|Shadow Sneak|p2a: Dragapult
|-supereffective|p2a: Dragapult
|-damage|p2a: Dragapult|21/100
|move|p2a: Dragapult|Reflect|p2a: Dragapult
|-sidestart|p2: MooeyM2|Reflect
|
|upkeep
|turn|11
|
|t:|1685828488
|move|p1a: Ceruledge|Shadow Sneak|p2a: Dragapult
|-supereffective|p2a: Dragapult
|-damage|p2a: Dragapult|0 fnt
|faint|p2a: Dragapult
|
|upkeep
|
|t:|1685828492
|switch|p2a: Landorus|Landorus-Therian, M|100/100
|-ability|p2a: Landorus|Intimidate|boost
|-unboost|p1a: Ceruledge|atk|1
|turn|12
|
|t:|1685828499
|switch|p1a: Urshifu|Urshifu-Rapid-Strike, M|100/100
|move|p2a: Landorus|Earthquake|p1a: Urshifu
|-damage|p1a: Urshifu|43/100
|
|upkeep
|turn|13
|
|t:|1685828508
|move|p2a: Landorus|Earthquake|p1a: Urshifu
|-damage|p1a: Urshifu|0 fnt
|faint|p1a: Urshifu
|
|upkeep
|
|t:|1685828514
|switch|p1a: Sneasler|Sneasler, F|100/100
|turn|14
|
|t:|1685828527
|move|p2a: Landorus|Earthquake|p1a: Sneasler
|-supereffective|p1a: Sneasler
|-damage|p1a: Sneasler|0 fnt
|faint|p1a: Sneasler
|
|upkeep
|
|t:|1685828533
|switch|p1a: Ceruledge|Ceruledge, F|100/100
|turn|15
|
|t:|1685828540
|move|p2a: Landorus|Earthquake|p1a: Ceruledge
|-supereffective|p1a: Ceruledge
|-enditem|p1a: Ceruledge|Focus Sash
|-damage|p1a: Ceruledge|1/100
|-ability|p1a: Ceruledge|Weak Armor|boost
|-unboost|p1a: Ceruledge|def|1
|-boost|p1a: Ceruledge|spe|2
|move|p1a: Ceruledge|Swords Dance|p1a: Ceruledge
|-boost|p1a: Ceruledge|atk|2
|
|upkeep
|turn|16
|
|t:|1685828552
|move|p1a: Ceruledge|Bitter Blade|p2a: Landorus
|-damage|p2a: Landorus|44/100
|-heal|p1a: Ceruledge|31/100|[from] drain|[of] p2a: Landorus
|move|p2a: Landorus|Earthquake|p1a: Ceruledge
|-supereffective|p1a: Ceruledge
|-damage|p1a: Ceruledge|0 fnt
|faint|p1a: Ceruledge
|
|upkeep
|
|t:|1685828561
|switch|p1a: Kingambit|Kingambit, F|100/100
|-activate|p1a: Kingambit|ability: Supreme Overlord
|-start|p1a: Kingambit|fallen5|[silent]
|turn|17
|
|t:|1685828572
|move|p1a: Kingambit|Sucker Punch|p2a: Landorus
|-damage|p2a: Landorus|6/100
|move|p2a: Landorus|Earthquake|p1a: Kingambit
|-supereffective|p1a: Kingambit
|-crit|p1a: Kingambit
|-damage|p1a: Kingambit|0 fnt
|faint|p1a: Kingambit
|-end|p1a: Kingambit|fallen5|[silent]
|
|win|MooeyM2
|raw|Blackagar B's rating: 1173 → 1142(-31 for losing)
|raw|MooeyM2's rating: 1089 → 1122(+33 for winning)
|l|☆Blackagar B
