|j|☆PhotoThought
|j|☆PokeRachell
|t:|1685846655
|gametype|singles
|player|p1|PhotoThought|bede-masters|1119
|player|p2|PokeRachell|waitress-gen4|1159
|teamsize|p1|6
|teamsize|p2|6
|gen|9
|tier|[Gen 9] OU
|rated|
|rule|Sleep Clause Mod: Limit one foe put to sleep
|rule|Species Clause: Limit one of each Pokémon
|rule|OHKO Clause: OHKO moves are banned
|rule|Evasion Items Clause: Evasion items are banned
|rule|Evasion Moves Clause: Evasion moves are banned
|rule|Endless Battle Clause: Forcing endless battles is banned
|rule|HP Percentage Mod: HP is shown in percentages
|clearpoke
|poke|p1|Azelf|
|poke|p1|Magearna|
|poke|p1|Chien-Pao|
|poke|p1|Zamazenta-*|
|poke|p1|Great Tusk|
|poke|p1|Zoroark-Hisui, M|
|poke|p2|Chien-Pao|
|poke|p2|Baxcalibur, F|
|poke|p2|Hoopa-Unbound|
|poke|p2|Gholdengo|
|poke|p2|Iron Moth|
|poke|p2|Enamorus, F|
|teampreview
|
|t:|1685846670
|start
|switch|p1a: Azelf|Azelf|100/100
|switch|p2a: Gholdengo|Gholdengo|100/100
|turn|1
|
|t:|1685846681
|move|p1a: Azelf|Taunt|p2a: Gholdengo
|-immune|p2a: Gholdengo|[from] ability: Good as Gold
|move|p2a: Gholdengo|Shadow Ball|p1a: Azelf
|-supereffective|p1a: Azelf
|-enditem|p1a: Azelf|Focus Sash
|-damage|p1a: Azelf|1/100
|-unboost|p1a: Azelf|spd|1
|
|upkeep
|turn|2
|
|t:|1685846685
|move|p1a: Azelf|Stealth Rock|p2a: Gholdengo
|-sidestart|p2: PokeRachell|move: Stealth Rock
|move|p2a: Gholdengo|Shadow Ball|p1a: Azelf
|-supereffective|p1a: Azelf
|-damage|p1a: Azelf|0 fnt
|faint|p1a: Azelf
|
|upkeep
|
|t:|1685846700
|switch|p1a: Chien-Pao|Chien-Pao|100/100
|turn|3
|
|t:|1685846712
|move|p1a: Chien-Pao|Hyper Voice|p2a: Gholdengo
|-immune|p2a: Gholdengo
|move|p2a: Gholdengo|Shadow Ball|p1a: Chien-Pao
|-immune|p1a: Chien-Pao
|
|upkeep
|turn|4
|inactive|Battle timer is ON: inactive players will automatically lose when time's up. (requested by PhotoThought)
|
|t:|1685846749
|switch|p2a: Hoopa|Hoopa-Unbound|100/100
|-damage|p2a: Hoopa|88/100|[from] Stealth Rock
|move|p1a: Chien-Pao|Hyper Voice|p2a: Hoopa
|-damage|p2a: Hoopa|38/100
|
|upkeep
|turn|5
|inactive|PhotoThought has 120 seconds left.
|
|t:|1685846779
|move|p1a: Chien-Pao|Hyper Voice|p2a: Hoopa
|-damage|p2a: Hoopa|0 fnt
|faint|p2a: Hoopa
|
|upkeep
|c|☆PhotoThought|what item did hoopa have?
|
|t:|1685846800
|switch|p2a: Gholdengo|Gholdengo|100/100
|-damage|p2a: Gholdengo|94/100|[from] Stealth Rock
|turn|6
|
|t:|1685846811
|switch|p1a: Zamazenta|Zamazenta|100/100
|-ability|p1a: Zamazenta|Dauntless Shield|boost
|-boost|p1a: Zamazenta|def|1
|move|p2a: Gholdengo|Steel Beam|p1a: Zamazenta
|-damage|p1a: Zamazenta|0 fnt
|-damage|p2a: Gholdengo|44/100|[from] steelbeam
|faint|p1a: Zamazenta
|
|upkeep
|
|t:|1685846818
|switch|p1a: Chien-Pao|Chien-Pao|100/100
|turn|7
|
|t:|1685846822
|move|p1a: Chien-Pao|Shadow Ball|p2a: Gholdengo
|-supereffective|p2a: Gholdengo
|-damage|p2a: Gholdengo|0 fnt
|faint|p2a: Gholdengo
|
|upkeep
|
|t:|1685846839
|switch|p2a: Chien-Pao|Chien-Pao|100/100
|-damage|p2a: Chien-Pao|76/100|[from] Stealth Rock
|-ability|p2a: Chien-Pao|Sword of Ruin
|turn|8
|
|t:|1685846846
|switch|p1a: Great Tusk|Great Tusk|100/100
|-terastallize|p2a: Chien-Pao|Dark
|move|p2a: Chien-Pao|Crunch|p1a: Great Tusk
|-resisted|p1a: Great Tusk
|-damage|p1a: Great Tusk|64/100
|-unboost|p1a: Great Tusk|def|1
|
|upkeep
|turn|9
|
|t:|1685846862
|switch|p2a: Enamorus|Enamorus, F|100/100
|-damage|p2a: Enamorus|76/100|[from] Stealth Rock
|move|p1a: Great Tusk|Close Combat|p2a: Enamorus
|-resisted|p2a: Enamorus
|-damage|p2a: Enamorus|53/100
|-unboost|p1a: Great Tusk|def|1
|-unboost|p1a: Great Tusk|spd|1
|
|upkeep
|turn|10
|
|t:|1685846873
|-end|p1a: Great Tusk|Protosynthesis|[silent]
|switch|p1a: Chien-Pao|Chien-Pao|100/100
|move|p2a: Enamorus|Draining Kiss|p1a: Chien-Pao
|-damage|p1a: Chien-Pao|25/100
|-heal|p2a: Enamorus|100/100|[from] drain|[of] p1a: Chien-Pao
|replace|p1a: Zoroark|Zoroark-Hisui, M
|-end|p1a: Zoroark|Illusion
|
|upkeep
|turn|11
|
|t:|1685846888
|-terastallize|p1a: Zoroark|Electric
|move|p1a: Zoroark|Tera Blast|p2a: Enamorus
|-supereffective|p2a: Enamorus
|-damage|p2a: Enamorus|0 fnt
|faint|p2a: Enamorus
|
|upkeep
|
|t:|1685846907
|switch|p2a: Chien-Pao|Chien-Pao, tera:Dark|76/100
|-damage|p2a: Chien-Pao|63/100|[from] Stealth Rock
|-ability|p2a: Chien-Pao|Sword of Ruin
|turn|12
|
|t:|1685846916
|move|p2a: Chien-Pao|Sacred Sword|p1a: Zoroark
|-damage|p1a: Zoroark|0 fnt
|faint|p1a: Zoroark
|
|upkeep
|
|t:|1685846920
|switch|p1a: Great Tusk|Great Tusk|64/100
|turn|13
|inactive|PokeRachell has 120 seconds left.
|
|t:|1685846952
|switch|p2a: Baxcalibur|Baxcalibur, F|100/100
|-damage|p2a: Baxcalibur|76/100|[from] Stealth Rock
|move|p1a: Great Tusk|Close Combat|p2a: Baxcalibur
|-supereffective|p2a: Baxcalibur
|-damage|p2a: Baxcalibur|0 fnt
|-unboost|p1a: Great Tusk|def|1
|-unboost|p1a: Great Tusk|spd|1
|faint|p2a: Baxcalibur
|
|upkeep
|inactive|PokeRachell has 120 seconds left.
|
|t:|1685846961
|switch|p2a: Iron Moth|Iron Moth|100/100
|-damage|p2a: Iron Moth|76/100|[from] Stealth Rock
|turn|14
|
|t:|1685846970
|-end|p1a: Great Tusk|Protosynthesis|[silent]
|switch|p1a: Magearna|Magearna|100/100
|move|p2a: Iron Moth|Sludge Wave|p1a: Magearna
|-immune|p1a: Magearna
|
|upkeep
|turn|15
|
|t:|1685846976
|-end|p2a: Iron Moth|Quark Drive|[silent]
|switch|p2a: Chien-Pao|Chien-Pao, tera:Dark|63/100
|-damage|p2a: Chien-Pao|51/100|[from] Stealth Rock
|-ability|p2a: Chien-Pao|Sword of Ruin
|move|p1a: Magearna|Shift Gear|p1a: Magearna
|-boost|p1a: Magearna|spe|2
|-boost|p1a: Magearna|atk|1
|
|upkeep
|turn|16
|
|t:|1685846985
|move|p2a: Chien-Pao|Sacred Sword|p1a: Magearna
|-damage|p1a: Magearna|62/100
|move|p1a: Magearna|Shift Gear|p1a: Magearna
|-boost|p1a: Magearna|spe|2
|-boost|p1a: Magearna|atk|1
|
|-heal|p1a: Magearna|68/100|[from] item: Leftovers
|upkeep
|turn|17
|
|t:|1685846989
|move|p1a: Magearna|Draining Kiss|p2a: Chien-Pao
|-supereffective|p2a: Chien-Pao
|-damage|p2a: Chien-Pao|0 fnt
|-heal|p1a: Magearna|99/100|[from] drain|[of] p2a: Chien-Pao
|faint|p2a: Chien-Pao
|-ability|p1a: Magearna|Soul-Heart|boost
|-boost|p1a: Magearna|spa|1
|
|-heal|p1a: Magearna|100/100|[from] item: Leftovers
|upkeep
|-message|PokeRachell forfeited.
|
|win|PhotoThought
|raw|PhotoThought's rating: 1119 → 1147(+28 for winning)
|raw|PokeRachell's rating: 1159 → 1131(-28 for losing)
|l|☆PokeRachell
