|j|☆DMPancake
|j|☆pikaplayer101
|t:|1685851624
|gametype|singles
|player|p1|DMPancake|jasmine-masters|1102
|player|p2|pikaplayer101|red-gen2|1066
|teamsize|p1|6
|teamsize|p2|6
|gen|9
|tier|[Gen 9] OU
|rated|
|rule|Sleep Clause Mod: Limit one foe put to sleep
|rule|Species Clause: Limit one of each Pokémon
|rule|OHKO Clause: OHKO moves are banned
|rule|Evasion Items Clause: Evasion items are banned
|rule|Evasion Moves Clause: Evasion moves are banned
|rule|Endless Battle Clause: Forcing endless battles is banned
|rule|HP Percentage Mod: HP is shown in percentages
|clearpoke
|poke|p1|Glastrier|
|poke|p1|Magearna|
|poke|p1|Cresselia, F|
|poke|p1|Ursaluna, F|
|poke|p1|Kingambit, M|
|poke|p1|Slowking-Galar, M|
|poke|p2|Ursaluna, F|
|poke|p2|Grimmsnarl, M|
|poke|p2|Decidueye-Hisui, F|
|poke|p2|Kleavor, F|
|poke|p2|Sneasler, F|
|poke|p2|Lilligant-Hisui, F|
|teampreview
|inactive|Battle timer is ON: inactive players will automatically lose when time's up. (requested by DMPancake)
|inactive|pikaplayer101 has 120 seconds left.
|inactive|pikaplayer101 has 90 seconds left.
|
|t:|1685851760
|start
|switch|p1a: The Device|Magearna|100/100
|switch|p2a: Kleavor|Kleavor, F|100/100
|turn|1
|
|t:|1685851769
|move|p2a: Kleavor|Swords Dance|p2a: Kleavor
|-boost|p2a: Kleavor|atk|2
|move|p1a: The Device|Trick Room|p1a: The Device
|-fieldstart|move: Trick Room|[of] p1a: The Device
|
|upkeep
|turn|2
|
|t:|1685851774
|move|p1a: The Device|Fleur Cannon|p2a: Kleavor
|-enditem|p2a: Kleavor|Focus Sash
|-damage|p2a: Kleavor|1/100
|-unboost|p1a: The Device|spa|2
|-enditem|p1a: The Device|Eject Pack
|
|t:|1685851784
|switch|p1a: Sucker Punch|Kingambit, M|100/100
|move|p2a: Kleavor|Stone Axe|p1a: Sucker Punch
|-resisted|p1a: Sucker Punch
|-damage|p1a: Sucker Punch|62/100
|-sidestart|p1: DMPancake|move: Stealth Rock
|
|-heal|p1a: Sucker Punch|68/100|[from] item: Leftovers
|upkeep
|turn|3
|
|t:|1685851797
|move|p1a: Sucker Punch|Iron Head|p2a: Kleavor
|-supereffective|p2a: Kleavor
|-damage|p2a: Kleavor|0 fnt
|faint|p2a: Kleavor
|
|-heal|p1a: Sucker Punch|74/100|[from] item: Leftovers
|upkeep
|
|t:|1685851805
|switch|p2a: Grimmsnarl|Grimmsnarl, M|100/100
|turn|4
|
|t:|1685851807
|move|p2a: Grimmsnarl|Reflect|p2a: Grimmsnarl
|-sidestart|p2: pikaplayer101|Reflect
|move|p1a: Sucker Punch|Iron Head|p2a: Grimmsnarl
|-supereffective|p2a: Grimmsnarl
|-damage|p2a: Grimmsnarl|38/100
|
|-heal|p1a: Sucker Punch|80/100|[from] item: Leftovers
|upkeep
|turn|5
|
|t:|1685851810
|move|p2a: Grimmsnarl|Light Screen|p2a: Grimmsnarl
|-sidestart|p2: pikaplayer101|move: Light Screen
|move|p1a: Sucker Punch|Iron Head|p2a: Grimmsnarl
|-supereffective|p2a: Grimmsnarl
|-damage|p2a: Grimmsnarl|0 fnt
|faint|p2a: Grimmsnarl
|
|-heal|p1a: Sucker Punch|87/100|[from] item: Leftovers
|-fieldend|move: Trick Room
|upkeep
|
|t:|1685851820
|switch|p2a: Decidueye|Decidueye-Hisui, F|100/100
|turn|6
|
|t:|1685851831
|-end|p1a: Sucker Punch|fallenundefined|[silent]
|switch|p1a: Bad Jokes|Slowking-Galar, M|100/100
|-damage|p1a: Bad Jokes|88/100|[from] Stealth Rock
|move|p2a: Decidueye|Swords Dance|p2a: Decidueye
|-boost|p2a: Decidueye|atk|2
|
|upkeep
|turn|7
|
|t:|1685851852
|move|p2a: Decidueye|Triple Arrows|p1a: Bad Jokes
|-resisted|p1a: Bad Jokes
|-damage|p1a: Bad Jokes|67/100
|-unboost|p1a: Bad Jokes|def|1
|-damage|p2a: Decidueye|90/100|[from] item: Life Orb
|move|p1a: Bad Jokes|Trick Room|p1a: Bad Jokes
|-fieldstart|move: Trick Room|[of] p1a: Bad Jokes
|
|upkeep
|turn|8
|
|t:|1685851860
|move|p2a: Decidueye|Sucker Punch|p1a: Bad Jokes
|-supereffective|p1a: Bad Jokes
|-damage|p1a: Bad Jokes|0 fnt
|faint|p1a: Bad Jokes
|-damage|p2a: Decidueye|80/100|[from] item: Life Orb
|
|upkeep
|inactive|DMPancake has 120 seconds left.
|
|t:|1685851890
|switch|p1a: Cracklord Bear|Ursaluna, F|100/100
|-damage|p1a: Cracklord Bear|94/100|[from] Stealth Rock
|turn|9
|
|t:|1685851900
|move|p1a: Cracklord Bear|Swords Dance|p1a: Cracklord Bear
|-boost|p1a: Cracklord Bear|atk|2
|move|p2a: Decidueye|Triple Arrows|p1a: Cracklord Bear
|-supereffective|p1a: Cracklord Bear
|-damage|p1a: Cracklord Bear|0 fnt
|faint|p1a: Cracklord Bear
|-damage|p2a: Decidueye|70/100|[from] item: Life Orb
|
|upkeep
|
|t:|1685851912
|switch|p1a: the honse|Glastrier|100/100
|turn|10
|
|t:|1685851918
|move|p1a: the honse|Icicle Crash|p2a: Decidueye
|-supereffective|p2a: Decidueye
|-damage|p2a: Decidueye|17/100
|cant|p2a: Decidueye|flinch
|
|upkeep
|turn|11
|
|t:|1685851922
|move|p2a: Decidueye|Sucker Punch|p1a: the honse
|-damage|p1a: the honse|54/100
|-damage|p2a: Decidueye|7/100|[from] item: Life Orb
|move|p1a: the honse|Icicle Crash|p2a: Decidueye
|-supereffective|p2a: Decidueye
|-damage|p2a: Decidueye|0 fnt
|faint|p2a: Decidueye
|-ability|p1a: the honse|Chilling Neigh|boost
|-boost|p1a: the honse|atk|1
|
|-sideend|p2: pikaplayer101|Reflect
|-fieldend|move: Trick Room
|upkeep
|
|t:|1685851927
|switch|p2a: Sneasler|Sneasler, F|100/100
|turn|12
|
|t:|1685851934
|switch|p1a: The Device|Magearna|100/100
|-damage|p1a: The Device|94/100|[from] Stealth Rock
|move|p2a: Sneasler|Swords Dance|p2a: Sneasler
|-boost|p2a: Sneasler|atk|2
|
|-sideend|p2: pikaplayer101|move: Light Screen
|upkeep
|turn|13
|
|t:|1685851937
|move|p2a: Sneasler|Close Combat|p1a: The Device
|-damage|p1a: The Device|0 fnt
|-unboost|p2a: Sneasler|def|1
|-unboost|p2a: Sneasler|spd|1
|faint|p1a: The Device
|
|upkeep
|
|t:|1685851946
|switch|p1a: suicide machine|Cresselia, F|100/100
|-damage|p1a: suicide machine|88/100|[from] Stealth Rock
|turn|14
|
|t:|1685851959
|-terastallize|p1a: suicide machine|Fighting
|move|p2a: Sneasler|Dire Claw|p1a: suicide machine
|-damage|p1a: suicide machine|35/100
|-status|p1a: suicide machine|par
|move|p1a: suicide machine|Trick Room|p1a: suicide machine
|-fieldstart|move: Trick Room|[of] p1a: suicide machine
|
|upkeep
|turn|15
|
|t:|1685851981
|move|p1a: suicide machine|Lunar Dance|p1a: suicide machine
|faint|p1a: suicide machine
|move|p2a: Sneasler|Dire Claw|p1: suicide machine|[notarget]
|-fail|p2a: Sneasler
|
|upkeep
|
|t:|1685851984
|switch|p1a: the honse|Glastrier|54/100
|-heal|p1a: the honse|100/100|[from] move: Lunar Dance
|turn|16
|
|t:|1685851990
|move|p1a: the honse|Icicle Crash|p2a: Sneasler
|-enditem|p2a: Sneasler|Focus Sash
|-damage|p2a: Sneasler|1/100
|move|p2a: Sneasler|Close Combat|p1a: the honse
|-supereffective|p1a: the honse
|-damage|p1a: the honse|0 fnt
|-unboost|p2a: Sneasler|def|1
|-unboost|p2a: Sneasler|spd|1
|faint|p1a: the honse
|
|upkeep
|
|t:|1685851993
|switch|p1a: Sucker Punch|Kingambit, M|87/100
|-damage|p1a: Sucker Punch|80/100|[from] Stealth Rock
|-activate|p1a: Sucker Punch|ability: Supreme Overlord
|-start|p1a: Sucker Punch|fallen5|[silent]
|turn|17
|
|t:|1685852004
|move|p1a: Sucker Punch|Iron Head|p2a: Sneasler
|-damage|p2a: Sneasler|0 fnt
|faint|p2a: Sneasler
|
|-heal|p1a: Sucker Punch|87/100|[from] item: Leftovers
|upkeep
|
|t:|1685852007
|switch|p2a: Ursaluna|Ursaluna, F|100/100
|turn|18
|
|t:|1685852024
|move|p2a: Ursaluna|Headlong Rush|p1a: Sucker Punch
|-supereffective|p1a: Sucker Punch
|-damage|p1a: Sucker Punch|0 fnt
|-unboost|p2a: Ursaluna|def|1
|-unboost|p2a: Ursaluna|spd|1
|faint|p1a: Sucker Punch
|-end|p1a: Sucker Punch|fallen5|[silent]
|
|win|pikaplayer101
|raw|DMPancake's rating: 1102 → 1076(-26 for losing)
|raw|pikaplayer101's rating: 1090 → 1117(+27 for winning)
|c|☆DMPancake|ggs
