|j|☆IsAnythingReal
|j|☆jxguketchum
|t:|1685843577
|gametype|singles
|player|p1|IsAnythingReal|unknownf|1256
|player|p2|jxguketchum|cynthia|1225
|teamsize|p1|6
|teamsize|p2|6
|gen|9
|tier|[Gen 9] OU
|rated|
|rule|Sleep Clause Mod: Limit one foe put to sleep
|rule|Species Clause: Limit one of each Pokémon
|rule|OHKO Clause: OHKO moves are banned
|rule|Evasion Items Clause: Evasion items are banned
|rule|Evasion Moves Clause: Evasion moves are banned
|rule|Endless Battle Clause: Forcing endless battles is banned
|rule|HP Percentage Mod: HP is shown in percentages
|clearpoke
|poke|p1|Clodsire, M|
|poke|p1|Dondozo, M|
|poke|p1|Talonflame, M|
|poke|p1|Toxapex, F|
|poke|p1|Blissey, F|
|poke|p1|Muk-Alola, F|
|poke|p2|Arcanine-Hisui, F|
|poke|p2|Rotom-Wash|
|poke|p2|Decidueye-Hisui, M|
|poke|p2|Meowscarada, F|
|poke|p2|Magearna-Original|
|poke|p2|Moltres-Galar|
|teampreview
|inactive|Battle timer is ON: inactive players will automatically lose when time's up. (requested by jxguketchum)
|j| MistyKetchum2023
|
|t:|1685843604
|start
|switch|p1a: Blissey|Blissey, F|100/100
|switch|p2a: Meowscarada|Meowscarada, F|100/100
|turn|1
|c| MistyKetchum2023|dad dinners ready pls lose quick
|
|t:|1685843627
|switch|p1a: Talonflame|Talonflame, M|100/100
|move|p2a: Meowscarada|Knock Off|p1a: Talonflame
|-start|p2a: Meowscarada|typechange|Dark|[from] ability: Protean
|-damage|p1a: Talonflame|57/100
|-status|p2a: Meowscarada|brn|[from] ability: Flame Body|[of] p1a: Talonflame
|-enditem|p1a: Talonflame|Heavy-Duty Boots|[from] move: Knock Off|[of] p2a: Meowscarada
|
|-damage|p2a: Meowscarada|94/100 brn|[from] brn
|upkeep
|turn|2
|
|t:|1685843641
|switch|p2a: Rotom|Rotom-Wash, shiny|100/100
|move|p1a: Talonflame|Roost|p1a: Talonflame
|-heal|p1a: Talonflame|100/100
|-singleturn|p1a: Talonflame|move: Roost
|
|upkeep
|turn|3
|
|t:|1685843649
|switch|p1a: Blissey|Blissey, F|100/100
|move|p2a: Rotom|Thunder Wave|p1a: Blissey
|-status|p1a: Blissey|par
|
|upkeep
|turn|4
|
|t:|1685843654
|move|p2a: Rotom|Volt Switch|p1a: Blissey
|-damage|p1a: Blissey|93/100 par
|
|t:|1685843658
|switch|p2a: Meowscarada|Meowscarada, F|94/100 brn|[from] Volt Switch
|cant|p1a: Blissey|par
|
|-damage|p2a: Meowscarada|88/100 brn|[from] brn
|upkeep
|turn|5
|
|t:|1685843665
|-curestatus|p1a: Blissey|par|[from] ability: Natural Cure
|switch|p1a: Talonflame|Talonflame, M|100/100
|move|p2a: Meowscarada|Knock Off|p1a: Talonflame
|-start|p2a: Meowscarada|typechange|Dark|[from] ability: Protean
|-crit|p1a: Talonflame
|-damage|p1a: Talonflame|78/100
|
|-damage|p2a: Meowscarada|82/100 brn|[from] brn
|upkeep
|turn|6
|
|t:|1685843678
|switch|p2a: Rotom|Rotom-Wash, shiny|100/100
|move|p1a: Talonflame|Will-O-Wisp|p2a: Rotom|[miss]
|-miss|p1a: Talonflame|p2a: Rotom
|
|upkeep
|turn|7
|
|t:|1685843691
|switch|p1a: Blissey|Blissey, F|93/100
|move|p2a: Rotom|Thunder Wave|p1a: Blissey
|-status|p1a: Blissey|par
|
|upkeep
|turn|8
|
|t:|1685843705
|switch|p2a: Arcanine|Arcanine-Hisui, F, shiny|100/100
|move|p1a: Blissey|Stealth Rock|p2a: Arcanine
|-sidestart|p2: jxguketchum|move: Stealth Rock
|
|upkeep
|turn|9
|
|t:|1685843727
|-curestatus|p1a: Blissey|par|[from] ability: Natural Cure
|switch|p1a: Talonflame|Talonflame, M|78/100
|move|p2a: Arcanine|Agility|p2a: Arcanine
|-boost|p2a: Arcanine|spe|2
|
|upkeep
|turn|10
|
|t:|1685843737
|-terastallize|p1a: Talonflame|Ghost
|move|p2a: Arcanine|Head Smash|p1a: Talonflame
|-damage|p1a: Talonflame|5/100
|move|p1a: Talonflame|Will-O-Wisp|p2a: Arcanine
|-immune|p2a: Arcanine
|
|upkeep
|turn|11
|
|t:|1685843750
|move|p2a: Arcanine|Flare Blitz|p1a: Talonflame
|-damage|p1a: Talonflame|0 fnt
|faint|p1a: Talonflame
|
|upkeep
|
|t:|1685843761
|switch|p1a: Dondozo|Dondozo, M|100/100
|turn|12
|
|t:|1685843769
|switch|p2a: Rotom|Rotom-Wash, shiny|100/100
|-damage|p2a: Rotom|88/100|[from] Stealth Rock
|move|p1a: Dondozo|Liquidation|p2a: Rotom
|-resisted|p2a: Rotom
|-damage|p2a: Rotom|74/100
|
|-heal|p2a: Rotom|80/100|[from] item: Leftovers
|upkeep
|turn|13
|
|t:|1685843775
|switch|p1a: Blissey|Blissey, F|93/100
|move|p2a: Rotom|Will-O-Wisp|p1a: Blissey
|-status|p1a: Blissey|brn
|
|-heal|p2a: Rotom|86/100|[from] item: Leftovers
|-damage|p1a: Blissey|87/100 brn|[from] brn
|upkeep
|turn|14
|
|t:|1685843784
|switch|p2a: Decidueye|Decidueye-Hisui, M|100/100
|-damage|p2a: Decidueye|94/100|[from] Stealth Rock
|move|p1a: Blissey|Seismic Toss|p2a: Decidueye
|-damage|p2a: Decidueye|68/100
|
|-damage|p1a: Blissey|81/100 brn|[from] brn
|upkeep
|turn|15
|
|t:|1685843799
|-curestatus|p1a: Blissey|brn|[from] ability: Natural Cure
|switch|p1a: Toxapex|Toxapex, F|100/100
|move|p2a: Decidueye|Knock Off|p1a: Toxapex
|-damage|p1a: Toxapex|86/100
|-enditem|p1a: Toxapex|Heavy-Duty Boots|[from] move: Knock Off|[of] p2a: Decidueye
|
|upkeep
|turn|16
|
|t:|1685843810
|move|p2a: Decidueye|Leaf Storm|p1a: Toxapex
|-damage|p1a: Toxapex|35/100
|-unboost|p2a: Decidueye|spa|2
|move|p1a: Toxapex|Infestation|p2a: Decidueye
|-crit|p2a: Decidueye
|-damage|p2a: Decidueye|64/100
|-activate|p2a: Decidueye|move: Infestation|[of] p1a: Toxapex
|
|-damage|p2a: Decidueye|51/100|[from] move: Infestation|[partiallytrapped]
|upkeep
|turn|17
|inactive|IsAnythingReal has 120 seconds left.
|
|t:|1685843841
|switch|p1a: Muk|Muk-Alola, F, shiny|100/100
|move|p2a: Decidueye|Triple Arrows|p1a: Muk
|-damage|p1a: Muk|67/100
|
|-end|p2a: Decidueye|Infestation|[partiallytrapped]|[silent]
|upkeep
|turn|18
|inactive|IsAnythingReal has 120 seconds left.
|
|t:|1685843856
|move|p2a: Decidueye|Defog|p1a: Muk
|-unboost|p1a: Muk|evasion|1
|-sideend|p2: jxguketchum|Stealth Rock|[from] move: Defog|[of] p2a: Decidueye
|move|p1a: Muk|Knock Off|p2a: Decidueye
|-resisted|p2a: Decidueye
|-damage|p2a: Decidueye|28/100
|-enditem|p2a: Decidueye|Expert Belt|[from] move: Knock Off|[of] p1a: Muk
|
|upkeep
|turn|19
|inactive|IsAnythingReal has 120 seconds left.
|
|t:|1685843866
|move|p2a: Decidueye|Triple Arrows|p1a: Muk
|-crit|p1a: Muk
|-damage|p1a: Muk|15/100
|move|p1a: Muk|Poison Jab|p2a: Decidueye
|-supereffective|p2a: Decidueye
|-damage|p2a: Decidueye|0 fnt
|faint|p2a: Decidueye
|
|upkeep
|inactive|jxguketchum has 120 seconds left.
|
|t:|1685843918
|switch|p2a: Magearna|Magearna-Original|100/100
|turn|20
|
|t:|1685843926
|move|p2a: Magearna|Iron Head|p1a: Muk
|-damage|p1a: Muk|0 fnt
|faint|p1a: Muk
|-ability|p2a: Magearna|Soul-Heart|boost
|-boost|p2a: Magearna|spa|1
|
|upkeep
|inactive|IsAnythingReal has 120 seconds left.
|
|t:|1685843949
|switch|p1a: Blissey|Blissey, F|81/100
|turn|21
|inactive|jxguketchum has 120 seconds left.
|
|t:|1685843955
|move|p2a: Magearna|Shift Gear|p2a: Magearna
|-boost|p2a: Magearna|spe|2
|-boost|p2a: Magearna|atk|1
|move|p1a: Blissey|Stealth Rock|p2a: Magearna
|-sidestart|p2: jxguketchum|move: Stealth Rock
|
|upkeep
|turn|22
|
|t:|1685843964
|move|p2a: Magearna|Encore|p1a: Blissey
|-start|p1a: Blissey|Encore
|move|p1a: Blissey|Stealth Rock||[still]
|-fail|p1a: Blissey
|
|upkeep
|turn|23
|inactive|IsAnythingReal has 120 seconds left.
|
|t:|1685843992
|switch|p1a: Dondozo|Dondozo, M|100/100
|move|p2a: Magearna|Iron Head|p1a: Dondozo
|-resisted|p1a: Dondozo
|-damage|p1a: Dondozo|94/100
|
|upkeep
|turn|24
|
|t:|1685844003
|move|p2a: Magearna|Fleur Cannon|p1a: Dondozo
|-damage|p1a: Dondozo|44/100
|-unboost|p2a: Magearna|spa|2
|move|p1a: Dondozo|Body Press|p2a: Magearna
|-damage|p2a: Magearna|81/100
|
|upkeep
|turn|25
|
|t:|1685844016
|move|p2a: Magearna|Fleur Cannon|p1a: Dondozo|[miss]
|-miss|p2a: Magearna|p1a: Dondozo
|move|p1a: Dondozo|Rest|p1a: Dondozo
|-status|p1a: Dondozo|slp|[from] move: Rest
|-heal|p1a: Dondozo|100/100 slp|[silent]
|
|upkeep
|turn|26
|inactive|IsAnythingReal has 120 seconds left.
|
|t:|1685844035
|move|p2a: Magearna|Encore|p1a: Dondozo
|-start|p1a: Dondozo|Encore
|cant|p1a: Dondozo|slp
|
|upkeep
|turn|27
|inactive|IsAnythingReal has 120 seconds left.
|
|t:|1685844055
|switch|p2a: Moltres|Moltres-Galar, shiny|100/100
|-damage|p2a: Moltres|76/100|[from] Stealth Rock
|switch|p1a: Toxapex|Toxapex, F|69/100
|
|upkeep
|turn|28
|inactive|IsAnythingReal has 120 seconds left.
|inactive|jxguketchum has 120 seconds left.
|
|t:|1685844073
|move|p2a: Moltres|Fiery Wrath|p1a: Toxapex
|-damage|p1a: Toxapex|41/100
|move|p1a: Toxapex|Toxic|p2a: Moltres
|-status|p2a: Moltres|tox
|
|-damage|p2a: Moltres|69/100 tox|[from] psn
|upkeep
|turn|29
|inactive|IsAnythingReal has 120 seconds left.
|
|t:|1685844080
|switch|p1a: Blissey|Blissey, F|81/100
|move|p2a: Moltres|Air Slash|p1a: Blissey
|-damage|p1a: Blissey|73/100
|
|-damage|p2a: Moltres|57/100 tox|[from] psn
|upkeep
|turn|30
|
|t:|1685844088
|move|p2a: Moltres|Fiery Wrath|p1a: Blissey
|-damage|p1a: Blissey|64/100
|move|p1a: Blissey|Soft-Boiled|p1a: Blissey
|-heal|p1a: Blissey|100/100
|
|-damage|p2a: Moltres|38/100 tox|[from] psn
|upkeep
|turn|31
|
|t:|1685844098
|move|p2a: Moltres|Taunt|p1a: Blissey
|-start|p1a: Blissey|move: Taunt
|cant|p1a: Blissey|move: Taunt|Soft-Boiled
|
|-damage|p2a: Moltres|14/100 tox|[from] psn
|upkeep
|turn|32
|
|t:|1685844103
|move|p2a: Moltres|Fiery Wrath|p1a: Blissey
|-damage|p1a: Blissey|91/100
|move|p1a: Blissey|Shadow Ball|p2a: Moltres
|-resisted|p2a: Moltres
|-damage|p2a: Moltres|9/100 tox
|
|-damage|p2a: Moltres|0 fnt|[from] psn
|faint|p2a: Moltres
|upkeep
|
|t:|1685844110
|switch|p2a: Meowscarada|Meowscarada, F|82/100 brn
|-damage|p2a: Meowscarada|70/100 brn|[from] Stealth Rock
|turn|33
|
|t:|1685844122
|switch|p1a: Toxapex|Toxapex, F|74/100
|move|p2a: Meowscarada|Knock Off|p1a: Toxapex
|-start|p2a: Meowscarada|typechange|Dark|[from] ability: Protean
|-damage|p1a: Toxapex|65/100
|
|-damage|p2a: Meowscarada|64/100 brn|[from] brn
|upkeep
|turn|34
|
|t:|1685844128
|move|p2a: Meowscarada|U-turn|p1a: Toxapex
|-resisted|p1a: Toxapex
|-damage|p1a: Toxapex|62/100
|
|t:|1685844134
|switch|p2a: Magearna|Magearna-Original|81/100|[from] U-turn
|-damage|p2a: Magearna|75/100|[from] Stealth Rock
|move|p1a: Toxapex|Infestation|p2a: Magearna
|-resisted|p2a: Magearna
|-damage|p2a: Magearna|74/100
|-activate|p2a: Magearna|move: Infestation|[of] p1a: Toxapex
|
|-damage|p2a: Magearna|62/100|[from] move: Infestation|[partiallytrapped]
|upkeep
|turn|35
|
|t:|1685844163
|move|p2a: Magearna|Fleur Cannon|p1a: Toxapex
|-resisted|p1a: Toxapex
|-damage|p1a: Toxapex|39/100
|-unboost|p2a: Magearna|spa|2
|move|p1a: Toxapex|Recover|p1a: Toxapex
|-heal|p1a: Toxapex|89/100
|
|-damage|p2a: Magearna|50/100|[from] move: Infestation|[partiallytrapped]
|upkeep
|turn|36
|
|t:|1685844171
|move|p2a: Magearna|Encore|p1a: Toxapex
|-start|p1a: Toxapex|Encore
|move|p1a: Toxapex|Recover|p1a: Toxapex
|-heal|p1a: Toxapex|100/100
|
|-damage|p2a: Magearna|37/100|[from] move: Infestation|[partiallytrapped]
|upkeep
|turn|37
|
|t:|1685844185
|switch|p1a: Dondozo|Dondozo, M|100/100 slp
|move|p2a: Magearna|Iron Head|p1a: Dondozo
|-resisted|p1a: Dondozo
|-damage|p1a: Dondozo|94/100 slp
|
|-end|p2a: Magearna|Infestation|[partiallytrapped]|[silent]
|upkeep
|turn|38
|
|t:|1685844190
|switch|p1a: Blissey|Blissey, F|91/100
|move|p2a: Magearna|Fleur Cannon|p1a: Blissey
|-crit|p1a: Blissey
|-damage|p1a: Blissey|67/100
|-unboost|p2a: Magearna|spa|2
|
|upkeep
|turn|39
|
|t:|1685844194
|move|p2a: Magearna|Iron Head|p1a: Blissey
|-damage|p1a: Blissey|19/100
|move|p1a: Blissey|Soft-Boiled|p1a: Blissey
|-heal|p1a: Blissey|69/100
|
|upkeep
|turn|40
|
|t:|1685844203
|switch|p1a: Toxapex|Toxapex, F|100/100
|move|p2a: Magearna|Iron Head|p1a: Toxapex
|-resisted|p1a: Toxapex
|-damage|p1a: Toxapex|93/100
|
|upkeep
|turn|41
|
|t:|1685844208
|switch|p2a: Rotom|Rotom-Wash, shiny|86/100
|-damage|p2a: Rotom|74/100|[from] Stealth Rock
|move|p1a: Toxapex|Infestation|p2a: Rotom
|-damage|p2a: Rotom|71/100
|-activate|p2a: Rotom|move: Infestation|[of] p1a: Toxapex
|
|-heal|p2a: Rotom|77/100|[from] item: Leftovers
|-damage|p2a: Rotom|65/100|[from] move: Infestation|[partiallytrapped]
|upkeep
|turn|42
|
|t:|1685844215
|switch|p1a: Blissey|Blissey, F|69/100
|move|p2a: Rotom|Thunder Wave|p1a: Blissey
|-status|p1a: Blissey|par
|
|-heal|p2a: Rotom|71/100|[from] item: Leftovers
|-end|p2a: Rotom|Infestation|[partiallytrapped]|[silent]
|upkeep
|turn|43
|
|t:|1685844219
|move|p2a: Rotom|Hydro Pump|p1a: Blissey|[miss]
|-miss|p2a: Rotom|p1a: Blissey
|move|p1a: Blissey|Soft-Boiled|p1a: Blissey
|-heal|p1a: Blissey|100/100 par
|
|-heal|p2a: Rotom|77/100|[from] item: Leftovers
|upkeep
|turn|44
|
|t:|1685844228
|move|p2a: Rotom|Hydro Pump|p1a: Blissey
|-damage|p1a: Blissey|89/100 par
|cant|p1a: Blissey|par
|
|-heal|p2a: Rotom|84/100|[from] item: Leftovers
|upkeep
|turn|45
|
|t:|1685844235
|move|p2a: Rotom|Hydro Pump|p1a: Blissey
|-damage|p1a: Blissey|77/100 par
|move|p1a: Blissey|Seismic Toss|p2a: Rotom
|-damage|p2a: Rotom|51/100
|
|-heal|p2a: Rotom|57/100|[from] item: Leftovers
|upkeep
|turn|46
|
|t:|1685844249
|switch|p2a: Meowscarada|Meowscarada, F|64/100 brn
|-damage|p2a: Meowscarada|51/100 brn|[from] Stealth Rock
|move|p1a: Blissey|Seismic Toss|p2a: Meowscarada
|-damage|p2a: Meowscarada|17/100 brn
|
|-damage|p2a: Meowscarada|11/100 brn|[from] brn
|upkeep
|turn|47
|
|t:|1685844256
|-curestatus|p1a: Blissey|par|[from] ability: Natural Cure
|switch|p1a: Toxapex|Toxapex, F|100/100
|move|p2a: Meowscarada|Flower Trick|p1a: Toxapex
|-start|p2a: Meowscarada|typechange|Grass|[from] ability: Protean
|-crit|p1a: Toxapex
|-damage|p1a: Toxapex|84/100
|
|-damage|p2a: Meowscarada|5/100 brn|[from] brn
|upkeep
|turn|48
|
|t:|1685844260
|move|p2a: Meowscarada|U-turn|p1a: Toxapex
|-resisted|p1a: Toxapex
|-damage|p1a: Toxapex|81/100
|
|t:|1685844267
|switch|p2a: Arcanine|Arcanine-Hisui, F, shiny|100/100|[from] U-turn
|-damage|p2a: Arcanine|76/100|[from] Stealth Rock
|move|p1a: Toxapex|Infestation|p2a: Arcanine
|-resisted|p2a: Arcanine
|-damage|p2a: Arcanine|74/100
|-activate|p2a: Arcanine|move: Infestation|[of] p1a: Toxapex
|
|-damage|p2a: Arcanine|62/100|[from] move: Infestation|[partiallytrapped]
|upkeep
|turn|49
|
|t:|1685844276
|switch|p1a: Dondozo|Dondozo, M|94/100 slp
|move|p2a: Arcanine|Head Smash|p1a: Dondozo
|-damage|p1a: Dondozo|58/100 slp
|
|-end|p2a: Arcanine|Infestation|[partiallytrapped]|[silent]
|upkeep
|turn|50
|
|t:|1685844288
|move|p2a: Arcanine|Head Smash|p1a: Dondozo
|-damage|p1a: Dondozo|20/100 slp
|cant|p1a: Dondozo|slp
|move|p1a: Dondozo|Sleep Talk|p1a: Dondozo
|move|p1a: Dondozo|Liquidation|p2a: Arcanine|[from]move: Sleep Talk
|-supereffective|p2a: Arcanine
|-damage|p2a: Arcanine|0 fnt
|faint|p2a: Arcanine
|
|upkeep
|-message|jxguketchum forfeited.
|
|win|IsAnythingReal
|raw|IsAnythingReal's rating: 1256 → 1279(+23 for winning)
|raw|jxguketchum's rating: 1225 → 1202(-23 for losing)
|l|☆jxguketchum
