|j|☆TaunterMan
|j|‽skoma
|t:|1685901337
|gametype|singles
|player|p1|TaunterMan|2|1911
|player|p2|skoma|#ompl2021spindawheels|1824
|teamsize|p1|6
|teamsize|p2|6
|gen|9
|tier|[Gen 9] OU
|rated|
|rule|Sleep Clause Mod: Limit one foe put to sleep
|rule|Species Clause: Limit one of each Pokémon
|rule|OHKO Clause: OHKO moves are banned
|rule|Evasion Items Clause: Evasion items are banned
|rule|Evasion Moves Clause: Evasion moves are banned
|rule|Endless Battle Clause: Forcing endless battles is banned
|rule|HP Percentage Mod: HP is shown in percentages
|clearpoke
|poke|p1|Basculegion, M|
|poke|p1|Garganacl, M|
|poke|p1|Cinderace, M|
|poke|p1|Landorus-Therian, M|
|poke|p1|Thundurus-Therian, M|
|poke|p1|Magearna|
|poke|p2|Kingambit, F|
|poke|p2|Corviknight, M|
|poke|p2|Decidueye-Hisui, M|
|poke|p2|Hippowdon, F|
|poke|p2|Toxapex, M|
|poke|p2|Hatterene, F|
|teampreview
|inactive|Battle timer is ON: inactive players will automatically lose when time's up. (requested by skoma)
|
|t:|1685901360
|start
|switch|p1a: Magearna|Magearna|100/100
|switch|p2a: Decidueye|Decidueye-Hisui, M|100/100
|turn|1
|
|t:|1685901370
|switch|p2a: Toxapex|Toxapex, M|100/100
|move|p1a: Magearna|Fleur Cannon|p2a: Toxapex
|-resisted|p2a: Toxapex
|-damage|p2a: Toxapex|65/100
|-unboost|p1a: Magearna|spa|2
|
|-heal|p2a: Toxapex|71/100|[from] item: Leftovers
|upkeep
|turn|2
|
|t:|1685901380
|switch|p1a: Garganacl|Garganacl, M|100/100
|move|p2a: Toxapex|Toxic|p1a: Garganacl
|-immune|p1a: Garganacl|[from] ability: Purifying Salt
|
|-heal|p2a: Toxapex|77/100|[from] item: Leftovers
|upkeep
|turn|3
|
|t:|1685901389
|switch|p2a: Hippowdon|Hippowdon, F|100/100
|-weather|Sandstorm|[from] ability: Sand Stream|[of] p2a: Hippowdon
|move|p1a: Garganacl|Stealth Rock|p2a: Hippowdon
|-sidestart|p2: skoma|move: Stealth Rock
|
|-weather|Sandstorm|[upkeep]
|upkeep
|turn|4
|
|t:|1685901409
|switch|p1a: Thundurus|Thundurus-Therian, M|100/100
|move|p2a: Hippowdon|Stealth Rock|p1a: Thundurus
|-sidestart|p1: TaunterMan|move: Stealth Rock
|
|-weather|Sandstorm|[upkeep]
|-damage|p1a: Thundurus|94/100|[from] Sandstorm
|upkeep
|turn|5
|
|t:|1685901414
|move|p1a: Thundurus|Substitute|p1a: Thundurus
|-start|p1a: Thundurus|Substitute
|-damage|p1a: Thundurus|70/100
|move|p2a: Hippowdon|Rock Slide|p1a: Thundurus|[miss]
|-miss|p2a: Hippowdon|p1a: Thundurus
|
|-weather|Sandstorm|[upkeep]
|-damage|p1a: Thundurus|64/100|[from] Sandstorm
|upkeep
|turn|6
|
|t:|1685901419
|move|p1a: Thundurus|Nasty Plot|p1a: Thundurus
|-boost|p1a: Thundurus|spa|2
|move|p2a: Hippowdon|Rock Slide|p1a: Thundurus
|-supereffective|p1a: Thundurus
|-crit|p1a: Thundurus
|-end|p1a: Thundurus|Substitute
|
|-weather|Sandstorm|[upkeep]
|-damage|p1a: Thundurus|58/100|[from] Sandstorm
|upkeep
|turn|7
|j| the eminence
|
|t:|1685901426
|-terastallize|p1a: Thundurus|Ice
|move|p1a: Thundurus|Tera Blast|p2a: Hippowdon
|-supereffective|p2a: Hippowdon
|-damage|p2a: Hippowdon|0 fnt
|faint|p2a: Hippowdon
|
|-weather|none
|upkeep
|j| Jimmy Powka
|j| D Great Dane
|j| dieanword
|
|t:|1685901431
|switch|p2a: Kingambit|Kingambit, F|100/100
|-damage|p2a: Kingambit|94/100|[from] Stealth Rock
|-activate|p2a: Kingambit|ability: Supreme Overlord
|-start|p2a: Kingambit|fallen1|[silent]
|turn|8
|j| bmfchjkgfckh
|
|t:|1685901437
|switch|p1a: Landorus|Landorus-Therian, M|100/100
|-damage|p1a: Landorus|88/100|[from] Stealth Rock
|-ability|p1a: Landorus|Intimidate|boost
|-unboost|p2a: Kingambit|atk|1
|move|p2a: Kingambit|Iron Head|p1a: Landorus
|-damage|p1a: Landorus|60/100
|
|-heal|p2a: Kingambit|100/100|[from] item: Leftovers
|upkeep
|turn|9
|l| D Great Dane
|
|t:|1685901444
|-end|p2a: Kingambit|fallen1|[silent]
|switch|p2a: Decidueye|Decidueye-Hisui, M|100/100
|move|p1a: Landorus|U-turn|p2a: Decidueye
|-damage|p2a: Decidueye|79/100
|
|t:|1685901460
|switch|p1a: Magearna|Magearna|100/100|[from] U-turn
|-damage|p1a: Magearna|94/100|[from] Stealth Rock
|
|upkeep
|turn|10
|
|t:|1685901468
|move|p2a: Decidueye|Knock Off|p1a: Magearna
|-resisted|p1a: Magearna
|-damage|p1a: Magearna|85/100
|-enditem|p1a: Magearna|Choice Specs|[from] move: Knock Off|[of] p2a: Decidueye
|move|p1a: Magearna|Volt Switch|p2a: Decidueye
|-resisted|p2a: Decidueye
|-damage|p2a: Decidueye|68/100
|j| manjuro
|
|t:|1685901473
|switch|p1a: Cinderace|Cinderace, M|100/100|[from] Volt Switch
|
|upkeep
|turn|11
|
|t:|1685901479
|switch|p2a: Toxapex|Toxapex, M|100/100
|-damage|p2a: Toxapex|88/100|[from] Stealth Rock
|move|p1a: Cinderace|Will-O-Wisp|p2a: Toxapex
|-status|p2a: Toxapex|brn
|
|-heal|p2a: Toxapex|94/100 brn|[from] item: Leftovers
|-damage|p2a: Toxapex|88/100 brn|[from] brn
|upkeep
|turn|12
|
|t:|1685901487
|move|p1a: Cinderace|U-turn|p2a: Toxapex
|-resisted|p2a: Toxapex
|-damage|p2a: Toxapex|81/100 brn
|
|t:|1685901490
|switch|p1a: Magearna|Magearna|85/100|[from] U-turn
|-damage|p1a: Magearna|79/100|[from] Stealth Rock
|move|p2a: Toxapex|Ice Beam|p1a: Magearna
|-resisted|p1a: Magearna
|-damage|p1a: Magearna|73/100
|
|-heal|p2a: Toxapex|87/100 brn|[from] item: Leftovers
|-damage|p2a: Toxapex|81/100 brn|[from] brn
|upkeep
|turn|13
|
|t:|1685901498
|move|p1a: Magearna|Trick|p2a: Toxapex
|-activate|p1a: Magearna|move: Trick|[of] p2a: Toxapex
|-enditem|p2a: Toxapex|Leftovers|[silent]|[from] move: Trick
|-item|p1a: Magearna|Leftovers|[from] move: Trick
|move|p2a: Toxapex|Recover|p2a: Toxapex
|-heal|p2a: Toxapex|100/100 brn
|
|-heal|p1a: Magearna|80/100|[from] item: Leftovers
|-damage|p2a: Toxapex|94/100 brn|[from] brn
|upkeep
|turn|14
|
|t:|1685901502
|move|p1a: Magearna|Volt Switch|p2a: Toxapex
|-supereffective|p2a: Toxapex
|-damage|p2a: Toxapex|53/100 brn
|
|t:|1685901510
|switch|p1a: Garganacl|Garganacl, M|100/100|[from] Volt Switch
|-damage|p1a: Garganacl|88/100|[from] Stealth Rock
|move|p2a: Toxapex|Ice Beam|p1a: Garganacl
|-damage|p1a: Garganacl|77/100
|
|-heal|p1a: Garganacl|83/100|[from] item: Leftovers
|-damage|p2a: Toxapex|47/100 brn|[from] brn
|upkeep
|turn|15
|
|t:|1685901514
|switch|p2a: Decidueye|Decidueye-Hisui, M|68/100
|move|p1a: Garganacl|Salt Cure|p2a: Decidueye
|-resisted|p2a: Decidueye
|-damage|p2a: Decidueye|61/100
|-start|p2a: Decidueye|Salt Cure
|
|-heal|p1a: Garganacl|89/100|[from] item: Leftovers
|-damage|p2a: Decidueye|49/100|[from] Salt Cure
|upkeep
|turn|16
|
|t:|1685901524
|switch|p2a: Kingambit|Kingambit, F|100/100
|-damage|p2a: Kingambit|94/100|[from] Stealth Rock
|-activate|p2a: Kingambit|ability: Supreme Overlord
|-start|p2a: Kingambit|fallen1|[silent]
|switch|p1a: Magearna|Magearna|80/100
|-damage|p1a: Magearna|73/100|[from] Stealth Rock
|
|-heal|p1a: Magearna|80/100|[from] item: Leftovers
|-heal|p2a: Kingambit|100/100|[from] item: Leftovers
|upkeep
|turn|17
|c| dieanword|ehm why not black sludge toxa?
|
|t:|1685901530
|move|p1a: Magearna|Fleur Cannon|p2a: Kingambit
|-damage|p2a: Kingambit|37/100
|-unboost|p1a: Magearna|spa|2
|move|p2a: Kingambit|Iron Head|p1a: Magearna
|-damage|p1a: Magearna|46/100
|
|-heal|p1a: Magearna|52/100|[from] item: Leftovers
|-heal|p2a: Kingambit|43/100|[from] item: Leftovers
|upkeep
|turn|18
|
|t:|1685901541
|move|p1a: Magearna|Volt Switch|p2a: Kingambit
|-damage|p2a: Kingambit|31/100
|
|t:|1685901550
|switch|p1a: Basculegion|Basculegion, M|100/100|[from] Volt Switch
|-damage|p1a: Basculegion|88/100|[from] Stealth Rock
|move|p2a: Kingambit|Iron Head|p1a: Basculegion
|-resisted|p1a: Basculegion
|-damage|p1a: Basculegion|59/100
|
|-heal|p2a: Kingambit|37/100|[from] item: Leftovers
|upkeep
|turn|19
|
|t:|1685901556
|-end|p2a: Kingambit|fallen1|[silent]
|switch|p2a: Decidueye|Decidueye-Hisui, M|49/100
|move|p1a: Basculegion|Aqua Jet|p2a: Decidueye
|-resisted|p2a: Decidueye
|-damage|p2a: Decidueye|30/100
|
|upkeep
|turn|20
|
|t:|1685901562
|switch|p1a: Cinderace|Cinderace, M|100/100
|move|p2a: Decidueye|Triple Arrows|p1a: Cinderace
|-damage|p1a: Cinderace|65/100
|
|upkeep
|turn|21
|
|t:|1685901568
|switch|p2a: Toxapex|Toxapex, M|80/100 brn
|-damage|p2a: Toxapex|68/100 brn|[from] Stealth Rock
|move|p1a: Cinderace|Pyro Ball|p2a: Toxapex
|-resisted|p2a: Toxapex
|-damage|p2a: Toxapex|50/100 brn
|
|-damage|p2a: Toxapex|44/100 brn|[from] brn
|upkeep
|turn|22
|
|t:|1685901572
|move|p1a: Cinderace|U-turn|p2a: Toxapex
|-resisted|p2a: Toxapex
|-damage|p2a: Toxapex|37/100 brn
|
|t:|1685901583
|switch|p1a: Magearna|Magearna|52/100|[from] U-turn
|-damage|p1a: Magearna|46/100|[from] Stealth Rock
|move|p2a: Toxapex|Recover|p2a: Toxapex
|-heal|p2a: Toxapex|87/100 brn
|
|-heal|p1a: Magearna|52/100|[from] item: Leftovers
|-damage|p2a: Toxapex|81/100 brn|[from] brn
|upkeep
|turn|23
|
|t:|1685901591
|switch|p2a: Decidueye|Decidueye-Hisui, M|30/100
|move|p1a: Magearna|Volt Switch|p2a: Decidueye
|-resisted|p2a: Decidueye
|-damage|p2a: Decidueye|17/100
|-message|skoma forfeited.
|
|win|TaunterMan
|raw|TaunterMan's rating: 1911 → 1926(+15 for winning)
|raw|skoma's rating: 1824 → 1809(-15 for losing)
|l|☆TaunterMan
|l| the eminence
|l| bmfchjkgfckh
|l| dieanword
