|j|☆Kishon234
|j|☆donkkut
|t:|1685841208
|gametype|singles
|player|p1|Kishon234|266|1367
|player|p2|donkkut|pokemonrangerf|1393
|teamsize|p1|6
|teamsize|p2|6
|gen|9
|tier|[Gen 9] OU
|rated|
|rule|Sleep Clause Mod: Limit one foe put to sleep
|rule|Species Clause: Limit one of each Pokémon
|rule|OHKO Clause: OHKO moves are banned
|rule|Evasion Items Clause: Evasion items are banned
|rule|Evasion Moves Clause: Evasion moves are banned
|rule|Endless Battle Clause: Forcing endless battles is banned
|rule|HP Percentage Mod: HP is shown in percentages
|clearpoke
|poke|p1|Arcanine-Hisui, F|
|poke|p1|Urshifu-*, F|
|poke|p1|Kingambit, M|
|poke|p1|Great Tusk|
|poke|p1|Garchomp, F|
|poke|p1|Zapdos|
|poke|p2|Basculegion-F, F|
|poke|p2|Meowscarada, F|
|poke|p2|Heatran, M|
|poke|p2|Garchomp, F|
|poke|p2|Great Tusk|
|poke|p2|Urshifu-*, F|
|teampreview
|
|t:|1685841260
|start
|switch|p1a: Zapdos|Zapdos|100/100
|switch|p2a: Garchomp|Garchomp, F|100/100
|turn|1
|
|t:|1685841277
|switch|p1a: Great Tusk|Great Tusk, shiny|100/100
|move|p2a: Garchomp|Spikes|p1a: Great Tusk
|-sidestart|p1: Kishon234|Spikes
|
|upkeep
|turn|2
|
|t:|1685841295
|switch|p2a: Basculegion|Basculegion-F, F, shiny|100/100
|move|p1a: Great Tusk|Stealth Rock|p2a: Basculegion
|-sidestart|p2: donkkut|move: Stealth Rock
|
|upkeep
|turn|3
|
|t:|1685841329
|move|p1a: Great Tusk|Knock Off|p2a: Basculegion
|-supereffective|p2a: Basculegion
|-damage|p2a: Basculegion|38/100
|-enditem|p2a: Basculegion|Petaya Berry|[from] move: Knock Off|[of] p1a: Great Tusk
|move|p2a: Basculegion|Substitute|p2a: Basculegion
|-start|p2a: Basculegion|Substitute
|-damage|p2a: Basculegion|13/100
|
|upkeep
|turn|4
|
|t:|1685841335
|move|p1a: Great Tusk|Earthquake|p2a: Basculegion
|-end|p2a: Basculegion|Substitute
|move|p2a: Basculegion|Agility|p2a: Basculegion
|-boost|p2a: Basculegion|spe|2
|
|upkeep
|turn|5
|
|t:|1685841351
|-terastallize|p1a: Great Tusk|Water
|move|p2a: Basculegion|Surf|p1a: Great Tusk
|-resisted|p1a: Great Tusk
|-damage|p1a: Great Tusk|62/100
|move|p1a: Great Tusk|Earthquake|p2a: Basculegion
|-damage|p2a: Basculegion|0 fnt
|faint|p2a: Basculegion
|
|-heal|p1a: Great Tusk|69/100|[from] item: Leftovers
|upkeep
|
|t:|1685841362
|switch|p2a: Meowscarada|Meowscarada, F|100/100
|-damage|p2a: Meowscarada|88/100|[from] Stealth Rock
|turn|6
|
|t:|1685841364
|-end|p1a: Great Tusk|Protosynthesis|[silent]
|switch|p1a: Zapdos|Zapdos|100/100
|move|p2a: Meowscarada|Flower Trick|p1a: Zapdos
|-start|p2a: Meowscarada|typechange|Grass|[from] ability: Protean
|-resisted|p1a: Zapdos
|-crit|p1a: Zapdos
|-damage|p1a: Zapdos|82/100
|
|upkeep
|turn|7
|
|t:|1685841395
|switch|p2a: Garchomp|Garchomp, F|100/100
|-damage|p2a: Garchomp|94/100|[from] Stealth Rock
|switch|p1a: Urshifu|Urshifu-Rapid-Strike, F|100/100
|-damage|p1a: Urshifu|88/100|[from] Spikes
|
|upkeep
|turn|8
|
|t:|1685841409
|move|p2a: Garchomp|Earthquake|p1a: Urshifu
|-damage|p1a: Urshifu|44/100
|move|p1a: Urshifu|Surging Strikes|p2a: Garchomp
|-crit|p2a: Garchomp
|-damage|p2a: Garchomp|77/100
|-crit|p2a: Garchomp
|-damage|p2a: Garchomp|59/100
|-crit|p2a: Garchomp
|-damage|p2a: Garchomp|40/100
|-hitcount|p2a: Garchomp|3
|
|upkeep
|turn|9
|
|t:|1685841431
|move|p2a: Garchomp|Earthquake|p1a: Urshifu
|-damage|p1a: Urshifu|1/100
|move|p1a: Urshifu|Surging Strikes|p2a: Garchomp
|-crit|p2a: Garchomp
|-damage|p2a: Garchomp|20/100
|-crit|p2a: Garchomp
|-damage|p2a: Garchomp|2/100
|-crit|p2a: Garchomp
|-damage|p2a: Garchomp|0 fnt
|faint|p2a: Garchomp
|-hitcount|p2: Garchomp|3
|
|upkeep
|
|t:|1685841447
|switch|p2a: Meowscarada|Meowscarada, F|88/100
|-damage|p2a: Meowscarada|76/100|[from] Stealth Rock
|turn|10
|
|t:|1685841461
|move|p2a: Meowscarada|Knock Off|p1a: Urshifu
|-start|p2a: Meowscarada|typechange|Dark|[from] ability: Protean
|-resisted|p1a: Urshifu
|-damage|p1a: Urshifu|0 fnt
|-enditem|p1a: Urshifu|Punching Glove|[from] move: Knock Off|[of] p2a: Meowscarada
|faint|p1a: Urshifu
|
|upkeep
|
|t:|1685841468
|switch|p1a: Arcanine|Arcanine-Hisui, F|100/100
|-damage|p1a: Arcanine|88/100|[from] Spikes
|turn|11
|
|t:|1685841487
|switch|p2a: Great Tusk|Great Tusk|100/100
|-damage|p2a: Great Tusk|98/100|[from] Stealth Rock
|move|p1a: Arcanine|Head Smash|p2a: Great Tusk
|-resisted|p2a: Great Tusk
|-damage|p2a: Great Tusk|85/100
|
|-heal|p2a: Great Tusk|91/100|[from] item: Leftovers
|upkeep
|turn|12
|
|t:|1685841501
|switch|p1a: Garchomp|Garchomp, F|100/100
|-damage|p1a: Garchomp|88/100|[from] Spikes
|move|p2a: Great Tusk|Knock Off|p1a: Garchomp
|-damage|p1a: Garchomp|62/100
|-damage|p2a: Great Tusk|78/100|[from] ability: Rough Skin|[of] p1a: Garchomp
|-enditem|p1a: Garchomp|Life Orb|[from] move: Knock Off|[of] p2a: Great Tusk
|
|-heal|p2a: Great Tusk|85/100|[from] item: Leftovers
|upkeep
|turn|13
|
|t:|1685841513
|-end|p2a: Great Tusk|Protosynthesis|[silent]
|switch|p2a: Meowscarada|Meowscarada, F|76/100
|-damage|p2a: Meowscarada|64/100|[from] Stealth Rock
|move|p1a: Garchomp|Spikes|p2a: Meowscarada
|-sidestart|p2: donkkut|Spikes
|
|upkeep
|turn|14
|
|t:|1685841526
|move|p2a: Meowscarada|Play Rough|p1a: Garchomp
|-start|p2a: Meowscarada|typechange|Fairy|[from] ability: Protean
|-supereffective|p1a: Garchomp
|-damage|p1a: Garchomp|0 fnt
|-damage|p2a: Meowscarada|51/100|[from] ability: Rough Skin|[of] p1a: Garchomp
|faint|p1a: Garchomp
|
|upkeep
|
|t:|1685841535
|switch|p1a: Kingambit|Kingambit, M|100/100
|-damage|p1a: Kingambit|88/100|[from] Spikes
|-activate|p1a: Kingambit|ability: Supreme Overlord
|-start|p1a: Kingambit|fallen2|[silent]
|turn|15
|
|t:|1685841543
|move|p2a: Meowscarada|Play Rough|p1a: Kingambit
|-damage|p1a: Kingambit|52/100
|move|p1a: Kingambit|Kowtow Cleave|p2a: Meowscarada
|-resisted|p2a: Meowscarada
|-damage|p2a: Meowscarada|3/100
|
|-heal|p1a: Kingambit|58/100|[from] item: Leftovers
|upkeep
|turn|16
|
|t:|1685841547
|move|p1a: Kingambit|Sucker Punch|p2a: Meowscarada
|-resisted|p2a: Meowscarada
|-damage|p2a: Meowscarada|0 fnt
|faint|p2a: Meowscarada
|
|-heal|p1a: Kingambit|64/100|[from] item: Leftovers
|upkeep
|
|t:|1685841565
|switch|p2a: Urshifu|Urshifu-Rapid-Strike, F|100/100
|-damage|p2a: Urshifu|94/100|[from] Stealth Rock
|-damage|p2a: Urshifu|82/100|[from] Spikes
|turn|17
|
|t:|1685841575
|-end|p1a: Kingambit|fallen2|[silent]
|switch|p1a: Zapdos|Zapdos|82/100
|move|p2a: Urshifu|Close Combat|p1a: Zapdos
|-resisted|p1a: Zapdos
|-damage|p1a: Zapdos|60/100
|-unboost|p2a: Urshifu|def|1
|-unboost|p2a: Urshifu|spd|1
|-status|p2a: Urshifu|par|[from] ability: Static|[of] p1a: Zapdos
|
|upkeep
|turn|18
|
|t:|1685841588
|switch|p2a: Heatran|Heatran, M|100/100
|-damage|p2a: Heatran|88/100|[from] Stealth Rock
|-damage|p2a: Heatran|76/100|[from] Spikes
|move|p1a: Zapdos|Hurricane|p2a: Heatran|[miss]
|-miss|p1a: Zapdos|p2a: Heatran
|
|-heal|p2a: Heatran|82/100|[from] item: Leftovers
|upkeep
|turn|19
|
|t:|1685841595
|move|p1a: Zapdos|Volt Switch|p2a: Heatran
|-damage|p2a: Heatran|61/100
|
|t:|1685841599
|switch|p1a: Great Tusk|Great Tusk, shiny, tera:Water|69/100|[from] Volt Switch
|-damage|p1a: Great Tusk|56/100|[from] Spikes
|move|p2a: Heatran|Magma Storm|p1a: Great Tusk
|-resisted|p1a: Great Tusk
|-damage|p1a: Great Tusk|27/100
|-activate|p1a: Great Tusk|move: Magma Storm|[of] p2a: Heatran
|
|-heal|p1a: Great Tusk|33/100|[from] item: Leftovers
|-heal|p2a: Heatran|67/100|[from] item: Leftovers
|-damage|p1a: Great Tusk|21/100|[from] move: Magma Storm|[partiallytrapped]
|upkeep
|turn|20
|
|t:|1685841609
|switch|p2a: Great Tusk|Great Tusk|85/100
|-damage|p2a: Great Tusk|82/100|[from] Stealth Rock
|-damage|p2a: Great Tusk|69/100|[from] Spikes
|move|p1a: Great Tusk|Earthquake|p2a: Great Tusk
|-damage|p2a: Great Tusk|49/100
|
|-heal|p1a: Great Tusk|27/100|[from] item: Leftovers
|-heal|p2a: Great Tusk|55/100|[from] item: Leftovers
|-end|p1a: Great Tusk|Magma Storm|[partiallytrapped]|[silent]
|upkeep
|turn|21
|
|t:|1685841615
|-end|p1a: Great Tusk|Protosynthesis|[silent]
|switch|p1a: Zapdos|Zapdos|60/100
|move|p2a: Great Tusk|Rapid Spin|p1a: Zapdos
|-damage|p1a: Zapdos|49/100
|-boost|p2a: Great Tusk|spe|1
|-sideend|p2: donkkut|Spikes|[from] move: Rapid Spin|[of] p2a: Great Tusk
|-sideend|p2: donkkut|Stealth Rock|[from] move: Rapid Spin|[of] p2a: Great Tusk
|
|-heal|p2a: Great Tusk|62/100|[from] item: Leftovers
|upkeep
|turn|22
|
|t:|1685841629
|move|p2a: Great Tusk|Body Press|p1a: Zapdos
|-resisted|p1a: Zapdos
|-damage|p1a: Zapdos|31/100
|move|p1a: Zapdos|Roost|p1a: Zapdos
|-heal|p1a: Zapdos|81/100
|-singleturn|p1a: Zapdos|move: Roost
|
|-heal|p2a: Great Tusk|68/100|[from] item: Leftovers
|upkeep
|turn|23
|
|t:|1685841637
|-end|p2a: Great Tusk|Protosynthesis|[silent]
|switch|p2a: Heatran|Heatran, M|67/100
|move|p1a: Zapdos|Hurricane|p2a: Heatran
|-resisted|p2a: Heatran
|-damage|p2a: Heatran|50/100
|
|-heal|p2a: Heatran|56/100|[from] item: Leftovers
|upkeep
|turn|24
|
|t:|1685841642
|move|p1a: Zapdos|Volt Switch|p2a: Heatran
|-damage|p2a: Heatran|35/100
|
|t:|1685841645
|switch|p1a: Great Tusk|Great Tusk, shiny, tera:Water|27/100|[from] Volt Switch
|-damage|p1a: Great Tusk|15/100|[from] Spikes
|move|p2a: Heatran|Magma Storm|p1a: Great Tusk
|-resisted|p1a: Great Tusk
|-damage|p1a: Great Tusk|0 fnt
|faint|p1a: Great Tusk
|-end|p1a: Great Tusk|Protosynthesis|[silent]
|
|-heal|p2a: Heatran|41/100|[from] item: Leftovers
|upkeep
|
|t:|1685841651
|switch|p1a: Arcanine|Arcanine-Hisui, F|88/100
|-damage|p1a: Arcanine|76/100|[from] Spikes
|turn|25
|
|t:|1685841662
|switch|p2a: Great Tusk|Great Tusk|68/100
|move|p1a: Arcanine|Psychic Fangs|p2a: Great Tusk
|-supereffective|p2a: Great Tusk
|-damage|p2a: Great Tusk|25/100
|
|-heal|p2a: Great Tusk|31/100|[from] item: Leftovers
|upkeep
|turn|26
|
|t:|1685841682
|-terastallize|p2a: Great Tusk|Water
|move|p1a: Arcanine|Psychic Fangs|p2a: Great Tusk
|-damage|p2a: Great Tusk|10/100
|move|p2a: Great Tusk|Earthquake|p1a: Arcanine
|-supereffective|p1a: Arcanine
|-damage|p1a: Arcanine|0 fnt
|faint|p1a: Arcanine
|
|-heal|p2a: Great Tusk|16/100|[from] item: Leftovers
|upkeep
|
|t:|1685841688
|switch|p1a: Kingambit|Kingambit, M|64/100
|-damage|p1a: Kingambit|52/100|[from] Spikes
|-activate|p1a: Kingambit|ability: Supreme Overlord
|-start|p1a: Kingambit|fallen4|[silent]
|turn|27
|
|t:|1685841697
|move|p1a: Kingambit|Sucker Punch|p2a: Great Tusk
|-damage|p2a: Great Tusk|0 fnt
|faint|p2a: Great Tusk
|-end|p2a: Great Tusk|Protosynthesis|[silent]
|
|-heal|p1a: Kingambit|58/100|[from] item: Leftovers
|upkeep
|
|t:|1685841700
|switch|p2a: Urshifu|Urshifu-Rapid-Strike, F|82/100 par
|turn|28
|
|t:|1685841705
|-end|p1a: Kingambit|fallen4|[silent]
|switch|p1a: Zapdos|Zapdos|81/100
|move|p2a: Urshifu|Surging Strikes|p1a: Zapdos
|-crit|p1a: Zapdos
|-damage|p1a: Zapdos|63/100
|-crit|p1a: Zapdos
|-damage|p1a: Zapdos|45/100
|-crit|p1a: Zapdos
|-damage|p1a: Zapdos|27/100
|-hitcount|p1a: Zapdos|3
|
|upkeep
|turn|29
|
|t:|1685841732
|switch|p2a: Heatran|Heatran, M|41/100
|move|p1a: Zapdos|Hurricane|p2a: Heatran
|-resisted|p2a: Heatran
|-damage|p2a: Heatran|25/100
|-start|p2a: Heatran|confusion
|
|-heal|p2a: Heatran|31/100|[from] item: Leftovers
|upkeep
|turn|30
|
|t:|1685841746
|switch|p2a: Urshifu|Urshifu-Rapid-Strike, F|82/100 par
|move|p1a: Zapdos|Roost|p1a: Zapdos
|-heal|p1a: Zapdos|78/100
|-singleturn|p1a: Zapdos|move: Roost
|
|upkeep
|turn|31
|
|t:|1685841752
|switch|p2a: Heatran|Heatran, M|31/100
|move|p1a: Zapdos|Hurricane|p2a: Heatran
|-resisted|p2a: Heatran
|-damage|p2a: Heatran|16/100
|-start|p2a: Heatran|confusion
|
|-heal|p2a: Heatran|22/100|[from] item: Leftovers
|upkeep
|turn|32
|
|t:|1685841758
|move|p1a: Zapdos|Hurricane|p2a: Heatran|[miss]
|-miss|p1a: Zapdos|p2a: Heatran
|-activate|p2a: Heatran|confusion
|-damage|p2a: Heatran|17/100|[from] confusion
|
|-heal|p2a: Heatran|23/100|[from] item: Leftovers
|upkeep
|turn|33
|
|t:|1685841761
|move|p1a: Zapdos|Hurricane|p2a: Heatran
|-resisted|p2a: Heatran
|-damage|p2a: Heatran|6/100
|-activate|p2a: Heatran|confusion
|move|p2a: Heatran|Magma Storm|p1a: Zapdos
|-damage|p1a: Zapdos|27/100
|-activate|p1a: Zapdos|move: Magma Storm|[of] p2a: Heatran
|
|-heal|p2a: Heatran|12/100|[from] item: Leftovers
|-damage|p1a: Zapdos|15/100|[from] move: Magma Storm|[partiallytrapped]
|upkeep
|turn|34
|
|t:|1685841764
|move|p1a: Zapdos|Hurricane|p2a: Heatran
|-resisted|p2a: Heatran
|-damage|p2a: Heatran|0 fnt
|faint|p2a: Heatran
|
|-end|p1a: Zapdos|Magma Storm|[partiallytrapped]|[silent]
|upkeep
|
|t:|1685841766
|switch|p2a: Urshifu|Urshifu-Rapid-Strike, F|82/100 par
|turn|35
|
|t:|1685841776
|move|p2a: Urshifu|Aqua Jet|p1a: Zapdos
|-crit|p1a: Zapdos
|-damage|p1a: Zapdos|0 fnt
|faint|p1a: Zapdos
|
|upkeep
|
|t:|1685841778
|switch|p1a: Kingambit|Kingambit, M|58/100
|-damage|p1a: Kingambit|46/100|[from] Spikes
|-activate|p1a: Kingambit|ability: Supreme Overlord
|-start|p1a: Kingambit|fallen5|[silent]
|turn|36
|
|t:|1685841788
|move|p1a: Kingambit|Kowtow Cleave|p2a: Urshifu
|-resisted|p2a: Urshifu
|-damage|p2a: Urshifu|45/100 par
|cant|p2a: Urshifu|par
|
|-heal|p1a: Kingambit|52/100|[from] item: Leftovers
|upkeep
|turn|37
|
|t:|1685841795
|move|p1a: Kingambit|Kowtow Cleave|p2a: Urshifu
|-resisted|p2a: Urshifu
|-damage|p2a: Urshifu|7/100 par
|move|p2a: Urshifu|Close Combat|p1a: Kingambit
|-supereffective|p1a: Kingambit
|-damage|p1a: Kingambit|0 fnt
|-unboost|p2a: Urshifu|def|1
|-unboost|p2a: Urshifu|spd|1
|faint|p1a: Kingambit
|-end|p1a: Kingambit|fallen5|[silent]
|
|win|donkkut
|raw|Kishon234's rating: 1367 → 1348(-19 for losing)
|raw|donkkut's rating: 1393 → 1412(+19 for winning)
