|j|☆TTV Sickscream28
|j|☆streamfragments
|t:|1685901417
|gametype|singles
|player|p1|TTV Sickscream28|266|1224
|player|p2|streamfragments|flannery|1321
|teamsize|p1|6
|teamsize|p2|6
|gen|9
|tier|[Gen 9] OU
|rated|
|rule|Sleep Clause Mod: Limit one foe put to sleep
|rule|Species Clause: Limit one of each Pokémon
|rule|OHKO Clause: OHKO moves are banned
|rule|Evasion Items Clause: Evasion items are banned
|rule|Evasion Moves Clause: Evasion moves are banned
|rule|Endless Battle Clause: Forcing endless battles is banned
|rule|HP Percentage Mod: HP is shown in percentages
|clearpoke
|poke|p1|Cinderace, F|
|poke|p1|Garchomp, F|
|poke|p1|Greninja, F|
|poke|p1|Walking Wake|
|poke|p1|Skeledirge, M|
|poke|p1|Meowscarada, F|
|poke|p2|Goodra-Hisui, F|
|poke|p2|Great Tusk|
|poke|p2|Tornadus-Therian, M|
|poke|p2|Volcanion|
|poke|p2|Breloom, F|
|poke|p2|Samurott-Hisui, F|
|teampreview
|inactive|Battle timer is ON: inactive players will automatically lose when time's up. (requested by TTV Sickscream28)
|
|t:|1685901431
|start
|switch|p1a: Greninja|Greninja, F, shiny|100/100
|switch|p2a: Tornadus|Tornadus-Therian, M|100/100
|turn|1
|
|t:|1685901437
|switch|p2a: Volcanion|Volcanion|100/100
|move|p1a: Greninja|Ice Beam|p2a: Volcanion
|-start|p1a: Greninja|typechange|Ice|[from] ability: Protean
|-resisted|p2a: Volcanion
|-damage|p2a: Volcanion|93/100
|
|upkeep
|turn|2
|
|t:|1685901462
|switch|p1a: Walking Wake|Walking Wake|100/100
|-enditem|p1a: Walking Wake|Booster Energy
|-activate|p1a: Walking Wake|ability: Protosynthesis|[fromitem]
|-start|p1a: Walking Wake|protosynthesisspa
|move|p2a: Volcanion|Earth Power|p1a: Walking Wake
|-damage|p1a: Walking Wake|59/100
|
|upkeep
|turn|3
|j| kittengaard
|
|t:|1685901475
|switch|p2a: Goodra|Goodra-Hisui, F|100/100
|move|p1a: Walking Wake|Dragon Pulse|p2a: Goodra
|-damage|p2a: Goodra|73/100
|
|-heal|p2a: Goodra|79/100|[from] item: Leftovers
|upkeep
|turn|4
|
|t:|1685901480
|move|p1a: Walking Wake|Flamethrower|p2a: Goodra
|-damage|p2a: Goodra|60/100
|move|p2a: Goodra|Dragon Tail|p1a: Walking Wake|[miss]
|-miss|p2a: Goodra|p1a: Walking Wake
|
|-heal|p2a: Goodra|66/100|[from] item: Leftovers
|upkeep
|turn|5
|l| kittengaard
|
|t:|1685901487
|-end|p1a: Walking Wake|Protosynthesis|[silent]
|switch|p1a: Garchomp|Garchomp, F|100/100
|move|p2a: Goodra|Dragon Tail|p1a: Garchomp
|-supereffective|p1a: Garchomp
|-damage|p1a: Garchomp|62/100
|-damage|p2a: Goodra|53/100|[from] ability: Rough Skin|[of] p1a: Garchomp
|-damage|p2a: Goodra|37/100|[from] item: Rocky Helmet|[of] p1a: Garchomp
|drag|p1a: Cinderace|Cinderace, F|100/100
|
|-heal|p2a: Goodra|43/100|[from] item: Leftovers
|upkeep
|turn|6
|
|t:|1685901498
|switch|p2a: Volcanion|Volcanion|93/100
|move|p1a: Cinderace|Pyro Ball|p2a: Volcanion
|-resisted|p2a: Volcanion
|-damage|p2a: Volcanion|82/100
|
|upkeep
|turn|7
|
|t:|1685901517
|switch|p2a: Breloom|Breloom, F|100/100
|move|p1a: Cinderace|Zen Headbutt|p2a: Breloom
|-start|p1a: Cinderace|typechange|Psychic|[from] ability: Libero
|-supereffective|p2a: Breloom
|-enditem|p2a: Breloom|Focus Sash
|-damage|p2a: Breloom|1/100
|
|upkeep
|turn|8
|
|t:|1685901532
|switch|p1a: Skeledirge|Skeledirge, M|100/100
|switch|p2a: Samurott|Samurott-Hisui, F|100/100
|
|upkeep
|turn|9
|
|t:|1685901540
|switch|p1a: Meowscarada|Meowscarada, F|100/100
|move|p2a: Samurott|Ceaseless Edge|p1a: Meowscarada
|-resisted|p1a: Meowscarada
|-damage|p1a: Meowscarada|65/100
|-sidestart|p1: TTV Sickscream28|Spikes
|
|upkeep
|turn|10
|
|t:|1685901553
|switch|p2a: Volcanion|Volcanion|82/100
|move|p1a: Meowscarada|Flower Trick|p2a: Volcanion
|-crit|p2a: Volcanion
|-damage|p2a: Volcanion|40/100
|
|upkeep
|turn|11
|
|t:|1685901563
|switch|p2a: Tornadus|Tornadus-Therian, M|100/100
|move|p1a: Meowscarada|U-turn|p2a: Tornadus
|-resisted|p2a: Tornadus
|-damage|p2a: Tornadus|83/100
|
|t:|1685901566
|switch|p1a: Greninja|Greninja, F, shiny|100/100|[from] U-turn
|-damage|p1a: Greninja|88/100|[from] Spikes
|
|upkeep
|turn|12
|
|t:|1685901572
|switch|p2a: Goodra|Goodra-Hisui, F|43/100
|move|p1a: Greninja|Ice Beam|p2a: Goodra
|-start|p1a: Greninja|typechange|Ice|[from] ability: Protean
|-damage|p2a: Goodra|21/100
|
|-heal|p2a: Goodra|27/100|[from] item: Leftovers
|upkeep
|turn|13
|
|t:|1685901578
|move|p1a: Greninja|Dark Pulse|p2a: Goodra
|-damage|p2a: Goodra|14/100
|move|p2a: Goodra|Rest|p2a: Goodra
|-status|p2a: Goodra|slp|[from] move: Rest
|-heal|p2a: Goodra|100/100 slp|[silent]
|
|upkeep
|turn|14
|
|t:|1685901583
|move|p1a: Greninja|Toxic Spikes|p2a: Goodra
|-sidestart|p2: streamfragments|move: Toxic Spikes
|cant|p2a: Goodra|slp
|move|p2a: Goodra|Sleep Talk|p2a: Goodra
|move|p2a: Goodra|Curse|p2a: Goodra|[from]move: Sleep Talk
|-unboost|p2a: Goodra|spe|1
|-boost|p2a: Goodra|atk|1
|-boost|p2a: Goodra|def|1
|
|upkeep
|turn|15
|
|t:|1685901590
|move|p1a: Greninja|Toxic Spikes|p2a: Goodra
|-sidestart|p2: streamfragments|move: Toxic Spikes
|cant|p2a: Goodra|slp
|move|p2a: Goodra|Sleep Talk|p2a: Goodra
|move|p2a: Goodra|Dragon Tail|p1a: Greninja|[from]move: Sleep Talk|[miss]
|-miss|p2a: Goodra|p1a: Greninja
|
|upkeep
|turn|16
|
|t:|1685901601
|switch|p1a: Skeledirge|Skeledirge, M|100/100
|-damage|p1a: Skeledirge|88/100|[from] Spikes
|-curestatus|p2a: Goodra|slp|[msg]
|move|p2a: Goodra|Dragon Tail|p1a: Skeledirge
|-damage|p1a: Skeledirge|63/100
|drag|p1a: Walking Wake|Walking Wake|59/100
|-damage|p1a: Walking Wake|46/100|[from] Spikes
|
|upkeep
|turn|17
|
|t:|1685901608
|move|p1a: Walking Wake|Dragon Pulse|p2a: Goodra
|-damage|p2a: Goodra|77/100
|move|p2a: Goodra|Dragon Tail|p1a: Walking Wake
|-supereffective|p1a: Walking Wake
|-damage|p1a: Walking Wake|0 fnt
|faint|p1a: Walking Wake
|-end|p1a: Walking Wake|Protosynthesis|[silent]
|
|-heal|p2a: Goodra|83/100|[from] item: Leftovers
|upkeep
|
|t:|1685901612
|switch|p1a: Skeledirge|Skeledirge, M|63/100
|-damage|p1a: Skeledirge|51/100|[from] Spikes
|turn|18
|
|t:|1685901617
|move|p1a: Skeledirge|Torch Song|p2a: Goodra
|-damage|p2a: Goodra|61/100
|-boost|p1a: Skeledirge|spa|1
|-enditem|p1a: Skeledirge|Throat Spray
|-boost|p1a: Skeledirge|spa|1|[from] item: Throat Spray
|move|p2a: Goodra|Dragon Tail|p1a: Skeledirge
|-damage|p1a: Skeledirge|27/100
|drag|p1a: Greninja|Greninja, F, shiny|88/100
|-damage|p1a: Greninja|76/100|[from] Spikes
|
|-heal|p2a: Goodra|67/100|[from] item: Leftovers
|upkeep
|turn|19
|
|t:|1685901622
|move|p1a: Greninja|Water Pulse|p2a: Goodra
|-start|p1a: Greninja|typechange|Water|[from] ability: Protean
|-resisted|p2a: Goodra
|-damage|p2a: Goodra|59/100
|move|p2a: Goodra|Dragon Tail|p1a: Greninja|[miss]
|-miss|p2a: Goodra|p1a: Greninja
|
|-heal|p2a: Goodra|65/100|[from] item: Leftovers
|upkeep
|turn|20
|
|t:|1685901631
|move|p1a: Greninja|Water Pulse|p2a: Goodra
|-resisted|p2a: Goodra
|-damage|p2a: Goodra|58/100
|move|p2a: Goodra|Dragon Tail|p1a: Greninja
|-damage|p1a: Greninja|28/100
|drag|p1a: Skeledirge|Skeledirge, M|27/100
|-damage|p1a: Skeledirge|15/100|[from] Spikes
|
|-heal|p2a: Goodra|64/100|[from] item: Leftovers
|upkeep
|turn|21
|
|t:|1685901640
|move|p1a: Skeledirge|Hyper Voice|p2a: Goodra
|-resisted|p2a: Goodra
|-damage|p2a: Goodra|56/100
|move|p2a: Goodra|Dragon Tail|p1a: Skeledirge
|-crit|p1a: Skeledirge
|-damage|p1a: Skeledirge|0 fnt
|faint|p1a: Skeledirge
|
|-heal|p2a: Goodra|62/100|[from] item: Leftovers
|upkeep
|
|t:|1685901644
|switch|p1a: Meowscarada|Meowscarada, F|65/100
|-damage|p1a: Meowscarada|53/100|[from] Spikes
|turn|22
|
|t:|1685901648
|move|p1a: Meowscarada|Flower Trick|p2a: Goodra
|-resisted|p2a: Goodra
|-damage|p2a: Goodra|56/100
|move|p2a: Goodra|Dragon Tail|p1a: Meowscarada
|-damage|p1a: Meowscarada|2/100
|drag|p1a: Cinderace|Cinderace, F|100/100
|-damage|p1a: Cinderace|88/100|[from] Spikes
|
|-heal|p2a: Goodra|62/100|[from] item: Leftovers
|upkeep
|turn|23
|
|t:|1685901657
|move|p1a: Cinderace|High Jump Kick|p2a: Goodra
|-start|p1a: Cinderace|typechange|Fighting|[from] ability: Libero
|-supereffective|p2a: Goodra
|-damage|p2a: Goodra|0 fnt
|faint|p2a: Goodra
|
|upkeep
|
|t:|1685901667
|switch|p2a: Great Tusk|Great Tusk|100/100
|turn|24
|
|t:|1685901671
|move|p1a: Cinderace|High Jump Kick|p2a: Great Tusk
|-damage|p2a: Great Tusk|52/100
|move|p2a: Great Tusk|Rapid Spin|p1a: Cinderace
|-damage|p1a: Cinderace|61/100
|-boost|p2a: Great Tusk|spe|1
|-sideend|p2: streamfragments|Toxic Spikes|[from] move: Rapid Spin|[of] p2a: Great Tusk
|
|upkeep
|turn|25
|
|t:|1685901681
|move|p2a: Great Tusk|Stealth Rock|p1a: Cinderace
|-sidestart|p1: TTV Sickscream28|move: Stealth Rock
|move|p1a: Cinderace|High Jump Kick|p2a: Great Tusk
|-damage|p2a: Great Tusk|4/100
|
|upkeep
|turn|26
|
|t:|1685901694
|move|p2a: Great Tusk|Headlong Rush|p1a: Cinderace
|-damage|p1a: Cinderace|0 fnt
|-unboost|p2a: Great Tusk|def|1
|-unboost|p2a: Great Tusk|spd|1
|faint|p1a: Cinderace
|
|upkeep
|
|t:|1685901702
|switch|p1a: Greninja|Greninja, F, shiny|28/100
|-damage|p1a: Greninja|15/100|[from] Spikes
|-damage|p1a: Greninja|3/100|[from] Stealth Rock
|turn|27
|
|t:|1685901708
|move|p2a: Great Tusk|Heavy Slam|p1a: Greninja
|-resisted|p1a: Greninja
|-damage|p1a: Greninja|0 fnt
|faint|p1a: Greninja
|
|upkeep
|
|t:|1685901710
|switch|p1a: Garchomp|Garchomp, F|62/100
|-damage|p1a: Garchomp|50/100|[from] Spikes
|-damage|p1a: Garchomp|43/100|[from] Stealth Rock
|turn|28
|
|t:|1685901715
|move|p2a: Great Tusk|Headlong Rush|p1a: Garchomp
|-damage|p1a: Garchomp|0 fnt
|-unboost|p2a: Great Tusk|def|1
|-unboost|p2a: Great Tusk|spd|1
|-damage|p2a: Great Tusk|0 fnt|[from] ability: Rough Skin|[of] p1a: Garchomp
|faint|p1a: Garchomp
|faint|p2a: Great Tusk
|-end|p2a: Great Tusk|Protosynthesis|[silent]
|
|upkeep
|
|t:|1685901717
|switch|p1a: Meowscarada|Meowscarada, F|2/100
|switch|p2a: Breloom|Breloom, F|1/100
|-damage|p1a: Meowscarada|0 fnt|[from] Spikes
|faint|p1a: Meowscarada
|
|win|streamfragments
|raw|TTV Sickscream28's rating: 1224 → 1206(-18 for losing)
|raw|streamfragments's rating: 1321 → 1336(+15 for winning)
|l|☆TTV Sickscream28
