|j|☆One True Lycan
|j|☆jimy92
|t:|1685875888
|gametype|singles
|player|p1|One True Lycan|rei|1484
|player|p2|jimy92|169|1454
|teamsize|p1|6
|teamsize|p2|6
|gen|9
|tier|[Gen 9] OU
|rated|
|rule|Sleep Clause Mod: Limit one foe put to sleep
|rule|Species Clause: Limit one of each Pokémon
|rule|OHKO Clause: OHKO moves are banned
|rule|Evasion Items Clause: Evasion items are banned
|rule|Evasion Moves Clause: Evasion moves are banned
|rule|Endless Battle Clause: Forcing endless battles is banned
|rule|HP Percentage Mod: HP is shown in percentages
|clearpoke
|poke|p1|Tornadus-Therian, M|
|poke|p1|Urshifu-*, M|
|poke|p1|Roaring Moon|
|poke|p1|Skeledirge, F|
|poke|p1|Corviknight, F|
|poke|p1|Sandy Shocks|
|poke|p2|Sneasler, M|
|poke|p2|Skeledirge, F|
|poke|p2|Zapdos|
|poke|p2|Garganacl, M|
|poke|p2|Dragapult, F|
|poke|p2|Iron Treads|
|teampreview
|inactive|Battle timer is ON: inactive players will automatically lose when time's up. (requested by One True Lycan)
|c|☆One True Lycan|Gl hf
|
|t:|1685875896
|start
|switch|p1a: Electro|Sandy Shocks|100/100
|switch|p2a: dance up|Dragapult, F|100/100
|turn|1
|
|t:|1685875899
|move|p2a: dance up|Shadow Ball|p1a: Electro
|-damage|p1a: Electro|31/100
|move|p1a: Electro|Stealth Rock|p2a: dance up
|-sidestart|p2: jimy92|move: Stealth Rock
|
|upkeep
|turn|2
|
|t:|1685875904
|-end|p1a: Electro|Protosynthesis|[silent]
|switch|p1a: Storm|Tornadus-Therian, M|100/100
|move|p2a: dance up|Shadow Ball|p1a: Storm
|-damage|p1a: Storm|41/100
|-unboost|p1a: Storm|spd|1
|
|upkeep
|turn|3
|
|t:|1685875912
|switch|p1a: Fin Fang Foom|Roaring Moon|100/100
|move|p2a: dance up|Shadow Ball|p1a: Fin Fang Foom
|-resisted|p1a: Fin Fang Foom
|-damage|p1a: Fin Fang Foom|74/100
|
|upkeep
|turn|4
|
|t:|1685875923
|switch|p2a: nacci|Garganacl, M|100/100
|-damage|p2a: nacci|88/100|[from] Stealth Rock
|move|p1a: Fin Fang Foom|Crunch|p2a: nacci
|-damage|p2a: nacci|53/100
|-unboost|p2a: nacci|def|1
|
|-heal|p2a: nacci|59/100|[from] item: Leftovers
|upkeep
|turn|5
|
|t:|1685875930
|move|p2a: nacci|Protect|p2a: nacci
|-singleturn|p2a: nacci|Protect
|move|p1a: Fin Fang Foom|Crunch|p2a: nacci
|-activate|p2a: nacci|move: Protect
|
|-heal|p2a: nacci|66/100|[from] item: Leftovers
|upkeep
|turn|6
|
|t:|1685875932
|switch|p2a: just stop|Zapdos|100/100
|move|p1a: Fin Fang Foom|Crunch|p2a: just stop
|-damage|p2a: just stop|50/100
|-status|p1a: Fin Fang Foom|par|[from] ability: Static|[of] p2a: just stop
|
|upkeep
|turn|7
|
|t:|1685875942
|switch|p2a: achoo|Sneasler, M|100/100
|-damage|p2a: achoo|95/100|[from] Stealth Rock
|move|p1a: Fin Fang Foom|Crunch|p2a: achoo
|-resisted|p2a: achoo
|-damage|p2a: achoo|43/100
|
|upkeep
|turn|8
|
|t:|1685875948
|-end|p1a: Fin Fang Foom|Protosynthesis|[silent]
|switch|p1a: Vulture|Corviknight, F|100/100
|-ability|p1a: Vulture|Pressure
|move|p2a: achoo|Fake Out|p1a: Vulture
|-resisted|p1a: Vulture
|-damage|p1a: Vulture|96/100
|
|upkeep
|turn|9
|
|t:|1685875957
|move|p2a: achoo|U-turn|p1a: Vulture
|-resisted|p1a: Vulture
|-damage|p1a: Vulture|93/100
|
|t:|1685875960
|switch|p2a: just stop|Zapdos|50/100|[from] U-turn
|move|p1a: Vulture|Brave Bird|p2a: just stop
|-resisted|p2a: just stop
|-damage|p2a: just stop|37/100
|-damage|p1a: Vulture|88/100|[from] Recoil
|
|upkeep
|turn|10
|
|t:|1685875963
|move|p2a: just stop|Roost|p2a: just stop
|-heal|p2a: just stop|87/100
|-singleturn|p2a: just stop|move: Roost
|move|p1a: Vulture|U-turn|p2a: just stop
|-damage|p2a: just stop|77/100
|
|t:|1685875968
|switch|p1a: Fin Fang Foom|Roaring Moon|74/100 par|[from] U-turn
|
|upkeep
|turn|11
|
|t:|1685875979
|move|p2a: just stop|Roost|p2a: just stop
|-heal|p2a: just stop|100/100
|-singleturn|p2a: just stop|move: Roost
|move|p1a: Fin Fang Foom|Outrage|p2a: just stop
|-damage|p2a: just stop|24/100
|
|upkeep
|turn|12
|
|t:|1685875986
|switch|p2a: 11 fingers|Iron Treads|100/100
|-damage|p2a: 11 fingers|97/100|[from] Stealth Rock
|move|p1a: Fin Fang Foom|Outrage|p2a: 11 fingers|[from]lockedmove
|-resisted|p2a: 11 fingers
|-damage|p2a: 11 fingers|61/100
|-start|p1a: Fin Fang Foom|confusion|[fatigue]
|
|upkeep
|turn|13
|
|t:|1685875998
|-end|p1a: Fin Fang Foom|Protosynthesis|[silent]
|switch|p1a: Vulture|Corviknight, F|88/100
|-ability|p1a: Vulture|Pressure
|move|p2a: 11 fingers|Knock Off|p1a: Vulture
|-damage|p1a: Vulture|74/100
|-damage|p2a: 11 fingers|45/100|[from] item: Rocky Helmet|[of] p1a: Vulture
|-enditem|p1a: Vulture|Rocky Helmet|[from] move: Knock Off|[of] p2a: 11 fingers
|
|upkeep
|turn|14
|
|t:|1685876008
|move|p2a: 11 fingers|Volt Switch|p1a: Vulture
|-supereffective|p1a: Vulture
|-damage|p1a: Vulture|53/100
|
|t:|1685876023
|-end|p2a: 11 fingers|Quark Drive|[silent]
|switch|p2a: nacci|Garganacl, M|66/100|[from] Volt Switch
|-damage|p2a: nacci|53/100|[from] Stealth Rock
|move|p1a: Vulture|U-turn|p2a: nacci
|-damage|p2a: nacci|45/100
|
|t:|1685876027
|switch|p1a: Iron Fist|Urshifu-Rapid-Strike, M|100/100|[from] U-turn
|
|-heal|p2a: nacci|51/100|[from] item: Leftovers
|upkeep
|turn|15
|inactive|jimy92 has 120 seconds left.
|
|t:|1685876057
|-terastallize|p2a: nacci|Water
|move|p1a: Iron Fist|Swords Dance|p1a: Iron Fist
|-boost|p1a: Iron Fist|atk|2
|move|p2a: nacci|Recover|p2a: nacci
|-heal|p2a: nacci|100/100
|
|upkeep
|turn|16
|
|t:|1685876062
|move|p1a: Iron Fist|Close Combat|p2a: nacci
|-damage|p2a: nacci|29/100
|-unboost|p1a: Iron Fist|def|1
|-unboost|p1a: Iron Fist|spd|1
|move|p2a: nacci|Salt Cure|p1a: Iron Fist
|-resisted|p1a: Iron Fist
|-damage|p1a: Iron Fist|90/100
|-start|p1a: Iron Fist|Salt Cure
|
|-heal|p2a: nacci|35/100|[from] item: Leftovers
|-damage|p1a: Iron Fist|65/100|[from] Salt Cure
|upkeep
|turn|17
|
|t:|1685876066
|move|p2a: nacci|Protect|p2a: nacci
|-singleturn|p2a: nacci|Protect
|move|p1a: Iron Fist|Swords Dance|p1a: Iron Fist
|-boost|p1a: Iron Fist|atk|2
|
|-heal|p2a: nacci|42/100|[from] item: Leftovers
|-damage|p1a: Iron Fist|40/100|[from] Salt Cure
|upkeep
|turn|18
|
|t:|1685876070
|switch|p2a: dance up|Dragapult, F|100/100
|-damage|p2a: dance up|88/100|[from] Stealth Rock
|move|p1a: Iron Fist|Surging Strikes|p2a: dance up
|-resisted|p2a: dance up
|-crit|p2a: dance up
|-damage|p2a: dance up|47/100
|-resisted|p2a: dance up
|-crit|p2a: dance up
|-damage|p2a: dance up|1/100
|-resisted|p2a: dance up
|-crit|p2a: dance up
|-damage|p2a: dance up|0 fnt
|faint|p2a: dance up
|-hitcount|p2: dance up|3
|
|-damage|p1a: Iron Fist|15/100|[from] Salt Cure
|upkeep
|
|t:|1685876080
|switch|p2a: 11 fingers|Iron Treads|45/100
|-damage|p2a: 11 fingers|42/100|[from] Stealth Rock
|turn|19
|
|t:|1685876091
|move|p1a: Iron Fist|Aqua Jet|p2a: 11 fingers
|-supereffective|p2a: 11 fingers
|-damage|p2a: 11 fingers|0 fnt
|faint|p2a: 11 fingers
|-end|p2a: 11 fingers|Quark Drive|[silent]
|
|-damage|p1a: Iron Fist|0 fnt|[from] Salt Cure
|faint|p1a: Iron Fist
|upkeep
|
|t:|1685876098
|switch|p1a: Electro|Sandy Shocks|31/100
|switch|p2a: just stop|Zapdos|24/100
|turn|20
|inactive|jimy92 has 120 seconds left.
|
|t:|1685876139
|move|p1a: Electro|Earth Power|p2a: just stop
|-immune|p2a: just stop
|move|p2a: just stop|Roost|p2a: just stop
|-heal|p2a: just stop|74/100
|-singleturn|p2a: just stop|move: Roost
|
|upkeep
|turn|21
|
|t:|1685876142
|move|p1a: Electro|Volt Switch|p2a: just stop
|-damage|p2a: just stop|35/100
|
|t:|1685876147
|-end|p1a: Electro|Protosynthesis|[silent]
|switch|p1a: Fin Fang Foom|Roaring Moon|74/100 par|[from] Volt Switch
|move|p2a: just stop|Heat Wave|p1a: Fin Fang Foom
|-resisted|p1a: Fin Fang Foom
|-damage|p1a: Fin Fang Foom|62/100 par
|
|upkeep
|turn|22
|
|t:|1685876156
|move|p2a: just stop|Roost|p2a: just stop
|-heal|p2a: just stop|85/100
|-singleturn|p2a: just stop|move: Roost
|move|p1a: Fin Fang Foom|Outrage|p2a: just stop
|-crit|p2a: just stop
|-damage|p2a: just stop|0 fnt
|faint|p2a: just stop
|
|upkeep
|
|t:|1685876165
|switch|p2a: achoo|Sneasler, M|43/100
|-damage|p2a: achoo|37/100|[from] Stealth Rock
|turn|23
|
|t:|1685876168
|move|p2a: achoo|U-turn|p1a: Fin Fang Foom
|-supereffective|p1a: Fin Fang Foom
|-damage|p1a: Fin Fang Foom|0 fnt
|faint|p1a: Fin Fang Foom
|-end|p1a: Fin Fang Foom|Protosynthesis|[silent]
|
|t:|1685876172
|switch|p2a: skel issue|Skeledirge, F|100/100|[from] U-turn
|
|upkeep
|
|t:|1685876178
|switch|p1a: Ghost Rider|Skeledirge, F|100/100
|turn|24
|
|t:|1685876196
|switch|p2a: nacci|Garganacl, M, tera:Water|42/100
|-damage|p2a: nacci|29/100|[from] Stealth Rock
|move|p1a: Ghost Rider|Shadow Ball|p2a: nacci
|-damage|p2a: nacci|17/100
|
|-heal|p2a: nacci|23/100|[from] item: Leftovers
|upkeep
|turn|25
|
|t:|1685876204
|switch|p1a: Electro|Sandy Shocks|31/100
|move|p2a: nacci|Recover|p2a: nacci
|-heal|p2a: nacci|73/100
|
|-heal|p2a: nacci|79/100|[from] item: Leftovers
|upkeep
|turn|26
|
|t:|1685876212
|move|p1a: Electro|Volt Switch|p2a: nacci
|-supereffective|p2a: nacci
|-damage|p2a: nacci|20/100
|
|t:|1685876218
|-end|p1a: Electro|Protosynthesis|[silent]
|switch|p1a: Ghost Rider|Skeledirge, F|100/100|[from] Volt Switch
|move|p2a: nacci|Salt Cure|p1a: Ghost Rider
|-supereffective|p1a: Ghost Rider
|-damage|p1a: Ghost Rider|77/100
|-start|p1a: Ghost Rider|Salt Cure
|
|-heal|p2a: nacci|26/100|[from] item: Leftovers
|-damage|p1a: Ghost Rider|64/100|[from] Salt Cure
|upkeep
|turn|27
|
|t:|1685876225
|switch|p1a: Electro|Sandy Shocks|31/100
|move|p2a: nacci|Recover|p2a: nacci
|-heal|p2a: nacci|76/100
|
|-heal|p2a: nacci|82/100|[from] item: Leftovers
|upkeep
|turn|28
|
|t:|1685876229
|move|p1a: Electro|Volt Switch|p2a: nacci
|-supereffective|p2a: nacci
|-damage|p2a: nacci|23/100
|
|t:|1685876235
|-end|p1a: Electro|Protosynthesis|[silent]
|switch|p1a: Storm|Tornadus-Therian, M|74/100|[from] Volt Switch
|move|p2a: nacci|Salt Cure|p1a: Storm
|-supereffective|p1a: Storm
|-damage|p1a: Storm|39/100
|-start|p1a: Storm|Salt Cure
|
|-heal|p2a: nacci|29/100|[from] item: Leftovers
|-damage|p1a: Storm|27/100|[from] Salt Cure
|upkeep
|turn|29
|
|t:|1685876239
|move|p1a: Storm|Bleakwind Storm|p2a: nacci
|-damage|p2a: nacci|0 fnt
|faint|p2a: nacci
|
|-damage|p1a: Storm|15/100|[from] Salt Cure
|upkeep
|
|t:|1685876246
|switch|p2a: achoo|Sneasler, M|37/100
|-damage|p2a: achoo|31/100|[from] Stealth Rock
|turn|30
|
|t:|1685876258
|switch|p1a: Vulture|Corviknight, F|53/100
|-ability|p1a: Vulture|Pressure
|move|p2a: achoo|U-turn|p1a: Vulture
|-resisted|p1a: Vulture
|-damage|p1a: Vulture|49/100
|
|t:|1685876261
|switch|p2a: skel issue|Skeledirge, F|100/100|[from] U-turn
|
|upkeep
|turn|31
|
|t:|1685876265
|switch|p1a: Electro|Sandy Shocks|31/100
|move|p2a: skel issue|Torch Song|p1a: Electro
|-damage|p1a: Electro|0 fnt
|-boost|p2a: skel issue|spa|1
|faint|p1a: Electro
|-end|p1a: Electro|Protosynthesis|[silent]
|
|upkeep
|
|t:|1685876267
|switch|p1a: Ghost Rider|Skeledirge, F|64/100
|turn|32
|
|t:|1685876275
|-terastallize|p1a: Ghost Rider|Dark
|move|p2a: skel issue|Hex|p1a: Ghost Rider
|-resisted|p1a: Ghost Rider
|-damage|p1a: Ghost Rider|56/100
|move|p1a: Ghost Rider|Slack Off|p1a: Ghost Rider
|-heal|p1a: Ghost Rider|100/100
|
|upkeep
|turn|33
|
|t:|1685876281
|move|p1a: Ghost Rider|Shadow Ball|p2a: skel issue
|-supereffective|p2a: skel issue
|-damage|p2a: skel issue|55/100
|move|p2a: skel issue|Torch Song|p1a: Ghost Rider
|-damage|p1a: Ghost Rider|77/100
|-boost|p2a: skel issue|spa|1
|
|upkeep
|turn|34
|
|t:|1685876286
|move|p1a: Ghost Rider|Shadow Ball|p2a: skel issue
|-supereffective|p2a: skel issue
|-damage|p2a: skel issue|15/100
|move|p2a: skel issue|Torch Song|p1a: Ghost Rider
|-damage|p1a: Ghost Rider|57/100
|-boost|p2a: skel issue|spa|1
|
|upkeep
|turn|35
|
|t:|1685876290
|switch|p2a: achoo|Sneasler, M|31/100
|-damage|p2a: achoo|25/100|[from] Stealth Rock
|move|p1a: Ghost Rider|Shadow Ball|p2a: achoo
|-damage|p2a: achoo|0 fnt
|faint|p2a: achoo
|
|upkeep
|c|☆One True Lycan|Gg
|c|☆jimy92|Why
|c|☆jimy92|Wud u not slack off
|inactive|jimy92 has 120 seconds left.
|c|☆jimy92|U turn wud have killed u after u killed dirge
|c|☆One True Lycan|Why would I?
|c|☆jimy92|My sneasler swept u lol
|c|☆jimy92|Oh well
|c|☆One True Lycan|Torn outspeeds sneasler
|c|☆One True Lycan|Unless ur endure and some berry item
|-message|jimy92 forfeited.
|
|win|One True Lycan
|raw|One True Lycan's rating: 1484 → 1502(+18 for winning)
|raw|jimy92's rating: 1454 → 1436(-18 for losing)
|l|☆jimy92
