|j|☆CJH459
|j|☆3m sweeps cousin
|t:|1685879932
|gametype|singles
|player|p1|CJH459|170|1381
|player|p2|3m sweeps cousin|whitney|1460
|teamsize|p1|6
|teamsize|p2|6
|gen|9
|tier|[Gen 9] OU
|rated|
|rule|Sleep Clause Mod: Limit one foe put to sleep
|rule|Species Clause: Limit one of each Pokémon
|rule|OHKO Clause: OHKO moves are banned
|rule|Evasion Items Clause: Evasion items are banned
|rule|Evasion Moves Clause: Evasion moves are banned
|rule|Endless Battle Clause: Forcing endless battles is banned
|rule|HP Percentage Mod: HP is shown in percentages
|clearpoke
|poke|p1|Kleavor, F|
|poke|p1|Magearna|
|poke|p1|Thundurus-Therian, M|
|poke|p1|Samurott-Hisui, M|
|poke|p1|Zamazenta-*|
|poke|p1|Dragapult, F|
|poke|p2|Zapdos|
|poke|p2|Magearna|
|poke|p2|Great Tusk|
|poke|p2|Hoopa-Unbound|
|poke|p2|Volcanion|
|poke|p2|Dragapult, M|
|teampreview
|inactive|Battle timer is ON: inactive players will automatically lose when time's up. (requested by CJH459)
|
|t:|1685879960
|start
|switch|p1a: Dragapult|Dragapult, F|100/100
|switch|p2a: Magearna|Magearna|100/100
|turn|1
|
|t:|1685879971
|move|p1a: Dragapult|U-turn|p2a: Magearna
|-resisted|p2a: Magearna
|-damage|p2a: Magearna|97/100
|
|t:|1685879980
|switch|p1a: Magearna|Magearna|100/100|[from] U-turn
|move|p2a: Magearna|Spikes|p1a: Magearna
|-sidestart|p1: CJH459|Spikes
|
|-heal|p2a: Magearna|100/100|[from] item: Leftovers
|upkeep
|turn|2
|
|t:|1685879989
|move|p2a: Magearna|Volt Switch|p1a: Magearna
|-damage|p1a: Magearna|85/100
|inactive|3m sweeps cousin has 120 seconds left.
|
|t:|1685880045
|switch|p2a: Volcanion|Volcanion|100/100|[from] Volt Switch
|move|p1a: Magearna|Calm Mind|p1a: Magearna
|-boost|p1a: Magearna|spa|1
|-boost|p1a: Magearna|spd|1
|
|-heal|p1a: Magearna|91/100|[from] item: Leftovers
|upkeep
|turn|3
|
|t:|1685880053
|-terastallize|p1a: Magearna|Water
|move|p2a: Volcanion|Flamethrower|p1a: Magearna
|-resisted|p1a: Magearna
|-damage|p1a: Magearna|77/100
|move|p1a: Magearna|Shift Gear|p1a: Magearna
|-boost|p1a: Magearna|spe|2
|-boost|p1a: Magearna|atk|1
|
|-heal|p1a: Magearna|83/100|[from] item: Leftovers
|upkeep
|turn|4
|
|t:|1685880063
|switch|p2a: Great Tusk|Great Tusk|100/100
|-enditem|p2a: Great Tusk|Booster Energy
|-activate|p2a: Great Tusk|ability: Protosynthesis|[fromitem]
|-start|p2a: Great Tusk|protosynthesisspe
|move|p1a: Magearna|Calm Mind|p1a: Magearna
|-boost|p1a: Magearna|spa|1
|-boost|p1a: Magearna|spd|1
|
|-heal|p1a: Magearna|90/100|[from] item: Leftovers
|upkeep
|turn|5
|inactive|3m sweeps cousin has 90 seconds left.
|
|t:|1685880094
|-terastallize|p2a: Great Tusk|Steel
|move|p2a: Great Tusk|Headlong Rush|p1a: Magearna
|-damage|p1a: Magearna|46/100
|-unboost|p2a: Great Tusk|def|1
|-unboost|p2a: Great Tusk|spd|1
|move|p1a: Magearna|Shift Gear|p1a: Magearna
|-boost|p1a: Magearna|spe|2
|-boost|p1a: Magearna|atk|1
|
|-heal|p1a: Magearna|52/100|[from] item: Leftovers
|upkeep
|turn|6
|inactive|3m sweeps cousin has 90 seconds left.
|
|t:|1685880120
|-end|p2a: Great Tusk|Protosynthesis|[silent]
|switch|p2a: Hoopa|Hoopa-Unbound|100/100
|move|p1a: Magearna|Stored Power|p2a: Hoopa
|-immune|p2a: Hoopa
|
|-heal|p1a: Magearna|58/100|[from] item: Leftovers
|upkeep
|turn|7
|inactive|3m sweeps cousin has 60 seconds left.
|
|t:|1685880145
|switch|p2a: Great Tusk|Great Tusk, tera:Steel|100/100
|move|p1a: Magearna|Draining Kiss|p2a: Great Tusk
|-resisted|p2a: Great Tusk
|-damage|p2a: Great Tusk|62/100
|-heal|p1a: Magearna|92/100|[from] drain|[of] p2a: Great Tusk
|
|-heal|p1a: Magearna|98/100|[from] item: Leftovers
|upkeep
|turn|8
|inactive|3m sweeps cousin has 60 seconds left.
|
|t:|1685880154
|move|p1a: Magearna|Stored Power|p2a: Great Tusk
|-resisted|p2a: Great Tusk
|-damage|p2a: Great Tusk|0 fnt
|faint|p2a: Great Tusk
|-ability|p1a: Magearna|Soul-Heart|boost
|-boost|p1a: Magearna|spa|1
|-end|p2a: Great Tusk|Protosynthesis|[silent]
|
|-heal|p1a: Magearna|100/100|[from] item: Leftovers
|upkeep
|inactive|3m sweeps cousin has 60 seconds left.
|
|t:|1685880164
|switch|p2a: Zapdos|Zapdos|100/100
|turn|9
|
|t:|1685880172
|move|p1a: Magearna|Stored Power|p2a: Zapdos
|-damage|p2a: Zapdos|0 fnt
|faint|p2a: Zapdos
|-ability|p1a: Magearna|Soul-Heart|boost
|-boost|p1a: Magearna|spa|1
|
|upkeep
|-message|3m sweeps cousin forfeited.
|
|win|CJH459
|raw|CJH459's rating: 1381 → 1405(+24 for winning)
|raw|3m sweeps cousin's rating: 1460 → 1436(-24 for losing)
|l|☆3m sweeps cousin
