|j|☆Prav33n
|j|☆testdedede
|t:|1685929518
|gametype|singles
|player|p1|Prav33n|bruno|1516
|player|p2|testdedede|skier|1509
|teamsize|p1|6
|teamsize|p2|6
|gen|9
|tier|[Gen 9] OU
|rated|
|rule|Sleep Clause Mod: Limit one foe put to sleep
|rule|Species Clause: Limit one of each Pokémon
|rule|OHKO Clause: OHKO moves are banned
|rule|Evasion Items Clause: Evasion items are banned
|rule|Evasion Moves Clause: Evasion moves are banned
|rule|Endless Battle Clause: Forcing endless battles is banned
|rule|HP Percentage Mod: HP is shown in percentages
|clearpoke
|poke|p1|Great Tusk|
|poke|p1|Heatran, F|
|poke|p1|Chien-Pao|
|poke|p1|Gholdengo|
|poke|p1|Meowscarada, M|
|poke|p1|Iron Valiant|
|poke|p2|Grimmsnarl, M|
|poke|p2|Volcarona, M|
|poke|p2|Sneasler, F|
|poke|p2|Magearna|
|poke|p2|Zamazenta-*|
|poke|p2|Ursaluna, M|
|teampreview
|inactive|Battle timer is ON: inactive players will automatically lose when time's up. (requested by Prav33n)
|
|t:|1685929526
|start
|switch|p1a: Gholdengo|Gholdengo|100/100
|switch|p2a: Grimmsnarl|Grimmsnarl, M|100/100
|turn|1
|
|t:|1685929529
|move|p2a: Grimmsnarl|Light Screen|p2a: Grimmsnarl
|-sidestart|p2: testdedede|move: Light Screen
|move|p1a: Gholdengo|Trick|p2a: Grimmsnarl
|-activate|p1a: Gholdengo|move: Trick|[of] p2a: Grimmsnarl
|-item|p2a: Grimmsnarl|Choice Specs|[from] move: Trick
|-item|p1a: Gholdengo|Light Clay|[from] move: Trick
|
|upkeep
|turn|2
|
|t:|1685929538
|move|p2a: Grimmsnarl|Parting Shot|p1a: Gholdengo
|-immune|p1a: Gholdengo|[from] ability: Good as Gold
|move|p1a: Gholdengo|Make It Rain|p2a: Grimmsnarl
|-supereffective|p2a: Grimmsnarl
|-damage|p2a: Grimmsnarl|53/100
|-unboost|p1a: Gholdengo|spa|1
|
|upkeep
|turn|3
|
|t:|1685929551
|switch|p2a: Volcarona|Volcarona, M|100/100
|move|p1a: Gholdengo|Make It Rain|p2a: Volcarona
|-resisted|p2a: Volcarona
|-crit|p2a: Volcarona
|-damage|p2a: Volcarona|54/100
|-unboost|p1a: Gholdengo|spa|1
|
|upkeep
|turn|4
|j| Kyurem
|
|t:|1685929562
|switch|p1a: Heatran|Heatran, F|100/100
|move|p2a: Volcarona|Quiver Dance|p2a: Volcarona
|-boost|p2a: Volcarona|spa|1
|-boost|p2a: Volcarona|spd|1
|-boost|p2a: Volcarona|spe|1
|
|upkeep
|turn|5
|
|t:|1685929566
|-terastallize|p2a: Volcarona|Water
|-terastallize|p1a: Heatran|Grass
|move|p2a: Volcarona|Quiver Dance|p2a: Volcarona
|-boost|p2a: Volcarona|spa|1
|-boost|p2a: Volcarona|spd|1
|-boost|p2a: Volcarona|spe|1
|move|p1a: Heatran|Magma Storm|p2a: Volcarona
|-resisted|p2a: Volcarona
|-damage|p2a: Volcarona|47/100
|-activate|p2a: Volcarona|move: Magma Storm|[of] p1a: Heatran
|
|-damage|p2a: Volcarona|35/100|[from] move: Magma Storm|[partiallytrapped]
|upkeep
|turn|6
|
|t:|1685929573
|move|p2a: Volcarona|Giga Drain|p1a: Heatran
|-resisted|p1a: Heatran
|-damage|p1a: Heatran|84/100
|-heal|p2a: Volcarona|46/100|[from] drain|[of] p1a: Heatran
|move|p1a: Heatran|Earth Power|p2a: Volcarona
|-damage|p2a: Volcarona|39/100
|-unboost|p2a: Volcarona|spd|1
|
|-heal|p1a: Heatran|90/100|[from] item: Leftovers
|-damage|p2a: Volcarona|27/100|[from] move: Magma Storm|[partiallytrapped]
|upkeep
|turn|7
|
|t:|1685929578
|move|p2a: Volcarona|Tera Blast|p1a: Heatran
|-resisted|p1a: Heatran
|-damage|p1a: Heatran|61/100
|move|p1a: Heatran|Earth Power|p2a: Volcarona
|-damage|p2a: Volcarona|17/100
|
|-heal|p1a: Heatran|67/100|[from] item: Leftovers
|-damage|p2a: Volcarona|5/100|[from] move: Magma Storm|[partiallytrapped]
|upkeep
|turn|8
|
|t:|1685929583
|move|p2a: Volcarona|Tera Blast|p1a: Heatran
|-resisted|p1a: Heatran
|-damage|p1a: Heatran|38/100
|move|p1a: Heatran|Stealth Rock|p2a: Volcarona
|-sidestart|p2: testdedede|move: Stealth Rock
|
|-heal|p1a: Heatran|44/100|[from] item: Leftovers
|-damage|p2a: Volcarona|0 fnt|[from] move: Magma Storm|[partiallytrapped]
|faint|p2a: Volcarona
|-sideend|p2: testdedede|move: Light Screen
|upkeep
|
|t:|1685929595
|switch|p2a: Grimmsnarl|Grimmsnarl, M|53/100
|-damage|p2a: Grimmsnarl|41/100|[from] Stealth Rock
|turn|9
|
|t:|1685929597
|move|p2a: Grimmsnarl|Light Screen|p2a: Grimmsnarl
|-sidestart|p2: testdedede|move: Light Screen
|move|p1a: Heatran|Magma Storm|p2a: Grimmsnarl|[miss]
|-miss|p1a: Heatran|p2a: Grimmsnarl
|
|-heal|p1a: Heatran|50/100|[from] item: Leftovers
|upkeep
|turn|10
|
|t:|1685929602
|move|p2a: Grimmsnarl|Light Screen||[still]
|-fail|p2a: Grimmsnarl
|move|p1a: Heatran|Magma Storm|p2a: Grimmsnarl
|-damage|p2a: Grimmsnarl|25/100
|-activate|p2a: Grimmsnarl|move: Magma Storm|[of] p1a: Heatran
|
|-heal|p1a: Heatran|56/100|[from] item: Leftovers
|-damage|p2a: Grimmsnarl|13/100|[from] move: Magma Storm|[partiallytrapped]
|upkeep
|turn|11
|
|t:|1685929606
|move|p1a: Heatran|Protect|p1a: Heatran
|-singleturn|p1a: Heatran|Protect
|move|p2a: Grimmsnarl|Light Screen||[still]
|-fail|p2a: Grimmsnarl
|
|-heal|p1a: Heatran|62/100|[from] item: Leftovers
|-damage|p2a: Grimmsnarl|0 fnt|[from] move: Magma Storm|[partiallytrapped]
|faint|p2a: Grimmsnarl
|upkeep
|
|t:|1685929608
|switch|p2a: Sneasler|Sneasler, F|100/100
|-damage|p2a: Sneasler|95/100|[from] Stealth Rock
|-item|p2a: Sneasler|Air Balloon
|turn|12
|
|t:|1685929615
|switch|p1a: Gholdengo|Gholdengo|100/100
|move|p2a: Sneasler|Swords Dance|p2a: Sneasler
|-boost|p2a: Sneasler|atk|2
|
|upkeep
|turn|13
|
|t:|1685929638
|move|p2a: Sneasler|Swords Dance|p2a: Sneasler
|-boost|p2a: Sneasler|atk|2
|move|p1a: Gholdengo|Recover||[still]
|-fail|p1a: Gholdengo|heal
|
|-sideend|p2: testdedede|move: Light Screen
|upkeep
|turn|14
|
|t:|1685929642
|move|p2a: Sneasler|Acrobatics|p1a: Gholdengo
|-resisted|p1a: Gholdengo
|-damage|p1a: Gholdengo|64/100
|move|p1a: Gholdengo|Make It Rain|p2a: Sneasler
|-damage|p2a: Sneasler|17/100
|-unboost|p1a: Gholdengo|spa|1
|-enditem|p2a: Sneasler|Air Balloon
|
|upkeep
|turn|15
|
|t:|1685929648
|move|p2a: Sneasler|Acrobatics|p1a: Gholdengo
|-resisted|p1a: Gholdengo
|-damage|p1a: Gholdengo|0 fnt
|faint|p1a: Gholdengo
|
|upkeep
|
|t:|1685929657
|switch|p1a: Chien-Pao|Chien-Pao|100/100
|-ability|p1a: Chien-Pao|Sword of Ruin
|turn|16
|
|t:|1685929665
|move|p1a: Chien-Pao|Ice Shard|p2a: Sneasler
|-damage|p2a: Sneasler|0 fnt
|faint|p2a: Sneasler
|
|upkeep
|
|t:|1685929667
|switch|p2a: Zamazenta|Zamazenta|100/100
|-damage|p2a: Zamazenta|94/100|[from] Stealth Rock
|-ability|p2a: Zamazenta|Dauntless Shield|boost
|-boost|p2a: Zamazenta|def|1
|turn|17
|
|t:|1685929677
|switch|p2a: Magearna|Magearna|100/100
|-damage|p2a: Magearna|95/100|[from] Stealth Rock
|switch|p1a: Iron Valiant|Iron Valiant|100/100
|-enditem|p1a: Iron Valiant|Booster Energy
|-activate|p1a: Iron Valiant|ability: Quark Drive|[fromitem]
|-start|p1a: Iron Valiant|quarkdrivespe
|
|-heal|p2a: Magearna|100/100|[from] item: Leftovers
|upkeep
|turn|18
|
|t:|1685929685
|-end|p1a: Iron Valiant|Quark Drive|[silent]
|switch|p1a: Heatran|Heatran, F, tera:Grass|62/100
|move|p2a: Magearna|Shift Gear|p2a: Magearna
|-boost|p2a: Magearna|spe|2
|-boost|p2a: Magearna|atk|1
|
|-heal|p1a: Heatran|69/100|[from] item: Leftovers
|upkeep
|turn|19
|
|t:|1685929689
|move|p2a: Magearna|Calm Mind|p2a: Magearna
|-boost|p2a: Magearna|spa|1
|-boost|p2a: Magearna|spd|1
|move|p1a: Heatran|Magma Storm|p2a: Magearna
|-supereffective|p2a: Magearna
|-damage|p2a: Magearna|44/100
|-activate|p2a: Magearna|move: Magma Storm|[of] p1a: Heatran
|
|-heal|p2a: Magearna|50/100|[from] item: Leftovers
|-heal|p1a: Heatran|75/100|[from] item: Leftovers
|-damage|p2a: Magearna|38/100|[from] move: Magma Storm|[partiallytrapped]
|upkeep
|turn|20
|
|t:|1685929692
|move|p1a: Heatran|Protect|p1a: Heatran
|-singleturn|p1a: Heatran|Protect
|move|p2a: Magearna|Draining Kiss|p1a: Heatran
|-activate|p1a: Heatran|move: Protect
|
|-heal|p2a: Magearna|44/100|[from] item: Leftovers
|-heal|p1a: Heatran|81/100|[from] item: Leftovers
|-damage|p2a: Magearna|32/100|[from] move: Magma Storm|[partiallytrapped]
|upkeep
|turn|21
|
|t:|1685929697
|move|p2a: Magearna|Stored Power|p1a: Heatran
|-damage|p1a: Heatran|38/100
|move|p1a: Heatran|Magma Storm|p2a: Magearna|[miss]
|-miss|p1a: Heatran|p2a: Magearna
|
|-heal|p2a: Magearna|37/100|[from] item: Leftovers
|-heal|p1a: Heatran|45/100|[from] item: Leftovers
|-damage|p2a: Magearna|25/100|[from] move: Magma Storm|[partiallytrapped]
|upkeep
|turn|22
|
|t:|1685929705
|move|p2a: Magearna|Calm Mind|p2a: Magearna
|-boost|p2a: Magearna|spa|1
|-boost|p2a: Magearna|spd|1
|move|p1a: Heatran|Magma Storm|p2a: Magearna
|-supereffective|p2a: Magearna
|-damage|p2a: Magearna|0 fnt
|faint|p2a: Magearna
|
|-heal|p1a: Heatran|51/100|[from] item: Leftovers
|upkeep
|
|t:|1685929709
|switch|p2a: Ursaluna|Ursaluna, M|100/100
|-damage|p2a: Ursaluna|94/100|[from] Stealth Rock
|turn|23
|
|t:|1685929711
|move|p1a: Heatran|Magma Storm|p2a: Ursaluna
|-damage|p2a: Ursaluna|55/100
|-activate|p2a: Ursaluna|move: Magma Storm|[of] p1a: Heatran
|move|p2a: Ursaluna|Facade|p1a: Heatran
|-damage|p1a: Heatran|15/100
|
|-heal|p1a: Heatran|21/100|[from] item: Leftovers
|-damage|p2a: Ursaluna|42/100|[from] move: Magma Storm|[partiallytrapped]
|-status|p2a: Ursaluna|brn|[from] item: Flame Orb
|upkeep
|turn|24
|
|t:|1685929715
|move|p1a: Heatran|Protect|p1a: Heatran
|-singleturn|p1a: Heatran|Protect
|move|p2a: Ursaluna|Facade|p1a: Heatran
|-activate|p1a: Heatran|move: Protect
|
|-heal|p1a: Heatran|27/100|[from] item: Leftovers
|-damage|p2a: Ursaluna|36/100 brn|[from] brn
|-damage|p2a: Ursaluna|24/100 brn|[from] move: Magma Storm|[partiallytrapped]
|upkeep
|turn|25
|
|t:|1685929719
|move|p1a: Heatran|Earth Power|p2a: Ursaluna
|-damage|p2a: Ursaluna|0 fnt
|faint|p2a: Ursaluna
|
|-heal|p1a: Heatran|33/100|[from] item: Leftovers
|upkeep
|
|t:|1685929721
|switch|p2a: Zamazenta|Zamazenta|94/100
|-damage|p2a: Zamazenta|88/100|[from] Stealth Rock
|turn|26
|
|t:|1685929723
|move|p2a: Zamazenta|Body Press|p1a: Heatran
|-damage|p1a: Heatran|2/100
|move|p1a: Heatran|Magma Storm|p2a: Zamazenta
|-damage|p2a: Zamazenta|49/100
|-activate|p2a: Zamazenta|move: Magma Storm|[of] p1a: Heatran
|
|-heal|p2a: Zamazenta|55/100|[from] item: Leftovers
|-heal|p1a: Heatran|8/100|[from] item: Leftovers
|-damage|p2a: Zamazenta|43/100|[from] move: Magma Storm|[partiallytrapped]
|upkeep
|turn|27
|
|t:|1685929726
|move|p1a: Heatran|Protect|p1a: Heatran
|-singleturn|p1a: Heatran|Protect
|move|p2a: Zamazenta|Body Press|p1a: Heatran
|-activate|p1a: Heatran|move: Protect
|
|-heal|p2a: Zamazenta|49/100|[from] item: Leftovers
|-heal|p1a: Heatran|14/100|[from] item: Leftovers
|-damage|p2a: Zamazenta|37/100|[from] move: Magma Storm|[partiallytrapped]
|upkeep
|turn|28
|-message|testdedede forfeited.
|
|win|Prav33n
|raw|Prav33n's rating: 1516 → 1536(+20 for winning)
|raw|testdedede's rating: 1509 → 1489(-20 for losing)
|l|☆testdedede
