|j|☆Owany
|j|☆Danimo321
|t:|1685830724
|gametype|singles
|player|p1|Owany|silver-gen2kanto|1371
|player|p2|Danimo321|1|1266
|teamsize|p1|6
|teamsize|p2|6
|gen|9
|tier|[Gen 9] OU
|rated|
|rule|Sleep Clause Mod: Limit one foe put to sleep
|rule|Species Clause: Limit one of each Pokémon
|rule|OHKO Clause: OHKO moves are banned
|rule|Evasion Items Clause: Evasion items are banned
|rule|Evasion Moves Clause: Evasion moves are banned
|rule|Endless Battle Clause: Forcing endless battles is banned
|rule|HP Percentage Mod: HP is shown in percentages
|clearpoke
|poke|p1|Urshifu-*, M|
|poke|p1|Magearna|
|poke|p1|Slowking-Galar, M|
|poke|p1|Arcanine-Hisui, M|
|poke|p1|Landorus-Therian, M|
|poke|p1|Iron Treads|
|poke|p2|Samurott-Hisui, M|
|poke|p2|Dragapult, M|
|poke|p2|Sneasler, M|
|poke|p2|Magearna|
|poke|p2|Volcarona, M|
|poke|p2|Zamazenta-*|
|teampreview
|c|☆Owany|glhf ^^
|
|t:|1685830735
|start
|switch|p1a: Iron Treads|Iron Treads|100/100
|switch|p2a: Samurott|Samurott-Hisui, M|100/100
|turn|1
|
|t:|1685830742
|move|p1a: Iron Treads|Volt Switch|p2a: Samurott
|-supereffective|p2a: Samurott
|-damage|p2a: Samurott|67/100
|
|t:|1685830746
|-end|p1a: Iron Treads|Quark Drive|[silent]
|switch|p1a: Urshifu|Urshifu-Rapid-Strike, M|100/100|[from] Volt Switch
|move|p2a: Samurott|Razor Shell|p1a: Urshifu
|-resisted|p1a: Urshifu
|-damage|p1a: Urshifu|73/100
|
|upkeep
|turn|2
|
|t:|1685830760
|switch|p2a: Dragapult|Dragapult, M|100/100
|move|p1a: Urshifu|Trailblaze|p2a: Dragapult
|-resisted|p2a: Dragapult
|-damage|p2a: Dragapult|91/100
|-boost|p1a: Urshifu|spe|1
|-start|p1a: Urshifu|Disable|Trailblaze|[from] ability: Cursed Body|[of] p2a: Dragapult
|
|upkeep
|turn|3
|
|t:|1685830766
|switch|p1a: Magearna|Magearna|100/100
|move|p2a: Dragapult|Reflect|p2a: Dragapult
|-sidestart|p2: Danimo321|Reflect
|
|upkeep
|turn|4
|
|t:|1685830769
|move|p2a: Dragapult|Light Screen|p2a: Dragapult
|-sidestart|p2: Danimo321|move: Light Screen
|move|p1a: Magearna|Spikes|p2a: Dragapult
|-sidestart|p2: Danimo321|Spikes
|
|upkeep
|turn|5
|
|t:|1685830773
|move|p2a: Dragapult|Curse|p1a: Magearna
|-start|p1a: Magearna|Curse|[of] p2a: Dragapult
|-damage|p2a: Dragapult|41/100
|move|p1a: Magearna|Spikes|p2a: Dragapult
|-sidestart|p2: Danimo321|Spikes
|
|-damage|p1a: Magearna|76/100|[from] Curse
|upkeep
|turn|6
|
|t:|1685830782
|move|p2a: Dragapult|U-turn|p1a: Magearna
|-resisted|p1a: Magearna
|-damage|p1a: Magearna|71/100
|inactive|Battle timer is ON: inactive players will automatically lose when time's up. (requested by Owany)
|
|t:|1685830820
|switch|p2a: Magearna|Magearna|100/100|[from] U-turn
|-damage|p2a: Magearna|84/100|[from] Spikes
|move|p1a: Magearna|Volt Switch|p2a: Magearna
|-damage|p2a: Magearna|72/100
|
|t:|1685830832
|switch|p1a: Landorus|Landorus-Therian, M|100/100|[from] Volt Switch
|-ability|p1a: Landorus|Intimidate|boost
|-unboost|p2a: Magearna|atk|1
|
|-heal|p2a: Magearna|78/100|[from] item: Leftovers
|upkeep
|turn|7
|
|t:|1685830835
|move|p1a: Landorus|Substitute|p1a: Landorus
|-start|p1a: Landorus|Substitute
|-damage|p1a: Landorus|76/100
|move|p2a: Magearna|Iron Defense|p2a: Magearna
|-boost|p2a: Magearna|def|2
|
|-heal|p1a: Landorus|82/100|[from] item: Leftovers
|-heal|p2a: Magearna|84/100|[from] item: Leftovers
|upkeep
|turn|8
|
|t:|1685830839
|move|p1a: Landorus|Bulk Up|p1a: Landorus
|-boost|p1a: Landorus|atk|1
|-boost|p1a: Landorus|def|1
|move|p2a: Magearna|Draining Kiss|p1a: Landorus
|-end|p1a: Landorus|Substitute
|-heal|p2a: Magearna|100/100|[from] drain|[of] p1a: Landorus
|
|-heal|p1a: Landorus|88/100|[from] item: Leftovers
|upkeep
|turn|9
|
|t:|1685830844
|move|p1a: Landorus|Bulk Up|p1a: Landorus
|-boost|p1a: Landorus|atk|1
|-boost|p1a: Landorus|def|1
|move|p2a: Magearna|Calm Mind|p2a: Magearna
|-boost|p2a: Magearna|spa|1
|-boost|p2a: Magearna|spd|1
|
|-heal|p1a: Landorus|94/100|[from] item: Leftovers
|upkeep
|turn|10
|
|t:|1685830847
|move|p1a: Landorus|Substitute|p1a: Landorus
|-start|p1a: Landorus|Substitute
|-damage|p1a: Landorus|69/100
|move|p2a: Magearna|Draining Kiss|p1a: Landorus
|-end|p1a: Landorus|Substitute
|
|-heal|p1a: Landorus|75/100|[from] item: Leftovers
|-sideend|p2: Danimo321|Reflect
|upkeep
|turn|11
|
|t:|1685830850
|move|p1a: Landorus|Earthquake|p2a: Magearna
|-supereffective|p2a: Magearna
|-crit|p2a: Magearna
|-damage|p2a: Magearna|0 fnt
|faint|p2a: Magearna
|
|-heal|p1a: Landorus|81/100|[from] item: Leftovers
|-sideend|p2: Danimo321|move: Light Screen
|upkeep
|
|t:|1685830860
|switch|p2a: Samurott|Samurott-Hisui, M|67/100
|-damage|p2a: Samurott|50/100|[from] Spikes
|turn|12
|
|t:|1685830863
|move|p1a: Landorus|Earthquake|p2a: Samurott
|-damage|p2a: Samurott|0 fnt
|faint|p2a: Samurott
|
|-heal|p1a: Landorus|87/100|[from] item: Leftovers
|upkeep
|
|t:|1685830865
|switch|p2a: Sneasler|Sneasler, M|100/100
|-item|p2a: Sneasler|Air Balloon
|turn|13
|c|☆Danimo321|Geeeez ggs lol 😂
|
|t:|1685830882
|-terastallize|p1a: Landorus|Flying
|move|p1a: Landorus|Tera Blast|p2a: Sneasler
|-supereffective|p2a: Sneasler
|-damage|p2a: Sneasler|0 fnt
|-enditem|p2a: Sneasler|Air Balloon
|faint|p2a: Sneasler
|
|-heal|p1a: Landorus|93/100|[from] item: Leftovers
|upkeep
|c|☆Owany|gg
|
|t:|1685830888
|switch|p2a: Zamazenta|Zamazenta-Crowned|100/100
|-damage|p2a: Zamazenta|84/100|[from] Spikes
|-ability|p2a: Zamazenta|Dauntless Shield|boost
|-boost|p2a: Zamazenta|def|1
|turn|14
|
|t:|1685830894
|move|p2a: Zamazenta|Behemoth Bash|p1a: Landorus
|-damage|p1a: Landorus|70/100
|move|p1a: Landorus|Earthquake|p2a: Zamazenta
|-supereffective|p2a: Zamazenta
|-damage|p2a: Zamazenta|0 fnt
|faint|p2a: Zamazenta
|
|-heal|p1a: Landorus|76/100|[from] item: Leftovers
|upkeep
|
|t:|1685830897
|switch|p2a: Dragapult|Dragapult, M|41/100
|-damage|p2a: Dragapult|24/100|[from] Spikes
|turn|15
|
|t:|1685830900
|move|p2a: Dragapult|Curse|p1a: Landorus
|-start|p1a: Landorus|Curse|[of] p2a: Dragapult
|-damage|p2a: Dragapult|0 fnt
|faint|p2a: Dragapult
|move|p1a: Landorus|Tera Blast|p2: Dragapult|[notarget]
|-fail|p1a: Landorus
|
|-heal|p1a: Landorus|82/100|[from] item: Leftovers
|-damage|p1a: Landorus|57/100|[from] Curse
|upkeep
|
|t:|1685830902
|switch|p2a: Volcarona|Volcarona, M|100/100
|turn|16
|
|t:|1685830906
|-terastallize|p2a: Volcarona|Ground
|move|p2a: Volcarona|Quiver Dance|p2a: Volcarona
|-boost|p2a: Volcarona|spa|1
|-boost|p2a: Volcarona|spd|1
|-boost|p2a: Volcarona|spe|1
|move|p1a: Landorus|Tera Blast|p2a: Volcarona
|-damage|p2a: Volcarona|0 fnt
|faint|p2a: Volcarona
|
|win|Owany
|raw|Owany's rating: 1371 → 1385(+14 for winning)
|raw|Danimo321's rating: 1266 → 1248(-18 for losing)
