|j|☆cZEoUSw
|j|☆DukeVanillux
|t:|1685888323
|gametype|singles
|player|p1|cZEoUSw|parasollady|1044
|player|p2|DukeVanillux|170|1000
|teamsize|p1|6
|teamsize|p2|6
|gen|9
|tier|[Gen 9] OU
|rated|
|rule|Sleep Clause Mod: Limit one foe put to sleep
|rule|Species Clause: Limit one of each Pokémon
|rule|OHKO Clause: OHKO moves are banned
|rule|Evasion Items Clause: Evasion items are banned
|rule|Evasion Moves Clause: Evasion moves are banned
|rule|Endless Battle Clause: Forcing endless battles is banned
|rule|HP Percentage Mod: HP is shown in percentages
|clearpoke
|poke|p1|Lilligant-Hisui, F|
|poke|p1|Magearna|
|poke|p1|Glimmora, F|
|poke|p1|Grimmsnarl, M|
|poke|p1|Gholdengo|
|poke|p1|Iron Valiant|
|poke|p2|Orthworm, M|
|poke|p2|Diancie|
|poke|p2|Electrode-Hisui|
|poke|p2|Hoopa-Unbound|
|poke|p2|Ting-Lu|
|poke|p2|Glimmora, M|
|teampreview
|inactive|Battle timer is ON: inactive players will automatically lose when time's up. (requested by cZEoUSw)
|
|t:|1685888344
|start
|switch|p1a: Glimmora|Glimmora, F|100/100
|switch|p2a: Glimmora|Glimmora, M|100/100
|turn|1
|
|t:|1685888356
|move|p1a: Glimmora|Earth Power|p2a: Glimmora
|-supereffective|p2a: Glimmora
|-damage|p2a: Glimmora|0 fnt
|faint|p2a: Glimmora
|
|upkeep
|
|t:|1685888377
|switch|p2a: Hoopa|Hoopa-Unbound|100/100
|turn|2
|
|t:|1685888389
|move|p1a: Glimmora|Stealth Rock|p2a: Hoopa
|-sidestart|p2: DukeVanillux|move: Stealth Rock
|move|p2a: Hoopa|Focus Blast|p1a: Glimmora
|-damage|p1a: Glimmora|33/100
|-item|p2a: Hoopa|Focus Sash|[from] ability: Magician|[of] p1a: Glimmora
|
|upkeep
|turn|3
|
|t:|1685888404
|switch|p1a: Gholdengo|Gholdengo|100/100
|move|p2a: Hoopa|Focus Blast|p1a: Gholdengo
|-immune|p1a: Gholdengo
|
|upkeep
|turn|4
|
|t:|1685888418
|move|p1a: Gholdengo|Trick|p2a: Hoopa
|-activate|p1a: Gholdengo|move: Trick|[of] p2a: Hoopa
|-item|p2a: Hoopa|Choice Scarf|[from] move: Trick
|-item|p1a: Gholdengo|Focus Sash|[from] move: Trick
|move|p2a: Hoopa|Foul Play|p1a: Gholdengo
|-supereffective|p1a: Gholdengo
|-damage|p1a: Gholdengo|64/100
|
|upkeep
|turn|5
|
|t:|1685888435
|switch|p1a: Iron Valiant|Iron Valiant|100/100
|-enditem|p1a: Iron Valiant|Booster Energy
|-activate|p1a: Iron Valiant|ability: Quark Drive|[fromitem]
|-start|p1a: Iron Valiant|quarkdrivespe
|move|p2a: Hoopa|Foul Play|p1a: Iron Valiant
|-resisted|p1a: Iron Valiant
|-damage|p1a: Iron Valiant|89/100
|
|upkeep
|turn|6
|
|t:|1685888458
|switch|p2a: Orthworm|Orthworm, M|100/100
|-damage|p2a: Orthworm|94/100|[from] Stealth Rock
|move|p1a: Iron Valiant|Calm Mind|p1a: Iron Valiant
|-boost|p1a: Iron Valiant|spa|1
|-boost|p1a: Iron Valiant|spd|1
|
|upkeep
|turn|7
|
|t:|1685888469
|move|p1a: Iron Valiant|Aura Sphere|p2a: Orthworm
|-supereffective|p2a: Orthworm
|-damage|p2a: Orthworm|0 fnt
|faint|p2a: Orthworm
|
|upkeep
|
|t:|1685888480
|switch|p2a: Ting-Lu|Ting-Lu|100/100
|-ability|p2a: Ting-Lu|Vessel of Ruin
|turn|8
|
|t:|1685888495
|-terastallize|p1a: Iron Valiant|Fairy
|move|p1a: Iron Valiant|Moonblast|p2a: Ting-Lu
|-supereffective|p2a: Ting-Lu
|-damage|p2a: Ting-Lu|0 fnt
|faint|p2a: Ting-Lu
|
|upkeep
|inactive|DukeVanillux has 120 seconds left.
|
|t:|1685888513
|switch|p2a: Diancie|Diancie|100/100
|-damage|p2a: Diancie|88/100|[from] Stealth Rock
|turn|9
|inactive|DukeVanillux has 120 seconds left.
|
|t:|1685888525
|move|p1a: Iron Valiant|Moonblast|p2a: Diancie
|-damage|p2a: Diancie|23/100
|move|p2a: Diancie|Draining Kiss|p1a: Iron Valiant
|-damage|p1a: Iron Valiant|70/100
|-heal|p2a: Diancie|36/100|[from] drain|[of] p1a: Iron Valiant
|
|-heal|p2a: Diancie|42/100|[from] item: Leftovers
|upkeep
|turn|10
|inactive|DukeVanillux has 120 seconds left.
|
|t:|1685888537
|move|p1a: Iron Valiant|Moonblast|p2a: Diancie
|-damage|p2a: Diancie|0 fnt
|faint|p2a: Diancie
|
|upkeep
|
|t:|1685888545
|switch|p2a: Electrode|Electrode-Hisui|100/100
|-damage|p2a: Electrode|88/100|[from] Stealth Rock
|turn|11
|inactive|DukeVanillux has 120 seconds left.
|
|t:|1685888560
|move|p1a: Iron Valiant|Moonblast|p2a: Electrode
|-damage|p2a: Electrode|0 fnt
|faint|p2a: Electrode
|
|upkeep
|
|t:|1685888566
|switch|p2a: Hoopa|Hoopa-Unbound|100/100
|-damage|p2a: Hoopa|88/100|[from] Stealth Rock
|turn|12
|inactive|DukeVanillux has 120 seconds left.
|
|t:|1685888577
|move|p1a: Iron Valiant|Moonblast|p2a: Hoopa
|-supereffective|p2a: Hoopa
|-damage|p2a: Hoopa|0 fnt
|faint|p2a: Hoopa
|
|win|cZEoUSw
|raw|cZEoUSw's rating: 1044 → 1073(+29 for winning)
|raw|DukeVanillux's rating: 1000 → 1000(+0 for losing)
|c|☆cZEoUSw|ggs
