|j|☆YungRed14
|j|☆Trick Tweek
|t:|1685887091
|gametype|singles
|player|p1|YungRed14|fantina|1160
|player|p2|Trick Tweek|clown|1123
|teamsize|p1|6
|teamsize|p2|6
|gen|9
|tier|[Gen 9] OU
|rated|
|rule|Sleep Clause Mod: Limit one foe put to sleep
|rule|Species Clause: Limit one of each Pokémon
|rule|OHKO Clause: OHKO moves are banned
|rule|Evasion Items Clause: Evasion items are banned
|rule|Evasion Moves Clause: Evasion moves are banned
|rule|Endless Battle Clause: Forcing endless battles is banned
|rule|HP Percentage Mod: HP is shown in percentages
|clearpoke
|poke|p1|Lilligant-Hisui, F|
|poke|p1|Torkoal, M|
|poke|p1|Arcanine-Hisui, F|
|poke|p1|Walking Wake|
|poke|p1|Moltres-Galar|
|poke|p1|Slowking-Galar, F|
|poke|p2|Enamorus, F|
|poke|p2|Uxie|
|poke|p2|Regidrago|
|poke|p2|Great Tusk|
|poke|p2|Braviary-Hisui, M|
|poke|p2|Landorus-Therian, M|
|teampreview
|inactive|Battle timer is ON: inactive players will automatically lose when time's up. (requested by YungRed14)
|
|t:|1685887103
|start
|switch|p1a: Torkoal|Torkoal, M|100/100
|switch|p2a: Uxie|Uxie|100/100
|-weather|SunnyDay|[from] ability: Drought|[of] p1a: Torkoal
|turn|1
|
|t:|1685887117
|switch|p1a: Moltres|Moltres-Galar, shiny|100/100
|move|p2a: Uxie|Stealth Rock|p1a: Moltres
|-sidestart|p1: YungRed14|move: Stealth Rock
|
|-weather|SunnyDay|[upkeep]
|upkeep
|turn|2
|
|t:|1685887146
|switch|p1a: Slowking|Slowking-Galar, F|100/100
|-damage|p1a: Slowking|88/100|[from] Stealth Rock
|move|p2a: Uxie|Thunder Wave|p1a: Slowking
|-status|p1a: Slowking|par
|
|-weather|SunnyDay|[upkeep]
|upkeep
|turn|3
|
|t:|1685887159
|move|p2a: Uxie|Mystical Power|p1a: Slowking
|-damage|p1a: Slowking|71/100 par
|-boost|p2a: Uxie|spa|1
|move|p1a: Slowking|Toxic Spikes|p2a: Uxie
|-sidestart|p2: Trick Tweek|move: Toxic Spikes
|
|-weather|SunnyDay|[upkeep]
|upkeep
|turn|4
|
|t:|1685887168
|move|p2a: Uxie|Future Sight|p1a: Slowking
|-start|p2a: Uxie|move: Future Sight
|move|p1a: Slowking|Toxic Spikes|p2a: Uxie
|-sidestart|p2: Trick Tweek|move: Toxic Spikes
|
|-weather|SunnyDay|[upkeep]
|upkeep
|turn|5
|
|t:|1685887173
|move|p2a: Uxie|Mystical Power|p1a: Slowking
|-damage|p1a: Slowking|41/100 par
|-boost|p2a: Uxie|spa|1
|move|p1a: Slowking|Eerie Spell|p2a: Uxie
|-resisted|p2a: Uxie
|-damage|p2a: Uxie|87/100
|-activate|p2a: Uxie|move: Eerie Spell|Mystical Power|3
|
|-weather|SunnyDay|[upkeep]
|-heal|p2a: Uxie|93/100|[from] item: Leftovers
|upkeep
|turn|6
|
|t:|1685887199
|switch|p1a: Moltres|Moltres-Galar, shiny|100/100
|-damage|p1a: Moltres|76/100|[from] Stealth Rock
|move|p2a: Uxie|Mystical Power|p1a: Moltres
|-immune|p1a: Moltres
|
|-weather|SunnyDay|[upkeep]
|-end|p1a: Moltres|move: Future Sight
|-immune|p1a: Moltres
|-heal|p2a: Uxie|99/100|[from] item: Leftovers
|upkeep
|turn|7
|
|t:|1685887207
|move|p2a: Uxie|Thunder Wave|p1a: Moltres
|-status|p1a: Moltres|par
|move|p1a: Moltres|Fiery Wrath|p2a: Uxie
|-supereffective|p2a: Uxie
|-damage|p2a: Uxie|38/100
|
|-weather|SunnyDay|[upkeep]
|-heal|p2a: Uxie|44/100|[from] item: Leftovers
|upkeep
|turn|8
|
|t:|1685887215
|move|p2a: Uxie|Future Sight|p1a: Moltres
|-start|p2a: Uxie|move: Future Sight
|cant|p1a: Moltres|par
|
|-weather|none
|-heal|p2a: Uxie|50/100|[from] item: Leftovers
|upkeep
|turn|9
|
|t:|1685887221
|switch|p2a: Great Tusk|Great Tusk|100/100
|-status|p2a: Great Tusk|tox
|move|p1a: Moltres|Fiery Wrath|p2a: Great Tusk
|-resisted|p2a: Great Tusk
|-damage|p2a: Great Tusk|65/100 tox
|
|-damage|p2a: Great Tusk|59/100 tox|[from] psn
|upkeep
|turn|10
|
|t:|1685887249
|move|p2a: Great Tusk|Rapid Spin|p1a: Moltres
|-damage|p1a: Moltres|52/100 par
|-boost|p2a: Great Tusk|spe|1
|-sideend|p2: Trick Tweek|Toxic Spikes|[from] move: Rapid Spin|[of] p2a: Great Tusk
|-damage|p2a: Great Tusk|49/100 tox|[from] item: Life Orb
|move|p1a: Moltres|U-turn|p2a: Great Tusk
|-resisted|p2a: Great Tusk
|-damage|p2a: Great Tusk|45/100 tox
|
|t:|1685887259
|switch|p1a: Slowking|Slowking-Galar, F|75/100 par|[from] U-turn
|-damage|p1a: Slowking|62/100 par|[from] Stealth Rock
|
|-end|p1a: Slowking|move: Future Sight
|-damage|p1a: Slowking|29/100 par
|-damage|p2a: Great Tusk|32/100 tox|[from] psn
|upkeep
|turn|11
|
|t:|1685887267
|switch|p1a: Moltres|Moltres-Galar, shiny|52/100 par
|-damage|p1a: Moltres|27/100 par|[from] Stealth Rock
|move|p2a: Great Tusk|Headlong Rush|p1a: Moltres
|-immune|p1a: Moltres
|
|-damage|p2a: Great Tusk|14/100 tox|[from] psn
|upkeep
|turn|12
|
|t:|1685887283
|move|p2a: Great Tusk|Headlong Rush|p1a: Moltres
|-immune|p1a: Moltres
|move|p1a: Moltres|Fiery Wrath|p2a: Great Tusk
|-resisted|p2a: Great Tusk
|-damage|p2a: Great Tusk|0 fnt
|faint|p2a: Great Tusk
|-end|p2a: Great Tusk|Protosynthesis|[silent]
|
|upkeep
|
|t:|1685887287
|switch|p2a: Landorus|Landorus-Therian, M|100/100
|-ability|p2a: Landorus|Intimidate|boost
|-unboost|p1a: Moltres|atk|1
|turn|13
|
|t:|1685887294
|move|p2a: Landorus|U-turn|p1a: Moltres
|-damage|p1a: Moltres|3/100 par
|
|t:|1685887298
|switch|p2a: Enamorus|Enamorus, F|100/100|[from] U-turn
|move|p1a: Moltres|Fiery Wrath|p2a: Enamorus
|-resisted|p2a: Enamorus
|-damage|p2a: Enamorus|69/100
|
|upkeep
|turn|14
|
|t:|1685887309
|move|p2a: Enamorus|Sludge Bomb|p1a: Moltres
|-damage|p1a: Moltres|0 fnt
|faint|p1a: Moltres
|
|upkeep
|
|t:|1685887314
|switch|p1a: Torkoal|Torkoal, M|100/100
|-damage|p1a: Torkoal|76/100|[from] Stealth Rock
|-weather|SunnyDay|[from] ability: Drought|[of] p1a: Torkoal
|turn|15
|
|t:|1685887317
|move|p2a: Enamorus|Earth Power|p1a: Torkoal
|-supereffective|p1a: Torkoal
|-damage|p1a: Torkoal|0 fnt
|faint|p1a: Torkoal
|
|-weather|SunnyDay|[upkeep]
|upkeep
|
|t:|1685887327
|switch|p1a: Slowking|Slowking-Galar, F|62/100 par
|-damage|p1a: Slowking|50/100 par|[from] Stealth Rock
|turn|16
|
|t:|1685887335
|move|p2a: Enamorus|Taunt|p1a: Slowking
|-start|p1a: Slowking|move: Taunt
|move|p1a: Slowking|Sludge Bomb|p2a: Enamorus
|-supereffective|p2a: Enamorus
|-damage|p2a: Enamorus|0 fnt
|faint|p2a: Enamorus
|
|-weather|SunnyDay|[upkeep]
|upkeep
|
|t:|1685887342
|switch|p2a: Regidrago|Regidrago|100/100
|turn|17
|
|t:|1685887353
|move|p2a: Regidrago|Dragon Energy|p1a: Slowking
|-damage|p1a: Slowking|0 fnt
|faint|p1a: Slowking
|
|-weather|SunnyDay|[upkeep]
|upkeep
|
|t:|1685887360
|switch|p1a: Walking Wake|Walking Wake|100/100
|-damage|p1a: Walking Wake|88/100|[from] Stealth Rock
|-activate|p1a: Walking Wake|ability: Protosynthesis
|-start|p1a: Walking Wake|protosynthesisspa
|turn|18
|inactive|Trick Tweek has 120 seconds left.
|
|t:|1685887405
|move|p2a: Regidrago|Dragon Energy|p1a: Walking Wake
|-supereffective|p1a: Walking Wake
|-damage|p1a: Walking Wake|0 fnt
|faint|p1a: Walking Wake
|-end|p1a: Walking Wake|Protosynthesis|[silent]
|
|-weather|SunnyDay|[upkeep]
|upkeep
|
|t:|1685887418
|switch|p1a: Lilligant|Lilligant-Hisui, F|100/100
|-damage|p1a: Lilligant|94/100|[from] Stealth Rock
|turn|19
|
|t:|1685887426
|switch|p2a: Landorus|Landorus-Therian, M|100/100
|-ability|p2a: Landorus|Intimidate|boost
|-unboost|p1a: Lilligant|atk|1
|move|p1a: Lilligant|Axe Kick|p2a: Landorus
|-resisted|p2a: Landorus
|-damage|p2a: Landorus|71/100
|-start|p2a: Landorus|confusion
|-damage|p1a: Lilligant|84/100|[from] item: Life Orb
|
|-weather|SunnyDay|[upkeep]
|upkeep
|turn|20
|inactive|Trick Tweek has 120 seconds left.
|
|t:|1685887446
|move|p1a: Lilligant|Victory Dance|p1a: Lilligant
|-boost|p1a: Lilligant|atk|1
|-boost|p1a: Lilligant|def|1
|-boost|p1a: Lilligant|spe|1
|-activate|p2a: Landorus|confusion
|-damage|p2a: Landorus|53/100|[from] confusion
|
|-weather|SunnyDay|[upkeep]
|upkeep
|turn|21
|inactive|Trick Tweek has 120 seconds left.
|
|t:|1685887462
|move|p1a: Lilligant|Leaf Blade|p2a: Landorus
|-damage|p2a: Landorus|0 fnt
|faint|p2a: Landorus
|-damage|p1a: Lilligant|75/100|[from] item: Life Orb
|
|-weather|SunnyDay|[upkeep]
|upkeep
|
|t:|1685887473
|switch|p2a: Regidrago|Regidrago|100/100
|turn|22
|
|t:|1685887505
|move|p1a: Lilligant|Axe Kick|p2a: Regidrago|[miss]
|-miss|p1a: Lilligant|p2a: Regidrago
|-damage|p1a: Lilligant|25/100|[from] highjumpkick
|move|p2a: Regidrago|Draco Meteor|p1a: Lilligant
|-damage|p1a: Lilligant|0 fnt
|-unboost|p2a: Regidrago|spa|2
|faint|p1a: Lilligant
|
|-weather|none
|upkeep
|c|☆Trick Tweek|ez
|inactive|YungRed14 has 120 seconds left.
|
|t:|1685887526
|switch|p1a: Arcanine|Arcanine-Hisui, F|100/100
|turn|23
|
|t:|1685887535
|switch|p2a: Uxie|Uxie|50/100
|move|p1a: Arcanine|Head Smash|p2a: Uxie|[miss]
|-miss|p1a: Arcanine|p2a: Uxie
|
|-heal|p2a: Uxie|56/100|[from] item: Leftovers
|upkeep
|turn|24
|
|t:|1685887543
|move|p1a: Arcanine|Flare Blitz|p2a: Uxie
|-damage|p2a: Uxie|10/100
|move|p2a: Uxie|Thunder Wave|p1a: Arcanine
|-status|p1a: Arcanine|par
|
|-heal|p2a: Uxie|16/100|[from] item: Leftovers
|upkeep
|turn|25
|c|☆YungRed14|bro u sayin ez and start para my last mon
|
|t:|1685887559
|move|p2a: Uxie|Future Sight|p1a: Arcanine
|-start|p2a: Uxie|move: Future Sight
|move|p1a: Arcanine|Flare Blitz|p2a: Uxie
|-damage|p2a: Uxie|0 fnt
|faint|p2a: Uxie
|
|upkeep
|c|☆Trick Tweek|ez
|
|t:|1685887567
|switch|p2a: Braviary|Braviary-Hisui, M|100/100
|turn|26
|n|!YungRed14|yungred14
|
|t:|1685887572
|move|p2a: Braviary|Esper Wing|p1a: Arcanine
|-damage|p1a: Arcanine|7/100 par
|move|p1a: Arcanine|Head Smash|p2a: Braviary
|-supereffective|p2a: Braviary
|-damage|p2a: Braviary|0 fnt
|faint|p2a: Braviary
|
|upkeep
|
|t:|1685887577
|switch|p2a: Regidrago|Regidrago|100/100
|turn|27
|
|t:|1685887596
|-terastallize|p2a: Regidrago|Dragon
|move|p1a: Arcanine|Extreme Speed|p2a: Regidrago
|-damage|p2a: Regidrago|71/100
|move|p2a: Regidrago|Dragon Pulse|p1a: Arcanine
|-damage|p1a: Arcanine|0 fnt
|faint|p1a: Arcanine
|
|win|Trick Tweek
|raw|YungRed14's rating: 1160 → 1132(-28 for losing)
|raw|Trick Tweek's rating: 1123 → 1151(+28 for winning)
