|j|☆Yourtman_hiphip
|j|☆Despacito87
|t:|1685831188
|gametype|singles
|player|p1|Yourtman_hiphip|170|1415
|player|p2|Despacito87|grimsley|1499
|teamsize|p1|6
|teamsize|p2|6
|gen|9
|tier|[Gen 9] OU
|rated|
|rule|Sleep Clause Mod: Limit one foe put to sleep
|rule|Species Clause: Limit one of each Pokémon
|rule|OHKO Clause: OHKO moves are banned
|rule|Evasion Items Clause: Evasion items are banned
|rule|Evasion Moves Clause: Evasion moves are banned
|rule|Endless Battle Clause: Forcing endless battles is banned
|rule|HP Percentage Mod: HP is shown in percentages
|clearpoke
|poke|p1|Enamorus, F|
|poke|p1|Zamazenta-*|
|poke|p1|Azumarill, F|
|poke|p1|Glimmora, F|
|poke|p1|Dragapult, F|
|poke|p1|Kingambit, F|
|poke|p2|Ursaluna, M|
|poke|p2|Rillaboom, F|
|poke|p2|Sneasler, M|
|poke|p2|Hatterene, F|
|poke|p2|Hydreigon, M|
|poke|p2|Zamazenta-*|
|teampreview
|inactive|Battle timer is ON: inactive players will automatically lose when time's up. (requested by Despacito87)
|inactive|Yourtman_hiphip has 120 seconds left.
|
|t:|1685831241
|start
|switch|p1a: Glimmora|Glimmora, F|100/100
|switch|p2a: Liu Kang|Hydreigon, M|100/100
|turn|1
|
|t:|1685831246
|move|p2a: Liu Kang|Earth Power|p1a: Glimmora
|-supereffective|p1a: Glimmora
|-enditem|p1a: Glimmora|Focus Sash
|-damage|p1a: Glimmora|1/100
|move|p1a: Glimmora|Stealth Rock|p2a: Liu Kang
|-sidestart|p2: Despacito87|move: Stealth Rock
|
|upkeep
|turn|2
|
|t:|1685831251
|switch|p1a: Enamorus|Enamorus, F|100/100
|move|p2a: Liu Kang|Dark Pulse|p1a: Enamorus
|-resisted|p1a: Enamorus
|-damage|p1a: Enamorus|75/100
|
|-heal|p1a: Enamorus|81/100|[from] item: Leftovers
|upkeep
|turn|3
|
|t:|1685831259
|switch|p2a: 7500 On A YSL Hatt|Hatterene, F|100/100
|-damage|p2a: 7500 On A YSL Hatt|88/100|[from] Stealth Rock
|move|p1a: Enamorus|Superpower|p2a: 7500 On A YSL Hatt
|-resisted|p2a: 7500 On A YSL Hatt
|-damage|p2a: 7500 On A YSL Hatt|80/100
|-boost|p1a: Enamorus|atk|1
|-boost|p1a: Enamorus|def|1
|
|-heal|p1a: Enamorus|88/100|[from] item: Leftovers
|-heal|p2a: 7500 On A YSL Hatt|86/100|[from] item: Leftovers
|upkeep
|turn|4
|
|t:|1685831267
|move|p1a: Enamorus|Play Rough|p2a: 7500 On A YSL Hatt
|-crit|p2a: 7500 On A YSL Hatt
|-damage|p2a: 7500 On A YSL Hatt|9/100
|move|p2a: 7500 On A YSL Hatt|Nuzzle|p1a: Enamorus
|-supereffective|p1a: Enamorus
|-damage|p1a: Enamorus|79/100
|-status|p1a: Enamorus|par
|
|-heal|p1a: Enamorus|86/100 par|[from] item: Leftovers
|-heal|p2a: 7500 On A YSL Hatt|15/100|[from] item: Leftovers
|upkeep
|turn|5
|
|t:|1685831278
|move|p1a: Enamorus|Play Rough|p2a: 7500 On A YSL Hatt
|-damage|p2a: 7500 On A YSL Hatt|0 fnt
|faint|p2a: 7500 On A YSL Hatt
|
|-heal|p1a: Enamorus|92/100 par|[from] item: Leftovers
|upkeep
|
|t:|1685831282
|switch|p2a: Hercules No Thug|Sneasler, M|100/100
|-damage|p2a: Hercules No Thug|95/100|[from] Stealth Rock
|turn|6
|
|t:|1685831307
|move|p2a: Hercules No Thug|Dire Claw|p1a: Enamorus
|-supereffective|p1a: Enamorus
|-damage|p1a: Enamorus|0 fnt
|faint|p1a: Enamorus
|
|upkeep
|
|t:|1685831312
|switch|p1a: Glimmora|Glimmora, F|1/100
|turn|7
|
|t:|1685831317
|switch|p2a: Liu Kang|Hydreigon, M|100/100
|-damage|p2a: Liu Kang|88/100|[from] Stealth Rock
|move|p1a: Glimmora|Earth Power|p2a: Liu Kang
|-immune|p2a: Liu Kang|[from] ability: Levitate
|
|-heal|p2a: Liu Kang|94/100|[from] item: Leftovers
|upkeep
|turn|8
|
|t:|1685831325
|move|p2a: Liu Kang|Earth Power|p1a: Glimmora
|-supereffective|p1a: Glimmora
|-damage|p1a: Glimmora|0 fnt
|faint|p1a: Glimmora
|
|-heal|p2a: Liu Kang|99/100|[from] item: Leftovers
|upkeep
|
|t:|1685831328
|switch|p1a: Azumarill|Azumarill, F|100/100
|turn|9
|
|t:|1685831333
|switch|p2a: Metro|Rillaboom, F|100/100
|-damage|p2a: Metro|88/100|[from] Stealth Rock
|-fieldstart|move: Grassy Terrain|[from] ability: Grassy Surge|[of] p2a: Metro
|move|p1a: Azumarill|Play Rough|p2a: Metro
|-damage|p2a: Metro|40/100
|
|-heal|p2a: Metro|46/100|[from] Grassy Terrain
|upkeep
|turn|10
|
|t:|1685831339
|switch|p1a: Zamazenta|Zamazenta|100/100
|-ability|p1a: Zamazenta|Dauntless Shield|boost
|-boost|p1a: Zamazenta|def|1
|move|p2a: Metro|U-turn|p1a: Zamazenta
|-resisted|p1a: Zamazenta
|-damage|p1a: Zamazenta|92/100
|
|t:|1685831351
|switch|p2a: Hercules No Thug|Sneasler, M|95/100|[from] U-turn
|-damage|p2a: Hercules No Thug|89/100|[from] Stealth Rock
|-enditem|p2a: Hercules No Thug|Grassy Seed
|-boost|p2a: Hercules No Thug|def|1|[from] item: Grassy Seed
|
|-heal|p2a: Hercules No Thug|95/100|[from] Grassy Terrain
|-heal|p1a: Zamazenta|98/100|[from] Grassy Terrain
|upkeep
|turn|11
|
|t:|1685831372
|move|p2a: Hercules No Thug|Swords Dance|p2a: Hercules No Thug
|-boost|p2a: Hercules No Thug|atk|2
|move|p1a: Zamazenta|Stone Edge|p2a: Hercules No Thug
|-resisted|p2a: Hercules No Thug
|-damage|p2a: Hercules No Thug|76/100
|
|-heal|p2a: Hercules No Thug|82/100|[from] Grassy Terrain
|-heal|p1a: Zamazenta|100/100|[from] Grassy Terrain
|upkeep
|turn|12
|
|t:|1685831379
|move|p2a: Hercules No Thug|Swords Dance|p2a: Hercules No Thug
|-boost|p2a: Hercules No Thug|atk|2
|move|p1a: Zamazenta|Close Combat|p2a: Hercules No Thug
|-resisted|p2a: Hercules No Thug
|-damage|p2a: Hercules No Thug|51/100
|-unboost|p1a: Zamazenta|def|1
|-unboost|p1a: Zamazenta|spd|1
|
|-heal|p2a: Hercules No Thug|57/100|[from] Grassy Terrain
|upkeep
|turn|13
|
|t:|1685831384
|move|p2a: Hercules No Thug|Acrobatics|p1a: Zamazenta
|-supereffective|p1a: Zamazenta
|-damage|p1a: Zamazenta|0 fnt
|faint|p1a: Zamazenta
|
|-heal|p2a: Hercules No Thug|63/100|[from] Grassy Terrain
|upkeep
|
|t:|1685831390
|switch|p1a: Azumarill|Azumarill, F|100/100
|turn|14
|
|t:|1685831393
|move|p1a: Azumarill|Aqua Jet|p2a: Hercules No Thug
|-damage|p2a: Hercules No Thug|38/100
|move|p2a: Hercules No Thug|Dire Claw|p1a: Azumarill
|-supereffective|p1a: Azumarill
|-damage|p1a: Azumarill|0 fnt
|faint|p1a: Azumarill
|
|-heal|p2a: Hercules No Thug|44/100|[from] Grassy Terrain
|upkeep
|
|t:|1685831400
|switch|p1a: Kingambit|Kingambit, F|100/100
|-activate|p1a: Kingambit|ability: Supreme Overlord
|-start|p1a: Kingambit|fallen4|[silent]
|turn|15
|
|t:|1685831415
|-terastallize|p1a: Kingambit|Dark
|move|p2a: Hercules No Thug|Close Combat|p1a: Kingambit
|-supereffective|p1a: Kingambit
|-damage|p1a: Kingambit|0 fnt
|-unboost|p2a: Hercules No Thug|def|1
|-unboost|p2a: Hercules No Thug|spd|1
|faint|p1a: Kingambit
|-end|p1a: Kingambit|fallen4|[silent]
|
|-heal|p2a: Hercules No Thug|50/100|[from] Grassy Terrain
|upkeep
|-message|Yourtman_hiphip forfeited.
|
|win|Despacito87
|raw|Yourtman_hiphip's rating: 1415 → 1400(-15 for losing)
|raw|Despacito87's rating: 1499 → 1514(+15 for winning)
|l|☆Yourtman_hiphip
