|j|☆hahneeakule
|j|☆MonaPT
|t:|1685884347
|gametype|singles
|player|p1|hahneeakule|dancer|1215
|player|p2|MonaPT|101|1192
|teamsize|p1|6
|teamsize|p2|6
|gen|9
|tier|[Gen 9] OU
|rated|
|rule|Sleep Clause Mod: Limit one foe put to sleep
|rule|Species Clause: Limit one of each Pokémon
|rule|OHKO Clause: OHKO moves are banned
|rule|Evasion Items Clause: Evasion items are banned
|rule|Evasion Moves Clause: Evasion moves are banned
|rule|Endless Battle Clause: Forcing endless battles is banned
|rule|HP Percentage Mod: HP is shown in percentages
|clearpoke
|poke|p1|Samurott-Hisui, M|
|poke|p1|Kleavor, F|
|poke|p1|Enamorus, F|
|poke|p1|Cresselia, F|
|poke|p1|Iron Treads|
|poke|p1|Corviknight, F|
|poke|p2|Zamazenta-*|
|poke|p2|Braviary-Hisui, M|
|poke|p2|Toxapex, M|
|poke|p2|Ting-Lu|
|poke|p2|Dondozo, F|
|poke|p2|Amoonguss, F|
|teampreview
|
|t:|1685884387
|start
|switch|p1a: Kleavor|Kleavor, F|100/100
|switch|p2a: Dondozo|Dondozo, F|100/100
|turn|1
|
|t:|1685884405
|switch|p1a: Cresselia|Cresselia, F|100/100
|move|p2a: Dondozo|Curse|p2a: Dondozo
|-unboost|p2a: Dondozo|spe|1
|-boost|p2a: Dondozo|atk|1
|-boost|p2a: Dondozo|def|1
|
|upkeep
|turn|2
|
|t:|1685884444
|move|p1a: Cresselia|Thunderbolt|p2a: Dondozo
|-supereffective|p2a: Dondozo
|-damage|p2a: Dondozo|69/100
|move|p2a: Dondozo|Curse|p2a: Dondozo
|-unboost|p2a: Dondozo|spe|1
|-boost|p2a: Dondozo|atk|1
|-boost|p2a: Dondozo|def|1
|
|upkeep
|turn|3
|
|t:|1685884453
|-terastallize|p1a: Cresselia|Fairy
|move|p1a: Cresselia|Thunderbolt|p2a: Dondozo
|-supereffective|p2a: Dondozo
|-damage|p2a: Dondozo|36/100
|move|p2a: Dondozo|Liquidation|p1a: Cresselia
|-damage|p1a: Cresselia|61/100
|
|-heal|p1a: Cresselia|68/100|[from] item: Leftovers
|upkeep
|turn|4
|
|t:|1685884464
|move|p1a: Cresselia|Thunderbolt|p2a: Dondozo
|-supereffective|p2a: Dondozo
|-damage|p2a: Dondozo|6/100
|move|p2a: Dondozo|Rest|p2a: Dondozo
|-status|p2a: Dondozo|slp|[from] move: Rest
|-heal|p2a: Dondozo|100/100 slp|[silent]
|
|-heal|p1a: Cresselia|74/100|[from] item: Leftovers
|upkeep
|turn|5
|
|t:|1685884474
|move|p1a: Cresselia|Future Sight|p2a: Dondozo
|-start|p1a: Cresselia|move: Future Sight
|cant|p2a: Dondozo|slp
|move|p2a: Dondozo|Sleep Talk|p2a: Dondozo
|move|p2a: Dondozo|Rest||[from]move: Sleep Talk|[still]
|-fail|p2a: Dondozo
|
|-heal|p1a: Cresselia|80/100|[from] item: Leftovers
|upkeep
|turn|6
|
|t:|1685884483
|move|p1a: Cresselia|Thunderbolt|p2a: Dondozo
|-supereffective|p2a: Dondozo
|-damage|p2a: Dondozo|71/100 slp
|cant|p2a: Dondozo|slp
|move|p2a: Dondozo|Sleep Talk|p2a: Dondozo
|move|p2a: Dondozo|Rest||[from]move: Sleep Talk|[still]
|-fail|p2a: Dondozo
|
|-heal|p1a: Cresselia|86/100|[from] item: Leftovers
|upkeep
|turn|7
|
|t:|1685884496
|move|p1a: Cresselia|Thunderbolt|p2a: Dondozo
|-supereffective|p2a: Dondozo
|-damage|p2a: Dondozo|37/100 slp
|-curestatus|p2a: Dondozo|slp|[msg]
|move|p2a: Dondozo|Rest|p2a: Dondozo
|-status|p2a: Dondozo|slp|[from] move: Rest
|-heal|p2a: Dondozo|100/100 slp|[silent]
|
|-end|p2a: Dondozo|move: Future Sight
|-damage|p2a: Dondozo|68/100 slp
|-heal|p1a: Cresselia|93/100|[from] item: Leftovers
|upkeep
|turn|8
|
|t:|1685884508
|move|p1a: Cresselia|Thunderbolt|p2a: Dondozo
|-supereffective|p2a: Dondozo
|-damage|p2a: Dondozo|36/100 slp
|cant|p2a: Dondozo|slp
|move|p2a: Dondozo|Sleep Talk|p2a: Dondozo
|move|p2a: Dondozo|Rest||[from]move: Sleep Talk|[still]
|-fail|p2a: Dondozo
|
|-heal|p1a: Cresselia|99/100|[from] item: Leftovers
|upkeep
|turn|9
|
|t:|1685884520
|-terastallize|p2a: Dondozo|Steel
|move|p1a: Cresselia|Thunderbolt|p2a: Dondozo
|-damage|p2a: Dondozo|20/100 slp
|cant|p2a: Dondozo|slp
|move|p2a: Dondozo|Sleep Talk|p2a: Dondozo
|move|p2a: Dondozo|Liquidation|p1a: Cresselia|[from]move: Sleep Talk
|-damage|p1a: Cresselia|58/100
|
|-heal|p1a: Cresselia|65/100|[from] item: Leftovers
|upkeep
|turn|10
|
|t:|1685884546
|move|p1a: Cresselia|Thunderbolt|p2a: Dondozo
|-damage|p2a: Dondozo|5/100 slp
|-curestatus|p2a: Dondozo|slp|[msg]
|move|p2a: Dondozo|Rest|p2a: Dondozo
|-status|p2a: Dondozo|slp|[from] move: Rest
|-heal|p2a: Dondozo|100/100 slp|[silent]
|
|-heal|p1a: Cresselia|71/100|[from] item: Leftovers
|upkeep
|turn|11
|
|t:|1685884563
|switch|p1a: Enamorus|Enamorus, F|100/100
|cant|p2a: Dondozo|slp
|move|p2a: Dondozo|Sleep Talk|p2a: Dondozo
|move|p2a: Dondozo|Rest||[from]move: Sleep Talk|[still]
|-fail|p2a: Dondozo
|
|upkeep
|turn|12
|
|t:|1685884572
|move|p1a: Enamorus|Earth Power|p2a: Dondozo
|-supereffective|p2a: Dondozo
|-damage|p2a: Dondozo|65/100 slp
|cant|p2a: Dondozo|slp
|move|p2a: Dondozo|Sleep Talk|p2a: Dondozo
|move|p2a: Dondozo|Curse|p2a: Dondozo|[from]move: Sleep Talk
|-unboost|p2a: Dondozo|spe|1
|-boost|p2a: Dondozo|atk|1
|-boost|p2a: Dondozo|def|1
|
|upkeep
|turn|13
|
|t:|1685884584
|move|p1a: Enamorus|Earth Power|p2a: Dondozo
|-supereffective|p2a: Dondozo
|-damage|p2a: Dondozo|33/100 slp
|-curestatus|p2a: Dondozo|slp|[msg]
|move|p2a: Dondozo|Liquidation|p1a: Enamorus
|-enditem|p1a: Enamorus|Focus Sash
|-damage|p1a: Enamorus|1/100
|-boost|p1a: Enamorus|def|1
|
|upkeep
|turn|14
|
|t:|1685884596
|move|p1a: Enamorus|Earth Power|p2a: Dondozo
|-supereffective|p2a: Dondozo
|-damage|p2a: Dondozo|2/100
|move|p2a: Dondozo|Rest|p2a: Dondozo
|-status|p2a: Dondozo|slp|[from] move: Rest
|-heal|p2a: Dondozo|100/100 slp|[silent]
|
|upkeep
|turn|15
|
|t:|1685884605
|move|p1a: Enamorus|Earth Power|p2a: Dondozo
|-supereffective|p2a: Dondozo
|-damage|p2a: Dondozo|64/100 slp
|cant|p2a: Dondozo|slp
|move|p2a: Dondozo|Sleep Talk|p2a: Dondozo
|move|p2a: Dondozo|Liquidation|p1a: Enamorus|[from]move: Sleep Talk
|-damage|p1a: Enamorus|0 fnt
|faint|p1a: Enamorus
|
|upkeep
|
|t:|1685884624
|switch|p1a: Iron Treads|Iron Treads|100/100
|turn|16
|
|t:|1685884636
|move|p1a: Iron Treads|Earthquake|p2a: Dondozo
|-supereffective|p2a: Dondozo
|-damage|p2a: Dondozo|40/100 slp
|cant|p2a: Dondozo|slp
|move|p2a: Dondozo|Sleep Talk|p2a: Dondozo
|move|p2a: Dondozo|Rest||[from]move: Sleep Talk|[still]
|-fail|p2a: Dondozo
|
|upkeep
|turn|17
|c|☆hahneeakule|This is silly
|c|☆MonaPT|The amount of times sleep talk has called rest?
|c|☆MonaPT|yes
|
|t:|1685884687
|move|p1a: Iron Treads|Earthquake|p2a: Dondozo
|-supereffective|p2a: Dondozo
|-damage|p2a: Dondozo|18/100 slp
|-curestatus|p2a: Dondozo|slp|[msg]
|move|p2a: Dondozo|Rest|p2a: Dondozo
|-status|p2a: Dondozo|slp|[from] move: Rest
|-heal|p2a: Dondozo|100/100 slp|[silent]
|
|upkeep
|turn|18
|c|☆MonaPT|(I'm giving this shot leftovers next time lol)
|
|t:|1685884722
|move|p1a: Iron Treads|Earthquake|p2a: Dondozo
|-supereffective|p2a: Dondozo
|-damage|p2a: Dondozo|79/100 slp
|cant|p2a: Dondozo|slp
|
|upkeep
|turn|19
|n|!hahneeakule|hahneeakule
|
|t:|1685884732
|move|p1a: Iron Treads|Earthquake|p2a: Dondozo
|-supereffective|p2a: Dondozo
|-damage|p2a: Dondozo|57/100 slp
|cant|p2a: Dondozo|slp
|move|p2a: Dondozo|Sleep Talk|p2a: Dondozo
|move|p2a: Dondozo|Liquidation|p1a: Iron Treads|[from]move: Sleep Talk
|-supereffective|p1a: Iron Treads
|-damage|p1a: Iron Treads|0 fnt
|faint|p1a: Iron Treads
|-end|p1a: Iron Treads|Quark Drive|[silent]
|
|upkeep
|-message|hahneeakule forfeited.
|
|win|MonaPT
|raw|hahneeakule's rating: 1215 → 1188(-27 for losing)
|raw|MonaPT's rating: 1192 → 1219(+27 for winning)
|l|!hahneeakule
