|j|☆Leafeontc
|j|☆carlolucarelli
|inactive|Battle timer is ON: inactive players will automatically lose when time's up.
|t:|1685879152
|gametype|singles
|player|p1|Leafeontc|diantha-masters2|
|player|p2|carlolucarelli|steven|
|teamsize|p1|6
|teamsize|p2|6
|gen|9
|tier|[Gen 9] OU
|rated|Tournament battle
|rule|Sleep Clause Mod: Limit one foe put to sleep
|rule|Species Clause: Limit one of each Pokémon
|rule|OHKO Clause: OHKO moves are banned
|rule|Evasion Items Clause: Evasion items are banned
|rule|Evasion Moves Clause: Evasion moves are banned
|rule|Endless Battle Clause: Forcing endless battles is banned
|rule|HP Percentage Mod: HP is shown in percentages
|clearpoke
|poke|p1|Magearna|
|poke|p1|Eiscue, F|
|poke|p1|Sunflora, F|
|poke|p1|Appletun, M|
|poke|p1|Komala, F|
|poke|p1|Abomasnow, M|
|poke|p2|Magearna|
|poke|p2|Eiscue, M|
|poke|p2|Sunflora, M|
|poke|p2|Appletun, M|
|poke|p2|Komala, F|
|poke|p2|Abomasnow, F|
|teampreview
|j|*Lady Monita
|inactive|Leafeontc also wants the timer to be on.
|
|t:|1685879155
|start
|switch|p1a: Abomasnow|Abomasnow, M|100/100
|switch|p2a: Magearna|Magearna|100/100
|-weather|Snow|[from] ability: Snow Warning|[of] p1a: Abomasnow
|turn|1
|
|t:|1685879172
|move|p2a: Magearna|Shift Gear|p2a: Magearna
|-boost|p2a: Magearna|spe|2
|-boost|p2a: Magearna|atk|1
|move|p1a: Abomasnow|Earth Power|p2a: Magearna
|-supereffective|p2a: Magearna
|-damage|p2a: Magearna|58/100
|
|-weather|Snow|[upkeep]
|-heal|p2a: Magearna|64/100|[from] item: Leftovers
|upkeep
|turn|2
|
|t:|1685879180
|-terastallize|p2a: Magearna|Flying
|move|p2a: Magearna|Calm Mind|p2a: Magearna
|-boost|p2a: Magearna|spa|1
|-boost|p2a: Magearna|spd|1
|move|p1a: Abomasnow|Earth Power|p2a: Magearna
|-immune|p2a: Magearna
|
|-weather|Snow|[upkeep]
|-heal|p2a: Magearna|70/100|[from] item: Leftovers
|upkeep
|turn|3
|j| xHisui
|
|t:|1685879192
|move|p2a: Magearna|Calm Mind|p2a: Magearna
|-boost|p2a: Magearna|spa|1
|-boost|p2a: Magearna|spd|1
|move|p1a: Abomasnow|Blizzard|p2a: Magearna
|-supereffective|p2a: Magearna
|-damage|p2a: Magearna|31/100
|
|-weather|Snow|[upkeep]
|-heal|p2a: Magearna|37/100|[from] item: Leftovers
|upkeep
|turn|4
|
|t:|1685879197
|move|p2a: Magearna|Stored Power|p1a: Abomasnow
|-damage|p1a: Abomasnow|0 fnt
|faint|p1a: Abomasnow
|-ability|p2a: Magearna|Soul-Heart|boost
|-boost|p2a: Magearna|spa|1
|
|-weather|Snow|[upkeep]
|-heal|p2a: Magearna|43/100|[from] item: Leftovers
|upkeep
|
|t:|1685879212
|switch|p1a: Sunflora|Sunflora, F, shiny|100/100
|turn|5
|
|t:|1685879221
|-terastallize|p1a: Sunflora|Ground
|move|p2a: Magearna|Stored Power|p1a: Sunflora
|-damage|p1a: Sunflora|0 fnt
|faint|p1a: Sunflora
|-ability|p2a: Magearna|Soul-Heart|boost
|-boost|p2a: Magearna|spa|1
|
|-weather|none
|-heal|p2a: Magearna|49/100|[from] item: Leftovers
|upkeep
|
|t:|1685879227
|switch|p1a: Eiscue|Eiscue, F|100/100
|turn|6
|
|t:|1685879230
|move|p2a: Magearna|Stored Power|p1a: Eiscue
|-damage|p1a: Eiscue|0 fnt
|faint|p1a: Eiscue
|-ability|p2a: Magearna|Soul-Heart|boost
|-boost|p2a: Magearna|spa|1
|
|-heal|p2a: Magearna|55/100|[from] item: Leftovers
|upkeep
|c| xHisui|gg
|c| xHisui|Thats over
|
|t:|1685879243
|switch|p1a: Appletun|Appletun, M|100/100
|turn|7
|
|t:|1685879247
|move|p2a: Magearna|Stored Power|p1a: Appletun
|-damage|p1a: Appletun|0 fnt
|faint|p1a: Appletun
|-ability|p2a: Magearna|Soul-Heart|boost
|-boost|p2a: Magearna|spa|1
|
|-heal|p2a: Magearna|61/100|[from] item: Leftovers
|upkeep
|
|t:|1685879249
|switch|p1a: Magearna|Magearna|100/100
|turn|8
|
|t:|1685879253
|move|p2a: Magearna|Stored Power|p1a: Magearna
|-resisted|p1a: Magearna
|-damage|p1a: Magearna|0 fnt
|faint|p1a: Magearna
|
|-heal|p2a: Magearna|67/100|[from] item: Leftovers
|upkeep
|
|t:|1685879257
|switch|p1a: Komala|Komala, F, shiny|100/100
|-ability|p1a: Komala|Comatose
|turn|9
|
|t:|1685879261
|move|p2a: Magearna|Stored Power|p1a: Komala
|-damage|p1a: Komala|0 fnt
|faint|p1a: Komala
|
|win|carlolucarelli
|n|☆Leafeontc|leafeontc
|n|☆carlolucarelli|carlolucarelli
|n|*Lady Monita|ladymonita
|n| xHisui|xhisui
