|j|☆The Gallade Man
|j|☆Ladder me bruh
|t:|1685923680
|gametype|singles
|player|p1|The Gallade Man|wally|1422
|player|p2|Ladder me bruh|170|1387
|teamsize|p1|6
|teamsize|p2|6
|gen|9
|tier|[Gen 9] OU
|rated|
|rule|Sleep Clause Mod: Limit one foe put to sleep
|rule|Species Clause: Limit one of each Pokémon
|rule|OHKO Clause: OHKO moves are banned
|rule|Evasion Items Clause: Evasion items are banned
|rule|Evasion Moves Clause: Evasion moves are banned
|rule|Endless Battle Clause: Forcing endless battles is banned
|rule|HP Percentage Mod: HP is shown in percentages
|clearpoke
|poke|p1|Landorus-Therian, M|
|poke|p1|Rillaboom, M|
|poke|p1|Cinderace, M|
|poke|p1|Gallade, M|
|poke|p1|Magearna|
|poke|p1|Iron Valiant|
|poke|p2|Basculegion-F, F|
|poke|p2|Zamazenta-*|
|poke|p2|Scream Tail|
|poke|p2|Garganacl, F|
|poke|p2|Zapdos|
|poke|p2|Maushold|
|teampreview
|inactive|Battle timer is ON: inactive players will automatically lose when time's up. (requested by The Gallade Man)
|inactive|The Gallade Man has 120 seconds left.
|
|t:|1685923779
|start
|switch|p1a: Rillaboom|Rillaboom, M|100/100
|switch|p2a: Zapdos|Zapdos|100/100
|-fieldstart|move: Grassy Terrain|[from] ability: Grassy Surge|[of] p1a: Rillaboom
|turn|1
|
|t:|1685923796
|switch|p1a: Magearna|Magearna|100/100
|move|p2a: Zapdos|Volt Switch|p1a: Magearna
|-damage|p1a: Magearna|86/100
|inactive|Ladder me bruh has 120 seconds left.
|
|t:|1685923829
|switch|p2a: Garganacl|Garganacl, F|100/100|[from] Volt Switch
|
|-heal|p1a: Magearna|93/100|[from] Grassy Terrain
|upkeep
|turn|2
|
|t:|1685923845
|move|p1a: Magearna|Volt Switch|p2a: Garganacl
|-damage|p2a: Garganacl|86/100
|
|t:|1685923862
|switch|p1a: Landorus|Landorus-Therian, M|100/100|[from] Volt Switch
|-ability|p1a: Landorus|Intimidate|boost
|-unboost|p2a: Garganacl|atk|1
|move|p2a: Garganacl|Stealth Rock|p1a: Landorus
|-sidestart|p1: The Gallade Man|move: Stealth Rock
|
|-heal|p2a: Garganacl|93/100|[from] Grassy Terrain
|-heal|p2a: Garganacl|99/100|[from] item: Leftovers
|upkeep
|turn|3
|inactive|Ladder me bruh has 120 seconds left.
|inactive|The Gallade Man has 120 seconds left.
|
|t:|1685923878
|switch|p2a: Zapdos|Zapdos|100/100
|move|p1a: Landorus|Earth Power|p2a: Zapdos
|-immune|p2a: Zapdos
|
|upkeep
|turn|4
|inactive|Ladder me bruh has 120 seconds left.
|
|t:|1685923890
|switch|p1a: Magearna|Magearna|93/100
|-damage|p1a: Magearna|86/100|[from] Stealth Rock
|move|p2a: Zapdos|Volt Switch|p1a: Magearna
|-damage|p1a: Magearna|73/100
|
|t:|1685923904
|switch|p2a: Garganacl|Garganacl, F|99/100|[from] Volt Switch
|
|-heal|p1a: Magearna|79/100|[from] Grassy Terrain
|-heal|p2a: Garganacl|100/100|[from] Grassy Terrain
|upkeep
|turn|5
|inactive|The Gallade Man has 120 seconds left.
|
|t:|1685923927
|move|p1a: Magearna|Iron Head|p2a: Garganacl
|-supereffective|p2a: Garganacl
|-damage|p2a: Garganacl|71/100
|move|p2a: Garganacl|Salt Cure|p1a: Magearna
|-resisted|p1a: Magearna
|-damage|p1a: Magearna|73/100
|-start|p1a: Magearna|Salt Cure
|
|-heal|p1a: Magearna|79/100|[from] Grassy Terrain
|-heal|p2a: Garganacl|77/100|[from] Grassy Terrain
|-heal|p2a: Garganacl|83/100|[from] item: Leftovers
|-damage|p1a: Magearna|54/100|[from] Salt Cure
|-fieldend|move: Grassy Terrain
|upkeep
|turn|6
|inactive|Ladder me bruh has 120 seconds left.
|inactive|The Gallade Man has 120 seconds left.
|
|t:|1685923961
|switch|p1a: Rillaboom|Rillaboom, M|100/100
|-fieldstart|move: Grassy Terrain|[from] ability: Grassy Surge|[of] p1a: Rillaboom
|move|p2a: Garganacl|Salt Cure|p1a: Rillaboom
|-damage|p1a: Rillaboom|86/100
|-start|p1a: Rillaboom|Salt Cure
|
|-heal|p1a: Rillaboom|93/100|[from] Grassy Terrain
|-heal|p2a: Garganacl|89/100|[from] Grassy Terrain
|-heal|p2a: Garganacl|96/100|[from] item: Leftovers
|-damage|p1a: Rillaboom|80/100|[from] Salt Cure
|upkeep
|turn|7
|inactive|The Gallade Man has 120 seconds left.
|
|t:|1685923975
|switch|p2a: Zapdos|Zapdos|100/100
|move|p1a: Rillaboom|Knock Off|p2a: Zapdos
|-damage|p2a: Zapdos|67/100
|-enditem|p2a: Zapdos|Heavy-Duty Boots|[from] move: Knock Off|[of] p1a: Rillaboom
|
|-heal|p1a: Rillaboom|86/100|[from] Grassy Terrain
|-damage|p1a: Rillaboom|74/100|[from] Salt Cure
|upkeep
|turn|8
|inactive|The Gallade Man has 120 seconds left.
|
|t:|1685923990
|switch|p1a: Gallade|Gallade, M|100/100
|-damage|p1a: Gallade|94/100|[from] Stealth Rock
|move|p2a: Zapdos|Volt Switch|p1a: Gallade
|-damage|p1a: Gallade|63/100
|
|t:|1685924005
|switch|p2a: Scream Tail|Scream Tail|100/100|[from] Volt Switch
|
|-heal|p1a: Gallade|69/100|[from] Grassy Terrain
|upkeep
|turn|9
|inactive|The Gallade Man has 120 seconds left.
|
|t:|1685924021
|switch|p1a: Magearna|Magearna|54/100
|-damage|p1a: Magearna|48/100|[from] Stealth Rock
|move|p2a: Scream Tail|Wish|p2a: Scream Tail
|
|-heal|p1a: Magearna|54/100|[from] Grassy Terrain
|upkeep
|turn|10
|inactive|The Gallade Man has 120 seconds left.
|inactive|Ladder me bruh has 90 seconds left.
|
|t:|1685924045
|-end|p2a: Scream Tail|Protosynthesis|[silent]
|switch|p2a: Zapdos|Zapdos|67/100
|move|p1a: Magearna|Fleur Cannon|p2a: Zapdos
|-damage|p2a: Zapdos|12/100
|-unboost|p1a: Magearna|spa|2
|
|-heal|p2a: Zapdos|68/100|[from] move: Wish|[wisher] Scream Tail
|-heal|p1a: Magearna|61/100|[from] Grassy Terrain
|-fieldend|move: Grassy Terrain
|upkeep
|turn|11
|inactive|Ladder me bruh has 90 seconds left.
|inactive|The Gallade Man has 120 seconds left.
|
|t:|1685924063
|move|p2a: Zapdos|Volt Switch|p1a: Magearna
|-damage|p1a: Magearna|47/100
|inactive|Ladder me bruh has 90 seconds left.
|
|t:|1685924089
|switch|p2a: Garganacl|Garganacl, F|96/100|[from] Volt Switch
|move|p1a: Magearna|Volt Switch|p2a: Garganacl
|-damage|p2a: Garganacl|88/100
|inactive|The Gallade Man has 120 seconds left.
|
|t:|1685924095
|switch|p1a: Rillaboom|Rillaboom, M|74/100|[from] Volt Switch
|-fieldstart|move: Grassy Terrain|[from] ability: Grassy Surge|[of] p1a: Rillaboom
|
|-heal|p1a: Rillaboom|80/100|[from] Grassy Terrain
|-heal|p2a: Garganacl|94/100|[from] Grassy Terrain
|-heal|p2a: Garganacl|99/100|[from] item: Leftovers
|upkeep
|turn|12
|
|t:|1685924105
|switch|p2a: Zapdos|Zapdos|68/100
|move|p1a: Rillaboom|Wood Hammer|p2a: Zapdos
|-resisted|p2a: Zapdos
|-damage|p2a: Zapdos|25/100
|-status|p1a: Rillaboom|par|[from] ability: Static|[of] p2a: Zapdos
|-damage|p1a: Rillaboom|64/100 par|[from] Recoil
|
|-heal|p1a: Rillaboom|71/100 par|[from] Grassy Terrain
|upkeep
|turn|13
|
|t:|1685924124
|switch|p2a: Zamazenta|Zamazenta-Crowned|100/100
|-ability|p2a: Zamazenta|Dauntless Shield|boost
|-boost|p2a: Zamazenta|def|1
|switch|p1a: Cinderace|Cinderace, M|100/100
|
|upkeep
|turn|14
|inactive|The Gallade Man has 120 seconds left.
|
|t:|1685924143
|-terastallize|p2a: Zamazenta|Fire
|move|p2a: Zamazenta|Iron Defense|p2a: Zamazenta
|-boost|p2a: Zamazenta|def|2
|move|p1a: Cinderace|Court Change|p1a: Cinderace
|-start|p1a: Cinderace|typechange|Normal|[from] ability: Libero
|-swapsideconditions
|-activate|p1a: Cinderace|move: Court Change
|
|upkeep
|turn|15
|inactive|The Gallade Man has 120 seconds left.
|
|t:|1685924154
|switch|p1a: Landorus|Landorus-Therian, M|100/100
|-ability|p1a: Landorus|Intimidate|boost
|-unboost|p2a: Zamazenta|atk|1
|move|p2a: Zamazenta|Iron Defense|p2a: Zamazenta
|-boost|p2a: Zamazenta|def|2
|
|-fieldend|move: Grassy Terrain
|upkeep
|turn|16
|
|t:|1685924165
|move|p2a: Zamazenta|Body Press|p1a: Landorus
|-resisted|p1a: Landorus
|-damage|p1a: Landorus|49/100
|move|p1a: Landorus|Earth Power|p2a: Zamazenta
|-supereffective|p2a: Zamazenta
|-damage|p2a: Zamazenta|56/100
|
|-heal|p1a: Landorus|55/100|[from] item: Leftovers
|upkeep
|turn|17
|inactive|The Gallade Man has 120 seconds left.
|inactive|Ladder me bruh has 60 seconds left.
|inactive|The Gallade Man has 90 seconds left.
|
|t:|1685924210
|switch|p2a: Scream Tail|Scream Tail|100/100
|-damage|p2a: Scream Tail|88/100|[from] Stealth Rock
|move|p1a: Landorus|Earth Power|p2a: Scream Tail
|-damage|p2a: Scream Tail|69/100
|
|-heal|p2a: Scream Tail|75/100|[from] item: Leftovers
|-heal|p1a: Landorus|61/100|[from] item: Leftovers
|upkeep
|turn|18
|inactive|The Gallade Man has 90 seconds left.
|
|t:|1685924220
|move|p2a: Scream Tail|Wish|p2a: Scream Tail
|move|p1a: Landorus|U-turn|p2a: Scream Tail
|-damage|p2a: Scream Tail|60/100
|inactive|The Gallade Man has 90 seconds left.
|
|t:|1685924248
|switch|p1a: Rillaboom|Rillaboom, M|71/100 par|[from] U-turn
|-fieldstart|move: Grassy Terrain|[from] ability: Grassy Surge|[of] p1a: Rillaboom
|
|-heal|p2a: Scream Tail|67/100|[from] Grassy Terrain
|-heal|p2a: Scream Tail|73/100|[from] item: Leftovers
|-heal|p1a: Rillaboom|77/100 par|[from] Grassy Terrain
|upkeep
|turn|19
|inactive|Ladder me bruh has 60 seconds left.
|inactive|Ladder me bruh has 30 seconds left.
|
|t:|1685924304
|-end|p2a: Scream Tail|Protosynthesis|[silent]
|switch|p2a: Zamazenta|Zamazenta-Crowned, tera:Fire|56/100
|-damage|p2a: Zamazenta|31/100|[from] Stealth Rock
|move|p1a: Rillaboom|U-turn|p2a: Zamazenta
|-resisted|p2a: Zamazenta
|-damage|p2a: Zamazenta|23/100
|inactive|Ladder me bruh has 30 seconds left this turn.
|inactive|The Gallade Man has 60 seconds left.
|
|t:|1685924341
|switch|p1a: Gallade|Gallade, M|69/100|[from] U-turn
|
|-heal|p2a: Zamazenta|79/100|[from] move: Wish|[wisher] Scream Tail
|-heal|p1a: Gallade|75/100|[from] Grassy Terrain
|-heal|p2a: Zamazenta|85/100|[from] Grassy Terrain
|upkeep
|turn|20
|inactive|Ladder me bruh has 30 seconds left.
|
|t:|1685924364
|switch|p2a: Scream Tail|Scream Tail|73/100
|-damage|p2a: Scream Tail|60/100|[from] Stealth Rock
|move|p1a: Gallade|Trick|p2a: Scream Tail
|-activate|p1a: Gallade|move: Trick|[of] p2a: Scream Tail
|-item|p2a: Scream Tail|Choice Scarf|[from] move: Trick
|-item|p1a: Gallade|Leftovers|[from] move: Trick
|
|-heal|p2a: Scream Tail|67/100|[from] Grassy Terrain
|-heal|p1a: Gallade|81/100|[from] Grassy Terrain
|-heal|p1a: Gallade|88/100|[from] item: Leftovers
|upkeep
|turn|21
|inactive|Ladder me bruh has 30 seconds left.
|
|t:|1685924378
|move|p2a: Scream Tail|Wish|p2a: Scream Tail
|move|p1a: Gallade|Sacred Sword|p2a: Scream Tail
|-resisted|p2a: Scream Tail
|-damage|p2a: Scream Tail|52/100
|
|-heal|p2a: Scream Tail|58/100|[from] Grassy Terrain
|-heal|p1a: Gallade|94/100|[from] Grassy Terrain
|-heal|p1a: Gallade|99/100|[from] item: Leftovers
|upkeep
|turn|22
|inactive|Ladder me bruh has 30 seconds left.
|inactive|The Gallade Man has 30 seconds left.
|inactive|Ladder me bruh has 20 seconds left.
|inactive|Ladder me bruh has 15 seconds left.
|
|t:|1685924399
|-end|p2a: Scream Tail|Protosynthesis|[silent]
|switch|p2a: Zapdos|Zapdos|25/100
|-damage|p2a: Zapdos|0 fnt|[from] Stealth Rock
|faint|p2a: Zapdos
|-terastallize|p1a: Gallade|Fighting
|move|p1a: Gallade|Sacred Sword|p2: Zapdos|[notarget]
|-fail|p1a: Gallade
|
|-heal|p1a: Gallade|100/100|[from] Grassy Terrain
|-fieldend|move: Grassy Terrain
|upkeep
|inactive|Ladder me bruh has 20 seconds left this turn.
|inactive|Ladder me bruh has 15 seconds left.
|inactive|Ladder me bruh has 10 seconds left.
|
|t:|1685924414
|switch|p2a: Basculegion|Basculegion-F, F|100/100
|-damage|p2a: Basculegion|88/100|[from] Stealth Rock
|turn|23
|inactive|Ladder me bruh has 20 seconds left this turn.
|inactiveoff|Battle timer is now OFF.
|
|t:|1685924429
|move|p1a: Gallade|Night Slash|p2a: Basculegion
|-supereffective|p2a: Basculegion
|-damage|p2a: Basculegion|0 fnt
|faint|p2a: Basculegion
|
|upkeep
|
|t:|1685924446
|switch|p2a: Zamazenta|Zamazenta-Crowned, tera:Fire|85/100
|-damage|p2a: Zamazenta|60/100|[from] Stealth Rock
|turn|24
|
|t:|1685924451
|move|p2a: Zamazenta|Behemoth Bash|p1a: Gallade
|-damage|p1a: Gallade|29/100
|move|p1a: Gallade|Sacred Sword|p2a: Zamazenta
|-damage|p2a: Zamazenta|0 fnt
|faint|p2a: Zamazenta
|
|-heal|p1a: Gallade|35/100|[from] item: Leftovers
|upkeep
|
|t:|1685924461
|switch|p2a: Scream Tail|Scream Tail|58/100
|-damage|p2a: Scream Tail|46/100|[from] Stealth Rock
|turn|25
|
|t:|1685924472
|switch|p1a: Magearna|Magearna|47/100
|move|p2a: Scream Tail|Wish|p2a: Scream Tail
|
|upkeep
|turn|26
|
|t:|1685924482
|-end|p2a: Scream Tail|Protosynthesis|[silent]
|switch|p2a: Maushold|Maushold|100/100
|-damage|p2a: Maushold|88/100|[from] Stealth Rock
|move|p1a: Magearna|Volt Switch|p2a: Maushold
|-damage|p2a: Maushold|56/100
|
|t:|1685924488
|switch|p1a: Iron Valiant|Iron Valiant|100/100|[from] Volt Switch
|
|-heal|p2a: Maushold|100/100|[from] move: Wish|[wisher] Scream Tail
|upkeep
|turn|27
|
|t:|1685924495
|switch|p2a: Scream Tail|Scream Tail|46/100
|-damage|p2a: Scream Tail|33/100|[from] Stealth Rock
|move|p1a: Iron Valiant|Aura Sphere|p2a: Scream Tail
|-resisted|p2a: Scream Tail
|-damage|p2a: Scream Tail|24/100
|
|upkeep
|turn|28
|
|t:|1685924507
|-end|p2a: Scream Tail|Protosynthesis|[silent]
|switch|p2a: Maushold|Maushold|100/100
|-damage|p2a: Maushold|88/100|[from] Stealth Rock
|-end|p1a: Iron Valiant|Quark Drive|[silent]
|switch|p1a: Magearna|Magearna|47/100
|
|upkeep
|turn|29
|
|t:|1685924517
|move|p2a: Maushold|Tidy Up|p2a: Maushold
|-sideend|p2: Ladder me bruh|Stealth Rock
|-activate|p2a: Maushold|move: Tidy Up
|-boost|p2a: Maushold|atk|1
|-boost|p2a: Maushold|spe|1
|move|p1a: Magearna|Fleur Cannon|p2a: Maushold
|-damage|p2a: Maushold|11/100
|-unboost|p1a: Magearna|spa|2
|
|upkeep
|turn|30
|
|t:|1685924529
|switch|p1a: Landorus|Landorus-Therian, M|61/100
|-ability|p1a: Landorus|Intimidate|boost
|-unboost|p2a: Maushold|atk|1
|move|p2a: Maushold|Population Bomb|p1a: Landorus
|-damage|p1a: Landorus|52/100
|-damage|p1a: Landorus|44/100
|-damage|p1a: Landorus|36/100
|-damage|p1a: Landorus|27/100
|-damage|p1a: Landorus|19/100
|-damage|p1a: Landorus|12/100
|-damage|p1a: Landorus|4/100
|-damage|p1a: Landorus|0 fnt
|faint|p1a: Landorus
|-hitcount|p1: Landorus|8
|
|upkeep
|
|t:|1685924540
|switch|p1a: Cinderace|Cinderace, M|100/100
|turn|31
|
|t:|1685924555
|move|p1a: Cinderace|Sucker Punch||[still]
|-fail|p1a: Cinderace
|move|p2a: Maushold|Encore|p1a: Cinderace
|-start|p1a: Cinderace|Encore
|
|upkeep
|turn|32
|
|t:|1685924570
|switch|p1a: Rillaboom|Rillaboom, M|77/100 par
|-fieldstart|move: Grassy Terrain|[from] ability: Grassy Surge|[of] p1a: Rillaboom
|move|p2a: Maushold|Tidy Up|p2a: Maushold
|-boost|p2a: Maushold|atk|1
|-boost|p2a: Maushold|spe|1
|
|-heal|p2a: Maushold|17/100|[from] Grassy Terrain
|-heal|p1a: Rillaboom|83/100 par|[from] Grassy Terrain
|upkeep
|turn|33
|
|t:|1685924581
|move|p2a: Maushold|Population Bomb|p1a: Rillaboom
|-damage|p1a: Rillaboom|63/100 par
|-damage|p1a: Rillaboom|44/100 par
|-damage|p1a: Rillaboom|25/100 par
|-damage|p1a: Rillaboom|6/100 par
|-damage|p1a: Rillaboom|0 fnt
|faint|p1a: Rillaboom
|-hitcount|p1: Rillaboom|5
|
|-heal|p2a: Maushold|23/100|[from] Grassy Terrain
|upkeep
|
|t:|1685924593
|switch|p1a: Magearna|Magearna|47/100
|turn|34
|
|t:|1685924598
|move|p2a: Maushold|Population Bomb|p1a: Magearna|[miss]
|-miss|p2a: Maushold|p1a: Magearna
|move|p1a: Magearna|Volt Switch|p2a: Maushold
|-damage|p2a: Maushold|0 fnt
|faint|p2a: Maushold
|-ability|p1a: Magearna|Soul-Heart|boost
|-boost|p1a: Magearna|spa|1
|
|t:|1685924605
|switch|p1a: Gallade|Gallade, M, tera:Fighting|35/100|[from] Volt Switch
|
|-heal|p1a: Gallade|41/100|[from] Grassy Terrain
|-heal|p1a: Gallade|47/100|[from] item: Leftovers
|upkeep
|
|t:|1685924610
|switch|p2a: Scream Tail|Scream Tail|24/100
|turn|35
|
|t:|1685924615
|switch|p1a: Magearna|Magearna|47/100
|move|p2a: Scream Tail|Dazzling Gleam|p1a: Magearna
|-resisted|p1a: Magearna
|-damage|p1a: Magearna|43/100
|
|-heal|p2a: Scream Tail|30/100|[from] Grassy Terrain
|-heal|p1a: Magearna|49/100|[from] Grassy Terrain
|upkeep
|turn|36
|
|t:|1685924620
|-end|p2a: Scream Tail|Protosynthesis|[silent]
|switch|p2a: Garganacl|Garganacl, F|99/100
|move|p1a: Magearna|Volt Switch|p2a: Garganacl
|-damage|p2a: Garganacl|86/100
|-message|Ladder me bruh forfeited.
|
|win|The Gallade Man
|raw|The Gallade Man's rating: 1422 → 1440(+18 for winning)
|raw|Ladder me bruh's rating: 1387 → 1369(-18 for losing)
|l|☆Ladder me bruh
|c|☆The Gallade Man|gg
