|j|☆TheGamingWatch
|j|☆Manjack
|inactive|Battle timer is ON: inactive players will automatically lose when time's up.
|t:|1685932105
|gametype|singles
|player|p1|TheGamingWatch|lance|
|player|p2|Manjack|preschooler|
|teamsize|p1|6
|teamsize|p2|6
|gen|9
|tier|[Gen 9] OU
|rated|Tournament battle
|rule|Sleep Clause Mod: Limit one foe put to sleep
|rule|Species Clause: Limit one of each Pokémon
|rule|OHKO Clause: OHKO moves are banned
|rule|Evasion Items Clause: Evasion items are banned
|rule|Evasion Moves Clause: Evasion moves are banned
|rule|Endless Battle Clause: Forcing endless battles is banned
|rule|HP Percentage Mod: HP is shown in percentages
|clearpoke
|poke|p1|Urshifu-*, F|
|poke|p1|Azumarill, M|
|poke|p1|Walking Wake|
|poke|p1|Samurott-Hisui, F|
|poke|p1|Basculegion-F, F|
|poke|p1|Pelipper, F|
|poke|p2|Decidueye-Hisui, M|
|poke|p2|Cresselia, F|
|poke|p2|Zapdos|
|poke|p2|Camerupt, F|
|poke|p2|Enamorus-Therian, F|
|poke|p2|Kingambit, F|
|teampreview
|j| Pokemon Hates Me
|j| dameatofdavoid
|c|☆Manjack|Woo! Glhf
|j| DreadWarrior
|j| ressyrock
|c| dameatofdavoid|it's like almost the same XD
|c|☆TheGamingWatch|ikr
|j| NoTollsNoRolls
|c|☆TheGamingWatch|lets do this
|j| Gummybean999
|inactive|Manjack has 120 seconds left.
|
|t:|1685932137
|start
|switch|p1a: Pelipper|Pelipper, F|100/100
|switch|p2a: Enamorus|Enamorus-Therian, F|100/100
|-weather|RainDance|[from] ability: Drizzle|[of] p1a: Pelipper
|turn|1
|j| TheLastSupernova
|
|t:|1685932142
|move|p1a: Pelipper|U-turn|p2a: Enamorus
|-resisted|p2a: Enamorus
|-damage|p2a: Enamorus|99/100
|l| TheLastSupernova
|
|t:|1685932156
|switch|p1a: Basculegion|Basculegion-F, F|100/100|[from] U-turn
|move|p2a: Enamorus|Torment|p1a: Basculegion
|-start|p1a: Basculegion|Torment
|
|-weather|RainDance|[upkeep]
|-heal|p2a: Enamorus|100/100|[from] item: Leftovers
|upkeep
|turn|2
|
|t:|1685932162
|move|p1a: Basculegion|Hydro Pump|p2a: Enamorus
|-damage|p2a: Enamorus|6/100
|-damage|p1a: Basculegion|91/100|[from] item: Life Orb
|move|p2a: Enamorus|Draining Kiss|p1a: Basculegion
|-damage|p1a: Basculegion|56/100
|-heal|p2a: Enamorus|34/100|[from] drain|[of] p1a: Basculegion
|
|-weather|RainDance|[upkeep]
|-heal|p2a: Enamorus|40/100|[from] item: Leftovers
|upkeep
|turn|3
|c|☆TheGamingWatch|sheesh that dmg output is insane
|c| Gummybean999|94% crazy
|
|t:|1685932186
|move|p1a: Basculegion|Ice Beam|p2a: Enamorus
|-supereffective|p2a: Enamorus
|-damage|p2a: Enamorus|0 fnt
|faint|p2a: Enamorus
|-damage|p1a: Basculegion|46/100|[from] item: Life Orb
|
|-weather|RainDance|[upkeep]
|upkeep
|
|t:|1685932195
|switch|p2a: Decidueye|Decidueye-Hisui, M|100/100
|turn|4
|
|t:|1685932215
|switch|p1a: Pelipper|Pelipper, F|100/100
|move|p2a: Decidueye|Leaf Blade|p1a: Pelipper
|-damage|p1a: Pelipper|49/100
|
|-weather|RainDance|[upkeep]
|upkeep
|turn|5
|
|t:|1685932234
|switch|p1a: Walking Wake|Walking Wake|100/100
|-enditem|p1a: Walking Wake|Booster Energy
|-activate|p1a: Walking Wake|ability: Protosynthesis|[fromitem]
|-start|p1a: Walking Wake|protosynthesisspa
|switch|p2a: Camerupt|Camerupt, F|100/100
|
|-weather|RainDance|[upkeep]
|upkeep
|turn|6
|c|☆Manjack|You got this camerupt
|
|t:|1685932247
|move|p1a: Walking Wake|Hydro Steam|p2a: Camerupt
|-supereffective|p2a: Camerupt
|-damage|p2a: Camerupt|0 fnt
|faint|p2a: Camerupt
|
|-weather|RainDance|[upkeep]
|upkeep
|c| dameatofdavoid|damn
|c|☆Manjack|Valiant effort
|c|☆TheGamingWatch|i have a feeling that something is fishy'
|
|t:|1685932261
|switch|p2a: Decidueye|Decidueye-Hisui, M|100/100
|turn|7
|c| Pokemon Hates Me|Camerupt did not, in fact, have it
|
|t:|1685932268
|move|p1a: Walking Wake|Hurricane|p2a: Decidueye
|-supereffective|p2a: Decidueye
|-damage|p2a: Decidueye|0 fnt
|faint|p2a: Decidueye
|
|-weather|RainDance|[upkeep]
|upkeep
|c|☆Manjack|Oh
|c| Gummybean999|omg
|c|☆Manjack|I didn't know wake got that
|c| dameatofdavoid|same tbh
|c| dameatofdavoid|was bouta say
|
|t:|1685932285
|switch|p2a: Kingambit|Kingambit, F|100/100
|-activate|p2a: Kingambit|ability: Supreme Overlord
|-start|p2a: Kingambit|fallen3|[silent]
|turn|8
|c|☆TheGamingWatch|i kinda forgot walking wake had hurricane but i put it there anyways
|
|t:|1685932295
|move|p1a: Walking Wake|Hydro Steam|p2a: Kingambit
|-damage|p2a: Kingambit|23/100
|move|p2a: Kingambit|Swords Dance|p2a: Kingambit
|-boost|p2a: Kingambit|atk|2
|
|-weather|none
|upkeep
|turn|9
|
|t:|1685932301
|-end|p1a: Walking Wake|Protosynthesis|[silent]
|switch|p1a: Pelipper|Pelipper, F|49/100
|-weather|RainDance|[from] ability: Drizzle|[of] p1a: Pelipper
|move|p2a: Kingambit|Kowtow Cleave|p1a: Pelipper
|-damage|p1a: Pelipper|0 fnt
|faint|p1a: Pelipper
|
|-weather|RainDance|[upkeep]
|upkeep
|
|t:|1685932304
|switch|p1a: Azumarill|Azumarill, M|100/100
|turn|10
|
|t:|1685932310
|move|p1a: Azumarill|Aqua Jet|p2a: Kingambit
|-damage|p2a: Kingambit|0 fnt
|faint|p2a: Kingambit
|-end|p2a: Kingambit|fallen3|[silent]
|
|-weather|RainDance|[upkeep]
|upkeep
|
|t:|1685932312
|switch|p2a: Zapdos|Zapdos|100/100
|turn|11
|
|t:|1685932319
|move|p2a: Zapdos|Hurricane|p1a: Azumarill
|-damage|p1a: Azumarill|50/100
|-enditem|p1a: Azumarill|Sitrus Berry|[eat]
|-heal|p1a: Azumarill|74/100|[from] item: Sitrus Berry
|move|p1a: Azumarill|Ice Spinner|p2a: Zapdos
|-supereffective|p2a: Zapdos
|-damage|p2a: Zapdos|50/100
|
|-weather|RainDance|[upkeep]
|upkeep
|turn|12
|
|t:|1685932338
|move|p2a: Zapdos|Volt Switch|p1a: Azumarill
|-supereffective|p1a: Azumarill
|-damage|p1a: Azumarill|0 fnt
|faint|p1a: Azumarill
|
|t:|1685932341
|switch|p2a: Cresselia|Cresselia, F|100/100|[from] Volt Switch
|
|-weather|RainDance|[upkeep]
|upkeep
|c|☆TheGamingWatch|good switch in
|
|t:|1685932357
|switch|p1a: Urshifu|Urshifu-Rapid-Strike, F|100/100
|turn|13
|
|t:|1685932360
|switch|p2a: Zapdos|Zapdos|50/100
|move|p1a: Urshifu|Swords Dance|p1a: Urshifu
|-boost|p1a: Urshifu|atk|2
|
|-weather|RainDance|[upkeep]
|upkeep
|turn|14
|
|t:|1685932366
|move|p1a: Urshifu|Surging Strikes|p2a: Zapdos
|-crit|p2a: Zapdos
|-damage|p2a: Zapdos|9/100
|-status|p1a: Urshifu|par|[from] ability: Static|[of] p2a: Zapdos
|-crit|p2a: Zapdos
|-damage|p2a: Zapdos|0 fnt
|faint|p2a: Zapdos
|-hitcount|p2: Zapdos|2
|
|-weather|RainDance|[upkeep]
|upkeep
|
|t:|1685932367
|switch|p2a: Cresselia|Cresselia, F|100/100
|turn|15
|
|t:|1685932371
|move|p2a: Cresselia|Calm Mind|p2a: Cresselia
|-boost|p2a: Cresselia|spa|1
|-boost|p2a: Cresselia|spd|1
|move|p1a: Urshifu|Surging Strikes|p2a: Cresselia
|-crit|p2a: Cresselia
|-damage|p2a: Cresselia|72/100
|-crit|p2a: Cresselia
|-damage|p2a: Cresselia|41/100
|-crit|p2a: Cresselia
|-damage|p2a: Cresselia|9/100
|-hitcount|p2a: Cresselia|3
|
|-weather|RainDance|[upkeep]
|-heal|p2a: Cresselia|15/100|[from] item: Leftovers
|upkeep
|turn|16
|
|t:|1685932375
|move|p2a: Cresselia|Calm Mind|p2a: Cresselia
|-boost|p2a: Cresselia|spa|1
|-boost|p2a: Cresselia|spd|1
|cant|p1a: Urshifu|par
|
|-weather|none
|-heal|p2a: Cresselia|21/100|[from] item: Leftovers
|upkeep
|turn|17
|c| DreadWarrior|no punching gloves?
|j| Cra3k
|
|t:|1685932387
|move|p2a: Cresselia|Moonlight|p2a: Cresselia
|-heal|p2a: Cresselia|71/100
|move|p1a: Urshifu|Surging Strikes|p2a: Cresselia
|-crit|p2a: Cresselia
|-damage|p2a: Cresselia|49/100
|-crit|p2a: Cresselia
|-damage|p2a: Cresselia|27/100
|-crit|p2a: Cresselia
|-damage|p2a: Cresselia|7/100
|-hitcount|p2a: Cresselia|3
|
|-heal|p2a: Cresselia|13/100|[from] item: Leftovers
|upkeep
|turn|18
|c| Gummybean999|i think its lefties tbh
|
|t:|1685932394
|move|p2a: Cresselia|Moonlight|p2a: Cresselia
|-heal|p2a: Cresselia|63/100
|move|p1a: Urshifu|Surging Strikes|p2a: Cresselia
|-crit|p2a: Cresselia
|-damage|p2a: Cresselia|42/100
|-crit|p2a: Cresselia
|-damage|p2a: Cresselia|21/100
|-crit|p2a: Cresselia
|-damage|p2a: Cresselia|0 fnt
|faint|p2a: Cresselia
|-hitcount|p2: Cresselia|3
|
|win|TheGamingWatch
|n|☆TheGamingWatch|thegamingwatch
|n|☆Manjack|manjack
|n| Pokemon Hates Me|pokemonhatesme
|n| dameatofdavoid|dameatofdavoid
|n| DreadWarrior|dreadwarrior
|n| ressyrock|ressyrock
|n| NoTollsNoRolls|notollsnorolls
|n| Gummybean999|gummybean999
|n| Cra3k|cra3k
|c|☆Manjack|Gg
|c|☆TheGamingWatch|gg
|l| NoTollsNoRolls
|c| Gummybean999|ggs
|l| Gummybean999
|l|☆TheGamingWatch
|c| dameatofdavoid|gg
|l| Cra3k
|l| Pokemon Hates Me
|l| DreadWarrior
