|j|☆OUDJ UU to suspect
|j|☆Lef deppard
|t:|1683148272
|gametype|singles
|player|p1|OUDJ UU to suspect|gardenia|2052
|player|p2|Lef deppard|veteran|2005
|teamsize|p1|6
|teamsize|p2|6
|gen|9
|tier|[Gen 9] OU
|rated|
|rule|Sleep Clause Mod: Limit one foe put to sleep
|rule|Species Clause: Limit one of each Pokémon
|rule|OHKO Clause: OHKO moves are banned
|rule|Evasion Items Clause: Evasion items are banned
|rule|Evasion Moves Clause: Evasion moves are banned
|rule|Endless Battle Clause: Forcing endless battles is banned
|rule|HP Percentage Mod: HP is shown in percentages
|clearpoke
|poke|p1|Pelipper, M|
|poke|p1|Floatzel, M|
|poke|p1|Azumarill, F|
|poke|p1|Golduck, F|
|poke|p1|Pawmot, M|
|poke|p1|Toedscruel, F|
|poke|p2|Great Tusk|
|poke|p2|Toxapex, M|
|poke|p2|Skeledirge, M|
|poke|p2|Iron Valiant|
|poke|p2|Hydreigon, F|
|poke|p2|Corviknight, F|
|teampreview
|inactive|Battle timer is ON: inactive players will automatically lose when time's up. (requested by OUDJ UU to suspect)
|c|☆Lef deppard|Love the comments you wrote in the chat lol
|inactive|Lef deppard has 120 seconds left.
|c|☆Lef deppard|Gl hf
|c|☆OUDJ UU to suspect|Same to you
|j| Slaneeshy
|
|t:|1683148331
|start
|switch|p1a: Spaghetti Memory|Toedscruel, F|100/100
|switch|p2a: Hydreigon|Hydreigon, F|100/100
|turn|1
|
|t:|1683148339
|switch|p1a: Really want eject|Pawmot, M|100/100
|move|p2a: Hydreigon|Substitute|p2a: Hydreigon
|-start|p2a: Hydreigon|Substitute
|-damage|p2a: Hydreigon|76/100
|
|-heal|p2a: Hydreigon|82/100|[from] item: Leftovers
|upkeep
|turn|2
|
|t:|1683148343
|move|p1a: Really want eject|Encore|p2a: Hydreigon
|-start|p2a: Hydreigon|Encore
|move|p2a: Hydreigon|Substitute|p2a: Hydreigon
|-fail|p2a: Hydreigon|move: Substitute
|
|-heal|p2a: Hydreigon|88/100|[from] item: Leftovers
|upkeep
|turn|3
|
|t:|1683148350
|switch|p1a: Spaghetti Memory|Toedscruel, F|100/100
|move|p2a: Hydreigon|Substitute|p2a: Hydreigon
|-fail|p2a: Hydreigon|move: Substitute
|
|-heal|p2a: Hydreigon|94/100|[from] item: Leftovers
|upkeep
|turn|4
|
|t:|1683148364
|switch|p2a: Skeledirge|Skeledirge, M|100/100
|switch|p1a: Really want eject|Pawmot, M|100/100
|
|upkeep
|turn|5
|
|t:|1683148372
|move|p1a: Really want eject|Nuzzle|p2a: Skeledirge
|-damage|p2a: Skeledirge|94/100
|-status|p2a: Skeledirge|par
|move|p2a: Skeledirge|Will-O-Wisp|p1a: Really want eject
|-status|p1a: Really want eject|brn
|
|-damage|p1a: Really want eject|94/100 brn|[from] brn
|upkeep
|turn|6
|
|t:|1683148383
|switch|p1a: Ghoti carrier|Pelipper, M|100/100
|-weather|RainDance|[from] ability: Drizzle|[of] p1a: Ghoti carrier
|move|p2a: Skeledirge|Will-O-Wisp|p1a: Ghoti carrier|[miss]
|-miss|p2a: Skeledirge|p1a: Ghoti carrier
|
|-weather|RainDance|[upkeep]
|upkeep
|turn|7
|
|t:|1683148392
|move|p1a: Ghoti carrier|Surf|p2a: Skeledirge
|-supereffective|p2a: Skeledirge
|-damage|p2a: Skeledirge|28/100 par
|move|p2a: Skeledirge|Will-O-Wisp|p1a: Ghoti carrier
|-status|p1a: Ghoti carrier|brn
|
|-weather|RainDance|[upkeep]
|-damage|p1a: Ghoti carrier|94/100 brn|[from] brn
|upkeep
|turn|8
|
|t:|1683148396
|switch|p2a: Toxapex|Toxapex, M|100/100
|move|p1a: Ghoti carrier|U-turn|p2a: Toxapex
|-resisted|p2a: Toxapex
|-damage|p2a: Toxapex|99/100
|
|t:|1683148398
|switch|p1a: Spaghetti Memory|Toedscruel, F|100/100|[from] U-turn
|
|-weather|RainDance|[upkeep]
|upkeep
|turn|9
|
|t:|1683148408
|switch|p2a: Skeledirge|Skeledirge, M|28/100 par
|move|p1a: Spaghetti Memory|Knock Off|p2a: Skeledirge
|-supereffective|p2a: Skeledirge
|-crit|p2a: Skeledirge
|-damage|p2a: Skeledirge|0 fnt
|-enditem|p2a: Skeledirge|Heavy-Duty Boots|[from] move: Knock Off|[of] p1a: Spaghetti Memory
|faint|p2a: Skeledirge
|
|-weather|RainDance|[upkeep]
|upkeep
|j| Mead
|
|t:|1683148414
|switch|p2a: Hydreigon|Hydreigon, F|94/100
|turn|10
|
|t:|1683148417
|move|p2a: Hydreigon|Substitute|p2a: Hydreigon
|-start|p2a: Hydreigon|Substitute
|-damage|p2a: Hydreigon|69/100
|move|p1a: Spaghetti Memory|Spore||[still]
|-fail|p1a: Spaghetti Memory
|
|-weather|RainDance|[upkeep]
|-heal|p2a: Hydreigon|75/100|[from] item: Leftovers
|upkeep
|turn|11
|
|t:|1683148426
|move|p2a: Hydreigon|Dark Pulse|p1a: Spaghetti Memory
|-damage|p1a: Spaghetti Memory|75/100
|cant|p1a: Spaghetti Memory|flinch
|
|-weather|RainDance|[upkeep]
|-heal|p2a: Hydreigon|81/100|[from] item: Leftovers
|upkeep
|turn|12
|
|t:|1683148435
|move|p2a: Hydreigon|Nasty Plot|p2a: Hydreigon
|-boost|p2a: Hydreigon|spa|2
|move|p1a: Spaghetti Memory|Rapid Spin|p2a: Hydreigon
|-activate|p2a: Hydreigon|move: Substitute|[damage]
|-boost|p1a: Spaghetti Memory|spe|1
|
|-weather|RainDance|[upkeep]
|-heal|p2a: Hydreigon|88/100|[from] item: Leftovers
|upkeep
|turn|13
|
|t:|1683148438
|move|p1a: Spaghetti Memory|Rapid Spin|p2a: Hydreigon
|-activate|p2a: Hydreigon|move: Substitute|[damage]
|-boost|p1a: Spaghetti Memory|spe|1
|move|p2a: Hydreigon|Dark Pulse|p1a: Spaghetti Memory
|-damage|p1a: Spaghetti Memory|27/100
|
|-weather|none
|-heal|p2a: Hydreigon|94/100|[from] item: Leftovers
|upkeep
|turn|14
|j| Emilio Rebenga
|
|t:|1683148449
|switch|p1a: Ghoti carrier|Pelipper, M|94/100 brn
|-weather|RainDance|[from] ability: Drizzle|[of] p1a: Ghoti carrier
|move|p2a: Hydreigon|Substitute|p2a: Hydreigon
|-fail|p2a: Hydreigon|move: Substitute
|
|-weather|RainDance|[upkeep]
|-heal|p2a: Hydreigon|99/100|[from] item: Leftovers
|-damage|p1a: Ghoti carrier|88/100 brn|[from] brn
|upkeep
|turn|15
|
|t:|1683148458
|switch|p1a: Spaghetti Memory|Toedscruel, F|27/100
|move|p2a: Hydreigon|Dark Pulse|p1a: Spaghetti Memory
|-damage|p1a: Spaghetti Memory|0 fnt
|faint|p1a: Spaghetti Memory
|
|-weather|RainDance|[upkeep]
|-heal|p2a: Hydreigon|100/100|[from] item: Leftovers
|upkeep
|
|t:|1683148459
|switch|p1a: Really want eject|Pawmot, M|94/100 brn
|turn|16
|
|t:|1683148462
|move|p1a: Really want eject|Close Combat|p2a: Hydreigon
|-supereffective|p2a: Hydreigon
|-end|p2a: Hydreigon|Substitute
|-unboost|p1a: Really want eject|def|1
|-unboost|p1a: Really want eject|spd|1
|move|p2a: Hydreigon|Earth Power|p1a: Really want eject
|-supereffective|p1a: Really want eject
|-damage|p1a: Really want eject|0 fnt
|faint|p1a: Really want eject
|
|-weather|RainDance|[upkeep]
|upkeep
|
|t:|1683148482
|switch|p1a: The Goat|Azumarill, F|100/100
|turn|17
|j| ctannn
|
|t:|1683148493
|move|p2a: Hydreigon|Earth Power|p1a: The Goat
|-damage|p1a: The Goat|40/100
|-enditem|p1a: The Goat|Sitrus Berry|[eat]
|-heal|p1a: The Goat|65/100|[from] item: Sitrus Berry
|move|p1a: The Goat|Play Rough|p2a: Hydreigon
|-supereffective|p2a: Hydreigon
|-damage|p2a: Hydreigon|0 fnt
|faint|p2a: Hydreigon
|
|-weather|RainDance|[upkeep]
|upkeep
|
|t:|1683148516
|switch|p2a: Toxapex|Toxapex, M|100/100
|turn|18
|
|t:|1683148519
|move|p1a: The Goat|Belly Drum|p1a: The Goat
|-damage|p1a: The Goat|15/100
|-setboost|p1a: The Goat|atk|6|[from] move: Belly Drum
|move|p2a: Toxapex|Sludge Bomb|p1a: The Goat
|-supereffective|p1a: The Goat
|-damage|p1a: The Goat|0 fnt
|faint|p1a: The Goat
|
|-weather|RainDance|[upkeep]
|upkeep
|
|t:|1683148528
|switch|p1a: BandedSkeda|Floatzel, M|100/100
|turn|19
|
|t:|1683148534
|-terastallize|p1a: BandedSkeda|Water
|move|p1a: BandedSkeda|Liquidation|p2a: Toxapex
|-resisted|p2a: Toxapex
|-damage|p2a: Toxapex|52/100
|-unboost|p2a: Toxapex|def|1
|move|p2a: Toxapex|Sludge Bomb|p1a: BandedSkeda
|-damage|p1a: BandedSkeda|48/100
|
|-weather|RainDance|[upkeep]
|upkeep
|turn|20
|
|t:|1683148546
|switch|p2a: Great Tusk|Great Tusk|100/100
|move|p1a: BandedSkeda|Liquidation|p2a: Great Tusk
|-supereffective|p2a: Great Tusk
|-damage|p2a: Great Tusk|0 fnt
|faint|p2a: Great Tusk
|-end|p2a: Great Tusk|Protosynthesis|[silent]
|
|-weather|RainDance|[upkeep]
|upkeep
|
|t:|1683148548
|switch|p2a: Corviknight|Corviknight, F|100/100
|-ability|p2a: Corviknight|Pressure
|turn|21
|
|t:|1683148566
|switch|p1a: Ghoti carrier|Pelipper, M|88/100 brn
|-terastallize|p2a: Corviknight|Water
|move|p2a: Corviknight|Roost||[still]
|-fail|p2a: Corviknight|heal
|
|-weather|none
|-damage|p1a: Ghoti carrier|82/100 brn|[from] brn
|upkeep
|turn|22
|
|t:|1683148573
|move|p2a: Corviknight|Brave Bird|p1a: Ghoti carrier
|-damage|p1a: Ghoti carrier|46/100 brn
|-damage|p2a: Corviknight|91/100|[from] Recoil
|move|p1a: Ghoti carrier|U-turn|p2a: Corviknight
|-damage|p2a: Corviknight|88/100
|-damage|p1a: Ghoti carrier|30/100 brn|[from] item: Rocky Helmet|[of] p2a: Corviknight
|
|t:|1683148575
|switch|p1a: BandedSkeda|Floatzel, M, tera:Water|48/100|[from] U-turn
|
|upkeep
|turn|23
|
|t:|1683148585
|switch|p1a: Ghoti carrier|Pelipper, M|30/100 brn
|-weather|RainDance|[from] ability: Drizzle|[of] p1a: Ghoti carrier
|move|p2a: Corviknight|U-turn|p1a: Ghoti carrier
|-resisted|p1a: Ghoti carrier
|-damage|p1a: Ghoti carrier|22/100 brn
|
|t:|1683148593
|switch|p2a: Iron Valiant|Iron Valiant|100/100|[from] U-turn
|
|-weather|RainDance|[upkeep]
|-damage|p1a: Ghoti carrier|16/100 brn|[from] brn
|upkeep
|turn|24
|l|☆OUDJ UU to suspect
|inactive|OUDJ UU to suspect disconnected and has a minute to reconnect!
|player|p1|
|j| 7+8=F
|inactive|OUDJ UU to suspect has 30 seconds to reconnect!
|inactive|OUDJ UU to suspect has 20 seconds to reconnect!
|inactive|OUDJ UU to suspect has 15 seconds to reconnect!
|inactive|OUDJ UU to suspect has 10 seconds to reconnect!
|inactive|OUDJ UU to suspect has 5 seconds to reconnect!
|j|☆OUDJ UU to suspect
|inactive|OUDJ UU to suspect reconnected and has 95 seconds left.
|player|p1|OUDJ UU to suspect|gardenia
|inactive|OUDJ UU to suspect has 90 seconds left.
|
|t:|1683148655
|move|p2a: Iron Valiant|Moonblast|p1a: Ghoti carrier
|-damage|p1a: Ghoti carrier|0 fnt
|faint|p1a: Ghoti carrier
|
|-weather|RainDance|[upkeep]
|upkeep
|
|t:|1683148656
|switch|p1a: BandedSkeda|Floatzel, M, tera:Water|48/100
|turn|25
|l|☆OUDJ UU to suspect
|inactive|OUDJ UU to suspect disconnected and has a minute to reconnect!
|player|p1|
|inactive|Lef deppard has 120 seconds left.
|j|☆OUDJ UU to suspect
|inactive|OUDJ UU to suspect reconnected.
|player|p1|OUDJ UU to suspect|gardenia
|
|t:|1683148704
|move|p1a: BandedSkeda|Wave Crash|p2a: Iron Valiant
|-damage|p2a: Iron Valiant|0 fnt
|faint|p2a: Iron Valiant
|-end|p2a: Iron Valiant|Quark Drive|[silent]
|-damage|p1a: BandedSkeda|20/100|[from] Recoil
|
|-weather|RainDance|[upkeep]
|upkeep
|
|t:|1683148707
|switch|p2a: Corviknight|Corviknight, F, tera:Water|88/100
|-ability|p2a: Corviknight|Pressure
|turn|26
|
|t:|1683148721
|switch|p1a: Seaking Duck|Golduck, F|100/100
|move|p2a: Corviknight|U-turn|p1a: Seaking Duck
|-damage|p1a: Seaking Duck|79/100
|
|t:|1683148723
|switch|p2a: Toxapex|Toxapex, M|85/100|[from] U-turn
|
|-weather|RainDance|[upkeep]
|upkeep
|turn|27
|l|☆OUDJ UU to suspect
|inactive|OUDJ UU to suspect disconnected and has a minute to reconnect!
|player|p1|
|j|☆OUDJ UU to suspect
|inactive|OUDJ UU to suspect reconnected and has 125 seconds left.
|player|p1|OUDJ UU to suspect|gardenia
|inactive|OUDJ UU to suspect has 120 seconds left.
|
|t:|1683148743
|move|p1a: Seaking Duck|Nasty Plot|p1a: Seaking Duck
|-boost|p1a: Seaking Duck|spa|2
|move|p2a: Toxapex|Sludge Bomb|p1a: Seaking Duck
|-damage|p1a: Seaking Duck|36/100
|
|-weather|RainDance|[upkeep]
|upkeep
|turn|28
|inactive|OUDJ UU to suspect has 120 seconds left.
|
|t:|1683148752
|move|p1a: Seaking Duck|Surf|p2a: Toxapex
|-resisted|p2a: Toxapex
|-damage|p2a: Toxapex|42/100
|-damage|p1a: Seaking Duck|26/100|[from] item: Life Orb
|move|p2a: Toxapex|Sludge Bomb|p1a: Seaking Duck
|-damage|p1a: Seaking Duck|0 fnt
|faint|p1a: Seaking Duck
|
|-weather|RainDance|[upkeep]
|upkeep
|
|t:|1683148754
|switch|p1a: BandedSkeda|Floatzel, M, tera:Water|20/100
|turn|29
|
|t:|1683148758
|move|p1a: BandedSkeda|Liquidation|p2a: Toxapex
|-resisted|p2a: Toxapex
|-damage|p2a: Toxapex|0 fnt
|faint|p2a: Toxapex
|
|-weather|RainDance|[upkeep]
|upkeep
|
|t:|1683148760
|switch|p2a: Corviknight|Corviknight, F, tera:Water|88/100
|-ability|p2a: Corviknight|Pressure
|turn|30
|c|☆OUDJ UU to suspect|gg
|
|t:|1683148767
|move|p1a: BandedSkeda|Liquidation|p2a: Corviknight
|-resisted|p2a: Corviknight
|-damage|p2a: Corviknight|48/100
|-damage|p1a: BandedSkeda|3/100|[from] item: Rocky Helmet|[of] p2a: Corviknight
|move|p2a: Corviknight|Brave Bird|p1a: BandedSkeda
|-damage|p1a: BandedSkeda|0 fnt
|faint|p1a: BandedSkeda
|-damage|p2a: Corviknight|47/100|[from] Recoil
|
|win|Lef deppard
|raw|OUDJ UU to suspect's rating: 2052 → 2029(-23 for losing)
|raw|Lef deppard's rating: 2005 → 2028(+23 for winning)
|c|☆Lef deppard|Gg
