|j|☆KeevX2
|j|☆xcxcxxcxc
|t:|1685871875
|gametype|singles
|player|p1|KeevX2|lucas|1261
|player|p2|xcxcxxcxc|lucas|1370
|teamsize|p1|6
|teamsize|p2|6
|gen|9
|tier|[Gen 9] OU
|rated|
|rule|Sleep Clause Mod: Limit one foe put to sleep
|rule|Species Clause: Limit one of each Pokémon
|rule|OHKO Clause: OHKO moves are banned
|rule|Evasion Items Clause: Evasion items are banned
|rule|Evasion Moves Clause: Evasion moves are banned
|rule|Endless Battle Clause: Forcing endless battles is banned
|rule|HP Percentage Mod: HP is shown in percentages
|clearpoke
|poke|p1|Zamazenta-*|
|poke|p1|Garchomp, M|
|poke|p1|Heatran, M|
|poke|p1|Chien-Pao|
|poke|p1|Toxapex, F|
|poke|p1|Zapdos|
|poke|p2|Grimmsnarl, M|
|poke|p2|Hydreigon, M|
|poke|p2|Hatterene, F|
|poke|p2|Urshifu-*, M|
|poke|p2|Amoonguss, M|
|poke|p2|Great Tusk|
|teampreview
|inactive|Battle timer is ON: inactive players will automatically lose when time's up. (requested by KeevX2)
|
|t:|1685871899
|start
|switch|p1a: Chien-Pao|Chien-Pao|100/100
|switch|p2a: Urshifu|Urshifu-Rapid-Strike, M|100/100
|-ability|p1a: Chien-Pao|Sword of Ruin
|turn|1
|
|t:|1685871906
|switch|p1a: Zapdos|Zapdos|100/100
|move|p2a: Urshifu|Surging Strikes|p1a: Zapdos
|-crit|p1a: Zapdos
|-damage|p1a: Zapdos|72/100
|-crit|p1a: Zapdos
|-damage|p1a: Zapdos|46/100
|-crit|p1a: Zapdos
|-damage|p1a: Zapdos|21/100
|-hitcount|p1a: Zapdos|3
|
|upkeep
|turn|2
|
|t:|1685871922
|switch|p2a: Oongaboongus|Amoonguss, M|100/100
|move|p1a: Zapdos|Discharge|p2a: Oongaboongus
|-resisted|p2a: Oongaboongus
|-crit|p2a: Oongaboongus
|-damage|p2a: Oongaboongus|75/100
|-status|p2a: Oongaboongus|par
|-enditem|p2a: Oongaboongus|Red Card|[of] p1a: Zapdos
|drag|p1a: Garchomp|Garchomp, M|100/100
|
|upkeep
|turn|3
|
|t:|1685871941
|switch|p2a: GYATerene|Hatterene, F|100/100
|move|p1a: Garchomp|Earthquake|p2a: GYATerene
|-damage|p2a: GYATerene|53/100
|
|-heal|p2a: GYATerene|59/100|[from] item: Leftovers
|upkeep
|turn|4
|
|t:|1685871948
|switch|p1a: Toxapex|Toxapex, F|100/100
|move|p2a: GYATerene|Nuzzle|p1a: Toxapex
|-supereffective|p1a: Toxapex
|-crit|p1a: Toxapex
|-damage|p1a: Toxapex|90/100
|-status|p1a: Toxapex|par
|
|-heal|p2a: GYATerene|65/100|[from] item: Leftovers
|upkeep
|turn|5
|
|t:|1685871958
|switch|p2a: Oongaboongus|Amoonguss, M|100/100 par
|cant|p1a: Toxapex|par
|
|upkeep
|turn|6
|
|t:|1685871964
|switch|p2a: Hydreigon|Hydreigon, M|100/100
|move|p1a: Toxapex|Infestation|p2a: Hydreigon
|-supereffective|p2a: Hydreigon
|-damage|p2a: Hydreigon|90/100
|-activate|p2a: Hydreigon|move: Infestation|[of] p1a: Toxapex
|
|-heal|p2a: Hydreigon|97/100|[from] item: Leftovers
|-damage|p2a: Hydreigon|84/100|[from] move: Infestation|[partiallytrapped]
|upkeep
|turn|7
|
|t:|1685871988
|move|p2a: Hydreigon|Substitute|p2a: Hydreigon
|-start|p2a: Hydreigon|Substitute
|-end|p2a: Hydreigon|Infestation|[partiallytrapped]|[silent]
|-damage|p2a: Hydreigon|59/100
|move|p1a: Toxapex|Acid Spray|p2a: Hydreigon
|-activate|p2a: Hydreigon|move: Substitute|[damage]
|
|-heal|p2a: Hydreigon|66/100|[from] item: Leftovers
|upkeep
|turn|8
|
|t:|1685871993
|move|p2a: Hydreigon|Nasty Plot|p2a: Hydreigon
|-boost|p2a: Hydreigon|spa|2
|move|p1a: Toxapex|Sludge Bomb|p2a: Hydreigon
|-end|p2a: Hydreigon|Substitute
|
|-heal|p2a: Hydreigon|72/100|[from] item: Leftovers
|upkeep
|turn|9
|
|t:|1685872002
|move|p2a: Hydreigon|Substitute|p2a: Hydreigon
|-start|p2a: Hydreigon|Substitute
|-damage|p2a: Hydreigon|47/100
|cant|p1a: Toxapex|par
|
|-heal|p2a: Hydreigon|53/100|[from] item: Leftovers
|upkeep
|turn|10
|
|t:|1685872007
|move|p2a: Hydreigon|Dark Pulse|p1a: Toxapex
|-damage|p1a: Toxapex|49/100 par
|cant|p1a: Toxapex|par
|
|-heal|p2a: Hydreigon|59/100|[from] item: Leftovers
|upkeep
|turn|11
|
|t:|1685872021
|switch|p1a: Zapdos|Zapdos|21/100
|move|p2a: Hydreigon|Dark Pulse|p1a: Zapdos
|-damage|p1a: Zapdos|0 fnt
|faint|p1a: Zapdos
|
|-heal|p2a: Hydreigon|65/100|[from] item: Leftovers
|upkeep
|
|t:|1685872026
|switch|p1a: Toxapex|Toxapex, F|82/100 par
|turn|12
|
|t:|1685872030
|move|p2a: Hydreigon|Dark Pulse|p1a: Toxapex
|-damage|p1a: Toxapex|39/100 par
|move|p1a: Toxapex|Sludge Bomb|p2a: Hydreigon
|-end|p2a: Hydreigon|Substitute
|
|-heal|p2a: Hydreigon|71/100|[from] item: Leftovers
|upkeep
|turn|13
|
|t:|1685872035
|move|p2a: Hydreigon|Substitute|p2a: Hydreigon
|-start|p2a: Hydreigon|Substitute
|-damage|p2a: Hydreigon|47/100
|move|p1a: Toxapex|Sludge Bomb|p2a: Hydreigon
|-end|p2a: Hydreigon|Substitute
|
|-heal|p2a: Hydreigon|53/100|[from] item: Leftovers
|upkeep
|turn|14
|
|t:|1685872041
|move|p2a: Hydreigon|Substitute|p2a: Hydreigon
|-start|p2a: Hydreigon|Substitute
|-damage|p2a: Hydreigon|28/100
|move|p1a: Toxapex|Sludge Bomb|p2a: Hydreigon
|-end|p2a: Hydreigon|Substitute
|
|-heal|p2a: Hydreigon|34/100|[from] item: Leftovers
|upkeep
|turn|15
|
|t:|1685872045
|-terastallize|p2a: Hydreigon|Steel
|move|p2a: Hydreigon|Substitute|p2a: Hydreigon
|-start|p2a: Hydreigon|Substitute
|-damage|p2a: Hydreigon|9/100
|cant|p1a: Toxapex|par
|
|-heal|p2a: Hydreigon|15/100|[from] item: Leftovers
|upkeep
|turn|16
|
|t:|1685872057
|switch|p1a: Heatran|Heatran, M|100/100
|move|p2a: Hydreigon|Dark Pulse|p1a: Heatran
|-damage|p1a: Heatran|52/100
|
|-heal|p2a: Hydreigon|21/100|[from] item: Leftovers
|upkeep
|turn|17
|
|t:|1685872069
|move|p2a: Hydreigon|Dark Pulse|p1a: Heatran
|-damage|p1a: Heatran|3/100
|cant|p1a: Heatran|flinch
|
|-heal|p2a: Hydreigon|28/100|[from] item: Leftovers
|upkeep
|turn|18
|
|t:|1685872073
|move|p2a: Hydreigon|Dark Pulse|p1a: Heatran
|-damage|p1a: Heatran|0 fnt
|faint|p1a: Heatran
|
|-heal|p2a: Hydreigon|34/100|[from] item: Leftovers
|upkeep
|
|t:|1685872075
|switch|p1a: Toxapex|Toxapex, F|73/100 par
|turn|19
|
|t:|1685872079
|move|p2a: Hydreigon|Dark Pulse|p1a: Toxapex
|-damage|p1a: Toxapex|30/100 par
|cant|p1a: Toxapex|flinch
|
|-heal|p2a: Hydreigon|40/100|[from] item: Leftovers
|upkeep
|turn|20
|
|t:|1685872082
|move|p2a: Hydreigon|Dark Pulse|p1a: Toxapex
|-damage|p1a: Toxapex|0 fnt
|faint|p1a: Toxapex
|
|-heal|p2a: Hydreigon|46/100|[from] item: Leftovers
|upkeep
|c|☆KeevX2|bruh
|
|t:|1685872090
|switch|p1a: Garchomp|Garchomp, M|100/100
|turn|21
|
|t:|1685872094
|move|p1a: Garchomp|Earthquake|p2a: Hydreigon
|-immune|p2a: Hydreigon|[from] ability: Levitate
|move|p2a: Hydreigon|Draco Meteor|p1a: Garchomp
|-supereffective|p1a: Garchomp
|-damage|p1a: Garchomp|0 fnt
|-unboost|p2a: Hydreigon|spa|2
|faint|p1a: Garchomp
|
|-heal|p2a: Hydreigon|52/100|[from] item: Leftovers
|upkeep
|c|☆KeevX2|rip
|-message|KeevX2 forfeited.
|
|win|xcxcxxcxc
|raw|KeevX2's rating: 1261 → 1244(-17 for losing)
|raw|xcxcxxcxc's rating: 1370 → 1384(+14 for winning)
|l|☆KeevX2
|c|☆xcxcxxcxc|rip
|c|☆xcxcxxcxc|gg
