|j|☆itaintthathard
|j|☆ReezObi
|t:|1685830103
|gametype|singles
|player|p1|itaintthathard|102|1266
|player|p2|ReezObi|red|1316
|teamsize|p1|6
|teamsize|p2|6
|gen|9
|tier|[Gen 9] OU
|rated|
|rule|Sleep Clause Mod: Limit one foe put to sleep
|rule|Species Clause: Limit one of each Pokémon
|rule|OHKO Clause: OHKO moves are banned
|rule|Evasion Items Clause: Evasion items are banned
|rule|Evasion Moves Clause: Evasion moves are banned
|rule|Endless Battle Clause: Forcing endless battles is banned
|rule|HP Percentage Mod: HP is shown in percentages
|clearpoke
|poke|p1|Pelipper, M|
|poke|p1|Cresselia, F|
|poke|p1|Ursaluna, F|
|poke|p1|Brambleghast, F|
|poke|p1|Basculegion-F, F|
|poke|p1|Dragonite, M|
|poke|p2|Cinderace, F|
|poke|p2|Magearna|
|poke|p2|Hoopa-Unbound|
|poke|p2|Dragapult, M|
|poke|p2|Chien-Pao|
|poke|p2|Landorus-Therian, M|
|teampreview
|inactive|Battle timer is ON: inactive players will automatically lose when time's up. (requested by itaintthathard)
|
|t:|1685830110
|start
|switch|p1a: Pelipper|Pelipper, M|100/100
|switch|p2a: Magearna|Magearna|100/100
|-weather|RainDance|[from] ability: Drizzle|[of] p1a: Pelipper
|turn|1
|
|t:|1685830118
|switch|p1a: Cresselia|Cresselia, F|100/100
|move|p2a: Magearna|Volt Switch|p1a: Cresselia
|-damage|p1a: Cresselia|87/100
|
|t:|1685830125
|switch|p2a: Dragapult|Dragapult, M|100/100|[from] Volt Switch
|
|-weather|RainDance|[upkeep]
|-heal|p1a: Cresselia|93/100|[from] item: Leftovers
|upkeep
|turn|2
|
|t:|1685830130
|switch|p1a: Ursaluna|Ursaluna, F|100/100
|move|p2a: Dragapult|Substitute|p2a: Dragapult
|-start|p2a: Dragapult|Substitute
|-damage|p2a: Dragapult|76/100
|
|-weather|RainDance|[upkeep]
|-status|p1a: Ursaluna|brn|[from] item: Flame Orb
|upkeep
|turn|3
|
|t:|1685830136
|move|p2a: Dragapult|Hex|p1a: Ursaluna
|-immune|p1a: Ursaluna
|move|p1a: Ursaluna|Rock Slide|p2a: Dragapult
|-end|p2a: Dragapult|Substitute
|
|-weather|RainDance|[upkeep]
|-damage|p1a: Ursaluna|94/100 brn|[from] brn
|upkeep
|turn|4
|
|t:|1685830147
|move|p2a: Dragapult|Substitute|p2a: Dragapult
|-start|p2a: Dragapult|Substitute
|-damage|p2a: Dragapult|51/100
|move|p1a: Ursaluna|Rock Slide|p2a: Dragapult
|-end|p2a: Dragapult|Substitute
|
|-weather|RainDance|[upkeep]
|-damage|p1a: Ursaluna|88/100 brn|[from] brn
|upkeep
|turn|5
|
|t:|1685830156
|switch|p2a: Landorus|Landorus-Therian, M|100/100
|-ability|p2a: Landorus|Intimidate|boost
|-unboost|p1a: Ursaluna|atk|1
|move|p1a: Ursaluna|Rock Slide|p2a: Landorus
|-damage|p2a: Landorus|79/100
|
|-weather|RainDance|[upkeep]
|-damage|p1a: Ursaluna|82/100 brn|[from] brn
|upkeep
|turn|6
|
|t:|1685830168
|switch|p1a: Pelipper|Pelipper, M|100/100
|move|p2a: Landorus|U-turn|p1a: Pelipper
|-resisted|p1a: Pelipper
|-damage|p1a: Pelipper|92/100
|
|t:|1685830181
|switch|p2a: Magearna|Magearna|100/100|[from] U-turn
|
|-weather|RainDance|[upkeep]
|upkeep
|turn|7
|
|t:|1685830186
|switch|p1a: Brambleghast|Brambleghast, F|100/100
|move|p2a: Magearna|Shift Gear|p2a: Magearna
|-boost|p2a: Magearna|spe|2
|-boost|p2a: Magearna|atk|1
|
|-weather|RainDance|[upkeep]
|upkeep
|turn|8
|
|t:|1685830200
|move|p2a: Magearna|Shift Gear|p2a: Magearna
|-boost|p2a: Magearna|spe|2
|-boost|p2a: Magearna|atk|1
|move|p1a: Brambleghast|Leech Seed|p2a: Magearna
|-start|p2a: Magearna|move: Leech Seed
|
|-weather|none
|-damage|p2a: Magearna|88/100|[from] Leech Seed|[of] p1a: Brambleghast
|upkeep
|turn|9
|
|t:|1685830211
|switch|p1a: Cresselia|Cresselia, F|93/100
|-terastallize|p2a: Magearna|Psychic
|move|p2a: Magearna|Stored Power|p1a: Cresselia
|-resisted|p1a: Cresselia
|-damage|p1a: Cresselia|72/100
|
|-heal|p2a: Magearna|94/100|[from] item: Leftovers
|-heal|p1a: Cresselia|78/100|[from] item: Leftovers
|-damage|p2a: Magearna|82/100|[from] Leech Seed|[of] p1a: Cresselia
|-heal|p1a: Cresselia|88/100|[silent]
|upkeep
|turn|10
|
|t:|1685830225
|move|p2a: Magearna|Fleur Cannon|p1a: Cresselia
|-damage|p1a: Cresselia|48/100
|-unboost|p2a: Magearna|spa|2
|move|p1a: Cresselia|Trick Room|p1a: Cresselia
|-fieldstart|move: Trick Room|[of] p1a: Cresselia
|
|-heal|p1a: Cresselia|54/100|[from] item: Leftovers
|-heal|p2a: Magearna|88/100|[from] item: Leftovers
|-damage|p2a: Magearna|75/100|[from] Leech Seed|[of] p1a: Cresselia
|-heal|p1a: Cresselia|64/100|[silent]
|upkeep
|turn|11
|
|t:|1685830236
|switch|p1a: Ursaluna|Ursaluna, F|82/100 brn
|move|p2a: Magearna|Stored Power|p1a: Ursaluna
|-damage|p1a: Ursaluna|52/100 brn
|
|-heal|p2a: Magearna|82/100|[from] item: Leftovers
|-damage|p2a: Magearna|69/100|[from] Leech Seed|[of] p1a: Ursaluna
|-heal|p1a: Ursaluna|62/100 brn|[silent]
|-damage|p1a: Ursaluna|56/100 brn|[from] brn
|upkeep
|turn|12
|
|t:|1685830247
|switch|p2a: Dragapult|Dragapult, M|51/100
|move|p1a: Ursaluna|Facade|p2a: Dragapult
|-immune|p2a: Dragapult
|
|-damage|p1a: Ursaluna|50/100 brn|[from] brn
|upkeep
|turn|13
|
|t:|1685830257
|switch|p2a: Landorus|Landorus-Therian, M|79/100
|-ability|p2a: Landorus|Intimidate|boost
|-unboost|p1a: Ursaluna|atk|1
|move|p1a: Ursaluna|Facade|p2a: Landorus
|-damage|p2a: Landorus|19/100
|-damage|p1a: Ursaluna|33/100 brn|[from] item: Rocky Helmet|[of] p2a: Landorus
|
|-damage|p1a: Ursaluna|27/100 brn|[from] brn
|upkeep
|turn|14
|inactive|ReezObi has 120 seconds left.
|
|t:|1685830288
|move|p1a: Ursaluna|Rock Slide|p2a: Landorus
|-damage|p2a: Landorus|0 fnt
|faint|p2a: Landorus
|
|-damage|p1a: Ursaluna|21/100 brn|[from] brn
|-fieldend|move: Trick Room
|upkeep
|inactive|ReezObi has 120 seconds left.
|
|t:|1685830299
|switch|p2a: Hoopa|Hoopa-Unbound|100/100
|turn|15
|
|t:|1685830304
|switch|p1a: Brambleghast|Brambleghast, F|100/100
|move|p2a: Hoopa|Knock Off|p1a: Brambleghast
|-supereffective|p1a: Brambleghast
|-enditem|p1a: Brambleghast|Focus Sash
|-damage|p1a: Brambleghast|1/100
|
|upkeep
|turn|16
|
|t:|1685830311
|move|p2a: Hoopa|Knock Off|p1a: Brambleghast
|-supereffective|p1a: Brambleghast
|-damage|p1a: Brambleghast|0 fnt
|faint|p1a: Brambleghast
|
|upkeep
|
|t:|1685830327
|switch|p1a: Dragonite|Dragonite, M, shiny|100/100
|turn|17
|
|t:|1685830332
|move|p2a: Hoopa|Knock Off|p1a: Dragonite
|-damage|p1a: Dragonite|70/100
|-enditem|p1a: Dragonite|Choice Specs|[from] move: Knock Off|[of] p2a: Hoopa
|move|p1a: Dragonite|Draco Meteor|p2a: Hoopa
|-damage|p2a: Hoopa|49/100
|-unboost|p1a: Dragonite|spa|2
|
|upkeep
|turn|18
|
|t:|1685830344
|switch|p2a: Magearna|Magearna, tera:Psychic|69/100
|move|p1a: Dragonite|Draco Meteor|p2a: Magearna
|-damage|p2a: Magearna|44/100
|-unboost|p1a: Dragonite|spa|2
|
|-heal|p2a: Magearna|50/100|[from] item: Leftovers
|upkeep
|turn|19
|
|t:|1685830364
|switch|p1a: Cresselia|Cresselia, F|64/100
|move|p2a: Magearna|Volt Switch|p1a: Cresselia
|-damage|p1a: Cresselia|50/100
|inactive|ReezObi has 120 seconds left.
|
|t:|1685830379
|switch|p2a: Chien-Pao|Chien-Pao|100/100|[from] Volt Switch
|-ability|p2a: Chien-Pao|Sword of Ruin
|
|-heal|p1a: Cresselia|56/100|[from] item: Leftovers
|upkeep
|turn|20
|inactive|ReezObi has 120 seconds left.
|
|t:|1685830399
|-terastallize|p1a: Cresselia|Fairy
|move|p2a: Chien-Pao|Crunch|p1a: Cresselia
|-resisted|p1a: Cresselia
|-damage|p1a: Cresselia|30/100
|move|p1a: Cresselia|Trick Room|p1a: Cresselia
|-fieldstart|move: Trick Room|[of] p1a: Cresselia
|
|-heal|p1a: Cresselia|36/100|[from] item: Leftovers
|upkeep
|turn|21
|
|t:|1685830420
|switch|p2a: Dragapult|Dragapult, M|51/100
|move|p1a: Cresselia|Dazzling Gleam|p2a: Dragapult
|-supereffective|p2a: Dragapult
|-damage|p2a: Dragapult|0 fnt
|faint|p2a: Dragapult
|
|-heal|p1a: Cresselia|42/100|[from] item: Leftovers
|upkeep
|
|t:|1685830427
|switch|p2a: Cinderace|Cinderace, F|100/100
|turn|22
|
|t:|1685830442
|switch|p1a: Pelipper|Pelipper, M|92/100
|-weather|RainDance|[from] ability: Drizzle|[of] p1a: Pelipper
|move|p2a: Cinderace|Pyro Ball|p1a: Pelipper
|-resisted|p1a: Pelipper
|-damage|p1a: Pelipper|81/100
|
|-weather|RainDance|[upkeep]
|upkeep
|turn|23
|
|t:|1685830453
|switch|p2a: Magearna|Magearna, tera:Psychic|50/100
|move|p1a: Pelipper|Knock Off|p2a: Magearna
|-supereffective|p2a: Magearna
|-damage|p2a: Magearna|29/100
|-enditem|p2a: Magearna|Leftovers|[from] move: Knock Off|[of] p1a: Pelipper
|
|-weather|RainDance|[upkeep]
|upkeep
|turn|24
|
|t:|1685830470
|switch|p1a: Cresselia|Cresselia, F, tera:Fairy|42/100
|move|p2a: Magearna|Fleur Cannon|p1a: Cresselia
|-damage|p1a: Cresselia|0 fnt
|-unboost|p2a: Magearna|spa|2
|faint|p1a: Cresselia
|-ability|p2a: Magearna|Soul-Heart|boost
|-boost|p2a: Magearna|spa|1
|
|-weather|RainDance|[upkeep]
|-fieldend|move: Trick Room
|upkeep
|
|t:|1685830477
|switch|p1a: Basculegion|Basculegion-F, F|100/100
|turn|25
|
|t:|1685830493
|move|p1a: Basculegion|Chilling Water|p2a: Magearna
|-damage|p2a: Magearna|0 fnt
|faint|p2a: Magearna
|
|-weather|RainDance|[upkeep]
|upkeep
|
|t:|1685830500
|switch|p2a: Cinderace|Cinderace, F|100/100
|turn|26
|
|t:|1685830503
|switch|p1a: Pelipper|Pelipper, M|81/100
|move|p2a: Cinderace|Sucker Punch||[still]
|-fail|p2a: Cinderace
|
|-weather|RainDance|[upkeep]
|upkeep
|turn|27
|
|t:|1685830514
|switch|p2a: Chien-Pao|Chien-Pao|100/100
|-ability|p2a: Chien-Pao|Sword of Ruin
|move|p1a: Pelipper|U-turn|p2a: Chien-Pao
|-supereffective|p2a: Chien-Pao
|-damage|p2a: Chien-Pao|76/100
|
|t:|1685830520
|switch|p1a: Basculegion|Basculegion-F, F|100/100|[from] U-turn
|
|-weather|RainDance|[upkeep]
|upkeep
|turn|28
|
|t:|1685830541
|switch|p2a: Cinderace|Cinderace, F|100/100
|move|p1a: Basculegion|Chilling Water|p2a: Cinderace
|-supereffective|p2a: Cinderace
|-damage|p2a: Cinderace|0 fnt
|faint|p2a: Cinderace
|
|-weather|RainDance|[upkeep]
|upkeep
|
|t:|1685830554
|switch|p2a: Hoopa|Hoopa-Unbound|49/100
|turn|29
|
|t:|1685830570
|switch|p1a: Ursaluna|Ursaluna, F|21/100 brn
|move|p2a: Hoopa|Knock Off|p1a: Ursaluna
|-damage|p1a: Ursaluna|0 fnt
|-enditem|p1a: Ursaluna|Flame Orb|[from] move: Knock Off|[of] p2a: Hoopa
|faint|p1a: Ursaluna
|
|-weather|none
|upkeep
|
|t:|1685830573
|switch|p1a: Dragonite|Dragonite, M, shiny|70/100
|turn|30
|-message|ReezObi forfeited.
|
|win|itaintthathard
|raw|itaintthathard's rating: 1239 → 1269(+30 for winning)
|raw|ReezObi's rating: 1316 → 1292(-24 for losing)
|l|☆ReezObi
