|j|☆asceofspades
|j|☆eccentric_tempest
|t:|1685913190
|gametype|singles
|player|p1|asceofspades|1|1218
|player|p2|eccentric_tempest|n|1209
|teamsize|p1|6
|teamsize|p2|6
|gen|9
|tier|[Gen 9] OU
|rated|
|rule|Sleep Clause Mod: Limit one foe put to sleep
|rule|Species Clause: Limit one of each Pokémon
|rule|OHKO Clause: OHKO moves are banned
|rule|Evasion Items Clause: Evasion items are banned
|rule|Evasion Moves Clause: Evasion moves are banned
|rule|Endless Battle Clause: Forcing endless battles is banned
|rule|HP Percentage Mod: HP is shown in percentages
|clearpoke
|poke|p1|Landorus-Therian, M|
|poke|p1|Samurott-Hisui, M|
|poke|p1|Dragapult, M|
|poke|p1|Magearna|
|poke|p1|Gholdengo|
|poke|p1|Sneasler, F|
|poke|p2|Articuno|
|poke|p2|Dugtrio-Alola, F|
|poke|p2|Avalugg-Hisui, M|
|poke|p2|Tauros, M|
|poke|p2|Pikachu-Kalos, M|
|poke|p2|Calyrex|
|teampreview
|c|☆eccentric_tempest|this team is what i like to call
|c|☆eccentric_tempest|the worst team thats all ou pokemon
|
|t:|1685913223
|start
|switch|p1a: Dragapult|Dragapult, M|100/100
|switch|p2a: Dugtrio|Dugtrio-Alola, F|100/100
|turn|1
|
|t:|1685913231
|switch|p1a: Landorus|Landorus-Therian, M|100/100
|-ability|p1a: Landorus|Intimidate|boost
|-unboost|p2a: Dugtrio|atk|1
|move|p2a: Dugtrio|Sucker Punch||[still]
|-fail|p2a: Dugtrio
|
|upkeep
|turn|2
|
|t:|1685913237
|move|p2a: Dugtrio|Stealth Rock|p1a: Landorus
|-sidestart|p1: asceofspades|move: Stealth Rock
|move|p1a: Landorus|Stealth Rock|p2a: Dugtrio
|-sidestart|p2: eccentric_tempest|move: Stealth Rock
|
|upkeep
|turn|3
|
|t:|1685913248
|switch|p2a: Articuno|Articuno|100/100
|-damage|p2a: Articuno|50/100|[from] Stealth Rock
|-ability|p2a: Articuno|Pressure
|move|p1a: Landorus|Earthquake|p2a: Articuno
|-immune|p2a: Articuno
|
|-heal|p2a: Articuno|57/100|[from] item: Leftovers
|upkeep
|turn|4
|
|t:|1685913260
|switch|p1a: Gholdengo|Gholdengo|100/100
|-damage|p1a: Gholdengo|94/100|[from] Stealth Rock
|move|p2a: Articuno|Freeze-Dry|p1a: Gholdengo
|-resisted|p1a: Gholdengo
|-damage|p1a: Gholdengo|77/100
|
|-heal|p2a: Articuno|63/100|[from] item: Leftovers
|upkeep
|turn|5
|
|t:|1685913272
|move|p1a: Gholdengo|Shadow Ball|p2a: Articuno
|-damage|p2a: Articuno|35/100
|move|p2a: Articuno|Hurricane|p1a: Gholdengo
|-resisted|p1a: Gholdengo
|-damage|p1a: Gholdengo|52/100
|
|-heal|p2a: Articuno|41/100|[from] item: Leftovers
|upkeep
|turn|6
|
|t:|1685913280
|move|p1a: Gholdengo|Recover|p1a: Gholdengo
|-heal|p1a: Gholdengo|100/100
|move|p2a: Articuno|Roost|p2a: Articuno
|-heal|p2a: Articuno|91/100
|-singleturn|p2a: Articuno|move: Roost
|
|-heal|p2a: Articuno|97/100|[from] item: Leftovers
|upkeep
|turn|7
|
|t:|1685913286
|move|p1a: Gholdengo|Nasty Plot|p1a: Gholdengo
|-boost|p1a: Gholdengo|spa|2
|move|p2a: Articuno|Ancient Power|p1a: Gholdengo
|-resisted|p1a: Gholdengo
|-damage|p1a: Gholdengo|91/100
|-boost|p2a: Articuno|atk|1
|-boost|p2a: Articuno|def|1
|-boost|p2a: Articuno|spa|1
|-boost|p2a: Articuno|spd|1
|-boost|p2a: Articuno|spe|1
|
|-heal|p2a: Articuno|100/100|[from] item: Leftovers
|upkeep
|turn|8
|
|t:|1685913296
|move|p2a: Articuno|Ancient Power|p1a: Gholdengo
|-resisted|p1a: Gholdengo
|-damage|p1a: Gholdengo|78/100
|move|p1a: Gholdengo|Make It Rain|p2a: Articuno
|-supereffective|p2a: Articuno
|-damage|p2a: Articuno|0 fnt
|-unboost|p1a: Gholdengo|spa|1
|faint|p2a: Articuno
|
|upkeep
|
|t:|1685913306
|switch|p2a: Dugtrio|Dugtrio-Alola, F|100/100
|-damage|p2a: Dugtrio|98/100|[from] Stealth Rock
|turn|9
|
|t:|1685913313
|switch|p1a: Landorus|Landorus-Therian, M|100/100
|-damage|p1a: Landorus|88/100|[from] Stealth Rock
|-ability|p1a: Landorus|Intimidate|boost
|-unboost|p2a: Dugtrio|atk|1
|move|p2a: Dugtrio|Iron Head|p1a: Landorus
|-damage|p1a: Landorus|66/100
|-damage|p2a: Dugtrio|81/100|[from] item: Rocky Helmet|[of] p1a: Landorus
|-damage|p2a: Dugtrio|71/100|[from] item: Life Orb
|
|upkeep
|turn|10
|
|t:|1685913324
|move|p2a: Dugtrio|Iron Head|p1a: Landorus
|-damage|p1a: Landorus|44/100
|-damage|p2a: Dugtrio|55/100|[from] item: Rocky Helmet|[of] p1a: Landorus
|-damage|p2a: Dugtrio|45/100|[from] item: Life Orb
|move|p1a: Landorus|Earthquake|p2a: Dugtrio
|-supereffective|p2a: Dugtrio
|-damage|p2a: Dugtrio|0 fnt
|faint|p2a: Dugtrio
|
|upkeep
|
|t:|1685913336
|switch|p2a: Tauros|Tauros, M|100/100
|-damage|p2a: Tauros|88/100|[from] Stealth Rock
|turn|11
|
|t:|1685913362
|switch|p1a: Samurott|Samurott-Hisui, M|100/100
|-damage|p1a: Samurott|88/100|[from] Stealth Rock
|move|p2a: Tauros|Body Slam|p1a: Samurott
|-damage|p1a: Samurott|0 fnt
|faint|p1a: Samurott
|
|upkeep
|
|t:|1685913378
|switch|p1a: Dragapult|Dragapult, M|100/100
|turn|12
|
|t:|1685913387
|move|p1a: Dragapult|Will-O-Wisp|p2a: Tauros
|-status|p2a: Tauros|brn
|move|p2a: Tauros|Iron Head|p1a: Dragapult
|-damage|p1a: Dragapult|73/100
|
|-damage|p2a: Tauros|82/100 brn|[from] brn
|upkeep
|turn|13
|
|t:|1685913402
|move|p1a: Dragapult|Draco Meteor|p2a: Tauros|[miss]
|-miss|p1a: Dragapult|p2a: Tauros
|move|p2a: Tauros|Iron Head|p1a: Dragapult
|-damage|p1a: Dragapult|47/100
|
|-damage|p2a: Tauros|76/100 brn|[from] brn
|upkeep
|turn|14
|
|t:|1685913409
|move|p1a: Dragapult|Draco Meteor|p2a: Tauros
|-damage|p2a: Tauros|0 fnt
|-unboost|p1a: Dragapult|spa|2
|faint|p2a: Tauros
|
|upkeep
|
|t:|1685913435
|switch|p2a: Pikachu|Pikachu-Kalos, M|100/100
|-damage|p2a: Pikachu|88/100|[from] Stealth Rock
|turn|15
|
|t:|1685913445
|move|p1a: Dragapult|U-turn|p2a: Pikachu
|-damage|p2a: Pikachu|30/100
|-status|p1a: Dragapult|par|[from] ability: Static|[of] p2a: Pikachu
|
|t:|1685913450
|switch|p1a: Landorus|Landorus-Therian, M|44/100|[from] U-turn
|-damage|p1a: Landorus|31/100|[from] Stealth Rock
|-ability|p1a: Landorus|Intimidate|boost
|-unboost|p2a: Pikachu|atk|1
|move|p2a: Pikachu|Play Rough|p1a: Landorus
|-damage|p1a: Landorus|12/100
|-unboost|p1a: Landorus|atk|1
|-damage|p2a: Pikachu|13/100|[from] item: Rocky Helmet|[of] p1a: Landorus
|
|upkeep
|turn|16
|
|t:|1685913463
|move|p2a: Pikachu|Quick Attack|p1a: Landorus
|-damage|p1a: Landorus|4/100
|-damage|p2a: Pikachu|0 fnt|[from] item: Rocky Helmet|[of] p1a: Landorus
|faint|p2a: Pikachu
|move|p1a: Landorus|U-turn|p2: Pikachu|[notarget]
|-fail|p1a: Landorus
|
|upkeep
|
|t:|1685913472
|switch|p2a: Avalugg|Avalugg-Hisui, M|100/100
|-damage|p2a: Avalugg|76/100|[from] Stealth Rock
|turn|17
|
|t:|1685913478
|move|p1a: Landorus|Earthquake|p2a: Avalugg
|-supereffective|p2a: Avalugg
|-damage|p2a: Avalugg|49/100
|move|p2a: Avalugg|Mountain Gale|p1a: Landorus
|-supereffective|p1a: Landorus
|-damage|p1a: Landorus|0 fnt
|faint|p1a: Landorus
|
|-heal|p2a: Avalugg|55/100|[from] item: Leftovers
|upkeep
|c|☆eccentric_tempest|well
|
|t:|1685913487
|switch|p1a: Magearna|Magearna|100/100
|-damage|p1a: Magearna|95/100|[from] Stealth Rock
|turn|18
|c|☆eccentric_tempest|this team did what it was meant to
|
|t:|1685913500
|-terastallize|p2a: Avalugg|Flying
|move|p1a: Magearna|Calm Mind|p1a: Magearna
|-boost|p1a: Magearna|spa|1
|-boost|p1a: Magearna|spd|1
|move|p2a: Avalugg|Body Press|p1a: Magearna
|-damage|p1a: Magearna|62/100
|
|-heal|p1a: Magearna|68/100|[from] item: Leftovers
|-heal|p2a: Avalugg|61/100|[from] item: Leftovers
|upkeep
|turn|19
|
|t:|1685913514
|move|p1a: Magearna|Calm Mind|p1a: Magearna
|-boost|p1a: Magearna|spa|1
|-boost|p1a: Magearna|spd|1
|move|p2a: Avalugg|Body Press|p1a: Magearna
|-crit|p1a: Magearna
|-damage|p1a: Magearna|16/100
|
|-heal|p1a: Magearna|22/100|[from] item: Leftovers
|-heal|p2a: Avalugg|67/100|[from] item: Leftovers
|upkeep
|turn|20
|
|t:|1685913530
|move|p1a: Magearna|Draining Kiss|p2a: Avalugg
|-damage|p2a: Avalugg|0 fnt
|-heal|p1a: Magearna|85/100|[from] drain|[of] p2a: Avalugg
|faint|p2a: Avalugg
|-ability|p1a: Magearna|Soul-Heart|boost
|-boost|p1a: Magearna|spa|1
|
|-heal|p1a: Magearna|91/100|[from] item: Leftovers
|upkeep
|
|t:|1685913534
|switch|p2a: Calyrex|Calyrex|100/100
|-ability|p2a: Calyrex|Unnerve
|-damage|p2a: Calyrex|88/100|[from] Stealth Rock
|turn|21
|
|t:|1685913542
|move|p2a: Calyrex|Leech Seed|p1a: Magearna
|-start|p1a: Magearna|move: Leech Seed
|move|p1a: Magearna|Draining Kiss|p2a: Calyrex
|-crit|p2a: Calyrex
|-damage|p2a: Calyrex|0 fnt
|-heal|p1a: Magearna|100/100|[from] drain|[of] p2a: Calyrex
|faint|p2a: Calyrex
|
|win|asceofspades
|raw|asceofspades's rating: 1218 → 1242(+24 for winning)
|raw|eccentric_tempest's rating: 1209 → 1185(-24 for losing)
