|j|☆vanzman74
|j|☆pikaplayer101
|t:|1685855711
|gametype|singles
|player|p1|vanzman74|266|1072
|player|p2|pikaplayer101|red-gen2|1050
|teamsize|p1|6
|teamsize|p2|6
|gen|9
|tier|[Gen 9] OU
|rated|
|rule|Sleep Clause Mod: Limit one foe put to sleep
|rule|Species Clause: Limit one of each Pokémon
|rule|OHKO Clause: OHKO moves are banned
|rule|Evasion Items Clause: Evasion items are banned
|rule|Evasion Moves Clause: Evasion moves are banned
|rule|Endless Battle Clause: Forcing endless battles is banned
|rule|HP Percentage Mod: HP is shown in percentages
|clearpoke
|poke|p1|Kleavor, M|
|poke|p1|Pelipper, M|
|poke|p1|Basculegion, M|
|poke|p1|Articuno-Galar|
|poke|p1|Cyclizar, M|
|poke|p1|Mew|
|poke|p2|Ursaluna, M|
|poke|p2|Grimmsnarl, M|
|poke|p2|Decidueye-Hisui, F|
|poke|p2|Kleavor, F|
|poke|p2|Sneasler, M|
|poke|p2|Lilligant-Hisui, F|
|teampreview
|inactive|Battle timer is ON: inactive players will automatically lose when time's up. (requested by vanzman74)
|inactive|pikaplayer101 has 120 seconds left.
|
|t:|1685855788
|start
|switch|p1a: Kleavor|Kleavor, M, shiny|100/100
|switch|p2a: Kleavor|Kleavor, F|100/100
|turn|1
|inactive|vanzman74 has 120 seconds left.
|
|t:|1685855840
|move|p1a: Kleavor|Stone Axe|p2a: Kleavor|[miss]
|-miss|p1a: Kleavor|p2a: Kleavor
|move|p2a: Kleavor|Stone Axe|p1a: Kleavor
|-supereffective|p1a: Kleavor
|-damage|p1a: Kleavor|0 fnt
|-sidestart|p1: vanzman74|move: Stealth Rock
|-damage|p2a: Kleavor|84/100|[from] item: Rocky Helmet|[of] p1a: Kleavor
|faint|p1a: Kleavor
|
|upkeep
|
|t:|1685855846
|switch|p1a: Cyclizar|Cyclizar, M|100/100
|turn|2
|
|t:|1685855848
|move|p1a: Cyclizar|Rapid Spin|p2a: Kleavor
|-resisted|p2a: Kleavor
|-damage|p2a: Kleavor|75/100
|-boost|p1a: Cyclizar|spe|1
|-sideend|p1: vanzman74|Stealth Rock|[from] move: Rapid Spin|[of] p1a: Cyclizar
|move|p2a: Kleavor|U-turn|p1a: Cyclizar
|-crit|p1a: Cyclizar
|-damage|p1a: Cyclizar|20/100
|
|t:|1685855852
|switch|p2a: Grimmsnarl|Grimmsnarl, M|100/100|[from] U-turn
|
|upkeep
|turn|3
|inactive|vanzman74 has 120 seconds left.
|
|t:|1685855860
|switch|p1a: Pelipper|Pelipper, M|100/100
|-weather|RainDance|[from] ability: Drizzle|[of] p1a: Pelipper
|move|p2a: Grimmsnarl|Reflect|p2a: Grimmsnarl
|-sidestart|p2: pikaplayer101|Reflect
|
|-weather|RainDance|[upkeep]
|upkeep
|turn|4
|
|t:|1685855868
|move|p2a: Grimmsnarl|Light Screen|p2a: Grimmsnarl
|-sidestart|p2: pikaplayer101|move: Light Screen
|move|p1a: Pelipper|Hydro Pump|p2a: Grimmsnarl
|-damage|p2a: Grimmsnarl|78/100
|
|-weather|RainDance|[upkeep]
|upkeep
|turn|5
|
|t:|1685855872
|move|p1a: Pelipper|Hurricane|p2a: Grimmsnarl
|-damage|p2a: Grimmsnarl|63/100
|move|p2a: Grimmsnarl|Spirit Break|p1a: Pelipper
|-damage|p1a: Pelipper|76/100
|-unboost|p1a: Pelipper|spa|1
|
|-weather|RainDance|[upkeep]
|upkeep
|turn|6
|
|t:|1685855878
|move|p1a: Pelipper|U-turn|p2a: Grimmsnarl
|-damage|p2a: Grimmsnarl|58/100
|
|t:|1685855881
|switch|p1a: Mew|Mew, shiny|100/100|[from] U-turn
|move|p2a: Grimmsnarl|Spirit Break|p1a: Mew
|-damage|p1a: Mew|76/100
|-unboost|p1a: Mew|spa|1
|
|-weather|RainDance|[upkeep]
|-heal|p1a: Mew|82/100|[from] item: Leftovers
|upkeep
|turn|7
|inactive|pikaplayer101 has 120 seconds left.
|inactive|pikaplayer101 has 90 seconds left.
|
|t:|1685855947
|move|p2a: Grimmsnarl|Parting Shot|p1a: Mew
|-unboost|p1a: Mew|atk|1
|-unboost|p1a: Mew|spa|1
|
|t:|1685855949
|switch|p2a: Lilligant|Lilligant-Hisui, F|100/100|[from] Parting Shot
|move|p1a: Mew|Thunder Wave|p2a: Lilligant|[miss]
|-miss|p1a: Mew|p2a: Lilligant
|
|-weather|RainDance|[upkeep]
|-heal|p1a: Mew|88/100|[from] item: Leftovers
|upkeep
|turn|8
|
|t:|1685855954
|move|p2a: Lilligant|Victory Dance|p2a: Lilligant
|-boost|p2a: Lilligant|atk|1
|-boost|p2a: Lilligant|def|1
|-boost|p2a: Lilligant|spe|1
|move|p1a: Mew|Thunder Wave|p2a: Lilligant
|-status|p2a: Lilligant|par
|
|-weather|RainDance|[upkeep]
|-heal|p1a: Mew|95/100|[from] item: Leftovers
|upkeep
|turn|9
|
|t:|1685855956
|move|p2a: Lilligant|Victory Dance|p2a: Lilligant
|-boost|p2a: Lilligant|atk|1
|-boost|p2a: Lilligant|def|1
|-boost|p2a: Lilligant|spe|1
|move|p1a: Mew|U-turn|p2a: Lilligant
|-damage|p2a: Lilligant|96/100 par
|
|t:|1685855963
|switch|p1a: Articuno|Articuno-Galar|100/100|[from] U-turn
|
|-weather|RainDance|[upkeep]
|upkeep
|turn|10
|
|t:|1685855970
|move|p1a: Articuno|Hurricane|p2a: Lilligant
|-supereffective|p2a: Lilligant
|-damage|p2a: Lilligant|0 fnt
|faint|p2a: Lilligant
|
|-weather|none
|-sideend|p2: pikaplayer101|Reflect
|upkeep
|
|t:|1685855974
|switch|p2a: Kleavor|Kleavor, F|75/100
|turn|11
|
|t:|1685855987
|move|p1a: Articuno|Hurricane|p2a: Kleavor|[miss]
|-miss|p1a: Articuno|p2a: Kleavor
|move|p2a: Kleavor|Stone Axe|p1a: Articuno
|-supereffective|p1a: Articuno
|-damage|p1a: Articuno|0 fnt
|-sidestart|p1: vanzman74|move: Stealth Rock
|faint|p1a: Articuno
|
|-sideend|p2: pikaplayer101|move: Light Screen
|upkeep
|
|t:|1685855992
|switch|p1a: Cyclizar|Cyclizar, M|53/100
|turn|12
|
|t:|1685856004
|move|p1a: Cyclizar|Rapid Spin|p2a: Kleavor
|-resisted|p2a: Kleavor
|-damage|p2a: Kleavor|65/100
|-boost|p1a: Cyclizar|spe|1
|-sideend|p1: vanzman74|Stealth Rock|[from] move: Rapid Spin|[of] p1a: Cyclizar
|move|p2a: Kleavor|Stone Axe|p1a: Cyclizar
|-damage|p1a: Cyclizar|0 fnt
|-sidestart|p1: vanzman74|move: Stealth Rock
|faint|p1a: Cyclizar
|
|upkeep
|
|t:|1685856011
|switch|p1a: Pelipper|Pelipper, M|76/100
|-damage|p1a: Pelipper|52/100|[from] Stealth Rock
|-weather|RainDance|[from] ability: Drizzle|[of] p1a: Pelipper
|turn|13
|inactive|pikaplayer101 has 120 seconds left.
|
|t:|1685856047
|move|p2a: Kleavor|Stone Axe|p1a: Pelipper
|-supereffective|p1a: Pelipper
|-damage|p1a: Pelipper|0 fnt
|faint|p1a: Pelipper
|
|-weather|RainDance|[upkeep]
|upkeep
|
|t:|1685856054
|switch|p1a: Basculegion|Basculegion, M, shiny|100/100
|-damage|p1a: Basculegion|88/100|[from] Stealth Rock
|turn|14
|inactive|pikaplayer101 has 120 seconds left.
|inactive|pikaplayer101 has 90 seconds left.
|inactive|pikaplayer101 has 60 seconds left.
|
|t:|1685856136
|move|p1a: Basculegion|Wave Crash|p2a: Kleavor
|-supereffective|p2a: Kleavor
|-damage|p2a: Kleavor|0 fnt
|faint|p2a: Kleavor
|-damage|p1a: Basculegion|73/100|[from] Recoil
|
|-weather|RainDance|[upkeep]
|upkeep
|
|t:|1685856142
|switch|p2a: Grimmsnarl|Grimmsnarl, M|58/100
|turn|15
|
|t:|1685856145
|-terastallize|p1a: Basculegion|Dark
|move|p2a: Grimmsnarl|Reflect|p2a: Grimmsnarl
|-sidestart|p2: pikaplayer101|Reflect
|move|p1a: Basculegion|Wave Crash|p2a: Grimmsnarl
|-crit|p2a: Grimmsnarl
|-damage|p2a: Grimmsnarl|0 fnt
|faint|p2a: Grimmsnarl
|-damage|p1a: Basculegion|53/100|[from] Recoil
|
|-weather|RainDance|[upkeep]
|upkeep
|inactive|pikaplayer101 has 60 seconds left.
|
|t:|1685856155
|switch|p2a: Decidueye|Decidueye-Hisui, F|100/100
|turn|16
|
|t:|1685856159
|move|p1a: Basculegion|Wave Crash|p2a: Decidueye
|-resisted|p2a: Decidueye
|-damage|p2a: Decidueye|65/100
|-damage|p1a: Basculegion|41/100|[from] Recoil
|move|p2a: Decidueye|Triple Arrows|p1a: Basculegion
|-supereffective|p1a: Basculegion
|-damage|p1a: Basculegion|0 fnt
|faint|p1a: Basculegion
|-damage|p2a: Decidueye|55/100|[from] item: Life Orb
|
|-weather|RainDance|[upkeep]
|upkeep
|
|t:|1685856166
|switch|p1a: Mew|Mew, shiny|95/100
|-damage|p1a: Mew|82/100|[from] Stealth Rock
|turn|17
|
|t:|1685856172
|move|p1a: Mew|Thunder Wave|p2a: Decidueye
|-status|p2a: Decidueye|par
|move|p2a: Decidueye|Leaf Blade|p1a: Mew
|-damage|p1a: Mew|29/100
|-damage|p2a: Decidueye|45/100 par|[from] item: Life Orb
|
|-weather|RainDance|[upkeep]
|-heal|p1a: Mew|35/100|[from] item: Leftovers
|upkeep
|turn|18
|inactive|pikaplayer101 has 90 seconds left.
|
|t:|1685856185
|move|p1a: Mew|Bulk Up|p1a: Mew
|-boost|p1a: Mew|atk|1
|-boost|p1a: Mew|def|1
|move|p2a: Decidueye|Leaf Blade|p1a: Mew
|-crit|p1a: Mew
|-damage|p1a: Mew|0 fnt
|faint|p1a: Mew
|-damage|p2a: Decidueye|35/100 par|[from] item: Life Orb
|
|win|pikaplayer101
|raw|vanzman74's rating: 1072 → 1051(-21 for losing)
|raw|pikaplayer101's rating: 1068 → 1098(+30 for winning)
