|j|☆nibash
|j|☆Navi987
|t:|1685839428
|gametype|singles
|player|p1|nibash|102|1123
|player|p2|Navi987|2|1173
|teamsize|p1|6
|teamsize|p2|6
|gen|9
|tier|[Gen 9] OU
|rated|
|rule|Sleep Clause Mod: Limit one foe put to sleep
|rule|Species Clause: Limit one of each Pokémon
|rule|OHKO Clause: OHKO moves are banned
|rule|Evasion Items Clause: Evasion items are banned
|rule|Evasion Moves Clause: Evasion moves are banned
|rule|Endless Battle Clause: Forcing endless battles is banned
|rule|HP Percentage Mod: HP is shown in percentages
|clearpoke
|poke|p1|Great Tusk|
|poke|p1|Enamorus-Therian, F|
|poke|p1|Breloom, M|
|poke|p1|Volcanion|
|poke|p1|Dragapult, F|
|poke|p1|Magearna|
|poke|p2|Arboliva, F|
|poke|p2|Typhlosion-Hisui, M|
|poke|p2|Quaquaval, M|
|poke|p2|Bellibolt, M|
|poke|p2|Slowking-Galar, F|
|poke|p2|Orthworm, M|
|teampreview
|
|t:|1685839475
|start
|switch|p1a: Volcanion|Volcanion|100/100
|switch|p2a: Olivia Pierce|Arboliva, F|100/100
|turn|1
|
|t:|1685839486
|move|p1a: Volcanion|Sludge Bomb|p2a: Olivia Pierce
|-supereffective|p2a: Olivia Pierce
|-crit|p2a: Olivia Pierce
|-damage|p2a: Olivia Pierce|44/100
|-fieldstart|move: Grassy Terrain|[from] ability: Seed Sower|[of] p2a: Olivia Pierce
|move|p2a: Olivia Pierce|Giga Drain|p1a: Volcanion
|-damage|p1a: Volcanion|63/100
|-heal|p2a: Olivia Pierce|63/100|[from] drain|[of] p1a: Volcanion
|
|-heal|p1a: Volcanion|69/100|[from] Grassy Terrain
|-heal|p2a: Olivia Pierce|69/100|[from] Grassy Terrain
|upkeep
|turn|2
|
|t:|1685839504
|switch|p2a: Borg|Slowking-Galar, F|100/100
|move|p1a: Volcanion|Overheat|p2a: Borg
|-damage|p2a: Borg|39/100
|-unboost|p1a: Volcanion|spa|2
|
|-heal|p1a: Volcanion|75/100|[from] Grassy Terrain
|-heal|p2a: Borg|46/100|[from] Grassy Terrain
|-heal|p2a: Borg|52/100|[from] item: Black Sludge
|upkeep
|turn|3
|
|t:|1685839524
|switch|p1a: Magearna|Magearna|100/100
|move|p2a: Borg|Chilly Reception|p2a: Borg
|-weather|Snow
|
|t:|1685839532
|switch|p2a: Ghost Rider|Typhlosion-Hisui, M|100/100|[from] Chilly Reception
|
|-weather|Snow|[upkeep]
|upkeep
|turn|4
|
|t:|1685839594
|move|p2a: Ghost Rider|Calm Mind|p2a: Ghost Rider
|-boost|p2a: Ghost Rider|spa|1
|-boost|p2a: Ghost Rider|spd|1
|move|p1a: Magearna|Volt Switch|p2a: Ghost Rider
|-damage|p2a: Ghost Rider|74/100
|
|t:|1685839601
|switch|p1a: Great Tusk|Great Tusk|100/100|[from] Volt Switch
|
|-weather|Snow|[upkeep]
|-heal|p2a: Ghost Rider|80/100|[from] Grassy Terrain
|upkeep
|turn|5
|
|t:|1685839622
|-terastallize|p2a: Ghost Rider|Grass
|move|p1a: Great Tusk|Headlong Rush|p2a: Ghost Rider
|-resisted|p2a: Ghost Rider
|-damage|p2a: Ghost Rider|40/100
|-unboost|p1a: Great Tusk|def|1
|-unboost|p1a: Great Tusk|spd|1
|move|p2a: Ghost Rider|Infernal Parade|p1a: Great Tusk
|-damage|p1a: Great Tusk|17/100
|
|-weather|Snow|[upkeep]
|-heal|p1a: Great Tusk|23/100|[from] Grassy Terrain
|-heal|p2a: Ghost Rider|46/100|[from] Grassy Terrain
|-fieldend|move: Grassy Terrain
|upkeep
|turn|6
|
|t:|1685839638
|-end|p1a: Great Tusk|Protosynthesis|[silent]
|switch|p1a: Magearna|Magearna|100/100
|move|p2a: Ghost Rider|Flamethrower|p1a: Magearna
|-supereffective|p1a: Magearna
|-damage|p1a: Magearna|0 fnt
|faint|p1a: Magearna
|
|-weather|Snow|[upkeep]
|upkeep
|
|t:|1685839646
|switch|p1a: Great Tusk|Great Tusk|23/100
|turn|7
|
|t:|1685839651
|switch|p2a: Amorbis|Orthworm, M|100/100
|move|p1a: Great Tusk|Close Combat|p2a: Amorbis
|-supereffective|p2a: Amorbis
|-damage|p2a: Amorbis|33/100
|-unboost|p1a: Great Tusk|def|1
|-unboost|p1a: Great Tusk|spd|1
|-damage|p1a: Great Tusk|6/100|[from] item: Rocky Helmet|[of] p2a: Amorbis
|
|-weather|none
|upkeep
|turn|8
|
|t:|1685839660
|-end|p1a: Great Tusk|Protosynthesis|[silent]
|switch|p1a: Breloom|Breloom, M|100/100
|move|p2a: Amorbis|Stealth Rock|p1a: Breloom
|-sidestart|p1: nibash|move: Stealth Rock
|
|upkeep
|turn|9
|
|t:|1685839666
|move|p1a: Breloom|Spore|p2a: Amorbis
|-status|p2a: Amorbis|slp|[from] move: Spore
|cant|p2a: Amorbis|slp
|
|upkeep
|turn|10
|
|t:|1685839675
|switch|p2a: Olivia Pierce|Arboliva, F|69/100
|move|p1a: Breloom|Rock Tomb|p2a: Olivia Pierce
|-damage|p2a: Olivia Pierce|31/100
|-unboost|p2a: Olivia Pierce|spe|1
|-fieldstart|move: Grassy Terrain|[from] ability: Seed Sower|[of] p2a: Olivia Pierce
|
|-heal|p2a: Olivia Pierce|37/100|[from] Grassy Terrain
|upkeep
|turn|11
|
|t:|1685839685
|move|p1a: Breloom|Mach Punch|p2a: Olivia Pierce
|-supereffective|p2a: Olivia Pierce
|-damage|p2a: Olivia Pierce|0 fnt
|faint|p2a: Olivia Pierce
|
|upkeep
|
|t:|1685839693
|switch|p2a: Borg|Slowking-Galar, F|85/100
|turn|12
|
|t:|1685839703
|switch|p1a: Great Tusk|Great Tusk|6/100
|-damage|p1a: Great Tusk|3/100|[from] Stealth Rock
|move|p2a: Borg|Sludge Bomb|p1a: Great Tusk
|-resisted|p1a: Great Tusk
|-damage|p1a: Great Tusk|0 fnt
|faint|p1a: Great Tusk
|-end|p1a: Great Tusk|Protosynthesis|[silent]
|
|-heal|p2a: Borg|91/100|[from] Grassy Terrain
|-heal|p2a: Borg|97/100|[from] item: Black Sludge
|upkeep
|
|t:|1685839714
|switch|p1a: Dragapult|Dragapult, F|100/100
|-damage|p1a: Dragapult|88/100|[from] Stealth Rock
|turn|13
|
|t:|1685839726
|move|p1a: Dragapult|Dragon Darts|p2a: Borg
|-damage|p2a: Borg|70/100
|-anim|p1a: Dragapult|Dragon Darts|p2a: Borg
|-damage|p2a: Borg|40/100
|move|p2a: Borg|Chilly Reception|p2a: Borg
|-weather|Snow
|
|t:|1685839746
|switch|p2a: Dolan|Quaquaval, M|100/100|[from] Chilly Reception
|
|-weather|Snow|[upkeep]
|-heal|p1a: Dragapult|94/100|[from] Grassy Terrain
|upkeep
|turn|14
|
|t:|1685839780
|move|p1a: Dragapult|Dragon Darts|p2a: Dolan
|-damage|p2a: Dolan|52/100
|-anim|p1a: Dragapult|Dragon Darts|p2a: Dolan
|-damage|p2a: Dolan|7/100
|move|p2a: Dolan|Aqua Step|p1a: Dragapult
|-resisted|p1a: Dragapult
|-damage|p1a: Dragapult|66/100
|-boost|p2a: Dolan|spe|1
|
|-weather|Snow|[upkeep]
|-heal|p2a: Dolan|14/100|[from] Grassy Terrain
|-heal|p1a: Dragapult|72/100|[from] Grassy Terrain
|-fieldend|move: Grassy Terrain
|upkeep
|turn|15
|
|t:|1685839793
|-terastallize|p1a: Dragapult|Fairy
|move|p2a: Dolan|Ice Spinner|p1a: Dragapult
|-damage|p1a: Dragapult|34/100
|move|p1a: Dragapult|Dragon Darts|p2a: Dolan
|-damage|p2a: Dolan|0 fnt
|faint|p2a: Dolan
|
|-weather|Snow|[upkeep]
|upkeep
|
|t:|1685839802
|switch|p2a: Borg|Slowking-Galar, F|74/100
|turn|16
|
|t:|1685839806
|move|p1a: Dragapult|Dragon Darts|p2a: Borg
|-damage|p2a: Borg|44/100
|-anim|p1a: Dragapult|Dragon Darts|p2a: Borg
|-damage|p2a: Borg|15/100
|move|p2a: Borg|Sludge Bomb|p1a: Dragapult
|-supereffective|p1a: Dragapult
|-damage|p1a: Dragapult|0 fnt
|faint|p1a: Dragapult
|
|-weather|Snow|[upkeep]
|-heal|p2a: Borg|21/100|[from] item: Black Sludge
|upkeep
|
|t:|1685839817
|switch|p1a: Volcanion|Volcanion|75/100
|-damage|p1a: Volcanion|50/100|[from] Stealth Rock
|turn|17
|
|t:|1685839830
|switch|p2a: Ghost Rider|Typhlosion-Hisui, M, tera:Grass|46/100
|move|p1a: Volcanion|Steam Eruption|p2a: Ghost Rider
|-resisted|p2a: Ghost Rider
|-damage|p2a: Ghost Rider|5/100
|-status|p2a: Ghost Rider|brn
|
|-weather|none
|-damage|p2a: Ghost Rider|0 fnt|[from] brn
|faint|p2a: Ghost Rider
|upkeep
|
|t:|1685839841
|switch|p2a: Fat Frog|Bellibolt, M|100/100
|turn|18
|
|t:|1685839845
|move|p1a: Volcanion|Earth Power|p2a: Fat Frog
|-supereffective|p2a: Fat Frog
|-damage|p2a: Fat Frog|62/100
|-start|p2a: Fat Frog|Charge|Earth Power|[from] ability: Electromorphosis
|move|p2a: Fat Frog|Charge Beam|p1a: Volcanion
|-supereffective|p1a: Volcanion
|-damage|p1a: Volcanion|0 fnt
|-boost|p2a: Fat Frog|spa|1
|faint|p1a: Volcanion
|-end|p2a: Fat Frog|Charge|[silent]
|
|upkeep
|
|t:|1685839852
|switch|p1a: Breloom|Breloom, M|100/100
|-damage|p1a: Breloom|94/100|[from] Stealth Rock
|turn|19
|
|t:|1685839863
|move|p1a: Breloom|Bullet Seed|p2a: Fat Frog
|-damage|p2a: Fat Frog|45/100
|-start|p2a: Fat Frog|Charge|Bullet Seed|[from] ability: Electromorphosis
|-damage|p2a: Fat Frog|30/100
|-start|p2a: Fat Frog|Charge|Bullet Seed|[from] ability: Electromorphosis
|-damage|p2a: Fat Frog|13/100
|-start|p2a: Fat Frog|Charge|Bullet Seed|[from] ability: Electromorphosis
|-damage|p2a: Fat Frog|0 fnt
|faint|p2a: Fat Frog
|-hitcount|p2: Fat Frog|4
|
|upkeep
|
|t:|1685839875
|switch|p2a: Borg|Slowking-Galar, F|55/100
|turn|20
|
|t:|1685839880
|move|p1a: Breloom|Bullet Seed|p2a: Borg
|-resisted|p2a: Borg
|-damage|p2a: Borg|46/100
|-resisted|p2a: Borg
|-crit|p2a: Borg
|-damage|p2a: Borg|33/100
|-resisted|p2a: Borg
|-damage|p2a: Borg|25/100
|-resisted|p2a: Borg
|-damage|p2a: Borg|16/100
|-hitcount|p2a: Borg|4
|move|p2a: Borg|Psychic|p1a: Breloom
|-supereffective|p1a: Breloom
|-crit|p1a: Breloom
|-damage|p1a: Breloom|0 fnt
|faint|p1a: Breloom
|
|-heal|p2a: Borg|23/100|[from] item: Black Sludge
|upkeep
|
|t:|1685839890
|switch|p1a: Enamorus|Enamorus-Therian, F|100/100
|turn|21
|
|t:|1685839897
|switch|p2a: Amorbis|Orthworm, M|33/100 slp
|move|p1a: Enamorus|Earth Power|p2a: Amorbis
|-heal|p2a: Amorbis|58/100 slp|[from] ability: Earth Eater|[of] p1a: Enamorus
|
|upkeep
|turn|22
|-message|nibash forfeited.
|
|win|Navi987
|raw|nibash's rating: 1123 → 1102(-21 for losing)
|raw|Navi987's rating: 1173 → 1194(+21 for winning)
|l|☆nibash
