|j|☆conuer
|j|☆IHateDaSunz
|t:|1685848472
|gametype|singles
|player|p1|conuer|crasherwake|1219
|player|p2|IHateDaSunz|1|1233
|teamsize|p1|6
|teamsize|p2|6
|gen|9
|tier|[Gen 9] OU
|rated|
|rule|Sleep Clause Mod: Limit one foe put to sleep
|rule|Species Clause: Limit one of each Pokémon
|rule|OHKO Clause: OHKO moves are banned
|rule|Evasion Items Clause: Evasion items are banned
|rule|Evasion Moves Clause: Evasion moves are banned
|rule|Endless Battle Clause: Forcing endless battles is banned
|rule|HP Percentage Mod: HP is shown in percentages
|clearpoke
|poke|p1|Kingambit, M|
|poke|p1|Zoroark-Hisui, M|
|poke|p1|Magearna|
|poke|p1|Rotom-Wash|
|poke|p1|Clodsire, M|
|poke|p1|Corviknight, M|
|poke|p2|Pelipper, F|
|poke|p2|Urshifu-*, M|
|poke|p2|Floatzel, F|
|poke|p2|Zapdos|
|poke|p2|Landorus-Therian, M|
|poke|p2|Walking Wake|
|teampreview
|inactive|Battle timer is ON: inactive players will automatically lose when time's up. (requested by IHateDaSunz)
|
|t:|1685848495
|start
|switch|p1a: Dyson|Rotom-Wash|100/100
|switch|p2a: Zapdos|Zapdos|100/100
|turn|1
|
|t:|1685848504
|move|p2a: Zapdos|Hurricane|p1a: Dyson
|-resisted|p1a: Dyson
|-damage|p1a: Dyson|56/100
|move|p1a: Dyson|Will-O-Wisp|p2a: Zapdos
|-status|p2a: Zapdos|brn
|
|-heal|p1a: Dyson|62/100|[from] item: Leftovers
|-damage|p2a: Zapdos|94/100 brn|[from] brn
|upkeep
|turn|2
|
|t:|1685848519
|move|p1a: Dyson|Protect|p1a: Dyson
|-singleturn|p1a: Dyson|Protect
|move|p2a: Zapdos|Hurricane|p1a: Dyson
|-activate|p1a: Dyson|move: Protect
|
|-heal|p1a: Dyson|69/100|[from] item: Leftovers
|-damage|p2a: Zapdos|88/100 brn|[from] brn
|upkeep
|turn|3
|
|t:|1685848538
|move|p2a: Zapdos|Hurricane|p1a: Dyson
|-resisted|p1a: Dyson
|-damage|p1a: Dyson|28/100
|move|p1a: Dyson|Volt Switch|p2a: Zapdos
|-damage|p2a: Zapdos|58/100 brn
|inactive|conuer has 120 seconds left.
|
|t:|1685848579
|switch|p1a: Pokeball|Magearna|100/100|[from] Volt Switch
|
|-damage|p2a: Zapdos|52/100 brn|[from] brn
|upkeep
|turn|4
|
|t:|1685848587
|switch|p2a: Pelipper|Pelipper, F|100/100
|-weather|RainDance|[from] ability: Drizzle|[of] p2a: Pelipper
|move|p1a: Pokeball|Trick|p2a: Pelipper
|-activate|p1a: Pokeball|move: Trick|[of] p2a: Pelipper
|-item|p2a: Pelipper|Choice Specs|[from] move: Trick
|-item|p1a: Pokeball|Heavy-Duty Boots|[from] move: Trick
|
|-weather|RainDance|[upkeep]
|upkeep
|turn|5
|
|t:|1685848596
|switch|p2a: Landorus|Landorus-Therian, M|100/100
|-ability|p2a: Landorus|Intimidate|boost
|-unboost|p1a: Pokeball|atk|1
|move|p1a: Pokeball|Volt Switch|p2a: Landorus
|-immune|p2a: Landorus
|
|-weather|RainDance|[upkeep]
|upkeep
|turn|6
|
|t:|1685848626
|switch|p1a: Boird|Corviknight, M|100/100
|-ability|p1a: Boird|Pressure
|move|p2a: Landorus|U-turn|p1a: Boird
|-resisted|p1a: Boird
|-damage|p1a: Boird|97/100
|
|t:|1685848633
|switch|p2a: Zapdos|Zapdos|52/100 brn|[from] U-turn
|
|-weather|RainDance|[upkeep]
|-heal|p1a: Boird|100/100|[from] item: Leftovers
|-damage|p2a: Zapdos|45/100 brn|[from] brn
|upkeep
|turn|7
|
|t:|1685848640
|switch|p1a: BigPooper|Clodsire, M|100/100
|move|p2a: Zapdos|Volt Switch|p1a: BigPooper
|-immune|p1a: BigPooper
|
|-weather|RainDance|[upkeep]
|-damage|p2a: Zapdos|39/100 brn|[from] brn
|upkeep
|turn|8
|
|t:|1685848664
|switch|p2a: Urshifu|Urshifu-Rapid-Strike, M|100/100
|move|p1a: BigPooper|Toxic|p2a: Urshifu
|-status|p2a: Urshifu|tox
|
|-weather|none
|-damage|p2a: Urshifu|94/100 tox|[from] psn
|upkeep
|turn|9
|
|t:|1685848674
|move|p2a: Urshifu|U-turn|p1a: BigPooper
|-resisted|p1a: BigPooper
|-damage|p1a: BigPooper|86/100
|
|t:|1685848677
|switch|p2a: Landorus|Landorus-Therian, M|100/100|[from] U-turn
|-ability|p2a: Landorus|Intimidate|boost
|-unboost|p1a: BigPooper|atk|1
|move|p1a: BigPooper|Stealth Rock|p2a: Landorus
|-sidestart|p2: IHateDaSunz|move: Stealth Rock
|
|-heal|p1a: BigPooper|92/100|[from] item: Leftovers
|upkeep
|turn|10
|
|t:|1685848689
|switch|p1a: Dyson|Rotom-Wash|28/100
|move|p2a: Landorus|U-turn|p1a: Dyson
|-damage|p1a: Dyson|11/100
|
|t:|1685848713
|switch|p2a: Floatzel|Floatzel, F|100/100|[from] U-turn
|-damage|p2a: Floatzel|88/100|[from] Stealth Rock
|
|-heal|p1a: Dyson|17/100|[from] item: Leftovers
|upkeep
|turn|11
|
|t:|1685848725
|switch|p1a: Pokeball|Magearna|100/100
|move|p2a: Floatzel|Wave Crash|p1a: Pokeball
|-damage|p1a: Pokeball|39/100
|-damage|p2a: Floatzel|64/100|[from] Recoil
|
|upkeep
|turn|12
|
|t:|1685848732
|switch|p1a: BigPooper|Clodsire, M|92/100
|move|p2a: Floatzel|Wave Crash|p1a: BigPooper
|-heal|p1a: BigPooper|100/100|[from] ability: Water Absorb|[of] p2a: Floatzel
|
|upkeep
|turn|13
|
|t:|1685848740
|move|p2a: Floatzel|Ice Spinner|p1a: BigPooper
|-supereffective|p1a: BigPooper
|-damage|p1a: BigPooper|45/100
|move|p1a: BigPooper|Toxic|p2a: Floatzel
|-status|p2a: Floatzel|tox
|
|-heal|p1a: BigPooper|52/100|[from] item: Leftovers
|-damage|p2a: Floatzel|58/100 tox|[from] psn
|upkeep
|turn|14
|inactive|conuer has 120 seconds left.
|inactive|conuer has 90 seconds left.
|
|t:|1685848780
|switch|p1a: Pokeball|Magearna|39/100
|move|p2a: Floatzel|Ice Spinner|p1a: Pokeball
|-resisted|p1a: Pokeball
|-damage|p1a: Pokeball|29/100
|
|-damage|p2a: Floatzel|46/100 tox|[from] psn
|upkeep
|turn|15
|
|t:|1685848789
|switch|p1a: BigPooper|Clodsire, M|52/100
|move|p2a: Floatzel|Wave Crash|p1a: BigPooper
|-heal|p1a: BigPooper|77/100|[from] ability: Water Absorb|[of] p2a: Floatzel
|
|-heal|p1a: BigPooper|83/100|[from] item: Leftovers
|-damage|p2a: Floatzel|28/100 tox|[from] psn
|upkeep
|turn|16
|inactive|conuer has 90 seconds left.
|
|t:|1685848805
|move|p2a: Floatzel|Wave Crash|p1a: BigPooper
|-heal|p1a: BigPooper|100/100|[from] ability: Water Absorb|[of] p2a: Floatzel
|move|p1a: BigPooper|Recover||[still]
|-fail|p1a: BigPooper|heal
|
|-damage|p2a: Floatzel|3/100 tox|[from] psn
|upkeep
|turn|17
|
|t:|1685848815
|move|p2a: Floatzel|Ice Spinner|p1a: BigPooper
|-supereffective|p1a: BigPooper
|-damage|p1a: BigPooper|38/100
|move|p1a: BigPooper|Recover|p1a: BigPooper
|-heal|p1a: BigPooper|88/100
|
|-heal|p1a: BigPooper|94/100|[from] item: Leftovers
|-damage|p2a: Floatzel|0 fnt|[from] psn
|faint|p2a: Floatzel
|upkeep
|
|t:|1685848820
|switch|p2a: Landorus|Landorus-Therian, M|100/100
|-damage|p2a: Landorus|88/100|[from] Stealth Rock
|-ability|p2a: Landorus|Intimidate|boost
|-unboost|p1a: BigPooper|atk|1
|turn|18
|
|t:|1685848833
|move|p2a: Landorus|Earthquake|p1a: BigPooper
|-supereffective|p1a: BigPooper
|-damage|p1a: BigPooper|0 fnt
|faint|p1a: BigPooper
|
|upkeep
|
|t:|1685848842
|switch|p1a: Dyson|Rotom-Wash|17/100
|turn|19
|
|t:|1685848849
|switch|p2a: Walking Wake|Walking Wake|100/100
|-damage|p2a: Walking Wake|88/100|[from] Stealth Rock
|move|p1a: Dyson|Protect||[still]
|-fail|p1a: Dyson
|
|-heal|p1a: Dyson|23/100|[from] item: Leftovers
|upkeep
|turn|20
|
|t:|1685848867
|switch|p1a: Pokeball|Magearna|29/100
|move|p2a: Walking Wake|Hydro Pump|p1a: Pokeball
|-damage|p1a: Pokeball|0 fnt
|faint|p1a: Pokeball
|
|upkeep
|inactive|conuer has 90 seconds left.
|
|t:|1685848889
|switch|p1a: Napoleon|Kingambit, M|100/100
|-activate|p1a: Napoleon|ability: Supreme Overlord
|-start|p1a: Napoleon|fallen2|[silent]
|turn|21
|inactive|conuer has 90 seconds left.
|
|t:|1685848908
|-end|p2a: Walking Wake|Protosynthesis|[silent]
|switch|p2a: Landorus|Landorus-Therian, M|88/100
|-damage|p2a: Landorus|76/100|[from] Stealth Rock
|-ability|p2a: Landorus|Intimidate|boost
|-unboost|p1a: Napoleon|atk|1
|-end|p1a: Napoleon|fallen2|[silent]
|switch|p1a: Dyson|Rotom-Wash|23/100
|
|-heal|p1a: Dyson|29/100|[from] item: Leftovers
|upkeep
|turn|22
|inactive|conuer has 90 seconds left.
|
|t:|1685848919
|switch|p2a: Walking Wake|Walking Wake|88/100
|-damage|p2a: Walking Wake|76/100|[from] Stealth Rock
|move|p1a: Dyson|Will-O-Wisp|p2a: Walking Wake
|-status|p2a: Walking Wake|brn
|
|-heal|p1a: Dyson|36/100|[from] item: Leftovers
|-damage|p2a: Walking Wake|70/100 brn|[from] brn
|upkeep
|turn|23
|
|t:|1685848929
|move|p1a: Dyson|Protect|p1a: Dyson
|-singleturn|p1a: Dyson|Protect
|move|p2a: Walking Wake|Draco Meteor|p1a: Dyson
|-activate|p1a: Dyson|move: Protect
|
|-heal|p1a: Dyson|42/100|[from] item: Leftovers
|-damage|p2a: Walking Wake|63/100 brn|[from] brn
|upkeep
|turn|24
|inactive|conuer has 90 seconds left.
|
|t:|1685848952
|switch|p1a: Boird|Corviknight, M|100/100
|-ability|p1a: Boird|Pressure
|move|p2a: Walking Wake|Draco Meteor|p1a: Boird
|-resisted|p1a: Boird
|-damage|p1a: Boird|71/100
|-unboost|p2a: Walking Wake|spa|2
|
|-heal|p1a: Boird|77/100|[from] item: Leftovers
|-damage|p2a: Walking Wake|57/100 brn|[from] brn
|upkeep
|turn|25
|inactive|conuer has 90 seconds left.
|
|t:|1685848963
|-end|p2a: Walking Wake|Protosynthesis|[silent]
|switch|p2a: Pelipper|Pelipper, F|100/100
|-damage|p2a: Pelipper|76/100|[from] Stealth Rock
|-weather|RainDance|[from] ability: Drizzle|[of] p2a: Pelipper
|move|p1a: Boird|Roost|p1a: Boird
|-heal|p1a: Boird|100/100
|-singleturn|p1a: Boird|move: Roost
|
|-weather|RainDance|[upkeep]
|upkeep
|turn|26
|inactive|conuer has 90 seconds left.
|
|t:|1685848973
|switch|p1a: Dyson|Rotom-Wash|42/100
|move|p2a: Pelipper|Hydro Pump|p1a: Dyson
|-resisted|p1a: Dyson
|-damage|p1a: Dyson|0 fnt
|faint|p1a: Dyson
|
|-weather|RainDance|[upkeep]
|upkeep
|
|t:|1685848999
|switch|p1a: Napoleon|Kingambit, M|100/100
|turn|27
|
|t:|1685849003
|move|p1a: Napoleon|Nasty Plot|p1a: Napoleon
|-boost|p1a: Napoleon|spa|2
|move|p2a: Pelipper|Hydro Pump|p1a: Napoleon|[miss]
|-miss|p2a: Pelipper|p1a: Napoleon
|
|-weather|RainDance|[upkeep]
|upkeep
|turn|28
|
|t:|1685849014
|move|p1a: Napoleon|Shadow Ball|p2a: Pelipper
|-damage|p2a: Pelipper|0 fnt
|faint|p2a: Pelipper
|
|-weather|RainDance|[upkeep]
|upkeep
|
|t:|1685849018
|switch|p2a: Urshifu|Urshifu-Rapid-Strike, M|94/100 tox
|-damage|p2a: Urshifu|88/100 tox|[from] Stealth Rock
|turn|29
|
|t:|1685849033
|move|p2a: Urshifu|Surging Strikes|p1a: Napoleon
|-crit|p1a: Napoleon
|-damage|p1a: Napoleon|32/100
|replace|p1a: NotZoroark|Zoroark-Hisui, M, shiny
|-end|p1a: NotZoroark|Illusion
|-crit|p1a: NotZoroark
|-damage|p1a: NotZoroark|0 fnt
|faint|p1a: NotZoroark
|-hitcount|p1: NotZoroark|2
|
|-weather|none
|-damage|p2a: Urshifu|82/100 tox|[from] psn
|upkeep
|
|t:|1685849045
|switch|p1a: Boird|Corviknight, M|100/100
|-ability|p1a: Boird|Pressure
|turn|30
|
|t:|1685849052
|switch|p2a: Zapdos|Zapdos|39/100 brn
|-damage|p2a: Zapdos|14/100 brn|[from] Stealth Rock
|move|p1a: Boird|Body Press|p2a: Zapdos
|-resisted|p2a: Zapdos
|-crit|p2a: Zapdos
|-damage|p2a: Zapdos|0 fnt
|-status|p1a: Boird|par|[from] ability: Static|[of] p2a: Zapdos
|faint|p2a: Zapdos
|
|upkeep
|
|t:|1685849058
|switch|p2a: Walking Wake|Walking Wake|57/100 brn
|-damage|p2a: Walking Wake|45/100 brn|[from] Stealth Rock
|turn|31
|
|t:|1685849062
|move|p2a: Walking Wake|Flamethrower|p1a: Boird
|-supereffective|p1a: Boird
|-damage|p1a: Boird|41/100 par
|move|p1a: Boird|Body Press|p2a: Walking Wake
|-damage|p2a: Walking Wake|18/100 brn
|
|-heal|p1a: Boird|47/100 par|[from] item: Leftovers
|-damage|p2a: Walking Wake|12/100 brn|[from] brn
|upkeep
|turn|32
|
|t:|1685849069
|move|p2a: Walking Wake|Flamethrower|p1a: Boird
|-supereffective|p1a: Boird
|-damage|p1a: Boird|0 fnt
|faint|p1a: Boird
|
|-damage|p2a: Walking Wake|6/100 brn|[from] brn
|upkeep
|
|t:|1685849073
|switch|p1a: Napoleon|Kingambit, M|100/100
|-activate|p1a: Napoleon|ability: Supreme Overlord
|-start|p1a: Napoleon|fallen5|[silent]
|turn|33
|
|t:|1685849080
|move|p1a: Napoleon|Sucker Punch|p2a: Walking Wake
|-damage|p2a: Walking Wake|0 fnt
|faint|p2a: Walking Wake
|-end|p2a: Walking Wake|Protosynthesis|[silent]
|
|upkeep
|
|t:|1685849084
|switch|p2a: Landorus|Landorus-Therian, M|76/100
|-damage|p2a: Landorus|64/100|[from] Stealth Rock
|-ability|p2a: Landorus|Intimidate|boost
|-unboost|p1a: Napoleon|atk|1
|turn|34
|inactive|conuer has 90 seconds left.
|
|t:|1685849121
|-terastallize|p1a: Napoleon|Flying
|move|p2a: Landorus|Taunt|p1a: Napoleon
|-start|p1a: Napoleon|move: Taunt
|move|p1a: Napoleon|Kowtow Cleave|p2a: Landorus
|-crit|p2a: Landorus
|-damage|p2a: Landorus|0 fnt
|-damage|p1a: Napoleon|84/100|[from] item: Rocky Helmet|[of] p2a: Landorus
|faint|p2a: Landorus
|
|upkeep
|
|t:|1685849128
|switch|p2a: Urshifu|Urshifu-Rapid-Strike, M|82/100 tox
|-damage|p2a: Urshifu|76/100 tox|[from] Stealth Rock
|turn|35
|inactive|conuer has 90 seconds left.
|
|t:|1685849151
|-terastallize|p2a: Urshifu|Water
|move|p1a: Napoleon|Sucker Punch|p2a: Urshifu
|-damage|p2a: Urshifu|32/100 tox
|move|p2a: Urshifu|Surging Strikes|p1a: Napoleon
|-crit|p1a: Napoleon
|-damage|p1a: Napoleon|61/100
|-crit|p1a: Napoleon
|-damage|p1a: Napoleon|40/100
|-crit|p1a: Napoleon
|-damage|p1a: Napoleon|17/100
|-hitcount|p1a: Napoleon|3
|
|-damage|p2a: Urshifu|26/100 tox|[from] psn
|upkeep
|turn|36
|-message|IHateDaSunz forfeited.
|
|win|conuer
|raw|conuer's rating: 1219 → 1245(+26 for winning)
|raw|IHateDaSunz's rating: 1233 → 1207(-26 for losing)
|l|☆IHateDaSunz
