|j|☆Lahwi
|j|☆InkSams
|t:|1685829514
|gametype|singles
|player|p1|Lahwi|zinnia|1323
|player|p2|InkSams|101|1423
|teamsize|p1|6
|teamsize|p2|6
|gen|9
|tier|[Gen 9] OU
|rated|
|rule|Sleep Clause Mod: Limit one foe put to sleep
|rule|Species Clause: Limit one of each Pokémon
|rule|OHKO Clause: OHKO moves are banned
|rule|Evasion Items Clause: Evasion items are banned
|rule|Evasion Moves Clause: Evasion moves are banned
|rule|Endless Battle Clause: Forcing endless battles is banned
|rule|HP Percentage Mod: HP is shown in percentages
|clearpoke
|poke|p1|Typhlosion-Hisui, F|
|poke|p1|Dragapult, M|
|poke|p1|Magearna|
|poke|p1|Urshifu-*, M|
|poke|p1|Zapdos|
|poke|p1|Great Tusk|
|poke|p2|Kleavor, M|
|poke|p2|Gholdengo|
|poke|p2|Ting-Lu|
|poke|p2|Samurott-Hisui, F|
|poke|p2|Dragapult, F|
|poke|p2|Volcarona, F|
|teampreview
|
|t:|1685829549
|start
|switch|p1a: Magearna|Magearna|100/100
|switch|p2a: Volcarona|Volcarona, F|100/100
|turn|1
|
|t:|1685829569
|switch|p1a: Zapdos|Zapdos|100/100
|move|p2a: Volcarona|Quiver Dance|p2a: Volcarona
|-boost|p2a: Volcarona|spa|1
|-boost|p2a: Volcarona|spd|1
|-boost|p2a: Volcarona|spe|1
|
|upkeep
|turn|2
|
|t:|1685829575
|move|p2a: Volcarona|Flamethrower|p1a: Zapdos
|-damage|p1a: Zapdos|17/100
|move|p1a: Zapdos|Volt Switch|p2a: Volcarona
|-damage|p2a: Volcarona|80/100
|
|t:|1685829578
|switch|p1a: Urshifu|Urshifu-Rapid-Strike, M|100/100|[from] Volt Switch
|
|upkeep
|turn|3
|
|t:|1685829583
|-terastallize|p2a: Volcarona|Grass
|move|p1a: Urshifu|Surging Strikes|p2a: Volcarona
|-resisted|p2a: Volcarona
|-crit|p2a: Volcarona
|-damage|p2a: Volcarona|66/100
|-resisted|p2a: Volcarona
|-crit|p2a: Volcarona
|-damage|p2a: Volcarona|50/100
|-resisted|p2a: Volcarona
|-crit|p2a: Volcarona
|-damage|p2a: Volcarona|33/100
|-hitcount|p2a: Volcarona|3
|move|p2a: Volcarona|Giga Drain|p1a: Urshifu
|-supereffective|p1a: Urshifu
|-damage|p1a: Urshifu|0 fnt
|-heal|p2a: Volcarona|88/100|[from] drain|[of] p1a: Urshifu
|faint|p1a: Urshifu
|
|upkeep
|
|t:|1685829593
|switch|p1a: Typhlosion|Typhlosion-Hisui, F|100/100
|turn|4
|
|t:|1685829603
|move|p2a: Volcarona|Flamethrower|p1a: Typhlosion
|-resisted|p1a: Typhlosion
|-damage|p1a: Typhlosion|44/100
|move|p1a: Typhlosion|Flamethrower|p2a: Volcarona
|-supereffective|p2a: Volcarona
|-damage|p2a: Volcarona|0 fnt
|faint|p2a: Volcarona
|
|upkeep
|inactive|Battle timer is ON: inactive players will automatically lose when time's up. (requested by Lahwi)
|
|t:|1685829617
|switch|p2a: Samurott|Samurott-Hisui, F|100/100
|turn|5
|
|t:|1685829628
|switch|p1a: Zapdos|Zapdos|17/100
|move|p2a: Samurott|Aqua Jet|p1a: Zapdos
|-damage|p1a: Zapdos|4/100
|
|upkeep
|turn|6
|
|t:|1685829636
|move|p2a: Samurott|Aqua Jet|p1a: Zapdos
|-damage|p1a: Zapdos|0 fnt
|faint|p1a: Zapdos
|
|upkeep
|
|t:|1685829641
|switch|p1a: Magearna|Magearna|100/100
|turn|7
|
|t:|1685829656
|switch|p2a: Ting-Lu|Ting-Lu|100/100
|-ability|p2a: Ting-Lu|Vessel of Ruin
|move|p1a: Magearna|Spikes|p2a: Ting-Lu
|-sidestart|p2: InkSams|Spikes
|
|upkeep
|turn|8
|
|t:|1685829664
|move|p1a: Magearna|Spikes|p2a: Ting-Lu
|-sidestart|p2: InkSams|Spikes
|move|p2a: Ting-Lu|Stealth Rock|p1a: Magearna
|-sidestart|p1: Lahwi|move: Stealth Rock
|
|upkeep
|turn|9
|
|t:|1685829669
|move|p1a: Magearna|Spikes|p2a: Ting-Lu
|-sidestart|p2: InkSams|Spikes
|move|p2a: Ting-Lu|Earthquake|p1a: Magearna
|-supereffective|p1a: Magearna
|-damage|p1a: Magearna|53/100
|
|upkeep
|turn|10
|
|t:|1685829674
|move|p1a: Magearna|Fleur Cannon|p2a: Ting-Lu
|-supereffective|p2a: Ting-Lu
|-damage|p2a: Ting-Lu|33/100
|-unboost|p1a: Magearna|spa|2
|move|p2a: Ting-Lu|Earthquake|p1a: Magearna
|-supereffective|p1a: Magearna
|-damage|p1a: Magearna|3/100
|
|-heal|p2a: Ting-Lu|39/100|[from] item: Leftovers
|upkeep
|turn|11
|
|t:|1685829689
|move|p1a: Magearna|Fleur Cannon|p2a: Ting-Lu
|-supereffective|p2a: Ting-Lu
|-damage|p2a: Ting-Lu|5/100
|-unboost|p1a: Magearna|spa|2
|move|p2a: Ting-Lu|Whirlwind|p1a: Magearna
|drag|p1a: Typhlosion|Typhlosion-Hisui, F|44/100
|-damage|p1a: Typhlosion|19/100|[from] Stealth Rock
|
|-heal|p2a: Ting-Lu|11/100|[from] item: Leftovers
|upkeep
|turn|12
|
|t:|1685829699
|move|p1a: Typhlosion|Flamethrower|p2a: Ting-Lu
|-damage|p2a: Ting-Lu|0 fnt
|faint|p2a: Ting-Lu
|
|upkeep
|
|t:|1685829701
|switch|p2a: Dragapult|Dragapult, F|100/100
|-damage|p2a: Dragapult|76/100|[from] Spikes
|turn|13
|
|t:|1685829708
|move|p2a: Dragapult|Dragon Darts|p1a: Typhlosion
|-damage|p1a: Typhlosion|0 fnt
|faint|p1a: Typhlosion
|
|upkeep
|
|t:|1685829713
|switch|p1a: Great Tusk|Great Tusk|100/100
|-damage|p1a: Great Tusk|98/100|[from] Stealth Rock
|-enditem|p1a: Great Tusk|Booster Energy
|-activate|p1a: Great Tusk|ability: Protosynthesis|[fromitem]
|-start|p1a: Great Tusk|protosynthesisspe
|turn|14
|
|t:|1685829722
|switch|p2a: Gholdengo|Gholdengo|100/100
|-damage|p2a: Gholdengo|76/100|[from] Spikes
|move|p1a: Great Tusk|Knock Off|p2a: Gholdengo
|-supereffective|p2a: Gholdengo
|-damage|p2a: Gholdengo|36/100
|-enditem|p2a: Gholdengo|Leftovers|[from] move: Knock Off|[of] p1a: Great Tusk
|
|upkeep
|turn|15
|
|t:|1685829733
|move|p1a: Great Tusk|Headlong Rush|p2a: Gholdengo
|-supereffective|p2a: Gholdengo
|-damage|p2a: Gholdengo|0 fnt
|-unboost|p1a: Great Tusk|def|1
|-unboost|p1a: Great Tusk|spd|1
|faint|p2a: Gholdengo
|
|upkeep
|
|t:|1685829739
|switch|p2a: Samurott|Samurott-Hisui, F|100/100
|-damage|p2a: Samurott|76/100|[from] Spikes
|turn|16
|
|t:|1685829755
|move|p1a: Great Tusk|Stealth Rock|p2a: Samurott
|-sidestart|p2: InkSams|move: Stealth Rock
|move|p2a: Samurott|Aqua Cutter|p1a: Great Tusk
|-supereffective|p1a: Great Tusk
|-damage|p1a: Great Tusk|8/100
|
|upkeep
|turn|17
|
|t:|1685829763
|move|p2a: Samurott|Aqua Jet|p1a: Great Tusk
|-supereffective|p1a: Great Tusk
|-damage|p1a: Great Tusk|0 fnt
|faint|p1a: Great Tusk
|-end|p1a: Great Tusk|Protosynthesis|[silent]
|
|upkeep
|
|t:|1685829770
|switch|p1a: Dragapult|Dragapult, M|100/100
|-damage|p1a: Dragapult|88/100|[from] Stealth Rock
|turn|18
|
|t:|1685829776
|move|p2a: Samurott|Aqua Jet|p1a: Dragapult
|-resisted|p1a: Dragapult
|-damage|p1a: Dragapult|75/100
|move|p1a: Dragapult|Will-O-Wisp|p2a: Samurott
|-status|p2a: Samurott|brn
|
|-heal|p1a: Dragapult|81/100|[from] item: Leftovers
|-damage|p2a: Samurott|69/100 brn|[from] brn
|upkeep
|turn|19
|
|t:|1685829782
|move|p1a: Dragapult|Substitute|p1a: Dragapult
|-start|p1a: Dragapult|Substitute
|-damage|p1a: Dragapult|56/100
|move|p2a: Samurott|Ceaseless Edge|p1a: Dragapult
|-supereffective|p1a: Dragapult
|-end|p1a: Dragapult|Substitute
|-sidestart|p1: Lahwi|Spikes
|
|-heal|p1a: Dragapult|62/100|[from] item: Leftovers
|-damage|p2a: Samurott|63/100 brn|[from] brn
|upkeep
|turn|20
|
|t:|1685829795
|move|p1a: Dragapult|Substitute|p1a: Dragapult
|-start|p1a: Dragapult|Substitute
|-damage|p1a: Dragapult|37/100
|move|p2a: Samurott|Ceaseless Edge|p1a: Dragapult
|-supereffective|p1a: Dragapult
|-end|p1a: Dragapult|Substitute
|-sidestart|p1: Lahwi|Spikes
|
|-heal|p1a: Dragapult|43/100|[from] item: Leftovers
|-damage|p2a: Samurott|57/100 brn|[from] brn
|upkeep
|turn|21
|
|t:|1685829803
|move|p1a: Dragapult|Substitute|p1a: Dragapult
|-start|p1a: Dragapult|Substitute
|-damage|p1a: Dragapult|18/100
|move|p2a: Samurott|Ceaseless Edge|p1a: Dragapult
|-supereffective|p1a: Dragapult
|-end|p1a: Dragapult|Substitute
|-sidestart|p1: Lahwi|Spikes
|
|-heal|p1a: Dragapult|24/100|[from] item: Leftovers
|-damage|p2a: Samurott|51/100 brn|[from] brn
|upkeep
|turn|22
|
|t:|1685829808
|move|p1a: Dragapult|Dragon Darts|p2a: Samurott
|-damage|p2a: Samurott|24/100 brn
|-anim|p1a: Dragapult|Dragon Darts|p2a: Samurott
|-damage|p2a: Samurott|0 fnt
|faint|p2a: Samurott
|
|-heal|p1a: Dragapult|30/100|[from] item: Leftovers
|upkeep
|
|t:|1685829813
|switch|p2a: Kleavor|Kleavor, M|100/100
|-damage|p2a: Kleavor|76/100|[from] Spikes
|-damage|p2a: Kleavor|51/100|[from] Stealth Rock
|turn|23
|
|t:|1685829822
|move|p1a: Dragapult|Dragon Darts|p2a: Kleavor
|-damage|p2a: Kleavor|21/100
|-anim|p1a: Dragapult|Dragon Darts|p2a: Kleavor
|-damage|p2a: Kleavor|0 fnt
|faint|p2a: Kleavor
|
|-heal|p1a: Dragapult|36/100|[from] item: Leftovers
|upkeep
|
|t:|1685829825
|switch|p2a: Dragapult|Dragapult, F|76/100
|-damage|p2a: Dragapult|51/100|[from] Spikes
|-damage|p2a: Dragapult|38/100|[from] Stealth Rock
|turn|24
|
|t:|1685829833
|move|p2a: Dragapult|Dragon Darts|p1a: Dragapult
|-supereffective|p1a: Dragapult
|-damage|p1a: Dragapult|0 fnt
|faint|p1a: Dragapult
|
|upkeep
|
|t:|1685829836
|switch|p1a: Magearna|Magearna|3/100
|turn|25
|
|t:|1685829840
|move|p2a: Dragapult|Dragon Darts|p1a: Magearna
|-immune|p1a: Magearna
|move|p1a: Magearna|Fleur Cannon|p2a: Dragapult
|-supereffective|p2a: Dragapult
|-damage|p2a: Dragapult|0 fnt
|-unboost|p1a: Magearna|spa|2
|faint|p2a: Dragapult
|
|win|Lahwi
|raw|Lahwi's rating: 1323 → 1349(+26 for winning)
|raw|InkSams's rating: 1423 → 1397(-26 for losing)
|l|☆InkSams
