|j|☆Granny Pie
|j|☆Hamlegs
|t:|1685835650
|gametype|singles
|player|p1|Granny Pie|medium|1633
|player|p2|Hamlegs|265|1583
|teamsize|p1|6
|teamsize|p2|6
|gen|9
|tier|[Gen 9] OU
|rated|
|rule|Sleep Clause Mod: Limit one foe put to sleep
|rule|Species Clause: Limit one of each Pokémon
|rule|OHKO Clause: OHKO moves are banned
|rule|Evasion Items Clause: Evasion items are banned
|rule|Evasion Moves Clause: Evasion moves are banned
|rule|Endless Battle Clause: Forcing endless battles is banned
|rule|HP Percentage Mod: HP is shown in percentages
|clearpoke
|poke|p1|Magearna|
|poke|p1|Drifblim, F|
|poke|p1|Clodsire, M|
|poke|p1|Skeledirge, M|
|poke|p1|Toxapex, F|
|poke|p1|Blissey, F|
|poke|p2|Amoonguss, F|
|poke|p2|Great Tusk|
|poke|p2|Magnezone|
|poke|p2|Ditto|
|poke|p2|Dragapult, F|
|poke|p2|Roaring Moon|
|teampreview
|inactive|Battle timer is ON: inactive players will automatically lose when time's up. (requested by Granny Pie)
|
|t:|1685835664
|start
|switch|p1a: Toxapex|Toxapex, F|100/100
|switch|p2a: Magnezone|Magnezone|100/100
|turn|1
|
|t:|1685835669
|switch|p1a: Clodsire|Clodsire, M|100/100
|move|p2a: Magnezone|Flash Cannon|p1a: Clodsire
|-damage|p1a: Clodsire|78/100
|
|upkeep
|turn|2
|
|t:|1685835675
|switch|p2a: Amoonguss|Amoonguss, F|100/100
|move|p1a: Clodsire|Earthquake|p2a: Amoonguss
|-damage|p2a: Amoonguss|79/100
|
|upkeep
|turn|3
|
|t:|1685835685
|move|p2a: Amoonguss|Giga Drain|p1a: Clodsire
|-damage|p1a: Clodsire|65/100
|-heal|p2a: Amoonguss|85/100|[from] drain|[of] p1a: Clodsire
|move|p1a: Clodsire|Spikes|p2a: Amoonguss
|-sidestart|p2: Hamlegs|Spikes
|
|upkeep
|turn|4
|
|t:|1685835692
|switch|p2a: Great Tusk|Great Tusk|100/100
|-damage|p2a: Great Tusk|88/100|[from] Spikes
|move|p1a: Clodsire|Recover|p1a: Clodsire
|-heal|p1a: Clodsire|100/100
|
|upkeep
|turn|5
|
|t:|1685835697
|switch|p1a: Drifblim|Drifblim, F|100/100
|move|p2a: Great Tusk|Earthquake|p1a: Drifblim
|-immune|p1a: Drifblim
|
|upkeep
|turn|6
|
|t:|1685835705
|-end|p2a: Great Tusk|Protosynthesis|[silent]
|switch|p2a: Magnezone|Magnezone|100/100
|-damage|p2a: Magnezone|88/100|[from] Spikes
|move|p1a: Drifblim|Will-O-Wisp|p2a: Magnezone|[miss]
|-miss|p1a: Drifblim|p2a: Magnezone
|
|upkeep
|turn|7
|
|t:|1685835711
|switch|p1a: Clodsire|Clodsire, M|100/100
|move|p2a: Magnezone|Flash Cannon|p1a: Clodsire
|-damage|p1a: Clodsire|77/100
|
|upkeep
|turn|8
|
|t:|1685835716
|switch|p2a: Great Tusk|Great Tusk|88/100
|-damage|p2a: Great Tusk|76/100|[from] Spikes
|move|p1a: Clodsire|Spikes|p2a: Great Tusk
|-sidestart|p2: Hamlegs|Spikes
|
|upkeep
|turn|9
|
|t:|1685835723
|switch|p1a: Drifblim|Drifblim, F|100/100
|move|p2a: Great Tusk|Stealth Rock|p1a: Drifblim
|-sidestart|p1: Granny Pie|move: Stealth Rock
|
|upkeep
|turn|10
|
|t:|1685835731
|move|p2a: Great Tusk|Rapid Spin|p1a: Drifblim
|-immune|p1a: Drifblim
|move|p1a: Drifblim|Will-O-Wisp|p2a: Great Tusk
|-status|p2a: Great Tusk|brn
|
|-damage|p2a: Great Tusk|69/100 brn|[from] brn
|upkeep
|turn|11
|
|t:|1685835746
|-end|p2a: Great Tusk|Protosynthesis|[silent]
|switch|p2a: Magnezone|Magnezone|88/100
|-damage|p2a: Magnezone|72/100|[from] Spikes
|move|p1a: Drifblim|Hex|p2a: Magnezone
|-damage|p2a: Magnezone|57/100
|
|upkeep
|turn|12
|
|t:|1685835757
|switch|p1a: Clodsire|Clodsire, M|77/100
|switch|p2a: Dragapult|Dragapult, F|100/100
|-damage|p2a: Dragapult|84/100|[from] Spikes
|
|upkeep
|turn|13
|
|t:|1685835764
|move|p2a: Dragapult|U-turn|p1a: Clodsire
|-resisted|p1a: Clodsire
|-damage|p1a: Clodsire|58/100
|
|t:|1685835767
|switch|p2a: Great Tusk|Great Tusk|69/100 brn|[from] U-turn
|-damage|p2a: Great Tusk|53/100 brn|[from] Spikes
|move|p1a: Clodsire|Toxic||[still]
|-fail|p1a: Clodsire
|
|-damage|p2a: Great Tusk|47/100 brn|[from] brn
|upkeep
|turn|14
|
|t:|1685835772
|switch|p1a: Drifblim|Drifblim, F|100/100
|move|p2a: Great Tusk|Rapid Spin|p1a: Drifblim
|-immune|p1a: Drifblim
|
|-damage|p2a: Great Tusk|40/100 brn|[from] brn
|upkeep
|turn|15
|
|t:|1685835778
|move|p2a: Great Tusk|Rapid Spin|p1a: Drifblim
|-immune|p1a: Drifblim
|move|p1a: Drifblim|Hex|p2a: Great Tusk
|-damage|p2a: Great Tusk|0 fnt
|faint|p2a: Great Tusk
|-end|p2a: Great Tusk|Protosynthesis|[silent]
|
|upkeep
|
|t:|1685835780
|switch|p2a: Dragapult|Dragapult, F|84/100
|-damage|p2a: Dragapult|68/100|[from] Spikes
|turn|16
|
|t:|1685835785
|switch|p1a: Toxapex|Toxapex, F|100/100
|move|p2a: Dragapult|Dragon Darts|p1a: Toxapex
|-damage|p1a: Toxapex|79/100
|-anim|p2a: Dragapult|Dragon Darts|p1a: Toxapex
|-damage|p1a: Toxapex|58/100
|
|upkeep
|turn|17
|
|t:|1685835797
|switch|p2a: Amoonguss|Amoonguss, F|100/100
|-damage|p2a: Amoonguss|84/100|[from] Spikes
|-terastallize|p1a: Toxapex|Fairy
|move|p1a: Toxapex|Recover|p1a: Toxapex
|-heal|p1a: Toxapex|100/100
|
|upkeep
|turn|18
|
|t:|1685835804
|switch|p1a: Clodsire|Clodsire, M|58/100
|move|p2a: Amoonguss|Toxic|p1a: Clodsire
|-immune|p1a: Clodsire
|
|upkeep
|turn|19
|
|t:|1685835808
|move|p2a: Amoonguss|Sludge Bomb|p1a: Clodsire
|-resisted|p1a: Clodsire
|-damage|p1a: Clodsire|54/100
|move|p1a: Clodsire|Recover|p1a: Clodsire
|-heal|p1a: Clodsire|100/100
|
|upkeep
|turn|20
|
|t:|1685835812
|move|p2a: Amoonguss|Giga Drain|p1a: Clodsire
|-damage|p1a: Clodsire|89/100
|-heal|p2a: Amoonguss|91/100|[from] drain|[of] p1a: Clodsire
|move|p1a: Clodsire|Spikes|p2a: Amoonguss
|-sidestart|p2: Hamlegs|Spikes
|
|upkeep
|turn|21
|
|t:|1685835821
|switch|p1a: Magearna|Magearna|100/100
|move|p2a: Amoonguss|Spore|p1a: Magearna
|-status|p1a: Magearna|slp|[from] move: Spore
|
|upkeep
|turn|22
|
|t:|1685835828
|switch|p1a: Blissey|Blissey, F|100/100
|switch|p2a: Magnezone|Magnezone|57/100
|-damage|p2a: Magnezone|33/100|[from] Spikes
|
|upkeep
|turn|23
|
|t:|1685835833
|move|p2a: Magnezone|Flash Cannon|p1a: Blissey
|-damage|p1a: Blissey|89/100
|-unboost|p1a: Blissey|spd|1
|move|p1a: Blissey|Flamethrower|p2a: Magnezone
|-supereffective|p2a: Magnezone
|-damage|p2a: Magnezone|11/100
|
|upkeep
|turn|24
|
|t:|1685835839
|move|p2a: Magnezone|Flash Cannon|p1a: Blissey
|-damage|p1a: Blissey|72/100
|move|p1a: Blissey|Stealth Rock|p2a: Magnezone
|-sidestart|p2: Hamlegs|move: Stealth Rock
|
|upkeep
|turn|25
|
|t:|1685835842
|move|p2a: Magnezone|Flash Cannon|p1a: Blissey
|-crit|p1a: Blissey
|-damage|p1a: Blissey|46/100
|-unboost|p1a: Blissey|spd|1
|move|p1a: Blissey|Soft-Boiled|p1a: Blissey
|-heal|p1a: Blissey|96/100
|
|upkeep
|turn|26
|
|t:|1685835845
|switch|p1a: Clodsire|Clodsire, M|89/100
|move|p2a: Magnezone|Flash Cannon|p1a: Clodsire
|-damage|p1a: Clodsire|67/100
|
|upkeep
|turn|27
|
|t:|1685835852
|move|p2a: Magnezone|Flash Cannon|p1a: Clodsire
|-damage|p1a: Clodsire|44/100
|move|p1a: Clodsire|Recover|p1a: Clodsire
|-heal|p1a: Clodsire|94/100
|
|upkeep
|turn|28
|
|t:|1685835858
|switch|p1a: Toxapex|Toxapex, F, tera:Fairy|100/100
|move|p2a: Magnezone|Flash Cannon|p1a: Toxapex
|-supereffective|p1a: Toxapex
|-damage|p1a: Toxapex|27/100
|
|upkeep
|turn|29
|c|☆Granny Pie|I FORGOT
|
|t:|1685835869
|switch|p1a: Blissey|Blissey, F|96/100
|move|p2a: Magnezone|Flash Cannon|p1a: Blissey
|-damage|p1a: Blissey|85/100
|
|upkeep
|turn|30
|
|t:|1685835875
|move|p2a: Magnezone|Flash Cannon|p1a: Blissey
|-crit|p1a: Blissey
|-damage|p1a: Blissey|67/100
|move|p1a: Blissey|Flamethrower|p2a: Magnezone
|-supereffective|p2a: Magnezone
|-damage|p2a: Magnezone|0 fnt
|faint|p2a: Magnezone
|
|upkeep
|
|t:|1685835882
|switch|p2a: Roaring Moon|Roaring Moon|100/100
|-damage|p2a: Roaring Moon|76/100|[from] Spikes
|-damage|p2a: Roaring Moon|63/100|[from] Stealth Rock
|-enditem|p2a: Roaring Moon|Booster Energy
|-activate|p2a: Roaring Moon|ability: Protosynthesis|[fromitem]
|-start|p2a: Roaring Moon|protosynthesisatk
|turn|31
|
|t:|1685835893
|switch|p1a: Toxapex|Toxapex, F, tera:Fairy|60/100
|move|p2a: Roaring Moon|Dragon Dance|p2a: Roaring Moon
|-boost|p2a: Roaring Moon|atk|1
|-boost|p2a: Roaring Moon|spe|1
|
|upkeep
|turn|32
|
|t:|1685835898
|-terastallize|p2a: Roaring Moon|Flying
|move|p2a: Roaring Moon|Acrobatics|p1a: Toxapex
|-damage|p1a: Toxapex|0 fnt
|faint|p1a: Toxapex
|
|upkeep
|
|t:|1685835903
|switch|p1a: Skeledirge|Skeledirge, M|100/100
|turn|33
|
|t:|1685835906
|move|p2a: Roaring Moon|Earthquake|p1a: Skeledirge
|-supereffective|p1a: Skeledirge
|-damage|p1a: Skeledirge|47/100
|move|p1a: Skeledirge|Will-O-Wisp|p2a: Roaring Moon
|-status|p2a: Roaring Moon|brn
|
|-damage|p2a: Roaring Moon|57/100 brn|[from] brn
|upkeep
|turn|34
|
|t:|1685835913
|move|p2a: Roaring Moon|Crunch|p1a: Skeledirge
|-supereffective|p1a: Skeledirge
|-damage|p1a: Skeledirge|15/100
|move|p1a: Skeledirge|Slack Off|p1a: Skeledirge
|-heal|p1a: Skeledirge|65/100
|
|-damage|p2a: Roaring Moon|51/100 brn|[from] brn
|upkeep
|turn|35
|
|t:|1685835915
|move|p2a: Roaring Moon|Crunch|p1a: Skeledirge
|-supereffective|p1a: Skeledirge
|-damage|p1a: Skeledirge|30/100
|move|p1a: Skeledirge|Slack Off|p1a: Skeledirge
|-heal|p1a: Skeledirge|80/100
|
|-damage|p2a: Roaring Moon|46/100 brn|[from] brn
|upkeep
|turn|36
|
|t:|1685835922
|move|p2a: Roaring Moon|Crunch|p1a: Skeledirge
|-supereffective|p1a: Skeledirge
|-damage|p1a: Skeledirge|47/100
|-unboost|p1a: Skeledirge|def|1
|move|p1a: Skeledirge|Slack Off|p1a: Skeledirge
|-heal|p1a: Skeledirge|97/100
|
|-damage|p2a: Roaring Moon|40/100 brn|[from] brn
|upkeep
|turn|37
|
|t:|1685835925
|switch|p1a: Magearna|Magearna|100/100 slp
|move|p2a: Roaring Moon|Crunch|p1a: Magearna
|-resisted|p1a: Magearna
|-damage|p1a: Magearna|88/100 slp
|
|-damage|p2a: Roaring Moon|34/100 brn|[from] brn
|upkeep
|turn|38
|
|t:|1685835943
|switch|p1a: Drifblim|Drifblim, F|100/100
|move|p2a: Roaring Moon|Earthquake|p1a: Drifblim
|-immune|p1a: Drifblim
|
|-damage|p2a: Roaring Moon|28/100 brn|[from] brn
|upkeep
|turn|39
|
|t:|1685835950
|move|p2a: Roaring Moon|Crunch|p1a: Drifblim
|-supereffective|p1a: Drifblim
|-damage|p1a: Drifblim|38/100
|move|p1a: Drifblim|Strength Sap|p2a: Roaring Moon
|-unboost|p2a: Roaring Moon|atk|1
|-heal|p1a: Drifblim|100/100
|
|-damage|p2a: Roaring Moon|22/100 brn|[from] brn
|upkeep
|turn|40
|
|t:|1685835953
|move|p2a: Roaring Moon|Crunch|p1a: Drifblim
|-supereffective|p1a: Drifblim
|-damage|p1a: Drifblim|53/100
|-unboost|p1a: Drifblim|def|1
|move|p1a: Drifblim|Strength Sap|p2a: Roaring Moon
|-unboost|p2a: Roaring Moon|atk|1
|-heal|p1a: Drifblim|100/100
|
|-damage|p2a: Roaring Moon|16/100 brn|[from] brn
|upkeep
|turn|41
|
|t:|1685835955
|move|p2a: Roaring Moon|Crunch|p1a: Drifblim
|-supereffective|p1a: Drifblim
|-damage|p1a: Drifblim|59/100
|move|p1a: Drifblim|Strength Sap|p2a: Roaring Moon
|-unboost|p2a: Roaring Moon|atk|1
|-heal|p1a: Drifblim|100/100
|
|-damage|p2a: Roaring Moon|10/100 brn|[from] brn
|upkeep
|turn|42
|
|t:|1685835958
|move|p2a: Roaring Moon|Crunch|p1a: Drifblim
|-supereffective|p1a: Drifblim
|-damage|p1a: Drifblim|67/100
|move|p1a: Drifblim|Strength Sap|p2a: Roaring Moon
|-unboost|p2a: Roaring Moon|atk|1
|-heal|p1a: Drifblim|100/100
|
|-damage|p2a: Roaring Moon|4/100 brn|[from] brn
|upkeep
|turn|43
|
|t:|1685835961
|move|p2a: Roaring Moon|Crunch|p1a: Drifblim
|-supereffective|p1a: Drifblim
|-damage|p1a: Drifblim|75/100
|move|p1a: Drifblim|Strength Sap|p2a: Roaring Moon
|-unboost|p2a: Roaring Moon|atk|1
|-heal|p1a: Drifblim|100/100
|
|-damage|p2a: Roaring Moon|0 fnt|[from] brn
|faint|p2a: Roaring Moon
|-end|p2a: Roaring Moon|Protosynthesis|[silent]
|upkeep
|
|t:|1685835963
|switch|p2a: Dragapult|Dragapult, F|68/100
|-damage|p2a: Dragapult|43/100|[from] Spikes
|-damage|p2a: Dragapult|30/100|[from] Stealth Rock
|turn|44
|
|t:|1685835969
|move|p2a: Dragapult|Dragon Darts|p1a: Drifblim
|-damage|p1a: Drifblim|54/100
|-anim|p2a: Dragapult|Dragon Darts|p1a: Drifblim
|-damage|p1a: Drifblim|9/100
|move|p1a: Drifblim|Will-O-Wisp|p2a: Dragapult
|-status|p2a: Dragapult|brn
|
|-damage|p2a: Dragapult|24/100 brn|[from] brn
|upkeep
|turn|45
|
|t:|1685835977
|move|p2a: Dragapult|Dragon Darts|p1a: Drifblim
|-damage|p1a: Drifblim|0 fnt
|faint|p1a: Drifblim
|
|-damage|p2a: Dragapult|18/100 brn|[from] brn
|upkeep
|
|t:|1685835993
|switch|p1a: Magearna|Magearna|88/100 slp
|turn|46
|
|t:|1685835996
|move|p2a: Dragapult|Dragon Darts|p1a: Magearna
|-immune|p1a: Magearna
|cant|p1a: Magearna|slp
|
|-damage|p2a: Dragapult|12/100 brn|[from] brn
|upkeep
|turn|47
|
|t:|1685835999
|move|p2a: Dragapult|Dragon Darts|p1a: Magearna
|-immune|p1a: Magearna
|cant|p1a: Magearna|slp
|
|-damage|p2a: Dragapult|6/100 brn|[from] brn
|upkeep
|turn|48
|
|t:|1685836003
|move|p2a: Dragapult|Dragon Darts|p1a: Magearna
|-immune|p1a: Magearna
|-curestatus|p1a: Magearna|slp|[msg]
|move|p1a: Magearna|Draining Kiss|p2a: Dragapult
|-supereffective|p2a: Dragapult
|-damage|p2a: Dragapult|0 fnt
|-heal|p1a: Magearna|92/100|[from] drain|[of] p2a: Dragapult
|faint|p2a: Dragapult
|-ability|p1a: Magearna|Soul-Heart|boost
|-boost|p1a: Magearna|spa|1
|
|upkeep
|
|t:|1685836007
|switch|p2a: Amoonguss|Amoonguss, F|100/100
|-damage|p2a: Amoonguss|76/100|[from] Spikes
|-damage|p2a: Amoonguss|63/100|[from] Stealth Rock
|turn|49
|
|t:|1685836017
|move|p1a: Magearna|Draining Kiss|p2a: Amoonguss
|-resisted|p2a: Amoonguss
|-damage|p2a: Amoonguss|50/100
|-heal|p1a: Magearna|100/100|[from] drain|[of] p2a: Amoonguss
|-damage|p1a: Magearna|84/100|[from] item: Rocky Helmet|[of] p2a: Amoonguss
|move|p2a: Amoonguss|Giga Drain|p1a: Magearna
|-resisted|p1a: Magearna
|-damage|p1a: Magearna|74/100
|-heal|p2a: Amoonguss|55/100|[from] drain|[of] p1a: Magearna
|
|upkeep
|turn|50
|
|t:|1685836028
|move|p1a: Magearna|Draining Kiss|p2a: Amoonguss
|-resisted|p2a: Amoonguss
|-damage|p2a: Amoonguss|41/100
|-heal|p1a: Magearna|86/100|[from] drain|[of] p2a: Amoonguss
|-damage|p1a: Magearna|69/100|[from] item: Rocky Helmet|[of] p2a: Amoonguss
|move|p2a: Amoonguss|Giga Drain|p1a: Magearna
|-resisted|p1a: Magearna
|-damage|p1a: Magearna|60/100
|-heal|p2a: Amoonguss|45/100|[from] drain|[of] p1a: Magearna
|
|upkeep
|turn|51
|
|t:|1685836036
|move|p1a: Magearna|Draining Kiss|p2a: Amoonguss
|-resisted|p2a: Amoonguss
|-damage|p2a: Amoonguss|31/100
|-heal|p1a: Magearna|73/100|[from] drain|[of] p2a: Amoonguss
|-damage|p1a: Magearna|56/100|[from] item: Rocky Helmet|[of] p2a: Amoonguss
|move|p2a: Amoonguss|Giga Drain|p1a: Magearna
|-resisted|p1a: Magearna
|-damage|p1a: Magearna|47/100
|-heal|p2a: Amoonguss|35/100|[from] drain|[of] p1a: Magearna
|
|upkeep
|turn|52
|
|t:|1685836044
|move|p1a: Magearna|Draining Kiss|p2a: Amoonguss
|-resisted|p2a: Amoonguss
|-damage|p2a: Amoonguss|22/100
|-heal|p1a: Magearna|59/100|[from] drain|[of] p2a: Amoonguss
|-damage|p1a: Magearna|43/100|[from] item: Rocky Helmet|[of] p2a: Amoonguss
|move|p2a: Amoonguss|Giga Drain|p1a: Magearna
|-resisted|p1a: Magearna
|-damage|p1a: Magearna|33/100
|-heal|p2a: Amoonguss|26/100|[from] drain|[of] p1a: Magearna
|
|upkeep
|turn|53
|
|t:|1685836046
|move|p1a: Magearna|Draining Kiss|p2a: Amoonguss
|-resisted|p2a: Amoonguss
|-damage|p2a: Amoonguss|13/100
|-heal|p1a: Magearna|45/100|[from] drain|[of] p2a: Amoonguss
|-damage|p1a: Magearna|29/100|[from] item: Rocky Helmet|[of] p2a: Amoonguss
|move|p2a: Amoonguss|Giga Drain|p1a: Magearna
|-resisted|p1a: Magearna
|-damage|p1a: Magearna|19/100
|-heal|p2a: Amoonguss|17/100|[from] drain|[of] p1a: Magearna
|
|upkeep
|turn|54
|
|t:|1685836048
|move|p1a: Magearna|Draining Kiss|p2a: Amoonguss
|-resisted|p2a: Amoonguss
|-damage|p2a: Amoonguss|3/100
|-heal|p1a: Magearna|32/100|[from] drain|[of] p2a: Amoonguss
|-damage|p1a: Magearna|15/100|[from] item: Rocky Helmet|[of] p2a: Amoonguss
|move|p2a: Amoonguss|Giga Drain|p1a: Magearna
|-resisted|p1a: Magearna
|-damage|p1a: Magearna|6/100
|-heal|p2a: Amoonguss|7/100|[from] drain|[of] p1a: Magearna
|
|upkeep
|turn|55
|
|t:|1685836057
|move|p1a: Magearna|Draining Kiss|p2a: Amoonguss
|-resisted|p2a: Amoonguss
|-damage|p2a: Amoonguss|0 fnt
|-heal|p1a: Magearna|11/100|[from] drain|[of] p2a: Amoonguss
|-damage|p1a: Magearna|0 fnt|[from] item: Rocky Helmet|[of] p2a: Amoonguss
|faint|p2a: Amoonguss
|faint|p1a: Magearna
|
|upkeep
|
|t:|1685836063
|switch|p1a: Blissey|Blissey, F|67/100
|switch|p2a: Ditto|Ditto|100/100
|-damage|p2a: Ditto|75/100|[from] Spikes
|-damage|p2a: Ditto|63/100|[from] Stealth Rock
|-transform|p2a: Ditto|p1a: Blissey|[from] ability: Imposter
|turn|56
|-message|Hamlegs forfeited.
|
|win|Granny Pie
|raw|Granny Pie's rating: 1633 → 1650(+17 for winning)
|raw|Hamlegs's rating: 1583 → 1566(-17 for losing)
|l|☆Hamlegs
