|j|☆embiggen
|j|☆VenomBoner0
|t:|1685885494
|gametype|singles
|player|p1|embiggen|169|1166
|player|p2|VenomBoner0|101|1264
|teamsize|p1|6
|teamsize|p2|6
|gen|9
|tier|[Gen 9] OU
|rated|
|rule|Sleep Clause Mod: Limit one foe put to sleep
|rule|Species Clause: Limit one of each Pokémon
|rule|OHKO Clause: OHKO moves are banned
|rule|Evasion Items Clause: Evasion items are banned
|rule|Evasion Moves Clause: Evasion moves are banned
|rule|Endless Battle Clause: Forcing endless battles is banned
|rule|HP Percentage Mod: HP is shown in percentages
|clearpoke
|poke|p1|Glaceon, M|
|poke|p1|Slowking, M|
|poke|p1|Kingambit, F|
|poke|p1|Great Tusk|
|poke|p1|Cinderace, M|
|poke|p1|Corviknight, F|
|poke|p2|Haunter, M|
|poke|p2|Toxapex, M|
|poke|p2|Muk-Alola, M|
|poke|p2|Salazzle, F|
|poke|p2|Slowking-Galar, M|
|poke|p2|Glimmora, M|
|teampreview
|inactive|Battle timer is ON: inactive players will automatically lose when time's up. (requested by VenomBoner0)
|
|t:|1685885511
|start
|switch|p1a: 2 Kings|Slowking, M|100/100
|switch|p2a: Lasher|Glimmora, M|100/100
|-item|p2a: Lasher|Air Balloon
|turn|1
|
|t:|1685885519
|move|p2a: Lasher|Toxic|p1a: 2 Kings
|-status|p1a: 2 Kings|tox
|move|p1a: 2 Kings|Surf|p2a: Lasher
|-supereffective|p2a: Lasher
|-damage|p2a: Lasher|12/100
|-enditem|p2a: Lasher|Air Balloon
|
|-damage|p1a: 2 Kings|94/100 tox|[from] psn
|upkeep
|turn|2
|
|t:|1685885532
|switch|p2a: Riot|Slowking-Galar, M|100/100
|move|p1a: 2 Kings|Surf|p2a: Riot
|-damage|p2a: Riot|89/100
|
|-damage|p1a: 2 Kings|82/100 tox|[from] psn
|upkeep
|turn|3
|
|t:|1685885539
|move|p2a: Riot|Future Sight|p1a: 2 Kings
|-start|p2a: Riot|move: Future Sight
|move|p1a: 2 Kings|Chilly Reception|p1a: 2 Kings
|-weather|Snow
|
|t:|1685885544
|switch|p1a: 1 Kings|Kingambit, F|100/100|[from] Chilly Reception
|
|-weather|Snow|[upkeep]
|upkeep
|turn|4
|
|t:|1685885552
|switch|p2a: Scream|Salazzle, F, shiny|100/100
|-item|p2a: Scream|Air Balloon
|move|p1a: 1 Kings|Swords Dance|p1a: 1 Kings
|-boost|p1a: 1 Kings|atk|2
|
|-weather|Snow|[upkeep]
|upkeep
|turn|5
|
|t:|1685885568
|move|p1a: 1 Kings|Sucker Punch||[still]
|-fail|p1a: 1 Kings
|move|p2a: Scream|Toxic|p1a: 1 Kings
|-status|p1a: 1 Kings|tox
|
|-weather|Snow|[upkeep]
|-end|p1a: 1 Kings|move: Future Sight
|-immune|p1a: 1 Kings
|-damage|p1a: 1 Kings|94/100 tox|[from] psn
|upkeep
|turn|6
|
|t:|1685885576
|move|p1a: 1 Kings|Sucker Punch||[still]
|-fail|p1a: 1 Kings
|move|p2a: Scream|Substitute|p2a: Scream
|-start|p2a: Scream|Substitute
|-damage|p2a: Scream|76/100
|
|-weather|Snow|[upkeep]
|-heal|p1a: 1 Kings|100/100 tox|[from] item: Leftovers
|-damage|p1a: 1 Kings|88/100 tox|[from] psn
|upkeep
|turn|7
|-message|embiggen forfeited.
|
|win|VenomBoner0
|raw|embiggen's rating: 1166 → 1148(-18 for losing)
|raw|VenomBoner0's rating: 1264 → 1282(+18 for winning)
|l|☆embiggen
