|j|☆priest35
|j|☆Ketchup2000
|t:|1685844101
|gametype|singles
|player|p1|priest35|elesa|1122
|player|p2|Ketchup2000|byron|1173
|teamsize|p1|6
|teamsize|p2|6
|gen|9
|tier|[Gen 9] OU
|rated|
|rule|Sleep Clause Mod: Limit one foe put to sleep
|rule|Species Clause: Limit one of each Pokémon
|rule|OHKO Clause: OHKO moves are banned
|rule|Evasion Items Clause: Evasion items are banned
|rule|Evasion Moves Clause: Evasion moves are banned
|rule|Endless Battle Clause: Forcing endless battles is banned
|rule|HP Percentage Mod: HP is shown in percentages
|clearpoke
|poke|p1|Hoopa-Unbound|
|poke|p1|Slowking-Galar, M|
|poke|p1|Urshifu-*, F|
|poke|p1|Corviknight, M|
|poke|p1|Landorus-Therian, M|
|poke|p1|Gholdengo|
|poke|p2|Sneasler, F|
|poke|p2|Landorus-Therian, M|
|poke|p2|Corviknight, F|
|poke|p2|Great Tusk|
|poke|p2|Braviary-Hisui, M|
|poke|p2|Typhlosion-Hisui, F|
|teampreview
|
|t:|1685844116
|start
|switch|p1a: Landorus|Landorus-Therian, M|100/100
|switch|p2a: Braviary|Braviary-Hisui, M|100/100
|-ability|p1a: Landorus|Intimidate|boost
|-unboost|p2a: Braviary|atk|1
|turn|1
|
|t:|1685844123
|move|p1a: Landorus|U-turn|p2a: Braviary
|-damage|p2a: Braviary|76/100
|
|t:|1685844131
|switch|p1a: Slowking|Slowking-Galar, M|100/100|[from] U-turn
|move|p2a: Braviary|Esper Wing|p1a: Slowking
|-damage|p1a: Slowking|81/100
|-boost|p2a: Braviary|spe|1
|
|-heal|p1a: Slowking|87/100|[from] item: Black Sludge
|upkeep
|turn|2
|
|t:|1685844149
|move|p2a: Braviary|Calm Mind|p2a: Braviary
|-boost|p2a: Braviary|spa|1
|-boost|p2a: Braviary|spd|1
|move|p1a: Slowking|Ice Beam|p2a: Braviary
|-supereffective|p2a: Braviary
|-damage|p2a: Braviary|42/100
|
|-heal|p1a: Slowking|93/100|[from] item: Black Sludge
|upkeep
|turn|3
|
|t:|1685844158
|move|p2a: Braviary|Roost|p2a: Braviary
|-heal|p2a: Braviary|92/100
|-singleturn|p2a: Braviary|move: Roost
|move|p1a: Slowking|Ice Beam|p2a: Braviary
|-damage|p2a: Braviary|73/100
|
|-heal|p1a: Slowking|99/100|[from] item: Black Sludge
|upkeep
|turn|4
|
|t:|1685844165
|move|p2a: Braviary|Esper Wing|p1a: Slowking
|-damage|p1a: Slowking|72/100
|-boost|p2a: Braviary|spe|1
|move|p1a: Slowking|Ice Beam|p2a: Braviary
|-supereffective|p2a: Braviary
|-damage|p2a: Braviary|39/100
|
|-heal|p1a: Slowking|78/100|[from] item: Black Sludge
|upkeep
|turn|5
|
|t:|1685844170
|move|p2a: Braviary|Roost|p2a: Braviary
|-heal|p2a: Braviary|90/100
|-singleturn|p2a: Braviary|move: Roost
|move|p1a: Slowking|Ice Beam|p2a: Braviary
|-damage|p2a: Braviary|71/100
|
|-heal|p1a: Slowking|84/100|[from] item: Black Sludge
|upkeep
|turn|6
|
|t:|1685844177
|move|p2a: Braviary|Calm Mind|p2a: Braviary
|-boost|p2a: Braviary|spa|1
|-boost|p2a: Braviary|spd|1
|move|p1a: Slowking|Future Sight|p2a: Braviary
|-start|p1a: Slowking|move: Future Sight
|
|-heal|p1a: Slowking|90/100|[from] item: Black Sludge
|upkeep
|turn|7
|
|t:|1685844182
|move|p2a: Braviary|Calm Mind|p2a: Braviary
|-boost|p2a: Braviary|spa|1
|-boost|p2a: Braviary|spd|1
|move|p1a: Slowking|Ice Beam|p2a: Braviary
|-supereffective|p2a: Braviary
|-damage|p2a: Braviary|51/100
|
|-heal|p1a: Slowking|96/100|[from] item: Black Sludge
|upkeep
|turn|8
|
|t:|1685844194
|move|p2a: Braviary|Calm Mind|p2a: Braviary
|-boost|p2a: Braviary|spa|1
|-boost|p2a: Braviary|spd|1
|move|p1a: Slowking|Sludge Bomb|p2a: Braviary
|-damage|p2a: Braviary|37/100
|
|-end|p2a: Braviary|move: Future Sight
|-resisted|p2a: Braviary
|-damage|p2a: Braviary|28/100
|-heal|p1a: Slowking|100/100|[from] item: Black Sludge
|upkeep
|turn|9
|
|t:|1685844200
|move|p2a: Braviary|Roost|p2a: Braviary
|-heal|p2a: Braviary|78/100
|-singleturn|p2a: Braviary|move: Roost
|move|p1a: Slowking|Sludge Bomb|p2a: Braviary
|-damage|p2a: Braviary|66/100
|-status|p2a: Braviary|psn
|
|-damage|p2a: Braviary|53/100 psn|[from] psn
|upkeep
|turn|10
|
|t:|1685844206
|move|p2a: Braviary|Esper Wing|p1a: Slowking
|-damage|p1a: Slowking|36/100
|-boost|p2a: Braviary|spe|1
|move|p1a: Slowking|Ice Beam|p2a: Braviary
|-supereffective|p2a: Braviary
|-damage|p2a: Braviary|34/100 psn
|
|-heal|p1a: Slowking|42/100|[from] item: Black Sludge
|-damage|p2a: Braviary|22/100 psn|[from] psn
|upkeep
|turn|11
|
|t:|1685844216
|switch|p1a: Corviknight|Corviknight, M|100/100
|-ability|p1a: Corviknight|Pressure
|move|p2a: Braviary|Esper Wing|p1a: Corviknight
|-resisted|p1a: Corviknight
|-damage|p1a: Corviknight|10/100
|-boost|p2a: Braviary|spe|1
|
|-damage|p2a: Braviary|10/100 psn|[from] psn
|upkeep
|turn|12
|
|t:|1685844220
|move|p2a: Braviary|Roost|p2a: Braviary
|-heal|p2a: Braviary|60/100 psn
|-singleturn|p2a: Braviary|move: Roost
|move|p1a: Corviknight|U-turn|p2a: Braviary
|-supereffective|p2a: Braviary
|-damage|p2a: Braviary|31/100 psn
|
|t:|1685844232
|switch|p1a: Slowking|Slowking-Galar, M|75/100|[from] U-turn
|
|-heal|p1a: Slowking|81/100|[from] item: Black Sludge
|-damage|p2a: Braviary|19/100 psn|[from] psn
|upkeep
|turn|13
|
|t:|1685844238
|move|p2a: Braviary|Roost|p2a: Braviary
|-heal|p2a: Braviary|69/100 psn
|-singleturn|p2a: Braviary|move: Roost
|move|p1a: Slowking|Ice Beam|p2a: Braviary
|-damage|p2a: Braviary|60/100 psn
|
|-heal|p1a: Slowking|87/100|[from] item: Black Sludge
|-damage|p2a: Braviary|48/100 psn|[from] psn
|upkeep
|turn|14
|
|t:|1685844242
|move|p2a: Braviary|Roost|p2a: Braviary
|-heal|p2a: Braviary|98/100 psn
|-singleturn|p2a: Braviary|move: Roost
|move|p1a: Slowking|Future Sight|p2a: Braviary
|-start|p1a: Slowking|move: Future Sight
|
|-heal|p1a: Slowking|93/100|[from] item: Black Sludge
|-damage|p2a: Braviary|86/100 psn|[from] psn
|upkeep
|turn|15
|
|t:|1685844250
|move|p2a: Braviary|Calm Mind|p2a: Braviary
|-boost|p2a: Braviary|spa|1
|-boost|p2a: Braviary|spd|1
|move|p1a: Slowking|Surf|p2a: Braviary
|-damage|p2a: Braviary|78/100 psn
|
|-heal|p1a: Slowking|99/100|[from] item: Black Sludge
|-damage|p2a: Braviary|65/100 psn|[from] psn
|upkeep
|turn|16
|
|t:|1685844255
|move|p2a: Braviary|Calm Mind|p2a: Braviary
|-boost|p2a: Braviary|spa|1
|-boost|p2a: Braviary|spd|1
|move|p1a: Slowking|Ice Beam|p2a: Braviary
|-supereffective|p2a: Braviary
|-damage|p2a: Braviary|52/100 psn
|
|-end|p2a: Braviary|move: Future Sight
|-resisted|p2a: Braviary
|-damage|p2a: Braviary|45/100 psn
|-heal|p1a: Slowking|100/100|[from] item: Black Sludge
|-damage|p2a: Braviary|32/100 psn|[from] psn
|upkeep
|turn|17
|
|t:|1685844260
|move|p2a: Braviary|Roost|p2a: Braviary
|-heal|p2a: Braviary|82/100 psn
|-singleturn|p2a: Braviary|move: Roost
|move|p1a: Slowking|Ice Beam|p2a: Braviary
|-damage|p2a: Braviary|76/100 psn
|
|-damage|p2a: Braviary|64/100 psn|[from] psn
|upkeep
|turn|18
|
|t:|1685844265
|move|p2a: Braviary|Esper Wing|p1a: Slowking
|-damage|p1a: Slowking|21/100
|-boost|p2a: Braviary|spe|1
|move|p1a: Slowking|Future Sight|p2a: Braviary
|-start|p1a: Slowking|move: Future Sight
|
|-heal|p1a: Slowking|27/100|[from] item: Black Sludge
|-damage|p2a: Braviary|51/100 psn|[from] psn
|upkeep
|turn|19
|
|t:|1685844269
|switch|p1a: Corviknight|Corviknight, M|10/100
|-ability|p1a: Corviknight|Pressure
|move|p2a: Braviary|Esper Wing|p1a: Corviknight
|-resisted|p1a: Corviknight
|-damage|p1a: Corviknight|0 fnt
|-boost|p2a: Braviary|spe|1
|faint|p1a: Corviknight
|
|-damage|p2a: Braviary|39/100 psn|[from] psn
|upkeep
|
|t:|1685844272
|switch|p1a: Hoopa|Hoopa-Unbound|100/100
|turn|20
|
|t:|1685844278
|move|p2a: Braviary|Dazzling Gleam|p1a: Hoopa
|-supereffective|p1a: Hoopa
|-damage|p1a: Hoopa|0 fnt
|faint|p1a: Hoopa
|
|-end|p2a: Braviary|move: Future Sight
|-resisted|p2a: Braviary
|-damage|p2a: Braviary|32/100 psn
|-damage|p2a: Braviary|20/100 psn|[from] psn
|upkeep
|
|t:|1685844285
|switch|p1a: Landorus|Landorus-Therian, M|100/100
|-ability|p1a: Landorus|Intimidate|boost
|-unboost|p2a: Braviary|atk|1
|turn|21
|
|t:|1685844298
|move|p2a: Braviary|Esper Wing|p1a: Landorus
|-damage|p1a: Landorus|0 fnt
|faint|p1a: Landorus
|
|-damage|p2a: Braviary|8/100 psn|[from] psn
|upkeep
|
|t:|1685844303
|switch|p1a: Urshifu|Urshifu-Rapid-Strike, F|100/100
|turn|22
|
|t:|1685844308
|-terastallize|p1a: Urshifu|Fairy
|move|p2a: Braviary|Roost|p2a: Braviary
|-heal|p2a: Braviary|58/100 psn
|-singleturn|p2a: Braviary|move: Roost
|move|p1a: Urshifu|Trailblaze|p2a: Braviary
|-damage|p2a: Braviary|41/100 psn
|-boost|p1a: Urshifu|spe|1
|
|-damage|p2a: Braviary|29/100 psn|[from] psn
|upkeep
|turn|23
|
|t:|1685844318
|move|p2a: Braviary|Esper Wing|p1a: Urshifu
|-damage|p1a: Urshifu|0 fnt
|faint|p1a: Urshifu
|
|-damage|p2a: Braviary|16/100 psn|[from] psn
|upkeep
|-message|priest35 forfeited.
|
|win|Ketchup2000
|raw|priest35's rating: 1122 → 1101(-21 for losing)
|raw|Ketchup2000's rating: 1173 → 1194(+21 for winning)
|l|☆priest35
