|j|☆Random_Bozo
|j|☆BagMan187
|t:|1685829891
|gametype|singles
|player|p1|Random_Bozo|workerice|
|player|p2|BagMan187|ash-kalos|
|teamsize|p1|6
|teamsize|p2|6
|gen|9
|tier|[Gen 9] OU
|rule|Sleep Clause Mod: Limit one foe put to sleep
|rule|Species Clause: Limit one of each Pokémon
|rule|OHKO Clause: OHKO moves are banned
|rule|Evasion Items Clause: Evasion items are banned
|rule|Evasion Moves Clause: Evasion moves are banned
|rule|Endless Battle Clause: Forcing endless battles is banned
|rule|HP Percentage Mod: HP is shown in percentages
|clearpoke
|poke|p1|Roaring Moon|
|poke|p1|Salamence, F|
|poke|p1|Eelektross, M|
|poke|p1|Clodsire, F|
|poke|p1|Scizor, F|
|poke|p1|Gastrodon, M|
|poke|p2|Dondozo, M|
|poke|p2|Zoroark-Hisui, M|
|poke|p2|Kilowattrel, M|
|poke|p2|Blissey, F|
|poke|p2|Glaceon, F|
|poke|p2|Toedscruel, F|
|teampreview
|inactive|Battle timer is ON: inactive players will automatically lose when time's up. (requested by BagMan187)
|c|☆BagMan187|glhf
|c|☆Random_Bozo|u2
|inactive|Random_Bozo has 270 seconds left.
|inactive|BagMan187 has 270 seconds left.
|inactive|BagMan187 has 240 seconds left.
|j| Inarinokamen
|
|t:|1685829959
|start
|switch|p1a: The Boi|Clodsire, F|100/100
|switch|p2a: Toedscruel|Toedscruel, F|100/100
|turn|1
|inactive|BagMan187 has 270 seconds left.
|l| Inarinokamen
|
|t:|1685830002
|switch|p2a: Dondozo|Dondozo, M|100/100
|move|p1a: The Boi|Toxic|p2a: Dondozo
|-status|p2a: Dondozo|tox
|
|-damage|p2a: Dondozo|94/100 tox|[from] psn
|upkeep
|turn|2
|
|t:|1685830013
|move|p2a: Dondozo|Ice Fang|p1a: The Boi
|-supereffective|p1a: The Boi
|-crit|p1a: The Boi
|-damage|p1a: The Boi|31/100
|cant|p1a: The Boi|flinch
|
|-heal|p2a: Dondozo|100/100 tox|[from] item: Leftovers
|-heal|p1a: The Boi|37/100|[from] item: Leftovers
|-damage|p2a: Dondozo|88/100 tox|[from] psn
|upkeep
|turn|3
|inactive|BagMan187 has 270 seconds left.
|
|t:|1685830027
|switch|p2a: Glaceon|Glaceon, F|100/100
|switch|p1a: Livewire|Eelektross, M|100/100
|
|upkeep
|turn|4
|inactive|BagMan187 has 270 seconds left.
|
|t:|1685830051
|move|p2a: Glaceon|Ice Beam|p1a: Livewire
|-damage|p1a: Livewire|49/100
|move|p1a: Livewire|Flamethrower|p2a: Glaceon
|-supereffective|p2a: Glaceon
|-damage|p2a: Glaceon|17/100
|
|-heal|p1a: Livewire|55/100|[from] item: Leftovers
|upkeep
|turn|5
|
|t:|1685830067
|switch|p2a: Blissey|Blissey, F|100/100
|move|p1a: Livewire|Giga Drain|p2a: Blissey
|-damage|p2a: Blissey|93/100
|-heal|p1a: Livewire|63/100|[from] drain|[of] p2a: Blissey
|
|-heal|p2a: Blissey|99/100|[from] item: Leftovers
|-heal|p1a: Livewire|69/100|[from] item: Leftovers
|upkeep
|turn|6
|
|t:|1685830089
|switch|p1a: up high!|Scizor, F|100/100
|move|p2a: Blissey|Protect||[still]
|-fail|p2a: Blissey
|
|-heal|p2a: Blissey|100/100|[from] item: Leftovers
|upkeep
|turn|7
|inactive|BagMan187 has 270 seconds left.
|
|t:|1685830098
|switch|p2a: Dondozo|Dondozo, M|88/100 tox
|move|p1a: up high!|Close Combat|p2a: Dondozo
|-damage|p2a: Dondozo|53/100 tox
|-unboost|p1a: up high!|def|1
|-unboost|p1a: up high!|spd|1
|
|-heal|p2a: Dondozo|59/100 tox|[from] item: Leftovers
|-damage|p2a: Dondozo|53/100 tox|[from] psn
|upkeep
|turn|8
|
|t:|1685830120
|switch|p1a: Livewire|Eelektross, M|69/100
|move|p2a: Dondozo|Rest|p2a: Dondozo
|-status|p2a: Dondozo|slp|[from] move: Rest
|-heal|p2a: Dondozo|100/100 slp|[silent]
|
|-heal|p1a: Livewire|75/100|[from] item: Leftovers
|upkeep
|turn|9
|inactive|Random_Bozo has 270 seconds left.
|
|t:|1685830144
|switch|p2a: Kilowattrel|Kilowattrel, M|100/100
|move|p1a: Livewire|Thunderbolt|p2a: Kilowattrel
|-immune|p2a: Kilowattrel|[from] ability: Volt Absorb
|
|-heal|p1a: Livewire|82/100|[from] item: Leftovers
|upkeep
|turn|10
|inactive|Random_Bozo has 270 seconds left.
|
|t:|1685830153
|move|p2a: Kilowattrel|Discharge|p1a: Livewire
|-resisted|p1a: Livewire
|-damage|p1a: Livewire|64/100
|move|p1a: Livewire|Flamethrower|p2a: Kilowattrel
|-damage|p2a: Kilowattrel|55/100
|
|-heal|p1a: Livewire|71/100|[from] item: Leftovers
|upkeep
|turn|11
|inactive|Random_Bozo has 270 seconds left.
|
|t:|1685830168
|move|p2a: Kilowattrel|U-turn|p1a: Livewire
|-damage|p1a: Livewire|59/100
|
|t:|1685830171
|switch|p2a: Blissey|Blissey, F|100/100|[from] U-turn
|move|p1a: Livewire|Flamethrower|p2a: Blissey
|-damage|p2a: Blissey|91/100
|
|-heal|p2a: Blissey|97/100|[from] item: Leftovers
|-heal|p1a: Livewire|65/100|[from] item: Leftovers
|upkeep
|turn|12
|inactive|Random_Bozo has 270 seconds left.
|
|t:|1685830197
|switch|p1a: The Boi|Clodsire, F|37/100
|move|p2a: Blissey|Seismic Toss|p1a: The Boi
|-damage|p1a: The Boi|16/100
|
|-heal|p2a: Blissey|100/100|[from] item: Leftovers
|-heal|p1a: The Boi|22/100|[from] item: Leftovers
|upkeep
|turn|13
|
|t:|1685830213
|switch|p2a: Dondozo|Dondozo, M|100/100 slp
|move|p1a: The Boi|Recover|p1a: The Boi
|-heal|p1a: The Boi|72/100
|
|-heal|p1a: The Boi|78/100|[from] item: Leftovers
|upkeep
|turn|14
|
|t:|1685830227
|switch|p1a: Livewire|Eelektross, M|65/100
|cant|p2a: Dondozo|slp
|move|p2a: Dondozo|Sleep Talk|p2a: Dondozo
|move|p2a: Dondozo|Liquidation|p1a: Livewire|[from]move: Sleep Talk
|-damage|p1a: Livewire|22/100
|
|-heal|p1a: Livewire|29/100|[from] item: Leftovers
|upkeep
|turn|15
|
|t:|1685830240
|switch|p2a: Blissey|Blissey, F|100/100
|move|p1a: Livewire|Giga Drain|p2a: Blissey
|-damage|p2a: Blissey|93/100
|-heal|p1a: Livewire|35/100|[from] drain|[of] p2a: Blissey
|
|-heal|p2a: Blissey|99/100|[from] item: Leftovers
|-heal|p1a: Livewire|41/100|[from] item: Leftovers
|upkeep
|turn|16
|inactive|Random_Bozo has 240 seconds left.
|
|t:|1685830271
|switch|p1a: The Boi|Clodsire, F|78/100
|move|p2a: Blissey|Seismic Toss|p1a: The Boi
|-damage|p1a: The Boi|57/100
|
|-heal|p2a: Blissey|100/100|[from] item: Leftovers
|-heal|p1a: The Boi|63/100|[from] item: Leftovers
|upkeep
|turn|17
|
|t:|1685830294
|switch|p2a: Dondozo|Dondozo, M|100/100 slp
|move|p1a: The Boi|Toxic||[still]
|-fail|p1a: The Boi
|
|-heal|p1a: The Boi|69/100|[from] item: Leftovers
|upkeep
|turn|18
|inactive|Random_Bozo has 240 seconds left.
|
|t:|1685830327
|switch|p1a: Live Slug Reaction|Gastrodon, M|100/100
|cant|p2a: Dondozo|slp
|move|p2a: Dondozo|Sleep Talk|p2a: Dondozo
|move|p2a: Dondozo|Liquidation|p1a: Live Slug Reaction|[from]move: Sleep Talk
|-ability|p1a: Live Slug Reaction|Storm Drain|boost
|-boost|p1a: Live Slug Reaction|spa|1
|
|upkeep
|turn|19
|
|t:|1685830341
|switch|p2a: Toedscruel|Toedscruel, F|100/100
|move|p1a: Live Slug Reaction|Spikes|p2a: Toedscruel
|-sidestart|p2: BagMan187|Spikes
|
|upkeep
|turn|20
|
|t:|1685830354
|switch|p1a: up high!|Scizor, F|100/100
|move|p2a: Toedscruel|Giga Drain|p1a: up high!
|-resisted|p1a: up high!
|-damage|p1a: up high!|94/100
|
|upkeep
|turn|21
|
|t:|1685830366
|move|p1a: up high!|U-turn|p2a: Toedscruel
|-supereffective|p2a: Toedscruel
|-damage|p2a: Toedscruel|0 fnt
|faint|p2a: Toedscruel
|
|t:|1685830377
|switch|p1a: Daniel|Salamence, F|100/100|[from] U-turn
|
|upkeep
|
|t:|1685830386
|switch|p2a: Glaceon|Glaceon, F|17/100
|-damage|p2a: Glaceon|5/100|[from] Spikes
|turn|22
|
|t:|1685830396
|move|p1a: Daniel|Flamethrower|p2a: Glaceon
|-supereffective|p2a: Glaceon
|-crit|p2a: Glaceon
|-damage|p2a: Glaceon|0 fnt
|faint|p2a: Glaceon
|
|upkeep
|
|t:|1685830406
|switch|p2a: Dondozo|Dondozo, M|100/100
|-damage|p2a: Dondozo|88/100|[from] Spikes
|turn|23
|inactive|Random_Bozo has 240 seconds left.
|
|t:|1685830433
|switch|p1a: up high!|Scizor, F|94/100
|move|p2a: Dondozo|Hyper Voice|p1a: up high!
|-resisted|p1a: up high!
|-crit|p1a: up high!
|-damage|p1a: up high!|36/100
|
|upkeep
|turn|24
|
|t:|1685830453
|switch|p2a: Kilowattrel|Kilowattrel, M|55/100
|move|p1a: up high!|Bullet Punch|p2a: Kilowattrel
|-resisted|p2a: Kilowattrel
|-damage|p2a: Kilowattrel|18/100
|
|upkeep
|turn|25
|
|t:|1685830459
|switch|p2a: Dondozo|Dondozo, M|100/100 slp
|-damage|p2a: Dondozo|88/100 slp|[from] Spikes
|move|p1a: up high!|Bullet Punch|p2a: Dondozo
|-resisted|p2a: Dondozo
|-damage|p2a: Dondozo|74/100 slp
|
|-heal|p2a: Dondozo|80/100 slp|[from] item: Leftovers
|upkeep
|turn|26
|inactive|Random_Bozo has 210 seconds left.
|
|t:|1685830497
|switch|p1a: Live Slug Reaction|Gastrodon, M|100/100
|-curestatus|p2a: Dondozo|slp|[msg]
|move|p2a: Dondozo|Ice Fang|p1a: Live Slug Reaction
|-damage|p1a: Live Slug Reaction|79/100
|
|-heal|p1a: Live Slug Reaction|85/100|[from] item: Leftovers
|-heal|p2a: Dondozo|86/100|[from] item: Leftovers
|upkeep
|turn|27
|inactive|Random_Bozo has 210 seconds left.
|
|t:|1685830517
|move|p1a: Live Slug Reaction|Spikes|p2a: Dondozo
|-sidestart|p2: BagMan187|Spikes
|move|p2a: Dondozo|Ice Fang|p1a: Live Slug Reaction
|-damage|p1a: Live Slug Reaction|66/100
|
|-heal|p1a: Live Slug Reaction|72/100|[from] item: Leftovers
|-heal|p2a: Dondozo|92/100|[from] item: Leftovers
|upkeep
|turn|28
|inactive|Random_Bozo has 210 seconds left.
|
|t:|1685830525
|switch|p2a: Kilowattrel|Kilowattrel, M|88/100
|-damage|p2a: Kilowattrel|72/100|[from] Spikes
|move|p1a: Live Slug Reaction|Spikes|p2a: Kilowattrel
|-sidestart|p2: BagMan187|Spikes
|
|-heal|p1a: Live Slug Reaction|78/100|[from] item: Leftovers
|upkeep
|turn|29
|inactive|Random_Bozo has 210 seconds left.
|inactive|Random_Bozo has 180 seconds left.
|
|t:|1685830569
|switch|p1a: Daniel|Salamence, F|100/100
|-ability|p1a: Daniel|Intimidate|boost
|-unboost|p2a: Kilowattrel|atk|1
|move|p2a: Kilowattrel|Shadow Ball|p1a: Daniel
|-damage|p1a: Daniel|32/100
|
|upkeep
|turn|30
|inactive|Random_Bozo has 180 seconds left.
|inactive|BagMan187 has 270 seconds left.
|
|t:|1685830589
|-terastallize|p2a: Kilowattrel|Fairy
|move|p1a: Daniel|Draco Meteor|p2a: Kilowattrel
|-immune|p2a: Kilowattrel
|move|p2a: Kilowattrel|Shadow Ball|p1a: Daniel
|-damage|p1a: Daniel|0 fnt
|faint|p1a: Daniel
|
|upkeep
|inactive|Random_Bozo has 180 seconds left.
|
|t:|1685830600
|switch|p1a: up high!|Scizor, F|36/100
|turn|31
|
|t:|1685830603
|switch|p2a: Dondozo|Dondozo, M|92/100
|-damage|p2a: Dondozo|68/100|[from] Spikes
|move|p1a: up high!|Bullet Punch|p2a: Dondozo
|-resisted|p2a: Dondozo
|-damage|p2a: Dondozo|53/100
|
|-heal|p2a: Dondozo|59/100|[from] item: Leftovers
|upkeep
|turn|32
|
|t:|1685830617
|switch|p1a: Live Slug Reaction|Gastrodon, M|78/100
|switch|p2a: Kilowattrel|Kilowattrel, M|18/100
|
|-heal|p1a: Live Slug Reaction|84/100|[from] item: Leftovers
|upkeep
|turn|33
|inactive|Random_Bozo has 180 seconds left.
|j| Inarinokamen
|
|t:|1685830658
|switch|p1a: The cooler Daniel|Roaring Moon|100/100
|move|p2a: Kilowattrel|Roost|p2a: Kilowattrel
|-heal|p2a: Kilowattrel|68/100
|-singleturn|p2a: Kilowattrel|move: Roost
|
|upkeep
|turn|34
|inactive|Random_Bozo has 150 seconds left.
|
|t:|1685830677
|move|p2a: Kilowattrel|Thunder Wave|p1a: The cooler Daniel
|-status|p1a: The cooler Daniel|par
|move|p1a: The cooler Daniel|Crunch|p2a: Kilowattrel
|-damage|p2a: Kilowattrel|0 fnt
|faint|p2a: Kilowattrel
|
|upkeep
|
|t:|1685830684
|switch|p2a: Dondozo|Dondozo, M, tera:Fairy|72/100
|-damage|p2a: Dondozo|47/100|[from] Spikes
|turn|35
|
|t:|1685830696
|-end|p1a: The cooler Daniel|Protosynthesis|[silent]
|switch|p1a: The Boi|Clodsire, F|69/100
|move|p2a: Dondozo|Tera Blast|p1a: The Boi
|-resisted|p1a: The Boi
|-damage|p1a: The Boi|53/100
|
|-heal|p1a: The Boi|59/100|[from] item: Leftovers
|upkeep
|turn|36
|inactive|Random_Bozo has 150 seconds left.
|
|t:|1685830717
|switch|p2a: Dondozo|Dondozo, M|59/100
|-damage|p2a: Dondozo|34/100|[from] Spikes
|move|p1a: The Boi|Earthquake|p2a: Dondozo
|-damage|p2a: Dondozo|19/100
|
|-heal|p2a: Dondozo|25/100|[from] item: Leftovers
|-heal|p1a: The Boi|66/100|[from] item: Leftovers
|upkeep
|turn|37
|inactive|Random_Bozo has 150 seconds left.
|
|t:|1685830745
|switch|p1a: Live Slug Reaction|Gastrodon, M|84/100
|move|p2a: Dondozo|Rest|p2a: Dondozo
|-status|p2a: Dondozo|slp|[from] move: Rest
|-heal|p2a: Dondozo|100/100 slp|[silent]
|
|-heal|p1a: Live Slug Reaction|90/100|[from] item: Leftovers
|upkeep
|turn|38
|
|t:|1685830757
|switch|p2a: Blissey|Blissey, F|100/100
|-damage|p2a: Blissey|76/100|[from] Spikes
|move|p1a: Live Slug Reaction|Earth Power|p2a: Blissey
|-damage|p2a: Blissey|67/100
|
|-heal|p2a: Blissey|73/100|[from] item: Leftovers
|-heal|p1a: Live Slug Reaction|96/100|[from] item: Leftovers
|upkeep
|turn|39
|inactive|Random_Bozo has 120 seconds left.
|
|t:|1685830781
|move|p2a: Blissey|Heal Bell|p2a: Blissey
|-activate|p2a: Blissey|move: Heal Bell
|-curestatus|p2: Dondozo|slp|[msg]
|move|p1a: Live Slug Reaction|Earth Power|p2a: Blissey
|-damage|p2a: Blissey|63/100
|
|-heal|p2a: Blissey|69/100|[from] item: Leftovers
|-heal|p1a: Live Slug Reaction|100/100|[from] item: Leftovers
|upkeep
|turn|40
|inactive|Random_Bozo has 120 seconds left.
|
|t:|1685830798
|switch|p1a: The Boi|Clodsire, F|66/100
|move|p2a: Blissey|Seismic Toss|p1a: The Boi
|-damage|p1a: The Boi|44/100
|
|-heal|p2a: Blissey|75/100|[from] item: Leftovers
|-heal|p1a: The Boi|50/100|[from] item: Leftovers
|upkeep
|turn|41
|inactive|Random_Bozo has 120 seconds left.
|
|t:|1685830808
|move|p2a: Blissey|Soft-Boiled|p2a: Blissey
|-heal|p2a: Blissey|100/100
|move|p1a: The Boi|Recover|p1a: The Boi
|-heal|p1a: The Boi|99/100
|
|-heal|p1a: The Boi|100/100|[from] item: Leftovers
|upkeep
|turn|42
|
|t:|1685830816
|move|p2a: Blissey|Seismic Toss|p1a: The Boi
|-damage|p1a: The Boi|79/100
|move|p1a: The Boi|Toxic|p2a: Blissey
|-status|p2a: Blissey|tox
|
|-heal|p1a: The Boi|85/100|[from] item: Leftovers
|-damage|p2a: Blissey|94/100 tox|[from] psn
|upkeep
|turn|43
|
|t:|1685830826
|move|p2a: Blissey|Seismic Toss|p1a: The Boi
|-damage|p1a: The Boi|64/100
|move|p1a: The Boi|Earthquake|p2a: Blissey
|-damage|p2a: Blissey|62/100 tox
|
|-heal|p2a: Blissey|69/100 tox|[from] item: Leftovers
|-heal|p1a: The Boi|70/100|[from] item: Leftovers
|-damage|p2a: Blissey|56/100 tox|[from] psn
|upkeep
|turn|44
|
|t:|1685830837
|move|p2a: Blissey|Soft-Boiled|p2a: Blissey
|-heal|p2a: Blissey|100/100 tox
|move|p1a: The Boi|Earthquake|p2a: Blissey
|-damage|p2a: Blissey|65/100 tox
|
|-heal|p2a: Blissey|71/100 tox|[from] item: Leftovers
|-heal|p1a: The Boi|76/100|[from] item: Leftovers
|-damage|p2a: Blissey|52/100 tox|[from] psn
|upkeep
|turn|45
|
|t:|1685830846
|move|p2a: Blissey|Heal Bell|p2a: Blissey
|-activate|p2a: Blissey|move: Heal Bell
|-curestatus|p2a: Blissey|tox|[msg]
|move|p1a: The Boi|Earthquake|p2a: Blissey
|-damage|p2a: Blissey|18/100
|
|-heal|p2a: Blissey|24/100|[from] item: Leftovers
|-heal|p1a: The Boi|82/100|[from] item: Leftovers
|upkeep
|turn|46
|
|t:|1685830856
|move|p2a: Blissey|Soft-Boiled|p2a: Blissey
|-heal|p2a: Blissey|74/100
|move|p1a: The Boi|Toxic|p2a: Blissey
|-status|p2a: Blissey|tox
|
|-heal|p2a: Blissey|81/100 tox|[from] item: Leftovers
|-heal|p1a: The Boi|89/100|[from] item: Leftovers
|-damage|p2a: Blissey|74/100 tox|[from] psn
|upkeep
|turn|47
|
|t:|1685830868
|-curestatus|p2a: Blissey|tox|[from] ability: Natural Cure
|switch|p2a: Dondozo|Dondozo, M|100/100
|-damage|p2a: Dondozo|76/100|[from] Spikes
|move|p1a: The Boi|Earthquake|p2a: Dondozo
|-damage|p2a: Dondozo|61/100
|
|-heal|p2a: Dondozo|67/100|[from] item: Leftovers
|-heal|p1a: The Boi|95/100|[from] item: Leftovers
|upkeep
|turn|48
|inactive|Random_Bozo has 120 seconds left.
|
|t:|1685830896
|switch|p1a: Live Slug Reaction|Gastrodon, M|100/100
|move|p2a: Dondozo|Ice Fang|p1a: Live Slug Reaction
|-damage|p1a: Live Slug Reaction|81/100
|
|-heal|p1a: Live Slug Reaction|87/100|[from] item: Leftovers
|-heal|p2a: Dondozo|73/100|[from] item: Leftovers
|upkeep
|turn|49
|inactive|Random_Bozo has 120 seconds left.
|
|t:|1685830910
|move|p1a: Live Slug Reaction|Earth Power|p2a: Dondozo
|-damage|p2a: Dondozo|46/100
|move|p2a: Dondozo|Ice Fang|p1a: Live Slug Reaction
|-damage|p1a: Live Slug Reaction|67/100
|
|-heal|p1a: Live Slug Reaction|74/100|[from] item: Leftovers
|-heal|p2a: Dondozo|52/100|[from] item: Leftovers
|upkeep
|turn|50
|
|t:|1685830919
|move|p1a: Live Slug Reaction|Earth Power|p2a: Dondozo
|-damage|p2a: Dondozo|23/100
|move|p2a: Dondozo|Rest|p2a: Dondozo
|-status|p2a: Dondozo|slp|[from] move: Rest
|-heal|p2a: Dondozo|100/100 slp|[silent]
|
|-heal|p1a: Live Slug Reaction|80/100|[from] item: Leftovers
|upkeep
|turn|51
|
|t:|1685830929
|move|p1a: Live Slug Reaction|Earth Power|p2a: Dondozo
|-damage|p2a: Dondozo|74/100 slp
|-unboost|p2a: Dondozo|spd|1
|cant|p2a: Dondozo|slp
|move|p2a: Dondozo|Sleep Talk|p2a: Dondozo
|move|p2a: Dondozo|Rest||[from]move: Sleep Talk|[still]
|-fail|p2a: Dondozo
|
|-heal|p1a: Live Slug Reaction|86/100|[from] item: Leftovers
|-heal|p2a: Dondozo|81/100 slp|[from] item: Leftovers
|upkeep
|turn|52
|
|t:|1685830942
|switch|p2a: Blissey|Blissey, F|74/100
|-damage|p2a: Blissey|50/100|[from] Spikes
|move|p1a: Live Slug Reaction|Earth Power|p2a: Blissey
|-damage|p2a: Blissey|41/100
|-unboost|p2a: Blissey|spd|1
|
|-heal|p2a: Blissey|47/100|[from] item: Leftovers
|-heal|p1a: Live Slug Reaction|92/100|[from] item: Leftovers
|upkeep
|turn|53
|inactive|Random_Bozo has 120 seconds left.
|
|t:|1685830968
|switch|p1a: The cooler Daniel|Roaring Moon|100/100 par
|move|p2a: Blissey|Soft-Boiled|p2a: Blissey
|-heal|p2a: Blissey|97/100
|
|-heal|p2a: Blissey|100/100|[from] item: Leftovers
|upkeep
|turn|54
|
|t:|1685830988
|switch|p2a: Dondozo|Dondozo, M|81/100 slp
|-damage|p2a: Dondozo|56/100 slp|[from] Spikes
|move|p1a: The cooler Daniel|Crunch|p2a: Dondozo
|-damage|p2a: Dondozo|18/100 slp
|
|-heal|p2a: Dondozo|24/100 slp|[from] item: Leftovers
|upkeep
|turn|55
|
|t:|1685830996
|move|p1a: The cooler Daniel|Crunch|p2a: Dondozo
|-damage|p2a: Dondozo|0 fnt
|faint|p2a: Dondozo
|
|upkeep
|
|t:|1685831005
|switch|p2a: Blissey|Blissey, F, tera:Fairy|47/100
|-damage|p2a: Blissey|22/100|[from] Spikes
|turn|56
|c|☆Random_Bozo|rm's first kill of the season
|
|t:|1685831028
|-terastallize|p1a: The cooler Daniel|Fairy
|move|p2a: Blissey|Hyper Voice|p1a: The cooler Daniel
|-damage|p1a: The cooler Daniel|40/100 par
|move|p1a: The cooler Daniel|Crunch|p2a: Blissey
|-resisted|p2a: Blissey
|-damage|p2a: Blissey|0 fnt
|replace|p2a: Zoroark|Zoroark-Hisui, M
|-end|p2a: Zoroark|Illusion
|faint|p2a: Zoroark
|
|upkeep
|-message|BagMan187 forfeited.
|
|win|Random_Bozo
|c|☆Random_Bozo|you really gonna deny me those 2 more ? :(
|c|☆BagMan187|kilo is dead
|c|☆BagMan187|zoro shenanigan
|c|☆Random_Bozo|ik i was saying like
|c|☆Random_Bozo|on the kill board
|c|☆BagMan187|yes
|c|☆Random_Bozo|wait i killed kilo?
|c|☆Random_Bozo|what
|c|☆BagMan187|turn 34
|c|☆Random_Bozo|ok
|c|☆Random_Bozo|me dumb
