|j|☆shoomy
|j|☆jinitaimeiniganma
|t:|1685841680
|gametype|singles
|player|p1|shoomy|170|1115
|player|p2|jinitaimeiniganma|jasmine|1129
|teamsize|p1|6
|teamsize|p2|6
|gen|9
|tier|[Gen 9] OU
|rated|
|rule|Sleep Clause Mod: Limit one foe put to sleep
|rule|Species Clause: Limit one of each Pokémon
|rule|OHKO Clause: OHKO moves are banned
|rule|Evasion Items Clause: Evasion items are banned
|rule|Evasion Moves Clause: Evasion moves are banned
|rule|Endless Battle Clause: Forcing endless battles is banned
|rule|HP Percentage Mod: HP is shown in percentages
|clearpoke
|poke|p1|Arcanine-Hisui, M|
|poke|p1|Walking Wake|
|poke|p1|Lilligant, F|
|poke|p1|Dragapult, F|
|poke|p1|Torkoal, F|
|poke|p1|Cresselia, F|
|poke|p2|Basculegion, M|
|poke|p2|Pelipper, M|
|poke|p2|Enamorus, F|
|poke|p2|Braviary-Hisui, M|
|poke|p2|Landorus-Therian, M|
|poke|p2|Zapdos|
|teampreview
|
|t:|1685841687
|start
|switch|p1a: Dragapult|Dragapult, F|100/100
|switch|p2a: 大老婆|Enamorus, F, shiny|100/100
|turn|1
|
|t:|1685841695
|move|p1a: Dragapult|Light Screen|p1a: Dragapult
|-sidestart|p1: shoomy|move: Light Screen
|move|p2a: 大老婆|Moonblast|p1a: Dragapult
|-supereffective|p1a: Dragapult
|-damage|p1a: Dragapult|6/100
|
|upkeep
|turn|2
|
|t:|1685841707
|switch|p1a: Cresselia|Cresselia, F|100/100
|move|p2a: 大老婆|Moonblast|p1a: Cresselia
|-damage|p1a: Cresselia|82/100
|
|-heal|p1a: Cresselia|88/100|[from] item: Leftovers
|upkeep
|turn|3
|
|t:|1685841719
|switch|p2a: 姬霓太美|Pelipper, M, shiny|100/100
|-weather|RainDance|[from] ability: Drizzle|[of] p2a: 姬霓太美
|move|p1a: Cresselia|Thunder Wave|p2a: 姬霓太美
|-status|p2a: 姬霓太美|par
|
|-weather|RainDance|[upkeep]
|-heal|p1a: Cresselia|94/100|[from] item: Leftovers
|upkeep
|turn|4
|
|t:|1685841732
|move|p1a: Cresselia|Moonblast|p2a: 姬霓太美
|-crit|p2a: 姬霓太美
|-damage|p2a: 姬霓太美|61/100 par
|cant|p2a: 姬霓太美|par
|
|-weather|RainDance|[upkeep]
|-heal|p1a: Cresselia|99/100|[from] item: Leftovers
|upkeep
|turn|5
|
|t:|1685841741
|move|p1a: Cresselia|Psychic|p2a: 姬霓太美
|-damage|p2a: 姬霓太美|24/100 par
|cant|p2a: 姬霓太美|par
|
|-weather|RainDance|[upkeep]
|-heal|p1a: Cresselia|100/100|[from] item: Leftovers
|upkeep
|turn|6
|
|t:|1685841753
|switch|p2a: 你能干什么|Braviary-Hisui, M, shiny|100/100
|move|p1a: Cresselia|Psychic|p2a: 你能干什么
|-resisted|p2a: 你能干什么
|-damage|p2a: 你能干什么|88/100
|
|-weather|RainDance|[upkeep]
|upkeep
|turn|7
|
|t:|1685841767
|move|p1a: Cresselia|Thunder Wave|p2a: 你能干什么
|-status|p2a: 你能干什么|par
|cant|p2a: 你能干什么|par
|
|-weather|RainDance|[upkeep]
|upkeep
|turn|8
|c|☆jinitaimeiniganma|。。。。。。。。。。
|inactive|Battle timer is ON: inactive players will automatically lose when time's up. (requested by jinitaimeiniganma)
|
|t:|1685841800
|move|p1a: Cresselia|Moonlight|p1a: Cresselia
|-fail|p1a: Cresselia|heal
|cant|p2a: 你能干什么|par
|
|-weather|RainDance|[upkeep]
|-sideend|p1: shoomy|move: Light Screen
|upkeep
|turn|9
|
|t:|1685841808
|move|p1a: Cresselia|Moonblast|p2a: 你能干什么
|-damage|p2a: 你能干什么|68/100 par
|-unboost|p2a: 你能干什么|spa|1
|cant|p2a: 你能干什么|par
|
|-weather|RainDance|[upkeep]
|upkeep
|turn|10
|c|☆jinitaimeiniganma|？
|
|t:|1685841823
|move|p1a: Cresselia|Moonblast|p2a: 你能干什么
|-damage|p2a: 你能干什么|50/100 par
|move|p2a: 你能干什么|Esper Wing|p1a: Cresselia
|-resisted|p1a: Cresselia
|-damage|p1a: Cresselia|88/100
|-boost|p2a: 你能干什么|spe|1
|
|-weather|none
|-heal|p1a: Cresselia|94/100|[from] item: Leftovers
|upkeep
|turn|11
|
|t:|1685841837
|switch|p2a: 姬霓太美|Pelipper, M, shiny|24/100 par
|-weather|RainDance|[from] ability: Drizzle|[of] p2a: 姬霓太美
|move|p1a: Cresselia|Moonblast|p2a: 姬霓太美
|-damage|p2a: 姬霓太美|0 fnt
|faint|p2a: 姬霓太美
|
|-weather|RainDance|[upkeep]
|-heal|p1a: Cresselia|99/100|[from] item: Leftovers
|upkeep
|
|t:|1685841842
|switch|p2a: 回来吧扫墓|Basculegion, M, shiny|100/100
|turn|12
|
|t:|1685841859
|-terastallize|p2a: 回来吧扫墓|Ghost
|-terastallize|p1a: Cresselia|Fairy
|move|p2a: 回来吧扫墓|Tera Blast|p1a: Cresselia
|-damage|p1a: Cresselia|46/100
|move|p1a: Cresselia|Thunder Wave|p2a: 回来吧扫墓
|-status|p2a: 回来吧扫墓|par
|
|-weather|RainDance|[upkeep]
|-heal|p1a: Cresselia|52/100|[from] item: Leftovers
|upkeep
|turn|13
|
|t:|1685841874
|move|p2a: 回来吧扫墓|Tera Blast|p1a: Cresselia
|-damage|p1a: Cresselia|0 fnt
|faint|p1a: Cresselia
|
|-weather|RainDance|[upkeep]
|upkeep
|
|t:|1685841889
|switch|p1a: Dragapult|Dragapult, F|6/100
|turn|14
|
|t:|1685841898
|move|p1a: Dragapult|Sunny Day|p1a: Dragapult
|-weather|SunnyDay
|move|p2a: 回来吧扫墓|Tera Blast|p1a: Dragapult
|-supereffective|p1a: Dragapult
|-damage|p1a: Dragapult|0 fnt
|-start|p2a: 回来吧扫墓|Disable|Tera Blast|[from] ability: Cursed Body|[of] p1a: Dragapult
|faint|p1a: Dragapult
|
|-weather|SunnyDay|[upkeep]
|upkeep
|
|t:|1685841912
|switch|p1a: Arcanine|Arcanine-Hisui, M|100/100
|turn|15
|
|t:|1685841921
|switch|p2a: Landorus|Landorus-Therian, M, shiny|100/100
|-ability|p2a: Landorus|Intimidate|boost
|-unboost|p1a: Arcanine|atk|1
|move|p1a: Arcanine|Flare Blitz|p2a: Landorus
|-damage|p2a: Landorus|11/100
|-damage|p1a: Arcanine|91/100|[from] item: Life Orb
|
|-weather|SunnyDay|[upkeep]
|upkeep
|turn|16
|
|t:|1685841933
|move|p1a: Arcanine|Extreme Speed|p2a: Landorus
|-damage|p2a: Landorus|0 fnt
|faint|p2a: Landorus
|-damage|p1a: Arcanine|81/100|[from] item: Life Orb
|
|-weather|SunnyDay|[upkeep]
|upkeep
|
|t:|1685841943
|switch|p2a: 大老婆|Enamorus, F, shiny|100/100
|turn|17
|
|t:|1685841951
|move|p2a: 大老婆|Earth Power|p1a: Arcanine
|-supereffective|p1a: Arcanine
|-damage|p1a: Arcanine|0 fnt
|faint|p1a: Arcanine
|
|-weather|SunnyDay|[upkeep]
|upkeep
|
|t:|1685841960
|switch|p1a: Torkoal|Torkoal, F|100/100
|turn|18
|
|t:|1685841968
|move|p2a: 大老婆|Earth Power|p1a: Torkoal
|-supereffective|p1a: Torkoal
|-damage|p1a: Torkoal|0 fnt
|faint|p1a: Torkoal
|
|-weather|none
|upkeep
|
|t:|1685841980
|switch|p1a: Walking Wake|Walking Wake|100/100
|turn|19
|
|t:|1685841990
|switch|p2a: Zapdos|Zapdos|100/100
|move|p1a: Walking Wake|Hydro Steam|p2a: Zapdos
|-damage|p2a: Zapdos|55/100
|
|upkeep
|turn|20
|
|t:|1685842003
|move|p1a: Walking Wake|Hydro Steam|p2a: Zapdos
|-damage|p2a: Zapdos|5/100
|move|p2a: Zapdos|Volt Switch|p1a: Walking Wake
|-damage|p1a: Walking Wake|55/100
|
|t:|1685842007
|switch|p2a: 大老婆|Enamorus, F, shiny|100/100|[from] Volt Switch
|
|upkeep
|turn|21
|
|t:|1685842019
|move|p1a: Walking Wake|Hydro Steam|p2a: 大老婆
|-damage|p2a: 大老婆|40/100
|move|p2a: 大老婆|Moonblast|p1a: Walking Wake
|-supereffective|p1a: Walking Wake
|-damage|p1a: Walking Wake|0 fnt
|faint|p1a: Walking Wake
|-end|p1a: Walking Wake|Protosynthesis|[silent]
|
|upkeep
|
|t:|1685842028
|switch|p1a: Lilligant|Lilligant, F|100/100
|turn|22
|
|t:|1685842035
|move|p2a: 大老婆|Moonblast|p1a: Lilligant
|-damage|p1a: Lilligant|0 fnt
|faint|p1a: Lilligant
|
|win|jinitaimeiniganma
|raw|shoomy's rating: 1115 → 1091(-24 for losing)
|raw|jinitaimeiniganma's rating: 1129 → 1153(+24 for winning)
|l|☆shoomy
