|j|☆EtherSword
|j|☆carnji
|t:|1685917808
|gametype|singles
|player|p1|EtherSword|unknown|1245
|player|p2|carnji|volkner|1300
|teamsize|p1|6
|teamsize|p2|6
|gen|9
|tier|[Gen 9] OU
|rated|
|rule|Sleep Clause Mod: Limit one foe put to sleep
|rule|Species Clause: Limit one of each Pokémon
|rule|OHKO Clause: OHKO moves are banned
|rule|Evasion Items Clause: Evasion items are banned
|rule|Evasion Moves Clause: Evasion moves are banned
|rule|Endless Battle Clause: Forcing endless battles is banned
|rule|HP Percentage Mod: HP is shown in percentages
|clearpoke
|poke|p1|Thundurus-Therian, M|
|poke|p1|Sneasler, F|
|poke|p1|Dragonite, M|
|poke|p1|Torkoal, M|
|poke|p1|Walking Wake|
|poke|p1|Grimmsnarl, M|
|poke|p2|Cresselia, F|
|poke|p2|Tauros-Paldea-Aqua, M|
|poke|p2|Clodsire, M|
|poke|p2|Blissey, F|
|poke|p2|Alomomola, M|
|poke|p2|Amoonguss, F|
|teampreview
|inactive|Battle timer is ON: inactive players will automatically lose when time's up. (requested by carnji)
|inactive|EtherSword also wants the timer to be on.
|
|t:|1685917819
|start
|switch|p1a: Torkoal|Torkoal, M|100/100
|switch|p2a: Blissey|Blissey, F|100/100
|-weather|SunnyDay|[from] ability: Drought|[of] p1a: Torkoal
|turn|1
|inactive|carnji has 120 seconds left.
|inactive|carnji has 90 seconds left.
|
|t:|1685917893
|switch|p1a: Thundurus|Thundurus-Therian, M|100/100
|move|p2a: Blissey|Stealth Rock|p1a: Thundurus
|-sidestart|p1: EtherSword|move: Stealth Rock
|
|-weather|SunnyDay|[upkeep]
|upkeep
|turn|2
|
|t:|1685917901
|move|p1a: Thundurus|Focus Blast|p2a: Blissey
|-supereffective|p2a: Blissey
|-damage|p2a: Blissey|51/100
|-unboost|p2a: Blissey|spd|1
|move|p2a: Blissey|Seismic Toss|p1a: Thundurus
|-damage|p1a: Thundurus|67/100
|
|-weather|SunnyDay|[upkeep]
|upkeep
|turn|3
|inactive|carnji has 90 seconds left.
|
|t:|1685917928
|switch|p2a: Clodsire|Clodsire, M|100/100
|move|p1a: Thundurus|Focus Blast|p2a: Clodsire
|-resisted|p2a: Clodsire
|-damage|p2a: Clodsire|83/100
|
|-weather|SunnyDay|[upkeep]
|upkeep
|turn|4
|
|t:|1685917946
|switch|p1a: Sneasler|Sneasler, F|100/100
|-damage|p1a: Sneasler|95/100|[from] Stealth Rock
|move|p2a: Clodsire|Toxic|p1a: Sneasler
|-immune|p1a: Sneasler
|
|-weather|SunnyDay|[upkeep]
|upkeep
|turn|5
|inactive|carnji has 90 seconds left.
|inactive|carnji has 60 seconds left.
|
|t:|1685917988
|switch|p2a: Tauros|Tauros-Paldea-Aqua, M|100/100
|-ability|p2a: Tauros|Intimidate|boost
|-unboost|p1a: Sneasler|atk|1
|-enditem|p1a: Sneasler|White Herb
|-clearnegativeboost|p1a: Sneasler|[silent]
|move|p1a: Sneasler|Swords Dance|p1a: Sneasler
|-boost|p1a: Sneasler|atk|2
|
|-weather|SunnyDay|[upkeep]
|upkeep
|turn|6
|inactive|carnji has 60 seconds left.
|
|t:|1685918001
|switch|p2a: Clodsire|Clodsire, M|83/100
|move|p1a: Sneasler|Acrobatics|p2a: Clodsire
|-damage|p2a: Clodsire|39/100
|
|-weather|SunnyDay|[upkeep]
|upkeep
|turn|7
|inactive|carnji has 60 seconds left.
|
|t:|1685918020
|switch|p2a: Cresselia|Cresselia, F|100/100
|move|p1a: Sneasler|Acrobatics|p2a: Cresselia
|-damage|p2a: Cresselia|54/100
|
|-weather|SunnyDay|[upkeep]
|upkeep
|turn|8
|
|t:|1685918029
|-terastallize|p1a: Sneasler|Flying
|move|p1a: Sneasler|Acrobatics|p2a: Cresselia
|-damage|p2a: Cresselia|0 fnt
|faint|p2a: Cresselia
|
|-weather|none
|upkeep
|
|t:|1685918034
|switch|p2a: Alomomola|Alomomola, M|100/100
|turn|9
|
|t:|1685918043
|move|p1a: Sneasler|Swords Dance|p1a: Sneasler
|-boost|p1a: Sneasler|atk|2
|move|p2a: Alomomola|Whirlpool|p1a: Sneasler
|-damage|p1a: Sneasler|86/100
|-activate|p1a: Sneasler|move: Whirlpool|[of] p2a: Alomomola
|
|-damage|p1a: Sneasler|74/100|[from] move: Whirlpool|[partiallytrapped]
|upkeep
|turn|10
|
|t:|1685918061
|move|p2a: Alomomola|Protect|p2a: Alomomola
|-singleturn|p2a: Alomomola|Protect
|move|p1a: Sneasler|Dire Claw|p2a: Alomomola
|-activate|p2a: Alomomola|move: Protect
|
|-damage|p1a: Sneasler|62/100|[from] move: Whirlpool|[partiallytrapped]
|upkeep
|turn|11
|
|t:|1685918067
|move|p1a: Sneasler|Acrobatics|p2a: Alomomola
|-damage|p2a: Alomomola|8/100
|move|p2a: Alomomola|Wish|p2a: Alomomola
|
|-damage|p1a: Sneasler|49/100|[from] move: Whirlpool|[partiallytrapped]
|upkeep
|turn|12
|
|t:|1685918071
|move|p2a: Alomomola|Protect|p2a: Alomomola
|-singleturn|p2a: Alomomola|Protect
|move|p1a: Sneasler|Swords Dance|p1a: Sneasler
|-boost|p1a: Sneasler|atk|2
|
|-heal|p2a: Alomomola|58/100|[from] move: Wish|[wisher] Alomomola
|-damage|p1a: Sneasler|37/100|[from] move: Whirlpool|[partiallytrapped]
|upkeep
|turn|13
|-message|carnji forfeited.
|
|win|EtherSword
|raw|EtherSword's rating: 1245 → 1274(+29 for winning)
|raw|carnji's rating: 1300 → 1271(-29 for losing)
|l|☆carnji
|c|☆EtherSword|lol
