|j|☆Hamwhich Haver
|j|☆EltioTochi
|t:|1685841092
|gametype|singles
|player|p1|Hamwhich Haver|parasollady|1000
|player|p2|EltioTochi|whitney|1084
|teamsize|p1|6
|teamsize|p2|6
|gen|9
|tier|[Gen 9] OU
|rated|
|rule|Sleep Clause Mod: Limit one foe put to sleep
|rule|Species Clause: Limit one of each Pokémon
|rule|OHKO Clause: OHKO moves are banned
|rule|Evasion Items Clause: Evasion items are banned
|rule|Evasion Moves Clause: Evasion moves are banned
|rule|Endless Battle Clause: Forcing endless battles is banned
|rule|HP Percentage Mod: HP is shown in percentages
|clearpoke
|poke|p1|Chien-Pao|
|poke|p1|Ursaluna, F|
|poke|p1|Cresselia, F|
|poke|p1|Ditto|
|poke|p1|Samurott-Hisui, F|
|poke|p1|Iron Moth|
|poke|p2|Typhlosion-Hisui, F|
|poke|p2|Kleavor, F|
|poke|p2|Enamorus-Therian, F|
|poke|p2|Chien-Pao|
|poke|p2|Torkoal, M|
|poke|p2|Gholdengo|
|teampreview
|inactive|Battle timer is ON: inactive players will automatically lose when time's up. (requested by Hamwhich Haver)
|
|t:|1685841116
|start
|switch|p1a: Cresselia|Cresselia, F|100/100
|switch|p2a: Kleavor|Kleavor, F|100/100
|turn|1
|
|t:|1685841123
|move|p2a: Kleavor|X-Scissor|p1a: Cresselia
|-supereffective|p1a: Cresselia
|-damage|p1a: Cresselia|0 fnt
|faint|p1a: Cresselia
|
|upkeep
|
|t:|1685841129
|switch|p1a: Ursaluna|Ursaluna, F|100/100
|turn|2
|
|t:|1685841135
|switch|p2a: Chien-Pao|Chien-Pao|100/100
|-ability|p2a: Chien-Pao|Sword of Ruin
|move|p1a: Ursaluna|Earthquake|p2a: Chien-Pao
|-damage|p2a: Chien-Pao|24/100
|
|-status|p1a: Ursaluna|brn|[from] item: Flame Orb
|upkeep
|turn|3
|
|t:|1685841155
|move|p2a: Chien-Pao|Ice Spinner|p1a: Ursaluna
|-supereffective|p1a: Ursaluna
|-damage|p1a: Ursaluna|22/100 brn
|move|p1a: Ursaluna|Facade|p2a: Chien-Pao
|-damage|p2a: Chien-Pao|0 fnt
|faint|p2a: Chien-Pao
|
|-damage|p1a: Ursaluna|15/100 brn|[from] brn
|upkeep
|inactive|EltioTochi has 120 seconds left.
|
|t:|1685841199
|switch|p2a: Kleavor|Kleavor, F|100/100
|turn|4
|
|t:|1685841203
|move|p2a: Kleavor|Stone Axe|p1a: Ursaluna
|-resisted|p1a: Ursaluna
|-damage|p1a: Ursaluna|0 fnt
|-sidestart|p1: Hamwhich Haver|move: Stealth Rock
|faint|p1a: Ursaluna
|
|upkeep
|
|t:|1685841219
|switch|p1a: Squiggle|Ditto, shiny|100/100
|-damage|p1a: Squiggle|88/100|[from] Stealth Rock
|-transform|p1a: Squiggle|p2a: Kleavor|[from] ability: Imposter
|turn|5
|
|t:|1685841228
|move|p1a: Squiggle|Stone Axe|p2a: Kleavor
|-supereffective|p2a: Kleavor
|-damage|p2a: Kleavor|0 fnt
|-sidestart|p2: EltioTochi|move: Stealth Rock
|faint|p2a: Kleavor
|
|upkeep
|
|t:|1685841232
|switch|p2a: Enamorus|Enamorus-Therian, F|100/100
|-damage|p2a: Enamorus|75/100|[from] Stealth Rock
|turn|6
|
|t:|1685841235
|-terastallize|p2a: Enamorus|Steel
|move|p1a: Squiggle|Stone Axe|p2a: Enamorus
|-resisted|p2a: Enamorus
|-damage|p2a: Enamorus|50/100
|move|p2a: Enamorus|Iron Defense|p2a: Enamorus
|-boost|p2a: Enamorus|def|2
|
|-heal|p2a: Enamorus|56/100|[from] item: Leftovers
|upkeep
|turn|7
|
|t:|1685841246
|move|p1a: Squiggle|Stone Axe|p2a: Enamorus
|-resisted|p2a: Enamorus
|-damage|p2a: Enamorus|44/100
|move|p2a: Enamorus|Calm Mind|p2a: Enamorus
|-boost|p2a: Enamorus|spa|1
|-boost|p2a: Enamorus|spd|1
|
|-heal|p2a: Enamorus|50/100|[from] item: Leftovers
|upkeep
|turn|8
|
|t:|1685841250
|switch|p1a: Iron Moth|Iron Moth|100/100
|-damage|p1a: Iron Moth|76/100|[from] Stealth Rock
|move|p2a: Enamorus|Calm Mind|p2a: Enamorus
|-boost|p2a: Enamorus|spa|1
|-boost|p2a: Enamorus|spd|1
|
|-heal|p2a: Enamorus|57/100|[from] item: Leftovers
|upkeep
|turn|9
|
|t:|1685841255
|move|p1a: Iron Moth|Fiery Dance|p2a: Enamorus
|-supereffective|p2a: Enamorus
|-damage|p2a: Enamorus|0 fnt
|-boost|p1a: Iron Moth|spa|1
|faint|p2a: Enamorus
|
|upkeep
|
|t:|1685841261
|switch|p2a: Torkoal|Torkoal, M|100/100
|-damage|p2a: Torkoal|76/100|[from] Stealth Rock
|-weather|SunnyDay|[from] ability: Drought|[of] p2a: Torkoal
|turn|10
|
|t:|1685841267
|-end|p1a: Iron Moth|Quark Drive|[silent]
|switch|p1a: Squiggle|Ditto, shiny|88/100
|-damage|p1a: Squiggle|76/100|[from] Stealth Rock
|-transform|p1a: Squiggle|p2a: Torkoal|[from] ability: Imposter
|move|p2a: Torkoal|Yawn|p1a: Squiggle
|-start|p1a: Squiggle|move: Yawn|[of] p2a: Torkoal
|
|-weather|SunnyDay|[upkeep]
|upkeep
|turn|11
|
|t:|1685841271
|move|p1a: Squiggle|Yawn|p2a: Torkoal
|-start|p2a: Torkoal|move: Yawn|[of] p1a: Squiggle
|move|p2a: Torkoal|Rapid Spin|p1a: Squiggle
|-damage|p1a: Squiggle|68/100
|-boost|p2a: Torkoal|spe|1
|-sideend|p2: EltioTochi|Stealth Rock|[from] move: Rapid Spin|[of] p2a: Torkoal
|
|-weather|SunnyDay|[upkeep]
|-end|p1a: Squiggle|move: Yawn|[silent]
|-status|p1a: Squiggle|slp
|upkeep
|turn|12
|
|t:|1685841285
|switch|p2a: Typhlosion|Typhlosion-Hisui, F|100/100
|-item|p1a: Squiggle|Choice Scarf|[from] ability: Frisk|[of] p2a: Typhlosion|[identify]
|switch|p1a: Chien-Pao|Chien-Pao|100/100
|-damage|p1a: Chien-Pao|76/100|[from] Stealth Rock
|-ability|p1a: Chien-Pao|Sword of Ruin
|
|-weather|SunnyDay|[upkeep]
|upkeep
|turn|13
|
|t:|1685841305
|move|p2a: Typhlosion|Eruption|p1a: Chien-Pao
|-supereffective|p1a: Chien-Pao
|-damage|p1a: Chien-Pao|0 fnt
|faint|p1a: Chien-Pao
|
|-weather|SunnyDay|[upkeep]
|upkeep
|
|t:|1685841317
|switch|p1a: Spikey|Samurott-Hisui, F|100/100
|-damage|p1a: Spikey|88/100|[from] Stealth Rock
|turn|14
|
|t:|1685841326
|-terastallize|p1a: Spikey|Water
|move|p2a: Typhlosion|Eruption|p1a: Spikey
|-resisted|p1a: Spikey
|-damage|p1a: Spikey|0 fnt
|faint|p1a: Spikey
|
|-weather|SunnyDay|[upkeep]
|upkeep
|
|t:|1685841337
|switch|p1a: Squiggle|Ditto, shiny|68/100 slp
|-damage|p1a: Squiggle|56/100 slp|[from] Stealth Rock
|-transform|p1a: Squiggle|p2a: Typhlosion|[from] ability: Imposter
|-item|p2a: Typhlosion|Choice Scarf|[from] ability: Frisk|[of] p1a: Squiggle|[identify]
|turn|15
|
|t:|1685841344
|move|p2a: Typhlosion|Eruption|p1a: Squiggle
|-resisted|p1a: Squiggle
|-damage|p1a: Squiggle|0 fnt
|faint|p1a: Squiggle
|
|-weather|SunnyDay|[upkeep]
|upkeep
|
|t:|1685841347
|switch|p1a: Iron Moth|Iron Moth|76/100
|-damage|p1a: Iron Moth|51/100|[from] Stealth Rock
|turn|16
|
|t:|1685841352
|move|p2a: Typhlosion|Eruption|p1a: Iron Moth
|-resisted|p1a: Iron Moth
|-damage|p1a: Iron Moth|0 fnt
|faint|p1a: Iron Moth
|-end|p1a: Iron Moth|Quark Drive|[silent]
|
|win|EltioTochi
|raw|Hamwhich Haver's rating: 1000 → 1000(+0 for losing)
|raw|EltioTochi's rating: 1084 → 1105(+21 for winning)
