|j|☆forwards knights
|j|☆lucenthine
|t:|1685849951
|gametype|singles
|player|p1|forwards knights|169|1469
|player|p2|lucenthine|schoolkid-gen4|1540
|teamsize|p1|6
|teamsize|p2|6
|gen|9
|tier|[Gen 9] OU
|rated|
|rule|Sleep Clause Mod: Limit one foe put to sleep
|rule|Species Clause: Limit one of each Pokémon
|rule|OHKO Clause: OHKO moves are banned
|rule|Evasion Items Clause: Evasion items are banned
|rule|Evasion Moves Clause: Evasion moves are banned
|rule|Endless Battle Clause: Forcing endless battles is banned
|rule|HP Percentage Mod: HP is shown in percentages
|clearpoke
|poke|p1|Corviknight, M|
|poke|p1|Landorus-Therian, M|
|poke|p1|Heatran, F|
|poke|p1|Urshifu-*, F|
|poke|p1|Chien-Pao|
|poke|p1|Zapdos|
|poke|p2|Pelipper, M|
|poke|p2|Overqwil, M|
|poke|p2|Gholdengo|
|poke|p2|Basculegion-F, F|
|poke|p2|Amoonguss, M|
|poke|p2|Great Tusk|
|teampreview
|inactive|Battle timer is ON: inactive players will automatically lose when time's up. (requested by lucenthine)
|inactive|lucenthine has 120 seconds left.
|
|t:|1685849989
|start
|switch|p1a: Zapdos|Zapdos|100/100
|switch|p2a: Pelipe|Pelipper, M, shiny|100/100
|-weather|RainDance|[from] ability: Drizzle|[of] p2a: Pelipe
|turn|1
|
|t:|1685849998
|switch|p2a: LINK|Amoonguss, M, shiny|100/100
|move|p1a: Zapdos|Hurricane|p2a: LINK
|-supereffective|p2a: LINK
|-damage|p2a: LINK|28/100
|-enditem|p2a: LINK|Eject Button
|
|t:|1685850004
|switch|p2a: Basculegion|Basculegion-F, F|100/100
|
|-weather|RainDance|[upkeep]
|upkeep
|turn|2
|
|t:|1685850007
|-terastallize|p2a: Basculegion|Water
|-terastallize|p1a: Zapdos|Water
|move|p2a: Basculegion|Surf|p1a: Zapdos
|-resisted|p1a: Zapdos
|-damage|p1a: Zapdos|36/100
|move|p1a: Zapdos|Volt Switch|p2a: Basculegion
|-supereffective|p2a: Basculegion
|-damage|p2a: Basculegion|32/100
|
|t:|1685850017
|switch|p1a: Chien-Pao|Chien-Pao|100/100|[from] Volt Switch
|-ability|p1a: Chien-Pao|Sword of Ruin
|
|-weather|RainDance|[upkeep]
|upkeep
|turn|3
|
|t:|1685850031
|switch|p2a: Overqwil|Overqwil, M, shiny|100/100
|move|p1a: Chien-Pao|Sucker Punch||[still]
|-fail|p1a: Chien-Pao
|
|-weather|RainDance|[upkeep]
|upkeep
|turn|4
|
|t:|1685850039
|switch|p1a: Corviknight|Corviknight, M|100/100
|-ability|p1a: Corviknight|Pressure
|move|p2a: Overqwil|Crunch|p1a: Corviknight
|-damage|p1a: Corviknight|76/100
|-damage|p2a: Overqwil|84/100|[from] item: Rocky Helmet|[of] p1a: Corviknight
|
|-weather|RainDance|[upkeep]
|upkeep
|turn|5
|
|t:|1685850052
|switch|p2a: Pelipe|Pelipper, M, shiny|100/100
|move|p1a: Corviknight|Body Press|p2a: Pelipe
|-resisted|p2a: Pelipe
|-damage|p2a: Pelipe|91/100
|
|-weather|RainDance|[upkeep]
|upkeep
|turn|6
|
|t:|1685850061
|move|p1a: Corviknight|U-turn|p2a: Pelipe
|-resisted|p2a: Pelipe
|-damage|p2a: Pelipe|85/100
|
|t:|1685850063
|switch|p1a: Urshifu|Urshifu-Rapid-Strike, F|100/100|[from] U-turn
|move|p2a: Pelipe|U-turn|p1a: Urshifu
|-resisted|p1a: Urshifu
|-damage|p1a: Urshifu|96/100
|
|t:|1685850075
|switch|p2a: Basculegion|Basculegion-F, F, tera:Water|32/100|[from] U-turn
|
|-weather|RainDance|[upkeep]
|upkeep
|turn|7
|
|t:|1685850084
|move|p2a: Basculegion|Hydro Pump|p1a: Urshifu
|-resisted|p1a: Urshifu
|-damage|p1a: Urshifu|0 fnt
|faint|p1a: Urshifu
|
|-weather|RainDance|[upkeep]
|upkeep
|
|t:|1685850091
|switch|p1a: Chien-Pao|Chien-Pao|100/100
|-ability|p1a: Chien-Pao|Sword of Ruin
|turn|8
|
|t:|1685850101
|switch|p2a: Overqwil|Overqwil, M, shiny|84/100
|move|p1a: Chien-Pao|Sacred Sword|p2a: Overqwil
|-damage|p2a: Overqwil|34/100
|
|-weather|none
|upkeep
|turn|9
|
|t:|1685850110
|switch|p1a: Zapdos|Zapdos, tera:Water|36/100
|switch|p2a: Pelipe|Pelipper, M, shiny|85/100
|-weather|RainDance|[from] ability: Drizzle|[of] p2a: Pelipe
|
|-weather|RainDance|[upkeep]
|upkeep
|turn|10
|
|t:|1685850121
|switch|p2a: Gholdengo|Gholdengo|100/100
|move|p1a: Zapdos|Hurricane|p2a: Gholdengo
|-resisted|p2a: Gholdengo
|-damage|p2a: Gholdengo|79/100
|-start|p2a: Gholdengo|confusion
|
|-weather|RainDance|[upkeep]
|-heal|p2a: Gholdengo|85/100|[from] item: Leftovers
|upkeep
|turn|11
|
|t:|1685850134
|move|p1a: Zapdos|Volt Switch|p2a: Gholdengo
|-crit|p2a: Gholdengo
|-damage|p2a: Gholdengo|41/100
|
|t:|1685850137
|switch|p1a: Landorus|Landorus-Therian, M|100/100|[from] Volt Switch
|-ability|p1a: Landorus|Intimidate|boost
|-unboost|p2a: Gholdengo|atk|1
|-activate|p2a: Gholdengo|confusion
|move|p2a: Gholdengo|Thunder Wave|p1a: Landorus
|-immune|p1a: Landorus
|
|-weather|RainDance|[upkeep]
|-heal|p2a: Gholdengo|47/100|[from] item: Leftovers
|upkeep
|turn|12
|
|t:|1685850161
|switch|p2a: Overqwil|Overqwil, M, shiny|34/100
|move|p1a: Landorus|Earthquake|p2a: Overqwil
|-supereffective|p2a: Overqwil
|-damage|p2a: Overqwil|0 fnt
|faint|p2a: Overqwil
|
|-weather|RainDance|[upkeep]
|upkeep
|
|t:|1685850168
|switch|p2a: Basculegion|Basculegion-F, F, tera:Water|32/100
|turn|13
|
|t:|1685850179
|switch|p1a: Corviknight|Corviknight, M|76/100
|-ability|p1a: Corviknight|Pressure
|move|p2a: Basculegion|Surf|p1a: Corviknight
|-damage|p1a: Corviknight|0 fnt
|faint|p1a: Corviknight
|
|-weather|RainDance|[upkeep]
|upkeep
|
|t:|1685850186
|switch|p1a: Chien-Pao|Chien-Pao|100/100
|-ability|p1a: Chien-Pao|Sword of Ruin
|turn|14
|
|t:|1685850202
|switch|p2a: LINK|Amoonguss, M, shiny|61/100
|move|p1a: Chien-Pao|Crunch|p2a: LINK
|-damage|p2a: LINK|20/100
|
|-weather|RainDance|[upkeep]
|upkeep
|turn|15
|
|t:|1685850209
|move|p1a: Chien-Pao|Crunch|p2a: LINK
|-damage|p2a: LINK|0 fnt
|faint|p2a: LINK
|
|-weather|RainDance|[upkeep]
|upkeep
|
|t:|1685850213
|switch|p2a: Pelipe|Pelipper, M, shiny|85/100
|turn|16
|
|t:|1685850217
|move|p1a: Chien-Pao|Crunch|p2a: Pelipe
|-damage|p2a: Pelipe|40/100
|move|p2a: Pelipe|Surf|p1a: Chien-Pao
|-damage|p1a: Chien-Pao|28/100
|
|-weather|none
|upkeep
|turn|17
|
|t:|1685850228
|switch|p2a: RAM & SLAM|Great Tusk, shiny|100/100
|move|p1a: Chien-Pao|Crunch|p2a: RAM & SLAM
|-resisted|p2a: RAM & SLAM
|-damage|p2a: RAM & SLAM|86/100
|
|-heal|p2a: RAM & SLAM|92/100|[from] item: Leftovers
|upkeep
|turn|18
|
|t:|1685850233
|switch|p1a: Landorus|Landorus-Therian, M|100/100
|-ability|p1a: Landorus|Intimidate|boost
|-unboost|p2a: RAM & SLAM|atk|1
|move|p2a: RAM & SLAM|Earthquake|p1a: Landorus
|-immune|p1a: Landorus
|
|-heal|p2a: RAM & SLAM|98/100|[from] item: Leftovers
|upkeep
|turn|19
|
|t:|1685850236
|-end|p2a: RAM & SLAM|Protosynthesis|[silent]
|switch|p2a: Pelipe|Pelipper, M, shiny|40/100
|-weather|RainDance|[from] ability: Drizzle|[of] p2a: Pelipe
|move|p1a: Landorus|Stealth Rock|p2a: Pelipe
|-sidestart|p2: lucenthine|move: Stealth Rock
|
|-weather|RainDance|[upkeep]
|upkeep
|turn|20
|
|t:|1685850243
|move|p1a: Landorus|U-turn|p2a: Pelipe
|-resisted|p2a: Pelipe
|-damage|p2a: Pelipe|31/100
|
|t:|1685850246
|switch|p1a: Heatran|Heatran, F|100/100|[from] U-turn
|move|p2a: Pelipe|U-turn|p1a: Heatran
|-resisted|p1a: Heatran
|-damage|p1a: Heatran|99/100
|
|t:|1685850252
|switch|p2a: Basculegion|Basculegion-F, F, tera:Water|32/100|[from] U-turn
|-damage|p2a: Basculegion|20/100|[from] Stealth Rock
|
|-weather|RainDance|[upkeep]
|-heal|p1a: Heatran|100/100|[from] item: Leftovers
|upkeep
|turn|21
|
|t:|1685850256
|move|p1a: Heatran|Protect|p1a: Heatran
|-singleturn|p1a: Heatran|Protect
|move|p2a: Basculegion|Surf|p1a: Heatran
|-activate|p1a: Heatran|move: Protect
|
|-weather|RainDance|[upkeep]
|upkeep
|turn|22
|
|t:|1685850259
|move|p2a: Basculegion|Surf|p1a: Heatran
|-supereffective|p1a: Heatran
|-damage|p1a: Heatran|0 fnt
|faint|p1a: Heatran
|
|-weather|RainDance|[upkeep]
|upkeep
|
|t:|1685850264
|switch|p1a: Chien-Pao|Chien-Pao|28/100
|-ability|p1a: Chien-Pao|Sword of Ruin
|turn|23
|
|t:|1685850271
|switch|p2a: Gholdengo|Gholdengo|47/100
|-damage|p2a: Gholdengo|41/100|[from] Stealth Rock
|move|p1a: Chien-Pao|Sucker Punch||[still]
|-fail|p1a: Chien-Pao
|
|-weather|RainDance|[upkeep]
|-heal|p2a: Gholdengo|47/100|[from] item: Leftovers
|upkeep
|turn|24
|
|t:|1685850274
|switch|p1a: Landorus|Landorus-Therian, M|100/100
|-ability|p1a: Landorus|Intimidate|boost
|-unboost|p2a: Gholdengo|atk|1
|move|p2a: Gholdengo|Thunder Wave|p1a: Landorus
|-immune|p1a: Landorus
|
|-weather|RainDance|[upkeep]
|-heal|p2a: Gholdengo|53/100|[from] item: Leftovers
|upkeep
|turn|25
|
|t:|1685850283
|switch|p2a: RAM & SLAM|Great Tusk, shiny|98/100
|-damage|p2a: RAM & SLAM|95/100|[from] Stealth Rock
|move|p1a: Landorus|Earthquake|p2a: RAM & SLAM
|-damage|p2a: RAM & SLAM|72/100
|
|-weather|RainDance|[upkeep]
|-heal|p2a: RAM & SLAM|78/100|[from] item: Leftovers
|upkeep
|turn|26
|
|t:|1685850296
|move|p1a: Landorus|Taunt|p2a: RAM & SLAM
|-start|p2a: RAM & SLAM|move: Taunt
|move|p2a: RAM & SLAM|Rapid Spin|p1a: Landorus
|-damage|p1a: Landorus|88/100
|-boost|p2a: RAM & SLAM|spe|1
|-sideend|p2: lucenthine|Stealth Rock|[from] move: Rapid Spin|[of] p2a: RAM & SLAM
|
|-weather|none
|-heal|p2a: RAM & SLAM|84/100|[from] item: Leftovers
|-heal|p1a: Landorus|94/100|[from] item: Leftovers
|upkeep
|turn|27
|
|t:|1685850301
|move|p2a: RAM & SLAM|Knock Off|p1a: Landorus
|-damage|p1a: Landorus|73/100
|-enditem|p1a: Landorus|Leftovers|[from] move: Knock Off|[of] p2a: RAM & SLAM
|move|p1a: Landorus|Stealth Rock|p2a: RAM & SLAM
|-sidestart|p2: lucenthine|move: Stealth Rock
|
|-heal|p2a: RAM & SLAM|91/100|[from] item: Leftovers
|upkeep
|turn|28
|
|t:|1685850306
|move|p2a: RAM & SLAM|Knock Off|p1a: Landorus
|-crit|p1a: Landorus
|-damage|p1a: Landorus|47/100
|move|p1a: Landorus|Earthquake|p2a: RAM & SLAM
|-damage|p2a: RAM & SLAM|66/100
|
|-heal|p2a: RAM & SLAM|72/100|[from] item: Leftovers
|-end|p2a: RAM & SLAM|move: Taunt
|upkeep
|turn|29
|
|t:|1685850310
|move|p2a: RAM & SLAM|Rapid Spin|p1a: Landorus
|-damage|p1a: Landorus|34/100
|-boost|p2a: RAM & SLAM|spe|1
|-sideend|p2: lucenthine|Stealth Rock|[from] move: Rapid Spin|[of] p2a: RAM & SLAM
|move|p1a: Landorus|Earthquake|p2a: RAM & SLAM
|-damage|p2a: RAM & SLAM|46/100
|
|-heal|p2a: RAM & SLAM|52/100|[from] item: Leftovers
|upkeep
|turn|30
|
|t:|1685850315
|move|p2a: RAM & SLAM|Knock Off|p1a: Landorus
|-damage|p1a: Landorus|17/100
|move|p1a: Landorus|Earthquake|p2a: RAM & SLAM
|-damage|p2a: RAM & SLAM|26/100
|
|-heal|p2a: RAM & SLAM|32/100|[from] item: Leftovers
|upkeep
|turn|31
|
|t:|1685850320
|move|p2a: RAM & SLAM|Stealth Rock|p1a: Landorus
|-sidestart|p1: forwards knights|move: Stealth Rock
|move|p1a: Landorus|Earthquake|p2a: RAM & SLAM
|-crit|p2a: RAM & SLAM
|-damage|p2a: RAM & SLAM|0 fnt
|faint|p2a: RAM & SLAM
|-end|p2a: RAM & SLAM|Protosynthesis|[silent]
|
|upkeep
|
|t:|1685850327
|switch|p2a: Pelipe|Pelipper, M, shiny|31/100
|-weather|RainDance|[from] ability: Drizzle|[of] p2a: Pelipe
|turn|32
|
|t:|1685850335
|move|p1a: Landorus|U-turn|p2a: Pelipe
|-resisted|p2a: Pelipe
|-damage|p2a: Pelipe|22/100
|
|t:|1685850337
|switch|p1a: Zapdos|Zapdos, tera:Water|36/100|[from] U-turn
|move|p2a: Pelipe|Hurricane|p1a: Zapdos
|-damage|p1a: Zapdos|2/100
|
|-weather|RainDance|[upkeep]
|upkeep
|turn|33
|
|t:|1685850347
|move|p1a: Zapdos|Hurricane|p2a: Pelipe
|-damage|p2a: Pelipe|0 fnt
|faint|p2a: Pelipe
|
|-weather|RainDance|[upkeep]
|upkeep
|
|t:|1685850349
|switch|p2a: Basculegion|Basculegion-F, F, tera:Water|20/100
|turn|34
|
|t:|1685850355
|move|p2a: Basculegion|Surf|p1a: Zapdos
|-resisted|p1a: Zapdos
|-damage|p1a: Zapdos|0 fnt
|faint|p1a: Zapdos
|
|-weather|RainDance|[upkeep]
|upkeep
|
|t:|1685850361
|switch|p1a: Chien-Pao|Chien-Pao|28/100
|-damage|p1a: Chien-Pao|3/100|[from] Stealth Rock
|-ability|p1a: Chien-Pao|Sword of Ruin
|turn|35
|
|t:|1685850367
|switch|p2a: Gholdengo|Gholdengo|53/100
|move|p1a: Chien-Pao|Crunch|p2a: Gholdengo
|-supereffective|p2a: Gholdengo
|-damage|p2a: Gholdengo|0 fnt
|faint|p2a: Gholdengo
|
|-weather|RainDance|[upkeep]
|upkeep
|
|t:|1685850372
|switch|p2a: Basculegion|Basculegion-F, F, tera:Water|20/100
|turn|36
|
|t:|1685850374
|move|p1a: Chien-Pao|Crunch|p2a: Basculegion
|-damage|p2a: Basculegion|0 fnt
|faint|p2a: Basculegion
|
|win|forwards knights
|raw|forwards knights's rating: 1469 → 1493(+24 for winning)
|raw|lucenthine's rating: 1540 → 1516(-24 for losing)
