|j|☆notafatcat
|j|☆LaxativeCement
|t:|1685905324
|gametype|singles
|player|p1|notafatcat|clown|1662
|player|p2|LaxativeCement|lucas|1668
|teamsize|p1|6
|teamsize|p2|6
|gen|9
|tier|[Gen 9] OU
|rated|
|rule|Sleep Clause Mod: Limit one foe put to sleep
|rule|Species Clause: Limit one of each Pokémon
|rule|OHKO Clause: OHKO moves are banned
|rule|Evasion Items Clause: Evasion items are banned
|rule|Evasion Moves Clause: Evasion moves are banned
|rule|Endless Battle Clause: Forcing endless battles is banned
|rule|HP Percentage Mod: HP is shown in percentages
|clearpoke
|poke|p1|Slowking-Galar, M|
|poke|p1|Magearna|
|poke|p1|Basculegion-F, F|
|poke|p1|Chien-Pao|
|poke|p1|Great Tusk|
|poke|p1|Ditto|
|poke|p2|Torkoal, M|
|poke|p2|Walking Wake|
|poke|p2|Charizard, F|
|poke|p2|Ceruledge, M|
|poke|p2|Great Tusk|
|poke|p2|Roaring Moon|
|teampreview
|inactive|Battle timer is ON: inactive players will automatically lose when time's up. (requested by LaxativeCement)
|
|t:|1685905335
|start
|switch|p1a: Basculegion|Basculegion-F, F|100/100
|switch|p2a: PACKWATCH|Torkoal, M|100/100
|-weather|SunnyDay|[from] ability: Drought|[of] p2a: PACKWATCH
|turn|1
|j| BenGayOintment
|
|t:|1685905342
|switch|p2a: Rarren Moon|Roaring Moon|100/100
|-activate|p2a: Rarren Moon|ability: Protosynthesis
|-start|p2a: Rarren Moon|protosynthesisspe
|move|p1a: Basculegion|Shadow Ball|p2a: Rarren Moon
|-resisted|p2a: Rarren Moon
|-damage|p2a: Rarren Moon|68/100
|
|-weather|SunnyDay|[upkeep]
|upkeep
|turn|2
|
|t:|1685905370
|switch|p1a: Magearna|Magearna|100/100
|move|p2a: Rarren Moon|U-turn|p1a: Magearna
|-resisted|p1a: Magearna
|-damage|p1a: Magearna|94/100
|
|t:|1685905372
|-end|p2a: Rarren Moon|Protosynthesis|[silent]
|switch|p2a: Chris Bosh|Charizard, F|100/100|[from] U-turn
|
|-weather|SunnyDay|[upkeep]
|-damage|p2a: Chris Bosh|88/100|[from] ability: Solar Power|[of] p2a: Chris Bosh
|-heal|p1a: Magearna|100/100|[from] item: Leftovers
|upkeep
|turn|3
|
|t:|1685905379
|switch|p1a: Ditto|Ditto|100/100
|-transform|p1a: Ditto|p2a: Chris Bosh|[from] ability: Imposter
|move|p2a: Chris Bosh|Overheat|p1a: Ditto
|-resisted|p1a: Ditto
|-crit|p1a: Ditto
|-damage|p1a: Ditto|0 fnt
|-unboost|p2a: Chris Bosh|spa|2
|faint|p1a: Ditto
|
|-weather|SunnyDay|[upkeep]
|-damage|p2a: Chris Bosh|76/100|[from] ability: Solar Power|[of] p2a: Chris Bosh
|upkeep
|
|t:|1685905387
|switch|p1a: Slowking|Slowking-Galar, M|100/100
|turn|4
|
|t:|1685905396
|switch|p2a: Rarren Moon|Roaring Moon|68/100
|-activate|p2a: Rarren Moon|ability: Protosynthesis
|-start|p2a: Rarren Moon|protosynthesisspe
|move|p1a: Slowking|Chilly Reception|p1a: Slowking
|-weather|Snow
|-end|p2a: Rarren Moon|Protosynthesis
|
|t:|1685905403
|switch|p1a: Chien-Pao|Chien-Pao|100/100|[from] Chilly Reception
|-ability|p1a: Chien-Pao|Sword of Ruin
|
|-weather|Snow|[upkeep]
|upkeep
|turn|5
|
|t:|1685905406
|-end|p2a: Rarren Moon|Protosynthesis|[silent]
|switch|p2a: PACKWATCH|Torkoal, M|100/100
|-weather|SunnyDay|[from] ability: Drought|[of] p2a: PACKWATCH
|move|p1a: Chien-Pao|Icicle Crash|p2a: PACKWATCH
|-resisted|p2a: PACKWATCH
|-damage|p2a: PACKWATCH|75/100
|
|-weather|SunnyDay|[upkeep]
|upkeep
|turn|6
|inactive|LaxativeCement has 120 seconds left.
|
|t:|1685905443
|switch|p2a: Mammoth Graveyard|Great Tusk|100/100
|-activate|p2a: Mammoth Graveyard|ability: Protosynthesis
|-start|p2a: Mammoth Graveyard|protosynthesisdef
|move|p1a: Chien-Pao|Icicle Crash|p2a: Mammoth Graveyard
|-supereffective|p2a: Mammoth Graveyard
|-damage|p2a: Mammoth Graveyard|39/100
|
|-weather|SunnyDay|[upkeep]
|-heal|p2a: Mammoth Graveyard|45/100|[from] item: Leftovers
|upkeep
|turn|7
|inactive|LaxativeCement has 120 seconds left.
|
|t:|1685905454
|switch|p1a: Slowking|Slowking-Galar, M|100/100
|move|p2a: Mammoth Graveyard|Earthquake|p1a: Slowking
|-supereffective|p1a: Slowking
|-damage|p1a: Slowking|7/100
|
|-weather|SunnyDay|[upkeep]
|-heal|p2a: Mammoth Graveyard|52/100|[from] item: Leftovers
|upkeep
|turn|8
|
|t:|1685905459
|switch|p1a: Great Tusk|Great Tusk|100/100
|-activate|p1a: Great Tusk|ability: Protosynthesis
|-start|p1a: Great Tusk|protosynthesisdef
|move|p2a: Mammoth Graveyard|Earthquake|p1a: Great Tusk
|-damage|p1a: Great Tusk|84/100
|
|-weather|SunnyDay|[upkeep]
|-heal|p1a: Great Tusk|90/100|[from] item: Leftovers
|-heal|p2a: Mammoth Graveyard|58/100|[from] item: Leftovers
|upkeep
|turn|9
|
|t:|1685905462
|move|p1a: Great Tusk|Stealth Rock|p2a: Mammoth Graveyard
|-sidestart|p2: LaxativeCement|move: Stealth Rock
|move|p2a: Mammoth Graveyard|Stealth Rock|p1a: Great Tusk
|-sidestart|p1: notafatcat|move: Stealth Rock
|
|-weather|SunnyDay|[upkeep]
|-heal|p1a: Great Tusk|96/100|[from] item: Leftovers
|-heal|p2a: Mammoth Graveyard|64/100|[from] item: Leftovers
|upkeep
|turn|10
|
|t:|1685905470
|move|p1a: Great Tusk|Earthquake|p2a: Mammoth Graveyard
|-damage|p2a: Mammoth Graveyard|49/100
|move|p2a: Mammoth Graveyard|Earthquake|p1a: Great Tusk
|-damage|p1a: Great Tusk|80/100
|
|-weather|SunnyDay|[upkeep]
|-heal|p1a: Great Tusk|86/100|[from] item: Leftovers
|-heal|p2a: Mammoth Graveyard|55/100|[from] item: Leftovers
|upkeep
|turn|11
|
|t:|1685905473
|move|p1a: Great Tusk|Knock Off|p2a: Mammoth Graveyard
|-resisted|p2a: Mammoth Graveyard
|-damage|p2a: Mammoth Graveyard|50/100
|-enditem|p2a: Mammoth Graveyard|Leftovers|[from] move: Knock Off|[of] p1a: Great Tusk
|move|p2a: Mammoth Graveyard|Rapid Spin|p1a: Great Tusk
|-damage|p1a: Great Tusk|81/100
|-boost|p2a: Mammoth Graveyard|spe|1
|-sideend|p2: LaxativeCement|Stealth Rock|[from] move: Rapid Spin|[of] p2a: Mammoth Graveyard
|
|-weather|SunnyDay|[upkeep]
|-heal|p1a: Great Tusk|88/100|[from] item: Leftovers
|upkeep
|turn|12
|
|t:|1685905480
|-end|p2a: Mammoth Graveyard|Protosynthesis|[silent]
|switch|p2a: Chris Bosh|Charizard, F|76/100
|move|p1a: Great Tusk|Stealth Rock|p2a: Chris Bosh
|-sidestart|p2: LaxativeCement|move: Stealth Rock
|
|-weather|none
|-end|p1a: Great Tusk|Protosynthesis
|-heal|p1a: Great Tusk|94/100|[from] item: Leftovers
|upkeep
|turn|13
|
|t:|1685905493
|-terastallize|p1a: Great Tusk|Water
|move|p2a: Chris Bosh|Flamethrower|p1a: Great Tusk
|-resisted|p1a: Great Tusk
|-damage|p1a: Great Tusk|48/100
|move|p1a: Great Tusk|Rapid Spin|p2a: Chris Bosh
|-damage|p2a: Chris Bosh|56/100
|-boost|p1a: Great Tusk|spe|1
|-sideend|p1: notafatcat|Stealth Rock|[from] move: Rapid Spin|[of] p1a: Great Tusk
|
|-heal|p1a: Great Tusk|54/100|[from] item: Leftovers
|upkeep
|turn|14
|
|t:|1685905502
|move|p1a: Great Tusk|Knock Off|p2a: Chris Bosh
|-damage|p2a: Chris Bosh|16/100
|-enditem|p2a: Chris Bosh|Choice Specs|[from] move: Knock Off|[of] p1a: Great Tusk
|move|p2a: Chris Bosh|Flamethrower|p1a: Great Tusk
|-resisted|p1a: Great Tusk
|-damage|p1a: Great Tusk|24/100
|
|-heal|p1a: Great Tusk|30/100|[from] item: Leftovers
|upkeep
|turn|15
|
|t:|1685905511
|move|p1a: Great Tusk|Knock Off|p2a: Chris Bosh
|-damage|p2a: Chris Bosh|0 fnt
|faint|p2a: Chris Bosh
|
|-heal|p1a: Great Tusk|37/100|[from] item: Leftovers
|upkeep
|
|t:|1685905521
|switch|p2a: Rarren Moon|Roaring Moon|68/100
|-damage|p2a: Rarren Moon|56/100|[from] Stealth Rock
|turn|16
|
|t:|1685905529
|move|p2a: Rarren Moon|Earthquake|p1a: Great Tusk
|-damage|p1a: Great Tusk|12/100
|move|p1a: Great Tusk|Earthquake|p2a: Rarren Moon
|-damage|p2a: Rarren Moon|4/100
|
|-heal|p1a: Great Tusk|18/100|[from] item: Leftovers
|upkeep
|turn|17
|
|t:|1685905537
|move|p2a: Rarren Moon|Earthquake|p1a: Great Tusk
|-damage|p1a: Great Tusk|0 fnt
|faint|p1a: Great Tusk
|-end|p1a: Great Tusk|Protosynthesis|[silent]
|
|upkeep
|
|t:|1685905541
|switch|p1a: Chien-Pao|Chien-Pao|100/100
|-ability|p1a: Chien-Pao|Sword of Ruin
|turn|18
|j| wig = snatched
|
|t:|1685905547
|move|p1a: Chien-Pao|Crunch|p2a: Rarren Moon
|-resisted|p2a: Rarren Moon
|-damage|p2a: Rarren Moon|0 fnt
|faint|p2a: Rarren Moon
|-end|p2a: Rarren Moon|Protosynthesis|[silent]
|
|upkeep
|
|t:|1685905550
|switch|p2a: PACKWATCH|Torkoal, M|75/100
|-damage|p2a: PACKWATCH|51/100|[from] Stealth Rock
|-weather|SunnyDay|[from] ability: Drought|[of] p2a: PACKWATCH
|turn|19
|
|t:|1685905557
|switch|p1a: Slowking|Slowking-Galar, M|40/100
|switch|p2a: Mammoth Graveyard|Great Tusk|50/100
|-damage|p2a: Mammoth Graveyard|47/100|[from] Stealth Rock
|-activate|p2a: Mammoth Graveyard|ability: Protosynthesis
|-start|p2a: Mammoth Graveyard|protosynthesisdef
|
|-weather|SunnyDay|[upkeep]
|upkeep
|turn|20
|
|t:|1685905567
|switch|p1a: Basculegion|Basculegion-F, F|100/100
|move|p2a: Mammoth Graveyard|Earthquake|p1a: Basculegion
|-damage|p1a: Basculegion|45/100
|
|-weather|SunnyDay|[upkeep]
|upkeep
|turn|21
|
|t:|1685905575
|move|p1a: Basculegion|Shadow Ball|p2a: Mammoth Graveyard
|-damage|p2a: Mammoth Graveyard|0 fnt
|faint|p2a: Mammoth Graveyard
|-end|p2a: Mammoth Graveyard|Protosynthesis|[silent]
|
|-weather|SunnyDay|[upkeep]
|upkeep
|
|t:|1685905581
|switch|p2a: WALKIN TO UR WAKE|Walking Wake|100/100
|-damage|p2a: WALKIN TO UR WAKE|88/100|[from] Stealth Rock
|-activate|p2a: WALKIN TO UR WAKE|ability: Protosynthesis
|-start|p2a: WALKIN TO UR WAKE|protosynthesisspe
|turn|22
|
|t:|1685905585
|-terastallize|p2a: WALKIN TO UR WAKE|Water
|move|p2a: WALKIN TO UR WAKE|Hydro Steam|p1a: Basculegion
|-resisted|p1a: Basculegion
|-damage|p1a: Basculegion|0 fnt
|faint|p1a: Basculegion
|
|-weather|SunnyDay|[upkeep]
|upkeep
|
|t:|1685905592
|switch|p1a: Slowking|Slowking-Galar, M|74/100
|turn|23
|
|t:|1685905595
|move|p2a: WALKIN TO UR WAKE|Hydro Steam|p1a: Slowking
|-damage|p1a: Slowking|1/100
|move|p1a: Slowking|Thunder Wave|p2a: WALKIN TO UR WAKE
|-status|p2a: WALKIN TO UR WAKE|par
|
|-weather|SunnyDay|[upkeep]
|upkeep
|turn|24
|c|☆LaxativeCement|mmmaaaaaannnnnnn
|c|☆LaxativeCement|fuck
|
|t:|1685905603
|cant|p2a: WALKIN TO UR WAKE|par
|move|p1a: Slowking|Chilly Reception|p1a: Slowking
|-weather|Snow
|-end|p2a: WALKIN TO UR WAKE|Protosynthesis
|
|t:|1685905607
|switch|p1a: Chien-Pao|Chien-Pao|100/100|[from] Chilly Reception
|-ability|p1a: Chien-Pao|Sword of Ruin
|
|-weather|Snow|[upkeep]
|upkeep
|turn|25
|c|☆notafatcat|slowking my boy
|c|☆notafatcat|i love you
|c| BenGayOintment|clutch
|c|☆LaxativeCement|that 1% was the longest yard
|
|t:|1685905630
|move|p1a: Chien-Pao|Crunch|p2a: WALKIN TO UR WAKE
|-damage|p2a: WALKIN TO UR WAKE|3/100 par
|move|p2a: WALKIN TO UR WAKE|Hydro Steam|p1a: Chien-Pao
|-damage|p1a: Chien-Pao|0 fnt
|faint|p1a: Chien-Pao
|
|-weather|Snow|[upkeep]
|upkeep
|c| BenGayOintment|rip
|c|☆notafatcat|chien pao you piece of shit
|c|☆LaxativeCement|o shit
|c|☆LaxativeCement|kmao
|c|☆LaxativeCement|lmao
|
|t:|1685905642
|switch|p1a: Magearna|Magearna|100/100
|turn|26
|
|t:|1685905647
|cant|p2a: WALKIN TO UR WAKE|par
|move|p1a: Magearna|Volt Switch|p2a: WALKIN TO UR WAKE
|-supereffective|p2a: WALKIN TO UR WAKE
|-damage|p2a: WALKIN TO UR WAKE|0 fnt
|faint|p2a: WALKIN TO UR WAKE
|-ability|p1a: Magearna|Soul-Heart|boost
|-boost|p1a: Magearna|spa|1
|-end|p2a: WALKIN TO UR WAKE|Protosynthesis|[silent]
|
|t:|1685905650
|switch|p1a: Slowking|Slowking-Galar, M|34/100|[from] Volt Switch
|
|-weather|Snow|[upkeep]
|upkeep
|
|t:|1685905653
|switch|p2a: PACKWATCH|Torkoal, M|51/100
|-damage|p2a: PACKWATCH|26/100|[from] Stealth Rock
|-weather|SunnyDay|[from] ability: Drought|[of] p2a: PACKWATCH
|turn|27
|
|t:|1685905656
|move|p1a: Slowking|Chilly Reception|p1a: Slowking
|-weather|Snow
|
|t:|1685905658
|switch|p1a: Magearna|Magearna|100/100|[from] Chilly Reception
|move|p2a: PACKWATCH|Rapid Spin|p1a: Magearna
|-resisted|p1a: Magearna
|-damage|p1a: Magearna|98/100
|-boost|p2a: PACKWATCH|spe|1
|-sideend|p2: LaxativeCement|Stealth Rock|[from] move: Rapid Spin|[of] p2a: PACKWATCH
|
|-weather|Snow|[upkeep]
|-heal|p1a: Magearna|100/100|[from] item: Leftovers
|upkeep
|turn|28
|
|t:|1685905666
|move|p1a: Magearna|Volt Switch|p2a: PACKWATCH
|-damage|p2a: PACKWATCH|0 fnt
|faint|p2a: PACKWATCH
|-ability|p1a: Magearna|Soul-Heart|boost
|-boost|p1a: Magearna|spa|1
|
|t:|1685905667
|switch|p1a: Slowking|Slowking-Galar, M|68/100|[from] Volt Switch
|
|-weather|Snow|[upkeep]
|upkeep
|
|t:|1685905670
|switch|p2a: Accordion|Ceruledge, M|100/100
|turn|29
|j| Ran Kob
|
|t:|1685905679
|move|p2a: Accordion|Swords Dance|p2a: Accordion
|-boost|p2a: Accordion|atk|2
|move|p1a: Slowking|Thunder Wave|p2a: Accordion
|-status|p2a: Accordion|par
|
|-weather|Snow|[upkeep]
|upkeep
|turn|30
|c|☆notafatcat|please gods
|c| BenGayOintment|poke gods
|
|t:|1685905706
|move|p2a: Accordion|Bitter Blade|p1a: Slowking
|-damage|p1a: Slowking|0 fnt
|faint|p1a: Slowking
|
|-weather|Snow|[upkeep]
|upkeep
|c|☆notafatcat|fok
|
|t:|1685905713
|switch|p1a: Magearna|Magearna|100/100
|turn|31
|c|☆notafatcat|gg
|
|t:|1685905720
|move|p2a: Accordion|Bitter Blade|p1a: Magearna
|-supereffective|p1a: Magearna
|-damage|p1a: Magearna|0 fnt
|faint|p1a: Magearna
|
|win|LaxativeCement
|raw|notafatcat's rating: 1662 → 1642(-20 for losing)
|raw|LaxativeCement's rating: 1668 → 1688(+20 for winning)
|c|☆LaxativeCement|gg
|l|☆notafatcat
|c|☆LaxativeCement|close one
|l| BenGayOintment
|l| wig = snatched
|l| Ran Kob
