|j|☆Kainoa55
|j|☆Wefrmashing
|t:|1685822969
|gametype|singles
|player|p1|Kainoa55|ingo|1529
|player|p2|Wefrmashing|lady-gen4|1575
|teamsize|p1|6
|teamsize|p2|6
|gen|9
|tier|[Gen 9] OU
|rated|
|rule|Sleep Clause Mod: Limit one foe put to sleep
|rule|Species Clause: Limit one of each Pokémon
|rule|OHKO Clause: OHKO moves are banned
|rule|Evasion Items Clause: Evasion items are banned
|rule|Evasion Moves Clause: Evasion moves are banned
|rule|Endless Battle Clause: Forcing endless battles is banned
|rule|HP Percentage Mod: HP is shown in percentages
|clearpoke
|poke|p1|Zoroark-Hisui, F|
|poke|p1|Kleavor, M|
|poke|p1|Iron Moth|
|poke|p1|Samurott-Hisui, F|
|poke|p1|Roaring Moon|
|poke|p1|Zamazenta-*|
|poke|p2|Azelf|
|poke|p2|Samurott-Hisui, F|
|poke|p2|Great Tusk|
|poke|p2|Gholdengo|
|poke|p2|Hatterene, F|
|poke|p2|Tornadus-Therian, M|
|teampreview
|inactive|Battle timer is ON: inactive players will automatically lose when time's up. (requested by Wefrmashing)
|
|t:|1685822989
|start
|switch|p1a: Kleavor|Kleavor, M|100/100
|switch|p2a: Samurott|Samurott-Hisui, F|100/100
|turn|1
|
|t:|1685823006
|switch|p1a: Zamazenta|Zamazenta|100/100
|-ability|p1a: Zamazenta|Dauntless Shield|boost
|-boost|p1a: Zamazenta|def|1
|move|p2a: Samurott|Razor Shell|p1a: Zamazenta
|-damage|p1a: Zamazenta|72/100
|-unboost|p1a: Zamazenta|def|1
|
|upkeep
|turn|2
|j| Kyurem
|
|t:|1685823020
|switch|p2a: Hatterene|Hatterene, F|100/100
|move|p1a: Zamazenta|Close Combat|p2a: Hatterene
|-resisted|p2a: Hatterene
|-damage|p2a: Hatterene|88/100
|-unboost|p1a: Zamazenta|def|1
|-unboost|p1a: Zamazenta|spd|1
|
|-heal|p2a: Hatterene|94/100|[from] item: Leftovers
|upkeep
|turn|3
|
|t:|1685823029
|move|p1a: Zamazenta|Crunch|p2a: Hatterene
|-damage|p2a: Hatterene|70/100
|move|p2a: Hatterene|Psyshock|p1a: Zamazenta
|-supereffective|p1a: Zamazenta
|-damage|p1a: Zamazenta|0 fnt
|faint|p1a: Zamazenta
|
|-heal|p2a: Hatterene|76/100|[from] item: Leftovers
|upkeep
|
|t:|1685823039
|switch|p1a: Iron Moth|Iron Moth|100/100
|turn|4
|
|t:|1685823049
|switch|p2a: Azelf|Azelf|100/100
|move|p1a: Iron Moth|Fiery Dance|p2a: Azelf
|-damage|p2a: Azelf|28/100
|
|upkeep
|turn|5
|
|t:|1685823054
|move|p1a: Iron Moth|Fiery Dance|p2a: Azelf
|-damage|p2a: Azelf|0 fnt
|faint|p2a: Azelf
|
|upkeep
|
|t:|1685823059
|switch|p2a: Samurott|Samurott-Hisui, F|100/100
|turn|6
|
|t:|1685823075
|-end|p1a: Iron Moth|Quark Drive|[silent]
|switch|p1a: Kleavor|Kleavor, M|100/100
|move|p2a: Samurott|Sacred Sword|p1a: Kleavor
|-damage|p1a: Kleavor|49/100
|
|upkeep
|turn|7
|
|t:|1685823083
|move|p2a: Samurott|Razor Shell|p1a: Kleavor
|-supereffective|p1a: Kleavor
|-damage|p1a: Kleavor|0 fnt
|faint|p1a: Kleavor
|
|upkeep
|
|t:|1685823088
|switch|p1a: Roaring Moon|Roaring Moon|100/100
|-enditem|p1a: Roaring Moon|Booster Energy
|-activate|p1a: Roaring Moon|ability: Protosynthesis|[fromitem]
|-start|p1a: Roaring Moon|protosynthesisatk
|turn|8
|
|t:|1685823102
|-terastallize|p1a: Roaring Moon|Flying
|move|p1a: Roaring Moon|Dragon Dance|p1a: Roaring Moon
|-boost|p1a: Roaring Moon|atk|1
|-boost|p1a: Roaring Moon|spe|1
|move|p2a: Samurott|Sacred Sword|p1a: Roaring Moon
|-resisted|p1a: Roaring Moon
|-damage|p1a: Roaring Moon|73/100
|
|upkeep
|turn|9
|
|t:|1685823119
|move|p1a: Roaring Moon|Acrobatics|p2a: Samurott
|-enditem|p2a: Samurott|Focus Sash
|-damage|p2a: Samurott|1/100
|move|p2a: Samurott|Ceaseless Edge|p1a: Roaring Moon
|-damage|p1a: Roaring Moon|20/100
|-sidestart|p1: Kainoa55|Spikes
|
|upkeep
|turn|10
|
|t:|1685823124
|move|p2a: Samurott|Sucker Punch|p1a: Roaring Moon
|-damage|p1a: Roaring Moon|0 fnt
|faint|p1a: Roaring Moon
|-end|p1a: Roaring Moon|Protosynthesis|[silent]
|
|upkeep
|inactive|Kainoa55 has 120 seconds left.
|
|t:|1685823161
|switch|p1a: Samurott|Samurott-Hisui, F, shiny|100/100
|-damage|p1a: Samurott|88/100|[from] Spikes
|turn|11
|
|t:|1685823166
|move|p2a: Samurott|Sucker Punch|p1a: Samurott
|-supereffective|p1a: Samurott
|-damage|p1a: Samurott|0 fnt
|replace|p1a: Zoroark|Zoroark-Hisui, F
|-end|p1a: Zoroark|Illusion
|faint|p1a: Zoroark
|
|upkeep
|inactive|Kainoa55 has 120 seconds left.
|
|t:|1685823176
|switch|p1a: Samurott|Samurott-Hisui, F, shiny|100/100
|-damage|p1a: Samurott|88/100|[from] Spikes
|turn|12
|
|t:|1685823180
|move|p1a: Samurott|Sucker Punch|p2a: Samurott
|-resisted|p2a: Samurott
|-damage|p2a: Samurott|0 fnt
|faint|p2a: Samurott
|-damage|p1a: Samurott|78/100|[from] item: Life Orb
|
|upkeep
|
|t:|1685823184
|switch|p2a: Great Tusk|Great Tusk|100/100
|turn|13
|
|t:|1685823190
|move|p2a: Great Tusk|Headlong Rush|p1a: Samurott
|-damage|p1a: Samurott|1/100
|-unboost|p2a: Great Tusk|def|1
|-unboost|p2a: Great Tusk|spd|1
|move|p1a: Samurott|Aqua Cutter|p2a: Great Tusk
|-supereffective|p2a: Great Tusk
|-damage|p2a: Great Tusk|0 fnt
|faint|p2a: Great Tusk
|-end|p2a: Great Tusk|Protosynthesis|[silent]
|-damage|p1a: Samurott|0 fnt|[from] item: Life Orb
|faint|p1a: Samurott
|
|upkeep
|
|t:|1685823199
|switch|p2a: Hatterene|Hatterene, F|76/100
|switch|p1a: Iron Moth|Iron Moth|100/100
|-damage|p1a: Iron Moth|88/100|[from] Spikes
|turn|14
|
|t:|1685823207
|-terastallize|p2a: Hatterene|Water
|move|p1a: Iron Moth|Fiery Dance|p2a: Hatterene
|-resisted|p2a: Hatterene
|-damage|p2a: Hatterene|49/100
|-boost|p1a: Iron Moth|spa|1
|move|p2a: Hatterene|Psyshock|p1a: Iron Moth
|-supereffective|p1a: Iron Moth
|-damage|p1a: Iron Moth|0 fnt
|faint|p1a: Iron Moth
|-end|p1a: Iron Moth|Quark Drive|[silent]
|
|win|Wefrmashing
|raw|Kainoa55's rating: 1529 → 1512(-17 for losing)
|raw|Wefrmashing's rating: 1575 → 1592(+17 for winning)
|c|☆Wefrmashing|Gg
|c|☆Kainoa55|gg
|l|☆Kainoa55
