|j|☆Malakos
|j|☆Tantrum2u
|t:|1685908791
|gametype|singles
|player|p1|Malakos|101|1166
|player|p2|Tantrum2u|eusine|1205
|teamsize|p1|6
|teamsize|p2|6
|gen|9
|tier|[Gen 9] OU
|rated|
|rule|Sleep Clause Mod: Limit one foe put to sleep
|rule|Species Clause: Limit one of each Pokémon
|rule|OHKO Clause: OHKO moves are banned
|rule|Evasion Items Clause: Evasion items are banned
|rule|Evasion Moves Clause: Evasion moves are banned
|rule|Endless Battle Clause: Forcing endless battles is banned
|rule|HP Percentage Mod: HP is shown in percentages
|clearpoke
|poke|p1|Heatran, F|
|poke|p1|Magearna|
|poke|p1|Zamazenta-*|
|poke|p1|Rotom-Wash|
|poke|p1|Dragonite, F|
|poke|p1|Zapdos-Galar|
|poke|p2|Overqwil, F|
|poke|p2|Pelipper, F|
|poke|p2|Basculegion, M|
|poke|p2|Landorus-Therian, M|
|poke|p2|Scizor, F|
|poke|p2|Thundurus-Therian, M|
|teampreview
|
|t:|1685908807
|start
|switch|p1a: Magearna|Magearna|100/100
|switch|p2a: Drink Up|Pelipper, F|100/100
|-weather|RainDance|[from] ability: Drizzle|[of] p2a: Drink Up
|turn|1
|
|t:|1685908814
|switch|p2a: The King|Landorus-Therian, M|100/100
|-ability|p2a: The King|Intimidate|boost
|-unboost|p1a: Magearna|atk|1
|move|p1a: Magearna|Shift Gear|p1a: Magearna
|-boost|p1a: Magearna|spe|2
|-boost|p1a: Magearna|atk|1
|
|-weather|RainDance|[upkeep]
|upkeep
|turn|2
|
|t:|1685908818
|move|p1a: Magearna|Ice Beam|p2a: The King
|-supereffective|p2a: The King
|-damage|p2a: The King|0 fnt
|faint|p2a: The King
|-ability|p1a: Magearna|Soul-Heart|boost
|-boost|p1a: Magearna|spa|1
|
|-weather|RainDance|[upkeep]
|upkeep
|
|t:|1685908821
|switch|p2a: Sink or Swim|Basculegion, M|100/100
|turn|3
|
|t:|1685908826
|-terastallize|p2a: Sink or Swim|Water
|move|p1a: Magearna|Thunderbolt|p2a: Sink or Swim
|-supereffective|p2a: Sink or Swim
|-damage|p2a: Sink or Swim|0 fnt
|faint|p2a: Sink or Swim
|-ability|p1a: Magearna|Soul-Heart|boost
|-boost|p1a: Magearna|spa|1
|
|-weather|RainDance|[upkeep]
|upkeep
|
|t:|1685908834
|switch|p2a: Sun Erased|Thundurus-Therian, M|100/100
|turn|4
|
|t:|1685908840
|move|p1a: Magearna|Ice Beam|p2a: Sun Erased
|-supereffective|p2a: Sun Erased
|-damage|p2a: Sun Erased|0 fnt
|faint|p2a: Sun Erased
|-ability|p1a: Magearna|Soul-Heart|boost
|-boost|p1a: Magearna|spa|1
|
|-weather|RainDance|[upkeep]
|upkeep
|
|t:|1685908842
|switch|p2a: Water?|Overqwil, F|100/100
|turn|5
|
|t:|1685908852
|move|p2a: Water?|Liquidation|p1a: Magearna
|-damage|p1a: Magearna|36/100
|move|p1a: Magearna|Thunderbolt|p2a: Water?
|-damage|p2a: Water?|0 fnt
|faint|p2a: Water?
|-ability|p1a: Magearna|Soul-Heart|boost
|-boost|p1a: Magearna|spa|1
|
|-weather|RainDance|[upkeep]
|-heal|p1a: Magearna|42/100|[from] item: Leftovers
|upkeep
|
|t:|1685908855
|switch|p2a: Cease|Scizor, F|100/100
|turn|6
|
|t:|1685908861
|move|p2a: Cease|Bullet Punch|p1a: Magearna
|-damage|p1a: Magearna|7/100
|move|p1a: Magearna|Thunderbolt|p2a: Cease
|-crit|p2a: Cease
|-damage|p2a: Cease|0 fnt
|faint|p2a: Cease
|-ability|p1a: Magearna|Soul-Heart|boost
|-boost|p1a: Magearna|spa|1
|
|-weather|RainDance|[upkeep]
|-heal|p1a: Magearna|13/100|[from] item: Leftovers
|upkeep
|
|t:|1685908864
|switch|p2a: Drink Up|Pelipper, F|100/100
|turn|7
|
|t:|1685908867
|move|p1a: Magearna|Thunderbolt|p2a: Drink Up
|-supereffective|p2a: Drink Up
|-damage|p2a: Drink Up|0 fnt
|faint|p2a: Drink Up
|
|win|Malakos
|raw|Malakos's rating: 1166 → 1194(+28 for winning)
|raw|Tantrum2u's rating: 1205 → 1177(-28 for losing)
|l|☆Tantrum2u
