|j|☆Ondoo89
|j|☆SinjosEndz
|t:|1685916604
|gametype|singles
|player|p1|Ondoo89|266|1190
|player|p2|SinjosEndz|juan|1113
|teamsize|p1|6
|teamsize|p2|6
|gen|9
|tier|[Gen 9] OU
|rated|
|rule|Sleep Clause Mod: Limit one foe put to sleep
|rule|Species Clause: Limit one of each Pokémon
|rule|OHKO Clause: OHKO moves are banned
|rule|Evasion Items Clause: Evasion items are banned
|rule|Evasion Moves Clause: Evasion moves are banned
|rule|Endless Battle Clause: Forcing endless battles is banned
|rule|HP Percentage Mod: HP is shown in percentages
|clearpoke
|poke|p1|Sneasler, F|
|poke|p1|Kleavor, M|
|poke|p1|Ting-Lu|
|poke|p1|Zoroark-Hisui, F|
|poke|p1|Zamazenta-*|
|poke|p1|Magearna|
|poke|p2|Pawmot, F|
|poke|p2|Kleavor, M|
|poke|p2|Corviknight, M|
|poke|p2|Samurott-Hisui, F|
|poke|p2|Zapdos-Galar|
|poke|p2|Volcanion|
|teampreview
|inactive|Battle timer is ON: inactive players will automatically lose when time's up. (requested by Ondoo89)
|
|t:|1685916618
|start
|switch|p1a: Kleavor|Kleavor, M, shiny|100/100
|switch|p2a: Kleavor|Kleavor, M|100/100
|turn|1
|
|t:|1685916628
|move|p1a: Kleavor|Stone Axe|p2a: Kleavor
|-supereffective|p2a: Kleavor
|-damage|p2a: Kleavor|0 fnt
|-sidestart|p2: SinjosEndz|move: Stealth Rock
|faint|p2a: Kleavor
|
|upkeep
|
|t:|1685916641
|switch|p2a: Samurott|Samurott-Hisui, F|100/100
|-damage|p2a: Samurott|88/100|[from] Stealth Rock
|turn|2
|
|t:|1685916661
|switch|p1a: Zamazenta|Zamazenta|100/100
|-ability|p1a: Zamazenta|Dauntless Shield|boost
|-boost|p1a: Zamazenta|def|1
|-enditem|p2a: Samurott|Mirror Herb
|-boost|p2a: Samurott|def|1|[from] item: Mirror Herb
|-terastallize|p2a: Samurott|Fighting
|move|p2a: Samurott|Swords Dance|p2a: Samurott
|-boost|p2a: Samurott|atk|2
|
|upkeep
|turn|3
|
|t:|1685916666
|move|p1a: Zamazenta|Iron Defense|p1a: Zamazenta
|-boost|p1a: Zamazenta|def|2
|move|p2a: Samurott|Sacred Sword|p1a: Zamazenta
|-damage|p1a: Zamazenta|11/100
|
|-heal|p1a: Zamazenta|18/100|[from] item: Leftovers
|upkeep
|turn|4
|
|t:|1685916677
|move|p1a: Zamazenta|Body Press|p2a: Samurott
|-damage|p2a: Samurott|26/100
|move|p2a: Samurott|Sacred Sword|p1a: Zamazenta
|-crit|p1a: Zamazenta
|-damage|p1a: Zamazenta|0 fnt
|faint|p1a: Zamazenta
|
|upkeep
|
|t:|1685916698
|switch|p1a: Magearna|Magearna|100/100
|turn|5
|
|t:|1685916709
|move|p1a: Magearna|Shadow Ball|p2a: Samurott
|-damage|p2a: Samurott|0 fnt
|faint|p2a: Samurott
|
|upkeep
|
|t:|1685916714
|switch|p2a: Pawmot|Pawmot, F|100/100
|-damage|p2a: Pawmot|94/100|[from] Stealth Rock
|turn|6
|
|t:|1685916726
|move|p1a: Magearna|Shadow Ball|p2a: Pawmot
|-damage|p2a: Pawmot|0 fnt
|faint|p2a: Pawmot
|
|upkeep
|
|t:|1685916734
|switch|p2a: Volcanion|Volcanion|100/100
|-damage|p2a: Volcanion|76/100|[from] Stealth Rock
|turn|7
|
|t:|1685916738
|-terastallize|p1a: Magearna|Ghost
|move|p1a: Magearna|Shadow Ball|p2a: Volcanion
|-damage|p2a: Volcanion|0 fnt
|faint|p2a: Volcanion
|
|upkeep
|-message|SinjosEndz forfeited.
|
|win|Ondoo89
|raw|Ondoo89's rating: 1190 → 1210(+20 for winning)
|raw|SinjosEndz's rating: 1113 → 1093(-20 for losing)
|l|☆SinjosEndz
