|j|☆AsmiRedx
|j|☆RenegadeBlacepalon
|t:|1685857838
|gametype|singles
|player|p1|AsmiRedx|ninjaboy|1296
|player|p2|RenegadeBlacepalon|n-masters|1316
|teamsize|p1|6
|teamsize|p2|6
|gen|9
|tier|[Gen 9] OU
|rated|
|rule|Sleep Clause Mod: Limit one foe put to sleep
|rule|Species Clause: Limit one of each Pokémon
|rule|OHKO Clause: OHKO moves are banned
|rule|Evasion Items Clause: Evasion items are banned
|rule|Evasion Moves Clause: Evasion moves are banned
|rule|Endless Battle Clause: Forcing endless battles is banned
|rule|HP Percentage Mod: HP is shown in percentages
|clearpoke
|poke|p1|Iron Valiant|
|poke|p1|Rotom-Wash|
|poke|p1|Volcarona, F|
|poke|p1|Roaring Moon|
|poke|p1|Gholdengo|
|poke|p1|Glimmora, M|
|poke|p2|Pelipper, F|
|poke|p2|Overqwil, F|
|poke|p2|Basculegion, M|
|poke|p2|Barraskewda, F|
|poke|p2|Tornadus-Therian, M|
|poke|p2|Walking Wake|
|teampreview
|inactive|Battle timer is ON: inactive players will automatically lose when time's up. (requested by RenegadeBlacepalon)
|
|t:|1685857855
|start
|switch|p1a: Glimmora|Glimmora, M|100/100
|switch|p2a: Walking Wake|Walking Wake|100/100
|-enditem|p2a: Walking Wake|Booster Energy
|-activate|p2a: Walking Wake|ability: Protosynthesis|[fromitem]
|-start|p2a: Walking Wake|protosynthesisspa
|turn|1
|
|t:|1685857864
|move|p2a: Walking Wake|Agility|p2a: Walking Wake
|-boost|p2a: Walking Wake|spe|2
|move|p1a: Glimmora|Stealth Rock|p2a: Walking Wake
|-sidestart|p2: RenegadeBlacepalon|move: Stealth Rock
|
|upkeep
|turn|2
|inactive|AsmiRedx has 120 seconds left.
|
|t:|1685857923
|move|p2a: Walking Wake|Hydro Steam|p1a: Glimmora
|-supereffective|p1a: Glimmora
|-enditem|p1a: Glimmora|Focus Sash
|-damage|p1a: Glimmora|1/100
|move|p1a: Glimmora|Sludge Wave|p2a: Walking Wake
|-damage|p2a: Walking Wake|47/100
|
|upkeep
|turn|3
|
|t:|1685857931
|move|p2a: Walking Wake|Dragon Pulse|p1a: Glimmora
|-damage|p1a: Glimmora|0 fnt
|faint|p1a: Glimmora
|
|upkeep
|inactive|AsmiRedx has 90 seconds left.
|
|t:|1685857950
|switch|p1a: Rotom|Rotom-Wash|100/100
|turn|4
|
|t:|1685857959
|move|p2a: Walking Wake|Dragon Pulse|p1a: Rotom
|-damage|p1a: Rotom|39/100
|move|p1a: Rotom|Volt Switch|p2a: Walking Wake
|-damage|p2a: Walking Wake|16/100
|inactive|AsmiRedx has 90 seconds left.
|
|t:|1685857984
|switch|p1a: Gholdengo|Gholdengo|100/100|[from] Volt Switch
|
|upkeep
|turn|5
|
|t:|1685857988
|move|p2a: Walking Wake|Flamethrower|p1a: Gholdengo
|-supereffective|p1a: Gholdengo
|-damage|p1a: Gholdengo|0 fnt
|faint|p1a: Gholdengo
|
|upkeep
|
|t:|1685857993
|switch|p1a: Iron Valiant|Iron Valiant|100/100
|-enditem|p1a: Iron Valiant|Booster Energy
|-activate|p1a: Iron Valiant|ability: Quark Drive|[fromitem]
|-start|p1a: Iron Valiant|quarkdrivespe
|turn|6
|
|t:|1685858003
|move|p2a: Walking Wake|Hydro Steam|p1a: Iron Valiant
|-damage|p1a: Iron Valiant|0 fnt
|faint|p1a: Iron Valiant
|-end|p1a: Iron Valiant|Quark Drive|[silent]
|
|upkeep
|
|t:|1685858009
|switch|p1a: Volcarona|Volcarona, F|100/100
|turn|7
|-message|AsmiRedx forfeited.
|
|win|RenegadeBlacepalon
|raw|AsmiRedx's rating: 1296 → 1271(-25 for losing)
|raw|RenegadeBlacepalon's rating: 1292 → 1317(+25 for winning)
|l|☆AsmiRedx
