|j|☆Whats that melody?
|j|☆King Of Gwent
|t:|1685850741
|gametype|singles
|player|p1|Whats that melody?|265|1213
|player|p2|King Of Gwent|169|1210
|teamsize|p1|6
|teamsize|p2|6
|gen|9
|tier|[Gen 9] OU
|rated|
|rule|Sleep Clause Mod: Limit one foe put to sleep
|rule|Species Clause: Limit one of each Pokémon
|rule|OHKO Clause: OHKO moves are banned
|rule|Evasion Items Clause: Evasion items are banned
|rule|Evasion Moves Clause: Evasion moves are banned
|rule|Endless Battle Clause: Forcing endless battles is banned
|rule|HP Percentage Mod: HP is shown in percentages
|clearpoke
|poke|p1|Samurott-Hisui, M|
|poke|p1|Iron Treads|
|poke|p1|Meowscarada, F|
|poke|p1|Heatran, M|
|poke|p1|Zamazenta-*|
|poke|p1|Magearna|
|poke|p2|Magearna|
|poke|p2|Sneasler, M|
|poke|p2|Zamazenta-*|
|poke|p2|Landorus-Therian, M|
|poke|p2|Walking Wake|
|poke|p2|Cinderace, F|
|teampreview
|inactive|Battle timer is ON: inactive players will automatically lose when time's up. (requested by King Of Gwent)
|
|t:|1685850767
|start
|switch|p1a: Finally OU|Samurott-Hisui, M, shiny|100/100
|switch|p2a: Landorus|Landorus-Therian, M|100/100
|-ability|p2a: Landorus|Intimidate|boost
|-unboost|p1a: Finally OU|atk|1
|turn|1
|
|t:|1685850795
|switch|p2a: Magearna|Magearna|100/100
|move|p1a: Finally OU|Taunt|p2a: Magearna
|-start|p2a: Magearna|move: Taunt
|
|upkeep
|turn|2
|
|t:|1685850810
|switch|p1a: Smiley|Heatran, M|100/100
|switch|p2a: Sneasler|Sneasler, M|100/100
|
|upkeep
|turn|3
|
|t:|1685850818
|-terastallize|p1a: Smiley|Flying
|move|p2a: Sneasler|Swords Dance|p2a: Sneasler
|-boost|p2a: Sneasler|atk|2
|move|p1a: Smiley|Will-O-Wisp|p2a: Sneasler|[miss]
|-miss|p1a: Smiley|p2a: Sneasler
|
|upkeep
|turn|4
|
|t:|1685850827
|move|p2a: Sneasler|Taunt|p1a: Smiley
|-start|p1a: Smiley|move: Taunt
|cant|p1a: Smiley|move: Taunt|Will-O-Wisp
|
|upkeep
|turn|5
|inactive|King Of Gwent has 120 seconds left.
|
|t:|1685850853
|move|p2a: Sneasler|Dire Claw|p1a: Smiley
|-damage|p1a: Smiley|32/100
|move|p1a: Smiley|Magma Storm|p2a: Sneasler
|-damage|p2a: Sneasler|39/100
|-activate|p2a: Sneasler|move: Magma Storm|[of] p1a: Smiley
|
|-heal|p1a: Smiley|38/100|[from] item: Leftovers
|-damage|p2a: Sneasler|26/100|[from] move: Magma Storm|[partiallytrapped]
|upkeep
|turn|6
|inactive|King Of Gwent has 120 seconds left.
|
|t:|1685850871
|switch|p1a: Good Doggo|Zamazenta-Crowned|100/100
|-ability|p1a: Good Doggo|Dauntless Shield|boost
|-boost|p1a: Good Doggo|def|1
|move|p2a: Sneasler|Dire Claw|p1a: Good Doggo
|-immune|p1a: Good Doggo
|
|-end|p2a: Sneasler|Magma Storm|[partiallytrapped]|[silent]
|upkeep
|turn|7
|inactive|King Of Gwent has 120 seconds left.
|
|t:|1685850885
|switch|p2a: Magearna|Magearna|100/100
|move|p1a: Good Doggo|Behemoth Bash|p2a: Magearna
|-damage|p2a: Magearna|69/100
|
|-heal|p2a: Magearna|75/100|[from] item: Leftovers
|upkeep
|turn|8
|inactive|King Of Gwent has 120 seconds left.
|inactive|Whats that melody? has 120 seconds left.
|
|t:|1685850923
|switch|p1a: I hate this thing|Iron Treads|100/100
|move|p2a: Magearna|Calm Mind|p2a: Magearna
|-boost|p2a: Magearna|spa|1
|-boost|p2a: Magearna|spd|1
|
|-heal|p2a: Magearna|81/100|[from] item: Leftovers
|upkeep
|turn|9
|inactive|Whats that melody? has 120 seconds left.
|inactive|King Of Gwent has 120 seconds left.
|
|t:|1685850941
|switch|p2a: Landorus|Landorus-Therian, M|100/100
|-ability|p2a: Landorus|Intimidate|boost
|-unboost|p1a: I hate this thing|atk|1
|move|p1a: I hate this thing|Earthquake|p2a: Landorus
|-immune|p2a: Landorus
|
|upkeep
|turn|10
|inactive|King Of Gwent has 120 seconds left.
|inactive|Whats that melody? has 120 seconds left.
|
|t:|1685850957
|-end|p1a: I hate this thing|Quark Drive|[silent]
|switch|p1a: Smiley|Heatran, M, tera:Flying|38/100
|move|p2a: Landorus|Stealth Rock|p1a: Smiley
|-sidestart|p1: Whats that melody?|move: Stealth Rock
|
|-heal|p1a: Smiley|45/100|[from] item: Leftovers
|upkeep
|turn|11
|inactive|Whats that melody? has 120 seconds left.
|inactive|King Of Gwent has 120 seconds left.
|
|t:|1685850982
|move|p2a: Landorus|Stone Edge|p1a: Smiley
|-supereffective|p1a: Smiley
|-crit|p1a: Smiley
|-damage|p1a: Smiley|0 fnt
|faint|p1a: Smiley
|
|upkeep
|
|t:|1685851012
|switch|p1a: I hate this thing|Iron Treads|100/100
|turn|12
|
|t:|1685851016
|move|p1a: I hate this thing|Rapid Spin|p2a: Landorus
|-damage|p2a: Landorus|88/100
|-boost|p1a: I hate this thing|spe|1
|-damage|p1a: I hate this thing|84/100|[from] item: Rocky Helmet|[of] p2a: Landorus
|-sideend|p1: Whats that melody?|Stealth Rock|[from] move: Rapid Spin|[of] p1a: I hate this thing
|move|p2a: Landorus|Earthquake|p1a: I hate this thing
|-supereffective|p1a: I hate this thing
|-damage|p1a: I hate this thing|0 fnt
|faint|p1a: I hate this thing
|-end|p1a: I hate this thing|Quark Drive|[silent]
|
|upkeep
|
|t:|1685851026
|switch|p1a: Mrs Bombastic|Magearna|100/100
|turn|13
|
|t:|1685851036
|switch|p2a: Magearna|Magearna|81/100
|move|p1a: Mrs Bombastic|Shift Gear|p1a: Mrs Bombastic
|-boost|p1a: Mrs Bombastic|spe|2
|-boost|p1a: Mrs Bombastic|atk|1
|
|-heal|p2a: Magearna|87/100|[from] item: Leftovers
|upkeep
|turn|14
|
|t:|1685851049
|move|p1a: Mrs Bombastic|Shift Gear|p1a: Mrs Bombastic
|-boost|p1a: Mrs Bombastic|spe|2
|-boost|p1a: Mrs Bombastic|atk|1
|move|p2a: Magearna|Iron Defense|p2a: Magearna
|-boost|p2a: Magearna|def|2
|
|-heal|p2a: Magearna|93/100|[from] item: Leftovers
|upkeep
|turn|15
|
|t:|1685851059
|move|p1a: Mrs Bombastic|Draining Kiss|p2a: Magearna
|-resisted|p2a: Magearna
|-damage|p2a: Magearna|82/100
|move|p2a: Magearna|Calm Mind|p2a: Magearna
|-boost|p2a: Magearna|spa|1
|-boost|p2a: Magearna|spd|1
|
|-heal|p2a: Magearna|88/100|[from] item: Leftovers
|upkeep
|turn|16
|inactive|Whats that melody? has 120 seconds left.
|
|t:|1685851070
|move|p1a: Mrs Bombastic|Stored Power|p2a: Magearna
|-resisted|p2a: Magearna
|-damage|p2a: Magearna|74/100
|move|p2a: Magearna|Iron Defense|p2a: Magearna
|-boost|p2a: Magearna|def|2
|
|-heal|p2a: Magearna|80/100|[from] item: Leftovers
|upkeep
|turn|17
|inactive|Whats that melody? has 120 seconds left.
|
|t:|1685851079
|switch|p1a: Finally OU|Samurott-Hisui, M, shiny|100/100
|move|p2a: Magearna|Calm Mind|p2a: Magearna
|-boost|p2a: Magearna|spa|1
|-boost|p2a: Magearna|spd|1
|
|-heal|p2a: Magearna|86/100|[from] item: Leftovers
|upkeep
|turn|18
|
|t:|1685851089
|move|p1a: Finally OU|Taunt|p2a: Magearna
|-start|p2a: Magearna|move: Taunt
|move|p2a: Magearna|Draining Kiss|p1a: Finally OU
|-supereffective|p1a: Finally OU
|-damage|p1a: Finally OU|0 fnt
|-heal|p2a: Magearna|100/100|[from] drain|[of] p1a: Finally OU
|faint|p1a: Finally OU
|-ability|p2a: Magearna|Soul-Heart|boost
|-boost|p2a: Magearna|spa|1
|
|upkeep
|
|t:|1685851097
|switch|p1a: Mr Cat|Meowscarada, F|100/100
|turn|19
|c|☆Whats that melody?|gg
|
|t:|1685851102
|move|p1a: Mr Cat|Knock Off|p2a: Magearna
|-start|p1a: Mr Cat|typechange|Dark|[from] ability: Protean
|-resisted|p2a: Magearna
|-damage|p2a: Magearna|92/100
|-enditem|p2a: Magearna|Leftovers|[from] move: Knock Off|[of] p1a: Mr Cat
|-damage|p1a: Mr Cat|91/100|[from] item: Life Orb
|move|p2a: Magearna|Draining Kiss|p1a: Mr Cat
|-supereffective|p1a: Mr Cat
|-damage|p1a: Mr Cat|0 fnt
|-heal|p2a: Magearna|100/100|[from] drain|[of] p1a: Mr Cat
|faint|p1a: Mr Cat
|-ability|p2a: Magearna|Soul-Heart|boost
|-boost|p2a: Magearna|spa|1
|
|upkeep
|
|t:|1685851110
|switch|p1a: Good Doggo|Zamazenta-Crowned|100/100
|turn|20
|
|t:|1685851117
|move|p1a: Good Doggo|Body Press|p2a: Magearna
|-damage|p2a: Magearna|89/100
|move|p2a: Magearna|Draining Kiss|p1a: Good Doggo
|-damage|p1a: Good Doggo|49/100
|-heal|p2a: Magearna|100/100|[from] drain|[of] p1a: Good Doggo
|
|-end|p2a: Magearna|move: Taunt
|upkeep
|turn|21
|
|t:|1685851128
|move|p1a: Good Doggo|Body Press|p2a: Magearna
|-damage|p2a: Magearna|90/100
|move|p2a: Magearna|Calm Mind|p2a: Magearna
|-boost|p2a: Magearna|spa|1
|-boost|p2a: Magearna|spd|1
|
|upkeep
|turn|22
|
|t:|1685851135
|move|p1a: Good Doggo|Body Press|p2a: Magearna
|-damage|p2a: Magearna|80/100
|move|p2a: Magearna|Calm Mind|p2a: Magearna
|-boost|p2a: Magearna|spa|1
|-boost|p2a: Magearna|spd|1
|
|upkeep
|turn|23
|
|t:|1685851142
|move|p1a: Good Doggo|Substitute|p1a: Good Doggo
|-start|p1a: Good Doggo|Substitute
|-damage|p1a: Good Doggo|24/100
|move|p2a: Magearna|Draining Kiss|p1a: Good Doggo
|-end|p1a: Good Doggo|Substitute
|-heal|p2a: Magearna|99/100|[from] drain|[of] p1a: Good Doggo
|
|upkeep
|turn|24
|
|t:|1685851151
|move|p1a: Good Doggo|Body Press|p2a: Magearna
|-crit|p2a: Magearna
|-damage|p2a: Magearna|54/100
|move|p2a: Magearna|Calm Mind|p2a: Magearna
|-boost|p2a: Magearna|spa|0
|-boost|p2a: Magearna|spd|1
|
|upkeep
|turn|25
|
|t:|1685851159
|move|p1a: Good Doggo|Body Press|p2a: Magearna
|-damage|p2a: Magearna|44/100
|move|p2a: Magearna|Draining Kiss|p1a: Good Doggo
|-damage|p1a: Good Doggo|0 fnt
|-heal|p2a: Magearna|63/100|[from] drain|[of] p1a: Good Doggo
|faint|p1a: Good Doggo
|
|upkeep
|
|t:|1685851163
|switch|p1a: Mrs Bombastic|Magearna|100/100
|turn|26
|
|t:|1685851174
|move|p1a: Mrs Bombastic|Shift Gear|p1a: Mrs Bombastic
|-boost|p1a: Mrs Bombastic|spe|2
|-boost|p1a: Mrs Bombastic|atk|1
|move|p2a: Magearna|Stored Power|p1a: Mrs Bombastic
|-resisted|p1a: Mrs Bombastic
|-damage|p1a: Mrs Bombastic|0 fnt
|faint|p1a: Mrs Bombastic
|
|win|King Of Gwent
|raw|Whats that melody?'s rating: 1213 → 1188(-25 for losing)
|raw|King Of Gwent's rating: 1210 → 1235(+25 for winning)
|l|☆Whats that melody?
