|j|☆emjay1707
|j|☆Murray69
|t:|1685915689
|gametype|singles
|player|p1|emjay1707|266|1250
|player|p2|Murray69|cynthia-gen7|1312
|teamsize|p1|6
|teamsize|p2|6
|gen|9
|tier|[Gen 9] OU
|rated|
|rule|Sleep Clause Mod: Limit one foe put to sleep
|rule|Species Clause: Limit one of each Pokémon
|rule|OHKO Clause: OHKO moves are banned
|rule|Evasion Items Clause: Evasion items are banned
|rule|Evasion Moves Clause: Evasion moves are banned
|rule|Endless Battle Clause: Forcing endless battles is banned
|rule|HP Percentage Mod: HP is shown in percentages
|clearpoke
|poke|p1|Espeon, M|
|poke|p1|Cinderace, F|
|poke|p1|Kingambit, F|
|poke|p1|Toxapex, M|
|poke|p1|Salamence, M|
|poke|p1|Lilligant-Hisui, F|
|poke|p2|Magearna|
|poke|p2|Amoonguss, F|
|poke|p2|Great Tusk|
|poke|p2|Chien-Pao|
|poke|p2|Garganacl, F|
|poke|p2|Gholdengo|
|teampreview
|inactive|Battle timer is ON: inactive players will automatically lose when time's up. (requested by Murray69)
|
|t:|1685915700
|start
|switch|p1a: Salamence|Salamence, M|100/100
|switch|p2a: Gholdengo|Gholdengo|100/100
|-ability|p1a: Salamence|Intimidate|boost
|-unboost|p2a: Gholdengo|atk|1
|turn|1
|
|t:|1685915712
|switch|p2a: Amoonguss|Amoonguss, F|100/100
|switch|p1a: Cinderace|Cinderace, F|100/100
|
|upkeep
|turn|2
|
|t:|1685915718
|switch|p2a: Garganacl|Garganacl, F|100/100
|move|p1a: Cinderace|Pyro Ball|p2a: Garganacl
|-resisted|p2a: Garganacl
|-damage|p2a: Garganacl|88/100
|
|-heal|p2a: Garganacl|94/100|[from] item: Leftovers
|upkeep
|turn|3
|
|t:|1685915725
|move|p1a: Cinderace|U-turn|p2a: Garganacl
|-damage|p2a: Garganacl|84/100
|
|t:|1685915732
|switch|p1a: Salamence|Salamence, M|100/100|[from] U-turn
|-ability|p1a: Salamence|Intimidate|boost
|-unboost|p2a: Garganacl|atk|1
|move|p2a: Garganacl|Salt Cure|p1a: Salamence
|-supereffective|p1a: Salamence
|-damage|p1a: Salamence|77/100
|-start|p1a: Salamence|Salt Cure
|
|-heal|p2a: Garganacl|90/100|[from] item: Leftovers
|-damage|p1a: Salamence|65/100|[from] Salt Cure
|upkeep
|turn|4
|
|t:|1685915747
|switch|p1a: Toxapex|Toxapex, M|100/100
|switch|p2a: Amoonguss|Amoonguss, F|100/100
|
|upkeep
|turn|5
|
|t:|1685915754
|switch|p1a: Espeon|Espeon, M|100/100
|move|p2a: Amoonguss|Spore|p1a: Espeon
|move|p1a: Espeon|Spore|p2a: Amoonguss|[from]ability: Magic Bounce
|-immune|p2a: Amoonguss
|
|upkeep
|turn|6
|
|t:|1685915761
|switch|p2a: Gholdengo|Gholdengo|100/100
|move|p1a: Espeon|Substitute|p1a: Espeon
|-start|p1a: Espeon|Substitute
|-damage|p1a: Espeon|76/100
|
|-heal|p1a: Espeon|82/100|[from] item: Leftovers
|upkeep
|turn|7
|
|t:|1685915768
|move|p2a: Gholdengo|Shadow Ball|p1a: Espeon
|-supereffective|p1a: Espeon
|-crit|p1a: Espeon
|-end|p1a: Espeon|Substitute
|move|p1a: Espeon|Calm Mind|p1a: Espeon
|-boost|p1a: Espeon|spa|1
|-boost|p1a: Espeon|spd|1
|
|-heal|p1a: Espeon|88/100|[from] item: Leftovers
|upkeep
|turn|8
|
|t:|1685915774
|-terastallize|p1a: Espeon|Fairy
|move|p2a: Gholdengo|Shadow Ball|p1a: Espeon
|-damage|p1a: Espeon|53/100
|move|p1a: Espeon|Calm Mind|p1a: Espeon
|-boost|p1a: Espeon|spa|1
|-boost|p1a: Espeon|spd|1
|
|-heal|p1a: Espeon|59/100|[from] item: Leftovers
|upkeep
|turn|9
|
|t:|1685915779
|move|p2a: Gholdengo|Shadow Ball|p1a: Espeon
|-damage|p1a: Espeon|36/100
|move|p1a: Espeon|Substitute|p1a: Espeon
|-start|p1a: Espeon|Substitute
|-damage|p1a: Espeon|11/100
|
|-heal|p1a: Espeon|17/100|[from] item: Leftovers
|upkeep
|turn|10
|
|t:|1685915783
|move|p2a: Gholdengo|Shadow Ball|p1a: Espeon
|-activate|p1a: Espeon|move: Substitute|[damage]
|move|p1a: Espeon|Stored Power|p2a: Gholdengo
|-resisted|p2a: Gholdengo
|-damage|p2a: Gholdengo|54/100
|
|-heal|p1a: Espeon|23/100|[from] item: Leftovers
|upkeep
|turn|11
|
|t:|1685915789
|move|p2a: Gholdengo|Shadow Ball|p1a: Espeon
|-end|p1a: Espeon|Substitute
|move|p1a: Espeon|Stored Power|p2a: Gholdengo
|-resisted|p2a: Gholdengo
|-damage|p2a: Gholdengo|1/100
|
|-heal|p1a: Espeon|29/100|[from] item: Leftovers
|upkeep
|turn|12
|
|t:|1685915794
|move|p2a: Gholdengo|Shadow Ball|p1a: Espeon
|-damage|p1a: Espeon|3/100
|-unboost|p1a: Espeon|spd|1
|move|p1a: Espeon|Draining Kiss|p2a: Gholdengo
|-resisted|p2a: Gholdengo
|-damage|p2a: Gholdengo|0 fnt
|-heal|p1a: Espeon|4/100|[from] drain|[of] p2a: Gholdengo
|faint|p2a: Gholdengo
|
|-heal|p1a: Espeon|10/100|[from] item: Leftovers
|upkeep
|
|t:|1685915808
|switch|p2a: Chien-Pao|Chien-Pao|100/100
|-ability|p2a: Chien-Pao|Sword of Ruin
|turn|13
|
|t:|1685915813
|move|p2a: Chien-Pao|Ice Spinner|p1a: Espeon
|-damage|p1a: Espeon|0 fnt
|faint|p1a: Espeon
|
|upkeep
|
|t:|1685915816
|switch|p1a: Toxapex|Toxapex, M|100/100
|turn|14
|
|t:|1685915819
|switch|p2a: Amoonguss|Amoonguss, F|100/100
|move|p1a: Toxapex|Toxic|p2a: Amoonguss
|-immune|p2a: Amoonguss
|
|upkeep
|turn|15
|
|t:|1685915827
|switch|p1a: Lilligant|Lilligant-Hisui, F, shiny|100/100
|move|p2a: Amoonguss|Sludge Bomb|p1a: Lilligant
|-supereffective|p1a: Lilligant
|-damage|p1a: Lilligant|12/100
|-status|p1a: Lilligant|psn
|
|-damage|p1a: Lilligant|0 fnt|[from] psn
|faint|p1a: Lilligant
|upkeep
|
|t:|1685915830
|switch|p1a: Cinderace|Cinderace, F|100/100
|turn|16
|
|t:|1685915839
|switch|p2a: Garganacl|Garganacl, F|90/100
|move|p1a: Cinderace|Pyro Ball|p2a: Garganacl
|-resisted|p2a: Garganacl
|-damage|p2a: Garganacl|78/100
|
|-heal|p2a: Garganacl|84/100|[from] item: Leftovers
|upkeep
|turn|17
|
|t:|1685915844
|move|p1a: Cinderace|U-turn|p2a: Garganacl
|-damage|p2a: Garganacl|75/100
|
|t:|1685915848
|switch|p1a: Toxapex|Toxapex, M|100/100|[from] U-turn
|move|p2a: Garganacl|Salt Cure|p1a: Toxapex
|-damage|p1a: Toxapex|92/100
|
|-heal|p2a: Garganacl|81/100|[from] item: Leftovers
|upkeep
|turn|18
|
|t:|1685915866
|switch|p2a: Amoonguss|Amoonguss, F|100/100
|move|p1a: Toxapex|Surf|p2a: Amoonguss
|-resisted|p2a: Amoonguss
|-damage|p2a: Amoonguss|92/100
|-enditem|p2a: Amoonguss|Red Card|[of] p1a: Toxapex
|drag|p1a: Salamence|Salamence, M|65/100
|-ability|p1a: Salamence|Intimidate|boost
|-unboost|p2a: Amoonguss|atk|1
|
|upkeep
|turn|19
|
|t:|1685915891
|move|p1a: Salamence|Dual Wingbeat|p2a: Amoonguss
|-supereffective|p2a: Amoonguss
|-damage|p2a: Amoonguss|58/100
|-supereffective|p2a: Amoonguss
|-damage|p2a: Amoonguss|24/100
|-hitcount|p2a: Amoonguss|2
|move|p2a: Amoonguss|Spore|p1a: Salamence
|-status|p1a: Salamence|slp|[from] move: Spore
|
|upkeep
|turn|20
|
|t:|1685915901
|switch|p2a: Magearna|Magearna|100/100
|cant|p1a: Salamence|slp
|
|upkeep
|turn|21
|
|t:|1685915907
|switch|p1a: Toxapex|Toxapex, M|100/100
|move|p2a: Magearna|Shift Gear|p2a: Magearna
|-boost|p2a: Magearna|spe|2
|-boost|p2a: Magearna|atk|1
|
|upkeep
|turn|22
|
|t:|1685915916
|move|p2a: Magearna|Calm Mind|p2a: Magearna
|-boost|p2a: Magearna|spa|1
|-boost|p2a: Magearna|spd|1
|move|p1a: Toxapex|Haze|p1a: Toxapex
|-clearallboost
|
|upkeep
|turn|23
|
|t:|1685915940
|switch|p1a: Cinderace|Cinderace, F|100/100
|move|p2a: Magearna|Calm Mind|p2a: Magearna
|-boost|p2a: Magearna|spa|1
|-boost|p2a: Magearna|spd|1
|
|upkeep
|turn|24
|
|t:|1685915948
|-terastallize|p2a: Magearna|Water
|move|p1a: Cinderace|Pyro Ball|p2a: Magearna
|-resisted|p2a: Magearna
|-damage|p2a: Magearna|76/100
|move|p2a: Magearna|Shift Gear|p2a: Magearna
|-boost|p2a: Magearna|spe|2
|-boost|p2a: Magearna|atk|1
|
|-heal|p2a: Magearna|82/100|[from] item: Leftovers
|upkeep
|turn|25
|
|t:|1685915967
|switch|p1a: Toxapex|Toxapex, M|100/100
|move|p2a: Magearna|Stored Power|p1a: Toxapex
|-supereffective|p1a: Toxapex
|-damage|p1a: Toxapex|1/100
|
|-heal|p2a: Magearna|88/100|[from] item: Leftovers
|upkeep
|turn|26
|
|t:|1685915975
|move|p2a: Magearna|Draining Kiss|p1a: Toxapex
|-resisted|p1a: Toxapex
|-damage|p1a: Toxapex|0 fnt
|-heal|p2a: Magearna|89/100|[from] drain|[of] p1a: Toxapex
|faint|p1a: Toxapex
|-ability|p2a: Magearna|Soul-Heart|boost
|-boost|p2a: Magearna|spa|1
|
|-heal|p2a: Magearna|95/100|[from] item: Leftovers
|upkeep
|-message|emjay1707 forfeited.
|
|win|Murray69
|raw|emjay1707's rating: 1250 → 1229(-21 for losing)
|raw|Murray69's rating: 1312 → 1328(+16 for winning)
|l|☆emjay1707
