|j|☆Joshh69
|j|☆PLAYB0I R0BBIE B
|t:|1685908912
|gametype|singles
|player|p1|Joshh69|wallace|1244
|player|p2|PLAYB0I R0BBIE B|pokemonranger-gen4|1336
|teamsize|p1|6
|teamsize|p2|6
|gen|9
|tier|[Gen 9] OU
|rated|
|rule|Sleep Clause Mod: Limit one foe put to sleep
|rule|Species Clause: Limit one of each Pokémon
|rule|OHKO Clause: OHKO moves are banned
|rule|Evasion Items Clause: Evasion items are banned
|rule|Evasion Moves Clause: Evasion moves are banned
|rule|Endless Battle Clause: Forcing endless battles is banned
|rule|HP Percentage Mod: HP is shown in percentages
|clearpoke
|poke|p1|Magearna|
|poke|p1|Chien-Pao|
|poke|p1|Heatran, F|
|poke|p1|Meowscarada, M|
|poke|p1|Great Tusk|
|poke|p1|Rotom-Wash|
|poke|p2|Samurott-Hisui, M|
|poke|p2|Landorus-Therian, M|
|poke|p2|Dragapult, M|
|poke|p2|Sneasler, M|
|poke|p2|Gholdengo|
|poke|p2|Magearna|
|teampreview
|
|t:|1685908921
|start
|switch|p1a: Chien-Pao|Chien-Pao|100/100
|switch|p2a: Landorus|Landorus-Therian, M|100/100
|-ability|p1a: Chien-Pao|Sword of Ruin
|-ability|p2a: Landorus|Intimidate|boost
|-unboost|p1a: Chien-Pao|atk|1
|turn|1
|
|t:|1685908930
|switch|p2a: Samurott|Samurott-Hisui, M|100/100
|move|p1a: Chien-Pao|Ice Spinner|p2a: Samurott
|-resisted|p2a: Samurott
|-damage|p2a: Samurott|65/100
|
|upkeep
|turn|2
|inactive|Battle timer is ON: inactive players will automatically lose when time's up. (requested by PLAYB0I R0BBIE B)
|
|t:|1685908943
|switch|p1a: Rotom|Rotom-Wash|100/100
|move|p2a: Samurott|Sacred Sword|p1a: Rotom
|-damage|p1a: Rotom|68/100
|
|-heal|p1a: Rotom|74/100|[from] item: Leftovers
|upkeep
|turn|3
|
|t:|1685908953
|move|p2a: Samurott|Ceaseless Edge|p1a: Rotom
|-damage|p1a: Rotom|39/100
|-sidestart|p1: Joshh69|Spikes
|move|p1a: Rotom|Will-O-Wisp|p2a: Samurott
|-status|p2a: Samurott|brn
|
|-heal|p1a: Rotom|45/100|[from] item: Leftovers
|-damage|p2a: Samurott|59/100 brn|[from] brn
|upkeep
|turn|4
|
|t:|1685908956
|move|p2a: Samurott|Ceaseless Edge|p1a: Rotom
|-damage|p1a: Rotom|29/100
|-sidestart|p1: Joshh69|Spikes
|move|p1a: Rotom|Volt Switch|p2a: Samurott
|-supereffective|p2a: Samurott
|-damage|p2a: Samurott|6/100 brn
|
|t:|1685908959
|switch|p1a: Great Tusk|Great Tusk|100/100|[from] Volt Switch
|-damage|p1a: Great Tusk|84/100|[from] Spikes
|
|-heal|p1a: Great Tusk|90/100|[from] item: Leftovers
|-damage|p2a: Samurott|0 fnt|[from] brn
|faint|p2a: Samurott
|upkeep
|
|t:|1685908969
|switch|p2a: Dragapult|Dragapult, M|100/100
|turn|5
|
|t:|1685908972
|move|p2a: Dragapult|Will-O-Wisp|p1a: Great Tusk
|-status|p1a: Great Tusk|brn
|move|p1a: Great Tusk|Ice Spinner|p2a: Dragapult
|-supereffective|p2a: Dragapult
|-damage|p2a: Dragapult|62/100
|
|-heal|p1a: Great Tusk|96/100 brn|[from] item: Leftovers
|-damage|p1a: Great Tusk|90/100 brn|[from] brn
|upkeep
|turn|6
|
|t:|1685908978
|move|p2a: Dragapult|Hex|p1a: Great Tusk
|-damage|p1a: Great Tusk|17/100 brn
|move|p1a: Great Tusk|Ice Spinner|p2a: Dragapult
|-supereffective|p2a: Dragapult
|-damage|p2a: Dragapult|24/100
|
|-heal|p1a: Great Tusk|23/100 brn|[from] item: Leftovers
|-damage|p1a: Great Tusk|17/100 brn|[from] brn
|upkeep
|turn|7
|
|t:|1685908985
|move|p2a: Dragapult|Hex|p1a: Great Tusk
|-damage|p1a: Great Tusk|0 fnt
|faint|p1a: Great Tusk
|-end|p1a: Great Tusk|Protosynthesis|[silent]
|
|upkeep
|
|t:|1685908998
|switch|p1a: Heatran|Heatran, F|100/100
|-item|p1a: Heatran|Air Balloon
|turn|8
|
|t:|1685909002
|move|p2a: Dragapult|U-turn|p1a: Heatran
|-resisted|p1a: Heatran
|-damage|p1a: Heatran|97/100
|-enditem|p1a: Heatran|Air Balloon
|
|t:|1685909004
|switch|p2a: Landorus|Landorus-Therian, M|100/100|[from] U-turn
|-ability|p2a: Landorus|Intimidate|boost
|-unboost|p1a: Heatran|atk|1
|move|p1a: Heatran|Stealth Rock|p2a: Landorus
|-sidestart|p2: PLAYB0I R0BBIE B|move: Stealth Rock
|
|upkeep
|turn|9
|
|t:|1685909009
|switch|p1a: Rotom|Rotom-Wash|29/100
|move|p2a: Landorus|Stealth Rock|p1a: Rotom
|-sidestart|p1: Joshh69|move: Stealth Rock
|
|-heal|p1a: Rotom|35/100|[from] item: Leftovers
|upkeep
|turn|10
|
|t:|1685909016
|move|p2a: Landorus|Stone Edge|p1a: Rotom
|-damage|p1a: Rotom|11/100
|move|p1a: Rotom|Hydro Pump|p2a: Landorus
|-supereffective|p2a: Landorus
|-damage|p2a: Landorus|9/100
|
|-heal|p1a: Rotom|17/100|[from] item: Leftovers
|upkeep
|turn|11
|
|t:|1685909021
|move|p2a: Landorus|U-turn|p1a: Rotom
|-damage|p1a: Rotom|0 fnt
|faint|p1a: Rotom
|
|t:|1685909034
|switch|p2a: Sneasler|Sneasler, M|100/100|[from] U-turn
|-damage|p2a: Sneasler|95/100|[from] Stealth Rock
|
|upkeep
|
|t:|1685909059
|switch|p1a: Chien-Pao|Chien-Pao|100/100
|-damage|p1a: Chien-Pao|84/100|[from] Spikes
|-damage|p1a: Chien-Pao|59/100|[from] Stealth Rock
|-ability|p1a: Chien-Pao|Sword of Ruin
|turn|12
|
|t:|1685909064
|move|p2a: Sneasler|Close Combat|p1a: Chien-Pao
|-supereffective|p1a: Chien-Pao
|-damage|p1a: Chien-Pao|0 fnt
|-unboost|p2a: Sneasler|def|1
|-unboost|p2a: Sneasler|spd|1
|faint|p1a: Chien-Pao
|
|upkeep
|
|t:|1685909068
|switch|p1a: Magearna|Magearna|100/100
|-damage|p1a: Magearna|84/100|[from] Spikes
|-damage|p1a: Magearna|78/100|[from] Stealth Rock
|turn|13
|
|t:|1685909071
|switch|p2a: Landorus|Landorus-Therian, M|9/100
|-damage|p2a: Landorus|0 fnt|[from] Stealth Rock
|faint|p2a: Landorus
|-ability|p1a: Magearna|Soul-Heart|boost
|-boost|p1a: Magearna|spa|1
|move|p1a: Magearna|Shift Gear|p1a: Magearna
|-boost|p1a: Magearna|spe|2
|-boost|p1a: Magearna|atk|1
|
|upkeep
|
|t:|1685909082
|switch|p2a: Sneasler|Sneasler, M|95/100
|-damage|p2a: Sneasler|89/100|[from] Stealth Rock
|turn|14
|
|t:|1685909087
|move|p2a: Sneasler|Switcheroo|p1a: Magearna
|-activate|p2a: Sneasler|move: Trick|[of] p1a: Magearna
|-item|p1a: Magearna|Choice Scarf|[from] move: Switcheroo
|-item|p2a: Sneasler|Weakness Policy|[from] move: Switcheroo
|move|p1a: Magearna|Shift Gear|p1a: Magearna
|-boost|p1a: Magearna|spe|2
|-boost|p1a: Magearna|atk|1
|
|upkeep
|turn|15
|
|t:|1685909103
|switch|p1a: Heatran|Heatran, F|97/100
|-damage|p1a: Heatran|81/100|[from] Spikes
|-damage|p1a: Heatran|68/100|[from] Stealth Rock
|move|p2a: Sneasler|Close Combat|p1a: Heatran
|-supereffective|p1a: Heatran
|-damage|p1a: Heatran|0 fnt
|-unboost|p2a: Sneasler|def|1
|-unboost|p2a: Sneasler|spd|1
|faint|p1a: Heatran
|
|upkeep
|
|t:|1685909109
|switch|p1a: Magearna|Magearna|78/100
|-damage|p1a: Magearna|61/100|[from] Spikes
|-damage|p1a: Magearna|55/100|[from] Stealth Rock
|turn|16
|
|t:|1685909119
|-terastallize|p2a: Sneasler|Fighting
|-terastallize|p1a: Magearna|Ground
|move|p2a: Sneasler|Close Combat|p1a: Magearna
|-damage|p1a: Magearna|0 fnt
|-unboost|p2a: Sneasler|def|1
|-unboost|p2a: Sneasler|spd|1
|faint|p1a: Magearna
|
|upkeep
|-message|Joshh69 forfeited.
|
|win|PLAYB0I R0BBIE B
|raw|Joshh69's rating: 1244 → 1225(-19 for losing)
|raw|PLAYB0I R0BBIE B's rating: 1336 → 1351(+15 for winning)
|l|☆Joshh69
