|j|☆Blue Eyes God
|j|☆jmcbango
|t:|1685850809
|gametype|singles
|player|p1|Blue Eyes God|shadowtriad|1500
|player|p2|jmcbango|volkner|1410
|teamsize|p1|6
|teamsize|p2|6
|gen|9
|tier|[Gen 9] OU
|rated|
|rule|Sleep Clause Mod: Limit one foe put to sleep
|rule|Species Clause: Limit one of each Pokémon
|rule|OHKO Clause: OHKO moves are banned
|rule|Evasion Items Clause: Evasion items are banned
|rule|Evasion Moves Clause: Evasion moves are banned
|rule|Endless Battle Clause: Forcing endless battles is banned
|rule|HP Percentage Mod: HP is shown in percentages
|clearpoke
|poke|p1|Grimmsnarl, M|
|poke|p1|Hatterene, F|
|poke|p1|Breloom, F|
|poke|p1|Ursaluna, M|
|poke|p1|Magearna|
|poke|p1|Zamazenta-*|
|poke|p2|Basculegion, M|
|poke|p2|Urshifu-*, M|
|poke|p2|Pelipper, M|
|poke|p2|Samurott-Hisui, F|
|poke|p2|Great Tusk|
|poke|p2|Zapdos|
|teampreview
|inactive|Battle timer is ON: inactive players will automatically lose when time's up. (requested by Blue Eyes God)
|
|t:|1685850830
|start
|switch|p1a: Breloom|Breloom, F|100/100
|switch|p2a: Samurott|Samurott-Hisui, F|100/100
|turn|1
|inactive|jmcbango has 120 seconds left.
|
|t:|1685850865
|switch|p2a: Pelipper|Pelipper, M|100/100
|-weather|RainDance|[from] ability: Drizzle|[of] p2a: Pelipper
|move|p1a: Breloom|Spore|p2a: Pelipper
|-status|p2a: Pelipper|slp|[from] move: Spore
|
|-weather|RainDance|[upkeep]
|upkeep
|turn|2
|inactive|jmcbango has 120 seconds left.
|
|t:|1685850878
|switch|p2a: Zapdos|Zapdos|100/100
|move|p1a: Breloom|Rock Tomb|p2a: Zapdos
|-supereffective|p2a: Zapdos
|-damage|p2a: Zapdos|10/100
|-unboost|p2a: Zapdos|spe|1
|
|-weather|RainDance|[upkeep]
|upkeep
|turn|3
|
|t:|1685850886
|move|p1a: Breloom|Rock Tomb|p2a: Zapdos
|-supereffective|p2a: Zapdos
|-damage|p2a: Zapdos|0 fnt
|faint|p2a: Zapdos
|
|-weather|RainDance|[upkeep]
|upkeep
|inactive|jmcbango has 120 seconds left.
|
|t:|1685850899
|switch|p2a: Urshifu|Urshifu-Rapid-Strike, M|100/100
|turn|4
|
|t:|1685850915
|move|p2a: Urshifu|Close Combat|p1a: Breloom
|-damage|p1a: Breloom|2/100
|-unboost|p2a: Urshifu|def|1
|-unboost|p2a: Urshifu|spd|1
|move|p1a: Breloom|Bulldoze|p2a: Urshifu
|-damage|p2a: Urshifu|50/100
|-unboost|p2a: Urshifu|spe|1
|
|-weather|RainDance|[upkeep]
|upkeep
|turn|5
|
|t:|1685850924
|move|p1a: Breloom|Mach Punch|p2a: Urshifu
|-damage|p2a: Urshifu|0 fnt
|faint|p2a: Urshifu
|
|-weather|RainDance|[upkeep]
|upkeep
|
|t:|1685850934
|switch|p2a: Basculegion|Basculegion, M|100/100
|turn|6
|
|t:|1685850949
|move|p2a: Basculegion|Wave Crash|p1a: Breloom
|-resisted|p1a: Breloom
|-damage|p1a: Breloom|0 fnt
|faint|p1a: Breloom
|-damage|p2a: Basculegion|99/100|[from] Recoil
|
|-weather|RainDance|[upkeep]
|upkeep
|
|t:|1685850952
|switch|p1a: Grimmsnarl|Grimmsnarl, M|100/100
|turn|7
|
|t:|1685850968
|switch|p2a: Samurott|Samurott-Hisui, F|100/100
|move|p1a: Grimmsnarl|Reflect|p1a: Grimmsnarl
|-sidestart|p1: Blue Eyes God|Reflect
|
|-weather|RainDance|[upkeep]
|upkeep
|turn|8
|
|t:|1685850978
|switch|p1a: Hatterene|Hatterene, F|100/100
|move|p2a: Samurott|Ceaseless Edge|p1a: Hatterene
|-damage|p1a: Hatterene|83/100
|-sidestart|p1: Blue Eyes God|Spikes
|
|-weather|none
|-heal|p1a: Hatterene|89/100|[from] item: Leftovers
|upkeep
|turn|9
|
|t:|1685850987
|switch|p2a: Pelipper|Pelipper, M|100/100 slp
|-weather|RainDance|[from] ability: Drizzle|[of] p2a: Pelipper
|move|p1a: Hatterene|Trick Room|p1a: Hatterene
|-fieldstart|move: Trick Room|[of] p1a: Hatterene
|
|-weather|RainDance|[upkeep]
|-heal|p1a: Hatterene|95/100|[from] item: Leftovers
|upkeep
|turn|10
|
|t:|1685850997
|move|p1a: Hatterene|Calm Mind|p1a: Hatterene
|-boost|p1a: Hatterene|spa|1
|-boost|p1a: Hatterene|spd|1
|cant|p2a: Pelipper|slp
|
|-weather|RainDance|[upkeep]
|-heal|p1a: Hatterene|100/100|[from] item: Leftovers
|upkeep
|turn|11
|
|t:|1685851005
|move|p1a: Hatterene|Calm Mind|p1a: Hatterene
|-boost|p1a: Hatterene|spa|1
|-boost|p1a: Hatterene|spd|1
|cant|p2a: Pelipper|slp
|
|-weather|RainDance|[upkeep]
|upkeep
|turn|12
|
|t:|1685851013
|move|p1a: Hatterene|Calm Mind|p1a: Hatterene
|-boost|p1a: Hatterene|spa|1
|-boost|p1a: Hatterene|spd|1
|cant|p2a: Pelipper|slp
|
|-weather|RainDance|[upkeep]
|upkeep
|turn|13
|
|t:|1685851021
|switch|p2a: Samurott|Samurott-Hisui, F|100/100
|move|p1a: Hatterene|Calm Mind|p1a: Hatterene
|-boost|p1a: Hatterene|spa|1
|-boost|p1a: Hatterene|spd|1
|
|-weather|RainDance|[upkeep]
|-fieldend|move: Trick Room
|upkeep
|turn|14
|
|t:|1685851034
|-terastallize|p2a: Samurott|Water
|-terastallize|p1a: Hatterene|Water
|move|p2a: Samurott|Aqua Cutter|p1a: Hatterene
|-resisted|p1a: Hatterene
|-damage|p1a: Hatterene|83/100
|move|p1a: Hatterene|Trick Room|p1a: Hatterene
|-fieldstart|move: Trick Room|[of] p1a: Hatterene
|
|-weather|RainDance|[upkeep]
|-heal|p1a: Hatterene|89/100|[from] item: Leftovers
|-sideend|p1: Blue Eyes God|Reflect
|upkeep
|turn|15
|-message|jmcbango forfeited.
|
|win|Blue Eyes God
|raw|Blue Eyes God's rating: 1500 → 1515(+15 for winning)
|raw|jmcbango's rating: 1410 → 1395(-15 for losing)
|l|☆jmcbango
