|j|☆some NPC i guess
|j|☆Mona_PT
|t:|1685850313
|gametype|singles
|player|p1|some NPC i guess|gambler|1200
|player|p2|Mona_PT|102|1168
|teamsize|p1|6
|teamsize|p2|6
|gen|9
|tier|[Gen 9] OU
|rated|
|rule|Sleep Clause Mod: Limit one foe put to sleep
|rule|Species Clause: Limit one of each Pokémon
|rule|OHKO Clause: OHKO moves are banned
|rule|Evasion Items Clause: Evasion items are banned
|rule|Evasion Moves Clause: Evasion moves are banned
|rule|Endless Battle Clause: Forcing endless battles is banned
|rule|HP Percentage Mod: HP is shown in percentages
|clearpoke
|poke|p1|Clodsire, F|
|poke|p1|Iron Valiant|
|poke|p1|Pelipper, M|
|poke|p1|Basculegion, M|
|poke|p1|Great Tusk|
|poke|p1|Dragonite, M|
|poke|p2|Zamazenta-*|
|poke|p2|Braviary-Hisui, M|
|poke|p2|Toxapex, M|
|poke|p2|Ting-Lu|
|poke|p2|Dondozo, M|
|poke|p2|Amoonguss, M|
|teampreview
|inactive|Battle timer is ON: inactive players will automatically lose when time's up. (requested by some NPC i guess)
|
|t:|1685850344
|start
|switch|p1a: Clyde|Clodsire, F, shiny|100/100
|switch|p2a: Amoonguss|Amoonguss, M|100/100
|turn|1
|
|t:|1685850361
|move|p2a: Amoonguss|Spore|p1a: Clyde
|-status|p1a: Clyde|slp|[from] move: Spore
|cant|p1a: Clyde|slp
|
|upkeep
|turn|2
|
|t:|1685850370
|switch|p2a: Braviary|Braviary-Hisui, M|100/100
|-curestatus|p1a: Clyde|slp|[msg]
|move|p1a: Clyde|Stealth Rock|p2a: Braviary
|-sidestart|p2: Mona_PT|move: Stealth Rock
|
|upkeep
|turn|3
|
|t:|1685850379
|switch|p1a: Rain rain go away|Pelipper, M, shiny|100/100
|-weather|RainDance|[from] ability: Drizzle|[of] p1a: Rain rain go away
|-terastallize|p2a: Braviary|Steel
|move|p2a: Braviary|Calm Mind|p2a: Braviary
|-boost|p2a: Braviary|spa|1
|-boost|p2a: Braviary|spd|1
|
|-weather|RainDance|[upkeep]
|upkeep
|turn|4
|
|t:|1685850399
|move|p2a: Braviary|Esper Wing|p1a: Rain rain go away
|-damage|p1a: Rain rain go away|31/100
|-boost|p2a: Braviary|spe|1
|move|p1a: Rain rain go away|U-turn|p2a: Braviary
|-resisted|p2a: Braviary
|-damage|p2a: Braviary|96/100
|
|t:|1685850403
|switch|p1a: Basculegion|Basculegion, M, shiny|100/100|[from] U-turn
|
|-weather|RainDance|[upkeep]
|-heal|p2a: Braviary|100/100|[from] item: Leftovers
|upkeep
|turn|5
|
|t:|1685850412
|move|p1a: Basculegion|Wave Crash|p2a: Braviary
|-damage|p2a: Braviary|0 fnt
|faint|p2a: Braviary
|-damage|p1a: Basculegion|64/100|[from] Recoil
|
|-weather|RainDance|[upkeep]
|upkeep
|
|t:|1685850422
|switch|p2a: Amoonguss|Amoonguss, M|100/100
|-damage|p2a: Amoonguss|88/100|[from] Stealth Rock
|turn|6
|
|t:|1685850444
|switch|p1a: Clyde|Clodsire, F, shiny|100/100
|move|p2a: Amoonguss|Spore|p1a: Clyde
|-status|p1a: Clyde|slp|[from] move: Spore
|
|-weather|RainDance|[upkeep]
|-heal|p2a: Amoonguss|94/100|[from] item: Black Sludge
|upkeep
|turn|7
|
|t:|1685850452
|switch|p2a: Zamazenta|Zamazenta|100/100
|-damage|p2a: Zamazenta|94/100|[from] Stealth Rock
|-ability|p2a: Zamazenta|Dauntless Shield|boost
|-boost|p2a: Zamazenta|def|1
|switch|p1a: Dragon go raor|Dragonite, M, shiny|100/100
|
|-weather|RainDance|[upkeep]
|-heal|p2a: Zamazenta|100/100|[from] item: Leftovers
|upkeep
|turn|8
|
|t:|1685850462
|move|p2a: Zamazenta|Iron Defense|p2a: Zamazenta
|-boost|p2a: Zamazenta|def|2
|move|p1a: Dragon go raor|Dragon Dance|p1a: Dragon go raor
|-boost|p1a: Dragon go raor|atk|1
|-boost|p1a: Dragon go raor|spe|1
|
|-weather|RainDance|[upkeep]
|upkeep
|turn|9
|inactive|Mona_PT has 120 seconds left.
|
|t:|1685850493
|move|p2a: Zamazenta|Iron Defense|p2a: Zamazenta
|-boost|p2a: Zamazenta|def|2
|move|p1a: Dragon go raor|Outrage|p2a: Zamazenta
|-damage|p2a: Zamazenta|77/100
|
|-weather|RainDance|[upkeep]
|-heal|p2a: Zamazenta|83/100|[from] item: Leftovers
|upkeep
|turn|10
|inactive|Mona_PT has 120 seconds left.
|
|t:|1685850527
|move|p2a: Zamazenta|Iron Defense|p2a: Zamazenta
|-boost|p2a: Zamazenta|def|1
|move|p1a: Dragon go raor|Outrage|p2a: Zamazenta|[from]lockedmove
|-damage|p2a: Zamazenta|63/100
|-start|p1a: Dragon go raor|confusion|[fatigue]
|
|-weather|none
|-heal|p2a: Zamazenta|69/100|[from] item: Leftovers
|upkeep
|turn|11
|
|t:|1685850536
|switch|p1a: Clyde|Clodsire, F, shiny|100/100 slp
|move|p2a: Zamazenta|Play Rough|p1a: Clyde
|-resisted|p1a: Clyde
|-crit|p1a: Clyde
|-damage|p1a: Clyde|80/100 slp
|
|-heal|p2a: Zamazenta|75/100|[from] item: Leftovers
|-heal|p1a: Clyde|87/100 slp|[from] item: Leftovers
|upkeep
|turn|12
|
|t:|1685850553
|switch|p2a: Toxapex|Toxapex, M|100/100
|-damage|p2a: Toxapex|88/100|[from] Stealth Rock
|cant|p1a: Clyde|slp
|
|-heal|p2a: Toxapex|94/100|[from] item: Black Sludge
|-heal|p1a: Clyde|93/100 slp|[from] item: Leftovers
|upkeep
|turn|13
|inactive|Mona_PT has 90 seconds left.
|
|t:|1685850577
|switch|p1a: Rain rain go away|Pelipper, M, shiny|31/100
|-weather|RainDance|[from] ability: Drizzle|[of] p1a: Rain rain go away
|move|p2a: Toxapex|Chilling Water|p1a: Rain rain go away
|-resisted|p1a: Rain rain go away
|-damage|p1a: Rain rain go away|19/100
|-unboost|p1a: Rain rain go away|atk|1
|
|-weather|RainDance|[upkeep]
|-heal|p2a: Toxapex|99/100|[from] item: Black Sludge
|upkeep
|turn|14
|inactive|Mona_PT has 90 seconds left.
|
|t:|1685850589
|move|p1a: Rain rain go away|Roost|p1a: Rain rain go away
|-heal|p1a: Rain rain go away|69/100
|-singleturn|p1a: Rain rain go away|move: Roost
|move|p2a: Toxapex|Toxic Spikes|p1a: Rain rain go away
|-sidestart|p1: some NPC i guess|move: Toxic Spikes
|
|-weather|RainDance|[upkeep]
|-heal|p2a: Toxapex|100/100|[from] item: Black Sludge
|upkeep
|turn|15
|inactive|Mona_PT has 90 seconds left.
|
|t:|1685850615
|move|p1a: Rain rain go away|Hurricane|p2a: Toxapex
|-damage|p2a: Toxapex|69/100
|move|p2a: Toxapex|Toxic Spikes|p1a: Rain rain go away
|-sidestart|p1: some NPC i guess|move: Toxic Spikes
|
|-weather|RainDance|[upkeep]
|-heal|p2a: Toxapex|75/100|[from] item: Black Sludge
|upkeep
|turn|16
|
|t:|1685850622
|move|p1a: Rain rain go away|Roost|p1a: Rain rain go away
|-heal|p1a: Rain rain go away|100/100
|-singleturn|p1a: Rain rain go away|move: Roost
|move|p2a: Toxapex|Toxic|p1a: Rain rain go away
|-status|p1a: Rain rain go away|tox
|
|-weather|RainDance|[upkeep]
|-heal|p2a: Toxapex|81/100|[from] item: Black Sludge
|-damage|p1a: Rain rain go away|94/100 tox|[from] psn
|upkeep
|turn|17
|
|t:|1685850632
|switch|p1a: Clyde|Clodsire, F, shiny|93/100 slp
|-sideend|p1: some NPC i guess|move: Toxic Spikes|[of] p1a: Clyde
|move|p2a: Toxapex|Chilling Water|p1a: Clyde
|-supereffective|p1a: Clyde
|-damage|p1a: Clyde|76/100 slp
|-unboost|p1a: Clyde|atk|1
|
|-weather|RainDance|[upkeep]
|-heal|p2a: Toxapex|87/100|[from] item: Black Sludge
|-heal|p1a: Clyde|82/100 slp|[from] item: Leftovers
|upkeep
|turn|18
|
|t:|1685850648
|switch|p2a: Amoonguss|Amoonguss, M|100/100
|-damage|p2a: Amoonguss|88/100|[from] Stealth Rock
|switch|p1a: Gallardevoir|Iron Valiant|100/100
|-enditem|p1a: Gallardevoir|Booster Energy
|-activate|p1a: Gallardevoir|ability: Quark Drive|[fromitem]
|-start|p1a: Gallardevoir|quarkdrivespe
|
|-weather|RainDance|[upkeep]
|-heal|p2a: Amoonguss|94/100|[from] item: Black Sludge
|upkeep
|turn|19
|
|t:|1685850662
|move|p1a: Gallardevoir|Psyshock|p2a: Amoonguss
|-supereffective|p2a: Amoonguss
|-damage|p2a: Amoonguss|27/100
|move|p2a: Amoonguss|Sludge Bomb|p1a: Gallardevoir
|-supereffective|p1a: Gallardevoir
|-damage|p1a: Gallardevoir|0 fnt
|faint|p1a: Gallardevoir
|-end|p1a: Gallardevoir|Quark Drive|[silent]
|
|-weather|RainDance|[upkeep]
|-heal|p2a: Amoonguss|33/100|[from] item: Black Sludge
|upkeep
|
|t:|1685850676
|switch|p1a: Dragon go raor|Dragonite, M, shiny|100/100
|turn|20
|
|t:|1685850682
|switch|p2a: Dondozo|Dondozo, M|100/100
|-damage|p2a: Dondozo|88/100|[from] Stealth Rock
|move|p1a: Dragon go raor|Dragon Dance|p1a: Dragon go raor
|-boost|p1a: Dragon go raor|atk|1
|-boost|p1a: Dragon go raor|spe|1
|
|-weather|none
|-heal|p2a: Dondozo|94/100|[from] item: Leftovers
|upkeep
|turn|21
|inactive|Mona_PT has 60 seconds left.
|
|t:|1685850726
|switch|p1a: Clyde|Clodsire, F, shiny|82/100 slp
|move|p2a: Dondozo|Curse|p2a: Dondozo
|-unboost|p2a: Dondozo|spe|1
|-boost|p2a: Dondozo|atk|1
|-boost|p2a: Dondozo|def|1
|
|-heal|p1a: Clyde|88/100 slp|[from] item: Leftovers
|-heal|p2a: Dondozo|99/100|[from] item: Leftovers
|upkeep
|turn|22
|
|t:|1685850732
|cant|p1a: Clyde|slp
|move|p2a: Dondozo|Liquidation|p1a: Clyde
|-supereffective|p1a: Clyde
|-damage|p1a: Clyde|24/100 slp
|
|-heal|p1a: Clyde|30/100 slp|[from] item: Leftovers
|-heal|p2a: Dondozo|100/100|[from] item: Leftovers
|upkeep
|turn|23
|inactive|Mona_PT has 60 seconds left.
|
|t:|1685850741
|-curestatus|p1a: Clyde|slp|[msg]
|move|p1a: Clyde|Toxic|p2a: Dondozo
|-status|p2a: Dondozo|tox
|move|p2a: Dondozo|Curse|p2a: Dondozo
|-unboost|p2a: Dondozo|spe|1
|-boost|p2a: Dondozo|atk|1
|-boost|p2a: Dondozo|def|1
|
|-heal|p1a: Clyde|36/100|[from] item: Leftovers
|-damage|p2a: Dondozo|94/100 tox|[from] psn
|upkeep
|turn|24
|inactive|Mona_PT has 60 seconds left.
|
|t:|1685850760
|-terastallize|p1a: Clyde|Water
|move|p1a: Clyde|Recover|p1a: Clyde
|-heal|p1a: Clyde|86/100
|move|p2a: Dondozo|Liquidation|p1a: Clyde
|-resisted|p1a: Clyde
|-damage|p1a: Clyde|69/100
|
|-heal|p1a: Clyde|75/100|[from] item: Leftovers
|-heal|p2a: Dondozo|100/100 tox|[from] item: Leftovers
|-damage|p2a: Dondozo|88/100 tox|[from] psn
|upkeep
|turn|25
|inactive|Mona_PT has 60 seconds left.
|
|t:|1685850771
|move|p1a: Clyde|Earthquake|p2a: Dondozo
|-damage|p2a: Dondozo|77/100 tox
|move|p2a: Dondozo|Body Press|p1a: Clyde
|-crit|p1a: Clyde
|-damage|p1a: Clyde|32/100
|
|-heal|p1a: Clyde|38/100|[from] item: Leftovers
|-heal|p2a: Dondozo|83/100 tox|[from] item: Leftovers
|-damage|p2a: Dondozo|64/100 tox|[from] psn
|upkeep
|turn|26
|inactive|Mona_PT has 60 seconds left.
|
|t:|1685850781
|move|p1a: Clyde|Recover|p1a: Clyde
|-heal|p1a: Clyde|88/100
|move|p2a: Dondozo|Body Press|p1a: Clyde
|-damage|p1a: Clyde|60/100
|
|-heal|p1a: Clyde|66/100|[from] item: Leftovers
|-heal|p2a: Dondozo|71/100 tox|[from] item: Leftovers
|-damage|p2a: Dondozo|46/100 tox|[from] psn
|upkeep
|turn|27
|inactive|Mona_PT has 60 seconds left.
|
|t:|1685850800
|move|p1a: Clyde|Earthquake|p2a: Dondozo
|-damage|p2a: Dondozo|33/100 tox
|move|p2a: Dondozo|Rest|p2a: Dondozo
|-status|p2a: Dondozo|slp|[from] move: Rest
|-heal|p2a: Dondozo|100/100 slp|[silent]
|
|-heal|p1a: Clyde|72/100|[from] item: Leftovers
|upkeep
|turn|28
|
|t:|1685850809
|move|p1a: Clyde|Earthquake|p2a: Dondozo
|-damage|p2a: Dondozo|89/100 slp
|cant|p2a: Dondozo|slp
|
|-heal|p1a: Clyde|78/100|[from] item: Leftovers
|-heal|p2a: Dondozo|95/100 slp|[from] item: Leftovers
|upkeep
|turn|29
|inactive|Mona_PT has 60 seconds left.
|
|t:|1685850826
|move|p1a: Clyde|Earthquake|p2a: Dondozo
|-damage|p2a: Dondozo|83/100 slp
|cant|p2a: Dondozo|slp
|
|-heal|p1a: Clyde|85/100|[from] item: Leftovers
|-heal|p2a: Dondozo|89/100 slp|[from] item: Leftovers
|upkeep
|turn|30
|inactive|Mona_PT has 30 seconds left.
|inactive|Mona_PT has 20 seconds left.
|inactive|Mona_PT has 15 seconds left.
|inactive|Mona_PT has 10 seconds left.
|
|t:|1685850879
|move|p1a: Clyde|Earthquake|p2a: Dondozo
|-damage|p2a: Dondozo|78/100 slp
|-curestatus|p2a: Dondozo|slp|[msg]
|move|p2a: Dondozo|Curse|p2a: Dondozo
|-unboost|p2a: Dondozo|spe|1
|-boost|p2a: Dondozo|atk|1
|-boost|p2a: Dondozo|def|1
|
|-heal|p1a: Clyde|91/100|[from] item: Leftovers
|-heal|p2a: Dondozo|84/100|[from] item: Leftovers
|upkeep
|turn|31
|inactive|Mona_PT has 20 seconds left this turn.
|inactive|Mona_PT has 15 seconds left.
|inactive|Mona_PT has 10 seconds left.
|
|t:|1685850889
|move|p1a: Clyde|Toxic|p2a: Dondozo
|-status|p2a: Dondozo|tox
|move|p2a: Dondozo|Curse|p2a: Dondozo
|-unboost|p2a: Dondozo|spe|1
|-boost|p2a: Dondozo|atk|1
|-boost|p2a: Dondozo|def|1
|
|-heal|p1a: Clyde|97/100|[from] item: Leftovers
|-heal|p2a: Dondozo|90/100 tox|[from] item: Leftovers
|-damage|p2a: Dondozo|84/100 tox|[from] psn
|upkeep
|turn|32
|inactive|Mona_PT has 20 seconds left this turn.
|inactive|Mona_PT has 15 seconds left.
|inactive|Mona_PT has 10 seconds left.
|
|t:|1685850900
|move|p1a: Clyde|Earthquake|p2a: Dondozo
|-damage|p2a: Dondozo|71/100 tox
|move|p2a: Dondozo|Curse|p2a: Dondozo
|-unboost|p2a: Dondozo|spe|1
|-boost|p2a: Dondozo|atk|1
|-boost|p2a: Dondozo|def|1
|
|-heal|p1a: Clyde|100/100|[from] item: Leftovers
|-heal|p2a: Dondozo|77/100 tox|[from] item: Leftovers
|-damage|p2a: Dondozo|65/100 tox|[from] psn
|upkeep
|turn|33
|inactive|Mona_PT has 20 seconds left this turn.
|
|t:|1685850903
|move|p1a: Clyde|Earthquake|p2a: Dondozo
|-damage|p2a: Dondozo|53/100 tox
|move|p2a: Dondozo|Curse|p2a: Dondozo
|-unboost|p2a: Dondozo|spe|1
|-boost|p2a: Dondozo|atk|1
|-boost|p2a: Dondozo|def|1
|
|-heal|p2a: Dondozo|59/100 tox|[from] item: Leftovers
|-damage|p2a: Dondozo|41/100 tox|[from] psn
|upkeep
|turn|34
|inactive|Mona_PT has 30 seconds left this turn.
|
|t:|1685850906
|move|p1a: Clyde|Earthquake|p2a: Dondozo
|-damage|p2a: Dondozo|29/100 tox
|move|p2a: Dondozo|Rest|p2a: Dondozo
|-status|p2a: Dondozo|slp|[from] move: Rest
|-heal|p2a: Dondozo|100/100 slp|[silent]
|
|upkeep
|turn|35
|
|t:|1685850908
|move|p1a: Clyde|Earthquake|p2a: Dondozo
|-crit|p2a: Dondozo
|-damage|p2a: Dondozo|83/100 slp
|cant|p2a: Dondozo|slp
|
|-heal|p2a: Dondozo|89/100 slp|[from] item: Leftovers
|upkeep
|turn|36
|
|t:|1685850916
|move|p1a: Clyde|Earthquake|p2a: Dondozo
|-damage|p2a: Dondozo|78/100 slp
|cant|p2a: Dondozo|slp
|
|-heal|p2a: Dondozo|84/100 slp|[from] item: Leftovers
|upkeep
|turn|37
|
|t:|1685850920
|move|p1a: Clyde|Earthquake|p2a: Dondozo
|-damage|p2a: Dondozo|73/100 slp
|-curestatus|p2a: Dondozo|slp|[msg]
|move|p2a: Dondozo|Liquidation|p1a: Clyde
|-resisted|p1a: Clyde
|-damage|p1a: Clyde|83/100
|
|-heal|p1a: Clyde|89/100|[from] item: Leftovers
|-heal|p2a: Dondozo|79/100|[from] item: Leftovers
|upkeep
|turn|38
|inactive|Mona_PT has 60 seconds left.
|
|t:|1685850926
|move|p1a: Clyde|Toxic|p2a: Dondozo|[miss]
|-miss|p1a: Clyde|p2a: Dondozo
|move|p2a: Dondozo|Body Press|p1a: Clyde
|-damage|p1a: Clyde|58/100
|
|-heal|p1a: Clyde|65/100|[from] item: Leftovers
|-heal|p2a: Dondozo|85/100|[from] item: Leftovers
|upkeep
|turn|39
|inactive|Mona_PT has 60 seconds left.
|
|t:|1685850950
|move|p1a: Clyde|Toxic|p2a: Dondozo
|-status|p2a: Dondozo|tox
|move|p2a: Dondozo|Body Press|p1a: Clyde
|-damage|p1a: Clyde|33/100
|
|-heal|p1a: Clyde|39/100|[from] item: Leftovers
|-heal|p2a: Dondozo|91/100 tox|[from] item: Leftovers
|-damage|p2a: Dondozo|85/100 tox|[from] psn
|upkeep
|turn|40
|
|t:|1685850956
|move|p1a: Clyde|Recover|p1a: Clyde
|-heal|p1a: Clyde|89/100
|move|p2a: Dondozo|Body Press|p1a: Clyde
|-damage|p1a: Clyde|57/100
|
|-heal|p1a: Clyde|64/100|[from] item: Leftovers
|-heal|p2a: Dondozo|91/100 tox|[from] item: Leftovers
|-damage|p2a: Dondozo|79/100 tox|[from] psn
|upkeep
|turn|41
|inactive|Mona_PT has 60 seconds left.
|
|t:|1685850972
|move|p1a: Clyde|Earthquake|p2a: Dondozo
|-damage|p2a: Dondozo|66/100 tox
|move|p2a: Dondozo|Liquidation|p1a: Clyde
|-resisted|p1a: Clyde
|-damage|p1a: Clyde|48/100
|
|-heal|p1a: Clyde|55/100|[from] item: Leftovers
|-heal|p2a: Dondozo|73/100 tox|[from] item: Leftovers
|-damage|p2a: Dondozo|54/100 tox|[from] psn
|upkeep
|turn|42
|
|t:|1685850981
|move|p1a: Clyde|Earthquake|p2a: Dondozo
|-damage|p2a: Dondozo|43/100 tox
|move|p2a: Dondozo|Body Press|p1a: Clyde
|-damage|p1a: Clyde|22/100
|
|-heal|p1a: Clyde|28/100|[from] item: Leftovers
|-heal|p2a: Dondozo|49/100 tox|[from] item: Leftovers
|-damage|p2a: Dondozo|24/100 tox|[from] psn
|upkeep
|turn|43
|
|t:|1685850984
|move|p1a: Clyde|Recover|p1a: Clyde
|-heal|p1a: Clyde|78/100
|move|p2a: Dondozo|Rest|p2a: Dondozo
|-status|p2a: Dondozo|slp|[from] move: Rest
|-heal|p2a: Dondozo|100/100 slp|[silent]
|
|-heal|p1a: Clyde|84/100|[from] item: Leftovers
|upkeep
|turn|44
|
|t:|1685850998
|move|p1a: Clyde|Earthquake|p2a: Dondozo
|-damage|p2a: Dondozo|88/100 slp
|cant|p2a: Dondozo|slp
|
|-heal|p1a: Clyde|90/100|[from] item: Leftovers
|-heal|p2a: Dondozo|95/100 slp|[from] item: Leftovers
|upkeep
|turn|45
|
|t:|1685851007
|move|p1a: Clyde|Stealth Rock||[still]
|-fail|p1a: Clyde
|cant|p2a: Dondozo|slp
|
|-heal|p1a: Clyde|97/100|[from] item: Leftovers
|-heal|p2a: Dondozo|100/100 slp|[from] item: Leftovers
|upkeep
|turn|46
|
|t:|1685851017
|move|p1a: Clyde|Stealth Rock||[still]
|-fail|p1a: Clyde
|-curestatus|p2a: Dondozo|slp|[msg]
|move|p2a: Dondozo|Liquidation|p1a: Clyde
|-resisted|p1a: Clyde
|-damage|p1a: Clyde|81/100
|
|-heal|p1a: Clyde|87/100|[from] item: Leftovers
|upkeep
|turn|47
|
|t:|1685851041
|move|p1a: Clyde|Toxic|p2a: Dondozo
|-status|p2a: Dondozo|tox
|move|p2a: Dondozo|Liquidation|p1a: Clyde
|-resisted|p1a: Clyde
|-damage|p1a: Clyde|71/100
|-unboost|p1a: Clyde|def|1
|
|-heal|p1a: Clyde|77/100|[from] item: Leftovers
|-damage|p2a: Dondozo|94/100 tox|[from] psn
|upkeep
|turn|48
|inactive|Mona_PT has 60 seconds left.
|
|t:|1685851061
|move|p1a: Clyde|Stealth Rock||[still]
|-fail|p1a: Clyde
|move|p2a: Dondozo|Liquidation|p1a: Clyde
|-resisted|p1a: Clyde
|-damage|p1a: Clyde|60/100
|
|-heal|p1a: Clyde|67/100|[from] item: Leftovers
|-heal|p2a: Dondozo|100/100 tox|[from] item: Leftovers
|-damage|p2a: Dondozo|88/100 tox|[from] psn
|upkeep
|turn|49
|inactive|Mona_PT has 60 seconds left.
|
|t:|1685851077
|move|p1a: Clyde|Stealth Rock||[still]
|-fail|p1a: Clyde
|move|p2a: Dondozo|Body Press|p1a: Clyde
|-damage|p1a: Clyde|34/100
|
|-heal|p1a: Clyde|40/100|[from] item: Leftovers
|-heal|p2a: Dondozo|94/100 tox|[from] item: Leftovers
|-damage|p2a: Dondozo|76/100 tox|[from] psn
|upkeep
|turn|50
|inactive|Mona_PT has 60 seconds left.
|
|t:|1685851088
|move|p1a: Clyde|Recover|p1a: Clyde
|-heal|p1a: Clyde|90/100
|move|p2a: Dondozo|Body Press|p1a: Clyde
|-damage|p1a: Clyde|57/100
|
|-heal|p1a: Clyde|63/100|[from] item: Leftovers
|-heal|p2a: Dondozo|82/100 tox|[from] item: Leftovers
|-damage|p2a: Dondozo|57/100 tox|[from] psn
|upkeep
|turn|51
|inactive|Mona_PT has 60 seconds left.
|
|t:|1685851109
|move|p1a: Clyde|Stealth Rock||[still]
|-fail|p1a: Clyde
|move|p2a: Dondozo|Body Press|p1a: Clyde
|-damage|p1a: Clyde|34/100
|
|-heal|p1a: Clyde|40/100|[from] item: Leftovers
|-heal|p2a: Dondozo|64/100 tox|[from] item: Leftovers
|-damage|p2a: Dondozo|33/100 tox|[from] psn
|upkeep
|turn|52
|
|t:|1685851117
|move|p1a: Clyde|Recover|p1a: Clyde
|-heal|p1a: Clyde|90/100
|move|p2a: Dondozo|Rest|p2a: Dondozo
|-status|p2a: Dondozo|slp|[from] move: Rest
|-heal|p2a: Dondozo|100/100 slp|[silent]
|
|-heal|p1a: Clyde|96/100|[from] item: Leftovers
|upkeep
|turn|53
|
|t:|1685851130
|switch|p1a: bro|Great Tusk, shiny|100/100
|-enditem|p1a: bro|Booster Energy
|-activate|p1a: bro|ability: Protosynthesis|[fromitem]
|-start|p1a: bro|protosynthesisatk
|cant|p2a: Dondozo|slp
|
|upkeep
|turn|54
|
|t:|1685851136
|move|p1a: bro|Knock Off|p2a: Dondozo
|-damage|p2a: Dondozo|96/100 slp
|-enditem|p2a: Dondozo|Leftovers|[from] move: Knock Off|[of] p1a: bro
|cant|p2a: Dondozo|slp
|
|upkeep
|turn|55
|inactive|Mona_PT has 60 seconds left.
|
|t:|1685851142
|-end|p1a: bro|Protosynthesis|[silent]
|switch|p1a: Clyde|Clodsire, F, shiny, tera:Water|96/100
|-curestatus|p2a: Dondozo|slp|[msg]
|move|p2a: Dondozo|Liquidation|p1a: Clyde
|-resisted|p1a: Clyde
|-damage|p1a: Clyde|81/100
|-unboost|p1a: Clyde|def|1
|
|-heal|p1a: Clyde|87/100|[from] item: Leftovers
|upkeep
|turn|56
|inactive|Mona_PT has 60 seconds left.
|
|t:|1685851161
|move|p1a: Clyde|Toxic|p2a: Dondozo|[miss]
|-miss|p1a: Clyde|p2a: Dondozo
|move|p2a: Dondozo|Liquidation|p1a: Clyde
|-resisted|p1a: Clyde
|-damage|p1a: Clyde|71/100
|
|-heal|p1a: Clyde|77/100|[from] item: Leftovers
|upkeep
|turn|57
|inactive|Mona_PT has 60 seconds left.
|
|t:|1685851169
|move|p1a: Clyde|Toxic|p2a: Dondozo
|-status|p2a: Dondozo|tox
|move|p2a: Dondozo|Liquidation|p1a: Clyde
|-resisted|p1a: Clyde
|-damage|p1a: Clyde|61/100
|
|-heal|p1a: Clyde|67/100|[from] item: Leftovers
|-damage|p2a: Dondozo|89/100 tox|[from] psn
|upkeep
|turn|58
|
|t:|1685851177
|move|p1a: Clyde|Stealth Rock||[still]
|-fail|p1a: Clyde
|move|p2a: Dondozo|Liquidation|p1a: Clyde
|-resisted|p1a: Clyde
|-damage|p1a: Clyde|52/100
|
|-heal|p1a: Clyde|58/100|[from] item: Leftovers
|-damage|p2a: Dondozo|77/100 tox|[from] psn
|upkeep
|turn|59
|
|t:|1685851185
|move|p1a: Clyde|Stealth Rock||[still]
|-fail|p1a: Clyde
|move|p2a: Dondozo|Body Press|p1a: Clyde
|-damage|p1a: Clyde|27/100
|
|-heal|p1a: Clyde|33/100|[from] item: Leftovers
|-damage|p2a: Dondozo|59/100 tox|[from] psn
|upkeep
|turn|60
|
|t:|1685851193
|move|p1a: Clyde|Recover|p1a: Clyde
|-heal|p1a: Clyde|83/100
|move|p2a: Dondozo|Body Press|p1a: Clyde
|-damage|p1a: Clyde|51/100
|
|-heal|p1a: Clyde|57/100|[from] item: Leftovers
|-damage|p2a: Dondozo|34/100 tox|[from] psn
|upkeep
|turn|61
|
|t:|1685851201
|move|p1a: Clyde|Stealth Rock||[still]
|-fail|p1a: Clyde
|move|p2a: Dondozo|Rest|p2a: Dondozo
|-status|p2a: Dondozo|slp|[from] move: Rest
|-heal|p2a: Dondozo|100/100 slp|[silent]
|
|-heal|p1a: Clyde|63/100|[from] item: Leftovers
|upkeep
|turn|62
|
|t:|1685851209
|switch|p1a: Basculegion|Basculegion, M, shiny|64/100
|cant|p2a: Dondozo|slp
|
|upkeep
|turn|63
|inactive|Mona_PT has 90 seconds left.
|
|t:|1685851222
|switch|p1a: Clyde|Clodsire, F, shiny, tera:Water|63/100
|cant|p2a: Dondozo|slp
|
|-heal|p1a: Clyde|69/100|[from] item: Leftovers
|upkeep
|turn|64
|inactive|Mona_PT has 90 seconds left.
|
|t:|1685851230
|move|p1a: Clyde|Stealth Rock||[still]
|-fail|p1a: Clyde
|-curestatus|p2a: Dondozo|slp|[msg]
|move|p2a: Dondozo|Curse|p2a: Dondozo
|
|-heal|p1a: Clyde|76/100|[from] item: Leftovers
|upkeep
|turn|65
|
|t:|1685851238
|move|p1a: Clyde|Toxic|p2a: Dondozo
|-status|p2a: Dondozo|tox
|move|p2a: Dondozo|Curse|p2a: Dondozo
|
|-heal|p1a: Clyde|82/100|[from] item: Leftovers
|-damage|p2a: Dondozo|94/100 tox|[from] psn
|upkeep
|turn|66
|
|t:|1685851246
|move|p1a: Clyde|Stealth Rock||[still]
|-fail|p1a: Clyde
|move|p2a: Dondozo|Curse|p2a: Dondozo
|
|-heal|p1a: Clyde|88/100|[from] item: Leftovers
|-damage|p2a: Dondozo|82/100 tox|[from] psn
|upkeep
|turn|67
|
|t:|1685851257
|move|p1a: Clyde|Stealth Rock||[still]
|-fail|p1a: Clyde
|move|p2a: Dondozo|Liquidation|p1a: Clyde
|-resisted|p1a: Clyde
|-damage|p1a: Clyde|71/100
|
|-heal|p1a: Clyde|77/100|[from] item: Leftovers
|-damage|p2a: Dondozo|64/100 tox|[from] psn
|upkeep
|turn|68
|
|t:|1685851266
|move|p1a: Clyde|Stealth Rock||[still]
|-fail|p1a: Clyde
|move|p2a: Dondozo|Liquidation|p1a: Clyde
|-resisted|p1a: Clyde
|-damage|p1a: Clyde|60/100
|-unboost|p1a: Clyde|def|1
|
|-heal|p1a: Clyde|66/100|[from] item: Leftovers
|-damage|p2a: Dondozo|39/100 tox|[from] psn
|upkeep
|turn|69
|
|t:|1685851275
|move|p1a: Clyde|Stealth Rock||[still]
|-fail|p1a: Clyde
|move|p2a: Dondozo|Rest|p2a: Dondozo
|-status|p2a: Dondozo|slp|[from] move: Rest
|-heal|p2a: Dondozo|100/100 slp|[silent]
|
|-heal|p1a: Clyde|72/100|[from] item: Leftovers
|upkeep
|turn|70
|
|t:|1685851302
|switch|p1a: Basculegion|Basculegion, M, shiny|64/100
|cant|p2a: Dondozo|slp
|
|upkeep
|turn|71
|
|t:|1685851315
|switch|p1a: Clyde|Clodsire, F, shiny, tera:Water|72/100
|cant|p2a: Dondozo|slp
|
|-heal|p1a: Clyde|79/100|[from] item: Leftovers
|upkeep
|turn|72
|
|t:|1685851325
|move|p1a: Clyde|Stealth Rock||[still]
|-fail|p1a: Clyde
|-curestatus|p2a: Dondozo|slp|[msg]
|move|p2a: Dondozo|Curse|p2a: Dondozo
|
|-heal|p1a: Clyde|85/100|[from] item: Leftovers
|upkeep
|turn|73
|
|t:|1685851332
|move|p1a: Clyde|Toxic|p2a: Dondozo
|-status|p2a: Dondozo|tox
|move|p2a: Dondozo|Curse|p2a: Dondozo
|
|-heal|p1a: Clyde|91/100|[from] item: Leftovers
|-damage|p2a: Dondozo|94/100 tox|[from] psn
|upkeep
|turn|74
|
|t:|1685851342
|move|p1a: Clyde|Stealth Rock||[still]
|-fail|p1a: Clyde
|move|p2a: Dondozo|Curse|p2a: Dondozo
|
|-heal|p1a: Clyde|97/100|[from] item: Leftovers
|-damage|p2a: Dondozo|82/100 tox|[from] psn
|upkeep
|turn|75
|
|t:|1685851355
|move|p1a: Clyde|Stealth Rock||[still]
|-fail|p1a: Clyde
|move|p2a: Dondozo|Liquidation|p1a: Clyde
|-resisted|p1a: Clyde
|-damage|p1a: Clyde|81/100
|
|-heal|p1a: Clyde|87/100|[from] item: Leftovers
|-damage|p2a: Dondozo|64/100 tox|[from] psn
|upkeep
|turn|76
|
|t:|1685851365
|move|p1a: Clyde|Stealth Rock||[still]
|-fail|p1a: Clyde
|move|p2a: Dondozo|Liquidation|p1a: Clyde
|-resisted|p1a: Clyde
|-damage|p1a: Clyde|72/100
|
|-heal|p1a: Clyde|78/100|[from] item: Leftovers
|-damage|p2a: Dondozo|39/100 tox|[from] psn
|upkeep
|turn|77
|
|t:|1685851374
|move|p1a: Clyde|Stealth Rock||[still]
|-fail|p1a: Clyde
|move|p2a: Dondozo|Rest|p2a: Dondozo
|-status|p2a: Dondozo|slp|[from] move: Rest
|-heal|p2a: Dondozo|100/100 slp|[silent]
|
|-heal|p1a: Clyde|84/100|[from] item: Leftovers
|upkeep
|turn|78
|inactive|Mona_PT has 120 seconds left.
|
|t:|1685851382
|switch|p1a: Basculegion|Basculegion, M, shiny|64/100
|cant|p2a: Dondozo|slp
|
|upkeep
|turn|79
|inactive|Mona_PT has 120 seconds left.
|
|t:|1685851399
|switch|p1a: bro|Great Tusk, shiny|100/100
|cant|p2a: Dondozo|slp
|
|upkeep
|turn|80
|inactive|Mona_PT has 120 seconds left.
|
|t:|1685851405
|-end|p1a: bro|Protosynthesis|[silent]
|switch|p1a: Clyde|Clodsire, F, shiny, tera:Water|84/100
|-curestatus|p2a: Dondozo|slp|[msg]
|move|p2a: Dondozo|Curse|p2a: Dondozo
|
|-heal|p1a: Clyde|91/100|[from] item: Leftovers
|upkeep
|turn|81
|inactive|Mona_PT has 120 seconds left.
|
|t:|1685851423
|move|p1a: Clyde|Toxic|p2a: Dondozo
|-status|p2a: Dondozo|tox
|move|p2a: Dondozo|Curse|p2a: Dondozo
|
|-heal|p1a: Clyde|97/100|[from] item: Leftovers
|-damage|p2a: Dondozo|94/100 tox|[from] psn
|upkeep
|turn|82
|inactive|Mona_PT has 120 seconds left.
|
|t:|1685851435
|move|p1a: Clyde|Stealth Rock||[still]
|-fail|p1a: Clyde
|move|p2a: Dondozo|Curse|p2a: Dondozo
|
|-heal|p1a: Clyde|100/100|[from] item: Leftovers
|-damage|p2a: Dondozo|82/100 tox|[from] psn
|upkeep
|turn|83
|inactive|Mona_PT has 120 seconds left.
|
|t:|1685851444
|move|p1a: Clyde|Stealth Rock||[still]
|-fail|p1a: Clyde
|move|p2a: Dondozo|Body Press|p1a: Clyde
|-crit|p1a: Clyde
|-damage|p1a: Clyde|52/100
|
|-heal|p1a: Clyde|59/100|[from] item: Leftovers
|-damage|p2a: Dondozo|64/100 tox|[from] psn
|upkeep
|turn|84
|
|t:|1685851453
|move|p1a: Clyde|Stealth Rock||[still]
|-fail|p1a: Clyde
|move|p2a: Dondozo|Body Press|p1a: Clyde
|-damage|p1a: Clyde|29/100
|
|-heal|p1a: Clyde|35/100|[from] item: Leftovers
|-damage|p2a: Dondozo|39/100 tox|[from] psn
|upkeep
|turn|85
|
|t:|1685851460
|move|p1a: Clyde|Recover|p1a: Clyde
|-heal|p1a: Clyde|85/100
|move|p2a: Dondozo|Body Press|p1a: Clyde
|-damage|p1a: Clyde|56/100
|
|-heal|p1a: Clyde|62/100|[from] item: Leftovers
|-damage|p2a: Dondozo|8/100 tox|[from] psn
|upkeep
|turn|86
|
|t:|1685851469
|move|p1a: Clyde|Stealth Rock||[still]
|-fail|p1a: Clyde
|move|p2a: Dondozo|Rest|p2a: Dondozo
|-status|p2a: Dondozo|slp|[from] move: Rest
|-heal|p2a: Dondozo|100/100 slp|[silent]
|
|-heal|p1a: Clyde|68/100|[from] item: Leftovers
|upkeep
|turn|87
|
|t:|1685851480
|switch|p1a: bro|Great Tusk, shiny|100/100
|cant|p2a: Dondozo|slp
|
|upkeep
|turn|88
|
|t:|1685851485
|-end|p1a: bro|Protosynthesis|[silent]
|switch|p1a: Basculegion|Basculegion, M, shiny|64/100
|cant|p2a: Dondozo|slp
|
|upkeep
|turn|89
|
|t:|1685851493
|switch|p1a: Clyde|Clodsire, F, shiny, tera:Water|68/100
|-curestatus|p2a: Dondozo|slp|[msg]
|move|p2a: Dondozo|Curse|p2a: Dondozo
|
|-heal|p1a: Clyde|74/100|[from] item: Leftovers
|upkeep
|turn|90
|
|t:|1685851499
|move|p1a: Clyde|Toxic|p2a: Dondozo
|-status|p2a: Dondozo|tox
|move|p2a: Dondozo|Liquidation|p1a: Clyde
|-resisted|p1a: Clyde
|-damage|p1a: Clyde|57/100
|
|-heal|p1a: Clyde|63/100|[from] item: Leftovers
|-damage|p2a: Dondozo|94/100 tox|[from] psn
|upkeep
|turn|91
|
|t:|1685851508
|move|p1a: Clyde|Stealth Rock||[still]
|-fail|p1a: Clyde
|move|p2a: Dondozo|Body Press|p1a: Clyde
|-damage|p1a: Clyde|32/100
|
|-heal|p1a: Clyde|38/100|[from] item: Leftovers
|-damage|p2a: Dondozo|82/100 tox|[from] psn
|upkeep
|turn|92
|
|t:|1685851516
|move|p1a: Clyde|Stealth Rock||[still]
|-fail|p1a: Clyde
|move|p2a: Dondozo|Body Press|p1a: Clyde
|-damage|p1a: Clyde|8/100
|
|-heal|p1a: Clyde|14/100|[from] item: Leftovers
|-damage|p2a: Dondozo|64/100 tox|[from] psn
|upkeep
|turn|93
|
|t:|1685851524
|move|p1a: Clyde|Earthquake|p2a: Dondozo
|-damage|p2a: Dondozo|52/100 tox
|-activate|p2a: Dondozo|move: Struggle
|move|p2a: Dondozo|Struggle|p1a: Clyde
|-damage|p1a: Clyde|2/100
|-damage|p2a: Dondozo|27/100 tox|[from] recoil
|
|-heal|p1a: Clyde|8/100|[from] item: Leftovers
|-damage|p2a: Dondozo|2/100 tox|[from] psn
|upkeep
|turn|94
|
|t:|1685851533
|move|p1a: Clyde|Earthquake|p2a: Dondozo
|-damage|p2a: Dondozo|0 fnt
|faint|p2a: Dondozo
|
|-heal|p1a: Clyde|15/100|[from] item: Leftovers
|upkeep
|
|t:|1685851555
|switch|p2a: Ting-Lu|Ting-Lu|100/100
|-damage|p2a: Ting-Lu|94/100|[from] Stealth Rock
|-ability|p2a: Ting-Lu|Vessel of Ruin
|turn|95
|
|t:|1685851567
|switch|p2a: Amoonguss|Amoonguss, M|66/100
|-damage|p2a: Amoonguss|54/100|[from] Stealth Rock
|switch|p1a: Rain rain go away|Pelipper, M, shiny|94/100 tox
|-weather|RainDance|[from] ability: Drizzle|[of] p1a: Rain rain go away
|
|-weather|RainDance|[upkeep]
|-heal|p2a: Amoonguss|60/100|[from] item: Black Sludge
|-damage|p1a: Rain rain go away|88/100 tox|[from] psn
|upkeep
|turn|96
|
|t:|1685851578
|switch|p1a: Clyde|Clodsire, F, shiny, tera:Water|15/100
|switch|p2a: Toxapex|Toxapex, M|100/100
|-damage|p2a: Toxapex|88/100|[from] Stealth Rock
|
|-weather|RainDance|[upkeep]
|-heal|p2a: Toxapex|94/100|[from] item: Black Sludge
|-heal|p1a: Clyde|21/100|[from] item: Leftovers
|upkeep
|turn|97
|inactive|Mona_PT has 120 seconds left.
|
|t:|1685851592
|switch|p1a: Basculegion|Basculegion, M, shiny|64/100
|move|p2a: Toxapex|Toxic Spikes|p1a: Basculegion
|-sidestart|p1: some NPC i guess|move: Toxic Spikes
|
|-weather|RainDance|[upkeep]
|-heal|p2a: Toxapex|99/100|[from] item: Black Sludge
|upkeep
|turn|98
|
|t:|1685851600
|move|p1a: Basculegion|Psychic Fangs|p2a: Toxapex
|-supereffective|p2a: Toxapex
|-damage|p2a: Toxapex|43/100
|move|p2a: Toxapex|Toxic Spikes|p1a: Basculegion
|-sidestart|p1: some NPC i guess|move: Toxic Spikes
|
|-weather|RainDance|[upkeep]
|-heal|p2a: Toxapex|49/100|[from] item: Black Sludge
|upkeep
|turn|99
|
|t:|1685851608
|switch|p2a: Amoonguss|Amoonguss, M|93/100
|-damage|p2a: Amoonguss|81/100|[from] Stealth Rock
|move|p1a: Basculegion|Psychic Fangs|p2a: Amoonguss
|-supereffective|p2a: Amoonguss
|-damage|p2a: Amoonguss|0 fnt
|faint|p2a: Amoonguss
|
|-weather|RainDance|[upkeep]
|upkeep
|
|t:|1685851616
|switch|p2a: Ting-Lu|Ting-Lu|94/100
|-damage|p2a: Ting-Lu|88/100|[from] Stealth Rock
|-ability|p2a: Ting-Lu|Vessel of Ruin
|turn|100
|
|t:|1685851627
|switch|p1a: Clyde|Clodsire, F, shiny, tera:Water|21/100
|-status|p1a: Clyde|tox
|move|p2a: Ting-Lu|Stealth Rock|p1a: Clyde
|-sidestart|p1: some NPC i guess|move: Stealth Rock
|
|-weather|RainDance|[upkeep]
|-heal|p2a: Ting-Lu|94/100|[from] item: Leftovers
|-heal|p1a: Clyde|27/100 tox|[from] item: Leftovers
|-damage|p1a: Clyde|21/100 tox|[from] psn
|upkeep
|turn|101
|inactive|Mona_PT has 120 seconds left.
|
|t:|1685851639
|move|p2a: Ting-Lu|Spikes|p1a: Clyde
|-sidestart|p1: some NPC i guess|Spikes
|move|p1a: Clyde|Toxic|p2a: Ting-Lu
|-status|p2a: Ting-Lu|tox
|
|-weather|RainDance|[upkeep]
|-heal|p2a: Ting-Lu|100/100 tox|[from] item: Leftovers
|-heal|p1a: Clyde|27/100 tox|[from] item: Leftovers
|-damage|p2a: Ting-Lu|94/100 tox|[from] psn
|-damage|p1a: Clyde|15/100 tox|[from] psn
|upkeep
|turn|102
|inactive|Mona_PT has 120 seconds left.
|
|t:|1685851648
|move|p2a: Ting-Lu|Spikes|p1a: Clyde
|-sidestart|p1: some NPC i guess|Spikes
|move|p1a: Clyde|Stealth Rock||[still]
|-fail|p1a: Clyde
|
|-weather|none
|-heal|p2a: Ting-Lu|100/100 tox|[from] item: Leftovers
|-heal|p1a: Clyde|21/100 tox|[from] item: Leftovers
|-damage|p2a: Ting-Lu|88/100 tox|[from] psn
|-damage|p1a: Clyde|2/100 tox|[from] psn
|upkeep
|turn|103
|inactive|Mona_PT has 120 seconds left.
|
|t:|1685851661
|switch|p2a: Zamazenta|Zamazenta|75/100
|-damage|p2a: Zamazenta|69/100|[from] Stealth Rock
|move|p1a: Clyde|Stealth Rock||[still]
|-fail|p1a: Clyde
|
|-heal|p2a: Zamazenta|75/100|[from] item: Leftovers
|-heal|p1a: Clyde|8/100 tox|[from] item: Leftovers
|-damage|p1a: Clyde|0 fnt|[from] psn
|faint|p1a: Clyde
|upkeep
|
|t:|1685851672
|switch|p1a: Rain rain go away|Pelipper, M, shiny|88/100 tox
|-damage|p1a: Rain rain go away|63/100 tox|[from] Stealth Rock
|-weather|RainDance|[from] ability: Drizzle|[of] p1a: Rain rain go away
|turn|104
|inactive|Mona_PT has 120 seconds left.
|
|t:|1685851682
|switch|p2a: Ting-Lu|Ting-Lu|88/100 tox
|-damage|p2a: Ting-Lu|82/100 tox|[from] Stealth Rock
|-ability|p2a: Ting-Lu|Vessel of Ruin
|move|p1a: Rain rain go away|Hurricane|p2a: Ting-Lu
|-damage|p2a: Ting-Lu|65/100 tox
|-start|p2a: Ting-Lu|confusion
|
|-weather|RainDance|[upkeep]
|-heal|p2a: Ting-Lu|72/100 tox|[from] item: Leftovers
|-damage|p1a: Rain rain go away|57/100 tox|[from] psn
|-damage|p2a: Ting-Lu|65/100 tox|[from] psn
|upkeep
|turn|105
|
|t:|1685851698
|switch|p1a: bro|Great Tusk, shiny|100/100
|-status|p1a: bro|tox
|-damage|p1a: bro|98/100 tox|[from] Stealth Rock
|-damage|p1a: bro|81/100 tox|[from] Spikes
|-activate|p2a: Ting-Lu|confusion
|-damage|p2a: Ting-Lu|60/100 tox|[from] confusion
|
|-weather|RainDance|[upkeep]
|-heal|p2a: Ting-Lu|67/100 tox|[from] item: Leftovers
|-damage|p1a: bro|75/100 tox|[from] psn
|-damage|p2a: Ting-Lu|54/100 tox|[from] psn
|upkeep
|turn|106
|
|t:|1685851712
|move|p1a: bro|Rapid Spin|p2a: Ting-Lu
|-damage|p2a: Ting-Lu|46/100 tox
|-boost|p1a: bro|spe|1
|-sideend|p1: some NPC i guess|Spikes|[from] move: Rapid Spin|[of] p1a: bro
|-sideend|p1: some NPC i guess|Toxic Spikes|[from] move: Rapid Spin|[of] p1a: bro
|-sideend|p1: some NPC i guess|Stealth Rock|[from] move: Rapid Spin|[of] p1a: bro
|-activate|p2a: Ting-Lu|confusion
|-damage|p2a: Ting-Lu|41/100 tox|[from] confusion
|
|-weather|RainDance|[upkeep]
|-heal|p2a: Ting-Lu|47/100 tox|[from] item: Leftovers
|-damage|p1a: bro|62/100 tox|[from] psn
|-damage|p2a: Ting-Lu|28/100 tox|[from] psn
|upkeep
|turn|107
|
|t:|1685851724
|switch|p2a: Zamazenta|Zamazenta|75/100
|-damage|p2a: Zamazenta|69/100|[from] Stealth Rock
|move|p1a: bro|Close Combat|p2a: Zamazenta
|-damage|p2a: Zamazenta|25/100
|-unboost|p1a: bro|def|1
|-unboost|p1a: bro|spd|1
|
|-weather|RainDance|[upkeep]
|-heal|p2a: Zamazenta|31/100|[from] item: Leftovers
|-damage|p1a: bro|44/100 tox|[from] psn
|upkeep
|turn|108
|inactive|Mona_PT has 90 seconds left.
|
|t:|1685851741
|move|p1a: bro|Close Combat|p2a: Zamazenta
|-damage|p2a: Zamazenta|0 fnt
|-unboost|p1a: bro|def|1
|-unboost|p1a: bro|spd|1
|faint|p2a: Zamazenta
|
|-weather|RainDance|[upkeep]
|-damage|p1a: bro|19/100 tox|[from] psn
|upkeep
|
|t:|1685851750
|switch|p2a: Toxapex|Toxapex, M|82/100
|-damage|p2a: Toxapex|70/100|[from] Stealth Rock
|turn|109
|
|t:|1685851755
|move|p1a: bro|Earthquake|p2a: Toxapex
|-supereffective|p2a: Toxapex
|-damage|p2a: Toxapex|10/100
|move|p2a: Toxapex|Chilling Water|p1a: bro
|-supereffective|p1a: bro
|-damage|p1a: bro|0 fnt
|faint|p1a: bro
|-end|p1a: bro|Protosynthesis|[silent]
|
|-weather|RainDance|[upkeep]
|-heal|p2a: Toxapex|16/100|[from] item: Black Sludge
|upkeep
|
|t:|1685851762
|switch|p1a: Basculegion|Basculegion, M, shiny|64/100
|turn|110
|inactive|Mona_PT has 90 seconds left.
|
|t:|1685851775
|move|p1a: Basculegion|Facade|p2a: Toxapex
|-damage|p2a: Toxapex|0 fnt
|faint|p2a: Toxapex
|
|-weather|RainDance|[upkeep]
|upkeep
|
|t:|1685851781
|switch|p2a: Ting-Lu|Ting-Lu|28/100 tox
|-damage|p2a: Ting-Lu|22/100 tox|[from] Stealth Rock
|-ability|p2a: Ting-Lu|Vessel of Ruin
|turn|111
|
|t:|1685851786
|move|p1a: Basculegion|Facade|p2a: Ting-Lu
|-damage|p2a: Ting-Lu|5/100 tox
|move|p2a: Ting-Lu|Spikes|p1a: Basculegion
|-sidestart|p1: some NPC i guess|Spikes
|
|-weather|none
|-heal|p2a: Ting-Lu|11/100 tox|[from] item: Leftovers
|-damage|p2a: Ting-Lu|5/100 tox|[from] psn
|upkeep
|turn|112
|
|t:|1685851794
|move|p1a: Basculegion|Facade|p2a: Ting-Lu
|-damage|p2a: Ting-Lu|0 fnt
|faint|p2a: Ting-Lu
|
|win|some NPC i guess
|raw|some NPC i guess's rating: 1200 → 1223(+23 for winning)
|raw|Mona_PT's rating: 1168 → 1145(-23 for losing)
