|j|☆oufr captain levs
|j|☆WoChien<3
|t:|1685908683
|gametype|singles
|player|p1|oufr captain levs|1|1657
|player|p2|WoChien<3|unknown|1519
|teamsize|p1|6
|teamsize|p2|6
|gen|9
|tier|[Gen 9] OU
|rated|
|rule|Sleep Clause Mod: Limit one foe put to sleep
|rule|Species Clause: Limit one of each Pokémon
|rule|OHKO Clause: OHKO moves are banned
|rule|Evasion Items Clause: Evasion items are banned
|rule|Evasion Moves Clause: Evasion moves are banned
|rule|Endless Battle Clause: Forcing endless battles is banned
|rule|HP Percentage Mod: HP is shown in percentages
|clearpoke
|poke|p1|Enamorus-Therian, F|
|poke|p1|Glimmora, M|
|poke|p1|Gholdengo|
|poke|p1|Landorus-Therian, M|
|poke|p1|Clodsire, F|
|poke|p1|Dondozo, M|
|poke|p2|Maushold|
|poke|p2|Sneasler, M|
|poke|p2|Garchomp, M|
|poke|p2|Gholdengo|
|poke|p2|Zapdos|
|poke|p2|Samurott-Hisui, M|
|teampreview
|inactive|Battle timer is ON: inactive players will automatically lose when time's up. (requested by WoChien<3)
|
|t:|1685908700
|start
|switch|p1a: Glimmora|Glimmora, M|100/100
|switch|p2a: Samurott|Samurott-Hisui, M|100/100
|turn|1
|
|t:|1685908716
|move|p1a: Glimmora|Stealth Rock|p2a: Samurott
|-sidestart|p2: WoChien<3|move: Stealth Rock
|move|p2a: Samurott|Razor Shell|p1a: Glimmora
|-supereffective|p1a: Glimmora
|-enditem|p1a: Glimmora|Focus Sash
|-damage|p1a: Glimmora|1/100
|-activate|p1a: Glimmora|ability: Toxic Debris
|-sidestart|p2: WoChien<3|move: Toxic Spikes
|
|upkeep
|turn|2
|
|t:|1685908721
|move|p1a: Glimmora|Dazzling Gleam|p2a: Samurott
|-supereffective|p2a: Samurott
|-damage|p2a: Samurott|67/100
|move|p2a: Samurott|Ceaseless Edge|p1a: Glimmora
|-damage|p1a: Glimmora|0 fnt
|-sidestart|p1: oufr captain levs|Spikes
|-activate|p1a: Glimmora|ability: Toxic Debris
|-sidestart|p2: WoChien<3|move: Toxic Spikes
|faint|p1a: Glimmora
|
|upkeep
|
|t:|1685908734
|switch|p1a: Dondozo|Dondozo, M|100/100
|-damage|p1a: Dondozo|88/100|[from] Spikes
|turn|3
|
|t:|1685908742
|move|p2a: Samurott|Knock Off|p1a: Dondozo
|-damage|p1a: Dondozo|71/100
|-enditem|p1a: Dondozo|Leftovers|[from] move: Knock Off|[of] p2a: Samurott
|move|p1a: Dondozo|Body Press|p2a: Samurott
|-supereffective|p2a: Samurott
|-damage|p2a: Samurott|11/100
|
|upkeep
|turn|4
|
|t:|1685908760
|move|p2a: Samurott|Ceaseless Edge|p1a: Dondozo
|-damage|p1a: Dondozo|55/100
|-sidestart|p1: oufr captain levs|Spikes
|move|p1a: Dondozo|Body Press|p2a: Samurott
|-supereffective|p2a: Samurott
|-damage|p2a: Samurott|0 fnt
|faint|p2a: Samurott
|
|upkeep
|
|t:|1685908764
|switch|p2a: Zapdos|Zapdos|100/100
|turn|5
|
|t:|1685908772
|switch|p1a: Clodsire|Clodsire, F|100/100
|-damage|p1a: Clodsire|84/100|[from] Spikes
|move|p2a: Zapdos|Hurricane|p1a: Clodsire
|-damage|p1a: Clodsire|61/100
|-start|p1a: Clodsire|confusion
|
|-heal|p1a: Clodsire|67/100|[from] item: Leftovers
|upkeep
|turn|6
|
|t:|1685908784
|switch|p2a: Gholdengo|Gholdengo|100/100
|-damage|p2a: Gholdengo|94/100|[from] Stealth Rock
|-item|p2a: Gholdengo|Air Balloon
|-activate|p1a: Clodsire|confusion
|move|p1a: Clodsire|Spikes|p2a: Gholdengo
|-sidestart|p2: WoChien<3|Spikes
|
|-heal|p1a: Clodsire|73/100|[from] item: Leftovers
|upkeep
|turn|7
|
|t:|1685908797
|switch|p1a: Landorus|Landorus-Therian, M|100/100
|-ability|p1a: Landorus|Intimidate|boost
|-unboost|p2a: Gholdengo|atk|1
|move|p2a: Gholdengo|Shadow Ball|p1a: Landorus
|-damage|p1a: Landorus|51/100
|
|upkeep
|turn|8
|
|t:|1685908809
|move|p1a: Landorus|U-turn|p2a: Gholdengo
|-resisted|p2a: Gholdengo
|-damage|p2a: Gholdengo|89/100
|-enditem|p2a: Gholdengo|Air Balloon
|
|t:|1685908815
|switch|p1a: Clodsire|Clodsire, F|73/100|[from] U-turn
|-damage|p1a: Clodsire|57/100|[from] Spikes
|move|p2a: Gholdengo|Shadow Ball|p1a: Clodsire
|-crit|p1a: Clodsire
|-damage|p1a: Clodsire|26/100
|
|-heal|p1a: Clodsire|32/100|[from] item: Leftovers
|upkeep
|turn|9
|inactive|oufr captain levs has 120 seconds left.
|
|t:|1685908847
|move|p2a: Gholdengo|Make It Rain|p1a: Clodsire
|-damage|p1a: Clodsire|2/100
|-unboost|p2a: Gholdengo|spa|1
|move|p1a: Clodsire|Recover|p1a: Clodsire
|-heal|p1a: Clodsire|52/100
|
|-heal|p1a: Clodsire|58/100|[from] item: Leftovers
|upkeep
|turn|10
|inactive|oufr captain levs has 120 seconds left.
|
|t:|1685908862
|switch|p2a: Garchomp|Garchomp, M|100/100
|-damage|p2a: Garchomp|94/100|[from] Stealth Rock
|-status|p2a: Garchomp|tox
|-damage|p2a: Garchomp|82/100 tox|[from] Spikes
|move|p1a: Clodsire|Toxic|p2a: Garchomp
|-fail|p2a: Garchomp|tox
|
|-heal|p1a: Clodsire|64/100|[from] item: Leftovers
|-damage|p2a: Garchomp|76/100 tox|[from] psn
|upkeep
|turn|11
|inactive|oufr captain levs has 120 seconds left.
|
|t:|1685908877
|switch|p2a: Zapdos|Zapdos|100/100
|switch|p1a: Gholdengo|Gholdengo|100/100
|-item|p1a: Gholdengo|Air Balloon
|
|upkeep
|turn|12
|inactive|oufr captain levs has 120 seconds left.
|
|t:|1685908885
|move|p2a: Zapdos|Volt Switch|p1a: Gholdengo
|-damage|p1a: Gholdengo|71/100
|-enditem|p1a: Gholdengo|Air Balloon
|
|t:|1685908894
|switch|p2a: Garchomp|Garchomp, M|76/100 tox|[from] Volt Switch
|-damage|p2a: Garchomp|70/100 tox|[from] Stealth Rock
|-damage|p2a: Garchomp|57/100 tox|[from] Spikes
|move|p1a: Gholdengo|Shadow Ball|p2a: Garchomp
|-damage|p2a: Garchomp|3/100 tox
|
|-damage|p2a: Garchomp|0 fnt|[from] psn
|faint|p2a: Garchomp
|upkeep
|
|t:|1685908903
|switch|p2a: Sneasler|Sneasler, M|100/100
|-damage|p2a: Sneasler|95/100|[from] Stealth Rock
|-sideend|p2: WoChien<3|move: Toxic Spikes|[of] p2a: Sneasler
|-damage|p2a: Sneasler|82/100|[from] Spikes
|turn|13
|
|t:|1685908911
|move|p2a: Sneasler|U-turn|p1a: Gholdengo
|-resisted|p1a: Gholdengo
|-damage|p1a: Gholdengo|65/100
|
|t:|1685908914
|switch|p2a: Zapdos|Zapdos|100/100|[from] U-turn
|move|p1a: Gholdengo|Make It Rain|p2a: Zapdos
|-resisted|p2a: Zapdos
|-damage|p2a: Zapdos|66/100
|-unboost|p1a: Gholdengo|spa|1
|
|upkeep
|turn|14
|
|t:|1685908922
|switch|p1a: Clodsire|Clodsire, F|64/100
|-damage|p1a: Clodsire|48/100|[from] Spikes
|move|p2a: Zapdos|Roost|p2a: Zapdos
|-heal|p2a: Zapdos|100/100
|-singleturn|p2a: Zapdos|move: Roost
|
|-heal|p1a: Clodsire|54/100|[from] item: Leftovers
|upkeep
|turn|15
|
|t:|1685908939
|switch|p2a: Maushold|Maushold|100/100
|-damage|p2a: Maushold|88/100|[from] Stealth Rock
|-damage|p2a: Maushold|76/100|[from] Spikes
|move|p1a: Clodsire|Toxic|p2a: Maushold
|-status|p2a: Maushold|tox
|
|-heal|p1a: Clodsire|60/100|[from] item: Leftovers
|-damage|p2a: Maushold|69/100 tox|[from] psn
|upkeep
|turn|16
|
|t:|1685908947
|move|p2a: Maushold|Encore|p1a: Clodsire
|-start|p1a: Clodsire|Encore
|move|p1a: Clodsire|Toxic|p2a: Maushold
|-fail|p2a: Maushold|tox
|
|-heal|p1a: Clodsire|66/100|[from] item: Leftovers
|-damage|p2a: Maushold|57/100 tox|[from] psn
|upkeep
|turn|17
|
|t:|1685908955
|switch|p1a: Landorus|Landorus-Therian, M|51/100
|-ability|p1a: Landorus|Intimidate|boost
|-unboost|p2a: Maushold|atk|1
|move|p2a: Maushold|Tidy Up|p2a: Maushold
|-sideend|p2: WoChien<3|Spikes
|-sideend|p2: WoChien<3|Stealth Rock
|-sideend|p1: oufr captain levs|Spikes
|-activate|p2a: Maushold|move: Tidy Up
|-boost|p2a: Maushold|atk|1
|-boost|p2a: Maushold|spe|1
|
|-damage|p2a: Maushold|38/100 tox|[from] psn
|upkeep
|turn|18
|
|t:|1685908966
|switch|p1a: Dondozo|Dondozo, M|55/100
|move|p2a: Maushold|Population Bomb|p1a: Dondozo
|-damage|p1a: Dondozo|50/100
|-damage|p1a: Dondozo|45/100
|-damage|p1a: Dondozo|40/100
|-damage|p1a: Dondozo|35/100
|-damage|p1a: Dondozo|30/100
|-damage|p1a: Dondozo|25/100
|-damage|p1a: Dondozo|20/100
|-damage|p1a: Dondozo|15/100
|-damage|p1a: Dondozo|10/100
|-damage|p1a: Dondozo|5/100
|-hitcount|p1a: Dondozo|10
|
|-damage|p2a: Maushold|13/100 tox|[from] psn
|upkeep
|turn|19
|
|t:|1685908983
|move|p2a: Maushold|Bite|p1a: Dondozo
|-damage|p1a: Dondozo|0 fnt
|faint|p1a: Dondozo
|
|-damage|p2a: Maushold|0 fnt|[from] psn
|faint|p2a: Maushold
|upkeep
|
|t:|1685909000
|switch|p2a: Zapdos|Zapdos|100/100
|switch|p1a: Landorus|Landorus-Therian, M|51/100
|-ability|p1a: Landorus|Intimidate|boost
|-unboost|p2a: Zapdos|atk|1
|turn|20
|
|t:|1685909011
|move|p1a: Landorus|Stone Edge|p2a: Zapdos
|-supereffective|p2a: Zapdos
|-damage|p2a: Zapdos|45/100
|move|p2a: Zapdos|Hurricane|p1a: Landorus
|-damage|p1a: Landorus|0 fnt
|faint|p1a: Landorus
|
|upkeep
|
|t:|1685909025
|switch|p1a: Gholdengo|Gholdengo|65/100
|turn|21
|
|t:|1685909046
|move|p2a: Zapdos|Heat Wave|p1a: Gholdengo
|-supereffective|p1a: Gholdengo
|-damage|p1a: Gholdengo|11/100
|move|p1a: Gholdengo|Shadow Ball|p2a: Zapdos
|-damage|p2a: Zapdos|2/100
|-unboost|p2a: Zapdos|spd|1
|
|upkeep
|turn|22
|
|t:|1685909057
|move|p2a: Zapdos|Volt Switch|p1a: Gholdengo
|-damage|p1a: Gholdengo|0 fnt
|faint|p1a: Gholdengo
|
|t:|1685909062
|switch|p2a: Sneasler|Sneasler, M|82/100|[from] Volt Switch
|
|upkeep
|
|t:|1685909076
|switch|p1a: Enamorus|Enamorus-Therian, F|100/100
|turn|23
|
|t:|1685909088
|-terastallize|p1a: Enamorus|Water
|move|p2a: Sneasler|Fake Out|p1a: Enamorus
|-damage|p1a: Enamorus|91/100
|cant|p1a: Enamorus|flinch
|
|-heal|p1a: Enamorus|97/100|[from] item: Leftovers
|upkeep
|turn|24
|
|t:|1685909099
|move|p2a: Sneasler|Dire Claw|p1a: Enamorus
|-damage|p1a: Enamorus|66/100
|-status|p1a: Enamorus|psn
|move|p1a: Enamorus|Earth Power|p2a: Sneasler
|-supereffective|p2a: Sneasler
|-damage|p2a: Sneasler|12/100
|
|-heal|p1a: Enamorus|72/100 psn|[from] item: Leftovers
|-damage|p1a: Enamorus|59/100 psn|[from] psn
|upkeep
|turn|25
|
|t:|1685909107
|move|p2a: Sneasler|Dire Claw|p1a: Enamorus
|-damage|p1a: Enamorus|27/100 psn
|move|p1a: Enamorus|Draining Kiss|p2a: Sneasler
|-damage|p2a: Sneasler|0 fnt
|-heal|p1a: Enamorus|35/100 psn|[from] drain|[of] p2a: Sneasler
|faint|p2a: Sneasler
|
|-heal|p1a: Enamorus|41/100 psn|[from] item: Leftovers
|-damage|p1a: Enamorus|28/100 psn|[from] psn
|upkeep
|
|t:|1685909118
|switch|p2a: Zapdos|Zapdos|2/100
|turn|26
|
|t:|1685909127
|switch|p1a: Clodsire|Clodsire, F|66/100
|move|p2a: Zapdos|Hurricane|p1a: Clodsire
|-damage|p1a: Clodsire|41/100
|
|-heal|p1a: Clodsire|47/100|[from] item: Leftovers
|upkeep
|turn|27
|
|t:|1685909147
|move|p2a: Zapdos|Roost|p2a: Zapdos
|-heal|p2a: Zapdos|52/100
|-singleturn|p2a: Zapdos|move: Roost
|move|p1a: Clodsire|Toxic|p2a: Zapdos
|-status|p2a: Zapdos|tox
|
|-heal|p1a: Clodsire|53/100|[from] item: Leftovers
|-damage|p2a: Zapdos|46/100 tox|[from] psn
|upkeep
|turn|28
|
|t:|1685909153
|switch|p2a: Gholdengo|Gholdengo|89/100
|move|p1a: Clodsire|Recover|p1a: Clodsire
|-heal|p1a: Clodsire|100/100
|
|upkeep
|turn|29
|
|t:|1685909165
|-terastallize|p2a: Gholdengo|Fairy
|move|p2a: Gholdengo|Make It Rain|p1a: Clodsire
|-damage|p1a: Clodsire|69/100
|-unboost|p2a: Gholdengo|spa|1
|move|p1a: Clodsire|Earthquake|p2a: Gholdengo
|-damage|p2a: Gholdengo|66/100
|
|-heal|p1a: Clodsire|75/100|[from] item: Leftovers
|upkeep
|turn|30
|
|t:|1685909177
|move|p2a: Gholdengo|Recover|p2a: Gholdengo
|-heal|p2a: Gholdengo|100/100
|move|p1a: Clodsire|Toxic|p2a: Gholdengo
|-immune|p2a: Gholdengo|[from] ability: Good as Gold
|
|-heal|p1a: Clodsire|81/100|[from] item: Leftovers
|upkeep
|turn|31
|
|t:|1685909189
|move|p2a: Gholdengo|Make It Rain|p1a: Clodsire
|-damage|p1a: Clodsire|60/100
|-unboost|p2a: Gholdengo|spa|1
|move|p1a: Clodsire|Spikes|p2a: Gholdengo
|-sidestart|p2: WoChien<3|Spikes
|
|-heal|p1a: Clodsire|66/100|[from] item: Leftovers
|upkeep
|turn|32
|
|t:|1685909193
|move|p2a: Gholdengo|Nasty Plot|p2a: Gholdengo
|-boost|p2a: Gholdengo|spa|2
|move|p1a: Clodsire|Recover|p1a: Clodsire
|-heal|p1a: Clodsire|100/100
|
|upkeep
|turn|33
|
|t:|1685909207
|move|p2a: Gholdengo|Nasty Plot|p2a: Gholdengo
|-boost|p2a: Gholdengo|spa|2
|move|p1a: Clodsire|Earthquake|p2a: Gholdengo
|-damage|p2a: Gholdengo|78/100
|
|upkeep
|turn|34
|
|t:|1685909215
|move|p2a: Gholdengo|Make It Rain|p1a: Clodsire
|-damage|p1a: Clodsire|34/100
|-unboost|p2a: Gholdengo|spa|1
|move|p1a: Clodsire|Earthquake|p2a: Gholdengo
|-damage|p2a: Gholdengo|54/100
|
|-heal|p1a: Clodsire|40/100|[from] item: Leftovers
|upkeep
|turn|35
|
|t:|1685909230
|move|p2a: Gholdengo|Recover|p2a: Gholdengo
|-heal|p2a: Gholdengo|100/100
|move|p1a: Clodsire|Earthquake|p2a: Gholdengo
|-crit|p2a: Gholdengo
|-damage|p2a: Gholdengo|64/100
|
|-heal|p1a: Clodsire|47/100|[from] item: Leftovers
|upkeep
|turn|36
|
|t:|1685909237
|move|p2a: Gholdengo|Recover|p2a: Gholdengo
|-heal|p2a: Gholdengo|100/100
|move|p1a: Clodsire|Earthquake|p2a: Gholdengo
|-damage|p2a: Gholdengo|76/100
|
|-heal|p1a: Clodsire|53/100|[from] item: Leftovers
|upkeep
|turn|37
|
|t:|1685909246
|switch|p1a: Enamorus|Enamorus-Therian, F, tera:Water|28/100 psn
|move|p2a: Gholdengo|Nasty Plot|p2a: Gholdengo
|-boost|p2a: Gholdengo|spa|2
|
|-heal|p1a: Enamorus|34/100 psn|[from] item: Leftovers
|-damage|p1a: Enamorus|22/100 psn|[from] psn
|upkeep
|turn|38
|-message|oufr captain levs forfeited.
|
|win|WoChien<3
|raw|oufr captain levs's rating: 1657 → 1629(-28 for losing)
|raw|WoChien<3's rating: 1519 → 1547(+28 for winning)
|l|☆oufr captain levs
