|j|☆WeirdHamster
|j|☆ayyk_47
|t:|1685859200
|gametype|singles
|player|p1|WeirdHamster|volkner|1650
|player|p2|ayyk_47|medium|1569
|teamsize|p1|6
|teamsize|p2|6
|gen|9
|tier|[Gen 9] OU
|rated|
|rule|Sleep Clause Mod: Limit one foe put to sleep
|rule|Species Clause: Limit one of each Pokémon
|rule|OHKO Clause: OHKO moves are banned
|rule|Evasion Items Clause: Evasion items are banned
|rule|Evasion Moves Clause: Evasion moves are banned
|rule|Endless Battle Clause: Forcing endless battles is banned
|rule|HP Percentage Mod: HP is shown in percentages
|clearpoke
|poke|p1|Pelipper, F|
|poke|p1|Floatzel, F|
|poke|p1|Golduck, F|
|poke|p1|Pawmot, F|
|poke|p1|Toedscruel, F|
|poke|p1|Azumarill, F|
|poke|p2|Magearna|
|poke|p2|Great Tusk|
|poke|p2|Samurott-Hisui, F|
|poke|p2|Gholdengo|
|poke|p2|Zamazenta-*|
|poke|p2|Dragapult, F|
|teampreview
|inactive|Battle timer is ON: inactive players will automatically lose when time's up. (requested by WeirdHamster)
|c|☆ayyk_47|hf
|
|t:|1685859212
|start
|switch|p1a: Ghoti carrier|Pelipper, F|100/100
|switch|p2a: Dragapult|Dragapult, F|100/100
|-weather|RainDance|[from] ability: Drizzle|[of] p1a: Ghoti carrier
|turn|1
|
|t:|1685859221
|-terastallize|p2a: Dragapult|Ghost
|move|p2a: Dragapult|Shadow Ball|p1a: Ghoti carrier
|-damage|p1a: Ghoti carrier|26/100
|move|p1a: Ghoti carrier|Hurricane|p2a: Dragapult
|-damage|p2a: Dragapult|44/100
|
|-weather|RainDance|[upkeep]
|upkeep
|turn|2
|
|t:|1685859225
|switch|p1a: Spaghetti Memory|Toedscruel, F|100/100
|move|p2a: Dragapult|Shadow Ball|p1a: Spaghetti Memory
|-damage|p1a: Spaghetti Memory|61/100
|-unboost|p1a: Spaghetti Memory|spd|1
|
|-weather|RainDance|[upkeep]
|upkeep
|turn|3
|
|t:|1685859230
|move|p2a: Dragapult|Shadow Ball|p1a: Spaghetti Memory
|-damage|p1a: Spaghetti Memory|0 fnt
|faint|p1a: Spaghetti Memory
|
|-weather|RainDance|[upkeep]
|upkeep
|
|t:|1685859232
|switch|p1a: BandedSkeda|Floatzel, F|100/100
|turn|4
|
|t:|1685859242
|switch|p2a: Gholdengo|Gholdengo|100/100
|-item|p2a: Gholdengo|Air Balloon
|move|p1a: BandedSkeda|Liquidation|p2a: Gholdengo
|-damage|p2a: Gholdengo|0 fnt
|-enditem|p2a: Gholdengo|Air Balloon
|faint|p2a: Gholdengo
|
|-weather|RainDance|[upkeep]
|upkeep
|
|t:|1685859249
|switch|p2a: Samurott|Samurott-Hisui, F|100/100
|turn|5
|
|t:|1685859254
|move|p1a: BandedSkeda|Liquidation|p2a: Samurott
|-resisted|p2a: Samurott
|-damage|p2a: Samurott|51/100
|move|p2a: Samurott|Ceaseless Edge|p1a: BandedSkeda
|-damage|p1a: BandedSkeda|21/100
|-sidestart|p1: WeirdHamster|Spikes
|
|-weather|RainDance|[upkeep]
|upkeep
|turn|6
|
|t:|1685859258
|move|p2a: Samurott|Sucker Punch|p1a: BandedSkeda
|-damage|p1a: BandedSkeda|0 fnt
|faint|p1a: BandedSkeda
|
|-weather|RainDance|[upkeep]
|upkeep
|
|t:|1685859259
|switch|p1a: The Goat|Azumarill, F|100/100
|-damage|p1a: The Goat|88/100|[from] Spikes
|turn|7
|
|t:|1685859271
|move|p2a: Samurott|Razor Shell|p1a: The Goat
|-resisted|p1a: The Goat
|-damage|p1a: The Goat|48/100
|-enditem|p1a: The Goat|Sitrus Berry|[eat]
|-heal|p1a: The Goat|73/100|[from] item: Sitrus Berry
|move|p1a: The Goat|Belly Drum|p1a: The Goat
|-damage|p1a: The Goat|23/100
|-setboost|p1a: The Goat|atk|6|[from] move: Belly Drum
|
|-weather|RainDance|[upkeep]
|upkeep
|turn|8
|
|t:|1685859285
|move|p2a: Samurott|Sucker Punch|p1a: The Goat
|-resisted|p1a: The Goat
|-damage|p1a: The Goat|5/100
|move|p1a: The Goat|Aqua Jet|p2a: Samurott
|-resisted|p2a: Samurott
|-damage|p2a: Samurott|0 fnt
|faint|p2a: Samurott
|
|-weather|none
|upkeep
|
|t:|1685859289
|switch|p2a: Zamazenta|Zamazenta|100/100
|-ability|p2a: Zamazenta|Dauntless Shield|boost
|-boost|p2a: Zamazenta|def|1
|turn|9
|
|t:|1685859297
|move|p1a: The Goat|Aqua Jet|p2a: Zamazenta
|-damage|p2a: Zamazenta|32/100
|move|p2a: Zamazenta|Crunch|p1a: The Goat
|-resisted|p1a: The Goat
|-damage|p1a: The Goat|0 fnt
|faint|p1a: The Goat
|
|upkeep
|
|t:|1685859300
|switch|p1a: Ghoti carrier|Pelipper, F|26/100
|-weather|RainDance|[from] ability: Drizzle|[of] p1a: Ghoti carrier
|turn|10
|
|t:|1685859303
|move|p2a: Zamazenta|Crunch|p1a: Ghoti carrier
|-damage|p1a: Ghoti carrier|0 fnt
|faint|p1a: Ghoti carrier
|
|-weather|RainDance|[upkeep]
|upkeep
|
|t:|1685859304
|switch|p1a: Seaking Duck|Golduck, F|100/100
|-damage|p1a: Seaking Duck|88/100|[from] Spikes
|turn|11
|
|t:|1685859307
|-terastallize|p1a: Seaking Duck|Ghost
|move|p1a: Seaking Duck|Nasty Plot|p1a: Seaking Duck
|-boost|p1a: Seaking Duck|spa|2
|move|p2a: Zamazenta|Crunch|p1a: Seaking Duck
|-supereffective|p1a: Seaking Duck
|-crit|p1a: Seaking Duck
|-damage|p1a: Seaking Duck|0 fnt
|faint|p1a: Seaking Duck
|
|-weather|RainDance|[upkeep]
|upkeep
|j| akakakp
|
|t:|1685859310
|switch|p1a: Really want eject|Pawmot, F|100/100
|-damage|p1a: Really want eject|88/100|[from] Spikes
|turn|12
|l| akakakp
|
|t:|1685859314
|switch|p2a: Dragapult|Dragapult, F, tera:Ghost|44/100
|move|p1a: Really want eject|Revival Blessing|p1a: Really want eject
|-enditem|p1a: Really want eject|Leppa Berry|[eat]
|-activate|p1a: Really want eject|item: Leppa Berry|Revival Blessing|[consumed]
|
|t:|1685859322
|-heal|p1: BandedSkeda|50/100|[from] move: Revival Blessing
|
|-weather|RainDance|[upkeep]
|upkeep
|turn|13
|
|t:|1685859343
|move|p2a: Dragapult|U-turn|p1a: Really want eject
|-resisted|p1a: Really want eject
|-damage|p1a: Really want eject|76/100
|
|t:|1685859345
|switch|p2a: Magearna|Magearna|100/100|[from] U-turn
|move|p1a: Really want eject|Revival Blessing|p1a: Really want eject
|
|t:|1685859347
|-heal|p1: Ghoti carrier|50/100|[from] move: Revival Blessing
|
|-weather|RainDance|[upkeep]
|upkeep
|turn|14
|
|t:|1685859350
|move|p1a: Really want eject|Nuzzle|p2a: Magearna
|-damage|p2a: Magearna|94/100
|-status|p2a: Magearna|par
|move|p2a: Magearna|Iron Defense|p2a: Magearna
|-boost|p2a: Magearna|def|2
|
|-weather|RainDance|[upkeep]
|-heal|p2a: Magearna|99/100 par|[from] item: Leftovers
|upkeep
|turn|15
|
|t:|1685859352
|move|p1a: Really want eject|Encore|p2a: Magearna
|-start|p2a: Magearna|Encore
|move|p2a: Magearna|Iron Defense|p2a: Magearna
|-boost|p2a: Magearna|def|2
|
|-weather|RainDance|[upkeep]
|-heal|p2a: Magearna|100/100 par|[from] item: Leftovers
|upkeep
|turn|16
|
|t:|1685859358
|switch|p2a: Dragapult|Dragapult, F, tera:Ghost|44/100
|move|p1a: Really want eject|Close Combat|p2a: Dragapult
|-immune|p2a: Dragapult
|
|-weather|RainDance|[upkeep]
|upkeep
|turn|17
|
|t:|1685859380
|switch|p2a: Great Tusk|Great Tusk|100/100
|move|p1a: Really want eject|Close Combat|p2a: Great Tusk
|-damage|p2a: Great Tusk|80/100
|-unboost|p1a: Really want eject|def|1
|-unboost|p1a: Really want eject|spd|1
|
|-weather|none
|-heal|p2a: Great Tusk|87/100|[from] item: Leftovers
|upkeep
|turn|18
|
|t:|1685859385
|switch|p1a: Ghoti carrier|Pelipper, F|50/100
|-weather|RainDance|[from] ability: Drizzle|[of] p1a: Ghoti carrier
|move|p2a: Great Tusk|Stealth Rock|p1a: Ghoti carrier
|-sidestart|p1: WeirdHamster|move: Stealth Rock
|
|-weather|RainDance|[upkeep]
|-heal|p2a: Great Tusk|93/100|[from] item: Leftovers
|upkeep
|turn|19
|
|t:|1685859398
|-end|p2a: Great Tusk|Protosynthesis|[silent]
|switch|p2a: Magearna|Magearna|100/100 par
|move|p1a: Ghoti carrier|U-turn|p2a: Magearna
|-resisted|p2a: Magearna
|-damage|p2a: Magearna|99/100 par
|
|t:|1685859401
|switch|p1a: BandedSkeda|Floatzel, F|50/100|[from] U-turn
|-damage|p1a: BandedSkeda|38/100|[from] Spikes
|-damage|p1a: BandedSkeda|26/100|[from] Stealth Rock
|
|-weather|RainDance|[upkeep]
|-heal|p2a: Magearna|100/100 par|[from] item: Leftovers
|upkeep
|turn|20
|
|t:|1685859405
|move|p1a: BandedSkeda|Liquidation|p2a: Magearna
|-damage|p2a: Magearna|17/100 par
|move|p2a: Magearna|Draining Kiss|p1a: BandedSkeda
|-damage|p1a: BandedSkeda|0 fnt
|-heal|p2a: Magearna|35/100 par|[from] drain|[of] p1a: BandedSkeda
|faint|p1a: BandedSkeda
|-ability|p2a: Magearna|Soul-Heart|boost
|-boost|p2a: Magearna|spa|1
|
|-weather|RainDance|[upkeep]
|-heal|p2a: Magearna|41/100 par|[from] item: Leftovers
|upkeep
|
|t:|1685859408
|switch|p1a: Ghoti carrier|Pelipper, F|50/100
|-damage|p1a: Ghoti carrier|26/100|[from] Stealth Rock
|turn|21
|
|t:|1685859412
|move|p1a: Ghoti carrier|Surf|p2a: Magearna
|-damage|p2a: Magearna|0 fnt
|faint|p2a: Magearna
|
|-weather|RainDance|[upkeep]
|upkeep
|
|t:|1685859415
|switch|p2a: Dragapult|Dragapult, F, tera:Ghost|44/100
|turn|22
|
|t:|1685859416
|move|p2a: Dragapult|Shadow Ball|p1a: Ghoti carrier
|-damage|p1a: Ghoti carrier|0 fnt
|faint|p1a: Ghoti carrier
|
|-weather|RainDance|[upkeep]
|upkeep
|
|t:|1685859417
|switch|p1a: Really want eject|Pawmot, F|76/100
|-damage|p1a: Really want eject|64/100|[from] Spikes
|-damage|p1a: Really want eject|57/100|[from] Stealth Rock
|turn|23
|
|t:|1685859419
|move|p2a: Dragapult|Shadow Ball|p1a: Really want eject
|-damage|p1a: Really want eject|0 fnt
|faint|p1a: Really want eject
|
|win|ayyk_47
|raw|WeirdHamster's rating: 1650 → 1625(-25 for losing)
|raw|ayyk_47's rating: 1569 → 1594(+25 for winning)
|l|☆WeirdHamster
|c|☆ayyk_47|gg
