|j|☆porygon-weed
|j|☆Gabireca
|t:|1685844459
|gametype|singles
|player|p1|porygon-weed|steven|1139
|player|p2|Gabireca|266|1189
|teamsize|p1|6
|teamsize|p2|6
|gen|9
|tier|[Gen 9] OU
|rated|
|rule|Sleep Clause Mod: Limit one foe put to sleep
|rule|Species Clause: Limit one of each Pokémon
|rule|OHKO Clause: OHKO moves are banned
|rule|Evasion Items Clause: Evasion items are banned
|rule|Evasion Moves Clause: Evasion moves are banned
|rule|Endless Battle Clause: Forcing endless battles is banned
|rule|HP Percentage Mod: HP is shown in percentages
|clearpoke
|poke|p1|Arcanine-Hisui, M|
|poke|p1|Slowking, F|
|poke|p1|Goodra-Hisui, M|
|poke|p1|Thundurus-Therian, M|
|poke|p1|Chien-Pao|
|poke|p1|Decidueye-Hisui, F|
|poke|p2|Dragonite, M|
|poke|p2|Armarouge, F|
|poke|p2|Arboliva, M|
|poke|p2|Dondozo, F|
|poke|p2|Kingambit, M|
|poke|p2|Hatterene, F|
|teampreview
|inactive|Battle timer is ON: inactive players will automatically lose when time's up. (requested by Gabireca)
|
|t:|1685844469
|start
|switch|p1a: Mega Weavile|Chien-Pao|100/100
|switch|p2a: Armarouge|Armarouge, F|100/100
|-ability|p1a: Mega Weavile|Sword of Ruin
|turn|1
|
|t:|1685844490
|switch|p2a: Dondozo|Dondozo, F|100/100
|move|p1a: Mega Weavile|Sacred Sword|p2a: Dondozo
|-damage|p2a: Dondozo|78/100
|
|-heal|p2a: Dondozo|84/100|[from] item: Leftovers
|upkeep
|turn|2
|
|t:|1685844498
|switch|p1a: A Fast Mon|Thundurus-Therian, M|100/100
|move|p2a: Dondozo|Curse|p2a: Dondozo
|-unboost|p2a: Dondozo|spe|1
|-boost|p2a: Dondozo|atk|1
|-boost|p2a: Dondozo|def|1
|
|-heal|p2a: Dondozo|90/100|[from] item: Leftovers
|upkeep
|turn|3
|
|t:|1685844507
|-terastallize|p2a: Dondozo|Dragon
|move|p1a: A Fast Mon|Thunderbolt|p2a: Dondozo
|-resisted|p2a: Dondozo
|-damage|p2a: Dondozo|63/100
|move|p2a: Dondozo|Wave Crash|p1a: A Fast Mon
|-damage|p1a: A Fast Mon|5/100
|-damage|p2a: Dondozo|45/100|[from] Recoil
|
|-heal|p2a: Dondozo|51/100|[from] item: Leftovers
|upkeep
|turn|4
|
|t:|1685844521
|move|p1a: A Fast Mon|Thunderbolt|p2a: Dondozo
|-resisted|p2a: Dondozo
|-damage|p2a: Dondozo|21/100
|move|p2a: Dondozo|Wave Crash|p1a: A Fast Mon
|-damage|p1a: A Fast Mon|0 fnt
|faint|p1a: A Fast Mon
|-damage|p2a: Dondozo|20/100|[from] Recoil
|
|-heal|p2a: Dondozo|26/100|[from] item: Leftovers
|upkeep
|
|t:|1685844535
|switch|p1a: Mega Weavile|Chien-Pao|100/100
|-ability|p1a: Mega Weavile|Sword of Ruin
|turn|5
|
|t:|1685844539
|move|p1a: Mega Weavile|Crunch|p2a: Dondozo
|-damage|p2a: Dondozo|8/100
|move|p2a: Dondozo|Rest|p2a: Dondozo
|-status|p2a: Dondozo|slp|[from] move: Rest
|-heal|p2a: Dondozo|100/100 slp|[silent]
|
|upkeep
|turn|6
|
|t:|1685844552
|switch|p1a: its wet|Goodra-Hisui, M|100/100
|cant|p2a: Dondozo|slp
|move|p2a: Dondozo|Sleep Talk|p2a: Dondozo
|move|p2a: Dondozo|Wave Crash|p1a: its wet|[from]move: Sleep Talk
|-resisted|p1a: its wet
|-damage|p1a: its wet|78/100
|-damage|p2a: Dondozo|95/100 slp|[from] Recoil
|
|-heal|p1a: its wet|84/100|[from] item: Leftovers
|-heal|p2a: Dondozo|100/100 slp|[from] item: Leftovers
|upkeep
|turn|7
|
|t:|1685844566
|switch|p2a: Kingambit|Kingambit, M|100/100
|move|p1a: its wet|Dragon Tail|p2a: Kingambit
|-resisted|p2a: Kingambit
|-damage|p2a: Kingambit|92/100
|-end|p2a: Kingambit|fallenundefined|[silent]
|drag|p2a: Armarouge|Armarouge, F|100/100
|
|-heal|p1a: its wet|90/100|[from] item: Leftovers
|upkeep
|turn|8
|
|t:|1685844579
|move|p2a: Armarouge|Armor Cannon|p1a: its wet
|-damage|p1a: its wet|20/100
|-unboost|p2a: Armarouge|def|1
|-unboost|p2a: Armarouge|spd|1
|move|p1a: its wet|Chilling Water|p2a: Armarouge
|-supereffective|p2a: Armarouge
|-damage|p2a: Armarouge|56/100
|-unboost|p2a: Armarouge|atk|1
|
|-heal|p1a: its wet|26/100|[from] item: Leftovers
|upkeep
|turn|9
|
|t:|1685844598
|switch|p1a: Head Smash|Arcanine-Hisui, M, shiny|100/100
|move|p2a: Armarouge|Armor Cannon|p1a: Head Smash
|-resisted|p1a: Head Smash
|-damage|p1a: Head Smash|71/100
|-unboost|p2a: Armarouge|def|1
|-unboost|p2a: Armarouge|spd|1
|
|upkeep
|turn|10
|
|t:|1685844608
|switch|p2a: Dondozo|Dondozo, F, tera:Dragon|100/100 slp
|move|p1a: Head Smash|Head Smash|p2a: Dondozo
|-damage|p2a: Dondozo|46/100 slp
|-damage|p1a: Head Smash|61/100|[from] item: Life Orb
|
|-heal|p2a: Dondozo|52/100 slp|[from] item: Leftovers
|upkeep
|turn|11
|
|t:|1685844620
|switch|p2a: Kingambit|Kingambit, M|92/100
|move|p1a: Head Smash|Wild Charge|p2a: Kingambit
|-damage|p2a: Kingambit|67/100
|-damage|p1a: Head Smash|51/100|[from] item: Life Orb
|
|upkeep
|turn|12
|
|t:|1685844629
|move|p2a: Kingambit|Sucker Punch|p1a: Head Smash
|-damage|p1a: Head Smash|0 fnt
|faint|p1a: Head Smash
|-damage|p2a: Kingambit|57/100|[from] item: Life Orb
|
|upkeep
|
|t:|1685844646
|switch|p1a: birb|Decidueye-Hisui, F, shiny|100/100
|turn|13
|
|t:|1685844652
|move|p1a: birb|Triple Arrows|p2a: Kingambit
|-supereffective|p2a: Kingambit
|-damage|p2a: Kingambit|0 fnt
|faint|p2a: Kingambit
|-end|p2a: Kingambit|fallenundefined|[silent]
|
|upkeep
|
|t:|1685844659
|switch|p2a: Dragonite|Dragonite, M|100/100
|turn|14
|
|t:|1685844664
|switch|p1a: Da Boy|Slowking, F|100/100
|move|p2a: Dragonite|Dragon Dance|p2a: Dragonite
|-boost|p2a: Dragonite|atk|1
|-boost|p2a: Dragonite|spe|1
|
|upkeep
|turn|15
|
|t:|1685844682
|-terastallize|p1a: Da Boy|Fairy
|move|p2a: Dragonite|Dragon Claw|p1a: Da Boy
|-immune|p1a: Da Boy
|move|p1a: Da Boy|Future Sight|p2a: Dragonite
|-start|p1a: Da Boy|move: Future Sight
|
|upkeep
|turn|16
|
|t:|1685844689
|move|p2a: Dragonite|Dragon Dance|p2a: Dragonite
|-boost|p2a: Dragonite|atk|1
|-boost|p2a: Dragonite|spe|1
|move|p1a: Da Boy|Chilly Reception|p1a: Da Boy
|-weather|Snow
|
|t:|1685844697
|switch|p1a: Mega Weavile|Chien-Pao|100/100|[from] Chilly Reception
|-ability|p1a: Mega Weavile|Sword of Ruin
|
|-weather|Snow|[upkeep]
|upkeep
|turn|17
|
|t:|1685844704
|move|p1a: Mega Weavile|Ice Spinner|p2a: Dragonite
|-supereffective|p2a: Dragonite
|-damage|p2a: Dragonite|0 fnt
|faint|p2a: Dragonite
|
|-weather|Snow|[upkeep]
|-hint|Future Sight did not hit because the target is fainted.
|upkeep
|
|t:|1685844710
|switch|p2a: Armarouge|Armarouge, F|56/100
|turn|18
|
|t:|1685844720
|move|p1a: Mega Weavile|Ice Spinner|p2a: Armarouge
|-resisted|p2a: Armarouge
|-damage|p2a: Armarouge|30/100
|move|p2a: Armarouge|Armor Cannon|p1a: Mega Weavile
|-supereffective|p1a: Mega Weavile
|-damage|p1a: Mega Weavile|0 fnt
|-unboost|p2a: Armarouge|def|1
|-unboost|p2a: Armarouge|spd|1
|faint|p1a: Mega Weavile
|
|-weather|Snow|[upkeep]
|upkeep
|
|t:|1685844732
|switch|p1a: birb|Decidueye-Hisui, F, shiny|100/100
|turn|19
|
|t:|1685844736
|switch|p2a: Dondozo|Dondozo, F, tera:Dragon|52/100 slp
|move|p1a: birb|Knock Off|p2a: Dondozo
|-damage|p2a: Dondozo|36/100 slp
|-enditem|p2a: Dondozo|Leftovers|[from] move: Knock Off|[of] p1a: birb
|
|-weather|Snow|[upkeep]
|upkeep
|turn|20
|
|t:|1685844745
|move|p1a: birb|Triple Arrows|p2a: Dondozo
|-crit|p2a: Dondozo
|-damage|p2a: Dondozo|0 fnt
|faint|p2a: Dondozo
|
|-weather|none
|upkeep
|
|t:|1685844750
|switch|p2a: Hatterene|Hatterene, F|100/100
|turn|21
|
|t:|1685844758
|move|p1a: birb|Knock Off|p2a: Hatterene
|-damage|p2a: Hatterene|64/100
|-enditem|p2a: Hatterene|Leftovers|[from] move: Knock Off|[of] p1a: birb
|move|p2a: Hatterene|Nuzzle|p1a: birb
|-resisted|p1a: birb
|-damage|p1a: birb|99/100
|-status|p1a: birb|par
|
|upkeep
|turn|22
|
|t:|1685844768
|move|p2a: Hatterene|Psychic|p1a: birb
|-supereffective|p1a: birb
|-damage|p1a: birb|18/100 par
|move|p1a: birb|U-turn|p2a: Hatterene
|-damage|p2a: Hatterene|41/100
|
|t:|1685844774
|switch|p1a: Da Boy|Slowking, F, tera:Fairy|100/100|[from] U-turn
|
|upkeep
|turn|23
|
|t:|1685844781
|move|p2a: Hatterene|Nuzzle|p1a: Da Boy
|-damage|p1a: Da Boy|96/100
|-status|p1a: Da Boy|par
|move|p1a: Da Boy|Future Sight|p2a: Hatterene
|-start|p1a: Da Boy|move: Future Sight
|
|upkeep
|turn|24
|
|t:|1685844788
|move|p2a: Hatterene|Giga Drain|p1a: Da Boy
|-damage|p1a: Da Boy|83/100 par
|-heal|p2a: Hatterene|49/100|[from] drain|[of] p1a: Da Boy
|move|p1a: Da Boy|Chilly Reception|p1a: Da Boy
|-weather|Snow
|
|t:|1685844794
|switch|p1a: its wet|Goodra-Hisui, M|26/100|[from] Chilly Reception
|
|-weather|Snow|[upkeep]
|-heal|p1a: its wet|32/100|[from] item: Leftovers
|upkeep
|turn|25
|
|t:|1685844804
|move|p1a: its wet|Heavy Slam|p2a: Hatterene
|-supereffective|p2a: Hatterene
|-damage|p2a: Hatterene|0 fnt
|faint|p2a: Hatterene
|
|-weather|Snow|[upkeep]
|-hint|Future Sight did not hit because the target is fainted.
|-heal|p1a: its wet|38/100|[from] item: Leftovers
|upkeep
|
|t:|1685844809
|switch|p2a: Arboliva|Arboliva, M|100/100
|turn|26
|
|t:|1685844814
|move|p2a: Arboliva|Leech Seed|p1a: its wet
|-ability|p1a: its wet|Sap Sipper|boost
|-boost|p1a: its wet|atk|1
|move|p1a: its wet|Fire Blast|p2a: Arboliva
|-supereffective|p2a: Arboliva
|-damage|p2a: Arboliva|54/100
|
|-weather|Snow|[upkeep]
|-heal|p1a: its wet|44/100|[from] item: Leftovers
|upkeep
|turn|27
|
|t:|1685844826
|move|p2a: Arboliva|Substitute|p2a: Arboliva
|-start|p2a: Arboliva|Substitute
|-damage|p2a: Arboliva|29/100
|-enditem|p2a: Arboliva|Sitrus Berry|[eat]
|-heal|p2a: Arboliva|54/100|[from] item: Sitrus Berry
|move|p1a: its wet|Dragon Tail|p2a: Arboliva
|-end|p2a: Arboliva|Substitute
|
|-weather|Snow|[upkeep]
|-heal|p1a: its wet|50/100|[from] item: Leftovers
|-item|p2a: Arboliva|Sitrus Berry|[from] ability: Harvest
|upkeep
|turn|28
|
|t:|1685844837
|move|p2a: Arboliva|Protect|p2a: Arboliva
|-singleturn|p2a: Arboliva|Protect
|move|p1a: its wet|Heavy Slam|p2a: Arboliva
|-activate|p2a: Arboliva|move: Protect
|
|-weather|none
|-heal|p1a: its wet|56/100|[from] item: Leftovers
|upkeep
|turn|29
|
|t:|1685844844
|move|p2a: Arboliva|Substitute|p2a: Arboliva
|-start|p2a: Arboliva|Substitute
|-damage|p2a: Arboliva|29/100
|-enditem|p2a: Arboliva|Sitrus Berry|[eat]
|-heal|p2a: Arboliva|54/100|[from] item: Sitrus Berry
|move|p1a: its wet|Heavy Slam|p2a: Arboliva
|-end|p2a: Arboliva|Substitute
|
|-heal|p1a: its wet|62/100|[from] item: Leftovers
|-item|p2a: Arboliva|Sitrus Berry|[from] ability: Harvest
|upkeep
|turn|30
|
|t:|1685844857
|switch|p1a: Da Boy|Slowking, F, tera:Fairy|100/100 par
|move|p2a: Arboliva|Hyper Voice|p1a: Da Boy
|-damage|p1a: Da Boy|78/100 par
|
|upkeep
|turn|31
|
|t:|1685844863
|move|p2a: Arboliva|Substitute|p2a: Arboliva
|-start|p2a: Arboliva|Substitute
|-damage|p2a: Arboliva|29/100
|-enditem|p2a: Arboliva|Sitrus Berry|[eat]
|-heal|p2a: Arboliva|54/100|[from] item: Sitrus Berry
|move|p1a: Da Boy|Future Sight|p2a: Arboliva
|-start|p1a: Da Boy|move: Future Sight
|
|-item|p2a: Arboliva|Sitrus Berry|[from] ability: Harvest
|upkeep
|turn|32
|
|t:|1685844873
|move|p2a: Arboliva|Leech Seed|p1a: Da Boy
|-start|p1a: Da Boy|move: Leech Seed
|move|p1a: Da Boy|Chilly Reception|p1a: Da Boy
|-weather|Snow
|
|t:|1685844882
|switch|p1a: birb|Decidueye-Hisui, F, shiny|18/100 par|[from] Chilly Reception
|
|-weather|Snow|[upkeep]
|upkeep
|turn|33
|
|t:|1685844892
|move|p2a: Arboliva|Hyper Voice|p1a: birb
|-damage|p1a: birb|0 fnt
|faint|p1a: birb
|
|-weather|Snow|[upkeep]
|-end|p2a: Arboliva|move: Future Sight
|-end|p2a: Arboliva|Substitute
|upkeep
|
|t:|1685844899
|switch|p1a: its wet|Goodra-Hisui, M|62/100
|turn|34
|
|t:|1685844908
|move|p2a: Arboliva|Substitute|p2a: Arboliva
|-start|p2a: Arboliva|Substitute
|-damage|p2a: Arboliva|29/100
|-enditem|p2a: Arboliva|Sitrus Berry|[eat]
|-heal|p2a: Arboliva|54/100|[from] item: Sitrus Berry
|move|p1a: its wet|Heavy Slam|p2a: Arboliva
|-end|p2a: Arboliva|Substitute
|
|-weather|Snow|[upkeep]
|-heal|p1a: its wet|68/100|[from] item: Leftovers
|upkeep
|turn|35
|
|t:|1685844918
|move|p2a: Arboliva|Hyper Voice|p1a: its wet
|-resisted|p1a: its wet
|-damage|p1a: its wet|55/100
|move|p1a: its wet|Fire Blast|p2a: Arboliva
|-supereffective|p2a: Arboliva
|-damage|p2a: Arboliva|13/100
|
|-weather|Snow|[upkeep]
|-heal|p1a: its wet|61/100|[from] item: Leftovers
|-item|p2a: Arboliva|Sitrus Berry|[from] ability: Harvest
|upkeep
|-enditem|p2a: Arboliva|Sitrus Berry|[eat]
|-heal|p2a: Arboliva|38/100|[from] item: Sitrus Berry
|turn|36
|
|t:|1685844930
|move|p2a: Arboliva|Substitute|p2a: Arboliva
|-start|p2a: Arboliva|Substitute
|-damage|p2a: Arboliva|13/100
|move|p1a: its wet|Heavy Slam|p2a: Arboliva
|-end|p2a: Arboliva|Substitute
|
|-weather|none
|-heal|p1a: its wet|67/100|[from] item: Leftovers
|upkeep
|turn|37
|
|t:|1685844938
|move|p2a: Arboliva|Protect|p2a: Arboliva
|-singleturn|p2a: Arboliva|Protect
|move|p1a: its wet|Heavy Slam|p2a: Arboliva
|-activate|p2a: Arboliva|move: Protect
|
|-heal|p1a: its wet|73/100|[from] item: Leftovers
|upkeep
|turn|38
|
|t:|1685844948
|move|p2a: Arboliva|Protect|p2a: Arboliva
|-singleturn|p2a: Arboliva|Protect
|move|p1a: its wet|Dragon Tail|p2a: Arboliva
|-activate|p2a: Arboliva|move: Protect
|
|-heal|p1a: its wet|79/100|[from] item: Leftovers
|-item|p2a: Arboliva|Sitrus Berry|[from] ability: Harvest
|upkeep
|-enditem|p2a: Arboliva|Sitrus Berry|[eat]
|-heal|p2a: Arboliva|38/100|[from] item: Sitrus Berry
|turn|39
|
|t:|1685844962
|move|p2a: Arboliva|Substitute|p2a: Arboliva
|-start|p2a: Arboliva|Substitute
|-damage|p2a: Arboliva|13/100
|move|p1a: its wet|Dragon Tail|p2a: Arboliva
|-activate|p2a: Arboliva|move: Substitute|[damage]
|
|-heal|p1a: its wet|85/100|[from] item: Leftovers
|upkeep
|turn|40
|
|t:|1685844972
|move|p2a: Arboliva|Protect|p2a: Arboliva
|-singleturn|p2a: Arboliva|Protect
|move|p1a: its wet|Chilling Water|p2a: Arboliva
|-activate|p2a: Arboliva|move: Protect
|
|-heal|p1a: its wet|91/100|[from] item: Leftovers
|-item|p2a: Arboliva|Sitrus Berry|[from] ability: Harvest
|upkeep
|-enditem|p2a: Arboliva|Sitrus Berry|[eat]
|-heal|p2a: Arboliva|38/100|[from] item: Sitrus Berry
|turn|41
|
|t:|1685844983
|move|p2a: Arboliva|Protect||[still]
|-fail|p2a: Arboliva
|move|p1a: its wet|Fire Blast|p2a: Arboliva
|-supereffective|p2a: Arboliva
|-end|p2a: Arboliva|Substitute
|
|-heal|p1a: its wet|97/100|[from] item: Leftovers
|upkeep
|turn|42
|
|t:|1685844990
|move|p2a: Arboliva|Substitute|p2a: Arboliva
|-start|p2a: Arboliva|Substitute
|-damage|p2a: Arboliva|13/100
|move|p1a: its wet|Fire Blast|p2a: Arboliva
|-supereffective|p2a: Arboliva
|-crit|p2a: Arboliva
|-end|p2a: Arboliva|Substitute
|
|-heal|p1a: its wet|100/100|[from] item: Leftovers
|-item|p2a: Arboliva|Sitrus Berry|[from] ability: Harvest
|upkeep
|-enditem|p2a: Arboliva|Sitrus Berry|[eat]
|-heal|p2a: Arboliva|38/100|[from] item: Sitrus Berry
|turn|43
|
|t:|1685845004
|move|p2a: Arboliva|Protect|p2a: Arboliva
|-singleturn|p2a: Arboliva|Protect
|move|p1a: its wet|Dragon Tail|p2a: Arboliva
|-activate|p2a: Arboliva|move: Protect
|
|-item|p2a: Arboliva|Sitrus Berry|[from] ability: Harvest
|upkeep
|-enditem|p2a: Arboliva|Sitrus Berry|[eat]
|-heal|p2a: Arboliva|63/100|[from] item: Sitrus Berry
|turn|44
|
|t:|1685845012
|move|p2a: Arboliva|Substitute|p2a: Arboliva
|-start|p2a: Arboliva|Substitute
|-damage|p2a: Arboliva|38/100
|move|p1a: its wet|Heavy Slam|p2a: Arboliva
|-end|p2a: Arboliva|Substitute
|
|upkeep
|turn|45
|
|t:|1685845019
|move|p2a: Arboliva|Protect|p2a: Arboliva
|-singleturn|p2a: Arboliva|Protect
|move|p1a: its wet|Fire Blast|p2a: Arboliva
|-activate|p2a: Arboliva|move: Protect
|
|upkeep
|turn|46
|
|t:|1685845026
|switch|p1a: Da Boy|Slowking, F, tera:Fairy|100/100 par
|move|p2a: Arboliva|Substitute|p2a: Arboliva
|-start|p2a: Arboliva|Substitute
|-damage|p2a: Arboliva|13/100
|
|upkeep
|turn|47
|
|t:|1685845033
|move|p2a: Arboliva|Hyper Voice|p1a: Da Boy
|-damage|p1a: Da Boy|77/100 par
|move|p1a: Da Boy|Future Sight|p2a: Arboliva
|-start|p1a: Da Boy|move: Future Sight
|
|-item|p2a: Arboliva|Sitrus Berry|[from] ability: Harvest
|upkeep
|-enditem|p2a: Arboliva|Sitrus Berry|[eat]
|-heal|p2a: Arboliva|38/100|[from] item: Sitrus Berry
|turn|48
|
|t:|1685845041
|move|p2a: Arboliva|Hyper Voice|p1a: Da Boy
|-crit|p1a: Da Boy
|-damage|p1a: Da Boy|42/100 par
|move|p1a: Da Boy|Chilly Reception|p1a: Da Boy
|-weather|Snow
|
|t:|1685845048
|switch|p1a: its wet|Goodra-Hisui, M|100/100|[from] Chilly Reception
|
|-weather|Snow|[upkeep]
|upkeep
|turn|49
|
|t:|1685845053
|move|p2a: Arboliva|Protect|p2a: Arboliva
|-singleturn|p2a: Arboliva|Protect
|move|p1a: its wet|Fire Blast|p2a: Arboliva
|-activate|p2a: Arboliva|move: Protect
|
|-weather|Snow|[upkeep]
|-end|p2a: Arboliva|move: Future Sight
|-end|p2a: Arboliva|Substitute
|upkeep
|turn|50
|
|t:|1685845065
|move|p2a: Arboliva|Substitute|p2a: Arboliva
|-start|p2a: Arboliva|Substitute
|-damage|p2a: Arboliva|13/100
|move|p1a: its wet|Fire Blast|p2a: Arboliva
|-supereffective|p2a: Arboliva
|-end|p2a: Arboliva|Substitute
|
|-weather|Snow|[upkeep]
|-item|p2a: Arboliva|Sitrus Berry|[from] ability: Harvest
|upkeep
|-enditem|p2a: Arboliva|Sitrus Berry|[eat]
|-heal|p2a: Arboliva|38/100|[from] item: Sitrus Berry
|turn|51
|
|t:|1685845077
|move|p2a: Arboliva|Protect|p2a: Arboliva
|-singleturn|p2a: Arboliva|Protect
|move|p1a: its wet|Heavy Slam|p2a: Arboliva
|-activate|p2a: Arboliva|move: Protect
|
|-weather|Snow|[upkeep]
|-item|p2a: Arboliva|Sitrus Berry|[from] ability: Harvest
|upkeep
|-enditem|p2a: Arboliva|Sitrus Berry|[eat]
|-heal|p2a: Arboliva|63/100|[from] item: Sitrus Berry
|turn|52
|
|t:|1685845087
|switch|p1a: Da Boy|Slowking, F, tera:Fairy|75/100 par
|move|p2a: Arboliva|Substitute|p2a: Arboliva
|-start|p2a: Arboliva|Substitute
|-damage|p2a: Arboliva|38/100
|
|-weather|none
|-item|p2a: Arboliva|Sitrus Berry|[from] ability: Harvest
|upkeep
|-enditem|p2a: Arboliva|Sitrus Berry|[eat]
|-heal|p2a: Arboliva|63/100|[from] item: Sitrus Berry
|turn|53
|
|t:|1685845102
|move|p2a: Arboliva|Hyper Voice|p1a: Da Boy
|-damage|p1a: Da Boy|51/100 par
|move|p1a: Da Boy|Future Sight|p2a: Arboliva
|-start|p1a: Da Boy|move: Future Sight
|
|upkeep
|turn|54
|
|t:|1685845109
|move|p2a: Arboliva|Hyper Voice|p1a: Da Boy
|-damage|p1a: Da Boy|30/100 par
|cant|p1a: Da Boy|par
|
|upkeep
|turn|55
|
|t:|1685845116
|move|p2a: Arboliva|Hyper Voice|p1a: Da Boy
|-damage|p1a: Da Boy|7/100 par
|cant|p1a: Da Boy|par
|
|-end|p2a: Arboliva|move: Future Sight
|-end|p2a: Arboliva|Substitute
|-item|p2a: Arboliva|Sitrus Berry|[from] ability: Harvest
|upkeep
|turn|56
|
|t:|1685845126
|move|p2a: Arboliva|Hyper Voice|p1a: Da Boy
|-damage|p1a: Da Boy|0 fnt
|faint|p1a: Da Boy
|
|upkeep
|
|t:|1685845130
|switch|p1a: its wet|Goodra-Hisui, M|100/100
|turn|57
|-message|porygon-weed forfeited.
|
|win|Gabireca
|raw|porygon-weed's rating: 1139 → 1118(-21 for losing)
|raw|Gabireca's rating: 1189 → 1210(+21 for winning)
|c|☆Gabireca|gg
