|j|☆realspades
|j|☆X-Scizor
|t:|1685848569
|gametype|singles
|player|p1|realspades|2|
|player|p2|X-Scizor|lance|
|teamsize|p1|6
|teamsize|p2|6
|gen|9
|tier|[Gen 9] OU
|rule|Sleep Clause Mod: Limit one foe put to sleep
|rule|Species Clause: Limit one of each Pokémon
|rule|OHKO Clause: OHKO moves are banned
|rule|Evasion Items Clause: Evasion items are banned
|rule|Evasion Moves Clause: Evasion moves are banned
|rule|Endless Battle Clause: Forcing endless battles is banned
|rule|HP Percentage Mod: HP is shown in percentages
|clearpoke
|poke|p1|Great Tusk|
|poke|p1|Breloom, M|
|poke|p1|Dragapult, F|
|poke|p1|Kingambit, F|
|poke|p1|Rotom-Wash|
|poke|p1|Cinderace, M|
|poke|p2|Dondozo, F|
|poke|p2|Amoonguss, M|
|poke|p2|Chien-Pao|
|poke|p2|Slowking, F|
|poke|p2|Great Tusk|
|poke|p2|Cinderace, M|
|teampreview
|
|t:|1685848602
|start
|switch|p1a: Rotom|Rotom-Wash|100/100
|switch|p2a: Great Tusk|Great Tusk|100/100
|turn|1
|c|☆realspades|what in the world is terstallize
|
|t:|1685848628
|-end|p2a: Great Tusk|Protosynthesis|[silent]
|switch|p2a: Amoonguss|Amoonguss, M|100/100
|move|p1a: Rotom|Volt Switch|p2a: Amoonguss
|-resisted|p2a: Amoonguss
|-damage|p2a: Amoonguss|88/100
|c|☆X-Scizor|u change types
|c|☆realspades|oh thtas lowkeywicked
|c|☆X-Scizor|u only get 1 per match
|
|t:|1685848657
|switch|p1a: Great Tusk|Great Tusk|100/100|[from] Volt Switch
|
|upkeep
|turn|2
|c|☆realspades|is it random
|
|t:|1685848674
|move|p1a: Great Tusk|Knock Off|p2a: Amoonguss
|-damage|p2a: Amoonguss|66/100
|-damage|p1a: Great Tusk|84/100|[from] item: Rocky Helmet|[of] p2a: Amoonguss
|-enditem|p2a: Amoonguss|Rocky Helmet|[from] move: Knock Off|[of] p1a: Great Tusk
|move|p2a: Amoonguss|Spore|p1a: Great Tusk
|-status|p1a: Great Tusk|slp|[from] move: Spore
|
|-heal|p1a: Great Tusk|90/100 slp|[from] item: Leftovers
|upkeep
|turn|3
|c|☆X-Scizor|no its based on what u want for ur pokemon u can choose whatever type
|c|☆realspades|and its priority right
|
|t:|1685848709
|cant|p1a: Great Tusk|slp
|move|p2a: Amoonguss|Grass Knot|p1a: Great Tusk
|-supereffective|p1a: Great Tusk
|-damage|p1a: Great Tusk|0 fnt
|faint|p1a: Great Tusk
|-end|p1a: Great Tusk|Protosynthesis|[silent]
|
|upkeep
|
|t:|1685848718
|switch|p1a: Cinderace|Cinderace, M|100/100
|turn|4
|c|☆X-Scizor|yeh it changes before anyone attacks
|
|t:|1685848730
|switch|p2a: Slowking|Slowking, F|100/100
|move|p1a: Cinderace|U-turn|p2a: Slowking
|-start|p1a: Cinderace|typechange|Bug|[from] ability: Libero
|-supereffective|p2a: Slowking
|-damage|p2a: Slowking|42/100
|
|t:|1685848747
|switch|p1a: Breloom|Breloom, M|100/100|[from] U-turn
|
|upkeep
|turn|5
|
|t:|1685848765
|switch|p2a: Amoonguss|Amoonguss, M|99/100
|move|p1a: Breloom|Close Combat|p2a: Amoonguss
|-resisted|p2a: Amoonguss
|-damage|p2a: Amoonguss|63/100
|-unboost|p1a: Breloom|def|1
|-unboost|p1a: Breloom|spd|1
|
|upkeep
|turn|6
|
|t:|1685848775
|switch|p1a: Kingambit|Kingambit, F|100/100
|-activate|p1a: Kingambit|ability: Supreme Overlord
|-start|p1a: Kingambit|fallen1|[silent]
|move|p2a: Amoonguss|Sludge Bomb|p1a: Kingambit
|-immune|p1a: Kingambit
|
|upkeep
|turn|7
|
|t:|1685848800
|-end|p1a: Kingambit|fallen1|[silent]
|switch|p1a: Rotom|Rotom-Wash|100/100
|move|p2a: Amoonguss|Spore|p1a: Rotom
|-status|p1a: Rotom|slp|[from] move: Spore
|
|upkeep
|turn|8
|c|☆realspades|:(
|
|t:|1685848826
|switch|p1a: Cinderace|Cinderace, M|100/100
|move|p2a: Amoonguss|Grass Knot|p1a: Cinderace
|-resisted|p1a: Cinderace
|-damage|p1a: Cinderace|91/100
|
|upkeep
|turn|9
|
|t:|1685848843
|move|p1a: Cinderace|Will-O-Wisp|p2a: Amoonguss|[miss]
|-miss|p1a: Cinderace|p2a: Amoonguss
|move|p2a: Amoonguss|Foul Play|p1a: Cinderace
|-damage|p1a: Cinderace|60/100
|
|upkeep
|turn|10
|
|t:|1685848861
|switch|p2a: Dondozo|Dondozo, F|100/100
|move|p1a: Cinderace|Pyro Ball|p2a: Dondozo
|-resisted|p2a: Dondozo
|-damage|p2a: Dondozo|90/100
|
|-heal|p2a: Dondozo|96/100|[from] item: Leftovers
|upkeep
|turn|11
|
|t:|1685848871
|move|p1a: Cinderace|U-turn|p2a: Dondozo
|-start|p1a: Cinderace|typechange|Bug|[from] ability: Libero
|-damage|p2a: Dondozo|83/100
|
|t:|1685848876
|switch|p1a: Breloom|Breloom, M|100/100|[from] U-turn
|move|p2a: Dondozo|Curse|p2a: Dondozo
|-unboost|p2a: Dondozo|spe|1
|-boost|p2a: Dondozo|atk|1
|-boost|p2a: Dondozo|def|1
|
|-heal|p2a: Dondozo|89/100|[from] item: Leftovers
|upkeep
|turn|12
|
|t:|1685848906
|move|p1a: Breloom|Rock Tomb|p2a: Dondozo
|-damage|p2a: Dondozo|75/100
|-unboost|p2a: Dondozo|spe|1
|move|p2a: Dondozo|Sleep Talk||[still]
|-fail|p2a: Dondozo
|
|-heal|p2a: Dondozo|81/100|[from] item: Leftovers
|upkeep
|turn|13
|
|t:|1685848924
|switch|p1a: Dragapult|Dragapult, F|100/100
|move|p2a: Dondozo|Curse|p2a: Dondozo
|-unboost|p2a: Dondozo|spe|1
|-boost|p2a: Dondozo|atk|1
|-boost|p2a: Dondozo|def|1
|
|-heal|p2a: Dondozo|87/100|[from] item: Leftovers
|upkeep
|turn|14
|
|t:|1685848985
|-terastallize|p2a: Dondozo|Fairy
|move|p1a: Dragapult|Dragon Darts|p2a: Dondozo
|-immune|p2a: Dondozo
|move|p2a: Dondozo|Wave Crash|p1a: Dragapult
|-resisted|p1a: Dragapult
|-damage|p1a: Dragapult|39/100
|-damage|p2a: Dondozo|74/100|[from] Recoil
|
|-heal|p1a: Dragapult|45/100|[from] item: Leftovers
|-heal|p2a: Dondozo|80/100|[from] item: Leftovers
|upkeep
|turn|15
|
|t:|1685849003
|switch|p1a: Kingambit|Kingambit, F|100/100
|-activate|p1a: Kingambit|ability: Supreme Overlord
|-start|p1a: Kingambit|fallen1|[silent]
|move|p2a: Dondozo|Wave Crash|p1a: Kingambit
|-damage|p1a: Kingambit|27/100
|-damage|p2a: Dondozo|64/100|[from] Recoil
|
|-heal|p1a: Kingambit|34/100|[from] item: Leftovers
|-heal|p2a: Dondozo|70/100|[from] item: Leftovers
|upkeep
|turn|16
|
|t:|1685849022
|move|p1a: Kingambit|Iron Head|p2a: Dondozo
|-supereffective|p2a: Dondozo
|-damage|p2a: Dondozo|47/100
|move|p2a: Dondozo|Wave Crash|p1a: Kingambit
|-damage|p1a: Kingambit|0 fnt
|faint|p1a: Kingambit
|-end|p1a: Kingambit|fallen1|[silent]
|-damage|p2a: Dondozo|40/100|[from] Recoil
|
|-heal|p2a: Dondozo|46/100|[from] item: Leftovers
|upkeep
|
|t:|1685849053
|switch|p1a: Rotom|Rotom-Wash|100/100 slp
|turn|17
|
|t:|1685849062
|cant|p1a: Rotom|slp
|move|p2a: Dondozo|Wave Crash|p1a: Rotom
|-resisted|p1a: Rotom
|-damage|p1a: Rotom|56/100 slp
|-damage|p2a: Dondozo|37/100|[from] Recoil
|
|-heal|p2a: Dondozo|43/100|[from] item: Leftovers
|upkeep
|turn|18
|
|t:|1685849072
|cant|p1a: Rotom|slp
|move|p2a: Dondozo|Rest|p2a: Dondozo
|-status|p2a: Dondozo|slp|[from] move: Rest
|-heal|p2a: Dondozo|100/100 slp|[silent]
|
|upkeep
|turn|19
|
|t:|1685849078
|-curestatus|p1a: Rotom|slp|[msg]
|move|p1a: Rotom|Thunderbolt|p2a: Dondozo
|-damage|p2a: Dondozo|68/100 slp
|cant|p2a: Dondozo|slp
|move|p2a: Dondozo|Sleep Talk|p2a: Dondozo
|move|p2a: Dondozo|Wave Crash|p1a: Rotom|[from]move: Sleep Talk
|-resisted|p1a: Rotom
|-damage|p1a: Rotom|9/100
|-damage|p2a: Dondozo|59/100 slp|[from] Recoil
|
|-heal|p2a: Dondozo|65/100 slp|[from] item: Leftovers
|upkeep
|turn|20
|
|t:|1685849090
|switch|p1a: Breloom|Breloom, M|100/100
|cant|p2a: Dondozo|slp
|move|p2a: Dondozo|Sleep Talk|p2a: Dondozo
|move|p2a: Dondozo|Curse|p2a: Dondozo|[from]move: Sleep Talk
|-unboost|p2a: Dondozo|spe|1
|-boost|p2a: Dondozo|atk|1
|-boost|p2a: Dondozo|def|1
|
|-heal|p2a: Dondozo|71/100 slp|[from] item: Leftovers
|upkeep
|turn|21
|
|t:|1685849108
|move|p1a: Breloom|Bullet Seed|p2a: Dondozo
|-damage|p2a: Dondozo|66/100 slp
|-damage|p2a: Dondozo|59/100 slp
|-damage|p2a: Dondozo|54/100 slp
|-hitcount|p2a: Dondozo|3
|-curestatus|p2a: Dondozo|slp|[msg]
|move|p2a: Dondozo|Wave Crash|p1a: Breloom
|-resisted|p1a: Breloom
|-damage|p1a: Breloom|14/100
|-damage|p2a: Dondozo|39/100|[from] Recoil
|
|-heal|p2a: Dondozo|45/100|[from] item: Leftovers
|upkeep
|turn|22
|
|t:|1685849123
|move|p1a: Breloom|Bullet Seed|p2a: Dondozo
|-damage|p2a: Dondozo|39/100
|-damage|p2a: Dondozo|34/100
|-damage|p2a: Dondozo|28/100
|-hitcount|p2a: Dondozo|3
|move|p2a: Dondozo|Rest|p2a: Dondozo
|-status|p2a: Dondozo|slp|[from] move: Rest
|-heal|p2a: Dondozo|100/100 slp|[silent]
|
|upkeep
|turn|23
|
|t:|1685849132
|move|p1a: Breloom|Bullet Seed|p2a: Dondozo
|-damage|p2a: Dondozo|94/100 slp
|-damage|p2a: Dondozo|88/100 slp
|-damage|p2a: Dondozo|83/100 slp
|-hitcount|p2a: Dondozo|3
|cant|p2a: Dondozo|slp
|move|p2a: Dondozo|Sleep Talk|p2a: Dondozo
|move|p2a: Dondozo|Curse|p2a: Dondozo|[from]move: Sleep Talk
|-unboost|p2a: Dondozo|spe|1
|-boost|p2a: Dondozo|atk|1
|-boost|p2a: Dondozo|def|1
|
|-heal|p2a: Dondozo|89/100 slp|[from] item: Leftovers
|upkeep
|turn|24
|
|t:|1685849144
|move|p1a: Breloom|Bullet Seed|p2a: Dondozo
|-damage|p2a: Dondozo|84/100 slp
|-damage|p2a: Dondozo|80/100 slp
|-damage|p2a: Dondozo|75/100 slp
|-hitcount|p2a: Dondozo|3
|cant|p2a: Dondozo|slp
|move|p2a: Dondozo|Sleep Talk|p2a: Dondozo
|move|p2a: Dondozo|Wave Crash|p1a: Breloom|[from]move: Sleep Talk
|-resisted|p1a: Breloom
|-damage|p1a: Breloom|0 fnt
|faint|p1a: Breloom
|-damage|p2a: Dondozo|73/100 slp|[from] Recoil
|
|-heal|p2a: Dondozo|79/100 slp|[from] item: Leftovers
|upkeep
|
|t:|1685849151
|switch|p1a: Cinderace|Cinderace, M|60/100
|turn|25
|
|t:|1685849158
|move|p1a: Cinderace|Will-O-Wisp||[still]
|-fail|p1a: Cinderace
|-curestatus|p2a: Dondozo|slp|[msg]
|move|p2a: Dondozo|Wave Crash|p1a: Cinderace
|-supereffective|p1a: Cinderace
|-damage|p1a: Cinderace|0 fnt
|faint|p1a: Cinderace
|-damage|p2a: Dondozo|65/100|[from] Recoil
|
|-heal|p2a: Dondozo|71/100|[from] item: Leftovers
|upkeep
|c|☆realspades|whyd it fail
|
|t:|1685849173
|switch|p1a: Rotom|Rotom-Wash|9/100
|turn|26
|c|☆X-Scizor|it was asleep
|c|☆realspades|oh i cant overwrite
|c|☆X-Scizor|it woke up after
|c|☆X-Scizor|no cuz dozo is slower
|c|☆X-Scizor|willo comes first
|
|t:|1685849197
|-terastallize|p1a: Rotom|Fairy
|move|p1a: Rotom|Thunderbolt|p2a: Dondozo
|-damage|p2a: Dondozo|40/100
|move|p2a: Dondozo|Wave Crash|p1a: Rotom
|-crit|p1a: Rotom
|-damage|p1a: Rotom|0 fnt
|faint|p1a: Rotom
|-damage|p2a: Dondozo|38/100|[from] Recoil
|
|-heal|p2a: Dondozo|44/100|[from] item: Leftovers
|upkeep
|c|☆realspades|i see
|
|t:|1685849202
|switch|p1a: Dragapult|Dragapult, F|45/100
|turn|27
|
|t:|1685849220
|move|p1a: Dragapult|Substitute|p1a: Dragapult
|-start|p1a: Dragapult|Substitute
|-damage|p1a: Dragapult|20/100
|move|p2a: Dondozo|Rest|p2a: Dondozo
|-status|p2a: Dondozo|slp|[from] move: Rest
|-heal|p2a: Dondozo|100/100 slp|[silent]
|
|-heal|p1a: Dragapult|26/100|[from] item: Leftovers
|upkeep
|turn|28
|
|t:|1685849231
|move|p1a: Dragapult|Dragon Darts|p2a: Dondozo
|-immune|p2a: Dondozo
|cant|p2a: Dondozo|slp
|move|p2a: Dondozo|Sleep Talk|p2a: Dondozo
|move|p2a: Dondozo|Wave Crash|p1a: Dragapult|[from]move: Sleep Talk
|-resisted|p1a: Dragapult
|-end|p1a: Dragapult|Substitute
|-damage|p2a: Dondozo|95/100 slp|[from] Recoil|[of] p1a: Dragapult
|
|-heal|p1a: Dragapult|32/100|[from] item: Leftovers
|-heal|p2a: Dondozo|100/100 slp|[from] item: Leftovers
|upkeep
|turn|29
|c|☆realspades|im dyumb
|
|t:|1685849242
|move|p1a: Dragapult|Hex|p2a: Dondozo
|-damage|p2a: Dondozo|43/100 slp
|cant|p2a: Dondozo|slp
|move|p2a: Dondozo|Sleep Talk|p2a: Dondozo
|move|p2a: Dondozo|Rest||[from]move: Sleep Talk|[still]
|-fail|p2a: Dondozo
|
|-heal|p1a: Dragapult|38/100|[from] item: Leftovers
|-heal|p2a: Dondozo|49/100 slp|[from] item: Leftovers
|upkeep
|turn|30
|
|t:|1685849253
|move|p1a: Dragapult|Will-O-Wisp||[still]
|-fail|p1a: Dragapult
|-curestatus|p2a: Dondozo|slp|[msg]
|move|p2a: Dondozo|Wave Crash|p1a: Dragapult
|-resisted|p1a: Dragapult
|-damage|p1a: Dragapult|0 fnt
|faint|p1a: Dragapult
|-damage|p2a: Dondozo|41/100|[from] Recoil
|
|win|X-Scizor
|c|☆realspades|rematch
|c|☆X-Scizor|kk
|c|☆X-Scizor|ggs
|c|☆realspades|ggss
