|j|☆Chemistryfan000
|j|☆King.owenjr
|t:|1685852493
|gametype|singles
|player|p1|Chemistryfan000|unknown|1480
|player|p2|King.owenjr|gentleman|1540
|teamsize|p1|6
|teamsize|p2|6
|gen|9
|tier|[Gen 9] OU
|rated|
|rule|Sleep Clause Mod: Limit one foe put to sleep
|rule|Species Clause: Limit one of each Pokémon
|rule|OHKO Clause: OHKO moves are banned
|rule|Evasion Items Clause: Evasion items are banned
|rule|Evasion Moves Clause: Evasion moves are banned
|rule|Endless Battle Clause: Forcing endless battles is banned
|rule|HP Percentage Mod: HP is shown in percentages
|clearpoke
|poke|p1|Magearna|
|poke|p1|Chien-Pao|
|poke|p1|Ursaluna, F|
|poke|p1|Zamazenta-*|
|poke|p1|Tornadus-Therian, M|
|poke|p1|Clodsire, F|
|poke|p2|Arcanine-Hisui, M|
|poke|p2|Decidueye-Hisui, M|
|poke|p2|Ursaluna, M|
|poke|p2|Slowbro, M|
|poke|p2|Roaring Moon|
|poke|p2|Klefki, M|
|teampreview
|
|t:|1685852511
|start
|switch|p1a: braindead shit (6)|Magearna|100/100
|switch|p2a: Ursaluna|Ursaluna, M|100/100
|turn|1
|
|t:|1685852526
|switch|p1a: not laem!!!|Tornadus-Therian, M|100/100
|switch|p2a: Decidueye|Decidueye-Hisui, M|100/100
|
|upkeep
|turn|2
|
|t:|1685852532
|switch|p2a: Klefki|Klefki, M|100/100
|move|p1a: not laem!!!|Bleakwind Storm|p2a: Klefki|[miss]
|-miss|p1a: not laem!!!|p2a: Klefki
|
|upkeep
|turn|3
|
|t:|1685852541
|move|p2a: Klefki|Thunder Wave|p1a: not laem!!!|[miss]
|-miss|p2a: Klefki|p1a: not laem!!!
|move|p1a: not laem!!!|Nasty Plot|p1a: not laem!!!
|-boost|p1a: not laem!!!|spa|2
|
|upkeep
|turn|4
|
|t:|1685852557
|move|p2a: Klefki|Thunder Wave|p1a: not laem!!!|[miss]
|-miss|p2a: Klefki|p1a: not laem!!!
|move|p1a: not laem!!!|Heat Wave|p2a: Klefki|[miss]
|-miss|p1a: not laem!!!|p2a: Klefki
|
|upkeep
|turn|5
|j| BloxyWasTaken
|c|☆Chemistryfan000|the game
|c|☆Chemistryfan000|of misses
|
|t:|1685852573
|move|p2a: Klefki|Thunder Wave|p1a: not laem!!!
|-status|p1a: not laem!!!|par
|move|p1a: not laem!!!|Heat Wave|p2a: Klefki
|-supereffective|p2a: Klefki
|-damage|p2a: Klefki|0 fnt
|faint|p2a: Klefki
|-damage|p1a: not laem!!!|91/100 par|[from] item: Life Orb
|
|upkeep
|c| BloxyWasTaken|could have tera dark to avoid prankster smh!
|
|t:|1685852587
|switch|p2a: Arcanine|Arcanine-Hisui, M|100/100
|turn|6
|
|t:|1685852593
|switch|p1a: Zamazenta|Zamazenta|100/100
|-ability|p1a: Zamazenta|Dauntless Shield|boost
|-boost|p1a: Zamazenta|def|1
|move|p2a: Arcanine|Flare Blitz|p1a: Zamazenta
|-damage|p1a: Zamazenta|73/100
|
|upkeep
|turn|7
|
|t:|1685852601
|switch|p2a: Slowbro|Slowbro, M|100/100
|move|p1a: Zamazenta|Iron Defense|p1a: Zamazenta
|-boost|p1a: Zamazenta|def|2
|
|upkeep
|turn|8
|
|t:|1685852607
|move|p1a: Zamazenta|Iron Defense|p1a: Zamazenta
|-boost|p1a: Zamazenta|def|2
|move|p2a: Slowbro|Trick Room|p2a: Slowbro
|-fieldstart|move: Trick Room|[of] p2a: Slowbro
|
|upkeep
|turn|9
|c| BloxyWasTaken|TERA DARK
|c| BloxyWasTaken|COPE
|c|☆Chemistryfan000|yes sir
|
|t:|1685852618
|move|p2a: Slowbro|Surf|p1a: Zamazenta
|-damage|p1a: Zamazenta|42/100
|move|p1a: Zamazenta|Body Press|p2a: Slowbro
|-resisted|p2a: Slowbro
|-damage|p2a: Slowbro|58/100
|-damage|p1a: Zamazenta|25/100|[from] item: Rocky Helmet|[of] p2a: Slowbro
|
|upkeep
|turn|10
|c| BloxyWasTaken|wow
|c|☆Chemistryfan000|wow
|c| BloxyWasTaken|lmao
|c|☆Chemistryfan000|i do more
|
|t:|1685852627
|move|p2a: Slowbro|Psyshock|p1a: Zamazenta
|-supereffective|p1a: Zamazenta
|-damage|p1a: Zamazenta|14/100
|move|p1a: Zamazenta|Rest|p1a: Zamazenta
|-status|p1a: Zamazenta|slp|[from] move: Rest
|-heal|p1a: Zamazenta|100/100 slp|[silent]
|-enditem|p1a: Zamazenta|Chesto Berry|[eat]
|-curestatus|p1a: Zamazenta|slp|[msg]
|
|upkeep
|turn|11
|c|☆Chemistryfan000|funny
|
|t:|1685852642
|-terastallize|p1a: Zamazenta|Fighting
|move|p2a: Slowbro|Surf|p1a: Zamazenta
|-damage|p1a: Zamazenta|70/100
|move|p1a: Zamazenta|Body Press|p2a: Slowbro
|-resisted|p2a: Slowbro
|-damage|p2a: Slowbro|4/100
|-damage|p1a: Zamazenta|53/100|[from] item: Rocky Helmet|[of] p2a: Slowbro
|
|upkeep
|turn|12
|c| BloxyWasTaken|bad tera stallize
|
|t:|1685852654
|move|p2a: Slowbro|Surf|p1a: Zamazenta
|-damage|p1a: Zamazenta|24/100
|move|p1a: Zamazenta|Body Press|p2a: Slowbro
|-resisted|p2a: Slowbro
|-damage|p2a: Slowbro|0 fnt
|-damage|p1a: Zamazenta|7/100|[from] item: Rocky Helmet|[of] p2a: Slowbro
|faint|p2a: Slowbro
|
|-fieldend|move: Trick Room
|upkeep
|c| BloxyWasTaken|you shameful
|c|☆Chemistryfan000|fr
|c|☆Chemistryfan000|i got de-lucked
|c| BloxyWasTaken|watch arcanine espeed crit
|
|t:|1685852668
|switch|p2a: Arcanine|Arcanine-Hisui, M|100/100
|turn|13
|
|t:|1685852684
|move|p2a: Arcanine|Extreme Speed|p1a: Zamazenta
|-damage|p1a: Zamazenta|1/100
|move|p1a: Zamazenta|Rest|p1a: Zamazenta
|-status|p1a: Zamazenta|slp|[from] move: Rest
|-heal|p1a: Zamazenta|100/100 slp|[silent]
|
|upkeep
|turn|14
|c| BloxyWasTaken|LMAO
|c|☆Chemistryfan000|funny
|c|☆Chemistryfan000|i love this game
|c|☆Chemistryfan000|this team doesnt even need chien and meg
|
|t:|1685852703
|switch|p2a: Roaring Moon|Roaring Moon|100/100
|-enditem|p2a: Roaring Moon|Booster Energy
|-activate|p2a: Roaring Moon|ability: Protosynthesis|[fromitem]
|-start|p2a: Roaring Moon|protosynthesisatk
|cant|p1a: Zamazenta|slp
|
|upkeep
|turn|15
|
|t:|1685852711
|cant|p1a: Zamazenta|slp
|move|p2a: Roaring Moon|Dragon Dance|p2a: Roaring Moon
|-boost|p2a: Roaring Moon|atk|1
|-boost|p2a: Roaring Moon|spe|1
|
|upkeep
|turn|16
|
|t:|1685852719
|-terastallize|p2a: Roaring Moon|Flying
|move|p2a: Roaring Moon|Acrobatics|p1a: Zamazenta
|-supereffective|p1a: Zamazenta
|-damage|p1a: Zamazenta|58/100 slp
|-curestatus|p1a: Zamazenta|slp|[msg]
|move|p1a: Zamazenta|Body Press|p2a: Roaring Moon
|-resisted|p2a: Roaring Moon
|-damage|p2a: Roaring Moon|0 fnt
|faint|p2a: Roaring Moon
|-end|p2a: Roaring Moon|Protosynthesis|[silent]
|
|upkeep
|c|☆Chemistryfan000|wow
|c|☆Chemistryfan000|crazy
|-message|King.owenjr forfeited.
|
|win|Chemistryfan000
|raw|Chemistryfan000's rating: 1480 → 1503(+23 for winning)
|raw|King.owenjr's rating: 1540 → 1517(-23 for losing)
|l|☆King.owenjr
