|j|☆Dr. Badtimes OU
|j|☆Froslass_Trainer
|t:|1685902400
|gametype|singles
|player|p1|Dr. Badtimes OU|steven|1141
|player|p2|Froslass_Trainer|102|1145
|teamsize|p1|6
|teamsize|p2|6
|gen|9
|tier|[Gen 9] OU
|rated|
|rule|Sleep Clause Mod: Limit one foe put to sleep
|rule|Species Clause: Limit one of each Pokémon
|rule|OHKO Clause: OHKO moves are banned
|rule|Evasion Items Clause: Evasion items are banned
|rule|Evasion Moves Clause: Evasion moves are banned
|rule|Endless Battle Clause: Forcing endless battles is banned
|rule|HP Percentage Mod: HP is shown in percentages
|clearpoke
|poke|p1|Hatterene, F|
|poke|p1|Ursaluna, M|
|poke|p1|Torkoal, F|
|poke|p1|Glastrier|
|poke|p1|Farigiraf, M|
|poke|p1|Slowking-Galar, M|
|poke|p2|Enamorus, F|
|poke|p2|Arboliva, F|
|poke|p2|Kleavor, F|
|poke|p2|Rotom-Wash|
|poke|p2|Tauros-Paldea-Blaze, M|
|poke|p2|Iron Treads|
|teampreview
|
|t:|1685902418
|start
|switch|p1a: Hatterene|Hatterene, F|100/100
|switch|p2a: Tauros|Tauros-Paldea-Blaze, M|100/100
|turn|1
|
|t:|1685902431
|switch|p2a: Iron Treads|Iron Treads|100/100
|-enditem|p2a: Iron Treads|Booster Energy
|-activate|p2a: Iron Treads|ability: Quark Drive|[fromitem]
|-start|p2a: Iron Treads|quarkdrivedef
|move|p1a: Hatterene|Trick Room|p1a: Hatterene
|-fieldstart|move: Trick Room|[of] p1a: Hatterene
|
|upkeep
|turn|2
|inactive|Battle timer is ON: inactive players will automatically lose when time's up. (requested by Froslass_Trainer)
|
|t:|1685902450
|move|p1a: Hatterene|Healing Wish|p1a: Hatterene
|faint|p1a: Hatterene
|move|p2a: Iron Treads|Iron Head|p1: Hatterene|[notarget]
|-fail|p2a: Iron Treads
|
|upkeep
|
|t:|1685902459
|switch|p1a: Ursaluna|Ursaluna, M|100/100
|turn|3
|inactive|Froslass_Trainer has 120 seconds left.
|
|t:|1685902510
|-end|p2a: Iron Treads|Quark Drive|[silent]
|switch|p2a: Arboliva|Arboliva, F|100/100
|-terastallize|p1a: Ursaluna|Normal
|move|p1a: Ursaluna|Bulk Up|p1a: Ursaluna
|-boost|p1a: Ursaluna|atk|1
|-boost|p1a: Ursaluna|def|1
|
|-status|p1a: Ursaluna|brn|[from] item: Flame Orb
|upkeep
|turn|4
|inactive|Froslass_Trainer has 90 seconds left.
|l|☆Froslass_Trainer
|inactive|Froslass_Trainer disconnected and has a minute to reconnect!
|player|p2|
|j|☆Froslass_Trainer
|inactive|Froslass_Trainer reconnected and has 70 seconds left.
|player|p2|Froslass_Trainer|102
|inactive|Froslass_Trainer has 60 seconds left.
|
|t:|1685902565
|move|p1a: Ursaluna|Facade|p2a: Arboliva
|-damage|p2a: Arboliva|0 fnt
|-fieldstart|move: Grassy Terrain|[from] ability: Seed Sower|[of] p2a: Arboliva
|faint|p2a: Arboliva
|
|-damage|p1a: Ursaluna|94/100 brn|[from] brn
|upkeep
|
|t:|1685902586
|switch|p2a: Kleavor|Kleavor, F|100/100
|turn|5
|
|t:|1685902599
|move|p1a: Ursaluna|Facade|p2a: Kleavor
|-resisted|p2a: Kleavor
|-enditem|p2a: Kleavor|Focus Sash
|-damage|p2a: Kleavor|1/100
|move|p2a: Kleavor|Close Combat|p1a: Ursaluna
|-supereffective|p1a: Ursaluna
|-damage|p1a: Ursaluna|55/100 brn
|-unboost|p2a: Kleavor|def|1
|-unboost|p2a: Kleavor|spd|1
|
|-heal|p1a: Ursaluna|61/100 brn|[from] Grassy Terrain
|-heal|p2a: Kleavor|7/100|[from] Grassy Terrain
|-damage|p1a: Ursaluna|55/100 brn|[from] brn
|-fieldend|move: Trick Room
|upkeep
|turn|6
|inactive|Froslass_Trainer has 30 seconds left.
|
|t:|1685902624
|move|p2a: Kleavor|Close Combat|p1a: Ursaluna
|-supereffective|p1a: Ursaluna
|-damage|p1a: Ursaluna|16/100 brn
|-unboost|p2a: Kleavor|def|1
|-unboost|p2a: Kleavor|spd|1
|move|p1a: Ursaluna|Facade|p2a: Kleavor
|-resisted|p2a: Kleavor
|-damage|p2a: Kleavor|0 fnt
|faint|p2a: Kleavor
|
|-heal|p1a: Ursaluna|22/100 brn|[from] Grassy Terrain
|-damage|p1a: Ursaluna|16/100 brn|[from] brn
|upkeep
|inactive|Froslass_Trainer has 30 seconds left.
|
|t:|1685902635
|switch|p2a: Enamorus|Enamorus, F|100/100
|turn|7
|
|t:|1685902643
|switch|p1a: Slowking|Slowking-Galar, M|100/100
|move|p2a: Enamorus|Superpower|p1a: Slowking
|-resisted|p1a: Slowking
|-damage|p1a: Slowking|95/100
|-boost|p2a: Enamorus|atk|1
|-boost|p2a: Enamorus|def|1
|
|-heal|p1a: Slowking|100/100|[from] Grassy Terrain
|upkeep
|turn|8
|
|t:|1685902655
|-terastallize|p2a: Enamorus|Steel
|move|p2a: Enamorus|Earth Power|p1a: Slowking
|-supereffective|p1a: Slowking
|-enditem|p1a: Slowking|Shuca Berry|[eat]
|-enditem|p1a: Slowking|Shuca Berry|[weaken]
|-damage|p1a: Slowking|77/100
|move|p1a: Slowking|Trick Room|p1a: Slowking
|-fieldstart|move: Trick Room|[of] p1a: Slowking
|
|-heal|p1a: Slowking|83/100|[from] Grassy Terrain
|-fieldend|move: Grassy Terrain
|upkeep
|turn|9
|inactive|Froslass_Trainer has 30 seconds left.
|
|t:|1685902676
|move|p1a: Slowking|Flamethrower|p2a: Enamorus
|-supereffective|p2a: Enamorus
|-damage|p2a: Enamorus|61/100
|move|p2a: Enamorus|Superpower|p1a: Slowking
|-resisted|p1a: Slowking
|-damage|p1a: Slowking|75/100
|-boost|p2a: Enamorus|atk|1
|-boost|p2a: Enamorus|def|1
|
|upkeep
|turn|10
|inactive|Froslass_Trainer has 30 seconds left.
|
|t:|1685902691
|switch|p2a: Tauros|Tauros-Paldea-Blaze, M|100/100
|move|p1a: Slowking|Flamethrower|p2a: Tauros
|-resisted|p2a: Tauros
|-damage|p2a: Tauros|83/100
|
|upkeep
|turn|11
|inactive|Froslass_Trainer has 30 seconds left.
|
|t:|1685902700
|move|p1a: Slowking|Psychic|p2a: Tauros
|-supereffective|p2a: Tauros
|-damage|p2a: Tauros|0 fnt
|faint|p2a: Tauros
|
|upkeep
|inactive|Froslass_Trainer has 30 seconds left.
|
|t:|1685902705
|switch|p2a: Rotom|Rotom-Wash|100/100
|turn|12
|
|t:|1685902717
|move|p1a: Slowking|Chilly Reception|p1a: Slowking
|-weather|Snow
|
|t:|1685902721
|switch|p1a: Farigiraf|Farigiraf, M|100/100|[from] Chilly Reception
|move|p2a: Rotom|Trick|p1a: Farigiraf
|-activate|p2a: Rotom|move: Trick|[of] p1a: Farigiraf
|-item|p1a: Farigiraf|Choice Specs|[from] move: Trick
|-item|p2a: Rotom|Eject Button|[from] move: Trick
|
|-weather|Snow|[upkeep]
|-fieldend|move: Trick Room
|upkeep
|turn|13
|
|t:|1685902733
|move|p2a: Rotom|Will-O-Wisp|p1a: Farigiraf|[miss]
|-miss|p2a: Rotom|p1a: Farigiraf
|move|p1a: Farigiraf|Trick Room|p1a: Farigiraf
|-fieldstart|move: Trick Room|[of] p1a: Farigiraf
|
|-weather|Snow|[upkeep]
|upkeep
|turn|14
|
|t:|1685902743
|switch|p1a: Glastrier|Glastrier|100/100
|move|p2a: Rotom|Will-O-Wisp|p1a: Glastrier
|-status|p1a: Glastrier|brn
|
|-weather|Snow|[upkeep]
|-damage|p1a: Glastrier|94/100 brn|[from] brn
|upkeep
|turn|15
|inactive|Froslass_Trainer has 60 seconds left.
|
|t:|1685902756
|move|p1a: Glastrier|Swords Dance|p1a: Glastrier
|-boost|p1a: Glastrier|atk|2
|move|p2a: Rotom|Hydro Pump|p1a: Glastrier
|-damage|p1a: Glastrier|63/100 brn
|
|-weather|Snow|[upkeep]
|-damage|p1a: Glastrier|57/100 brn|[from] brn
|upkeep
|turn|16
|inactive|Froslass_Trainer has 60 seconds left.
|
|t:|1685902763
|move|p1a: Glastrier|Icicle Crash|p2a: Rotom
|-resisted|p2a: Rotom
|-damage|p2a: Rotom|75/100
|-enditem|p2a: Rotom|Eject Button
|inactive|Froslass_Trainer has 60 seconds left.
|
|t:|1685902770
|switch|p2a: Iron Treads|Iron Treads|100/100
|
|-weather|none
|-damage|p1a: Glastrier|51/100 brn|[from] brn
|upkeep
|turn|17
|
|t:|1685902778
|move|p1a: Glastrier|Icicle Crash|p2a: Iron Treads
|-damage|p2a: Iron Treads|60/100
|move|p2a: Iron Treads|Iron Head|p1a: Glastrier
|-supereffective|p1a: Glastrier
|-damage|p1a: Glastrier|3/100 brn
|
|-damage|p1a: Glastrier|0 fnt|[from] brn
|faint|p1a: Glastrier
|-fieldend|move: Trick Room
|upkeep
|
|t:|1685902791
|switch|p1a: Slowking|Slowking-Galar, M|100/100
|turn|18
|
|t:|1685902807
|move|p2a: Iron Treads|Earthquake|p1a: Slowking
|-supereffective|p1a: Slowking
|-damage|p1a: Slowking|30/100
|move|p1a: Slowking|Trick Room|p1a: Slowking
|-fieldstart|move: Trick Room|[of] p1a: Slowking
|
|upkeep
|turn|19
|
|t:|1685902823
|-end|p2a: Iron Treads|Quark Drive|[silent]
|switch|p2a: Rotom|Rotom-Wash|75/100
|move|p1a: Slowking|Chilly Reception|p1a: Slowking
|-weather|Snow
|
|t:|1685902832
|switch|p1a: Ursaluna|Ursaluna, M, tera:Normal|16/100 brn|[from] Chilly Reception
|-heal|p1a: Ursaluna|100/100|[from] move: Healing Wish
|
|-weather|Snow|[upkeep]
|-status|p1a: Ursaluna|brn|[from] item: Flame Orb
|upkeep
|turn|20
|
|t:|1685902848
|move|p1a: Ursaluna|Facade|p2a: Rotom
|-crit|p2a: Rotom
|-damage|p2a: Rotom|0 fnt
|faint|p2a: Rotom
|
|-weather|Snow|[upkeep]
|-damage|p1a: Ursaluna|94/100 brn|[from] brn
|upkeep
|
|t:|1685902855
|switch|p2a: Enamorus|Enamorus, F, tera:Steel|61/100
|turn|21
|
|t:|1685902860
|move|p1a: Ursaluna|Headlong Rush|p2a: Enamorus
|-supereffective|p2a: Enamorus
|-damage|p2a: Enamorus|0 fnt
|-unboost|p1a: Ursaluna|def|1
|-unboost|p1a: Ursaluna|spd|1
|faint|p2a: Enamorus
|
|-weather|Snow|[upkeep]
|-damage|p1a: Ursaluna|88/100 brn|[from] brn
|upkeep
|
|t:|1685902863
|switch|p2a: Iron Treads|Iron Treads|60/100
|turn|22
|inactive|Froslass_Trainer has 90 seconds left.
|
|t:|1685902872
|move|p1a: Ursaluna|Headlong Rush|p2a: Iron Treads
|-supereffective|p2a: Iron Treads
|-damage|p2a: Iron Treads|0 fnt
|-unboost|p1a: Ursaluna|def|1
|-unboost|p1a: Ursaluna|spd|1
|faint|p2a: Iron Treads
|-end|p2a: Iron Treads|Quark Drive|[silent]
|
|win|Dr. Badtimes OU
|raw|Dr. Badtimes OU's rating: 1141 → 1166(+25 for winning)
|raw|Froslass_Trainer's rating: 1145 → 1120(-25 for losing)
