|j|☆William84
|j|☆Astorgames
|t:|1685920469
|gametype|singles
|player|p1|William84|2|
|player|p2|Astorgames|170|
|teamsize|p1|6
|teamsize|p2|6
|gen|9
|tier|[Gen 9] OU
|rule|Sleep Clause Mod: Limit one foe put to sleep
|rule|Species Clause: Limit one of each Pokémon
|rule|OHKO Clause: OHKO moves are banned
|rule|Evasion Items Clause: Evasion items are banned
|rule|Evasion Moves Clause: Evasion moves are banned
|rule|Endless Battle Clause: Forcing endless battles is banned
|rule|HP Percentage Mod: HP is shown in percentages
|clearpoke
|poke|p1|Pelipper, F|
|poke|p1|Urshifu-*, M|
|poke|p1|Gastrodon-East, M|
|poke|p1|Volcanion|
|poke|p1|Basculegion, M|
|poke|p1|Corviknight, M|
|poke|p2|Pelipper, M|
|poke|p2|Basculegion, M|
|poke|p2|Rillaboom, M|
|poke|p2|Sneasler, M|
|poke|p2|Chien-Pao|
|poke|p2|Iron Valiant|
|teampreview
|
|t:|1685920515
|start
|switch|p1a: Corviknight|Corviknight, M, shiny|100/100
|switch|p2a: Chien-Pao|Chien-Pao|100/100
|-ability|p2a: Chien-Pao|Sword of Ruin
|-ability|p1a: Corviknight|Pressure
|turn|1
|
|t:|1685920530
|switch|p2a: Pelipper|Pelipper, M|100/100
|-weather|RainDance|[from] ability: Drizzle|[of] p2a: Pelipper
|move|p1a: Corviknight|Iron Defense|p1a: Corviknight
|-boost|p1a: Corviknight|def|2
|
|-weather|RainDance|[upkeep]
|upkeep
|turn|2
|
|t:|1685920549
|switch|p1a: Gastrodon|Gastrodon-East, M|100/100
|move|p2a: Pelipper|Surf|p1a: Gastrodon
|-ability|p1a: Gastrodon|Storm Drain|boost
|-boost|p1a: Gastrodon|spa|1
|
|-weather|RainDance|[upkeep]
|upkeep
|turn|3
|
|t:|1685920557
|move|p2a: Pelipper|U-turn|p1a: Gastrodon
|-damage|p1a: Gastrodon|91/100
|
|t:|1685920561
|switch|p2a: Rillaboom|Rillaboom, M|100/100|[from] U-turn
|-fieldstart|move: Grassy Terrain|[from] ability: Grassy Surge|[of] p2a: Rillaboom
|move|p1a: Gastrodon|Acid Armor|p1a: Gastrodon
|-boost|p1a: Gastrodon|def|2
|
|-weather|RainDance|[upkeep]
|-heal|p1a: Gastrodon|97/100|[from] Grassy Terrain
|-heal|p1a: Gastrodon|100/100|[from] item: Leftovers
|upkeep
|turn|4
|
|t:|1685920574
|-terastallize|p1a: Gastrodon|Ice
|move|p2a: Rillaboom|Wood Hammer|p1a: Gastrodon
|-damage|p1a: Gastrodon|62/100
|-damage|p2a: Rillaboom|87/100|[from] Recoil
|move|p1a: Gastrodon|Ice Beam|p2a: Rillaboom
|-supereffective|p2a: Rillaboom
|-damage|p2a: Rillaboom|42/100
|
|-weather|RainDance|[upkeep]
|-heal|p2a: Rillaboom|48/100|[from] Grassy Terrain
|-heal|p1a: Gastrodon|68/100|[from] Grassy Terrain
|-heal|p1a: Gastrodon|74/100|[from] item: Leftovers
|upkeep
|turn|5
|
|t:|1685920591
|move|p2a: Rillaboom|U-turn|p1a: Gastrodon
|-damage|p1a: Gastrodon|61/100
|
|t:|1685920594
|switch|p2a: Chien-Pao|Chien-Pao|100/100|[from] U-turn
|-ability|p2a: Chien-Pao|Sword of Ruin
|move|p1a: Gastrodon|Acid Armor|p1a: Gastrodon
|-boost|p1a: Gastrodon|def|2
|
|-weather|RainDance|[upkeep]
|-heal|p1a: Gastrodon|67/100|[from] Grassy Terrain
|-heal|p1a: Gastrodon|74/100|[from] item: Leftovers
|upkeep
|turn|6
|
|t:|1685920608
|move|p2a: Chien-Pao|Sacred Sword|p1a: Gastrodon
|-supereffective|p1a: Gastrodon
|-damage|p1a: Gastrodon|0 fnt
|faint|p1a: Gastrodon
|
|-weather|RainDance|[upkeep]
|upkeep
|
|t:|1685920622
|switch|p1a: Basculegion|Basculegion, M|100/100
|turn|7
|
|t:|1685920636
|move|p1a: Basculegion|Liquidation|p2a: Chien-Pao
|-enditem|p2a: Chien-Pao|Focus Sash
|-damage|p2a: Chien-Pao|1/100
|move|p2a: Chien-Pao|Crunch|p1a: Basculegion
|-supereffective|p1a: Basculegion
|-damage|p1a: Basculegion|0 fnt
|faint|p1a: Basculegion
|
|-weather|RainDance|[upkeep]
|-heal|p2a: Chien-Pao|7/100|[from] Grassy Terrain
|-fieldend|move: Grassy Terrain
|upkeep
|
|t:|1685920652
|switch|p1a: Corviknight|Corviknight, M, shiny|100/100
|-ability|p1a: Corviknight|Pressure
|turn|8
|
|t:|1685920667
|switch|p2a: Iron Valiant|Iron Valiant|100/100
|-enditem|p2a: Iron Valiant|Booster Energy
|-activate|p2a: Iron Valiant|ability: Quark Drive|[fromitem]
|-start|p2a: Iron Valiant|quarkdrivespe
|move|p1a: Corviknight|Iron Defense|p1a: Corviknight
|-boost|p1a: Corviknight|def|2
|
|-weather|none
|upkeep
|turn|9
|inactive|Battle timer is ON: inactive players will automatically lose when time's up. (requested by William84)
|
|t:|1685920694
|-terastallize|p2a: Iron Valiant|Electric
|move|p2a: Iron Valiant|Thunderbolt|p1a: Corviknight
|-supereffective|p1a: Corviknight
|-damage|p1a: Corviknight|34/100
|move|p1a: Corviknight|Iron Defense|p1a: Corviknight
|-boost|p1a: Corviknight|def|2
|
|-heal|p1a: Corviknight|41/100|[from] item: Leftovers
|upkeep
|turn|10
|inactive|William84 has 270 seconds left.
|inactive|William84 has 240 seconds left.
|
|t:|1685920755
|move|p2a: Iron Valiant|Thunderbolt|p1a: Corviknight
|-supereffective|p1a: Corviknight
|-damage|p1a: Corviknight|0 fnt
|faint|p1a: Corviknight
|
|upkeep
|inactive|William84 has 240 seconds left.
|
|t:|1685920765
|switch|p1a: Urshifu|Urshifu-Rapid-Strike, M|100/100
|turn|11
|inactive|William84 has 240 seconds left.
|
|t:|1685920770
|move|p2a: Iron Valiant|Thunderbolt|p1a: Urshifu
|-supereffective|p1a: Urshifu
|-damage|p1a: Urshifu|0 fnt
|faint|p1a: Urshifu
|
|upkeep
|inactive|William84 has 240 seconds left.
|
|t:|1685920775
|switch|p1a: Volcanion|Volcanion|100/100
|turn|12
|
|t:|1685920784
|move|p2a: Iron Valiant|Thunderbolt|p1a: Volcanion
|-supereffective|p1a: Volcanion
|-damage|p1a: Volcanion|16/100
|move|p1a: Volcanion|Steam Eruption|p2a: Iron Valiant
|-damage|p2a: Iron Valiant|0 fnt
|faint|p2a: Iron Valiant
|-end|p2a: Iron Valiant|Quark Drive|[silent]
|
|upkeep
|
|t:|1685920802
|switch|p2a: Chien-Pao|Chien-Pao|7/100
|-ability|p2a: Chien-Pao|Sword of Ruin
|turn|13
|
|t:|1685920809
|move|p2a: Chien-Pao|Crunch|p1a: Volcanion
|-damage|p1a: Volcanion|0 fnt
|faint|p1a: Volcanion
|
|upkeep
|
|t:|1685920814
|switch|p1a: Pelipper|Pelipper, F|100/100
|-weather|RainDance|[from] ability: Drizzle|[of] p1a: Pelipper
|turn|14
|
|t:|1685920820
|move|p2a: Chien-Pao|Crunch|p1a: Pelipper
|-damage|p1a: Pelipper|62/100
|-unboost|p1a: Pelipper|def|1
|move|p1a: Pelipper|Hurricane|p2a: Chien-Pao
|-damage|p2a: Chien-Pao|0 fnt
|faint|p2a: Chien-Pao
|
|-weather|RainDance|[upkeep]
|upkeep
|
|t:|1685920828
|switch|p2a: Basculegion|Basculegion, M|100/100
|turn|15
|inactive|William84 has 270 seconds left.
|
|t:|1685920838
|move|p2a: Basculegion|Wave Crash|p1a: Pelipper
|-resisted|p1a: Pelipper
|-damage|p1a: Pelipper|0 fnt
|faint|p1a: Pelipper
|-damage|p2a: Basculegion|83/100|[from] Recoil
|
|win|Astorgames
