|j|☆Bendume
|j|☆rewa00
|t:|1685825243
|gametype|singles
|player|p1|Bendume|giovanni|1414
|player|p2|rewa00|1|1370
|teamsize|p1|6
|teamsize|p2|6
|gen|9
|tier|[Gen 9] OU
|rated|
|rule|Sleep Clause Mod: Limit one foe put to sleep
|rule|Species Clause: Limit one of each Pokémon
|rule|OHKO Clause: OHKO moves are banned
|rule|Evasion Items Clause: Evasion items are banned
|rule|Evasion Moves Clause: Evasion moves are banned
|rule|Endless Battle Clause: Forcing endless battles is banned
|rule|HP Percentage Mod: HP is shown in percentages
|clearpoke
|poke|p1|Lilligant-Hisui, F|
|poke|p1|Urshifu-*, F|
|poke|p1|Dragapult, F|
|poke|p1|Great Tusk|
|poke|p1|Azelf|
|poke|p1|Clodsire, F|
|poke|p2|Kleavor, F|
|poke|p2|Slowbro-Galar, M|
|poke|p2|Urshifu-*, F|
|poke|p2|Meowscarada, M|
|poke|p2|Corviknight, M|
|poke|p2|Thundurus-Therian, M|
|teampreview
|inactive|Battle timer is ON: inactive players will automatically lose when time's up. (requested by Bendume)
|c|☆Bendume|glhf
|
|t:|1685825254
|start
|switch|p1a: Azelf|Azelf|100/100
|switch|p2a: Urshifu|Urshifu-Rapid-Strike, F|100/100
|turn|1
|
|t:|1685825260
|switch|p2a: Corviknight|Corviknight, M, shiny|100/100
|-ability|p2a: Corviknight|Pressure
|move|p1a: Azelf|Psychic|p2a: Corviknight
|-resisted|p2a: Corviknight
|-damage|p2a: Corviknight|79/100
|
|-heal|p2a: Corviknight|86/100|[from] item: Leftovers
|upkeep
|turn|2
|
|t:|1685825263
|move|p1a: Azelf|Stealth Rock|p2a: Corviknight
|-sidestart|p2: rewa00|move: Stealth Rock
|move|p2a: Corviknight|U-turn|p1a: Azelf
|-supereffective|p1a: Azelf
|-damage|p1a: Azelf|53/100
|
|t:|1685825272
|switch|p2a: Meowscarada|Meowscarada, M|100/100|[from] U-turn
|-damage|p2a: Meowscarada|88/100|[from] Stealth Rock
|
|upkeep
|turn|3
|
|t:|1685825277
|move|p2a: Meowscarada|Knock Off|p1a: Azelf
|-start|p2a: Meowscarada|typechange|Dark|[from] ability: Protean
|-supereffective|p1a: Azelf
|-damage|p1a: Azelf|0 fnt
|-enditem|p1a: Azelf|Focus Sash|[from] move: Knock Off|[of] p2a: Meowscarada
|faint|p1a: Azelf
|
|upkeep
|
|t:|1685825282
|switch|p1a: Lilligant|Lilligant-Hisui, F|100/100
|turn|4
|
|t:|1685825287
|switch|p2a: Kleavor|Kleavor, F|100/100
|-damage|p2a: Kleavor|76/100|[from] Stealth Rock
|move|p1a: Lilligant|Close Combat|p2a: Kleavor
|-damage|p2a: Kleavor|0 fnt
|-unboost|p1a: Lilligant|def|1
|-unboost|p1a: Lilligant|spd|1
|faint|p2a: Kleavor
|
|upkeep
|
|t:|1685825293
|switch|p2a: Slowbro|Slowbro-Galar, M|100/100
|-damage|p2a: Slowbro|88/100|[from] Stealth Rock
|turn|5
|-activate|p2a: Slowbro|item: Quick Claw
|
|t:|1685825297
|switch|p1a: Clodsire|Clodsire, F|100/100
|move|p2a: Slowbro|Psychic|p1a: Clodsire
|-supereffective|p1a: Clodsire
|-damage|p1a: Clodsire|57/100
|
|-heal|p1a: Clodsire|63/100|[from] item: Leftovers
|upkeep
|turn|6
|
|t:|1685825303
|move|p2a: Slowbro|Psychic|p1a: Clodsire
|-supereffective|p1a: Clodsire
|-damage|p1a: Clodsire|14/100
|move|p1a: Clodsire|Recover|p1a: Clodsire
|-heal|p1a: Clodsire|64/100
|
|-heal|p1a: Clodsire|70/100|[from] item: Leftovers
|upkeep
|turn|7
|
|t:|1685825308
|move|p2a: Slowbro|Psychic|p1a: Clodsire
|-supereffective|p1a: Clodsire
|-damage|p1a: Clodsire|25/100
|move|p1a: Clodsire|Recover|p1a: Clodsire
|-heal|p1a: Clodsire|75/100
|
|-heal|p1a: Clodsire|82/100|[from] item: Leftovers
|upkeep
|turn|8
|
|t:|1685825315
|move|p2a: Slowbro|Psychic|p1a: Clodsire
|-supereffective|p1a: Clodsire
|-damage|p1a: Clodsire|36/100
|move|p1a: Clodsire|Earthquake|p2a: Slowbro
|-supereffective|p2a: Slowbro
|-damage|p2a: Slowbro|40/100
|
|-heal|p1a: Clodsire|43/100|[from] item: Leftovers
|upkeep
|turn|9
|
|t:|1685825318
|move|p2a: Slowbro|Psychic|p1a: Clodsire
|-supereffective|p1a: Clodsire
|-damage|p1a: Clodsire|0 fnt
|faint|p1a: Clodsire
|
|upkeep
|
|t:|1685825325
|switch|p1a: Urshifu|Urshifu-Rapid-Strike, F|100/100
|turn|10
|
|t:|1685825327
|move|p1a: Urshifu|Surging Strikes|p2a: Slowbro
|-crit|p2a: Slowbro
|-damage|p2a: Slowbro|17/100
|-crit|p2a: Slowbro
|-damage|p2a: Slowbro|0 fnt
|faint|p2a: Slowbro
|-hitcount|p2: Slowbro|2
|
|upkeep
|
|t:|1685825332
|switch|p2a: Urshifu|Urshifu-Rapid-Strike, F|100/100
|-damage|p2a: Urshifu|94/100|[from] Stealth Rock
|turn|11
|
|t:|1685825338
|move|p1a: Urshifu|Close Combat|p2a: Urshifu
|-damage|p2a: Urshifu|34/100
|-unboost|p1a: Urshifu|def|1
|-unboost|p1a: Urshifu|spd|1
|move|p2a: Urshifu|Bulk Up|p2a: Urshifu
|-boost|p2a: Urshifu|atk|1
|-boost|p2a: Urshifu|def|1
|
|-heal|p2a: Urshifu|40/100|[from] item: Leftovers
|upkeep
|turn|12
|
|t:|1685825343
|switch|p1a: Dragapult|Dragapult, F|100/100
|move|p2a: Urshifu|Surging Strikes|p1a: Dragapult
|-resisted|p1a: Dragapult
|-crit|p1a: Dragapult
|-damage|p1a: Dragapult|79/100
|-resisted|p1a: Dragapult
|-crit|p1a: Dragapult
|-damage|p1a: Dragapult|56/100
|-resisted|p1a: Dragapult
|-crit|p1a: Dragapult
|-damage|p1a: Dragapult|34/100
|-hitcount|p1a: Dragapult|3
|
|-heal|p1a: Dragapult|40/100|[from] item: Leftovers
|-heal|p2a: Urshifu|47/100|[from] item: Leftovers
|upkeep
|turn|13
|
|t:|1685825351
|move|p1a: Dragapult|Dragon Darts|p2a: Urshifu
|-damage|p2a: Urshifu|30/100
|-anim|p1a: Dragapult|Dragon Darts|p2a: Urshifu
|-damage|p2a: Urshifu|13/100
|move|p2a: Urshifu|Ice Spinner|p1a: Dragapult
|-supereffective|p1a: Dragapult
|-damage|p1a: Dragapult|0 fnt
|faint|p1a: Dragapult
|
|-heal|p2a: Urshifu|19/100|[from] item: Leftovers
|upkeep
|
|t:|1685825357
|switch|p1a: Lilligant|Lilligant-Hisui, F|100/100
|turn|14
|
|t:|1685825362
|switch|p2a: Corviknight|Corviknight, M, shiny|86/100
|-damage|p2a: Corviknight|73/100|[from] Stealth Rock
|-ability|p2a: Corviknight|Pressure
|move|p1a: Lilligant|Leaf Blade|p2a: Corviknight
|-resisted|p2a: Corviknight
|-damage|p2a: Corviknight|63/100
|
|-heal|p2a: Corviknight|69/100|[from] item: Leftovers
|upkeep
|turn|15
|
|t:|1685825367
|switch|p1a: Great Tusk|Great Tusk|100/100
|-enditem|p1a: Great Tusk|Booster Energy
|-activate|p1a: Great Tusk|ability: Protosynthesis|[fromitem]
|-start|p1a: Great Tusk|protosynthesisatk
|move|p2a: Corviknight|Defog|p1a: Great Tusk
|-unboost|p1a: Great Tusk|evasion|1
|-sideend|p2: rewa00|Stealth Rock|[from] move: Defog|[of] p2a: Corviknight
|
|-heal|p2a: Corviknight|76/100|[from] item: Leftovers
|upkeep
|turn|16
|
|t:|1685825374
|move|p1a: Great Tusk|Rapid Spin|p2a: Corviknight
|-resisted|p2a: Corviknight
|-damage|p2a: Corviknight|69/100
|-boost|p1a: Great Tusk|spe|1
|move|p2a: Corviknight|Body Press|p1a: Great Tusk
|-damage|p1a: Great Tusk|81/100
|
|-heal|p2a: Corviknight|75/100|[from] item: Leftovers
|upkeep
|turn|17
|
|t:|1685825377
|move|p1a: Great Tusk|Ice Spinner|p2a: Corviknight
|-damage|p2a: Corviknight|53/100
|move|p2a: Corviknight|Roost|p2a: Corviknight
|-heal|p2a: Corviknight|100/100
|-singleturn|p2a: Corviknight|move: Roost
|
|upkeep
|turn|18
|
|t:|1685825382
|move|p1a: Great Tusk|Close Combat|p2a: Corviknight
|-damage|p2a: Corviknight|51/100
|-unboost|p1a: Great Tusk|def|1
|-unboost|p1a: Great Tusk|spd|1
|move|p2a: Corviknight|Body Press|p1a: Great Tusk
|-damage|p1a: Great Tusk|53/100
|
|-heal|p2a: Corviknight|57/100|[from] item: Leftovers
|upkeep
|turn|19
|
|t:|1685825386
|move|p1a: Great Tusk|Close Combat|p2a: Corviknight
|-damage|p2a: Corviknight|2/100
|-unboost|p1a: Great Tusk|def|1
|-unboost|p1a: Great Tusk|spd|1
|move|p2a: Corviknight|Roost|p2a: Corviknight
|-heal|p2a: Corviknight|52/100
|-singleturn|p2a: Corviknight|move: Roost
|
|-heal|p2a: Corviknight|58/100|[from] item: Leftovers
|upkeep
|turn|20
|
|t:|1685825391
|move|p1a: Great Tusk|Close Combat|p2a: Corviknight
|-damage|p2a: Corviknight|8/100
|-unboost|p1a: Great Tusk|def|1
|-unboost|p1a: Great Tusk|spd|1
|move|p2a: Corviknight|Roost|p2a: Corviknight
|-heal|p2a: Corviknight|58/100
|-singleturn|p2a: Corviknight|move: Roost
|
|-heal|p2a: Corviknight|64/100|[from] item: Leftovers
|upkeep
|turn|21
|
|t:|1685825394
|move|p1a: Great Tusk|Close Combat|p2a: Corviknight
|-damage|p2a: Corviknight|16/100
|-unboost|p1a: Great Tusk|def|1
|-unboost|p1a: Great Tusk|spd|1
|move|p2a: Corviknight|Body Press|p1a: Great Tusk
|-damage|p1a: Great Tusk|0 fnt
|faint|p1a: Great Tusk
|-end|p1a: Great Tusk|Protosynthesis|[silent]
|
|-heal|p2a: Corviknight|22/100|[from] item: Leftovers
|upkeep
|
|t:|1685825400
|switch|p1a: Lilligant|Lilligant-Hisui, F|100/100
|turn|22
|
|t:|1685825404
|move|p1a: Lilligant|Victory Dance|p1a: Lilligant
|-boost|p1a: Lilligant|atk|1
|-boost|p1a: Lilligant|def|1
|-boost|p1a: Lilligant|spe|1
|move|p2a: Corviknight|Roost|p2a: Corviknight
|-heal|p2a: Corviknight|72/100
|-singleturn|p2a: Corviknight|move: Roost
|
|-heal|p2a: Corviknight|79/100|[from] item: Leftovers
|upkeep
|turn|23
|
|t:|1685825406
|move|p1a: Lilligant|Victory Dance|p1a: Lilligant
|-boost|p1a: Lilligant|atk|1
|-boost|p1a: Lilligant|def|1
|-boost|p1a: Lilligant|spe|1
|move|p2a: Corviknight|U-turn|p1a: Lilligant
|-damage|p1a: Lilligant|88/100
|
|t:|1685825408
|switch|p2a: Thundurus|Thundurus-Therian, M|100/100|[from] U-turn
|
|upkeep
|turn|24
|
|t:|1685825413
|move|p1a: Lilligant|Ice Spinner|p2a: Thundurus
|-supereffective|p2a: Thundurus
|-crit|p2a: Thundurus
|-damage|p2a: Thundurus|0 fnt
|faint|p2a: Thundurus
|
|upkeep
|
|t:|1685825418
|switch|p2a: Urshifu|Urshifu-Rapid-Strike, F|19/100
|turn|25
|
|t:|1685825421
|move|p1a: Lilligant|Leaf Blade|p2a: Urshifu
|-supereffective|p2a: Urshifu
|-damage|p2a: Urshifu|0 fnt
|faint|p2a: Urshifu
|
|upkeep
|
|t:|1685825426
|switch|p2a: Corviknight|Corviknight, M, shiny|79/100
|-ability|p2a: Corviknight|Pressure
|turn|26
|
|t:|1685825429
|move|p1a: Lilligant|Close Combat|p2a: Corviknight
|-damage|p2a: Corviknight|0 fnt
|-unboost|p1a: Lilligant|def|1
|-unboost|p1a: Lilligant|spd|1
|faint|p2a: Corviknight
|
|upkeep
|
|t:|1685825432
|switch|p2a: Meowscarada|Meowscarada, M|88/100
|turn|27
|
|t:|1685825436
|move|p1a: Lilligant|Close Combat|p2a: Meowscarada
|-supereffective|p2a: Meowscarada
|-damage|p2a: Meowscarada|0 fnt
|-unboost|p1a: Lilligant|def|1
|-unboost|p1a: Lilligant|spd|1
|faint|p2a: Meowscarada
|
|win|Bendume
|raw|Bendume's rating: 1414 → 1431(+17 for winning)
|raw|rewa00's rating: 1370 → 1353(-17 for losing)
|l|☆rewa00
