|j|☆tomebreaker
|j|☆Obana
|inactive|Battle timer is ON: inactive players will automatically lose when time's up.
|t:|1685819403
|gametype|singles
|player|p1|tomebreaker|yellow|
|player|p2|Obana|swimmerm-gen2|
|teamsize|p1|6
|teamsize|p2|6
|gen|9
|tier|[Gen 9] OU
|rated|Tournament battle
|rule|Sleep Clause Mod: Limit one foe put to sleep
|rule|Species Clause: Limit one of each Pokémon
|rule|OHKO Clause: OHKO moves are banned
|rule|Evasion Items Clause: Evasion items are banned
|rule|Evasion Moves Clause: Evasion moves are banned
|rule|Endless Battle Clause: Forcing endless battles is banned
|rule|HP Percentage Mod: HP is shown in percentages
|clearpoke
|poke|p1|Sneasler, F|
|poke|p1|Magearna|
|poke|p1|Zamazenta-*|
|poke|p1|Volcarona, F|
|poke|p1|Ursaluna, F|
|poke|p1|Grimmsnarl, M|
|poke|p2|Roaring Moon|
|poke|p2|Dragapult, F|
|poke|p2|Glimmora, F|
|poke|p2|Volcarona, F|
|poke|p2|Iron Valiant|
|poke|p2|Magearna|
|teampreview
|inactive|tomebreaker also wants the timer to be on.
|inactive|Obana also wants the timer to be on.
|j| opium ovulator
|j| donkkut
|j| Bradley Chadster
|c|☆Obana|hf
|j| zeitera
|c|☆tomebreaker|u2
|j| Yuggy
|j| Thick and Creamy
|j| jellll
|
|t:|1685819430
|start
|switch|p1a: Grimmsnarl|Grimmsnarl, M|100/100
|switch|p2a: Glimm Shady|Glimmora, F|100/100
|turn|1
|
|t:|1685819440
|move|p1a: Grimmsnarl|Light Screen|p1a: Grimmsnarl
|-sidestart|p1: tomebreaker|move: Light Screen
|move|p2a: Glimm Shady|Stealth Rock|p1a: Grimmsnarl
|-sidestart|p1: tomebreaker|move: Stealth Rock
|
|upkeep
|turn|2
|
|t:|1685819443
|move|p1a: Grimmsnarl|Reflect|p1a: Grimmsnarl
|-sidestart|p1: tomebreaker|Reflect
|move|p2a: Glimm Shady|Mortal Spin|p1a: Grimmsnarl
|-supereffective|p1a: Grimmsnarl
|-damage|p1a: Grimmsnarl|96/100
|-status|p1a: Grimmsnarl|psn
|
|-damage|p1a: Grimmsnarl|83/100 psn|[from] psn
|upkeep
|turn|3
|
|t:|1685819449
|move|p1a: Grimmsnarl|Parting Shot|p2a: Glimm Shady
|-unboost|p2a: Glimm Shady|atk|1
|-unboost|p2a: Glimm Shady|spa|1
|
|t:|1685819469
|switch|p1a: Magearna|Magearna|100/100|[from] Parting Shot
|-damage|p1a: Magearna|95/100|[from] Stealth Rock
|move|p2a: Glimm Shady|Mortal Spin|p1a: Magearna
|-immune|p1a: Magearna
|
|-heal|p1a: Magearna|100/100|[from] item: Leftovers
|upkeep
|turn|4
|
|t:|1685819482
|switch|p2a: Skill™|Magearna|100/100
|move|p1a: Magearna|Shift Gear|p1a: Magearna
|-boost|p1a: Magearna|spe|2
|-boost|p1a: Magearna|atk|1
|
|upkeep
|turn|5
|c| Thick and Creamy|the only magerna counter
|c| Thick and Creamy|a bigger magerna
|j| splarmer
|c| Thick and Creamy|yes
|c|☆Obana|rea;
|c|☆Obana|real
|
|t:|1685819500
|move|p1a: Magearna|Stored Power|p2a: Skill™
|-resisted|p2a: Skill™
|-damage|p2a: Skill™|87/100
|move|p2a: Skill™|Shift Gear|p2a: Skill™
|-boost|p2a: Skill™|spe|2
|-boost|p2a: Skill™|atk|1
|
|-heal|p2a: Skill™|93/100|[from] item: Leftovers
|upkeep
|turn|6
|
|t:|1685819505
|move|p2a: Skill™|Encore|p1a: Magearna
|-start|p1a: Magearna|Encore
|move|p1a: Magearna|Stored Power|p2a: Skill™
|-resisted|p2a: Skill™
|-damage|p2a: Skill™|77/100
|
|-heal|p2a: Skill™|83/100|[from] item: Leftovers
|upkeep
|turn|7
|c| jellll|oh shit encore
|j| Mikirae69
|c| Thick and Creamy|the hidden tech
|
|t:|1685819525
|switch|p1a: Sneasler|Sneasler, F|100/100
|-damage|p1a: Sneasler|95/100|[from] Stealth Rock
|-item|p1a: Sneasler|Air Balloon
|move|p2a: Skill™|Ice Beam|p1a: Sneasler
|-damage|p1a: Sneasler|73/100
|-enditem|p1a: Sneasler|Air Balloon
|
|-heal|p2a: Skill™|89/100|[from] item: Leftovers
|upkeep
|turn|8
|
|t:|1685819533
|-terastallize|p2a: Skill™|Ground
|move|p1a: Sneasler|Close Combat|p2a: Skill™
|-damage|p2a: Skill™|21/100
|-unboost|p1a: Sneasler|def|1
|-unboost|p1a: Sneasler|spd|1
|move|p2a: Skill™|Tera Blast|p1a: Sneasler
|-supereffective|p1a: Sneasler
|-damage|p1a: Sneasler|0 fnt
|faint|p1a: Sneasler
|-ability|p2a: Skill™|Soul-Heart|boost
|-boost|p2a: Skill™|spa|1
|
|-heal|p2a: Skill™|27/100|[from] item: Leftovers
|-sideend|p1: tomebreaker|move: Light Screen
|upkeep
|
|t:|1685819545
|switch|p1a: Grimmsnarl|Grimmsnarl, M|83/100 psn
|-damage|p1a: Grimmsnarl|71/100 psn|[from] Stealth Rock
|turn|9
|c| Thick and Creamy|when the magerna switches to physical and then back to special
|
|t:|1685819551
|move|p1a: Grimmsnarl|Light Screen|p1a: Grimmsnarl
|-sidestart|p1: tomebreaker|move: Light Screen
|move|p2a: Skill™|Encore|p1a: Grimmsnarl
|-start|p1a: Grimmsnarl|Encore
|
|-heal|p2a: Skill™|33/100|[from] item: Leftovers
|-damage|p1a: Grimmsnarl|58/100 psn|[from] psn
|-sideend|p1: tomebreaker|Reflect
|upkeep
|turn|10
|
|t:|1685819560
|switch|p1a: Zamazenta|Zamazenta|100/100
|-damage|p1a: Zamazenta|94/100|[from] Stealth Rock
|-ability|p1a: Zamazenta|Dauntless Shield|boost
|-boost|p1a: Zamazenta|def|1
|move|p2a: Skill™|Tera Blast|p1a: Zamazenta
|-damage|p1a: Zamazenta|64/100
|
|-heal|p2a: Skill™|40/100|[from] item: Leftovers
|-heal|p1a: Zamazenta|70/100|[from] item: Leftovers
|upkeep
|turn|11
|
|t:|1685819566
|switch|p2a: Dreepy Airlines|Dragapult, F|100/100
|move|p1a: Zamazenta|Body Press|p2a: Dreepy Airlines
|-immune|p2a: Dreepy Airlines
|
|-heal|p1a: Zamazenta|76/100|[from] item: Leftovers
|upkeep
|turn|12
|
|t:|1685819573
|switch|p1a: Grimmsnarl|Grimmsnarl, M|58/100 psn
|-damage|p1a: Grimmsnarl|46/100 psn|[from] Stealth Rock
|move|p2a: Dreepy Airlines|Will-O-Wisp||[still]
|-fail|p2a: Dreepy Airlines
|
|-damage|p1a: Grimmsnarl|33/100 psn|[from] psn
|upkeep
|turn|13
|
|t:|1685819576
|move|p1a: Grimmsnarl|Taunt|p2a: Dreepy Airlines
|-start|p2a: Dreepy Airlines|move: Taunt
|cant|p2a: Dreepy Airlines|move: Taunt|Reflect
|
|-damage|p1a: Grimmsnarl|21/100 psn|[from] psn
|upkeep
|turn|14
|j| jefo
|
|t:|1685819581
|switch|p2a: Skill™|Magearna, tera:Ground|40/100
|move|p1a: Grimmsnarl|Reflect|p1a: Grimmsnarl
|-sidestart|p1: tomebreaker|Reflect
|
|-heal|p2a: Skill™|46/100|[from] item: Leftovers
|-damage|p1a: Grimmsnarl|9/100 psn|[from] psn
|upkeep
|turn|15
|
|t:|1685819590
|switch|p2a: 3100 BC Croissant|Roaring Moon|100/100
|move|p1a: Grimmsnarl|Taunt|p2a: 3100 BC Croissant
|-hint|Since gen 7, Dark is immune to Prankster moves.
|-immune|p2a: 3100 BC Croissant
|
|-damage|p1a: Grimmsnarl|0 fnt|[from] psn
|faint|p1a: Grimmsnarl
|upkeep
|c| Thick and Creamy|didn't know screens were the defacto in this meta rn
|c| Thick and Creamy|notes taken
|c|☆Obana|screens are great
|inactive|tomebreaker has 120 seconds left.
|c| zeitera|screens are busted, enable all the set up sweepers in meta rn
|
|t:|1685819632
|switch|p1a: Magearna|Magearna|100/100
|-damage|p1a: Magearna|95/100|[from] Stealth Rock
|turn|16
|
|t:|1685819636
|move|p2a: 3100 BC Croissant|Taunt|p1a: Magearna
|-start|p1a: Magearna|move: Taunt
|cant|p1a: Magearna|move: Taunt|Shift Gear
|
|-heal|p1a: Magearna|100/100|[from] item: Leftovers
|-sideend|p1: tomebreaker|move: Light Screen
|upkeep
|turn|17
|
|t:|1685819641
|-end|p2a: 3100 BC Croissant|Protosynthesis|[silent]
|switch|p2a: Glimm Shady|Glimmora, F|100/100
|move|p1a: Magearna|Draining Kiss|p2a: Glimm Shady
|-resisted|p2a: Glimm Shady
|-damage|p2a: Glimm Shady|80/100
|
|upkeep
|turn|18
|c| splarmer|gen 9 wildin
|inactive|tomebreaker has 120 seconds left.
|c| Thick and Creamy|ursaluna the only mon that doesn't need belly drum but has it
|c|☆Obana|bro i wish i remembered to switch onto my main before entering this tourney LMAO
|
|t:|1685819675
|switch|p1a: Volcarona|Volcarona, F|100/100
|move|p2a: Glimm Shady|Earth Power|p1a: Volcarona
|-damage|p1a: Volcarona|69/100
|
|upkeep
|turn|19
|
|t:|1685819681
|move|p1a: Volcarona|Quiver Dance|p1a: Volcarona
|-boost|p1a: Volcarona|spa|1
|-boost|p1a: Volcarona|spd|1
|-boost|p1a: Volcarona|spe|1
|move|p2a: Glimm Shady|Mortal Spin|p1a: Volcarona
|-damage|p1a: Volcarona|65/100
|-status|p1a: Volcarona|psn
|
|-damage|p1a: Volcarona|53/100 psn|[from] psn
|upkeep
|turn|20
|inactive|tomebreaker has 120 seconds left.
|j| NightLarry
|j| hkhlkjhj
|inactive|Obana has 120 seconds left.
|inactive|Obana has 90 seconds left.
|j|#SetsuStsna
|
|t:|1685819751
|move|p1a: Volcarona|Quiver Dance|p1a: Volcarona
|-boost|p1a: Volcarona|spa|1
|-boost|p1a: Volcarona|spd|1
|-boost|p1a: Volcarona|spe|1
|move|p2a: Glimm Shady|Earth Power|p1a: Volcarona
|-damage|p1a: Volcarona|37/100 psn
|
|-damage|p1a: Volcarona|24/100 psn|[from] psn
|upkeep
|turn|21
|
|t:|1685819756
|move|p1a: Volcarona|Giga Drain|p2a: Glimm Shady
|-damage|p2a: Glimm Shady|5/100
|-heal|p1a: Volcarona|61/100 psn|[from] drain|[of] p2a: Glimm Shady
|move|p2a: Glimm Shady|Earth Power|p1a: Volcarona
|-crit|p1a: Volcarona
|-damage|p1a: Volcarona|16/100 psn
|
|-damage|p1a: Volcarona|3/100 psn|[from] psn
|-sideend|p1: tomebreaker|Reflect
|upkeep
|turn|22
|c|☆Obana|mb
|
|t:|1685819765
|move|p1a: Volcarona|Giga Drain|p2a: Glimm Shady
|-damage|p2a: Glimm Shady|0 fnt
|-heal|p1a: Volcarona|6/100 psn|[from] drain|[of] p2a: Glimm Shady
|faint|p2a: Glimm Shady
|
|-damage|p1a: Volcarona|0 fnt|[from] psn
|faint|p1a: Volcarona
|upkeep
|l| jefo
|inactive|Obana has 90 seconds left.
|
|t:|1685819792
|switch|p1a: Ursaluna|Ursaluna, F|100/100
|switch|p2a: Skill™|Magearna, tera:Ground|46/100
|-damage|p1a: Ursaluna|94/100|[from] Stealth Rock
|turn|23
|inactive|Obana has 90 seconds left.
|
|t:|1685819802
|move|p2a: Skill™|Ice Beam|p1a: Ursaluna
|-supereffective|p1a: Ursaluna
|-damage|p1a: Ursaluna|29/100
|move|p1a: Ursaluna|Earthquake|p2a: Skill™
|-damage|p2a: Skill™|0 fnt
|faint|p2a: Skill™
|
|-status|p1a: Ursaluna|brn|[from] item: Flame Orb
|upkeep
|
|t:|1685819806
|switch|p2a: Dreepy Airlines|Dragapult, F|100/100
|turn|24
|
|t:|1685819814
|move|p2a: Dreepy Airlines|Reflect|p2a: Dreepy Airlines
|-sidestart|p2: Obana|Reflect
|move|p1a: Ursaluna|Swords Dance|p1a: Ursaluna
|-boost|p1a: Ursaluna|atk|2
|
|-damage|p1a: Ursaluna|22/100 brn|[from] brn
|upkeep
|turn|25
|
|t:|1685819818
|move|p2a: Dreepy Airlines|Light Screen|p2a: Dreepy Airlines
|-sidestart|p2: Obana|move: Light Screen
|move|p1a: Ursaluna|Earthquake|p2a: Dreepy Airlines
|-damage|p2a: Dreepy Airlines|0 fnt
|faint|p2a: Dreepy Airlines
|
|-damage|p1a: Ursaluna|16/100 brn|[from] brn
|upkeep
|c| Thick and Creamy|wait now that I think about it
|c| Thick and Creamy|under screens
|c| Thick and Creamy|luna is too thick
|c| Thick and Creamy|lmao
|inactive|Obana has 90 seconds left.
|
|t:|1685819847
|switch|p2a: Gardevade|Iron Valiant|100/100
|-enditem|p2a: Gardevade|Booster Energy
|-activate|p2a: Gardevade|ability: Quark Drive|[fromitem]
|-start|p2a: Gardevade|quarkdrivespe
|turn|26
|
|t:|1685819859
|move|p2a: Gardevade|Spirit Break|p1a: Ursaluna
|-damage|p1a: Ursaluna|0 fnt
|faint|p1a: Ursaluna
|
|upkeep
|j| jefo
|
|t:|1685819876
|switch|p1a: Magearna|Magearna|100/100
|-damage|p1a: Magearna|95/100|[from] Stealth Rock
|turn|27
|
|t:|1685819890
|move|p2a: Gardevade|Swords Dance|p2a: Gardevade
|-boost|p2a: Gardevade|atk|2
|move|p1a: Magearna|Shift Gear|p1a: Magearna
|-boost|p1a: Magearna|spe|2
|-boost|p1a: Magearna|atk|1
|
|-heal|p1a: Magearna|100/100|[from] item: Leftovers
|upkeep
|turn|28
|j| muddyswamppert
|l|#SetsuStsna
|inactive|Obana has 90 seconds left.
|
|t:|1685819943
|-terastallize|p1a: Magearna|Fairy
|move|p2a: Gardevade|Close Combat|p1a: Magearna
|-resisted|p1a: Magearna
|-damage|p1a: Magearna|46/100
|-unboost|p2a: Gardevade|def|1
|-unboost|p2a: Gardevade|spd|1
|move|p1a: Magearna|Shift Gear|p1a: Magearna
|-boost|p1a: Magearna|spe|2
|-boost|p1a: Magearna|atk|1
|
|-heal|p1a: Magearna|52/100|[from] item: Leftovers
|upkeep
|turn|29
|c|☆Obana|oh shit
|c|☆Obana|its tera fairy
|inactive|Obana has 60 seconds left.
|
|t:|1685819967
|-end|p2a: Gardevade|Quark Drive|[silent]
|switch|p2a: Pandemic|Volcarona, F|100/100
|move|p1a: Magearna|Draining Kiss|p2a: Pandemic
|-resisted|p2a: Pandemic
|-damage|p2a: Pandemic|91/100
|-heal|p1a: Magearna|60/100|[from] drain|[of] p2a: Pandemic
|
|-heal|p1a: Magearna|66/100|[from] item: Leftovers
|upkeep
|turn|30
|
|t:|1685819977
|move|p1a: Magearna|Calm Mind|p1a: Magearna
|-boost|p1a: Magearna|spa|1
|-boost|p1a: Magearna|spd|1
|move|p2a: Pandemic|Quiver Dance|p2a: Pandemic
|-boost|p2a: Pandemic|spa|1
|-boost|p2a: Pandemic|spd|1
|-boost|p2a: Pandemic|spe|1
|
|-heal|p1a: Magearna|72/100|[from] item: Leftovers
|upkeep
|turn|31
|j| JoeMan23
|
|t:|1685819984
|move|p1a: Magearna|Calm Mind|p1a: Magearna
|-boost|p1a: Magearna|spa|1
|-boost|p1a: Magearna|spd|1
|move|p2a: Pandemic|Quiver Dance|p2a: Pandemic
|-boost|p2a: Pandemic|spa|1
|-boost|p2a: Pandemic|spd|1
|-boost|p2a: Pandemic|spe|1
|
|-heal|p1a: Magearna|78/100|[from] item: Leftovers
|-sideend|p2: Obana|Reflect
|upkeep
|turn|32
|c|☆Obana|ok now its scary
|
|t:|1685819991
|move|p1a: Magearna|Calm Mind|p1a: Magearna
|-boost|p1a: Magearna|spa|1
|-boost|p1a: Magearna|spd|1
|move|p2a: Pandemic|Fiery Dance|p1a: Magearna
|-damage|p1a: Magearna|51/100
|
|-heal|p1a: Magearna|57/100|[from] item: Leftovers
|-sideend|p2: Obana|move: Light Screen
|upkeep
|turn|33
|c|☆Obana|i think i lost
|c| jellll|just crit
|
|t:|1685819996
|move|p1a: Magearna|Stored Power|p2a: Pandemic
|-damage|p2a: Pandemic|0 fnt
|faint|p2a: Pandemic
|-ability|p1a: Magearna|Soul-Heart|boost
|-boost|p1a: Magearna|spa|1
|
|-heal|p1a: Magearna|63/100|[from] item: Leftovers
|upkeep
|c|☆Obana|man fuck this mon lmao
|c|☆Obana|gg
|c|☆tomebreaker|Gg
|inactive|Obana has 90 seconds left.
|l| jellll
|c|☆Obana|cant believe i lost man... i knew i shoulda clicked spirit break
|-message|Obana forfeited.
|
|win|tomebreaker
|n|☆tomebreaker|tomebreaker
|n|☆Obana|obana
|n| opium ovulator|opiumovulator
|n| donkkut|donkkut
|n| Bradley Chadster|bradleychadster
|n| zeitera|zeitera
|n| Yuggy|yuggy
|n| Thick and Creamy|thickandcreamy
|n| splarmer|splarmer
|n| Mikirae69|mikirae69
|n| NightLarry|nightlarry
|n| hkhlkjhj|hkhlkjhj
|n| jefo|jefo
|n| muddyswamppert|muddyswamppert
|n| JoeMan23|joeman23
|l|☆Obana
|l| donkkut
|l| Bradley Chadster
|l| JoeMan23
|l| Mikirae69
|l| Thick and Creamy
|l| zeitera
|l| muddyswamppert
