|j|☆Kenetto108
|j|☆Dar800
|t:|1685818865
|gametype|singles
|player|p1|Kenetto108|lusamine-nihilego|1265
|player|p2|Dar800|n|1170
|teamsize|p1|6
|teamsize|p2|6
|gen|9
|tier|[Gen 9] OU
|rated|
|rule|Sleep Clause Mod: Limit one foe put to sleep
|rule|Species Clause: Limit one of each Pokémon
|rule|OHKO Clause: OHKO moves are banned
|rule|Evasion Items Clause: Evasion items are banned
|rule|Evasion Moves Clause: Evasion moves are banned
|rule|Endless Battle Clause: Forcing endless battles is banned
|rule|HP Percentage Mod: HP is shown in percentages
|clearpoke
|poke|p1|Chien-Pao|
|poke|p1|Great Tusk|
|poke|p1|Mew|
|poke|p1|Magearna|
|poke|p1|Iron Valiant|
|poke|p1|Lilligant-Hisui, F|
|poke|p2|Garchomp, M|
|poke|p2|Magearna|
|poke|p2|Corviknight, M|
|poke|p2|Sneasler, F|
|poke|p2|Walking Wake|
|poke|p2|Chien-Pao|
|teampreview
|inactive|Battle timer is ON: inactive players will automatically lose when time's up. (requested by Kenetto108)
|inactive|Kenetto108 has 120 seconds left.
|
|t:|1685818923
|start
|switch|p1a: Mew|Mew|100/100
|switch|p2a: Garchomp|Garchomp, M|100/100
|turn|1
|
|t:|1685818934
|move|p2a: Garchomp|Stealth Rock|p1a: Mew
|-sidestart|p1: Kenetto108|move: Stealth Rock
|move|p1a: Mew|Reflect|p1a: Mew
|-sidestart|p1: Kenetto108|Reflect
|
|upkeep
|turn|2
|
|t:|1685818947
|move|p2a: Garchomp|Earthquake|p1a: Mew
|-crit|p1a: Mew
|-damage|p1a: Mew|24/100
|-damage|p2a: Garchomp|91/100|[from] item: Life Orb
|move|p1a: Mew|Spikes|p2a: Garchomp
|-sidestart|p2: Dar800|Spikes
|
|upkeep
|turn|3
|
|t:|1685818970
|switch|p1a: Great Tusk|Great Tusk|100/100
|move|p2a: Garchomp|Earthquake|p1a: Great Tusk
|-damage|p1a: Great Tusk|79/100
|-damage|p2a: Garchomp|81/100|[from] item: Life Orb
|
|upkeep
|turn|4
|
|t:|1685818977
|move|p2a: Garchomp|Draco Meteor|p1a: Great Tusk
|-crit|p1a: Great Tusk
|-damage|p1a: Great Tusk|0 fnt
|-unboost|p2a: Garchomp|spa|2
|faint|p1a: Great Tusk
|-end|p1a: Great Tusk|Protosynthesis|[silent]
|-damage|p2a: Garchomp|71/100|[from] item: Life Orb
|
|upkeep
|
|t:|1685818982
|switch|p1a: Iron Valiant|Iron Valiant|100/100
|-damage|p1a: Iron Valiant|94/100|[from] Stealth Rock
|-enditem|p1a: Iron Valiant|Booster Energy
|-activate|p1a: Iron Valiant|ability: Quark Drive|[fromitem]
|-start|p1a: Iron Valiant|quarkdrivespe
|turn|5
|
|t:|1685819001
|switch|p2a: Corviknight|Corviknight, M|100/100
|-ability|p2a: Corviknight|Pressure
|move|p1a: Iron Valiant|Calm Mind|p1a: Iron Valiant
|-boost|p1a: Iron Valiant|spa|1
|-boost|p1a: Iron Valiant|spd|1
|
|upkeep
|turn|6
|
|t:|1685819012
|move|p1a: Iron Valiant|Thunderbolt|p2a: Corviknight
|-supereffective|p2a: Corviknight
|-crit|p2a: Corviknight
|-damage|p2a: Corviknight|0 fnt
|faint|p2a: Corviknight
|
|upkeep
|inactive|Dar800 has 120 seconds left.
|
|t:|1685819034
|switch|p2a: Magearna|Magearna|100/100
|-damage|p2a: Magearna|88/100|[from] Spikes
|turn|7
|
|t:|1685819041
|-terastallize|p1a: Iron Valiant|Electric
|move|p1a: Iron Valiant|Thunderbolt|p2a: Magearna
|-damage|p2a: Magearna|35/100
|move|p2a: Magearna|Shift Gear|p2a: Magearna
|-boost|p2a: Magearna|spe|2
|-boost|p2a: Magearna|atk|1
|
|-heal|p2a: Magearna|41/100|[from] item: Leftovers
|upkeep
|turn|8
|
|t:|1685819055
|-terastallize|p2a: Magearna|Fairy
|move|p1a: Iron Valiant|Thunderbolt|p2a: Magearna
|-damage|p2a: Magearna|0 fnt
|faint|p2a: Magearna
|
|-sideend|p1: Kenetto108|Reflect
|upkeep
|
|t:|1685819062
|switch|p2a: Sneasler|Sneasler, F|100/100
|-damage|p2a: Sneasler|88/100|[from] Spikes
|turn|9
|
|t:|1685819075
|move|p2a: Sneasler|Close Combat|p1a: Iron Valiant
|-damage|p1a: Iron Valiant|11/100
|-unboost|p2a: Sneasler|def|1
|-unboost|p2a: Sneasler|spd|1
|move|p1a: Iron Valiant|Moonblast|p2a: Sneasler
|-damage|p2a: Sneasler|0 fnt
|faint|p2a: Sneasler
|
|upkeep
|
|t:|1685819084
|switch|p2a: Chien-Pao|Chien-Pao|100/100
|-ability|p2a: Chien-Pao|Sword of Ruin
|turn|10
|
|t:|1685819089
|move|p2a: Chien-Pao|Sucker Punch||[still]
|-fail|p2a: Chien-Pao
|move|p1a: Iron Valiant|Encore|p2a: Chien-Pao
|-start|p2a: Chien-Pao|Encore
|
|upkeep
|turn|11
|
|t:|1685819098
|move|p2a: Chien-Pao|Sucker Punch||[still]
|-fail|p2a: Chien-Pao
|move|p1a: Iron Valiant|Calm Mind|p1a: Iron Valiant
|-boost|p1a: Iron Valiant|spa|1
|-boost|p1a: Iron Valiant|spd|1
|
|upkeep
|turn|12
|
|t:|1685819104
|switch|p2a: Walking Wake|Walking Wake|100/100
|-damage|p2a: Walking Wake|88/100|[from] Spikes
|move|p1a: Iron Valiant|Calm Mind|p1a: Iron Valiant
|-boost|p1a: Iron Valiant|spa|1
|-boost|p1a: Iron Valiant|spd|1
|
|upkeep
|turn|13
|
|t:|1685819120
|move|p1a: Iron Valiant|Moonblast|p2a: Walking Wake
|-supereffective|p2a: Walking Wake
|-damage|p2a: Walking Wake|0 fnt
|faint|p2a: Walking Wake
|-end|p2a: Walking Wake|Protosynthesis|[silent]
|
|upkeep
|
|t:|1685819125
|switch|p2a: Chien-Pao|Chien-Pao|100/100
|-ability|p2a: Chien-Pao|Sword of Ruin
|turn|14
|
|t:|1685819134
|move|p2a: Chien-Pao|Sucker Punch|p1a: Iron Valiant
|-damage|p1a: Iron Valiant|0 fnt
|faint|p1a: Iron Valiant
|-end|p1a: Iron Valiant|Quark Drive|[silent]
|
|upkeep
|
|t:|1685819142
|switch|p1a: Magearna|Magearna|100/100
|-damage|p1a: Magearna|94/100|[from] Stealth Rock
|turn|15
|
|t:|1685819153
|switch|p2a: Garchomp|Garchomp, M|71/100
|-damage|p2a: Garchomp|59/100|[from] Spikes
|move|p1a: Magearna|Ice Beam|p2a: Garchomp
|-supereffective|p2a: Garchomp
|-damage|p2a: Garchomp|0 fnt
|faint|p2a: Garchomp
|-ability|p1a: Magearna|Soul-Heart|boost
|-boost|p1a: Magearna|spa|1
|
|-heal|p1a: Magearna|100/100|[from] item: Leftovers
|upkeep
|-message|Dar800 forfeited.
|
|win|Kenetto108
|raw|Kenetto108's rating: 1265 → 1283(+18 for winning)
|raw|Dar800's rating: 1170 → 1152(-18 for losing)
|l|☆Dar800
