|j|☆ischatzmypants
|j|☆Pierdeligasx3
|t:|1685888191
|gametype|singles
|player|p1|ischatzmypants|169|1342
|player|p2|Pierdeligasx3|102|1446
|teamsize|p1|6
|teamsize|p2|6
|gen|9
|tier|[Gen 9] OU
|rated|
|rule|Sleep Clause Mod: Limit one foe put to sleep
|rule|Species Clause: Limit one of each Pokémon
|rule|OHKO Clause: OHKO moves are banned
|rule|Evasion Items Clause: Evasion items are banned
|rule|Evasion Moves Clause: Evasion moves are banned
|rule|Endless Battle Clause: Forcing endless battles is banned
|rule|HP Percentage Mod: HP is shown in percentages
|clearpoke
|poke|p1|Landorus-Therian, M|
|poke|p1|Magearna|
|poke|p1|Samurott-Hisui, F|
|poke|p1|Gholdengo|
|poke|p1|Great Tusk|
|poke|p1|Dragapult, M|
|poke|p2|Great Tusk|
|poke|p2|Baxcalibur, M|
|poke|p2|Iron Moth|
|poke|p2|Dragapult, M|
|poke|p2|Magearna|
|poke|p2|Zapdos|
|teampreview
|inactive|Battle timer is ON: inactive players will automatically lose when time's up. (requested by ischatzmypants)
|
|t:|1685888215
|start
|switch|p1a: Landorus|Landorus-Therian, M|100/100
|switch|p2a: Dragapult|Dragapult, M|100/100
|-ability|p1a: Landorus|Intimidate|boost
|-unboost|p2a: Dragapult|atk|1
|turn|1
|
|t:|1685888222
|switch|p2a: Zapdos|Zapdos|100/100
|move|p1a: Landorus|U-turn|p2a: Zapdos
|-resisted|p2a: Zapdos
|-damage|p2a: Zapdos|90/100
|
|t:|1685888233
|switch|p1a: Great Tusk|Great Tusk|100/100|[from] U-turn
|
|upkeep
|turn|2
|
|t:|1685888239
|move|p1a: Great Tusk|Stealth Rock|p2a: Zapdos
|-sidestart|p2: Pierdeligasx3|move: Stealth Rock
|move|p2a: Zapdos|U-turn|p1a: Great Tusk
|-resisted|p1a: Great Tusk
|-damage|p1a: Great Tusk|97/100
|-damage|p2a: Zapdos|74/100|[from] item: Rocky Helmet|[of] p1a: Great Tusk
|
|t:|1685888248
|switch|p2a: Dragapult|Dragapult, M|100/100|[from] U-turn
|-damage|p2a: Dragapult|88/100|[from] Stealth Rock
|
|upkeep
|turn|3
|
|t:|1685888257
|-end|p1a: Great Tusk|Protosynthesis|[silent]
|switch|p1a: Magearna|Magearna|100/100
|move|p2a: Dragapult|U-turn|p1a: Magearna
|-resisted|p1a: Magearna
|-damage|p1a: Magearna|98/100
|
|t:|1685888265
|switch|p2a: Iron Moth|Iron Moth|100/100|[from] U-turn
|-enditem|p2a: Iron Moth|Booster Energy
|-activate|p2a: Iron Moth|ability: Quark Drive|[fromitem]
|-start|p2a: Iron Moth|quarkdrivespa
|-damage|p2a: Iron Moth|76/100|[from] Stealth Rock
|
|-heal|p1a: Magearna|100/100|[from] item: Leftovers
|upkeep
|turn|4
|
|t:|1685888276
|move|p2a: Iron Moth|Fiery Dance|p1a: Magearna
|-supereffective|p1a: Magearna
|-damage|p1a: Magearna|0 fnt
|faint|p1a: Magearna
|
|upkeep
|
|t:|1685888280
|switch|p1a: Landorus|Landorus-Therian, M|100/100
|-ability|p1a: Landorus|Intimidate|boost
|-unboost|p2a: Iron Moth|atk|1
|turn|5
|
|t:|1685888286
|-end|p2a: Iron Moth|Quark Drive|[silent]
|switch|p2a: Zapdos|Zapdos|74/100
|move|p1a: Landorus|Stone Edge|p2a: Zapdos
|-supereffective|p2a: Zapdos
|-damage|p2a: Zapdos|14/100
|
|upkeep
|turn|6
|
|t:|1685888291
|switch|p1a: Great Tusk|Great Tusk|97/100
|move|p2a: Zapdos|Roost|p2a: Zapdos
|-heal|p2a: Zapdos|64/100
|-singleturn|p2a: Zapdos|move: Roost
|
|upkeep
|turn|7
|
|t:|1685888298
|move|p1a: Great Tusk|Knock Off|p2a: Zapdos
|-damage|p2a: Zapdos|42/100
|-enditem|p2a: Zapdos|Heavy-Duty Boots|[from] move: Knock Off|[of] p1a: Great Tusk
|move|p2a: Zapdos|U-turn|p1a: Great Tusk
|-resisted|p1a: Great Tusk
|-damage|p1a: Great Tusk|92/100
|-damage|p2a: Zapdos|26/100|[from] item: Rocky Helmet|[of] p1a: Great Tusk
|
|t:|1685888301
|switch|p2a: Great Tusk|Great Tusk|100/100|[from] U-turn
|-damage|p2a: Great Tusk|98/100|[from] Stealth Rock
|
|-heal|p2a: Great Tusk|100/100|[from] item: Leftovers
|upkeep
|turn|8
|
|t:|1685888308
|move|p2a: Great Tusk|Ice Spinner|p1a: Great Tusk
|-supereffective|p1a: Great Tusk
|-damage|p1a: Great Tusk|57/100
|-damage|p2a: Great Tusk|84/100|[from] item: Rocky Helmet|[of] p1a: Great Tusk
|move|p1a: Great Tusk|Earthquake|p2a: Great Tusk
|-damage|p2a: Great Tusk|52/100
|
|-heal|p2a: Great Tusk|58/100|[from] item: Leftovers
|upkeep
|turn|9
|
|t:|1685888317
|-end|p1a: Great Tusk|Protosynthesis|[silent]
|switch|p1a: Landorus|Landorus-Therian, M|100/100
|-ability|p1a: Landorus|Intimidate|boost
|-unboost|p2a: Great Tusk|atk|1
|move|p2a: Great Tusk|Rapid Spin|p1a: Landorus
|-damage|p1a: Landorus|87/100
|-boost|p2a: Great Tusk|spe|1
|-sideend|p2: Pierdeligasx3|Stealth Rock|[from] move: Rapid Spin|[of] p2a: Great Tusk
|
|-heal|p2a: Great Tusk|64/100|[from] item: Leftovers
|upkeep
|turn|10
|
|t:|1685888326
|-end|p2a: Great Tusk|Protosynthesis|[silent]
|switch|p2a: Zapdos|Zapdos|26/100
|move|p1a: Landorus|Earthquake|p2a: Zapdos
|-immune|p2a: Zapdos
|
|upkeep
|turn|11
|
|t:|1685888335
|switch|p1a: Dragapult|Dragapult, M|100/100
|move|p2a: Zapdos|Roost|p2a: Zapdos
|-heal|p2a: Zapdos|76/100
|-singleturn|p2a: Zapdos|move: Roost
|
|upkeep
|turn|12
|
|t:|1685888341
|move|p1a: Dragapult|Shadow Ball|p2a: Zapdos
|-damage|p2a: Zapdos|32/100
|move|p2a: Zapdos|U-turn|p1a: Dragapult
|-resisted|p1a: Dragapult
|-damage|p1a: Dragapult|91/100
|
|t:|1685888346
|switch|p2a: Baxcalibur|Baxcalibur, M|100/100|[from] U-turn
|
|upkeep
|turn|13
|
|t:|1685888353
|switch|p1a: Gholdengo|Gholdengo|100/100
|move|p2a: Baxcalibur|Dragon Dance|p2a: Baxcalibur
|-boost|p2a: Baxcalibur|atk|1
|-boost|p2a: Baxcalibur|spe|1
|
|upkeep
|turn|14
|
|t:|1685888359
|move|p2a: Baxcalibur|Earthquake|p1a: Gholdengo
|-supereffective|p1a: Gholdengo
|-damage|p1a: Gholdengo|0 fnt
|faint|p1a: Gholdengo
|
|upkeep
|
|t:|1685888363
|switch|p1a: Landorus|Landorus-Therian, M|87/100
|-ability|p1a: Landorus|Intimidate|boost
|-unboost|p2a: Baxcalibur|atk|1
|turn|15
|
|t:|1685888369
|switch|p1a: Samurott|Samurott-Hisui, F, shiny|100/100
|move|p2a: Baxcalibur|Dragon Dance|p2a: Baxcalibur
|-boost|p2a: Baxcalibur|atk|1
|-boost|p2a: Baxcalibur|spe|1
|
|upkeep
|turn|16
|
|t:|1685888374
|switch|p1a: Landorus|Landorus-Therian, M|87/100
|-ability|p1a: Landorus|Intimidate|boost
|-unboost|p2a: Baxcalibur|atk|1
|-terastallize|p2a: Baxcalibur|Ground
|move|p2a: Baxcalibur|Earthquake|p1a: Landorus
|-immune|p1a: Landorus
|
|upkeep
|turn|17
|
|t:|1685888389
|move|p2a: Baxcalibur|Dragon Dance|p2a: Baxcalibur
|-boost|p2a: Baxcalibur|atk|1
|-boost|p2a: Baxcalibur|spe|1
|move|p1a: Landorus|U-turn|p2a: Baxcalibur
|-damage|p2a: Baxcalibur|74/100
|
|t:|1685888399
|switch|p1a: Samurott|Samurott-Hisui, F, shiny|100/100|[from] U-turn
|
|upkeep
|turn|18
|
|t:|1685888405
|move|p2a: Baxcalibur|Earthquake|p1a: Samurott
|-damage|p1a: Samurott|0 fnt
|faint|p1a: Samurott
|
|upkeep
|
|t:|1685888408
|switch|p1a: Landorus|Landorus-Therian, M|87/100
|-ability|p1a: Landorus|Intimidate|boost
|-unboost|p2a: Baxcalibur|atk|1
|turn|19
|
|t:|1685888415
|move|p2a: Baxcalibur|Icicle Spear|p1a: Landorus
|-supereffective|p1a: Landorus
|-damage|p1a: Landorus|22/100
|-supereffective|p1a: Landorus
|-damage|p1a: Landorus|0 fnt
|faint|p1a: Landorus
|-hitcount|p1: Landorus|2
|
|upkeep
|-message|ischatzmypants forfeited.
|
|win|Pierdeligasx3
|raw|ischatzmypants's rating: 1342 → 1328(-14 for losing)
|raw|Pierdeligasx3's rating: 1446 → 1460(+14 for winning)
|l|☆ischatzmypants
