|j|☆dinodan017
|j|☆TBECurry
|t:|1685929527
|gametype|singles
|player|p1|dinodan017|lucas-gen4pt|1304
|player|p2|TBECurry|acetrainer-gen4dp|1393
|teamsize|p1|6
|teamsize|p2|6
|gen|9
|tier|[Gen 9] OU
|rated|
|rule|Sleep Clause Mod: Limit one foe put to sleep
|rule|Species Clause: Limit one of each Pokémon
|rule|OHKO Clause: OHKO moves are banned
|rule|Evasion Items Clause: Evasion items are banned
|rule|Evasion Moves Clause: Evasion moves are banned
|rule|Endless Battle Clause: Forcing endless battles is banned
|rule|HP Percentage Mod: HP is shown in percentages
|clearpoke
|poke|p1|Dragonite, M|
|poke|p1|Iron Valiant|
|poke|p1|Arcanine-Hisui, M|
|poke|p1|Amoonguss, F|
|poke|p1|Walking Wake|
|poke|p1|Torkoal, M|
|poke|p2|Chien-Pao|
|poke|p2|Samurott-Hisui, M|
|poke|p2|Zamazenta-*|
|poke|p2|Urshifu-*, F|
|poke|p2|Gholdengo|
|poke|p2|Heatran, M|
|teampreview
|inactive|Battle timer is ON: inactive players will automatically lose when time's up. (requested by TBECurry)
|
|t:|1685929551
|start
|switch|p1a: Iron Valiant|Iron Valiant|100/100
|switch|p2a: Samurott|Samurott-Hisui, M|100/100
|-enditem|p1a: Iron Valiant|Booster Energy
|-activate|p1a: Iron Valiant|ability: Quark Drive|[fromitem]
|-start|p1a: Iron Valiant|quarkdrivespe
|turn|1
|
|t:|1685929573
|move|p1a: Iron Valiant|Moonblast|p2a: Samurott
|-supereffective|p2a: Samurott
|-enditem|p2a: Samurott|Focus Sash
|-damage|p2a: Samurott|1/100
|-unboost|p2a: Samurott|spa|1
|move|p2a: Samurott|Ceaseless Edge|p1a: Iron Valiant
|-resisted|p1a: Iron Valiant
|-damage|p1a: Iron Valiant|85/100
|-sidestart|p1: dinodan017|Spikes
|
|upkeep
|turn|2
|
|t:|1685929582
|move|p2a: Samurott|Sucker Punch|p1a: Iron Valiant
|-resisted|p1a: Iron Valiant
|-damage|p1a: Iron Valiant|75/100
|move|p1a: Iron Valiant|Moonblast|p2a: Samurott
|-supereffective|p2a: Samurott
|-damage|p2a: Samurott|0 fnt
|faint|p2a: Samurott
|
|upkeep
|
|t:|1685929591
|switch|p2a: Heatran|Heatran, M|100/100
|turn|3
|inactive|dinodan017 has 120 seconds left.
|
|t:|1685929621
|move|p1a: Iron Valiant|Aura Sphere|p2a: Heatran
|-supereffective|p2a: Heatran
|-damage|p2a: Heatran|42/100
|move|p2a: Heatran|Magma Storm|p1a: Iron Valiant
|-damage|p1a: Iron Valiant|0 fnt
|faint|p1a: Iron Valiant
|-end|p1a: Iron Valiant|Quark Drive|[silent]
|
|-heal|p2a: Heatran|49/100|[from] item: Leftovers
|upkeep
|inactive|dinodan017 has 120 seconds left.
|
|t:|1685929629
|switch|p1a: Dinossauro|Walking Wake|100/100
|-damage|p1a: Dinossauro|88/100|[from] Spikes
|turn|4
|inactive|TBECurry has 120 seconds left.
|
|t:|1685929665
|move|p1a: Dinossauro|Hydro Steam|p2a: Heatran
|-supereffective|p2a: Heatran
|-damage|p2a: Heatran|0 fnt
|faint|p2a: Heatran
|
|upkeep
|
|t:|1685929672
|switch|p2a: Urshifu|Urshifu-Rapid-Strike, F|100/100
|turn|5
|
|t:|1685929678
|-end|p1a: Dinossauro|Protosynthesis|[silent]
|switch|p1a: Tartagira|Torkoal, M|100/100
|-damage|p1a: Tartagira|88/100|[from] Spikes
|-weather|SunnyDay|[from] ability: Drought|[of] p1a: Tartagira
|move|p2a: Urshifu|Swords Dance|p2a: Urshifu
|-boost|p2a: Urshifu|atk|2
|
|-weather|SunnyDay|[upkeep]
|upkeep
|turn|6
|
|t:|1685929696
|move|p2a: Urshifu|Trailblaze|p1a: Tartagira
|-resisted|p1a: Tartagira
|-damage|p1a: Tartagira|78/100
|-boost|p2a: Urshifu|spe|1
|move|p1a: Tartagira|Yawn|p2a: Urshifu
|-start|p2a: Urshifu|move: Yawn|[of] p1a: Tartagira
|
|-weather|SunnyDay|[upkeep]
|upkeep
|turn|7
|
|t:|1685929710
|switch|p1a: Amoonguss|Amoonguss, F|100/100
|-damage|p1a: Amoonguss|88/100|[from] Spikes
|move|p2a: Urshifu|Surging Strikes|p1a: Amoonguss
|-resisted|p1a: Amoonguss
|-crit|p1a: Amoonguss
|-damage|p1a: Amoonguss|76/100
|-resisted|p1a: Amoonguss
|-crit|p1a: Amoonguss
|-damage|p1a: Amoonguss|65/100
|-resisted|p1a: Amoonguss
|-crit|p1a: Amoonguss
|-damage|p1a: Amoonguss|54/100
|-hitcount|p1a: Amoonguss|3
|
|-weather|SunnyDay|[upkeep]
|-heal|p1a: Amoonguss|60/100|[from] item: Leftovers
|-end|p2a: Urshifu|move: Yawn|[silent]
|-status|p2a: Urshifu|slp
|upkeep
|turn|8
|
|t:|1685929724
|cant|p2a: Urshifu|slp
|move|p1a: Amoonguss|Giga Drain|p2a: Urshifu
|-supereffective|p2a: Urshifu
|-damage|p2a: Urshifu|30/100 slp
|-heal|p1a: Amoonguss|88/100|[from] drain|[of] p2a: Urshifu
|
|-weather|SunnyDay|[upkeep]
|-heal|p1a: Amoonguss|94/100|[from] item: Leftovers
|upkeep
|turn|9
|
|t:|1685929731
|-curestatus|p2a: Urshifu|slp|[msg]
|move|p2a: Urshifu|Close Combat|p1a: Amoonguss
|-resisted|p1a: Amoonguss
|-damage|p1a: Amoonguss|23/100
|-unboost|p2a: Urshifu|def|1
|-unboost|p2a: Urshifu|spd|1
|move|p1a: Amoonguss|Giga Drain|p2a: Urshifu
|-supereffective|p2a: Urshifu
|-damage|p2a: Urshifu|0 fnt
|-heal|p1a: Amoonguss|35/100|[from] drain|[of] p2a: Urshifu
|faint|p2a: Urshifu
|
|-weather|SunnyDay|[upkeep]
|-heal|p1a: Amoonguss|41/100|[from] item: Leftovers
|upkeep
|
|t:|1685929745
|switch|p2a: Chien-Pao|Chien-Pao|100/100
|-ability|p2a: Chien-Pao|Sword of Ruin
|turn|10
|
|t:|1685929771
|-terastallize|p2a: Chien-Pao|Dark
|move|p1a: Amoonguss|Protect|p1a: Amoonguss
|-singleturn|p1a: Amoonguss|Protect
|move|p2a: Chien-Pao|Crunch|p1a: Amoonguss
|-activate|p1a: Amoonguss|move: Protect
|
|-weather|SunnyDay|[upkeep]
|-heal|p1a: Amoonguss|47/100|[from] item: Leftovers
|upkeep
|turn|11
|inactive|dinodan017 has 120 seconds left.
|
|t:|1685929796
|switch|p1a: Arcanine|Arcanine-Hisui, M|100/100
|-damage|p1a: Arcanine|88/100|[from] Spikes
|move|p2a: Chien-Pao|Crunch|p1a: Arcanine
|-damage|p1a: Arcanine|0 fnt
|faint|p1a: Arcanine
|
|-weather|SunnyDay|[upkeep]
|upkeep
|
|t:|1685929809
|switch|p1a: Dragonite|Dragonite, M, shiny|100/100
|turn|12
|
|t:|1685929814
|move|p2a: Chien-Pao|Crunch|p1a: Dragonite
|-damage|p1a: Dragonite|52/100
|move|p1a: Dragonite|Dragon Dance|p1a: Dragonite
|-boost|p1a: Dragonite|atk|1
|-boost|p1a: Dragonite|spe|1
|
|-weather|none
|upkeep
|turn|13
|inactive|dinodan017 has 120 seconds left.
|
|t:|1685929821
|-terastallize|p1a: Dragonite|Normal
|move|p1a: Dragonite|Extreme Speed|p2a: Chien-Pao
|-damage|p2a: Chien-Pao|8/100
|move|p2a: Chien-Pao|Crunch|p1a: Dragonite
|-damage|p1a: Dragonite|0 fnt
|faint|p1a: Dragonite
|
|upkeep
|inactive|dinodan017 has 120 seconds left.
|
|t:|1685929827
|switch|p1a: Tartagira|Torkoal, M|78/100
|-damage|p1a: Tartagira|66/100|[from] Spikes
|-weather|SunnyDay|[from] ability: Drought|[of] p1a: Tartagira
|turn|14
|
|t:|1685929834
|move|p2a: Chien-Pao|Crunch|p1a: Tartagira
|-damage|p1a: Tartagira|3/100
|move|p1a: Tartagira|Eruption|p2a: Chien-Pao
|-damage|p2a: Chien-Pao|5/100
|
|-weather|SunnyDay|[upkeep]
|upkeep
|turn|15
|c|☆TBECurry|lol
|
|t:|1685929845
|move|p2a: Chien-Pao|Crunch|p1a: Tartagira
|-damage|p1a: Tartagira|0 fnt
|faint|p1a: Tartagira
|
|-weather|SunnyDay|[upkeep]
|upkeep
|
|t:|1685929849
|switch|p1a: Dinossauro|Walking Wake|88/100
|-damage|p1a: Dinossauro|76/100|[from] Spikes
|-activate|p1a: Dinossauro|ability: Protosynthesis
|-start|p1a: Dinossauro|protosynthesisspe
|turn|16
|
|t:|1685929864
|switch|p2a: Gholdengo|Gholdengo|100/100
|move|p1a: Dinossauro|Flamethrower|p2a: Gholdengo
|-supereffective|p2a: Gholdengo
|-damage|p2a: Gholdengo|0 fnt
|faint|p2a: Gholdengo
|
|-weather|SunnyDay|[upkeep]
|upkeep
|
|t:|1685929879
|switch|p2a: Chien-Pao|Chien-Pao, tera:Dark|5/100
|-ability|p2a: Chien-Pao|Sword of Ruin
|turn|17
|
|t:|1685929885
|-end|p1a: Dinossauro|Protosynthesis|[silent]
|switch|p1a: Amoonguss|Amoonguss, F|80/100
|-damage|p1a: Amoonguss|68/100|[from] Spikes
|move|p2a: Chien-Pao|Ice Shard|p1a: Amoonguss
|-supereffective|p1a: Amoonguss
|-crit|p1a: Amoonguss
|-damage|p1a: Amoonguss|0 fnt
|faint|p1a: Amoonguss
|
|-weather|SunnyDay|[upkeep]
|upkeep
|
|t:|1685929891
|switch|p1a: Dinossauro|Walking Wake|76/100
|-damage|p1a: Dinossauro|63/100|[from] Spikes
|-activate|p1a: Dinossauro|ability: Protosynthesis
|-start|p1a: Dinossauro|protosynthesisspe
|turn|18
|
|t:|1685929897
|move|p2a: Chien-Pao|Ice Shard|p1a: Dinossauro
|-damage|p1a: Dinossauro|24/100
|move|p1a: Dinossauro|Flamethrower|p2a: Chien-Pao
|-damage|p2a: Chien-Pao|0 fnt
|faint|p2a: Chien-Pao
|
|-weather|SunnyDay|[upkeep]
|upkeep
|
|t:|1685929904
|switch|p2a: Zamazenta|Zamazenta-Crowned|100/100
|-ability|p2a: Zamazenta|Dauntless Shield|boost
|-boost|p2a: Zamazenta|def|1
|turn|19
|
|t:|1685929909
|move|p1a: Dinossauro|Flamethrower|p2a: Zamazenta
|-supereffective|p2a: Zamazenta
|-damage|p2a: Zamazenta|0 fnt
|faint|p2a: Zamazenta
|
|win|dinodan017
|raw|dinodan017's rating: 1304 → 1329(+25 for winning)
|raw|TBECurry's rating: 1393 → 1368(-25 for losing)
|l|☆TBECurry
