|j|☆IAMK4M1
|j|☆Loaken
|t:|1685905765
|gametype|singles
|player|p1|IAMK4M1|sada-ai|1110
|player|p2|Loaken|1|1186
|teamsize|p1|6
|teamsize|p2|6
|gen|9
|tier|[Gen 9] OU
|rated|
|rule|Sleep Clause Mod: Limit one foe put to sleep
|rule|Species Clause: Limit one of each Pokémon
|rule|OHKO Clause: OHKO moves are banned
|rule|Evasion Items Clause: Evasion items are banned
|rule|Evasion Moves Clause: Evasion moves are banned
|rule|Endless Battle Clause: Forcing endless battles is banned
|rule|HP Percentage Mod: HP is shown in percentages
|clearpoke
|poke|p1|Enamorus, F|
|poke|p1|Arcanine-Hisui, F|
|poke|p1|Decidueye-Hisui, M|
|poke|p1|Lilligant-Hisui, F|
|poke|p1|Braviary-Hisui, M|
|poke|p1|Ting-Lu|
|poke|p2|Typhlosion-Hisui, M|
|poke|p2|Dragapult, M|
|poke|p2|Magearna|
|poke|p2|Urshifu-*, F|
|poke|p2|Zapdos|
|poke|p2|Great Tusk|
|teampreview
|inactive|Battle timer is ON: inactive players will automatically lose when time's up. (requested by IAMK4M1)
|
|t:|1685905784
|start
|switch|p1a: Enamorus|Enamorus, F, shiny|100/100
|switch|p2a: Zapdos|Zapdos|100/100
|turn|1
|c|☆IAMK4M1|why is everyone using typlosion
|
|t:|1685905798
|move|p1a: Enamorus|Superpower|p2a: Zapdos
|-resisted|p2a: Zapdos
|-damage|p2a: Zapdos|86/100
|-boost|p1a: Enamorus|atk|1
|-boost|p1a: Enamorus|def|1
|-status|p1a: Enamorus|par|[from] ability: Static|[of] p2a: Zapdos
|move|p2a: Zapdos|Heat Wave|p1a: Enamorus
|-damage|p1a: Enamorus|81/100 par
|
|upkeep
|turn|2
|
|t:|1685905810
|move|p2a: Zapdos|Volt Switch|p1a: Enamorus
|-supereffective|p1a: Enamorus
|-damage|p1a: Enamorus|35/100 par
|
|t:|1685905815
|switch|p2a: Magearna|Magearna|100/100|[from] Volt Switch
|move|p1a: Enamorus|Play Rough|p2a: Magearna
|-resisted|p2a: Magearna
|-damage|p2a: Magearna|79/100
|-unboost|p2a: Magearna|atk|1
|
|upkeep
|turn|3
|
|t:|1685905821
|move|p2a: Magearna|Volt Switch|p1a: Enamorus
|-supereffective|p1a: Enamorus
|-damage|p1a: Enamorus|2/100 par
|
|t:|1685905825
|switch|p2a: Zapdos|Zapdos|86/100|[from] Volt Switch
|move|p1a: Enamorus|Iron Head|p2a: Zapdos
|-resisted|p2a: Zapdos
|-damage|p2a: Zapdos|72/100
|
|upkeep
|turn|4
|
|t:|1685905829
|move|p2a: Zapdos|Volt Switch|p1a: Enamorus
|-supereffective|p1a: Enamorus
|-crit|p1a: Enamorus
|-damage|p1a: Enamorus|0 fnt
|faint|p1a: Enamorus
|
|t:|1685905834
|switch|p2a: Urshifu|Urshifu-Rapid-Strike, F|100/100|[from] Volt Switch
|
|upkeep
|c|☆IAMK4M1|nice strat bro
|c|☆IAMK4M1|so smart!!
|c|☆Loaken|Huh?
|
|t:|1685905849
|switch|p1a: Decidueye|Decidueye-Hisui, M, shiny|100/100
|turn|5
|c|☆IAMK4M1|are you braindead or sum
|
|t:|1685905863
|move|p2a: Urshifu|U-turn|p1a: Decidueye
|-damage|p1a: Decidueye|68/100
|c|☆IAMK4M1|omg
|
|t:|1685905875
|switch|p2a: Magearna|Magearna|79/100|[from] U-turn
|move|p1a: Decidueye|Trailblaze|p2a: Magearna
|-resisted|p2a: Magearna
|-damage|p2a: Magearna|70/100
|-boost|p1a: Decidueye|spe|1
|
|upkeep
|turn|6
|c|☆IAMK4M1|volt switch, volt switch, volt switch, u turn
|c|☆IAMK4M1|this is so fucking stupid
|
|t:|1685905898
|switch|p2a: Typhlosion|Typhlosion-Hisui, M|100/100
|move|p1a: Decidueye|Triple Arrows|p2a: Typhlosion
|-damage|p2a: Typhlosion|32/100
|-unboost|p2a: Typhlosion|def|1
|
|upkeep
|turn|7
|c|☆Loaken|Why are you raging?
|c|☆IAMK4M1|its stupid
|c|☆IAMK4M1|why else
|
|t:|1685905922
|switch|p2a: Dragapult|Dragapult, M|100/100
|move|p1a: Decidueye|Sucker Punch||[still]
|-fail|p1a: Decidueye
|
|upkeep
|turn|8
|
|t:|1685905931
|move|p2a: Dragapult|Dragon Darts|p1a: Decidueye
|-damage|p1a: Decidueye|41/100
|-anim|p2a: Dragapult|Dragon Darts|p1a: Decidueye
|-damage|p1a: Decidueye|15/100
|move|p1a: Decidueye|Trailblaze|p2a: Dragapult
|-resisted|p2a: Dragapult
|-damage|p2a: Dragapult|82/100
|-boost|p1a: Decidueye|spe|1
|
|-heal|p2a: Dragapult|88/100|[from] item: Leftovers
|upkeep
|turn|9
|
|t:|1685905936
|move|p1a: Decidueye|Sucker Punch|p2a: Dragapult
|-supereffective|p2a: Dragapult
|-damage|p2a: Dragapult|19/100
|move|p2a: Dragapult|Hex|p1a: Decidueye
|-damage|p1a: Decidueye|0 fnt
|faint|p1a: Decidueye
|
|-heal|p2a: Dragapult|25/100|[from] item: Leftovers
|upkeep
|
|t:|1685905951
|switch|p1a: Lilligant|Lilligant-Hisui, F, shiny|100/100
|turn|10
|c|☆Loaken|I mean, its just a game..
|
|t:|1685905961
|move|p2a: Dragapult|Will-O-Wisp|p1a: Lilligant
|-status|p1a: Lilligant|brn
|move|p1a: Lilligant|Victory Dance|p1a: Lilligant
|-boost|p1a: Lilligant|atk|1
|-boost|p1a: Lilligant|def|1
|-boost|p1a: Lilligant|spe|1
|
|-heal|p2a: Dragapult|31/100|[from] item: Leftovers
|-damage|p1a: Lilligant|94/100 brn|[from] brn
|upkeep
|turn|11
|c|☆IAMK4M1|i cannot believe how smart you are man
|
|t:|1685905980
|move|p1a: Lilligant|Ice Spinner|p2a: Dragapult
|-supereffective|p2a: Dragapult
|-damage|p2a: Dragapult|0 fnt
|faint|p2a: Dragapult
|
|-damage|p1a: Lilligant|88/100 brn|[from] brn
|upkeep
|c|☆IAMK4M1|truly a genius of our time
|
|t:|1685905992
|switch|p2a: Zapdos|Zapdos|72/100
|turn|12
|
|t:|1685905998
|move|p1a: Lilligant|Ice Spinner|p2a: Zapdos
|-supereffective|p2a: Zapdos
|-damage|p2a: Zapdos|29/100
|move|p2a: Zapdos|Hurricane|p1a: Lilligant|[miss]
|-miss|p2a: Zapdos|p1a: Lilligant
|
|-damage|p1a: Lilligant|82/100 brn|[from] brn
|upkeep
|turn|13
|
|t:|1685906008
|-terastallize|p2a: Zapdos|Fire
|move|p1a: Lilligant|Ice Spinner|p2a: Zapdos
|-resisted|p2a: Zapdos
|-damage|p2a: Zapdos|19/100
|move|p2a: Zapdos|Hurricane|p1a: Lilligant|[miss]
|-miss|p2a: Zapdos|p1a: Lilligant
|
|-damage|p1a: Lilligant|76/100 brn|[from] brn
|upkeep
|turn|14
|c|☆Loaken|Uff unlucky misses
|
|t:|1685906028
|switch|p2a: Urshifu|Urshifu-Rapid-Strike, F|100/100
|move|p1a: Lilligant|Close Combat|p2a: Urshifu
|-damage|p2a: Urshifu|40/100
|-unboost|p1a: Lilligant|def|1
|-unboost|p1a: Lilligant|spd|1
|
|-damage|p1a: Lilligant|70/100 brn|[from] brn
|upkeep
|turn|15
|
|t:|1685906034
|move|p2a: Urshifu|Ice Spinner|p1a: Lilligant
|-supereffective|p1a: Lilligant
|-damage|p1a: Lilligant|0 fnt
|faint|p1a: Lilligant
|
|upkeep
|
|t:|1685906039
|switch|p1a: Braviary|Braviary-Hisui, M, shiny|100/100
|turn|16
|
|t:|1685906047
|switch|p2a: Magearna|Magearna|70/100
|move|p1a: Braviary|Esper Wing|p2a: Magearna
|-resisted|p2a: Magearna
|-damage|p2a: Magearna|41/100
|-boost|p1a: Braviary|spe|1
|
|upkeep
|turn|17
|
|t:|1685906055
|move|p1a: Braviary|Calm Mind|p1a: Braviary
|-boost|p1a: Braviary|spa|1
|-boost|p1a: Braviary|spd|1
|move|p2a: Magearna|Volt Switch|p1a: Braviary
|-supereffective|p1a: Braviary
|-damage|p1a: Braviary|64/100
|
|t:|1685906067
|switch|p2a: Great Tusk|Great Tusk|100/100|[from] Volt Switch
|-enditem|p2a: Great Tusk|Booster Energy
|-activate|p2a: Great Tusk|ability: Protosynthesis|[fromitem]
|-start|p2a: Great Tusk|protosynthesisspe
|
|-heal|p1a: Braviary|70/100|[from] item: Leftovers
|upkeep
|turn|18
|c|☆IAMK4M1|back to stupid volt switch
|
|t:|1685906084
|-terastallize|p1a: Braviary|Ground
|move|p2a: Great Tusk|Knock Off|p1a: Braviary
|-damage|p1a: Braviary|36/100
|-enditem|p1a: Braviary|Leftovers|[from] move: Knock Off|[of] p2a: Great Tusk
|move|p1a: Braviary|Esper Wing|p2a: Great Tusk
|-supereffective|p2a: Great Tusk
|-damage|p2a: Great Tusk|0 fnt
|-boost|p1a: Braviary|spe|1
|faint|p2a: Great Tusk
|-end|p2a: Great Tusk|Protosynthesis|[silent]
|
|upkeep
|c|☆Loaken|Sorry
|
|t:|1685906094
|switch|p2a: Urshifu|Urshifu-Rapid-Strike, F|40/100
|turn|19
|
|t:|1685906097
|move|p2a: Urshifu|Surging Strikes|p1a: Braviary
|-supereffective|p1a: Braviary
|-crit|p1a: Braviary
|-damage|p1a: Braviary|0 fnt
|faint|p1a: Braviary
|-hitcount|p1: Braviary|1
|
|upkeep
|
|t:|1685906101
|switch|p1a: Ting-Lu|Ting-Lu|100/100
|-ability|p1a: Ting-Lu|Vessel of Ruin
|turn|20
|
|t:|1685906106
|move|p2a: Urshifu|Surging Strikes|p1a: Ting-Lu
|-supereffective|p1a: Ting-Lu
|-crit|p1a: Ting-Lu
|-damage|p1a: Ting-Lu|79/100
|-supereffective|p1a: Ting-Lu
|-crit|p1a: Ting-Lu
|-damage|p1a: Ting-Lu|56/100
|-supereffective|p1a: Ting-Lu
|-crit|p1a: Ting-Lu
|-damage|p1a: Ting-Lu|34/100
|-hitcount|p1a: Ting-Lu|3
|move|p1a: Ting-Lu|Earthquake|p2a: Urshifu
|-damage|p2a: Urshifu|0 fnt
|faint|p2a: Urshifu
|
|upkeep
|c|☆IAMK4M1|wowww
|c|☆IAMK4M1|scarfed rapid strike
|
|t:|1685906134
|switch|p2a: Typhlosion|Typhlosion-Hisui, M|32/100
|turn|21
|
|t:|1685906141
|move|p2a: Typhlosion|Eruption|p1a: Ting-Lu
|-damage|p1a: Ting-Lu|14/100
|move|p1a: Ting-Lu|Earthquake|p2a: Typhlosion
|-supereffective|p2a: Typhlosion
|-damage|p2a: Typhlosion|0 fnt
|faint|p2a: Typhlosion
|
|upkeep
|
|t:|1685906147
|switch|p2a: Zapdos|Zapdos, tera:Fire|19/100
|turn|22
|
|t:|1685906152
|move|p2a: Zapdos|Heat Wave|p1a: Ting-Lu
|-damage|p1a: Ting-Lu|0 fnt
|faint|p1a: Ting-Lu
|
|upkeep
|
|t:|1685906155
|switch|p1a: Arcanine|Arcanine-Hisui, F|100/100
|turn|23
|
|t:|1685906162
|move|p1a: Arcanine|Flare Blitz|p2a: Zapdos
|-resisted|p2a: Zapdos
|-damage|p2a: Zapdos|0 fnt
|faint|p2a: Zapdos
|
|upkeep
|
|t:|1685906164
|switch|p2a: Magearna|Magearna|41/100
|turn|24
|
|t:|1685906173
|move|p1a: Arcanine|Flare Blitz|p2a: Magearna
|-supereffective|p2a: Magearna
|-damage|p2a: Magearna|0 fnt
|faint|p2a: Magearna
|
|win|IAMK4M1
|raw|IAMK4M1's rating: 1110 → 1140(+30 for winning)
|raw|Loaken's rating: 1186 → 1156(-30 for losing)
