|j|☆KarinaxCrushx11
|j|☆Pankkac
|t:|1685828397
|gametype|singles
|player|p1|KarinaxCrushx11|lady-gen4|1268
|player|p2|Pankkac|kimonogirl|1281
|teamsize|p1|6
|teamsize|p2|6
|gen|9
|tier|[Gen 9] OU
|rated|
|rule|Sleep Clause Mod: Limit one foe put to sleep
|rule|Species Clause: Limit one of each Pokémon
|rule|OHKO Clause: OHKO moves are banned
|rule|Evasion Items Clause: Evasion items are banned
|rule|Evasion Moves Clause: Evasion moves are banned
|rule|Endless Battle Clause: Forcing endless battles is banned
|rule|HP Percentage Mod: HP is shown in percentages
|clearpoke
|poke|p1|Braviary-Hisui, M|
|poke|p1|Lilligant-Hisui, F|
|poke|p1|Ceruledge, M|
|poke|p1|Glimmora, M|
|poke|p1|Klefki, F|
|poke|p1|Ting-Lu|
|poke|p2|Dragapult, F|
|poke|p2|Arcanine-Hisui, F|
|poke|p2|Great Tusk|
|poke|p2|Lilligant-Hisui, F|
|poke|p2|Gholdengo|
|poke|p2|Slowking, M|
|teampreview
|
|t:|1685828406
|start
|switch|p1a: Klefki|Klefki, F|100/100
|switch|p2a: Hu tao|Dragapult, F|100/100
|turn|1
|
|t:|1685828419
|switch|p1a: Glimmora|Glimmora, M|100/100
|move|p2a: Hu tao|Hex|p1a: Glimmora
|-damage|p1a: Glimmora|68/100
|
|upkeep
|turn|2
|
|t:|1685828430
|switch|p1a: Klefki|Klefki, F|100/100
|move|p2a: Hu tao|Light Screen|p2a: Hu tao
|-sidestart|p2: Pankkac|move: Light Screen
|
|upkeep
|turn|3
|
|t:|1685828439
|move|p1a: Klefki|Spikes|p2a: Hu tao
|-sidestart|p2: Pankkac|Spikes
|move|p2a: Hu tao|Reflect|p2a: Hu tao
|-sidestart|p2: Pankkac|Reflect
|
|upkeep
|turn|4
|
|t:|1685828447
|move|p1a: Klefki|Spikes|p2a: Hu tao
|-sidestart|p2: Pankkac|Spikes
|move|p2a: Hu tao|Will-O-Wisp|p1a: Klefki
|-status|p1a: Klefki|brn
|
|-damage|p1a: Klefki|95/100 brn|[from] brn
|upkeep
|turn|5
|
|t:|1685828454
|move|p1a: Klefki|Light Screen|p1a: Klefki
|-sidestart|p1: KarinaxCrushx11|move: Light Screen
|move|p2a: Hu tao|Hex|p1a: Klefki
|-damage|p1a: Klefki|71/100 brn
|
|-damage|p1a: Klefki|65/100 brn|[from] brn
|upkeep
|turn|6
|
|t:|1685828460
|switch|p2a: Itto|Great Tusk|100/100
|-damage|p2a: Itto|84/100|[from] Spikes
|move|p1a: Klefki|Spikes|p2a: Itto
|-sidestart|p2: Pankkac|Spikes
|
|-heal|p2a: Itto|90/100|[from] item: Leftovers
|-damage|p1a: Klefki|59/100 brn|[from] brn
|upkeep
|turn|7
|
|t:|1685828478
|switch|p1a: Ceruledge|Ceruledge, M|100/100
|move|p2a: Itto|Rapid Spin|p1a: Ceruledge
|-immune|p1a: Ceruledge
|
|-heal|p2a: Itto|96/100|[from] item: Leftovers
|upkeep
|turn|8
|
|t:|1685828488
|move|p2a: Itto|Headlong Rush|p1a: Ceruledge
|-supereffective|p1a: Ceruledge
|-enditem|p1a: Ceruledge|Focus Sash
|-damage|p1a: Ceruledge|1/100
|-unboost|p2a: Itto|def|1
|-unboost|p2a: Itto|spd|1
|move|p1a: Ceruledge|Swords Dance|p1a: Ceruledge
|-boost|p1a: Ceruledge|atk|2
|
|-heal|p2a: Itto|100/100|[from] item: Leftovers
|upkeep
|turn|9
|
|t:|1685828503
|switch|p1a: Glimmora|Glimmora, M|68/100
|move|p2a: Itto|Headlong Rush|p1a: Glimmora
|-supereffective|p1a: Glimmora
|-damage|p1a: Glimmora|0 fnt
|-unboost|p2a: Itto|def|1
|-unboost|p2a: Itto|spd|1
|-activate|p1a: Glimmora|ability: Toxic Debris
|-sidestart|p2: Pankkac|move: Toxic Spikes
|faint|p1a: Glimmora
|
|-sideend|p2: Pankkac|move: Light Screen
|upkeep
|
|t:|1685828527
|switch|p1a: Braviary|Braviary-Hisui, M|100/100
|turn|10
|
|t:|1685828533
|move|p2a: Itto|Rapid Spin|p1a: Braviary
|-damage|p1a: Braviary|76/100
|-boost|p2a: Itto|spe|1
|-sideend|p2: Pankkac|Spikes|[from] move: Rapid Spin|[of] p2a: Itto
|-sideend|p2: Pankkac|Toxic Spikes|[from] move: Rapid Spin|[of] p2a: Itto
|move|p1a: Braviary|Esper Wing|p2a: Itto
|-supereffective|p2a: Itto
|-damage|p2a: Itto|0 fnt
|-boost|p1a: Braviary|spe|1
|faint|p2a: Itto
|-end|p2a: Itto|Protosynthesis|[silent]
|
|-sideend|p2: Pankkac|Reflect
|upkeep
|
|t:|1685828548
|switch|p2a: Gorou|Arcanine-Hisui, F|100/100
|turn|11
|
|t:|1685828559
|switch|p1a: Ceruledge|Ceruledge, M|1/100
|move|p2a: Gorou|Flare Blitz|p1a: Ceruledge
|-start|p1a: Ceruledge|ability: Flash Fire
|
|upkeep
|turn|12
|
|t:|1685828570
|switch|p2a: Hu tao|Dragapult, F|100/100
|move|p1a: Ceruledge|Shadow Sneak|p2a: Hu tao
|-supereffective|p2a: Hu tao
|-damage|p2a: Hu tao|53/100
|-start|p1a: Ceruledge|Disable|Shadow Sneak|[from] ability: Cursed Body|[of] p2a: Hu tao
|
|-sideend|p1: KarinaxCrushx11|move: Light Screen
|upkeep
|turn|13
|
|t:|1685828580
|-end|p1a: Ceruledge|ability: Flash Fire|[silent]
|switch|p1a: Ting-Lu|Ting-Lu|100/100
|-ability|p1a: Ting-Lu|Vessel of Ruin
|move|p2a: Hu tao|Hex|p1a: Ting-Lu
|-resisted|p1a: Ting-Lu
|-damage|p1a: Ting-Lu|95/100
|
|-heal|p1a: Ting-Lu|100/100|[from] item: Leftovers
|upkeep
|turn|14
|
|t:|1685828593
|switch|p1a: Ceruledge|Ceruledge, M|1/100
|move|p2a: Hu tao|Reflect|p2a: Hu tao
|-sidestart|p2: Pankkac|Reflect
|
|upkeep
|turn|15
|
|t:|1685828604
|move|p1a: Ceruledge|Shadow Sneak|p2a: Hu tao
|-supereffective|p2a: Hu tao
|-damage|p2a: Hu tao|27/100
|-start|p1a: Ceruledge|Disable|Shadow Sneak|[from] ability: Cursed Body|[of] p2a: Hu tao
|move|p2a: Hu tao|Hex|p1a: Ceruledge
|-supereffective|p1a: Ceruledge
|-damage|p1a: Ceruledge|0 fnt
|faint|p1a: Ceruledge
|
|upkeep
|
|t:|1685828611
|switch|p1a: Klefki|Klefki, F|59/100 brn
|turn|16
|
|t:|1685828617
|switch|p2a: Gorou|Arcanine-Hisui, F|100/100
|move|p1a: Klefki|Light Screen|p1a: Klefki
|-sidestart|p1: KarinaxCrushx11|move: Light Screen
|
|-damage|p1a: Klefki|53/100 brn|[from] brn
|upkeep
|turn|17
|
|t:|1685828624
|move|p1a: Klefki|Spikes|p2a: Gorou
|-sidestart|p2: Pankkac|Spikes
|move|p2a: Gorou|Flare Blitz|p1a: Klefki
|-supereffective|p1a: Klefki
|-damage|p1a: Klefki|0 fnt
|faint|p1a: Klefki
|
|upkeep
|
|t:|1685828633
|switch|p1a: Ting-Lu|Ting-Lu|100/100
|-ability|p1a: Ting-Lu|Vessel of Ruin
|turn|18
|
|t:|1685828647
|switch|p2a: Zhongli|Slowking, M|100/100
|-damage|p2a: Zhongli|88/100|[from] Spikes
|move|p1a: Ting-Lu|Whirlwind|p2a: Zhongli
|drag|p2a: Hu tao|Dragapult, F|27/100
|-damage|p2a: Hu tao|15/100|[from] Spikes
|
|upkeep
|turn|19
|
|t:|1685828654
|move|p2a: Hu tao|Will-O-Wisp|p1a: Ting-Lu
|-status|p1a: Ting-Lu|brn
|move|p1a: Ting-Lu|Whirlwind|p2a: Hu tao
|drag|p2a: Dori|Gholdengo|100/100
|-damage|p2a: Dori|88/100|[from] Spikes
|
|-heal|p2a: Dori|94/100|[from] item: Leftovers
|-damage|p1a: Ting-Lu|94/100 brn|[from] brn
|upkeep
|turn|20
|
|t:|1685828665
|move|p2a: Dori|Make It Rain|p1a: Ting-Lu
|-damage|p1a: Ting-Lu|78/100 brn
|-unboost|p2a: Dori|spa|1
|move|p1a: Ting-Lu|Ruination|p2a: Dori
|-damage|p2a: Dori|47/100
|
|-heal|p2a: Dori|53/100|[from] item: Leftovers
|-heal|p1a: Ting-Lu|84/100 brn|[from] item: Leftovers
|-damage|p1a: Ting-Lu|78/100 brn|[from] brn
|upkeep
|turn|21
|
|t:|1685828682
|switch|p2a: Hu tao|Dragapult, F|15/100
|-damage|p2a: Hu tao|2/100|[from] Spikes
|move|p1a: Ting-Lu|Whirlwind|p2a: Hu tao
|drag|p2a: Nilou|Lilligant-Hisui, F|100/100
|-damage|p2a: Nilou|88/100|[from] Spikes
|
|-heal|p1a: Ting-Lu|84/100 brn|[from] item: Leftovers
|-damage|p1a: Ting-Lu|78/100 brn|[from] brn
|-sideend|p2: Pankkac|Reflect
|upkeep
|turn|22
|
|t:|1685828695
|move|p2a: Nilou|Leaf Blade|p1a: Ting-Lu
|-supereffective|p1a: Ting-Lu
|-crit|p1a: Ting-Lu
|-damage|p1a: Ting-Lu|0 fnt
|faint|p1a: Ting-Lu
|
|upkeep
|
|t:|1685828704
|switch|p1a: Lilligant|Lilligant-Hisui, F|100/100
|turn|23
|
|t:|1685828710
|switch|p2a: Hu tao|Dragapult, F|2/100
|-damage|p2a: Hu tao|0 fnt|[from] Spikes
|faint|p2a: Hu tao
|move|p1a: Lilligant|Victory Dance|p1a: Lilligant
|-boost|p1a: Lilligant|atk|1
|-boost|p1a: Lilligant|def|1
|-boost|p1a: Lilligant|spe|1
|
|-sideend|p1: KarinaxCrushx11|move: Light Screen
|upkeep
|
|t:|1685828718
|switch|p2a: Dori|Gholdengo|53/100
|-damage|p2a: Dori|41/100|[from] Spikes
|turn|24
|
|t:|1685828726
|-terastallize|p1a: Lilligant|Fire
|move|p1a: Lilligant|Victory Dance|p1a: Lilligant
|-boost|p1a: Lilligant|atk|1
|-boost|p1a: Lilligant|def|1
|-boost|p1a: Lilligant|spe|1
|move|p2a: Dori|Make It Rain|p1a: Lilligant
|-resisted|p1a: Lilligant
|-damage|p1a: Lilligant|45/100
|-unboost|p2a: Dori|spa|1
|
|-heal|p1a: Lilligant|51/100|[from] item: Leftovers
|-heal|p2a: Dori|47/100|[from] item: Leftovers
|upkeep
|turn|25
|
|t:|1685828747
|switch|p2a: Zhongli|Slowking, M|100/100
|-damage|p2a: Zhongli|88/100|[from] Spikes
|move|p1a: Lilligant|Leaf Blade|p2a: Zhongli
|-supereffective|p2a: Zhongli
|-damage|p2a: Zhongli|0 fnt
|faint|p2a: Zhongli
|
|-heal|p1a: Lilligant|57/100|[from] item: Leftovers
|upkeep
|
|t:|1685828758
|switch|p2a: Gorou|Arcanine-Hisui, F|100/100
|-damage|p2a: Gorou|88/100|[from] Spikes
|turn|26
|
|t:|1685828765
|move|p1a: Lilligant|Close Combat|p2a: Gorou
|-supereffective|p2a: Gorou
|-damage|p2a: Gorou|0 fnt
|-unboost|p1a: Lilligant|def|1
|-unboost|p1a: Lilligant|spd|1
|faint|p2a: Gorou
|
|-heal|p1a: Lilligant|63/100|[from] item: Leftovers
|upkeep
|
|t:|1685828773
|switch|p2a: Dori|Gholdengo|47/100
|-damage|p2a: Dori|35/100|[from] Spikes
|turn|27
|
|t:|1685828778
|-terastallize|p2a: Dori|Ghost
|move|p1a: Lilligant|Leaf Blade|p2a: Dori
|-damage|p2a: Dori|0 fnt
|faint|p2a: Dori
|
|-heal|p1a: Lilligant|69/100|[from] item: Leftovers
|upkeep
|
|t:|1685828785
|switch|p2a: Nilou|Lilligant-Hisui, F|88/100
|-damage|p2a: Nilou|76/100|[from] Spikes
|turn|28
|
|t:|1685828792
|move|p1a: Lilligant|Ice Spinner|p2a: Nilou|[miss]
|-miss|p1a: Lilligant|p2a: Nilou
|move|p2a: Nilou|Close Combat|p1a: Lilligant
|-damage|p1a: Lilligant|0 fnt
|-unboost|p2a: Nilou|def|1
|-unboost|p2a: Nilou|spd|1
|faint|p1a: Lilligant
|
|upkeep
|
|t:|1685828799
|switch|p1a: Braviary|Braviary-Hisui, M|76/100
|turn|29
|
|t:|1685828804
|move|p2a: Nilou|Sleep Powder|p1a: Braviary|[miss]
|-miss|p2a: Nilou|p1a: Braviary
|move|p1a: Braviary|Esper Wing|p2a: Nilou
|-supereffective|p2a: Nilou
|-damage|p2a: Nilou|0 fnt
|-boost|p1a: Braviary|spe|1
|faint|p2a: Nilou
|
|win|KarinaxCrushx11
|raw|KarinaxCrushx11's rating: 1268 → 1294(+26 for winning)
|raw|Pankkac's rating: 1281 → 1255(-26 for losing)
|l|☆Pankkac
