|inactive|Battle timer is ON: inactive players will automatically lose when time's up.
|t:|1685917446
|gametype|singles
|player|p1|xavgb|#puplviiimoomoomilkers|
|player|p2|SOULWIND|#splxivsharks2|
|teamsize|p1|6
|teamsize|p2|6
|gen|9
|tier|[Gen 9] OU
|rule|Sleep Clause Mod: Limit one foe put to sleep
|rule|Species Clause: Limit one of each Pokémon
|rule|OHKO Clause: OHKO moves are banned
|rule|Evasion Items Clause: Evasion items are banned
|rule|Evasion Moves Clause: Evasion moves are banned
|rule|Endless Battle Clause: Forcing endless battles is banned
|rule|HP Percentage Mod: HP is shown in percentages
|clearpoke
|poke|p1|Iron Hands|
|poke|p1|Walking Wake|
|poke|p1|Skeledirge, F|
|poke|p1|Meowscarada, M|
|poke|p1|Dragonite, M|
|poke|p1|Iron Valiant|
|poke|p2|Garganacl, M|
|poke|p2|Kingambit, M|
|poke|p2|Great Tusk|
|poke|p2|Cinderace, F|
|poke|p2|Meowscarada, M|
|poke|p2|Slowking, M|
|teampreview
|inactive|xavgb has 270 seconds left.
|inactive|SOULWIND has 270 seconds left.
|c|+blarghlfarghl|finally.
|inactive|xavgb has 240 seconds left.
|inactive|SOULWIND has 240 seconds left.
|raw|Moderated chat was set to ☆!Only users of rank ☆ and higher can talk.
|inactive|xavgb has 210 seconds left.
|inactive|SOULWIND has 210 seconds left.
|
|t:|1685917564
|start
|switch|p1a: Dragonite|Dragonite, M|100/100
|switch|p2a: Cinderace|Cinderace, F|100/100
|turn|1
|inactive|SOULWIND has 240 seconds left.
|
|t:|1685917589
|switch|p1a: Skeledirge|Skeledirge, F|100/100
|move|p2a: Cinderace|U-turn|p1a: Skeledirge
|-resisted|p1a: Skeledirge
|-damage|p1a: Skeledirge|97/100
|
|t:|1685917598
|switch|p2a: Meowscarada|Meowscarada, M|100/100|[from] U-turn
|
|upkeep
|turn|2
|inactive|xavgb has 240 seconds left.
|inactive|xavgb has 210 seconds left.
|
|t:|1685917665
|switch|p1a: Iron Hands|Iron Hands|100/100
|-enditem|p1a: Iron Hands|Booster Energy
|-activate|p1a: Iron Hands|ability: Quark Drive|[fromitem]
|-start|p1a: Iron Hands|quarkdriveatk
|move|p2a: Meowscarada|U-turn|p1a: Iron Hands
|-start|p2a: Meowscarada|typechange|Bug|[from] ability: Protean
|-resisted|p1a: Iron Hands
|-damage|p1a: Iron Hands|88/100
|
|t:|1685917671
|switch|p2a: Cinderace|Cinderace, F|100/100|[from] U-turn
|
|upkeep
|turn|3
|inactive|xavgb has 210 seconds left.
|
|t:|1685917695
|-end|p1a: Iron Hands|Quark Drive|[silent]
|switch|p1a: Skeledirge|Skeledirge, F|97/100
|move|p2a: Cinderace|U-turn|p1a: Skeledirge
|-resisted|p1a: Skeledirge
|-damage|p1a: Skeledirge|93/100
|inactive|SOULWIND has 240 seconds left.
|
|t:|1685917721
|switch|p2a: Garganacl|Garganacl, M|100/100|[from] U-turn
|
|upkeep
|turn|4
|inactive|xavgb has 180 seconds left.
|
|t:|1685917754
|move|p1a: Skeledirge|Torch Song|p2a: Garganacl
|-resisted|p2a: Garganacl
|-damage|p2a: Garganacl|88/100
|-boost|p1a: Skeledirge|spa|1
|move|p2a: Garganacl|Salt Cure|p1a: Skeledirge
|-supereffective|p1a: Skeledirge
|-damage|p1a: Skeledirge|71/100
|-start|p1a: Skeledirge|Salt Cure
|
|-heal|p2a: Garganacl|94/100|[from] item: Leftovers
|-damage|p1a: Skeledirge|58/100|[from] Salt Cure
|upkeep
|turn|5
|inactive|SOULWIND has 240 seconds left.
|
|t:|1685917762
|move|p1a: Skeledirge|Slack Off|p1a: Skeledirge
|-heal|p1a: Skeledirge|100/100
|move|p2a: Garganacl|Salt Cure|p1a: Skeledirge
|-supereffective|p1a: Skeledirge
|-damage|p1a: Skeledirge|77/100
|
|-heal|p2a: Garganacl|100/100|[from] item: Leftovers
|-damage|p1a: Skeledirge|65/100|[from] Salt Cure
|upkeep
|turn|6
|
|t:|1685917773
|move|p1a: Skeledirge|Earth Power|p2a: Garganacl
|-supereffective|p2a: Garganacl
|-damage|p2a: Garganacl|47/100
|move|p2a: Garganacl|Salt Cure|p1a: Skeledirge
|-supereffective|p1a: Skeledirge
|-damage|p1a: Skeledirge|45/100
|
|-heal|p2a: Garganacl|53/100|[from] item: Leftovers
|-damage|p1a: Skeledirge|33/100|[from] Salt Cure
|upkeep
|turn|7
|inactive|SOULWIND has 240 seconds left.
|
|t:|1685917820
|switch|p2a: Great Tusk|Great Tusk|100/100
|move|p1a: Skeledirge|Slack Off|p1a: Skeledirge
|-heal|p1a: Skeledirge|83/100
|
|-damage|p1a: Skeledirge|71/100|[from] Salt Cure
|upkeep
|turn|8
|
|t:|1685917834
|switch|p1a: Meowscarada|Meowscarada, M|100/100
|move|p2a: Great Tusk|Stealth Rock|p1a: Meowscarada
|-sidestart|p1: xavgb|move: Stealth Rock
|
|upkeep
|turn|9
|
|t:|1685917851
|-end|p2a: Great Tusk|Protosynthesis|[silent]
|switch|p2a: Cinderace|Cinderace, F|100/100
|move|p1a: Meowscarada|Spikes|p2a: Cinderace
|-sidestart|p2: SOULWIND|Spikes
|
|upkeep
|turn|10
|inactive|xavgb has 180 seconds left.
|
|t:|1685917882
|move|p1a: Meowscarada|Knock Off|p2a: Cinderace
|-damage|p2a: Cinderace|60/100
|-enditem|p2a: Cinderace|Heavy-Duty Boots|[from] move: Knock Off|[of] p1a: Meowscarada
|move|p2a: Cinderace|U-turn|p1a: Meowscarada
|-supereffective|p1a: Meowscarada
|-enditem|p1a: Meowscarada|Focus Sash
|-damage|p1a: Meowscarada|1/100
|
|t:|1685917887
|switch|p2a: Meowscarada|Meowscarada, M|100/100|[from] U-turn
|-damage|p2a: Meowscarada|88/100|[from] Spikes
|
|upkeep
|turn|11
|inactive|xavgb has 180 seconds left.
|inactive|xavgb has 150 seconds left.
|
|t:|1685917952
|switch|p1a: Walking Wake|Walking Wake|100/100
|-enditem|p1a: Walking Wake|Booster Energy
|-activate|p1a: Walking Wake|ability: Protosynthesis|[fromitem]
|-start|p1a: Walking Wake|protosynthesisspa
|-damage|p1a: Walking Wake|88/100|[from] Stealth Rock
|move|p2a: Meowscarada|U-turn|p1a: Walking Wake
|-start|p2a: Meowscarada|typechange|Bug|[from] ability: Protean
|-damage|p1a: Walking Wake|51/100
|inactive|SOULWIND has 210 seconds left.
|inactive|SOULWIND has 180 seconds left.
|
|t:|1685918017
|switch|p2a: Slowking|Slowking, M|100/100|[from] U-turn
|-damage|p2a: Slowking|88/100|[from] Spikes
|
|upkeep
|turn|12
|
|t:|1685918034
|move|p1a: Walking Wake|Dragon Pulse|p2a: Slowking
|-damage|p2a: Slowking|54/100
|move|p2a: Slowking|Future Sight|p1a: Walking Wake
|-start|p2a: Slowking|move: Future Sight
|
|upkeep
|turn|13
|inactive|SOULWIND has 180 seconds left.
|inactive|xavgb has 120 seconds left.
|
|t:|1685918070
|move|p1a: Walking Wake|Dragon Pulse|p2a: Slowking
|-damage|p2a: Slowking|19/100
|move|p2a: Slowking|Slack Off|p2a: Slowking
|-heal|p2a: Slowking|69/100
|
|upkeep
|turn|14
|inactive|xavgb has 120 seconds left.
|
|t:|1685918087
|move|p1a: Walking Wake|Substitute|p1a: Walking Wake
|-start|p1a: Walking Wake|Substitute
|-damage|p1a: Walking Wake|26/100
|move|p2a: Slowking|Slack Off|p2a: Slowking
|-heal|p2a: Slowking|100/100
|
|-end|p1a: Walking Wake|move: Future Sight
|-end|p1a: Walking Wake|Substitute
|upkeep
|turn|15
|
|t:|1685918100
|move|p1a: Walking Wake|Dragon Pulse|p2a: Slowking
|-damage|p2a: Slowking|65/100
|move|p2a: Slowking|Future Sight|p1a: Walking Wake
|-start|p2a: Slowking|move: Future Sight
|
|upkeep
|turn|16
|
|t:|1685918128
|move|p1a: Walking Wake|Dragon Pulse|p2a: Slowking
|-damage|p2a: Slowking|28/100
|move|p2a: Slowking|Slack Off|p2a: Slowking
|-heal|p2a: Slowking|79/100
|
|upkeep
|turn|17
|inactive|SOULWIND has 150 seconds left.
|inactive|SOULWIND has 120 seconds left.
|
|t:|1685918197
|move|p1a: Walking Wake|Substitute|p1a: Walking Wake
|-start|p1a: Walking Wake|Substitute
|-damage|p1a: Walking Wake|1/100
|move|p2a: Slowking|Slack Off|p2a: Slowking
|-heal|p2a: Slowking|100/100
|
|-end|p1a: Walking Wake|move: Future Sight
|-end|p1a: Walking Wake|Substitute
|upkeep
|turn|18
|inactive|SOULWIND has 120 seconds left.
|inactive|xavgb has 90 seconds left.
|
|t:|1685918227
|-end|p1a: Walking Wake|Protosynthesis|[silent]
|switch|p1a: Iron Hands|Iron Hands|88/100
|-damage|p1a: Iron Hands|82/100|[from] Stealth Rock
|move|p2a: Slowking|Future Sight|p1a: Iron Hands
|-start|p2a: Slowking|move: Future Sight
|
|upkeep
|turn|19
|
|t:|1685918235
|switch|p2a: Great Tusk|Great Tusk|100/100
|-damage|p2a: Great Tusk|88/100|[from] Spikes
|move|p1a: Iron Hands|Ice Punch|p2a: Great Tusk
|-supereffective|p2a: Great Tusk
|-damage|p2a: Great Tusk|61/100
|
|-heal|p2a: Great Tusk|67/100|[from] item: Leftovers
|upkeep
|turn|20
|inactive|xavgb has 90 seconds left.
|
|t:|1685918248
|-end|p1a: Iron Hands|Quark Drive|[silent]
|switch|p1a: Walking Wake|Walking Wake|1/100
|-damage|p1a: Walking Wake|0 fnt|[from] Stealth Rock
|faint|p1a: Walking Wake
|-end|p1a: Walking Wake|Protosynthesis|[silent]
|move|p2a: Great Tusk|Rapid Spin|p1: Walking Wake|[notarget]
|-fail|p2a: Great Tusk
|
|-hint|Future Sight did not hit because the target is fainted.
|-heal|p2a: Great Tusk|73/100|[from] item: Leftovers
|upkeep
|inactive|xavgb has 60 seconds left.
|
|t:|1685918281
|switch|p1a: Iron Valiant|Iron Valiant|100/100
|-damage|p1a: Iron Valiant|94/100|[from] Stealth Rock
|-enditem|p1a: Iron Valiant|Booster Energy
|-activate|p1a: Iron Valiant|ability: Quark Drive|[fromitem]
|-start|p1a: Iron Valiant|quarkdrivespe
|turn|21
|inactive|SOULWIND has 120 seconds left.
|inactive|SOULWIND has 90 seconds left.
|inactive|SOULWIND has 60 seconds left.
|
|t:|1685918356
|-end|p2a: Great Tusk|Protosynthesis|[silent]
|switch|p2a: Slowking|Slowking, M|100/100
|-damage|p2a: Slowking|88/100|[from] Spikes
|move|p1a: Iron Valiant|Swords Dance|p1a: Iron Valiant
|-boost|p1a: Iron Valiant|atk|2
|
|upkeep
|turn|22
|inactive|SOULWIND has 60 seconds left.
|inactive|xavgb has 60 seconds left.
|inactive|SOULWIND has 30 seconds left.
|
|t:|1685918398
|move|p1a: Iron Valiant|Knock Off|p2a: Slowking
|-supereffective|p2a: Slowking
|-damage|p2a: Slowking|0 fnt
|-enditem|p2a: Slowking|Covert Cloak|[from] move: Knock Off|[of] p1a: Iron Valiant
|faint|p2a: Slowking
|
|upkeep
|inactive|SOULWIND has 30 seconds left this turn.
|inactive|SOULWIND has 20 seconds left.
|inactive|SOULWIND has 15 seconds left.
|
|t:|1685918416
|switch|p2a: Meowscarada|Meowscarada, M|88/100
|-damage|p2a: Meowscarada|76/100|[from] Spikes
|turn|23
|inactive|SOULWIND has 25 seconds left this turn.
|inactive|SOULWIND has 20 seconds left.
|inactive|SOULWIND has 15 seconds left.
|inactive|SOULWIND has 10 seconds left.
|
|t:|1685918434
|-terastallize|p1a: Iron Valiant|Steel
|move|p2a: Meowscarada|U-turn|p1a: Iron Valiant
|-start|p2a: Meowscarada|typechange|Bug|[from] ability: Protean
|-resisted|p1a: Iron Valiant
|-damage|p1a: Iron Valiant|74/100
|inactive|SOULWIND has 15 seconds left this turn.
|inactive|SOULWIND has 10 seconds left.
|
|t:|1685918441
|switch|p2a: Cinderace|Cinderace, F|60/100|[from] U-turn
|-damage|p2a: Cinderace|47/100|[from] Spikes
|move|p1a: Iron Valiant|Spirit Break|p2a: Cinderace
|-resisted|p2a: Cinderace
|-damage|p2a: Cinderace|1/100
|-unboost|p2a: Cinderace|spa|1
|
|upkeep
|turn|24
|inactive|SOULWIND has 20 seconds left this turn.
|inactive|SOULWIND has 15 seconds left.
|
|t:|1685918448
|move|p1a: Iron Valiant|Spirit Break|p2a: Cinderace
|-resisted|p2a: Cinderace
|-damage|p2a: Cinderace|0 fnt
|faint|p2a: Cinderace
|
|upkeep
|inactive|SOULWIND has 20 seconds left this turn.
|inactive|SOULWIND has 15 seconds left.
|inactive|SOULWIND has 10 seconds left.
|
|t:|1685918460
|switch|p2a: Meowscarada|Meowscarada, M|76/100
|-damage|p2a: Meowscarada|64/100|[from] Spikes
|turn|25
|inactive|SOULWIND has 20 seconds left this turn.
|inactive|SOULWIND has 15 seconds left.
|inactive|SOULWIND has 10 seconds left.
|
|t:|1685918473
|move|p2a: Meowscarada|Flower Trick|p1a: Iron Valiant
|-start|p2a: Meowscarada|typechange|Grass|[from] ability: Protean
|-resisted|p1a: Iron Valiant
|-crit|p1a: Iron Valiant
|-damage|p1a: Iron Valiant|41/100
|move|p1a: Iron Valiant|Spirit Break|p2a: Meowscarada
|-damage|p2a: Meowscarada|0 fnt
|faint|p2a: Meowscarada
|
|upkeep
|inactive|SOULWIND has 15 seconds left this turn.
|inactive|SOULWIND has 10 seconds left.
|
|t:|1685918479
|switch|p2a: Kingambit|Kingambit, M|100/100
|-activate|p2a: Kingambit|ability: Supreme Overlord
|-start|p2a: Kingambit|fallen3|[silent]
|-item|p2a: Kingambit|Air Balloon
|turn|26
|inactive|SOULWIND has 20 seconds left this turn.
|inactive|SOULWIND has 15 seconds left.
|
|t:|1685918486
|move|p2a: Kingambit|Sucker Punch||[still]
|-fail|p2a: Kingambit
|move|p1a: Iron Valiant|Swords Dance|p1a: Iron Valiant
|-boost|p1a: Iron Valiant|atk|2
|
|upkeep
|turn|27
|inactive|SOULWIND has 25 seconds left this turn.
|inactive|SOULWIND has 20 seconds left.
|
|t:|1685918494
|move|p2a: Kingambit|Sucker Punch||[still]
|-fail|p2a: Kingambit
|move|p1a: Iron Valiant|Encore|p2a: Kingambit
|-start|p2a: Kingambit|Encore
|
|upkeep
|turn|28
|inactive|SOULWIND has 30 seconds left this turn.
|
|t:|1685918504
|move|p2a: Kingambit|Sucker Punch||[still]
|-fail|p2a: Kingambit
|move|p1a: Iron Valiant|Swords Dance|p1a: Iron Valiant
|-boost|p1a: Iron Valiant|atk|2
|
|upkeep
|turn|29
|inactive|SOULWIND has 30 seconds left.
|inactive|SOULWIND has 20 seconds left.
|inactive|SOULWIND has 15 seconds left.
|
|t:|1685918531
|-end|p2a: Kingambit|fallen3|[silent]
|switch|p2a: Garganacl|Garganacl, M|53/100
|-damage|p2a: Garganacl|40/100|[from] Spikes
|move|p1a: Iron Valiant|Swords Dance|p1a: Iron Valiant
|-boost|p1a: Iron Valiant|atk|0
|
|-heal|p2a: Garganacl|47/100|[from] item: Leftovers
|upkeep
|turn|30
|inactive|SOULWIND has 25 seconds left this turn.
|
|t:|1685918540
|move|p1a: Iron Valiant|Spirit Break|p2a: Garganacl
|-damage|p2a: Garganacl|0 fnt
|faint|p2a: Garganacl
|
|upkeep
|inactive|SOULWIND has 30 seconds left this turn.
|
|t:|1685918545
|switch|p2a: Kingambit|Kingambit, M|100/100
|-activate|p2a: Kingambit|ability: Supreme Overlord
|-start|p2a: Kingambit|fallen4|[silent]
|-item|p2a: Kingambit|Air Balloon
|turn|31
|inactive|SOULWIND has 30 seconds left.
|
|t:|1685918561
|move|p2a: Kingambit|Sucker Punch||[still]
|-fail|p2a: Kingambit
|move|p1a: Iron Valiant|Swords Dance|p1a: Iron Valiant
|-boost|p1a: Iron Valiant|atk|0
|
|upkeep
|turn|32
|inactive|SOULWIND has 30 seconds left.
|-message|SOULWIND forfeited.
|
|win|xavgb
|inactive|SOULWIND has 30 seconds left this turn.
