|j|☆gloriousplay
|j|☆not.fraggin
|t:|1685908711
|gametype|singles
|player|p1|gloriousplay|1|1180
|player|p2|not.fraggin|169|1265
|teamsize|p1|6
|teamsize|p2|6
|gen|9
|tier|[Gen 9] OU
|rated|
|rule|Sleep Clause Mod: Limit one foe put to sleep
|rule|Species Clause: Limit one of each Pokémon
|rule|OHKO Clause: OHKO moves are banned
|rule|Evasion Items Clause: Evasion items are banned
|rule|Evasion Moves Clause: Evasion moves are banned
|rule|Endless Battle Clause: Forcing endless battles is banned
|rule|HP Percentage Mod: HP is shown in percentages
|clearpoke
|poke|p1|Chien-Pao|
|poke|p1|Enamorus-Therian, F|
|poke|p1|Landorus-Therian, M|
|poke|p1|Glastrier|
|poke|p1|Lilligant-Hisui, F|
|poke|p1|Samurott-Hisui, M|
|poke|p2|Hoopa-Unbound|
|poke|p2|Samurott-Hisui, F|
|poke|p2|Great Tusk|
|poke|p2|Slowking-Galar, F|
|poke|p2|Tornadus-Therian, M|
|poke|p2|Zamazenta-*|
|teampreview
|
|t:|1685908730
|start
|switch|p1a: emiou-ground|Landorus-Therian, M, shiny|100/100
|switch|p2a: Hoopa|Hoopa-Unbound|100/100
|-ability|p1a: emiou-ground|Intimidate|boost
|-unboost|p2a: Hoopa|atk|1
|turn|1
|
|t:|1685908744
|move|p1a: emiou-ground|Nasty Plot|p1a: emiou-ground
|-boost|p1a: emiou-ground|spa|2
|move|p2a: Hoopa|Hyperspace Fury|p1a: emiou-ground
|-damage|p1a: emiou-ground|34/100
|-unboost|p2a: Hoopa|def|1
|
|upkeep
|turn|2
|
|t:|1685908757
|move|p1a: emiou-ground|Sandsear Storm|p2a: Hoopa
|-damage|p2a: Hoopa|0 fnt
|faint|p2a: Hoopa
|-damage|p1a: emiou-ground|24/100|[from] item: Life Orb
|
|upkeep
|
|t:|1685908760
|switch|p2a: Samurott|Samurott-Hisui, F|100/100
|turn|3
|
|t:|1685908766
|move|p2a: Samurott|Ceaseless Edge|p1a: emiou-ground
|-damage|p1a: emiou-ground|0 fnt
|-sidestart|p1: gloriousplay|Spikes
|faint|p1a: emiou-ground
|
|upkeep
|
|t:|1685908772
|switch|p1a: Lilligant|Lilligant-Hisui, F, shiny|100/100
|-damage|p1a: Lilligant|88/100|[from] Spikes
|turn|4
|
|t:|1685908779
|switch|p2a: Slowking|Slowking-Galar, F|100/100
|move|p1a: Lilligant|Victory Dance|p1a: Lilligant
|-boost|p1a: Lilligant|atk|1
|-boost|p1a: Lilligant|def|1
|-boost|p1a: Lilligant|spe|1
|
|upkeep
|turn|5
|
|t:|1685908784
|-terastallize|p1a: Lilligant|Ghost
|move|p1a: Lilligant|Tera Blast|p2a: Slowking
|-supereffective|p2a: Slowking
|-damage|p2a: Slowking|0 fnt
|faint|p2a: Slowking
|
|upkeep
|
|t:|1685908799
|switch|p2a: Zamazenta|Zamazenta-Crowned|100/100
|-ability|p2a: Zamazenta|Dauntless Shield|boost
|-boost|p2a: Zamazenta|def|1
|turn|6
|
|t:|1685908805
|-terastallize|p2a: Zamazenta|Ghost
|move|p1a: Lilligant|Victory Dance|p1a: Lilligant
|-boost|p1a: Lilligant|atk|1
|-boost|p1a: Lilligant|def|1
|-boost|p1a: Lilligant|spe|1
|move|p2a: Zamazenta|Crunch|p1a: Lilligant
|-supereffective|p1a: Lilligant
|-damage|p1a: Lilligant|52/100
|-unboost|p1a: Lilligant|def|1
|
|upkeep
|turn|7
|
|t:|1685908814
|move|p1a: Lilligant|Tera Blast|p2a: Zamazenta
|-supereffective|p2a: Zamazenta
|-damage|p2a: Zamazenta|5/100
|move|p2a: Zamazenta|Crunch|p1a: Lilligant
|-supereffective|p1a: Lilligant
|-damage|p1a: Lilligant|0 fnt
|faint|p1a: Lilligant
|
|upkeep
|
|t:|1685908825
|switch|p1a: Samurott|Samurott-Hisui, M|100/100
|-damage|p1a: Samurott|88/100|[from] Spikes
|turn|8
|
|t:|1685908835
|move|p1a: Samurott|Aqua Jet|p2a: Zamazenta
|-damage|p2a: Zamazenta|0 fnt
|faint|p2a: Zamazenta
|-damage|p1a: Samurott|78/100|[from] item: Life Orb
|
|upkeep
|
|t:|1685908843
|switch|p2a: Samurott|Samurott-Hisui, F|100/100
|turn|9
|
|t:|1685908848
|move|p2a: Samurott|Ceaseless Edge|p1a: Samurott
|-resisted|p1a: Samurott
|-damage|p1a: Samurott|48/100
|-sidestart|p1: gloriousplay|Spikes
|move|p1a: Samurott|Razor Shell|p2a: Samurott
|-resisted|p2a: Samurott
|-damage|p2a: Samurott|57/100
|-damage|p1a: Samurott|38/100|[from] item: Life Orb
|
|upkeep
|turn|10
|
|t:|1685908862
|move|p2a: Samurott|Ceaseless Edge|p1a: Samurott
|-resisted|p1a: Samurott
|-damage|p1a: Samurott|11/100
|-sidestart|p1: gloriousplay|Spikes
|move|p1a: Samurott|Razor Shell|p2a: Samurott
|-resisted|p2a: Samurott
|-damage|p2a: Samurott|12/100
|-damage|p1a: Samurott|1/100|[from] item: Life Orb
|
|upkeep
|turn|11
|
|t:|1685908871
|move|p1a: Samurott|Aqua Jet|p2a: Samurott
|-resisted|p2a: Samurott
|-damage|p2a: Samurott|0 fnt
|faint|p2a: Samurott
|-damage|p1a: Samurott|0 fnt|[from] item: Life Orb
|faint|p1a: Samurott
|
|upkeep
|
|t:|1685908883
|switch|p1a: Glastrier|Glastrier|100/100
|switch|p2a: Great Tusk|Great Tusk|100/100
|turn|12
|
|t:|1685908902
|-end|p2a: Great Tusk|Protosynthesis|[silent]
|switch|p2a: Tornadus|Tornadus-Therian, M|100/100
|move|p1a: Glastrier|Avalanche|p2a: Tornadus
|-supereffective|p2a: Tornadus
|-damage|p2a: Tornadus|9/100
|
|upkeep
|turn|13
|
|t:|1685908909
|move|p2a: Tornadus|Heat Wave|p1a: Glastrier
|-supereffective|p1a: Glastrier
|-crit|p1a: Glastrier
|-damage|p1a: Glastrier|45/100
|move|p1a: Glastrier|Avalanche|p2a: Tornadus
|-supereffective|p2a: Tornadus
|-damage|p2a: Tornadus|0 fnt
|faint|p2a: Tornadus
|-ability|p1a: Glastrier|Chilling Neigh|boost
|-boost|p1a: Glastrier|atk|1
|
|upkeep
|-message|not.fraggin forfeited.
|
|win|gloriousplay
|raw|gloriousplay's rating: 1180 → 1211(+31 for winning)
|raw|not.fraggin's rating: 1265 → 1234(-31 for losing)
|l|☆not.fraggin
