|j|☆running poly
|j|☆luisin
|t:|1676930154
|gametype|singles
|player|p1|running poly|cynthia|1990
|player|p2|luisin|#rbtt6teamyveltal|1950
|teamsize|p1|6
|teamsize|p2|6
|gen|9
|tier|[Gen 9] OU
|rated|
|rule|Sleep Clause Mod: Limit one foe put to sleep
|rule|Species Clause: Limit one of each Pokémon
|rule|OHKO Clause: OHKO moves are banned
|rule|Evasion Items Clause: Evasion items are banned
|rule|Evasion Moves Clause: Evasion moves are banned
|rule|Endless Battle Clause: Forcing endless battles is banned
|rule|HP Percentage Mod: HP is shown in percentages
|clearpoke
|poke|p1|Dragonite, M|
|poke|p1|Pelipper, M|
|poke|p1|Meowscarada, M|
|poke|p1|Great Tusk|
|poke|p1|Azumarill, F|
|poke|p1|Gholdengo|
|poke|p2|Greninja, M|
|poke|p2|Kingambit, F|
|poke|p2|Gholdengo|
|poke|p2|Volcarona, M|
|poke|p2|Roaring Moon|
|poke|p2|Great Tusk|
|teampreview
|inactive|Battle timer is ON: inactive players will automatically lose when time's up. (requested by luisin)
|j| DragonOfThineEnd
|
|t:|1676930160
|start
|switch|p1a: Meowscarada|Meowscarada, M|100/100
|switch|p2a: Misaka Mikoto|Greninja, M, shiny|100/100
|turn|1
|
|t:|1676930163
|move|p1a: Meowscarada|U-turn|p2a: Misaka Mikoto
|-start|p1a: Meowscarada|typechange|Bug|[from] ability: Protean
|-supereffective|p2a: Misaka Mikoto
|-enditem|p2a: Misaka Mikoto|Focus Sash
|-damage|p2a: Misaka Mikoto|1/100
|
|t:|1676930165
|switch|p1a: Azumarill|Azumarill, F|100/100|[from] U-turn
|move|p2a: Misaka Mikoto|Toxic Spikes|p1a: Azumarill
|-start|p2a: Misaka Mikoto|typechange|Poison|[from] ability: Protean
|-sidestart|p1: running poly|move: Toxic Spikes
|
|upkeep
|turn|2
|j| Tabata Tyrogue
|j| shysssz
|
|t:|1676930172
|move|p2a: Misaka Mikoto|Spikes|p1a: Azumarill
|-sidestart|p1: running poly|Spikes
|move|p1a: Azumarill|Liquidation|p2a: Misaka Mikoto
|-damage|p2a: Misaka Mikoto|0 fnt
|faint|p2a: Misaka Mikoto
|
|upkeep
|
|t:|1676930189
|switch|p2a: Hinata Shoyo|Gholdengo|100/100
|-item|p2a: Hinata Shoyo|Air Balloon
|turn|3
|
|t:|1676930192
|move|p2a: Hinata Shoyo|Make It Rain|p1a: Azumarill
|-damage|p1a: Azumarill|54/100
|-unboost|p2a: Hinata Shoyo|spa|1
|move|p1a: Azumarill|Liquidation|p2a: Hinata Shoyo
|-damage|p2a: Hinata Shoyo|43/100
|-enditem|p2a: Hinata Shoyo|Air Balloon
|
|upkeep
|turn|4
|
|t:|1676930201
|move|p2a: Hinata Shoyo|Make It Rain|p1a: Azumarill
|-damage|p1a: Azumarill|26/100
|-unboost|p2a: Hinata Shoyo|spa|1
|move|p1a: Azumarill|Liquidation|p2a: Hinata Shoyo
|-damage|p2a: Hinata Shoyo|0 fnt
|faint|p2a: Hinata Shoyo
|
|upkeep
|
|t:|1676930203
|switch|p2a: Bramaluna|Roaring Moon|100/100
|-enditem|p2a: Bramaluna|Booster Energy
|-activate|p2a: Bramaluna|ability: Protosynthesis|[fromitem]
|-start|p2a: Bramaluna|protosynthesisatk
|turn|5
|
|t:|1676930209
|move|p1a: Azumarill|Aqua Jet|p2a: Bramaluna
|-resisted|p2a: Bramaluna
|-damage|p2a: Bramaluna|84/100
|move|p2a: Bramaluna|Acrobatics|p1a: Azumarill
|-damage|p1a: Azumarill|0 fnt
|faint|p1a: Azumarill
|
|upkeep
|
|t:|1676930221
|switch|p1a: Meowscarada|Meowscarada, M|100/100
|-status|p1a: Meowscarada|psn
|-damage|p1a: Meowscarada|88/100 psn|[from] Spikes
|turn|6
|
|t:|1676930225
|move|p1a: Meowscarada|U-turn|p2a: Bramaluna
|-start|p1a: Meowscarada|typechange|Bug|[from] ability: Protean
|-supereffective|p2a: Bramaluna
|-damage|p2a: Bramaluna|6/100
|
|t:|1676930229
|switch|p1a: Gholdengo|Gholdengo|100/100|[from] U-turn
|-damage|p1a: Gholdengo|88/100|[from] Spikes
|move|p2a: Bramaluna|Dragon Dance|p2a: Bramaluna
|-boost|p2a: Bramaluna|atk|1
|-boost|p2a: Bramaluna|spe|1
|
|upkeep
|turn|7
|j| 911X
|
|t:|1676930235
|-terastallize|p1a: Gholdengo|Fighting
|move|p2a: Bramaluna|Crunch|p1a: Gholdengo
|-resisted|p1a: Gholdengo
|-damage|p1a: Gholdengo|59/100
|move|p1a: Gholdengo|Shadow Ball|p2a: Bramaluna
|-resisted|p2a: Bramaluna
|-damage|p2a: Bramaluna|0 fnt
|faint|p2a: Bramaluna
|-end|p2a: Bramaluna|Protosynthesis|[silent]
|
|upkeep
|
|t:|1676930240
|switch|p2a: Dance in the moon|Volcarona, M|100/100
|turn|8
|
|t:|1676930243
|switch|p1a: Pelipper|Pelipper, M|100/100
|-weather|RainDance|[from] ability: Drizzle|[of] p1a: Pelipper
|move|p2a: Dance in the moon|Fiery Dance|p1a: Pelipper
|-resisted|p1a: Pelipper
|-damage|p1a: Pelipper|86/100
|
|-weather|RainDance|[upkeep]
|upkeep
|turn|9
|j| odilia
|
|t:|1676930248
|switch|p2a: Colmilargo|Great Tusk|100/100
|move|p1a: Pelipper|Hurricane|p2a: Colmilargo
|-supereffective|p2a: Colmilargo
|-enditem|p2a: Colmilargo|Focus Sash
|-damage|p2a: Colmilargo|1/100
|
|-weather|RainDance|[upkeep]
|upkeep
|turn|10
|j| Athena's Myth
|c| Athena's Myth|luisin ost ?
|c|☆luisin|n
|c|☆luisin|ladeer
|inactive|running poly has 120 seconds left.
|c|☆luisin|ladder*
|c| Athena's Myth|a
|
|t:|1676930297
|switch|p1a: Meowscarada|Meowscarada, M|88/100 psn
|-damage|p1a: Meowscarada|76/100 psn|[from] Spikes
|move|p2a: Colmilargo|Close Combat|p1a: Meowscarada
|-supereffective|p1a: Meowscarada
|-damage|p1a: Meowscarada|0 fnt
|-unboost|p2a: Colmilargo|def|1
|-unboost|p2a: Colmilargo|spd|1
|faint|p1a: Meowscarada
|
|-weather|RainDance|[upkeep]
|upkeep
|c| Athena's Myth|y ese avy todo chulo
|
|t:|1676930304
|switch|p1a: Great Tusk|Great Tusk|100/100
|-status|p1a: Great Tusk|psn
|-damage|p1a: Great Tusk|88/100 psn|[from] Spikes
|turn|11
|c|☆luisin|es precioso lo se
|c|☆luisin|de RBTT
|
|t:|1676930310
|move|p2a: Colmilargo|Headlong Rush|p1a: Great Tusk
|-damage|p1a: Great Tusk|44/100 psn
|-unboost|p2a: Colmilargo|def|1
|-unboost|p2a: Colmilargo|spd|1
|move|p1a: Great Tusk|Rapid Spin|p2a: Colmilargo
|-crit|p2a: Colmilargo
|-damage|p2a: Colmilargo|0 fnt
|-boost|p1a: Great Tusk|spe|1
|-sideend|p1: running poly|Spikes|[from] move: Rapid Spin|[of] p1a: Great Tusk
|-sideend|p1: running poly|Toxic Spikes|[from] move: Rapid Spin|[of] p1a: Great Tusk
|faint|p2a: Colmilargo
|-end|p2a: Colmilargo|Protosynthesis|[silent]
|
|-weather|RainDance|[upkeep]
|-heal|p1a: Great Tusk|50/100 psn|[from] item: Leftovers
|-damage|p1a: Great Tusk|38/100 psn|[from] psn
|upkeep
|
|t:|1676930316
|switch|p2a: Dance in the moon|Volcarona, M|100/100
|turn|12
|inactive|running poly has 120 seconds left.
|
|t:|1676930329
|move|p1a: Great Tusk|Headlong Rush|p2a: Dance in the moon
|-crit|p2a: Dance in the moon
|-damage|p2a: Dance in the moon|0 fnt
|-unboost|p1a: Great Tusk|def|1
|-unboost|p1a: Great Tusk|spd|1
|faint|p2a: Dance in the moon
|
|-weather|none
|-heal|p1a: Great Tusk|44/100 psn|[from] item: Leftovers
|-damage|p1a: Great Tusk|32/100 psn|[from] psn
|upkeep
|
|t:|1676930332
|switch|p2a: Deku Seinen|Kingambit, F|100/100
|-activate|p2a: Deku Seinen|ability: Supreme Overlord
|-start|p2a: Deku Seinen|fallen5|[silent]
|turn|13
|c| Athena's Myth|ya te ganaron
|
|t:|1676930335
|move|p2a: Deku Seinen|Sucker Punch|p1a: Great Tusk
|-resisted|p1a: Great Tusk
|-damage|p1a: Great Tusk|0 fnt
|faint|p1a: Great Tusk
|-end|p1a: Great Tusk|Protosynthesis|[silent]
|
|upkeep
|
|t:|1676930338
|switch|p1a: Pelipper|Pelipper, M|86/100
|-weather|RainDance|[from] ability: Drizzle|[of] p1a: Pelipper
|turn|14
|
|t:|1676930341
|move|p2a: Deku Seinen|Swords Dance|p2a: Deku Seinen
|-boost|p2a: Deku Seinen|atk|2
|move|p1a: Pelipper|Surf|p2a: Deku Seinen
|-damage|p2a: Deku Seinen|3/100
|
|-weather|RainDance|[upkeep]
|-heal|p2a: Deku Seinen|9/100|[from] item: Leftovers
|upkeep
|turn|15
|
|t:|1676930343
|move|p2a: Deku Seinen|Sucker Punch|p1a: Pelipper
|-damage|p1a: Pelipper|0 fnt
|faint|p1a: Pelipper
|
|-weather|RainDance|[upkeep]
|-heal|p2a: Deku Seinen|15/100|[from] item: Leftovers
|upkeep
|l| odilia
|
|t:|1676930346
|switch|p1a: Dragonite|Dragonite, M|100/100
|turn|16
|j| Ayayaplop
|j| Fart Stinky
|
|t:|1676930350
|move|p1a: Dragonite|Extreme Speed|p2a: Deku Seinen
|-resisted|p2a: Deku Seinen
|-damage|p2a: Deku Seinen|0 fnt
|faint|p2a: Deku Seinen
|-end|p2a: Deku Seinen|fallen5|[silent]
|
|win|running poly
|raw|running poly's rating: 1990 → 2008(+18 for winning)
|raw|luisin's rating: 1950 → 1932(-18 for losing)
|l|☆luisin
|l| Fart Stinky
|l| Athena's Myth
|l| 911X
|l| DragonOfThineEnd
||Ladder isn't responding, score probably updated but might not have (Request timeout).
