|j|☆GioDKnight
|j|☆nattikyu
|t:|1685931435
|gametype|singles
|player|p1|GioDKnight|n|
|player|p2|nattikyu|pokekid|
|teamsize|p1|6
|teamsize|p2|6
|gen|9
|tier|[Gen 9] OU
|rule|Sleep Clause Mod: Limit one foe put to sleep
|rule|Species Clause: Limit one of each Pokémon
|rule|OHKO Clause: OHKO moves are banned
|rule|Evasion Items Clause: Evasion items are banned
|rule|Evasion Moves Clause: Evasion moves are banned
|rule|Endless Battle Clause: Forcing endless battles is banned
|rule|HP Percentage Mod: HP is shown in percentages
|clearpoke
|poke|p1|Ursaluna, F|
|poke|p1|Corviknight, M|
|poke|p1|Armarouge, F|
|poke|p1|Garchomp, F|
|poke|p1|Zoroark-Hisui, M|
|poke|p1|Iron Leaves|
|poke|p2|Meowscarada, F|
|poke|p2|Ting-Lu|
|poke|p2|Gholdengo|
|poke|p2|Dragonite, F|
|poke|p2|Iron Valiant|
|poke|p2|Great Tusk|
|teampreview
|inactive|Battle timer is ON: inactive players will automatically lose when time's up. (requested by nattikyu)
|
|t:|1685931459
|start
|switch|p1a: Corviknight|Corviknight, M|100/100
|switch|p2a: Nyaruko|Meowscarada, F, shiny|100/100
|turn|1
|
|t:|1685931466
|switch|p2a: Anna|Gholdengo|100/100
|move|p1a: Corviknight|Brave Bird|p2a: Anna
|-resisted|p2a: Anna
|-damage|p2a: Anna|78/100
|-damage|p1a: Corviknight|95/100|[from] Recoil
|
|upkeep
|turn|2
|inactive|GioDKnight has 270 seconds left.
|
|t:|1685931511
|switch|p1a: Ursaluna|Ursaluna, F|100/100
|move|p2a: Anna|Trick|p1a: Ursaluna
|-activate|p2a: Anna|move: Trick|[of] p1a: Ursaluna
|-item|p1a: Ursaluna|Choice Scarf|[from] move: Trick
|-item|p2a: Anna|Focus Sash|[from] move: Trick
|
|upkeep
|turn|3
|
|t:|1685931532
|switch|p2a: Nyaruko|Meowscarada, F, shiny|100/100
|move|p1a: Ursaluna|Bitter Malice|p2a: Nyaruko
|-resisted|p2a: Nyaruko
|-damage|p2a: Nyaruko|68/100
|-unboost|p2a: Nyaruko|atk|1
|
|upkeep
|turn|4
|
|t:|1685931545
|switch|p1a: Corviknight|Corviknight, M|95/100
|move|p2a: Nyaruko|Spikes|p1a: Corviknight
|-sidestart|p1: GioDKnight|Spikes
|
|upkeep
|turn|5
|
|t:|1685931553
|switch|p2a: Anna|Gholdengo|78/100
|move|p1a: Corviknight|Defog|p2a: Anna
|-immune|p2a: Anna|[from] ability: Good as Gold
|
|upkeep
|turn|6
|
|t:|1685931566
|switch|p1a: Garchomp|Garchomp, F|100/100
|-damage|p1a: Garchomp|88/100|[from] Spikes
|move|p2a: Anna|Shadow Ball|p1a: Garchomp
|-damage|p1a: Garchomp|40/100
|-unboost|p1a: Garchomp|spd|1
|
|upkeep
|turn|7
|
|t:|1685931577
|-terastallize|p2a: Anna|Flying
|move|p1a: Garchomp|Earthquake|p2a: Anna
|-immune|p2a: Anna
|move|p2a: Anna|Shadow Ball|p1a: Garchomp
|-damage|p1a: Garchomp|0 fnt
|faint|p1a: Garchomp
|
|upkeep
|
|t:|1685931590
|switch|p1a: Ursaluna|Ursaluna, F|100/100
|-damage|p1a: Ursaluna|88/100|[from] Spikes
|turn|8
|
|t:|1685931612
|switch|p1a: Ursaluna|Ursaluna, F|100/100
|-damage|p1a: Ursaluna|88/100|[from] Spikes
|move|p2a: Anna|Make It Rain|p1a: Ursaluna
|-damage|p1a: Ursaluna|0 fnt
|-unboost|p2a: Anna|spa|1
|replace|p1a: Zoroark|Zoroark-Hisui, M
|-end|p1a: Zoroark|Illusion
|faint|p1a: Zoroark
|
|upkeep
|inactive|GioDKnight has 240 seconds left.
|
|t:|1685931635
|switch|p1a: Iron Leaves|Iron Leaves|100/100
|-damage|p1a: Iron Leaves|88/100|[from] Spikes
|-enditem|p1a: Iron Leaves|Booster Energy
|-activate|p1a: Iron Leaves|ability: Quark Drive|[fromitem]
|-start|p1a: Iron Leaves|quarkdriveatk
|turn|9
|inactive|GioDKnight has 240 seconds left.
|
|t:|1685931646
|move|p1a: Iron Leaves|Psyblade|p2a: Anna
|-damage|p2a: Anna|13/100
|move|p2a: Anna|Thunder Wave|p1a: Iron Leaves
|-status|p1a: Iron Leaves|par
|
|upkeep
|turn|10
|inactive|GioDKnight has 240 seconds left.
|
|t:|1685931653
|switch|p2a: Nyaruko|Meowscarada, F, shiny|68/100
|cant|p1a: Iron Leaves|par
|
|upkeep
|turn|11
|
|t:|1685931660
|-end|p1a: Iron Leaves|Quark Drive|[silent]
|switch|p1a: Corviknight|Corviknight, M|95/100
|move|p2a: Nyaruko|Knock Off|p1a: Corviknight
|-damage|p1a: Corviknight|72/100
|-damage|p2a: Nyaruko|51/100|[from] item: Rocky Helmet|[of] p1a: Corviknight
|-enditem|p1a: Corviknight|Rocky Helmet|[from] move: Knock Off|[of] p2a: Nyaruko
|
|upkeep
|turn|12
|
|t:|1685931671
|move|p2a: Nyaruko|Taunt|p1a: Corviknight
|-start|p1a: Corviknight|move: Taunt
|move|p1a: Corviknight|Brave Bird|p2a: Nyaruko
|-supereffective|p2a: Nyaruko
|-damage|p2a: Nyaruko|0 fnt
|faint|p2a: Nyaruko
|-damage|p1a: Corviknight|60/100|[from] Recoil
|
|upkeep
|
|t:|1685931693
|switch|p2a: Mori|Ting-Lu|100/100
|-ability|p2a: Mori|Vessel of Ruin
|turn|13
|
|t:|1685931702
|switch|p1a: Armarouge|Armarouge, F|100/100
|-damage|p1a: Armarouge|88/100|[from] Spikes
|move|p2a: Mori|Stealth Rock|p1a: Armarouge
|-sidestart|p1: GioDKnight|move: Stealth Rock
|
|upkeep
|turn|14
|
|t:|1685931712
|move|p1a: Armarouge|Aura Sphere|p2a: Mori
|-supereffective|p2a: Mori
|-damage|p2a: Mori|64/100
|move|p2a: Mori|Whirlwind|p1a: Armarouge
|drag|p1a: Iron Leaves|Iron Leaves|88/100 par
|-damage|p1a: Iron Leaves|76/100 par|[from] Spikes
|-damage|p1a: Iron Leaves|63/100 par|[from] Stealth Rock
|
|-heal|p2a: Mori|71/100|[from] item: Leftovers
|upkeep
|turn|15
|
|t:|1685931729
|move|p1a: Iron Leaves|Leaf Blade|p2a: Mori
|-supereffective|p2a: Mori
|-crit|p2a: Mori
|-damage|p2a: Mori|0 fnt
|faint|p2a: Mori
|
|upkeep
|j| Late Infatuation
|
|t:|1685931740
|switch|p2a: Chi|Dragonite, F|100/100
|turn|16
|inactive|GioDKnight has 270 seconds left.
|
|t:|1685931746
|-end|p1a: Iron Leaves|Quark Drive|[silent]
|switch|p1a: Corviknight|Corviknight, M|60/100
|-damage|p1a: Corviknight|47/100|[from] Stealth Rock
|move|p2a: Chi|Dragon Dance|p2a: Chi
|-boost|p2a: Chi|atk|1
|-boost|p2a: Chi|spe|1
|
|upkeep
|turn|17
|
|t:|1685931754
|move|p2a: Chi|Fire Punch|p1a: Corviknight
|-supereffective|p1a: Corviknight
|-damage|p1a: Corviknight|0 fnt
|faint|p1a: Corviknight
|
|upkeep
|
|t:|1685931760
|switch|p1a: Armarouge|Armarouge, F|88/100
|-damage|p1a: Armarouge|76/100|[from] Spikes
|-damage|p1a: Armarouge|51/100|[from] Stealth Rock
|turn|18
|
|t:|1685931770
|move|p2a: Chi|Earthquake|p1a: Armarouge
|-supereffective|p1a: Armarouge
|-damage|p1a: Armarouge|0 fnt
|faint|p1a: Armarouge
|
|upkeep
|
|t:|1685931775
|switch|p1a: Ursaluna|Ursaluna, F|88/100
|-damage|p1a: Ursaluna|75/100|[from] Spikes
|-damage|p1a: Ursaluna|69/100|[from] Stealth Rock
|turn|19
|
|t:|1685931782
|move|p2a: Chi|Earthquake|p1a: Ursaluna
|-damage|p1a: Ursaluna|25/100
|move|p1a: Ursaluna|Play Rough|p2a: Chi
|-supereffective|p2a: Chi
|-damage|p2a: Chi|61/100
|
|-status|p1a: Ursaluna|brn|[from] item: Flame Orb
|upkeep
|turn|20
|
|t:|1685931792
|move|p2a: Chi|Earthquake|p1a: Ursaluna
|-damage|p1a: Ursaluna|0 fnt
|faint|p1a: Ursaluna
|
|upkeep
|-message|GioDKnight forfeited.
|
|win|nattikyu
|l|☆GioDKnight
