|j|☆jmcbango
|j|☆R4MI
|t:|1685853589
|gametype|singles
|player|p1|jmcbango|volkner|1440
|player|p2|R4MI|swimmer-gen4dp|1436
|teamsize|p1|6
|teamsize|p2|6
|gen|9
|tier|[Gen 9] OU
|rated|
|rule|Sleep Clause Mod: Limit one foe put to sleep
|rule|Species Clause: Limit one of each Pokémon
|rule|OHKO Clause: OHKO moves are banned
|rule|Evasion Items Clause: Evasion items are banned
|rule|Evasion Moves Clause: Evasion moves are banned
|rule|Endless Battle Clause: Forcing endless battles is banned
|rule|HP Percentage Mod: HP is shown in percentages
|clearpoke
|poke|p1|Basculegion, M|
|poke|p1|Urshifu-*, M|
|poke|p1|Pelipper, F|
|poke|p1|Samurott-Hisui, M|
|poke|p1|Great Tusk|
|poke|p1|Zapdos|
|poke|p2|Slowbro, M|
|poke|p2|Baxcalibur, F|
|poke|p2|Scizor, M|
|poke|p2|Enamorus-Therian, F|
|poke|p2|Iron Valiant|
|poke|p2|Kingambit, M|
|teampreview
|inactive|Battle timer is ON: inactive players will automatically lose when time's up. (requested by R4MI)
|inactive|jmcbango has 120 seconds left.
|
|t:|1685853645
|start
|switch|p1a: Urshifu|Urshifu-Rapid-Strike, M|100/100
|switch|p2a: Iron Valiant|Iron Valiant|100/100
|turn|1
|
|t:|1685853655
|switch|p1a: Pelipper|Pelipper, F|100/100
|-weather|RainDance|[from] ability: Drizzle|[of] p1a: Pelipper
|move|p2a: Iron Valiant|Future Sight|p1a: Pelipper
|-start|p2a: Iron Valiant|move: Future Sight
|
|-weather|RainDance|[upkeep]
|upkeep
|turn|2
|
|t:|1685853664
|-end|p2a: Iron Valiant|Quark Drive|[silent]
|switch|p2a: Enamorus|Enamorus-Therian, F|100/100
|move|p1a: Pelipper|Hurricane|p2a: Enamorus
|-damage|p2a: Enamorus|82/100
|
|-weather|RainDance|[upkeep]
|upkeep
|turn|3
|
|t:|1685853684
|move|p1a: Pelipper|U-turn|p2a: Enamorus
|-resisted|p2a: Enamorus
|-damage|p2a: Enamorus|81/100
|
|t:|1685853690
|switch|p1a: Samurott|Samurott-Hisui, M|100/100|[from] U-turn
|move|p2a: Enamorus|Sludge Bomb|p1a: Samurott
|-damage|p1a: Samurott|58/100
|
|-weather|RainDance|[upkeep]
|-end|p1a: Samurott|move: Future Sight
|-immune|p1a: Samurott
|upkeep
|turn|4
|
|t:|1685853697
|move|p1a: Samurott|Aqua Cutter|p2a: Enamorus
|-damage|p2a: Enamorus|11/100
|move|p2a: Enamorus|Moonblast|p1a: Samurott
|-supereffective|p1a: Samurott
|-damage|p1a: Samurott|0 fnt
|faint|p1a: Samurott
|
|-weather|RainDance|[upkeep]
|upkeep
|
|t:|1685853707
|switch|p1a: Urshifu|Urshifu-Rapid-Strike, M|100/100
|turn|5
|
|t:|1685853718
|switch|p1a: Zapdos|Zapdos|100/100
|move|p2a: Enamorus|Moonblast|p1a: Zapdos
|-damage|p1a: Zapdos|53/100
|
|-weather|RainDance|[upkeep]
|upkeep
|turn|6
|
|t:|1685853727
|move|p1a: Zapdos|Hurricane|p2a: Enamorus
|-crit|p2a: Enamorus
|-damage|p2a: Enamorus|0 fnt
|faint|p2a: Enamorus
|
|-weather|RainDance|[upkeep]
|upkeep
|
|t:|1685853741
|switch|p2a: Baxcalibur|Baxcalibur, F|100/100
|turn|7
|
|t:|1685853747
|switch|p1a: Urshifu|Urshifu-Rapid-Strike, M|100/100
|move|p2a: Baxcalibur|Swords Dance|p2a: Baxcalibur
|-boost|p2a: Baxcalibur|atk|2
|
|-weather|RainDance|[upkeep]
|upkeep
|turn|8
|
|t:|1685853760
|switch|p2a: Slowbro|Slowbro, M|100/100
|move|p1a: Urshifu|Close Combat|p2a: Slowbro
|-resisted|p2a: Slowbro
|-damage|p2a: Slowbro|80/100
|-unboost|p1a: Urshifu|def|1
|-unboost|p1a: Urshifu|spd|1
|
|-weather|none
|upkeep
|turn|9
|
|t:|1685853772
|switch|p1a: Pelipper|Pelipper, F|100/100
|-weather|RainDance|[from] ability: Drizzle|[of] p1a: Pelipper
|switch|p2a: Scizor|Scizor, M|100/100
|
|-weather|RainDance|[upkeep]
|upkeep
|turn|10
|
|t:|1685853795
|-terastallize|p2a: Scizor|Electric
|move|p1a: Pelipper|Chilling Water|p2a: Scizor
|-damage|p2a: Scizor|70/100
|-unboost|p2a: Scizor|atk|1
|move|p2a: Scizor|Tera Blast|p1a: Pelipper
|-supereffective|p1a: Pelipper
|-damage|p1a: Pelipper|15/100
|
|-weather|RainDance|[upkeep]
|-heal|p2a: Scizor|76/100|[from] item: Leftovers
|upkeep
|turn|11
|
|t:|1685853803
|switch|p1a: Great Tusk|Great Tusk|100/100
|move|p2a: Scizor|Swords Dance|p2a: Scizor
|-boost|p2a: Scizor|atk|2
|
|-weather|RainDance|[upkeep]
|-heal|p2a: Scizor|82/100|[from] item: Leftovers
|upkeep
|turn|12
|inactive|R4MI has 120 seconds left.
|
|t:|1685853828
|move|p2a: Scizor|Bullet Punch|p1a: Great Tusk
|-damage|p1a: Great Tusk|79/100
|move|p1a: Great Tusk|Earthquake|p2a: Scizor
|-supereffective|p2a: Scizor
|-damage|p2a: Scizor|8/100
|
|-weather|RainDance|[upkeep]
|-heal|p1a: Great Tusk|85/100|[from] item: Leftovers
|-heal|p2a: Scizor|14/100|[from] item: Leftovers
|upkeep
|turn|13
|
|t:|1685853833
|move|p2a: Scizor|Bullet Punch|p1a: Great Tusk
|-damage|p1a: Great Tusk|63/100
|move|p1a: Great Tusk|Knock Off|p2a: Scizor
|-damage|p2a: Scizor|0 fnt
|-enditem|p2a: Scizor|Leftovers|[from] move: Knock Off|[of] p1a: Great Tusk
|faint|p2a: Scizor
|
|-weather|RainDance|[upkeep]
|-heal|p1a: Great Tusk|69/100|[from] item: Leftovers
|upkeep
|
|t:|1685853846
|switch|p2a: Iron Valiant|Iron Valiant|100/100
|turn|14
|inactive|jmcbango has 120 seconds left.
|
|t:|1685853879
|-end|p1a: Great Tusk|Protosynthesis|[silent]
|switch|p1a: Zapdos|Zapdos|53/100
|move|p2a: Iron Valiant|Future Sight|p1a: Zapdos
|-start|p2a: Iron Valiant|move: Future Sight
|
|-weather|RainDance|[upkeep]
|upkeep
|turn|15
|
|t:|1685853888
|move|p2a: Iron Valiant|Destiny Bond|p2a: Iron Valiant
|-singlemove|p2a: Iron Valiant|Destiny Bond
|move|p1a: Zapdos|Volt Switch|p2a: Iron Valiant
|-damage|p2a: Iron Valiant|33/100
|
|t:|1685853896
|switch|p1a: Urshifu|Urshifu-Rapid-Strike, M|100/100|[from] Volt Switch
|
|-weather|RainDance|[upkeep]
|upkeep
|turn|16
|
|t:|1685853905
|move|p1a: Urshifu|Aqua Jet|p2a: Iron Valiant
|-damage|p2a: Iron Valiant|0 fnt
|faint|p2a: Iron Valiant
|-activate|p2a: Iron Valiant|move: Destiny Bond
|-end|p2a: Iron Valiant|Quark Drive|[silent]
|faint|p1a: Urshifu
|
|-weather|none
|-hint|Future Sight did not hit because the target is fainted.
|upkeep
|
|t:|1685853926
|switch|p2a: Slowbro|Slowbro, M|80/100
|switch|p1a: Pelipper|Pelipper, F|15/100
|-weather|RainDance|[from] ability: Drizzle|[of] p1a: Pelipper
|turn|17
|
|t:|1685853932
|move|p1a: Pelipper|U-turn|p2a: Slowbro
|-supereffective|p2a: Slowbro
|-damage|p2a: Slowbro|68/100
|-enditem|p2a: Slowbro|Weakness Policy
|-boost|p2a: Slowbro|atk|2|[from] item: Weakness Policy
|-boost|p2a: Slowbro|spa|2|[from] item: Weakness Policy
|
|t:|1685853937
|switch|p1a: Zapdos|Zapdos|53/100|[from] U-turn
|move|p2a: Slowbro|Trick Room|p2a: Slowbro
|-fieldstart|move: Trick Room|[of] p2a: Slowbro
|
|-weather|RainDance|[upkeep]
|upkeep
|turn|18
|
|t:|1685853943
|move|p2a: Slowbro|Surf|p1a: Zapdos
|-damage|p1a: Zapdos|0 fnt
|faint|p1a: Zapdos
|
|-weather|RainDance|[upkeep]
|upkeep
|
|t:|1685853947
|switch|p1a: Pelipper|Pelipper, F|15/100
|turn|19
|
|t:|1685853950
|move|p2a: Slowbro|Psychic|p1a: Pelipper
|-damage|p1a: Pelipper|0 fnt
|faint|p1a: Pelipper
|
|-weather|RainDance|[upkeep]
|upkeep
|
|t:|1685853956
|switch|p1a: Great Tusk|Great Tusk|69/100
|turn|20
|
|t:|1685853960
|move|p2a: Slowbro|Psychic|p1a: Great Tusk
|-supereffective|p1a: Great Tusk
|-damage|p1a: Great Tusk|0 fnt
|faint|p1a: Great Tusk
|-end|p1a: Great Tusk|Protosynthesis|[silent]
|
|-weather|RainDance|[upkeep]
|upkeep
|
|t:|1685853962
|switch|p1a: Basculegion|Basculegion, M|100/100
|turn|21
|
|t:|1685853964
|-terastallize|p1a: Basculegion|Water
|move|p2a: Slowbro|Psychic|p1a: Basculegion
|-damage|p1a: Basculegion|19/100
|move|p1a: Basculegion|Wave Crash|p2a: Slowbro
|-resisted|p2a: Slowbro
|-damage|p2a: Slowbro|11/100
|-damage|p1a: Basculegion|1/100|[from] Recoil
|
|-weather|RainDance|[upkeep]
|-fieldend|move: Trick Room
|upkeep
|turn|22
|
|t:|1685853968
|move|p1a: Basculegion|Wave Crash|p2a: Slowbro
|-resisted|p2a: Slowbro
|-damage|p2a: Slowbro|0 fnt
|faint|p2a: Slowbro
|-damage|p1a: Basculegion|0 fnt|[from] Recoil
|faint|p1a: Basculegion
|
|win|R4MI
|raw|jmcbango's rating: 1440 → 1420(-20 for losing)
|raw|R4MI's rating: 1436 → 1456(+20 for winning)
|l|☆jmcbango
