|j|☆botbuster
|j|☆arthurmendes12
|t:|1685875724
|gametype|singles
|player|p1|botbuster|unknown|1189
|player|p2|arthurmendes12|265|1138
|teamsize|p1|6
|teamsize|p2|6
|gen|9
|tier|[Gen 9] OU
|rated|
|rule|Sleep Clause Mod: Limit one foe put to sleep
|rule|Species Clause: Limit one of each Pokémon
|rule|OHKO Clause: OHKO moves are banned
|rule|Evasion Items Clause: Evasion items are banned
|rule|Evasion Moves Clause: Evasion moves are banned
|rule|Endless Battle Clause: Forcing endless battles is banned
|rule|HP Percentage Mod: HP is shown in percentages
|clearpoke
|poke|p1|Roaring Moon|
|poke|p1|Enamorus, F|
|poke|p1|Grimmsnarl, M|
|poke|p1|Zamazenta-*|
|poke|p1|Heatran, M|
|poke|p1|Magearna|
|poke|p2|Greninja, M|
|poke|p2|Pelipper, F|
|poke|p2|Amoonguss, M|
|poke|p2|Iron Treads|
|poke|p2|Kingambit, F|
|poke|p2|Basculegion, M|
|teampreview
|inactive|Battle timer is ON: inactive players will automatically lose when time's up. (requested by arthurmendes12)
|
|t:|1685875780
|start
|switch|p1a: Grimmsnarl|Grimmsnarl, M|100/100
|switch|p2a: Pelipper|Pelipper, F|100/100
|-weather|RainDance|[from] ability: Drizzle|[of] p2a: Pelipper
|turn|1
|
|t:|1685875791
|move|p1a: Grimmsnarl|Taunt|p2a: Pelipper
|-start|p2a: Pelipper|move: Taunt
|move|p2a: Pelipper|U-turn|p1a: Grimmsnarl
|-damage|p1a: Grimmsnarl|90/100
|
|t:|1685875801
|switch|p2a: Basculegion|Basculegion, M, shiny|100/100|[from] U-turn
|
|-weather|RainDance|[upkeep]
|upkeep
|turn|2
|
|t:|1685875805
|move|p1a: Grimmsnarl|Reflect|p1a: Grimmsnarl
|-sidestart|p1: botbuster|Reflect
|move|p2a: Basculegion|Wave Crash|p1a: Grimmsnarl
|-damage|p1a: Grimmsnarl|4/100
|-damage|p2a: Basculegion|71/100|[from] Recoil
|
|-weather|RainDance|[upkeep]
|upkeep
|turn|3
|
|t:|1685875811
|move|p1a: Grimmsnarl|Light Screen|p1a: Grimmsnarl
|-sidestart|p1: botbuster|move: Light Screen
|move|p2a: Basculegion|Wave Crash|p1a: Grimmsnarl
|-damage|p1a: Grimmsnarl|0 fnt
|faint|p1a: Grimmsnarl
|-damage|p2a: Basculegion|70/100|[from] Recoil
|
|-weather|RainDance|[upkeep]
|upkeep
|
|t:|1685875822
|switch|p1a: Zamazenta|Zamazenta-Crowned|100/100
|-ability|p1a: Zamazenta|Dauntless Shield|boost
|-boost|p1a: Zamazenta|def|1
|turn|4
|
|t:|1685875832
|switch|p2a: Iron Treads|Iron Treads|100/100
|-enditem|p2a: Iron Treads|Booster Energy
|-activate|p2a: Iron Treads|ability: Quark Drive|[fromitem]
|-start|p2a: Iron Treads|quarkdrivespe
|move|p1a: Zamazenta|Trailblaze|p2a: Iron Treads
|-damage|p2a: Iron Treads|87/100
|-boost|p1a: Zamazenta|spe|1
|
|-weather|RainDance|[upkeep]
|upkeep
|turn|5
|
|t:|1685875847
|move|p2a: Iron Treads|Earthquake|p1a: Zamazenta
|-supereffective|p1a: Zamazenta
|-damage|p1a: Zamazenta|85/100
|move|p1a: Zamazenta|Iron Defense|p1a: Zamazenta
|-boost|p1a: Zamazenta|def|2
|
|-weather|RainDance|[upkeep]
|upkeep
|turn|6
|
|t:|1685875853
|move|p2a: Iron Treads|Knock Off|p1a: Zamazenta
|-resisted|p1a: Zamazenta
|-damage|p1a: Zamazenta|84/100
|move|p1a: Zamazenta|Body Press|p2a: Iron Treads
|-supereffective|p2a: Iron Treads
|-damage|p2a: Iron Treads|0 fnt
|faint|p2a: Iron Treads
|-end|p2a: Iron Treads|Quark Drive|[silent]
|
|-weather|RainDance|[upkeep]
|upkeep
|
|t:|1685875868
|switch|p2a: Amoonguss|Amoonguss, M|100/100
|turn|7
|
|t:|1685875872
|move|p1a: Zamazenta|Behemoth Bash|p2a: Amoonguss
|-damage|p2a: Amoonguss|73/100
|-enditem|p2a: Amoonguss|Eject Button
|
|t:|1685875886
|switch|p2a: Basculegion|Basculegion, M, shiny|70/100
|
|-weather|RainDance|[upkeep]
|upkeep
|turn|8
|
|t:|1685875895
|move|p2a: Basculegion|Wave Crash|p1a: Zamazenta
|-damage|p1a: Zamazenta|70/100
|-damage|p2a: Basculegion|66/100|[from] Recoil
|move|p1a: Zamazenta|Behemoth Bash|p2a: Basculegion
|-resisted|p2a: Basculegion
|-damage|p2a: Basculegion|40/100
|
|-weather|none
|upkeep
|turn|9
|
|t:|1685875903
|switch|p2a: Amoonguss|Amoonguss, M|100/100
|move|p1a: Zamazenta|Behemoth Bash|p2a: Amoonguss
|-damage|p2a: Amoonguss|72/100
|
|-sideend|p1: botbuster|Reflect
|upkeep
|turn|10
|
|t:|1685875909
|move|p1a: Zamazenta|Body Press|p2a: Amoonguss
|-resisted|p2a: Amoonguss
|-damage|p2a: Amoonguss|29/100
|move|p2a: Amoonguss|Spore|p1a: Zamazenta
|-status|p1a: Zamazenta|slp|[from] move: Spore
|
|-sideend|p1: botbuster|move: Light Screen
|upkeep
|turn|11
|
|t:|1685875921
|switch|p2a: Pelipper|Pelipper, F|100/100
|-weather|RainDance|[from] ability: Drizzle|[of] p2a: Pelipper
|cant|p1a: Zamazenta|slp
|
|-weather|RainDance|[upkeep]
|upkeep
|turn|12
|inactive|botbuster has 120 seconds left.
|
|t:|1685875980
|cant|p1a: Zamazenta|slp
|move|p2a: Pelipper|Hurricane|p1a: Zamazenta
|-damage|p1a: Zamazenta|45/100 slp
|
|-weather|RainDance|[upkeep]
|upkeep
|turn|13
|inactive|botbuster has 90 seconds left.
|inactive|botbuster has 60 seconds left.
|
|t:|1685876039
|cant|p1a: Zamazenta|slp
|move|p2a: Pelipper|U-turn|p1a: Zamazenta
|-resisted|p1a: Zamazenta
|-damage|p1a: Zamazenta|44/100 slp
|
|t:|1685876042
|switch|p2a: Greninja|Greninja, M, shiny|100/100|[from] U-turn
|
|-weather|RainDance|[upkeep]
|upkeep
|turn|14
|inactive|botbuster has 60 seconds left.
|c|☆arthurmendes12|!weak zamazenta
|c| arthurmendes12|/raw Zamazenta (ignoring abilities):Weaknesses: Fairy, Flying, PsychicResistances: Bug, Dark, RockImmunities: None
|
|t:|1685876068
|-curestatus|p1a: Zamazenta|slp|[msg]
|move|p1a: Zamazenta|Body Press|p2a: Greninja
|-supereffective|p2a: Greninja
|-damage|p2a: Greninja|0 fnt
|faint|p2a: Greninja
|
|-weather|RainDance|[upkeep]
|upkeep
|inactive|arthurmendes12 has 120 seconds left.
|
|t:|1685876086
|switch|p2a: Pelipper|Pelipper, F|100/100
|turn|15
|
|t:|1685876093
|move|p1a: Zamazenta|Body Press|p2a: Pelipper
|-resisted|p2a: Pelipper
|-damage|p2a: Pelipper|52/100
|move|p2a: Pelipper|Hurricane|p1a: Zamazenta
|-damage|p1a: Zamazenta|19/100
|
|-weather|RainDance|[upkeep]
|upkeep
|turn|16
|
|t:|1685876102
|switch|p2a: Basculegion|Basculegion, M, shiny|40/100
|move|p1a: Zamazenta|Behemoth Bash|p2a: Basculegion
|-resisted|p2a: Basculegion
|-damage|p2a: Basculegion|13/100
|
|-weather|RainDance|[upkeep]
|upkeep
|turn|17
|inactive|botbuster has 60 seconds left.
|
|t:|1685876110
|move|p2a: Basculegion|Liquidation|p1a: Zamazenta
|-damage|p1a: Zamazenta|0 fnt
|faint|p1a: Zamazenta
|
|-weather|RainDance|[upkeep]
|upkeep
|inactive|botbuster has 60 seconds left.
|
|t:|1685876117
|switch|p1a: Magearna|Magearna|100/100
|-item|p1a: Magearna|Air Balloon
|turn|18
|
|t:|1685876124
|move|p2a: Basculegion|Liquidation|p1a: Magearna
|-damage|p1a: Magearna|22/100
|-enditem|p1a: Magearna|Air Balloon
|move|p1a: Magearna|Draining Kiss|p2a: Basculegion
|-damage|p2a: Basculegion|0 fnt
|-heal|p1a: Magearna|32/100|[from] drain|[of] p2a: Basculegion
|faint|p2a: Basculegion
|-ability|p1a: Magearna|Soul-Heart|boost
|-boost|p1a: Magearna|spa|1
|
|-weather|none
|upkeep
|
|t:|1685876142
|switch|p2a: Kingambit|Kingambit, F|100/100
|-activate|p2a: Kingambit|ability: Supreme Overlord
|-start|p2a: Kingambit|fallen3|[silent]
|turn|19
|inactive|botbuster has 60 seconds left.
|
|t:|1685876188
|move|p2a: Kingambit|Iron Head|p1a: Magearna
|-damage|p1a: Magearna|0 fnt
|faint|p1a: Magearna
|
|upkeep
|
|t:|1685876193
|switch|p1a: Roaring Moon|Roaring Moon|100/100
|-enditem|p1a: Roaring Moon|Booster Energy
|-activate|p1a: Roaring Moon|ability: Protosynthesis|[fromitem]
|-start|p1a: Roaring Moon|protosynthesisatk
|turn|20
|
|t:|1685876210
|move|p1a: Roaring Moon|Earthquake|p2a: Kingambit
|-supereffective|p2a: Kingambit
|-damage|p2a: Kingambit|27/100
|move|p2a: Kingambit|Iron Head|p1a: Roaring Moon
|-damage|p1a: Roaring Moon|27/100
|
|upkeep
|turn|21
|
|t:|1685876217
|move|p2a: Kingambit|Sucker Punch|p1a: Roaring Moon
|-resisted|p1a: Roaring Moon
|-damage|p1a: Roaring Moon|0 fnt
|faint|p1a: Roaring Moon
|-end|p1a: Roaring Moon|Protosynthesis|[silent]
|
|upkeep
|
|t:|1685876221
|switch|p1a: Heatran|Heatran, M|100/100
|turn|22
|inactive|botbuster has 60 seconds left.
|
|t:|1685876232
|-end|p2a: Kingambit|fallen3|[silent]
|switch|p2a: Pelipper|Pelipper, F|52/100
|-weather|RainDance|[from] ability: Drizzle|[of] p2a: Pelipper
|-terastallize|p1a: Heatran|Grass
|move|p1a: Heatran|Flamethrower|p2a: Pelipper
|-resisted|p2a: Pelipper
|-crit|p2a: Pelipper
|-damage|p2a: Pelipper|26/100
|
|-weather|RainDance|[upkeep]
|upkeep
|turn|23
|inactive|botbuster has 60 seconds left.
|
|t:|1685876242
|move|p1a: Heatran|Tera Blast|p2a: Pelipper
|-damage|p2a: Pelipper|0 fnt
|faint|p2a: Pelipper
|
|-weather|RainDance|[upkeep]
|upkeep
|
|t:|1685876252
|switch|p2a: Amoonguss|Amoonguss, M|62/100
|turn|24
|
|t:|1685876256
|move|p1a: Heatran|Flamethrower|p2a: Amoonguss
|-supereffective|p2a: Amoonguss
|-damage|p2a: Amoonguss|11/100
|move|p2a: Amoonguss|Sludge Bomb|p1a: Heatran
|-supereffective|p1a: Heatran
|-damage|p1a: Heatran|53/100
|
|-weather|RainDance|[upkeep]
|-heal|p1a: Heatran|60/100|[from] item: Leftovers
|upkeep
|turn|25
|
|t:|1685876264
|move|p1a: Heatran|Flamethrower|p2a: Amoonguss
|-supereffective|p2a: Amoonguss
|-crit|p2a: Amoonguss
|-damage|p2a: Amoonguss|0 fnt
|faint|p2a: Amoonguss
|
|-weather|RainDance|[upkeep]
|-heal|p1a: Heatran|66/100|[from] item: Leftovers
|upkeep
|
|t:|1685876280
|switch|p2a: Kingambit|Kingambit, F|27/100
|-activate|p2a: Kingambit|ability: Supreme Overlord
|-start|p2a: Kingambit|fallen5|[silent]
|turn|26
|
|t:|1685876284
|move|p2a: Kingambit|Sucker Punch|p1a: Heatran
|-damage|p1a: Heatran|1/100
|move|p1a: Heatran|Flamethrower|p2a: Kingambit
|-supereffective|p2a: Kingambit
|-damage|p2a: Kingambit|0 fnt
|faint|p2a: Kingambit
|-end|p2a: Kingambit|fallen5|[silent]
|
|win|botbuster
|raw|botbuster's rating: 1189 → 1210(+21 for winning)
|raw|arthurmendes12's rating: 1138 → 1117(-21 for losing)
