|j|☆CrazyDiamond Act2
|j|☆GLOWKING SWEEP
|t:|1685924604
|gametype|singles
|player|p1|CrazyDiamond Act2|raihan|1482
|player|p2|GLOWKING SWEEP|adaman|1540
|teamsize|p1|6
|teamsize|p2|6
|gen|9
|tier|[Gen 9] OU
|rated|
|rule|Sleep Clause Mod: Limit one foe put to sleep
|rule|Species Clause: Limit one of each Pokémon
|rule|OHKO Clause: OHKO moves are banned
|rule|Evasion Items Clause: Evasion items are banned
|rule|Evasion Moves Clause: Evasion moves are banned
|rule|Endless Battle Clause: Forcing endless battles is banned
|rule|HP Percentage Mod: HP is shown in percentages
|clearpoke
|poke|p1|Torkoal, F|
|poke|p1|Lilligant-Hisui, F|
|poke|p1|Great Tusk|
|poke|p1|Walking Wake|
|poke|p1|Typhlosion-Hisui, F|
|poke|p1|Corviknight, F|
|poke|p2|Magearna|
|poke|p2|Sneasler, M|
|poke|p2|Dragapult, F|
|poke|p2|Zamazenta-*|
|poke|p2|Volcarona, F|
|poke|p2|Ursaluna, M|
|teampreview
|c|☆CrazyDiamond Act2|wha
|
|t:|1685924617
|start
|switch|p1a: Typhlosion|Typhlosion-Hisui, F|100/100
|switch|p2a: Ursaluna|Ursaluna, M|100/100
|turn|1
|c|☆CrazyDiamond Act2|i thought magearna was banned?
|
|t:|1685924626
|-terastallize|p1a: Typhlosion|Fire
|move|p1a: Typhlosion|Eruption|p2a: Ursaluna
|-damage|p2a: Ursaluna|0 fnt
|faint|p2a: Ursaluna
|
|upkeep
|
|t:|1685924638
|switch|p2a: Volcarona|Volcarona, F|100/100
|turn|2
|
|t:|1685924641
|-terastallize|p2a: Volcarona|Water
|move|p1a: Typhlosion|Eruption|p2a: Volcarona
|-resisted|p2a: Volcarona
|-damage|p2a: Volcarona|45/100
|move|p2a: Volcarona|Tera Blast|p1a: Typhlosion
|-supereffective|p1a: Typhlosion
|-damage|p1a: Typhlosion|0 fnt
|faint|p1a: Typhlosion
|
|upkeep
|c|☆CrazyDiamond Act2|touche
|c|☆CrazyDiamond Act2|lol
|c|☆GLOWKING SWEEP|yeah it's banned
|c|☆GLOWKING SWEEP|takes a while for the ban to be implemented tho
|
|t:|1685924682
|switch|p1a: Torkoal|Torkoal, F|100/100
|-weather|SunnyDay|[from] ability: Drought|[of] p1a: Torkoal
|turn|3
|
|t:|1685924686
|move|p2a: Volcarona|Quiver Dance|p2a: Volcarona
|-boost|p2a: Volcarona|spa|1
|-boost|p2a: Volcarona|spd|1
|-boost|p2a: Volcarona|spe|1
|move|p1a: Torkoal|Yawn|p2a: Volcarona
|-start|p2a: Volcarona|move: Yawn|[of] p1a: Torkoal
|
|-weather|SunnyDay|[upkeep]
|upkeep
|turn|4
|
|t:|1685924692
|move|p2a: Volcarona|Tera Blast|p1a: Torkoal
|-supereffective|p1a: Torkoal
|-damage|p1a: Torkoal|3/100
|move|p1a: Torkoal|Stealth Rock|p2a: Volcarona
|-sidestart|p2: GLOWKING SWEEP|move: Stealth Rock
|
|-weather|SunnyDay|[upkeep]
|-end|p2a: Volcarona|move: Yawn|[silent]
|-status|p2a: Volcarona|slp
|upkeep
|turn|5
|
|t:|1685924697
|switch|p1a: Lilligant|Lilligant-Hisui, F|100/100
|cant|p2a: Volcarona|slp
|
|-weather|SunnyDay|[upkeep]
|upkeep
|turn|6
|
|t:|1685924704
|move|p1a: Lilligant|Solar Blade||[still]
|-prepare|p1a: Lilligant|Solar Blade
|-anim|p1a: Lilligant|Solar Blade|p2a: Volcarona
|-supereffective|p2a: Volcarona
|-damage|p2a: Volcarona|0 fnt
|faint|p2a: Volcarona
|-damage|p1a: Lilligant|91/100|[from] item: Life Orb
|
|-weather|SunnyDay|[upkeep]
|upkeep
|
|t:|1685924713
|switch|p2a: Dragapult|Dragapult, F|100/100
|-damage|p2a: Dragapult|88/100|[from] Stealth Rock
|turn|7
|
|t:|1685924721
|move|p1a: Lilligant|Solar Blade||[still]
|-prepare|p1a: Lilligant|Solar Blade
|-anim|p1a: Lilligant|Solar Blade|p2a: Dragapult
|-resisted|p2a: Dragapult
|-damage|p2a: Dragapult|43/100
|-damage|p1a: Lilligant|81/100|[from] item: Life Orb
|move|p2a: Dragapult|Will-O-Wisp|p1a: Lilligant
|-status|p1a: Lilligant|brn
|
|-weather|SunnyDay|[upkeep]
|-damage|p1a: Lilligant|75/100 brn|[from] brn
|upkeep
|turn|8
|
|t:|1685924731
|move|p1a: Lilligant|Swords Dance|p1a: Lilligant
|-boost|p1a: Lilligant|atk|2
|move|p2a: Dragapult|Light Screen|p2a: Dragapult
|-sidestart|p2: GLOWKING SWEEP|move: Light Screen
|
|-weather|SunnyDay|[upkeep]
|-damage|p1a: Lilligant|68/100 brn|[from] brn
|upkeep
|turn|9
|
|t:|1685924734
|move|p1a: Lilligant|Solar Blade||[still]
|-prepare|p1a: Lilligant|Solar Blade
|-anim|p1a: Lilligant|Solar Blade|p2a: Dragapult
|-resisted|p2a: Dragapult
|-damage|p2a: Dragapult|0 fnt
|faint|p2a: Dragapult
|-damage|p1a: Lilligant|59/100 brn|[from] item: Life Orb
|
|-weather|SunnyDay|[upkeep]
|-damage|p1a: Lilligant|52/100 brn|[from] brn
|upkeep
|
|t:|1685924742
|switch|p2a: Zamazenta|Zamazenta|100/100
|-damage|p2a: Zamazenta|94/100|[from] Stealth Rock
|-ability|p2a: Zamazenta|Dauntless Shield|boost
|-boost|p2a: Zamazenta|def|1
|turn|10
|
|t:|1685924748
|move|p1a: Lilligant|Solar Blade||[still]
|-prepare|p1a: Lilligant|Solar Blade
|-anim|p1a: Lilligant|Solar Blade|p2a: Zamazenta
|-damage|p2a: Zamazenta|51/100
|-damage|p1a: Lilligant|42/100 brn|[from] item: Life Orb
|move|p2a: Zamazenta|Iron Defense|p2a: Zamazenta
|-boost|p2a: Zamazenta|def|2
|
|-weather|none
|-heal|p2a: Zamazenta|57/100|[from] item: Leftovers
|-damage|p1a: Lilligant|36/100 brn|[from] brn
|upkeep
|turn|11
|c|☆GLOWKING SWEEP|does this shit have a high crit chance
|c|☆GLOWKING SWEEP|scared asf rn lmao
|
|t:|1685924762
|switch|p1a: Torkoal|Torkoal, F|3/100
|-weather|SunnyDay|[from] ability: Drought|[of] p1a: Torkoal
|move|p2a: Zamazenta|Iron Defense|p2a: Zamazenta
|-boost|p2a: Zamazenta|def|2
|
|-weather|SunnyDay|[upkeep]
|-heal|p2a: Zamazenta|64/100|[from] item: Leftovers
|upkeep
|turn|12
|
|t:|1685924766
|switch|p1a: Corviknight|Corviknight, F|100/100
|-ability|p1a: Corviknight|Pressure
|move|p2a: Zamazenta|Body Press|p1a: Corviknight
|-damage|p1a: Corviknight|0 fnt
|-damage|p2a: Zamazenta|47/100|[from] item: Rocky Helmet|[of] p1a: Corviknight
|faint|p1a: Corviknight
|
|-weather|SunnyDay|[upkeep]
|-heal|p2a: Zamazenta|53/100|[from] item: Leftovers
|upkeep
|
|t:|1685924772
|switch|p1a: Great Tusk|Great Tusk|100/100
|-activate|p1a: Great Tusk|ability: Protosynthesis
|-start|p1a: Great Tusk|protosynthesisdef
|turn|13
|c|☆CrazyDiamond Act2|nope
|
|t:|1685924790
|move|p2a: Zamazenta|Substitute|p2a: Zamazenta
|-start|p2a: Zamazenta|Substitute
|-damage|p2a: Zamazenta|28/100
|move|p1a: Great Tusk|Knock Off|p2a: Zamazenta
|-resisted|p2a: Zamazenta
|-activate|p2a: Zamazenta|move: Substitute|[damage]
|
|-weather|SunnyDay|[upkeep]
|-heal|p2a: Zamazenta|34/100|[from] item: Leftovers
|upkeep
|turn|14
|-message|CrazyDiamond Act2 forfeited.
|
|win|GLOWKING SWEEP
|raw|CrazyDiamond Act2's rating: 1482 → 1465(-17 for losing)
|raw|GLOWKING SWEEP's rating: 1540 → 1557(+17 for winning)
|l|☆CrazyDiamond Act2
