|j|☆supa fye kye
|j|☆suohn
|t:|1685920862
|gametype|singles
|player|p1|supa fye kye|psychic-gen2|1329
|player|p2|suohn|emmet|1379
|teamsize|p1|6
|teamsize|p2|6
|gen|9
|tier|[Gen 9] OU
|rated|
|rule|Sleep Clause Mod: Limit one foe put to sleep
|rule|Species Clause: Limit one of each Pokémon
|rule|OHKO Clause: OHKO moves are banned
|rule|Evasion Items Clause: Evasion items are banned
|rule|Evasion Moves Clause: Evasion moves are banned
|rule|Endless Battle Clause: Forcing endless battles is banned
|rule|HP Percentage Mod: HP is shown in percentages
|clearpoke
|poke|p1|Zamazenta-*|
|poke|p1|Urshifu-*, F|
|poke|p1|Muk-Alola, M|
|poke|p1|Zapdos|
|poke|p1|Ditto|
|poke|p1|Hoopa-Unbound|
|poke|p2|Ursaring, M|
|poke|p2|Espeon, M|
|poke|p2|Hydreigon, M|
|poke|p2|Great Tusk|
|poke|p2|Rotom-Wash|
|poke|p2|Kingambit, F|
|teampreview
|inactive|Battle timer is ON: inactive players will automatically lose when time's up. (requested by supa fye kye)
|
|t:|1685920888
|start
|switch|p1a: Muk|Muk-Alola, M|100/100
|switch|p2a: Rotom|Rotom-Wash, shiny|100/100
|turn|1
|
|t:|1685920899
|move|p2a: Rotom|Volt Switch|p1a: Muk
|-damage|p1a: Muk|75/100
|
|t:|1685920909
|switch|p2a: Ursaring|Ursaring, M, shiny|100/100|[from] Volt Switch
|move|p1a: Muk|Poison Jab|p2a: Ursaring
|-damage|p2a: Ursaring|75/100
|
|upkeep
|turn|2
|
|t:|1685920917
|move|p2a: Ursaring|Bulk Up|p2a: Ursaring
|-boost|p2a: Ursaring|atk|1
|-boost|p2a: Ursaring|def|1
|move|p1a: Muk|Knock Off|p2a: Ursaring
|-damage|p2a: Ursaring|54/100
|-status|p2a: Ursaring|psn|[from] ability: Poison Touch|[of] p1a: Muk
|-enditem|p2a: Ursaring|Eviolite|[from] move: Knock Off|[of] p1a: Muk
|
|-damage|p2a: Ursaring|41/100 psn|[from] psn
|upkeep
|turn|3
|
|t:|1685920921
|switch|p1a: Zapdos|Zapdos|100/100
|move|p2a: Ursaring|Earthquake|p1a: Zapdos
|-immune|p1a: Zapdos
|
|-damage|p2a: Ursaring|29/100 psn|[from] psn
|upkeep
|turn|4
|
|t:|1685920924
|move|p1a: Zapdos|Volt Switch|p2a: Ursaring
|-damage|p2a: Ursaring|3/100 psn
|
|t:|1685920931
|switch|p1a: Zamazenta|Zamazenta|100/100|[from] Volt Switch
|-ability|p1a: Zamazenta|Dauntless Shield|boost
|-boost|p1a: Zamazenta|def|1
|move|p2a: Ursaring|Body Slam|p1a: Zamazenta
|-damage|p1a: Zamazenta|54/100
|
|-heal|p1a: Zamazenta|60/100|[from] item: Leftovers
|-damage|p2a: Ursaring|0 fnt|[from] psn
|faint|p2a: Ursaring
|upkeep
|
|t:|1685920960
|switch|p2a: Great Tusk|Great Tusk|100/100
|turn|5
|
|t:|1685920962
|move|p1a: Zamazenta|Iron Defense|p1a: Zamazenta
|-boost|p1a: Zamazenta|def|2
|move|p2a: Great Tusk|Stealth Rock|p1a: Zamazenta
|-sidestart|p1: supa fye kye|move: Stealth Rock
|
|-heal|p1a: Zamazenta|66/100|[from] item: Leftovers
|upkeep
|turn|6
|
|t:|1685920971
|-end|p2a: Great Tusk|Protosynthesis|[silent]
|switch|p2a: Rotom|Rotom-Wash, shiny|100/100
|move|p1a: Zamazenta|Substitute|p1a: Zamazenta
|-start|p1a: Zamazenta|Substitute
|-damage|p1a: Zamazenta|41/100
|
|-heal|p1a: Zamazenta|48/100|[from] item: Leftovers
|upkeep
|turn|7
|
|t:|1685920977
|move|p1a: Zamazenta|Body Press|p2a: Rotom
|-damage|p2a: Rotom|3/100
|move|p2a: Rotom|Volt Switch|p1a: Zamazenta
|-crit|p1a: Zamazenta
|-end|p1a: Zamazenta|Substitute
|
|t:|1685920981
|switch|p2a: Espeon|Espeon, M, shiny|100/100|[from] Volt Switch
|
|-heal|p1a: Zamazenta|54/100|[from] item: Leftovers
|upkeep
|turn|8
|
|t:|1685920987
|move|p1a: Zamazenta|Crunch|p2a: Espeon
|-supereffective|p2a: Espeon
|-damage|p2a: Espeon|20/100
|move|p2a: Espeon|Psychic|p1a: Zamazenta
|-supereffective|p1a: Zamazenta
|-damage|p1a: Zamazenta|0 fnt
|faint|p1a: Zamazenta
|
|upkeep
|
|t:|1685920990
|switch|p1a: Muk|Muk-Alola, M|75/100
|-damage|p1a: Muk|63/100|[from] Stealth Rock
|turn|9
|
|t:|1685920999
|switch|p2a: Rotom|Rotom-Wash, shiny|3/100
|move|p1a: Muk|Knock Off|p2a: Rotom
|-damage|p2a: Rotom|0 fnt
|-enditem|p2a: Rotom|Choice Specs|[from] move: Knock Off|[of] p1a: Muk
|faint|p2a: Rotom
|
|upkeep
|
|t:|1685921004
|switch|p2a: Great Tusk|Great Tusk|100/100
|turn|10
|
|t:|1685921010
|switch|p1a: Zapdos|Zapdos|100/100
|move|p2a: Great Tusk|Earthquake|p1a: Zapdos
|-immune|p1a: Zapdos
|
|upkeep
|turn|11
|
|t:|1685921014
|move|p1a: Zapdos|Hurricane|p2a: Great Tusk
|-supereffective|p2a: Great Tusk
|-damage|p2a: Great Tusk|0 fnt
|faint|p2a: Great Tusk
|-end|p2a: Great Tusk|Protosynthesis|[silent]
|
|upkeep
|
|t:|1685921018
|switch|p2a: Hydreigon|Hydreigon, M, shiny|100/100
|turn|12
|
|t:|1685921020
|move|p2a: Hydreigon|Draco Meteor|p1a: Zapdos
|-damage|p1a: Zapdos|42/100
|-unboost|p2a: Hydreigon|spa|2
|-enditem|p2a: Hydreigon|Eject Pack
|
|t:|1685921025
|switch|p2a: Espeon|Espeon, M, shiny|20/100
|move|p1a: Zapdos|Volt Switch|p2a: Espeon
|-damage|p2a: Espeon|0 fnt
|faint|p2a: Espeon
|
|t:|1685921033
|switch|p1a: Hoopa|Hoopa-Unbound|100/100|[from] Volt Switch
|-damage|p1a: Hoopa|88/100|[from] Stealth Rock
|
|upkeep
|
|t:|1685921037
|switch|p2a: Kingambit|Kingambit, F|100/100
|-activate|p2a: Kingambit|ability: Supreme Overlord
|-start|p2a: Kingambit|fallen4|[silent]
|turn|13
|
|t:|1685921046
|switch|p1a: Zapdos|Zapdos|42/100
|move|p2a: Kingambit|Swords Dance|p2a: Kingambit
|-boost|p2a: Kingambit|atk|2
|
|upkeep
|turn|14
|
|t:|1685921058
|move|p2a: Kingambit|Sucker Punch||[still]
|-fail|p2a: Kingambit
|move|p1a: Zapdos|Roost|p1a: Zapdos
|-heal|p1a: Zapdos|92/100
|-singleturn|p1a: Zapdos|move: Roost
|
|upkeep
|turn|15
|
|t:|1685921061
|move|p2a: Kingambit|Sucker Punch|p1a: Zapdos
|-damage|p1a: Zapdos|0 fnt
|faint|p1a: Zapdos
|
|upkeep
|
|t:|1685921065
|switch|p1a: Urshifu|Urshifu-Rapid-Strike, F|100/100
|-damage|p1a: Urshifu|94/100|[from] Stealth Rock
|turn|16
|
|t:|1685921085
|-terastallize|p2a: Kingambit|Fire
|move|p1a: Urshifu|Close Combat|p2a: Kingambit
|-damage|p2a: Kingambit|55/100
|-unboost|p1a: Urshifu|def|1
|-unboost|p1a: Urshifu|spd|1
|move|p2a: Kingambit|Kowtow Cleave|p1a: Urshifu
|-resisted|p1a: Urshifu
|-damage|p1a: Urshifu|0 fnt
|faint|p1a: Urshifu
|
|upkeep
|
|t:|1685921090
|switch|p1a: Ditto|Ditto|100/100
|-transform|p1a: Ditto|p2a: Kingambit|[from] ability: Imposter
|-activate|p1a: Ditto|ability: Supreme Overlord
|-start|p1a: Ditto|fallen3|[silent]
|-start|p1a: Ditto|typechange|Dark/Steel|[silent]
|turn|17
|
|t:|1685921111
|move|p1a: Ditto|Sucker Punch|p2a: Kingambit
|-damage|p2a: Kingambit|0 fnt
|faint|p2a: Kingambit
|-end|p2a: Kingambit|fallen4|[silent]
|
|upkeep
|
|t:|1685921113
|switch|p2a: Hydreigon|Hydreigon, M, shiny|100/100
|turn|18
|
|t:|1685921118
|move|p2a: Hydreigon|Flamethrower|p1a: Ditto
|-supereffective|p1a: Ditto
|-damage|p1a: Ditto|20/100
|move|p1a: Ditto|Iron Head|p2a: Hydreigon
|-damage|p2a: Hydreigon|0 fnt
|faint|p2a: Hydreigon
|
|win|supa fye kye
|raw|supa fye kye's rating: 1329 → 1352(+23 for winning)
|raw|suohn's rating: 1379 → 1356(-23 for losing)
|c|☆supa fye kye|gg
|l|☆suohn
