|j|☆Froton
|j|☆Crystalzee
|t:|1685900746
|gametype|singles
|player|p1|Froton|hexmaniac-gen6|1143
|player|p2|Crystalzee|acetrainerf|1163
|teamsize|p1|6
|teamsize|p2|6
|gen|9
|tier|[Gen 9] OU
|rated|
|rule|Sleep Clause Mod: Limit one foe put to sleep
|rule|Species Clause: Limit one of each Pokémon
|rule|OHKO Clause: OHKO moves are banned
|rule|Evasion Items Clause: Evasion items are banned
|rule|Evasion Moves Clause: Evasion moves are banned
|rule|Endless Battle Clause: Forcing endless battles is banned
|rule|HP Percentage Mod: HP is shown in percentages
|clearpoke
|poke|p1|Kingambit, M|
|poke|p1|Gothitelle, F|
|poke|p1|Ceruledge, M|
|poke|p1|Lilligant-Hisui, F|
|poke|p1|Enamorus, F|
|poke|p1|Armarouge, M|
|poke|p2|Ursaluna, M|
|poke|p2|Basculegion-F, F|
|poke|p2|Braviary-Hisui, M|
|poke|p2|Enamorus, F|
|poke|p2|Kingambit, M|
|poke|p2|Chien-Pao|
|teampreview
|inactive|Battle timer is ON: inactive players will automatically lose when time's up. (requested by Crystalzee)
|
|t:|1685900766
|start
|switch|p1a: Lilligant|Lilligant-Hisui, F|100/100
|switch|p2a: Ursaluna|Ursaluna, M|100/100
|turn|1
|
|t:|1685900774
|switch|p2a: Basculegion|Basculegion-F, F|100/100
|move|p1a: Lilligant|Victory Dance|p1a: Lilligant
|-boost|p1a: Lilligant|atk|1
|-boost|p1a: Lilligant|def|1
|-boost|p1a: Lilligant|spe|1
|
|upkeep
|turn|2
|
|t:|1685900782
|-terastallize|p2a: Basculegion|Fire
|move|p1a: Lilligant|Leaf Blade|p2a: Basculegion
|-resisted|p2a: Basculegion
|-damage|p2a: Basculegion|49/100
|move|p2a: Basculegion|Tera Blast|p1a: Lilligant
|-supereffective|p1a: Lilligant
|-enditem|p1a: Lilligant|Focus Sash
|-damage|p1a: Lilligant|1/100
|
|upkeep
|turn|3
|
|t:|1685900793
|move|p1a: Lilligant|Leaf Blade|p2a: Basculegion
|-resisted|p2a: Basculegion
|-damage|p2a: Basculegion|0 fnt
|faint|p2a: Basculegion
|
|upkeep
|
|t:|1685900797
|switch|p2a: Kingambit|Kingambit, M|100/100
|-activate|p2a: Kingambit|ability: Supreme Overlord
|-start|p2a: Kingambit|fallen1|[silent]
|turn|4
|
|t:|1685900806
|switch|p1a: Enamorus|Enamorus, F|100/100
|move|p2a: Kingambit|Sucker Punch||[still]
|-fail|p2a: Kingambit
|
|upkeep
|turn|5
|
|t:|1685900811
|move|p1a: Enamorus|Superpower|p2a: Kingambit
|-supereffective|p2a: Kingambit
|-damage|p2a: Kingambit|0 fnt
|-boost|p1a: Enamorus|atk|1
|-boost|p1a: Enamorus|def|1
|faint|p2a: Kingambit
|-end|p2a: Kingambit|fallen1|[silent]
|
|upkeep
|
|t:|1685900816
|switch|p2a: Braviary|Braviary-Hisui, M|100/100
|turn|6
|
|t:|1685900833
|move|p1a: Enamorus|Play Rough|p2a: Braviary
|-damage|p2a: Braviary|27/100
|move|p2a: Braviary|Hurricane|p1a: Enamorus
|-damage|p1a: Enamorus|22/100
|-start|p1a: Enamorus|confusion
|
|-heal|p1a: Enamorus|28/100|[from] item: Leftovers
|upkeep
|turn|7
|
|t:|1685900845
|-activate|p1a: Enamorus|confusion
|-damage|p1a: Enamorus|9/100|[from] confusion
|move|p2a: Braviary|Roost|p2a: Braviary
|-heal|p2a: Braviary|78/100
|-singleturn|p2a: Braviary|move: Roost
|
|-heal|p1a: Enamorus|15/100|[from] item: Leftovers
|upkeep
|turn|8
|
|t:|1685900856
|-activate|p1a: Enamorus|confusion
|-damage|p1a: Enamorus|0 fnt|[from] confusion
|faint|p1a: Enamorus
|move|p2a: Braviary|Psychic|p1: Enamorus|[notarget]
|-fail|p2a: Braviary
|
|upkeep
|
|t:|1685900871
|switch|p1a: Lilligant|Lilligant-Hisui, F|1/100
|turn|9
|
|t:|1685900878
|move|p1a: Lilligant|Ice Spinner|p2a: Braviary
|-supereffective|p2a: Braviary
|-damage|p2a: Braviary|8/100
|move|p2a: Braviary|Psychic|p1a: Lilligant
|-supereffective|p1a: Lilligant
|-damage|p1a: Lilligant|0 fnt
|faint|p1a: Lilligant
|
|upkeep
|
|t:|1685900895
|switch|p1a: Ceruledge|Ceruledge, M|100/100
|turn|10
|
|t:|1685900902
|move|p1a: Ceruledge|Swords Dance|p1a: Ceruledge
|-boost|p1a: Ceruledge|atk|2
|move|p2a: Braviary|Hurricane|p1a: Ceruledge|[miss]
|-miss|p2a: Braviary|p1a: Ceruledge
|
|upkeep
|turn|11
|
|t:|1685900906
|move|p1a: Ceruledge|Shadow Claw|p2a: Braviary
|-supereffective|p2a: Braviary
|-damage|p2a: Braviary|0 fnt
|faint|p2a: Braviary
|
|upkeep
|
|t:|1685900909
|switch|p2a: Chien-Pao|Chien-Pao|100/100
|-ability|p2a: Chien-Pao|Sword of Ruin
|turn|12
|
|t:|1685900914
|move|p2a: Chien-Pao|Throat Chop|p1a: Ceruledge
|-supereffective|p1a: Ceruledge
|-enditem|p1a: Ceruledge|Focus Sash
|-damage|p1a: Ceruledge|1/100
|-start|p1a: Ceruledge|Throat Chop|[silent]
|-ability|p1a: Ceruledge|Weak Armor|boost
|-unboost|p1a: Ceruledge|def|1
|-boost|p1a: Ceruledge|spe|2
|-damage|p2a: Chien-Pao|91/100|[from] item: Life Orb
|move|p1a: Ceruledge|Bitter Blade|p2a: Chien-Pao
|-supereffective|p2a: Chien-Pao
|-damage|p2a: Chien-Pao|0 fnt
|-heal|p1a: Ceruledge|47/100|[from] drain|[of] p2a: Chien-Pao
|faint|p2a: Chien-Pao
|
|upkeep
|
|t:|1685900918
|switch|p2a: Ursaluna|Ursaluna, M|100/100
|turn|13
|
|t:|1685900924
|move|p1a: Ceruledge|Bitter Blade|p2a: Ursaluna
|-damage|p2a: Ursaluna|39/100
|-heal|p1a: Ceruledge|96/100|[from] drain|[of] p2a: Ursaluna
|move|p2a: Ursaluna|Earthquake|p1a: Ceruledge
|-supereffective|p1a: Ceruledge
|-damage|p1a: Ceruledge|0 fnt
|faint|p1a: Ceruledge
|
|-status|p2a: Ursaluna|brn|[from] item: Flame Orb
|upkeep
|
|t:|1685900932
|switch|p1a: Armarouge|Armarouge, M|100/100
|turn|14
|
|t:|1685900936
|move|p1a: Armarouge|Endure|p1a: Armarouge
|-singleturn|p1a: Armarouge|move: Endure
|move|p2a: Ursaluna|Earthquake|p1a: Armarouge
|-supereffective|p1a: Armarouge
|-activate|p1a: Armarouge|move: Endure
|-damage|p1a: Armarouge|1/100
|-ability|p1a: Armarouge|Weak Armor|boost
|-unboost|p1a: Armarouge|def|1
|-boost|p1a: Armarouge|spe|2
|-enditem|p1a: Armarouge|Weakness Policy
|-boost|p1a: Armarouge|atk|2|[from] item: Weakness Policy
|-boost|p1a: Armarouge|spa|2|[from] item: Weakness Policy
|
|-damage|p2a: Ursaluna|33/100 brn|[from] brn
|upkeep
|turn|15
|
|t:|1685900941
|move|p1a: Armarouge|Aura Sphere|p2a: Ursaluna
|-supereffective|p2a: Ursaluna
|-damage|p2a: Ursaluna|0 fnt
|faint|p2a: Ursaluna
|
|upkeep
|
|t:|1685900943
|switch|p2a: Enamorus|Enamorus, F|100/100
|turn|16
|
|t:|1685900954
|move|p1a: Armarouge|Armor Cannon|p2a: Enamorus
|-damage|p2a: Enamorus|0 fnt
|-unboost|p1a: Armarouge|def|1
|-unboost|p1a: Armarouge|spd|1
|faint|p2a: Enamorus
|
|win|Froton
|raw|Froton's rating: 1143 → 1169(+26 for winning)
|raw|Crystalzee's rating: 1163 → 1137(-26 for losing)
|l|☆Crystalzee
