|j|‽yoissy
|j|☆Mewt Ensorcell
|t:|1685845504
|gametype|singles
|player|p1|yoissy|2|1094
|player|p2|Mewt Ensorcell|rocketgruntf|1083
|teamsize|p1|6
|teamsize|p2|6
|gen|9
|tier|[Gen 9] OU
|rated|
|rule|Sleep Clause Mod: Limit one foe put to sleep
|rule|Species Clause: Limit one of each Pokémon
|rule|OHKO Clause: OHKO moves are banned
|rule|Evasion Items Clause: Evasion items are banned
|rule|Evasion Moves Clause: Evasion moves are banned
|rule|Endless Battle Clause: Forcing endless battles is banned
|rule|HP Percentage Mod: HP is shown in percentages
|clearpoke
|poke|p1|Landorus-Therian, M|
|poke|p1|Garganacl, F|
|poke|p1|Torkoal, M|
|poke|p1|Slowking, F|
|poke|p1|Walking Wake|
|poke|p1|Sneasler, M|
|poke|p2|Rotom-Wash|
|poke|p2|Gholdengo|
|poke|p2|Garchomp, M|
|poke|p2|Tyranitar, M|
|poke|p2|Glimmora, M|
|poke|p2|Corviknight, M|
|teampreview
|inactive|Battle timer is ON: inactive players will automatically lose when time's up. (requested by Mewt Ensorcell)
|
|t:|1685845519
|start
|switch|p1a: Sneasler|Sneasler, M|100/100
|switch|p2a: Moon|Glimmora, M|100/100
|-ability|p1a: Sneasler|Pressure
|turn|1
|
|t:|1685845537
|move|p1a: Sneasler|Fake Out|p2a: Moon
|-resisted|p2a: Moon
|-crit|p2a: Moon
|-damage|p2a: Moon|90/100
|-damage|p1a: Sneasler|84/100|[from] item: Rocky Helmet|[of] p2a: Moon
|-activate|p2a: Moon|ability: Toxic Debris
|-sidestart|p1: yoissy|move: Toxic Spikes
|cant|p2a: Moon|flinch
|
|upkeep
|turn|2
|
|t:|1685845559
|switch|p1a: Landorus|Landorus-Therian, M|100/100
|-ability|p1a: Landorus|Intimidate|boost
|-unboost|p2a: Moon|atk|1
|move|p2a: Moon|Earth Power|p1a: Landorus
|-immune|p1a: Landorus
|
|upkeep
|turn|3
|
|t:|1685845574
|-terastallize|p2a: Moon|Flying
|move|p1a: Landorus|Sandsear Storm|p2a: Moon
|-immune|p2a: Moon
|move|p2a: Moon|Sludge Bomb|p1a: Landorus
|-resisted|p1a: Landorus
|-damage|p1a: Landorus|65/100
|
|upkeep
|turn|4
|inactive|yoissy has 120 seconds left.
|
|t:|1685845600
|switch|p1a: Sneasler|Sneasler, M|84/100
|-sideend|p1: yoissy|move: Toxic Spikes|[of] p1a: Sneasler
|-ability|p1a: Sneasler|Pressure
|move|p2a: Moon|Sludge Bomb|p1a: Sneasler
|-resisted|p1a: Sneasler
|-damage|p1a: Sneasler|52/100
|
|upkeep
|turn|5
|inactive|yoissy has 120 seconds left.
|
|t:|1685845629
|switch|p1a: Slowking|Slowking, F|100/100
|switch|p2a: Soul|Gholdengo|100/100
|
|upkeep
|turn|6
|
|t:|1685845639
|move|p2a: Soul|Make It Rain|p1a: Slowking
|-resisted|p1a: Slowking
|-damage|p1a: Slowking|80/100
|-unboost|p2a: Soul|spa|1
|move|p1a: Slowking|Shadow Ball|p2a: Soul
|-supereffective|p2a: Soul
|-damage|p2a: Soul|45/100
|
|-heal|p1a: Slowking|86/100|[from] item: Leftovers
|upkeep
|turn|7
|inactive|yoissy has 120 seconds left.
|
|t:|1685845652
|switch|p2a: Manda|Tyranitar, M, shiny|100/100
|-weather|Sandstorm|[from] ability: Sand Stream|[of] p2a: Manda
|move|p1a: Slowking|Shadow Ball|p2a: Manda
|-resisted|p2a: Manda
|-damage|p2a: Manda|95/100
|
|-weather|Sandstorm|[upkeep]
|-damage|p1a: Slowking|80/100|[from] Sandstorm
|-heal|p1a: Slowking|86/100|[from] item: Leftovers
|upkeep
|turn|8
|inactive|yoissy has 120 seconds left.
|
|t:|1685845687
|switch|p1a: Garganacl|Garganacl, F|100/100
|move|p2a: Manda|Stealth Rock|p1a: Garganacl
|-sidestart|p1: yoissy|move: Stealth Rock
|
|-weather|Sandstorm|[upkeep]
|upkeep
|turn|9
|inactive|Mewt Ensorcell has 120 seconds left.
|
|t:|1685845716
|switch|p2a: Moon|Glimmora, M, tera:Flying|90/100
|move|p1a: Garganacl|Salt Cure|p2a: Moon
|-supereffective|p2a: Moon
|-damage|p2a: Moon|64/100
|-start|p2a: Moon|Salt Cure
|-activate|p2a: Moon|ability: Toxic Debris
|-sidestart|p1: yoissy|move: Toxic Spikes
|
|-weather|Sandstorm|[upkeep]
|-damage|p2a: Moon|58/100|[from] Sandstorm
|-damage|p2a: Moon|45/100|[from] Salt Cure
|upkeep
|turn|10
|inactive|Mewt Ensorcell has 120 seconds left.
|inactive|yoissy has 90 seconds left.
|
|t:|1685845741
|switch|p2a: Yata|Corviknight, M, shiny|100/100
|move|p1a: Garganacl|Salt Cure|p2a: Yata
|-damage|p2a: Yata|92/100
|-start|p2a: Yata|Salt Cure
|
|-weather|Sandstorm|[upkeep]
|-damage|p2a: Yata|67/100|[from] Salt Cure
|upkeep
|turn|11
|inactive|yoissy has 90 seconds left.
|inactive|Mewt Ensorcell has 120 seconds left.
|
|t:|1685845754
|move|p2a: Yata|Drill Peck|p1a: Garganacl
|-resisted|p1a: Garganacl
|-damage|p1a: Garganacl|92/100
|move|p1a: Garganacl|Iron Defense|p1a: Garganacl
|-boost|p1a: Garganacl|def|2
|
|-weather|none
|-heal|p1a: Garganacl|99/100|[from] item: Leftovers
|-damage|p2a: Yata|43/100|[from] Salt Cure
|upkeep
|turn|12
|inactive|Mewt Ensorcell has 120 seconds left.
|
|t:|1685845764
|move|p2a: Yata|Roost|p2a: Yata
|-heal|p2a: Yata|93/100
|-singleturn|p2a: Yata|move: Roost
|move|p1a: Garganacl|Salt Cure|p2a: Yata
|-resisted|p2a: Yata
|-damage|p2a: Yata|88/100
|
|-heal|p1a: Garganacl|100/100|[from] item: Leftovers
|-damage|p2a: Yata|64/100|[from] Salt Cure
|upkeep
|turn|13
|inactive|Mewt Ensorcell has 120 seconds left.
|
|t:|1685845775
|move|p2a: Yata|U-turn|p1a: Garganacl
|-crit|p1a: Garganacl
|-damage|p1a: Garganacl|86/100
|inactive|Mewt Ensorcell has 120 seconds left.
|
|t:|1685845794
|switch|p2a: Manda|Tyranitar, M, shiny|95/100|[from] U-turn
|-weather|Sandstorm|[from] ability: Sand Stream|[of] p2a: Manda
|move|p1a: Garganacl|Iron Defense|p1a: Garganacl
|-boost|p1a: Garganacl|def|2
|
|-weather|Sandstorm|[upkeep]
|-heal|p1a: Garganacl|92/100|[from] item: Leftovers
|upkeep
|turn|14
|
|t:|1685845808
|move|p1a: Garganacl|Body Press|p2a: Manda
|-supereffective|p2a: Manda
|-damage|p2a: Manda|0 fnt
|-damage|p1a: Garganacl|76/100|[from] item: Rocky Helmet|[of] p2a: Manda
|faint|p2a: Manda
|
|-weather|Sandstorm|[upkeep]
|-heal|p1a: Garganacl|82/100|[from] item: Leftovers
|upkeep
|
|t:|1685845817
|switch|p2a: Saint|Garchomp, M, shiny|100/100
|turn|15
|inactive|yoissy has 120 seconds left.
|inactive|yoissy has 90 seconds left.
|
|t:|1685845875
|move|p2a: Saint|Earth Power|p1a: Garganacl
|-supereffective|p1a: Garganacl
|-damage|p1a: Garganacl|54/100
|move|p1a: Garganacl|Salt Cure|p2a: Saint
|-resisted|p2a: Saint
|-damage|p2a: Saint|93/100
|-start|p2a: Saint|Salt Cure
|
|-weather|Sandstorm|[upkeep]
|-heal|p1a: Garganacl|60/100|[from] item: Leftovers
|-damage|p2a: Saint|81/100|[from] Salt Cure
|upkeep
|turn|16
|inactive|Mewt Ensorcell has 120 seconds left.
|
|t:|1685845889
|switch|p2a: Soul|Gholdengo|45/100
|move|p1a: Garganacl|Recover|p1a: Garganacl
|-heal|p1a: Garganacl|100/100
|
|-weather|Sandstorm|[upkeep]
|upkeep
|turn|17
|inactive|yoissy has 90 seconds left.
|inactive|Mewt Ensorcell has 120 seconds left.
|
|t:|1685845897
|move|p2a: Soul|Trick|p1a: Garganacl
|-activate|p2a: Soul|move: Trick|[of] p1a: Garganacl
|-item|p1a: Garganacl|Choice Scarf|[from] move: Trick
|-item|p2a: Soul|Leftovers|[from] move: Trick
|move|p1a: Garganacl|Salt Cure|p2a: Soul
|-resisted|p2a: Soul
|-damage|p2a: Soul|37/100
|-start|p2a: Soul|Salt Cure
|
|-weather|none
|-heal|p2a: Soul|43/100|[from] item: Leftovers
|-damage|p2a: Soul|18/100|[from] Salt Cure
|upkeep
|turn|18
|inactive|yoissy has 90 seconds left.
|inactive|Mewt Ensorcell has 120 seconds left.
|
|t:|1685845913
|move|p2a: Soul|Recover|p2a: Soul
|-heal|p2a: Soul|68/100
|move|p1a: Garganacl|Salt Cure|p2a: Soul
|-resisted|p2a: Soul
|-damage|p2a: Soul|61/100
|
|-heal|p2a: Soul|67/100|[from] item: Leftovers
|-damage|p2a: Soul|42/100|[from] Salt Cure
|upkeep
|turn|19
|
|t:|1685845922
|move|p2a: Soul|Recover|p2a: Soul
|-heal|p2a: Soul|93/100
|move|p1a: Garganacl|Salt Cure|p2a: Soul
|-resisted|p2a: Soul
|-damage|p2a: Soul|84/100
|
|-heal|p2a: Soul|90/100|[from] item: Leftovers
|-damage|p2a: Soul|65/100|[from] Salt Cure
|upkeep
|turn|20
|
|t:|1685845935
|switch|p1a: Torkoal|Torkoal, M|100/100
|-weather|SunnyDay|[from] ability: Drought|[of] p1a: Torkoal
|move|p2a: Soul|Recover|p2a: Soul
|-heal|p2a: Soul|100/100
|
|-weather|SunnyDay|[upkeep]
|-damage|p2a: Soul|76/100|[from] Salt Cure
|upkeep
|turn|21
|inactive|Mewt Ensorcell has 120 seconds left.
|
|t:|1685845955
|switch|p2a: Ensorcell|Rotom-Wash, shiny|100/100
|move|p1a: Torkoal|Rapid Spin|p2a: Ensorcell
|-damage|p2a: Ensorcell|88/100
|-boost|p1a: Torkoal|spe|1
|-sideend|p1: yoissy|Toxic Spikes|[from] move: Rapid Spin|[of] p1a: Torkoal
|-sideend|p1: yoissy|Stealth Rock|[from] move: Rapid Spin|[of] p1a: Torkoal
|
|-weather|SunnyDay|[upkeep]
|upkeep
|turn|22
|inactive|Mewt Ensorcell has 120 seconds left.
|inactive|yoissy has 90 seconds left.
|inactive|yoissy has 60 seconds left.
|
|t:|1685846001
|switch|p1a: Walking Wake|Walking Wake|100/100
|-activate|p1a: Walking Wake|ability: Protosynthesis
|-start|p1a: Walking Wake|protosynthesisspa
|move|p2a: Ensorcell|Light Screen|p2a: Ensorcell
|-sidestart|p2: Mewt Ensorcell|move: Light Screen
|
|-weather|SunnyDay|[upkeep]
|upkeep
|turn|23
|inactive|yoissy has 60 seconds left.
|inactive|Mewt Ensorcell has 120 seconds left.
|
|t:|1685846017
|switch|p2a: Soul|Gholdengo|76/100
|move|p1a: Walking Wake|Hydro Steam|p2a: Soul
|-damage|p2a: Soul|38/100
|
|-weather|SunnyDay|[upkeep]
|-heal|p2a: Soul|44/100|[from] item: Leftovers
|upkeep
|turn|24
|inactive|Mewt Ensorcell has 120 seconds left.
|inactive|yoissy has 60 seconds left.
|
|t:|1685846033
|move|p1a: Walking Wake|Flamethrower|p2a: Soul
|-supereffective|p2a: Soul
|-damage|p2a: Soul|0 fnt
|faint|p2a: Soul
|
|-weather|none
|-end|p1a: Walking Wake|Protosynthesis
|upkeep
|
|t:|1685846041
|switch|p2a: Saint|Garchomp, M, shiny|81/100
|turn|25
|
|t:|1685846049
|move|p2a: Saint|Draco Meteor|p1a: Walking Wake
|-supereffective|p1a: Walking Wake
|-crit|p1a: Walking Wake
|-damage|p1a: Walking Wake|0 fnt
|-unboost|p2a: Saint|spa|2
|faint|p1a: Walking Wake
|-end|p1a: Walking Wake|Protosynthesis|[silent]
|
|upkeep
|inactive|yoissy has 60 seconds left.
|
|t:|1685846072
|switch|p1a: Sneasler|Sneasler, M|52/100
|-ability|p1a: Sneasler|Pressure
|turn|26
|
|t:|1685846078
|switch|p2a: Yata|Corviknight, M, shiny|64/100
|move|p1a: Sneasler|Fake Out|p2a: Yata
|-resisted|p2a: Yata
|-damage|p2a: Yata|60/100
|-damage|p1a: Sneasler|35/100|[from] item: Rocky Helmet|[of] p2a: Yata
|
|-sideend|p2: Mewt Ensorcell|move: Light Screen
|upkeep
|turn|27
|
|t:|1685846092
|switch|p1a: Garganacl|Garganacl, F|100/100
|move|p2a: Yata|Roost|p2a: Yata
|-heal|p2a: Yata|100/100
|-singleturn|p2a: Yata|move: Roost
|
|upkeep
|turn|28
|
|t:|1685846100
|move|p2a: Yata|Drill Peck|p1a: Garganacl
|-resisted|p1a: Garganacl
|-damage|p1a: Garganacl|93/100
|move|p1a: Garganacl|Salt Cure|p2a: Yata
|-damage|p2a: Yata|93/100
|-start|p2a: Yata|Salt Cure
|
|-damage|p2a: Yata|68/100|[from] Salt Cure
|upkeep
|turn|29
|
|t:|1685846117
|move|p2a: Yata|Drill Peck|p1a: Garganacl
|-resisted|p1a: Garganacl
|-damage|p1a: Garganacl|85/100
|move|p1a: Garganacl|Salt Cure|p2a: Yata
|-damage|p2a: Yata|60/100
|
|-damage|p2a: Yata|35/100|[from] Salt Cure
|upkeep
|turn|30
|
|t:|1685846126
|switch|p1a: Landorus|Landorus-Therian, M|65/100
|-ability|p1a: Landorus|Intimidate|boost
|-ability|p2a: Yata|Mirror Armor
|-unboost|p1a: Landorus|atk|1
|move|p2a: Yata|Roost|p2a: Yata
|-heal|p2a: Yata|85/100
|-singleturn|p2a: Yata|move: Roost
|
|-damage|p2a: Yata|61/100|[from] Salt Cure
|upkeep
|turn|31
|
|t:|1685846143
|switch|p1a: Garganacl|Garganacl, F|85/100
|move|p2a: Yata|Roost|p2a: Yata
|-heal|p2a: Yata|100/100
|-singleturn|p2a: Yata|move: Roost
|
|-damage|p2a: Yata|76/100|[from] Salt Cure
|upkeep
|turn|32
|
|t:|1685846153
|move|p2a: Yata|U-turn|p1a: Garganacl
|-damage|p1a: Garganacl|75/100
|
|t:|1685846158
|switch|p2a: Moon|Glimmora, M, tera:Flying|45/100|[from] U-turn
|move|p1a: Garganacl|Salt Cure|p2a: Moon
|-supereffective|p2a: Moon
|-damage|p2a: Moon|19/100
|-start|p2a: Moon|Salt Cure
|-activate|p2a: Moon|ability: Toxic Debris
|-sidestart|p1: yoissy|move: Toxic Spikes
|
|-damage|p2a: Moon|7/100|[from] Salt Cure
|upkeep
|turn|33
|
|t:|1685846183
|switch|p2a: Saint|Garchomp, M, shiny|81/100
|move|p1a: Garganacl|Salt Cure|p2a: Saint
|-resisted|p2a: Saint
|-damage|p2a: Saint|74/100
|-start|p2a: Saint|Salt Cure
|
|-damage|p2a: Saint|62/100|[from] Salt Cure
|upkeep
|turn|34
|inactive|yoissy has 60 seconds left.
|
|t:|1685846211
|switch|p1a: Landorus|Landorus-Therian, M|65/100
|-ability|p1a: Landorus|Intimidate|boost
|-unboost|p2a: Saint|atk|1
|move|p2a: Saint|Stealth Rock|p1a: Landorus
|-sidestart|p1: yoissy|move: Stealth Rock
|
|-damage|p2a: Saint|50/100|[from] Salt Cure
|upkeep
|turn|35
|
|t:|1685846222
|switch|p2a: Yata|Corviknight, M, shiny|76/100
|move|p1a: Landorus|Stone Edge|p2a: Yata|[miss]
|-miss|p1a: Landorus|p2a: Yata
|
|upkeep
|turn|36
|
|t:|1685846230
|switch|p1a: Torkoal|Torkoal, M|100/100
|-weather|SunnyDay|[from] ability: Drought|[of] p1a: Torkoal
|move|p2a: Yata|Drill Peck|p1a: Torkoal
|-damage|p1a: Torkoal|81/100
|
|-weather|SunnyDay|[upkeep]
|upkeep
|turn|37
|
|t:|1685846239
|move|p2a: Yata|U-turn|p1a: Torkoal
|-resisted|p1a: Torkoal
|-damage|p1a: Torkoal|75/100
|
|t:|1685846245
|switch|p2a: Ensorcell|Rotom-Wash, shiny|88/100|[from] U-turn
|move|p1a: Torkoal|Rapid Spin|p2a: Ensorcell
|-damage|p2a: Ensorcell|75/100
|-boost|p1a: Torkoal|spe|1
|-sideend|p1: yoissy|Toxic Spikes|[from] move: Rapid Spin|[of] p1a: Torkoal
|-sideend|p1: yoissy|Stealth Rock|[from] move: Rapid Spin|[of] p1a: Torkoal
|
|-weather|SunnyDay|[upkeep]
|upkeep
|turn|38
|
|t:|1685846267
|switch|p1a: Landorus|Landorus-Therian, M|65/100
|-ability|p1a: Landorus|Intimidate|boost
|-unboost|p2a: Ensorcell|atk|1
|move|p2a: Ensorcell|Hydro Pump|p1a: Landorus
|-supereffective|p1a: Landorus
|-damage|p1a: Landorus|0 fnt
|faint|p1a: Landorus
|
|-weather|SunnyDay|[upkeep]
|upkeep
|inactive|yoissy has 60 seconds left.
|
|t:|1685846283
|switch|p1a: Slowking|Slowking, F|100/100
|turn|39
|
|t:|1685846289
|switch|p2a: Yata|Corviknight, M, shiny|76/100
|move|p1a: Slowking|Future Sight|p2a: Yata
|-start|p1a: Slowking|move: Future Sight
|
|-weather|SunnyDay|[upkeep]
|upkeep
|turn|40
|
|t:|1685846299
|move|p2a: Yata|U-turn|p1a: Slowking
|-supereffective|p1a: Slowking
|-damage|p1a: Slowking|72/100
|
|t:|1685846303
|switch|p2a: Ensorcell|Rotom-Wash, shiny|75/100|[from] U-turn
|move|p1a: Slowking|Shadow Ball|p2a: Ensorcell
|-damage|p2a: Ensorcell|38/100
|
|-weather|none
|-heal|p1a: Slowking|78/100|[from] item: Leftovers
|upkeep
|turn|41
|inactive|yoissy has 60 seconds left.
|
|t:|1685846329
|-terastallize|p1a: Slowking|Fairy
|move|p2a: Ensorcell|Volt Switch|p1a: Slowking
|-damage|p1a: Slowking|53/100
|
|t:|1685846342
|switch|p2a: Yata|Corviknight, M, shiny|76/100|[from] Volt Switch
|move|p1a: Slowking|Trick Room|p1a: Slowking
|-fieldstart|move: Trick Room|[of] p1a: Slowking
|
|-end|p2a: Yata|move: Future Sight
|-resisted|p2a: Yata
|-damage|p2a: Yata|49/100
|-heal|p1a: Slowking|59/100|[from] item: Leftovers
|upkeep
|turn|42
|inactive|yoissy has 60 seconds left.
|
|t:|1685846357
|switch|p1a: Torkoal|Torkoal, M|75/100
|-weather|SunnyDay|[from] ability: Drought|[of] p1a: Torkoal
|move|p2a: Yata|Roost|p2a: Yata
|-heal|p2a: Yata|99/100
|-singleturn|p2a: Yata|move: Roost
|
|-weather|SunnyDay|[upkeep]
|upkeep
|turn|43
|
|t:|1685846370
|switch|p2a: Saint|Garchomp, M, shiny|50/100
|move|p1a: Torkoal|Eruption|p2a: Saint
|-resisted|p2a: Saint
|-damage|p2a: Saint|13/100
|
|-weather|SunnyDay|[upkeep]
|upkeep
|turn|44
|
|t:|1685846380
|move|p1a: Torkoal|Eruption|p2a: Saint
|-resisted|p2a: Saint
|-damage|p2a: Saint|0 fnt
|faint|p2a: Saint
|
|-weather|SunnyDay|[upkeep]
|upkeep
|
|t:|1685846388
|switch|p2a: Yata|Corviknight, M, shiny|99/100
|turn|45
|
|t:|1685846397
|move|p1a: Torkoal|Solar Beam||[still]
|-prepare|p1a: Torkoal|Solar Beam
|-anim|p1a: Torkoal|Solar Beam|p2a: Yata
|-resisted|p2a: Yata
|-damage|p2a: Yata|90/100
|move|p2a: Yata|Drill Peck|p1a: Torkoal
|-damage|p1a: Torkoal|54/100
|
|-weather|SunnyDay|[upkeep]
|-fieldend|move: Trick Room
|upkeep
|turn|46
|
|t:|1685846410
|switch|p1a: Garganacl|Garganacl, F|75/100
|move|p2a: Yata|U-turn|p1a: Garganacl
|-damage|p1a: Garganacl|65/100
|
|t:|1685846415
|switch|p2a: Ensorcell|Rotom-Wash, shiny|38/100|[from] U-turn
|
|-weather|none
|upkeep
|turn|47
|
|t:|1685846421
|switch|p1a: Slowking|Slowking, F, tera:Fairy|92/100
|move|p2a: Ensorcell|Hydro Pump|p1a: Slowking|[miss]
|-miss|p2a: Ensorcell|p1a: Slowking
|
|-heal|p1a: Slowking|98/100|[from] item: Leftovers
|upkeep
|turn|48
|-message|Mewt Ensorcell forfeited.
|
|win|yoissy
|raw|yoissy's rating: 1094 → 1119(+25 for winning)
|raw|Mewt Ensorcell's rating: 1083 → 1061(-22 for losing)
|l|☆Mewt Ensorcell
