|j|☆Chalyvas
|j|☆riverrhodes
|t:|1685927421
|gametype|singles
|player|p1|Chalyvas|102|1163
|player|p2|riverrhodes|266|1089
|teamsize|p1|6
|teamsize|p2|6
|gen|9
|tier|[Gen 9] OU
|rated|
|rule|Sleep Clause Mod: Limit one foe put to sleep
|rule|Species Clause: Limit one of each Pokémon
|rule|OHKO Clause: OHKO moves are banned
|rule|Evasion Items Clause: Evasion items are banned
|rule|Evasion Moves Clause: Evasion moves are banned
|rule|Endless Battle Clause: Forcing endless battles is banned
|rule|HP Percentage Mod: HP is shown in percentages
|clearpoke
|poke|p1|Ceruledge, M|
|poke|p1|Armarouge, F|
|poke|p1|Blissey, F|
|poke|p1|Donphan, M|
|poke|p1|Altaria, F|
|poke|p1|Grimmsnarl, M|
|poke|p2|Pelipper, M|
|poke|p2|Basculegion, M|
|poke|p2|Overqwil, M|
|poke|p2|Rillaboom, M|
|poke|p2|Sneasler, F|
|poke|p2|Magearna|
|teampreview
|inactive|Battle timer is ON: inactive players will automatically lose when time's up. (requested by Chalyvas)
|
|t:|1685927435
|start
|switch|p1a: Ceruledge|Ceruledge, M|100/100
|switch|p2a: Pelipper|Pelipper, M|100/100
|-weather|RainDance|[from] ability: Drizzle|[of] p2a: Pelipper
|turn|1
|
|t:|1685927443
|switch|p1a: Blissey|Blissey, F|100/100
|move|p2a: Pelipper|Surf|p1a: Blissey
|-damage|p1a: Blissey|87/100
|
|-weather|RainDance|[upkeep]
|-heal|p1a: Blissey|93/100|[from] item: Leftovers
|upkeep
|turn|2
|
|t:|1685927459
|move|p1a: Blissey|Thunder Wave|p2a: Pelipper
|-status|p2a: Pelipper|par
|move|p2a: Pelipper|U-turn|p1a: Blissey
|-damage|p1a: Blissey|75/100
|
|t:|1685927465
|switch|p2a: Overqwil|Overqwil, M|100/100|[from] U-turn
|-item|p2a: Overqwil|Air Balloon
|
|-weather|RainDance|[upkeep]
|-heal|p1a: Blissey|81/100|[from] item: Leftovers
|upkeep
|turn|3
|
|t:|1685927483
|switch|p1a: Donphan|Donphan, M|100/100
|move|p2a: Overqwil|Taunt|p1a: Donphan
|-start|p1a: Donphan|move: Taunt
|
|-weather|RainDance|[upkeep]
|upkeep
|turn|4
|
|t:|1685927497
|-terastallize|p2a: Overqwil|Ghost
|move|p2a: Overqwil|Spikes|p1a: Donphan
|-sidestart|p1: Chalyvas|Spikes
|move|p1a: Donphan|Rapid Spin|p2a: Overqwil
|-immune|p2a: Overqwil
|
|-weather|RainDance|[upkeep]
|upkeep
|turn|5
|
|t:|1685927504
|move|p1a: Donphan|Ice Shard|p2a: Overqwil
|-damage|p2a: Overqwil|87/100
|-enditem|p2a: Overqwil|Air Balloon
|move|p2a: Overqwil|Spikes|p1a: Donphan
|-sidestart|p1: Chalyvas|Spikes
|
|-weather|RainDance|[upkeep]
|-end|p1a: Donphan|move: Taunt
|upkeep
|turn|6
|
|t:|1685927514
|move|p2a: Overqwil|Spikes|p1a: Donphan
|-sidestart|p1: Chalyvas|Spikes
|move|p1a: Donphan|Earthquake|p2a: Overqwil
|-crit|p2a: Overqwil
|-damage|p2a: Overqwil|10/100
|
|-weather|RainDance|[upkeep]
|upkeep
|turn|7
|
|t:|1685927526
|move|p1a: Donphan|Ice Shard|p2a: Overqwil
|-damage|p2a: Overqwil|0 fnt
|faint|p2a: Overqwil
|
|-weather|RainDance|[upkeep]
|upkeep
|
|t:|1685927534
|switch|p2a: Basculegion|Basculegion, M|100/100
|turn|8
|c|☆riverrhodes|stupid dyke ass bitch
|
|t:|1685927552
|-terastallize|p1a: Donphan|Grass
|move|p2a: Basculegion|Wave Crash|p1a: Donphan
|-resisted|p1a: Donphan
|-damage|p1a: Donphan|57/100
|-damage|p2a: Basculegion|88/100|[from] Recoil
|move|p1a: Donphan|Earthquake|p2a: Basculegion
|-damage|p2a: Basculegion|24/100
|
|-weather|none
|upkeep
|turn|9
|
|t:|1685927568
|switch|p2a: Pelipper|Pelipper, M|100/100 par
|-weather|RainDance|[from] ability: Drizzle|[of] p2a: Pelipper
|move|p1a: Donphan|Ice Shard|p2a: Pelipper
|-crit|p2a: Pelipper
|-damage|p2a: Pelipper|84/100 par
|
|-weather|RainDance|[upkeep]
|upkeep
|turn|10
|
|t:|1685927577
|move|p1a: Donphan|Rapid Spin|p2a: Pelipper
|-damage|p2a: Pelipper|72/100 par
|-boost|p1a: Donphan|spe|1
|-sideend|p1: Chalyvas|Spikes|[from] move: Rapid Spin|[of] p1a: Donphan
|move|p2a: Pelipper|Hurricane|p1a: Donphan
|-supereffective|p1a: Donphan
|-damage|p1a: Donphan|0 fnt
|faint|p1a: Donphan
|
|-weather|RainDance|[upkeep]
|upkeep
|
|t:|1685927581
|switch|p1a: Grimmsnarl|Grimmsnarl, M|100/100
|turn|11
|
|t:|1685927605
|move|p1a: Grimmsnarl|Light Screen|p1a: Grimmsnarl
|-sidestart|p1: Chalyvas|move: Light Screen
|move|p2a: Pelipper|U-turn|p1a: Grimmsnarl
|-damage|p1a: Grimmsnarl|91/100
|
|t:|1685927621
|switch|p2a: Basculegion|Basculegion, M|24/100|[from] U-turn
|
|-weather|RainDance|[upkeep]
|upkeep
|turn|12
|l|☆Chalyvas
|inactive|Chalyvas disconnected and has a minute to reconnect!
|player|p1|
|j|☆Chalyvas
|inactive|Chalyvas reconnected and has 125 seconds left.
|player|p1|Chalyvas|102
|inactive|Chalyvas has 120 seconds left.
|
|t:|1685927657
|move|p1a: Grimmsnarl|Reflect|p1a: Grimmsnarl
|-sidestart|p1: Chalyvas|Reflect
|move|p2a: Basculegion|Wave Crash|p1a: Grimmsnarl
|-damage|p1a: Grimmsnarl|32/100
|-damage|p2a: Basculegion|3/100|[from] Recoil
|
|-weather|RainDance|[upkeep]
|upkeep
|turn|13
|
|t:|1685927672
|switch|p2a: Rillaboom|Rillaboom, M|100/100
|-fieldstart|move: Grassy Terrain|[from] ability: Grassy Surge|[of] p2a: Rillaboom
|move|p1a: Grimmsnarl|Parting Shot|p2a: Rillaboom
|-unboost|p2a: Rillaboom|atk|1
|-unboost|p2a: Rillaboom|spa|1
|
|t:|1685927691
|switch|p1a: Altaria|Altaria, F|100/100|[from] Parting Shot
|
|-weather|RainDance|[upkeep]
|upkeep
|turn|14
|
|t:|1685927699
|move|p2a: Rillaboom|U-turn|p1a: Altaria
|-resisted|p1a: Altaria
|-damage|p1a: Altaria|97/100
|
|t:|1685927702
|switch|p2a: Sneasler|Sneasler, F|100/100|[from] U-turn
|-enditem|p2a: Sneasler|Grassy Seed
|-boost|p2a: Sneasler|def|1|[from] item: Grassy Seed
|move|p1a: Altaria|Fire Spin|p2a: Sneasler
|-damage|p2a: Sneasler|97/100
|-activate|p2a: Sneasler|move: Fire Spin|[of] p1a: Altaria
|
|-weather|RainDance|[upkeep]
|-heal|p2a: Sneasler|100/100|[from] Grassy Terrain
|-damage|p2a: Sneasler|88/100|[from] move: Fire Spin|[partiallytrapped]
|upkeep
|turn|15
|inactive|Chalyvas has 120 seconds left.
|
|t:|1685927714
|move|p2a: Sneasler|Swords Dance|p2a: Sneasler
|-boost|p2a: Sneasler|atk|2
|move|p1a: Altaria|Perish Song|p1a: Altaria
|-start|p1a: Altaria|perish3|[silent]
|-start|p2a: Sneasler|perish3|[silent]
|-fieldactivate|move: Perish Song
|
|-weather|RainDance|[upkeep]
|-heal|p2a: Sneasler|94/100|[from] Grassy Terrain
|-damage|p2a: Sneasler|82/100|[from] move: Fire Spin|[partiallytrapped]
|-start|p2a: Sneasler|perish3
|-start|p1a: Altaria|perish3
|upkeep
|turn|16
|inactive|Chalyvas has 120 seconds left.
|
|t:|1685927727
|move|p2a: Sneasler|Close Combat|p1a: Altaria
|-resisted|p1a: Altaria
|-damage|p1a: Altaria|61/100
|-unboost|p2a: Sneasler|def|1
|-unboost|p2a: Sneasler|spd|1
|move|p1a: Altaria|Defog|p2a: Sneasler
|-unboost|p2a: Sneasler|evasion|1
|-fieldend|move: Grassy Terrain
|
|-weather|none
|-damage|p2a: Sneasler|70/100|[from] move: Fire Spin|[partiallytrapped]
|-start|p2a: Sneasler|perish2
|-start|p1a: Altaria|perish2
|upkeep
|turn|17
|inactive|Chalyvas has 120 seconds left.
|
|t:|1685927745
|move|p2a: Sneasler|Night Slash|p1a: Altaria
|-damage|p1a: Altaria|33/100
|move|p1a: Altaria|Fire Spin|p2a: Sneasler
|-damage|p2a: Sneasler|57/100
|
|-damage|p2a: Sneasler|45/100|[from] move: Fire Spin|[partiallytrapped]
|-start|p2a: Sneasler|perish1
|-start|p1a: Altaria|perish1
|upkeep
|turn|18
|l|☆Chalyvas
|inactive|Chalyvas disconnected and has a minute to reconnect!
|player|p1|
|j|☆Chalyvas
|inactive|Chalyvas reconnected and has 120 seconds left.
|player|p1|Chalyvas|102
|
|t:|1685927770
|switch|p1a: Blissey|Blissey, F|81/100
|move|p2a: Sneasler|Close Combat|p1a: Blissey
|-supereffective|p1a: Blissey
|-damage|p1a: Blissey|0 fnt
|-unboost|p2a: Sneasler|def|1
|-unboost|p2a: Sneasler|spd|1
|faint|p1a: Blissey
|
|-end|p2a: Sneasler|Fire Spin|[partiallytrapped]|[silent]
|-start|p2a: Sneasler|perish0
|faint|p2a: Sneasler
|-sideend|p1: Chalyvas|move: Light Screen
|upkeep
|
|t:|1685927780
|switch|p2a: Pelipper|Pelipper, M|72/100 par
|switch|p1a: Grimmsnarl|Grimmsnarl, M|32/100
|-weather|RainDance|[from] ability: Drizzle|[of] p2a: Pelipper
|turn|19
|inactive|Chalyvas has 120 seconds left.
|
|t:|1685927786
|move|p1a: Grimmsnarl|Light Screen|p1a: Grimmsnarl
|-sidestart|p1: Chalyvas|move: Light Screen
|move|p2a: Pelipper|Hurricane|p1a: Grimmsnarl
|-damage|p1a: Grimmsnarl|13/100
|
|-weather|RainDance|[upkeep]
|-sideend|p1: Chalyvas|Reflect
|upkeep
|turn|20
|
|t:|1685927803
|move|p1a: Grimmsnarl|Reflect|p1a: Grimmsnarl
|-sidestart|p1: Chalyvas|Reflect
|move|p2a: Pelipper|Hurricane|p1a: Grimmsnarl
|-damage|p1a: Grimmsnarl|0 fnt
|faint|p1a: Grimmsnarl
|
|-weather|RainDance|[upkeep]
|upkeep
|inactive|Chalyvas has 120 seconds left.
|
|t:|1685927813
|switch|p1a: Armarouge|Armarouge, F|100/100
|turn|21
|
|t:|1685927831
|move|p1a: Armarouge|Psychic|p2a: Pelipper
|-damage|p2a: Pelipper|5/100 par
|cant|p2a: Pelipper|par
|
|-weather|RainDance|[upkeep]
|upkeep
|turn|22
|
|t:|1685927842
|switch|p2a: Magearna|Magearna|100/100
|move|p1a: Armarouge|Psychic|p2a: Magearna
|-resisted|p2a: Magearna
|-damage|p2a: Magearna|80/100
|
|-weather|RainDance|[upkeep]
|upkeep
|turn|23
|
|t:|1685927857
|switch|p1a: Altaria|Altaria, F|33/100
|move|p2a: Magearna|Fleur Cannon|p1a: Altaria
|-supereffective|p1a: Altaria
|-damage|p1a: Altaria|0 fnt
|-unboost|p2a: Magearna|spa|2
|faint|p1a: Altaria
|-ability|p2a: Magearna|Soul-Heart|boost
|-boost|p2a: Magearna|spa|1
|
|-weather|RainDance|[upkeep]
|upkeep
|
|t:|1685927872
|switch|p1a: Armarouge|Armarouge, F|100/100
|turn|24
|
|t:|1685927885
|move|p1a: Armarouge|Armor Cannon|p2a: Magearna
|-supereffective|p2a: Magearna
|-damage|p2a: Magearna|19/100
|-unboost|p1a: Armarouge|def|1
|-unboost|p1a: Armarouge|spd|1
|-enditem|p2a: Magearna|Sitrus Berry|[eat]
|-heal|p2a: Magearna|44/100|[from] item: Sitrus Berry
|move|p2a: Magearna|Volt Switch|p1a: Armarouge
|-damage|p1a: Armarouge|86/100
|
|t:|1685927890
|switch|p2a: Basculegion|Basculegion, M|3/100|[from] Volt Switch
|
|-weather|RainDance|[upkeep]
|upkeep
|turn|25
|
|t:|1685927896
|move|p1a: Armarouge|Endure|p1a: Armarouge
|-singleturn|p1a: Armarouge|move: Endure
|move|p2a: Basculegion|Liquidation|p1a: Armarouge
|-supereffective|p1a: Armarouge
|-activate|p1a: Armarouge|move: Endure
|-damage|p1a: Armarouge|1/100
|-unboost|p1a: Armarouge|def|1
|-ability|p1a: Armarouge|Weak Armor|boost
|-unboost|p1a: Armarouge|def|1
|-boost|p1a: Armarouge|spe|2
|
|-weather|RainDance|[upkeep]
|upkeep
|turn|26
|
|t:|1685927908
|move|p2a: Basculegion|Liquidation|p1a: Armarouge
|-supereffective|p1a: Armarouge
|-damage|p1a: Armarouge|0 fnt
|faint|p1a: Armarouge
|
|-weather|none
|-sideend|p1: Chalyvas|move: Light Screen
|upkeep
|
|t:|1685927911
|switch|p1a: Ceruledge|Ceruledge, M|100/100
|turn|27
|
|t:|1685927926
|move|p2a: Basculegion|Liquidation|p1a: Ceruledge
|-supereffective|p1a: Ceruledge
|-damage|p1a: Ceruledge|19/100
|-ability|p1a: Ceruledge|Weak Armor|boost
|-unboost|p1a: Ceruledge|def|1
|-boost|p1a: Ceruledge|spe|2
|move|p1a: Ceruledge|Bitter Blade|p2a: Basculegion
|-resisted|p2a: Basculegion
|-crit|p2a: Basculegion
|-damage|p2a: Basculegion|0 fnt
|-heal|p1a: Ceruledge|21/100|[from] drain|[of] p2a: Basculegion
|faint|p2a: Basculegion
|
|-sideend|p1: Chalyvas|Reflect
|upkeep
|
|t:|1685927936
|switch|p2a: Magearna|Magearna|44/100
|turn|28
|
|t:|1685927942
|move|p1a: Ceruledge|Bitter Blade|p2a: Magearna
|-supereffective|p2a: Magearna
|-damage|p2a: Magearna|0 fnt
|-heal|p1a: Ceruledge|48/100|[from] drain|[of] p2a: Magearna
|faint|p2a: Magearna
|
|upkeep
|
|t:|1685927945
|switch|p2a: Rillaboom|Rillaboom, M|100/100
|-fieldstart|move: Grassy Terrain|[from] ability: Grassy Surge|[of] p2a: Rillaboom
|turn|29
|
|t:|1685927949
|move|p1a: Ceruledge|Bitter Blade|p2a: Rillaboom
|-supereffective|p2a: Rillaboom
|-damage|p2a: Rillaboom|0 fnt
|-heal|p1a: Ceruledge|100/100|[from] drain|[of] p2a: Rillaboom
|faint|p2a: Rillaboom
|
|upkeep
|
|t:|1685927953
|switch|p2a: Pelipper|Pelipper, M|5/100 par
|-weather|RainDance|[from] ability: Drizzle|[of] p2a: Pelipper
|turn|30
|c|☆riverrhodes|wtf
|
|t:|1685927960
|move|p1a: Ceruledge|Bitter Blade|p2a: Pelipper
|-resisted|p2a: Pelipper
|-damage|p2a: Pelipper|0 fnt
|faint|p2a: Pelipper
|
|win|Chalyvas
|raw|Chalyvas's rating: 1163 → 1183(+20 for winning)
|raw|riverrhodes's rating: 1089 → 1071(-18 for losing)
