|j|☆evvolin
|j|☆Waloim
|t:|1685827896
|gametype|singles
|player|p1|evvolin|riley|1197
|player|p2|Waloim|cynthia-masters|1271
|teamsize|p1|6
|teamsize|p2|6
|gen|9
|tier|[Gen 9] OU
|rated|
|rule|Sleep Clause Mod: Limit one foe put to sleep
|rule|Species Clause: Limit one of each Pokémon
|rule|OHKO Clause: OHKO moves are banned
|rule|Evasion Items Clause: Evasion items are banned
|rule|Evasion Moves Clause: Evasion moves are banned
|rule|Endless Battle Clause: Forcing endless battles is banned
|rule|HP Percentage Mod: HP is shown in percentages
|clearpoke
|poke|p1|Typhlosion-Hisui, M|
|poke|p1|Dragapult, F|
|poke|p1|Magearna|
|poke|p1|Urshifu-*, F|
|poke|p1|Zapdos|
|poke|p1|Great Tusk|
|poke|p2|Corviknight, F|
|poke|p2|Slowking-Galar, F|
|poke|p2|Dondozo, M|
|poke|p2|Blissey, F|
|poke|p2|Alomomola, F|
|poke|p2|Clodsire, M|
|teampreview
|inactive|Battle timer is ON: inactive players will automatically lose when time's up. (requested by evvolin)
|
|t:|1685827932
|start
|switch|p1a: Typhlosion|Typhlosion-Hisui, M|100/100
|switch|p2a: Corviknight|Corviknight, F|100/100
|-ability|p2a: Corviknight|Pressure
|turn|1
|
|t:|1685827946
|switch|p2a: Alomomola|Alomomola, F|100/100
|move|p1a: Typhlosion|Eruption|p2a: Alomomola
|-resisted|p2a: Alomomola
|-damage|p2a: Alomomola|41/100
|
|upkeep
|turn|2
|
|t:|1685827952
|switch|p2a: Dondozo|Dondozo, M|100/100
|move|p1a: Typhlosion|Eruption|p2a: Dondozo
|-resisted|p2a: Dondozo
|-damage|p2a: Dondozo|47/100
|
|upkeep
|turn|3
|
|t:|1685827964
|switch|p2a: Slowking|Slowking-Galar, F|100/100
|move|p1a: Typhlosion|Eruption|p2a: Slowking
|-damage|p2a: Slowking|32/100
|
|upkeep
|turn|4
|
|t:|1685827973
|switch|p2a: Alomomola|Alomomola, F|74/100
|move|p1a: Typhlosion|Eruption|p2a: Alomomola
|-resisted|p2a: Alomomola
|-damage|p2a: Alomomola|13/100
|
|upkeep
|turn|5
|
|t:|1685827990
|switch|p1a: Urshifu|Urshifu-Rapid-Strike, F|100/100
|move|p2a: Alomomola|Protect||[still]
|-fail|p2a: Alomomola
|
|upkeep
|turn|6
|
|t:|1685828010
|switch|p2a: Corviknight|Corviknight, F|100/100
|-ability|p2a: Corviknight|Pressure
|move|p1a: Urshifu|U-turn|p2a: Corviknight
|-resisted|p2a: Corviknight
|-damage|p2a: Corviknight|97/100
|-damage|p1a: Urshifu|84/100|[from] item: Rocky Helmet|[of] p2a: Corviknight
|inactive|evvolin has 120 seconds left.
|
|t:|1685828033
|switch|p1a: Typhlosion|Typhlosion-Hisui, M|100/100|[from] U-turn
|
|upkeep
|turn|7
|
|t:|1685828039
|switch|p2a: Blissey|Blissey, F|100/100
|move|p1a: Typhlosion|Eruption|p2a: Blissey
|-damage|p2a: Blissey|62/100
|
|upkeep
|turn|8
|inactive|evvolin has 120 seconds left.
|
|t:|1685828058
|switch|p1a: Great Tusk|Great Tusk|100/100
|-enditem|p1a: Great Tusk|Booster Energy
|-activate|p1a: Great Tusk|ability: Protosynthesis|[fromitem]
|-start|p1a: Great Tusk|protosynthesisspe
|move|p2a: Blissey|Soft-Boiled|p2a: Blissey
|-heal|p2a: Blissey|100/100
|
|upkeep
|turn|9
|inactive|evvolin has 120 seconds left.
|
|t:|1685828081
|switch|p2a: Corviknight|Corviknight, F|97/100
|-ability|p2a: Corviknight|Pressure
|move|p1a: Great Tusk|Knock Off|p2a: Corviknight
|-damage|p2a: Corviknight|80/100
|-damage|p1a: Great Tusk|84/100|[from] item: Rocky Helmet|[of] p2a: Corviknight
|-enditem|p2a: Corviknight|Rocky Helmet|[from] move: Knock Off|[of] p1a: Great Tusk
|
|upkeep
|turn|10
|
|t:|1685828106
|move|p1a: Great Tusk|Stealth Rock|p2a: Corviknight
|-sidestart|p2: Waloim|move: Stealth Rock
|move|p2a: Corviknight|Roost|p2a: Corviknight
|-heal|p2a: Corviknight|100/100
|-singleturn|p2a: Corviknight|move: Roost
|
|upkeep
|turn|11
|
|t:|1685828132
|-end|p1a: Great Tusk|Protosynthesis|[silent]
|switch|p1a: Zapdos|Zapdos|100/100
|move|p2a: Corviknight|Iron Defense|p2a: Corviknight
|-boost|p2a: Corviknight|def|2
|
|upkeep
|turn|12
|
|t:|1685828146
|switch|p2a: Blissey|Blissey, F|100/100
|move|p1a: Zapdos|Heat Wave|p2a: Blissey
|-damage|p2a: Blissey|91/100
|
|upkeep
|turn|13
|
|t:|1685828154
|move|p1a: Zapdos|Volt Switch|p2a: Blissey
|-damage|p2a: Blissey|82/100
|
|t:|1685828161
|switch|p1a: Great Tusk|Great Tusk|84/100|[from] Volt Switch
|move|p2a: Blissey|Stealth Rock|p1a: Great Tusk
|-sidestart|p1: evvolin|move: Stealth Rock
|
|upkeep
|turn|14
|
|t:|1685828167
|switch|p2a: Corviknight|Corviknight, F|100/100
|-damage|p2a: Corviknight|88/100|[from] Stealth Rock
|-ability|p2a: Corviknight|Pressure
|move|p1a: Great Tusk|Rapid Spin|p2a: Corviknight
|-resisted|p2a: Corviknight
|-damage|p2a: Corviknight|84/100
|-boost|p1a: Great Tusk|spe|1
|-sideend|p1: evvolin|Stealth Rock|[from] move: Rapid Spin|[of] p1a: Great Tusk
|
|upkeep
|turn|15
|inactive|evvolin has 120 seconds left.
|
|t:|1685828179
|-end|p1a: Great Tusk|Protosynthesis|[silent]
|switch|p1a: Zapdos|Zapdos|100/100
|move|p2a: Corviknight|Iron Defense|p2a: Corviknight
|-boost|p2a: Corviknight|def|2
|
|upkeep
|turn|16
|
|t:|1685828197
|switch|p2a: Blissey|Blissey, F|82/100
|move|p1a: Zapdos|Volt Switch|p2a: Blissey
|-damage|p2a: Blissey|73/100
|inactive|evvolin has 120 seconds left.
|
|t:|1685828214
|switch|p1a: Urshifu|Urshifu-Rapid-Strike, F|84/100|[from] Volt Switch
|
|upkeep
|turn|17
|inactive|evvolin has 120 seconds left.
|
|t:|1685828239
|switch|p2a: Alomomola|Alomomola, F|46/100
|move|p1a: Urshifu|Close Combat|p2a: Alomomola
|-damage|p2a: Alomomola|13/100
|-unboost|p1a: Urshifu|def|1
|-unboost|p1a: Urshifu|spd|1
|
|upkeep
|turn|18
|inactive|evvolin has 120 seconds left.
|inactive|Waloim has 120 seconds left.
|
|t:|1685828268
|switch|p2a: Slowking|Slowking-Galar, F|65/100
|move|p1a: Urshifu|Close Combat|p2a: Slowking
|-resisted|p2a: Slowking
|-damage|p2a: Slowking|50/100
|-unboost|p1a: Urshifu|def|1
|-unboost|p1a: Urshifu|spd|1
|
|upkeep
|turn|19
|
|t:|1685828277
|switch|p1a: Magearna|Magearna|100/100
|switch|p2a: Dondozo|Dondozo, M|47/100
|
|upkeep
|turn|20
|inactive|Waloim has 120 seconds left.
|
|t:|1685828285
|switch|p2a: Clodsire|Clodsire, M|100/100
|move|p1a: Magearna|Volt Switch|p2a: Clodsire
|-immune|p2a: Clodsire
|
|upkeep
|turn|21
|
|t:|1685828300
|switch|p1a: Great Tusk|Great Tusk|84/100
|move|p2a: Clodsire|Toxic|p1a: Great Tusk
|-status|p1a: Great Tusk|tox
|
|-damage|p1a: Great Tusk|78/100 tox|[from] psn
|upkeep
|turn|22
|
|t:|1685828311
|-end|p1a: Great Tusk|Protosynthesis|[silent]
|switch|p1a: Zapdos|Zapdos|100/100
|switch|p2a: Corviknight|Corviknight, F|84/100
|-damage|p2a: Corviknight|72/100|[from] Stealth Rock
|-ability|p2a: Corviknight|Pressure
|
|upkeep
|turn|23
|
|t:|1685828321
|switch|p1a: Urshifu|Urshifu-Rapid-Strike, F|84/100
|switch|p2a: Slowking|Slowking-Galar, F|84/100
|
|upkeep
|turn|24
|
|t:|1685828335
|move|p1a: Urshifu|Surging Strikes|p2a: Slowking
|-crit|p2a: Slowking
|-damage|p2a: Slowking|67/100
|-crit|p2a: Slowking
|-damage|p2a: Slowking|48/100
|-crit|p2a: Slowking
|-damage|p2a: Slowking|29/100
|-hitcount|p2a: Slowking|3
|move|p2a: Slowking|Psychic|p1a: Urshifu
|-supereffective|p1a: Urshifu
|-damage|p1a: Urshifu|0 fnt
|faint|p1a: Urshifu
|
|upkeep
|inactive|evvolin has 120 seconds left.
|
|t:|1685828355
|switch|p1a: Dragapult|Dragapult, F|100/100
|turn|25
|inactive|Waloim has 120 seconds left.
|
|t:|1685828407
|switch|p2a: Alomomola|Alomomola, F|46/100
|move|p1a: Dragapult|Substitute|p1a: Dragapult
|-start|p1a: Dragapult|Substitute
|-damage|p1a: Dragapult|76/100
|
|-heal|p1a: Dragapult|82/100|[from] item: Leftovers
|upkeep
|turn|26
|inactive|Waloim has 90 seconds left.
|inactive|evvolin has 120 seconds left.
|
|t:|1685828450
|move|p1a: Dragapult|Will-O-Wisp|p2a: Alomomola
|-status|p2a: Alomomola|brn
|move|p2a: Alomomola|Wish|p2a: Alomomola
|
|-heal|p1a: Dragapult|88/100|[from] item: Leftovers
|-damage|p2a: Alomomola|40/100 brn|[from] brn
|upkeep
|turn|27
|inactive|evvolin has 120 seconds left.
|
|t:|1685828464
|switch|p2a: Blissey|Blissey, F|73/100
|move|p1a: Dragapult|Will-O-Wisp|p2a: Blissey
|-status|p2a: Blissey|brn
|
|-heal|p2a: Blissey|100/100 brn|[from] move: Wish|[wisher] Alomomola
|-heal|p1a: Dragapult|94/100|[from] item: Leftovers
|-damage|p2a: Blissey|94/100 brn|[from] brn
|upkeep
|turn|28
|
|t:|1685828478
|move|p1a: Dragapult|Dragon Darts|p2a: Blissey
|-damage|p2a: Blissey|73/100 brn
|-anim|p1a: Dragapult|Dragon Darts|p2a: Blissey
|-damage|p2a: Blissey|51/100 brn
|move|p2a: Blissey|Heal Bell|p2a: Blissey
|-activate|p2a: Blissey|move: Heal Bell
|-curestatus|p2a: Blissey|brn|[msg]
|-curestatus|p2: Alomomola|brn|[msg]
|
|-heal|p1a: Dragapult|99/100|[from] item: Leftovers
|upkeep
|turn|29
|
|t:|1685828490
|switch|p2a: Alomomola|Alomomola, F|73/100
|move|p1a: Dragapult|Will-O-Wisp|p2a: Alomomola
|-status|p2a: Alomomola|brn
|
|-heal|p1a: Dragapult|100/100|[from] item: Leftovers
|-damage|p2a: Alomomola|67/100 brn|[from] brn
|upkeep
|turn|30
|
|t:|1685828494
|move|p1a: Dragapult|Hex|p2a: Alomomola
|-damage|p2a: Alomomola|3/100 brn
|move|p2a: Alomomola|Wish|p2a: Alomomola
|
|-damage|p2a: Alomomola|0 fnt|[from] brn
|faint|p2a: Alomomola
|upkeep
|inactive|Waloim has 60 seconds left.
|
|t:|1685828521
|switch|p2a: Dondozo|Dondozo, M|47/100
|turn|31
|
|t:|1685828527
|move|p1a: Dragapult|Will-O-Wisp|p2a: Dondozo
|-status|p2a: Dondozo|brn
|move|p2a: Dondozo|Rest|p2a: Dondozo
|-status|p2a: Dondozo|slp|[from] move: Rest
|-heal|p2a: Dondozo|100/100 slp|[silent]
|
|upkeep
|turn|32
|
|t:|1685828536
|move|p1a: Dragapult|Dragon Darts|p2a: Dondozo
|-damage|p2a: Dondozo|92/100 slp
|-anim|p1a: Dragapult|Dragon Darts|p2a: Dondozo
|-damage|p2a: Dondozo|81/100 slp
|cant|p2a: Dondozo|slp
|move|p2a: Dondozo|Sleep Talk|p2a: Dondozo
|move|p2a: Dondozo|Liquidation|p1a: Dragapult|[from]move: Sleep Talk
|-resisted|p1a: Dragapult
|-activate|p1a: Dragapult|move: Substitute|[damage]
|
|upkeep
|turn|33
|
|t:|1685828554
|switch|p1a: Zapdos|Zapdos|100/100
|cant|p2a: Dondozo|slp
|move|p2a: Dondozo|Sleep Talk|p2a: Dondozo
|move|p2a: Dondozo|Rest||[from]move: Sleep Talk|[still]
|-fail|p2a: Dondozo
|
|upkeep
|turn|34
|inactive|Waloim has 90 seconds left.
|
|t:|1685828560
|switch|p2a: Blissey|Blissey, F|51/100
|move|p1a: Zapdos|Volt Switch|p2a: Blissey
|-damage|p2a: Blissey|41/100
|
|t:|1685828565
|switch|p1a: Great Tusk|Great Tusk|78/100 tox|[from] Volt Switch
|
|-damage|p1a: Great Tusk|71/100 tox|[from] psn
|upkeep
|turn|35
|
|t:|1685828578
|switch|p2a: Corviknight|Corviknight, F|72/100
|-damage|p2a: Corviknight|60/100|[from] Stealth Rock
|-ability|p2a: Corviknight|Pressure
|move|p1a: Great Tusk|Headlong Rush|p2a: Corviknight
|-immune|p2a: Corviknight
|
|-damage|p1a: Great Tusk|59/100 tox|[from] psn
|upkeep
|turn|36
|
|t:|1685828585
|-end|p1a: Great Tusk|Protosynthesis|[silent]
|switch|p1a: Zapdos|Zapdos|100/100
|move|p2a: Corviknight|Roost|p2a: Corviknight
|-heal|p2a: Corviknight|100/100
|-singleturn|p2a: Corviknight|move: Roost
|
|upkeep
|turn|37
|
|t:|1685828595
|switch|p2a: Slowking|Slowking-Galar, F|62/100
|move|p1a: Zapdos|Hurricane|p2a: Slowking
|-damage|p2a: Slowking|30/100
|
|upkeep
|turn|38
|inactive|Waloim has 120 seconds left.
|
|t:|1685828610
|switch|p2a: Blissey|Blissey, F|41/100
|move|p1a: Zapdos|Hurricane|p2a: Blissey
|-damage|p2a: Blissey|25/100
|
|upkeep
|turn|39
|
|t:|1685828623
|move|p1a: Zapdos|Hurricane|p2a: Blissey
|-damage|p2a: Blissey|11/100
|move|p2a: Blissey|Soft-Boiled|p2a: Blissey
|-heal|p2a: Blissey|61/100
|
|upkeep
|turn|40
|
|t:|1685828629
|move|p1a: Zapdos|Hurricane|p2a: Blissey|[miss]
|-miss|p1a: Zapdos|p2a: Blissey
|move|p2a: Blissey|Stealth Rock|p1a: Zapdos
|-sidestart|p1: evvolin|move: Stealth Rock
|
|upkeep
|turn|41
|
|t:|1685828641
|move|p1a: Zapdos|Volt Switch|p2a: Blissey
|-crit|p2a: Blissey
|-damage|p2a: Blissey|46/100
|
|t:|1685828655
|switch|p1a: Magearna|Magearna|100/100|[from] Volt Switch
|move|p2a: Blissey|Seismic Toss|p1a: Magearna
|-damage|p1a: Magearna|73/100
|
|upkeep
|turn|42
|
|t:|1685828663
|switch|p2a: Clodsire|Clodsire, M|100/100
|move|p1a: Magearna|Spikes|p2a: Clodsire
|-sidestart|p2: Waloim|Spikes
|
|upkeep
|turn|43
|
|t:|1685828677
|switch|p1a: Great Tusk|Great Tusk|59/100 tox
|-damage|p1a: Great Tusk|56/100 tox|[from] Stealth Rock
|move|p2a: Clodsire|Earthquake|p1a: Great Tusk
|-damage|p1a: Great Tusk|41/100 tox
|
|-damage|p1a: Great Tusk|34/100 tox|[from] psn
|upkeep
|turn|44
|
|t:|1685828686
|-end|p1a: Great Tusk|Protosynthesis|[silent]
|switch|p1a: Zapdos|Zapdos|100/100
|switch|p2a: Corviknight|Corviknight, F|100/100
|-damage|p2a: Corviknight|88/100|[from] Stealth Rock
|-ability|p2a: Corviknight|Pressure
|
|upkeep
|turn|45
|
|t:|1685828699
|switch|p2a: Slowking|Slowking-Galar, F|64/100
|move|p1a: Zapdos|Volt Switch|p2a: Slowking
|-damage|p2a: Slowking|43/100
|inactive|evvolin has 120 seconds left.
|
|t:|1685828727
|switch|p1a: Typhlosion|Typhlosion-Hisui, M|100/100|[from] Volt Switch
|-damage|p1a: Typhlosion|76/100|[from] Stealth Rock
|
|upkeep
|turn|46
|
|t:|1685828746
|switch|p2a: Blissey|Blissey, F|46/100
|move|p1a: Typhlosion|Eruption|p2a: Blissey
|-damage|p2a: Blissey|19/100
|
|upkeep
|turn|47
|inactive|Waloim has 120 seconds left.
|
|t:|1685828780
|move|p1a: Typhlosion|Eruption|p2a: Blissey
|-damage|p2a: Blissey|0 fnt
|faint|p2a: Blissey
|
|upkeep
|
|t:|1685828788
|switch|p2a: Slowking|Slowking-Galar, F|76/100
|turn|48
|
|t:|1685828804
|move|p1a: Typhlosion|Eruption|p2a: Slowking
|-damage|p2a: Slowking|24/100
|move|p2a: Slowking|Slack Off|p2a: Slowking
|-heal|p2a: Slowking|74/100
|
|upkeep
|turn|49
|
|t:|1685828819
|switch|p1a: Great Tusk|Great Tusk|34/100 tox
|-damage|p1a: Great Tusk|31/100 tox|[from] Stealth Rock
|move|p2a: Slowking|Substitute|p2a: Slowking
|-start|p2a: Slowking|Substitute
|-damage|p2a: Slowking|49/100
|
|-damage|p1a: Great Tusk|25/100 tox|[from] psn
|upkeep
|turn|50
|
|t:|1685828825
|move|p1a: Great Tusk|Rapid Spin|p2a: Slowking
|-activate|p2a: Slowking|move: Substitute|[damage]
|-sideend|p1: evvolin|Stealth Rock|[from] move: Rapid Spin|[of] p1a: Great Tusk
|-boost|p1a: Great Tusk|spe|1
|move|p2a: Slowking|Psychic|p1a: Great Tusk
|-supereffective|p1a: Great Tusk
|-damage|p1a: Great Tusk|0 fnt
|faint|p1a: Great Tusk
|-end|p1a: Great Tusk|Protosynthesis|[silent]
|
|upkeep
|
|t:|1685828834
|switch|p1a: Zapdos|Zapdos|100/100
|turn|51
|
|t:|1685828839
|move|p1a: Zapdos|Volt Switch|p2a: Slowking
|-end|p2a: Slowking|Substitute
|
|t:|1685828843
|switch|p1a: Magearna|Magearna|73/100|[from] Volt Switch
|move|p2a: Slowking|Sludge Bomb|p1a: Magearna
|-immune|p1a: Magearna
|
|upkeep
|turn|52
|
|t:|1685828850
|switch|p2a: Clodsire|Clodsire, M|100/100
|move|p1a: Magearna|Spikes|p2a: Clodsire
|-sidestart|p2: Waloim|Spikes
|
|upkeep
|turn|53
|
|t:|1685828873
|switch|p1a: Zapdos|Zapdos|100/100
|move|p2a: Clodsire|Toxic|p1a: Zapdos
|-status|p1a: Zapdos|tox
|
|-damage|p1a: Zapdos|94/100 tox|[from] psn
|upkeep
|turn|54
|
|t:|1685828881
|switch|p2a: Slowking|Slowking-Galar, F|82/100
|move|p1a: Zapdos|Hurricane|p2a: Slowking|[miss]
|-miss|p1a: Zapdos|p2a: Slowking
|
|-damage|p1a: Zapdos|82/100 tox|[from] psn
|upkeep
|turn|55
|
|t:|1685828896
|move|p1a: Zapdos|Volt Switch|p2a: Slowking
|-damage|p2a: Slowking|64/100
|
|t:|1685828902
|switch|p1a: Dragapult|Dragapult, F|100/100|[from] Volt Switch
|move|p2a: Slowking|Substitute|p2a: Slowking
|-start|p2a: Slowking|Substitute
|-damage|p2a: Slowking|39/100
|
|upkeep
|turn|56
|
|t:|1685828910
|switch|p2a: Clodsire|Clodsire, M|100/100
|move|p1a: Dragapult|Dragon Darts|p2a: Clodsire
|-damage|p2a: Clodsire|80/100
|-anim|p1a: Dragapult|Dragon Darts|p2a: Clodsire
|-damage|p2a: Clodsire|60/100
|
|upkeep
|turn|57
|
|t:|1685828918
|-terastallize|p2a: Clodsire|Steel
|move|p1a: Dragapult|Substitute|p1a: Dragapult
|-start|p1a: Dragapult|Substitute
|-damage|p1a: Dragapult|76/100
|move|p2a: Clodsire|Toxic||[still]
|-fail|p2a: Clodsire
|
|-heal|p1a: Dragapult|82/100|[from] item: Leftovers
|upkeep
|turn|58
|
|t:|1685828926
|move|p1a: Dragapult|Will-O-Wisp|p2a: Clodsire
|-status|p2a: Clodsire|brn
|move|p2a: Clodsire|Earthquake|p1a: Dragapult
|-activate|p1a: Dragapult|move: Substitute|[damage]
|
|-heal|p1a: Dragapult|88/100|[from] item: Leftovers
|-damage|p2a: Clodsire|54/100 brn|[from] brn
|upkeep
|turn|59
|-message|Waloim forfeited.
|
|win|evvolin
|raw|evvolin's rating: 1197 → 1227(+30 for winning)
|raw|Waloim's rating: 1271 → 1241(-30 for losing)
|l|☆Waloim
