|j|☆Crimsora
|j|☆Jetrage
|t:|1685850631
|gametype|singles
|player|p1|Crimsora|sabrina|
|player|p2|Jetrage|acetrainercouple|
|teamsize|p1|6
|teamsize|p2|6
|gen|9
|tier|[Gen 9] OU
|rule|Sleep Clause Mod: Limit one foe put to sleep
|rule|Species Clause: Limit one of each Pokémon
|rule|OHKO Clause: OHKO moves are banned
|rule|Evasion Items Clause: Evasion items are banned
|rule|Evasion Moves Clause: Evasion moves are banned
|rule|Endless Battle Clause: Forcing endless battles is banned
|rule|HP Percentage Mod: HP is shown in percentages
|clearpoke
|poke|p1|Ceruledge, M|
|poke|p1|Azumarill, F|
|poke|p1|Glimmet, F|
|poke|p1|Wo-Chien|
|poke|p1|Goodra, F|
|poke|p1|Falinks|
|poke|p2|Baxcalibur, F|
|poke|p2|Slowking, F|
|poke|p2|Mabosstiff, M|
|poke|p2|Mudsdale, M|
|poke|p2|Klefki, M|
|poke|p2|Salazzle, F|
|teampreview
|c|☆Crimsora|glhf!
|c|☆Jetrage|u 2!
|j| RuneTempest
|j| thewerehog88
|l| RuneTempest
|j| RuneTempest
|j| desal
|j| wheatonwhiscash
|j| TheInnerPhallus
|j| Shantimaheshi
|j| unfazed lol
|j| Asaka Armarouge
|
|t:|1685850858
|start
|switch|p1a: Child|Glimmet, F|100/100
|switch|p2a: Mudsdale|Mudsdale, M|100/100
|turn|1
|
|t:|1685850870
|move|p1a: Child|Toxic|p2a: Mudsdale
|-status|p2a: Mudsdale|tox
|move|p2a: Mudsdale|Stealth Rock|p1a: Child
|-sidestart|p1: Crimsora|move: Stealth Rock
|
|-damage|p2a: Mudsdale|94/100 tox|[from] psn
|upkeep
|turn|2
|
|t:|1685850877
|move|p1a: Child|Stealth Rock|p2a: Mudsdale
|-sidestart|p2: Jetrage|move: Stealth Rock
|move|p2a: Mudsdale|Earthquake|p1a: Child
|-supereffective|p1a: Child
|-enditem|p1a: Child|Focus Sash
|-damage|p1a: Child|1/100
|-activate|p1a: Child|ability: Toxic Debris
|-sidestart|p2: Jetrage|move: Toxic Spikes
|
|-damage|p2a: Mudsdale|82/100 tox|[from] psn
|upkeep
|turn|3
|
|t:|1685850890
|move|p1a: Child|Spikes|p2a: Mudsdale
|-sidestart|p2: Jetrage|Spikes
|move|p2a: Mudsdale|Earthquake|p1a: Child
|-supereffective|p1a: Child
|-damage|p1a: Child|0 fnt
|-activate|p1a: Child|ability: Toxic Debris
|-sidestart|p2: Jetrage|move: Toxic Spikes
|faint|p1a: Child
|
|-damage|p2a: Mudsdale|63/100 tox|[from] psn
|upkeep
|
|t:|1685850919
|switch|p1a: Slime|Goodra, F|100/100
|-damage|p1a: Slime|88/100|[from] Stealth Rock
|turn|4
|
|t:|1685850928
|switch|p2a: Salazzle|Salazzle, F|100/100
|-damage|p2a: Salazzle|76/100|[from] Stealth Rock
|-sideend|p2: Jetrage|move: Toxic Spikes|[of] p2a: Salazzle
|-damage|p2a: Salazzle|63/100|[from] Spikes
|move|p1a: Slime|Chilling Water|p2a: Salazzle
|-supereffective|p2a: Salazzle
|-damage|p2a: Salazzle|0 fnt
|faint|p2a: Salazzle
|
|upkeep
|
|t:|1685850947
|switch|p2a: Slowking|Slowking, F|100/100
|-damage|p2a: Slowking|88/100|[from] Stealth Rock
|-damage|p2a: Slowking|76/100|[from] Spikes
|turn|5
|
|t:|1685850970
|move|p1a: Slime|Thunderbolt|p2a: Slowking
|-supereffective|p2a: Slowking
|-damage|p2a: Slowking|31/100
|-status|p2a: Slowking|par
|cant|p2a: Slowking|par
|
|-heal|p2a: Slowking|37/100 par|[from] item: Leftovers
|upkeep
|turn|6
|c| desal|MICK
|
|t:|1685850993
|switch|p2a: Mudsdale|Mudsdale, M|63/100 tox
|-damage|p2a: Mudsdale|57/100 tox|[from] Stealth Rock
|-damage|p2a: Mudsdale|45/100 tox|[from] Spikes
|move|p1a: Slime|Thunderbolt|p2a: Mudsdale
|-immune|p2a: Mudsdale
|
|-damage|p2a: Mudsdale|39/100 tox|[from] psn
|upkeep
|turn|7
|
|t:|1685851002
|move|p1a: Slime|Chilling Water|p2a: Mudsdale
|-supereffective|p2a: Mudsdale
|-enditem|p2a: Mudsdale|Passho Berry|[eat]
|-enditem|p2a: Mudsdale|Passho Berry|[weaken]
|-damage|p2a: Mudsdale|23/100 tox
|-unboost|p2a: Mudsdale|atk|1
|-ability|p2a: Mudsdale|Stamina|boost
|-boost|p2a: Mudsdale|def|1
|move|p2a: Mudsdale|Endeavor|p1a: Slime
|-damage|p1a: Slime|24/100
|-ability|p1a: Slime|Gooey
|-unboost|p2a: Mudsdale|spe|1
|
|-damage|p2a: Mudsdale|10/100 tox|[from] psn
|upkeep
|turn|8
|
|t:|1685851026
|move|p1a: Slime|Chilling Water|p2a: Mudsdale
|-supereffective|p2a: Mudsdale
|-damage|p2a: Mudsdale|0 fnt
|faint|p2a: Mudsdale
|
|upkeep
|
|t:|1685851033
|switch|p2a: Mabosstiff|Mabosstiff, M|100/100
|-damage|p2a: Mabosstiff|88/100|[from] Stealth Rock
|-damage|p2a: Mabosstiff|76/100|[from] Spikes
|-ability|p2a: Mabosstiff|Intimidate|boost
|-unboost|p1a: Slime|atk|1
|turn|9
|
|t:|1685851053
|move|p2a: Mabosstiff|Play Rough|p1a: Slime
|-supereffective|p1a: Slime
|-damage|p1a: Slime|0 fnt
|-ability|p1a: Slime|Gooey
|-unboost|p2a: Mabosstiff|spe|1
|faint|p1a: Slime
|
|upkeep
|
|t:|1685851066
|switch|p1a: Mans|Falinks|100/100
|-damage|p1a: Mans|95/100|[from] Stealth Rock
|turn|10
|
|t:|1685851083
|switch|p2a: Klefki|Klefki, M, shiny|100/100
|-damage|p2a: Klefki|95/100|[from] Stealth Rock
|-damage|p2a: Klefki|82/100|[from] Spikes
|-terastallize|p1a: Mans|Steel
|move|p1a: Mans|No Retreat|p1a: Mans
|-boost|p1a: Mans|atk|1
|-boost|p1a: Mans|def|1
|-boost|p1a: Mans|spa|1
|-boost|p1a: Mans|spd|1
|-boost|p1a: Mans|spe|1
|-start|p1a: Mans|move: No Retreat
|
|upkeep
|turn|11
|
|t:|1685851098
|move|p2a: Klefki|Reflect|p2a: Klefki
|-sidestart|p2: Jetrage|Reflect
|move|p1a: Mans|Iron Head|p2a: Klefki
|-damage|p2a: Klefki|59/100
|
|upkeep
|turn|12
|
|t:|1685851105
|move|p2a: Klefki|Thunder Wave|p1a: Mans|[miss]
|-miss|p2a: Klefki|p1a: Mans
|move|p1a: Mans|Iron Head|p2a: Klefki
|-damage|p2a: Klefki|36/100
|
|upkeep
|turn|13
|
|t:|1685851112
|move|p2a: Klefki|Thunder Wave|p1a: Mans
|-status|p1a: Mans|par
|-enditem|p1a: Mans|Lum Berry|[eat]
|-curestatus|p1a: Mans|par|[msg]
|move|p1a: Mans|Iron Head|p2a: Klefki
|-damage|p2a: Klefki|12/100
|
|upkeep
|turn|14
|
|t:|1685851121
|move|p2a: Klefki|Thunder Wave|p1a: Mans
|-status|p1a: Mans|par
|move|p1a: Mans|Iron Head|p2a: Klefki
|-damage|p2a: Klefki|0 fnt
|faint|p2a: Klefki
|
|upkeep
|
|t:|1685851128
|switch|p2a: Baxcalibur|Baxcalibur, F|100/100
|turn|15
|
|t:|1685851139
|move|p2a: Baxcalibur|Dragon Dance|p2a: Baxcalibur
|-boost|p2a: Baxcalibur|atk|1
|-boost|p2a: Baxcalibur|spe|1
|move|p1a: Mans|Close Combat|p2a: Baxcalibur
|-supereffective|p2a: Baxcalibur
|-damage|p2a: Baxcalibur|16/100
|-unboost|p1a: Mans|def|1
|-unboost|p1a: Mans|spd|1
|
|upkeep
|turn|16
|
|t:|1685851154
|move|p2a: Baxcalibur|Earthquake|p1a: Mans
|-supereffective|p1a: Mans
|-damage|p1a: Mans|0 fnt
|faint|p1a: Mans
|
|upkeep
|
|t:|1685851167
|switch|p1a: Mrs. Mann|Azumarill, F|100/100
|-damage|p1a: Mrs. Mann|88/100|[from] Stealth Rock
|turn|17
|
|t:|1685851183
|move|p2a: Baxcalibur|Earthquake|p1a: Mrs. Mann
|-damage|p1a: Mrs. Mann|26/100
|move|p1a: Mrs. Mann|Liquidation|p2a: Baxcalibur
|-resisted|p2a: Baxcalibur
|-crit|p2a: Baxcalibur
|-damage|p2a: Baxcalibur|0 fnt
|faint|p2a: Baxcalibur
|
|upkeep
|
|t:|1685851192
|switch|p2a: Mabosstiff|Mabosstiff, M|76/100
|-damage|p2a: Mabosstiff|64/100|[from] Stealth Rock
|-damage|p2a: Mabosstiff|51/100|[from] Spikes
|-ability|p2a: Mabosstiff|Intimidate|boost
|-unboost|p1a: Mrs. Mann|atk|1
|turn|18
|
|t:|1685851222
|move|p2a: Mabosstiff|Wild Charge|p1a: Mrs. Mann
|-supereffective|p1a: Mrs. Mann
|-damage|p1a: Mrs. Mann|0 fnt
|faint|p1a: Mrs. Mann
|-damage|p2a: Mabosstiff|43/100|[from] Recoil
|
|-sideend|p2: Jetrage|Reflect
|upkeep
|
|t:|1685851240
|switch|p1a: Mr. Mann|Ceruledge, M|100/100
|-damage|p1a: Mr. Mann|76/100|[from] Stealth Rock
|turn|19
|
|t:|1685851245
|switch|p2a: Slowking|Slowking, F|70/100 par
|-damage|p2a: Slowking|58/100 par|[from] Stealth Rock
|-damage|p2a: Slowking|45/100 par|[from] Spikes
|move|p1a: Mr. Mann|Close Combat|p2a: Slowking
|-resisted|p2a: Slowking
|-damage|p2a: Slowking|24/100 par
|-unboost|p1a: Mr. Mann|def|1
|-unboost|p1a: Mr. Mann|spd|1
|-damage|p1a: Mr. Mann|66/100|[from] item: Life Orb
|
|-heal|p2a: Slowking|30/100 par|[from] item: Leftovers
|upkeep
|turn|20
|
|t:|1685851262
|move|p1a: Mr. Mann|Shadow Sneak|p2a: Slowking
|-supereffective|p2a: Slowking
|-damage|p2a: Slowking|0 fnt
|faint|p2a: Slowking
|-damage|p1a: Mr. Mann|56/100|[from] item: Life Orb
|
|upkeep
|
|t:|1685851268
|switch|p2a: Mabosstiff|Mabosstiff, M|43/100
|-damage|p2a: Mabosstiff|30/100|[from] Stealth Rock
|-damage|p2a: Mabosstiff|18/100|[from] Spikes
|-ability|p2a: Mabosstiff|Intimidate|boost
|-unboost|p1a: Mr. Mann|atk|1
|turn|21
|
|t:|1685851275
|-terastallize|p2a: Mabosstiff|Fairy
|move|p1a: Mr. Mann|Shadow Sneak|p2a: Mabosstiff
|-damage|p2a: Mabosstiff|0 fnt
|faint|p2a: Mabosstiff
|-damage|p1a: Mr. Mann|46/100|[from] item: Life Orb
|
|win|Crimsora
|c|☆Crimsora|ggs
