|j|☆grapplepie
|j|☆eddison mcaine
|t:|1685932895
|gametype|singles
|player|p1|grapplepie|n|1137
|player|p2|eddison mcaine|ghetsis|1193
|teamsize|p1|6
|teamsize|p2|6
|gen|9
|tier|[Gen 9] OU
|rated|
|rule|Sleep Clause Mod: Limit one foe put to sleep
|rule|Species Clause: Limit one of each Pokémon
|rule|OHKO Clause: OHKO moves are banned
|rule|Evasion Items Clause: Evasion items are banned
|rule|Evasion Moves Clause: Evasion moves are banned
|rule|Endless Battle Clause: Forcing endless battles is banned
|rule|HP Percentage Mod: HP is shown in percentages
|clearpoke
|poke|p1|Glimmora, F|
|poke|p1|Samurott-Hisui, M|
|poke|p1|Gholdengo|
|poke|p1|Landorus-Therian, M|
|poke|p1|Chien-Pao|
|poke|p1|Great Tusk|
|poke|p2|Enamorus-Therian, F|
|poke|p2|Cinderace, M|
|poke|p2|Great Tusk|
|poke|p2|Kingambit, M|
|poke|p2|Dragapult, M|
|poke|p2|Slowking-Galar, F|
|teampreview
|inactive|Battle timer is ON: inactive players will automatically lose when time's up. (requested by eddison mcaine)
|
|t:|1685932902
|start
|switch|p1a: Landorus|Landorus-Therian, M|100/100
|switch|p2a: Great Tusk|Great Tusk|100/100
|-ability|p1a: Landorus|Intimidate|boost
|-unboost|p2a: Great Tusk|atk|1
|turn|1
|
|t:|1685932905
|move|p1a: Landorus|Substitute|p1a: Landorus
|-start|p1a: Landorus|Substitute
|-damage|p1a: Landorus|75/100
|move|p2a: Great Tusk|Stealth Rock|p1a: Landorus
|-sidestart|p1: grapplepie|move: Stealth Rock
|
|-heal|p1a: Landorus|82/100|[from] item: Leftovers
|upkeep
|turn|2
|
|t:|1685932908
|-end|p2a: Great Tusk|Protosynthesis|[silent]
|switch|p2a: Dragapult|Dragapult, M|100/100
|move|p1a: Landorus|Swords Dance|p1a: Landorus
|-boost|p1a: Landorus|atk|2
|
|-heal|p1a: Landorus|88/100|[from] item: Leftovers
|upkeep
|turn|3
|
|t:|1685932912
|move|p2a: Dragapult|Dragon Darts|p1a: Landorus
|-damage|p1a: Landorus|62/100
|-anim|p2a: Dragapult|Dragon Darts|p1a: Landorus
|-damage|p1a: Landorus|39/100
|move|p1a: Landorus|Earthquake|p2a: Dragapult
|-damage|p2a: Dragapult|0 fnt
|faint|p2a: Dragapult
|
|-heal|p1a: Landorus|45/100|[from] item: Leftovers
|upkeep
|
|t:|1685932937
|switch|p2a: Enamorus|Enamorus-Therian, F|100/100
|turn|4
|
|t:|1685932944
|-terastallize|p1a: Landorus|Flying
|move|p1a: Landorus|Tera Blast|p2a: Enamorus
|-damage|p2a: Enamorus|13/100
|move|p2a: Enamorus|Iron Defense|p2a: Enamorus
|-boost|p2a: Enamorus|def|2
|
|-heal|p1a: Landorus|51/100|[from] item: Leftovers
|-heal|p2a: Enamorus|19/100|[from] item: Leftovers
|upkeep
|turn|5
|
|t:|1685932951
|move|p1a: Landorus|Swords Dance|p1a: Landorus
|-boost|p1a: Landorus|atk|2
|move|p2a: Enamorus|Draining Kiss|p1a: Landorus
|-end|p1a: Landorus|Substitute
|-heal|p2a: Enamorus|36/100|[from] drain|[of] p1a: Landorus
|
|-heal|p1a: Landorus|57/100|[from] item: Leftovers
|-heal|p2a: Enamorus|42/100|[from] item: Leftovers
|upkeep
|turn|6
|
|t:|1685932964
|move|p1a: Landorus|Substitute|p1a: Landorus
|-start|p1a: Landorus|Substitute
|-damage|p1a: Landorus|32/100
|move|p2a: Enamorus|Draining Kiss|p1a: Landorus
|-end|p1a: Landorus|Substitute
|-heal|p2a: Enamorus|59/100|[from] drain|[of] p1a: Landorus
|
|-heal|p1a: Landorus|39/100|[from] item: Leftovers
|-heal|p2a: Enamorus|65/100|[from] item: Leftovers
|upkeep
|turn|7
|
|t:|1685932970
|move|p1a: Landorus|Tera Blast|p2a: Enamorus
|-damage|p2a: Enamorus|3/100
|move|p2a: Enamorus|Draining Kiss|p1a: Landorus
|-damage|p1a: Landorus|4/100
|-heal|p2a: Enamorus|26/100|[from] drain|[of] p1a: Landorus
|
|-heal|p1a: Landorus|10/100|[from] item: Leftovers
|-heal|p2a: Enamorus|32/100|[from] item: Leftovers
|upkeep
|turn|8
|
|t:|1685932983
|move|p1a: Landorus|Tera Blast|p2a: Enamorus
|-damage|p2a: Enamorus|0 fnt
|faint|p2a: Enamorus
|
|-heal|p1a: Landorus|16/100|[from] item: Leftovers
|upkeep
|
|t:|1685932992
|switch|p2a: Cinderace|Cinderace, M|100/100
|turn|9
|
|t:|1685932996
|move|p2a: Cinderace|Pyro Ball|p1a: Landorus|[miss]
|-miss|p2a: Cinderace|p1a: Landorus
|move|p1a: Landorus|Tera Blast|p2a: Cinderace
|-damage|p2a: Cinderace|0 fnt
|faint|p2a: Cinderace
|
|-heal|p1a: Landorus|23/100|[from] item: Leftovers
|upkeep
|
|t:|1685933008
|switch|p2a: Kingambit|Kingambit, M|100/100
|-activate|p2a: Kingambit|ability: Supreme Overlord
|-start|p2a: Kingambit|fallen3|[silent]
|turn|10
|
|t:|1685933012
|move|p2a: Kingambit|Sucker Punch||[still]
|-fail|p2a: Kingambit
|move|p1a: Landorus|Swords Dance|p1a: Landorus
|-boost|p1a: Landorus|atk|2
|
|-heal|p1a: Landorus|29/100|[from] item: Leftovers
|upkeep
|turn|11
|
|t:|1685933015
|move|p2a: Kingambit|Sucker Punch||[still]
|-fail|p2a: Kingambit
|move|p1a: Landorus|Substitute|p1a: Landorus
|-start|p1a: Landorus|Substitute
|-damage|p1a: Landorus|4/100
|
|-heal|p1a: Landorus|10/100|[from] item: Leftovers
|upkeep
|turn|12
|
|t:|1685933019
|move|p1a: Landorus|Earthquake|p2a: Kingambit
|-supereffective|p2a: Kingambit
|-damage|p2a: Kingambit|0 fnt
|faint|p2a: Kingambit
|-end|p2a: Kingambit|fallen3|[silent]
|
|-heal|p1a: Landorus|16/100|[from] item: Leftovers
|upkeep
|-message|eddison mcaine forfeited.
|
|win|grapplepie
|raw|grapplepie's rating: 1137 → 1166(+29 for winning)
|raw|eddison mcaine's rating: 1193 → 1164(-29 for losing)
|l|☆eddison mcaine
