|j|☆Dinowolf94
|j|☆Just some dude lol
|t:|1685867812
|gametype|singles
|player|p1|Dinowolf94|265|1189
|player|p2|Just some dude lol|pokekid|1287
|teamsize|p1|6
|teamsize|p2|6
|gen|9
|tier|[Gen 9] OU
|rated|
|rule|Sleep Clause Mod: Limit one foe put to sleep
|rule|Species Clause: Limit one of each Pokémon
|rule|OHKO Clause: OHKO moves are banned
|rule|Evasion Items Clause: Evasion items are banned
|rule|Evasion Moves Clause: Evasion moves are banned
|rule|Endless Battle Clause: Forcing endless battles is banned
|rule|HP Percentage Mod: HP is shown in percentages
|clearpoke
|poke|p1|Kleavor, F|
|poke|p1|Moltres-Galar|
|poke|p1|Magearna|
|poke|p1|Slowking-Galar, F|
|poke|p1|Corviknight, F|
|poke|p1|Rotom-Wash|
|poke|p2|Urshifu-*, F|
|poke|p2|Slowking-Galar, M|
|poke|p2|Great Tusk|
|poke|p2|Dragapult, M|
|poke|p2|Zapdos|
|poke|p2|Garganacl, F|
|teampreview
|inactive|Battle timer is ON: inactive players will automatically lose when time's up. (requested by Just some dude lol)
|
|t:|1685867823
|start
|switch|p1a: Rotom|Rotom-Wash|100/100
|switch|p2a: Great Tusk|Great Tusk|100/100
|turn|1
|
|t:|1685867829
|-end|p2a: Great Tusk|Protosynthesis|[silent]
|switch|p2a: Slowking|Slowking-Galar, M|100/100
|move|p1a: Rotom|Will-O-Wisp|p2a: Slowking
|-status|p2a: Slowking|brn
|
|-damage|p2a: Slowking|94/100 brn|[from] brn
|upkeep
|turn|2
|
|t:|1685867835
|switch|p1a: Slowking|Slowking-Galar, F|100/100
|move|p2a: Slowking|Future Sight|p1a: Slowking
|-start|p2a: Slowking|move: Future Sight
|
|-heal|p2a: Slowking|100/100 brn|[from] item: Leftovers
|-damage|p2a: Slowking|94/100 brn|[from] brn
|upkeep
|turn|3
|
|t:|1685867838
|move|p1a: Slowking|Psychic|p2a: Slowking
|-damage|p2a: Slowking|72/100 brn
|move|p2a: Slowking|Chilly Reception|p2a: Slowking
|-weather|Snow
|
|t:|1685867844
|switch|p2a: Garganacl|Garganacl, F|100/100|[from] Chilly Reception
|
|-weather|Snow|[upkeep]
|upkeep
|turn|4
|
|t:|1685867860
|move|p2a: Garganacl|Salt Cure|p1a: Slowking
|-damage|p1a: Slowking|85/100
|-start|p1a: Slowking|Salt Cure
|move|p1a: Slowking|Psychic|p2a: Garganacl
|-damage|p2a: Garganacl|72/100
|
|-weather|Snow|[upkeep]
|-end|p1a: Slowking|move: Future Sight
|-damage|p1a: Slowking|62/100
|-heal|p2a: Garganacl|78/100|[from] item: Leftovers
|-damage|p1a: Slowking|50/100|[from] Salt Cure
|upkeep
|turn|5
|
|t:|1685867878
|switch|p1a: Rotom|Rotom-Wash|100/100
|move|p2a: Garganacl|Earthquake|p1a: Rotom
|-immune|p1a: Rotom|[from] ability: Levitate
|
|-weather|Snow|[upkeep]
|-heal|p2a: Garganacl|85/100|[from] item: Leftovers
|upkeep
|turn|6
|
|t:|1685867886
|switch|p2a: Slowking|Slowking-Galar, M|100/100 brn
|move|p1a: Rotom|Trick|p2a: Slowking
|-activate|p1a: Rotom|move: Trick|[of] p2a: Slowking
|-item|p2a: Slowking|Choice Scarf|[from] move: Trick
|-item|p1a: Rotom|Leftovers|[from] move: Trick
|
|-weather|Snow|[upkeep]
|-damage|p2a: Slowking|94/100 brn|[from] brn
|upkeep
|turn|7
|
|t:|1685867897
|move|p1a: Rotom|Volt Switch|p2a: Slowking
|-damage|p2a: Slowking|76/100 brn
|
|t:|1685867905
|switch|p1a: Moltres|Moltres-Galar|100/100|[from] Volt Switch
|move|p2a: Slowking|Chilly Reception|p2a: Slowking
|
|t:|1685867913
|switch|p2a: Zapdos|Zapdos|100/100|[from] Chilly Reception
|
|-weather|none
|upkeep
|turn|8
|
|t:|1685867922
|switch|p1a: Slowking|Slowking-Galar, F|83/100
|move|p2a: Zapdos|Volt Switch|p1a: Slowking
|-damage|p1a: Slowking|68/100
|
|t:|1685867927
|switch|p2a: Great Tusk|Great Tusk|100/100|[from] Volt Switch
|
|upkeep
|turn|9
|
|t:|1685867944
|switch|p1a: Corviknight|Corviknight, F|100/100
|-ability|p1a: Corviknight|Pressure
|move|p2a: Great Tusk|Knock Off|p1a: Corviknight
|-damage|p1a: Corviknight|85/100
|-damage|p2a: Great Tusk|84/100|[from] item: Rocky Helmet|[of] p1a: Corviknight
|-enditem|p1a: Corviknight|Rocky Helmet|[from] move: Knock Off|[of] p2a: Great Tusk
|
|-heal|p2a: Great Tusk|90/100|[from] item: Leftovers
|upkeep
|turn|10
|
|t:|1685867947
|move|p2a: Great Tusk|Stealth Rock|p1a: Corviknight
|-sidestart|p1: Dinowolf94|move: Stealth Rock
|move|p1a: Corviknight|U-turn|p2a: Great Tusk
|-resisted|p2a: Great Tusk
|-damage|p2a: Great Tusk|86/100
|
|t:|1685867960
|switch|p1a: Rotom|Rotom-Wash|100/100|[from] U-turn
|-damage|p1a: Rotom|88/100|[from] Stealth Rock
|
|-heal|p1a: Rotom|94/100|[from] item: Leftovers
|-heal|p2a: Great Tusk|93/100|[from] item: Leftovers
|upkeep
|turn|11
|
|t:|1685867974
|move|p1a: Rotom|Hydro Pump|p2a: Great Tusk
|-supereffective|p2a: Great Tusk
|-damage|p2a: Great Tusk|0 fnt
|faint|p2a: Great Tusk
|-end|p2a: Great Tusk|Protosynthesis|[silent]
|
|-heal|p1a: Rotom|100/100|[from] item: Leftovers
|upkeep
|
|t:|1685867981
|switch|p2a: Garganacl|Garganacl, F|85/100
|turn|12
|
|t:|1685867986
|move|p1a: Rotom|Volt Switch|p2a: Garganacl
|-damage|p2a: Garganacl|65/100
|
|t:|1685867991
|switch|p1a: Corviknight|Corviknight, F|85/100|[from] Volt Switch
|-damage|p1a: Corviknight|72/100|[from] Stealth Rock
|-ability|p1a: Corviknight|Pressure
|move|p2a: Garganacl|Salt Cure|p1a: Corviknight
|-damage|p1a: Corviknight|64/100
|-start|p1a: Corviknight|Salt Cure
|
|-heal|p2a: Garganacl|71/100|[from] item: Leftovers
|-damage|p1a: Corviknight|39/100|[from] Salt Cure
|upkeep
|turn|13
|
|t:|1685867999
|move|p1a: Corviknight|Roost|p1a: Corviknight
|-heal|p1a: Corviknight|89/100
|-singleturn|p1a: Corviknight|move: Roost
|move|p2a: Garganacl|Curse|p2a: Garganacl
|-unboost|p2a: Garganacl|spe|1
|-boost|p2a: Garganacl|atk|1
|-boost|p2a: Garganacl|def|1
|
|-heal|p2a: Garganacl|78/100|[from] item: Leftovers
|-damage|p1a: Corviknight|64/100|[from] Salt Cure
|upkeep
|turn|14
|
|t:|1685868005
|move|p1a: Corviknight|U-turn|p2a: Garganacl
|-damage|p2a: Garganacl|72/100
|
|t:|1685868007
|switch|p1a: Rotom|Rotom-Wash|100/100|[from] U-turn
|-damage|p1a: Rotom|88/100|[from] Stealth Rock
|move|p2a: Garganacl|Curse|p2a: Garganacl
|-unboost|p2a: Garganacl|spe|1
|-boost|p2a: Garganacl|atk|1
|-boost|p2a: Garganacl|def|1
|
|-heal|p1a: Rotom|94/100|[from] item: Leftovers
|-heal|p2a: Garganacl|78/100|[from] item: Leftovers
|upkeep
|turn|15
|
|t:|1685868011
|-terastallize|p2a: Garganacl|Water
|move|p1a: Rotom|Hydro Pump|p2a: Garganacl
|-resisted|p2a: Garganacl
|-damage|p2a: Garganacl|61/100
|move|p2a: Garganacl|Salt Cure|p1a: Rotom
|-damage|p1a: Rotom|58/100
|-start|p1a: Rotom|Salt Cure
|
|-heal|p1a: Rotom|64/100|[from] item: Leftovers
|-heal|p2a: Garganacl|67/100|[from] item: Leftovers
|-damage|p1a: Rotom|39/100|[from] Salt Cure
|upkeep
|turn|16
|
|t:|1685868016
|move|p1a: Rotom|Volt Switch|p2a: Garganacl
|-supereffective|p2a: Garganacl
|-damage|p2a: Garganacl|26/100
|
|t:|1685868026
|switch|p1a: Slowking|Slowking-Galar, F|100/100|[from] Volt Switch
|-damage|p1a: Slowking|88/100|[from] Stealth Rock
|move|p2a: Garganacl|Recover|p2a: Garganacl
|-heal|p2a: Garganacl|76/100
|
|-heal|p2a: Garganacl|82/100|[from] item: Leftovers
|upkeep
|turn|17
|
|t:|1685868033
|move|p1a: Slowking|Sludge Bomb|p2a: Garganacl
|-damage|p2a: Garganacl|56/100
|move|p2a: Garganacl|Salt Cure|p1a: Slowking
|-crit|p1a: Slowking
|-damage|p1a: Slowking|40/100
|-start|p1a: Slowking|Salt Cure
|
|-heal|p2a: Garganacl|62/100|[from] item: Leftovers
|-damage|p1a: Slowking|28/100|[from] Salt Cure
|upkeep
|turn|18
|
|t:|1685868049
|move|p1a: Slowking|Sludge Bomb|p2a: Garganacl
|-damage|p2a: Garganacl|36/100
|move|p2a: Garganacl|Recover|p2a: Garganacl
|-heal|p2a: Garganacl|86/100
|
|-heal|p2a: Garganacl|93/100|[from] item: Leftovers
|-damage|p1a: Slowking|15/100|[from] Salt Cure
|upkeep
|turn|19
|
|t:|1685868058
|switch|p1a: Corviknight|Corviknight, F|64/100
|-damage|p1a: Corviknight|52/100|[from] Stealth Rock
|-ability|p1a: Corviknight|Pressure
|move|p2a: Garganacl|Curse|p2a: Garganacl
|-unboost|p2a: Garganacl|spe|1
|-boost|p2a: Garganacl|atk|1
|-boost|p2a: Garganacl|def|1
|
|-heal|p2a: Garganacl|99/100|[from] item: Leftovers
|upkeep
|turn|20
|
|t:|1685868064
|move|p1a: Corviknight|Defog|p2a: Garganacl
|-unboost|p2a: Garganacl|evasion|1
|-sideend|p1: Dinowolf94|Stealth Rock|[from] move: Defog|[of] p1a: Corviknight
|move|p2a: Garganacl|Salt Cure|p1a: Corviknight
|-damage|p1a: Corviknight|33/100
|-start|p1a: Corviknight|Salt Cure
|
|-heal|p2a: Garganacl|100/100|[from] item: Leftovers
|-damage|p1a: Corviknight|8/100|[from] Salt Cure
|upkeep
|turn|21
|
|t:|1685868067
|move|p1a: Corviknight|Roost|p1a: Corviknight
|-heal|p1a: Corviknight|58/100
|-singleturn|p1a: Corviknight|move: Roost
|move|p2a: Garganacl|Curse|p2a: Garganacl
|-unboost|p2a: Garganacl|spe|1
|-boost|p2a: Garganacl|atk|1
|-boost|p2a: Garganacl|def|1
|
|-damage|p1a: Corviknight|33/100|[from] Salt Cure
|upkeep
|turn|22
|
|t:|1685868074
|move|p1a: Corviknight|Roost|p1a: Corviknight
|-heal|p1a: Corviknight|83/100
|-singleturn|p1a: Corviknight|move: Roost
|move|p2a: Garganacl|Curse|p2a: Garganacl
|-unboost|p2a: Garganacl|spe|1
|-boost|p2a: Garganacl|atk|1
|-boost|p2a: Garganacl|def|1
|
|-damage|p1a: Corviknight|58/100|[from] Salt Cure
|upkeep
|turn|23
|
|t:|1685868079
|move|p1a: Corviknight|U-turn|p2a: Garganacl
|-damage|p2a: Garganacl|98/100
|
|t:|1685868081
|switch|p1a: Rotom|Rotom-Wash|39/100|[from] U-turn
|move|p2a: Garganacl|Curse|p2a: Garganacl
|-unboost|p2a: Garganacl|spe|1
|-boost|p2a: Garganacl|atk|1
|-boost|p2a: Garganacl|def|1
|
|-heal|p1a: Rotom|46/100|[from] item: Leftovers
|-heal|p2a: Garganacl|100/100|[from] item: Leftovers
|upkeep
|turn|24
|
|t:|1685868083
|move|p1a: Rotom|Volt Switch|p2a: Garganacl
|-supereffective|p2a: Garganacl
|-damage|p2a: Garganacl|55/100
|
|t:|1685868097
|switch|p1a: Corviknight|Corviknight, F|58/100|[from] Volt Switch
|-ability|p1a: Corviknight|Pressure
|move|p2a: Garganacl|Salt Cure|p1a: Corviknight
|-damage|p1a: Corviknight|25/100
|-start|p1a: Corviknight|Salt Cure
|
|-heal|p2a: Garganacl|62/100|[from] item: Leftovers
|-damage|p1a: Corviknight|0 fnt|[from] Salt Cure
|faint|p1a: Corviknight
|upkeep
|
|t:|1685868103
|switch|p1a: Rotom|Rotom-Wash|46/100
|turn|25
|
|t:|1685868108
|move|p1a: Rotom|Volt Switch|p2a: Garganacl
|-supereffective|p2a: Garganacl
|-damage|p2a: Garganacl|21/100
|
|t:|1685868112
|switch|p1a: Magearna|Magearna|100/100|[from] Volt Switch
|move|p2a: Garganacl|Recover|p2a: Garganacl
|-heal|p2a: Garganacl|71/100
|
|-heal|p2a: Garganacl|77/100|[from] item: Leftovers
|upkeep
|turn|26
|
|t:|1685868115
|move|p1a: Magearna|Iron Defense|p1a: Magearna
|-boost|p1a: Magearna|def|2
|move|p2a: Garganacl|Salt Cure|p1a: Magearna
|-resisted|p1a: Magearna
|-damage|p1a: Magearna|88/100
|-start|p1a: Magearna|Salt Cure
|
|-heal|p1a: Magearna|94/100|[from] item: Leftovers
|-heal|p2a: Garganacl|83/100|[from] item: Leftovers
|-damage|p1a: Magearna|69/100|[from] Salt Cure
|upkeep
|turn|27
|
|t:|1685868119
|move|p1a: Magearna|Iron Defense|p1a: Magearna
|-boost|p1a: Magearna|def|2
|move|p2a: Garganacl|Earthquake|p1a: Magearna
|-supereffective|p1a: Magearna
|-damage|p1a: Magearna|22/100
|
|-heal|p1a: Magearna|28/100|[from] item: Leftovers
|-heal|p2a: Garganacl|90/100|[from] item: Leftovers
|-damage|p1a: Magearna|3/100|[from] Salt Cure
|upkeep
|turn|28
|
|t:|1685868123
|move|p1a: Magearna|Stored Power|p2a: Garganacl
|-damage|p2a: Garganacl|69/100
|move|p2a: Garganacl|Salt Cure|p1a: Magearna
|-resisted|p1a: Magearna
|-crit|p1a: Magearna
|-damage|p1a: Magearna|0 fnt
|faint|p1a: Magearna
|
|-heal|p2a: Garganacl|75/100|[from] item: Leftovers
|upkeep
|
|t:|1685868131
|switch|p1a: Rotom|Rotom-Wash|46/100
|turn|29
|
|t:|1685868134
|move|p1a: Rotom|Volt Switch|p2a: Garganacl
|-supereffective|p2a: Garganacl
|-damage|p2a: Garganacl|33/100
|
|t:|1685868137
|switch|p1a: Moltres|Moltres-Galar|100/100|[from] Volt Switch
|move|p2a: Garganacl|Salt Cure|p1a: Moltres
|-supereffective|p1a: Moltres
|-damage|p1a: Moltres|0 fnt
|faint|p1a: Moltres
|
|-heal|p2a: Garganacl|39/100|[from] item: Leftovers
|upkeep
|
|t:|1685868139
|switch|p1a: Rotom|Rotom-Wash|46/100
|turn|30
|
|t:|1685868149
|move|p1a: Rotom|Volt Switch|p2a: Garganacl
|-supereffective|p2a: Garganacl
|-damage|p2a: Garganacl|0 fnt
|faint|p2a: Garganacl
|
|t:|1685868153
|switch|p1a: Kleavor|Kleavor, F|100/100|[from] Volt Switch
|
|upkeep
|
|t:|1685868158
|switch|p2a: Urshifu|Urshifu-Rapid-Strike, F|100/100
|turn|31
|
|t:|1685868166
|switch|p1a: Rotom|Rotom-Wash|46/100
|move|p2a: Urshifu|Surging Strikes|p1a: Rotom
|-resisted|p1a: Rotom
|-crit|p1a: Rotom
|-damage|p1a: Rotom|26/100
|-resisted|p1a: Rotom
|-crit|p1a: Rotom
|-damage|p1a: Rotom|5/100
|-resisted|p1a: Rotom
|-crit|p1a: Rotom
|-damage|p1a: Rotom|0 fnt
|faint|p1a: Rotom
|-hitcount|p1: Rotom|3
|
|upkeep
|
|t:|1685868171
|switch|p1a: Kleavor|Kleavor, F|100/100
|turn|32
|
|t:|1685868173
|move|p1a: Kleavor|Close Combat|p2a: Urshifu
|-damage|p2a: Urshifu|56/100
|-unboost|p1a: Kleavor|def|1
|-unboost|p1a: Kleavor|spd|1
|move|p2a: Urshifu|Surging Strikes|p1a: Kleavor
|-supereffective|p1a: Kleavor
|-crit|p1a: Kleavor
|-damage|p1a: Kleavor|0 fnt
|faint|p1a: Kleavor
|-hitcount|p1: Kleavor|1
|
|upkeep
|
|t:|1685868176
|switch|p1a: Slowking|Slowking-Galar, F|48/100
|turn|33
|
|t:|1685868177
|move|p2a: Urshifu|Surging Strikes|p1a: Slowking
|-crit|p1a: Slowking
|-damage|p1a: Slowking|17/100
|-crit|p1a: Slowking
|-damage|p1a: Slowking|0 fnt
|faint|p1a: Slowking
|-hitcount|p1: Slowking|2
|
|win|Just some dude lol
|raw|Dinowolf94's rating: 1189 → 1171(-18 for losing)
|raw|Just some dude lol's rating: 1287 → 1305(+18 for winning)
|l|☆Dinowolf94
