|j|☆L34D3R M1STY
|j|☆RocketWaltz
|t:|1685909667
|gametype|singles
|player|p1|L34D3R M1STY|misty|1471
|player|p2|RocketWaltz|170|1486
|teamsize|p1|6
|teamsize|p2|6
|gen|9
|tier|[Gen 9] OU
|rated|
|rule|Sleep Clause Mod: Limit one foe put to sleep
|rule|Species Clause: Limit one of each Pokémon
|rule|OHKO Clause: OHKO moves are banned
|rule|Evasion Items Clause: Evasion items are banned
|rule|Evasion Moves Clause: Evasion moves are banned
|rule|Endless Battle Clause: Forcing endless battles is banned
|rule|HP Percentage Mod: HP is shown in percentages
|clearpoke
|poke|p1|Kleavor, F|
|poke|p1|Pelipper, F|
|poke|p1|Basculegion, M|
|poke|p1|Iron Treads|
|poke|p1|Rabsca, F|
|poke|p1|Dragonite, M|
|poke|p2|Torkoal, F|
|poke|p2|Lilligant-Hisui, F|
|poke|p2|Walking Wake|
|poke|p2|Cinderace, M|
|poke|p2|Great Tusk|
|poke|p2|Florges, F|
|teampreview
|inactive|Battle timer is ON: inactive players will automatically lose when time's up. (requested by L34D3R M1STY)
|c|☆L34D3R M1STY|Glhf
|c|☆RocketWaltz|u2
|
|t:|1685909694
|start
|switch|p1a: Kleavor|Kleavor, F|100/100
|switch|p2a: Walking Wake|Walking Wake|100/100
|turn|1
|
|t:|1685909697
|move|p2a: Walking Wake|Hydro Steam|p1a: Kleavor
|-supereffective|p1a: Kleavor
|-enditem|p1a: Kleavor|Focus Sash
|-damage|p1a: Kleavor|1/100
|move|p1a: Kleavor|Stone Axe|p2a: Walking Wake|[miss]
|-miss|p1a: Kleavor|p2a: Walking Wake
|
|upkeep
|turn|2
|
|t:|1685909701
|move|p2a: Walking Wake|Hydro Steam|p1a: Kleavor
|-supereffective|p1a: Kleavor
|-damage|p1a: Kleavor|0 fnt
|faint|p1a: Kleavor
|
|upkeep
|
|t:|1685909709
|switch|p1a: Rabsca|Rabsca, F|100/100
|turn|3
|
|t:|1685909715
|move|p2a: Walking Wake|Hydro Steam|p1a: Rabsca
|-damage|p1a: Rabsca|43/100
|move|p1a: Rabsca|Trick Room|p1a: Rabsca
|-fieldstart|move: Trick Room|[of] p1a: Rabsca
|
|upkeep
|turn|4
|
|t:|1685909720
|-end|p2a: Walking Wake|Protosynthesis|[silent]
|switch|p2a: Torkoal|Torkoal, F|100/100
|-weather|SunnyDay|[from] ability: Drought|[of] p2a: Torkoal
|move|p1a: Rabsca|Dazzling Gleam|p2a: Torkoal
|-resisted|p2a: Torkoal
|-crit|p2a: Torkoal
|-damage|p2a: Torkoal|71/100
|
|-weather|SunnyDay|[upkeep]
|upkeep
|turn|5
|
|t:|1685909724
|move|p2a: Torkoal|Stealth Rock|p1a: Rabsca
|-sidestart|p1: L34D3R M1STY|move: Stealth Rock
|move|p1a: Rabsca|Revival Blessing|p1a: Rabsca
|
|t:|1685909727
|-heal|p1: Kleavor|50/100|[from] move: Revival Blessing
|
|-weather|SunnyDay|[upkeep]
|upkeep
|turn|6
|
|t:|1685909731
|move|p2a: Torkoal|Lava Plume|p1a: Rabsca
|-supereffective|p1a: Rabsca
|-damage|p1a: Rabsca|0 fnt
|faint|p1a: Rabsca
|
|-weather|SunnyDay|[upkeep]
|upkeep
|
|t:|1685909734
|switch|p1a: Pelipper|Pelipper, F|100/100
|-damage|p1a: Pelipper|76/100|[from] Stealth Rock
|-weather|RainDance|[from] ability: Drizzle|[of] p1a: Pelipper
|turn|7
|
|t:|1685909751
|switch|p2a: Florges|Florges, F|100/100
|move|p1a: Pelipper|Hurricane|p2a: Florges
|-damage|p2a: Florges|75/100
|
|-weather|RainDance|[upkeep]
|-heal|p2a: Florges|81/100|[from] item: Leftovers
|-fieldend|move: Trick Room
|upkeep
|turn|8
|
|t:|1685909765
|move|p2a: Florges|Calm Mind|p2a: Florges
|-boost|p2a: Florges|spa|1
|-boost|p2a: Florges|spd|1
|move|p1a: Pelipper|U-turn|p2a: Florges
|-resisted|p2a: Florges
|-damage|p2a: Florges|77/100
|
|t:|1685909766
|switch|p1a: Iron Treads|Iron Treads|100/100|[from] U-turn
|-damage|p1a: Iron Treads|97/100|[from] Stealth Rock
|
|-weather|RainDance|[upkeep]
|-heal|p2a: Florges|84/100|[from] item: Leftovers
|upkeep
|turn|9
|
|t:|1685909774
|-terastallize|p2a: Florges|Grass
|move|p1a: Iron Treads|Rapid Spin|p2a: Florges
|-damage|p2a: Florges|67/100
|-boost|p1a: Iron Treads|spe|1
|-sideend|p1: L34D3R M1STY|Stealth Rock|[from] move: Rapid Spin|[of] p1a: Iron Treads
|move|p2a: Florges|Calm Mind|p2a: Florges
|-boost|p2a: Florges|spa|1
|-boost|p2a: Florges|spd|1
|
|-weather|RainDance|[upkeep]
|-heal|p2a: Florges|73/100|[from] item: Leftovers
|upkeep
|turn|10
|
|t:|1685909778
|move|p1a: Iron Treads|Ice Spinner|p2a: Florges
|-supereffective|p2a: Florges
|-damage|p2a: Florges|24/100
|move|p2a: Florges|Calm Mind|p2a: Florges
|-boost|p2a: Florges|spa|1
|-boost|p2a: Florges|spd|1
|
|-weather|RainDance|[upkeep]
|-heal|p2a: Florges|30/100|[from] item: Leftovers
|upkeep
|turn|11
|
|t:|1685909784
|switch|p2a: Cinderace|Cinderace, M|100/100
|move|p1a: Iron Treads|Ice Spinner|p2a: Cinderace
|-resisted|p2a: Cinderace
|-damage|p2a: Cinderace|82/100
|
|-weather|RainDance|[upkeep]
|upkeep
|turn|12
|
|t:|1685909787
|move|p1a: Iron Treads|Earthquake|p2a: Cinderace
|-supereffective|p2a: Cinderace
|-damage|p2a: Cinderace|0 fnt
|faint|p2a: Cinderace
|
|-weather|RainDance|[upkeep]
|upkeep
|
|t:|1685909794
|switch|p2a: Torkoal|Torkoal, F|71/100
|-weather|SunnyDay|[from] ability: Drought|[of] p2a: Torkoal
|turn|13
|
|t:|1685909801
|switch|p2a: Walking Wake|Walking Wake|100/100
|-activate|p2a: Walking Wake|ability: Protosynthesis
|-start|p2a: Walking Wake|protosynthesisspe
|move|p1a: Iron Treads|Earthquake|p2a: Walking Wake
|-damage|p2a: Walking Wake|48/100
|
|-weather|SunnyDay|[upkeep]
|upkeep
|turn|14
|
|t:|1685909816
|-end|p1a: Iron Treads|Quark Drive|[silent]
|switch|p1a: Pelipper|Pelipper, F|76/100
|-weather|RainDance|[from] ability: Drizzle|[of] p1a: Pelipper
|-end|p2a: Walking Wake|Protosynthesis
|move|p2a: Walking Wake|Hydro Steam|p1a: Pelipper
|-resisted|p1a: Pelipper
|-damage|p1a: Pelipper|8/100
|
|-weather|RainDance|[upkeep]
|upkeep
|turn|15
|
|t:|1685909821
|switch|p1a: Kleavor|Kleavor, F|50/100
|move|p2a: Walking Wake|Hydro Steam|p1a: Kleavor
|-supereffective|p1a: Kleavor
|-damage|p1a: Kleavor|0 fnt
|faint|p1a: Kleavor
|
|-weather|RainDance|[upkeep]
|upkeep
|
|t:|1685909828
|switch|p1a: Basculegion|Basculegion, M|100/100
|turn|16
|
|t:|1685909836
|-end|p2a: Walking Wake|Protosynthesis|[silent]
|switch|p2a: Florges|Florges, F, tera:Grass|30/100
|-terastallize|p1a: Basculegion|Water
|move|p1a: Basculegion|Wave Crash|p2a: Florges
|-resisted|p2a: Florges
|-damage|p2a: Florges|0 fnt
|faint|p2a: Florges
|-damage|p1a: Basculegion|91/100|[from] Recoil
|
|-weather|RainDance|[upkeep]
|upkeep
|
|t:|1685909850
|switch|p2a: Torkoal|Torkoal, F|71/100
|-weather|SunnyDay|[from] ability: Drought|[of] p2a: Torkoal
|turn|17
|
|t:|1685909858
|switch|p2a: Walking Wake|Walking Wake|48/100
|-activate|p2a: Walking Wake|ability: Protosynthesis
|-start|p2a: Walking Wake|protosynthesisspe
|move|p1a: Basculegion|Wave Crash|p2a: Walking Wake
|-resisted|p2a: Walking Wake
|-damage|p2a: Walking Wake|32/100
|-damage|p1a: Basculegion|87/100|[from] Recoil
|
|-weather|SunnyDay|[upkeep]
|upkeep
|turn|18
|
|t:|1685909867
|switch|p1a: Pelipper|Pelipper, F|8/100
|-weather|RainDance|[from] ability: Drizzle|[of] p1a: Pelipper
|-end|p2a: Walking Wake|Protosynthesis
|move|p2a: Walking Wake|Hydro Steam|p1a: Pelipper
|-resisted|p1a: Pelipper
|-damage|p1a: Pelipper|0 fnt
|faint|p1a: Pelipper
|
|-weather|RainDance|[upkeep]
|upkeep
|
|t:|1685909877
|switch|p1a: Basculegion|Basculegion, M, tera:Water|87/100
|turn|19
|
|t:|1685909884
|-end|p2a: Walking Wake|Protosynthesis|[silent]
|switch|p2a: Torkoal|Torkoal, F|71/100
|-weather|SunnyDay|[from] ability: Drought|[of] p2a: Torkoal
|move|p1a: Basculegion|Wave Crash|p2a: Torkoal
|-supereffective|p2a: Torkoal
|-damage|p2a: Torkoal|5/100
|-damage|p1a: Basculegion|67/100|[from] Recoil
|
|-weather|SunnyDay|[upkeep]
|upkeep
|turn|20
|
|t:|1685909893
|switch|p2a: Lilligant|Lilligant-Hisui, F|100/100
|move|p1a: Basculegion|Wave Crash|p2a: Lilligant
|-resisted|p2a: Lilligant
|-damage|p2a: Lilligant|49/100
|-damage|p1a: Basculegion|54/100|[from] Recoil
|
|-weather|SunnyDay|[upkeep]
|upkeep
|turn|21
|
|t:|1685909899
|move|p2a: Lilligant|Leaf Blade|p1a: Basculegion
|-supereffective|p1a: Basculegion
|-damage|p1a: Basculegion|0 fnt
|faint|p1a: Basculegion
|-damage|p2a: Lilligant|39/100|[from] item: Life Orb
|
|-weather|SunnyDay|[upkeep]
|upkeep
|
|t:|1685909911
|switch|p1a: Iron Treads|Iron Treads|97/100
|turn|22
|
|t:|1685909919
|move|p2a: Lilligant|Close Combat|p1a: Iron Treads
|-supereffective|p1a: Iron Treads
|-damage|p1a: Iron Treads|0 fnt
|-unboost|p2a: Lilligant|def|1
|-unboost|p2a: Lilligant|spd|1
|faint|p1a: Iron Treads
|-end|p1a: Iron Treads|Quark Drive|[silent]
|-damage|p2a: Lilligant|29/100|[from] item: Life Orb
|
|-weather|SunnyDay|[upkeep]
|upkeep
|
|t:|1685909922
|switch|p1a: Dragonite|Dragonite, M|100/100
|turn|23
|
|t:|1685909925
|switch|p2a: Great Tusk|Great Tusk|100/100
|-activate|p2a: Great Tusk|ability: Protosynthesis
|-start|p2a: Great Tusk|protosynthesisdef
|move|p1a: Dragonite|Extreme Speed|p2a: Great Tusk
|-damage|p2a: Great Tusk|90/100
|
|-weather|SunnyDay|[upkeep]
|-heal|p2a: Great Tusk|96/100|[from] item: Leftovers
|upkeep
|turn|24
|
|t:|1685909930
|move|p2a: Great Tusk|Knock Off|p1a: Dragonite
|-damage|p1a: Dragonite|86/100
|-enditem|p1a: Dragonite|Heavy-Duty Boots|[from] move: Knock Off|[of] p2a: Great Tusk
|move|p1a: Dragonite|Hurricane|p2a: Great Tusk
|-supereffective|p2a: Great Tusk
|-damage|p2a: Great Tusk|0 fnt
|faint|p2a: Great Tusk
|-end|p2a: Great Tusk|Protosynthesis|[silent]
|
|-weather|SunnyDay|[upkeep]
|upkeep
|
|t:|1685909934
|switch|p2a: Walking Wake|Walking Wake|32/100
|-activate|p2a: Walking Wake|ability: Protosynthesis
|-start|p2a: Walking Wake|protosynthesisspe
|turn|25
|
|t:|1685909935
|move|p1a: Dragonite|Extreme Speed|p2a: Walking Wake
|-damage|p2a: Walking Wake|0 fnt
|faint|p2a: Walking Wake
|-end|p2a: Walking Wake|Protosynthesis|[silent]
|
|-weather|SunnyDay|[upkeep]
|upkeep
|
|t:|1685909939
|switch|p2a: Lilligant|Lilligant-Hisui, F|29/100
|turn|26
|
|t:|1685909946
|move|p1a: Dragonite|Extreme Speed|p2a: Lilligant
|-damage|p2a: Lilligant|0 fnt
|faint|p2a: Lilligant
|
|-weather|none
|upkeep
|-message|RocketWaltz forfeited.
|
|win|L34D3R M1STY
|raw|L34D3R M1STY's rating: 1471 → 1492(+21 for winning)
|raw|RocketWaltz's rating: 1486 → 1465(-21 for losing)
|l|☆RocketWaltz
|c|☆L34D3R M1STY|Gg
