|j|☆BeastkidYT
|j|☆Mokkiks
|t:|1685926692
|gametype|singles
|player|p1|BeastkidYT|169|1107
|player|p2|Mokkiks|266|1172
|teamsize|p1|6
|teamsize|p2|6
|gen|9
|tier|[Gen 9] OU
|rated|
|rule|Sleep Clause Mod: Limit one foe put to sleep
|rule|Species Clause: Limit one of each Pokémon
|rule|OHKO Clause: OHKO moves are banned
|rule|Evasion Items Clause: Evasion items are banned
|rule|Evasion Moves Clause: Evasion moves are banned
|rule|Endless Battle Clause: Forcing endless battles is banned
|rule|HP Percentage Mod: HP is shown in percentages
|clearpoke
|poke|p1|Enamorus, F|
|poke|p1|Kleavor, F|
|poke|p1|Ursaluna, F|
|poke|p1|Typhlosion-Hisui, M|
|poke|p1|Lilligant-Hisui, F|
|poke|p1|Arcanine-Hisui, F|
|poke|p2|Dragapult, F|
|poke|p2|Cinderace, F|
|poke|p2|Azumarill, F|
|poke|p2|Slowbro, M|
|poke|p2|Garganacl, M|
|poke|p2|Gardevoir, F|
|teampreview
|inactive|Battle timer is ON: inactive players will automatically lose when time's up. (requested by Mokkiks)
|
|t:|1685926707
|start
|switch|p1a: Kleavor|Kleavor, F|100/100
|switch|p2a: Dragapult|Dragapult, F|100/100
|turn|1
|c|☆BeastkidYT|Glhf
|
|t:|1685926719
|-terastallize|p2a: Dragapult|Fire
|move|p2a: Dragapult|Flamethrower|p1a: Kleavor
|-enditem|p1a: Kleavor|Focus Sash
|-damage|p1a: Kleavor|1/100
|move|p1a: Kleavor|Stone Axe|p2a: Dragapult
|-supereffective|p2a: Dragapult
|-damage|p2a: Dragapult|0 fnt
|-sidestart|p2: Mokkiks|move: Stealth Rock
|faint|p2a: Dragapult
|
|upkeep
|
|t:|1685926733
|switch|p2a: Azumarill|Azumarill, F|100/100
|-damage|p2a: Azumarill|88/100|[from] Stealth Rock
|turn|2
|
|t:|1685926761
|move|p2a: Azumarill|Aqua Jet|p1a: Kleavor
|-supereffective|p1a: Kleavor
|-damage|p1a: Kleavor|0 fnt
|faint|p1a: Kleavor
|
|upkeep
|
|t:|1685926766
|switch|p1a: Lilligant|Lilligant-Hisui, F|100/100
|turn|3
|
|t:|1685926774
|switch|p2a: Gardevoir|Gardevoir, F|100/100
|-damage|p2a: Gardevoir|88/100|[from] Stealth Rock
|-terastallize|p1a: Lilligant|Grass
|move|p1a: Lilligant|Victory Dance|p1a: Lilligant
|-boost|p1a: Lilligant|atk|1
|-boost|p1a: Lilligant|def|1
|-boost|p1a: Lilligant|spe|1
|
|upkeep
|turn|4
|
|t:|1685926786
|move|p1a: Lilligant|Leaf Blade|p2a: Gardevoir
|-damage|p2a: Gardevoir|0 fnt
|faint|p2a: Gardevoir
|
|upkeep
|
|t:|1685926793
|switch|p2a: Cinderace|Cinderace, F|100/100
|-damage|p2a: Cinderace|76/100|[from] Stealth Rock
|turn|5
|
|t:|1685926798
|move|p1a: Lilligant|Axe Kick|p2a: Cinderace
|-damage|p2a: Cinderace|0 fnt
|faint|p2a: Cinderace
|
|upkeep
|c|☆Mokkiks|ggs lol
|-message|Mokkiks forfeited.
|
|win|BeastkidYT
|raw|BeastkidYT's rating: 1107 → 1137(+30 for winning)
|raw|Mokkiks's rating: 1172 → 1142(-30 for losing)
|l|☆Mokkiks
