|j|☆DragMagReborn
|j|☆jerojenol
|t:|1685895247
|gametype|singles
|player|p1|DragMagReborn|2|1592
|player|p2|jerojenol|1|1540
|teamsize|p1|6
|teamsize|p2|6
|gen|9
|tier|[Gen 9] OU
|rated|
|rule|Sleep Clause Mod: Limit one foe put to sleep
|rule|Species Clause: Limit one of each Pokémon
|rule|OHKO Clause: OHKO moves are banned
|rule|Evasion Items Clause: Evasion items are banned
|rule|Evasion Moves Clause: Evasion moves are banned
|rule|Endless Battle Clause: Forcing endless battles is banned
|rule|HP Percentage Mod: HP is shown in percentages
|clearpoke
|poke|p1|Walking Wake|
|poke|p1|Kingambit, M|
|poke|p1|Dragonite, F|
|poke|p1|Roaring Moon|
|poke|p1|Dragapult, F|
|poke|p1|Garchomp, F|
|poke|p2|Urshifu-*, F|
|poke|p2|Spidops, M|
|poke|p2|Braviary-Hisui, M|
|poke|p2|Gholdengo|
|poke|p2|Ursaluna, F|
|poke|p2|Goodra-Hisui, F|
|teampreview
|inactive|Battle timer is ON: inactive players will automatically lose when time's up. (requested by DragMagReborn)
|
|t:|1685895256
|start
|switch|p1a: Land Shark|Garchomp, F|100/100
|switch|p2a: sticker|Spidops, M|100/100
|turn|1
|
|t:|1685895263
|move|p1a: Land Shark|Fire Blast|p2a: sticker
|-supereffective|p2a: sticker
|-damage|p2a: sticker|1/100
|-damage|p1a: Land Shark|91/100|[from] item: Life Orb
|move|p2a: sticker|Sticky Web|p1a: Land Shark
|-sidestart|p1: DragMagReborn|move: Sticky Web
|
|upkeep
|turn|2
|
|t:|1685895270
|move|p1a: Land Shark|Earthquake|p2a: sticker
|-resisted|p2a: sticker
|-damage|p2a: sticker|0 fnt
|faint|p2a: sticker
|-damage|p1a: Land Shark|81/100|[from] item: Life Orb
|
|upkeep
|
|t:|1685895296
|switch|p2a: Ursaluna|Ursaluna, F|100/100
|turn|3
|
|t:|1685895305
|move|p1a: Land Shark|Draco Meteor|p2a: Ursaluna
|-damage|p2a: Ursaluna|26/100
|-unboost|p1a: Land Shark|spa|2
|-damage|p1a: Land Shark|71/100|[from] item: Life Orb
|move|p2a: Ursaluna|Earthquake|p1a: Land Shark
|-damage|p1a: Land Shark|20/100
|
|-status|p2a: Ursaluna|brn|[from] item: Flame Orb
|upkeep
|turn|4
|
|t:|1685895315
|switch|p2a: scarf lover|Braviary-Hisui, M|100/100
|move|p1a: Land Shark|Earthquake|p2a: scarf lover
|-immune|p2a: scarf lover
|
|upkeep
|turn|5
|
|t:|1685895323
|move|p1a: Land Shark|Draco Meteor|p2a: scarf lover
|-damage|p2a: scarf lover|62/100
|-unboost|p1a: Land Shark|spa|2
|-damage|p1a: Land Shark|10/100|[from] item: Life Orb
|move|p2a: scarf lover|Shadow Ball|p1a: Land Shark
|-damage|p1a: Land Shark|0 fnt
|faint|p1a: Land Shark
|
|upkeep
|
|t:|1685895331
|switch|p1a: Crasher Wake|Walking Wake|100/100
|-activate|p1a: Crasher Wake|move: Sticky Web
|-unboost|p1a: Crasher Wake|spe|1
|-enditem|p1a: Crasher Wake|Booster Energy
|-activate|p1a: Crasher Wake|ability: Protosynthesis|[fromitem]
|-start|p1a: Crasher Wake|protosynthesisspa
|turn|6
|
|t:|1685895340
|move|p2a: scarf lover|Hurricane|p1a: Crasher Wake
|-damage|p1a: Crasher Wake|2/100
|move|p1a: Crasher Wake|Agility|p1a: Crasher Wake
|-boost|p1a: Crasher Wake|spe|2
|
|upkeep
|turn|7
|
|t:|1685895361
|switch|p2a: not meteor|Goodra-Hisui, F|100/100
|move|p1a: Crasher Wake|Dragon Pulse|p2a: not meteor
|-damage|p2a: not meteor|68/100
|
|-heal|p2a: not meteor|74/100|[from] item: Leftovers
|upkeep
|turn|8
|
|t:|1685895371
|move|p1a: Crasher Wake|Dragon Pulse|p2a: not meteor
|-damage|p2a: not meteor|43/100
|move|p2a: not meteor|Flash Cannon|p1a: Crasher Wake
|-resisted|p1a: Crasher Wake
|-damage|p1a: Crasher Wake|0 fnt
|faint|p1a: Crasher Wake
|-end|p1a: Crasher Wake|Protosynthesis|[silent]
|
|-heal|p2a: not meteor|49/100|[from] item: Leftovers
|upkeep
|
|t:|1685895375
|switch|p1a: I’m Fast as Fuck|Dragonite, F|100/100
|turn|9
|
|t:|1685895386
|move|p1a: I’m Fast as Fuck|Earthquake|p2a: not meteor
|-supereffective|p2a: not meteor
|-damage|p2a: not meteor|0 fnt
|faint|p2a: not meteor
|
|upkeep
|
|t:|1685895393
|switch|p2a: don't spin dude|Gholdengo|100/100
|-item|p2a: don't spin dude|Air Balloon
|turn|10
|
|t:|1685895398
|move|p1a: I’m Fast as Fuck|Dragon Dance|p1a: I’m Fast as Fuck
|-boost|p1a: I’m Fast as Fuck|atk|1
|-boost|p1a: I’m Fast as Fuck|spe|1
|move|p2a: don't spin dude|Thunderbolt|p1a: I’m Fast as Fuck
|-damage|p1a: I’m Fast as Fuck|82/100
|
|upkeep
|turn|11
|
|t:|1685895408
|move|p1a: I’m Fast as Fuck|Dragon Dance|p1a: I’m Fast as Fuck
|-boost|p1a: I’m Fast as Fuck|atk|1
|-boost|p1a: I’m Fast as Fuck|spe|1
|move|p2a: don't spin dude|Nasty Plot|p2a: don't spin dude
|-boost|p2a: don't spin dude|spa|2
|
|upkeep
|turn|12
|
|t:|1685895416
|move|p1a: I’m Fast as Fuck|Fire Punch|p2a: don't spin dude
|-supereffective|p2a: don't spin dude
|-damage|p2a: don't spin dude|0 fnt
|-enditem|p2a: don't spin dude|Air Balloon
|faint|p2a: don't spin dude
|
|upkeep
|-message|jerojenol forfeited.
|
|win|DragMagReborn
|raw|DragMagReborn's rating: 1592 → 1609(+17 for winning)
|raw|jerojenol's rating: 1540 → 1523(-17 for losing)
|l|☆jerojenol
