|j|☆Ayudame1
|j|☆John Kentucky
|t:|1685828931
|gametype|singles
|player|p1|Ayudame1|roxie|1125
|player|p2|John Kentucky|crasherwake|1070
|teamsize|p1|6
|teamsize|p2|6
|gen|9
|tier|[Gen 9] OU
|rated|
|rule|Sleep Clause Mod: Limit one foe put to sleep
|rule|Species Clause: Limit one of each Pokémon
|rule|OHKO Clause: OHKO moves are banned
|rule|Evasion Items Clause: Evasion items are banned
|rule|Evasion Moves Clause: Evasion moves are banned
|rule|Endless Battle Clause: Forcing endless battles is banned
|rule|HP Percentage Mod: HP is shown in percentages
|clearpoke
|poke|p1|Regidrago|
|poke|p1|Rotom-Wash|
|poke|p1|Gholdengo|
|poke|p1|Great Tusk|
|poke|p1|Cresselia, F|
|poke|p1|Iron Moth|
|poke|p2|Lilligant-Hisui, F|
|poke|p2|Dondozo, M|
|poke|p2|Ditto|
|poke|p2|Electrode-Hisui|
|poke|p2|Blissey, F|
|poke|p2|Sylveon, M|
|teampreview
|j| less might be more
|
|t:|1685828966
|start
|switch|p1a: Rotom|Rotom-Wash|100/100
|switch|p2a: Beeg Feesh|Dondozo, M|100/100
|turn|1
|
|t:|1685828974
|switch|p2a: Right testicle|Blissey, F|100/100
|move|p1a: Rotom|Discharge|p2a: Right testicle
|-crit|p2a: Right testicle
|-damage|p2a: Right testicle|85/100
|
|-heal|p2a: Right testicle|92/100|[from] item: Leftovers
|upkeep
|turn|2
|
|t:|1685828980
|move|p1a: Rotom|Thunder Wave|p2a: Right testicle|[miss]
|-miss|p1a: Rotom|p2a: Right testicle
|move|p2a: Right testicle|Calm Mind|p2a: Right testicle
|-boost|p2a: Right testicle|spa|1
|-boost|p2a: Right testicle|spd|1
|
|-heal|p2a: Right testicle|98/100|[from] item: Leftovers
|upkeep
|turn|3
|
|t:|1685828991
|move|p1a: Rotom|Thunder Wave|p2a: Right testicle
|-status|p2a: Right testicle|par
|move|p2a: Right testicle|Ice Beam|p1a: Rotom
|-resisted|p1a: Rotom
|-damage|p1a: Rotom|87/100
|
|-heal|p1a: Rotom|93/100|[from] item: Leftovers
|-heal|p2a: Right testicle|100/100 par|[from] item: Leftovers
|upkeep
|turn|4
|
|t:|1685828995
|move|p1a: Rotom|Volt Switch|p2a: Right testicle
|-damage|p2a: Right testicle|94/100 par
|
|t:|1685829001
|switch|p1a: donphat|Great Tusk|100/100|[from] Volt Switch
|move|p2a: Right testicle|Ice Beam|p1a: donphat
|-supereffective|p1a: donphat
|-damage|p1a: donphat|36/100
|
|-heal|p1a: donphat|42/100|[from] item: Leftovers
|-heal|p2a: Right testicle|99/100 par|[from] item: Leftovers
|upkeep
|turn|5
|
|t:|1685829012
|switch|p2a: Beeg Feesh|Dondozo, M|100/100
|move|p1a: donphat|Knock Off|p2a: Beeg Feesh
|-damage|p2a: Beeg Feesh|88/100
|-enditem|p2a: Beeg Feesh|Leftovers|[from] move: Knock Off|[of] p1a: donphat
|
|-heal|p1a: donphat|48/100|[from] item: Leftovers
|upkeep
|turn|6
|
|t:|1685829021
|-end|p1a: donphat|Protosynthesis|[silent]
|switch|p1a: Rotom|Rotom-Wash|93/100
|move|p2a: Beeg Feesh|Liquidation|p1a: Rotom
|-resisted|p1a: Rotom
|-damage|p1a: Rotom|82/100
|
|-heal|p1a: Rotom|89/100|[from] item: Leftovers
|upkeep
|turn|7
|
|t:|1685829027
|switch|p2a: Right testicle|Blissey, F|99/100 par
|move|p1a: Rotom|Thunder Wave|p2a: Right testicle
|-fail|p2a: Right testicle|par
|
|-heal|p1a: Rotom|95/100|[from] item: Leftovers
|-heal|p2a: Right testicle|100/100 par|[from] item: Leftovers
|upkeep
|turn|8
|
|t:|1685829034
|move|p1a: Rotom|Volt Switch|p2a: Right testicle
|-damage|p2a: Right testicle|91/100 par
|
|t:|1685829037
|switch|p1a: golden joe|Gholdengo|100/100|[from] Volt Switch
|move|p2a: Right testicle|Ice Beam|p1a: golden joe
|-resisted|p1a: golden joe
|-damage|p1a: golden joe|93/100
|
|-heal|p1a: golden joe|99/100|[from] item: Leftovers
|-heal|p2a: Right testicle|97/100 par|[from] item: Leftovers
|upkeep
|turn|9
|
|t:|1685829046
|move|p1a: golden joe|Nasty Plot|p1a: golden joe
|-boost|p1a: golden joe|spa|2
|cant|p2a: Right testicle|par
|
|-heal|p1a: golden joe|100/100|[from] item: Leftovers
|-heal|p2a: Right testicle|100/100 par|[from] item: Leftovers
|upkeep
|turn|10
|
|t:|1685829051
|move|p1a: golden joe|Nasty Plot|p1a: golden joe
|-boost|p1a: golden joe|spa|2
|move|p2a: Right testicle|Calm Mind|p2a: Right testicle
|-boost|p2a: Right testicle|spa|1
|-boost|p2a: Right testicle|spd|1
|
|upkeep
|turn|11
|
|t:|1685829055
|move|p1a: golden joe|Make It Rain|p2a: Right testicle
|-damage|p2a: Right testicle|47/100 par
|-unboost|p1a: golden joe|spa|1
|move|p2a: Right testicle|Calm Mind|p2a: Right testicle
|-boost|p2a: Right testicle|spa|1
|-boost|p2a: Right testicle|spd|1
|
|-heal|p2a: Right testicle|53/100 par|[from] item: Leftovers
|upkeep
|turn|12
|
|t:|1685829066
|move|p1a: golden joe|Nasty Plot|p1a: golden joe
|-boost|p1a: golden joe|spa|2
|move|p2a: Right testicle|Soft-Boiled|p2a: Right testicle
|-heal|p2a: Right testicle|100/100 par
|
|upkeep
|turn|13
|
|t:|1685829069
|move|p1a: golden joe|Make It Rain|p2a: Right testicle
|-damage|p2a: Right testicle|53/100 par
|-unboost|p1a: golden joe|spa|1
|move|p2a: Right testicle|Calm Mind|p2a: Right testicle
|-boost|p2a: Right testicle|spa|1
|-boost|p2a: Right testicle|spd|1
|
|-heal|p2a: Right testicle|59/100 par|[from] item: Leftovers
|upkeep
|turn|14
|
|t:|1685829089
|move|p1a: golden joe|Make It Rain|p2a: Right testicle
|-damage|p2a: Right testicle|28/100 par
|-unboost|p1a: golden joe|spa|1
|move|p2a: Right testicle|Soft-Boiled|p2a: Right testicle
|-heal|p2a: Right testicle|78/100 par
|
|-heal|p2a: Right testicle|85/100 par|[from] item: Leftovers
|upkeep
|turn|15
|
|t:|1685829103
|switch|p1a: donphat|Great Tusk|48/100
|cant|p2a: Right testicle|par
|
|-heal|p1a: donphat|54/100|[from] item: Leftovers
|-heal|p2a: Right testicle|91/100 par|[from] item: Leftovers
|upkeep
|turn|16
|
|t:|1685829139
|move|p1a: donphat|Knock Off|p2a: Right testicle
|-damage|p2a: Right testicle|68/100 par
|-enditem|p2a: Right testicle|Leftovers|[from] move: Knock Off|[of] p1a: donphat
|move|p2a: Right testicle|Ice Beam|p1a: donphat
|-supereffective|p1a: donphat
|-damage|p1a: donphat|0 fnt
|faint|p1a: donphat
|-end|p1a: donphat|Protosynthesis|[silent]
|
|upkeep
|
|t:|1685829150
|switch|p1a: Iron Moth|Iron Moth|100/100
|turn|17
|
|t:|1685829152
|move|p1a: Iron Moth|Fiery Dance|p2a: Right testicle
|-damage|p2a: Right testicle|61/100 par
|move|p2a: Right testicle|Soft-Boiled|p2a: Right testicle
|-heal|p2a: Right testicle|100/100 par
|
|upkeep
|turn|18
|
|t:|1685829168
|move|p1a: Iron Moth|Fiery Dance|p2a: Right testicle
|-damage|p2a: Right testicle|94/100 par
|move|p2a: Right testicle|Calm Mind|p2a: Right testicle
|-boost|p2a: Right testicle|spa|1
|-boost|p2a: Right testicle|spd|1
|
|upkeep
|turn|19
|
|t:|1685829176
|move|p1a: Iron Moth|Fiery Dance|p2a: Right testicle
|-damage|p2a: Right testicle|88/100 par
|-boost|p1a: Iron Moth|spa|1
|move|p2a: Right testicle|Thunderbolt|p1a: Iron Moth
|-damage|p1a: Iron Moth|50/100
|
|upkeep
|turn|20
|-message|Ayudame1 forfeited.
|
|win|John Kentucky
|raw|Ayudame1's rating: 1125 → 1096(-29 for losing)
|raw|John Kentucky's rating: 1070 → 1104(+34 for winning)
|l|☆Ayudame1
