|j|☆im ❤ coral
|j|☆ty-tyui↻
|t:|1685835974
|gametype|singles
|player|p1|im ❤ coral|elaine|1841
|player|p2|ty-tyui↻|whitney-masters|1815
|teamsize|p1|6
|teamsize|p2|6
|gen|9
|tier|[Gen 9] OU
|rated|
|rule|Sleep Clause Mod: Limit one foe put to sleep
|rule|Species Clause: Limit one of each Pokémon
|rule|OHKO Clause: OHKO moves are banned
|rule|Evasion Items Clause: Evasion items are banned
|rule|Evasion Moves Clause: Evasion moves are banned
|rule|Endless Battle Clause: Forcing endless battles is banned
|rule|HP Percentage Mod: HP is shown in percentages
|clearpoke
|poke|p1|Gholdengo|
|poke|p1|Zapdos|
|poke|p1|Zamazenta-*|
|poke|p1|Great Tusk|
|poke|p1|Volcanion|
|poke|p1|Ting-Lu|
|poke|p2|Dragapult, M|
|poke|p2|Rillaboom, F|
|poke|p2|Sneasler, M|
|poke|p2|Zamazenta-*|
|poke|p2|Clodsire, F|
|poke|p2|Great Tusk|
|teampreview
|j| the eminence
|
|t:|1685835998
|start
|switch|p1a: Pb|Ting-Lu|100/100
|switch|p2a: Rillaboom|Rillaboom, F|100/100
|-fieldstart|move: Grassy Terrain|[from] ability: Grassy Surge|[of] p2a: Rillaboom
|-ability|p1a: Pb|Vessel of Ruin
|turn|1
|
|t:|1685836008
|switch|p1a: Cu|Zapdos|100/100
|move|p2a: Rillaboom|Knock Off|p1a: Cu
|-damage|p1a: Cu|65/100
|-enditem|p1a: Cu|Heavy-Duty Boots|[from] move: Knock Off|[of] p2a: Rillaboom
|
|upkeep
|turn|2
|j| bike mike
|
|t:|1685836015
|switch|p2a: Clodsire|Clodsire, F|100/100
|move|p1a: Cu|Hurricane|p2a: Clodsire|[miss]
|-miss|p1a: Cu|p2a: Clodsire
|
|upkeep
|turn|3
|
|t:|1685836023
|switch|p1a: Pb|Ting-Lu|100/100
|-ability|p1a: Pb|Vessel of Ruin
|move|p2a: Clodsire|Toxic|p1a: Pb
|-status|p1a: Pb|tox
|
|-damage|p1a: Pb|94/100 tox|[from] psn
|upkeep
|turn|4
|j| ericzamo
|
|t:|1685836030
|switch|p2a: Great Tusk|Great Tusk|100/100
|move|p1a: Pb|Spikes|p2a: Great Tusk
|-sidestart|p2: ty-tyui↻|Spikes
|
|-heal|p1a: Pb|100/100 tox|[from] Grassy Terrain
|-damage|p1a: Pb|88/100 tox|[from] psn
|upkeep
|turn|5
|
|t:|1685836034
|switch|p1a: Cu|Zapdos|65/100
|move|p2a: Great Tusk|Stealth Rock|p1a: Cu
|-sidestart|p1: im ❤ coral|move: Stealth Rock
|
|-fieldend|move: Grassy Terrain
|upkeep
|turn|6
|
|t:|1685836043
|switch|p1a: Ca|Great Tusk|100/100
|-damage|p1a: Ca|98/100|[from] Stealth Rock
|move|p2a: Great Tusk|Rapid Spin|p1a: Ca
|-damage|p1a: Ca|85/100
|-boost|p2a: Great Tusk|spe|1
|-sideend|p2: ty-tyui↻|Spikes|[from] move: Rapid Spin|[of] p2a: Great Tusk
|
|upkeep
|turn|7
|
|t:|1685836047
|move|p2a: Great Tusk|Knock Off|p1a: Ca
|-resisted|p1a: Ca
|-damage|p1a: Ca|74/100
|-enditem|p1a: Ca|Assault Vest|[from] move: Knock Off|[of] p2a: Great Tusk
|move|p1a: Ca|Rapid Spin|p2a: Great Tusk
|-damage|p2a: Great Tusk|88/100
|-boost|p1a: Ca|spe|1
|-sideend|p1: im ❤ coral|Stealth Rock|[from] move: Rapid Spin|[of] p1a: Ca
|
|upkeep
|turn|8
|
|t:|1685836053
|move|p2a: Great Tusk|Headlong Rush|p1a: Ca
|-damage|p1a: Ca|32/100
|-unboost|p2a: Great Tusk|def|1
|-unboost|p2a: Great Tusk|spd|1
|move|p1a: Ca|Ice Spinner|p2a: Great Tusk
|-supereffective|p2a: Great Tusk
|-damage|p2a: Great Tusk|30/100
|
|upkeep
|turn|9
|
|t:|1685836064
|-end|p2a: Great Tusk|Protosynthesis|[silent]
|switch|p2a: Rillaboom|Rillaboom, F|100/100
|-fieldstart|move: Grassy Terrain|[from] ability: Grassy Surge|[of] p2a: Rillaboom
|-end|p1a: Ca|Protosynthesis|[silent]
|switch|p1a: Au|Gholdengo|100/100
|
|upkeep
|turn|10
|
|t:|1685836067
|move|p2a: Rillaboom|Knock Off|p1a: Au
|-supereffective|p1a: Au
|-damage|p1a: Au|50/100
|-damage|p2a: Rillaboom|84/100|[from] item: Rocky Helmet|[of] p1a: Au
|-enditem|p1a: Au|Rocky Helmet|[from] move: Knock Off|[of] p2a: Rillaboom
|move|p1a: Au|Make It Rain|p2a: Rillaboom
|-damage|p2a: Rillaboom|9/100
|-unboost|p1a: Au|spa|1
|
|-heal|p2a: Rillaboom|15/100|[from] Grassy Terrain
|-heal|p1a: Au|57/100|[from] Grassy Terrain
|upkeep
|turn|11
|
|t:|1685836080
|switch|p2a: Clodsire|Clodsire, F|100/100
|move|p1a: Au|Make It Rain|p2a: Clodsire
|-damage|p2a: Clodsire|74/100
|-unboost|p1a: Au|spa|1
|
|-heal|p1a: Au|63/100|[from] Grassy Terrain
|-heal|p2a: Clodsire|80/100|[from] Grassy Terrain
|-heal|p2a: Clodsire|86/100|[from] item: Leftovers
|upkeep
|turn|12
|
|t:|1685836085
|switch|p1a: Pb|Ting-Lu|88/100 tox
|-ability|p1a: Pb|Vessel of Ruin
|switch|p2a: Rillaboom|Rillaboom, F|15/100
|
|-heal|p2a: Rillaboom|21/100|[from] Grassy Terrain
|-heal|p1a: Pb|94/100 tox|[from] Grassy Terrain
|-heal|p1a: Pb|100/100 tox|[from] item: Leftovers
|-damage|p1a: Pb|94/100 tox|[from] psn
|upkeep
|turn|13
|
|t:|1685836088
|switch|p1a: Cu|Zapdos|65/100
|move|p2a: Rillaboom|Wood Hammer|p1a: Cu
|-resisted|p1a: Cu
|-damage|p1a: Cu|27/100
|-status|p2a: Rillaboom|par|[from] ability: Static|[of] p1a: Cu
|-damage|p2a: Rillaboom|8/100 par|[from] Recoil
|
|-heal|p2a: Rillaboom|14/100 par|[from] Grassy Terrain
|-fieldend|move: Grassy Terrain
|upkeep
|turn|14
|
|t:|1685836094
|switch|p2a: Great Tusk|Great Tusk|30/100
|move|p1a: Cu|Roost|p1a: Cu
|-heal|p1a: Cu|77/100
|-singleturn|p1a: Cu|move: Roost
|
|upkeep
|turn|15
|
|t:|1685836097
|move|p1a: Cu|Hurricane|p2a: Great Tusk
|-supereffective|p2a: Great Tusk
|-crit|p2a: Great Tusk
|-damage|p2a: Great Tusk|0 fnt
|faint|p2a: Great Tusk
|-end|p2a: Great Tusk|Protosynthesis|[silent]
|
|upkeep
|j| gpz123
|
|t:|1685836106
|switch|p2a: Dragapult|Dragapult, M|100/100
|turn|16
|j| urcadurfly
|
|t:|1685836116
|switch|p1a: Pb|Ting-Lu|94/100 tox
|-ability|p1a: Pb|Vessel of Ruin
|move|p2a: Dragapult|U-turn|p1a: Pb
|-supereffective|p1a: Pb
|-damage|p1a: Pb|77/100 tox
|
|t:|1685836120
|switch|p2a: Rillaboom|Rillaboom, F|14/100 par|[from] U-turn
|-fieldstart|move: Grassy Terrain|[from] ability: Grassy Surge|[of] p2a: Rillaboom
|
|-heal|p2a: Rillaboom|20/100 par|[from] Grassy Terrain
|-heal|p1a: Pb|84/100 tox|[from] Grassy Terrain
|-heal|p1a: Pb|90/100 tox|[from] item: Leftovers
|-damage|p1a: Pb|84/100 tox|[from] psn
|upkeep
|turn|17
|j| Pokemon Hates Me
|
|t:|1685836136
|switch|p1a: Cu|Zapdos|77/100
|move|p2a: Rillaboom|Wood Hammer|p1a: Cu
|-resisted|p1a: Cu
|-damage|p1a: Cu|39/100
|-damage|p2a: Rillaboom|6/100 par|[from] Recoil
|
|-heal|p2a: Rillaboom|12/100 par|[from] Grassy Terrain
|upkeep
|turn|18
|
|t:|1685836140
|move|p1a: Cu|Roost|p1a: Cu
|-heal|p1a: Cu|89/100
|-singleturn|p1a: Cu|move: Roost
|move|p2a: Rillaboom|Wood Hammer|p1a: Cu
|-damage|p1a: Cu|13/100
|-damage|p2a: Rillaboom|0 fnt|[from] Recoil
|faint|p2a: Rillaboom
|
|-heal|p1a: Cu|19/100|[from] Grassy Terrain
|upkeep
|
|t:|1685836142
|switch|p2a: Sneasler|Sneasler, M|100/100
|-enditem|p2a: Sneasler|Grassy Seed
|-boost|p2a: Sneasler|def|1|[from] item: Grassy Seed
|turn|19
|j| b418hz
|l| gpz123
|
|t:|1685836174
|-terastallize|p2a: Sneasler|Flying
|move|p2a: Sneasler|Swords Dance|p2a: Sneasler
|-boost|p2a: Sneasler|atk|2
|move|p1a: Cu|Volt Switch|p2a: Sneasler
|-supereffective|p2a: Sneasler
|-damage|p2a: Sneasler|26/100
|
|t:|1685836187
|switch|p1a: Au|Gholdengo|63/100|[from] Volt Switch
|
|-heal|p1a: Au|69/100|[from] Grassy Terrain
|upkeep
|turn|20
|j| cynthialeemontaine
|
|t:|1685836191
|move|p2a: Sneasler|Night Slash|p1a: Au
|-supereffective|p1a: Au
|-damage|p1a: Au|0 fnt
|faint|p1a: Au
|
|-fieldend|move: Grassy Terrain
|upkeep
|
|t:|1685836201
|switch|p1a: Pb|Ting-Lu|84/100 tox
|-ability|p1a: Pb|Vessel of Ruin
|turn|21
|
|t:|1685836209
|switch|p1a: Cu|Zapdos|19/100
|move|p2a: Sneasler|Acrobatics|p1a: Cu
|-resisted|p1a: Cu
|-damage|p1a: Cu|0 fnt
|-status|p2a: Sneasler|par|[from] ability: Static|[of] p1a: Cu
|faint|p1a: Cu
|
|upkeep
|j| Ty-mai-Shu
|
|t:|1685836217
|switch|p1a: Pb|Ting-Lu|84/100 tox
|-ability|p1a: Pb|Vessel of Ruin
|turn|22
|
|t:|1685836222
|cant|p2a: Sneasler|par
|move|p1a: Pb|Stealth Rock|p2a: Sneasler
|-sidestart|p2: ty-tyui↻|move: Stealth Rock
|
|-heal|p1a: Pb|90/100 tox|[from] item: Leftovers
|-damage|p1a: Pb|84/100 tox|[from] psn
|upkeep
|turn|23
|
|t:|1685836225
|move|p2a: Sneasler|Close Combat|p1a: Pb
|-supereffective|p1a: Pb
|-damage|p1a: Pb|0 fnt
|-unboost|p2a: Sneasler|def|1
|-unboost|p2a: Sneasler|spd|1
|faint|p1a: Pb
|
|upkeep
|
|t:|1685836230
|switch|p1a: S|Volcanion|100/100
|turn|24
|
|t:|1685836232
|move|p1a: S|Flamethrower|p2a: Sneasler
|-crit|p2a: Sneasler
|-damage|p2a: Sneasler|0 fnt
|faint|p2a: Sneasler
|
|upkeep
|
|t:|1685836237
|switch|p2a: Dragapult|Dragapult, M|100/100
|-damage|p2a: Dragapult|88/100|[from] Stealth Rock
|turn|25
|
|t:|1685836244
|switch|p1a: Ca|Great Tusk|32/100
|move|p2a: Dragapult|Shadow Ball|p1a: Ca
|-damage|p1a: Ca|0 fnt
|faint|p1a: Ca
|-end|p1a: Ca|Protosynthesis|[silent]
|
|upkeep
|
|t:|1685836246
|switch|p1a: Fe|Zamazenta-Crowned|100/100
|-ability|p1a: Fe|Dauntless Shield|boost
|-boost|p1a: Fe|def|1
|turn|26
|
|t:|1685836254
|move|p2a: Dragapult|Shadow Ball|p1a: Fe
|-damage|p1a: Fe|65/100
|-unboost|p1a: Fe|spd|1
|move|p1a: Fe|Crunch|p2a: Dragapult
|-supereffective|p2a: Dragapult
|-damage|p2a: Dragapult|34/100
|
|upkeep
|turn|27
|
|t:|1685836265
|switch|p2a: Clodsire|Clodsire, F|86/100
|-damage|p2a: Clodsire|80/100|[from] Stealth Rock
|move|p1a: Fe|Crunch|p2a: Clodsire
|-damage|p2a: Clodsire|55/100
|
|-heal|p2a: Clodsire|61/100|[from] item: Leftovers
|upkeep
|turn|28
|
|t:|1685836275
|move|p1a: Fe|Iron Defense|p1a: Fe
|-boost|p1a: Fe|def|2
|move|p2a: Clodsire|Recover|p2a: Clodsire
|-heal|p2a: Clodsire|100/100
|
|upkeep
|turn|29
|
|t:|1685836277
|move|p1a: Fe|Iron Defense|p1a: Fe
|-boost|p1a: Fe|def|2
|move|p2a: Clodsire|Haze|p2a: Clodsire
|-clearallboost
|
|upkeep
|turn|30
|
|t:|1685836279
|move|p1a: Fe|Iron Defense|p1a: Fe
|-boost|p1a: Fe|def|2
|move|p2a: Clodsire|Recover||[still]
|-fail|p2a: Clodsire|heal
|
|upkeep
|turn|31
|
|t:|1685836281
|move|p1a: Fe|Body Press|p2a: Clodsire
|-resisted|p2a: Clodsire
|-damage|p2a: Clodsire|74/100
|move|p2a: Clodsire|Haze|p2a: Clodsire
|-clearallboost
|
|-heal|p2a: Clodsire|80/100|[from] item: Leftovers
|upkeep
|turn|32
|
|t:|1685836286
|move|p1a: Fe|Heavy Slam|p2a: Clodsire
|-damage|p2a: Clodsire|45/100
|move|p2a: Clodsire|Earthquake|p1a: Fe
|-supereffective|p1a: Fe
|-damage|p1a: Fe|29/100
|
|-heal|p2a: Clodsire|51/100|[from] item: Leftovers
|upkeep
|turn|33
|
|t:|1685836291
|move|p1a: Fe|Iron Defense|p1a: Fe
|-boost|p1a: Fe|def|2
|move|p2a: Clodsire|Recover|p2a: Clodsire
|-heal|p2a: Clodsire|100/100
|
|upkeep
|turn|34
|
|t:|1685836298
|move|p1a: Fe|Heavy Slam|p2a: Clodsire
|-damage|p2a: Clodsire|67/100
|move|p2a: Clodsire|Haze|p2a: Clodsire
|-clearallboost
|
|-heal|p2a: Clodsire|73/100|[from] item: Leftovers
|upkeep
|turn|35
|
|t:|1685836301
|move|p1a: Fe|Heavy Slam|p2a: Clodsire
|-damage|p2a: Clodsire|37/100
|move|p2a: Clodsire|Earthquake|p1a: Fe
|-supereffective|p1a: Fe
|-damage|p1a: Fe|0 fnt
|faint|p1a: Fe
|
|-heal|p2a: Clodsire|43/100|[from] item: Leftovers
|upkeep
|
|t:|1685836304
|switch|p1a: S|Volcanion|100/100
|turn|36
|
|t:|1685836312
|-terastallize|p1a: S|Ground
|move|p1a: S|Earth Power|p2a: Clodsire
|-supereffective|p2a: Clodsire
|-damage|p2a: Clodsire|0 fnt
|faint|p2a: Clodsire
|
|upkeep
|
|t:|1685836318
|switch|p2a: Zamazenta|Zamazenta-Crowned, shiny|100/100
|-damage|p2a: Zamazenta|97/100|[from] Stealth Rock
|-ability|p2a: Zamazenta|Dauntless Shield|boost
|-boost|p2a: Zamazenta|def|1
|turn|37
|
|t:|1685836322
|move|p1a: S|Earth Power|p2a: Zamazenta
|-supereffective|p2a: Zamazenta
|-damage|p2a: Zamazenta|31/100
|move|p2a: Zamazenta|Body Press|p1a: S
|-damage|p1a: S|34/100
|
|upkeep
|turn|38
|
|t:|1685836325
|move|p1a: S|Earth Power|p2a: Zamazenta
|-supereffective|p2a: Zamazenta
|-damage|p2a: Zamazenta|0 fnt
|faint|p2a: Zamazenta
|
|upkeep
|c|☆im ❤ coral|gg
|
|t:|1685836328
|switch|p2a: Dragapult|Dragapult, M|34/100
|-damage|p2a: Dragapult|22/100|[from] Stealth Rock
|turn|39
|
|t:|1685836330
|move|p2a: Dragapult|Shadow Ball|p1a: S
|-damage|p1a: S|0 fnt
|faint|p1a: S
|
|win|ty-tyui↻
|raw|im ❤ coral's rating: 1841 → 1820(-21 for losing)
|raw|ty-tyui↻'s rating: 1815 → 1836(+21 for winning)
|c|☆ty-tyui↻|gg
|l|☆im ❤ coral
|l| b418hz
|l| bike mike
