|j|☆Fc-Pokai
|j|☆poiutghjkl
|t:|1685822413
|gametype|singles
|player|p1|Fc-Pokai|lucas|1367
|player|p2|poiutghjkl|lance|1269
|teamsize|p1|6
|teamsize|p2|6
|gen|9
|tier|[Gen 9] OU
|rated|
|rule|Sleep Clause Mod: Limit one foe put to sleep
|rule|Species Clause: Limit one of each Pokémon
|rule|OHKO Clause: OHKO moves are banned
|rule|Evasion Items Clause: Evasion items are banned
|rule|Evasion Moves Clause: Evasion moves are banned
|rule|Endless Battle Clause: Forcing endless battles is banned
|rule|HP Percentage Mod: HP is shown in percentages
|clearpoke
|poke|p1|Sneasler, F|
|poke|p1|Slowking-Galar, F|
|poke|p1|Skeledirge, M|
|poke|p1|Corviknight, F|
|poke|p1|Great Tusk|
|poke|p1|Magearna|
|poke|p2|Great Tusk|
|poke|p2|Urshifu-*, M|
|poke|p2|Dragapult, F|
|poke|p2|Enamorus, F|
|poke|p2|Kingambit, F|
|poke|p2|Arcanine-Hisui, F|
|teampreview
|
|t:|1685822430
|start
|switch|p1a: Sneasler|Sneasler, F|100/100
|switch|p2a: Arcanine|Arcanine-Hisui, F|100/100
|turn|1
|
|t:|1685822438
|move|p2a: Arcanine|Flare Blitz|p1a: Sneasler
|-damage|p1a: Sneasler|9/100
|move|p1a: Sneasler|U-turn|p2a: Arcanine
|-resisted|p2a: Arcanine
|-damage|p2a: Arcanine|80/100
|
|t:|1685822446
|switch|p1a: Skeledirge|Skeledirge, M|100/100|[from] U-turn
|
|upkeep
|turn|2
|
|t:|1685822459
|switch|p2a: Great Tusk|Great Tusk|100/100
|move|p1a: Skeledirge|Will-O-Wisp|p2a: Great Tusk
|-status|p2a: Great Tusk|brn
|
|-damage|p2a: Great Tusk|94/100 brn|[from] brn
|upkeep
|turn|3
|
|t:|1685822465
|switch|p1a: Great Tusk|Great Tusk|100/100
|move|p2a: Great Tusk|Knock Off|p1a: Great Tusk
|-resisted|p1a: Great Tusk
|-damage|p1a: Great Tusk|97/100
|-enditem|p1a: Great Tusk|Leftovers|[from] move: Knock Off|[of] p2a: Great Tusk
|
|-heal|p2a: Great Tusk|100/100 brn|[from] item: Leftovers
|-damage|p2a: Great Tusk|94/100 brn|[from] brn
|upkeep
|turn|4
|
|t:|1685822471
|-end|p2a: Great Tusk|Protosynthesis|[silent]
|switch|p2a: Enamorus|Enamorus, F|100/100
|move|p1a: Great Tusk|Knock Off|p2a: Enamorus
|-resisted|p2a: Enamorus
|-crit|p2a: Enamorus
|-damage|p2a: Enamorus|68/100
|-enditem|p2a: Enamorus|Heavy-Duty Boots|[from] move: Knock Off|[of] p1a: Great Tusk
|
|upkeep
|turn|5
|
|t:|1685822485
|move|p2a: Enamorus|Moonblast|p1a: Great Tusk
|-supereffective|p1a: Great Tusk
|-damage|p1a: Great Tusk|0 fnt
|faint|p1a: Great Tusk
|-end|p1a: Great Tusk|Protosynthesis|[silent]
|
|upkeep
|
|t:|1685822489
|switch|p1a: Magearna|Magearna|100/100
|turn|6
|
|t:|1685822495
|move|p2a: Enamorus|Mystical Fire|p1a: Magearna
|-supereffective|p1a: Magearna
|-damage|p1a: Magearna|52/100
|-unboost|p1a: Magearna|spa|1
|move|p1a: Magearna|Fleur Cannon|p2a: Enamorus
|-damage|p2a: Enamorus|12/100
|-unboost|p1a: Magearna|spa|2
|
|-heal|p1a: Magearna|58/100|[from] item: Leftovers
|upkeep
|turn|7
|
|t:|1685822509
|switch|p2a: Arcanine|Arcanine-Hisui, F|80/100
|move|p1a: Magearna|Volt Switch|p2a: Arcanine
|-damage|p2a: Arcanine|70/100
|
|t:|1685822519
|switch|p1a: Sneasler|Sneasler, F|9/100|[from] Volt Switch
|
|upkeep
|turn|8
|
|t:|1685822534
|switch|p1a: Skeledirge|Skeledirge, M|100/100
|move|p2a: Arcanine|Flare Blitz|p1a: Skeledirge
|-resisted|p1a: Skeledirge
|-damage|p1a: Skeledirge|76/100
|
|upkeep
|turn|9
|
|t:|1685822549
|switch|p2a: Enamorus|Enamorus, F|12/100
|move|p1a: Skeledirge|Torch Song|p2a: Enamorus
|-damage|p2a: Enamorus|0 fnt
|-boost|p1a: Skeledirge|spa|1
|faint|p2a: Enamorus
|
|upkeep
|
|t:|1685822558
|switch|p2a: Dragapult|Dragapult, F|100/100
|turn|10
|
|t:|1685822566
|switch|p1a: Slowking|Slowking-Galar, F|100/100
|move|p2a: Dragapult|Shadow Ball|p1a: Slowking
|-supereffective|p1a: Slowking
|-damage|p1a: Slowking|43/100
|
|upkeep
|turn|11
|
|t:|1685822577
|move|p2a: Dragapult|Shadow Ball|p1a: Slowking
|-supereffective|p1a: Slowking
|-damage|p1a: Slowking|0 fnt
|faint|p1a: Slowking
|
|upkeep
|
|t:|1685822581
|switch|p1a: Magearna|Magearna|58/100
|turn|12
|
|t:|1685822593
|switch|p2a: Great Tusk|Great Tusk|94/100 brn
|move|p1a: Magearna|Pain Split|p2a: Great Tusk
|-sethp|p2a: Great Tusk|72/100 brn|[from] move: Pain Split|[silent]
|-sethp|p1a: Magearna|85/100|[from] move: Pain Split
|
|-heal|p2a: Great Tusk|78/100 brn|[from] item: Leftovers
|-heal|p1a: Magearna|91/100|[from] item: Leftovers
|-damage|p2a: Great Tusk|72/100 brn|[from] brn
|upkeep
|turn|13
|
|t:|1685822602
|move|p2a: Great Tusk|Knock Off|p1a: Magearna
|-resisted|p1a: Magearna
|-damage|p1a: Magearna|86/100
|-enditem|p1a: Magearna|Leftovers|[from] move: Knock Off|[of] p2a: Great Tusk
|move|p1a: Magearna|Fleur Cannon|p2a: Great Tusk
|-supereffective|p2a: Great Tusk
|-damage|p2a: Great Tusk|0 fnt
|-unboost|p1a: Magearna|spa|2
|faint|p2a: Great Tusk
|-ability|p1a: Magearna|Soul-Heart|boost
|-boost|p1a: Magearna|spa|1
|-end|p2a: Great Tusk|Protosynthesis|[silent]
|
|upkeep
|
|t:|1685822615
|switch|p2a: Arcanine|Arcanine-Hisui, F|70/100
|turn|14
|
|t:|1685822622
|switch|p1a: Corviknight|Corviknight, F|100/100
|-ability|p1a: Corviknight|Pressure
|move|p2a: Arcanine|Head Smash|p1a: Corviknight
|-damage|p1a: Corviknight|61/100
|
|-heal|p1a: Corviknight|67/100|[from] item: Leftovers
|upkeep
|turn|15
|
|t:|1685822631
|switch|p2a: Dragapult|Dragapult, F|100/100
|move|p1a: Corviknight|U-turn|p2a: Dragapult
|-resisted|p2a: Dragapult
|-damage|p2a: Dragapult|90/100
|
|t:|1685822636
|switch|p1a: Magearna|Magearna|86/100|[from] U-turn
|
|upkeep
|turn|16
|
|t:|1685822644
|-terastallize|p2a: Dragapult|Ghost
|move|p2a: Dragapult|Shadow Ball|p1a: Magearna
|-damage|p1a: Magearna|24/100
|-unboost|p1a: Magearna|spd|1
|move|p1a: Magearna|Volt Switch|p2a: Dragapult
|-damage|p2a: Dragapult|61/100
|
|t:|1685822657
|switch|p1a: Skeledirge|Skeledirge, M|76/100|[from] Volt Switch
|
|upkeep
|turn|17
|
|t:|1685822670
|-terastallize|p1a: Skeledirge|Water
|move|p2a: Dragapult|Shadow Ball|p1a: Skeledirge
|-damage|p1a: Skeledirge|26/100
|move|p1a: Skeledirge|Slack Off|p1a: Skeledirge
|-heal|p1a: Skeledirge|76/100
|
|upkeep
|turn|18
|
|t:|1685822680
|switch|p2a: Kingambit|Kingambit, F|100/100
|-activate|p2a: Kingambit|ability: Supreme Overlord
|-start|p2a: Kingambit|fallen2|[silent]
|move|p1a: Skeledirge|Hex|p2a: Kingambit
|-resisted|p2a: Kingambit
|-damage|p2a: Kingambit|88/100
|
|upkeep
|turn|19
|
|t:|1685822689
|-end|p2a: Kingambit|fallen2|[silent]
|switch|p2a: Arcanine|Arcanine-Hisui, F|70/100
|move|p1a: Skeledirge|Torch Song|p2a: Arcanine
|-resisted|p2a: Arcanine
|-damage|p2a: Arcanine|61/100
|-boost|p1a: Skeledirge|spa|1
|
|upkeep
|turn|20
|
|t:|1685822700
|switch|p1a: Corviknight|Corviknight, F|67/100
|-ability|p1a: Corviknight|Pressure
|move|p2a: Arcanine|Head Smash|p1a: Corviknight
|-damage|p1a: Corviknight|20/100
|
|-heal|p1a: Corviknight|26/100|[from] item: Leftovers
|upkeep
|turn|21
|
|t:|1685822703
|move|p2a: Arcanine|Head Smash|p1a: Corviknight
|-damage|p1a: Corviknight|0 fnt
|faint|p1a: Corviknight
|
|upkeep
|
|t:|1685822710
|switch|p1a: Skeledirge|Skeledirge, M, tera:Water|76/100
|turn|22
|
|t:|1685822713
|move|p2a: Arcanine|Head Smash|p1a: Skeledirge|[miss]
|-miss|p2a: Arcanine|p1a: Skeledirge
|move|p1a: Skeledirge|Slack Off|p1a: Skeledirge
|-heal|p1a: Skeledirge|100/100
|
|upkeep
|turn|23
|
|t:|1685822718
|move|p2a: Arcanine|Head Smash|p1a: Skeledirge|[miss]
|-miss|p2a: Arcanine|p1a: Skeledirge
|move|p1a: Skeledirge|Torch Song|p2a: Arcanine
|-resisted|p2a: Arcanine
|-damage|p2a: Arcanine|51/100
|-boost|p1a: Skeledirge|spa|1
|
|upkeep
|turn|24
|
|t:|1685822729
|switch|p2a: Urshifu|Urshifu-Rapid-Strike, M|100/100
|move|p1a: Skeledirge|Torch Song|p2a: Urshifu
|-resisted|p2a: Urshifu
|-damage|p2a: Urshifu|69/100
|-boost|p1a: Skeledirge|spa|1
|
|upkeep
|turn|25
|
|t:|1685822736
|move|p2a: Urshifu|Close Combat|p1a: Skeledirge
|-damage|p1a: Skeledirge|52/100
|-unboost|p2a: Urshifu|def|1
|-unboost|p2a: Urshifu|spd|1
|move|p1a: Skeledirge|Will-O-Wisp|p2a: Urshifu|[miss]
|-miss|p1a: Skeledirge|p2a: Urshifu
|
|upkeep
|turn|26
|
|t:|1685822742
|move|p2a: Urshifu|Close Combat|p1a: Skeledirge
|-damage|p1a: Skeledirge|4/100
|-unboost|p2a: Urshifu|def|1
|-unboost|p2a: Urshifu|spd|1
|move|p1a: Skeledirge|Slack Off|p1a: Skeledirge
|-heal|p1a: Skeledirge|54/100
|
|upkeep
|turn|27
|
|t:|1685822749
|move|p2a: Urshifu|Close Combat|p1a: Skeledirge
|-damage|p1a: Skeledirge|0 fnt
|-unboost|p2a: Urshifu|def|1
|-unboost|p2a: Urshifu|spd|1
|faint|p1a: Skeledirge
|
|upkeep
|
|t:|1685822754
|switch|p1a: Sneasler|Sneasler, F|9/100
|turn|28
|
|t:|1685822765
|move|p1a: Sneasler|U-turn|p2a: Urshifu
|-resisted|p2a: Urshifu
|-damage|p2a: Urshifu|25/100
|
|t:|1685822767
|switch|p1a: Magearna|Magearna|24/100|[from] U-turn
|move|p2a: Urshifu|Close Combat|p1a: Magearna
|-damage|p1a: Magearna|0 fnt
|-unboost|p2a: Urshifu|def|1
|-unboost|p2a: Urshifu|spd|1
|faint|p1a: Magearna
|
|upkeep
|
|t:|1685822769
|switch|p1a: Sneasler|Sneasler, F|9/100
|turn|29
|
|t:|1685822772
|switch|p2a: Kingambit|Kingambit, F|88/100
|-activate|p2a: Kingambit|ability: Supreme Overlord
|-start|p2a: Kingambit|fallen2|[silent]
|move|p1a: Sneasler|U-turn|p2a: Kingambit
|-damage|p2a: Kingambit|61/100
|
|upkeep
|turn|30
|c|☆Fc-Pokai|gg
|
|t:|1685822778
|move|p2a: Kingambit|Sucker Punch|p1a: Sneasler
|-resisted|p1a: Sneasler
|-damage|p1a: Sneasler|0 fnt
|faint|p1a: Sneasler
|
|win|poiutghjkl
|raw|Fc-Pokai's rating: 1367 → 1342(-25 for losing)
|raw|poiutghjkl's rating: 1269 → 1301(+32 for winning)
|l|☆Fc-Pokai
