|j|☆DragonDancer998
|j|☆MasterDylanBowDown
|t:|1685896587
|gametype|singles
|player|p1|DragonDancer998|lance|1154
|player|p2|MasterDylanBowDown|lady|1073
|teamsize|p1|6
|teamsize|p2|6
|gen|9
|tier|[Gen 9] OU
|rated|
|rule|Sleep Clause Mod: Limit one foe put to sleep
|rule|Species Clause: Limit one of each Pokémon
|rule|OHKO Clause: OHKO moves are banned
|rule|Evasion Items Clause: Evasion items are banned
|rule|Evasion Moves Clause: Evasion moves are banned
|rule|Endless Battle Clause: Forcing endless battles is banned
|rule|HP Percentage Mod: HP is shown in percentages
|clearpoke
|poke|p1|Typhlosion-Hisui, F|
|poke|p1|Scream Tail|
|poke|p1|Decidueye-Hisui, M|
|poke|p1|Samurott-Hisui, M|
|poke|p1|Toxapex, M|
|poke|p1|Magearna|
|poke|p2|Clodsire, F|
|poke|p2|Dondozo, F|
|poke|p2|Alomomola, M|
|poke|p2|Talonflame, M|
|poke|p2|Toxapex, M|
|poke|p2|Blissey, F|
|teampreview
|inactive|Battle timer is ON: inactive players will automatically lose when time's up. (requested by MasterDylanBowDown)
|inactive|DragonDancer998 also wants the timer to be on.
|
|t:|1685896605
|start
|switch|p1a: Trollphlosion|Typhlosion-Hisui, F, shiny|100/100
|switch|p2a: Dondozo|Dondozo, F|100/100
|-item|p2a: Dondozo|Heavy-Duty Boots|[from] ability: Frisk|[of] p1a: Trollphlosion|[identify]
|turn|1
|
|t:|1685896608
|move|p1a: Trollphlosion|Infernal Parade|p2a: Dondozo
|-damage|p2a: Dondozo|78/100
|-status|p2a: Dondozo|brn
|move|p2a: Dondozo|Liquidation|p1a: Trollphlosion
|-supereffective|p1a: Trollphlosion
|-damage|p1a: Trollphlosion|67/100
|
|-damage|p2a: Dondozo|72/100 brn|[from] brn
|upkeep
|turn|2
|
|t:|1685896615
|move|p1a: Trollphlosion|Infernal Parade|p2a: Dondozo
|-damage|p2a: Dondozo|27/100 brn
|move|p2a: Dondozo|Rest|p2a: Dondozo
|-status|p2a: Dondozo|slp|[from] move: Rest
|-heal|p2a: Dondozo|100/100 slp|[silent]
|
|upkeep
|turn|3
|
|t:|1685896620
|move|p1a: Trollphlosion|Infernal Parade|p2a: Dondozo
|-damage|p2a: Dondozo|54/100 slp
|cant|p2a: Dondozo|slp
|move|p2a: Dondozo|Sleep Talk|p2a: Dondozo
|move|p2a: Dondozo|Liquidation|p1a: Trollphlosion|[from]move: Sleep Talk
|-supereffective|p1a: Trollphlosion
|-damage|p1a: Trollphlosion|0 fnt
|faint|p1a: Trollphlosion
|
|upkeep
|
|t:|1685896635
|switch|p1a: Magearna|Magearna|100/100
|turn|4
|
|t:|1685896646
|switch|p2a: Talonflame|Talonflame, M|100/100
|move|p1a: Magearna|Volt Switch|p2a: Talonflame
|-supereffective|p2a: Talonflame
|-damage|p2a: Talonflame|45/100
|
|t:|1685896650
|switch|p1a: Samurott|Samurott-Hisui, M|100/100|[from] Volt Switch
|
|upkeep
|turn|5
|
|t:|1685896657
|switch|p2a: Toxapex|Toxapex, M|100/100
|move|p1a: Samurott|Ceaseless Edge|p2a: Toxapex
|-damage|p2a: Toxapex|75/100
|-sidestart|p2: MasterDylanBowDown|Spikes
|
|upkeep
|turn|6
|
|t:|1685896665
|switch|p1a: Decidueye|Decidueye-Hisui, M|100/100
|move|p2a: Toxapex|Toxic|p1a: Decidueye
|-status|p1a: Decidueye|tox
|
|-damage|p1a: Decidueye|94/100 tox|[from] psn
|upkeep
|turn|7
|
|t:|1685896671
|switch|p2a: Talonflame|Talonflame, M|45/100
|move|p1a: Decidueye|Knock Off|p2a: Talonflame
|-crit|p2a: Talonflame
|-damage|p2a: Talonflame|8/100
|-enditem|p2a: Talonflame|Heavy-Duty Boots|[from] move: Knock Off|[of] p1a: Decidueye
|
|-heal|p1a: Decidueye|100/100 tox|[from] item: Leftovers
|-damage|p1a: Decidueye|88/100 tox|[from] psn
|upkeep
|turn|8
|
|t:|1685896677
|switch|p1a: Samurott|Samurott-Hisui, M|100/100
|move|p2a: Talonflame|Roost|p2a: Talonflame
|-heal|p2a: Talonflame|58/100
|-singleturn|p2a: Talonflame|move: Roost
|
|upkeep
|turn|9
|
|t:|1685896681
|switch|p2a: Toxapex|Toxapex, M|100/100
|move|p1a: Samurott|Ceaseless Edge|p2a: Toxapex
|-damage|p2a: Toxapex|74/100
|-sidestart|p2: MasterDylanBowDown|Spikes
|
|upkeep
|turn|10
|
|t:|1685896684
|switch|p1a: Decidueye|Decidueye-Hisui, M|88/100 tox
|move|p2a: Toxapex|Toxic|p1a: Decidueye
|-fail|p1a: Decidueye|tox
|
|-heal|p1a: Decidueye|94/100 tox|[from] item: Leftovers
|-damage|p1a: Decidueye|88/100 tox|[from] psn
|upkeep
|turn|11
|
|t:|1685896690
|switch|p2a: Talonflame|Talonflame, M|58/100
|move|p1a: Decidueye|Knock Off|p2a: Talonflame
|-damage|p2a: Talonflame|42/100
|
|-heal|p1a: Decidueye|94/100 tox|[from] item: Leftovers
|-damage|p1a: Decidueye|82/100 tox|[from] psn
|upkeep
|turn|12
|
|t:|1685896694
|switch|p1a: Samurott|Samurott-Hisui, M|100/100
|move|p2a: Talonflame|Roost|p2a: Talonflame
|-heal|p2a: Talonflame|92/100
|-singleturn|p2a: Talonflame|move: Roost
|
|upkeep
|turn|13
|
|t:|1685896699
|switch|p2a: Toxapex|Toxapex, M|100/100
|move|p1a: Samurott|Ceaseless Edge|p2a: Toxapex
|-damage|p2a: Toxapex|73/100
|-sidestart|p2: MasterDylanBowDown|Spikes
|
|upkeep
|turn|14
|
|t:|1685896703
|switch|p1a: Decidueye|Decidueye-Hisui, M|82/100 tox
|move|p2a: Toxapex|Infestation|p1a: Decidueye
|-damage|p1a: Decidueye|80/100 tox
|-activate|p1a: Decidueye|move: Infestation|[of] p2a: Toxapex
|
|-heal|p1a: Decidueye|87/100 tox|[from] item: Leftovers
|-damage|p1a: Decidueye|80/100 tox|[from] psn
|-damage|p1a: Decidueye|68/100 tox|[from] move: Infestation|[partiallytrapped]
|upkeep
|turn|15
|
|t:|1685896713
|move|p1a: Decidueye|Knock Off|p2a: Toxapex
|-damage|p2a: Toxapex|58/100
|-enditem|p2a: Toxapex|Heavy-Duty Boots|[from] move: Knock Off|[of] p1a: Decidueye
|move|p2a: Toxapex|Recover|p2a: Toxapex
|-heal|p2a: Toxapex|100/100
|
|-heal|p1a: Decidueye|74/100 tox|[from] item: Leftovers
|-damage|p1a: Decidueye|62/100 tox|[from] psn
|-damage|p1a: Decidueye|50/100 tox|[from] move: Infestation|[partiallytrapped]
|upkeep
|turn|16
|
|t:|1685896723
|move|p1a: Decidueye|Roost|p1a: Decidueye
|-heal|p1a: Decidueye|99/100 tox
|-singleturn|p1a: Decidueye|move: Roost
|move|p2a: Toxapex|Recover||[still]
|-fail|p2a: Toxapex|heal
|
|-heal|p1a: Decidueye|100/100 tox|[from] item: Leftovers
|-damage|p1a: Decidueye|82/100 tox|[from] psn
|-damage|p1a: Decidueye|70/100 tox|[from] move: Infestation|[partiallytrapped]
|upkeep
|turn|17
|
|t:|1685896725
|move|p1a: Decidueye|Triple Arrows|p2a: Toxapex
|-resisted|p2a: Toxapex
|-damage|p2a: Toxapex|89/100
|-unboost|p2a: Toxapex|def|1
|cant|p2a: Toxapex|flinch
|
|-heal|p1a: Decidueye|76/100 tox|[from] item: Leftovers
|-damage|p1a: Decidueye|52/100 tox|[from] psn
|-damage|p1a: Decidueye|39/100 tox|[from] move: Infestation|[partiallytrapped]
|upkeep
|turn|18
|
|t:|1685896734
|move|p1a: Decidueye|Triple Arrows|p2a: Toxapex
|-resisted|p2a: Toxapex
|-damage|p2a: Toxapex|75/100
|move|p2a: Toxapex|Infestation|p1a: Decidueye
|-damage|p1a: Decidueye|38/100 tox
|
|-heal|p1a: Decidueye|44/100 tox|[from] item: Leftovers
|-damage|p1a: Decidueye|13/100 tox|[from] psn
|-damage|p1a: Decidueye|1/100 tox|[from] move: Infestation|[partiallytrapped]
|upkeep
|turn|19
|
|t:|1685896756
|switch|p2a: Alomomola|Alomomola, M|100/100
|move|p1a: Decidueye|Roost|p1a: Decidueye
|-heal|p1a: Decidueye|51/100 tox
|-singleturn|p1a: Decidueye|move: Roost
|
|-heal|p1a: Decidueye|57/100 tox|[from] item: Leftovers
|-damage|p1a: Decidueye|21/100 tox|[from] psn
|-end|p1a: Decidueye|Infestation|[partiallytrapped]
|upkeep
|turn|20
|
|t:|1685896763
|switch|p1a: Scream Tail|Scream Tail|100/100
|switch|p2a: Talonflame|Talonflame, M|92/100
|
|upkeep
|turn|21
|
|t:|1685896765
|move|p2a: Talonflame|Defog|p1a: Scream Tail
|-unboost|p1a: Scream Tail|evasion|1
|-sideend|p2: MasterDylanBowDown|Spikes|[from] move: Defog|[of] p2a: Talonflame
|move|p1a: Scream Tail|Thunder Wave|p2a: Talonflame
|-status|p2a: Talonflame|par
|
|upkeep
|turn|22
|
|t:|1685896769
|switch|p2a: Blissey|Blissey, F|100/100
|move|p1a: Scream Tail|Wish|p1a: Scream Tail
|
|upkeep
|turn|23
|
|t:|1685896772
|-end|p1a: Scream Tail|Protosynthesis|[silent]
|switch|p1a: Decidueye|Decidueye-Hisui, M|21/100 tox
|move|p2a: Blissey|Stealth Rock|p1a: Decidueye
|-sidestart|p1: DragonDancer998|move: Stealth Rock
|
|-heal|p1a: Decidueye|78/100 tox|[from] move: Wish|[wisher] Scream Tail
|-heal|p1a: Decidueye|84/100 tox|[from] item: Leftovers
|-damage|p1a: Decidueye|78/100 tox|[from] psn
|upkeep
|turn|24
|
|t:|1685896776
|switch|p1a: Samurott|Samurott-Hisui, M|100/100
|-damage|p1a: Samurott|88/100|[from] Stealth Rock
|switch|p2a: Toxapex|Toxapex, M|100/100
|
|upkeep
|turn|25
|
|t:|1685896781
|switch|p1a: Toxapex|Toxapex, M|100/100
|-damage|p1a: Toxapex|88/100|[from] Stealth Rock
|move|p2a: Toxapex|Toxic|p1a: Toxapex
|-immune|p1a: Toxapex
|
|-heal|p1a: Toxapex|94/100|[from] item: Leftovers
|upkeep
|turn|26
|
|t:|1685896787
|move|p1a: Toxapex|Chilling Water|p2a: Toxapex
|-resisted|p2a: Toxapex
|-damage|p2a: Toxapex|97/100
|-unboost|p2a: Toxapex|atk|1
|move|p2a: Toxapex|Infestation|p1a: Toxapex
|-resisted|p1a: Toxapex
|-damage|p1a: Toxapex|93/100
|-activate|p1a: Toxapex|move: Infestation|[of] p2a: Toxapex
|
|-heal|p1a: Toxapex|99/100|[from] item: Leftovers
|-damage|p1a: Toxapex|87/100|[from] move: Infestation|[partiallytrapped]
|upkeep
|turn|27
|
|t:|1685896792
|move|p2a: Toxapex|Haze|p2a: Toxapex
|-clearallboost
|move|p1a: Toxapex|Haze|p1a: Toxapex
|-clearallboost
|
|-heal|p1a: Toxapex|93/100|[from] item: Leftovers
|-damage|p1a: Toxapex|81/100|[from] move: Infestation|[partiallytrapped]
|upkeep
|turn|28
|inactive|MasterDylanBowDown has 120 seconds left.
|
|t:|1685896826
|move|p2a: Toxapex|Infestation|p1a: Toxapex
|-resisted|p1a: Toxapex
|-damage|p1a: Toxapex|80/100
|move|p1a: Toxapex|Haze|p1a: Toxapex
|-clearallboost
|
|-heal|p1a: Toxapex|86/100|[from] item: Leftovers
|-damage|p1a: Toxapex|74/100|[from] move: Infestation|[partiallytrapped]
|upkeep
|turn|29
|
|t:|1685896835
|move|p2a: Toxapex|Infestation|p1a: Toxapex
|-resisted|p1a: Toxapex
|-damage|p1a: Toxapex|73/100
|move|p1a: Toxapex|Haze|p1a: Toxapex
|-clearallboost
|
|-heal|p1a: Toxapex|79/100|[from] item: Leftovers
|-damage|p1a: Toxapex|66/100|[from] move: Infestation|[partiallytrapped]
|upkeep
|turn|30
|
|t:|1685896838
|move|p2a: Toxapex|Haze|p2a: Toxapex
|-clearallboost
|move|p1a: Toxapex|Haze|p1a: Toxapex
|-clearallboost
|
|-heal|p1a: Toxapex|73/100|[from] item: Leftovers
|-damage|p1a: Toxapex|60/100|[from] move: Infestation|[partiallytrapped]
|upkeep
|turn|31
|
|t:|1685896840
|move|p1a: Toxapex|Haze|p1a: Toxapex
|-clearallboost
|move|p2a: Toxapex|Haze|p2a: Toxapex
|-clearallboost
|
|-heal|p1a: Toxapex|66/100|[from] item: Leftovers
|-end|p1a: Toxapex|Infestation|[partiallytrapped]
|upkeep
|turn|32
|
|t:|1685896846
|switch|p2a: Dondozo|Dondozo, F|54/100 slp
|switch|p1a: Magearna|Magearna|100/100
|-damage|p1a: Magearna|94/100|[from] Stealth Rock
|
|upkeep
|turn|33
|
|t:|1685896852
|switch|p2a: Clodsire|Clodsire, F|100/100
|move|p1a: Magearna|Volt Switch|p2a: Clodsire
|-immune|p2a: Clodsire
|
|upkeep
|turn|34
|
|t:|1685896872
|switch|p1a: Toxapex|Toxapex, M|99/100
|-damage|p1a: Toxapex|87/100|[from] Stealth Rock
|move|p2a: Clodsire|Spikes|p1a: Toxapex
|-sidestart|p1: DragonDancer998|Spikes
|
|-heal|p1a: Toxapex|93/100|[from] item: Leftovers
|upkeep
|turn|35
|
|t:|1685896883
|switch|p2a: Toxapex|Toxapex, M|100/100
|move|p1a: Toxapex|Chilling Water|p2a: Toxapex
|-resisted|p2a: Toxapex
|-damage|p2a: Toxapex|96/100
|-unboost|p2a: Toxapex|atk|1
|
|-heal|p1a: Toxapex|99/100|[from] item: Leftovers
|upkeep
|turn|36
|
|t:|1685896888
|switch|p2a: Alomomola|Alomomola, M|100/100
|move|p1a: Toxapex|Haze|p1a: Toxapex
|-clearallboost
|
|-heal|p1a: Toxapex|100/100|[from] item: Leftovers
|upkeep
|turn|37
|
|t:|1685896890
|switch|p2a: Toxapex|Toxapex, M|100/100
|switch|p1a: Decidueye|Decidueye-Hisui, M|78/100 tox
|-damage|p1a: Decidueye|72/100 tox|[from] Stealth Rock
|-damage|p1a: Decidueye|59/100 tox|[from] Spikes
|
|-heal|p1a: Decidueye|65/100 tox|[from] item: Leftovers
|-damage|p1a: Decidueye|59/100 tox|[from] psn
|upkeep
|turn|38
|
|t:|1685896897
|switch|p1a: Toxapex|Toxapex, M|100/100
|-damage|p1a: Toxapex|88/100|[from] Stealth Rock
|-damage|p1a: Toxapex|75/100|[from] Spikes
|move|p2a: Toxapex|Infestation|p1a: Toxapex
|-resisted|p1a: Toxapex
|-damage|p1a: Toxapex|75/100
|-activate|p1a: Toxapex|move: Infestation|[of] p2a: Toxapex
|
|-heal|p1a: Toxapex|81/100|[from] item: Leftovers
|-damage|p1a: Toxapex|68/100|[from] move: Infestation|[partiallytrapped]
|upkeep
|turn|39
|
|t:|1685896906
|switch|p2a: Clodsire|Clodsire, F|100/100
|move|p1a: Toxapex|Haze|p1a: Toxapex
|-clearallboost
|
|-heal|p1a: Toxapex|75/100|[from] item: Leftovers
|-end|p1a: Toxapex|Infestation|[partiallytrapped]|[silent]
|upkeep
|turn|40
|
|t:|1685896909
|switch|p1a: Decidueye|Decidueye-Hisui, M|59/100 tox
|-damage|p1a: Decidueye|53/100 tox|[from] Stealth Rock
|-damage|p1a: Decidueye|41/100 tox|[from] Spikes
|move|p2a: Clodsire|Spikes|p1a: Decidueye
|-sidestart|p1: DragonDancer998|Spikes
|
|-heal|p1a: Decidueye|47/100 tox|[from] item: Leftovers
|-damage|p1a: Decidueye|41/100 tox|[from] psn
|upkeep
|turn|41
|
|t:|1685896913
|move|p1a: Decidueye|Defog|p2a: Clodsire
|-unboost|p2a: Clodsire|evasion|1
|-sideend|p1: DragonDancer998|Spikes|[from] move: Defog|[of] p1a: Decidueye
|-sideend|p1: DragonDancer998|Stealth Rock|[from] move: Defog|[of] p1a: Decidueye
|move|p2a: Clodsire|Spikes|p1a: Decidueye
|-sidestart|p1: DragonDancer998|Spikes
|
|-heal|p1a: Decidueye|47/100 tox|[from] item: Leftovers
|-damage|p1a: Decidueye|35/100 tox|[from] psn
|upkeep
|turn|42
|
|t:|1685896916
|move|p1a: Decidueye|Roost|p1a: Decidueye
|-heal|p1a: Decidueye|85/100 tox
|-singleturn|p1a: Decidueye|move: Roost
|move|p2a: Clodsire|Spikes|p1a: Decidueye
|-sidestart|p1: DragonDancer998|Spikes
|
|-heal|p1a: Decidueye|91/100 tox|[from] item: Leftovers
|-damage|p1a: Decidueye|73/100 tox|[from] psn
|upkeep
|turn|43
|
|t:|1685896919
|switch|p1a: Samurott|Samurott-Hisui, M|88/100
|-damage|p1a: Samurott|72/100|[from] Spikes
|move|p2a: Clodsire|Spikes|p1a: Samurott
|-sidestart|p1: DragonDancer998|Spikes
|
|upkeep
|turn|44
|
|t:|1685896924
|switch|p2a: Talonflame|Talonflame, M|92/100 par
|move|p1a: Samurott|Ceaseless Edge|p2a: Talonflame
|-damage|p2a: Talonflame|48/100 par
|-sidestart|p2: MasterDylanBowDown|Spikes
|
|upkeep
|turn|45
|
|t:|1685896931
|move|p1a: Samurott|Ceaseless Edge|p2a: Talonflame
|-damage|p2a: Talonflame|2/100 par
|-sidestart|p2: MasterDylanBowDown|Spikes
|move|p2a: Talonflame|Roost|p2a: Talonflame
|-heal|p2a: Talonflame|52/100 par
|-singleturn|p2a: Talonflame|move: Roost
|
|upkeep
|turn|46
|
|t:|1685896946
|move|p1a: Samurott|Ceaseless Edge|p2a: Talonflame
|-damage|p2a: Talonflame|8/100 par
|-sidestart|p2: MasterDylanBowDown|Spikes
|move|p2a: Talonflame|Roost|p2a: Talonflame
|-heal|p2a: Talonflame|58/100 par
|-singleturn|p2a: Talonflame|move: Roost
|
|upkeep
|turn|47
|
|t:|1685896952
|switch|p1a: Magearna|Magearna|94/100
|-damage|p1a: Magearna|69/100|[from] Spikes
|move|p2a: Talonflame|Roost|p2a: Talonflame
|-heal|p2a: Talonflame|100/100 par
|-singleturn|p2a: Talonflame|move: Roost
|
|upkeep
|turn|48
|
|t:|1685896959
|switch|p2a: Clodsire|Clodsire, F|100/100
|move|p1a: Magearna|Volt Switch|p2a: Clodsire
|-immune|p2a: Clodsire
|
|upkeep
|turn|49
|
|t:|1685896962
|switch|p1a: Decidueye|Decidueye-Hisui, M|73/100 tox
|-damage|p1a: Decidueye|48/100 tox|[from] Spikes
|move|p2a: Clodsire|Earthquake|p1a: Decidueye
|-resisted|p1a: Decidueye
|-damage|p1a: Decidueye|34/100 tox
|
|-heal|p1a: Decidueye|40/100 tox|[from] item: Leftovers
|-damage|p1a: Decidueye|34/100 tox|[from] psn
|upkeep
|turn|50
|
|t:|1685896970
|move|p1a: Decidueye|Knock Off|p2a: Clodsire
|-damage|p2a: Clodsire|75/100
|-enditem|p2a: Clodsire|Heavy-Duty Boots|[from] move: Knock Off|[of] p1a: Decidueye
|move|p2a: Clodsire|Earthquake|p1a: Decidueye
|-resisted|p1a: Decidueye
|-damage|p1a: Decidueye|20/100 tox
|
|-heal|p1a: Decidueye|26/100 tox|[from] item: Leftovers
|-damage|p1a: Decidueye|14/100 tox|[from] psn
|upkeep
|turn|51
|
|t:|1685896973
|move|p1a: Decidueye|Roost|p1a: Decidueye
|-heal|p1a: Decidueye|64/100 tox
|-singleturn|p1a: Decidueye|move: Roost
|move|p2a: Clodsire|Spikes||[still]
|-fail|p2a: Clodsire
|
|-heal|p1a: Decidueye|70/100 tox|[from] item: Leftovers
|-damage|p1a: Decidueye|52/100 tox|[from] psn
|upkeep
|turn|52
|
|t:|1685896980
|move|p1a: Decidueye|Roost|p1a: Decidueye
|-heal|p1a: Decidueye|100/100 tox
|-singleturn|p1a: Decidueye|move: Roost
|move|p2a: Clodsire|Earthquake|p1a: Decidueye
|-resisted|p1a: Decidueye
|-damage|p1a: Decidueye|87/100 tox
|
|-heal|p1a: Decidueye|93/100 tox|[from] item: Leftovers
|-damage|p1a: Decidueye|69/100 tox|[from] psn
|upkeep
|turn|53
|
|t:|1685896988
|switch|p1a: Toxapex|Toxapex, M|100/100
|-damage|p1a: Toxapex|75/100|[from] Spikes
|move|p2a: Clodsire|Earthquake|p1a: Toxapex
|-supereffective|p1a: Toxapex
|-damage|p1a: Toxapex|29/100
|
|-heal|p1a: Toxapex|36/100|[from] item: Leftovers
|upkeep
|turn|54
|
|t:|1685896994
|switch|p1a: Samurott|Samurott-Hisui, M|72/100
|-damage|p1a: Samurott|47/100|[from] Spikes
|move|p2a: Clodsire|Earthquake|p1a: Samurott
|-damage|p1a: Samurott|15/100
|
|upkeep
|turn|55
|
|t:|1685897001
|switch|p2a: Talonflame|Talonflame, M|100/100 par
|move|p1a: Samurott|Aqua Cutter|p2a: Talonflame
|-supereffective|p2a: Talonflame
|-crit|p2a: Talonflame
|-damage|p2a: Talonflame|0 fnt
|faint|p2a: Talonflame
|
|upkeep
|
|t:|1685897010
|switch|p2a: Alomomola|Alomomola, M|100/100
|turn|56
|
|t:|1685897016
|switch|p1a: Scream Tail|Scream Tail|100/100
|-damage|p1a: Scream Tail|76/100|[from] Spikes
|move|p2a: Alomomola|Whirlpool|p1a: Scream Tail|[miss]
|-miss|p2a: Alomomola|p1a: Scream Tail
|
|-heal|p1a: Scream Tail|82/100|[from] item: Leftovers
|upkeep
|turn|57
|
|t:|1685897021
|move|p1a: Scream Tail|Thunder Wave|p2a: Alomomola
|-status|p2a: Alomomola|par
|move|p2a: Alomomola|Whirlpool|p1a: Scream Tail
|-damage|p1a: Scream Tail|78/100
|-activate|p1a: Scream Tail|move: Whirlpool|[of] p2a: Alomomola
|
|-heal|p1a: Scream Tail|84/100|[from] item: Leftovers
|-damage|p1a: Scream Tail|72/100|[from] move: Whirlpool|[partiallytrapped]
|upkeep
|turn|58
|
|t:|1685897024
|move|p1a: Scream Tail|Dazzling Gleam|p2a: Alomomola
|-damage|p2a: Alomomola|77/100 par
|move|p2a: Alomomola|Chilling Water|p1a: Scream Tail
|-damage|p1a: Scream Tail|66/100
|-unboost|p1a: Scream Tail|atk|1
|
|-heal|p1a: Scream Tail|73/100|[from] item: Leftovers
|-damage|p1a: Scream Tail|60/100|[from] move: Whirlpool|[partiallytrapped]
|upkeep
|turn|59
|
|t:|1685897026
|move|p1a: Scream Tail|Wish|p1a: Scream Tail
|move|p2a: Alomomola|Chilling Water|p1a: Scream Tail
|-damage|p1a: Scream Tail|55/100
|-unboost|p1a: Scream Tail|atk|1
|
|-heal|p1a: Scream Tail|62/100|[from] item: Leftovers
|-damage|p1a: Scream Tail|49/100|[from] move: Whirlpool|[partiallytrapped]
|upkeep
|turn|60
|
|t:|1685897028
|move|p1a: Scream Tail|Dazzling Gleam|p2a: Alomomola
|-damage|p2a: Alomomola|55/100 par
|move|p2a: Alomomola|Wish|p2a: Alomomola
|
|-heal|p1a: Scream Tail|99/100|[from] move: Wish|[wisher] Scream Tail
|-heal|p1a: Scream Tail|100/100|[from] item: Leftovers
|-damage|p1a: Scream Tail|88/100|[from] move: Whirlpool|[partiallytrapped]
|upkeep
|turn|61
|
|t:|1685897032
|move|p1a: Scream Tail|Wish|p1a: Scream Tail
|move|p2a: Alomomola|Chilling Water|p1a: Scream Tail
|-damage|p1a: Scream Tail|83/100
|-unboost|p1a: Scream Tail|atk|1
|
|-heal|p2a: Alomomola|100/100 par|[from] move: Wish|[wisher] Alomomola
|-heal|p1a: Scream Tail|89/100|[from] item: Leftovers
|-damage|p1a: Scream Tail|77/100|[from] move: Whirlpool|[partiallytrapped]
|upkeep
|turn|62
|
|t:|1685897037
|switch|p2a: Blissey|Blissey, F|100/100
|move|p1a: Scream Tail|Dazzling Gleam|p2a: Blissey
|-damage|p2a: Blissey|95/100
|
|-heal|p1a: Scream Tail|100/100|[from] move: Wish|[wisher] Scream Tail
|-end|p1a: Scream Tail|Whirlpool|[partiallytrapped]
|upkeep
|turn|63
|
|t:|1685897041
|move|p1a: Scream Tail|Wish|p1a: Scream Tail
|move|p2a: Blissey|Stealth Rock|p1a: Scream Tail
|-sidestart|p1: DragonDancer998|move: Stealth Rock
|
|upkeep
|turn|64
|
|t:|1685897047
|-end|p1a: Scream Tail|Protosynthesis|[silent]
|switch|p1a: Samurott|Samurott-Hisui, M|15/100
|-damage|p1a: Samurott|0 fnt|[from] Spikes
|faint|p1a: Samurott
|move|p2a: Blissey|Seismic Toss|p1: Samurott|[notarget]
|-fail|p2a: Blissey
|
|upkeep
|
|t:|1685897052
|switch|p1a: Scream Tail|Scream Tail|100/100
|-damage|p1a: Scream Tail|76/100|[from] Spikes
|-damage|p1a: Scream Tail|63/100|[from] Stealth Rock
|turn|65
|
|t:|1685897057
|move|p1a: Scream Tail|Wish|p1a: Scream Tail
|move|p2a: Blissey|Seismic Toss|p1a: Scream Tail
|-damage|p1a: Scream Tail|40/100
|
|-heal|p1a: Scream Tail|46/100|[from] item: Leftovers
|upkeep
|turn|66
|
|t:|1685897060
|move|p1a: Scream Tail|Protect|p1a: Scream Tail
|-singleturn|p1a: Scream Tail|Protect
|move|p2a: Blissey|Seismic Toss|p1a: Scream Tail
|-activate|p1a: Scream Tail|move: Protect
|
|-heal|p1a: Scream Tail|96/100|[from] move: Wish|[wisher] Scream Tail
|-heal|p1a: Scream Tail|100/100|[from] item: Leftovers
|upkeep
|turn|67
|
|t:|1685897062
|move|p1a: Scream Tail|Wish|p1a: Scream Tail
|move|p2a: Blissey|Seismic Toss|p1a: Scream Tail
|-damage|p1a: Scream Tail|77/100
|
|-heal|p1a: Scream Tail|84/100|[from] item: Leftovers
|upkeep
|turn|68
|
|t:|1685897064
|-end|p1a: Scream Tail|Protosynthesis|[silent]
|switch|p1a: Decidueye|Decidueye-Hisui, M|69/100 tox
|-damage|p1a: Decidueye|44/100 tox|[from] Spikes
|-damage|p1a: Decidueye|38/100 tox|[from] Stealth Rock
|move|p2a: Blissey|Seismic Toss|p1a: Decidueye
|-damage|p1a: Decidueye|11/100 tox
|
|-heal|p1a: Decidueye|68/100 tox|[from] move: Wish|[wisher] Scream Tail
|-heal|p1a: Decidueye|74/100 tox|[from] item: Leftovers
|-damage|p1a: Decidueye|68/100 tox|[from] psn
|upkeep
|turn|69
|
|t:|1685897074
|switch|p2a: Clodsire|Clodsire, F|75/100
|-damage|p2a: Clodsire|50/100|[from] Spikes
|move|p1a: Decidueye|Knock Off|p2a: Clodsire
|-damage|p2a: Clodsire|33/100
|
|-heal|p1a: Decidueye|74/100 tox|[from] item: Leftovers
|-damage|p1a: Decidueye|62/100 tox|[from] psn
|upkeep
|turn|70
|
|t:|1685897078
|move|p1a: Decidueye|Triple Arrows|p2a: Clodsire
|-resisted|p2a: Clodsire
|-damage|p2a: Clodsire|12/100
|-unboost|p2a: Clodsire|def|1
|cant|p2a: Clodsire|flinch
|
|-heal|p1a: Decidueye|68/100 tox|[from] item: Leftovers
|-damage|p1a: Decidueye|50/100 tox|[from] psn
|upkeep
|turn|71
|
|t:|1685897087
|switch|p2a: Alomomola|Alomomola, M|100/100 par
|move|p1a: Decidueye|Knock Off|p2a: Alomomola
|-damage|p2a: Alomomola|88/100 par
|-enditem|p2a: Alomomola|Heavy-Duty Boots|[from] move: Knock Off|[of] p1a: Decidueye
|
|-heal|p1a: Decidueye|56/100 tox|[from] item: Leftovers
|-damage|p1a: Decidueye|32/100 tox|[from] psn
|upkeep
|turn|72
|
|t:|1685897091
|switch|p1a: Scream Tail|Scream Tail|84/100
|-damage|p1a: Scream Tail|59/100|[from] Spikes
|-damage|p1a: Scream Tail|46/100|[from] Stealth Rock
|move|p2a: Alomomola|Whirlpool|p1a: Scream Tail
|-crit|p1a: Scream Tail
|-damage|p1a: Scream Tail|41/100
|-activate|p1a: Scream Tail|move: Whirlpool|[of] p2a: Alomomola
|
|-heal|p1a: Scream Tail|47/100|[from] item: Leftovers
|-damage|p1a: Scream Tail|35/100|[from] move: Whirlpool|[partiallytrapped]
|upkeep
|turn|73
|
|t:|1685897098
|move|p1a: Scream Tail|Wish|p1a: Scream Tail
|move|p2a: Alomomola|Wish|p2a: Alomomola
|
|-heal|p1a: Scream Tail|41/100|[from] item: Leftovers
|-damage|p1a: Scream Tail|28/100|[from] move: Whirlpool|[partiallytrapped]
|upkeep
|turn|74
|
|t:|1685897101
|move|p1a: Scream Tail|Protect|p1a: Scream Tail
|-singleturn|p1a: Scream Tail|Protect
|move|p2a: Alomomola|Chilling Water|p1a: Scream Tail
|-activate|p1a: Scream Tail|move: Protect
|
|-heal|p1a: Scream Tail|78/100|[from] move: Wish|[wisher] Scream Tail
|-heal|p2a: Alomomola|100/100 par|[from] move: Wish|[wisher] Alomomola
|-heal|p1a: Scream Tail|85/100|[from] item: Leftovers
|-damage|p1a: Scream Tail|72/100|[from] move: Whirlpool|[partiallytrapped]
|upkeep
|turn|75
|
|t:|1685897103
|move|p1a: Scream Tail|Wish|p1a: Scream Tail
|move|p2a: Alomomola|Wish|p2a: Alomomola
|
|-heal|p1a: Scream Tail|78/100|[from] item: Leftovers
|-damage|p1a: Scream Tail|66/100|[from] move: Whirlpool|[partiallytrapped]
|upkeep
|turn|76
|
|t:|1685897106
|switch|p2a: Clodsire|Clodsire, F|12/100
|-damage|p2a: Clodsire|0 fnt|[from] Spikes
|faint|p2a: Clodsire
|move|p1a: Scream Tail|Dazzling Gleam|p2: Clodsire|[notarget]
|-fail|p1a: Scream Tail
|
|-heal|p1a: Scream Tail|100/100|[from] move: Wish|[wisher] Scream Tail
|-end|p1a: Scream Tail|Whirlpool|[partiallytrapped]|[silent]
|upkeep
|
|t:|1685897115
|switch|p2a: Alomomola|Alomomola, M|100/100 par
|-damage|p2a: Alomomola|76/100 par|[from] Spikes
|turn|77
|
|t:|1685897122
|move|p1a: Scream Tail|Wish|p1a: Scream Tail
|move|p2a: Alomomola|Whirlpool|p1a: Scream Tail
|-damage|p1a: Scream Tail|97/100
|-activate|p1a: Scream Tail|move: Whirlpool|[of] p2a: Alomomola
|
|-heal|p1a: Scream Tail|100/100|[from] item: Leftovers
|-damage|p1a: Scream Tail|88/100|[from] move: Whirlpool|[partiallytrapped]
|upkeep
|turn|78
|
|t:|1685897127
|move|p1a: Scream Tail|Dazzling Gleam|p2a: Alomomola
|-damage|p2a: Alomomola|52/100 par
|move|p2a: Alomomola|Chilling Water|p1a: Scream Tail
|-damage|p1a: Scream Tail|83/100
|-unboost|p1a: Scream Tail|atk|1
|
|-heal|p1a: Scream Tail|100/100|[from] move: Wish|[wisher] Scream Tail
|-damage|p1a: Scream Tail|88/100|[from] move: Whirlpool|[partiallytrapped]
|upkeep
|turn|79
|
|t:|1685897133
|move|p1a: Scream Tail|Dazzling Gleam|p2a: Alomomola
|-damage|p2a: Alomomola|29/100 par
|move|p2a: Alomomola|Wish|p2a: Alomomola
|
|-heal|p1a: Scream Tail|94/100|[from] item: Leftovers
|-damage|p1a: Scream Tail|82/100|[from] move: Whirlpool|[partiallytrapped]
|upkeep
|turn|80
|
|t:|1685897140
|switch|p2a: Dondozo|Dondozo, F|54/100 slp
|move|p1a: Scream Tail|Dazzling Gleam|p2a: Dondozo
|-damage|p2a: Dondozo|35/100 slp
|
|-heal|p2a: Dondozo|88/100 slp|[from] move: Wish|[wisher] Alomomola
|-heal|p1a: Scream Tail|88/100|[from] item: Leftovers
|-end|p1a: Scream Tail|Whirlpool|[partiallytrapped]|[silent]
|upkeep
|turn|81
|
|t:|1685897147
|switch|p2a: Alomomola|Alomomola, M|63/100 par
|-damage|p2a: Alomomola|38/100 par|[from] Spikes
|move|p1a: Scream Tail|Wish|p1a: Scream Tail
|
|-heal|p1a: Scream Tail|94/100|[from] item: Leftovers
|upkeep
|turn|82
|
|t:|1685897151
|-end|p1a: Scream Tail|Protosynthesis|[silent]
|switch|p1a: Magearna|Magearna|69/100
|-damage|p1a: Magearna|44/100|[from] Spikes
|-damage|p1a: Magearna|38/100|[from] Stealth Rock
|move|p2a: Alomomola|Wish|p2a: Alomomola
|
|-heal|p1a: Magearna|98/100|[from] move: Wish|[wisher] Scream Tail
|upkeep
|turn|83
|
|t:|1685897158
|switch|p2a: Blissey|Blissey, F|95/100
|move|p1a: Magearna|Psyshock|p2a: Blissey
|-damage|p2a: Blissey|46/100
|
|-heal|p2a: Blissey|84/100|[from] move: Wish|[wisher] Alomomola
|upkeep
|turn|84
|
|t:|1685897170
|-terastallize|p2a: Blissey|Water
|move|p1a: Magearna|Psyshock|p2a: Blissey
|-damage|p2a: Blissey|40/100
|move|p2a: Blissey|Soft-Boiled|p2a: Blissey
|-heal|p2a: Blissey|90/100
|
|upkeep
|turn|85
|
|t:|1685897180
|switch|p2a: Alomomola|Alomomola, M|71/100 par
|-damage|p2a: Alomomola|46/100 par|[from] Spikes
|move|p1a: Magearna|Psyshock|p2a: Alomomola
|-damage|p2a: Alomomola|34/100 par
|
|upkeep
|turn|86
|
|t:|1685897188
|move|p1a: Magearna|Volt Switch|p2a: Alomomola
|-supereffective|p2a: Alomomola
|-damage|p2a: Alomomola|0 fnt
|faint|p2a: Alomomola
|-ability|p1a: Magearna|Soul-Heart|boost
|-boost|p1a: Magearna|spa|1
|
|t:|1685897206
|switch|p1a: Scream Tail|Scream Tail|94/100|[from] Volt Switch
|-damage|p1a: Scream Tail|69/100|[from] Spikes
|-damage|p1a: Scream Tail|57/100|[from] Stealth Rock
|
|-heal|p1a: Scream Tail|63/100|[from] item: Leftovers
|upkeep
|
|t:|1685897213
|switch|p2a: Dondozo|Dondozo, F|88/100 slp
|turn|87
|
|t:|1685897216
|move|p1a: Scream Tail|Wish|p1a: Scream Tail
|cant|p2a: Dondozo|slp
|
|-heal|p1a: Scream Tail|69/100|[from] item: Leftovers
|upkeep
|turn|88
|
|t:|1685897220
|move|p1a: Scream Tail|Dazzling Gleam|p2a: Dondozo
|-damage|p2a: Dondozo|71/100 slp
|-curestatus|p2a: Dondozo|slp|[msg]
|move|p2a: Dondozo|Liquidation|p1a: Scream Tail
|-damage|p1a: Scream Tail|46/100
|
|-heal|p1a: Scream Tail|96/100|[from] move: Wish|[wisher] Scream Tail
|-heal|p1a: Scream Tail|100/100|[from] item: Leftovers
|upkeep
|turn|89
|
|t:|1685897226
|switch|p2a: Blissey|Blissey, F, tera:Water|90/100
|move|p1a: Scream Tail|Wish|p1a: Scream Tail
|
|upkeep
|turn|90
|
|t:|1685897229
|-end|p1a: Scream Tail|Protosynthesis|[silent]
|switch|p1a: Magearna|Magearna|98/100
|-damage|p1a: Magearna|73/100|[from] Spikes
|-damage|p1a: Magearna|67/100|[from] Stealth Rock
|move|p2a: Blissey|Shadow Ball|p1a: Magearna
|-damage|p1a: Magearna|58/100
|
|-heal|p1a: Magearna|100/100|[from] move: Wish|[wisher] Scream Tail
|upkeep
|turn|91
|
|t:|1685897241
|move|p1a: Magearna|Psyshock|p2a: Blissey
|-damage|p2a: Blissey|48/100
|move|p2a: Blissey|Seismic Toss|p1a: Magearna
|-damage|p1a: Magearna|73/100
|
|upkeep
|turn|92
|
|t:|1685897253
|switch|p2a: Dondozo|Dondozo, F|71/100
|move|p1a: Magearna|Fleur Cannon|p2a: Dondozo
|-damage|p2a: Dondozo|21/100
|-unboost|p1a: Magearna|spa|2
|
|upkeep
|turn|93
|
|t:|1685897257
|move|p1a: Magearna|Volt Switch|p2a: Dondozo
|-supereffective|p2a: Dondozo
|-damage|p2a: Dondozo|0 fnt
|faint|p2a: Dondozo
|-ability|p1a: Magearna|Soul-Heart|boost
|-boost|p1a: Magearna|spa|1
|-message|MasterDylanBowDown forfeited.
|
|win|DragonDancer998
|raw|DragonDancer998's rating: 1154 → 1173(+19 for winning)
|raw|MasterDylanBowDown's rating: 1073 → 1057(-16 for losing)
|l|☆MasterDylanBowDown
