|j|☆Fun trading
|j|☆Calyrex-Mohammad
|inactive|Battle timer is ON: inactive players will automatically lose when time's up.
|t:|1685841775
|gametype|singles
|player|p1|Fun trading|emmet|
|player|p2|Calyrex-Mohammad|zinnia|
|teamsize|p1|6
|teamsize|p2|6
|gen|9
|tier|[Gen 9] OU
|rated|Tournament battle
|rule|Sleep Clause Mod: Limit one foe put to sleep
|rule|Species Clause: Limit one of each Pokémon
|rule|OHKO Clause: OHKO moves are banned
|rule|Evasion Items Clause: Evasion items are banned
|rule|Evasion Moves Clause: Evasion moves are banned
|rule|Endless Battle Clause: Forcing endless battles is banned
|rule|HP Percentage Mod: HP is shown in percentages
|clearpoke
|poke|p1|Ursaluna, M|
|poke|p1|Toxapex, F|
|poke|p1|Corviknight, M|
|poke|p1|Garchomp, M|
|poke|p1|Chien-Pao|
|poke|p1|Iron Moth|
|poke|p2|Magearna|
|poke|p2|Samurott-Hisui, M|
|poke|p2|Dondozo, M|
|poke|p2|Ditto|
|poke|p2|Great Tusk|
|poke|p2|Zapdos|
|teampreview
|inactive|Calyrex-Mohammad has 120 seconds left.
|
|t:|1685841806
|start
|switch|p1a: Garchomp|Garchomp, M|100/100
|switch|p2a: Samurott|Samurott-Hisui, M, shiny|100/100
|turn|1
|inactive|Fun trading has 120 seconds left.
|
|t:|1685841840
|move|p2a: Samurott|Aqua Cutter|p1a: Garchomp
|-damage|p1a: Garchomp|55/100
|move|p1a: Garchomp|Earthquake|p2a: Samurott
|-damage|p2a: Samurott|49/100
|
|-heal|p1a: Garchomp|61/100|[from] item: Leftovers
|upkeep
|turn|2
|
|t:|1685841844
|switch|p2a: Great Tusk|Great Tusk, shiny|100/100
|move|p1a: Garchomp|Earthquake|p2a: Great Tusk
|-damage|p2a: Great Tusk|81/100
|
|-heal|p1a: Garchomp|67/100|[from] item: Leftovers
|-heal|p2a: Great Tusk|87/100|[from] item: Leftovers
|upkeep
|turn|3
|
|t:|1685841854
|switch|p1a: Corviknight|Corviknight, M|100/100
|move|p2a: Great Tusk|Knock Off|p1a: Corviknight
|-damage|p1a: Corviknight|75/100
|-enditem|p1a: Corviknight|Leftovers|[from] move: Knock Off|[of] p2a: Great Tusk
|
|-heal|p2a: Great Tusk|93/100|[from] item: Leftovers
|upkeep
|turn|4
|j| IConsumeChairs
|
|t:|1685841860
|move|p2a: Great Tusk|Stealth Rock|p1a: Corviknight
|-sidestart|p1: Fun trading|move: Stealth Rock
|move|p1a: Corviknight|U-turn|p2a: Great Tusk
|-resisted|p2a: Great Tusk
|-damage|p2a: Great Tusk|90/100
|
|t:|1685841866
|switch|p1a: Garchomp|Garchomp, M|67/100|[from] U-turn
|-damage|p1a: Garchomp|61/100|[from] Stealth Rock
|
|-heal|p1a: Garchomp|67/100|[from] item: Leftovers
|-heal|p2a: Great Tusk|96/100|[from] item: Leftovers
|upkeep
|turn|5
|
|t:|1685841869
|move|p1a: Garchomp|Stealth Rock|p2a: Great Tusk
|-sidestart|p2: Calyrex-Mohammad|move: Stealth Rock
|move|p2a: Great Tusk|Knock Off|p1a: Garchomp
|-damage|p1a: Garchomp|49/100
|-damage|p2a: Great Tusk|83/100|[from] ability: Rough Skin|[of] p1a: Garchomp
|-enditem|p1a: Garchomp|Leftovers|[from] move: Knock Off|[of] p2a: Great Tusk
|
|-heal|p2a: Great Tusk|90/100|[from] item: Leftovers
|upkeep
|turn|6
|
|t:|1685841872
|move|p1a: Garchomp|Earthquake|p2a: Great Tusk
|-damage|p2a: Great Tusk|70/100
|move|p2a: Great Tusk|Rapid Spin|p1a: Garchomp
|-damage|p1a: Garchomp|39/100
|-boost|p2a: Great Tusk|spe|1
|-damage|p2a: Great Tusk|58/100|[from] ability: Rough Skin|[of] p1a: Garchomp
|-sideend|p2: Calyrex-Mohammad|Stealth Rock|[from] move: Rapid Spin|[of] p2a: Great Tusk
|
|-heal|p2a: Great Tusk|64/100|[from] item: Leftovers
|upkeep
|turn|7
|
|t:|1685841876
|move|p2a: Great Tusk|Earthquake|p1a: Garchomp
|-damage|p1a: Garchomp|14/100
|move|p1a: Garchomp|Stealth Rock|p2a: Great Tusk
|-sidestart|p2: Calyrex-Mohammad|move: Stealth Rock
|
|-heal|p2a: Great Tusk|70/100|[from] item: Leftovers
|upkeep
|turn|8
|
|t:|1685841880
|move|p2a: Great Tusk|Rapid Spin|p1a: Garchomp
|-damage|p1a: Garchomp|4/100
|-boost|p2a: Great Tusk|spe|1
|-damage|p2a: Great Tusk|58/100|[from] ability: Rough Skin|[of] p1a: Garchomp
|-sideend|p2: Calyrex-Mohammad|Stealth Rock|[from] move: Rapid Spin|[of] p2a: Great Tusk
|move|p1a: Garchomp|Earthquake|p2a: Great Tusk
|-damage|p2a: Great Tusk|37/100
|
|-heal|p2a: Great Tusk|43/100|[from] item: Leftovers
|upkeep
|turn|9
|
|t:|1685841884
|move|p2a: Great Tusk|Earthquake|p1a: Garchomp
|-damage|p1a: Garchomp|0 fnt
|faint|p1a: Garchomp
|
|-heal|p2a: Great Tusk|49/100|[from] item: Leftovers
|upkeep
|
|t:|1685841887
|switch|p1a: Corviknight|Corviknight, M|75/100
|-damage|p1a: Corviknight|63/100|[from] Stealth Rock
|turn|10
|
|t:|1685841891
|-end|p2a: Great Tusk|Protosynthesis|[silent]
|switch|p2a: Zapdos|Zapdos, shiny|100/100
|move|p1a: Corviknight|Defog|p2a: Zapdos
|-unboost|p2a: Zapdos|evasion|1
|-sideend|p1: Fun trading|Stealth Rock|[from] move: Defog|[of] p1a: Corviknight
|
|upkeep
|turn|11
|
|t:|1685841894
|switch|p1a: Ursaluna|Ursaluna, M|100/100
|move|p2a: Zapdos|Hurricane|p1a: Ursaluna
|-damage|p1a: Ursaluna|44/100
|-start|p1a: Ursaluna|confusion
|
|-status|p1a: Ursaluna|brn|[from] item: Flame Orb
|upkeep
|turn|12
|
|t:|1685841901
|move|p2a: Zapdos|Hurricane|p1a: Ursaluna
|-damage|p1a: Ursaluna|0 fnt
|faint|p1a: Ursaluna
|
|upkeep
|
|t:|1685841905
|switch|p1a: Chien-Pao|Chien-Pao|100/100
|-ability|p1a: Chien-Pao|Sword of Ruin
|turn|13
|
|t:|1685841908
|switch|p1a: Iron Moth|Iron Moth|100/100
|switch|p2a: Dondozo|Dondozo, M, shiny|100/100
|
|upkeep
|turn|14
|
|t:|1685841913
|switch|p2a: Ditto|Ditto, shiny|100/100
|-transform|p2a: Ditto|p1a: Iron Moth|[from] ability: Imposter
|move|p1a: Iron Moth|Sludge Wave|p2a: Ditto
|-resisted|p2a: Ditto
|-damage|p2a: Ditto|57/100
|
|upkeep
|turn|15
|
|t:|1685841941
|-end|p1a: Iron Moth|Quark Drive|[silent]
|switch|p1a: Toxapex|Toxapex, F|100/100
|move|p2a: Ditto|Fiery Dance|p1a: Toxapex
|-resisted|p1a: Toxapex
|-damage|p1a: Toxapex|83/100
|-boost|p2a: Ditto|spa|1
|
|upkeep
|turn|16
|inactive|Fun trading has 120 seconds left.
|
|t:|1685841982
|-end|p2a: Ditto|Quark Drive|[silent]
|switch|p2a: Zapdos|Zapdos, shiny|100/100
|move|p1a: Toxapex|Toxic Spikes|p2a: Zapdos
|-sidestart|p2: Calyrex-Mohammad|move: Toxic Spikes
|
|upkeep
|turn|17
|inactive|Calyrex-Mohammad has 120 seconds left.
|
|t:|1685842000
|move|p2a: Zapdos|Discharge|p1a: Toxapex
|-supereffective|p1a: Toxapex
|-damage|p1a: Toxapex|12/100
|move|p1a: Toxapex|Toxic|p2a: Zapdos
|-status|p2a: Zapdos|tox
|
|-damage|p2a: Zapdos|94/100 tox|[from] psn
|upkeep
|turn|18
|inactive|Fun trading has 120 seconds left.
|
|t:|1685842010
|move|p2a: Zapdos|Discharge|p1a: Toxapex
|-supereffective|p1a: Toxapex
|-crit|p1a: Toxapex
|-damage|p1a: Toxapex|0 fnt
|faint|p1a: Toxapex
|
|-damage|p2a: Zapdos|82/100 tox|[from] psn
|upkeep
|
|t:|1685842013
|switch|p1a: Chien-Pao|Chien-Pao|100/100
|-ability|p1a: Chien-Pao|Sword of Ruin
|turn|19
|j| Decaffinator
|inactive|Fun trading has 120 seconds left.
|l| Decaffinator
|inactive|Calyrex-Mohammad has 120 seconds left.
|j| agentkeval01
|
|t:|1685842048
|switch|p2a: Dondozo|Dondozo, M, shiny|100/100
|move|p1a: Chien-Pao|Icicle Crash|p2a: Dondozo
|-resisted|p2a: Dondozo
|-damage|p2a: Dondozo|88/100
|
|upkeep
|turn|20
|inactive|Fun trading has 90 seconds left.
|
|t:|1685842082
|switch|p1a: Corviknight|Corviknight, M|63/100
|move|p2a: Dondozo|Liquidation|p1a: Corviknight
|-damage|p1a: Corviknight|41/100
|
|upkeep
|turn|21
|
|t:|1685842090
|move|p1a: Corviknight|Roost|p1a: Corviknight
|-heal|p1a: Corviknight|91/100
|-singleturn|p1a: Corviknight|move: Roost
|move|p2a: Dondozo|Curse|p2a: Dondozo
|-unboost|p2a: Dondozo|spe|1
|-boost|p2a: Dondozo|atk|1
|-boost|p2a: Dondozo|def|1
|
|upkeep
|turn|22
|
|t:|1685842099
|move|p1a: Corviknight|Brave Bird|p2a: Dondozo
|-damage|p2a: Dondozo|77/100
|-damage|p1a: Corviknight|86/100|[from] Recoil
|move|p2a: Dondozo|Liquidation|p1a: Corviknight
|-damage|p1a: Corviknight|51/100
|
|upkeep
|turn|23
|
|t:|1685842106
|move|p1a: Corviknight|Roost|p1a: Corviknight
|-heal|p1a: Corviknight|100/100
|-singleturn|p1a: Corviknight|move: Roost
|move|p2a: Dondozo|Curse|p2a: Dondozo
|-unboost|p2a: Dondozo|spe|1
|-boost|p2a: Dondozo|atk|1
|-boost|p2a: Dondozo|def|1
|
|upkeep
|turn|24
|
|t:|1685842113
|move|p1a: Corviknight|Brave Bird|p2a: Dondozo
|-damage|p2a: Dondozo|68/100
|-damage|p1a: Corviknight|97/100|[from] Recoil
|move|p2a: Dondozo|Liquidation|p1a: Corviknight
|-damage|p1a: Corviknight|50/100
|
|upkeep
|turn|25
|
|t:|1685842121
|move|p1a: Corviknight|U-turn|p2a: Dondozo
|-damage|p2a: Dondozo|65/100
|
|t:|1685842123
|switch|p1a: Iron Moth|Iron Moth|100/100|[from] U-turn
|move|p2a: Dondozo|Liquidation|p1a: Iron Moth
|-supereffective|p1a: Iron Moth
|-damage|p1a: Iron Moth|0 fnt
|faint|p1a: Iron Moth
|-end|p1a: Iron Moth|Quark Drive|[silent]
|
|upkeep
|-message|Fun trading forfeited.
|
|win|Calyrex-Mohammad
|n|☆Fun trading|funtrading
|n|☆Calyrex-Mohammad|calyrexmohammad
|n| IConsumeChairs|iconsumechairs
|n| agentkeval01|agentkeval01
|l|☆Fun trading
|l|☆Calyrex-Mohammad
|l| IConsumeChairs
|j|☆Calyrex-Mohammad
|player|p2|Calyrex-Mohammad|zinnia
|l| agentkeval01
