|j|☆Fquak
|j|☆EmilerYS
|t:|1685893795
|gametype|singles
|player|p1|Fquak|hooligans|1183
|player|p2|EmilerYS|benga|1169
|teamsize|p1|6
|teamsize|p2|6
|gen|9
|tier|[Gen 9] OU
|rated|
|rule|Sleep Clause Mod: Limit one foe put to sleep
|rule|Species Clause: Limit one of each Pokémon
|rule|OHKO Clause: OHKO moves are banned
|rule|Evasion Items Clause: Evasion items are banned
|rule|Evasion Moves Clause: Evasion moves are banned
|rule|Endless Battle Clause: Forcing endless battles is banned
|rule|HP Percentage Mod: HP is shown in percentages
|clearpoke
|poke|p1|Iron Valiant|
|poke|p1|Typhlosion-Hisui, F|
|poke|p1|Azumarill, M|
|poke|p1|Sneasler, M|
|poke|p1|Chien-Pao|
|poke|p1|Great Tusk|
|poke|p2|Landorus-Therian, M|
|poke|p2|Garganacl, M|
|poke|p2|Gholdengo|
|poke|p2|Azumarill, M|
|poke|p2|Skeledirge, F|
|poke|p2|Zamazenta-*|
|teampreview
|inactive|Battle timer is ON: inactive players will automatically lose when time's up. (requested by EmilerYS)
|
|t:|1685893812
|start
|switch|p1a: Azumarill|Azumarill, M|100/100
|switch|p2a: Garganacl|Garganacl, M|100/100
|turn|1
|
|t:|1685893821
|move|p1a: Azumarill|Belly Drum|p1a: Azumarill
|-damage|p1a: Azumarill|50/100
|-setboost|p1a: Azumarill|atk|6|[from] move: Belly Drum
|-enditem|p1a: Azumarill|Sitrus Berry|[eat]
|-heal|p1a: Azumarill|75/100|[from] item: Sitrus Berry
|move|p2a: Garganacl|Salt Cure|p1a: Azumarill
|-damage|p1a: Azumarill|61/100
|-start|p1a: Azumarill|Salt Cure
|
|-damage|p1a: Azumarill|36/100|[from] Salt Cure
|upkeep
|turn|2
|
|t:|1685893833
|move|p2a: Garganacl|Protect|p2a: Garganacl
|-singleturn|p2a: Garganacl|Protect
|move|p1a: Azumarill|Aqua Jet|p2a: Garganacl
|-activate|p2a: Garganacl|move: Protect
|
|-damage|p1a: Azumarill|11/100|[from] Salt Cure
|upkeep
|turn|3
|
|t:|1685893862
|switch|p2a: Zamazenta|Zamazenta-Crowned|100/100
|-ability|p2a: Zamazenta|Dauntless Shield|boost
|-boost|p2a: Zamazenta|def|1
|move|p1a: Azumarill|Aqua Jet|p2a: Zamazenta
|-damage|p2a: Zamazenta|49/100
|
|-damage|p1a: Azumarill|0 fnt|[from] Salt Cure
|faint|p1a: Azumarill
|upkeep
|
|t:|1685893871
|switch|p1a: Iron Valiant|Iron Valiant|100/100
|-enditem|p1a: Iron Valiant|Booster Energy
|-activate|p1a: Iron Valiant|ability: Quark Drive|[fromitem]
|-start|p1a: Iron Valiant|quarkdriveatk
|turn|4
|
|t:|1685893885
|move|p2a: Zamazenta|Behemoth Bash|p1a: Iron Valiant
|-supereffective|p1a: Iron Valiant
|-damage|p1a: Iron Valiant|0 fnt
|faint|p1a: Iron Valiant
|-end|p1a: Iron Valiant|Quark Drive|[silent]
|
|upkeep
|
|t:|1685893897
|switch|p1a: Great Tusk|Great Tusk|100/100
|turn|5
|
|t:|1685893909
|switch|p2a: Landorus|Landorus-Therian, M|100/100
|-ability|p2a: Landorus|Intimidate|boost
|-unboost|p1a: Great Tusk|atk|1
|move|p1a: Great Tusk|Close Combat|p2a: Landorus
|-resisted|p2a: Landorus
|-damage|p2a: Landorus|73/100
|-unboost|p1a: Great Tusk|def|1
|-unboost|p1a: Great Tusk|spd|1
|
|upkeep
|turn|6
|
|t:|1685893920
|-end|p1a: Great Tusk|Protosynthesis|[silent]
|switch|p1a: Typhlosion|Typhlosion-Hisui, F|100/100
|-item|p2a: Landorus|Assault Vest|[from] ability: Frisk|[of] p1a: Typhlosion|[identify]
|move|p2a: Landorus|Fly||[still]
|-prepare|p2a: Landorus|Fly
|
|upkeep
|turn|7
|
|t:|1685893928
|-terastallize|p1a: Typhlosion|Fire
|move|p1a: Typhlosion|Eruption|p2a: Landorus|[miss]
|-miss|p1a: Typhlosion|p2a: Landorus
|move|p2a: Landorus|Fly|p1a: Typhlosion|[from]lockedmove
|-damage|p1a: Typhlosion|25/100
|
|upkeep
|turn|8
|inactive|Fquak has 120 seconds left.
|c|☆Fquak|how eruption miss
|
|t:|1685893971
|move|p1a: Typhlosion|Eruption|p2a: Landorus
|-damage|p2a: Landorus|45/100
|move|p2a: Landorus|Earthquake|p1a: Typhlosion
|-supereffective|p1a: Typhlosion
|-damage|p1a: Typhlosion|0 fnt
|faint|p1a: Typhlosion
|
|upkeep
|c|☆Fquak|how eruption miss
|inactive|Fquak has 90 seconds left.
|
|t:|1685894007
|switch|p1a: Chien-Pao|Chien-Pao|100/100
|-ability|p1a: Chien-Pao|Sword of Ruin
|turn|9
|
|t:|1685894019
|move|p1a: Chien-Pao|Ice Shard|p2a: Landorus
|-supereffective|p2a: Landorus
|-damage|p2a: Landorus|0 fnt
|faint|p2a: Landorus
|
|upkeep
|
|t:|1685894027
|switch|p2a: Azumarill|Azumarill, M|100/100
|turn|10
|
|t:|1685894034
|move|p1a: Chien-Pao|Crunch|p2a: Azumarill
|-resisted|p2a: Azumarill
|-damage|p2a: Azumarill|76/100
|move|p2a: Azumarill|Liquidation|p1a: Chien-Pao
|-damage|p1a: Chien-Pao|32/100
|
|upkeep
|turn|11
|
|t:|1685894041
|move|p1a: Chien-Pao|Crunch|p2a: Azumarill
|-resisted|p2a: Azumarill
|-damage|p2a: Azumarill|50/100
|-enditem|p2a: Azumarill|Sitrus Berry|[eat]
|-heal|p2a: Azumarill|75/100|[from] item: Sitrus Berry
|move|p2a: Azumarill|Belly Drum|p2a: Azumarill
|-damage|p2a: Azumarill|25/100
|-setboost|p2a: Azumarill|atk|6|[from] move: Belly Drum
|
|upkeep
|turn|12
|
|t:|1685894049
|move|p1a: Chien-Pao|Ice Shard|p2a: Azumarill
|-resisted|p2a: Azumarill
|-damage|p2a: Azumarill|13/100
|move|p2a: Azumarill|Aqua Jet|p1a: Chien-Pao
|-damage|p1a: Chien-Pao|0 fnt
|faint|p1a: Chien-Pao
|
|upkeep
|
|t:|1685894054
|switch|p1a: Sneasler|Sneasler, M|100/100
|turn|13
|inactive|Fquak has 120 seconds left.
|
|t:|1685894059
|move|p2a: Azumarill|Aqua Jet|p1a: Sneasler
|-enditem|p1a: Sneasler|Focus Sash
|-damage|p1a: Sneasler|1/100
|move|p1a: Sneasler|Dire Claw|p2a: Azumarill
|-supereffective|p2a: Azumarill
|-damage|p2a: Azumarill|0 fnt
|faint|p2a: Azumarill
|
|upkeep
|
|t:|1685894070
|switch|p2a: Skeledirge|Skeledirge, F|100/100
|turn|14
|
|t:|1685894078
|move|p1a: Sneasler|Shadow Claw|p2a: Skeledirge
|-supereffective|p2a: Skeledirge
|-damage|p2a: Skeledirge|61/100
|move|p2a: Skeledirge|Torch Song|p1a: Sneasler
|-damage|p1a: Sneasler|0 fnt
|-boost|p2a: Skeledirge|spa|1
|faint|p1a: Sneasler
|
|upkeep
|
|t:|1685894081
|switch|p1a: Great Tusk|Great Tusk|100/100
|turn|15
|
|t:|1685894086
|move|p1a: Great Tusk|Headlong Rush|p2a: Skeledirge
|-supereffective|p2a: Skeledirge
|-damage|p2a: Skeledirge|0 fnt
|-unboost|p1a: Great Tusk|def|1
|-unboost|p1a: Great Tusk|spd|1
|faint|p2a: Skeledirge
|
|upkeep
|
|t:|1685894094
|switch|p2a: Zamazenta|Zamazenta-Crowned|49/100
|turn|16
|
|t:|1685894108
|move|p2a: Zamazenta|Close Combat|p1a: Great Tusk
|-damage|p1a: Great Tusk|40/100
|-unboost|p2a: Zamazenta|def|1
|-unboost|p2a: Zamazenta|spd|1
|move|p1a: Great Tusk|Headlong Rush|p2a: Zamazenta
|-supereffective|p2a: Zamazenta
|-damage|p2a: Zamazenta|0 fnt
|-unboost|p1a: Great Tusk|def|1
|-unboost|p1a: Great Tusk|spd|1
|faint|p2a: Zamazenta
|
|upkeep
|
|t:|1685894121
|switch|p2a: Garganacl|Garganacl, M|100/100
|turn|17
|
|t:|1685894126
|-terastallize|p2a: Garganacl|Ghost
|move|p1a: Great Tusk|Close Combat|p2a: Garganacl
|-immune|p2a: Garganacl
|move|p2a: Garganacl|Salt Cure|p1a: Great Tusk
|-resisted|p1a: Great Tusk
|-damage|p1a: Great Tusk|36/100
|-start|p1a: Great Tusk|Salt Cure
|
|-damage|p1a: Great Tusk|23/100|[from] Salt Cure
|upkeep
|turn|18
|
|t:|1685894136
|move|p2a: Garganacl|Protect|p2a: Garganacl
|-singleturn|p2a: Garganacl|Protect
|move|p1a: Great Tusk|Headlong Rush|p2a: Garganacl
|-activate|p2a: Garganacl|move: Protect
|
|-damage|p1a: Great Tusk|11/100|[from] Salt Cure
|upkeep
|turn|19
|c|☆EmilerYS|GG
|
|t:|1685894145
|move|p1a: Great Tusk|Headlong Rush|p2a: Garganacl
|-damage|p2a: Garganacl|59/100
|-unboost|p1a: Great Tusk|def|1
|-unboost|p1a: Great Tusk|spd|1
|move|p2a: Garganacl|Recover|p2a: Garganacl
|-heal|p2a: Garganacl|100/100
|
|-damage|p1a: Great Tusk|0 fnt|[from] Salt Cure
|faint|p1a: Great Tusk
|-end|p1a: Great Tusk|Protosynthesis|[silent]
|
|win|EmilerYS
|upkeep
|raw|Fquak's rating: 1183 → 1157(-26 for losing)
|raw|EmilerYS's rating: 1169 → 1195(+26 for winning)
|c|☆Fquak|gg
|c|☆Fquak|how eruption miss
|c|☆Fquak|?
