|j|☆rosko2020
|j|☆MooeyM2
|t:|1685822251
|gametype|singles
|player|p1|rosko2020|crasherwake|1142
|player|p2|MooeyM2|266|1207
|teamsize|p1|6
|teamsize|p2|6
|gen|9
|tier|[Gen 9] OU
|rated|
|rule|Sleep Clause Mod: Limit one foe put to sleep
|rule|Species Clause: Limit one of each Pokémon
|rule|OHKO Clause: OHKO moves are banned
|rule|Evasion Items Clause: Evasion items are banned
|rule|Evasion Moves Clause: Evasion moves are banned
|rule|Endless Battle Clause: Forcing endless battles is banned
|rule|HP Percentage Mod: HP is shown in percentages
|clearpoke
|poke|p1|Pelipper, M|
|poke|p1|Barraskewda, F|
|poke|p1|Alomomola, M|
|poke|p1|Landorus-Therian, M|
|poke|p1|Kilowattrel, M|
|poke|p1|Thundurus, M|
|poke|p2|Dragapult, F|
|poke|p2|Chien-Pao|
|poke|p2|Garganacl, F|
|poke|p2|Landorus-Therian, M|
|poke|p2|Volcarona, M|
|poke|p2|Rotom-Wash|
|teampreview
|inactive|Battle timer is ON: inactive players will automatically lose when time's up. (requested by rosko2020)
|
|t:|1685822266
|start
|switch|p1a: Pelipper|Pelipper, M|100/100
|switch|p2a: Dragapult|Dragapult, F|100/100
|-weather|RainDance|[from] ability: Drizzle|[of] p1a: Pelipper
|turn|1
|
|t:|1685822278
|switch|p1a: Landorus|Landorus-Therian, M|100/100
|-ability|p1a: Landorus|Intimidate|boost
|-fail|p2a: Dragapult|unboost|[from] ability: Clear Body|[of] p2a: Dragapult
|move|p2a: Dragapult|Light Screen|p2a: Dragapult
|-sidestart|p2: MooeyM2|move: Light Screen
|
|-weather|RainDance|[upkeep]
|upkeep
|turn|2
|
|t:|1685822286
|move|p2a: Dragapult|Reflect|p2a: Dragapult
|-sidestart|p2: MooeyM2|Reflect
|move|p1a: Landorus|Sandsear Storm|p2a: Dragapult
|-damage|p2a: Dragapult|84/100
|
|-weather|RainDance|[upkeep]
|upkeep
|turn|3
|
|t:|1685822294
|switch|p2a: Garganacl|Garganacl, F|100/100
|move|p1a: Landorus|Taunt|p2a: Garganacl
|-start|p2a: Garganacl|move: Taunt
|
|-weather|RainDance|[upkeep]
|upkeep
|turn|4
|
|t:|1685822299
|move|p1a: Landorus|Sandsear Storm|p2a: Garganacl
|-supereffective|p2a: Garganacl
|-damage|p2a: Garganacl|70/100
|move|p2a: Garganacl|Salt Cure|p1a: Landorus
|-damage|p1a: Landorus|89/100
|-start|p1a: Landorus|Salt Cure
|
|-weather|RainDance|[upkeep]
|-heal|p2a: Garganacl|76/100|[from] item: Leftovers
|-damage|p1a: Landorus|77/100|[from] Salt Cure
|upkeep
|turn|5
|
|t:|1685822313
|switch|p1a: Kilowattrel|Kilowattrel, M|100/100
|switch|p2a: Landorus|Landorus-Therian, M|100/100
|-ability|p2a: Landorus|Intimidate|boost
|-unboost|p1a: Kilowattrel|atk|1
|
|-weather|RainDance|[upkeep]
|upkeep
|turn|6
|
|t:|1685822322
|move|p2a: Landorus|Stone Edge|p1a: Kilowattrel|[miss]
|-miss|p2a: Landorus|p1a: Kilowattrel
|move|p1a: Kilowattrel|Weather Ball|p2a: Landorus
|-supereffective|p2a: Landorus
|-damage|p2a: Landorus|44/100
|
|-weather|RainDance|[upkeep]
|upkeep
|turn|7
|
|t:|1685822332
|switch|p2a: Garganacl|Garganacl, F|76/100
|switch|p1a: Alomomola|Alomomola, M|100/100
|
|-weather|RainDance|[upkeep]
|-heal|p2a: Garganacl|82/100|[from] item: Leftovers
|upkeep
|turn|8
|
|t:|1685822344
|move|p2a: Garganacl|Protect|p2a: Garganacl
|-singleturn|p2a: Garganacl|Protect
|move|p1a: Alomomola|Surf|p2a: Garganacl
|-activate|p2a: Garganacl|move: Protect
|
|-weather|none
|-heal|p2a: Garganacl|88/100|[from] item: Leftovers
|-sideend|p2: MooeyM2|move: Light Screen
|upkeep
|turn|9
|
|t:|1685822352
|switch|p1a: Pelipper|Pelipper, M|100/100
|-weather|RainDance|[from] ability: Drizzle|[of] p1a: Pelipper
|-terastallize|p2a: Garganacl|Ghost
|move|p2a: Garganacl|Salt Cure|p1a: Pelipper
|-supereffective|p1a: Pelipper
|-damage|p1a: Pelipper|74/100
|-start|p1a: Pelipper|Salt Cure
|
|-weather|RainDance|[upkeep]
|-heal|p2a: Garganacl|95/100|[from] item: Leftovers
|-damage|p1a: Pelipper|49/100|[from] Salt Cure
|-sideend|p2: MooeyM2|Reflect
|upkeep
|turn|10
|
|t:|1685822365
|move|p1a: Pelipper|Roost|p1a: Pelipper
|-heal|p1a: Pelipper|99/100
|-singleturn|p1a: Pelipper|move: Roost
|move|p2a: Garganacl|Stealth Rock|p1a: Pelipper
|-sidestart|p1: rosko2020|move: Stealth Rock
|
|-weather|RainDance|[upkeep]
|-heal|p2a: Garganacl|100/100|[from] item: Leftovers
|-damage|p1a: Pelipper|74/100|[from] Salt Cure
|upkeep
|turn|11
|
|t:|1685822374
|switch|p1a: Thundurus|Thundurus, M|100/100
|-damage|p1a: Thundurus|76/100|[from] Stealth Rock
|move|p2a: Garganacl|Salt Cure|p1a: Thundurus
|-supereffective|p1a: Thundurus
|-damage|p1a: Thundurus|33/100
|-start|p1a: Thundurus|Salt Cure
|
|-weather|RainDance|[upkeep]
|-heal|p1a: Thundurus|39/100|[from] item: Leftovers
|-damage|p1a: Thundurus|27/100|[from] Salt Cure
|upkeep
|turn|12
|
|t:|1685822385
|move|p2a: Garganacl|Protect|p2a: Garganacl
|-singleturn|p2a: Garganacl|Protect
|move|p1a: Thundurus|Wildbolt Storm|p2a: Garganacl
|-activate|p2a: Garganacl|move: Protect
|
|-weather|RainDance|[upkeep]
|-heal|p1a: Thundurus|33/100|[from] item: Leftovers
|-damage|p1a: Thundurus|20/100|[from] Salt Cure
|upkeep
|turn|13
|
|t:|1685822395
|switch|p1a: Kilowattrel|Kilowattrel, M|100/100
|move|p2a: Garganacl|Salt Cure|p1a: Kilowattrel
|-supereffective|p1a: Kilowattrel
|-damage|p1a: Kilowattrel|53/100
|-start|p1a: Kilowattrel|Salt Cure
|
|-weather|RainDance|[upkeep]
|-damage|p1a: Kilowattrel|40/100|[from] Salt Cure
|upkeep
|turn|14
|
|t:|1685822404
|move|p1a: Kilowattrel|Thunder|p2a: Garganacl
|-damage|p2a: Garganacl|54/100
|move|p2a: Garganacl|Salt Cure|p1a: Kilowattrel
|-supereffective|p1a: Kilowattrel
|-damage|p1a: Kilowattrel|0 fnt
|faint|p1a: Kilowattrel
|
|-weather|RainDance|[upkeep]
|-heal|p2a: Garganacl|60/100|[from] item: Leftovers
|upkeep
|
|t:|1685822410
|switch|p1a: Barraskewda|Barraskewda, F, shiny|100/100
|-damage|p1a: Barraskewda|88/100|[from] Stealth Rock
|turn|15
|
|t:|1685822414
|move|p2a: Garganacl|Protect|p2a: Garganacl
|-singleturn|p2a: Garganacl|Protect
|move|p1a: Barraskewda|Crunch|p2a: Garganacl
|-activate|p2a: Garganacl|move: Protect
|
|-weather|RainDance|[upkeep]
|-heal|p2a: Garganacl|67/100|[from] item: Leftovers
|upkeep
|turn|16
|
|t:|1685822420
|switch|p2a: Landorus|Landorus-Therian, M|44/100
|-ability|p2a: Landorus|Intimidate|boost
|-unboost|p1a: Barraskewda|atk|1
|move|p1a: Barraskewda|Crunch|p2a: Landorus
|-damage|p2a: Landorus|8/100
|
|-weather|none
|upkeep
|turn|17
|
|t:|1685822428
|switch|p1a: Landorus|Landorus-Therian, M|77/100
|-damage|p1a: Landorus|65/100|[from] Stealth Rock
|-ability|p1a: Landorus|Intimidate|boost
|-unboost|p2a: Landorus|atk|1
|move|p2a: Landorus|U-turn|p1a: Landorus
|-resisted|p1a: Landorus
|-damage|p1a: Landorus|58/100
|-damage|p2a: Landorus|0 fnt|[from] item: Rocky Helmet|[of] p1a: Landorus
|faint|p2a: Landorus
|
|upkeep
|
|t:|1685822438
|switch|p2a: Garganacl|Garganacl, F, tera:Ghost|67/100
|turn|18
|
|t:|1685822448
|move|p1a: Landorus|U-turn|p2a: Garganacl
|-resisted|p2a: Garganacl
|-damage|p2a: Garganacl|61/100
|
|t:|1685822451
|switch|p1a: Pelipper|Pelipper, M|74/100|[from] U-turn
|-damage|p1a: Pelipper|49/100|[from] Stealth Rock
|-weather|RainDance|[from] ability: Drizzle|[of] p1a: Pelipper
|move|p2a: Garganacl|Salt Cure|p1a: Pelipper
|-supereffective|p1a: Pelipper
|-damage|p1a: Pelipper|21/100
|-start|p1a: Pelipper|Salt Cure
|
|-weather|RainDance|[upkeep]
|-heal|p2a: Garganacl|68/100|[from] item: Leftovers
|-damage|p1a: Pelipper|0 fnt|[from] Salt Cure
|faint|p1a: Pelipper
|upkeep
|
|t:|1685822454
|switch|p1a: Barraskewda|Barraskewda, F, shiny|88/100
|-damage|p1a: Barraskewda|75/100|[from] Stealth Rock
|turn|19
|
|t:|1685822469
|move|p2a: Garganacl|Protect|p2a: Garganacl
|-singleturn|p2a: Garganacl|Protect
|move|p1a: Barraskewda|Crunch|p2a: Garganacl
|-activate|p2a: Garganacl|move: Protect
|
|-weather|RainDance|[upkeep]
|-heal|p2a: Garganacl|74/100|[from] item: Leftovers
|upkeep
|turn|20
|
|t:|1685822476
|switch|p2a: Dragapult|Dragapult, F|84/100
|move|p1a: Barraskewda|Crunch|p2a: Dragapult
|-supereffective|p2a: Dragapult
|-damage|p2a: Dragapult|0 fnt
|faint|p2a: Dragapult
|
|-weather|RainDance|[upkeep]
|upkeep
|
|t:|1685822479
|switch|p2a: Chien-Pao|Chien-Pao|100/100
|-ability|p2a: Chien-Pao|Sword of Ruin
|turn|21
|
|t:|1685822491
|switch|p1a: Alomomola|Alomomola, M|100/100
|-damage|p1a: Alomomola|88/100|[from] Stealth Rock
|move|p2a: Chien-Pao|Icicle Crash|p1a: Alomomola
|-resisted|p1a: Alomomola
|-damage|p1a: Alomomola|65/100
|
|-weather|RainDance|[upkeep]
|-heal|p1a: Alomomola|71/100|[from] item: Leftovers
|upkeep
|turn|22
|
|t:|1685822499
|switch|p2a: Garganacl|Garganacl, F, tera:Ghost|74/100
|move|p1a: Alomomola|Surf|p2a: Garganacl
|-damage|p2a: Garganacl|54/100
|
|-weather|RainDance|[upkeep]
|-heal|p1a: Alomomola|77/100|[from] item: Leftovers
|-heal|p2a: Garganacl|60/100|[from] item: Leftovers
|upkeep
|turn|23
|
|t:|1685822511
|move|p1a: Alomomola|Calm Mind|p1a: Alomomola
|-boost|p1a: Alomomola|spa|1
|-boost|p1a: Alomomola|spd|1
|move|p2a: Garganacl|Salt Cure|p1a: Alomomola
|-damage|p1a: Alomomola|69/100
|-start|p1a: Alomomola|Salt Cure
|
|-weather|RainDance|[upkeep]
|-heal|p1a: Alomomola|75/100|[from] item: Leftovers
|-heal|p2a: Garganacl|67/100|[from] item: Leftovers
|-damage|p1a: Alomomola|50/100|[from] Salt Cure
|upkeep
|turn|24
|
|t:|1685822523
|move|p2a: Garganacl|Protect|p2a: Garganacl
|-singleturn|p2a: Garganacl|Protect
|move|p1a: Alomomola|Calm Mind|p1a: Alomomola
|-boost|p1a: Alomomola|spa|1
|-boost|p1a: Alomomola|spd|1
|
|-weather|RainDance|[upkeep]
|-heal|p1a: Alomomola|56/100|[from] item: Leftovers
|-heal|p2a: Garganacl|73/100|[from] item: Leftovers
|-damage|p1a: Alomomola|32/100|[from] Salt Cure
|upkeep
|turn|25
|
|t:|1685822534
|move|p1a: Alomomola|Surf|p2a: Garganacl
|-damage|p2a: Garganacl|32/100
|move|p2a: Garganacl|Salt Cure|p1a: Alomomola
|-damage|p1a: Alomomola|23/100
|
|-weather|none
|-heal|p1a: Alomomola|29/100|[from] item: Leftovers
|-heal|p2a: Garganacl|39/100|[from] item: Leftovers
|-damage|p1a: Alomomola|4/100|[from] Salt Cure
|upkeep
|turn|26
|
|t:|1685822540
|switch|p1a: Landorus|Landorus-Therian, M|58/100
|-damage|p1a: Landorus|46/100|[from] Stealth Rock
|-ability|p1a: Landorus|Intimidate|boost
|-unboost|p2a: Garganacl|atk|1
|move|p2a: Garganacl|Protect||[still]
|-fail|p2a: Garganacl
|
|-heal|p2a: Garganacl|45/100|[from] item: Leftovers
|upkeep
|turn|27
|
|t:|1685822550
|switch|p2a: Rotom|Rotom-Wash|100/100
|move|p1a: Landorus|Stealth Rock|p2a: Rotom
|-sidestart|p2: MooeyM2|move: Stealth Rock
|
|upkeep
|turn|28
|
|t:|1685822559
|switch|p1a: Alomomola|Alomomola, M|38/100
|-damage|p1a: Alomomola|25/100|[from] Stealth Rock
|move|p2a: Rotom|Hydro Pump|p1a: Alomomola|[miss]
|-miss|p2a: Rotom|p1a: Alomomola
|
|-heal|p1a: Alomomola|31/100|[from] item: Leftovers
|upkeep
|turn|29
|
|t:|1685822569
|switch|p1a: Landorus|Landorus-Therian, M|46/100
|-damage|p1a: Landorus|33/100|[from] Stealth Rock
|-ability|p1a: Landorus|Intimidate|boost
|-unboost|p2a: Rotom|atk|1
|move|p2a: Rotom|Volt Switch|p1a: Landorus
|-immune|p1a: Landorus
|
|upkeep
|turn|30
|
|t:|1685822572
|move|p2a: Rotom|Volt Switch|p1a: Landorus
|-immune|p1a: Landorus
|move|p1a: Landorus|Taunt|p2a: Rotom
|-start|p2a: Rotom|move: Taunt
|
|upkeep
|turn|31
|
|t:|1685822580
|move|p2a: Rotom|Hydro Pump|p1a: Landorus
|-supereffective|p1a: Landorus
|-damage|p1a: Landorus|0 fnt
|faint|p1a: Landorus
|
|upkeep
|
|t:|1685822582
|switch|p1a: Barraskewda|Barraskewda, F, shiny|75/100
|-damage|p1a: Barraskewda|63/100|[from] Stealth Rock
|turn|32
|
|t:|1685822592
|move|p1a: Barraskewda|Crunch|p2a: Rotom
|-crit|p2a: Rotom
|-damage|p2a: Rotom|5/100
|-unboost|p2a: Rotom|def|1
|-damage|p1a: Barraskewda|46/100|[from] item: Rocky Helmet|[of] p2a: Rotom
|move|p2a: Rotom|Discharge|p1a: Barraskewda
|-supereffective|p1a: Barraskewda
|-damage|p1a: Barraskewda|0 fnt
|faint|p1a: Barraskewda
|
|upkeep
|
|t:|1685822599
|switch|p1a: Thundurus|Thundurus, M|20/100
|-damage|p1a: Thundurus|0 fnt|[from] Stealth Rock
|faint|p1a: Thundurus
|
|t:|1685822600
|switch|p1a: Alomomola|Alomomola, M|65/100
|-damage|p1a: Alomomola|52/100|[from] Stealth Rock
|turn|33
|
|t:|1685822606
|-terastallize|p1a: Alomomola|Grass
|move|p2a: Rotom|Discharge|p1a: Alomomola
|-resisted|p1a: Alomomola
|-damage|p1a: Alomomola|32/100
|move|p1a: Alomomola|Surf|p2a: Rotom
|-resisted|p2a: Rotom
|-damage|p2a: Rotom|0 fnt
|faint|p2a: Rotom
|
|-heal|p1a: Alomomola|38/100|[from] item: Leftovers
|upkeep
|
|t:|1685822610
|switch|p2a: Chien-Pao|Chien-Pao|100/100
|-damage|p2a: Chien-Pao|76/100|[from] Stealth Rock
|-ability|p2a: Chien-Pao|Sword of Ruin
|turn|34
|
|t:|1685822615
|move|p2a: Chien-Pao|Crunch|p1a: Alomomola
|-damage|p1a: Alomomola|0 fnt
|faint|p1a: Alomomola
|
|win|MooeyM2
|raw|rosko2020's rating: 1142 → 1122(-20 for losing)
|raw|MooeyM2's rating: 1207 → 1227(+20 for winning)
|l|☆rosko2020
