|j|☆RggV
|j|☆JackoEk11
|t:|1685642605
|gametype|singles
|player|p1|RggV|169|1939
|player|p2|JackoEk11|cynthia-gen4|2028
|teamsize|p1|6
|teamsize|p2|6
|gen|9
|tier|[Gen 9] OU
|rated|
|rule|Sleep Clause Mod: Limit one foe put to sleep
|rule|Species Clause: Limit one of each Pokémon
|rule|OHKO Clause: OHKO moves are banned
|rule|Evasion Items Clause: Evasion items are banned
|rule|Evasion Moves Clause: Evasion moves are banned
|rule|Endless Battle Clause: Forcing endless battles is banned
|rule|HP Percentage Mod: HP is shown in percentages
|clearpoke
|poke|p1|Magearna|
|poke|p1|Sneasler, F|
|poke|p1|Dragapult, M|
|poke|p1|Zamazenta-*|
|poke|p1|Volcarona, M|
|poke|p1|Ursaluna, M|
|poke|p2|Urshifu-*, M|
|poke|p2|Magearna|
|poke|p2|Slowking-Galar, F|
|poke|p2|Corviknight, M|
|poke|p2|Great Tusk|
|poke|p2|Dragapult, M|
|teampreview
|j| milkcoffee21
|j| dumbfak
|j| Stantler is Uber
|
|t:|1685642623
|start
|switch|p1a: Magearna|Magearna|100/100
|switch|p2a: Lando WHO?|Great Tusk|100/100
|turn|1
|j| kenshiro33
|
|t:|1685642630
|-end|p2a: Lando WHO?|Protosynthesis|[silent]
|switch|p2a: A bit slow...|Slowking-Galar, F|100/100
|switch|p1a: Zamazenta|Zamazenta|100/100
|-ability|p1a: Zamazenta|Dauntless Shield|boost
|-boost|p1a: Zamazenta|def|1
|
|upkeep
|turn|2
|
|t:|1685642634
|move|p1a: Zamazenta|Crunch|p2a: A bit slow...
|-supereffective|p2a: A bit slow...
|-damage|p2a: A bit slow...|52/100
|move|p2a: A bit slow...|Sludge Bomb|p1a: Zamazenta
|-damage|p1a: Zamazenta|66/100
|
|-heal|p1a: Zamazenta|72/100|[from] item: Leftovers
|upkeep
|turn|3
|j| Jontrendline
|
|t:|1685642642
|switch|p2a: CORVID-19|Corviknight, M|100/100
|-ability|p2a: CORVID-19|Pressure
|move|p1a: Zamazenta|Iron Defense|p1a: Zamazenta
|-boost|p1a: Zamazenta|def|2
|
|-heal|p1a: Zamazenta|79/100|[from] item: Leftovers
|upkeep
|turn|4
|j| Zombini62
|
|t:|1685642649
|move|p1a: Zamazenta|Body Press|p2a: CORVID-19
|-damage|p2a: CORVID-19|48/100
|-damage|p1a: Zamazenta|62/100|[from] item: Rocky Helmet|[of] p2a: CORVID-19
|move|p2a: CORVID-19|U-turn|p1a: Zamazenta
|-resisted|p1a: Zamazenta
|-damage|p1a: Zamazenta|60/100
|
|t:|1685642655
|switch|p2a: CPS|Dragapult, M|100/100|[from] U-turn
|
|-heal|p1a: Zamazenta|66/100|[from] item: Leftovers
|upkeep
|turn|5
|
|t:|1685642659
|switch|p1a: Magearna|Magearna|100/100
|move|p2a: CPS|Draco Meteor|p1a: Magearna
|-immune|p1a: Magearna
|
|upkeep
|turn|6
|
|t:|1685642670
|switch|p2a: A bit slow...|Slowking-Galar, F|85/100
|move|p1a: Magearna|Shift Gear|p1a: Magearna
|-boost|p1a: Magearna|spe|2
|-boost|p1a: Magearna|atk|1
|
|upkeep
|turn|7
|l| milkcoffee21
|
|t:|1685642675
|move|p1a: Magearna|Calm Mind|p1a: Magearna
|-boost|p1a: Magearna|spa|1
|-boost|p1a: Magearna|spd|1
|move|p2a: A bit slow...|Flamethrower|p1a: Magearna
|-supereffective|p1a: Magearna
|-damage|p1a: Magearna|67/100
|
|-heal|p1a: Magearna|73/100|[from] item: Leftovers
|upkeep
|turn|8
|
|t:|1685642677
|move|p1a: Magearna|Calm Mind|p1a: Magearna
|-boost|p1a: Magearna|spa|1
|-boost|p1a: Magearna|spd|1
|move|p2a: A bit slow...|Earthquake|p1a: Magearna
|-supereffective|p1a: Magearna
|-damage|p1a: Magearna|40/100
|
|-heal|p1a: Magearna|46/100|[from] item: Leftovers
|upkeep
|turn|9
|
|t:|1685642681
|move|p1a: Magearna|Stored Power|p2a: A bit slow...
|-damage|p2a: A bit slow...|38/100
|move|p2a: A bit slow...|Earthquake|p1a: Magearna
|-supereffective|p1a: Magearna
|-damage|p1a: Magearna|15/100
|
|-heal|p1a: Magearna|21/100|[from] item: Leftovers
|upkeep
|turn|10
|j| llllllllili
|j| IndeedyReedy
|
|t:|1685642701
|move|p1a: Magearna|Stored Power|p2a: A bit slow...
|-damage|p2a: A bit slow...|0 fnt
|faint|p2a: A bit slow...
|-ability|p1a: Magearna|Soul-Heart|boost
|-boost|p1a: Magearna|spa|1
|
|-heal|p1a: Magearna|27/100|[from] item: Leftovers
|upkeep
|j| oRinNeGa7V1
|
|t:|1685642703
|switch|p2a: Po|Urshifu-Rapid-Strike, M|100/100
|turn|11
|
|t:|1685642707
|move|p2a: Po|Aqua Jet|p1a: Magearna
|-damage|p1a: Magearna|0 fnt
|faint|p1a: Magearna
|
|upkeep
|j| DevilishGreg
|
|t:|1685642718
|switch|p1a: Dragapult|Dragapult, M|100/100
|turn|12
|
|t:|1685642721
|switch|p2a: Ban Hammer|Magearna|100/100
|move|p1a: Dragapult|Will-O-Wisp|p2a: Ban Hammer
|-status|p2a: Ban Hammer|brn
|
|-damage|p2a: Ban Hammer|94/100 brn|[from] brn
|upkeep
|turn|13
|
|t:|1685642726
|move|p1a: Dragapult|Light Screen|p1a: Dragapult
|-sidestart|p1: RggV|move: Light Screen
|move|p2a: Ban Hammer|Shift Gear|p2a: Ban Hammer
|-boost|p2a: Ban Hammer|spe|2
|-boost|p2a: Ban Hammer|atk|1
|
|-heal|p2a: Ban Hammer|100/100 brn|[from] item: Leftovers
|-damage|p2a: Ban Hammer|94/100 brn|[from] brn
|upkeep
|turn|14
|
|t:|1685642731
|move|p2a: Ban Hammer|Calm Mind|p2a: Ban Hammer
|-boost|p2a: Ban Hammer|spa|1
|-boost|p2a: Ban Hammer|spd|1
|move|p1a: Dragapult|Curse|p2a: Ban Hammer
|-start|p2a: Ban Hammer|Curse|[of] p1a: Dragapult
|-damage|p1a: Dragapult|50/100
|
|-heal|p2a: Ban Hammer|100/100 brn|[from] item: Leftovers
|-damage|p2a: Ban Hammer|94/100 brn|[from] brn
|-damage|p2a: Ban Hammer|69/100 brn|[from] Curse
|upkeep
|turn|15
|
|t:|1685642735
|move|p2a: Ban Hammer|Draining Kiss|p1a: Dragapult
|-supereffective|p1a: Dragapult
|-crit|p1a: Dragapult
|-damage|p1a: Dragapult|0 fnt
|-heal|p2a: Ban Hammer|100/100 brn|[from] drain|[of] p1a: Dragapult
|faint|p1a: Dragapult
|-ability|p2a: Ban Hammer|Soul-Heart|boost
|-boost|p2a: Ban Hammer|spa|1
|
|-damage|p2a: Ban Hammer|94/100 brn|[from] brn
|-damage|p2a: Ban Hammer|69/100 brn|[from] Curse
|upkeep
|
|t:|1685642743
|switch|p1a: Volcarona|Volcarona, M|100/100
|turn|16
|
|t:|1685642756
|move|p2a: Ban Hammer|Stored Power|p1a: Volcarona
|-damage|p1a: Volcarona|60/100
|move|p1a: Volcarona|Quiver Dance|p1a: Volcarona
|-boost|p1a: Volcarona|spa|1
|-boost|p1a: Volcarona|spd|1
|-boost|p1a: Volcarona|spe|1
|
|-heal|p2a: Ban Hammer|75/100 brn|[from] item: Leftovers
|-damage|p2a: Ban Hammer|69/100 brn|[from] brn
|-damage|p2a: Ban Hammer|44/100 brn|[from] Curse
|upkeep
|turn|17
|
|t:|1685642761
|move|p1a: Volcarona|Quiver Dance|p1a: Volcarona
|-boost|p1a: Volcarona|spa|1
|-boost|p1a: Volcarona|spd|1
|-boost|p1a: Volcarona|spe|1
|move|p2a: Ban Hammer|Stored Power|p1a: Volcarona
|-damage|p1a: Volcarona|39/100
|
|-heal|p2a: Ban Hammer|50/100 brn|[from] item: Leftovers
|-damage|p2a: Ban Hammer|44/100 brn|[from] brn
|-damage|p2a: Ban Hammer|19/100 brn|[from] Curse
|upkeep
|turn|18
|
|t:|1685642764
|move|p1a: Volcarona|Flamethrower|p2a: Ban Hammer
|-supereffective|p2a: Ban Hammer
|-damage|p2a: Ban Hammer|0 fnt
|faint|p2a: Ban Hammer
|
|upkeep
|
|t:|1685642766
|switch|p2a: Po|Urshifu-Rapid-Strike, M|100/100
|turn|19
|
|t:|1685642777
|-terastallize|p1a: Volcarona|Water
|-terastallize|p2a: Po|Water
|move|p2a: Po|Aqua Jet|p1a: Volcarona
|-resisted|p1a: Volcarona
|-damage|p1a: Volcarona|9/100
|-status|p2a: Po|brn|[from] ability: Flame Body|[of] p1a: Volcarona
|move|p1a: Volcarona|Giga Drain|p2a: Po
|-supereffective|p2a: Po
|-damage|p2a: Po|0 fnt
|-heal|p1a: Volcarona|64/100|[from] drain|[of] p2a: Po
|faint|p2a: Po
|
|upkeep
|
|t:|1685642782
|switch|p2a: CPS|Dragapult, M|100/100
|turn|20
|j| Flxs
|
|t:|1685642785
|move|p1a: Volcarona|Quiver Dance|p1a: Volcarona
|-boost|p1a: Volcarona|spa|1
|-boost|p1a: Volcarona|spd|1
|-boost|p1a: Volcarona|spe|1
|move|p2a: CPS|Draco Meteor|p1a: Volcarona
|-damage|p1a: Volcarona|31/100
|-unboost|p2a: CPS|spa|2
|
|-sideend|p1: RggV|move: Light Screen
|upkeep
|turn|21
|
|t:|1685642788
|move|p1a: Volcarona|Giga Drain|p2a: CPS
|-resisted|p2a: CPS
|-damage|p2a: CPS|52/100
|-heal|p1a: Volcarona|56/100|[from] drain|[of] p2a: CPS
|move|p2a: CPS|Draco Meteor|p1a: Volcarona
|-damage|p1a: Volcarona|37/100
|-unboost|p2a: CPS|spa|2
|
|upkeep
|turn|22
|
|t:|1685642791
|move|p1a: Volcarona|Giga Drain|p2a: CPS
|-resisted|p2a: CPS
|-damage|p2a: CPS|1/100
|-heal|p1a: Volcarona|63/100|[from] drain|[of] p2a: CPS
|move|p2a: CPS|Draco Meteor|p1a: Volcarona
|-damage|p1a: Volcarona|50/100
|-unboost|p2a: CPS|spa|2
|
|upkeep
|turn|23
|-message|JackoEk11 forfeited.
|
|win|RggV
|raw|RggV's rating: 1939 → 1964(+25 for winning)
|raw|JackoEk11's rating: 2028 → 2003(-25 for losing)
|l|☆JackoEk11
|l|☆RggV
|l| llllllllili
|l| Flxs
|l| Stantler is Uber
|l| dumbfak
|l| Jontrendline
|l| oRinNeGa7V1
|j| Jontrendline
