|j|☆Rois_Gamer59
|j|☆Azenty06
|t:|1685863944
|gametype|singles
|player|p1|Rois_Gamer59|1|1154
|player|p2|Azenty06|pokemaniac|1120
|teamsize|p1|6
|teamsize|p2|6
|gen|9
|tier|[Gen 9] OU
|rated|
|rule|Sleep Clause Mod: Limit one foe put to sleep
|rule|Species Clause: Limit one of each Pokémon
|rule|OHKO Clause: OHKO moves are banned
|rule|Evasion Items Clause: Evasion items are banned
|rule|Evasion Moves Clause: Evasion moves are banned
|rule|Endless Battle Clause: Forcing endless battles is banned
|rule|HP Percentage Mod: HP is shown in percentages
|clearpoke
|poke|p1|Grimmsnarl, M|
|poke|p1|Mew|
|poke|p1|Volcarona, M|
|poke|p1|Samurott-Hisui, F|
|poke|p1|Zoroark-Hisui, F|
|poke|p1|Chien-Pao|
|poke|p2|Typhlosion-Hisui, F|
|poke|p2|Zapdos|
|poke|p2|Urshifu-*, F|
|poke|p2|Great Tusk|
|poke|p2|Chien-Pao|
|poke|p2|Landorus-Therian, M|
|teampreview
|inactive|Battle timer is ON: inactive players will automatically lose when time's up. (requested by Azenty06)
|
|t:|1685863966
|start
|switch|p1a: Grimmsnarl|Grimmsnarl, M|100/100
|switch|p2a: Typhlosion|Typhlosion-Hisui, F|100/100
|turn|1
|
|t:|1685863971
|move|p1a: Grimmsnarl|Light Screen|p1a: Grimmsnarl
|-sidestart|p1: Rois_Gamer59|move: Light Screen
|move|p2a: Typhlosion|Eruption|p1a: Grimmsnarl
|-damage|p1a: Grimmsnarl|48/100
|
|upkeep
|turn|2
|
|t:|1685863983
|-terastallize|p2a: Typhlosion|Fire
|move|p1a: Grimmsnarl|Parting Shot|p2a: Typhlosion
|-unboost|p2a: Typhlosion|atk|1
|-unboost|p2a: Typhlosion|spa|1
|
|t:|1685863986
|switch|p1a: Samurott|Samurott-Hisui, F|100/100|[from] Parting Shot
|move|p2a: Typhlosion|Eruption|p1a: Samurott
|-resisted|p1a: Samurott
|-damage|p1a: Samurott|58/100
|
|upkeep
|turn|3
|
|t:|1685863996
|switch|p2a: Zapdos|Zapdos, shiny|100/100
|move|p1a: Samurott|Razor Shell|p2a: Zapdos
|-damage|p2a: Zapdos|46/100
|-unboost|p2a: Zapdos|def|1
|-damage|p1a: Samurott|48/100|[from] item: Life Orb
|
|upkeep
|turn|4
|
|t:|1685864010
|switch|p1a: Grimmsnarl|Grimmsnarl, M|48/100
|move|p2a: Zapdos|Discharge|p1a: Grimmsnarl
|-damage|p1a: Grimmsnarl|30/100
|
|upkeep
|turn|5
|
|t:|1685864016
|move|p1a: Grimmsnarl|Taunt|p2a: Zapdos
|-start|p2a: Zapdos|move: Taunt
|cant|p2a: Zapdos|move: Taunt|Roost
|
|upkeep
|turn|6
|
|t:|1685864023
|move|p1a: Grimmsnarl|Parting Shot|p2a: Zapdos
|-unboost|p2a: Zapdos|atk|1
|-unboost|p2a: Zapdos|spa|1
|
|t:|1685864025
|switch|p1a: Chien-Pao|Chien-Pao|100/100|[from] Parting Shot
|-ability|p1a: Chien-Pao|Sword of Ruin
|move|p2a: Zapdos|Volt Switch|p1a: Chien-Pao
|-damage|p1a: Chien-Pao|86/100
|
|t:|1685864037
|switch|p2a: Chien-Pao|Chien-Pao|100/100|[from] Volt Switch
|-ability|p2a: Chien-Pao|Sword of Ruin
|
|upkeep
|turn|7
|
|t:|1685864049
|switch|p1a: Grimmsnarl|Grimmsnarl, M|100/100
|move|p2a: Chien-Pao|Sacred Sword|p1a: Grimmsnarl
|-immune|p1a: Grimmsnarl
|
|upkeep
|turn|8
|
|t:|1685864064
|move|p2a: Chien-Pao|Crunch|p1a: Grimmsnarl
|-supereffective|p1a: Grimmsnarl
|-damage|p1a: Grimmsnarl|0 fnt
|replace|p1a: Zoroark|Zoroark-Hisui, F
|-end|p1a: Zoroark|Illusion
|faint|p1a: Zoroark
|-damage|p2a: Chien-Pao|91/100|[from] item: Life Orb
|
|-sideend|p1: Rois_Gamer59|move: Light Screen
|upkeep
|
|t:|1685864089
|switch|p1a: Grimmsnarl|Grimmsnarl, M|30/100
|turn|9
|
|t:|1685864104
|move|p1a: Grimmsnarl|Reflect|p1a: Grimmsnarl
|-sidestart|p1: Rois_Gamer59|Reflect
|move|p2a: Chien-Pao|Crunch|p1a: Grimmsnarl
|-resisted|p1a: Grimmsnarl
|-damage|p1a: Grimmsnarl|23/100
|-damage|p2a: Chien-Pao|81/100|[from] item: Life Orb
|
|upkeep
|turn|10
|
|t:|1685864112
|switch|p2a: Zapdos|Zapdos, shiny|46/100
|move|p1a: Grimmsnarl|Light Screen|p1a: Grimmsnarl
|-sidestart|p1: Rois_Gamer59|move: Light Screen
|
|upkeep
|turn|11
|
|t:|1685864117
|move|p1a: Grimmsnarl|Taunt|p2a: Zapdos
|-start|p2a: Zapdos|move: Taunt
|cant|p2a: Zapdos|move: Taunt|Roost
|
|upkeep
|turn|12
|
|t:|1685864121
|move|p1a: Grimmsnarl|Parting Shot|p2a: Zapdos
|-unboost|p2a: Zapdos|atk|1
|-unboost|p2a: Zapdos|spa|1
|
|t:|1685864130
|switch|p1a: Volcarona|Volcarona, M|100/100|[from] Parting Shot
|move|p2a: Zapdos|Volt Switch|p1a: Volcarona
|-damage|p1a: Volcarona|89/100
|
|t:|1685864149
|switch|p2a: Urshifu|Urshifu-Rapid-Strike, F|100/100|[from] Volt Switch
|
|upkeep
|turn|13
|
|t:|1685864155
|-terastallize|p1a: Volcarona|Grass
|move|p2a: Urshifu|Surging Strikes|p1a: Volcarona
|-resisted|p1a: Volcarona
|-crit|p1a: Volcarona
|-damage|p1a: Volcarona|71/100
|-resisted|p1a: Volcarona
|-crit|p1a: Volcarona
|-damage|p1a: Volcarona|53/100
|-resisted|p1a: Volcarona
|-crit|p1a: Volcarona
|-damage|p1a: Volcarona|36/100
|-hitcount|p1a: Volcarona|3
|move|p1a: Volcarona|Quiver Dance|p1a: Volcarona
|-boost|p1a: Volcarona|spa|1
|-boost|p1a: Volcarona|spd|1
|-boost|p1a: Volcarona|spe|1
|
|upkeep
|turn|14
|
|t:|1685864163
|move|p2a: Urshifu|Aqua Jet|p1a: Volcarona
|-resisted|p1a: Volcarona
|-damage|p1a: Volcarona|28/100
|-status|p2a: Urshifu|brn|[from] ability: Flame Body|[of] p1a: Volcarona
|move|p1a: Volcarona|Giga Drain|p2a: Urshifu
|-supereffective|p2a: Urshifu
|-damage|p2a: Urshifu|0 fnt
|-heal|p1a: Volcarona|82/100|[from] drain|[of] p2a: Urshifu
|faint|p2a: Urshifu
|
|upkeep
|
|t:|1685864171
|switch|p2a: Typhlosion|Typhlosion-Hisui, F, tera:Fire|100/100
|turn|15
|
|t:|1685864179
|move|p1a: Volcarona|Quiver Dance|p1a: Volcarona
|-boost|p1a: Volcarona|spa|1
|-boost|p1a: Volcarona|spd|1
|-boost|p1a: Volcarona|spe|1
|move|p2a: Typhlosion|Eruption|p1a: Volcarona
|-supereffective|p1a: Volcarona
|-damage|p1a: Volcarona|1/100
|
|upkeep
|turn|16
|
|t:|1685864194
|switch|p2a: Zapdos|Zapdos, shiny|46/100
|move|p1a: Volcarona|Fiery Dance|p2a: Zapdos
|-damage|p2a: Zapdos|0 fnt
|faint|p2a: Zapdos
|
|-sideend|p1: Rois_Gamer59|Reflect
|upkeep
|
|t:|1685864196
|switch|p2a: Chien-Pao|Chien-Pao|81/100
|-ability|p2a: Chien-Pao|Sword of Ruin
|turn|17
|
|t:|1685864201
|move|p2a: Chien-Pao|Sucker Punch||[still]
|-fail|p2a: Chien-Pao
|move|p1a: Volcarona|Quiver Dance|p1a: Volcarona
|-boost|p1a: Volcarona|spa|1
|-boost|p1a: Volcarona|spd|1
|-boost|p1a: Volcarona|spe|1
|
|-sideend|p1: Rois_Gamer59|move: Light Screen
|upkeep
|turn|18
|
|t:|1685864205
|move|p2a: Chien-Pao|Sucker Punch||[still]
|-fail|p2a: Chien-Pao
|move|p1a: Volcarona|Quiver Dance|p1a: Volcarona
|-boost|p1a: Volcarona|spa|1
|-boost|p1a: Volcarona|spd|1
|-boost|p1a: Volcarona|spe|1
|
|upkeep
|turn|19
|
|t:|1685864210
|move|p2a: Chien-Pao|Sucker Punch||[still]
|-fail|p2a: Chien-Pao
|move|p1a: Volcarona|Quiver Dance|p1a: Volcarona
|-boost|p1a: Volcarona|spa|1
|-boost|p1a: Volcarona|spd|1
|-boost|p1a: Volcarona|spe|1
|
|upkeep
|turn|20
|
|t:|1685864214
|move|p1a: Volcarona|Fiery Dance|p2a: Chien-Pao
|-supereffective|p2a: Chien-Pao
|-damage|p2a: Chien-Pao|0 fnt
|-boost|p1a: Volcarona|spa|1
|faint|p2a: Chien-Pao
|
|upkeep
|c|☆Azenty06|:-:
|
|t:|1685864224
|switch|p2a: Great Tusk|Great Tusk, shiny|100/100
|turn|21
|
|t:|1685864228
|move|p1a: Volcarona|Giga Drain|p2a: Great Tusk
|-supereffective|p2a: Great Tusk
|-damage|p2a: Great Tusk|0 fnt
|-heal|p1a: Volcarona|71/100|[from] drain|[of] p2a: Great Tusk
|faint|p2a: Great Tusk
|-end|p2a: Great Tusk|Protosynthesis|[silent]
|
|upkeep
|-message|Azenty06 forfeited.
|
|win|Rois_Gamer59
|raw|Rois_Gamer59's rating: 1154 → 1177(+23 for winning)
|raw|Azenty06's rating: 1120 → 1097(-23 for losing)
|l|☆Azenty06
