|j|☆kev64
|j|‽IHaveAVPNLockOn
|t:|1685901602
|gametype|singles
|player|p1|kev64|ethan|1684
|player|p2|IHaveAVPNLockOn|102|1581
|teamsize|p1|6
|teamsize|p2|6
|gen|9
|tier|[Gen 9] OU
|rated|
|rule|Sleep Clause Mod: Limit one foe put to sleep
|rule|Species Clause: Limit one of each Pokémon
|rule|OHKO Clause: OHKO moves are banned
|rule|Evasion Items Clause: Evasion items are banned
|rule|Evasion Moves Clause: Evasion moves are banned
|rule|Endless Battle Clause: Forcing endless battles is banned
|rule|HP Percentage Mod: HP is shown in percentages
|clearpoke
|poke|p1|Arcanine-Hisui, M|
|poke|p1|Chien-Pao|
|poke|p1|Samurott-Hisui, M|
|poke|p1|Iron Treads|
|poke|p1|Zapdos-Galar|
|poke|p1|Slowking-Galar, M|
|poke|p2|Samurott-Hisui, F|
|poke|p2|Gholdengo|
|poke|p2|Dragonite, F|
|poke|p2|Great Tusk|
|poke|p2|Chien-Pao|
|poke|p2|Heatran, F|
|teampreview
|inactive|Battle timer is ON: inactive players will automatically lose when time's up. (requested by kev64)
|
|t:|1685901622
|start
|switch|p1a: Samurott|Samurott-Hisui, M|100/100
|switch|p2a: Great Tusk|Great Tusk|100/100
|turn|1
|
|t:|1685901627
|move|p1a: Samurott|Razor Shell|p2a: Great Tusk
|-supereffective|p2a: Great Tusk
|-damage|p2a: Great Tusk|29/100
|-damage|p1a: Samurott|84/100|[from] item: Rocky Helmet|[of] p2a: Great Tusk
|move|p2a: Great Tusk|Earthquake|p1a: Samurott
|-damage|p1a: Samurott|20/100
|
|-heal|p1a: Samurott|26/100|[from] item: Leftovers
|upkeep
|turn|2
|
|t:|1685901637
|move|p1a: Samurott|Ceaseless Edge|p2a: Great Tusk
|-resisted|p2a: Great Tusk
|-damage|p2a: Great Tusk|15/100
|-sidestart|p2: IHaveAVPNLockOn|Spikes
|-damage|p1a: Samurott|9/100|[from] item: Rocky Helmet|[of] p2a: Great Tusk
|move|p2a: Great Tusk|Rapid Spin|p1a: Samurott
|-damage|p1a: Samurott|0 fnt
|-boost|p2a: Great Tusk|spe|1
|-sideend|p2: IHaveAVPNLockOn|Spikes|[from] move: Rapid Spin|[of] p2a: Great Tusk
|faint|p1a: Samurott
|
|upkeep
|
|t:|1685901649
|switch|p1a: Chien-Pao|Chien-Pao|100/100
|-ability|p1a: Chien-Pao|Sword of Ruin
|turn|3
|
|t:|1685901654
|move|p1a: Chien-Pao|Ice Shard|p2a: Great Tusk
|-supereffective|p2a: Great Tusk
|-damage|p2a: Great Tusk|0 fnt
|faint|p2a: Great Tusk
|-end|p2a: Great Tusk|Protosynthesis|[silent]
|
|upkeep
|
|t:|1685901657
|switch|p2a: Samurott|Samurott-Hisui, F|100/100
|turn|4
|
|t:|1685901663
|switch|p1a: Zapdos|Zapdos-Galar|100/100
|move|p2a: Samurott|Ceaseless Edge|p1a: Zapdos
|-resisted|p1a: Zapdos
|-damage|p1a: Zapdos|77/100
|-sidestart|p1: kev64|Spikes
|
|upkeep
|turn|5
|
|t:|1685901673
|move|p1a: Zapdos|U-turn|p2a: Samurott
|-supereffective|p2a: Samurott
|-damage|p2a: Samurott|42/100
|
|t:|1685901677
|switch|p1a: Iron Treads|Iron Treads|100/100|[from] U-turn
|-damage|p1a: Iron Treads|88/100|[from] Spikes
|move|p2a: Samurott|Razor Shell|p1a: Iron Treads
|-supereffective|p1a: Iron Treads
|-damage|p1a: Iron Treads|0 fnt
|faint|p1a: Iron Treads
|-end|p1a: Iron Treads|Quark Drive|[silent]
|
|upkeep
|
|t:|1685901685
|switch|p1a: Zapdos|Zapdos-Galar|77/100
|turn|6
|
|t:|1685901692
|switch|p2a: Gholdengo|Gholdengo|100/100
|-item|p2a: Gholdengo|Air Balloon
|move|p1a: Zapdos|U-turn|p2a: Gholdengo
|-resisted|p2a: Gholdengo
|-damage|p2a: Gholdengo|96/100
|-enditem|p2a: Gholdengo|Air Balloon
|
|t:|1685901708
|switch|p1a: Chien-Pao|Chien-Pao|100/100|[from] U-turn
|-ability|p1a: Chien-Pao|Sword of Ruin
|
|upkeep
|turn|7
|
|t:|1685901711
|switch|p2a: Samurott|Samurott-Hisui, F|42/100
|move|p1a: Chien-Pao|Crunch|p2a: Samurott
|-resisted|p2a: Samurott
|-damage|p2a: Samurott|6/100
|
|upkeep
|turn|8
|
|t:|1685901718
|move|p1a: Chien-Pao|Ice Shard|p2a: Samurott
|-resisted|p2a: Samurott
|-damage|p2a: Samurott|0 fnt
|faint|p2a: Samurott
|
|upkeep
|
|t:|1685901727
|switch|p2a: Chien-Pao|Chien-Pao|100/100
|-ability|p2a: Chien-Pao|Sword of Ruin
|turn|9
|
|t:|1685901731
|switch|p1a: Slowking|Slowking-Galar, M|100/100
|-damage|p1a: Slowking|88/100|[from] Spikes
|move|p2a: Chien-Pao|Sacred Sword|p1a: Slowking
|-resisted|p1a: Slowking
|-damage|p1a: Slowking|73/100
|
|upkeep
|turn|10
|
|t:|1685901735
|switch|p2a: Dragonite|Dragonite, F|100/100
|move|p1a: Slowking|Surf|p2a: Dragonite
|-resisted|p2a: Dragonite
|-damage|p2a: Dragonite|93/100
|
|upkeep
|turn|11
|
|t:|1685901739
|move|p2a: Dragonite|Earthquake|p1a: Slowking
|-supereffective|p1a: Slowking
|-damage|p1a: Slowking|0 fnt
|faint|p1a: Slowking
|
|upkeep
|
|t:|1685901742
|switch|p1a: Chien-Pao|Chien-Pao|100/100
|-ability|p1a: Chien-Pao|Sword of Ruin
|turn|12
|
|t:|1685901754
|move|p2a: Dragonite|Extreme Speed|p1a: Chien-Pao
|-damage|p1a: Chien-Pao|54/100
|move|p1a: Chien-Pao|Crunch|p2a: Dragonite
|-damage|p2a: Dragonite|33/100
|
|upkeep
|turn|13
|
|t:|1685901757
|-terastallize|p2a: Dragonite|Normal
|move|p2a: Dragonite|Extreme Speed|p1a: Chien-Pao
|-damage|p1a: Chien-Pao|0 fnt
|faint|p1a: Chien-Pao
|
|upkeep
|
|t:|1685901761
|switch|p1a: Arcanine|Arcanine-Hisui, M|100/100
|-damage|p1a: Arcanine|88/100|[from] Spikes
|turn|14
|
|t:|1685901765
|switch|p2a: Gholdengo|Gholdengo|96/100
|move|p1a: Arcanine|Head Smash|p2a: Gholdengo
|-resisted|p2a: Gholdengo
|-damage|p2a: Gholdengo|50/100
|
|upkeep
|turn|15
|
|t:|1685901772
|move|p1a: Arcanine|Head Smash|p2a: Gholdengo|[miss]
|-miss|p1a: Arcanine|p2a: Gholdengo
|move|p2a: Gholdengo|Shadow Ball|p1a: Arcanine
|-damage|p1a: Arcanine|37/100
|
|upkeep
|turn|16
|
|t:|1685901775
|move|p1a: Arcanine|Head Smash|p2a: Gholdengo
|-resisted|p2a: Gholdengo
|-damage|p2a: Gholdengo|2/100
|move|p2a: Gholdengo|Recover|p2a: Gholdengo
|-heal|p2a: Gholdengo|52/100
|
|upkeep
|turn|17
|
|t:|1685901779
|move|p1a: Arcanine|Head Smash|p2a: Gholdengo|[miss]
|-miss|p1a: Arcanine|p2a: Gholdengo
|move|p2a: Gholdengo|Recover|p2a: Gholdengo
|-heal|p2a: Gholdengo|100/100
|
|upkeep
|turn|18
|
|t:|1685901781
|switch|p1a: Zapdos|Zapdos-Galar|77/100
|move|p2a: Gholdengo|Nasty Plot|p2a: Gholdengo
|-boost|p2a: Gholdengo|spa|2
|
|upkeep
|turn|19
|-message|kev64 forfeited.
|
|win|IHaveAVPNLockOn
|raw|kev64's rating: 1684 → 1658(-26 for losing)
|raw|IHaveAVPNLockOn's rating: 1581 → 1607(+26 for winning)
|l|☆kev64
