|j|☆Kulbuto
|j|☆Antoooune
|t:|1685887309
|gametype|singles
|player|p1|Kulbuto|policeman|1237
|player|p2|Antoooune|cabbie|1268
|teamsize|p1|6
|teamsize|p2|6
|gen|9
|tier|[Gen 9] OU
|rated|
|rule|Sleep Clause Mod: Limit one foe put to sleep
|rule|Species Clause: Limit one of each Pokémon
|rule|OHKO Clause: OHKO moves are banned
|rule|Evasion Items Clause: Evasion items are banned
|rule|Evasion Moves Clause: Evasion moves are banned
|rule|Endless Battle Clause: Forcing endless battles is banned
|rule|HP Percentage Mod: HP is shown in percentages
|clearpoke
|poke|p1|Zapdos|
|poke|p1|Landorus-Therian, M|
|poke|p1|Dragapult, M|
|poke|p1|Heatran, F|
|poke|p1|Urshifu-*, M|
|poke|p1|Kingambit, M|
|poke|p2|Slowking-Galar, F|
|poke|p2|Magearna|
|poke|p2|Dragapult, F|
|poke|p2|Chien-Pao|
|poke|p2|Great Tusk|
|poke|p2|Lilligant-Hisui, F|
|teampreview
|inactive|Battle timer is ON: inactive players will automatically lose when time's up. (requested by Antoooune)
|
|t:|1685887320
|start
|switch|p1a: Landorus|Landorus-Therian, M|100/100
|switch|p2a: Dragapult|Dragapult, F|100/100
|-ability|p1a: Landorus|Intimidate|boost
|-unboost|p2a: Dragapult|atk|1
|turn|1
|
|t:|1685887330
|switch|p1a: Kingambit|Kingambit, M|100/100
|move|p2a: Dragapult|Draco Meteor|p1a: Kingambit
|-resisted|p1a: Kingambit
|-damage|p1a: Kingambit|59/100
|-unboost|p2a: Dragapult|spa|2
|
|-heal|p1a: Kingambit|65/100|[from] item: Leftovers
|upkeep
|turn|2
|
|t:|1685887343
|switch|p2a: Great Tusk|Great Tusk|100/100
|move|p1a: Kingambit|Swords Dance|p1a: Kingambit
|-boost|p1a: Kingambit|atk|2
|
|-heal|p1a: Kingambit|71/100|[from] item: Leftovers
|upkeep
|turn|3
|
|t:|1685887350
|-terastallize|p1a: Kingambit|Water
|move|p2a: Great Tusk|Knock Off|p1a: Kingambit
|-damage|p1a: Kingambit|50/100
|-enditem|p1a: Kingambit|Leftovers|[from] move: Knock Off|[of] p2a: Great Tusk
|move|p1a: Kingambit|Tera Blast|p2a: Great Tusk
|-supereffective|p2a: Great Tusk
|-damage|p2a: Great Tusk|13/100
|
|-heal|p2a: Great Tusk|19/100|[from] item: Leftovers
|upkeep
|turn|4
|
|t:|1685887362
|move|p2a: Great Tusk|Stealth Rock|p1a: Kingambit
|-sidestart|p1: Kulbuto|move: Stealth Rock
|move|p1a: Kingambit|Tera Blast|p2a: Great Tusk
|-supereffective|p2a: Great Tusk
|-damage|p2a: Great Tusk|0 fnt
|faint|p2a: Great Tusk
|-end|p2a: Great Tusk|Protosynthesis|[silent]
|
|upkeep
|
|t:|1685887373
|switch|p2a: Chien-Pao|Chien-Pao|100/100
|-ability|p2a: Chien-Pao|Sword of Ruin
|turn|5
|
|t:|1685887383
|move|p2a: Chien-Pao|Crunch|p1a: Kingambit
|-damage|p1a: Kingambit|0 fnt
|faint|p1a: Kingambit
|-end|p1a: Kingambit|fallenundefined|[silent]
|
|upkeep
|
|t:|1685887389
|switch|p1a: Urshifu|Urshifu-Rapid-Strike, M|100/100
|-damage|p1a: Urshifu|94/100|[from] Stealth Rock
|turn|6
|
|t:|1685887397
|switch|p2a: Lilligant|Lilligant-Hisui, F|100/100
|move|p1a: Urshifu|U-turn|p2a: Lilligant
|-damage|p2a: Lilligant|40/100
|
|t:|1685887401
|switch|p1a: Zapdos|Zapdos|100/100|[from] U-turn
|
|upkeep
|turn|7
|
|t:|1685887410
|switch|p2a: Slowking|Slowking-Galar, F|100/100
|move|p1a: Zapdos|Volt Switch|p2a: Slowking
|-damage|p2a: Slowking|87/100
|
|t:|1685887417
|switch|p1a: Landorus|Landorus-Therian, M|100/100|[from] Volt Switch
|-damage|p1a: Landorus|88/100|[from] Stealth Rock
|-ability|p1a: Landorus|Intimidate|boost
|-unboost|p2a: Slowking|atk|1
|
|upkeep
|turn|8
|
|t:|1685887424
|switch|p2a: Dragapult|Dragapult, F|100/100
|move|p1a: Landorus|Stealth Rock|p2a: Dragapult
|-sidestart|p2: Antoooune|move: Stealth Rock
|
|upkeep
|turn|9
|
|t:|1685887446
|move|p2a: Dragapult|U-turn|p1a: Landorus
|-resisted|p1a: Landorus
|-damage|p1a: Landorus|79/100
|
|t:|1685887450
|switch|p2a: Magearna|Magearna|100/100|[from] U-turn
|-damage|p2a: Magearna|95/100|[from] Stealth Rock
|move|p1a: Landorus|U-turn|p2a: Magearna
|-resisted|p2a: Magearna
|-damage|p2a: Magearna|88/100
|
|t:|1685887455
|switch|p1a: Heatran|Heatran, F|100/100|[from] U-turn
|-damage|p1a: Heatran|88/100|[from] Stealth Rock
|
|-heal|p2a: Magearna|94/100|[from] item: Leftovers
|upkeep
|turn|10
|
|t:|1685887463
|-terastallize|p2a: Magearna|Psychic
|move|p2a: Magearna|Calm Mind|p2a: Magearna
|-boost|p2a: Magearna|spa|1
|-boost|p2a: Magearna|spd|1
|move|p1a: Heatran|Magma Storm|p2a: Magearna|[miss]
|-miss|p1a: Heatran|p2a: Magearna
|
|-heal|p2a: Magearna|99/100|[from] item: Leftovers
|upkeep
|turn|11
|
|t:|1685887484
|move|p2a: Magearna|Shift Gear|p2a: Magearna
|-boost|p2a: Magearna|spe|2
|-boost|p2a: Magearna|atk|1
|move|p1a: Heatran|Magma Storm|p2a: Magearna
|-crit|p2a: Magearna
|-damage|p2a: Magearna|25/100
|-activate|p2a: Magearna|move: Magma Storm|[of] p1a: Heatran
|
|-heal|p2a: Magearna|31/100|[from] item: Leftovers
|-damage|p2a: Magearna|18/100|[from] move: Magma Storm|[partiallytrapped]
|upkeep
|turn|12
|
|t:|1685887497
|move|p2a: Magearna|Stored Power|p1a: Heatran
|-resisted|p1a: Heatran
|-damage|p1a: Heatran|58/100
|move|p1a: Heatran|Flash Cannon|p2a: Magearna
|-damage|p2a: Magearna|0 fnt
|faint|p2a: Magearna
|
|upkeep
|
|t:|1685887510
|switch|p2a: Chien-Pao|Chien-Pao|100/100
|-damage|p2a: Chien-Pao|76/100|[from] Stealth Rock
|-ability|p2a: Chien-Pao|Sword of Ruin
|turn|13
|
|t:|1685887517
|move|p2a: Chien-Pao|Crunch|p1a: Heatran
|-damage|p1a: Heatran|0 fnt
|faint|p1a: Heatran
|
|upkeep
|
|t:|1685887524
|switch|p1a: Urshifu|Urshifu-Rapid-Strike, M|94/100
|-damage|p1a: Urshifu|88/100|[from] Stealth Rock
|turn|14
|
|t:|1685887531
|switch|p2a: Slowking|Slowking-Galar, F|100/100
|-damage|p2a: Slowking|88/100|[from] Stealth Rock
|move|p1a: Urshifu|U-turn|p2a: Slowking
|-damage|p2a: Slowking|49/100
|
|t:|1685887534
|switch|p1a: Landorus|Landorus-Therian, M|79/100|[from] U-turn
|-damage|p1a: Landorus|66/100|[from] Stealth Rock
|-ability|p1a: Landorus|Intimidate|boost
|-unboost|p2a: Slowking|atk|1
|
|upkeep
|turn|15
|
|t:|1685887539
|switch|p2a: Lilligant|Lilligant-Hisui, F|40/100
|-damage|p2a: Lilligant|34/100|[from] Stealth Rock
|move|p1a: Landorus|U-turn|p2a: Lilligant
|-damage|p2a: Lilligant|0 fnt
|faint|p2a: Lilligant
|
|t:|1685887552
|switch|p1a: Zapdos|Zapdos|100/100|[from] U-turn
|
|upkeep
|
|t:|1685887570
|switch|p2a: Chien-Pao|Chien-Pao|76/100
|-damage|p2a: Chien-Pao|51/100|[from] Stealth Rock
|-ability|p2a: Chien-Pao|Sword of Ruin
|turn|16
|
|t:|1685887581
|switch|p1a: Urshifu|Urshifu-Rapid-Strike, M|88/100
|-damage|p1a: Urshifu|82/100|[from] Stealth Rock
|move|p2a: Chien-Pao|Ice Spinner|p1a: Urshifu
|-resisted|p1a: Urshifu
|-damage|p1a: Urshifu|40/100
|
|upkeep
|turn|17
|
|t:|1685887589
|move|p2a: Chien-Pao|Ice Spinner|p1a: Urshifu
|-resisted|p1a: Urshifu
|-damage|p1a: Urshifu|3/100
|move|p1a: Urshifu|U-turn|p2a: Chien-Pao
|-supereffective|p2a: Chien-Pao
|-damage|p2a: Chien-Pao|0 fnt
|faint|p2a: Chien-Pao
|
|t:|1685887598
|switch|p1a: Landorus|Landorus-Therian, M|66/100|[from] U-turn
|-damage|p1a: Landorus|54/100|[from] Stealth Rock
|
|upkeep
|
|t:|1685887603
|switch|p2a: Dragapult|Dragapult, F|100/100
|-damage|p2a: Dragapult|88/100|[from] Stealth Rock
|turn|18
|
|t:|1685887609
|move|p2a: Dragapult|Shadow Ball|p1a: Landorus
|-damage|p1a: Landorus|0 fnt
|faint|p1a: Landorus
|
|upkeep
|
|t:|1685887613
|switch|p1a: Urshifu|Urshifu-Rapid-Strike, M|3/100
|-damage|p1a: Urshifu|0 fnt|[from] Stealth Rock
|faint|p1a: Urshifu
|
|t:|1685887624
|switch|p1a: Dragapult|Dragapult, M|100/100
|-damage|p1a: Dragapult|88/100|[from] Stealth Rock
|turn|19
|
|t:|1685887628
|move|p2a: Dragapult|Shadow Ball|p1a: Dragapult
|-supereffective|p1a: Dragapult
|-damage|p1a: Dragapult|0 fnt
|faint|p1a: Dragapult
|
|upkeep
|
|t:|1685887630
|switch|p1a: Zapdos|Zapdos|100/100
|turn|20
|
|t:|1685887636
|move|p2a: Dragapult|Shadow Ball|p1a: Zapdos
|-damage|p1a: Zapdos|43/100
|move|p1a: Zapdos|Thunder|p2a: Dragapult|[miss]
|-miss|p1a: Zapdos|p2a: Dragapult
|
|upkeep
|turn|21
|
|t:|1685887642
|move|p2a: Dragapult|Shadow Ball|p1a: Zapdos
|-damage|p1a: Zapdos|0 fnt
|faint|p1a: Zapdos
|
|win|Antoooune
|raw|Kulbuto's rating: 1237 → 1214(-23 for losing)
|raw|Antoooune's rating: 1268 → 1291(+23 for winning)
|l|☆Kulbuto
