|j|☆whscsh
|j|☆ty-tyui↻
|t:|1685819584
|gametype|singles
|player|p1|whscsh|grimsley-gen7|1725
|player|p2|ty-tyui↻|whitney-masters|1846
|teamsize|p1|6
|teamsize|p2|6
|gen|9
|tier|[Gen 9] OU
|rated|
|rule|Sleep Clause Mod: Limit one foe put to sleep
|rule|Species Clause: Limit one of each Pokémon
|rule|OHKO Clause: OHKO moves are banned
|rule|Evasion Items Clause: Evasion items are banned
|rule|Evasion Moves Clause: Evasion moves are banned
|rule|Endless Battle Clause: Forcing endless battles is banned
|rule|HP Percentage Mod: HP is shown in percentages
|clearpoke
|poke|p1|Sableye, M|
|poke|p1|Magearna|
|poke|p1|Volcarona, F|
|poke|p1|Zamazenta-*|
|poke|p1|Regidrago|
|poke|p1|Azumarill, F|
|poke|p2|Dragapult, M|
|poke|p2|Rillaboom, F|
|poke|p2|Sneasler, F|
|poke|p2|Zamazenta-*|
|poke|p2|Clodsire, F|
|poke|p2|Great Tusk|
|teampreview
|j| DragontamerChinito
|j| 911X
|
|t:|1685819593
|start
|switch|p1a: Sableye|Sableye, M|100/100
|switch|p2a: Rillaboom|Rillaboom, F|100/100
|-fieldstart|move: Grassy Terrain|[from] ability: Grassy Surge|[of] p2a: Rillaboom
|turn|1
|
|t:|1685819599
|move|p1a: Sableye|Reflect|p1a: Sableye
|-sidestart|p1: whscsh|Reflect
|move|p2a: Rillaboom|Knock Off|p1a: Sableye
|-damage|p1a: Sableye|78/100
|-enditem|p1a: Sableye|Light Clay|[from] move: Knock Off|[of] p2a: Rillaboom
|
|-heal|p1a: Sableye|84/100|[from] Grassy Terrain
|upkeep
|turn|2
|j| shedtailhater
|
|t:|1685819612
|switch|p2a: Dragapult|Dragapult, M|100/100
|move|p1a: Sableye|Knock Off|p2a: Dragapult
|-supereffective|p2a: Dragapult
|-damage|p2a: Dragapult|34/100
|-enditem|p2a: Dragapult|Choice Specs|[from] move: Knock Off|[of] p1a: Sableye
|
|-heal|p2a: Dragapult|40/100|[from] Grassy Terrain
|-heal|p1a: Sableye|90/100|[from] Grassy Terrain
|upkeep
|turn|3
|
|t:|1685819622
|move|p2a: Dragapult|U-turn|p1a: Sableye
|-damage|p1a: Sableye|68/100
|
|t:|1685819629
|switch|p2a: Great Tusk|Great Tusk|100/100|[from] U-turn
|move|p1a: Sableye|Knock Off|p2a: Great Tusk
|-resisted|p2a: Great Tusk
|-damage|p2a: Great Tusk|92/100
|-enditem|p2a: Great Tusk|Focus Sash|[from] move: Knock Off|[of] p1a: Sableye
|
|-heal|p2a: Great Tusk|98/100|[from] Grassy Terrain
|-heal|p1a: Sableye|74/100|[from] Grassy Terrain
|upkeep
|turn|4
|
|t:|1685819636
|move|p1a: Sableye|Light Screen|p1a: Sableye
|-sidestart|p1: whscsh|move: Light Screen
|move|p2a: Great Tusk|Stealth Rock|p1a: Sableye
|-sidestart|p1: whscsh|move: Stealth Rock
|
|-heal|p2a: Great Tusk|100/100|[from] Grassy Terrain
|-heal|p1a: Sableye|80/100|[from] Grassy Terrain
|upkeep
|turn|5
|
|t:|1685819641
|move|p1a: Sableye|Encore|p2a: Great Tusk
|-start|p2a: Great Tusk|Encore
|move|p2a: Great Tusk|Stealth Rock||[still]
|-fail|p2a: Great Tusk
|
|-heal|p1a: Sableye|86/100|[from] Grassy Terrain
|-fieldend|move: Grassy Terrain
|upkeep
|turn|6
|
|t:|1685819647
|-end|p2a: Great Tusk|Protosynthesis|[silent]
|switch|p2a: Clodsire|Clodsire, F|100/100
|switch|p1a: Azumarill|Azumarill, F|100/100
|-damage|p1a: Azumarill|88/100|[from] Stealth Rock
|
|upkeep
|turn|7
|
|t:|1685819652
|move|p1a: Azumarill|Belly Drum|p1a: Azumarill
|-damage|p1a: Azumarill|38/100
|-setboost|p1a: Azumarill|atk|6|[from] move: Belly Drum
|-enditem|p1a: Azumarill|Sitrus Berry|[eat]
|-heal|p1a: Azumarill|63/100|[from] item: Sitrus Berry
|move|p2a: Clodsire|Haze|p2a: Clodsire
|-clearallboost
|
|upkeep
|turn|8
|
|t:|1685819657
|switch|p2a: Rillaboom|Rillaboom, F|100/100
|-fieldstart|move: Grassy Terrain|[from] ability: Grassy Surge|[of] p2a: Rillaboom
|move|p1a: Azumarill|Bulldoze|p2a: Rillaboom
|-resisted|p2a: Rillaboom
|-damage|p2a: Rillaboom|93/100
|-unboost|p2a: Rillaboom|spe|1
|
|-heal|p2a: Rillaboom|99/100|[from] Grassy Terrain
|-heal|p1a: Azumarill|69/100|[from] Grassy Terrain
|-sideend|p1: whscsh|Reflect
|-sideend|p1: whscsh|move: Light Screen
|upkeep
|turn|9
|
|t:|1685819663
|switch|p1a: Volcarona|Volcarona, F|100/100
|move|p2a: Rillaboom|Wood Hammer|p1a: Volcarona
|-resisted|p1a: Volcarona
|-damage|p1a: Volcarona|68/100
|-damage|p2a: Rillaboom|89/100|[from] Recoil
|
|-heal|p1a: Volcarona|74/100|[from] Grassy Terrain
|-heal|p2a: Rillaboom|96/100|[from] Grassy Terrain
|upkeep
|turn|10
|
|t:|1685819668
|switch|p2a: Clodsire|Clodsire, F|100/100
|move|p1a: Volcarona|Flamethrower|p2a: Clodsire
|-damage|p2a: Clodsire|71/100
|
|-heal|p1a: Volcarona|80/100|[from] Grassy Terrain
|-heal|p2a: Clodsire|77/100|[from] Grassy Terrain
|-heal|p2a: Clodsire|83/100|[from] item: Leftovers
|upkeep
|turn|11
|
|t:|1685819676
|switch|p1a: Azumarill|Azumarill, F|69/100
|-damage|p1a: Azumarill|57/100|[from] Stealth Rock
|move|p2a: Clodsire|Toxic|p1a: Azumarill
|-status|p1a: Azumarill|tox
|
|-heal|p1a: Azumarill|63/100 tox|[from] Grassy Terrain
|-heal|p2a: Clodsire|89/100|[from] Grassy Terrain
|-heal|p2a: Clodsire|95/100|[from] item: Leftovers
|-damage|p1a: Azumarill|57/100 tox|[from] psn
|upkeep
|turn|12
|
|t:|1685819682
|switch|p2a: Rillaboom|Rillaboom, F|96/100
|move|p1a: Azumarill|Play Rough|p2a: Rillaboom
|-damage|p2a: Rillaboom|38/100
|-unboost|p2a: Rillaboom|atk|1
|
|-heal|p2a: Rillaboom|44/100|[from] Grassy Terrain
|-heal|p1a: Azumarill|63/100 tox|[from] Grassy Terrain
|-damage|p1a: Azumarill|51/100 tox|[from] psn
|-fieldend|move: Grassy Terrain
|upkeep
|turn|13
|j| Publix Lemonade
|j| shoaple
|j| manman78
|
|t:|1685819692
|move|p2a: Rillaboom|Knock Off|p1a: Azumarill
|-resisted|p1a: Azumarill
|-damage|p1a: Azumarill|43/100 tox
|move|p1a: Azumarill|Play Rough|p2a: Rillaboom
|-damage|p2a: Rillaboom|0 fnt
|faint|p2a: Rillaboom
|
|-damage|p1a: Azumarill|25/100 tox|[from] psn
|upkeep
|
|t:|1685819701
|switch|p2a: Dragapult|Dragapult, M|40/100
|turn|14
|
|t:|1685819713
|switch|p1a: Magearna|Magearna|100/100
|-damage|p1a: Magearna|94/100|[from] Stealth Rock
|move|p2a: Dragapult|Shadow Ball|p1a: Magearna
|-damage|p1a: Magearna|61/100
|
|upkeep
|turn|15
|c| shoaple|using mage is dirty
|
|t:|1685819723
|move|p2a: Dragapult|Fire Blast|p1a: Magearna
|-supereffective|p1a: Magearna
|-damage|p1a: Magearna|6/100
|-enditem|p1a: Magearna|Weakness Policy
|-boost|p1a: Magearna|atk|2|[from] item: Weakness Policy
|-boost|p1a: Magearna|spa|2|[from] item: Weakness Policy
|move|p1a: Magearna|Draining Kiss|p2a: Dragapult
|-supereffective|p2a: Dragapult
|-damage|p2a: Dragapult|0 fnt
|-heal|p1a: Magearna|35/100|[from] drain|[of] p2a: Dragapult
|faint|p2a: Dragapult
|-ability|p1a: Magearna|Soul-Heart|boost
|-boost|p1a: Magearna|spa|1
|
|upkeep
|
|t:|1685819733
|switch|p2a: Sneasler|Sneasler, F|100/100
|turn|16
|c| shoaple|incoming sweep
|
|t:|1685819743
|-terastallize|p1a: Magearna|Fairy
|move|p2a: Sneasler|Close Combat|p1a: Magearna
|-resisted|p1a: Magearna
|-damage|p1a: Magearna|3/100
|-unboost|p2a: Sneasler|def|1
|-unboost|p2a: Sneasler|spd|1
|move|p1a: Magearna|Draining Kiss|p2a: Sneasler
|-damage|p2a: Sneasler|0 fnt
|-heal|p1a: Magearna|73/100|[from] drain|[of] p2a: Sneasler
|faint|p2a: Sneasler
|-ability|p1a: Magearna|Soul-Heart|boost
|-boost|p1a: Magearna|spa|1
|
|upkeep
|c| shoaple|yeah
|
|t:|1685819750
|switch|p2a: Clodsire|Clodsire, F|95/100
|turn|17
|c| shoaple|ban this shit
|c|☆whscsh|this mon needs to be qb'd lol
|
|t:|1685819758
|-terastallize|p2a: Clodsire|Dark
|move|p1a: Magearna|Stored Power|p2a: Clodsire
|-immune|p2a: Clodsire
|move|p2a: Clodsire|Haze|p2a: Clodsire
|-clearallboost
|
|-heal|p2a: Clodsire|100/100|[from] item: Leftovers
|upkeep
|turn|18
|
|t:|1685819762
|move|p1a: Magearna|Draining Kiss|p2a: Clodsire
|-supereffective|p2a: Clodsire
|-damage|p2a: Clodsire|54/100
|-heal|p1a: Magearna|100/100|[from] drain|[of] p2a: Clodsire
|move|p2a: Clodsire|Toxic|p1a: Magearna
|-status|p1a: Magearna|tox
|
|-heal|p2a: Clodsire|60/100|[from] item: Leftovers
|-damage|p1a: Magearna|94/100 tox|[from] psn
|upkeep
|turn|19
|
|t:|1685819774
|switch|p1a: Azumarill|Azumarill, F|25/100 tox
|-damage|p1a: Azumarill|12/100 tox|[from] Stealth Rock
|move|p2a: Clodsire|Recover|p2a: Clodsire
|-heal|p2a: Clodsire|100/100
|
|-damage|p1a: Azumarill|6/100 tox|[from] psn
|upkeep
|turn|20
|
|t:|1685819787
|switch|p2a: Great Tusk|Great Tusk|100/100
|move|p1a: Azumarill|Play Rough|p2a: Great Tusk
|-supereffective|p2a: Great Tusk
|-damage|p2a: Great Tusk|15/100
|
|-damage|p1a: Azumarill|0 fnt|[from] psn
|faint|p1a: Azumarill
|upkeep
|
|t:|1685819793
|switch|p1a: Zamazenta|Zamazenta|100/100
|-damage|p1a: Zamazenta|94/100|[from] Stealth Rock
|-ability|p1a: Zamazenta|Dauntless Shield|boost
|-boost|p1a: Zamazenta|def|1
|turn|21
|
|t:|1685819801
|-end|p2a: Great Tusk|Protosynthesis|[silent]
|switch|p2a: Zamazenta|Zamazenta-Crowned|100/100
|-ability|p2a: Zamazenta|Dauntless Shield|boost
|-boost|p2a: Zamazenta|def|1
|move|p1a: Zamazenta|Iron Defense|p1a: Zamazenta
|-boost|p1a: Zamazenta|def|2
|
|-heal|p1a: Zamazenta|100/100|[from] item: Leftovers
|upkeep
|turn|22
|j| HaloKappa
|
|t:|1685819805
|move|p1a: Zamazenta|Body Press|p2a: Zamazenta
|-supereffective|p2a: Zamazenta
|-damage|p2a: Zamazenta|13/100
|move|p2a: Zamazenta|Iron Defense|p2a: Zamazenta
|-boost|p2a: Zamazenta|def|2
|
|upkeep
|turn|23
|
|t:|1685819810
|move|p1a: Zamazenta|Body Press|p2a: Zamazenta
|-supereffective|p2a: Zamazenta
|-damage|p2a: Zamazenta|0 fnt
|faint|p2a: Zamazenta
|
|upkeep
|
|t:|1685819811
|switch|p2a: Clodsire|Clodsire, F, tera:Dark|100/100
|turn|24
|
|t:|1685819816
|move|p1a: Zamazenta|Body Press|p2a: Clodsire
|-supereffective|p2a: Clodsire
|-damage|p2a: Clodsire|11/100
|move|p2a: Clodsire|Recover|p2a: Clodsire
|-heal|p2a: Clodsire|61/100
|
|-heal|p2a: Clodsire|67/100|[from] item: Leftovers
|upkeep
|turn|25
|-message|ty-tyui↻ forfeited.
|
|win|whscsh
|raw|whscsh's rating: 1725 → 1752(+27 for winning)
|raw|ty-tyui↻'s rating: 1846 → 1819(-27 for losing)
|l|☆ty-tyui↻
