|j|☆Proteinman11
|j|☆Rap's my Fave Meme
|t:|1685899206
|gametype|singles
|player|p1|Proteinman11|hiker-gen4|1152
|player|p2|Rap's my Fave Meme|mrfuji-gen3|1096
|teamsize|p1|6
|teamsize|p2|6
|gen|9
|tier|[Gen 9] OU
|rated|
|rule|Sleep Clause Mod: Limit one foe put to sleep
|rule|Species Clause: Limit one of each Pokémon
|rule|OHKO Clause: OHKO moves are banned
|rule|Evasion Items Clause: Evasion items are banned
|rule|Evasion Moves Clause: Evasion moves are banned
|rule|Endless Battle Clause: Forcing endless battles is banned
|rule|HP Percentage Mod: HP is shown in percentages
|clearpoke
|poke|p1|Maushold-Four|
|poke|p1|Dragapult, M|
|poke|p1|Dondozo, M|
|poke|p1|Magearna|
|poke|p1|Espeon, M|
|poke|p1|Chien-Pao|
|poke|p2|Sneasler, M|
|poke|p2|Klefki, M|
|poke|p2|Decidueye-Hisui, F|
|poke|p2|Blissey, F|
|poke|p2|Avalugg-Hisui, F|
|poke|p2|Pincurchin, F|
|teampreview
|inactive|Battle timer is ON: inactive players will automatically lose when time's up. (requested by Proteinman11)
|c|☆Rap's my Fave Meme|nice hue, but im reporting you for using magearna
|j| bigglygrande
|c|☆Proteinman11|damn
|
|t:|1685899235
|start
|switch|p1a: Ricky|Dondozo, M|100/100
|switch|p2a: mangina|Klefki, M|100/100
|turn|1
|c|☆Proteinman11|i cant use magearna?
|c|☆Rap's my Fave Meme|magearna was banned .......
|c|☆Proteinman11|nuh uh
|
|t:|1685899249
|move|p2a: mangina|Thunder Wave|p1a: Ricky
|-status|p1a: Ricky|par
|move|p1a: Ricky|Curse|p1a: Ricky
|-unboost|p1a: Ricky|spe|1
|-boost|p1a: Ricky|atk|1
|-boost|p1a: Ricky|def|1
|
|upkeep
|turn|2
|
|t:|1685899258
|switch|p2a: jumping cushion|Pincurchin, F|100/100
|-fieldstart|move: Electric Terrain|[from] ability: Electric Surge|[of] p2a: jumping cushion
|cant|p1a: Ricky|par
|
|upkeep
|turn|3
|
|t:|1685899265
|move|p2a: jumping cushion|Zing Zap|p1a: Ricky
|-supereffective|p1a: Ricky
|-damage|p1a: Ricky|61/100 par
|move|p1a: Ricky|Curse|p1a: Ricky
|-unboost|p1a: Ricky|spe|1
|-boost|p1a: Ricky|atk|1
|-boost|p1a: Ricky|def|1
|
|upkeep
|turn|4
|
|t:|1685899272
|move|p2a: jumping cushion|Zing Zap|p1a: Ricky
|-supereffective|p1a: Ricky
|-damage|p1a: Ricky|29/100 par
|move|p1a: Ricky|Rest||[still]
|-activate|p1a: Ricky|move: Electric Terrain
|-fail|p1a: Ricky
|
|upkeep
|turn|5
|
|t:|1685899279
|move|p2a: jumping cushion|Zing Zap|p1a: Ricky
|-supereffective|p1a: Ricky
|-damage|p1a: Ricky|0 fnt
|faint|p1a: Ricky
|
|upkeep
|
|t:|1685899286
|switch|p1a: Tara Bailey|Magearna|100/100
|turn|6
|
|t:|1685899291
|move|p1a: Tara Bailey|Shift Gear|p1a: Tara Bailey
|-boost|p1a: Tara Bailey|spe|2
|-boost|p1a: Tara Bailey|atk|1
|move|p2a: jumping cushion|Curse|p2a: jumping cushion
|-unboost|p2a: jumping cushion|spe|1
|-boost|p2a: jumping cushion|atk|1
|-boost|p2a: jumping cushion|def|1
|
|-fieldend|move: Electric Terrain
|upkeep
|turn|7
|
|t:|1685899302
|move|p1a: Tara Bailey|Shift Gear|p1a: Tara Bailey
|-boost|p1a: Tara Bailey|spe|2
|-boost|p1a: Tara Bailey|atk|1
|move|p2a: jumping cushion|Zing Zap|p1a: Tara Bailey
|-damage|p1a: Tara Bailey|56/100
|
|upkeep
|turn|8
|
|t:|1685899310
|move|p1a: Tara Bailey|Draining Kiss|p2a: jumping cushion
|-damage|p2a: jumping cushion|62/100
|-heal|p1a: Tara Bailey|79/100|[from] drain|[of] p2a: jumping cushion
|move|p2a: jumping cushion|Zing Zap|p1a: Tara Bailey
|-damage|p1a: Tara Bailey|29/100
|
|upkeep
|turn|9
|
|t:|1685899317
|move|p1a: Tara Bailey|Stored Power|p2a: jumping cushion
|-damage|p2a: jumping cushion|0 fnt
|faint|p2a: jumping cushion
|-ability|p1a: Tara Bailey|Soul-Heart|boost
|-boost|p1a: Tara Bailey|spa|1
|
|upkeep
|
|t:|1685899322
|switch|p2a: Avalugg|Avalugg-Hisui, F|100/100
|turn|10
|j| less might be more
|
|t:|1685899329
|move|p1a: Tara Bailey|Zap Cannon|p2a: Avalugg|[miss]
|-miss|p1a: Tara Bailey|p2a: Avalugg
|-enditem|p1a: Tara Bailey|Blunder Policy
|-boost|p1a: Tara Bailey|spe|2
|move|p2a: Avalugg|Mirror Coat||[still]
|-fail|p2a: Avalugg
|
|upkeep
|turn|11
|
|t:|1685899337
|move|p1a: Tara Bailey|Draining Kiss|p2a: Avalugg
|-damage|p2a: Avalugg|45/100
|-heal|p1a: Tara Bailey|74/100|[from] drain|[of] p2a: Avalugg
|move|p2a: Avalugg|Mirror Coat|p1a: Tara Bailey
|-damage|p1a: Tara Bailey|0 fnt
|faint|p1a: Tara Bailey
|
|upkeep
|
|t:|1685899350
|switch|p1a: Chow-Mein|Chien-Pao|100/100
|-ability|p1a: Chow-Mein|Sword of Ruin
|turn|12
|c|☆Rap's my Fave Meme|racist also reported
|
|t:|1685899369
|move|p1a: Chow-Mein|Sacred Sword|p2a: Avalugg
|-supereffective|p2a: Avalugg
|-damage|p2a: Avalugg|0 fnt
|faint|p2a: Avalugg
|
|upkeep
|
|t:|1685899375
|switch|p2a: mangina|Klefki, M|100/100
|turn|13
|
|t:|1685899384
|move|p2a: mangina|Thunder Wave|p1a: Chow-Mein
|-hint|Since gen 7, Dark is immune to Prankster moves.
|-immune|p1a: Chow-Mein
|move|p1a: Chow-Mein|Icicle Crash|p2a: mangina
|-resisted|p2a: mangina
|-damage|p2a: mangina|75/100
|
|-heal|p2a: mangina|81/100|[from] item: Leftovers
|upkeep
|turn|14
|
|t:|1685899398
|move|p2a: mangina|Calm Mind|p2a: mangina
|-boost|p2a: mangina|spa|1
|-boost|p2a: mangina|spd|1
|move|p1a: Chow-Mein|Sacred Sword|p2a: mangina
|-damage|p2a: mangina|45/100
|
|-heal|p2a: mangina|51/100|[from] item: Leftovers
|upkeep
|turn|15
|
|t:|1685899410
|move|p1a: Chow-Mein|Swords Dance|p1a: Chow-Mein
|-boost|p1a: Chow-Mein|atk|2
|move|p2a: mangina|Draining Kiss|p1a: Chow-Mein
|-supereffective|p1a: Chow-Mein
|-damage|p1a: Chow-Mein|34/100
|-heal|p2a: mangina|99/100|[from] drain|[of] p1a: Chow-Mein
|
|-heal|p2a: mangina|100/100|[from] item: Leftovers
|upkeep
|turn|16
|
|t:|1685899428
|move|p1a: Chow-Mein|Sacred Sword|p2a: mangina
|-damage|p2a: mangina|24/100
|move|p2a: mangina|Draining Kiss|p1a: Chow-Mein
|-supereffective|p1a: Chow-Mein
|-damage|p1a: Chow-Mein|0 fnt
|-heal|p2a: mangina|49/100|[from] drain|[of] p1a: Chow-Mein
|faint|p1a: Chow-Mein
|
|-heal|p2a: mangina|55/100|[from] item: Leftovers
|upkeep
|
|t:|1685899437
|switch|p1a: The Splurgy|Espeon, M|100/100
|turn|17
|
|t:|1685899445
|move|p2a: mangina|Calm Mind|p2a: mangina
|-boost|p2a: mangina|spa|1
|-boost|p2a: mangina|spd|1
|move|p1a: The Splurgy|Calm Mind|p1a: The Splurgy
|-boost|p1a: The Splurgy|spa|1
|-boost|p1a: The Splurgy|spd|1
|
|-heal|p2a: mangina|61/100|[from] item: Leftovers
|upkeep
|turn|18
|
|t:|1685899452
|move|p1a: The Splurgy|Psychic|p2a: mangina
|-resisted|p2a: mangina
|-damage|p2a: mangina|42/100
|move|p2a: mangina|Draining Kiss|p1a: The Splurgy
|-damage|p1a: The Splurgy|77/100
|-heal|p2a: mangina|58/100|[from] drain|[of] p1a: The Splurgy
|
|-heal|p2a: mangina|64/100|[from] item: Leftovers
|upkeep
|turn|19
|
|t:|1685899460
|move|p1a: The Splurgy|Substitute|p1a: The Splurgy
|-start|p1a: The Splurgy|Substitute
|-damage|p1a: The Splurgy|52/100
|move|p2a: mangina|Draining Kiss|p1a: The Splurgy
|-end|p1a: The Splurgy|Substitute
|-heal|p2a: mangina|81/100|[from] drain|[of] p1a: The Splurgy
|
|-heal|p2a: mangina|87/100|[from] item: Leftovers
|upkeep
|turn|20
|
|t:|1685899468
|move|p1a: The Splurgy|Draining Kiss|p2a: mangina
|-resisted|p2a: mangina
|-damage|p2a: mangina|78/100
|-heal|p1a: The Splurgy|59/100|[from] drain|[of] p2a: mangina
|move|p2a: mangina|Draining Kiss|p1a: The Splurgy
|-damage|p1a: The Splurgy|32/100
|-heal|p2a: mangina|97/100|[from] drain|[of] p1a: The Splurgy
|
|-heal|p2a: mangina|100/100|[from] item: Leftovers
|upkeep
|turn|21
|
|t:|1685899497
|switch|p1a: Germany|Maushold-Four|100/100
|move|p2a: mangina|Draining Kiss|p1a: Germany
|-damage|p1a: Germany|55/100
|
|upkeep
|turn|22
|
|t:|1685899504
|move|p2a: mangina|Thunder Wave|p1a: Germany
|-status|p1a: Germany|par
|move|p1a: Germany|Tidy Up|p1a: Germany
|-boost|p1a: Germany|atk|1
|-boost|p1a: Germany|spe|1
|
|upkeep
|turn|23
|
|t:|1685899519
|-terastallize|p1a: Germany|Normal
|move|p1a: Germany|Population Bomb|p2a: mangina
|-resisted|p2a: mangina
|-damage|p2a: mangina|92/100
|-resisted|p2a: mangina
|-damage|p2a: mangina|83/100
|-resisted|p2a: mangina
|-damage|p2a: mangina|73/100
|-resisted|p2a: mangina
|-damage|p2a: mangina|64/100
|-resisted|p2a: mangina
|-damage|p2a: mangina|54/100
|-resisted|p2a: mangina
|-damage|p2a: mangina|45/100
|-resisted|p2a: mangina
|-damage|p2a: mangina|34/100
|-resisted|p2a: mangina
|-damage|p2a: mangina|24/100
|-resisted|p2a: mangina
|-damage|p2a: mangina|14/100
|-resisted|p2a: mangina
|-crit|p2a: mangina
|-damage|p2a: mangina|0 fnt
|faint|p2a: mangina
|-hitcount|p2: mangina|10
|
|upkeep
|
|t:|1685899528
|switch|p2a: Sneaslucha|Sneasler, M|100/100
|turn|24
|
|t:|1685899532
|move|p2a: Sneaslucha|Close Combat|p1a: Germany
|-supereffective|p1a: Germany
|-damage|p1a: Germany|0 fnt
|-unboost|p2a: Sneaslucha|def|1
|-unboost|p2a: Sneaslucha|spd|1
|-enditem|p2a: Sneaslucha|White Herb
|-clearnegativeboost|p2a: Sneaslucha|[silent]
|faint|p1a: Germany
|
|upkeep
|
|t:|1685899546
|switch|p1a: Weezer|Dragapult, M|100/100
|turn|25
|
|t:|1685899558
|-terastallize|p2a: Sneaslucha|Flying
|move|p2a: Sneaslucha|Acrobatics|p1a: Weezer
|-crit|p1a: Weezer
|-enditem|p1a: Weezer|Focus Sash
|-damage|p1a: Weezer|1/100
|move|p1a: Weezer|Dragon Dance|p1a: Weezer
|-boost|p1a: Weezer|atk|1
|-boost|p1a: Weezer|spe|1
|
|upkeep
|turn|26
|
|t:|1685899572
|move|p2a: Sneaslucha|Acrobatics|p1a: Weezer
|-damage|p1a: Weezer|0 fnt
|faint|p1a: Weezer
|
|upkeep
|
|t:|1685899577
|switch|p1a: The Splurgy|Espeon, M|32/100
|turn|27
|
|t:|1685899581
|move|p2a: Sneaslucha|Acrobatics|p1a: The Splurgy
|-damage|p1a: The Splurgy|0 fnt
|faint|p1a: The Splurgy
|
|win|Rap's my Fave Meme
|raw|Proteinman11's rating: 1152 → 1123(-29 for losing)
|raw|Rap's my Fave Meme's rating: 1096 → 1126(+30 for winning)
