|j|☆goodalakazam
|j|☆Granny Pie
|t:|1685915892
|gametype|singles
|player|p1|goodalakazam|sailor|1665
|player|p2|Granny Pie|medium|1632
|teamsize|p1|6
|teamsize|p2|6
|gen|9
|tier|[Gen 9] OU
|rated|
|rule|Sleep Clause Mod: Limit one foe put to sleep
|rule|Species Clause: Limit one of each Pokémon
|rule|OHKO Clause: OHKO moves are banned
|rule|Evasion Items Clause: Evasion items are banned
|rule|Evasion Moves Clause: Evasion moves are banned
|rule|Endless Battle Clause: Forcing endless battles is banned
|rule|HP Percentage Mod: HP is shown in percentages
|clearpoke
|poke|p1|Roaring Moon|
|poke|p1|Torkoal, F|
|poke|p1|Lilligant-Hisui, F|
|poke|p1|Typhlosion-Hisui, M|
|poke|p1|Cinderace, M|
|poke|p1|Hatterene, F|
|poke|p2|Magearna|
|poke|p2|Drifblim, F|
|poke|p2|Clodsire, M|
|poke|p2|Skeledirge, F|
|poke|p2|Toxapex, F|
|poke|p2|Blissey, F|
|teampreview
|j| HE'S A LAKER
|inactive|Battle timer is ON: inactive players will automatically lose when time's up. (requested by Granny Pie)
|
|t:|1685915926
|start
|switch|p1a: Torkoal|Torkoal, F|100/100
|switch|p2a: Toxapex|Toxapex, F|100/100
|-weather|SunnyDay|[from] ability: Drought|[of] p1a: Torkoal
|turn|1
|
|t:|1685915931
|switch|p1a: Hatterene|Hatterene, F|100/100
|move|p2a: Toxapex|Toxic|p1a: Hatterene
|move|p1a: Hatterene|Toxic|p2a: Toxapex|[from]ability: Magic Bounce|[miss]
|-miss|p1a: Hatterene|p2a: Toxapex
|
|-weather|SunnyDay|[upkeep]
|upkeep
|turn|2
|j| Paradox N
|
|t:|1685915947
|switch|p2a: Blissey|Blissey, F|100/100
|switch|p1a: Typhlosion|Typhlosion-Hisui, M|100/100
|
|-weather|SunnyDay|[upkeep]
|upkeep
|turn|3
|l| Paradox N
|
|t:|1685915972
|switch|p1a: Lilligant|Lilligant-Hisui, F|100/100
|move|p2a: Blissey|Stealth Rock|p1a: Lilligant
|-sidestart|p1: goodalakazam|move: Stealth Rock
|
|-weather|SunnyDay|[upkeep]
|upkeep
|turn|4
|
|t:|1685915980
|switch|p2a: Skeledirge|Skeledirge, F|100/100
|move|p1a: Lilligant|Swords Dance|p1a: Lilligant
|-boost|p1a: Lilligant|atk|2
|
|-weather|SunnyDay|[upkeep]
|upkeep
|turn|5
|
|t:|1685915995
|switch|p1a: Roaring Moon|Roaring Moon|100/100
|-damage|p1a: Roaring Moon|88/100|[from] Stealth Rock
|-activate|p1a: Roaring Moon|ability: Protosynthesis
|-start|p1a: Roaring Moon|protosynthesisatk
|move|p2a: Skeledirge|Torch Song|p1a: Roaring Moon
|-resisted|p1a: Roaring Moon
|-damage|p1a: Roaring Moon|67/100
|-boost|p2a: Skeledirge|spa|1
|
|-weather|SunnyDay|[upkeep]
|upkeep
|turn|6
|inactive|goodalakazam has 120 seconds left.
|
|t:|1685916036
|switch|p2a: Magearna|Magearna|100/100
|-terastallize|p1a: Roaring Moon|Dark
|move|p1a: Roaring Moon|Crunch|p2a: Magearna
|-resisted|p2a: Magearna
|-damage|p2a: Magearna|63/100
|-unboost|p2a: Magearna|def|1
|
|-weather|SunnyDay|[upkeep]
|upkeep
|turn|7
|j| Tom brady son
|
|t:|1685916046
|switch|p2a: Drifblim|Drifblim, F|100/100
|move|p1a: Roaring Moon|Crunch|p2a: Drifblim
|-supereffective|p2a: Drifblim
|-damage|p2a: Drifblim|0 fnt
|-damage|p1a: Roaring Moon|42/100|[from] ability: Aftermath|[of] p2a: Drifblim
|faint|p2a: Drifblim
|
|-weather|SunnyDay|[upkeep]
|upkeep
|
|t:|1685916063
|switch|p2a: Toxapex|Toxapex, F|100/100
|turn|8
|
|t:|1685916067
|move|p1a: Roaring Moon|Crunch|p2a: Toxapex
|-damage|p2a: Toxapex|33/100
|move|p2a: Toxapex|Toxic|p1a: Roaring Moon
|-status|p1a: Roaring Moon|tox
|
|-weather|none
|-end|p1a: Roaring Moon|Protosynthesis
|-damage|p1a: Roaring Moon|36/100 tox|[from] psn
|upkeep
|turn|9
|
|t:|1685916076
|switch|p2a: Magearna|Magearna|63/100
|move|p1a: Roaring Moon|Crunch|p2a: Magearna
|-resisted|p2a: Magearna
|-damage|p2a: Magearna|35/100
|-unboost|p2a: Magearna|def|1
|
|-damage|p1a: Roaring Moon|24/100 tox|[from] psn
|upkeep
|turn|10
|
|t:|1685916082
|switch|p2a: Toxapex|Toxapex, F|67/100
|move|p1a: Roaring Moon|Crunch|p2a: Toxapex
|-damage|p2a: Toxapex|14/100
|-unboost|p2a: Toxapex|def|1
|
|-damage|p1a: Roaring Moon|5/100 tox|[from] psn
|upkeep
|turn|11
|
|t:|1685916088
|switch|p2a: Magearna|Magearna|35/100
|move|p1a: Roaring Moon|Crunch|p2a: Magearna
|-resisted|p2a: Magearna
|-damage|p2a: Magearna|7/100
|-unboost|p2a: Magearna|def|1
|
|-damage|p1a: Roaring Moon|0 fnt|[from] psn
|faint|p1a: Roaring Moon
|-ability|p2a: Magearna|Soul-Heart|boost
|-boost|p2a: Magearna|spa|1
|-end|p1a: Roaring Moon|Protosynthesis|[silent]
|upkeep
|c|☆Granny Pie|Dude
|
|t:|1685916099
|switch|p1a: Cinderace|Cinderace, M|100/100
|turn|12
|j| BenGayOintment
|
|t:|1685916103
|switch|p2a: Skeledirge|Skeledirge, F|100/100
|move|p1a: Cinderace|Court Change|p1a: Cinderace
|-swapsideconditions
|-activate|p1a: Cinderace|move: Court Change
|
|upkeep
|turn|13
|
|t:|1685916125
|move|p1a: Cinderace|U-turn|p2a: Skeledirge
|-resisted|p2a: Skeledirge
|-damage|p2a: Skeledirge|97/100
|
|t:|1685916129
|switch|p1a: Typhlosion|Typhlosion-Hisui, M|100/100|[from] U-turn
|move|p2a: Skeledirge|Torch Song|p1a: Typhlosion
|-resisted|p1a: Typhlosion
|-damage|p1a: Typhlosion|79/100
|-boost|p2a: Skeledirge|spa|1
|
|upkeep
|turn|14
|
|t:|1685916137
|switch|p2a: Blissey|Blissey, F|100/100
|move|p1a: Typhlosion|Shadow Ball|p2a: Blissey
|-immune|p2a: Blissey
|
|upkeep
|turn|15
|
|t:|1685916153
|switch|p1a: Hatterene|Hatterene, F|100/100
|move|p2a: Blissey|Stealth Rock|p1a: Hatterene
|move|p1a: Hatterene|Stealth Rock||[from]ability: Magic Bounce|[still]
|-fail|p1a: Hatterene
|
|upkeep
|turn|16
|
|t:|1685916161
|switch|p2a: Magearna|Magearna|7/100
|move|p1a: Hatterene|Calm Mind|p1a: Hatterene
|-boost|p1a: Hatterene|spa|1
|-boost|p1a: Hatterene|spd|1
|
|upkeep
|turn|17
|
|t:|1685916167
|move|p2a: Magearna|Pain Split|p1a: Hatterene
|-sethp|p1a: Hatterene|54/100|[from] move: Pain Split|[silent]
|-sethp|p2a: Magearna|47/100|[from] move: Pain Split
|move|p1a: Hatterene|Psyshock|p2a: Magearna
|-resisted|p2a: Magearna
|-damage|p2a: Magearna|31/100
|
|-heal|p1a: Hatterene|60/100|[from] item: Leftovers
|upkeep
|turn|18
|
|t:|1685916181
|move|p2a: Magearna|Pain Split|p1a: Hatterene
|-sethp|p1a: Hatterene|48/100|[from] move: Pain Split|[silent]
|-sethp|p2a: Magearna|42/100|[from] move: Pain Split
|move|p1a: Hatterene|Calm Mind|p1a: Hatterene
|-boost|p1a: Hatterene|spa|1
|-boost|p1a: Hatterene|spd|1
|
|-heal|p1a: Hatterene|54/100|[from] item: Leftovers
|upkeep
|turn|19
|
|t:|1685916190
|switch|p2a: Clodsire|Clodsire, M|100/100
|move|p1a: Hatterene|Draining Kiss|p2a: Clodsire
|-resisted|p2a: Clodsire
|-damage|p2a: Clodsire|94/100
|-heal|p1a: Hatterene|61/100|[from] drain|[of] p2a: Clodsire
|
|-heal|p1a: Hatterene|67/100|[from] item: Leftovers
|upkeep
|turn|20
|
|t:|1685916198
|-terastallize|p2a: Clodsire|Flying
|move|p1a: Hatterene|Psyshock|p2a: Clodsire
|-damage|p2a: Clodsire|56/100
|move|p2a: Clodsire|Earthquake|p1a: Hatterene
|-damage|p1a: Hatterene|46/100
|
|-heal|p1a: Hatterene|52/100|[from] item: Leftovers
|upkeep
|turn|21
|
|t:|1685916206
|move|p1a: Hatterene|Draining Kiss|p2a: Clodsire
|-damage|p2a: Clodsire|43/100
|-heal|p1a: Hatterene|66/100|[from] drain|[of] p2a: Clodsire
|move|p2a: Clodsire|Earthquake|p1a: Hatterene
|-damage|p1a: Hatterene|45/100
|
|-heal|p1a: Hatterene|51/100|[from] item: Leftovers
|upkeep
|turn|22
|j| SerialThrill
|
|t:|1685916213
|move|p1a: Hatterene|Psyshock|p2a: Clodsire
|-damage|p2a: Clodsire|3/100
|move|p2a: Clodsire|Recover|p2a: Clodsire
|-heal|p2a: Clodsire|53/100
|
|-heal|p1a: Hatterene|57/100|[from] item: Leftovers
|upkeep
|turn|23
|
|t:|1685916223
|move|p1a: Hatterene|Draining Kiss|p2a: Clodsire
|-damage|p2a: Clodsire|41/100
|-heal|p1a: Hatterene|70/100|[from] drain|[of] p2a: Clodsire
|move|p2a: Clodsire|Recover|p2a: Clodsire
|-heal|p2a: Clodsire|91/100
|
|-heal|p1a: Hatterene|76/100|[from] item: Leftovers
|upkeep
|turn|24
|
|t:|1685916228
|move|p1a: Hatterene|Psyshock|p2a: Clodsire
|-damage|p2a: Clodsire|48/100
|move|p2a: Clodsire|Earthquake|p1a: Hatterene
|-damage|p1a: Hatterene|55/100
|
|-heal|p1a: Hatterene|61/100|[from] item: Leftovers
|upkeep
|turn|25
|
|t:|1685916237
|move|p1a: Hatterene|Psyshock|p2a: Clodsire
|-damage|p2a: Clodsire|7/100
|move|p2a: Clodsire|Recover|p2a: Clodsire
|-heal|p2a: Clodsire|57/100
|
|-heal|p1a: Hatterene|67/100|[from] item: Leftovers
|upkeep
|turn|26
|
|t:|1685916253
|move|p1a: Hatterene|Draining Kiss|p2a: Clodsire
|-damage|p2a: Clodsire|45/100
|-heal|p1a: Hatterene|79/100|[from] drain|[of] p2a: Clodsire
|move|p2a: Clodsire|Recover|p2a: Clodsire
|-heal|p2a: Clodsire|95/100
|
|-heal|p1a: Hatterene|85/100|[from] item: Leftovers
|upkeep
|turn|27
|
|t:|1685916272
|move|p1a: Hatterene|Psyshock|p2a: Clodsire
|-damage|p2a: Clodsire|56/100
|move|p2a: Clodsire|Earthquake|p1a: Hatterene
|-damage|p1a: Hatterene|62/100
|
|-heal|p1a: Hatterene|68/100|[from] item: Leftovers
|upkeep
|turn|28
|
|t:|1685916280
|switch|p2a: Skeledirge|Skeledirge, F|97/100
|move|p1a: Hatterene|Psyshock|p2a: Skeledirge
|-damage|p2a: Skeledirge|73/100
|
|-heal|p1a: Hatterene|74/100|[from] item: Leftovers
|upkeep
|turn|29
|
|t:|1685916286
|move|p2a: Skeledirge|Torch Song|p1a: Hatterene
|-damage|p1a: Hatterene|45/100
|-boost|p2a: Skeledirge|spa|1
|move|p1a: Hatterene|Psyshock|p2a: Skeledirge
|-damage|p2a: Skeledirge|53/100
|
|-heal|p1a: Hatterene|51/100|[from] item: Leftovers
|upkeep
|turn|30
|
|t:|1685916302
|switch|p1a: Typhlosion|Typhlosion-Hisui, M|79/100
|move|p2a: Skeledirge|Torch Song|p1a: Typhlosion
|-resisted|p1a: Typhlosion
|-damage|p1a: Typhlosion|51/100
|-boost|p2a: Skeledirge|spa|1
|
|upkeep
|turn|31
|
|t:|1685916318
|switch|p1a: Lilligant|Lilligant-Hisui, F|100/100
|switch|p2a: Blissey|Blissey, F|100/100
|
|upkeep
|turn|32
|j| No.1 Scrub
|
|t:|1685916323
|switch|p2a: Magearna|Magearna|42/100
|move|p1a: Lilligant|Leaf Blade|p2a: Magearna
|-resisted|p2a: Magearna
|-damage|p2a: Magearna|24/100
|-damage|p1a: Lilligant|90/100|[from] item: Life Orb
|
|upkeep
|turn|33
|
|t:|1685916331
|move|p1a: Lilligant|Close Combat|p2a: Magearna
|-damage|p2a: Magearna|0 fnt
|-unboost|p1a: Lilligant|def|1
|-unboost|p1a: Lilligant|spd|1
|faint|p2a: Magearna
|-damage|p1a: Lilligant|80/100|[from] item: Life Orb
|
|upkeep
|
|t:|1685916334
|switch|p2a: Skeledirge|Skeledirge, F|53/100
|turn|34
|
|t:|1685916341
|switch|p1a: Typhlosion|Typhlosion-Hisui, M|51/100
|move|p2a: Skeledirge|Slack Off|p2a: Skeledirge
|-heal|p2a: Skeledirge|100/100
|
|upkeep
|turn|35
|
|t:|1685916346
|switch|p2a: Blissey|Blissey, F|100/100
|move|p1a: Typhlosion|Shadow Ball|p2a: Blissey
|-immune|p2a: Blissey
|
|upkeep
|turn|36
|
|t:|1685916350
|switch|p1a: Hatterene|Hatterene, F|51/100
|move|p2a: Blissey|Stealth Rock|p1a: Hatterene
|move|p1a: Hatterene|Stealth Rock||[from]ability: Magic Bounce|[still]
|-fail|p1a: Hatterene
|
|-heal|p1a: Hatterene|57/100|[from] item: Leftovers
|upkeep
|turn|37
|l| No.1 Scrub
|
|t:|1685916380
|switch|p2a: Skeledirge|Skeledirge, F|100/100
|switch|p1a: Torkoal|Torkoal, F|100/100
|-weather|SunnyDay|[from] ability: Drought|[of] p1a: Torkoal
|
|-weather|SunnyDay|[upkeep]
|upkeep
|turn|38
|
|t:|1685916397
|switch|p2a: Blissey|Blissey, F|100/100
|move|p1a: Torkoal|Yawn|p2a: Blissey
|-start|p2a: Blissey|move: Yawn|[of] p1a: Torkoal
|
|-weather|SunnyDay|[upkeep]
|upkeep
|turn|39
|l| Tom brady son
|j| Tom brady son
|
|t:|1685916408
|switch|p1a: Cinderace|Cinderace, M|100/100
|move|p2a: Blissey|Stealth Rock|p1a: Cinderace
|-sidestart|p1: goodalakazam|move: Stealth Rock
|
|-weather|SunnyDay|[upkeep]
|-end|p2a: Blissey|move: Yawn|[silent]
|-status|p2a: Blissey|slp
|upkeep
|turn|40
|
|t:|1685916417
|-curestatus|p2a: Blissey|slp|[from] ability: Natural Cure
|switch|p2a: Toxapex|Toxapex, F|47/100
|move|p1a: Cinderace|Pyro Ball|p2a: Toxapex
|-resisted|p2a: Toxapex
|-damage|p2a: Toxapex|20/100
|-status|p2a: Toxapex|brn
|
|-weather|SunnyDay|[upkeep]
|-damage|p2a: Toxapex|14/100 brn|[from] brn
|upkeep
|turn|41
|
|t:|1685916423
|switch|p2a: Skeledirge|Skeledirge, F|100/100
|move|p1a: Cinderace|Pyro Ball|p2a: Skeledirge
|-resisted|p2a: Skeledirge
|-damage|p2a: Skeledirge|74/100
|
|-weather|SunnyDay|[upkeep]
|upkeep
|turn|42
|
|t:|1685916437
|move|p1a: Cinderace|Pyro Ball|p2a: Skeledirge
|-resisted|p2a: Skeledirge
|-damage|p2a: Skeledirge|47/100
|move|p2a: Skeledirge|Torch Song|p1a: Cinderace
|-resisted|p1a: Cinderace
|-damage|p1a: Cinderace|67/100
|-boost|p2a: Skeledirge|spa|1
|
|-weather|SunnyDay|[upkeep]
|upkeep
|turn|43
|
|t:|1685916442
|move|p1a: Cinderace|Pyro Ball|p2a: Skeledirge
|-resisted|p2a: Skeledirge
|-damage|p2a: Skeledirge|20/100
|move|p2a: Skeledirge|Slack Off|p2a: Skeledirge
|-heal|p2a: Skeledirge|70/100
|
|-weather|SunnyDay|[upkeep]
|upkeep
|turn|44
|
|t:|1685916454
|move|p1a: Cinderace|Pyro Ball|p2a: Skeledirge|[miss]
|-miss|p1a: Cinderace|p2a: Skeledirge
|move|p2a: Skeledirge|Hex|p1a: Cinderace
|-damage|p1a: Cinderace|12/100
|
|-weather|none
|upkeep
|turn|45
|-message|goodalakazam forfeited.
|
|win|Granny Pie
|raw|goodalakazam's rating: 1665 → 1643(-22 for losing)
|raw|Granny Pie's rating: 1632 → 1654(+22 for winning)
