|j|☆swellow is stronk
|j|☆ademalawer
|t:|1685847916
|gametype|singles
|player|p1|swellow is stronk|102|
|player|p2|ademalawer|acetrainersnowf|
|teamsize|p1|6
|teamsize|p2|6
|gen|9
|tier|[Gen 9] OU
|rule|Sleep Clause Mod: Limit one foe put to sleep
|rule|Species Clause: Limit one of each Pokémon
|rule|OHKO Clause: OHKO moves are banned
|rule|Evasion Items Clause: Evasion items are banned
|rule|Evasion Moves Clause: Evasion moves are banned
|rule|Endless Battle Clause: Forcing endless battles is banned
|rule|HP Percentage Mod: HP is shown in percentages
|clearpoke
|poke|p1|Corviknight, M|
|poke|p1|Slowking-Galar, F|
|poke|p1|Dondozo, M|
|poke|p1|Blissey, F|
|poke|p1|Alomomola, F|
|poke|p1|Clodsire, F|
|poke|p2|Sneasler, M|
|poke|p2|Dragapult, M|
|poke|p2|Garganacl, F|
|poke|p2|Great Tusk|
|poke|p2|Dragonite, F|
|poke|p2|Slowking, M|
|teampreview
|inactive|Battle timer is ON: inactive players will automatically lose when time's up. (requested by ademalawer)
|c|☆ademalawer|glhf
|c|☆swellow is stronk|ghlf
|c|☆ademalawer|stall is really egregious lmao
|inactive|ademalawer has 270 seconds left.
|c|☆swellow is stronk|this is an experimental team lmao
|c|☆swellow is stronk|not expecting to get far so hey lets try it ou
|
|t:|1685847964
|start
|switch|p1a: Alomomola|Alomomola, F|100/100
|switch|p2a: Bonfire|Garganacl, F|100/100
|turn|1
|
|t:|1685847970
|move|p2a: Bonfire|Protect|p2a: Bonfire
|-singleturn|p2a: Bonfire|Protect
|move|p1a: Alomomola|Chilling Water|p2a: Bonfire
|-activate|p2a: Bonfire|move: Protect
|
|upkeep
|turn|2
|
|t:|1685847975
|move|p1a: Alomomola|Chilling Water|p2a: Bonfire
|-supereffective|p2a: Bonfire
|-damage|p2a: Bonfire|85/100
|-unboost|p2a: Bonfire|atk|1
|move|p2a: Bonfire|Salt Cure|p1a: Alomomola
|-damage|p1a: Alomomola|95/100
|-start|p1a: Alomomola|Salt Cure
|
|-heal|p2a: Bonfire|91/100|[from] item: Leftovers
|-damage|p1a: Alomomola|70/100|[from] Salt Cure
|upkeep
|turn|3
|
|t:|1685847979
|switch|p1a: Slowking|Slowking-Galar, F|100/100
|move|p2a: Bonfire|Curse|p2a: Bonfire
|-unboost|p2a: Bonfire|spe|1
|-boost|p2a: Bonfire|atk|1
|-boost|p2a: Bonfire|def|1
|
|-heal|p2a: Bonfire|98/100|[from] item: Leftovers
|upkeep
|turn|4
|
|t:|1685847985
|move|p2a: Bonfire|Protect|p2a: Bonfire
|-singleturn|p2a: Bonfire|Protect
|move|p1a: Slowking|Psychic|p2a: Bonfire
|-activate|p2a: Bonfire|move: Protect
|
|-heal|p2a: Bonfire|100/100|[from] item: Leftovers
|upkeep
|turn|5
|
|t:|1685847991
|move|p2a: Bonfire|Salt Cure|p1a: Slowking
|-damage|p1a: Slowking|88/100
|-start|p1a: Slowking|Salt Cure
|move|p1a: Slowking|Psychic|p2a: Bonfire
|-damage|p2a: Bonfire|73/100
|
|-heal|p2a: Bonfire|79/100|[from] item: Leftovers
|-damage|p1a: Slowking|75/100|[from] Salt Cure
|upkeep
|turn|6
|
|t:|1685847996
|switch|p1a: Alomomola|Alomomola, F|100/100
|move|p2a: Bonfire|Curse|p2a: Bonfire
|-unboost|p2a: Bonfire|spe|1
|-boost|p2a: Bonfire|atk|1
|-boost|p2a: Bonfire|def|1
|
|-heal|p2a: Bonfire|85/100|[from] item: Leftovers
|upkeep
|turn|7
|
|t:|1685847998
|move|p2a: Bonfire|Protect|p2a: Bonfire
|-singleturn|p2a: Bonfire|Protect
|move|p1a: Alomomola|Chilling Water|p2a: Bonfire
|-activate|p2a: Bonfire|move: Protect
|
|-heal|p2a: Bonfire|91/100|[from] item: Leftovers
|upkeep
|turn|8
|
|t:|1685848001
|move|p1a: Alomomola|Chilling Water|p2a: Bonfire
|-supereffective|p2a: Bonfire
|-damage|p2a: Bonfire|77/100
|-unboost|p2a: Bonfire|atk|1
|move|p2a: Bonfire|Salt Cure|p1a: Alomomola
|-damage|p1a: Alomomola|93/100
|-start|p1a: Alomomola|Salt Cure
|
|-heal|p2a: Bonfire|84/100|[from] item: Leftovers
|-damage|p1a: Alomomola|68/100|[from] Salt Cure
|upkeep
|turn|9
|
|t:|1685848007
|switch|p1a: Slowking|Slowking-Galar, F|100/100
|move|p2a: Bonfire|Salt Cure|p1a: Slowking
|-damage|p1a: Slowking|87/100
|-start|p1a: Slowking|Salt Cure
|
|-heal|p2a: Bonfire|90/100|[from] item: Leftovers
|-damage|p1a: Slowking|74/100|[from] Salt Cure
|upkeep
|turn|10
|
|t:|1685848021
|switch|p1a: Alomomola|Alomomola, F|100/100
|move|p2a: Bonfire|Salt Cure|p1a: Alomomola
|-damage|p1a: Alomomola|94/100
|-start|p1a: Alomomola|Salt Cure
|
|-heal|p2a: Bonfire|96/100|[from] item: Leftovers
|-damage|p1a: Alomomola|69/100|[from] Salt Cure
|upkeep
|turn|11
|
|t:|1685848025
|switch|p1a: Slowking|Slowking-Galar, F|100/100
|switch|p2a: Me and Your Mama|Dragapult, M, shiny|100/100
|
|upkeep
|turn|12
|j| LiRip
|
|t:|1685848037
|move|p2a: Me and Your Mama|Substitute|p2a: Me and Your Mama
|-start|p2a: Me and Your Mama|Substitute
|-damage|p2a: Me and Your Mama|76/100
|move|p1a: Slowking|Sludge Bomb|p2a: Me and Your Mama
|-resisted|p2a: Me and Your Mama
|-end|p2a: Me and Your Mama|Substitute
|
|-heal|p2a: Me and Your Mama|82/100|[from] item: Leftovers
|upkeep
|turn|13
|
|t:|1685848048
|switch|p2a: Bonfire|Garganacl, F|96/100
|move|p1a: Slowking|Sludge Bomb|p2a: Bonfire
|-resisted|p2a: Bonfire
|-damage|p2a: Bonfire|83/100
|
|-heal|p2a: Bonfire|89/100|[from] item: Leftovers
|upkeep
|turn|14
|
|t:|1685848053
|move|p2a: Bonfire|Salt Cure|p1a: Slowking
|-damage|p1a: Slowking|88/100
|-start|p1a: Slowking|Salt Cure
|move|p1a: Slowking|Psychic|p2a: Bonfire
|-damage|p2a: Bonfire|62/100
|
|-heal|p2a: Bonfire|68/100|[from] item: Leftovers
|-damage|p1a: Slowking|76/100|[from] Salt Cure
|upkeep
|turn|15
|
|t:|1685848055
|switch|p2a: Me and Your Mama|Dragapult, M, shiny|82/100
|switch|p1a: Alomomola|Alomomola, F|100/100
|
|-heal|p2a: Me and Your Mama|88/100|[from] item: Leftovers
|upkeep
|turn|16
|
|t:|1685848065
|move|p2a: Me and Your Mama|Substitute|p2a: Me and Your Mama
|-start|p2a: Me and Your Mama|Substitute
|-damage|p2a: Me and Your Mama|63/100
|move|p1a: Alomomola|Wish|p1a: Alomomola
|
|-heal|p2a: Me and Your Mama|69/100|[from] item: Leftovers
|upkeep
|turn|17
|
|t:|1685848070
|switch|p1a: Slowking|Slowking-Galar, F|100/100
|move|p2a: Me and Your Mama|Will-O-Wisp|p1a: Slowking
|-status|p1a: Slowking|brn
|
|-heal|p2a: Me and Your Mama|75/100|[from] item: Leftovers
|-damage|p1a: Slowking|94/100 brn|[from] brn
|upkeep
|turn|18
|
|t:|1685848078
|switch|p1a: Blissey|Blissey, F|100/100
|move|p2a: Me and Your Mama|Hex|p1a: Blissey
|-immune|p1a: Blissey
|
|-heal|p2a: Me and Your Mama|81/100|[from] item: Leftovers
|upkeep
|turn|19
|
|t:|1685848094
|move|p2a: Me and Your Mama|Dragon Darts|p1a: Blissey
|-damage|p1a: Blissey|80/100
|-anim|p2a: Me and Your Mama|Dragon Darts|p1a: Blissey
|-damage|p1a: Blissey|59/100
|move|p1a: Blissey|Stealth Rock|p2a: Me and Your Mama
|-sidestart|p2: ademalawer|move: Stealth Rock
|
|-heal|p2a: Me and Your Mama|87/100|[from] item: Leftovers
|upkeep
|turn|20
|
|t:|1685848101
|move|p2a: Me and Your Mama|Dragon Darts|p1a: Blissey
|-damage|p1a: Blissey|35/100
|-anim|p2a: Me and Your Mama|Dragon Darts|p1a: Blissey
|-damage|p1a: Blissey|14/100
|move|p1a: Blissey|Soft-Boiled|p1a: Blissey
|-heal|p1a: Blissey|64/100
|
|-heal|p2a: Me and Your Mama|93/100|[from] item: Leftovers
|upkeep
|turn|21
|
|t:|1685848104
|move|p2a: Me and Your Mama|Dragon Darts|p1a: Blissey
|-damage|p1a: Blissey|42/100
|-anim|p2a: Me and Your Mama|Dragon Darts|p1a: Blissey
|-damage|p1a: Blissey|20/100
|move|p1a: Blissey|Soft-Boiled|p1a: Blissey
|-heal|p1a: Blissey|70/100
|
|-heal|p2a: Me and Your Mama|99/100|[from] item: Leftovers
|upkeep
|turn|22
|
|t:|1685848109
|switch|p1a: Corviknight|Corviknight, M|100/100
|-ability|p1a: Corviknight|Pressure
|move|p2a: Me and Your Mama|Dragon Darts|p1a: Corviknight
|-resisted|p1a: Corviknight
|-damage|p1a: Corviknight|94/100
|-anim|p2a: Me and Your Mama|Dragon Darts|p1a: Corviknight
|-resisted|p1a: Corviknight
|-damage|p1a: Corviknight|88/100
|
|-heal|p2a: Me and Your Mama|100/100|[from] item: Leftovers
|upkeep
|turn|23
|
|t:|1685848116
|switch|p1a: Slowking|Slowking-Galar, F|100/100 brn
|move|p2a: Me and Your Mama|Will-O-Wisp|p1a: Slowking
|-fail|p1a: Slowking|brn
|
|-damage|p1a: Slowking|94/100 brn|[from] brn
|upkeep
|turn|24
|
|t:|1685848123
|move|p2a: Me and Your Mama|Hex|p1a: Slowking
|-supereffective|p1a: Slowking
|-damage|p1a: Slowking|26/100 brn
|move|p1a: Slowking|Sludge Bomb|p2a: Me and Your Mama
|-resisted|p2a: Me and Your Mama
|-activate|p2a: Me and Your Mama|move: Substitute|[damage]
|
|-damage|p1a: Slowking|20/100 brn|[from] brn
|upkeep
|turn|25
|
|t:|1685848132
|switch|p1a: Corviknight|Corviknight, M|88/100
|-ability|p1a: Corviknight|Pressure
|move|p2a: Me and Your Mama|Dragon Darts|p1a: Corviknight
|-resisted|p1a: Corviknight
|-damage|p1a: Corviknight|81/100
|-anim|p2a: Me and Your Mama|Dragon Darts|p1a: Corviknight
|-resisted|p1a: Corviknight
|-damage|p1a: Corviknight|75/100
|
|upkeep
|turn|26
|
|t:|1685848148
|switch|p1a: Clodsire|Clodsire, F|100/100
|move|p2a: Me and Your Mama|Will-O-Wisp|p1a: Clodsire
|-status|p1a: Clodsire|brn
|
|-damage|p1a: Clodsire|94/100 brn|[from] brn
|upkeep
|turn|27
|
|t:|1685848157
|move|p2a: Me and Your Mama|Dragon Darts|p1a: Clodsire
|-damage|p1a: Clodsire|74/100 brn
|-anim|p2a: Me and Your Mama|Dragon Darts|p1a: Clodsire
|-damage|p1a: Clodsire|52/100 brn
|move|p1a: Clodsire|Earthquake|p2a: Me and Your Mama
|-end|p2a: Me and Your Mama|Substitute
|
|-damage|p1a: Clodsire|46/100 brn|[from] brn
|upkeep
|turn|28
|
|t:|1685848161
|move|p2a: Me and Your Mama|Substitute|p2a: Me and Your Mama
|-start|p2a: Me and Your Mama|Substitute
|-damage|p2a: Me and Your Mama|76/100
|move|p1a: Clodsire|Recover|p1a: Clodsire
|-heal|p1a: Clodsire|96/100 brn
|
|-heal|p2a: Me and Your Mama|82/100|[from] item: Leftovers
|-damage|p1a: Clodsire|90/100 brn|[from] brn
|upkeep
|turn|29
|
|t:|1685848164
|move|p2a: Me and Your Mama|Hex|p1a: Clodsire
|-damage|p1a: Clodsire|60/100 brn
|move|p1a: Clodsire|Earthquake|p2a: Me and Your Mama
|-activate|p2a: Me and Your Mama|move: Substitute|[damage]
|
|-heal|p2a: Me and Your Mama|88/100|[from] item: Leftovers
|-damage|p1a: Clodsire|54/100 brn|[from] brn
|upkeep
|turn|30
|
|t:|1685848170
|move|p2a: Me and Your Mama|Hex|p1a: Clodsire
|-damage|p1a: Clodsire|26/100 brn
|move|p1a: Clodsire|Recover|p1a: Clodsire
|-heal|p1a: Clodsire|76/100 brn
|
|-heal|p2a: Me and Your Mama|94/100|[from] item: Leftovers
|-damage|p1a: Clodsire|69/100 brn|[from] brn
|upkeep
|turn|31
|
|t:|1685848174
|move|p2a: Me and Your Mama|Hex|p1a: Clodsire
|-damage|p1a: Clodsire|40/100 brn
|move|p1a: Clodsire|Earthquake|p2a: Me and Your Mama
|-end|p2a: Me and Your Mama|Substitute
|
|-heal|p2a: Me and Your Mama|99/100|[from] item: Leftovers
|-damage|p1a: Clodsire|34/100 brn|[from] brn
|upkeep
|turn|32
|
|t:|1685848178
|move|p2a: Me and Your Mama|Dragon Darts|p1a: Clodsire
|-damage|p1a: Clodsire|12/100 brn
|-anim|p2a: Me and Your Mama|Dragon Darts|p1a: Clodsire
|-damage|p1a: Clodsire|0 fnt
|faint|p1a: Clodsire
|
|-heal|p2a: Me and Your Mama|100/100|[from] item: Leftovers
|upkeep
|
|t:|1685848189
|switch|p1a: Alomomola|Alomomola, F|100/100
|turn|33
|
|t:|1685848198
|move|p2a: Me and Your Mama|Substitute|p2a: Me and Your Mama
|-start|p2a: Me and Your Mama|Substitute
|-damage|p2a: Me and Your Mama|76/100
|move|p1a: Alomomola|Wish|p1a: Alomomola
|
|-heal|p2a: Me and Your Mama|82/100|[from] item: Leftovers
|upkeep
|turn|34
|
|t:|1685848202
|switch|p1a: Blissey|Blissey, F|70/100
|move|p2a: Me and Your Mama|Hex|p1a: Blissey
|-immune|p1a: Blissey
|
|-heal|p1a: Blissey|100/100|[from] move: Wish|[wisher] Alomomola
|-heal|p2a: Me and Your Mama|88/100|[from] item: Leftovers
|upkeep
|turn|35
|
|t:|1685848217
|-terastallize|p1a: Blissey|Fairy
|move|p2a: Me and Your Mama|Dragon Darts|p1a: Blissey
|-immune|p1a: Blissey
|move|p1a: Blissey|Seismic Toss|p2a: Me and Your Mama
|-immune|p2a: Me and Your Mama
|
|-heal|p2a: Me and Your Mama|94/100|[from] item: Leftovers
|upkeep
|turn|36
|
|t:|1685848222
|move|p2a: Me and Your Mama|Will-O-Wisp|p1a: Blissey|[miss]
|-miss|p2a: Me and Your Mama|p1a: Blissey
|move|p1a: Blissey|Seismic Toss|p2a: Me and Your Mama
|-immune|p2a: Me and Your Mama
|
|-heal|p2a: Me and Your Mama|99/100|[from] item: Leftovers
|upkeep
|turn|37
|
|t:|1685848226
|switch|p1a: Slowking|Slowking-Galar, F|53/100 brn
|move|p2a: Me and Your Mama|Will-O-Wisp|p1a: Slowking
|-fail|p1a: Slowking|brn
|
|-heal|p2a: Me and Your Mama|100/100|[from] item: Leftovers
|-damage|p1a: Slowking|47/100 brn|[from] brn
|upkeep
|turn|38
|
|t:|1685848229
|switch|p1a: Blissey|Blissey, F, tera:Fairy|100/100
|move|p2a: Me and Your Mama|Will-O-Wisp|p1a: Blissey
|-status|p1a: Blissey|brn
|
|-damage|p1a: Blissey|94/100 brn|[from] brn
|upkeep
|turn|39
|
|t:|1685848235
|move|p2a: Me and Your Mama|Hex|p1a: Blissey
|-damage|p1a: Blissey|78/100 brn
|move|p1a: Blissey|Seismic Toss|p2a: Me and Your Mama
|-immune|p2a: Me and Your Mama
|
|-damage|p1a: Blissey|72/100 brn|[from] brn
|upkeep
|turn|40
|
|t:|1685848256
|move|p2a: Me and Your Mama|Hex|p1a: Blissey
|-damage|p1a: Blissey|56/100 brn
|move|p1a: Blissey|Seismic Toss|p2a: Me and Your Mama
|-immune|p2a: Me and Your Mama
|
|-damage|p1a: Blissey|50/100 brn|[from] brn
|upkeep
|turn|41
|inactive|ademalawer has 270 seconds left.
|
|t:|1685848280
|switch|p2a: Redbone|Sneasler, M, shiny|100/100
|-damage|p2a: Redbone|95/100|[from] Stealth Rock
|move|p1a: Blissey|Soft-Boiled|p1a: Blissey
|-heal|p1a: Blissey|99/100 brn
|
|-damage|p1a: Blissey|94/100 brn|[from] brn
|upkeep
|turn|42
|
|t:|1685848285
|-curestatus|p1a: Blissey|brn|[from] ability: Natural Cure
|switch|p1a: Alomomola|Alomomola, F|100/100
|move|p2a: Redbone|Close Combat|p1a: Alomomola
|-damage|p1a: Alomomola|49/100
|-unboost|p2a: Redbone|def|1
|-unboost|p2a: Redbone|spd|1
|-status|p1a: Alomomola|psn|[from] ability: Poison Touch|[of] p2a: Redbone
|
|-damage|p1a: Alomomola|36/100 psn|[from] psn
|upkeep
|turn|43
|
|t:|1685848293
|switch|p1a: Corviknight|Corviknight, M|75/100
|-ability|p1a: Corviknight|Pressure
|move|p2a: Redbone|Close Combat|p1a: Corviknight
|-damage|p1a: Corviknight|18/100
|-unboost|p2a: Redbone|def|1
|-unboost|p2a: Redbone|spd|1
|-damage|p2a: Redbone|78/100|[from] item: Rocky Helmet|[of] p1a: Corviknight
|
|upkeep
|turn|44
|
|t:|1685848297
|move|p2a: Redbone|Close Combat|p1a: Corviknight
|-damage|p1a: Corviknight|0 fnt
|-unboost|p2a: Redbone|def|1
|-unboost|p2a: Redbone|spd|1
|-damage|p2a: Redbone|61/100|[from] item: Rocky Helmet|[of] p1a: Corviknight
|faint|p1a: Corviknight
|
|upkeep
|
|t:|1685848299
|switch|p1a: Slowking|Slowking-Galar, F|80/100 brn
|turn|45
|
|t:|1685848303
|switch|p2a: Bonfire|Garganacl, F|68/100
|-damage|p2a: Bonfire|55/100|[from] Stealth Rock
|move|p1a: Slowking|Substitute|p1a: Slowking
|-start|p1a: Slowking|Substitute
|-damage|p1a: Slowking|55/100 brn
|
|-heal|p2a: Bonfire|62/100|[from] item: Leftovers
|-damage|p1a: Slowking|49/100 brn|[from] brn
|upkeep
|turn|46
|
|t:|1685848310
|move|p2a: Bonfire|Salt Cure|p1a: Slowking
|-activate|p1a: Slowking|move: Substitute|[damage]
|move|p1a: Slowking|Psychic|p2a: Bonfire
|-damage|p2a: Bonfire|35/100
|
|-heal|p2a: Bonfire|42/100|[from] item: Leftovers
|-damage|p1a: Slowking|43/100 brn|[from] brn
|upkeep
|turn|47
|
|t:|1685848319
|move|p2a: Bonfire|Recover|p2a: Bonfire
|-heal|p2a: Bonfire|92/100
|move|p1a: Slowking|Psychic|p2a: Bonfire
|-damage|p2a: Bonfire|64/100
|
|-heal|p2a: Bonfire|70/100|[from] item: Leftovers
|-damage|p1a: Slowking|37/100 brn|[from] brn
|upkeep
|turn|48
|
|t:|1685848322
|switch|p2a: Me and Your Mama|Dragapult, M, shiny|100/100
|-damage|p2a: Me and Your Mama|88/100|[from] Stealth Rock
|move|p1a: Slowking|Slack Off|p1a: Slowking
|-heal|p1a: Slowking|87/100 brn
|
|-heal|p2a: Me and Your Mama|94/100|[from] item: Leftovers
|-damage|p1a: Slowking|81/100 brn|[from] brn
|upkeep
|turn|49
|
|t:|1685848324
|move|p2a: Me and Your Mama|Hex|p1a: Slowking
|-supereffective|p1a: Slowking
|-damage|p1a: Slowking|9/100 brn
|move|p1a: Slowking|Psychic|p2a: Me and Your Mama
|-damage|p2a: Me and Your Mama|44/100
|
|-heal|p2a: Me and Your Mama|50/100|[from] item: Leftovers
|-damage|p1a: Slowking|3/100 brn|[from] brn
|upkeep
|turn|50
|c|☆swellow is stronk|i forgot that ability existed lmao
|
|t:|1685848337
|switch|p1a: Blissey|Blissey, F, tera:Fairy|94/100
|move|p2a: Me and Your Mama|Will-O-Wisp|p1a: Blissey
|-status|p1a: Blissey|brn
|
|-heal|p2a: Me and Your Mama|56/100|[from] item: Leftovers
|-damage|p1a: Blissey|88/100 brn|[from] brn
|upkeep
|turn|51
|
|t:|1685848346
|switch|p2a: Redbone|Sneasler, M, shiny|61/100
|-damage|p2a: Redbone|55/100|[from] Stealth Rock
|move|p1a: Blissey|Seismic Toss|p2a: Redbone
|-damage|p2a: Redbone|22/100
|
|-damage|p1a: Blissey|82/100 brn|[from] brn
|upkeep
|turn|52
|
|t:|1685848358
|-curestatus|p1a: Blissey|brn|[from] ability: Natural Cure
|switch|p1a: Dondozo|Dondozo, M|100/100
|move|p2a: Redbone|Dire Claw|p1a: Dondozo
|-damage|p1a: Dondozo|73/100
|-status|p1a: Dondozo|slp
|
|upkeep
|turn|53
|
|t:|1685848365
|switch|p2a: Bonfire|Garganacl, F|70/100
|-damage|p2a: Bonfire|58/100|[from] Stealth Rock
|cant|p1a: Dondozo|slp
|move|p1a: Dondozo|Sleep Talk|p1a: Dondozo
|move|p1a: Dondozo|Body Press|p2a: Bonfire|[from]move: Sleep Talk
|-supereffective|p2a: Bonfire
|-damage|p2a: Bonfire|27/100
|
|-heal|p2a: Bonfire|33/100|[from] item: Leftovers
|upkeep
|turn|54
|
|t:|1685848375
|switch|p1a: Slowking|Slowking-Galar, F|37/100 brn
|-terastallize|p2a: Bonfire|Fairy
|move|p2a: Bonfire|Salt Cure|p1a: Slowking
|-damage|p1a: Slowking|23/100 brn
|-start|p1a: Slowking|Salt Cure
|
|-heal|p2a: Bonfire|39/100|[from] item: Leftovers
|-damage|p1a: Slowking|17/100 brn|[from] brn
|-damage|p1a: Slowking|5/100 brn|[from] Salt Cure
|upkeep
|turn|55
|
|t:|1685848378
|switch|p1a: Alomomola|Alomomola, F|70/100 psn
|move|p2a: Bonfire|Protect||[still]
|-fail|p2a: Bonfire
|
|-heal|p2a: Bonfire|45/100|[from] item: Leftovers
|-damage|p1a: Alomomola|57/100 psn|[from] psn
|upkeep
|turn|56
|
|t:|1685848381
|switch|p1a: Slowking|Slowking-Galar, F|38/100 brn
|move|p2a: Bonfire|Recover|p2a: Bonfire
|-heal|p2a: Bonfire|95/100
|
|-heal|p2a: Bonfire|100/100|[from] item: Leftovers
|-damage|p1a: Slowking|32/100 brn|[from] brn
|upkeep
|turn|57
|
|t:|1685848383
|switch|p1a: Alomomola|Alomomola, F|90/100 psn
|move|p2a: Bonfire|Salt Cure|p1a: Alomomola
|-damage|p1a: Alomomola|83/100 psn
|-start|p1a: Alomomola|Salt Cure
|
|-damage|p1a: Alomomola|71/100 psn|[from] psn
|-damage|p1a: Alomomola|46/100 psn|[from] Salt Cure
|upkeep
|turn|58
|
|t:|1685848388
|switch|p1a: Slowking|Slowking-Galar, F|65/100 brn
|switch|p2a: Redbone|Sneasler, M, shiny|22/100
|-damage|p2a: Redbone|16/100|[from] Stealth Rock
|
|-damage|p1a: Slowking|59/100 brn|[from] brn
|upkeep
|turn|59
|
|t:|1685848393
|move|p2a: Redbone|U-turn|p1a: Slowking
|-damage|p1a: Slowking|24/100 brn
|
|t:|1685848395
|switch|p2a: Boogieman|Slowking, M, shiny|100/100|[from] U-turn
|move|p1a: Slowking|Psychic|p2a: Boogieman
|-resisted|p2a: Boogieman
|-damage|p2a: Boogieman|91/100
|
|-damage|p1a: Slowking|18/100 brn|[from] brn
|upkeep
|turn|60
|
|t:|1685848400
|switch|p1a: Blissey|Blissey, F, tera:Fairy|82/100
|move|p2a: Boogieman|Future Sight|p1a: Blissey
|-start|p2a: Boogieman|move: Future Sight
|
|upkeep
|turn|61
|
|t:|1685848403
|move|p1a: Blissey|Heal Bell|p1a: Blissey
|-activate|p1a: Blissey|move: Heal Bell
|-curestatus|p1: Slowking|brn|[msg]
|-curestatus|p1: Dondozo|slp|[msg]
|-curestatus|p1: Alomomola|psn|[msg]
|move|p2a: Boogieman|Chilly Reception|p2a: Boogieman
|-weather|Snow
|
|t:|1685848410
|switch|p2a: 3005|Great Tusk|100/100|[from] Chilly Reception
|-damage|p2a: 3005|98/100|[from] Stealth Rock
|
|-weather|Snow|[upkeep]
|-heal|p2a: 3005|100/100|[from] item: Leftovers
|upkeep
|turn|62
|
|t:|1685848415
|switch|p1a: Alomomola|Alomomola, F|79/100
|move|p2a: 3005|Rapid Spin|p1a: Alomomola
|-crit|p1a: Alomomola
|-damage|p1a: Alomomola|66/100
|-boost|p2a: 3005|spe|1
|-sideend|p2: ademalawer|Stealth Rock|[from] move: Rapid Spin|[of] p2a: 3005
|
|-weather|Snow|[upkeep]
|-end|p1a: Alomomola|move: Future Sight
|-damage|p1a: Alomomola|21/100
|upkeep
|turn|63
|
|t:|1685848422
|switch|p1a: Slowking|Slowking-Galar, F|52/100
|move|p2a: 3005|Earthquake|p1a: Slowking
|-supereffective|p1a: Slowking
|-damage|p1a: Slowking|0 fnt
|faint|p1a: Slowking
|
|-weather|Snow|[upkeep]
|upkeep
|
|t:|1685848425
|switch|p1a: Alomomola|Alomomola, F|54/100
|turn|64
|
|t:|1685848428
|move|p2a: 3005|Earthquake|p1a: Alomomola
|-damage|p1a: Alomomola|30/100
|move|p1a: Alomomola|Wish|p1a: Alomomola
|
|-weather|Snow|[upkeep]
|upkeep
|turn|65
|
|t:|1685848431
|move|p2a: 3005|Stealth Rock|p1a: Alomomola
|-sidestart|p1: swellow is stronk|move: Stealth Rock
|move|p1a: Alomomola|Whirlpool|p2a: 3005
|-supereffective|p2a: 3005
|-damage|p2a: 3005|85/100
|-activate|p2a: 3005|move: Whirlpool|[of] p1a: Alomomola
|
|-weather|none
|-heal|p1a: Alomomola|80/100|[from] move: Wish|[wisher] Alomomola
|-heal|p2a: 3005|91/100|[from] item: Leftovers
|-damage|p2a: 3005|79/100|[from] move: Whirlpool|[partiallytrapped]
|upkeep
|turn|66
|
|t:|1685848436
|move|p2a: 3005|Knock Off|p1a: Alomomola
|-damage|p1a: Alomomola|64/100
|-enditem|p1a: Alomomola|Heavy-Duty Boots|[from] move: Knock Off|[of] p2a: 3005
|move|p1a: Alomomola|Wish|p1a: Alomomola
|
|-heal|p2a: 3005|85/100|[from] item: Leftovers
|-damage|p2a: 3005|72/100|[from] move: Whirlpool|[partiallytrapped]
|upkeep
|turn|67
|
|t:|1685848441
|move|p2a: 3005|Earthquake|p1a: Alomomola
|-damage|p1a: Alomomola|42/100
|move|p1a: Alomomola|Chilling Water|p2a: 3005
|-supereffective|p2a: 3005
|-damage|p2a: 3005|49/100
|-unboost|p2a: 3005|atk|1
|
|-heal|p1a: Alomomola|92/100|[from] move: Wish|[wisher] Alomomola
|-heal|p2a: 3005|55/100|[from] item: Leftovers
|-damage|p2a: 3005|43/100|[from] move: Whirlpool|[partiallytrapped]
|upkeep
|turn|68
|
|t:|1685848447
|move|p2a: 3005|Earthquake|p1a: Alomomola
|-damage|p1a: Alomomola|76/100
|move|p1a: Alomomola|Chilling Water|p2a: 3005
|-supereffective|p2a: 3005
|-damage|p2a: 3005|19/100
|-unboost|p2a: 3005|atk|1
|
|-heal|p2a: 3005|25/100|[from] item: Leftovers
|-damage|p2a: 3005|13/100|[from] move: Whirlpool|[partiallytrapped]
|upkeep
|turn|69
|c|☆swellow is stronk|you realize you can get out of that with rapid spin
|
|t:|1685848458
|move|p2a: 3005|Earthquake|p1a: Alomomola
|-damage|p1a: Alomomola|65/100
|move|p1a: Alomomola|Chilling Water|p2a: 3005
|-supereffective|p2a: 3005
|-crit|p2a: 3005
|-damage|p2a: 3005|0 fnt
|faint|p2a: 3005
|-end|p2a: 3005|Protosynthesis|[silent]
|
|upkeep
|
|t:|1685848468
|switch|p2a: Redbone|Sneasler, M, shiny|16/100
|turn|70
|
|t:|1685848475
|move|p2a: Redbone|Close Combat|p1a: Alomomola
|-damage|p1a: Alomomola|19/100
|-unboost|p2a: Redbone|def|1
|-unboost|p2a: Redbone|spd|1
|-status|p1a: Alomomola|psn|[from] ability: Poison Touch|[of] p2a: Redbone
|move|p1a: Alomomola|Chilling Water|p2a: Redbone
|-damage|p2a: Redbone|0 fnt
|faint|p2a: Redbone
|
|-damage|p1a: Alomomola|7/100 psn|[from] psn
|upkeep
|
|t:|1685848484
|switch|p2a: Bonfire|Garganacl, F, tera:Fairy|100/100
|turn|71
|
|t:|1685848491
|switch|p1a: Blissey|Blissey, F, tera:Fairy|82/100
|move|p2a: Bonfire|Salt Cure|p1a: Blissey
|-damage|p1a: Blissey|68/100
|-start|p1a: Blissey|Salt Cure
|
|-damage|p1a: Blissey|55/100|[from] Salt Cure
|upkeep
|turn|72
|
|t:|1685848496
|move|p1a: Blissey|Heal Bell|p1a: Blissey
|-activate|p1a: Blissey|move: Heal Bell
|-curestatus|p1: Alomomola|psn|[msg]
|move|p2a: Bonfire|Curse|p2a: Bonfire
|-unboost|p2a: Bonfire|spe|1
|-boost|p2a: Bonfire|atk|1
|-boost|p2a: Bonfire|def|1
|
|-damage|p1a: Blissey|43/100|[from] Salt Cure
|upkeep
|turn|73
|
|t:|1685848499
|move|p1a: Blissey|Soft-Boiled|p1a: Blissey
|-heal|p1a: Blissey|93/100
|move|p2a: Bonfire|Curse|p2a: Bonfire
|-unboost|p2a: Bonfire|spe|1
|-boost|p2a: Bonfire|atk|1
|-boost|p2a: Bonfire|def|1
|
|-damage|p1a: Blissey|80/100|[from] Salt Cure
|upkeep
|turn|74
|
|t:|1685848501
|switch|p1a: Alomomola|Alomomola, F|40/100
|-damage|p1a: Alomomola|28/100|[from] Stealth Rock
|move|p2a: Bonfire|Curse|p2a: Bonfire
|-unboost|p2a: Bonfire|spe|1
|-boost|p2a: Bonfire|atk|1
|-boost|p2a: Bonfire|def|1
|
|upkeep
|turn|75
|
|t:|1685848509
|move|p1a: Alomomola|Wish|p1a: Alomomola
|move|p2a: Bonfire|Salt Cure|p1a: Alomomola
|-damage|p1a: Alomomola|10/100
|-start|p1a: Alomomola|Salt Cure
|
|-damage|p1a: Alomomola|0 fnt|[from] Salt Cure
|faint|p1a: Alomomola
|upkeep
|
|t:|1685848511
|switch|p1a: Dondozo|Dondozo, M|73/100
|turn|76
|
|t:|1685848514
|move|p1a: Dondozo|Liquidation|p2a: Bonfire
|-damage|p2a: Bonfire|86/100
|move|p2a: Bonfire|Salt Cure|p1a: Dondozo
|-damage|p1a: Dondozo|67/100
|-start|p1a: Dondozo|Salt Cure
|
|-heal|p1a: Dondozo|100/100|[from] move: Wish|[wisher] Alomomola
|-heal|p2a: Bonfire|92/100|[from] item: Leftovers
|-damage|p1a: Dondozo|75/100|[from] Salt Cure
|upkeep
|turn|77
|
|t:|1685848517
|move|p1a: Dondozo|Liquidation|p2a: Bonfire
|-damage|p2a: Bonfire|75/100
|move|p2a: Bonfire|Curse|p2a: Bonfire
|-unboost|p2a: Bonfire|spe|1
|-boost|p2a: Bonfire|atk|1
|-boost|p2a: Bonfire|def|1
|
|-heal|p2a: Bonfire|81/100|[from] item: Leftovers
|-damage|p1a: Dondozo|50/100|[from] Salt Cure
|upkeep
|turn|78
|
|t:|1685848519
|move|p1a: Dondozo|Rest|p1a: Dondozo
|-status|p1a: Dondozo|slp|[from] move: Rest
|-heal|p1a: Dondozo|100/100 slp|[silent]
|move|p2a: Bonfire|Curse|p2a: Bonfire
|-unboost|p2a: Bonfire|spe|1
|-boost|p2a: Bonfire|atk|1
|-boost|p2a: Bonfire|def|1
|
|-heal|p2a: Bonfire|88/100|[from] item: Leftovers
|-damage|p1a: Dondozo|75/100 slp|[from] Salt Cure
|upkeep
|turn|79
|
|t:|1685848521
|cant|p1a: Dondozo|slp
|move|p1a: Dondozo|Sleep Talk|p1a: Dondozo
|move|p1a: Dondozo|Liquidation|p2a: Bonfire|[from]move: Sleep Talk
|-damage|p2a: Bonfire|71/100
|-unboost|p2a: Bonfire|def|1
|move|p2a: Bonfire|Curse|p2a: Bonfire
|-unboost|p2a: Bonfire|spe|1
|-boost|p2a: Bonfire|atk|1
|-boost|p2a: Bonfire|def|1
|
|-heal|p2a: Bonfire|77/100|[from] item: Leftovers
|-damage|p1a: Dondozo|50/100 slp|[from] Salt Cure
|upkeep
|turn|80
|
|t:|1685848524
|cant|p1a: Dondozo|slp
|move|p1a: Dondozo|Sleep Talk|p1a: Dondozo
|move|p1a: Dondozo|Liquidation|p2a: Bonfire|[from]move: Sleep Talk
|-damage|p2a: Bonfire|62/100
|move|p2a: Bonfire|Salt Cure|p1a: Dondozo
|-damage|p1a: Dondozo|44/100 slp
|
|-heal|p2a: Bonfire|68/100|[from] item: Leftovers
|-damage|p1a: Dondozo|19/100 slp|[from] Salt Cure
|upkeep
|turn|81
|
|t:|1685848529
|-curestatus|p1a: Dondozo|slp|[msg]
|move|p1a: Dondozo|Rest|p1a: Dondozo
|-status|p1a: Dondozo|slp|[from] move: Rest
|-heal|p1a: Dondozo|100/100 slp|[silent]
|move|p2a: Bonfire|Salt Cure|p1a: Dondozo
|-crit|p1a: Dondozo
|-damage|p1a: Dondozo|91/100 slp
|
|-heal|p2a: Bonfire|75/100|[from] item: Leftovers
|-damage|p1a: Dondozo|66/100 slp|[from] Salt Cure
|upkeep
|turn|82
|
|t:|1685848533
|cant|p1a: Dondozo|slp
|move|p1a: Dondozo|Sleep Talk|p1a: Dondozo
|move|p1a: Dondozo|Liquidation|p2a: Bonfire|[from]move: Sleep Talk
|-damage|p2a: Bonfire|59/100
|-unboost|p2a: Bonfire|def|1
|move|p2a: Bonfire|Salt Cure|p1a: Dondozo
|-damage|p1a: Dondozo|60/100 slp
|
|-heal|p2a: Bonfire|65/100|[from] item: Leftovers
|-damage|p1a: Dondozo|35/100 slp|[from] Salt Cure
|upkeep
|turn|83
|
|t:|1685848536
|cant|p1a: Dondozo|slp
|move|p1a: Dondozo|Sleep Talk|p1a: Dondozo
|move|p1a: Dondozo|Rest||[from]move: Sleep Talk|[still]
|-fail|p1a: Dondozo
|move|p2a: Bonfire|Salt Cure|p1a: Dondozo
|-damage|p1a: Dondozo|29/100 slp
|
|-heal|p2a: Bonfire|71/100|[from] item: Leftovers
|-damage|p1a: Dondozo|4/100 slp|[from] Salt Cure
|upkeep
|turn|84
|
|t:|1685848539
|-curestatus|p1a: Dondozo|slp|[msg]
|move|p1a: Dondozo|Rest|p1a: Dondozo
|-status|p1a: Dondozo|slp|[from] move: Rest
|-heal|p1a: Dondozo|100/100 slp|[silent]
|move|p2a: Bonfire|Salt Cure|p1a: Dondozo
|-damage|p1a: Dondozo|95/100 slp
|
|-heal|p2a: Bonfire|77/100|[from] item: Leftovers
|-damage|p1a: Dondozo|70/100 slp|[from] Salt Cure
|upkeep
|turn|85
|c| LiRip|Good lord its looks annoying to play stall
|c|☆ademalawer|no one who plays stall is good
|
|t:|1685848560
|switch|p2a: Me and Your Mama|Dragapult, M, shiny|56/100
|cant|p1a: Dondozo|slp
|move|p1a: Dondozo|Sleep Talk|p1a: Dondozo
|move|p1a: Dondozo|Liquidation|p2a: Me and Your Mama|[from]move: Sleep Talk
|-resisted|p2a: Me and Your Mama
|-damage|p2a: Me and Your Mama|33/100
|-unboost|p2a: Me and Your Mama|def|1
|
|-heal|p2a: Me and Your Mama|39/100|[from] item: Leftovers
|-damage|p1a: Dondozo|45/100 slp|[from] Salt Cure
|upkeep
|turn|86
|c|☆swellow is stronk|that is just not true
|c| LiRip|I dunno how people can play stall and have fun or atleast thinks theyre sane
|
|t:|1685848569
|switch|p1a: Blissey|Blissey, F, tera:Fairy|80/100
|move|p2a: Me and Your Mama|Substitute|p2a: Me and Your Mama
|-start|p2a: Me and Your Mama|Substitute
|-damage|p2a: Me and Your Mama|14/100
|
|-heal|p2a: Me and Your Mama|20/100|[from] item: Leftovers
|upkeep
|turn|87
|c| LiRip|Absolutely true
|
|t:|1685848574
|move|p2a: Me and Your Mama|Will-O-Wisp|p1a: Blissey
|-status|p1a: Blissey|brn
|move|p1a: Blissey|Stealth Rock|p2a: Me and Your Mama
|-sidestart|p2: ademalawer|move: Stealth Rock
|
|-heal|p2a: Me and Your Mama|26/100|[from] item: Leftovers
|-damage|p1a: Blissey|74/100 brn|[from] brn
|upkeep
|turn|88
|
|t:|1685848581
|move|p2a: Me and Your Mama|Hex|p1a: Blissey
|-damage|p1a: Blissey|56/100 brn
|move|p1a: Blissey|Heal Bell|p1a: Blissey
|-activate|p1a: Blissey|move: Heal Bell
|-curestatus|p1a: Blissey|brn|[msg]
|-curestatus|p1: Dondozo|slp|[msg]
|
|-heal|p2a: Me and Your Mama|32/100|[from] item: Leftovers
|upkeep
|turn|89
|
|t:|1685848584
|move|p2a: Me and Your Mama|Hex|p1a: Blissey
|-damage|p1a: Blissey|48/100
|move|p1a: Blissey|Soft-Boiled|p1a: Blissey
|-heal|p1a: Blissey|98/100
|
|-heal|p2a: Me and Your Mama|38/100|[from] item: Leftovers
|upkeep
|turn|90
|
|t:|1685848589
|move|p2a: Me and Your Mama|Will-O-Wisp|p1a: Blissey
|-status|p1a: Blissey|brn
|move|p1a: Blissey|Seismic Toss|p2a: Me and Your Mama
|-immune|p2a: Me and Your Mama
|
|-heal|p2a: Me and Your Mama|44/100|[from] item: Leftovers
|-damage|p1a: Blissey|92/100 brn|[from] brn
|upkeep
|turn|91
|
|t:|1685848591
|move|p2a: Me and Your Mama|Hex|p1a: Blissey
|-damage|p1a: Blissey|74/100 brn
|move|p1a: Blissey|Seismic Toss|p2a: Me and Your Mama
|-immune|p2a: Me and Your Mama
|
|-heal|p2a: Me and Your Mama|50/100|[from] item: Leftovers
|-damage|p1a: Blissey|68/100 brn|[from] brn
|upkeep
|turn|92
|
|t:|1685848593
|move|p2a: Me and Your Mama|Will-O-Wisp|p1a: Blissey|[miss]
|-miss|p2a: Me and Your Mama|p1a: Blissey
|move|p1a: Blissey|Seismic Toss|p2a: Me and Your Mama
|-immune|p2a: Me and Your Mama
|
|-heal|p2a: Me and Your Mama|56/100|[from] item: Leftovers
|-damage|p1a: Blissey|61/100 brn|[from] brn
|upkeep
|turn|93
|
|t:|1685848595
|move|p2a: Me and Your Mama|Hex|p1a: Blissey
|-damage|p1a: Blissey|45/100 brn
|move|p1a: Blissey|Soft-Boiled|p1a: Blissey
|-heal|p1a: Blissey|95/100 brn
|
|-heal|p2a: Me and Your Mama|62/100|[from] item: Leftovers
|-damage|p1a: Blissey|88/100 brn|[from] brn
|upkeep
|turn|94
|
|t:|1685848599
|move|p2a: Me and Your Mama|Hex|p1a: Blissey
|-damage|p1a: Blissey|72/100 brn
|move|p1a: Blissey|Heal Bell|p1a: Blissey
|-activate|p1a: Blissey|move: Heal Bell
|-curestatus|p1a: Blissey|brn|[msg]
|
|-heal|p2a: Me and Your Mama|68/100|[from] item: Leftovers
|upkeep
|turn|95
|
|t:|1685848601
|move|p2a: Me and Your Mama|Hex|p1a: Blissey
|-damage|p1a: Blissey|63/100
|move|p1a: Blissey|Seismic Toss|p2a: Me and Your Mama
|-immune|p2a: Me and Your Mama
|
|-heal|p2a: Me and Your Mama|74/100|[from] item: Leftovers
|upkeep
|turn|96
|
|t:|1685848611
|move|p2a: Me and Your Mama|Will-O-Wisp|p1a: Blissey|[miss]
|-miss|p2a: Me and Your Mama|p1a: Blissey
|move|p1a: Blissey|Soft-Boiled|p1a: Blissey
|-heal|p1a: Blissey|100/100
|
|-heal|p2a: Me and Your Mama|80/100|[from] item: Leftovers
|upkeep
|turn|97
|
|t:|1685848614
|move|p2a: Me and Your Mama|Will-O-Wisp|p1a: Blissey|[miss]
|-miss|p2a: Me and Your Mama|p1a: Blissey
|move|p1a: Blissey|Seismic Toss|p2a: Me and Your Mama
|-immune|p2a: Me and Your Mama
|
|-heal|p2a: Me and Your Mama|86/100|[from] item: Leftovers
|upkeep
|turn|98
|
|t:|1685848615
|move|p2a: Me and Your Mama|Will-O-Wisp|p1a: Blissey|[miss]
|-miss|p2a: Me and Your Mama|p1a: Blissey
|move|p1a: Blissey|Seismic Toss|p2a: Me and Your Mama
|-immune|p2a: Me and Your Mama
|
|-heal|p2a: Me and Your Mama|92/100|[from] item: Leftovers
|upkeep
|turn|99
|c|☆swellow is stronk|lol sry
|
|t:|1685848623
|move|p2a: Me and Your Mama|Will-O-Wisp|p1a: Blissey
|-status|p1a: Blissey|brn
|move|p1a: Blissey|Seismic Toss|p2a: Me and Your Mama
|-immune|p2a: Me and Your Mama
|
|-heal|p2a: Me and Your Mama|98/100|[from] item: Leftovers
|-damage|p1a: Blissey|94/100 brn|[from] brn
|upkeep
|turn|100
|
|t:|1685848631
|move|p2a: Me and Your Mama|Will-O-Wisp|p1a: Blissey
|-fail|p1a: Blissey|brn
|move|p1a: Blissey|Seismic Toss|p2a: Me and Your Mama
|-immune|p2a: Me and Your Mama
|
|-heal|p2a: Me and Your Mama|100/100|[from] item: Leftovers
|-damage|p1a: Blissey|88/100 brn|[from] brn
|upkeep
|turn|101
|
|t:|1685848634
|move|p2a: Me and Your Mama|Will-O-Wisp|p1a: Blissey
|-fail|p1a: Blissey|brn
|move|p1a: Blissey|Seismic Toss|p2a: Me and Your Mama
|-immune|p2a: Me and Your Mama
|
|-damage|p1a: Blissey|82/100 brn|[from] brn
|upkeep
|turn|102
|
|t:|1685848638
|move|p2a: Me and Your Mama|Will-O-Wisp|p1a: Blissey
|-fail|p1a: Blissey|brn
|move|p1a: Blissey|Seismic Toss|p2a: Me and Your Mama
|-immune|p2a: Me and Your Mama
|
|-damage|p1a: Blissey|76/100 brn|[from] brn
|upkeep
|turn|103
|
|t:|1685848641
|move|p2a: Me and Your Mama|Will-O-Wisp|p1a: Blissey
|-fail|p1a: Blissey|brn
|move|p1a: Blissey|Stealth Rock||[still]
|-fail|p1a: Blissey
|
|-damage|p1a: Blissey|70/100 brn|[from] brn
|upkeep
|turn|104
|
|t:|1685848643
|move|p2a: Me and Your Mama|Will-O-Wisp|p1a: Blissey
|-fail|p1a: Blissey|brn
|move|p1a: Blissey|Stealth Rock||[still]
|-fail|p1a: Blissey
|
|-damage|p1a: Blissey|64/100 brn|[from] brn
|upkeep
|turn|105
|
|t:|1685848645
|move|p2a: Me and Your Mama|Will-O-Wisp|p1a: Blissey
|-fail|p1a: Blissey|brn
|move|p1a: Blissey|Stealth Rock||[still]
|-fail|p1a: Blissey
|
|-damage|p1a: Blissey|57/100 brn|[from] brn
|upkeep
|turn|106
|
|t:|1685848647
|move|p2a: Me and Your Mama|Will-O-Wisp|p1a: Blissey
|-fail|p1a: Blissey|brn
|move|p1a: Blissey|Stealth Rock||[still]
|-fail|p1a: Blissey
|
|-damage|p1a: Blissey|51/100 brn|[from] brn
|upkeep
|turn|107
|
|t:|1685848649
|move|p2a: Me and Your Mama|Will-O-Wisp|p1a: Blissey
|-fail|p1a: Blissey|brn
|move|p1a: Blissey|Soft-Boiled|p1a: Blissey
|-heal|p1a: Blissey|100/100 brn
|
|-damage|p1a: Blissey|94/100 brn|[from] brn
|upkeep
|turn|108
|
|t:|1685848651
|move|p2a: Me and Your Mama|Will-O-Wisp|p1a: Blissey|[miss]
|-miss|p2a: Me and Your Mama|p1a: Blissey
|move|p1a: Blissey|Stealth Rock||[still]
|-fail|p1a: Blissey
|
|-damage|p1a: Blissey|88/100 brn|[from] brn
|upkeep
|turn|109
|
|t:|1685848654
|move|p2a: Me and Your Mama|Will-O-Wisp|p1a: Blissey
|-fail|p1a: Blissey|brn
|move|p1a: Blissey|Stealth Rock||[still]
|-fail|p1a: Blissey
|
|-damage|p1a: Blissey|82/100 brn|[from] brn
|upkeep
|turn|110
|
|t:|1685848656
|move|p2a: Me and Your Mama|Substitute|p2a: Me and Your Mama
|-fail|p2a: Me and Your Mama|move: Substitute
|move|p1a: Blissey|Stealth Rock||[still]
|-fail|p1a: Blissey
|
|-damage|p1a: Blissey|76/100 brn|[from] brn
|upkeep
|turn|111
|
|t:|1685848659
|move|p2a: Me and Your Mama|Substitute|p2a: Me and Your Mama
|-fail|p2a: Me and Your Mama|move: Substitute
|move|p1a: Blissey|Heal Bell|p1a: Blissey
|-activate|p1a: Blissey|move: Heal Bell
|-curestatus|p1a: Blissey|brn|[msg]
|
|upkeep
|turn|112
|
|t:|1685848664
|move|p2a: Me and Your Mama|Substitute|p2a: Me and Your Mama
|-fail|p2a: Me and Your Mama|move: Substitute
|move|p1a: Blissey|Stealth Rock||[still]
|-fail|p1a: Blissey
|
|upkeep
|turn|113
|
|t:|1685848669
|move|p2a: Me and Your Mama|Substitute|p2a: Me and Your Mama
|-fail|p2a: Me and Your Mama|move: Substitute
|move|p1a: Blissey|Stealth Rock||[still]
|-fail|p1a: Blissey
|
|upkeep
|turn|114
|
|t:|1685848672
|move|p2a: Me and Your Mama|Substitute|p2a: Me and Your Mama
|-fail|p2a: Me and Your Mama|move: Substitute
|move|p1a: Blissey|Stealth Rock||[still]
|-fail|p1a: Blissey
|
|upkeep
|turn|115
|
|t:|1685848682
|move|p2a: Me and Your Mama|Substitute|p2a: Me and Your Mama
|-fail|p2a: Me and Your Mama|move: Substitute
|move|p1a: Blissey|Stealth Rock||[still]
|-fail|p1a: Blissey
|
|upkeep
|turn|116
|
|t:|1685848685
|move|p2a: Me and Your Mama|Substitute|p2a: Me and Your Mama
|-fail|p2a: Me and Your Mama|move: Substitute
|move|p1a: Blissey|Stealth Rock||[still]
|-fail|p1a: Blissey
|
|upkeep
|turn|117
|
|t:|1685848688
|move|p2a: Me and Your Mama|Substitute|p2a: Me and Your Mama
|-fail|p2a: Me and Your Mama|move: Substitute
|move|p1a: Blissey|Stealth Rock||[still]
|-fail|p1a: Blissey
|
|upkeep
|turn|118
|
|t:|1685848690
|move|p2a: Me and Your Mama|Substitute|p2a: Me and Your Mama
|-fail|p2a: Me and Your Mama|move: Substitute
|move|p1a: Blissey|Stealth Rock||[still]
|-fail|p1a: Blissey
|
|upkeep
|turn|119
|
|t:|1685848692
|move|p2a: Me and Your Mama|Substitute|p2a: Me and Your Mama
|-fail|p2a: Me and Your Mama|move: Substitute
|move|p1a: Blissey|Stealth Rock||[still]
|-fail|p1a: Blissey
|
|upkeep
|turn|120
|
|t:|1685848694
|move|p2a: Me and Your Mama|Substitute|p2a: Me and Your Mama
|-fail|p2a: Me and Your Mama|move: Substitute
|move|p1a: Blissey|Stealth Rock||[still]
|-fail|p1a: Blissey
|
|upkeep
|turn|121
|
|t:|1685848702
|move|p2a: Me and Your Mama|Hex|p1a: Blissey
|-damage|p1a: Blissey|68/100
|move|p1a: Blissey|Stealth Rock||[still]
|-fail|p1a: Blissey
|
|upkeep
|turn|122
|
|t:|1685848706
|move|p2a: Me and Your Mama|Dragon Darts|p1a: Blissey
|-immune|p1a: Blissey
|move|p1a: Blissey|Stealth Rock||[still]
|-fail|p1a: Blissey
|
|upkeep
|turn|123
|
|t:|1685848710
|move|p2a: Me and Your Mama|Dragon Darts|p1a: Blissey
|-immune|p1a: Blissey
|move|p1a: Blissey|Stealth Rock||[still]
|-fail|p1a: Blissey
|
|upkeep
|turn|124
|
|t:|1685848713
|move|p2a: Me and Your Mama|Dragon Darts|p1a: Blissey
|-immune|p1a: Blissey
|move|p1a: Blissey|Stealth Rock||[still]
|-fail|p1a: Blissey
|
|upkeep
|turn|125
|
|t:|1685848715
|move|p2a: Me and Your Mama|Dragon Darts|p1a: Blissey
|-immune|p1a: Blissey
|move|p1a: Blissey|Stealth Rock||[still]
|-fail|p1a: Blissey
|
|upkeep
|turn|126
|
|t:|1685848719
|move|p2a: Me and Your Mama|Dragon Darts|p1a: Blissey
|-immune|p1a: Blissey
|move|p1a: Blissey|Stealth Rock||[still]
|-fail|p1a: Blissey
|
|upkeep
|turn|127
|
|t:|1685848721
|move|p2a: Me and Your Mama|Dragon Darts|p1a: Blissey
|-immune|p1a: Blissey
|move|p1a: Blissey|Stealth Rock||[still]
|-fail|p1a: Blissey
|
|upkeep
|turn|128
|
|t:|1685848723
|-activate|p2a: Me and Your Mama|move: Struggle
|move|p2a: Me and Your Mama|Struggle|p1a: Blissey
|-damage|p1a: Blissey|53/100
|-damage|p2a: Me and Your Mama|76/100|[from] recoil
|move|p1a: Blissey|Stealth Rock||[still]
|-fail|p1a: Blissey
|
|-heal|p2a: Me and Your Mama|82/100|[from] item: Leftovers
|upkeep
|turn|129
|
|t:|1685848727
|switch|p1a: Dondozo|Dondozo, M|45/100
|-activate|p2a: Me and Your Mama|move: Struggle
|move|p2a: Me and Your Mama|Struggle|p1a: Dondozo
|-damage|p1a: Dondozo|38/100
|-damage|p2a: Me and Your Mama|57/100|[from] recoil
|
|-heal|p2a: Me and Your Mama|63/100|[from] item: Leftovers
|upkeep
|turn|130
|
|t:|1685848730
|switch|p2a: Bonfire|Garganacl, F, tera:Fairy|77/100
|-damage|p2a: Bonfire|65/100|[from] Stealth Rock
|move|p1a: Dondozo|Rest|p1a: Dondozo
|-status|p1a: Dondozo|slp|[from] move: Rest
|-heal|p1a: Dondozo|100/100 slp|[silent]
|
|-heal|p2a: Bonfire|71/100|[from] item: Leftovers
|upkeep
|turn|131
|
|t:|1685848733
|move|p2a: Bonfire|Salt Cure|p1a: Dondozo
|-damage|p1a: Dondozo|95/100 slp
|-start|p1a: Dondozo|Salt Cure
|cant|p1a: Dondozo|slp
|move|p1a: Dondozo|Sleep Talk|p1a: Dondozo
|move|p1a: Dondozo|Rest||[from]move: Sleep Talk|[still]
|-fail|p1a: Dondozo
|
|-heal|p2a: Bonfire|77/100|[from] item: Leftovers
|-damage|p1a: Dondozo|70/100 slp|[from] Salt Cure
|upkeep
|turn|132
|c| LiRip|Like damn bro u know you lost but ur like still stalling
|
|t:|1685848742
|move|p2a: Bonfire|Curse|p2a: Bonfire
|-unboost|p2a: Bonfire|spe|1
|-boost|p2a: Bonfire|atk|1
|-boost|p2a: Bonfire|def|1
|cant|p1a: Dondozo|slp
|move|p1a: Dondozo|Sleep Talk|p1a: Dondozo
|move|p1a: Dondozo|Body Press|p2a: Bonfire|[from]move: Sleep Talk
|-resisted|p2a: Bonfire
|-damage|p2a: Bonfire|70/100
|
|-heal|p2a: Bonfire|76/100|[from] item: Leftovers
|-damage|p1a: Dondozo|45/100 slp|[from] Salt Cure
|upkeep
|turn|133
|c|☆ademalawer|fr
|c|☆ademalawer|shits annoying
|c|☆ademalawer|just ff
|
|t:|1685848753
|move|p2a: Bonfire|Curse|p2a: Bonfire
|-unboost|p2a: Bonfire|spe|1
|-boost|p2a: Bonfire|atk|1
|-boost|p2a: Bonfire|def|1
|-curestatus|p1a: Dondozo|slp|[msg]
|move|p1a: Dondozo|Sleep Talk||[still]
|-fail|p1a: Dondozo
|
|-heal|p2a: Bonfire|82/100|[from] item: Leftovers
|-damage|p1a: Dondozo|20/100|[from] Salt Cure
|upkeep
|turn|134
|
|t:|1685848756
|move|p1a: Dondozo|Rest|p1a: Dondozo
|-status|p1a: Dondozo|slp|[from] move: Rest
|-heal|p1a: Dondozo|100/100 slp|[silent]
|move|p2a: Bonfire|Curse|p2a: Bonfire
|-unboost|p2a: Bonfire|spe|1
|-boost|p2a: Bonfire|atk|1
|-boost|p2a: Bonfire|def|1
|
|-heal|p2a: Bonfire|88/100|[from] item: Leftovers
|-damage|p1a: Dondozo|75/100 slp|[from] Salt Cure
|upkeep
|turn|135
|
|t:|1685848758
|cant|p1a: Dondozo|slp
|move|p1a: Dondozo|Sleep Talk|p1a: Dondozo
|move|p1a: Dondozo|Rest||[from]move: Sleep Talk|[still]
|-fail|p1a: Dondozo
|move|p2a: Bonfire|Curse|p2a: Bonfire
|-unboost|p2a: Bonfire|spe|1
|-boost|p2a: Bonfire|atk|1
|-boost|p2a: Bonfire|def|1
|
|-heal|p2a: Bonfire|95/100|[from] item: Leftovers
|-damage|p1a: Dondozo|50/100 slp|[from] Salt Cure
|upkeep
|turn|136
|
|t:|1685848763
|cant|p1a: Dondozo|slp
|move|p1a: Dondozo|Sleep Talk|p1a: Dondozo
|move|p1a: Dondozo|Rest||[from]move: Sleep Talk|[still]
|-fail|p1a: Dondozo
|move|p2a: Bonfire|Curse|p2a: Bonfire
|-unboost|p2a: Bonfire|spe|1
|-boost|p2a: Bonfire|atk|1
|-boost|p2a: Bonfire|def|1
|
|-heal|p2a: Bonfire|100/100|[from] item: Leftovers
|-damage|p1a: Dondozo|25/100 slp|[from] Salt Cure
|upkeep
|turn|137
|
|t:|1685848765
|-curestatus|p1a: Dondozo|slp|[msg]
|move|p1a: Dondozo|Rest|p1a: Dondozo
|-status|p1a: Dondozo|slp|[from] move: Rest
|-heal|p1a: Dondozo|100/100 slp|[silent]
|move|p2a: Bonfire|Curse|p2a: Bonfire
|-unboost|p2a: Bonfire|spe|1
|-boost|p2a: Bonfire|atk|1
|-boost|p2a: Bonfire|def|1
|
|-damage|p1a: Dondozo|75/100 slp|[from] Salt Cure
|upkeep
|turn|138
|
|t:|1685848776
|move|p2a: Bonfire|Protect|p2a: Bonfire
|-singleturn|p2a: Bonfire|Protect
|cant|p1a: Dondozo|slp
|move|p1a: Dondozo|Sleep Talk|p1a: Dondozo
|move|p1a: Dondozo|Liquidation|p2a: Bonfire|[from]move: Sleep Talk
|-activate|p2a: Bonfire|move: Protect
|
|-damage|p1a: Dondozo|50/100 slp|[from] Salt Cure
|upkeep
|turn|139
|
|t:|1685848782
|move|p2a: Bonfire|Protect||[still]
|-fail|p2a: Bonfire
|cant|p1a: Dondozo|slp
|move|p1a: Dondozo|Sleep Talk|p1a: Dondozo
|move|p1a: Dondozo|Liquidation|p2a: Bonfire|[from]move: Sleep Talk
|-damage|p2a: Bonfire|85/100
|-unboost|p2a: Bonfire|def|1
|
|-heal|p2a: Bonfire|91/100|[from] item: Leftovers
|-damage|p1a: Dondozo|25/100 slp|[from] Salt Cure
|upkeep
|turn|140
|
|t:|1685848785
|move|p2a: Bonfire|Protect|p2a: Bonfire
|-singleturn|p2a: Bonfire|Protect
|-curestatus|p1a: Dondozo|slp|[msg]
|move|p1a: Dondozo|Rest|p1a: Dondozo
|-status|p1a: Dondozo|slp|[from] move: Rest
|-heal|p1a: Dondozo|100/100 slp|[silent]
|
|-heal|p2a: Bonfire|97/100|[from] item: Leftovers
|-damage|p1a: Dondozo|75/100 slp|[from] Salt Cure
|upkeep
|turn|141
|
|t:|1685848798
|move|p2a: Bonfire|Protect||[still]
|-fail|p2a: Bonfire
|cant|p1a: Dondozo|slp
|move|p1a: Dondozo|Sleep Talk|p1a: Dondozo
|move|p1a: Dondozo|Liquidation|p2a: Bonfire|[from]move: Sleep Talk
|-damage|p2a: Bonfire|81/100
|
|-heal|p2a: Bonfire|87/100|[from] item: Leftovers
|-damage|p1a: Dondozo|50/100 slp|[from] Salt Cure
|upkeep
|turn|142
|
|t:|1685848801
|move|p2a: Bonfire|Protect|p2a: Bonfire
|-singleturn|p2a: Bonfire|Protect
|cant|p1a: Dondozo|slp
|move|p1a: Dondozo|Sleep Talk|p1a: Dondozo
|move|p1a: Dondozo|Liquidation|p2a: Bonfire|[from]move: Sleep Talk
|-activate|p2a: Bonfire|move: Protect
|
|-heal|p2a: Bonfire|94/100|[from] item: Leftovers
|-damage|p1a: Dondozo|25/100 slp|[from] Salt Cure
|upkeep
|turn|143
|c|☆ademalawer|like there is 0 winning
|c|☆swellow is stronk|ok
|c|☆ademalawer|dragonite beats both
|
|t:|1685848821
|move|p2a: Bonfire|Protect||[still]
|-fail|p2a: Bonfire
|-curestatus|p1a: Dondozo|slp|[msg]
|move|p1a: Dondozo|Rest|p1a: Dondozo
|-status|p1a: Dondozo|slp|[from] move: Rest
|-heal|p1a: Dondozo|100/100 slp|[silent]
|
|-heal|p2a: Bonfire|99/100|[from] item: Leftovers
|-damage|p1a: Dondozo|75/100 slp|[from] Salt Cure
|upkeep
|turn|144
|c|☆swellow is stronk|idc
|
|t:|1685848827
|move|p2a: Bonfire|Protect|p2a: Bonfire
|-singleturn|p2a: Bonfire|Protect
|cant|p1a: Dondozo|slp
|
|-heal|p2a: Bonfire|100/100|[from] item: Leftovers
|-damage|p1a: Dondozo|50/100 slp|[from] Salt Cure
|upkeep
|turn|145
|
|t:|1685848831
|move|p2a: Bonfire|Protect||[still]
|-fail|p2a: Bonfire
|cant|p1a: Dondozo|slp
|
|-damage|p1a: Dondozo|25/100 slp|[from] Salt Cure
|upkeep
|turn|146
|
|t:|1685848833
|-curestatus|p1a: Dondozo|slp|[msg]
|move|p1a: Dondozo|Liquidation|p2a: Bonfire
|-damage|p2a: Bonfire|85/100
|move|p2a: Bonfire|Salt Cure|p1a: Dondozo
|-damage|p1a: Dondozo|20/100
|
|-heal|p2a: Bonfire|91/100|[from] item: Leftovers
|-damage|p1a: Dondozo|0 fnt|[from] Salt Cure
|faint|p1a: Dondozo
|upkeep
|
|t:|1685848836
|switch|p1a: Blissey|Blissey, F, tera:Fairy|53/100
|turn|147
|
|t:|1685848838
|move|p1a: Blissey|Seismic Toss|p2a: Bonfire
|-damage|p2a: Bonfire|66/100
|move|p2a: Bonfire|Salt Cure|p1a: Blissey
|-damage|p1a: Blissey|0 fnt
|faint|p1a: Blissey
|
|win|ademalawer
