|j|☆Lerenard2.0
|j|☆DannyZ
|t:|1685829064
|gametype|singles
|player|p1|Lerenard2.0|colress|1091
|player|p2|DannyZ|hugh|1195
|teamsize|p1|6
|teamsize|p2|6
|gen|9
|tier|[Gen 9] OU
|rated|
|rule|Sleep Clause Mod: Limit one foe put to sleep
|rule|Species Clause: Limit one of each Pokémon
|rule|OHKO Clause: OHKO moves are banned
|rule|Evasion Items Clause: Evasion items are banned
|rule|Evasion Moves Clause: Evasion moves are banned
|rule|Endless Battle Clause: Forcing endless battles is banned
|rule|HP Percentage Mod: HP is shown in percentages
|clearpoke
|poke|p1|Zapdos-Galar|
|poke|p1|Regidrago|
|poke|p1|Kingambit, F|
|poke|p1|Clodsire, F|
|poke|p1|Cinderace, F|
|poke|p1|Azumarill, F|
|poke|p2|Typhlosion-Hisui, M|
|poke|p2|Dragapult, F|
|poke|p2|Magearna|
|poke|p2|Urshifu-*, F|
|poke|p2|Zapdos|
|poke|p2|Great Tusk|
|teampreview
|j| BESTBUYBACON
|inactive|Battle timer is ON: inactive players will automatically lose when time's up. (requested by Lerenard2.0)
|
|t:|1685829106
|start
|switch|p1a: Clodsire|Clodsire, F|100/100
|switch|p2a: Typhlosion|Typhlosion-Hisui, M, shiny|100/100
|turn|1
|
|t:|1685829124
|switch|p2a: Zapdos|Zapdos, shiny|100/100
|move|p1a: Clodsire|Stealth Rock|p2a: Zapdos
|-sidestart|p2: DannyZ|move: Stealth Rock
|
|upkeep
|turn|2
|
|t:|1685829134
|move|p2a: Zapdos|Hurricane|p1a: Clodsire
|-damage|p1a: Clodsire|73/100
|-start|p1a: Clodsire|confusion
|-activate|p1a: Clodsire|confusion
|move|p1a: Clodsire|Toxic|p2a: Zapdos
|-status|p2a: Zapdos|tox
|
|-damage|p2a: Zapdos|94/100 tox|[from] psn
|upkeep
|turn|3
|
|t:|1685829147
|switch|p2a: Great Tusk|Great Tusk|100/100
|-enditem|p2a: Great Tusk|Booster Energy
|-activate|p2a: Great Tusk|ability: Protosynthesis|[fromitem]
|-start|p2a: Great Tusk|protosynthesisspe
|-damage|p2a: Great Tusk|98/100|[from] Stealth Rock
|-activate|p1a: Clodsire|confusion
|move|p1a: Clodsire|Spikes|p2a: Great Tusk
|-sidestart|p2: DannyZ|Spikes
|
|upkeep
|turn|4
|
|t:|1685829156
|move|p2a: Great Tusk|Rapid Spin|p1a: Clodsire
|-damage|p1a: Clodsire|60/100
|-boost|p2a: Great Tusk|spe|1
|-sideend|p2: DannyZ|Spikes|[from] move: Rapid Spin|[of] p2a: Great Tusk
|-sideend|p2: DannyZ|Stealth Rock|[from] move: Rapid Spin|[of] p2a: Great Tusk
|-end|p1a: Clodsire|confusion
|move|p1a: Clodsire|Toxic|p2a: Great Tusk
|-status|p2a: Great Tusk|tox
|
|-damage|p2a: Great Tusk|91/100 tox|[from] psn
|upkeep
|turn|5
|
|t:|1685829177
|switch|p1a: Cinderace|Cinderace, F|100/100
|move|p2a: Great Tusk|Knock Off|p1a: Cinderace
|-damage|p1a: Cinderace|63/100
|-enditem|p1a: Cinderace|Heavy-Duty Boots|[from] move: Knock Off|[of] p2a: Great Tusk
|
|-damage|p2a: Great Tusk|79/100 tox|[from] psn
|upkeep
|turn|6
|
|t:|1685829192
|move|p2a: Great Tusk|Stealth Rock|p1a: Cinderace
|-sidestart|p1: Lerenard2.0|move: Stealth Rock
|move|p1a: Cinderace|U-turn|p2a: Great Tusk
|-start|p1a: Cinderace|typechange|Bug|[from] ability: Libero
|-resisted|p2a: Great Tusk
|-damage|p2a: Great Tusk|67/100 tox
|
|t:|1685829198
|switch|p1a: Azumarill|Azumarill, F, shiny|100/100|[from] U-turn
|-damage|p1a: Azumarill|88/100|[from] Stealth Rock
|
|-damage|p2a: Great Tusk|48/100 tox|[from] psn
|upkeep
|turn|7
|
|t:|1685829215
|move|p2a: Great Tusk|Headlong Rush|p1a: Azumarill
|-damage|p1a: Azumarill|38/100
|-unboost|p2a: Great Tusk|def|1
|-unboost|p2a: Great Tusk|spd|1
|-enditem|p1a: Azumarill|Sitrus Berry|[eat]
|-heal|p1a: Azumarill|63/100|[from] item: Sitrus Berry
|move|p1a: Azumarill|Play Rough|p2a: Great Tusk
|-supereffective|p2a: Great Tusk
|-damage|p2a: Great Tusk|0 fnt
|faint|p2a: Great Tusk
|-end|p2a: Great Tusk|Protosynthesis|[silent]
|
|upkeep
|inactive|DannyZ has 120 seconds left.
|
|t:|1685829241
|switch|p2a: Zapdos|Zapdos, shiny|94/100 tox
|turn|8
|inactive|DannyZ has 120 seconds left.
|
|t:|1685829252
|switch|p1a: Clodsire|Clodsire, F|60/100
|move|p2a: Zapdos|Hurricane|p1a: Clodsire|[miss]
|-miss|p2a: Zapdos|p1a: Clodsire
|
|-damage|p2a: Zapdos|88/100 tox|[from] psn
|upkeep
|turn|9
|inactive|DannyZ has 120 seconds left.
|
|t:|1685829267
|switch|p2a: Magearna|Magearna|100/100
|move|p1a: Clodsire|Stealth Rock|p2a: Magearna
|-sidestart|p2: DannyZ|move: Stealth Rock
|
|upkeep
|turn|10
|
|t:|1685829283
|switch|p1a: Cinderace|Cinderace, F|63/100
|-damage|p1a: Cinderace|39/100|[from] Stealth Rock
|move|p2a: Magearna|Spikes|p1a: Cinderace
|-sidestart|p1: Lerenard2.0|Spikes
|
|upkeep
|turn|11
|
|t:|1685829297
|move|p1a: Cinderace|Pyro Ball|p2a: Magearna
|-supereffective|p2a: Magearna
|-damage|p2a: Magearna|16/100
|move|p2a: Magearna|Volt Switch|p1a: Cinderace
|-damage|p1a: Cinderace|8/100
|inactive|DannyZ has 120 seconds left.
|inactive|DannyZ has 90 seconds left.
|
|t:|1685829342
|switch|p2a: Urshifu|Urshifu-Rapid-Strike, F|100/100|[from] Volt Switch
|-damage|p2a: Urshifu|94/100|[from] Stealth Rock
|
|upkeep
|turn|12
|inactive|DannyZ has 90 seconds left.
|
|t:|1685829357
|move|p2a: Urshifu|U-turn|p1a: Cinderace
|-resisted|p1a: Cinderace
|-damage|p1a: Cinderace|0 fnt
|faint|p1a: Cinderace
|
|t:|1685829362
|switch|p2a: Typhlosion|Typhlosion-Hisui, M, shiny|100/100|[from] U-turn
|-damage|p2a: Typhlosion|76/100|[from] Stealth Rock
|
|upkeep
|
|t:|1685829371
|switch|p1a: Azumarill|Azumarill, F, shiny|63/100
|-damage|p1a: Azumarill|50/100|[from] Stealth Rock
|-damage|p1a: Azumarill|38/100|[from] Spikes
|turn|13
|
|t:|1685829378
|-terastallize|p2a: Typhlosion|Normal
|move|p1a: Azumarill|Aqua Jet|p2a: Typhlosion
|-damage|p2a: Typhlosion|56/100
|move|p2a: Typhlosion|Infernal Parade|p1a: Azumarill
|-damage|p1a: Azumarill|0 fnt
|faint|p1a: Azumarill
|
|upkeep
|
|t:|1685829406
|switch|p1a: Zapdos|Zapdos-Galar|100/100
|-damage|p1a: Zapdos|88/100|[from] Stealth Rock
|turn|14
|
|t:|1685829417
|switch|p2a: Dragapult|Dragapult, F|100/100
|-damage|p2a: Dragapult|88/100|[from] Stealth Rock
|move|p1a: Zapdos|Brave Bird|p2a: Dragapult
|-damage|p2a: Dragapult|0 fnt
|faint|p2a: Dragapult
|-damage|p1a: Zapdos|59/100|[from] Recoil
|
|upkeep
|
|t:|1685829426
|switch|p2a: Zapdos|Zapdos, shiny|88/100 tox
|turn|15
|
|t:|1685829436
|switch|p1a: Clodsire|Clodsire, F|60/100
|switch|p2a: Magearna|Magearna|16/100
|
|upkeep
|turn|16
|
|t:|1685829458
|move|p2a: Magearna|Pain Split|p1a: Clodsire
|-sethp|p1a: Clodsire|38/100|[from] move: Pain Split|[silent]
|-sethp|p2a: Magearna|41/100|[from] move: Pain Split
|move|p1a: Clodsire|Spikes|p2a: Magearna
|-sidestart|p2: DannyZ|Spikes
|
|upkeep
|turn|17
|
|t:|1685829472
|switch|p2a: Typhlosion|Typhlosion-Hisui, M, shiny, tera:Normal|56/100
|-damage|p2a: Typhlosion|43/100|[from] Stealth Rock
|-damage|p2a: Typhlosion|31/100|[from] Spikes
|move|p1a: Clodsire|Spikes|p2a: Typhlosion
|-sidestart|p2: DannyZ|Spikes
|
|upkeep
|turn|18
|
|t:|1685829486
|move|p2a: Typhlosion|Infernal Parade|p1a: Clodsire
|-crit|p1a: Clodsire
|-damage|p1a: Clodsire|0 fnt
|faint|p1a: Clodsire
|
|upkeep
|
|t:|1685829504
|switch|p1a: Zapdos|Zapdos-Galar|59/100
|-damage|p1a: Zapdos|47/100|[from] Stealth Rock
|turn|19
|
|t:|1685829513
|move|p1a: Zapdos|Thunderous Kick|p2a: Typhlosion
|-supereffective|p2a: Typhlosion
|-damage|p2a: Typhlosion|0 fnt
|faint|p2a: Typhlosion
|
|upkeep
|
|t:|1685829520
|switch|p2a: Zapdos|Zapdos, shiny|88/100 tox
|turn|20
|
|t:|1685829526
|move|p1a: Zapdos|Thunderous Kick|p2a: Zapdos
|-resisted|p2a: Zapdos
|-damage|p2a: Zapdos|71/100 tox
|-unboost|p2a: Zapdos|def|1
|move|p2a: Zapdos|Volt Switch|p1a: Zapdos
|-supereffective|p1a: Zapdos
|-damage|p1a: Zapdos|0 fnt
|faint|p1a: Zapdos
|
|t:|1685829536
|switch|p2a: Magearna|Magearna|41/100|[from] Volt Switch
|
|upkeep
|
|t:|1685829541
|switch|p1a: Kingambit|Kingambit, F|100/100
|-damage|p1a: Kingambit|94/100|[from] Stealth Rock
|-damage|p1a: Kingambit|82/100|[from] Spikes
|-activate|p1a: Kingambit|ability: Supreme Overlord
|-start|p1a: Kingambit|fallen4|[silent]
|turn|21
|
|t:|1685829558
|move|p2a: Magearna|Pain Split|p1a: Kingambit
|-sethp|p1a: Kingambit|63/100|[from] move: Pain Split|[silent]
|-sethp|p2a: Magearna|59/100|[from] move: Pain Split
|move|p1a: Kingambit|Stone Edge|p2a: Magearna
|-resisted|p2a: Magearna
|-damage|p2a: Magearna|41/100
|
|upkeep
|turn|22
|
|t:|1685829583
|move|p2a: Magearna|Volt Switch|p1a: Kingambit
|-damage|p1a: Kingambit|48/100
|
|t:|1685829587
|switch|p2a: Urshifu|Urshifu-Rapid-Strike, F|94/100|[from] Volt Switch
|-damage|p2a: Urshifu|88/100|[from] Stealth Rock
|-damage|p2a: Urshifu|72/100|[from] Spikes
|move|p1a: Kingambit|Kowtow Cleave|p2a: Urshifu
|-resisted|p2a: Urshifu
|-damage|p2a: Urshifu|37/100
|
|upkeep
|turn|23
|
|t:|1685829602
|-terastallize|p1a: Kingambit|Dark
|move|p1a: Kingambit|Sucker Punch|p2a: Urshifu
|-resisted|p2a: Urshifu
|-damage|p2a: Urshifu|1/100
|move|p2a: Urshifu|Close Combat|p1a: Kingambit
|-supereffective|p1a: Kingambit
|-damage|p1a: Kingambit|0 fnt
|-unboost|p2a: Urshifu|def|1
|-unboost|p2a: Urshifu|spd|1
|faint|p1a: Kingambit
|-end|p1a: Kingambit|fallen4|[silent]
|
|upkeep
|c|☆DannyZ|SMDDDDD
|inactive|Lerenard2.0 has 120 seconds left.
|
|t:|1685829615
|switch|p1a: Regidrago|Regidrago|100/100
|-damage|p1a: Regidrago|88/100|[from] Stealth Rock
|-damage|p1a: Regidrago|76/100|[from] Spikes
|turn|24
|c|☆DannyZ|1%
|c|☆DannyZ|LMFAOOOOO
|inactive|Lerenard2.0 has 120 seconds left.
|
|t:|1685829632
|move|p2a: Urshifu|Close Combat|p1a: Regidrago
|-crit|p1a: Regidrago
|-damage|p1a: Regidrago|0 fnt
|-unboost|p2a: Urshifu|def|1
|-unboost|p2a: Urshifu|spd|1
|faint|p1a: Regidrago
|
|win|DannyZ
|raw|Lerenard2.0's rating: 1091 → 1074(-17 for losing)
|raw|DannyZ's rating: 1195 → 1213(+18 for winning)
|l|☆Lerenard2.0
