|j|☆jaket34
|j|☆sharp32
|t:|1685889894
|gametype|singles
|player|p1|jaket34|dragontamer|1094
|player|p2|sharp32|guitarist-gen4|1144
|teamsize|p1|6
|teamsize|p2|6
|gen|9
|tier|[Gen 9] OU
|rated|
|rule|Sleep Clause Mod: Limit one foe put to sleep
|rule|Species Clause: Limit one of each Pokémon
|rule|OHKO Clause: OHKO moves are banned
|rule|Evasion Items Clause: Evasion items are banned
|rule|Evasion Moves Clause: Evasion moves are banned
|rule|Endless Battle Clause: Forcing endless battles is banned
|rule|HP Percentage Mod: HP is shown in percentages
|clearpoke
|poke|p1|Arcanine-Hisui, M|
|poke|p1|Urshifu-*, M|
|poke|p1|Kingambit, F|
|poke|p1|Great Tusk|
|poke|p1|Garchomp, M|
|poke|p1|Zapdos|
|poke|p2|Pelipper, F|
|poke|p2|Samurott-Hisui, M|
|poke|p2|Basculegion, M|
|poke|p2|Landorus-Therian, M|
|poke|p2|Urshifu-*, F|
|poke|p2|Walking Wake|
|teampreview
|inactive|Battle timer is ON: inactive players will automatically lose when time's up. (requested by jaket34)
|
|t:|1685889919
|start
|switch|p1a: Urshifu|Urshifu-Rapid-Strike, M|100/100
|switch|p2a: Pelipper|Pelipper, F|100/100
|-weather|RainDance|[from] ability: Drizzle|[of] p2a: Pelipper
|turn|1
|
|t:|1685889926
|move|p1a: Urshifu|U-turn|p2a: Pelipper
|-resisted|p2a: Pelipper
|-damage|p2a: Pelipper|92/100
|
|t:|1685889928
|switch|p1a: Zapdos|Zapdos|100/100|[from] U-turn
|move|p2a: Pelipper|Hurricane|p1a: Zapdos
|-resisted|p1a: Zapdos
|-damage|p1a: Zapdos|84/100
|-start|p1a: Zapdos|confusion
|
|-weather|RainDance|[upkeep]
|upkeep
|turn|2
|
|t:|1685889943
|switch|p2a: Landorus|Landorus-Therian, M|100/100
|-ability|p2a: Landorus|Intimidate|boost
|-unboost|p1a: Zapdos|atk|1
|-activate|p1a: Zapdos|confusion
|move|p1a: Zapdos|Hurricane|p2a: Landorus
|-damage|p2a: Landorus|62/100
|
|-weather|RainDance|[upkeep]
|-heal|p2a: Landorus|68/100|[from] item: Leftovers
|upkeep
|turn|3
|
|t:|1685889953
|switch|p1a: Urshifu|Urshifu-Rapid-Strike, M|100/100
|move|p2a: Landorus|Stone Edge|p1a: Urshifu
|-resisted|p1a: Urshifu
|-damage|p1a: Urshifu|83/100
|
|-weather|RainDance|[upkeep]
|-heal|p2a: Landorus|74/100|[from] item: Leftovers
|upkeep
|turn|4
|
|t:|1685889975
|switch|p2a: Pelipper|Pelipper, F|92/100
|move|p1a: Urshifu|U-turn|p2a: Pelipper
|-resisted|p2a: Pelipper
|-damage|p2a: Pelipper|82/100
|
|t:|1685889977
|switch|p1a: Zapdos|Zapdos|84/100|[from] U-turn
|
|-weather|RainDance|[upkeep]
|upkeep
|turn|5
|
|t:|1685889993
|-terastallize|p2a: Pelipper|Ground
|move|p1a: Zapdos|Volt Switch|p2a: Pelipper
|-immune|p2a: Pelipper
|move|p2a: Pelipper|U-turn|p1a: Zapdos
|-resisted|p1a: Zapdos
|-damage|p1a: Zapdos|81/100
|
|t:|1685890004
|switch|p2a: Basculegion|Basculegion, M|100/100|[from] U-turn
|
|-weather|RainDance|[upkeep]
|upkeep
|turn|6
|
|t:|1685890010
|move|p2a: Basculegion|Wave Crash|p1a: Zapdos
|-damage|p1a: Zapdos|0 fnt
|-status|p2a: Basculegion|par|[from] ability: Static|[of] p1a: Zapdos
|faint|p1a: Zapdos
|-damage|p2a: Basculegion|74/100 par|[from] Recoil
|
|-weather|RainDance|[upkeep]
|upkeep
|
|t:|1685890015
|switch|p1a: Kingambit|Kingambit, F|100/100
|-activate|p1a: Kingambit|ability: Supreme Overlord
|-start|p1a: Kingambit|fallen1|[silent]
|turn|7
|
|t:|1685890022
|move|p2a: Basculegion|Wave Crash|p1a: Kingambit
|-damage|p1a: Kingambit|0 fnt
|faint|p1a: Kingambit
|-end|p1a: Kingambit|fallen1|[silent]
|-damage|p2a: Basculegion|42/100 par|[from] Recoil
|
|-weather|RainDance|[upkeep]
|upkeep
|c|☆jaket34|You don't stay in there lmao
|-message|jaket34 forfeited.
|
|win|sharp32
|raw|jaket34's rating: 1094 → 1073(-21 for losing)
|raw|sharp32's rating: 1144 → 1165(+21 for winning)
|l|☆jaket34
|c|☆sharp32|i just did
