|j|☆agoabe
|j|☆lemassiii
|t:|1685878113
|gametype|singles
|player|p1|agoabe|ash|1080
|player|p2|lemassiii|169|1000
|teamsize|p1|6
|teamsize|p2|6
|gen|9
|tier|[Gen 9] OU
|rated|
|rule|Sleep Clause Mod: Limit one foe put to sleep
|rule|Species Clause: Limit one of each Pokémon
|rule|OHKO Clause: OHKO moves are banned
|rule|Evasion Items Clause: Evasion items are banned
|rule|Evasion Moves Clause: Evasion moves are banned
|rule|Endless Battle Clause: Forcing endless battles is banned
|rule|HP Percentage Mod: HP is shown in percentages
|clearpoke
|poke|p1|Arcanine-Hisui, M|
|poke|p1|Torkoal, F|
|poke|p1|Walking Wake|
|poke|p1|Roaring Moon|
|poke|p1|Skeledirge, M|
|poke|p1|Great Tusk|
|poke|p2|Roaring Moon|
|poke|p2|Mimikyu, F|
|poke|p2|Cresselia, F|
|poke|p2|Glimmora, F|
|poke|p2|Baxcalibur, F|
|poke|p2|Heatran, F|
|teampreview
|
|t:|1685878123
|start
|switch|p1a: Torkoal|Torkoal, F|100/100
|switch|p2a: Glimmora|Glimmora, F|100/100
|-weather|SunnyDay|[from] ability: Drought|[of] p1a: Torkoal
|turn|1
|
|t:|1685878134
|move|p2a: Glimmora|Power Gem|p1a: Torkoal
|-supereffective|p1a: Torkoal
|-crit|p1a: Torkoal
|-damage|p1a: Torkoal|0 fnt
|faint|p1a: Torkoal
|
|-weather|SunnyDay|[upkeep]
|upkeep
|
|t:|1685878159
|switch|p1a: Great Tusk|Great Tusk|100/100
|-activate|p1a: Great Tusk|ability: Protosynthesis
|-start|p1a: Great Tusk|protosynthesisatk
|turn|2
|n|☆lemassiii|lemassiii
|
|t:|1685878183
|move|p1a: Great Tusk|Rapid Spin|p2a: Glimmora
|-resisted|p2a: Glimmora
|-damage|p2a: Glimmora|86/100
|-boost|p1a: Great Tusk|spe|1
|-activate|p2a: Glimmora|ability: Toxic Debris
|-sidestart|p1: agoabe|move: Toxic Spikes
|-sideend|p1: agoabe|Toxic Spikes|[from] move: Rapid Spin|[of] p1a: Great Tusk
|move|p2a: Glimmora|Stealth Rock|p1a: Great Tusk
|-sidestart|p1: agoabe|move: Stealth Rock
|
|-weather|SunnyDay|[upkeep]
|upkeep
|turn|3
|c|☆lemassiii|lol ez
|
|t:|1685878196
|switch|p2a: Mimikyu|Mimikyu, F, shiny|100/100
|move|p1a: Great Tusk|Headlong Rush|p2a: Mimikyu
|-activate|p2a: Mimikyu|ability: Disguise
|-damage|p2a: Mimikyu|100/100
|-unboost|p1a: Great Tusk|def|1
|-unboost|p1a: Great Tusk|spd|1
|detailschange|p2a: Mimikyu|Mimikyu-Busted, F, shiny
|-damage|p2a: Mimikyu|88/100|[from] pokemon: Mimikyu-Busted
|
|-weather|SunnyDay|[upkeep]
|upkeep
|turn|4
|
|t:|1685878210
|move|p1a: Great Tusk|Headlong Rush|p2a: Mimikyu
|-damage|p2a: Mimikyu|0 fnt
|-unboost|p1a: Great Tusk|def|1
|-unboost|p1a: Great Tusk|spd|1
|faint|p2a: Mimikyu
|
|-weather|SunnyDay|[upkeep]
|upkeep
|
|t:|1685878223
|switch|p2a: Roaring Moon|Roaring Moon, shiny|100/100
|-activate|p2a: Roaring Moon|ability: Protosynthesis
|-start|p2a: Roaring Moon|protosynthesisatk
|turn|5
|
|t:|1685878233
|move|p1a: Great Tusk|Close Combat|p2a: Roaring Moon
|-supereffective|p2a: Roaring Moon
|-damage|p2a: Roaring Moon|0 fnt
|-unboost|p1a: Great Tusk|def|1
|-unboost|p1a: Great Tusk|spd|1
|faint|p2a: Roaring Moon
|-end|p2a: Roaring Moon|Protosynthesis|[silent]
|
|-weather|SunnyDay|[upkeep]
|upkeep
|
|t:|1685878248
|switch|p2a: Cresselia|Cresselia, F, shiny|100/100
|turn|6
|
|t:|1685878256
|-end|p1a: Great Tusk|Protosynthesis|[silent]
|switch|p1a: Skeledirge|Skeledirge, M|100/100
|move|p2a: Cresselia|Calm Mind|p2a: Cresselia
|-boost|p2a: Cresselia|spa|1
|-boost|p2a: Cresselia|spd|1
|
|-weather|SunnyDay|[upkeep]
|upkeep
|turn|7
|
|t:|1685878265
|move|p2a: Cresselia|Calm Mind|p2a: Cresselia
|-boost|p2a: Cresselia|spa|1
|-boost|p2a: Cresselia|spd|1
|move|p1a: Skeledirge|Will-O-Wisp|p2a: Cresselia
|-status|p2a: Cresselia|brn
|
|-weather|SunnyDay|[upkeep]
|-damage|p2a: Cresselia|94/100 brn|[from] brn
|upkeep
|turn|8
|
|t:|1685878276
|-terastallize|p2a: Cresselia|Electric
|move|p2a: Cresselia|Calm Mind|p2a: Cresselia
|-boost|p2a: Cresselia|spa|1
|-boost|p2a: Cresselia|spd|1
|move|p1a: Skeledirge|Hex|p2a: Cresselia
|-damage|p2a: Cresselia|67/100 brn
|
|-weather|none
|-heal|p2a: Cresselia|73/100 brn|[from] item: Leftovers
|-damage|p2a: Cresselia|67/100 brn|[from] brn
|upkeep
|turn|9
|
|t:|1685878289
|move|p2a: Cresselia|Stored Power|p1a: Skeledirge
|-damage|p1a: Skeledirge|74/100
|move|p1a: Skeledirge|Torch Song|p2a: Cresselia
|-damage|p2a: Cresselia|50/100 brn
|-boost|p1a: Skeledirge|spa|1
|
|-heal|p2a: Cresselia|56/100 brn|[from] item: Leftovers
|-damage|p2a: Cresselia|50/100 brn|[from] brn
|upkeep
|turn|10
|
|t:|1685878306
|move|p2a: Cresselia|Calm Mind|p2a: Cresselia
|-boost|p2a: Cresselia|spa|1
|-boost|p2a: Cresselia|spd|1
|move|p1a: Skeledirge|Torch Song|p2a: Cresselia
|-damage|p2a: Cresselia|23/100 brn
|-boost|p1a: Skeledirge|spa|1
|
|-heal|p2a: Cresselia|30/100 brn|[from] item: Leftovers
|-damage|p2a: Cresselia|23/100 brn|[from] brn
|upkeep
|turn|11
|
|t:|1685878318
|move|p2a: Cresselia|Stored Power|p1a: Skeledirge
|-damage|p1a: Skeledirge|40/100
|move|p1a: Skeledirge|Hex|p2a: Cresselia
|-damage|p2a: Cresselia|0 fnt
|faint|p2a: Cresselia
|
|upkeep
|
|t:|1685878348
|switch|p2a: Baxcalibur|Baxcalibur, F, shiny|100/100
|turn|12
|
|t:|1685878378
|move|p2a: Baxcalibur|Glaive Rush|p1a: Skeledirge
|-damage|p1a: Skeledirge|0 fnt
|-singlemove|p2a: Baxcalibur|Glaive Rush|[silent]
|faint|p1a: Skeledirge
|
|upkeep
|
|t:|1685878395
|switch|p1a: Roaring Moon|Roaring Moon|100/100
|-damage|p1a: Roaring Moon|88/100|[from] Stealth Rock
|turn|13
|
|t:|1685878404
|switch|p2a: Heatran|Heatran, F, shiny|100/100
|-terastallize|p1a: Roaring Moon|Dark
|move|p1a: Roaring Moon|Crunch|p2a: Heatran
|-damage|p2a: Heatran|26/100
|
|-heal|p2a: Heatran|33/100|[from] item: Leftovers
|upkeep
|turn|14
|c|☆lemassiii|nique ta mere sale fdp
|-message|lemassiii forfeited.
|
|win|agoabe
|raw|agoabe's rating: 1080 → 1102(+22 for winning)
|raw|lemassiii's rating: 1000 → 1000(+0 for losing)
|l|☆lemassiii
