|j|☆OUDJ UU to suspect
|j|☆Sawkuro
|t:|1685883242
|gametype|singles
|player|p1|OUDJ UU to suspect|gardenia|2032
|player|p2|Sawkuro|1|1880
|teamsize|p1|6
|teamsize|p2|6
|gen|9
|tier|[Gen 9] OU
|rated|
|rule|Sleep Clause Mod: Limit one foe put to sleep
|rule|Species Clause: Limit one of each Pokémon
|rule|OHKO Clause: OHKO moves are banned
|rule|Evasion Items Clause: Evasion items are banned
|rule|Evasion Moves Clause: Evasion moves are banned
|rule|Endless Battle Clause: Forcing endless battles is banned
|rule|HP Percentage Mod: HP is shown in percentages
|clearpoke
|poke|p1|Pelipper, M|
|poke|p1|Floatzel, F|
|poke|p1|Azumarill, F|
|poke|p1|Golduck, F|
|poke|p1|Pawmot, M|
|poke|p1|Toedscruel, M|
|poke|p2|Iron Treads|
|poke|p2|Dragapult, F|
|poke|p2|Sneasler, M|
|poke|p2|Volcarona, M|
|poke|p2|Chien-Pao|
|poke|p2|Zamazenta-*|
|teampreview
|inactive|Battle timer is ON: inactive players will automatically lose when time's up. (requested by OUDJ UU to suspect)
|j| the eminence
|inactive|Sawkuro has 120 seconds left.
|j| b418hz
|
|t:|1685883297
|start
|switch|p1a: Spaghetti Memory|Toedscruel, M|100/100
|switch|p2a: Iron Treads|Iron Treads|100/100
|-enditem|p2a: Iron Treads|Booster Energy
|-activate|p2a: Iron Treads|ability: Quark Drive|[fromitem]
|-start|p2a: Iron Treads|quarkdrivespe
|turn|1
|
|t:|1685883306
|move|p2a: Iron Treads|Stealth Rock|p1a: Spaghetti Memory
|-sidestart|p1: OUDJ UU to suspect|move: Stealth Rock
|move|p1a: Spaghetti Memory|Spore|p2a: Iron Treads
|-status|p2a: Iron Treads|slp|[from] move: Spore
|
|upkeep
|turn|2
|
|t:|1685883308
|-end|p2a: Iron Treads|Quark Drive|[silent]
|switch|p2a: Dragapult|Dragapult, F|100/100
|move|p1a: Spaghetti Memory|Spikes|p2a: Dragapult
|-sidestart|p2: Sawkuro|Spikes
|
|upkeep
|turn|3
|
|t:|1685883317
|switch|p2a: Chien-Pao|Chien-Pao|100/100
|-damage|p2a: Chien-Pao|88/100|[from] Spikes
|-ability|p2a: Chien-Pao|Sword of Ruin
|move|p1a: Spaghetti Memory|Knock Off|p2a: Chien-Pao
|-resisted|p2a: Chien-Pao
|-damage|p2a: Chien-Pao|76/100
|-enditem|p2a: Chien-Pao|Focus Sash|[from] move: Knock Off|[of] p1a: Spaghetti Memory
|
|upkeep
|turn|4
|j| Tiranito
|
|t:|1685883322
|switch|p1a: Ghoti carrier|Pelipper, M|100/100
|-damage|p1a: Ghoti carrier|76/100|[from] Stealth Rock
|-weather|RainDance|[from] ability: Drizzle|[of] p1a: Ghoti carrier
|move|p2a: Chien-Pao|Icicle Crash|p1a: Ghoti carrier
|-damage|p1a: Ghoti carrier|20/100
|
|-weather|RainDance|[upkeep]
|upkeep
|turn|5
|
|t:|1685883326
|move|p2a: Chien-Pao|Crunch|p1a: Ghoti carrier
|-damage|p1a: Ghoti carrier|0 fnt
|faint|p1a: Ghoti carrier
|
|-weather|RainDance|[upkeep]
|upkeep
|
|t:|1685883327
|switch|p1a: The Goat|Azumarill, F|100/100
|-damage|p1a: The Goat|88/100|[from] Stealth Rock
|turn|6
|
|t:|1685883330
|move|p2a: Chien-Pao|Icicle Crash|p1a: The Goat
|-resisted|p1a: The Goat
|-damage|p1a: The Goat|59/100
|move|p1a: The Goat|Belly Drum|p1a: The Goat
|-damage|p1a: The Goat|9/100
|-setboost|p1a: The Goat|atk|6|[from] move: Belly Drum
|-enditem|p1a: The Goat|Sitrus Berry|[eat]
|-heal|p1a: The Goat|34/100|[from] item: Sitrus Berry
|
|-weather|RainDance|[upkeep]
|upkeep
|turn|7
|
|t:|1685883336
|move|p1a: The Goat|Aqua Jet|p2a: Chien-Pao
|-damage|p2a: Chien-Pao|0 fnt
|faint|p2a: Chien-Pao
|
|-weather|RainDance|[upkeep]
|upkeep
|
|t:|1685883337
|switch|p2a: Dragapult|Dragapult, F|100/100
|-damage|p2a: Dragapult|88/100|[from] Spikes
|turn|8
|
|t:|1685883342
|-terastallize|p1a: The Goat|Water
|move|p1a: The Goat|Aqua Jet|p2a: Dragapult
|-resisted|p2a: Dragapult
|-damage|p2a: Dragapult|0 fnt
|faint|p2a: Dragapult
|
|-weather|RainDance|[upkeep]
|upkeep
|
|t:|1685883359
|switch|p2a: Iron Treads|Iron Treads|100/100 slp
|-damage|p2a: Iron Treads|88/100 slp|[from] Spikes
|turn|9
|
|t:|1685883363
|-end|p2a: Iron Treads|Quark Drive|[silent]
|switch|p2a: Volcarona|Volcarona, M|100/100
|move|p1a: The Goat|Liquidation|p2a: Volcarona
|-supereffective|p2a: Volcarona
|-damage|p2a: Volcarona|0 fnt
|-status|p1a: The Goat|brn|[from] ability: Flame Body|[of] p2a: Volcarona
|faint|p2a: Volcarona
|
|-weather|RainDance|[upkeep]
|-damage|p1a: The Goat|28/100 brn|[from] brn
|upkeep
|
|t:|1685883368
|switch|p2a: Zamazenta|Zamazenta|100/100
|-damage|p2a: Zamazenta|88/100|[from] Spikes
|-ability|p2a: Zamazenta|Dauntless Shield|boost
|-boost|p2a: Zamazenta|def|1
|turn|10
|
|t:|1685883371
|move|p1a: The Goat|Aqua Jet|p2a: Zamazenta
|-damage|p2a: Zamazenta|39/100
|move|p2a: Zamazenta|Body Press|p1a: The Goat
|-damage|p1a: The Goat|0 fnt
|faint|p1a: The Goat
|
|-weather|RainDance|[upkeep]
|-heal|p2a: Zamazenta|45/100|[from] item: Leftovers
|upkeep
|
|t:|1685883374
|switch|p1a: Really want eject|Pawmot, M|100/100
|-damage|p1a: Really want eject|94/100|[from] Stealth Rock
|turn|11
|j| restneeded
|j| ewqqw
|
|t:|1685883380
|move|p2a: Zamazenta|Substitute|p2a: Zamazenta
|-start|p2a: Zamazenta|Substitute
|-damage|p2a: Zamazenta|20/100
|move|p1a: Really want eject|Nuzzle|p2a: Zamazenta
|-activate|p2a: Zamazenta|move: Substitute|[damage]
|
|-weather|none
|-heal|p2a: Zamazenta|27/100|[from] item: Leftovers
|upkeep
|turn|12
|
|t:|1685883384
|move|p2a: Zamazenta|Iron Defense|p2a: Zamazenta
|-boost|p2a: Zamazenta|def|2
|move|p1a: Really want eject|Revival Blessing|p1a: Really want eject
|-enditem|p1a: Really want eject|Leppa Berry|[eat]
|-activate|p1a: Really want eject|item: Leppa Berry|Revival Blessing|[consumed]
|
|t:|1685883385
|-heal|p1: Ghoti carrier|50/100|[from] move: Revival Blessing
|
|-heal|p2a: Zamazenta|33/100|[from] item: Leftovers
|upkeep
|turn|13
|
|t:|1685883390
|move|p2a: Zamazenta|Body Press|p1a: Really want eject
|-damage|p1a: Really want eject|0 fnt
|faint|p1a: Really want eject
|
|-heal|p2a: Zamazenta|39/100|[from] item: Leftovers
|upkeep
|
|t:|1685883394
|switch|p1a: Ghoti carrier|Pelipper, M|50/100
|-damage|p1a: Ghoti carrier|25/100|[from] Stealth Rock
|-weather|RainDance|[from] ability: Drizzle|[of] p1a: Ghoti carrier
|turn|14
|
|t:|1685883398
|move|p2a: Zamazenta|Body Press|p1a: Ghoti carrier
|-resisted|p1a: Ghoti carrier
|-damage|p1a: Ghoti carrier|0 fnt
|faint|p1a: Ghoti carrier
|
|-weather|RainDance|[upkeep]
|-heal|p2a: Zamazenta|45/100|[from] item: Leftovers
|upkeep
|
|t:|1685883403
|switch|p1a: BandedSkeda|Floatzel, F|100/100
|-damage|p1a: BandedSkeda|88/100|[from] Stealth Rock
|turn|15
|j| Djxevo
|j| Ran Kob
|
|t:|1685883409
|move|p1a: BandedSkeda|Wave Crash|p2a: Zamazenta
|-end|p2a: Zamazenta|Substitute
|-damage|p1a: BandedSkeda|80/100|[from] Recoil|[of] p2a: Zamazenta
|move|p2a: Zamazenta|Substitute|p2a: Zamazenta
|-start|p2a: Zamazenta|Substitute
|-damage|p2a: Zamazenta|20/100
|
|-weather|RainDance|[upkeep]
|-heal|p2a: Zamazenta|27/100|[from] item: Leftovers
|upkeep
|turn|16
|
|t:|1685883426
|move|p1a: BandedSkeda|Wave Crash|p2a: Zamazenta
|-end|p2a: Zamazenta|Substitute
|-damage|p1a: BandedSkeda|71/100|[from] Recoil|[of] p2a: Zamazenta
|move|p2a: Zamazenta|Body Press|p1a: BandedSkeda
|-damage|p1a: BandedSkeda|0 fnt
|faint|p1a: BandedSkeda
|
|-weather|RainDance|[upkeep]
|-heal|p2a: Zamazenta|33/100|[from] item: Leftovers
|upkeep
|
|t:|1685883428
|switch|p1a: Seaking Duck|Golduck, F|100/100
|-damage|p1a: Seaking Duck|88/100|[from] Stealth Rock
|turn|17
|
|t:|1685883431
|move|p1a: Seaking Duck|Surf|p2a: Zamazenta
|-damage|p2a: Zamazenta|0 fnt
|faint|p2a: Zamazenta
|-damage|p1a: Seaking Duck|78/100|[from] item: Life Orb
|
|-weather|RainDance|[upkeep]
|upkeep
|
|t:|1685883439
|switch|p2a: Sneasler|Sneasler, M|100/100
|-damage|p2a: Sneasler|88/100|[from] Spikes
|turn|18
|
|t:|1685883445
|-terastallize|p2a: Sneasler|Flying
|move|p1a: Seaking Duck|Surf|p2a: Sneasler
|-damage|p2a: Sneasler|0 fnt
|faint|p2a: Sneasler
|-damage|p1a: Seaking Duck|68/100|[from] item: Life Orb
|
|-weather|RainDance|[upkeep]
|upkeep
|-message|Sawkuro forfeited.
|
|win|OUDJ UU to suspect
|raw|OUDJ UU to suspect's rating: 2032 → 2044(+12 for winning)
|raw|Sawkuro's rating: 1880 → 1868(-12 for losing)
|l|☆Sawkuro
|l| b418hz
|l| restneeded
|l| ewqqw
|l| the eminence
|l| Djxevo
