|j|☆PecDacier
|j|☆CapnTophat
|t:|1685915456
|gametype|singles
|player|p1|PecDacier|1|1377
|player|p2|CapnTophat|steven|1479
|teamsize|p1|6
|teamsize|p2|6
|gen|9
|tier|[Gen 9] OU
|rated|
|rule|Sleep Clause Mod: Limit one foe put to sleep
|rule|Species Clause: Limit one of each Pokémon
|rule|OHKO Clause: OHKO moves are banned
|rule|Evasion Items Clause: Evasion items are banned
|rule|Evasion Moves Clause: Evasion moves are banned
|rule|Endless Battle Clause: Forcing endless battles is banned
|rule|HP Percentage Mod: HP is shown in percentages
|clearpoke
|poke|p1|Enamorus, F|
|poke|p1|Zamazenta-*|
|poke|p1|Azumarill, F|
|poke|p1|Glimmora, M|
|poke|p1|Dragapult, M|
|poke|p1|Kingambit, F|
|poke|p2|Arcanine-Hisui, F|
|poke|p2|Urshifu-*, M|
|poke|p2|Kingambit, M|
|poke|p2|Great Tusk|
|poke|p2|Garchomp, F|
|poke|p2|Zapdos|
|teampreview
|inactive|Battle timer is ON: inactive players will automatically lose when time's up. (requested by CapnTophat)
|inactive|CapnTophat has 120 seconds left.
|
|t:|1685915495
|start
|switch|p1a: Glimmora|Glimmora, M|100/100
|switch|p2a: Garchomp|Garchomp, F|100/100
|turn|1
|
|t:|1685915515
|move|p2a: Garchomp|Spikes|p1a: Glimmora
|-sidestart|p1: PecDacier|Spikes
|move|p1a: Glimmora|Stealth Rock|p2a: Garchomp
|-sidestart|p2: CapnTophat|move: Stealth Rock
|
|upkeep
|turn|2
|
|t:|1685915530
|move|p2a: Garchomp|Spikes|p1a: Glimmora
|-sidestart|p1: PecDacier|Spikes
|move|p1a: Glimmora|Mortal Spin|p2a: Garchomp
|-resisted|p2a: Garchomp
|-crit|p2a: Garchomp
|-damage|p2a: Garchomp|96/100
|-status|p2a: Garchomp|psn
|-damage|p1a: Glimmora|88/100|[from] ability: Rough Skin|[of] p2a: Garchomp
|-sideend|p1: PecDacier|Spikes|[from] move: Mortal Spin|[of] p1a: Glimmora
|
|-damage|p2a: Garchomp|83/100 psn|[from] psn
|upkeep
|turn|3
|
|t:|1685915546
|switch|p1a: Azumarill|Azumarill, F|100/100
|move|p2a: Garchomp|Spikes|p1a: Azumarill
|-sidestart|p1: PecDacier|Spikes
|
|-damage|p2a: Garchomp|71/100 psn|[from] psn
|upkeep
|turn|4
|
|t:|1685915552
|move|p2a: Garchomp|Earthquake|p1a: Azumarill
|-damage|p1a: Azumarill|39/100
|-enditem|p1a: Azumarill|Sitrus Berry|[eat]
|-heal|p1a: Azumarill|64/100|[from] item: Sitrus Berry
|-damage|p2a: Garchomp|61/100 psn|[from] item: Life Orb
|move|p1a: Azumarill|Play Rough|p2a: Garchomp|[miss]
|-miss|p1a: Azumarill|p2a: Garchomp
|
|-damage|p2a: Garchomp|49/100 psn|[from] psn
|upkeep
|turn|5
|
|t:|1685915568
|move|p2a: Garchomp|Earthquake|p1a: Azumarill
|-damage|p1a: Azumarill|5/100
|-damage|p2a: Garchomp|39/100 psn|[from] item: Life Orb
|move|p1a: Azumarill|Play Rough|p2a: Garchomp
|-supereffective|p2a: Garchomp
|-crit|p2a: Garchomp
|-damage|p2a: Garchomp|0 fnt
|-damage|p1a: Azumarill|0 fnt|[from] ability: Rough Skin|[of] p2a: Garchomp
|faint|p2a: Garchomp
|faint|p1a: Azumarill
|
|upkeep
|
|t:|1685915582
|switch|p2a: Zapdos|Zapdos|100/100
|switch|p1a: Glimmora|Glimmora, M|88/100
|-damage|p1a: Glimmora|76/100|[from] Spikes
|turn|6
|
|t:|1685915597
|move|p1a: Glimmora|Mortal Spin|p2a: Zapdos
|-damage|p2a: Zapdos|96/100
|-status|p2a: Zapdos|psn
|-status|p1a: Glimmora|par|[from] ability: Static|[of] p2a: Zapdos
|-sideend|p1: PecDacier|Spikes|[from] move: Mortal Spin|[of] p1a: Glimmora
|move|p2a: Zapdos|Volt Switch|p1a: Glimmora
|-damage|p1a: Glimmora|37/100 par
|
|t:|1685915602
|switch|p2a: Great Tusk|Great Tusk, shiny|100/100|[from] Volt Switch
|-damage|p2a: Great Tusk|98/100|[from] Stealth Rock
|
|-heal|p2a: Great Tusk|100/100|[from] item: Leftovers
|upkeep
|turn|7
|
|t:|1685915607
|move|p2a: Great Tusk|Stealth Rock|p1a: Glimmora
|-sidestart|p1: PecDacier|move: Stealth Rock
|move|p1a: Glimmora|Energy Ball|p2a: Great Tusk
|-supereffective|p2a: Great Tusk
|-damage|p2a: Great Tusk|21/100
|
|-heal|p2a: Great Tusk|27/100|[from] item: Leftovers
|upkeep
|turn|8
|
|t:|1685915612
|move|p2a: Great Tusk|Rapid Spin|p1a: Glimmora
|-resisted|p1a: Glimmora
|-damage|p1a: Glimmora|28/100 par
|-boost|p2a: Great Tusk|spe|1
|-activate|p1a: Glimmora|ability: Toxic Debris
|-sidestart|p2: CapnTophat|move: Toxic Spikes
|-sideend|p2: CapnTophat|Toxic Spikes|[from] move: Rapid Spin|[of] p2a: Great Tusk
|-sideend|p2: CapnTophat|Stealth Rock|[from] move: Rapid Spin|[of] p2a: Great Tusk
|move|p1a: Glimmora|Mortal Spin|p2a: Great Tusk
|-resisted|p2a: Great Tusk
|-damage|p2a: Great Tusk|26/100
|-status|p2a: Great Tusk|psn
|-sideend|p1: PecDacier|Stealth Rock|[from] move: Mortal Spin|[of] p1a: Glimmora
|
|-heal|p2a: Great Tusk|32/100 psn|[from] item: Leftovers
|-damage|p2a: Great Tusk|19/100 psn|[from] psn
|upkeep
|turn|9
|
|t:|1685915624
|move|p2a: Great Tusk|Earthquake|p1a: Glimmora
|-supereffective|p1a: Glimmora
|-damage|p1a: Glimmora|0 fnt
|-activate|p1a: Glimmora|ability: Toxic Debris
|-sidestart|p2: CapnTophat|move: Toxic Spikes
|faint|p1a: Glimmora
|
|-heal|p2a: Great Tusk|26/100 psn|[from] item: Leftovers
|-damage|p2a: Great Tusk|13/100 psn|[from] psn
|upkeep
|
|t:|1685915628
|switch|p1a: Zamazenta|Zamazenta|100/100
|-ability|p1a: Zamazenta|Dauntless Shield|boost
|-boost|p1a: Zamazenta|def|1
|turn|10
|
|t:|1685915633
|move|p1a: Zamazenta|Crunch|p2a: Great Tusk
|-resisted|p2a: Great Tusk
|-damage|p2a: Great Tusk|7/100 psn
|move|p2a: Great Tusk|Rapid Spin|p1a: Zamazenta
|-damage|p1a: Zamazenta|92/100
|-boost|p2a: Great Tusk|spe|1
|-sideend|p2: CapnTophat|Toxic Spikes|[from] move: Rapid Spin|[of] p2a: Great Tusk
|
|-heal|p2a: Great Tusk|13/100 psn|[from] item: Leftovers
|-damage|p2a: Great Tusk|1/100 psn|[from] psn
|upkeep
|turn|11
|
|t:|1685915639
|move|p2a: Great Tusk|Stealth Rock|p1a: Zamazenta
|-sidestart|p1: PecDacier|move: Stealth Rock
|move|p1a: Zamazenta|Howl|p1a: Zamazenta
|-boost|p1a: Zamazenta|atk|1
|
|-heal|p2a: Great Tusk|7/100 psn|[from] item: Leftovers
|-damage|p2a: Great Tusk|0 fnt|[from] psn
|faint|p2a: Great Tusk
|-end|p2a: Great Tusk|Protosynthesis|[silent]
|upkeep
|
|t:|1685915644
|switch|p2a: Zapdos|Zapdos|96/100 psn
|turn|12
|
|t:|1685915654
|move|p1a: Zamazenta|Stone Edge|p2a: Zapdos
|-supereffective|p2a: Zapdos
|-damage|p2a: Zapdos|7/100 psn
|move|p2a: Zapdos|Hurricane|p1a: Zamazenta
|-supereffective|p1a: Zamazenta
|-damage|p1a: Zamazenta|1/100
|
|-damage|p2a: Zapdos|0 fnt|[from] psn
|faint|p2a: Zapdos
|upkeep
|
|t:|1685915661
|switch|p2a: Urshifu|Urshifu-Rapid-Strike, M|100/100
|turn|13
|
|t:|1685915676
|move|p2a: Urshifu|Aqua Jet|p1a: Zamazenta
|-damage|p1a: Zamazenta|0 fnt
|faint|p1a: Zamazenta
|
|upkeep
|
|t:|1685915685
|switch|p1a: Dragapult|Dragapult, M|100/100
|-damage|p1a: Dragapult|88/100|[from] Stealth Rock
|turn|14
|
|t:|1685915690
|switch|p2a: Arcanine|Arcanine-Hisui, F|100/100
|move|p1a: Dragapult|Thunderbolt|p2a: Arcanine
|-damage|p2a: Arcanine|61/100
|-damage|p1a: Dragapult|78/100|[from] item: Life Orb
|
|upkeep
|turn|15
|
|t:|1685915704
|move|p1a: Dragapult|Hydro Pump|p2a: Arcanine
|-supereffective|p2a: Arcanine
|-damage|p2a: Arcanine|0 fnt
|faint|p2a: Arcanine
|-damage|p1a: Dragapult|69/100|[from] item: Life Orb
|
|upkeep
|
|t:|1685915711
|switch|p2a: Kingambit|Kingambit, M|100/100
|-activate|p2a: Kingambit|ability: Supreme Overlord
|-start|p2a: Kingambit|fallen4|[silent]
|turn|16
|
|t:|1685915728
|move|p1a: Dragapult|Fire Blast|p2a: Kingambit
|-supereffective|p2a: Kingambit
|-damage|p2a: Kingambit|8/100
|-damage|p1a: Dragapult|59/100|[from] item: Life Orb
|move|p2a: Kingambit|Iron Head|p1a: Dragapult
|-damage|p1a: Dragapult|0 fnt
|faint|p1a: Dragapult
|
|-heal|p2a: Kingambit|14/100|[from] item: Leftovers
|upkeep
|
|t:|1685915733
|switch|p1a: Enamorus|Enamorus, F|100/100
|-damage|p1a: Enamorus|76/100|[from] Stealth Rock
|turn|17
|
|t:|1685915738
|move|p2a: Kingambit|Sucker Punch|p1a: Enamorus
|-resisted|p1a: Enamorus
|-damage|p1a: Enamorus|30/100
|move|p1a: Enamorus|Superpower|p2a: Kingambit
|-supereffective|p2a: Kingambit
|-damage|p2a: Kingambit|0 fnt
|-boost|p1a: Enamorus|atk|1
|-boost|p1a: Enamorus|def|1
|faint|p2a: Kingambit
|-end|p2a: Kingambit|fallen4|[silent]
|
|-heal|p1a: Enamorus|36/100|[from] item: Leftovers
|upkeep
|
|t:|1685915741
|switch|p2a: Urshifu|Urshifu-Rapid-Strike, M|100/100
|turn|18
|
|t:|1685915748
|-terastallize|p1a: Enamorus|Steel
|-terastallize|p2a: Urshifu|Water
|move|p2a: Urshifu|Aqua Jet|p1a: Enamorus
|-damage|p1a: Enamorus|8/100
|move|p1a: Enamorus|Zen Headbutt|p2a: Urshifu
|-damage|p2a: Urshifu|63/100
|
|-heal|p1a: Enamorus|14/100|[from] item: Leftovers
|upkeep
|turn|19
|
|t:|1685915756
|move|p2a: Urshifu|Aqua Jet|p1a: Enamorus
|-damage|p1a: Enamorus|0 fnt
|faint|p1a: Enamorus
|
|upkeep
|
|t:|1685915758
|switch|p1a: Kingambit|Kingambit, F|100/100
|-damage|p1a: Kingambit|94/100|[from] Stealth Rock
|-activate|p1a: Kingambit|ability: Supreme Overlord
|-start|p1a: Kingambit|fallen5|[silent]
|turn|20
|
|t:|1685915768
|move|p2a: Urshifu|Close Combat|p1a: Kingambit
|-supereffective|p1a: Kingambit
|-damage|p1a: Kingambit|0 fnt
|-unboost|p2a: Urshifu|def|1
|-unboost|p2a: Urshifu|spd|1
|faint|p1a: Kingambit
|-end|p1a: Kingambit|fallen5|[silent]
|
|win|CapnTophat
|raw|PecDacier's rating: 1377 → 1363(-14 for losing)
|raw|CapnTophat's rating: 1479 → 1493(+14 for winning)
|l|☆PecDacier
