|j|☆WillingOwl OvO
|j|☆Luitbutery
|t:|1685891899
|gametype|singles
|player|p1|WillingOwl OvO|ingo|1138
|player|p2|Luitbutery|hooligans|1064
|teamsize|p1|6
|teamsize|p2|6
|gen|9
|tier|[Gen 9] OU
|rated|
|rule|Sleep Clause Mod: Limit one foe put to sleep
|rule|Species Clause: Limit one of each Pokémon
|rule|OHKO Clause: OHKO moves are banned
|rule|Evasion Items Clause: Evasion items are banned
|rule|Evasion Moves Clause: Evasion moves are banned
|rule|Endless Battle Clause: Forcing endless battles is banned
|rule|HP Percentage Mod: HP is shown in percentages
|clearpoke
|poke|p1|Gholdengo|
|poke|p1|Chien-Pao|
|poke|p1|Magearna|
|poke|p1|Slowking-Galar, M|
|poke|p1|Zapdos|
|poke|p1|Great Tusk|
|poke|p2|Ursaluna, M|
|poke|p2|Kingambit, M|
|poke|p2|Clawitzer, M|
|poke|p2|Cresselia, F|
|poke|p2|Dragonite, M|
|poke|p2|Hatterene, F|
|teampreview
|
|t:|1685891924
|start
|switch|p1a: Bruce Lee|Zapdos, shiny|100/100
|switch|p2a: Hatterene|Hatterene, F|100/100
|turn|1
|
|t:|1685891930
|move|p1a: Bruce Lee|Volt Switch|p2a: Hatterene
|-damage|p2a: Hatterene|71/100
|
|t:|1685891942
|switch|p1a: Andrew Tate|Gholdengo|100/100|[from] Volt Switch
|move|p2a: Hatterene|Trick Room|p2a: Hatterene
|-fieldstart|move: Trick Room|[of] p2a: Hatterene
|
|upkeep
|turn|2
|
|t:|1685891954
|move|p2a: Hatterene|Healing Wish|p2a: Hatterene
|faint|p2a: Hatterene
|move|p1a: Andrew Tate|Shadow Ball|p2: Hatterene|[notarget]
|-fail|p1a: Andrew Tate
|
|upkeep
|
|t:|1685891960
|switch|p2a: Ursaluna|Ursaluna, M, shiny|100/100
|turn|3
|
|t:|1685891986
|switch|p1a: Bruce Lee|Zapdos, shiny|100/100
|move|p2a: Ursaluna|Headlong Rush|p1a: Bruce Lee
|-immune|p1a: Bruce Lee
|
|-status|p2a: Ursaluna|brn|[from] item: Flame Orb
|upkeep
|turn|4
|
|t:|1685891998
|switch|p1a: Manny|Great Tusk|100/100
|move|p2a: Ursaluna|Facade|p1a: Manny
|-damage|p1a: Manny|38/100
|
|-heal|p1a: Manny|44/100|[from] item: Leftovers
|-damage|p2a: Ursaluna|94/100 brn|[from] brn
|upkeep
|turn|5
|
|t:|1685892006
|move|p2a: Ursaluna|Play Rough|p1a: Manny
|-supereffective|p1a: Manny
|-damage|p1a: Manny|0 fnt
|faint|p1a: Manny
|-end|p1a: Manny|Protosynthesis|[silent]
|
|-damage|p2a: Ursaluna|88/100 brn|[from] brn
|-fieldend|move: Trick Room
|upkeep
|
|t:|1685892012
|switch|p1a: Tai Lung|Chien-Pao|100/100
|-ability|p1a: Tai Lung|Sword of Ruin
|turn|6
|
|t:|1685892018
|move|p1a: Tai Lung|Icicle Crash|p2a: Ursaluna
|-supereffective|p2a: Ursaluna
|-damage|p2a: Ursaluna|0 fnt
|faint|p2a: Ursaluna
|
|upkeep
|
|t:|1685892024
|switch|p2a: Cresselia|Cresselia, F|100/100
|turn|7
|
|t:|1685892029
|move|p1a: Tai Lung|Icicle Crash|p2a: Cresselia
|-damage|p2a: Cresselia|43/100
|cant|p2a: Cresselia|flinch
|
|upkeep
|turn|8
|
|t:|1685892038
|move|p1a: Tai Lung|Icicle Crash|p2a: Cresselia
|-damage|p2a: Cresselia|0 fnt
|faint|p2a: Cresselia
|
|upkeep
|
|t:|1685892045
|switch|p2a: Kingambit|Kingambit, M|100/100
|-activate|p2a: Kingambit|ability: Supreme Overlord
|-start|p2a: Kingambit|fallen3|[silent]
|turn|9
|
|t:|1685892053
|switch|p1a: Andrew Tate|Gholdengo|100/100
|move|p2a: Kingambit|Swords Dance|p2a: Kingambit
|-boost|p2a: Kingambit|atk|2
|
|upkeep
|turn|10
|
|t:|1685892059
|move|p1a: Andrew Tate|Trick|p2a: Kingambit
|-activate|p1a: Andrew Tate|move: Trick|[of] p2a: Kingambit
|-item|p2a: Kingambit|Choice Scarf|[from] move: Trick
|-item|p1a: Andrew Tate|Black Glasses|[from] move: Trick
|move|p2a: Kingambit|Iron Head|p1a: Andrew Tate
|-resisted|p1a: Andrew Tate
|-damage|p1a: Andrew Tate|35/100
|
|upkeep
|turn|11
|
|t:|1685892067
|switch|p1a: Bruce Lee|Zapdos, shiny|100/100
|move|p2a: Kingambit|Iron Head|p1a: Bruce Lee
|-resisted|p1a: Bruce Lee
|-damage|p1a: Bruce Lee|54/100
|
|upkeep
|turn|12
|
|t:|1685892073
|move|p1a: Bruce Lee|Roost|p1a: Bruce Lee
|-heal|p1a: Bruce Lee|100/100
|-singleturn|p1a: Bruce Lee|move: Roost
|move|p2a: Kingambit|Iron Head|p1a: Bruce Lee
|-resisted|p1a: Bruce Lee
|-damage|p1a: Bruce Lee|53/100
|
|upkeep
|turn|13
|
|t:|1685892081
|-end|p2a: Kingambit|fallen3|[silent]
|switch|p2a: Clawitzer|Clawitzer, M, shiny|100/100
|move|p1a: Bruce Lee|Heat Wave|p2a: Clawitzer|[miss]
|-miss|p1a: Bruce Lee|p2a: Clawitzer
|
|upkeep
|turn|14
|
|t:|1685892087
|move|p1a: Bruce Lee|Volt Switch|p2a: Clawitzer
|-supereffective|p2a: Clawitzer
|-damage|p2a: Clawitzer|36/100
|
|t:|1685892093
|switch|p1a: Patrick Galar|Slowking-Galar, M|100/100|[from] Volt Switch
|move|p2a: Clawitzer|Dragon Pulse|p1a: Patrick Galar
|-damage|p1a: Patrick Galar|73/100
|
|upkeep
|turn|15
|
|t:|1685892104
|switch|p2a: Kingambit|Kingambit, M|100/100
|-activate|p2a: Kingambit|ability: Supreme Overlord
|-start|p2a: Kingambit|fallen3|[silent]
|move|p1a: Patrick Galar|Sludge Bomb|p2a: Kingambit
|-immune|p2a: Kingambit
|
|upkeep
|turn|16
|
|t:|1685892112
|switch|p1a: Bruce Lee|Zapdos, shiny|53/100
|move|p2a: Kingambit|Sucker Punch||[still]
|-fail|p2a: Kingambit
|
|upkeep
|turn|17
|
|t:|1685892120
|move|p2a: Kingambit|Sucker Punch||[still]
|-fail|p2a: Kingambit
|move|p1a: Bruce Lee|Roost|p1a: Bruce Lee
|-heal|p1a: Bruce Lee|100/100
|-singleturn|p1a: Bruce Lee|move: Roost
|
|upkeep
|turn|18
|
|t:|1685892128
|-end|p2a: Kingambit|fallen3|[silent]
|switch|p2a: Dragonite|Dragonite, M|100/100
|move|p1a: Bruce Lee|Heat Wave|p2a: Dragonite
|-resisted|p2a: Dragonite
|-damage|p2a: Dragonite|93/100
|
|-heal|p2a: Dragonite|99/100|[from] item: Leftovers
|upkeep
|turn|19
|
|t:|1685892136
|move|p2a: Dragonite|Dragon Dance|p2a: Dragonite
|-boost|p2a: Dragonite|atk|1
|-boost|p2a: Dragonite|spe|1
|move|p1a: Bruce Lee|Volt Switch|p2a: Dragonite
|-damage|p2a: Dragonite|67/100
|
|t:|1685892147
|switch|p1a: Alita|Magearna|100/100|[from] Volt Switch
|
|-heal|p2a: Dragonite|73/100|[from] item: Leftovers
|upkeep
|turn|20
|-message|Luitbutery forfeited.
|
|win|WillingOwl OvO
|raw|WillingOwl OvO's rating: 1138 → 1158(+20 for winning)
|raw|Luitbutery's rating: 1064 → 1049(-15 for losing)
|l|☆Luitbutery
