|j|☆perseusrad
|j|☆banded struggle
|t:|1685862231
|gametype|singles
|player|p1|perseusrad|169|1325
|player|p2|banded struggle|hau|1413
|teamsize|p1|6
|teamsize|p2|6
|gen|9
|tier|[Gen 9] OU
|rated|
|rule|Sleep Clause Mod: Limit one foe put to sleep
|rule|Species Clause: Limit one of each Pokémon
|rule|OHKO Clause: OHKO moves are banned
|rule|Evasion Items Clause: Evasion items are banned
|rule|Evasion Moves Clause: Evasion moves are banned
|rule|Endless Battle Clause: Forcing endless battles is banned
|rule|HP Percentage Mod: HP is shown in percentages
|clearpoke
|poke|p1|Ursaluna, M|
|poke|p1|Samurott-Hisui, M|
|poke|p1|Chien-Pao|
|poke|p1|Iron Valiant|
|poke|p1|Magearna|
|poke|p1|Rotom-Wash|
|poke|p2|Azelf|
|poke|p2|Samurott-Hisui, M|
|poke|p2|Gholdengo|
|poke|p2|Great Tusk|
|poke|p2|Zapdos|
|poke|p2|Slowking-Galar, F|
|teampreview
|inactive|Battle timer is ON: inactive players will automatically lose when time's up. (requested by banded struggle)
|j| seedonpokemon
|l| seedonpokemon
|
|t:|1685862244
|start
|switch|p1a: Samurott|Samurott-Hisui, M|100/100
|switch|p2a: Samurott|Samurott-Hisui, M|100/100
|turn|1
|
|t:|1685862260
|switch|p2a: Zapdos|Zapdos|100/100
|move|p1a: Samurott|Sacred Sword|p2a: Zapdos
|-resisted|p2a: Zapdos
|-damage|p2a: Zapdos|72/100
|-damage|p1a: Samurott|91/100|[from] item: Life Orb
|
|upkeep
|turn|2
|
|t:|1685862267
|switch|p1a: Magearna|Magearna|100/100
|move|p2a: Zapdos|Volt Switch|p1a: Magearna
|-damage|p1a: Magearna|71/100
|
|t:|1685862277
|switch|p2a: Gholdengo|Gholdengo|100/100|[from] Volt Switch
|
|upkeep
|turn|3
|
|t:|1685862289
|move|p2a: Gholdengo|Shadow Ball|p1a: Magearna
|-damage|p1a: Magearna|37/100
|move|p1a: Magearna|Calm Mind|p1a: Magearna
|-boost|p1a: Magearna|spa|1
|-boost|p1a: Magearna|spd|1
|
|upkeep
|turn|4
|
|t:|1685862295
|move|p2a: Gholdengo|Shadow Ball|p1a: Magearna
|-damage|p1a: Magearna|14/100
|move|p1a: Magearna|Shift Gear|p1a: Magearna
|-boost|p1a: Magearna|spe|2
|-boost|p1a: Magearna|atk|1
|
|upkeep
|turn|5
|
|t:|1685862300
|move|p2a: Gholdengo|Shadow Ball|p1a: Magearna
|-damage|p1a: Magearna|0 fnt
|faint|p1a: Magearna
|
|upkeep
|
|t:|1685862304
|switch|p1a: Ursaluna|Ursaluna, M|100/100
|turn|6
|
|t:|1685862312
|switch|p2a: Zapdos|Zapdos|72/100
|move|p1a: Ursaluna|Substitute|p1a: Ursaluna
|-start|p1a: Ursaluna|Substitute
|-damage|p1a: Ursaluna|76/100
|
|-status|p1a: Ursaluna|brn|[from] item: Flame Orb
|upkeep
|turn|7
|
|t:|1685862321
|move|p2a: Zapdos|Heat Wave|p1a: Ursaluna|[miss]
|-miss|p2a: Zapdos|p1a: Ursaluna
|move|p1a: Ursaluna|Facade|p2a: Zapdos
|-damage|p2a: Zapdos|0 fnt
|faint|p2a: Zapdos
|
|-damage|p1a: Ursaluna|70/100 brn|[from] brn
|upkeep
|
|t:|1685862340
|switch|p2a: Samurott|Samurott-Hisui, M|100/100
|turn|8
|
|t:|1685862343
|move|p2a: Samurott|Sacred Sword|p1a: Ursaluna
|-supereffective|p1a: Ursaluna
|-end|p1a: Ursaluna|Substitute
|move|p1a: Ursaluna|Drain Punch|p2a: Samurott
|-supereffective|p2a: Samurott
|-damage|p2a: Samurott|5/100
|-heal|p1a: Ursaluna|100/100 brn|[from] drain|[of] p2a: Samurott
|
|-damage|p1a: Ursaluna|94/100 brn|[from] brn
|upkeep
|turn|9
|
|t:|1685862354
|switch|p1a: Rotom|Rotom-Wash|100/100
|move|p2a: Samurott|Razor Shell|p1a: Rotom
|-resisted|p1a: Rotom
|-damage|p1a: Rotom|70/100
|
|-heal|p1a: Rotom|76/100|[from] item: Leftovers
|upkeep
|turn|10
|
|t:|1685862364
|switch|p2a: Slowking|Slowking-Galar, F|100/100
|move|p1a: Rotom|Hydro Pump|p2a: Slowking|[miss]
|-miss|p1a: Rotom|p2a: Slowking
|
|-heal|p1a: Rotom|82/100|[from] item: Leftovers
|upkeep
|turn|11
|
|t:|1685862371
|move|p1a: Rotom|Thunder Wave|p2a: Slowking
|-status|p2a: Slowking|par
|move|p2a: Slowking|Toxic|p1a: Rotom
|-status|p1a: Rotom|tox
|
|-heal|p1a: Rotom|88/100 tox|[from] item: Leftovers
|-damage|p1a: Rotom|82/100 tox|[from] psn
|upkeep
|turn|12
|
|t:|1685862376
|switch|p1a: Samurott|Samurott-Hisui, M|91/100
|move|p2a: Slowking|Future Sight|p1a: Samurott
|-start|p2a: Slowking|move: Future Sight
|
|upkeep
|turn|13
|
|t:|1685862385
|switch|p2a: Samurott|Samurott-Hisui, M|5/100
|move|p1a: Samurott|Ceaseless Edge|p2a: Samurott|[miss]
|-miss|p1a: Samurott|p2a: Samurott
|
|upkeep
|turn|14
|
|t:|1685862391
|move|p1a: Samurott|Sucker Punch|p2a: Samurott
|-resisted|p2a: Samurott
|-damage|p2a: Samurott|0 fnt
|faint|p2a: Samurott
|-damage|p1a: Samurott|81/100|[from] item: Life Orb
|
|-end|p1a: Samurott|move: Future Sight
|-immune|p1a: Samurott
|upkeep
|
|t:|1685862406
|switch|p2a: Great Tusk|Great Tusk|100/100
|turn|15
|
|t:|1685862410
|-terastallize|p1a: Samurott|Ghost
|move|p2a: Great Tusk|Earthquake|p1a: Samurott
|-damage|p1a: Samurott|36/100
|move|p1a: Samurott|Aqua Cutter|p2a: Great Tusk
|-supereffective|p2a: Great Tusk
|-damage|p2a: Great Tusk|35/100
|-damage|p1a: Samurott|27/100|[from] item: Life Orb
|
|-heal|p2a: Great Tusk|42/100|[from] item: Leftovers
|upkeep
|turn|16
|
|t:|1685862418
|switch|p1a: Rotom|Rotom-Wash|82/100 tox
|move|p2a: Great Tusk|Knock Off|p1a: Rotom
|-damage|p1a: Rotom|50/100 tox
|-enditem|p1a: Rotom|Leftovers|[from] move: Knock Off|[of] p2a: Great Tusk
|
|-heal|p2a: Great Tusk|48/100|[from] item: Leftovers
|-damage|p1a: Rotom|44/100 tox|[from] psn
|upkeep
|turn|17
|
|t:|1685862424
|move|p2a: Great Tusk|Stealth Rock|p1a: Rotom
|-sidestart|p1: perseusrad|move: Stealth Rock
|move|p1a: Rotom|Hydro Pump|p2a: Great Tusk
|-supereffective|p2a: Great Tusk
|-damage|p2a: Great Tusk|0 fnt
|faint|p2a: Great Tusk
|-end|p2a: Great Tusk|Protosynthesis|[silent]
|
|-damage|p1a: Rotom|31/100 tox|[from] psn
|upkeep
|
|t:|1685862439
|switch|p2a: Gholdengo|Gholdengo|100/100
|turn|18
|
|t:|1685862443
|move|p2a: Gholdengo|Shadow Ball|p1a: Rotom
|-damage|p1a: Rotom|0 fnt
|faint|p1a: Rotom
|
|upkeep
|
|t:|1685862447
|switch|p1a: Samurott|Samurott-Hisui, M, tera:Ghost|27/100
|-damage|p1a: Samurott|14/100|[from] Stealth Rock
|turn|19
|
|t:|1685862455
|move|p1a: Samurott|Sucker Punch|p2a: Gholdengo
|-supereffective|p2a: Gholdengo
|-damage|p2a: Gholdengo|4/100
|-damage|p1a: Samurott|4/100|[from] item: Life Orb
|move|p2a: Gholdengo|Shadow Ball|p1a: Samurott
|-supereffective|p1a: Samurott
|-damage|p1a: Samurott|0 fnt
|faint|p1a: Samurott
|
|upkeep
|
|t:|1685862460
|switch|p1a: Ursaluna|Ursaluna, M|94/100 brn
|-damage|p1a: Ursaluna|88/100 brn|[from] Stealth Rock
|turn|20
|
|t:|1685862468
|move|p2a: Gholdengo|Shadow Ball|p1a: Ursaluna
|-immune|p1a: Ursaluna
|move|p1a: Ursaluna|Substitute|p1a: Ursaluna
|-start|p1a: Ursaluna|Substitute
|-damage|p1a: Ursaluna|64/100 brn
|
|-damage|p1a: Ursaluna|58/100 brn|[from] brn
|upkeep
|turn|21
|
|t:|1685862473
|move|p2a: Gholdengo|Shadow Ball|p1a: Ursaluna
|-immune|p1a: Ursaluna
|move|p1a: Ursaluna|Headlong Rush|p2a: Gholdengo
|-supereffective|p2a: Gholdengo
|-damage|p2a: Gholdengo|0 fnt
|-unboost|p1a: Ursaluna|def|1
|-unboost|p1a: Ursaluna|spd|1
|faint|p2a: Gholdengo
|
|-damage|p1a: Ursaluna|51/100 brn|[from] brn
|upkeep
|
|t:|1685862479
|switch|p2a: Azelf|Azelf|100/100
|turn|22
|
|t:|1685862481
|move|p2a: Azelf|U-turn|p1a: Ursaluna
|-activate|p1a: Ursaluna|move: Substitute|[damage]
|
|t:|1685862484
|switch|p2a: Slowking|Slowking-Galar, F|100/100 par|[from] U-turn
|move|p1a: Ursaluna|Facade|p2a: Slowking
|-damage|p2a: Slowking|0 fnt
|faint|p2a: Slowking
|
|-damage|p1a: Ursaluna|45/100 brn|[from] brn
|upkeep
|
|t:|1685862490
|switch|p2a: Azelf|Azelf|100/100
|turn|23
|
|t:|1685862495
|move|p2a: Azelf|Mystical Power|p1a: Ursaluna
|-end|p1a: Ursaluna|Substitute
|-boost|p2a: Azelf|spa|1
|move|p1a: Ursaluna|Facade|p2a: Azelf
|-damage|p2a: Azelf|0 fnt
|faint|p2a: Azelf
|
|win|perseusrad
|raw|perseusrad's rating: 1325 → 1350(+25 for winning)
|raw|banded struggle's rating: 1413 → 1388(-25 for losing)
|l|☆banded struggle
