|j|☆RedSF71
|j|☆Glitchtastic
|t:|1685835022
|gametype|singles
|player|p1|RedSF71|shadowtriad|
|player|p2|Glitchtastic|larry|
|teamsize|p1|6
|teamsize|p2|6
|gen|9
|tier|[Gen 9] OU
|rule|Sleep Clause Mod: Limit one foe put to sleep
|rule|Species Clause: Limit one of each Pokémon
|rule|OHKO Clause: OHKO moves are banned
|rule|Evasion Items Clause: Evasion items are banned
|rule|Evasion Moves Clause: Evasion moves are banned
|rule|Endless Battle Clause: Forcing endless battles is banned
|rule|HP Percentage Mod: HP is shown in percentages
|clearpoke
|poke|p1|Gengar, M|
|poke|p1|Lucario, F|
|poke|p1|Espeon, M|
|poke|p1|Charizard, F|
|poke|p1|Zoroark, M|
|poke|p1|Leafeon, M|
|poke|p2|Iron Hands|
|poke|p2|Rotom-Wash|
|poke|p2|Bronzong|
|poke|p2|Bombirdier, F|
|poke|p2|Palossand, F|
|poke|p2|Appletun, M|
|teampreview
|
|t:|1685835050
|start
|switch|p1a: Defense|Leafeon, M|100/100
|switch|p2a: Psy END Summoner|Bronzong|100/100
|turn|1
|j| johngalt149
|j|+111ace111
|
|t:|1685835070
|switch|p1a: Back Foot Drive|Espeon, M|100/100
|move|p2a: Psy END Summoner|Stealth Rock|p1a: Back Foot Drive
|move|p1a: Back Foot Drive|Stealth Rock|p2a: Psy END Summoner|[from]ability: Magic Bounce
|-sidestart|p2: Glitchtastic|move: Stealth Rock
|
|upkeep
|turn|2
|j| yes munchlax
|
|t:|1685835095
|move|p1a: Back Foot Drive|Shadow Ball|p2a: Psy END Summoner
|-supereffective|p2a: Psy END Summoner
|-damage|p2a: Psy END Summoner|62/100
|move|p2a: Psy END Summoner|Trick Room|p2a: Psy END Summoner
|-fieldstart|move: Trick Room|[of] p2a: Psy END Summoner
|
|upkeep
|turn|3
|j| Flare1498
|
|t:|1685835109
|switch|p2a: Baronne de Floor|Palossand, F|100/100
|-damage|p2a: Baronne de Floor|94/100|[from] Stealth Rock
|move|p1a: Back Foot Drive|Calm Mind|p1a: Back Foot Drive
|-boost|p1a: Back Foot Drive|spa|1
|-boost|p1a: Back Foot Drive|spd|1
|
|upkeep
|turn|4
|
|t:|1685835123
|move|p2a: Baronne de Floor|Shadow Ball|p1a: Back Foot Drive
|-supereffective|p1a: Back Foot Drive
|-damage|p1a: Back Foot Drive|18/100
|move|p1a: Back Foot Drive|Trick Room|p1a: Back Foot Drive
|-fieldend|move: Trick Room
|
|upkeep
|turn|5
|
|t:|1685835129
|-terastallize|p2a: Baronne de Floor|Grass
|move|p1a: Back Foot Drive|Shadow Ball|p2a: Baronne de Floor
|-damage|p2a: Baronne de Floor|42/100
|move|p2a: Baronne de Floor|Shadow Ball|p1a: Back Foot Drive
|-supereffective|p1a: Back Foot Drive
|-damage|p1a: Back Foot Drive|0 fnt
|faint|p1a: Back Foot Drive
|
|upkeep
|j| Bugsileus
|
|t:|1685835151
|switch|p1a: Off Drive|Gengar, M|100/100
|turn|6
|
|t:|1685835155
|move|p1a: Off Drive|Sludge Bomb|p2a: Baronne de Floor
|-supereffective|p2a: Baronne de Floor
|-damage|p2a: Baronne de Floor|0 fnt
|faint|p2a: Baronne de Floor
|
|upkeep
|
|t:|1685835163
|switch|p2a: Sprite Jet|Bombirdier, F|100/100
|-damage|p2a: Sprite Jet|76/100|[from] Stealth Rock
|turn|7
|
|t:|1685835171
|move|p2a: Sprite Jet|Rock Blast|p1a: Off Drive
|-damage|p1a: Off Drive|85/100
|-damage|p1a: Off Drive|68/100
|-damage|p1a: Off Drive|51/100
|-damage|p1a: Off Drive|35/100
|-hitcount|p1a: Off Drive|4
|move|p1a: Off Drive|Dazzling Gleam|p2a: Sprite Jet
|-supereffective|p2a: Sprite Jet
|-damage|p2a: Sprite Jet|9/100
|
|upkeep
|turn|8
|
|t:|1685835182
|move|p2a: Sprite Jet|Rock Blast|p1a: Off Drive
|-damage|p1a: Off Drive|20/100
|-start|p2a: Sprite Jet|Disable|Rock Blast|[from] ability: Cursed Body|[of] p1a: Off Drive
|-damage|p1a: Off Drive|2/100
|-damage|p1a: Off Drive|0 fnt
|faint|p1a: Off Drive
|-hitcount|p1: Off Drive|3
|
|upkeep
|
|t:|1685835199
|switch|p1a: Sweep|Charizard, F|100/100
|turn|9
|
|t:|1685835203
|-activate|p2a: Sprite Jet|move: Struggle
|move|p2a: Sprite Jet|Struggle|p1a: Sweep
|-damage|p1a: Sweep|76/100
|-damage|p2a: Sprite Jet|0 fnt|[from] recoil
|faint|p2a: Sprite Jet
|move|p1a: Sweep|Dragon Dance|p1a: Sweep
|-boost|p1a: Sweep|atk|1
|-boost|p1a: Sweep|spe|1
|
|upkeep
|
|t:|1685835211
|switch|p2a: Sprite Blue|Rotom-Wash|100/100
|-damage|p2a: Sprite Blue|88/100|[from] Stealth Rock
|turn|10
|j| sh0shin
|
|t:|1685835219
|-terastallize|p1a: Sweep|Dragon
|move|p1a: Sweep|Dragon Dance|p1a: Sweep
|-boost|p1a: Sweep|atk|1
|-boost|p1a: Sweep|spe|1
|move|p2a: Sprite Blue|Thunderbolt|p1a: Sweep
|-resisted|p1a: Sweep
|-damage|p1a: Sweep|48/100
|
|upkeep
|turn|11
|
|t:|1685835231
|move|p1a: Sweep|Dragon Claw|p2a: Sprite Blue
|-damage|p2a: Sprite Blue|15/100
|move|p2a: Sprite Blue|Thunderbolt|p1a: Sweep
|-resisted|p1a: Sweep
|-damage|p1a: Sweep|20/100
|
|upkeep
|turn|12
|
|t:|1685835239
|move|p1a: Sweep|Dragon Claw|p2a: Sprite Blue
|-damage|p2a: Sprite Blue|0 fnt
|faint|p2a: Sprite Blue
|
|upkeep
|
|t:|1685835247
|switch|p2a: Psy END Summoner|Bronzong|62/100
|-damage|p2a: Psy END Summoner|56/100|[from] Stealth Rock
|turn|13
|
|t:|1685835251
|move|p1a: Sweep|Fire Punch|p2a: Psy END Summoner
|-supereffective|p2a: Psy END Summoner
|-damage|p2a: Psy END Summoner|0 fnt
|faint|p2a: Psy END Summoner
|
|upkeep
|
|t:|1685835256
|switch|p2a: Avramass|Iron Hands|100/100
|-damage|p2a: Avramass|94/100|[from] Stealth Rock
|turn|14
|
|t:|1685835260
|move|p2a: Avramass|Fake Out|p1a: Sweep
|-damage|p1a: Sweep|0 fnt
|faint|p1a: Sweep
|
|upkeep
|
|t:|1685835283
|switch|p1a: Defense|Leafeon, M|100/100
|turn|15
|
|t:|1685835294
|move|p1a: Defense|U-turn|p2a: Avramass
|-resisted|p2a: Avramass
|-damage|p2a: Avramass|89/100
|
|t:|1685835301
|switch|p1a: Defense|Leafeon, M|100/100|[from] U-turn
|move|p2a: Avramass|Drain Punch|p1a: Defense
|-damage|p1a: Defense|57/100
|-heal|p2a: Avramass|100/100|[from] drain|[of] p1a: Defense
|
|upkeep
|turn|16
|c|☆RedSF71|I was fishing for a para but didn't get one on Zard
|c|☆RedSF71|Not that it mattered because Fake Out killed
|
|t:|1685835338
|move|p1a: Defense|Leaf Blade|p2a: Avramass
|-damage|p2a: Avramass|61/100
|-damage|p1a: Defense|47/100|[from] item: Life Orb
|move|p2a: Avramass|Thunder Punch|p1a: Defense
|-resisted|p1a: Defense
|-damage|p1a: Defense|26/100
|
|upkeep
|turn|17
|
|t:|1685835350
|move|p1a: Defense|Detect|p1a: Defense
|-singleturn|p1a: Defense|Protect
|move|p2a: Avramass|Drain Punch|p1a: Defense
|-activate|p1a: Defense|move: Protect
|
|upkeep
|turn|18
|j| VeVii
|
|t:|1685835358
|move|p1a: Defense|Leaf Blade|p2a: Avramass
|-damage|p2a: Avramass|23/100
|-damage|p1a: Defense|16/100|[from] item: Life Orb
|move|p2a: Avramass|Drain Punch|p1a: Defense
|-damage|p1a: Defense|0 fnt
|-heal|p2a: Avramass|28/100|[from] drain|[of] p1a: Defense
|faint|p1a: Defense
|
|upkeep
|
|t:|1685835374
|switch|p1a: On Drive|Lucario, F|100/100
|turn|19
|
|t:|1685835389
|move|p1a: On Drive|Aura Sphere|p2a: Avramass
|-damage|p2a: Avramass|9/100
|move|p2a: Avramass|Drain Punch|p1a: On Drive
|-supereffective|p1a: On Drive
|-damage|p1a: On Drive|0 fnt
|-heal|p2a: Avramass|41/100|[from] drain|[of] p1a: On Drive
|faint|p1a: On Drive
|
|upkeep
|
|t:|1685835397
|switch|p1a: Cover Drive|Zoroark, M|100/100
|turn|20
|
|t:|1685835402
|move|p1a: Cover Drive|Night Daze|p2a: Avramass
|-resisted|p2a: Avramass
|-damage|p2a: Avramass|30/100
|move|p2a: Avramass|Drain Punch|p1a: Cover Drive
|-supereffective|p1a: Cover Drive
|-enditem|p1a: Cover Drive|Focus Sash
|-damage|p1a: Cover Drive|1/100
|-heal|p2a: Avramass|59/100|[from] drain|[of] p1a: Cover Drive
|
|upkeep
|turn|21
|
|t:|1685835410
|move|p1a: Cover Drive|Night Daze|p2a: Avramass
|-resisted|p2a: Avramass
|-damage|p2a: Avramass|48/100
|-unboost|p2a: Avramass|accuracy|1
|move|p2a: Avramass|Drain Punch|p1a: Cover Drive
|-supereffective|p1a: Cover Drive
|-damage|p1a: Cover Drive|0 fnt
|-heal|p2a: Avramass|48/100|[from] drain|[of] p1a: Cover Drive
|faint|p1a: Cover Drive
|
|win|Glitchtastic
|l| sh0shin
|c|☆Glitchtastic|gg
|c|☆RedSF71|Strats weren't up to snuff
|c|☆RedSF71|GGs
|l| johngalt149
|l|☆RedSF71
