|j|☆Poke_Steelix123
|j|☆xNCStarx
|t:|1685931306
|gametype|singles
|player|p1|Poke_Steelix123|harlequin|
|player|p2|xNCStarx|2|
|teamsize|p1|6
|teamsize|p2|6
|gen|9
|tier|[Gen 9] OU
|rule|Sleep Clause Mod: Limit one foe put to sleep
|rule|Species Clause: Limit one of each Pokémon
|rule|OHKO Clause: OHKO moves are banned
|rule|Evasion Items Clause: Evasion items are banned
|rule|Evasion Moves Clause: Evasion moves are banned
|rule|Endless Battle Clause: Forcing endless battles is banned
|rule|HP Percentage Mod: HP is shown in percentages
|clearpoke
|poke|p1|Zoroark-Hisui, F|
|poke|p1|Kingambit, M|
|poke|p1|Mimikyu, M|
|poke|p1|Charizard, F|
|poke|p1|Bronzong|
|poke|p1|Whiscash, F|
|poke|p2|Iron Treads|
|poke|p2|Armarouge, M|
|poke|p2|Iron Jugulis|
|poke|p2|Iron Thorns|
|poke|p2|Eelektross, M|
|poke|p2|Florges, F|
|teampreview
|j| Asmerald2
|j| WallaceLocomotive
|j| iColt13
|c| Asmerald2|FIRST
|j| JKL623
|j| Team WTIFF
|j| Sh1z4m
|j| BigFishmonger
|c| iColt13|banned
|
|t:|1685931335
|start
|switch|p1a: Chosh|Charizard, F|100/100
|switch|p2a: Armarouge|Armarouge, M|100/100
|turn|1
|c| Sh1z4m|SIXTH
|c| WallaceLocomotive|bro took bronzong :(
|
|t:|1685931365
|switch|p2a: Iron Thorns|Iron Thorns|100/100
|move|p1a: Chosh|Belly Drum|p1a: Chosh
|-damage|p1a: Chosh|50/100
|-setboost|p1a: Chosh|atk|6|[from] move: Belly Drum
|-enditem|p1a: Chosh|Sitrus Berry|[eat]
|-heal|p1a: Chosh|75/100|[from] item: Sitrus Berry
|
|upkeep
|turn|2
|
|t:|1685931393
|move|p2a: Iron Thorns|Rock Blast|p1a: Chosh|[miss]
|-miss|p2a: Iron Thorns|p1a: Chosh
|move|p1a: Chosh|Brick Break|p2a: Iron Thorns
|-supereffective|p2a: Iron Thorns
|-damage|p2a: Iron Thorns|0 fnt
|faint|p2a: Iron Thorns
|-end|p2a: Iron Thorns|Quark Drive|[silent]
|
|upkeep
|
|t:|1685931403
|switch|p2a: Iron Jugulis|Iron Jugulis|100/100
|turn|3
|
|t:|1685931429
|move|p2a: Iron Jugulis|Dark Pulse|p1a: Chosh
|-damage|p1a: Chosh|26/100
|move|p1a: Chosh|Acrobatics|p2a: Iron Jugulis
|-damage|p2a: Iron Jugulis|0 fnt
|faint|p2a: Iron Jugulis
|-end|p2a: Iron Jugulis|Quark Drive|[silent]
|
|upkeep
|c| WallaceLocomotive|karma\
|
|t:|1685931438
|switch|p2a: Iron Treads|Iron Treads|100/100
|turn|4
|c| Sh1z4m|THROWING FOR CONTENT
|c| iColt13|this match is scripted
|c| iColt13|smh
|c| iColt13|no way
|
|t:|1685931456
|move|p2a: Iron Treads|Rock Slide|p1a: Chosh
|-supereffective|p1a: Chosh
|-damage|p1a: Chosh|0 fnt
|faint|p1a: Chosh
|-damage|p2a: Iron Treads|91/100|[from] item: Life Orb
|
|upkeep
|
|t:|1685931488
|switch|p1a: Wosh|Whiscash, F|100/100
|turn|5
|
|t:|1685931495
|-end|p2a: Iron Treads|Quark Drive|[silent]
|switch|p2a: Eelektross|Eelektross, M|100/100
|move|p1a: Wosh|Nasty Plot|p1a: Wosh
|-boost|p1a: Wosh|spa|2
|
|upkeep
|turn|6
|
|t:|1685931531
|move|p1a: Wosh|Shadow Ball|p2a: Eelektross
|-damage|p2a: Eelektross|0 fnt
|faint|p2a: Eelektross
|
|upkeep
|
|t:|1685931543
|switch|p2a: Florges|Florges, F|100/100
|turn|7
|
|t:|1685931555
|move|p1a: Wosh|Sludge Bomb|p2a: Florges
|-supereffective|p2a: Florges
|-damage|p2a: Florges|0 fnt
|faint|p2a: Florges
|
|upkeep
|
|t:|1685931559
|switch|p2a: Iron Treads|Iron Treads|91/100
|turn|8
|
|t:|1685931573
|-terastallize|p2a: Iron Treads|Dark
|move|p1a: Wosh|Flamethrower|p2a: Iron Treads
|-damage|p2a: Iron Treads|9/100
|move|p2a: Iron Treads|Knock Off|p1a: Wosh
|-supereffective|p1a: Wosh
|-enditem|p1a: Wosh|Focus Sash
|-damage|p1a: Wosh|1/100
|replace|p1a: Zosh|Zoroark-Hisui, F
|-end|p1a: Zosh|Illusion
|-damage|p2a: Iron Treads|0 fnt|[from] item: Life Orb
|faint|p2a: Iron Treads
|-end|p2a: Iron Treads|Quark Drive|[silent]
|
|upkeep
|
|t:|1685931583
|switch|p2a: Armarouge|Armarouge, M|100/100
|turn|9
|-message|xNCStarx forfeited.
|
|win|Poke_Steelix123
