|j|☆Felckon
|j|☆wizardlizard2017
|t:|1685927596
|gametype|singles
|player|p1|Felckon|101|
|player|p2|wizardlizard2017|fisherman-gen4|
|teamsize|p1|6
|teamsize|p2|6
|gen|9
|tier|[Gen 9] OU
|rule|Sleep Clause Mod: Limit one foe put to sleep
|rule|Species Clause: Limit one of each Pokémon
|rule|OHKO Clause: OHKO moves are banned
|rule|Evasion Items Clause: Evasion items are banned
|rule|Evasion Moves Clause: Evasion moves are banned
|rule|Endless Battle Clause: Forcing endless battles is banned
|rule|HP Percentage Mod: HP is shown in percentages
|clearpoke
|poke|p1|Articuno|
|poke|p1|Slowking, F|
|poke|p1|Great Tusk|
|poke|p1|Kingambit, M|
|poke|p1|Ceruledge, F|
|poke|p1|Toxtricity-Low-Key, F|
|poke|p2|Houndstone, F|
|poke|p2|Braviary-Hisui, M|
|poke|p2|Chien-Pao|
|poke|p2|Great Tusk|
|poke|p2|Iron Moth|
|poke|p2|Volcanion|
|teampreview
|
|t:|1685927612
|start
|switch|p1a: Poison Duck|Toxtricity-Low-Key, F|100/100
|switch|p2a: Houndstone|Houndstone, F|100/100
|turn|1
|
|t:|1685927627
|move|p2a: Houndstone|Protect|p2a: Houndstone
|-singleturn|p2a: Houndstone|Protect
|move|p1a: Poison Duck|Volt Switch|p2a: Houndstone
|-activate|p2a: Houndstone|move: Protect
|
|upkeep
|turn|2
|
|t:|1685927638
|switch|p1a: Heltaron|Articuno|100/100
|-ability|p1a: Heltaron|Pressure
|move|p2a: Houndstone|Will-O-Wisp|p1a: Heltaron
|-status|p1a: Heltaron|brn
|
|-damage|p1a: Heltaron|94/100 brn|[from] brn
|upkeep
|turn|3
|
|t:|1685927655
|move|p2a: Houndstone|Protect|p2a: Houndstone
|-singleturn|p2a: Houndstone|Protect
|move|p1a: Heltaron|Hurricane|p2a: Houndstone
|-activate|p2a: Houndstone|move: Protect
|
|-damage|p1a: Heltaron|88/100 brn|[from] brn
|upkeep
|turn|4
|
|t:|1685927667
|move|p1a: Heltaron|Hurricane|p2a: Houndstone
|-damage|p2a: Houndstone|46/100
|-start|p2a: Houndstone|confusion
|-activate|p2a: Houndstone|confusion
|move|p2a: Houndstone|Phantom Force||[still]
|-prepare|p2a: Houndstone|Phantom Force
|
|-heal|p2a: Houndstone|52/100|[from] item: Leftovers
|-damage|p1a: Heltaron|82/100 brn|[from] brn
|upkeep
|turn|5
|
|t:|1685927678
|switch|p1a: Samurai Warrior|Kingambit, M|100/100
|-activate|p2a: Houndstone|confusion
|move|p2a: Houndstone|Phantom Force|p1a: Samurai Warrior|[from]lockedmove
|-resisted|p1a: Samurai Warrior
|-damage|p1a: Samurai Warrior|89/100
|
|-heal|p2a: Houndstone|58/100|[from] item: Leftovers
|-heal|p1a: Samurai Warrior|96/100|[from] item: Leftovers
|upkeep
|turn|6
|
|t:|1685927681
|-activate|p2a: Houndstone|confusion
|-damage|p2a: Houndstone|50/100|[from] confusion
|move|p1a: Samurai Warrior|Swords Dance|p1a: Samurai Warrior
|-boost|p1a: Samurai Warrior|atk|2
|
|-heal|p2a: Houndstone|56/100|[from] item: Leftovers
|-heal|p1a: Samurai Warrior|100/100|[from] item: Leftovers
|upkeep
|turn|7
|
|t:|1685927691
|-terastallize|p1a: Samurai Warrior|Flying
|-activate|p2a: Houndstone|confusion
|-damage|p2a: Houndstone|47/100|[from] confusion
|move|p1a: Samurai Warrior|Swords Dance|p1a: Samurai Warrior
|-boost|p1a: Samurai Warrior|atk|2
|
|-heal|p2a: Houndstone|53/100|[from] item: Leftovers
|upkeep
|turn|8
|
|t:|1685927697
|-end|p2a: Houndstone|confusion
|move|p2a: Houndstone|Will-O-Wisp|p1a: Samurai Warrior|[miss]
|-miss|p2a: Houndstone|p1a: Samurai Warrior
|move|p1a: Samurai Warrior|Kowtow Cleave|p2a: Houndstone
|-supereffective|p2a: Houndstone
|-damage|p2a: Houndstone|0 fnt
|faint|p2a: Houndstone
|
|upkeep
|
|t:|1685927712
|switch|p2a: Volcanion|Volcanion|100/100
|turn|9
|
|t:|1685927716
|move|p2a: Volcanion|Will-O-Wisp|p1a: Samurai Warrior
|-status|p1a: Samurai Warrior|brn
|move|p1a: Samurai Warrior|Kowtow Cleave|p2a: Volcanion
|-damage|p2a: Volcanion|24/100
|
|-damage|p1a: Samurai Warrior|94/100 brn|[from] brn
|upkeep
|turn|10
|
|t:|1685927728
|move|p2a: Volcanion|Steam Eruption|p1a: Samurai Warrior
|-damage|p1a: Samurai Warrior|33/100 brn
|move|p1a: Samurai Warrior|Kowtow Cleave|p2a: Volcanion
|-damage|p2a: Volcanion|0 fnt
|faint|p2a: Volcanion
|
|-heal|p1a: Samurai Warrior|39/100 brn|[from] item: Leftovers
|-damage|p1a: Samurai Warrior|33/100 brn|[from] brn
|upkeep
|
|t:|1685927735
|switch|p2a: Chien-Pao|Chien-Pao|100/100
|-ability|p2a: Chien-Pao|Sword of Ruin
|turn|11
|
|t:|1685927738
|move|p2a: Chien-Pao|Ice Shard|p1a: Samurai Warrior
|-supereffective|p1a: Samurai Warrior
|-damage|p1a: Samurai Warrior|0 fnt
|faint|p1a: Samurai Warrior
|-end|p1a: Samurai Warrior|fallenundefined|[silent]
|
|upkeep
|
|t:|1685927746
|switch|p1a: Uncle Gant|Ceruledge, F|100/100
|turn|12
|
|t:|1685927752
|switch|p2a: Great Tusk|Great Tusk|100/100
|move|p1a: Uncle Gant|Flare Blitz|p2a: Great Tusk
|-damage|p2a: Great Tusk|49/100
|-damage|p1a: Uncle Gant|79/100|[from] Recoil
|
|upkeep
|turn|13
|
|t:|1685927756
|move|p1a: Uncle Gant|Flare Blitz|p2a: Great Tusk
|-damage|p2a: Great Tusk|0 fnt
|faint|p2a: Great Tusk
|-end|p2a: Great Tusk|Protosynthesis|[silent]
|-damage|p1a: Uncle Gant|59/100|[from] Recoil
|
|upkeep
|
|t:|1685927770
|switch|p2a: Iron Moth|Iron Moth|100/100
|turn|14
|
|t:|1685927775
|move|p1a: Uncle Gant|Flare Blitz|p2a: Iron Moth
|-resisted|p2a: Iron Moth
|-damage|p2a: Iron Moth|45/100
|-damage|p1a: Uncle Gant|40/100|[from] Recoil
|move|p2a: Iron Moth|Sludge Wave|p1a: Uncle Gant
|-resisted|p1a: Uncle Gant
|-damage|p1a: Uncle Gant|11/100
|
|upkeep
|turn|15
|
|t:|1685927784
|move|p1a: Uncle Gant|Flare Blitz|p2a: Iron Moth
|-resisted|p2a: Iron Moth
|-damage|p2a: Iron Moth|0 fnt
|faint|p2a: Iron Moth
|-end|p2a: Iron Moth|Quark Drive|[silent]
|-damage|p1a: Uncle Gant|0 fnt|[from] Recoil
|faint|p1a: Uncle Gant
|
|upkeep
|
|t:|1685927789
|switch|p2a: Braviary|Braviary-Hisui, M, shiny|100/100
|switch|p1a: Poison Duck|Toxtricity-Low-Key, F|100/100
|turn|16
|
|t:|1685927809
|-terastallize|p2a: Braviary|Fairy
|move|p1a: Poison Duck|Volt Switch|p2a: Braviary
|-damage|p2a: Braviary|72/100
|
|t:|1685927812
|switch|p1a: Parkmap|Slowking, F|100/100|[from] Volt Switch
|move|p2a: Braviary|Esper Wing|p1a: Parkmap
|-resisted|p1a: Parkmap
|-damage|p1a: Parkmap|77/100
|-boost|p2a: Braviary|spe|1
|
|upkeep
|turn|17
|
|t:|1685927823
|move|p2a: Braviary|Calm Mind|p2a: Braviary
|-boost|p2a: Braviary|spa|1
|-boost|p2a: Braviary|spd|1
|move|p1a: Parkmap|Surf|p2a: Braviary
|-damage|p2a: Braviary|55/100
|
|upkeep
|turn|18
|
|t:|1685927830
|move|p2a: Braviary|Roost|p2a: Braviary
|-heal|p2a: Braviary|100/100
|move|p1a: Parkmap|Chilly Reception|p1a: Parkmap
|-weather|Snow
|
|t:|1685927834
|switch|p1a: Heltaron|Articuno|82/100 brn|[from] Chilly Reception
|-ability|p1a: Heltaron|Pressure
|
|-weather|Snow|[upkeep]
|-damage|p1a: Heltaron|76/100 brn|[from] brn
|upkeep
|turn|19
|
|t:|1685927842
|move|p1a: Heltaron|Ice Beam|p2a: Braviary
|-damage|p2a: Braviary|71/100
|move|p2a: Braviary|Esper Wing|p1a: Heltaron
|-damage|p1a: Heltaron|32/100 brn
|-boost|p2a: Braviary|spe|1
|
|-weather|Snow|[upkeep]
|-damage|p1a: Heltaron|26/100 brn|[from] brn
|upkeep
|turn|20
|
|t:|1685927847
|move|p2a: Braviary|Esper Wing|p1a: Heltaron
|-damage|p1a: Heltaron|0 fnt
|-boost|p2a: Braviary|spe|1
|faint|p1a: Heltaron
|
|-weather|Snow|[upkeep]
|upkeep
|
|t:|1685927863
|switch|p1a: Ground Taco|Great Tusk|100/100
|turn|21
|
|t:|1685927868
|move|p2a: Braviary|Esper Wing|p1a: Ground Taco
|-supereffective|p1a: Ground Taco
|-damage|p1a: Ground Taco|0 fnt
|-boost|p2a: Braviary|spe|1
|faint|p1a: Ground Taco
|-end|p1a: Ground Taco|Protosynthesis|[silent]
|
|-weather|Snow|[upkeep]
|upkeep
|
|t:|1685927870
|switch|p1a: Poison Duck|Toxtricity-Low-Key, F|100/100
|turn|22
|
|t:|1685927875
|move|p2a: Braviary|Esper Wing|p1a: Poison Duck
|-supereffective|p1a: Poison Duck
|-damage|p1a: Poison Duck|0 fnt
|-boost|p2a: Braviary|spe|1
|faint|p1a: Poison Duck
|
|-weather|none
|upkeep
|
|t:|1685927877
|switch|p1a: Parkmap|Slowking, F|100/100
|turn|23
|
|t:|1685927880
|move|p2a: Braviary|Esper Wing|p1a: Parkmap
|-resisted|p1a: Parkmap
|-damage|p1a: Parkmap|65/100
|-boost|p2a: Braviary|spe|1
|move|p1a: Parkmap|Future Sight|p2a: Braviary
|-start|p1a: Parkmap|move: Future Sight
|
|upkeep
|turn|24
|
|t:|1685927887
|move|p2a: Braviary|Calm Mind|p2a: Braviary
|-boost|p2a: Braviary|spa|1
|-boost|p2a: Braviary|spd|1
|move|p1a: Parkmap|Surf|p2a: Braviary
|-damage|p2a: Braviary|58/100
|
|upkeep
|turn|25
|
|t:|1685927891
|move|p2a: Braviary|Roost|p2a: Braviary
|-heal|p2a: Braviary|100/100
|move|p1a: Parkmap|Surf|p2a: Braviary
|-damage|p2a: Braviary|88/100
|
|-end|p2a: Braviary|move: Future Sight
|-damage|p2a: Braviary|71/100
|upkeep
|turn|26
|
|t:|1685927893
|move|p2a: Braviary|Hurricane|p1a: Parkmap
|-damage|p1a: Parkmap|3/100
|move|p1a: Parkmap|Future Sight|p2a: Braviary
|-start|p1a: Parkmap|move: Future Sight
|
|upkeep
|turn|27
|
|t:|1685927895
|move|p2a: Braviary|Esper Wing|p1a: Parkmap
|-resisted|p1a: Parkmap
|-damage|p1a: Parkmap|0 fnt
|faint|p1a: Parkmap
|
|win|wizardlizard2017
