|j|☆hit a draco
|j|☆moope
|t:|1685848959
|gametype|singles
|player|p1|hit a draco|red|1173
|player|p2|moope|iono|1245
|teamsize|p1|6
|teamsize|p2|6
|gen|9
|tier|[Gen 9] OU
|rated|
|rule|Sleep Clause Mod: Limit one foe put to sleep
|rule|Species Clause: Limit one of each Pokémon
|rule|OHKO Clause: OHKO moves are banned
|rule|Evasion Items Clause: Evasion items are banned
|rule|Evasion Moves Clause: Evasion moves are banned
|rule|Endless Battle Clause: Forcing endless battles is banned
|rule|HP Percentage Mod: HP is shown in percentages
|clearpoke
|poke|p1|Typhlosion-Hisui, F|
|poke|p1|Dragapult, F|
|poke|p1|Magearna|
|poke|p1|Urshifu-*, M|
|poke|p1|Zapdos|
|poke|p1|Great Tusk|
|poke|p2|Pelipper, M|
|poke|p2|Basculegion, M|
|poke|p2|Urshifu-*, F|
|poke|p2|Chien-Pao|
|poke|p2|Mudsdale, F|
|poke|p2|Corviknight, M|
|teampreview
|inactive|Battle timer is ON: inactive players will automatically lose when time's up. (requested by moope)
|
|t:|1685848970
|start
|switch|p1a: Urshifu|Urshifu-Rapid-Strike, M|100/100
|switch|p2a: Chien-Pao|Chien-Pao|100/100
|-ability|p2a: Chien-Pao|Sword of Ruin
|turn|1
|
|t:|1685848980
|switch|p2a: Corviknight|Corviknight, M|100/100
|-ability|p2a: Corviknight|Pressure
|move|p1a: Urshifu|U-turn|p2a: Corviknight
|-resisted|p2a: Corviknight
|-damage|p2a: Corviknight|97/100
|-damage|p1a: Urshifu|84/100|[from] item: Rocky Helmet|[of] p2a: Corviknight
|
|t:|1685848988
|switch|p1a: Typhlosion|Typhlosion-Hisui, F|100/100|[from] U-turn
|
|upkeep
|turn|2
|
|t:|1685848998
|switch|p1a: Zapdos|Zapdos|100/100
|switch|p2a: Pelipper|Pelipper, M|100/100
|-weather|RainDance|[from] ability: Drizzle|[of] p2a: Pelipper
|
|-weather|RainDance|[upkeep]
|upkeep
|turn|3
|
|t:|1685849007
|switch|p1a: Urshifu|Urshifu-Rapid-Strike, M|84/100
|switch|p2a: Mudsdale2OU|Mudsdale, F|100/100
|
|-weather|RainDance|[upkeep]
|upkeep
|turn|4
|
|t:|1685849027
|switch|p1a: Dragapult|Dragapult, F|100/100
|switch|p2a: Corviknight|Corviknight, M|97/100
|-ability|p2a: Corviknight|Pressure
|
|-weather|RainDance|[upkeep]
|upkeep
|turn|5
|
|t:|1685849035
|switch|p2a: Mudsdale2OU|Mudsdale, F|100/100
|move|p1a: Dragapult|Will-O-Wisp|p2a: Mudsdale2OU
|-status|p2a: Mudsdale2OU|brn
|
|-weather|RainDance|[upkeep]
|-damage|p2a: Mudsdale2OU|94/100 brn|[from] brn
|upkeep
|turn|6
|
|t:|1685849041
|move|p1a: Dragapult|Substitute|p1a: Dragapult
|-start|p1a: Dragapult|Substitute
|-damage|p1a: Dragapult|76/100
|move|p2a: Mudsdale2OU|Stealth Rock|p1a: Dragapult
|-sidestart|p1: hit a draco|move: Stealth Rock
|
|-weather|RainDance|[upkeep]
|-heal|p1a: Dragapult|82/100|[from] item: Leftovers
|-heal|p2a: Mudsdale2OU|100/100 brn|[from] item: Leftovers
|-damage|p2a: Mudsdale2OU|94/100 brn|[from] brn
|upkeep
|turn|7
|
|t:|1685849045
|move|p1a: Dragapult|Hex|p2a: Mudsdale2OU
|-damage|p2a: Mudsdale2OU|45/100 brn
|-ability|p2a: Mudsdale2OU|Stamina|boost
|-boost|p2a: Mudsdale2OU|def|1
|move|p2a: Mudsdale2OU|Roar|p1a: Dragapult
|drag|p1a: Zapdos|Zapdos|100/100
|
|-weather|RainDance|[upkeep]
|-heal|p2a: Mudsdale2OU|51/100 brn|[from] item: Leftovers
|-damage|p2a: Mudsdale2OU|45/100 brn|[from] brn
|upkeep
|turn|8
|
|t:|1685849054
|move|p1a: Zapdos|Hurricane|p2a: Mudsdale2OU
|-damage|p2a: Mudsdale2OU|2/100 brn
|-ability|p2a: Mudsdale2OU|Stamina|boost
|-boost|p2a: Mudsdale2OU|def|1
|move|p2a: Mudsdale2OU|Heavy Slam|p1a: Zapdos
|-resisted|p1a: Zapdos
|-damage|p1a: Zapdos|95/100
|
|-weather|RainDance|[upkeep]
|-heal|p2a: Mudsdale2OU|8/100 brn|[from] item: Leftovers
|-damage|p2a: Mudsdale2OU|2/100 brn|[from] brn
|upkeep
|turn|9
|
|t:|1685849067
|move|p1a: Zapdos|Hurricane|p2a: Mudsdale2OU
|-damage|p2a: Mudsdale2OU|0 fnt
|faint|p2a: Mudsdale2OU
|
|-weather|none
|upkeep
|
|t:|1685849069
|switch|p2a: Pelipper|Pelipper, M|100/100
|-weather|RainDance|[from] ability: Drizzle|[of] p2a: Pelipper
|turn|10
|
|t:|1685849073
|move|p1a: Zapdos|Volt Switch|p2a: Pelipper
|-supereffective|p2a: Pelipper
|-damage|p2a: Pelipper|0 fnt
|faint|p2a: Pelipper
|
|t:|1685849091
|switch|p1a: Magearna|Magearna|100/100|[from] Volt Switch
|
|-weather|RainDance|[upkeep]
|upkeep
|
|t:|1685849093
|switch|p2a: WHEN ITS GONE|Basculegion, M|100/100
|turn|11
|
|t:|1685849099
|-terastallize|p2a: WHEN ITS GONE|Water
|move|p2a: WHEN ITS GONE|Wave Crash|p1a: Magearna
|-damage|p1a: Magearna|0 fnt
|faint|p1a: Magearna
|-damage|p2a: WHEN ITS GONE|69/100|[from] Recoil
|
|-weather|RainDance|[upkeep]
|upkeep
|
|t:|1685849109
|switch|p1a: Zapdos|Zapdos|95/100
|turn|12
|
|t:|1685849115
|move|p2a: WHEN ITS GONE|Wave Crash|p1a: Zapdos
|-damage|p1a: Zapdos|0 fnt
|-status|p2a: WHEN ITS GONE|par|[from] ability: Static|[of] p1a: Zapdos
|faint|p1a: Zapdos
|-damage|p2a: WHEN ITS GONE|38/100 par|[from] Recoil
|
|-weather|RainDance|[upkeep]
|upkeep
|
|t:|1685849121
|switch|p1a: Dragapult|Dragapult, F|82/100
|-damage|p1a: Dragapult|69/100|[from] Stealth Rock
|turn|13
|
|t:|1685849125
|move|p1a: Dragapult|Hex|p2a: WHEN ITS GONE
|-damage|p2a: WHEN ITS GONE|0 fnt
|faint|p2a: WHEN ITS GONE
|
|-weather|RainDance|[upkeep]
|-heal|p1a: Dragapult|75/100|[from] item: Leftovers
|upkeep
|
|t:|1685849132
|switch|p2a: Chien-Pao|Chien-Pao|100/100
|-ability|p2a: Chien-Pao|Sword of Ruin
|turn|14
|
|t:|1685849137
|move|p1a: Dragapult|Will-O-Wisp|p2a: Chien-Pao
|-status|p2a: Chien-Pao|brn
|move|p2a: Chien-Pao|Icicle Crash|p1a: Dragapult
|-supereffective|p1a: Dragapult
|-damage|p1a: Dragapult|0 fnt
|faint|p1a: Dragapult
|-damage|p2a: Chien-Pao|91/100 brn|[from] item: Life Orb
|
|-weather|RainDance|[upkeep]
|-damage|p2a: Chien-Pao|85/100 brn|[from] brn
|upkeep
|
|t:|1685849142
|switch|p1a: Great Tusk|Great Tusk|100/100
|-damage|p1a: Great Tusk|98/100|[from] Stealth Rock
|-enditem|p1a: Great Tusk|Booster Energy
|-activate|p1a: Great Tusk|ability: Protosynthesis|[fromitem]
|-start|p1a: Great Tusk|protosynthesisspe
|turn|15
|
|t:|1685849150
|move|p1a: Great Tusk|Knock Off|p2a: Chien-Pao
|-resisted|p2a: Chien-Pao
|-crit|p2a: Chien-Pao
|-damage|p2a: Chien-Pao|58/100 brn
|-enditem|p2a: Chien-Pao|Life Orb|[from] move: Knock Off|[of] p1a: Great Tusk
|move|p2a: Chien-Pao|Icicle Crash|p1a: Great Tusk
|-supereffective|p1a: Great Tusk
|-damage|p1a: Great Tusk|57/100
|
|-weather|RainDance|[upkeep]
|-damage|p2a: Chien-Pao|52/100 brn|[from] brn
|upkeep
|turn|16
|
|t:|1685849157
|move|p1a: Great Tusk|Headlong Rush|p2a: Chien-Pao
|-damage|p2a: Chien-Pao|0 fnt
|-unboost|p1a: Great Tusk|def|1
|-unboost|p1a: Great Tusk|spd|1
|faint|p2a: Chien-Pao
|
|-weather|RainDance|[upkeep]
|upkeep
|
|t:|1685849160
|switch|p2a: MF GOKU|Urshifu-Rapid-Strike, F|100/100
|turn|17
|
|t:|1685849164
|move|p1a: Great Tusk|Knock Off|p2a: MF GOKU
|-resisted|p2a: MF GOKU
|-damage|p2a: MF GOKU|88/100
|-enditem|p2a: MF GOKU|Focus Sash|[from] move: Knock Off|[of] p1a: Great Tusk
|move|p2a: MF GOKU|Surging Strikes|p1a: Great Tusk
|-supereffective|p1a: Great Tusk
|-crit|p1a: Great Tusk
|-damage|p1a: Great Tusk|1/100
|-supereffective|p1a: Great Tusk
|-crit|p1a: Great Tusk
|-damage|p1a: Great Tusk|0 fnt
|faint|p1a: Great Tusk
|-end|p1a: Great Tusk|Protosynthesis|[silent]
|-hitcount|p1: Great Tusk|2
|
|-weather|none
|upkeep
|
|t:|1685849170
|switch|p1a: Urshifu|Urshifu-Rapid-Strike, M|84/100
|-damage|p1a: Urshifu|78/100|[from] Stealth Rock
|turn|18
|
|t:|1685849182
|switch|p2a: Corviknight|Corviknight, M|97/100
|-ability|p2a: Corviknight|Pressure
|-terastallize|p1a: Urshifu|Water
|move|p1a: Urshifu|Surging Strikes|p2a: Corviknight
|-crit|p2a: Corviknight
|-damage|p2a: Corviknight|80/100
|-damage|p1a: Urshifu|61/100|[from] item: Rocky Helmet|[of] p2a: Corviknight
|-crit|p2a: Corviknight
|-damage|p2a: Corviknight|64/100
|-damage|p1a: Urshifu|45/100|[from] item: Rocky Helmet|[of] p2a: Corviknight
|-crit|p2a: Corviknight
|-damage|p2a: Corviknight|49/100
|-damage|p1a: Urshifu|29/100|[from] item: Rocky Helmet|[of] p2a: Corviknight
|-hitcount|p2a: Corviknight|3
|
|upkeep
|turn|19
|
|t:|1685849200
|switch|p1a: Typhlosion|Typhlosion-Hisui, F|100/100
|-damage|p1a: Typhlosion|76/100|[from] Stealth Rock
|move|p2a: Corviknight|Brave Bird|p1a: Typhlosion
|-damage|p1a: Typhlosion|20/100
|-damage|p2a: Corviknight|36/100|[from] Recoil
|
|upkeep
|turn|20
|
|t:|1685849208
|switch|p2a: MF GOKU|Urshifu-Rapid-Strike, F|88/100
|move|p1a: Typhlosion|Infernal Parade|p2a: MF GOKU
|-damage|p2a: MF GOKU|25/100
|
|upkeep
|turn|21
|
|t:|1685849213
|move|p2a: MF GOKU|Surging Strikes|p1a: Typhlosion
|-supereffective|p1a: Typhlosion
|-crit|p1a: Typhlosion
|-damage|p1a: Typhlosion|0 fnt
|faint|p1a: Typhlosion
|-hitcount|p1: Typhlosion|1
|
|upkeep
|
|t:|1685849215
|switch|p1a: Urshifu|Urshifu-Rapid-Strike, M, tera:Water|29/100
|-damage|p1a: Urshifu|16/100|[from] Stealth Rock
|turn|22
|c|☆moope|gg
|c|☆hit a draco|gg
|
|t:|1685849220
|move|p1a: Urshifu|Close Combat|p2a: MF GOKU
|-damage|p2a: MF GOKU|0 fnt
|-unboost|p1a: Urshifu|def|1
|-unboost|p1a: Urshifu|spd|1
|faint|p2a: MF GOKU
|
|upkeep
|
|t:|1685849222
|switch|p2a: Corviknight|Corviknight, M|36/100
|-ability|p2a: Corviknight|Pressure
|turn|23
|
|t:|1685849224
|move|p1a: Urshifu|Close Combat|p2a: Corviknight
|-damage|p2a: Corviknight|0 fnt
|-unboost|p1a: Urshifu|def|1
|-unboost|p1a: Urshifu|spd|1
|-damage|p1a: Urshifu|0 fnt|[from] item: Rocky Helmet|[of] p2a: Corviknight
|faint|p2a: Corviknight
|faint|p1a: Urshifu
|
|win|hit a draco
|raw|hit a draco's rating: 1173 → 1203(+30 for winning)
|raw|moope's rating: 1245 → 1215(-30 for losing)
|l|☆moope
|c|☆hit a draco|that was a good one
