|j|☆aeziolu
|j|☆GerrytheHeeHo
|t:|1685830952
|gametype|singles
|player|p1|aeziolu|wally|1507
|player|p2|GerrytheHeeHo|brock-gen1rb|1624
|teamsize|p1|6
|teamsize|p2|6
|gen|9
|tier|[Gen 9] OU
|rated|
|rule|Sleep Clause Mod: Limit one foe put to sleep
|rule|Species Clause: Limit one of each Pokémon
|rule|OHKO Clause: OHKO moves are banned
|rule|Evasion Items Clause: Evasion items are banned
|rule|Evasion Moves Clause: Evasion moves are banned
|rule|Endless Battle Clause: Forcing endless battles is banned
|rule|HP Percentage Mod: HP is shown in percentages
|clearpoke
|poke|p1|Magearna|
|poke|p1|Zamazenta-*|
|poke|p1|Samurott-Hisui, F|
|poke|p1|Gholdengo|
|poke|p1|Enamorus, F|
|poke|p1|Landorus-Therian, M|
|poke|p2|Garganacl, M|
|poke|p2|Garchomp, F|
|poke|p2|Magearna|
|poke|p2|Azumarill, M|
|poke|p2|Urshifu-*, F|
|poke|p2|Rotom-Wash|
|teampreview
|
|t:|1685830978
|start
|switch|p1a: Zamazenta|Zamazenta|100/100
|switch|p2a: the meltzer|Garganacl, M|100/100
|-ability|p1a: Zamazenta|Dauntless Shield|boost
|-boost|p1a: Zamazenta|def|1
|turn|1
|
|t:|1685830983
|move|p1a: Zamazenta|Iron Defense|p1a: Zamazenta
|-boost|p1a: Zamazenta|def|2
|move|p2a: the meltzer|Salt Cure|p1a: Zamazenta
|-resisted|p1a: Zamazenta
|-damage|p1a: Zamazenta|98/100
|-start|p1a: Zamazenta|Salt Cure
|
|-heal|p1a: Zamazenta|100/100|[from] item: Leftovers
|-damage|p1a: Zamazenta|88/100|[from] Salt Cure
|upkeep
|turn|2
|
|t:|1685830986
|switch|p2a: Garchomp|Garchomp, F|100/100
|move|p1a: Zamazenta|Body Press|p2a: Garchomp
|-crit|p2a: Garchomp
|-damage|p2a: Garchomp|0 fnt
|-damage|p1a: Zamazenta|76/100|[from] ability: Rough Skin|[of] p2a: Garchomp
|-damage|p1a: Zamazenta|59/100|[from] item: Rocky Helmet|[of] p2a: Garchomp
|faint|p2a: Garchomp
|
|-heal|p1a: Zamazenta|65/100|[from] item: Leftovers
|-damage|p1a: Zamazenta|53/100|[from] Salt Cure
|upkeep
|
|t:|1685830993
|switch|p2a: Rotom|Rotom-Wash|100/100
|turn|3
|
|t:|1685830996
|move|p2a: Rotom|Protect|p2a: Rotom
|-singleturn|p2a: Rotom|Protect
|move|p1a: Zamazenta|Body Press|p2a: Rotom
|-activate|p2a: Rotom|move: Protect
|
|-heal|p1a: Zamazenta|59/100|[from] item: Leftovers
|-damage|p1a: Zamazenta|47/100|[from] Salt Cure
|upkeep
|turn|4
|
|t:|1685831000
|move|p1a: Zamazenta|Body Press|p2a: Rotom
|-damage|p2a: Rotom|5/100
|move|p2a: Rotom|Will-O-Wisp|p1a: Zamazenta
|-status|p1a: Zamazenta|brn
|
|-heal|p1a: Zamazenta|53/100 brn|[from] item: Leftovers
|-heal|p2a: Rotom|12/100|[from] item: Leftovers
|-damage|p1a: Zamazenta|47/100 brn|[from] brn
|-damage|p1a: Zamazenta|34/100 brn|[from] Salt Cure
|upkeep
|turn|5
|
|t:|1685831005
|move|p1a: Zamazenta|Body Press|p2a: Rotom
|-damage|p2a: Rotom|0 fnt
|faint|p2a: Rotom
|
|-heal|p1a: Zamazenta|41/100 brn|[from] item: Leftovers
|-damage|p1a: Zamazenta|34/100 brn|[from] brn
|-damage|p1a: Zamazenta|22/100 brn|[from] Salt Cure
|upkeep
|
|t:|1685831016
|switch|p2a: the meltzer|Garganacl, M|100/100
|turn|6
|
|t:|1685831019
|move|p2a: the meltzer|Protect|p2a: the meltzer
|-singleturn|p2a: the meltzer|Protect
|move|p1a: Zamazenta|Body Press|p2a: the meltzer
|-activate|p2a: the meltzer|move: Protect
|
|-heal|p1a: Zamazenta|28/100 brn|[from] item: Leftovers
|-damage|p1a: Zamazenta|22/100 brn|[from] brn
|-damage|p1a: Zamazenta|10/100 brn|[from] Salt Cure
|upkeep
|turn|7
|
|t:|1685831028
|-terastallize|p2a: the meltzer|Fairy
|move|p1a: Zamazenta|Body Press|p2a: the meltzer
|-resisted|p2a: the meltzer
|-damage|p2a: the meltzer|88/100
|move|p2a: the meltzer|Recover|p2a: the meltzer
|-heal|p2a: the meltzer|100/100
|
|-heal|p1a: Zamazenta|16/100 brn|[from] item: Leftovers
|-damage|p1a: Zamazenta|10/100 brn|[from] brn
|-damage|p1a: Zamazenta|0 fnt|[from] Salt Cure
|faint|p1a: Zamazenta
|upkeep
|
|t:|1685831032
|switch|p1a: Gholdengo|Gholdengo|100/100
|-item|p1a: Gholdengo|Air Balloon
|turn|8
|
|t:|1685831043
|switch|p2a: Urshifu|Urshifu-Rapid-Strike, F|100/100
|move|p1a: Gholdengo|Make It Rain|p2a: Urshifu
|-resisted|p2a: Urshifu
|-damage|p2a: Urshifu|54/100
|-unboost|p1a: Gholdengo|spa|1
|
|upkeep
|turn|9
|
|t:|1685831051
|switch|p1a: Landorus|Landorus-Therian, M|100/100
|-ability|p1a: Landorus|Intimidate|boost
|-unboost|p2a: Urshifu|atk|1
|move|p2a: Urshifu|Surging Strikes|p1a: Landorus
|-supereffective|p1a: Landorus
|-crit|p1a: Landorus
|-damage|p1a: Landorus|67/100
|-damage|p2a: Urshifu|37/100|[from] item: Rocky Helmet|[of] p1a: Landorus
|-supereffective|p1a: Landorus
|-crit|p1a: Landorus
|-damage|p1a: Landorus|32/100
|-damage|p2a: Urshifu|21/100|[from] item: Rocky Helmet|[of] p1a: Landorus
|-supereffective|p1a: Landorus
|-crit|p1a: Landorus
|-damage|p1a: Landorus|0 fnt
|-damage|p2a: Urshifu|4/100|[from] item: Rocky Helmet|[of] p1a: Landorus
|faint|p1a: Landorus
|-hitcount|p1: Landorus|3
|
|upkeep
|
|t:|1685831056
|switch|p1a: Gholdengo|Gholdengo|100/100
|-item|p1a: Gholdengo|Air Balloon
|turn|10
|
|t:|1685831058
|move|p2a: Urshifu|Aqua Jet|p1a: Gholdengo
|-damage|p1a: Gholdengo|86/100
|-enditem|p1a: Gholdengo|Air Balloon
|move|p1a: Gholdengo|Shadow Ball|p2a: Urshifu
|-damage|p2a: Urshifu|0 fnt
|faint|p2a: Urshifu
|
|upkeep
|
|t:|1685831065
|switch|p2a: Azumarill|Azumarill, M|100/100
|turn|11
|
|t:|1685831069
|move|p1a: Gholdengo|Make It Rain|p2a: Azumarill
|-damage|p2a: Azumarill|39/100
|-unboost|p1a: Gholdengo|spa|1
|move|p2a: Azumarill|Liquidation|p1a: Gholdengo
|-damage|p1a: Gholdengo|0 fnt
|faint|p1a: Gholdengo
|
|upkeep
|
|t:|1685831076
|switch|p1a: Enamorus|Enamorus, F|100/100
|turn|12
|
|t:|1685831080
|move|p1a: Enamorus|Moonblast|p2a: Azumarill
|-damage|p2a: Azumarill|0 fnt
|faint|p2a: Azumarill
|
|upkeep
|
|t:|1685831082
|switch|p2a: the meltzer|Garganacl, M, tera:Fairy|100/100
|turn|13
|
|t:|1685831088
|move|p1a: Enamorus|Moonblast|p2a: the meltzer
|-damage|p2a: the meltzer|72/100
|move|p2a: the meltzer|Salt Cure|p1a: Enamorus
|-supereffective|p1a: Enamorus
|-damage|p1a: Enamorus|57/100
|-start|p1a: Enamorus|Salt Cure
|
|-heal|p2a: the meltzer|78/100|[from] item: Leftovers
|-damage|p1a: Enamorus|44/100|[from] Salt Cure
|upkeep
|turn|14
|
|t:|1685831095
|move|p2a: the meltzer|Protect|p2a: the meltzer
|-singleturn|p2a: the meltzer|Protect
|move|p1a: Enamorus|Superpower|p2a: the meltzer
|-activate|p2a: the meltzer|move: Protect
|
|-heal|p2a: the meltzer|84/100|[from] item: Leftovers
|-damage|p1a: Enamorus|32/100|[from] Salt Cure
|upkeep
|turn|15
|
|t:|1685831105
|switch|p2a: fatherless|Magearna|100/100
|move|p1a: Enamorus|Superpower|p2a: fatherless
|-damage|p2a: fatherless|64/100
|-boost|p1a: Enamorus|atk|1
|-boost|p1a: Enamorus|def|1
|
|-damage|p1a: Enamorus|20/100|[from] Salt Cure
|upkeep
|turn|16
|
|t:|1685831111
|move|p2a: fatherless|Volt Switch|p1a: Enamorus
|-supereffective|p1a: Enamorus
|-damage|p1a: Enamorus|0 fnt
|faint|p1a: Enamorus
|-ability|p2a: fatherless|Soul-Heart|boost
|-boost|p2a: fatherless|spa|1
|
|t:|1685831113
|switch|p2a: the meltzer|Garganacl, M, tera:Fairy|84/100|[from] Volt Switch
|
|-heal|p2a: the meltzer|90/100|[from] item: Leftovers
|upkeep
|
|t:|1685831140
|switch|p1a: Magearna|Magearna|100/100
|turn|17
|
|t:|1685831142
|move|p1a: Magearna|Shift Gear|p1a: Magearna
|-boost|p1a: Magearna|spe|2
|-boost|p1a: Magearna|atk|1
|move|p2a: the meltzer|Salt Cure|p1a: Magearna
|-resisted|p1a: Magearna
|-damage|p1a: Magearna|95/100
|-start|p1a: Magearna|Salt Cure
|
|-heal|p2a: the meltzer|96/100|[from] item: Leftovers
|-damage|p1a: Magearna|70/100|[from] Salt Cure
|upkeep
|turn|18
|
|t:|1685831148
|move|p1a: Magearna|Draining Kiss|p2a: the meltzer
|-damage|p2a: the meltzer|81/100
|-heal|p1a: Magearna|83/100|[from] drain|[of] p2a: the meltzer
|move|p2a: the meltzer|Body Press|p1a: Magearna
|-damage|p1a: Magearna|64/100
|
|-heal|p2a: the meltzer|87/100|[from] item: Leftovers
|-damage|p1a: Magearna|39/100|[from] Salt Cure
|upkeep
|turn|19
|
|t:|1685831151
|move|p1a: Magearna|Draining Kiss|p2a: the meltzer
|-damage|p2a: the meltzer|73/100
|-heal|p1a: Magearna|51/100|[from] drain|[of] p2a: the meltzer
|move|p2a: the meltzer|Body Press|p1a: Magearna
|-damage|p1a: Magearna|34/100
|
|-heal|p2a: the meltzer|79/100|[from] item: Leftovers
|-damage|p1a: Magearna|9/100|[from] Salt Cure
|upkeep
|turn|20
|
|t:|1685831157
|move|p2a: the meltzer|Protect|p2a: the meltzer
|-singleturn|p2a: the meltzer|Protect
|move|p1a: Magearna|Draining Kiss|p2a: the meltzer
|-activate|p2a: the meltzer|move: Protect
|
|-heal|p2a: the meltzer|85/100|[from] item: Leftovers
|-damage|p1a: Magearna|0 fnt|[from] Salt Cure
|faint|p1a: Magearna
|upkeep
|
|t:|1685831159
|switch|p1a: Samurott|Samurott-Hisui, F|100/100
|turn|21
|
|t:|1685831162
|move|p1a: Samurott|Aqua Cutter|p2a: the meltzer
|-damage|p2a: the meltzer|52/100
|move|p2a: the meltzer|Salt Cure|p1a: Samurott
|-damage|p1a: Samurott|84/100
|-start|p1a: Samurott|Salt Cure
|
|-heal|p2a: the meltzer|58/100|[from] item: Leftovers
|-damage|p1a: Samurott|59/100|[from] Salt Cure
|upkeep
|turn|22
|
|t:|1685831164
|move|p2a: the meltzer|Protect|p2a: the meltzer
|-singleturn|p2a: the meltzer|Protect
|move|p1a: Samurott|Aqua Cutter|p2a: the meltzer
|-activate|p2a: the meltzer|move: Protect
|
|-heal|p2a: the meltzer|64/100|[from] item: Leftovers
|-damage|p1a: Samurott|34/100|[from] Salt Cure
|upkeep
|turn|23
|
|t:|1685831166
|move|p1a: Samurott|Aqua Cutter|p2a: the meltzer
|-damage|p2a: the meltzer|35/100
|move|p2a: the meltzer|Recover|p2a: the meltzer
|-heal|p2a: the meltzer|85/100
|
|-heal|p2a: the meltzer|91/100|[from] item: Leftovers
|-damage|p1a: Samurott|9/100|[from] Salt Cure
|upkeep
|turn|24
|
|t:|1685831169
|move|p1a: Samurott|Aqua Cutter|p2a: the meltzer
|-damage|p2a: the meltzer|60/100
|move|p2a: the meltzer|Body Press|p1a: Samurott
|-supereffective|p1a: Samurott
|-damage|p1a: Samurott|0 fnt
|faint|p1a: Samurott
|
|win|GerrytheHeeHo
|raw|aeziolu's rating: 1507 → 1493(-14 for losing)
|raw|GerrytheHeeHo's rating: 1624 → 1638(+14 for winning)
