|j|☆Federa
|j|☆McMuslim
|t:|1685863210
|gametype|singles
|player|p1|Federa|dawn|1406
|player|p2|McMuslim|volkner|1337
|teamsize|p1|6
|teamsize|p2|6
|gen|9
|tier|[Gen 9] OU
|rated|
|rule|Sleep Clause Mod: Limit one foe put to sleep
|rule|Species Clause: Limit one of each Pokémon
|rule|OHKO Clause: OHKO moves are banned
|rule|Evasion Items Clause: Evasion items are banned
|rule|Evasion Moves Clause: Evasion moves are banned
|rule|Endless Battle Clause: Forcing endless battles is banned
|rule|HP Percentage Mod: HP is shown in percentages
|clearpoke
|poke|p1|Pelipper, F|
|poke|p1|Thundurus-Therian, M|
|poke|p1|Iron Treads|
|poke|p1|Azumarill, M|
|poke|p1|Floatzel, M|
|poke|p1|Basculegion, M|
|poke|p2|Glimmora, M|
|poke|p2|Sneasler, F|
|poke|p2|Clodsire, F|
|poke|p2|Corviknight, F|
|poke|p2|Volcarona, M|
|poke|p2|Kingambit, F|
|teampreview
|inactive|Battle timer is ON: inactive players will automatically lose when time's up. (requested by Federa)
|
|t:|1685863217
|start
|switch|p1a: Pelipper|Pelipper, F|100/100
|switch|p2a: Glimmora|Glimmora, M|100/100
|-weather|RainDance|[from] ability: Drizzle|[of] p1a: Pelipper
|turn|1
|
|t:|1685863222
|switch|p1a: Iron Treads|Iron Treads|100/100
|move|p2a: Glimmora|Sludge Wave|p1a: Iron Treads
|-immune|p1a: Iron Treads
|
|-weather|RainDance|[upkeep]
|upkeep
|turn|2
|
|t:|1685863228
|move|p2a: Glimmora|Earth Power|p1a: Iron Treads
|-supereffective|p1a: Iron Treads
|-damage|p1a: Iron Treads|54/100
|move|p1a: Iron Treads|Rapid Spin|p2a: Glimmora
|-resisted|p2a: Glimmora
|-damage|p2a: Glimmora|93/100
|-boost|p1a: Iron Treads|spe|1
|-activate|p2a: Glimmora|ability: Toxic Debris
|-sidestart|p1: Federa|move: Toxic Spikes
|-sideend|p1: Federa|Toxic Spikes|[from] move: Rapid Spin|[of] p1a: Iron Treads
|
|-weather|RainDance|[upkeep]
|-heal|p1a: Iron Treads|60/100|[from] item: Leftovers
|upkeep
|turn|3
|
|t:|1685863237
|switch|p2a: Corviknight|Corviknight, F|100/100
|-ability|p2a: Corviknight|Pressure
|move|p1a: Iron Treads|Earthquake|p2a: Corviknight
|-immune|p2a: Corviknight
|
|-weather|RainDance|[upkeep]
|-heal|p1a: Iron Treads|66/100|[from] item: Leftovers
|upkeep
|turn|4
|
|t:|1685863243
|move|p1a: Iron Treads|Stealth Rock|p2a: Corviknight
|-sidestart|p2: McMuslim|move: Stealth Rock
|move|p2a: Corviknight|U-turn|p1a: Iron Treads
|-resisted|p1a: Iron Treads
|-crit|p1a: Iron Treads
|-damage|p1a: Iron Treads|58/100
|
|t:|1685863251
|switch|p2a: Volcarona|Volcarona, M|100/100|[from] U-turn
|
|-weather|RainDance|[upkeep]
|-heal|p1a: Iron Treads|65/100|[from] item: Leftovers
|upkeep
|turn|5
|
|t:|1685863264
|-end|p1a: Iron Treads|Quark Drive|[silent]
|switch|p1a: Floatzel|Floatzel, M|100/100
|move|p2a: Volcarona|Will-O-Wisp|p1a: Floatzel|[miss]
|-miss|p2a: Volcarona|p1a: Floatzel
|
|-weather|RainDance|[upkeep]
|upkeep
|turn|6
|
|t:|1685863286
|switch|p2a: Clodsire|Clodsire, F|100/100
|move|p1a: Floatzel|Wave Crash|p2a: Clodsire
|-immune|p2a: Clodsire|[from] ability: Water Absorb
|
|-weather|RainDance|[upkeep]
|upkeep
|turn|7
|
|t:|1685863294
|switch|p1a: Iron Treads|Iron Treads|65/100
|move|p2a: Clodsire|Spikes|p1a: Iron Treads
|-sidestart|p1: Federa|Spikes
|
|-weather|RainDance|[upkeep]
|-heal|p1a: Iron Treads|71/100|[from] item: Leftovers
|upkeep
|turn|8
|
|t:|1685863301
|move|p1a: Iron Treads|Earthquake|p2a: Clodsire
|-supereffective|p2a: Clodsire
|-damage|p2a: Clodsire|21/100
|move|p2a: Clodsire|Earthquake|p1a: Iron Treads
|-supereffective|p1a: Iron Treads
|-damage|p1a: Iron Treads|28/100
|
|-weather|none
|-heal|p1a: Iron Treads|34/100|[from] item: Leftovers
|upkeep
|turn|9
|
|t:|1685863310
|move|p1a: Iron Treads|Knock Off|p2a: Clodsire
|-damage|p2a: Clodsire|0 fnt
|-enditem|p2a: Clodsire|Heavy-Duty Boots|[from] move: Knock Off|[of] p1a: Iron Treads
|faint|p2a: Clodsire
|
|-heal|p1a: Iron Treads|41/100|[from] item: Leftovers
|upkeep
|
|t:|1685863315
|switch|p2a: Sneasler|Sneasler, F|100/100
|-damage|p2a: Sneasler|95/100|[from] Stealth Rock
|turn|10
|
|t:|1685863325
|-end|p1a: Iron Treads|Quark Drive|[silent]
|switch|p1a: Pelipper|Pelipper, F|100/100
|-weather|RainDance|[from] ability: Drizzle|[of] p1a: Pelipper
|move|p2a: Sneasler|Close Combat|p1a: Pelipper
|-resisted|p1a: Pelipper
|-damage|p1a: Pelipper|70/100
|-unboost|p2a: Sneasler|def|1
|-unboost|p2a: Sneasler|spd|1
|-damage|p2a: Sneasler|85/100|[from] item: Life Orb
|
|-weather|RainDance|[upkeep]
|upkeep
|turn|11
|
|t:|1685863332
|move|p2a: Sneasler|Dire Claw|p1a: Pelipper
|-damage|p1a: Pelipper|31/100
|-status|p1a: Pelipper|psn
|-damage|p2a: Sneasler|75/100|[from] item: Life Orb
|move|p1a: Pelipper|U-turn|p2a: Sneasler
|-resisted|p2a: Sneasler
|-damage|p2a: Sneasler|70/100
|
|t:|1685863342
|switch|p1a: Basculegion|Basculegion, M|100/100|[from] U-turn
|-damage|p1a: Basculegion|88/100|[from] Spikes
|
|-weather|RainDance|[upkeep]
|upkeep
|turn|12
|
|t:|1685863363
|switch|p2a: Corviknight|Corviknight, F|100/100
|-damage|p2a: Corviknight|88/100|[from] Stealth Rock
|-ability|p2a: Corviknight|Pressure
|move|p1a: Basculegion|Wave Crash|p2a: Corviknight
|-damage|p2a: Corviknight|9/100
|-damage|p1a: Basculegion|61/100|[from] Recoil
|
|-weather|RainDance|[upkeep]
|-heal|p2a: Corviknight|15/100|[from] item: Leftovers
|upkeep
|turn|13
|
|t:|1685863372
|move|p1a: Basculegion|Wave Crash|p2a: Corviknight
|-damage|p2a: Corviknight|0 fnt
|faint|p2a: Corviknight
|-damage|p1a: Basculegion|56/100|[from] Recoil
|
|-weather|RainDance|[upkeep]
|upkeep
|
|t:|1685863377
|switch|p2a: Volcarona|Volcarona, M|100/100
|turn|14
|
|t:|1685863383
|-terastallize|p2a: Volcarona|Water
|move|p1a: Basculegion|Wave Crash|p2a: Volcarona
|-resisted|p2a: Volcarona
|-damage|p2a: Volcarona|29/100
|-damage|p1a: Basculegion|33/100|[from] Recoil
|move|p2a: Volcarona|Will-O-Wisp|p1a: Basculegion
|-status|p1a: Basculegion|brn
|
|-weather|RainDance|[upkeep]
|-damage|p1a: Basculegion|27/100 brn|[from] brn
|upkeep
|turn|15
|
|t:|1685863394
|switch|p2a: Glimmora|Glimmora, M|93/100
|-damage|p2a: Glimmora|80/100|[from] Stealth Rock
|move|p1a: Basculegion|Wave Crash|p2a: Glimmora
|-supereffective|p2a: Glimmora
|-damage|p2a: Glimmora|0 fnt
|-activate|p2a: Glimmora|ability: Toxic Debris
|-sidestart|p1: Federa|move: Toxic Spikes
|faint|p2a: Glimmora
|-damage|p1a: Basculegion|6/100 brn|[from] Recoil
|
|-weather|RainDance|[upkeep]
|-damage|p1a: Basculegion|0 fnt|[from] brn
|faint|p1a: Basculegion
|upkeep
|
|t:|1685863414
|switch|p2a: Sneasler|Sneasler, F|70/100
|switch|p1a: Thundurus|Thundurus-Therian, M|100/100
|-damage|p2a: Sneasler|64/100|[from] Stealth Rock
|turn|16
|
|t:|1685863422
|move|p2a: Sneasler|U-turn|p1a: Thundurus
|-resisted|p1a: Thundurus
|-damage|p1a: Thundurus|77/100
|-damage|p2a: Sneasler|54/100|[from] item: Life Orb
|
|t:|1685863427
|switch|p2a: Volcarona|Volcarona, M, tera:Water|29/100|[from] U-turn
|move|p1a: Thundurus|Thunder|p2a: Volcarona
|-supereffective|p2a: Volcarona
|-damage|p2a: Volcarona|0 fnt
|faint|p2a: Volcarona
|
|-weather|RainDance|[upkeep]
|-heal|p1a: Thundurus|84/100|[from] item: Leftovers
|upkeep
|
|t:|1685863437
|switch|p2a: Sneasler|Sneasler, F|54/100
|-damage|p2a: Sneasler|48/100|[from] Stealth Rock
|turn|17
|
|t:|1685863447
|switch|p1a: Iron Treads|Iron Treads|41/100
|-damage|p1a: Iron Treads|28/100|[from] Spikes
|move|p2a: Sneasler|Fake Out|p1a: Iron Treads
|-resisted|p1a: Iron Treads
|-damage|p1a: Iron Treads|22/100
|-damage|p2a: Sneasler|38/100|[from] item: Life Orb
|
|-weather|none
|-heal|p1a: Iron Treads|28/100|[from] item: Leftovers
|upkeep
|turn|18
|
|t:|1685863452
|move|p2a: Sneasler|Close Combat|p1a: Iron Treads
|-supereffective|p1a: Iron Treads
|-damage|p1a: Iron Treads|0 fnt
|-unboost|p2a: Sneasler|def|1
|-unboost|p2a: Sneasler|spd|1
|faint|p1a: Iron Treads
|-end|p1a: Iron Treads|Quark Drive|[silent]
|-damage|p2a: Sneasler|28/100|[from] item: Life Orb
|
|upkeep
|
|t:|1685863457
|switch|p1a: Pelipper|Pelipper, F|31/100 psn
|-weather|RainDance|[from] ability: Drizzle|[of] p1a: Pelipper
|turn|19
|
|t:|1685863462
|move|p2a: Sneasler|Dire Claw|p1a: Pelipper
|-damage|p1a: Pelipper|0 fnt
|faint|p1a: Pelipper
|-damage|p2a: Sneasler|18/100|[from] item: Life Orb
|
|-weather|RainDance|[upkeep]
|upkeep
|
|t:|1685863468
|switch|p1a: Floatzel|Floatzel, M|100/100
|-damage|p1a: Floatzel|88/100|[from] Spikes
|-status|p1a: Floatzel|psn
|turn|20
|
|t:|1685863480
|move|p1a: Floatzel|Liquidation|p2a: Sneasler
|-damage|p2a: Sneasler|0 fnt
|faint|p2a: Sneasler
|
|-weather|RainDance|[upkeep]
|-damage|p1a: Floatzel|76/100 psn|[from] psn
|upkeep
|
|t:|1685863484
|switch|p2a: Kingambit|Kingambit, F|100/100
|-damage|p2a: Kingambit|94/100|[from] Stealth Rock
|-activate|p2a: Kingambit|ability: Supreme Overlord
|-start|p2a: Kingambit|fallen5|[silent]
|turn|21
|
|t:|1685863491
|move|p2a: Kingambit|Sucker Punch|p1a: Floatzel
|-damage|p1a: Floatzel|0 fnt
|faint|p1a: Floatzel
|
|-weather|RainDance|[upkeep]
|upkeep
|
|t:|1685863498
|switch|p1a: Azumarill|Azumarill, M|100/100
|-damage|p1a: Azumarill|88/100|[from] Spikes
|-status|p1a: Azumarill|psn
|turn|22
|
|t:|1685863507
|-terastallize|p1a: Azumarill|Water
|move|p2a: Kingambit|Iron Head|p1a: Azumarill
|-resisted|p1a: Azumarill
|-damage|p1a: Azumarill|52/100 psn
|move|p1a: Azumarill|Liquidation|p2a: Kingambit
|-damage|p2a: Kingambit|10/100
|
|-weather|RainDance|[upkeep]
|-damage|p1a: Azumarill|39/100 psn|[from] psn
|upkeep
|-enditem|p1a: Azumarill|Sitrus Berry|[eat]
|-heal|p1a: Azumarill|64/100 psn|[from] item: Sitrus Berry
|turn|23
|
|t:|1685863516
|move|p2a: Kingambit|Sucker Punch|p1a: Azumarill
|-damage|p1a: Azumarill|0 fnt
|faint|p1a: Azumarill
|
|-weather|RainDance|[upkeep]
|upkeep
|
|t:|1685863520
|switch|p1a: Thundurus|Thundurus-Therian, M|84/100
|turn|24
|
|t:|1685863523
|move|p2a: Kingambit|Sucker Punch||[still]
|-fail|p2a: Kingambit
|move|p1a: Thundurus|Substitute|p1a: Thundurus
|-start|p1a: Thundurus|Substitute
|-damage|p1a: Thundurus|59/100
|
|-weather|RainDance|[upkeep]
|-heal|p1a: Thundurus|65/100|[from] item: Leftovers
|upkeep
|turn|25
|
|t:|1685863527
|move|p1a: Thundurus|Thunder|p2a: Kingambit
|-damage|p2a: Kingambit|0 fnt
|faint|p2a: Kingambit
|-end|p2a: Kingambit|fallen5|[silent]
|
|win|Federa
|raw|Federa's rating: 1406 → 1422(+16 for winning)
|raw|McMuslim's rating: 1337 → 1321(-16 for losing)
|l|☆McMuslim
|c|☆Federa|gg
