|j|☆skarmbliss99
|j|‽Renegade01
|t:|1685900032
|gametype|singles
|player|p1|skarmbliss99|265|1275
|player|p2|Renegade01|plasmagrunt-gen5bw|1362
|teamsize|p1|6
|teamsize|p2|6
|gen|9
|tier|[Gen 9] OU
|rated|
|rule|Sleep Clause Mod: Limit one foe put to sleep
|rule|Species Clause: Limit one of each Pokémon
|rule|OHKO Clause: OHKO moves are banned
|rule|Evasion Items Clause: Evasion items are banned
|rule|Evasion Moves Clause: Evasion moves are banned
|rule|Endless Battle Clause: Forcing endless battles is banned
|rule|HP Percentage Mod: HP is shown in percentages
|clearpoke
|poke|p1|Sneasler, F|
|poke|p1|Indeedee, M|
|poke|p1|Great Tusk|
|poke|p1|Lilligant-Hisui, F|
|poke|p1|Gholdengo|
|poke|p1|Glimmora, M|
|poke|p2|Typhlosion-Hisui, M|
|poke|p2|Samurott-Hisui, M|
|poke|p2|Magearna|
|poke|p2|Tornadus-Therian, M|
|poke|p2|Landorus-Therian, M|
|poke|p2|Zapdos|
|teampreview
|inactive|Battle timer is ON: inactive players will automatically lose when time's up. (requested by Renegade01)
|
|t:|1685900068
|start
|switch|p1a: Glimmora|Glimmora, M|100/100
|switch|p2a: Landorus|Landorus-Therian, M|100/100
|-ability|p2a: Landorus|Intimidate|boost
|-unboost|p1a: Glimmora|atk|1
|turn|1
|
|t:|1685900077
|move|p2a: Landorus|Earthquake|p1a: Glimmora
|-supereffective|p1a: Glimmora
|-enditem|p1a: Glimmora|Focus Sash
|-damage|p1a: Glimmora|1/100
|-activate|p1a: Glimmora|ability: Toxic Debris
|-sidestart|p2: Renegade01|move: Toxic Spikes
|move|p1a: Glimmora|Mortal Spin|p2a: Landorus
|-resisted|p2a: Landorus
|-damage|p2a: Landorus|98/100
|-status|p2a: Landorus|psn
|
|-damage|p2a: Landorus|85/100 psn|[from] psn
|upkeep
|turn|2
|
|t:|1685900091
|move|p2a: Landorus|Smack Down|p1a: Glimmora
|-damage|p1a: Glimmora|0 fnt
|-activate|p1a: Glimmora|ability: Toxic Debris
|-sidestart|p2: Renegade01|move: Toxic Spikes
|faint|p1a: Glimmora
|
|-damage|p2a: Landorus|73/100 psn|[from] psn
|upkeep
|
|t:|1685900101
|switch|p1a: Lilligant|Lilligant-Hisui, F|100/100
|turn|3
|
|t:|1685900110
|switch|p2a: Tornadus|Tornadus-Therian, M, shiny|100/100
|move|p1a: Lilligant|Victory Dance|p1a: Lilligant
|-boost|p1a: Lilligant|atk|1
|-boost|p1a: Lilligant|def|1
|-boost|p1a: Lilligant|spe|1
|
|upkeep
|turn|4
|
|t:|1685900117
|move|p1a: Lilligant|Ice Spinner|p2a: Tornadus
|-supereffective|p2a: Tornadus
|-damage|p2a: Tornadus|0 fnt
|faint|p2a: Tornadus
|
|upkeep
|
|t:|1685900123
|switch|p2a: Magearna|Magearna|100/100
|turn|5
|
|t:|1685900133
|-terastallize|p2a: Magearna|Fairy
|move|p1a: Lilligant|Close Combat|p2a: Magearna
|-resisted|p2a: Magearna
|-damage|p2a: Magearna|66/100
|-unboost|p1a: Lilligant|def|1
|-unboost|p1a: Lilligant|spd|1
|move|p2a: Magearna|Draining Kiss|p1a: Lilligant
|-supereffective|p1a: Lilligant
|-damage|p1a: Lilligant|0 fnt
|-heal|p2a: Magearna|100/100|[from] drain|[of] p1a: Lilligant
|faint|p1a: Lilligant
|-ability|p2a: Magearna|Soul-Heart|boost
|-boost|p2a: Magearna|spa|1
|
|upkeep
|
|t:|1685900149
|switch|p1a: Great Tusk|Great Tusk|100/100
|turn|6
|
|t:|1685900154
|move|p1a: Great Tusk|Earthquake|p2a: Magearna
|-damage|p2a: Magearna|68/100
|move|p2a: Magearna|Calm Mind|p2a: Magearna
|-boost|p2a: Magearna|spa|1
|-boost|p2a: Magearna|spd|1
|
|upkeep
|turn|7
|
|t:|1685900167
|move|p1a: Great Tusk|Earthquake|p2a: Magearna
|-damage|p2a: Magearna|33/100
|move|p2a: Magearna|Draining Kiss|p1a: Great Tusk
|-supereffective|p1a: Great Tusk
|-damage|p1a: Great Tusk|0 fnt
|-heal|p2a: Magearna|100/100|[from] drain|[of] p1a: Great Tusk
|faint|p1a: Great Tusk
|-ability|p2a: Magearna|Soul-Heart|boost
|-boost|p2a: Magearna|spa|1
|-end|p1a: Great Tusk|Protosynthesis|[silent]
|
|upkeep
|
|t:|1685900179
|switch|p1a: Gholdengo|Gholdengo|100/100
|turn|8
|
|t:|1685900189
|-terastallize|p1a: Gholdengo|Steel
|move|p1a: Gholdengo|Make It Rain|p2a: Magearna
|-supereffective|p2a: Magearna
|-crit|p2a: Magearna
|-damage|p2a: Magearna|0 fnt
|-unboost|p1a: Gholdengo|spa|1
|faint|p2a: Magearna
|
|upkeep
|
|t:|1685900206
|switch|p2a: Typhlosion|Typhlosion-Hisui, M|100/100
|-status|p2a: Typhlosion|tox
|turn|9
|
|t:|1685900213
|switch|p1a: Indeedee|Indeedee, M|100/100
|-fieldstart|move: Psychic Terrain|[from] ability: Psychic Surge|[of] p1a: Indeedee
|move|p2a: Typhlosion|Lava Plume|p1a: Indeedee
|-damage|p1a: Indeedee|46/100
|-status|p1a: Indeedee|brn
|
|-damage|p2a: Typhlosion|94/100 tox|[from] psn
|-damage|p1a: Indeedee|40/100 brn|[from] brn
|upkeep
|turn|10
|
|t:|1685900226
|move|p1a: Indeedee|Psychic|p2a: Typhlosion
|-damage|p2a: Typhlosion|18/100 tox
|move|p2a: Typhlosion|Lava Plume|p1a: Indeedee
|-damage|p1a: Indeedee|0 fnt
|faint|p1a: Indeedee
|
|-damage|p2a: Typhlosion|6/100 tox|[from] psn
|upkeep
|inactive|skarmbliss99 has 120 seconds left.
|
|t:|1685900258
|switch|p1a: Sneasler|Sneasler, F|100/100
|-enditem|p1a: Sneasler|Psychic Seed
|-boost|p1a: Sneasler|spd|1|[from] item: Psychic Seed
|turn|11
|inactive|skarmbliss99 has 120 seconds left.
|
|t:|1685900265
|move|p1a: Sneasler|Swords Dance|p1a: Sneasler
|-boost|p1a: Sneasler|atk|2
|move|p2a: Typhlosion|Lava Plume|p1a: Sneasler
|-damage|p1a: Sneasler|50/100
|
|-damage|p2a: Typhlosion|0 fnt|[from] psn
|faint|p2a: Typhlosion
|upkeep
|
|t:|1685900284
|switch|p2a: Landorus|Landorus-Therian, M|73/100 psn
|-ability|p2a: Landorus|Intimidate|boost
|-unboost|p1a: Sneasler|atk|1
|turn|12
|
|t:|1685900291
|move|p1a: Sneasler|Acrobatics|p2a: Landorus
|-damage|p2a: Landorus|0 fnt
|faint|p2a: Landorus
|
|upkeep
|
|t:|1685900296
|switch|p2a: Zapdos|Zapdos, shiny|100/100
|turn|13
|
|t:|1685900300
|move|p1a: Sneasler|Dire Claw|p2a: Zapdos
|-damage|p2a: Zapdos|27/100
|-status|p1a: Sneasler|par|[from] ability: Static|[of] p2a: Zapdos
|move|p2a: Zapdos|Hurricane|p1a: Sneasler
|-supereffective|p1a: Sneasler
|-crit|p1a: Sneasler
|-damage|p1a: Sneasler|0 fnt
|faint|p1a: Sneasler
|
|-heal|p2a: Zapdos|33/100|[from] item: Leftovers
|upkeep
|
|t:|1685900312
|switch|p1a: Gholdengo|Gholdengo, tera:Steel|100/100
|turn|14
|
|t:|1685900318
|move|p1a: Gholdengo|Thunderbolt|p2a: Zapdos
|-damage|p2a: Zapdos|2/100
|move|p2a: Zapdos|Discharge|p1a: Gholdengo
|-damage|p1a: Gholdengo|54/100
|-status|p1a: Gholdengo|par
|
|-heal|p2a: Zapdos|9/100|[from] item: Leftovers
|upkeep
|turn|15
|
|t:|1685900327
|move|p2a: Zapdos|Roost|p2a: Zapdos
|-heal|p2a: Zapdos|59/100
|-singleturn|p2a: Zapdos|move: Roost
|move|p1a: Gholdengo|Thunderbolt|p2a: Zapdos
|-resisted|p2a: Zapdos
|-damage|p2a: Zapdos|42/100
|
|-heal|p2a: Zapdos|48/100|[from] item: Leftovers
|upkeep
|turn|16
|-message|skarmbliss99 forfeited.
|
|win|Renegade01
|raw|skarmbliss99's rating: 1275 → 1256(-19 for losing)
|raw|Renegade01's rating: 1362 → 1377(+15 for winning)
|l|☆skarmbliss99
