|j|☆chi yuh yuh
|j|☆pinkerthanfloyd
|t:|1685819854
|gametype|singles
|player|p1|chi yuh yuh|169|1663
|player|p2|pinkerthanfloyd|brycen|1641
|teamsize|p1|6
|teamsize|p2|6
|gen|9
|tier|[Gen 9] OU
|rated|
|rule|Sleep Clause Mod: Limit one foe put to sleep
|rule|Species Clause: Limit one of each Pokémon
|rule|OHKO Clause: OHKO moves are banned
|rule|Evasion Items Clause: Evasion items are banned
|rule|Evasion Moves Clause: Evasion moves are banned
|rule|Endless Battle Clause: Forcing endless battles is banned
|rule|HP Percentage Mod: HP is shown in percentages
|clearpoke
|poke|p1|Slowking-Galar, F|
|poke|p1|Ursaluna, F|
|poke|p1|Sneasler, M|
|poke|p1|Garchomp, F|
|poke|p1|Gholdengo|
|poke|p1|Magearna|
|poke|p2|Hoopa-Unbound|
|poke|p2|Masquerain, F|
|poke|p2|Gholdengo|
|poke|p2|Iron Moth|
|poke|p2|Urshifu-*, F|
|poke|p2|Rotom-Wash|
|teampreview
|inactive|Battle timer is ON: inactive players will automatically lose when time's up. (requested by chi yuh yuh)
|
|t:|1685819870
|start
|switch|p1a: eden hazards|Garchomp, F|100/100
|switch|p2a: Masquerain|Masquerain, F|100/100
|-ability|p2a: Masquerain|Intimidate|boost
|-unboost|p1a: eden hazards|atk|1
|turn|1
|
|t:|1685819883
|move|p1a: eden hazards|Stealth Rock|p2a: Masquerain
|-sidestart|p2: pinkerthanfloyd|move: Stealth Rock
|move|p2a: Masquerain|Sticky Web|p1a: eden hazards
|-sidestart|p1: chi yuh yuh|move: Sticky Web
|
|upkeep
|turn|2
|
|t:|1685819890
|move|p1a: eden hazards|Spikes|p2a: Masquerain
|-sidestart|p2: pinkerthanfloyd|Spikes
|move|p2a: Masquerain|Whirlwind|p1a: eden hazards
|drag|p1a: Sneasler|Sneasler, M|100/100
|-activate|p1a: Sneasler|move: Sticky Web
|-unboost|p1a: Sneasler|spe|1
|
|upkeep
|turn|3
|
|t:|1685819897
|move|p1a: Sneasler|U-turn|p2a: Masquerain
|-resisted|p2a: Masquerain
|-damage|p2a: Masquerain|81/100
|
|t:|1685819900
|switch|p1a: eden hazards|Garchomp, F|100/100|[from] U-turn
|-activate|p1a: eden hazards|move: Sticky Web
|-unboost|p1a: eden hazards|spe|1
|move|p2a: Masquerain|Stun Spore|p1a: eden hazards
|-status|p1a: eden hazards|par
|
|upkeep
|turn|4
|
|t:|1685819912
|switch|p2a: Iron Moth|Iron Moth|100/100
|move|p1a: eden hazards|Spikes|p2a: Iron Moth
|-sidestart|p2: pinkerthanfloyd|Spikes
|
|upkeep
|turn|5
|
|t:|1685819918
|move|p2a: Iron Moth|Dazzling Gleam|p1a: eden hazards
|-supereffective|p1a: eden hazards
|-damage|p1a: eden hazards|46/100 par
|move|p1a: eden hazards|Earthquake|p2a: Iron Moth
|-supereffective|p2a: Iron Moth
|-damage|p2a: Iron Moth|0 fnt
|faint|p2a: Iron Moth
|-end|p2a: Iron Moth|Quark Drive|[silent]
|
|upkeep
|
|t:|1685819935
|switch|p2a: Gholdengo|Gholdengo|100/100
|-damage|p2a: Gholdengo|94/100|[from] Stealth Rock
|-item|p2a: Gholdengo|Air Balloon
|turn|6
|
|t:|1685819945
|switch|p1a: Slowking|Slowking-Galar, F|100/100
|-activate|p1a: Slowking|move: Sticky Web
|-unboost|p1a: Slowking|spe|1
|move|p2a: Gholdengo|Make It Rain|p1a: Slowking
|-damage|p1a: Slowking|59/100
|-unboost|p2a: Gholdengo|spa|1
|
|-heal|p1a: Slowking|65/100|[from] item: Leftovers
|upkeep
|turn|7
|
|t:|1685819955
|move|p2a: Gholdengo|Nasty Plot|p2a: Gholdengo
|-boost|p2a: Gholdengo|spa|2
|move|p1a: Slowking|Chilly Reception|p1a: Slowking
|-weather|Snow
|inactive|chi yuh yuh has 120 seconds left.
|
|t:|1685819999
|switch|p1a: give it a day or 2|Ursaluna, F|100/100|[from] Chilly Reception
|-activate|p1a: give it a day or 2|move: Sticky Web
|-unboost|p1a: give it a day or 2|spe|1
|
|-weather|Snow|[upkeep]
|-status|p1a: give it a day or 2|brn|[from] item: Flame Orb
|upkeep
|turn|8
|
|t:|1685820014
|move|p2a: Gholdengo|Focus Blast|p1a: give it a day or 2
|-supereffective|p1a: give it a day or 2
|-damage|p1a: give it a day or 2|0 fnt
|faint|p1a: give it a day or 2
|
|-weather|Snow|[upkeep]
|upkeep
|inactive|chi yuh yuh has 120 seconds left.
|
|t:|1685820025
|switch|p1a: benjamins|Gholdengo|100/100
|-activate|p1a: benjamins|move: Sticky Web
|-unboost|p1a: benjamins|spe|1
|turn|9
|
|t:|1685820030
|-terastallize|p1a: benjamins|Flying
|move|p1a: benjamins|Shadow Ball|p2a: Gholdengo
|-supereffective|p2a: Gholdengo
|-damage|p2a: Gholdengo|0 fnt
|-enditem|p2a: Gholdengo|Air Balloon
|faint|p2a: Gholdengo
|
|-weather|Snow|[upkeep]
|upkeep
|
|t:|1685820043
|switch|p2a: Rotom|Rotom-Wash|100/100
|-damage|p2a: Rotom|88/100|[from] Stealth Rock
|turn|10
|
|t:|1685820051
|switch|p1a: Slowking|Slowking-Galar, F|98/100
|-activate|p1a: Slowking|move: Sticky Web
|-unboost|p1a: Slowking|spe|1
|move|p2a: Rotom|Hydro Pump|p1a: Slowking|[miss]
|-miss|p2a: Rotom|p1a: Slowking
|
|-weather|Snow|[upkeep]
|-heal|p2a: Rotom|94/100|[from] item: Leftovers
|-heal|p1a: Slowking|100/100|[from] item: Leftovers
|upkeep
|turn|11
|
|t:|1685820058
|move|p2a: Rotom|Thunder Wave|p1a: Slowking
|-status|p1a: Slowking|par
|move|p1a: Slowking|Chilly Reception|p1a: Slowking
|
|t:|1685820074
|switch|p1a: Sneasler|Sneasler, M|100/100|[from] Chilly Reception
|-activate|p1a: Sneasler|move: Sticky Web
|-unboost|p1a: Sneasler|spe|1
|
|-weather|none
|-heal|p2a: Rotom|99/100|[from] item: Leftovers
|upkeep
|turn|12
|
|t:|1685820082
|move|p1a: Sneasler|Close Combat|p2a: Rotom
|-damage|p2a: Rotom|1/100
|-unboost|p1a: Sneasler|def|1
|-unboost|p1a: Sneasler|spd|1
|-status|p2a: Rotom|psn|[from] ability: Poison Touch|[of] p1a: Sneasler
|move|p2a: Rotom|Thunder Wave|p1a: Sneasler
|-status|p1a: Sneasler|par
|
|-heal|p2a: Rotom|7/100 psn|[from] item: Leftovers
|-damage|p2a: Rotom|0 fnt|[from] psn
|faint|p2a: Rotom
|upkeep
|
|t:|1685820098
|switch|p2a: Urshifu|Urshifu-Rapid-Strike, F|100/100
|-damage|p2a: Urshifu|94/100|[from] Stealth Rock
|-damage|p2a: Urshifu|78/100|[from] Spikes
|turn|13
|
|t:|1685820105
|switch|p1a: eden hazards|Garchomp, F|46/100 par
|-activate|p1a: eden hazards|move: Sticky Web
|-unboost|p1a: eden hazards|spe|1
|move|p2a: Urshifu|Surging Strikes|p1a: eden hazards
|-crit|p1a: eden hazards
|-damage|p1a: eden hazards|29/100 par
|-damage|p2a: Urshifu|66/100|[from] ability: Rough Skin|[of] p1a: eden hazards
|-damage|p2a: Urshifu|49/100|[from] item: Rocky Helmet|[of] p1a: eden hazards
|-crit|p1a: eden hazards
|-damage|p1a: eden hazards|11/100 par
|-damage|p2a: Urshifu|37/100|[from] ability: Rough Skin|[of] p1a: eden hazards
|-damage|p2a: Urshifu|20/100|[from] item: Rocky Helmet|[of] p1a: eden hazards
|-crit|p1a: eden hazards
|-damage|p1a: eden hazards|0 fnt
|-damage|p2a: Urshifu|8/100|[from] ability: Rough Skin|[of] p1a: eden hazards
|-damage|p2a: Urshifu|0 fnt|[from] item: Rocky Helmet|[of] p1a: eden hazards
|faint|p1a: eden hazards
|faint|p2a: Urshifu
|-hitcount|p1: eden hazards|3
|
|upkeep
|
|t:|1685820127
|switch|p2a: Hoopa|Hoopa-Unbound|100/100
|switch|p1a: Magearna|Magearna|100/100
|-damage|p2a: Hoopa|88/100|[from] Stealth Rock
|-damage|p2a: Hoopa|72/100|[from] Spikes
|-activate|p1a: Magearna|move: Sticky Web
|-unboost|p1a: Magearna|spe|1
|turn|14
|
|t:|1685820143
|-terastallize|p2a: Hoopa|Fighting
|move|p2a: Hoopa|Drain Punch|p1a: Magearna
|-damage|p1a: Magearna|60/100
|-heal|p2a: Hoopa|96/100|[from] drain|[of] p1a: Magearna
|-damage|p2a: Hoopa|86/100|[from] item: Life Orb
|move|p1a: Magearna|Fleur Cannon|p2a: Hoopa
|-supereffective|p2a: Hoopa
|-damage|p2a: Hoopa|0 fnt
|-unboost|p1a: Magearna|spa|2
|faint|p2a: Hoopa
|-ability|p1a: Magearna|Soul-Heart|boost
|-boost|p1a: Magearna|spa|1
|
|-heal|p1a: Magearna|66/100|[from] item: Leftovers
|upkeep
|
|t:|1685820151
|switch|p2a: Masquerain|Masquerain, F|81/100
|-damage|p2a: Masquerain|31/100|[from] Stealth Rock
|-ability|p2a: Masquerain|Intimidate|boost
|-unboost|p1a: Magearna|atk|1
|turn|15
|c|☆chi yuh yuh|gg
|-message|pinkerthanfloyd forfeited.
|
|win|chi yuh yuh
|raw|chi yuh yuh's rating: 1663 → 1682(+19 for winning)
|raw|pinkerthanfloyd's rating: 1641 → 1622(-19 for losing)
|l|☆pinkerthanfloyd
