|j|☆babywaffles
|j|☆GOAT CB
|t:|1685820931
|gametype|singles
|player|p1|babywaffles|baker|1382
|player|p2|GOAT CB|unknown|1292
|teamsize|p1|6
|teamsize|p2|6
|gen|9
|tier|[Gen 9] OU
|rated|
|rule|Sleep Clause Mod: Limit one foe put to sleep
|rule|Species Clause: Limit one of each Pokémon
|rule|OHKO Clause: OHKO moves are banned
|rule|Evasion Items Clause: Evasion items are banned
|rule|Evasion Moves Clause: Evasion moves are banned
|rule|Endless Battle Clause: Forcing endless battles is banned
|rule|HP Percentage Mod: HP is shown in percentages
|clearpoke
|poke|p1|Great Tusk|
|poke|p1|Baxcalibur, M|
|poke|p1|Samurott-Hisui, M|
|poke|p1|Magearna|
|poke|p1|Slowking-Galar, M|
|poke|p1|Chien-Pao|
|poke|p2|Great Tusk|
|poke|p2|Thundurus-Therian, M|
|poke|p2|Magearna|
|poke|p2|Rotom-Wash|
|poke|p2|Gholdengo|
|poke|p2|Chien-Pao|
|teampreview
|inactive|Battle timer is ON: inactive players will automatically lose when time's up. (requested by babywaffles)
|inactive|babywaffles has 120 seconds left.
|inactive|babywaffles has 90 seconds left.
|
|t:|1685821011
|start
|switch|p1a: Rhino Pill|Great Tusk|100/100
|switch|p2a: Donphan-Mega|Great Tusk|100/100
|turn|1
|inactive|GOAT CB has 120 seconds left.
|inactive|GOAT CB has 90 seconds left.
|
|t:|1685821072
|move|p1a: Rhino Pill|Knock Off|p2a: Donphan-Mega
|-resisted|p2a: Donphan-Mega
|-damage|p2a: Donphan-Mega|93/100
|-enditem|p2a: Donphan-Mega|Leftovers|[from] move: Knock Off|[of] p1a: Rhino Pill
|move|p2a: Donphan-Mega|Knock Off|p1a: Rhino Pill
|-resisted|p1a: Rhino Pill
|-damage|p1a: Rhino Pill|89/100
|-enditem|p1a: Rhino Pill|Assault Vest|[from] move: Knock Off|[of] p2a: Donphan-Mega
|
|upkeep
|turn|2
|c|☆GOAT CB|i can appreciate that nickname
|inactive|babywaffles has 120 seconds left.
|c|☆babywaffles|Thanks man
|c|☆babywaffles|I had another name but showdown made me change it
|inactive|babywaffles has 90 seconds left.
|
|t:|1685821133
|move|p1a: Rhino Pill|Knock Off|p2a: Donphan-Mega
|-resisted|p2a: Donphan-Mega
|-damage|p2a: Donphan-Mega|88/100
|move|p2a: Donphan-Mega|Stealth Rock|p1a: Rhino Pill
|-sidestart|p1: babywaffles|move: Stealth Rock
|
|upkeep
|turn|3
|inactive|GOAT CB has 90 seconds left.
|n|!GOAT CB|goatcb
|inactive|GOAT CB has 60 seconds left.
|
|t:|1685821198
|-end|p2a: Donphan-Mega|Protosynthesis|[silent]
|switch|p2a: Rotom|Rotom-Wash|100/100
|move|p1a: Rhino Pill|Rapid Spin|p2a: Rotom
|-damage|p2a: Rotom|89/100
|-boost|p1a: Rhino Pill|spe|1
|-sideend|p1: babywaffles|Stealth Rock|[from] move: Rapid Spin|[of] p1a: Rhino Pill
|
|-heal|p2a: Rotom|95/100|[from] item: Leftovers
|upkeep
|turn|4
|inactive|babywaffles has 90 seconds left.
|inactive|babywaffles has 60 seconds left.
|
|t:|1685821249
|move|p1a: Rhino Pill|Knock Off|p2a: Rotom
|-damage|p2a: Rotom|72/100
|-enditem|p2a: Rotom|Leftovers|[from] move: Knock Off|[of] p1a: Rhino Pill
|move|p2a: Rotom|Will-O-Wisp|p1a: Rhino Pill
|-status|p1a: Rhino Pill|brn
|
|-damage|p1a: Rhino Pill|83/100 brn|[from] brn
|upkeep
|turn|5
|
|t:|1685821263
|move|p2a: Rotom|Protect|p2a: Rotom
|-singleturn|p2a: Rotom|Protect
|move|p1a: Rhino Pill|Close Combat|p2a: Rotom
|-activate|p2a: Rotom|move: Protect
|
|-damage|p1a: Rhino Pill|77/100 brn|[from] brn
|upkeep
|turn|6
|
|t:|1685821272
|move|p1a: Rhino Pill|Close Combat|p2a: Rotom
|-damage|p2a: Rotom|48/100
|-unboost|p1a: Rhino Pill|def|1
|-unboost|p1a: Rhino Pill|spd|1
|move|p2a: Rotom|Hydro Pump|p1a: Rhino Pill
|-supereffective|p1a: Rhino Pill
|-damage|p1a: Rhino Pill|0 fnt
|faint|p1a: Rhino Pill
|-end|p1a: Rhino Pill|Protosynthesis|[silent]
|
|upkeep
|
|t:|1685821289
|switch|p1a: #RealDragonWarrior|Chien-Pao|100/100
|-ability|p1a: #RealDragonWarrior|Sword of Ruin
|turn|7
|inactive|GOAT CB has 60 seconds left.
|
|t:|1685821301
|switch|p2a: Magearna|Magearna|100/100
|move|p1a: #RealDragonWarrior|Crunch|p2a: Magearna
|-resisted|p2a: Magearna
|-crit|p2a: Magearna
|-damage|p2a: Magearna|53/100
|
|upkeep
|turn|8
|inactive|babywaffles has 60 seconds left.
|
|t:|1685821327
|switch|p1a: Baxshots|Baxcalibur, M|100/100
|move|p2a: Magearna|Fleur Cannon|p1a: Baxshots
|-supereffective|p1a: Baxshots
|-damage|p1a: Baxshots|0 fnt
|-unboost|p2a: Magearna|spa|2
|faint|p1a: Baxshots
|-ability|p2a: Magearna|Soul-Heart|boost
|-boost|p2a: Magearna|spa|1
|
|upkeep
|inactive|babywaffles has 60 seconds left.
|
|t:|1685821339
|switch|p1a: #RealDragonWarrior|Chien-Pao|100/100
|-ability|p1a: #RealDragonWarrior|Sword of Ruin
|turn|9
|
|t:|1685821345
|switch|p2a: Rotom|Rotom-Wash|48/100
|move|p1a: #RealDragonWarrior|Crunch|p2a: Rotom
|-damage|p2a: Rotom|0 fnt
|faint|p2a: Rotom
|
|upkeep
|
|t:|1685821351
|switch|p2a: Donphan-Mega|Great Tusk|88/100
|turn|10
|
|t:|1685821355
|switch|p1a: ZORO!|Samurott-Hisui, M|100/100
|move|p2a: Donphan-Mega|Earthquake|p1a: ZORO!
|-damage|p1a: ZORO!|43/100
|
|upkeep
|turn|11
|inactive|GOAT CB has 90 seconds left.
|
|t:|1685821382
|-terastallize|p2a: Donphan-Mega|Steel
|move|p1a: ZORO!|Ceaseless Edge|p2a: Donphan-Mega
|-damage|p2a: Donphan-Mega|61/100
|-sidestart|p2: GOAT CB|Spikes
|-damage|p1a: ZORO!|34/100|[from] item: Life Orb
|move|p2a: Donphan-Mega|Earthquake|p1a: ZORO!
|-damage|p1a: ZORO!|0 fnt
|faint|p1a: ZORO!
|
|upkeep
|inactive|babywaffles has 90 seconds left.
|
|t:|1685821411
|switch|p1a: MVP Nikola Jokic|Slowking-Galar, M|100/100
|turn|12
|
|t:|1685821423
|move|p2a: Donphan-Mega|Earthquake|p1a: MVP Nikola Jokic
|-supereffective|p1a: MVP Nikola Jokic
|-damage|p1a: MVP Nikola Jokic|12/100
|move|p1a: MVP Nikola Jokic|Chilly Reception|p1a: MVP Nikola Jokic
|-weather|Snow
|
|t:|1685821430
|switch|p1a: #RealDragonWarrior|Chien-Pao|100/100|[from] Chilly Reception
|-ability|p1a: #RealDragonWarrior|Sword of Ruin
|
|-weather|Snow|[upkeep]
|upkeep
|turn|13
|inactive|GOAT CB has 90 seconds left.
|
|t:|1685821436
|move|p1a: #RealDragonWarrior|Sacred Sword|p2a: Donphan-Mega
|-supereffective|p2a: Donphan-Mega
|-damage|p2a: Donphan-Mega|1/100
|move|p2a: Donphan-Mega|Earthquake|p1a: #RealDragonWarrior
|-damage|p1a: #RealDragonWarrior|59/100
|
|-weather|Snow|[upkeep]
|upkeep
|turn|14
|inactive|GOAT CB has 90 seconds left.
|inactive|babywaffles has 90 seconds left.
|
|t:|1685821452
|move|p1a: #RealDragonWarrior|Sacred Sword|p2a: Donphan-Mega
|-supereffective|p2a: Donphan-Mega
|-damage|p2a: Donphan-Mega|0 fnt
|faint|p2a: Donphan-Mega
|-end|p2a: Donphan-Mega|Protosynthesis|[silent]
|
|-weather|Snow|[upkeep]
|upkeep
|
|t:|1685821454
|switch|p2a: Thundurus|Thundurus-Therian, M|100/100
|turn|15
|
|t:|1685821460
|switch|p1a: Elite Milk|Magearna|100/100
|move|p2a: Thundurus|Thunderbolt|p1a: Elite Milk
|-damage|p1a: Elite Milk|56/100
|
|-weather|Snow|[upkeep]
|-heal|p1a: Elite Milk|62/100|[from] item: Leftovers
|upkeep
|turn|16
|
|t:|1685821473
|move|p2a: Thundurus|Thunderbolt|p1a: Elite Milk
|-damage|p1a: Elite Milk|16/100
|move|p1a: Elite Milk|Draining Kiss|p2a: Thundurus
|-damage|p2a: Thundurus|59/100
|-heal|p1a: Elite Milk|42/100|[from] drain|[of] p2a: Thundurus
|
|-weather|none
|-heal|p2a: Thundurus|65/100|[from] item: Leftovers
|-heal|p1a: Elite Milk|48/100|[from] item: Leftovers
|upkeep
|turn|17
|
|t:|1685821489
|move|p2a: Thundurus|Nasty Plot|p2a: Thundurus
|-boost|p2a: Thundurus|spa|2
|move|p1a: Elite Milk|Draining Kiss|p2a: Thundurus
|-damage|p2a: Thundurus|26/100
|-heal|p1a: Elite Milk|72/100|[from] drain|[of] p2a: Thundurus
|
|-heal|p2a: Thundurus|32/100|[from] item: Leftovers
|-heal|p1a: Elite Milk|79/100|[from] item: Leftovers
|upkeep
|turn|18
|l|!GOAT CB
|inactive|GOAT CB disconnected and has a minute to reconnect!
|player|p2|
|inactive|GOAT CB has 30 seconds to reconnect!
|inactive|GOAT CB has 20 seconds to reconnect!
|j|!GOAT CB
|inactive|GOAT CB reconnected and has 55 seconds left.
|player|p2|GOAT CB|unknown
|
|t:|1685821541
|move|p2a: Thundurus|Thunderbolt|p1a: Elite Milk
|-crit|p1a: Elite Milk
|-damage|p1a: Elite Milk|0 fnt
|faint|p1a: Elite Milk
|
|-heal|p2a: Thundurus|38/100|[from] item: Leftovers
|upkeep
|
|t:|1685821547
|switch|p1a: #RealDragonWarrior|Chien-Pao|59/100
|-ability|p1a: #RealDragonWarrior|Sword of Ruin
|turn|19
|
|t:|1685821556
|move|p1a: #RealDragonWarrior|Crunch|p2a: Thundurus
|-damage|p2a: Thundurus|0 fnt
|faint|p2a: Thundurus
|
|upkeep
|
|t:|1685821564
|switch|p2a: Magearna|Magearna|53/100
|-damage|p2a: Magearna|40/100|[from] Spikes
|turn|20
|n|☆GOAT CB|goatcb
|inactive|GOAT CB has 60 seconds left.
|
|t:|1685821583
|-terastallize|p1a: #RealDragonWarrior|Dark
|move|p1a: #RealDragonWarrior|Crunch|p2a: Magearna
|-resisted|p2a: Magearna
|-crit|p2a: Magearna
|-damage|p2a: Magearna|0 fnt
|faint|p2a: Magearna
|
|upkeep
|
|t:|1685821587
|switch|p2a: Chien-Pao|Chien-Pao|100/100
|-damage|p2a: Chien-Pao|88/100|[from] Spikes
|-ability|p2a: Chien-Pao|Sword of Ruin
|turn|21
|
|t:|1685821609
|move|p1a: #RealDragonWarrior|Crunch|p2a: Chien-Pao
|-resisted|p2a: Chien-Pao
|-damage|p2a: Chien-Pao|37/100
|move|p2a: Chien-Pao|Ice Spinner|p1a: #RealDragonWarrior
|-damage|p1a: #RealDragonWarrior|0 fnt
|faint|p1a: #RealDragonWarrior
|
|upkeep
|
|t:|1685821614
|switch|p1a: MVP Nikola Jokic|Slowking-Galar, M|45/100
|turn|22
|
|t:|1685821619
|move|p2a: Chien-Pao|Ice Spinner|p1a: MVP Nikola Jokic
|-damage|p1a: MVP Nikola Jokic|0 fnt
|faint|p1a: MVP Nikola Jokic
|
|win|GOAT CB
|raw|babywaffles's rating: 1382 → 1358(-24 for losing)
|raw|GOAT CB's rating: 1313 → 1337(+24 for winning)
|c|☆GOAT CB|NUGGETS IN 4
|c|☆GOAT CB|gg my bro
|c|☆babywaffles|lmao
|c|☆babywaffles|gg
