|j|☆Whopper 4x
|j|☆ShowdownExec
|t:|1685901266
|gametype|singles
|player|p1|Whopper 4x|2|1908
|player|p2|ShowdownExec|giovanni|1811
|teamsize|p1|6
|teamsize|p2|6
|gen|9
|tier|[Gen 9] OU
|rated|
|rule|Sleep Clause Mod: Limit one foe put to sleep
|rule|Species Clause: Limit one of each Pokémon
|rule|OHKO Clause: OHKO moves are banned
|rule|Evasion Items Clause: Evasion items are banned
|rule|Evasion Moves Clause: Evasion moves are banned
|rule|Endless Battle Clause: Forcing endless battles is banned
|rule|HP Percentage Mod: HP is shown in percentages
|clearpoke
|poke|p1|Ursaluna, F|
|poke|p1|Enamorus, F|
|poke|p1|Slowking-Galar, M|
|poke|p1|Great Tusk|
|poke|p1|Dragapult, M|
|poke|p1|Urshifu-*, F|
|poke|p2|Samurott-Hisui, F|
|poke|p2|Sneasler, F|
|poke|p2|Magearna|
|poke|p2|Heatran, F|
|poke|p2|Toxapex, F|
|poke|p2|Great Tusk|
|teampreview
|inactive|Battle timer is ON: inactive players will automatically lose when time's up. (requested by ShowdownExec)
|c|☆Whopper 4x|oh shit
|c|☆Whopper 4x|gear is still legal
|inactive|ShowdownExec has 120 seconds left.
|c|☆ShowdownExec|sadly
|
|t:|1685901301
|start
|switch|p1a: Dragapult|Dragapult, M|100/100
|switch|p2a: Cheese touch|Sneasler, F, shiny|100/100
|turn|1
|
|t:|1685901314
|move|p2a: Cheese touch|Dire Claw|p1a: Dragapult
|-resisted|p1a: Dragapult
|-damage|p1a: Dragapult|74/100
|-status|p1a: Dragapult|par
|move|p1a: Dragapult|Shadow Ball|p2a: Cheese touch
|-damage|p2a: Cheese touch|31/100
|
|upkeep
|turn|2
|
|t:|1685901324
|switch|p2a: Cease to exist|Samurott-Hisui, F, shiny|100/100
|move|p1a: Dragapult|Shadow Ball|p2a: Cease to exist
|-resisted|p2a: Cease to exist
|-damage|p2a: Cease to exist|60/100
|
|-heal|p2a: Cease to exist|67/100|[from] item: Leftovers
|upkeep
|turn|3
|
|t:|1685901330
|switch|p1a: Enamorus|Enamorus, F|100/100
|move|p2a: Cease to exist|Ceaseless Edge|p1a: Enamorus
|-resisted|p1a: Enamorus
|-damage|p1a: Enamorus|63/100
|-sidestart|p1: Whopper 4x|Spikes
|
|-heal|p2a: Cease to exist|73/100|[from] item: Leftovers
|upkeep
|turn|4
|j| prasanna20
|
|t:|1685901337
|switch|p2a: Pexathan|Toxapex, F|100/100
|move|p1a: Enamorus|Earth Power|p2a: Pexathan
|-supereffective|p2a: Pexathan
|-damage|p2a: Pexathan|51/100
|
|upkeep
|turn|5
|
|t:|1685901358
|switch|p2a: Unholy|Magearna|100/100
|move|p1a: Enamorus|Earth Power|p2a: Unholy
|-supereffective|p2a: Unholy
|-damage|p2a: Unholy|49/100
|
|-heal|p2a: Unholy|55/100|[from] item: Leftovers
|upkeep
|turn|6
|
|t:|1685901368
|-terastallize|p2a: Unholy|Water
|move|p1a: Enamorus|Earth Power|p2a: Unholy
|-damage|p2a: Unholy|26/100
|move|p2a: Unholy|Ice Beam|p1a: Enamorus
|-supereffective|p1a: Enamorus
|-damage|p1a: Enamorus|0 fnt
|faint|p1a: Enamorus
|-ability|p2a: Unholy|Soul-Heart|boost
|-boost|p2a: Unholy|spa|1
|
|-heal|p2a: Unholy|32/100|[from] item: Leftovers
|upkeep
|
|t:|1685901386
|switch|p1a: Slowking|Slowking-Galar, M|100/100
|-damage|p1a: Slowking|88/100|[from] Spikes
|turn|7
|
|t:|1685901402
|move|p2a: Unholy|Pain Split|p1a: Slowking
|-sethp|p1a: Slowking|59/100|[from] move: Pain Split|[silent]
|-sethp|p2a: Unholy|63/100|[from] move: Pain Split
|move|p1a: Slowking|Trick Room|p1a: Slowking
|-fieldstart|move: Trick Room|[of] p1a: Slowking
|
|-heal|p2a: Unholy|69/100|[from] item: Leftovers
|upkeep
|turn|8
|
|t:|1685901410
|move|p2a: Unholy|Ice Beam|p1a: Slowking
|-damage|p1a: Slowking|35/100
|move|p1a: Slowking|Chilly Reception|p1a: Slowking
|-weather|Snow
|
|t:|1685901412
|switch|p1a: Ursaluna|Ursaluna, F|100/100|[from] Chilly Reception
|-damage|p1a: Ursaluna|88/100|[from] Spikes
|
|-weather|Snow|[upkeep]
|-heal|p2a: Unholy|75/100|[from] item: Leftovers
|-status|p1a: Ursaluna|brn|[from] item: Flame Orb
|upkeep
|turn|9
|
|t:|1685901423
|move|p1a: Ursaluna|Facade|p2a: Unholy
|-damage|p2a: Unholy|2/100
|move|p2a: Unholy|Ice Beam|p1a: Ursaluna
|-supereffective|p1a: Ursaluna
|-damage|p1a: Ursaluna|17/100 brn
|
|-weather|Snow|[upkeep]
|-heal|p2a: Unholy|8/100|[from] item: Leftovers
|-damage|p1a: Ursaluna|11/100 brn|[from] brn
|upkeep
|turn|10
|
|t:|1685901441
|switch|p2a: Tuskothy|Great Tusk|100/100
|move|p1a: Ursaluna|Earthquake|p2a: Tuskothy
|-damage|p2a: Tuskothy|54/100
|
|-weather|Snow|[upkeep]
|-heal|p2a: Tuskothy|60/100|[from] item: Leftovers
|-damage|p1a: Ursaluna|5/100 brn|[from] brn
|upkeep
|turn|11
|
|t:|1685901449
|move|p1a: Ursaluna|Facade|p2a: Tuskothy
|-damage|p2a: Tuskothy|1/100
|move|p2a: Tuskothy|Rapid Spin|p1a: Ursaluna
|-damage|p1a: Ursaluna|0 fnt
|-boost|p2a: Tuskothy|spe|1
|faint|p1a: Ursaluna
|
|-weather|Snow|[upkeep]
|-heal|p2a: Tuskothy|7/100|[from] item: Leftovers
|-fieldend|move: Trick Room
|upkeep
|
|t:|1685901454
|switch|p1a: Great Tusk|Great Tusk|100/100
|-damage|p1a: Great Tusk|88/100|[from] Spikes
|turn|12
|
|t:|1685901465
|move|p2a: Tuskothy|Knock Off|p1a: Great Tusk
|-resisted|p1a: Great Tusk
|-damage|p1a: Great Tusk|81/100
|-damage|p2a: Tuskothy|0 fnt|[from] item: Rocky Helmet|[of] p1a: Great Tusk
|faint|p2a: Tuskothy
|-end|p2a: Tuskothy|Protosynthesis|[silent]
|move|p1a: Great Tusk|Rapid Spin|p2: Tuskothy|[notarget]
|-fail|p1a: Great Tusk
|
|-weather|none
|upkeep
|j| manjuro
|
|t:|1685901478
|switch|p2a: Heatrick|Heatran, F, shiny|100/100
|turn|13
|
|t:|1685901484
|move|p2a: Heatrick|Magma Storm|p1a: Great Tusk
|-damage|p1a: Great Tusk|16/100
|-activate|p1a: Great Tusk|move: Magma Storm|[of] p2a: Heatrick
|move|p1a: Great Tusk|Earthquake|p2a: Heatrick
|-supereffective|p2a: Heatrick
|-damage|p2a: Heatrick|0 fnt
|faint|p2a: Heatrick
|
|-end|p1a: Great Tusk|Magma Storm|[partiallytrapped]|[silent]
|upkeep
|inactive|ShowdownExec has 120 seconds left.
|j| Pokemon Hates Me
|
|t:|1685901529
|switch|p2a: Cease to exist|Samurott-Hisui, F, shiny|73/100
|turn|14
|
|t:|1685901534
|move|p2a: Cease to exist|Ceaseless Edge|p1a: Great Tusk
|-resisted|p1a: Great Tusk
|-damage|p1a: Great Tusk|4/100
|-sidestart|p1: Whopper 4x|Spikes
|-damage|p2a: Cease to exist|56/100|[from] item: Rocky Helmet|[of] p1a: Great Tusk
|move|p1a: Great Tusk|Rapid Spin|p2a: Cease to exist
|-damage|p2a: Cease to exist|38/100
|-boost|p1a: Great Tusk|spe|1
|-sideend|p1: Whopper 4x|Spikes|[from] move: Rapid Spin|[of] p1a: Great Tusk
|
|-heal|p2a: Cease to exist|44/100|[from] item: Leftovers
|upkeep
|turn|15
|inactive|ShowdownExec has 120 seconds left.
|
|t:|1685901562
|move|p2a: Cease to exist|Sucker Punch|p1a: Great Tusk
|-resisted|p1a: Great Tusk
|-damage|p1a: Great Tusk|0 fnt
|-damage|p2a: Cease to exist|28/100|[from] item: Rocky Helmet|[of] p1a: Great Tusk
|faint|p1a: Great Tusk
|-end|p1a: Great Tusk|Protosynthesis|[silent]
|
|-heal|p2a: Cease to exist|34/100|[from] item: Leftovers
|upkeep
|
|t:|1685901566
|switch|p1a: Urshifu|Urshifu-Rapid-Strike, F|100/100
|turn|16
|
|t:|1685901568
|switch|p2a: Pexathan|Toxapex, F|84/100
|move|p1a: Urshifu|Swords Dance|p1a: Urshifu
|-boost|p1a: Urshifu|atk|2
|
|upkeep
|turn|17
|
|t:|1685901574
|-terastallize|p1a: Urshifu|Water
|move|p1a: Urshifu|Surging Strikes|p2a: Pexathan
|-resisted|p2a: Pexathan
|-crit|p2a: Pexathan
|-damage|p2a: Pexathan|66/100
|-resisted|p2a: Pexathan
|-crit|p2a: Pexathan
|-damage|p2a: Pexathan|49/100
|-resisted|p2a: Pexathan
|-crit|p2a: Pexathan
|-damage|p2a: Pexathan|32/100
|-hitcount|p2a: Pexathan|3
|move|p2a: Pexathan|Haze|p2a: Pexathan
|-clearallboost
|
|upkeep
|turn|18
|
|t:|1685901585
|move|p1a: Urshifu|Swords Dance|p1a: Urshifu
|-boost|p1a: Urshifu|atk|2
|move|p2a: Pexathan|Recover|p2a: Pexathan
|-heal|p2a: Pexathan|82/100
|
|upkeep
|turn|19
|
|t:|1685901594
|move|p1a: Urshifu|Surging Strikes|p2a: Pexathan
|-resisted|p2a: Pexathan
|-crit|p2a: Pexathan
|-damage|p2a: Pexathan|63/100
|-resisted|p2a: Pexathan
|-crit|p2a: Pexathan
|-damage|p2a: Pexathan|45/100
|-resisted|p2a: Pexathan
|-crit|p2a: Pexathan
|-damage|p2a: Pexathan|28/100
|-hitcount|p2a: Pexathan|3
|move|p2a: Pexathan|Toxic|p1a: Urshifu
|-status|p1a: Urshifu|tox
|
|-damage|p1a: Urshifu|94/100 tox|[from] psn
|upkeep
|turn|20
|inactive|ShowdownExec has 120 seconds left.
|
|t:|1685901621
|switch|p2a: Unholy|Magearna, tera:Water|8/100
|move|p1a: Urshifu|Swords Dance|p1a: Urshifu
|-boost|p1a: Urshifu|atk|2
|
|-heal|p2a: Unholy|14/100|[from] item: Leftovers
|-damage|p1a: Urshifu|82/100 tox|[from] psn
|upkeep
|turn|21
|
|t:|1685901629
|move|p1a: Urshifu|Drain Punch|p2a: Unholy
|-damage|p2a: Unholy|0 fnt
|-heal|p1a: Urshifu|89/100 tox|[from] drain|[of] p2a: Unholy
|faint|p2a: Unholy
|
|-damage|p1a: Urshifu|71/100 tox|[from] psn
|upkeep
|inactive|ShowdownExec has 120 seconds left.
|j| hentro faux
|
|t:|1685901643
|switch|p2a: Cease to exist|Samurott-Hisui, F, shiny|34/100
|turn|22
|
|t:|1685901650
|switch|p2a: Pexathan|Toxapex, F|61/100
|move|p1a: Urshifu|Aqua Jet|p2a: Pexathan
|-resisted|p2a: Pexathan
|-damage|p2a: Pexathan|35/100
|-damage|p1a: Urshifu|54/100 tox|[from] item: Rocky Helmet|[of] p2a: Pexathan
|
|-damage|p1a: Urshifu|30/100 tox|[from] psn
|upkeep
|turn|23
|
|t:|1685901663
|switch|p2a: Cheese touch|Sneasler, F, shiny|31/100
|move|p1a: Urshifu|Drain Punch|p2a: Cheese touch
|-resisted|p2a: Cheese touch
|-damage|p2a: Cheese touch|0 fnt
|-heal|p1a: Urshifu|44/100 tox|[from] drain|[of] p2a: Cheese touch
|faint|p2a: Cheese touch
|
|-damage|p1a: Urshifu|13/100 tox|[from] psn
|upkeep
|j| HereForFrens
|inactive|ShowdownExec has 120 seconds left.
|
|t:|1685901679
|switch|p2a: Cease to exist|Samurott-Hisui, F, shiny|34/100
|turn|24
|
|t:|1685901691
|switch|p2a: Pexathan|Toxapex, F|69/100
|move|p1a: Urshifu|Drain Punch|p2a: Pexathan
|-resisted|p2a: Pexathan
|-damage|p2a: Pexathan|27/100
|-heal|p1a: Urshifu|31/100 tox|[from] drain|[of] p2a: Pexathan
|
|-damage|p1a: Urshifu|0 fnt|[from] psn
|faint|p1a: Urshifu
|upkeep
|
|t:|1685901698
|switch|p1a: Slowking|Slowking-Galar, M|69/100
|turn|25
|
|t:|1685901706
|move|p2a: Pexathan|Recover|p2a: Pexathan
|-heal|p2a: Pexathan|77/100
|move|p1a: Slowking|Future Sight|p2a: Pexathan
|-start|p1a: Slowking|move: Future Sight
|
|upkeep
|turn|26
|
|t:|1685901711
|move|p2a: Pexathan|Surf|p1a: Slowking
|-damage|p1a: Slowking|58/100
|move|p1a: Slowking|Trick Room|p1a: Slowking
|-fieldstart|move: Trick Room|[of] p1a: Slowking
|
|upkeep
|turn|27
|l| Pokemon Hates Me
|
|t:|1685901715
|move|p2a: Pexathan|Surf|p1a: Slowking
|-damage|p1a: Slowking|47/100
|move|p1a: Slowking|Chilly Reception|p1a: Slowking
|-weather|Snow
|
|t:|1685901717
|switch|p1a: Dragapult|Dragapult, M|74/100 par|[from] Chilly Reception
|
|-weather|Snow|[upkeep]
|-end|p2a: Pexathan|move: Future Sight
|-supereffective|p2a: Pexathan
|-damage|p2a: Pexathan|1/100
|upkeep
|turn|28
|
|t:|1685901731
|move|p2a: Pexathan|Recover|p2a: Pexathan
|-heal|p2a: Pexathan|51/100
|move|p1a: Dragapult|Shadow Ball|p2a: Pexathan
|-damage|p2a: Pexathan|14/100
|-unboost|p2a: Pexathan|spd|1
|
|-weather|Snow|[upkeep]
|upkeep
|turn|29
|
|t:|1685901734
|move|p2a: Pexathan|Surf|p1a: Dragapult
|-resisted|p1a: Dragapult
|-damage|p1a: Dragapult|61/100 par
|move|p1a: Dragapult|Shadow Ball|p2a: Pexathan
|-damage|p2a: Pexathan|0 fnt
|faint|p2a: Pexathan
|
|-weather|Snow|[upkeep]
|upkeep
|
|t:|1685901736
|switch|p2a: Cease to exist|Samurott-Hisui, F, shiny|34/100
|turn|30
|j| 96 Cents
|
|t:|1685901745
|move|p2a: Cease to exist|Sucker Punch|p1a: Dragapult
|-supereffective|p1a: Dragapult
|-damage|p1a: Dragapult|0 fnt
|faint|p1a: Dragapult
|
|-weather|Snow|[upkeep]
|-heal|p2a: Cease to exist|40/100|[from] item: Leftovers
|-fieldend|move: Trick Room
|upkeep
|
|t:|1685901748
|switch|p1a: Slowking|Slowking-Galar, M|80/100
|turn|31
|
|t:|1685901750
|move|p2a: Cease to exist|Ceaseless Edge|p1a: Slowking
|-supereffective|p1a: Slowking
|-damage|p1a: Slowking|0 fnt
|-sidestart|p1: Whopper 4x|Spikes
|faint|p1a: Slowking
|
|win|ShowdownExec
|raw|Whopper 4x's rating: 1908 → 1883(-25 for losing)
|raw|ShowdownExec's rating: 1826 → 1851(+25 for winning)
|l|☆Whopper 4x
|c|☆ShowdownExec|gg
|l| HereForFrens
|l|☆ShowdownExec
|l| prasanna20
