|j|☆TheSunnyBug
|j|☆Amadamo✔
|t:|1685873067
|gametype|singles
|player|p1|TheSunnyBug|chili|1099
|player|p2|Amadamo✔|grusha|1065
|teamsize|p1|6
|teamsize|p2|6
|gen|9
|tier|[Gen 9] OU
|rated|
|rule|Sleep Clause Mod: Limit one foe put to sleep
|rule|Species Clause: Limit one of each Pokémon
|rule|OHKO Clause: OHKO moves are banned
|rule|Evasion Items Clause: Evasion items are banned
|rule|Evasion Moves Clause: Evasion moves are banned
|rule|Endless Battle Clause: Forcing endless battles is banned
|rule|HP Percentage Mod: HP is shown in percentages
|clearpoke
|poke|p1|Ursaluna, F|
|poke|p1|Skeledirge, M|
|poke|p1|Dondozo, F|
|poke|p1|Dragapult, F|
|poke|p1|Slowking-Galar, M|
|poke|p1|Hatterene, F|
|poke|p2|Landorus-Therian, M|
|poke|p2|Chien-Pao|
|poke|p2|Decidueye-Hisui, M|
|poke|p2|Magearna|
|poke|p2|Heatran, M|
|poke|p2|Regidrago|
|teampreview
|inactive|Battle timer is ON: inactive players will automatically lose when time's up. (requested by Amadamo✔)
|
|t:|1685873086
|start
|switch|p1a: Slowking|Slowking-Galar, M|100/100
|switch|p2a: You know who|Landorus-Therian, M|100/100
|-ability|p2a: You know who|Intimidate|boost
|-unboost|p1a: Slowking|atk|1
|turn|1
|
|t:|1685873094
|-terastallize|p1a: Slowking|Flying
|move|p2a: You know who|Stealth Rock|p1a: Slowking
|-sidestart|p1: TheSunnyBug|move: Stealth Rock
|move|p1a: Slowking|Future Sight|p2a: You know who
|-start|p1a: Slowking|move: Future Sight
|
|upkeep
|turn|2
|
|t:|1685873107
|move|p2a: You know who|Stone Edge|p1a: Slowking
|-supereffective|p1a: Slowking
|-damage|p1a: Slowking|50/100
|move|p1a: Slowking|Trick Room|p1a: Slowking
|-fieldstart|move: Trick Room|[of] p1a: Slowking
|
|-heal|p1a: Slowking|56/100|[from] item: Leftovers
|upkeep
|turn|3
|
|t:|1685873112
|switch|p1a: Ursaluna|Ursaluna, F|100/100
|-damage|p1a: Ursaluna|94/100|[from] Stealth Rock
|move|p2a: You know who|U-turn|p1a: Ursaluna
|-damage|p1a: Ursaluna|77/100
|
|t:|1685873115
|switch|p2a: Weavile 2|Chien-Pao|100/100|[from] U-turn
|-ability|p2a: Weavile 2|Sword of Ruin
|
|-end|p2a: Weavile 2|move: Future Sight
|-immune|p2a: Weavile 2
|-status|p1a: Ursaluna|brn|[from] item: Flame Orb
|upkeep
|turn|4
|
|t:|1685873121
|move|p2a: Weavile 2|Sucker Punch|p1a: Ursaluna
|-damage|p1a: Ursaluna|40/100 brn
|-damage|p2a: Weavile 2|91/100|[from] item: Life Orb
|move|p1a: Ursaluna|Drain Punch|p2a: Weavile 2
|-supereffective|p2a: Weavile 2
|-damage|p2a: Weavile 2|0 fnt
|-heal|p1a: Ursaluna|69/100 brn|[from] drain|[of] p2a: Weavile 2
|faint|p2a: Weavile 2
|
|-damage|p1a: Ursaluna|63/100 brn|[from] brn
|upkeep
|
|t:|1685873125
|switch|p2a: That fucking bird|Decidueye-Hisui, M|100/100
|turn|5
|
|t:|1685873138
|move|p2a: That fucking bird|Sucker Punch|p1a: Ursaluna
|-damage|p1a: Ursaluna|42/100 brn
|-damage|p2a: That fucking bird|90/100|[from] item: Life Orb
|move|p1a: Ursaluna|Facade|p2a: That fucking bird
|-damage|p2a: That fucking bird|0 fnt
|faint|p2a: That fucking bird
|
|-damage|p1a: Ursaluna|35/100 brn|[from] brn
|upkeep
|
|t:|1685873151
|switch|p2a: Mechanical Marvel|Magearna|100/100
|turn|6
|
|t:|1685873179
|-terastallize|p2a: Mechanical Marvel|Ground
|move|p1a: Ursaluna|Drain Punch|p2a: Mechanical Marvel
|-damage|p2a: Mechanical Marvel|66/100
|-heal|p1a: Ursaluna|49/100 brn|[from] drain|[of] p2a: Mechanical Marvel
|move|p2a: Mechanical Marvel|Fleur Cannon|p1a: Ursaluna
|-damage|p1a: Ursaluna|0 fnt
|-unboost|p2a: Mechanical Marvel|spa|2
|faint|p1a: Ursaluna
|-ability|p2a: Mechanical Marvel|Soul-Heart|boost
|-boost|p2a: Mechanical Marvel|spa|1
|
|-heal|p2a: Mechanical Marvel|72/100|[from] item: Leftovers
|-fieldend|move: Trick Room
|upkeep
|inactive|TheSunnyBug has 120 seconds left.
|
|t:|1685873191
|switch|p1a: Dragapult|Dragapult, F|100/100
|-damage|p1a: Dragapult|88/100|[from] Stealth Rock
|turn|7
|
|t:|1685873196
|move|p1a: Dragapult|Light Screen|p1a: Dragapult
|-sidestart|p1: TheSunnyBug|move: Light Screen
|move|p2a: Mechanical Marvel|Volt Switch|p1a: Dragapult
|-resisted|p1a: Dragapult
|-damage|p1a: Dragapult|84/100
|
|t:|1685873202
|switch|p2a: Fuck it we ball|Regidrago|100/100|[from] Volt Switch
|
|upkeep
|turn|8
|
|t:|1685873207
|move|p1a: Dragapult|Will-O-Wisp|p2a: Fuck it we ball
|-status|p2a: Fuck it we ball|brn
|move|p2a: Fuck it we ball|Dragon Energy|p1a: Dragapult
|-supereffective|p1a: Dragapult
|-damage|p1a: Dragapult|0 fnt
|faint|p1a: Dragapult
|
|-damage|p2a: Fuck it we ball|94/100 brn|[from] brn
|upkeep
|
|t:|1685873212
|switch|p1a: Hatterene|Hatterene, F|100/100
|-damage|p1a: Hatterene|88/100|[from] Stealth Rock
|turn|9
|
|t:|1685873218
|switch|p2a: Mechanical Marvel|Magearna, tera:Ground|72/100
|move|p1a: Hatterene|Calm Mind|p1a: Hatterene
|-boost|p1a: Hatterene|spa|1
|-boost|p1a: Hatterene|spd|1
|
|-heal|p2a: Mechanical Marvel|79/100|[from] item: Leftovers
|-heal|p1a: Hatterene|94/100|[from] item: Leftovers
|upkeep
|turn|10
|
|t:|1685873223
|move|p2a: Mechanical Marvel|Steel Beam|p1a: Hatterene
|-supereffective|p1a: Hatterene
|-damage|p1a: Hatterene|56/100
|-damage|p2a: Mechanical Marvel|29/100|[from] steelbeam
|move|p1a: Hatterene|Calm Mind|p1a: Hatterene
|-boost|p1a: Hatterene|spa|1
|-boost|p1a: Hatterene|spd|1
|
|-heal|p2a: Mechanical Marvel|35/100|[from] item: Leftovers
|-heal|p1a: Hatterene|62/100|[from] item: Leftovers
|upkeep
|turn|11
|
|t:|1685873229
|move|p2a: Mechanical Marvel|Volt Switch|p1a: Hatterene
|-damage|p1a: Hatterene|57/100
|
|t:|1685873235
|switch|p2a: No Eruption?|Heatran, M|100/100|[from] Volt Switch
|-item|p2a: No Eruption?|Air Balloon
|move|p1a: Hatterene|Trick Room|p1a: Hatterene
|-fieldstart|move: Trick Room|[of] p1a: Hatterene
|
|-heal|p1a: Hatterene|63/100|[from] item: Leftovers
|upkeep
|turn|12
|
|t:|1685873239
|move|p1a: Hatterene|Psyshock|p2a: No Eruption?
|-resisted|p2a: No Eruption?
|-damage|p2a: No Eruption?|68/100
|-enditem|p2a: No Eruption?|Air Balloon
|move|p2a: No Eruption?|Flash Cannon|p1a: Hatterene
|-supereffective|p1a: Hatterene
|-damage|p1a: Hatterene|46/100
|-unboost|p1a: Hatterene|spd|1
|
|-heal|p1a: Hatterene|52/100|[from] item: Leftovers
|upkeep
|turn|13
|
|t:|1685873251
|move|p1a: Hatterene|Draining Kiss|p2a: No Eruption?
|-resisted|p2a: No Eruption?
|-damage|p2a: No Eruption?|59/100
|-heal|p1a: Hatterene|60/100|[from] drain|[of] p2a: No Eruption?
|move|p2a: No Eruption?|Flash Cannon|p1a: Hatterene
|-supereffective|p1a: Hatterene
|-damage|p1a: Hatterene|39/100
|
|-heal|p1a: Hatterene|45/100|[from] item: Leftovers
|upkeep
|turn|14
|
|t:|1685873255
|move|p1a: Hatterene|Psyshock|p2a: No Eruption?
|-resisted|p2a: No Eruption?
|-damage|p2a: No Eruption?|26/100
|move|p2a: No Eruption?|Flash Cannon|p1a: Hatterene
|-supereffective|p1a: Hatterene
|-damage|p1a: Hatterene|22/100
|
|-heal|p1a: Hatterene|28/100|[from] item: Leftovers
|-sideend|p1: TheSunnyBug|move: Light Screen
|upkeep
|turn|15
|
|t:|1685873258
|move|p1a: Hatterene|Psyshock|p2a: No Eruption?
|-resisted|p2a: No Eruption?
|-damage|p2a: No Eruption?|0 fnt
|faint|p2a: No Eruption?
|
|-heal|p1a: Hatterene|34/100|[from] item: Leftovers
|-fieldend|move: Trick Room
|upkeep
|
|t:|1685873262
|switch|p2a: You know who|Landorus-Therian, M|100/100
|-ability|p2a: You know who|Intimidate|boost
|-unboost|p1a: Hatterene|atk|1
|turn|16
|
|t:|1685873269
|switch|p1a: Dondozo|Dondozo, F|100/100
|-damage|p1a: Dondozo|88/100|[from] Stealth Rock
|move|p2a: You know who|U-turn|p1a: Dondozo
|-damage|p1a: Dondozo|71/100
|
|t:|1685873275
|switch|p2a: Mechanical Marvel|Magearna, tera:Ground|35/100|[from] U-turn
|
|-heal|p2a: Mechanical Marvel|41/100|[from] item: Leftovers
|upkeep
|turn|17
|
|t:|1685873277
|move|p2a: Mechanical Marvel|Volt Switch|p1a: Dondozo
|-supereffective|p1a: Dondozo
|-damage|p1a: Dondozo|28/100
|
|t:|1685873282
|switch|p2a: You know who|Landorus-Therian, M|100/100|[from] Volt Switch
|-ability|p2a: You know who|Intimidate|boost
|-unboost|p1a: Dondozo|atk|1
|move|p1a: Dondozo|Waterfall|p2a: You know who
|-supereffective|p2a: You know who
|-damage|p2a: You know who|50/100
|
|-heal|p2a: You know who|56/100|[from] item: Leftovers
|upkeep
|turn|18
|
|t:|1685873288
|move|p2a: You know who|Stone Edge|p1a: Dondozo|[miss]
|-miss|p2a: You know who|p1a: Dondozo
|move|p1a: Dondozo|Rest|p1a: Dondozo
|-status|p1a: Dondozo|slp|[from] move: Rest
|-enditem|p1a: Dondozo|Lum Berry|[eat]
|-curestatus|p1a: Dondozo|slp|[msg]
|-heal|p1a: Dondozo|100/100|[silent]
|
|-heal|p2a: You know who|62/100|[from] item: Leftovers
|upkeep
|turn|19
|
|t:|1685873293
|move|p2a: You know who|U-turn|p1a: Dondozo
|-damage|p1a: Dondozo|86/100
|
|t:|1685873295
|switch|p2a: Mechanical Marvel|Magearna, tera:Ground|41/100|[from] U-turn
|move|p1a: Dondozo|Waterfall|p2a: Mechanical Marvel
|-supereffective|p2a: Mechanical Marvel
|-damage|p2a: Mechanical Marvel|1/100
|
|-heal|p2a: Mechanical Marvel|7/100|[from] item: Leftovers
|upkeep
|turn|20
|
|t:|1685873302
|switch|p1a: Slowking|Slowking-Galar, M, tera:Flying|90/100
|-damage|p1a: Slowking|65/100|[from] Stealth Rock
|move|p2a: Mechanical Marvel|Volt Switch|p1a: Slowking
|-supereffective|p1a: Slowking
|-damage|p1a: Slowking|25/100
|
|t:|1685873307
|switch|p2a: You know who|Landorus-Therian, M|62/100|[from] Volt Switch
|-ability|p2a: You know who|Intimidate|boost
|-unboost|p1a: Slowking|atk|1
|
|-heal|p2a: You know who|68/100|[from] item: Leftovers
|-heal|p1a: Slowking|31/100|[from] item: Leftovers
|upkeep
|turn|21
|
|t:|1685873311
|move|p2a: You know who|Stone Edge|p1a: Slowking
|-supereffective|p1a: Slowking
|-damage|p1a: Slowking|0 fnt
|faint|p1a: Slowking
|
|-heal|p2a: You know who|74/100|[from] item: Leftovers
|upkeep
|
|t:|1685873313
|switch|p1a: Dondozo|Dondozo, F|86/100
|-damage|p1a: Dondozo|73/100|[from] Stealth Rock
|turn|22
|
|t:|1685873322
|move|p2a: You know who|Stone Edge|p1a: Dondozo
|-damage|p1a: Dondozo|50/100
|move|p1a: Dondozo|Waterfall|p2a: You know who
|-supereffective|p2a: You know who
|-damage|p2a: You know who|0 fnt
|faint|p2a: You know who
|
|upkeep
|
|t:|1685873326
|switch|p2a: Fuck it we ball|Regidrago|94/100 brn
|turn|23
|
|t:|1685873335
|move|p2a: Fuck it we ball|Dragon Energy|p1a: Dondozo
|-damage|p1a: Dondozo|0 fnt
|faint|p1a: Dondozo
|
|-damage|p2a: Fuck it we ball|88/100 brn|[from] brn
|upkeep
|
|t:|1685873339
|switch|p1a: Hatterene|Hatterene, F|34/100
|-damage|p1a: Hatterene|22/100|[from] Stealth Rock
|turn|24
|
|t:|1685873345
|move|p2a: Fuck it we ball|Earth Power|p1a: Hatterene
|-damage|p1a: Hatterene|0 fnt
|faint|p1a: Hatterene
|
|-damage|p2a: Fuck it we ball|82/100 brn|[from] brn
|upkeep
|
|t:|1685873347
|switch|p1a: Skeledirge|Skeledirge, M|100/100
|turn|25
|
|t:|1685873351
|move|p2a: Fuck it we ball|Dragon Energy|p1a: Skeledirge
|-crit|p1a: Skeledirge
|-damage|p1a: Skeledirge|0 fnt
|faint|p1a: Skeledirge
|
|win|Amadamo✔
|raw|TheSunnyBug's rating: 1099 → 1072(-27 for losing)
|raw|Amadamo✔'s rating: 1065 → 1098(+33 for winning)
|c|☆TheSunnyBug|irip
|c|☆Amadamo✔|gg
|l|☆TheSunnyBug
|l|☆Amadamo✔
|j|☆Amadamo✔
|player|p2|Amadamo✔|grusha
