|j|☆doom1806
|j|☆Pal8stone
|t:|1685868723
|gametype|singles
|player|p1|doom1806|265|1630
|player|p2|Pal8stone|1|1691
|teamsize|p1|6
|teamsize|p2|6
|gen|9
|tier|[Gen 9] OU
|rated|
|rule|Sleep Clause Mod: Limit one foe put to sleep
|rule|Species Clause: Limit one of each Pokémon
|rule|OHKO Clause: OHKO moves are banned
|rule|Evasion Items Clause: Evasion items are banned
|rule|Evasion Moves Clause: Evasion moves are banned
|rule|Endless Battle Clause: Forcing endless battles is banned
|rule|HP Percentage Mod: HP is shown in percentages
|clearpoke
|poke|p1|Hatterene, F|
|poke|p1|Slowking-Galar, F|
|poke|p1|Ursaluna, F|
|poke|p1|Iron Hands|
|poke|p1|Zamazenta-*|
|poke|p1|Magearna|
|poke|p2|Sneasler, F|
|poke|p2|Indeedee, M|
|poke|p2|Magearna|
|poke|p2|Chien-Pao|
|poke|p2|Iron Treads|
|poke|p2|Volcarona, F|
|teampreview
|inactive|Battle timer is ON: inactive players will automatically lose when time's up. (requested by doom1806)
|
|t:|1685868750
|start
|switch|p1a: Hatterene|Hatterene, F|100/100
|switch|p2a: Sneasler|Sneasler, F|100/100
|turn|1
|
|t:|1685868770
|move|p2a: Sneasler|Dire Claw|p1a: Hatterene
|-supereffective|p1a: Hatterene
|-enditem|p1a: Hatterene|Focus Sash
|-damage|p1a: Hatterene|1/100
|move|p1a: Hatterene|Psychic|p2a: Sneasler
|-supereffective|p2a: Sneasler
|-damage|p2a: Sneasler|0 fnt
|faint|p2a: Sneasler
|
|upkeep
|inactive|Pal8stone has 120 seconds left.
|
|t:|1685868790
|switch|p2a: Volcarona|Volcarona, F|100/100
|turn|2
|
|t:|1685868793
|move|p2a: Volcarona|Fiery Dance|p1a: Hatterene
|-damage|p1a: Hatterene|0 fnt
|faint|p1a: Hatterene
|
|upkeep
|
|t:|1685868795
|switch|p1a: Slowking|Slowking-Galar, F|100/100
|turn|3
|
|t:|1685868818
|switch|p2a: Indeedee|Indeedee, M|100/100
|-fieldstart|move: Psychic Terrain|[from] ability: Psychic Surge|[of] p2a: Indeedee
|move|p1a: Slowking|Trick Room|p1a: Slowking
|-fieldstart|move: Trick Room|[of] p1a: Slowking
|
|upkeep
|turn|4
|j| Free Annihilape
|
|t:|1685868832
|move|p1a: Slowking|Chilly Reception|p1a: Slowking
|-weather|Snow
|
|t:|1685868838
|switch|p1a: cocaine bear|Ursaluna, F, shiny|100/100|[from] Chilly Reception
|move|p2a: Indeedee|Dazzling Gleam|p1a: cocaine bear
|-damage|p1a: cocaine bear|80/100
|
|-weather|Snow|[upkeep]
|-status|p1a: cocaine bear|brn|[from] item: Flame Orb
|upkeep
|turn|5
|
|t:|1685868851
|move|p1a: cocaine bear|Facade|p2a: Indeedee
|-damage|p2a: Indeedee|0 fnt
|faint|p2a: Indeedee
|
|-weather|Snow|[upkeep]
|-damage|p1a: cocaine bear|74/100 brn|[from] brn
|upkeep
|
|t:|1685868862
|switch|p2a: Chien-Pao|Chien-Pao|100/100
|-ability|p2a: Chien-Pao|Sword of Ruin
|turn|6
|
|t:|1685868868
|-terastallize|p1a: cocaine bear|Normal
|move|p1a: cocaine bear|Facade|p2a: Chien-Pao
|-enditem|p2a: Chien-Pao|Focus Sash
|-damage|p2a: Chien-Pao|1/100
|move|p2a: Chien-Pao|Icicle Crash|p1a: cocaine bear
|-damage|p1a: cocaine bear|32/100 brn
|
|-weather|Snow|[upkeep]
|-damage|p1a: cocaine bear|26/100 brn|[from] brn
|upkeep
|turn|7
|
|t:|1685868885
|move|p1a: cocaine bear|Headlong Rush|p2a: Chien-Pao
|-damage|p2a: Chien-Pao|0 fnt
|-unboost|p1a: cocaine bear|def|1
|-unboost|p1a: cocaine bear|spd|1
|faint|p2a: Chien-Pao
|
|-weather|Snow|[upkeep]
|-damage|p1a: cocaine bear|20/100 brn|[from] brn
|-fieldend|move: Trick Room
|upkeep
|
|t:|1685868895
|switch|p2a: Magearna|Magearna|100/100
|turn|8
|
|t:|1685868904
|switch|p1a: Slowking|Slowking-Galar, F|100/100
|-terastallize|p2a: Magearna|Water
|move|p2a: Magearna|Shift Gear|p2a: Magearna
|-boost|p2a: Magearna|spe|2
|-boost|p2a: Magearna|atk|1
|
|-weather|none
|upkeep
|turn|9
|
|t:|1685868917
|move|p2a: Magearna|Calm Mind|p2a: Magearna
|-boost|p2a: Magearna|spa|1
|-boost|p2a: Magearna|spd|1
|move|p1a: Slowking|Trick Room|p1a: Slowking
|-fieldstart|move: Trick Room|[of] p1a: Slowking
|
|upkeep
|turn|10
|
|t:|1685868936
|switch|p1a: Iron Hands|Iron Hands|100/100
|move|p2a: Magearna|Calm Mind|p2a: Magearna
|-boost|p2a: Magearna|spa|1
|-boost|p2a: Magearna|spd|1
|
|-fieldend|move: Psychic Terrain
|upkeep
|turn|11
|
|t:|1685868944
|move|p1a: Iron Hands|Thunder Punch|p2a: Magearna
|-supereffective|p2a: Magearna
|-damage|p2a: Magearna|37/100
|-status|p2a: Magearna|par
|move|p2a: Magearna|Stored Power|p1a: Iron Hands
|-supereffective|p1a: Iron Hands
|-damage|p1a: Iron Hands|0 fnt
|faint|p1a: Iron Hands
|-ability|p2a: Magearna|Soul-Heart|boost
|-boost|p2a: Magearna|spa|1
|-end|p1a: Iron Hands|Quark Drive|[silent]
|
|-heal|p2a: Magearna|43/100 par|[from] item: Leftovers
|upkeep
|
|t:|1685868950
|switch|p1a: cocaine bear|Ursaluna, F, shiny, tera:Normal|20/100 brn
|turn|12
|
|t:|1685868960
|move|p1a: cocaine bear|Headlong Rush|p2a: Magearna
|-damage|p2a: Magearna|0 fnt
|-unboost|p1a: cocaine bear|def|1
|-unboost|p1a: cocaine bear|spd|1
|faint|p2a: Magearna
|
|-damage|p1a: cocaine bear|14/100 brn|[from] brn
|upkeep
|
|t:|1685868975
|switch|p2a: Iron Treads|Iron Treads|100/100
|turn|13
|
|t:|1685868989
|move|p1a: cocaine bear|Drain Punch|p2a: Iron Treads
|-supereffective|p2a: Iron Treads
|-damage|p2a: Iron Treads|16/100
|-heal|p1a: cocaine bear|43/100 brn|[from] drain|[of] p2a: Iron Treads
|move|p2a: Iron Treads|Stealth Rock|p1a: cocaine bear
|-sidestart|p1: doom1806|move: Stealth Rock
|
|-damage|p1a: cocaine bear|37/100 brn|[from] brn
|-fieldend|move: Trick Room
|upkeep
|turn|14
|
|t:|1685869002
|switch|p1a: Zamazenta|Zamazenta|100/100
|-damage|p1a: Zamazenta|94/100|[from] Stealth Rock
|-ability|p1a: Zamazenta|Dauntless Shield|boost
|-boost|p1a: Zamazenta|def|1
|move|p2a: Iron Treads|Earthquake|p1a: Zamazenta
|-damage|p1a: Zamazenta|65/100
|
|upkeep
|turn|15
|
|t:|1685869019
|move|p1a: Zamazenta|Close Combat|p2a: Iron Treads
|-supereffective|p2a: Iron Treads
|-damage|p2a: Iron Treads|0 fnt
|-unboost|p1a: Zamazenta|def|1
|-unboost|p1a: Zamazenta|spd|1
|faint|p2a: Iron Treads
|-end|p2a: Iron Treads|Quark Drive|[silent]
|
|upkeep
|
|t:|1685869026
|switch|p2a: Volcarona|Volcarona, F|100/100
|turn|16
|
|t:|1685869033
|move|p1a: Zamazenta|Close Combat|p2a: Volcarona
|-resisted|p2a: Volcarona
|-crit|p2a: Volcarona
|-damage|p2a: Volcarona|0 fnt
|-unboost|p1a: Zamazenta|def|1
|-unboost|p1a: Zamazenta|spd|1
|faint|p2a: Volcarona
|
|win|doom1806
|raw|doom1806's rating: 1630 → 1653(+23 for winning)
|raw|Pal8stone's rating: 1691 → 1668(-23 for losing)
|l|☆Pal8stone
