|j|☆Ting Lu is so cute
|j|☆CruiseNight
|t:|1685863840
|gametype|singles
|player|p1|Ting Lu is so cute|parasollady|1081
|player|p2|CruiseNight|169|1000
|teamsize|p1|6
|teamsize|p2|6
|gen|9
|tier|[Gen 9] OU
|rated|
|rule|Sleep Clause Mod: Limit one foe put to sleep
|rule|Species Clause: Limit one of each Pokémon
|rule|OHKO Clause: OHKO moves are banned
|rule|Evasion Items Clause: Evasion items are banned
|rule|Evasion Moves Clause: Evasion moves are banned
|rule|Endless Battle Clause: Forcing endless battles is banned
|rule|HP Percentage Mod: HP is shown in percentages
|clearpoke
|poke|p1|Pelipper, F|
|poke|p1|Floatzel, M|
|poke|p1|Golduck, F|
|poke|p1|Toedscruel, F|
|poke|p1|Pawmot, M|
|poke|p1|Azumarill, M|
|poke|p2|Toxapex, M|
|poke|p2|Slowbro-Galar, F|
|poke|p2|Dragalge, F|
|poke|p2|Amoonguss, M|
|poke|p2|Overqwil, F|
|poke|p2|Iron Moth|
|teampreview
|
|t:|1685863848
|start
|switch|p1a: cat|Pelipper, F|100/100
|switch|p2a: Dragalge|Dragalge, F|100/100
|-weather|RainDance|[from] ability: Drizzle|[of] p1a: cat
|turn|1
|
|t:|1685863886
|move|p1a: cat|U-turn|p2a: Dragalge
|-resisted|p2a: Dragalge
|-damage|p2a: Dragalge|96/100
|
|t:|1685863889
|switch|p1a: Fish|Toedscruel, F|100/100|[from] U-turn
|move|p2a: Dragalge|Toxic Spikes|p1a: Fish
|-sidestart|p1: Ting Lu is so cute|move: Toxic Spikes
|
|-weather|RainDance|[upkeep]
|-heal|p2a: Dragalge|100/100|[from] item: Leftovers
|upkeep
|turn|2
|
|t:|1685863916
|move|p2a: Dragalge|Chilling Water|p1a: Fish
|-damage|p1a: Fish|86/100
|-unboost|p1a: Fish|atk|1
|move|p1a: Fish|Spikes|p2a: Dragalge
|-sidestart|p2: CruiseNight|Spikes
|
|-weather|RainDance|[upkeep]
|-heal|p1a: Fish|93/100|[from] item: Leftovers
|upkeep
|turn|3
|inactive|Battle timer is ON: inactive players will automatically lose when time's up. (requested by Ting Lu is so cute)
|
|t:|1685863947
|switch|p2a: Slowbro|Slowbro-Galar, F|100/100
|-damage|p2a: Slowbro|88/100|[from] Spikes
|move|p1a: Fish|Rapid Spin|p2a: Slowbro
|-damage|p2a: Slowbro|82/100
|-boost|p1a: Fish|spe|1
|-sideend|p1: Ting Lu is so cute|Toxic Spikes|[from] move: Rapid Spin|[of] p1a: Fish
|
|-weather|RainDance|[upkeep]
|-heal|p1a: Fish|99/100|[from] item: Leftovers
|upkeep
|turn|4
|
|t:|1685863957
|move|p2a: Slowbro|Ice Beam|p1a: Fish
|-supereffective|p1a: Fish
|-damage|p1a: Fish|0 fnt
|faint|p1a: Fish
|-damage|p2a: Slowbro|72/100|[from] item: Life Orb
|
|-weather|RainDance|[upkeep]
|upkeep
|
|t:|1685863974
|switch|p1a: Sir Quaccums|Golduck, F|100/100
|turn|5
|
|t:|1685863985
|move|p1a: Sir Quaccums|Surf|p2a: Slowbro
|-damage|p2a: Slowbro|0 fnt
|faint|p2a: Slowbro
|-damage|p1a: Sir Quaccums|91/100|[from] item: Life Orb
|
|-weather|RainDance|[upkeep]
|upkeep
|
|t:|1685864001
|switch|p2a: Dragalge|Dragalge, F|100/100
|-damage|p2a: Dragalge|88/100|[from] Spikes
|turn|6
|
|t:|1685864011
|move|p1a: Sir Quaccums|Nasty Plot|p1a: Sir Quaccums
|-boost|p1a: Sir Quaccums|spa|2
|move|p2a: Dragalge|Toxic Spikes|p1a: Sir Quaccums
|-sidestart|p1: Ting Lu is so cute|move: Toxic Spikes
|
|-weather|RainDance|[upkeep]
|-heal|p2a: Dragalge|94/100|[from] item: Leftovers
|upkeep
|turn|7
|
|t:|1685864019
|move|p1a: Sir Quaccums|Ice Beam|p2a: Dragalge
|-supereffective|p2a: Dragalge
|-damage|p2a: Dragalge|6/100
|-damage|p1a: Sir Quaccums|81/100|[from] item: Life Orb
|move|p2a: Dragalge|Draco Meteor|p1a: Sir Quaccums
|-damage|p1a: Sir Quaccums|5/100
|-unboost|p2a: Dragalge|spa|2
|
|-weather|RainDance|[upkeep]
|-heal|p2a: Dragalge|12/100|[from] item: Leftovers
|upkeep
|turn|8
|
|t:|1685864029
|move|p1a: Sir Quaccums|Surf|p2a: Dragalge
|-resisted|p2a: Dragalge
|-damage|p2a: Dragalge|0 fnt
|faint|p2a: Dragalge
|-damage|p1a: Sir Quaccums|0 fnt|[from] item: Life Orb
|faint|p1a: Sir Quaccums
|
|-weather|none
|upkeep
|inactive|Ting Lu is so cute has 120 seconds left.
|
|t:|1685864072
|switch|p1a: cat|Pelipper, F|100/100
|switch|p2a: Iron Moth|Iron Moth|100/100
|-damage|p2a: Iron Moth|88/100|[from] Spikes
|-weather|RainDance|[from] ability: Drizzle|[of] p1a: cat
|turn|9
|inactive|Ting Lu is so cute has 120 seconds left.
|
|t:|1685864079
|move|p2a: Iron Moth|Hurricane|p1a: cat
|-damage|p1a: cat|41/100
|-start|p1a: cat|confusion
|-activate|p1a: cat|confusion
|move|p1a: cat|U-turn|p2a: Iron Moth
|-resisted|p2a: Iron Moth
|-damage|p2a: Iron Moth|85/100
|inactive|Ting Lu is so cute has 120 seconds left.
|inactive|Ting Lu is so cute has 90 seconds left.
|
|t:|1685864127
|switch|p1a: dog|Azumarill, M|100/100|[from] U-turn
|-status|p1a: dog|psn
|
|-weather|RainDance|[upkeep]
|-damage|p1a: dog|88/100 psn|[from] psn
|upkeep
|turn|10
|inactive|CruiseNight has 120 seconds left.
|inactive|CruiseNight has 90 seconds left.
|inactive|CruiseNight has 60 seconds left.
|
|t:|1685864221
|move|p2a: Iron Moth|Hurricane|p1a: dog
|-crit|p1a: dog
|-damage|p1a: dog|0 fnt
|faint|p1a: dog
|
|-weather|RainDance|[upkeep]
|upkeep
|inactive|Ting Lu is so cute has 60 seconds left.
|j| Zeprius
|
|t:|1685864244
|switch|p1a: The boye|Floatzel, M|100/100
|-status|p1a: The boye|psn
|turn|11
|inactive|Ting Lu is so cute has 60 seconds left.
|l| Zeprius
|
|t:|1685864250
|move|p1a: The boye|Wave Crash|p2a: Iron Moth
|-supereffective|p2a: Iron Moth
|-damage|p2a: Iron Moth|0 fnt
|faint|p2a: Iron Moth
|-end|p2a: Iron Moth|Quark Drive|[silent]
|-damage|p1a: The boye|73/100 psn|[from] Recoil
|
|-weather|RainDance|[upkeep]
|-damage|p1a: The boye|61/100 psn|[from] psn
|upkeep
|
|t:|1685864260
|switch|p2a: Amoonguss|Amoonguss, M|100/100
|-damage|p2a: Amoonguss|88/100|[from] Spikes
|turn|12
|
|t:|1685864271
|move|p2a: Amoonguss|Protect|p2a: Amoonguss
|-singleturn|p2a: Amoonguss|Protect
|move|p1a: The boye|Wave Crash|p2a: Amoonguss
|-activate|p2a: Amoonguss|move: Protect
|
|-weather|RainDance|[upkeep]
|-heal|p2a: Amoonguss|94/100|[from] item: Black Sludge
|-damage|p1a: The boye|49/100 psn|[from] psn
|upkeep
|turn|13
|
|t:|1685864281
|move|p1a: The boye|Wave Crash|p2a: Amoonguss
|-resisted|p2a: Amoonguss
|-damage|p2a: Amoonguss|44/100
|-damage|p1a: The boye|26/100 psn|[from] Recoil
|move|p2a: Amoonguss|Giga Drain|p1a: The boye
|-supereffective|p1a: The boye
|-damage|p1a: The boye|0 fnt
|-heal|p2a: Amoonguss|53/100|[from] drain|[of] p1a: The boye
|faint|p1a: The boye
|
|-weather|RainDance|[upkeep]
|-heal|p2a: Amoonguss|59/100|[from] item: Black Sludge
|upkeep
|
|t:|1685864294
|switch|p1a: Octopus|Pawmot, M|100/100
|-status|p1a: Octopus|psn
|turn|14
|
|t:|1685864304
|move|p1a: Octopus|Revival Blessing|p1a: Octopus
|-enditem|p1a: Octopus|Leppa Berry|[eat]
|-activate|p1a: Octopus|item: Leppa Berry|Revival Blessing|[consumed]
|
|t:|1685864312
|-heal|p1: Sir Quaccums|50/100|[from] move: Revival Blessing
|move|p2a: Amoonguss|Sludge Bomb|p1a: Octopus
|-damage|p1a: Octopus|61/100 psn
|
|-weather|RainDance|[upkeep]
|-heal|p2a: Amoonguss|65/100|[from] item: Black Sludge
|-damage|p1a: Octopus|48/100 psn|[from] psn
|upkeep
|turn|15
|
|t:|1685864328
|move|p1a: Octopus|Revival Blessing|p1a: Octopus
|
|t:|1685864332
|-heal|p1: The boye|50/100|[from] move: Revival Blessing
|move|p2a: Amoonguss|Sludge Bomb|p1a: Octopus
|-damage|p1a: Octopus|7/100 psn
|
|-weather|RainDance|[upkeep]
|-heal|p2a: Amoonguss|71/100|[from] item: Black Sludge
|-damage|p1a: Octopus|0 fnt|[from] psn
|faint|p1a: Octopus
|upkeep
|
|t:|1685864354
|switch|p1a: Sir Quaccums|Golduck, F|50/100
|-status|p1a: Sir Quaccums|psn
|turn|16
|inactive|CruiseNight has 90 seconds left.
|
|t:|1685864365
|move|p2a: Amoonguss|Protect|p2a: Amoonguss
|-singleturn|p2a: Amoonguss|Protect
|move|p1a: Sir Quaccums|Nasty Plot|p1a: Sir Quaccums
|-boost|p1a: Sir Quaccums|spa|2
|
|-weather|none
|-heal|p2a: Amoonguss|78/100|[from] item: Black Sludge
|-damage|p1a: Sir Quaccums|38/100 psn|[from] psn
|upkeep
|turn|17
|
|t:|1685864368
|move|p1a: Sir Quaccums|Ice Beam|p2a: Amoonguss
|-supereffective|p2a: Amoonguss
|-damage|p2a: Amoonguss|0 fnt
|faint|p2a: Amoonguss
|-damage|p1a: Sir Quaccums|28/100 psn|[from] item: Life Orb
|
|-damage|p1a: Sir Quaccums|16/100 psn|[from] psn
|upkeep
|
|t:|1685864373
|switch|p2a: Overqwil|Overqwil, F|100/100
|-damage|p2a: Overqwil|88/100|[from] Spikes
|-ability|p2a: Overqwil|Intimidate|boost
|-unboost|p1a: Sir Quaccums|atk|1
|turn|18
|
|t:|1685864380
|move|p2a: Overqwil|Fell Stinger|p1a: Sir Quaccums
|-damage|p1a: Sir Quaccums|0 fnt
|faint|p1a: Sir Quaccums
|-boost|p2a: Overqwil|atk|3
|
|upkeep
|
|t:|1685864385
|switch|p1a: cat|Pelipper, F|41/100
|-weather|RainDance|[from] ability: Drizzle|[of] p1a: cat
|turn|19
|
|t:|1685864394
|move|p2a: Overqwil|Fell Stinger|p1a: cat
|-resisted|p1a: cat
|-damage|p1a: cat|22/100
|move|p1a: cat|U-turn|p2a: Overqwil
|-damage|p2a: Overqwil|79/100
|
|t:|1685864401
|switch|p1a: The boye|Floatzel, M|50/100|[from] U-turn
|-status|p1a: The boye|psn
|
|-weather|RainDance|[upkeep]
|-damage|p1a: The boye|38/100 psn|[from] psn
|upkeep
|turn|20
|
|t:|1685864408
|move|p1a: The boye|Liquidation|p2a: Overqwil
|-damage|p2a: Overqwil|0 fnt
|faint|p2a: Overqwil
|
|-weather|RainDance|[upkeep]
|-damage|p1a: The boye|26/100 psn|[from] psn
|upkeep
|
|t:|1685864411
|switch|p2a: Toxapex|Toxapex, M|100/100
|-damage|p2a: Toxapex|88/100|[from] Spikes
|turn|21
|inactive|Ting Lu is so cute has 120 seconds left.
|
|t:|1685864424
|switch|p1a: cat|Pelipper, F|22/100
|move|p2a: Toxapex|Hex|p1a: cat
|-damage|p1a: cat|8/100
|
|-weather|RainDance|[upkeep]
|upkeep
|turn|22
|inactive|Ting Lu is so cute has 120 seconds left.
|
|t:|1685864437
|move|p1a: cat|Roost|p1a: cat
|-heal|p1a: cat|58/100
|-singleturn|p1a: cat|move: Roost
|move|p2a: Toxapex|Hex|p1a: cat
|-damage|p1a: cat|44/100
|
|-weather|RainDance|[upkeep]
|upkeep
|turn|23
|
|t:|1685864457
|move|p1a: cat|Roost|p1a: cat
|-heal|p1a: cat|95/100
|-singleturn|p1a: cat|move: Roost
|move|p2a: Toxapex|Sludge Bomb|p1a: cat
|-damage|p1a: cat|65/100
|-status|p1a: cat|psn
|
|-weather|RainDance|[upkeep]
|-damage|p1a: cat|53/100 psn|[from] psn
|upkeep
|turn|24
|
|t:|1685864475
|move|p1a: cat|Knock Off|p2a: Toxapex
|-damage|p2a: Toxapex|78/100
|-enditem|p2a: Toxapex|Assault Vest|[from] move: Knock Off|[of] p1a: cat
|move|p2a: Toxapex|Sludge Bomb|p1a: cat
|-crit|p1a: cat
|-damage|p1a: cat|10/100 psn
|
|-weather|RainDance|[upkeep]
|-damage|p1a: cat|0 fnt|[from] psn
|faint|p1a: cat
|upkeep
|inactive|Ting Lu is so cute has 120 seconds left.
|
|t:|1685864487
|switch|p1a: The boye|Floatzel, M|26/100 psn
|turn|25
|inactive|Ting Lu is so cute has 120 seconds left.
|
|t:|1685864523
|-terastallize|p1a: The boye|Grass
|move|p1a: The boye|Wave Crash|p2a: Toxapex
|-resisted|p2a: Toxapex
|-damage|p2a: Toxapex|29/100
|-damage|p1a: The boye|10/100 psn|[from] Recoil
|move|p2a: Toxapex|Hex|p1a: The boye
|-crit|p1a: The boye
|-damage|p1a: The boye|0 fnt
|faint|p1a: The boye
|
|win|CruiseNight
|raw|Ting Lu is so cute's rating: 1081 → 1054(-27 for losing)
|raw|CruiseNight's rating: 1000 → 1049(+49 for winning)
|c|☆Ting Lu is so cute|enjoy ur free w
|l|☆Ting Lu is so cute
