|j|☆MajoraWaffled
|j|☆LucasCelebrom
|t:|1685918379
|gametype|singles
|player|p1|MajoraWaffled|will-gen2|
|player|p2|LucasCelebrom|lance|
|teamsize|p1|6
|teamsize|p2|6
|gen|9
|tier|[Gen 9] OU
|rule|Sleep Clause Mod: Limit one foe put to sleep
|rule|Species Clause: Limit one of each Pokémon
|rule|OHKO Clause: OHKO moves are banned
|rule|Evasion Items Clause: Evasion items are banned
|rule|Evasion Moves Clause: Evasion moves are banned
|rule|Endless Battle Clause: Forcing endless battles is banned
|rule|HP Percentage Mod: HP is shown in percentages
|clearpoke
|poke|p1|Kleavor, M|
|poke|p1|Enamorus-Therian, F|
|poke|p1|Braviary-Hisui, M|
|poke|p1|Ursaluna, M|
|poke|p1|Volcanion|
|poke|p1|Thundurus-Therian, M|
|poke|p2|Goodra, F|
|poke|p2|Dondozo, M|
|poke|p2|Maushold-Four|
|poke|p2|Volcanion|
|poke|p2|Corviknight, M|
|poke|p2|Amoonguss, F|
|teampreview
|inactive|Battle timer is ON: inactive players will automatically lose when time's up. (requested by MajoraWaffled)
|
|t:|1685918397
|start
|switch|p1a: Volcanion|Volcanion|100/100
|switch|p2a: Maushold|Maushold-Four|100/100
|turn|1
|
|t:|1685918403
|move|p2a: Maushold|Tidy Up|p2a: Maushold
|-boost|p2a: Maushold|atk|1
|-boost|p2a: Maushold|spe|1
|move|p1a: Volcanion|Flamethrower|p2a: Maushold
|-enditem|p2a: Maushold|Focus Sash
|-damage|p2a: Maushold|1/100
|
|upkeep
|turn|2
|
|t:|1685918413
|switch|p1a: Enamorus|Enamorus-Therian, F|100/100
|move|p2a: Maushold|Population Bomb|p1a: Enamorus
|-damage|p1a: Enamorus|87/100
|-damage|p1a: Enamorus|70/100
|-damage|p1a: Enamorus|55/100
|-damage|p1a: Enamorus|41/100
|-damage|p1a: Enamorus|27/100
|-damage|p1a: Enamorus|12/100
|-damage|p1a: Enamorus|0 fnt
|faint|p1a: Enamorus
|-hitcount|p1: Enamorus|7
|
|upkeep
|
|t:|1685918419
|switch|p1a: Kleavor|Kleavor, M|100/100
|turn|3
|
|t:|1685918432
|move|p2a: Maushold|Population Bomb|p1a: Kleavor
|-resisted|p1a: Kleavor
|-damage|p1a: Kleavor|91/100
|-resisted|p1a: Kleavor
|-damage|p1a: Kleavor|80/100
|-resisted|p1a: Kleavor
|-damage|p1a: Kleavor|70/100
|-resisted|p1a: Kleavor
|-damage|p1a: Kleavor|61/100
|-resisted|p1a: Kleavor
|-damage|p1a: Kleavor|50/100
|-resisted|p1a: Kleavor
|-damage|p1a: Kleavor|40/100
|-resisted|p1a: Kleavor
|-damage|p1a: Kleavor|30/100
|-resisted|p1a: Kleavor
|-damage|p1a: Kleavor|19/100
|-resisted|p1a: Kleavor
|-damage|p1a: Kleavor|9/100
|-resisted|p1a: Kleavor
|-damage|p1a: Kleavor|0 fnt
|faint|p1a: Kleavor
|-hitcount|p1: Kleavor|10
|
|upkeep
|
|t:|1685918443
|switch|p1a: Ursaluna|Ursaluna, M|100/100
|turn|4
|c|☆MajoraWaffled|e
|c|☆MajoraWaffled|Eu perdi
|
|t:|1685918452
|move|p2a: Maushold|Population Bomb|p1a: Ursaluna
|-damage|p1a: Ursaluna|89/100
|-damage|p1a: Ursaluna|77/100
|-hitcount|p1a: Ursaluna|2
|move|p1a: Ursaluna|Facade|p2a: Maushold
|-damage|p2a: Maushold|0 fnt
|faint|p2a: Maushold
|
|-status|p1a: Ursaluna|brn|[from] item: Flame Orb
|upkeep
|c|☆MajoraWaffled|KK
|c|☆MajoraWaffled|NEM A PAU
|c|☆MajoraWaffled|Ó sorte
|c|☆LucasCelebrom|KKKKKKKK
|c|☆LucasCelebrom|broxaram quando viu o urso
|inactive|LucasCelebrom has 270 seconds left.
|
|t:|1685918489
|switch|p2a: Amoonguss|Amoonguss, F|100/100
|turn|5
|inactive|LucasCelebrom has 270 seconds left.
|
|t:|1685918496
|move|p1a: Ursaluna|Facade|p2a: Amoonguss
|-damage|p2a: Amoonguss|0 fnt
|faint|p2a: Amoonguss
|
|-damage|p1a: Ursaluna|71/100 brn|[from] brn
|upkeep
|inactive|LucasCelebrom has 270 seconds left.
|
|t:|1685918506
|switch|p2a: Lesma|Goodra, F|100/100
|turn|6
|
|t:|1685918511
|move|p2a: Lesma|Ice Beam|p1a: Ursaluna
|-supereffective|p1a: Ursaluna
|-damage|p1a: Ursaluna|18/100 brn
|move|p1a: Ursaluna|Facade|p2a: Lesma
|-damage|p2a: Lesma|0 fnt
|-ability|p2a: Lesma|Gooey
|-unboost|p1a: Ursaluna|spe|1
|faint|p2a: Lesma
|
|-damage|p1a: Ursaluna|12/100 brn|[from] brn
|upkeep
|inactive|LucasCelebrom has 270 seconds left.
|
|t:|1685918531
|switch|p2a: Volcanion|Volcanion|100/100
|turn|7
|
|t:|1685918536
|move|p2a: Volcanion|Steam Eruption|p1a: Ursaluna
|-supereffective|p1a: Ursaluna
|-damage|p1a: Ursaluna|0 fnt
|faint|p1a: Ursaluna
|
|upkeep
|
|t:|1685918539
|switch|p1a: Volcanion|Volcanion|100/100
|turn|8
|
|t:|1685918549
|move|p1a: Volcanion|Flamethrower|p2a: Volcanion
|-resisted|p2a: Volcanion
|-damage|p2a: Volcanion|88/100
|move|p2a: Volcanion|Earth Power|p1a: Volcanion
|-supereffective|p1a: Volcanion
|-damage|p1a: Volcanion|26/100
|
|upkeep
|turn|9
|
|t:|1685918556
|switch|p1a: Braviary|Braviary-Hisui, M|100/100
|move|p2a: Volcanion|Earth Power|p1a: Braviary
|-immune|p1a: Braviary
|
|upkeep
|turn|10
|c|☆MajoraWaffled|não é specs
|c|☆MajoraWaffled|Fodeuk
|
|t:|1685918567
|move|p1a: Braviary|Calm Mind|p1a: Braviary
|-boost|p1a: Braviary|spa|1
|-boost|p1a: Braviary|spd|1
|move|p2a: Volcanion|Steam Eruption|p1a: Braviary
|-damage|p1a: Braviary|51/100
|
|upkeep
|turn|11
|
|t:|1685918579
|switch|p2a: Dondozo|Dondozo, M|100/100
|move|p1a: Braviary|Calm Mind|p1a: Braviary
|-boost|p1a: Braviary|spa|1
|-boost|p1a: Braviary|spd|1
|
|upkeep
|turn|12
|
|t:|1685918585
|move|p1a: Braviary|Psychic|p2a: Dondozo
|-damage|p2a: Dondozo|46/100
|move|p2a: Dondozo|Liquidation|p1a: Braviary
|-damage|p1a: Braviary|12/100
|
|-heal|p2a: Dondozo|53/100|[from] item: Leftovers
|upkeep
|turn|13
|
|t:|1685918599
|switch|p2a: Corviknight|Corviknight, M|100/100
|-ability|p2a: Corviknight|Pressure
|move|p1a: Braviary|Psychic|p2a: Corviknight
|-resisted|p2a: Corviknight
|-damage|p2a: Corviknight|48/100
|
|-heal|p2a: Corviknight|54/100|[from] item: Leftovers
|upkeep
|turn|14
|c|☆MajoraWaffled|o miss não existe
|c|☆MajoraWaffled|Ele não
|c|☆MajoraWaffled|Existe
|
|t:|1685918615
|move|p1a: Braviary|Hurricane|p2a: Corviknight
|-resisted|p2a: Corviknight
|-damage|p2a: Corviknight|0 fnt
|faint|p2a: Corviknight
|
|upkeep
|
|t:|1685918620
|switch|p2a: Dondozo|Dondozo, M|53/100
|turn|15
|
|t:|1685918623
|move|p1a: Braviary|Psychic|p2a: Dondozo
|-damage|p2a: Dondozo|0 fnt
|faint|p2a: Dondozo
|
|upkeep
|
|t:|1685918627
|switch|p2a: Volcanion|Volcanion|88/100
|turn|16
|
|t:|1685918636
|move|p1a: Braviary|Psychic|p2a: Volcanion
|-damage|p2a: Volcanion|0 fnt
|faint|p2a: Volcanion
|
|win|MajoraWaffled
