|j|☆MudkipNerdEnjoyer
|j|☆erduashi
|inactive|Battle timer is ON: inactive players will automatically lose when time's up.
|t:|1685829598
|gametype|singles
|player|p1|MudkipNerdEnjoyer|hilbert-wonderlauncher|
|player|p2|erduashi|raihan|
|teamsize|p1|6
|teamsize|p2|6
|gen|9
|tier|[Gen 9] OU
|rated|Tournament battle
|rule|Sleep Clause Mod: Limit one foe put to sleep
|rule|Species Clause: Limit one of each Pokémon
|rule|OHKO Clause: OHKO moves are banned
|rule|Evasion Items Clause: Evasion items are banned
|rule|Evasion Moves Clause: Evasion moves are banned
|rule|Endless Battle Clause: Forcing endless battles is banned
|rule|HP Percentage Mod: HP is shown in percentages
|rule|First Blood Rule: The first team to have a Pokémon faint loses.
|clearpoke
|poke|p1|Hoopa-Unbound|
|poke|p1|Corviknight, F|
|poke|p1|Clodsire, M|
|poke|p1|Rotom-Heat|
|poke|p1|Dondozo, M|
|poke|p1|Hatterene, F|
|poke|p2|Great Tusk|
|poke|p2|Dragonite, F|
|poke|p2|Samurott-Hisui, M|
|poke|p2|Amoonguss, F|
|poke|p2|Toxapex, M|
|poke|p2|Mew|
|teampreview
|inactive|MudkipNerdEnjoyer has 120 seconds left.
|inactive|MudkipNerdEnjoyer has 90 seconds left.
|
|t:|1685829687
|start
|switch|p1a: Hoopa|Hoopa-Unbound|100/100
|switch|p2a: Great Tusk|Great Tusk|100/100
|turn|1
|inactive|MudkipNerdEnjoyer has 120 seconds left.
|
|t:|1685829708
|-terastallize|p1a: Hoopa|Fairy
|move|p2a: Great Tusk|Headlong Rush|p1a: Hoopa
|-enditem|p1a: Hoopa|Focus Sash
|-damage|p1a: Hoopa|1/100
|-unboost|p2a: Great Tusk|def|1
|-unboost|p2a: Great Tusk|spd|1
|move|p1a: Hoopa|Tera Blast|p2a: Great Tusk
|-supereffective|p2a: Great Tusk
|-enditem|p2a: Great Tusk|Focus Sash
|-damage|p2a: Great Tusk|1/100
|
|upkeep
|turn|2
|inactive|MudkipNerdEnjoyer has 120 seconds left.
|
|t:|1685829721
|-end|p2a: Great Tusk|Protosynthesis|[silent]
|switch|p2a: Amoonguss|Amoonguss, F|100/100
|switch|p1a: Rotom|Rotom-Heat|100/100
|
|upkeep
|turn|3
|
|t:|1685829725
|switch|p2a: Toxapex|Toxapex, M|100/100
|move|p1a: Rotom|Will-O-Wisp|p2a: Toxapex
|-status|p2a: Toxapex|brn
|
|-damage|p2a: Toxapex|94/100 brn|[from] brn
|upkeep
|turn|4
|
|t:|1685829728
|move|p1a: Rotom|Volt Switch|p2a: Toxapex
|-supereffective|p2a: Toxapex
|-damage|p2a: Toxapex|61/100 brn
|
|t:|1685829735
|switch|p1a: Clodsire|Clodsire, M|100/100|[from] Volt Switch
|move|p2a: Toxapex|Toxic|p1a: Clodsire
|-immune|p1a: Clodsire
|
|-heal|p2a: Toxapex|67/100 brn|[from] item: Leftovers
|-damage|p2a: Toxapex|61/100 brn|[from] brn
|upkeep
|turn|5
|
|t:|1685829737
|switch|p2a: Mew|Mew|100/100
|move|p1a: Clodsire|Earthquake|p2a: Mew
|-damage|p2a: Mew|74/100
|
|upkeep
|turn|6
|
|t:|1685829741
|move|p2a: Mew|Fire Spin|p1a: Clodsire
|-damage|p1a: Clodsire|96/100
|-activate|p1a: Clodsire|move: Fire Spin|[of] p2a: Mew
|move|p1a: Clodsire|Toxic|p2a: Mew
|-status|p2a: Mew|tox
|-activate|p2a: Mew|ability: Synchronize
|-immune|p1a: Clodsire
|
|-heal|p1a: Clodsire|100/100|[from] item: Leftovers
|-damage|p2a: Mew|67/100 tox|[from] psn
|-damage|p1a: Clodsire|88/100|[from] move: Fire Spin|[partiallytrapped]
|upkeep
|turn|7
|
|t:|1685829743
|move|p2a: Mew|Imprison|p2a: Mew
|-start|p2a: Mew|move: Imprison
|move|p1a: Clodsire|Stealth Rock|p2a: Mew
|-sidestart|p2: erduashi|move: Stealth Rock
|
|-heal|p1a: Clodsire|94/100|[from] item: Leftovers
|-damage|p2a: Mew|55/100 tox|[from] psn
|-damage|p1a: Clodsire|82/100|[from] move: Fire Spin|[partiallytrapped]
|upkeep
|turn|8
|
|t:|1685829753
|move|p2a: Mew|Rest|p2a: Mew
|-status|p2a: Mew|slp|[from] move: Rest
|-heal|p2a: Mew|100/100 slp|[silent]
|-enditem|p2a: Mew|Chesto Berry|[eat]
|-curestatus|p2a: Mew|slp|[msg]
|move|p1a: Clodsire|Earthquake|p2a: Mew
|-damage|p2a: Mew|72/100
|
|-heal|p1a: Clodsire|88/100|[from] item: Leftovers
|-damage|p1a: Clodsire|76/100|[from] move: Fire Spin|[partiallytrapped]
|upkeep
|turn|9
|
|t:|1685829756
|move|p2a: Mew|Transform|p1a: Clodsire
|-transform|p2a: Mew|p1a: Clodsire
|cant|p1a: Clodsire|move: Imprison|Earthquake
|
|-heal|p1a: Clodsire|82/100|[from] item: Leftovers
|-damage|p1a: Clodsire|69/100|[from] move: Fire Spin|[partiallytrapped]
|upkeep
|turn|10
|
|t:|1685829763
|-activate|p1a: Clodsire|move: Struggle
|move|p1a: Clodsire|Struggle|p2a: Mew
|-damage|p2a: Mew|59/100
|-damage|p1a: Clodsire|44/100|[from] recoil
|move|p2a: Mew|Earthquake|p1a: Clodsire
|-supereffective|p1a: Clodsire
|-damage|p1a: Clodsire|0 fnt
|faint|p1a: Clodsire
|
|win|erduashi
|n|☆MudkipNerdEnjoyer|mudkipnerdenjoyer
|n|☆erduashi|erduashi
|l|☆MudkipNerdEnjoyer
