|j|☆RggV
|j|☆OUDJ UU to suspect
|t:|1685470531
|gametype|singles
|player|p1|RggV|170|1927
|player|p2|OUDJ UU to suspect|gardenia|2018
|teamsize|p1|6
|teamsize|p2|6
|gen|9
|tier|[Gen 9] OU
|rated|
|rule|Sleep Clause Mod: Limit one foe put to sleep
|rule|Species Clause: Limit one of each Pokémon
|rule|OHKO Clause: OHKO moves are banned
|rule|Evasion Items Clause: Evasion items are banned
|rule|Evasion Moves Clause: Evasion moves are banned
|rule|Endless Battle Clause: Forcing endless battles is banned
|rule|HP Percentage Mod: HP is shown in percentages
|clearpoke
|poke|p1|Pelipper, M|
|poke|p1|Maushold-Four|
|poke|p1|Thundurus-Therian, M|
|poke|p1|Amoonguss, F|
|poke|p1|Landorus-Therian, M|
|poke|p1|Floatzel, M|
|poke|p2|Pelipper, F|
|poke|p2|Floatzel, F|
|poke|p2|Azumarill, F|
|poke|p2|Golduck, M|
|poke|p2|Pawmot, F|
|poke|p2|Toedscruel, F|
|teampreview
|j| ermuhhoisskillactu
|j| Jontrendline
|c|☆OUDJ UU to suspect|Winner takes all?
|c| ermuhhoisskillactu|hi guys!!!!
|j| broked on bricks
|j| Arct!c
|c|☆RggV|Winner takes all
|c|☆OUDJ UU to suspect|Good luck!
|j| Golem Rising
|j| ooo333
|j| Diegogris
|c|☆RggV|glhf
|
|t:|1685470572
|start
|switch|p1a: Thundurus|Thundurus-Therian, M|100/100
|switch|p2a: Ghoti carrier|Pelipper, F|100/100
|-weather|RainDance|[from] ability: Drizzle|[of] p2a: Ghoti carrier
|turn|1
|
|t:|1685470577
|switch|p2a: Spaghetti Memory|Toedscruel, F|100/100
|move|p1a: Thundurus|Thunder|p2a: Spaghetti Memory
|-immune|p2a: Spaghetti Memory
|
|-weather|RainDance|[upkeep]
|upkeep
|turn|2
|j| Nature_K
|j| chdysf9
|
|t:|1685470589
|move|p1a: Thundurus|Nasty Plot|p1a: Thundurus
|-boost|p1a: Thundurus|spa|2
|move|p2a: Spaghetti Memory|Spikes|p1a: Thundurus
|-sidestart|p1: RggV|Spikes
|
|-weather|RainDance|[upkeep]
|upkeep
|turn|3
|j| flagadoss salty
|
|t:|1685470593
|move|p1a: Thundurus|Tera Blast|p2a: Spaghetti Memory
|-damage|p2a: Spaghetti Memory|65/100
|move|p2a: Spaghetti Memory|Spore|p1a: Thundurus
|-status|p1a: Thundurus|slp|[from] move: Spore
|
|-weather|RainDance|[upkeep]
|upkeep
|turn|4
|j| Ting-Lu is so cute
|
|t:|1685470595
|switch|p2a: Seaking Duck|Golduck, M|100/100
|cant|p1a: Thundurus|slp
|
|-weather|RainDance|[upkeep]
|upkeep
|turn|5
|
|t:|1685470601
|switch|p1a: Amoonguss|Amoonguss, F|100/100
|-damage|p1a: Amoonguss|88/100|[from] Spikes
|move|p2a: Seaking Duck|Surf|p1a: Amoonguss
|-resisted|p1a: Amoonguss
|-damage|p1a: Amoonguss|52/100
|-enditem|p1a: Amoonguss|Eject Button
|-damage|p2a: Seaking Duck|91/100|[from] item: Life Orb
|
|t:|1685470603
|switch|p1a: Floatzel|Floatzel, M|100/100
|-damage|p1a: Floatzel|88/100|[from] Spikes
|
|-weather|RainDance|[upkeep]
|upkeep
|turn|6
|j| get loose
|
|t:|1685470617
|switch|p2a: Spaghetti Memory|Toedscruel, F|65/100
|move|p1a: Floatzel|Wave Crash|p2a: Spaghetti Memory
|-damage|p2a: Spaghetti Memory|0 fnt
|-damage|p1a: Floatzel|72/100|[from] item: Rocky Helmet|[of] p2a: Spaghetti Memory
|faint|p2a: Spaghetti Memory
|-damage|p1a: Floatzel|49/100|[from] Recoil
|
|-weather|RainDance|[upkeep]
|upkeep
|j| ScotchGame
|
|t:|1685470627
|switch|p2a: The Goat|Azumarill, F|100/100
|turn|7
|
|t:|1685470629
|move|p1a: Floatzel|Wave Crash|p2a: The Goat
|-resisted|p2a: The Goat
|-damage|p2a: The Goat|38/100
|-enditem|p2a: The Goat|Sitrus Berry|[eat]
|-heal|p2a: The Goat|63/100|[from] item: Sitrus Berry
|-damage|p1a: Floatzel|24/100|[from] Recoil
|move|p2a: The Goat|Belly Drum|p2a: The Goat
|-damage|p2a: The Goat|13/100
|-setboost|p2a: The Goat|atk|6|[from] move: Belly Drum
|
|-weather|RainDance|[upkeep]
|upkeep
|turn|8
|j| omwiar
|j| uult26m yiyue
|j| nisban
|
|t:|1685470646
|switch|p1a: Thundurus|Thundurus-Therian, M|100/100 slp
|move|p2a: The Goat|Aqua Jet|p1a: Thundurus
|-damage|p1a: Thundurus|0 fnt
|faint|p1a: Thundurus
|
|-weather|none
|upkeep
|
|t:|1685470650
|switch|p1a: Floatzel|Floatzel, M|24/100
|-damage|p1a: Floatzel|12/100|[from] Spikes
|turn|9
|j| Betty Botter
|
|t:|1685470654
|switch|p2a: Ghoti carrier|Pelipper, F|100/100
|-weather|RainDance|[from] ability: Drizzle|[of] p2a: Ghoti carrier
|move|p1a: Floatzel|Aqua Jet|p2a: Ghoti carrier
|-resisted|p2a: Ghoti carrier
|-damage|p2a: Ghoti carrier|78/100
|
|-weather|RainDance|[upkeep]
|upkeep
|turn|10
|l| ooo333
|l| ScotchGame
|
|t:|1685470673
|switch|p1a: Pelipper|Pelipper, M|100/100
|move|p2a: Ghoti carrier|Hurricane|p1a: Pelipper
|-damage|p1a: Pelipper|50/100
|-start|p1a: Pelipper|confusion
|
|-weather|RainDance|[upkeep]
|upkeep
|turn|11
|
|t:|1685470681
|-activate|p1a: Pelipper|confusion
|-damage|p1a: Pelipper|45/100|[from] confusion
|move|p2a: Ghoti carrier|Hurricane|p1a: Pelipper
|-damage|p1a: Pelipper|0 fnt
|faint|p1a: Pelipper
|
|-weather|RainDance|[upkeep]
|upkeep
|
|t:|1685470688
|switch|p1a: Maushold|Maushold-Four|100/100
|-damage|p1a: Maushold|88/100|[from] Spikes
|turn|12
|j| zxczxcxxxxx
|j| serpyroar
|j| CoachPatatje
|l| zxczxcxxxxx
|j| jel vs home
|c| flagadoss salty|why they not playin with new mons from pokemon home ?
|
|t:|1685470705
|switch|p2a: The Goat|Azumarill, F|13/100
|move|p1a: Maushold|Tidy Up|p1a: Maushold
|-sideend|p1: RggV|Spikes
|-activate|p1a: Maushold|move: Tidy Up
|-boost|p1a: Maushold|atk|1
|-boost|p1a: Maushold|spe|1
|
|-weather|RainDance|[upkeep]
|upkeep
|turn|13
|c| Betty Botter|thundurus is
|j| halamadrid2018
|c| Betty Botter|lando..
|c| flagadoss salty|oh yes i didnt see lol thx
|j| D Great Dane
|j| ScotchGame
|l| jel vs home
|c|☆OUDJ UU to suspect|Golduck is all I need
|
|t:|1685470758
|move|p2a: The Goat|Aqua Jet|p1a: Maushold
|-damage|p1a: Maushold|29/100
|move|p1a: Maushold|Population Bomb|p2a: The Goat
|-damage|p2a: The Goat|0 fnt
|faint|p2a: The Goat
|-hitcount|p2: The Goat|1
|
|-weather|RainDance|[upkeep]
|upkeep
|
|t:|1685470761
|switch|p2a: Seaking Duck|Golduck, M|91/100
|turn|14
|l| ScotchGame
|
|t:|1685470769
|move|p2a: Seaking Duck|Ice Beam|p1a: Maushold
|-damage|p1a: Maushold|0 fnt
|faint|p1a: Maushold
|-damage|p2a: Seaking Duck|81/100|[from] item: Life Orb
|
|-weather|RainDance|[upkeep]
|upkeep
|
|t:|1685470770
|switch|p1a: Floatzel|Floatzel, M|12/100
|turn|15
|j| Industrinn
|c| omwiar|finally oudj will modify the team?
|
|t:|1685470779
|move|p1a: Floatzel|Liquidation|p2a: Seaking Duck
|-resisted|p2a: Seaking Duck
|-damage|p2a: Seaking Duck|13/100
|move|p2a: Seaking Duck|Surf|p1a: Floatzel
|-resisted|p1a: Floatzel
|-damage|p1a: Floatzel|0 fnt
|faint|p1a: Floatzel
|-damage|p2a: Seaking Duck|3/100|[from] item: Life Orb
|
|-weather|RainDance|[upkeep]
|upkeep
|
|t:|1685470782
|switch|p1a: Amoonguss|Amoonguss, F|85/100
|turn|16
|j| Merry365
|l| Diegogris
|l| Nature_K
|
|t:|1685470803
|-terastallize|p1a: Amoonguss|Water
|move|p2a: Seaking Duck|Ice Beam|p1a: Amoonguss
|-resisted|p1a: Amoonguss
|-damage|p1a: Amoonguss|71/100
|-damage|p2a: Seaking Duck|0 fnt|[from] item: Life Orb
|faint|p2a: Seaking Duck
|move|p1a: Amoonguss|Giga Drain|p2: Seaking Duck|[notarget]
|-fail|p1a: Amoonguss
|
|-weather|none
|upkeep
|j| Nature_K
|l| Nature_K
|j| Blazeinsoul
|j| RedCharonKnight
|
|t:|1685470808
|switch|p2a: Really want eject|Pawmot, F|100/100
|turn|17
|l| Industrinn
|l| Jontrendline
|j| Industrinn
|
|t:|1685470814
|move|p2a: Really want eject|Encore|p1a: Amoonguss
|-start|p1a: Amoonguss|Encore
|move|p1a: Amoonguss|Giga Drain|p2a: Really want eject
|-damage|p2a: Really want eject|66/100
|-heal|p1a: Amoonguss|85/100|[from] drain|[of] p2a: Really want eject
|
|upkeep
|turn|18
|j| f0rest6
|
|t:|1685470818
|move|p2a: Really want eject|Nuzzle|p1a: Amoonguss
|-supereffective|p1a: Amoonguss
|-damage|p1a: Amoonguss|73/100
|-status|p1a: Amoonguss|par
|move|p1a: Amoonguss|Giga Drain|p2a: Really want eject
|-damage|p2a: Really want eject|31/100
|-heal|p1a: Amoonguss|88/100 par|[from] drain|[of] p2a: Really want eject
|
|upkeep
|turn|19
|c| omwiar|revival
|
|t:|1685470837
|move|p2a: Really want eject|Revival Blessing|p2a: Really want eject
|-enditem|p2a: Really want eject|Leppa Berry|[eat]
|-activate|p2a: Really want eject|item: Leppa Berry|Revival Blessing|[consumed]
|j| Jontrendline
|c| Golem Rising|but on which one
|
|t:|1685470845
|-heal|p2: Seaking Duck|50/100|[from] move: Revival Blessing
|move|p1a: Amoonguss|Giga Drain|p2a: Really want eject
|-damage|p2a: Really want eject|0 fnt
|-heal|p1a: Amoonguss|99/100 par|[from] drain|[of] p2a: Really want eject
|faint|p2a: Really want eject
|
|-end|p1a: Amoonguss|Encore
|upkeep
|
|t:|1685470847
|switch|p2a: Ghoti carrier|Pelipper, F|78/100
|-weather|RainDance|[from] ability: Drizzle|[of] p2a: Ghoti carrier
|turn|20
|
|t:|1685470852
|-terastallize|p2a: Ghoti carrier|Grass
|move|p2a: Ghoti carrier|Hurricane|p1a: Amoonguss
|-damage|p1a: Amoonguss|68/100 par
|move|p1a: Amoonguss|Spore|p2a: Ghoti carrier
|-immune|p2a: Ghoti carrier
|
|-weather|RainDance|[upkeep]
|upkeep
|turn|21
|c|☆RggV|wait
|c|☆RggV|I know where you got that
|
|t:|1685470874
|switch|p1a: Landorus|Landorus-Therian, M|100/100
|-ability|p1a: Landorus|Intimidate|boost
|-unboost|p2a: Ghoti carrier|atk|1
|move|p2a: Ghoti carrier|Hurricane|p1a: Landorus
|-damage|p1a: Landorus|61/100
|
|-weather|RainDance|[upkeep]
|-heal|p1a: Landorus|67/100|[from] item: Leftovers
|upkeep
|turn|22
|c|☆OUDJ UU to suspect|😄
|j| elpets
|c| Golem Rising|No copyright when it comes to mon' sets ^_^
|c|☆OUDJ UU to suspect|guilyy as charged
|
|t:|1685470891
|move|p1a: Landorus|U-turn|p2a: Ghoti carrier
|-supereffective|p2a: Ghoti carrier
|-damage|p2a: Ghoti carrier|31/100
|j| Guave
|c|☆RggV|might or might not be running 112 hp floatzel
|c|☆RggV|kek
|
|t:|1685470904
|switch|p1a: Amoonguss|Amoonguss, F, tera:Water|100/100 par|[from] U-turn
|move|p2a: Ghoti carrier|Surf|p1a: Amoonguss
|-resisted|p1a: Amoonguss
|-damage|p1a: Amoonguss|82/100 par
|
|-weather|RainDance|[upkeep]
|upkeep
|turn|23
|
|t:|1685470906
|move|p2a: Ghoti carrier|Hurricane|p1a: Amoonguss
|-damage|p1a: Amoonguss|51/100 par
|-start|p1a: Amoonguss|confusion
|-activate|p1a: Amoonguss|confusion
|move|p1a: Amoonguss|Sludge Bomb|p2a: Ghoti carrier
|-supereffective|p2a: Ghoti carrier
|-crit|p2a: Ghoti carrier
|-damage|p2a: Ghoti carrier|0 fnt
|faint|p2a: Ghoti carrier
|
|-weather|RainDance|[upkeep]
|upkeep
|j|+Perry
|l| uult26m yiyue
|
|t:|1685470909
|switch|p2a: Seaking Duck|Golduck, M|50/100
|turn|24
|j| powellthepog
|l| CoachPatatje
|j| slowpoke/wooper
|j| AxCypher
|
|t:|1685470915
|move|p2a: Seaking Duck|Grass Knot|p1a: Amoonguss
|-supereffective|p1a: Amoonguss
|-damage|p1a: Amoonguss|25/100 par
|-damage|p2a: Seaking Duck|40/100|[from] item: Life Orb
|-activate|p1a: Amoonguss|confusion
|move|p1a: Amoonguss|Giga Drain|p2a: Seaking Duck
|-supereffective|p2a: Seaking Duck
|-damage|p2a: Seaking Duck|0 fnt
|-heal|p1a: Amoonguss|39/100 par|[from] drain|[of] p2a: Seaking Duck
|faint|p2a: Seaking Duck
|
|-weather|RainDance|[upkeep]
|upkeep
|
|t:|1685470918
|switch|p2a: BandedSkeda|Floatzel, F|100/100
|turn|25
|l| slowpoke/wooper
|
|t:|1685470921
|switch|p1a: Landorus|Landorus-Therian, M|67/100
|-ability|p1a: Landorus|Intimidate|boost
|-unboost|p2a: BandedSkeda|atk|1
|move|p2a: BandedSkeda|Wave Crash|p1a: Landorus
|-supereffective|p1a: Landorus
|-damage|p1a: Landorus|0 fnt
|faint|p1a: Landorus
|-damage|p2a: BandedSkeda|76/100|[from] Recoil
|
|-weather|RainDance|[upkeep]
|upkeep
|j| AlbertMcDuck
|
|t:|1685470923
|switch|p1a: Amoonguss|Amoonguss, F, tera:Water|72/100 par
|turn|26
|
|t:|1685470925
|move|p2a: BandedSkeda|Wave Crash|p1a: Amoonguss
|-resisted|p1a: Amoonguss
|-damage|p1a: Amoonguss|40/100 par
|-damage|p2a: BandedSkeda|62/100|[from] Recoil
|move|p1a: Amoonguss|Giga Drain|p2a: BandedSkeda
|-supereffective|p2a: BandedSkeda
|-damage|p2a: BandedSkeda|0 fnt
|-heal|p1a: Amoonguss|64/100 par|[from] drain|[of] p2a: BandedSkeda
|faint|p2a: BandedSkeda
|
|win|RggV
|raw|RggV's rating: 1927 → 1952(+25 for winning)
|raw|OUDJ UU to suspect's rating: 2018 → 1993(-25 for losing)
|c|☆RggV|gg
|c|☆OUDJ UU to suspect|gg
|l| powellthepog
|l| ermuhhoisskillactu
|l| Industrinn
|l| get loose
|l|☆RggV
|l|☆OUDJ UU to suspect
|l| Arct!c
|l| AlbertMcDuck
|l| Golem Rising
|j| Bnak2
|l| Ting-Lu is so cute
|l| chdysf9
|l| Bnak2
|l| flagadoss salty
|l| nisban
|l| halamadrid2018
|j| CoachPatatje
|l| CoachPatatje
