|j|☆erduashi
|j|☆scurge
|t:|1685919226
|gametype|singles
|player|p1|erduashi|266|1817
|player|p2|scurge|lucas|1727
|teamsize|p1|6
|teamsize|p2|6
|gen|9
|tier|[Gen 9] OU
|rated|
|rule|Sleep Clause Mod: Limit one foe put to sleep
|rule|Species Clause: Limit one of each Pokémon
|rule|OHKO Clause: OHKO moves are banned
|rule|Evasion Items Clause: Evasion items are banned
|rule|Evasion Moves Clause: Evasion moves are banned
|rule|Endless Battle Clause: Forcing endless battles is banned
|rule|HP Percentage Mod: HP is shown in percentages
|clearpoke
|poke|p1|Chien-Pao|
|poke|p1|Skeledirge, M|
|poke|p1|Iron Treads|
|poke|p1|Abomasnow, F|
|poke|p1|Zamazenta-*|
|poke|p1|Hatterene, F|
|poke|p2|Lilligant-Hisui, F|
|poke|p2|Zamazenta-*|
|poke|p2|Roaring Moon|
|poke|p2|Urshifu-*, F|
|poke|p2|Skeledirge, M|
|poke|p2|Zapdos-Galar|
|teampreview
|
|t:|1685919235
|start
|switch|p1a: Abomasnow|Abomasnow, F|100/100
|switch|p2a: Zapdos|Zapdos-Galar|100/100
|-weather|Snow|[from] ability: Snow Warning|[of] p1a: Abomasnow
|turn|1
|
|t:|1685919237
|switch|p1a: Skeledirge|Skeledirge, M|100/100
|move|p2a: Zapdos|Thunderous Kick|p1a: Skeledirge
|-immune|p1a: Skeledirge
|
|-weather|Snow|[upkeep]
|upkeep
|turn|2
|
|t:|1685919241
|switch|p2a: Skeledirge|Skeledirge, M|100/100
|move|p1a: Skeledirge|Will-O-Wisp|p2a: Skeledirge
|-immune|p2a: Skeledirge
|
|-weather|Snow|[upkeep]
|upkeep
|turn|3
|
|t:|1685919244
|move|p1a: Skeledirge|Hex|p2a: Skeledirge
|-supereffective|p2a: Skeledirge
|-damage|p2a: Skeledirge|64/100
|move|p2a: Skeledirge|Shadow Ball|p1a: Skeledirge
|-supereffective|p1a: Skeledirge
|-damage|p1a: Skeledirge|56/100
|-unboost|p1a: Skeledirge|spd|1
|
|-weather|Snow|[upkeep]
|upkeep
|turn|4
|
|t:|1685919248
|switch|p1a: Iron Treads|Iron Treads|100/100
|move|p2a: Skeledirge|Torch Song|p1a: Iron Treads
|-supereffective|p1a: Iron Treads
|-damage|p1a: Iron Treads|41/100
|-boost|p2a: Skeledirge|spa|1
|
|-weather|Snow|[upkeep]
|upkeep
|turn|5
|
|t:|1685919251
|switch|p2a: Zapdos|Zapdos-Galar|100/100
|move|p1a: Iron Treads|Earthquake|p2a: Zapdos
|-immune|p2a: Zapdos
|
|-weather|none
|upkeep
|turn|6
|j| Tokumaru
|
|t:|1685919256
|-end|p1a: Iron Treads|Quark Drive|[silent]
|switch|p1a: Skeledirge|Skeledirge, M|56/100
|move|p2a: Zapdos|U-turn|p1a: Skeledirge
|-resisted|p1a: Skeledirge
|-damage|p1a: Skeledirge|51/100
|
|t:|1685919259
|switch|p2a: Urshifu|Urshifu-Rapid-Strike, F|100/100|[from] U-turn
|
|upkeep
|turn|7
|inactive|Battle timer is ON: inactive players will automatically lose when time's up. (requested by erduashi)
|
|t:|1685919261
|switch|p1a: Hatterene|Hatterene, F|100/100
|move|p2a: Urshifu|Surging Strikes|p1a: Hatterene
|-crit|p1a: Hatterene
|-damage|p1a: Hatterene|76/100
|-damage|p2a: Urshifu|84/100|[from] item: Rocky Helmet|[of] p1a: Hatterene
|-crit|p1a: Hatterene
|-damage|p1a: Hatterene|52/100
|-damage|p2a: Urshifu|68/100|[from] item: Rocky Helmet|[of] p1a: Hatterene
|-crit|p1a: Hatterene
|-damage|p1a: Hatterene|25/100
|-damage|p2a: Urshifu|51/100|[from] item: Rocky Helmet|[of] p1a: Hatterene
|-hitcount|p1a: Hatterene|3
|
|upkeep
|turn|8
|
|t:|1685919264
|move|p2a: Urshifu|Surging Strikes|p1a: Hatterene
|-crit|p1a: Hatterene
|-damage|p1a: Hatterene|0 fnt
|-damage|p2a: Urshifu|35/100|[from] item: Rocky Helmet|[of] p1a: Hatterene
|faint|p1a: Hatterene
|-hitcount|p1: Hatterene|1
|
|upkeep
|
|t:|1685919267
|switch|p1a: Abomasnow|Abomasnow, F|100/100
|-weather|Snow|[from] ability: Snow Warning|[of] p1a: Abomasnow
|turn|9
|
|t:|1685919272
|switch|p2a: Roaring Moon|Roaring Moon|100/100
|-enditem|p2a: Roaring Moon|Booster Energy
|-activate|p2a: Roaring Moon|ability: Protosynthesis|[fromitem]
|-start|p2a: Roaring Moon|protosynthesisatk
|move|p1a: Abomasnow|Aurora Veil|p1a: Abomasnow
|-sidestart|p1: erduashi|move: Aurora Veil
|
|-weather|Snow|[upkeep]
|upkeep
|turn|10
|
|t:|1685919275
|-terastallize|p2a: Roaring Moon|Flying
|move|p2a: Roaring Moon|Dragon Dance|p2a: Roaring Moon
|-boost|p2a: Roaring Moon|atk|1
|-boost|p2a: Roaring Moon|spe|1
|move|p1a: Abomasnow|Blizzard|p2a: Roaring Moon
|-supereffective|p2a: Roaring Moon
|-damage|p2a: Roaring Moon|6/100
|
|-weather|Snow|[upkeep]
|upkeep
|turn|11
|
|t:|1685919281
|move|p2a: Roaring Moon|Acrobatics|p1a: Abomasnow
|-supereffective|p1a: Abomasnow
|-damage|p1a: Abomasnow|0 fnt
|faint|p1a: Abomasnow
|
|-weather|Snow|[upkeep]
|upkeep
|
|t:|1685919285
|switch|p1a: Chien-Pao|Chien-Pao|100/100
|-ability|p1a: Chien-Pao|Sword of Ruin
|turn|12
|
|t:|1685919286
|move|p1a: Chien-Pao|Sucker Punch|p2a: Roaring Moon
|-damage|p2a: Roaring Moon|0 fnt
|faint|p2a: Roaring Moon
|-end|p2a: Roaring Moon|Protosynthesis|[silent]
|
|-weather|Snow|[upkeep]
|upkeep
|
|t:|1685919295
|switch|p2a: Zapdos|Zapdos-Galar|100/100
|turn|13
|
|t:|1685919301
|switch|p1a: Skeledirge|Skeledirge, M|51/100
|move|p2a: Zapdos|Thunderous Kick|p1a: Skeledirge
|-immune|p1a: Skeledirge
|
|-weather|none
|upkeep
|turn|14
|
|t:|1685919307
|switch|p2a: Urshifu|Urshifu-Rapid-Strike, F|35/100
|move|p1a: Skeledirge|Slack Off|p1a: Skeledirge
|-heal|p1a: Skeledirge|100/100
|
|upkeep
|turn|15
|
|t:|1685919311
|switch|p1a: Iron Treads|Iron Treads|41/100
|move|p2a: Urshifu|Surging Strikes|p1a: Iron Treads
|-supereffective|p1a: Iron Treads
|-crit|p1a: Iron Treads
|-damage|p1a: Iron Treads|0 fnt
|faint|p1a: Iron Treads
|-end|p1a: Iron Treads|Quark Drive|[silent]
|-hitcount|p1: Iron Treads|1
|
|upkeep
|
|t:|1685919313
|switch|p1a: Chien-Pao|Chien-Pao|100/100
|-ability|p1a: Chien-Pao|Sword of Ruin
|turn|16
|
|t:|1685919317
|move|p1a: Chien-Pao|Sacred Sword|p2a: Urshifu
|-damage|p2a: Urshifu|0 fnt
|faint|p2a: Urshifu
|
|-sideend|p1: erduashi|move: Aurora Veil
|upkeep
|
|t:|1685919321
|switch|p2a: Zapdos|Zapdos-Galar|100/100
|turn|17
|j| lonesome road
|
|t:|1685919323
|switch|p1a: Skeledirge|Skeledirge, M|100/100
|move|p2a: Zapdos|U-turn|p1a: Skeledirge
|-resisted|p1a: Skeledirge
|-damage|p1a: Skeledirge|96/100
|
|t:|1685919327
|switch|p2a: Skeledirge|Skeledirge, M|64/100|[from] U-turn
|
|upkeep
|turn|18
|
|t:|1685919330
|move|p1a: Skeledirge|Hex|p2a: Skeledirge
|-supereffective|p2a: Skeledirge
|-damage|p2a: Skeledirge|26/100
|move|p2a: Skeledirge|Shadow Ball|p1a: Skeledirge
|-supereffective|p1a: Skeledirge
|-damage|p1a: Skeledirge|51/100
|
|upkeep
|turn|19
|
|t:|1685919333
|move|p1a: Skeledirge|Hex|p2a: Skeledirge
|-supereffective|p2a: Skeledirge
|-damage|p2a: Skeledirge|0 fnt
|faint|p2a: Skeledirge
|
|upkeep
|j| 5EternalNoob5
|
|t:|1685919340
|switch|p2a: Zapdos|Zapdos-Galar|100/100
|turn|20
|j| BenGayOintment
|
|t:|1685919342
|move|p2a: Zapdos|Brave Bird|p1a: Skeledirge
|-damage|p1a: Skeledirge|4/100
|-damage|p2a: Zapdos|81/100|[from] Recoil
|move|p1a: Skeledirge|Slack Off|p1a: Skeledirge
|-heal|p1a: Skeledirge|54/100
|
|upkeep
|turn|21
|
|t:|1685919347
|switch|p2a: Lilligant|Lilligant-Hisui, F|100/100
|move|p1a: Skeledirge|Slack Off|p1a: Skeledirge
|-heal|p1a: Skeledirge|100/100
|
|upkeep
|turn|22
|l| 5EternalNoob5
|
|t:|1685919351
|move|p2a: Lilligant|Victory Dance|p2a: Lilligant
|-boost|p2a: Lilligant|atk|1
|-boost|p2a: Lilligant|def|1
|-boost|p2a: Lilligant|spe|1
|move|p1a: Skeledirge|Will-O-Wisp|p2a: Lilligant
|-status|p2a: Lilligant|brn
|
|-damage|p2a: Lilligant|94/100 brn|[from] brn
|upkeep
|turn|23
|l| BenGayOintment
|
|t:|1685919356
|move|p2a: Lilligant|Leaf Blade|p1a: Skeledirge|[miss]
|-miss|p2a: Lilligant|p1a: Skeledirge
|move|p1a: Skeledirge|Torch Song|p2a: Lilligant
|-supereffective|p2a: Lilligant
|-damage|p2a: Lilligant|0 fnt
|-boost|p1a: Skeledirge|spa|1
|faint|p2a: Lilligant
|
|upkeep
|-message|scurge forfeited.
|
|win|erduashi
|raw|erduashi's rating: 1817 → 1832(+15 for winning)
|raw|scurge's rating: 1727 → 1712(-15 for losing)
|l|☆scurge
