|j|☆ocfrey
|j|☆NoParadox
|t:|1685920334
|gametype|singles
|player|p1|ocfrey|265|1197
|player|p2|NoParadox|265|1231
|teamsize|p1|6
|teamsize|p2|6
|gen|9
|tier|[Gen 9] OU
|rated|
|rule|Sleep Clause Mod: Limit one foe put to sleep
|rule|Species Clause: Limit one of each Pokémon
|rule|OHKO Clause: OHKO moves are banned
|rule|Evasion Items Clause: Evasion items are banned
|rule|Evasion Moves Clause: Evasion moves are banned
|rule|Endless Battle Clause: Forcing endless battles is banned
|rule|HP Percentage Mod: HP is shown in percentages
|clearpoke
|poke|p1|Arcanine-Hisui, F|
|poke|p1|Corviknight, M|
|poke|p1|Great Tusk|
|poke|p1|Enamorus, F|
|poke|p1|Magearna|
|poke|p1|Basculegion-F, F|
|poke|p2|Electrode-Hisui|
|poke|p2|Pelipper, F|
|poke|p2|Basculegion, M|
|poke|p2|Magearna|
|poke|p2|Zapdos|
|poke|p2|Slowking-Galar, F|
|teampreview
|
|t:|1685920350
|start
|switch|p1a: Enamorus|Enamorus, F|100/100
|switch|p2a: Slowking|Slowking-Galar, F|100/100
|turn|1
|
|t:|1685920354
|move|p1a: Enamorus|Superpower|p2a: Slowking
|-resisted|p2a: Slowking
|-damage|p2a: Slowking|91/100
|-boost|p1a: Enamorus|atk|1
|-boost|p1a: Enamorus|def|1
|move|p2a: Slowking|Sludge Bomb|p1a: Enamorus
|-supereffective|p1a: Enamorus
|-damage|p1a: Enamorus|0 fnt
|faint|p1a: Enamorus
|
|-heal|p2a: Slowking|97/100|[from] item: Leftovers
|upkeep
|
|t:|1685920364
|switch|p1a: Arcanine|Arcanine-Hisui, F|100/100
|turn|2
|
|t:|1685920376
|-terastallize|p1a: Arcanine|Rock
|move|p1a: Arcanine|Head Smash|p2a: Slowking
|-damage|p2a: Slowking|0 fnt
|faint|p2a: Slowking
|
|upkeep
|
|t:|1685920381
|switch|p2a: Pelipper|Pelipper, F|100/100
|-weather|RainDance|[from] ability: Drizzle|[of] p2a: Pelipper
|turn|3
|
|t:|1685920384
|move|p1a: Arcanine|Head Smash|p2a: Pelipper
|-supereffective|p2a: Pelipper
|-damage|p2a: Pelipper|0 fnt
|faint|p2a: Pelipper
|
|-weather|RainDance|[upkeep]
|upkeep
|
|t:|1685920386
|switch|p2a: Basculegion|Basculegion, M|100/100
|turn|4
|
|t:|1685920397
|switch|p1a: Magearna|Magearna|100/100
|-terastallize|p2a: Basculegion|Water
|move|p2a: Basculegion|Wave Crash|p1a: Magearna
|-damage|p1a: Magearna|0 fnt
|faint|p1a: Magearna
|-damage|p2a: Basculegion|69/100|[from] Recoil
|
|-weather|RainDance|[upkeep]
|upkeep
|
|t:|1685920399
|switch|p1a: Basculegion|Basculegion-F, F|100/100
|turn|5
|
|t:|1685920406
|move|p2a: Basculegion|Wave Crash|p1a: Basculegion
|-resisted|p1a: Basculegion
|-damage|p1a: Basculegion|0 fnt
|faint|p1a: Basculegion
|-damage|p2a: Basculegion|30/100|[from] Recoil
|
|-weather|RainDance|[upkeep]
|upkeep
|
|t:|1685920417
|switch|p1a: Corviknight|Corviknight, M|100/100
|-ability|p1a: Corviknight|Pressure
|turn|6
|
|t:|1685920433
|move|p2a: Basculegion|Wave Crash|p1a: Corviknight
|-damage|p1a: Corviknight|0 fnt
|faint|p1a: Corviknight
|-damage|p2a: Basculegion|0 fnt|[from] Recoil
|faint|p2a: Basculegion
|
|-weather|RainDance|[upkeep]
|upkeep
|c|☆NoParadox|oh wow this does a lot
|c|☆NoParadox|yeah
|
|t:|1685920447
|switch|p2a: Magearna|Magearna|100/100
|switch|p1a: Arcanine|Arcanine-Hisui, F, tera:Rock|100/100
|turn|7
|c|☆ocfrey|that is a very strong button
|c|☆ocfrey|damn
|
|t:|1685920454
|switch|p1a: Great Tusk|Great Tusk|100/100
|move|p2a: Magearna|Flash Cannon|p1a: Great Tusk
|-damage|p1a: Great Tusk|41/100
|
|-weather|RainDance|[upkeep]
|-heal|p1a: Great Tusk|47/100|[from] item: Leftovers
|upkeep
|turn|8
|c|☆NoParadox|high qualITY WIN BUTTON
|c|☆NoParadox|oops caps lock
|
|t:|1685920475
|switch|p2a: Zapdos|Zapdos|100/100
|move|p1a: Great Tusk|Earthquake|p2a: Zapdos
|-immune|p2a: Zapdos
|
|-weather|RainDance|[upkeep]
|-heal|p1a: Great Tusk|53/100|[from] item: Leftovers
|upkeep
|turn|9
|
|t:|1685920479
|-end|p1a: Great Tusk|Protosynthesis|[silent]
|switch|p1a: Arcanine|Arcanine-Hisui, F, tera:Rock|100/100
|move|p2a: Zapdos|Hurricane|p1a: Arcanine
|-resisted|p1a: Arcanine
|-damage|p1a: Arcanine|68/100
|-start|p1a: Arcanine|confusion
|
|-weather|RainDance|[upkeep]
|upkeep
|turn|10
|
|t:|1685920486
|-activate|p1a: Arcanine|confusion
|move|p1a: Arcanine|Head Smash|p2a: Zapdos
|-supereffective|p2a: Zapdos
|-damage|p2a: Zapdos|0 fnt
|faint|p2a: Zapdos
|
|-weather|none
|upkeep
|c|☆ocfrey|there are 2 very strong win buttons rn
|c|☆NoParadox|true true
|c|☆NoParadox|trying to see what this-
|c|☆NoParadox|OOOO
|c|☆NoParadox|I think ggs
|
|t:|1685920517
|switch|p2a: Electrode|Electrode-Hisui|100/100
|turn|11
|
|t:|1685920519
|switch|p1a: Great Tusk|Great Tusk|53/100
|move|p2a: Electrode|Energy Ball|p1a: Great Tusk
|-supereffective|p1a: Great Tusk
|-damage|p1a: Great Tusk|0 fnt
|faint|p1a: Great Tusk
|-end|p1a: Great Tusk|Protosynthesis|[silent]
|
|upkeep
|
|t:|1685920521
|switch|p1a: Arcanine|Arcanine-Hisui, F, tera:Rock|68/100
|turn|12
|c|☆ocfrey|gg
|
|t:|1685920525
|switch|p2a: Magearna|Magearna|100/100
|move|p1a: Arcanine|Flare Blitz|p2a: Magearna
|-supereffective|p2a: Magearna
|-crit|p2a: Magearna
|-damage|p2a: Magearna|0 fnt
|faint|p2a: Magearna
|
|upkeep
|
|t:|1685920529
|switch|p2a: Electrode|Electrode-Hisui|100/100
|turn|13
|
|t:|1685920530
|move|p2a: Electrode|Energy Ball|p1a: Arcanine
|-supereffective|p1a: Arcanine
|-damage|p1a: Arcanine|0 fnt
|faint|p1a: Arcanine
|
|win|NoParadox
|raw|ocfrey's rating: 1197 → 1174(-23 for losing)
|raw|NoParadox's rating: 1231 → 1254(+23 for winning)
|c|☆ocfrey|ggs
|c|☆NoParadox|ggs
|l|☆ocfrey
