|j|☆Umbre test
|j|☆No1MariaGoreySimp
|t:|1685849782
|gametype|singles
|player|p1|Umbre test|170|1668
|player|p2|No1MariaGoreySimp|iono|1675
|teamsize|p1|6
|teamsize|p2|6
|gen|9
|tier|[Gen 9] OU
|rated|
|rule|Sleep Clause Mod: Limit one foe put to sleep
|rule|Species Clause: Limit one of each Pokémon
|rule|OHKO Clause: OHKO moves are banned
|rule|Evasion Items Clause: Evasion items are banned
|rule|Evasion Moves Clause: Evasion moves are banned
|rule|Endless Battle Clause: Forcing endless battles is banned
|rule|HP Percentage Mod: HP is shown in percentages
|clearpoke
|poke|p1|Iron Valiant|
|poke|p1|Volcanion|
|poke|p1|Zapdos|
|poke|p1|Great Tusk|
|poke|p1|Lilligant-Hisui, F|
|poke|p1|Arcanine-Hisui, M|
|poke|p2|Enamorus, F|
|poke|p2|Thundurus-Therian, M|
|poke|p2|Chien-Pao|
|poke|p2|Great Tusk|
|poke|p2|Volcanion|
|poke|p2|Zamazenta-*|
|teampreview
|inactive|Battle timer is ON: inactive players will automatically lose when time's up. (requested by No1MariaGoreySimp)
|
|t:|1685849802
|start
|switch|p1a: Adwa|Arcanine-Hisui, M, shiny|100/100
|switch|p2a: Enamorus|Enamorus, F|100/100
|turn|1
|
|t:|1685849815
|switch|p1a: Zeus|Zapdos, shiny|100/100
|move|p2a: Enamorus|Earth Power|p1a: Zeus
|-immune|p1a: Zeus
|
|upkeep
|turn|2
|
|t:|1685849831
|switch|p2a: Thundurus|Thundurus-Therian, M|100/100
|move|p1a: Zeus|Hurricane|p2a: Thundurus|[miss]
|-miss|p1a: Zeus|p2a: Thundurus
|
|upkeep
|turn|3
|
|t:|1685849844
|switch|p1a: Iron Valiant|Iron Valiant|100/100
|-enditem|p1a: Iron Valiant|Booster Energy
|-activate|p1a: Iron Valiant|ability: Quark Drive|[fromitem]
|-start|p1a: Iron Valiant|quarkdrivespe
|move|p2a: Thundurus|Thunderbolt|p1a: Iron Valiant
|-damage|p1a: Iron Valiant|17/100
|-status|p1a: Iron Valiant|par
|
|upkeep
|turn|4
|
|t:|1685849869
|move|p2a: Thundurus|Thunderbolt|p1a: Iron Valiant
|-damage|p1a: Iron Valiant|0 fnt
|faint|p1a: Iron Valiant
|-end|p1a: Iron Valiant|Quark Drive|[silent]
|
|upkeep
|j| Asa26
|l| Asa26
|inactive|Umbre test has 120 seconds left.
|
|t:|1685849910
|switch|p1a: Adwa|Arcanine-Hisui, M, shiny|100/100
|turn|5
|
|t:|1685849934
|switch|p2a: Zamazenta|Zamazenta-Crowned|100/100
|-ability|p2a: Zamazenta|Dauntless Shield|boost
|-boost|p2a: Zamazenta|def|1
|move|p1a: Adwa|Flare Blitz|p2a: Zamazenta
|-supereffective|p2a: Zamazenta
|-damage|p2a: Zamazenta|22/100
|
|upkeep
|turn|6
|
|t:|1685849945
|switch|p1a: Zeus|Zapdos, shiny|100/100
|move|p2a: Zamazenta|Body Press|p1a: Zeus
|-resisted|p1a: Zeus
|-damage|p1a: Zeus|67/100
|-status|p2a: Zamazenta|par|[from] ability: Static|[of] p1a: Zeus
|
|upkeep
|turn|7
|
|t:|1685849950
|switch|p2a: Thundurus|Thundurus-Therian, M|100/100
|move|p1a: Zeus|Hurricane|p2a: Thundurus
|-resisted|p2a: Thundurus
|-damage|p2a: Thundurus|68/100
|
|upkeep
|turn|8
|
|t:|1685849959
|move|p2a: Thundurus|Nasty Plot|p2a: Thundurus
|-boost|p2a: Thundurus|spa|2
|move|p1a: Zeus|Roost|p1a: Zeus
|-heal|p1a: Zeus|100/100
|-singleturn|p1a: Zeus|move: Roost
|
|upkeep
|turn|9
|
|t:|1685849965
|move|p2a: Thundurus|Thunderbolt|p1a: Zeus
|-damage|p1a: Zeus|0 fnt
|faint|p1a: Zeus
|
|upkeep
|
|t:|1685849969
|switch|p1a: Lilligant|Lilligant-Hisui, F|100/100
|turn|10
|
|t:|1685849979
|-terastallize|p2a: Thundurus|Water
|move|p1a: Lilligant|Sleep Powder|p2a: Thundurus
|-status|p2a: Thundurus|slp|[from] move: Sleep Powder
|cant|p2a: Thundurus|slp
|
|upkeep
|turn|11
|
|t:|1685849988
|switch|p2a: Volcanion|Volcanion|100/100
|move|p1a: Lilligant|Sleep Powder|p2a: Volcanion
|-message|Sleep Clause Mod activated.
|-hint|Sleep Clause Mod prevents players from putting more than one of their opponent's Pokémon to sleep at a time
|
|upkeep
|turn|12
|
|t:|1685849994
|move|p1a: Lilligant|Close Combat|p2a: Volcanion|[miss]
|-miss|p1a: Lilligant|p2a: Volcanion
|move|p2a: Volcanion|Flamethrower|p1a: Lilligant
|-supereffective|p1a: Lilligant
|-enditem|p1a: Lilligant|Focus Sash
|-damage|p1a: Lilligant|1/100
|
|upkeep
|turn|13
|-message|Umbre test forfeited.
|
|win|No1MariaGoreySimp
|raw|Umbre test's rating: 1668 → 1648(-20 for losing)
|raw|No1MariaGoreySimp's rating: 1675 → 1695(+20 for winning)
|l|☆Umbre test
|l|☆No1MariaGoreySimp
