|j|☆eosdeosd
|j|☆Seyfur
|t:|1685900369
|gametype|singles
|player|p1|eosdeosd|ethan|1416
|player|p2|Seyfur|blue|1516
|teamsize|p1|6
|teamsize|p2|6
|gen|9
|tier|[Gen 9] OU
|rated|
|rule|Sleep Clause Mod: Limit one foe put to sleep
|rule|Species Clause: Limit one of each Pokémon
|rule|OHKO Clause: OHKO moves are banned
|rule|Evasion Items Clause: Evasion items are banned
|rule|Evasion Moves Clause: Evasion moves are banned
|rule|Endless Battle Clause: Forcing endless battles is banned
|rule|HP Percentage Mod: HP is shown in percentages
|clearpoke
|poke|p1|Pelipper, M|
|poke|p1|Urshifu-*, F|
|poke|p1|Floatzel, F|
|poke|p1|Magearna|
|poke|p1|Zapdos|
|poke|p1|Great Tusk|
|poke|p2|Rillaboom, F|
|poke|p2|Sneasler, F|
|poke|p2|Zapdos|
|poke|p2|Great Tusk|
|poke|p2|Glimmora, F|
|poke|p2|Azumarill, M|
|teampreview
|inactive|Battle timer is ON: inactive players will automatically lose when time's up. (requested by Seyfur)
|
|t:|1685900387
|start
|switch|p1a: Magearna|Magearna|100/100
|switch|p2a: Zapdos|Zapdos|100/100
|turn|1
|
|t:|1685900393
|move|p2a: Zapdos|Heat Wave|p1a: Magearna|[miss]
|-miss|p2a: Zapdos|p1a: Magearna
|move|p1a: Magearna|Volt Switch|p2a: Zapdos
|-damage|p2a: Zapdos|79/100
|
|t:|1685900402
|switch|p1a: Zapdos|Zapdos|100/100|[from] Volt Switch
|
|-heal|p2a: Zapdos|85/100|[from] item: Leftovers
|upkeep
|turn|2
|
|t:|1685900414
|move|p1a: Zapdos|Thunderbolt|p2a: Zapdos
|-damage|p2a: Zapdos|42/100
|move|p2a: Zapdos|Discharge|p1a: Zapdos
|-damage|p1a: Zapdos|48/100
|
|-heal|p2a: Zapdos|48/100|[from] item: Leftovers
|upkeep
|turn|3
|
|t:|1685900423
|move|p1a: Zapdos|Roost|p1a: Zapdos
|-heal|p1a: Zapdos|98/100
|-singleturn|p1a: Zapdos|move: Roost
|move|p2a: Zapdos|Discharge|p1a: Zapdos
|-resisted|p1a: Zapdos
|-damage|p1a: Zapdos|74/100
|
|-heal|p2a: Zapdos|54/100|[from] item: Leftovers
|upkeep
|turn|4
|
|t:|1685900431
|move|p1a: Zapdos|Thunderbolt|p2a: Zapdos
|-damage|p2a: Zapdos|11/100
|move|p2a: Zapdos|Roost|p2a: Zapdos
|-heal|p2a: Zapdos|61/100
|-singleturn|p2a: Zapdos|move: Roost
|
|-heal|p2a: Zapdos|67/100|[from] item: Leftovers
|upkeep
|turn|5
|
|t:|1685900439
|move|p1a: Zapdos|Thunderbolt|p2a: Zapdos
|-damage|p2a: Zapdos|22/100
|move|p2a: Zapdos|Roost|p2a: Zapdos
|-heal|p2a: Zapdos|72/100
|-singleturn|p2a: Zapdos|move: Roost
|
|-heal|p2a: Zapdos|78/100|[from] item: Leftovers
|upkeep
|turn|6
|
|t:|1685900445
|switch|p2a: Great Tusk|Great Tusk|100/100
|move|p1a: Zapdos|Thunderbolt|p2a: Great Tusk
|-immune|p2a: Great Tusk
|
|upkeep
|turn|7
|
|t:|1685900449
|move|p1a: Zapdos|Hurricane|p2a: Great Tusk
|-supereffective|p2a: Great Tusk
|-damage|p2a: Great Tusk|0 fnt
|faint|p2a: Great Tusk
|-end|p2a: Great Tusk|Protosynthesis|[silent]
|
|upkeep
|
|t:|1685900457
|switch|p2a: Azumarill|Azumarill, M|100/100
|turn|8
|
|t:|1685900475
|move|p1a: Zapdos|Hurricane|p2a: Azumarill
|-damage|p2a: Azumarill|61/100
|move|p2a: Azumarill|Ice Spinner|p1a: Zapdos
|-supereffective|p1a: Zapdos
|-damage|p1a: Zapdos|0 fnt
|-status|p2a: Azumarill|par|[from] ability: Static|[of] p1a: Zapdos
|faint|p1a: Zapdos
|
|upkeep
|
|t:|1685900481
|switch|p1a: Pelipper|Pelipper, M|100/100
|-weather|RainDance|[from] ability: Drizzle|[of] p1a: Pelipper
|turn|9
|
|t:|1685900486
|move|p1a: Pelipper|U-turn|p2a: Azumarill
|-resisted|p2a: Azumarill
|-damage|p2a: Azumarill|56/100 par
|
|t:|1685900492
|switch|p1a: Magearna|Magearna|100/100|[from] U-turn
|move|p2a: Azumarill|Play Rough|p1a: Magearna
|-resisted|p1a: Magearna
|-damage|p1a: Magearna|84/100
|
|-weather|RainDance|[upkeep]
|-heal|p1a: Magearna|90/100|[from] item: Leftovers
|upkeep
|turn|10
|
|t:|1685900498
|move|p1a: Magearna|Volt Switch|p2a: Azumarill
|-supereffective|p2a: Azumarill
|-crit|p2a: Azumarill
|-damage|p2a: Azumarill|12/100 par
|
|t:|1685900504
|switch|p1a: Pelipper|Pelipper, M|100/100|[from] Volt Switch
|move|p2a: Azumarill|Liquidation|p1a: Pelipper
|-resisted|p1a: Pelipper
|-damage|p1a: Pelipper|70/100
|
|-weather|RainDance|[upkeep]
|upkeep
|turn|11
|
|t:|1685900512
|move|p1a: Pelipper|Hurricane|p2a: Azumarill
|-damage|p2a: Azumarill|0 fnt
|faint|p2a: Azumarill
|
|-weather|RainDance|[upkeep]
|upkeep
|
|t:|1685900523
|switch|p2a: Zapdos|Zapdos|78/100
|turn|12
|
|t:|1685900530
|switch|p1a: Magearna|Magearna|90/100
|move|p2a: Zapdos|Hurricane|p1a: Magearna
|-resisted|p1a: Magearna
|-damage|p1a: Magearna|64/100
|
|-weather|RainDance|[upkeep]
|-heal|p2a: Zapdos|84/100|[from] item: Leftovers
|-heal|p1a: Magearna|70/100|[from] item: Leftovers
|upkeep
|turn|13
|
|t:|1685900539
|switch|p2a: Rillaboom|Rillaboom, F|100/100
|-fieldstart|move: Grassy Terrain|[from] ability: Grassy Surge|[of] p2a: Rillaboom
|move|p1a: Magearna|Volt Switch|p2a: Rillaboom
|-resisted|p2a: Rillaboom
|-damage|p2a: Rillaboom|86/100
|
|t:|1685900547
|switch|p1a: Floatzel|Floatzel, F|100/100|[from] Volt Switch
|
|-weather|RainDance|[upkeep]
|-heal|p2a: Rillaboom|93/100|[from] Grassy Terrain
|upkeep
|turn|14
|
|t:|1685900554
|move|p1a: Floatzel|Ice Spinner|p2a: Rillaboom
|-supereffective|p2a: Rillaboom
|-damage|p2a: Rillaboom|6/100
|-fieldend|move: Grassy Terrain
|move|p2a: Rillaboom|Wood Hammer|p1a: Floatzel
|-supereffective|p1a: Floatzel
|-damage|p1a: Floatzel|0 fnt
|faint|p1a: Floatzel
|-damage|p2a: Rillaboom|0 fnt|[from] Recoil
|faint|p2a: Rillaboom
|
|-weather|RainDance|[upkeep]
|upkeep
|inactive|eosdeosd has 120 seconds left.
|
|t:|1685900591
|switch|p1a: Magearna|Magearna|70/100
|switch|p2a: Glimmora|Glimmora, F|100/100
|turn|15
|inactive|eosdeosd has 120 seconds left.
|
|t:|1685900598
|move|p2a: Glimmora|Earth Power|p1a: Magearna
|-supereffective|p1a: Magearna
|-damage|p1a: Magearna|20/100
|move|p1a: Magearna|Flash Cannon|p2a: Glimmora
|-supereffective|p2a: Glimmora
|-damage|p2a: Glimmora|15/100
|-unboost|p2a: Glimmora|spd|1
|
|-weather|RainDance|[upkeep]
|-heal|p1a: Magearna|26/100|[from] item: Leftovers
|upkeep
|turn|16
|inactive|eosdeosd has 120 seconds left.
|
|t:|1685900613
|switch|p1a: Great Tusk|Great Tusk|100/100
|move|p2a: Glimmora|Sludge Wave|p1a: Great Tusk
|-resisted|p1a: Great Tusk
|-damage|p1a: Great Tusk|62/100
|
|-weather|none
|-heal|p1a: Great Tusk|69/100|[from] item: Leftovers
|upkeep
|turn|17
|
|t:|1685900620
|move|p1a: Great Tusk|Rapid Spin|p2a: Glimmora
|-resisted|p2a: Glimmora
|-crit|p2a: Glimmora
|-damage|p2a: Glimmora|0 fnt
|-boost|p1a: Great Tusk|spe|1
|-activate|p2a: Glimmora|ability: Toxic Debris
|-sidestart|p1: eosdeosd|move: Toxic Spikes
|-sideend|p1: eosdeosd|Toxic Spikes|[from] move: Rapid Spin|[of] p1a: Great Tusk
|faint|p2a: Glimmora
|
|-heal|p1a: Great Tusk|75/100|[from] item: Leftovers
|upkeep
|
|t:|1685900631
|switch|p2a: Sneasler|Sneasler, F|100/100
|turn|18
|
|t:|1685900638
|-terastallize|p2a: Sneasler|Flying
|move|p1a: Great Tusk|Earthquake|p2a: Sneasler
|-immune|p2a: Sneasler
|move|p2a: Sneasler|Swords Dance|p2a: Sneasler
|-boost|p2a: Sneasler|atk|2
|
|-heal|p1a: Great Tusk|81/100|[from] item: Leftovers
|upkeep
|turn|19
|
|t:|1685900643
|move|p1a: Great Tusk|Knock Off|p2a: Sneasler
|-damage|p2a: Sneasler|43/100
|-enditem|p2a: Sneasler|Grassy Seed|[from] move: Knock Off|[of] p1a: Great Tusk
|move|p2a: Sneasler|Acrobatics|p1a: Great Tusk
|-supereffective|p1a: Great Tusk
|-damage|p1a: Great Tusk|0 fnt
|faint|p1a: Great Tusk
|-end|p1a: Great Tusk|Protosynthesis|[silent]
|
|upkeep
|
|t:|1685900647
|switch|p1a: Pelipper|Pelipper, M|70/100
|-weather|RainDance|[from] ability: Drizzle|[of] p1a: Pelipper
|turn|20
|
|t:|1685900654
|move|p2a: Sneasler|Acrobatics|p1a: Pelipper
|-damage|p1a: Pelipper|0 fnt
|faint|p1a: Pelipper
|
|-weather|RainDance|[upkeep]
|upkeep
|
|t:|1685900656
|switch|p1a: Urshifu|Urshifu-Rapid-Strike, F|100/100
|turn|21
|
|t:|1685900658
|-terastallize|p1a: Urshifu|Water
|move|p1a: Urshifu|Aqua Jet|p2a: Sneasler
|-damage|p2a: Sneasler|0 fnt
|faint|p2a: Sneasler
|
|-weather|RainDance|[upkeep]
|upkeep
|
|t:|1685900663
|switch|p2a: Zapdos|Zapdos|84/100
|turn|22
|
|t:|1685900666
|move|p1a: Urshifu|Surging Strikes|p2a: Zapdos
|-crit|p2a: Zapdos
|-damage|p2a: Zapdos|35/100
|-crit|p2a: Zapdos
|-damage|p2a: Zapdos|0 fnt
|faint|p2a: Zapdos
|-hitcount|p2: Zapdos|2
|
|win|eosdeosd
|raw|eosdeosd's rating: 1416 → 1442(+26 for winning)
|raw|Seyfur's rating: 1516 → 1490(-26 for losing)
