|j|☆Murray69
|j|☆Lolopo_24
|t:|1685923425
|gametype|singles
|player|p1|Murray69|cynthia-gen7|1289
|player|p2|Lolopo_24|cynthia-masters|1230
|teamsize|p1|6
|teamsize|p2|6
|gen|9
|tier|[Gen 9] OU
|rated|
|rule|Sleep Clause Mod: Limit one foe put to sleep
|rule|Species Clause: Limit one of each Pokémon
|rule|OHKO Clause: OHKO moves are banned
|rule|Evasion Items Clause: Evasion items are banned
|rule|Evasion Moves Clause: Evasion moves are banned
|rule|Endless Battle Clause: Forcing endless battles is banned
|rule|HP Percentage Mod: HP is shown in percentages
|clearpoke
|poke|p1|Magearna|
|poke|p1|Amoonguss, M|
|poke|p1|Great Tusk|
|poke|p1|Chien-Pao|
|poke|p1|Garganacl, M|
|poke|p1|Gholdengo|
|poke|p2|Great Tusk|
|poke|p2|Enamorus, F|
|poke|p2|Dragapult, M|
|poke|p2|Volcarona, M|
|poke|p2|Urshifu-*, F|
|poke|p2|Chien-Pao|
|teampreview
|inactive|Battle timer is ON: inactive players will automatically lose when time's up. (requested by Murray69)
|inactive|Murray69 has 120 seconds left.
|
|t:|1685923468
|start
|switch|p1a: Garganacl|Garganacl, M|100/100
|switch|p2a: BOUMBZODPSJKQO|Great Tusk|100/100
|turn|1
|
|t:|1685923477
|switch|p1a: Amoonguss|Amoonguss, M|100/100
|move|p2a: BOUMBZODPSJKQO|Earthquake|p1a: Amoonguss
|-damage|p1a: Amoonguss|65/100
|-enditem|p1a: Amoonguss|Red Card|[of] p2a: BOUMBZODPSJKQO
|-end|p2a: BOUMBZODPSJKQO|Protosynthesis|[silent]
|drag|p2a: PeteMoiL'Cul|Enamorus, F|100/100
|
|upkeep
|turn|2
|
|t:|1685923489
|move|p2a: PeteMoiL'Cul|Taunt|p1a: Amoonguss
|-start|p1a: Amoonguss|move: Taunt
|move|p1a: Amoonguss|Sludge Bomb|p2a: PeteMoiL'Cul
|-supereffective|p2a: PeteMoiL'Cul
|-damage|p2a: PeteMoiL'Cul|25/100
|-status|p2a: PeteMoiL'Cul|psn
|
|-heal|p2a: PeteMoiL'Cul|31/100 psn|[from] item: Leftovers
|-damage|p2a: PeteMoiL'Cul|19/100 psn|[from] psn
|upkeep
|turn|3
|
|t:|1685923504
|switch|p1a: Magearna|Magearna|100/100
|move|p2a: PeteMoiL'Cul|Zen Headbutt|p1a: Magearna
|-resisted|p1a: Magearna
|-damage|p1a: Magearna|88/100
|
|-heal|p2a: PeteMoiL'Cul|25/100 psn|[from] item: Leftovers
|-heal|p1a: Magearna|94/100|[from] item: Leftovers
|-damage|p2a: PeteMoiL'Cul|13/100 psn|[from] psn
|upkeep
|turn|4
|
|t:|1685923512
|move|p2a: PeteMoiL'Cul|Taunt|p1a: Magearna
|-start|p1a: Magearna|move: Taunt
|cant|p1a: Magearna|move: Taunt|Shift Gear
|
|-heal|p2a: PeteMoiL'Cul|19/100 psn|[from] item: Leftovers
|-heal|p1a: Magearna|99/100|[from] item: Leftovers
|-damage|p2a: PeteMoiL'Cul|6/100 psn|[from] psn
|upkeep
|turn|5
|
|t:|1685923524
|switch|p1a: Great Tusk|Great Tusk|100/100
|move|p2a: PeteMoiL'Cul|Superpower|p1a: Great Tusk
|-damage|p1a: Great Tusk|81/100
|-boost|p2a: PeteMoiL'Cul|atk|1
|-boost|p2a: PeteMoiL'Cul|def|1
|-damage|p2a: PeteMoiL'Cul|0 fnt|[from] item: Rocky Helmet|[of] p1a: Great Tusk
|faint|p2a: PeteMoiL'Cul
|
|upkeep
|
|t:|1685923539
|switch|p2a: PAHGDZIIN|Urshifu-Rapid-Strike, F|100/100
|turn|6
|
|t:|1685923543
|-end|p1a: Great Tusk|Protosynthesis|[silent]
|switch|p1a: Amoonguss|Amoonguss, M|98/100
|move|p2a: PAHGDZIIN|Surging Strikes|p1a: Amoonguss
|-resisted|p1a: Amoonguss
|-crit|p1a: Amoonguss
|-damage|p1a: Amoonguss|90/100
|-resisted|p1a: Amoonguss
|-crit|p1a: Amoonguss
|-damage|p1a: Amoonguss|82/100
|-resisted|p1a: Amoonguss
|-crit|p1a: Amoonguss
|-damage|p1a: Amoonguss|74/100
|-hitcount|p1a: Amoonguss|3
|
|upkeep
|turn|7
|
|t:|1685923560
|switch|p2a: BOUMBZODPSJKQO|Great Tusk|100/100
|move|p1a: Amoonguss|Spore|p2a: BOUMBZODPSJKQO
|-status|p2a: BOUMBZODPSJKQO|slp|[from] move: Spore
|
|upkeep
|turn|8
|
|t:|1685923569
|-end|p2a: BOUMBZODPSJKQO|Protosynthesis|[silent]
|switch|p2a: Bzzzzz|Volcarona, M|100/100
|move|p1a: Amoonguss|Giga Drain|p2a: Bzzzzz
|-resisted|p2a: Bzzzzz
|-damage|p2a: Bzzzzz|95/100
|-heal|p1a: Amoonguss|76/100|[from] drain|[of] p2a: Bzzzzz
|
|upkeep
|turn|9
|
|t:|1685923576
|switch|p1a: Garganacl|Garganacl, M|100/100
|move|p2a: Bzzzzz|Quiver Dance|p2a: Bzzzzz
|-boost|p2a: Bzzzzz|spa|1
|-boost|p2a: Bzzzzz|spd|1
|-boost|p2a: Bzzzzz|spe|1
|
|upkeep
|turn|10
|
|t:|1685923581
|move|p2a: Bzzzzz|Substitute|p2a: Bzzzzz
|-start|p2a: Bzzzzz|Substitute
|-damage|p2a: Bzzzzz|70/100
|move|p1a: Garganacl|Salt Cure|p2a: Bzzzzz
|-supereffective|p2a: Bzzzzz
|-end|p2a: Bzzzzz|Substitute
|
|upkeep
|turn|11
|
|t:|1685923590
|move|p2a: Bzzzzz|Substitute|p2a: Bzzzzz
|-start|p2a: Bzzzzz|Substitute
|-damage|p2a: Bzzzzz|46/100
|move|p1a: Garganacl|Salt Cure|p2a: Bzzzzz
|-supereffective|p2a: Bzzzzz
|-end|p2a: Bzzzzz|Substitute
|
|upkeep
|turn|12
|
|t:|1685923596
|move|p2a: Bzzzzz|Giga Drain|p1a: Garganacl
|-supereffective|p1a: Garganacl
|-damage|p1a: Garganacl|26/100
|-heal|p2a: Bzzzzz|94/100|[from] drain|[of] p1a: Garganacl
|move|p1a: Garganacl|Salt Cure|p2a: Bzzzzz
|-supereffective|p2a: Bzzzzz
|-damage|p2a: Bzzzzz|12/100
|-start|p2a: Bzzzzz|Salt Cure
|
|-heal|p1a: Garganacl|32/100|[from] item: Leftovers
|-damage|p2a: Bzzzzz|0 fnt|[from] Salt Cure
|faint|p2a: Bzzzzz
|upkeep
|
|t:|1685923610
|switch|p2a: PAHGDZIIN|Urshifu-Rapid-Strike, F|100/100
|turn|13
|
|t:|1685923614
|switch|p1a: Amoonguss|Amoonguss, M|100/100
|move|p2a: PAHGDZIIN|Close Combat|p1a: Amoonguss
|-resisted|p1a: Amoonguss
|-damage|p1a: Amoonguss|75/100
|-unboost|p2a: PAHGDZIIN|def|1
|-unboost|p2a: PAHGDZIIN|spd|1
|
|upkeep
|turn|14
|
|t:|1685923626
|switch|p2a: HUH|Chien-Pao|100/100
|-ability|p2a: HUH|Sword of Ruin
|move|p1a: Amoonguss|Giga Drain|p2a: HUH
|-damage|p2a: HUH|67/100
|-heal|p1a: Amoonguss|86/100|[from] drain|[of] p2a: HUH
|
|upkeep
|turn|15
|
|t:|1685923639
|switch|p1a: Great Tusk|Great Tusk|81/100
|move|p2a: HUH|Icicle Crash|p1a: Great Tusk
|-supereffective|p1a: Great Tusk
|-damage|p1a: Great Tusk|25/100
|
|upkeep
|turn|16
|
|t:|1685923659
|-end|p1a: Great Tusk|Protosynthesis|[silent]
|switch|p1a: Gholdengo|Gholdengo|100/100
|move|p2a: HUH|Icicle Crash|p1a: Gholdengo
|-resisted|p1a: Gholdengo
|-damage|p1a: Gholdengo|67/100
|
|upkeep
|turn|17
|
|t:|1685923670
|switch|p2a: BOUMBZODPSJKQO|Great Tusk|100/100 slp
|move|p1a: Gholdengo|Make It Rain|p2a: BOUMBZODPSJKQO
|-damage|p2a: BOUMBZODPSJKQO|24/100 slp
|-unboost|p1a: Gholdengo|spa|1
|
|-heal|p2a: BOUMBZODPSJKQO|30/100 slp|[from] item: Leftovers
|upkeep
|turn|18
|
|t:|1685923676
|move|p1a: Gholdengo|Make It Rain|p2a: BOUMBZODPSJKQO
|-damage|p2a: BOUMBZODPSJKQO|0 fnt
|-unboost|p1a: Gholdengo|spa|1
|faint|p2a: BOUMBZODPSJKQO
|-end|p2a: BOUMBZODPSJKQO|Protosynthesis|[silent]
|
|upkeep
|
|t:|1685923686
|switch|p2a: Isocèle|Dragapult, M|100/100
|turn|19
|
|t:|1685923696
|switch|p1a: Magearna|Magearna|99/100
|move|p2a: Isocèle|Flamethrower|p1a: Magearna
|-supereffective|p1a: Magearna
|-damage|p1a: Magearna|31/100
|-damage|p2a: Isocèle|91/100|[from] item: Life Orb
|
|-heal|p1a: Magearna|37/100|[from] item: Leftovers
|upkeep
|turn|20
|
|t:|1685923703
|-terastallize|p1a: Magearna|Water
|move|p2a: Isocèle|Flamethrower|p1a: Magearna
|-resisted|p1a: Magearna
|-damage|p1a: Magearna|20/100
|-damage|p2a: Isocèle|81/100|[from] item: Life Orb
|move|p1a: Magearna|Shift Gear|p1a: Magearna
|-boost|p1a: Magearna|spe|2
|-boost|p1a: Magearna|atk|1
|
|-heal|p1a: Magearna|26/100|[from] item: Leftovers
|upkeep
|turn|21
|
|t:|1685923713
|move|p1a: Magearna|Draining Kiss|p2a: Isocèle
|-supereffective|p2a: Isocèle
|-damage|p2a: Isocèle|11/100
|-heal|p1a: Magearna|82/100|[from] drain|[of] p2a: Isocèle
|move|p2a: Isocèle|Thunderbolt|p1a: Magearna
|-supereffective|p1a: Magearna
|-damage|p1a: Magearna|10/100
|-damage|p2a: Isocèle|1/100|[from] item: Life Orb
|
|-heal|p1a: Magearna|16/100|[from] item: Leftovers
|upkeep
|turn|22
|
|t:|1685923721
|move|p1a: Magearna|Draining Kiss|p2a: Isocèle
|-supereffective|p2a: Isocèle
|-damage|p2a: Isocèle|0 fnt
|-heal|p1a: Magearna|16/100|[from] drain|[of] p2a: Isocèle
|faint|p2a: Isocèle
|-ability|p1a: Magearna|Soul-Heart|boost
|-boost|p1a: Magearna|spa|1
|
|-heal|p1a: Magearna|22/100|[from] item: Leftovers
|upkeep
|
|t:|1685923724
|switch|p2a: PAHGDZIIN|Urshifu-Rapid-Strike, F|100/100
|turn|23
|
|t:|1685923727
|move|p1a: Magearna|Draining Kiss|p2a: PAHGDZIIN
|-supereffective|p2a: PAHGDZIIN
|-damage|p2a: PAHGDZIIN|0 fnt
|-heal|p1a: Magearna|100/100|[from] drain|[of] p2a: PAHGDZIIN
|faint|p2a: PAHGDZIIN
|-ability|p1a: Magearna|Soul-Heart|boost
|-boost|p1a: Magearna|spa|1
|
|upkeep
|
|t:|1685923732
|switch|p2a: HUH|Chien-Pao|67/100
|-ability|p2a: HUH|Sword of Ruin
|turn|24
|-message|Lolopo_24 forfeited.
|
|win|Murray69
|raw|Murray69's rating: 1289 → 1310(+21 for winning)
|raw|Lolopo_24's rating: 1230 → 1209(-21 for losing)
|l|☆Lolopo_24
