|j|☆plasma_fistem
|j|☆Najirs
|t:|1685863897
|gametype|singles
|player|p1|plasma_fistem|102|
|player|p2|Najirs|misty-masters|
|teamsize|p1|6
|teamsize|p2|6
|gen|9
|tier|[Gen 9] OU
|rule|Sleep Clause Mod: Limit one foe put to sleep
|rule|Species Clause: Limit one of each Pokémon
|rule|OHKO Clause: OHKO moves are banned
|rule|Evasion Items Clause: Evasion items are banned
|rule|Evasion Moves Clause: Evasion moves are banned
|rule|Endless Battle Clause: Forcing endless battles is banned
|rule|HP Percentage Mod: HP is shown in percentages
|clearpoke
|poke|p1|Slowking, F|
|poke|p1|Enamorus-Therian, F|
|poke|p1|Ursaluna, M|
|poke|p1|Diancie|
|poke|p1|Glastrier|
|poke|p1|Azumarill, F|
|poke|p2|Zoroark-Hisui, F|
|poke|p2|Sneasler, M|
|poke|p2|Wo-Chien|
|poke|p2|Brambleghast, M|
|poke|p2|Tauros-Paldea-Blaze, M|
|poke|p2|Mimikyu, F|
|teampreview
|inactive|Battle timer is ON: inactive players will automatically lose when time's up. (requested by plasma_fistem)
|
|t:|1685863912
|start
|switch|p1a: Diancie|Diancie|100/100
|switch|p2a: Sneasler|Sneasler, M|100/100
|turn|1
|
|t:|1685863925
|move|p2a: Sneasler|Fake Out|p1a: Diancie
|-resisted|p1a: Diancie
|-damage|p1a: Diancie|95/100
|-status|p1a: Diancie|psn|[from] ability: Poison Touch|[of] p2a: Sneasler
|cant|p1a: Diancie|flinch
|
|-heal|p1a: Diancie|100/100 psn|[from] item: Leftovers
|-damage|p1a: Diancie|88/100 psn|[from] psn
|upkeep
|turn|2
|c|☆plasma_fistem|Lol
|c|☆Najirs|Lol
|
|t:|1685863954
|move|p2a: Sneasler|U-turn|p1a: Diancie
|-resisted|p1a: Diancie
|-damage|p1a: Diancie|79/100 psn
|
|t:|1685863959
|switch|p2a: Wo-Chien|Wo-Chien|100/100|[from] U-turn
|-ability|p2a: Wo-Chien|Tablets of Ruin
|move|p1a: Diancie|Trick Room|p1a: Diancie
|-fieldstart|move: Trick Room|[of] p1a: Diancie
|
|-heal|p1a: Diancie|85/100 psn|[from] item: Leftovers
|-damage|p1a: Diancie|73/100 psn|[from] psn
|upkeep
|turn|3
|
|t:|1685863969
|move|p1a: Diancie|Diamond Storm|p2a: Wo-Chien
|-damage|p2a: Wo-Chien|76/100
|move|p2a: Wo-Chien|Ruination|p1a: Diancie
|-damage|p1a: Diancie|37/100 psn
|
|-heal|p1a: Diancie|43/100 psn|[from] item: Leftovers
|-damage|p1a: Diancie|30/100 psn|[from] psn
|upkeep
|turn|4
|
|t:|1685863988
|move|p1a: Diancie|Body Press|p2a: Wo-Chien
|-supereffective|p2a: Wo-Chien
|-crit|p2a: Wo-Chien
|-damage|p2a: Wo-Chien|37/100
|move|p2a: Wo-Chien|Ruination|p1a: Diancie
|-damage|p1a: Diancie|16/100 psn
|
|-heal|p1a: Diancie|22/100 psn|[from] item: Leftovers
|-damage|p1a: Diancie|9/100 psn|[from] psn
|upkeep
|turn|5
|c|☆plasma_fistem|I never get the fucking defense boosts man
|c|☆Najirs|damn
|c|☆Najirs|lmao
|inactive|Najirs has 270 seconds left.
|
|t:|1685864013
|move|p1a: Diancie|Body Press|p2a: Wo-Chien
|-supereffective|p2a: Wo-Chien
|-damage|p2a: Wo-Chien|11/100
|move|p2a: Wo-Chien|Body Press|p1a: Diancie
|-damage|p1a: Diancie|0 fnt
|faint|p1a: Diancie
|
|upkeep
|c|☆plasma_fistem|Wouldve koed with them
|c|☆Najirs|damn nice
|c|☆Najirs|gg
|inactive|plasma_fistem has 270 seconds left.
|
|t:|1685864034
|switch|p1a: Glastrier|Glastrier|100/100
|turn|6
|
|t:|1685864043
|move|p1a: Glastrier|Icicle Crash|p2a: Wo-Chien
|-supereffective|p2a: Wo-Chien
|-damage|p2a: Wo-Chien|0 fnt
|faint|p2a: Wo-Chien
|-ability|p1a: Glastrier|Chilling Neigh|boost
|-boost|p1a: Glastrier|atk|1
|
|-fieldend|move: Trick Room
|upkeep
|
|t:|1685864049
|switch|p2a: Sneasler|Sneasler, M|100/100
|turn|7
|
|t:|1685864069
|move|p2a: Sneasler|Fake Out|p1a: Glastrier
|-damage|p1a: Glastrier|90/100
|cant|p1a: Glastrier|flinch
|
|upkeep
|turn|8
|
|t:|1685864083
|move|p2a: Sneasler|Dire Claw|p1a: Glastrier
|-damage|p1a: Glastrier|61/100
|move|p1a: Glastrier|Icicle Crash|p2a: Sneasler
|-damage|p2a: Sneasler|0 fnt
|faint|p2a: Sneasler
|-ability|p1a: Glastrier|Chilling Neigh|boost
|-boost|p1a: Glastrier|atk|1
|
|upkeep
|c|☆Najirs|well shit
|
|t:|1685864093
|switch|p2a: Tauros|Tauros-Paldea-Blaze, M|100/100
|turn|9
|
|t:|1685864107
|-terastallize|p1a: Glastrier|Fighting
|move|p2a: Tauros|Bulk Up|p2a: Tauros
|-boost|p2a: Tauros|atk|1
|-boost|p2a: Tauros|def|1
|move|p1a: Glastrier|Close Combat|p2a: Tauros
|-damage|p2a: Tauros|0 fnt
|-unboost|p1a: Glastrier|def|1
|-unboost|p1a: Glastrier|spd|1
|faint|p2a: Tauros
|-ability|p1a: Glastrier|Chilling Neigh|boost
|-boost|p1a: Glastrier|atk|1
|
|upkeep
|c|☆Najirs|gg
|
|t:|1685864119
|switch|p2a: Mimikyu|Mimikyu, F|100/100
|turn|10
|
|t:|1685864125
|move|p2a: Mimikyu|Thunder Wave|p1a: Glastrier
|-status|p1a: Glastrier|par
|cant|p1a: Glastrier|par
|
|upkeep
|turn|11
|
|t:|1685864133
|switch|p1a: Slowking|Slowking, F|100/100
|move|p2a: Mimikyu|Bulk Up|p2a: Mimikyu
|-boost|p2a: Mimikyu|atk|1
|-boost|p2a: Mimikyu|def|1
|
|upkeep
|turn|12
|
|t:|1685864139
|move|p2a: Mimikyu|Shadow Claw|p1a: Slowking
|-supereffective|p1a: Slowking
|-damage|p1a: Slowking|19/100
|move|p1a: Slowking|Trick Room|p1a: Slowking
|-fieldstart|move: Trick Room|[of] p1a: Slowking
|
|-heal|p1a: Slowking|25/100|[from] item: Leftovers
|upkeep
|turn|13
|
|t:|1685864149
|switch|p1a: Ursaluna|Ursaluna, M|100/100
|move|p2a: Mimikyu|Bulk Up|p2a: Mimikyu
|-boost|p2a: Mimikyu|atk|1
|-boost|p2a: Mimikyu|def|1
|
|-status|p1a: Ursaluna|brn|[from] item: Flame Orb
|upkeep
|turn|14
|
|t:|1685864159
|move|p1a: Ursaluna|Crunch|p2a: Mimikyu
|-activate|p2a: Mimikyu|ability: Disguise
|-damage|p2a: Mimikyu|100/100
|-unboost|p2a: Mimikyu|def|1
|detailschange|p2a: Mimikyu|Mimikyu-Busted, F
|-damage|p2a: Mimikyu|88/100|[from] pokemon: Mimikyu-Busted
|move|p2a: Mimikyu|Drain Punch|p1a: Ursaluna
|-supereffective|p1a: Ursaluna
|-damage|p1a: Ursaluna|26/100 brn
|-heal|p2a: Mimikyu|100/100|[from] drain|[of] p1a: Ursaluna
|
|-damage|p1a: Ursaluna|20/100 brn|[from] brn
|upkeep
|turn|15
|
|t:|1685864172
|move|p1a: Ursaluna|Headlong Rush|p2a: Mimikyu
|-damage|p2a: Mimikyu|0 fnt
|-unboost|p1a: Ursaluna|def|1
|-unboost|p1a: Ursaluna|spd|1
|faint|p2a: Mimikyu
|
|-damage|p1a: Ursaluna|14/100 brn|[from] brn
|upkeep
|c|☆Najirs|goddang it
|c|☆Najirs|yeah gg
|
|t:|1685864191
|switch|p2a: Brambleghast|Brambleghast, M|100/100
|turn|16
|c|☆plasma_fistem|Your teams kinda hilarious ngl
|
|t:|1685864203
|move|p1a: Ursaluna|Crunch|p2a: Brambleghast
|-supereffective|p2a: Brambleghast
|-crit|p2a: Brambleghast
|-damage|p2a: Brambleghast|0 fnt
|faint|p2a: Brambleghast
|
|-damage|p1a: Ursaluna|7/100 brn|[from] brn
|-fieldend|move: Trick Room
|upkeep
|
|t:|1685864209
|switch|p2a: Zoroark|Zoroark-Hisui, F|100/100
|turn|17
|
|t:|1685864228
|-terastallize|p2a: Zoroark|Normal
|move|p2a: Zoroark|Hyper Voice|p1a: Ursaluna
|-damage|p1a: Ursaluna|0 fnt
|faint|p1a: Ursaluna
|
|upkeep
|
|t:|1685864236
|switch|p1a: Azumarill|Azumarill, F|100/100
|turn|18
|
|t:|1685864239
|move|p1a: Azumarill|Aqua Jet|p2a: Zoroark
|-damage|p2a: Zoroark|19/100
|move|p2a: Zoroark|Hyper Voice|p1a: Azumarill
|-damage|p1a: Azumarill|35/100
|
|upkeep
|turn|19
|
|t:|1685864247
|move|p1a: Azumarill|Aqua Jet|p2a: Zoroark
|-damage|p2a: Zoroark|0 fnt
|faint|p2a: Zoroark
|
|win|plasma_fistem
|c|☆plasma_fistem|Gg
|c|☆Najirs|re?
|c|☆plasma_fistem|Sure
|l|☆Najirs
