|j|☆BagelsRWarm
|j|☆yydklr
|t:|1685819482
|gametype|singles
|player|p1|BagelsRWarm|ingo|1091
|player|p2|yydklr|2|1103
|teamsize|p1|6
|teamsize|p2|6
|gen|9
|tier|[Gen 9] OU
|rated|
|rule|Sleep Clause Mod: Limit one foe put to sleep
|rule|Species Clause: Limit one of each Pokémon
|rule|OHKO Clause: OHKO moves are banned
|rule|Evasion Items Clause: Evasion items are banned
|rule|Evasion Moves Clause: Evasion moves are banned
|rule|Endless Battle Clause: Forcing endless battles is banned
|rule|HP Percentage Mod: HP is shown in percentages
|clearpoke
|poke|p1|Sneasler, F|
|poke|p1|Arcanine-Hisui, M|
|poke|p1|Basculegion, M|
|poke|p1|Electrode-Hisui|
|poke|p1|Decidueye-Hisui, M|
|poke|p1|Meloetta|
|poke|p2|Oinkologne, M|
|poke|p2|Magneton|
|poke|p2|Appletun, F|
|poke|p2|Squawkabilly, F|
|poke|p2|Muk, F|
|poke|p2|Tsareena, F|
|teampreview
|
|t:|1685819486
|start
|switch|p1a: Seed Bomb|Electrode-Hisui|100/100
|switch|p2a: Oinkologne|Oinkologne, M|100/100
|turn|1
|
|t:|1685819491
|move|p1a: Seed Bomb|Reflect|p1a: Seed Bomb
|-sidestart|p1: BagelsRWarm|Reflect
|move|p2a: Oinkologne|Double-Edge|p1a: Seed Bomb
|-damage|p1a: Seed Bomb|19/100
|-damage|p2a: Oinkologne|84/100|[from] Recoil
|
|upkeep
|turn|2
|
|t:|1685819499
|switch|p2a: Muk|Muk, F|100/100
|move|p1a: Seed Bomb|Giga Drain|p2a: Muk
|-resisted|p2a: Muk
|-damage|p2a: Muk|87/100
|-heal|p1a: Seed Bomb|29/100|[from] drain|[of] p2a: Muk
|-heal|p1a: Seed Bomb|32/100|[from] item: Shell Bell|[of] p2a: Muk
|
|upkeep
|turn|3
|
|t:|1685819506
|move|p1a: Seed Bomb|Thunderbolt|p2a: Muk
|-damage|p2a: Muk|55/100
|-status|p2a: Muk|par
|-heal|p1a: Seed Bomb|37/100|[from] item: Shell Bell|[of] p2a: Muk
|move|p2a: Muk|Brick Break|p1a: Seed Bomb
|-sideend|p1: BagelsRWarm|Reflect
|-damage|p1a: Seed Bomb|0 fnt
|-damage|p2a: Muk|30/100 par|[from] ability: Aftermath|[of] p1a: Seed Bomb
|faint|p1a: Seed Bomb
|
|upkeep
|
|t:|1685819522
|switch|p1a: Serene Singer|Meloetta|100/100
|turn|4
|
|t:|1685819528
|switch|p2a: Oinkologne|Oinkologne, M|84/100
|move|p1a: Serene Singer|Psychic|p2a: Oinkologne
|-damage|p2a: Oinkologne|44/100
|-unboost|p2a: Oinkologne|spd|1
|
|upkeep
|turn|5
|
|t:|1685819536
|move|p1a: Serene Singer|Psychic|p2a: Oinkologne
|-damage|p2a: Oinkologne|0 fnt
|faint|p2a: Oinkologne
|
|upkeep
|
|t:|1685819540
|switch|p2a: Tsareena|Tsareena, F|100/100
|turn|6
|
|t:|1685819543
|move|p2a: Tsareena|U-turn|p1a: Serene Singer
|-supereffective|p1a: Serene Singer
|-damage|p1a: Serene Singer|43/100
|-enditem|p1a: Serene Singer|Weakness Policy
|-boost|p1a: Serene Singer|atk|2|[from] item: Weakness Policy
|-boost|p1a: Serene Singer|spa|2|[from] item: Weakness Policy
|
|t:|1685819548
|switch|p2a: Muk|Muk, F|30/100 par|[from] U-turn
|move|p1a: Serene Singer|Relic Song|p2a: Muk
|-damage|p2a: Muk|0 fnt
|faint|p2a: Muk
|-formechange|p1a: Serene Singer|Meloetta-Pirouette|[msg]
|
|upkeep
|
|t:|1685819550
|switch|p2a: Tsareena|Tsareena, F|100/100
|turn|7
|
|t:|1685819556
|move|p2a: Tsareena|Power Whip|p1a: Serene Singer
|-damage|p1a: Serene Singer|0 fnt
|faint|p1a: Serene Singer
|
|upkeep
|
|t:|1685819562
|switch|p1a: 2n🥛FX:The Pokémon|Sneasler, F|100/100
|-item|p1a: 2n🥛FX:The Pokémon|Air Balloon
|turn|8
|
|t:|1685819573
|switch|p2a: Squawkabilly|Squawkabilly, F|100/100
|move|p1a: 2n🥛FX:The Pokémon|Hone Claws|p1a: 2n🥛FX:The Pokémon
|-boost|p1a: 2n🥛FX:The Pokémon|atk|1
|-boost|p1a: 2n🥛FX:The Pokémon|accuracy|1
|
|upkeep
|turn|9
|
|t:|1685819582
|move|p1a: 2n🥛FX:The Pokémon|Dire Claw|p2a: Squawkabilly
|-damage|p2a: Squawkabilly|0 fnt
|faint|p2a: Squawkabilly
|
|upkeep
|
|t:|1685819591
|switch|p2a: Appletun|Appletun, F|100/100
|turn|10
|
|t:|1685819595
|-terastallize|p2a: Appletun|Fire
|move|p1a: 2n🥛FX:The Pokémon|Dire Claw|p2a: Appletun
|-damage|p2a: Appletun|42/100
|move|p2a: Appletun|Draco Meteor|p1a: 2n🥛FX:The Pokémon
|-damage|p1a: 2n🥛FX:The Pokémon|0 fnt
|-unboost|p2a: Appletun|spa|2
|-enditem|p1a: 2n🥛FX:The Pokémon|Air Balloon
|faint|p1a: 2n🥛FX:The Pokémon
|
|upkeep
|
|t:|1685819608
|switch|p1a: Happy Lad|Basculegion, M, shiny|100/100
|turn|11
|
|t:|1685819612
|move|p1a: Happy Lad|Agility|p1a: Happy Lad
|-boost|p1a: Happy Lad|spe|2
|move|p2a: Appletun|Draco Meteor|p1a: Happy Lad
|-crit|p1a: Happy Lad
|-damage|p1a: Happy Lad|0 fnt
|-unboost|p2a: Appletun|spa|2
|faint|p1a: Happy Lad
|
|upkeep
|
|t:|1685819620
|switch|p1a: I Rocq|Arcanine-Hisui, M|100/100
|turn|12
|
|t:|1685819623
|move|p1a: I Rocq|Agility|p1a: I Rocq
|-boost|p1a: I Rocq|spe|2
|move|p2a: Appletun|Draco Meteor|p1a: I Rocq
|-damage|p1a: I Rocq|64/100
|-unboost|p2a: Appletun|spa|2
|
|upkeep
|turn|13
|
|t:|1685819632
|move|p1a: I Rocq|Head Smash|p2a: Appletun
|-supereffective|p2a: Appletun
|-damage|p2a: Appletun|0 fnt
|faint|p2a: Appletun
|
|upkeep
|
|t:|1685819636
|switch|p2a: Magneton|Magneton|100/100
|turn|14
|
|t:|1685819639
|move|p1a: I Rocq|Flare Blitz|p2a: Magneton
|-supereffective|p2a: Magneton
|-damage|p2a: Magneton|0 fnt
|faint|p2a: Magneton
|
|upkeep
|
|t:|1685819640
|switch|p2a: Tsareena|Tsareena, F|100/100
|turn|15
|
|t:|1685819644
|move|p1a: I Rocq|Flare Blitz|p2a: Tsareena
|-supereffective|p2a: Tsareena
|-damage|p2a: Tsareena|0 fnt
|faint|p2a: Tsareena
|
|win|BagelsRWarm
|raw|BagelsRWarm's rating: 1091 → 1118(+27 for winning)
|raw|yydklr's rating: 1103 → 1077(-26 for losing)
|l|☆yydklr
