|j|☆GambitTR
|j|☆ZaneCrescentB
|t:|1685899624
|gametype|singles
|player|p1|GambitTR|unknown|1187
|player|p2|ZaneCrescentB|sabi|1159
|teamsize|p1|6
|teamsize|p2|6
|gen|9
|tier|[Gen 9] OU
|rated|
|rule|Sleep Clause Mod: Limit one foe put to sleep
|rule|Species Clause: Limit one of each Pokémon
|rule|OHKO Clause: OHKO moves are banned
|rule|Evasion Items Clause: Evasion items are banned
|rule|Evasion Moves Clause: Evasion moves are banned
|rule|Endless Battle Clause: Forcing endless battles is banned
|rule|HP Percentage Mod: HP is shown in percentages
|clearpoke
|poke|p1|Decidueye-Hisui, F|
|poke|p1|Grimmsnarl, M|
|poke|p1|Ursaluna, F|
|poke|p1|Typhlosion-Hisui, M|
|poke|p1|Wyrdeer, F|
|poke|p1|Braviary-Hisui, M|
|poke|p2|Pawmot, F|
|poke|p2|Ursaluna, F|
|poke|p2|Cyclizar, F|
|poke|p2|Forretress, F|
|poke|p2|Zarude|
|poke|p2|Raichu, F|
|teampreview
|c|☆ZaneCrescentB|Gl hf.
|c|☆ZaneCrescentB|Let's GO!
|c|☆GambitTR|u 2
|inactive|Battle timer is ON: inactive players will automatically lose when time's up. (requested by GambitTR)
|
|t:|1685899638
|start
|switch|p1a: Grimmsnarl|Grimmsnarl, M|100/100
|switch|p2a: AWOON|Ursaluna, F|100/100
|turn|1
|c|☆ZaneCrescentB|Timer...
|c|☆ZaneCrescentB|Le-Sigh...
|c|☆ZaneCrescentB|!Calc
|c| ZaneCrescentB|/raw Pokémon Showdown! damage calculator. (Courtesy of Honko, Austin, & Kris)- Damage Calculator
|
|t:|1685899667
|move|p1a: Grimmsnarl|Parting Shot|p2a: AWOON
|-unboost|p2a: AWOON|atk|1
|-unboost|p2a: AWOON|spa|1
|
|t:|1685899674
|switch|p1a: Wyrdeer|Wyrdeer, F|100/100|[from] Parting Shot
|-ability|p1a: Wyrdeer|Intimidate|boost
|-unboost|p2a: AWOON|atk|1
|move|p2a: AWOON|Play Rough|p1a: Wyrdeer|[miss]
|-miss|p2a: AWOON|p1a: Wyrdeer
|
|upkeep
|turn|2
|c|☆GambitTR|doesnt damage calculator during the game kinda defeat the point
|
|t:|1685899690
|switch|p2a: Bike-Lizar|Cyclizar, F|100/100
|move|p1a: Wyrdeer|Psyshield Bash|p2a: Bike-Lizar
|-damage|p2a: Bike-Lizar|49/100
|-boost|p1a: Wyrdeer|def|1
|
|upkeep
|turn|3
|c|☆ZaneCrescentB|What do you mean?
|
|t:|1685899701
|move|p2a: Bike-Lizar|Breaking Swipe|p1a: Wyrdeer
|-damage|p1a: Wyrdeer|87/100
|-unboost|p1a: Wyrdeer|atk|1
|move|p1a: Wyrdeer|Psyshield Bash|p2a: Bike-Lizar
|-damage|p2a: Bike-Lizar|18/100
|-boost|p1a: Wyrdeer|def|1
|
|upkeep
|turn|4
|c|☆ZaneCrescentB|I can just calc that fast.
|c|☆GambitTR|like working out all the potential damage options... feel like its just a pure maths game
|inactive|GambitTR has 120 seconds left.
|
|t:|1685899727
|switch|p2a: ZZZ|Zarude|100/100
|move|p1a: Wyrdeer|Body Slam|p2a: ZZZ
|-damage|p2a: ZZZ|78/100
|
|-heal|p2a: ZZZ|84/100|[from] item: Leftovers
|upkeep
|turn|5
|c|☆ZaneCrescentB|My sets are uploaded to the Calc already.
|
|t:|1685899739
|move|p2a: ZZZ|Bulk Up|p2a: ZZZ
|-boost|p2a: ZZZ|atk|1
|-boost|p2a: ZZZ|def|1
|move|p1a: Wyrdeer|Megahorn|p2a: ZZZ
|-supereffective|p2a: ZZZ
|-damage|p2a: ZZZ|30/100
|
|-heal|p2a: ZZZ|36/100|[from] item: Leftovers
|upkeep
|turn|6
|c|☆GambitTR|i see
|
|t:|1685899766
|move|p2a: ZZZ|Crunch|p1a: Wyrdeer
|-supereffective|p1a: Wyrdeer
|-damage|p1a: Wyrdeer|30/100
|move|p1a: Wyrdeer|Megahorn|p2a: ZZZ
|-supereffective|p2a: ZZZ
|-damage|p2a: ZZZ|0 fnt
|faint|p2a: ZZZ
|
|upkeep
|
|t:|1685899773
|switch|p2a: Liebe Raichu|Raichu, F|100/100
|turn|7
|
|t:|1685899778
|move|p2a: Liebe Raichu|Surf|p1a: Wyrdeer
|-damage|p1a: Wyrdeer|13/100
|move|p1a: Wyrdeer|Earthquake|p2a: Liebe Raichu
|-supereffective|p2a: Liebe Raichu
|-damage|p2a: Liebe Raichu|31/100
|
|upkeep
|turn|8
|
|t:|1685899784
|move|p2a: Liebe Raichu|Thunderbolt|p1a: Wyrdeer
|-damage|p1a: Wyrdeer|0 fnt
|faint|p1a: Wyrdeer
|
|upkeep
|
|t:|1685899800
|switch|p1a: Grimmsnarl|Grimmsnarl, M|100/100
|turn|9
|
|t:|1685899804
|move|p1a: Grimmsnarl|Fake Out|p2a: Liebe Raichu
|-damage|p2a: Liebe Raichu|8/100
|-damage|p1a: Grimmsnarl|84/100|[from] item: Rocky Helmet|[of] p2a: Liebe Raichu
|cant|p2a: Liebe Raichu|flinch
|
|upkeep
|turn|10
|
|t:|1685899810
|move|p1a: Grimmsnarl|Sucker Punch||[still]
|-fail|p1a: Grimmsnarl
|move|p2a: Liebe Raichu|Wish|p2a: Liebe Raichu
|
|upkeep
|turn|11
|
|t:|1685899815
|move|p2a: Liebe Raichu|Wish||[still]
|-fail|p2a: Liebe Raichu
|move|p1a: Grimmsnarl|Play Rough|p2a: Liebe Raichu|[miss]
|-miss|p1a: Grimmsnarl|p2a: Liebe Raichu
|
|-heal|p2a: Liebe Raichu|58/100|[from] move: Wish|[wisher] Liebe Raichu
|upkeep
|turn|12
|
|t:|1685899823
|move|p1a: Grimmsnarl|Parting Shot|p2a: Liebe Raichu
|-unboost|p2a: Liebe Raichu|atk|1
|-unboost|p2a: Liebe Raichu|spa|1
|
|t:|1685899826
|switch|p1a: Decidueye|Decidueye-Hisui, F|100/100|[from] Parting Shot
|move|p2a: Liebe Raichu|Wish|p2a: Liebe Raichu
|
|upkeep
|turn|13
|
|t:|1685899833
|switch|p2a: Fort Nado|Forretress, F|100/100
|move|p1a: Decidueye|Triple Arrows|p2a: Fort Nado
|-damage|p2a: Fort Nado|73/100
|
|-heal|p2a: Fort Nado|100/100|[from] move: Wish|[wisher] Liebe Raichu
|upkeep
|turn|14
|c|☆GambitTR|you have some unusual sets tbf haha
|inactive|ZaneCrescentB has 120 seconds left.
|
|t:|1685899888
|move|p1a: Decidueye|Knock Off|p2a: Fort Nado
|-damage|p2a: Fort Nado|83/100
|-enditem|p2a: Fort Nado|Heavy-Duty Boots|[from] move: Knock Off|[of] p1a: Decidueye
|move|p2a: Fort Nado|Body Press|p1a: Decidueye
|-damage|p1a: Decidueye|69/100
|
|upkeep
|turn|15
|c|☆ZaneCrescentB|Yeah.
|
|t:|1685899897
|move|p1a: Decidueye|Triple Arrows|p2a: Fort Nado
|-damage|p2a: Fort Nado|59/100
|-unboost|p2a: Fort Nado|def|1
|cant|p2a: Fort Nado|flinch
|
|upkeep
|turn|16
|
|t:|1685899907
|move|p1a: Decidueye|Triple Arrows|p2a: Fort Nado
|-damage|p2a: Fort Nado|19/100
|-unboost|p2a: Fort Nado|def|1
|cant|p2a: Fort Nado|flinch
|
|upkeep
|turn|17
|c|☆ZaneCrescentB|It really happened to me.
|c|☆ZaneCrescentB|TWICE1
|
|t:|1685899915
|move|p1a: Decidueye|Triple Arrows|p2a: Fort Nado
|-damage|p2a: Fort Nado|0 fnt
|faint|p2a: Fort Nado
|
|upkeep
|c|☆GambitTR|ouch
|c|☆GambitTR|sorry man
|
|t:|1685899919
|switch|p2a: Bike-Lizar|Cyclizar, F|51/100
|turn|18
|
|t:|1685899928
|move|p1a: Decidueye|Sucker Punch|p2a: Bike-Lizar
|-damage|p2a: Bike-Lizar|16/100
|move|p2a: Bike-Lizar|Ice Spinner|p1a: Decidueye
|-supereffective|p1a: Decidueye
|-damage|p1a: Decidueye|31/100
|
|upkeep
|turn|19
|
|t:|1685899934
|switch|p2a: Liebe Raichu|Raichu, F|58/100
|move|p1a: Decidueye|Triple Arrows|p2a: Liebe Raichu
|-damage|p2a: Liebe Raichu|0 fnt
|faint|p2a: Liebe Raichu
|
|upkeep
|
|t:|1685899938
|switch|p2a: Reimi|Pawmot, F, shiny|100/100
|turn|20
|
|t:|1685899943
|move|p2a: Reimi|Ice Punch|p1a: Decidueye
|-supereffective|p1a: Decidueye
|-damage|p1a: Decidueye|0 fnt
|faint|p1a: Decidueye
|
|upkeep
|
|t:|1685899953
|switch|p1a: Grimmsnarl|Grimmsnarl, M|84/100
|turn|21
|
|t:|1685899958
|move|p1a: Grimmsnarl|Fake Out|p2a: Reimi
|-damage|p2a: Reimi|78/100
|cant|p2a: Reimi|flinch
|
|upkeep
|turn|22
|
|t:|1685899964
|move|p1a: Grimmsnarl|Parting Shot|p2a: Reimi
|-unboost|p2a: Reimi|atk|1
|-unboost|p2a: Reimi|spa|1
|
|t:|1685899968
|switch|p1a: Ursaluna|Ursaluna, F|100/100|[from] Parting Shot
|move|p2a: Reimi|Revival Blessing|p2a: Reimi
|
|t:|1685899973
|-heal|p2: ZZZ|50/100|[from] move: Revival Blessing
|
|-status|p1a: Ursaluna|brn|[from] item: Flame Orb
|upkeep
|turn|23
|
|t:|1685899980
|switch|p2a: Bike-Lizar|Cyclizar, F|49/100
|move|p1a: Ursaluna|Facade|p2a: Bike-Lizar
|-damage|p2a: Bike-Lizar|0 fnt
|faint|p2a: Bike-Lizar
|
|-damage|p1a: Ursaluna|94/100 brn|[from] brn
|upkeep
|
|t:|1685899987
|switch|p2a: ZZZ|Zarude|50/100
|turn|24
|
|t:|1685899992
|move|p2a: ZZZ|Seed Bomb|p1a: Ursaluna
|-supereffective|p1a: Ursaluna
|-damage|p1a: Ursaluna|43/100 brn
|move|p1a: Ursaluna|Facade|p2a: ZZZ
|-damage|p2a: ZZZ|0 fnt
|faint|p2a: ZZZ
|
|-damage|p1a: Ursaluna|37/100 brn|[from] brn
|upkeep
|
|t:|1685899998
|switch|p2a: AWOON|Ursaluna, F|100/100
|turn|25
|
|t:|1685900007
|move|p2a: AWOON|Facade|p1a: Ursaluna
|-damage|p1a: Ursaluna|0 fnt
|faint|p1a: Ursaluna
|
|upkeep
|c|☆ZaneCrescentB|FACADE!
|
|t:|1685900018
|switch|p1a: Typhlosion|Typhlosion-Hisui, M|100/100
|turn|26
|
|t:|1685900023
|switch|p2a: Reimi|Pawmot, F, shiny|78/100
|-terastallize|p1a: Typhlosion|Fire
|move|p1a: Typhlosion|Eruption|p2a: Reimi
|-damage|p2a: Reimi|0 fnt
|faint|p2a: Reimi
|
|upkeep
|
|t:|1685900029
|switch|p2a: AWOON|Ursaluna, F|100/100
|turn|27
|
|t:|1685900033
|-terastallize|p2a: AWOON|Normal
|move|p1a: Typhlosion|Eruption|p2a: AWOON
|-damage|p2a: AWOON|8/100
|move|p2a: AWOON|Facade|p1a: Typhlosion
|-damage|p1a: Typhlosion|0 fnt
|faint|p1a: Typhlosion
|
|upkeep
|c|☆GambitTR|damnnn
|c|☆GambitTR|it survived!
|c|☆GambitTR|should had calc open >.>
|
|t:|1685900048
|switch|p1a: Braviary|Braviary-Hisui, M|100/100
|turn|28
|
|t:|1685900051
|move|p1a: Braviary|Psychic|p2a: AWOON
|-damage|p2a: AWOON|0 fnt
|faint|p2a: AWOON
|
|win|GambitTR
|raw|GambitTR's rating: 1187 → 1210(+23 for winning)
|raw|ZaneCrescentB's rating: 1159 → 1136(-23 for losing)
|c|☆GambitTR|gg
|c|☆ZaneCrescentB|This thing is crazy.
|c|☆ZaneCrescentB|Gg.
