|j|☆Kendrasurprise
|j|☆prestheguy12
|t:|1685918347
|gametype|singles
|player|p1|Kendrasurprise|roxanne|1227
|player|p2|prestheguy12|pokemaniac|1128
|teamsize|p1|6
|teamsize|p2|6
|gen|9
|tier|[Gen 9] OU
|rated|
|rule|Sleep Clause Mod: Limit one foe put to sleep
|rule|Species Clause: Limit one of each Pokémon
|rule|OHKO Clause: OHKO moves are banned
|rule|Evasion Items Clause: Evasion items are banned
|rule|Evasion Moves Clause: Evasion moves are banned
|rule|Endless Battle Clause: Forcing endless battles is banned
|rule|HP Percentage Mod: HP is shown in percentages
|clearpoke
|poke|p1|Clodsire, M|
|poke|p1|Toxapex, M|
|poke|p1|Alomomola, F|
|poke|p1|Dondozo, M|
|poke|p1|Blissey, F|
|poke|p1|Ting-Lu|
|poke|p2|Rillaboom, F|
|poke|p2|Noivern, M|
|poke|p2|Samurott-Hisui, F|
|poke|p2|Mudsdale, F|
|poke|p2|Electrode-Hisui|
|poke|p2|Skeledirge, F|
|teampreview
|
|t:|1685918368
|start
|switch|p1a: Toxapex|Toxapex, M|100/100
|switch|p2a: Rillaboom|Rillaboom, F|100/100
|-fieldstart|move: Grassy Terrain|[from] ability: Grassy Surge|[of] p2a: Rillaboom
|turn|1
|inactive|Battle timer is ON: inactive players will automatically lose when time's up. (requested by prestheguy12)
|
|t:|1685918374
|move|p2a: Rillaboom|Knock Off|p1a: Toxapex
|-damage|p1a: Toxapex|78/100
|-enditem|p1a: Toxapex|Heavy-Duty Boots|[from] move: Knock Off|[of] p2a: Rillaboom
|move|p1a: Toxapex|Toxic Spikes|p2a: Rillaboom
|-sidestart|p2: prestheguy12|move: Toxic Spikes
|
|-heal|p1a: Toxapex|84/100|[from] Grassy Terrain
|upkeep
|turn|2
|
|t:|1685918385
|switch|p2a: Noivern|Noivern, M|100/100
|move|p1a: Toxapex|Toxic|p2a: Noivern
|-status|p2a: Noivern|tox
|
|-heal|p1a: Toxapex|90/100|[from] Grassy Terrain
|-damage|p2a: Noivern|94/100 tox|[from] psn
|upkeep
|turn|3
|
|t:|1685918392
|move|p2a: Noivern|Taunt|p1a: Toxapex
|-start|p1a: Toxapex|move: Taunt
|cant|p1a: Toxapex|move: Taunt|Toxic Spikes
|
|-heal|p1a: Toxapex|96/100|[from] Grassy Terrain
|-damage|p2a: Noivern|82/100 tox|[from] psn
|upkeep
|turn|4
|
|t:|1685918400
|switch|p1a: Ting-Lu|Ting-Lu|100/100
|-ability|p1a: Ting-Lu|Vessel of Ruin
|move|p2a: Noivern|Defog|p1a: Ting-Lu
|-unboost|p1a: Ting-Lu|evasion|1
|-sideend|p2: prestheguy12|Toxic Spikes|[from] move: Defog|[of] p2a: Noivern
|-fieldend|move: Grassy Terrain
|
|-damage|p2a: Noivern|64/100 tox|[from] psn
|upkeep
|turn|5
|
|t:|1685918405
|move|p2a: Noivern|U-turn|p1a: Ting-Lu
|-supereffective|p1a: Ting-Lu
|-damage|p1a: Ting-Lu|89/100
|
|t:|1685918408
|switch|p2a: Rillaboom|Rillaboom, F|100/100|[from] U-turn
|-fieldstart|move: Grassy Terrain|[from] ability: Grassy Surge|[of] p2a: Rillaboom
|move|p1a: Ting-Lu|Stealth Rock|p2a: Rillaboom
|-sidestart|p2: prestheguy12|move: Stealth Rock
|
|-heal|p1a: Ting-Lu|95/100|[from] Grassy Terrain
|upkeep
|turn|6
|
|t:|1685918417
|switch|p1a: Toxapex|Toxapex, M|100/100
|move|p2a: Rillaboom|Drain Punch|p1a: Toxapex
|-resisted|p1a: Toxapex
|-damage|p1a: Toxapex|92/100
|
|-heal|p1a: Toxapex|98/100|[from] Grassy Terrain
|upkeep
|turn|7
|
|t:|1685918423
|switch|p2a: Mudsdale|Mudsdale, F|100/100
|-damage|p2a: Mudsdale|94/100|[from] Stealth Rock
|move|p1a: Toxapex|Toxic Spikes|p2a: Mudsdale
|-sidestart|p2: prestheguy12|move: Toxic Spikes
|
|-heal|p1a: Toxapex|100/100|[from] Grassy Terrain
|-heal|p2a: Mudsdale|100/100|[from] Grassy Terrain
|upkeep
|turn|8
|
|t:|1685918435
|move|p1a: Toxapex|Toxic|p2a: Mudsdale
|-status|p2a: Mudsdale|tox
|move|p2a: Mudsdale|Earthquake|p1a: Toxapex
|-supereffective|p1a: Toxapex
|-damage|p1a: Toxapex|75/100
|
|-heal|p1a: Toxapex|81/100|[from] Grassy Terrain
|-damage|p2a: Mudsdale|94/100 tox|[from] psn
|upkeep
|turn|9
|
|t:|1685918442
|move|p1a: Toxapex|Toxic Spikes|p2a: Mudsdale
|-sidestart|p2: prestheguy12|move: Toxic Spikes
|move|p2a: Mudsdale|Earthquake|p1a: Toxapex
|-supereffective|p1a: Toxapex
|-damage|p1a: Toxapex|54/100
|
|-heal|p1a: Toxapex|60/100|[from] Grassy Terrain
|-heal|p2a: Mudsdale|100/100 tox|[from] Grassy Terrain
|-damage|p2a: Mudsdale|88/100 tox|[from] psn
|-fieldend|move: Grassy Terrain
|upkeep
|turn|10
|
|t:|1685918445
|move|p1a: Toxapex|Recover|p1a: Toxapex
|-heal|p1a: Toxapex|100/100
|move|p2a: Mudsdale|Earthquake|p1a: Toxapex
|-supereffective|p1a: Toxapex
|-damage|p1a: Toxapex|41/100
|
|-damage|p2a: Mudsdale|70/100 tox|[from] psn
|upkeep
|turn|11
|
|t:|1685918449
|switch|p1a: Alomomola|Alomomola, F|100/100
|move|p2a: Mudsdale|Earthquake|p1a: Alomomola
|-damage|p1a: Alomomola|78/100
|
|-damage|p2a: Mudsdale|45/100 tox|[from] psn
|upkeep
|turn|12
|
|t:|1685918455
|switch|p2a: Noivern|Noivern, M|64/100 tox
|-item|p1a: Alomomola|Heavy-Duty Boots|[from] ability: Frisk|[of] p2a: Noivern|[identify]
|move|p1a: Alomomola|Wish|p1a: Alomomola
|
|-damage|p2a: Noivern|58/100 tox|[from] psn
|upkeep
|turn|13
|
|t:|1685918461
|move|p1a: Alomomola|Protect|p1a: Alomomola
|-singleturn|p1a: Alomomola|Protect
|move|p2a: Noivern|Defog|p1a: Alomomola
|-activate|p1a: Alomomola|move: Protect
|
|-heal|p1a: Alomomola|100/100|[from] move: Wish|[wisher] Alomomola
|-damage|p2a: Noivern|46/100 tox|[from] psn
|upkeep
|turn|14
|
|t:|1685918464
|move|p2a: Noivern|Defog|p1a: Alomomola
|-unboost|p1a: Alomomola|evasion|1
|-sideend|p2: prestheguy12|Toxic Spikes|[from] move: Defog|[of] p2a: Noivern
|-sideend|p2: prestheguy12|Stealth Rock|[from] move: Defog|[of] p2a: Noivern
|move|p1a: Alomomola|Whirlpool|p2a: Noivern
|-resisted|p2a: Noivern
|-damage|p2a: Noivern|42/100 tox
|-activate|p2a: Noivern|move: Whirlpool|[of] p1a: Alomomola
|
|-damage|p2a: Noivern|23/100 tox|[from] psn
|-damage|p2a: Noivern|11/100 tox|[from] move: Whirlpool|[partiallytrapped]
|upkeep
|turn|15
|
|t:|1685918470
|move|p1a: Alomomola|Protect|p1a: Alomomola
|-singleturn|p1a: Alomomola|Protect
|move|p2a: Noivern|U-turn|p1a: Alomomola
|-activate|p1a: Alomomola|move: Protect
|
|-damage|p2a: Noivern|0 fnt|[from] psn
|faint|p2a: Noivern
|upkeep
|
|t:|1685918474
|switch|p2a: Electrode|Electrode-Hisui|100/100
|turn|16
|
|t:|1685918477
|switch|p1a: Blissey|Blissey, F|100/100
|move|p2a: Electrode|Volt Switch|p1a: Blissey
|-damage|p1a: Blissey|90/100
|
|t:|1685918483
|switch|p2a: Samurott|Samurott-Hisui, F|100/100|[from] Volt Switch
|
|upkeep
|turn|17
|
|t:|1685918495
|switch|p1a: Toxapex|Toxapex, M|74/100
|move|p2a: Samurott|Swords Dance|p2a: Samurott
|-boost|p2a: Samurott|atk|2
|
|upkeep
|turn|18
|
|t:|1685918501
|move|p2a: Samurott|Swords Dance|p2a: Samurott
|-boost|p2a: Samurott|atk|2
|move|p1a: Toxapex|Haze|p1a: Toxapex
|-clearallboost
|
|upkeep
|turn|19
|
|t:|1685918507
|move|p2a: Samurott|Ceaseless Edge|p1a: Toxapex
|-damage|p1a: Toxapex|38/100
|-sidestart|p1: Kendrasurprise|Spikes
|-damage|p2a: Samurott|91/100|[from] item: Life Orb
|move|p1a: Toxapex|Toxic|p2a: Samurott
|-status|p2a: Samurott|tox
|
|-damage|p2a: Samurott|84/100 tox|[from] psn
|upkeep
|turn|20
|
|t:|1685918512
|-terastallize|p1a: Toxapex|Fairy
|move|p2a: Samurott|Swords Dance|p2a: Samurott
|-boost|p2a: Samurott|atk|2
|move|p1a: Toxapex|Recover|p1a: Toxapex
|-heal|p1a: Toxapex|88/100
|
|-damage|p2a: Samurott|72/100 tox|[from] psn
|upkeep
|turn|21
|
|t:|1685918519
|move|p2a: Samurott|Aqua Cutter|p1a: Toxapex
|-damage|p1a: Toxapex|12/100
|-damage|p2a: Samurott|62/100 tox|[from] item: Life Orb
|move|p1a: Toxapex|Haze|p1a: Toxapex
|-clearallboost
|
|-damage|p2a: Samurott|43/100 tox|[from] psn
|upkeep
|turn|22
|
|t:|1685918523
|move|p2a: Samurott|Aqua Cutter|p1a: Toxapex
|-crit|p1a: Toxapex
|-damage|p1a: Toxapex|0 fnt
|faint|p1a: Toxapex
|-damage|p2a: Samurott|33/100 tox|[from] item: Life Orb
|
|-damage|p2a: Samurott|8/100 tox|[from] psn
|upkeep
|
|t:|1685918538
|switch|p1a: Dondozo|Dondozo, M|100/100
|turn|23
|
|t:|1685918544
|switch|p2a: Rillaboom|Rillaboom, F|100/100
|-fieldstart|move: Grassy Terrain|[from] ability: Grassy Surge|[of] p2a: Rillaboom
|move|p1a: Dondozo|Avalanche|p2a: Rillaboom
|-supereffective|p2a: Rillaboom
|-damage|p2a: Rillaboom|68/100
|
|-heal|p2a: Rillaboom|74/100|[from] Grassy Terrain
|upkeep
|turn|24
|
|t:|1685918554
|move|p2a: Rillaboom|Knock Off|p1a: Dondozo
|-damage|p1a: Dondozo|84/100
|-enditem|p1a: Dondozo|Heavy-Duty Boots|[from] move: Knock Off|[of] p2a: Rillaboom
|move|p1a: Dondozo|Avalanche|p2a: Rillaboom
|-supereffective|p2a: Rillaboom
|-damage|p2a: Rillaboom|9/100
|
|-heal|p2a: Rillaboom|15/100|[from] Grassy Terrain
|-heal|p1a: Dondozo|91/100|[from] Grassy Terrain
|upkeep
|turn|25
|
|t:|1685918561
|move|p2a: Rillaboom|Knock Off|p1a: Dondozo
|-damage|p1a: Dondozo|80/100
|move|p1a: Dondozo|Avalanche|p2a: Rillaboom
|-supereffective|p2a: Rillaboom
|-damage|p2a: Rillaboom|0 fnt
|faint|p2a: Rillaboom
|
|-heal|p1a: Dondozo|86/100|[from] Grassy Terrain
|upkeep
|c|☆prestheguy12|MISSCLICK
|c|☆prestheguy12|D"":
|c|☆Kendrasurprise|:(
|inactive|prestheguy12 has 120 seconds left.
|
|t:|1685918599
|switch|p2a: Electrode|Electrode-Hisui|100/100
|turn|26
|
|t:|1685918607
|switch|p1a: Blissey|Blissey, F|90/100
|move|p2a: Electrode|Chloroblast|p1a: Blissey
|-damage|p1a: Blissey|59/100
|-damage|p2a: Electrode|50/100|[from] chloroblast
|
|-heal|p2a: Electrode|56/100|[from] Grassy Terrain
|-heal|p1a: Blissey|65/100|[from] Grassy Terrain
|upkeep
|turn|27
|
|t:|1685918613
|switch|p2a: Samurott|Samurott-Hisui, F|8/100 tox
|move|p1a: Blissey|Stealth Rock|p2a: Samurott
|-sidestart|p2: prestheguy12|move: Stealth Rock
|
|-heal|p2a: Samurott|15/100 tox|[from] Grassy Terrain
|-heal|p1a: Blissey|71/100|[from] Grassy Terrain
|-damage|p2a: Samurott|8/100 tox|[from] psn
|-fieldend|move: Grassy Terrain
|upkeep
|turn|28
|
|t:|1685918628
|switch|p1a: Dondozo|Dondozo, M|86/100
|-damage|p1a: Dondozo|74/100|[from] Spikes
|move|p2a: Samurott|Ceaseless Edge|p1a: Dondozo
|-damage|p1a: Dondozo|46/100
|-sidestart|p1: Kendrasurprise|Spikes
|-damage|p2a: Samurott|0 fnt|[from] item: Life Orb
|faint|p2a: Samurott
|
|upkeep
|
|t:|1685918637
|switch|p2a: Electrode|Electrode-Hisui|56/100
|-damage|p2a: Electrode|44/100|[from] Stealth Rock
|turn|29
|
|t:|1685918646
|move|p2a: Electrode|Giga Drain|p1a: Dondozo
|-supereffective|p1a: Dondozo
|-damage|p1a: Dondozo|0 fnt
|-heal|p2a: Electrode|88/100|[from] drain|[of] p1a: Dondozo
|faint|p1a: Dondozo
|
|upkeep
|
|t:|1685918649
|switch|p1a: Blissey|Blissey, F|71/100
|turn|30
|
|t:|1685918654
|switch|p2a: Mudsdale|Mudsdale, F|45/100 tox
|-damage|p2a: Mudsdale|39/100 tox|[from] Stealth Rock
|move|p1a: Blissey|Soft-Boiled|p1a: Blissey
|-heal|p1a: Blissey|100/100
|
|-damage|p2a: Mudsdale|33/100 tox|[from] psn
|upkeep
|turn|31
|
|t:|1685918658
|move|p1a: Blissey|Calm Mind|p1a: Blissey
|-boost|p1a: Blissey|spa|1
|-boost|p1a: Blissey|spd|1
|move|p2a: Mudsdale|Body Press|p1a: Blissey
|-supereffective|p1a: Blissey
|-damage|p1a: Blissey|9/100
|
|-damage|p2a: Mudsdale|20/100 tox|[from] psn
|upkeep
|turn|32
|
|t:|1685918665
|move|p1a: Blissey|Flamethrower|p2a: Mudsdale
|-damage|p2a: Mudsdale|5/100 tox
|-ability|p2a: Mudsdale|Stamina|boost
|-boost|p2a: Mudsdale|def|1
|move|p2a: Mudsdale|Body Press|p1a: Blissey
|-supereffective|p1a: Blissey
|-damage|p1a: Blissey|0 fnt
|faint|p1a: Blissey
|
|-damage|p2a: Mudsdale|0 fnt|[from] psn
|faint|p2a: Mudsdale
|upkeep
|
|t:|1685918681
|switch|p1a: Ting-Lu|Ting-Lu|95/100
|switch|p2a: Electrode|Electrode-Hisui|88/100
|-damage|p2a: Electrode|76/100|[from] Stealth Rock
|-ability|p1a: Ting-Lu|Vessel of Ruin
|turn|33
|
|t:|1685918695
|-terastallize|p2a: Electrode|Grass
|move|p2a: Electrode|Giga Drain|p1a: Ting-Lu
|-supereffective|p1a: Ting-Lu
|-crit|p1a: Ting-Lu
|-damage|p1a: Ting-Lu|22/100
|-heal|p2a: Electrode|100/100|[from] drain|[of] p1a: Ting-Lu
|move|p1a: Ting-Lu|Earthquake|p2a: Electrode
|-resisted|p2a: Electrode
|-damage|p2a: Electrode|66/100
|
|upkeep
|turn|34
|
|t:|1685918703
|move|p2a: Electrode|Giga Drain|p1a: Ting-Lu
|-supereffective|p1a: Ting-Lu
|-damage|p1a: Ting-Lu|0 fnt
|-heal|p2a: Electrode|87/100|[from] drain|[of] p1a: Ting-Lu
|faint|p1a: Ting-Lu
|
|upkeep
|
|t:|1685918705
|switch|p1a: Clodsire|Clodsire, M|100/100
|turn|35
|
|t:|1685918713
|switch|p2a: Skeledirge|Skeledirge, F|100/100
|-damage|p2a: Skeledirge|76/100|[from] Stealth Rock
|move|p1a: Clodsire|Amnesia|p1a: Clodsire
|-boost|p1a: Clodsire|spd|2
|
|-heal|p2a: Skeledirge|82/100|[from] item: Leftovers
|upkeep
|turn|36
|
|t:|1685918719
|move|p2a: Skeledirge|Yawn|p1a: Clodsire
|-start|p1a: Clodsire|move: Yawn|[of] p2a: Skeledirge
|move|p1a: Clodsire|Poison Jab|p2a: Skeledirge
|-resisted|p2a: Skeledirge
|-damage|p2a: Skeledirge|73/100
|
|-heal|p2a: Skeledirge|79/100|[from] item: Leftovers
|upkeep
|turn|37
|
|t:|1685918725
|move|p2a: Skeledirge|Torch Song|p1a: Clodsire
|-damage|p1a: Clodsire|82/100
|-boost|p2a: Skeledirge|spa|1
|move|p1a: Clodsire|Amnesia|p1a: Clodsire
|-boost|p1a: Clodsire|spd|2
|
|-heal|p2a: Skeledirge|85/100|[from] item: Leftovers
|-end|p1a: Clodsire|move: Yawn|[silent]
|-status|p1a: Clodsire|slp
|upkeep
|turn|38
|
|t:|1685918733
|move|p2a: Skeledirge|Torch Song|p1a: Clodsire
|-damage|p1a: Clodsire|64/100 slp
|-boost|p2a: Skeledirge|spa|1
|cant|p1a: Clodsire|slp
|
|-heal|p2a: Skeledirge|91/100|[from] item: Leftovers
|upkeep
|turn|39
|
|t:|1685918737
|move|p2a: Skeledirge|Hex|p1a: Clodsire
|-damage|p1a: Clodsire|35/100 slp
|cant|p1a: Clodsire|slp
|
|-heal|p2a: Skeledirge|97/100|[from] item: Leftovers
|upkeep
|turn|40
|
|t:|1685918742
|move|p2a: Skeledirge|Torch Song|p1a: Clodsire
|-damage|p1a: Clodsire|15/100 slp
|-boost|p2a: Skeledirge|spa|1
|cant|p1a: Clodsire|slp
|
|-heal|p2a: Skeledirge|100/100|[from] item: Leftovers
|upkeep
|turn|41
|
|t:|1685918746
|move|p2a: Skeledirge|Hex|p1a: Clodsire
|-damage|p1a: Clodsire|0 fnt
|faint|p1a: Clodsire
|
|upkeep
|
|t:|1685918749
|switch|p1a: Alomomola|Alomomola, F|100/100
|turn|42
|
|t:|1685918754
|move|p2a: Skeledirge|Hex|p1a: Alomomola
|-damage|p1a: Alomomola|17/100
|move|p1a: Alomomola|Whirlpool|p2a: Skeledirge|[miss]
|-miss|p1a: Alomomola|p2a: Skeledirge
|
|upkeep
|turn|43
|
|t:|1685918760
|move|p2a: Skeledirge|Hex|p1a: Alomomola
|-damage|p1a: Alomomola|0 fnt
|faint|p1a: Alomomola
|
|win|prestheguy12
|raw|Kendrasurprise's rating: 1227 → 1195(-32 for losing)
|raw|prestheguy12's rating: 1128 → 1160(+32 for winning)
|c|☆prestheguy12|gg
|c|☆prestheguy12|that was fun
|l|☆Kendrasurprise
