|j|☆treeshhhh
|j|☆Snaain
|t:|1685910459
|gametype|singles
|player|p1|treeshhhh|102|1141
|player|p2|Snaain|169|1217
|teamsize|p1|6
|teamsize|p2|6
|gen|9
|tier|[Gen 9] OU
|rated|
|rule|Sleep Clause Mod: Limit one foe put to sleep
|rule|Species Clause: Limit one of each Pokémon
|rule|OHKO Clause: OHKO moves are banned
|rule|Evasion Items Clause: Evasion items are banned
|rule|Evasion Moves Clause: Evasion moves are banned
|rule|Endless Battle Clause: Forcing endless battles is banned
|rule|HP Percentage Mod: HP is shown in percentages
|clearpoke
|poke|p1|Gholdengo|
|poke|p1|Sneasler, M|
|poke|p1|Landorus-Therian, M|
|poke|p1|Heatran, M|
|poke|p1|Iron Valiant|
|poke|p1|Basculegion, M|
|poke|p2|Sneasler, M|
|poke|p2|Arcanine-Hisui, F|
|poke|p2|Magearna|
|poke|p2|Glimmora, M|
|poke|p2|Samurott-Hisui, M|
|poke|p2|Gholdengo|
|teampreview
|inactive|Battle timer is ON: inactive players will automatically lose when time's up. (requested by Snaain)
|
|t:|1685910480
|start
|switch|p1a: Landorus|Landorus-Therian, M|100/100
|switch|p2a: Error 404|Magearna|100/100
|-ability|p1a: Landorus|Intimidate|boost
|-unboost|p2a: Error 404|atk|1
|turn|1
|
|t:|1685910502
|switch|p2a: Fruit ninja|Samurott-Hisui, M, shiny|100/100
|move|p1a: Landorus|Earthquake|p2a: Fruit ninja
|-damage|p2a: Fruit ninja|31/100
|
|upkeep
|turn|2
|
|t:|1685910509
|move|p1a: Landorus|Earthquake|p2a: Fruit ninja
|-damage|p2a: Fruit ninja|0 fnt
|faint|p2a: Fruit ninja
|
|upkeep
|
|t:|1685910516
|switch|p2a: Yannick Noah|Gholdengo|100/100
|-item|p2a: Yannick Noah|Air Balloon
|turn|3
|
|t:|1685910526
|switch|p1a: Heatran|Heatran, M|100/100
|move|p2a: Yannick Noah|Nasty Plot|p2a: Yannick Noah
|-boost|p2a: Yannick Noah|spa|2
|
|upkeep
|turn|4
|
|t:|1685910531
|move|p2a: Yannick Noah|Shadow Ball|p1a: Heatran
|-damage|p1a: Heatran|44/100
|-unboost|p1a: Heatran|spd|1
|move|p1a: Heatran|Magma Storm|p2a: Yannick Noah
|-supereffective|p2a: Yannick Noah
|-damage|p2a: Yannick Noah|0 fnt
|-enditem|p2a: Yannick Noah|Air Balloon
|faint|p2a: Yannick Noah
|
|-heal|p1a: Heatran|50/100|[from] item: Leftovers
|upkeep
|
|t:|1685910546
|switch|p2a: Flower plug|Glimmora, M, shiny|100/100
|turn|5
|
|t:|1685910551
|move|p2a: Flower plug|Power Gem|p1a: Heatran
|-damage|p1a: Heatran|19/100
|move|p1a: Heatran|Earth Power|p2a: Flower plug
|-supereffective|p2a: Flower plug
|-enditem|p2a: Flower plug|Focus Sash
|-damage|p2a: Flower plug|1/100
|-unboost|p2a: Flower plug|spd|1
|
|-heal|p1a: Heatran|26/100|[from] item: Leftovers
|upkeep
|turn|6
|
|t:|1685910559
|switch|p1a: Landorus|Landorus-Therian, M|100/100
|-ability|p1a: Landorus|Intimidate|boost
|-unboost|p2a: Flower plug|atk|1
|move|p2a: Flower plug|Power Gem|p1a: Landorus
|-damage|p1a: Landorus|55/100
|
|-heal|p1a: Landorus|61/100|[from] item: Leftovers
|upkeep
|turn|7
|-message|Snaain forfeited.
|
|win|treeshhhh
|raw|treeshhhh's rating: 1141 → 1171(+30 for winning)
|raw|Snaain's rating: 1217 → 1187(-30 for losing)
|l|☆Snaain
