|j|☆vezon46
|j|☆DeusYancha
|t:|1685852685
|gametype|singles
|player|p1|vezon46|janitor|1095
|player|p2|DeusYancha|dragontamer|1035
|teamsize|p1|6
|teamsize|p2|6
|gen|9
|tier|[Gen 9] OU
|rated|
|rule|Sleep Clause Mod: Limit one foe put to sleep
|rule|Species Clause: Limit one of each Pokémon
|rule|OHKO Clause: OHKO moves are banned
|rule|Evasion Items Clause: Evasion items are banned
|rule|Evasion Moves Clause: Evasion moves are banned
|rule|Endless Battle Clause: Forcing endless battles is banned
|rule|HP Percentage Mod: HP is shown in percentages
|clearpoke
|poke|p1|Ursaluna, F|
|poke|p1|Sneasler, M|
|poke|p1|Indeedee, M|
|poke|p1|Electrode-Hisui|
|poke|p1|Hatterene, F|
|poke|p1|Kleavor, M|
|poke|p2|Sneasler, F|
|poke|p2|Grimmsnarl, M|
|poke|p2|Braviary-Hisui, M|
|poke|p2|Arcanine-Hisui, F|
|poke|p2|Quagsire, F|
|poke|p2|Goodra-Hisui, M|
|teampreview
|inactive|Battle timer is ON: inactive players will automatically lose when time's up. (requested by DeusYancha)
|
|t:|1685852707
|start
|switch|p1a: Kleavor|Kleavor, M|100/100
|switch|p2a: Arcanine|Arcanine-Hisui, F|100/100
|turn|1
|
|t:|1685852715
|move|p2a: Arcanine|Flare Blitz|p1a: Kleavor
|-damage|p1a: Kleavor|16/100
|-status|p1a: Kleavor|brn
|move|p1a: Kleavor|Stone Axe|p2a: Arcanine
|-supereffective|p2a: Arcanine
|-damage|p2a: Arcanine|30/100
|-sidestart|p2: DeusYancha|move: Stealth Rock
|
|-damage|p1a: Kleavor|10/100 brn|[from] brn
|upkeep
|turn|2
|
|t:|1685852726
|move|p2a: Arcanine|Flare Blitz|p1a: Kleavor
|-damage|p1a: Kleavor|0 fnt
|faint|p1a: Kleavor
|
|upkeep
|
|t:|1685852738
|switch|p1a: Indeedee|Indeedee, M|100/100
|-fieldstart|move: Psychic Terrain|[from] ability: Psychic Surge|[of] p1a: Indeedee
|turn|3
|
|t:|1685852746
|move|p2a: Arcanine|Flare Blitz|p1a: Indeedee
|-crit|p1a: Indeedee
|-damage|p1a: Indeedee|0 fnt
|faint|p1a: Indeedee
|
|upkeep
|
|t:|1685852751
|switch|p1a: Sneasler|Sneasler, M|100/100
|-enditem|p1a: Sneasler|Psychic Seed
|-boost|p1a: Sneasler|spd|1|[from] item: Psychic Seed
|turn|4
|
|t:|1685852758
|move|p1a: Sneasler|Close Combat|p2a: Arcanine
|-supereffective|p2a: Arcanine
|-damage|p2a: Arcanine|0 fnt
|-unboost|p1a: Sneasler|def|1
|-unboost|p1a: Sneasler|spd|1
|faint|p2a: Arcanine
|
|upkeep
|
|t:|1685852765
|switch|p2a: Grimmsnarl|Grimmsnarl, M|100/100
|-damage|p2a: Grimmsnarl|88/100|[from] Stealth Rock
|turn|5
|
|t:|1685852770
|move|p2a: Grimmsnarl|Taunt|p1a: Sneasler
|-activate|p1a: Sneasler|move: Psychic Terrain
|move|p1a: Sneasler|Dire Claw|p2a: Grimmsnarl
|-supereffective|p2a: Grimmsnarl
|-damage|p2a: Grimmsnarl|0 fnt
|faint|p2a: Grimmsnarl
|
|upkeep
|
|t:|1685852788
|switch|p2a: Braviary|Braviary-Hisui, M|100/100
|-damage|p2a: Braviary|76/100|[from] Stealth Rock
|turn|6
|
|t:|1685852800
|-terastallize|p1a: Sneasler|Flying
|move|p1a: Sneasler|Acrobatics|p2a: Braviary
|-damage|p2a: Braviary|2/100
|move|p2a: Braviary|Calm Mind|p2a: Braviary
|-boost|p2a: Braviary|spa|1
|-boost|p2a: Braviary|spd|1
|
|upkeep
|turn|7
|
|t:|1685852808
|move|p1a: Sneasler|Acrobatics|p2a: Braviary
|-damage|p2a: Braviary|0 fnt
|faint|p2a: Braviary
|
|upkeep
|
|t:|1685852812
|switch|p2a: Goodra|Goodra-Hisui, M|100/100
|-damage|p2a: Goodra|94/100|[from] Stealth Rock
|turn|8
|
|t:|1685852818
|move|p1a: Sneasler|Close Combat|p2a: Goodra
|-supereffective|p2a: Goodra
|-damage|p2a: Goodra|0 fnt
|-unboost|p1a: Sneasler|def|1
|-unboost|p1a: Sneasler|spd|1
|faint|p2a: Goodra
|
|upkeep
|-message|DeusYancha forfeited.
|
|win|vezon46
|raw|vezon46's rating: 1095 → 1116(+21 for winning)
|raw|DeusYancha's rating: 1035 → 1022(-13 for losing)
|l|☆DeusYancha
