|j|☆Arcus72
|j|☆Maleson
|t:|1685929338
|gametype|singles
|player|p1|Arcus72|lady|
|player|p2|Maleson|clown|
|teamsize|p1|6
|teamsize|p2|6
|gen|9
|tier|[Gen 9] OU
|rule|Sleep Clause Mod: Limit one foe put to sleep
|rule|Species Clause: Limit one of each Pokémon
|rule|OHKO Clause: OHKO moves are banned
|rule|Evasion Items Clause: Evasion items are banned
|rule|Evasion Moves Clause: Evasion moves are banned
|rule|Endless Battle Clause: Forcing endless battles is banned
|rule|HP Percentage Mod: HP is shown in percentages
|clearpoke
|poke|p1|Hatterene, F|
|poke|p1|Slowbro-Galar, F|
|poke|p1|Goodra-Hisui, F|
|poke|p1|Azumarill, M|
|poke|p1|Ursaluna, F|
|poke|p1|Diancie|
|poke|p2|Great Tusk|
|poke|p2|Ursaluna, F|
|poke|p2|Sneasler, M|
|poke|p2|Walking Wake|
|poke|p2|Torkoal, M|
|poke|p2|Chien-Pao|
|teampreview
|
|t:|1685929353
|start
|switch|p1a: princess glimmer|Diancie|100/100
|switch|p2a: Chien-Pao|Chien-Pao|100/100
|-ability|p2a: Chien-Pao|Sword of Ruin
|turn|1
|
|t:|1685929361
|move|p2a: Chien-Pao|Icicle Crash|p1a: princess glimmer|[miss]
|-miss|p2a: Chien-Pao|p1a: princess glimmer
|move|p1a: princess glimmer|Trick Room|p1a: princess glimmer
|-fieldstart|move: Trick Room|[of] p1a: princess glimmer
|
|upkeep
|turn|2
|
|t:|1685929366
|switch|p2a: Ursaluna|Ursaluna, F|100/100
|move|p1a: princess glimmer|Stealth Rock|p2a: Ursaluna
|-sidestart|p2: Maleson|move: Stealth Rock
|
|-status|p2a: Ursaluna|brn|[from] item: Flame Orb
|upkeep
|turn|3
|
|t:|1685929400
|move|p1a: princess glimmer|Play Rough|p2a: Ursaluna
|-damage|p2a: Ursaluna|67/100 brn
|move|p2a: Ursaluna|Heavy Slam|p1a: princess glimmer
|-supereffective|p1a: princess glimmer
|-enditem|p1a: princess glimmer|Focus Sash
|-damage|p1a: princess glimmer|1/100
|
|-damage|p2a: Ursaluna|61/100 brn|[from] brn
|upkeep
|turn|4
|
|t:|1685929408
|move|p2a: Ursaluna|Heavy Slam|p1a: princess glimmer
|-supereffective|p1a: princess glimmer
|-damage|p1a: princess glimmer|0 fnt
|faint|p1a: princess glimmer
|
|-damage|p2a: Ursaluna|55/100 brn|[from] brn
|upkeep
|
|t:|1685929418
|switch|p1a: bnuuy|Azumarill, M, shiny|100/100
|turn|5
|
|t:|1685929422
|move|p1a: bnuuy|Liquidation|p2a: Ursaluna
|-supereffective|p2a: Ursaluna
|-damage|p2a: Ursaluna|0 fnt
|faint|p2a: Ursaluna
|
|-fieldend|move: Trick Room
|upkeep
|
|t:|1685929428
|switch|p2a: Torkoal|Torkoal, M|100/100
|-damage|p2a: Torkoal|76/100|[from] Stealth Rock
|-weather|SunnyDay|[from] ability: Drought|[of] p2a: Torkoal
|turn|6
|
|t:|1685929439
|move|p1a: bnuuy|Belly Drum|p1a: bnuuy
|-damage|p1a: bnuuy|51/100
|-setboost|p1a: bnuuy|atk|6|[from] move: Belly Drum
|move|p2a: Torkoal|Stealth Rock|p1a: bnuuy
|-sidestart|p1: Arcus72|move: Stealth Rock
|
|-weather|SunnyDay|[upkeep]
|upkeep
|turn|7
|
|t:|1685929453
|move|p1a: bnuuy|Liquidation|p2a: Torkoal
|-supereffective|p2a: Torkoal
|-damage|p2a: Torkoal|0 fnt
|faint|p2a: Torkoal
|
|-weather|SunnyDay|[upkeep]
|upkeep
|inactive|Battle timer is ON: inactive players will automatically lose when time's up. (requested by Arcus72)
|inactive|Maleson has 270 seconds left.
|inactiveoff|Battle timer is now OFF.
|
|t:|1685929533
|switch|p2a: Sneasler|Sneasler, M|100/100
|-damage|p2a: Sneasler|95/100|[from] Stealth Rock
|-item|p2a: Sneasler|Air Balloon
|turn|8
|
|t:|1685929538
|move|p2a: Sneasler|Dire Claw|p1a: bnuuy
|-supereffective|p1a: bnuuy
|-damage|p1a: bnuuy|0 fnt
|faint|p1a: bnuuy
|
|-weather|SunnyDay|[upkeep]
|upkeep
|
|t:|1685929549
|switch|p1a: slowbro the kidd|Slowbro-Galar, F|100/100
|-damage|p1a: slowbro the kidd|88/100|[from] Stealth Rock
|turn|9
|-activate|p1a: slowbro the kidd|ability: Quick Draw
|
|t:|1685929568
|switch|p2a: Chien-Pao|Chien-Pao|100/100
|-ability|p2a: Chien-Pao|Sword of Ruin
|move|p1a: slowbro the kidd|Psychic|p2a: Chien-Pao
|-immune|p2a: Chien-Pao
|
|-weather|SunnyDay|[upkeep]
|upkeep
|turn|10
|c|☆Arcus72|nooo ive been predicted
|
|t:|1685929585
|switch|p1a: homefoundin|Goodra-Hisui, F|100/100
|-damage|p1a: homefoundin|94/100|[from] Stealth Rock
|-terastallize|p2a: Chien-Pao|Dark
|move|p2a: Chien-Pao|Crunch|p1a: homefoundin
|-damage|p1a: homefoundin|31/100
|
|-weather|SunnyDay|[upkeep]
|upkeep
|turn|11
|
|t:|1685929595
|move|p2a: Chien-Pao|Crunch|p1a: homefoundin
|-damage|p1a: homefoundin|0 fnt
|faint|p1a: homefoundin
|
|-weather|SunnyDay|[upkeep]
|upkeep
|
|t:|1685929597
|switch|p1a: hat hat hat|Hatterene, F|100/100
|-damage|p1a: hat hat hat|88/100|[from] Stealth Rock
|turn|12
|
|t:|1685929633
|move|p2a: Chien-Pao|Crunch|p1a: hat hat hat
|-damage|p1a: hat hat hat|10/100
|-unboost|p1a: hat hat hat|def|1
|move|p1a: hat hat hat|Trick Room|p1a: hat hat hat
|-fieldstart|move: Trick Room|[of] p1a: hat hat hat
|
|-weather|SunnyDay|[upkeep]
|upkeep
|turn|13
|
|t:|1685929663
|move|p2a: Chien-Pao|Ice Shard|p1a: hat hat hat
|-damage|p1a: hat hat hat|0 fnt
|faint|p1a: hat hat hat
|
|-weather|none
|upkeep
|
|t:|1685929673
|switch|p1a: bair|Ursaluna, F|100/100
|-damage|p1a: bair|94/100|[from] Stealth Rock
|turn|14
|
|t:|1685929679
|switch|p2a: Sneasler|Sneasler, M|95/100
|-damage|p2a: Sneasler|89/100|[from] Stealth Rock
|-item|p2a: Sneasler|Air Balloon
|move|p1a: bair|Protect||[still]
|-fail|p1a: bair
|
|-status|p1a: bair|brn|[from] item: Flame Orb
|upkeep
|turn|15
|
|t:|1685929688
|-terastallize|p1a: bair|Normal
|move|p1a: bair|Facade|p2a: Sneasler
|-damage|p2a: Sneasler|0 fnt
|-enditem|p2a: Sneasler|Air Balloon
|faint|p2a: Sneasler
|
|-damage|p1a: bair|88/100 brn|[from] brn
|upkeep
|
|t:|1685929696
|switch|p2a: Great Tusk|Great Tusk|100/100
|-damage|p2a: Great Tusk|98/100|[from] Stealth Rock
|turn|16
|
|t:|1685929699
|move|p1a: bair|Facade|p2a: Great Tusk
|-damage|p2a: Great Tusk|12/100
|move|p2a: Great Tusk|Rapid Spin|p1a: bair
|-damage|p1a: bair|79/100 brn
|-boost|p2a: Great Tusk|spe|1
|-sideend|p2: Maleson|Stealth Rock|[from] move: Rapid Spin|[of] p2a: Great Tusk
|
|-heal|p2a: Great Tusk|18/100|[from] item: Leftovers
|-damage|p1a: bair|73/100 brn|[from] brn
|-fieldend|move: Trick Room
|upkeep
|turn|17
|
|t:|1685929704
|move|p2a: Great Tusk|Ice Spinner|p1a: bair
|-damage|p1a: bair|55/100 brn
|move|p1a: bair|Facade|p2a: Great Tusk
|-damage|p2a: Great Tusk|0 fnt
|faint|p2a: Great Tusk
|-end|p2a: Great Tusk|Protosynthesis|[silent]
|
|-damage|p1a: bair|49/100 brn|[from] brn
|upkeep
|
|t:|1685929708
|switch|p2a: Chien-Pao|Chien-Pao, tera:Dark|100/100
|-ability|p2a: Chien-Pao|Sword of Ruin
|turn|18
|
|t:|1685929713
|move|p2a: Chien-Pao|Sacred Sword|p1a: bair
|-supereffective|p1a: bair
|-damage|p1a: bair|0 fnt
|faint|p1a: bair
|
|upkeep
|
|t:|1685929715
|switch|p1a: slowbro the kidd|Slowbro-Galar, F|88/100
|-damage|p1a: slowbro the kidd|76/100|[from] Stealth Rock
|turn|19
|
|t:|1685929719
|move|p2a: Chien-Pao|Crunch|p1a: slowbro the kidd
|-supereffective|p1a: slowbro the kidd
|-damage|p1a: slowbro the kidd|0 fnt
|faint|p1a: slowbro the kidd
|
|win|Maleson
|c|☆Arcus72|ggg
|c|☆Arcus72|gg
|c|☆Maleson|gg
|l|☆Arcus72
