|j|☆Seki_2
|j|☆JustAKidWhosFour
|inactive|Battle timer is ON: inactive players will automatically lose when time's up.
|t:|1685918576
|gametype|singles
|player|p1|Seki_2|petrel|
|player|p2|JustAKidWhosFour|ninjaboy|
|teamsize|p1|6
|teamsize|p2|6
|gen|9
|tier|[Gen 9] OU
|rated|Tournament battle
|rule|Sleep Clause Mod: Limit one foe put to sleep
|rule|Species Clause: Limit one of each Pokémon
|rule|OHKO Clause: OHKO moves are banned
|rule|Evasion Items Clause: Evasion items are banned
|rule|Evasion Moves Clause: Evasion moves are banned
|rule|Endless Battle Clause: Forcing endless battles is banned
|rule|HP Percentage Mod: HP is shown in percentages
|clearpoke
|poke|p1|Lokix, F|
|poke|p1|Grumpig, F|
|poke|p1|Toxapex, M|
|poke|p1|Banette, F|
|poke|p1|Flareon, M|
|poke|p1|Wigglytuff, M|
|poke|p2|Grumpig, M|
|poke|p2|Lokix, F|
|poke|p2|Toxapex, F|
|poke|p2|Banette, M|
|poke|p2|Flareon, F|
|poke|p2|Wigglytuff, F|
|teampreview
|j|*Lady Monita
|
|t:|1685918581
|start
|switch|p1a: Wigglytuff|Wigglytuff, M|100/100
|switch|p2a: Lokix|Lokix, F|100/100
|turn|1
|
|t:|1685918592
|move|p2a: Lokix|Substitute|p2a: Lokix
|-start|p2a: Lokix|Substitute
|-damage|p2a: Lokix|76/100
|move|p1a: Wigglytuff|Stealth Rock|p2a: Lokix
|-sidestart|p2: JustAKidWhosFour|move: Stealth Rock
|
|upkeep
|turn|2
|
|t:|1685918596
|move|p2a: Lokix|Swords Dance|p2a: Lokix
|-boost|p2a: Lokix|atk|2
|move|p1a: Wigglytuff|Dazzling Gleam|p2a: Lokix
|-supereffective|p2a: Lokix
|-end|p2a: Lokix|Substitute
|
|upkeep
|turn|3
|
|t:|1685918600
|move|p2a: Lokix|Leech Life|p1a: Wigglytuff
|-resisted|p1a: Wigglytuff
|-damage|p1a: Wigglytuff|0 fnt
|-heal|p2a: Lokix|100/100|[from] drain|[of] p1a: Wigglytuff
|faint|p1a: Wigglytuff
|-damage|p2a: Lokix|91/100|[from] item: Life Orb
|
|upkeep
|
|t:|1685918603
|switch|p1a: Lokix|Lokix, F|100/100
|turn|4
|
|t:|1685918616
|switch|p2a: Toxapex|Toxapex, F|100/100
|-damage|p2a: Toxapex|88/100|[from] Stealth Rock
|move|p1a: Lokix|First Impression|p2a: Toxapex
|-resisted|p2a: Toxapex
|-damage|p2a: Toxapex|66/100
|
|-heal|p2a: Toxapex|72/100|[from] item: Leftovers
|upkeep
|turn|5
|
|t:|1685918626
|switch|p1a: Toxapex|Toxapex, M|100/100
|move|p2a: Toxapex|Infestation|p1a: Toxapex
|-resisted|p1a: Toxapex
|-damage|p1a: Toxapex|99/100
|-activate|p1a: Toxapex|move: Infestation|[of] p2a: Toxapex
|
|-heal|p2a: Toxapex|78/100|[from] item: Leftovers
|-heal|p1a: Toxapex|100/100|[from] item: Leftovers
|-damage|p1a: Toxapex|88/100|[from] move: Infestation|[partiallytrapped]
|upkeep
|turn|6
|
|t:|1685918633
|move|p2a: Toxapex|Chilling Water|p1a: Toxapex
|-resisted|p1a: Toxapex
|-damage|p1a: Toxapex|83/100
|-unboost|p1a: Toxapex|atk|1
|move|p1a: Toxapex|Gunk Shot|p2a: Toxapex
|-resisted|p2a: Toxapex
|-damage|p2a: Toxapex|72/100
|
|-heal|p2a: Toxapex|78/100|[from] item: Leftovers
|-heal|p1a: Toxapex|90/100|[from] item: Leftovers
|-damage|p1a: Toxapex|77/100|[from] move: Infestation|[partiallytrapped]
|upkeep
|turn|7
|
|t:|1685918642
|move|p2a: Toxapex|Chilling Water|p1a: Toxapex
|-resisted|p1a: Toxapex
|-damage|p1a: Toxapex|73/100
|-unboost|p1a: Toxapex|atk|1
|move|p1a: Toxapex|Gunk Shot|p2a: Toxapex
|-resisted|p2a: Toxapex
|-damage|p2a: Toxapex|73/100
|
|-heal|p2a: Toxapex|79/100|[from] item: Leftovers
|-heal|p1a: Toxapex|79/100|[from] item: Leftovers
|-damage|p1a: Toxapex|67/100|[from] move: Infestation|[partiallytrapped]
|upkeep
|turn|8
|
|t:|1685918650
|move|p1a: Toxapex|Baneful Bunker|p1a: Toxapex
|-singleturn|p1a: Toxapex|move: Protect
|move|p2a: Toxapex|Chilling Water|p1a: Toxapex
|-activate|p1a: Toxapex|move: Protect
|
|-heal|p2a: Toxapex|85/100|[from] item: Leftovers
|-heal|p1a: Toxapex|73/100|[from] item: Leftovers
|-damage|p1a: Toxapex|61/100|[from] move: Infestation|[partiallytrapped]
|upkeep
|turn|9
|
|t:|1685918660
|move|p2a: Toxapex|Chilling Water|p1a: Toxapex
|-resisted|p1a: Toxapex
|-damage|p1a: Toxapex|57/100
|-unboost|p1a: Toxapex|atk|1
|move|p1a: Toxapex|Recover|p1a: Toxapex
|-heal|p1a: Toxapex|100/100
|
|-heal|p2a: Toxapex|91/100|[from] item: Leftovers
|-end|p1a: Toxapex|Infestation|[partiallytrapped]
|upkeep
|turn|10
|
|t:|1685918675
|switch|p2a: Lokix|Lokix, F|91/100
|-damage|p2a: Lokix|66/100|[from] Stealth Rock
|switch|p1a: Grumpig|Grumpig, F|100/100
|
|upkeep
|turn|11
|
|t:|1685918682
|move|p2a: Lokix|Substitute|p2a: Lokix
|-start|p2a: Lokix|Substitute
|-damage|p2a: Lokix|41/100
|move|p1a: Grumpig|Dazzling Gleam|p2a: Lokix
|-supereffective|p2a: Lokix
|-end|p2a: Lokix|Substitute
|
|upkeep
|turn|12
|
|t:|1685918687
|switch|p1a: Toxapex|Toxapex, M|100/100
|move|p2a: Lokix|Leech Life|p1a: Toxapex
|-resisted|p1a: Toxapex
|-damage|p1a: Toxapex|68/100
|-heal|p2a: Lokix|55/100|[from] drain|[of] p1a: Toxapex
|-damage|p2a: Lokix|45/100|[from] item: Life Orb
|
|-heal|p1a: Toxapex|74/100|[from] item: Leftovers
|upkeep
|turn|13
|
|t:|1685918701
|move|p2a: Lokix|Swords Dance|p2a: Lokix
|-boost|p2a: Lokix|atk|2
|move|p1a: Toxapex|Gunk Shot|p2a: Lokix
|-damage|p2a: Lokix|3/100
|-status|p2a: Lokix|psn
|
|-heal|p1a: Toxapex|81/100|[from] item: Leftovers
|-damage|p2a: Lokix|0 fnt|[from] psn
|faint|p2a: Lokix
|upkeep
|
|t:|1685918714
|switch|p2a: Grumpig|Grumpig, M|100/100
|-damage|p2a: Grumpig|88/100|[from] Stealth Rock
|turn|14
|
|t:|1685918730
|move|p1a: Toxapex|Baneful Bunker|p1a: Toxapex
|-singleturn|p1a: Toxapex|move: Protect
|move|p2a: Grumpig|Psychic|p1a: Toxapex
|-activate|p1a: Toxapex|move: Protect
|
|-heal|p1a: Toxapex|87/100|[from] item: Leftovers
|upkeep
|turn|15
|
|t:|1685918742
|switch|p2a: Flareon|Flareon, F|100/100
|-damage|p2a: Flareon|76/100|[from] Stealth Rock
|switch|p1a: Lokix|Lokix, F|100/100
|
|upkeep
|turn|16
|
|t:|1685918755
|switch|p1a: Toxapex|Toxapex, M|100/100
|move|p2a: Flareon|Flare Blitz|p1a: Toxapex
|-resisted|p1a: Toxapex
|-damage|p1a: Toxapex|78/100
|-damage|p2a: Flareon|69/100|[from] Recoil
|
|-heal|p1a: Toxapex|84/100|[from] item: Leftovers
|upkeep
|turn|17
|
|t:|1685918764
|switch|p2a: Wigglytuff|Wigglytuff, F|100/100
|-damage|p2a: Wigglytuff|88/100|[from] Stealth Rock
|move|p1a: Toxapex|Gunk Shot|p2a: Wigglytuff
|-supereffective|p2a: Wigglytuff
|-damage|p2a: Wigglytuff|19/100
|-status|p2a: Wigglytuff|psn
|
|-heal|p2a: Wigglytuff|25/100 psn|[from] item: Leftovers
|-heal|p1a: Toxapex|91/100|[from] item: Leftovers
|-damage|p2a: Wigglytuff|12/100 psn|[from] psn
|upkeep
|turn|18
|
|t:|1685918777
|switch|p1a: Banette|Banette, F|100/100
|move|p2a: Wigglytuff|Stealth Rock|p1a: Banette
|-sidestart|p1: Seki_2|move: Stealth Rock
|
|-heal|p2a: Wigglytuff|19/100 psn|[from] item: Leftovers
|-damage|p2a: Wigglytuff|6/100 psn|[from] psn
|upkeep
|turn|19
|
|t:|1685918785
|move|p1a: Banette|Swords Dance|p1a: Banette
|-boost|p1a: Banette|atk|2
|move|p2a: Wigglytuff|Wish|p2a: Wigglytuff
|
|-heal|p2a: Wigglytuff|12/100 psn|[from] item: Leftovers
|-damage|p2a: Wigglytuff|0 fnt|[from] psn
|faint|p2a: Wigglytuff
|upkeep
|
|t:|1685918814
|switch|p2a: Flareon|Flareon, F|69/100
|-damage|p2a: Flareon|44/100|[from] Stealth Rock
|turn|20
|
|t:|1685918822
|move|p1a: Banette|Shadow Sneak|p2a: Flareon
|-damage|p2a: Flareon|0 fnt
|faint|p2a: Flareon
|-damage|p1a: Banette|91/100|[from] item: Life Orb
|
|upkeep
|
|t:|1685918826
|switch|p2a: Toxapex|Toxapex, F|100/100
|-damage|p2a: Toxapex|88/100|[from] Stealth Rock
|turn|21
|
|t:|1685918831
|move|p1a: Banette|Swords Dance|p1a: Banette
|-boost|p1a: Banette|atk|2
|move|p2a: Toxapex|Infestation|p1a: Banette
|-resisted|p1a: Banette
|-damage|p1a: Banette|88/100
|-activate|p1a: Banette|move: Infestation|[of] p2a: Toxapex
|
|-heal|p2a: Toxapex|94/100|[from] item: Leftovers
|-damage|p1a: Banette|76/100|[from] move: Infestation|[partiallytrapped]
|upkeep
|turn|22
|
|t:|1685918838
|move|p1a: Banette|Shadow Claw|p2a: Toxapex
|-damage|p2a: Toxapex|1/100
|-damage|p1a: Banette|66/100|[from] item: Life Orb
|move|p2a: Toxapex|Chilling Water|p1a: Banette
|-crit|p1a: Banette
|-damage|p1a: Banette|42/100
|-unboost|p1a: Banette|atk|1
|
|-heal|p2a: Toxapex|7/100|[from] item: Leftovers
|-damage|p1a: Banette|29/100|[from] move: Infestation|[partiallytrapped]
|upkeep
|turn|23
|
|t:|1685918849
|move|p1a: Banette|Shadow Claw|p2a: Toxapex
|-damage|p2a: Toxapex|0 fnt
|faint|p2a: Toxapex
|-damage|p1a: Banette|19/100|[from] item: Life Orb
|
|-end|p1a: Banette|Infestation|[partiallytrapped]|[silent]
|upkeep
|
|t:|1685918856
|switch|p2a: Banette|Banette, M|100/100
|-damage|p2a: Banette|88/100|[from] Stealth Rock
|turn|24
|
|t:|1685918863
|move|p2a: Banette|Sucker Punch|p1a: Banette
|-supereffective|p1a: Banette
|-damage|p1a: Banette|0 fnt
|-start|p2a: Banette|Disable|Sucker Punch|[from] ability: Cursed Body|[of] p1a: Banette
|faint|p1a: Banette
|-damage|p2a: Banette|78/100|[from] item: Life Orb
|
|upkeep
|
|t:|1685918877
|switch|p1a: Toxapex|Toxapex, M|100/100
|-damage|p1a: Toxapex|88/100|[from] Stealth Rock
|turn|25
|
|t:|1685918891
|move|p2a: Banette|Swords Dance|p2a: Banette
|-boost|p2a: Banette|atk|2
|move|p1a: Toxapex|Toxic|p2a: Banette
|-status|p2a: Banette|tox
|
|-heal|p1a: Toxapex|94/100|[from] item: Leftovers
|-damage|p2a: Banette|72/100 tox|[from] psn
|upkeep
|turn|26
|
|t:|1685918904
|move|p2a: Banette|Swords Dance|p2a: Banette
|-boost|p2a: Banette|atk|2
|move|p1a: Toxapex|Gunk Shot|p2a: Banette|[miss]
|-miss|p1a: Toxapex|p2a: Banette
|
|-heal|p1a: Toxapex|100/100|[from] item: Leftovers
|-damage|p2a: Banette|60/100 tox|[from] psn
|upkeep
|turn|27
|
|t:|1685918911
|move|p1a: Toxapex|Baneful Bunker|p1a: Toxapex
|-singleturn|p1a: Toxapex|move: Protect
|move|p2a: Banette|Shadow Claw|p1a: Toxapex
|-activate|p1a: Toxapex|move: Protect
|
|-damage|p2a: Banette|42/100 tox|[from] psn
|-end|p2a: Banette|Disable
|upkeep
|turn|28
|
|t:|1685918919
|-terastallize|p1a: Toxapex|Dark
|move|p2a: Banette|Shadow Claw|p1a: Toxapex
|-resisted|p1a: Toxapex
|-damage|p1a: Toxapex|44/100
|-damage|p2a: Banette|32/100 tox|[from] item: Life Orb
|move|p1a: Toxapex|Recover|p1a: Toxapex
|-heal|p1a: Toxapex|95/100
|
|-heal|p1a: Toxapex|100/100|[from] item: Leftovers
|-damage|p2a: Banette|8/100 tox|[from] psn
|upkeep
|turn|29
|
|t:|1685918931
|move|p1a: Toxapex|Baneful Bunker|p1a: Toxapex
|-singleturn|p1a: Toxapex|move: Protect
|move|p2a: Banette|Gunk Shot|p1a: Toxapex
|-activate|p1a: Toxapex|move: Protect
|
|-damage|p2a: Banette|0 fnt|[from] psn
|faint|p2a: Banette
|upkeep
|
|t:|1685918937
|switch|p2a: Grumpig|Grumpig, M|88/100
|-damage|p2a: Grumpig|76/100|[from] Stealth Rock
|turn|30
|j| Penicillinlol
|
|t:|1685918943
|move|p2a: Grumpig|Focus Blast|p1a: Toxapex|[miss]
|-miss|p2a: Grumpig|p1a: Toxapex
|move|p1a: Toxapex|Toxic|p2a: Grumpig
|-status|p2a: Grumpig|tox
|
|-damage|p2a: Grumpig|70/100 tox|[from] psn
|upkeep
|turn|31
|c|☆Seki_2|gg
|c|☆JustAKidWhosFour|gg
|
|t:|1685918953
|move|p2a: Grumpig|Focus Blast|p1a: Toxapex
|-supereffective|p1a: Toxapex
|-crit|p1a: Toxapex
|-damage|p1a: Toxapex|0 fnt
|faint|p1a: Toxapex
|
|-damage|p2a: Grumpig|58/100 tox|[from] psn
|upkeep
|
|t:|1685918956
|switch|p1a: Lokix|Lokix, F|100/100
|turn|32
|
|t:|1685918963
|move|p1a: Lokix|First Impression|p2a: Grumpig
|-supereffective|p2a: Grumpig
|-damage|p2a: Grumpig|0 fnt
|faint|p2a: Grumpig
|
|win|Seki_2
|n|☆Seki_2|seki2
|n|☆JustAKidWhosFour|justakidwhosfour
|n|*Lady Monita|ladymonita
|n| Penicillinlol|penicillinlol
