|j|☆kartana genocide
|j|☆Dilskyy
|t:|1685911776
|gametype|singles
|player|p1|kartana genocide|janine|1446
|player|p2|Dilskyy|swimmerf-gen4|1431
|teamsize|p1|6
|teamsize|p2|6
|gen|9
|tier|[Gen 9] OU
|rated|
|rule|Sleep Clause Mod: Limit one foe put to sleep
|rule|Species Clause: Limit one of each Pokémon
|rule|OHKO Clause: OHKO moves are banned
|rule|Evasion Items Clause: Evasion items are banned
|rule|Evasion Moves Clause: Evasion moves are banned
|rule|Endless Battle Clause: Forcing endless battles is banned
|rule|HP Percentage Mod: HP is shown in percentages
|clearpoke
|poke|p1|Dondozo, F|
|poke|p1|Skeledirge, M|
|poke|p1|Amoonguss, F|
|poke|p1|Garganacl, M|
|poke|p1|Chien-Pao|
|poke|p1|Great Tusk|
|poke|p2|Urshifu-*, M|
|poke|p2|Pelipper, M|
|poke|p2|Basculegion-F, F|
|poke|p2|Amoonguss, M|
|poke|p2|Samurott-Hisui, F|
|poke|p2|Thundurus-Therian, M|
|teampreview
|inactive|Battle timer is ON: inactive players will automatically lose when time's up. (requested by Dilskyy)
|
|t:|1685911791
|start
|switch|p1a: Da White Taiga|Chien-Pao|100/100
|switch|p2a: Pelipper|Pelipper, M|100/100
|-ability|p1a: Da White Taiga|Sword of Ruin
|-weather|RainDance|[from] ability: Drizzle|[of] p2a: Pelipper
|turn|1
|
|t:|1685911799
|switch|p2a: Samurott|Samurott-Hisui, F|100/100
|move|p1a: Da White Taiga|Crunch|p2a: Samurott
|-resisted|p2a: Samurott
|-damage|p2a: Samurott|49/100
|
|-weather|RainDance|[upkeep]
|upkeep
|turn|2
|
|t:|1685911805
|move|p2a: Samurott|Aqua Cutter|p1a: Da White Taiga
|-damage|p1a: Da White Taiga|4/100
|move|p1a: Da White Taiga|Crunch|p2a: Samurott
|-resisted|p2a: Samurott
|-damage|p2a: Samurott|0 fnt
|faint|p2a: Samurott
|
|-weather|RainDance|[upkeep]
|upkeep
|
|t:|1685911814
|switch|p2a: Urshifu|Urshifu-Rapid-Strike, M|100/100
|turn|3
|
|t:|1685911823
|switch|p1a: ඞ|Amoonguss, F, shiny|100/100
|move|p2a: Urshifu|U-turn|p1a: ඞ
|-damage|p1a: ඞ|82/100
|-damage|p2a: Urshifu|84/100|[from] item: Rocky Helmet|[of] p1a: ඞ
|
|t:|1685911834
|switch|p2a: Thundurus|Thundurus-Therian, M|100/100|[from] U-turn
|
|-weather|RainDance|[upkeep]
|upkeep
|turn|4
|
|t:|1685911839
|switch|p1a: Salt Lord|Garganacl, M|100/100
|move|p2a: Thundurus|Substitute|p2a: Thundurus
|-start|p2a: Thundurus|Substitute
|-damage|p2a: Thundurus|76/100
|
|-weather|RainDance|[upkeep]
|-heal|p2a: Thundurus|82/100|[from] item: Leftovers
|upkeep
|turn|5
|
|t:|1685911842
|move|p2a: Thundurus|Thunder|p1a: Salt Lord
|-damage|p1a: Salt Lord|62/100
|move|p1a: Salt Lord|Salt Cure|p2a: Thundurus
|-supereffective|p2a: Thundurus
|-end|p2a: Thundurus|Substitute
|
|-weather|RainDance|[upkeep]
|-heal|p2a: Thundurus|88/100|[from] item: Leftovers
|-heal|p1a: Salt Lord|69/100|[from] item: Leftovers
|upkeep
|turn|6
|
|t:|1685911855
|move|p2a: Thundurus|Thunder|p1a: Salt Lord
|-damage|p1a: Salt Lord|27/100
|move|p1a: Salt Lord|Salt Cure|p2a: Thundurus
|-supereffective|p2a: Thundurus
|-damage|p2a: Thundurus|47/100
|-start|p2a: Thundurus|Salt Cure
|
|-weather|RainDance|[upkeep]
|-heal|p2a: Thundurus|54/100|[from] item: Leftovers
|-heal|p1a: Salt Lord|34/100|[from] item: Leftovers
|-damage|p2a: Thundurus|41/100|[from] Salt Cure
|upkeep
|turn|7
|
|t:|1685911862
|move|p1a: Salt Lord|Protect|p1a: Salt Lord
|-singleturn|p1a: Salt Lord|Protect
|move|p2a: Thundurus|Thunder|p1a: Salt Lord
|-activate|p1a: Salt Lord|move: Protect
|
|-weather|RainDance|[upkeep]
|-heal|p2a: Thundurus|47/100|[from] item: Leftovers
|-heal|p1a: Salt Lord|40/100|[from] item: Leftovers
|-damage|p2a: Thundurus|35/100|[from] Salt Cure
|upkeep
|turn|8
|
|t:|1685911866
|switch|p1a: ඞ|Amoonguss, F, shiny|100/100
|move|p2a: Thundurus|Thunder|p1a: ඞ
|-resisted|p1a: ඞ
|-damage|p1a: ඞ|73/100
|-status|p1a: ඞ|par
|
|-weather|none
|-heal|p2a: Thundurus|41/100|[from] item: Leftovers
|-damage|p2a: Thundurus|28/100|[from] Salt Cure
|upkeep
|turn|9
|
|t:|1685911874
|switch|p2a: Amoonguss|Amoonguss, M|100/100
|cant|p1a: ඞ|par
|
|upkeep
|turn|10
|
|t:|1685911881
|switch|p1a: Salt Lord|Garganacl, M|40/100
|move|p2a: Amoonguss|Sludge Bomb|p1a: Salt Lord
|-resisted|p1a: Salt Lord
|-damage|p1a: Salt Lord|31/100
|
|-heal|p1a: Salt Lord|37/100|[from] item: Leftovers
|upkeep
|turn|11
|
|t:|1685911888
|move|p1a: Salt Lord|Recover|p1a: Salt Lord
|-heal|p1a: Salt Lord|87/100
|move|p2a: Amoonguss|Giga Drain|p1a: Salt Lord
|-supereffective|p1a: Salt Lord
|-damage|p1a: Salt Lord|57/100
|
|-heal|p1a: Salt Lord|64/100|[from] item: Leftovers
|upkeep
|turn|12
|
|t:|1685911895
|switch|p2a: Pelipper|Pelipper, M|100/100
|-weather|RainDance|[from] ability: Drizzle|[of] p2a: Pelipper
|move|p1a: Salt Lord|Salt Cure|p2a: Pelipper
|-supereffective|p2a: Pelipper
|-damage|p2a: Pelipper|80/100
|-start|p2a: Pelipper|Salt Cure
|
|-weather|RainDance|[upkeep]
|-heal|p1a: Salt Lord|70/100|[from] item: Leftovers
|-damage|p2a: Pelipper|55/100|[from] Salt Cure
|upkeep
|turn|13
|
|t:|1685911902
|switch|p2a: Basculegion|Basculegion-F, F|100/100
|move|p1a: Salt Lord|Stealth Rock|p2a: Basculegion
|-sidestart|p2: Dilskyy|move: Stealth Rock
|
|-weather|RainDance|[upkeep]
|-heal|p1a: Salt Lord|76/100|[from] item: Leftovers
|upkeep
|turn|14
|
|t:|1685911905
|move|p1a: Salt Lord|Protect|p1a: Salt Lord
|-singleturn|p1a: Salt Lord|Protect
|move|p2a: Basculegion|Hydro Pump|p1a: Salt Lord
|-activate|p1a: Salt Lord|move: Protect
|
|-weather|RainDance|[upkeep]
|-heal|p1a: Salt Lord|82/100|[from] item: Leftovers
|upkeep
|turn|15
|
|t:|1685911915
|-terastallize|p1a: Salt Lord|Water
|move|p2a: Basculegion|Hydro Pump|p1a: Salt Lord
|-resisted|p1a: Salt Lord
|-damage|p1a: Salt Lord|49/100
|move|p1a: Salt Lord|Salt Cure|p2a: Basculegion
|-damage|p2a: Basculegion|82/100
|-start|p2a: Basculegion|Salt Cure
|
|-weather|RainDance|[upkeep]
|-heal|p1a: Salt Lord|55/100|[from] item: Leftovers
|-damage|p2a: Basculegion|57/100|[from] Salt Cure
|upkeep
|turn|16
|
|t:|1685911928
|switch|p2a: Thundurus|Thundurus-Therian, M|28/100
|-damage|p2a: Thundurus|3/100|[from] Stealth Rock
|move|p1a: Salt Lord|Salt Cure|p2a: Thundurus
|-supereffective|p2a: Thundurus
|-damage|p2a: Thundurus|0 fnt
|faint|p2a: Thundurus
|
|-weather|RainDance|[upkeep]
|-heal|p1a: Salt Lord|61/100|[from] item: Leftovers
|upkeep
|
|t:|1685911932
|switch|p2a: Amoonguss|Amoonguss, M|100/100
|-damage|p2a: Amoonguss|88/100|[from] Stealth Rock
|turn|17
|
|t:|1685911940
|move|p1a: Salt Lord|Protect|p1a: Salt Lord
|-singleturn|p1a: Salt Lord|Protect
|move|p2a: Amoonguss|Giga Drain|p1a: Salt Lord
|-activate|p1a: Salt Lord|move: Protect
|
|-weather|RainDance|[upkeep]
|-heal|p1a: Salt Lord|67/100|[from] item: Leftovers
|upkeep
|turn|18
|
|t:|1685911943
|move|p1a: Salt Lord|Salt Cure|p2a: Amoonguss
|-damage|p2a: Amoonguss|77/100
|-start|p2a: Amoonguss|Salt Cure
|move|p2a: Amoonguss|Giga Drain|p1a: Salt Lord
|-supereffective|p1a: Salt Lord
|-crit|p1a: Salt Lord
|-damage|p1a: Salt Lord|24/100
|-heal|p2a: Amoonguss|97/100|[from] drain|[of] p1a: Salt Lord
|
|-weather|RainDance|[upkeep]
|-heal|p1a: Salt Lord|30/100|[from] item: Leftovers
|-damage|p2a: Amoonguss|85/100|[from] Salt Cure
|upkeep
|turn|19
|
|t:|1685911946
|move|p1a: Salt Lord|Recover|p1a: Salt Lord
|-heal|p1a: Salt Lord|80/100
|move|p2a: Amoonguss|Giga Drain|p1a: Salt Lord
|-supereffective|p1a: Salt Lord
|-damage|p1a: Salt Lord|49/100
|-heal|p2a: Amoonguss|99/100|[from] drain|[of] p1a: Salt Lord
|
|-weather|none
|-heal|p1a: Salt Lord|55/100|[from] item: Leftovers
|-damage|p2a: Amoonguss|87/100|[from] Salt Cure
|upkeep
|turn|20
|
|t:|1685911953
|move|p1a: Salt Lord|Protect|p1a: Salt Lord
|-singleturn|p1a: Salt Lord|Protect
|move|p2a: Amoonguss|Giga Drain|p1a: Salt Lord
|-activate|p1a: Salt Lord|move: Protect
|
|-heal|p1a: Salt Lord|62/100|[from] item: Leftovers
|-damage|p2a: Amoonguss|74/100|[from] Salt Cure
|upkeep
|turn|21
|
|t:|1685911955
|move|p1a: Salt Lord|Salt Cure|p2a: Amoonguss
|-damage|p2a: Amoonguss|62/100
|move|p2a: Amoonguss|Giga Drain|p1a: Salt Lord
|-supereffective|p1a: Salt Lord
|-damage|p1a: Salt Lord|34/100
|-heal|p2a: Amoonguss|75/100|[from] drain|[of] p1a: Salt Lord
|
|-heal|p1a: Salt Lord|41/100|[from] item: Leftovers
|-damage|p2a: Amoonguss|63/100|[from] Salt Cure
|upkeep
|turn|22
|
|t:|1685911963
|switch|p2a: Pelipper|Pelipper, M|55/100
|-damage|p2a: Pelipper|31/100|[from] Stealth Rock
|-weather|RainDance|[from] ability: Drizzle|[of] p2a: Pelipper
|move|p1a: Salt Lord|Recover|p1a: Salt Lord
|-heal|p1a: Salt Lord|91/100
|
|-weather|RainDance|[upkeep]
|-heal|p1a: Salt Lord|97/100|[from] item: Leftovers
|upkeep
|turn|23
|
|t:|1685911965
|move|p2a: Pelipper|Hurricane|p1a: Salt Lord
|-damage|p1a: Salt Lord|73/100
|move|p1a: Salt Lord|Salt Cure|p2a: Pelipper
|-supereffective|p2a: Pelipper
|-damage|p2a: Pelipper|8/100
|-start|p2a: Pelipper|Salt Cure
|
|-weather|RainDance|[upkeep]
|-heal|p1a: Salt Lord|79/100|[from] item: Leftovers
|-damage|p2a: Pelipper|0 fnt|[from] Salt Cure
|faint|p2a: Pelipper
|upkeep
|
|t:|1685911975
|switch|p2a: Urshifu|Urshifu-Rapid-Strike, M|84/100
|-damage|p2a: Urshifu|78/100|[from] Stealth Rock
|turn|24
|
|t:|1685911978
|move|p1a: Salt Lord|Protect|p1a: Salt Lord
|-singleturn|p1a: Salt Lord|Protect
|move|p2a: Urshifu|Close Combat|p1a: Salt Lord
|-damage|p1a: Salt Lord|36/100
|-unboost|p2a: Urshifu|def|1
|-unboost|p2a: Urshifu|spd|1
|
|-weather|RainDance|[upkeep]
|-heal|p1a: Salt Lord|43/100|[from] item: Leftovers
|upkeep
|turn|25
|
|t:|1685911988
|switch|p1a: Da Bozo|Dondozo, F, shiny|100/100
|move|p2a: Urshifu|Close Combat|p1a: Da Bozo
|-damage|p1a: Da Bozo|74/100
|-unboost|p2a: Urshifu|def|1
|-unboost|p2a: Urshifu|spd|1
|
|-weather|RainDance|[upkeep]
|-heal|p1a: Da Bozo|80/100|[from] item: Leftovers
|upkeep
|turn|26
|
|t:|1685911992
|switch|p2a: Amoonguss|Amoonguss, M|96/100
|-damage|p2a: Amoonguss|83/100|[from] Stealth Rock
|move|p1a: Da Bozo|Curse|p1a: Da Bozo
|-unboost|p1a: Da Bozo|spe|1
|-boost|p1a: Da Bozo|atk|1
|-boost|p1a: Da Bozo|def|1
|
|-weather|RainDance|[upkeep]
|-heal|p1a: Da Bozo|86/100|[from] item: Leftovers
|upkeep
|turn|27
|
|t:|1685911999
|move|p2a: Amoonguss|Giga Drain|p1a: Da Bozo
|-supereffective|p1a: Da Bozo
|-damage|p1a: Da Bozo|38/100
|-heal|p2a: Amoonguss|100/100|[from] drain|[of] p1a: Da Bozo
|move|p1a: Da Bozo|Liquidation|p2a: Amoonguss
|-resisted|p2a: Amoonguss
|-damage|p2a: Amoonguss|73/100
|-damage|p1a: Da Bozo|22/100|[from] item: Rocky Helmet|[of] p2a: Amoonguss
|
|-weather|RainDance|[upkeep]
|-heal|p1a: Da Bozo|28/100|[from] item: Leftovers
|upkeep
|turn|28
|
|t:|1685912007
|move|p2a: Amoonguss|Giga Drain|p1a: Da Bozo
|-supereffective|p1a: Da Bozo
|-damage|p1a: Da Bozo|0 fnt
|-heal|p2a: Amoonguss|89/100|[from] drain|[of] p1a: Da Bozo
|faint|p1a: Da Bozo
|
|-weather|RainDance|[upkeep]
|upkeep
|
|t:|1685912011
|switch|p1a: Mick|Skeledirge, M, shiny|100/100
|turn|29
|
|t:|1685912016
|switch|p2a: Urshifu|Urshifu-Rapid-Strike, M|78/100
|-damage|p2a: Urshifu|72/100|[from] Stealth Rock
|move|p1a: Mick|Will-O-Wisp|p2a: Urshifu
|-status|p2a: Urshifu|brn
|
|-weather|none
|-damage|p2a: Urshifu|66/100 brn|[from] brn
|upkeep
|turn|30
|
|t:|1685912019
|move|p2a: Urshifu|Surging Strikes|p1a: Mick
|-supereffective|p1a: Mick
|-crit|p1a: Mick
|-damage|p1a: Mick|85/100
|-supereffective|p1a: Mick
|-crit|p1a: Mick
|-damage|p1a: Mick|70/100
|-supereffective|p1a: Mick
|-crit|p1a: Mick
|-damage|p1a: Mick|55/100
|-hitcount|p1a: Mick|3
|move|p1a: Mick|Torch Song|p2a: Urshifu
|-resisted|p2a: Urshifu
|-damage|p2a: Urshifu|44/100 brn
|-boost|p1a: Mick|spa|1
|
|-damage|p2a: Urshifu|37/100 brn|[from] brn
|upkeep
|turn|31
|-message|Dilskyy forfeited.
|
|win|kartana genocide
|raw|kartana genocide's rating: 1446 → 1465(+19 for winning)
|raw|Dilskyy's rating: 1431 → 1412(-19 for losing)
|l|☆Dilskyy
