|j|☆Tykey
|j|☆Kindy296579
|t:|1685897584
|gametype|singles
|player|p1|Tykey|unknownf|1352
|player|p2|Kindy296579|265|1268
|teamsize|p1|6
|teamsize|p2|6
|gen|9
|tier|[Gen 9] OU
|rated|
|rule|Sleep Clause Mod: Limit one foe put to sleep
|rule|Species Clause: Limit one of each Pokémon
|rule|OHKO Clause: OHKO moves are banned
|rule|Evasion Items Clause: Evasion items are banned
|rule|Evasion Moves Clause: Evasion moves are banned
|rule|Endless Battle Clause: Forcing endless battles is banned
|rule|HP Percentage Mod: HP is shown in percentages
|clearpoke
|poke|p1|Zamazenta-*|
|poke|p1|Meowscarada, F|
|poke|p1|Iron Valiant|
|poke|p1|Dragonite, M|
|poke|p1|Talonflame, F|
|poke|p1|Zapdos-Galar|
|poke|p2|Samurott-Hisui, M|
|poke|p2|Lilligant-Hisui, F|
|poke|p2|Iron Valiant|
|poke|p2|Uxie|
|poke|p2|Corviknight, M|
|poke|p2|Magearna|
|teampreview
|inactive|Battle timer is ON: inactive players will automatically lose when time's up. (requested by Tykey)
|
|t:|1685897602
|start
|switch|p1a: Meowscarada|Meowscarada, F|100/100
|switch|p2a: Uxie|Uxie|100/100
|turn|1
|
|t:|1685897609
|move|p1a: Meowscarada|Knock Off|p2a: Uxie
|-supereffective|p2a: Uxie
|-damage|p2a: Uxie|32/100
|-enditem|p2a: Uxie|Light Clay|[from] move: Knock Off|[of] p1a: Meowscarada
|move|p2a: Uxie|Reflect|p2a: Uxie
|-sidestart|p2: Kindy296579|Reflect
|
|upkeep
|turn|2
|
|t:|1685897613
|move|p1a: Meowscarada|Spikes|p2a: Uxie
|-sidestart|p2: Kindy296579|Spikes
|move|p2a: Uxie|Light Screen|p2a: Uxie
|-sidestart|p2: Kindy296579|move: Light Screen
|
|upkeep
|turn|3
|
|t:|1685897615
|move|p1a: Meowscarada|Spikes|p2a: Uxie
|-sidestart|p2: Kindy296579|Spikes
|move|p2a: Uxie|Stealth Rock|p1a: Meowscarada
|-sidestart|p1: Tykey|move: Stealth Rock
|
|upkeep
|turn|4
|
|t:|1685897619
|move|p1a: Meowscarada|Spikes|p2a: Uxie
|-sidestart|p2: Kindy296579|Spikes
|move|p2a: Uxie|Memento|p1a: Meowscarada
|-unboost|p1a: Meowscarada|atk|2
|-unboost|p1a: Meowscarada|spa|2
|faint|p2a: Uxie
|
|upkeep
|
|t:|1685897627
|switch|p2a: Magearna|Magearna|100/100
|-damage|p2a: Magearna|75/100|[from] Spikes
|turn|5
|
|t:|1685897633
|move|p1a: Meowscarada|U-turn|p2a: Magearna
|-resisted|p2a: Magearna
|-damage|p2a: Magearna|74/100
|
|t:|1685897635
|switch|p1a: Talonflame|Talonflame, F|100/100|[from] U-turn
|move|p2a: Magearna|Shift Gear|p2a: Magearna
|-boost|p2a: Magearna|spe|2
|-boost|p2a: Magearna|atk|1
|
|-heal|p2a: Magearna|80/100|[from] item: Leftovers
|-sideend|p2: Kindy296579|Reflect
|upkeep
|turn|6
|
|t:|1685897650
|-terastallize|p2a: Magearna|Water
|move|p2a: Magearna|Shift Gear|p2a: Magearna
|-boost|p2a: Magearna|spe|2
|-boost|p2a: Magearna|atk|1
|move|p1a: Talonflame|Defog|p2a: Magearna
|-unboost|p2a: Magearna|evasion|1
|-sideend|p2: Kindy296579|move: Light Screen
|-sideend|p2: Kindy296579|Spikes|[from] move: Defog|[of] p1a: Talonflame
|-sideend|p1: Tykey|Stealth Rock|[from] move: Defog|[of] p1a: Talonflame
|
|-heal|p2a: Magearna|86/100|[from] item: Leftovers
|upkeep
|turn|7
|
|t:|1685897657
|move|p2a: Magearna|Calm Mind|p2a: Magearna
|-boost|p2a: Magearna|spa|1
|-boost|p2a: Magearna|spd|1
|move|p1a: Talonflame|Will-O-Wisp|p2a: Magearna
|-status|p2a: Magearna|brn
|
|-heal|p2a: Magearna|93/100 brn|[from] item: Leftovers
|-damage|p2a: Magearna|86/100 brn|[from] brn
|upkeep
|turn|8
|
|t:|1685897662
|move|p2a: Magearna|Calm Mind|p2a: Magearna
|-boost|p2a: Magearna|spa|1
|-boost|p2a: Magearna|spd|1
|move|p1a: Talonflame|Flamethrower|p2a: Magearna
|-resisted|p2a: Magearna
|-damage|p2a: Magearna|81/100 brn
|
|-heal|p2a: Magearna|87/100 brn|[from] item: Leftovers
|-damage|p2a: Magearna|81/100 brn|[from] brn
|upkeep
|turn|9
|
|t:|1685897669
|move|p2a: Magearna|Calm Mind|p2a: Magearna
|-boost|p2a: Magearna|spa|1
|-boost|p2a: Magearna|spd|1
|move|p1a: Talonflame|Flamethrower|p2a: Magearna
|-resisted|p2a: Magearna
|-damage|p2a: Magearna|77/100 brn
|
|-heal|p2a: Magearna|83/100 brn|[from] item: Leftovers
|-damage|p2a: Magearna|77/100 brn|[from] brn
|upkeep
|turn|10
|
|t:|1685897674
|move|p2a: Magearna|Calm Mind|p2a: Magearna
|-boost|p2a: Magearna|spa|1
|-boost|p2a: Magearna|spd|1
|move|p1a: Talonflame|Flamethrower|p2a: Magearna
|-resisted|p2a: Magearna
|-damage|p2a: Magearna|74/100 brn
|
|-heal|p2a: Magearna|80/100 brn|[from] item: Leftovers
|-damage|p2a: Magearna|74/100 brn|[from] brn
|upkeep
|turn|11
|
|t:|1685897676
|move|p2a: Magearna|Calm Mind|p2a: Magearna
|-boost|p2a: Magearna|spa|1
|-boost|p2a: Magearna|spd|1
|move|p1a: Talonflame|Flamethrower|p2a: Magearna
|-resisted|p2a: Magearna
|-damage|p2a: Magearna|71/100 brn
|
|-heal|p2a: Magearna|77/100 brn|[from] item: Leftovers
|-damage|p2a: Magearna|71/100 brn|[from] brn
|upkeep
|turn|12
|
|t:|1685897679
|move|p2a: Magearna|Calm Mind|p2a: Magearna
|-boost|p2a: Magearna|spa|1
|-boost|p2a: Magearna|spd|1
|move|p1a: Talonflame|Flamethrower|p2a: Magearna
|-resisted|p2a: Magearna
|-damage|p2a: Magearna|69/100 brn
|
|-heal|p2a: Magearna|75/100 brn|[from] item: Leftovers
|-damage|p2a: Magearna|69/100 brn|[from] brn
|upkeep
|turn|13
|
|t:|1685897689
|move|p2a: Magearna|Shift Gear|p2a: Magearna
|-boost|p2a: Magearna|spe|2
|-boost|p2a: Magearna|atk|1
|move|p1a: Talonflame|Flamethrower|p2a: Magearna
|-resisted|p2a: Magearna
|-damage|p2a: Magearna|66/100 brn
|
|-heal|p2a: Magearna|72/100 brn|[from] item: Leftovers
|-damage|p2a: Magearna|66/100 brn|[from] brn
|upkeep
|turn|14
|
|t:|1685897692
|move|p2a: Magearna|Draining Kiss|p1a: Talonflame
|-resisted|p1a: Talonflame
|-damage|p1a: Talonflame|27/100
|-heal|p2a: Magearna|100/100 brn|[from] drain|[of] p1a: Talonflame
|move|p1a: Talonflame|Flamethrower|p2a: Magearna
|-resisted|p2a: Magearna
|-damage|p2a: Magearna|98/100 brn
|
|-heal|p2a: Magearna|100/100 brn|[from] item: Leftovers
|-damage|p2a: Magearna|94/100 brn|[from] brn
|upkeep
|turn|15
|
|t:|1685897699
|move|p2a: Magearna|Draining Kiss|p1a: Talonflame
|-resisted|p1a: Talonflame
|-damage|p1a: Talonflame|0 fnt
|-heal|p2a: Magearna|100/100 brn|[from] drain|[of] p1a: Talonflame
|faint|p1a: Talonflame
|
|-damage|p2a: Magearna|94/100 brn|[from] brn
|upkeep
|
|t:|1685897701
|switch|p1a: Meowscarada|Meowscarada, F|100/100
|turn|16
|
|t:|1685897704
|move|p2a: Magearna|Draining Kiss|p1a: Meowscarada
|-supereffective|p1a: Meowscarada
|-enditem|p1a: Meowscarada|Focus Sash
|-damage|p1a: Meowscarada|1/100
|-heal|p2a: Magearna|100/100 brn|[from] drain|[of] p1a: Meowscarada
|move|p1a: Meowscarada|Flower Trick|p2a: Magearna
|-supereffective|p2a: Magearna
|-crit|p2a: Magearna
|-damage|p2a: Magearna|0 fnt
|faint|p2a: Magearna
|
|upkeep
|c|☆Tykey|YEA
|
|t:|1685897714
|switch|p2a: Iron Valiant|Iron Valiant|100/100
|-enditem|p2a: Iron Valiant|Booster Energy
|-activate|p2a: Iron Valiant|ability: Quark Drive|[fromitem]
|-start|p2a: Iron Valiant|quarkdrivespe
|turn|17
|c|☆Tykey|SHCKER
|
|t:|1685897725
|move|p2a: Iron Valiant|Moonblast|p1a: Meowscarada
|-supereffective|p1a: Meowscarada
|-damage|p1a: Meowscarada|0 fnt
|faint|p1a: Meowscarada
|
|upkeep
|c|☆Kindy296579|?
|
|t:|1685897733
|switch|p1a: Iron Valiant|Iron Valiant|100/100
|turn|18
|
|t:|1685897740
|-terastallize|p1a: Iron Valiant|Electric
|move|p2a: Iron Valiant|Moonblast|p1a: Iron Valiant
|-damage|p1a: Iron Valiant|22/100
|move|p1a: Iron Valiant|Moonblast|p2a: Iron Valiant
|-supereffective|p2a: Iron Valiant
|-damage|p2a: Iron Valiant|0 fnt
|faint|p2a: Iron Valiant
|-end|p2a: Iron Valiant|Quark Drive|[silent]
|
|upkeep
|c|☆Tykey|Ur using cringe magerna
|
|t:|1685897755
|switch|p2a: Samurott|Samurott-Hisui, M|100/100
|turn|19
|
|t:|1685897763
|-end|p1a: Iron Valiant|Quark Drive|[silent]
|switch|p1a: Zapdos|Zapdos-Galar|100/100
|move|p2a: Samurott|Sucker Punch||[still]
|-fail|p2a: Samurott
|
|upkeep
|turn|20
|
|t:|1685897769
|move|p1a: Zapdos|Bulk Up|p1a: Zapdos
|-boost|p1a: Zapdos|atk|1
|-boost|p1a: Zapdos|def|1
|move|p2a: Samurott|Aqua Cutter|p1a: Zapdos
|-damage|p1a: Zapdos|65/100
|
|upkeep
|turn|21
|
|t:|1685897773
|move|p1a: Zapdos|Trailblaze|p2a: Samurott
|-supereffective|p2a: Samurott
|-damage|p2a: Samurott|36/100
|-boost|p1a: Zapdos|spe|1
|-damage|p1a: Zapdos|48/100|[from] item: Rocky Helmet|[of] p2a: Samurott
|move|p2a: Samurott|Aqua Cutter|p1a: Zapdos
|-damage|p1a: Zapdos|11/100
|
|upkeep
|turn|22
|
|t:|1685897777
|move|p2a: Samurott|Sucker Punch||[still]
|-fail|p2a: Samurott
|move|p1a: Zapdos|Bulk Up|p1a: Zapdos
|-boost|p1a: Zapdos|atk|1
|-boost|p1a: Zapdos|def|1
|
|upkeep
|turn|23
|
|t:|1685897780
|move|p2a: Samurott|Sucker Punch|p1a: Zapdos
|-resisted|p1a: Zapdos
|-damage|p1a: Zapdos|3/100
|move|p1a: Zapdos|Trailblaze|p2a: Samurott
|-supereffective|p2a: Samurott
|-damage|p2a: Samurott|0 fnt
|-boost|p1a: Zapdos|spe|1
|-damage|p1a: Zapdos|0 fnt|[from] item: Rocky Helmet|[of] p2a: Samurott
|faint|p2a: Samurott
|faint|p1a: Zapdos
|
|upkeep
|
|t:|1685897790
|switch|p1a: Zamazenta|Zamazenta, shiny|100/100
|switch|p2a: Lilligant|Lilligant-Hisui, F|100/100
|-ability|p1a: Zamazenta|Dauntless Shield|boost
|-boost|p1a: Zamazenta|def|1
|turn|24
|
|t:|1685897795
|move|p1a: Zamazenta|Close Combat|p2a: Lilligant
|-damage|p2a: Lilligant|0 fnt
|-unboost|p1a: Zamazenta|def|1
|-unboost|p1a: Zamazenta|spd|1
|faint|p2a: Lilligant
|-damage|p1a: Zamazenta|91/100|[from] item: Life Orb
|
|upkeep
|
|t:|1685897798
|switch|p2a: Corviknight|Corviknight, M|100/100
|-ability|p2a: Corviknight|Pressure
|turn|25
|
|t:|1685897803
|move|p1a: Zamazenta|Wild Charge|p2a: Corviknight
|-supereffective|p2a: Corviknight
|-damage|p2a: Corviknight|39/100
|-damage|p1a: Zamazenta|74/100|[from] item: Rocky Helmet|[of] p2a: Corviknight
|-damage|p1a: Zamazenta|55/100|[from] Recoil
|-damage|p1a: Zamazenta|45/100|[from] item: Life Orb
|move|p2a: Corviknight|Bulk Up|p2a: Corviknight
|-boost|p2a: Corviknight|atk|1
|-boost|p2a: Corviknight|def|1
|
|upkeep
|turn|26
|
|t:|1685897808
|move|p1a: Zamazenta|Howl|p1a: Zamazenta
|-boost|p1a: Zamazenta|atk|1
|move|p2a: Corviknight|Roost|p2a: Corviknight
|-heal|p2a: Corviknight|89/100
|-singleturn|p2a: Corviknight|move: Roost
|
|upkeep
|turn|27
|
|t:|1685897813
|move|p1a: Zamazenta|Wild Charge|p2a: Corviknight
|-supereffective|p2a: Corviknight
|-damage|p2a: Corviknight|28/100
|-damage|p1a: Zamazenta|29/100|[from] item: Rocky Helmet|[of] p2a: Corviknight
|-damage|p1a: Zamazenta|10/100|[from] Recoil
|-damage|p1a: Zamazenta|0 fnt|[from] item: Life Orb
|faint|p1a: Zamazenta
|move|p2a: Corviknight|Brave Bird|p1: Zamazenta|[notarget]
|-fail|p2a: Corviknight
|
|upkeep
|
|t:|1685897815
|switch|p1a: Iron Valiant|Iron Valiant, tera:Electric|22/100
|turn|28
|
|t:|1685897821
|move|p1a: Iron Valiant|Thunderbolt|p2a: Corviknight
|-supereffective|p2a: Corviknight
|-damage|p2a: Corviknight|0 fnt
|faint|p2a: Corviknight
|
|win|Tykey
|raw|Tykey's rating: 1352 → 1367(+15 for winning)
|raw|Kindy296579's rating: 1268 → 1249(-19 for losing)
