|j|☆Jimmi3jack
|j|☆Ketchup2000
|t:|1685844752
|gametype|singles
|player|p1|Jimmi3jack|266|1240
|player|p2|Ketchup2000|byron|1238
|teamsize|p1|6
|teamsize|p2|6
|gen|9
|tier|[Gen 9] OU
|rated|
|rule|Sleep Clause Mod: Limit one foe put to sleep
|rule|Species Clause: Limit one of each Pokémon
|rule|OHKO Clause: OHKO moves are banned
|rule|Evasion Items Clause: Evasion items are banned
|rule|Evasion Moves Clause: Evasion moves are banned
|rule|Endless Battle Clause: Forcing endless battles is banned
|rule|HP Percentage Mod: HP is shown in percentages
|clearpoke
|poke|p1|Basculegion-F, F|
|poke|p1|Ting-Lu|
|poke|p1|Rotom-Heat|
|poke|p1|Amoonguss, F|
|poke|p1|Sneasler, F|
|poke|p1|Kingambit, M|
|poke|p2|Sneasler, F|
|poke|p2|Landorus-Therian, M|
|poke|p2|Corviknight, F|
|poke|p2|Great Tusk|
|poke|p2|Braviary-Hisui, M|
|poke|p2|Typhlosion-Hisui, F|
|teampreview
|
|t:|1685844768
|start
|switch|p1a: Basculegion|Basculegion-F, F|100/100
|switch|p2a: Landorus|Landorus-Therian, M|100/100
|-ability|p2a: Landorus|Intimidate|boost
|-unboost|p1a: Basculegion|atk|1
|turn|1
|
|t:|1685844780
|move|p2a: Landorus|U-turn|p1a: Basculegion
|-resisted|p1a: Basculegion
|-damage|p1a: Basculegion|86/100
|
|t:|1685844785
|switch|p2a: Corviknight|Corviknight, F|100/100|[from] U-turn
|-ability|p2a: Corviknight|Pressure
|move|p1a: Basculegion|Surf|p2a: Corviknight
|-damage|p2a: Corviknight|40/100
|
|upkeep
|turn|2
|
|t:|1685844817
|switch|p1a: Rotom|Rotom-Heat|100/100
|move|p2a: Corviknight|Roost|p2a: Corviknight
|-heal|p2a: Corviknight|90/100
|-singleturn|p2a: Corviknight|move: Roost
|
|upkeep
|turn|3
|
|t:|1685844843
|move|p1a: Rotom|Trick|p2a: Corviknight
|-activate|p1a: Rotom|move: Trick|[of] p2a: Corviknight
|-item|p2a: Corviknight|Choice Scarf|[from] move: Trick
|-item|p1a: Rotom|Weakness Policy|[from] move: Trick
|move|p2a: Corviknight|Roost|p2a: Corviknight
|-heal|p2a: Corviknight|100/100
|-singleturn|p2a: Corviknight|move: Roost
|
|upkeep
|turn|4
|
|t:|1685844857
|switch|p2a: Landorus|Landorus-Therian, M|100/100
|-ability|p2a: Landorus|Intimidate|boost
|-unboost|p1a: Rotom|atk|1
|move|p1a: Rotom|Overheat|p2a: Landorus
|-damage|p2a: Landorus|44/100
|-unboost|p1a: Rotom|spa|2
|
|upkeep
|turn|5
|
|t:|1685844865
|switch|p1a: Ting-Lu|Ting-Lu|100/100
|-ability|p1a: Ting-Lu|Vessel of Ruin
|move|p2a: Landorus|Stealth Rock|p1a: Ting-Lu
|-sidestart|p1: Jimmi3jack|move: Stealth Rock
|
|upkeep
|turn|6
|
|t:|1685844869
|move|p2a: Landorus|U-turn|p1a: Ting-Lu
|-supereffective|p1a: Ting-Lu
|-damage|p1a: Ting-Lu|80/100
|
|t:|1685844872
|switch|p2a: Sneasler|Sneasler, F|100/100|[from] U-turn
|-item|p2a: Sneasler|Air Balloon
|move|p1a: Ting-Lu|Whirlwind|p2a: Sneasler
|drag|p2a: Corviknight|Corviknight, F|100/100
|-ability|p2a: Corviknight|Pressure
|
|-heal|p1a: Ting-Lu|86/100|[from] item: Leftovers
|upkeep
|turn|7
|
|t:|1685844888
|switch|p2a: Braviary|Braviary-Hisui, M|100/100
|move|p1a: Ting-Lu|Stealth Rock|p2a: Braviary
|-sidestart|p2: Ketchup2000|move: Stealth Rock
|
|-heal|p1a: Ting-Lu|93/100|[from] item: Leftovers
|upkeep
|turn|8
|
|t:|1685844899
|move|p2a: Braviary|Calm Mind|p2a: Braviary
|-boost|p2a: Braviary|spa|1
|-boost|p2a: Braviary|spd|1
|move|p1a: Ting-Lu|Whirlwind|p2a: Braviary
|drag|p2a: Corviknight|Corviknight, F|100/100
|-damage|p2a: Corviknight|88/100|[from] Stealth Rock
|-ability|p2a: Corviknight|Pressure
|
|-heal|p1a: Ting-Lu|99/100|[from] item: Leftovers
|upkeep
|turn|9
|
|t:|1685844906
|move|p2a: Corviknight|Power Trip|p1a: Ting-Lu
|-resisted|p1a: Ting-Lu
|-damage|p1a: Ting-Lu|98/100
|move|p1a: Ting-Lu|Spikes|p2a: Corviknight
|-sidestart|p2: Ketchup2000|Spikes
|
|-heal|p1a: Ting-Lu|100/100|[from] item: Leftovers
|upkeep
|turn|10
|
|t:|1685844913
|switch|p2a: Braviary|Braviary-Hisui, M|100/100
|move|p1a: Ting-Lu|Spikes|p2a: Braviary
|-sidestart|p2: Ketchup2000|Spikes
|
|upkeep
|turn|11
|
|t:|1685844918
|move|p2a: Braviary|Dazzling Gleam|p1a: Ting-Lu
|-supereffective|p1a: Ting-Lu
|-damage|p1a: Ting-Lu|72/100
|move|p1a: Ting-Lu|Whirlwind|p2a: Braviary
|drag|p2a: Typhlosion|Typhlosion-Hisui, F|100/100
|-damage|p2a: Typhlosion|76/100|[from] Stealth Rock
|-damage|p2a: Typhlosion|59/100|[from] Spikes
|
|-heal|p1a: Ting-Lu|78/100|[from] item: Leftovers
|upkeep
|turn|12
|
|t:|1685844937
|-terastallize|p2a: Typhlosion|Ice
|move|p2a: Typhlosion|Tera Blast|p1a: Ting-Lu
|-supereffective|p1a: Ting-Lu
|-crit|p1a: Ting-Lu
|-damage|p1a: Ting-Lu|0 fnt
|faint|p1a: Ting-Lu
|
|upkeep
|
|t:|1685844946
|switch|p1a: Sneasler|Sneasler, F|100/100
|-damage|p1a: Sneasler|95/100|[from] Stealth Rock
|-item|p1a: Sneasler|Air Balloon
|turn|13
|
|t:|1685844961
|switch|p2a: Landorus|Landorus-Therian, M|44/100
|-damage|p2a: Landorus|31/100|[from] Stealth Rock
|-ability|p2a: Landorus|Intimidate|boost
|-unboost|p1a: Sneasler|atk|1
|move|p1a: Sneasler|Close Combat|p2a: Landorus
|-resisted|p2a: Landorus
|-damage|p2a: Landorus|10/100
|-unboost|p1a: Sneasler|def|1
|-unboost|p1a: Sneasler|spd|1
|-damage|p1a: Sneasler|78/100|[from] item: Rocky Helmet|[of] p2a: Landorus
|
|upkeep
|turn|14
|
|t:|1685844972
|switch|p1a: Amoonguss|Amoonguss, F|100/100
|-damage|p1a: Amoonguss|88/100|[from] Stealth Rock
|move|p2a: Landorus|U-turn|p1a: Amoonguss
|-damage|p1a: Amoonguss|62/100
|
|t:|1685844982
|switch|p2a: Typhlosion|Typhlosion-Hisui, F, tera:Ice|59/100|[from] U-turn
|-damage|p2a: Typhlosion|35/100|[from] Stealth Rock
|-damage|p2a: Typhlosion|18/100|[from] Spikes
|
|-heal|p1a: Amoonguss|68/100|[from] item: Black Sludge
|upkeep
|turn|15
|
|t:|1685844992
|switch|p1a: Rotom|Rotom-Heat|100/100
|-damage|p1a: Rotom|76/100|[from] Stealth Rock
|move|p2a: Typhlosion|Flamethrower|p1a: Rotom
|-resisted|p1a: Rotom
|-damage|p1a: Rotom|15/100
|
|upkeep
|turn|16
|
|t:|1685845011
|move|p2a: Typhlosion|Flamethrower|p1a: Rotom
|-resisted|p1a: Rotom
|-damage|p1a: Rotom|0 fnt
|faint|p1a: Rotom
|
|upkeep
|
|t:|1685845016
|switch|p1a: Kingambit|Kingambit, M|100/100
|-damage|p1a: Kingambit|94/100|[from] Stealth Rock
|-activate|p1a: Kingambit|ability: Supreme Overlord
|-start|p1a: Kingambit|fallen2|[silent]
|turn|17
|
|t:|1685845021
|move|p2a: Typhlosion|Flamethrower|p1a: Kingambit
|-supereffective|p1a: Kingambit
|-damage|p1a: Kingambit|0 fnt
|faint|p1a: Kingambit
|-end|p1a: Kingambit|fallen2|[silent]
|
|upkeep
|
|t:|1685845025
|switch|p1a: Amoonguss|Amoonguss, F|100/100
|-damage|p1a: Amoonguss|88/100|[from] Stealth Rock
|turn|18
|
|t:|1685845028
|-terastallize|p1a: Amoonguss|Water
|move|p2a: Typhlosion|Flamethrower|p1a: Amoonguss
|-resisted|p1a: Amoonguss
|-damage|p1a: Amoonguss|58/100
|move|p1a: Amoonguss|Foul Play|p2a: Typhlosion
|-damage|p2a: Typhlosion|0 fnt
|faint|p2a: Typhlosion
|
|-damage|p1a: Amoonguss|46/100|[from] item: Black Sludge
|upkeep
|
|t:|1685845058
|switch|p2a: Braviary|Braviary-Hisui, M|100/100
|turn|19
|
|t:|1685845063
|move|p2a: Braviary|Esper Wing|p1a: Amoonguss
|-damage|p1a: Amoonguss|21/100
|-boost|p2a: Braviary|spe|1
|move|p1a: Amoonguss|Spore|p2a: Braviary
|-status|p2a: Braviary|slp|[from] move: Spore
|
|-damage|p1a: Amoonguss|9/100|[from] item: Black Sludge
|upkeep
|turn|20
|
|t:|1685845072
|switch|p1a: Basculegion|Basculegion-F, F|86/100
|-damage|p1a: Basculegion|73/100|[from] Stealth Rock
|cant|p2a: Braviary|slp
|
|upkeep
|turn|21
|
|t:|1685845077
|-curestatus|p2a: Braviary|slp|[msg]
|move|p2a: Braviary|Esper Wing|p1a: Basculegion
|-crit|p1a: Basculegion
|-damage|p1a: Basculegion|20/100
|-boost|p2a: Braviary|spe|1
|move|p1a: Basculegion|Shadow Ball|p2a: Braviary
|-supereffective|p2a: Braviary
|-damage|p2a: Braviary|0 fnt
|faint|p2a: Braviary
|
|upkeep
|
|t:|1685845087
|switch|p2a: Great Tusk|Great Tusk|100/100
|-damage|p2a: Great Tusk|98/100|[from] Stealth Rock
|-damage|p2a: Great Tusk|81/100|[from] Spikes
|-enditem|p2a: Great Tusk|Booster Energy
|-activate|p2a: Great Tusk|ability: Protosynthesis|[fromitem]
|-start|p2a: Great Tusk|protosynthesisatk
|turn|22
|
|t:|1685845100
|move|p2a: Great Tusk|Headlong Rush|p1a: Basculegion
|-damage|p1a: Basculegion|0 fnt
|-unboost|p2a: Great Tusk|def|1
|-unboost|p2a: Great Tusk|spd|1
|faint|p1a: Basculegion
|
|upkeep
|
|t:|1685845102
|switch|p1a: Sneasler|Sneasler, F|78/100
|-damage|p1a: Sneasler|72/100|[from] Stealth Rock
|-item|p1a: Sneasler|Air Balloon
|turn|23
|
|t:|1685845113
|-end|p2a: Great Tusk|Protosynthesis|[silent]
|switch|p2a: Corviknight|Corviknight, F|88/100
|-damage|p2a: Corviknight|76/100|[from] Stealth Rock
|-ability|p2a: Corviknight|Pressure
|move|p1a: Sneasler|Swords Dance|p1a: Sneasler
|-boost|p1a: Sneasler|atk|2
|
|upkeep
|turn|24
|
|t:|1685845127
|move|p1a: Sneasler|Close Combat|p2a: Corviknight
|-damage|p2a: Corviknight|0 fnt
|-unboost|p1a: Sneasler|def|1
|-unboost|p1a: Sneasler|spd|1
|faint|p2a: Corviknight
|
|upkeep
|
|t:|1685845137
|switch|p2a: Landorus|Landorus-Therian, M|10/100
|-damage|p2a: Landorus|0 fnt|[from] Stealth Rock
|faint|p2a: Landorus
|
|t:|1685845141
|switch|p2a: Sneasler|Sneasler, F|100/100
|-damage|p2a: Sneasler|95/100|[from] Stealth Rock
|-item|p2a: Sneasler|Air Balloon
|turn|25
|
|t:|1685845150
|move|p2a: Sneasler|Close Combat|p1a: Sneasler
|-resisted|p1a: Sneasler
|-damage|p1a: Sneasler|0 fnt
|-unboost|p2a: Sneasler|def|1
|-unboost|p2a: Sneasler|spd|1
|-enditem|p1a: Sneasler|Air Balloon
|faint|p1a: Sneasler
|
|upkeep
|
|t:|1685845152
|switch|p1a: Amoonguss|Amoonguss, F, tera:Water|42/100
|-damage|p1a: Amoonguss|30/100|[from] Stealth Rock
|turn|26
|-message|Jimmi3jack forfeited.
|
|win|Ketchup2000
|raw|Jimmi3jack's rating: 1240 → 1215(-25 for losing)
|raw|Ketchup2000's rating: 1238 → 1263(+25 for winning)
|l|☆Jimmi3jack
