|j|‽The King of PS
|j|☆No1MariaGoreySimp
|t:|1685848128
|gametype|singles
|player|p1|The King of PS|266|1777
|player|p2|No1MariaGoreySimp|iono|1724
|teamsize|p1|6
|teamsize|p2|6
|gen|9
|tier|[Gen 9] OU
|rated|
|rule|Sleep Clause Mod: Limit one foe put to sleep
|rule|Species Clause: Limit one of each Pokémon
|rule|OHKO Clause: OHKO moves are banned
|rule|Evasion Items Clause: Evasion items are banned
|rule|Evasion Moves Clause: Evasion moves are banned
|rule|Endless Battle Clause: Forcing endless battles is banned
|rule|HP Percentage Mod: HP is shown in percentages
|clearpoke
|poke|p1|Ceruledge, M|
|poke|p1|Dragapult, M|
|poke|p1|Urshifu-*, F|
|poke|p1|Thundurus-Therian, M|
|poke|p1|Magearna|
|poke|p1|Glimmora, M|
|poke|p2|Skeledirge, M|
|poke|p2|Ting-Lu|
|poke|p2|Dondozo, M|
|poke|p2|Toxapex, F|
|poke|p2|Alomomola, F|
|poke|p2|Dragonite, F|
|teampreview
|inactive|Battle timer is ON: inactive players will automatically lose when time's up. (requested by No1MariaGoreySimp)
|j| Noob 0_o 2022
|
|t:|1685848140
|start
|switch|p1a: Glimmora|Glimmora, M|100/100
|switch|p2a: Ting-Lu|Ting-Lu|100/100
|-ability|p2a: Ting-Lu|Vessel of Ruin
|turn|1
|j| Pokemon Hates Me
|
|t:|1685848158
|move|p1a: Glimmora|Mortal Spin|p2a: Ting-Lu
|-resisted|p2a: Ting-Lu
|-damage|p2a: Ting-Lu|99/100
|-status|p2a: Ting-Lu|psn
|move|p2a: Ting-Lu|Earthquake|p1a: Glimmora
|-supereffective|p1a: Glimmora
|-enditem|p1a: Glimmora|Focus Sash
|-damage|p1a: Glimmora|1/100
|-activate|p1a: Glimmora|ability: Toxic Debris
|-sidestart|p2: No1MariaGoreySimp|move: Toxic Spikes
|
|-damage|p2a: Ting-Lu|86/100 psn|[from] psn
|upkeep
|turn|2
|
|t:|1685848168
|move|p1a: Glimmora|Stealth Rock|p2a: Ting-Lu
|-sidestart|p2: No1MariaGoreySimp|move: Stealth Rock
|move|p2a: Ting-Lu|Earthquake|p1a: Glimmora
|-supereffective|p1a: Glimmora
|-damage|p1a: Glimmora|0 fnt
|-activate|p1a: Glimmora|ability: Toxic Debris
|-sidestart|p2: No1MariaGoreySimp|move: Toxic Spikes
|faint|p1a: Glimmora
|
|-damage|p2a: Ting-Lu|74/100 psn|[from] psn
|upkeep
|
|t:|1685848185
|switch|p1a: Thundurus|Thundurus-Therian, M|100/100
|turn|3
|
|t:|1685848202
|switch|p2a: Skeledirge|Skeledirge, M|100/100
|move|p1a: Thundurus|Nasty Plot|p1a: Thundurus
|-boost|p1a: Thundurus|spa|2
|
|upkeep
|turn|4
|j| fnnnn
|
|t:|1685848215
|move|p1a: Thundurus|Thunderbolt|p2a: Skeledirge
|-damage|p2a: Skeledirge|63/100
|move|p2a: Skeledirge|Will-O-Wisp|p1a: Thundurus
|-status|p1a: Thundurus|brn
|
|-damage|p1a: Thundurus|94/100 brn|[from] brn
|upkeep
|turn|5
|
|t:|1685848224
|switch|p1a: Urshifu|Urshifu-Rapid-Strike, F|100/100
|move|p2a: Skeledirge|Slack Off|p2a: Skeledirge
|-heal|p2a: Skeledirge|100/100
|
|upkeep
|turn|6
|
|t:|1685848230
|switch|p2a: Toxapex|Toxapex, F|100/100
|-sideend|p2: No1MariaGoreySimp|move: Toxic Spikes|[of] p2a: Toxapex
|move|p1a: Urshifu|Surging Strikes|p2a: Toxapex
|-resisted|p2a: Toxapex
|-crit|p2a: Toxapex
|-damage|p2a: Toxapex|93/100
|-resisted|p2a: Toxapex
|-crit|p2a: Toxapex
|-damage|p2a: Toxapex|87/100
|-resisted|p2a: Toxapex
|-crit|p2a: Toxapex
|-damage|p2a: Toxapex|80/100
|-hitcount|p2a: Toxapex|3
|
|upkeep
|turn|7
|j| agamrs
|
|t:|1685848250
|switch|p1a: Magearna|Magearna|100/100
|move|p2a: Toxapex|Toxic Spikes|p1a: Magearna
|-sidestart|p1: The King of PS|move: Toxic Spikes
|
|upkeep
|turn|8
|l| agamrs
|
|t:|1685848256
|switch|p2a: Skeledirge|Skeledirge, M|100/100
|move|p1a: Magearna|Calm Mind|p1a: Magearna
|-boost|p1a: Magearna|spa|1
|-boost|p1a: Magearna|spd|1
|
|upkeep
|turn|9
|
|t:|1685848260
|move|p1a: Magearna|Shift Gear|p1a: Magearna
|-boost|p1a: Magearna|spe|2
|-boost|p1a: Magearna|atk|1
|move|p2a: Skeledirge|Earth Power|p1a: Magearna
|-supereffective|p1a: Magearna
|-damage|p1a: Magearna|61/100
|-enditem|p1a: Magearna|Weakness Policy
|-boost|p1a: Magearna|atk|2|[from] item: Weakness Policy
|-boost|p1a: Magearna|spa|2|[from] item: Weakness Policy
|
|upkeep
|turn|10
|j| true tear
|
|t:|1685848273
|-terastallize|p1a: Magearna|Water
|-terastallize|p2a: Skeledirge|Steel
|move|p1a: Magearna|Stored Power|p2a: Skeledirge
|-resisted|p2a: Skeledirge
|-damage|p2a: Skeledirge|72/100
|move|p2a: Skeledirge|Earth Power|p1a: Magearna
|-damage|p1a: Magearna|40/100
|
|upkeep
|turn|11
|
|t:|1685848283
|move|p1a: Magearna|Stored Power|p2a: Skeledirge
|-resisted|p2a: Skeledirge
|-damage|p2a: Skeledirge|43/100
|move|p2a: Skeledirge|Will-O-Wisp|p1a: Magearna
|-status|p1a: Magearna|brn
|
|-damage|p1a: Magearna|34/100 brn|[from] brn
|upkeep
|turn|12
|
|t:|1685848290
|move|p1a: Magearna|Stored Power|p2a: Skeledirge
|-resisted|p2a: Skeledirge
|-damage|p2a: Skeledirge|16/100
|move|p2a: Skeledirge|Slack Off|p2a: Skeledirge
|-heal|p2a: Skeledirge|66/100
|
|-damage|p1a: Magearna|28/100 brn|[from] brn
|upkeep
|turn|13
|
|t:|1685848294
|move|p1a: Magearna|Stored Power|p2a: Skeledirge
|-resisted|p2a: Skeledirge
|-damage|p2a: Skeledirge|40/100
|move|p2a: Skeledirge|Hex|p1a: Magearna
|-damage|p1a: Magearna|0 fnt
|faint|p1a: Magearna
|
|upkeep
|
|t:|1685848300
|switch|p1a: Ceruledge|Ceruledge, M|100/100
|-item|p1a: Ceruledge|Air Balloon
|turn|14
|
|t:|1685848308
|switch|p2a: Toxapex|Toxapex, F|100/100
|move|p1a: Ceruledge|Bitter Blade|p2a: Toxapex
|-resisted|p2a: Toxapex
|-damage|p2a: Toxapex|87/100
|
|upkeep
|turn|15
|
|t:|1685848312
|switch|p1a: Thundurus|Thundurus-Therian, M|94/100 brn
|move|p2a: Toxapex|Toxic||[still]
|-fail|p2a: Toxapex
|
|-damage|p1a: Thundurus|88/100 brn|[from] brn
|upkeep
|turn|16
|j| Rookie 55
|
|t:|1685848321
|switch|p2a: Dragonite|Dragonite, F|100/100
|move|p1a: Thundurus|Nasty Plot|p1a: Thundurus
|-boost|p1a: Thundurus|spa|2
|
|-damage|p1a: Thundurus|82/100 brn|[from] brn
|upkeep
|turn|17
|
|t:|1685848325
|move|p1a: Thundurus|Thunderbolt|p2a: Dragonite
|-damage|p2a: Dragonite|50/100
|move|p2a: Dragonite|Dragon Dance|p2a: Dragonite
|-boost|p2a: Dragonite|atk|1
|-boost|p2a: Dragonite|spe|1
|
|-damage|p1a: Thundurus|76/100 brn|[from] brn
|upkeep
|turn|18
|j| b418hz
|
|t:|1685848331
|switch|p1a: Dragapult|Dragapult, M|100/100
|-status|p1a: Dragapult|psn
|move|p2a: Dragonite|Extreme Speed|p1a: Dragapult
|-immune|p1a: Dragapult
|
|-damage|p1a: Dragapult|88/100 psn|[from] psn
|upkeep
|turn|19
|
|t:|1685848339
|switch|p2a: Toxapex|Toxapex, F|100/100
|move|p1a: Dragapult|Will-O-Wisp|p2a: Toxapex
|-status|p2a: Toxapex|brn
|
|-damage|p1a: Dragapult|76/100 psn|[from] psn
|-damage|p2a: Toxapex|94/100 brn|[from] brn
|upkeep
|turn|20
|
|t:|1685848345
|move|p1a: Dragapult|Reflect|p1a: Dragapult
|-sidestart|p1: The King of PS|Reflect
|move|p2a: Toxapex|Toxic||[still]
|-fail|p2a: Toxapex
|
|-damage|p1a: Dragapult|63/100 psn|[from] psn
|-damage|p2a: Toxapex|88/100 brn|[from] brn
|upkeep
|turn|21
|
|t:|1685848351
|switch|p1a: Thundurus|Thundurus-Therian, M|76/100 brn
|switch|p2a: Skeledirge|Skeledirge, M, tera:Steel|40/100
|
|-damage|p1a: Thundurus|70/100 brn|[from] brn
|upkeep
|turn|22
|
|t:|1685848354
|move|p1a: Thundurus|Focus Blast|p2a: Skeledirge
|-supereffective|p2a: Skeledirge
|-crit|p2a: Skeledirge
|-damage|p2a: Skeledirge|0 fnt
|faint|p2a: Skeledirge
|
|-damage|p1a: Thundurus|64/100 brn|[from] brn
|upkeep
|
|t:|1685848361
|switch|p2a: Dragonite|Dragonite, F|50/100
|turn|23
|
|t:|1685848364
|move|p2a: Dragonite|Extreme Speed|p1a: Thundurus
|-damage|p1a: Thundurus|40/100 brn
|move|p1a: Thundurus|Thunderbolt|p2a: Dragonite
|-damage|p2a: Dragonite|0 fnt
|faint|p2a: Dragonite
|
|-damage|p1a: Thundurus|34/100 brn|[from] brn
|upkeep
|
|t:|1685848370
|switch|p2a: Ting-Lu|Ting-Lu|74/100 psn
|-ability|p2a: Ting-Lu|Vessel of Ruin
|turn|24
|
|t:|1685848376
|move|p1a: Thundurus|Nasty Plot|p1a: Thundurus
|-boost|p1a: Thundurus|spa|2
|move|p2a: Ting-Lu|Stealth Rock|p1a: Thundurus
|-sidestart|p1: The King of PS|move: Stealth Rock
|
|-damage|p2a: Ting-Lu|61/100 psn|[from] psn
|-damage|p1a: Thundurus|28/100 brn|[from] brn
|upkeep
|turn|25
|
|t:|1685848379
|move|p1a: Thundurus|Grass Knot|p2a: Ting-Lu
|-supereffective|p2a: Ting-Lu
|-damage|p2a: Ting-Lu|0 fnt
|faint|p2a: Ting-Lu
|
|-damage|p1a: Thundurus|22/100 brn|[from] brn
|upkeep
|
|t:|1685848382
|switch|p2a: Dondozo|Dondozo, M|100/100
|turn|26
|
|t:|1685848385
|move|p1a: Thundurus|Thunderbolt|p2a: Dondozo
|-supereffective|p2a: Dondozo
|-damage|p2a: Dondozo|0 fnt
|faint|p2a: Dondozo
|
|-damage|p1a: Thundurus|16/100 brn|[from] brn
|upkeep
|
|t:|1685848388
|switch|p2a: Alomomola|Alomomola, F|100/100
|turn|27
|
|t:|1685848390
|move|p2a: Alomomola|Protect|p2a: Alomomola
|-singleturn|p2a: Alomomola|Protect
|move|p1a: Thundurus|Thunderbolt|p2a: Alomomola
|-activate|p2a: Alomomola|move: Protect
|
|-damage|p1a: Thundurus|10/100 brn|[from] brn
|-sideend|p1: The King of PS|Reflect
|upkeep
|turn|28
|j| wkx4567
|
|t:|1685848394
|move|p2a: Alomomola|Protect||[still]
|-fail|p2a: Alomomola
|move|p1a: Thundurus|Thunderbolt|p2a: Alomomola
|-supereffective|p2a: Alomomola
|-damage|p2a: Alomomola|0 fnt
|faint|p2a: Alomomola
|
|-damage|p1a: Thundurus|4/100 brn|[from] brn
|upkeep
|-message|No1MariaGoreySimp forfeited.
|
|win|The King of PS
|raw|The King of PS's rating: 1777 → 1794(+17 for winning)
|raw|No1MariaGoreySimp's rating: 1724 → 1707(-17 for losing)
|l|☆No1MariaGoreySimp
|l|‽The King of PS
|l| b418hz
|l| true tear
|l| Pokemon Hates Me
