|j|☆pokeleonardoball
|j|☆imrossk
|t:|1685914373
|gametype|singles
|player|p1|pokeleonardoball|lucas|1088
|player|p2|imrossk|2|1158
|teamsize|p1|6
|teamsize|p2|6
|gen|9
|tier|[Gen 9] OU
|rated|
|rule|Sleep Clause Mod: Limit one foe put to sleep
|rule|Species Clause: Limit one of each Pokémon
|rule|OHKO Clause: OHKO moves are banned
|rule|Evasion Items Clause: Evasion items are banned
|rule|Evasion Moves Clause: Evasion moves are banned
|rule|Endless Battle Clause: Forcing endless battles is banned
|rule|HP Percentage Mod: HP is shown in percentages
|clearpoke
|poke|p1|Arcanine-Hisui, M|
|poke|p1|Avalugg-Hisui, F|
|poke|p1|Braviary-Hisui, M|
|poke|p1|Decidueye-Hisui, F|
|poke|p1|Electrode-Hisui|
|poke|p1|Goodra-Hisui, F|
|poke|p2|Ursaluna, M|
|poke|p2|Samurott-Hisui, F|
|poke|p2|Enamorus-Therian, F|
|poke|p2|Cyclizar, F|
|poke|p2|Moltres|
|poke|p2|Alomomola, F|
|teampreview
|
|t:|1685914394
|start
|switch|p1a: Avalugg|Avalugg-Hisui, F|100/100
|switch|p2a: Samurott|Samurott-Hisui, F|100/100
|turn|1
|
|t:|1685914423
|move|p2a: Samurott|Sacred Sword|p1a: Avalugg
|-supereffective|p1a: Avalugg
|-damage|p1a: Avalugg|5/100
|move|p1a: Avalugg|Stealth Rock|p2a: Samurott
|-sidestart|p2: imrossk|move: Stealth Rock
|
|-heal|p1a: Avalugg|11/100|[from] item: Leftovers
|upkeep
|turn|2
|
|t:|1685914433
|move|p2a: Samurott|Sacred Sword|p1a: Avalugg
|-supereffective|p1a: Avalugg
|-damage|p1a: Avalugg|0 fnt
|faint|p1a: Avalugg
|
|upkeep
|
|t:|1685914439
|switch|p1a: Decidueye|Decidueye-Hisui, F|100/100
|turn|3
|
|t:|1685914449
|switch|p2a: Moltres|Moltres|100/100
|move|p1a: Decidueye|Triple Arrows|p2a: Moltres
|-resisted|p2a: Moltres
|-damage|p2a: Moltres|79/100
|-unboost|p2a: Moltres|def|1
|
|upkeep
|turn|4
|
|t:|1685914461
|switch|p1a: Arcanine|Arcanine-Hisui, M|100/100
|move|p2a: Moltres|Will-O-Wisp|p1a: Arcanine
|-immune|p1a: Arcanine
|
|upkeep
|turn|5
|
|t:|1685914486
|switch|p2a: Alomomola|Alomomola, F|100/100
|move|p1a: Arcanine|Head Smash|p2a: Alomomola
|-damage|p2a: Alomomola|41/100
|
|upkeep
|turn|6
|
|t:|1685914498
|move|p2a: Alomomola|Protect|p2a: Alomomola
|-singleturn|p2a: Alomomola|Protect
|move|p1a: Arcanine|Head Smash|p2a: Alomomola
|-activate|p2a: Alomomola|move: Protect
|
|upkeep
|turn|7
|
|t:|1685914518
|switch|p1a: Decidueye|Decidueye-Hisui, F|100/100
|move|p2a: Alomomola|Chilling Water|p1a: Decidueye
|-resisted|p1a: Decidueye
|-damage|p1a: Decidueye|96/100
|-unboost|p1a: Decidueye|atk|1
|
|-heal|p1a: Decidueye|100/100|[from] item: Leftovers
|upkeep
|turn|8
|
|t:|1685914527
|switch|p2a: Moltres|Moltres|79/100
|move|p1a: Decidueye|Leaf Blade|p2a: Moltres
|-resisted|p2a: Moltres
|-damage|p2a: Moltres|72/100
|
|upkeep
|turn|9
|
|t:|1685914541
|switch|p1a: Arcanine|Arcanine-Hisui, M|100/100
|move|p2a: Moltres|U-turn|p1a: Arcanine
|-resisted|p1a: Arcanine
|-damage|p1a: Arcanine|92/100
|
|t:|1685914548
|switch|p2a: Samurott|Samurott-Hisui, F|100/100|[from] U-turn
|-damage|p2a: Samurott|88/100|[from] Stealth Rock
|
|upkeep
|turn|10
|
|t:|1685914557
|switch|p1a: Decidueye|Decidueye-Hisui, F|100/100
|move|p2a: Samurott|Ceaseless Edge|p1a: Decidueye|[miss]
|-miss|p2a: Samurott|p1a: Decidueye
|
|upkeep
|turn|11
|
|t:|1685914568
|switch|p2a: Moltres|Moltres|72/100
|move|p1a: Decidueye|Knock Off|p2a: Moltres
|-damage|p2a: Moltres|37/100
|-enditem|p2a: Moltres|Heavy-Duty Boots|[from] move: Knock Off|[of] p1a: Decidueye
|
|upkeep
|turn|12
|
|t:|1685914591
|switch|p1a: Goodra|Goodra-Hisui, F|100/100
|move|p2a: Moltres|Roost|p2a: Moltres
|-heal|p2a: Moltres|87/100
|-singleturn|p2a: Moltres|move: Roost
|
|upkeep
|turn|13
|
|t:|1685914600
|move|p2a: Moltres|U-turn|p1a: Goodra
|-resisted|p1a: Goodra
|-damage|p1a: Goodra|94/100
|-ability|p1a: Goodra|Gooey
|-unboost|p2a: Moltres|spe|1
|
|t:|1685914621
|switch|p2a: Cyclizar|Cyclizar, F|100/100|[from] U-turn
|move|p1a: Goodra|Thunderbolt|p2a: Cyclizar
|-resisted|p2a: Cyclizar
|-damage|p2a: Cyclizar|64/100
|
|upkeep
|turn|14
|
|t:|1685914634
|switch|p1a: Braviary|Braviary-Hisui, M|100/100
|move|p2a: Cyclizar|Rapid Spin|p1a: Braviary
|-damage|p1a: Braviary|83/100
|-boost|p2a: Cyclizar|spe|1
|-sideend|p2: imrossk|Stealth Rock|[from] move: Rapid Spin|[of] p2a: Cyclizar
|
|upkeep
|turn|15
|
|t:|1685914651
|move|p2a: Cyclizar|Knock Off|p1a: Braviary
|-supereffective|p1a: Braviary
|-damage|p1a: Braviary|45/100
|-enditem|p1a: Braviary|Life Orb|[from] move: Knock Off|[of] p2a: Cyclizar
|move|p1a: Braviary|Air Slash|p2a: Cyclizar
|-damage|p2a: Cyclizar|0 fnt
|faint|p2a: Cyclizar
|
|upkeep
|
|t:|1685914660
|switch|p2a: Samurott|Samurott-Hisui, F|88/100
|turn|16
|
|t:|1685914678
|switch|p1a: Decidueye|Decidueye-Hisui, F|100/100
|move|p2a: Samurott|Ceaseless Edge|p1a: Decidueye
|-resisted|p1a: Decidueye
|-damage|p1a: Decidueye|75/100
|-sidestart|p1: pokeleonardoball|Spikes
|
|-heal|p1a: Decidueye|81/100|[from] item: Leftovers
|upkeep
|turn|17
|
|t:|1685914696
|switch|p2a: Moltres|Moltres|87/100
|move|p1a: Decidueye|Knock Off|p2a: Moltres
|-crit|p2a: Moltres
|-damage|p2a: Moltres|51/100
|
|-heal|p1a: Decidueye|87/100|[from] item: Leftovers
|upkeep
|turn|18
|
|t:|1685914706
|switch|p1a: Goodra|Goodra-Hisui, F|94/100
|-damage|p1a: Goodra|82/100|[from] Spikes
|move|p2a: Moltres|U-turn|p1a: Goodra
|-resisted|p1a: Goodra
|-damage|p1a: Goodra|76/100
|-ability|p1a: Goodra|Gooey
|-unboost|p2a: Moltres|spe|1
|
|t:|1685914714
|switch|p2a: Samurott|Samurott-Hisui, F|88/100|[from] U-turn
|
|upkeep
|turn|19
|
|t:|1685914735
|move|p2a: Samurott|Ceaseless Edge|p1a: Goodra
|-damage|p1a: Goodra|26/100
|-sidestart|p1: pokeleonardoball|Spikes
|-ability|p1a: Goodra|Gooey
|-unboost|p2a: Samurott|spe|1
|move|p1a: Goodra|Thunderbolt|p2a: Samurott
|-supereffective|p2a: Samurott
|-damage|p2a: Samurott|0 fnt
|faint|p2a: Samurott
|
|upkeep
|
|t:|1685914773
|switch|p2a: Ursaluna|Ursaluna, M|100/100
|turn|20
|
|t:|1685914784
|switch|p1a: Decidueye|Decidueye-Hisui, F|87/100
|-damage|p1a: Decidueye|70/100|[from] Spikes
|move|p2a: Ursaluna|Swords Dance|p2a: Ursaluna
|-boost|p2a: Ursaluna|atk|2
|
|-heal|p1a: Decidueye|77/100|[from] item: Leftovers
|upkeep
|turn|21
|
|t:|1685914798
|switch|p2a: Moltres|Moltres|51/100
|move|p1a: Decidueye|Triple Arrows|p2a: Moltres
|-resisted|p2a: Moltres
|-damage|p2a: Moltres|29/100
|-unboost|p2a: Moltres|def|1
|
|-heal|p1a: Decidueye|83/100|[from] item: Leftovers
|upkeep
|turn|22
|
|t:|1685914811
|switch|p1a: Arcanine|Arcanine-Hisui, M|92/100
|-damage|p1a: Arcanine|75/100|[from] Spikes
|move|p2a: Moltres|Roost|p2a: Moltres
|-heal|p2a: Moltres|79/100
|-singleturn|p2a: Moltres|move: Roost
|
|upkeep
|turn|23
|
|t:|1685914850
|switch|p2a: Alomomola|Alomomola, F|74/100
|move|p1a: Arcanine|Flare Blitz|p2a: Alomomola
|-resisted|p2a: Alomomola
|-damage|p2a: Alomomola|50/100
|
|upkeep
|turn|24
|
|t:|1685914858
|switch|p1a: Electrode|Electrode-Hisui|100/100
|-damage|p1a: Electrode|84/100|[from] Spikes
|move|p2a: Alomomola|Wish|p2a: Alomomola
|
|-heal|p1a: Electrode|90/100|[from] item: Leftovers
|upkeep
|turn|25
|
|t:|1685914866
|switch|p2a: Moltres|Moltres|79/100
|move|p1a: Electrode|Energy Ball|p2a: Moltres
|-resisted|p2a: Moltres
|-damage|p2a: Moltres|73/100
|
|-heal|p2a: Moltres|100/100|[from] move: Wish|[wisher] Alomomola
|-heal|p1a: Electrode|96/100|[from] item: Leftovers
|upkeep
|turn|26
|
|t:|1685914888
|move|p1a: Electrode|Thunderbolt|p2a: Moltres
|-supereffective|p2a: Moltres
|-damage|p2a: Moltres|44/100
|move|p2a: Moltres|Will-O-Wisp|p1a: Electrode
|-status|p1a: Electrode|brn
|
|-heal|p1a: Electrode|100/100 brn|[from] item: Leftovers
|-damage|p1a: Electrode|94/100 brn|[from] brn
|upkeep
|turn|27
|
|t:|1685914901
|switch|p2a: Ursaluna|Ursaluna, M|100/100
|move|p1a: Electrode|Thunderbolt|p2a: Ursaluna
|-immune|p2a: Ursaluna
|
|-heal|p1a: Electrode|100/100 brn|[from] item: Leftovers
|-damage|p1a: Electrode|94/100 brn|[from] brn
|upkeep
|turn|28
|
|t:|1685914913
|move|p1a: Electrode|Energy Ball|p2a: Ursaluna
|-immune|p2a: Ursaluna|[from] ability: Bulletproof
|move|p2a: Ursaluna|Trailblaze|p1a: Electrode
|-resisted|p1a: Electrode
|-damage|p1a: Electrode|77/100 brn
|-boost|p2a: Ursaluna|spe|1
|
|-heal|p1a: Electrode|83/100 brn|[from] item: Leftovers
|-damage|p1a: Electrode|77/100 brn|[from] brn
|upkeep
|turn|29
|
|t:|1685914938
|move|p1a: Electrode|Explosion|p2a: Ursaluna
|-damage|p2a: Ursaluna|88/100
|faint|p1a: Electrode
|move|p2a: Ursaluna|Swords Dance|p2a: Ursaluna
|-boost|p2a: Ursaluna|atk|2
|
|-heal|p2a: Ursaluna|94/100|[from] item: Leftovers
|upkeep
|
|t:|1685914947
|switch|p1a: Decidueye|Decidueye-Hisui, F|83/100
|-damage|p1a: Decidueye|66/100|[from] Spikes
|turn|30
|
|t:|1685914957
|move|p2a: Ursaluna|Ice Punch|p1a: Decidueye
|-supereffective|p1a: Decidueye
|-damage|p1a: Decidueye|0 fnt
|faint|p1a: Decidueye
|
|-heal|p2a: Ursaluna|99/100|[from] item: Leftovers
|upkeep
|
|t:|1685914970
|switch|p1a: Braviary|Braviary-Hisui, M|45/100
|turn|31
|
|t:|1685914987
|move|p2a: Ursaluna|Ice Punch|p1a: Braviary
|-supereffective|p1a: Braviary
|-damage|p1a: Braviary|0 fnt
|faint|p1a: Braviary
|
|-heal|p2a: Ursaluna|100/100|[from] item: Leftovers
|upkeep
|
|t:|1685915015
|switch|p1a: Arcanine|Arcanine-Hisui, M|75/100
|-damage|p1a: Arcanine|59/100|[from] Spikes
|turn|32
|
|t:|1685915053
|move|p2a: Ursaluna|Earthquake|p1a: Arcanine
|-supereffective|p1a: Arcanine
|-damage|p1a: Arcanine|0 fnt
|faint|p1a: Arcanine
|
|upkeep
|
|t:|1685915064
|switch|p1a: Goodra|Goodra-Hisui, F|26/100
|-damage|p1a: Goodra|10/100|[from] Spikes
|turn|33
|c|☆imrossk|Gg
|
|t:|1685915078
|move|p2a: Ursaluna|Earthquake|p1a: Goodra
|-supereffective|p1a: Goodra
|-damage|p1a: Goodra|0 fnt
|faint|p1a: Goodra
|
|win|imrossk
|raw|pokeleonardoball's rating: 1088 → 1069(-19 for losing)
|raw|imrossk's rating: 1158 → 1178(+20 for winning)
