|j|☆i'm an architect
|j|☆Highv0ltag3
|t:|1677347538
|gametype|singles
|player|p1|i'm an architect|170|1956
|player|p2|Highv0ltag3|volo|2044
|teamsize|p1|6
|teamsize|p2|6
|gen|9
|tier|[Gen 9] OU
|rated|
|rule|Sleep Clause Mod: Limit one foe put to sleep
|rule|Species Clause: Limit one of each Pokémon
|rule|OHKO Clause: OHKO moves are banned
|rule|Evasion Items Clause: Evasion items are banned
|rule|Evasion Moves Clause: Evasion moves are banned
|rule|Endless Battle Clause: Forcing endless battles is banned
|rule|HP Percentage Mod: HP is shown in percentages
|clearpoke
|poke|p1|Iron Moth|
|poke|p1|Garchomp, F|
|poke|p1|Great Tusk|
|poke|p1|Gholdengo|
|poke|p1|Kingambit, F|
|poke|p1|Meowscarada, F|
|poke|p2|Clodsire, F|
|poke|p2|Dondozo, M|
|poke|p2|Alomomola, M|
|poke|p2|Talonflame, M|
|poke|p2|Toxapex, F|
|poke|p2|Blissey, F|
|teampreview
|inactive|Battle timer is ON: inactive players will automatically lose when time's up. (requested by Highv0ltag3)
|j| Noaslam
|
|t:|1677347577
|start
|switch|p1a: Meowscarada|Meowscarada, F|100/100
|switch|p2a: Alomomola|Alomomola, M|100/100
|turn|1
|
|t:|1677347584
|move|p2a: Alomomola|Protect|p2a: Alomomola
|-singleturn|p2a: Alomomola|Protect
|move|p1a: Meowscarada|Flower Trick|p2a: Alomomola
|-start|p1a: Meowscarada|typechange|Grass|[from] ability: Protean
|-activate|p2a: Alomomola|move: Protect
|
|upkeep
|turn|2
|j| kNNclusters
|
|t:|1677347596
|move|p1a: Meowscarada|Flower Trick|p2a: Alomomola
|-supereffective|p2a: Alomomola
|-crit|p2a: Alomomola
|-damage|p2a: Alomomola|47/100
|move|p2a: Alomomola|Whirlpool|p1a: Meowscarada
|-resisted|p1a: Meowscarada
|-damage|p1a: Meowscarada|96/100
|-activate|p1a: Meowscarada|move: Whirlpool|[of] p2a: Alomomola
|
|-damage|p1a: Meowscarada|84/100|[from] move: Whirlpool|[partiallytrapped]
|upkeep
|turn|3
|
|t:|1677347602
|move|p2a: Alomomola|Protect|p2a: Alomomola
|-singleturn|p2a: Alomomola|Protect
|move|p1a: Meowscarada|Flower Trick|p2a: Alomomola
|-activate|p2a: Alomomola|move: Protect
|
|-damage|p1a: Meowscarada|71/100|[from] move: Whirlpool|[partiallytrapped]
|upkeep
|turn|4
|
|t:|1677347611
|-terastallize|p2a: Alomomola|Flying
|move|p1a: Meowscarada|Flower Trick|p2a: Alomomola
|-resisted|p2a: Alomomola
|-crit|p2a: Alomomola
|-damage|p2a: Alomomola|34/100
|move|p2a: Alomomola|Wish|p2a: Alomomola
|
|-damage|p1a: Meowscarada|59/100|[from] move: Whirlpool|[partiallytrapped]
|upkeep
|turn|5
|
|t:|1677347622
|move|p2a: Alomomola|Protect|p2a: Alomomola
|-singleturn|p2a: Alomomola|Protect
|move|p1a: Meowscarada|Flower Trick|p2a: Alomomola
|-activate|p2a: Alomomola|move: Protect
|
|-heal|p2a: Alomomola|84/100|[from] move: Wish|[wisher] Alomomola
|-damage|p1a: Meowscarada|47/100|[from] move: Whirlpool|[partiallytrapped]
|upkeep
|turn|6
|
|t:|1677347627
|move|p1a: Meowscarada|Flower Trick|p2a: Alomomola
|-resisted|p2a: Alomomola
|-crit|p2a: Alomomola
|-damage|p2a: Alomomola|71/100
|move|p2a: Alomomola|Chilling Water|p1a: Meowscarada
|-resisted|p1a: Meowscarada
|-damage|p1a: Meowscarada|40/100
|-unboost|p1a: Meowscarada|atk|1
|
|-damage|p1a: Meowscarada|28/100|[from] move: Whirlpool|[partiallytrapped]
|upkeep
|turn|7
|
|t:|1677347630
|move|p1a: Meowscarada|Flower Trick|p2a: Alomomola
|-resisted|p2a: Alomomola
|-crit|p2a: Alomomola
|-damage|p2a: Alomomola|58/100
|move|p2a: Alomomola|Chilling Water|p1a: Meowscarada
|-resisted|p1a: Meowscarada
|-damage|p1a: Meowscarada|21/100
|-unboost|p1a: Meowscarada|atk|1
|
|-end|p1a: Meowscarada|Whirlpool|[partiallytrapped]
|upkeep
|turn|8
|
|t:|1677347636
|switch|p1a: Gholdengo|Gholdengo|100/100
|move|p2a: Alomomola|Wish|p2a: Alomomola
|
|upkeep
|turn|9
|
|t:|1677347639
|move|p2a: Alomomola|Protect|p2a: Alomomola
|-singleturn|p2a: Alomomola|Protect
|move|p1a: Gholdengo|Nasty Plot|p1a: Gholdengo
|-boost|p1a: Gholdengo|spa|2
|
|-heal|p2a: Alomomola|100/100|[from] move: Wish|[wisher] Alomomola
|upkeep
|turn|10
|
|t:|1677347641
|switch|p2a: Blissey|Blissey, F|100/100
|move|p1a: Gholdengo|Nasty Plot|p1a: Gholdengo
|-boost|p1a: Gholdengo|spa|2
|
|upkeep
|turn|11
|
|t:|1677347650
|switch|p2a: Clodsire|Clodsire, F|100/100
|-terastallize|p1a: Gholdengo|Steel
|move|p1a: Gholdengo|Make It Rain|p2a: Clodsire
|-damage|p2a: Clodsire|58/100
|-unboost|p1a: Gholdengo|spa|1
|
|upkeep
|turn|12
|
|t:|1677347654
|move|p1a: Gholdengo|Make It Rain|p2a: Clodsire
|-damage|p2a: Clodsire|11/100
|-unboost|p1a: Gholdengo|spa|1
|move|p2a: Clodsire|Recover|p2a: Clodsire
|-heal|p2a: Clodsire|61/100
|
|upkeep
|turn|13
|
|t:|1677347658
|move|p1a: Gholdengo|Shadow Ball|p2a: Clodsire
|-damage|p2a: Clodsire|39/100
|move|p2a: Clodsire|Recover|p2a: Clodsire
|-heal|p2a: Clodsire|89/100
|
|upkeep
|turn|14
|
|t:|1677347663
|move|p1a: Gholdengo|Make It Rain|p2a: Clodsire
|-damage|p2a: Clodsire|46/100
|-unboost|p1a: Gholdengo|spa|1
|move|p2a: Clodsire|Recover|p2a: Clodsire
|-heal|p2a: Clodsire|96/100
|
|upkeep
|turn|15
|j| ALPHACAXXP
|
|t:|1677347670
|switch|p1a: Garchomp|Garchomp, F|100/100
|switch|p2a: Blissey|Blissey, F|100/100
|
|upkeep
|turn|16
|
|t:|1677347679
|switch|p2a: Toxapex|Toxapex, F|100/100
|move|p1a: Garchomp|Stealth Rock|p2a: Toxapex
|-sidestart|p2: Highv0ltag3|move: Stealth Rock
|
|upkeep
|turn|17
|
|t:|1677347689
|switch|p1a: Gholdengo|Gholdengo, tera:Steel|100/100
|move|p2a: Toxapex|Toxic|p1a: Gholdengo
|-immune|p1a: Gholdengo|[from] ability: Good as Gold
|
|upkeep
|turn|18
|
|t:|1677347693
|move|p1a: Gholdengo|Shadow Ball|p2a: Toxapex
|-damage|p2a: Toxapex|66/100
|move|p2a: Toxapex|Haze|p2a: Toxapex
|-clearallboost
|
|upkeep
|turn|19
|
|t:|1677347697
|switch|p2a: Blissey|Blissey, F|100/100
|move|p1a: Gholdengo|Shadow Ball|p2a: Blissey
|-immune|p2a: Blissey
|
|upkeep
|turn|20
|
|t:|1677347704
|switch|p1a: Kingambit|Kingambit, F|100/100
|move|p2a: Blissey|Stealth Rock|p1a: Kingambit
|-sidestart|p1: i'm an architect|move: Stealth Rock
|
|upkeep
|turn|21
|
|t:|1677347707
|-end|p1a: Kingambit|fallenundefined|[silent]
|switch|p1a: Great Tusk|Great Tusk|100/100
|-damage|p1a: Great Tusk|97/100|[from] Stealth Rock
|switch|p2a: Talonflame|Talonflame, M|100/100
|
|upkeep
|turn|22
|
|t:|1677347712
|switch|p2a: Alomomola|Alomomola, M, tera:Flying|100/100
|move|p1a: Great Tusk|Knock Off|p2a: Alomomola
|-damage|p2a: Alomomola|86/100
|-enditem|p2a: Alomomola|Heavy-Duty Boots|[from] move: Knock Off|[of] p1a: Great Tusk
|
|upkeep
|turn|23
|
|t:|1677347718
|-end|p1a: Great Tusk|Protosynthesis|[silent]
|switch|p1a: Gholdengo|Gholdengo, tera:Steel|100/100
|-damage|p1a: Gholdengo|94/100|[from] Stealth Rock
|move|p2a: Alomomola|Whirlpool|p1a: Gholdengo
|-damage|p1a: Gholdengo|88/100
|-activate|p1a: Gholdengo|move: Whirlpool|[of] p2a: Alomomola
|
|-damage|p1a: Gholdengo|75/100|[from] move: Whirlpool|[partiallytrapped]
|upkeep
|turn|24
|
|t:|1677347724
|move|p1a: Gholdengo|Nasty Plot|p1a: Gholdengo
|-boost|p1a: Gholdengo|spa|2
|move|p2a: Alomomola|Wish|p2a: Alomomola
|
|-damage|p1a: Gholdengo|63/100|[from] move: Whirlpool|[partiallytrapped]
|upkeep
|turn|25
|
|t:|1677347730
|switch|p2a: Clodsire|Clodsire, F|96/100
|move|p1a: Gholdengo|Recover|p1a: Gholdengo
|-heal|p1a: Gholdengo|100/100
|
|-heal|p2a: Clodsire|100/100|[from] move: Wish|[wisher] Alomomola
|-end|p1a: Gholdengo|Whirlpool|[partiallytrapped]|[silent]
|upkeep
|turn|26
|
|t:|1677347736
|move|p1a: Gholdengo|Shadow Ball|p2a: Clodsire
|-damage|p2a: Clodsire|77/100
|-unboost|p2a: Clodsire|spd|1
|move|p2a: Clodsire|Earthquake|p1a: Gholdengo
|-supereffective|p1a: Gholdengo
|-damage|p1a: Gholdengo|47/100
|
|upkeep
|turn|27
|
|t:|1677347755
|switch|p1a: Great Tusk|Great Tusk|97/100
|-damage|p1a: Great Tusk|94/100|[from] Stealth Rock
|move|p2a: Clodsire|Earthquake|p1a: Great Tusk
|-damage|p1a: Great Tusk|77/100
|
|upkeep
|turn|28
|
|t:|1677347761
|switch|p2a: Alomomola|Alomomola, M, tera:Flying|100/100
|-damage|p2a: Alomomola|76/100|[from] Stealth Rock
|move|p1a: Great Tusk|Rapid Spin|p2a: Alomomola
|-damage|p2a: Alomomola|68/100
|-boost|p1a: Great Tusk|spe|1
|-sideend|p1: i'm an architect|Stealth Rock|[from] move: Rapid Spin|[of] p1a: Great Tusk
|
|upkeep
|turn|29
|
|t:|1677347764
|-end|p1a: Great Tusk|Protosynthesis|[silent]
|switch|p1a: Gholdengo|Gholdengo, tera:Steel|47/100
|move|p2a: Alomomola|Whirlpool|p1a: Gholdengo
|-damage|p1a: Gholdengo|41/100
|-activate|p1a: Gholdengo|move: Whirlpool|[of] p2a: Alomomola
|
|-damage|p1a: Gholdengo|29/100|[from] move: Whirlpool|[partiallytrapped]
|upkeep
|turn|30
|
|t:|1677347767
|move|p1a: Gholdengo|Recover|p1a: Gholdengo
|-heal|p1a: Gholdengo|79/100
|move|p2a: Alomomola|Wish|p2a: Alomomola
|
|-damage|p1a: Gholdengo|66/100|[from] move: Whirlpool|[partiallytrapped]
|upkeep
|turn|31
|
|t:|1677347772
|switch|p2a: Clodsire|Clodsire, F|77/100
|move|p1a: Gholdengo|Shadow Ball|p2a: Clodsire
|-damage|p2a: Clodsire|56/100
|
|-heal|p2a: Clodsire|100/100|[from] move: Wish|[wisher] Alomomola
|-end|p1a: Gholdengo|Whirlpool|[partiallytrapped]|[silent]
|upkeep
|turn|32
|
|t:|1677347783
|switch|p1a: Kingambit|Kingambit, F|100/100
|move|p2a: Clodsire|Toxic|p1a: Kingambit
|-immune|p1a: Kingambit
|
|upkeep
|turn|33
|
|t:|1677347792
|-end|p1a: Kingambit|fallenundefined|[silent]
|switch|p1a: Iron Moth|Iron Moth|100/100
|switch|p2a: Talonflame|Talonflame, M|100/100
|
|upkeep
|turn|34
|
|t:|1677347797
|switch|p2a: Blissey|Blissey, F|100/100
|move|p1a: Iron Moth|Fiery Dance|p2a: Blissey
|-damage|p2a: Blissey|88/100
|-boost|p1a: Iron Moth|spa|1
|
|upkeep
|turn|35
|
|t:|1677347803
|move|p1a: Iron Moth|Fiery Dance|p2a: Blissey
|-damage|p2a: Blissey|70/100
|move|p2a: Blissey|Seismic Toss|p1a: Iron Moth
|-damage|p1a: Iron Moth|67/100
|
|upkeep
|turn|36
|
|t:|1677347808
|move|p1a: Iron Moth|Sludge Wave|p2a: Blissey
|-damage|p2a: Blissey|48/100
|move|p2a: Blissey|Seismic Toss|p1a: Iron Moth
|-damage|p1a: Iron Moth|34/100
|
|upkeep
|turn|37
|
|t:|1677347817
|move|p1a: Iron Moth|Fiery Dance|p2a: Blissey
|-damage|p2a: Blissey|30/100
|-boost|p1a: Iron Moth|spa|1
|move|p2a: Blissey|Soft-Boiled|p2a: Blissey
|-heal|p2a: Blissey|80/100
|
|upkeep
|turn|38
|
|t:|1677347825
|-end|p1a: Iron Moth|Quark Drive|[silent]
|switch|p1a: Garchomp|Garchomp, F|100/100
|move|p2a: Blissey|Seismic Toss|p1a: Garchomp
|-damage|p1a: Garchomp|77/100
|-damage|p2a: Blissey|68/100|[from] ability: Rough Skin|[of] p1a: Garchomp
|-damage|p2a: Blissey|51/100|[from] item: Rocky Helmet|[of] p1a: Garchomp
|
|upkeep
|turn|39
|j| aigri
|
|t:|1677347835
|switch|p2a: Alomomola|Alomomola, M, tera:Flying|100/100
|-damage|p2a: Alomomola|76/100|[from] Stealth Rock
|move|p1a: Garchomp|Spikes|p2a: Alomomola
|-sidestart|p2: Highv0ltag3|Spikes
|
|upkeep
|turn|40
|
|t:|1677347838
|move|p2a: Alomomola|Wish|p2a: Alomomola
|move|p1a: Garchomp|Dragon Tail|p2a: Alomomola
|-damage|p2a: Alomomola|60/100
|drag|p2a: Toxapex|Toxapex, F|99/100
|
|upkeep
|turn|41
|
|t:|1677347846
|switch|p1a: Gholdengo|Gholdengo, tera:Steel|66/100
|move|p2a: Toxapex|Infestation|p1a: Gholdengo
|-resisted|p1a: Gholdengo
|-damage|p1a: Gholdengo|65/100
|-activate|p1a: Gholdengo|move: Infestation|[of] p2a: Toxapex
|
|-heal|p2a: Toxapex|100/100|[from] move: Wish|[wisher] Alomomola
|-damage|p1a: Gholdengo|52/100|[from] move: Infestation|[partiallytrapped]
|upkeep
|turn|42
|
|t:|1677347852
|switch|p2a: Blissey|Blissey, F|51/100
|move|p1a: Gholdengo|Recover|p1a: Gholdengo
|-heal|p1a: Gholdengo|100/100
|
|-end|p1a: Gholdengo|Infestation|[partiallytrapped]|[silent]
|upkeep
|turn|43
|
|t:|1677347857
|move|p1a: Gholdengo|Nasty Plot|p1a: Gholdengo
|-boost|p1a: Gholdengo|spa|2
|move|p2a: Blissey|Soft-Boiled|p2a: Blissey
|-heal|p2a: Blissey|100/100
|
|upkeep
|turn|44
|
|t:|1677347859
|move|p1a: Gholdengo|Nasty Plot|p1a: Gholdengo
|-boost|p1a: Gholdengo|spa|2
|move|p2a: Blissey|Seismic Toss|p1a: Gholdengo
|-damage|p1a: Gholdengo|74/100
|
|upkeep
|turn|45
|
|t:|1677347863
|switch|p2a: Clodsire|Clodsire, F|100/100
|move|p1a: Gholdengo|Make It Rain|p2a: Clodsire
|-damage|p2a: Clodsire|58/100
|-unboost|p1a: Gholdengo|spa|1
|
|upkeep
|turn|46
|l| kNNclusters
|
|t:|1677347866
|move|p1a: Gholdengo|Make It Rain|p2a: Clodsire
|-damage|p2a: Clodsire|15/100
|-unboost|p1a: Gholdengo|spa|1
|move|p2a: Clodsire|Recover|p2a: Clodsire
|-heal|p2a: Clodsire|65/100
|
|upkeep
|turn|47
|
|t:|1677347869
|move|p1a: Gholdengo|Shadow Ball|p2a: Clodsire
|-damage|p2a: Clodsire|44/100
|-unboost|p2a: Clodsire|spd|1
|move|p2a: Clodsire|Recover|p2a: Clodsire
|-heal|p2a: Clodsire|94/100
|
|upkeep
|turn|48
|
|t:|1677347874
|switch|p2a: Blissey|Blissey, F|100/100
|move|p1a: Gholdengo|Make It Rain|p2a: Blissey
|-damage|p2a: Blissey|53/100
|-unboost|p1a: Gholdengo|spa|1
|
|upkeep
|turn|49
|
|t:|1677347879
|move|p1a: Gholdengo|Nasty Plot|p1a: Gholdengo
|-boost|p1a: Gholdengo|spa|2
|move|p2a: Blissey|Soft-Boiled|p2a: Blissey
|-heal|p2a: Blissey|100/100
|
|upkeep
|turn|50
|
|t:|1677347886
|move|p1a: Gholdengo|Nasty Plot|p1a: Gholdengo
|-boost|p1a: Gholdengo|spa|2
|move|p2a: Blissey|Soft-Boiled||[still]
|-fail|p2a: Blissey|heal
|
|upkeep
|turn|51
|
|t:|1677347889
|switch|p2a: Clodsire|Clodsire, F|94/100
|move|p1a: Gholdengo|Shadow Ball|p2a: Clodsire
|-damage|p2a: Clodsire|71/100
|
|upkeep
|turn|52
|
|t:|1677347897
|switch|p1a: Kingambit|Kingambit, F|100/100
|move|p2a: Clodsire|Recover|p2a: Clodsire
|-heal|p2a: Clodsire|100/100
|
|upkeep
|turn|53
|
|t:|1677347901
|-end|p1a: Kingambit|fallenundefined|[silent]
|switch|p1a: Garchomp|Garchomp, F|77/100
|switch|p2a: Dondozo|Dondozo, M|100/100
|
|upkeep
|turn|54
|
|t:|1677347909
|switch|p2a: Alomomola|Alomomola, M, tera:Flying|93/100
|-damage|p2a: Alomomola|68/100|[from] Stealth Rock
|move|p1a: Garchomp|Dragon Tail|p2a: Alomomola
|-damage|p2a: Alomomola|54/100
|drag|p2a: Dondozo|Dondozo, M|100/100
|
|upkeep
|turn|55
|
|t:|1677347916
|switch|p2a: Alomomola|Alomomola, M, tera:Flying|87/100
|-damage|p2a: Alomomola|62/100|[from] Stealth Rock
|move|p1a: Garchomp|Dragon Tail|p2a: Alomomola
|-damage|p2a: Alomomola|47/100
|drag|p2a: Talonflame|Talonflame, M|100/100
|
|upkeep
|turn|56
|l| aigri
|
|t:|1677347929
|move|p2a: Talonflame|Defog|p1a: Garchomp
|-unboost|p1a: Garchomp|evasion|1
|-sideend|p2: Highv0ltag3|Spikes|[from] move: Defog|[of] p2a: Talonflame
|-sideend|p2: Highv0ltag3|Stealth Rock|[from] move: Defog|[of] p2a: Talonflame
|move|p1a: Garchomp|Dragon Tail|p2a: Talonflame
|-damage|p2a: Talonflame|73/100
|-status|p1a: Garchomp|brn|[from] ability: Flame Body|[of] p2a: Talonflame
|drag|p2a: Clodsire|Clodsire, F|100/100
|
|-damage|p1a: Garchomp|70/100 brn|[from] brn
|upkeep
|turn|57
|
|t:|1677347936
|switch|p2a: Talonflame|Talonflame, M|73/100
|move|p1a: Garchomp|Stealth Rock|p2a: Talonflame
|-sidestart|p2: Highv0ltag3|move: Stealth Rock
|
|-damage|p1a: Garchomp|64/100 brn|[from] brn
|upkeep
|turn|58
|
|t:|1677347939
|move|p2a: Talonflame|Roost|p2a: Talonflame
|-heal|p2a: Talonflame|100/100
|-singleturn|p2a: Talonflame|move: Roost
|move|p1a: Garchomp|Dragon Tail|p2a: Talonflame|[miss]
|-miss|p1a: Garchomp|p2a: Talonflame
|
|-damage|p1a: Garchomp|58/100 brn|[from] brn
|upkeep
|turn|59
|
|t:|1677347948
|switch|p2a: Toxapex|Toxapex, F|100/100
|move|p1a: Garchomp|Spikes|p2a: Toxapex
|-sidestart|p2: Highv0ltag3|Spikes
|
|-damage|p1a: Garchomp|52/100 brn|[from] brn
|upkeep
|turn|60
|
|t:|1677347952
|switch|p1a: Kingambit|Kingambit, F|100/100
|move|p2a: Toxapex|Infestation|p1a: Kingambit
|-damage|p1a: Kingambit|97/100
|-activate|p1a: Kingambit|move: Infestation|[of] p2a: Toxapex
|
|-heal|p1a: Kingambit|100/100|[from] item: Leftovers
|-damage|p1a: Kingambit|88/100|[from] move: Infestation|[partiallytrapped]
|upkeep
|turn|61
|
|t:|1677347957
|move|p1a: Kingambit|Swords Dance|p1a: Kingambit
|-boost|p1a: Kingambit|atk|2
|move|p2a: Toxapex|Haze|p2a: Toxapex
|-clearallboost
|
|-heal|p1a: Kingambit|94/100|[from] item: Leftovers
|-damage|p1a: Kingambit|82/100|[from] move: Infestation|[partiallytrapped]
|upkeep
|turn|62
|
|t:|1677347960
|move|p1a: Kingambit|Swords Dance|p1a: Kingambit
|-boost|p1a: Kingambit|atk|2
|move|p2a: Toxapex|Haze|p2a: Toxapex
|-clearallboost
|
|-heal|p1a: Kingambit|88/100|[from] item: Leftovers
|-damage|p1a: Kingambit|76/100|[from] move: Infestation|[partiallytrapped]
|upkeep
|turn|63
|
|t:|1677347963
|move|p1a: Kingambit|Swords Dance|p1a: Kingambit
|-boost|p1a: Kingambit|atk|2
|move|p2a: Toxapex|Haze|p2a: Toxapex
|-clearallboost
|
|-heal|p1a: Kingambit|82/100|[from] item: Leftovers
|-damage|p1a: Kingambit|70/100|[from] move: Infestation|[partiallytrapped]
|upkeep
|turn|64
|j| Stesey
|
|t:|1677347965
|move|p1a: Kingambit|Kowtow Cleave|p2a: Toxapex
|-damage|p2a: Toxapex|70/100
|move|p2a: Toxapex|Haze|p2a: Toxapex
|-clearallboost
|
|-heal|p1a: Kingambit|76/100|[from] item: Leftovers
|-end|p1a: Kingambit|Infestation|[partiallytrapped]
|upkeep
|turn|65
|
|t:|1677347968
|switch|p2a: Talonflame|Talonflame, M|100/100
|move|p1a: Kingambit|Swords Dance|p1a: Kingambit
|-boost|p1a: Kingambit|atk|2
|
|-heal|p1a: Kingambit|82/100|[from] item: Leftovers
|upkeep
|turn|66
|
|t:|1677347980
|move|p2a: Talonflame|Will-O-Wisp|p1a: Kingambit
|-status|p1a: Kingambit|brn
|move|p1a: Kingambit|Kowtow Cleave|p2a: Talonflame
|-damage|p2a: Talonflame|50/100
|
|-heal|p1a: Kingambit|88/100 brn|[from] item: Leftovers
|-damage|p1a: Kingambit|82/100 brn|[from] brn
|upkeep
|turn|67
|j| primis vigo
|
|t:|1677347985
|move|p2a: Talonflame|Roost|p2a: Talonflame
|-heal|p2a: Talonflame|99/100
|-singleturn|p2a: Talonflame|move: Roost
|move|p1a: Kingambit|Kowtow Cleave|p2a: Talonflame
|-damage|p2a: Talonflame|54/100
|
|-heal|p1a: Kingambit|88/100 brn|[from] item: Leftovers
|-damage|p1a: Kingambit|82/100 brn|[from] brn
|upkeep
|turn|68
|
|t:|1677347990
|switch|p2a: Toxapex|Toxapex, F|100/100
|move|p1a: Kingambit|Kowtow Cleave|p2a: Toxapex
|-damage|p2a: Toxapex|72/100
|
|-heal|p1a: Kingambit|88/100 brn|[from] item: Leftovers
|-damage|p1a: Kingambit|82/100 brn|[from] brn
|upkeep
|turn|69
|
|t:|1677347998
|-end|p1a: Kingambit|fallenundefined|[silent]
|switch|p1a: Garchomp|Garchomp, F|52/100 brn
|switch|p2a: Dondozo|Dondozo, M|100/100
|
|-damage|p1a: Garchomp|46/100 brn|[from] brn
|upkeep
|turn|70
|
|t:|1677348004
|switch|p2a: Toxapex|Toxapex, F|100/100
|move|p1a: Garchomp|Spikes|p2a: Toxapex
|-sidestart|p2: Highv0ltag3|Spikes
|
|-damage|p1a: Garchomp|39/100 brn|[from] brn
|upkeep
|turn|71
|
|t:|1677348014
|switch|p1a: Meowscarada|Meowscarada, F|21/100
|move|p2a: Toxapex|Infestation|p1a: Meowscarada
|-supereffective|p1a: Meowscarada
|-damage|p1a: Meowscarada|2/100
|-activate|p1a: Meowscarada|move: Infestation|[of] p2a: Toxapex
|
|-damage|p1a: Meowscarada|0 fnt|[from] move: Infestation|[partiallytrapped]
|faint|p1a: Meowscarada
|upkeep
|
|t:|1677348019
|switch|p1a: Gholdengo|Gholdengo, tera:Steel|74/100
|turn|72
|
|t:|1677348022
|move|p1a: Gholdengo|Nasty Plot|p1a: Gholdengo
|-boost|p1a: Gholdengo|spa|2
|move|p2a: Toxapex|Haze|p2a: Toxapex
|-clearallboost
|
|upkeep
|turn|73
|
|t:|1677348025
|move|p1a: Gholdengo|Shadow Ball|p2a: Toxapex
|-damage|p2a: Toxapex|63/100
|move|p2a: Toxapex|Haze|p2a: Toxapex
|-clearallboost
|
|upkeep
|turn|74
|
|t:|1677348030
|switch|p2a: Clodsire|Clodsire, F|100/100
|move|p1a: Gholdengo|Nasty Plot|p1a: Gholdengo
|-boost|p1a: Gholdengo|spa|2
|
|upkeep
|turn|75
|
|t:|1677348035
|switch|p1a: Great Tusk|Great Tusk|77/100
|move|p2a: Clodsire|Earthquake|p1a: Great Tusk
|-damage|p1a: Great Tusk|61/100
|
|upkeep
|turn|76
|
|t:|1677348040
|switch|p2a: Alomomola|Alomomola, M, tera:Flying|80/100
|-damage|p2a: Alomomola|56/100|[from] Stealth Rock
|move|p1a: Great Tusk|Close Combat|p2a: Alomomola
|-resisted|p2a: Alomomola
|-damage|p2a: Alomomola|41/100
|-unboost|p1a: Great Tusk|def|1
|-unboost|p1a: Great Tusk|spd|1
|
|upkeep
|turn|77
|
|t:|1677348047
|-end|p1a: Great Tusk|Protosynthesis|[silent]
|switch|p1a: Gholdengo|Gholdengo, tera:Steel|74/100
|move|p2a: Alomomola|Wish|p2a: Alomomola
|
|upkeep
|turn|78
|
|t:|1677348052
|switch|p1a: Great Tusk|Great Tusk|61/100
|switch|p2a: Clodsire|Clodsire, F|100/100
|
|upkeep
|turn|79
|
|t:|1677348058
|-end|p1a: Great Tusk|Protosynthesis|[silent]
|switch|p1a: Gholdengo|Gholdengo, tera:Steel|74/100
|switch|p2a: Talonflame|Talonflame, M|54/100
|
|upkeep
|turn|80
|j| Jontrendline
|
|t:|1677348065
|switch|p2a: Blissey|Blissey, F|100/100
|move|p1a: Gholdengo|Shadow Ball|p2a: Blissey
|-immune|p2a: Blissey
|
|upkeep
|turn|81
|
|t:|1677348075
|switch|p1a: Garchomp|Garchomp, F|39/100 brn
|move|p2a: Blissey|Seismic Toss|p1a: Garchomp
|-damage|p1a: Garchomp|16/100 brn
|-damage|p2a: Blissey|88/100|[from] ability: Rough Skin|[of] p1a: Garchomp
|-damage|p2a: Blissey|71/100|[from] item: Rocky Helmet|[of] p1a: Garchomp
|
|-damage|p1a: Garchomp|9/100 brn|[from] brn
|upkeep
|turn|82
|
|t:|1677348080
|switch|p2a: Toxapex|Toxapex, F|96/100
|move|p1a: Garchomp|Spikes|p2a: Toxapex
|-sidestart|p2: Highv0ltag3|Spikes
|
|-damage|p1a: Garchomp|3/100 brn|[from] brn
|upkeep
|turn|83
|j| OUDJ
|
|t:|1677348084
|move|p1a: Garchomp|Earthquake|p2a: Toxapex
|-supereffective|p2a: Toxapex
|-damage|p2a: Toxapex|69/100
|move|p2a: Toxapex|Infestation|p1a: Garchomp
|-damage|p1a: Garchomp|0 fnt
|-damage|p2a: Toxapex|56/100|[from] ability: Rough Skin|[of] p1a: Garchomp
|-damage|p2a: Toxapex|40/100|[from] item: Rocky Helmet|[of] p1a: Garchomp
|faint|p1a: Garchomp
|
|upkeep
|
|t:|1677348093
|switch|p1a: Gholdengo|Gholdengo, tera:Steel|74/100
|turn|84
|
|t:|1677348099
|switch|p2a: Clodsire|Clodsire, F|100/100
|move|p1a: Gholdengo|Shadow Ball|p2a: Clodsire
|-damage|p2a: Clodsire|77/100
|
|upkeep
|turn|85
|
|t:|1677348110
|move|p1a: Gholdengo|Shadow Ball|p2a: Clodsire
|-damage|p2a: Clodsire|55/100
|move|p2a: Clodsire|Toxic|p1a: Gholdengo
|-immune|p1a: Gholdengo|[from] ability: Good as Gold
|
|upkeep
|turn|86
|
|t:|1677348116
|move|p1a: Gholdengo|Shadow Ball|p2a: Clodsire
|-damage|p2a: Clodsire|33/100
|move|p2a: Clodsire|Recover|p2a: Clodsire
|-heal|p2a: Clodsire|83/100
|
|upkeep
|turn|87
|
|t:|1677348121
|switch|p1a: Great Tusk|Great Tusk|61/100
|move|p2a: Clodsire|Earthquake|p1a: Great Tusk
|-damage|p1a: Great Tusk|45/100
|
|upkeep
|turn|88
|
|t:|1677348127
|switch|p2a: Talonflame|Talonflame, M|54/100
|move|p1a: Great Tusk|Knock Off|p2a: Talonflame
|-damage|p2a: Talonflame|27/100
|-enditem|p2a: Talonflame|Heavy-Duty Boots|[from] move: Knock Off|[of] p1a: Great Tusk
|
|upkeep
|turn|89
|
|t:|1677348132
|-end|p1a: Great Tusk|Protosynthesis|[silent]
|switch|p1a: Gholdengo|Gholdengo, tera:Steel|74/100
|move|p2a: Talonflame|Defog|p1a: Gholdengo
|-immune|p1a: Gholdengo|[from] ability: Good as Gold
|
|upkeep
|turn|90
|
|t:|1677348136
|move|p2a: Talonflame|Flamethrower|p1a: Gholdengo
|-supereffective|p1a: Gholdengo
|-damage|p1a: Gholdengo|27/100
|move|p1a: Gholdengo|Shadow Ball|p2a: Talonflame
|-damage|p2a: Talonflame|0 fnt
|faint|p2a: Talonflame
|
|upkeep
|
|t:|1677348141
|switch|p2a: Dondozo|Dondozo, M|100/100
|turn|91
|
|t:|1677348145
|move|p1a: Gholdengo|Recover|p1a: Gholdengo
|-heal|p1a: Gholdengo|77/100
|move|p2a: Dondozo|Liquidation|p1a: Gholdengo
|-damage|p1a: Gholdengo|49/100
|
|upkeep
|turn|92
|
|t:|1677348148
|move|p1a: Gholdengo|Recover|p1a: Gholdengo
|-heal|p1a: Gholdengo|99/100
|move|p2a: Dondozo|Body Press|p1a: Gholdengo
|-supereffective|p1a: Gholdengo
|-damage|p1a: Gholdengo|47/100
|
|upkeep
|turn|93
|
|t:|1677348154
|switch|p1a: Great Tusk|Great Tusk|45/100
|move|p2a: Dondozo|Body Press|p1a: Great Tusk
|-damage|p1a: Great Tusk|27/100
|
|upkeep
|turn|94
|
|t:|1677348157
|switch|p2a: Alomomola|Alomomola, M, tera:Flying|74/100
|-damage|p2a: Alomomola|50/100|[from] Stealth Rock
|move|p1a: Great Tusk|Knock Off|p2a: Alomomola
|-damage|p2a: Alomomola|40/100
|
|upkeep
|turn|95
|
|t:|1677348163
|move|p1a: Great Tusk|Close Combat|p2a: Alomomola
|-resisted|p2a: Alomomola
|-damage|p2a: Alomomola|27/100
|-unboost|p1a: Great Tusk|def|1
|-unboost|p1a: Great Tusk|spd|1
|move|p2a: Alomomola|Wish|p2a: Alomomola
|
|upkeep
|turn|96
|
|t:|1677348174
|move|p1a: Great Tusk|Close Combat|p2a: Alomomola
|-resisted|p2a: Alomomola
|-damage|p2a: Alomomola|13/100
|-unboost|p1a: Great Tusk|def|1
|-unboost|p1a: Great Tusk|spd|1
|move|p2a: Alomomola|Whirlpool|p1a: Great Tusk
|-supereffective|p1a: Great Tusk
|-crit|p1a: Great Tusk
|-damage|p1a: Great Tusk|6/100
|-activate|p1a: Great Tusk|move: Whirlpool|[of] p2a: Alomomola
|
|-heal|p2a: Alomomola|63/100|[from] move: Wish|[wisher] Alomomola
|-damage|p1a: Great Tusk|0 fnt|[from] move: Whirlpool|[partiallytrapped]
|faint|p1a: Great Tusk
|-end|p1a: Great Tusk|Protosynthesis|[silent]
|upkeep
|
|t:|1677348176
|switch|p1a: Gholdengo|Gholdengo, tera:Steel|47/100
|turn|97
|
|t:|1677348179
|move|p1a: Gholdengo|Recover|p1a: Gholdengo
|-heal|p1a: Gholdengo|97/100
|move|p2a: Alomomola|Wish|p2a: Alomomola
|
|upkeep
|turn|98
|j| AFineTallk0tte
|
|t:|1677348187
|switch|p2a: Clodsire|Clodsire, F|83/100
|move|p1a: Gholdengo|Shadow Ball|p2a: Clodsire
|-damage|p2a: Clodsire|62/100
|
|-heal|p2a: Clodsire|100/100|[from] move: Wish|[wisher] Alomomola
|upkeep
|turn|99
|
|t:|1677348194
|switch|p1a: Kingambit|Kingambit, F|82/100 brn
|-activate|p1a: Kingambit|ability: Supreme Overlord
|-start|p1a: Kingambit|fallen3|[silent]
|move|p2a: Clodsire|Earthquake|p1a: Kingambit
|-supereffective|p1a: Kingambit
|-damage|p1a: Kingambit|36/100 brn
|
|-heal|p1a: Kingambit|43/100 brn|[from] item: Leftovers
|-damage|p1a: Kingambit|36/100 brn|[from] brn
|upkeep
|turn|100
|
|t:|1677348199
|switch|p2a: Toxapex|Toxapex, F|73/100
|move|p1a: Kingambit|Swords Dance|p1a: Kingambit
|-boost|p1a: Kingambit|atk|2
|
|-heal|p1a: Kingambit|43/100 brn|[from] item: Leftovers
|-damage|p1a: Kingambit|36/100 brn|[from] brn
|upkeep
|turn|101
|
|t:|1677348207
|move|p1a: Kingambit|Kowtow Cleave|p2a: Toxapex
|-damage|p2a: Toxapex|36/100
|move|p2a: Toxapex|Haze|p2a: Toxapex
|-clearallboost
|
|-heal|p1a: Kingambit|43/100 brn|[from] item: Leftovers
|-damage|p1a: Kingambit|36/100 brn|[from] brn
|upkeep
|turn|102
|j| odilia
|
|t:|1677348213
|-end|p1a: Kingambit|fallen3|[silent]
|switch|p1a: Gholdengo|Gholdengo, tera:Steel|97/100
|move|p2a: Toxapex|Recover|p2a: Toxapex
|-heal|p2a: Toxapex|86/100
|
|upkeep
|turn|103
|
|t:|1677348221
|move|p1a: Gholdengo|Shadow Ball|p2a: Toxapex
|-damage|p2a: Toxapex|50/100
|move|p2a: Toxapex|Recover|p2a: Toxapex
|-heal|p2a: Toxapex|99/100
|
|upkeep
|turn|104
|
|t:|1677348225
|move|p1a: Gholdengo|Shadow Ball|p2a: Toxapex
|-damage|p2a: Toxapex|62/100
|move|p2a: Toxapex|Haze|p2a: Toxapex
|-clearallboost
|
|upkeep
|turn|105
|
|t:|1677348228
|switch|p2a: Blissey|Blissey, F|71/100
|move|p1a: Gholdengo|Nasty Plot|p1a: Gholdengo
|-boost|p1a: Gholdengo|spa|2
|
|upkeep
|turn|106
|
|t:|1677348232
|move|p1a: Gholdengo|Shadow Ball|p2a: Blissey
|-immune|p2a: Blissey
|move|p2a: Blissey|Soft-Boiled|p2a: Blissey
|-heal|p2a: Blissey|100/100
|
|upkeep
|turn|107
|
|t:|1677348234
|move|p1a: Gholdengo|Nasty Plot|p1a: Gholdengo
|-boost|p1a: Gholdengo|spa|2
|move|p2a: Blissey|Stealth Rock|p1a: Gholdengo
|-sidestart|p1: i'm an architect|move: Stealth Rock
|
|upkeep
|turn|108
|
|t:|1677348239
|switch|p2a: Alomomola|Alomomola, M, tera:Flying|96/100
|-damage|p2a: Alomomola|71/100|[from] Stealth Rock
|move|p1a: Gholdengo|Shadow Ball|p2a: Alomomola
|-damage|p2a: Alomomola|0 fnt
|faint|p2a: Alomomola
|
|upkeep
|
|t:|1677348241
|switch|p2a: Clodsire|Clodsire, F|100/100
|turn|109
|
|t:|1677348252
|switch|p1a: Iron Moth|Iron Moth|34/100
|move|p2a: Clodsire|Earthquake|p1a: Iron Moth
|-supereffective|p1a: Iron Moth
|-damage|p1a: Iron Moth|0 fnt
|faint|p1a: Iron Moth
|-end|p1a: Iron Moth|Quark Drive|[silent]
|
|upkeep
|l| odilia
|
|t:|1677348254
|switch|p1a: Kingambit|Kingambit, F|36/100 brn
|-damage|p1a: Kingambit|30/100 brn|[from] Stealth Rock
|-activate|p1a: Kingambit|ability: Supreme Overlord
|-start|p1a: Kingambit|fallen4|[silent]
|turn|110
|
|t:|1677348257
|switch|p2a: Toxapex|Toxapex, F|95/100
|move|p1a: Kingambit|Swords Dance|p1a: Kingambit
|-boost|p1a: Kingambit|atk|2
|
|-heal|p1a: Kingambit|36/100 brn|[from] item: Leftovers
|-damage|p1a: Kingambit|30/100 brn|[from] brn
|upkeep
|turn|111
|
|t:|1677348261
|-end|p1a: Kingambit|fallen4|[silent]
|switch|p1a: Gholdengo|Gholdengo, tera:Steel|97/100
|-damage|p1a: Gholdengo|91/100|[from] Stealth Rock
|move|p2a: Toxapex|Infestation|p1a: Gholdengo
|-resisted|p1a: Gholdengo
|-damage|p1a: Gholdengo|90/100
|-activate|p1a: Gholdengo|move: Infestation|[of] p2a: Toxapex
|
|-damage|p1a: Gholdengo|77/100|[from] move: Infestation|[partiallytrapped]
|upkeep
|turn|112
|
|t:|1677348263
|move|p1a: Gholdengo|Shadow Ball|p2a: Toxapex
|-crit|p2a: Toxapex
|-damage|p2a: Toxapex|40/100
|-unboost|p2a: Toxapex|spd|1
|move|p2a: Toxapex|Haze|p2a: Toxapex
|-clearallboost
|
|-damage|p1a: Gholdengo|65/100|[from] move: Infestation|[partiallytrapped]
|upkeep
|turn|113
|
|t:|1677348267
|switch|p2a: Blissey|Blissey, F|100/100
|move|p1a: Gholdengo|Nasty Plot|p1a: Gholdengo
|-boost|p1a: Gholdengo|spa|2
|
|-end|p1a: Gholdengo|Infestation|[partiallytrapped]|[silent]
|upkeep
|turn|114
|
|t:|1677348272
|move|p1a: Gholdengo|Nasty Plot|p1a: Gholdengo
|-boost|p1a: Gholdengo|spa|2
|move|p2a: Blissey|Seismic Toss|p1a: Gholdengo
|-damage|p1a: Gholdengo|38/100
|
|upkeep
|turn|115
|
|t:|1677348277
|move|p1a: Gholdengo|Make It Rain|p2a: Blissey
|-damage|p2a: Blissey|25/100
|-unboost|p1a: Gholdengo|spa|1
|move|p2a: Blissey|Seismic Toss|p1a: Gholdengo
|-damage|p1a: Gholdengo|12/100
|
|upkeep
|turn|116
|
|t:|1677348283
|move|p1a: Gholdengo|Make It Rain|p2a: Blissey
|-damage|p2a: Blissey|0 fnt
|-unboost|p1a: Gholdengo|spa|1
|faint|p2a: Blissey
|
|upkeep
|
|t:|1677348285
|switch|p2a: Clodsire|Clodsire, F|100/100
|turn|117
|
|t:|1677348290
|move|p1a: Gholdengo|Shadow Ball|p2a: Clodsire
|-damage|p2a: Clodsire|77/100
|move|p2a: Clodsire|Earthquake|p1a: Gholdengo
|-supereffective|p1a: Gholdengo
|-damage|p1a: Gholdengo|0 fnt
|faint|p1a: Gholdengo
|
|upkeep
|
|t:|1677348292
|switch|p1a: Kingambit|Kingambit, F|30/100 brn
|-damage|p1a: Kingambit|24/100 brn|[from] Stealth Rock
|-activate|p1a: Kingambit|ability: Supreme Overlord
|-start|p1a: Kingambit|fallen5|[silent]
|turn|118
|
|t:|1677348294
|move|p1a: Kingambit|Kowtow Cleave|p2a: Clodsire
|-crit|p2a: Clodsire
|-damage|p2a: Clodsire|14/100
|move|p2a: Clodsire|Earthquake|p1a: Kingambit
|-supereffective|p1a: Kingambit
|-damage|p1a: Kingambit|0 fnt
|faint|p1a: Kingambit
|-end|p1a: Kingambit|fallen5|[silent]
|
|win|Highv0ltag3
|raw|i'm an architect's rating: 1956 → 1941(-15 for losing)
|raw|Highv0ltag3's rating: 2044 → 2059(+15 for winning)
|l|☆i'm an architect
|c|☆Highv0ltag3|gg
|j| odilia
||Ladder isn't responding, score probably updated but might not have (Request timeout).
|l| Stesey
|l| odilia
