|j|☆The crimson wooper
|j|☆gotsnsd
|t:|1685909096
|gametype|singles
|player|p1|The crimson wooper|2|1557
|player|p2|gotsnsd|beauty-gen2jp|1535
|teamsize|p1|6
|teamsize|p2|6
|gen|9
|tier|[Gen 9] OU
|rated|
|rule|Sleep Clause Mod: Limit one foe put to sleep
|rule|Species Clause: Limit one of each Pokémon
|rule|OHKO Clause: OHKO moves are banned
|rule|Evasion Items Clause: Evasion items are banned
|rule|Evasion Moves Clause: Evasion moves are banned
|rule|Endless Battle Clause: Forcing endless battles is banned
|rule|HP Percentage Mod: HP is shown in percentages
|clearpoke
|poke|p1|Azelf|
|poke|p1|Moltres-Galar|
|poke|p1|Urshifu-*, M|
|poke|p1|Magearna|
|poke|p1|Roaring Moon|
|poke|p1|Kingambit, F|
|poke|p2|Hoopa-Unbound|
|poke|p2|Great Tusk|
|poke|p2|Zapdos|
|poke|p2|Slowking-Galar, F|
|poke|p2|Zamazenta-*|
|poke|p2|Dragapult, M|
|teampreview
|inactive|Battle timer is ON: inactive players will automatically lose when time's up. (requested by The crimson wooper)
|
|t:|1685909104
|start
|switch|p1a: Azelf|Azelf, shiny|100/100
|switch|p2a: Great Tusk|Great Tusk|100/100
|turn|1
|
|t:|1685909112
|move|p1a: Azelf|Reflect|p1a: Azelf
|-sidestart|p1: The crimson wooper|Reflect
|move|p2a: Great Tusk|Rapid Spin|p1a: Azelf
|-damage|p1a: Azelf|92/100
|-boost|p2a: Great Tusk|spe|1
|
|upkeep
|turn|2
|
|t:|1685909116
|move|p1a: Azelf|Light Screen|p1a: Azelf
|-sidestart|p1: The crimson wooper|move: Light Screen
|move|p2a: Great Tusk|Knock Off|p1a: Azelf
|-supereffective|p1a: Azelf
|-damage|p1a: Azelf|57/100
|-enditem|p1a: Azelf|Light Clay|[from] move: Knock Off|[of] p2a: Great Tusk
|
|upkeep
|turn|3
|
|t:|1685909129
|switch|p1a: Roaring Moon|Roaring Moon|100/100
|-enditem|p1a: Roaring Moon|Booster Energy
|-activate|p1a: Roaring Moon|ability: Protosynthesis|[fromitem]
|-start|p1a: Roaring Moon|protosynthesisatk
|move|p2a: Great Tusk|Stealth Rock|p1a: Roaring Moon
|-sidestart|p1: The crimson wooper|move: Stealth Rock
|
|upkeep
|turn|4
|
|t:|1685909136
|-end|p2a: Great Tusk|Protosynthesis|[silent]
|switch|p2a: Zapdos|Zapdos|100/100
|move|p1a: Roaring Moon|Dragon Dance|p1a: Roaring Moon
|-boost|p1a: Roaring Moon|atk|1
|-boost|p1a: Roaring Moon|spe|1
|
|upkeep
|turn|5
|
|t:|1685909140
|move|p1a: Roaring Moon|Dragon Dance|p1a: Roaring Moon
|-boost|p1a: Roaring Moon|atk|1
|-boost|p1a: Roaring Moon|spe|1
|move|p2a: Zapdos|Volt Switch|p1a: Roaring Moon
|-resisted|p1a: Roaring Moon
|-damage|p1a: Roaring Moon|93/100
|
|t:|1685909151
|switch|p2a: Slowking|Slowking-Galar, F|100/100|[from] Volt Switch
|
|upkeep
|turn|6
|
|t:|1685909157
|-terastallize|p2a: Slowking|Dark
|move|p1a: Roaring Moon|Jaw Lock|p2a: Slowking
|-resisted|p2a: Slowking
|-damage|p2a: Slowking|45/100
|-activate|p1a: Roaring Moon|trapped
|-activate|p2a: Slowking|trapped
|move|p2a: Slowking|Thunder Wave|p1a: Roaring Moon
|-status|p1a: Roaring Moon|par
|
|upkeep
|turn|7
|
|t:|1685909166
|move|p1a: Roaring Moon|Dragon Dance|p1a: Roaring Moon
|-boost|p1a: Roaring Moon|atk|1
|-boost|p1a: Roaring Moon|spe|1
|move|p2a: Slowking|Chilly Reception|p2a: Slowking
|-weather|Snow
|
|t:|1685909172
|switch|p2a: Zamazenta|Zamazenta|100/100|[from] Chilly Reception
|-ability|p2a: Zamazenta|Dauntless Shield|boost
|-boost|p2a: Zamazenta|def|1
|
|-weather|Snow|[upkeep]
|upkeep
|turn|8
|
|t:|1685909175
|move|p1a: Roaring Moon|Acrobatics|p2a: Zamazenta
|-supereffective|p2a: Zamazenta
|-damage|p2a: Zamazenta|0 fnt
|faint|p2a: Zamazenta
|
|-weather|Snow|[upkeep]
|-sideend|p1: The crimson wooper|Reflect
|upkeep
|
|t:|1685909189
|switch|p2a: Hoopa|Hoopa-Unbound|100/100
|turn|9
|
|t:|1685909192
|move|p1a: Roaring Moon|Acrobatics|p2a: Hoopa
|-damage|p2a: Hoopa|0 fnt
|faint|p2a: Hoopa
|
|-weather|Snow|[upkeep]
|-sideend|p1: The crimson wooper|move: Light Screen
|upkeep
|
|t:|1685909196
|switch|p2a: Great Tusk|Great Tusk|100/100
|turn|10
|
|t:|1685909201
|cant|p1a: Roaring Moon|par
|move|p2a: Great Tusk|Earthquake|p1a: Roaring Moon
|-damage|p1a: Roaring Moon|38/100 par
|
|-weather|Snow|[upkeep]
|upkeep
|turn|11
|
|t:|1685909210
|-terastallize|p1a: Roaring Moon|Flying
|cant|p1a: Roaring Moon|par
|move|p2a: Great Tusk|Earthquake|p1a: Roaring Moon
|-immune|p1a: Roaring Moon
|
|-weather|none
|upkeep
|turn|12
|
|t:|1685909220
|cant|p1a: Roaring Moon|par
|move|p2a: Great Tusk|Rapid Spin|p1a: Roaring Moon
|-damage|p1a: Roaring Moon|18/100 par
|-boost|p2a: Great Tusk|spe|1
|
|upkeep
|turn|13
|
|t:|1685909224
|move|p1a: Roaring Moon|Acrobatics|p2a: Great Tusk
|-supereffective|p2a: Great Tusk
|-damage|p2a: Great Tusk|0 fnt
|faint|p2a: Great Tusk
|-end|p2a: Great Tusk|Protosynthesis|[silent]
|
|upkeep
|
|t:|1685909226
|switch|p2a: Zapdos|Zapdos|100/100
|turn|14
|
|t:|1685909229
|move|p1a: Roaring Moon|Jaw Lock|p2a: Zapdos
|-damage|p2a: Zapdos|0 fnt
|faint|p2a: Zapdos
|
|upkeep
|
|t:|1685909233
|switch|p2a: Slowking|Slowking-Galar, F, tera:Dark|78/100
|turn|15
|
|t:|1685909236
|move|p1a: Roaring Moon|Acrobatics|p2a: Slowking
|-damage|p2a: Slowking|0 fnt
|faint|p2a: Slowking
|
|upkeep
|
|t:|1685909238
|switch|p2a: Dragapult|Dragapult, M|100/100
|turn|16
|
|t:|1685909242
|cant|p1a: Roaring Moon|par
|move|p2a: Dragapult|Dragon Darts|p1a: Roaring Moon
|-damage|p1a: Roaring Moon|0 fnt
|faint|p1a: Roaring Moon
|-end|p1a: Roaring Moon|Protosynthesis|[silent]
|
|upkeep
|
|t:|1685909246
|switch|p1a: UNDYNE|Kingambit, F, shiny|100/100
|-damage|p1a: UNDYNE|94/100|[from] Stealth Rock
|-activate|p1a: UNDYNE|ability: Supreme Overlord
|-start|p1a: UNDYNE|fallen1|[silent]
|turn|17
|
|t:|1685909251
|move|p2a: Dragapult|Will-O-Wisp|p1a: UNDYNE
|-status|p1a: UNDYNE|brn
|move|p1a: UNDYNE|Kowtow Cleave|p2a: Dragapult
|-supereffective|p2a: Dragapult
|-damage|p2a: Dragapult|9/100
|
|-heal|p2a: Dragapult|15/100|[from] item: Leftovers
|-damage|p1a: UNDYNE|88/100 brn|[from] brn
|upkeep
|turn|18
|-message|gotsnsd forfeited.
|
|win|The crimson wooper
|raw|The crimson wooper's rating: 1557 → 1576(+19 for winning)
|raw|gotsnsd's rating: 1535 → 1516(-19 for losing)
|l|☆gotsnsd
