|j|☆Vatn
|j|☆Zoroark The Master
|inactive|Battle timer is ON: inactive players will automatically lose when time's up.
|t:|1685889528
|gametype|singles
|player|p1|Vatn|gambler|
|player|p2|Zoroark The Master|az|
|teamsize|p1|6
|teamsize|p2|6
|gen|9
|tier|[Gen 9] OU
|rated|Tournament battle
|rule|Sleep Clause Mod: Limit one foe put to sleep
|rule|Species Clause: Limit one of each Pokémon
|rule|OHKO Clause: OHKO moves are banned
|rule|Evasion Items Clause: Evasion items are banned
|rule|Evasion Moves Clause: Evasion moves are banned
|rule|Endless Battle Clause: Forcing endless battles is banned
|rule|HP Percentage Mod: HP is shown in percentages
|clearpoke
|poke|p1|Cresselia, F|
|poke|p1|Blissey, F|
|poke|p1|Clodsire, M|
|poke|p1|Corviknight, F|
|poke|p1|Dondozo, F|
|poke|p1|Great Tusk|
|poke|p2|Gholdengo|
|poke|p2|Corviknight, F|
|poke|p2|Great Tusk|
|poke|p2|Walking Wake|
|poke|p2|Roaring Moon|
|poke|p2|Torkoal, M|
|teampreview
|inactive|Zoroark The Master also wants the timer to be on.
|
|t:|1685889536
|start
|switch|p1a: Blissey|Blissey, F|100/100
|switch|p2a: Corviknight|Corviknight, F|100/100
|-ability|p2a: Corviknight|Pressure
|turn|1
|j| nonononosupermario
|
|t:|1685889547
|switch|p1a: Great Tusk|Great Tusk|100/100
|move|p2a: Corviknight|Body Press|p1a: Great Tusk
|-damage|p1a: Great Tusk|88/100
|
|-heal|p1a: Great Tusk|94/100|[from] item: Leftovers
|upkeep
|turn|2
|
|t:|1685889549
|move|p1a: Great Tusk|Knock Off|p2a: Corviknight
|-damage|p2a: Corviknight|82/100
|-enditem|p2a: Corviknight|Covert Cloak|[from] move: Knock Off|[of] p1a: Great Tusk
|move|p2a: Corviknight|Brave Bird|p1a: Great Tusk
|-supereffective|p1a: Great Tusk
|-damage|p1a: Great Tusk|60/100
|-damage|p2a: Corviknight|70/100|[from] Recoil
|
|-heal|p1a: Great Tusk|67/100|[from] item: Leftovers
|upkeep
|turn|3
|j| giggeep
|
|t:|1685889563
|-end|p1a: Great Tusk|Protosynthesis|[silent]
|switch|p1a: Dondozo|Dondozo, F|100/100
|move|p2a: Corviknight|Brave Bird|p1a: Dondozo
|-damage|p1a: Dondozo|85/100
|-damage|p2a: Corviknight|64/100|[from] Recoil
|
|-heal|p1a: Dondozo|92/100|[from] item: Leftovers
|upkeep
|turn|4
|
|t:|1685889568
|move|p2a: Corviknight|U-turn|p1a: Dondozo
|-damage|p1a: Dondozo|85/100
|
|t:|1685889570
|switch|p2a: Gholdengo|Gholdengo|100/100|[from] U-turn
|move|p1a: Dondozo|Wave Crash|p2a: Gholdengo
|-damage|p2a: Gholdengo|56/100
|-damage|p1a: Dondozo|76/100|[from] Recoil
|
|-heal|p1a: Dondozo|82/100|[from] item: Leftovers
|upkeep
|turn|5
|
|t:|1685889574
|switch|p1a: Clodsire|Clodsire, M|100/100
|move|p2a: Gholdengo|Trick|p1a: Clodsire
|-activate|p2a: Gholdengo|move: Trick|[of] p1a: Clodsire
|-item|p1a: Clodsire|Choice Scarf|[from] move: Trick
|-item|p2a: Gholdengo|Black Sludge|[from] move: Trick
|
|-damage|p2a: Gholdengo|44/100|[from] item: Black Sludge
|upkeep
|turn|6
|
|t:|1685889582
|switch|p2a: Corviknight|Corviknight, F|64/100
|-ability|p2a: Corviknight|Pressure
|move|p1a: Clodsire|Earthquake|p2a: Corviknight
|-immune|p2a: Corviknight
|
|upkeep
|turn|7
|
|t:|1685889586
|switch|p1a: Corviknight|Corviknight, F|100/100
|-ability|p1a: Corviknight|Pressure
|move|p2a: Corviknight|U-turn|p1a: Corviknight
|-resisted|p1a: Corviknight
|-damage|p1a: Corviknight|98/100
|
|t:|1685889591
|switch|p2a: Torkoal|Torkoal, M|100/100|[from] U-turn
|-weather|SunnyDay|[from] ability: Drought|[of] p2a: Torkoal
|
|-weather|SunnyDay|[upkeep]
|-heal|p1a: Corviknight|100/100|[from] item: Leftovers
|upkeep
|turn|8
|
|t:|1685889596
|move|p1a: Corviknight|U-turn|p2a: Torkoal
|-resisted|p2a: Torkoal
|-damage|p2a: Torkoal|96/100
|l| giggeep
|
|t:|1685889599
|switch|p1a: Blissey|Blissey, F|100/100|[from] U-turn
|move|p2a: Torkoal|Stealth Rock|p1a: Blissey
|-sidestart|p1: Vatn|move: Stealth Rock
|
|-weather|SunnyDay|[upkeep]
|upkeep
|turn|9
|
|t:|1685889608
|switch|p2a: Great Tusk|Great Tusk|100/100
|-activate|p2a: Great Tusk|ability: Protosynthesis
|-start|p2a: Great Tusk|protosynthesisdef
|move|p1a: Blissey|Stealth Rock|p2a: Great Tusk
|-sidestart|p2: Zoroark The Master|move: Stealth Rock
|
|-weather|SunnyDay|[upkeep]
|upkeep
|turn|10
|
|t:|1685889611
|switch|p1a: Great Tusk|Great Tusk|67/100
|-damage|p1a: Great Tusk|64/100|[from] Stealth Rock
|-activate|p1a: Great Tusk|ability: Protosynthesis
|-start|p1a: Great Tusk|protosynthesisdef
|move|p2a: Great Tusk|Rapid Spin|p1a: Great Tusk
|-damage|p1a: Great Tusk|58/100
|-boost|p2a: Great Tusk|spe|1
|-sideend|p2: Zoroark The Master|Stealth Rock|[from] move: Rapid Spin|[of] p2a: Great Tusk
|
|-weather|SunnyDay|[upkeep]
|-heal|p1a: Great Tusk|64/100|[from] item: Leftovers
|upkeep
|turn|11
|
|t:|1685889621
|move|p2a: Great Tusk|Knock Off|p1a: Great Tusk
|-resisted|p1a: Great Tusk
|-damage|p1a: Great Tusk|58/100
|-enditem|p1a: Great Tusk|Leftovers|[from] move: Knock Off|[of] p2a: Great Tusk
|move|p1a: Great Tusk|Bulk Up|p1a: Great Tusk
|-boost|p1a: Great Tusk|atk|1
|-boost|p1a: Great Tusk|def|1
|
|-weather|SunnyDay|[upkeep]
|upkeep
|turn|12
|
|t:|1685889627
|-end|p2a: Great Tusk|Protosynthesis|[silent]
|switch|p2a: Walking Wake|Walking Wake|100/100
|-activate|p2a: Walking Wake|ability: Protosynthesis
|-start|p2a: Walking Wake|protosynthesisspe
|move|p1a: Great Tusk|Rapid Spin|p2a: Walking Wake
|-damage|p2a: Walking Wake|77/100
|-boost|p1a: Great Tusk|spe|1
|-sideend|p1: Vatn|Stealth Rock|[from] move: Rapid Spin|[of] p1a: Great Tusk
|
|-weather|SunnyDay|[upkeep]
|upkeep
|turn|13
|
|t:|1685889635
|-end|p1a: Great Tusk|Protosynthesis|[silent]
|switch|p1a: Blissey|Blissey, F|100/100
|move|p2a: Walking Wake|Hydro Steam|p1a: Blissey
|-damage|p1a: Blissey|76/100
|
|-weather|SunnyDay|[upkeep]
|upkeep
|turn|14
|
|t:|1685889641
|-end|p2a: Walking Wake|Protosynthesis|[silent]
|switch|p2a: Corviknight|Corviknight, F|64/100
|-ability|p2a: Corviknight|Pressure
|move|p1a: Blissey|Stealth Rock|p2a: Corviknight
|-sidestart|p2: Zoroark The Master|move: Stealth Rock
|
|-weather|none
|upkeep
|turn|15
|
|t:|1685889649
|switch|p1a: Corviknight|Corviknight, F|100/100
|-ability|p1a: Corviknight|Pressure
|move|p2a: Corviknight|Roost|p2a: Corviknight
|-heal|p2a: Corviknight|100/100
|-singleturn|p2a: Corviknight|move: Roost
|
|upkeep
|turn|16
|
|t:|1685889652
|move|p1a: Corviknight|U-turn|p2a: Corviknight
|-resisted|p2a: Corviknight
|-damage|p2a: Corviknight|98/100
|
|t:|1685889655
|switch|p1a: Dondozo|Dondozo, F|82/100|[from] U-turn
|move|p2a: Corviknight|U-turn|p1a: Dondozo
|-damage|p1a: Dondozo|75/100
|
|t:|1685889670
|switch|p2a: Great Tusk|Great Tusk|100/100|[from] U-turn
|-damage|p2a: Great Tusk|98/100|[from] Stealth Rock
|
|-heal|p2a: Great Tusk|100/100|[from] item: Leftovers
|-heal|p1a: Dondozo|81/100|[from] item: Leftovers
|upkeep
|turn|17
|
|t:|1685889675
|switch|p1a: Cresselia|Cresselia, F|100/100
|-terastallize|p2a: Great Tusk|Steel
|move|p2a: Great Tusk|Rapid Spin|p1a: Cresselia
|-damage|p1a: Cresselia|94/100
|-boost|p2a: Great Tusk|spe|1
|-sideend|p2: Zoroark The Master|Stealth Rock|[from] move: Rapid Spin|[of] p2a: Great Tusk
|
|-heal|p1a: Cresselia|99/100|[from] item: Leftovers
|upkeep
|turn|18
|
|t:|1685889686
|move|p2a: Great Tusk|Knock Off|p1a: Cresselia
|-supereffective|p1a: Cresselia
|-damage|p1a: Cresselia|72/100
|-enditem|p1a: Cresselia|Leftovers|[from] move: Knock Off|[of] p2a: Great Tusk
|move|p1a: Cresselia|Calm Mind|p1a: Cresselia
|-boost|p1a: Cresselia|spa|1
|-boost|p1a: Cresselia|spd|1
|
|upkeep
|turn|19
|
|t:|1685889693
|-end|p2a: Great Tusk|Protosynthesis|[silent]
|switch|p2a: Roaring Moon|Roaring Moon|100/100
|move|p1a: Cresselia|Ice Beam|p2a: Roaring Moon
|-supereffective|p2a: Roaring Moon
|-damage|p2a: Roaring Moon|54/100
|
|upkeep
|turn|20
|
|t:|1685889701
|switch|p1a: Dondozo|Dondozo, F|81/100
|move|p2a: Roaring Moon|U-turn|p1a: Dondozo
|-damage|p1a: Dondozo|62/100
|
|t:|1685889712
|-end|p2a: Roaring Moon|Protosynthesis|[silent]
|switch|p2a: Gholdengo|Gholdengo|44/100|[from] U-turn
|
|-damage|p2a: Gholdengo|32/100|[from] item: Black Sludge
|-heal|p1a: Dondozo|68/100|[from] item: Leftovers
|upkeep
|turn|21
|
|t:|1685889725
|switch|p1a: Clodsire|Clodsire, M|100/100
|move|p2a: Gholdengo|Trick|p1a: Clodsire
|-activate|p2a: Gholdengo|move: Trick|[of] p1a: Clodsire
|-item|p1a: Clodsire|Black Sludge|[from] move: Trick
|-item|p2a: Gholdengo|Choice Scarf|[from] move: Trick
|
|upkeep
|turn|22
|
|t:|1685889734
|move|p2a: Gholdengo|Trick|p1a: Clodsire
|-activate|p2a: Gholdengo|move: Trick|[of] p1a: Clodsire
|-item|p1a: Clodsire|Choice Scarf|[from] move: Trick
|-item|p2a: Gholdengo|Black Sludge|[from] move: Trick
|move|p1a: Clodsire|Earthquake|p2a: Gholdengo
|-supereffective|p2a: Gholdengo
|-damage|p2a: Gholdengo|0 fnt
|faint|p2a: Gholdengo
|
|upkeep
|
|t:|1685889739
|switch|p2a: Walking Wake|Walking Wake|77/100
|turn|23
|
|t:|1685889742
|-end|p2a: Walking Wake|Protosynthesis|[silent]
|switch|p2a: Corviknight|Corviknight, F|98/100
|-ability|p2a: Corviknight|Pressure
|switch|p1a: Blissey|Blissey, F|76/100
|
|upkeep
|turn|24
|
|t:|1685889748
|switch|p1a: Corviknight|Corviknight, F|100/100
|-ability|p1a: Corviknight|Pressure
|move|p2a: Corviknight|U-turn|p1a: Corviknight
|-resisted|p1a: Corviknight
|-crit|p1a: Corviknight
|-damage|p1a: Corviknight|96/100
|
|t:|1685889752
|switch|p2a: Torkoal|Torkoal, M|96/100|[from] U-turn
|-weather|SunnyDay|[from] ability: Drought|[of] p2a: Torkoal
|
|-weather|SunnyDay|[upkeep]
|-heal|p1a: Corviknight|100/100|[from] item: Leftovers
|upkeep
|turn|25
|
|t:|1685889755
|move|p1a: Corviknight|U-turn|p2a: Torkoal
|-resisted|p2a: Torkoal
|-damage|p2a: Torkoal|93/100
|
|t:|1685889757
|switch|p1a: Blissey|Blissey, F|76/100|[from] U-turn
|move|p2a: Torkoal|Lava Plume|p1a: Blissey
|-damage|p1a: Blissey|65/100
|
|-weather|SunnyDay|[upkeep]
|upkeep
|turn|26
|
|t:|1685889763
|move|p1a: Blissey|Stealth Rock|p2a: Torkoal
|-sidestart|p2: Zoroark The Master|move: Stealth Rock
|move|p2a: Torkoal|Stealth Rock|p1a: Blissey
|-sidestart|p1: Vatn|move: Stealth Rock
|
|-weather|SunnyDay|[upkeep]
|upkeep
|turn|27
|
|t:|1685889767
|move|p1a: Blissey|Soft-Boiled|p1a: Blissey
|-heal|p1a: Blissey|100/100
|move|p2a: Torkoal|Rapid Spin|p1a: Blissey
|-damage|p1a: Blissey|84/100
|-boost|p2a: Torkoal|spe|1
|-sideend|p2: Zoroark The Master|Stealth Rock|[from] move: Rapid Spin|[of] p2a: Torkoal
|
|-weather|SunnyDay|[upkeep]
|upkeep
|turn|28
|
|t:|1685889772
|move|p1a: Blissey|Stealth Rock|p2a: Torkoal
|-sidestart|p2: Zoroark The Master|move: Stealth Rock
|move|p2a: Torkoal|Yawn|p1a: Blissey
|-start|p1a: Blissey|move: Yawn|[of] p2a: Torkoal
|
|-weather|SunnyDay|[upkeep]
|upkeep
|turn|29
|
|t:|1685889786
|switch|p1a: Great Tusk|Great Tusk|58/100
|-damage|p1a: Great Tusk|55/100|[from] Stealth Rock
|-activate|p1a: Great Tusk|ability: Protosynthesis
|-start|p1a: Great Tusk|protosynthesisdef
|move|p2a: Torkoal|Rapid Spin|p1a: Great Tusk
|-damage|p1a: Great Tusk|52/100
|-boost|p2a: Torkoal|spe|1
|-sideend|p2: Zoroark The Master|Stealth Rock|[from] move: Rapid Spin|[of] p2a: Torkoal
|
|-weather|SunnyDay|[upkeep]
|upkeep
|turn|30
|
|t:|1685889793
|move|p1a: Great Tusk|Rapid Spin|p2a: Torkoal
|-damage|p2a: Torkoal|84/100
|-boost|p1a: Great Tusk|spe|1
|-sideend|p1: Vatn|Stealth Rock|[from] move: Rapid Spin|[of] p1a: Great Tusk
|move|p2a: Torkoal|Lava Plume|p1a: Great Tusk
|-damage|p1a: Great Tusk|5/100
|
|-weather|SunnyDay|[upkeep]
|upkeep
|turn|31
|
|t:|1685889802
|switch|p2a: Corviknight|Corviknight, F|98/100
|-ability|p2a: Corviknight|Pressure
|move|p1a: Great Tusk|Knock Off|p2a: Corviknight
|-damage|p2a: Corviknight|88/100
|
|-weather|none
|-end|p1a: Great Tusk|Protosynthesis
|upkeep
|turn|32
|
|t:|1685889810
|move|p1a: Great Tusk|Body Press|p2a: Corviknight
|-damage|p2a: Corviknight|61/100
|move|p2a: Corviknight|U-turn|p1a: Great Tusk
|-resisted|p1a: Great Tusk
|-damage|p1a: Great Tusk|1/100
|
|t:|1685889816
|switch|p2a: Roaring Moon|Roaring Moon|54/100|[from] U-turn
|
|upkeep
|turn|33
|
|t:|1685889819
|move|p2a: Roaring Moon|U-turn|p1a: Great Tusk
|-resisted|p1a: Great Tusk
|-damage|p1a: Great Tusk|0 fnt
|faint|p1a: Great Tusk
|-end|p1a: Great Tusk|Protosynthesis|[silent]
|
|t:|1685889825
|-end|p2a: Roaring Moon|Protosynthesis|[silent]
|switch|p2a: Corviknight|Corviknight, F|61/100|[from] U-turn
|-ability|p2a: Corviknight|Pressure
|
|upkeep
|
|t:|1685889834
|switch|p1a: Dondozo|Dondozo, F|68/100
|turn|34
|
|t:|1685889839
|move|p2a: Corviknight|Roost|p2a: Corviknight
|-heal|p2a: Corviknight|100/100
|-singleturn|p2a: Corviknight|move: Roost
|move|p1a: Dondozo|Body Press|p2a: Corviknight
|-supereffective|p2a: Corviknight
|-damage|p2a: Corviknight|66/100
|
|-heal|p1a: Dondozo|74/100|[from] item: Leftovers
|upkeep
|turn|35
|
|t:|1685889844
|move|p2a: Corviknight|Brave Bird|p1a: Dondozo
|-damage|p1a: Dondozo|58/100
|-damage|p2a: Corviknight|59/100|[from] Recoil
|move|p1a: Dondozo|Curse|p1a: Dondozo
|-unboost|p1a: Dondozo|spe|1
|-boost|p1a: Dondozo|atk|1
|-boost|p1a: Dondozo|def|1
|
|-heal|p1a: Dondozo|64/100|[from] item: Leftovers
|upkeep
|turn|36
|j| ChiefGreenLeaf3
|c| ChiefGreenLeaf3|why
|
|t:|1685889850
|switch|p2a: Walking Wake|Walking Wake|77/100
|move|p1a: Dondozo|Body Press|p2a: Walking Wake
|-damage|p2a: Walking Wake|36/100
|
|-heal|p1a: Dondozo|71/100|[from] item: Leftovers
|upkeep
|turn|37
|c| ChiefGreenLeaf3|ffs
|
|t:|1685889855
|switch|p1a: Blissey|Blissey, F|84/100
|move|p2a: Walking Wake|Draco Meteor|p1a: Blissey
|-damage|p1a: Blissey|55/100
|-unboost|p2a: Walking Wake|spa|2
|
|upkeep
|turn|38
|
|t:|1685889861
|-end|p2a: Walking Wake|Protosynthesis|[silent]
|switch|p2a: Corviknight|Corviknight, F|59/100
|-ability|p2a: Corviknight|Pressure
|move|p1a: Blissey|Soft-Boiled|p1a: Blissey
|-heal|p1a: Blissey|100/100
|
|upkeep
|turn|39
|
|t:|1685889873
|switch|p1a: Corviknight|Corviknight, F|100/100
|-ability|p1a: Corviknight|Pressure
|move|p2a: Corviknight|U-turn|p1a: Corviknight
|-resisted|p1a: Corviknight
|-damage|p1a: Corviknight|98/100
|
|t:|1685889884
|switch|p2a: Torkoal|Torkoal, M|84/100|[from] U-turn
|-weather|SunnyDay|[from] ability: Drought|[of] p2a: Torkoal
|
|-weather|SunnyDay|[upkeep]
|-heal|p1a: Corviknight|100/100|[from] item: Leftovers
|upkeep
|turn|40
|
|t:|1685889892
|move|p1a: Corviknight|U-turn|p2a: Torkoal
|-resisted|p2a: Torkoal
|-damage|p2a: Torkoal|80/100
|
|t:|1685889898
|switch|p1a: Blissey|Blissey, F|100/100|[from] U-turn
|move|p2a: Torkoal|Lava Plume|p1a: Blissey
|-damage|p1a: Blissey|90/100
|
|-weather|SunnyDay|[upkeep]
|upkeep
|turn|41
|
|t:|1685889903
|move|p1a: Blissey|Seismic Toss|p2a: Torkoal
|-damage|p2a: Torkoal|51/100
|move|p2a: Torkoal|Stealth Rock|p1a: Blissey
|-sidestart|p1: Vatn|move: Stealth Rock
|
|-weather|SunnyDay|[upkeep]
|upkeep
|turn|42
|
|t:|1685889910
|switch|p2a: Great Tusk|Great Tusk, tera:Steel|100/100
|-activate|p2a: Great Tusk|ability: Protosynthesis
|-start|p2a: Great Tusk|protosynthesisdef
|move|p1a: Blissey|Stealth Rock|p2a: Great Tusk
|-sidestart|p2: Zoroark The Master|move: Stealth Rock
|
|-weather|SunnyDay|[upkeep]
|upkeep
|turn|43
|
|t:|1685889915
|switch|p1a: Cresselia|Cresselia, F|72/100
|-damage|p1a: Cresselia|60/100|[from] Stealth Rock
|move|p2a: Great Tusk|Rapid Spin|p1a: Cresselia
|-damage|p1a: Cresselia|53/100
|-boost|p2a: Great Tusk|spe|1
|-sideend|p2: Zoroark The Master|Stealth Rock|[from] move: Rapid Spin|[of] p2a: Great Tusk
|
|-weather|SunnyDay|[upkeep]
|upkeep
|turn|44
|
|t:|1685889918
|move|p2a: Great Tusk|Knock Off|p1a: Cresselia
|-supereffective|p1a: Cresselia
|-damage|p1a: Cresselia|32/100
|move|p1a: Cresselia|Moonlight|p1a: Cresselia
|-heal|p1a: Cresselia|99/100
|
|-weather|SunnyDay|[upkeep]
|upkeep
|turn|45
|
|t:|1685889923
|-end|p2a: Great Tusk|Protosynthesis|[silent]
|switch|p2a: Roaring Moon|Roaring Moon|54/100
|-activate|p2a: Roaring Moon|ability: Protosynthesis
|-start|p2a: Roaring Moon|protosynthesisatk
|move|p1a: Cresselia|Calm Mind|p1a: Cresselia
|-boost|p1a: Cresselia|spa|1
|-boost|p1a: Cresselia|spd|1
|
|-weather|SunnyDay|[upkeep]
|upkeep
|turn|46
|
|t:|1685889929
|move|p2a: Roaring Moon|Crunch|p1a: Cresselia
|-supereffective|p1a: Cresselia
|-damage|p1a: Cresselia|0 fnt
|faint|p1a: Cresselia
|
|-weather|none
|-end|p2a: Roaring Moon|Protosynthesis
|upkeep
|
|t:|1685889932
|switch|p1a: Dondozo|Dondozo, F|71/100
|-damage|p1a: Dondozo|58/100|[from] Stealth Rock
|turn|47
|c| ChiefGreenLeaf3|bringing full stall to R1 is considered rude
|c| ChiefGreenLeaf3|just fyu
|c| ChiefGreenLeaf3|ppl are waiting to play games
|inactive|Zoroark The Master has 120 seconds left.
|
|t:|1685889965
|-end|p2a: Roaring Moon|Protosynthesis|[silent]
|switch|p2a: Torkoal|Torkoal, M|51/100
|-weather|SunnyDay|[from] ability: Drought|[of] p2a: Torkoal
|move|p1a: Dondozo|Body Press|p2a: Torkoal
|-damage|p2a: Torkoal|36/100
|
|-weather|SunnyDay|[upkeep]
|-heal|p1a: Dondozo|64/100|[from] item: Leftovers
|upkeep
|turn|48
|
|t:|1685889972
|move|p1a: Dondozo|Wave Crash|p2a: Torkoal
|-supereffective|p2a: Torkoal
|-damage|p2a: Torkoal|14/100
|-damage|p1a: Dondozo|59/100|[from] Recoil
|move|p2a: Torkoal|Yawn|p1a: Dondozo
|-start|p1a: Dondozo|move: Yawn|[of] p2a: Torkoal
|
|-weather|SunnyDay|[upkeep]
|-heal|p1a: Dondozo|66/100|[from] item: Leftovers
|upkeep
|turn|49
|
|t:|1685889980
|switch|p2a: Walking Wake|Walking Wake|36/100
|-activate|p2a: Walking Wake|ability: Protosynthesis
|-start|p2a: Walking Wake|protosynthesisspe
|move|p1a: Dondozo|Rest|p1a: Dondozo
|-status|p1a: Dondozo|slp|[from] move: Rest
|-heal|p1a: Dondozo|100/100 slp|[silent]
|
|-weather|SunnyDay|[upkeep]
|-end|p1a: Dondozo|move: Yawn|[silent]
|upkeep
|turn|50
|
|t:|1685889992
|switch|p1a: Blissey|Blissey, F|90/100
|move|p2a: Walking Wake|Dragon Pulse|p1a: Blissey
|-damage|p1a: Blissey|70/100
|
|-weather|SunnyDay|[upkeep]
|upkeep
|turn|51
|
|t:|1685890004
|-end|p2a: Walking Wake|Protosynthesis|[silent]
|switch|p2a: Corviknight|Corviknight, F|59/100
|-ability|p2a: Corviknight|Pressure
|move|p1a: Blissey|Heal Bell|p1a: Blissey
|-activate|p1a: Blissey|move: Heal Bell
|-curestatus|p1: Dondozo|slp|[msg]
|
|-weather|SunnyDay|[upkeep]
|upkeep
|turn|52
|
|t:|1685890015
|switch|p1a: Corviknight|Corviknight, F|100/100
|-damage|p1a: Corviknight|88/100|[from] Stealth Rock
|-ability|p1a: Corviknight|Pressure
|move|p2a: Corviknight|U-turn|p1a: Corviknight
|-resisted|p1a: Corviknight
|-damage|p1a: Corviknight|85/100
|
|t:|1685890023
|switch|p2a: Walking Wake|Walking Wake|36/100|[from] U-turn
|-activate|p2a: Walking Wake|ability: Protosynthesis
|-start|p2a: Walking Wake|protosynthesisspe
|
|-weather|SunnyDay|[upkeep]
|-heal|p1a: Corviknight|91/100|[from] item: Leftovers
|upkeep
|turn|53
|
|t:|1685890026
|switch|p1a: Blissey|Blissey, F|70/100
|move|p2a: Walking Wake|Hydro Steam|p1a: Blissey
|-crit|p1a: Blissey
|-damage|p1a: Blissey|31/100
|
|-weather|SunnyDay|[upkeep]
|upkeep
|turn|54
|
|t:|1685890033
|move|p2a: Walking Wake|Hydro Steam|p1a: Blissey
|-damage|p1a: Blissey|7/100
|move|p1a: Blissey|Soft-Boiled|p1a: Blissey
|-heal|p1a: Blissey|57/100
|
|-weather|none
|-end|p2a: Walking Wake|Protosynthesis
|upkeep
|turn|55
|
|t:|1685890038
|-end|p2a: Walking Wake|Protosynthesis|[silent]
|switch|p2a: Roaring Moon|Roaring Moon|54/100
|move|p1a: Blissey|Soft-Boiled|p1a: Blissey
|-heal|p1a: Blissey|100/100
|
|upkeep
|turn|56
|
|t:|1685890042
|switch|p1a: Dondozo|Dondozo, F|100/100
|-damage|p1a: Dondozo|88/100|[from] Stealth Rock
|move|p2a: Roaring Moon|Crunch|p1a: Dondozo
|-damage|p1a: Dondozo|53/100
|
|-heal|p1a: Dondozo|59/100|[from] item: Leftovers
|upkeep
|turn|57
|
|t:|1685890050
|-end|p2a: Roaring Moon|Protosynthesis|[silent]
|switch|p2a: Corviknight|Corviknight, F|59/100
|-ability|p2a: Corviknight|Pressure
|move|p1a: Dondozo|Body Press|p2a: Corviknight
|-damage|p2a: Corviknight|44/100
|
|-heal|p1a: Dondozo|66/100|[from] item: Leftovers
|upkeep
|turn|58
|
|t:|1685890054
|move|p2a: Corviknight|U-turn|p1a: Dondozo
|-damage|p1a: Dondozo|59/100
|
|t:|1685890056
|switch|p2a: Torkoal|Torkoal, M|14/100|[from] U-turn
|-weather|SunnyDay|[from] ability: Drought|[of] p2a: Torkoal
|move|p1a: Dondozo|Body Press|p2a: Torkoal
|-damage|p2a: Torkoal|0 fnt
|faint|p2a: Torkoal
|
|-weather|SunnyDay|[upkeep]
|-heal|p1a: Dondozo|66/100|[from] item: Leftovers
|upkeep
|
|t:|1685890058
|switch|p2a: Roaring Moon|Roaring Moon|54/100
|-activate|p2a: Roaring Moon|ability: Protosynthesis
|-start|p2a: Roaring Moon|protosynthesisatk
|turn|59
|
|t:|1685890071
|switch|p1a: Clodsire|Clodsire, M|100/100
|-damage|p1a: Clodsire|94/100|[from] Stealth Rock
|move|p2a: Roaring Moon|U-turn|p1a: Clodsire
|-resisted|p1a: Clodsire
|-damage|p1a: Clodsire|65/100
|
|t:|1685890075
|-end|p2a: Roaring Moon|Protosynthesis|[silent]
|switch|p2a: Walking Wake|Walking Wake|36/100|[from] U-turn
|-activate|p2a: Walking Wake|ability: Protosynthesis
|-start|p2a: Walking Wake|protosynthesisspe
|
|-weather|SunnyDay|[upkeep]
|upkeep
|turn|60
|
|t:|1685890081
|-end|p2a: Walking Wake|Protosynthesis|[silent]
|switch|p2a: Roaring Moon|Roaring Moon|54/100
|-activate|p2a: Roaring Moon|ability: Protosynthesis
|-start|p2a: Roaring Moon|protosynthesisatk
|move|p1a: Clodsire|Toxic|p2a: Roaring Moon
|-status|p2a: Roaring Moon|tox
|
|-weather|SunnyDay|[upkeep]
|-damage|p2a: Roaring Moon|48/100 tox|[from] psn
|upkeep
|turn|61
|
|t:|1685890108
|move|p2a: Roaring Moon|Crunch|p1a: Clodsire
|-damage|p1a: Clodsire|0 fnt
|faint|p1a: Clodsire
|
|-weather|SunnyDay|[upkeep]
|-damage|p2a: Roaring Moon|36/100 tox|[from] psn
|upkeep
|
|t:|1685890112
|switch|p1a: Dondozo|Dondozo, F|66/100
|-damage|p1a: Dondozo|53/100|[from] Stealth Rock
|turn|62
|
|t:|1685890117
|-end|p2a: Roaring Moon|Protosynthesis|[silent]
|switch|p2a: Corviknight|Corviknight, F|44/100
|-ability|p2a: Corviknight|Pressure
|move|p1a: Dondozo|Rest|p1a: Dondozo
|-status|p1a: Dondozo|slp|[from] move: Rest
|-heal|p1a: Dondozo|100/100 slp|[silent]
|
|-weather|SunnyDay|[upkeep]
|upkeep
|turn|63
|
|t:|1685890122
|move|p2a: Corviknight|Body Press|p1a: Dondozo
|-crit|p1a: Dondozo
|-damage|p1a: Dondozo|83/100 slp
|cant|p1a: Dondozo|slp
|
|-weather|SunnyDay|[upkeep]
|-heal|p1a: Dondozo|89/100 slp|[from] item: Leftovers
|upkeep
|turn|64
|
|t:|1685890127
|move|p2a: Corviknight|Roost|p2a: Corviknight
|-heal|p2a: Corviknight|94/100
|-singleturn|p2a: Corviknight|move: Roost
|cant|p1a: Dondozo|slp
|
|-weather|SunnyDay|[upkeep]
|-heal|p1a: Dondozo|95/100 slp|[from] item: Leftovers
|upkeep
|turn|65
|
|t:|1685890130
|move|p2a: Corviknight|U-turn|p1a: Dondozo
|-damage|p1a: Dondozo|89/100 slp
|
|t:|1685890133
|switch|p2a: Walking Wake|Walking Wake|36/100|[from] U-turn
|-activate|p2a: Walking Wake|ability: Protosynthesis
|-start|p2a: Walking Wake|protosynthesisspe
|-curestatus|p1a: Dondozo|slp|[msg]
|move|p1a: Dondozo|Curse|p1a: Dondozo
|-unboost|p1a: Dondozo|spe|1
|-boost|p1a: Dondozo|atk|1
|-boost|p1a: Dondozo|def|1
|
|-weather|none
|-end|p2a: Walking Wake|Protosynthesis
|-heal|p1a: Dondozo|95/100|[from] item: Leftovers
|upkeep
|turn|66
|
|t:|1685890145
|switch|p1a: Blissey|Blissey, F|100/100
|move|p2a: Walking Wake|Draco Meteor|p1a: Blissey
|-damage|p1a: Blissey|75/100
|-unboost|p2a: Walking Wake|spa|2
|
|upkeep
|turn|67
|
|t:|1685890151
|-end|p2a: Walking Wake|Protosynthesis|[silent]
|switch|p2a: Corviknight|Corviknight, F|94/100
|-ability|p2a: Corviknight|Pressure
|move|p1a: Blissey|Seismic Toss|p2a: Corviknight
|-damage|p2a: Corviknight|69/100
|
|upkeep
|turn|68
|
|t:|1685890156
|switch|p1a: Dondozo|Dondozo, F|95/100
|-damage|p1a: Dondozo|82/100|[from] Stealth Rock
|move|p2a: Corviknight|U-turn|p1a: Dondozo
|-damage|p1a: Dondozo|76/100
|
|t:|1685890175
|switch|p2a: Walking Wake|Walking Wake|36/100|[from] U-turn
|
|-heal|p1a: Dondozo|82/100|[from] item: Leftovers
|upkeep
|turn|69
|
|t:|1685890194
|-end|p2a: Walking Wake|Protosynthesis|[silent]
|switch|p2a: Roaring Moon|Roaring Moon|36/100 tox
|switch|p1a: Blissey|Blissey, F|75/100
|
|-damage|p2a: Roaring Moon|30/100 tox|[from] psn
|upkeep
|turn|70
|
|t:|1685890198
|switch|p1a: Dondozo|Dondozo, F|82/100
|-damage|p1a: Dondozo|70/100|[from] Stealth Rock
|move|p2a: Roaring Moon|U-turn|p1a: Dondozo
|-damage|p1a: Dondozo|52/100
|
|t:|1685890204
|-end|p2a: Roaring Moon|Protosynthesis|[silent]
|switch|p2a: Walking Wake|Walking Wake|36/100|[from] U-turn
|
|-heal|p1a: Dondozo|58/100|[from] item: Leftovers
|upkeep
|turn|71
|
|t:|1685890225
|-end|p2a: Walking Wake|Protosynthesis|[silent]
|switch|p2a: Roaring Moon|Roaring Moon|30/100 tox
|switch|p1a: Blissey|Blissey, F|75/100
|
|-damage|p2a: Roaring Moon|24/100 tox|[from] psn
|upkeep
|turn|72
|inactive|Zoroark The Master has 120 seconds left.
|
|t:|1685890249
|switch|p1a: Corviknight|Corviknight, F|91/100
|-damage|p1a: Corviknight|79/100|[from] Stealth Rock
|-ability|p1a: Corviknight|Pressure
|move|p2a: Roaring Moon|Crunch|p1a: Corviknight
|-damage|p1a: Corviknight|17/100
|-unboost|p1a: Corviknight|def|1
|
|-heal|p1a: Corviknight|23/100|[from] item: Leftovers
|-damage|p2a: Roaring Moon|12/100 tox|[from] psn
|upkeep
|turn|73
|inactive|Zoroark The Master has 120 seconds left.
|
|t:|1685890263
|-end|p2a: Roaring Moon|Protosynthesis|[silent]
|switch|p2a: Walking Wake|Walking Wake|36/100
|move|p1a: Corviknight|Roost|p1a: Corviknight
|-heal|p1a: Corviknight|73/100
|-singleturn|p1a: Corviknight|move: Roost
|
|-heal|p1a: Corviknight|80/100|[from] item: Leftovers
|upkeep
|turn|74
|inactive|Zoroark The Master has 120 seconds left.
|
|t:|1685890277
|switch|p1a: Blissey|Blissey, F|75/100
|move|p2a: Walking Wake|Hydro Steam|p1a: Blissey
|-crit|p1a: Blissey
|-damage|p1a: Blissey|50/100
|
|upkeep
|turn|75
|
|t:|1685890282
|-end|p2a: Walking Wake|Protosynthesis|[silent]
|switch|p2a: Corviknight|Corviknight, F|69/100
|-ability|p2a: Corviknight|Pressure
|move|p1a: Blissey|Soft-Boiled|p1a: Blissey
|-heal|p1a: Blissey|100/100
|
|upkeep
|turn|76
|
|t:|1685890288
|switch|p1a: Corviknight|Corviknight, F|80/100
|-damage|p1a: Corviknight|67/100|[from] Stealth Rock
|-ability|p1a: Corviknight|Pressure
|move|p2a: Corviknight|U-turn|p1a: Corviknight
|-resisted|p1a: Corviknight
|-damage|p1a: Corviknight|65/100
|
|t:|1685890292
|switch|p2a: Walking Wake|Walking Wake|36/100|[from] U-turn
|
|-heal|p1a: Corviknight|71/100|[from] item: Leftovers
|upkeep
|turn|77
|
|t:|1685890298
|switch|p1a: Blissey|Blissey, F|100/100
|move|p2a: Walking Wake|Hydro Steam|p1a: Blissey
|-damage|p1a: Blissey|85/100
|
|upkeep
|turn|78
|
|t:|1685890312
|-end|p2a: Walking Wake|Protosynthesis|[silent]
|switch|p2a: Corviknight|Corviknight, F|69/100
|-ability|p2a: Corviknight|Pressure
|move|p1a: Blissey|Seismic Toss|p2a: Corviknight
|-damage|p2a: Corviknight|44/100
|
|upkeep
|turn|79
|
|t:|1685890320
|switch|p1a: Corviknight|Corviknight, F|71/100
|-damage|p1a: Corviknight|58/100|[from] Stealth Rock
|-ability|p1a: Corviknight|Pressure
|move|p2a: Corviknight|U-turn|p1a: Corviknight
|-resisted|p1a: Corviknight
|-damage|p1a: Corviknight|56/100
|
|t:|1685890325
|switch|p2a: Walking Wake|Walking Wake|36/100|[from] U-turn
|
|-heal|p1a: Corviknight|62/100|[from] item: Leftovers
|upkeep
|turn|80
|
|t:|1685890328
|switch|p1a: Blissey|Blissey, F|85/100
|move|p2a: Walking Wake|Hydro Steam|p1a: Blissey
|-damage|p1a: Blissey|67/100
|
|upkeep
|turn|81
|
|t:|1685890336
|-end|p2a: Walking Wake|Protosynthesis|[silent]
|switch|p2a: Corviknight|Corviknight, F|44/100
|-ability|p2a: Corviknight|Pressure
|move|p1a: Blissey|Seismic Toss|p2a: Corviknight
|-damage|p2a: Corviknight|19/100
|
|upkeep
|turn|82
|
|t:|1685890344
|switch|p1a: Dondozo|Dondozo, F|58/100
|-damage|p1a: Dondozo|46/100|[from] Stealth Rock
|move|p2a: Corviknight|U-turn|p1a: Dondozo
|-damage|p1a: Dondozo|39/100
|j| yomaalt
|inactive|Zoroark The Master has 120 seconds left.
|inactive|Zoroark The Master has 90 seconds left.
|inactive|Zoroark The Master has 60 seconds left.
|
|t:|1685890435
|switch|p2a: Walking Wake|Walking Wake|36/100|[from] U-turn
|
|-heal|p1a: Dondozo|45/100|[from] item: Leftovers
|upkeep
|turn|83
|
|t:|1685890443
|switch|p1a: Blissey|Blissey, F|67/100
|move|p2a: Walking Wake|Draco Meteor|p1a: Blissey|[miss]
|-miss|p2a: Walking Wake|p1a: Blissey
|
|upkeep
|turn|84
|inactive|Zoroark The Master has 60 seconds left.
|
|t:|1685890449
|-end|p2a: Walking Wake|Protosynthesis|[silent]
|switch|p2a: Great Tusk|Great Tusk, tera:Steel|100/100
|move|p1a: Blissey|Stealth Rock|p2a: Great Tusk
|-sidestart|p2: Zoroark The Master|move: Stealth Rock
|
|upkeep
|turn|85
|
|t:|1685890455
|switch|p1a: Corviknight|Corviknight, F|62/100
|-damage|p1a: Corviknight|49/100|[from] Stealth Rock
|-ability|p1a: Corviknight|Pressure
|move|p2a: Great Tusk|Knock Off|p1a: Corviknight
|-damage|p1a: Corviknight|25/100
|-enditem|p1a: Corviknight|Leftovers|[from] move: Knock Off|[of] p2a: Great Tusk
|
|upkeep
|turn|86
|
|t:|1685890463
|move|p2a: Great Tusk|Headlong Rush|p1a: Corviknight
|-immune|p1a: Corviknight
|move|p1a: Corviknight|Roost|p1a: Corviknight
|-heal|p1a: Corviknight|75/100
|-singleturn|p1a: Corviknight|move: Roost
|
|upkeep
|turn|87
|
|t:|1685890470
|move|p2a: Great Tusk|Rapid Spin|p1a: Corviknight
|-resisted|p1a: Corviknight
|-damage|p1a: Corviknight|69/100
|-boost|p2a: Great Tusk|spe|1
|-sideend|p2: Zoroark The Master|Stealth Rock|[from] move: Rapid Spin|[of] p2a: Great Tusk
|move|p1a: Corviknight|Brave Bird|p2a: Great Tusk
|-resisted|p2a: Great Tusk
|-damage|p2a: Great Tusk|92/100
|-damage|p1a: Corviknight|66/100|[from] Recoil
|
|-heal|p2a: Great Tusk|98/100|[from] item: Leftovers
|upkeep
|turn|88
|c| ChiefGreenLeaf3|jfc.
|
|t:|1685890477
|move|p2a: Great Tusk|Knock Off|p1a: Corviknight
|-damage|p1a: Corviknight|51/100
|move|p1a: Corviknight|Brave Bird|p2a: Great Tusk
|-resisted|p2a: Great Tusk
|-damage|p2a: Great Tusk|90/100
|-damage|p1a: Corviknight|48/100|[from] Recoil
|
|-heal|p2a: Great Tusk|96/100|[from] item: Leftovers
|upkeep
|turn|89
|
|t:|1685890487
|-end|p2a: Great Tusk|Protosynthesis|[silent]
|switch|p2a: Corviknight|Corviknight, F|19/100
|-ability|p2a: Corviknight|Pressure
|move|p1a: Corviknight|Roost|p1a: Corviknight
|-heal|p1a: Corviknight|98/100
|-singleturn|p1a: Corviknight|move: Roost
|
|upkeep
|turn|90
|
|t:|1685890492
|move|p2a: Corviknight|Roost|p2a: Corviknight
|-heal|p2a: Corviknight|69/100
|-singleturn|p2a: Corviknight|move: Roost
|move|p1a: Corviknight|Defog|p2a: Corviknight
|-unboost|p2a: Corviknight|evasion|1
|-sideend|p1: Vatn|Stealth Rock|[from] move: Defog|[of] p1a: Corviknight
|
|upkeep
|turn|91
|c| ChiefGreenLeaf3|see how u needed this gone
|
|t:|1685890497
|move|p2a: Corviknight|Body Press|p1a: Corviknight
|-damage|p1a: Corviknight|78/100
|move|p1a: Corviknight|U-turn|p2a: Corviknight
|-resisted|p2a: Corviknight
|-damage|p2a: Corviknight|67/100
|c| ChiefGreenLeaf3|when I told u to crucn
|
|t:|1685890500
|switch|p1a: Dondozo|Dondozo, F|45/100|[from] U-turn
|
|-heal|p1a: Dondozo|51/100|[from] item: Leftovers
|upkeep
|turn|92
|
|t:|1685890504
|move|p2a: Corviknight|Brave Bird|p1a: Dondozo
|-damage|p1a: Dondozo|36/100
|-damage|p2a: Corviknight|60/100|[from] Recoil
|move|p1a: Dondozo|Rest|p1a: Dondozo
|-status|p1a: Dondozo|slp|[from] move: Rest
|-heal|p1a: Dondozo|100/100 slp|[silent]
|
|upkeep
|turn|93
|
|t:|1685890509
|move|p2a: Corviknight|U-turn|p1a: Dondozo
|-damage|p1a: Dondozo|94/100 slp
|
|t:|1685890518
|switch|p2a: Walking Wake|Walking Wake|36/100|[from] U-turn
|cant|p1a: Dondozo|slp
|
|-heal|p1a: Dondozo|99/100 slp|[from] item: Leftovers
|upkeep
|turn|94
|c| ChiefGreenLeaf3|wasting everyone's time
|j| Swagataka
|j| seakingmissile
|c|☆Zoroark The Master|Oh what the hell
|c| ChiefGreenLeaf3|just forfeit
|inactive|Zoroark The Master has 60 seconds left.
|j| Douha serp
|
|t:|1685890549
|-end|p2a: Walking Wake|Protosynthesis|[silent]
|switch|p2a: Corviknight|Corviknight, F|60/100
|-ability|p2a: Corviknight|Pressure
|switch|p1a: Blissey|Blissey, F|67/100
|
|upkeep
|turn|95
|
|t:|1685890554
|switch|p1a: Corviknight|Corviknight, F|78/100
|-ability|p1a: Corviknight|Pressure
|move|p2a: Corviknight|Body Press|p1a: Corviknight
|-damage|p1a: Corviknight|58/100
|
|upkeep
|turn|96
|
|t:|1685890557
|move|p2a: Corviknight|U-turn|p1a: Corviknight
|-resisted|p1a: Corviknight
|-crit|p1a: Corviknight
|-damage|p1a: Corviknight|53/100
|c| seakingmissile|what is this insane round one stall matchup
|
|t:|1685890560
|switch|p2a: Walking Wake|Walking Wake|36/100|[from] U-turn
|move|p1a: Corviknight|Roost|p1a: Corviknight
|-heal|p1a: Corviknight|100/100
|-singleturn|p1a: Corviknight|move: Roost
|
|upkeep
|turn|97
|c| ChiefGreenLeaf3|yeah
|
|t:|1685890569
|switch|p1a: Blissey|Blissey, F|67/100
|move|p2a: Walking Wake|Hydro Steam|p1a: Blissey
|-damage|p1a: Blissey|50/100
|
|upkeep
|turn|98
|
|t:|1685890572
|-end|p2a: Walking Wake|Protosynthesis|[silent]
|switch|p2a: Corviknight|Corviknight, F|60/100
|-ability|p2a: Corviknight|Pressure
|move|p1a: Blissey|Soft-Boiled|p1a: Blissey
|-heal|p1a: Blissey|99/100
|
|upkeep
|turn|99
|c| ChiefGreenLeaf3|i always get in the worst bracket
|
|t:|1685890586
|switch|p1a: Corviknight|Corviknight, F|100/100
|-ability|p1a: Corviknight|Pressure
|move|p2a: Corviknight|Body Press|p1a: Corviknight
|-damage|p1a: Corviknight|80/100
|
|upkeep
|turn|100
|
|t:|1685890591
|move|p1a: Corviknight|Brave Bird|p2a: Corviknight
|-resisted|p2a: Corviknight
|-damage|p2a: Corviknight|49/100
|-damage|p1a: Corviknight|76/100|[from] Recoil
|move|p2a: Corviknight|Body Press|p1a: Corviknight
|-damage|p1a: Corviknight|56/100
|
|upkeep
|turn|101
|c| seakingmissile|truly this is the longest gen 9 match
|c| ChiefGreenLeaf3|now everyone is gonne scout my games
|
|t:|1685890605
|move|p2a: Corviknight|Body Press|p1a: Corviknight
|-damage|p1a: Corviknight|36/100
|move|p1a: Corviknight|Roost|p1a: Corviknight
|-heal|p1a: Corviknight|86/100
|-singleturn|p1a: Corviknight|move: Roost
|
|upkeep
|turn|102
|
|t:|1685890616
|switch|p1a: Dondozo|Dondozo, F|99/100 slp
|move|p2a: Corviknight|Body Press|p1a: Dondozo
|-damage|p1a: Dondozo|87/100 slp
|
|-heal|p1a: Dondozo|94/100 slp|[from] item: Leftovers
|upkeep
|turn|103
|j| tera in my heart
|
|t:|1685890620
|move|p2a: Corviknight|U-turn|p1a: Dondozo
|-damage|p1a: Dondozo|87/100 slp
|j|#SetsuStsna
|
|t:|1685890626
|switch|p2a: Walking Wake|Walking Wake|36/100|[from] U-turn
|cant|p1a: Dondozo|slp
|
|-heal|p1a: Dondozo|93/100 slp|[from] item: Leftovers
|upkeep
|turn|104
|
|t:|1685890632
|-terastallize|p1a: Dondozo|Steel
|move|p2a: Walking Wake|Draco Meteor|p1a: Dondozo
|-resisted|p1a: Dondozo
|-damage|p1a: Dondozo|44/100 slp
|-unboost|p2a: Walking Wake|spa|2
|-curestatus|p1a: Dondozo|slp|[msg]
|move|p1a: Dondozo|Body Press|p2a: Walking Wake
|-damage|p2a: Walking Wake|7/100
|
|-heal|p1a: Dondozo|50/100|[from] item: Leftovers
|upkeep
|turn|105
|c| ChiefGreenLeaf3|gen 6-7 u would get DQ automatically
|c| ChiefGreenLeaf3|by a mod
|c| ChiefGreenLeaf3|for bringing full stall R1
|
|t:|1685890640
|-end|p2a: Walking Wake|Protosynthesis|[silent]
|switch|p2a: Corviknight|Corviknight, F|49/100
|-ability|p2a: Corviknight|Pressure
|move|p1a: Dondozo|Rest|p1a: Dondozo
|-status|p1a: Dondozo|slp|[from] move: Rest
|-heal|p1a: Dondozo|100/100 slp|[silent]
|
|upkeep
|turn|106
|
|t:|1685890643
|switch|p1a: Corviknight|Corviknight, F|86/100
|-ability|p1a: Corviknight|Pressure
|move|p2a: Corviknight|Roost|p2a: Corviknight
|-heal|p2a: Corviknight|99/100
|-singleturn|p2a: Corviknight|move: Roost
|
|upkeep
|turn|107
|
|t:|1685890649
|move|p1a: Corviknight|U-turn|p2a: Corviknight
|-resisted|p2a: Corviknight
|-damage|p2a: Corviknight|97/100
|c| seakingmissile|I'm currently watching hazardstack gho shred a tr team
|
|t:|1685890652
|switch|p1a: Dondozo|Dondozo, F, tera:Steel|100/100 slp|[from] U-turn
|move|p2a: Corviknight|Body Press|p1a: Dondozo
|-supereffective|p1a: Dondozo
|-damage|p1a: Dondozo|78/100 slp
|
|-heal|p1a: Dondozo|84/100 slp|[from] item: Leftovers
|upkeep
|turn|108
|c| seakingmissile|very ugly
|
|t:|1685890659
|move|p2a: Corviknight|Body Press|p1a: Dondozo
|-supereffective|p1a: Dondozo
|-damage|p1a: Dondozo|61/100 slp
|cant|p1a: Dondozo|slp
|
|-heal|p1a: Dondozo|68/100 slp|[from] item: Leftovers
|upkeep
|turn|109
|
|t:|1685890662
|move|p2a: Corviknight|Body Press|p1a: Dondozo
|-supereffective|p1a: Dondozo
|-damage|p1a: Dondozo|45/100 slp
|cant|p1a: Dondozo|slp
|
|-heal|p1a: Dondozo|51/100 slp|[from] item: Leftovers
|upkeep
|turn|110
|c| ChiefGreenLeaf3|not as ugly as this
|inactive|Zoroark The Master has 90 seconds left.
|
|t:|1685890668
|move|p2a: Corviknight|U-turn|p1a: Dondozo
|-resisted|p1a: Dondozo
|-damage|p1a: Dondozo|48/100 slp
|
|t:|1685890670
|switch|p2a: Great Tusk|Great Tusk, tera:Steel|96/100|[from] U-turn
|-curestatus|p1a: Dondozo|slp|[msg]
|move|p1a: Dondozo|Rest|p1a: Dondozo
|-status|p1a: Dondozo|slp|[from] move: Rest
|-heal|p1a: Dondozo|100/100 slp|[silent]
|
|-heal|p2a: Great Tusk|100/100|[from] item: Leftovers
|upkeep
|turn|111
|c| ChiefGreenLeaf3|setsu pls
|c| seakingmissile|this is just slow, the hazardstack match is a slaughter
|c| ChiefGreenLeaf3|this has another 30 pointless turns
|
|t:|1685890678
|switch|p1a: Corviknight|Corviknight, F|86/100
|-ability|p1a: Corviknight|Pressure
|move|p2a: Great Tusk|Knock Off|p1a: Corviknight
|-crit|p1a: Corviknight
|-damage|p1a: Corviknight|62/100
|
|upkeep
|turn|112
|
|t:|1685890682
|-end|p2a: Great Tusk|Protosynthesis|[silent]
|switch|p2a: Corviknight|Corviknight, F|97/100
|-ability|p2a: Corviknight|Pressure
|move|p1a: Corviknight|Brave Bird|p2a: Corviknight
|-resisted|p2a: Corviknight
|-damage|p2a: Corviknight|86/100
|-damage|p1a: Corviknight|58/100|[from] Recoil
|
|upkeep
|turn|113
|
|t:|1685890685
|move|p1a: Corviknight|U-turn|p2a: Corviknight
|-resisted|p2a: Corviknight
|-damage|p2a: Corviknight|84/100
|
|t:|1685890688
|switch|p1a: Dondozo|Dondozo, F, tera:Steel|100/100 slp|[from] U-turn
|move|p2a: Corviknight|Brave Bird|p1a: Dondozo
|-resisted|p1a: Dondozo
|-damage|p1a: Dondozo|93/100 slp
|-damage|p2a: Corviknight|80/100|[from] Recoil
|
|-heal|p1a: Dondozo|99/100 slp|[from] item: Leftovers
|upkeep
|turn|114
|
|t:|1685890691
|move|p2a: Corviknight|U-turn|p1a: Dondozo
|-resisted|p1a: Dondozo
|-damage|p1a: Dondozo|96/100 slp
|
|t:|1685890693
|switch|p2a: Great Tusk|Great Tusk, tera:Steel|100/100|[from] U-turn
|cant|p1a: Dondozo|slp
|
|-heal|p1a: Dondozo|100/100 slp|[from] item: Leftovers
|upkeep
|turn|115
|inactive|Zoroark The Master has 120 seconds left.
|c|☆Zoroark The Master|Shall any of us forfeit for good?
|j| Order a Plot-Twist
|c| ChiefGreenLeaf3|i mean u should
|c|☆Zoroark The Master|I think other's time is being wasted
|j| Timwitzi4
|l| Order a Plot-Twist
|inactive|Zoroark The Master has 90 seconds left.
|
|t:|1685890731
|move|p2a: Great Tusk|Stealth Rock|p1a: Dondozo
|-sidestart|p1: Vatn|move: Stealth Rock
|cant|p1a: Dondozo|slp
|
|upkeep
|turn|116
|l| Timwitzi4
|l| seakingmissile
|
|t:|1685890737
|move|p2a: Great Tusk|Knock Off|p1a: Dondozo
|-damage|p1a: Dondozo|87/100 slp
|-enditem|p1a: Dondozo|Leftovers|[from] move: Knock Off|[of] p2a: Great Tusk
|-curestatus|p1a: Dondozo|slp|[msg]
|move|p1a: Dondozo|Curse|p1a: Dondozo
|-unboost|p1a: Dondozo|spe|1
|-boost|p1a: Dondozo|atk|1
|-boost|p1a: Dondozo|def|1
|
|upkeep
|turn|117
|j| Daniel1018
|
|t:|1685890740
|move|p2a: Great Tusk|Headlong Rush|p1a: Dondozo
|-supereffective|p1a: Dondozo
|-damage|p1a: Dondozo|54/100
|-unboost|p2a: Great Tusk|def|1
|-unboost|p2a: Great Tusk|spd|1
|move|p1a: Dondozo|Body Press|p2a: Great Tusk
|-supereffective|p2a: Great Tusk
|-damage|p2a: Great Tusk|60/100
|
|-heal|p2a: Great Tusk|66/100|[from] item: Leftovers
|upkeep
|turn|118
|
|t:|1685890744
|move|p2a: Great Tusk|Headlong Rush|p1a: Dondozo
|-supereffective|p1a: Dondozo
|-damage|p1a: Dondozo|25/100
|-unboost|p2a: Great Tusk|def|1
|-unboost|p2a: Great Tusk|spd|1
|move|p1a: Dondozo|Curse|p1a: Dondozo
|-unboost|p1a: Dondozo|spe|1
|-boost|p1a: Dondozo|atk|1
|-boost|p1a: Dondozo|def|1
|
|-heal|p2a: Great Tusk|72/100|[from] item: Leftovers
|upkeep
|turn|119
|c| ChiefGreenLeaf3|go wake
|j| FFK Foufakirby
|
|t:|1685890757
|move|p2a: Great Tusk|Headlong Rush|p1a: Dondozo
|-supereffective|p1a: Dondozo
|-damage|p1a: Dondozo|0 fnt
|-unboost|p2a: Great Tusk|def|1
|-unboost|p2a: Great Tusk|spd|1
|faint|p1a: Dondozo
|
|-heal|p2a: Great Tusk|79/100|[from] item: Leftovers
|upkeep
|c| ChiefGreenLeaf3|oh wow
|
|t:|1685890764
|switch|p1a: Corviknight|Corviknight, F|58/100
|-damage|p1a: Corviknight|46/100|[from] Stealth Rock
|-ability|p1a: Corviknight|Pressure
|turn|120
|c| Swagataka|joever at last
|c|☆Zoroark The Master|Nsver forfeiy!
|c| ChiefGreenLeaf3|switch out
|
|t:|1685890774
|-end|p2a: Great Tusk|Protosynthesis|[silent]
|switch|p2a: Corviknight|Corviknight, F|80/100
|-ability|p2a: Corviknight|Pressure
|move|p1a: Corviknight|Roost|p1a: Corviknight
|-heal|p1a: Corviknight|96/100
|-singleturn|p1a: Corviknight|move: Roost
|
|upkeep
|turn|121
|c| yomaalt|joever??
|-message|Vatn forfeited.
|
|win|Zoroark The Master
|n|☆Vatn|vatn
|n|☆Zoroark The Master|zoroarkthemaster
|n| nonononosupermario|nonononosupermario
|n| ChiefGreenLeaf3|chiefgreenleaf3
|n| yomaalt|yomaalt
|n| Swagataka|swagataka
|n| Douha serp|douhaserp
|n| tera in my heart|terainmyheart
|n|+SetsuStsna|setsustsna
|n| Daniel1018|daniel1018
|n| FFK Foufakirby|ffkfoufakirby
|l|☆Vatn
|c| ChiefGreenLeaf3|fucking hell
|c|☆Zoroark The Master|Yeehah!
|c| Swagataka|and he leaves without a word
|l| Daniel1018
|c| ChiefGreenLeaf3|classic
|l| FFK Foufakirby
|l| ChiefGreenLeaf3
|l| Swagataka
|l| tera in my heart
|l| yomaalt
|j| sufys12
|l|☆Zoroark The Master
|l|+SetsuStsna
|j| Tebattan
|l| sufys12
|l| Tebattan
|j| Offbrand Octillery
|l| nonononosupermario
|j| The2009Zapdos
|l| The2009Zapdos
|l| Douha serp
|j| dlog reggid
