|j|☆SDK04
|j|☆hikari-miyako
|t:|1685906501
|gametype|singles
|player|p1|SDK04|nate|1374
|player|p2|hikari-miyako|cynthia-gen4|1300
|teamsize|p1|6
|teamsize|p2|6
|gen|9
|tier|[Gen 9] OU
|rated|
|rule|Sleep Clause Mod: Limit one foe put to sleep
|rule|Species Clause: Limit one of each Pokémon
|rule|OHKO Clause: OHKO moves are banned
|rule|Evasion Items Clause: Evasion items are banned
|rule|Evasion Moves Clause: Evasion moves are banned
|rule|Endless Battle Clause: Forcing endless battles is banned
|rule|HP Percentage Mod: HP is shown in percentages
|clearpoke
|poke|p1|Samurott-Hisui, F|
|poke|p1|Dragapult, F|
|poke|p1|Sneasler, F|
|poke|p1|Magearna|
|poke|p1|Volcarona, F|
|poke|p1|Zamazenta-*|
|poke|p2|Samurott-Hisui, M|
|poke|p2|Kleavor, F|
|poke|p2|Dragapult, F|
|poke|p2|Cinderace, F|
|poke|p2|Hoopa-Unbound|
|poke|p2|Thundurus, M|
|teampreview
|inactive|Battle timer is ON: inactive players will automatically lose when time's up. (requested by SDK04)
|
|t:|1685906513
|start
|switch|p1a: Magearna|Magearna|100/100
|switch|p2a: Kleavor|Kleavor, F|100/100
|turn|1
|
|t:|1685906517
|move|p2a: Kleavor|Stone Axe|p1a: Magearna
|-resisted|p1a: Magearna
|-damage|p1a: Magearna|81/100
|-sidestart|p1: SDK04|move: Stealth Rock
|move|p1a: Magearna|Iron Defense|p1a: Magearna
|-boost|p1a: Magearna|def|2
|
|-heal|p1a: Magearna|87/100|[from] item: Leftovers
|upkeep
|turn|2
|
|t:|1685906522
|switch|p2a: Thundurus|Thundurus, M|100/100
|move|p1a: Magearna|Calm Mind|p1a: Magearna
|-boost|p1a: Magearna|spa|1
|-boost|p1a: Magearna|spd|1
|
|-heal|p1a: Magearna|93/100|[from] item: Leftovers
|upkeep
|turn|3
|
|t:|1685906524
|move|p2a: Thundurus|Thunder Wave|p1a: Magearna
|-status|p1a: Magearna|par
|move|p1a: Magearna|Calm Mind|p1a: Magearna
|-boost|p1a: Magearna|spa|1
|-boost|p1a: Magearna|spd|1
|
|-heal|p1a: Magearna|99/100 par|[from] item: Leftovers
|upkeep
|turn|4
|
|t:|1685906529
|move|p2a: Thundurus|Thunderbolt|p1a: Magearna
|-damage|p1a: Magearna|75/100 par
|-damage|p2a: Thundurus|91/100|[from] item: Life Orb
|move|p1a: Magearna|Draining Kiss|p2a: Thundurus
|-damage|p2a: Thundurus|31/100
|-heal|p1a: Magearna|100/100 par|[from] drain|[of] p2a: Thundurus
|
|upkeep
|turn|5
|
|t:|1685906532
|move|p2a: Thundurus|Thunderbolt|p1a: Magearna
|-crit|p1a: Magearna
|-damage|p1a: Magearna|31/100 par
|-damage|p2a: Thundurus|22/100|[from] item: Life Orb
|move|p1a: Magearna|Draining Kiss|p2a: Thundurus
|-damage|p2a: Thundurus|0 fnt
|-heal|p1a: Magearna|44/100 par|[from] drain|[of] p2a: Thundurus
|faint|p2a: Thundurus
|-ability|p1a: Magearna|Soul-Heart|boost
|-boost|p1a: Magearna|spa|1
|
|-heal|p1a: Magearna|50/100 par|[from] item: Leftovers
|upkeep
|
|t:|1685906535
|switch|p2a: Cinderace|Cinderace, F|100/100
|turn|6
|
|t:|1685906543
|-terastallize|p2a: Cinderace|Fire
|-terastallize|p1a: Magearna|Water
|move|p2a: Cinderace|Pyro Ball|p1a: Magearna
|-resisted|p1a: Magearna
|-damage|p1a: Magearna|37/100 par
|move|p1a: Magearna|Draining Kiss|p2a: Cinderace
|-resisted|p2a: Cinderace
|-damage|p2a: Cinderace|59/100
|-heal|p1a: Magearna|63/100 par|[from] drain|[of] p2a: Cinderace
|
|-heal|p1a: Magearna|69/100 par|[from] item: Leftovers
|upkeep
|turn|7
|
|t:|1685906548
|move|p2a: Cinderace|High Jump Kick|p1a: Magearna|[miss]
|-miss|p2a: Cinderace|p1a: Magearna
|-damage|p2a: Cinderace|9/100|[from] highjumpkick
|move|p1a: Magearna|Draining Kiss|p2a: Cinderace
|-resisted|p2a: Cinderace
|-damage|p2a: Cinderace|0 fnt
|-heal|p1a: Magearna|74/100 par|[from] drain|[of] p2a: Cinderace
|faint|p2a: Cinderace
|-ability|p1a: Magearna|Soul-Heart|boost
|-boost|p1a: Magearna|spa|1
|
|-heal|p1a: Magearna|80/100 par|[from] item: Leftovers
|upkeep
|-message|hikari-miyako forfeited.
|
|win|SDK04
|raw|SDK04's rating: 1374 → 1390(+16 for winning)
|raw|hikari-miyako's rating: 1300 → 1280(-20 for losing)
|l|☆hikari-miyako
