|j|☆Ting Lu is so cute
|j|☆clauzkops13
|t:|1685832207
|gametype|singles
|player|p1|Ting Lu is so cute|parasollady|1157
|player|p2|clauzkops13|shauntal|1184
|teamsize|p1|6
|teamsize|p2|6
|gen|9
|tier|[Gen 9] OU
|rated|
|rule|Sleep Clause Mod: Limit one foe put to sleep
|rule|Species Clause: Limit one of each Pokémon
|rule|OHKO Clause: OHKO moves are banned
|rule|Evasion Items Clause: Evasion items are banned
|rule|Evasion Moves Clause: Evasion moves are banned
|rule|Endless Battle Clause: Forcing endless battles is banned
|rule|HP Percentage Mod: HP is shown in percentages
|clearpoke
|poke|p1|Landorus-Therian, M|
|poke|p1|Toxapex, M|
|poke|p1|Corviknight, M|
|poke|p1|Iron Moth|
|poke|p1|Zamazenta-*|
|poke|p1|Dragapult, F|
|poke|p2|Bisharp, F|
|poke|p2|Hydreigon, F|
|poke|p2|Donphan, M|
|poke|p2|Slither Wing|
|poke|p2|Quagsire, F|
|poke|p2|Rotom-Heat|
|teampreview
|inactive|Battle timer is ON: inactive players will automatically lose when time's up. (requested by clauzkops13)
|
|t:|1685832243
|start
|switch|p1a: Landorus|Landorus-Therian, M|100/100
|switch|p2a: Slither Wing|Slither Wing|100/100
|-ability|p1a: Landorus|Intimidate|boost
|-unboost|p2a: Slither Wing|atk|1
|turn|1
|
|t:|1685832249
|move|p1a: Landorus|Substitute|p1a: Landorus
|-start|p1a: Landorus|Substitute
|-damage|p1a: Landorus|76/100
|move|p2a: Slither Wing|U-turn|p1a: Landorus
|-resisted|p1a: Landorus
|-activate|p1a: Landorus|move: Substitute|[damage]
|
|t:|1685832256
|-end|p2a: Slither Wing|Protosynthesis|[silent]
|switch|p2a: Donphan|Donphan, M|100/100|[from] U-turn
|
|-heal|p1a: Landorus|82/100|[from] item: Leftovers
|upkeep
|turn|2
|
|t:|1685832262
|move|p1a: Landorus|Nasty Plot|p1a: Landorus
|-boost|p1a: Landorus|spa|2
|move|p2a: Donphan|Rapid Spin|p1a: Landorus
|-end|p1a: Landorus|Substitute
|-boost|p2a: Donphan|spe|1
|
|-heal|p1a: Landorus|88/100|[from] item: Leftovers
|upkeep
|turn|3
|
|t:|1685832272
|-terastallize|p1a: Landorus|Electric
|move|p1a: Landorus|Sandsear Storm|p2a: Donphan
|-damage|p2a: Donphan|15/100
|move|p2a: Donphan|Stealth Rock|p1a: Landorus
|-sidestart|p1: Ting Lu is so cute|move: Stealth Rock
|
|-heal|p1a: Landorus|94/100|[from] item: Leftovers
|upkeep
|turn|4
|
|t:|1685832291
|move|p1a: Landorus|Substitute|p1a: Landorus
|-start|p1a: Landorus|Substitute
|-damage|p1a: Landorus|69/100
|move|p2a: Donphan|Earthquake|p1a: Landorus
|-supereffective|p1a: Landorus
|-end|p1a: Landorus|Substitute
|
|-heal|p1a: Landorus|75/100|[from] item: Leftovers
|upkeep
|turn|5
|
|t:|1685832297
|move|p1a: Landorus|Sandsear Storm|p2a: Donphan
|-damage|p2a: Donphan|0 fnt
|faint|p2a: Donphan
|
|-heal|p1a: Landorus|81/100|[from] item: Leftovers
|upkeep
|
|t:|1685832302
|switch|p2a: Quagsire|Quagsire, F|100/100
|turn|6
|inactive|Ting Lu is so cute has 120 seconds left.
|
|t:|1685832334
|move|p1a: Landorus|Substitute|p1a: Landorus
|-start|p1a: Landorus|Substitute
|-damage|p1a: Landorus|56/100
|move|p2a: Quagsire|Spikes|p1a: Landorus
|-sidestart|p1: Ting Lu is so cute|Spikes
|
|-heal|p1a: Landorus|62/100|[from] item: Leftovers
|upkeep
|turn|7
|
|t:|1685832339
|move|p1a: Landorus|Sandsear Storm|p2a: Quagsire
|-damage|p2a: Quagsire|49/100
|move|p2a: Quagsire|Earthquake|p1a: Landorus
|-supereffective|p1a: Landorus
|-end|p1a: Landorus|Substitute
|
|-heal|p1a: Landorus|68/100|[from] item: Leftovers
|upkeep
|turn|8
|
|t:|1685832345
|move|p1a: Landorus|Sandsear Storm|p2a: Quagsire|[miss]
|-miss|p1a: Landorus|p2a: Quagsire
|move|p2a: Quagsire|Earthquake|p1a: Landorus
|-supereffective|p1a: Landorus
|-damage|p1a: Landorus|0 fnt
|faint|p1a: Landorus
|
|upkeep
|
|t:|1685832350
|switch|p1a: Dragapult|Dragapult, F|100/100
|-damage|p1a: Dragapult|88/100|[from] Stealth Rock
|-damage|p1a: Dragapult|76/100|[from] Spikes
|turn|9
|
|t:|1685832361
|move|p1a: Dragapult|Reflect|p1a: Dragapult
|-sidestart|p1: Ting Lu is so cute|Reflect
|move|p2a: Quagsire|Recover|p2a: Quagsire
|-heal|p2a: Quagsire|99/100
|
|upkeep
|turn|10
|
|t:|1685832366
|move|p1a: Dragapult|Light Screen|p1a: Dragapult
|-sidestart|p1: Ting Lu is so cute|move: Light Screen
|move|p2a: Quagsire|Spikes|p1a: Dragapult
|-sidestart|p1: Ting Lu is so cute|Spikes
|
|upkeep
|turn|11
|
|t:|1685832394
|move|p1a: Dragapult|Curse|p2a: Quagsire
|-start|p2a: Quagsire|Curse|[of] p1a: Dragapult
|-damage|p1a: Dragapult|26/100
|move|p2a: Quagsire|Toxic|p1a: Dragapult
|-status|p1a: Dragapult|tox
|
|-damage|p1a: Dragapult|20/100 tox|[from] psn
|-damage|p2a: Quagsire|74/100|[from] Curse
|upkeep
|turn|12
|
|t:|1685832404
|move|p1a: Dragapult|U-turn|p2a: Quagsire
|-damage|p2a: Quagsire|61/100
|-damage|p1a: Dragapult|3/100 tox|[from] item: Rocky Helmet|[of] p2a: Quagsire
|
|t:|1685832407
|switch|p1a: Corviknight|Corviknight, M|100/100|[from] U-turn
|-damage|p1a: Corviknight|88/100|[from] Stealth Rock
|move|p2a: Quagsire|Spikes|p1a: Corviknight
|-sidestart|p1: Ting Lu is so cute|Spikes
|
|-heal|p1a: Corviknight|94/100|[from] item: Leftovers
|-damage|p2a: Quagsire|36/100|[from] Curse
|upkeep
|turn|13
|
|t:|1685832416
|switch|p2a: Bisharp|Bisharp, F|100/100
|move|p1a: Corviknight|Defog|p2a: Bisharp
|-unboost|p2a: Bisharp|evasion|1
|-ability|p2a: Bisharp|Defiant|boost
|-boost|p2a: Bisharp|atk|2
|-sideend|p1: Ting Lu is so cute|Spikes|[from] move: Defog|[of] p1a: Corviknight
|-sideend|p1: Ting Lu is so cute|Stealth Rock|[from] move: Defog|[of] p1a: Corviknight
|
|-heal|p1a: Corviknight|100/100|[from] item: Leftovers
|upkeep
|turn|14
|
|t:|1685832425
|-terastallize|p2a: Bisharp|Flying
|move|p2a: Bisharp|Swords Dance|p2a: Bisharp
|-boost|p2a: Bisharp|atk|2
|move|p1a: Corviknight|Body Press|p2a: Bisharp
|-resisted|p2a: Bisharp
|-damage|p2a: Bisharp|92/100
|
|upkeep
|turn|15
|
|t:|1685832436
|switch|p1a: Dragapult|Dragapult, F|3/100 tox
|move|p2a: Bisharp|Swords Dance|p2a: Bisharp
|-boost|p2a: Bisharp|atk|2
|
|-damage|p1a: Dragapult|0 fnt|[from] psn
|faint|p1a: Dragapult
|upkeep
|
|t:|1685832445
|switch|p1a: Zamazenta|Zamazenta|100/100
|-ability|p1a: Zamazenta|Dauntless Shield|boost
|-boost|p1a: Zamazenta|def|1
|turn|16
|
|t:|1685832451
|move|p1a: Zamazenta|Stone Edge|p2a: Bisharp
|-supereffective|p2a: Bisharp
|-crit|p2a: Bisharp
|-damage|p2a: Bisharp|24/100
|move|p2a: Bisharp|Iron Head|p1a: Zamazenta
|-damage|p1a: Zamazenta|47/100
|
|-heal|p1a: Zamazenta|53/100|[from] item: Leftovers
|-sideend|p1: Ting Lu is so cute|Reflect
|upkeep
|turn|17
|
|t:|1685832457
|move|p2a: Bisharp|Sucker Punch|p1a: Zamazenta
|-resisted|p1a: Zamazenta
|-damage|p1a: Zamazenta|5/100
|move|p1a: Zamazenta|Stone Edge|p2a: Bisharp
|-supereffective|p2a: Bisharp
|-damage|p2a: Bisharp|0 fnt
|faint|p2a: Bisharp
|
|-heal|p1a: Zamazenta|11/100|[from] item: Leftovers
|-sideend|p1: Ting Lu is so cute|move: Light Screen
|upkeep
|
|t:|1685832461
|switch|p2a: Quagsire|Quagsire, F|36/100
|turn|18
|
|t:|1685832465
|move|p1a: Zamazenta|Close Combat|p2a: Quagsire
|-damage|p2a: Quagsire|0 fnt
|-unboost|p1a: Zamazenta|def|1
|-unboost|p1a: Zamazenta|spd|1
|-damage|p1a: Zamazenta|0 fnt|[from] item: Rocky Helmet|[of] p2a: Quagsire
|faint|p2a: Quagsire
|faint|p1a: Zamazenta
|
|upkeep
|
|t:|1685832473
|switch|p1a: Iron Moth|Iron Moth|100/100
|switch|p2a: Hydreigon|Hydreigon, F|100/100
|-enditem|p1a: Iron Moth|Booster Energy
|-activate|p1a: Iron Moth|ability: Quark Drive|[fromitem]
|-start|p1a: Iron Moth|quarkdrivespe
|turn|19
|
|t:|1685832479
|move|p1a: Iron Moth|Dazzling Gleam|p2a: Hydreigon
|-supereffective|p2a: Hydreigon
|-damage|p2a: Hydreigon|0 fnt
|faint|p2a: Hydreigon
|
|upkeep
|
|t:|1685832485
|switch|p2a: Slither Wing|Slither Wing|100/100
|turn|20
|
|t:|1685832488
|move|p2a: Slither Wing|First Impression|p1a: Iron Moth
|-resisted|p1a: Iron Moth
|-damage|p1a: Iron Moth|71/100
|move|p1a: Iron Moth|Fiery Dance|p2a: Slither Wing
|-supereffective|p2a: Slither Wing
|-damage|p2a: Slither Wing|18/100
|
|upkeep
|turn|21
|
|t:|1685832494
|move|p2a: Slither Wing|First Impression||[still]
|-hint|First Impression only works on your first turn out.
|-fail|p2a: Slither Wing
|move|p1a: Iron Moth|Sludge Wave|p2a: Slither Wing
|-damage|p2a: Slither Wing|0 fnt
|faint|p2a: Slither Wing
|-end|p2a: Slither Wing|Protosynthesis|[silent]
|
|upkeep
|
|t:|1685832497
|switch|p2a: Rotom|Rotom-Heat|100/100
|turn|22
|
|t:|1685832502
|move|p1a: Iron Moth|Sludge Wave|p2a: Rotom
|-damage|p2a: Rotom|49/100
|move|p2a: Rotom|Nasty Plot|p2a: Rotom
|-boost|p2a: Rotom|spa|2
|
|upkeep
|turn|23
|
|t:|1685832506
|move|p1a: Iron Moth|Sludge Wave|p2a: Rotom
|-damage|p2a: Rotom|0 fnt
|faint|p2a: Rotom
|
|win|Ting Lu is so cute
|raw|Ting Lu is so cute's rating: 1157 → 1184(+27 for winning)
|raw|clauzkops13's rating: 1184 → 1157(-27 for losing)
|l|☆Ting Lu is so cute
|j|☆Ting Lu is so cute
|player|p1|Ting Lu is so cute|parasollady
