|j|☆Thruxy
|j|☆mathismathin
|t:|1685905928
|gametype|singles
|player|p1|Thruxy|265|1701
|player|p2|mathismathin|169|1957
|teamsize|p1|6
|teamsize|p2|6
|gen|9
|tier|[Gen 9] OU
|rated|
|rule|Sleep Clause Mod: Limit one foe put to sleep
|rule|Species Clause: Limit one of each Pokémon
|rule|OHKO Clause: OHKO moves are banned
|rule|Evasion Items Clause: Evasion items are banned
|rule|Evasion Moves Clause: Evasion moves are banned
|rule|Endless Battle Clause: Forcing endless battles is banned
|rule|HP Percentage Mod: HP is shown in percentages
|clearpoke
|poke|p1|Cinderace, M|
|poke|p1|Dragonite, M|
|poke|p1|Gengar, M|
|poke|p1|Walking Wake|
|poke|p1|Garchomp, F|
|poke|p1|Torkoal, M|
|poke|p2|Basculegion-F, F|
|poke|p2|Zamazenta-*|
|poke|p2|Scream Tail|
|poke|p2|Garganacl, F|
|poke|p2|Zapdos|
|poke|p2|Maushold|
|teampreview
|inactive|Battle timer is ON: inactive players will automatically lose when time's up. (requested by Thruxy)
|
|t:|1685905944
|start
|switch|p1a: Gengar|Gengar, M|100/100
|switch|p2a: Garganacl|Garganacl, F|100/100
|turn|1
|
|t:|1685905951
|move|p1a: Gengar|Shadow Ball|p2a: Garganacl
|-damage|p2a: Garganacl|86/100
|move|p2a: Garganacl|Salt Cure|p1a: Gengar
|-damage|p1a: Gengar|73/100
|-start|p1a: Gengar|Salt Cure
|-start|p2a: Garganacl|Disable|Salt Cure|[from] ability: Cursed Body|[of] p1a: Gengar
|
|-heal|p2a: Garganacl|93/100|[from] item: Leftovers
|-damage|p1a: Gengar|61/100|[from] Salt Cure
|upkeep
|turn|2
|
|t:|1685905955
|move|p1a: Gengar|Encore|p2a: Garganacl
|-start|p2a: Garganacl|Encore
|cant|p2a: Garganacl|Disable|Salt Cure
|
|-heal|p2a: Garganacl|99/100|[from] item: Leftovers
|-damage|p1a: Gengar|48/100|[from] Salt Cure
|upkeep
|turn|3
|
|t:|1685905961
|switch|p1a: Dragonite|Dragonite, M|100/100
|switch|p2a: Maushold|Maushold|100/100
|
|upkeep
|turn|4
|
|t:|1685905968
|move|p2a: Maushold|Tidy Up|p2a: Maushold
|-boost|p2a: Maushold|atk|1
|-boost|p2a: Maushold|spe|1
|move|p1a: Dragonite|Dragon Dance|p1a: Dragonite
|-boost|p1a: Dragonite|atk|1
|-boost|p1a: Dragonite|spe|1
|
|upkeep
|turn|5
|
|t:|1685905972
|-terastallize|p2a: Maushold|Ghost
|move|p1a: Dragonite|Extreme Speed|p2a: Maushold
|-immune|p2a: Maushold
|move|p2a: Maushold|Population Bomb|p1a: Dragonite
|-damage|p1a: Dragonite|92/100
|-damage|p1a: Dragonite|73/100
|-damage|p1a: Dragonite|55/100
|-damage|p1a: Dragonite|36/100
|-damage|p1a: Dragonite|16/100
|-crit|p1a: Dragonite
|-damage|p1a: Dragonite|0 fnt
|faint|p1a: Dragonite
|-hitcount|p1: Dragonite|6
|
|upkeep
|
|t:|1685905978
|switch|p1a: Garchomp|Garchomp, F|100/100
|turn|6
|
|t:|1685905993
|move|p2a: Maushold|Population Bomb|p1a: Garchomp
|-damage|p1a: Garchomp|87/100
|-damage|p2a: Maushold|88/100|[from] ability: Rough Skin|[of] p1a: Garchomp
|-damage|p2a: Maushold|71/100|[from] item: Rocky Helmet|[of] p1a: Garchomp
|-damage|p1a: Garchomp|74/100
|-damage|p2a: Maushold|59/100|[from] ability: Rough Skin|[of] p1a: Garchomp
|-damage|p2a: Maushold|42/100|[from] item: Rocky Helmet|[of] p1a: Garchomp
|-damage|p1a: Garchomp|59/100
|-damage|p2a: Maushold|30/100|[from] ability: Rough Skin|[of] p1a: Garchomp
|-damage|p2a: Maushold|13/100|[from] item: Rocky Helmet|[of] p1a: Garchomp
|-damage|p1a: Garchomp|46/100
|-damage|p2a: Maushold|1/100|[from] ability: Rough Skin|[of] p1a: Garchomp
|-damage|p2a: Maushold|0 fnt|[from] item: Rocky Helmet|[of] p1a: Garchomp
|faint|p2a: Maushold
|-hitcount|p1a: Garchomp|4
|move|p1a: Garchomp|Dragon Tail|p2: Maushold|[notarget]
|-fail|p1a: Garchomp
|
|upkeep
|
|t:|1685906003
|switch|p2a: Basculegion|Basculegion-F, F|100/100
|turn|7
|
|t:|1685906006
|switch|p1a: Torkoal|Torkoal, M|100/100
|-weather|SunnyDay|[from] ability: Drought|[of] p1a: Torkoal
|move|p2a: Basculegion|Shadow Ball|p1a: Torkoal
|-damage|p1a: Torkoal|8/100
|
|-weather|SunnyDay|[upkeep]
|upkeep
|turn|8
|
|t:|1685906010
|move|p2a: Basculegion|Shadow Ball|p1a: Torkoal
|-damage|p1a: Torkoal|0 fnt
|faint|p1a: Torkoal
|
|-weather|SunnyDay|[upkeep]
|upkeep
|
|t:|1685906012
|switch|p1a: Walking Wake|Walking Wake|100/100
|-activate|p1a: Walking Wake|ability: Protosynthesis
|-start|p1a: Walking Wake|protosynthesisspa
|turn|9
|
|t:|1685906019
|move|p1a: Walking Wake|Dragon Pulse|p2a: Basculegion
|-damage|p2a: Basculegion|36/100
|move|p2a: Basculegion|Shadow Ball|p1a: Walking Wake
|-damage|p1a: Walking Wake|17/100
|-unboost|p1a: Walking Wake|spd|1
|
|-weather|SunnyDay|[upkeep]
|upkeep
|turn|10
|
|t:|1685906024
|switch|p2a: Scream Tail|Scream Tail|100/100
|-activate|p2a: Scream Tail|ability: Protosynthesis
|-start|p2a: Scream Tail|protosynthesisspe
|move|p1a: Walking Wake|Dragon Pulse|p2a: Scream Tail
|-immune|p2a: Scream Tail
|
|-weather|SunnyDay|[upkeep]
|upkeep
|turn|11
|
|t:|1685906029
|move|p2a: Scream Tail|Wish|p2a: Scream Tail
|move|p1a: Walking Wake|Hydro Steam|p2a: Scream Tail
|-damage|p2a: Scream Tail|48/100
|
|-weather|none
|-end|p2a: Scream Tail|Protosynthesis
|-end|p1a: Walking Wake|Protosynthesis
|-heal|p2a: Scream Tail|55/100|[from] item: Leftovers
|upkeep
|-enditem|p1a: Walking Wake|Booster Energy
|-activate|p1a: Walking Wake|ability: Protosynthesis|[fromitem]
|-start|p1a: Walking Wake|protosynthesisspa
|turn|12
|
|t:|1685906033
|move|p1a: Walking Wake|Hydro Steam|p2a: Scream Tail
|-damage|p2a: Scream Tail|19/100
|move|p2a: Scream Tail|Dazzling Gleam|p1a: Walking Wake
|-supereffective|p1a: Walking Wake
|-damage|p1a: Walking Wake|0 fnt
|faint|p1a: Walking Wake
|-end|p1a: Walking Wake|Protosynthesis|[silent]
|
|-heal|p2a: Scream Tail|69/100|[from] move: Wish|[wisher] Scream Tail
|-heal|p2a: Scream Tail|75/100|[from] item: Leftovers
|upkeep
|
|t:|1685906037
|switch|p1a: Gengar|Gengar, M|48/100
|turn|13
|
|t:|1685906040
|move|p2a: Scream Tail|Protect|p2a: Scream Tail
|-singleturn|p2a: Scream Tail|Protect
|move|p1a: Gengar|Sludge Bomb|p2a: Scream Tail
|-activate|p2a: Scream Tail|move: Protect
|
|-heal|p2a: Scream Tail|82/100|[from] item: Leftovers
|upkeep
|turn|14
|
|t:|1685906041
|-end|p2a: Scream Tail|Protosynthesis|[silent]
|switch|p2a: Garganacl|Garganacl, F|99/100
|move|p1a: Gengar|Sludge Bomb|p2a: Garganacl
|-resisted|p2a: Garganacl
|-damage|p2a: Garganacl|81/100
|
|-heal|p2a: Garganacl|87/100|[from] item: Leftovers
|upkeep
|turn|15
|
|t:|1685906045
|move|p1a: Gengar|Shadow Ball|p2a: Garganacl
|-damage|p2a: Garganacl|73/100
|-unboost|p2a: Garganacl|spd|1
|move|p2a: Garganacl|Salt Cure|p1a: Gengar
|-damage|p1a: Gengar|21/100
|-start|p1a: Gengar|Salt Cure
|-start|p2a: Garganacl|Disable|Salt Cure|[from] ability: Cursed Body|[of] p1a: Gengar
|
|-heal|p2a: Garganacl|79/100|[from] item: Leftovers
|-damage|p1a: Gengar|9/100|[from] Salt Cure
|upkeep
|turn|16
|
|t:|1685906056
|switch|p1a: Garchomp|Garchomp, F|46/100
|switch|p2a: Zapdos|Zapdos|100/100
|
|upkeep
|turn|17
|
|t:|1685906061
|move|p2a: Zapdos|Hurricane|p1a: Garchomp
|-damage|p1a: Garchomp|0 fnt
|faint|p1a: Garchomp
|
|upkeep
|
|t:|1685906065
|switch|p1a: Gengar|Gengar, M|9/100
|turn|18
|
|t:|1685906079
|move|p1a: Gengar|Destiny Bond|p1a: Gengar
|-singlemove|p1a: Gengar|Destiny Bond
|move|p2a: Zapdos|Volt Switch|p1a: Gengar
|-damage|p1a: Gengar|0 fnt
|faint|p1a: Gengar
|-activate|p1a: Gengar|move: Destiny Bond
|faint|p2a: Zapdos
|
|upkeep
|
|t:|1685906084
|switch|p1a: Cinderace|Cinderace, M|100/100
|switch|p2a: Garganacl|Garganacl, F|79/100
|turn|19
|
|t:|1685906086
|move|p1a: Cinderace|High Jump Kick|p2a: Garganacl
|-start|p1a: Cinderace|typechange|Fighting|[from] ability: Libero
|-supereffective|p2a: Garganacl
|-damage|p2a: Garganacl|0 fnt
|faint|p2a: Garganacl
|
|upkeep
|
|t:|1685906090
|switch|p2a: Scream Tail|Scream Tail|82/100
|turn|20
|
|t:|1685906099
|move|p1a: Cinderace|Pyro Ball|p2a: Scream Tail
|-damage|p2a: Scream Tail|49/100
|move|p2a: Scream Tail|Encore|p1a: Cinderace
|-start|p1a: Cinderace|Encore
|
|-heal|p2a: Scream Tail|55/100|[from] item: Leftovers
|upkeep
|turn|21
|
|t:|1685906103
|-terastallize|p1a: Cinderace|Fire
|move|p1a: Cinderace|Pyro Ball|p2a: Scream Tail
|-damage|p2a: Scream Tail|9/100
|move|p2a: Scream Tail|Wish|p2a: Scream Tail
|
|-heal|p2a: Scream Tail|15/100|[from] item: Leftovers
|upkeep
|turn|22
|
|t:|1685906108
|move|p2a: Scream Tail|Protect|p2a: Scream Tail
|-singleturn|p2a: Scream Tail|Protect
|move|p1a: Cinderace|Pyro Ball|p2a: Scream Tail
|-activate|p2a: Scream Tail|move: Protect
|
|-heal|p2a: Scream Tail|65/100|[from] move: Wish|[wisher] Scream Tail
|-heal|p2a: Scream Tail|71/100|[from] item: Leftovers
|upkeep
|turn|23
|
|t:|1685906111
|move|p1a: Cinderace|Pyro Ball|p2a: Scream Tail
|-damage|p2a: Scream Tail|23/100
|move|p2a: Scream Tail|Wish|p2a: Scream Tail
|
|-heal|p2a: Scream Tail|29/100|[from] item: Leftovers
|-end|p1a: Cinderace|Encore
|upkeep
|turn|24
|
|t:|1685906114
|move|p2a: Scream Tail|Protect|p2a: Scream Tail
|-singleturn|p2a: Scream Tail|Protect
|move|p1a: Cinderace|Pyro Ball|p2a: Scream Tail
|-activate|p2a: Scream Tail|move: Protect
|
|-heal|p2a: Scream Tail|79/100|[from] move: Wish|[wisher] Scream Tail
|-heal|p2a: Scream Tail|86/100|[from] item: Leftovers
|upkeep
|turn|25
|
|t:|1685906116
|move|p1a: Cinderace|Pyro Ball|p2a: Scream Tail
|-damage|p2a: Scream Tail|38/100
|move|p2a: Scream Tail|Wish|p2a: Scream Tail
|
|-heal|p2a: Scream Tail|45/100|[from] item: Leftovers
|upkeep
|turn|26
|
|t:|1685906122
|move|p2a: Scream Tail|Protect|p2a: Scream Tail
|-singleturn|p2a: Scream Tail|Protect
|move|p1a: Cinderace|High Jump Kick|p2a: Scream Tail
|-activate|p2a: Scream Tail|move: Protect
|-damage|p1a: Cinderace|51/100|[from] highjumpkick
|
|-heal|p2a: Scream Tail|95/100|[from] move: Wish|[wisher] Scream Tail
|-heal|p2a: Scream Tail|100/100|[from] item: Leftovers
|upkeep
|turn|27
|-message|Thruxy forfeited.
|
|win|mathismathin
|raw|Thruxy's rating: 1701 → 1694(-7 for losing)
|raw|mathismathin's rating: 1957 → 1964(+7 for winning)
|l|☆Thruxy
