|j|☆kanjoulis
|j|☆bbones150
|t:|1685904381
|gametype|singles
|player|p1|kanjoulis|265|1452
|player|p2|bbones150|fisherman-gen4|1490
|teamsize|p1|6
|teamsize|p2|6
|gen|9
|tier|[Gen 9] OU
|rated|
|rule|Sleep Clause Mod: Limit one foe put to sleep
|rule|Species Clause: Limit one of each Pokémon
|rule|OHKO Clause: OHKO moves are banned
|rule|Evasion Items Clause: Evasion items are banned
|rule|Evasion Moves Clause: Evasion moves are banned
|rule|Endless Battle Clause: Forcing endless battles is banned
|rule|HP Percentage Mod: HP is shown in percentages
|clearpoke
|poke|p1|Walking Wake|
|poke|p1|Lilligant-Hisui, F|
|poke|p1|Volcarona, F|
|poke|p1|Zapdos|
|poke|p1|Magearna|
|poke|p1|Landorus-Therian, M|
|poke|p2|Torkoal, F|
|poke|p2|Walking Wake|
|poke|p2|Lilligant-Hisui, F|
|poke|p2|Typhlosion-Hisui, F|
|poke|p2|Roaring Moon|
|poke|p2|Great Tusk|
|teampreview
|
|t:|1685904394
|start
|switch|p1a: Walking Wake|Walking Wake|100/100
|switch|p2a: Torkoal|Torkoal, F|100/100
|-weather|SunnyDay|[from] ability: Drought|[of] p2a: Torkoal
|-activate|p1a: Walking Wake|ability: Protosynthesis
|-start|p1a: Walking Wake|protosynthesisspa
|turn|1
|
|t:|1685904407
|switch|p2a: Walking Wake|Walking Wake|100/100
|-activate|p2a: Walking Wake|ability: Protosynthesis
|-start|p2a: Walking Wake|protosynthesisspa
|move|p1a: Walking Wake|Hydro Steam|p2a: Walking Wake
|-resisted|p2a: Walking Wake
|-damage|p2a: Walking Wake|77/100
|
|-weather|SunnyDay|[upkeep]
|upkeep
|turn|2
|
|t:|1685904415
|-terastallize|p1a: Walking Wake|Fairy
|move|p2a: Walking Wake|Hydro Steam|p1a: Walking Wake
|-damage|p1a: Walking Wake|15/100
|move|p1a: Walking Wake|Draco Meteor|p2a: Walking Wake
|-supereffective|p2a: Walking Wake
|-damage|p2a: Walking Wake|0 fnt
|-unboost|p1a: Walking Wake|spa|2
|faint|p2a: Walking Wake
|-end|p2a: Walking Wake|Protosynthesis|[silent]
|
|-weather|SunnyDay|[upkeep]
|upkeep
|
|t:|1685904425
|switch|p2a: Roaring Moon|Roaring Moon|100/100
|-activate|p2a: Roaring Moon|ability: Protosynthesis
|-start|p2a: Roaring Moon|protosynthesisatk
|turn|3
|
|t:|1685904441
|-end|p1a: Walking Wake|Protosynthesis|[silent]
|switch|p1a: Magearna|Magearna|100/100
|move|p2a: Roaring Moon|Dragon Dance|p2a: Roaring Moon
|-boost|p2a: Roaring Moon|atk|1
|-boost|p2a: Roaring Moon|spe|1
|
|-weather|SunnyDay|[upkeep]
|upkeep
|turn|4
|
|t:|1685904446
|-terastallize|p2a: Roaring Moon|Steel
|move|p2a: Roaring Moon|Dragon Dance|p2a: Roaring Moon
|-boost|p2a: Roaring Moon|atk|1
|-boost|p2a: Roaring Moon|spe|1
|move|p1a: Magearna|Fleur Cannon|p2a: Roaring Moon
|-resisted|p2a: Roaring Moon
|-damage|p2a: Roaring Moon|46/100
|-unboost|p1a: Magearna|spa|2
|
|-weather|SunnyDay|[upkeep]
|upkeep
|turn|5
|
|t:|1685904453
|switch|p1a: Landorus|Landorus-Therian, M|100/100
|-ability|p1a: Landorus|Intimidate|boost
|-unboost|p2a: Roaring Moon|atk|1
|move|p2a: Roaring Moon|Earthquake|p1a: Landorus
|-immune|p1a: Landorus
|
|-weather|SunnyDay|[upkeep]
|upkeep
|turn|6
|
|t:|1685904458
|move|p2a: Roaring Moon|Crunch|p1a: Landorus
|-damage|p1a: Landorus|0 fnt
|faint|p1a: Landorus
|-damage|p2a: Roaring Moon|36/100|[from] item: Life Orb
|
|-weather|SunnyDay|[upkeep]
|upkeep
|
|t:|1685904462
|switch|p1a: Lilligant|Lilligant-Hisui, F|100/100
|turn|7
|
|t:|1685904467
|move|p2a: Roaring Moon|Outrage|p1a: Lilligant
|-damage|p1a: Lilligant|0 fnt
|faint|p1a: Lilligant
|-damage|p2a: Roaring Moon|26/100|[from] item: Life Orb
|
|-weather|SunnyDay|[upkeep]
|upkeep
|
|t:|1685904470
|switch|p1a: Walking Wake|Walking Wake, tera:Fairy|15/100
|-activate|p1a: Walking Wake|ability: Protosynthesis
|-start|p1a: Walking Wake|protosynthesisspa
|turn|8
|
|t:|1685904474
|move|p2a: Roaring Moon|Outrage|p1a: Walking Wake|[from]lockedmove
|-immune|p1a: Walking Wake
|-start|p2a: Roaring Moon|confusion|[fatigue]
|move|p1a: Walking Wake|Flamethrower|p2a: Roaring Moon
|-supereffective|p2a: Roaring Moon
|-damage|p2a: Roaring Moon|0 fnt
|faint|p2a: Roaring Moon
|-end|p2a: Roaring Moon|Protosynthesis|[silent]
|
|-weather|none
|-end|p1a: Walking Wake|Protosynthesis
|upkeep
|-enditem|p1a: Walking Wake|Booster Energy
|-activate|p1a: Walking Wake|ability: Protosynthesis|[fromitem]
|-start|p1a: Walking Wake|protosynthesisspa
|
|t:|1685904483
|switch|p2a: Typhlosion|Typhlosion-Hisui, F|100/100
|turn|9
|
|t:|1685904492
|move|p2a: Typhlosion|Eruption|p1a: Walking Wake
|-damage|p1a: Walking Wake|0 fnt
|faint|p1a: Walking Wake
|-end|p1a: Walking Wake|Protosynthesis|[silent]
|
|upkeep
|
|t:|1685904502
|switch|p1a: Zapdos|Zapdos|100/100
|turn|10
|
|t:|1685904507
|move|p2a: Typhlosion|Eruption|p1a: Zapdos
|-damage|p1a: Zapdos|24/100
|move|p1a: Zapdos|Discharge|p2a: Typhlosion
|-damage|p2a: Typhlosion|35/100
|
|upkeep
|turn|11
|
|t:|1685904516
|switch|p2a: Torkoal|Torkoal, F|100/100
|-weather|SunnyDay|[from] ability: Drought|[of] p2a: Torkoal
|move|p1a: Zapdos|Roost|p1a: Zapdos
|-heal|p1a: Zapdos|74/100
|-singleturn|p1a: Zapdos|move: Roost
|
|-weather|SunnyDay|[upkeep]
|upkeep
|turn|12
|
|t:|1685904523
|switch|p2a: Lilligant|Lilligant-Hisui, F|100/100
|move|p1a: Zapdos|Volt Switch|p2a: Lilligant
|-resisted|p2a: Lilligant
|-damage|p2a: Lilligant|70/100
|
|t:|1685904526
|switch|p1a: Volcarona|Volcarona, F|100/100|[from] Volt Switch
|
|-weather|SunnyDay|[upkeep]
|upkeep
|turn|13
|
|t:|1685904533
|move|p2a: Lilligant|Healing Wish|p2a: Lilligant
|faint|p2a: Lilligant
|move|p1a: Volcarona|Fiery Dance|p2: Lilligant|[notarget]
|-fail|p1a: Volcarona
|
|-weather|SunnyDay|[upkeep]
|upkeep
|
|t:|1685904537
|switch|p2a: Typhlosion|Typhlosion-Hisui, F|35/100
|-heal|p2a: Typhlosion|100/100|[from] move: Healing Wish
|turn|14
|
|t:|1685904543
|move|p2a: Typhlosion|Eruption|p1a: Volcarona
|-damage|p1a: Volcarona|0 fnt
|faint|p1a: Volcarona
|
|-weather|SunnyDay|[upkeep]
|upkeep
|
|t:|1685904546
|switch|p1a: Zapdos|Zapdos|74/100
|turn|15
|c|☆kanjoulis|gg
|-message|kanjoulis forfeited.
|
|win|bbones150
|raw|kanjoulis's rating: 1452 → 1434(-18 for losing)
|raw|bbones150's rating: 1490 → 1508(+18 for winning)
|l|☆kanjoulis
