|j|☆Eynes
|j|☆strange cloud
|t:|1685885536
|gametype|singles
|player|p1|Eynes|pokemonbreeder-gen4|1017
|player|p2|strange cloud|1|1074
|teamsize|p1|6
|teamsize|p2|6
|gen|9
|tier|[Gen 9] OU
|rated|
|rule|Sleep Clause Mod: Limit one foe put to sleep
|rule|Species Clause: Limit one of each Pokémon
|rule|OHKO Clause: OHKO moves are banned
|rule|Evasion Items Clause: Evasion items are banned
|rule|Evasion Moves Clause: Evasion moves are banned
|rule|Endless Battle Clause: Forcing endless battles is banned
|rule|HP Percentage Mod: HP is shown in percentages
|clearpoke
|poke|p1|Lilligant-Hisui, F|
|poke|p1|Mimikyu, M|
|poke|p1|Inteleon, F|
|poke|p1|Zweilous, M|
|poke|p1|Volcarona, F|
|poke|p1|Braviary-Hisui, M|
|poke|p2|Zoroark-Hisui, F|
|poke|p2|Walking Wake|
|poke|p2|Corviknight, M|
|poke|p2|Espeon, F|
|poke|p2|Iron Thorns|
|poke|p2|Wo-Chien|
|teampreview
|inactive|Battle timer is ON: inactive players will automatically lose when time's up. (requested by Eynes)
|
|t:|1685885561
|start
|switch|p1a: Lilligant|Lilligant-Hisui, F|100/100
|switch|p2a: Espeon|Espeon, F|100/100
|turn|1
|
|t:|1685885571
|-terastallize|p1a: Lilligant|Electric
|move|p1a: Lilligant|Victory Dance|p1a: Lilligant
|-boost|p1a: Lilligant|atk|1
|-boost|p1a: Lilligant|def|1
|-boost|p1a: Lilligant|spe|1
|move|p2a: Espeon|Thunder Wave|p1a: Lilligant|[miss]
|-miss|p2a: Espeon|p1a: Lilligant
|
|upkeep
|turn|2
|
|t:|1685885580
|move|p1a: Lilligant|Victory Dance|p1a: Lilligant
|-boost|p1a: Lilligant|atk|1
|-boost|p1a: Lilligant|def|1
|-boost|p1a: Lilligant|spe|1
|move|p2a: Espeon|Reflect|p2a: Espeon
|-sidestart|p2: strange cloud|Reflect
|
|upkeep
|turn|3
|
|t:|1685885590
|switch|p2a: Corviknight|Corviknight, M|100/100
|-ability|p2a: Corviknight|Pressure
|move|p1a: Lilligant|Victory Dance|p1a: Lilligant
|-boost|p1a: Lilligant|atk|1
|-boost|p1a: Lilligant|def|1
|-boost|p1a: Lilligant|spe|1
|
|upkeep
|turn|4
|
|t:|1685885599
|-terastallize|p2a: Corviknight|Flying
|move|p1a: Lilligant|Close Combat|p2a: Corviknight
|-resisted|p2a: Corviknight
|-damage|p2a: Corviknight|63/100
|-unboost|p1a: Lilligant|def|1
|-unboost|p1a: Lilligant|spd|1
|move|p2a: Corviknight|Brave Bird|p1a: Lilligant
|-resisted|p1a: Lilligant
|-damage|p1a: Lilligant|81/100
|-damage|p2a: Corviknight|58/100|[from] Recoil
|
|-heal|p2a: Corviknight|64/100|[from] item: Leftovers
|upkeep
|turn|5
|
|t:|1685885614
|move|p1a: Lilligant|Victory Dance|p1a: Lilligant
|-boost|p1a: Lilligant|atk|1
|-boost|p1a: Lilligant|def|1
|-boost|p1a: Lilligant|spe|1
|move|p2a: Corviknight|Roost|p2a: Corviknight
|-heal|p2a: Corviknight|100/100
|-hint|If a Flying Terastallized Pokemon uses Roost, it remains Flying-type.
|
|upkeep
|turn|6
|
|t:|1685885621
|move|p1a: Lilligant|Victory Dance|p1a: Lilligant
|-boost|p1a: Lilligant|atk|1
|-boost|p1a: Lilligant|def|1
|-boost|p1a: Lilligant|spe|1
|move|p2a: Corviknight|U-turn|p1a: Lilligant
|-damage|p1a: Lilligant|73/100
|
|t:|1685885630
|switch|p2a: Wo-Chien|Wo-Chien|100/100|[from] U-turn
|-ability|p2a: Wo-Chien|Tablets of Ruin
|
|upkeep
|turn|7
|
|t:|1685885636
|move|p1a: Lilligant|Poison Jab|p2a: Wo-Chien
|-supereffective|p2a: Wo-Chien
|-damage|p2a: Wo-Chien|34/100
|-status|p2a: Wo-Chien|psn
|move|p2a: Wo-Chien|Leech Seed|p1a: Lilligant
|-start|p1a: Lilligant|move: Leech Seed
|
|-damage|p1a: Lilligant|60/100|[from] Leech Seed|[of] p2a: Wo-Chien
|-heal|p2a: Wo-Chien|44/100 psn|[silent]
|-damage|p2a: Wo-Chien|31/100 psn|[from] psn
|upkeep
|turn|8
|
|t:|1685885647
|switch|p2a: Corviknight|Corviknight, M, tera:Flying|100/100
|-ability|p2a: Corviknight|Pressure
|move|p1a: Lilligant|Poison Jab|p2a: Corviknight
|-damage|p2a: Corviknight|51/100
|
|-heal|p2a: Corviknight|57/100|[from] item: Leftovers
|-damage|p1a: Lilligant|48/100|[from] Leech Seed|[of] p2a: Corviknight
|-heal|p2a: Corviknight|66/100|[silent]
|upkeep
|turn|9
|
|t:|1685885659
|move|p1a: Lilligant|Poison Jab|p2a: Corviknight
|-damage|p2a: Corviknight|16/100
|move|p2a: Corviknight|Roost|p2a: Corviknight
|-heal|p2a: Corviknight|66/100
|-hint|If a Flying Terastallized Pokemon uses Roost, it remains Flying-type.
|
|-heal|p2a: Corviknight|72/100|[from] item: Leftovers
|-damage|p1a: Lilligant|35/100|[from] Leech Seed|[of] p2a: Corviknight
|-heal|p2a: Corviknight|81/100|[silent]
|-sideend|p2: strange cloud|Reflect
|upkeep
|turn|10
|
|t:|1685885670
|move|p1a: Lilligant|Poison Jab|p2a: Corviknight
|-crit|p2a: Corviknight
|-damage|p2a: Corviknight|0 fnt
|faint|p2a: Corviknight
|
|upkeep
|
|t:|1685885679
|switch|p2a: Iron Thorns|Iron Thorns|100/100
|turn|11
|
|t:|1685885684
|move|p1a: Lilligant|Leaf Blade|p2a: Iron Thorns
|-supereffective|p2a: Iron Thorns
|-damage|p2a: Iron Thorns|0 fnt
|faint|p2a: Iron Thorns
|-end|p2a: Iron Thorns|Quark Drive|[silent]
|
|upkeep
|
|t:|1685885691
|switch|p2a: Walking Wake|Walking Wake|100/100
|turn|12
|
|t:|1685885696
|move|p1a: Lilligant|Leaf Blade|p2a: Walking Wake
|-damage|p2a: Walking Wake|0 fnt
|faint|p2a: Walking Wake
|-end|p2a: Walking Wake|Protosynthesis|[silent]
|
|upkeep
|l|☆strange cloud
|inactive|strange cloud disconnected and has a minute to reconnect!
|player|p2|
|inactive|strange cloud has 30 seconds to reconnect!
|inactive|strange cloud has 20 seconds to reconnect!
|inactive|strange cloud has 15 seconds to reconnect!
|inactive|strange cloud has 10 seconds to reconnect!
|inactive|strange cloud has 5 seconds to reconnect!
|-message|strange cloud lost due to inactivity.
|
|win|Eynes
|raw|Eynes's rating: 1017 → 1061(+44 for winning)
|raw|strange cloud's rating: 1074 → 1049(-25 for losing)
