|j|☆tuaitsit
|j|☆Kuippr
|t:|1685863205
|gametype|singles
|player|p1|tuaitsit|101|1174
|player|p2|Kuippr|cyrus|1132
|teamsize|p1|6
|teamsize|p2|6
|gen|9
|tier|[Gen 9] OU
|rated|
|rule|Sleep Clause Mod: Limit one foe put to sleep
|rule|Species Clause: Limit one of each Pokémon
|rule|OHKO Clause: OHKO moves are banned
|rule|Evasion Items Clause: Evasion items are banned
|rule|Evasion Moves Clause: Evasion moves are banned
|rule|Endless Battle Clause: Forcing endless battles is banned
|rule|HP Percentage Mod: HP is shown in percentages
|clearpoke
|poke|p1|Kingambit, F|
|poke|p1|Dragonite, M|
|poke|p1|Arcanine-Hisui, F|
|poke|p1|Enamorus-Therian, F|
|poke|p1|Tornadus-Therian, M|
|poke|p1|Cinderace, M|
|poke|p2|Lilligant-Hisui, F|
|poke|p2|Dragapult, M|
|poke|p2|Urshifu-*, M|
|poke|p2|Mew|
|poke|p2|Great Tusk|
|poke|p2|Baxcalibur, M|
|teampreview
|
|t:|1685863217
|start
|switch|p1a: Tornadus|Tornadus-Therian, M|100/100
|switch|p2a: Mew|Mew|100/100
|turn|1
|
|t:|1685863234
|move|p1a: Tornadus|Bleakwind Storm|p2a: Mew
|-damage|p2a: Mew|39/100
|move|p2a: Mew|Ice Beam|p1a: Tornadus
|-supereffective|p1a: Tornadus
|-crit|p1a: Tornadus
|-damage|p1a: Tornadus|0 fnt
|faint|p1a: Tornadus
|
|upkeep
|
|t:|1685863243
|switch|p1a: Cinderace|Cinderace, M|100/100
|turn|2
|
|t:|1685863248
|switch|p2a: Urshifu|Urshifu-Rapid-Strike, M|100/100
|move|p1a: Cinderace|Swords Dance|p1a: Cinderace
|-boost|p1a: Cinderace|atk|2
|
|upkeep
|turn|3
|
|t:|1685863254
|move|p2a: Urshifu|Aqua Jet|p1a: Cinderace
|-supereffective|p1a: Cinderace
|-damage|p1a: Cinderace|25/100
|move|p1a: Cinderace|Pyro Ball|p2a: Urshifu
|-resisted|p2a: Urshifu
|-damage|p2a: Urshifu|11/100
|
|upkeep
|turn|4
|
|t:|1685863260
|move|p1a: Cinderace|Sucker Punch|p2a: Urshifu
|-resisted|p2a: Urshifu
|-damage|p2a: Urshifu|0 fnt
|faint|p2a: Urshifu
|
|upkeep
|
|t:|1685863268
|switch|p2a: Baxcalibur|Baxcalibur, M|100/100
|turn|5
|
|t:|1685863271
|move|p2a: Baxcalibur|Ice Shard|p1a: Cinderace
|-resisted|p1a: Cinderace
|-damage|p1a: Cinderace|10/100
|move|p1a: Cinderace|Pyro Ball|p2a: Baxcalibur
|-damage|p2a: Baxcalibur|0 fnt
|faint|p2a: Baxcalibur
|
|upkeep
|
|t:|1685863278
|switch|p2a: Great Tusk|Great Tusk|100/100
|-enditem|p2a: Great Tusk|Booster Energy
|-activate|p2a: Great Tusk|ability: Protosynthesis|[fromitem]
|-start|p2a: Great Tusk|protosynthesisatk
|turn|6
|
|t:|1685863285
|-terastallize|p1a: Cinderace|Fire
|move|p1a: Cinderace|Pyro Ball|p2a: Great Tusk
|-damage|p2a: Great Tusk|0 fnt
|faint|p2a: Great Tusk
|-end|p2a: Great Tusk|Protosynthesis|[silent]
|
|upkeep
|
|t:|1685863290
|switch|p2a: Dragapult|Dragapult, M|100/100
|turn|7
|
|t:|1685863292
|move|p1a: Cinderace|Sucker Punch|p2a: Dragapult
|-supereffective|p2a: Dragapult
|-damage|p2a: Dragapult|0 fnt
|faint|p2a: Dragapult
|
|upkeep
|-message|Kuippr forfeited.
|
|win|tuaitsit
|raw|tuaitsit's rating: 1174 → 1196(+22 for winning)
|raw|Kuippr's rating: 1132 → 1110(-22 for losing)
|l|☆Kuippr
