|j|‽Hero-Izuku
|j|☆Hugo Chavez II
|t:|1685904869
|gametype|singles
|player|p1|Hero-Izuku|nate|1076
|player|p2|Hugo Chavez II|pokekid|1052
|teamsize|p1|6
|teamsize|p2|2
|gen|9
|tier|[Gen 9] OU
|rated|
|rule|Sleep Clause Mod: Limit one foe put to sleep
|rule|Species Clause: Limit one of each Pokémon
|rule|OHKO Clause: OHKO moves are banned
|rule|Evasion Items Clause: Evasion items are banned
|rule|Evasion Moves Clause: Evasion moves are banned
|rule|Endless Battle Clause: Forcing endless battles is banned
|rule|HP Percentage Mod: HP is shown in percentages
|clearpoke
|poke|p1|Cresselia, F|
|poke|p1|Enamorus-Therian, F|
|poke|p1|Garganacl, F|
|poke|p1|Goodra-Hisui, M|
|poke|p1|Heatran, F|
|poke|p1|Ursaluna, F|
|poke|p2|Cinderace, F|
|poke|p2|Dondozo, M|
|teampreview
|c|☆Hugo Chavez II|XD?
|c|☆Hugo Chavez II|me suenas
|
|t:|1685904905
|start
|switch|p1a: Cresselia|Cresselia, F|100/100
|switch|p2a: Dondozo|Dondozo, M|100/100
|turn|1
|
|t:|1685904919
|move|p2a: Dondozo|Curse|p2a: Dondozo
|-unboost|p2a: Dondozo|spe|1
|-boost|p2a: Dondozo|atk|1
|-boost|p2a: Dondozo|def|1
|move|p1a: Cresselia|Trick Room|p1a: Cresselia
|-fieldstart|move: Trick Room|[of] p1a: Cresselia
|
|upkeep
|turn|2
|
|t:|1685904924
|move|p2a: Dondozo|Curse|p2a: Dondozo
|-unboost|p2a: Dondozo|spe|1
|-boost|p2a: Dondozo|atk|1
|-boost|p2a: Dondozo|def|1
|move|p1a: Cresselia|Reflect|p1a: Cresselia
|-sidestart|p1: Hero-Izuku|Reflect
|
|upkeep
|turn|3
|
|t:|1685904927
|move|p2a: Dondozo|Curse|p2a: Dondozo
|-unboost|p2a: Dondozo|spe|1
|-boost|p2a: Dondozo|atk|1
|-boost|p2a: Dondozo|def|1
|move|p1a: Cresselia|Lunar Dance|p1a: Cresselia
|faint|p1a: Cresselia
|
|upkeep
|
|t:|1685904937
|switch|p1a: Heatran|Heatran, F|100/100
|turn|4
|
|t:|1685904941
|move|p2a: Dondozo|Wave Crash|p1a: Heatran
|-supereffective|p1a: Heatran
|-damage|p1a: Heatran|13/100
|-damage|p2a: Dondozo|78/100|[from] Recoil
|move|p1a: Heatran|Will-O-Wisp|p2a: Dondozo
|-status|p2a: Dondozo|brn
|
|-heal|p2a: Dondozo|85/100 brn|[from] item: Leftovers
|-heal|p1a: Heatran|20/100|[from] item: Leftovers
|-damage|p2a: Dondozo|78/100 brn|[from] brn
|upkeep
|turn|5
|
|t:|1685904946
|move|p2a: Dondozo|Wave Crash|p1a: Heatran
|-supereffective|p1a: Heatran
|-damage|p1a: Heatran|0 fnt
|faint|p1a: Heatran
|-damage|p2a: Dondozo|74/100 brn|[from] Recoil
|
|-heal|p2a: Dondozo|80/100 brn|[from] item: Leftovers
|-damage|p2a: Dondozo|74/100 brn|[from] brn
|-fieldend|move: Trick Room
|upkeep
|
|t:|1685904951
|switch|p1a: Garganacl|Garganacl, F|100/100
|turn|6
|
|t:|1685904954
|move|p1a: Garganacl|Salt Cure|p2a: Dondozo
|-damage|p2a: Dondozo|71/100 brn
|-start|p2a: Dondozo|Salt Cure
|move|p2a: Dondozo|Wave Crash|p1a: Garganacl
|-supereffective|p1a: Garganacl
|-damage|p1a: Garganacl|68/100
|-damage|p2a: Dondozo|62/100 brn|[from] Recoil
|
|-heal|p1a: Garganacl|74/100|[from] item: Leftovers
|-heal|p2a: Dondozo|68/100 brn|[from] item: Leftovers
|-damage|p2a: Dondozo|62/100 brn|[from] brn
|-damage|p2a: Dondozo|37/100 brn|[from] Salt Cure
|-sideend|p1: Hero-Izuku|Reflect
|upkeep
|turn|7
|
|t:|1685904962
|move|p1a: Garganacl|Curse|p1a: Garganacl
|-unboost|p1a: Garganacl|spe|1
|-boost|p1a: Garganacl|atk|1
|-boost|p1a: Garganacl|def|1
|move|p2a: Dondozo|Rest|p2a: Dondozo
|-status|p2a: Dondozo|slp|[from] move: Rest
|-heal|p2a: Dondozo|100/100 slp|[silent]
|
|-heal|p1a: Garganacl|80/100|[from] item: Leftovers
|-damage|p2a: Dondozo|75/100 slp|[from] Salt Cure
|upkeep
|turn|8
|
|t:|1685904980
|move|p1a: Garganacl|Body Press|p2a: Dondozo
|-damage|p2a: Dondozo|69/100 slp
|cant|p2a: Dondozo|slp
|move|p2a: Dondozo|Sleep Talk|p2a: Dondozo
|move|p2a: Dondozo|Curse|p2a: Dondozo|[from]move: Sleep Talk
|-unboost|p2a: Dondozo|spe|1
|-boost|p2a: Dondozo|atk|1
|-boost|p2a: Dondozo|def|1
|
|-heal|p1a: Garganacl|87/100|[from] item: Leftovers
|-heal|p2a: Dondozo|75/100 slp|[from] item: Leftovers
|-damage|p2a: Dondozo|50/100 slp|[from] Salt Cure
|upkeep
|turn|9
|
|t:|1685904985
|move|p1a: Garganacl|Salt Cure|p2a: Dondozo
|-damage|p2a: Dondozo|48/100 slp
|cant|p2a: Dondozo|slp
|move|p2a: Dondozo|Sleep Talk|p2a: Dondozo
|move|p2a: Dondozo|Rest||[from]move: Sleep Talk|[still]
|-fail|p2a: Dondozo
|
|-heal|p1a: Garganacl|93/100|[from] item: Leftovers
|-heal|p2a: Dondozo|54/100 slp|[from] item: Leftovers
|-damage|p2a: Dondozo|29/100 slp|[from] Salt Cure
|upkeep
|turn|10
|
|t:|1685905002
|move|p1a: Garganacl|Salt Cure|p2a: Dondozo
|-damage|p2a: Dondozo|26/100 slp
|-curestatus|p2a: Dondozo|slp|[msg]
|move|p2a: Dondozo|Rest|p2a: Dondozo
|-status|p2a: Dondozo|slp|[from] move: Rest
|-heal|p2a: Dondozo|100/100 slp|[silent]
|
|-heal|p1a: Garganacl|99/100|[from] item: Leftovers
|-damage|p2a: Dondozo|75/100 slp|[from] Salt Cure
|upkeep
|turn|11
|
|t:|1685905014
|switch|p1a: Enamorus|Enamorus-Therian, F|100/100
|cant|p2a: Dondozo|slp
|move|p2a: Dondozo|Sleep Talk|p2a: Dondozo
|move|p2a: Dondozo|Rest||[from]move: Sleep Talk|[still]
|-fail|p2a: Dondozo
|
|-heal|p2a: Dondozo|82/100 slp|[from] item: Leftovers
|-damage|p2a: Dondozo|57/100 slp|[from] Salt Cure
|upkeep
|turn|12
|
|t:|1685905023
|move|p1a: Enamorus|Psychic|p2a: Dondozo
|-damage|p2a: Dondozo|36/100 slp
|cant|p2a: Dondozo|slp
|move|p2a: Dondozo|Sleep Talk|p2a: Dondozo
|move|p2a: Dondozo|Wave Crash|p1a: Enamorus|[from]move: Sleep Talk
|-damage|p1a: Enamorus|0 fnt
|faint|p1a: Enamorus
|-damage|p2a: Dondozo|13/100 slp|[from] Recoil
|
|-heal|p2a: Dondozo|19/100 slp|[from] item: Leftovers
|-damage|p2a: Dondozo|0 fnt|[from] Salt Cure
|faint|p2a: Dondozo
|upkeep
|
|t:|1685905033
|switch|p2a: Cinderace|Cinderace, F|100/100
|switch|p1a: Garganacl|Garganacl, F|99/100
|-heal|p1a: Garganacl|100/100|[from] move: Lunar Dance
|turn|13
|
|t:|1685905036
|-terastallize|p2a: Cinderace|Fairy
|-terastallize|p1a: Garganacl|Fairy
|move|p2a: Cinderace|Swords Dance|p2a: Cinderace
|-boost|p2a: Cinderace|atk|2
|move|p1a: Garganacl|Salt Cure|p2a: Cinderace
|-damage|p2a: Cinderace|82/100
|-start|p2a: Cinderace|Salt Cure
|
|-damage|p2a: Cinderace|70/100|[from] Salt Cure
|upkeep
|turn|14
|
|t:|1685905041
|move|p2a: Cinderace|Swords Dance|p2a: Cinderace
|-boost|p2a: Cinderace|atk|2
|move|p1a: Garganacl|Curse|p1a: Garganacl
|-unboost|p1a: Garganacl|spe|1
|-boost|p1a: Garganacl|atk|1
|-boost|p1a: Garganacl|def|1
|
|-damage|p2a: Cinderace|58/100|[from] Salt Cure
|upkeep
|turn|15
|
|t:|1685905044
|move|p2a: Cinderace|Pyro Ball|p1a: Garganacl
|-damage|p1a: Garganacl|26/100
|move|p1a: Garganacl|Curse|p1a: Garganacl
|-unboost|p1a: Garganacl|spe|1
|-boost|p1a: Garganacl|atk|1
|-boost|p1a: Garganacl|def|1
|
|-heal|p1a: Garganacl|32/100|[from] item: Leftovers
|-damage|p2a: Cinderace|45/100|[from] Salt Cure
|upkeep
|turn|16
|
|t:|1685905047
|move|p2a: Cinderace|Pyro Ball|p1a: Garganacl
|-damage|p1a: Garganacl|0 fnt
|faint|p1a: Garganacl
|
|-damage|p2a: Cinderace|33/100|[from] Salt Cure
|upkeep
|
|t:|1685905048
|switch|p1a: Ursaluna|Ursaluna, F|100/100
|turn|17
|
|t:|1685905053
|move|p2a: Cinderace|Pyro Ball|p1a: Ursaluna
|-damage|p1a: Ursaluna|0 fnt
|faint|p1a: Ursaluna
|
|-damage|p2a: Cinderace|21/100|[from] Salt Cure
|upkeep
|
|t:|1685905055
|switch|p1a: Goodra|Goodra-Hisui, M|100/100
|turn|18
|
|t:|1685905059
|move|p2a: Cinderace|Pyro Ball|p1a: Goodra
|-damage|p1a: Goodra|0 fnt
|faint|p1a: Goodra
|
|win|Hugo Chavez II
|raw|Hero-Izuku's rating: 1076 → 1053(-23 for losing)
|raw|Hugo Chavez II's rating: 1052 → 1086(+34 for winning)
|c|☆Hugo Chavez II|gg wp
