|j|☆Aggron
|j|☆Pretty Nizz
|t:|1685906002
|gametype|singles
|player|p1|Aggron|170|1659
|player|p2|Pretty Nizz|steven|1569
|teamsize|p1|6
|teamsize|p2|6
|gen|9
|tier|[Gen 9] OU
|rated|
|rule|Sleep Clause Mod: Limit one foe put to sleep
|rule|Species Clause: Limit one of each Pokémon
|rule|OHKO Clause: OHKO moves are banned
|rule|Evasion Items Clause: Evasion items are banned
|rule|Evasion Moves Clause: Evasion moves are banned
|rule|Endless Battle Clause: Forcing endless battles is banned
|rule|HP Percentage Mod: HP is shown in percentages
|clearpoke
|poke|p1|Ursaluna, F|
|poke|p1|Magearna|
|poke|p1|Slowking, M|
|poke|p1|Crabominable, F|
|poke|p1|Cinderace, M|
|poke|p1|Hoopa|
|poke|p2|Meowscarada, M|
|poke|p2|Garganacl, F|
|poke|p2|Great Tusk|
|poke|p2|Skeledirge, F|
|poke|p2|Rotom-Wash|
|poke|p2|Clodsire, F|
|teampreview
|inactive|Battle timer is ON: inactive players will automatically lose when time's up. (requested by Aggron)
|
|t:|1685906016
|start
|switch|p1a: Hoopa|Hoopa|100/100
|switch|p2a: Meowscarada|Meowscarada, M|100/100
|turn|1
|
|t:|1685906030
|move|p2a: Meowscarada|Knock Off|p1a: Hoopa
|-start|p2a: Meowscarada|typechange|Dark|[from] ability: Protean
|-supereffective|p1a: Hoopa
|-enditem|p1a: Hoopa|Focus Sash
|-damage|p1a: Hoopa|1/100
|move|p1a: Hoopa|Trick Room|p1a: Hoopa
|-fieldstart|move: Trick Room|[of] p1a: Hoopa
|
|upkeep
|turn|2
|
|t:|1685906042
|move|p1a: Hoopa|Destiny Bond|p1a: Hoopa
|-singlemove|p1a: Hoopa|Destiny Bond
|move|p2a: Meowscarada|Knock Off|p1a: Hoopa
|-supereffective|p1a: Hoopa
|-damage|p1a: Hoopa|0 fnt
|faint|p1a: Hoopa
|-activate|p1a: Hoopa|move: Destiny Bond
|faint|p2a: Meowscarada
|
|upkeep
|
|t:|1685906053
|switch|p1a: Crabominable|Crabominable, F|100/100
|switch|p2a: Rotom|Rotom-Wash|100/100
|turn|3
|
|t:|1685906061
|switch|p1a: Ursaluna|Ursaluna, F|100/100
|move|p2a: Rotom|Will-O-Wisp|p1a: Ursaluna
|-status|p1a: Ursaluna|brn
|
|-damage|p1a: Ursaluna|94/100 brn|[from] brn
|upkeep
|turn|4
|
|t:|1685906078
|-terastallize|p1a: Ursaluna|Normal
|move|p2a: Rotom|Protect|p2a: Rotom
|-singleturn|p2a: Rotom|Protect
|move|p1a: Ursaluna|Facade|p2a: Rotom
|-activate|p2a: Rotom|move: Protect
|
|-damage|p1a: Ursaluna|88/100 brn|[from] brn
|upkeep
|turn|5
|
|t:|1685906096
|switch|p2a: Skeledirge|Skeledirge, F|100/100
|move|p1a: Ursaluna|Crunch|p2a: Skeledirge
|-supereffective|p2a: Skeledirge
|-damage|p2a: Skeledirge|27/100
|
|-damage|p1a: Ursaluna|82/100 brn|[from] brn
|-fieldend|move: Trick Room
|upkeep
|turn|6
|
|t:|1685906119
|move|p2a: Skeledirge|Torch Song|p1a: Ursaluna
|-damage|p1a: Ursaluna|55/100 brn
|-boost|p2a: Skeledirge|spa|1
|move|p1a: Ursaluna|Earthquake|p2a: Skeledirge
|-supereffective|p2a: Skeledirge
|-damage|p2a: Skeledirge|0 fnt
|faint|p2a: Skeledirge
|
|-damage|p1a: Ursaluna|49/100 brn|[from] brn
|upkeep
|
|t:|1685906126
|switch|p2a: Great Tusk|Great Tusk|100/100
|turn|7
|
|t:|1685906131
|switch|p1a: Slowking|Slowking, M|100/100
|move|p2a: Great Tusk|Knock Off|p1a: Slowking
|-supereffective|p1a: Slowking
|-damage|p1a: Slowking|52/100
|-enditem|p1a: Slowking|Lagging Tail|[from] move: Knock Off|[of] p2a: Great Tusk
|
|upkeep
|turn|8
|
|t:|1685906144
|-end|p2a: Great Tusk|Protosynthesis|[silent]
|switch|p2a: Rotom|Rotom-Wash|100/100
|move|p1a: Slowking|Trick Room|p1a: Slowking
|-fieldstart|move: Trick Room|[of] p1a: Slowking
|
|upkeep
|turn|9
|
|t:|1685906151
|move|p1a: Slowking|Chilly Reception|p1a: Slowking
|-weather|Snow
|
|t:|1685906154
|switch|p1a: Magearna|Magearna|100/100|[from] Chilly Reception
|move|p2a: Rotom|Volt Switch|p1a: Magearna
|-damage|p1a: Magearna|79/100
|
|t:|1685906163
|switch|p2a: Great Tusk|Great Tusk|100/100|[from] Volt Switch
|
|-weather|Snow|[upkeep]
|upkeep
|turn|10
|
|t:|1685906172
|move|p1a: Magearna|Fleur Cannon|p2a: Great Tusk
|-supereffective|p2a: Great Tusk
|-damage|p2a: Great Tusk|0 fnt
|-unboost|p1a: Magearna|spa|2
|-enditem|p1a: Magearna|Eject Pack
|faint|p2a: Great Tusk
|-ability|p1a: Magearna|Soul-Heart|boost
|-boost|p1a: Magearna|spa|1
|-end|p2a: Great Tusk|Protosynthesis|[silent]
|
|t:|1685906190
|switch|p1a: Crabominable|Crabominable, F|100/100
|
|-weather|Snow|[upkeep]
|upkeep
|
|t:|1685906202
|switch|p2a: Garganacl|Garganacl, F|100/100
|turn|11
|
|t:|1685906210
|-terastallize|p2a: Garganacl|Fairy
|move|p1a: Crabominable|Ice Hammer|p2a: Garganacl
|-damage|p2a: Garganacl|39/100
|-unboost|p1a: Crabominable|spe|1
|-damage|p1a: Crabominable|91/100|[from] item: Life Orb
|move|p2a: Garganacl|Iron Defense|p2a: Garganacl
|-boost|p2a: Garganacl|def|2
|
|-weather|Snow|[upkeep]
|-heal|p2a: Garganacl|46/100|[from] item: Leftovers
|upkeep
|turn|12
|
|t:|1685906226
|switch|p1a: Magearna|Magearna|79/100
|move|p2a: Garganacl|Recover|p2a: Garganacl
|-heal|p2a: Garganacl|96/100
|
|-weather|Snow|[upkeep]
|-heal|p2a: Garganacl|100/100|[from] item: Leftovers
|-fieldend|move: Trick Room
|upkeep
|turn|13
|
|t:|1685906230
|move|p2a: Garganacl|Salt Cure|p1a: Magearna
|-resisted|p1a: Magearna
|-damage|p1a: Magearna|73/100
|-start|p1a: Magearna|Salt Cure
|move|p1a: Magearna|Trick Room|p1a: Magearna
|-fieldstart|move: Trick Room|[of] p1a: Magearna
|
|-weather|none
|-damage|p1a: Magearna|48/100|[from] Salt Cure
|upkeep
|turn|14
|
|t:|1685906239
|move|p2a: Garganacl|Iron Defense|p2a: Garganacl
|-boost|p2a: Garganacl|def|2
|move|p1a: Magearna|Fleur Cannon|p2a: Garganacl
|-damage|p2a: Garganacl|53/100
|-unboost|p1a: Magearna|spa|2
|
|-heal|p2a: Garganacl|60/100|[from] item: Leftovers
|-damage|p1a: Magearna|23/100|[from] Salt Cure
|upkeep
|turn|15
|
|t:|1685906254
|move|p2a: Garganacl|Recover|p2a: Garganacl
|-heal|p2a: Garganacl|100/100
|move|p1a: Magearna|Encore|p2a: Garganacl
|-start|p2a: Garganacl|Encore
|
|-damage|p1a: Magearna|0 fnt|[from] Salt Cure
|faint|p1a: Magearna
|upkeep
|
|t:|1685906263
|switch|p1a: Ursaluna|Ursaluna, F, tera:Normal|49/100 brn
|turn|16
|
|t:|1685906269
|move|p1a: Ursaluna|Swords Dance|p1a: Ursaluna
|-boost|p1a: Ursaluna|atk|2
|move|p2a: Garganacl|Recover||[still]
|-fail|p2a: Garganacl|heal
|
|-damage|p1a: Ursaluna|43/100 brn|[from] brn
|upkeep
|turn|17
|
|t:|1685906274
|move|p1a: Ursaluna|Swords Dance|p1a: Ursaluna
|-boost|p1a: Ursaluna|atk|2
|move|p2a: Garganacl|Recover||[still]
|-fail|p2a: Garganacl|heal
|
|-damage|p1a: Ursaluna|37/100 brn|[from] brn
|-fieldend|move: Trick Room
|upkeep
|turn|18
|
|t:|1685906277
|move|p2a: Garganacl|Recover||[still]
|-fail|p2a: Garganacl|heal
|move|p1a: Ursaluna|Facade|p2a: Garganacl
|-damage|p2a: Garganacl|0 fnt
|faint|p2a: Garganacl
|
|-damage|p1a: Ursaluna|31/100 brn|[from] brn
|upkeep
|
|t:|1685906286
|switch|p2a: Rotom|Rotom-Wash|100/100
|turn|19
|
|t:|1685906294
|switch|p1a: Cinderace|Cinderace, M|100/100
|move|p2a: Rotom|Hydro Pump|p1a: Cinderace
|-supereffective|p1a: Cinderace
|-damage|p1a: Cinderace|0 fnt
|faint|p1a: Cinderace
|
|upkeep
|
|t:|1685906296
|switch|p1a: Slowking|Slowking, M|86/100
|turn|20
|
|t:|1685906301
|move|p2a: Rotom|Volt Switch|p1a: Slowking
|-supereffective|p1a: Slowking
|-damage|p1a: Slowking|43/100
|
|t:|1685906304
|switch|p2a: Clodsire|Clodsire, F|100/100|[from] Volt Switch
|move|p1a: Slowking|Trick Room|p1a: Slowking
|-fieldstart|move: Trick Room|[of] p1a: Slowking
|
|upkeep
|turn|21
|
|t:|1685906313
|move|p1a: Slowking|Chilly Reception|p1a: Slowking
|-weather|Snow
|
|t:|1685906315
|switch|p1a: Crabominable|Crabominable, F|91/100|[from] Chilly Reception
|move|p2a: Clodsire|Earthquake|p1a: Crabominable
|-damage|p1a: Crabominable|71/100
|
|-weather|Snow|[upkeep]
|upkeep
|turn|22
|
|t:|1685906322
|move|p2a: Clodsire|Toxic|p1a: Crabominable
|-status|p1a: Crabominable|tox
|move|p1a: Crabominable|Ice Hammer|p2a: Clodsire
|-supereffective|p2a: Clodsire
|-damage|p2a: Clodsire|0 fnt
|-unboost|p1a: Crabominable|spe|1
|faint|p2a: Clodsire
|-damage|p1a: Crabominable|61/100 tox|[from] item: Life Orb
|
|-weather|Snow|[upkeep]
|-damage|p1a: Crabominable|55/100 tox|[from] psn
|upkeep
|
|t:|1685906325
|switch|p2a: Rotom|Rotom-Wash|100/100
|turn|23
|
|t:|1685906329
|move|p2a: Rotom|Protect|p2a: Rotom
|-singleturn|p2a: Rotom|Protect
|move|p1a: Crabominable|Close Combat|p2a: Rotom
|-activate|p2a: Rotom|move: Protect
|
|-weather|Snow|[upkeep]
|-damage|p1a: Crabominable|43/100 tox|[from] psn
|upkeep
|turn|24
|
|t:|1685906346
|move|p1a: Crabominable|Close Combat|p2a: Rotom
|-damage|p2a: Rotom|26/100
|-unboost|p1a: Crabominable|def|1
|-unboost|p1a: Crabominable|spd|1
|-damage|p1a: Crabominable|33/100 tox|[from] item: Life Orb
|move|p2a: Rotom|Volt Switch|p1a: Crabominable
|-damage|p1a: Crabominable|0 fnt
|faint|p1a: Crabominable
|
|-weather|Snow|[upkeep]
|-heal|p2a: Rotom|32/100|[from] item: Leftovers
|-fieldend|move: Trick Room
|upkeep
|
|t:|1685906349
|switch|p1a: Slowking|Slowking, M|76/100
|turn|25
|
|t:|1685906362
|move|p2a: Rotom|Volt Switch|p1a: Slowking
|-supereffective|p1a: Slowking
|-damage|p1a: Slowking|38/100
|move|p1a: Slowking|Trick Room|p1a: Slowking
|-fieldstart|move: Trick Room|[of] p1a: Slowking
|
|-weather|none
|-heal|p2a: Rotom|39/100|[from] item: Leftovers
|upkeep
|turn|26
|
|t:|1685906372
|move|p1a: Slowking|Psychic|p2a: Rotom
|-damage|p2a: Rotom|5/100
|move|p2a: Rotom|Hydro Pump|p1a: Slowking
|-resisted|p1a: Slowking
|-damage|p1a: Slowking|23/100
|
|-heal|p2a: Rotom|11/100|[from] item: Leftovers
|upkeep
|turn|27
|
|t:|1685906379
|move|p2a: Rotom|Protect|p2a: Rotom
|-singleturn|p2a: Rotom|Protect
|move|p1a: Slowking|Psychic|p2a: Rotom
|-activate|p2a: Rotom|move: Protect
|
|-heal|p2a: Rotom|17/100|[from] item: Leftovers
|upkeep
|turn|28
|
|t:|1685906387
|move|p1a: Slowking|Psychic|p2a: Rotom
|-damage|p2a: Rotom|0 fnt
|faint|p2a: Rotom
|
|win|Aggron
|raw|Aggron's rating: 1659 → 1674(+15 for winning)
|raw|Pretty Nizz's rating: 1569 → 1554(-15 for losing)
|l|☆Pretty Nizz
