|j|☆tjking34
|j|☆JayJayWTB
|t:|1685822957
|gametype|singles
|player|p1|tjking34|marshal|
|player|p2|JayJayWTB|cameraman|
|teamsize|p1|6
|teamsize|p2|6
|gen|9
|tier|[Gen 9] OU
|rule|Sleep Clause Mod: Limit one foe put to sleep
|rule|Species Clause: Limit one of each Pokémon
|rule|OHKO Clause: OHKO moves are banned
|rule|Evasion Items Clause: Evasion items are banned
|rule|Evasion Moves Clause: Evasion moves are banned
|rule|Endless Battle Clause: Forcing endless battles is banned
|rule|HP Percentage Mod: HP is shown in percentages
|clearpoke
|poke|p1|Tyranitar, M|
|poke|p1|Walking Wake|
|poke|p1|Torkoal, M|
|poke|p1|Abomasnow, M|
|poke|p1|Weavile, F|
|poke|p1|Copperajah, M|
|poke|p2|Baxcalibur, M|
|poke|p2|Great Tusk|
|poke|p2|Toxapex, M|
|poke|p2|Gengar, M|
|poke|p2|Charizard, M|
|poke|p2|Volcarona, M|
|teampreview
|
|t:|1685822975
|start
|switch|p1a: Rocky|Tyranitar, M|100/100
|switch|p2a: Godzilla??|Baxcalibur, M, shiny|100/100
|-weather|Sandstorm|[from] ability: Sand Stream|[of] p1a: Rocky
|turn|1
|
|t:|1685822983
|move|p2a: Godzilla??|Icicle Spear|p1a: Rocky
|-damage|p1a: Rocky|91/100
|-damage|p1a: Rocky|83/100
|-damage|p1a: Rocky|75/100
|-hitcount|p1a: Rocky|3
|move|p1a: Rocky|Stealth Rock|p2a: Godzilla??
|-sidestart|p2: JayJayWTB|move: Stealth Rock
|
|-weather|Sandstorm|[upkeep]
|-damage|p2a: Godzilla??|94/100|[from] Sandstorm
|-heal|p1a: Rocky|81/100|[from] item: Leftovers
|upkeep
|turn|2
|
|t:|1685822995
|move|p2a: Godzilla??|Glaive Rush|p1a: Rocky
|-damage|p1a: Rocky|38/100
|-singlemove|p2a: Godzilla??|Glaive Rush|[silent]
|move|p1a: Rocky|Earthquake|p2a: Godzilla??
|-damage|p2a: Godzilla??|40/100
|
|-weather|Sandstorm|[upkeep]
|-damage|p2a: Godzilla??|34/100|[from] Sandstorm
|-heal|p1a: Rocky|45/100|[from] item: Leftovers
|upkeep
|turn|3
|
|t:|1685823008
|move|p2a: Godzilla??|Glaive Rush|p1a: Rocky
|-damage|p1a: Rocky|1/100
|-singlemove|p2a: Godzilla??|Glaive Rush|[silent]
|move|p1a: Rocky|Earthquake|p2a: Godzilla??
|-damage|p2a: Godzilla??|0 fnt
|faint|p2a: Godzilla??
|
|-weather|Sandstorm|[upkeep]
|-heal|p1a: Rocky|7/100|[from] item: Leftovers
|upkeep
|
|t:|1685823017
|switch|p2a: Firefly|Volcarona, M, shiny|100/100
|turn|4
|
|t:|1685823041
|move|p2a: Firefly|Giga Drain|p1a: Rocky
|-supereffective|p1a: Rocky
|-damage|p1a: Rocky|0 fnt
|faint|p1a: Rocky
|
|-weather|Sandstorm|[upkeep]
|-damage|p2a: Firefly|94/100|[from] Sandstorm
|upkeep
|
|t:|1685823050
|switch|p1a: Burny|Torkoal, M|100/100
|-weather|SunnyDay|[from] ability: Drought|[of] p1a: Burny
|turn|5
|
|t:|1685823070
|-terastallize|p2a: Firefly|Ground
|move|p2a: Firefly|Substitute|p2a: Firefly
|-start|p2a: Firefly|Substitute
|-damage|p2a: Firefly|70/100
|move|p1a: Burny|Lava Plume|p2a: Firefly
|-end|p2a: Firefly|Substitute
|
|-weather|SunnyDay|[upkeep]
|upkeep
|turn|6
|
|t:|1685823078
|move|p2a: Firefly|Quiver Dance|p2a: Firefly
|-boost|p2a: Firefly|spa|1
|-boost|p2a: Firefly|spd|1
|-boost|p2a: Firefly|spe|1
|move|p1a: Burny|Will-O-Wisp|p2a: Firefly
|-status|p2a: Firefly|brn
|
|-weather|SunnyDay|[upkeep]
|-damage|p2a: Firefly|64/100 brn|[from] brn
|upkeep
|turn|7
|
|t:|1685823090
|move|p2a: Firefly|Giga Drain|p1a: Burny
|-resisted|p1a: Burny
|-damage|p1a: Burny|78/100
|-heal|p2a: Firefly|75/100 brn|[from] drain|[of] p1a: Burny
|move|p1a: Burny|Lava Plume|p2a: Firefly
|-damage|p2a: Firefly|52/100 brn
|
|-weather|SunnyDay|[upkeep]
|-damage|p2a: Firefly|46/100 brn|[from] brn
|upkeep
|turn|8
|
|t:|1685823115
|switch|p1a: Snowy|Abomasnow, M|100/100
|-weather|Snow|[from] ability: Snow Warning|[of] p1a: Snowy
|move|p2a: Firefly|Giga Drain|p1a: Snowy
|-resisted|p1a: Snowy
|-damage|p1a: Snowy|82/100
|-heal|p2a: Firefly|57/100 brn|[from] drain|[of] p1a: Snowy
|
|-weather|Snow|[upkeep]
|-damage|p2a: Firefly|50/100 brn|[from] brn
|upkeep
|turn|9
|
|t:|1685823125
|move|p2a: Firefly|Flamethrower|p1a: Snowy
|-supereffective|p1a: Snowy
|-damage|p1a: Snowy|0 fnt
|faint|p1a: Snowy
|
|-weather|Snow|[upkeep]
|-damage|p2a: Firefly|44/100 brn|[from] brn
|upkeep
|
|t:|1685823155
|switch|p1a: Slasher|Weavile, F|100/100
|-ability|p1a: Slasher|Pressure
|turn|10
|
|t:|1685823163
|move|p1a: Slasher|Ice Shard|p2a: Firefly
|-supereffective|p2a: Firefly
|-damage|p2a: Firefly|0 fnt
|faint|p2a: Firefly
|
|-weather|Snow|[upkeep]
|upkeep
|
|t:|1685823177
|switch|p2a: Spoopy Boi|Gengar, M, shiny|100/100
|-damage|p2a: Spoopy Boi|88/100|[from] Stealth Rock
|turn|11
|
|t:|1685823182
|move|p1a: Slasher|Ice Shard|p2a: Spoopy Boi
|-damage|p2a: Spoopy Boi|41/100
|move|p2a: Spoopy Boi|Mean Look|p1a: Slasher
|-activate|p1a: Slasher|trapped
|
|-weather|Snow|[upkeep]
|-heal|p2a: Spoopy Boi|47/100|[from] item: Leftovers
|upkeep
|turn|12
|
|t:|1685823189
|move|p1a: Slasher|Ice Shard|p2a: Spoopy Boi
|-damage|p2a: Spoopy Boi|0 fnt
|-start|p1a: Slasher|Disable|Ice Shard|[from] ability: Cursed Body|[of] p2a: Spoopy Boi
|faint|p2a: Spoopy Boi
|
|-weather|Snow|[upkeep]
|upkeep
|
|t:|1685823196
|switch|p2a: The Black Dread|Charizard, M, shiny|100/100
|-damage|p2a: The Black Dread|50/100|[from] Stealth Rock
|turn|13
|
|t:|1685823209
|switch|p1a: Burny|Torkoal, M|78/100
|-weather|SunnyDay|[from] ability: Drought|[of] p1a: Burny
|move|p2a: The Black Dread|Flamethrower|p1a: Burny
|-resisted|p1a: Burny
|-damage|p1a: Burny|41/100
|
|-weather|SunnyDay|[upkeep]
|-heal|p2a: The Black Dread|57/100|[from] item: Leftovers
|upkeep
|turn|14
|
|t:|1685823219
|switch|p1a: Watery|Walking Wake|100/100
|-activate|p1a: Watery|ability: Protosynthesis
|-start|p1a: Watery|protosynthesisspa
|move|p2a: The Black Dread|Air Slash|p1a: Watery
|-damage|p1a: Watery|69/100
|
|-weather|SunnyDay|[upkeep]
|-heal|p2a: The Black Dread|63/100|[from] item: Leftovers
|upkeep
|turn|15
|
|t:|1685823227
|move|p1a: Watery|Hydro Steam|p2a: The Black Dread
|-supereffective|p2a: The Black Dread
|-damage|p2a: The Black Dread|0 fnt
|faint|p2a: The Black Dread
|
|-weather|SunnyDay|[upkeep]
|upkeep
|
|t:|1685823235
|switch|p2a: Toxavestisbest|Toxapex, M, shiny|100/100
|-damage|p2a: Toxavestisbest|88/100|[from] Stealth Rock
|turn|16
|
|t:|1685823240
|move|p1a: Watery|Hydro Steam|p2a: Toxavestisbest
|-resisted|p2a: Toxavestisbest
|-damage|p2a: Toxavestisbest|52/100
|move|p2a: Toxavestisbest|Sludge Bomb|p1a: Watery
|-damage|p1a: Watery|41/100
|
|-weather|SunnyDay|[upkeep]
|upkeep
|turn|17
|
|t:|1685823251
|-end|p1a: Watery|Protosynthesis|[silent]
|switch|p1a: Burny|Torkoal, M|41/100
|move|p2a: Toxavestisbest|Ice Beam|p1a: Burny
|-resisted|p1a: Burny
|-damage|p1a: Burny|30/100
|
|-weather|SunnyDay|[upkeep]
|upkeep
|turn|18
|
|t:|1685823270
|-terastallize|p1a: Burny|Water
|move|p2a: Toxavestisbest|Surf|p1a: Burny
|-resisted|p1a: Burny
|-damage|p1a: Burny|23/100
|move|p1a: Burny|Will-O-Wisp|p2a: Toxavestisbest|[miss]
|-miss|p1a: Burny|p2a: Toxavestisbest
|
|-weather|SunnyDay|[upkeep]
|upkeep
|turn|19
|
|t:|1685823277
|move|p2a: Toxavestisbest|Sludge Bomb|p1a: Burny
|-damage|p1a: Burny|0 fnt
|faint|p1a: Burny
|
|-weather|SunnyDay|[upkeep]
|upkeep
|
|t:|1685823282
|switch|p1a: Watery|Walking Wake|41/100
|-activate|p1a: Watery|ability: Protosynthesis
|-start|p1a: Watery|protosynthesisspa
|turn|20
|
|t:|1685823290
|move|p1a: Watery|Dragon Pulse|p2a: Toxavestisbest
|-damage|p2a: Toxavestisbest|0 fnt
|faint|p2a: Toxavestisbest
|
|-weather|none
|-end|p1a: Watery|Protosynthesis
|upkeep
|
|t:|1685823295
|switch|p2a: Great Tusk|Great Tusk, shiny|100/100
|-damage|p2a: Great Tusk|97/100|[from] Stealth Rock
|turn|21
|
|t:|1685823300
|-end|p1a: Watery|Protosynthesis|[silent]
|switch|p1a: Da Boom|Copperajah, M|100/100
|move|p2a: Great Tusk|Earthquake|p1a: Da Boom
|-supereffective|p1a: Da Boom
|-damage|p1a: Da Boom|16/100
|
|-heal|p2a: Great Tusk|100/100|[from] item: Leftovers
|-heal|p1a: Da Boom|22/100|[from] item: Leftovers
|upkeep
|turn|22
|
|t:|1685823310
|move|p2a: Great Tusk|Earthquake|p1a: Da Boom
|-supereffective|p1a: Da Boom
|-damage|p1a: Da Boom|0 fnt
|faint|p1a: Da Boom
|
|upkeep
|
|t:|1685823316
|switch|p1a: Slasher|Weavile, F|100/100
|-ability|p1a: Slasher|Pressure
|turn|23
|
|t:|1685823321
|move|p1a: Slasher|Ice Spinner|p2a: Great Tusk
|-supereffective|p2a: Great Tusk
|-crit|p2a: Great Tusk
|-damage|p2a: Great Tusk|0 fnt
|faint|p2a: Great Tusk
|-end|p2a: Great Tusk|Protosynthesis|[silent]
|
|win|tjking34
