|j|‽dsrwdfgfdfdgfdfg
|j|☆Aggron
|t:|1685902387
|gametype|singles
|player|p1|dsrwdfgfdfdgfdfg|102|1573
|player|p2|Aggron|170|1587
|teamsize|p1|6
|teamsize|p2|6
|gen|9
|tier|[Gen 9] OU
|rated|
|rule|Sleep Clause Mod: Limit one foe put to sleep
|rule|Species Clause: Limit one of each Pokémon
|rule|OHKO Clause: OHKO moves are banned
|rule|Evasion Items Clause: Evasion items are banned
|rule|Evasion Moves Clause: Evasion moves are banned
|rule|Endless Battle Clause: Forcing endless battles is banned
|rule|HP Percentage Mod: HP is shown in percentages
|clearpoke
|poke|p1|Ursaluna, M|
|poke|p1|Magearna|
|poke|p1|Slowking-Galar, F|
|poke|p1|Kingambit, F|
|poke|p1|Hatterene, F|
|poke|p1|Corviknight, F|
|poke|p2|Ursaluna, F|
|poke|p2|Magearna|
|poke|p2|Slowking, M|
|poke|p2|Crabominable, M|
|poke|p2|Cinderace, M|
|poke|p2|Hoopa|
|teampreview
|inactive|Battle timer is ON: inactive players will automatically lose when time's up. (requested by Aggron)
|
|t:|1685902400
|start
|switch|p1a: Ursaluna|Ursaluna, M|100/100
|switch|p2a: Hoopa|Hoopa|100/100
|turn|1
|
|t:|1685902409
|move|p1a: Ursaluna|Headlong Rush|p2a: Hoopa
|-enditem|p2a: Hoopa|Focus Sash
|-damage|p2a: Hoopa|1/100
|-unboost|p1a: Ursaluna|def|1
|-unboost|p1a: Ursaluna|spd|1
|move|p2a: Hoopa|Hyperspace Hole|p1a: Ursaluna
|-damage|p1a: Ursaluna|33/100
|-item|p2a: Hoopa|Flame Orb|[from] ability: Magician|[of] p1a: Ursaluna
|
|-status|p2a: Hoopa|brn|[from] item: Flame Orb
|upkeep
|turn|2
|
|t:|1685902420
|move|p1a: Ursaluna|Ice Punch|p2a: Hoopa
|-damage|p2a: Hoopa|0 fnt
|faint|p2a: Hoopa
|
|upkeep
|
|t:|1685902423
|switch|p2a: Cinderace|Cinderace, M|100/100
|turn|3
|
|t:|1685902433
|switch|p1a: Slowking|Slowking-Galar, F|100/100
|move|p2a: Cinderace|Pyro Ball|p1a: Slowking|[miss]
|-miss|p2a: Cinderace|p1a: Slowking
|
|upkeep
|turn|4
|
|t:|1685902435
|move|p2a: Cinderace|U-turn|p1a: Slowking
|-start|p2a: Cinderace|typechange|Bug|[from] ability: Libero
|-damage|p1a: Slowking|67/100
|
|t:|1685902439
|switch|p2a: Slowking|Slowking, M|100/100|[from] U-turn
|move|p1a: Slowking|Trick Room|p1a: Slowking
|-fieldstart|move: Trick Room|[of] p1a: Slowking
|
|-heal|p1a: Slowking|73/100|[from] item: Leftovers
|upkeep
|turn|5
|
|t:|1685902446
|move|p1a: Slowking|Chilly Reception|p1a: Slowking
|-weather|Snow
|
|t:|1685902448
|switch|p1a: Kingambit|Kingambit, F|100/100|[from] Chilly Reception
|move|p2a: Slowking|Chilly Reception|p2a: Slowking
|
|t:|1685902452
|switch|p2a: Ursaluna|Ursaluna, F|100/100|[from] Chilly Reception
|
|-weather|Snow|[upkeep]
|-status|p2a: Ursaluna|brn|[from] item: Flame Orb
|upkeep
|turn|6
|
|t:|1685902461
|-end|p1a: Kingambit|fallenundefined|[silent]
|switch|p1a: Corviknight|Corviknight, F|100/100
|-ability|p1a: Corviknight|Pressure
|move|p2a: Ursaluna|Swords Dance|p2a: Ursaluna
|-boost|p2a: Ursaluna|atk|2
|
|-weather|Snow|[upkeep]
|-damage|p2a: Ursaluna|94/100 brn|[from] brn
|upkeep
|turn|7
|
|t:|1685902467
|-terastallize|p2a: Ursaluna|Normal
|move|p2a: Ursaluna|Facade|p1a: Corviknight
|-resisted|p1a: Corviknight
|-damage|p1a: Corviknight|0 fnt
|-damage|p2a: Ursaluna|78/100 brn|[from] item: Rocky Helmet|[of] p1a: Corviknight
|faint|p1a: Corviknight
|
|-weather|Snow|[upkeep]
|-damage|p2a: Ursaluna|72/100 brn|[from] brn
|upkeep
|l|‽dsrwdfgfdfdgfdfg
|inactive|dsrwdfgfdfdgfdfg disconnected and has a minute to reconnect!
|player|p1|
|inactive|dsrwdfgfdfdgfdfg has 30 seconds to reconnect!
|inactive|dsrwdfgfdfdgfdfg has 20 seconds to reconnect!
|inactive|dsrwdfgfdfdgfdfg has 15 seconds to reconnect!
|inactive|dsrwdfgfdfdgfdfg has 10 seconds to reconnect!
|l|☆Aggron
|inactive|Aggron disconnected and has a minute to reconnect!
|player|p2|
|inactive|dsrwdfgfdfdgfdfg has 5 seconds to reconnect!
|-message|dsrwdfgfdfdgfdfg lost due to inactivity.
|
|win|Aggron
|raw|dsrwdfgfdfdgfdfg's rating: 1573 → 1554(-19 for losing)
|raw|Aggron's rating: 1587 → 1606(+19 for winning)
|j|☆Aggron
|player|p2|Aggron|170
