|j|☆Delibird Heart
|j|☆venatic
|t:|1685903498
|gametype|singles
|player|p1|Delibird Heart|bruno|1714
|player|p2|venatic|265|1723
|teamsize|p1|6
|teamsize|p2|6
|gen|9
|tier|[Gen 9] OU
|rated|
|rule|Sleep Clause Mod: Limit one foe put to sleep
|rule|Species Clause: Limit one of each Pokémon
|rule|OHKO Clause: OHKO moves are banned
|rule|Evasion Items Clause: Evasion items are banned
|rule|Evasion Moves Clause: Evasion moves are banned
|rule|Endless Battle Clause: Forcing endless battles is banned
|rule|HP Percentage Mod: HP is shown in percentages
|clearpoke
|poke|p1|Chien-Pao|
|poke|p1|Magearna|
|poke|p1|Great Tusk|
|poke|p1|Tornadus-Therian, M|
|poke|p1|Zamazenta-*|
|poke|p1|Clodsire, M|
|poke|p2|Landorus-Therian, M|
|poke|p2|Magearna|
|poke|p2|Toxapex, F|
|poke|p2|Chien-Pao|
|poke|p2|Heatran, F|
|poke|p2|Zamazenta-*|
|teampreview
|j| the eminence
|inactive|Battle timer is ON: inactive players will automatically lose when time's up. (requested by Delibird Heart)
|j| wig = snatched
|j| Publix Lemonade
|inactive|venatic has 120 seconds left.
|
|t:|1685903535
|start
|switch|p1a: Tornadus|Tornadus-Therian, M|100/100
|switch|p2a: Landorus|Landorus-Therian, M|100/100
|-ability|p2a: Landorus|Intimidate|boost
|-unboost|p1a: Tornadus|atk|1
|turn|1
|j| Kingsinofsloth
|
|t:|1685903557
|move|p1a: Tornadus|Nasty Plot|p1a: Tornadus
|-boost|p1a: Tornadus|spa|2
|move|p2a: Landorus|Stealth Rock|p1a: Tornadus
|-sidestart|p1: Delibird Heart|move: Stealth Rock
|
|upkeep
|turn|2
|
|t:|1685903564
|switch|p2a: Heatran|Heatran, F|100/100
|move|p1a: Tornadus|Bleakwind Storm|p2a: Heatran
|-resisted|p2a: Heatran
|-damage|p2a: Heatran|70/100
|-unboost|p2a: Heatran|spe|1
|
|-heal|p2a: Heatran|76/100|[from] item: Leftovers
|upkeep
|turn|3
|
|t:|1685903573
|move|p2a: Heatran|Protect|p2a: Heatran
|-singleturn|p2a: Heatran|Protect
|move|p1a: Tornadus|Focus Blast|p2a: Heatran
|-activate|p2a: Heatran|move: Protect
|
|-heal|p2a: Heatran|83/100|[from] item: Leftovers
|upkeep
|turn|4
|
|t:|1685903581
|switch|p2a: Toxapex|Toxapex, F|100/100
|move|p1a: Tornadus|Focus Blast|p2a: Toxapex
|-resisted|p2a: Toxapex
|-damage|p2a: Toxapex|70/100
|
|upkeep
|turn|5
|
|t:|1685903600
|switch|p2a: Landorus|Landorus-Therian, M|100/100
|-ability|p2a: Landorus|Intimidate|boost
|-unboost|p1a: Tornadus|atk|1
|-terastallize|p1a: Tornadus|Flying
|move|p1a: Tornadus|Bleakwind Storm|p2a: Landorus
|-damage|p2a: Landorus|0 fnt
|faint|p2a: Landorus
|
|upkeep
|
|t:|1685903603
|switch|p2a: Chien-Pao|Chien-Pao|100/100
|-ability|p2a: Chien-Pao|Sword of Ruin
|turn|6
|
|t:|1685903616
|switch|p1a: Zamazenta|Zamazenta-Crowned|100/100
|-damage|p1a: Zamazenta|97/100|[from] Stealth Rock
|-ability|p1a: Zamazenta|Dauntless Shield|boost
|-boost|p1a: Zamazenta|def|1
|move|p2a: Chien-Pao|Ice Spinner|p1a: Zamazenta
|-resisted|p1a: Zamazenta
|-damage|p1a: Zamazenta|88/100
|
|upkeep
|turn|7
|l| the eminence
|
|t:|1685903620
|switch|p2a: Toxapex|Toxapex, F|100/100
|move|p1a: Zamazenta|Agility|p1a: Zamazenta
|-boost|p1a: Zamazenta|spe|2
|
|upkeep
|turn|8
|
|t:|1685903625
|switch|p1a: Great Tusk|Great Tusk|100/100
|-damage|p1a: Great Tusk|98/100|[from] Stealth Rock
|move|p2a: Toxapex|Haze|p2a: Toxapex
|-clearallboost
|
|-heal|p1a: Great Tusk|100/100|[from] item: Leftovers
|upkeep
|turn|9
|
|t:|1685903630
|move|p1a: Great Tusk|Rapid Spin|p2a: Toxapex
|-damage|p2a: Toxapex|92/100
|-boost|p1a: Great Tusk|spe|1
|-sideend|p1: Delibird Heart|Stealth Rock|[from] move: Rapid Spin|[of] p1a: Great Tusk
|move|p2a: Toxapex|Toxic|p1a: Great Tusk
|-status|p1a: Great Tusk|tox
|
|-damage|p1a: Great Tusk|94/100 tox|[from] psn
|upkeep
|turn|10
|
|t:|1685903643
|move|p1a: Great Tusk|Stealth Rock|p2a: Toxapex
|-sidestart|p2: venatic|move: Stealth Rock
|move|p2a: Toxapex|Infestation|p1a: Great Tusk
|-resisted|p1a: Great Tusk
|-damage|p1a: Great Tusk|92/100 tox
|-activate|p1a: Great Tusk|move: Infestation|[of] p2a: Toxapex
|
|-heal|p1a: Great Tusk|98/100 tox|[from] item: Leftovers
|-damage|p1a: Great Tusk|86/100 tox|[from] psn
|-damage|p1a: Great Tusk|74/100 tox|[from] move: Infestation|[partiallytrapped]
|upkeep
|turn|11
|j| coral fan
|
|t:|1685903648
|move|p1a: Great Tusk|Earthquake|p2a: Toxapex
|-supereffective|p2a: Toxapex
|-damage|p2a: Toxapex|40/100
|move|p2a: Toxapex|Recover|p2a: Toxapex
|-heal|p2a: Toxapex|90/100
|
|-heal|p1a: Great Tusk|80/100 tox|[from] item: Leftovers
|-damage|p1a: Great Tusk|61/100 tox|[from] psn
|-damage|p1a: Great Tusk|49/100 tox|[from] move: Infestation|[partiallytrapped]
|upkeep
|turn|12
|
|t:|1685903653
|move|p1a: Great Tusk|Earthquake|p2a: Toxapex
|-supereffective|p2a: Toxapex
|-damage|p2a: Toxapex|39/100
|move|p2a: Toxapex|Recover|p2a: Toxapex
|-heal|p2a: Toxapex|89/100
|
|-heal|p1a: Great Tusk|55/100 tox|[from] item: Leftovers
|-damage|p1a: Great Tusk|30/100 tox|[from] psn
|-damage|p1a: Great Tusk|18/100 tox|[from] move: Infestation|[partiallytrapped]
|upkeep
|turn|13
|
|t:|1685903656
|move|p1a: Great Tusk|Earthquake|p2a: Toxapex
|-supereffective|p2a: Toxapex
|-damage|p2a: Toxapex|39/100
|move|p2a: Toxapex|Recover|p2a: Toxapex
|-heal|p2a: Toxapex|90/100
|
|-heal|p1a: Great Tusk|24/100 tox|[from] item: Leftovers
|-damage|p1a: Great Tusk|0 fnt|[from] psn
|faint|p1a: Great Tusk
|-end|p1a: Great Tusk|Protosynthesis|[silent]
|upkeep
|
|t:|1685903665
|switch|p1a: Clodsire|Clodsire, M|100/100
|turn|14
|
|t:|1685903670
|switch|p2a: Chien-Pao|Chien-Pao|100/100
|-ability|p2a: Chien-Pao|Sword of Ruin
|move|p1a: Clodsire|Spikes|p2a: Chien-Pao
|-sidestart|p2: venatic|Spikes
|
|upkeep
|turn|15
|
|t:|1685903685
|switch|p1a: Zamazenta|Zamazenta-Crowned|88/100
|move|p2a: Chien-Pao|Sacred Sword|p1a: Zamazenta
|-supereffective|p1a: Zamazenta
|-damage|p1a: Zamazenta|46/100
|
|upkeep
|turn|16
|inactive|Delibird Heart has 120 seconds left.
|
|t:|1685903716
|switch|p2a: Toxapex|Toxapex, F|100/100
|move|p1a: Zamazenta|Iron Defense|p1a: Zamazenta
|-boost|p1a: Zamazenta|def|2
|
|upkeep
|turn|17
|
|t:|1685903719
|move|p1a: Zamazenta|Body Press|p2a: Toxapex
|-resisted|p2a: Toxapex
|-damage|p2a: Toxapex|69/100
|move|p2a: Toxapex|Haze|p2a: Toxapex
|-clearallboost
|
|upkeep
|turn|18
|inactive|Delibird Heart has 120 seconds left.
|
|t:|1685903747
|switch|p1a: Magearna|Magearna|100/100
|move|p2a: Toxapex|Infestation|p1a: Magearna
|-resisted|p1a: Magearna
|-damage|p1a: Magearna|99/100
|-activate|p1a: Magearna|move: Infestation|[of] p2a: Toxapex
|
|-heal|p1a: Magearna|100/100|[from] item: Leftovers
|-damage|p1a: Magearna|88/100|[from] move: Infestation|[partiallytrapped]
|upkeep
|turn|19
|
|t:|1685903757
|move|p1a: Magearna|Calm Mind|p1a: Magearna
|-boost|p1a: Magearna|spa|1
|-boost|p1a: Magearna|spd|1
|move|p2a: Toxapex|Recover|p2a: Toxapex
|-heal|p2a: Toxapex|100/100
|
|-heal|p1a: Magearna|94/100|[from] item: Leftovers
|-damage|p1a: Magearna|82/100|[from] move: Infestation|[partiallytrapped]
|upkeep
|turn|20
|
|t:|1685903760
|move|p1a: Magearna|Stored Power|p2a: Toxapex
|-supereffective|p2a: Toxapex
|-damage|p2a: Toxapex|55/100
|move|p2a: Toxapex|Haze|p2a: Toxapex
|-clearallboost
|
|-heal|p1a: Magearna|88/100|[from] item: Leftovers
|-damage|p1a: Magearna|75/100|[from] move: Infestation|[partiallytrapped]
|upkeep
|turn|21
|
|t:|1685903765
|move|p1a: Magearna|Shift Gear|p1a: Magearna
|-boost|p1a: Magearna|spe|2
|-boost|p1a: Magearna|atk|1
|move|p2a: Toxapex|Recover|p2a: Toxapex
|-heal|p2a: Toxapex|100/100
|
|-heal|p1a: Magearna|82/100|[from] item: Leftovers
|-damage|p1a: Magearna|69/100|[from] move: Infestation|[partiallytrapped]
|upkeep
|turn|22
|
|t:|1685903769
|move|p1a: Magearna|Stored Power|p2a: Toxapex
|-supereffective|p2a: Toxapex
|-damage|p2a: Toxapex|62/100
|move|p2a: Toxapex|Haze|p2a: Toxapex
|-clearallboost
|
|-heal|p1a: Magearna|75/100|[from] item: Leftovers
|-damage|p1a: Magearna|63/100|[from] move: Infestation|[partiallytrapped]
|upkeep
|turn|23
|
|t:|1685903775
|move|p1a: Magearna|Calm Mind|p1a: Magearna
|-boost|p1a: Magearna|spa|1
|-boost|p1a: Magearna|spd|1
|move|p2a: Toxapex|Haze|p2a: Toxapex
|-clearallboost
|
|-heal|p1a: Magearna|69/100|[from] item: Leftovers
|-end|p1a: Magearna|Infestation|[partiallytrapped]
|upkeep
|turn|24
|
|t:|1685903787
|switch|p1a: Clodsire|Clodsire, M|100/100
|move|p2a: Toxapex|Infestation|p1a: Clodsire
|-resisted|p1a: Clodsire
|-damage|p1a: Clodsire|99/100
|-activate|p1a: Clodsire|move: Infestation|[of] p2a: Toxapex
|
|-heal|p1a: Clodsire|100/100|[from] item: Leftovers
|-damage|p1a: Clodsire|88/100|[from] move: Infestation|[partiallytrapped]
|upkeep
|turn|25
|
|t:|1685903793
|switch|p2a: Chien-Pao|Chien-Pao|100/100
|-ability|p2a: Chien-Pao|Sword of Ruin
|move|p1a: Clodsire|Toxic|p2a: Chien-Pao
|-status|p2a: Chien-Pao|tox
|
|-heal|p1a: Clodsire|94/100|[from] item: Leftovers
|-damage|p2a: Chien-Pao|95/100 tox|[from] psn
|-end|p1a: Clodsire|Infestation|[partiallytrapped]|[silent]
|upkeep
|turn|26
|
|t:|1685903807
|switch|p1a: Magearna|Magearna|69/100
|move|p2a: Chien-Pao|Ice Spinner|p1a: Magearna
|-resisted|p1a: Magearna
|-damage|p1a: Magearna|49/100
|
|-heal|p1a: Magearna|55/100|[from] item: Leftovers
|-damage|p2a: Chien-Pao|83/100 tox|[from] psn
|upkeep
|turn|27
|
|t:|1685903814
|move|p2a: Chien-Pao|Sacred Sword|p1a: Magearna
|-damage|p1a: Magearna|21/100
|move|p1a: Magearna|Draining Kiss|p2a: Chien-Pao
|-supereffective|p2a: Chien-Pao
|-damage|p2a: Chien-Pao|9/100 tox
|-heal|p1a: Magearna|67/100|[from] drain|[of] p2a: Chien-Pao
|
|-heal|p1a: Magearna|73/100|[from] item: Leftovers
|-damage|p2a: Chien-Pao|0 fnt|[from] psn
|faint|p2a: Chien-Pao
|-ability|p1a: Magearna|Soul-Heart|boost
|-boost|p1a: Magearna|spa|1
|upkeep
|
|t:|1685903819
|switch|p2a: Heatran|Heatran, F|83/100
|-damage|p2a: Heatran|70/100|[from] Stealth Rock
|-damage|p2a: Heatran|58/100|[from] Spikes
|turn|28
|
|t:|1685903837
|move|p1a: Magearna|Calm Mind|p1a: Magearna
|-boost|p1a: Magearna|spa|1
|-boost|p1a: Magearna|spd|1
|move|p2a: Heatran|Magma Storm|p1a: Magearna
|-supereffective|p1a: Magearna
|-damage|p1a: Magearna|28/100
|-activate|p1a: Magearna|move: Magma Storm|[of] p2a: Heatran
|
|-heal|p1a: Magearna|34/100|[from] item: Leftovers
|-heal|p2a: Heatran|64/100|[from] item: Leftovers
|-damage|p1a: Magearna|22/100|[from] move: Magma Storm|[partiallytrapped]
|upkeep
|turn|29
|j| Joltinjoe18
|
|t:|1685903856
|move|p1a: Magearna|Stored Power|p2a: Heatran
|-resisted|p2a: Heatran
|-damage|p2a: Heatran|47/100
|move|p2a: Heatran|Earth Power|p1a: Magearna
|-supereffective|p1a: Magearna
|-damage|p1a: Magearna|0 fnt
|faint|p1a: Magearna
|
|-heal|p2a: Heatran|54/100|[from] item: Leftovers
|upkeep
|
|t:|1685903868
|switch|p1a: Clodsire|Clodsire, M|94/100
|turn|30
|
|t:|1685903871
|-terastallize|p2a: Heatran|Grass
|move|p2a: Heatran|Magma Storm|p1a: Clodsire
|-damage|p1a: Clodsire|70/100
|-activate|p1a: Clodsire|move: Magma Storm|[of] p2a: Heatran
|move|p1a: Clodsire|Earthquake|p2a: Heatran
|-resisted|p2a: Heatran
|-damage|p2a: Heatran|43/100
|
|-heal|p2a: Heatran|49/100|[from] item: Leftovers
|-heal|p1a: Clodsire|76/100|[from] item: Leftovers
|-damage|p1a: Clodsire|63/100|[from] move: Magma Storm|[partiallytrapped]
|upkeep
|turn|31
|
|t:|1685903876
|move|p2a: Heatran|Taunt|p1a: Clodsire
|-start|p1a: Clodsire|move: Taunt
|cant|p1a: Clodsire|move: Taunt|Toxic
|
|-heal|p2a: Heatran|55/100|[from] item: Leftovers
|-heal|p1a: Clodsire|70/100|[from] item: Leftovers
|-damage|p1a: Clodsire|57/100|[from] move: Magma Storm|[partiallytrapped]
|upkeep
|turn|32
|c|☆Delibird Heart|fuck tera
|c|☆Delibird Heart|fuck
|c|☆Delibird Heart|fuck
|c|☆Delibird Heart|fucking tera
|c|☆Delibird Heart|just ban
|c|☆Delibird Heart|this fucking shit
|
|t:|1685903889
|move|p2a: Heatran|Earth Power|p1a: Clodsire
|-supereffective|p1a: Clodsire
|-damage|p1a: Clodsire|30/100
|move|p1a: Clodsire|Earthquake|p2a: Heatran
|-resisted|p2a: Heatran
|-damage|p2a: Heatran|43/100
|
|-heal|p2a: Heatran|49/100|[from] item: Leftovers
|-heal|p1a: Clodsire|36/100|[from] item: Leftovers
|-damage|p1a: Clodsire|23/100|[from] move: Magma Storm|[partiallytrapped]
|upkeep
|turn|33
|
|t:|1685903901
|move|p2a: Heatran|Protect|p2a: Heatran
|-singleturn|p2a: Heatran|Protect
|move|p1a: Clodsire|Earthquake|p2a: Heatran
|-activate|p2a: Heatran|move: Protect
|
|-heal|p2a: Heatran|55/100|[from] item: Leftovers
|-heal|p1a: Clodsire|30/100|[from] item: Leftovers
|-damage|p1a: Clodsire|17/100|[from] move: Magma Storm|[partiallytrapped]
|-end|p1a: Clodsire|move: Taunt
|upkeep
|turn|34
|
|t:|1685903904
|move|p2a: Heatran|Earth Power|p1a: Clodsire
|-supereffective|p1a: Clodsire
|-damage|p1a: Clodsire|0 fnt
|faint|p1a: Clodsire
|
|-heal|p2a: Heatran|62/100|[from] item: Leftovers
|upkeep
|
|t:|1685903915
|switch|p1a: Tornadus|Tornadus-Therian, M, tera:Flying|100/100
|turn|35
|
|t:|1685903918
|move|p1a: Tornadus|Nasty Plot|p1a: Tornadus
|-boost|p1a: Tornadus|spa|2
|move|p2a: Heatran|Magma Storm|p1a: Tornadus|[miss]
|-miss|p2a: Heatran|p1a: Tornadus
|
|-heal|p2a: Heatran|68/100|[from] item: Leftovers
|upkeep
|turn|36
|
|t:|1685903923
|move|p1a: Tornadus|Bleakwind Storm|p2a: Heatran
|-supereffective|p2a: Heatran
|-damage|p2a: Heatran|0 fnt
|faint|p2a: Heatran
|
|upkeep
|
|t:|1685903929
|switch|p2a: Toxapex|Toxapex, F|95/100
|turn|37
|
|t:|1685903931
|move|p1a: Tornadus|Bleakwind Storm|p2a: Toxapex
|-damage|p2a: Toxapex|0 fnt
|faint|p2a: Toxapex
|
|upkeep
|
|t:|1685903934
|switch|p2a: Magearna|Magearna|100/100
|-damage|p2a: Magearna|94/100|[from] Stealth Rock
|-damage|p2a: Magearna|82/100|[from] Spikes
|turn|38
|
|t:|1685903938
|move|p1a: Tornadus|Heat Wave|p2a: Magearna
|-supereffective|p2a: Magearna
|-damage|p2a: Magearna|0 fnt
|faint|p2a: Magearna
|
|upkeep
|
|t:|1685903941
|switch|p2a: Zamazenta|Zamazenta|100/100
|-damage|p2a: Zamazenta|94/100|[from] Stealth Rock
|-damage|p2a: Zamazenta|82/100|[from] Spikes
|-ability|p2a: Zamazenta|Dauntless Shield|boost
|-boost|p2a: Zamazenta|def|1
|turn|39
|
|t:|1685903945
|move|p2a: Zamazenta|Close Combat|p1a: Tornadus
|-resisted|p1a: Tornadus
|-damage|p1a: Tornadus|37/100
|-unboost|p2a: Zamazenta|def|1
|-unboost|p2a: Zamazenta|spd|1
|move|p1a: Tornadus|Bleakwind Storm|p2a: Zamazenta
|-supereffective|p2a: Zamazenta
|-damage|p2a: Zamazenta|0 fnt
|faint|p2a: Zamazenta
|
|win|Delibird Heart
|raw|Delibird Heart's rating: 1714 → 1735(+21 for winning)
|raw|venatic's rating: 1723 → 1702(-21 for losing)
