|j|☆dragon on dragon
|j|☆Goobinator420
|t:|1685905272
|gametype|singles
|player|p1|dragon on dragon|102|1042
|player|p2|Goobinator420|1|1132
|teamsize|p1|6
|teamsize|p2|6
|gen|9
|tier|[Gen 9] OU
|rated|
|rule|Sleep Clause Mod: Limit one foe put to sleep
|rule|Species Clause: Limit one of each Pokémon
|rule|OHKO Clause: OHKO moves are banned
|rule|Evasion Items Clause: Evasion items are banned
|rule|Evasion Moves Clause: Evasion moves are banned
|rule|Endless Battle Clause: Forcing endless battles is banned
|rule|HP Percentage Mod: HP is shown in percentages
|clearpoke
|poke|p1|Arcanine-Hisui, M|
|poke|p1|Breloom, M|
|poke|p1|Enamorus-Therian, F|
|poke|p1|Chien-Pao|
|poke|p1|Tinkaton, F|
|poke|p1|Urshifu-*, F|
|poke|p2|Sneasler, M|
|poke|p2|Samurott-Hisui, F|
|poke|p2|Zamazenta-*|
|poke|p2|Volcarona, F|
|poke|p2|Magearna|
|poke|p2|Dragapult, M|
|teampreview
|
|t:|1685905278
|start
|switch|p1a: Tinkaton|Tinkaton, F|100/100
|switch|p2a: Samurott|Samurott-Hisui, F|100/100
|-ability|p1a: Tinkaton|Mold Breaker
|turn|1
|
|t:|1685905298
|switch|p2a: Zamazenta|Zamazenta-Crowned|100/100
|-ability|p2a: Zamazenta|Dauntless Shield|boost
|-boost|p2a: Zamazenta|def|1
|move|p1a: Tinkaton|Fake Out|p2a: Zamazenta
|-resisted|p2a: Zamazenta
|-damage|p2a: Zamazenta|98/100
|
|upkeep
|turn|2
|
|t:|1685905307
|move|p2a: Zamazenta|Behemoth Bash|p1a: Tinkaton
|-damage|p1a: Tinkaton|44/100
|move|p1a: Tinkaton|Stealth Rock|p2a: Zamazenta
|-sidestart|p2: Goobinator420|move: Stealth Rock
|
|upkeep
|turn|3
|
|t:|1685905322
|move|p2a: Zamazenta|Behemoth Bash|p1a: Tinkaton
|-damage|p1a: Tinkaton|0 fnt
|faint|p1a: Tinkaton
|
|upkeep
|
|t:|1685905333
|switch|p1a: Urshifu|Urshifu-Rapid-Strike, F|100/100
|turn|4
|
|t:|1685905342
|switch|p2a: Dragapult|Dragapult, M|100/100
|-damage|p2a: Dragapult|88/100|[from] Stealth Rock
|-terastallize|p1a: Urshifu|Water
|move|p1a: Urshifu|Surging Strikes|p2a: Dragapult
|-resisted|p2a: Dragapult
|-crit|p2a: Dragapult
|-damage|p2a: Dragapult|66/100
|-resisted|p2a: Dragapult
|-crit|p2a: Dragapult
|-damage|p2a: Dragapult|44/100
|-start|p1a: Urshifu|Disable|Surging Strikes|[from] ability: Cursed Body|[of] p2a: Dragapult
|-resisted|p2a: Dragapult
|-crit|p2a: Dragapult
|-damage|p2a: Dragapult|23/100
|-hitcount|p2a: Dragapult|3
|
|upkeep
|turn|5
|
|t:|1685905359
|switch|p1a: Enamorus|Enamorus-Therian, F|100/100
|move|p2a: Dragapult|Reflect|p2a: Dragapult
|-sidestart|p2: Goobinator420|Reflect
|
|upkeep
|turn|6
|
|t:|1685905365
|move|p2a: Dragapult|Curse|p1a: Enamorus
|-start|p1a: Enamorus|Curse|[of] p2a: Dragapult
|-damage|p2a: Dragapult|0 fnt
|faint|p2a: Dragapult
|move|p1a: Enamorus|Draining Kiss|p2: Dragapult|[notarget]
|-fail|p1a: Enamorus
|
|-damage|p1a: Enamorus|76/100|[from] Curse
|upkeep
|
|t:|1685905383
|switch|p2a: Sneasler|Sneasler, M|100/100
|-damage|p2a: Sneasler|94/100|[from] Stealth Rock
|-item|p2a: Sneasler|Air Balloon
|turn|7
|
|t:|1685905397
|move|p2a: Sneasler|Dire Claw|p1a: Enamorus
|-supereffective|p1a: Enamorus
|-damage|p1a: Enamorus|0 fnt
|faint|p1a: Enamorus
|
|upkeep
|
|t:|1685905403
|switch|p1a: Urshifu|Urshifu-Rapid-Strike, F, tera:Water|100/100
|turn|8
|
|t:|1685905409
|switch|p2a: Samurott|Samurott-Hisui, F|100/100
|-damage|p2a: Samurott|88/100|[from] Stealth Rock
|move|p1a: Urshifu|Surging Strikes|p2a: Samurott
|-resisted|p2a: Samurott
|-crit|p2a: Samurott
|-damage|p2a: Samurott|65/100
|-resisted|p2a: Samurott
|-crit|p2a: Samurott
|-damage|p2a: Samurott|39/100
|-resisted|p2a: Samurott
|-crit|p2a: Samurott
|-damage|p2a: Samurott|14/100
|-hitcount|p2a: Samurott|3
|
|upkeep
|turn|9
|
|t:|1685905421
|move|p1a: Urshifu|Surging Strikes|p2a: Samurott
|-resisted|p2a: Samurott
|-crit|p2a: Samurott
|-damage|p2a: Samurott|0 fnt
|faint|p2a: Samurott
|-hitcount|p2: Samurott|1
|
|upkeep
|
|t:|1685905432
|switch|p2a: Magearna|Magearna|100/100
|-damage|p2a: Magearna|94/100|[from] Stealth Rock
|turn|10
|
|t:|1685905440
|switch|p1a: Breloom|Breloom, M|100/100
|move|p2a: Magearna|Calm Mind|p2a: Magearna
|-boost|p2a: Magearna|spa|1
|-boost|p2a: Magearna|spd|1
|
|-heal|p2a: Magearna|100/100|[from] item: Leftovers
|upkeep
|turn|11
|
|t:|1685905455
|move|p1a: Breloom|Spore|p2a: Magearna
|-status|p2a: Magearna|slp|[from] move: Spore
|cant|p2a: Magearna|slp
|
|upkeep
|turn|12
|
|t:|1685905460
|move|p1a: Breloom|Swords Dance|p1a: Breloom
|-boost|p1a: Breloom|atk|2
|cant|p2a: Magearna|slp
|
|-sideend|p2: Goobinator420|Reflect
|upkeep
|turn|13
|
|t:|1685905466
|move|p1a: Breloom|Bullet Seed|p2a: Magearna
|-resisted|p2a: Magearna
|-damage|p2a: Magearna|86/100 slp
|-resisted|p2a: Magearna
|-damage|p2a: Magearna|71/100 slp
|-resisted|p2a: Magearna
|-damage|p2a: Magearna|56/100 slp
|-resisted|p2a: Magearna
|-damage|p2a: Magearna|42/100 slp
|-resisted|p2a: Magearna
|-crit|p2a: Magearna
|-damage|p2a: Magearna|20/100 slp
|-hitcount|p2a: Magearna|5
|-curestatus|p2a: Magearna|slp|[msg]
|move|p2a: Magearna|Stored Power|p1a: Breloom
|-supereffective|p1a: Breloom
|-crit|p1a: Breloom
|-damage|p1a: Breloom|0 fnt
|faint|p1a: Breloom
|-ability|p2a: Magearna|Soul-Heart|boost
|-boost|p2a: Magearna|spa|1
|
|-heal|p2a: Magearna|26/100|[from] item: Leftovers
|upkeep
|
|t:|1685905477
|switch|p1a: Urshifu|Urshifu-Rapid-Strike, F, tera:Water|100/100
|turn|14
|
|t:|1685905486
|move|p1a: Urshifu|Surging Strikes|p2a: Magearna
|-crit|p2a: Magearna
|-damage|p2a: Magearna|0 fnt
|faint|p2a: Magearna
|-hitcount|p2: Magearna|1
|
|upkeep
|
|t:|1685905497
|switch|p2a: Volcarona|Volcarona, F|100/100
|turn|15
|
|t:|1685905526
|switch|p1a: Arcanine|Arcanine-Hisui, M|100/100
|-ability|p1a: Arcanine|Intimidate|boost
|-unboost|p2a: Volcarona|atk|1
|move|p2a: Volcarona|Giga Drain|p1a: Arcanine
|-crit|p1a: Arcanine
|-damage|p1a: Arcanine|54/100
|
|upkeep
|turn|16
|
|t:|1685905534
|switch|p2a: Zamazenta|Zamazenta-Crowned|98/100
|-damage|p2a: Zamazenta|95/100|[from] Stealth Rock
|move|p1a: Arcanine|Head Smash|p2a: Zamazenta
|-resisted|p2a: Zamazenta
|-damage|p2a: Zamazenta|84/100
|-damage|p1a: Arcanine|49/100|[from] Recoil
|
|upkeep
|turn|17
|
|t:|1685905543
|move|p1a: Arcanine|Head Smash|p2a: Zamazenta|[miss]
|-miss|p1a: Arcanine|p2a: Zamazenta
|move|p2a: Zamazenta|Iron Defense|p2a: Zamazenta
|-boost|p2a: Zamazenta|def|2
|
|upkeep
|turn|18
|
|t:|1685905552
|move|p1a: Arcanine|Head Smash|p2a: Zamazenta
|-resisted|p2a: Zamazenta
|-damage|p2a: Zamazenta|78/100
|-damage|p1a: Arcanine|46/100|[from] Recoil
|move|p2a: Zamazenta|Body Press|p1a: Arcanine
|-supereffective|p1a: Arcanine
|-damage|p1a: Arcanine|0 fnt
|faint|p1a: Arcanine
|
|upkeep
|
|t:|1685905573
|switch|p1a: Urshifu|Urshifu-Rapid-Strike, F, tera:Water|100/100
|turn|19
|
|t:|1685905585
|move|p2a: Zamazenta|Body Press|p1a: Urshifu
|-damage|p1a: Urshifu|19/100
|move|p1a: Urshifu|Surging Strikes|p2a: Zamazenta
|-crit|p2a: Zamazenta
|-damage|p2a: Zamazenta|54/100
|-crit|p2a: Zamazenta
|-damage|p2a: Zamazenta|26/100
|-crit|p2a: Zamazenta
|-damage|p2a: Zamazenta|2/100
|-hitcount|p2a: Zamazenta|3
|
|upkeep
|turn|20
|
|t:|1685905595
|move|p2a: Zamazenta|Body Press|p1a: Urshifu
|-damage|p1a: Urshifu|0 fnt
|faint|p1a: Urshifu
|
|upkeep
|
|t:|1685905598
|switch|p1a: Chien-Pao|Chien-Pao|100/100
|-ability|p1a: Chien-Pao|Sword of Ruin
|turn|21
|
|t:|1685905618
|move|p1a: Chien-Pao|Ice Spinner|p2a: Zamazenta
|-resisted|p2a: Zamazenta
|-damage|p2a: Zamazenta|0 fnt
|faint|p2a: Zamazenta
|-damage|p1a: Chien-Pao|91/100|[from] item: Life Orb
|
|upkeep
|
|t:|1685905627
|switch|p2a: Sneasler|Sneasler, M|94/100
|-damage|p2a: Sneasler|88/100|[from] Stealth Rock
|-item|p2a: Sneasler|Air Balloon
|turn|22
|
|t:|1685905633
|move|p2a: Sneasler|Fake Out|p1a: Chien-Pao
|-damage|p1a: Chien-Pao|70/100
|cant|p1a: Chien-Pao|flinch
|
|upkeep
|turn|23
|
|t:|1685905639
|move|p1a: Chien-Pao|Ice Spinner|p2a: Sneasler
|-damage|p2a: Sneasler|0 fnt
|-enditem|p2a: Sneasler|Air Balloon
|faint|p2a: Sneasler
|-damage|p1a: Chien-Pao|60/100|[from] item: Life Orb
|
|upkeep
|
|t:|1685905645
|switch|p2a: Volcarona|Volcarona, F|100/100
|turn|24
|
|t:|1685905649
|move|p1a: Chien-Pao|Crunch|p2a: Volcarona
|-damage|p2a: Volcarona|1/100
|-status|p1a: Chien-Pao|brn|[from] ability: Flame Body|[of] p2a: Volcarona
|-damage|p1a: Chien-Pao|50/100 brn|[from] item: Life Orb
|move|p2a: Volcarona|Fiery Dance|p1a: Chien-Pao
|-supereffective|p1a: Chien-Pao
|-damage|p1a: Chien-Pao|0 fnt
|-boost|p2a: Volcarona|spa|1
|faint|p1a: Chien-Pao
|
|win|Goobinator420
|raw|dragon on dragon's rating: 1042 → 1030(-12 for losing)
|raw|Goobinator420's rating: 1132 → 1151(+19 for winning)
|l|☆Goobinator420
|c|☆dragon on dragon|gg
