|j|☆misplayin
|j|☆SmolTuna
|t:|1685872131
|gametype|singles
|player|p1|misplayin|acetrainerf-gen2|1712
|player|p2|SmolTuna|guitarist-gen2|1752
|teamsize|p1|6
|teamsize|p2|6
|gen|9
|tier|[Gen 9] OU
|rated|
|rule|Sleep Clause Mod: Limit one foe put to sleep
|rule|Species Clause: Limit one of each Pokémon
|rule|OHKO Clause: OHKO moves are banned
|rule|Evasion Items Clause: Evasion items are banned
|rule|Evasion Moves Clause: Evasion moves are banned
|rule|Endless Battle Clause: Forcing endless battles is banned
|rule|HP Percentage Mod: HP is shown in percentages
|clearpoke
|poke|p1|Braviary-Hisui, M|
|poke|p1|Cinderace, F|
|poke|p1|Scizor, F|
|poke|p1|Clodsire, F|
|poke|p1|Dragapult, M|
|poke|p1|Great Tusk|
|poke|p2|Heatran, F|
|poke|p2|Slowking-Galar, F|
|poke|p2|Zapdos|
|poke|p2|Chien-Pao|
|poke|p2|Great Tusk|
|poke|p2|Samurott-Hisui, F|
|teampreview
|inactive|Battle timer is ON: inactive players will automatically lose when time's up. (requested by misplayin)
|
|t:|1685872153
|start
|switch|p1a: Dragapult|Dragapult, M|100/100
|switch|p2a: Chien-Pao|Chien-Pao|100/100
|-ability|p2a: Chien-Pao|Sword of Ruin
|turn|1
|
|t:|1685872164
|switch|p1a: Great Tusk|Great Tusk|100/100
|move|p2a: Chien-Pao|Ice Shard|p1a: Great Tusk
|-supereffective|p1a: Great Tusk
|-damage|p1a: Great Tusk|58/100
|
|-heal|p1a: Great Tusk|64/100|[from] item: Leftovers
|upkeep
|turn|2
|
|t:|1685872171
|switch|p2a: Zapdos|Zapdos, shiny|100/100
|-end|p1a: Great Tusk|Protosynthesis|[silent]
|switch|p1a: Cinderace|Cinderace, F|100/100
|
|upkeep
|turn|3
|
|t:|1685872174
|move|p1a: Cinderace|Pyro Ball|p2a: Zapdos
|-damage|p2a: Zapdos|61/100
|move|p2a: Zapdos|Volt Switch|p1a: Cinderace
|-damage|p1a: Cinderace|57/100
|
|t:|1685872177
|switch|p2a: Samurott|Samurott-Hisui, F, shiny|100/100|[from] Volt Switch
|
|upkeep
|turn|4
|
|t:|1685872187
|switch|p1a: Scizor|Scizor, F|100/100
|move|p2a: Samurott|Ceaseless Edge|p1a: Scizor
|-damage|p1a: Scizor|45/100
|-sidestart|p1: misplayin|Spikes
|
|upkeep
|turn|5
|
|t:|1685872193
|switch|p1a: Great Tusk|Great Tusk|64/100
|-damage|p1a: Great Tusk|51/100|[from] Spikes
|move|p2a: Samurott|Ceaseless Edge|p1a: Great Tusk
|-resisted|p1a: Great Tusk
|-damage|p1a: Great Tusk|41/100
|-sidestart|p1: misplayin|Spikes
|
|-heal|p1a: Great Tusk|48/100|[from] item: Leftovers
|upkeep
|turn|6
|
|t:|1685872196
|switch|p2a: Zapdos|Zapdos, shiny|61/100
|move|p1a: Great Tusk|Rapid Spin|p2a: Zapdos
|-crit|p2a: Zapdos
|-damage|p2a: Zapdos|45/100
|-boost|p1a: Great Tusk|spe|1
|-sideend|p1: misplayin|Spikes|[from] move: Rapid Spin|[of] p1a: Great Tusk
|
|-heal|p1a: Great Tusk|54/100|[from] item: Leftovers
|upkeep
|turn|7
|
|t:|1685872200
|move|p1a: Great Tusk|Taunt|p2a: Zapdos
|-start|p2a: Zapdos|move: Taunt
|cant|p2a: Zapdos|move: Taunt|Roost
|
|-heal|p1a: Great Tusk|60/100|[from] item: Leftovers
|upkeep
|turn|8
|
|t:|1685872203
|-end|p1a: Great Tusk|Protosynthesis|[silent]
|switch|p1a: Clodsire|Clodsire, F|100/100
|move|p2a: Zapdos|Hurricane|p1a: Clodsire|[miss]
|-miss|p2a: Zapdos|p1a: Clodsire
|
|upkeep
|turn|9
|
|t:|1685872208
|switch|p2a: Great Tusk|Great Tusk, shiny|100/100
|move|p1a: Clodsire|Spikes|p2a: Great Tusk
|-sidestart|p2: SmolTuna|Spikes
|
|upkeep
|turn|10
|
|t:|1685872211
|move|p2a: Great Tusk|Rapid Spin|p1a: Clodsire
|-damage|p1a: Clodsire|85/100
|-boost|p2a: Great Tusk|spe|1
|-sideend|p2: SmolTuna|Spikes|[from] move: Rapid Spin|[of] p2a: Great Tusk
|move|p1a: Clodsire|Toxic|p2a: Great Tusk
|-status|p2a: Great Tusk|tox
|
|-heal|p1a: Clodsire|91/100|[from] item: Leftovers
|-damage|p2a: Great Tusk|94/100 tox|[from] psn
|upkeep
|turn|11
|
|t:|1685872216
|move|p2a: Great Tusk|Stealth Rock|p1a: Clodsire
|-sidestart|p1: misplayin|move: Stealth Rock
|move|p1a: Clodsire|Spikes|p2a: Great Tusk
|-sidestart|p2: SmolTuna|Spikes
|
|-heal|p2a: Great Tusk|100/100 tox|[from] item: Leftovers
|-heal|p1a: Clodsire|97/100|[from] item: Leftovers
|-damage|p2a: Great Tusk|88/100 tox|[from] psn
|upkeep
|turn|12
|
|t:|1685872218
|switch|p1a: Dragapult|Dragapult, M|100/100
|-damage|p1a: Dragapult|88/100|[from] Stealth Rock
|move|p2a: Great Tusk|Knock Off|p1a: Dragapult
|-supereffective|p1a: Dragapult
|-damage|p1a: Dragapult|18/100
|-enditem|p1a: Dragapult|Choice Specs|[from] move: Knock Off|[of] p2a: Great Tusk
|
|-heal|p2a: Great Tusk|94/100 tox|[from] item: Leftovers
|-damage|p2a: Great Tusk|76/100 tox|[from] psn
|upkeep
|turn|13
|
|t:|1685872225
|-end|p2a: Great Tusk|Protosynthesis|[silent]
|switch|p2a: Slowking|Slowking-Galar, F, shiny|100/100
|-damage|p2a: Slowking|88/100|[from] Spikes
|move|p1a: Dragapult|Draco Meteor|p2a: Slowking
|-damage|p2a: Slowking|63/100
|-unboost|p1a: Dragapult|spa|2
|
|upkeep
|turn|14
|
|t:|1685872228
|move|p1a: Dragapult|U-turn|p2a: Slowking
|-damage|p2a: Slowking|47/100
|
|t:|1685872230
|switch|p1a: Great Tusk|Great Tusk|60/100|[from] U-turn
|-damage|p1a: Great Tusk|57/100|[from] Stealth Rock
|move|p2a: Slowking|Future Sight|p1a: Great Tusk
|-start|p2a: Slowking|move: Future Sight
|
|-heal|p1a: Great Tusk|63/100|[from] item: Leftovers
|upkeep
|turn|15
|
|t:|1685872234
|switch|p2a: Great Tusk|Great Tusk, shiny|76/100 tox
|-damage|p2a: Great Tusk|63/100 tox|[from] Spikes
|move|p1a: Great Tusk|Rapid Spin|p2a: Great Tusk
|-damage|p2a: Great Tusk|56/100 tox
|-boost|p1a: Great Tusk|spe|1
|-sideend|p1: misplayin|Stealth Rock|[from] move: Rapid Spin|[of] p1a: Great Tusk
|
|-heal|p1a: Great Tusk|69/100|[from] item: Leftovers
|-heal|p2a: Great Tusk|62/100 tox|[from] item: Leftovers
|-damage|p2a: Great Tusk|56/100 tox|[from] psn
|upkeep
|turn|16
|
|t:|1685872239
|-end|p1a: Great Tusk|Protosynthesis|[silent]
|switch|p1a: Braviary|Braviary-Hisui, M|100/100
|move|p2a: Great Tusk|Stealth Rock|p1a: Braviary
|-sidestart|p1: misplayin|move: Stealth Rock
|
|-end|p1a: Braviary|move: Future Sight
|-resisted|p1a: Braviary
|-damage|p1a: Braviary|70/100
|-heal|p2a: Great Tusk|62/100 tox|[from] item: Leftovers
|-damage|p2a: Great Tusk|50/100 tox|[from] psn
|upkeep
|turn|17
|
|t:|1685872243
|-end|p2a: Great Tusk|Protosynthesis|[silent]
|switch|p2a: Samurott|Samurott-Hisui, F, shiny|100/100
|-damage|p2a: Samurott|88/100|[from] Spikes
|move|p1a: Braviary|Hurricane|p2a: Samurott
|-damage|p2a: Samurott|0 fnt
|faint|p2a: Samurott
|
|upkeep
|j| GlobalWarmingDoom
|
|t:|1685872248
|switch|p2a: Chien-Pao|Chien-Pao|100/100
|-damage|p2a: Chien-Pao|88/100|[from] Spikes
|-ability|p2a: Chien-Pao|Sword of Ruin
|turn|18
|
|t:|1685872260
|switch|p1a: Dragapult|Dragapult, M|18/100
|-damage|p1a: Dragapult|5/100|[from] Stealth Rock
|-terastallize|p2a: Chien-Pao|Dark
|move|p2a: Chien-Pao|Crunch|p1a: Dragapult
|-supereffective|p1a: Dragapult
|-damage|p1a: Dragapult|0 fnt
|faint|p1a: Dragapult
|
|upkeep
|
|t:|1685872263
|switch|p1a: Scizor|Scizor, F|45/100
|-damage|p1a: Scizor|32/100|[from] Stealth Rock
|turn|19
|
|t:|1685872268
|switch|p2a: Zapdos|Zapdos, shiny|45/100
|move|p1a: Scizor|Thief|p2a: Zapdos
|-damage|p2a: Zapdos|5/100
|
|upkeep
|turn|20
|
|t:|1685872274
|switch|p1a: Clodsire|Clodsire, F|97/100
|-damage|p1a: Clodsire|91/100|[from] Stealth Rock
|move|p2a: Zapdos|Roost|p2a: Zapdos
|-heal|p2a: Zapdos|55/100
|-singleturn|p2a: Zapdos|move: Roost
|
|-heal|p1a: Clodsire|97/100|[from] item: Leftovers
|upkeep
|turn|21
|
|t:|1685872279
|switch|p2a: Chien-Pao|Chien-Pao, tera:Dark|88/100
|-damage|p2a: Chien-Pao|76/100|[from] Spikes
|-ability|p2a: Chien-Pao|Sword of Ruin
|switch|p1a: Great Tusk|Great Tusk|69/100
|-damage|p1a: Great Tusk|66/100|[from] Stealth Rock
|
|-heal|p1a: Great Tusk|73/100|[from] item: Leftovers
|upkeep
|turn|22
|
|t:|1685872281
|-terastallize|p1a: Great Tusk|Water
|move|p2a: Chien-Pao|Icicle Crash|p1a: Great Tusk
|-resisted|p1a: Great Tusk
|-damage|p1a: Great Tusk|50/100
|move|p1a: Great Tusk|Rapid Spin|p2a: Chien-Pao
|-damage|p2a: Chien-Pao|57/100
|-boost|p1a: Great Tusk|spe|1
|-sideend|p1: misplayin|Stealth Rock|[from] move: Rapid Spin|[of] p1a: Great Tusk
|
|-heal|p1a: Great Tusk|57/100|[from] item: Leftovers
|upkeep
|turn|23
|j| Ultramanball1
|
|t:|1685872290
|switch|p2a: Zapdos|Zapdos, shiny|55/100
|-end|p1a: Great Tusk|Protosynthesis|[silent]
|switch|p1a: Braviary|Braviary-Hisui, M|70/100
|
|upkeep
|turn|24
|
|t:|1685872294
|move|p2a: Zapdos|Volt Switch|p1a: Braviary
|-supereffective|p1a: Braviary
|-damage|p1a: Braviary|0 fnt
|faint|p1a: Braviary
|
|t:|1685872300
|switch|p2a: Heatran|Heatran, F, shiny|100/100|[from] Volt Switch
|-damage|p2a: Heatran|88/100|[from] Spikes
|
|-heal|p2a: Heatran|94/100|[from] item: Leftovers
|upkeep
|
|t:|1685872305
|switch|p1a: Great Tusk|Great Tusk, tera:Water|57/100
|turn|25
|j| raphacau001
|
|t:|1685872310
|switch|p2a: Zapdos|Zapdos, shiny|55/100
|move|p1a: Great Tusk|Knock Off|p2a: Zapdos
|-damage|p2a: Zapdos|33/100
|-status|p1a: Great Tusk|par|[from] ability: Static|[of] p2a: Zapdos
|-enditem|p2a: Zapdos|Heavy-Duty Boots|[from] move: Knock Off|[of] p1a: Great Tusk
|
|-heal|p1a: Great Tusk|63/100 par|[from] item: Leftovers
|upkeep
|turn|26
|
|t:|1685872313
|-end|p1a: Great Tusk|Protosynthesis|[silent]
|switch|p1a: Clodsire|Clodsire, F|97/100
|move|p2a: Zapdos|Roost|p2a: Zapdos
|-heal|p2a: Zapdos|83/100
|-singleturn|p2a: Zapdos|move: Roost
|
|-heal|p1a: Clodsire|100/100|[from] item: Leftovers
|upkeep
|turn|27
|
|t:|1685872321
|switch|p2a: Great Tusk|Great Tusk, shiny|50/100 tox
|-damage|p2a: Great Tusk|37/100 tox|[from] Spikes
|switch|p1a: Scizor|Scizor, F|32/100
|
|-heal|p2a: Great Tusk|44/100 tox|[from] item: Leftovers
|-damage|p2a: Great Tusk|37/100 tox|[from] psn
|upkeep
|turn|28
|
|t:|1685872323
|move|p1a: Scizor|Close Combat|p2a: Great Tusk
|-damage|p2a: Great Tusk|4/100 tox
|-unboost|p1a: Scizor|def|1
|-unboost|p1a: Scizor|spd|1
|move|p2a: Great Tusk|Earthquake|p1a: Scizor
|-damage|p1a: Scizor|0 fnt
|faint|p1a: Scizor
|
|-heal|p2a: Great Tusk|10/100 tox|[from] item: Leftovers
|-damage|p2a: Great Tusk|0 fnt|[from] psn
|faint|p2a: Great Tusk
|-end|p2a: Great Tusk|Protosynthesis|[silent]
|upkeep
|
|t:|1685872332
|switch|p1a: Clodsire|Clodsire, F|100/100
|switch|p2a: Zapdos|Zapdos, shiny|83/100
|turn|29
|
|t:|1685872334
|move|p2a: Zapdos|Hurricane|p1a: Clodsire
|-damage|p1a: Clodsire|77/100
|move|p1a: Clodsire|Earthquake|p2a: Zapdos
|-immune|p2a: Zapdos
|
|-heal|p1a: Clodsire|83/100|[from] item: Leftovers
|upkeep
|turn|30
|
|t:|1685872337
|switch|p2a: Chien-Pao|Chien-Pao, tera:Dark|57/100
|-damage|p2a: Chien-Pao|45/100|[from] Spikes
|-ability|p2a: Chien-Pao|Sword of Ruin
|move|p1a: Clodsire|Earthquake|p2a: Chien-Pao
|-damage|p2a: Chien-Pao|10/100
|
|-heal|p1a: Clodsire|90/100|[from] item: Leftovers
|upkeep
|turn|31
|
|t:|1685872342
|switch|p1a: Great Tusk|Great Tusk, tera:Water|63/100 par
|move|p2a: Chien-Pao|Crunch|p1a: Great Tusk
|-damage|p1a: Great Tusk|11/100 par
|
|-heal|p1a: Great Tusk|17/100 par|[from] item: Leftovers
|upkeep
|turn|32
|
|t:|1685872344
|move|p2a: Chien-Pao|Crunch|p1a: Great Tusk
|-damage|p1a: Great Tusk|0 fnt
|faint|p1a: Great Tusk
|-end|p1a: Great Tusk|Protosynthesis|[silent]
|
|upkeep
|j| amimec
|
|t:|1685872347
|switch|p1a: Cinderace|Cinderace, F|57/100
|turn|33
|
|t:|1685872350
|switch|p2a: Heatran|Heatran, F, shiny|94/100
|-damage|p2a: Heatran|82/100|[from] Spikes
|move|p1a: Cinderace|Sucker Punch||[still]
|-fail|p1a: Cinderace
|
|-heal|p2a: Heatran|88/100|[from] item: Leftovers
|upkeep
|turn|34
|
|t:|1685872355
|switch|p2a: Slowking|Slowking-Galar, F, shiny|80/100
|-damage|p2a: Slowking|67/100|[from] Spikes
|move|p1a: Cinderace|U-turn|p2a: Slowking
|-start|p1a: Cinderace|typechange|Bug|[from] ability: Libero
|-damage|p2a: Slowking|34/100
|
|t:|1685872356
|switch|p1a: Clodsire|Clodsire, F|90/100|[from] U-turn
|
|-heal|p1a: Clodsire|96/100|[from] item: Leftovers
|upkeep
|turn|35
|
|t:|1685872360
|switch|p2a: Zapdos|Zapdos, shiny|83/100
|move|p1a: Clodsire|Earthquake|p2a: Zapdos
|-immune|p2a: Zapdos
|
|-heal|p1a: Clodsire|100/100|[from] item: Leftovers
|upkeep
|turn|36
|
|t:|1685872365
|move|p2a: Zapdos|Hurricane|p1a: Clodsire
|-damage|p1a: Clodsire|78/100
|move|p1a: Clodsire|Earthquake|p2a: Zapdos
|-immune|p2a: Zapdos
|
|-heal|p1a: Clodsire|84/100|[from] item: Leftovers
|upkeep
|turn|37
|
|t:|1685872368
|move|p2a: Zapdos|Hurricane|p1a: Clodsire
|-damage|p1a: Clodsire|60/100
|move|p1a: Clodsire|Earthquake|p2a: Zapdos
|-immune|p2a: Zapdos
|
|-heal|p1a: Clodsire|66/100|[from] item: Leftovers
|upkeep
|turn|38
|
|t:|1685872370
|move|p2a: Zapdos|Hurricane|p1a: Clodsire
|-damage|p1a: Clodsire|40/100
|move|p1a: Clodsire|Toxic|p2a: Zapdos
|-status|p2a: Zapdos|tox
|
|-heal|p1a: Clodsire|46/100|[from] item: Leftovers
|-damage|p2a: Zapdos|77/100 tox|[from] psn
|upkeep
|turn|39
|j| Sorcier Anguilion
|
|t:|1685872376
|switch|p2a: Heatran|Heatran, F, shiny|88/100
|-damage|p2a: Heatran|76/100|[from] Spikes
|move|p1a: Clodsire|Earthquake|p2a: Heatran
|-supereffective|p2a: Heatran
|-damage|p2a: Heatran|0 fnt
|faint|p2a: Heatran
|
|-heal|p1a: Clodsire|52/100|[from] item: Leftovers
|upkeep
|
|t:|1685872379
|switch|p2a: Slowking|Slowking-Galar, F, shiny|67/100
|-damage|p2a: Slowking|54/100|[from] Spikes
|turn|40
|
|t:|1685872385
|move|p2a: Slowking|Future Sight|p1a: Clodsire
|-start|p2a: Slowking|move: Future Sight
|move|p1a: Clodsire|Spikes|p2a: Slowking
|-sidestart|p2: SmolTuna|Spikes
|
|-heal|p1a: Clodsire|58/100|[from] item: Leftovers
|upkeep
|turn|41
|
|t:|1685872388
|switch|p2a: Zapdos|Zapdos, shiny|77/100 tox
|move|p1a: Clodsire|Recover|p1a: Clodsire
|-heal|p1a: Clodsire|100/100
|
|-damage|p2a: Zapdos|71/100 tox|[from] psn
|upkeep
|turn|42
|
|t:|1685872393
|switch|p2a: Chien-Pao|Chien-Pao, tera:Dark|10/100
|-damage|p2a: Chien-Pao|0 fnt|[from] Spikes
|faint|p2a: Chien-Pao
|move|p1a: Clodsire|Recover||[still]
|-fail|p1a: Clodsire|heal
|
|-end|p1a: Clodsire|move: Future Sight
|-supereffective|p1a: Clodsire
|-damage|p1a: Clodsire|57/100
|-heal|p1a: Clodsire|63/100|[from] item: Leftovers
|upkeep
|
|t:|1685872396
|switch|p2a: Slowking|Slowking-Galar, F, shiny|88/100
|-damage|p2a: Slowking|71/100|[from] Spikes
|turn|43
|
|t:|1685872398
|move|p2a: Slowking|Ice Beam|p1a: Clodsire
|-supereffective|p1a: Clodsire
|-damage|p1a: Clodsire|36/100
|move|p1a: Clodsire|Earthquake|p2a: Slowking
|-supereffective|p2a: Slowking
|-damage|p2a: Slowking|24/100
|
|-heal|p1a: Clodsire|43/100|[from] item: Leftovers
|upkeep
|turn|44
|
|t:|1685872402
|move|p2a: Slowking|Ice Beam|p1a: Clodsire
|-supereffective|p1a: Clodsire
|-damage|p1a: Clodsire|18/100
|move|p1a: Clodsire|Recover|p1a: Clodsire
|-heal|p1a: Clodsire|68/100
|
|-heal|p1a: Clodsire|74/100|[from] item: Leftovers
|upkeep
|turn|45
|
|t:|1685872405
|move|p2a: Slowking|Ice Beam|p1a: Clodsire
|-supereffective|p1a: Clodsire
|-damage|p1a: Clodsire|49/100
|move|p1a: Clodsire|Earthquake|p2a: Slowking
|-supereffective|p2a: Slowking
|-damage|p2a: Slowking|0 fnt
|faint|p2a: Slowking
|
|-heal|p1a: Clodsire|56/100|[from] item: Leftovers
|upkeep
|-message|SmolTuna forfeited.
|
|win|misplayin
|raw|misplayin's rating: 1712 → 1734(+22 for winning)
|raw|SmolTuna's rating: 1752 → 1730(-22 for losing)
|l| Ultramanball1
|l|☆SmolTuna
|l| Sorcier Anguilion
|l| GlobalWarmingDoom
|l| raphacau001
