|j|☆BUGG1N
|j|☆Bogging
|t:|1685863129
|gametype|singles
|player|p1|BUGG1N|bugmaniac-gen3|1663
|player|p2|Bogging|bugcatcher-gen4dp|1768
|teamsize|p1|6
|teamsize|p2|6
|gen|9
|tier|[Gen 9] OU
|rated|
|rule|Sleep Clause Mod: Limit one foe put to sleep
|rule|Species Clause: Limit one of each Pokémon
|rule|OHKO Clause: OHKO moves are banned
|rule|Evasion Items Clause: Evasion items are banned
|rule|Evasion Moves Clause: Evasion moves are banned
|rule|Endless Battle Clause: Forcing endless battles is banned
|rule|HP Percentage Mod: HP is shown in percentages
|clearpoke
|poke|p1|Zamazenta-*|
|poke|p1|Garganacl, F|
|poke|p1|Samurott-Hisui, F|
|poke|p1|Glimmora, M|
|poke|p1|Magearna|
|poke|p1|Iron Valiant|
|poke|p2|Ursaluna, F|
|poke|p2|Dragonite, F|
|poke|p2|Magearna|
|poke|p2|Samurott-Hisui, F|
|poke|p2|Great Tusk|
|poke|p2|Zamazenta-*|
|teampreview
|inactive|Battle timer is ON: inactive players will automatically lose when time's up. (requested by BUGG1N)
|
|t:|1685863148
|start
|switch|p1a: Samurott|Samurott-Hisui, F|100/100
|switch|p2a: Samurott|Samurott-Hisui, F|100/100
|turn|1
|
|t:|1685863158
|switch|p1a: Garganacl|Garganacl, F|100/100
|move|p2a: Samurott|Sacred Sword|p1a: Garganacl
|-supereffective|p1a: Garganacl
|-damage|p1a: Garganacl|61/100
|
|-heal|p1a: Garganacl|67/100|[from] item: Leftovers
|upkeep
|turn|2
|j| LowELOtest
|
|t:|1685863164
|-terastallize|p1a: Garganacl|Water
|move|p2a: Samurott|Ceaseless Edge|p1a: Garganacl
|-damage|p1a: Garganacl|46/100
|-sidestart|p1: BUGG1N|Spikes
|move|p1a: Garganacl|Salt Cure|p2a: Samurott
|-damage|p2a: Samurott|83/100
|-start|p2a: Samurott|Salt Cure
|
|-heal|p1a: Garganacl|52/100|[from] item: Leftovers
|-damage|p2a: Samurott|58/100|[from] Salt Cure
|upkeep
|turn|3
|
|t:|1685863169
|move|p2a: Samurott|Ceaseless Edge|p1a: Garganacl
|-damage|p1a: Garganacl|28/100
|-sidestart|p1: BUGG1N|Spikes
|move|p1a: Garganacl|Recover|p1a: Garganacl
|-heal|p1a: Garganacl|78/100
|
|-heal|p1a: Garganacl|84/100|[from] item: Leftovers
|-damage|p2a: Samurott|33/100|[from] Salt Cure
|upkeep
|turn|4
|
|t:|1685863174
|move|p2a: Samurott|Ceaseless Edge|p1a: Garganacl
|-damage|p1a: Garganacl|61/100
|-sidestart|p1: BUGG1N|Spikes
|move|p1a: Garganacl|Stealth Rock|p2a: Samurott
|-sidestart|p2: Bogging|move: Stealth Rock
|
|-heal|p1a: Garganacl|67/100|[from] item: Leftovers
|-damage|p2a: Samurott|8/100|[from] Salt Cure
|upkeep
|turn|5
|
|t:|1685863181
|switch|p2a: Great Tusk|Great Tusk|100/100
|-damage|p2a: Great Tusk|98/100|[from] Stealth Rock
|move|p1a: Garganacl|Recover|p1a: Garganacl
|-heal|p1a: Garganacl|100/100
|
|-heal|p2a: Great Tusk|100/100|[from] item: Leftovers
|upkeep
|turn|6
|
|t:|1685863187
|move|p2a: Great Tusk|Rapid Spin|p1a: Garganacl
|-damage|p1a: Garganacl|92/100
|-boost|p2a: Great Tusk|spe|1
|-sideend|p2: Bogging|Stealth Rock|[from] move: Rapid Spin|[of] p2a: Great Tusk
|move|p1a: Garganacl|Salt Cure|p2a: Great Tusk
|-resisted|p2a: Great Tusk
|-damage|p2a: Great Tusk|98/100
|-start|p2a: Great Tusk|Salt Cure
|
|-heal|p2a: Great Tusk|100/100|[from] item: Leftovers
|-heal|p1a: Garganacl|98/100|[from] item: Leftovers
|-damage|p2a: Great Tusk|88/100|[from] Salt Cure
|upkeep
|turn|7
|
|t:|1685863194
|move|p2a: Great Tusk|Bulk Up|p2a: Great Tusk
|-boost|p2a: Great Tusk|atk|1
|-boost|p2a: Great Tusk|def|1
|move|p1a: Garganacl|Earthquake|p2a: Great Tusk
|-damage|p2a: Great Tusk|76/100
|
|-heal|p2a: Great Tusk|82/100|[from] item: Leftovers
|-heal|p1a: Garganacl|100/100|[from] item: Leftovers
|-damage|p2a: Great Tusk|70/100|[from] Salt Cure
|upkeep
|turn|8
|
|t:|1685863199
|move|p2a: Great Tusk|Bulk Up|p2a: Great Tusk
|-boost|p2a: Great Tusk|atk|1
|-boost|p2a: Great Tusk|def|1
|move|p1a: Garganacl|Earthquake|p2a: Great Tusk
|-damage|p2a: Great Tusk|61/100
|
|-heal|p2a: Great Tusk|67/100|[from] item: Leftovers
|-damage|p2a: Great Tusk|55/100|[from] Salt Cure
|upkeep
|turn|9
|
|t:|1685863208
|move|p2a: Great Tusk|Bulk Up|p2a: Great Tusk
|-boost|p2a: Great Tusk|atk|1
|-boost|p2a: Great Tusk|def|1
|move|p1a: Garganacl|Stealth Rock|p2a: Great Tusk
|-sidestart|p2: Bogging|move: Stealth Rock
|
|-heal|p2a: Great Tusk|61/100|[from] item: Leftovers
|-damage|p2a: Great Tusk|49/100|[from] Salt Cure
|upkeep
|turn|10
|
|t:|1685863218
|move|p2a: Great Tusk|Rapid Spin|p1a: Garganacl
|-damage|p1a: Garganacl|78/100
|-boost|p2a: Great Tusk|spe|1
|-sideend|p2: Bogging|Stealth Rock|[from] move: Rapid Spin|[of] p2a: Great Tusk
|move|p1a: Garganacl|Earthquake|p2a: Great Tusk
|-damage|p2a: Great Tusk|42/100
|
|-heal|p2a: Great Tusk|48/100|[from] item: Leftovers
|-heal|p1a: Garganacl|85/100|[from] item: Leftovers
|-damage|p2a: Great Tusk|36/100|[from] Salt Cure
|upkeep
|turn|11
|
|t:|1685863226
|move|p2a: Great Tusk|Headlong Rush|p1a: Garganacl
|-damage|p1a: Garganacl|0 fnt
|-unboost|p2a: Great Tusk|def|1
|-unboost|p2a: Great Tusk|spd|1
|faint|p1a: Garganacl
|
|-heal|p2a: Great Tusk|42/100|[from] item: Leftovers
|-damage|p2a: Great Tusk|29/100|[from] Salt Cure
|upkeep
|
|t:|1685863235
|switch|p1a: Iron Valiant|Iron Valiant|100/100
|-damage|p1a: Iron Valiant|76/100|[from] Spikes
|turn|12
|j| bluect
|
|t:|1685863241
|move|p2a: Great Tusk|Headlong Rush|p1a: Iron Valiant
|-damage|p1a: Iron Valiant|0 fnt
|-unboost|p2a: Great Tusk|def|1
|-unboost|p2a: Great Tusk|spd|1
|faint|p1a: Iron Valiant
|-end|p1a: Iron Valiant|Quark Drive|[silent]
|
|-heal|p2a: Great Tusk|36/100|[from] item: Leftovers
|-damage|p2a: Great Tusk|23/100|[from] Salt Cure
|upkeep
|-message|BUGG1N forfeited.
|
|win|Bogging
|raw|BUGG1N's rating: 1663 → 1649(-14 for losing)
|raw|Bogging's rating: 1768 → 1782(+14 for winning)
|l|☆BUGG1N
|l|☆Bogging
