|j|☆Tomasu Dejuru
|j|☆Yakult2Litro
|t:|1685832848
|gametype|singles
|player|p1|Tomasu Dejuru|ash-hoenn|1240
|player|p2|Yakult2Litro|fantina|1159
|teamsize|p1|6
|teamsize|p2|6
|gen|9
|tier|[Gen 9] OU
|rated|
|rule|Sleep Clause Mod: Limit one foe put to sleep
|rule|Species Clause: Limit one of each Pokémon
|rule|OHKO Clause: OHKO moves are banned
|rule|Evasion Items Clause: Evasion items are banned
|rule|Evasion Moves Clause: Evasion moves are banned
|rule|Endless Battle Clause: Forcing endless battles is banned
|rule|HP Percentage Mod: HP is shown in percentages
|clearpoke
|poke|p1|Rillaboom, M|
|poke|p1|Volcarona, M|
|poke|p1|Dragonite, M|
|poke|p1|Great Tusk|
|poke|p1|Roaring Moon|
|poke|p1|Urshifu-*, M|
|poke|p2|Hatterene, F|
|poke|p2|Magearna|
|poke|p2|Uxie|
|poke|p2|Ursaluna, F|
|poke|p2|Torkoal, F|
|poke|p2|Braviary-Hisui, M|
|teampreview
|
|t:|1685832857
|start
|switch|p1a: Great Tusk|Great Tusk|100/100
|switch|p2a: World|Magearna|100/100
|turn|1
|
|t:|1685832864
|-terastallize|p2a: World|Water
|move|p1a: Great Tusk|Stealth Rock|p2a: World
|-sidestart|p2: Yakult2Litro|move: Stealth Rock
|move|p2a: World|Trick Room|p2a: World
|-fieldstart|move: Trick Room|[of] p2a: World
|
|upkeep
|turn|2
|
|t:|1685832868
|move|p2a: World|Fleur Cannon|p1a: Great Tusk
|-supereffective|p1a: Great Tusk
|-damage|p1a: Great Tusk|0 fnt
|-unboost|p2a: World|spa|2
|-enditem|p2a: World|Eject Pack
|faint|p1a: Great Tusk
|-ability|p2a: World|Soul-Heart|boost
|-boost|p2a: World|spa|1
|-end|p1a: Great Tusk|Protosynthesis|[silent]
|
|t:|1685832882
|switch|p2a: Death|Ursaluna, F, shiny|100/100
|-damage|p2a: Death|94/100|[from] Stealth Rock
|
|-status|p2a: Death|brn|[from] item: Flame Orb
|upkeep
|
|t:|1685832890
|switch|p1a: Urshifu|Urshifu-Rapid-Strike, M|100/100
|turn|3
|
|t:|1685832900
|switch|p2a: World|Magearna, tera:Water|100/100
|-damage|p2a: World|88/100|[from] Stealth Rock
|move|p1a: Urshifu|Surging Strikes|p2a: World
|-resisted|p2a: World
|-crit|p2a: World
|-damage|p2a: World|81/100
|-resisted|p2a: World
|-crit|p2a: World
|-damage|p2a: World|74/100
|-resisted|p2a: World
|-crit|p2a: World
|-damage|p2a: World|67/100
|-hitcount|p2a: World|3
|
|upkeep
|turn|4
|
|t:|1685832906
|switch|p1a: Rillaboom|Rillaboom, M|100/100
|-fieldstart|move: Grassy Terrain|[from] ability: Grassy Surge|[of] p1a: Rillaboom
|move|p2a: World|Fleur Cannon|p1a: Rillaboom|[miss]
|-miss|p2a: World|p1a: Rillaboom
|
|-heal|p2a: World|73/100|[from] Grassy Terrain
|upkeep
|turn|5
|
|t:|1685832914
|move|p2a: World|Fleur Cannon|p1a: Rillaboom
|-damage|p1a: Rillaboom|37/100
|-unboost|p2a: World|spa|2
|move|p1a: Rillaboom|Drum Beating|p2a: World
|-supereffective|p2a: World
|-damage|p2a: World|0 fnt
|faint|p2a: World
|
|-heal|p1a: Rillaboom|43/100|[from] Grassy Terrain
|-fieldend|move: Trick Room
|upkeep
|
|t:|1685832920
|switch|p2a: Magician|Hatterene, F, shiny|100/100
|-damage|p2a: Magician|88/100|[from] Stealth Rock
|turn|6
|
|t:|1685832929
|move|p1a: Rillaboom|Drum Beating|p2a: Magician
|-damage|p2a: Magician|45/100
|-unboost|p2a: Magician|spe|1
|move|p2a: Magician|Trick Room|p2a: Magician
|-fieldstart|move: Trick Room|[of] p2a: Magician
|
|-heal|p2a: Magician|50/100|[from] Grassy Terrain
|-heal|p1a: Rillaboom|49/100|[from] Grassy Terrain
|upkeep
|turn|7
|
|t:|1685832935
|move|p2a: Magician|Mystical Fire|p1a: Rillaboom
|-supereffective|p1a: Rillaboom
|-damage|p1a: Rillaboom|10/100
|-unboost|p1a: Rillaboom|spa|1
|move|p1a: Rillaboom|Drum Beating|p2a: Magician
|-damage|p2a: Magician|5/100
|-unboost|p2a: Magician|spe|1
|
|-heal|p2a: Magician|11/100|[from] Grassy Terrain
|-heal|p1a: Rillaboom|16/100|[from] Grassy Terrain
|upkeep
|turn|8
|
|t:|1685832940
|move|p2a: Magician|Mystical Fire|p1a: Rillaboom
|-supereffective|p1a: Rillaboom
|-damage|p1a: Rillaboom|0 fnt
|faint|p1a: Rillaboom
|
|-heal|p2a: Magician|17/100|[from] Grassy Terrain
|-fieldend|move: Grassy Terrain
|upkeep
|
|t:|1685832943
|switch|p1a: Urshifu|Urshifu-Rapid-Strike, M|100/100
|turn|9
|inactive|Battle timer is ON: inactive players will automatically lose when time's up. (requested by Yakult2Litro)
|
|t:|1685832949
|move|p1a: Urshifu|Aqua Jet|p2a: Magician
|-damage|p2a: Magician|0 fnt
|faint|p2a: Magician
|
|upkeep
|
|t:|1685832961
|switch|p2a: Hanged Man|Braviary-Hisui, M, shiny|100/100
|-damage|p2a: Hanged Man|75/100|[from] Stealth Rock
|turn|10
|
|t:|1685832970
|switch|p1a: Roaring Moon|Roaring Moon|100/100
|-enditem|p1a: Roaring Moon|Booster Energy
|-activate|p1a: Roaring Moon|ability: Protosynthesis|[fromitem]
|-start|p1a: Roaring Moon|protosynthesisatk
|move|p2a: Hanged Man|Hurricane|p1a: Roaring Moon
|-crit|p1a: Roaring Moon
|-damage|p1a: Roaring Moon|0 fnt
|faint|p1a: Roaring Moon
|-end|p1a: Roaring Moon|Protosynthesis|[silent]
|
|-fieldend|move: Trick Room
|upkeep
|
|t:|1685832976
|switch|p1a: Dragonite|Dragonite, M|100/100
|turn|11
|
|t:|1685832980
|move|p1a: Dragonite|Dragon Dance|p1a: Dragonite
|-boost|p1a: Dragonite|atk|1
|-boost|p1a: Dragonite|spe|1
|move|p2a: Hanged Man|Defog|p1a: Dragonite
|-unboost|p1a: Dragonite|evasion|1
|-sideend|p2: Yakult2Litro|Stealth Rock|[from] move: Defog|[of] p2a: Hanged Man
|
|upkeep
|turn|12
|
|t:|1685832986
|switch|p2a: Hermit|Uxie|100/100
|move|p1a: Dragonite|Dragon Dance|p1a: Dragonite
|-boost|p1a: Dragonite|atk|1
|-boost|p1a: Dragonite|spe|1
|
|upkeep
|turn|13
|
|t:|1685832991
|move|p1a: Dragonite|Dragon Dance|p1a: Dragonite
|-boost|p1a: Dragonite|atk|1
|-boost|p1a: Dragonite|spe|1
|move|p2a: Hermit|Encore|p1a: Dragonite
|-start|p1a: Dragonite|Encore
|
|upkeep
|turn|14
|
|t:|1685832995
|move|p1a: Dragonite|Dragon Dance|p1a: Dragonite
|-boost|p1a: Dragonite|atk|1
|-boost|p1a: Dragonite|spe|1
|move|p2a: Hermit|Trick Room|p2a: Hermit
|-fieldstart|move: Trick Room|[of] p2a: Hermit
|
|upkeep
|turn|15
|
|t:|1685833000
|switch|p2a: Death|Ursaluna, F, shiny|94/100 brn
|move|p1a: Dragonite|Dragon Dance|p1a: Dragonite
|-boost|p1a: Dragonite|atk|1
|-boost|p1a: Dragonite|spe|1
|
|-damage|p2a: Death|88/100 brn|[from] brn
|upkeep
|turn|16
|
|t:|1685833004
|move|p2a: Death|Facade|p1a: Dragonite
|-damage|p1a: Dragonite|35/100
|move|p1a: Dragonite|Dragon Dance|p1a: Dragonite
|-boost|p1a: Dragonite|atk|1
|-boost|p1a: Dragonite|spe|1
|
|-damage|p2a: Death|82/100 brn|[from] brn
|-end|p1a: Dragonite|Encore
|upkeep
|turn|17
|
|t:|1685833008
|-terastallize|p1a: Dragonite|Normal
|move|p1a: Dragonite|Extreme Speed|p2a: Death
|-damage|p2a: Death|0 fnt
|faint|p2a: Death
|
|upkeep
|
|t:|1685833014
|switch|p2a: Hermit|Uxie|100/100
|turn|18
|
|t:|1685833022
|move|p1a: Dragonite|Extreme Speed|p2a: Hermit
|-damage|p2a: Hermit|0 fnt
|faint|p2a: Hermit
|
|-fieldend|move: Trick Room
|upkeep
|
|t:|1685833028
|switch|p2a: Hanged Man|Braviary-Hisui, M, shiny|75/100
|turn|19
|
|t:|1685833031
|move|p1a: Dragonite|Extreme Speed|p2a: Hanged Man
|-damage|p2a: Hanged Man|0 fnt
|faint|p2a: Hanged Man
|
|upkeep
|-message|Yakult2Litro forfeited.
|
|win|Tomasu Dejuru
|raw|Tomasu Dejuru's rating: 1240 → 1259(+19 for winning)
|raw|Yakult2Litro's rating: 1159 → 1140(-19 for losing)
|l|☆Yakult2Litro
