|j|☆Ninety1
|j|☆testingsomefeat
|inactive|Battle timer is ON: inactive players will automatically lose when time's up.
|t:|1685905998
|gametype|singles
|player|p1|Ninety1|266|
|player|p2|testingsomefeat|cynthia-masters3|
|teamsize|p1|3
|teamsize|p2|3
|gen|9
|tier|[Gen 9] OU
|rated|Tournament battle
|rule|Sleep Clause Mod: Limit one foe put to sleep
|rule|Species Clause: Limit one of each Pokémon
|rule|OHKO Clause: OHKO moves are banned
|rule|Evasion Items Clause: Evasion items are banned
|rule|Evasion Moves Clause: Evasion moves are banned
|rule|Endless Battle Clause: Forcing endless battles is banned
|rule|HP Percentage Mod: HP is shown in percentages
|clearpoke
|poke|p1|Toxapex, F|
|poke|p1|Meowscarada, F|
|poke|p1|Lycanroc-Dusk, M|
|poke|p2|Garchomp, M|
|poke|p2|Baxcalibur, F|
|poke|p2|Dragalge, M|
|teampreview
|j|*Lady Monita
|
|t:|1685906013
|start
|switch|p1a: Meowscarada|Meowscarada, F|100/100
|switch|p2a: Dragalge|Dragalge, M|100/100
|turn|1
|j| Dragonair2fair
|j| Owlton John
|
|t:|1685906026
|move|p1a: Meowscarada|Knock Off|p2a: Dragalge
|-start|p1a: Meowscarada|typechange|Dark|[from] ability: Protean
|-damage|p2a: Dragalge|48/100
|-enditem|p2a: Dragalge|Life Orb|[from] move: Knock Off|[of] p1a: Meowscarada
|move|p2a: Dragalge|Sludge Bomb|p1a: Meowscarada
|-damage|p1a: Meowscarada|12/100
|-status|p1a: Meowscarada|psn
|
|-damage|p1a: Meowscarada|0 fnt|[from] psn
|faint|p1a: Meowscarada
|upkeep
|
|t:|1685906041
|switch|p1a: Lycanroc|Lycanroc-Dusk, M|100/100
|turn|2
|
|t:|1685906061
|move|p1a: Lycanroc|Stone Edge|p2a: Dragalge
|-damage|p2a: Dragalge|0 fnt
|faint|p2a: Dragalge
|
|upkeep
|j| Penicillinlol
|j| AnimeGod121
|j| arnavgupta
|
|t:|1685906077
|switch|p2a: Garchomp|Garchomp, M|100/100
|turn|3
|c| Owlton John|pizza hut
|
|t:|1685906080
|move|p1a: Lycanroc|Swords Dance|p1a: Lycanroc
|-boost|p1a: Lycanroc|atk|2
|move|p2a: Garchomp|Earthquake|p1a: Lycanroc
|-supereffective|p1a: Lycanroc
|-enditem|p1a: Lycanroc|Focus Sash
|-damage|p1a: Lycanroc|1/100
|
|upkeep
|turn|4
|
|t:|1685906096
|move|p1a: Lycanroc|Close Combat|p2a: Garchomp
|-damage|p2a: Garchomp|0 fnt
|-unboost|p1a: Lycanroc|def|1
|-unboost|p1a: Lycanroc|spd|1
|-damage|p1a: Lycanroc|0 fnt|[from] ability: Rough Skin|[of] p2a: Garchomp
|faint|p2a: Garchomp
|faint|p1a: Lycanroc
|
|upkeep
|
|t:|1685906099
|switch|p1a: Toxapex|Toxapex, F|100/100
|switch|p2a: Baxcalibur|Baxcalibur, F|100/100
|turn|5
|
|t:|1685906102
|-terastallize|p1a: Toxapex|Normal
|move|p2a: Baxcalibur|Dragon Dance|p2a: Baxcalibur
|-boost|p2a: Baxcalibur|atk|1
|-boost|p2a: Baxcalibur|spe|1
|move|p1a: Toxapex|Toxic|p2a: Baxcalibur
|-status|p2a: Baxcalibur|tox
|
|-damage|p2a: Baxcalibur|94/100 tox|[from] psn
|upkeep
|turn|6
|l| Dragonair2fair
|
|t:|1685906106
|-terastallize|p2a: Baxcalibur|Dragon
|move|p2a: Baxcalibur|Glaive Rush|p1a: Toxapex
|-damage|p1a: Toxapex|16/100
|-singlemove|p2a: Baxcalibur|Glaive Rush|[silent]
|move|p1a: Toxapex|Infestation|p2a: Baxcalibur
|-damage|p2a: Baxcalibur|88/100 tox
|-activate|p2a: Baxcalibur|move: Infestation|[of] p1a: Toxapex
|
|-heal|p1a: Toxapex|22/100|[from] item: Leftovers
|-damage|p2a: Baxcalibur|75/100 tox|[from] psn
|-damage|p2a: Baxcalibur|63/100 tox|[from] move: Infestation|[partiallytrapped]
|upkeep
|turn|7
|
|t:|1685906112
|move|p1a: Toxapex|Baneful Bunker|p1a: Toxapex
|-singleturn|p1a: Toxapex|move: Protect
|move|p2a: Baxcalibur|Glaive Rush|p1a: Toxapex
|-activate|p1a: Toxapex|move: Protect
|
|-heal|p1a: Toxapex|28/100|[from] item: Leftovers
|-damage|p2a: Baxcalibur|44/100 tox|[from] psn
|-damage|p2a: Baxcalibur|32/100 tox|[from] move: Infestation|[partiallytrapped]
|upkeep
|turn|8
|
|t:|1685906121
|move|p1a: Toxapex|Baneful Bunker||[still]
|-fail|p1a: Toxapex
|move|p2a: Baxcalibur|Glaive Rush|p1a: Toxapex
|-damage|p1a: Toxapex|0 fnt
|-singlemove|p2a: Baxcalibur|Glaive Rush|[silent]
|faint|p1a: Toxapex
|
|win|testingsomefeat
|n|☆Ninety1|ninety1
|n|☆testingsomefeat|testingsomefeat
|n|*Lady Monita|ladymonita
|n| Owlton John|owltonjohn
|n| Penicillinlol|penicillinlol
|n| AnimeGod121|animegod121
|n| arnavgupta|arnavgupta
