|j|☆lucenthine
|j|☆UnzipsCrogre
|t:|1685851453
|gametype|singles
|player|p1|lucenthine|schoolkid-gen4|1559
|player|p2|UnzipsCrogre|unknown|1501
|teamsize|p1|6
|teamsize|p2|6
|gen|9
|tier|[Gen 9] OU
|rated|
|rule|Sleep Clause Mod: Limit one foe put to sleep
|rule|Species Clause: Limit one of each Pokémon
|rule|OHKO Clause: OHKO moves are banned
|rule|Evasion Items Clause: Evasion items are banned
|rule|Evasion Moves Clause: Evasion moves are banned
|rule|Endless Battle Clause: Forcing endless battles is banned
|rule|HP Percentage Mod: HP is shown in percentages
|clearpoke
|poke|p1|Pelipper, M|
|poke|p1|Overqwil, M|
|poke|p1|Gholdengo|
|poke|p1|Basculegion-F, F|
|poke|p1|Amoonguss, M|
|poke|p1|Great Tusk|
|poke|p2|Samurott-Hisui, M|
|poke|p2|Magearna|
|poke|p2|Dragapult, M|
|poke|p2|Sneasler, F|
|poke|p2|Volcarona, M|
|poke|p2|Zamazenta-*|
|teampreview
|inactive|Battle timer is ON: inactive players will automatically lose when time's up. (requested by lucenthine)
|
|t:|1685851473
|start
|switch|p1a: Pelipe|Pelipper, M, shiny|100/100
|switch|p2a: Samurott|Samurott-Hisui, M|100/100
|-weather|RainDance|[from] ability: Drizzle|[of] p1a: Pelipe
|turn|1
|
|t:|1685851480
|move|p2a: Samurott|Ceaseless Edge|p1a: Pelipe
|-damage|p1a: Pelipe|67/100
|-sidestart|p1: lucenthine|Spikes
|move|p1a: Pelipe|Hurricane|p2a: Samurott
|-damage|p2a: Samurott|41/100
|-start|p2a: Samurott|confusion
|
|-weather|RainDance|[upkeep]
|upkeep
|turn|2
|
|t:|1685851488
|-activate|p2a: Samurott|confusion
|-damage|p2a: Samurott|26/100|[from] confusion
|move|p1a: Pelipe|U-turn|p2a: Samurott
|-supereffective|p2a: Samurott
|-damage|p2a: Samurott|3/100
|
|t:|1685851494
|switch|p1a: Overqwil|Overqwil, M, shiny|100/100|[from] U-turn
|
|-weather|RainDance|[upkeep]
|upkeep
|turn|3
|
|t:|1685851499
|move|p1a: Overqwil|Taunt|p2a: Samurott
|-start|p2a: Samurott|move: Taunt
|-activate|p2a: Samurott|confusion
|move|p2a: Samurott|Razor Shell|p1a: Overqwil
|-damage|p1a: Overqwil|13/100
|
|-weather|RainDance|[upkeep]
|upkeep
|turn|4
|
|t:|1685851504
|-end|p2a: Samurott|confusion
|move|p2a: Samurott|Sucker Punch|p1a: Overqwil
|-resisted|p1a: Overqwil
|-damage|p1a: Overqwil|0 fnt
|faint|p1a: Overqwil
|
|-weather|RainDance|[upkeep]
|upkeep
|
|t:|1685851518
|switch|p1a: Pelipe|Pelipper, M, shiny|67/100
|turn|5
|
|t:|1685851521
|move|p2a: Samurott|Ceaseless Edge|p1a: Pelipe
|-damage|p1a: Pelipe|31/100
|-sidestart|p1: lucenthine|Spikes
|move|p1a: Pelipe|U-turn|p2a: Samurott
|-supereffective|p2a: Samurott
|-damage|p2a: Samurott|0 fnt
|faint|p2a: Samurott
|
|t:|1685851524
|switch|p1a: LINK|Amoonguss, M, shiny|100/100|[from] U-turn
|-damage|p1a: LINK|84/100|[from] Spikes
|
|-weather|RainDance|[upkeep]
|upkeep
|
|t:|1685851534
|switch|p2a: Dragapult|Dragapult, M|100/100
|turn|6
|
|t:|1685851538
|move|p2a: Dragapult|Light Screen|p2a: Dragapult
|-sidestart|p2: UnzipsCrogre|move: Light Screen
|move|p1a: LINK|Spore|p2a: Dragapult
|-status|p2a: Dragapult|slp|[from] move: Spore
|
|-weather|RainDance|[upkeep]
|upkeep
|turn|7
|inactive|UnzipsCrogre has 120 seconds left.
|
|t:|1685851574
|switch|p2a: Zamazenta|Zamazenta|100/100
|-ability|p2a: Zamazenta|Dauntless Shield|boost
|-boost|p2a: Zamazenta|def|1
|switch|p1a: Gholdengo|Gholdengo|100/100
|-damage|p1a: Gholdengo|84/100|[from] Spikes
|
|-weather|RainDance|[upkeep]
|-heal|p1a: Gholdengo|90/100|[from] item: Leftovers
|upkeep
|turn|8
|
|t:|1685851579
|move|p2a: Zamazenta|Howl|p2a: Zamazenta
|-boost|p2a: Zamazenta|atk|1
|move|p1a: Gholdengo|Thunder Wave|p2a: Zamazenta
|-status|p2a: Zamazenta|par
|
|-weather|none
|-heal|p1a: Gholdengo|96/100|[from] item: Leftovers
|upkeep
|turn|9
|
|t:|1685851589
|switch|p1a: RAM & SLAM|Great Tusk, shiny|100/100
|-damage|p1a: RAM & SLAM|84/100|[from] Spikes
|move|p2a: Zamazenta|Wild Charge|p1a: RAM & SLAM
|-immune|p1a: RAM & SLAM
|
|-heal|p1a: RAM & SLAM|90/100|[from] item: Leftovers
|upkeep
|turn|10
|
|t:|1685851598
|switch|p2a: Dragapult|Dragapult, M|100/100 slp
|move|p1a: RAM & SLAM|Rapid Spin|p2a: Dragapult
|-immune|p2a: Dragapult
|
|-heal|p1a: RAM & SLAM|96/100|[from] item: Leftovers
|upkeep
|turn|11
|
|t:|1685851603
|cant|p2a: Dragapult|slp
|move|p1a: RAM & SLAM|Knock Off|p2a: Dragapult
|-supereffective|p2a: Dragapult
|-damage|p2a: Dragapult|39/100 slp
|-start|p1a: RAM & SLAM|Disable|Knock Off|[from] ability: Cursed Body|[of] p2a: Dragapult
|-enditem|p2a: Dragapult|Light Clay|[from] move: Knock Off|[of] p1a: RAM & SLAM
|
|-heal|p1a: RAM & SLAM|100/100|[from] item: Leftovers
|upkeep
|turn|12
|
|t:|1685851608
|cant|p2a: Dragapult|slp
|move|p1a: RAM & SLAM|Earthquake|p2a: Dragapult
|-damage|p2a: Dragapult|0 fnt
|faint|p2a: Dragapult
|
|upkeep
|
|t:|1685851618
|switch|p2a: Sneasler|Sneasler, F|100/100
|-item|p2a: Sneasler|Air Balloon
|turn|13
|
|t:|1685851628
|-end|p1a: RAM & SLAM|Protosynthesis|[silent]
|switch|p1a: Pelipe|Pelipper, M, shiny|31/100
|-weather|RainDance|[from] ability: Drizzle|[of] p1a: Pelipe
|move|p2a: Sneasler|Swords Dance|p2a: Sneasler
|-boost|p2a: Sneasler|atk|2
|
|-weather|RainDance|[upkeep]
|-sideend|p2: UnzipsCrogre|move: Light Screen
|upkeep
|turn|14
|
|t:|1685851634
|move|p2a: Sneasler|Acrobatics|p1a: Pelipe
|-damage|p1a: Pelipe|3/100
|move|p1a: Pelipe|Hurricane|p2a: Sneasler
|-supereffective|p2a: Sneasler
|-damage|p2a: Sneasler|4/100
|-enditem|p2a: Sneasler|Air Balloon
|
|-weather|RainDance|[upkeep]
|upkeep
|turn|15
|
|t:|1685851640
|switch|p1a: LINK|Amoonguss, M, shiny|100/100
|-damage|p1a: LINK|84/100|[from] Spikes
|move|p2a: Sneasler|Dire Claw|p1a: LINK
|-damage|p1a: LINK|21/100
|-enditem|p1a: LINK|Eject Button
|
|t:|1685851643
|switch|p1a: RAM & SLAM|Great Tusk, shiny|100/100
|-damage|p1a: RAM & SLAM|84/100|[from] Spikes
|
|-weather|RainDance|[upkeep]
|-heal|p1a: RAM & SLAM|90/100|[from] item: Leftovers
|upkeep
|turn|16
|
|t:|1685851655
|move|p2a: Sneasler|Acrobatics|p1a: RAM & SLAM
|-supereffective|p1a: RAM & SLAM
|-damage|p1a: RAM & SLAM|3/100
|move|p1a: RAM & SLAM|Rapid Spin|p2a: Sneasler
|-damage|p2a: Sneasler|0 fnt
|-boost|p1a: RAM & SLAM|spe|1
|-sideend|p1: lucenthine|Spikes|[from] move: Rapid Spin|[of] p1a: RAM & SLAM
|faint|p2a: Sneasler
|
|-weather|RainDance|[upkeep]
|-heal|p1a: RAM & SLAM|9/100|[from] item: Leftovers
|upkeep
|
|t:|1685851677
|switch|p2a: Magearna|Magearna|100/100
|turn|17
|
|t:|1685851688
|-end|p1a: RAM & SLAM|Protosynthesis|[silent]
|switch|p1a: Gholdengo|Gholdengo|96/100
|-terastallize|p2a: Magearna|Water
|move|p2a: Magearna|Calm Mind|p2a: Magearna
|-boost|p2a: Magearna|spa|1
|-boost|p2a: Magearna|spd|1
|
|-weather|RainDance|[upkeep]
|-heal|p1a: Gholdengo|100/100|[from] item: Leftovers
|upkeep
|turn|18
|
|t:|1685851696
|move|p1a: Gholdengo|Thunder Wave|p2a: Magearna
|-status|p2a: Magearna|par
|cant|p2a: Magearna|par
|
|-weather|RainDance|[upkeep]
|upkeep
|turn|19
|
|t:|1685851699
|move|p1a: Gholdengo|Nasty Plot|p1a: Gholdengo
|-boost|p1a: Gholdengo|spa|2
|move|p2a: Magearna|Calm Mind|p2a: Magearna
|-boost|p2a: Magearna|spa|1
|-boost|p2a: Magearna|spd|1
|
|-weather|RainDance|[upkeep]
|upkeep
|turn|20
|
|t:|1685851705
|move|p1a: Gholdengo|Nasty Plot|p1a: Gholdengo
|-boost|p1a: Gholdengo|spa|2
|cant|p2a: Magearna|par
|
|-weather|none
|upkeep
|turn|21
|
|t:|1685851711
|move|p1a: Gholdengo|Hex|p2a: Magearna
|-damage|p2a: Magearna|35/100 par
|move|p2a: Magearna|Calm Mind|p2a: Magearna
|-boost|p2a: Magearna|spa|1
|-boost|p2a: Magearna|spd|1
|
|-heal|p2a: Magearna|41/100 par|[from] item: Leftovers
|upkeep
|turn|22
|
|t:|1685851716
|move|p1a: Gholdengo|Hex|p2a: Magearna
|-damage|p2a: Magearna|0 fnt
|faint|p2a: Magearna
|
|upkeep
|
|t:|1685851722
|switch|p2a: Volcarona|Volcarona, M|100/100
|turn|23
|
|t:|1685851725
|switch|p1a: Pelipe|Pelipper, M, shiny|3/100
|-weather|RainDance|[from] ability: Drizzle|[of] p1a: Pelipe
|move|p2a: Volcarona|Fiery Dance|p1a: Pelipe
|-resisted|p1a: Pelipe
|-damage|p1a: Pelipe|0 fnt
|-boost|p2a: Volcarona|spa|1
|faint|p1a: Pelipe
|
|-weather|RainDance|[upkeep]
|upkeep
|
|t:|1685851727
|switch|p1a: Basculegion|Basculegion-F, F|100/100
|turn|24
|
|t:|1685851731
|move|p1a: Basculegion|Surf|p2a: Volcarona
|-supereffective|p2a: Volcarona
|-crit|p2a: Volcarona
|-damage|p2a: Volcarona|0 fnt
|faint|p2a: Volcarona
|
|-weather|RainDance|[upkeep]
|upkeep
|c|☆UnzipsCrogre|gg
|-message|UnzipsCrogre forfeited.
|
|win|lucenthine
|raw|lucenthine's rating: 1559 → 1576(+17 for winning)
|raw|UnzipsCrogre's rating: 1501 → 1484(-17 for losing)
|c|☆lucenthine|gg
