|j|☆beneux
|j|☆Cobalt Pink
|inactive|Battle timer is ON: inactive players will automatically lose when time's up.
|t:|1685902290
|gametype|singles
|player|p1|beneux|juan|
|player|p2|Cobalt Pink|iono|
|teamsize|p1|6
|teamsize|p2|6
|gen|9
|tier|[Gen 9] OU
|rated|Tournament battle
|rule|Sleep Clause Mod: Limit one foe put to sleep
|rule|Species Clause: Limit one of each Pokémon
|rule|OHKO Clause: OHKO moves are banned
|rule|Evasion Items Clause: Evasion items are banned
|rule|Evasion Moves Clause: Evasion moves are banned
|rule|Endless Battle Clause: Forcing endless battles is banned
|rule|HP Percentage Mod: HP is shown in percentages
|clearpoke
|poke|p1|Kingambit, M|
|poke|p1|Kleavor, M|
|poke|p1|Dragapult, M|
|poke|p1|Hatterene, F|
|poke|p1|Zamazenta-*|
|poke|p1|Zapdos|
|poke|p2|Enamorus, F|
|poke|p2|Iron Treads|
|poke|p2|Dragapult, F|
|poke|p2|Landorus-Therian, M|
|poke|p2|Tauros-Paldea-Aqua, M|
|poke|p2|Muk-Alola, M|
|teampreview
|j|*Lady Monita
|c|☆beneux|hi gl
|c|☆Cobalt Pink|hf
|j| zupe
|inactive|Cobalt Pink has 120 seconds left.
|
|t:|1685902323
|start
|switch|p1a: Kleavor|Kleavor, M|100/100
|switch|p2a: Tauros|Tauros-Paldea-Aqua, M, shiny|100/100
|-ability|p2a: Tauros|Intimidate|boost
|-unboost|p1a: Kleavor|atk|1
|turn|1
|
|t:|1685902343
|move|p1a: Kleavor|U-turn|p2a: Tauros
|-resisted|p2a: Tauros
|-damage|p2a: Tauros|87/100
|
|t:|1685902348
|switch|p1a: Zapdos|Zapdos|100/100|[from] U-turn
|move|p2a: Tauros|Close Combat|p1a: Zapdos
|-resisted|p1a: Zapdos
|-damage|p1a: Zapdos|58/100
|-unboost|p2a: Tauros|def|1
|-unboost|p2a: Tauros|spd|1
|
|upkeep
|turn|2
|
|t:|1685902360
|switch|p2a: Iron Treads|Iron Treads, shiny|100/100
|-enditem|p2a: Iron Treads|Booster Energy
|-activate|p2a: Iron Treads|ability: Quark Drive|[fromitem]
|-start|p2a: Iron Treads|quarkdrivespe
|move|p1a: Zapdos|U-turn|p2a: Iron Treads
|-resisted|p2a: Iron Treads
|-damage|p2a: Iron Treads|94/100
|inactive|beneux has 120 seconds left.
|
|t:|1685902394
|switch|p1a: Zamazenta|Zamazenta|100/100|[from] U-turn
|-ability|p1a: Zamazenta|Dauntless Shield|boost
|-boost|p1a: Zamazenta|def|1
|
|upkeep
|turn|3
|
|t:|1685902403
|-end|p2a: Iron Treads|Quark Drive|[silent]
|switch|p2a: Enamorus|Enamorus, F, shiny|100/100
|move|p1a: Zamazenta|Substitute|p1a: Zamazenta
|-start|p1a: Zamazenta|Substitute
|-damage|p1a: Zamazenta|75/100
|
|-heal|p1a: Zamazenta|82/100|[from] item: Leftovers
|upkeep
|turn|4
|
|t:|1685902407
|move|p1a: Zamazenta|Body Press|p2a: Enamorus
|-resisted|p2a: Enamorus
|-damage|p2a: Enamorus|81/100
|move|p2a: Enamorus|Moonblast|p1a: Zamazenta
|-supereffective|p1a: Zamazenta
|-end|p1a: Zamazenta|Substitute
|
|-heal|p1a: Zamazenta|88/100|[from] item: Leftovers
|upkeep
|turn|5
|
|t:|1685902413
|switch|p1a: Zapdos|Zapdos|58/100
|move|p2a: Enamorus|Moonblast|p1a: Zapdos
|-damage|p1a: Zapdos|6/100
|-unboost|p1a: Zapdos|spa|1
|
|upkeep
|turn|6
|
|t:|1685902416
|move|p2a: Enamorus|Moonblast|p1a: Zapdos
|-damage|p1a: Zapdos|0 fnt
|faint|p1a: Zapdos
|
|upkeep
|
|t:|1685902419
|switch|p1a: Kleavor|Kleavor, M|100/100
|turn|7
|
|t:|1685902427
|switch|p2a: Landorus|Landorus-Therian, M, shiny|100/100
|-ability|p2a: Landorus|Intimidate|boost
|-unboost|p1a: Kleavor|atk|1
|move|p1a: Kleavor|Stone Axe|p2a: Landorus
|-damage|p2a: Landorus|75/100
|-sidestart|p2: Cobalt Pink|move: Stealth Rock
|-damage|p1a: Kleavor|84/100|[from] item: Rocky Helmet|[of] p2a: Landorus
|
|upkeep
|turn|8
|
|t:|1685902449
|switch|p1a: Hatterene|Hatterene, F|100/100
|move|p2a: Landorus|Earthquake|p1a: Hatterene
|-damage|p1a: Hatterene|58/100
|
|-heal|p1a: Hatterene|64/100|[from] item: Leftovers
|upkeep
|turn|9
|
|t:|1685902464
|move|p2a: Landorus|U-turn|p1a: Hatterene
|-damage|p1a: Hatterene|46/100
|
|t:|1685902465
|switch|p2a: Muk|Muk-Alola, M, shiny|100/100|[from] U-turn
|-damage|p2a: Muk|88/100|[from] Stealth Rock
|move|p1a: Hatterene|Mystical Fire|p2a: Muk
|-damage|p2a: Muk|76/100
|-unboost|p2a: Muk|spa|1
|
|-heal|p2a: Muk|82/100|[from] item: Leftovers
|-heal|p1a: Hatterene|52/100|[from] item: Leftovers
|upkeep
|turn|10
|
|t:|1685902488
|switch|p1a: Kleavor|Kleavor, M|84/100
|move|p2a: Muk|Knock Off|p1a: Kleavor
|-damage|p1a: Kleavor|38/100
|-status|p1a: Kleavor|psn|[from] ability: Poison Touch|[of] p2a: Muk
|-enditem|p1a: Kleavor|Choice Scarf|[from] move: Knock Off|[of] p2a: Muk
|
|-heal|p2a: Muk|88/100|[from] item: Leftovers
|-damage|p1a: Kleavor|26/100 psn|[from] psn
|upkeep
|turn|11
|
|t:|1685902507
|switch|p2a: Landorus|Landorus-Therian, M, shiny|75/100
|-damage|p2a: Landorus|62/100|[from] Stealth Rock
|-ability|p2a: Landorus|Intimidate|boost
|-unboost|p1a: Kleavor|atk|1
|move|p1a: Kleavor|U-turn|p2a: Landorus
|-resisted|p2a: Landorus
|-damage|p2a: Landorus|54/100
|-damage|p1a: Kleavor|9/100 psn|[from] item: Rocky Helmet|[of] p2a: Landorus
|
|t:|1685902511
|switch|p1a: Dragapult|Dragapult, M|100/100|[from] U-turn
|
|upkeep
|turn|12
|inactive|Cobalt Pink has 120 seconds left.
|
|t:|1685902561
|move|p1a: Dragapult|Shadow Ball|p2a: Landorus
|-damage|p2a: Landorus|0 fnt
|faint|p2a: Landorus
|-damage|p1a: Dragapult|91/100|[from] item: Life Orb
|
|upkeep
|
|t:|1685902564
|switch|p2a: Muk|Muk-Alola, M, shiny|88/100
|-damage|p2a: Muk|76/100|[from] Stealth Rock
|turn|13
|
|t:|1685902567
|switch|p1a: Kleavor|Kleavor, M|9/100 psn
|move|p2a: Muk|Knock Off|p1a: Kleavor
|-damage|p1a: Kleavor|0 fnt
|faint|p1a: Kleavor
|
|-heal|p2a: Muk|82/100|[from] item: Leftovers
|upkeep
|
|t:|1685902570
|switch|p1a: Kingambit|Kingambit, M|100/100
|-activate|p1a: Kingambit|ability: Supreme Overlord
|-start|p1a: Kingambit|fallen2|[silent]
|turn|14
|
|t:|1685902576
|-end|p1a: Kingambit|fallen2|[silent]
|switch|p1a: Hatterene|Hatterene, F|52/100
|switch|p2a: Tauros|Tauros-Paldea-Aqua, M, shiny|87/100
|-damage|p2a: Tauros|81/100|[from] Stealth Rock
|-ability|p2a: Tauros|Intimidate|boost
|-unboost|p1a: Hatterene|atk|1
|
|-heal|p1a: Hatterene|58/100|[from] item: Leftovers
|upkeep
|turn|15
|
|t:|1685902582
|switch|p2a: Muk|Muk-Alola, M, shiny|82/100
|-damage|p2a: Muk|69/100|[from] Stealth Rock
|move|p1a: Hatterene|Nuzzle|p2a: Muk
|-damage|p2a: Muk|67/100
|-status|p2a: Muk|par
|
|-heal|p1a: Hatterene|64/100|[from] item: Leftovers
|-heal|p2a: Muk|73/100 par|[from] item: Leftovers
|upkeep
|turn|16
|
|t:|1685902590
|move|p1a: Hatterene|Draining Kiss|p2a: Muk
|-damage|p2a: Muk|60/100 par
|-heal|p1a: Hatterene|77/100|[from] drain|[of] p2a: Muk
|move|p2a: Muk|Knock Off|p1a: Hatterene
|-damage|p1a: Hatterene|48/100
|-enditem|p1a: Hatterene|Leftovers|[from] move: Knock Off|[of] p2a: Muk
|
|-heal|p2a: Muk|66/100 par|[from] item: Leftovers
|upkeep
|turn|17
|
|t:|1685902600
|move|p1a: Hatterene|Draining Kiss|p2a: Muk
|-damage|p2a: Muk|53/100 par
|-heal|p1a: Hatterene|60/100|[from] drain|[of] p2a: Muk
|cant|p2a: Muk|par
|
|-heal|p2a: Muk|59/100 par|[from] item: Leftovers
|upkeep
|turn|18
|
|t:|1685902604
|move|p1a: Hatterene|Draining Kiss|p2a: Muk
|-damage|p2a: Muk|45/100 par
|-heal|p1a: Hatterene|74/100|[from] drain|[of] p2a: Muk
|move|p2a: Muk|Poison Jab|p1a: Hatterene
|-supereffective|p1a: Hatterene
|-damage|p1a: Hatterene|29/100
|-status|p1a: Hatterene|psn
|
|-heal|p2a: Muk|51/100 par|[from] item: Leftovers
|-damage|p1a: Hatterene|17/100 psn|[from] psn
|upkeep
|turn|19
|
|t:|1685902606
|move|p2a: Muk|Protect|p2a: Muk
|-singleturn|p2a: Muk|Protect
|move|p1a: Hatterene|Draining Kiss|p2a: Muk
|-activate|p2a: Muk|move: Protect
|
|-heal|p2a: Muk|57/100 par|[from] item: Leftovers
|-damage|p1a: Hatterene|4/100 psn|[from] psn
|upkeep
|turn|20
|
|t:|1685902611
|move|p2a: Muk|Protect||[still]
|-fail|p2a: Muk
|move|p1a: Hatterene|Draining Kiss|p2a: Muk
|-damage|p2a: Muk|43/100 par
|-heal|p1a: Hatterene|18/100 psn|[from] drain|[of] p2a: Muk
|
|-heal|p2a: Muk|49/100 par|[from] item: Leftovers
|-damage|p1a: Hatterene|6/100 psn|[from] psn
|upkeep
|turn|21
|
|t:|1685902618
|move|p1a: Hatterene|Mystical Fire|p2a: Muk
|-damage|p2a: Muk|36/100 par
|-unboost|p2a: Muk|spa|1
|move|p2a: Muk|Knock Off|p1a: Hatterene
|-damage|p1a: Hatterene|0 fnt
|faint|p1a: Hatterene
|
|-heal|p2a: Muk|42/100 par|[from] item: Leftovers
|upkeep
|
|t:|1685902628
|switch|p1a: Kingambit|Kingambit, M|100/100
|-activate|p1a: Kingambit|ability: Supreme Overlord
|-start|p1a: Kingambit|fallen3|[silent]
|turn|22
|
|t:|1685902650
|-end|p1a: Kingambit|fallen3|[silent]
|switch|p1a: Dragapult|Dragapult, M|91/100
|switch|p2a: Tauros|Tauros-Paldea-Aqua, M, shiny|81/100
|-damage|p2a: Tauros|75/100|[from] Stealth Rock
|-ability|p2a: Tauros|Intimidate|boost
|-unboost|p1a: Dragapult|atk|1
|
|upkeep
|turn|23
|
|t:|1685902668
|switch|p2a: Muk|Muk-Alola, M, shiny|42/100 par
|-damage|p2a: Muk|30/100 par|[from] Stealth Rock
|move|p1a: Dragapult|Thunderbolt|p2a: Muk
|-damage|p2a: Muk|9/100 par
|-damage|p1a: Dragapult|81/100|[from] item: Life Orb
|
|-heal|p2a: Muk|15/100 par|[from] item: Leftovers
|upkeep
|turn|24
|
|t:|1685902673
|move|p1a: Dragapult|Shadow Ball|p2a: Muk
|-resisted|p2a: Muk
|-damage|p2a: Muk|3/100 par
|-damage|p1a: Dragapult|71/100|[from] item: Life Orb
|cant|p2a: Muk|par
|
|-heal|p2a: Muk|9/100 par|[from] item: Leftovers
|upkeep
|turn|25
|
|t:|1685902678
|move|p2a: Muk|Protect|p2a: Muk
|-singleturn|p2a: Muk|Protect
|move|p1a: Dragapult|Shadow Ball|p2a: Muk
|-activate|p2a: Muk|move: Protect
|
|-heal|p2a: Muk|15/100 par|[from] item: Leftovers
|upkeep
|turn|26
|
|t:|1685902681
|move|p1a: Dragapult|Thunderbolt|p2a: Muk
|-damage|p2a: Muk|0 fnt
|faint|p2a: Muk
|-damage|p1a: Dragapult|61/100|[from] item: Life Orb
|
|upkeep
|
|t:|1685902684
|switch|p2a: Iron Treads|Iron Treads, shiny|94/100
|-damage|p2a: Iron Treads|91/100|[from] Stealth Rock
|turn|27
|
|t:|1685902688
|move|p1a: Dragapult|Fire Blast|p2a: Iron Treads
|-supereffective|p2a: Iron Treads
|-damage|p2a: Iron Treads|0 fnt
|faint|p2a: Iron Treads
|-end|p2a: Iron Treads|Quark Drive|[silent]
|-damage|p1a: Dragapult|52/100|[from] item: Life Orb
|
|upkeep
|
|t:|1685902694
|switch|p2a: Dragapult|Dragapult, F, shiny|100/100
|-damage|p2a: Dragapult|88/100|[from] Stealth Rock
|turn|28
|
|t:|1685902697
|switch|p1a: Kingambit|Kingambit, M|100/100
|-activate|p1a: Kingambit|ability: Supreme Overlord
|-start|p1a: Kingambit|fallen3|[silent]
|move|p2a: Dragapult|Shadow Ball|p1a: Kingambit
|-resisted|p1a: Kingambit
|-damage|p1a: Kingambit|77/100
|
|-heal|p1a: Kingambit|83/100|[from] item: Leftovers
|upkeep
|turn|29
|
|t:|1685902702
|switch|p2a: Tauros|Tauros-Paldea-Aqua, M, shiny|75/100
|-damage|p2a: Tauros|69/100|[from] Stealth Rock
|-ability|p2a: Tauros|Intimidate|boost
|-unboost|p1a: Kingambit|atk|1
|move|p1a: Kingambit|Kowtow Cleave|p2a: Tauros
|-resisted|p2a: Tauros
|-damage|p2a: Tauros|43/100
|
|-heal|p1a: Kingambit|89/100|[from] item: Leftovers
|upkeep
|turn|30
|
|t:|1685902724
|switch|p2a: Enamorus|Enamorus, F, shiny|81/100
|-damage|p2a: Enamorus|57/100|[from] Stealth Rock
|-end|p1a: Kingambit|fallen3|[silent]
|switch|p1a: Zamazenta|Zamazenta|88/100
|
|-heal|p1a: Zamazenta|94/100|[from] item: Leftovers
|upkeep
|turn|31
|
|t:|1685902750
|switch|p1a: Kingambit|Kingambit, M|89/100
|-activate|p1a: Kingambit|ability: Supreme Overlord
|-start|p1a: Kingambit|fallen3|[silent]
|move|p2a: Enamorus|Moonblast|p1a: Kingambit
|-damage|p1a: Kingambit|13/100
|
|-heal|p1a: Kingambit|19/100|[from] item: Leftovers
|upkeep
|turn|32
|
|t:|1685902757
|move|p1a: Kingambit|Sucker Punch|p2a: Enamorus
|-resisted|p2a: Enamorus
|-damage|p2a: Enamorus|13/100
|move|p2a: Enamorus|Moonblast|p1a: Kingambit
|-damage|p1a: Kingambit|0 fnt
|faint|p1a: Kingambit
|-end|p1a: Kingambit|fallen3|[silent]
|
|upkeep
|
|t:|1685902761
|switch|p1a: Dragapult|Dragapult, M|52/100
|turn|33
|
|t:|1685902763
|move|p1a: Dragapult|Shadow Ball|p2a: Enamorus
|-damage|p2a: Enamorus|0 fnt
|faint|p2a: Enamorus
|-damage|p1a: Dragapult|42/100|[from] item: Life Orb
|
|upkeep
|
|t:|1685902766
|switch|p2a: Dragapult|Dragapult, F, shiny|88/100
|-damage|p2a: Dragapult|76/100|[from] Stealth Rock
|turn|34
|
|t:|1685902768
|switch|p1a: Zamazenta|Zamazenta|94/100
|move|p2a: Dragapult|Shadow Ball|p1a: Zamazenta
|-damage|p1a: Zamazenta|55/100
|
|-heal|p1a: Zamazenta|62/100|[from] item: Leftovers
|upkeep
|turn|35
|
|t:|1685902775
|switch|p2a: Tauros|Tauros-Paldea-Aqua, M, shiny|43/100
|-damage|p2a: Tauros|37/100|[from] Stealth Rock
|-ability|p2a: Tauros|Intimidate|boost
|-unboost|p1a: Zamazenta|atk|1
|move|p1a: Zamazenta|Crunch|p2a: Tauros
|-resisted|p2a: Tauros
|-damage|p2a: Tauros|28/100
|
|-heal|p1a: Zamazenta|68/100|[from] item: Leftovers
|upkeep
|turn|36
|
|t:|1685902781
|switch|p1a: Dragapult|Dragapult, M|42/100
|move|p2a: Tauros|Wave Crash|p1a: Dragapult
|-resisted|p1a: Dragapult
|-damage|p1a: Dragapult|0 fnt
|faint|p1a: Dragapult
|-damage|p2a: Tauros|14/100|[from] Recoil
|
|upkeep
|
|t:|1685902786
|switch|p1a: Zamazenta|Zamazenta|68/100
|turn|37
|
|t:|1685902789
|move|p1a: Zamazenta|Body Press|p2a: Tauros
|-damage|p2a: Tauros|0 fnt
|faint|p2a: Tauros
|
|-heal|p1a: Zamazenta|74/100|[from] item: Leftovers
|upkeep
|
|t:|1685902791
|switch|p2a: Dragapult|Dragapult, F, shiny|76/100
|-damage|p2a: Dragapult|64/100|[from] Stealth Rock
|turn|38
|
|t:|1685902795
|-terastallize|p2a: Dragapult|Ghost
|move|p2a: Dragapult|Shadow Ball|p1a: Zamazenta
|-damage|p1a: Zamazenta|21/100
|move|p1a: Zamazenta|Crunch|p2a: Dragapult
|-supereffective|p2a: Dragapult
|-damage|p2a: Dragapult|4/100
|
|-heal|p1a: Zamazenta|27/100|[from] item: Leftovers
|upkeep
|turn|39
|
|t:|1685902798
|move|p2a: Dragapult|Shadow Ball|p1a: Zamazenta
|-damage|p1a: Zamazenta|0 fnt
|faint|p1a: Zamazenta
|
|win|Cobalt Pink
|n|☆beneux|beneux
|n|☆Cobalt Pink|cobaltpink
|n|*Lady Monita|ladymonita
|n| zupe|zupe
|l|*Lady Monita
|l|☆beneux
|c|☆Cobalt Pink|Gg
