|j|☆Kalen80
|j|☆BlankKEKW
|t:|1685868348
|gametype|singles
|player|p1|Kalen80|swimmer-gen4dp|1101
|player|p2|BlankKEKW|hilda-wonderlauncher|1124
|teamsize|p1|6
|teamsize|p2|6
|gen|9
|tier|[Gen 9] OU
|rated|
|rule|Sleep Clause Mod: Limit one foe put to sleep
|rule|Species Clause: Limit one of each Pokémon
|rule|OHKO Clause: OHKO moves are banned
|rule|Evasion Items Clause: Evasion items are banned
|rule|Evasion Moves Clause: Evasion moves are banned
|rule|Endless Battle Clause: Forcing endless battles is banned
|rule|HP Percentage Mod: HP is shown in percentages
|clearpoke
|poke|p1|Dondozo, M|
|poke|p1|Goodra-Hisui, F|
|poke|p1|Slowking, F|
|poke|p1|Dudunsparce-*, F|
|poke|p1|Orthworm, M|
|poke|p1|Clodsire, F|
|poke|p2|Greninja, F|
|poke|p2|Volcarona, M|
|poke|p2|Roaring Moon|
|poke|p2|Scream Tail|
|poke|p2|Maushold|
|poke|p2|Lucario, F|
|teampreview
|inactive|Battle timer is ON: inactive players will automatically lose when time's up. (requested by BlankKEKW)
|
|t:|1685868355
|start
|switch|p1a: Slowking|Slowking, F|100/100
|switch|p2a: Greninja|Greninja, F, shiny|100/100
|turn|1
|
|t:|1685868360
|switch|p1a: Dudunsparce|Dudunsparce, F|100/100
|move|p2a: Greninja|Taunt|p1a: Dudunsparce
|-start|p1a: Dudunsparce|move: Taunt
|
|upkeep
|turn|2
|
|t:|1685868367
|move|p2a: Greninja|Toxic Spikes|p1a: Dudunsparce
|-sidestart|p1: Kalen80|move: Toxic Spikes
|move|p1a: Dudunsparce|Boomburst|p2a: Greninja
|-enditem|p2a: Greninja|Focus Sash
|-damage|p2a: Greninja|1/100
|
|upkeep
|turn|3
|
|t:|1685868373
|move|p2a: Greninja|Surf|p1a: Dudunsparce
|-damage|p1a: Dudunsparce|47/100
|move|p1a: Dudunsparce|Boomburst|p2a: Greninja
|-damage|p2a: Greninja|0 fnt
|faint|p2a: Greninja
|
|-end|p1a: Dudunsparce|move: Taunt
|upkeep
|
|t:|1685868381
|switch|p2a: Lucario|Lucario, F|100/100
|turn|4
|
|t:|1685868385
|-terastallize|p1a: Dudunsparce|Ghost
|move|p2a: Lucario|Swords Dance|p2a: Lucario
|-boost|p2a: Lucario|atk|2
|move|p1a: Dudunsparce|Boomburst|p2a: Lucario
|-resisted|p2a: Lucario
|-damage|p2a: Lucario|28/100
|
|upkeep
|turn|5
|
|t:|1685868393
|switch|p1a: Clodsire|Clodsire, F|100/100
|-item|p1a: Clodsire|Air Balloon
|move|p2a: Lucario|Earthquake|p1a: Clodsire
|-immune|p1a: Clodsire
|
|upkeep
|turn|6
|
|t:|1685868400
|move|p2a: Lucario|Extreme Speed|p1a: Clodsire
|-damage|p1a: Clodsire|43/100
|-enditem|p1a: Clodsire|Air Balloon
|-damage|p2a: Lucario|18/100|[from] item: Life Orb
|move|p1a: Clodsire|Earth Power|p2a: Lucario
|-supereffective|p2a: Lucario
|-damage|p2a: Lucario|0 fnt
|faint|p2a: Lucario
|
|upkeep
|
|t:|1685868423
|switch|p2a: Roaring Moon|Roaring Moon|100/100
|turn|7
|
|t:|1685868434
|switch|p1a: Orthworm|Orthworm, M|100/100
|move|p2a: Roaring Moon|Dragon Claw|p1a: Orthworm
|-resisted|p1a: Orthworm
|-damage|p1a: Orthworm|70/100
|
|upkeep
|turn|8
|
|t:|1685868444
|-end|p2a: Roaring Moon|Protosynthesis|[silent]
|switch|p2a: Volcarona|Volcarona, M, shiny|100/100
|move|p1a: Orthworm|Coil|p1a: Orthworm
|-boost|p1a: Orthworm|atk|1
|-boost|p1a: Orthworm|def|1
|-boost|p1a: Orthworm|accuracy|1
|
|upkeep
|turn|9
|
|t:|1685868452
|-terastallize|p2a: Volcarona|Ground
|move|p2a: Volcarona|Quiver Dance|p2a: Volcarona
|-boost|p2a: Volcarona|spa|1
|-boost|p2a: Volcarona|spd|1
|-boost|p2a: Volcarona|spe|1
|move|p1a: Orthworm|Earthquake|p2a: Volcarona
|-damage|p2a: Volcarona|41/100
|
|upkeep
|turn|10
|
|t:|1685868458
|move|p2a: Volcarona|Flamethrower|p1a: Orthworm
|-supereffective|p1a: Orthworm
|-damage|p1a: Orthworm|0 fnt
|faint|p1a: Orthworm
|
|upkeep
|
|t:|1685868461
|switch|p1a: Clodsire|Clodsire, F|43/100
|-sideend|p1: Kalen80|move: Toxic Spikes|[of] p1a: Clodsire
|turn|11
|
|t:|1685868472
|move|p2a: Volcarona|Flamethrower|p1a: Clodsire
|-damage|p1a: Clodsire|0 fnt
|faint|p1a: Clodsire
|
|upkeep
|
|t:|1685868476
|switch|p1a: Slowking|Slowking, F|100/100
|turn|12
|
|t:|1685868481
|move|p2a: Volcarona|Bug Buzz|p1a: Slowking
|-supereffective|p1a: Slowking
|-damage|p1a: Slowking|0 fnt
|faint|p1a: Slowking
|
|upkeep
|
|t:|1685868485
|switch|p1a: Dondozo|Dondozo, M|100/100
|turn|13
|
|t:|1685868500
|move|p2a: Volcarona|Bug Buzz|p1a: Dondozo
|-damage|p1a: Dondozo|70/100
|move|p1a: Dondozo|Liquidation|p2a: Volcarona
|-supereffective|p2a: Volcarona
|-damage|p2a: Volcarona|0 fnt
|-status|p1a: Dondozo|brn|[from] ability: Flame Body|[of] p2a: Volcarona
|faint|p2a: Volcarona
|
|-damage|p1a: Dondozo|64/100 brn|[from] brn
|upkeep
|
|t:|1685868510
|switch|p2a: Maushold|Maushold|100/100
|turn|14
|
|t:|1685868512
|move|p2a: Maushold|Bite|p1a: Dondozo
|-damage|p1a: Dondozo|50/100 brn
|move|p1a: Dondozo|Curse|p1a: Dondozo
|-unboost|p1a: Dondozo|spe|1
|-boost|p1a: Dondozo|atk|1
|-boost|p1a: Dondozo|def|1
|
|-damage|p1a: Dondozo|44/100 brn|[from] brn
|upkeep
|turn|15
|
|t:|1685868522
|move|p2a: Maushold|Population Bomb|p1a: Dondozo
|-damage|p1a: Dondozo|40/100 brn
|-damage|p1a: Dondozo|35/100 brn
|-damage|p1a: Dondozo|30/100 brn
|-damage|p1a: Dondozo|26/100 brn
|-damage|p1a: Dondozo|21/100 brn
|-damage|p1a: Dondozo|17/100 brn
|-damage|p1a: Dondozo|13/100 brn
|-damage|p1a: Dondozo|8/100 brn
|-damage|p1a: Dondozo|3/100 brn
|-damage|p1a: Dondozo|0 fnt
|faint|p1a: Dondozo
|-hitcount|p1: Dondozo|10
|
|upkeep
|
|t:|1685868528
|switch|p1a: Dudunsparce|Dudunsparce, F, tera:Ghost|47/100
|turn|16
|
|t:|1685868534
|move|p2a: Maushold|Bite|p1a: Dudunsparce
|-supereffective|p1a: Dudunsparce
|-damage|p1a: Dudunsparce|10/100
|-ability|p1a: Dudunsparce|Rattled|boost
|-boost|p1a: Dudunsparce|spe|1
|move|p1a: Dudunsparce|Boomburst|p2a: Maushold
|-damage|p2a: Maushold|0 fnt
|faint|p2a: Maushold
|
|upkeep
|
|t:|1685868547
|switch|p2a: Scream Tail|Scream Tail|100/100
|turn|17
|
|t:|1685868549
|move|p2a: Scream Tail|Dazzling Gleam|p1a: Dudunsparce
|-damage|p1a: Dudunsparce|0 fnt
|faint|p1a: Dudunsparce
|
|upkeep
|
|t:|1685868552
|switch|p1a: Goodra|Goodra-Hisui, F|100/100
|turn|18
|
|t:|1685868558
|move|p2a: Scream Tail|Dazzling Gleam|p1a: Goodra
|-damage|p1a: Goodra|87/100
|move|p1a: Goodra|Curse|p1a: Goodra
|-unboost|p1a: Goodra|spe|1
|-boost|p1a: Goodra|atk|1
|-boost|p1a: Goodra|def|1
|
|upkeep
|turn|19
|
|t:|1685868567
|move|p2a: Scream Tail|Dazzling Gleam|p1a: Goodra
|-damage|p1a: Goodra|74/100
|move|p1a: Goodra|Curse|p1a: Goodra
|-unboost|p1a: Goodra|spe|1
|-boost|p1a: Goodra|atk|1
|-boost|p1a: Goodra|def|1
|
|upkeep
|turn|20
|
|t:|1685868571
|move|p2a: Scream Tail|Encore|p1a: Goodra
|-start|p1a: Goodra|Encore
|move|p1a: Goodra|Curse|p1a: Goodra
|-unboost|p1a: Goodra|spe|1
|-boost|p1a: Goodra|atk|1
|-boost|p1a: Goodra|def|1
|
|upkeep
|turn|21
|
|t:|1685868579
|-end|p2a: Scream Tail|Protosynthesis|[silent]
|switch|p2a: Roaring Moon|Roaring Moon|100/100
|move|p1a: Goodra|Curse|p1a: Goodra
|-unboost|p1a: Goodra|spe|1
|-boost|p1a: Goodra|atk|1
|-boost|p1a: Goodra|def|1
|
|upkeep
|turn|22
|
|t:|1685868583
|move|p2a: Roaring Moon|Earthquake|p1a: Goodra
|-supereffective|p1a: Goodra
|-damage|p1a: Goodra|42/100
|-enditem|p1a: Goodra|Weakness Policy
|-boost|p1a: Goodra|atk|2|[from] item: Weakness Policy
|-boost|p1a: Goodra|spa|2|[from] item: Weakness Policy
|move|p1a: Goodra|Curse|p1a: Goodra
|-unboost|p1a: Goodra|spe|1
|-boost|p1a: Goodra|def|1
|
|-end|p1a: Goodra|Encore
|upkeep
|turn|23
|
|t:|1685868589
|move|p2a: Roaring Moon|Earthquake|p1a: Goodra
|-supereffective|p1a: Goodra
|-damage|p1a: Goodra|16/100
|move|p1a: Goodra|Dragon Claw|p2a: Roaring Moon
|-supereffective|p2a: Roaring Moon
|-damage|p2a: Roaring Moon|0 fnt
|faint|p2a: Roaring Moon
|-end|p2a: Roaring Moon|Protosynthesis|[silent]
|
|upkeep
|
|t:|1685868594
|switch|p2a: Scream Tail|Scream Tail|100/100
|turn|24
|
|t:|1685868598
|move|p2a: Scream Tail|Dazzling Gleam|p1a: Goodra
|-damage|p1a: Goodra|2/100
|move|p1a: Goodra|Rest|p1a: Goodra
|-status|p1a: Goodra|slp|[from] move: Rest
|-heal|p1a: Goodra|100/100 slp|[silent]
|
|upkeep
|turn|25
|
|t:|1685868608
|move|p2a: Scream Tail|Dazzling Gleam|p1a: Goodra
|-damage|p1a: Goodra|88/100 slp
|cant|p1a: Goodra|slp
|move|p1a: Goodra|Sleep Talk|p1a: Goodra
|move|p1a: Goodra|Dragon Claw|p2a: Scream Tail|[from]move: Sleep Talk
|-immune|p2a: Scream Tail
|
|upkeep
|turn|26
|
|t:|1685868616
|move|p2a: Scream Tail|Dazzling Gleam|p1a: Goodra
|-damage|p1a: Goodra|76/100 slp
|cant|p1a: Goodra|slp
|
|upkeep
|turn|27
|-message|BlankKEKW forfeited.
|
|win|Kalen80
|raw|Kalen80's rating: 1101 → 1128(+27 for winning)
|raw|BlankKEKW's rating: 1124 → 1097(-27 for losing)
|l|☆BlankKEKW
