|j|☆zooties
|j|☆IsAnythingReal
|t:|1685841367
|gametype|singles
|player|p1|zooties|265|1327
|player|p2|IsAnythingReal|unknownf|1259
|teamsize|p1|6
|teamsize|p2|6
|gen|9
|tier|[Gen 9] OU
|rated|
|rule|Sleep Clause Mod: Limit one foe put to sleep
|rule|Species Clause: Limit one of each Pokémon
|rule|OHKO Clause: OHKO moves are banned
|rule|Evasion Items Clause: Evasion items are banned
|rule|Evasion Moves Clause: Evasion moves are banned
|rule|Endless Battle Clause: Forcing endless battles is banned
|rule|HP Percentage Mod: HP is shown in percentages
|clearpoke
|poke|p1|Sneasler, M|
|poke|p1|Indeedee, M|
|poke|p1|Hatterene, F|
|poke|p1|Cinderace, F|
|poke|p1|Polteageist|
|poke|p1|Hawlucha, F|
|poke|p2|Clodsire, F|
|poke|p2|Dondozo, F|
|poke|p2|Alomomola, F|
|poke|p2|Talonflame, F|
|poke|p2|Toxapex, M|
|poke|p2|Blissey, F|
|teampreview
|inactive|Battle timer is ON: inactive players will automatically lose when time's up. (requested by zooties)
|
|t:|1685841381
|start
|switch|p1a: Indeedee|Indeedee, M|100/100
|switch|p2a: Blissey|Blissey, F|100/100
|-fieldstart|move: Psychic Terrain|[from] ability: Psychic Surge|[of] p1a: Indeedee
|turn|1
|j| MistyKetchum2023
|inactive|IsAnythingReal has 120 seconds left.
|
|t:|1685841425
|switch|p1a: Hatterene|Hatterene, F|100/100
|move|p2a: Blissey|Stealth Rock|p1a: Hatterene
|move|p1a: Hatterene|Stealth Rock|p2a: Blissey|[from]ability: Magic Bounce
|-sidestart|p2: IsAnythingReal|move: Stealth Rock
|
|upkeep
|turn|2
|inactive|IsAnythingReal has 90 seconds left.
|
|t:|1685841472
|move|p2a: Blissey|Shadow Ball|p1a: Hatterene
|-supereffective|p1a: Hatterene
|-damage|p1a: Hatterene|70/100
|-unboost|p1a: Hatterene|spd|1
|-enditem|p1a: Hatterene|Eject Button
|
|t:|1685841499
|switch|p1a: Sneasler|Sneasler, M|100/100
|-enditem|p1a: Sneasler|Psychic Seed
|-boost|p1a: Sneasler|spd|1|[from] item: Psychic Seed
|
|upkeep
|turn|3
|inactive|zooties has 120 seconds left.
|
|t:|1685841518
|switch|p2a: Toxapex|Toxapex, M|100/100
|move|p1a: Sneasler|Close Combat|p2a: Toxapex
|-resisted|p2a: Toxapex
|-damage|p2a: Toxapex|81/100
|-unboost|p1a: Sneasler|def|1
|-unboost|p1a: Sneasler|spd|1
|
|upkeep
|turn|4
|inactive|zooties has 120 seconds left.
|
|t:|1685841532
|move|p1a: Sneasler|Swords Dance|p1a: Sneasler
|-boost|p1a: Sneasler|atk|2
|move|p2a: Toxapex|Toxic|p1a: Sneasler
|-immune|p1a: Sneasler
|
|upkeep
|turn|5
|
|t:|1685841537
|-terastallize|p1a: Sneasler|Psychic
|move|p1a: Sneasler|Tera Blast|p2a: Toxapex
|-supereffective|p2a: Toxapex
|-damage|p2a: Toxapex|0 fnt
|faint|p2a: Toxapex
|
|upkeep
|
|t:|1685841550
|switch|p2a: Dondozo|Dondozo, F|100/100
|turn|6
|
|t:|1685841553
|move|p1a: Sneasler|Dire Claw|p2a: Dondozo
|-damage|p2a: Dondozo|80/100
|move|p2a: Dondozo|Liquidation|p1a: Sneasler
|-damage|p1a: Sneasler|45/100
|
|upkeep
|turn|7
|
|t:|1685841564
|move|p1a: Sneasler|Dire Claw|p2a: Dondozo
|-damage|p2a: Dondozo|60/100
|move|p2a: Dondozo|Liquidation|p1a: Sneasler
|-damage|p1a: Sneasler|0 fnt
|faint|p1a: Sneasler
|
|upkeep
|
|t:|1685841577
|switch|p1a: Hatterene|Hatterene, F|70/100
|turn|8
|
|t:|1685841585
|switch|p2a: Blissey|Blissey, F|100/100
|move|p1a: Hatterene|Nuzzle|p2a: Blissey
|-damage|p2a: Blissey|93/100
|-status|p2a: Blissey|par
|
|-fieldend|move: Psychic Terrain
|upkeep
|turn|9
|
|t:|1685841593
|move|p1a: Hatterene|Psyshock|p2a: Blissey
|-damage|p2a: Blissey|25/100 par
|cant|p2a: Blissey|par
|
|upkeep
|turn|10
|
|t:|1685841611
|-curestatus|p2a: Blissey|par|[from] ability: Natural Cure
|switch|p2a: Talonflame|Talonflame, F|100/100
|move|p1a: Hatterene|Psyshock|p2a: Talonflame
|-damage|p2a: Talonflame|66/100
|
|upkeep
|turn|11
|
|t:|1685841622
|move|p2a: Talonflame|Will-O-Wisp|p1a: Hatterene
|move|p1a: Hatterene|Will-O-Wisp|p2a: Talonflame|[from]ability: Magic Bounce
|-immune|p2a: Talonflame
|move|p1a: Hatterene|Nuzzle|p2a: Talonflame
|-supereffective|p2a: Talonflame
|-damage|p2a: Talonflame|58/100
|-status|p2a: Talonflame|par
|
|upkeep
|turn|12
|
|t:|1685841635
|switch|p2a: Blissey|Blissey, F|25/100
|move|p1a: Hatterene|Draining Kiss|p2a: Blissey
|-damage|p2a: Blissey|18/100
|-heal|p1a: Hatterene|82/100|[from] drain|[of] p2a: Blissey
|
|upkeep
|turn|13
|
|t:|1685841644
|move|p2a: Blissey|Shadow Ball|p1a: Hatterene
|-supereffective|p1a: Hatterene
|-damage|p1a: Hatterene|53/100
|move|p1a: Hatterene|Psyshock|p2a: Blissey
|-damage|p2a: Blissey|0 fnt
|faint|p2a: Blissey
|
|upkeep
|
|t:|1685841654
|switch|p2a: Clodsire|Clodsire, F|100/100
|turn|14
|
|t:|1685841662
|-terastallize|p2a: Clodsire|Psychic
|move|p1a: Hatterene|Psyshock|p2a: Clodsire
|-resisted|p2a: Clodsire
|-damage|p2a: Clodsire|81/100
|move|p2a: Clodsire|Earthquake|p1a: Hatterene
|-damage|p1a: Hatterene|30/100
|
|upkeep
|turn|15
|
|t:|1685841680
|move|p1a: Hatterene|Draining Kiss|p2a: Clodsire
|-damage|p2a: Clodsire|70/100
|-heal|p1a: Hatterene|42/100|[from] drain|[of] p2a: Clodsire
|move|p2a: Clodsire|Earthquake|p1a: Hatterene
|-damage|p1a: Hatterene|21/100
|
|upkeep
|turn|16
|inactive|IsAnythingReal has 120 seconds left.
|
|t:|1685841687
|switch|p1a: Indeedee|Indeedee, M|100/100
|-fieldstart|move: Psychic Terrain|[from] ability: Psychic Surge|[of] p1a: Indeedee
|move|p2a: Clodsire|Earthquake|p1a: Indeedee
|-damage|p1a: Indeedee|57/100
|
|upkeep
|turn|17
|inactive|IsAnythingReal has 120 seconds left.
|
|t:|1685841712
|switch|p1a: Hatterene|Hatterene, F|21/100
|switch|p2a: Talonflame|Talonflame, F|58/100 par
|
|upkeep
|turn|18
|
|t:|1685841731
|move|p2a: Talonflame|Flamethrower|p1a: Hatterene
|-damage|p1a: Hatterene|0 fnt
|faint|p1a: Hatterene
|
|upkeep
|
|t:|1685841736
|switch|p1a: Hawlucha|Hawlucha, F|100/100
|-enditem|p1a: Hawlucha|Psychic Seed
|-boost|p1a: Hawlucha|spd|1|[from] item: Psychic Seed
|turn|19
|
|t:|1685841744
|move|p1a: Hawlucha|Substitute|p1a: Hawlucha
|-start|p1a: Hawlucha|Substitute
|-damage|p1a: Hawlucha|76/100
|move|p2a: Talonflame|Will-O-Wisp||[still]
|-fail|p2a: Talonflame
|
|upkeep
|turn|20
|
|t:|1685841749
|move|p1a: Hawlucha|Swords Dance|p1a: Hawlucha
|-boost|p1a: Hawlucha|atk|2
|move|p2a: Talonflame|Flamethrower|p1a: Hawlucha
|-end|p1a: Hawlucha|Substitute
|
|upkeep
|turn|21
|
|t:|1685841757
|move|p1a: Hawlucha|Substitute|p1a: Hawlucha
|-start|p1a: Hawlucha|Substitute
|-damage|p1a: Hawlucha|51/100
|cant|p2a: Talonflame|par
|
|upkeep
|turn|22
|
|t:|1685841761
|move|p1a: Hawlucha|Acrobatics|p2a: Talonflame
|-damage|p2a: Talonflame|0 fnt
|faint|p2a: Talonflame
|
|upkeep
|
|t:|1685841769
|switch|p2a: Dondozo|Dondozo, F|60/100
|turn|23
|
|t:|1685841781
|move|p1a: Hawlucha|Close Combat|p2a: Dondozo
|-damage|p2a: Dondozo|35/100
|-unboost|p1a: Hawlucha|def|1
|-unboost|p1a: Hawlucha|spd|1
|move|p2a: Dondozo|Rest|p2a: Dondozo
|-status|p2a: Dondozo|slp|[from] move: Rest
|-heal|p2a: Dondozo|100/100 slp|[silent]
|
|-fieldend|move: Psychic Terrain
|upkeep
|turn|24
|
|t:|1685841794
|switch|p1a: Indeedee|Indeedee, M|57/100
|-fieldstart|move: Psychic Terrain|[from] ability: Psychic Surge|[of] p1a: Indeedee
|cant|p2a: Dondozo|slp
|move|p2a: Dondozo|Sleep Talk|p2a: Dondozo
|move|p2a: Dondozo|Rest||[from]move: Sleep Talk|[still]
|-fail|p2a: Dondozo
|
|upkeep
|turn|25
|inactive|IsAnythingReal has 120 seconds left.
|
|t:|1685841825
|switch|p2a: Clodsire|Clodsire, F, tera:Psychic|70/100
|move|p1a: Indeedee|Psychic|p2a: Clodsire
|-resisted|p2a: Clodsire
|-damage|p2a: Clodsire|58/100
|
|upkeep
|turn|26
|
|t:|1685841835
|move|p1a: Indeedee|Healing Wish|p1a: Indeedee
|faint|p1a: Indeedee
|move|p2a: Clodsire|Recover|p2a: Clodsire
|-heal|p2a: Clodsire|100/100
|
|upkeep
|
|t:|1685841839
|switch|p1a: Cinderace|Cinderace, F|100/100
|turn|27
|
|t:|1685841852
|switch|p2a: Alomomola|Alomomola, F|100/100
|move|p1a: Cinderace|U-turn|p2a: Alomomola
|-start|p1a: Cinderace|typechange|Bug|[from] ability: Libero
|-damage|p2a: Alomomola|83/100
|
|t:|1685841858
|switch|p1a: Polteageist|Polteageist|100/100|[from] U-turn
|
|upkeep
|turn|28
|
|t:|1685841871
|switch|p2a: Clodsire|Clodsire, F, tera:Psychic|100/100
|move|p1a: Polteageist|Shell Smash|p1a: Polteageist
|-unboost|p1a: Polteageist|def|1
|-unboost|p1a: Polteageist|spd|1
|-boost|p1a: Polteageist|atk|2
|-boost|p1a: Polteageist|spa|2
|-boost|p1a: Polteageist|spe|2
|
|upkeep
|turn|29
|
|t:|1685841885
|move|p1a: Polteageist|Stored Power|p2a: Clodsire
|-resisted|p2a: Clodsire
|-damage|p2a: Clodsire|84/100
|move|p2a: Clodsire|Haze|p2a: Clodsire
|-clearallboost
|
|upkeep
|turn|30
|
|t:|1685841895
|switch|p1a: Cinderace|Cinderace, F|100/100
|move|p2a: Clodsire|Toxic|p1a: Cinderace
|-status|p1a: Cinderace|tox
|
|-damage|p1a: Cinderace|95/100 tox|[from] psn
|upkeep
|turn|31
|
|t:|1685841902
|switch|p2a: Alomomola|Alomomola, F|100/100
|move|p1a: Cinderace|U-turn|p2a: Alomomola
|-start|p1a: Cinderace|typechange|Bug|[from] ability: Libero
|-damage|p2a: Alomomola|83/100
|-message|zooties forfeited.
|
|win|IsAnythingReal
|raw|zooties's rating: 1327 → 1303(-24 for losing)
|raw|IsAnythingReal's rating: 1259 → 1289(+30 for winning)
|l|☆zooties
|l|☆IsAnythingReal
