|j|☆ShinyScarfy
|j|☆Shottzy
|t:|1685850201
|gametype|singles
|player|p1|ShinyScarfy|hugh|1320
|player|p2|Shottzy|169|1385
|teamsize|p1|6
|teamsize|p2|6
|gen|9
|tier|[Gen 9] OU
|rated|
|rule|Sleep Clause Mod: Limit one foe put to sleep
|rule|Species Clause: Limit one of each Pokémon
|rule|OHKO Clause: OHKO moves are banned
|rule|Evasion Items Clause: Evasion items are banned
|rule|Evasion Moves Clause: Evasion moves are banned
|rule|Endless Battle Clause: Forcing endless battles is banned
|rule|HP Percentage Mod: HP is shown in percentages
|clearpoke
|poke|p1|Zoroark-Hisui, M|
|poke|p1|Samurott-Hisui, M|
|poke|p1|Ceruledge, M|
|poke|p1|Corviknight, M|
|poke|p1|Goodra-Hisui, F|
|poke|p1|Magearna|
|poke|p2|Sneasler, M|
|poke|p2|Dragapult, M|
|poke|p2|Volcarona, F|
|poke|p2|Zamazenta-*|
|poke|p2|Magearna|
|poke|p2|Samurott-Hisui, M|
|teampreview
|inactive|Battle timer is ON: inactive players will automatically lose when time's up. (requested by ShinyScarfy)
|
|t:|1685850213
|start
|switch|p1a: Corviknight|Corviknight, M|100/100
|switch|p2a: Samurott|Samurott-Hisui, M|100/100
|turn|1
|
|t:|1685850219
|move|p2a: Samurott|Ceaseless Edge|p1a: Corviknight
|-damage|p1a: Corviknight|65/100
|-sidestart|p1: ShinyScarfy|Spikes
|-damage|p2a: Samurott|84/100|[from] item: Rocky Helmet|[of] p1a: Corviknight
|move|p1a: Corviknight|Brave Bird|p2a: Samurott
|-damage|p2a: Samurott|20/100
|-damage|p1a: Corviknight|44/100|[from] Recoil
|
|upkeep
|turn|2
|
|t:|1685850231
|move|p2a: Samurott|Taunt|p1a: Corviknight
|-start|p1a: Corviknight|move: Taunt
|move|p1a: Corviknight|Iron Head|p2a: Samurott
|-resisted|p2a: Samurott
|-damage|p2a: Samurott|0 fnt
|faint|p2a: Samurott
|
|upkeep
|inactive|Shottzy has 120 seconds left.
|
|t:|1685850285
|switch|p2a: Dragapult|Dragapult, M|100/100
|turn|3
|
|t:|1685850294
|move|p2a: Dragapult|Reflect|p2a: Dragapult
|-sidestart|p2: Shottzy|Reflect
|move|p1a: Corviknight|Brave Bird|p2a: Dragapult
|-damage|p2a: Dragapult|69/100
|-damage|p1a: Corviknight|33/100|[from] Recoil
|
|upkeep
|turn|4
|
|t:|1685850300
|move|p2a: Dragapult|Curse|p1a: Corviknight
|-start|p1a: Corviknight|Curse|[of] p2a: Dragapult
|-damage|p2a: Dragapult|19/100
|move|p1a: Corviknight|Brave Bird|p2a: Dragapult
|-crit|p2a: Dragapult
|-damage|p2a: Dragapult|0 fnt
|faint|p2a: Dragapult
|-damage|p1a: Corviknight|26/100|[from] Recoil
|
|-damage|p1a: Corviknight|1/100|[from] Curse
|-end|p1a: Corviknight|move: Taunt
|upkeep
|inactive|Shottzy has 90 seconds left.
|
|t:|1685850327
|switch|p2a: Zamazenta|Zamazenta|100/100
|-ability|p2a: Zamazenta|Dauntless Shield|boost
|-boost|p2a: Zamazenta|def|1
|turn|5
|
|t:|1685850330
|move|p2a: Zamazenta|Substitute|p2a: Zamazenta
|-start|p2a: Zamazenta|Substitute
|-damage|p2a: Zamazenta|76/100
|move|p1a: Corviknight|Brave Bird|p2a: Zamazenta
|-supereffective|p2a: Zamazenta
|-crit|p2a: Zamazenta
|-end|p2a: Zamazenta|Substitute
|-damage|p1a: Corviknight|0 fnt|[from] Recoil|[of] p2a: Zamazenta
|faint|p1a: Corviknight
|
|-heal|p2a: Zamazenta|82/100|[from] item: Leftovers
|upkeep
|c|☆Shottzy|That crit literally changes it
|
|t:|1685850344
|switch|p1a: Magearna|Magearna|100/100
|-damage|p1a: Magearna|88/100|[from] Spikes
|turn|6
|c|☆Shottzy|i’m behind a sub getting plus 5 and ohkoing
|c|☆Shottzy|Thats such bullshit
|inactive|Shottzy has 90 seconds left.
|
|t:|1685850386
|switch|p2a: Volcarona|Volcarona, F|100/100
|move|p1a: Magearna|Draining Kiss|p2a: Volcarona
|-resisted|p2a: Volcarona
|-damage|p2a: Volcarona|86/100
|-heal|p1a: Magearna|99/100|[from] drain|[of] p2a: Volcarona
|
|upkeep
|turn|7
|
|t:|1685850396
|-terastallize|p1a: Magearna|Ghost
|move|p2a: Volcarona|Quiver Dance|p2a: Volcarona
|-boost|p2a: Volcarona|spa|1
|-boost|p2a: Volcarona|spd|1
|-boost|p2a: Volcarona|spe|1
|move|p1a: Magearna|Shadow Ball|p2a: Volcarona
|-damage|p2a: Volcarona|51/100
|
|upkeep
|turn|8
|inactive|Shottzy has 90 seconds left.
|
|t:|1685850406
|move|p2a: Volcarona|Quiver Dance|p2a: Volcarona
|-boost|p2a: Volcarona|spa|1
|-boost|p2a: Volcarona|spd|1
|-boost|p2a: Volcarona|spe|1
|move|p1a: Magearna|Shadow Ball|p2a: Volcarona
|-damage|p2a: Volcarona|28/100
|-unboost|p2a: Volcarona|spd|1
|
|upkeep
|turn|9
|
|t:|1685850409
|move|p2a: Volcarona|Giga Drain|p1a: Magearna
|-damage|p1a: Magearna|62/100
|-heal|p2a: Volcarona|46/100|[from] drain|[of] p1a: Magearna
|move|p1a: Magearna|Shadow Ball|p2a: Volcarona
|-damage|p2a: Volcarona|13/100
|-unboost|p2a: Volcarona|spd|1
|
|upkeep
|turn|10
|
|t:|1685850414
|move|p2a: Volcarona|Fiery Dance|p1a: Magearna
|-damage|p1a: Magearna|0 fnt
|faint|p1a: Magearna
|
|-sideend|p2: Shottzy|Reflect
|upkeep
|
|t:|1685850422
|switch|p1a: Ceruledge|Ceruledge, M|100/100
|-damage|p1a: Ceruledge|88/100|[from] Spikes
|turn|11
|
|t:|1685850429
|move|p1a: Ceruledge|Shadow Sneak|p2a: Volcarona
|-damage|p2a: Volcarona|0 fnt
|faint|p2a: Volcarona
|
|upkeep
|
|t:|1685850447
|switch|p2a: Zamazenta|Zamazenta|82/100
|turn|12
|
|t:|1685850451
|move|p2a: Zamazenta|Iron Defense|p2a: Zamazenta
|-boost|p2a: Zamazenta|def|2
|move|p1a: Ceruledge|Bitter Blade|p2a: Zamazenta
|-crit|p2a: Zamazenta
|-damage|p2a: Zamazenta|22/100
|-heal|p1a: Ceruledge|100/100|[from] drain|[of] p2a: Zamazenta
|
|-heal|p2a: Zamazenta|29/100|[from] item: Leftovers
|upkeep
|turn|13
|inactive|Shottzy has 120 seconds left.
|c|☆Shottzy|STOP CRITING EVERYTIME
|
|t:|1685850477
|move|p2a: Zamazenta|Crunch|p1a: Ceruledge
|-supereffective|p1a: Ceruledge
|-damage|p1a: Ceruledge|52/100
|move|p1a: Ceruledge|Bitter Blade|p2a: Zamazenta
|-damage|p2a: Zamazenta|9/100
|-heal|p1a: Ceruledge|63/100|[from] drain|[of] p2a: Zamazenta
|
|-heal|p2a: Zamazenta|15/100|[from] item: Leftovers
|upkeep
|turn|14
|
|t:|1685850490
|move|p2a: Zamazenta|Iron Defense|p2a: Zamazenta
|-boost|p2a: Zamazenta|def|2
|move|p1a: Ceruledge|Bitter Blade|p2a: Zamazenta
|-damage|p2a: Zamazenta|2/100
|-heal|p1a: Ceruledge|70/100|[from] drain|[of] p2a: Zamazenta
|
|-heal|p2a: Zamazenta|8/100|[from] item: Leftovers
|upkeep
|turn|15
|
|t:|1685850500
|move|p2a: Zamazenta|Crunch|p1a: Ceruledge
|-supereffective|p1a: Ceruledge
|-damage|p1a: Ceruledge|26/100
|move|p1a: Ceruledge|Bitter Blade|p2a: Zamazenta
|-damage|p2a: Zamazenta|0 fnt
|-heal|p1a: Ceruledge|30/100|[from] drain|[of] p2a: Zamazenta
|faint|p2a: Zamazenta
|
|upkeep
|
|t:|1685850507
|switch|p2a: Sneasler|Sneasler, M|100/100
|-item|p2a: Sneasler|Air Balloon
|turn|16
|
|t:|1685850513
|move|p2a: Sneasler|Dire Claw|p1a: Ceruledge
|-resisted|p1a: Ceruledge
|-damage|p1a: Ceruledge|7/100
|move|p1a: Ceruledge|Bitter Blade|p2a: Sneasler
|-damage|p2a: Sneasler|16/100
|-heal|p1a: Ceruledge|53/100|[from] drain|[of] p2a: Sneasler
|-enditem|p2a: Sneasler|Air Balloon
|
|upkeep
|turn|17
|-message|Shottzy forfeited.
|
|win|ShinyScarfy
|raw|ShinyScarfy's rating: 1320 → 1344(+24 for winning)
|raw|Shottzy's rating: 1385 → 1361(-24 for losing)
|l|☆Shottzy
