|j|☆lunai2
|j|☆Green Costume
|t:|1685822749
|gametype|singles
|player|p1|lunai2|170|1081
|player|p2|Green Costume|pokemaniac|1171
|teamsize|p1|6
|teamsize|p2|6
|gen|9
|tier|[Gen 9] OU
|rated|
|rule|Sleep Clause Mod: Limit one foe put to sleep
|rule|Species Clause: Limit one of each Pokémon
|rule|OHKO Clause: OHKO moves are banned
|rule|Evasion Items Clause: Evasion items are banned
|rule|Evasion Moves Clause: Evasion moves are banned
|rule|Endless Battle Clause: Forcing endless battles is banned
|rule|HP Percentage Mod: HP is shown in percentages
|clearpoke
|poke|p1|Ceruledge, M|
|poke|p1|Garchomp, M|
|poke|p1|Arboliva, F|
|poke|p1|Farigiraf, F|
|poke|p1|Chien-Pao|
|poke|p1|Thundurus-Therian, M|
|poke|p2|Pawmot, M|
|poke|p2|Abomasnow, F|
|poke|p2|Avalugg-Hisui, F|
|poke|p2|Slowking-Galar, F|
|poke|p2|Landorus-Therian, M|
|poke|p2|Magearna|
|teampreview
|inactive|Battle timer is ON: inactive players will automatically lose when time's up. (requested by lunai2)
|inactive|Green Costume has 120 seconds left.
|c|☆Green Costume|hf
|
|t:|1685822808
|start
|switch|p1a: Farigiraf|Farigiraf, F, shiny|100/100
|switch|p2a: Landorus|Landorus-Therian, M|100/100
|-ability|p2a: Landorus|Intimidate|boost
|-unboost|p1a: Farigiraf|atk|1
|turn|1
|
|t:|1685822814
|-terastallize|p1a: Farigiraf|Fairy
|move|p2a: Landorus|U-turn|p1a: Farigiraf
|-resisted|p1a: Farigiraf
|-damage|p1a: Farigiraf|88/100
|c|☆lunai2|u2
|
|t:|1685822822
|switch|p2a: Slowking|Slowking-Galar, F|100/100|[from] U-turn
|move|p1a: Farigiraf|Substitute|p1a: Farigiraf
|-start|p1a: Farigiraf|Substitute
|-damage|p1a: Farigiraf|63/100
|
|-heal|p1a: Farigiraf|70/100|[from] item: Leftovers
|upkeep
|turn|2
|
|t:|1685822828
|move|p1a: Farigiraf|Calm Mind|p1a: Farigiraf
|-boost|p1a: Farigiraf|spa|1
|-boost|p1a: Farigiraf|spd|1
|move|p2a: Slowking|Sludge Bomb|p1a: Farigiraf
|-supereffective|p1a: Farigiraf
|-end|p1a: Farigiraf|Substitute
|
|-heal|p1a: Farigiraf|76/100|[from] item: Leftovers
|upkeep
|turn|3
|
|t:|1685822836
|move|p1a: Farigiraf|Calm Mind|p1a: Farigiraf
|-boost|p1a: Farigiraf|spa|1
|-boost|p1a: Farigiraf|spd|1
|move|p2a: Slowking|Sludge Bomb|p1a: Farigiraf
|-supereffective|p1a: Farigiraf
|-damage|p1a: Farigiraf|40/100
|-status|p1a: Farigiraf|psn
|
|-heal|p1a: Farigiraf|46/100 psn|[from] item: Leftovers
|-damage|p1a: Farigiraf|34/100 psn|[from] psn
|upkeep
|turn|4
|
|t:|1685822855
|move|p1a: Farigiraf|Stored Power|p2a: Slowking
|-damage|p2a: Slowking|40/100
|move|p2a: Slowking|Chilly Reception|p2a: Slowking
|-weather|Snow
|
|t:|1685822861
|switch|p2a: Landorus|Landorus-Therian, M|100/100|[from] Chilly Reception
|-ability|p2a: Landorus|Intimidate|boost
|-unboost|p1a: Farigiraf|atk|1
|
|-weather|Snow|[upkeep]
|-heal|p1a: Farigiraf|40/100 psn|[from] item: Leftovers
|-damage|p1a: Farigiraf|28/100 psn|[from] psn
|upkeep
|turn|5
|
|t:|1685822870
|move|p2a: Landorus|Stealth Rock|p1a: Farigiraf
|-sidestart|p1: lunai2|move: Stealth Rock
|move|p1a: Farigiraf|Stored Power|p2a: Landorus
|-damage|p2a: Landorus|0 fnt
|faint|p2a: Landorus
|
|-weather|Snow|[upkeep]
|-heal|p1a: Farigiraf|34/100 psn|[from] item: Leftovers
|-damage|p1a: Farigiraf|21/100 psn|[from] psn
|upkeep
|
|t:|1685822892
|switch|p2a: Dream Lord|Pawmot, M|100/100
|turn|6
|
|t:|1685822896
|move|p2a: Dream Lord|Revival Blessing|p2a: Dream Lord
|
|t:|1685822897
|-heal|p2: Landorus|50/100|[from] move: Revival Blessing
|move|p1a: Farigiraf|Stored Power|p2a: Dream Lord
|-supereffective|p2a: Dream Lord
|-enditem|p2a: Dream Lord|Focus Sash
|-damage|p2a: Dream Lord|1/100
|
|-weather|Snow|[upkeep]
|-heal|p1a: Farigiraf|28/100 psn|[from] item: Leftovers
|-damage|p1a: Farigiraf|15/100 psn|[from] psn
|upkeep
|turn|7
|
|t:|1685822912
|switch|p2a: Magearna|Magearna|100/100
|move|p1a: Farigiraf|Stored Power|p2a: Magearna
|-resisted|p2a: Magearna
|-damage|p2a: Magearna|62/100
|
|-weather|Snow|[upkeep]
|-heal|p2a: Magearna|68/100|[from] item: Leftovers
|-heal|p1a: Farigiraf|21/100 psn|[from] item: Leftovers
|-damage|p1a: Farigiraf|9/100 psn|[from] psn
|upkeep
|turn|8
|
|t:|1685822922
|move|p1a: Farigiraf|Stored Power|p2a: Magearna
|-resisted|p2a: Magearna
|-damage|p2a: Magearna|33/100
|move|p2a: Magearna|Draining Kiss|p1a: Farigiraf
|-crit|p1a: Farigiraf
|-damage|p1a: Farigiraf|0 fnt
|-heal|p2a: Magearna|41/100|[from] drain|[of] p1a: Farigiraf
|faint|p1a: Farigiraf
|-ability|p2a: Magearna|Soul-Heart|boost
|-boost|p2a: Magearna|spa|1
|
|-weather|none
|-heal|p2a: Magearna|47/100|[from] item: Leftovers
|upkeep
|
|t:|1685822932
|switch|p1a: Ceruledge|Ceruledge, M, shiny|100/100
|-damage|p1a: Ceruledge|75/100|[from] Stealth Rock
|turn|9
|
|t:|1685822944
|switch|p2a: Avalugg|Avalugg-Hisui, F, shiny|100/100
|move|p1a: Ceruledge|Bulk Up|p1a: Ceruledge
|-boost|p1a: Ceruledge|atk|1
|-boost|p1a: Ceruledge|def|1
|
|upkeep
|turn|10
|inactive|Green Costume has 120 seconds left.
|
|t:|1685822981
|-terastallize|p2a: Avalugg|Fighting
|move|p1a: Ceruledge|Bitter Blade|p2a: Avalugg
|-damage|p2a: Avalugg|60/100
|-heal|p1a: Ceruledge|99/100|[from] drain|[of] p2a: Avalugg
|-damage|p1a: Ceruledge|89/100|[from] item: Life Orb
|move|p2a: Avalugg|Ice Spinner|p1a: Ceruledge
|-resisted|p1a: Ceruledge
|-damage|p1a: Ceruledge|74/100
|
|upkeep
|turn|11
|inactive|Green Costume has 120 seconds left.
|
|t:|1685822998
|switch|p2a: Landorus|Landorus-Therian, M|50/100
|-ability|p2a: Landorus|Intimidate|boost
|-unboost|p1a: Ceruledge|atk|1
|move|p1a: Ceruledge|Psycho Cut|p2a: Landorus
|-damage|p2a: Landorus|17/100
|-damage|p1a: Ceruledge|64/100|[from] item: Life Orb
|
|upkeep
|turn|12
|
|t:|1685823007
|move|p2a: Landorus|Earthquake|p1a: Ceruledge
|-supereffective|p1a: Ceruledge
|-damage|p1a: Ceruledge|0 fnt
|faint|p1a: Ceruledge
|
|upkeep
|
|t:|1685823011
|switch|p1a: Chien-Pao|Chien-Pao|100/100
|-damage|p1a: Chien-Pao|76/100|[from] Stealth Rock
|-ability|p1a: Chien-Pao|Sword of Ruin
|turn|13
|
|t:|1685823021
|switch|p2a: Magearna|Magearna|47/100
|move|p1a: Chien-Pao|Swords Dance|p1a: Chien-Pao
|-boost|p1a: Chien-Pao|atk|2
|
|-heal|p2a: Magearna|54/100|[from] item: Leftovers
|upkeep
|turn|14
|inactive|Green Costume has 120 seconds left.
|
|t:|1685823047
|switch|p2a: Landorus|Landorus-Therian, M|17/100
|-ability|p2a: Landorus|Intimidate|boost
|-unboost|p1a: Chien-Pao|atk|1
|move|p1a: Chien-Pao|Swords Dance|p1a: Chien-Pao
|-boost|p1a: Chien-Pao|atk|2
|
|upkeep
|turn|15
|
|t:|1685823061
|move|p2a: Landorus|U-turn|p1a: Chien-Pao
|-supereffective|p1a: Chien-Pao
|-damage|p1a: Chien-Pao|0 fnt
|faint|p1a: Chien-Pao
|
|t:|1685823070
|switch|p2a: Abomasnow|Abomasnow, F, shiny|100/100|[from] U-turn
|-weather|Snow|[from] ability: Snow Warning|[of] p2a: Abomasnow
|
|-weather|Snow|[upkeep]
|upkeep
|
|t:|1685823075
|switch|p1a: Garchomp|Garchomp, M, shiny|100/100
|-damage|p1a: Garchomp|94/100|[from] Stealth Rock
|turn|16
|inactive|Green Costume has 120 seconds left.
|
|t:|1685823092
|move|p1a: Garchomp|Earthquake|p2a: Abomasnow
|-resisted|p2a: Abomasnow
|-damage|p2a: Abomasnow|72/100
|move|p2a: Abomasnow|Blizzard|p1a: Garchomp
|-supereffective|p1a: Garchomp
|-damage|p1a: Garchomp|0 fnt
|faint|p1a: Garchomp
|
|-weather|Snow|[upkeep]
|upkeep
|
|t:|1685823096
|switch|p1a: Thundurus|Thundurus-Therian, M, shiny|100/100
|-damage|p1a: Thundurus|75/100|[from] Stealth Rock
|turn|17
|inactive|Green Costume has 120 seconds left.
|
|t:|1685823102
|move|p1a: Thundurus|Nasty Plot|p1a: Thundurus
|-boost|p1a: Thundurus|spa|2
|move|p2a: Abomasnow|Blizzard|p1a: Thundurus
|-supereffective|p1a: Thundurus
|-damage|p1a: Thundurus|0 fnt
|faint|p1a: Thundurus
|
|-weather|Snow|[upkeep]
|upkeep
|
|t:|1685823104
|switch|p1a: Arboliva|Arboliva, F, shiny|100/100
|-damage|p1a: Arboliva|88/100|[from] Stealth Rock
|turn|18
|
|t:|1685823112
|move|p2a: Abomasnow|Aurora Veil|p2a: Abomasnow
|-sidestart|p2: Green Costume|move: Aurora Veil
|move|p1a: Arboliva|Hyper Voice|p2a: Abomasnow
|-damage|p2a: Abomasnow|53/100
|
|-weather|Snow|[upkeep]
|-heal|p1a: Arboliva|94/100|[from] item: Leftovers
|upkeep
|turn|19
|
|t:|1685823118
|move|p2a: Abomasnow|Blizzard|p1a: Arboliva
|-supereffective|p1a: Arboliva
|-damage|p1a: Arboliva|26/100
|-fieldstart|move: Grassy Terrain|[from] ability: Seed Sower|[of] p1a: Arboliva
|move|p1a: Arboliva|Hyper Voice|p2a: Abomasnow
|-damage|p2a: Abomasnow|34/100
|
|-weather|none
|-heal|p2a: Abomasnow|40/100|[from] Grassy Terrain
|-heal|p1a: Arboliva|32/100|[from] Grassy Terrain
|-heal|p1a: Arboliva|38/100|[from] item: Leftovers
|upkeep
|turn|20
|
|t:|1685823131
|switch|p2a: Slowking|Slowking-Galar, F|74/100
|move|p1a: Arboliva|Giga Drain|p2a: Slowking
|-resisted|p2a: Slowking
|-damage|p2a: Slowking|63/100
|-heal|p1a: Arboliva|43/100|[from] drain|[of] p2a: Slowking
|
|-heal|p1a: Arboliva|49/100|[from] Grassy Terrain
|-heal|p1a: Arboliva|56/100|[from] item: Leftovers
|-heal|p2a: Slowking|69/100|[from] Grassy Terrain
|upkeep
|turn|21
|
|t:|1685823144
|move|p1a: Arboliva|Earth Power|p2a: Slowking
|-supereffective|p2a: Slowking
|-damage|p2a: Slowking|44/100
|move|p2a: Slowking|Sludge Bomb|p1a: Arboliva
|-supereffective|p1a: Arboliva
|-damage|p1a: Arboliva|0 fnt
|faint|p1a: Arboliva
|
|win|Green Costume
|raw|lunai2's rating: 1081 → 1064(-17 for losing)
|raw|Green Costume's rating: 1171 → 1190(+19 for winning)
|c|☆lunai2|gg
|l|☆lunai2
|c|☆Green Costume|gg
