|j|☆Ryu nuzlocke
|j|☆aladesus
|t:|1685915903
|gametype|singles
|player|p1|Ryu nuzlocke|169|1137
|player|p2|aladesus|skier|1099
|teamsize|p1|6
|teamsize|p2|6
|gen|9
|tier|[Gen 9] OU
|rated|
|rule|Sleep Clause Mod: Limit one foe put to sleep
|rule|Species Clause: Limit one of each Pokémon
|rule|OHKO Clause: OHKO moves are banned
|rule|Evasion Items Clause: Evasion items are banned
|rule|Evasion Moves Clause: Evasion moves are banned
|rule|Endless Battle Clause: Forcing endless battles is banned
|rule|HP Percentage Mod: HP is shown in percentages
|clearpoke
|poke|p1|Skeledirge, F|
|poke|p1|Magearna|
|poke|p1|Zapdos|
|poke|p1|Toxapex, M|
|poke|p1|Kingambit, M|
|poke|p1|Iron Treads|
|poke|p2|Goodra-Hisui, M|
|poke|p2|Diancie|
|poke|p2|Zamazenta-*|
|poke|p2|Gyarados, M|
|poke|p2|Toxapex, M|
|poke|p2|Dragonite, M|
|teampreview
|inactive|Battle timer is ON: inactive players will automatically lose when time's up. (requested by Ryu nuzlocke)
|
|t:|1685915908
|start
|switch|p1a: Zapdos|Zapdos|100/100
|switch|p2a: Goodra|Goodra-Hisui, M, shiny|100/100
|turn|1
|
|t:|1685915911
|move|p1a: Zapdos|Volt Switch|p2a: Goodra
|-resisted|p2a: Goodra
|-damage|p2a: Goodra|93/100
|
|t:|1685915913
|switch|p1a: Magearna|Magearna|100/100|[from] Volt Switch
|move|p2a: Goodra|Acid Armor|p2a: Goodra
|-boost|p2a: Goodra|def|2
|
|-heal|p2a: Goodra|99/100|[from] item: Leftovers
|upkeep
|turn|2
|
|t:|1685915921
|move|p1a: Magearna|Iron Defense|p1a: Magearna
|-boost|p1a: Magearna|def|2
|move|p2a: Goodra|Acid Armor|p2a: Goodra
|-boost|p2a: Goodra|def|2
|
|-heal|p2a: Goodra|100/100|[from] item: Leftovers
|upkeep
|turn|3
|
|t:|1685915926
|move|p1a: Magearna|Iron Defense|p1a: Magearna
|-boost|p1a: Magearna|def|2
|move|p2a: Goodra|Acid Armor|p2a: Goodra
|-boost|p2a: Goodra|def|2
|
|upkeep
|turn|4
|
|t:|1685915928
|move|p1a: Magearna|Iron Defense|p1a: Magearna
|-boost|p1a: Magearna|def|2
|move|p2a: Goodra|Flamethrower|p1a: Magearna
|-supereffective|p1a: Magearna
|-damage|p1a: Magearna|66/100
|
|-heal|p1a: Magearna|72/100|[from] item: Leftovers
|upkeep
|turn|5
|
|t:|1685915931
|move|p1a: Magearna|Calm Mind|p1a: Magearna
|-boost|p1a: Magearna|spa|1
|-boost|p1a: Magearna|spd|1
|move|p2a: Goodra|Flamethrower|p1a: Magearna
|-supereffective|p1a: Magearna
|-damage|p1a: Magearna|50/100
|
|-heal|p1a: Magearna|56/100|[from] item: Leftovers
|upkeep
|turn|6
|
|t:|1685915936
|-terastallize|p2a: Goodra|Fire
|move|p1a: Magearna|Calm Mind|p1a: Magearna
|-boost|p1a: Magearna|spa|1
|-boost|p1a: Magearna|spd|1
|move|p2a: Goodra|Flamethrower|p1a: Magearna
|-supereffective|p1a: Magearna
|-damage|p1a: Magearna|34/100
|
|-heal|p1a: Magearna|40/100|[from] item: Leftovers
|upkeep
|turn|7
|
|t:|1685915941
|-terastallize|p1a: Magearna|Flying
|move|p1a: Magearna|Calm Mind|p1a: Magearna
|-boost|p1a: Magearna|spa|1
|-boost|p1a: Magearna|spd|1
|move|p2a: Goodra|Flamethrower|p1a: Magearna
|-damage|p1a: Magearna|30/100
|
|-heal|p1a: Magearna|36/100|[from] item: Leftovers
|upkeep
|turn|8
|
|t:|1685915947
|move|p1a: Magearna|Draining Kiss|p2a: Goodra
|-resisted|p2a: Goodra
|-crit|p2a: Goodra
|-damage|p2a: Goodra|80/100
|-heal|p1a: Magearna|52/100|[from] drain|[of] p2a: Goodra
|move|p2a: Goodra|Body Press|p1a: Magearna
|-resisted|p1a: Magearna
|-damage|p1a: Magearna|45/100
|
|-heal|p1a: Magearna|51/100|[from] item: Leftovers
|-heal|p2a: Goodra|86/100|[from] item: Leftovers
|upkeep
|turn|9
|
|t:|1685915954
|move|p1a: Magearna|Calm Mind|p1a: Magearna
|-boost|p1a: Magearna|spa|1
|-boost|p1a: Magearna|spd|1
|move|p2a: Goodra|Flamethrower|p1a: Magearna
|-damage|p1a: Magearna|43/100
|
|-heal|p1a: Magearna|49/100|[from] item: Leftovers
|-heal|p2a: Goodra|92/100|[from] item: Leftovers
|upkeep
|turn|10
|
|t:|1685915958
|move|p1a: Magearna|Draining Kiss|p2a: Goodra
|-resisted|p2a: Goodra
|-damage|p2a: Goodra|75/100
|-heal|p1a: Magearna|61/100|[from] drain|[of] p2a: Goodra
|move|p2a: Goodra|Flamethrower|p1a: Magearna
|-damage|p1a: Magearna|52/100
|
|-heal|p1a: Magearna|58/100|[from] item: Leftovers
|-heal|p2a: Goodra|82/100|[from] item: Leftovers
|upkeep
|turn|11
|
|t:|1685915964
|switch|p2a: Toxapex|Toxapex, M, shiny|100/100
|move|p1a: Magearna|Draining Kiss|p2a: Toxapex
|-resisted|p2a: Toxapex
|-damage|p2a: Toxapex|75/100
|-heal|p1a: Magearna|74/100|[from] drain|[of] p2a: Toxapex
|
|-heal|p1a: Magearna|80/100|[from] item: Leftovers
|-heal|p2a: Toxapex|81/100|[from] item: Black Sludge
|upkeep
|turn|12
|
|t:|1685915966
|move|p1a: Magearna|Stored Power|p2a: Toxapex
|-supereffective|p2a: Toxapex
|-damage|p2a: Toxapex|0 fnt
|faint|p2a: Toxapex
|-ability|p1a: Magearna|Soul-Heart|boost
|-boost|p1a: Magearna|spa|1
|
|-heal|p1a: Magearna|86/100|[from] item: Leftovers
|upkeep
|-message|aladesus forfeited.
|
|win|Ryu nuzlocke
|raw|Ryu nuzlocke's rating: 1137 → 1159(+22 for winning)
|raw|aladesus's rating: 1099 → 1077(-22 for losing)
|l|☆aladesus
