|j|☆Crocdender
|j|☆Shadows Of Aura
|t:|1685889084
|gametype|singles
|player|p1|Crocdender|bruno|1229
|player|p2|Shadows Of Aura|clemont|1198
|teamsize|p1|6
|teamsize|p2|6
|gen|9
|tier|[Gen 9] OU
|rated|
|rule|Sleep Clause Mod: Limit one foe put to sleep
|rule|Species Clause: Limit one of each Pokémon
|rule|OHKO Clause: OHKO moves are banned
|rule|Evasion Items Clause: Evasion items are banned
|rule|Evasion Moves Clause: Evasion moves are banned
|rule|Endless Battle Clause: Forcing endless battles is banned
|rule|HP Percentage Mod: HP is shown in percentages
|clearpoke
|poke|p1|Pelipper, M|
|poke|p1|Urshifu-*, M|
|poke|p1|Basculegion, M|
|poke|p1|Walking Wake|
|poke|p1|Landorus-Therian, M|
|poke|p1|Meowscarada, F|
|poke|p2|Samurott-Hisui, F|
|poke|p2|Enamorus, F|
|poke|p2|Sneasler, M|
|poke|p2|Basculegion, M|
|poke|p2|Goodra-Hisui, M|
|poke|p2|Kleavor, M|
|teampreview
|inactive|Battle timer is ON: inactive players will automatically lose when time's up. (requested by Shadows Of Aura)
|
|t:|1685889113
|start
|switch|p1a: Meowscarada|Meowscarada, F|100/100
|switch|p2a: Basculegion|Basculegion, M|100/100
|turn|1
|
|t:|1685889128
|switch|p2a: Enamorus|Enamorus, F|100/100
|move|p1a: Meowscarada|Flower Trick|p2a: Enamorus
|-start|p1a: Meowscarada|typechange|Grass|[from] ability: Protean
|-resisted|p2a: Enamorus
|-crit|p2a: Enamorus
|-damage|p2a: Enamorus|41/100
|
|-heal|p2a: Enamorus|47/100|[from] item: Leftovers
|upkeep
|turn|2
|
|t:|1685889137
|move|p1a: Meowscarada|Flower Trick|p2a: Enamorus
|-resisted|p2a: Enamorus
|-crit|p2a: Enamorus
|-damage|p2a: Enamorus|0 fnt
|faint|p2a: Enamorus
|
|upkeep
|
|t:|1685889151
|switch|p2a: Sneasler|Sneasler, M|100/100
|turn|3
|
|t:|1685889166
|switch|p1a: Pelipper|Pelipper, M|100/100
|-weather|RainDance|[from] ability: Drizzle|[of] p1a: Pelipper
|move|p2a: Sneasler|Bulk Up|p2a: Sneasler
|-boost|p2a: Sneasler|atk|1
|-boost|p2a: Sneasler|def|1
|
|-weather|RainDance|[upkeep]
|upkeep
|turn|4
|
|t:|1685889192
|-terastallize|p2a: Sneasler|Flying
|move|p2a: Sneasler|Close Combat|p1a: Pelipper
|-resisted|p1a: Pelipper
|-damage|p1a: Pelipper|48/100
|-unboost|p2a: Sneasler|def|1
|-unboost|p2a: Sneasler|spd|1
|-enditem|p2a: Sneasler|White Herb
|-clearnegativeboost|p2a: Sneasler|[silent]
|move|p1a: Pelipper|Knock Off|p2a: Sneasler
|-damage|p2a: Sneasler|86/100
|
|-weather|RainDance|[upkeep]
|upkeep
|turn|5
|inactive|Crocdender has 120 seconds left.
|
|t:|1685889225
|switch|p1a: Basculegion|Basculegion, M|100/100
|move|p2a: Sneasler|Dire Claw|p1a: Basculegion
|-resisted|p1a: Basculegion
|-damage|p1a: Basculegion|59/100
|-status|p1a: Basculegion|psn
|
|-weather|RainDance|[upkeep]
|-damage|p1a: Basculegion|46/100 psn|[from] psn
|upkeep
|turn|6
|j| limegamer
|inactive|Crocdender has 90 seconds left.
|
|t:|1685889250
|move|p2a: Sneasler|Acrobatics|p1a: Basculegion
|-damage|p1a: Basculegion|0 fnt
|faint|p1a: Basculegion
|
|-weather|RainDance|[upkeep]
|upkeep
|inactive|Crocdender has 90 seconds left.
|l| limegamer
|
|t:|1685889266
|switch|p1a: Landorus|Landorus-Therian, M|100/100
|-ability|p1a: Landorus|Intimidate|boost
|-unboost|p2a: Sneasler|atk|1
|turn|7
|
|t:|1685889276
|move|p2a: Sneasler|Bulk Up|p2a: Sneasler
|-boost|p2a: Sneasler|atk|1
|-boost|p2a: Sneasler|def|1
|move|p1a: Landorus|Stealth Rock|p2a: Sneasler
|-sidestart|p2: Shadows Of Aura|move: Stealth Rock
|
|-weather|RainDance|[upkeep]
|upkeep
|turn|8
|inactive|Crocdender has 90 seconds left.
|
|t:|1685889291
|move|p2a: Sneasler|Acrobatics|p1a: Landorus
|-damage|p1a: Landorus|9/100
|move|p1a: Landorus|U-turn|p2a: Sneasler
|-resisted|p2a: Sneasler
|-damage|p2a: Sneasler|75/100
|inactive|Crocdender has 90 seconds left.
|
|t:|1685889302
|switch|p1a: Urshifu|Urshifu-Rapid-Strike, M|100/100|[from] U-turn
|
|-weather|RainDance|[upkeep]
|upkeep
|turn|9
|inactive|Crocdender has 90 seconds left.
|
|t:|1685889309
|-terastallize|p1a: Urshifu|Water
|move|p2a: Sneasler|Acrobatics|p1a: Urshifu
|-damage|p1a: Urshifu|4/100
|move|p1a: Urshifu|Thunder Punch|p2a: Sneasler
|-supereffective|p2a: Sneasler
|-damage|p2a: Sneasler|0 fnt
|faint|p2a: Sneasler
|
|-weather|RainDance|[upkeep]
|upkeep
|
|t:|1685889317
|switch|p2a: Goodra|Goodra-Hisui, M|100/100
|-damage|p2a: Goodra|94/100|[from] Stealth Rock
|turn|10
|
|t:|1685889329
|switch|p1a: Landorus|Landorus-Therian, M|9/100
|-ability|p1a: Landorus|Intimidate|boost
|-unboost|p2a: Goodra|atk|1
|move|p2a: Goodra|Curse|p2a: Goodra
|-unboost|p2a: Goodra|spe|1
|-boost|p2a: Goodra|atk|1
|-boost|p2a: Goodra|def|1
|
|-weather|none
|-heal|p1a: Landorus|15/100|[from] item: Leftovers
|-heal|p2a: Goodra|100/100|[from] item: Leftovers
|upkeep
|turn|11
|
|t:|1685889349
|move|p1a: Landorus|Taunt|p2a: Goodra
|-start|p2a: Goodra|move: Taunt
|cant|p2a: Goodra|move: Taunt|Curse
|
|-heal|p1a: Landorus|21/100|[from] item: Leftovers
|upkeep
|turn|12
|
|t:|1685889356
|move|p1a: Landorus|Earthquake|p2a: Goodra
|-supereffective|p2a: Goodra
|-damage|p2a: Goodra|42/100
|move|p2a: Goodra|Ice Spinner|p1a: Landorus
|-supereffective|p1a: Landorus
|-damage|p1a: Landorus|0 fnt
|faint|p1a: Landorus
|
|-heal|p2a: Goodra|48/100|[from] item: Leftovers
|upkeep
|
|t:|1685889366
|switch|p1a: Walking Wake|Walking Wake|100/100
|turn|13
|
|t:|1685889375
|switch|p2a: Basculegion|Basculegion, M|100/100
|-damage|p2a: Basculegion|88/100|[from] Stealth Rock
|move|p1a: Walking Wake|Dragon Pulse|p2a: Basculegion
|-damage|p2a: Basculegion|20/100
|
|upkeep
|turn|14
|
|t:|1685889387
|move|p2a: Basculegion|Head Smash|p1a: Walking Wake
|-damage|p1a: Walking Wake|45/100
|-damage|p2a: Basculegion|0 fnt|[from] Recoil
|faint|p2a: Basculegion
|move|p1a: Walking Wake|Dragon Pulse|p2: Basculegion|[notarget]
|-fail|p1a: Walking Wake
|
|upkeep
|
|t:|1685889400
|switch|p2a: Samurott|Samurott-Hisui, F|100/100
|-damage|p2a: Samurott|88/100|[from] Stealth Rock
|turn|15
|
|t:|1685889411
|-end|p1a: Walking Wake|Protosynthesis|[silent]
|switch|p1a: Pelipper|Pelipper, M|48/100
|-weather|RainDance|[from] ability: Drizzle|[of] p1a: Pelipper
|move|p2a: Samurott|Ceaseless Edge|p1a: Pelipper
|-damage|p1a: Pelipper|0 fnt
|-sidestart|p1: Crocdender|Spikes
|faint|p1a: Pelipper
|
|-weather|RainDance|[upkeep]
|upkeep
|
|t:|1685889424
|switch|p1a: Meowscarada|Meowscarada, F|100/100
|-damage|p1a: Meowscarada|88/100|[from] Spikes
|turn|16
|
|t:|1685889432
|switch|p2a: Goodra|Goodra-Hisui, M|48/100
|-damage|p2a: Goodra|42/100|[from] Stealth Rock
|move|p1a: Meowscarada|U-turn|p2a: Goodra
|-start|p1a: Meowscarada|typechange|Bug|[from] ability: Protean
|-resisted|p2a: Goodra
|-damage|p2a: Goodra|19/100
|
|t:|1685889440
|switch|p1a: Walking Wake|Walking Wake|45/100|[from] U-turn
|-damage|p1a: Walking Wake|33/100|[from] Spikes
|
|-weather|RainDance|[upkeep]
|-heal|p2a: Goodra|25/100|[from] item: Leftovers
|upkeep
|turn|17
|
|t:|1685889461
|switch|p2a: Samurott|Samurott-Hisui, F|88/100
|-damage|p2a: Samurott|76/100|[from] Stealth Rock
|move|p1a: Walking Wake|Hurricane|p2a: Samurott
|-damage|p2a: Samurott|0 fnt
|faint|p2a: Samurott
|
|-weather|RainDance|[upkeep]
|upkeep
|
|t:|1685889473
|switch|p2a: Kleavor|Kleavor, M|100/100
|turn|18
|
|t:|1685889500
|move|p1a: Walking Wake|Hurricane|p2a: Kleavor
|-damage|p2a: Kleavor|4/100
|move|p2a: Kleavor|Trailblaze|p1a: Walking Wake
|-damage|p1a: Walking Wake|13/100
|-boost|p2a: Kleavor|spe|1
|
|-weather|RainDance|[upkeep]
|upkeep
|turn|19
|inactive|Crocdender has 90 seconds left.
|inactive|Shadows Of Aura has 120 seconds left.
|
|t:|1685889535
|move|p2a: Kleavor|Stone Axe|p1a: Walking Wake
|-damage|p1a: Walking Wake|0 fnt
|-sidestart|p1: Crocdender|move: Stealth Rock
|faint|p1a: Walking Wake
|-end|p1a: Walking Wake|Protosynthesis|[silent]
|
|-weather|RainDance|[upkeep]
|upkeep
|
|t:|1685889545
|switch|p1a: Meowscarada|Meowscarada, F|88/100
|-damage|p1a: Meowscarada|76/100|[from] Spikes
|-damage|p1a: Meowscarada|64/100|[from] Stealth Rock
|turn|20
|inactive|Crocdender has 90 seconds left.
|
|t:|1685889551
|move|p2a: Kleavor|X-Scissor|p1a: Meowscarada
|-supereffective|p1a: Meowscarada
|-damage|p1a: Meowscarada|0 fnt
|faint|p1a: Meowscarada
|
|-weather|RainDance|[upkeep]
|upkeep
|inactive|Crocdender has 90 seconds left.
|
|t:|1685889557
|switch|p1a: Urshifu|Urshifu-Rapid-Strike, M, tera:Water|4/100
|-damage|p1a: Urshifu|0 fnt|[from] Spikes
|faint|p1a: Urshifu
|
|win|Shadows Of Aura
|raw|Crocdender's rating: 1229 → 1202(-27 for losing)
|raw|Shadows Of Aura's rating: 1198 → 1225(+27 for winning)
|l|☆Crocdender
