|j|☆Lord Winotrex
|j|☆Jour2e23 Dwappi
|t:|1685902085
|gametype|singles
|player|p1|Lord Winotrex|nobunaga-conquest|1703
|player|p2|Jour2e23 Dwappi|265|1694
|teamsize|p1|6
|teamsize|p2|6
|gen|9
|tier|[Gen 9] OU
|rated|
|rule|Sleep Clause Mod: Limit one foe put to sleep
|rule|Species Clause: Limit one of each Pokémon
|rule|OHKO Clause: OHKO moves are banned
|rule|Evasion Items Clause: Evasion items are banned
|rule|Evasion Moves Clause: Evasion moves are banned
|rule|Endless Battle Clause: Forcing endless battles is banned
|rule|HP Percentage Mod: HP is shown in percentages
|clearpoke
|poke|p1|Cresselia, F|
|poke|p1|Ursaluna, M|
|poke|p1|Kingambit, F|
|poke|p1|Hatterene, F|
|poke|p1|Iron Hands|
|poke|p1|Magearna|
|poke|p2|Volcarona, F|
|poke|p2|Ursaluna, M|
|poke|p2|Zamazenta-*|
|poke|p2|Dragapult, M|
|poke|p2|Sneasler, F|
|poke|p2|Magearna|
|teampreview
|inactive|Battle timer is ON: inactive players will automatically lose when time's up. (requested by Jour2e23 Dwappi)
|
|t:|1685902099
|start
|switch|p1a: uwu owo|Hatterene, F|100/100
|switch|p2a: Zamazenta|Zamazenta|100/100
|-ability|p2a: Zamazenta|Dauntless Shield|boost
|-boost|p2a: Zamazenta|def|1
|turn|1
|
|t:|1685902116
|move|p2a: Zamazenta|Crunch|p1a: uwu owo
|-damage|p1a: uwu owo|84/100
|move|p1a: uwu owo|Trick Room|p1a: uwu owo
|-fieldstart|move: Trick Room|[of] p1a: uwu owo
|
|upkeep
|turn|2
|
|t:|1685902125
|switch|p2a: Magearna|Magearna|100/100
|move|p1a: uwu owo|Psychic|p2a: Magearna
|-resisted|p2a: Magearna
|-damage|p2a: Magearna|80/100
|
|-heal|p2a: Magearna|86/100|[from] item: Leftovers
|upkeep
|turn|3
|
|t:|1685902130
|switch|p1a: Bare Necessities|Ursaluna, M|100/100
|move|p2a: Magearna|Calm Mind|p2a: Magearna
|-boost|p2a: Magearna|spa|1
|-boost|p2a: Magearna|spd|1
|
|-heal|p2a: Magearna|92/100|[from] item: Leftovers
|-status|p1a: Bare Necessities|brn|[from] item: Flame Orb
|upkeep
|turn|4
|
|t:|1685902138
|move|p1a: Bare Necessities|Headlong Rush|p2a: Magearna
|-supereffective|p2a: Magearna
|-damage|p2a: Magearna|0 fnt
|-unboost|p1a: Bare Necessities|def|1
|-unboost|p1a: Bare Necessities|spd|1
|faint|p2a: Magearna
|
|-damage|p1a: Bare Necessities|94/100 brn|[from] brn
|upkeep
|
|t:|1685902145
|switch|p2a: Zamazenta|Zamazenta|100/100
|turn|5
|
|t:|1685902153
|move|p1a: Bare Necessities|Facade|p2a: Zamazenta
|-crit|p2a: Zamazenta
|-damage|p2a: Zamazenta|0 fnt
|faint|p2a: Zamazenta
|
|-damage|p1a: Bare Necessities|88/100 brn|[from] brn
|-fieldend|move: Trick Room
|upkeep
|
|t:|1685902167
|switch|p2a: Sneasler|Sneasler, F|100/100
|-item|p2a: Sneasler|Air Balloon
|turn|6
|
|t:|1685902176
|move|p2a: Sneasler|Swords Dance|p2a: Sneasler
|-boost|p2a: Sneasler|atk|2
|move|p1a: Bare Necessities|Facade|p2a: Sneasler
|-damage|p2a: Sneasler|0 fnt
|-enditem|p2a: Sneasler|Air Balloon
|faint|p2a: Sneasler
|
|-damage|p1a: Bare Necessities|82/100 brn|[from] brn
|upkeep
|
|t:|1685902183
|switch|p2a: Dragapult|Dragapult, M|100/100
|turn|7
|
|t:|1685902190
|switch|p1a: uwu owo|Hatterene, F|84/100
|move|p2a: Dragapult|Reflect|p2a: Dragapult
|-sidestart|p2: Jour2e23 Dwappi|Reflect
|
|upkeep
|turn|8
|
|t:|1685902195
|move|p2a: Dragapult|Light Screen|p2a: Dragapult
|-sidestart|p2: Jour2e23 Dwappi|move: Light Screen
|move|p1a: uwu owo|Trick Room|p1a: uwu owo
|-fieldstart|move: Trick Room|[of] p1a: uwu owo
|
|upkeep
|turn|9
|
|t:|1685902200
|move|p1a: uwu owo|Reflect|p1a: uwu owo
|-sidestart|p1: Lord Winotrex|Reflect
|move|p2a: Dragapult|Curse|p1a: uwu owo
|-start|p1a: uwu owo|Curse|[of] p2a: Dragapult
|-damage|p2a: Dragapult|50/100
|
|-damage|p1a: uwu owo|59/100|[from] Curse
|upkeep
|turn|10
|
|t:|1685902216
|switch|p1a: Bare Necessities|Ursaluna, M|82/100 brn
|switch|p2a: Ursaluna|Ursaluna, M|100/100
|
|-damage|p1a: Bare Necessities|75/100 brn|[from] brn
|-status|p2a: Ursaluna|brn|[from] item: Flame Orb
|upkeep
|turn|11
|
|t:|1685902228
|move|p1a: Bare Necessities|Swords Dance|p1a: Bare Necessities
|-boost|p1a: Bare Necessities|atk|2
|move|p2a: Ursaluna|Swords Dance|p2a: Ursaluna
|-boost|p2a: Ursaluna|atk|2
|
|-damage|p1a: Bare Necessities|69/100 brn|[from] brn
|-damage|p2a: Ursaluna|94/100 brn|[from] brn
|upkeep
|turn|12
|
|t:|1685902236
|-terastallize|p1a: Bare Necessities|Normal
|move|p1a: Bare Necessities|Facade|p2a: Ursaluna
|-damage|p2a: Ursaluna|0 fnt
|faint|p2a: Ursaluna
|
|-damage|p1a: Bare Necessities|63/100 brn|[from] brn
|-fieldend|move: Trick Room
|upkeep
|
|t:|1685902242
|switch|p2a: Volcarona|Volcarona, F, shiny|100/100
|turn|13
|
|t:|1685902248
|switch|p2a: Dragapult|Dragapult, M|50/100
|move|p1a: Bare Necessities|Facade|p2a: Dragapult
|-immune|p2a: Dragapult
|
|-damage|p1a: Bare Necessities|57/100 brn|[from] brn
|-sideend|p1: Lord Winotrex|Reflect
|upkeep
|turn|14
|
|t:|1685902254
|move|p2a: Dragapult|Curse|p1a: Bare Necessities
|-start|p1a: Bare Necessities|Curse|[of] p2a: Dragapult
|-damage|p2a: Dragapult|0 fnt
|faint|p2a: Dragapult
|move|p1a: Bare Necessities|Crunch|p2: Dragapult|[notarget]
|-fail|p1a: Bare Necessities
|
|-damage|p1a: Bare Necessities|50/100 brn|[from] brn
|-damage|p1a: Bare Necessities|25/100 brn|[from] Curse
|-sideend|p2: Jour2e23 Dwappi|Reflect
|upkeep
|
|t:|1685902259
|switch|p2a: Volcarona|Volcarona, F, shiny|100/100
|turn|15
|
|t:|1685902262
|move|p2a: Volcarona|Flamethrower|p1a: Bare Necessities
|-damage|p1a: Bare Necessities|0 fnt
|faint|p1a: Bare Necessities
|
|-sideend|p2: Jour2e23 Dwappi|move: Light Screen
|upkeep
|
|t:|1685902271
|switch|p1a: Iron Nuts|Iron Hands|100/100
|-enditem|p1a: Iron Nuts|Booster Energy
|-activate|p1a: Iron Nuts|ability: Quark Drive|[fromitem]
|-start|p1a: Iron Nuts|quarkdriveatk
|turn|16
|
|t:|1685902283
|move|p2a: Volcarona|Quiver Dance|p2a: Volcarona
|-boost|p2a: Volcarona|spa|1
|-boost|p2a: Volcarona|spd|1
|-boost|p2a: Volcarona|spe|1
|move|p1a: Iron Nuts|Wild Charge|p2a: Volcarona
|-damage|p2a: Volcarona|0 fnt
|faint|p2a: Volcarona
|-damage|p1a: Iron Nuts|83/100|[from] Recoil
|
|win|Lord Winotrex
|raw|Lord Winotrex's rating: 1703 → 1722(+19 for winning)
|raw|Jour2e23 Dwappi's rating: 1694 → 1675(-19 for losing)
|l|☆Jour2e23 Dwappi
