|j|☆CarefulCharizard
|j|☆AAAAAAAAAA8
|t:|1685855485
|gametype|singles
|player|p1|CarefulCharizard|larry|1262
|player|p2|AAAAAAAAAA8|unknown|1271
|teamsize|p1|6
|teamsize|p2|6
|gen|9
|tier|[Gen 9] OU
|rated|
|rule|Sleep Clause Mod: Limit one foe put to sleep
|rule|Species Clause: Limit one of each Pokémon
|rule|OHKO Clause: OHKO moves are banned
|rule|Evasion Items Clause: Evasion items are banned
|rule|Evasion Moves Clause: Evasion moves are banned
|rule|Endless Battle Clause: Forcing endless battles is banned
|rule|HP Percentage Mod: HP is shown in percentages
|clearpoke
|poke|p1|Chien-Pao|
|poke|p1|Skeledirge, M|
|poke|p1|Great Tusk|
|poke|p1|Rotom-Wash|
|poke|p1|Zamazenta-*|
|poke|p1|Landorus-Therian, M|
|poke|p2|Amoonguss, M|
|poke|p2|Heatran, M|
|poke|p2|Samurott-Hisui, F|
|poke|p2|Dragapult, F|
|poke|p2|Volcanion|
|poke|p2|Great Tusk|
|teampreview
|j| MythosKojin
|j| GymLeader Avery
|
|t:|1685855503
|start
|switch|p1a: Chien-Pao|Chien-Pao|100/100
|switch|p2a: Dragapult|Dragapult, F|100/100
|-ability|p1a: Chien-Pao|Sword of Ruin
|turn|1
|
|t:|1685855516
|switch|p2a: Volcanion|Volcanion|100/100
|move|p1a: Chien-Pao|Ice Shard|p2a: Volcanion
|-resisted|p2a: Volcanion
|-damage|p2a: Volcanion|91/100
|
|-heal|p2a: Volcanion|97/100|[from] item: Leftovers
|upkeep
|turn|2
|
|t:|1685855528
|switch|p1a: Rotom|Rotom-Wash|100/100
|move|p2a: Volcanion|Substitute|p2a: Volcanion
|-start|p2a: Volcanion|Substitute
|-damage|p2a: Volcanion|72/100
|
|-heal|p2a: Volcanion|78/100|[from] item: Leftovers
|upkeep
|turn|3
|inactive|Battle timer is ON: inactive players will automatically lose when time's up. (requested by AAAAAAAAAA8)
|
|t:|1685855565
|-terastallize|p2a: Volcanion|Ground
|move|p2a: Volcanion|Steam Eruption|p1a: Rotom
|-resisted|p1a: Rotom
|-damage|p1a: Rotom|72/100
|move|p1a: Rotom|Volt Switch|p2a: Volcanion
|-immune|p2a: Volcanion
|
|-heal|p2a: Volcanion|84/100|[from] item: Leftovers
|-heal|p1a: Rotom|78/100|[from] item: Leftovers
|upkeep
|turn|4
|
|t:|1685855571
|move|p2a: Volcanion|Flamethrower|p1a: Rotom
|-resisted|p1a: Rotom
|-damage|p1a: Rotom|53/100
|move|p1a: Rotom|Hydro Pump|p2a: Volcanion
|-heal|p2a: Volcanion|100/100|[from] ability: Water Absorb|[of] p1a: Rotom
|
|-heal|p1a: Rotom|59/100|[from] item: Leftovers
|upkeep
|turn|5
|c| GymLeader Avery|hold on
|c| GymLeader Avery|let him cook
|
|t:|1685855579
|move|p1a: Rotom|Protect|p1a: Rotom
|-singleturn|p1a: Rotom|Protect
|move|p2a: Volcanion|Flamethrower|p1a: Rotom
|-activate|p1a: Rotom|move: Protect
|
|-heal|p1a: Rotom|65/100|[from] item: Leftovers
|upkeep
|turn|6
|
|t:|1685855600
|switch|p1a: Skeledirge|Skeledirge, M|100/100
|move|p2a: Volcanion|Steam Eruption|p1a: Skeledirge
|-supereffective|p1a: Skeledirge
|-damage|p1a: Skeledirge|20/100
|
|upkeep
|turn|7
|
|t:|1685855614
|switch|p1a: Rotom|Rotom-Wash|65/100
|move|p2a: Volcanion|Earth Power|p1a: Rotom
|-immune|p1a: Rotom|[from] ability: Levitate
|
|-heal|p1a: Rotom|72/100|[from] item: Leftovers
|upkeep
|turn|8
|
|t:|1685855620
|move|p1a: Rotom|Protect|p1a: Rotom
|-singleturn|p1a: Rotom|Protect
|move|p2a: Volcanion|Flamethrower|p1a: Rotom
|-activate|p1a: Rotom|move: Protect
|
|-heal|p1a: Rotom|78/100|[from] item: Leftovers
|upkeep
|turn|9
|
|t:|1685855640
|move|p2a: Volcanion|Flamethrower|p1a: Rotom
|-resisted|p1a: Rotom
|-damage|p1a: Rotom|55/100
|move|p1a: Rotom|Volt Switch|p2a: Volcanion
|-immune|p2a: Volcanion
|
|-heal|p1a: Rotom|61/100|[from] item: Leftovers
|upkeep
|turn|10
|
|t:|1685855646
|move|p1a: Rotom|Protect|p1a: Rotom
|-singleturn|p1a: Rotom|Protect
|move|p2a: Volcanion|Earth Power|p1a: Rotom
|-activate|p1a: Rotom|move: Protect
|
|-heal|p1a: Rotom|67/100|[from] item: Leftovers
|upkeep
|turn|11
|
|t:|1685855670
|switch|p1a: Landorus|Landorus-Therian, M|100/100
|-ability|p1a: Landorus|Intimidate|boost
|-immune|p2a: Volcanion
|move|p2a: Volcanion|Flamethrower|p1a: Landorus
|-damage|p1a: Landorus|42/100
|
|-heal|p1a: Landorus|48/100|[from] item: Leftovers
|upkeep
|turn|12
|
|t:|1685855686
|move|p1a: Landorus|Earthquake|p2a: Volcanion
|-end|p2a: Volcanion|Substitute
|move|p2a: Volcanion|Flamethrower|p1a: Landorus
|-damage|p1a: Landorus|0 fnt
|faint|p1a: Landorus
|
|upkeep
|
|t:|1685855693
|switch|p1a: Chien-Pao|Chien-Pao|100/100
|-ability|p1a: Chien-Pao|Sword of Ruin
|turn|13
|
|t:|1685855704
|switch|p2a: Samurott|Samurott-Hisui, F|100/100
|move|p1a: Chien-Pao|Ice Spinner|p2a: Samurott
|-resisted|p2a: Samurott
|-damage|p2a: Samurott|48/100
|
|upkeep
|turn|14
|
|t:|1685855720
|move|p2a: Samurott|Ceaseless Edge|p1a: Chien-Pao
|-resisted|p1a: Chien-Pao
|-damage|p1a: Chien-Pao|73/100
|-sidestart|p1: CarefulCharizard|Spikes
|move|p1a: Chien-Pao|Ice Spinner|p2a: Samurott
|-resisted|p2a: Samurott
|-damage|p2a: Samurott|0 fnt
|faint|p2a: Samurott
|
|upkeep
|
|t:|1685855733
|switch|p2a: Heatran|Heatran, M|100/100
|turn|15
|
|t:|1685855739
|switch|p1a: Skeledirge|Skeledirge, M|20/100
|move|p2a: Heatran|Will-O-Wisp|p1a: Skeledirge
|-immune|p1a: Skeledirge
|
|upkeep
|turn|16
|
|t:|1685855743
|move|p2a: Heatran|Earth Power|p1a: Skeledirge
|-supereffective|p1a: Skeledirge
|-damage|p1a: Skeledirge|0 fnt
|faint|p1a: Skeledirge
|
|upkeep
|
|t:|1685855758
|switch|p1a: Zamazenta|Zamazenta-Crowned|100/100
|-damage|p1a: Zamazenta|88/100|[from] Spikes
|-ability|p1a: Zamazenta|Dauntless Shield|boost
|-boost|p1a: Zamazenta|def|1
|turn|17
|
|t:|1685855764
|move|p1a: Zamazenta|Substitute|p1a: Zamazenta
|-start|p1a: Zamazenta|Substitute
|-damage|p1a: Zamazenta|63/100
|move|p2a: Heatran|Magma Storm|p1a: Zamazenta
|-supereffective|p1a: Zamazenta
|-end|p1a: Zamazenta|Substitute
|
|upkeep
|turn|18
|
|t:|1685855769
|switch|p2a: Dragapult|Dragapult, F|100/100
|move|p1a: Zamazenta|Body Press|p2a: Dragapult
|-immune|p2a: Dragapult
|
|upkeep
|turn|19
|
|t:|1685855782
|switch|p1a: Rotom|Rotom-Wash|67/100
|move|p2a: Dragapult|Will-O-Wisp|p1a: Rotom
|-status|p1a: Rotom|brn
|
|-heal|p1a: Rotom|74/100 brn|[from] item: Leftovers
|-damage|p1a: Rotom|67/100 brn|[from] brn
|upkeep
|turn|20
|
|t:|1685855795
|switch|p2a: Volcanion|Volcanion, tera:Ground|100/100
|switch|p1a: Chien-Pao|Chien-Pao|73/100
|-damage|p1a: Chien-Pao|60/100|[from] Spikes
|-ability|p1a: Chien-Pao|Sword of Ruin
|
|upkeep
|turn|21
|
|t:|1685855816
|switch|p2a: Great Tusk|Great Tusk|100/100
|-enditem|p2a: Great Tusk|Booster Energy
|-activate|p2a: Great Tusk|ability: Protosynthesis|[fromitem]
|-start|p2a: Great Tusk|protosynthesisspe
|move|p1a: Chien-Pao|Sacred Sword|p2a: Great Tusk
|-damage|p2a: Great Tusk|57/100
|
|upkeep
|turn|22
|
|t:|1685855828
|-end|p2a: Great Tusk|Protosynthesis|[silent]
|switch|p2a: Amoonguss|Amoonguss, M|100/100
|switch|p1a: Rotom|Rotom-Wash|67/100 brn
|
|-heal|p1a: Rotom|74/100 brn|[from] item: Leftovers
|-damage|p1a: Rotom|67/100 brn|[from] brn
|upkeep
|turn|23
|
|t:|1685855843
|move|p1a: Rotom|Thunder Wave|p2a: Amoonguss
|-status|p2a: Amoonguss|par
|cant|p2a: Amoonguss|par
|
|-heal|p1a: Rotom|74/100 brn|[from] item: Leftovers
|-damage|p1a: Rotom|67/100 brn|[from] brn
|upkeep
|turn|24
|
|t:|1685855853
|move|p1a: Rotom|Volt Switch|p2a: Amoonguss
|-resisted|p2a: Amoonguss
|-damage|p2a: Amoonguss|88/100 par
|
|t:|1685855860
|switch|p1a: Zamazenta|Zamazenta-Crowned|63/100|[from] Volt Switch
|-damage|p1a: Zamazenta|51/100|[from] Spikes
|move|p2a: Amoonguss|Spore|p1a: Zamazenta
|-status|p1a: Zamazenta|slp|[from] move: Spore
|
|upkeep
|turn|25
|
|t:|1685855875
|switch|p1a: Chien-Pao|Chien-Pao|60/100
|-damage|p1a: Chien-Pao|48/100|[from] Spikes
|-ability|p1a: Chien-Pao|Sword of Ruin
|switch|p2a: Volcanion|Volcanion, tera:Ground|100/100
|
|upkeep
|turn|26
|
|t:|1685855884
|switch|p2a: Heatran|Heatran, M|100/100
|move|p1a: Chien-Pao|Ice Spinner|p2a: Heatran
|-resisted|p2a: Heatran
|-damage|p2a: Heatran|83/100
|
|-heal|p2a: Heatran|90/100|[from] item: Leftovers
|upkeep
|turn|27
|
|t:|1685855894
|switch|p1a: Rotom|Rotom-Wash|67/100 brn
|move|p2a: Heatran|Magma Storm|p1a: Rotom|[miss]
|-miss|p2a: Heatran|p1a: Rotom
|
|-heal|p1a: Rotom|74/100 brn|[from] item: Leftovers
|-heal|p2a: Heatran|96/100|[from] item: Leftovers
|-damage|p1a: Rotom|67/100 brn|[from] brn
|upkeep
|turn|28
|
|t:|1685855902
|move|p1a: Rotom|Hydro Pump|p2a: Heatran|[miss]
|-miss|p1a: Rotom|p2a: Heatran
|move|p2a: Heatran|Magma Storm|p1a: Rotom|[miss]
|-miss|p2a: Heatran|p1a: Rotom
|
|-heal|p1a: Rotom|74/100 brn|[from] item: Leftovers
|-heal|p2a: Heatran|100/100|[from] item: Leftovers
|-damage|p1a: Rotom|67/100 brn|[from] brn
|upkeep
|turn|29
|c|☆CarefulCharizard|Gg
|c| GymLeader Avery|yall need glasses
|-message|CarefulCharizard forfeited.
|
|win|AAAAAAAAAA8
|raw|CarefulCharizard's rating: 1262 → 1238(-24 for losing)
|raw|AAAAAAAAAA8's rating: 1271 → 1295(+24 for winning)
|l|☆CarefulCharizard
|l| MythosKojin
|l| GymLeader Avery
|j| GymLeader Avery
