|j|☆Jazz1234
|j|☆SpoonTheHarpoon
|t:|1685893349
|gametype|singles
|player|p1|Jazz1234|hiker-gen4|1572
|player|p2|SpoonTheHarpoon|bugcatcher-gen4dp|1548
|teamsize|p1|6
|teamsize|p2|6
|gen|9
|tier|[Gen 9] OU
|rated|
|rule|Sleep Clause Mod: Limit one foe put to sleep
|rule|Species Clause: Limit one of each Pokémon
|rule|OHKO Clause: OHKO moves are banned
|rule|Evasion Items Clause: Evasion items are banned
|rule|Evasion Moves Clause: Evasion moves are banned
|rule|Endless Battle Clause: Forcing endless battles is banned
|rule|HP Percentage Mod: HP is shown in percentages
|clearpoke
|poke|p1|Magearna|
|poke|p1|Great Tusk|
|poke|p1|Tornadus-Therian, M|
|poke|p1|Chien-Pao|
|poke|p1|Dragonite, M|
|poke|p1|Volcarona, F|
|poke|p2|Walking Wake|
|poke|p2|Kingambit, F|
|poke|p2|Dragonite, M|
|poke|p2|Iron Moth|
|poke|p2|Glimmora, F|
|poke|p2|Azumarill, F|
|teampreview
|
|t:|1685893358
|start
|switch|p1a: Great Tusk|Great Tusk|100/100
|switch|p2a: Hydrophobia|Azumarill, F, shiny|100/100
|turn|1
|
|t:|1685893363
|move|p1a: Great Tusk|Knock Off|p2a: Hydrophobia
|-resisted|p2a: Hydrophobia
|-damage|p2a: Hydrophobia|86/100
|-enditem|p2a: Hydrophobia|Assault Vest|[from] move: Knock Off|[of] p1a: Great Tusk
|move|p2a: Hydrophobia|Liquidation|p1a: Great Tusk
|-supereffective|p1a: Great Tusk
|-damage|p1a: Great Tusk|45/100
|
|-heal|p1a: Great Tusk|51/100|[from] item: Leftovers
|upkeep
|turn|2
|j| Frank Lopez
|
|t:|1685893372
|-end|p1a: Great Tusk|Protosynthesis|[silent]
|switch|p1a: Tornadus|Tornadus-Therian, M|100/100
|move|p2a: Hydrophobia|Liquidation|p1a: Tornadus
|-damage|p1a: Tornadus|43/100
|
|upkeep
|turn|3
|
|t:|1685893377
|move|p1a: Tornadus|U-turn|p2a: Hydrophobia
|-resisted|p2a: Hydrophobia
|-damage|p2a: Hydrophobia|80/100
|
|t:|1685893381
|switch|p1a: Magearna|Magearna|100/100|[from] U-turn
|move|p2a: Hydrophobia|Liquidation|p1a: Magearna
|-damage|p1a: Magearna|50/100
|
|upkeep
|turn|4
|
|t:|1685893400
|move|p1a: Magearna|Volt Switch|p2a: Hydrophobia
|-supereffective|p2a: Hydrophobia
|-damage|p2a: Hydrophobia|0 fnt
|faint|p2a: Hydrophobia
|-ability|p1a: Magearna|Soul-Heart|boost
|-boost|p1a: Magearna|spa|1
|
|t:|1685893417
|switch|p1a: Chien-Pao|Chien-Pao|100/100|[from] Volt Switch
|-ability|p1a: Chien-Pao|Sword of Ruin
|
|upkeep
|
|t:|1685893424
|switch|p2a: Toxiphobia|Glimmora, F, shiny|100/100
|turn|5
|
|t:|1685893432
|move|p1a: Chien-Pao|Crunch|p2a: Toxiphobia
|-enditem|p2a: Toxiphobia|Focus Sash
|-damage|p2a: Toxiphobia|1/100
|-activate|p2a: Toxiphobia|ability: Toxic Debris
|-sidestart|p1: Jazz1234|move: Toxic Spikes
|move|p2a: Toxiphobia|Sludge Wave|p1a: Chien-Pao
|-crit|p1a: Chien-Pao
|-damage|p1a: Chien-Pao|0 fnt
|faint|p1a: Chien-Pao
|
|upkeep
|
|t:|1685893442
|switch|p1a: Tornadus|Tornadus-Therian, M|76/100
|turn|6
|
|t:|1685893446
|move|p1a: Tornadus|Bleakwind Storm|p2a: Toxiphobia
|-resisted|p2a: Toxiphobia
|-damage|p2a: Toxiphobia|0 fnt
|faint|p2a: Toxiphobia
|
|upkeep
|
|t:|1685893452
|switch|p2a: Draconophobia|Dragonite, M, shiny|100/100
|turn|7
|l| Frank Lopez
|
|t:|1685893487
|move|p1a: Tornadus|Taunt|p2a: Draconophobia
|-start|p2a: Draconophobia|move: Taunt
|cant|p2a: Draconophobia|move: Taunt|Dragon Dance
|
|upkeep
|turn|8
|j| Abdussalam_dalati
|
|t:|1685893507
|move|p1a: Tornadus|U-turn|p2a: Draconophobia
|-resisted|p2a: Draconophobia
|-damage|p2a: Draconophobia|97/100
|
|t:|1685893525
|switch|p1a: Great Tusk|Great Tusk|51/100|[from] U-turn
|-status|p1a: Great Tusk|psn
|move|p2a: Draconophobia|Dragon Claw|p1a: Great Tusk
|-damage|p1a: Great Tusk|29/100 psn
|
|-heal|p1a: Great Tusk|35/100 psn|[from] item: Leftovers
|-damage|p1a: Great Tusk|22/100 psn|[from] psn
|upkeep
|turn|9
|
|t:|1685893533
|move|p2a: Draconophobia|Fire Punch|p1a: Great Tusk
|-damage|p1a: Great Tusk|10/100 psn
|move|p1a: Great Tusk|Knock Off|p2a: Draconophobia
|-damage|p2a: Draconophobia|65/100
|-enditem|p2a: Draconophobia|Heavy-Duty Boots|[from] move: Knock Off|[of] p1a: Great Tusk
|
|-heal|p1a: Great Tusk|16/100 psn|[from] item: Leftovers
|-damage|p1a: Great Tusk|3/100 psn|[from] psn
|-end|p2a: Draconophobia|move: Taunt
|upkeep
|turn|10
|
|t:|1685893538
|move|p2a: Draconophobia|Fire Punch|p1a: Great Tusk
|-damage|p1a: Great Tusk|0 fnt
|faint|p1a: Great Tusk
|-end|p1a: Great Tusk|Protosynthesis|[silent]
|
|upkeep
|
|t:|1685893551
|switch|p1a: Dragonite|Dragonite, M|100/100
|turn|11
|
|t:|1685893556
|move|p2a: Draconophobia|Dragon Dance|p2a: Draconophobia
|-boost|p2a: Draconophobia|atk|1
|-boost|p2a: Draconophobia|spe|1
|move|p1a: Dragonite|Dragon Dance|p1a: Dragonite
|-boost|p1a: Dragonite|atk|1
|-boost|p1a: Dragonite|spe|1
|
|upkeep
|turn|12
|
|t:|1685893566
|-terastallize|p1a: Dragonite|Normal
|move|p1a: Dragonite|Extreme Speed|p2a: Draconophobia
|-damage|p2a: Draconophobia|0 fnt
|faint|p2a: Draconophobia
|
|upkeep
|
|t:|1685893572
|switch|p2a: Thanatophobia|Kingambit, F, shiny|100/100
|-activate|p2a: Thanatophobia|ability: Supreme Overlord
|-start|p2a: Thanatophobia|fallen3|[silent]
|turn|13
|
|t:|1685893576
|move|p1a: Dragonite|Earthquake|p2a: Thanatophobia
|-supereffective|p2a: Thanatophobia
|-damage|p2a: Thanatophobia|20/100
|move|p2a: Thanatophobia|Kowtow Cleave|p1a: Dragonite
|-crit|p1a: Dragonite
|-damage|p1a: Dragonite|55/100
|
|upkeep
|turn|14
|
|t:|1685893581
|move|p1a: Dragonite|Extreme Speed|p2a: Thanatophobia
|-resisted|p2a: Thanatophobia
|-damage|p2a: Thanatophobia|0 fnt
|faint|p2a: Thanatophobia
|-end|p2a: Thanatophobia|fallen3|[silent]
|
|upkeep
|
|t:|1685893583
|switch|p2a: Pyrophobia|Iron Moth, shiny|100/100
|-enditem|p2a: Pyrophobia|Booster Energy
|-activate|p2a: Pyrophobia|ability: Quark Drive|[fromitem]
|-start|p2a: Pyrophobia|quarkdrivespa
|turn|15
|
|t:|1685893600
|-terastallize|p2a: Pyrophobia|Fairy
|move|p1a: Dragonite|Extreme Speed|p2a: Pyrophobia
|-damage|p2a: Pyrophobia|0 fnt
|faint|p2a: Pyrophobia
|-end|p2a: Pyrophobia|Quark Drive|[silent]
|
|upkeep
|
|t:|1685893605
|switch|p2a: Apeirophobia|Walking Wake|100/100
|-enditem|p2a: Apeirophobia|Booster Energy
|-activate|p2a: Apeirophobia|ability: Protosynthesis|[fromitem]
|-start|p2a: Apeirophobia|protosynthesisspa
|turn|16
|
|t:|1685893611
|move|p1a: Dragonite|Extreme Speed|p2a: Apeirophobia
|-damage|p2a: Apeirophobia|29/100
|move|p2a: Apeirophobia|Dragon Pulse|p1a: Dragonite
|-damage|p1a: Dragonite|0 fnt
|faint|p1a: Dragonite
|
|upkeep
|
|t:|1685893619
|switch|p1a: Tornadus|Tornadus-Therian, M|100/100
|turn|17
|
|t:|1685893622
|move|p1a: Tornadus|Bleakwind Storm|p2a: Apeirophobia|[miss]
|-miss|p1a: Tornadus|p2a: Apeirophobia
|move|p2a: Apeirophobia|Dragon Pulse|p1a: Tornadus
|-damage|p1a: Tornadus|42/100
|
|upkeep
|turn|18
|
|t:|1685893624
|move|p1a: Tornadus|Bleakwind Storm|p2a: Apeirophobia|[miss]
|-miss|p1a: Tornadus|p2a: Apeirophobia
|move|p2a: Apeirophobia|Dragon Pulse|p1a: Tornadus
|-damage|p1a: Tornadus|0 fnt
|faint|p1a: Tornadus
|
|upkeep
|
|t:|1685893628
|switch|p1a: Volcarona|Volcarona, F|100/100
|turn|19
|
|t:|1685893634
|move|p2a: Apeirophobia|Hydro Steam|p1a: Volcarona
|-supereffective|p1a: Volcarona
|-damage|p1a: Volcarona|0 fnt
|faint|p1a: Volcarona
|
|upkeep
|
|t:|1685893637
|switch|p1a: Magearna|Magearna|50/100
|turn|20
|
|t:|1685893640
|move|p2a: Apeirophobia|Flamethrower|p1a: Magearna
|-supereffective|p1a: Magearna
|-damage|p1a: Magearna|0 fnt
|faint|p1a: Magearna
|
|win|SpoonTheHarpoon
|raw|Jazz1234's rating: 1572 → 1551(-21 for losing)
|raw|SpoonTheHarpoon's rating: 1548 → 1569(+21 for winning)
|c|☆SpoonTheHarpoon|Oof
|c|☆Jazz1234|Bro
