|j|☆MonkeyKoko
|j|☆reiki_87
|t:|1685927318
|gametype|singles
|player|p1|MonkeyKoko|170|1219
|player|p2|reiki_87|backpacker|1219
|teamsize|p1|6
|teamsize|p2|6
|gen|9
|tier|[Gen 9] OU
|rated|
|rule|Sleep Clause Mod: Limit one foe put to sleep
|rule|Species Clause: Limit one of each Pokémon
|rule|OHKO Clause: OHKO moves are banned
|rule|Evasion Items Clause: Evasion items are banned
|rule|Evasion Moves Clause: Evasion moves are banned
|rule|Endless Battle Clause: Forcing endless battles is banned
|rule|HP Percentage Mod: HP is shown in percentages
|clearpoke
|poke|p1|Moltres-Galar|
|poke|p1|Torkoal, F|
|poke|p1|Great Tusk|
|poke|p1|Walking Wake|
|poke|p1|Typhlosion-Hisui, M|
|poke|p1|Heatran, M|
|poke|p2|Sneasler, F|
|poke|p2|Gholdengo|
|poke|p2|Glimmora, F|
|poke|p2|Basculegion-F, F|
|poke|p2|Ursaluna, F|
|poke|p2|Zamazenta-*|
|teampreview
|
|t:|1685927331
|start
|switch|p1a: Evil Moltres|Moltres-Galar|100/100
|switch|p2a: Glimmora|Glimmora, F|100/100
|turn|1
|
|t:|1685927338
|-terastallize|p1a: Evil Moltres|Steel
|move|p1a: Evil Moltres|Agility|p1a: Evil Moltres
|-boost|p1a: Evil Moltres|spe|2
|move|p2a: Glimmora|Sludge Bomb|p1a: Evil Moltres
|-immune|p1a: Evil Moltres
|
|upkeep
|turn|2
|
|t:|1685927342
|move|p1a: Evil Moltres|Dark Pulse|p2a: Glimmora
|-damage|p2a: Glimmora|52/100
|cant|p2a: Glimmora|flinch
|
|upkeep
|turn|3
|
|t:|1685927347
|move|p1a: Evil Moltres|Dark Pulse|p2a: Glimmora
|-damage|p2a: Glimmora|3/100
|move|p2a: Glimmora|Earth Power|p1a: Evil Moltres
|-supereffective|p1a: Evil Moltres
|-damage|p1a: Evil Moltres|48/100
|-unboost|p1a: Evil Moltres|spd|1
|-enditem|p1a: Evil Moltres|Weakness Policy
|-boost|p1a: Evil Moltres|atk|2|[from] item: Weakness Policy
|-boost|p1a: Evil Moltres|spa|2|[from] item: Weakness Policy
|-ability|p1a: Evil Moltres|Berserk|boost
|-boost|p1a: Evil Moltres|spa|1
|
|upkeep
|turn|4
|
|t:|1685927357
|move|p1a: Evil Moltres|Ancient Power|p2a: Glimmora
|-damage|p2a: Glimmora|0 fnt
|faint|p2a: Glimmora
|
|upkeep
|
|t:|1685927373
|switch|p2a: Zamazenta|Zamazenta|100/100
|-ability|p2a: Zamazenta|Dauntless Shield|boost
|-boost|p2a: Zamazenta|def|1
|turn|5
|
|t:|1685927376
|move|p1a: Evil Moltres|Air Slash|p2a: Zamazenta
|-supereffective|p2a: Zamazenta
|-crit|p2a: Zamazenta
|-damage|p2a: Zamazenta|0 fnt
|faint|p2a: Zamazenta
|
|upkeep
|
|t:|1685927379
|switch|p2a: Basculegion|Basculegion-F, F|100/100
|turn|6
|
|t:|1685927382
|move|p2a: Basculegion|Aqua Jet|p1a: Evil Moltres
|-damage|p1a: Evil Moltres|31/100
|move|p1a: Evil Moltres|Dark Pulse|p2a: Basculegion
|-supereffective|p2a: Basculegion
|-damage|p2a: Basculegion|0 fnt
|faint|p2a: Basculegion
|
|upkeep
|
|t:|1685927385
|switch|p2a: Sneasler|Sneasler, F|100/100
|turn|7
|
|t:|1685927389
|move|p1a: Evil Moltres|Air Slash|p2a: Sneasler
|-supereffective|p2a: Sneasler
|-damage|p2a: Sneasler|0 fnt
|faint|p2a: Sneasler
|
|upkeep
|
|t:|1685927391
|switch|p2a: Gholdengo|Gholdengo|100/100
|turn|8
|
|t:|1685927393
|move|p1a: Evil Moltres|Dark Pulse|p2a: Gholdengo
|-supereffective|p2a: Gholdengo
|-damage|p2a: Gholdengo|0 fnt
|faint|p2a: Gholdengo
|
|upkeep
|
|t:|1685927399
|switch|p2a: Ursaluna|Ursaluna, F|100/100
|turn|9
|
|t:|1685927403
|move|p1a: Evil Moltres|Dark Pulse|p2a: Ursaluna
|-damage|p2a: Ursaluna|25/100
|cant|p2a: Ursaluna|flinch
|
|-status|p2a: Ursaluna|brn|[from] item: Flame Orb
|upkeep
|turn|10
|
|t:|1685927407
|move|p1a: Evil Moltres|Dark Pulse|p2a: Ursaluna
|-damage|p2a: Ursaluna|0 fnt
|faint|p2a: Ursaluna
|
|win|MonkeyKoko
|raw|MonkeyKoko's rating: 1219 → 1244(+25 for winning)
|raw|reiki_87's rating: 1219 → 1194(-25 for losing)
|c|☆reiki_87|gg
|l|☆reiki_87
