|j|☆Gunko_Spunk
|j|☆Specter_Wraith
|t:|1685923425
|gametype|singles
|player|p1|Gunko_Spunk|cynthia|1091
|player|p2|Specter_Wraith|bianca|1033
|teamsize|p1|6
|teamsize|p2|6
|gen|9
|tier|[Gen 9] OU
|rated|
|rule|Sleep Clause Mod: Limit one foe put to sleep
|rule|Species Clause: Limit one of each Pokémon
|rule|OHKO Clause: OHKO moves are banned
|rule|Evasion Items Clause: Evasion items are banned
|rule|Evasion Moves Clause: Evasion moves are banned
|rule|Endless Battle Clause: Forcing endless battles is banned
|rule|HP Percentage Mod: HP is shown in percentages
|clearpoke
|poke|p1|Hatterene, F|
|poke|p1|Tatsugiri, F|
|poke|p1|Skeledirge, M|
|poke|p1|Goodra-Hisui, F|
|poke|p1|Great Tusk|
|poke|p1|Dragonite, F|
|poke|p2|Clodsire, F|
|poke|p2|Ursaluna, M|
|poke|p2|Hoopa-Unbound|
|poke|p2|Volcanion|
|poke|p2|Gholdengo|
|poke|p2|Great Tusk|
|teampreview
|inactive|Battle timer is ON: inactive players will automatically lose when time's up. (requested by Gunko_Spunk)
|
|t:|1685923440
|start
|switch|p1a: Goodra|Goodra-Hisui, F|100/100
|switch|p2a: Micheael|Clodsire, F, shiny|100/100
|turn|1
|inactive|Gunko_Spunk has 120 seconds left.
|
|t:|1685923499
|move|p1a: Goodra|Draco Meteor|p2a: Micheael
|-damage|p2a: Micheael|69/100
|-unboost|p1a: Goodra|spa|2
|move|p2a: Micheael|Toxic Spikes|p1a: Goodra
|-sidestart|p1: Gunko_Spunk|move: Toxic Spikes
|
|-heal|p2a: Micheael|75/100|[from] item: Leftovers
|upkeep
|turn|2
|inactive|Gunko_Spunk has 90 seconds left.
|inactive|Specter_Wraith has 120 seconds left.
|
|t:|1685923521
|switch|p1a: Dragonite|Dragonite, F|100/100
|move|p2a: Micheael|Earthquake|p1a: Dragonite
|-immune|p1a: Dragonite
|
|-heal|p2a: Micheael|81/100|[from] item: Leftovers
|upkeep
|turn|3
|inactive|Gunko_Spunk has 90 seconds left.
|inactive|Specter_Wraith has 120 seconds left.
|
|t:|1685923533
|move|p1a: Dragonite|Dragon Dance|p1a: Dragonite
|-boost|p1a: Dragonite|atk|1
|-boost|p1a: Dragonite|spe|1
|move|p2a: Micheael|Stealth Rock|p1a: Dragonite
|-sidestart|p1: Gunko_Spunk|move: Stealth Rock
|
|-heal|p2a: Micheael|87/100|[from] item: Leftovers
|upkeep
|turn|4
|inactive|Specter_Wraith has 120 seconds left.
|
|t:|1685923549
|switch|p2a: Okay Tusk|Great Tusk|100/100
|move|p1a: Dragonite|Dragon Dance|p1a: Dragonite
|-boost|p1a: Dragonite|atk|1
|-boost|p1a: Dragonite|spe|1
|
|upkeep
|turn|5
|inactive|Specter_Wraith has 120 seconds left.
|
|t:|1685923564
|move|p1a: Dragonite|Earthquake|p2a: Okay Tusk
|-damage|p2a: Okay Tusk|40/100
|move|p2a: Okay Tusk|Ice Spinner|p1a: Dragonite
|-supereffective|p1a: Dragonite
|-damage|p1a: Dragonite|41/100
|
|upkeep
|turn|6
|inactive|Specter_Wraith has 120 seconds left.
|
|t:|1685923596
|move|p1a: Dragonite|Earthquake|p2a: Okay Tusk
|-damage|p2a: Okay Tusk|0 fnt
|faint|p2a: Okay Tusk
|-end|p2a: Okay Tusk|Protosynthesis|[silent]
|
|upkeep
|inactive|Specter_Wraith has 90 seconds left.
|
|t:|1685923617
|switch|p2a: Ursabear|Ursaluna, M|100/100
|turn|7
|inactive|Specter_Wraith has 90 seconds left.
|
|t:|1685923628
|move|p1a: Dragonite|Roost|p1a: Dragonite
|-heal|p1a: Dragonite|92/100
|-singleturn|p1a: Dragonite|move: Roost
|move|p2a: Ursabear|Facade|p1a: Dragonite
|-damage|p1a: Dragonite|50/100
|
|-status|p2a: Ursabear|brn|[from] item: Flame Orb
|upkeep
|turn|8
|
|t:|1685923652
|move|p1a: Dragonite|Roost|p1a: Dragonite
|-heal|p1a: Dragonite|100/100
|-singleturn|p1a: Dragonite|move: Roost
|move|p2a: Ursabear|Facade|p1a: Dragonite
|-damage|p1a: Dragonite|35/100
|
|-damage|p2a: Ursabear|94/100 brn|[from] brn
|upkeep
|turn|9
|
|t:|1685923663
|move|p1a: Dragonite|Earthquake|p2a: Ursabear
|-damage|p2a: Ursabear|31/100 brn
|move|p2a: Ursabear|Swords Dance|p2a: Ursabear
|-boost|p2a: Ursabear|atk|2
|
|-damage|p2a: Ursabear|25/100 brn|[from] brn
|upkeep
|turn|10
|c|☆Gunko_Spunk|vS\
|c|☆Gunko_Spunk|hgWESt'nhytrshw]\n']rsd'nrys'\]5rw6]'wytwy
|c|☆Gunko_Spunk|y;sfy
|c|☆Gunko_Spunk|n;'fy;'hl
|
|t:|1685923682
|move|p1a: Dragonite|Earthquake|p2a: Ursabear
|-damage|p2a: Ursabear|0 fnt
|faint|p2a: Ursabear
|
|upkeep
|inactive|Specter_Wraith has 90 seconds left.
|
|t:|1685923698
|switch|p2a: Hoopa|Hoopa-Unbound|100/100
|turn|11
|inactive|Specter_Wraith has 90 seconds left.
|n|‽Gunko_Spunk|gunkospunk
|inactive|Gunko_Spunk has 90 seconds left.
|inactive|Gunko_Spunk has 60 seconds left.
|
|t:|1685923753
|move|p1a: Dragonite|Earthquake|p2a: Hoopa
|-crit|p2a: Hoopa
|-damage|p2a: Hoopa|0 fnt
|faint|p2a: Hoopa
|
|upkeep
|
|t:|1685923761
|switch|p2a: Gholdengo|Gholdengo|100/100
|turn|12
|
|t:|1685923771
|move|p1a: Dragonite|Earthquake|p2a: Gholdengo
|-supereffective|p2a: Gholdengo
|-damage|p2a: Gholdengo|0 fnt
|faint|p2a: Gholdengo
|
|upkeep
|-message|Specter_Wraith forfeited.
|
|win|Gunko_Spunk
|raw|Gunko_Spunk's rating: 1091 → 1113(+22 for winning)
|raw|Specter_Wraith's rating: 1033 → 1021(-12 for losing)
|l|☆Specter_Wraith
