|j|☆roycedagoat
|j|☆streamPanorama
|t:|1685921356
|gametype|singles
|player|p1|roycedagoat|swimmer-gen4|1169
|player|p2|streamPanorama|lenora|1147
|teamsize|p1|6
|teamsize|p2|6
|gen|9
|tier|[Gen 9] OU
|rated|
|rule|Sleep Clause Mod: Limit one foe put to sleep
|rule|Species Clause: Limit one of each Pokémon
|rule|OHKO Clause: OHKO moves are banned
|rule|Evasion Items Clause: Evasion items are banned
|rule|Evasion Moves Clause: Evasion moves are banned
|rule|Endless Battle Clause: Forcing endless battles is banned
|rule|HP Percentage Mod: HP is shown in percentages
|clearpoke
|poke|p1|Pelipper, M|
|poke|p1|Overqwil, M|
|poke|p1|Volcanion|
|poke|p1|Azumarill, M|
|poke|p1|Walking Wake|
|poke|p1|Dondozo, F|
|poke|p2|Goodra-Hisui, M|
|poke|p2|Cresselia, F|
|poke|p2|Mimikyu, M|
|poke|p2|Ursaluna, F|
|poke|p2|Kingambit, M|
|poke|p2|Basculegion-F, F|
|teampreview
|
|t:|1685921369
|start
|switch|p1a: pelly|Pelipper, M|100/100
|switch|p2a: Cresselia|Cresselia, F|100/100
|-weather|RainDance|[from] ability: Drizzle|[of] p1a: pelly
|turn|1
|
|t:|1685921386
|move|p1a: pelly|U-turn|p2a: Cresselia
|-supereffective|p2a: Cresselia
|-damage|p2a: Cresselia|91/100
|
|t:|1685921391
|switch|p1a: overkill|Overqwil, M|100/100|[from] U-turn
|move|p2a: Cresselia|Trick Room|p2a: Cresselia
|-fieldstart|move: Trick Room|[of] p2a: Cresselia
|
|-weather|RainDance|[upkeep]
|upkeep
|turn|2
|
|t:|1685921400
|switch|p2a: Goodra|Goodra-Hisui, M|100/100
|switch|p1a: catfished|Dondozo, F|100/100
|
|-weather|RainDance|[upkeep]
|upkeep
|turn|3
|
|t:|1685921416
|switch|p2a: Mimikyu|Mimikyu, M|100/100
|move|p1a: catfished|Wave Crash|p2a: Mimikyu
|-activate|p2a: Mimikyu|ability: Disguise
|-damage|p2a: Mimikyu|100/100
|detailschange|p2a: Mimikyu|Mimikyu-Busted, M
|-damage|p2a: Mimikyu|88/100|[from] pokemon: Mimikyu-Busted
|
|-weather|RainDance|[upkeep]
|upkeep
|turn|4
|
|t:|1685921430
|move|p1a: catfished|Wave Crash|p2a: Mimikyu
|-damage|p2a: Mimikyu|0 fnt
|faint|p2a: Mimikyu
|-damage|p1a: catfished|86/100|[from] Recoil
|
|-weather|RainDance|[upkeep]
|-heal|p1a: catfished|92/100|[from] item: Leftovers
|upkeep
|
|t:|1685921437
|switch|p2a: Ursaluna|Ursaluna, F|100/100
|turn|5
|
|t:|1685921449
|move|p1a: catfished|Wave Crash|p2a: Ursaluna
|-supereffective|p2a: Ursaluna
|-damage|p2a: Ursaluna|0 fnt
|faint|p2a: Ursaluna
|-damage|p1a: catfished|62/100|[from] Recoil
|
|-weather|RainDance|[upkeep]
|-heal|p1a: catfished|68/100|[from] item: Leftovers
|-fieldend|move: Trick Room
|upkeep
|-message|streamPanorama forfeited.
|
|win|roycedagoat
|raw|roycedagoat's rating: 1169 → 1192(+23 for winning)
|raw|streamPanorama's rating: 1147 → 1124(-23 for losing)
|l|☆streamPanorama
