|j|☆bachirak01
|j|☆nattikyu
|t:|1685932407
|gametype|singles
|player|p1|bachirak01|clair|
|player|p2|nattikyu|pokekid|
|teamsize|p1|6
|teamsize|p2|6
|gen|9
|tier|[Gen 9] OU
|rule|Sleep Clause Mod: Limit one foe put to sleep
|rule|Species Clause: Limit one of each Pokémon
|rule|OHKO Clause: OHKO moves are banned
|rule|Evasion Items Clause: Evasion items are banned
|rule|Evasion Moves Clause: Evasion moves are banned
|rule|Endless Battle Clause: Forcing endless battles is banned
|rule|HP Percentage Mod: HP is shown in percentages
|clearpoke
|poke|p1|Cinderace, M|
|poke|p1|Walking Wake|
|poke|p1|Dragapult, M|
|poke|p1|Iron Valiant|
|poke|p1|Raichu, M|
|poke|p1|Ting-Lu|
|poke|p2|Meowscarada, F|
|poke|p2|Ting-Lu|
|poke|p2|Gholdengo|
|poke|p2|Dragonite, F|
|poke|p2|Iron Valiant|
|poke|p2|Great Tusk|
|teampreview
|inactive|Battle timer is ON: inactive players will automatically lose when time's up. (requested by nattikyu)
|inactive|bachirak01 has 270 seconds left.
|
|t:|1685932462
|start
|switch|p1a: Raichu|Raichu, M|100/100
|switch|p2a: Nyaruko|Meowscarada, F, shiny|100/100
|turn|1
|
|t:|1685932472
|move|p1a: Raichu|Fake Out|p2a: Nyaruko
|-damage|p2a: Nyaruko|84/100
|cant|p2a: Nyaruko|flinch
|
|upkeep
|turn|2
|
|t:|1685932489
|switch|p1a: Dragapult|Dragapult, M|100/100
|move|p2a: Nyaruko|Spikes|p1a: Dragapult
|-sidestart|p1: bachirak01|Spikes
|
|upkeep
|turn|3
|
|t:|1685932501
|switch|p2a: Mori|Ting-Lu|100/100
|-ability|p2a: Mori|Vessel of Ruin
|move|p1a: Dragapult|Shadow Ball|p2a: Mori
|-resisted|p2a: Mori
|-damage|p2a: Mori|86/100
|
|-heal|p2a: Mori|92/100|[from] item: Leftovers
|upkeep
|turn|4
|
|t:|1685932512
|switch|p1a: Walking Wake|Walking Wake|100/100
|-enditem|p1a: Walking Wake|Booster Energy
|-activate|p1a: Walking Wake|ability: Protosynthesis|[fromitem]
|-start|p1a: Walking Wake|protosynthesisspa
|-damage|p1a: Walking Wake|88/100|[from] Spikes
|move|p2a: Mori|Stealth Rock|p1a: Walking Wake
|-sidestart|p1: bachirak01|move: Stealth Rock
|
|-heal|p2a: Mori|99/100|[from] item: Leftovers
|upkeep
|turn|5
|inactive|bachirak01 has 270 seconds left.
|
|t:|1685932557
|-end|p1a: Walking Wake|Protosynthesis|[silent]
|switch|p1a: Dragapult|Dragapult, M|100/100
|-damage|p1a: Dragapult|88/100|[from] Spikes
|-damage|p1a: Dragapult|76/100|[from] Stealth Rock
|-terastallize|p2a: Mori|Poison
|move|p2a: Mori|Whirlwind|p1a: Dragapult
|drag|p1a: Ting-Lu|Ting-Lu|100/100
|-damage|p1a: Ting-Lu|88/100|[from] Spikes
|-damage|p1a: Ting-Lu|82/100|[from] Stealth Rock
|-ability|p1a: Ting-Lu|Vessel of Ruin
|
|-heal|p2a: Mori|100/100|[from] item: Leftovers
|upkeep
|turn|6
|inactive|bachirak01 has 240 seconds left.
|
|t:|1685932584
|switch|p2a: Nyaruko|Meowscarada, F, shiny|84/100
|move|p1a: Ting-Lu|Body Press|p2a: Nyaruko
|-supereffective|p2a: Nyaruko
|-damage|p2a: Nyaruko|14/100
|
|upkeep
|turn|7
|inactive|bachirak01 has 240 seconds left.
|
|t:|1685932598
|move|p2a: Nyaruko|Leaf Storm|p1a: Ting-Lu
|-supereffective|p1a: Ting-Lu
|-damage|p1a: Ting-Lu|0 fnt
|-unboost|p2a: Nyaruko|spa|2
|faint|p1a: Ting-Lu
|
|upkeep
|inactive|bachirak01 has 240 seconds left.
|
|t:|1685932612
|switch|p1a: Dragapult|Dragapult, M|76/100
|-damage|p1a: Dragapult|64/100|[from] Spikes
|-damage|p1a: Dragapult|51/100|[from] Stealth Rock
|turn|8
|inactive|bachirak01 has 240 seconds left.
|
|t:|1685932626
|move|p1a: Dragapult|Draco Meteor|p2a: Nyaruko
|-damage|p2a: Nyaruko|0 fnt
|-unboost|p1a: Dragapult|spa|2
|faint|p2a: Nyaruko
|
|upkeep
|inactive|nattikyu has 270 seconds left.
|
|t:|1685932644
|switch|p2a: Hideri|Iron Valiant|100/100
|-enditem|p2a: Hideri|Booster Energy
|-activate|p2a: Hideri|ability: Quark Drive|[fromitem]
|-start|p2a: Hideri|quarkdrivespe
|turn|9
|inactive|bachirak01 has 240 seconds left.
|
|t:|1685932659
|switch|p1a: Raichu|Raichu, M|100/100
|-damage|p1a: Raichu|88/100|[from] Spikes
|-damage|p1a: Raichu|76/100|[from] Stealth Rock
|move|p2a: Hideri|Swords Dance|p2a: Hideri
|-boost|p2a: Hideri|atk|2
|
|upkeep
|turn|10
|inactive|bachirak01 has 240 seconds left.
|
|t:|1685932676
|move|p1a: Raichu|Fake Out|p2a: Hideri
|-damage|p2a: Hideri|86/100
|cant|p2a: Hideri|flinch
|
|upkeep
|turn|11
|inactive|bachirak01 has 240 seconds left.
|
|t:|1685932683
|move|p2a: Hideri|Spirit Break|p1a: Raichu
|-crit|p1a: Raichu
|-damage|p1a: Raichu|0 fnt
|faint|p1a: Raichu
|
|upkeep
|inactive|bachirak01 has 240 seconds left.
|
|t:|1685932690
|switch|p1a: Iron Valiant|Iron Valiant|100/100
|-damage|p1a: Iron Valiant|88/100|[from] Spikes
|-damage|p1a: Iron Valiant|82/100|[from] Stealth Rock
|turn|12
|inactive|bachirak01 has 240 seconds left.
|
|t:|1685932704
|-terastallize|p1a: Iron Valiant|Fairy
|move|p2a: Hideri|Spirit Break|p1a: Iron Valiant
|-damage|p1a: Iron Valiant|0 fnt
|faint|p1a: Iron Valiant
|-end|p1a: Iron Valiant|Quark Drive|[silent]
|
|upkeep
|inactive|bachirak01 has 240 seconds left.
|-message|bachirak01 forfeited.
|
|win|nattikyu
