|j|☆perseusrad
|j|☆oooogengar
|t:|1685859707
|gametype|singles
|player|p1|perseusrad|169|1345
|player|p2|oooogengar|bruno|1351
|teamsize|p1|6
|teamsize|p2|6
|gen|9
|tier|[Gen 9] OU
|rated|
|rule|Sleep Clause Mod: Limit one foe put to sleep
|rule|Species Clause: Limit one of each Pokémon
|rule|OHKO Clause: OHKO moves are banned
|rule|Evasion Items Clause: Evasion items are banned
|rule|Evasion Moves Clause: Evasion moves are banned
|rule|Endless Battle Clause: Forcing endless battles is banned
|rule|HP Percentage Mod: HP is shown in percentages
|clearpoke
|poke|p1|Ursaluna, F|
|poke|p1|Samurott-Hisui, F|
|poke|p1|Chien-Pao|
|poke|p1|Iron Valiant|
|poke|p1|Magearna|
|poke|p1|Rotom-Wash|
|poke|p2|Urshifu-*, M|
|poke|p2|Pelipper, F|
|poke|p2|Magearna|
|poke|p2|Zamazenta-*|
|poke|p2|Samurott-Hisui, M|
|poke|p2|Iron Treads|
|teampreview
|inactive|Battle timer is ON: inactive players will automatically lose when time's up. (requested by perseusrad)
|
|t:|1685859751
|start
|switch|p1a: Samurott|Samurott-Hisui, F|100/100
|switch|p2a: Zamazenta|Zamazenta-Crowned|100/100
|-ability|p2a: Zamazenta|Dauntless Shield|boost
|-boost|p2a: Zamazenta|def|1
|turn|1
|
|t:|1685859758
|-terastallize|p1a: Samurott|Ghost
|move|p2a: Zamazenta|Iron Defense|p2a: Zamazenta
|-boost|p2a: Zamazenta|def|2
|move|p1a: Samurott|Sacred Sword|p2a: Zamazenta
|-supereffective|p2a: Zamazenta
|-damage|p2a: Zamazenta|18/100
|-damage|p1a: Samurott|91/100|[from] item: Life Orb
|
|upkeep
|turn|2
|
|t:|1685859773
|move|p2a: Zamazenta|Behemoth Bash|p1a: Samurott
|-damage|p1a: Samurott|47/100
|move|p1a: Samurott|Sacred Sword|p2a: Zamazenta
|-supereffective|p2a: Zamazenta
|-damage|p2a: Zamazenta|0 fnt
|faint|p2a: Zamazenta
|-damage|p1a: Samurott|37/100|[from] item: Life Orb
|
|upkeep
|
|t:|1685859781
|switch|p2a: Urshifu|Urshifu-Rapid-Strike, M|100/100
|turn|3
|
|t:|1685859789
|move|p2a: Urshifu|Surging Strikes|p1a: Samurott
|-crit|p1a: Samurott
|-damage|p1a: Samurott|8/100
|-crit|p1a: Samurott
|-damage|p1a: Samurott|0 fnt
|faint|p1a: Samurott
|-hitcount|p1: Samurott|2
|
|upkeep
|
|t:|1685859795
|switch|p1a: Magearna|Magearna|100/100
|turn|4
|
|t:|1685859797
|move|p2a: Urshifu|Surging Strikes|p1a: Magearna
|-crit|p1a: Magearna
|-damage|p1a: Magearna|75/100
|-crit|p1a: Magearna
|-damage|p1a: Magearna|51/100
|-crit|p1a: Magearna
|-damage|p1a: Magearna|25/100
|-hitcount|p1a: Magearna|3
|move|p1a: Magearna|Shift Gear|p1a: Magearna
|-boost|p1a: Magearna|spe|2
|-boost|p1a: Magearna|atk|1
|
|upkeep
|turn|5
|
|t:|1685859808
|switch|p2a: Iron Treads|Iron Treads|100/100
|move|p1a: Magearna|Draining Kiss|p2a: Iron Treads
|-resisted|p2a: Iron Treads
|-damage|p2a: Iron Treads|83/100
|-heal|p1a: Magearna|40/100|[from] drain|[of] p2a: Iron Treads
|
|-heal|p2a: Iron Treads|89/100|[from] item: Leftovers
|upkeep
|turn|6
|
|t:|1685859814
|switch|p1a: Ursaluna|Ursaluna, F|100/100
|move|p2a: Iron Treads|Volt Switch|p1a: Ursaluna
|-immune|p1a: Ursaluna
|
|-heal|p2a: Iron Treads|95/100|[from] item: Leftovers
|-status|p1a: Ursaluna|brn|[from] item: Flame Orb
|upkeep
|turn|7
|
|t:|1685859821
|-end|p2a: Iron Treads|Quark Drive|[silent]
|switch|p2a: Pelipper|Pelipper, F|100/100
|-weather|RainDance|[from] ability: Drizzle|[of] p2a: Pelipper
|move|p1a: Ursaluna|Substitute|p1a: Ursaluna
|-start|p1a: Ursaluna|Substitute
|-damage|p1a: Ursaluna|76/100 brn
|
|-weather|RainDance|[upkeep]
|-damage|p1a: Ursaluna|70/100 brn|[from] brn
|upkeep
|turn|8
|
|t:|1685859826
|move|p1a: Ursaluna|Facade|p2a: Pelipper
|-damage|p2a: Pelipper|4/100
|move|p2a: Pelipper|Surf|p1a: Ursaluna
|-supereffective|p1a: Ursaluna
|-end|p1a: Ursaluna|Substitute
|
|-weather|RainDance|[upkeep]
|-damage|p1a: Ursaluna|64/100 brn|[from] brn
|upkeep
|turn|9
|
|t:|1685859832
|switch|p1a: Magearna|Magearna|40/100
|move|p2a: Pelipper|Surf|p1a: Magearna
|-damage|p1a: Magearna|2/100
|
|-weather|RainDance|[upkeep]
|upkeep
|turn|10
|
|t:|1685859837
|move|p1a: Magearna|Draining Kiss|p2a: Pelipper
|-damage|p2a: Pelipper|0 fnt
|-heal|p1a: Magearna|4/100|[from] drain|[of] p2a: Pelipper
|faint|p2a: Pelipper
|-ability|p1a: Magearna|Soul-Heart|boost
|-boost|p1a: Magearna|spa|1
|
|-weather|RainDance|[upkeep]
|upkeep
|
|t:|1685859839
|switch|p2a: Urshifu|Urshifu-Rapid-Strike, M|100/100
|turn|11
|
|t:|1685859843
|move|p2a: Urshifu|Surging Strikes|p1a: Magearna
|-crit|p1a: Magearna
|-damage|p1a: Magearna|0 fnt
|faint|p1a: Magearna
|-hitcount|p1: Magearna|1
|
|-weather|RainDance|[upkeep]
|upkeep
|
|t:|1685859847
|switch|p1a: Rotom|Rotom-Wash|100/100
|turn|12
|
|t:|1685859852
|switch|p2a: Iron Treads|Iron Treads|95/100
|move|p1a: Rotom|Thunder Wave|p2a: Iron Treads
|-immune|p2a: Iron Treads
|
|-weather|RainDance|[upkeep]
|-heal|p2a: Iron Treads|100/100|[from] item: Leftovers
|upkeep
|turn|13
|
|t:|1685859860
|-end|p2a: Iron Treads|Quark Drive|[silent]
|switch|p2a: Urshifu|Urshifu-Rapid-Strike, M|100/100
|switch|p1a: Ursaluna|Ursaluna, F|64/100 brn
|
|-weather|RainDance|[upkeep]
|-damage|p1a: Ursaluna|58/100 brn|[from] brn
|upkeep
|turn|14
|
|t:|1685859867
|move|p2a: Urshifu|Close Combat|p1a: Ursaluna
|-supereffective|p1a: Ursaluna
|-damage|p1a: Ursaluna|0 fnt
|-unboost|p2a: Urshifu|def|1
|-unboost|p2a: Urshifu|spd|1
|faint|p1a: Ursaluna
|
|-weather|none
|upkeep
|
|t:|1685859876
|switch|p1a: Rotom|Rotom-Wash|100/100
|turn|15
|
|t:|1685859881
|move|p2a: Urshifu|Close Combat|p1a: Rotom
|-damage|p1a: Rotom|7/100
|-unboost|p2a: Urshifu|def|1
|-unboost|p2a: Urshifu|spd|1
|move|p1a: Rotom|Thunderbolt|p2a: Urshifu
|-supereffective|p2a: Urshifu
|-damage|p2a: Urshifu|0 fnt
|faint|p2a: Urshifu
|
|-heal|p1a: Rotom|14/100|[from] item: Leftovers
|upkeep
|
|t:|1685859891
|switch|p2a: Magearna|Magearna|100/100
|turn|16
|
|t:|1685859893
|move|p2a: Magearna|Shift Gear|p2a: Magearna
|-boost|p2a: Magearna|spe|2
|-boost|p2a: Magearna|atk|1
|move|p1a: Rotom|Thunder Wave|p2a: Magearna
|-status|p2a: Magearna|par
|
|-heal|p1a: Rotom|20/100|[from] item: Leftovers
|upkeep
|turn|17
|
|t:|1685859897
|cant|p2a: Magearna|par
|move|p1a: Rotom|Hydro Pump|p2a: Magearna
|-damage|p2a: Magearna|48/100 par
|
|-heal|p2a: Magearna|54/100 par|[from] item: Leftovers
|-heal|p1a: Rotom|26/100|[from] item: Leftovers
|upkeep
|turn|18
|
|t:|1685859900
|cant|p2a: Magearna|par
|move|p1a: Rotom|Hydro Pump|p2a: Magearna
|-damage|p2a: Magearna|0 fnt
|faint|p2a: Magearna
|
|-heal|p1a: Rotom|32/100|[from] item: Leftovers
|upkeep
|
|t:|1685859904
|switch|p2a: Samurott|Samurott-Hisui, M|100/100
|turn|19
|
|t:|1685859911
|move|p2a: Samurott|Knock Off|p1a: Rotom
|-damage|p1a: Rotom|0 fnt
|-enditem|p1a: Rotom|Leftovers|[from] move: Knock Off|[of] p2a: Samurott
|faint|p1a: Rotom
|
|upkeep
|
|t:|1685859914
|switch|p1a: Iron Valiant|Iron Valiant|100/100
|-enditem|p1a: Iron Valiant|Booster Energy
|-activate|p1a: Iron Valiant|ability: Quark Drive|[fromitem]
|-start|p1a: Iron Valiant|quarkdrivespe
|turn|20
|
|t:|1685859928
|-terastallize|p2a: Samurott|Water
|move|p1a: Iron Valiant|Moonblast|p2a: Samurott
|-crit|p2a: Samurott
|-damage|p2a: Samurott|37/100
|move|p2a: Samurott|Aqua Cutter|p1a: Iron Valiant
|-damage|p1a: Iron Valiant|18/100
|
|upkeep
|turn|21
|l|☆oooogengar
|inactive|oooogengar disconnected and has a minute to reconnect!
|player|p2|
|inactive|oooogengar has 30 seconds to reconnect!
|inactive|oooogengar has 20 seconds to reconnect!
|inactive|oooogengar has 15 seconds to reconnect!
|inactive|oooogengar has 10 seconds to reconnect!
|inactive|oooogengar has 5 seconds to reconnect!
|-message|oooogengar lost due to inactivity.
|
|win|perseusrad
|raw|perseusrad's rating: 1345 → 1365(+20 for winning)
|raw|oooogengar's rating: 1351 → 1331(-20 for losing)
