|j|☆blackgokuking
|j|‽REAL CUNNT
|t:|1685834717
|gametype|singles
|player|p1|blackgokuking|teamrocket|1496
|player|p2|REAL CUNNT|flint|1496
|teamsize|p1|6
|teamsize|p2|6
|gen|9
|tier|[Gen 9] OU
|rated|
|rule|Sleep Clause Mod: Limit one foe put to sleep
|rule|Species Clause: Limit one of each Pokémon
|rule|OHKO Clause: OHKO moves are banned
|rule|Evasion Items Clause: Evasion items are banned
|rule|Evasion Moves Clause: Evasion moves are banned
|rule|Endless Battle Clause: Forcing endless battles is banned
|rule|HP Percentage Mod: HP is shown in percentages
|clearpoke
|poke|p1|Kingambit, M|
|poke|p1|Dragapult, M|
|poke|p1|Iron Valiant|
|poke|p1|Great Tusk|
|poke|p1|Volcarona, F|
|poke|p1|Rotom-Wash|
|poke|p2|Landorus-Therian, M|
|poke|p2|Slowking-Galar, M|
|poke|p2|Sneasler, F|
|poke|p2|Dondozo, M|
|poke|p2|Magearna|
|poke|p2|Volcarona, M|
|teampreview
|
|t:|1685834730
|start
|switch|p1a: Rotom|Rotom-Wash|100/100
|switch|p2a: Magearna|Magearna|100/100
|turn|1
|
|t:|1685834735
|move|p1a: Rotom|Trick|p2a: Magearna
|-activate|p1a: Rotom|move: Trick|[of] p2a: Magearna
|-item|p2a: Magearna|Choice Scarf|[from] move: Trick
|-item|p1a: Rotom|Choice Specs|[from] move: Trick
|move|p2a: Magearna|Fleur Cannon|p1a: Rotom
|-damage|p1a: Rotom|25/100
|-unboost|p2a: Magearna|spa|2
|
|upkeep
|turn|2
|
|t:|1685834741
|switch|p1a: volc|Volcarona, F, shiny|100/100
|move|p2a: Magearna|Fleur Cannon|p1a: volc
|-resisted|p1a: volc
|-damage|p1a: volc|85/100
|-unboost|p2a: Magearna|spa|2
|
|upkeep
|turn|3
|
|t:|1685834765
|switch|p2a: Slowking|Slowking-Galar, M|100/100
|switch|p1a: spin on em|Great Tusk|100/100
|
|upkeep
|turn|4
|
|t:|1685834773
|switch|p2a: Landorus|Landorus-Therian, M|100/100
|-ability|p2a: Landorus|Intimidate|boost
|-unboost|p1a: spin on em|atk|1
|move|p1a: spin on em|Knock Off|p2a: Landorus
|-damage|p2a: Landorus|79/100
|-enditem|p2a: Landorus|Heavy-Duty Boots|[from] move: Knock Off|[of] p1a: spin on em
|
|upkeep
|turn|5
|inactive|Battle timer is ON: inactive players will automatically lose when time's up. (requested by REAL CUNNT)
|
|t:|1685834782
|move|p2a: Landorus|Stealth Rock|p1a: spin on em
|-sidestart|p1: blackgokuking|move: Stealth Rock
|move|p1a: spin on em|Stealth Rock|p2a: Landorus
|-sidestart|p2: REAL CUNNT|move: Stealth Rock
|
|upkeep
|turn|6
|
|t:|1685834787
|move|p2a: Landorus|U-turn|p1a: spin on em
|-resisted|p1a: spin on em
|-damage|p1a: spin on em|95/100
|
|t:|1685834789
|switch|p2a: Dondozo|Dondozo, M|100/100|[from] U-turn
|-damage|p2a: Dondozo|88/100|[from] Stealth Rock
|move|p1a: spin on em|Rapid Spin|p2a: Dondozo
|-damage|p2a: Dondozo|82/100
|-boost|p1a: spin on em|spe|1
|-damage|p1a: spin on em|78/100|[from] item: Rocky Helmet|[of] p2a: Dondozo
|-sideend|p1: blackgokuking|Stealth Rock|[from] move: Rapid Spin|[of] p1a: spin on em
|
|-heal|p1a: spin on em|84/100|[from] item: Leftovers
|upkeep
|turn|7
|
|t:|1685834807
|-end|p1a: spin on em|Protosynthesis|[silent]
|switch|p1a: Rotom|Rotom-Wash|25/100
|move|p2a: Dondozo|Liquidation|p1a: Rotom
|-resisted|p1a: Rotom
|-damage|p1a: Rotom|9/100
|-unboost|p1a: Rotom|def|1
|
|upkeep
|turn|8
|
|t:|1685834818
|switch|p2a: Magearna|Magearna|100/100
|-damage|p2a: Magearna|95/100|[from] Stealth Rock
|move|p1a: Rotom|Hydro Pump|p2a: Magearna|[miss]
|-miss|p1a: Rotom|p2a: Magearna
|
|upkeep
|turn|9
|
|t:|1685834825
|move|p2a: Magearna|Volt Switch|p1a: Rotom
|-damage|p1a: Rotom|0 fnt
|faint|p1a: Rotom
|-ability|p2a: Magearna|Soul-Heart|boost
|-boost|p2a: Magearna|spa|1
|
|t:|1685834828
|switch|p2a: Landorus|Landorus-Therian, M|79/100|[from] Volt Switch
|-damage|p2a: Landorus|66/100|[from] Stealth Rock
|
|upkeep
|
|t:|1685834832
|switch|p1a: Iron GOAT|Iron Valiant|100/100
|turn|10
|
|t:|1685834842
|move|p1a: Iron GOAT|Moonblast|p2a: Landorus
|-damage|p2a: Landorus|0 fnt
|faint|p2a: Landorus
|
|upkeep
|
|t:|1685834848
|switch|p2a: Slowking|Slowking-Galar, M|100/100
|-damage|p2a: Slowking|88/100|[from] Stealth Rock
|turn|11
|
|t:|1685834858
|-end|p1a: Iron GOAT|Quark Drive|[silent]
|switch|p1a: Tera Bug|Dragapult, M|100/100
|move|p2a: Slowking|Future Sight|p1a: Tera Bug
|-start|p2a: Slowking|move: Future Sight
|
|-heal|p2a: Slowking|94/100|[from] item: Leftovers
|upkeep
|turn|12
|
|t:|1685834865
|move|p1a: Tera Bug|Substitute|p1a: Tera Bug
|-start|p1a: Tera Bug|Substitute
|-damage|p1a: Tera Bug|76/100
|move|p2a: Slowking|Chilly Reception|p2a: Slowking
|-weather|Snow
|
|t:|1685834875
|switch|p2a: Magearna|Magearna|95/100|[from] Chilly Reception
|-damage|p2a: Magearna|89/100|[from] Stealth Rock
|
|-weather|Snow|[upkeep]
|-heal|p1a: Tera Bug|82/100|[from] item: Leftovers
|upkeep
|turn|13
|
|t:|1685834879
|move|p1a: Tera Bug|Phantom Force||[still]
|-prepare|p1a: Tera Bug|Phantom Force
|move|p2a: Magearna|Flash Cannon|p1a: Tera Bug|[miss]|[miss]
|-miss|p2a: Magearna|p1a: Tera Bug
|
|-weather|Snow|[upkeep]
|-end|p1a: Tera Bug|move: Future Sight
|-miss|p2: Slowking|p1a: Tera Bug
|-heal|p1a: Tera Bug|88/100|[from] item: Leftovers
|upkeep
|turn|14
|
|t:|1685834888
|switch|p2a: Dondozo|Dondozo, M|82/100
|-damage|p2a: Dondozo|69/100|[from] Stealth Rock
|move|p1a: Tera Bug|Phantom Force|p2a: Dondozo|[from]lockedmove
|-damage|p2a: Dondozo|48/100
|-damage|p1a: Tera Bug|71/100|[from] item: Rocky Helmet|[of] p2a: Dondozo
|
|-weather|Snow|[upkeep]
|-heal|p1a: Tera Bug|77/100|[from] item: Leftovers
|upkeep
|turn|15
|
|t:|1685834898
|move|p1a: Tera Bug|Dragon Darts|p2a: Dondozo
|-damage|p2a: Dondozo|36/100
|-anim|p1a: Tera Bug|Dragon Darts|p2a: Dondozo
|-damage|p2a: Dondozo|24/100
|move|p2a: Dondozo|Curse|p2a: Dondozo
|-unboost|p2a: Dondozo|spe|1
|-boost|p2a: Dondozo|atk|1
|-boost|p2a: Dondozo|def|1
|
|-weather|Snow|[upkeep]
|-heal|p1a: Tera Bug|83/100|[from] item: Leftovers
|upkeep
|turn|16
|
|t:|1685834905
|move|p1a: Tera Bug|Dragon Darts|p2a: Dondozo
|-damage|p2a: Dondozo|17/100
|-anim|p1a: Tera Bug|Dragon Darts|p2a: Dondozo
|-damage|p2a: Dondozo|9/100
|move|p2a: Dondozo|Rest|p2a: Dondozo
|-status|p2a: Dondozo|slp|[from] move: Rest
|-heal|p2a: Dondozo|100/100 slp|[silent]
|
|-weather|none
|-heal|p1a: Tera Bug|89/100|[from] item: Leftovers
|upkeep
|turn|17
|
|t:|1685834914
|switch|p1a: Iron GOAT|Iron Valiant|100/100
|cant|p2a: Dondozo|slp
|
|upkeep
|turn|18
|
|t:|1685834919
|switch|p2a: Slowking|Slowking-Galar, M|100/100
|-damage|p2a: Slowking|88/100|[from] Stealth Rock
|move|p1a: Iron GOAT|Thunderbolt|p2a: Slowking
|-damage|p2a: Slowking|62/100
|
|-heal|p2a: Slowking|68/100|[from] item: Leftovers
|upkeep
|turn|19
|
|t:|1685834931
|-end|p1a: Iron GOAT|Quark Drive|[silent]
|switch|p1a: spin on em|Great Tusk|84/100
|move|p2a: Slowking|Future Sight|p1a: spin on em
|-start|p2a: Slowking|move: Future Sight
|
|-heal|p1a: spin on em|90/100|[from] item: Leftovers
|-heal|p2a: Slowking|74/100|[from] item: Leftovers
|upkeep
|turn|20
|
|t:|1685834937
|switch|p2a: Dondozo|Dondozo, M|100/100 slp
|-damage|p2a: Dondozo|88/100 slp|[from] Stealth Rock
|move|p1a: spin on em|Knock Off|p2a: Dondozo
|-damage|p2a: Dondozo|76/100 slp
|-damage|p1a: spin on em|74/100|[from] item: Rocky Helmet|[of] p2a: Dondozo
|-enditem|p2a: Dondozo|Rocky Helmet|[from] move: Knock Off|[of] p1a: spin on em
|
|-heal|p1a: spin on em|80/100|[from] item: Leftovers
|upkeep
|turn|21
|
|t:|1685834943
|-end|p1a: spin on em|Protosynthesis|[silent]
|switch|p1a: volc|Volcarona, F, shiny|85/100
|cant|p2a: Dondozo|slp
|
|-end|p1a: volc|move: Future Sight
|-damage|p1a: volc|43/100
|upkeep
|turn|22
|
|t:|1685834950
|move|p1a: volc|Morning Sun|p1a: volc
|-heal|p1a: volc|93/100
|-curestatus|p2a: Dondozo|slp|[msg]
|move|p2a: Dondozo|Liquidation|p1a: volc
|-supereffective|p1a: volc
|-damage|p1a: volc|29/100
|
|upkeep
|turn|23
|
|t:|1685834957
|switch|p1a: Tera Bug|Dragapult, M|89/100
|move|p2a: Dondozo|Liquidation|p1a: Tera Bug
|-resisted|p1a: Tera Bug
|-damage|p1a: Tera Bug|70/100
|
|-heal|p1a: Tera Bug|76/100|[from] item: Leftovers
|upkeep
|turn|24
|
|t:|1685834964
|move|p1a: Tera Bug|Dragon Darts|p2a: Dondozo
|-damage|p2a: Dondozo|63/100
|-anim|p1a: Tera Bug|Dragon Darts|p2a: Dondozo
|-damage|p2a: Dondozo|51/100
|move|p2a: Dondozo|Curse|p2a: Dondozo
|-unboost|p2a: Dondozo|spe|1
|-boost|p2a: Dondozo|atk|1
|-boost|p2a: Dondozo|def|1
|
|-heal|p1a: Tera Bug|82/100|[from] item: Leftovers
|upkeep
|turn|25
|
|t:|1685834976
|move|p1a: Tera Bug|Dragon Darts|p2a: Dondozo
|-damage|p2a: Dondozo|43/100
|-anim|p1a: Tera Bug|Dragon Darts|p2a: Dondozo
|-damage|p2a: Dondozo|35/100
|move|p2a: Dondozo|Liquidation|p1a: Tera Bug
|-resisted|p1a: Tera Bug
|-damage|p1a: Tera Bug|51/100
|
|-heal|p1a: Tera Bug|57/100|[from] item: Leftovers
|upkeep
|turn|26
|
|t:|1685834984
|move|p1a: Tera Bug|Dragon Darts|p2a: Dondozo
|-damage|p2a: Dondozo|27/100
|-anim|p1a: Tera Bug|Dragon Darts|p2a: Dondozo
|-damage|p2a: Dondozo|19/100
|move|p2a: Dondozo|Rest|p2a: Dondozo
|-status|p2a: Dondozo|slp|[from] move: Rest
|-heal|p2a: Dondozo|100/100 slp|[silent]
|
|-heal|p1a: Tera Bug|63/100|[from] item: Leftovers
|upkeep
|turn|27
|
|t:|1685834990
|switch|p1a: Iron GOAT|Iron Valiant|100/100
|cant|p2a: Dondozo|slp
|
|upkeep
|turn|28
|
|t:|1685834996
|switch|p2a: Slowking|Slowking-Galar, M|100/100
|-damage|p2a: Slowking|88/100|[from] Stealth Rock
|move|p1a: Iron GOAT|Shadow Ball|p2a: Slowking
|-supereffective|p2a: Slowking
|-damage|p2a: Slowking|39/100
|
|-heal|p2a: Slowking|45/100|[from] item: Leftovers
|upkeep
|turn|29
|inactive|REAL CUNNT has 120 seconds left.
|
|t:|1685835033
|switch|p2a: Volcarona|Volcarona, M|100/100
|move|p1a: Iron GOAT|Shadow Ball|p2a: Volcarona
|-damage|p2a: Volcarona|59/100
|
|upkeep
|turn|30
|
|t:|1685835039
|move|p1a: Iron GOAT|Shadow Ball|p2a: Volcarona
|-damage|p2a: Volcarona|14/100
|move|p2a: Volcarona|Quiver Dance|p2a: Volcarona
|-boost|p2a: Volcarona|spa|1
|-boost|p2a: Volcarona|spd|1
|-boost|p2a: Volcarona|spe|1
|
|upkeep
|turn|31
|
|t:|1685835044
|move|p2a: Volcarona|Giga Drain|p1a: Iron GOAT
|-damage|p1a: Iron GOAT|28/100
|-heal|p2a: Volcarona|48/100|[from] drain|[of] p1a: Iron GOAT
|move|p1a: Iron GOAT|Shadow Ball|p2a: Volcarona
|-damage|p2a: Volcarona|22/100
|
|upkeep
|turn|32
|
|t:|1685835050
|-end|p1a: Iron GOAT|Quark Drive|[silent]
|switch|p1a: Tera Bug|Dragapult, M|63/100
|move|p2a: Volcarona|Giga Drain|p1a: Tera Bug
|-resisted|p1a: Tera Bug
|-damage|p1a: Tera Bug|32/100
|-heal|p2a: Volcarona|38/100|[from] drain|[of] p1a: Tera Bug
|
|-heal|p1a: Tera Bug|38/100|[from] item: Leftovers
|upkeep
|turn|33
|
|t:|1685835075
|move|p2a: Volcarona|Bug Buzz|p1a: Tera Bug
|-resisted|p1a: Tera Bug
|-damage|p1a: Tera Bug|0 fnt
|faint|p1a: Tera Bug
|
|upkeep
|
|t:|1685835086
|switch|p1a: volc|Volcarona, F, shiny|29/100
|turn|34
|
|t:|1685835094
|move|p2a: Volcarona|Fiery Dance|p1a: volc
|-damage|p1a: volc|0 fnt
|faint|p1a: volc
|
|upkeep
|
|t:|1685835099
|switch|p1a: 最后绝望:午夜篇|Kingambit, M|100/100
|-activate|p1a: 最后绝望:午夜篇|ability: Supreme Overlord
|-start|p1a: 最后绝望:午夜篇|fallen3|[silent]
|turn|35
|
|t:|1685835103
|move|p2a: Volcarona|Quiver Dance|p2a: Volcarona
|-boost|p2a: Volcarona|spa|1
|-boost|p2a: Volcarona|spd|1
|-boost|p2a: Volcarona|spe|1
|move|p1a: 最后绝望:午夜篇|Kowtow Cleave|p2a: Volcarona
|-damage|p2a: Volcarona|0 fnt
|faint|p2a: Volcarona
|
|upkeep
|
|t:|1685835108
|switch|p2a: Sneasler|Sneasler, F|100/100
|-damage|p2a: Sneasler|95/100|[from] Stealth Rock
|turn|36
|
|t:|1685835118
|-terastallize|p1a: 最后绝望:午夜篇|Flying
|move|p2a: Sneasler|Switcheroo|p1a: 最后绝望:午夜篇
|-activate|p2a: Sneasler|move: Trick|[of] p1a: 最后绝望:午夜篇
|-item|p1a: 最后绝望:午夜篇|Choice Band|[from] move: Switcheroo
|-item|p2a: Sneasler|Leftovers|[from] move: Switcheroo
|move|p1a: 最后绝望:午夜篇|Iron Head|p2a: Sneasler
|-damage|p2a: Sneasler|0 fnt
|faint|p2a: Sneasler
|
|upkeep
|
|t:|1685835131
|switch|p2a: Dondozo|Dondozo, M|100/100 slp
|-damage|p2a: Dondozo|88/100 slp|[from] Stealth Rock
|turn|37
|
|t:|1685835137
|-end|p1a: 最后绝望:午夜篇|fallen3|[silent]
|switch|p1a: Iron GOAT|Iron Valiant|28/100
|cant|p2a: Dondozo|slp
|
|upkeep
|turn|38
|
|t:|1685835145
|switch|p2a: Slowking|Slowking-Galar, M|78/100
|-damage|p2a: Slowking|66/100|[from] Stealth Rock
|move|p1a: Iron GOAT|Thunderbolt|p2a: Slowking
|-damage|p2a: Slowking|38/100
|
|-heal|p2a: Slowking|44/100|[from] item: Leftovers
|upkeep
|turn|39
|
|t:|1685835154
|move|p1a: Iron GOAT|Thunderbolt|p2a: Slowking
|-damage|p2a: Slowking|20/100
|move|p2a: Slowking|Sludge Bomb|p1a: Iron GOAT
|-supereffective|p1a: Iron GOAT
|-damage|p1a: Iron GOAT|0 fnt
|faint|p1a: Iron GOAT
|-end|p1a: Iron GOAT|Quark Drive|[silent]
|
|-heal|p2a: Slowking|26/100|[from] item: Leftovers
|upkeep
|
|t:|1685835163
|switch|p1a: 最后绝望:午夜篇|Kingambit, M, tera:Flying|100/100
|-activate|p1a: 最后绝望:午夜篇|ability: Supreme Overlord
|-start|p1a: 最后绝望:午夜篇|fallen4|[silent]
|turn|40
|
|t:|1685835177
|move|p1a: 最后绝望:午夜篇|Kowtow Cleave|p2a: Slowking
|-supereffective|p2a: Slowking
|-damage|p2a: Slowking|0 fnt
|faint|p2a: Slowking
|
|upkeep
|
|t:|1685835180
|switch|p2a: Magearna|Magearna|89/100
|-damage|p2a: Magearna|83/100|[from] Stealth Rock
|turn|41
|
|t:|1685835186
|-end|p1a: 最后绝望:午夜篇|fallen4|[silent]
|switch|p1a: spin on em|Great Tusk|80/100
|move|p2a: Magearna|Fleur Cannon|p1a: spin on em
|-supereffective|p1a: spin on em
|-damage|p1a: spin on em|0 fnt
|-unboost|p2a: Magearna|spa|2
|faint|p1a: spin on em
|-ability|p2a: Magearna|Soul-Heart|boost
|-boost|p2a: Magearna|spa|1
|-end|p1a: spin on em|Protosynthesis|[silent]
|
|upkeep
|
|t:|1685835190
|switch|p1a: 最后绝望:午夜篇|Kingambit, M, tera:Flying|100/100
|-activate|p1a: 最后绝望:午夜篇|ability: Supreme Overlord
|-start|p1a: 最后绝望:午夜篇|fallen5|[silent]
|turn|42
|
|t:|1685835196
|switch|p2a: Dondozo|Dondozo, M|88/100 slp
|-damage|p2a: Dondozo|76/100 slp|[from] Stealth Rock
|move|p1a: 最后绝望:午夜篇|Iron Head|p2a: Dondozo
|-resisted|p2a: Dondozo
|-damage|p2a: Dondozo|53/100 slp
|
|upkeep
|turn|43
|
|t:|1685835206
|move|p1a: 最后绝望:午夜篇|Iron Head|p2a: Dondozo
|-resisted|p2a: Dondozo
|-damage|p2a: Dondozo|30/100 slp
|-curestatus|p2a: Dondozo|slp|[msg]
|move|p2a: Dondozo|Rest|p2a: Dondozo
|-status|p2a: Dondozo|slp|[from] move: Rest
|-heal|p2a: Dondozo|100/100 slp|[silent]
|
|upkeep
|turn|44
|
|t:|1685835214
|move|p1a: 最后绝望:午夜篇|Iron Head|p2a: Dondozo
|-resisted|p2a: Dondozo
|-damage|p2a: Dondozo|79/100 slp
|cant|p2a: Dondozo|slp
|
|upkeep
|turn|45
|
|t:|1685835217
|move|p1a: 最后绝望:午夜篇|Iron Head|p2a: Dondozo
|-resisted|p2a: Dondozo
|-damage|p2a: Dondozo|55/100 slp
|cant|p2a: Dondozo|slp
|
|upkeep
|turn|46
|
|t:|1685835222
|move|p1a: 最后绝望:午夜篇|Iron Head|p2a: Dondozo
|-resisted|p2a: Dondozo
|-damage|p2a: Dondozo|31/100 slp
|-curestatus|p2a: Dondozo|slp|[msg]
|cant|p2a: Dondozo|flinch
|
|upkeep
|turn|47
|
|t:|1685835227
|move|p1a: 最后绝望:午夜篇|Iron Head|p2a: Dondozo
|-resisted|p2a: Dondozo
|-damage|p2a: Dondozo|7/100
|cant|p2a: Dondozo|flinch
|
|upkeep
|turn|48
|
|t:|1685835231
|move|p1a: 最后绝望:午夜篇|Iron Head|p2a: Dondozo
|-resisted|p2a: Dondozo
|-damage|p2a: Dondozo|0 fnt
|faint|p2a: Dondozo
|
|upkeep
|
|t:|1685835234
|switch|p2a: Magearna|Magearna|83/100
|-damage|p2a: Magearna|77/100|[from] Stealth Rock
|turn|49
|
|t:|1685835240
|move|p2a: Magearna|Volt Switch|p1a: 最后绝望:午夜篇
|-supereffective|p1a: 最后绝望:午夜篇
|-damage|p1a: 最后绝望:午夜篇|51/100
|move|p1a: 最后绝望:午夜篇|Iron Head|p2a: Magearna
|-damage|p2a: Magearna|0 fnt
|faint|p2a: Magearna
|
|win|blackgokuking
|raw|blackgokuking's rating: 1496 → 1516(+20 for winning)
|raw|REAL CUNNT's rating: 1496 → 1476(-20 for losing)
|l|‽REAL CUNNT
