|j|☆doodieray
|j|☆1448257844g
|t:|1685857489
|gametype|singles
|player|p1|doodieray|beauty-gen5bw2|1417
|player|p2|1448257844g|ingo|1328
|teamsize|p1|6
|teamsize|p2|6
|gen|9
|tier|[Gen 9] OU
|rated|
|rule|Sleep Clause Mod: Limit one foe put to sleep
|rule|Species Clause: Limit one of each Pokémon
|rule|OHKO Clause: OHKO moves are banned
|rule|Evasion Items Clause: Evasion items are banned
|rule|Evasion Moves Clause: Evasion moves are banned
|rule|Endless Battle Clause: Forcing endless battles is banned
|rule|HP Percentage Mod: HP is shown in percentages
|clearpoke
|poke|p1|Torkoal, F|
|poke|p1|Arcanine-Hisui, F|
|poke|p1|Skeledirge, M|
|poke|p1|Walking Wake|
|poke|p1|Great Tusk|
|poke|p1|Corviknight, F|
|poke|p2|Landorus-Therian, M|
|poke|p2|Thundurus-Therian, M|
|poke|p2|Chien-Pao|
|poke|p2|Corviknight, F|
|poke|p2|Goodra-Hisui, F|
|poke|p2|Volcanion|
|teampreview
|inactive|Battle timer is ON: inactive players will automatically lose when time's up. (requested by 1448257844g)
|
|t:|1685857496
|start
|switch|p1a: Walking Wake|Walking Wake|100/100
|switch|p2a: Volcanion|Volcanion|100/100
|turn|1
|
|t:|1685857512
|move|p1a: Walking Wake|Draco Meteor|p2a: Volcanion
|-damage|p2a: Volcanion|0 fnt
|-unboost|p1a: Walking Wake|spa|2
|faint|p2a: Volcanion
|
|upkeep
|
|t:|1685857516
|switch|p2a: Chien-Pao|Chien-Pao|100/100
|-ability|p2a: Chien-Pao|Sword of Ruin
|turn|2
|
|t:|1685857519
|-end|p1a: Walking Wake|Protosynthesis|[silent]
|switch|p1a: Torkoal|Torkoal, F|100/100
|-weather|SunnyDay|[from] ability: Drought|[of] p1a: Torkoal
|move|p2a: Chien-Pao|Ice Spinner|p1a: Torkoal
|-resisted|p1a: Torkoal
|-damage|p1a: Torkoal|79/100
|
|-weather|SunnyDay|[upkeep]
|upkeep
|turn|3
|
|t:|1685857527
|switch|p2a: Thundurus|Thundurus-Therian, M|100/100
|move|p1a: Torkoal|Yawn|p2a: Thundurus
|-start|p2a: Thundurus|move: Yawn|[of] p1a: Torkoal
|
|-weather|SunnyDay|[upkeep]
|upkeep
|turn|4
|
|t:|1685857531
|switch|p2a: Landorus|Landorus-Therian, M|100/100
|-ability|p2a: Landorus|Intimidate|boost
|-unboost|p1a: Torkoal|atk|1
|switch|p1a: Great Tusk|Great Tusk|100/100
|-activate|p1a: Great Tusk|ability: Protosynthesis
|-start|p1a: Great Tusk|protosynthesisatk
|
|-weather|SunnyDay|[upkeep]
|upkeep
|turn|5
|
|t:|1685857535
|move|p2a: Landorus|U-turn|p1a: Great Tusk
|-resisted|p1a: Great Tusk
|-damage|p1a: Great Tusk|91/100
|
|t:|1685857537
|switch|p2a: Corviknight|Corviknight, F|100/100|[from] U-turn
|-ability|p2a: Corviknight|Pressure
|move|p1a: Great Tusk|Ice Spinner|p2a: Corviknight
|-damage|p2a: Corviknight|67/100
|-damage|p1a: Great Tusk|75/100|[from] item: Rocky Helmet|[of] p2a: Corviknight
|
|-weather|SunnyDay|[upkeep]
|upkeep
|turn|6
|
|t:|1685857544
|-end|p1a: Great Tusk|Protosynthesis|[silent]
|switch|p1a: Corviknight|Corviknight, F|100/100
|-ability|p1a: Corviknight|Pressure
|move|p2a: Corviknight|Roost|p2a: Corviknight
|-heal|p2a: Corviknight|100/100
|-singleturn|p2a: Corviknight|move: Roost
|
|-weather|SunnyDay|[upkeep]
|upkeep
|turn|7
|
|t:|1685857547
|move|p1a: Corviknight|U-turn|p2a: Corviknight
|-resisted|p2a: Corviknight
|-damage|p2a: Corviknight|98/100
|-damage|p1a: Corviknight|84/100|[from] item: Rocky Helmet|[of] p2a: Corviknight
|
|t:|1685857549
|switch|p1a: Arcanine|Arcanine-Hisui, F|100/100|[from] U-turn
|move|p2a: Corviknight|U-turn|p1a: Arcanine
|-resisted|p1a: Arcanine
|-damage|p1a: Arcanine|91/100
|
|t:|1685857553
|switch|p2a: Landorus|Landorus-Therian, M|100/100|[from] U-turn
|-ability|p2a: Landorus|Intimidate|boost
|-unboost|p1a: Arcanine|atk|1
|
|-weather|SunnyDay|[upkeep]
|upkeep
|turn|8
|
|t:|1685857560
|move|p2a: Landorus|U-turn|p1a: Arcanine
|-resisted|p1a: Arcanine
|-damage|p1a: Arcanine|74/100
|
|t:|1685857562
|switch|p2a: Corviknight|Corviknight, F|98/100|[from] U-turn
|-ability|p2a: Corviknight|Pressure
|move|p1a: Arcanine|Flare Blitz|p2a: Corviknight
|-supereffective|p2a: Corviknight
|-damage|p2a: Corviknight|28/100
|-damage|p1a: Arcanine|58/100|[from] item: Rocky Helmet|[of] p2a: Corviknight
|
|-weather|SunnyDay|[upkeep]
|upkeep
|turn|9
|
|t:|1685857566
|move|p1a: Arcanine|Flare Blitz|p2a: Corviknight
|-supereffective|p2a: Corviknight
|-damage|p2a: Corviknight|0 fnt
|-damage|p1a: Arcanine|41/100|[from] item: Rocky Helmet|[of] p2a: Corviknight
|faint|p2a: Corviknight
|
|-weather|none
|upkeep
|
|t:|1685857569
|switch|p2a: Landorus|Landorus-Therian, M|100/100
|-ability|p2a: Landorus|Intimidate|boost
|-unboost|p1a: Arcanine|atk|1
|turn|10
|
|t:|1685857575
|switch|p1a: Corviknight|Corviknight, F|84/100
|-ability|p1a: Corviknight|Pressure
|move|p2a: Landorus|Stone Edge|p1a: Corviknight
|-damage|p1a: Corviknight|60/100
|
|-heal|p1a: Corviknight|66/100|[from] item: Leftovers
|upkeep
|turn|11
|
|t:|1685857580
|switch|p2a: Chien-Pao|Chien-Pao|100/100
|-ability|p2a: Chien-Pao|Sword of Ruin
|move|p1a: Corviknight|U-turn|p2a: Chien-Pao
|-supereffective|p2a: Chien-Pao
|-damage|p2a: Chien-Pao|58/100
|
|t:|1685857589
|switch|p1a: Arcanine|Arcanine-Hisui, F|41/100|[from] U-turn
|
|upkeep
|turn|12
|
|t:|1685857594
|switch|p2a: Landorus|Landorus-Therian, M|100/100
|-ability|p2a: Landorus|Intimidate|boost
|-unboost|p1a: Arcanine|atk|1
|move|p1a: Arcanine|Flare Blitz|p2a: Landorus
|-damage|p2a: Landorus|59/100
|
|upkeep
|turn|13
|
|t:|1685857598
|switch|p1a: Corviknight|Corviknight, F|66/100
|-ability|p1a: Corviknight|Pressure
|move|p2a: Landorus|U-turn|p1a: Corviknight
|-resisted|p1a: Corviknight
|-damage|p1a: Corviknight|62/100
|
|t:|1685857601
|switch|p2a: Thundurus|Thundurus-Therian, M|100/100|[from] U-turn
|
|-heal|p1a: Corviknight|68/100|[from] item: Leftovers
|upkeep
|turn|14
|
|t:|1685857612
|switch|p1a: Torkoal|Torkoal, F|79/100
|-weather|SunnyDay|[from] ability: Drought|[of] p1a: Torkoal
|-terastallize|p2a: Thundurus|Flying
|move|p2a: Thundurus|Tera Blast|p1a: Torkoal
|-damage|p1a: Torkoal|0 fnt
|faint|p1a: Torkoal
|
|-weather|SunnyDay|[upkeep]
|upkeep
|
|t:|1685857619
|switch|p1a: Walking Wake|Walking Wake|100/100
|-activate|p1a: Walking Wake|ability: Protosynthesis
|-start|p1a: Walking Wake|protosynthesisspa
|turn|15
|
|t:|1685857622
|move|p2a: Thundurus|Tera Blast|p1a: Walking Wake
|-damage|p1a: Walking Wake|0 fnt
|faint|p1a: Walking Wake
|-end|p1a: Walking Wake|Protosynthesis|[silent]
|
|-weather|SunnyDay|[upkeep]
|upkeep
|
|t:|1685857631
|switch|p1a: Arcanine|Arcanine-Hisui, F|41/100
|turn|16
|
|t:|1685857636
|switch|p2a: Landorus|Landorus-Therian, M|59/100
|-ability|p2a: Landorus|Intimidate|boost
|-unboost|p1a: Arcanine|atk|1
|-terastallize|p1a: Arcanine|Fire
|move|p1a: Arcanine|Flare Blitz|p2a: Landorus
|-damage|p2a: Landorus|0 fnt
|faint|p2a: Landorus
|
|-weather|SunnyDay|[upkeep]
|upkeep
|
|t:|1685857653
|switch|p2a: Chien-Pao|Chien-Pao|58/100
|-ability|p2a: Chien-Pao|Sword of Ruin
|turn|17
|
|t:|1685857657
|switch|p1a: Corviknight|Corviknight, F|68/100
|-ability|p1a: Corviknight|Pressure
|move|p2a: Chien-Pao|Ice Shard|p1a: Corviknight
|-damage|p1a: Corviknight|46/100
|
|-weather|SunnyDay|[upkeep]
|-heal|p1a: Corviknight|52/100|[from] item: Leftovers
|upkeep
|turn|18
|
|t:|1685857662
|switch|p2a: Thundurus|Thundurus-Therian, M, tera:Flying|100/100
|move|p1a: Corviknight|U-turn|p2a: Thundurus
|-resisted|p2a: Thundurus
|-damage|p2a: Thundurus|89/100
|
|t:|1685857665
|switch|p1a: Arcanine|Arcanine-Hisui, F, tera:Fire|41/100|[from] U-turn
|
|-weather|SunnyDay|[upkeep]
|upkeep
|turn|19
|
|t:|1685857669
|move|p1a: Arcanine|Flare Blitz|p2a: Thundurus
|-damage|p2a: Thundurus|0 fnt
|faint|p2a: Thundurus
|
|-weather|SunnyDay|[upkeep]
|upkeep
|-message|1448257844g forfeited.
|
|win|doodieray
|raw|doodieray's rating: 1417 → 1432(+15 for winning)
|raw|1448257844g's rating: 1328 → 1313(-15 for losing)
|l|☆1448257844g
