|j|☆Timwitzi4
|j|☆Kirbo Mode
|t:|1685883811
|gametype|singles
|player|p1|Timwitzi4|firebreather|1139
|player|p2|Kirbo Mode|hiker-gen4|1150
|teamsize|p1|6
|teamsize|p2|6
|gen|9
|tier|[Gen 9] OU
|rated|
|rule|Sleep Clause Mod: Limit one foe put to sleep
|rule|Species Clause: Limit one of each Pokémon
|rule|OHKO Clause: OHKO moves are banned
|rule|Evasion Items Clause: Evasion items are banned
|rule|Evasion Moves Clause: Evasion moves are banned
|rule|Endless Battle Clause: Forcing endless battles is banned
|rule|HP Percentage Mod: HP is shown in percentages
|clearpoke
|poke|p1|Dragapult, F|
|poke|p1|Zamazenta-*|
|poke|p1|Chien-Pao|
|poke|p1|Breloom, F|
|poke|p1|Arcanine-Hisui, F|
|poke|p1|Roaring Moon|
|poke|p2|Sneasler, M|
|poke|p2|Rillaboom, M|
|poke|p2|Zamazenta-*|
|poke|p2|Chien-Pao|
|poke|p2|Magearna|
|poke|p2|Dragapult, M|
|teampreview
|inactive|Battle timer is ON: inactive players will automatically lose when time's up. (requested by Kirbo Mode)
|
|t:|1685883823
|start
|switch|p1a: Drachne|Dragapult, F|100/100
|switch|p2a: Dragapult|Dragapult, M|100/100
|turn|1
|
|t:|1685883830
|move|p2a: Dragapult|Light Screen|p2a: Dragapult
|-sidestart|p2: Kirbo Mode|move: Light Screen
|move|p1a: Drachne|Light Screen|p1a: Drachne
|-sidestart|p1: Timwitzi4|move: Light Screen
|
|upkeep
|turn|2
|
|t:|1685883834
|move|p2a: Dragapult|Reflect|p2a: Dragapult
|-sidestart|p2: Kirbo Mode|Reflect
|move|p1a: Drachne|Reflect|p1a: Drachne
|-sidestart|p1: Timwitzi4|Reflect
|
|upkeep
|turn|3
|
|t:|1685883838
|move|p2a: Dragapult|Will-O-Wisp|p1a: Drachne
|-status|p1a: Drachne|brn
|move|p1a: Drachne|U-turn|p2a: Dragapult
|-resisted|p2a: Dragapult
|-damage|p2a: Dragapult|98/100
|-start|p1a: Drachne|Disable|U-turn|[from] ability: Cursed Body|[of] p2a: Dragapult
|
|t:|1685883858
|switch|p1a: Roaring Moon|Roaring Moon, shiny|100/100|[from] U-turn
|-enditem|p1a: Roaring Moon|Booster Energy
|-activate|p1a: Roaring Moon|ability: Protosynthesis|[fromitem]
|-start|p1a: Roaring Moon|protosynthesisatk
|
|upkeep
|turn|4
|
|t:|1685883865
|move|p2a: Dragapult|U-turn|p1a: Roaring Moon
|-supereffective|p1a: Roaring Moon
|-damage|p1a: Roaring Moon|74/100
|
|t:|1685883872
|switch|p2a: Zamazenta|Zamazenta-Crowned|100/100|[from] U-turn
|-ability|p2a: Zamazenta|Dauntless Shield|boost
|-boost|p2a: Zamazenta|def|1
|move|p1a: Roaring Moon|Dragon Dance|p1a: Roaring Moon
|-boost|p1a: Roaring Moon|atk|1
|-boost|p1a: Roaring Moon|spe|1
|
|upkeep
|turn|5
|
|t:|1685883891
|move|p1a: Roaring Moon|Earthquake|p2a: Zamazenta
|-supereffective|p2a: Zamazenta
|-damage|p2a: Zamazenta|75/100
|move|p2a: Zamazenta|Body Press|p1a: Roaring Moon
|-supereffective|p1a: Roaring Moon
|-damage|p1a: Roaring Moon|0 fnt
|faint|p1a: Roaring Moon
|-end|p1a: Roaring Moon|Protosynthesis|[silent]
|
|upkeep
|
|t:|1685883910
|switch|p1a: Monsder|Zamazenta|100/100
|-ability|p1a: Monsder|Dauntless Shield|boost
|-boost|p1a: Monsder|def|1
|turn|6
|
|t:|1685883920
|-terastallize|p2a: Zamazenta|Fighting
|move|p1a: Monsder|Iron Defense|p1a: Monsder
|-boost|p1a: Monsder|def|2
|move|p2a: Zamazenta|Iron Defense|p2a: Zamazenta
|-boost|p2a: Zamazenta|def|2
|
|upkeep
|turn|7
|
|t:|1685883938
|-terastallize|p1a: Monsder|Fighting
|move|p1a: Monsder|Iron Defense|p1a: Monsder
|-boost|p1a: Monsder|def|2
|move|p2a: Zamazenta|Body Press|p1a: Monsder
|-damage|p1a: Monsder|84/100
|
|-heal|p1a: Monsder|90/100|[from] item: Leftovers
|upkeep
|turn|8
|
|t:|1685883964
|move|p1a: Monsder|Iron Defense|p1a: Monsder
|-boost|p1a: Monsder|def|1
|move|p2a: Zamazenta|Iron Defense|p2a: Zamazenta
|-boost|p2a: Zamazenta|def|2
|
|-heal|p1a: Monsder|97/100|[from] item: Leftovers
|-sideend|p1: Timwitzi4|move: Light Screen
|-sideend|p2: Kirbo Mode|move: Light Screen
|upkeep
|turn|9
|
|t:|1685883978
|move|p1a: Monsder|Substitute|p1a: Monsder
|-start|p1a: Monsder|Substitute
|-damage|p1a: Monsder|72/100
|move|p2a: Zamazenta|Iron Defense|p2a: Zamazenta
|-boost|p2a: Zamazenta|def|1
|
|-heal|p1a: Monsder|78/100|[from] item: Leftovers
|-sideend|p1: Timwitzi4|Reflect
|-sideend|p2: Kirbo Mode|Reflect
|upkeep
|turn|10
|
|t:|1685883988
|move|p1a: Monsder|Body Press|p2a: Zamazenta
|-damage|p2a: Zamazenta|47/100
|move|p2a: Zamazenta|Body Press|p1a: Monsder
|-end|p1a: Monsder|Substitute
|
|-heal|p1a: Monsder|84/100|[from] item: Leftovers
|upkeep
|turn|11
|
|t:|1685883997
|move|p1a: Monsder|Body Press|p2a: Zamazenta
|-damage|p2a: Zamazenta|20/100
|move|p2a: Zamazenta|Body Press|p1a: Monsder
|-damage|p1a: Monsder|32/100
|
|-heal|p1a: Monsder|39/100|[from] item: Leftovers
|upkeep
|turn|12
|
|t:|1685884006
|move|p1a: Monsder|Body Press|p2a: Zamazenta
|-damage|p2a: Zamazenta|0 fnt
|faint|p2a: Zamazenta
|
|-heal|p1a: Monsder|45/100|[from] item: Leftovers
|upkeep
|
|t:|1685884012
|switch|p2a: Chien-Pao|Chien-Pao|100/100
|-ability|p2a: Chien-Pao|Sword of Ruin
|turn|13
|
|t:|1685884030
|move|p1a: Monsder|Substitute|p1a: Monsder
|-start|p1a: Monsder|Substitute
|-damage|p1a: Monsder|20/100
|move|p2a: Chien-Pao|Sacred Sword|p1a: Monsder
|-end|p1a: Monsder|Substitute
|-damage|p2a: Chien-Pao|91/100|[from] item: Life Orb
|
|-heal|p1a: Monsder|26/100|[from] item: Leftovers
|upkeep
|turn|14
|
|t:|1685884042
|move|p1a: Monsder|Body Press|p2a: Chien-Pao
|-supereffective|p2a: Chien-Pao
|-damage|p2a: Chien-Pao|0 fnt
|faint|p2a: Chien-Pao
|
|-heal|p1a: Monsder|32/100|[from] item: Leftovers
|upkeep
|
|t:|1685884050
|switch|p2a: Sneasler|Sneasler, M|100/100
|-ability|p2a: Sneasler|Pressure
|turn|15
|
|t:|1685884056
|move|p1a: Monsder|Body Press|p2a: Sneasler
|-resisted|p2a: Sneasler
|-damage|p2a: Sneasler|0 fnt
|faint|p2a: Sneasler
|
|-heal|p1a: Monsder|38/100|[from] item: Leftovers
|upkeep
|
|t:|1685884072
|switch|p2a: Dragapult|Dragapult, M|98/100
|turn|16
|
|t:|1685884081
|move|p2a: Dragapult|Will-O-Wisp|p1a: Monsder
|-status|p1a: Monsder|brn
|move|p1a: Monsder|Crunch|p2a: Dragapult
|-supereffective|p2a: Dragapult
|-crit|p2a: Dragapult
|-damage|p2a: Dragapult|64/100
|-unboost|p2a: Dragapult|def|1
|
|-heal|p1a: Monsder|44/100 brn|[from] item: Leftovers
|-damage|p1a: Monsder|38/100 brn|[from] brn
|upkeep
|turn|17
|
|t:|1685884093
|move|p2a: Dragapult|Reflect|p2a: Dragapult
|-sidestart|p2: Kirbo Mode|Reflect
|move|p1a: Monsder|Crunch|p2a: Dragapult
|-supereffective|p2a: Dragapult
|-damage|p2a: Dragapult|46/100
|-start|p1a: Monsder|Disable|Crunch|[from] ability: Cursed Body|[of] p2a: Dragapult
|
|-heal|p1a: Monsder|44/100 brn|[from] item: Leftovers
|-damage|p1a: Monsder|38/100 brn|[from] brn
|upkeep
|turn|18
|
|t:|1685884106
|move|p2a: Dragapult|U-turn|p1a: Monsder
|-resisted|p1a: Monsder
|-damage|p1a: Monsder|36/100 brn
|
|t:|1685884112
|switch|p2a: Magearna|Magearna|100/100|[from] U-turn
|-item|p2a: Magearna|Air Balloon
|move|p1a: Monsder|Substitute|p1a: Monsder
|-start|p1a: Monsder|Substitute
|-damage|p1a: Monsder|12/100 brn
|
|-heal|p1a: Monsder|18/100 brn|[from] item: Leftovers
|-damage|p1a: Monsder|12/100 brn|[from] brn
|upkeep
|turn|19
|
|t:|1685884133
|move|p1a: Monsder|Body Press|p2a: Magearna
|-crit|p2a: Magearna
|-damage|p2a: Magearna|0 fnt
|-enditem|p2a: Magearna|Air Balloon
|faint|p2a: Magearna
|
|-heal|p1a: Monsder|18/100 brn|[from] item: Leftovers
|-damage|p1a: Monsder|12/100 brn|[from] brn
|upkeep
|
|t:|1685884143
|switch|p2a: Rillaboom|Rillaboom, M|100/100
|-fieldstart|move: Grassy Terrain|[from] ability: Grassy Surge|[of] p2a: Rillaboom
|turn|20
|
|t:|1685884151
|move|p1a: Monsder|Body Press|p2a: Rillaboom
|-damage|p2a: Rillaboom|44/100
|move|p2a: Rillaboom|Earthquake|p1a: Monsder
|-activate|p1a: Monsder|move: Substitute|[damage]
|
|-heal|p1a: Monsder|18/100 brn|[from] Grassy Terrain
|-heal|p1a: Monsder|24/100 brn|[from] item: Leftovers
|-heal|p2a: Rillaboom|51/100|[from] Grassy Terrain
|-damage|p1a: Monsder|18/100 brn|[from] brn
|-end|p1a: Monsder|Disable
|upkeep
|turn|21
|-message|Kirbo Mode forfeited.
|
|win|Timwitzi4
|raw|Timwitzi4's rating: 1139 → 1165(+26 for winning)
|raw|Kirbo Mode's rating: 1150 → 1124(-26 for losing)
|l|☆Kirbo Mode
