|j|☆truedemonchild
|j|☆Pierdeligasx3
|t:|1685887875
|gametype|singles
|player|p1|truedemonchild|eusine|1388
|player|p2|Pierdeligasx3|102|1428
|teamsize|p1|6
|teamsize|p2|6
|gen|9
|tier|[Gen 9] OU
|rated|
|rule|Sleep Clause Mod: Limit one foe put to sleep
|rule|Species Clause: Limit one of each Pokémon
|rule|OHKO Clause: OHKO moves are banned
|rule|Evasion Items Clause: Evasion items are banned
|rule|Evasion Moves Clause: Evasion moves are banned
|rule|Endless Battle Clause: Forcing endless battles is banned
|rule|HP Percentage Mod: HP is shown in percentages
|clearpoke
|poke|p1|Samurott-Hisui, M|
|poke|p1|Dragapult, M|
|poke|p1|Sneasler, F|
|poke|p1|Magearna|
|poke|p1|Volcarona, M|
|poke|p1|Zamazenta-*|
|poke|p2|Great Tusk|
|poke|p2|Baxcalibur, F|
|poke|p2|Iron Moth|
|poke|p2|Dragapult, M|
|poke|p2|Magearna|
|poke|p2|Zapdos|
|teampreview
|inactive|Battle timer is ON: inactive players will automatically lose when time's up. (requested by truedemonchild)
|
|t:|1685887889
|start
|switch|p1a: Samurott|Samurott-Hisui, M|100/100
|switch|p2a: Dragapult|Dragapult, M|100/100
|turn|1
|
|t:|1685887895
|move|p2a: Dragapult|U-turn|p1a: Samurott
|-supereffective|p1a: Samurott
|-damage|p1a: Samurott|53/100
|
|t:|1685887898
|switch|p2a: Zapdos|Zapdos|100/100|[from] U-turn
|move|p1a: Samurott|Ceaseless Edge|p2a: Zapdos
|-damage|p2a: Zapdos|61/100
|-sidestart|p2: Pierdeligasx3|Spikes
|-status|p1a: Samurott|par|[from] ability: Static|[of] p2a: Zapdos
|
|upkeep
|turn|2
|
|t:|1685887907
|move|p2a: Zapdos|Discharge|p1a: Samurott
|-supereffective|p1a: Samurott
|-damage|p1a: Samurott|0 fnt
|faint|p1a: Samurott
|
|upkeep
|
|t:|1685887920
|switch|p1a: Dragapult|Dragapult, M|100/100
|turn|3
|
|t:|1685887929
|move|p1a: Dragapult|Light Screen|p1a: Dragapult
|-sidestart|p1: truedemonchild|move: Light Screen
|move|p2a: Zapdos|Roost|p2a: Zapdos
|-heal|p2a: Zapdos|100/100
|-singleturn|p2a: Zapdos|move: Roost
|
|upkeep
|turn|4
|
|t:|1685887940
|move|p1a: Dragapult|Reflect|p1a: Dragapult
|-sidestart|p1: truedemonchild|Reflect
|move|p2a: Zapdos|U-turn|p1a: Dragapult
|-resisted|p1a: Dragapult
|-damage|p1a: Dragapult|97/100
|-start|p2a: Zapdos|Disable|U-turn|[from] ability: Cursed Body|[of] p1a: Dragapult
|
|t:|1685887943
|switch|p2a: Dragapult|Dragapult, M|100/100|[from] U-turn
|-damage|p2a: Dragapult|88/100|[from] Spikes
|
|upkeep
|turn|5
|
|t:|1685887948
|move|p1a: Dragapult|U-turn|p2a: Dragapult
|-resisted|p2a: Dragapult
|-damage|p2a: Dragapult|76/100
|
|t:|1685887953
|switch|p1a: Volcarona|Volcarona, M|100/100|[from] U-turn
|move|p2a: Dragapult|Shadow Ball|p1a: Volcarona
|-damage|p1a: Volcarona|42/100
|-unboost|p1a: Volcarona|spd|1
|
|upkeep
|turn|6
|
|t:|1685887973
|switch|p1a: Zamazenta|Zamazenta-Crowned|100/100
|-ability|p1a: Zamazenta|Dauntless Shield|boost
|-boost|p1a: Zamazenta|def|1
|move|p2a: Dragapult|Shadow Ball|p1a: Zamazenta
|-damage|p1a: Zamazenta|61/100
|-unboost|p1a: Zamazenta|spd|1
|
|upkeep
|turn|7
|
|t:|1685887981
|move|p2a: Dragapult|Shadow Ball|p1a: Zamazenta
|-damage|p1a: Zamazenta|0 fnt
|faint|p1a: Zamazenta
|
|upkeep
|
|t:|1685887983
|switch|p1a: Magearna|Magearna|100/100
|turn|8
|
|t:|1685887990
|switch|p2a: Iron Moth|Iron Moth|100/100
|-enditem|p2a: Iron Moth|Booster Energy
|-activate|p2a: Iron Moth|ability: Quark Drive|[fromitem]
|-start|p2a: Iron Moth|quarkdrivespa
|-damage|p2a: Iron Moth|88/100|[from] Spikes
|move|p1a: Magearna|Calm Mind|p1a: Magearna
|-boost|p1a: Magearna|spa|1
|-boost|p1a: Magearna|spd|1
|
|upkeep
|turn|9
|
|t:|1685887997
|move|p2a: Iron Moth|Fiery Dance|p1a: Magearna
|-supereffective|p1a: Magearna
|-damage|p1a: Magearna|69/100
|-boost|p2a: Iron Moth|spa|1
|move|p1a: Magearna|Stored Power|p2a: Iron Moth
|-supereffective|p2a: Iron Moth
|-damage|p2a: Iron Moth|36/100
|
|-heal|p1a: Magearna|75/100|[from] item: Leftovers
|upkeep
|turn|10
|
|t:|1685888004
|move|p2a: Iron Moth|Fiery Dance|p1a: Magearna
|-supereffective|p1a: Magearna
|-damage|p1a: Magearna|29/100
|-boost|p2a: Iron Moth|spa|1
|move|p1a: Magearna|Stored Power|p2a: Iron Moth
|-supereffective|p2a: Iron Moth
|-damage|p2a: Iron Moth|0 fnt
|faint|p2a: Iron Moth
|-ability|p1a: Magearna|Soul-Heart|boost
|-boost|p1a: Magearna|spa|1
|-end|p2a: Iron Moth|Quark Drive|[silent]
|
|-heal|p1a: Magearna|35/100|[from] item: Leftovers
|-sideend|p1: truedemonchild|move: Light Screen
|upkeep
|
|t:|1685888009
|switch|p2a: Dragapult|Dragapult, M|76/100
|-damage|p2a: Dragapult|64/100|[from] Spikes
|turn|11
|
|t:|1685888014
|move|p2a: Dragapult|Shadow Ball|p1a: Magearna
|-damage|p1a: Magearna|4/100
|move|p1a: Magearna|Draining Kiss|p2a: Dragapult
|-supereffective|p2a: Dragapult
|-damage|p2a: Dragapult|0 fnt
|-heal|p1a: Magearna|45/100|[from] drain|[of] p2a: Dragapult
|faint|p2a: Dragapult
|-ability|p1a: Magearna|Soul-Heart|boost
|-boost|p1a: Magearna|spa|1
|
|-heal|p1a: Magearna|51/100|[from] item: Leftovers
|-sideend|p1: truedemonchild|Reflect
|upkeep
|
|t:|1685888021
|switch|p2a: Great Tusk|Great Tusk|100/100
|-damage|p2a: Great Tusk|88/100|[from] Spikes
|turn|12
|
|t:|1685888026
|switch|p1a: Volcarona|Volcarona, M|42/100
|move|p2a: Great Tusk|Headlong Rush|p1a: Volcarona
|-damage|p1a: Volcarona|0 fnt
|-unboost|p2a: Great Tusk|def|1
|-unboost|p2a: Great Tusk|spd|1
|-status|p2a: Great Tusk|brn|[from] ability: Flame Body|[of] p1a: Volcarona
|faint|p1a: Volcarona
|
|-heal|p2a: Great Tusk|94/100 brn|[from] item: Leftovers
|-damage|p2a: Great Tusk|88/100 brn|[from] brn
|upkeep
|
|t:|1685888031
|switch|p1a: Dragapult|Dragapult, M|97/100
|turn|13
|
|t:|1685888043
|move|p1a: Dragapult|Reflect|p1a: Dragapult
|-sidestart|p1: truedemonchild|Reflect
|move|p2a: Great Tusk|Ice Spinner|p1a: Dragapult
|-supereffective|p1a: Dragapult
|-damage|p1a: Dragapult|81/100
|
|-heal|p2a: Great Tusk|94/100 brn|[from] item: Leftovers
|-damage|p2a: Great Tusk|88/100 brn|[from] brn
|upkeep
|turn|14
|
|t:|1685888053
|-end|p2a: Great Tusk|Protosynthesis|[silent]
|switch|p2a: Zapdos|Zapdos|100/100
|move|p1a: Dragapult|Light Screen|p1a: Dragapult
|-sidestart|p1: truedemonchild|move: Light Screen
|
|upkeep
|turn|15
|
|t:|1685888057
|move|p1a: Dragapult|U-turn|p2a: Zapdos
|-resisted|p2a: Zapdos
|-damage|p2a: Zapdos|94/100
|
|t:|1685888061
|switch|p1a: Sneasler|Sneasler, F|100/100|[from] U-turn
|-item|p1a: Sneasler|Air Balloon
|move|p2a: Zapdos|Discharge|p1a: Sneasler
|-damage|p1a: Sneasler|81/100
|-status|p1a: Sneasler|par
|-enditem|p1a: Sneasler|Air Balloon
|
|upkeep
|turn|16
|
|t:|1685888071
|cant|p1a: Sneasler|par
|move|p2a: Zapdos|U-turn|p1a: Sneasler
|-resisted|p1a: Sneasler
|-crit|p1a: Sneasler
|-damage|p1a: Sneasler|74/100 par
|
|t:|1685888074
|switch|p2a: Great Tusk|Great Tusk|88/100 brn|[from] U-turn
|-damage|p2a: Great Tusk|76/100 brn|[from] Spikes
|
|-heal|p2a: Great Tusk|82/100 brn|[from] item: Leftovers
|-damage|p2a: Great Tusk|76/100 brn|[from] brn
|upkeep
|turn|17
|
|t:|1685888078
|move|p2a: Great Tusk|Headlong Rush|p1a: Sneasler
|-supereffective|p1a: Sneasler
|-damage|p1a: Sneasler|29/100 par
|-unboost|p2a: Great Tusk|def|1
|-unboost|p2a: Great Tusk|spd|1
|move|p1a: Sneasler|Acrobatics|p2a: Great Tusk
|-supereffective|p2a: Great Tusk
|-damage|p2a: Great Tusk|0 fnt
|faint|p2a: Great Tusk
|-end|p2a: Great Tusk|Protosynthesis|[silent]
|
|upkeep
|
|t:|1685888086
|switch|p2a: Magearna|Magearna|100/100
|-damage|p2a: Magearna|88/100|[from] Spikes
|turn|18
|
|t:|1685888091
|move|p1a: Sneasler|Acrobatics|p2a: Magearna
|-resisted|p2a: Magearna
|-damage|p2a: Magearna|71/100
|move|p2a: Magearna|Shift Gear|p2a: Magearna
|-boost|p2a: Magearna|spe|2
|-boost|p2a: Magearna|atk|1
|
|-heal|p2a: Magearna|77/100|[from] item: Leftovers
|upkeep
|turn|19
|
|t:|1685888095
|move|p2a: Magearna|Calm Mind|p2a: Magearna
|-boost|p2a: Magearna|spa|1
|-boost|p2a: Magearna|spd|1
|move|p1a: Sneasler|Swords Dance|p1a: Sneasler
|-boost|p1a: Sneasler|atk|2
|
|-heal|p2a: Magearna|84/100|[from] item: Leftovers
|upkeep
|turn|20
|
|t:|1685888104
|move|p2a: Magearna|Calm Mind|p2a: Magearna
|-boost|p2a: Magearna|spa|1
|-boost|p2a: Magearna|spd|1
|move|p1a: Sneasler|Acrobatics|p2a: Magearna
|-resisted|p2a: Magearna
|-damage|p2a: Magearna|51/100
|
|-heal|p2a: Magearna|57/100|[from] item: Leftovers
|-sideend|p1: truedemonchild|Reflect
|upkeep
|turn|21
|
|t:|1685888109
|move|p2a: Magearna|Stored Power|p1a: Sneasler
|-supereffective|p1a: Sneasler
|-damage|p1a: Sneasler|0 fnt
|faint|p1a: Sneasler
|-ability|p2a: Magearna|Soul-Heart|boost
|-boost|p2a: Magearna|spa|1
|
|-heal|p2a: Magearna|63/100|[from] item: Leftovers
|-sideend|p1: truedemonchild|move: Light Screen
|upkeep
|
|t:|1685888112
|switch|p1a: Dragapult|Dragapult, M|81/100
|turn|22
|
|t:|1685888123
|move|p2a: Magearna|Stored Power|p1a: Dragapult
|-damage|p1a: Dragapult|0 fnt
|-start|p2a: Magearna|Disable|Stored Power|[from] ability: Cursed Body|[of] p1a: Dragapult
|faint|p1a: Dragapult
|-ability|p2a: Magearna|Soul-Heart|boost
|-boost|p2a: Magearna|spa|1
|
|-heal|p2a: Magearna|69/100|[from] item: Leftovers
|upkeep
|
|t:|1685888126
|switch|p1a: Magearna|Magearna|51/100
|turn|23
|
|t:|1685888133
|move|p2a: Magearna|Shift Gear|p2a: Magearna
|-boost|p2a: Magearna|spe|2
|-boost|p2a: Magearna|atk|1
|move|p1a: Magearna|Calm Mind|p1a: Magearna
|-boost|p1a: Magearna|spa|1
|-boost|p1a: Magearna|spd|1
|
|-heal|p2a: Magearna|75/100|[from] item: Leftovers
|-heal|p1a: Magearna|57/100|[from] item: Leftovers
|upkeep
|turn|24
|
|t:|1685888136
|move|p2a: Magearna|Calm Mind|p2a: Magearna
|-boost|p2a: Magearna|spa|1
|-boost|p2a: Magearna|spd|1
|move|p1a: Magearna|Calm Mind|p1a: Magearna
|-boost|p1a: Magearna|spa|1
|-boost|p1a: Magearna|spd|1
|
|-heal|p2a: Magearna|81/100|[from] item: Leftovers
|-heal|p1a: Magearna|63/100|[from] item: Leftovers
|upkeep
|turn|25
|
|t:|1685888142
|move|p2a: Magearna|Calm Mind|p2a: Magearna
|-boost|p2a: Magearna|spa|1
|-boost|p2a: Magearna|spd|1
|move|p1a: Magearna|Stored Power|p2a: Magearna
|-resisted|p2a: Magearna
|-damage|p2a: Magearna|73/100
|
|-heal|p2a: Magearna|79/100|[from] item: Leftovers
|-heal|p1a: Magearna|69/100|[from] item: Leftovers
|-end|p2a: Magearna|Disable
|upkeep
|turn|26
|-message|truedemonchild forfeited.
|
|win|Pierdeligasx3
|raw|truedemonchild's rating: 1388 → 1370(-18 for losing)
|raw|Pierdeligasx3's rating: 1428 → 1446(+18 for winning)
|l|☆truedemonchild
