|j|☆uxaz
|j|☆SharkNerd1010
|t:|1685835350
|gametype|singles
|player|p1|uxaz|ghetsis|1016
|player|p2|SharkNerd1010|swimmer|1000
|teamsize|p1|6
|teamsize|p2|6
|gen|9
|tier|[Gen 9] OU
|rated|
|rule|Sleep Clause Mod: Limit one foe put to sleep
|rule|Species Clause: Limit one of each Pokémon
|rule|OHKO Clause: OHKO moves are banned
|rule|Evasion Items Clause: Evasion items are banned
|rule|Evasion Moves Clause: Evasion moves are banned
|rule|Endless Battle Clause: Forcing endless battles is banned
|rule|HP Percentage Mod: HP is shown in percentages
|clearpoke
|poke|p1|Dragonite, F|
|poke|p1|Azumarill, F|
|poke|p1|Corviknight, F|
|poke|p1|Toxapex, M|
|poke|p1|Volcarona, F|
|poke|p1|Amoonguss, M|
|poke|p2|Iron Valiant|
|poke|p2|Amoonguss, M|
|poke|p2|Clodsire, M|
|poke|p2|Great Tusk|
|poke|p2|Tauros, M|
|poke|p2|Raichu, M|
|teampreview
|
|t:|1685835365
|start
|switch|p1a: Dragonite|Dragonite, F|100/100
|switch|p2a: Amoonguss|Amoonguss, M|100/100
|turn|1
|
|t:|1685835376
|move|p1a: Dragonite|Fire Punch|p2a: Amoonguss
|-supereffective|p2a: Amoonguss
|-damage|p2a: Amoonguss|37/100
|move|p2a: Amoonguss|Poison Powder|p1a: Dragonite
|-status|p1a: Dragonite|psn
|
|-damage|p1a: Dragonite|88/100 psn|[from] psn
|upkeep
|turn|2
|n|!SharkNerd1010|sharknerd1010
|
|t:|1685835393
|move|p1a: Dragonite|Fire Punch|p2a: Amoonguss
|-supereffective|p2a: Amoonguss
|-damage|p2a: Amoonguss|0 fnt
|faint|p2a: Amoonguss
|
|-damage|p1a: Dragonite|76/100 psn|[from] psn
|upkeep
|
|t:|1685835402
|switch|p2a: Clodsire|Clodsire, M|100/100
|turn|3
|
|t:|1685835409
|move|p2a: Clodsire|Protect|p2a: Clodsire
|-singleturn|p2a: Clodsire|Protect
|move|p1a: Dragonite|Dragon Dance|p1a: Dragonite
|-boost|p1a: Dragonite|atk|1
|-boost|p1a: Dragonite|spe|1
|
|-damage|p1a: Dragonite|63/100 psn|[from] psn
|upkeep
|turn|4
|
|t:|1685835424
|-terastallize|p1a: Dragonite|Normal
|move|p2a: Clodsire|Protect||[still]
|-fail|p2a: Clodsire
|move|p1a: Dragonite|Extreme Speed|p2a: Clodsire
|-damage|p2a: Clodsire|27/100
|
|-heal|p2a: Clodsire|34/100|[from] item: Leftovers
|-damage|p1a: Dragonite|51/100 psn|[from] psn
|upkeep
|turn|5
|
|t:|1685835434
|move|p2a: Clodsire|Protect|p2a: Clodsire
|-singleturn|p2a: Clodsire|Protect
|move|p1a: Dragonite|Dragon Dance|p1a: Dragonite
|-boost|p1a: Dragonite|atk|1
|-boost|p1a: Dragonite|spe|1
|
|-heal|p2a: Clodsire|40/100|[from] item: Leftovers
|-damage|p1a: Dragonite|39/100 psn|[from] psn
|upkeep
|turn|6
|
|t:|1685835443
|move|p1a: Dragonite|Extreme Speed|p2a: Clodsire
|-damage|p2a: Clodsire|0 fnt
|faint|p2a: Clodsire
|
|-damage|p1a: Dragonite|26/100 psn|[from] psn
|upkeep
|-message|SharkNerd1010 forfeited.
|
|win|uxaz
|raw|uxaz's rating: 1016 → 1052(+36 for winning)
|raw|SharkNerd1010's rating: 1000 → 1000(+0 for losing)
|l|!SharkNerd1010
