|j|☆Tommathan
|j|☆Fokuna
|t:|1685868738
|gametype|singles
|player|p1|Tommathan|lucy|1426
|player|p2|Fokuna|lusamine-nihilego|1433
|teamsize|p1|6
|teamsize|p2|6
|gen|9
|tier|[Gen 9] OU
|rated|
|rule|Sleep Clause Mod: Limit one foe put to sleep
|rule|Species Clause: Limit one of each Pokémon
|rule|OHKO Clause: OHKO moves are banned
|rule|Evasion Items Clause: Evasion items are banned
|rule|Evasion Moves Clause: Evasion moves are banned
|rule|Endless Battle Clause: Forcing endless battles is banned
|rule|HP Percentage Mod: HP is shown in percentages
|clearpoke
|poke|p1|Arcanine-Hisui, F|
|poke|p1|Urshifu-*, F|
|poke|p1|Kingambit, M|
|poke|p1|Great Tusk|
|poke|p1|Garchomp, M|
|poke|p1|Zapdos|
|poke|p2|Slowking-Galar, F|
|poke|p2|Landorus-Therian, M|
|poke|p2|Urshifu-*, M|
|poke|p2|Chien-Pao|
|poke|p2|Corviknight, F|
|poke|p2|Rotom-Wash|
|teampreview
|
|t:|1685868769
|start
|switch|p1a: Garchomp|Garchomp, M|100/100
|switch|p2a: Rotom|Rotom-Wash|100/100
|turn|1
|
|t:|1685868780
|move|p1a: Garchomp|Draco Meteor|p2a: Rotom
|-damage|p2a: Rotom|36/100
|-unboost|p1a: Garchomp|spa|2
|-damage|p1a: Garchomp|91/100|[from] item: Life Orb
|move|p2a: Rotom|Will-O-Wisp|p1a: Garchomp
|-status|p1a: Garchomp|brn
|
|-heal|p2a: Rotom|42/100|[from] item: Leftovers
|-damage|p1a: Garchomp|85/100 brn|[from] brn
|upkeep
|turn|2
|
|t:|1685868791
|move|p2a: Rotom|Protect|p2a: Rotom
|-singleturn|p2a: Rotom|Protect
|move|p1a: Garchomp|Spikes|p2a: Rotom
|-sidestart|p2: Fokuna|Spikes
|
|-heal|p2a: Rotom|49/100|[from] item: Leftovers
|-damage|p1a: Garchomp|78/100 brn|[from] brn
|upkeep
|turn|3
|
|t:|1685868813
|switch|p1a: Zapdos|Zapdos|100/100
|switch|p2a: Corviknight|Corviknight, F, shiny|100/100
|-ability|p2a: Corviknight|Pressure
|
|upkeep
|turn|4
|
|t:|1685868827
|switch|p2a: Slowking|Slowking-Galar, F|100/100
|-damage|p2a: Slowking|88/100|[from] Spikes
|move|p1a: Zapdos|Heat Wave|p2a: Slowking
|-damage|p2a: Slowking|72/100
|
|-heal|p2a: Slowking|78/100|[from] item: Leftovers
|upkeep
|turn|5
|
|t:|1685868836
|move|p1a: Zapdos|Volt Switch|p2a: Slowking
|-damage|p2a: Slowking|61/100
|
|t:|1685868854
|switch|p1a: Urshifu|Urshifu-Rapid-Strike, F|100/100|[from] Volt Switch
|move|p2a: Slowking|Chilly Reception|p2a: Slowking
|-weather|Snow
|
|t:|1685868886
|switch|p2a: Landorus|Landorus-Therian, M|100/100|[from] Chilly Reception
|-ability|p2a: Landorus|Intimidate|boost
|-unboost|p1a: Urshifu|atk|1
|
|-weather|Snow|[upkeep]
|upkeep
|turn|6
|
|t:|1685868908
|switch|p2a: Corviknight|Corviknight, F, shiny|100/100
|-ability|p2a: Corviknight|Pressure
|move|p1a: Urshifu|Surging Strikes|p2a: Corviknight
|-crit|p2a: Corviknight
|-damage|p2a: Corviknight|85/100
|-crit|p2a: Corviknight
|-damage|p2a: Corviknight|71/100
|-crit|p2a: Corviknight
|-damage|p2a: Corviknight|58/100
|-hitcount|p2a: Corviknight|3
|
|-weather|Snow|[upkeep]
|upkeep
|turn|7
|
|t:|1685868931
|switch|p1a: Zapdos|Zapdos|100/100
|move|p2a: Corviknight|Defog|p1a: Zapdos
|-unboost|p1a: Zapdos|evasion|1
|-sideend|p2: Fokuna|Spikes|[from] move: Defog|[of] p2a: Corviknight
|
|-weather|Snow|[upkeep]
|upkeep
|turn|8
|
|t:|1685868948
|switch|p2a: Landorus|Landorus-Therian, M|100/100
|-ability|p2a: Landorus|Intimidate|boost
|-unboost|p1a: Zapdos|atk|1
|move|p1a: Zapdos|Hurricane|p2a: Landorus|[miss]
|-miss|p1a: Zapdos|p2a: Landorus
|
|-weather|Snow|[upkeep]
|upkeep
|turn|9
|
|t:|1685868964
|switch|p1a: Garchomp|Garchomp, M|78/100 brn
|move|p2a: Landorus|U-turn|p1a: Garchomp
|-damage|p1a: Garchomp|57/100 brn
|-damage|p2a: Landorus|88/100|[from] ability: Rough Skin|[of] p1a: Garchomp
|
|t:|1685868980
|switch|p2a: Chien-Pao|Chien-Pao|100/100|[from] U-turn
|-ability|p2a: Chien-Pao|Sword of Ruin
|
|-weather|none
|-damage|p1a: Garchomp|51/100 brn|[from] brn
|upkeep
|turn|10
|
|t:|1685868996
|switch|p1a: Urshifu|Urshifu-Rapid-Strike, F|100/100
|move|p2a: Chien-Pao|Icicle Crash|p1a: Urshifu
|-resisted|p1a: Urshifu
|-damage|p1a: Urshifu|71/100
|
|upkeep
|turn|11
|
|t:|1685869020
|switch|p2a: Slowking|Slowking-Galar, F|94/100
|move|p1a: Urshifu|Close Combat|p2a: Slowking
|-resisted|p2a: Slowking
|-damage|p2a: Slowking|80/100
|-unboost|p1a: Urshifu|def|1
|-unboost|p1a: Urshifu|spd|1
|
|-heal|p2a: Slowking|86/100|[from] item: Leftovers
|upkeep
|turn|12
|
|t:|1685869042
|switch|p1a: Kingambit|Kingambit, M|100/100
|move|p2a: Slowking|Chilly Reception|p2a: Slowking
|-weather|Snow
|
|t:|1685869064
|switch|p2a: Urshifu|Urshifu-Rapid-Strike, M|100/100|[from] Chilly Reception
|
|-weather|Snow|[upkeep]
|upkeep
|turn|13
|
|t:|1685869076
|-end|p1a: Kingambit|fallenundefined|[silent]
|switch|p1a: Zapdos|Zapdos|100/100
|move|p2a: Urshifu|U-turn|p1a: Zapdos
|-resisted|p1a: Zapdos
|-damage|p1a: Zapdos|87/100
|-status|p2a: Urshifu|par|[from] ability: Static|[of] p1a: Zapdos
|
|t:|1685869083
|switch|p2a: Chien-Pao|Chien-Pao|100/100|[from] U-turn
|-ability|p2a: Chien-Pao|Sword of Ruin
|
|-weather|Snow|[upkeep]
|upkeep
|turn|14
|
|t:|1685869115
|switch|p1a: Arcanine|Arcanine-Hisui, F|100/100
|move|p2a: Chien-Pao|Icicle Crash|p1a: Arcanine
|-resisted|p1a: Arcanine
|-damage|p1a: Arcanine|69/100
|
|-weather|Snow|[upkeep]
|upkeep
|turn|15
|
|t:|1685869126
|switch|p2a: Landorus|Landorus-Therian, M|88/100
|-ability|p2a: Landorus|Intimidate|boost
|-unboost|p1a: Arcanine|atk|1
|switch|p1a: Zapdos|Zapdos|87/100
|
|-weather|Snow|[upkeep]
|-heal|p2a: Landorus|94/100|[from] item: Leftovers
|upkeep
|turn|16
|
|t:|1685869135
|move|p1a: Zapdos|Hurricane|p2a: Landorus
|-damage|p2a: Landorus|49/100
|move|p2a: Landorus|Stealth Rock|p1a: Zapdos
|-sidestart|p1: Tommathan|move: Stealth Rock
|
|-weather|none
|-heal|p2a: Landorus|55/100|[from] item: Leftovers
|upkeep
|turn|17
|
|t:|1685869147
|switch|p2a: Slowking|Slowking-Galar, F|100/100
|move|p1a: Zapdos|Volt Switch|p2a: Slowking
|-damage|p2a: Slowking|83/100
|
|t:|1685869159
|switch|p1a: Great Tusk|Great Tusk, shiny|100/100|[from] Volt Switch
|-damage|p1a: Great Tusk|98/100|[from] Stealth Rock
|
|-heal|p1a: Great Tusk|100/100|[from] item: Leftovers
|-heal|p2a: Slowking|89/100|[from] item: Leftovers
|upkeep
|turn|18
|
|t:|1685869170
|switch|p2a: Corviknight|Corviknight, F, shiny|58/100
|-ability|p2a: Corviknight|Pressure
|move|p1a: Great Tusk|Stealth Rock|p2a: Corviknight
|-sidestart|p2: Fokuna|move: Stealth Rock
|
|upkeep
|turn|19
|
|t:|1685869199
|move|p1a: Great Tusk|Knock Off|p2a: Corviknight
|-damage|p2a: Corviknight|38/100
|-damage|p1a: Great Tusk|84/100|[from] item: Rocky Helmet|[of] p2a: Corviknight
|-enditem|p2a: Corviknight|Rocky Helmet|[from] move: Knock Off|[of] p1a: Great Tusk
|move|p2a: Corviknight|Roost|p2a: Corviknight
|-heal|p2a: Corviknight|88/100
|-singleturn|p2a: Corviknight|move: Roost
|
|-heal|p1a: Great Tusk|90/100|[from] item: Leftovers
|upkeep
|turn|20
|
|t:|1685869227
|-end|p1a: Great Tusk|Protosynthesis|[silent]
|switch|p1a: Zapdos|Zapdos|87/100
|move|p2a: Corviknight|Defog|p1a: Zapdos
|-unboost|p1a: Zapdos|evasion|1
|-sideend|p1: Tommathan|Stealth Rock|[from] move: Defog|[of] p2a: Corviknight
|-sideend|p2: Fokuna|Stealth Rock|[from] move: Defog|[of] p2a: Corviknight
|
|upkeep
|turn|21
|
|t:|1685869234
|switch|p2a: Landorus|Landorus-Therian, M|55/100
|-ability|p2a: Landorus|Intimidate|boost
|-unboost|p1a: Zapdos|atk|1
|move|p1a: Zapdos|Heat Wave|p2a: Landorus
|-damage|p2a: Landorus|29/100
|-status|p2a: Landorus|brn
|
|-heal|p2a: Landorus|35/100 brn|[from] item: Leftovers
|-damage|p2a: Landorus|29/100 brn|[from] brn
|upkeep
|turn|22
|
|t:|1685869257
|switch|p1a: Great Tusk|Great Tusk, shiny|90/100
|move|p2a: Landorus|Stealth Rock|p1a: Great Tusk
|-sidestart|p1: Tommathan|move: Stealth Rock
|
|-heal|p2a: Landorus|35/100 brn|[from] item: Leftovers
|-heal|p1a: Great Tusk|96/100|[from] item: Leftovers
|-damage|p2a: Landorus|29/100 brn|[from] brn
|upkeep
|turn|23
|
|t:|1685869268
|move|p2a: Landorus|Taunt|p1a: Great Tusk
|-start|p1a: Great Tusk|move: Taunt
|move|p1a: Great Tusk|Rapid Spin|p2a: Landorus
|-damage|p2a: Landorus|19/100 brn
|-boost|p1a: Great Tusk|spe|1
|-sideend|p1: Tommathan|Stealth Rock|[from] move: Rapid Spin|[of] p1a: Great Tusk
|
|-heal|p1a: Great Tusk|100/100|[from] item: Leftovers
|-heal|p2a: Landorus|25/100 brn|[from] item: Leftovers
|-damage|p2a: Landorus|19/100 brn|[from] brn
|upkeep
|turn|24
|
|t:|1685869284
|switch|p2a: Rotom|Rotom-Wash|49/100
|move|p1a: Great Tusk|Knock Off|p2a: Rotom
|-damage|p2a: Rotom|28/100
|-enditem|p2a: Rotom|Leftovers|[from] move: Knock Off|[of] p1a: Great Tusk
|
|upkeep
|turn|25
|
|t:|1685869313
|-end|p1a: Great Tusk|Protosynthesis|[silent]
|switch|p1a: Urshifu|Urshifu-Rapid-Strike, F|71/100
|switch|p2a: Chien-Pao|Chien-Pao|100/100
|-ability|p2a: Chien-Pao|Sword of Ruin
|
|upkeep
|turn|26
|
|t:|1685869323
|switch|p2a: Slowking|Slowking-Galar, F|100/100
|move|p1a: Urshifu|Surging Strikes|p2a: Slowking
|-crit|p2a: Slowking
|-damage|p2a: Slowking|81/100
|-crit|p2a: Slowking
|-damage|p2a: Slowking|60/100
|-crit|p2a: Slowking
|-damage|p2a: Slowking|39/100
|-hitcount|p2a: Slowking|3
|
|-heal|p2a: Slowking|45/100|[from] item: Leftovers
|upkeep
|turn|27
|
|t:|1685869334
|switch|p2a: Corviknight|Corviknight, F, shiny|88/100
|-ability|p2a: Corviknight|Pressure
|move|p1a: Urshifu|Surging Strikes|p2a: Corviknight
|-crit|p2a: Corviknight
|-damage|p2a: Corviknight|75/100
|-crit|p2a: Corviknight
|-damage|p2a: Corviknight|60/100
|-crit|p2a: Corviknight
|-damage|p2a: Corviknight|47/100
|-hitcount|p2a: Corviknight|3
|
|upkeep
|turn|28
|
|t:|1685869362
|switch|p1a: Zapdos|Zapdos|87/100
|move|p2a: Corviknight|U-turn|p1a: Zapdos
|-resisted|p1a: Zapdos
|-damage|p1a: Zapdos|81/100
|
|t:|1685869368
|switch|p2a: Chien-Pao|Chien-Pao|100/100|[from] U-turn
|-ability|p2a: Chien-Pao|Sword of Ruin
|
|upkeep
|turn|29
|
|t:|1685869416
|switch|p1a: Arcanine|Arcanine-Hisui, F|69/100
|move|p2a: Chien-Pao|Icicle Crash|p1a: Arcanine
|-resisted|p1a: Arcanine
|-damage|p1a: Arcanine|36/100
|
|upkeep
|turn|30
|
|t:|1685869431
|switch|p2a: Corviknight|Corviknight, F, shiny|47/100
|-ability|p2a: Corviknight|Pressure
|move|p1a: Arcanine|Extreme Speed|p2a: Corviknight
|-resisted|p2a: Corviknight
|-damage|p2a: Corviknight|34/100
|
|upkeep
|turn|31
|
|t:|1685869458
|switch|p1a: Garchomp|Garchomp, M|51/100 brn
|move|p2a: Corviknight|Roost|p2a: Corviknight
|-heal|p2a: Corviknight|84/100
|-singleturn|p2a: Corviknight|move: Roost
|
|-damage|p1a: Garchomp|44/100 brn|[from] brn
|upkeep
|turn|32
|
|t:|1685869468
|move|p1a: Garchomp|Spikes|p2a: Corviknight
|-sidestart|p2: Fokuna|Spikes
|move|p2a: Corviknight|Defog|p1a: Garchomp
|-unboost|p1a: Garchomp|evasion|1
|-sideend|p2: Fokuna|Spikes|[from] move: Defog|[of] p2a: Corviknight
|
|-damage|p1a: Garchomp|38/100 brn|[from] brn
|upkeep
|turn|33
|
|t:|1685869478
|move|p1a: Garchomp|Fire Blast|p2a: Corviknight
|-supereffective|p2a: Corviknight
|-damage|p2a: Corviknight|23/100
|-damage|p1a: Garchomp|29/100 brn|[from] item: Life Orb
|move|p2a: Corviknight|Defog|p1a: Garchomp
|-unboost|p1a: Garchomp|evasion|1
|
|-damage|p1a: Garchomp|22/100 brn|[from] brn
|upkeep
|turn|34
|
|t:|1685869489
|move|p1a: Garchomp|Draco Meteor|p2a: Corviknight
|-resisted|p2a: Corviknight
|-damage|p2a: Corviknight|0 fnt
|-unboost|p1a: Garchomp|spa|2
|faint|p2a: Corviknight
|-damage|p1a: Garchomp|13/100 brn|[from] item: Life Orb
|
|-damage|p1a: Garchomp|6/100 brn|[from] brn
|upkeep
|
|t:|1685869501
|switch|p2a: Chien-Pao|Chien-Pao|100/100
|-ability|p2a: Chien-Pao|Sword of Ruin
|turn|35
|
|t:|1685869532
|switch|p1a: Arcanine|Arcanine-Hisui, F|36/100
|move|p2a: Chien-Pao|Swords Dance|p2a: Chien-Pao
|-boost|p2a: Chien-Pao|atk|2
|
|upkeep
|turn|36
|
|t:|1685869544
|move|p1a: Arcanine|Extreme Speed|p2a: Chien-Pao
|-damage|p2a: Chien-Pao|42/100
|move|p2a: Chien-Pao|Icicle Crash|p1a: Arcanine
|-resisted|p1a: Arcanine
|-damage|p1a: Arcanine|0 fnt
|faint|p1a: Arcanine
|
|upkeep
|
|t:|1685869559
|switch|p1a: Urshifu|Urshifu-Rapid-Strike, F|71/100
|turn|37
|
|t:|1685869584
|-terastallize|p2a: Chien-Pao|Dark
|-terastallize|p1a: Urshifu|Water
|move|p1a: Urshifu|Aqua Jet|p2a: Chien-Pao
|-damage|p2a: Chien-Pao|6/100
|move|p2a: Chien-Pao|Crunch|p1a: Urshifu
|-damage|p1a: Urshifu|0 fnt
|faint|p1a: Urshifu
|
|upkeep
|
|t:|1685869622
|switch|p1a: Kingambit|Kingambit, M|100/100
|-activate|p1a: Kingambit|ability: Supreme Overlord
|-start|p1a: Kingambit|fallen2|[silent]
|turn|38
|
|t:|1685869642
|switch|p2a: Urshifu|Urshifu-Rapid-Strike, M|100/100 par
|move|p1a: Kingambit|Kowtow Cleave|p2a: Urshifu
|-resisted|p2a: Urshifu
|-damage|p2a: Urshifu|72/100 par
|
|upkeep
|turn|39
|
|t:|1685869654
|-end|p1a: Kingambit|fallen2|[silent]
|switch|p1a: Zapdos|Zapdos|81/100
|move|p2a: Urshifu|Surging Strikes|p1a: Zapdos
|-crit|p1a: Zapdos
|-damage|p1a: Zapdos|57/100
|-crit|p1a: Zapdos
|-damage|p1a: Zapdos|32/100
|-crit|p1a: Zapdos
|-damage|p1a: Zapdos|9/100
|-hitcount|p1a: Zapdos|3
|
|upkeep
|turn|40
|
|t:|1685869668
|switch|p2a: Slowking|Slowking-Galar, F|79/100
|move|p1a: Zapdos|Roost|p1a: Zapdos
|-heal|p1a: Zapdos|60/100
|-singleturn|p1a: Zapdos|move: Roost
|
|-heal|p2a: Slowking|85/100|[from] item: Leftovers
|upkeep
|turn|41
|
|t:|1685869675
|move|p1a: Zapdos|Roost|p1a: Zapdos
|-heal|p1a: Zapdos|100/100
|-singleturn|p1a: Zapdos|move: Roost
|move|p2a: Slowking|Sludge Bomb|p1a: Zapdos
|-damage|p1a: Zapdos|65/100
|-status|p1a: Zapdos|psn
|
|-heal|p2a: Slowking|91/100|[from] item: Leftovers
|-damage|p1a: Zapdos|53/100 psn|[from] psn
|upkeep
|turn|42
|
|t:|1685869687
|move|p1a: Zapdos|Roost|p1a: Zapdos
|-heal|p1a: Zapdos|100/100 psn
|-singleturn|p1a: Zapdos|move: Roost
|move|p2a: Slowking|Chilly Reception|p2a: Slowking
|-weather|Snow
|
|t:|1685869694
|switch|p2a: Chien-Pao|Chien-Pao, tera:Dark|6/100|[from] Chilly Reception
|-ability|p2a: Chien-Pao|Sword of Ruin
|
|-weather|Snow|[upkeep]
|-damage|p1a: Zapdos|88/100 psn|[from] psn
|upkeep
|turn|43
|inactive|Battle timer is ON: inactive players will automatically lose when time's up. (requested by Fokuna)
|inactive|Tommathan has 120 seconds left.
|
|t:|1685869796
|move|p2a: Chien-Pao|Icicle Crash|p1a: Zapdos
|-supereffective|p1a: Zapdos
|-damage|p1a: Zapdos|6/100 psn
|move|p1a: Zapdos|Volt Switch|p2a: Chien-Pao
|-damage|p2a: Chien-Pao|0 fnt
|faint|p2a: Chien-Pao
|
|t:|1685869816
|switch|p1a: Garchomp|Garchomp, M|6/100 brn|[from] Volt Switch
|
|-weather|Snow|[upkeep]
|-damage|p1a: Garchomp|0 fnt|[from] brn
|faint|p1a: Garchomp
|upkeep
|
|t:|1685869832
|switch|p2a: Urshifu|Urshifu-Rapid-Strike, M|72/100 par
|switch|p1a: Zapdos|Zapdos|6/100 psn
|turn|44
|
|t:|1685869840
|move|p2a: Urshifu|Aqua Jet|p1a: Zapdos
|-damage|p1a: Zapdos|0 fnt
|faint|p1a: Zapdos
|
|-weather|Snow|[upkeep]
|upkeep
|inactive|Tommathan has 120 seconds left.
|
|t:|1685869864
|switch|p1a: Great Tusk|Great Tusk, shiny|100/100
|turn|45
|inactive|Tommathan has 120 seconds left.
|
|t:|1685869881
|switch|p2a: Landorus|Landorus-Therian, M|19/100 brn
|-ability|p2a: Landorus|Intimidate|boost
|-unboost|p1a: Great Tusk|atk|1
|move|p1a: Great Tusk|Earthquake|p2a: Landorus
|-immune|p2a: Landorus
|
|-weather|Snow|[upkeep]
|-heal|p2a: Landorus|25/100 brn|[from] item: Leftovers
|-damage|p2a: Landorus|19/100 brn|[from] brn
|upkeep
|turn|46
|
|t:|1685869901
|switch|p2a: Rotom|Rotom-Wash|28/100
|move|p1a: Great Tusk|Rapid Spin|p2a: Rotom
|-damage|p2a: Rotom|20/100
|-boost|p1a: Great Tusk|spe|1
|
|-weather|none
|upkeep
|turn|47
|
|t:|1685869915
|move|p1a: Great Tusk|Knock Off|p2a: Rotom
|-damage|p2a: Rotom|9/100
|move|p2a: Rotom|Will-O-Wisp|p1a: Great Tusk|[miss]
|-miss|p2a: Rotom|p1a: Great Tusk
|
|upkeep
|turn|48
|
|t:|1685869931
|move|p1a: Great Tusk|Knock Off|p2a: Rotom
|-damage|p2a: Rotom|0 fnt
|faint|p2a: Rotom
|
|upkeep
|
|t:|1685869933
|switch|p2a: Urshifu|Urshifu-Rapid-Strike, M|72/100 par
|turn|49
|inactive|Tommathan has 90 seconds left.
|
|t:|1685869974
|move|p1a: Great Tusk|Earthquake|p2a: Urshifu
|-damage|p2a: Urshifu|42/100 par
|move|p2a: Urshifu|Surging Strikes|p1a: Great Tusk
|-supereffective|p1a: Great Tusk
|-crit|p1a: Great Tusk
|-damage|p1a: Great Tusk|67/100
|-supereffective|p1a: Great Tusk
|-crit|p1a: Great Tusk
|-damage|p1a: Great Tusk|38/100
|-supereffective|p1a: Great Tusk
|-crit|p1a: Great Tusk
|-damage|p1a: Great Tusk|5/100
|-hitcount|p1a: Great Tusk|3
|
|-heal|p1a: Great Tusk|11/100|[from] item: Leftovers
|upkeep
|turn|50
|
|t:|1685869991
|switch|p2a: Landorus|Landorus-Therian, M|19/100 brn
|-ability|p2a: Landorus|Intimidate|boost
|-unboost|p1a: Great Tusk|atk|1
|move|p1a: Great Tusk|Earthquake|p2a: Landorus
|-immune|p2a: Landorus
|
|-heal|p1a: Great Tusk|17/100|[from] item: Leftovers
|-heal|p2a: Landorus|25/100 brn|[from] item: Leftovers
|-damage|p2a: Landorus|19/100 brn|[from] brn
|upkeep
|turn|51
|
|t:|1685869999
|move|p1a: Great Tusk|Stealth Rock|p2a: Landorus
|-sidestart|p2: Fokuna|move: Stealth Rock
|move|p2a: Landorus|Earthquake|p1a: Great Tusk
|-damage|p1a: Great Tusk|4/100
|
|-heal|p1a: Great Tusk|11/100|[from] item: Leftovers
|-heal|p2a: Landorus|25/100 brn|[from] item: Leftovers
|-damage|p2a: Landorus|19/100 brn|[from] brn
|upkeep
|turn|52
|
|t:|1685870007
|move|p1a: Great Tusk|Knock Off|p2a: Landorus
|-damage|p2a: Landorus|7/100 brn
|-enditem|p2a: Landorus|Leftovers|[from] move: Knock Off|[of] p1a: Great Tusk
|move|p2a: Landorus|Earthquake|p1a: Great Tusk
|-damage|p1a: Great Tusk|0 fnt
|faint|p1a: Great Tusk
|-end|p1a: Great Tusk|Protosynthesis|[silent]
|
|-damage|p2a: Landorus|1/100 brn|[from] brn
|upkeep
|
|t:|1685870009
|switch|p1a: Kingambit|Kingambit, M|100/100
|-activate|p1a: Kingambit|ability: Supreme Overlord
|-start|p1a: Kingambit|fallen5|[silent]
|turn|53
|inactive|Tommathan has 90 seconds left.
|
|t:|1685870021
|move|p1a: Kingambit|Sucker Punch||[still]
|-fail|p1a: Kingambit
|move|p2a: Landorus|Taunt|p1a: Kingambit
|-start|p1a: Kingambit|move: Taunt
|
|-damage|p2a: Landorus|0 fnt|[from] brn
|faint|p2a: Landorus
|upkeep
|
|t:|1685870027
|switch|p2a: Urshifu|Urshifu-Rapid-Strike, M|42/100 par
|-damage|p2a: Urshifu|36/100 par|[from] Stealth Rock
|turn|54
|
|t:|1685870032
|move|p1a: Kingambit|Sucker Punch|p2a: Urshifu
|-resisted|p2a: Urshifu
|-damage|p2a: Urshifu|3/100 par
|move|p2a: Urshifu|Close Combat|p1a: Kingambit
|-supereffective|p1a: Kingambit
|-damage|p1a: Kingambit|0 fnt
|-unboost|p2a: Urshifu|def|1
|-unboost|p2a: Urshifu|spd|1
|faint|p1a: Kingambit
|-end|p1a: Kingambit|fallen5|[silent]
|
|win|Fokuna
|raw|Tommathan's rating: 1426 → 1406(-20 for losing)
|raw|Fokuna's rating: 1433 → 1453(+20 for winning)
|l|☆Tommathan
|c|☆Fokuna|gg
