|j|☆JojoRoyale
|j|☆yingziyingzi
|t:|1685873352
|gametype|singles
|player|p1|JojoRoyale|infielder|1318
|player|p2|yingziyingzi|cynthia-gen4|1361
|teamsize|p1|6
|teamsize|p2|6
|gen|9
|tier|[Gen 9] OU
|rated|
|rule|Sleep Clause Mod: Limit one foe put to sleep
|rule|Species Clause: Limit one of each Pokémon
|rule|OHKO Clause: OHKO moves are banned
|rule|Evasion Items Clause: Evasion items are banned
|rule|Evasion Moves Clause: Evasion moves are banned
|rule|Endless Battle Clause: Forcing endless battles is banned
|rule|HP Percentage Mod: HP is shown in percentages
|clearpoke
|poke|p1|Amoonguss, F|
|poke|p1|Sneasler, M|
|poke|p1|Ting-Lu|
|poke|p1|Corviknight, M|
|poke|p1|Chien-Pao|
|poke|p1|Landorus-Therian, M|
|poke|p2|Goodra-Hisui, M|
|poke|p2|Ursaluna, F|
|poke|p2|Pelipper, M|
|poke|p2|Glimmora, M|
|poke|p2|Floatzel, F|
|poke|p2|Urshifu-*, M|
|teampreview
|inactive|Battle timer is ON: inactive players will automatically lose when time's up. (requested by yingziyingzi)
|
|t:|1685873372
|start
|switch|p1a: Chien-Pao|Chien-Pao|100/100
|switch|p2a: Urshifu|Urshifu-Rapid-Strike, M|100/100
|-ability|p1a: Chien-Pao|Sword of Ruin
|turn|1
|
|t:|1685873383
|switch|p1a: Amoonguss|Amoonguss, F|100/100
|move|p2a: Urshifu|Ice Spinner|p1a: Amoonguss
|-supereffective|p1a: Amoonguss
|-damage|p1a: Amoonguss|58/100
|-damage|p2a: Urshifu|84/100|[from] item: Rocky Helmet|[of] p1a: Amoonguss
|
|upkeep
|turn|2
|
|t:|1685873391
|switch|p2a: Goodra|Goodra-Hisui, M, shiny|100/100
|move|p1a: Amoonguss|Spore|p2a: Goodra
|-ability|p2a: Goodra|Sap Sipper|boost
|-boost|p2a: Goodra|atk|1
|
|upkeep
|turn|3
|
|t:|1685873399
|switch|p1a: Landorus|Landorus-Therian, M|100/100
|-ability|p1a: Landorus|Intimidate|boost
|-unboost|p2a: Goodra|atk|1
|move|p2a: Goodra|Dragon Tail|p1a: Landorus|[miss]
|-miss|p2a: Goodra|p1a: Landorus
|
|upkeep
|turn|4
|
|t:|1685873408
|move|p1a: Landorus|Stealth Rock|p2a: Goodra
|-sidestart|p2: yingziyingzi|move: Stealth Rock
|move|p2a: Goodra|Ice Beam|p1a: Landorus
|-supereffective|p1a: Landorus
|-damage|p1a: Landorus|8/100
|
|-heal|p1a: Landorus|14/100|[from] item: Leftovers
|upkeep
|turn|5
|
|t:|1685873417
|switch|p2a: Glimmora|Glimmora, M|100/100
|-damage|p2a: Glimmora|88/100|[from] Stealth Rock
|move|p1a: Landorus|U-turn|p2a: Glimmora
|-resisted|p2a: Glimmora
|-damage|p2a: Glimmora|74/100
|-activate|p2a: Glimmora|ability: Toxic Debris
|-sidestart|p1: JojoRoyale|move: Toxic Spikes
|
|t:|1685873429
|switch|p1a: Amoonguss|Amoonguss, F|91/100|[from] U-turn
|-sideend|p1: JojoRoyale|move: Toxic Spikes|[of] p1a: Amoonguss
|
|upkeep
|turn|6
|
|t:|1685873439
|move|p2a: Glimmora|Mortal Spin|p1a: Amoonguss
|-damage|p1a: Amoonguss|86/100
|-damage|p2a: Glimmora|58/100|[from] item: Rocky Helmet|[of] p1a: Amoonguss
|-sideend|p2: yingziyingzi|Stealth Rock|[from] move: Mortal Spin|[of] p2a: Glimmora
|move|p1a: Amoonguss|Giga Drain|p2a: Glimmora
|-damage|p2a: Glimmora|27/100
|-heal|p1a: Amoonguss|97/100|[from] drain|[of] p2a: Glimmora
|
|upkeep
|turn|7
|
|t:|1685873448
|switch|p2a: Goodra|Goodra-Hisui, M, shiny|100/100
|move|p1a: Amoonguss|Giga Drain|p2a: Goodra
|-ability|p2a: Goodra|Sap Sipper|boost
|-boost|p2a: Goodra|atk|1
|
|upkeep
|turn|8
|
|t:|1685873455
|switch|p1a: Corviknight|Corviknight, M|100/100
|-ability|p1a: Corviknight|Pressure
|move|p2a: Goodra|Dragon Tail|p1a: Corviknight
|-resisted|p1a: Corviknight
|-damage|p1a: Corviknight|91/100
|drag|p1a: Ting-Lu|Ting-Lu|100/100
|-ability|p1a: Ting-Lu|Vessel of Ruin
|
|upkeep
|turn|9
|
|t:|1685873468
|switch|p2a: Pelipper|Pelipper, M|100/100
|-weather|RainDance|[from] ability: Drizzle|[of] p2a: Pelipper
|move|p1a: Ting-Lu|Spikes|p2a: Pelipper
|-sidestart|p2: yingziyingzi|Spikes
|
|-weather|RainDance|[upkeep]
|upkeep
|turn|10
|
|t:|1685873476
|move|p2a: Pelipper|Surf|p1a: Ting-Lu
|-supereffective|p1a: Ting-Lu
|-damage|p1a: Ting-Lu|24/100
|move|p1a: Ting-Lu|Whirlwind|p2a: Pelipper
|drag|p2a: Glimmora|Glimmora, M|27/100
|-damage|p2a: Glimmora|15/100|[from] Spikes
|
|-weather|RainDance|[upkeep]
|-heal|p1a: Ting-Lu|30/100|[from] item: Leftovers
|upkeep
|turn|11
|
|t:|1685873501
|switch|p2a: Floatzel|Floatzel, F|100/100
|-damage|p2a: Floatzel|88/100|[from] Spikes
|move|p1a: Ting-Lu|Spikes|p2a: Floatzel
|-sidestart|p2: yingziyingzi|Spikes
|
|-weather|RainDance|[upkeep]
|-heal|p1a: Ting-Lu|37/100|[from] item: Leftovers
|upkeep
|turn|12
|
|t:|1685873510
|-terastallize|p2a: Floatzel|Water
|move|p2a: Floatzel|Wave Crash|p1a: Ting-Lu
|-supereffective|p1a: Ting-Lu
|-damage|p1a: Ting-Lu|0 fnt
|faint|p1a: Ting-Lu
|-damage|p2a: Floatzel|68/100|[from] Recoil
|
|-weather|RainDance|[upkeep]
|upkeep
|
|t:|1685873520
|switch|p1a: Amoonguss|Amoonguss, F|100/100
|turn|13
|
|t:|1685873526
|switch|p2a: Goodra|Goodra-Hisui, M, shiny|100/100
|-damage|p2a: Goodra|84/100|[from] Spikes
|switch|p1a: Landorus|Landorus-Therian, M|14/100
|-ability|p1a: Landorus|Intimidate|boost
|-unboost|p2a: Goodra|atk|1
|
|-weather|none
|-heal|p1a: Landorus|20/100|[from] item: Leftovers
|upkeep
|turn|14
|
|t:|1685873537
|move|p1a: Landorus|Earthquake|p2a: Goodra
|-supereffective|p2a: Goodra
|-damage|p2a: Goodra|20/100
|move|p2a: Goodra|Ice Beam|p1a: Landorus
|-supereffective|p1a: Landorus
|-damage|p1a: Landorus|0 fnt
|faint|p1a: Landorus
|
|upkeep
|
|t:|1685873546
|switch|p1a: Sneasler|Sneasler, M|100/100
|turn|15
|
|t:|1685873553
|switch|p2a: Pelipper|Pelipper, M|100/100
|-weather|RainDance|[from] ability: Drizzle|[of] p2a: Pelipper
|move|p1a: Sneasler|Close Combat|p2a: Pelipper
|-resisted|p2a: Pelipper
|-damage|p2a: Pelipper|63/100
|-unboost|p1a: Sneasler|def|1
|-unboost|p1a: Sneasler|spd|1
|-enditem|p1a: Sneasler|White Herb
|-clearnegativeboost|p1a: Sneasler|[silent]
|
|-weather|RainDance|[upkeep]
|upkeep
|turn|16
|
|t:|1685873566
|move|p1a: Sneasler|Dire Claw|p2a: Pelipper
|-damage|p2a: Pelipper|13/100
|-status|p2a: Pelipper|psn
|move|p2a: Pelipper|Surf|p1a: Sneasler
|-damage|p1a: Sneasler|0 fnt
|faint|p1a: Sneasler
|
|-weather|RainDance|[upkeep]
|-damage|p2a: Pelipper|1/100 psn|[from] psn
|upkeep
|
|t:|1685873581
|switch|p1a: Corviknight|Corviknight, M|91/100
|-ability|p1a: Corviknight|Pressure
|turn|17
|
|t:|1685873590
|move|p2a: Pelipper|Surf|p1a: Corviknight
|-damage|p1a: Corviknight|0 fnt
|faint|p1a: Corviknight
|
|-weather|RainDance|[upkeep]
|-damage|p2a: Pelipper|0 fnt|[from] psn
|faint|p2a: Pelipper
|upkeep
|
|t:|1685873600
|switch|p2a: Glimmora|Glimmora, M|15/100
|switch|p1a: Amoonguss|Amoonguss, F|100/100
|-damage|p2a: Glimmora|0 fnt|[from] Spikes
|faint|p2a: Glimmora
|
|t:|1685873608
|switch|p2a: Goodra|Goodra-Hisui, M, shiny|20/100
|-damage|p2a: Goodra|3/100|[from] Spikes
|turn|18
|
|t:|1685873613
|switch|p1a: Chien-Pao|Chien-Pao|100/100
|-ability|p1a: Chien-Pao|Sword of Ruin
|move|p2a: Goodra|Ice Beam|p1a: Chien-Pao
|-resisted|p1a: Chien-Pao
|-damage|p1a: Chien-Pao|84/100
|
|-weather|RainDance|[upkeep]
|upkeep
|turn|19
|
|t:|1685873626
|move|p1a: Chien-Pao|Sacred Sword|p2a: Goodra
|-supereffective|p2a: Goodra
|-damage|p2a: Goodra|0 fnt
|faint|p2a: Goodra
|
|-weather|none
|upkeep
|
|t:|1685873630
|switch|p2a: Urshifu|Urshifu-Rapid-Strike, M|84/100
|-damage|p2a: Urshifu|68/100|[from] Spikes
|turn|20
|
|t:|1685873636
|switch|p1a: Amoonguss|Amoonguss, F|100/100
|move|p2a: Urshifu|Close Combat|p1a: Amoonguss
|-resisted|p1a: Amoonguss
|-damage|p1a: Amoonguss|75/100
|-unboost|p2a: Urshifu|def|1
|-unboost|p2a: Urshifu|spd|1
|-damage|p2a: Urshifu|51/100|[from] item: Rocky Helmet|[of] p1a: Amoonguss
|
|upkeep
|turn|21
|
|t:|1685873646
|switch|p2a: Ursaluna|Ursaluna, F, shiny|100/100
|-damage|p2a: Ursaluna|84/100|[from] Spikes
|move|p1a: Amoonguss|Spore|p2a: Ursaluna
|-status|p2a: Ursaluna|slp|[from] move: Spore
|
|upkeep
|turn|22
|
|t:|1685873654
|switch|p2a: Floatzel|Floatzel, F, tera:Water|68/100
|-damage|p2a: Floatzel|52/100|[from] Spikes
|move|p1a: Amoonguss|Giga Drain|p2a: Floatzel
|-supereffective|p2a: Floatzel
|-damage|p2a: Floatzel|0 fnt
|-heal|p1a: Amoonguss|94/100|[from] drain|[of] p2a: Floatzel
|faint|p2a: Floatzel
|
|upkeep
|-message|yingziyingzi forfeited.
|
|win|JojoRoyale
|raw|JojoRoyale's rating: 1318 → 1340(+22 for winning)
|raw|yingziyingzi's rating: 1361 → 1339(-22 for losing)
|l|☆yingziyingzi
