|j|☆ParisAvenger
|j|☆Pf987
|t:|1685827936
|gametype|singles
|player|p1|ParisAvenger|101|1465
|player|p2|Pf987|tate|1397
|teamsize|p1|6
|teamsize|p2|6
|gen|9
|tier|[Gen 9] OU
|rated|
|rule|Sleep Clause Mod: Limit one foe put to sleep
|rule|Species Clause: Limit one of each Pokémon
|rule|OHKO Clause: OHKO moves are banned
|rule|Evasion Items Clause: Evasion items are banned
|rule|Evasion Moves Clause: Evasion moves are banned
|rule|Endless Battle Clause: Forcing endless battles is banned
|rule|HP Percentage Mod: HP is shown in percentages
|clearpoke
|poke|p1|Landorus-Therian, M|
|poke|p1|Magearna|
|poke|p1|Gholdengo|
|poke|p1|Dragapult, M|
|poke|p1|Samurott-Hisui, M|
|poke|p1|Great Tusk|
|poke|p2|Magearna|
|poke|p2|Slowking, F|
|poke|p2|Great Tusk|
|poke|p2|Skeledirge, M|
|poke|p2|Dragonite, F|
|poke|p2|Chien-Pao|
|teampreview
|inactive|Battle timer is ON: inactive players will automatically lose when time's up. (requested by Pf987)
|
|t:|1685827955
|start
|switch|p1a: Landorus|Landorus-Therian, M|100/100
|switch|p2a: le funni|Great Tusk|100/100
|-ability|p1a: Landorus|Intimidate|boost
|-unboost|p2a: le funni|atk|1
|turn|1
|
|t:|1685827963
|move|p1a: Landorus|Earthquake|p2a: le funni
|-damage|p2a: le funni|73/100
|move|p2a: le funni|Rapid Spin|p1a: Landorus
|-damage|p1a: Landorus|89/100
|-boost|p2a: le funni|spe|1
|
|upkeep
|turn|2
|
|t:|1685827972
|switch|p1a: Great Tusk|Great Tusk|100/100
|move|p2a: le funni|Knock Off|p1a: Great Tusk
|-resisted|p1a: Great Tusk
|-damage|p1a: Great Tusk|96/100
|-enditem|p1a: Great Tusk|Leftovers|[from] move: Knock Off|[of] p2a: le funni
|
|upkeep
|turn|3
|
|t:|1685827981
|move|p2a: le funni|Stealth Rock|p1a: Great Tusk
|-sidestart|p1: ParisAvenger|move: Stealth Rock
|move|p1a: Great Tusk|Ice Spinner|p2a: le funni
|-supereffective|p2a: le funni
|-damage|p2a: le funni|51/100
|-damage|p1a: Great Tusk|79/100|[from] item: Rocky Helmet|[of] p2a: le funni
|
|upkeep
|turn|4
|
|t:|1685827999
|-end|p2a: le funni|Protosynthesis|[silent]
|switch|p2a: no longer evil|Slowking, F|100/100
|move|p1a: Great Tusk|Rapid Spin|p2a: no longer evil
|-damage|p2a: no longer evil|87/100
|-boost|p1a: Great Tusk|spe|1
|-sideend|p1: ParisAvenger|Stealth Rock|[from] move: Rapid Spin|[of] p1a: Great Tusk
|
|-heal|p2a: no longer evil|93/100|[from] item: Leftovers
|upkeep
|turn|5
|
|t:|1685828010
|-end|p1a: Great Tusk|Protosynthesis|[silent]
|switch|p1a: Samurott|Samurott-Hisui, M|100/100
|move|p2a: no longer evil|Surf|p1a: Samurott
|-resisted|p1a: Samurott
|-crit|p1a: Samurott
|-damage|p1a: Samurott|66/100
|
|-heal|p2a: no longer evil|99/100|[from] item: Leftovers
|upkeep
|turn|6
|
|t:|1685828023
|switch|p2a: Stepmom|Magearna|100/100
|move|p1a: Samurott|Ceaseless Edge|p2a: Stepmom|[miss]
|-miss|p1a: Samurott|p2a: Stepmom
|
|upkeep
|turn|7
|
|t:|1685828032
|switch|p1a: Gholdengo|Gholdengo|100/100
|move|p2a: Stepmom|Shift Gear|p2a: Stepmom
|-boost|p2a: Stepmom|spe|2
|-boost|p2a: Stepmom|atk|1
|
|upkeep
|turn|8
|
|t:|1685828040
|move|p2a: Stepmom|Calm Mind|p2a: Stepmom
|-boost|p2a: Stepmom|spa|1
|-boost|p2a: Stepmom|spd|1
|move|p1a: Gholdengo|Thunder Wave|p2a: Stepmom|[miss]
|-miss|p1a: Gholdengo|p2a: Stepmom
|
|upkeep
|turn|9
|
|t:|1685828059
|move|p2a: Stepmom|Shift Gear|p2a: Stepmom
|-boost|p2a: Stepmom|spe|2
|-boost|p2a: Stepmom|atk|1
|move|p1a: Gholdengo|Thunder Wave|p2a: Stepmom|[miss]
|-miss|p1a: Gholdengo|p2a: Stepmom
|
|upkeep
|turn|10
|
|t:|1685828070
|move|p2a: Stepmom|Calm Mind|p2a: Stepmom
|-boost|p2a: Stepmom|spa|1
|-boost|p2a: Stepmom|spd|1
|move|p1a: Gholdengo|Thunder Wave|p2a: Stepmom
|-status|p2a: Stepmom|par
|
|upkeep
|turn|11
|
|t:|1685828080
|move|p2a: Stepmom|Shift Gear|p2a: Stepmom
|-boost|p2a: Stepmom|spe|2
|-boost|p2a: Stepmom|atk|1
|move|p1a: Gholdengo|Make It Rain|p2a: Stepmom
|-damage|p2a: Stepmom|76/100 par
|-unboost|p1a: Gholdengo|spa|1
|
|-heal|p2a: Stepmom|82/100 par|[from] item: Leftovers
|upkeep
|turn|12
|-message|ParisAvenger forfeited.
|
|win|Pf987
|raw|ParisAvenger's rating: 1465 → 1441(-24 for losing)
|raw|Pf987's rating: 1397 → 1421(+24 for winning)
|l|☆ParisAvenger
