|j|☆itaintthathard
|j|☆Jets1969?
|t:|1685906726
|gametype|singles
|player|p1|itaintthathard|169|1190
|player|p2|Jets1969?|266|1165
|teamsize|p1|6
|teamsize|p2|6
|gen|9
|tier|[Gen 9] OU
|rated|
|rule|Sleep Clause Mod: Limit one foe put to sleep
|rule|Species Clause: Limit one of each Pokémon
|rule|OHKO Clause: OHKO moves are banned
|rule|Evasion Items Clause: Evasion items are banned
|rule|Evasion Moves Clause: Evasion moves are banned
|rule|Endless Battle Clause: Forcing endless battles is banned
|rule|HP Percentage Mod: HP is shown in percentages
|clearpoke
|poke|p1|Pelipper, M|
|poke|p1|Cresselia, F|
|poke|p1|Ursaluna, F|
|poke|p1|Brambleghast, M|
|poke|p1|Basculegion-F, F|
|poke|p1|Dragonite, F|
|poke|p2|Enamorus-Therian, F|
|poke|p2|Gholdengo|
|poke|p2|Sneasler, M|
|poke|p2|Zamazenta-*|
|poke|p2|Dragapult, M|
|poke|p2|Garchomp, M|
|teampreview
|inactive|Battle timer is ON: inactive players will automatically lose when time's up. (requested by itaintthathard)
|
|t:|1685906758
|start
|switch|p1a: Pelipper|Pelipper, M|100/100
|switch|p2a: Dragapult|Dragapult, M|100/100
|-weather|RainDance|[from] ability: Drizzle|[of] p1a: Pelipper
|turn|1
|
|t:|1685906765
|move|p2a: Dragapult|Reflect|p2a: Dragapult
|-sidestart|p2: Jets1969?|Reflect
|move|p1a: Pelipper|Knock Off|p2a: Dragapult
|-supereffective|p2a: Dragapult
|-crit|p2a: Dragapult
|-damage|p2a: Dragapult|55/100
|-enditem|p2a: Dragapult|Light Clay|[from] move: Knock Off|[of] p1a: Pelipper
|
|-weather|RainDance|[upkeep]
|upkeep
|turn|2
|
|t:|1685906770
|move|p2a: Dragapult|Light Screen|p2a: Dragapult
|-sidestart|p2: Jets1969?|move: Light Screen
|move|p1a: Pelipper|Hurricane|p2a: Dragapult
|-damage|p2a: Dragapult|33/100
|-start|p1a: Pelipper|Disable|Hurricane|[from] ability: Cursed Body|[of] p2a: Dragapult
|
|-weather|RainDance|[upkeep]
|upkeep
|turn|3
|
|t:|1685906797
|switch|p2a: Enamorus|Enamorus-Therian, F|100/100
|move|p1a: Pelipper|U-turn|p2a: Enamorus
|-resisted|p2a: Enamorus
|-damage|p2a: Enamorus|99/100
|
|t:|1685906804
|switch|p1a: Brambleghast|Brambleghast, M|100/100|[from] U-turn
|
|-weather|RainDance|[upkeep]
|upkeep
|turn|4
|
|t:|1685906809
|move|p1a: Brambleghast|Leech Seed|p2a: Enamorus
|-start|p2a: Enamorus|move: Leech Seed
|move|p2a: Enamorus|Moonblast|p1a: Brambleghast
|-enditem|p1a: Brambleghast|Focus Sash
|-damage|p1a: Brambleghast|1/100
|-damage|p2a: Enamorus|89/100|[from] item: Life Orb
|
|-weather|RainDance|[upkeep]
|-damage|p2a: Enamorus|77/100|[from] Leech Seed|[of] p1a: Brambleghast
|-heal|p1a: Brambleghast|12/100|[silent]
|upkeep
|turn|5
|
|t:|1685906818
|move|p1a: Brambleghast|Phantom Force||[still]
|-prepare|p1a: Brambleghast|Phantom Force
|move|p2a: Enamorus|Moonblast|p1a: Brambleghast|[miss]
|-miss|p2a: Enamorus|p1a: Brambleghast
|
|-weather|RainDance|[upkeep]
|-damage|p2a: Enamorus|65/100|[from] Leech Seed|[of] p1a: Brambleghast
|-heal|p1a: Brambleghast|24/100|[silent]
|upkeep
|turn|6
|
|t:|1685906827
|move|p1a: Brambleghast|Phantom Force|p2a: Enamorus|[from]lockedmove
|-damage|p2a: Enamorus|33/100
|move|p2a: Enamorus|Tailwind|p2a: Enamorus
|-sidestart|p2: Jets1969?|move: Tailwind
|
|-weather|RainDance|[upkeep]
|-damage|p2a: Enamorus|21/100|[from] Leech Seed|[of] p1a: Brambleghast
|-heal|p1a: Brambleghast|35/100|[silent]
|-sideend|p2: Jets1969?|move: Light Screen
|upkeep
|turn|7
|
|t:|1685906842
|move|p2a: Enamorus|Moonblast|p1a: Brambleghast
|-damage|p1a: Brambleghast|0 fnt
|faint|p1a: Brambleghast
|-damage|p2a: Enamorus|11/100|[from] item: Life Orb
|
|-weather|RainDance|[upkeep]
|upkeep
|
|t:|1685906847
|switch|p1a: Cresselia|Cresselia, F|100/100
|turn|8
|
|t:|1685906851
|move|p2a: Enamorus|Moonblast|p1a: Cresselia
|-damage|p1a: Cresselia|54/100
|-unboost|p1a: Cresselia|spa|1
|-damage|p2a: Enamorus|1/100|[from] item: Life Orb
|move|p1a: Cresselia|Trick Room|p1a: Cresselia
|-fieldstart|move: Trick Room|[of] p1a: Cresselia
|
|-weather|none
|-heal|p1a: Cresselia|60/100|[from] item: Leftovers
|-damage|p2a: Enamorus|0 fnt|[from] Leech Seed|[of] p1a: Cresselia
|-heal|p1a: Cresselia|60/100|[silent]
|faint|p2a: Enamorus
|-sideend|p2: Jets1969?|Reflect
|upkeep
|inactive|Jets1969? has 120 seconds left.
|
|t:|1685906886
|switch|p2a: \|Gholdengo|100/100
|turn|9
|inactive|Jets1969? has 120 seconds left.
|
|t:|1685906892
|switch|p1a: Ursaluna|Ursaluna, F|100/100
|move|p2a: \|Make It Rain|p1a: Ursaluna
|-damage|p1a: Ursaluna|49/100
|-unboost|p2a: \|spa|1
|
|-sideend|p2: Jets1969?|move: Tailwind
|-status|p1a: Ursaluna|brn|[from] item: Flame Orb
|upkeep
|turn|10
|inactive|Jets1969? has 120 seconds left.
|
|t:|1685906917
|switch|p2a: Garchomp|Garchomp, M|100/100
|move|p1a: Ursaluna|Headlong Rush|p2a: Garchomp
|-damage|p2a: Garchomp|14/100
|-unboost|p1a: Ursaluna|def|1
|-unboost|p1a: Ursaluna|spd|1
|-damage|p1a: Ursaluna|36/100 brn|[from] ability: Rough Skin|[of] p2a: Garchomp
|-damage|p1a: Ursaluna|20/100 brn|[from] item: Rocky Helmet|[of] p2a: Garchomp
|
|-damage|p1a: Ursaluna|14/100 brn|[from] brn
|upkeep
|turn|11
|inactive|itaintthathard has 120 seconds left.
|
|t:|1685906974
|move|p1a: Ursaluna|Rock Slide|p2a: Garchomp
|-resisted|p2a: Garchomp
|-damage|p2a: Garchomp|0 fnt
|faint|p2a: Garchomp
|
|-damage|p1a: Ursaluna|8/100 brn|[from] brn
|upkeep
|inactive|Jets1969? has 90 seconds left.
|
|t:|1685906987
|switch|p2a: Zamazenta|Zamazenta|100/100
|-ability|p2a: Zamazenta|Dauntless Shield|boost
|-boost|p2a: Zamazenta|def|1
|turn|12
|
|t:|1685907003
|switch|p1a: Pelipper|Pelipper, M|100/100
|-weather|RainDance|[from] ability: Drizzle|[of] p1a: Pelipper
|move|p2a: Zamazenta|Iron Defense|p2a: Zamazenta
|-boost|p2a: Zamazenta|def|2
|
|-weather|RainDance|[upkeep]
|-fieldend|move: Trick Room
|upkeep
|turn|13
|
|t:|1685907010
|move|p2a: Zamazenta|Substitute|p2a: Zamazenta
|-start|p2a: Zamazenta|Substitute
|-damage|p2a: Zamazenta|76/100
|move|p1a: Pelipper|Hurricane|p2a: Zamazenta
|-supereffective|p2a: Zamazenta
|-end|p2a: Zamazenta|Substitute
|
|-weather|RainDance|[upkeep]
|-heal|p2a: Zamazenta|82/100|[from] item: Leftovers
|upkeep
|turn|14
|
|t:|1685907020
|switch|p2a: \|Gholdengo|100/100
|move|p1a: Pelipper|Hurricane|p2a: \
|-resisted|p2a: \
|-damage|p2a: \|79/100
|
|-weather|RainDance|[upkeep]
|upkeep
|turn|15
|
|t:|1685907034
|switch|p1a: Dragonite|Dragonite, F, shiny|100/100
|move|p2a: \|Nasty Plot|p2a: \
|-boost|p2a: \|spa|2
|
|-weather|RainDance|[upkeep]
|upkeep
|turn|16
|
|t:|1685907038
|move|p2a: \|Shadow Ball|p1a: Dragonite
|-damage|p1a: Dragonite|59/100
|move|p1a: Dragonite|Thunder|p2a: \
|-damage|p2a: \|20/100
|
|-weather|RainDance|[upkeep]
|upkeep
|turn|17
|
|t:|1685907046
|move|p2a: \|Make It Rain|p1a: Dragonite
|-damage|p1a: Dragonite|0 fnt
|-unboost|p2a: \|spa|1
|faint|p1a: Dragonite
|
|-weather|RainDance|[upkeep]
|upkeep
|
|t:|1685907051
|switch|p1a: Basculegion|Basculegion-F, F|100/100
|turn|18
|
|t:|1685907054
|move|p1a: Basculegion|Shadow Ball|p2a: \
|-supereffective|p2a: \
|-damage|p2a: \|0 fnt
|faint|p2a: \
|
|-weather|RainDance|[upkeep]
|upkeep
|inactive|Jets1969? has 120 seconds left.
|
|t:|1685907072
|switch|p2a: Zamazenta|Zamazenta|82/100
|turn|19
|
|t:|1685907076
|switch|p1a: Cresselia|Cresselia, F|60/100
|move|p2a: Zamazenta|Crunch|p1a: Cresselia
|-supereffective|p1a: Cresselia
|-damage|p1a: Cresselia|30/100
|
|-weather|none
|-heal|p2a: Zamazenta|88/100|[from] item: Leftovers
|-heal|p1a: Cresselia|36/100|[from] item: Leftovers
|upkeep
|turn|20
|inactive|itaintthathard has 120 seconds left.
|
|t:|1685907120
|switch|p2a: Dragapult|Dragapult, M|33/100
|-terastallize|p1a: Cresselia|Fairy
|move|p1a: Cresselia|Trick Room|p1a: Cresselia
|-fieldstart|move: Trick Room|[of] p1a: Cresselia
|
|-heal|p1a: Cresselia|42/100|[from] item: Leftovers
|upkeep
|turn|21
|
|t:|1685907128
|move|p1a: Cresselia|Lunar Dance|p1a: Cresselia
|faint|p1a: Cresselia
|move|p2a: Dragapult|Reflect|p2a: Dragapult
|-sidestart|p2: Jets1969?|Reflect
|
|upkeep
|
|t:|1685907132
|switch|p1a: Ursaluna|Ursaluna, F|8/100 brn
|-heal|p1a: Ursaluna|100/100|[from] move: Lunar Dance
|turn|22
|
|t:|1685907139
|move|p1a: Ursaluna|Headlong Rush|p2a: Dragapult
|-damage|p2a: Dragapult|0 fnt
|-unboost|p1a: Ursaluna|def|1
|-unboost|p1a: Ursaluna|spd|1
|faint|p2a: Dragapult
|
|-status|p1a: Ursaluna|brn|[from] item: Flame Orb
|upkeep
|
|t:|1685907143
|switch|p2a: Zamazenta|Zamazenta|88/100
|turn|23
|
|t:|1685907146
|move|p1a: Ursaluna|Facade|p2a: Zamazenta
|-damage|p2a: Zamazenta|35/100
|move|p2a: Zamazenta|Body Press|p1a: Ursaluna
|-supereffective|p1a: Ursaluna
|-crit|p1a: Ursaluna
|-damage|p1a: Ursaluna|2/100 brn
|
|-heal|p2a: Zamazenta|42/100|[from] item: Leftovers
|-damage|p1a: Ursaluna|0 fnt|[from] brn
|faint|p1a: Ursaluna
|upkeep
|
|t:|1685907150
|switch|p1a: Pelipper|Pelipper, M|100/100
|-weather|RainDance|[from] ability: Drizzle|[of] p1a: Pelipper
|turn|24
|
|t:|1685907164
|move|p1a: Pelipper|Hurricane|p2a: Zamazenta
|-supereffective|p2a: Zamazenta
|-damage|p2a: Zamazenta|0 fnt
|faint|p2a: Zamazenta
|
|-weather|RainDance|[upkeep]
|-fieldend|move: Trick Room
|upkeep
|
|t:|1685907166
|switch|p2a: Sneasler|Sneasler, M|100/100
|-item|p2a: Sneasler|Air Balloon
|turn|25
|
|t:|1685907174
|-terastallize|p2a: Sneasler|Flying
|move|p2a: Sneasler|Dire Claw|p1a: Pelipper
|-damage|p1a: Pelipper|62/100
|move|p1a: Pelipper|Hurricane|p2a: Sneasler
|-damage|p2a: Sneasler|50/100
|-start|p2a: Sneasler|confusion
|-enditem|p2a: Sneasler|Air Balloon
|
|-weather|RainDance|[upkeep]
|-sideend|p2: Jets1969?|Reflect
|upkeep
|turn|26
|
|t:|1685907183
|-activate|p2a: Sneasler|confusion
|-damage|p2a: Sneasler|24/100|[from] confusion
|move|p1a: Pelipper|Hurricane|p2a: Sneasler
|-damage|p2a: Sneasler|0 fnt
|faint|p2a: Sneasler
|
|win|itaintthathard
|raw|itaintthathard's rating: 1190 → 1213(+23 for winning)
|raw|Jets1969?'s rating: 1165 → 1142(-23 for losing)
|c|☆itaintthathard|gg
|c|☆Jets1969?|gg
