|j|☆Cap2n
|j|☆AshML
|t:|1685908934
|gametype|singles
|player|p1|Cap2n|plasmagrunt|
|player|p2|AshML|2|
|teamsize|p1|6
|teamsize|p2|6
|gen|9
|tier|[Gen 9] OU
|rule|Sleep Clause Mod: Limit one foe put to sleep
|rule|Species Clause: Limit one of each Pokémon
|rule|OHKO Clause: OHKO moves are banned
|rule|Evasion Items Clause: Evasion items are banned
|rule|Evasion Moves Clause: Evasion moves are banned
|rule|Endless Battle Clause: Forcing endless battles is banned
|rule|HP Percentage Mod: HP is shown in percentages
|clearpoke
|poke|p1|Greninja, M|
|poke|p1|Pelipper, M|
|poke|p1|Floatzel, F|
|poke|p1|Amoonguss, M|
|poke|p1|Donphan, M|
|poke|p1|Pawmot, M|
|poke|p2|Talonflame, M|
|poke|p2|Baxcalibur, M|
|poke|p2|Zoroark-Hisui, F|
|poke|p2|Iron Valiant|
|poke|p2|Magnezone|
|poke|p2|Alomomola, M|
|teampreview
|c|☆Cap2n|glhf
|c|☆AshML|glhf
|c|☆Cap2n|(game 1)
|
|t:|1685908974
|start
|switch|p1a: "OU"|Pelipper, M|100/100
|switch|p2a: Magnezone|Magnezone|100/100
|-weather|RainDance|[from] ability: Drizzle|[of] p1a: "OU"
|turn|1
|
|t:|1685908987
|switch|p1a: "Iron Treads"|Donphan, M|100/100
|move|p2a: Magnezone|Thunderbolt|p1a: "Iron Treads"
|-immune|p1a: "Iron Treads"
|
|-weather|RainDance|[upkeep]
|upkeep
|turn|2
|inactive|Battle timer is ON: inactive players will automatically lose when time's up. (requested by Cap2n)
|
|t:|1685909054
|switch|p2a: Talonflame|Talonflame, M|100/100
|move|p1a: "Iron Treads"|Stealth Rock|p2a: Talonflame
|-sidestart|p2: AshML|move: Stealth Rock
|
|-weather|RainDance|[upkeep]
|upkeep
|turn|3
|inactive|AshML has 270 seconds left.
|
|t:|1685909085
|move|p2a: Talonflame|Will-O-Wisp|p1a: "Iron Treads"
|-status|p1a: "Iron Treads"|brn
|move|p1a: "Iron Treads"|Knock Off|p2a: Talonflame
|-damage|p2a: Talonflame|86/100
|-enditem|p2a: Talonflame|Heavy-Duty Boots|[from] move: Knock Off|[of] p1a: "Iron Treads"
|
|-weather|RainDance|[upkeep]
|-damage|p1a: "Iron Treads"|94/100 brn|[from] brn
|upkeep
|turn|4
|inactive|Cap2n has 270 seconds left.
|
|t:|1685909101
|switch|p1a: Ungungus|Amoonguss, M|100/100
|move|p2a: Talonflame|Defog|p1a: Ungungus
|-unboost|p1a: Ungungus|evasion|1
|-sideend|p2: AshML|Stealth Rock|[from] move: Defog|[of] p2a: Talonflame
|
|-weather|RainDance|[upkeep]
|upkeep
|turn|5
|inactive|Cap2n has 270 seconds left.
|
|t:|1685909111
|move|p2a: Talonflame|Flamethrower|p1a: Ungungus
|-supereffective|p1a: Ungungus
|-damage|p1a: Ungungus|78/100
|-enditem|p1a: Ungungus|Eject Button
|inactive|Cap2n has 270 seconds left.
|
|t:|1685909124
|switch|p1a: Buoy|Floatzel, F|100/100
|
|-weather|RainDance|[upkeep]
|upkeep
|turn|6
|
|t:|1685909132
|switch|p2a: Alomomola|Alomomola, M|100/100
|move|p1a: Buoy|Liquidation|p2a: Alomomola
|-resisted|p2a: Alomomola
|-damage|p2a: Alomomola|75/100
|
|-weather|RainDance|[upkeep]
|-heal|p2a: Alomomola|81/100|[from] item: Leftovers
|upkeep
|turn|7
|
|t:|1685909140
|switch|p1a: Ungungus|Amoonguss, M|100/100
|move|p2a: Alomomola|Whirlpool|p1a: Ungungus
|-resisted|p1a: Ungungus
|-damage|p1a: Ungungus|96/100
|-activate|p1a: Ungungus|move: Whirlpool|[of] p2a: Alomomola
|
|-weather|RainDance|[upkeep]
|-heal|p2a: Alomomola|87/100|[from] item: Leftovers
|-damage|p1a: Ungungus|83/100|[from] move: Whirlpool|[partiallytrapped]
|upkeep
|turn|8
|
|t:|1685909157
|move|p2a: Alomomola|Protect|p2a: Alomomola
|-singleturn|p2a: Alomomola|Protect
|move|p1a: Ungungus|Spore|p2a: Alomomola
|-activate|p2a: Alomomola|move: Protect
|
|-weather|none
|-heal|p2a: Alomomola|93/100|[from] item: Leftovers
|-damage|p1a: Ungungus|71/100|[from] move: Whirlpool|[partiallytrapped]
|upkeep
|turn|9
|
|t:|1685909175
|switch|p2a: Magnezone|Magnezone|100/100
|move|p1a: Ungungus|Spore|p2a: Magnezone
|-status|p2a: Magnezone|slp|[from] move: Spore
|
|-end|p1a: Ungungus|Whirlpool|[partiallytrapped]|[silent]
|upkeep
|turn|10
|
|t:|1685909184
|switch|p1a: "Iron Treads"|Donphan, M|94/100 brn
|cant|p2a: Magnezone|slp
|
|-heal|p1a: "Iron Treads"|100/100 brn|[from] item: Leftovers
|-damage|p1a: "Iron Treads"|94/100 brn|[from] brn
|upkeep
|turn|11
|inactive|AshML has 270 seconds left.
|inactive|AshML has 240 seconds left.
|
|t:|1685909247
|switch|p2a: Talonflame|Talonflame, M|86/100
|move|p1a: "Iron Treads"|Stealth Rock|p2a: Talonflame
|-sidestart|p2: AshML|move: Stealth Rock
|
|-heal|p1a: "Iron Treads"|100/100 brn|[from] item: Leftovers
|-damage|p1a: "Iron Treads"|94/100 brn|[from] brn
|upkeep
|turn|12
|
|t:|1685909260
|switch|p1a: "OU"|Pelipper, M|100/100
|-weather|RainDance|[from] ability: Drizzle|[of] p1a: "OU"
|move|p2a: Talonflame|Defog|p1a: "OU"
|-unboost|p1a: "OU"|evasion|1
|-sideend|p2: AshML|Stealth Rock|[from] move: Defog|[of] p2a: Talonflame
|
|-weather|RainDance|[upkeep]
|upkeep
|turn|13
|inactive|AshML has 240 seconds left.
|inactive|AshML has 210 seconds left.
|
|t:|1685909310
|switch|p2a: Magnezone|Magnezone|100/100 slp
|move|p1a: "OU"|Hurricane|p2a: Magnezone
|-resisted|p2a: Magnezone
|-damage|p2a: Magnezone|94/100 slp
|
|-weather|RainDance|[upkeep]
|upkeep
|turn|14
|
|t:|1685909313
|switch|p1a: "Iron Treads"|Donphan, M|94/100 brn
|-curestatus|p2a: Magnezone|slp|[msg]
|move|p2a: Magnezone|Thunderbolt|p1a: "Iron Treads"
|-immune|p1a: "Iron Treads"
|
|-weather|RainDance|[upkeep]
|-heal|p1a: "Iron Treads"|100/100 brn|[from] item: Leftovers
|-damage|p1a: "Iron Treads"|94/100 brn|[from] brn
|upkeep
|turn|15
|
|t:|1685909328
|move|p2a: Magnezone|Flash Cannon|p1a: "Iron Treads"
|-damage|p1a: "Iron Treads"|51/100 brn
|move|p1a: "Iron Treads"|Stealth Rock|p2a: Magnezone
|-sidestart|p2: AshML|move: Stealth Rock
|
|-weather|RainDance|[upkeep]
|-heal|p1a: "Iron Treads"|57/100 brn|[from] item: Leftovers
|-damage|p1a: "Iron Treads"|51/100 brn|[from] brn
|upkeep
|turn|16
|
|t:|1685909342
|switch|p2a: Talonflame|Talonflame, M|86/100
|-damage|p2a: Talonflame|36/100|[from] Stealth Rock
|move|p1a: "Iron Treads"|Earthquake|p2a: Talonflame
|-immune|p2a: Talonflame
|
|-weather|RainDance|[upkeep]
|-heal|p1a: "Iron Treads"|57/100 brn|[from] item: Leftovers
|-damage|p1a: "Iron Treads"|51/100 brn|[from] brn
|upkeep
|turn|17
|
|t:|1685909370
|switch|p1a: Buoy|Floatzel, F|100/100
|move|p2a: Talonflame|Roost|p2a: Talonflame
|-heal|p2a: Talonflame|86/100
|-singleturn|p2a: Talonflame|move: Roost
|
|-weather|RainDance|[upkeep]
|upkeep
|turn|18
|
|t:|1685909376
|switch|p2a: Alomomola|Alomomola, M|100/100
|-damage|p2a: Alomomola|88/100|[from] Stealth Rock
|move|p1a: Buoy|Liquidation|p2a: Alomomola
|-resisted|p2a: Alomomola
|-crit|p2a: Alomomola
|-damage|p2a: Alomomola|48/100
|-unboost|p2a: Alomomola|def|1
|
|-weather|RainDance|[upkeep]
|-heal|p2a: Alomomola|54/100|[from] item: Leftovers
|upkeep
|turn|19
|inactive|Cap2n has 270 seconds left.
|inactive|AshML has 210 seconds left.
|
|t:|1685909410
|switch|p1a: Pawper|Pawmot, M|100/100
|move|p2a: Alomomola|Protect||[still]
|-fail|p2a: Alomomola
|
|-weather|none
|-heal|p2a: Alomomola|60/100|[from] item: Leftovers
|upkeep
|turn|20
|
|t:|1685909418
|switch|p2a: Magnezone|Magnezone|94/100
|-damage|p2a: Magnezone|88/100|[from] Stealth Rock
|move|p1a: Pawper|Double Shock|p2a: Magnezone
|-resisted|p2a: Magnezone
|-damage|p2a: Magnezone|58/100
|-start|p1a: Pawper|typechange|???/Fighting|[from] move: Double Shock
|
|upkeep
|turn|21
|inactive|AshML has 210 seconds left.
|
|t:|1685909433
|move|p1a: Pawper|Close Combat|p2a: Magnezone
|-supereffective|p2a: Magnezone
|-damage|p2a: Magnezone|0 fnt
|-unboost|p1a: Pawper|def|1
|-unboost|p1a: Pawper|spd|1
|faint|p2a: Magnezone
|
|upkeep
|inactive|AshML has 210 seconds left.
|
|t:|1685909439
|switch|p2a: Talonflame|Talonflame, M|86/100
|-damage|p2a: Talonflame|36/100|[from] Stealth Rock
|turn|22
|
|t:|1685909459
|switch|p1a: "OU"|Pelipper, M|100/100
|-weather|RainDance|[from] ability: Drizzle|[of] p1a: "OU"
|move|p2a: Talonflame|Defog|p1a: "OU"
|-unboost|p1a: "OU"|evasion|1
|-sideend|p2: AshML|Stealth Rock|[from] move: Defog|[of] p2a: Talonflame
|
|-weather|RainDance|[upkeep]
|upkeep
|turn|23
|inactive|AshML has 210 seconds left.
|
|t:|1685909485
|switch|p2a: Baxcalibur|Baxcalibur, M|100/100
|move|p1a: "OU"|U-turn|p2a: Baxcalibur
|-damage|p2a: Baxcalibur|94/100
|inactive|Cap2n has 270 seconds left.
|
|t:|1685909524
|switch|p1a: Ungungus|Amoonguss, M|100/100|[from] U-turn
|
|-weather|RainDance|[upkeep]
|upkeep
|turn|24
|inactive|AshML has 210 seconds left.
|
|t:|1685909537
|-terastallize|p1a: Ungungus|Water
|move|p2a: Baxcalibur|Icicle Crash|p1a: Ungungus
|-resisted|p1a: Ungungus
|-damage|p1a: Ungungus|82/100
|move|p1a: Ungungus|Spore|p2a: Baxcalibur
|-status|p2a: Baxcalibur|slp|[from] move: Spore
|
|-weather|RainDance|[upkeep]
|upkeep
|turn|25
|inactive|AshML has 210 seconds left.
|
|t:|1685909553
|switch|p1a: Pawper|Pawmot, M|100/100
|cant|p2a: Baxcalibur|slp
|
|-weather|RainDance|[upkeep]
|upkeep
|turn|26
|
|t:|1685909570
|switch|p2a: Iron Valiant|Iron Valiant|100/100
|move|p1a: Pawper|Double Shock|p2a: Iron Valiant
|-damage|p2a: Iron Valiant|0 fnt
|-start|p1a: Pawper|typechange|???/Fighting|[from] move: Double Shock
|replace|p2a: Zoroark|Zoroark-Hisui, F
|-end|p2a: Zoroark|Illusion
|faint|p2a: Zoroark
|
|-weather|RainDance|[upkeep]
|upkeep
|
|t:|1685909577
|switch|p2a: Baxcalibur|Baxcalibur, M|94/100 slp
|turn|27
|inactive|AshML has 210 seconds left.
|inactive|AshML has 180 seconds left.
|
|t:|1685909612
|move|p1a: Pawper|Close Combat|p2a: Baxcalibur
|-supereffective|p2a: Baxcalibur
|-damage|p2a: Baxcalibur|0 fnt
|-unboost|p1a: Pawper|def|1
|-unboost|p1a: Pawper|spd|1
|faint|p2a: Baxcalibur
|
|-weather|RainDance|[upkeep]
|upkeep
|inactive|AshML has 180 seconds left.
|
|t:|1685909618
|switch|p2a: Iron Valiant|Iron Valiant|100/100
|turn|28
|c|☆AshML|gg
|c|☆AshML|game 2
|
|t:|1685909632
|switch|p1a: "Iron Treads"|Donphan, M|51/100 brn
|move|p2a: Iron Valiant|Moonblast|p1a: "Iron Treads"
|-damage|p1a: "Iron Treads"|11/100 brn
|-unboost|p1a: "Iron Treads"|spa|1
|
|-weather|RainDance|[upkeep]
|-heal|p1a: "Iron Treads"|17/100 brn|[from] item: Leftovers
|-damage|p1a: "Iron Treads"|11/100 brn|[from] brn
|upkeep
|turn|29
|-message|AshML forfeited.
|
|win|Cap2n
|c|☆Cap2n|gg
