|j|☆Taps_was_here
|j|☆Edfinn
|t:|1685831938
|gametype|singles
|player|p1|Taps_was_here|266|1078
|player|p2|Edfinn|lucas|1106
|teamsize|p1|6
|teamsize|p2|6
|gen|9
|tier|[Gen 9] OU
|rated|
|rule|Sleep Clause Mod: Limit one foe put to sleep
|rule|Species Clause: Limit one of each Pokémon
|rule|OHKO Clause: OHKO moves are banned
|rule|Evasion Items Clause: Evasion items are banned
|rule|Evasion Moves Clause: Evasion moves are banned
|rule|Endless Battle Clause: Forcing endless battles is banned
|rule|HP Percentage Mod: HP is shown in percentages
|clearpoke
|poke|p1|Lilligant-Hisui, F|
|poke|p1|Torkoal, M|
|poke|p1|Armarouge, M|
|poke|p1|Great Tusk|
|poke|p1|Breloom, F|
|poke|p1|Kingambit, M|
|poke|p2|Baxcalibur, M|
|poke|p2|Garganacl, M|
|poke|p2|Iron Moth|
|poke|p2|Braviary-Hisui, M|
|poke|p2|Mismagius, F|
|poke|p2|Masquerain, M|
|teampreview
|inactive|Battle timer is ON: inactive players will automatically lose when time's up. (requested by Edfinn)
|
|t:|1685831946
|start
|switch|p1a: Great Tusk|Great Tusk|100/100
|switch|p2a: Mismagius|Mismagius, F|100/100
|turn|1
|
|t:|1685831952
|move|p2a: Mismagius|Trick|p1a: Great Tusk
|-activate|p2a: Mismagius|move: Trick|[of] p1a: Great Tusk
|-item|p1a: Great Tusk|Choice Scarf|[from] move: Trick
|-item|p2a: Mismagius|Leftovers|[from] move: Trick
|move|p1a: Great Tusk|Knock Off|p2a: Mismagius
|-supereffective|p2a: Mismagius
|-damage|p2a: Mismagius|0 fnt
|-enditem|p2a: Mismagius|Leftovers|[from] move: Knock Off|[of] p1a: Great Tusk
|faint|p2a: Mismagius
|
|upkeep
|
|t:|1685831958
|switch|p2a: Masquerain|Masquerain, M, shiny|100/100
|-ability|p2a: Masquerain|Intimidate|boost
|-unboost|p1a: Great Tusk|atk|1
|turn|2
|
|t:|1685831973
|-end|p1a: Great Tusk|Protosynthesis|[silent]
|switch|p1a: Kingambit|Kingambit, M|100/100
|move|p2a: Masquerain|Sticky Web|p1a: Kingambit
|-sidestart|p1: Taps_was_here|move: Sticky Web
|
|upkeep
|turn|3
|-activate|p1a: Kingambit|item: Quick Claw
|
|t:|1685831978
|switch|p2a: Garganacl|Garganacl, M|100/100
|move|p1a: Kingambit|Swords Dance|p1a: Kingambit
|-boost|p1a: Kingambit|atk|2
|
|upkeep
|turn|4
|
|t:|1685831988
|move|p1a: Kingambit|Iron Head|p2a: Garganacl
|-supereffective|p2a: Garganacl
|-damage|p2a: Garganacl|0 fnt
|faint|p2a: Garganacl
|
|upkeep
|
|t:|1685831996
|switch|p2a: Iron Moth|Iron Moth, shiny|100/100
|-enditem|p2a: Iron Moth|Booster Energy
|-activate|p2a: Iron Moth|ability: Quark Drive|[fromitem]
|-start|p2a: Iron Moth|quarkdrivespa
|turn|5
|-activate|p1a: Kingambit|item: Quick Claw
|
|t:|1685832006
|move|p1a: Kingambit|Iron Head|p2a: Iron Moth
|-resisted|p2a: Iron Moth
|-damage|p2a: Iron Moth|26/100
|move|p2a: Iron Moth|Fiery Dance|p1a: Kingambit
|-supereffective|p1a: Kingambit
|-damage|p1a: Kingambit|0 fnt
|faint|p1a: Kingambit
|-end|p1a: Kingambit|fallenundefined|[silent]
|
|upkeep
|
|t:|1685832011
|switch|p1a: Torkoal|Torkoal, M|100/100
|-activate|p1a: Torkoal|move: Sticky Web
|-unboost|p1a: Torkoal|spe|1
|-weather|SunnyDay|[from] ability: Drought|[of] p1a: Torkoal
|turn|6
|
|t:|1685832021
|move|p2a: Iron Moth|Sludge Wave|p1a: Torkoal
|-damage|p1a: Torkoal|0 fnt
|faint|p1a: Torkoal
|
|-weather|SunnyDay|[upkeep]
|upkeep
|
|t:|1685832026
|switch|p1a: Lilligant|Lilligant-Hisui, F|100/100
|turn|7
|
|t:|1685832037
|move|p1a: Lilligant|Close Combat|p2a: Iron Moth
|-resisted|p2a: Iron Moth
|-damage|p2a: Iron Moth|0 fnt
|-unboost|p1a: Lilligant|def|1
|-unboost|p1a: Lilligant|spd|1
|faint|p2a: Iron Moth
|-end|p2a: Iron Moth|Quark Drive|[silent]
|
|-weather|SunnyDay|[upkeep]
|upkeep
|
|t:|1685832040
|switch|p2a: Braviary|Braviary-Hisui, M|100/100
|turn|8
|
|t:|1685832045
|move|p1a: Lilligant|Ice Spinner|p2a: Braviary
|-supereffective|p2a: Braviary
|-damage|p2a: Braviary|42/100
|-enditem|p2a: Braviary|Weakness Policy
|-boost|p2a: Braviary|atk|2|[from] item: Weakness Policy
|-boost|p2a: Braviary|spa|2|[from] item: Weakness Policy
|move|p2a: Braviary|Esper Wing|p1a: Lilligant
|-supereffective|p1a: Lilligant
|-crit|p1a: Lilligant
|-damage|p1a: Lilligant|0 fnt
|-boost|p2a: Braviary|spe|1
|faint|p1a: Lilligant
|
|-weather|SunnyDay|[upkeep]
|upkeep
|
|t:|1685832053
|switch|p1a: Armarouge|Armarouge, M|100/100
|-activate|p1a: Armarouge|move: Sticky Web
|-unboost|p1a: Armarouge|spe|1
|turn|9
|
|t:|1685832060
|move|p2a: Braviary|Air Slash|p1a: Armarouge
|-enditem|p1a: Armarouge|Focus Sash
|-damage|p1a: Armarouge|1/100
|cant|p1a: Armarouge|flinch
|
|-weather|SunnyDay|[upkeep]
|upkeep
|turn|10
|
|t:|1685832068
|move|p2a: Braviary|Esper Wing|p1a: Armarouge
|-resisted|p1a: Armarouge
|-damage|p1a: Armarouge|0 fnt
|-boost|p2a: Braviary|spe|1
|faint|p1a: Armarouge
|
|-weather|SunnyDay|[upkeep]
|upkeep
|
|t:|1685832073
|switch|p1a: Great Tusk|Great Tusk|100/100
|-activate|p1a: Great Tusk|move: Sticky Web
|-unboost|p1a: Great Tusk|spe|1
|-activate|p1a: Great Tusk|ability: Protosynthesis
|-start|p1a: Great Tusk|protosynthesisatk
|turn|11
|
|t:|1685832079
|move|p2a: Braviary|Esper Wing|p1a: Great Tusk
|-supereffective|p1a: Great Tusk
|-crit|p1a: Great Tusk
|-damage|p1a: Great Tusk|0 fnt
|-boost|p2a: Braviary|spe|1
|faint|p1a: Great Tusk
|-end|p1a: Great Tusk|Protosynthesis|[silent]
|
|-weather|SunnyDay|[upkeep]
|upkeep
|
|t:|1685832086
|switch|p1a: Breloom|Breloom, F|100/100
|-activate|p1a: Breloom|move: Sticky Web
|-unboost|p1a: Breloom|spe|1
|turn|12
|
|t:|1685832098
|move|p2a: Braviary|Esper Wing|p1a: Breloom
|-supereffective|p1a: Breloom
|-damage|p1a: Breloom|0 fnt
|-boost|p2a: Braviary|spe|1
|faint|p1a: Breloom
|
|win|Edfinn
|raw|Taps_was_here's rating: 1078 → 1058(-20 for losing)
|raw|Edfinn's rating: 1106 → 1129(+23 for winning)
