|j|☆JackoEk11
|j|☆bob982374istesting
|t:|1685641922
|gametype|singles
|player|p1|JackoEk11|cynthia-gen4|2052
|player|p2|bob982374istesting|265|1975
|teamsize|p1|6
|teamsize|p2|6
|gen|9
|tier|[Gen 9] OU
|rated|
|rule|Sleep Clause Mod: Limit one foe put to sleep
|rule|Species Clause: Limit one of each Pokémon
|rule|OHKO Clause: OHKO moves are banned
|rule|Evasion Items Clause: Evasion items are banned
|rule|Evasion Moves Clause: Evasion moves are banned
|rule|Endless Battle Clause: Forcing endless battles is banned
|rule|HP Percentage Mod: HP is shown in percentages
|clearpoke
|poke|p1|Urshifu-*, F|
|poke|p1|Magearna|
|poke|p1|Slowking-Galar, M|
|poke|p1|Corviknight, M|
|poke|p1|Great Tusk|
|poke|p1|Dragapult, M|
|poke|p2|Basculegion-F, F|
|poke|p2|Zamazenta-*|
|poke|p2|Scream Tail|
|poke|p2|Garganacl, F|
|poke|p2|Zapdos|
|poke|p2|Maushold|
|teampreview
|inactive|Battle timer is ON: inactive players will automatically lose when time's up. (requested by JackoEk11)
|j| msnt
|
|t:|1685641963
|start
|switch|p1a: Lando WHO?|Great Tusk|100/100
|switch|p2a: Basculegion|Basculegion-F, F|100/100
|turn|1
|l| msnt
|
|t:|1685641970
|-end|p1a: Lando WHO?|Protosynthesis|[silent]
|switch|p1a: A bit slow...|Slowking-Galar, M|100/100
|move|p2a: Basculegion|Surf|p1a: A bit slow...
|-damage|p1a: A bit slow...|62/100
|
|upkeep
|turn|2
|
|t:|1685641974
|move|p2a: Basculegion|Surf|p1a: A bit slow...
|-damage|p1a: A bit slow...|28/100
|move|p1a: A bit slow...|Future Sight|p2a: Basculegion
|-start|p1a: A bit slow...|move: Future Sight
|
|upkeep
|turn|3
|
|t:|1685641977
|switch|p1a: CPS|Dragapult, M|100/100
|move|p2a: Basculegion|Surf|p1a: CPS
|-resisted|p1a: CPS
|-damage|p1a: CPS|37/100
|
|upkeep
|turn|4
|
|t:|1685641986
|switch|p2a: Garganacl|Garganacl, F|100/100
|move|p1a: CPS|Shadow Ball|p2a: Garganacl
|-damage|p2a: Garganacl|83/100
|
|-end|p2a: Garganacl|move: Future Sight
|-crit|p2a: Garganacl
|-damage|p2a: Garganacl|35/100
|-heal|p2a: Garganacl|41/100|[from] item: Leftovers
|upkeep
|turn|5
|
|t:|1685641992
|switch|p1a: Po|Urshifu-Rapid-Strike, F|100/100
|switch|p2a: Basculegion|Basculegion-F, F|100/100
|
|upkeep
|turn|6
|j| zzz123zzz
|
|t:|1685642012
|move|p1a: Po|U-turn|p2a: Basculegion
|-resisted|p2a: Basculegion
|-damage|p2a: Basculegion|77/100
|
|t:|1685642032
|switch|p1a: Ban Hammer|Magearna|100/100|[from] U-turn
|move|p2a: Basculegion|Shadow Ball|p1a: Ban Hammer
|-damage|p1a: Ban Hammer|40/100
|
|-heal|p1a: Ban Hammer|46/100|[from] item: Leftovers
|upkeep
|turn|7
|
|t:|1685642046
|move|p2a: Basculegion|Shadow Ball|p1a: Ban Hammer
|-damage|p1a: Ban Hammer|0 fnt
|faint|p1a: Ban Hammer
|
|upkeep
|
|t:|1685642048
|switch|p1a: CPS|Dragapult, M|37/100
|turn|8
|
|t:|1685642056
|switch|p2a: Scream Tail|Scream Tail|100/100
|move|p1a: CPS|Shadow Ball|p2a: Scream Tail
|-supereffective|p2a: Scream Tail
|-damage|p2a: Scream Tail|39/100
|
|-heal|p2a: Scream Tail|45/100|[from] item: Leftovers
|upkeep
|turn|9
|
|t:|1685642065
|switch|p1a: Lando WHO?|Great Tusk|100/100
|move|p2a: Scream Tail|Protect||[still]
|-fail|p2a: Scream Tail
|
|-heal|p2a: Scream Tail|52/100|[from] item: Leftovers
|upkeep
|turn|10
|
|t:|1685642069
|move|p2a: Scream Tail|Wish|p2a: Scream Tail
|move|p1a: Lando WHO?|Stealth Rock|p2a: Scream Tail
|-sidestart|p2: bob982374istesting|move: Stealth Rock
|
|-heal|p2a: Scream Tail|58/100|[from] item: Leftovers
|upkeep
|turn|11
|
|t:|1685642073
|move|p2a: Scream Tail|Dazzling Gleam|p1a: Lando WHO?
|-supereffective|p1a: Lando WHO?
|-damage|p1a: Lando WHO?|53/100
|move|p1a: Lando WHO?|Knock Off|p2a: Scream Tail
|-damage|p2a: Scream Tail|36/100
|-enditem|p2a: Scream Tail|Leftovers|[from] move: Knock Off|[of] p1a: Lando WHO?
|
|-heal|p2a: Scream Tail|86/100|[from] move: Wish|[wisher] Scream Tail
|-heal|p1a: Lando WHO?|59/100|[from] item: Leftovers
|upkeep
|turn|12
|
|t:|1685642081
|-end|p2a: Scream Tail|Protosynthesis|[silent]
|switch|p2a: Maushold|Maushold|100/100
|-damage|p2a: Maushold|88/100|[from] Stealth Rock
|-end|p1a: Lando WHO?|Protosynthesis|[silent]
|switch|p1a: A bit slow...|Slowking-Galar, M|61/100
|
|upkeep
|turn|13
|
|t:|1685642083
|switch|p1a: CORVID-19|Corviknight, M|100/100
|-ability|p1a: CORVID-19|Pressure
|move|p2a: Maushold|Tidy Up|p2a: Maushold
|-sideend|p2: bob982374istesting|Stealth Rock
|-activate|p2a: Maushold|move: Tidy Up
|-boost|p2a: Maushold|atk|1
|-boost|p2a: Maushold|spe|1
|
|upkeep
|turn|14
|
|t:|1685642090
|switch|p2a: Zapdos|Zapdos|100/100
|move|p1a: CORVID-19|U-turn|p2a: Zapdos
|-resisted|p2a: Zapdos
|-damage|p2a: Zapdos|94/100
|
|t:|1685642093
|switch|p1a: CPS|Dragapult, M|37/100|[from] U-turn
|
|upkeep
|turn|15
|
|t:|1685642097
|switch|p2a: Scream Tail|Scream Tail|86/100
|move|p1a: CPS|Draco Meteor|p2a: Scream Tail
|-immune|p2a: Scream Tail
|
|upkeep
|turn|16
|
|t:|1685642105
|switch|p1a: A bit slow...|Slowking-Galar, M|94/100
|-end|p2a: Scream Tail|Protosynthesis|[silent]
|switch|p2a: Basculegion|Basculegion-F, F|77/100
|
|upkeep
|turn|17
|
|t:|1685642110
|move|p2a: Basculegion|Shadow Ball|p1a: A bit slow...
|-supereffective|p1a: A bit slow...
|-damage|p1a: A bit slow...|25/100
|move|p1a: A bit slow...|Sludge Bomb|p2a: Basculegion
|-resisted|p2a: Basculegion
|-damage|p2a: Basculegion|55/100
|-status|p2a: Basculegion|psn
|
|-damage|p2a: Basculegion|43/100 psn|[from] psn
|upkeep
|turn|18
|j| DevilishGreg
|
|t:|1685642135
|switch|p1a: Lando WHO?|Great Tusk|59/100
|move|p2a: Basculegion|Shadow Ball|p1a: Lando WHO?
|-damage|p1a: Lando WHO?|0 fnt
|faint|p1a: Lando WHO?
|-end|p1a: Lando WHO?|Protosynthesis|[silent]
|
|-damage|p2a: Basculegion|31/100 psn|[from] psn
|upkeep
|
|t:|1685642141
|switch|p1a: CPS|Dragapult, M|37/100
|turn|19
|
|t:|1685642144
|switch|p2a: Garganacl|Garganacl, F|41/100
|move|p1a: CPS|Shadow Ball|p2a: Garganacl
|-damage|p2a: Garganacl|21/100
|
|-heal|p2a: Garganacl|27/100|[from] item: Leftovers
|upkeep
|turn|20
|
|t:|1685642155
|switch|p1a: Po|Urshifu-Rapid-Strike, F|100/100
|move|p2a: Garganacl|Salt Cure|p1a: Po
|-resisted|p1a: Po
|-damage|p1a: Po|94/100
|-start|p1a: Po|Salt Cure
|
|-heal|p2a: Garganacl|34/100|[from] item: Leftovers
|-damage|p1a: Po|69/100|[from] Salt Cure
|upkeep
|turn|21
|
|t:|1685642160
|switch|p2a: Scream Tail|Scream Tail|86/100
|move|p1a: Po|Surging Strikes|p2a: Scream Tail
|-crit|p2a: Scream Tail
|-damage|p2a: Scream Tail|63/100
|-crit|p2a: Scream Tail
|-damage|p2a: Scream Tail|37/100
|-crit|p2a: Scream Tail
|-damage|p2a: Scream Tail|15/100
|-hitcount|p2a: Scream Tail|3
|
|-damage|p1a: Po|44/100|[from] Salt Cure
|upkeep
|turn|22
|
|t:|1685642164
|switch|p1a: CPS|Dragapult, M|37/100
|move|p2a: Scream Tail|Dazzling Gleam|p1a: CPS
|-supereffective|p1a: CPS
|-damage|p1a: CPS|0 fnt
|faint|p1a: CPS
|
|upkeep
|
|t:|1685642167
|switch|p1a: A bit slow...|Slowking-Galar, M|59/100
|turn|23
|
|t:|1685642175
|move|p2a: Scream Tail|Wish|p2a: Scream Tail
|move|p1a: A bit slow...|Sludge Bomb|p2a: Scream Tail
|-supereffective|p2a: Scream Tail
|-damage|p2a: Scream Tail|0 fnt
|faint|p2a: Scream Tail
|-end|p2a: Scream Tail|Protosynthesis|[silent]
|
|upkeep
|
|t:|1685642186
|switch|p2a: Basculegion|Basculegion-F, F|31/100 psn
|turn|24
|
|t:|1685642191
|-terastallize|p1a: A bit slow...|Grass
|move|p2a: Basculegion|Shadow Ball|p1a: A bit slow...
|-damage|p1a: A bit slow...|24/100
|move|p1a: A bit slow...|Earthquake|p2a: Basculegion
|-damage|p2a: Basculegion|12/100 psn
|
|-heal|p2a: Basculegion|69/100 psn|[from] move: Wish|[wisher] Scream Tail
|-damage|p2a: Basculegion|56/100 psn|[from] psn
|upkeep
|turn|25
|
|t:|1685642210
|switch|p1a: CORVID-19|Corviknight, M|100/100
|-ability|p1a: CORVID-19|Pressure
|move|p2a: Basculegion|Shadow Ball|p1a: CORVID-19
|-damage|p1a: CORVID-19|27/100
|
|-damage|p2a: Basculegion|44/100 psn|[from] psn
|upkeep
|turn|26
|
|t:|1685642212
|switch|p1a: A bit slow...|Slowking-Galar, M, tera:Grass|57/100
|move|p2a: Basculegion|Shadow Ball|p1a: A bit slow...
|-damage|p1a: A bit slow...|23/100
|
|-damage|p2a: Basculegion|32/100 psn|[from] psn
|upkeep
|turn|27
|
|t:|1685642216
|move|p2a: Basculegion|Shadow Ball|p1a: A bit slow...
|-damage|p1a: A bit slow...|0 fnt
|faint|p1a: A bit slow...
|
|-damage|p2a: Basculegion|19/100 psn|[from] psn
|upkeep
|
|t:|1685642218
|switch|p1a: Po|Urshifu-Rapid-Strike, F|44/100
|turn|28
|
|t:|1685642223
|move|p1a: Po|U-turn|p2a: Basculegion
|-resisted|p2a: Basculegion
|-damage|p2a: Basculegion|0 fnt
|faint|p2a: Basculegion
|
|t:|1685642226
|switch|p1a: CORVID-19|Corviknight, M|27/100|[from] U-turn
|-ability|p1a: CORVID-19|Pressure
|
|upkeep
|
|t:|1685642231
|switch|p2a: Zapdos|Zapdos|94/100
|turn|29
|
|t:|1685642233
|move|p2a: Zapdos|Thunderbolt|p1a: CORVID-19
|-supereffective|p1a: CORVID-19
|-damage|p1a: CORVID-19|0 fnt
|faint|p1a: CORVID-19
|
|upkeep
|
|t:|1685642235
|switch|p1a: Po|Urshifu-Rapid-Strike, F|44/100
|turn|30
|
|t:|1685642237
|move|p1a: Po|Surging Strikes|p2a: Zapdos
|-crit|p2a: Zapdos
|-damage|p2a: Zapdos|66/100
|-crit|p2a: Zapdos
|-damage|p2a: Zapdos|35/100
|-status|p1a: Po|par|[from] ability: Static|[of] p2a: Zapdos
|-crit|p2a: Zapdos
|-damage|p2a: Zapdos|5/100
|-hitcount|p2a: Zapdos|3
|move|p2a: Zapdos|Thunderbolt|p1a: Po
|-supereffective|p1a: Po
|-damage|p1a: Po|0 fnt
|faint|p1a: Po
|
|win|bob982374istesting
|raw|JackoEk11's rating: 2052 → 2028(-24 for losing)
|raw|bob982374istesting's rating: 1975 → 1999(+24 for winning)
|c|☆bob982374istesting|gg
|l|☆JackoEk11
|j| AE3N
|l| DevilishGreg
|l| AE3N
|l|☆bob982374istesting
|l| zzz123zzz
