|j|☆Star Vendetta
|j|☆Ryu nuzlocke
|t:|1685916610
|gametype|singles
|player|p1|Star Vendetta|nate|1150
|player|p2|Ryu nuzlocke|169|1208
|teamsize|p1|6
|teamsize|p2|6
|gen|9
|tier|[Gen 9] OU
|rated|
|rule|Sleep Clause Mod: Limit one foe put to sleep
|rule|Species Clause: Limit one of each Pokémon
|rule|OHKO Clause: OHKO moves are banned
|rule|Evasion Items Clause: Evasion items are banned
|rule|Evasion Moves Clause: Evasion moves are banned
|rule|Endless Battle Clause: Forcing endless battles is banned
|rule|HP Percentage Mod: HP is shown in percentages
|clearpoke
|poke|p1|Goodra-Hisui, F|
|poke|p1|Great Tusk|
|poke|p1|Slowking-Galar, F|
|poke|p1|Urshifu-*, F|
|poke|p1|Typhlosion-Hisui, M|
|poke|p1|Landorus-Therian, M|
|poke|p2|Skeledirge, M|
|poke|p2|Magearna|
|poke|p2|Zapdos|
|poke|p2|Toxapex, F|
|poke|p2|Iron Treads|
|poke|p2|Landorus-Therian, M|
|teampreview
|inactive|Battle timer is ON: inactive players will automatically lose when time's up. (requested by Ryu nuzlocke)
|
|t:|1685916631
|start
|switch|p1a: Landorus|Landorus-Therian, M|100/100
|switch|p2a: Zapdos|Zapdos|100/100
|-ability|p1a: Landorus|Intimidate|boost
|-unboost|p2a: Zapdos|atk|1
|turn|1
|
|t:|1685916633
|move|p1a: Landorus|Rock Slide|p2a: Zapdos
|-supereffective|p2a: Zapdos
|-damage|p2a: Zapdos|61/100
|move|p2a: Zapdos|Hurricane|p1a: Landorus
|-damage|p1a: Landorus|39/100
|
|upkeep
|turn|2
|
|t:|1685916644
|switch|p1a: Slowking|Slowking-Galar, F|100/100
|switch|p2a: Magearna|Magearna|100/100
|
|upkeep
|turn|3
|
|t:|1685916649
|move|p2a: Magearna|Calm Mind|p2a: Magearna
|-boost|p2a: Magearna|spa|1
|-boost|p2a: Magearna|spd|1
|move|p1a: Slowking|Fire Blast|p2a: Magearna
|-supereffective|p2a: Magearna
|-damage|p2a: Magearna|71/100
|
|-heal|p2a: Magearna|77/100|[from] item: Leftovers
|upkeep
|turn|4
|
|t:|1685916658
|move|p2a: Magearna|Calm Mind|p2a: Magearna
|-boost|p2a: Magearna|spa|1
|-boost|p2a: Magearna|spd|1
|move|p1a: Slowking|Chilly Reception|p1a: Slowking
|-weather|Snow
|
|t:|1685916661
|switch|p1a: Landorus|Landorus-Therian, M|39/100|[from] Chilly Reception
|-ability|p1a: Landorus|Intimidate|boost
|-unboost|p2a: Magearna|atk|1
|
|-weather|Snow|[upkeep]
|-heal|p2a: Magearna|83/100|[from] item: Leftovers
|upkeep
|turn|5
|
|t:|1685916668
|-terastallize|p2a: Magearna|Flying
|move|p1a: Landorus|Earthquake|p2a: Magearna
|-immune|p2a: Magearna
|move|p2a: Magearna|Iron Defense|p2a: Magearna
|-boost|p2a: Magearna|def|2
|
|-weather|Snow|[upkeep]
|-heal|p2a: Magearna|89/100|[from] item: Leftovers
|upkeep
|turn|6
|
|t:|1685916684
|switch|p1a: Goodra|Goodra-Hisui, F|100/100
|move|p2a: Magearna|Draining Kiss|p1a: Goodra
|-crit|p1a: Goodra
|-damage|p1a: Goodra|57/100
|-heal|p2a: Magearna|100/100|[from] drain|[of] p1a: Goodra
|
|-weather|Snow|[upkeep]
|-heal|p1a: Goodra|63/100|[from] item: Leftovers
|upkeep
|turn|7
|
|t:|1685916702
|switch|p1a: Slowking|Slowking-Galar, F|100/100
|move|p2a: Magearna|Calm Mind|p2a: Magearna
|-boost|p2a: Magearna|spa|1
|-boost|p2a: Magearna|spd|1
|
|-weather|Snow|[upkeep]
|upkeep
|turn|8
|
|t:|1685916710
|move|p2a: Magearna|Iron Defense|p2a: Magearna
|-boost|p2a: Magearna|def|2
|move|p1a: Slowking|Sludge Bomb|p2a: Magearna
|-damage|p2a: Magearna|88/100
|-status|p2a: Magearna|psn
|
|-weather|none
|-heal|p2a: Magearna|94/100 psn|[from] item: Leftovers
|-damage|p2a: Magearna|82/100 psn|[from] psn
|upkeep
|turn|9
|
|t:|1685916716
|move|p2a: Magearna|Stored Power|p1a: Slowking
|-damage|p1a: Slowking|0 fnt
|faint|p1a: Slowking
|-ability|p2a: Magearna|Soul-Heart|boost
|-boost|p2a: Magearna|spa|1
|
|-heal|p2a: Magearna|88/100 psn|[from] item: Leftovers
|-damage|p2a: Magearna|75/100 psn|[from] psn
|upkeep
|
|t:|1685916723
|switch|p1a: Landorus|Landorus-Therian, M|39/100
|-ability|p1a: Landorus|Intimidate|boost
|-unboost|p2a: Magearna|atk|1
|turn|10
|
|t:|1685916725
|move|p1a: Landorus|Rock Slide|p2a: Magearna|[miss]
|-miss|p1a: Landorus|p2a: Magearna
|move|p2a: Magearna|Draining Kiss|p1a: Landorus
|-damage|p1a: Landorus|0 fnt
|-heal|p2a: Magearna|100/100 psn|[from] drain|[of] p1a: Landorus
|faint|p1a: Landorus
|-ability|p2a: Magearna|Soul-Heart|boost
|-boost|p2a: Magearna|spa|1
|
|-damage|p2a: Magearna|88/100 psn|[from] psn
|upkeep
|
|t:|1685916733
|switch|p1a: Urshifu|Urshifu-Rapid-Strike, F|100/100
|turn|11
|
|t:|1685916737
|move|p1a: Urshifu|Surging Strikes|p2a: Magearna
|-crit|p2a: Magearna
|-damage|p2a: Magearna|73/100 psn
|-crit|p2a: Magearna
|-damage|p2a: Magearna|57/100 psn
|-crit|p2a: Magearna
|-damage|p2a: Magearna|41/100 psn
|-hitcount|p2a: Magearna|3
|move|p2a: Magearna|Draining Kiss|p1a: Urshifu
|-supereffective|p1a: Urshifu
|-damage|p1a: Urshifu|0 fnt
|-heal|p2a: Magearna|100/100 psn|[from] drain|[of] p1a: Urshifu
|faint|p1a: Urshifu
|-ability|p2a: Magearna|Soul-Heart|boost
|-boost|p2a: Magearna|spa|1
|
|-damage|p2a: Magearna|88/100 psn|[from] psn
|upkeep
|-message|Star Vendetta forfeited.
|
|win|Ryu nuzlocke
|raw|Star Vendetta's rating: 1150 → 1129(-21 for losing)
|raw|Ryu nuzlocke's rating: 1208 → 1229(+21 for winning)
|l|☆Star Vendetta
