|j|☆RegiSauce
|j|☆Knightslash7274
|t:|1685903033
|gametype|singles
|player|p1|RegiSauce|petrel|1098
|player|p2|Knightslash7274|cilan|1176
|teamsize|p1|6
|teamsize|p2|6
|gen|9
|tier|[Gen 9] OU
|rated|
|rule|Sleep Clause Mod: Limit one foe put to sleep
|rule|Species Clause: Limit one of each Pokémon
|rule|OHKO Clause: OHKO moves are banned
|rule|Evasion Items Clause: Evasion items are banned
|rule|Evasion Moves Clause: Evasion moves are banned
|rule|Endless Battle Clause: Forcing endless battles is banned
|rule|HP Percentage Mod: HP is shown in percentages
|clearpoke
|poke|p1|Garganacl, M|
|poke|p1|Sylveon, F|
|poke|p1|Kingambit, M|
|poke|p1|Volcarona, M|
|poke|p1|Tsareena, F|
|poke|p1|Dragapult, F|
|poke|p2|Lilligant-Hisui, F|
|poke|p2|Magearna|
|poke|p2|Glimmora, M|
|poke|p2|Grimmsnarl, M|
|poke|p2|Gholdengo|
|poke|p2|Iron Valiant|
|teampreview
|
|t:|1685903039
|start
|switch|p1a: Dragapult|Dragapult, F|100/100
|switch|p2a: Glamorous|Glimmora, M|100/100
|turn|1
|inactive|Battle timer is ON: inactive players will automatically lose when time's up. (requested by RegiSauce)
|
|t:|1685903046
|move|p1a: Dragapult|Thunder Wave|p2a: Glamorous
|-status|p2a: Glamorous|par
|move|p2a: Glamorous|Stealth Rock|p1a: Dragapult
|-sidestart|p1: RegiSauce|move: Stealth Rock
|
|upkeep
|turn|2
|
|t:|1685903048
|move|p1a: Dragapult|Hex|p2a: Glamorous
|-damage|p2a: Glamorous|17/100 par
|move|p2a: Glamorous|Stealth Rock||[still]
|-fail|p2a: Glamorous
|
|upkeep
|turn|3
|
|t:|1685903056
|move|p1a: Dragapult|Fire Blast|p2a: Glamorous
|-resisted|p2a: Glamorous
|-damage|p2a: Glamorous|0 fnt
|faint|p2a: Glamorous
|
|upkeep
|
|t:|1685903066
|switch|p2a: Villain|Grimmsnarl, M|100/100
|turn|4
|
|t:|1685903072
|move|p2a: Villain|Taunt|p1a: Dragapult
|-start|p1a: Dragapult|move: Taunt
|cant|p1a: Dragapult|move: Taunt|Thunder Wave
|
|upkeep
|turn|5
|
|t:|1685903077
|switch|p1a: Kingambit|Kingambit, M|100/100
|-damage|p1a: Kingambit|94/100|[from] Stealth Rock
|move|p2a: Villain|Light Screen|p2a: Villain
|-sidestart|p2: Knightslash7274|move: Light Screen
|
|upkeep
|turn|6
|
|t:|1685903087
|switch|p2a: Princess|Magearna|100/100
|-end|p1a: Kingambit|fallenundefined|[silent]
|switch|p1a: Tsareena|Tsareena, F|100/100
|-damage|p1a: Tsareena|88/100|[from] Stealth Rock
|
|upkeep
|turn|7
|
|t:|1685903110
|move|p2a: Princess|Shift Gear|p2a: Princess
|-boost|p2a: Princess|spe|2
|-boost|p2a: Princess|atk|1
|move|p1a: Tsareena|Rapid Spin|p2a: Princess
|-resisted|p2a: Princess
|-damage|p2a: Princess|92/100
|-boost|p1a: Tsareena|spe|1
|-sideend|p1: RegiSauce|Stealth Rock|[from] move: Rapid Spin|[of] p1a: Tsareena
|
|-heal|p2a: Princess|98/100|[from] item: Leftovers
|upkeep
|turn|8
|inactive|Knightslash7274 has 120 seconds left.
|
|t:|1685903130
|move|p2a: Princess|Shift Gear|p2a: Princess
|-boost|p2a: Princess|spe|2
|-boost|p2a: Princess|atk|1
|move|p1a: Tsareena|High Jump Kick|p2a: Princess
|-damage|p2a: Princess|48/100
|
|-heal|p2a: Princess|54/100|[from] item: Leftovers
|upkeep
|turn|9
|inactive|Knightslash7274 has 120 seconds left.
|
|t:|1685903161
|move|p2a: Princess|Stored Power|p1a: Tsareena
|-damage|p1a: Tsareena|58/100
|move|p1a: Tsareena|High Jump Kick|p2a: Princess|[miss]
|-miss|p1a: Tsareena|p2a: Princess
|-damage|p1a: Tsareena|8/100|[from] highjumpkick
|
|-heal|p2a: Princess|60/100|[from] item: Leftovers
|upkeep
|turn|10
|
|t:|1685903169
|move|p2a: Princess|Draining Kiss|p1a: Tsareena
|-damage|p1a: Tsareena|0 fnt
|-heal|p2a: Princess|67/100|[from] drain|[of] p1a: Tsareena
|faint|p1a: Tsareena
|-ability|p2a: Princess|Soul-Heart|boost
|-boost|p2a: Princess|spa|1
|
|-heal|p2a: Princess|73/100|[from] item: Leftovers
|upkeep
|
|t:|1685903174
|switch|p1a: Sylveon|Sylveon, F|100/100
|turn|11
|
|t:|1685903184
|move|p2a: Princess|Calm Mind|p2a: Princess
|-boost|p2a: Princess|spa|1
|-boost|p2a: Princess|spd|1
|move|p1a: Sylveon|Hyper Voice|p2a: Princess
|-resisted|p2a: Princess
|-damage|p2a: Princess|64/100
|-enditem|p1a: Sylveon|Throat Spray
|-boost|p1a: Sylveon|spa|1|[from] item: Throat Spray
|
|-heal|p2a: Princess|70/100|[from] item: Leftovers
|upkeep
|turn|12
|
|t:|1685903193
|move|p2a: Princess|Calm Mind|p2a: Princess
|-boost|p2a: Princess|spa|1
|-boost|p2a: Princess|spd|1
|move|p1a: Sylveon|Psyshock|p2a: Princess
|-resisted|p2a: Princess
|-damage|p2a: Princess|59/100
|
|-heal|p2a: Princess|65/100|[from] item: Leftovers
|-sideend|p2: Knightslash7274|move: Light Screen
|upkeep
|turn|13
|
|t:|1685903204
|switch|p1a: Kingambit|Kingambit, M|94/100
|-activate|p1a: Kingambit|ability: Supreme Overlord
|-start|p1a: Kingambit|fallen1|[silent]
|move|p2a: Princess|Stored Power|p1a: Kingambit
|-immune|p1a: Kingambit
|
|-heal|p2a: Princess|71/100|[from] item: Leftovers
|upkeep
|turn|14
|c|☆RegiSauce|oh
|
|t:|1685903211
|move|p2a: Princess|Calm Mind|p2a: Princess
|-boost|p2a: Princess|spa|1
|-boost|p2a: Princess|spd|1
|move|p1a: Kingambit|Iron Head|p2a: Princess
|-damage|p2a: Princess|19/100
|
|-heal|p2a: Princess|25/100|[from] item: Leftovers
|upkeep
|turn|15
|
|t:|1685903220
|move|p2a: Princess|Draining Kiss|p1a: Kingambit
|-damage|p1a: Kingambit|24/100
|-heal|p2a: Princess|96/100|[from] drain|[of] p1a: Kingambit
|move|p1a: Kingambit|Iron Head|p2a: Princess
|-damage|p2a: Princess|47/100
|
|-heal|p2a: Princess|53/100|[from] item: Leftovers
|upkeep
|turn|16
|
|t:|1685903225
|-end|p1a: Kingambit|fallen1|[silent]
|switch|p1a: Volcarona|Volcarona, M|100/100
|move|p2a: Princess|Draining Kiss|p1a: Volcarona
|-resisted|p1a: Volcarona
|-damage|p1a: Volcarona|58/100
|-heal|p2a: Princess|85/100|[from] drain|[of] p1a: Volcarona
|
|-heal|p2a: Princess|91/100|[from] item: Leftovers
|upkeep
|turn|17
|
|t:|1685903229
|switch|p1a: Kingambit|Kingambit, M|24/100
|-activate|p1a: Kingambit|ability: Supreme Overlord
|-start|p1a: Kingambit|fallen1|[silent]
|move|p2a: Princess|Stored Power|p1a: Kingambit
|-immune|p1a: Kingambit
|
|-heal|p2a: Princess|97/100|[from] item: Leftovers
|upkeep
|turn|18
|
|t:|1685903237
|-end|p1a: Kingambit|fallen1|[silent]
|switch|p1a: Volcarona|Volcarona, M|58/100
|move|p2a: Princess|Draining Kiss|p1a: Volcarona
|-resisted|p1a: Volcarona
|-crit|p1a: Volcarona
|-damage|p1a: Volcarona|1/100
|-heal|p2a: Princess|100/100|[from] drain|[of] p1a: Volcarona
|
|upkeep
|turn|19
|
|t:|1685903240
|move|p2a: Princess|Draining Kiss|p1a: Volcarona
|-resisted|p1a: Volcarona
|-damage|p1a: Volcarona|0 fnt
|faint|p1a: Volcarona
|-ability|p2a: Princess|Soul-Heart|boost
|-boost|p2a: Princess|spa|1
|
|upkeep
|
|t:|1685903243
|switch|p1a: Dragapult|Dragapult, F|100/100
|turn|20
|-message|RegiSauce forfeited.
|
|win|Knightslash7274
|raw|RegiSauce's rating: 1098 → 1079(-19 for losing)
|raw|Knightslash7274's rating: 1176 → 1195(+19 for winning)
|l|☆RegiSauce
