|j|☆Kewlkewlkwle
|j|☆Rap's my Fave Meme
|t:|1685902645
|gametype|singles
|player|p1|Kewlkewlkwle|169|1000
|player|p2|Rap's my Fave Meme|mrfuji-gen3|1073
|teamsize|p1|1
|teamsize|p2|6
|gen|9
|tier|[Gen 9] OU
|rated|
|rule|Sleep Clause Mod: Limit one foe put to sleep
|rule|Species Clause: Limit one of each Pokémon
|rule|OHKO Clause: OHKO moves are banned
|rule|Evasion Items Clause: Evasion items are banned
|rule|Evasion Moves Clause: Evasion moves are banned
|rule|Endless Battle Clause: Forcing endless battles is banned
|rule|HP Percentage Mod: HP is shown in percentages
|clearpoke
|poke|p1|Decidueye-Hisui, M|
|poke|p2|Electrode-Hisui|
|poke|p2|Zangoose, M|
|poke|p2|Tropius, F|
|poke|p2|Seviper, M|
|poke|p2|Enamorus, F|
|poke|p2|Heatran, M|
|teampreview
|c|☆Rap's my Fave Meme|finally........ a battle i can win..........
|j| imbleach
|
|t:|1685902666
|start
|switch|p1a: Decidueye|Decidueye-Hisui, M|100/100
|switch|p2a: rip hellfrog|Heatran, M|100/100
|turn|1
|j| less might be more
|
|t:|1685902679
|-terastallize|p1a: Decidueye|Ghost
|move|p1a: Decidueye|Shadow Sneak|p2a: rip hellfrog
|-damage|p2a: rip hellfrog|89/100
|move|p2a: rip hellfrog|Lava Plume|p1a: Decidueye
|-damage|p1a: Decidueye|78/100
|
|-heal|p2a: rip hellfrog|95/100|[from] item: Leftovers
|-heal|p1a: Decidueye|84/100|[from] item: Leftovers
|upkeep
|turn|2
|
|t:|1685902686
|move|p2a: rip hellfrog|Lava Plume|p1a: Decidueye
|-damage|p1a: Decidueye|62/100
|move|p1a: Decidueye|Bulk Up|p1a: Decidueye
|-boost|p1a: Decidueye|atk|1
|-boost|p1a: Decidueye|def|1
|
|-heal|p2a: rip hellfrog|100/100|[from] item: Leftovers
|-heal|p1a: Decidueye|68/100|[from] item: Leftovers
|upkeep
|turn|3
|
|t:|1685902688
|move|p2a: rip hellfrog|Lava Plume|p1a: Decidueye
|-damage|p1a: Decidueye|44/100
|move|p1a: Decidueye|Roost|p1a: Decidueye
|-heal|p1a: Decidueye|94/100
|
|-heal|p1a: Decidueye|100/100|[from] item: Leftovers
|upkeep
|turn|4
|
|t:|1685902692
|move|p2a: rip hellfrog|Lava Plume|p1a: Decidueye
|-damage|p1a: Decidueye|77/100
|move|p1a: Decidueye|Triple Arrows|p2a: rip hellfrog
|-supereffective|p2a: rip hellfrog
|-damage|p2a: rip hellfrog|8/100
|
|-heal|p2a: rip hellfrog|15/100|[from] item: Leftovers
|-heal|p1a: Decidueye|83/100|[from] item: Leftovers
|upkeep
|turn|5
|
|t:|1685902695
|move|p1a: Decidueye|Shadow Sneak|p2a: rip hellfrog
|-damage|p2a: rip hellfrog|0 fnt
|faint|p2a: rip hellfrog
|
|-heal|p1a: Decidueye|89/100|[from] item: Leftovers
|upkeep
|
|t:|1685902701
|switch|p2a: the maddening ball|Electrode-Hisui|100/100
|turn|6
|
|t:|1685902705
|move|p1a: Decidueye|Shadow Sneak|p2a: the maddening ball
|-damage|p2a: the maddening ball|55/100
|move|p2a: the maddening ball|Leech Seed|p1a: Decidueye
|-start|p1a: Decidueye|move: Leech Seed
|
|-heal|p1a: Decidueye|95/100|[from] item: Leftovers
|-damage|p1a: Decidueye|82/100|[from] Leech Seed|[of] p2a: the maddening ball
|-heal|p2a: the maddening ball|75/100|[silent]
|upkeep
|turn|7
|j| champ stalker
|
|t:|1685902713
|move|p2a: the maddening ball|Substitute|p2a: the maddening ball
|-start|p2a: the maddening ball|Substitute
|-damage|p2a: the maddening ball|50/100
|move|p1a: Decidueye|Bulk Up|p1a: Decidueye
|-boost|p1a: Decidueye|atk|1
|-boost|p1a: Decidueye|def|1
|
|-heal|p1a: Decidueye|88/100|[from] item: Leftovers
|-damage|p1a: Decidueye|76/100|[from] Leech Seed|[of] p2a: the maddening ball
|-heal|p2a: the maddening ball|71/100|[silent]
|upkeep
|turn|8
|
|t:|1685902718
|move|p2a: the maddening ball|Discharge|p1a: Decidueye
|-damage|p1a: Decidueye|61/100
|-status|p1a: Decidueye|par
|move|p1a: Decidueye|Bulk Up|p1a: Decidueye
|-boost|p1a: Decidueye|atk|1
|-boost|p1a: Decidueye|def|1
|
|-heal|p1a: Decidueye|67/100 par|[from] item: Leftovers
|-damage|p1a: Decidueye|55/100 par|[from] Leech Seed|[of] p2a: the maddening ball
|-heal|p2a: the maddening ball|91/100|[silent]
|upkeep
|turn|9
|
|t:|1685902725
|move|p2a: the maddening ball|Protect|p2a: the maddening ball
|-singleturn|p2a: the maddening ball|Protect
|move|p1a: Decidueye|Roost|p1a: Decidueye
|-heal|p1a: Decidueye|100/100 par
|
|-damage|p1a: Decidueye|88/100 par|[from] Leech Seed|[of] p2a: the maddening ball
|-heal|p2a: the maddening ball|100/100|[silent]
|upkeep
|turn|10
|
|t:|1685902731
|move|p1a: Decidueye|Shadow Sneak|p2a: the maddening ball
|-end|p2a: the maddening ball|Substitute
|move|p2a: the maddening ball|Discharge|p1a: Decidueye
|-damage|p1a: Decidueye|74/100 par
|
|-heal|p1a: Decidueye|80/100 par|[from] item: Leftovers
|-damage|p1a: Decidueye|67/100 par|[from] Leech Seed|[of] p2a: the maddening ball
|upkeep
|turn|11
|j| pee bear
|
|t:|1685902746
|move|p1a: Decidueye|Shadow Sneak|p2a: the maddening ball
|-damage|p2a: the maddening ball|32/100
|move|p2a: the maddening ball|Discharge|p1a: Decidueye
|-damage|p1a: Decidueye|51/100 par
|
|-heal|p1a: Decidueye|57/100 par|[from] item: Leftovers
|-damage|p1a: Decidueye|44/100 par|[from] Leech Seed|[of] p2a: the maddening ball
|-heal|p2a: the maddening ball|52/100|[silent]
|upkeep
|turn|12
|
|t:|1685902752
|move|p2a: the maddening ball|Protect|p2a: the maddening ball
|-singleturn|p2a: the maddening ball|Protect
|move|p1a: Decidueye|Roost|p1a: Decidueye
|-heal|p1a: Decidueye|94/100 par
|
|-heal|p1a: Decidueye|100/100 par|[from] item: Leftovers
|-damage|p1a: Decidueye|88/100 par|[from] Leech Seed|[of] p2a: the maddening ball
|-heal|p2a: the maddening ball|72/100|[silent]
|upkeep
|turn|13
|
|t:|1685902758
|switch|p2a: Zangose|Zangoose, M|100/100
|move|p1a: Decidueye|Shadow Sneak|p2a: Zangose
|-immune|p2a: Zangose
|
|-heal|p1a: Decidueye|94/100 par|[from] item: Leftovers
|-damage|p1a: Decidueye|82/100 par|[from] Leech Seed|[of] p2a: Zangose
|upkeep
|turn|14
|
|t:|1685902801
|-terastallize|p2a: Zangose|Ghost
|move|p2a: Zangose|Belly Drum|p2a: Zangose
|-damage|p2a: Zangose|50/100
|-setboost|p2a: Zangose|atk|6|[from] move: Belly Drum
|-enditem|p2a: Zangose|Sitrus Berry|[eat]
|-heal|p2a: Zangose|75/100|[from] item: Sitrus Berry
|move|p1a: Decidueye|Triple Arrows|p2a: Zangose
|-crit|p2a: Zangose
|-damage|p2a: Zangose|0 fnt
|faint|p2a: Zangose
|
|-heal|p1a: Decidueye|88/100 par|[from] item: Leftovers
|upkeep
|
|t:|1685902821
|switch|p2a: Sevper|Seviper, M|100/100
|turn|15
|
|t:|1685902828
|move|p2a: Sevper|Coil|p2a: Sevper
|-boost|p2a: Sevper|atk|1
|-boost|p2a: Sevper|def|1
|-boost|p2a: Sevper|accuracy|1
|move|p1a: Decidueye|Bulk Up|p1a: Decidueye
|-boost|p1a: Decidueye|atk|1
|-boost|p1a: Decidueye|def|1
|
|-heal|p1a: Decidueye|94/100 par|[from] item: Leftovers
|-damage|p1a: Decidueye|82/100 par|[from] Leech Seed|[of] p2a: Sevper
|upkeep
|turn|16
|
|t:|1685902837
|move|p2a: Sevper|Coil|p2a: Sevper
|-boost|p2a: Sevper|atk|1
|-boost|p2a: Sevper|def|1
|-boost|p2a: Sevper|accuracy|1
|cant|p1a: Decidueye|par
|
|-heal|p1a: Decidueye|88/100 par|[from] item: Leftovers
|-damage|p1a: Decidueye|75/100 par|[from] Leech Seed|[of] p2a: Sevper
|upkeep
|turn|17
|
|t:|1685902845
|move|p2a: Sevper|Coil|p2a: Sevper
|-boost|p2a: Sevper|atk|1
|-boost|p2a: Sevper|def|1
|-boost|p2a: Sevper|accuracy|1
|move|p1a: Decidueye|Roost|p1a: Decidueye
|-heal|p1a: Decidueye|100/100 par
|
|-damage|p1a: Decidueye|88/100 par|[from] Leech Seed|[of] p2a: Sevper
|upkeep
|turn|18
|
|t:|1685902850
|move|p2a: Sevper|Coil|p2a: Sevper
|-boost|p2a: Sevper|atk|1
|-boost|p2a: Sevper|def|1
|-boost|p2a: Sevper|accuracy|1
|cant|p1a: Decidueye|par
|
|-heal|p1a: Decidueye|94/100 par|[from] item: Leftovers
|-damage|p1a: Decidueye|82/100 par|[from] Leech Seed|[of] p2a: Sevper
|upkeep
|turn|19
|
|t:|1685902854
|move|p2a: Sevper|Coil|p2a: Sevper
|-boost|p2a: Sevper|atk|1
|-boost|p2a: Sevper|def|1
|-boost|p2a: Sevper|accuracy|1
|move|p1a: Decidueye|Triple Arrows|p2a: Sevper
|-resisted|p2a: Sevper
|-damage|p2a: Sevper|80/100
|-unboost|p2a: Sevper|def|1
|
|-heal|p2a: Sevper|86/100|[from] item: Leftovers
|-heal|p1a: Decidueye|88/100 par|[from] item: Leftovers
|-damage|p1a: Decidueye|75/100 par|[from] Leech Seed|[of] p2a: Sevper
|-heal|p2a: Sevper|99/100|[silent]
|upkeep
|turn|20
|
|t:|1685902863
|move|p2a: Sevper|Coil|p2a: Sevper
|-boost|p2a: Sevper|atk|1
|-boost|p2a: Sevper|def|1
|-boost|p2a: Sevper|accuracy|1
|cant|p1a: Decidueye|par
|
|-heal|p2a: Sevper|100/100|[from] item: Leftovers
|-heal|p1a: Decidueye|82/100 par|[from] item: Leftovers
|-damage|p1a: Decidueye|69/100 par|[from] Leech Seed|[of] p2a: Sevper
|upkeep
|turn|21
|
|t:|1685902878
|move|p2a: Sevper|Gunk Shot|p1a: Decidueye
|-resisted|p1a: Decidueye
|-damage|p1a: Decidueye|40/100 par
|cant|p1a: Decidueye|par
|
|-heal|p1a: Decidueye|46/100 par|[from] item: Leftovers
|-damage|p1a: Decidueye|34/100 par|[from] Leech Seed|[of] p2a: Sevper
|upkeep
|turn|22
|
|t:|1685902882
|move|p2a: Sevper|Gunk Shot|p1a: Decidueye
|-resisted|p1a: Decidueye
|-damage|p1a: Decidueye|5/100 par
|move|p1a: Decidueye|Roost|p1a: Decidueye
|-heal|p1a: Decidueye|55/100 par
|
|-heal|p1a: Decidueye|61/100 par|[from] item: Leftovers
|-damage|p1a: Decidueye|48/100 par|[from] Leech Seed|[of] p2a: Sevper
|upkeep
|turn|23
|
|t:|1685902886
|move|p2a: Sevper|Gunk Shot|p1a: Decidueye
|-resisted|p1a: Decidueye
|-damage|p1a: Decidueye|15/100 par
|cant|p1a: Decidueye|par
|
|-heal|p1a: Decidueye|21/100 par|[from] item: Leftovers
|-damage|p1a: Decidueye|9/100 par|[from] Leech Seed|[of] p2a: Sevper
|upkeep
|turn|24
|
|t:|1685902894
|move|p2a: Sevper|Gunk Shot|p1a: Decidueye
|-resisted|p1a: Decidueye
|-damage|p1a: Decidueye|0 fnt
|faint|p1a: Decidueye
|
|win|Rap's my Fave Meme
|raw|Kewlkewlkwle's rating: 1000 → 1000(+0 for losing)
|raw|Rap's my Fave Meme's rating: 1053 → 1080(+27 for winning)
