|j|☆karatemanjohnson
|j|☆LordLuneth
|t:|1685822645
|gametype|singles
|player|p1|karatemanjohnson|blackbelt|
|player|p2|LordLuneth|swimmer|
|teamsize|p1|6
|teamsize|p2|6
|gen|9
|tier|[Gen 9] OU
|rule|Sleep Clause Mod: Limit one foe put to sleep
|rule|Species Clause: Limit one of each Pokémon
|rule|OHKO Clause: OHKO moves are banned
|rule|Evasion Items Clause: Evasion items are banned
|rule|Evasion Moves Clause: Evasion moves are banned
|rule|Endless Battle Clause: Forcing endless battles is banned
|rule|HP Percentage Mod: HP is shown in percentages
|clearpoke
|poke|p1|Gyarados, F|
|poke|p1|Carkol, F|
|poke|p1|Gholdengo|
|poke|p1|Dachsbun, F|
|poke|p1|Iron Valiant|
|poke|p1|Dragapult, F|
|poke|p2|Volcarona, F|
|poke|p2|Armarouge, M|
|poke|p2|Indeedee-F, F|
|poke|p2|Murkrow, F|
|poke|p2|Clawitzer, M|
|poke|p2|Kilowattrel, M|
|teampreview
|j| Vgamer101
|j| Matt Why
|j| WiredDragon
|j| Naolis
|
|t:|1685822844
|start
|switch|p1a: no im scarf|Dragapult, F|100/100
|switch|p2a: Birb|Murkrow, F|100/100
|turn|1
|
|t:|1685822871
|move|p1a: no im scarf|U-turn|p2a: Birb
|-damage|p2a: Birb|66/100
|
|t:|1685822874
|switch|p1a: Do you feel lucky?|Carkol, F|100/100|[from] U-turn
|move|p2a: Birb|Foul Play|p1a: Do you feel lucky?
|-damage|p1a: Do you feel lucky?|90/100
|
|upkeep
|turn|2
|
|t:|1685822883
|move|p2a: Birb|Taunt|p1a: Do you feel lucky?
|-start|p1a: Do you feel lucky?|move: Taunt
|cant|p1a: Do you feel lucky?|move: Taunt|Stealth Rock
|
|upkeep
|turn|3
|
|t:|1685822887
|move|p2a: Birb|U-turn|p1a: Do you feel lucky?
|-resisted|p1a: Do you feel lucky?
|-damage|p1a: Do you feel lucky?|87/100
|
|t:|1685822892
|switch|p2a: Army|Armarouge, M, shiny|100/100|[from] U-turn
|move|p1a: Do you feel lucky?|Rock Blast|p2a: Army
|-supereffective|p2a: Army
|-crit|p2a: Army
|-damage|p2a: Army|86/100
|-ability|p2a: Army|Weak Armor|boost
|-unboost|p2a: Army|def|1
|-boost|p2a: Army|spe|2
|-enditem|p2a: Army|Weakness Policy
|-boost|p2a: Army|atk|2|[from] item: Weakness Policy
|-boost|p2a: Army|spa|2|[from] item: Weakness Policy
|-supereffective|p2a: Army
|-damage|p2a: Army|70/100
|-ability|p2a: Army|Weak Armor|boost
|-unboost|p2a: Army|def|1
|-boost|p2a: Army|spe|2
|-supereffective|p2a: Army
|-damage|p2a: Army|51/100
|-ability|p2a: Army|Weak Armor|boost
|-unboost|p2a: Army|def|1
|-boost|p2a: Army|spe|2
|-supereffective|p2a: Army
|-damage|p2a: Army|28/100
|-ability|p2a: Army|Weak Armor|boost
|-unboost|p2a: Army|def|1
|-hitcount|p2a: Army|4
|
|upkeep
|turn|4
|
|t:|1685822929
|move|p2a: Army|Stored Power|p1a: Do you feel lucky?
|-damage|p1a: Do you feel lucky?|0 fnt
|faint|p1a: Do you feel lucky?
|
|upkeep
|
|t:|1685822933
|switch|p1a: no im scarf|Dragapult, F|100/100
|turn|5
|
|t:|1685822936
|move|p1a: no im scarf|Sucker Punch|p2a: Army
|-supereffective|p2a: Army
|-damage|p2a: Army|0 fnt
|faint|p2a: Army
|
|upkeep
|
|t:|1685823018
|switch|p2a: DaBug|Volcarona, F|100/100
|turn|6
|
|t:|1685823034
|switch|p1a: Get Out|Gyarados, F, shiny|100/100
|-ability|p1a: Get Out|Intimidate|boost
|-unboost|p2a: DaBug|atk|1
|-terastallize|p2a: DaBug|Fairy
|move|p2a: DaBug|Quiver Dance|p2a: DaBug
|-boost|p2a: DaBug|spa|1
|-boost|p2a: DaBug|spd|1
|-boost|p2a: DaBug|spe|1
|
|upkeep
|turn|7
|
|t:|1685823076
|switch|p1a: carkol biggest fan|Dachsbun, F|100/100
|move|p2a: DaBug|Quiver Dance|p2a: DaBug
|-boost|p2a: DaBug|spa|1
|-boost|p2a: DaBug|spd|1
|-boost|p2a: DaBug|spe|1
|
|upkeep
|turn|8
|
|t:|1685823094
|move|p2a: DaBug|Tera Blast|p1a: carkol biggest fan
|-damage|p1a: carkol biggest fan|25/100
|move|p1a: carkol biggest fan|Roar|p2a: DaBug
|drag|p2a: Indoodoo|Indeedee-F, F, shiny|100/100
|-fieldstart|move: Psychic Terrain|[from] ability: Psychic Surge|[of] p2a: Indoodoo
|
|-heal|p1a: carkol biggest fan|31/100|[from] item: Leftovers
|upkeep
|turn|9
|
|t:|1685823112
|switch|p1a: Get Out|Gyarados, F, shiny|100/100
|-ability|p1a: Get Out|Intimidate|boost
|-unboost|p2a: Indoodoo|atk|1
|move|p2a: Indoodoo|Psychic|p1a: Get Out
|-damage|p1a: Get Out|79/100
|
|upkeep
|turn|10
|
|t:|1685823127
|move|p1a: Get Out|Waterfall|p2a: Indoodoo
|-damage|p2a: Indoodoo|46/100
|move|p2a: Indoodoo|Trick|p1a: Get Out
|-activate|p2a: Indoodoo|move: Trick|[of] p1a: Get Out
|-item|p1a: Get Out|Lagging Tail|[from] move: Trick
|-item|p2a: Indoodoo|Assault Vest|[from] move: Trick
|
|upkeep
|turn|11
|
|t:|1685823141
|switch|p2a: Kilogram|Kilowattrel, M, shiny|100/100
|move|p1a: Get Out|Waterfall|p2a: Kilogram
|-damage|p2a: Kilogram|46/100
|
|upkeep
|turn|12
|
|t:|1685823190
|switch|p1a: im scarf|Gholdengo|100/100
|move|p2a: Kilogram|Volt Switch|p1a: im scarf
|-damage|p1a: im scarf|62/100
|
|t:|1685823232
|switch|p2a: M198 Bulldog|Clawitzer, M, shiny|100/100|[from] Volt Switch
|
|-fieldend|move: Psychic Terrain
|upkeep
|turn|13
|
|t:|1685823249
|switch|p1a: Get Out|Gyarados, F, shiny|79/100
|-ability|p1a: Get Out|Intimidate|boost
|-unboost|p2a: M198 Bulldog|atk|1
|move|p2a: M198 Bulldog|Water Pulse|p1a: Get Out
|-resisted|p1a: Get Out
|-damage|p1a: Get Out|57/100
|
|upkeep
|turn|14
|
|t:|1685823290
|switch|p2a: Kilogram|Kilowattrel, M, shiny|46/100
|move|p1a: Get Out|Stone Edge|p2a: Kilogram
|-supereffective|p2a: Kilogram
|-damage|p2a: Kilogram|0 fnt
|faint|p2a: Kilogram
|
|upkeep
|
|t:|1685823325
|switch|p2a: M198 Bulldog|Clawitzer, M, shiny|100/100
|turn|15
|
|t:|1685823332
|move|p2a: M198 Bulldog|Dark Pulse|p1a: Get Out
|-damage|p1a: Get Out|16/100
|move|p1a: Get Out|Dragon Tail|p2a: M198 Bulldog
|-damage|p2a: M198 Bulldog|79/100
|drag|p2a: Birb|Murkrow, F|66/100
|
|upkeep
|turn|16
|
|t:|1685823344
|switch|p1a: carkol biggest fan|Dachsbun, F|31/100
|move|p2a: Birb|U-turn|p1a: carkol biggest fan
|-resisted|p1a: carkol biggest fan
|-damage|p1a: carkol biggest fan|24/100
|
|t:|1685823361
|switch|p2a: Indoodoo|Indeedee-F, F, shiny|46/100|[from] U-turn
|-fieldstart|move: Psychic Terrain|[from] ability: Psychic Surge|[of] p2a: Indoodoo
|
|-heal|p1a: carkol biggest fan|30/100|[from] item: Leftovers
|upkeep
|turn|17
|
|t:|1685823394
|move|p2a: Indoodoo|Psychic|p1a: carkol biggest fan
|-damage|p1a: carkol biggest fan|0 fnt
|faint|p1a: carkol biggest fan
|
|upkeep
|
|t:|1685823443
|switch|p1a: im scarf|Gholdengo|62/100
|turn|18
|
|t:|1685823457
|move|p1a: im scarf|Shadow Ball|p2a: Indoodoo
|-immune|p2a: Indoodoo
|move|p2a: Indoodoo|Psychic|p1a: im scarf
|-resisted|p1a: im scarf
|-damage|p1a: im scarf|35/100
|
|upkeep
|turn|19
|
|t:|1685823474
|switch|p1a: Get Out|Gyarados, F, shiny|16/100
|-ability|p1a: Get Out|Intimidate|boost
|-unboost|p2a: Indoodoo|atk|1
|move|p2a: Indoodoo|Psychic|p1a: Get Out
|-damage|p1a: Get Out|0 fnt
|faint|p1a: Get Out
|
|upkeep
|j| arothunder
|
|t:|1685823482
|switch|p1a: CandyMan|Iron Valiant|100/100
|-enditem|p1a: CandyMan|Booster Energy
|-activate|p1a: CandyMan|ability: Quark Drive|[fromitem]
|-start|p1a: CandyMan|quarkdrivespe
|turn|20
|
|t:|1685823502
|move|p1a: CandyMan|Knock Off|p2a: Indoodoo
|-supereffective|p2a: Indoodoo
|-damage|p2a: Indoodoo|0 fnt
|-enditem|p2a: Indoodoo|Assault Vest|[from] move: Knock Off|[of] p1a: CandyMan
|faint|p2a: Indoodoo
|
|-fieldend|move: Psychic Terrain
|upkeep
|
|t:|1685823516
|switch|p2a: M198 Bulldog|Clawitzer, M, shiny|79/100
|turn|21
|
|t:|1685823525
|move|p1a: CandyMan|Close Combat|p2a: M198 Bulldog
|-crit|p2a: M198 Bulldog
|-damage|p2a: M198 Bulldog|0 fnt
|-unboost|p1a: CandyMan|def|1
|-unboost|p1a: CandyMan|spd|1
|faint|p2a: M198 Bulldog
|
|upkeep
|n| arothunder|arothunder
|
|t:|1685823556
|switch|p2a: DaBug|Volcarona, F, tera:Fairy|100/100
|turn|22
|
|t:|1685823610
|-terastallize|p1a: CandyMan|Fairy
|move|p1a: CandyMan|Spirit Break|p2a: DaBug
|-damage|p2a: DaBug|38/100
|-unboost|p2a: DaBug|spa|1
|move|p2a: DaBug|Tera Blast|p1a: CandyMan
|-damage|p1a: CandyMan|34/100
|
|upkeep
|turn|23
|
|t:|1685823622
|move|p1a: CandyMan|Spirit Break|p2a: DaBug
|-damage|p2a: DaBug|0 fnt
|faint|p2a: DaBug
|
|upkeep
|
|t:|1685823626
|switch|p2a: Birb|Murkrow, F|66/100
|turn|24
|
|t:|1685823632
|move|p1a: CandyMan|Spirit Break|p2a: Birb
|-supereffective|p2a: Birb
|-damage|p2a: Birb|0 fnt
|faint|p2a: Birb
|
|win|karatemanjohnson
|c| Vgamer101|Gg's
|c|☆karatemanjohnson|ggs
