|j|☆jay9ne
|j|☆fugufug
|t:|1685828922
|gametype|singles
|player|p1|jay9ne|waiter|1274
|player|p2|fugufug|265|1272
|teamsize|p1|6
|teamsize|p2|6
|gen|9
|tier|[Gen 9] OU
|rated|
|rule|Sleep Clause Mod: Limit one foe put to sleep
|rule|Species Clause: Limit one of each Pokémon
|rule|OHKO Clause: OHKO moves are banned
|rule|Evasion Items Clause: Evasion items are banned
|rule|Evasion Moves Clause: Evasion moves are banned
|rule|Endless Battle Clause: Forcing endless battles is banned
|rule|HP Percentage Mod: HP is shown in percentages
|clearpoke
|poke|p1|Sneasler, M|
|poke|p1|Moltres-Galar|
|poke|p1|Dragonite, M|
|poke|p1|Dragapult, M|
|poke|p1|Magearna|
|poke|p1|Glimmora, F|
|poke|p2|Chien-Pao|
|poke|p2|Zamazenta-*|
|poke|p2|Enamorus, F|
|poke|p2|Magearna|
|poke|p2|Sneasler, M|
|poke|p2|Goodra-Hisui, F|
|teampreview
|
|t:|1685828929
|start
|switch|p1a: 5'7 I'm Messi girl|Glimmora, F|100/100
|switch|p2a: Zamazenta|Zamazenta|100/100
|-ability|p2a: Zamazenta|Dauntless Shield|boost
|-boost|p2a: Zamazenta|def|1
|turn|1
|
|t:|1685828939
|move|p2a: Zamazenta|Light Screen|p2a: Zamazenta
|-sidestart|p2: fugufug|move: Light Screen
|move|p1a: 5'7 I'm Messi girl|Stealth Rock|p2a: Zamazenta
|-sidestart|p2: fugufug|move: Stealth Rock
|
|upkeep
|turn|2
|
|t:|1685828947
|move|p2a: Zamazenta|Reflect|p2a: Zamazenta
|-sidestart|p2: fugufug|Reflect
|move|p1a: 5'7 I'm Messi girl|Mortal Spin|p2a: Zamazenta
|-damage|p2a: Zamazenta|99/100
|-status|p2a: Zamazenta|psn
|
|-damage|p2a: Zamazenta|87/100 psn|[from] psn
|upkeep
|turn|3
|
|t:|1685828959
|switch|p2a: Magearna|Magearna|100/100
|-damage|p2a: Magearna|95/100|[from] Stealth Rock
|-item|p2a: Magearna|Air Balloon
|move|p1a: 5'7 I'm Messi girl|Power Gem|p2a: Magearna
|-resisted|p2a: Magearna
|-damage|p2a: Magearna|83/100
|-enditem|p2a: Magearna|Air Balloon
|
|upkeep
|turn|4
|
|t:|1685828982
|move|p1a: 5'7 I'm Messi girl|Earth Power|p2a: Magearna
|-supereffective|p2a: Magearna
|-damage|p2a: Magearna|50/100
|move|p2a: Magearna|Shift Gear|p2a: Magearna
|-boost|p2a: Magearna|spe|2
|-boost|p2a: Magearna|atk|1
|
|upkeep
|turn|5
|
|t:|1685829005
|-terastallize|p2a: Magearna|Psychic
|move|p2a: Magearna|Calm Mind|p2a: Magearna
|-boost|p2a: Magearna|spa|1
|-boost|p2a: Magearna|spd|1
|move|p1a: 5'7 I'm Messi girl|Earth Power|p2a: Magearna
|-damage|p2a: Magearna|40/100
|
|upkeep
|turn|6
|
|t:|1685829019
|move|p2a: Magearna|Calm Mind|p2a: Magearna
|-boost|p2a: Magearna|spa|1
|-boost|p2a: Magearna|spd|1
|move|p1a: 5'7 I'm Messi girl|Mortal Spin|p2a: Magearna
|-damage|p2a: Magearna|37/100
|-status|p2a: Magearna|psn
|
|-damage|p2a: Magearna|24/100 psn|[from] psn
|upkeep
|turn|7
|
|t:|1685829031
|move|p2a: Magearna|Stored Power|p1a: 5'7 I'm Messi girl
|-supereffective|p1a: 5'7 I'm Messi girl
|-enditem|p1a: 5'7 I'm Messi girl|Focus Sash
|-damage|p1a: 5'7 I'm Messi girl|1/100
|move|p1a: 5'7 I'm Messi girl|Power Gem|p2a: Magearna
|-crit|p2a: Magearna
|-damage|p2a: Magearna|0 fnt
|faint|p2a: Magearna
|
|upkeep
|
|t:|1685829037
|switch|p2a: Enamorus|Enamorus, F|100/100
|-damage|p2a: Enamorus|76/100|[from] Stealth Rock
|turn|8
|
|t:|1685829044
|move|p2a: Enamorus|Moonblast|p1a: 5'7 I'm Messi girl
|-resisted|p1a: 5'7 I'm Messi girl
|-damage|p1a: 5'7 I'm Messi girl|0 fnt
|faint|p1a: 5'7 I'm Messi girl
|-damage|p2a: Enamorus|66/100|[from] item: Life Orb
|
|-sideend|p2: fugufug|move: Light Screen
|upkeep
|
|t:|1685829058
|switch|p1a: Big Protein|Sneasler, M|100/100
|-item|p1a: Big Protein|Air Balloon
|turn|9
|
|t:|1685829064
|move|p2a: Enamorus|Earth Power|p1a: Big Protein
|-immune|p1a: Big Protein
|move|p1a: Big Protein|Dire Claw|p2a: Enamorus
|-supereffective|p2a: Enamorus
|-damage|p2a: Enamorus|0 fnt
|faint|p2a: Enamorus
|
|-sideend|p2: fugufug|Reflect
|upkeep
|
|t:|1685829082
|switch|p2a: Chien-Pao|Chien-Pao|100/100
|-damage|p2a: Chien-Pao|76/100|[from] Stealth Rock
|-ability|p2a: Chien-Pao|Sword of Ruin
|turn|10
|
|t:|1685829094
|switch|p1a: Princess Shoes|Magearna|100/100
|move|p2a: Chien-Pao|Icicle Crash|p1a: Princess Shoes
|-resisted|p1a: Princess Shoes
|-damage|p1a: Princess Shoes|64/100
|-damage|p2a: Chien-Pao|66/100|[from] item: Life Orb
|
|-heal|p1a: Princess Shoes|70/100|[from] item: Leftovers
|upkeep
|turn|11
|
|t:|1685829109
|switch|p2a: Goodra|Goodra-Hisui, F|100/100
|-damage|p2a: Goodra|94/100|[from] Stealth Rock
|move|p1a: Princess Shoes|Draining Kiss|p2a: Goodra
|-damage|p2a: Goodra|83/100
|-heal|p1a: Princess Shoes|81/100|[from] drain|[of] p2a: Goodra
|
|-heal|p1a: Princess Shoes|87/100|[from] item: Leftovers
|upkeep
|turn|12
|
|t:|1685829129
|switch|p1a: Big Protein|Sneasler, M|100/100
|-item|p1a: Big Protein|Air Balloon
|move|p2a: Goodra|Heavy Slam|p1a: Big Protein
|-damage|p1a: Big Protein|0 fnt
|-enditem|p1a: Big Protein|Air Balloon
|faint|p1a: Big Protein
|
|upkeep
|
|t:|1685829141
|switch|p1a: Flog Gnaw|Dragapult, M|100/100
|turn|13
|
|t:|1685829153
|move|p1a: Flog Gnaw|Reflect|p1a: Flog Gnaw
|-sidestart|p1: jay9ne|Reflect
|move|p2a: Goodra|Draco Meteor|p1a: Flog Gnaw
|-supereffective|p1a: Flog Gnaw
|-damage|p1a: Flog Gnaw|0 fnt
|-unboost|p2a: Goodra|spa|2
|faint|p1a: Flog Gnaw
|
|upkeep
|
|t:|1685829164
|switch|p1a: Is that a Foreign?|Dragonite, M|100/100
|turn|14
|
|t:|1685829174
|-terastallize|p1a: Is that a Foreign?|Fire
|move|p1a: Is that a Foreign?|Dragon Dance|p1a: Is that a Foreign?
|-boost|p1a: Is that a Foreign?|atk|1
|-boost|p1a: Is that a Foreign?|spe|1
|move|p2a: Goodra|Ice Spinner|p1a: Is that a Foreign?
|-resisted|p1a: Is that a Foreign?
|-damage|p1a: Is that a Foreign?|97/100
|
|-heal|p1a: Is that a Foreign?|100/100|[from] item: Leftovers
|upkeep
|turn|15
|
|t:|1685829193
|switch|p2a: Sneasler|Sneasler, M|100/100
|-damage|p2a: Sneasler|95/100|[from] Stealth Rock
|move|p1a: Is that a Foreign?|Dragon Dance|p1a: Is that a Foreign?
|-boost|p1a: Is that a Foreign?|atk|1
|-boost|p1a: Is that a Foreign?|spe|1
|
|upkeep
|turn|16
|
|t:|1685829201
|move|p1a: Is that a Foreign?|Dragon Claw|p2a: Sneasler
|-damage|p2a: Sneasler|0 fnt
|faint|p2a: Sneasler
|
|upkeep
|
|t:|1685829205
|switch|p2a: Zamazenta|Zamazenta|87/100 psn
|-damage|p2a: Zamazenta|81/100 psn|[from] Stealth Rock
|turn|17
|
|t:|1685829211
|move|p1a: Is that a Foreign?|Dragon Claw|p2a: Zamazenta
|-damage|p2a: Zamazenta|25/100 psn
|move|p2a: Zamazenta|Reflect|p2a: Zamazenta
|-sidestart|p2: fugufug|Reflect
|
|-damage|p2a: Zamazenta|12/100 psn|[from] psn
|-sideend|p1: jay9ne|Reflect
|upkeep
|turn|18
|
|t:|1685829221
|move|p1a: Is that a Foreign?|Encore|p2a: Zamazenta
|-start|p2a: Zamazenta|Encore
|move|p2a: Zamazenta|Reflect||[still]
|-fail|p2a: Zamazenta
|
|-damage|p2a: Zamazenta|0 fnt|[from] psn
|faint|p2a: Zamazenta
|upkeep
|
|t:|1685829234
|switch|p2a: Goodra|Goodra-Hisui, F|83/100
|-damage|p2a: Goodra|77/100|[from] Stealth Rock
|turn|19
|
|t:|1685829243
|move|p1a: Is that a Foreign?|Dragon Claw|p2a: Goodra
|-damage|p2a: Goodra|36/100
|move|p2a: Goodra|Earthquake|p1a: Is that a Foreign?
|-supereffective|p1a: Is that a Foreign?
|-damage|p1a: Is that a Foreign?|66/100
|
|-heal|p1a: Is that a Foreign?|72/100|[from] item: Leftovers
|upkeep
|turn|20
|
|t:|1685829257
|move|p1a: Is that a Foreign?|Dragon Claw|p2a: Goodra
|-damage|p2a: Goodra|0 fnt
|faint|p2a: Goodra
|
|-heal|p1a: Is that a Foreign?|78/100|[from] item: Leftovers
|upkeep
|
|t:|1685829262
|switch|p2a: Chien-Pao|Chien-Pao|66/100
|-damage|p2a: Chien-Pao|41/100|[from] Stealth Rock
|-ability|p2a: Chien-Pao|Sword of Ruin
|turn|21
|
|t:|1685829275
|move|p1a: Is that a Foreign?|Dragon Claw|p2a: Chien-Pao
|-damage|p2a: Chien-Pao|0 fnt
|faint|p2a: Chien-Pao
|
|win|jay9ne
|raw|jay9ne's rating: 1274 → 1299(+25 for winning)
|raw|fugufug's rating: 1272 → 1247(-25 for losing)
|l|☆fugufug
