|j|☆Skaali
|j|☆abghesw
|t:|1685873527
|gametype|singles
|player|p1|Skaali|alder|1075
|player|p2|abghesw|101|1000
|teamsize|p1|6
|teamsize|p2|6
|gen|9
|tier|[Gen 9] OU
|rated|
|rule|Sleep Clause Mod: Limit one foe put to sleep
|rule|Species Clause: Limit one of each Pokémon
|rule|OHKO Clause: OHKO moves are banned
|rule|Evasion Items Clause: Evasion items are banned
|rule|Evasion Moves Clause: Evasion moves are banned
|rule|Endless Battle Clause: Forcing endless battles is banned
|rule|HP Percentage Mod: HP is shown in percentages
|clearpoke
|poke|p1|Salamence, M|
|poke|p1|Azumarill, M|
|poke|p1|Magnezone|
|poke|p1|Great Tusk|
|poke|p1|Garganacl, F|
|poke|p1|Cinderace, F|
|poke|p2|Clodsire, F|
|poke|p2|Dondozo, M|
|poke|p2|Alomomola, M|
|poke|p2|Talonflame, F|
|poke|p2|Toxapex, F|
|poke|p2|Blissey, F|
|teampreview
|inactive|Battle timer is ON: inactive players will automatically lose when time's up. (requested by abghesw)
|
|t:|1685873541
|start
|switch|p1a: Azumarill|Azumarill, M|100/100
|switch|p2a: Talonflame|Talonflame, F|100/100
|turn|1
|
|t:|1685873550
|move|p2a: Talonflame|Will-O-Wisp|p1a: Azumarill|[miss]
|-miss|p2a: Talonflame|p1a: Azumarill
|move|p1a: Azumarill|Liquidation|p2a: Talonflame
|-supereffective|p2a: Talonflame
|-damage|p2a: Talonflame|27/100
|-status|p1a: Azumarill|brn|[from] ability: Flame Body|[of] p2a: Talonflame
|
|-damage|p1a: Azumarill|94/100 brn|[from] brn
|upkeep
|turn|2
|
|t:|1685873560
|move|p2a: Talonflame|Roost|p2a: Talonflame
|-heal|p2a: Talonflame|77/100
|-singleturn|p2a: Talonflame|move: Roost
|move|p1a: Azumarill|Liquidation|p2a: Talonflame
|-supereffective|p2a: Talonflame
|-damage|p2a: Talonflame|34/100
|
|-damage|p1a: Azumarill|88/100 brn|[from] brn
|upkeep
|turn|3
|
|t:|1685873572
|switch|p1a: Garganacl|Garganacl, F|100/100
|move|p2a: Talonflame|Roost|p2a: Talonflame
|-heal|p2a: Talonflame|84/100
|-singleturn|p2a: Talonflame|move: Roost
|
|upkeep
|turn|4
|
|t:|1685873582
|switch|p2a: Toxapex|Toxapex, F|100/100
|move|p1a: Garganacl|Salt Cure|p2a: Toxapex
|-damage|p2a: Toxapex|92/100
|-start|p2a: Toxapex|Salt Cure
|
|-damage|p2a: Toxapex|67/100|[from] Salt Cure
|upkeep
|turn|5
|
|t:|1685873592
|switch|p2a: Alomomola|Alomomola, M|100/100
|move|p1a: Garganacl|Stealth Rock|p2a: Alomomola
|-sidestart|p2: abghesw|move: Stealth Rock
|
|upkeep
|turn|6
|
|t:|1685873599
|move|p2a: Alomomola|Whirlpool|p1a: Garganacl|[miss]
|-miss|p2a: Alomomola|p1a: Garganacl
|move|p1a: Garganacl|Salt Cure|p2a: Alomomola
|-damage|p2a: Alomomola|92/100
|-start|p2a: Alomomola|Salt Cure
|
|-damage|p2a: Alomomola|68/100|[from] Salt Cure
|upkeep
|turn|7
|
|t:|1685873611
|switch|p2a: Toxapex|Toxapex, F|99/100
|move|p1a: Garganacl|Protect||[still]
|-fail|p1a: Garganacl
|
|upkeep
|turn|8
|
|t:|1685873618
|move|p2a: Toxapex|Infestation|p1a: Garganacl
|-damage|p1a: Garganacl|99/100
|-activate|p1a: Garganacl|move: Infestation|[of] p2a: Toxapex
|move|p1a: Garganacl|Salt Cure|p2a: Toxapex
|-damage|p2a: Toxapex|92/100
|-start|p2a: Toxapex|Salt Cure
|
|-heal|p1a: Garganacl|100/100|[from] item: Leftovers
|-damage|p1a: Garganacl|88/100|[from] move: Infestation|[partiallytrapped]
|-damage|p2a: Toxapex|67/100|[from] Salt Cure
|upkeep
|turn|9
|
|t:|1685873641
|switch|p2a: Alomomola|Alomomola, M|100/100
|move|p1a: Garganacl|Salt Cure|p2a: Alomomola
|-damage|p2a: Alomomola|93/100
|-start|p2a: Alomomola|Salt Cure
|
|-heal|p1a: Garganacl|94/100|[from] item: Leftovers
|-damage|p2a: Alomomola|68/100|[from] Salt Cure
|-end|p1a: Garganacl|Infestation|[partiallytrapped]|[silent]
|upkeep
|turn|10
|
|t:|1685873655
|switch|p2a: Toxapex|Toxapex, F|99/100
|move|p1a: Garganacl|Protect||[still]
|-fail|p1a: Garganacl
|
|-heal|p1a: Garganacl|100/100|[from] item: Leftovers
|upkeep
|turn|11
|inactive|Skaali has 120 seconds left.
|
|t:|1685873675
|switch|p1a: Magnezone|Magnezone|100/100
|move|p2a: Toxapex|Toxic|p1a: Magnezone
|-immune|p1a: Magnezone
|
|upkeep
|turn|12
|inactive|Skaali has 120 seconds left.
|
|t:|1685873701
|switch|p1a: Great Tusk|Great Tusk|100/100
|switch|p2a: Clodsire|Clodsire, F|100/100
|
|upkeep
|turn|13
|
|t:|1685873709
|switch|p2a: Talonflame|Talonflame, F|84/100
|move|p1a: Great Tusk|Rapid Spin|p2a: Talonflame
|-damage|p2a: Talonflame|69/100
|-boost|p1a: Great Tusk|spe|1
|
|upkeep
|turn|14
|
|t:|1685873718
|-end|p1a: Great Tusk|Protosynthesis|[silent]
|switch|p1a: Garganacl|Garganacl, F|100/100
|move|p2a: Talonflame|Will-O-Wisp|p1a: Garganacl
|-immune|p1a: Garganacl|[from] ability: Purifying Salt
|
|upkeep
|turn|15
|inactive|Skaali has 120 seconds left.
|
|t:|1685873726
|switch|p2a: Toxapex|Toxapex, F|100/100
|move|p1a: Garganacl|Salt Cure|p2a: Toxapex
|-damage|p2a: Toxapex|92/100
|-start|p2a: Toxapex|Salt Cure
|
|-damage|p2a: Toxapex|67/100|[from] Salt Cure
|upkeep
|turn|16
|
|t:|1685873735
|switch|p2a: Alomomola|Alomomola, M|100/100
|move|p1a: Garganacl|Protect||[still]
|-fail|p1a: Garganacl
|
|upkeep
|turn|17
|
|t:|1685873746
|switch|p1a: Magnezone|Magnezone|100/100
|move|p2a: Alomomola|Whirlpool|p1a: Magnezone
|-damage|p1a: Magnezone|93/100
|-activate|p1a: Magnezone|move: Whirlpool|[of] p2a: Alomomola
|
|-damage|p1a: Magnezone|80/100|[from] move: Whirlpool|[partiallytrapped]
|upkeep
|turn|18
|
|t:|1685873758
|move|p2a: Alomomola|Protect|p2a: Alomomola
|-singleturn|p2a: Alomomola|Protect
|move|p1a: Magnezone|Flash Cannon|p2a: Alomomola
|-activate|p2a: Alomomola|move: Protect
|
|-damage|p1a: Magnezone|68/100|[from] move: Whirlpool|[partiallytrapped]
|upkeep
|turn|19
|
|t:|1685873766
|switch|p2a: Clodsire|Clodsire, F|100/100
|move|p1a: Magnezone|Thunderbolt|p2a: Clodsire
|-immune|p2a: Clodsire
|
|-end|p1a: Magnezone|Whirlpool|[partiallytrapped]|[silent]
|upkeep
|turn|20
|
|t:|1685873774
|switch|p1a: Garganacl|Garganacl, F|100/100
|move|p2a: Clodsire|Toxic|p1a: Garganacl
|-immune|p1a: Garganacl|[from] ability: Purifying Salt
|
|upkeep
|turn|21
|
|t:|1685873785
|move|p1a: Garganacl|Salt Cure|p2a: Clodsire
|-resisted|p2a: Clodsire
|-damage|p2a: Clodsire|93/100
|-start|p2a: Clodsire|Salt Cure
|move|p2a: Clodsire|Earthquake|p1a: Garganacl
|-supereffective|p1a: Garganacl
|-damage|p1a: Garganacl|65/100
|
|-heal|p1a: Garganacl|71/100|[from] item: Leftovers
|-damage|p2a: Clodsire|80/100|[from] Salt Cure
|upkeep
|turn|22
|
|t:|1685873795
|switch|p2a: Toxapex|Toxapex, F|99/100
|move|p1a: Garganacl|Recover|p1a: Garganacl
|-heal|p1a: Garganacl|100/100
|
|upkeep
|turn|23
|
|t:|1685873813
|switch|p1a: Magnezone|Magnezone|68/100
|move|p2a: Toxapex|Infestation|p1a: Magnezone
|-resisted|p1a: Magnezone
|-damage|p1a: Magnezone|66/100
|-activate|p1a: Magnezone|move: Infestation|[of] p2a: Toxapex
|
|-damage|p1a: Magnezone|54/100|[from] move: Infestation|[partiallytrapped]
|upkeep
|turn|24
|
|t:|1685873823
|switch|p2a: Clodsire|Clodsire, F|80/100
|move|p1a: Magnezone|Thunderbolt|p2a: Clodsire
|-immune|p2a: Clodsire
|
|-end|p1a: Magnezone|Infestation|[partiallytrapped]|[silent]
|upkeep
|turn|25
|
|t:|1685873846
|switch|p1a: Garganacl|Garganacl, F|100/100
|move|p2a: Clodsire|Toxic|p1a: Garganacl
|-immune|p1a: Garganacl|[from] ability: Purifying Salt
|
|upkeep
|turn|26
|
|t:|1685873856
|switch|p1a: Magnezone|Magnezone|54/100
|switch|p2a: Alomomola|Alomomola, M|100/100
|
|upkeep
|turn|27
|
|t:|1685873867
|switch|p2a: Clodsire|Clodsire, F|80/100
|move|p1a: Magnezone|Tera Blast|p2a: Clodsire
|-damage|p2a: Clodsire|67/100
|
|upkeep
|turn|28
|inactive|Skaali has 120 seconds left.
|
|t:|1685873895
|move|p1a: Magnezone|Flash Cannon|p2a: Clodsire
|-damage|p2a: Clodsire|45/100
|move|p2a: Clodsire|Earthquake|p1a: Magnezone
|-supereffective|p1a: Magnezone
|-damage|p1a: Magnezone|0 fnt
|faint|p1a: Magnezone
|
|upkeep
|
|t:|1685873903
|switch|p1a: Cinderace|Cinderace, F|100/100
|turn|29
|
|t:|1685873908
|switch|p2a: Toxapex|Toxapex, F|100/100
|move|p1a: Cinderace|Zen Headbutt|p2a: Toxapex
|-supereffective|p2a: Toxapex
|-damage|p2a: Toxapex|66/100
|
|upkeep
|turn|30
|
|t:|1685873921
|switch|p1a: Garganacl|Garganacl, F|100/100
|switch|p2a: Alomomola|Alomomola, M|100/100
|
|upkeep
|turn|31
|inactive|Skaali has 120 seconds left.
|
|t:|1685873940
|move|p2a: Alomomola|Chilling Water|p1a: Garganacl
|-supereffective|p1a: Garganacl
|-damage|p1a: Garganacl|87/100
|-unboost|p1a: Garganacl|atk|1
|move|p1a: Garganacl|Salt Cure|p2a: Alomomola
|-damage|p2a: Alomomola|95/100
|-start|p2a: Alomomola|Salt Cure
|
|-heal|p1a: Garganacl|93/100|[from] item: Leftovers
|-damage|p2a: Alomomola|70/100|[from] Salt Cure
|upkeep
|turn|32
|inactive|Skaali has 120 seconds left.
|
|t:|1685873952
|switch|p2a: Toxapex|Toxapex, F|99/100
|move|p1a: Garganacl|Recover|p1a: Garganacl
|-heal|p1a: Garganacl|100/100
|
|upkeep
|turn|33
|
|t:|1685873959
|move|p2a: Toxapex|Infestation|p1a: Garganacl
|-damage|p1a: Garganacl|98/100
|-activate|p1a: Garganacl|move: Infestation|[of] p2a: Toxapex
|move|p1a: Garganacl|Salt Cure|p2a: Toxapex
|-damage|p2a: Toxapex|94/100
|-start|p2a: Toxapex|Salt Cure
|
|-heal|p1a: Garganacl|100/100|[from] item: Leftovers
|-damage|p1a: Garganacl|88/100|[from] move: Infestation|[partiallytrapped]
|-damage|p2a: Toxapex|69/100|[from] Salt Cure
|upkeep
|turn|34
|
|t:|1685873970
|switch|p2a: Alomomola|Alomomola, M|100/100
|move|p1a: Garganacl|Salt Cure|p2a: Alomomola
|-damage|p2a: Alomomola|96/100
|-start|p2a: Alomomola|Salt Cure
|
|-heal|p1a: Garganacl|94/100|[from] item: Leftovers
|-damage|p2a: Alomomola|71/100|[from] Salt Cure
|-end|p1a: Garganacl|Infestation|[partiallytrapped]|[silent]
|upkeep
|turn|35
|
|t:|1685873980
|switch|p2a: Toxapex|Toxapex, F|100/100
|move|p1a: Garganacl|Protect||[still]
|-fail|p1a: Garganacl
|
|-heal|p1a: Garganacl|100/100|[from] item: Leftovers
|upkeep
|turn|36
|inactive|Skaali has 120 seconds left.
|
|t:|1685873996
|switch|p1a: Great Tusk|Great Tusk|100/100
|move|p2a: Toxapex|Toxic|p1a: Great Tusk
|-status|p1a: Great Tusk|tox
|
|-damage|p1a: Great Tusk|94/100 tox|[from] psn
|upkeep
|turn|37
|inactive|Skaali has 120 seconds left.
|
|t:|1685874011
|switch|p2a: Talonflame|Talonflame, F|69/100
|move|p1a: Great Tusk|Knock Off|p2a: Talonflame
|-damage|p2a: Talonflame|41/100
|-enditem|p2a: Talonflame|Heavy-Duty Boots|[from] move: Knock Off|[of] p1a: Great Tusk
|
|-heal|p1a: Great Tusk|100/100 tox|[from] item: Leftovers
|-damage|p1a: Great Tusk|88/100 tox|[from] psn
|upkeep
|turn|38
|inactive|Skaali has 120 seconds left.
|
|t:|1685874022
|-end|p1a: Great Tusk|Protosynthesis|[silent]
|switch|p1a: Garganacl|Garganacl, F|100/100
|move|p2a: Talonflame|Defog|p1a: Garganacl
|-unboost|p1a: Garganacl|evasion|1
|-sideend|p2: abghesw|Stealth Rock|[from] move: Defog|[of] p2a: Talonflame
|
|upkeep
|turn|39
|
|t:|1685874029
|switch|p2a: Toxapex|Toxapex, F|100/100
|move|p1a: Garganacl|Stealth Rock|p2a: Toxapex
|-sidestart|p2: abghesw|move: Stealth Rock
|
|upkeep
|turn|40
|
|t:|1685874036
|switch|p2a: Alomomola|Alomomola, M|100/100
|move|p1a: Garganacl|Protect||[still]
|-fail|p1a: Garganacl
|
|upkeep
|turn|41
|
|t:|1685874051
|move|p2a: Alomomola|Whirlpool|p1a: Garganacl
|-supereffective|p1a: Garganacl
|-damage|p1a: Garganacl|91/100
|-activate|p1a: Garganacl|move: Whirlpool|[of] p2a: Alomomola
|move|p1a: Garganacl|Salt Cure|p2a: Alomomola
|-damage|p2a: Alomomola|94/100
|-start|p2a: Alomomola|Salt Cure
|
|-heal|p1a: Garganacl|97/100|[from] item: Leftovers
|-damage|p2a: Alomomola|69/100|[from] Salt Cure
|-damage|p1a: Garganacl|85/100|[from] move: Whirlpool|[partiallytrapped]
|upkeep
|turn|42
|
|t:|1685874063
|switch|p2a: Toxapex|Toxapex, F|100/100
|move|p1a: Garganacl|Recover|p1a: Garganacl
|-heal|p1a: Garganacl|100/100
|
|-end|p1a: Garganacl|Whirlpool|[partiallytrapped]|[silent]
|upkeep
|turn|43
|
|t:|1685874073
|move|p1a: Garganacl|Protect|p1a: Garganacl
|-singleturn|p1a: Garganacl|Protect
|move|p2a: Toxapex|Infestation|p1a: Garganacl
|-activate|p1a: Garganacl|move: Protect
|
|upkeep
|turn|44
|
|t:|1685874079
|switch|p1a: Great Tusk|Great Tusk|88/100 tox
|move|p2a: Toxapex|Infestation|p1a: Great Tusk
|-resisted|p1a: Great Tusk
|-damage|p1a: Great Tusk|86/100 tox
|-activate|p1a: Great Tusk|move: Infestation|[of] p2a: Toxapex
|
|-heal|p1a: Great Tusk|92/100 tox|[from] item: Leftovers
|-damage|p1a: Great Tusk|86/100 tox|[from] psn
|-damage|p1a: Great Tusk|74/100 tox|[from] move: Infestation|[partiallytrapped]
|upkeep
|turn|45
|
|t:|1685874093
|switch|p2a: Talonflame|Talonflame, F|41/100
|-damage|p2a: Talonflame|0 fnt|[from] Stealth Rock
|faint|p2a: Talonflame
|move|p1a: Great Tusk|Knock Off|p2: Talonflame|[notarget]
|-fail|p1a: Great Tusk
|
|-heal|p1a: Great Tusk|80/100 tox|[from] item: Leftovers
|-damage|p1a: Great Tusk|68/100 tox|[from] psn
|-end|p1a: Great Tusk|Infestation|[partiallytrapped]|[silent]
|upkeep
|
|t:|1685874102
|switch|p2a: Blissey|Blissey, F|100/100
|turn|46
|
|t:|1685874113
|move|p1a: Great Tusk|Body Press|p2a: Blissey
|-supereffective|p2a: Blissey
|-damage|p2a: Blissey|0 fnt
|faint|p2a: Blissey
|
|-heal|p1a: Great Tusk|74/100 tox|[from] item: Leftovers
|-damage|p1a: Great Tusk|55/100 tox|[from] psn
|upkeep
|
|t:|1685874122
|switch|p2a: Alomomola|Alomomola, M|100/100
|turn|47
|
|t:|1685874128
|-end|p1a: Great Tusk|Protosynthesis|[silent]
|switch|p1a: Azumarill|Azumarill, M|88/100 brn
|move|p2a: Alomomola|Protect||[still]
|-fail|p2a: Alomomola
|
|-damage|p1a: Azumarill|82/100 brn|[from] brn
|upkeep
|turn|48
|
|t:|1685874144
|move|p1a: Azumarill|Ice Spinner|p2a: Alomomola
|-resisted|p2a: Alomomola
|-damage|p2a: Alomomola|97/100
|move|p2a: Alomomola|Whirlpool|p1a: Azumarill
|-resisted|p1a: Azumarill
|-damage|p1a: Azumarill|79/100 brn
|-activate|p1a: Azumarill|move: Whirlpool|[of] p2a: Alomomola
|
|-damage|p1a: Azumarill|73/100 brn|[from] brn
|-damage|p1a: Azumarill|60/100 brn|[from] move: Whirlpool|[partiallytrapped]
|upkeep
|turn|49
|
|t:|1685874155
|move|p1a: Azumarill|Ice Spinner|p2a: Alomomola
|-resisted|p2a: Alomomola
|-damage|p2a: Alomomola|94/100
|move|p2a: Alomomola|Chilling Water|p1a: Azumarill
|-resisted|p1a: Azumarill
|-damage|p1a: Azumarill|56/100 brn
|-unboost|p1a: Azumarill|atk|1
|
|-damage|p1a: Azumarill|50/100 brn|[from] brn
|-damage|p1a: Azumarill|37/100 brn|[from] move: Whirlpool|[partiallytrapped]
|upkeep
|turn|50
|
|t:|1685874166
|move|p1a: Azumarill|Ice Spinner|p2a: Alomomola
|-resisted|p2a: Alomomola
|-damage|p2a: Alomomola|92/100
|move|p2a: Alomomola|Chilling Water|p1a: Azumarill
|-resisted|p1a: Azumarill
|-damage|p1a: Azumarill|33/100 brn
|-unboost|p1a: Azumarill|atk|1
|
|-damage|p1a: Azumarill|27/100 brn|[from] brn
|-damage|p1a: Azumarill|15/100 brn|[from] move: Whirlpool|[partiallytrapped]
|upkeep
|turn|51
|
|t:|1685874178
|move|p1a: Azumarill|Ice Spinner|p2a: Alomomola
|-resisted|p2a: Alomomola
|-damage|p2a: Alomomola|90/100
|move|p2a: Alomomola|Wish|p2a: Alomomola
|
|-damage|p1a: Azumarill|9/100 brn|[from] brn
|-damage|p1a: Azumarill|0 fnt|[from] move: Whirlpool|[partiallytrapped]
|faint|p1a: Azumarill
|upkeep
|
|t:|1685874187
|switch|p1a: Garganacl|Garganacl, F|100/100
|turn|52
|
|t:|1685874192
|switch|p2a: Clodsire|Clodsire, F|45/100
|move|p1a: Garganacl|Salt Cure|p2a: Clodsire
|-resisted|p2a: Clodsire
|-crit|p2a: Clodsire
|-damage|p2a: Clodsire|33/100
|-start|p2a: Clodsire|Salt Cure
|
|-heal|p2a: Clodsire|91/100|[from] move: Wish|[wisher] Alomomola
|-damage|p2a: Clodsire|79/100|[from] Salt Cure
|upkeep
|turn|53
|
|t:|1685874208
|switch|p2a: Toxapex|Toxapex, F|100/100
|move|p1a: Garganacl|Salt Cure|p2a: Toxapex
|-damage|p2a: Toxapex|92/100
|-start|p2a: Toxapex|Salt Cure
|
|-damage|p2a: Toxapex|67/100|[from] Salt Cure
|upkeep
|turn|54
|
|t:|1685874218
|switch|p2a: Alomomola|Alomomola, M|100/100
|switch|p1a: Great Tusk|Great Tusk|55/100 tox
|
|-heal|p1a: Great Tusk|61/100 tox|[from] item: Leftovers
|-damage|p1a: Great Tusk|55/100 tox|[from] psn
|upkeep
|turn|55
|
|t:|1685874230
|-end|p1a: Great Tusk|Protosynthesis|[silent]
|switch|p1a: Garganacl|Garganacl, F|100/100
|move|p2a: Alomomola|Whirlpool|p1a: Garganacl
|-supereffective|p1a: Garganacl
|-damage|p1a: Garganacl|92/100
|-activate|p1a: Garganacl|move: Whirlpool|[of] p2a: Alomomola
|
|-heal|p1a: Garganacl|98/100|[from] item: Leftovers
|-damage|p1a: Garganacl|85/100|[from] move: Whirlpool|[partiallytrapped]
|upkeep
|turn|56
|
|t:|1685874242
|move|p2a: Alomomola|Chilling Water|p1a: Garganacl
|-supereffective|p1a: Garganacl
|-damage|p1a: Garganacl|73/100
|-unboost|p1a: Garganacl|atk|1
|move|p1a: Garganacl|Recover|p1a: Garganacl
|-heal|p1a: Garganacl|100/100
|
|-damage|p1a: Garganacl|88/100|[from] move: Whirlpool|[partiallytrapped]
|upkeep
|turn|57
|
|t:|1685874252
|move|p2a: Alomomola|Chilling Water|p1a: Garganacl
|-supereffective|p1a: Garganacl
|-damage|p1a: Garganacl|75/100
|-unboost|p1a: Garganacl|atk|1
|move|p1a: Garganacl|Salt Cure|p2a: Alomomola
|-damage|p2a: Alomomola|96/100
|-start|p2a: Alomomola|Salt Cure
|
|-heal|p1a: Garganacl|81/100|[from] item: Leftovers
|-damage|p2a: Alomomola|71/100|[from] Salt Cure
|-damage|p1a: Garganacl|69/100|[from] move: Whirlpool|[partiallytrapped]
|upkeep
|turn|58
|
|t:|1685874264
|switch|p2a: Toxapex|Toxapex, F|99/100
|move|p1a: Garganacl|Recover|p1a: Garganacl
|-heal|p1a: Garganacl|100/100
|
|-end|p1a: Garganacl|Whirlpool|[partiallytrapped]|[silent]
|upkeep
|turn|59
|
|t:|1685874277
|move|p2a: Toxapex|Infestation|p1a: Garganacl
|-damage|p1a: Garganacl|98/100
|-activate|p1a: Garganacl|move: Infestation|[of] p2a: Toxapex
|move|p1a: Garganacl|Salt Cure|p2a: Toxapex
|-damage|p2a: Toxapex|96/100
|-start|p2a: Toxapex|Salt Cure
|
|-heal|p1a: Garganacl|100/100|[from] item: Leftovers
|-damage|p2a: Toxapex|71/100|[from] Salt Cure
|-damage|p1a: Garganacl|88/100|[from] move: Infestation|[partiallytrapped]
|upkeep
|turn|60
|
|t:|1685874302
|switch|p2a: Alomomola|Alomomola, M|100/100
|move|p1a: Garganacl|Protect||[still]
|-fail|p1a: Garganacl
|
|-heal|p1a: Garganacl|94/100|[from] item: Leftovers
|-end|p1a: Garganacl|Infestation|[partiallytrapped]|[silent]
|upkeep
|turn|61
|
|t:|1685874319
|move|p1a: Garganacl|Protect|p1a: Garganacl
|-singleturn|p1a: Garganacl|Protect
|move|p2a: Alomomola|Whirlpool|p1a: Garganacl
|-activate|p1a: Garganacl|move: Protect
|
|-heal|p1a: Garganacl|100/100|[from] item: Leftovers
|upkeep
|turn|62
|
|t:|1685874329
|move|p2a: Alomomola|Whirlpool|p1a: Garganacl
|-supereffective|p1a: Garganacl
|-damage|p1a: Garganacl|92/100
|-activate|p1a: Garganacl|move: Whirlpool|[of] p2a: Alomomola
|move|p1a: Garganacl|Salt Cure|p2a: Alomomola
|-damage|p2a: Alomomola|97/100
|-start|p2a: Alomomola|Salt Cure
|
|-heal|p1a: Garganacl|98/100|[from] item: Leftovers
|-damage|p2a: Alomomola|72/100|[from] Salt Cure
|-damage|p1a: Garganacl|85/100|[from] move: Whirlpool|[partiallytrapped]
|upkeep
|turn|63
|
|t:|1685874347
|switch|p2a: Toxapex|Toxapex, F|100/100
|move|p1a: Garganacl|Recover|p1a: Garganacl
|-heal|p1a: Garganacl|100/100
|
|-end|p1a: Garganacl|Whirlpool|[partiallytrapped]|[silent]
|upkeep
|turn|64
|
|t:|1685874356
|switch|p1a: Salamence|Salamence, M|100/100
|-ability|p1a: Salamence|Intimidate|boost
|-unboost|p2a: Toxapex|atk|1
|move|p2a: Toxapex|Infestation|p1a: Salamence
|-resisted|p1a: Salamence
|-damage|p1a: Salamence|99/100
|-activate|p1a: Salamence|move: Infestation|[of] p2a: Toxapex
|
|-damage|p1a: Salamence|86/100|[from] move: Infestation|[partiallytrapped]
|upkeep
|turn|65
|
|t:|1685874369
|move|p1a: Salamence|Earthquake|p2a: Toxapex
|-supereffective|p2a: Toxapex
|-damage|p2a: Toxapex|60/100
|move|p2a: Toxapex|Toxic|p1a: Salamence
|-status|p1a: Salamence|tox
|
|-damage|p1a: Salamence|80/100 tox|[from] psn
|-damage|p1a: Salamence|68/100 tox|[from] move: Infestation|[partiallytrapped]
|upkeep
|turn|66
|-message|Skaali forfeited.
|
|win|abghesw
|raw|Skaali's rating: 1075 → 1049(-26 for losing)
|raw|abghesw's rating: 1000 → 1049(+49 for winning)
|l|☆Skaali
