|j|☆mathismathin
|j|☆Noah Aloha
|t:|1685901693
|gametype|singles
|player|p1|mathismathin|169|1860
|player|p2|Noah Aloha|backersf|2023
|teamsize|p1|6
|teamsize|p2|6
|gen|9
|tier|[Gen 9] OU
|rated|
|rule|Sleep Clause Mod: Limit one foe put to sleep
|rule|Species Clause: Limit one of each Pokémon
|rule|OHKO Clause: OHKO moves are banned
|rule|Evasion Items Clause: Evasion items are banned
|rule|Evasion Moves Clause: Evasion moves are banned
|rule|Endless Battle Clause: Forcing endless battles is banned
|rule|HP Percentage Mod: HP is shown in percentages
|clearpoke
|poke|p1|Basculegion-F, F|
|poke|p1|Zamazenta-*|
|poke|p1|Scream Tail|
|poke|p1|Garganacl, F|
|poke|p1|Zapdos|
|poke|p1|Maushold|
|poke|p2|Lilligant-Hisui, F|
|poke|p2|Magearna|
|poke|p2|Ursaluna, F|
|poke|p2|Baxcalibur, F|
|poke|p2|Skeledirge, M|
|poke|p2|Tornadus-Therian, M|
|teampreview
|j| the eminence
|
|t:|1685901719
|start
|switch|p1a: Maushold|Maushold|100/100
|switch|p2a: Ursaluna|Ursaluna, F|100/100
|turn|1
|
|t:|1685901726
|switch|p1a: Basculegion|Basculegion-F, F|100/100
|move|p2a: Ursaluna|Headlong Rush|p1a: Basculegion
|-damage|p1a: Basculegion|5/100
|-unboost|p2a: Ursaluna|def|1
|-unboost|p2a: Ursaluna|spd|1
|
|-status|p2a: Ursaluna|brn|[from] item: Flame Orb
|upkeep
|turn|2
|
|t:|1685901734
|switch|p2a: Tornadus|Tornadus-Therian, M|100/100
|move|p1a: Basculegion|Surf|p2a: Tornadus
|-crit|p2a: Tornadus
|-damage|p2a: Tornadus|0 fnt
|faint|p2a: Tornadus
|
|upkeep
|j| 96 Cents
|
|t:|1685901744
|switch|p2a: Baxcalibur|Baxcalibur, F|100/100
|turn|3
|
|t:|1685901750
|switch|p1a: Scream Tail|Scream Tail|100/100
|move|p2a: Baxcalibur|Dragon Dance|p2a: Baxcalibur
|-boost|p2a: Baxcalibur|atk|1
|-boost|p2a: Baxcalibur|spe|1
|
|upkeep
|turn|4
|
|t:|1685901753
|move|p2a: Baxcalibur|Icicle Spear|p1a: Scream Tail
|-damage|p1a: Scream Tail|83/100
|-damage|p1a: Scream Tail|64/100
|-damage|p1a: Scream Tail|45/100
|-damage|p1a: Scream Tail|25/100
|-damage|p1a: Scream Tail|7/100
|-hitcount|p1a: Scream Tail|5
|move|p1a: Scream Tail|Encore|p2a: Baxcalibur
|-start|p2a: Baxcalibur|Encore
|
|-heal|p1a: Scream Tail|13/100|[from] item: Leftovers
|upkeep
|turn|5
|j| HereForFrens
|
|t:|1685901761
|-end|p1a: Scream Tail|Protosynthesis|[silent]
|switch|p1a: Zamazenta|Zamazenta-Crowned|100/100
|-ability|p1a: Zamazenta|Dauntless Shield|boost
|-boost|p1a: Zamazenta|def|1
|move|p2a: Baxcalibur|Icicle Spear|p1a: Zamazenta
|-resisted|p1a: Zamazenta
|-crit|p1a: Zamazenta
|-damage|p1a: Zamazenta|90/100
|-resisted|p1a: Zamazenta
|-damage|p1a: Zamazenta|85/100
|-resisted|p1a: Zamazenta
|-damage|p1a: Zamazenta|80/100
|-resisted|p1a: Zamazenta
|-crit|p1a: Zamazenta
|-damage|p1a: Zamazenta|69/100
|-resisted|p1a: Zamazenta
|-damage|p1a: Zamazenta|64/100
|-hitcount|p1a: Zamazenta|5
|
|upkeep
|turn|6
|j| prasanna20
|
|t:|1685901769
|switch|p2a: Skeledirge|Skeledirge, M|100/100
|move|p1a: Zamazenta|Behemoth Bash|p2a: Skeledirge
|-resisted|p2a: Skeledirge
|-damage|p2a: Skeledirge|82/100
|
|upkeep
|turn|7
|j| Washi12
|l| HereForFrens
|
|t:|1685901781
|switch|p1a: Zapdos|Zapdos|100/100
|switch|p2a: Ursaluna|Ursaluna, F|100/100 brn
|
|-damage|p2a: Ursaluna|94/100 brn|[from] brn
|upkeep
|turn|8
|
|t:|1685901788
|switch|p1a: Basculegion|Basculegion-F, F|5/100
|move|p2a: Ursaluna|Ice Punch|p1a: Basculegion
|-resisted|p1a: Basculegion
|-damage|p1a: Basculegion|0 fnt
|faint|p1a: Basculegion
|
|-damage|p2a: Ursaluna|88/100 brn|[from] brn
|upkeep
|j| spin da bloc
|
|t:|1685901799
|switch|p1a: Zamazenta|Zamazenta-Crowned|64/100
|turn|9
|
|t:|1685901803
|switch|p2a: Skeledirge|Skeledirge, M|82/100
|move|p1a: Zamazenta|Body Press|p2a: Skeledirge
|-immune|p2a: Skeledirge
|
|upkeep
|turn|10
|
|t:|1685901809
|switch|p1a: Garganacl|Garganacl, F|100/100
|switch|p2a: Magearna|Magearna|100/100
|
|upkeep
|turn|11
|
|t:|1685901814
|move|p1a: Garganacl|Salt Cure|p2a: Magearna
|-resisted|p2a: Magearna
|-damage|p2a: Magearna|95/100
|-start|p2a: Magearna|Salt Cure
|move|p2a: Magearna|Trick Room|p2a: Magearna
|-fieldstart|move: Trick Room|[of] p2a: Magearna
|
|-damage|p2a: Magearna|70/100|[from] Salt Cure
|upkeep
|turn|12
|
|t:|1685901818
|move|p1a: Garganacl|Stealth Rock|p2a: Magearna
|-sidestart|p2: Noah Aloha|move: Stealth Rock
|move|p2a: Magearna|Fleur Cannon|p1a: Garganacl
|-damage|p1a: Garganacl|48/100
|-unboost|p2a: Magearna|spa|2
|-enditem|p2a: Magearna|Eject Pack
|
|t:|1685901821
|switch|p2a: Ursaluna|Ursaluna, F|88/100 brn
|-damage|p2a: Ursaluna|82/100 brn|[from] Stealth Rock
|
|-heal|p1a: Garganacl|54/100|[from] item: Leftovers
|-damage|p2a: Ursaluna|76/100 brn|[from] brn
|upkeep
|turn|13
|
|t:|1685901827
|switch|p1a: Zamazenta|Zamazenta-Crowned|64/100
|-terastallize|p2a: Ursaluna|Normal
|move|p2a: Ursaluna|Facade|p1a: Zamazenta
|-resisted|p1a: Zamazenta
|-damage|p1a: Zamazenta|9/100
|
|-damage|p2a: Ursaluna|70/100 brn|[from] brn
|upkeep
|turn|14
|j| dontknowhatamdoing
|j| fyjfhj
|
|t:|1685901836
|switch|p1a: Garganacl|Garganacl, F|54/100
|move|p2a: Ursaluna|Facade|p1a: Garganacl
|-resisted|p1a: Garganacl
|-damage|p1a: Garganacl|5/100
|
|-heal|p1a: Garganacl|11/100|[from] item: Leftovers
|-damage|p2a: Ursaluna|64/100 brn|[from] brn
|upkeep
|turn|15
|
|t:|1685901841
|move|p1a: Garganacl|Salt Cure|p2a: Ursaluna
|-damage|p2a: Ursaluna|54/100 brn
|-start|p2a: Ursaluna|Salt Cure
|move|p2a: Ursaluna|Facade|p1a: Garganacl
|-resisted|p1a: Garganacl
|-damage|p1a: Garganacl|0 fnt
|faint|p1a: Garganacl
|
|-damage|p2a: Ursaluna|48/100 brn|[from] brn
|-damage|p2a: Ursaluna|36/100 brn|[from] Salt Cure
|-fieldend|move: Trick Room
|upkeep
|j| Pour la blague
|
|t:|1685901847
|switch|p1a: Zapdos|Zapdos|100/100
|turn|16
|l| Pour la blague
|j| D Great Dane
|
|t:|1685901851
|switch|p2a: Magearna|Magearna|70/100
|-damage|p2a: Magearna|64/100|[from] Stealth Rock
|move|p1a: Zapdos|Hurricane|p2a: Magearna
|-resisted|p2a: Magearna
|-damage|p2a: Magearna|42/100
|-start|p2a: Magearna|confusion
|
|upkeep
|turn|17
|
|t:|1685901855
|move|p1a: Zapdos|Thunderbolt|p2a: Magearna
|-damage|p2a: Magearna|7/100
|-activate|p2a: Magearna|confusion
|move|p2a: Magearna|Trick Room|p2a: Magearna
|-fieldstart|move: Trick Room|[of] p2a: Magearna
|
|upkeep
|turn|18
|
|t:|1685901860
|-activate|p2a: Magearna|confusion
|-damage|p2a: Magearna|0 fnt|[from] confusion
|faint|p2a: Magearna
|move|p1a: Zapdos|Roost||[still]
|-fail|p1a: Zapdos|heal
|
|upkeep
|
|t:|1685901865
|switch|p2a: Ursaluna|Ursaluna, F, tera:Normal|36/100 brn
|-damage|p2a: Ursaluna|24/100 brn|[from] Stealth Rock
|turn|19
|
|t:|1685901868
|switch|p1a: Zamazenta|Zamazenta-Crowned|9/100
|move|p2a: Ursaluna|Facade|p1a: Zamazenta
|-resisted|p1a: Zamazenta
|-damage|p1a: Zamazenta|0 fnt
|faint|p1a: Zamazenta
|
|-damage|p2a: Ursaluna|18/100 brn|[from] brn
|upkeep
|
|t:|1685901869
|switch|p1a: Scream Tail|Scream Tail|13/100
|turn|20
|
|t:|1685901871
|move|p1a: Scream Tail|Protect|p1a: Scream Tail
|-singleturn|p1a: Scream Tail|Protect
|move|p2a: Ursaluna|Facade|p1a: Scream Tail
|-activate|p1a: Scream Tail|move: Protect
|
|-heal|p1a: Scream Tail|19/100|[from] item: Leftovers
|-damage|p2a: Ursaluna|12/100 brn|[from] brn
|upkeep
|turn|21
|
|t:|1685901876
|move|p2a: Ursaluna|Facade|p1a: Scream Tail
|-damage|p1a: Scream Tail|0 fnt
|faint|p1a: Scream Tail
|-end|p1a: Scream Tail|Protosynthesis|[silent]
|
|-damage|p2a: Ursaluna|5/100 brn|[from] brn
|-fieldend|move: Trick Room
|upkeep
|
|t:|1685901880
|switch|p1a: Zapdos|Zapdos|100/100
|turn|22
|
|t:|1685901882
|move|p1a: Zapdos|Thunderbolt|p2a: Ursaluna
|-damage|p2a: Ursaluna|0 fnt
|faint|p2a: Ursaluna
|
|upkeep
|
|t:|1685901884
|switch|p2a: Baxcalibur|Baxcalibur, F|100/100
|-damage|p2a: Baxcalibur|76/100|[from] Stealth Rock
|turn|23
|
|t:|1685901888
|-terastallize|p1a: Zapdos|Water
|move|p1a: Zapdos|Hurricane|p2a: Baxcalibur
|-damage|p2a: Baxcalibur|21/100
|move|p2a: Baxcalibur|Dragon Dance|p2a: Baxcalibur
|-boost|p2a: Baxcalibur|atk|1
|-boost|p2a: Baxcalibur|spe|1
|
|upkeep
|turn|24
|
|t:|1685901893
|move|p2a: Baxcalibur|Glaive Rush|p1a: Zapdos
|-damage|p1a: Zapdos|0 fnt
|-singlemove|p2a: Baxcalibur|Glaive Rush|[silent]
|-status|p2a: Baxcalibur|par|[from] ability: Static|[of] p1a: Zapdos
|faint|p1a: Zapdos
|
|upkeep
|
|t:|1685901895
|switch|p1a: Maushold|Maushold|100/100
|turn|25
|
|t:|1685901898
|move|p1a: Maushold|Population Bomb|p2a: Baxcalibur
|-damage|p2a: Baxcalibur|0 fnt
|faint|p2a: Baxcalibur
|-hitcount|p2: Baxcalibur|1
|
|upkeep
|
|t:|1685901904
|switch|p2a: Skeledirge|Skeledirge, M|82/100
|turn|26
|
|t:|1685901907
|move|p1a: Maushold|Bite|p2a: Skeledirge
|-supereffective|p2a: Skeledirge
|-damage|p2a: Skeledirge|49/100
|move|p2a: Skeledirge|Will-O-Wisp|p1a: Maushold|[miss]
|-miss|p2a: Skeledirge|p1a: Maushold
|
|upkeep
|turn|27
|
|t:|1685901910
|move|p1a: Maushold|Bite|p2a: Skeledirge
|-supereffective|p2a: Skeledirge
|-damage|p2a: Skeledirge|12/100
|move|p2a: Skeledirge|Slack Off|p2a: Skeledirge
|-heal|p2a: Skeledirge|63/100
|
|upkeep
|turn|28
|
|t:|1685901913
|move|p1a: Maushold|Bite|p2a: Skeledirge
|-supereffective|p2a: Skeledirge
|-damage|p2a: Skeledirge|28/100
|cant|p2a: Skeledirge|flinch
|
|upkeep
|turn|29
|
|t:|1685901917
|move|p1a: Maushold|Bite|p2a: Skeledirge
|-supereffective|p2a: Skeledirge
|-damage|p2a: Skeledirge|0 fnt
|faint|p2a: Skeledirge
|
|upkeep
|
|t:|1685901918
|switch|p2a: Lilligant|Lilligant-Hisui, F|100/100
|-damage|p2a: Lilligant|94/100|[from] Stealth Rock
|turn|30
|c|☆mathismathin|mb
|
|t:|1685901922
|move|p1a: Maushold|Population Bomb|p2a: Lilligant
|-damage|p2a: Lilligant|77/100
|-damage|p2a: Lilligant|60/100
|-damage|p2a: Lilligant|41/100
|-damage|p2a: Lilligant|24/100
|-damage|p2a: Lilligant|8/100
|-damage|p2a: Lilligant|0 fnt
|faint|p2a: Lilligant
|-hitcount|p2: Lilligant|6
|
|win|mathismathin
|raw|mathismathin's rating: 1860 → 1889(+29 for winning)
|raw|Noah Aloha's rating: 2023 → 1994(-29 for losing)
|l|☆mathismathin
|l| dontknowhatamdoing
|c|☆Noah Aloha|ggs
|l|☆Noah Aloha
|l| the eminence
|l| D Great Dane
|l| prasanna20
|l| fyjfhj
|l| spin da bloc
