|j|☆1den1
|j|☆Amadamo✔
|t:|1685874239
|gametype|singles
|player|p1|1den1|rosa|1110
|player|p2|Amadamo✔|grusha|1098
|teamsize|p1|6
|teamsize|p2|6
|gen|9
|tier|[Gen 9] OU
|rated|
|rule|Sleep Clause Mod: Limit one foe put to sleep
|rule|Species Clause: Limit one of each Pokémon
|rule|OHKO Clause: OHKO moves are banned
|rule|Evasion Items Clause: Evasion items are banned
|rule|Evasion Moves Clause: Evasion moves are banned
|rule|Endless Battle Clause: Forcing endless battles is banned
|rule|HP Percentage Mod: HP is shown in percentages
|clearpoke
|poke|p1|Landorus-Therian, M|
|poke|p1|Goodra-Hisui, F|
|poke|p1|Kingambit, F|
|poke|p1|Urshifu-*, M|
|poke|p1|Rotom-Wash|
|poke|p1|Ursaluna, F|
|poke|p2|Landorus-Therian, M|
|poke|p2|Chien-Pao|
|poke|p2|Magearna|
|poke|p2|Heatran, M|
|poke|p2|Regidrago|
|poke|p2|Roaring Moon|
|teampreview
|inactive|Battle timer is ON: inactive players will automatically lose when time's up. (requested by Amadamo✔)
|
|t:|1685874244
|start
|switch|p1a: Landorus|Landorus-Therian, M|100/100
|switch|p2a: You know who|Landorus-Therian, M|100/100
|-ability|p1a: Landorus|Intimidate|boost
|-unboost|p2a: You know who|atk|1
|-ability|p2a: You know who|Intimidate|boost
|-unboost|p1a: Landorus|atk|1
|turn|1
|
|t:|1685874252
|move|p1a: Landorus|Stealth Rock|p2a: You know who
|-sidestart|p2: Amadamo✔|move: Stealth Rock
|move|p2a: You know who|Stealth Rock|p1a: Landorus
|-sidestart|p1: 1den1|move: Stealth Rock
|
|upkeep
|turn|2
|
|t:|1685874262
|switch|p1a: Rotom|Rotom-Wash, shiny|100/100
|move|p2a: You know who|U-turn|p1a: Rotom
|-damage|p1a: Rotom|83/100
|inactive|Amadamo✔ has 120 seconds left.
|
|t:|1685874301
|switch|p2a: No Eruption?|Heatran, M|100/100|[from] U-turn
|-damage|p2a: No Eruption?|88/100|[from] Stealth Rock
|-item|p2a: No Eruption?|Air Balloon
|
|upkeep
|turn|3
|inactive|Amadamo✔ has 120 seconds left.
|
|t:|1685874311
|-terastallize|p2a: No Eruption?|Grass
|move|p1a: Rotom|Volt Switch|p2a: No Eruption?
|-resisted|p2a: No Eruption?
|-damage|p2a: No Eruption?|73/100
|-enditem|p2a: No Eruption?|Air Balloon
|
|t:|1685874317
|switch|p1a: Goodra|Goodra-Hisui, F|100/100|[from] Volt Switch
|-damage|p1a: Goodra|94/100|[from] Stealth Rock
|move|p2a: No Eruption?|Tera Blast|p1a: Goodra
|-ability|p1a: Goodra|Sap Sipper|boost
|-boost|p1a: Goodra|atk|1
|
|upkeep
|turn|4
|
|t:|1685874327
|move|p2a: No Eruption?|Magma Storm|p1a: Goodra|[miss]
|-miss|p2a: No Eruption?|p1a: Goodra
|move|p1a: Goodra|Ice Spinner|p2a: No Eruption?
|-supereffective|p2a: No Eruption?
|-damage|p2a: No Eruption?|12/100
|
|upkeep
|turn|5
|
|t:|1685874341
|move|p2a: No Eruption?|Magma Storm|p1a: Goodra
|-damage|p1a: Goodra|71/100
|-activate|p1a: Goodra|move: Magma Storm|[of] p2a: No Eruption?
|move|p1a: Goodra|Earthquake|p2a: No Eruption?
|-resisted|p2a: No Eruption?
|-damage|p2a: No Eruption?|0 fnt
|faint|p2a: No Eruption?
|
|-end|p1a: Goodra|Magma Storm|[partiallytrapped]|[silent]
|upkeep
|
|t:|1685874358
|switch|p2a: Weavile 2|Chien-Pao|100/100
|-damage|p2a: Weavile 2|76/100|[from] Stealth Rock
|-ability|p2a: Weavile 2|Sword of Ruin
|turn|6
|
|t:|1685874369
|move|p2a: Weavile 2|Sacred Sword|p1a: Goodra
|-supereffective|p1a: Goodra
|-damage|p1a: Goodra|0 fnt
|faint|p1a: Goodra
|-damage|p2a: Weavile 2|66/100|[from] item: Life Orb
|
|upkeep
|
|t:|1685874376
|switch|p1a: Landorus|Landorus-Therian, M|100/100
|-damage|p1a: Landorus|88/100|[from] Stealth Rock
|-ability|p1a: Landorus|Intimidate|boost
|-unboost|p2a: Weavile 2|atk|1
|turn|7
|
|t:|1685874381
|move|p2a: Weavile 2|Ice Shard|p1a: Landorus
|-supereffective|p1a: Landorus
|-damage|p1a: Landorus|0 fnt
|faint|p1a: Landorus
|-damage|p2a: Weavile 2|56/100|[from] item: Life Orb
|
|upkeep
|
|t:|1685874391
|switch|p1a: Rotom|Rotom-Wash, shiny|83/100
|turn|8
|
|t:|1685874407
|switch|p2a: You know who|Landorus-Therian, M|100/100
|-damage|p2a: You know who|88/100|[from] Stealth Rock
|-ability|p2a: You know who|Intimidate|boost
|-unboost|p1a: Rotom|atk|1
|move|p1a: Rotom|Will-O-Wisp|p2a: You know who
|-status|p2a: You know who|brn
|
|-heal|p2a: You know who|94/100 brn|[from] item: Leftovers
|-damage|p2a: You know who|88/100 brn|[from] brn
|upkeep
|turn|9
|
|t:|1685874418
|move|p2a: You know who|Stone Edge|p1a: Rotom|[miss]
|-miss|p2a: You know who|p1a: Rotom
|move|p1a: Rotom|Hydro Pump|p2a: You know who
|-supereffective|p2a: You know who
|-damage|p2a: You know who|0 fnt
|faint|p2a: You know who
|
|upkeep
|
|t:|1685874424
|switch|p2a: Mechanical Marvel|Magearna|100/100
|-damage|p2a: Mechanical Marvel|94/100|[from] Stealth Rock
|turn|10
|
|t:|1685874431
|move|p1a: Rotom|Volt Switch|p2a: Mechanical Marvel
|-damage|p2a: Mechanical Marvel|68/100
|
|t:|1685874441
|switch|p1a: Kingambit|Kingambit, F, shiny|100/100|[from] Volt Switch
|-damage|p1a: Kingambit|94/100|[from] Stealth Rock
|-activate|p1a: Kingambit|ability: Supreme Overlord
|-start|p1a: Kingambit|fallen2|[silent]
|move|p2a: Mechanical Marvel|Fleur Cannon|p1a: Kingambit
|-damage|p1a: Kingambit|23/100
|-unboost|p2a: Mechanical Marvel|spa|2
|
|-heal|p2a: Mechanical Marvel|74/100|[from] item: Leftovers
|-heal|p1a: Kingambit|29/100|[from] item: Leftovers
|upkeep
|turn|11
|
|t:|1685874456
|move|p1a: Kingambit|Sucker Punch|p2a: Mechanical Marvel
|-resisted|p2a: Mechanical Marvel
|-damage|p2a: Mechanical Marvel|54/100
|move|p2a: Mechanical Marvel|Volt Switch|p1a: Kingambit
|-damage|p1a: Kingambit|15/100
|
|t:|1685874464
|switch|p2a: Fuck it we ball|Regidrago|100/100|[from] Volt Switch
|-damage|p2a: Fuck it we ball|88/100|[from] Stealth Rock
|
|-heal|p1a: Kingambit|21/100|[from] item: Leftovers
|upkeep
|turn|12
|
|t:|1685874470
|-end|p1a: Kingambit|fallen2|[silent]
|switch|p1a: Ursaluna|Ursaluna, F|100/100
|-damage|p1a: Ursaluna|94/100|[from] Stealth Rock
|move|p2a: Fuck it we ball|Earth Power|p1a: Ursaluna
|-damage|p1a: Ursaluna|68/100
|
|-status|p1a: Ursaluna|brn|[from] item: Flame Orb
|upkeep
|turn|13
|
|t:|1685874479
|move|p2a: Fuck it we ball|Dragon Energy|p1a: Ursaluna
|-damage|p1a: Ursaluna|0 fnt
|faint|p1a: Ursaluna
|
|upkeep
|
|t:|1685874485
|switch|p1a: Rotom|Rotom-Wash, shiny|83/100
|turn|14
|
|t:|1685874497
|move|p1a: Rotom|Volt Switch|p2a: Fuck it we ball
|-resisted|p2a: Fuck it we ball
|-damage|p2a: Fuck it we ball|71/100
|
|t:|1685874501
|switch|p1a: Kingambit|Kingambit, F, shiny|21/100|[from] Volt Switch
|-damage|p1a: Kingambit|15/100|[from] Stealth Rock
|-activate|p1a: Kingambit|ability: Supreme Overlord
|-start|p1a: Kingambit|fallen3|[silent]
|move|p2a: Fuck it we ball|Dragon Energy|p1a: Kingambit
|-resisted|p1a: Kingambit
|-damage|p1a: Kingambit|0 fnt
|faint|p1a: Kingambit
|-end|p1a: Kingambit|fallen3|[silent]
|
|upkeep
|
|t:|1685874511
|switch|p1a: Urshifu|Urshifu-Rapid-Strike, M|100/100
|turn|15
|
|t:|1685874519
|move|p1a: Urshifu|Close Combat|p2a: Fuck it we ball
|-crit|p2a: Fuck it we ball
|-damage|p2a: Fuck it we ball|0 fnt
|-unboost|p1a: Urshifu|def|1
|-unboost|p1a: Urshifu|spd|1
|faint|p2a: Fuck it we ball
|
|upkeep
|
|t:|1685874525
|switch|p2a: Mechanical Marvel|Magearna|54/100
|-damage|p2a: Mechanical Marvel|48/100|[from] Stealth Rock
|turn|16
|
|t:|1685874530
|move|p1a: Urshifu|Close Combat|p2a: Mechanical Marvel
|-damage|p2a: Mechanical Marvel|0 fnt
|-unboost|p1a: Urshifu|def|1
|-unboost|p1a: Urshifu|spd|1
|faint|p2a: Mechanical Marvel
|
|upkeep
|
|t:|1685874535
|switch|p2a: Mega Salamence|Roaring Moon|100/100
|-damage|p2a: Mega Salamence|88/100|[from] Stealth Rock
|-enditem|p2a: Mega Salamence|Booster Energy
|-activate|p2a: Mega Salamence|ability: Protosynthesis|[fromitem]
|-start|p2a: Mega Salamence|protosynthesisatk
|turn|17
|
|t:|1685874551
|switch|p1a: Rotom|Rotom-Wash, shiny|83/100
|move|p2a: Mega Salamence|Dragon Claw|p1a: Rotom
|-damage|p1a: Rotom|19/100
|
|upkeep
|turn|18
|
|t:|1685874557
|move|p2a: Mega Salamence|Dragon Claw|p1a: Rotom
|-damage|p1a: Rotom|0 fnt
|faint|p1a: Rotom
|
|upkeep
|
|t:|1685874561
|switch|p1a: Urshifu|Urshifu-Rapid-Strike, M|100/100
|turn|19
|
|t:|1685874566
|-terastallize|p1a: Urshifu|Water
|move|p2a: Mega Salamence|Dragon Claw|p1a: Urshifu
|-damage|p1a: Urshifu|40/100
|move|p1a: Urshifu|Surging Strikes|p2a: Mega Salamence
|-resisted|p2a: Mega Salamence
|-crit|p2a: Mega Salamence
|-damage|p2a: Mega Salamence|71/100
|-resisted|p2a: Mega Salamence
|-crit|p2a: Mega Salamence
|-damage|p2a: Mega Salamence|52/100
|-resisted|p2a: Mega Salamence
|-crit|p2a: Mega Salamence
|-damage|p2a: Mega Salamence|32/100
|-hitcount|p2a: Mega Salamence|3
|
|upkeep
|turn|20
|
|t:|1685874578
|move|p1a: Urshifu|Aqua Jet|p2a: Mega Salamence
|-resisted|p2a: Mega Salamence
|-damage|p2a: Mega Salamence|10/100
|move|p2a: Mega Salamence|Dragon Claw|p1a: Urshifu
|-damage|p1a: Urshifu|0 fnt
|faint|p1a: Urshifu
|
|win|Amadamo✔
|raw|1den1's rating: 1110 → 1084(-26 for losing)
|raw|Amadamo✔'s rating: 1098 → 1124(+26 for winning)
|c|☆Amadamo✔|gg
|l|☆1den1
