|j|☆WoChien<3
|j|☆bbdouble
|t:|1685906904
|gametype|singles
|player|p1|WoChien<3|unknown|1492
|player|p2|bbdouble|dawn-gen4pt|1472
|teamsize|p1|6
|teamsize|p2|6
|gen|9
|tier|[Gen 9] OU
|rated|
|rule|Sleep Clause Mod: Limit one foe put to sleep
|rule|Species Clause: Limit one of each Pokémon
|rule|OHKO Clause: OHKO moves are banned
|rule|Evasion Items Clause: Evasion items are banned
|rule|Evasion Moves Clause: Evasion moves are banned
|rule|Endless Battle Clause: Forcing endless battles is banned
|rule|HP Percentage Mod: HP is shown in percentages
|clearpoke
|poke|p1|Decidueye-Hisui, M|
|poke|p1|Garganacl, M|
|poke|p1|Iron Treads|
|poke|p1|Dragapult, M|
|poke|p1|Urshifu-*, M|
|poke|p1|Ceruledge, M|
|poke|p2|Samurott-Hisui, F|
|poke|p2|Landorus-Therian, M|
|poke|p2|Great Tusk|
|poke|p2|Toxapex, M|
|poke|p2|Gholdengo|
|poke|p2|Heatran, M|
|teampreview
|inactive|Battle timer is ON: inactive players will automatically lose when time's up. (requested by WoChien<3)
|c|☆bbdouble|lol
|c|☆bbdouble|oh sorry wrong chat
|c|☆bbdouble|glhf
|c|☆WoChien<3|lol
|c|☆WoChien<3|u2
|
|t:|1685906928
|start
|switch|p1a: Urshifu|Urshifu-Rapid-Strike, M|100/100
|switch|p2a: GOAT Lead??|Samurott-Hisui, F|100/100
|turn|1
|
|t:|1685906935
|move|p1a: Urshifu|U-turn|p2a: GOAT Lead??
|-supereffective|p2a: GOAT Lead??
|-damage|p2a: GOAT Lead??|43/100
|
|t:|1685906940
|switch|p1a: Decidueye|Decidueye-Hisui, M|100/100|[from] U-turn
|move|p2a: GOAT Lead??|Sacred Sword|p1a: Decidueye
|-damage|p1a: Decidueye|56/100
|
|upkeep
|turn|2
|
|t:|1685906948
|move|p2a: GOAT Lead??|Aqua Cutter|p1a: Decidueye
|-resisted|p1a: Decidueye
|-damage|p1a: Decidueye|30/100
|move|p1a: Decidueye|Triple Arrows|p2a: GOAT Lead??
|-supereffective|p2a: GOAT Lead??
|-damage|p2a: GOAT Lead??|0 fnt
|faint|p2a: GOAT Lead??
|
|upkeep
|
|t:|1685906955
|switch|p2a: BACK|Landorus-Therian, M|100/100
|-ability|p2a: BACK|Intimidate|boost
|-fail|p1a: Decidueye|unboost|Attack|[from] ability: Scrappy|[of] p1a: Decidueye
|turn|3
|
|t:|1685906962
|move|p2a: BACK|Stealth Rock|p1a: Decidueye
|-sidestart|p1: WoChien<3|move: Stealth Rock
|move|p1a: Decidueye|Roost|p1a: Decidueye
|-heal|p1a: Decidueye|80/100
|-singleturn|p1a: Decidueye|move: Roost
|
|upkeep
|turn|4
|
|t:|1685906967
|switch|p1a: Urshifu|Urshifu-Rapid-Strike, M|100/100
|-damage|p1a: Urshifu|94/100|[from] Stealth Rock
|move|p2a: BACK|Body Slam|p1a: Urshifu
|-damage|p1a: Urshifu|68/100
|
|upkeep
|turn|5
|
|t:|1685906972
|move|p1a: Urshifu|Surging Strikes|p2a: BACK
|-supereffective|p2a: BACK
|-crit|p2a: BACK
|-damage|p2a: BACK|54/100
|-supereffective|p2a: BACK
|-crit|p2a: BACK
|-damage|p2a: BACK|12/100
|-supereffective|p2a: BACK
|-crit|p2a: BACK
|-damage|p2a: BACK|0 fnt
|faint|p2a: BACK
|-hitcount|p2: BACK|3
|
|upkeep
|-message|bbdouble forfeited.
|
|win|WoChien<3
|raw|WoChien<3's rating: 1492 → 1510(+18 for winning)
|raw|bbdouble's rating: 1452 → 1434(-18 for losing)
|l|☆bbdouble
