|j|☆Green Costume
|j|☆purple pastels
|t:|1685828395
|gametype|singles
|player|p1|Green Costume|pokemaniac|1256
|player|p2|purple pastels|doubleteam|1159
|teamsize|p1|6
|teamsize|p2|6
|gen|9
|tier|[Gen 9] OU
|rated|
|rule|Sleep Clause Mod: Limit one foe put to sleep
|rule|Species Clause: Limit one of each Pokémon
|rule|OHKO Clause: OHKO moves are banned
|rule|Evasion Items Clause: Evasion items are banned
|rule|Evasion Moves Clause: Evasion moves are banned
|rule|Endless Battle Clause: Forcing endless battles is banned
|rule|HP Percentage Mod: HP is shown in percentages
|clearpoke
|poke|p1|Pawmot, M|
|poke|p1|Abomasnow, M|
|poke|p1|Avalugg-Hisui, F|
|poke|p1|Slowking-Galar, F|
|poke|p1|Landorus-Therian, M|
|poke|p1|Magearna|
|poke|p2|Magearna|
|poke|p2|Arboliva, F|
|poke|p2|Garchomp, M|
|poke|p2|Sneasler, M|
|poke|p2|Enamorus, F|
|poke|p2|Lokix, M|
|teampreview
|inactive|Battle timer is ON: inactive players will automatically lose when time's up. (requested by purple pastels)
|c|☆Green Costume|I almost thought that thing was genesect
|c|☆Green Costume|mannn i miss genesect
|c|☆Green Costume|hf
|inactive|Green Costume has 120 seconds left.
|
|t:|1685828431
|start
|switch|p1a: Abomasnow|Abomasnow, M, shiny|100/100
|switch|p2a: Sneasler|Sneasler, M|100/100
|-weather|Snow|[from] ability: Snow Warning|[of] p1a: Abomasnow
|turn|1
|c|☆purple pastels|u2!
|
|t:|1685828442
|switch|p1a: Landorus|Landorus-Therian, M|100/100
|-ability|p1a: Landorus|Intimidate|boost
|-unboost|p2a: Sneasler|atk|1
|move|p2a: Sneasler|Close Combat|p1a: Landorus
|-resisted|p1a: Landorus
|-damage|p1a: Landorus|74/100
|-unboost|p2a: Sneasler|def|1
|-unboost|p2a: Sneasler|spd|1
|
|-weather|Snow|[upkeep]
|upkeep
|turn|2
|
|t:|1685828452
|switch|p2a: Garchomp|Garchomp, M|100/100
|move|p1a: Landorus|Stealth Rock|p2a: Garchomp
|-sidestart|p2: purple pastels|move: Stealth Rock
|
|-weather|Snow|[upkeep]
|upkeep
|turn|3
|
|t:|1685828458
|switch|p1a: Abomasnow|Abomasnow, M, shiny|100/100
|move|p2a: Garchomp|Stealth Rock|p1a: Abomasnow
|-sidestart|p1: Green Costume|move: Stealth Rock
|
|-weather|Snow|[upkeep]
|upkeep
|turn|4
|
|t:|1685828466
|move|p2a: Garchomp|Spikes|p1a: Abomasnow
|-sidestart|p1: Green Costume|Spikes
|move|p1a: Abomasnow|Blizzard|p2a: Garchomp
|-supereffective|p2a: Garchomp
|-damage|p2a: Garchomp|0 fnt
|faint|p2a: Garchomp
|
|-weather|Snow|[upkeep]
|upkeep
|
|t:|1685828482
|switch|p2a: Magearna|Magearna|100/100
|-damage|p2a: Magearna|95/100|[from] Stealth Rock
|turn|5
|
|t:|1685828486
|move|p2a: Magearna|Calm Mind|p2a: Magearna
|-boost|p2a: Magearna|spa|1
|-boost|p2a: Magearna|spd|1
|move|p1a: Abomasnow|Aurora Veil|p1a: Abomasnow
|-sidestart|p1: Green Costume|move: Aurora Veil
|
|-weather|none
|-heal|p2a: Magearna|100/100|[from] item: Leftovers
|upkeep
|turn|6
|
|t:|1685828492
|move|p2a: Magearna|Shift Gear|p2a: Magearna
|-boost|p2a: Magearna|spe|2
|-boost|p2a: Magearna|atk|1
|move|p1a: Abomasnow|Leech Seed|p2a: Magearna
|-start|p2a: Magearna|move: Leech Seed
|
|-damage|p2a: Magearna|88/100|[from] Leech Seed|[of] p1a: Abomasnow
|upkeep
|turn|7
|
|t:|1685828503
|switch|p1a: Avalugg|Avalugg-Hisui, F, shiny|100/100
|-damage|p1a: Avalugg|76/100|[from] Stealth Rock
|-damage|p1a: Avalugg|63/100|[from] Spikes
|move|p2a: Magearna|Calm Mind|p2a: Magearna
|-boost|p2a: Magearna|spa|1
|-boost|p2a: Magearna|spd|1
|
|-heal|p2a: Magearna|94/100|[from] item: Leftovers
|-damage|p2a: Magearna|82/100|[from] Leech Seed|[of] p1a: Avalugg
|-heal|p1a: Avalugg|74/100|[silent]
|upkeep
|turn|8
|
|t:|1685828514
|-terastallize|p2a: Magearna|Fairy
|move|p2a: Magearna|Draining Kiss|p1a: Avalugg
|-damage|p1a: Avalugg|33/100
|-heal|p2a: Magearna|100/100|[from] drain|[of] p1a: Avalugg
|move|p1a: Avalugg|Rapid Spin|p2a: Magearna
|-damage|p2a: Magearna|86/100
|-boost|p1a: Avalugg|spe|1
|-sideend|p1: Green Costume|Spikes|[from] move: Rapid Spin|[of] p1a: Avalugg
|-sideend|p1: Green Costume|Stealth Rock|[from] move: Rapid Spin|[of] p1a: Avalugg
|
|-heal|p2a: Magearna|92/100|[from] item: Leftovers
|-damage|p2a: Magearna|80/100|[from] Leech Seed|[of] p1a: Avalugg
|-heal|p1a: Avalugg|44/100|[silent]
|upkeep
|turn|9
|
|t:|1685828531
|move|p2a: Magearna|Stored Power|p1a: Avalugg
|-damage|p1a: Avalugg|0 fnt
|faint|p1a: Avalugg
|-ability|p2a: Magearna|Soul-Heart|boost
|-boost|p2a: Magearna|spa|1
|
|-heal|p2a: Magearna|86/100|[from] item: Leftovers
|upkeep
|inactive|Green Costume has 120 seconds left.
|
|t:|1685828561
|switch|p1a: Magearna|Magearna|100/100
|turn|10
|
|t:|1685828567
|move|p2a: Magearna|Stored Power|p1a: Magearna
|-resisted|p1a: Magearna
|-damage|p1a: Magearna|60/100
|move|p1a: Magearna|Calm Mind|p1a: Magearna
|-boost|p1a: Magearna|spa|1
|-boost|p1a: Magearna|spd|1
|
|-heal|p2a: Magearna|92/100|[from] item: Leftovers
|-heal|p1a: Magearna|66/100|[from] item: Leftovers
|-damage|p2a: Magearna|79/100|[from] Leech Seed|[of] p1a: Magearna
|-heal|p1a: Magearna|78/100|[silent]
|upkeep
|turn|11
|
|t:|1685828577
|move|p2a: Magearna|Calm Mind|p2a: Magearna
|-boost|p2a: Magearna|spa|1
|-boost|p2a: Magearna|spd|1
|move|p1a: Magearna|Calm Mind|p1a: Magearna
|-boost|p1a: Magearna|spa|1
|-boost|p1a: Magearna|spd|1
|
|-heal|p2a: Magearna|85/100|[from] item: Leftovers
|-heal|p1a: Magearna|84/100|[from] item: Leftovers
|-damage|p2a: Magearna|73/100|[from] Leech Seed|[of] p1a: Magearna
|-heal|p1a: Magearna|96/100|[silent]
|upkeep
|turn|12
|
|t:|1685828586
|move|p2a: Magearna|Stored Power|p1a: Magearna
|-resisted|p1a: Magearna
|-damage|p1a: Magearna|67/100
|move|p1a: Magearna|Calm Mind|p1a: Magearna
|-boost|p1a: Magearna|spa|1
|-boost|p1a: Magearna|spd|1
|
|-heal|p2a: Magearna|79/100|[from] item: Leftovers
|-heal|p1a: Magearna|74/100|[from] item: Leftovers
|-damage|p2a: Magearna|67/100|[from] Leech Seed|[of] p1a: Magearna
|-heal|p1a: Magearna|86/100|[silent]
|-sideend|p1: Green Costume|move: Aurora Veil
|upkeep
|turn|13
|
|t:|1685828599
|move|p2a: Magearna|Stored Power|p1a: Magearna
|-resisted|p1a: Magearna
|-damage|p1a: Magearna|36/100
|move|p1a: Magearna|Calm Mind|p1a: Magearna
|-boost|p1a: Magearna|spa|1
|-boost|p1a: Magearna|spd|1
|
|-heal|p2a: Magearna|73/100|[from] item: Leftovers
|-heal|p1a: Magearna|42/100|[from] item: Leftovers
|-damage|p2a: Magearna|60/100|[from] Leech Seed|[of] p1a: Magearna
|-heal|p1a: Magearna|54/100|[silent]
|upkeep
|turn|14
|
|t:|1685828610
|move|p2a: Magearna|Stored Power|p1a: Magearna
|-resisted|p1a: Magearna
|-damage|p1a: Magearna|14/100
|move|p1a: Magearna|Draining Kiss|p2a: Magearna
|-damage|p2a: Magearna|29/100
|-heal|p1a: Magearna|37/100|[from] drain|[of] p2a: Magearna
|
|-heal|p2a: Magearna|35/100|[from] item: Leftovers
|-heal|p1a: Magearna|43/100|[from] item: Leftovers
|-damage|p2a: Magearna|23/100|[from] Leech Seed|[of] p1a: Magearna
|-heal|p1a: Magearna|55/100|[silent]
|upkeep
|turn|15
|
|t:|1685828629
|move|p2a: Magearna|Stored Power|p1a: Magearna
|-resisted|p1a: Magearna
|-damage|p1a: Magearna|12/100
|move|p1a: Magearna|Draining Kiss|p2a: Magearna
|-damage|p2a: Magearna|0 fnt
|-heal|p1a: Magearna|29/100|[from] drain|[of] p2a: Magearna
|faint|p2a: Magearna
|-ability|p1a: Magearna|Soul-Heart|boost
|-boost|p1a: Magearna|spa|1
|
|-heal|p1a: Magearna|35/100|[from] item: Leftovers
|upkeep
|
|t:|1685828640
|switch|p2a: Sneasler|Sneasler, M|100/100
|-damage|p2a: Sneasler|95/100|[from] Stealth Rock
|turn|16
|
|t:|1685828650
|move|p2a: Sneasler|Dig||[still]
|-prepare|p2a: Sneasler|Dig
|-enditem|p2a: Sneasler|Power Herb
|-anim|p2a: Sneasler|Dig|p1a: Magearna
|-supereffective|p1a: Magearna
|-damage|p1a: Magearna|0 fnt
|faint|p1a: Magearna
|
|upkeep
|c|☆Green Costume|lol nice
|
|t:|1685828665
|switch|p1a: Landorus|Landorus-Therian, M|74/100
|-ability|p1a: Landorus|Intimidate|boost
|-unboost|p2a: Sneasler|atk|1
|turn|17
|
|t:|1685828674
|switch|p2a: Enamorus|Enamorus, F|100/100
|-damage|p2a: Enamorus|76/100|[from] Stealth Rock
|move|p1a: Landorus|U-turn|p2a: Enamorus
|-resisted|p2a: Enamorus
|-damage|p2a: Enamorus|63/100
|
|t:|1685828683
|switch|p1a: Dream Lord|Pawmot, M|100/100|[from] U-turn
|
|upkeep
|turn|18
|c|☆purple pastels|(it's not actually effective
|
|t:|1685828693
|move|p2a: Enamorus|Earth Power|p1a: Dream Lord
|-supereffective|p1a: Dream Lord
|-crit|p1a: Dream Lord
|-enditem|p1a: Dream Lord|Focus Sash
|-damage|p1a: Dream Lord|1/100
|move|p1a: Dream Lord|Revival Blessing|p1a: Dream Lord
|
|t:|1685828699
|-heal|p1: Magearna|50/100|[from] move: Revival Blessing
|
|upkeep
|turn|19
|
|t:|1685828703
|switch|p1a: Landorus|Landorus-Therian, M|74/100
|-ability|p1a: Landorus|Intimidate|boost
|-boost|p2a: Enamorus|atk|1
|move|p2a: Enamorus|Earth Power|p1a: Landorus
|-immune|p1a: Landorus
|
|upkeep
|turn|20
|
|t:|1685828713
|switch|p2a: Arboliva|Arboliva, F|100/100
|-damage|p2a: Arboliva|88/100|[from] Stealth Rock
|move|p1a: Landorus|Stone Edge|p2a: Arboliva
|-damage|p2a: Arboliva|58/100
|-fieldstart|move: Grassy Terrain|[from] ability: Seed Sower|[of] p2a: Arboliva
|
|-heal|p2a: Arboliva|65/100|[from] Grassy Terrain
|upkeep
|turn|21
|
|t:|1685828724
|switch|p1a: Abomasnow|Abomasnow, M, shiny|100/100
|-weather|Snow|[from] ability: Snow Warning|[of] p1a: Abomasnow
|move|p2a: Arboliva|Strength Sap|p1a: Abomasnow
|-unboost|p1a: Abomasnow|atk|1
|-heal|p2a: Arboliva|100/100
|
|-weather|Snow|[upkeep]
|upkeep
|turn|22
|
|t:|1685828747
|move|p1a: Abomasnow|Aurora Veil|p1a: Abomasnow
|-sidestart|p1: Green Costume|move: Aurora Veil
|move|p2a: Arboliva|Reflect|p2a: Arboliva
|-sidestart|p2: purple pastels|Reflect
|
|-weather|Snow|[upkeep]
|upkeep
|turn|23
|
|t:|1685828759
|move|p1a: Abomasnow|Blizzard|p2a: Arboliva
|-supereffective|p2a: Arboliva
|-damage|p2a: Arboliva|34/100
|move|p2a: Arboliva|Encore|p1a: Abomasnow
|-start|p1a: Abomasnow|Encore
|
|-weather|Snow|[upkeep]
|-heal|p2a: Arboliva|40/100|[from] Grassy Terrain
|upkeep
|turn|24
|c|☆Green Costume|lol
|c|☆purple pastels|bc it's weaker than close combat even on heatran and it doesn't necessarily help u much
|
|t:|1685828776
|move|p1a: Abomasnow|Blizzard|p2a: Arboliva
|-supereffective|p2a: Arboliva
|-crit|p2a: Arboliva
|-damage|p2a: Arboliva|0 fnt
|faint|p2a: Arboliva
|
|-weather|Snow|[upkeep]
|upkeep
|inactive|purple pastels has 120 seconds left.
|c|☆Green Costume|where you responding to what I said outloud
|
|t:|1685828800
|switch|p2a: Lokix|Lokix, M|100/100
|-damage|p2a: Lokix|76/100|[from] Stealth Rock
|turn|25
|c|☆Green Costume|.. you psychic?
|c|☆Green Costume|lol
|
|t:|1685828822
|switch|p1a: Landorus|Landorus-Therian, M|74/100
|-ability|p1a: Landorus|Intimidate|boost
|-unboost|p2a: Lokix|atk|1
|move|p2a: Lokix|Leech Life|p1a: Landorus
|-resisted|p1a: Landorus
|-damage|p1a: Landorus|53/100
|-heal|p2a: Lokix|88/100|[from] drain|[of] p1a: Landorus
|-damage|p2a: Lokix|78/100|[from] item: Life Orb
|
|-weather|none
|-heal|p2a: Lokix|84/100|[from] Grassy Terrain
|upkeep
|turn|26
|inactive|purple pastels has 120 seconds left.
|c|☆purple pastels|the set is supposed to be encore substitute strength sap memento to prepare for magearna, but I'm just trying out reflect
|
|t:|1685828856
|move|p1a: Landorus|U-turn|p2a: Lokix
|-supereffective|p2a: Lokix
|-damage|p2a: Lokix|41/100
|
|t:|1685828863
|switch|p1a: Magearna|Magearna|50/100|[from] U-turn
|move|p2a: Lokix|U-turn|p1a: Magearna
|-resisted|p1a: Magearna
|-damage|p1a: Magearna|45/100
|-damage|p2a: Lokix|32/100|[from] item: Life Orb
|
|t:|1685828871
|switch|p2a: Enamorus|Enamorus, F|63/100|[from] U-turn
|-damage|p2a: Enamorus|38/100|[from] Stealth Rock
|
|-heal|p1a: Magearna|51/100|[from] Grassy Terrain
|-heal|p1a: Magearna|58/100|[from] item: Leftovers
|-sideend|p2: purple pastels|Reflect
|upkeep
|turn|27
|
|t:|1685828891
|move|p2a: Enamorus|Superpower|p1a: Magearna
|-damage|p1a: Magearna|46/100
|-boost|p2a: Enamorus|atk|1
|-boost|p2a: Enamorus|def|1
|move|p1a: Magearna|Shift Gear|p1a: Magearna
|-boost|p1a: Magearna|spe|2
|-boost|p1a: Magearna|atk|1
|
|-heal|p1a: Magearna|53/100|[from] Grassy Terrain
|-heal|p1a: Magearna|59/100|[from] item: Leftovers
|-fieldend|move: Grassy Terrain
|upkeep
|turn|28
|inactive|purple pastels has 120 seconds left.
|
|t:|1685828903
|move|p2a: Enamorus|Superpower|p1a: Magearna
|-damage|p1a: Magearna|42/100
|-boost|p2a: Enamorus|atk|1
|-boost|p2a: Enamorus|def|1
|move|p1a: Magearna|Shift Gear|p1a: Magearna
|-boost|p1a: Magearna|spe|2
|-boost|p1a: Magearna|atk|1
|
|-heal|p1a: Magearna|48/100|[from] item: Leftovers
|upkeep
|turn|29
|inactive|Green Costume has 120 seconds left.
|-message|purple pastels forfeited.
|
|win|Green Costume
|raw|Green Costume's rating: 1256 → 1274(+18 for winning)
|raw|purple pastels's rating: 1159 → 1141(-18 for losing)
|c|☆purple pastels|gg
|c|☆purple pastels|cya
|c|☆Green Costume|gg
