|j|☆Torontoian_007
|j|☆tysh1989
|t:|1685924418
|gametype|singles
|player|p1|Torontoian_007|dawn|
|player|p2|tysh1989|gentleman-gen4|
|teamsize|p1|6
|teamsize|p2|6
|gen|9
|tier|[Gen 9] OU
|rule|Sleep Clause Mod: Limit one foe put to sleep
|rule|Species Clause: Limit one of each Pokémon
|rule|OHKO Clause: OHKO moves are banned
|rule|Evasion Items Clause: Evasion items are banned
|rule|Evasion Moves Clause: Evasion moves are banned
|rule|Endless Battle Clause: Forcing endless battles is banned
|rule|HP Percentage Mod: HP is shown in percentages
|clearpoke
|poke|p1|Decidueye-Hisui, F|
|poke|p1|Zarude|
|poke|p1|Amoonguss, M|
|poke|p1|Great Tusk|
|poke|p1|Clodsire, M|
|poke|p1|Greninja, F|
|poke|p2|Zoroark-Hisui, M|
|poke|p2|Tinkaton, F|
|poke|p2|Volcanion|
|poke|p2|Slither Wing|
|poke|p2|Meowscarada, F|
|poke|p2|Articuno-Galar|
|teampreview
|
|t:|1685924444
|start
|switch|p1a: Manny|Great Tusk|100/100
|switch|p2a: Articuno|Articuno-Galar, shiny|100/100
|turn|1
|
|t:|1685924452
|move|p2a: Articuno|Air Slash|p1a: Manny
|-supereffective|p1a: Manny
|-enditem|p1a: Manny|Focus Sash
|-damage|p1a: Manny|1/100
|move|p1a: Manny|Stealth Rock|p2a: Articuno
|-sidestart|p2: tysh1989|move: Stealth Rock
|
|upkeep
|turn|2
|
|t:|1685924464
|-end|p1a: Manny|Protosynthesis|[silent]
|switch|p1a: froge!!!|Greninja, F|100/100
|move|p2a: Articuno|Air Slash|p1a: froge!!!
|-damage|p1a: froge!!!|39/100
|
|upkeep
|turn|3
|
|t:|1685924472
|-terastallize|p2a: Articuno|Fairy
|move|p1a: froge!!!|Ice Beam|p2a: Articuno
|-start|p1a: froge!!!|typechange|Ice|[from] ability: Protean
|-damage|p2a: Articuno|59/100
|move|p2a: Articuno|Air Slash|p1a: froge!!!
|-damage|p1a: froge!!!|0 fnt
|faint|p1a: froge!!!
|
|upkeep
|
|t:|1685924496
|switch|p1a: Amoonguss|Amoonguss, M|100/100
|turn|4
|
|t:|1685924512
|move|p2a: Articuno|Freezing Glare|p1a: Amoonguss
|-supereffective|p1a: Amoonguss
|-damage|p1a: Amoonguss|42/100
|move|p1a: Amoonguss|Sludge Bomb|p2a: Articuno
|-supereffective|p2a: Articuno
|-damage|p2a: Articuno|0 fnt
|faint|p2a: Articuno
|
|-heal|p1a: Amoonguss|48/100|[from] item: Black Sludge
|upkeep
|
|t:|1685924525
|switch|p2a: Volcanion|Volcanion|100/100
|-damage|p2a: Volcanion|76/100|[from] Stealth Rock
|turn|5
|
|t:|1685924548
|switch|p1a: finley|Clodsire, M|100/100
|move|p2a: Volcanion|Fire Blast|p1a: finley
|-damage|p1a: finley|69/100
|
|-heal|p1a: finley|75/100|[from] item: Leftovers
|upkeep
|turn|6
|
|t:|1685924565
|move|p2a: Volcanion|Earth Power|p1a: finley
|-supereffective|p1a: finley
|-damage|p1a: finley|41/100
|move|p1a: finley|Earthquake|p2a: Volcanion
|-supereffective|p2a: Volcanion
|-damage|p2a: Volcanion|25/100
|
|-heal|p1a: finley|47/100|[from] item: Leftovers
|upkeep
|turn|7
|
|t:|1685924582
|move|p2a: Volcanion|Steam Eruption|p1a: finley
|-supereffective|p1a: finley
|-damage|p1a: finley|0 fnt
|faint|p1a: finley
|
|upkeep
|c|☆tysh1989|I really played a gamble on whether that was water absorb or unaware
|
|t:|1685924596
|switch|p1a: zarude sandstorm|Zarude|100/100
|turn|8
|
|t:|1685924604
|-terastallize|p1a: zarude sandstorm|Dark
|move|p1a: zarude sandstorm|Crunch|p2a: Volcanion
|-damage|p2a: Volcanion|0 fnt
|faint|p2a: Volcanion
|
|upkeep
|
|t:|1685924613
|switch|p2a: Meowscarada|Meowscarada, F, shiny|100/100
|-damage|p2a: Meowscarada|88/100|[from] Stealth Rock
|turn|9
|
|t:|1685924618
|move|p1a: zarude sandstorm|Crunch|p2a: Meowscarada
|-resisted|p2a: Meowscarada
|-damage|p2a: Meowscarada|45/100
|-unboost|p2a: Meowscarada|def|1
|move|p2a: Meowscarada|U-turn|p1a: zarude sandstorm
|-supereffective|p1a: zarude sandstorm
|-crit|p1a: zarude sandstorm
|-damage|p1a: zarude sandstorm|43/100
|
|t:|1685924625
|switch|p2a: Slither Wing|Slither Wing, shiny|100/100|[from] U-turn
|-enditem|p2a: Slither Wing|Booster Energy
|-activate|p2a: Slither Wing|ability: Protosynthesis|[fromitem]
|-start|p2a: Slither Wing|protosynthesisspe
|-damage|p2a: Slither Wing|88/100|[from] Stealth Rock
|
|upkeep
|turn|10
|
|t:|1685924636
|switch|p1a: cool bird|Decidueye-Hisui, F, shiny|100/100
|move|p2a: Slither Wing|Bulk Up|p2a: Slither Wing
|-boost|p2a: Slither Wing|atk|1
|-boost|p2a: Slither Wing|def|1
|
|upkeep
|turn|11
|
|t:|1685924666
|move|p2a: Slither Wing|Bulk Up|p2a: Slither Wing
|-boost|p2a: Slither Wing|atk|1
|-boost|p2a: Slither Wing|def|1
|move|p1a: cool bird|Triple Arrows|p2a: Slither Wing
|-resisted|p2a: Slither Wing
|-damage|p2a: Slither Wing|70/100
|-damage|p1a: cool bird|90/100|[from] item: Life Orb
|
|upkeep
|turn|12
|
|t:|1685924676
|switch|p1a: Amoonguss|Amoonguss, M|82/100
|move|p2a: Slither Wing|Leech Life|p1a: Amoonguss
|-damage|p1a: Amoonguss|14/100
|-heal|p2a: Slither Wing|100/100|[from] drain|[of] p1a: Amoonguss
|
|-heal|p1a: Amoonguss|20/100|[from] item: Black Sludge
|upkeep
|turn|13
|
|t:|1685924683
|move|p2a: Slither Wing|Leech Life|p1a: Amoonguss
|-damage|p1a: Amoonguss|0 fnt
|faint|p1a: Amoonguss
|
|upkeep
|
|t:|1685924686
|switch|p1a: cool bird|Decidueye-Hisui, F, shiny|90/100
|turn|14
|c|☆tysh1989|I coming for that soul
|
|t:|1685924690
|switch|p1a: Manny|Great Tusk|1/100
|move|p2a: Slither Wing|Leech Life|p1a: Manny
|-resisted|p1a: Manny
|-damage|p1a: Manny|0 fnt
|faint|p1a: Manny
|-end|p1a: Manny|Protosynthesis|[silent]
|
|upkeep
|
|t:|1685924697
|switch|p1a: cool bird|Decidueye-Hisui, F, shiny|90/100
|turn|15
|
|t:|1685924701
|move|p2a: Slither Wing|Leech Life|p1a: cool bird
|-damage|p1a: cool bird|24/100
|move|p1a: cool bird|Leaf Blade|p2a: Slither Wing
|-resisted|p2a: Slither Wing
|-damage|p2a: Slither Wing|82/100
|-damage|p1a: cool bird|14/100|[from] item: Life Orb
|
|upkeep
|turn|16
|
|t:|1685924738
|move|p1a: cool bird|Sucker Punch|p2a: Slither Wing
|-resisted|p2a: Slither Wing
|-damage|p2a: Slither Wing|73/100
|-damage|p1a: cool bird|4/100|[from] item: Life Orb
|move|p2a: Slither Wing|Leech Life|p1a: cool bird
|-damage|p1a: cool bird|0 fnt
|-heal|p2a: Slither Wing|75/100|[from] drain|[of] p1a: cool bird
|faint|p1a: cool bird
|
|upkeep
|
|t:|1685924741
|switch|p1a: zarude sandstorm|Zarude, tera:Dark|43/100
|turn|17
|
|t:|1685924749
|move|p1a: zarude sandstorm|Power Whip|p2a: Slither Wing
|-resisted|p2a: Slither Wing
|-damage|p2a: Slither Wing|58/100
|move|p2a: Slither Wing|Leech Life|p1a: zarude sandstorm
|-supereffective|p1a: zarude sandstorm
|-damage|p1a: zarude sandstorm|0 fnt
|-heal|p2a: Slither Wing|79/100|[from] drain|[of] p1a: zarude sandstorm
|faint|p1a: zarude sandstorm
|
|win|tysh1989
|c|☆tysh1989|gg
|c|☆Torontoian_007|gg
