|j|☆bobbiswas
|j|☆bloccboi3200
|t:|1685856777
|gametype|singles
|player|p1|bobbiswas|101|1482
|player|p2|bloccboi3200|psychic|1551
|teamsize|p1|6
|teamsize|p2|6
|gen|9
|tier|[Gen 9] OU
|rated|
|rule|Sleep Clause Mod: Limit one foe put to sleep
|rule|Species Clause: Limit one of each Pokémon
|rule|OHKO Clause: OHKO moves are banned
|rule|Evasion Items Clause: Evasion items are banned
|rule|Evasion Moves Clause: Evasion moves are banned
|rule|Endless Battle Clause: Forcing endless battles is banned
|rule|HP Percentage Mod: HP is shown in percentages
|clearpoke
|poke|p1|Sneasler, M|
|poke|p1|Magearna|
|poke|p1|Dragapult, M|
|poke|p1|Zamazenta-*|
|poke|p1|Volcarona, M|
|poke|p1|Ursaluna, M|
|poke|p2|Zapdos|
|poke|p2|Volcarona, F|
|poke|p2|Urshifu-*, F|
|poke|p2|Ceruledge, M|
|poke|p2|Slowking-Galar, F|
|poke|p2|Cinderace, M|
|teampreview
|inactive|Battle timer is ON: inactive players will automatically lose when time's up. (requested by bloccboi3200)
|inactive|bobbiswas also wants the timer to be on.
|
|t:|1685856805
|start
|switch|p1a: Dragapult|Dragapult, M|100/100
|switch|p2a: Slowking|Slowking-Galar, F|100/100
|turn|1
|
|t:|1685856810
|move|p1a: Dragapult|Light Screen|p1a: Dragapult
|-sidestart|p1: bobbiswas|move: Light Screen
|move|p2a: Slowking|Future Sight|p1a: Dragapult
|-start|p2a: Slowking|move: Future Sight
|
|upkeep
|turn|2
|
|t:|1685856825
|switch|p2a: Ceruledge|Ceruledge, M|100/100
|move|p1a: Dragapult|Reflect|p1a: Dragapult
|-sidestart|p1: bobbiswas|Reflect
|
|upkeep
|turn|3
|
|t:|1685856834
|switch|p1a: Ursaluna|Ursaluna, M|100/100
|move|p2a: Ceruledge|Bulk Up|p2a: Ceruledge
|-boost|p2a: Ceruledge|atk|1
|-boost|p2a: Ceruledge|def|1
|
|-end|p1a: Ursaluna|move: Future Sight
|-damage|p1a: Ursaluna|70/100
|-status|p1a: Ursaluna|brn|[from] item: Flame Orb
|upkeep
|turn|4
|
|t:|1685856850
|-terastallize|p2a: Ceruledge|Bug
|move|p2a: Ceruledge|Bulk Up|p2a: Ceruledge
|-boost|p2a: Ceruledge|atk|1
|-boost|p2a: Ceruledge|def|1
|move|p1a: Ursaluna|Earthquake|p2a: Ceruledge
|-resisted|p2a: Ceruledge
|-damage|p2a: Ceruledge|73/100
|
|-damage|p1a: Ursaluna|64/100 brn|[from] brn
|upkeep
|turn|5
|
|t:|1685856858
|move|p2a: Ceruledge|Bitter Blade|p1a: Ursaluna
|-damage|p1a: Ursaluna|33/100 brn
|-heal|p2a: Ceruledge|92/100|[from] drain|[of] p1a: Ursaluna
|move|p1a: Ursaluna|Facade|p2a: Ceruledge
|-damage|p2a: Ceruledge|16/100
|
|-damage|p1a: Ursaluna|27/100 brn|[from] brn
|upkeep
|turn|6
|
|t:|1685856867
|move|p2a: Ceruledge|Bitter Blade|p1a: Ursaluna
|-damage|p1a: Ursaluna|0 fnt
|-heal|p2a: Ceruledge|32/100|[from] drain|[of] p1a: Ursaluna
|faint|p1a: Ursaluna
|
|upkeep
|
|t:|1685856887
|switch|p1a: Volcarona|Volcarona, M|100/100
|turn|7
|
|t:|1685856890
|move|p1a: Volcarona|Flamethrower|p2a: Ceruledge
|-start|p2a: Ceruledge|ability: Flash Fire
|move|p2a: Ceruledge|Bitter Blade|p1a: Volcarona
|-damage|p1a: Volcarona|4/100
|-heal|p2a: Ceruledge|74/100|[from] drain|[of] p1a: Volcarona
|
|upkeep
|turn|8
|-message|bobbiswas forfeited.
|
|win|bloccboi3200
|raw|bobbiswas's rating: 1482 → 1466(-16 for losing)
|raw|bloccboi3200's rating: 1551 → 1567(+16 for winning)
