|j|‽The King of PS
|j|☆outu yuhh
|t:|1685845688
|gametype|singles
|player|p1|The King of PS|266|1721
|player|p2|outu yuhh|steven-masters2|1800
|teamsize|p1|6
|teamsize|p2|6
|gen|9
|tier|[Gen 9] OU
|rated|
|rule|Sleep Clause Mod: Limit one foe put to sleep
|rule|Species Clause: Limit one of each Pokémon
|rule|OHKO Clause: OHKO moves are banned
|rule|Evasion Items Clause: Evasion items are banned
|rule|Evasion Moves Clause: Evasion moves are banned
|rule|Endless Battle Clause: Forcing endless battles is banned
|rule|HP Percentage Mod: HP is shown in percentages
|clearpoke
|poke|p1|Magearna|
|poke|p1|Dragonite, F|
|poke|p1|Great Tusk|
|poke|p1|Ceruledge, F|
|poke|p1|Iron Moth|
|poke|p1|Kingambit, M|
|poke|p2|Zapdos-Galar|
|poke|p2|Baxcalibur, M|
|poke|p2|Ting-Lu|
|poke|p2|Gholdengo|
|poke|p2|Volcanion|
|poke|p2|Enamorus-Therian, F|
|teampreview
|inactive|Battle timer is ON: inactive players will automatically lose when time's up. (requested by The King of PS)
|
|t:|1685845734
|start
|switch|p1a: Great Tusk|Great Tusk|100/100
|switch|p2a: Ting-Lu|Ting-Lu|100/100
|-ability|p2a: Ting-Lu|Vessel of Ruin
|turn|1
|
|t:|1685845743
|move|p1a: Great Tusk|Knock Off|p2a: Ting-Lu
|-resisted|p2a: Ting-Lu
|-damage|p2a: Ting-Lu|92/100
|-enditem|p2a: Ting-Lu|Leftovers|[from] move: Knock Off|[of] p1a: Great Tusk
|move|p2a: Ting-Lu|Spikes|p1a: Great Tusk
|-sidestart|p1: The King of PS|Spikes
|
|upkeep
|turn|2
|
|t:|1685845749
|switch|p2a: Gholdengo|Gholdengo|100/100
|-item|p2a: Gholdengo|Air Balloon
|move|p1a: Great Tusk|Close Combat|p2a: Gholdengo
|-immune|p2a: Gholdengo
|
|upkeep
|turn|3
|
|t:|1685845752
|move|p1a: Great Tusk|Knock Off|p2a: Gholdengo
|-supereffective|p2a: Gholdengo
|-damage|p2a: Gholdengo|35/100
|-enditem|p2a: Gholdengo|Air Balloon
|move|p2a: Gholdengo|Shadow Ball|p1a: Great Tusk
|-damage|p1a: Great Tusk|42/100
|
|upkeep
|turn|4
|
|t:|1685845764
|move|p1a: Great Tusk|Rapid Spin|p2a: Gholdengo
|-immune|p2a: Gholdengo
|move|p2a: Gholdengo|Shadow Ball|p1a: Great Tusk
|-damage|p1a: Great Tusk|0 fnt
|faint|p1a: Great Tusk
|-end|p1a: Great Tusk|Protosynthesis|[silent]
|
|upkeep
|j| Tamashii Komete
|
|t:|1685845770
|switch|p1a: Iron Moth|Iron Moth|100/100
|-damage|p1a: Iron Moth|88/100|[from] Spikes
|-enditem|p1a: Iron Moth|Booster Energy
|-activate|p1a: Iron Moth|ability: Quark Drive|[fromitem]
|-start|p1a: Iron Moth|quarkdrivespe
|turn|5
|
|t:|1685845775
|move|p1a: Iron Moth|Fiery Dance|p2a: Gholdengo
|-supereffective|p2a: Gholdengo
|-damage|p2a: Gholdengo|0 fnt
|faint|p2a: Gholdengo
|
|upkeep
|
|t:|1685845778
|switch|p2a: Volcanion|Volcanion|100/100
|turn|6
|j| amane_0852
|
|t:|1685845782
|move|p1a: Iron Moth|Sludge Wave|p2a: Volcanion
|-damage|p2a: Volcanion|53/100
|move|p2a: Volcanion|Steam Eruption|p1a: Iron Moth
|-supereffective|p1a: Iron Moth
|-damage|p1a: Iron Moth|0 fnt
|faint|p1a: Iron Moth
|-end|p1a: Iron Moth|Quark Drive|[silent]
|
|upkeep
|
|t:|1685845790
|switch|p1a: Dragonite|Dragonite, F|100/100
|turn|7
|
|t:|1685845794
|switch|p2a: Ting-Lu|Ting-Lu|92/100
|-ability|p2a: Ting-Lu|Vessel of Ruin
|move|p1a: Dragonite|Dragon Dance|p1a: Dragonite
|-boost|p1a: Dragonite|atk|1
|-boost|p1a: Dragonite|spe|1
|
|upkeep
|turn|8
|
|t:|1685845799
|move|p1a: Dragonite|Earthquake|p2a: Ting-Lu
|-damage|p2a: Ting-Lu|61/100
|move|p2a: Ting-Lu|Whirlwind|p1a: Dragonite
|drag|p1a: Kingambit|Kingambit, M|100/100
|-damage|p1a: Kingambit|88/100|[from] Spikes
|-activate|p1a: Kingambit|ability: Supreme Overlord
|-start|p1a: Kingambit|fallen2|[silent]
|
|-heal|p1a: Kingambit|94/100|[from] item: Leftovers
|upkeep
|turn|9
|
|t:|1685845810
|move|p1a: Kingambit|Iron Head|p2a: Ting-Lu
|-damage|p2a: Ting-Lu|33/100
|move|p2a: Ting-Lu|Stealth Rock|p1a: Kingambit
|-sidestart|p1: The King of PS|move: Stealth Rock
|
|-heal|p1a: Kingambit|100/100|[from] item: Leftovers
|upkeep
|turn|10
|
|t:|1685845819
|move|p1a: Kingambit|Iron Head|p2a: Ting-Lu
|-crit|p2a: Ting-Lu
|-damage|p2a: Ting-Lu|0 fnt
|faint|p2a: Ting-Lu
|
|upkeep
|
|t:|1685845825
|switch|p2a: Zapdos|Zapdos-Galar|100/100
|turn|11
|
|t:|1685845828
|move|p2a: Zapdos|Close Combat|p1a: Kingambit
|-supereffective|p1a: Kingambit
|-damage|p1a: Kingambit|0 fnt
|-unboost|p2a: Zapdos|def|1
|-unboost|p2a: Zapdos|spd|1
|faint|p1a: Kingambit
|-end|p1a: Kingambit|fallen2|[silent]
|
|upkeep
|
|t:|1685845836
|switch|p1a: Ceruledge|Ceruledge, F|100/100
|-damage|p1a: Ceruledge|88/100|[from] Spikes
|-damage|p1a: Ceruledge|63/100|[from] Stealth Rock
|turn|12
|
|t:|1685845844
|switch|p2a: Volcanion|Volcanion|53/100
|move|p1a: Ceruledge|Swords Dance|p1a: Ceruledge
|-boost|p1a: Ceruledge|atk|2
|
|upkeep
|turn|13
|
|t:|1685845848
|move|p1a: Ceruledge|Close Combat|p2a: Volcanion
|-damage|p2a: Volcanion|0 fnt
|-unboost|p1a: Ceruledge|def|1
|-unboost|p1a: Ceruledge|spd|1
|faint|p2a: Volcanion
|
|upkeep
|
|t:|1685845852
|switch|p2a: Zapdos|Zapdos-Galar|100/100
|turn|14
|
|t:|1685845856
|move|p2a: Zapdos|Brave Bird|p1a: Ceruledge
|-damage|p1a: Ceruledge|0 fnt
|faint|p1a: Ceruledge
|-damage|p2a: Zapdos|82/100|[from] Recoil
|
|upkeep
|
|t:|1685845859
|switch|p1a: Magearna|Magearna|100/100
|-damage|p1a: Magearna|88/100|[from] Spikes
|-damage|p1a: Magearna|82/100|[from] Stealth Rock
|turn|15
|
|t:|1685845864
|switch|p2a: Enamorus|Enamorus-Therian, F|100/100
|move|p1a: Magearna|Shift Gear|p1a: Magearna
|-boost|p1a: Magearna|spe|2
|-boost|p1a: Magearna|atk|1
|
|-heal|p1a: Magearna|88/100|[from] item: Leftovers
|upkeep
|turn|16
|
|t:|1685845872
|-terastallize|p2a: Enamorus|Steel
|move|p1a: Magearna|Calm Mind|p1a: Magearna
|-boost|p1a: Magearna|spa|1
|-boost|p1a: Magearna|spd|1
|move|p2a: Enamorus|Calm Mind|p2a: Enamorus
|-boost|p2a: Enamorus|spa|1
|-boost|p2a: Enamorus|spd|1
|
|-heal|p1a: Magearna|94/100|[from] item: Leftovers
|upkeep
|turn|17
|
|t:|1685845879
|move|p1a: Magearna|Calm Mind|p1a: Magearna
|-boost|p1a: Magearna|spa|1
|-boost|p1a: Magearna|spd|1
|move|p2a: Enamorus|Calm Mind|p2a: Enamorus
|-boost|p2a: Enamorus|spa|1
|-boost|p2a: Enamorus|spd|1
|
|-heal|p1a: Magearna|99/100|[from] item: Leftovers
|upkeep
|turn|18
|
|t:|1685845884
|move|p1a: Magearna|Calm Mind|p1a: Magearna
|-boost|p1a: Magearna|spa|1
|-boost|p1a: Magearna|spd|1
|move|p2a: Enamorus|Earth Power|p1a: Magearna
|-supereffective|p1a: Magearna
|-damage|p1a: Magearna|56/100
|
|-heal|p1a: Magearna|62/100|[from] item: Leftovers
|upkeep
|turn|19
|
|t:|1685845891
|move|p1a: Magearna|Stored Power|p2a: Enamorus
|-resisted|p2a: Enamorus
|-damage|p2a: Enamorus|58/100
|move|p2a: Enamorus|Earth Power|p1a: Magearna
|-supereffective|p1a: Magearna
|-damage|p1a: Magearna|17/100
|
|-heal|p1a: Magearna|23/100|[from] item: Leftovers
|-heal|p2a: Enamorus|64/100|[from] item: Leftovers
|upkeep
|turn|20
|
|t:|1685845900
|-terastallize|p1a: Magearna|Dragon
|move|p1a: Magearna|Stored Power|p2a: Enamorus
|-resisted|p2a: Enamorus
|-damage|p2a: Enamorus|20/100
|move|p2a: Enamorus|Earth Power|p1a: Magearna
|-damage|p1a: Magearna|3/100
|
|-heal|p1a: Magearna|9/100|[from] item: Leftovers
|-heal|p2a: Enamorus|26/100|[from] item: Leftovers
|upkeep
|turn|21
|
|t:|1685845910
|move|p1a: Magearna|Stored Power|p2a: Enamorus
|-resisted|p2a: Enamorus
|-damage|p2a: Enamorus|0 fnt
|faint|p2a: Enamorus
|-ability|p1a: Magearna|Soul-Heart|boost
|-boost|p1a: Magearna|spa|1
|
|-heal|p1a: Magearna|15/100|[from] item: Leftovers
|upkeep
|
|t:|1685845911
|switch|p2a: Baxcalibur|Baxcalibur, M|100/100
|turn|22
|
|t:|1685845915
|move|p2a: Baxcalibur|Ice Shard|p1a: Magearna
|-supereffective|p1a: Magearna
|-damage|p1a: Magearna|0 fnt
|faint|p1a: Magearna
|
|upkeep
|
|t:|1685845919
|switch|p1a: Dragonite|Dragonite, F|100/100
|turn|23
|
|t:|1685845922
|move|p2a: Baxcalibur|Ice Shard|p1a: Dragonite
|-supereffective|p1a: Dragonite
|-damage|p1a: Dragonite|54/100
|move|p1a: Dragonite|Dragon Dance|p1a: Dragonite
|-boost|p1a: Dragonite|atk|1
|-boost|p1a: Dragonite|spe|1
|
|upkeep
|turn|24
|l| Tamashii Komete
|c|☆outu yuhh|gg
|
|t:|1685845926
|move|p1a: Dragonite|Extreme Speed|p2a: Baxcalibur
|-damage|p2a: Baxcalibur|54/100
|move|p2a: Baxcalibur|Ice Shard|p1a: Dragonite
|-supereffective|p1a: Dragonite
|-damage|p1a: Dragonite|0 fnt
|faint|p1a: Dragonite
|
|win|outu yuhh
|raw|The King of PS's rating: 1721 → 1705(-16 for losing)
|raw|outu yuhh's rating: 1800 → 1816(+16 for winning)
|l|‽The King of PS
|l| amane_0852
|j| way hubris
|l| way hubris
|l|☆outu yuhh
|j| Tamashii Komete
