|j|☆Lattazel
|j|☆flatterbreb
|t:|1685919704
|gametype|singles
|player|p1|Lattazel|blaine|1132
|player|p2|flatterbreb|iono|1094
|teamsize|p1|6
|teamsize|p2|6
|gen|9
|tier|[Gen 9] OU
|rated|
|rule|Sleep Clause Mod: Limit one foe put to sleep
|rule|Species Clause: Limit one of each Pokémon
|rule|OHKO Clause: OHKO moves are banned
|rule|Evasion Items Clause: Evasion items are banned
|rule|Evasion Moves Clause: Evasion moves are banned
|rule|Endless Battle Clause: Forcing endless battles is banned
|rule|HP Percentage Mod: HP is shown in percentages
|clearpoke
|poke|p1|Dragapult, F|
|poke|p1|Cresselia, F|
|poke|p1|Landorus-Therian, M|
|poke|p1|Iron Moth|
|poke|p1|Iron Hands|
|poke|p1|Grimmsnarl, M|
|poke|p2|Gholdengo|
|poke|p2|Ursaluna, M|
|poke|p2|Goodra-Hisui, M|
|poke|p2|Clodsire, F|
|poke|p2|Quagsire, M|
|poke|p2|Decidueye, M|
|teampreview
|
|t:|1685919714
|start
|switch|p1a: Perro|Landorus-Therian, M|100/100
|switch|p2a: QUAGGGGG|Quagsire, M, shiny|100/100
|-ability|p1a: Perro|Intimidate|boost
|-unboost|p2a: QUAGGGGG|atk|1
|turn|1
|
|t:|1685919723
|move|p1a: Perro|U-turn|p2a: QUAGGGGG
|-damage|p2a: QUAGGGGG|82/100
|
|t:|1685919757
|switch|p1a: Cresselia|Cresselia, F|100/100|[from] U-turn
|move|p2a: QUAGGGGG|Ice Punch|p1a: Cresselia
|-damage|p1a: Cresselia|95/100
|
|-heal|p1a: Cresselia|100/100|[from] item: Leftovers
|-heal|p2a: QUAGGGGG|89/100|[from] item: Leftovers
|upkeep
|turn|2
|
|t:|1685919769
|move|p1a: Cresselia|Calm Mind|p1a: Cresselia
|-boost|p1a: Cresselia|spa|1
|-boost|p1a: Cresselia|spd|1
|move|p2a: QUAGGGGG|Stealth Rock|p1a: Cresselia
|-sidestart|p1: Lattazel|move: Stealth Rock
|
|-heal|p2a: QUAGGGGG|95/100|[from] item: Leftovers
|upkeep
|turn|3
|
|t:|1685919779
|move|p1a: Cresselia|Calm Mind|p1a: Cresselia
|-boost|p1a: Cresselia|spa|1
|-boost|p1a: Cresselia|spd|1
|move|p2a: QUAGGGGG|Ice Punch|p1a: Cresselia
|-damage|p1a: Cresselia|94/100
|
|-heal|p1a: Cresselia|100/100|[from] item: Leftovers
|-heal|p2a: QUAGGGGG|100/100|[from] item: Leftovers
|upkeep
|turn|4
|
|t:|1685919792
|switch|p2a: JustARegularGoodra|Goodra-Hisui, M|100/100
|move|p1a: Cresselia|Calm Mind|p1a: Cresselia
|-boost|p1a: Cresselia|spa|1
|-boost|p1a: Cresselia|spd|1
|
|upkeep
|turn|5
|
|t:|1685919801
|move|p1a: Cresselia|Ice Beam|p2a: JustARegularGoodra
|-damage|p2a: JustARegularGoodra|75/100
|move|p2a: JustARegularGoodra|Curse|p2a: JustARegularGoodra
|-unboost|p2a: JustARegularGoodra|spe|1
|-boost|p2a: JustARegularGoodra|atk|1
|-boost|p2a: JustARegularGoodra|def|1
|
|-heal|p2a: JustARegularGoodra|81/100|[from] item: Leftovers
|upkeep
|turn|6
|
|t:|1685919813
|move|p1a: Cresselia|Calm Mind|p1a: Cresselia
|-boost|p1a: Cresselia|spa|1
|-boost|p1a: Cresselia|spd|1
|move|p2a: JustARegularGoodra|Iron Head|p1a: Cresselia
|-damage|p1a: Cresselia|70/100
|
|-heal|p1a: Cresselia|76/100|[from] item: Leftovers
|-heal|p2a: JustARegularGoodra|87/100|[from] item: Leftovers
|upkeep
|turn|7
|
|t:|1685919824
|move|p1a: Cresselia|Calm Mind|p1a: Cresselia
|-boost|p1a: Cresselia|spa|1
|-boost|p1a: Cresselia|spd|1
|move|p2a: JustARegularGoodra|Dragon Tail|p1a: Cresselia
|-damage|p1a: Cresselia|55/100
|drag|p1a: Perro|Landorus-Therian, M|100/100
|-damage|p1a: Perro|88/100|[from] Stealth Rock
|-ability|p1a: Perro|Intimidate|boost
|-unboost|p2a: JustARegularGoodra|atk|1
|
|-heal|p2a: JustARegularGoodra|93/100|[from] item: Leftovers
|upkeep
|turn|8
|
|t:|1685919840
|switch|p2a: Gholdenjoe|Gholdengo|100/100
|-item|p2a: Gholdenjoe|Air Balloon
|move|p1a: Perro|Earthquake|p2a: Gholdenjoe
|-immune|p2a: Gholdenjoe
|
|upkeep
|turn|9
|
|t:|1685919857
|switch|p1a: Grimmsnarl|Grimmsnarl, M|100/100
|-damage|p1a: Grimmsnarl|88/100|[from] Stealth Rock
|switch|p2a: QUAGGGGG|Quagsire, M, shiny|100/100
|
|upkeep
|turn|10
|
|t:|1685919867
|move|p1a: Grimmsnarl|Reflect|p1a: Grimmsnarl
|-sidestart|p1: Lattazel|Reflect
|move|p2a: QUAGGGGG|Ice Punch|p1a: Grimmsnarl
|-damage|p1a: Grimmsnarl|81/100
|
|upkeep
|turn|11
|
|t:|1685919874
|move|p1a: Grimmsnarl|Light Screen|p1a: Grimmsnarl
|-sidestart|p1: Lattazel|move: Light Screen
|move|p2a: QUAGGGGG|Body Press|p1a: Grimmsnarl
|-damage|p1a: Grimmsnarl|70/100
|
|upkeep
|turn|12
|
|t:|1685919882
|switch|p2a: JustARegularGoodra|Goodra-Hisui, M|93/100
|move|p1a: Grimmsnarl|Parting Shot|p2a: JustARegularGoodra
|-unboost|p2a: JustARegularGoodra|atk|1
|-unboost|p2a: JustARegularGoodra|spa|1
|
|t:|1685919892
|switch|p1a: Gordo tetón|Iron Hands|100/100|[from] Parting Shot
|-damage|p1a: Gordo tetón|94/100|[from] Stealth Rock
|
|-heal|p2a: JustARegularGoodra|99/100|[from] item: Leftovers
|upkeep
|turn|13
|
|t:|1685919912
|switch|p2a: BIRD UP|Decidueye, M|100/100
|move|p1a: Gordo tetón|Play Rough|p2a: BIRD UP
|-damage|p2a: BIRD UP|57/100
|
|upkeep
|turn|14
|
|t:|1685919921
|move|p2a: BIRD UP|Defog|p1a: Gordo tetón
|-unboost|p1a: Gordo tetón|evasion|1
|-sideend|p1: Lattazel|Reflect
|-sideend|p1: Lattazel|move: Light Screen
|-sideend|p1: Lattazel|Stealth Rock|[from] move: Defog|[of] p2a: BIRD UP
|move|p1a: Gordo tetón|Play Rough|p2a: BIRD UP
|-damage|p2a: BIRD UP|14/100
|
|upkeep
|turn|15
|
|t:|1685919935
|move|p2a: BIRD UP|Leaf Storm|p1a: Gordo tetón
|-damage|p1a: Gordo tetón|66/100
|-unboost|p2a: BIRD UP|spa|2
|move|p1a: Gordo tetón|Wild Charge|p2a: BIRD UP
|-resisted|p2a: BIRD UP
|-damage|p2a: BIRD UP|0 fnt
|faint|p2a: BIRD UP
|-damage|p1a: Gordo tetón|63/100|[from] Recoil
|
|upkeep
|
|t:|1685919955
|switch|p2a: Ursaluna|Ursaluna, M|100/100
|turn|16
|
|t:|1685919968
|-terastallize|p1a: Gordo tetón|Flying
|move|p2a: Ursaluna|Headlong Rush|p1a: Gordo tetón
|-immune|p1a: Gordo tetón
|move|p1a: Gordo tetón|Close Combat|p2a: Ursaluna
|-supereffective|p2a: Ursaluna
|-damage|p2a: Ursaluna|6/100
|-unboost|p1a: Gordo tetón|def|1
|-unboost|p1a: Gordo tetón|spd|1
|
|-status|p2a: Ursaluna|brn|[from] item: Flame Orb
|upkeep
|turn|17
|
|t:|1685919982
|-end|p1a: Gordo tetón|Quark Drive|[silent]
|switch|p1a: Chimuelo|Dragapult, F|100/100
|move|p2a: Ursaluna|Facade|p1a: Chimuelo
|-immune|p1a: Chimuelo
|
|-damage|p2a: Ursaluna|0 fnt|[from] brn
|faint|p2a: Ursaluna
|upkeep
|
|t:|1685919992
|switch|p2a: JustARegularGoodra|Goodra-Hisui, M|99/100
|turn|18
|c|☆Lattazel|Prediction lol
|
|t:|1685920014
|move|p1a: Chimuelo|U-turn|p2a: JustARegularGoodra
|-resisted|p2a: JustARegularGoodra
|-damage|p2a: JustARegularGoodra|83/100
|
|t:|1685920020
|switch|p1a: Perro|Landorus-Therian, M|88/100|[from] U-turn
|-ability|p1a: Perro|Intimidate|boost
|-unboost|p2a: JustARegularGoodra|atk|1
|move|p2a: JustARegularGoodra|Iron Head|p1a: Perro
|-damage|p1a: Perro|61/100
|
|-heal|p2a: JustARegularGoodra|89/100|[from] item: Leftovers
|upkeep
|turn|19
|
|t:|1685920038
|switch|p2a: QUAGGGGG|Quagsire, M, shiny|100/100
|move|p1a: Perro|U-turn|p2a: QUAGGGGG
|-damage|p2a: QUAGGGGG|83/100
|
|t:|1685920062
|switch|p1a: Grimmsnarl|Grimmsnarl, M|70/100|[from] U-turn
|
|-heal|p2a: QUAGGGGG|89/100|[from] item: Leftovers
|upkeep
|turn|20
|
|t:|1685920073
|switch|p2a: CLODDDDD|Clodsire, F|100/100
|move|p1a: Grimmsnarl|Light Screen|p1a: Grimmsnarl
|-sidestart|p1: Lattazel|move: Light Screen
|
|upkeep
|turn|21
|
|t:|1685920096
|move|p1a: Grimmsnarl|Reflect|p1a: Grimmsnarl
|-sidestart|p1: Lattazel|Reflect
|move|p2a: CLODDDDD|Earthquake|p1a: Grimmsnarl
|-damage|p1a: Grimmsnarl|58/100
|
|upkeep
|turn|22
|
|t:|1685920104
|move|p1a: Grimmsnarl|Parting Shot|p2a: CLODDDDD
|-unboost|p2a: CLODDDDD|atk|1
|-unboost|p2a: CLODDDDD|spa|1
|
|t:|1685920114
|switch|p1a: Perro|Landorus-Therian, M|61/100|[from] Parting Shot
|-ability|p1a: Perro|Intimidate|boost
|-unboost|p2a: CLODDDDD|atk|1
|move|p2a: CLODDDDD|Toxic|p1a: Perro
|-status|p1a: Perro|tox
|
|-damage|p1a: Perro|55/100 tox|[from] psn
|upkeep
|turn|23
|
|t:|1685920126
|move|p1a: Perro|Earthquake|p2a: CLODDDDD
|-supereffective|p2a: CLODDDDD
|-damage|p2a: CLODDDDD|0 fnt
|faint|p2a: CLODDDDD
|
|-damage|p1a: Perro|42/100 tox|[from] psn
|upkeep
|
|t:|1685920138
|switch|p2a: Gholdenjoe|Gholdengo|100/100
|-item|p2a: Gholdenjoe|Air Balloon
|turn|24
|
|t:|1685920150
|switch|p1a: Iron Moth|Iron Moth|100/100
|-enditem|p1a: Iron Moth|Booster Energy
|-activate|p1a: Iron Moth|ability: Quark Drive|[fromitem]
|-start|p1a: Iron Moth|quarkdrivespe
|move|p2a: Gholdenjoe|Nasty Plot|p2a: Gholdenjoe
|-boost|p2a: Gholdenjoe|spa|2
|
|upkeep
|turn|25
|c|☆flatterbreb|This is just a team of my and my friends favourite mons
|
|t:|1685920181
|switch|p2a: QUAGGGGG|Quagsire, M, shiny|89/100
|move|p1a: Iron Moth|Fiery Dance|p2a: QUAGGGGG
|-resisted|p2a: QUAGGGGG
|-damage|p2a: QUAGGGGG|64/100
|-boost|p1a: Iron Moth|spa|1
|
|-heal|p2a: QUAGGGGG|70/100|[from] item: Leftovers
|upkeep
|turn|26
|
|t:|1685920195
|move|p1a: Iron Moth|Dazzling Gleam|p2a: QUAGGGGG
|-damage|p2a: QUAGGGGG|35/100
|move|p2a: QUAGGGGG|Ice Punch|p1a: Iron Moth
|-resisted|p1a: Iron Moth
|-damage|p1a: Iron Moth|95/100
|
|-heal|p2a: QUAGGGGG|41/100|[from] item: Leftovers
|upkeep
|turn|27
|
|t:|1685920205
|move|p1a: Iron Moth|Fiery Dance|p2a: QUAGGGGG
|-resisted|p2a: QUAGGGGG
|-damage|p2a: QUAGGGGG|16/100
|-boost|p1a: Iron Moth|spa|1
|move|p2a: QUAGGGGG|Body Press|p1a: Iron Moth
|-resisted|p1a: Iron Moth
|-damage|p1a: Iron Moth|86/100
|
|-heal|p2a: QUAGGGGG|22/100|[from] item: Leftovers
|-sideend|p1: Lattazel|move: Light Screen
|upkeep
|turn|28
|
|t:|1685920218
|move|p1a: Iron Moth|Fiery Dance|p2a: QUAGGGGG
|-resisted|p2a: QUAGGGGG
|-damage|p2a: QUAGGGGG|0 fnt
|faint|p2a: QUAGGGGG
|
|-sideend|p1: Lattazel|Reflect
|upkeep
|
|t:|1685920226
|switch|p2a: JustARegularGoodra|Goodra-Hisui, M|89/100
|turn|29
|c|☆Lattazel|Good team bro
|
|t:|1685920241
|move|p1a: Iron Moth|Fiery Dance|p2a: JustARegularGoodra
|-damage|p2a: JustARegularGoodra|34/100
|move|p2a: JustARegularGoodra|Curse|p2a: JustARegularGoodra
|-unboost|p2a: JustARegularGoodra|spe|1
|-boost|p2a: JustARegularGoodra|atk|1
|-boost|p2a: JustARegularGoodra|def|1
|
|-heal|p2a: JustARegularGoodra|40/100|[from] item: Leftovers
|upkeep
|turn|30
|-message|flatterbreb forfeited.
|
|win|Lattazel
|raw|Lattazel's rating: 1132 → 1154(+22 for winning)
|raw|flatterbreb's rating: 1094 → 1073(-21 for losing)
|l|☆flatterbreb
