|j|☆Dragonsapian7000
|j|☆TheMaz878
|t:|1685829804
|gametype|singles
|player|p1|Dragonsapian7000|plasmagrunt|1000
|player|p2|TheMaz878|morty|1013
|teamsize|p1|6
|teamsize|p2|6
|gen|9
|tier|[Gen 9] OU
|rated|
|rule|Sleep Clause Mod: Limit one foe put to sleep
|rule|Species Clause: Limit one of each Pokémon
|rule|OHKO Clause: OHKO moves are banned
|rule|Evasion Items Clause: Evasion items are banned
|rule|Evasion Moves Clause: Evasion moves are banned
|rule|Endless Battle Clause: Forcing endless battles is banned
|rule|HP Percentage Mod: HP is shown in percentages
|clearpoke
|poke|p1|Pelipper, F|
|poke|p1|Moltres-Galar|
|poke|p1|Basculegion, M|
|poke|p1|Decidueye-Hisui, M|
|poke|p1|Great Tusk|
|poke|p1|Gastrodon-East, F|
|poke|p2|Decidueye-Hisui, F|
|poke|p2|Overqwil, F|
|poke|p2|Avalugg-Hisui, M|
|poke|p2|Zoroark-Hisui, M|
|poke|p2|Kleavor, M|
|poke|p2|Basculegion-F, F|
|teampreview
|
|t:|1685829837
|start
|switch|p1a: Pelipper|Pelipper, F, shiny|100/100
|switch|p2a: Tomahawk|Kleavor, M, shiny|100/100
|-weather|RainDance|[from] ability: Drizzle|[of] p1a: Pelipper
|turn|1
|
|t:|1685829845
|move|p2a: Tomahawk|Stone Axe|p1a: Pelipper
|-supereffective|p1a: Pelipper
|-damage|p1a: Pelipper|0 fnt
|-sidestart|p1: Dragonsapian7000|move: Stealth Rock
|faint|p1a: Pelipper
|
|-weather|RainDance|[upkeep]
|upkeep
|
|t:|1685829855
|switch|p1a: Moltres|Moltres-Galar|100/100
|-damage|p1a: Moltres|76/100|[from] Stealth Rock
|turn|2
|
|t:|1685829863
|-terastallize|p1a: Moltres|Steel
|move|p1a: Moltres|After You||[still]
|-fail|p1a: Moltres
|move|p2a: Tomahawk|Stone Axe|p1a: Moltres
|-resisted|p1a: Moltres
|-damage|p1a: Moltres|47/100
|-ability|p1a: Moltres|Berserk|boost
|-boost|p1a: Moltres|spa|1
|
|-weather|RainDance|[upkeep]
|upkeep
|turn|3
|
|t:|1685829890
|move|p1a: Moltres|Hurricane|p2a: Tomahawk
|-damage|p2a: Tomahawk|25/100
|move|p2a: Tomahawk|Night Slash|p1a: Moltres
|-damage|p1a: Moltres|2/100
|
|-weather|RainDance|[upkeep]
|upkeep
|turn|4
|
|t:|1685829900
|move|p1a: Moltres|Hurricane|p2a: Tomahawk
|-damage|p2a: Tomahawk|0 fnt
|faint|p2a: Tomahawk
|
|-weather|RainDance|[upkeep]
|upkeep
|
|t:|1685829907
|switch|p2a: Finana|Basculegion-F, F|100/100
|turn|5
|
|t:|1685829912
|move|p2a: Finana|Chilling Water|p1a: Moltres
|-damage|p1a: Moltres|0 fnt
|faint|p1a: Moltres
|
|-weather|RainDance|[upkeep]
|upkeep
|
|t:|1685829939
|switch|p1a: Great Tusk|Great Tusk|100/100
|turn|6
|
|t:|1685829956
|move|p2a: Finana|Chilling Water|p1a: Great Tusk
|-supereffective|p1a: Great Tusk
|-damage|p1a: Great Tusk|0 fnt
|faint|p1a: Great Tusk
|-end|p1a: Great Tusk|Protosynthesis|[silent]
|
|-weather|RainDance|[upkeep]
|upkeep
|
|t:|1685829962
|switch|p1a: Decidueye|Decidueye-Hisui, M, shiny|100/100
|-damage|p1a: Decidueye|94/100|[from] Stealth Rock
|turn|7
|
|t:|1685829976
|move|p2a: Finana|Chilling Water|p1a: Decidueye
|-resisted|p1a: Decidueye
|-damage|p1a: Decidueye|82/100
|-unboost|p1a: Decidueye|atk|1
|move|p1a: Decidueye|Leaf Blade|p2a: Finana
|-supereffective|p2a: Finana
|-damage|p2a: Finana|26/100
|
|-weather|RainDance|[upkeep]
|upkeep
|turn|8
|
|t:|1685829984
|move|p1a: Decidueye|Sucker Punch|p2a: Finana
|-supereffective|p2a: Finana
|-damage|p2a: Finana|0 fnt
|faint|p2a: Finana
|
|-weather|none
|upkeep
|
|t:|1685829987
|switch|p2a: Frozone|Avalugg-Hisui, M, shiny|100/100
|turn|9
|
|t:|1685829993
|move|p2a: Frozone|Will-O-Wisp|p1a: Decidueye
|-status|p1a: Decidueye|brn
|move|p1a: Decidueye|Triple Arrows|p2a: Frozone
|-supereffective|p2a: Frozone
|-damage|p2a: Frozone|37/100
|replace|p2a: Ishigami|Zoroark-Hisui, M, shiny
|-end|p2a: Ishigami|Illusion
|
|-damage|p1a: Decidueye|75/100 brn|[from] brn
|upkeep
|turn|10
|
|t:|1685830005
|move|p1a: Decidueye|Sucker Punch|p2a: Ishigami
|-supereffective|p2a: Ishigami
|-damage|p2a: Ishigami|2/100
|move|p2a: Ishigami|Bitter Malice|p1a: Decidueye
|-damage|p1a: Decidueye|43/100 brn
|-unboost|p1a: Decidueye|atk|1
|-damage|p2a: Ishigami|0 fnt|[from] item: Life Orb
|faint|p2a: Ishigami
|
|-damage|p1a: Decidueye|37/100 brn|[from] brn
|upkeep
|
|t:|1685830021
|switch|p2a: Frozone|Avalugg-Hisui, M, shiny|100/100
|turn|11
|
|t:|1685830025
|move|p1a: Decidueye|Triple Arrows|p2a: Frozone
|-supereffective|p2a: Frozone
|-damage|p2a: Frozone|80/100
|move|p2a: Frozone|Recover|p2a: Frozone
|-heal|p2a: Frozone|100/100
|
|-damage|p1a: Decidueye|30/100 brn|[from] brn
|upkeep
|turn|12
|
|t:|1685830035
|move|p1a: Decidueye|Triple Arrows|p2a: Frozone
|-supereffective|p2a: Frozone
|-crit|p2a: Frozone
|-damage|p2a: Frozone|44/100
|-unboost|p2a: Frozone|def|1
|cant|p2a: Frozone|flinch
|
|-damage|p1a: Decidueye|24/100 brn|[from] brn
|upkeep
|turn|13
|
|t:|1685830043
|move|p1a: Decidueye|Triple Arrows|p2a: Frozone
|-supereffective|p2a: Frozone
|-damage|p2a: Frozone|17/100
|move|p2a: Frozone|Recover|p2a: Frozone
|-heal|p2a: Frozone|67/100
|
|-damage|p1a: Decidueye|18/100 brn|[from] brn
|upkeep
|turn|14
|
|t:|1685830053
|move|p1a: Decidueye|Triple Arrows|p2a: Frozone
|-supereffective|p2a: Frozone
|-damage|p2a: Frozone|39/100
|-unboost|p2a: Frozone|def|1
|move|p2a: Frozone|Recover|p2a: Frozone
|-heal|p2a: Frozone|89/100
|
|-damage|p1a: Decidueye|12/100 brn|[from] brn
|upkeep
|turn|15
|
|t:|1685830062
|switch|p2a: Mrs. Puff|Overqwil, F, shiny|100/100
|-ability|p2a: Mrs. Puff|Intimidate|boost
|-fail|p1a: Decidueye|unboost|Attack|[from] ability: Scrappy|[of] p1a: Decidueye
|move|p1a: Decidueye|Triple Arrows|p2a: Mrs. Puff
|-damage|p2a: Mrs. Puff|86/100
|-unboost|p2a: Mrs. Puff|def|1
|
|-heal|p2a: Mrs. Puff|92/100|[from] item: Leftovers
|-damage|p1a: Decidueye|6/100 brn|[from] brn
|upkeep
|turn|16
|
|t:|1685830083
|move|p2a: Mrs. Puff|Toxic Spikes|p1a: Decidueye
|-sidestart|p1: Dragonsapian7000|move: Toxic Spikes
|move|p1a: Decidueye|Triple Arrows|p2a: Mrs. Puff
|-damage|p2a: Mrs. Puff|72/100
|-unboost|p2a: Mrs. Puff|def|1
|
|-heal|p2a: Mrs. Puff|78/100|[from] item: Leftovers
|-damage|p1a: Decidueye|0 fnt|[from] brn
|faint|p1a: Decidueye
|upkeep
|
|t:|1685830097
|switch|p1a: Gastrodon|Gastrodon-East, F, shiny|100/100
|-damage|p1a: Gastrodon|94/100|[from] Stealth Rock
|-status|p1a: Gastrodon|psn
|turn|17
|
|t:|1685830104
|move|p2a: Mrs. Puff|Toxic Spikes|p1a: Gastrodon
|-sidestart|p1: Dragonsapian7000|move: Toxic Spikes
|move|p1a: Gastrodon|Earth Power|p2a: Mrs. Puff
|-supereffective|p2a: Mrs. Puff
|-damage|p2a: Mrs. Puff|0 fnt
|faint|p2a: Mrs. Puff
|
|-heal|p1a: Gastrodon|100/100 psn|[from] item: Leftovers
|-damage|p1a: Gastrodon|88/100 psn|[from] psn
|upkeep
|
|t:|1685830117
|switch|p2a: Mumei|Decidueye-Hisui, F|100/100
|turn|18
|
|t:|1685830122
|move|p2a: Mumei|Leaf Blade|p1a: Gastrodon
|-supereffective|p1a: Gastrodon
|-damage|p1a: Gastrodon|0 fnt
|faint|p1a: Gastrodon
|
|upkeep
|
|t:|1685830125
|switch|p1a: Basculegion|Basculegion, M, shiny|100/100
|-damage|p1a: Basculegion|88/100|[from] Stealth Rock
|-status|p1a: Basculegion|tox
|turn|19
|
|t:|1685830129
|move|p1a: Basculegion|Psychic Fangs|p2a: Mumei
|-supereffective|p2a: Mumei
|-damage|p2a: Mumei|0 fnt
|faint|p2a: Mumei
|
|-damage|p1a: Basculegion|82/100 tox|[from] psn
|upkeep
|
|t:|1685830133
|switch|p2a: Frozone|Avalugg-Hisui, M, shiny|89/100
|turn|20
|
|t:|1685830137
|-terastallize|p2a: Frozone|Steel
|move|p1a: Basculegion|Psychic Fangs|p2a: Frozone
|-resisted|p2a: Frozone
|-damage|p2a: Frozone|81/100
|-damage|p1a: Basculegion|66/100 tox|[from] item: Rocky Helmet|[of] p2a: Frozone
|move|p2a: Frozone|Recover|p2a: Frozone
|-heal|p2a: Frozone|100/100
|
|-damage|p1a: Basculegion|54/100 tox|[from] psn
|upkeep
|turn|21
|
|t:|1685830148
|move|p1a: Basculegion|Psychic Fangs|p2a: Frozone
|-resisted|p2a: Frozone
|-damage|p2a: Frozone|92/100
|-damage|p1a: Basculegion|37/100 tox|[from] item: Rocky Helmet|[of] p2a: Frozone
|move|p2a: Frozone|Avalanche|p1a: Basculegion
|-resisted|p1a: Basculegion
|-damage|p1a: Basculegion|2/100 tox
|
|-damage|p1a: Basculegion|0 fnt|[from] psn
|faint|p1a: Basculegion
|
|win|TheMaz878
|upkeep
|raw|Dragonsapian7000's rating: 1000 → 1000(+0 for losing)
|raw|TheMaz878's rating: 1013 → 1050(+37 for winning)
