|j|☆Miltshake
|j|☆cylls
|t:|1685909887
|gametype|singles
|player|p1|Miltshake|larry|1325
|player|p2|cylls|worker|1295
|teamsize|p1|6
|teamsize|p2|6
|gen|9
|tier|[Gen 9] OU
|rated|
|rule|Sleep Clause Mod: Limit one foe put to sleep
|rule|Species Clause: Limit one of each Pokémon
|rule|OHKO Clause: OHKO moves are banned
|rule|Evasion Items Clause: Evasion items are banned
|rule|Evasion Moves Clause: Evasion moves are banned
|rule|Endless Battle Clause: Forcing endless battles is banned
|rule|HP Percentage Mod: HP is shown in percentages
|clearpoke
|poke|p1|Braviary-Hisui, M|
|poke|p1|Chien-Pao|
|poke|p1|Landorus-Therian, M|
|poke|p1|Slowking-Galar, M|
|poke|p1|Urshifu-*, F|
|poke|p1|Rotom-Wash|
|poke|p2|Decidueye-Hisui, M|
|poke|p2|Diancie|
|poke|p2|Ursaluna, M|
|poke|p2|Slowking-Galar, M|
|poke|p2|Zapdos-Galar|
|poke|p2|Bronzong|
|teampreview
|inactive|Battle timer is ON: inactive players will automatically lose when time's up. (requested by cylls)
|
|t:|1685909901
|start
|switch|p1a: Urshifu|Urshifu-Rapid-Strike, F|100/100
|switch|p2a: Bronzong|Bronzong|100/100
|turn|1
|
|t:|1685909910
|move|p1a: Urshifu|Swords Dance|p1a: Urshifu
|-boost|p1a: Urshifu|atk|2
|move|p2a: Bronzong|Trick Room|p2a: Bronzong
|-fieldstart|move: Trick Room|[of] p2a: Bronzong
|
|upkeep
|turn|2
|
|t:|1685909917
|move|p2a: Bronzong|Stealth Rock|p1a: Urshifu
|-sidestart|p1: Miltshake|move: Stealth Rock
|move|p1a: Urshifu|Surging Strikes|p2a: Bronzong
|-crit|p2a: Bronzong
|-damage|p2a: Bronzong|50/100
|-crit|p2a: Bronzong
|-damage|p2a: Bronzong|3/100
|-crit|p2a: Bronzong
|-damage|p2a: Bronzong|0 fnt
|faint|p2a: Bronzong
|-hitcount|p2: Bronzong|3
|
|upkeep
|
|t:|1685909927
|switch|p2a: Decidueye|Decidueye-Hisui, M|100/100
|turn|3
|
|t:|1685909932
|switch|p1a: Slowking|Slowking-Galar, M|100/100
|-damage|p1a: Slowking|88/100|[from] Stealth Rock
|move|p2a: Decidueye|Leaf Blade|p1a: Slowking
|-resisted|p1a: Slowking
|-crit|p1a: Slowking
|-damage|p1a: Slowking|49/100
|
|-heal|p1a: Slowking|55/100|[from] item: Leftovers
|upkeep
|turn|4
|
|t:|1685909944
|move|p1a: Slowking|Chilly Reception|p1a: Slowking
|-weather|Snow
|
|t:|1685909961
|switch|p1a: Braviary|Braviary-Hisui, M, shiny|100/100|[from] Chilly Reception
|move|p2a: Decidueye|Shadow Claw|p1a: Braviary
|-supereffective|p1a: Braviary
|-crit|p1a: Braviary
|-damage|p1a: Braviary|16/100
|
|-weather|Snow|[upkeep]
|upkeep
|turn|5
|
|t:|1685909974
|move|p2a: Decidueye|Triple Arrows|p1a: Braviary
|-resisted|p1a: Braviary
|-damage|p1a: Braviary|5/100
|move|p1a: Braviary|Psyshock|p2a: Decidueye
|-supereffective|p2a: Decidueye
|-crit|p2a: Decidueye
|-damage|p2a: Decidueye|0 fnt
|faint|p2a: Decidueye
|
|-weather|Snow|[upkeep]
|-fieldend|move: Trick Room
|upkeep
|
|t:|1685909983
|switch|p2a: Diancie|Diancie|100/100
|turn|6
|
|t:|1685909992
|move|p1a: Braviary|Air Slash|p2a: Diancie
|-resisted|p2a: Diancie
|-damage|p2a: Diancie|70/100
|cant|p2a: Diancie|flinch
|
|-weather|Snow|[upkeep]
|-heal|p2a: Diancie|76/100|[from] item: Leftovers
|upkeep
|turn|7
|
|t:|1685909999
|move|p1a: Braviary|Air Slash|p2a: Diancie
|-resisted|p2a: Diancie
|-damage|p2a: Diancie|43/100
|move|p2a: Diancie|Trick Room|p2a: Diancie
|-fieldstart|move: Trick Room|[of] p2a: Diancie
|
|-weather|Snow|[upkeep]
|-heal|p2a: Diancie|49/100|[from] item: Leftovers
|upkeep
|turn|8
|
|t:|1685910006
|move|p2a: Diancie|Diamond Storm|p1a: Braviary
|-supereffective|p1a: Braviary
|-damage|p1a: Braviary|0 fnt
|-boost|p2a: Diancie|def|2
|faint|p1a: Braviary
|
|-weather|none
|-heal|p2a: Diancie|55/100|[from] item: Leftovers
|upkeep
|
|t:|1685910015
|switch|p1a: Landorus|Landorus-Therian, M|100/100
|-damage|p1a: Landorus|88/100|[from] Stealth Rock
|-ability|p1a: Landorus|Intimidate|boost
|-fail|p2a: Diancie|unboost|[from] ability: Clear Body|[of] p2a: Diancie
|turn|9
|
|t:|1685910028
|move|p2a: Diancie|Moonblast|p1a: Landorus
|-damage|p1a: Landorus|43/100
|-unboost|p1a: Landorus|spa|1
|move|p1a: Landorus|Stealth Rock|p2a: Diancie
|-sidestart|p2: cylls|move: Stealth Rock
|
|-heal|p2a: Diancie|62/100|[from] item: Leftovers
|-heal|p1a: Landorus|49/100|[from] item: Leftovers
|upkeep
|turn|10
|
|t:|1685910039
|move|p2a: Diancie|Diamond Storm|p1a: Landorus
|-damage|p1a: Landorus|22/100
|-boost|p2a: Diancie|def|2
|move|p1a: Landorus|Earthquake|p2a: Diancie
|-supereffective|p2a: Diancie
|-damage|p2a: Diancie|34/100
|
|-heal|p2a: Diancie|40/100|[from] item: Leftovers
|-heal|p1a: Landorus|28/100|[from] item: Leftovers
|upkeep
|turn|11
|
|t:|1685910049
|move|p2a: Diancie|Moonblast|p1a: Landorus
|-damage|p1a: Landorus|0 fnt
|faint|p1a: Landorus
|
|-heal|p2a: Diancie|47/100|[from] item: Leftovers
|-fieldend|move: Trick Room
|upkeep
|
|t:|1685910051
|switch|p1a: Urshifu|Urshifu-Rapid-Strike, F|100/100
|-damage|p1a: Urshifu|94/100|[from] Stealth Rock
|turn|12
|
|t:|1685910060
|move|p1a: Urshifu|Surging Strikes|p2a: Diancie
|-supereffective|p2a: Diancie
|-crit|p2a: Diancie
|-damage|p2a: Diancie|8/100
|-supereffective|p2a: Diancie
|-crit|p2a: Diancie
|-damage|p2a: Diancie|0 fnt
|faint|p2a: Diancie
|-hitcount|p2: Diancie|2
|
|upkeep
|
|t:|1685910067
|switch|p2a: Zapdos|Zapdos-Galar|100/100
|-damage|p2a: Zapdos|88/100|[from] Stealth Rock
|turn|13
|
|t:|1685910075
|switch|p1a: Rotom|Rotom-Wash|100/100
|-damage|p1a: Rotom|88/100|[from] Stealth Rock
|move|p2a: Zapdos|Brave Bird|p1a: Rotom
|-resisted|p1a: Rotom
|-damage|p1a: Rotom|66/100
|-damage|p2a: Zapdos|81/100|[from] Recoil
|
|-heal|p1a: Rotom|72/100|[from] item: Leftovers
|upkeep
|turn|14
|
|t:|1685910087
|switch|p2a: Slowking|Slowking-Galar, M|100/100
|-damage|p2a: Slowking|88/100|[from] Stealth Rock
|move|p1a: Rotom|Hydro Pump|p2a: Slowking
|-damage|p2a: Slowking|57/100
|
|-heal|p1a: Rotom|78/100|[from] item: Leftovers
|-heal|p2a: Slowking|63/100|[from] item: Leftovers
|upkeep
|turn|15
|
|t:|1685910097
|move|p1a: Rotom|Volt Switch|p2a: Slowking
|-damage|p2a: Slowking|44/100
|
|t:|1685910098
|switch|p1a: Slowking|Slowking-Galar, M|88/100|[from] Volt Switch
|-damage|p1a: Slowking|76/100|[from] Stealth Rock
|move|p2a: Slowking|Trick Room|p2a: Slowking
|-fieldstart|move: Trick Room|[of] p2a: Slowking
|
|-heal|p2a: Slowking|50/100|[from] item: Leftovers
|-heal|p1a: Slowking|82/100|[from] item: Leftovers
|upkeep
|turn|16
|
|t:|1685910107
|switch|p2a: Ursaluna|Ursaluna, M|100/100
|-damage|p2a: Ursaluna|94/100|[from] Stealth Rock
|move|p1a: Slowking|Future Sight|p2a: Ursaluna
|-start|p1a: Slowking|move: Future Sight
|
|-heal|p1a: Slowking|88/100|[from] item: Leftovers
|-status|p2a: Ursaluna|brn|[from] item: Flame Orb
|upkeep
|turn|17
|
|t:|1685910116
|move|p2a: Ursaluna|Facade|p1a: Slowking
|-damage|p1a: Slowking|0 fnt
|faint|p1a: Slowking
|
|-damage|p2a: Ursaluna|88/100 brn|[from] brn
|upkeep
|
|t:|1685910124
|switch|p1a: Urshifu|Urshifu-Rapid-Strike, F|94/100
|-damage|p1a: Urshifu|88/100|[from] Stealth Rock
|turn|18
|
|t:|1685910131
|move|p1a: Urshifu|Aqua Jet|p2a: Ursaluna
|-supereffective|p2a: Ursaluna
|-damage|p2a: Ursaluna|60/100 brn
|move|p2a: Ursaluna|Facade|p1a: Urshifu
|-damage|p1a: Urshifu|0 fnt
|faint|p1a: Urshifu
|
|-end|p2a: Ursaluna|move: Future Sight
|-damage|p2a: Ursaluna|21/100 brn
|-damage|p2a: Ursaluna|15/100 brn|[from] brn
|upkeep
|
|t:|1685910135
|switch|p1a: Chien-Pao|Chien-Pao|100/100
|-damage|p1a: Chien-Pao|76/100|[from] Stealth Rock
|-ability|p1a: Chien-Pao|Sword of Ruin
|turn|19
|
|t:|1685910146
|move|p1a: Chien-Pao|Ice Shard|p2a: Ursaluna
|-supereffective|p2a: Ursaluna
|-damage|p2a: Ursaluna|0 fnt
|faint|p2a: Ursaluna
|
|-fieldend|move: Trick Room
|upkeep
|
|t:|1685910151
|switch|p2a: Slowking|Slowking-Galar, M|83/100
|-damage|p2a: Slowking|71/100|[from] Stealth Rock
|turn|20
|
|t:|1685910163
|switch|p1a: Rotom|Rotom-Wash|78/100
|-damage|p1a: Rotom|66/100|[from] Stealth Rock
|move|p2a: Slowking|Power Gem|p1a: Rotom
|-damage|p1a: Rotom|35/100
|
|-heal|p1a: Rotom|41/100|[from] item: Leftovers
|-heal|p2a: Slowking|77/100|[from] item: Leftovers
|upkeep
|turn|21
|
|t:|1685910179
|move|p1a: Rotom|Thunder Wave|p2a: Slowking
|-status|p2a: Slowking|par
|move|p2a: Slowking|Trick Room|p2a: Slowking
|-fieldstart|move: Trick Room|[of] p2a: Slowking
|
|-heal|p2a: Slowking|83/100 par|[from] item: Leftovers
|-heal|p1a: Rotom|47/100|[from] item: Leftovers
|upkeep
|turn|22
|
|t:|1685910186
|move|p1a: Rotom|Protect|p1a: Rotom
|-singleturn|p1a: Rotom|Protect
|cant|p2a: Slowking|par
|
|-heal|p2a: Slowking|89/100 par|[from] item: Leftovers
|-heal|p1a: Rotom|53/100|[from] item: Leftovers
|upkeep
|turn|23
|
|t:|1685910193
|cant|p2a: Slowking|par
|move|p1a: Rotom|Hydro Pump|p2a: Slowking|[miss]
|-miss|p1a: Rotom|p2a: Slowking
|
|-heal|p2a: Slowking|95/100 par|[from] item: Leftovers
|-heal|p1a: Rotom|60/100|[from] item: Leftovers
|upkeep
|turn|24
|
|t:|1685910202
|move|p1a: Rotom|Protect|p1a: Rotom
|-singleturn|p1a: Rotom|Protect
|move|p2a: Slowking|Power Gem|p1a: Rotom
|-activate|p1a: Rotom|move: Protect
|
|-heal|p2a: Slowking|100/100 par|[from] item: Leftovers
|-heal|p1a: Rotom|66/100|[from] item: Leftovers
|upkeep
|turn|25
|
|t:|1685910211
|cant|p2a: Slowking|par
|move|p1a: Rotom|Hydro Pump|p2a: Slowking
|-damage|p2a: Slowking|69/100 par
|
|-heal|p2a: Slowking|75/100 par|[from] item: Leftovers
|-heal|p1a: Rotom|72/100|[from] item: Leftovers
|-fieldend|move: Trick Room
|upkeep
|turn|26
|
|t:|1685910219
|move|p1a: Rotom|Hydro Pump|p2a: Slowking
|-damage|p2a: Slowking|42/100 par
|move|p2a: Slowking|Power Gem|p1a: Rotom
|-damage|p1a: Rotom|43/100
|
|-heal|p1a: Rotom|49/100|[from] item: Leftovers
|-heal|p2a: Slowking|48/100 par|[from] item: Leftovers
|upkeep
|turn|27
|
|t:|1685910228
|move|p1a: Rotom|Hydro Pump|p2a: Slowking
|-damage|p2a: Slowking|14/100 par
|move|p2a: Slowking|Power Gem|p1a: Rotom
|-damage|p1a: Rotom|21/100
|
|-heal|p1a: Rotom|27/100|[from] item: Leftovers
|-heal|p2a: Slowking|20/100 par|[from] item: Leftovers
|upkeep
|turn|28
|
|t:|1685910237
|move|p1a: Rotom|Hydro Pump|p2a: Slowking|[miss]
|-miss|p1a: Rotom|p2a: Slowking
|move|p2a: Slowking|Power Gem|p1a: Rotom
|-damage|p1a: Rotom|0 fnt
|faint|p1a: Rotom
|
|-heal|p2a: Slowking|26/100 par|[from] item: Leftovers
|upkeep
|
|t:|1685910239
|switch|p1a: Chien-Pao|Chien-Pao|76/100
|-damage|p1a: Chien-Pao|51/100|[from] Stealth Rock
|-ability|p1a: Chien-Pao|Sword of Ruin
|turn|29
|
|t:|1685910261
|move|p1a: Chien-Pao|Ice Spinner|p2a: Slowking
|-damage|p2a: Slowking|0 fnt
|faint|p2a: Slowking
|
|upkeep
|
|t:|1685910268
|switch|p2a: Zapdos|Zapdos-Galar|81/100
|-damage|p2a: Zapdos|69/100|[from] Stealth Rock
|turn|30
|
|t:|1685910272
|-terastallize|p1a: Chien-Pao|Ice
|move|p2a: Zapdos|Close Combat|p1a: Chien-Pao
|-supereffective|p1a: Chien-Pao
|-damage|p1a: Chien-Pao|0 fnt
|-unboost|p2a: Zapdos|def|1
|-unboost|p2a: Zapdos|spd|1
|faint|p1a: Chien-Pao
|
|win|cylls
|raw|Miltshake's rating: 1325 → 1303(-22 for losing)
|raw|cylls's rating: 1295 → 1322(+27 for winning)
|l|☆Miltshake
