|j|☆The Gallade Man
|j|☆godpartikle
|t:|1685899592
|gametype|singles
|player|p1|The Gallade Man|wally|1405
|player|p2|godpartikle|roark|1374
|teamsize|p1|6
|teamsize|p2|6
|gen|9
|tier|[Gen 9] OU
|rated|
|rule|Sleep Clause Mod: Limit one foe put to sleep
|rule|Species Clause: Limit one of each Pokémon
|rule|OHKO Clause: OHKO moves are banned
|rule|Evasion Items Clause: Evasion items are banned
|rule|Evasion Moves Clause: Evasion moves are banned
|rule|Endless Battle Clause: Forcing endless battles is banned
|rule|HP Percentage Mod: HP is shown in percentages
|clearpoke
|poke|p1|Landorus-Therian, M|
|poke|p1|Rillaboom, M|
|poke|p1|Cinderace, M|
|poke|p1|Gallade, M|
|poke|p1|Magearna|
|poke|p1|Iron Valiant|
|poke|p2|Dragapult, F|
|poke|p2|Magearna|
|poke|p2|Sneasler, M|
|poke|p2|Zamazenta-*|
|poke|p2|Volcarona, F|
|poke|p2|Ursaluna, F|
|teampreview
|inactive|Battle timer is ON: inactive players will automatically lose when time's up. (requested by The Gallade Man)
|inactive|The Gallade Man has 120 seconds left.
|inactive|The Gallade Man has 90 seconds left.
|
|t:|1685899718
|start
|switch|p1a: Magearna|Magearna|100/100
|switch|p2a: Ursaluna|Ursaluna, F|100/100
|turn|1
|l|☆The Gallade Man
|inactive|The Gallade Man disconnected and has a minute to reconnect!
|player|p1|
|j|☆The Gallade Man
|inactive|The Gallade Man reconnected and has 125 seconds left.
|player|p1|The Gallade Man|wally
|inactive|The Gallade Man has 120 seconds left.
|
|t:|1685899759
|switch|p1a: Rillaboom|Rillaboom, M|100/100
|-fieldstart|move: Grassy Terrain|[from] ability: Grassy Surge|[of] p1a: Rillaboom
|move|p2a: Ursaluna|Earthquake|p1a: Rillaboom
|-resisted|p1a: Rillaboom
|-damage|p1a: Rillaboom|84/100
|
|-heal|p1a: Rillaboom|90/100|[from] Grassy Terrain
|-status|p2a: Ursaluna|brn|[from] item: Flame Orb
|upkeep
|turn|2
|
|t:|1685899780
|switch|p2a: Zamazenta|Zamazenta|100/100
|-ability|p2a: Zamazenta|Dauntless Shield|boost
|-boost|p2a: Zamazenta|def|1
|move|p1a: Rillaboom|U-turn|p2a: Zamazenta
|-resisted|p2a: Zamazenta
|-damage|p2a: Zamazenta|94/100
|inactive|The Gallade Man has 90 seconds left.
|
|t:|1685899797
|switch|p1a: Magearna|Magearna|100/100|[from] U-turn
|
|-heal|p2a: Zamazenta|99/100|[from] Grassy Terrain
|-heal|p2a: Zamazenta|100/100|[from] item: Leftovers
|upkeep
|turn|3
|
|t:|1685899806
|switch|p2a: Ursaluna|Ursaluna, F|100/100 brn
|move|p1a: Magearna|Fleur Cannon|p2a: Ursaluna
|-damage|p2a: Ursaluna|42/100 brn
|-unboost|p1a: Magearna|spa|2
|
|-heal|p2a: Ursaluna|48/100 brn|[from] Grassy Terrain
|-damage|p2a: Ursaluna|42/100 brn|[from] brn
|upkeep
|turn|4
|inactive|The Gallade Man has 90 seconds left.
|
|t:|1685899834
|switch|p1a: Landorus|Landorus-Therian, M|100/100
|-ability|p1a: Landorus|Intimidate|boost
|-unboost|p2a: Ursaluna|atk|1
|move|p2a: Ursaluna|Facade|p1a: Landorus
|-damage|p1a: Landorus|35/100
|
|-heal|p1a: Landorus|41/100|[from] item: Leftovers
|-heal|p2a: Ursaluna|48/100 brn|[from] Grassy Terrain
|-damage|p2a: Ursaluna|42/100 brn|[from] brn
|upkeep
|turn|5
|inactive|godpartikle has 120 seconds left.
|
|t:|1685899882
|move|p1a: Landorus|Earth Power|p2a: Ursaluna
|-damage|p2a: Ursaluna|9/100 brn
|move|p2a: Ursaluna|Facade|p1a: Landorus
|-damage|p1a: Landorus|0 fnt
|faint|p1a: Landorus
|
|-heal|p2a: Ursaluna|16/100 brn|[from] Grassy Terrain
|-damage|p2a: Ursaluna|9/100 brn|[from] brn
|-fieldend|move: Grassy Terrain
|upkeep
|
|t:|1685899894
|switch|p1a: Rillaboom|Rillaboom, M|90/100
|-fieldstart|move: Grassy Terrain|[from] ability: Grassy Surge|[of] p1a: Rillaboom
|turn|6
|
|t:|1685899902
|move|p1a: Rillaboom|U-turn|p2a: Ursaluna
|-damage|p2a: Ursaluna|0 fnt
|faint|p2a: Ursaluna
|
|t:|1685899914
|switch|p1a: Gallade|Gallade, M|100/100|[from] U-turn
|
|upkeep
|inactive|godpartikle has 120 seconds left.
|
|t:|1685899943
|switch|p2a: Dragapult|Dragapult, F|100/100
|turn|7
|
|t:|1685899959
|switch|p1a: Magearna|Magearna|100/100
|move|p2a: Dragapult|Will-O-Wisp|p1a: Magearna
|-status|p1a: Magearna|brn
|
|-damage|p1a: Magearna|94/100 brn|[from] brn
|upkeep
|turn|8
|inactive|godpartikle has 90 seconds left.
|
|t:|1685899983
|move|p2a: Dragapult|Light Screen|p2a: Dragapult
|-sidestart|p2: godpartikle|move: Light Screen
|move|p1a: Magearna|Volt Switch|p2a: Dragapult
|-resisted|p2a: Dragapult
|-damage|p2a: Dragapult|95/100
|
|t:|1685899996
|switch|p1a: Gallade|Gallade, M|100/100|[from] Volt Switch
|
|-heal|p2a: Dragapult|100/100|[from] Grassy Terrain
|upkeep
|turn|9
|
|t:|1685900004
|move|p1a: Gallade|Night Slash|p2a: Dragapult
|-supereffective|p2a: Dragapult
|-damage|p2a: Dragapult|20/100
|move|p2a: Dragapult|Reflect|p2a: Dragapult
|-sidestart|p2: godpartikle|Reflect
|
|-heal|p2a: Dragapult|26/100|[from] Grassy Terrain
|upkeep
|turn|10
|
|t:|1685900019
|switch|p1a: Magearna|Magearna|94/100 brn
|move|p2a: Dragapult|Will-O-Wisp|p1a: Magearna
|-fail|p1a: Magearna|brn
|
|-heal|p2a: Dragapult|32/100|[from] Grassy Terrain
|-heal|p1a: Magearna|100/100 brn|[from] Grassy Terrain
|-damage|p1a: Magearna|94/100 brn|[from] brn
|-fieldend|move: Grassy Terrain
|upkeep
|turn|11
|
|t:|1685900034
|switch|p2a: Volcarona|Volcarona, F|100/100
|move|p1a: Magearna|Volt Switch|p2a: Volcarona
|-damage|p2a: Volcarona|91/100
|
|t:|1685900044
|switch|p1a: Gallade|Gallade, M|100/100|[from] Volt Switch
|
|upkeep
|turn|12
|
|t:|1685900072
|move|p1a: Gallade|Trick|p2a: Volcarona
|-activate|p1a: Gallade|move: Trick|[of] p2a: Volcarona
|-item|p2a: Volcarona|Choice Scarf|[from] move: Trick
|-item|p1a: Gallade|Heavy-Duty Boots|[from] move: Trick
|move|p2a: Volcarona|Quiver Dance|p2a: Volcarona
|-boost|p2a: Volcarona|spa|1
|-boost|p2a: Volcarona|spd|1
|-boost|p2a: Volcarona|spe|1
|
|upkeep
|turn|13
|l|☆The Gallade Man
|inactive|The Gallade Man disconnected and has a minute to reconnect!
|player|p1|
|j|☆The Gallade Man
|inactive|The Gallade Man reconnected and has 65 seconds left.
|player|p1|The Gallade Man|wally
|inactive|The Gallade Man has 60 seconds left.
|
|t:|1685900096
|switch|p2a: Zamazenta|Zamazenta|100/100
|switch|p1a: Cinderace|Cinderace, M|100/100
|
|upkeep
|turn|14
|inactive|The Gallade Man has 60 seconds left.
|inactive|godpartikle has 90 seconds left.
|
|t:|1685900130
|move|p2a: Zamazenta|Body Press|p1a: Cinderace
|-damage|p1a: Cinderace|45/100
|move|p1a: Cinderace|Court Change|p1a: Cinderace
|-start|p1a: Cinderace|typechange|Normal|[from] ability: Libero
|-swapsideconditions
|-activate|p1a: Cinderace|move: Court Change
|
|upkeep
|turn|15
|inactive|The Gallade Man has 60 seconds left.
|
|t:|1685900142
|switch|p1a: Iron Valiant|Iron Valiant|100/100
|move|p2a: Zamazenta|Substitute|p2a: Zamazenta
|-start|p2a: Zamazenta|Substitute
|-damage|p2a: Zamazenta|76/100
|
|-heal|p2a: Zamazenta|82/100|[from] item: Leftovers
|-sideend|p1: The Gallade Man|move: Light Screen
|upkeep
|turn|16
|
|t:|1685900152
|switch|p2a: Dragapult|Dragapult, F|32/100
|move|p1a: Iron Valiant|Moonblast|p2a: Dragapult
|-supereffective|p2a: Dragapult
|-damage|p2a: Dragapult|0 fnt
|faint|p2a: Dragapult
|
|-sideend|p1: The Gallade Man|Reflect
|upkeep
|
|t:|1685900154
|switch|p2a: Sneasler|Sneasler, M|100/100
|-item|p2a: Sneasler|Air Balloon
|turn|17
|
|t:|1685900169
|-end|p1a: Iron Valiant|Quark Drive|[silent]
|switch|p1a: Magearna|Magearna|94/100 brn
|move|p2a: Sneasler|Dire Claw|p1a: Magearna
|-immune|p1a: Magearna
|
|-damage|p1a: Magearna|88/100 brn|[from] brn
|upkeep
|turn|18
|inactive|The Gallade Man has 60 seconds left.
|
|t:|1685900195
|move|p2a: Sneasler|Swords Dance|p2a: Sneasler
|-boost|p2a: Sneasler|atk|2
|move|p1a: Magearna|Volt Switch|p2a: Sneasler
|-damage|p2a: Sneasler|74/100
|-enditem|p2a: Sneasler|Air Balloon
|
|t:|1685900224
|switch|p1a: Rillaboom|Rillaboom, M|90/100|[from] Volt Switch
|-fieldstart|move: Grassy Terrain|[from] ability: Grassy Surge|[of] p1a: Rillaboom
|
|-heal|p2a: Sneasler|80/100|[from] Grassy Terrain
|-heal|p1a: Rillaboom|96/100|[from] Grassy Terrain
|upkeep
|turn|19
|inactive|The Gallade Man has 30 seconds left.
|
|t:|1685900241
|move|p2a: Sneasler|Dire Claw|p1a: Rillaboom
|-supereffective|p1a: Rillaboom
|-damage|p1a: Rillaboom|0 fnt
|faint|p1a: Rillaboom
|
|-heal|p2a: Sneasler|86/100|[from] Grassy Terrain
|upkeep
|inactive|The Gallade Man has 30 seconds left.
|
|t:|1685900249
|switch|p1a: Magearna|Magearna|88/100 brn
|turn|20
|
|t:|1685900255
|move|p2a: Sneasler|Swords Dance|p2a: Sneasler
|-boost|p2a: Sneasler|atk|2
|move|p1a: Magearna|Fleur Cannon|p2a: Sneasler
|-damage|p2a: Sneasler|16/100
|-unboost|p1a: Magearna|spa|2
|
|-heal|p2a: Sneasler|22/100|[from] Grassy Terrain
|-heal|p1a: Magearna|94/100 brn|[from] Grassy Terrain
|-damage|p1a: Magearna|88/100 brn|[from] brn
|upkeep
|turn|21
|
|t:|1685900268
|move|p2a: Sneasler|Close Combat|p1a: Magearna
|-damage|p1a: Magearna|0 fnt
|-unboost|p2a: Sneasler|def|1
|-unboost|p2a: Sneasler|spd|1
|faint|p1a: Magearna
|
|-heal|p2a: Sneasler|28/100|[from] Grassy Terrain
|upkeep
|
|t:|1685900273
|switch|p1a: Cinderace|Cinderace, M|45/100
|turn|22
|
|t:|1685900278
|move|p1a: Cinderace|Sucker Punch|p2a: Sneasler
|-start|p1a: Cinderace|typechange|Dark|[from] ability: Libero
|-resisted|p2a: Sneasler
|-damage|p2a: Sneasler|0 fnt
|faint|p2a: Sneasler
|
|-heal|p1a: Cinderace|51/100|[from] Grassy Terrain
|-fieldend|move: Grassy Terrain
|upkeep
|
|t:|1685900290
|switch|p2a: Magearna|Magearna|100/100
|turn|23
|
|t:|1685900296
|-terastallize|p1a: Cinderace|Fire
|move|p1a: Cinderace|Pyro Ball|p2a: Magearna
|-supereffective|p2a: Magearna
|-damage|p2a: Magearna|0 fnt
|faint|p2a: Magearna
|
|upkeep
|
|t:|1685900303
|switch|p2a: Zamazenta|Zamazenta|82/100
|turn|24
|inactive|The Gallade Man has 60 seconds left.
|
|t:|1685900314
|switch|p1a: Iron Valiant|Iron Valiant|100/100
|move|p2a: Zamazenta|Iron Defense|p2a: Zamazenta
|-boost|p2a: Zamazenta|def|2
|
|-heal|p2a: Zamazenta|88/100|[from] item: Leftovers
|upkeep
|turn|25
|inactive|The Gallade Man has 60 seconds left.
|
|t:|1685900331
|move|p2a: Zamazenta|Body Press|p1a: Iron Valiant
|-resisted|p1a: Iron Valiant
|-damage|p1a: Iron Valiant|53/100
|move|p1a: Iron Valiant|Moonblast|p2a: Zamazenta
|-supereffective|p2a: Zamazenta
|-damage|p2a: Zamazenta|0 fnt
|faint|p2a: Zamazenta
|
|upkeep
|
|t:|1685900334
|switch|p2a: Volcarona|Volcarona, F|91/100
|turn|26
|
|t:|1685900347
|-terastallize|p2a: Volcarona|Water
|move|p2a: Volcarona|Tera Blast|p1a: Iron Valiant
|-damage|p1a: Iron Valiant|0 fnt
|faint|p1a: Iron Valiant
|-end|p1a: Iron Valiant|Quark Drive|[silent]
|
|upkeep
|
|t:|1685900356
|switch|p1a: Gallade|Gallade, M|100/100
|turn|27
|
|t:|1685900376
|move|p2a: Volcarona|Tera Blast|p1a: Gallade
|-damage|p1a: Gallade|50/100
|move|p1a: Gallade|Sacred Sword|p2a: Volcarona
|-damage|p2a: Volcarona|0 fnt
|faint|p2a: Volcarona
|
|win|The Gallade Man
|raw|The Gallade Man's rating: 1405 → 1423(+18 for winning)
|raw|godpartikle's rating: 1374 → 1356(-18 for losing)
|c|☆godpartikle|gg
|l|☆godpartikle
|c|☆The Gallade Man|gg
