|j|☆ho3nconfirm3d
|j|☆aesf
|t:|1685728777
|gametype|singles
|player|p1|ho3nconfirm3d|#ho3nconfirm3d|2048
|player|p2|aesf|lucas|1994
|teamsize|p1|6
|teamsize|p2|6
|gen|9
|tier|[Gen 9] OU
|rated|
|rule|Sleep Clause Mod: Limit one foe put to sleep
|rule|Species Clause: Limit one of each Pokémon
|rule|OHKO Clause: OHKO moves are banned
|rule|Evasion Items Clause: Evasion items are banned
|rule|Evasion Moves Clause: Evasion moves are banned
|rule|Endless Battle Clause: Forcing endless battles is banned
|rule|HP Percentage Mod: HP is shown in percentages
|clearpoke
|poke|p1|Chien-Pao|
|poke|p1|Samurott-Hisui, F|
|poke|p1|Clodsire, F|
|poke|p1|Urshifu-*, M|
|poke|p1|Magearna|
|poke|p1|Dragonite, F|
|poke|p2|Great Tusk|
|poke|p2|Samurott-Hisui, F|
|poke|p2|Gholdengo|
|poke|p2|Electrode-Hisui|
|poke|p2|Ting-Lu|
|poke|p2|Dragonite, F|
|teampreview
|inactive|Battle timer is ON: inactive players will automatically lose when time's up. (requested by aesf)
|j| shedtailhater
|j| FCKSTLL
|
|t:|1685728798
|start
|switch|p1a: Samurott|Samurott-Hisui, F|100/100
|switch|p2a: Great Tusk|Great Tusk|100/100
|turn|1
|
|t:|1685728819
|move|p1a: Samurott|Aqua Cutter|p2a: Great Tusk
|-supereffective|p2a: Great Tusk
|-damage|p2a: Great Tusk|46/100
|move|p2a: Great Tusk|Rapid Spin|p1a: Samurott
|-damage|p1a: Samurott|83/100
|-boost|p2a: Great Tusk|spe|1
|
|-heal|p2a: Great Tusk|52/100|[from] item: Leftovers
|upkeep
|turn|2
|l|☆ho3nconfirm3d
|inactive|ho3nconfirm3d disconnected and has a minute to reconnect!
|player|p1|
|j|☆ho3nconfirm3d
|inactive|ho3nconfirm3d reconnected and has 125 seconds left.
|player|p1|ho3nconfirm3d|#ho3nconfirm3d
|inactive|ho3nconfirm3d has 120 seconds left.
|
|t:|1685728849
|-end|p2a: Great Tusk|Protosynthesis|[silent]
|switch|p2a: Electrode|Electrode-Hisui|100/100
|move|p1a: Samurott|Aqua Cutter|p2a: Electrode
|-resisted|p2a: Electrode
|-crit|p2a: Electrode
|-damage|p2a: Electrode|28/100
|
|upkeep
|turn|3
|
|t:|1685728872
|switch|p2a: Samurott|Samurott-Hisui, F|100/100
|switch|p1a: Clodsire|Clodsire, F|100/100
|
|upkeep
|turn|4
|
|t:|1685728877
|switch|p1a: Urshifu|Urshifu-Rapid-Strike, M|100/100
|move|p2a: Samurott|Ceaseless Edge|p1a: Urshifu
|-resisted|p1a: Urshifu
|-damage|p1a: Urshifu|80/100
|-sidestart|p1: ho3nconfirm3d|Spikes
|
|upkeep
|turn|5
|
|t:|1685728882
|switch|p2a: Dragonite|Dragonite, F|100/100
|move|p1a: Urshifu|Drain Punch|p2a: Dragonite
|-resisted|p2a: Dragonite
|-damage|p2a: Dragonite|91/100
|-heal|p1a: Urshifu|85/100|[from] drain|[of] p2a: Dragonite
|
|upkeep
|turn|6
|
|t:|1685728886
|switch|p1a: Magearna|Magearna|100/100
|-damage|p1a: Magearna|88/100|[from] Spikes
|move|p2a: Dragonite|Roost|p2a: Dragonite
|-heal|p2a: Dragonite|100/100
|-singleturn|p2a: Dragonite|move: Roost
|
|upkeep
|turn|7
|j| maektks
|
|t:|1685728890
|move|p2a: Dragonite|Fire Spin|p1a: Magearna
|-supereffective|p1a: Magearna
|-damage|p1a: Magearna|75/100
|-activate|p1a: Magearna|move: Fire Spin|[of] p2a: Dragonite
|-enditem|p1a: Magearna|Weakness Policy
|-boost|p1a: Magearna|atk|2|[from] item: Weakness Policy
|-boost|p1a: Magearna|spa|2|[from] item: Weakness Policy
|move|p1a: Magearna|Calm Mind|p1a: Magearna
|-boost|p1a: Magearna|spa|1
|-boost|p1a: Magearna|spd|1
|
|-damage|p1a: Magearna|63/100|[from] move: Fire Spin|[partiallytrapped]
|upkeep
|turn|8
|
|t:|1685728892
|move|p2a: Dragonite|Encore|p1a: Magearna
|-start|p1a: Magearna|Encore
|move|p1a: Magearna|Calm Mind|p1a: Magearna
|-boost|p1a: Magearna|spa|1
|-boost|p1a: Magearna|spd|1
|
|-damage|p1a: Magearna|51/100|[from] move: Fire Spin|[partiallytrapped]
|upkeep
|turn|9
|
|t:|1685728895
|move|p2a: Dragonite|Fire Spin|p1a: Magearna
|-supereffective|p1a: Magearna
|-damage|p1a: Magearna|45/100
|move|p1a: Magearna|Calm Mind|p1a: Magearna
|-boost|p1a: Magearna|spa|1
|-boost|p1a: Magearna|spd|1
|
|-damage|p1a: Magearna|32/100|[from] move: Fire Spin|[partiallytrapped]
|upkeep
|turn|10
|
|t:|1685728898
|move|p2a: Dragonite|Extreme Speed|p1a: Magearna
|-resisted|p1a: Magearna
|-damage|p1a: Magearna|21/100
|move|p1a: Magearna|Calm Mind|p1a: Magearna
|-boost|p1a: Magearna|spa|1
|-boost|p1a: Magearna|spd|1
|
|-damage|p1a: Magearna|9/100|[from] move: Fire Spin|[partiallytrapped]
|-end|p1a: Magearna|Encore
|upkeep
|turn|11
|
|t:|1685728903
|move|p2a: Dragonite|Encore|p1a: Magearna
|-start|p1a: Magearna|Encore
|move|p1a: Magearna|Calm Mind|p1a: Magearna
|-boost|p1a: Magearna|spa|0
|-boost|p1a: Magearna|spd|1
|
|-end|p1a: Magearna|Fire Spin|[partiallytrapped]
|upkeep
|turn|12
|
|t:|1685728907
|move|p2a: Dragonite|Extreme Speed|p1a: Magearna
|-resisted|p1a: Magearna
|-damage|p1a: Magearna|0 fnt
|faint|p1a: Magearna
|
|upkeep
|
|t:|1685728909
|switch|p1a: Chien-Pao|Chien-Pao|100/100
|-damage|p1a: Chien-Pao|88/100|[from] Spikes
|-ability|p1a: Chien-Pao|Sword of Ruin
|turn|13
|j| 96 Cents
|inactive|aesf has 120 seconds left.
|
|t:|1685728945
|switch|p2a: Great Tusk|Great Tusk|52/100
|move|p1a: Chien-Pao|Icicle Crash|p2a: Great Tusk
|-supereffective|p2a: Great Tusk
|-damage|p2a: Great Tusk|0 fnt
|faint|p2a: Great Tusk
|-end|p2a: Great Tusk|Protosynthesis|[silent]
|-damage|p1a: Chien-Pao|78/100|[from] item: Life Orb
|
|upkeep
|
|t:|1685728954
|switch|p2a: Samurott|Samurott-Hisui, F|100/100
|turn|14
|j| Flamaxim
|inactive|aesf has 120 seconds left.
|
|t:|1685728959
|move|p2a: Samurott|Sacred Sword|p1a: Chien-Pao
|-supereffective|p1a: Chien-Pao
|-damage|p1a: Chien-Pao|0 fnt
|faint|p1a: Chien-Pao
|
|upkeep
|
|t:|1685728965
|switch|p1a: Dragonite|Dragonite, F|100/100
|turn|15
|
|t:|1685728970
|switch|p2a: Ting-Lu|Ting-Lu|100/100
|-ability|p2a: Ting-Lu|Vessel of Ruin
|move|p1a: Dragonite|Dragon Dance|p1a: Dragonite
|-boost|p1a: Dragonite|atk|1
|-boost|p1a: Dragonite|spe|1
|
|upkeep
|turn|16
|
|t:|1685728977
|move|p1a: Dragonite|Earthquake|p2a: Ting-Lu
|-damage|p2a: Ting-Lu|67/100
|move|p2a: Ting-Lu|Ruination|p1a: Dragonite
|-damage|p1a: Dragonite|51/100
|
|-heal|p2a: Ting-Lu|73/100|[from] item: Leftovers
|upkeep
|turn|17
|
|t:|1685728983
|move|p1a: Dragonite|Earthquake|p2a: Ting-Lu
|-damage|p2a: Ting-Lu|40/100
|move|p2a: Ting-Lu|Whirlwind|p1a: Dragonite
|drag|p1a: Samurott|Samurott-Hisui, F|83/100
|-damage|p1a: Samurott|71/100|[from] Spikes
|
|-heal|p2a: Ting-Lu|46/100|[from] item: Leftovers
|upkeep
|turn|18
|
|t:|1685728992
|switch|p2a: Dragonite|Dragonite, F|100/100
|move|p1a: Samurott|Aqua Cutter|p2a: Dragonite
|-resisted|p2a: Dragonite
|-damage|p2a: Dragonite|89/100
|
|upkeep
|turn|19
|
|t:|1685728994
|move|p1a: Samurott|Ceaseless Edge|p2a: Dragonite
|-damage|p2a: Dragonite|44/100
|-sidestart|p2: aesf|Spikes
|move|p2a: Dragonite|Fire Spin|p1a: Samurott
|-resisted|p1a: Samurott
|-damage|p1a: Samurott|65/100
|-activate|p1a: Samurott|move: Fire Spin|[of] p2a: Dragonite
|
|-damage|p1a: Samurott|53/100|[from] move: Fire Spin|[partiallytrapped]
|upkeep
|turn|20
|
|t:|1685729008
|-terastallize|p2a: Dragonite|Normal
|move|p2a: Dragonite|Extreme Speed|p1a: Samurott
|-damage|p1a: Samurott|0 fnt
|faint|p1a: Samurott
|
|upkeep
|
|t:|1685729035
|switch|p1a: Urshifu|Urshifu-Rapid-Strike, M|85/100
|-damage|p1a: Urshifu|73/100|[from] Spikes
|turn|21
|j| Fake Jaale
|
|t:|1685729050
|switch|p2a: Ting-Lu|Ting-Lu|46/100
|-damage|p2a: Ting-Lu|34/100|[from] Spikes
|-ability|p2a: Ting-Lu|Vessel of Ruin
|move|p1a: Urshifu|Drain Punch|p2a: Ting-Lu
|-supereffective|p2a: Ting-Lu
|-damage|p2a: Ting-Lu|0 fnt
|-heal|p1a: Urshifu|98/100|[from] drain|[of] p2a: Ting-Lu
|faint|p2a: Ting-Lu
|
|upkeep
|
|t:|1685729054
|switch|p2a: Electrode|Electrode-Hisui|28/100
|-damage|p2a: Electrode|16/100|[from] Spikes
|turn|22
|
|t:|1685729065
|switch|p1a: Clodsire|Clodsire, F|100/100
|-damage|p1a: Clodsire|88/100|[from] Spikes
|move|p2a: Electrode|Leaf Storm|p1a: Clodsire
|-damage|p1a: Clodsire|51/100
|-unboost|p2a: Electrode|spa|2
|
|-heal|p1a: Clodsire|57/100|[from] item: Leftovers
|upkeep
|turn|23
|l| maektks
|
|t:|1685729077
|move|p2a: Electrode|Leaf Storm|p1a: Clodsire
|-damage|p1a: Clodsire|21/100
|-unboost|p2a: Electrode|spa|2
|move|p1a: Clodsire|Stealth Rock|p2a: Electrode
|-sidestart|p2: aesf|move: Stealth Rock
|
|-heal|p1a: Clodsire|27/100|[from] item: Leftovers
|upkeep
|turn|24
|j| Nature_K
|l| Fake Jaale
|
|t:|1685729093
|switch|p2a: Gholdengo|Gholdengo|100/100
|-damage|p2a: Gholdengo|94/100|[from] Stealth Rock
|-item|p2a: Gholdengo|Air Balloon
|move|p1a: Clodsire|Recover|p1a: Clodsire
|-heal|p1a: Clodsire|77/100
|
|-heal|p1a: Clodsire|83/100|[from] item: Leftovers
|upkeep
|turn|25
|
|t:|1685729096
|switch|p1a: Dragonite|Dragonite, F|51/100
|move|p2a: Gholdengo|Nasty Plot|p2a: Gholdengo
|-boost|p2a: Gholdengo|spa|2
|
|upkeep
|turn|26
|
|t:|1685729102
|move|p1a: Dragonite|Hurricane|p2a: Gholdengo
|-resisted|p2a: Gholdengo
|-damage|p2a: Gholdengo|76/100
|-enditem|p2a: Gholdengo|Air Balloon
|move|p2a: Gholdengo|Shadow Ball|p1a: Dragonite
|-damage|p1a: Dragonite|0 fnt
|faint|p1a: Dragonite
|
|upkeep
|
|t:|1685729106
|switch|p1a: Clodsire|Clodsire, F|83/100
|-damage|p1a: Clodsire|71/100|[from] Spikes
|turn|27
|j| goopshoop
|
|t:|1685729134
|switch|p2a: Electrode|Electrode-Hisui|16/100
|-damage|p2a: Electrode|4/100|[from] Spikes
|-damage|p2a: Electrode|0 fnt|[from] Stealth Rock
|faint|p2a: Electrode
|move|p1a: Clodsire|Earthquake|p2: Electrode|[notarget]
|-fail|p1a: Clodsire
|
|-heal|p1a: Clodsire|77/100|[from] item: Leftovers
|upkeep
|
|t:|1685729136
|switch|p2a: Dragonite|Dragonite, F, tera:Normal|44/100
|turn|28
|
|t:|1685729145
|move|p2a: Dragonite|Extreme Speed|p1a: Clodsire
|-damage|p1a: Clodsire|35/100
|move|p1a: Clodsire|Toxic|p2a: Dragonite
|-status|p2a: Dragonite|tox
|
|-heal|p1a: Clodsire|41/100|[from] item: Leftovers
|-damage|p2a: Dragonite|38/100 tox|[from] psn
|upkeep
|turn|29
|
|t:|1685729153
|move|p2a: Dragonite|Extreme Speed|p1a: Clodsire
|-crit|p1a: Clodsire
|-damage|p1a: Clodsire|0 fnt
|faint|p1a: Clodsire
|
|-damage|p2a: Dragonite|25/100 tox|[from] psn
|upkeep
|
|t:|1685729155
|switch|p1a: Urshifu|Urshifu-Rapid-Strike, M|98/100
|-damage|p1a: Urshifu|86/100|[from] Spikes
|turn|30
|
|t:|1685729159
|move|p2a: Dragonite|Extreme Speed|p1a: Urshifu
|-damage|p1a: Urshifu|43/100
|move|p1a: Urshifu|Drain Punch|p2a: Dragonite
|-supereffective|p2a: Dragonite
|-damage|p2a: Dragonite|0 fnt
|-heal|p1a: Urshifu|57/100|[from] drain|[of] p2a: Dragonite
|faint|p2a: Dragonite
|
|upkeep
|
|t:|1685729160
|switch|p2a: Gholdengo|Gholdengo|76/100
|-damage|p2a: Gholdengo|64/100|[from] Spikes
|-damage|p2a: Gholdengo|58/100|[from] Stealth Rock
|turn|31
|inactive|ho3nconfirm3d has 120 seconds left.
|j| maektks
|inactive|aesf has 120 seconds left.
|inactive|ho3nconfirm3d has 90 seconds left.
|
|t:|1685729223
|-terastallize|p1a: Urshifu|Water
|move|p1a: Urshifu|Surging Strikes|p2a: Gholdengo
|-crit|p2a: Gholdengo
|-damage|p2a: Gholdengo|39/100
|-crit|p2a: Gholdengo
|-damage|p2a: Gholdengo|19/100
|-crit|p2a: Gholdengo
|-damage|p2a: Gholdengo|0 fnt
|faint|p2a: Gholdengo
|-hitcount|p2: Gholdengo|3
|
|upkeep
|
|t:|1685729227
|switch|p2a: Samurott|Samurott-Hisui, F|100/100
|-damage|p2a: Samurott|88/100|[from] Spikes
|-damage|p2a: Samurott|76/100|[from] Stealth Rock
|turn|32
|
|t:|1685729233
|move|p2a: Samurott|Knock Off|p1a: Urshifu
|-damage|p1a: Urshifu|16/100
|-enditem|p1a: Urshifu|Protective Pads|[from] move: Knock Off|[of] p2a: Samurott
|move|p1a: Urshifu|Drain Punch|p2a: Samurott
|-supereffective|p2a: Samurott
|-damage|p2a: Samurott|0 fnt
|-heal|p1a: Urshifu|51/100|[from] drain|[of] p2a: Samurott
|faint|p2a: Samurott
|
|win|ho3nconfirm3d
|raw|ho3nconfirm3d's rating: 2048 → 2065(+17 for winning)
|raw|aesf's rating: 1994 → 1977(-17 for losing)
|c|☆aesf|gg
|l|☆ho3nconfirm3d
|l|☆aesf
|l| 96 Cents
|j|☆ho3nconfirm3d
|player|p1|ho3nconfirm3d|#ho3nconfirm3d
