|j|☆L34D3R M1STY
|j|☆jly8
|t:|1685931748
|gametype|singles
|player|p1|L34D3R M1STY|misty|1548
|player|p2|jly8|volkner|1592
|teamsize|p1|6
|teamsize|p2|6
|gen|9
|tier|[Gen 9] OU
|rated|
|rule|Sleep Clause Mod: Limit one foe put to sleep
|rule|Species Clause: Limit one of each Pokémon
|rule|OHKO Clause: OHKO moves are banned
|rule|Evasion Items Clause: Evasion items are banned
|rule|Evasion Moves Clause: Evasion moves are banned
|rule|Endless Battle Clause: Forcing endless battles is banned
|rule|HP Percentage Mod: HP is shown in percentages
|clearpoke
|poke|p1|Kleavor, F|
|poke|p1|Pelipper, F|
|poke|p1|Basculegion, M|
|poke|p1|Iron Treads|
|poke|p1|Rabsca, F|
|poke|p1|Dragonite, F|
|poke|p2|Magearna|
|poke|p2|Chien-Pao|
|poke|p2|Dragonite, F|
|poke|p2|Slowking-Galar, M|
|poke|p2|Volcarona, F|
|poke|p2|Grimmsnarl, M|
|teampreview
|inactive|Battle timer is ON: inactive players will automatically lose when time's up. (requested by L34D3R M1STY)
|c|☆L34D3R M1STY|Glhf
|
|t:|1685931760
|start
|switch|p1a: Kleavor|Kleavor, F|100/100
|switch|p2a: Grimmsnarl|Grimmsnarl, M|100/100
|turn|1
|
|t:|1685931770
|move|p2a: Grimmsnarl|Reflect|p2a: Grimmsnarl
|-sidestart|p2: jly8|Reflect
|move|p1a: Kleavor|Stone Axe|p2a: Grimmsnarl
|-damage|p2a: Grimmsnarl|70/100
|-sidestart|p2: jly8|move: Stealth Rock
|
|upkeep
|turn|2
|
|t:|1685931775
|move|p2a: Grimmsnarl|Light Screen|p2a: Grimmsnarl
|-sidestart|p2: jly8|move: Light Screen
|move|p1a: Kleavor|U-turn|p2a: Grimmsnarl
|-crit|p2a: Grimmsnarl
|-damage|p2a: Grimmsnarl|0 fnt
|faint|p2a: Grimmsnarl
|
|t:|1685931794
|switch|p1a: Pelipper|Pelipper, F|100/100|[from] U-turn
|-weather|RainDance|[from] ability: Drizzle|[of] p1a: Pelipper
|
|-weather|RainDance|[upkeep]
|upkeep
|
|t:|1685931800
|switch|p2a: Magearna|Magearna|100/100
|-damage|p2a: Magearna|94/100|[from] Stealth Rock
|turn|3
|
|t:|1685931806
|move|p2a: Magearna|Iron Defense|p2a: Magearna
|-boost|p2a: Magearna|def|2
|move|p1a: Pelipper|U-turn|p2a: Magearna
|-resisted|p2a: Magearna
|-damage|p2a: Magearna|94/100
|
|t:|1685931815
|switch|p1a: Iron Treads|Iron Treads|100/100|[from] U-turn
|
|-weather|RainDance|[upkeep]
|-heal|p2a: Magearna|99/100|[from] item: Leftovers
|upkeep
|turn|4
|
|t:|1685931822
|-terastallize|p1a: Iron Treads|Ground
|move|p1a: Iron Treads|Earthquake|p2a: Magearna
|-supereffective|p2a: Magearna
|-damage|p2a: Magearna|77/100
|move|p2a: Magearna|Iron Defense|p2a: Magearna
|-boost|p2a: Magearna|def|2
|
|-weather|RainDance|[upkeep]
|-heal|p2a: Magearna|83/100|[from] item: Leftovers
|upkeep
|turn|5
|
|t:|1685931831
|move|p1a: Iron Treads|Earthquake|p2a: Magearna
|-supereffective|p2a: Magearna
|-damage|p2a: Magearna|68/100
|move|p2a: Magearna|Iron Defense|p2a: Magearna
|-boost|p2a: Magearna|def|2
|
|-weather|RainDance|[upkeep]
|-heal|p2a: Magearna|74/100|[from] item: Leftovers
|upkeep
|turn|6
|
|t:|1685931838
|move|p1a: Iron Treads|Earthquake|p2a: Magearna
|-supereffective|p2a: Magearna
|-damage|p2a: Magearna|63/100
|move|p2a: Magearna|Calm Mind|p2a: Magearna
|-boost|p2a: Magearna|spa|1
|-boost|p2a: Magearna|spd|1
|
|-weather|RainDance|[upkeep]
|-heal|p2a: Magearna|69/100|[from] item: Leftovers
|upkeep
|turn|7
|
|t:|1685931847
|move|p1a: Iron Treads|Earthquake|p2a: Magearna
|-supereffective|p2a: Magearna
|-crit|p2a: Magearna
|-damage|p2a: Magearna|0 fnt
|faint|p2a: Magearna
|
|-weather|RainDance|[upkeep]
|upkeep
|
|t:|1685931862
|switch|p2a: Dragonite|Dragonite, F|100/100
|turn|8
|
|t:|1685931869
|move|p1a: Iron Treads|Iron Head|p2a: Dragonite
|-damage|p2a: Dragonite|91/100
|move|p2a: Dragonite|Dragon Dance|p2a: Dragonite
|-boost|p2a: Dragonite|atk|1
|-boost|p2a: Dragonite|spe|1
|
|-weather|RainDance|[upkeep]
|-sideend|p2: jly8|Reflect
|upkeep
|turn|9
|
|t:|1685931875
|move|p1a: Iron Treads|Ice Spinner|p2a: Dragonite
|-supereffective|p2a: Dragonite
|-damage|p2a: Dragonite|0 fnt
|faint|p2a: Dragonite
|
|-weather|none
|-sideend|p2: jly8|move: Light Screen
|upkeep
|
|t:|1685931883
|switch|p2a: Chien-Pao|Chien-Pao|100/100
|-damage|p2a: Chien-Pao|76/100|[from] Stealth Rock
|-ability|p2a: Chien-Pao|Sword of Ruin
|turn|10
|
|t:|1685931890
|-end|p1a: Iron Treads|Quark Drive|[silent]
|switch|p1a: Pelipper|Pelipper, F|100/100
|-weather|RainDance|[from] ability: Drizzle|[of] p1a: Pelipper
|move|p2a: Chien-Pao|Icicle Crash|p1a: Pelipper
|-damage|p1a: Pelipper|39/100
|
|-weather|RainDance|[upkeep]
|upkeep
|turn|11
|
|t:|1685931897
|move|p2a: Chien-Pao|Icicle Crash|p1a: Pelipper
|-damage|p1a: Pelipper|0 fnt
|faint|p1a: Pelipper
|
|-weather|RainDance|[upkeep]
|upkeep
|
|t:|1685931901
|switch|p1a: Kleavor|Kleavor, F|100/100
|turn|12
|
|t:|1685931905
|move|p2a: Chien-Pao|Icicle Crash|p1a: Kleavor
|-enditem|p1a: Kleavor|Focus Sash
|-damage|p1a: Kleavor|1/100
|move|p1a: Kleavor|Stone Axe|p2a: Chien-Pao
|-supereffective|p2a: Chien-Pao
|-damage|p2a: Chien-Pao|0 fnt
|faint|p2a: Chien-Pao
|
|-weather|RainDance|[upkeep]
|upkeep
|-message|jly8 forfeited.
|
|win|L34D3R M1STY
|raw|L34D3R M1STY's rating: 1548 → 1571(+23 for winning)
|raw|jly8's rating: 1592 → 1569(-23 for losing)
|l|☆jly8
|c|☆L34D3R M1STY|Gg
