|j|☆womanlover3432
|j|☆mnbvcxz321
|t:|1685837916
|gametype|singles
|player|p1|womanlover3432|backersf|1130
|player|p2|mnbvcxz321|cyrus|1206
|teamsize|p1|6
|teamsize|p2|6
|gen|9
|tier|[Gen 9] OU
|rated|
|rule|Sleep Clause Mod: Limit one foe put to sleep
|rule|Species Clause: Limit one of each Pokémon
|rule|OHKO Clause: OHKO moves are banned
|rule|Evasion Items Clause: Evasion items are banned
|rule|Evasion Moves Clause: Evasion moves are banned
|rule|Endless Battle Clause: Forcing endless battles is banned
|rule|HP Percentage Mod: HP is shown in percentages
|clearpoke
|poke|p1|Frosmoth, M|
|poke|p1|Lumineon, M|
|poke|p1|Enamorus, F|
|poke|p1|Sylveon, M|
|poke|p1|Thundurus, M|
|poke|p1|Corviknight, M|
|poke|p2|Dragapult, M|
|poke|p2|Skeledirge, F|
|poke|p2|Great Tusk|
|poke|p2|Amoonguss, F|
|poke|p2|Slowking, M|
|poke|p2|Chien-Pao|
|teampreview
|inactive|Battle timer is ON: inactive players will automatically lose when time's up. (requested by womanlover3432)
|
|t:|1685837928
|start
|switch|p1a: Thundurus|Thundurus, M|100/100
|switch|p2a: Dragapult|Dragapult, M, shiny|100/100
|turn|1
|
|t:|1685837936
|move|p1a: Thundurus|Taunt|p2a: Dragapult
|-start|p2a: Dragapult|move: Taunt
|move|p2a: Dragapult|Draco Meteor|p1a: Thundurus
|-damage|p1a: Thundurus|0 fnt
|-unboost|p2a: Dragapult|spa|2
|faint|p1a: Thundurus
|
|upkeep
|
|t:|1685837951
|switch|p1a: Enamorus|Enamorus, F|100/100
|turn|2
|
|t:|1685837958
|switch|p2a: Amoonguss|Amoonguss, F, shiny|100/100
|move|p1a: Enamorus|Calm Mind|p1a: Enamorus
|-boost|p1a: Enamorus|spa|1
|-boost|p1a: Enamorus|spd|1
|
|upkeep
|turn|3
|
|t:|1685837968
|move|p1a: Enamorus|Mystical Fire|p2a: Amoonguss
|-supereffective|p2a: Amoonguss
|-damage|p2a: Amoonguss|42/100
|-unboost|p2a: Amoonguss|spa|1
|move|p2a: Amoonguss|Spore|p1a: Enamorus
|-status|p1a: Enamorus|slp|[from] move: Spore
|
|-heal|p2a: Amoonguss|48/100|[from] item: Black Sludge
|upkeep
|turn|4
|
|t:|1685837978
|switch|p2a: Chien-Pao|Chien-Pao|100/100
|-ability|p2a: Chien-Pao|Sword of Ruin
|-terastallize|p1a: Enamorus|Ground
|cant|p1a: Enamorus|slp
|
|upkeep
|turn|5
|
|t:|1685837995
|move|p2a: Chien-Pao|Icicle Crash|p1a: Enamorus
|-supereffective|p1a: Enamorus
|-damage|p1a: Enamorus|0 fnt
|faint|p1a: Enamorus
|
|upkeep
|
|t:|1685837998
|switch|p1a: Corviknight|Corviknight, M|100/100
|-ability|p1a: Corviknight|Pressure
|turn|6
|
|t:|1685838004
|move|p2a: Chien-Pao|Icicle Crash|p1a: Corviknight|[miss]
|-miss|p2a: Chien-Pao|p1a: Corviknight
|move|p1a: Corviknight|Iron Defense|p1a: Corviknight
|-boost|p1a: Corviknight|def|2
|
|upkeep
|turn|7
|
|t:|1685838017
|move|p2a: Chien-Pao|Icicle Crash|p1a: Corviknight
|-damage|p1a: Corviknight|78/100
|cant|p1a: Corviknight|flinch
|
|-heal|p1a: Corviknight|84/100|[from] item: Leftovers
|upkeep
|turn|8
|
|t:|1685838026
|switch|p2a: Skeledirge|Skeledirge, F, shiny|100/100
|move|p1a: Corviknight|Body Press|p2a: Skeledirge
|-immune|p2a: Skeledirge
|
|-heal|p1a: Corviknight|90/100|[from] item: Leftovers
|upkeep
|turn|9
|
|t:|1685838034
|switch|p1a: Lumineon|Lumineon, M|100/100
|move|p2a: Skeledirge|Torch Song|p1a: Lumineon
|-resisted|p1a: Lumineon
|-damage|p1a: Lumineon|79/100
|-boost|p2a: Skeledirge|spa|1
|
|-heal|p1a: Lumineon|85/100|[from] item: Leftovers
|upkeep
|turn|10
|
|t:|1685838053
|switch|p2a: Amoonguss|Amoonguss, F, shiny|81/100
|move|p1a: Lumineon|Attract|p2a: Amoonguss
|-start|p2a: Amoonguss|Attract
|
|-heal|p1a: Lumineon|91/100|[from] item: Leftovers
|-heal|p2a: Amoonguss|88/100|[from] item: Black Sludge
|upkeep
|turn|11
|
|t:|1685838068
|switch|p2a: Dragapult|Dragapult, M, shiny|100/100
|move|p1a: Lumineon|Ice Beam|p2a: Dragapult
|-supereffective|p2a: Dragapult
|-damage|p2a: Dragapult|42/100
|
|-heal|p1a: Lumineon|97/100|[from] item: Leftovers
|upkeep
|turn|12
|
|t:|1685838076
|switch|p1a: Sylveon|Sylveon, M|100/100
|move|p2a: Dragapult|U-turn|p1a: Sylveon
|-resisted|p1a: Sylveon
|-damage|p1a: Sylveon|90/100
|
|t:|1685838082
|switch|p2a: Amoonguss|Amoonguss, F, shiny|100/100|[from] U-turn
|
|-heal|p1a: Sylveon|96/100|[from] item: Leftovers
|upkeep
|turn|13
|
|t:|1685838088
|switch|p1a: Lumineon|Lumineon, M|97/100
|move|p2a: Amoonguss|Spore|p1a: Lumineon
|-status|p1a: Lumineon|slp|[from] move: Spore
|
|-heal|p1a: Lumineon|100/100 slp|[from] item: Leftovers
|upkeep
|turn|14
|
|t:|1685838097
|switch|p1a: Frosmoth|Frosmoth, M|100/100
|move|p2a: Amoonguss|Giga Drain|p1a: Frosmoth
|-resisted|p1a: Frosmoth
|-damage|p1a: Frosmoth|93/100
|
|-heal|p1a: Frosmoth|99/100|[from] item: Leftovers
|upkeep
|turn|15
|
|t:|1685838112
|switch|p2a: Skeledirge|Skeledirge, F, shiny|100/100
|move|p1a: Frosmoth|Attract|p2a: Skeledirge
|-start|p2a: Skeledirge|Attract
|
|-heal|p1a: Frosmoth|100/100|[from] item: Leftovers
|upkeep
|turn|16
|
|t:|1685838137
|switch|p1a: Sylveon|Sylveon, M|96/100
|-end|p2a: Skeledirge|Attract|[silent]
|move|p2a: Skeledirge|Torch Song|p1a: Sylveon
|-damage|p1a: Sylveon|75/100
|-boost|p2a: Skeledirge|spa|1
|
|-heal|p1a: Sylveon|81/100|[from] item: Leftovers
|upkeep
|turn|17
|
|t:|1685838149
|move|p2a: Skeledirge|Torch Song|p1a: Sylveon
|-damage|p1a: Sylveon|50/100
|-boost|p2a: Skeledirge|spa|1
|move|p1a: Sylveon|Calm Mind|p1a: Sylveon
|-boost|p1a: Sylveon|spa|1
|-boost|p1a: Sylveon|spd|1
|
|-heal|p1a: Sylveon|56/100|[from] item: Leftovers
|upkeep
|turn|18
|
|t:|1685838159
|move|p2a: Skeledirge|Torch Song|p1a: Sylveon
|-damage|p1a: Sylveon|15/100
|-boost|p2a: Skeledirge|spa|1
|move|p1a: Sylveon|Calm Mind|p1a: Sylveon
|-boost|p1a: Sylveon|spa|1
|-boost|p1a: Sylveon|spd|1
|
|-heal|p1a: Sylveon|21/100|[from] item: Leftovers
|upkeep
|turn|19
|
|t:|1685838169
|move|p2a: Skeledirge|Torch Song|p1a: Sylveon
|-damage|p1a: Sylveon|0 fnt
|-boost|p2a: Skeledirge|spa|1
|faint|p1a: Sylveon
|
|upkeep
|
|t:|1685838175
|switch|p1a: Lumineon|Lumineon, M|100/100 slp
|turn|20
|
|t:|1685838178
|cant|p1a: Lumineon|slp
|move|p2a: Skeledirge|Torch Song|p1a: Lumineon
|-resisted|p1a: Lumineon
|-damage|p1a: Lumineon|35/100 slp
|-boost|p2a: Skeledirge|spa|1
|
|-heal|p1a: Lumineon|41/100 slp|[from] item: Leftovers
|upkeep
|turn|21
|
|t:|1685838187
|cant|p1a: Lumineon|slp
|move|p2a: Skeledirge|Torch Song|p1a: Lumineon
|-resisted|p1a: Lumineon
|-damage|p1a: Lumineon|0 fnt
|-boost|p2a: Skeledirge|spa|1
|faint|p1a: Lumineon
|
|upkeep
|
|t:|1685838191
|switch|p1a: Frosmoth|Frosmoth, M|100/100
|turn|22
|
|t:|1685838198
|move|p1a: Frosmoth|Attract|p2a: Skeledirge
|-start|p2a: Skeledirge|Attract
|-activate|p2a: Skeledirge|move: Attract|[of] p1a: Frosmoth
|cant|p2a: Skeledirge|Attract
|
|upkeep
|turn|23
|c|☆womanlover3432|goobrer
|
|t:|1685838215
|switch|p2a: Dragapult|Dragapult, M, shiny|42/100
|move|p1a: Frosmoth|Ice Beam|p2a: Dragapult
|-supereffective|p2a: Dragapult
|-damage|p2a: Dragapult|0 fnt
|faint|p2a: Dragapult
|
|upkeep
|
|t:|1685838223
|switch|p2a: Skeledirge|Skeledirge, F, shiny|100/100
|turn|24
|
|t:|1685838227
|switch|p2a: Amoonguss|Amoonguss, F, shiny|100/100
|move|p1a: Frosmoth|Attract|p2a: Amoonguss
|-start|p2a: Amoonguss|Attract
|
|upkeep
|turn|25
|
|t:|1685838235
|switch|p2a: Skeledirge|Skeledirge, F, shiny|100/100
|move|p1a: Frosmoth|Quiver Dance|p1a: Frosmoth
|-boost|p1a: Frosmoth|spa|1
|-boost|p1a: Frosmoth|spd|1
|-boost|p1a: Frosmoth|spe|1
|
|upkeep
|turn|26
|
|t:|1685838243
|move|p1a: Frosmoth|Attract|p2a: Skeledirge
|-start|p2a: Skeledirge|Attract
|-activate|p2a: Skeledirge|move: Attract|[of] p1a: Frosmoth
|cant|p2a: Skeledirge|Attract
|
|upkeep
|turn|27
|
|t:|1685838252
|move|p1a: Frosmoth|Ice Beam|p2a: Skeledirge
|-resisted|p2a: Skeledirge
|-damage|p2a: Skeledirge|79/100
|-activate|p2a: Skeledirge|move: Attract|[of] p1a: Frosmoth
|cant|p2a: Skeledirge|Attract
|
|upkeep
|turn|28
|
|t:|1685838260
|switch|p2a: Amoonguss|Amoonguss, F, shiny|100/100
|move|p1a: Frosmoth|Ice Beam|p2a: Amoonguss
|-supereffective|p2a: Amoonguss
|-damage|p2a: Amoonguss|0 fnt
|faint|p2a: Amoonguss
|
|upkeep
|
|t:|1685838268
|switch|p2a: Chien-Pao|Chien-Pao|100/100
|-ability|p2a: Chien-Pao|Sword of Ruin
|turn|29
|
|t:|1685838282
|move|p2a: Chien-Pao|Sacred Sword|p1a: Frosmoth
|-damage|p1a: Frosmoth|29/100
|move|p1a: Frosmoth|Giga Drain|p2a: Chien-Pao
|-damage|p2a: Chien-Pao|34/100
|-heal|p1a: Frosmoth|65/100|[from] drain|[of] p2a: Chien-Pao
|
|-heal|p1a: Frosmoth|71/100|[from] item: Leftovers
|upkeep
|turn|30
|
|t:|1685838292
|move|p2a: Chien-Pao|Sacred Sword|p1a: Frosmoth
|-damage|p1a: Frosmoth|2/100
|move|p1a: Frosmoth|Giga Drain|p2a: Chien-Pao
|-damage|p2a: Chien-Pao|0 fnt
|-heal|p1a: Frosmoth|20/100|[from] drain|[of] p2a: Chien-Pao
|faint|p2a: Chien-Pao
|
|-heal|p1a: Frosmoth|26/100|[from] item: Leftovers
|upkeep
|c|☆womanlover3432|ATTRACT FROSMOTH >>>>>
|inactive|mnbvcxz321 has 120 seconds left.
|
|t:|1685838330
|switch|p2a: Skeledirge|Skeledirge, F, shiny|79/100
|turn|31
|inactive|mnbvcxz321 has 120 seconds left.
|
|t:|1685838335
|move|p1a: Frosmoth|Attract|p2a: Skeledirge
|-start|p2a: Skeledirge|Attract
|-activate|p2a: Skeledirge|move: Attract|[of] p1a: Frosmoth
|move|p2a: Skeledirge|Substitute|p2a: Skeledirge
|-start|p2a: Skeledirge|Substitute
|-damage|p2a: Skeledirge|54/100
|
|-heal|p1a: Frosmoth|33/100|[from] item: Leftovers
|upkeep
|turn|32
|inactive|mnbvcxz321 has 120 seconds left.
|inactive|mnbvcxz321 has 90 seconds left.
|c|☆womanlover3432|its all or nothing *emphasis on the nothing
|inactive|mnbvcxz321 has 60 seconds left.
|inactive|mnbvcxz321 has 30 seconds left.
|inactive|mnbvcxz321 has 20 seconds left.
|inactive|mnbvcxz321 has 15 seconds left.
|inactive|mnbvcxz321 has 10 seconds left.
|inactive|mnbvcxz321 has 5 seconds left.
|c|☆womanlover3432|teehee
|-message|mnbvcxz321 lost due to inactivity.
|
|win|womanlover3432
|raw|womanlover3432's rating: 1130 → 1160(+30 for winning)
|raw|mnbvcxz321's rating: 1206 → 1176(-30 for losing)
