|j|☆WeaknessTheory
|j|☆Gregory Mirabella
|t:|1685919938
|gametype|singles
|player|p1|WeaknessTheory|cheren-gen5bw2|1414
|player|p2|Gregory Mirabella|2|1344
|teamsize|p1|6
|teamsize|p2|6
|gen|9
|tier|[Gen 9] OU
|rated|
|rule|Sleep Clause Mod: Limit one foe put to sleep
|rule|Species Clause: Limit one of each Pokémon
|rule|OHKO Clause: OHKO moves are banned
|rule|Evasion Items Clause: Evasion items are banned
|rule|Evasion Moves Clause: Evasion moves are banned
|rule|Endless Battle Clause: Forcing endless battles is banned
|rule|HP Percentage Mod: HP is shown in percentages
|clearpoke
|poke|p1|Arcanine-Hisui, M|
|poke|p1|Volcanion|
|poke|p1|Zapdos-Galar|
|poke|p1|Samurott-Hisui, M|
|poke|p1|Goodra-Hisui, M|
|poke|p1|Iron Treads|
|poke|p2|Sneasler, F|
|poke|p2|Arcanine-Hisui, M|
|poke|p2|Azelf|
|poke|p2|Goodra-Hisui, F|
|poke|p2|Enamorus-Therian, F|
|poke|p2|Sandy Shocks|
|teampreview
|c|☆Gregory Mirabella|glhf
|inactive|Battle timer is ON: inactive players will automatically lose when time's up. (requested by WeaknessTheory)
|
|t:|1685919945
|start
|switch|p1a: Zapdos|Zapdos-Galar|100/100
|switch|p2a: Azelf|Azelf, shiny|100/100
|turn|1
|
|t:|1685919949
|move|p1a: Zapdos|U-turn|p2a: Azelf
|-supereffective|p2a: Azelf
|-damage|p2a: Azelf|28/100
|
|t:|1685919952
|switch|p1a: Iron Treads|Iron Treads|100/100|[from] U-turn
|-enditem|p1a: Iron Treads|Booster Energy
|-activate|p1a: Iron Treads|ability: Quark Drive|[fromitem]
|-start|p1a: Iron Treads|quarkdrivespe
|move|p2a: Azelf|Stealth Rock|p1a: Iron Treads
|-sidestart|p1: WeaknessTheory|move: Stealth Rock
|
|upkeep
|turn|2
|
|t:|1685919972
|move|p1a: Iron Treads|Rapid Spin|p2a: Azelf
|-damage|p2a: Azelf|9/100
|-boost|p1a: Iron Treads|spe|1
|-sideend|p1: WeaknessTheory|Stealth Rock|[from] move: Rapid Spin|[of] p1a: Iron Treads
|move|p2a: Azelf|U-turn|p1a: Iron Treads
|-resisted|p1a: Iron Treads
|-damage|p1a: Iron Treads|93/100
|
|t:|1685919986
|switch|p2a: Enamorus|Enamorus-Therian, F, shiny|100/100|[from] U-turn
|
|upkeep
|turn|3
|
|t:|1685919990
|move|p1a: Iron Treads|Volt Switch|p2a: Enamorus
|-supereffective|p2a: Enamorus
|-damage|p2a: Enamorus|77/100
|
|t:|1685919996
|-end|p1a: Iron Treads|Quark Drive|[silent]
|switch|p1a: Arcanine|Arcanine-Hisui, M|100/100|[from] Volt Switch
|move|p2a: Enamorus|Calm Mind|p2a: Enamorus
|-boost|p2a: Enamorus|spa|1
|-boost|p2a: Enamorus|spd|1
|
|upkeep
|turn|4
|
|t:|1685920009
|-terastallize|p2a: Enamorus|Fairy
|move|p1a: Arcanine|Head Smash|p2a: Enamorus
|-damage|p2a: Enamorus|8/100
|move|p2a: Enamorus|Earth Power|p1a: Arcanine
|-supereffective|p1a: Arcanine
|-damage|p1a: Arcanine|0 fnt
|faint|p1a: Arcanine
|
|upkeep
|
|t:|1685920017
|switch|p1a: Iron Treads|Iron Treads|93/100
|turn|5
|
|t:|1685920026
|move|p1a: Iron Treads|Rapid Spin|p2a: Enamorus
|-damage|p2a: Enamorus|0 fnt
|-boost|p1a: Iron Treads|spe|1
|faint|p2a: Enamorus
|
|upkeep
|
|t:|1685920046
|switch|p2a: Goodra|Goodra-Hisui, F, shiny|100/100
|turn|6
|
|t:|1685920051
|move|p1a: Iron Treads|Earthquake|p2a: Goodra
|-supereffective|p2a: Goodra
|-damage|p2a: Goodra|29/100
|move|p2a: Goodra|Acid Armor|p2a: Goodra
|-boost|p2a: Goodra|def|2
|
|-heal|p2a: Goodra|35/100|[from] item: Leftovers
|upkeep
|turn|7
|
|t:|1685920057
|switch|p2a: Azelf|Azelf, shiny|9/100
|move|p1a: Iron Treads|Earthquake|p2a: Azelf
|-immune|p2a: Azelf|[from] ability: Levitate
|
|upkeep
|turn|8
|c|☆Gregory Mirabella|i lose
|inactive|Gregory Mirabella has 120 seconds left.
|
|t:|1685920089
|move|p1a: Iron Treads|Rapid Spin|p2a: Azelf
|-damage|p2a: Azelf|0 fnt
|-boost|p1a: Iron Treads|spe|1
|faint|p2a: Azelf
|
|upkeep
|inactive|Gregory Mirabella has 120 seconds left.
|
|t:|1685920102
|switch|p2a: Sneasler|Sneasler, F, shiny|100/100
|turn|9
|
|t:|1685920105
|-terastallize|p1a: Iron Treads|Ghost
|move|p1a: Iron Treads|Rapid Spin|p2a: Sneasler
|-damage|p2a: Sneasler|77/100
|-boost|p1a: Iron Treads|spe|1
|move|p2a: Sneasler|Close Combat|p1a: Iron Treads
|-immune|p1a: Iron Treads
|
|upkeep
|turn|10
|
|t:|1685920114
|switch|p2a: Sandy Shocks|Sandy Shocks, shiny|100/100
|move|p1a: Iron Treads|Earthquake|p2a: Sandy Shocks
|-supereffective|p2a: Sandy Shocks
|-damage|p2a: Sandy Shocks|18/100
|
|upkeep
|turn|11
|c|☆Gregory Mirabella|wait what
|c|☆Gregory Mirabella|yhow did it live
|inactive|Gregory Mirabella has 120 seconds left.
|
|t:|1685920137
|move|p1a: Iron Treads|Earthquake|p2a: Sandy Shocks
|-supereffective|p2a: Sandy Shocks
|-damage|p2a: Sandy Shocks|0 fnt
|faint|p2a: Sandy Shocks
|-end|p2a: Sandy Shocks|Protosynthesis|[silent]
|
|upkeep
|c|☆WeaknessTheory|I'm not max attack
|inactive|Gregory Mirabella has 120 seconds left.
|
|t:|1685920145
|switch|p2a: Sneasler|Sneasler, F, shiny|77/100
|turn|12
|
|t:|1685920148
|move|p1a: Iron Treads|Earthquake|p2a: Sneasler
|-supereffective|p2a: Sneasler
|-damage|p2a: Sneasler|0 fnt
|faint|p2a: Sneasler
|
|upkeep
|c|☆Gregory Mirabella|my sneasler mightve been able to live then
|
|t:|1685920160
|switch|p2a: Arcanine|Arcanine-Hisui, M|100/100
|turn|13
|
|t:|1685920164
|move|p1a: Iron Treads|Earthquake|p2a: Arcanine
|-supereffective|p2a: Arcanine
|-damage|p2a: Arcanine|0 fnt
|faint|p2a: Arcanine
|
|upkeep
|c|☆Gregory Mirabella|gg
|-message|Gregory Mirabella forfeited.
|
|win|WeaknessTheory
|raw|WeaknessTheory's rating: 1414 → 1430(+16 for winning)
|raw|Gregory Mirabella's rating: 1344 → 1328(-16 for losing)
|c|☆WeaknessTheory|gg
|l|☆WeaknessTheory
