|j|☆Pudistor Black
|j|☆Granny Pie
|t:|1685836227
|gametype|singles
|player|p1|Pudistor Black|lucian|1643
|player|p2|Granny Pie|medium|1650
|teamsize|p1|6
|teamsize|p2|6
|gen|9
|tier|[Gen 9] OU
|rated|
|rule|Sleep Clause Mod: Limit one foe put to sleep
|rule|Species Clause: Limit one of each Pokémon
|rule|OHKO Clause: OHKO moves are banned
|rule|Evasion Items Clause: Evasion items are banned
|rule|Evasion Moves Clause: Evasion moves are banned
|rule|Endless Battle Clause: Forcing endless battles is banned
|rule|HP Percentage Mod: HP is shown in percentages
|clearpoke
|poke|p1|Pelipper, F|
|poke|p1|Corviknight, F|
|poke|p1|Clodsire, F|
|poke|p1|Goodra, M|
|poke|p1|Thundurus-Therian, M|
|poke|p1|Urshifu-*, F|
|poke|p2|Magearna|
|poke|p2|Drifblim, F|
|poke|p2|Clodsire, F|
|poke|p2|Skeledirge, M|
|poke|p2|Toxapex, F|
|poke|p2|Blissey, F|
|teampreview
|inactive|Battle timer is ON: inactive players will automatically lose when time's up. (requested by Granny Pie)
|
|t:|1685836242
|start
|switch|p1a: Poustiflex|Pelipper, F|100/100
|switch|p2a: Toxapex|Toxapex, F|100/100
|-weather|RainDance|[from] ability: Drizzle|[of] p1a: Poustiflex
|turn|1
|
|t:|1685836249
|move|p1a: Poustiflex|U-turn|p2a: Toxapex
|-resisted|p2a: Toxapex
|-damage|p2a: Toxapex|98/100
|
|t:|1685836251
|switch|p1a: Goodra|Goodra, M|100/100|[from] U-turn
|move|p2a: Toxapex|Toxic|p1a: Goodra
|-status|p1a: Goodra|tox
|
|-weather|RainDance|[upkeep]
|-activate|p1a: Goodra|ability: Hydration
|-curestatus|p1a: Goodra|tox|[msg]
|upkeep
|turn|2
|c|☆Granny Pie|Real
|
|t:|1685836266
|switch|p1a: Clodsire|Clodsire, F|100/100
|move|p2a: Toxapex|Toxic Spikes|p1a: Clodsire
|-sidestart|p1: Pudistor Black|move: Toxic Spikes
|
|-weather|RainDance|[upkeep]
|upkeep
|turn|3
|
|t:|1685836271
|move|p2a: Toxapex|Toxic Spikes|p1a: Clodsire
|-sidestart|p1: Pudistor Black|move: Toxic Spikes
|move|p1a: Clodsire|Stealth Rock|p2a: Toxapex
|-sidestart|p2: Granny Pie|move: Stealth Rock
|
|-weather|RainDance|[upkeep]
|upkeep
|turn|4
|
|t:|1685836284
|switch|p2a: Drifblim|Drifblim, F|100/100
|switch|p1a: Goodra|Goodra, M|100/100
|-status|p1a: Goodra|tox
|
|-weather|RainDance|[upkeep]
|-activate|p1a: Goodra|ability: Hydration
|-curestatus|p1a: Goodra|tox|[msg]
|upkeep
|turn|5
|
|t:|1685836293
|switch|p2a: Magearna|Magearna|100/100
|move|p1a: Goodra|Thunder|p2a: Magearna
|-damage|p2a: Magearna|63/100
|-damage|p1a: Goodra|91/100|[from] item: Life Orb
|
|-weather|RainDance|[upkeep]
|upkeep
|turn|6
|
|t:|1685836302
|switch|p1a: Clodsire|Clodsire, F|100/100
|-sideend|p1: Pudistor Black|move: Toxic Spikes|[of] p1a: Clodsire
|switch|p2a: Clodsire|Clodsire, F|100/100
|
|-weather|RainDance|[upkeep]
|upkeep
|turn|7
|
|t:|1685836309
|move|p1a: Clodsire|Earthquake|p2a: Clodsire
|-supereffective|p2a: Clodsire
|-damage|p2a: Clodsire|43/100
|move|p2a: Clodsire|Earthquake|p1a: Clodsire
|-supereffective|p1a: Clodsire
|-damage|p1a: Clodsire|37/100
|
|-weather|RainDance|[upkeep]
|-heal|p1a: Clodsire|43/100|[from] item: Leftovers
|upkeep
|turn|8
|
|t:|1685836317
|move|p2a: Clodsire|Earthquake|p1a: Clodsire
|-supereffective|p1a: Clodsire
|-damage|p1a: Clodsire|0 fnt
|faint|p1a: Clodsire
|
|-weather|none
|upkeep
|
|t:|1685836325
|switch|p1a: Urshifu|Urshifu-Rapid-Strike, F|100/100
|turn|9
|
|t:|1685836332
|switch|p2a: Toxapex|Toxapex, F|100/100
|move|p1a: Urshifu|Zen Headbutt|p2a: Toxapex
|-supereffective|p2a: Toxapex
|-damage|p2a: Toxapex|67/100
|
|upkeep
|turn|10
|j| CursedSet
|
|t:|1685836342
|move|p1a: Urshifu|Zen Headbutt|p2a: Toxapex
|-supereffective|p2a: Toxapex
|-damage|p2a: Toxapex|34/100
|move|p2a: Toxapex|Toxic|p1a: Urshifu
|-status|p1a: Urshifu|tox
|
|-damage|p1a: Urshifu|94/100 tox|[from] psn
|upkeep
|turn|11
|
|t:|1685836354
|switch|p1a: Poustiflex|Pelipper, F|100/100
|-weather|RainDance|[from] ability: Drizzle|[of] p1a: Poustiflex
|switch|p2a: Magearna|Magearna|63/100
|
|-weather|RainDance|[upkeep]
|upkeep
|turn|12
|
|t:|1685836363
|switch|p1a: Thundurus|Thundurus-Therian, M|100/100
|move|p2a: Magearna|Volt Switch|p1a: Thundurus
|-immune|p1a: Thundurus|[from] ability: Volt Absorb
|
|-weather|RainDance|[upkeep]
|upkeep
|turn|13
|l| CursedSet
|
|t:|1685836386
|switch|p2a: Blissey|Blissey, F|100/100
|move|p1a: Thundurus|Tera Blast|p2a: Blissey
|-damage|p2a: Blissey|89/100
|
|-weather|RainDance|[upkeep]
|upkeep
|turn|14
|
|t:|1685836399
|switch|p1a: Urshifu|Urshifu-Rapid-Strike, F|94/100 tox
|move|p2a: Blissey|Stealth Rock|p1a: Urshifu
|-sidestart|p1: Pudistor Black|move: Stealth Rock
|
|-weather|RainDance|[upkeep]
|-damage|p1a: Urshifu|88/100 tox|[from] psn
|upkeep
|turn|15
|
|t:|1685836409
|switch|p2a: Drifblim|Drifblim, F|100/100
|move|p1a: Urshifu|U-turn|p2a: Drifblim
|-resisted|p2a: Drifblim
|-damage|p2a: Drifblim|95/100
|
|t:|1685836427
|switch|p1a: Thundurus|Thundurus-Therian, M|100/100|[from] U-turn
|-damage|p1a: Thundurus|75/100|[from] Stealth Rock
|
|-weather|RainDance|[upkeep]
|upkeep
|turn|16
|
|t:|1685836436
|switch|p2a: Clodsire|Clodsire, F|43/100
|move|p1a: Thundurus|Volt Switch|p2a: Clodsire
|-immune|p2a: Clodsire
|
|-weather|RainDance|[upkeep]
|upkeep
|turn|17
|
|t:|1685836443
|switch|p1a: Urshifu|Urshifu-Rapid-Strike, F|88/100 tox
|-damage|p1a: Urshifu|82/100 tox|[from] Stealth Rock
|move|p2a: Clodsire|Recover|p2a: Clodsire
|-heal|p2a: Clodsire|94/100
|
|-weather|RainDance|[upkeep]
|-damage|p1a: Urshifu|76/100 tox|[from] psn
|upkeep
|turn|18
|
|t:|1685836453
|switch|p2a: Drifblim|Drifblim, F|95/100
|move|p1a: Urshifu|Surging Strikes|p2a: Drifblim
|-crit|p2a: Drifblim
|-damage|p2a: Drifblim|74/100
|-crit|p2a: Drifblim
|-damage|p2a: Drifblim|50/100
|-crit|p2a: Drifblim
|-damage|p2a: Drifblim|28/100
|-hitcount|p2a: Drifblim|3
|
|-weather|none
|-damage|p1a: Urshifu|64/100 tox|[from] psn
|upkeep
|turn|19
|
|t:|1685836464
|move|p1a: Urshifu|Surging Strikes|p2a: Drifblim
|-crit|p2a: Drifblim
|-damage|p2a: Drifblim|12/100
|-crit|p2a: Drifblim
|-damage|p2a: Drifblim|0 fnt
|-damage|p1a: Urshifu|39/100 tox|[from] ability: Aftermath|[of] p2a: Drifblim
|faint|p2a: Drifblim
|-hitcount|p2: Drifblim|2
|
|-damage|p1a: Urshifu|20/100 tox|[from] psn
|upkeep
|
|t:|1685836473
|switch|p2a: Toxapex|Toxapex, F|68/100
|turn|20
|
|t:|1685836478
|switch|p1a: Goodra|Goodra, M|91/100
|-damage|p1a: Goodra|78/100|[from] Stealth Rock
|move|p2a: Toxapex|Toxic Spikes|p1a: Goodra
|-sidestart|p1: Pudistor Black|move: Toxic Spikes
|
|upkeep
|turn|21
|
|t:|1685836488
|switch|p2a: Clodsire|Clodsire, F|94/100
|move|p1a: Goodra|Thunder|p2a: Clodsire
|-immune|p2a: Clodsire
|
|upkeep
|turn|22
|
|t:|1685836496
|switch|p1a: Poustiflex|Pelipper, F|100/100
|-damage|p1a: Poustiflex|75/100|[from] Stealth Rock
|-weather|RainDance|[from] ability: Drizzle|[of] p1a: Poustiflex
|move|p2a: Clodsire|Spikes|p1a: Poustiflex
|-sidestart|p1: Pudistor Black|Spikes
|
|-weather|RainDance|[upkeep]
|upkeep
|turn|23
|
|t:|1685836505
|switch|p2a: Toxapex|Toxapex, F|100/100
|move|p1a: Poustiflex|U-turn|p2a: Toxapex
|-resisted|p2a: Toxapex
|-damage|p2a: Toxapex|98/100
|
|t:|1685836510
|switch|p1a: Goodra|Goodra, M|78/100|[from] U-turn
|-damage|p1a: Goodra|66/100|[from] Stealth Rock
|-status|p1a: Goodra|psn
|-damage|p1a: Goodra|53/100 psn|[from] Spikes
|
|-weather|RainDance|[upkeep]
|-activate|p1a: Goodra|ability: Hydration
|-curestatus|p1a: Goodra|psn|[msg]
|upkeep
|turn|24
|
|t:|1685836520
|switch|p2a: Clodsire|Clodsire, F|94/100
|move|p1a: Goodra|Rest|p1a: Goodra
|-status|p1a: Goodra|slp|[from] move: Rest
|-heal|p1a: Goodra|100/100 slp|[silent]
|
|-weather|RainDance|[upkeep]
|-activate|p1a: Goodra|ability: Hydration
|-curestatus|p1a: Goodra|slp|[msg]
|upkeep
|turn|25
|
|t:|1685836529
|move|p1a: Goodra|Hydro Pump|p2a: Clodsire
|-supereffective|p2a: Clodsire
|-damage|p2a: Clodsire|16/100
|-damage|p1a: Goodra|91/100|[from] item: Life Orb
|move|p2a: Clodsire|Spikes|p1a: Goodra
|-sidestart|p1: Pudistor Black|Spikes
|
|-weather|RainDance|[upkeep]
|upkeep
|turn|26
|
|t:|1685836538
|switch|p2a: Blissey|Blissey, F|89/100
|move|p1a: Goodra|Hydro Pump|p2a: Blissey
|-damage|p2a: Blissey|68/100
|-damage|p1a: Goodra|81/100|[from] item: Life Orb
|
|-weather|RainDance|[upkeep]
|upkeep
|turn|27
|
|t:|1685836545
|move|p1a: Goodra|Thunder|p2a: Blissey
|-damage|p2a: Blissey|54/100
|-status|p2a: Blissey|par
|-damage|p1a: Goodra|71/100|[from] item: Life Orb
|move|p2a: Blissey|Soft-Boiled|p2a: Blissey
|-heal|p2a: Blissey|100/100 par
|
|-weather|RainDance|[upkeep]
|upkeep
|turn|28
|
|t:|1685836553
|move|p1a: Goodra|Rest|p1a: Goodra
|-status|p1a: Goodra|slp|[from] move: Rest
|-heal|p1a: Goodra|100/100 slp|[silent]
|move|p2a: Blissey|Flamethrower|p1a: Goodra
|-resisted|p1a: Goodra
|-damage|p1a: Goodra|98/100 slp
|
|-weather|RainDance|[upkeep]
|-activate|p1a: Goodra|ability: Hydration
|-curestatus|p1a: Goodra|slp|[msg]
|upkeep
|turn|29
|
|t:|1685836570
|switch|p1a: Thundurus|Thundurus-Therian, M|75/100
|-damage|p1a: Thundurus|50/100|[from] Stealth Rock
|move|p2a: Blissey|Flamethrower|p1a: Thundurus
|-damage|p1a: Thundurus|39/100
|
|-weather|none
|upkeep
|turn|30
|
|t:|1685836582
|-curestatus|p2a: Blissey|par|[from] ability: Natural Cure
|switch|p2a: Clodsire|Clodsire, F|16/100
|move|p1a: Thundurus|Tera Blast|p2a: Clodsire
|-damage|p2a: Clodsire|0 fnt
|faint|p2a: Clodsire
|
|upkeep
|
|t:|1685836598
|switch|p2a: Magearna|Magearna|63/100
|turn|31
|
|t:|1685836612
|switch|p1a: Poustiflex|Pelipper, F|75/100
|-damage|p1a: Poustiflex|50/100|[from] Stealth Rock
|-weather|RainDance|[from] ability: Drizzle|[of] p1a: Poustiflex
|move|p2a: Magearna|Spikes|p1a: Poustiflex
|-sidestart|p1: Pudistor Black|Spikes
|
|-weather|RainDance|[upkeep]
|upkeep
|turn|32
|
|t:|1685836623
|switch|p1a: Thundurus|Thundurus-Therian, M|39/100
|-damage|p1a: Thundurus|14/100|[from] Stealth Rock
|move|p2a: Magearna|Draining Kiss|p1a: Thundurus
|-damage|p1a: Thundurus|0 fnt
|-heal|p2a: Magearna|72/100|[from] drain|[of] p1a: Thundurus
|faint|p1a: Thundurus
|-ability|p2a: Magearna|Soul-Heart|boost
|-boost|p2a: Magearna|spa|1
|
|-weather|RainDance|[upkeep]
|upkeep
|
|t:|1685836632
|switch|p1a: Goodra|Goodra, M|98/100
|-damage|p1a: Goodra|86/100|[from] Stealth Rock
|-status|p1a: Goodra|psn
|-damage|p1a: Goodra|61/100 psn|[from] Spikes
|turn|33
|
|t:|1685836640
|-terastallize|p1a: Goodra|Steel
|move|p1a: Goodra|Rest|p1a: Goodra
|-status|p1a: Goodra|slp|[from] move: Rest
|-heal|p1a: Goodra|100/100 slp|[silent]
|move|p2a: Magearna|Draining Kiss|p1a: Goodra
|-resisted|p1a: Goodra
|-damage|p1a: Goodra|91/100 slp
|-heal|p2a: Magearna|80/100|[from] drain|[of] p1a: Goodra
|
|-weather|RainDance|[upkeep]
|-activate|p1a: Goodra|ability: Hydration
|-curestatus|p1a: Goodra|slp|[msg]
|upkeep
|turn|34
|
|t:|1685836661
|switch|p2a: Blissey|Blissey, F|100/100
|move|p1a: Goodra|Hydro Pump|p2a: Blissey|[miss]
|-miss|p1a: Goodra|p2a: Blissey
|
|-weather|RainDance|[upkeep]
|upkeep
|turn|35
|
|t:|1685836667
|move|p1a: Goodra|Hydro Pump|p2a: Blissey
|-damage|p2a: Blissey|80/100
|-damage|p1a: Goodra|81/100|[from] item: Life Orb
|move|p2a: Blissey|Flamethrower|p1a: Goodra
|-supereffective|p1a: Goodra
|-damage|p1a: Goodra|71/100
|
|-weather|RainDance|[upkeep]
|upkeep
|turn|36
|
|t:|1685836676
|move|p1a: Goodra|Thunder|p2a: Blissey
|-damage|p2a: Blissey|66/100
|-status|p2a: Blissey|par
|-damage|p1a: Goodra|61/100|[from] item: Life Orb
|move|p2a: Blissey|Flamethrower|p1a: Goodra
|-supereffective|p1a: Goodra
|-damage|p1a: Goodra|51/100
|
|-weather|RainDance|[upkeep]
|upkeep
|turn|37
|
|t:|1685836685
|move|p1a: Goodra|Rest|p1a: Goodra
|-status|p1a: Goodra|slp|[from] move: Rest
|-heal|p1a: Goodra|100/100 slp|[silent]
|move|p2a: Blissey|Soft-Boiled|p2a: Blissey
|-heal|p2a: Blissey|100/100 par
|
|-weather|RainDance|[upkeep]
|-activate|p1a: Goodra|ability: Hydration
|-curestatus|p1a: Goodra|slp|[msg]
|upkeep
|turn|38
|
|t:|1685836695
|switch|p1a: Corviknight|Corviknight, F|100/100
|-damage|p1a: Corviknight|88/100|[from] Stealth Rock
|-ability|p1a: Corviknight|Pressure
|move|p2a: Blissey|Flamethrower|p1a: Corviknight
|-supereffective|p1a: Corviknight
|-damage|p1a: Corviknight|71/100
|
|-weather|none
|-heal|p1a: Corviknight|77/100|[from] item: Leftovers
|upkeep
|turn|39
|
|t:|1685836705
|-curestatus|p2a: Blissey|par|[from] ability: Natural Cure
|switch|p2a: Skeledirge|Skeledirge, M|100/100
|move|p1a: Corviknight|Brave Bird|p2a: Skeledirge
|-damage|p2a: Skeledirge|79/100
|-damage|p1a: Corviknight|70/100|[from] Recoil
|
|-heal|p1a: Corviknight|76/100|[from] item: Leftovers
|upkeep
|turn|40
|
|t:|1685836715
|switch|p1a: Poustiflex|Pelipper, F|50/100
|-damage|p1a: Poustiflex|25/100|[from] Stealth Rock
|-weather|RainDance|[from] ability: Drizzle|[of] p1a: Poustiflex
|move|p2a: Skeledirge|Will-O-Wisp|p1a: Poustiflex
|-status|p1a: Poustiflex|brn
|
|-weather|RainDance|[upkeep]
|-damage|p1a: Poustiflex|19/100 brn|[from] brn
|upkeep
|turn|41
|
|t:|1685836726
|switch|p2a: Toxapex|Toxapex, F|100/100
|move|p1a: Poustiflex|Roost|p1a: Poustiflex
|-heal|p1a: Poustiflex|69/100 brn
|-singleturn|p1a: Poustiflex|move: Roost
|
|-weather|RainDance|[upkeep]
|-damage|p1a: Poustiflex|63/100 brn|[from] brn
|upkeep
|turn|42
|
|t:|1685836736
|move|p1a: Poustiflex|Hurricane|p2a: Toxapex
|-damage|p2a: Toxapex|73/100
|move|p2a: Toxapex|Toxic Spikes|p1a: Poustiflex
|-sidestart|p1: Pudistor Black|move: Toxic Spikes
|
|-weather|RainDance|[upkeep]
|-damage|p1a: Poustiflex|57/100 brn|[from] brn
|upkeep
|turn|43
|
|t:|1685836756
|move|p1a: Poustiflex|Roost|p1a: Poustiflex
|-heal|p1a: Poustiflex|100/100 brn
|-singleturn|p1a: Poustiflex|move: Roost
|move|p2a: Toxapex|Toxic||[still]
|-fail|p2a: Toxapex
|
|-weather|RainDance|[upkeep]
|-damage|p1a: Poustiflex|94/100 brn|[from] brn
|upkeep
|turn|44
|
|t:|1685836764
|move|p1a: Poustiflex|Hurricane|p2a: Toxapex
|-damage|p2a: Toxapex|41/100
|move|p2a: Toxapex|Toxic Spikes||[still]
|-fail|p2a: Toxapex
|
|-weather|RainDance|[upkeep]
|-damage|p1a: Poustiflex|88/100 brn|[from] brn
|upkeep
|turn|45
|
|t:|1685836775
|switch|p2a: Blissey|Blissey, F|100/100
|move|p1a: Poustiflex|Hurricane|p2a: Blissey
|-damage|p2a: Blissey|89/100
|
|-weather|RainDance|[upkeep]
|-damage|p1a: Poustiflex|82/100 brn|[from] brn
|upkeep
|turn|46
|
|t:|1685836784
|move|p1a: Poustiflex|Surf|p2a: Blissey
|-damage|p2a: Blissey|76/100
|move|p2a: Blissey|Flamethrower|p1a: Poustiflex
|-resisted|p1a: Poustiflex
|-damage|p1a: Poustiflex|76/100 brn
|
|-weather|RainDance|[upkeep]
|-damage|p1a: Poustiflex|70/100 brn|[from] brn
|upkeep
|turn|47
|
|t:|1685836793
|switch|p2a: Toxapex|Toxapex, F|74/100
|move|p1a: Poustiflex|Surf|p2a: Toxapex
|-resisted|p2a: Toxapex
|-damage|p2a: Toxapex|56/100
|
|-weather|none
|-damage|p1a: Poustiflex|64/100 brn|[from] brn
|upkeep
|turn|48
|
|t:|1685836802
|switch|p2a: Blissey|Blissey, F|76/100
|move|p1a: Poustiflex|Hurricane|p2a: Blissey
|-damage|p2a: Blissey|66/100
|-start|p2a: Blissey|confusion
|
|-damage|p1a: Poustiflex|58/100 brn|[from] brn
|upkeep
|turn|49
|
|t:|1685836810
|switch|p2a: Toxapex|Toxapex, F|90/100
|move|p1a: Poustiflex|Roost|p1a: Poustiflex
|-heal|p1a: Poustiflex|100/100 brn
|-singleturn|p1a: Poustiflex|move: Roost
|
|-damage|p1a: Poustiflex|94/100 brn|[from] brn
|upkeep
|turn|50
|
|t:|1685836818
|move|p1a: Poustiflex|U-turn|p2a: Toxapex
|-resisted|p2a: Toxapex
|-damage|p2a: Toxapex|89/100
|
|t:|1685836821
|switch|p1a: Corviknight|Corviknight, F|76/100|[from] U-turn
|-damage|p1a: Corviknight|64/100|[from] Stealth Rock
|-ability|p1a: Corviknight|Pressure
|move|p2a: Toxapex|Toxic Spikes||[still]
|-fail|p2a: Toxapex
|
|-heal|p1a: Corviknight|70/100|[from] item: Leftovers
|upkeep
|turn|51
|
|t:|1685836830
|switch|p2a: Magearna|Magearna|80/100
|move|p1a: Corviknight|U-turn|p2a: Magearna
|-resisted|p2a: Magearna
|-damage|p2a: Magearna|77/100
|
|t:|1685836836
|switch|p1a: Poustiflex|Pelipper, F|94/100 brn|[from] U-turn
|-damage|p1a: Poustiflex|69/100 brn|[from] Stealth Rock
|-weather|RainDance|[from] ability: Drizzle|[of] p1a: Poustiflex
|
|-weather|RainDance|[upkeep]
|-damage|p1a: Poustiflex|63/100 brn|[from] brn
|upkeep
|turn|52
|
|t:|1685836844
|switch|p1a: Urshifu|Urshifu-Rapid-Strike, F|20/100 tox
|-damage|p1a: Urshifu|14/100 tox|[from] Stealth Rock
|-damage|p1a: Urshifu|0 fnt|[from] Spikes
|faint|p1a: Urshifu
|-ability|p2a: Magearna|Soul-Heart|boost
|-boost|p2a: Magearna|spa|1
|move|p2a: Magearna|Volt Switch|p1: Urshifu|[notarget]
|-fail|p2a: Magearna
|
|-weather|RainDance|[upkeep]
|upkeep
|
|t:|1685836854
|switch|p1a: Goodra|Goodra, M, tera:Steel|100/100
|-damage|p1a: Goodra|94/100|[from] Stealth Rock
|-damage|p1a: Goodra|69/100|[from] Spikes
|turn|53
|
|t:|1685836863
|move|p1a: Goodra|Thunder|p2a: Magearna
|-damage|p2a: Magearna|40/100
|-status|p2a: Magearna|par
|-damage|p1a: Goodra|59/100|[from] item: Life Orb
|move|p2a: Magearna|Draining Kiss|p1a: Goodra
|-resisted|p1a: Goodra
|-damage|p1a: Goodra|49/100
|-heal|p2a: Magearna|49/100 par|[from] drain|[of] p1a: Goodra
|
|-weather|RainDance|[upkeep]
|upkeep
|turn|54
|
|t:|1685836876
|switch|p2a: Blissey|Blissey, F|66/100
|move|p1a: Goodra|Rest|p1a: Goodra
|-status|p1a: Goodra|slp|[from] move: Rest
|-heal|p1a: Goodra|100/100 slp|[silent]
|
|-weather|RainDance|[upkeep]
|-activate|p1a: Goodra|ability: Hydration
|-curestatus|p1a: Goodra|slp|[msg]
|upkeep
|turn|55
|
|t:|1685836886
|switch|p1a: Corviknight|Corviknight, F|70/100
|-damage|p1a: Corviknight|57/100|[from] Stealth Rock
|-ability|p1a: Corviknight|Pressure
|move|p2a: Blissey|Heal Bell|p2a: Blissey
|-activate|p2a: Blissey|move: Heal Bell
|-curestatus|p2: Magearna|par|[msg]
|
|-weather|RainDance|[upkeep]
|-heal|p1a: Corviknight|64/100|[from] item: Leftovers
|upkeep
|turn|56
|
|t:|1685836897
|switch|p2a: Magearna|Magearna|49/100
|move|p1a: Corviknight|Brave Bird|p2a: Magearna
|-resisted|p2a: Magearna
|-damage|p2a: Magearna|38/100
|-damage|p1a: Corviknight|60/100|[from] Recoil
|
|-weather|RainDance|[upkeep]
|-heal|p1a: Corviknight|67/100|[from] item: Leftovers
|upkeep
|turn|57
|
|t:|1685836911
|move|p2a: Magearna|Volt Switch|p1a: Corviknight
|-supereffective|p1a: Corviknight
|-damage|p1a: Corviknight|25/100
|
|t:|1685836916
|switch|p2a: Toxapex|Toxapex, F|100/100|[from] Volt Switch
|move|p1a: Corviknight|U-turn|p2a: Toxapex
|-resisted|p2a: Toxapex
|-damage|p2a: Toxapex|97/100
|
|t:|1685836922
|switch|p1a: Goodra|Goodra, M, tera:Steel|100/100|[from] U-turn
|-damage|p1a: Goodra|94/100|[from] Stealth Rock
|-damage|p1a: Goodra|69/100|[from] Spikes
|
|-weather|RainDance|[upkeep]
|upkeep
|turn|58
|
|t:|1685836928
|switch|p2a: Blissey|Blissey, F|66/100
|move|p1a: Goodra|Thunder|p2a: Blissey
|-crit|p2a: Blissey
|-damage|p2a: Blissey|46/100
|-damage|p1a: Goodra|59/100|[from] item: Life Orb
|
|-weather|none
|upkeep
|turn|59
|
|t:|1685836937
|move|p1a: Goodra|Draco Meteor|p2a: Blissey
|-damage|p2a: Blissey|21/100
|-unboost|p1a: Goodra|spa|2
|-damage|p1a: Goodra|49/100|[from] item: Life Orb
|move|p2a: Blissey|Soft-Boiled|p2a: Blissey
|-heal|p2a: Blissey|71/100
|
|upkeep
|turn|60
|
|t:|1685836945
|switch|p1a: Poustiflex|Pelipper, F|63/100 brn
|-damage|p1a: Poustiflex|38/100 brn|[from] Stealth Rock
|-weather|RainDance|[from] ability: Drizzle|[of] p1a: Poustiflex
|move|p2a: Blissey|Flamethrower|p1a: Poustiflex
|-resisted|p1a: Poustiflex
|-damage|p1a: Poustiflex|33/100 brn
|
|-weather|RainDance|[upkeep]
|-damage|p1a: Poustiflex|26/100 brn|[from] brn
|upkeep
|turn|61
|
|t:|1685836956
|switch|p2a: Toxapex|Toxapex, F|100/100
|move|p1a: Poustiflex|Roost|p1a: Poustiflex
|-heal|p1a: Poustiflex|76/100 brn
|-singleturn|p1a: Poustiflex|move: Roost
|
|-weather|RainDance|[upkeep]
|-damage|p1a: Poustiflex|70/100 brn|[from] brn
|upkeep
|turn|62
|
|t:|1685836964
|move|p1a: Poustiflex|Hurricane|p2a: Toxapex
|-damage|p2a: Toxapex|70/100
|move|p2a: Toxapex|Toxic Spikes||[still]
|-fail|p2a: Toxapex
|
|-weather|RainDance|[upkeep]
|-damage|p1a: Poustiflex|64/100 brn|[from] brn
|upkeep
|turn|63
|
|t:|1685836970
|move|p1a: Poustiflex|Hurricane|p2a: Toxapex
|-damage|p2a: Toxapex|42/100
|move|p2a: Toxapex|Toxic Spikes||[still]
|-fail|p2a: Toxapex
|
|-weather|RainDance|[upkeep]
|-damage|p1a: Poustiflex|58/100 brn|[from] brn
|upkeep
|turn|64
|
|t:|1685836977
|switch|p2a: Blissey|Blissey, F|71/100
|move|p1a: Poustiflex|U-turn|p2a: Blissey
|-damage|p2a: Blissey|63/100
|
|t:|1685836982
|switch|p1a: Corviknight|Corviknight, F|25/100|[from] U-turn
|-damage|p1a: Corviknight|12/100|[from] Stealth Rock
|-ability|p1a: Corviknight|Pressure
|
|-weather|RainDance|[upkeep]
|-heal|p1a: Corviknight|18/100|[from] item: Leftovers
|upkeep
|turn|65
|
|t:|1685836990
|switch|p2a: Magearna|Magearna|38/100
|move|p1a: Corviknight|Roost|p1a: Corviknight
|-heal|p1a: Corviknight|68/100
|-singleturn|p1a: Corviknight|move: Roost
|
|-weather|RainDance|[upkeep]
|-heal|p1a: Corviknight|75/100|[from] item: Leftovers
|upkeep
|turn|66
|
|t:|1685836999
|move|p2a: Magearna|Pain Split|p1a: Corviknight
|-sethp|p1a: Corviknight|55/100|[from] move: Pain Split|[silent]
|-sethp|p2a: Magearna|60/100|[from] move: Pain Split
|move|p1a: Corviknight|Roost|p1a: Corviknight
|-heal|p1a: Corviknight|100/100
|-singleturn|p1a: Corviknight|move: Roost
|
|-weather|RainDance|[upkeep]
|upkeep
|turn|67
|
|t:|1685837010
|switch|p1a: Goodra|Goodra, M, tera:Steel|49/100
|-damage|p1a: Goodra|43/100|[from] Stealth Rock
|-damage|p1a: Goodra|18/100|[from] Spikes
|move|p2a: Magearna|Pain Split|p1a: Goodra
|-sethp|p1a: Goodra|37/100|[from] move: Pain Split|[silent]
|-sethp|p2a: Magearna|40/100|[from] move: Pain Split
|
|-weather|none
|upkeep
|turn|68
|
|t:|1685837025
|move|p1a: Goodra|Rest|p1a: Goodra
|-status|p1a: Goodra|slp|[from] move: Rest
|-heal|p1a: Goodra|100/100 slp|[silent]
|move|p2a: Magearna|Volt Switch|p1a: Goodra
|-damage|p1a: Goodra|87/100 slp
|
|t:|1685837030
|switch|p2a: Blissey|Blissey, F|63/100|[from] Volt Switch
|
|upkeep
|turn|69
|
|t:|1685837035
|switch|p1a: Poustiflex|Pelipper, F|58/100 brn
|-damage|p1a: Poustiflex|33/100 brn|[from] Stealth Rock
|-weather|RainDance|[from] ability: Drizzle|[of] p1a: Poustiflex
|move|p2a: Blissey|Soft-Boiled|p2a: Blissey
|-heal|p2a: Blissey|100/100
|
|-weather|RainDance|[upkeep]
|-damage|p1a: Poustiflex|27/100 brn|[from] brn
|upkeep
|turn|70
|
|t:|1685837045
|switch|p2a: Toxapex|Toxapex, F|75/100
|move|p1a: Poustiflex|Roost|p1a: Poustiflex
|-heal|p1a: Poustiflex|77/100 brn
|-singleturn|p1a: Poustiflex|move: Roost
|
|-weather|RainDance|[upkeep]
|-damage|p1a: Poustiflex|71/100 brn|[from] brn
|upkeep
|turn|71
|
|t:|1685837054
|move|p1a: Poustiflex|U-turn|p2a: Toxapex
|-resisted|p2a: Toxapex
|-damage|p2a: Toxapex|74/100
|
|t:|1685837057
|switch|p1a: Goodra|Goodra, M, tera:Steel|87/100 slp|[from] U-turn
|-damage|p1a: Goodra|81/100 slp|[from] Stealth Rock
|-damage|p1a: Goodra|56/100 slp|[from] Spikes
|move|p2a: Toxapex|Toxic Spikes||[still]
|-fail|p2a: Toxapex
|
|-weather|RainDance|[upkeep]
|-activate|p1a: Goodra|ability: Hydration
|-curestatus|p1a: Goodra|slp|[msg]
|upkeep
|turn|72
|
|t:|1685837070
|switch|p2a: Blissey|Blissey, F|100/100
|move|p1a: Goodra|Thunder|p2a: Blissey
|-damage|p2a: Blissey|88/100
|-status|p2a: Blissey|par
|-damage|p1a: Goodra|46/100|[from] item: Life Orb
|
|-weather|RainDance|[upkeep]
|upkeep
|turn|73
|
|t:|1685837078
|move|p1a: Goodra|Rest|p1a: Goodra
|-status|p1a: Goodra|slp|[from] move: Rest
|-heal|p1a: Goodra|100/100 slp|[silent]
|move|p2a: Blissey|Flamethrower|p1a: Goodra
|-supereffective|p1a: Goodra
|-damage|p1a: Goodra|91/100 slp
|
|-weather|RainDance|[upkeep]
|-activate|p1a: Goodra|ability: Hydration
|-curestatus|p1a: Goodra|slp|[msg]
|upkeep
|turn|74
|
|t:|1685837088
|switch|p1a: Corviknight|Corviknight, F|100/100
|-damage|p1a: Corviknight|88/100|[from] Stealth Rock
|-ability|p1a: Corviknight|Pressure
|move|p2a: Blissey|Flamethrower|p1a: Corviknight
|-supereffective|p1a: Corviknight
|-damage|p1a: Corviknight|74/100
|
|-weather|RainDance|[upkeep]
|-heal|p1a: Corviknight|80/100|[from] item: Leftovers
|upkeep
|turn|75
|
|t:|1685837099
|-curestatus|p2a: Blissey|par|[from] ability: Natural Cure
|switch|p2a: Magearna|Magearna|40/100
|move|p1a: Corviknight|Brave Bird|p2a: Magearna
|-resisted|p2a: Magearna
|-damage|p2a: Magearna|29/100
|-damage|p1a: Corviknight|77/100|[from] Recoil
|
|-weather|RainDance|[upkeep]
|-heal|p1a: Corviknight|83/100|[from] item: Leftovers
|upkeep
|turn|76
|
|t:|1685837112
|move|p2a: Magearna|Pain Split|p1a: Corviknight
|-sethp|p1a: Corviknight|55/100|[from] move: Pain Split|[silent]
|-sethp|p2a: Magearna|60/100|[from] move: Pain Split
|move|p1a: Corviknight|Brave Bird|p2a: Magearna
|-resisted|p2a: Magearna
|-damage|p2a: Magearna|49/100
|-damage|p1a: Corviknight|51/100|[from] Recoil
|
|-weather|none
|-heal|p1a: Corviknight|57/100|[from] item: Leftovers
|upkeep
|turn|77
|
|t:|1685837121
|move|p2a: Magearna|Volt Switch|p1a: Corviknight
|-supereffective|p1a: Corviknight
|-damage|p1a: Corviknight|19/100
|
|t:|1685837127
|switch|p2a: Skeledirge|Skeledirge, M|79/100|[from] Volt Switch
|move|p1a: Corviknight|Roost|p1a: Corviknight
|-heal|p1a: Corviknight|69/100
|-singleturn|p1a: Corviknight|move: Roost
|
|-heal|p1a: Corviknight|75/100|[from] item: Leftovers
|upkeep
|turn|78
|
|t:|1685837136
|switch|p1a: Poustiflex|Pelipper, F|71/100 brn
|-damage|p1a: Poustiflex|46/100 brn|[from] Stealth Rock
|-weather|RainDance|[from] ability: Drizzle|[of] p1a: Poustiflex
|move|p2a: Skeledirge|Torch Song|p1a: Poustiflex
|-resisted|p1a: Poustiflex
|-damage|p1a: Poustiflex|35/100 brn
|-boost|p2a: Skeledirge|spa|1
|
|-weather|RainDance|[upkeep]
|-damage|p1a: Poustiflex|29/100 brn|[from] brn
|upkeep
|turn|79
|
|t:|1685837146
|switch|p2a: Toxapex|Toxapex, F|100/100
|move|p1a: Poustiflex|Surf|p2a: Toxapex
|-resisted|p2a: Toxapex
|-damage|p2a: Toxapex|83/100
|
|-weather|RainDance|[upkeep]
|-damage|p1a: Poustiflex|23/100 brn|[from] brn
|upkeep
|turn|80
|
|t:|1685837154
|move|p1a: Poustiflex|Hurricane|p2a: Toxapex
|-damage|p2a: Toxapex|55/100
|-start|p2a: Toxapex|confusion
|-activate|p2a: Toxapex|confusion
|move|p2a: Toxapex|Toxic Spikes||[still]
|-fail|p2a: Toxapex
|
|-weather|RainDance|[upkeep]
|-damage|p1a: Poustiflex|17/100 brn|[from] brn
|upkeep
|turn|81
|
|t:|1685837163
|switch|p2a: Blissey|Blissey, F|88/100
|move|p1a: Poustiflex|Surf|p2a: Blissey
|-damage|p2a: Blissey|76/100
|
|-weather|RainDance|[upkeep]
|-damage|p1a: Poustiflex|11/100 brn|[from] brn
|upkeep
|turn|82
|
|t:|1685837174
|move|p1a: Poustiflex|Roost|p1a: Poustiflex
|-heal|p1a: Poustiflex|61/100 brn
|-singleturn|p1a: Poustiflex|move: Roost
|move|p2a: Blissey|Flamethrower|p1a: Poustiflex
|-resisted|p1a: Poustiflex
|-damage|p1a: Poustiflex|55/100 brn
|
|-weather|RainDance|[upkeep]
|-damage|p1a: Poustiflex|49/100 brn|[from] brn
|upkeep
|turn|83
|
|t:|1685837182
|switch|p2a: Toxapex|Toxapex, F|89/100
|move|p1a: Poustiflex|Hurricane|p2a: Toxapex
|-damage|p2a: Toxapex|60/100
|
|-weather|RainDance|[upkeep]
|-damage|p1a: Poustiflex|43/100 brn|[from] brn
|upkeep
|turn|84
|
|t:|1685837199
|switch|p2a: Blissey|Blissey, F|76/100
|move|p1a: Poustiflex|Hurricane|p2a: Blissey
|-damage|p2a: Blissey|66/100
|
|-weather|RainDance|[upkeep]
|-damage|p1a: Poustiflex|37/100 brn|[from] brn
|upkeep
|turn|85
|
|t:|1685837208
|move|p1a: Poustiflex|Surf|p2a: Blissey
|-damage|p2a: Blissey|54/100
|move|p2a: Blissey|Soft-Boiled|p2a: Blissey
|-heal|p2a: Blissey|100/100
|
|-weather|none
|-damage|p1a: Poustiflex|31/100 brn|[from] brn
|upkeep
|turn|86
|
|t:|1685837217
|switch|p2a: Toxapex|Toxapex, F|93/100
|move|p1a: Poustiflex|Roost|p1a: Poustiflex
|-heal|p1a: Poustiflex|81/100 brn
|-singleturn|p1a: Poustiflex|move: Roost
|
|-damage|p1a: Poustiflex|75/100 brn|[from] brn
|upkeep
|turn|87
|
|t:|1685837229
|move|p1a: Poustiflex|Hurricane|p2a: Toxapex|[miss]
|-miss|p1a: Poustiflex|p2a: Toxapex
|move|p2a: Toxapex|Toxic Spikes||[still]
|-fail|p2a: Toxapex
|
|-damage|p1a: Poustiflex|68/100 brn|[from] brn
|upkeep
|turn|88
|
|t:|1685837237
|move|p1a: Poustiflex|U-turn|p2a: Toxapex
|-resisted|p2a: Toxapex
|-damage|p2a: Toxapex|92/100
|
|t:|1685837240
|switch|p1a: Goodra|Goodra, M, tera:Steel|91/100|[from] U-turn
|-damage|p1a: Goodra|85/100|[from] Stealth Rock
|-damage|p1a: Goodra|60/100|[from] Spikes
|move|p2a: Toxapex|Toxic Spikes||[still]
|-fail|p2a: Toxapex
|
|upkeep
|turn|89
|
|t:|1685837258
|switch|p1a: Corviknight|Corviknight, F|75/100
|-damage|p1a: Corviknight|63/100|[from] Stealth Rock
|-ability|p1a: Corviknight|Pressure
|switch|p2a: Blissey|Blissey, F|100/100
|
|-heal|p1a: Corviknight|69/100|[from] item: Leftovers
|upkeep
|turn|90
|
|t:|1685837267
|switch|p2a: Skeledirge|Skeledirge, M|79/100
|move|p1a: Corviknight|U-turn|p2a: Skeledirge
|-resisted|p2a: Skeledirge
|-damage|p2a: Skeledirge|77/100
|
|t:|1685837272
|switch|p1a: Poustiflex|Pelipper, F|68/100 brn|[from] U-turn
|-damage|p1a: Poustiflex|43/100 brn|[from] Stealth Rock
|-weather|RainDance|[from] ability: Drizzle|[of] p1a: Poustiflex
|
|-weather|RainDance|[upkeep]
|-damage|p1a: Poustiflex|37/100 brn|[from] brn
|upkeep
|turn|91
|
|t:|1685837279
|switch|p2a: Toxapex|Toxapex, F|100/100
|move|p1a: Poustiflex|Surf|p2a: Toxapex
|-resisted|p2a: Toxapex
|-damage|p2a: Toxapex|81/100
|
|-weather|RainDance|[upkeep]
|-damage|p1a: Poustiflex|31/100 brn|[from] brn
|upkeep
|turn|92
|
|t:|1685837291
|move|p1a: Poustiflex|Hurricane|p2a: Toxapex
|-damage|p2a: Toxapex|51/100
|move|p2a: Toxapex|Toxic Spikes||[still]
|-fail|p2a: Toxapex
|
|-weather|RainDance|[upkeep]
|-damage|p1a: Poustiflex|25/100 brn|[from] brn
|upkeep
|turn|93
|
|t:|1685837297
|switch|p2a: Blissey|Blissey, F|100/100
|move|p1a: Poustiflex|Surf|p2a: Blissey
|-damage|p2a: Blissey|87/100
|
|-weather|RainDance|[upkeep]
|-damage|p1a: Poustiflex|19/100 brn|[from] brn
|upkeep
|turn|94
|
|t:|1685837305
|switch|p2a: Toxapex|Toxapex, F|84/100
|move|p1a: Poustiflex|Surf|p2a: Toxapex
|-resisted|p2a: Toxapex
|-damage|p2a: Toxapex|65/100
|
|-weather|RainDance|[upkeep]
|-damage|p1a: Poustiflex|13/100 brn|[from] brn
|upkeep
|turn|95
|
|t:|1685837312
|switch|p2a: Blissey|Blissey, F|87/100
|move|p1a: Poustiflex|Surf|p2a: Blissey
|-damage|p2a: Blissey|73/100
|
|-weather|RainDance|[upkeep]
|-damage|p1a: Poustiflex|6/100 brn|[from] brn
|upkeep
|turn|96
|
|t:|1685837319
|switch|p2a: Toxapex|Toxapex, F|99/100
|move|p1a: Poustiflex|Roost|p1a: Poustiflex
|-heal|p1a: Poustiflex|56/100 brn
|-singleturn|p1a: Poustiflex|move: Roost
|
|-weather|RainDance|[upkeep]
|-damage|p1a: Poustiflex|50/100 brn|[from] brn
|upkeep
|turn|97
|
|t:|1685837327
|move|p1a: Poustiflex|Hurricane|p2a: Toxapex
|-damage|p2a: Toxapex|71/100
|move|p2a: Toxapex|Toxic Spikes||[still]
|-fail|p2a: Toxapex
|
|-weather|none
|-damage|p1a: Poustiflex|44/100 brn|[from] brn
|upkeep
|turn|98
|
|t:|1685837335
|switch|p2a: Blissey|Blissey, F|73/100
|move|p1a: Poustiflex|Hurricane|p2a: Blissey
|-damage|p2a: Blissey|63/100
|
|-damage|p1a: Poustiflex|38/100 brn|[from] brn
|upkeep
|turn|99
|
|t:|1685837342
|switch|p2a: Toxapex|Toxapex, F|100/100
|move|p1a: Poustiflex|Surf|p2a: Toxapex
|-resisted|p2a: Toxapex
|-damage|p2a: Toxapex|89/100
|
|-damage|p1a: Poustiflex|32/100 brn|[from] brn
|upkeep
|turn|100
|
|t:|1685837350
|move|p1a: Poustiflex|U-turn|p2a: Toxapex
|-resisted|p2a: Toxapex
|-damage|p2a: Toxapex|87/100
|
|t:|1685837354
|switch|p1a: Corviknight|Corviknight, F|69/100|[from] U-turn
|-damage|p1a: Corviknight|57/100|[from] Stealth Rock
|-ability|p1a: Corviknight|Pressure
|move|p2a: Toxapex|Toxic Spikes||[still]
|-fail|p2a: Toxapex
|
|-heal|p1a: Corviknight|63/100|[from] item: Leftovers
|upkeep
|turn|101
|
|t:|1685837363
|switch|p2a: Magearna|Magearna|49/100
|move|p1a: Corviknight|Brave Bird|p2a: Magearna
|-resisted|p2a: Magearna
|-damage|p2a: Magearna|38/100
|-damage|p1a: Corviknight|59/100|[from] Recoil
|
|-heal|p1a: Corviknight|66/100|[from] item: Leftovers
|upkeep
|turn|102
|
|t:|1685837372
|switch|p1a: Poustiflex|Pelipper, F|32/100 brn
|-damage|p1a: Poustiflex|7/100 brn|[from] Stealth Rock
|-weather|RainDance|[from] ability: Drizzle|[of] p1a: Poustiflex
|move|p2a: Magearna|Volt Switch|p1a: Poustiflex
|-supereffective|p1a: Poustiflex
|-damage|p1a: Poustiflex|0 fnt
|faint|p1a: Poustiflex
|-ability|p2a: Magearna|Soul-Heart|boost
|-boost|p2a: Magearna|spa|1
|
|t:|1685837378
|switch|p2a: Blissey|Blissey, F|63/100|[from] Volt Switch
|
|-weather|RainDance|[upkeep]
|upkeep
|
|t:|1685837385
|switch|p1a: Corviknight|Corviknight, F|66/100
|-damage|p1a: Corviknight|53/100|[from] Stealth Rock
|-ability|p1a: Corviknight|Pressure
|turn|103
|
|t:|1685837390
|switch|p2a: Magearna|Magearna|38/100
|move|p1a: Corviknight|U-turn|p2a: Magearna
|-resisted|p2a: Magearna
|-damage|p2a: Magearna|36/100
|
|t:|1685837395
|switch|p1a: Goodra|Goodra, M, tera:Steel|60/100|[from] U-turn
|-damage|p1a: Goodra|54/100|[from] Stealth Rock
|-damage|p1a: Goodra|29/100|[from] Spikes
|
|-weather|RainDance|[upkeep]
|upkeep
|turn|104
|
|t:|1685837401
|switch|p2a: Blissey|Blissey, F|63/100
|move|p1a: Goodra|Rest|p1a: Goodra
|-status|p1a: Goodra|slp|[from] move: Rest
|-heal|p1a: Goodra|100/100 slp|[silent]
|
|-weather|RainDance|[upkeep]
|-activate|p1a: Goodra|ability: Hydration
|-curestatus|p1a: Goodra|slp|[msg]
|upkeep
|turn|105
|
|t:|1685837411
|switch|p1a: Corviknight|Corviknight, F|53/100
|-damage|p1a: Corviknight|41/100|[from] Stealth Rock
|-ability|p1a: Corviknight|Pressure
|move|p2a: Blissey|Soft-Boiled|p2a: Blissey
|-heal|p2a: Blissey|100/100
|
|-weather|RainDance|[upkeep]
|-heal|p1a: Corviknight|47/100|[from] item: Leftovers
|upkeep
|turn|106
|
|t:|1685837420
|switch|p2a: Magearna|Magearna|36/100
|move|p1a: Corviknight|U-turn|p2a: Magearna
|-resisted|p2a: Magearna
|-damage|p2a: Magearna|34/100
|
|t:|1685837425
|switch|p1a: Goodra|Goodra, M, tera:Steel|100/100|[from] U-turn
|-damage|p1a: Goodra|94/100|[from] Stealth Rock
|-damage|p1a: Goodra|69/100|[from] Spikes
|
|-weather|RainDance|[upkeep]
|upkeep
|turn|107
|
|t:|1685837432
|move|p1a: Goodra|Thunder|p2a: Magearna
|-damage|p2a: Magearna|0 fnt
|faint|p2a: Magearna
|-damage|p1a: Goodra|59/100|[from] item: Life Orb
|
|-weather|RainDance|[upkeep]
|upkeep
|
|t:|1685837437
|switch|p2a: Blissey|Blissey, F|100/100
|turn|108
|
|t:|1685837440
|move|p1a: Goodra|Thunder|p2a: Blissey
|-damage|p2a: Blissey|87/100
|-damage|p1a: Goodra|49/100|[from] item: Life Orb
|move|p2a: Blissey|Flamethrower|p1a: Goodra
|-supereffective|p1a: Goodra
|-damage|p1a: Goodra|39/100
|
|-weather|RainDance|[upkeep]
|upkeep
|turn|109
|
|t:|1685837453
|switch|p1a: Corviknight|Corviknight, F|47/100
|-damage|p1a: Corviknight|34/100|[from] Stealth Rock
|-ability|p1a: Corviknight|Pressure
|move|p2a: Blissey|Flamethrower|p1a: Corviknight
|-supereffective|p1a: Corviknight
|-damage|p1a: Corviknight|20/100
|
|-weather|none
|-heal|p1a: Corviknight|26/100|[from] item: Leftovers
|upkeep
|turn|110
|
|t:|1685837463
|switch|p2a: Skeledirge|Skeledirge, M|77/100
|move|p1a: Corviknight|Roost|p1a: Corviknight
|-heal|p1a: Corviknight|76/100
|-singleturn|p1a: Corviknight|move: Roost
|
|-heal|p1a: Corviknight|82/100|[from] item: Leftovers
|upkeep
|turn|111
|j| IConsumeChairs
|
|t:|1685837475
|-terastallize|p2a: Skeledirge|Ghost
|move|p2a: Skeledirge|Will-O-Wisp|p1a: Corviknight
|-status|p1a: Corviknight|brn
|move|p1a: Corviknight|Brave Bird|p2a: Skeledirge
|-damage|p2a: Skeledirge|66/100
|-damage|p1a: Corviknight|79/100 brn|[from] Recoil
|
|-heal|p1a: Corviknight|85/100 brn|[from] item: Leftovers
|-damage|p1a: Corviknight|79/100 brn|[from] brn
|upkeep
|turn|112
|j| agamrs
|
|t:|1685837485
|move|p2a: Skeledirge|Torch Song|p1a: Corviknight
|-supereffective|p1a: Corviknight
|-damage|p1a: Corviknight|25/100 brn
|-boost|p2a: Skeledirge|spa|1
|move|p1a: Corviknight|Brave Bird|p2a: Skeledirge
|-damage|p2a: Skeledirge|56/100
|-damage|p1a: Corviknight|21/100 brn|[from] Recoil
|
|-heal|p1a: Corviknight|27/100 brn|[from] item: Leftovers
|-damage|p1a: Corviknight|21/100 brn|[from] brn
|upkeep
|turn|113
|inactive|Pudistor Black has 120 seconds left.
|
|t:|1685837496
|move|p2a: Skeledirge|Slack Off|p2a: Skeledirge
|-heal|p2a: Skeledirge|100/100
|move|p1a: Corviknight|Brave Bird|p2a: Skeledirge
|-damage|p2a: Skeledirge|90/100
|-damage|p1a: Corviknight|17/100 brn|[from] Recoil
|
|-heal|p1a: Corviknight|24/100 brn|[from] item: Leftovers
|-damage|p1a: Corviknight|17/100 brn|[from] brn
|upkeep
|turn|114
|inactive|Pudistor Black has 120 seconds left.
|
|t:|1685837507
|move|p2a: Skeledirge|Torch Song|p1a: Corviknight
|-supereffective|p1a: Corviknight
|-damage|p1a: Corviknight|0 fnt
|-boost|p2a: Skeledirge|spa|1
|faint|p1a: Corviknight
|
|upkeep
|
|t:|1685837513
|switch|p1a: Goodra|Goodra, M, tera:Steel|39/100
|-damage|p1a: Goodra|33/100|[from] Stealth Rock
|-damage|p1a: Goodra|8/100|[from] Spikes
|turn|115
|l| agamrs
|
|t:|1685837517
|move|p1a: Goodra|Draco Meteor|p2a: Skeledirge|[miss]
|-miss|p1a: Goodra|p2a: Skeledirge
|move|p2a: Skeledirge|Torch Song|p1a: Goodra
|-supereffective|p1a: Goodra
|-damage|p1a: Goodra|0 fnt
|-boost|p2a: Skeledirge|spa|1
|faint|p1a: Goodra
|
|win|Granny Pie
|raw|Pudistor Black's rating: 1643 → 1623(-20 for losing)
|raw|Granny Pie's rating: 1650 → 1670(+20 for winning)
