|j|☆julitodo
|j|☆Kalen80
|t:|1685871058
|gametype|singles
|player|p1|julitodo|interviewers|1093
|player|p2|Kalen80|swimmer-gen4dp|1152
|teamsize|p1|6
|teamsize|p2|6
|gen|9
|tier|[Gen 9] OU
|rated|
|rule|Sleep Clause Mod: Limit one foe put to sleep
|rule|Species Clause: Limit one of each Pokémon
|rule|OHKO Clause: OHKO moves are banned
|rule|Evasion Items Clause: Evasion items are banned
|rule|Evasion Moves Clause: Evasion moves are banned
|rule|Endless Battle Clause: Forcing endless battles is banned
|rule|HP Percentage Mod: HP is shown in percentages
|clearpoke
|poke|p1|Zoroark-Hisui, M|
|poke|p1|Corviknight, F|
|poke|p1|Braviary-Hisui, M|
|poke|p1|Great Tusk|
|poke|p1|Goodra-Hisui, M|
|poke|p1|Landorus-Therian, M|
|poke|p2|Dondozo, M|
|poke|p2|Goodra-Hisui, M|
|poke|p2|Slowking, F|
|poke|p2|Dudunsparce-*, F|
|poke|p2|Orthworm, F|
|poke|p2|Clodsire, M|
|teampreview
|inactive|Battle timer is ON: inactive players will automatically lose when time's up. (requested by julitodo)
|inactive|Kalen80 has 120 seconds left.
|
|t:|1685871102
|start
|switch|p1a: Landorus|Landorus-Therian, M|100/100
|switch|p2a: Slowking|Slowking, F|100/100
|-ability|p1a: Landorus|Intimidate|boost
|-unboost|p2a: Slowking|atk|1
|turn|1
|
|t:|1685871108
|move|p1a: Landorus|U-turn|p2a: Slowking
|-supereffective|p2a: Slowking
|-damage|p2a: Slowking|59/100
|
|t:|1685871116
|switch|p1a: Goodra|Goodra-Hisui, M|100/100|[from] U-turn
|move|p2a: Slowking|Trick Room|p2a: Slowking
|-fieldstart|move: Trick Room|[of] p2a: Slowking
|
|upkeep
|turn|2
|
|t:|1685871123
|move|p2a: Slowking|Chilly Reception|p2a: Slowking
|-weather|Snow
|
|t:|1685871136
|switch|p2a: Dondozo|Dondozo, M|100/100|[from] Chilly Reception
|move|p1a: Goodra|Dragon Tail|p2a: Dondozo
|-damage|p2a: Dondozo|88/100
|drag|p2a: Slowking|Slowking, F|92/100
|
|-weather|Snow|[upkeep]
|upkeep
|turn|3
|
|t:|1685871149
|move|p2a: Slowking|Future Sight|p1a: Goodra
|-start|p2a: Slowking|move: Future Sight
|move|p1a: Goodra|Dragon Tail|p2a: Slowking
|-damage|p2a: Slowking|73/100
|drag|p2a: Dondozo|Dondozo, M|88/100
|
|-weather|Snow|[upkeep]
|upkeep
|turn|4
|
|t:|1685871162
|move|p2a: Dondozo|Liquidation|p1a: Goodra
|-resisted|p1a: Goodra
|-damage|p1a: Goodra|88/100
|move|p1a: Goodra|Dragon Tail|p2a: Dondozo
|-damage|p2a: Dondozo|75/100
|drag|p2a: Orthworm|Orthworm, F|100/100
|
|-weather|Snow|[upkeep]
|upkeep
|turn|5
|
|t:|1685871183
|switch|p1a: Landorus|Landorus-Therian, M|100/100
|-ability|p1a: Landorus|Intimidate|boost
|-unboost|p2a: Orthworm|atk|1
|move|p2a: Orthworm|Iron Tail|p1a: Landorus
|-damage|p1a: Landorus|81/100
|-damage|p2a: Orthworm|84/100|[from] item: Rocky Helmet|[of] p1a: Landorus
|
|-weather|Snow|[upkeep]
|-end|p1a: Landorus|move: Future Sight
|-damage|p1a: Landorus|38/100
|-fieldend|move: Trick Room
|upkeep
|turn|6
|
|t:|1685871197
|move|p1a: Landorus|Stealth Rock|p2a: Orthworm
|-sidestart|p2: Kalen80|move: Stealth Rock
|move|p2a: Orthworm|Coil|p2a: Orthworm
|-boost|p2a: Orthworm|atk|1
|-boost|p2a: Orthworm|def|1
|-boost|p2a: Orthworm|accuracy|1
|
|-weather|none
|upkeep
|turn|7
|
|t:|1685871205
|move|p1a: Landorus|U-turn|p2a: Orthworm
|-resisted|p2a: Orthworm
|-damage|p2a: Orthworm|78/100
|
|t:|1685871207
|switch|p1a: Goodra|Goodra-Hisui, M|100/100|[from] U-turn
|move|p2a: Orthworm|Coil|p2a: Orthworm
|-boost|p2a: Orthworm|atk|1
|-boost|p2a: Orthworm|def|1
|-boost|p2a: Orthworm|accuracy|1
|
|upkeep
|turn|8
|
|t:|1685871213
|move|p1a: Goodra|Flamethrower|p2a: Orthworm
|-supereffective|p2a: Orthworm
|-damage|p2a: Orthworm|0 fnt
|faint|p2a: Orthworm
|
|upkeep
|
|t:|1685871226
|switch|p2a: Slowking|Slowking, F|100/100
|-damage|p2a: Slowking|88/100|[from] Stealth Rock
|turn|9
|
|t:|1685871233
|switch|p1a: Goodra|Goodra-Hisui, M|88/100
|move|p2a: Slowking|Trick Room|p2a: Slowking
|-fieldstart|move: Trick Room|[of] p2a: Slowking
|
|upkeep
|turn|10
|
|t:|1685871239
|move|p2a: Slowking|Future Sight|p1a: Goodra
|-start|p2a: Slowking|move: Future Sight
|move|p1a: Goodra|Dragon Tail|p2a: Slowking
|-damage|p2a: Slowking|72/100
|drag|p2a: Clodsire|Clodsire, M|100/100
|-damage|p2a: Clodsire|94/100|[from] Stealth Rock
|-item|p2a: Clodsire|Air Balloon
|
|upkeep
|turn|11
|
|t:|1685871247
|move|p2a: Clodsire|Toxic Spikes|p1a: Goodra
|-sidestart|p1: julitodo|move: Toxic Spikes
|move|p1a: Goodra|Dragon Tail|p2a: Clodsire|[miss]
|-miss|p1a: Goodra|p2a: Clodsire
|
|upkeep
|turn|12
|
|t:|1685871251
|move|p2a: Clodsire|Toxic Spikes|p1a: Goodra
|-sidestart|p1: julitodo|move: Toxic Spikes
|move|p1a: Goodra|Dragon Tail|p2a: Clodsire
|-damage|p2a: Clodsire|75/100
|-enditem|p2a: Clodsire|Air Balloon
|drag|p2a: Dondozo|Dondozo, M|75/100
|-damage|p2a: Dondozo|63/100|[from] Stealth Rock
|
|-end|p1a: Goodra|move: Future Sight
|-resisted|p1a: Goodra
|-damage|p1a: Goodra|80/100
|upkeep
|turn|13
|
|t:|1685871259
|move|p2a: Dondozo|Liquidation|p1a: Goodra
|-resisted|p1a: Goodra
|-damage|p1a: Goodra|68/100
|move|p1a: Goodra|Counter|p2a: Dondozo
|-damage|p2a: Dondozo|44/100
|
|-fieldend|move: Trick Room
|upkeep
|turn|14
|
|t:|1685871268
|move|p2a: Dondozo|Rest|p2a: Dondozo
|-status|p2a: Dondozo|slp|[from] move: Rest
|-heal|p2a: Dondozo|100/100 slp|[silent]
|-enditem|p2a: Dondozo|Chesto Berry|[eat]
|-curestatus|p2a: Dondozo|slp|[msg]
|move|p1a: Goodra|Dragon Tail|p2a: Dondozo
|-damage|p2a: Dondozo|88/100
|drag|p2a: Slowking|Slowking, F|100/100
|-damage|p2a: Slowking|88/100|[from] Stealth Rock
|
|upkeep
|turn|15
|
|t:|1685871283
|switch|p1a: Corviknight|Corviknight, F|100/100
|move|p2a: Slowking|Future Sight|p1a: Corviknight
|-start|p2a: Slowking|move: Future Sight
|
|upkeep
|turn|16
|
|t:|1685871287
|move|p1a: Corviknight|Defog|p2a: Slowking
|-unboost|p2a: Slowking|evasion|1
|-sideend|p2: Kalen80|Stealth Rock|[from] move: Defog|[of] p1a: Corviknight
|-sideend|p1: julitodo|Toxic Spikes|[from] move: Defog|[of] p1a: Corviknight
|move|p2a: Slowking|Trick Room|p2a: Slowking
|-fieldstart|move: Trick Room|[of] p2a: Slowking
|
|upkeep
|turn|17
|
|t:|1685871293
|move|p2a: Slowking|Chilly Reception|p2a: Slowking
|-weather|Snow
|
|t:|1685871297
|switch|p2a: Dudunsparce|Dudunsparce, F|100/100|[from] Chilly Reception
|move|p1a: Corviknight|U-turn|p2a: Dudunsparce
|-crit|p2a: Dudunsparce
|-damage|p2a: Dudunsparce|82/100
|-ability|p2a: Dudunsparce|Rattled|boost
|-boost|p2a: Dudunsparce|spe|1
|
|t:|1685871323
|switch|p1a: Great Tusk|Great Tusk|100/100|[from] U-turn
|-enditem|p1a: Great Tusk|Booster Energy
|-activate|p1a: Great Tusk|ability: Protosynthesis|[fromitem]
|-start|p1a: Great Tusk|protosynthesisatk
|
|-weather|Snow|[upkeep]
|-end|p1a: Great Tusk|move: Future Sight
|-supereffective|p1a: Great Tusk
|-damage|p1a: Great Tusk|0 fnt
|faint|p1a: Great Tusk
|-end|p1a: Great Tusk|Protosynthesis|[silent]
|upkeep
|inactive|julitodo has 120 seconds left.
|
|t:|1685871343
|switch|p1a: Braviary|Braviary-Hisui, M|100/100
|turn|18
|
|t:|1685871350
|move|p2a: Dudunsparce|Boomburst|p1a: Braviary
|-damage|p1a: Braviary|0 fnt
|faint|p1a: Braviary
|
|-weather|Snow|[upkeep]
|upkeep
|inactive|julitodo has 120 seconds left.
|-message|julitodo forfeited.
|
|win|Kalen80
|raw|julitodo's rating: 1093 → 1073(-20 for losing)
|raw|Kalen80's rating: 1152 → 1173(+21 for winning)
|l|☆julitodo
