|j|☆Red-ghost1
|j|☆SootiestJarl519
|t:|1685933073
|gametype|singles
|player|p1|Red-ghost1|red|1052
|player|p2|SootiestJarl519|gambler|1098
|teamsize|p1|6
|teamsize|p2|6
|gen|9
|tier|[Gen 9] OU
|rated|
|rule|Sleep Clause Mod: Limit one foe put to sleep
|rule|Species Clause: Limit one of each Pokémon
|rule|OHKO Clause: OHKO moves are banned
|rule|Evasion Items Clause: Evasion items are banned
|rule|Evasion Moves Clause: Evasion moves are banned
|rule|Endless Battle Clause: Forcing endless battles is banned
|rule|HP Percentage Mod: HP is shown in percentages
|clearpoke
|poke|p1|Basculegion, M|
|poke|p1|Pelipper, M|
|poke|p1|Sneasler, F|
|poke|p1|Electrode-Hisui|
|poke|p1|Ceruledge, M|
|poke|p1|Clodsire, M|
|poke|p2|Staraptor, F|
|poke|p2|Bellibolt, M|
|poke|p2|Zoroark-Hisui, F|
|poke|p2|Garganacl, F|
|poke|p2|Garchomp, M|
|poke|p2|Gengar, M|
|teampreview
|inactive|Battle timer is ON: inactive players will automatically lose when time's up. (requested by SootiestJarl519)
|
|t:|1685933087
|start
|switch|p1a: Electrode|Electrode-Hisui|100/100
|switch|p2a: Bellibolt|Bellibolt, M|100/100
|turn|1
|
|t:|1685933096
|move|p1a: Electrode|Volt Switch|p2a: Bellibolt
|-resisted|p2a: Bellibolt
|-damage|p2a: Bellibolt|87/100
|-start|p2a: Bellibolt|Charge|Volt Switch|[from] ability: Electromorphosis
|
|t:|1685933101
|switch|p1a: Clodsire|Clodsire, M|100/100|[from] Volt Switch
|move|p2a: Bellibolt|Acid Spray|p1a: Clodsire
|-resisted|p1a: Clodsire
|-damage|p1a: Clodsire|99/100
|-unboost|p1a: Clodsire|spd|2
|
|-heal|p1a: Clodsire|100/100|[from] item: Leftovers
|upkeep
|turn|2
|
|t:|1685933108
|switch|p2a: Staraptor|Staraptor, F|100/100
|move|p1a: Clodsire|Toxic|p2a: Staraptor
|-status|p2a: Staraptor|tox
|
|-damage|p2a: Staraptor|94/100 tox|[from] psn
|upkeep
|turn|3
|
|t:|1685933117
|switch|p1a: Pelipper|Pelipper, M|100/100
|-weather|RainDance|[from] ability: Drizzle|[of] p1a: Pelipper
|move|p2a: Staraptor|Brave Bird|p1a: Pelipper
|-damage|p1a: Pelipper|45/100
|-damage|p2a: Staraptor|75/100 tox|[from] Recoil
|-heal|p2a: Staraptor|83/100 tox|[from] item: Shell Bell|[of] p1a: Pelipper
|
|-weather|RainDance|[upkeep]
|-damage|p2a: Staraptor|70/100 tox|[from] psn
|upkeep
|turn|4
|
|t:|1685933128
|move|p2a: Staraptor|Brave Bird|p1a: Pelipper
|-damage|p1a: Pelipper|0 fnt
|faint|p1a: Pelipper
|-damage|p2a: Staraptor|55/100 tox|[from] Recoil
|-heal|p2a: Staraptor|61/100 tox|[from] item: Shell Bell|[of] p1: Pelipper
|
|-weather|RainDance|[upkeep]
|-damage|p2a: Staraptor|42/100 tox|[from] psn
|upkeep
|
|t:|1685933132
|switch|p1a: Basculegion|Basculegion, M|100/100
|turn|5
|
|t:|1685933136
|-terastallize|p1a: Basculegion|Water
|move|p1a: Basculegion|Wave Crash|p2a: Staraptor
|-damage|p2a: Staraptor|0 fnt
|faint|p2a: Staraptor
|-damage|p1a: Basculegion|89/100|[from] Recoil
|-damage|p1a: Basculegion|79/100|[from] item: Life Orb
|
|-weather|RainDance|[upkeep]
|upkeep
|
|t:|1685933151
|switch|p2a: Bellibolt|Bellibolt, M|87/100
|turn|6
|
|t:|1685933157
|move|p1a: Basculegion|Wave Crash|p2a: Bellibolt
|-damage|p2a: Bellibolt|0 fnt
|faint|p2a: Bellibolt
|-damage|p1a: Basculegion|48/100|[from] Recoil
|-damage|p1a: Basculegion|38/100|[from] item: Life Orb
|
|-weather|RainDance|[upkeep]
|upkeep
|
|t:|1685933164
|switch|p2a: Gengar|Gengar, M, shiny|100/100
|turn|7
|
|t:|1685933175
|move|p1a: Basculegion|Wave Crash|p2a: Gengar
|-damage|p2a: Gengar|0 fnt
|replace|p2a: Zoroark|Zoroark-Hisui, F
|-end|p2a: Zoroark|Illusion
|faint|p2a: Zoroark
|-damage|p1a: Basculegion|16/100|[from] Recoil
|-damage|p1a: Basculegion|6/100|[from] item: Life Orb
|
|-weather|RainDance|[upkeep]
|upkeep
|
|t:|1685933179
|switch|p2a: Gengar|Gengar, M, shiny|100/100
|turn|8
|
|t:|1685933184
|move|p1a: Basculegion|Wave Crash|p2a: Gengar
|-damage|p2a: Gengar|0 fnt
|-start|p1a: Basculegion|Disable|Wave Crash|[from] ability: Cursed Body|[of] p2a: Gengar
|faint|p2a: Gengar
|-damage|p1a: Basculegion|0 fnt|[from] Recoil
|faint|p1a: Basculegion
|
|-weather|RainDance|[upkeep]
|upkeep
|
|t:|1685933197
|switch|p2a: Garganacl|Garganacl, F|100/100
|switch|p1a: Electrode|Electrode-Hisui|100/100
|turn|9
|
|t:|1685933209
|move|p1a: Electrode|Chloroblast|p2a: Garganacl
|-supereffective|p2a: Garganacl
|-damage|p2a: Garganacl|0 fnt
|-damage|p1a: Electrode|50/100|[from] chloroblast
|faint|p2a: Garganacl
|
|-weather|RainDance|[upkeep]
|-heal|p1a: Electrode|56/100|[from] item: Leftovers
|upkeep
|
|t:|1685933213
|switch|p2a: Garchomp|Garchomp, M|100/100
|turn|10
|
|t:|1685933223
|move|p1a: Electrode|Chloroblast|p2a: Garchomp
|-damage|p2a: Garchomp|34/100
|-damage|p1a: Electrode|6/100|[from] chloroblast
|move|p2a: Garchomp|Dragon Claw|p1a: Electrode
|-damage|p1a: Electrode|0 fnt
|-status|p2a: Garchomp|par|[from] ability: Static|[of] p1a: Electrode
|faint|p1a: Electrode
|
|-weather|none
|upkeep
|
|t:|1685933236
|switch|p1a: Ceruledge|Ceruledge, M|100/100
|turn|11
|
|t:|1685933240
|-terastallize|p2a: Garchomp|Dragon
|move|p1a: Ceruledge|Swords Dance|p1a: Ceruledge
|-boost|p1a: Ceruledge|atk|2
|cant|p2a: Garchomp|par
|
|upkeep
|turn|12
|c|☆SootiestJarl519|GGs
|
|t:|1685933248
|move|p1a: Ceruledge|Shadow Sneak|p2a: Garchomp
|-damage|p2a: Garchomp|0 fnt
|-damage|p1a: Ceruledge|88/100|[from] ability: Rough Skin|[of] p2a: Garchomp
|-damage|p1a: Ceruledge|72/100|[from] item: Rocky Helmet|[of] p2a: Garchomp
|faint|p2a: Garchomp
|
|win|Red-ghost1
|raw|Red-ghost1's rating: 1052 → 1088(+36 for winning)
|raw|SootiestJarl519's rating: 1098 → 1070(-28 for losing)
|l|☆SootiestJarl519
|c|☆Red-ghost1|gg
