|j|☆Teddy is manifest
|j|☆FCT77
|t:|1685849381
|gametype|singles
|player|p1|Teddy is manifest|red|1634
|player|p2|FCT77|rosa|1578
|teamsize|p1|6
|teamsize|p2|6
|gen|9
|tier|[Gen 9] OU
|rated|
|rule|Sleep Clause Mod: Limit one foe put to sleep
|rule|Species Clause: Limit one of each Pokémon
|rule|OHKO Clause: OHKO moves are banned
|rule|Evasion Items Clause: Evasion items are banned
|rule|Evasion Moves Clause: Evasion moves are banned
|rule|Endless Battle Clause: Forcing endless battles is banned
|rule|HP Percentage Mod: HP is shown in percentages
|clearpoke
|poke|p1|Electrode-Hisui|
|poke|p1|Rillaboom, M|
|poke|p1|Zamazenta-*|
|poke|p1|Urshifu-*, M|
|poke|p1|Iron Treads|
|poke|p1|Heatran, F|
|poke|p2|Kingambit, M|
|poke|p2|Zoroark-Hisui, M|
|poke|p2|Volcarona, M|
|poke|p2|Heatran, F|
|poke|p2|Landorus-Therian, M|
|poke|p2|Muk-Alola, M|
|teampreview
|j| DroxBox
|inactive|Battle timer is ON: inactive players will automatically lose when time's up. (requested by FCT77)
|j| Tayitoxd
|inactive|Teddy is manifest has 120 seconds left.
|
|t:|1685849431
|start
|switch|p1a: Hittler|Heatran, F|100/100
|switch|p2a: Landorus|Landorus-Therian, M|100/100
|-ability|p2a: Landorus|Intimidate|boost
|-unboost|p1a: Hittler|atk|1
|turn|1
|l| Tayitoxd
|
|t:|1685849445
|move|p2a: Landorus|Earthquake|p1a: Hittler
|-supereffective|p1a: Hittler
|-damage|p1a: Hittler|0 fnt
|faint|p1a: Hittler
|
|upkeep
|
|t:|1685849449
|switch|p1a: THE ONE WHO STRIKE|Urshifu-Rapid-Strike, M|100/100
|turn|2
|
|t:|1685849468
|move|p1a: THE ONE WHO STRIKE|Surging Strikes|p2a: Landorus
|-supereffective|p2a: Landorus
|-crit|p2a: Landorus
|-damage|p2a: Landorus|61/100
|-damage|p1a: THE ONE WHO STRIKE|84/100|[from] item: Rocky Helmet|[of] p2a: Landorus
|-supereffective|p2a: Landorus
|-crit|p2a: Landorus
|-damage|p2a: Landorus|18/100
|-damage|p1a: THE ONE WHO STRIKE|68/100|[from] item: Rocky Helmet|[of] p2a: Landorus
|-supereffective|p2a: Landorus
|-crit|p2a: Landorus
|-damage|p2a: Landorus|0 fnt
|-damage|p1a: THE ONE WHO STRIKE|51/100|[from] item: Rocky Helmet|[of] p2a: Landorus
|faint|p2a: Landorus
|-hitcount|p2: Landorus|3
|
|upkeep
|
|t:|1685849475
|switch|p2a: Muk|Muk-Alola, M|100/100
|turn|3
|
|t:|1685849479
|switch|p1a: Tusk 2:Mag killers|Iron Treads|100/100
|-enditem|p1a: Tusk 2:Mag killers|Booster Energy
|-activate|p1a: Tusk 2:Mag killers|ability: Quark Drive|[fromitem]
|-start|p1a: Tusk 2:Mag killers|quarkdrivespe
|move|p2a: Muk|Shadow Ball|p1a: Tusk 2:Mag killers
|-damage|p1a: Tusk 2:Mag killers|44/100
|
|upkeep
|turn|4
|
|t:|1685849492
|move|p2a: Muk|Shadow Ball|p1a: Tusk 2:Mag killers
|-damage|p1a: Tusk 2:Mag killers|0 fnt
|faint|p1a: Tusk 2:Mag killers
|-end|p1a: Tusk 2:Mag killers|Quark Drive|[silent]
|
|upkeep
|
|t:|1685849503
|switch|p1a: Theodore BoltoBert|Electrode-Hisui, shiny|100/100
|turn|5
|
|t:|1685849509
|switch|p2a: Heatran|Heatran, F|100/100
|move|p1a: Theodore BoltoBert|Volt Switch|p2a: Heatran
|-damage|p2a: Heatran|75/100
|
|t:|1685849512
|switch|p1a: THE ONE WHO STRIKE|Urshifu-Rapid-Strike, M|51/100|[from] Volt Switch
|
|-heal|p2a: Heatran|81/100|[from] item: Leftovers
|upkeep
|turn|6
|
|t:|1685849515
|-terastallize|p2a: Heatran|Grass
|move|p1a: THE ONE WHO STRIKE|Surging Strikes|p2a: Heatran
|-resisted|p2a: Heatran
|-crit|p2a: Heatran
|-damage|p2a: Heatran|69/100
|-resisted|p2a: Heatran
|-crit|p2a: Heatran
|-damage|p2a: Heatran|56/100
|-resisted|p2a: Heatran
|-crit|p2a: Heatran
|-damage|p2a: Heatran|43/100
|-hitcount|p2a: Heatran|3
|move|p2a: Heatran|Tera Blast|p1a: THE ONE WHO STRIKE
|-supereffective|p1a: THE ONE WHO STRIKE
|-damage|p1a: THE ONE WHO STRIKE|0 fnt
|faint|p1a: THE ONE WHO STRIKE
|
|-heal|p2a: Heatran|49/100|[from] item: Leftovers
|upkeep
|inactive|Teddy is manifest has 120 seconds left.
|
|t:|1685849551
|switch|p1a: Skull Tracker|Zamazenta|100/100
|-ability|p1a: Skull Tracker|Dauntless Shield|boost
|-boost|p1a: Skull Tracker|def|1
|turn|7
|
|t:|1685849557
|switch|p2a: Muk|Muk-Alola, M|100/100
|move|p1a: Skull Tracker|Iron Defense|p1a: Skull Tracker
|-boost|p1a: Skull Tracker|def|2
|
|upkeep
|turn|8
|
|t:|1685849560
|move|p2a: Muk|Trick|p1a: Skull Tracker
|-activate|p2a: Muk|move: Trick|[of] p1a: Skull Tracker
|-item|p1a: Skull Tracker|Choice Scarf|[from] move: Trick
|-item|p2a: Muk|Leftovers|[from] move: Trick
|move|p1a: Skull Tracker|Crunch|p2a: Muk
|-supereffective|p2a: Muk
|-damage|p2a: Muk|16/100
|replace|p2a: Zoroark|Zoroark-Hisui, M
|-end|p2a: Zoroark|Illusion
|
|-heal|p2a: Zoroark|22/100|[from] item: Leftovers
|upkeep
|turn|9
|
|t:|1685849569
|switch|p1a: Theodore BoltoBert|Electrode-Hisui, shiny|100/100
|switch|p2a: Volcarona|Volcarona, M|100/100
|
|upkeep
|turn|10
|
|t:|1685849584
|move|p1a: Theodore BoltoBert|Thunderbolt|p2a: Volcarona
|-damage|p2a: Volcarona|37/100
|-status|p2a: Volcarona|par
|cant|p2a: Volcarona|par
|
|upkeep
|turn|11
|c|☆Teddy is manifest|OMG
|
|t:|1685849598
|move|p1a: Theodore BoltoBert|Thunderbolt|p2a: Volcarona
|-crit|p2a: Volcarona
|-damage|p2a: Volcarona|0 fnt
|faint|p2a: Volcarona
|
|upkeep
|
|t:|1685849601
|switch|p2a: Muk|Muk-Alola, M|100/100
|turn|12
|c| DroxBox|welp
|
|t:|1685849611
|switch|p1a: Skull Tracker|Zamazenta|100/100
|move|p2a: Muk|Poison Jab|p1a: Skull Tracker
|-damage|p1a: Skull Tracker|82/100
|-status|p1a: Skull Tracker|psn
|
|-damage|p1a: Skull Tracker|70/100 psn|[from] psn
|upkeep
|turn|13
|
|t:|1685849616
|move|p2a: Muk|Protect|p2a: Muk
|-singleturn|p2a: Muk|Protect
|move|p1a: Skull Tracker|Crunch|p2a: Muk
|-activate|p2a: Muk|move: Protect
|
|-damage|p1a: Skull Tracker|57/100 psn|[from] psn
|upkeep
|turn|14
|
|t:|1685849628
|switch|p2a: Kingambit|Kingambit, M|100/100
|move|p1a: Skull Tracker|Crunch|p2a: Kingambit
|-resisted|p2a: Kingambit
|-damage|p2a: Kingambit|93/100
|
|-heal|p2a: Kingambit|99/100|[from] item: Leftovers
|-damage|p1a: Skull Tracker|45/100 psn|[from] psn
|upkeep
|turn|15
|
|t:|1685849632
|switch|p1a: Jhon Jhons|Rillaboom, M|100/100
|-fieldstart|move: Grassy Terrain|[from] ability: Grassy Surge|[of] p1a: Jhon Jhons
|move|p2a: Kingambit|Swords Dance|p2a: Kingambit
|-boost|p2a: Kingambit|atk|2
|
|-heal|p2a: Kingambit|100/100|[from] Grassy Terrain
|upkeep
|turn|16
|
|t:|1685849642
|move|p1a: Jhon Jhons|Drain Punch|p2a: Kingambit
|-supereffective|p2a: Kingambit
|-damage|p2a: Kingambit|11/100
|move|p2a: Kingambit|Kowtow Cleave|p1a: Jhon Jhons
|-damage|p1a: Jhon Jhons|3/100
|
|-heal|p1a: Jhon Jhons|9/100|[from] Grassy Terrain
|-heal|p2a: Kingambit|18/100|[from] Grassy Terrain
|-heal|p2a: Kingambit|24/100|[from] item: Leftovers
|upkeep
|turn|17
|
|t:|1685849651
|switch|p1a: Skull Tracker|Zamazenta|45/100 psn
|move|p2a: Kingambit|Sucker Punch||[still]
|-fail|p2a: Kingambit
|
|-heal|p1a: Skull Tracker|51/100 psn|[from] Grassy Terrain
|-heal|p2a: Kingambit|30/100|[from] Grassy Terrain
|-heal|p2a: Kingambit|36/100|[from] item: Leftovers
|-damage|p1a: Skull Tracker|39/100 psn|[from] psn
|upkeep
|turn|18
|
|t:|1685849655
|move|p2a: Kingambit|Sucker Punch|p1a: Skull Tracker
|-resisted|p1a: Skull Tracker
|-damage|p1a: Skull Tracker|13/100 psn
|move|p1a: Skull Tracker|Body Press|p2a: Kingambit
|-supereffective|p2a: Kingambit
|-damage|p2a: Kingambit|0 fnt
|faint|p2a: Kingambit
|
|-heal|p1a: Skull Tracker|19/100 psn|[from] Grassy Terrain
|-damage|p1a: Skull Tracker|7/100 psn|[from] psn
|upkeep
|
|t:|1685849658
|switch|p2a: Muk|Muk-Alola, M|22/100
|turn|19
|
|t:|1685849664
|move|p1a: Skull Tracker|Body Press|p2a: Muk
|-immune|p2a: Muk
|move|p2a: Muk|Flamethrower|p1a: Skull Tracker
|-damage|p1a: Skull Tracker|0 fnt
|faint|p1a: Skull Tracker
|
|-heal|p2a: Muk|28/100|[from] Grassy Terrain
|-heal|p2a: Muk|34/100|[from] item: Leftovers
|upkeep
|
|t:|1685849672
|switch|p1a: Theodore BoltoBert|Electrode-Hisui, shiny|100/100
|turn|20
|
|t:|1685849676
|move|p1a: Theodore BoltoBert|Volt Switch|p2a: Muk
|-damage|p2a: Muk|0 fnt
|replace|p2a: Zoroark|Zoroark-Hisui, M
|-end|p2a: Zoroark|Illusion
|faint|p2a: Zoroark
|
|t:|1685849681
|switch|p1a: Jhon Jhons|Rillaboom, M|9/100|[from] Volt Switch
|
|-heal|p1a: Jhon Jhons|16/100|[from] Grassy Terrain
|upkeep
|
|t:|1685849683
|switch|p2a: Muk|Muk-Alola, M|100/100
|turn|21
|
|t:|1685849687
|-terastallize|p1a: Jhon Jhons|Steel
|move|p1a: Jhon Jhons|Swords Dance|p1a: Jhon Jhons
|-boost|p1a: Jhon Jhons|atk|2
|move|p2a: Muk|Poison Jab|p1a: Jhon Jhons
|-immune|p1a: Jhon Jhons
|
|-heal|p1a: Jhon Jhons|22/100|[from] Grassy Terrain
|upkeep
|turn|22
|
|t:|1685849695
|move|p1a: Jhon Jhons|Drain Punch|p2a: Muk
|-damage|p2a: Muk|45/100
|-heal|p1a: Jhon Jhons|50/100|[from] drain|[of] p2a: Muk
|move|p2a: Muk|Knock Off|p1a: Jhon Jhons
|-damage|p1a: Jhon Jhons|16/100
|-enditem|p1a: Jhon Jhons|Terrain Extender|[from] move: Knock Off|[of] p2a: Muk
|
|-heal|p1a: Jhon Jhons|22/100|[from] Grassy Terrain
|-heal|p2a: Muk|51/100|[from] Grassy Terrain
|-heal|p2a: Muk|57/100|[from] item: Leftovers
|-fieldend|move: Grassy Terrain
|upkeep
|turn|23
|
|t:|1685849704
|move|p2a: Muk|Protect|p2a: Muk
|-singleturn|p2a: Muk|Protect
|move|p1a: Jhon Jhons|Drain Punch|p2a: Muk
|-activate|p2a: Muk|move: Protect
|
|-heal|p2a: Muk|63/100|[from] item: Leftovers
|upkeep
|turn|24
|
|t:|1685849706
|move|p1a: Jhon Jhons|Drain Punch|p2a: Muk
|-damage|p2a: Muk|2/100
|-heal|p1a: Jhon Jhons|54/100|[from] drain|[of] p2a: Muk
|move|p2a: Muk|Knock Off|p1a: Jhon Jhons
|-damage|p1a: Jhon Jhons|32/100
|
|-heal|p2a: Muk|8/100|[from] item: Leftovers
|upkeep
|turn|25
|
|t:|1685849714
|move|p1a: Jhon Jhons|Drain Punch|p2a: Muk
|-damage|p2a: Muk|0 fnt
|-heal|p1a: Jhon Jhons|36/100|[from] drain|[of] p2a: Muk
|faint|p2a: Muk
|
|upkeep
|
|t:|1685849716
|switch|p2a: Heatran|Heatran, F, tera:Grass|49/100
|turn|26
|
|t:|1685849720
|move|p1a: Jhon Jhons|Knock Off|p2a: Heatran
|-damage|p2a: Heatran|0 fnt
|-enditem|p2a: Heatran|Leftovers|[from] move: Knock Off|[of] p1a: Jhon Jhons
|faint|p2a: Heatran
|
|win|Teddy is manifest
|raw|Teddy is manifest's rating: 1634 → 1651(+17 for winning)
|raw|FCT77's rating: 1578 → 1561(-17 for losing)
|l|☆FCT77
