|j|☆Ctannn
|j|☆Bogging
|t:|1685870106
|gametype|singles
|player|p1|Ctannn|102|1742
|player|p2|Bogging|bugcatcher-gen4dp|1725
|teamsize|p1|6
|teamsize|p2|6
|gen|9
|tier|[Gen 9] OU
|rated|
|rule|Sleep Clause Mod: Limit one foe put to sleep
|rule|Species Clause: Limit one of each Pokémon
|rule|OHKO Clause: OHKO moves are banned
|rule|Evasion Items Clause: Evasion items are banned
|rule|Evasion Moves Clause: Evasion moves are banned
|rule|Endless Battle Clause: Forcing endless battles is banned
|rule|HP Percentage Mod: HP is shown in percentages
|clearpoke
|poke|p1|Chien-Pao|
|poke|p1|Sneasler, M|
|poke|p1|Landorus-Therian, M|
|poke|p1|Samurott-Hisui, M|
|poke|p1|Gholdengo|
|poke|p1|Enamorus, F|
|poke|p2|Articuno-Galar|
|poke|p2|Cresselia, F|
|poke|p2|Dondozo, M|
|poke|p2|Gholdengo|
|poke|p2|Glastrier|
|poke|p2|Zamazenta-*|
|teampreview
|
|t:|1685870125
|start
|switch|p1a: Samurott|Samurott-Hisui, M|100/100
|switch|p2a: Glastrier|Glastrier|100/100
|turn|1
|
|t:|1685870129
|move|p1a: Samurott|Ceaseless Edge|p2a: Glastrier
|-damage|p2a: Glastrier|71/100
|-sidestart|p2: Bogging|Spikes
|move|p2a: Glastrier|Close Combat|p1a: Samurott
|-supereffective|p1a: Samurott
|-damage|p1a: Samurott|0 fnt
|-unboost|p2a: Glastrier|def|1
|-unboost|p2a: Glastrier|spd|1
|faint|p1a: Samurott
|-ability|p2a: Glastrier|Chilling Neigh|boost
|-boost|p2a: Glastrier|atk|1
|
|upkeep
|j| AshML
|
|t:|1685870136
|switch|p1a: Sneasler|Sneasler, M|100/100
|turn|2
|
|t:|1685870144
|-terastallize|p2a: Glastrier|Fighting
|move|p1a: Sneasler|U-turn|p2a: Glastrier
|-resisted|p2a: Glastrier
|-damage|p2a: Glastrier|60/100
|
|t:|1685870146
|switch|p1a: Gholdengo|Gholdengo|100/100|[from] U-turn
|-item|p1a: Gholdengo|Air Balloon
|move|p2a: Glastrier|Stomping Tantrum|p1a: Gholdengo
|-immune|p1a: Gholdengo
|
|upkeep
|turn|3
|
|t:|1685870157
|switch|p2a: Dondozo|Dondozo, M|100/100
|-damage|p2a: Dondozo|88/100|[from] Spikes
|move|p1a: Gholdengo|Thunder Wave|p2a: Dondozo
|-status|p2a: Dondozo|par
|
|-heal|p2a: Dondozo|94/100 par|[from] item: Leftovers
|upkeep
|turn|4
|
|t:|1685870176
|switch|p2a: Cresselia|Cresselia, F|100/100
|move|p1a: Gholdengo|Hex|p2a: Cresselia
|-supereffective|p2a: Cresselia
|-damage|p2a: Cresselia|74/100
|
|-heal|p2a: Cresselia|80/100|[from] item: Leftovers
|upkeep
|turn|5
|
|t:|1685870182
|switch|p2a: Gholdengo|Gholdengo|100/100
|-damage|p2a: Gholdengo|88/100|[from] Spikes
|move|p1a: Gholdengo|Thunder Wave|p2a: Gholdengo
|-immune|p2a: Gholdengo|[from] ability: Good as Gold
|
|upkeep
|turn|6
|
|t:|1685870191
|switch|p1a: Landorus|Landorus-Therian, M|100/100
|-ability|p1a: Landorus|Intimidate|boost
|-unboost|p2a: Gholdengo|atk|1
|move|p2a: Gholdengo|Shadow Ball|p1a: Landorus
|-damage|p1a: Landorus|51/100
|
|-heal|p1a: Landorus|57/100|[from] item: Leftovers
|upkeep
|turn|7
|
|t:|1685870197
|move|p2a: Gholdengo|Shadow Ball|p1a: Landorus
|-damage|p1a: Landorus|11/100
|move|p1a: Landorus|Stealth Rock|p2a: Gholdengo
|-sidestart|p2: Bogging|move: Stealth Rock
|
|-heal|p1a: Landorus|17/100|[from] item: Leftovers
|upkeep
|turn|8
|
|t:|1685870202
|move|p2a: Gholdengo|Shadow Ball|p1a: Landorus
|-damage|p1a: Landorus|0 fnt
|faint|p1a: Landorus
|
|upkeep
|
|t:|1685870207
|switch|p1a: Chien-Pao|Chien-Pao|100/100
|-ability|p1a: Chien-Pao|Sword of Ruin
|turn|9
|
|t:|1685870213
|switch|p1a: Enamorus|Enamorus, F|100/100
|switch|p2a: Articuno|Articuno-Galar, shiny|100/100
|
|upkeep
|turn|10
|
|t:|1685870227
|move|p1a: Enamorus|Taunt|p2a: Articuno
|-start|p2a: Articuno|move: Taunt
|cant|p2a: Articuno|move: Taunt|Calm Mind
|
|upkeep
|turn|11
|
|t:|1685870230
|move|p1a: Enamorus|Calm Mind|p1a: Enamorus
|-boost|p1a: Enamorus|spa|1
|-boost|p1a: Enamorus|spd|1
|move|p2a: Articuno|Tera Blast|p1a: Enamorus
|-damage|p1a: Enamorus|75/100
|
|upkeep
|turn|12
|j| weirdity
|
|t:|1685870234
|switch|p2a: Gholdengo|Gholdengo|88/100
|-damage|p2a: Gholdengo|76/100|[from] Spikes
|-damage|p2a: Gholdengo|70/100|[from] Stealth Rock
|move|p1a: Enamorus|Moonblast|p2a: Gholdengo
|-resisted|p2a: Gholdengo
|-crit|p2a: Gholdengo
|-damage|p2a: Gholdengo|0 fnt
|faint|p2a: Gholdengo
|
|upkeep
|
|t:|1685870240
|switch|p2a: Zamazenta|Zamazenta-Crowned|100/100
|-damage|p2a: Zamazenta|88/100|[from] Spikes
|-damage|p2a: Zamazenta|85/100|[from] Stealth Rock
|-ability|p2a: Zamazenta|Dauntless Shield|boost
|-boost|p2a: Zamazenta|def|1
|turn|13
|
|t:|1685870251
|-terastallize|p1a: Enamorus|Ground
|move|p2a: Zamazenta|Heavy Slam|p1a: Enamorus
|-damage|p1a: Enamorus|0 fnt
|faint|p1a: Enamorus
|
|upkeep
|
|t:|1685870260
|switch|p1a: Gholdengo|Gholdengo|100/100
|-item|p1a: Gholdengo|Air Balloon
|turn|14
|
|t:|1685870263
|move|p2a: Zamazenta|Crunch|p1a: Gholdengo
|-supereffective|p1a: Gholdengo
|-damage|p1a: Gholdengo|69/100
|-enditem|p1a: Gholdengo|Air Balloon
|move|p1a: Gholdengo|Thunder Wave|p2a: Zamazenta
|-status|p2a: Zamazenta|par
|
|upkeep
|turn|15
|j| astro suds
|
|t:|1685870269
|move|p1a: Gholdengo|Hex|p2a: Zamazenta
|-damage|p2a: Zamazenta|38/100 par
|cant|p2a: Zamazenta|par
|
|upkeep
|turn|16
|j| simplegent
|
|t:|1685870274
|move|p1a: Gholdengo|Hex|p2a: Zamazenta
|-damage|p2a: Zamazenta|0 fnt
|faint|p2a: Zamazenta
|
|upkeep
|
|t:|1685870276
|switch|p2a: Glastrier|Glastrier, tera:Fighting|60/100
|turn|17
|
|t:|1685870281
|move|p1a: Gholdengo|Thunder Wave|p2a: Glastrier|[miss]
|-miss|p1a: Gholdengo|p2a: Glastrier
|move|p2a: Glastrier|Stomping Tantrum|p1a: Gholdengo
|-supereffective|p1a: Gholdengo
|-damage|p1a: Gholdengo|23/100
|
|upkeep
|turn|18
|
|t:|1685870288
|move|p1a: Gholdengo|Recover|p1a: Gholdengo
|-heal|p1a: Gholdengo|73/100
|move|p2a: Glastrier|Stomping Tantrum|p1a: Gholdengo
|-supereffective|p1a: Gholdengo
|-damage|p1a: Gholdengo|31/100
|
|upkeep
|turn|19
|
|t:|1685870290
|move|p1a: Gholdengo|Recover|p1a: Gholdengo
|-heal|p1a: Gholdengo|81/100
|move|p2a: Glastrier|Swords Dance|p2a: Glastrier
|-boost|p2a: Glastrier|atk|2
|
|upkeep
|turn|20
|
|t:|1685870296
|move|p1a: Gholdengo|Make It Rain|p2a: Glastrier
|-damage|p2a: Glastrier|21/100
|-unboost|p1a: Gholdengo|spa|1
|move|p2a: Glastrier|Stomping Tantrum|p1a: Gholdengo
|-supereffective|p1a: Gholdengo
|-damage|p1a: Gholdengo|0 fnt
|faint|p1a: Gholdengo
|-ability|p2a: Glastrier|Chilling Neigh|boost
|-boost|p2a: Glastrier|atk|1
|
|upkeep
|
|t:|1685870302
|switch|p1a: Sneasler|Sneasler, M|100/100
|turn|21
|
|t:|1685870305
|move|p1a: Sneasler|Dire Claw|p2a: Glastrier
|-damage|p2a: Glastrier|0 fnt
|faint|p2a: Glastrier
|
|upkeep
|
|t:|1685870312
|switch|p2a: Articuno|Articuno-Galar, shiny|100/100
|turn|22
|
|t:|1685870314
|move|p1a: Sneasler|Dire Claw|p2a: Articuno
|-damage|p2a: Articuno|49/100
|move|p2a: Articuno|Agility|p2a: Articuno
|-boost|p2a: Articuno|spe|2
|
|upkeep
|turn|23
|
|t:|1685870317
|move|p2a: Articuno|Stored Power|p1a: Sneasler
|-supereffective|p1a: Sneasler
|-damage|p1a: Sneasler|0 fnt
|faint|p1a: Sneasler
|
|upkeep
|
|t:|1685870320
|switch|p1a: Chien-Pao|Chien-Pao|100/100
|-ability|p1a: Chien-Pao|Sword of Ruin
|turn|24
|
|t:|1685870324
|move|p1a: Chien-Pao|Sucker Punch|p2a: Articuno
|-supereffective|p2a: Articuno
|-damage|p2a: Articuno|0 fnt
|faint|p2a: Articuno
|
|upkeep
|
|t:|1685870327
|switch|p2a: Dondozo|Dondozo, M|94/100 par
|-damage|p2a: Dondozo|82/100 par|[from] Spikes
|-damage|p2a: Dondozo|69/100 par|[from] Stealth Rock
|turn|25
|
|t:|1685870335
|move|p1a: Chien-Pao|Crunch|p2a: Dondozo
|-damage|p2a: Dondozo|48/100 par
|cant|p2a: Dondozo|par
|
|-heal|p2a: Dondozo|54/100 par|[from] item: Leftovers
|upkeep
|turn|26
|
|t:|1685870340
|move|p1a: Chien-Pao|Crunch|p2a: Dondozo
|-damage|p2a: Dondozo|30/100 par
|-unboost|p2a: Dondozo|def|1
|cant|p2a: Dondozo|par
|
|-heal|p2a: Dondozo|36/100 par|[from] item: Leftovers
|upkeep
|turn|27
|
|t:|1685870344
|switch|p2a: Cresselia|Cresselia, F|80/100
|-damage|p2a: Cresselia|68/100|[from] Stealth Rock
|move|p1a: Chien-Pao|Crunch|p2a: Cresselia
|-supereffective|p2a: Cresselia
|-damage|p2a: Cresselia|0 fnt
|faint|p2a: Cresselia
|
|upkeep
|
|t:|1685870345
|switch|p2a: Dondozo|Dondozo, M|36/100 par
|-damage|p2a: Dondozo|24/100 par|[from] Spikes
|-damage|p2a: Dondozo|11/100 par|[from] Stealth Rock
|turn|28
|
|t:|1685870349
|move|p1a: Chien-Pao|Crunch|p2a: Dondozo
|-damage|p2a: Dondozo|0 fnt
|faint|p2a: Dondozo
|
|win|Ctannn
|raw|Ctannn's rating: 1742 → 1761(+19 for winning)
|raw|Bogging's rating: 1725 → 1706(-19 for losing)
|l|☆Ctannn
