|j|☆IrOn_KiT
|j|☆insertcatpuns
|t:|1685917235
|gametype|singles
|player|p1|IrOn_KiT|ghetsis-gen5bw|1247
|player|p2|insertcatpuns|harlequin|1327
|teamsize|p1|6
|teamsize|p2|6
|gen|9
|tier|[Gen 9] OU
|rated|
|rule|Sleep Clause Mod: Limit one foe put to sleep
|rule|Species Clause: Limit one of each Pokémon
|rule|OHKO Clause: OHKO moves are banned
|rule|Evasion Items Clause: Evasion items are banned
|rule|Evasion Moves Clause: Evasion moves are banned
|rule|Endless Battle Clause: Forcing endless battles is banned
|rule|HP Percentage Mod: HP is shown in percentages
|clearpoke
|poke|p1|Pelipper, F|
|poke|p1|Basculegion-F, F|
|poke|p1|Zapdos|
|poke|p1|Great Tusk|
|poke|p1|Gholdengo|
|poke|p1|Slowking-Galar, F|
|poke|p2|Dragapult, M|
|poke|p2|Magearna|
|poke|p2|Chien-Pao|
|poke|p2|Sneasler, F|
|poke|p2|Zamazenta-*|
|poke|p2|Volcarona, M|
|teampreview
|inactive|Battle timer is ON: inactive players will automatically lose when time's up. (requested by IrOn_KiT)
|l|☆IrOn_KiT
|inactive|IrOn_KiT disconnected and has a minute to reconnect!
|player|p1|
|j|☆IrOn_KiT
|inactive|IrOn_KiT reconnected and has 120 seconds left.
|player|p1|IrOn_KiT|ghetsis-gen5bw
|
|t:|1685917286
|start
|switch|p1a: Pelipper|Pelipper, F|100/100
|switch|p2a: Dragapult|Dragapult, M|100/100
|-weather|RainDance|[from] ability: Drizzle|[of] p1a: Pelipper
|turn|1
|
|t:|1685917298
|move|p2a: Dragapult|Reflect|p2a: Dragapult
|-sidestart|p2: insertcatpuns|Reflect
|move|p1a: Pelipper|U-turn|p2a: Dragapult
|-resisted|p2a: Dragapult
|-damage|p2a: Dragapult|98/100
|
|t:|1685917303
|switch|p1a: Basculegion|Basculegion-F, F|100/100|[from] U-turn
|
|-weather|RainDance|[upkeep]
|upkeep
|turn|2
|
|t:|1685917312
|move|p1a: Basculegion|Shadow Ball|p2a: Dragapult
|-supereffective|p2a: Dragapult
|-damage|p2a: Dragapult|0 fnt
|faint|p2a: Dragapult
|
|-weather|RainDance|[upkeep]
|upkeep
|
|t:|1685917324
|switch|p2a: Magearna|Magearna|100/100
|turn|3
|
|t:|1685917336
|move|p1a: Basculegion|Shadow Ball|p2a: Magearna
|-damage|p2a: Magearna|53/100
|move|p2a: Magearna|Calm Mind|p2a: Magearna
|-boost|p2a: Magearna|spa|1
|-boost|p2a: Magearna|spd|1
|
|-weather|RainDance|[upkeep]
|-heal|p2a: Magearna|59/100|[from] item: Leftovers
|upkeep
|turn|4
|
|t:|1685917363
|move|p1a: Basculegion|Shadow Ball|p2a: Magearna
|-damage|p2a: Magearna|28/100
|-unboost|p2a: Magearna|spd|1
|move|p2a: Magearna|Calm Mind|p2a: Magearna
|-boost|p2a: Magearna|spa|1
|-boost|p2a: Magearna|spd|1
|
|-weather|RainDance|[upkeep]
|-heal|p2a: Magearna|34/100|[from] item: Leftovers
|upkeep
|turn|5
|
|t:|1685917369
|move|p1a: Basculegion|Shadow Ball|p2a: Magearna
|-damage|p2a: Magearna|5/100
|move|p2a: Magearna|Draining Kiss|p1a: Basculegion
|-damage|p1a: Basculegion|40/100
|-heal|p2a: Magearna|57/100|[from] drain|[of] p1a: Basculegion
|
|-weather|RainDance|[upkeep]
|-heal|p2a: Magearna|63/100|[from] item: Leftovers
|upkeep
|turn|6
|
|t:|1685917375
|move|p1a: Basculegion|Shadow Ball|p2a: Magearna
|-damage|p2a: Magearna|30/100
|-unboost|p2a: Magearna|spd|1
|move|p2a: Magearna|Calm Mind|p2a: Magearna
|-boost|p2a: Magearna|spa|1
|-boost|p2a: Magearna|spd|1
|
|-weather|RainDance|[upkeep]
|-heal|p2a: Magearna|36/100|[from] item: Leftovers
|upkeep
|turn|7
|
|t:|1685917380
|move|p1a: Basculegion|Shadow Ball|p2a: Magearna
|-damage|p2a: Magearna|2/100
|move|p2a: Magearna|Shift Gear|p2a: Magearna
|-boost|p2a: Magearna|spe|2
|-boost|p2a: Magearna|atk|1
|
|-weather|RainDance|[upkeep]
|-heal|p2a: Magearna|8/100|[from] item: Leftovers
|upkeep
|turn|8
|
|t:|1685917402
|move|p1a: Basculegion|Shadow Ball|p2a: Magearna
|-damage|p2a: Magearna|0 fnt
|faint|p2a: Magearna
|
|-weather|none
|-sideend|p2: insertcatpuns|Reflect
|upkeep
|
|t:|1685917406
|switch|p2a: Sneasler|Sneasler, F|100/100
|-item|p2a: Sneasler|Air Balloon
|turn|9
|
|t:|1685917416
|switch|p1a: Pelipper|Pelipper, F|100/100
|-weather|RainDance|[from] ability: Drizzle|[of] p1a: Pelipper
|move|p2a: Sneasler|Swords Dance|p2a: Sneasler
|-boost|p2a: Sneasler|atk|2
|
|-weather|RainDance|[upkeep]
|upkeep
|turn|10
|
|t:|1685917423
|move|p2a: Sneasler|Dire Claw|p1a: Pelipper
|-damage|p1a: Pelipper|33/100
|-status|p1a: Pelipper|slp
|cant|p1a: Pelipper|slp
|
|-weather|RainDance|[upkeep]
|upkeep
|turn|11
|c|☆IrOn_KiT|Ok
|
|t:|1685917435
|move|p2a: Sneasler|Swords Dance|p2a: Sneasler
|-boost|p2a: Sneasler|atk|2
|cant|p1a: Pelipper|slp
|
|-weather|RainDance|[upkeep]
|upkeep
|turn|12
|
|t:|1685917439
|move|p2a: Sneasler|Dire Claw|p1a: Pelipper
|-damage|p1a: Pelipper|0 fnt
|faint|p1a: Pelipper
|
|-weather|RainDance|[upkeep]
|upkeep
|
|t:|1685917448
|switch|p1a: Gholdengo|Gholdengo|100/100
|turn|13
|
|t:|1685917471
|move|p1a: Gholdengo|Make It Rain|p2a: Sneasler
|-damage|p2a: Sneasler|7/100
|-unboost|p1a: Gholdengo|spa|1
|-enditem|p2a: Sneasler|Air Balloon
|move|p2a: Sneasler|Acrobatics|p1a: Gholdengo
|-resisted|p1a: Gholdengo
|-damage|p1a: Gholdengo|29/100
|
|-weather|RainDance|[upkeep]
|upkeep
|turn|14
|
|t:|1685917487
|move|p2a: Sneasler|Acrobatics|p1a: Gholdengo
|-resisted|p1a: Gholdengo
|-damage|p1a: Gholdengo|0 fnt
|faint|p1a: Gholdengo
|
|-weather|RainDance|[upkeep]
|upkeep
|inactive|IrOn_KiT has 120 seconds left.
|
|t:|1685917514
|switch|p1a: Zapdos|Zapdos|100/100
|turn|15
|inactive|IrOn_KiT has 120 seconds left.
|inactive|IrOn_KiT has 90 seconds left.
|
|t:|1685917574
|move|p2a: Sneasler|Dire Claw|p1a: Zapdos
|-damage|p1a: Zapdos|0 fnt
|-status|p2a: Sneasler|par|[from] ability: Static|[of] p1a: Zapdos
|faint|p1a: Zapdos
|
|-weather|RainDance|[upkeep]
|upkeep
|
|t:|1685917582
|switch|p1a: Basculegion|Basculegion-F, F|40/100
|turn|16
|
|t:|1685917593
|move|p1a: Basculegion|Surf|p2a: Sneasler
|-damage|p2a: Sneasler|0 fnt
|faint|p2a: Sneasler
|
|-weather|none
|upkeep
|
|t:|1685917609
|switch|p2a: Volcarona|Volcarona, M|100/100
|turn|17
|
|t:|1685917613
|-terastallize|p2a: Volcarona|Grass
|move|p2a: Volcarona|Quiver Dance|p2a: Volcarona
|-boost|p2a: Volcarona|spa|1
|-boost|p2a: Volcarona|spd|1
|-boost|p2a: Volcarona|spe|1
|move|p1a: Basculegion|Surf|p2a: Volcarona
|-resisted|p2a: Volcarona
|-damage|p2a: Volcarona|79/100
|
|upkeep
|turn|18
|
|t:|1685917622
|switch|p1a: Slowking|Slowking-Galar, F|100/100
|move|p2a: Volcarona|Quiver Dance|p2a: Volcarona
|-boost|p2a: Volcarona|spa|1
|-boost|p2a: Volcarona|spd|1
|-boost|p2a: Volcarona|spe|1
|
|upkeep
|turn|19
|inactive|IrOn_KiT has 90 seconds left.
|
|t:|1685917629
|move|p2a: Volcarona|Bug Buzz|p1a: Slowking
|-damage|p1a: Slowking|44/100
|move|p1a: Slowking|Toxic|p2a: Volcarona
|-status|p2a: Volcarona|tox
|
|-heal|p1a: Slowking|50/100|[from] item: Leftovers
|-damage|p2a: Volcarona|73/100 tox|[from] psn
|upkeep
|turn|20
|
|t:|1685917636
|switch|p1a: Basculegion|Basculegion-F, F|40/100
|move|p2a: Volcarona|Bug Buzz|p1a: Basculegion
|-resisted|p1a: Basculegion
|-damage|p1a: Basculegion|0 fnt
|faint|p1a: Basculegion
|
|-damage|p2a: Volcarona|61/100 tox|[from] psn
|upkeep
|
|t:|1685917642
|switch|p1a: Slowking|Slowking-Galar, F|83/100
|turn|21
|
|t:|1685917646
|move|p2a: Volcarona|Bug Buzz|p1a: Slowking
|-damage|p1a: Slowking|18/100
|move|p1a: Slowking|Slack Off|p1a: Slowking
|-heal|p1a: Slowking|68/100
|
|-heal|p1a: Slowking|74/100|[from] item: Leftovers
|-damage|p2a: Volcarona|42/100 tox|[from] psn
|upkeep
|turn|22
|
|t:|1685917654
|move|p2a: Volcarona|Giga Drain|p1a: Slowking
|-resisted|p1a: Slowking
|-damage|p1a: Slowking|46/100
|-heal|p2a: Volcarona|60/100 tox|[from] drain|[of] p1a: Slowking
|move|p1a: Slowking|Future Sight|p2a: Volcarona
|-start|p1a: Slowking|move: Future Sight
|
|-heal|p1a: Slowking|53/100|[from] item: Leftovers
|-damage|p2a: Volcarona|35/100 tox|[from] psn
|upkeep
|turn|23
|
|t:|1685917669
|move|p2a: Volcarona|Bug Buzz|p1a: Slowking
|-damage|p1a: Slowking|0 fnt
|faint|p1a: Slowking
|
|-damage|p2a: Volcarona|5/100 tox|[from] psn
|upkeep
|
|t:|1685917672
|switch|p1a: Great Tusk|Great Tusk|100/100
|turn|24
|
|t:|1685917677
|move|p2a: Volcarona|Giga Drain|p1a: Great Tusk
|-supereffective|p1a: Great Tusk
|-damage|p1a: Great Tusk|0 fnt
|-heal|p2a: Volcarona|64/100 tox|[from] drain|[of] p1a: Great Tusk
|faint|p1a: Great Tusk
|-end|p1a: Great Tusk|Protosynthesis|[silent]
|
|win|insertcatpuns
|raw|IrOn_KiT's rating: 1247 → 1228(-19 for losing)
|raw|insertcatpuns's rating: 1327 → 1342(+15 for winning)
|c|☆IrOn_KiT|gg
