|j|☆Neighborhood Crip
|j|☆Ryu nuzlocke
|t:|1685914927
|gametype|singles
|player|p1|Neighborhood Crip|101|1123
|player|p2|Ryu nuzlocke|169|1111
|teamsize|p1|6
|teamsize|p2|6
|gen|9
|tier|[Gen 9] OU
|rated|
|rule|Sleep Clause Mod: Limit one foe put to sleep
|rule|Species Clause: Limit one of each Pokémon
|rule|OHKO Clause: OHKO moves are banned
|rule|Evasion Items Clause: Evasion items are banned
|rule|Evasion Moves Clause: Evasion moves are banned
|rule|Endless Battle Clause: Forcing endless battles is banned
|rule|HP Percentage Mod: HP is shown in percentages
|clearpoke
|poke|p1|Sneasler, F|
|poke|p1|Landorus-Therian, M|
|poke|p1|Greninja, M|
|poke|p1|Magearna|
|poke|p1|Toxapex, F|
|poke|p1|Moltres|
|poke|p2|Azelf|
|poke|p2|Moltres-Galar|
|poke|p2|Urshifu-*, M|
|poke|p2|Magearna|
|poke|p2|Roaring Moon|
|poke|p2|Kingambit, F|
|teampreview
|inactive|Battle timer is ON: inactive players will automatically lose when time's up. (requested by Ryu nuzlocke)
|
|t:|1685914952
|start
|switch|p1a: Landorus|Landorus-Therian, M|100/100
|switch|p2a: Magearna|Magearna|100/100
|-ability|p1a: Landorus|Intimidate|boost
|-unboost|p2a: Magearna|atk|1
|turn|1
|
|t:|1685914958
|-terastallize|p2a: Magearna|Water
|move|p1a: Landorus|Taunt|p2a: Magearna
|-start|p2a: Magearna|move: Taunt
|cant|p2a: Magearna|move: Taunt|Shift Gear
|
|upkeep
|turn|2
|
|t:|1685914969
|switch|p2a: Azelf|Azelf, shiny|100/100
|move|p1a: Landorus|Stealth Rock|p2a: Azelf
|-sidestart|p2: Ryu nuzlocke|move: Stealth Rock
|
|upkeep
|turn|3
|
|t:|1685914980
|switch|p1a: Greninja|Greninja, M, shiny|100/100
|move|p2a: Azelf|Reflect|p2a: Azelf
|-sidestart|p2: Ryu nuzlocke|Reflect
|
|upkeep
|turn|4
|
|t:|1685914993
|switch|p2a: Roaring Moon|Roaring Moon|100/100
|-enditem|p2a: Roaring Moon|Booster Energy
|-activate|p2a: Roaring Moon|ability: Protosynthesis|[fromitem]
|-start|p2a: Roaring Moon|protosynthesisatk
|-damage|p2a: Roaring Moon|88/100|[from] Stealth Rock
|move|p1a: Greninja|U-turn|p2a: Roaring Moon
|-start|p1a: Greninja|typechange|Bug|[from] ability: Protean
|-supereffective|p2a: Roaring Moon
|-damage|p2a: Roaring Moon|63/100
|
|t:|1685915004
|switch|p1a: Magearna|Magearna|100/100|[from] U-turn
|-item|p1a: Magearna|Air Balloon
|
|upkeep
|turn|5
|
|t:|1685915012
|move|p2a: Roaring Moon|Jaw Lock|p1a: Magearna
|-resisted|p1a: Magearna
|-damage|p1a: Magearna|79/100
|-activate|p2a: Roaring Moon|trapped
|-activate|p1a: Magearna|trapped
|-enditem|p1a: Magearna|Air Balloon
|move|p1a: Magearna|Calm Mind|p1a: Magearna
|-boost|p1a: Magearna|spa|1
|-boost|p1a: Magearna|spd|1
|
|upkeep
|turn|6
|
|t:|1685915031
|move|p2a: Roaring Moon|Earthquake|p1a: Magearna
|-supereffective|p1a: Magearna
|-damage|p1a: Magearna|5/100
|move|p1a: Magearna|Dazzling Gleam|p2a: Roaring Moon
|-supereffective|p2a: Roaring Moon
|-damage|p2a: Roaring Moon|0 fnt
|faint|p2a: Roaring Moon
|-ability|p1a: Magearna|Soul-Heart|boost
|-boost|p1a: Magearna|spa|1
|-end|p2a: Roaring Moon|Protosynthesis|[silent]
|
|upkeep
|
|t:|1685915040
|switch|p2a: Urshifu|Urshifu-Rapid-Strike, M|100/100
|-damage|p2a: Urshifu|94/100|[from] Stealth Rock
|turn|7
|
|t:|1685915061
|switch|p1a: Toxapex|Toxapex, F|100/100
|move|p2a: Urshifu|Trailblaze|p1a: Toxapex
|-damage|p1a: Toxapex|90/100
|-boost|p2a: Urshifu|spe|1
|
|-heal|p2a: Urshifu|100/100|[from] item: Leftovers
|upkeep
|turn|8
|
|t:|1685915069
|switch|p2a: UNDYNE|Kingambit, F, shiny|100/100
|-damage|p2a: UNDYNE|94/100|[from] Stealth Rock
|-activate|p2a: UNDYNE|ability: Supreme Overlord
|-start|p2a: UNDYNE|fallen1|[silent]
|move|p1a: Toxapex|Infestation|p2a: UNDYNE
|-damage|p2a: UNDYNE|91/100
|-activate|p2a: UNDYNE|move: Infestation|[of] p1a: Toxapex
|
|-damage|p2a: UNDYNE|79/100|[from] move: Infestation|[partiallytrapped]
|upkeep
|turn|9
|
|t:|1685915079
|move|p2a: UNDYNE|Swords Dance|p2a: UNDYNE
|-boost|p2a: UNDYNE|atk|2
|move|p1a: Toxapex|Chilling Water|p2a: UNDYNE
|-damage|p2a: UNDYNE|67/100
|-unboost|p2a: UNDYNE|atk|1
|
|-damage|p2a: UNDYNE|55/100|[from] move: Infestation|[partiallytrapped]
|upkeep
|turn|10
|
|t:|1685915084
|move|p2a: UNDYNE|Kowtow Cleave|p1a: Toxapex
|-damage|p1a: Toxapex|29/100
|move|p1a: Toxapex|Chilling Water|p2a: UNDYNE
|-damage|p2a: UNDYNE|42/100
|-unboost|p2a: UNDYNE|atk|1
|
|-damage|p2a: UNDYNE|30/100|[from] move: Infestation|[partiallytrapped]
|-sideend|p2: Ryu nuzlocke|Reflect
|upkeep
|turn|11
|
|t:|1685915097
|switch|p1a: Magearna|Magearna|5/100
|move|p2a: UNDYNE|Kowtow Cleave|p1a: Magearna
|-resisted|p1a: Magearna
|-damage|p1a: Magearna|0 fnt
|faint|p1a: Magearna
|
|-end|p2a: UNDYNE|Infestation|[partiallytrapped]|[silent]
|upkeep
|inactive|Neighborhood Crip has 120 seconds left.
|
|t:|1685915135
|switch|p1a: Landorus|Landorus-Therian, M|100/100
|-ability|p1a: Landorus|Intimidate|boost
|-unboost|p2a: UNDYNE|atk|1
|turn|12
|
|t:|1685915141
|-end|p2a: UNDYNE|fallen1|[silent]
|switch|p2a: Urshifu|Urshifu-Rapid-Strike, M|100/100
|-damage|p2a: Urshifu|94/100|[from] Stealth Rock
|move|p1a: Landorus|Earthquake|p2a: Urshifu
|-damage|p2a: Urshifu|39/100
|
|-heal|p2a: Urshifu|45/100|[from] item: Leftovers
|upkeep
|turn|13
|
|t:|1685915151
|switch|p1a: Toxapex|Toxapex, F|62/100
|move|p2a: Urshifu|Swords Dance|p2a: Urshifu
|-boost|p2a: Urshifu|atk|2
|
|-heal|p2a: Urshifu|51/100|[from] item: Leftovers
|upkeep
|turn|14
|
|t:|1685915157
|move|p2a: Urshifu|Close Combat|p1a: Toxapex
|-resisted|p1a: Toxapex
|-damage|p1a: Toxapex|21/100
|-unboost|p2a: Urshifu|def|1
|-unboost|p2a: Urshifu|spd|1
|move|p1a: Toxapex|Infestation|p2a: Urshifu
|-resisted|p2a: Urshifu
|-damage|p2a: Urshifu|48/100
|-activate|p2a: Urshifu|move: Infestation|[of] p1a: Toxapex
|
|-heal|p2a: Urshifu|54/100|[from] item: Leftovers
|-damage|p2a: Urshifu|42/100|[from] move: Infestation|[partiallytrapped]
|upkeep
|turn|15
|inactive|Neighborhood Crip has 120 seconds left.
|
|t:|1685915178
|move|p2a: Urshifu|Trailblaze|p1a: Toxapex
|-damage|p1a: Toxapex|2/100
|-boost|p2a: Urshifu|spe|1
|move|p1a: Toxapex|Chilling Water|p2a: Urshifu
|-resisted|p2a: Urshifu
|-damage|p2a: Urshifu|30/100
|-unboost|p2a: Urshifu|atk|1
|
|-heal|p2a: Urshifu|36/100|[from] item: Leftovers
|-damage|p2a: Urshifu|24/100|[from] move: Infestation|[partiallytrapped]
|upkeep
|turn|16
|inactive|Neighborhood Crip has 120 seconds left.
|
|t:|1685915192
|switch|p1a: Moltres|Moltres|100/100
|move|p2a: Urshifu|Surging Strikes|p1a: Moltres
|-supereffective|p1a: Moltres
|-crit|p1a: Moltres
|-damage|p1a: Moltres|49/100
|-supereffective|p1a: Moltres
|-crit|p1a: Moltres
|-damage|p1a: Moltres|0 fnt
|faint|p1a: Moltres
|-hitcount|p1: Moltres|2
|
|-heal|p2a: Urshifu|30/100|[from] item: Leftovers
|-end|p2a: Urshifu|Infestation|[partiallytrapped]|[silent]
|upkeep
|inactive|Neighborhood Crip has 120 seconds left.
|
|t:|1685915205
|switch|p1a: Toxapex|Toxapex, F|35/100
|turn|17
|inactive|Neighborhood Crip has 120 seconds left.
|
|t:|1685915211
|move|p2a: Urshifu|Swords Dance|p2a: Urshifu
|-boost|p2a: Urshifu|atk|2
|move|p1a: Toxapex|Infestation|p2a: Urshifu
|-resisted|p2a: Urshifu
|-damage|p2a: Urshifu|26/100
|-activate|p2a: Urshifu|move: Infestation|[of] p1a: Toxapex
|
|-heal|p2a: Urshifu|32/100|[from] item: Leftovers
|-damage|p2a: Urshifu|20/100|[from] move: Infestation|[partiallytrapped]
|upkeep
|turn|18
|inactive|Neighborhood Crip has 120 seconds left.
|
|t:|1685915222
|move|p2a: Urshifu|Close Combat|p1a: Toxapex
|-resisted|p1a: Toxapex
|-damage|p1a: Toxapex|0 fnt
|-unboost|p2a: Urshifu|def|1
|-unboost|p2a: Urshifu|spd|1
|faint|p1a: Toxapex
|
|-heal|p2a: Urshifu|26/100|[from] item: Leftovers
|-end|p2a: Urshifu|Infestation|[partiallytrapped]|[silent]
|upkeep
|inactive|Neighborhood Crip has 120 seconds left.
|
|t:|1685915232
|switch|p1a: Sneasler|Sneasler, F|100/100
|turn|19
|inactive|Neighborhood Crip has 120 seconds left.
|
|t:|1685915241
|-terastallize|p1a: Sneasler|Fairy
|move|p2a: Urshifu|Surging Strikes|p1a: Sneasler
|-crit|p1a: Sneasler
|-damage|p1a: Sneasler|10/100
|-crit|p1a: Sneasler
|-damage|p1a: Sneasler|0 fnt
|faint|p1a: Sneasler
|-hitcount|p1: Sneasler|2
|
|-heal|p2a: Urshifu|32/100|[from] item: Leftovers
|upkeep
|inactive|Neighborhood Crip has 120 seconds left.
|
|t:|1685915247
|switch|p1a: Greninja|Greninja, M, shiny|100/100
|turn|20
|
|t:|1685915251
|move|p1a: Greninja|Water Shuriken|p2a: Urshifu
|-start|p1a: Greninja|typechange|Water|[from] ability: Protean
|-resisted|p2a: Urshifu
|-damage|p2a: Urshifu|18/100
|-resisted|p2a: Urshifu
|-damage|p2a: Urshifu|1/100
|-resisted|p2a: Urshifu
|-damage|p2a: Urshifu|0 fnt
|faint|p2a: Urshifu
|-hitcount|p2: Urshifu|3
|
|upkeep
|
|t:|1685915256
|switch|p2a: Magearna|Magearna, tera:Water|100/100
|-damage|p2a: Magearna|88/100|[from] Stealth Rock
|turn|21
|
|t:|1685915260
|switch|p1a: Landorus|Landorus-Therian, M|100/100
|-ability|p1a: Landorus|Intimidate|boost
|-unboost|p2a: Magearna|atk|1
|move|p2a: Magearna|Calm Mind|p2a: Magearna
|-boost|p2a: Magearna|spa|1
|-boost|p2a: Magearna|spd|1
|
|-heal|p2a: Magearna|94/100|[from] item: Leftovers
|upkeep
|turn|22
|
|t:|1685915264
|move|p1a: Landorus|Taunt|p2a: Magearna
|-start|p2a: Magearna|move: Taunt
|move|p2a: Magearna|Draining Kiss|p1a: Landorus
|-damage|p1a: Landorus|59/100
|-heal|p2a: Magearna|100/100|[from] drain|[of] p1a: Landorus
|
|upkeep
|turn|23
|
|t:|1685915266
|move|p1a: Landorus|Earthquake|p2a: Magearna
|-damage|p2a: Magearna|64/100
|move|p2a: Magearna|Draining Kiss|p1a: Landorus
|-damage|p1a: Landorus|20/100
|-heal|p2a: Magearna|89/100|[from] drain|[of] p1a: Landorus
|
|-heal|p2a: Magearna|96/100|[from] item: Leftovers
|upkeep
|turn|24
|
|t:|1685915268
|move|p1a: Landorus|Earthquake|p2a: Magearna
|-damage|p2a: Magearna|61/100
|move|p2a: Magearna|Draining Kiss|p1a: Landorus
|-damage|p1a: Landorus|0 fnt
|-heal|p2a: Magearna|74/100|[from] drain|[of] p1a: Landorus
|faint|p1a: Landorus
|-ability|p2a: Magearna|Soul-Heart|boost
|-boost|p2a: Magearna|spa|1
|
|-heal|p2a: Magearna|80/100|[from] item: Leftovers
|-end|p2a: Magearna|move: Taunt
|upkeep
|
|t:|1685915272
|switch|p1a: Greninja|Greninja, M, shiny|100/100
|turn|25
|
|t:|1685915274
|move|p1a: Greninja|Grass Knot|p2a: Magearna
|-start|p1a: Greninja|typechange|Grass|[from] ability: Protean
|-supereffective|p2a: Magearna
|-damage|p2a: Magearna|17/100
|move|p2a: Magearna|Draining Kiss|p1a: Greninja
|-damage|p1a: Greninja|32/100
|-heal|p2a: Magearna|57/100|[from] drain|[of] p1a: Greninja
|
|-heal|p2a: Magearna|63/100|[from] item: Leftovers
|upkeep
|turn|26
|
|t:|1685915280
|switch|p2a: Moltres|Moltres-Galar, shiny|100/100
|move|p1a: Greninja|Grass Knot|p2a: Moltres
|-resisted|p2a: Moltres
|-damage|p2a: Moltres|78/100
|
|upkeep
|turn|27
|
|t:|1685915290
|move|p1a: Greninja|Grass Knot|p2a: Moltres
|-resisted|p2a: Moltres
|-damage|p2a: Moltres|53/100
|move|p2a: Moltres|Fiery Wrath|p1a: Greninja
|-damage|p1a: Greninja|0 fnt
|faint|p1a: Greninja
|
|win|Ryu nuzlocke
|raw|Neighborhood Crip's rating: 1123 → 1097(-26 for losing)
|raw|Ryu nuzlocke's rating: 1111 → 1137(+26 for winning)
|l|☆Neighborhood Crip
