|j|☆mysteriouszoro
|j|☆TheblackGotenks
|t:|1685904527
|gametype|singles
|player|p1|mysteriouszoro|silver|1417
|player|p2|TheblackGotenks|ghetsis-gen5bw|1372
|teamsize|p1|6
|teamsize|p2|6
|gen|9
|tier|[Gen 9] OU
|rated|
|rule|Sleep Clause Mod: Limit one foe put to sleep
|rule|Species Clause: Limit one of each Pokémon
|rule|OHKO Clause: OHKO moves are banned
|rule|Evasion Items Clause: Evasion items are banned
|rule|Evasion Moves Clause: Evasion moves are banned
|rule|Endless Battle Clause: Forcing endless battles is banned
|rule|HP Percentage Mod: HP is shown in percentages
|clearpoke
|poke|p1|Decidueye-Hisui, M|
|poke|p1|Grimmsnarl, M|
|poke|p1|Overqwil, M|
|poke|p1|Goodra-Hisui, M|
|poke|p1|Enamorus, F|
|poke|p1|Gholdengo|
|poke|p2|Ursaluna, F|
|poke|p2|Cresselia, F|
|poke|p2|Slowking-Galar, F|
|poke|p2|Magearna|
|poke|p2|Kingambit, F|
|poke|p2|Glastrier|
|teampreview
|
|t:|1685904548
|start
|switch|p1a: Grimmsnarl|Grimmsnarl, M|100/100
|switch|p2a: Magearna|Magearna|100/100
|turn|1
|
|t:|1685904556
|move|p1a: Grimmsnarl|Taunt|p2a: Magearna
|-start|p2a: Magearna|move: Taunt
|cant|p2a: Magearna|move: Taunt|Trick Room
|
|upkeep
|turn|2
|
|t:|1685904559
|move|p1a: Grimmsnarl|Light Screen|p1a: Grimmsnarl
|-sidestart|p1: mysteriouszoro|move: Light Screen
|move|p2a: Magearna|Flash Cannon|p1a: Grimmsnarl
|-supereffective|p1a: Grimmsnarl
|-damage|p1a: Grimmsnarl|65/100
|
|upkeep
|turn|3
|
|t:|1685904563
|move|p1a: Grimmsnarl|Reflect|p1a: Grimmsnarl
|-sidestart|p1: mysteriouszoro|Reflect
|move|p2a: Magearna|Flash Cannon|p1a: Grimmsnarl
|-supereffective|p1a: Grimmsnarl
|-damage|p1a: Grimmsnarl|32/100
|
|-end|p2a: Magearna|move: Taunt
|upkeep
|turn|4
|
|t:|1685904568
|move|p1a: Grimmsnarl|Taunt|p2a: Magearna
|-start|p2a: Magearna|move: Taunt
|move|p2a: Magearna|Fleur Cannon|p1a: Grimmsnarl
|-supereffective|p1a: Grimmsnarl
|-damage|p1a: Grimmsnarl|0 fnt
|-unboost|p2a: Magearna|spa|2
|-enditem|p2a: Magearna|Eject Pack
|faint|p1a: Grimmsnarl
|-ability|p2a: Magearna|Soul-Heart|boost
|-boost|p2a: Magearna|spa|1
|
|t:|1685904580
|switch|p2a: Ursaluna|Ursaluna, F|100/100
|
|-status|p2a: Ursaluna|brn|[from] item: Flame Orb
|upkeep
|
|t:|1685904593
|switch|p1a: Overqwil|Overqwil, M|100/100
|-ability|p1a: Overqwil|Intimidate|boost
|-unboost|p2a: Ursaluna|atk|1
|turn|5
|
|t:|1685904600
|move|p1a: Overqwil|Spikes|p2a: Ursaluna
|-sidestart|p2: TheblackGotenks|Spikes
|move|p2a: Ursaluna|Earthquake|p1a: Overqwil
|-supereffective|p1a: Overqwil
|-crit|p1a: Overqwil
|-damage|p1a: Overqwil|0 fnt
|faint|p1a: Overqwil
|
|-damage|p2a: Ursaluna|94/100 brn|[from] brn
|upkeep
|
|t:|1685904604
|switch|p1a: Decidueye|Decidueye-Hisui, M|100/100
|turn|6
|
|t:|1685904614
|switch|p2a: Cresselia|Cresselia, F|100/100
|-terastallize|p1a: Decidueye|Ghost
|move|p1a: Decidueye|Bulk Up|p1a: Decidueye
|-boost|p1a: Decidueye|atk|1
|-boost|p1a: Decidueye|def|1
|
|upkeep
|turn|7
|
|t:|1685904624
|move|p1a: Decidueye|Bulk Up|p1a: Decidueye
|-boost|p1a: Decidueye|atk|1
|-boost|p1a: Decidueye|def|1
|move|p2a: Cresselia|Trick Room|p2a: Cresselia
|-fieldstart|move: Trick Room|[of] p2a: Cresselia
|
|upkeep
|turn|8
|
|t:|1685904643
|move|p1a: Decidueye|Triple Arrows|p2a: Cresselia
|-resisted|p2a: Cresselia
|-damage|p2a: Cresselia|75/100
|cant|p2a: Cresselia|flinch
|
|-heal|p2a: Cresselia|81/100|[from] item: Leftovers
|upkeep
|turn|9
|
|t:|1685904655
|move|p1a: Decidueye|Bulk Up|p1a: Decidueye
|-boost|p1a: Decidueye|atk|1
|-boost|p1a: Decidueye|def|1
|move|p2a: Cresselia|Ice Beam|p1a: Decidueye
|-damage|p1a: Decidueye|95/100
|
|-heal|p1a: Decidueye|100/100|[from] item: Leftovers
|-heal|p2a: Cresselia|87/100|[from] item: Leftovers
|-sideend|p1: mysteriouszoro|move: Light Screen
|upkeep
|turn|10
|
|t:|1685904663
|switch|p2a: Magearna|Magearna|100/100
|-damage|p2a: Magearna|88/100|[from] Spikes
|move|p1a: Decidueye|Bulk Up|p1a: Decidueye
|-boost|p1a: Decidueye|atk|1
|-boost|p1a: Decidueye|def|1
|
|-sideend|p1: mysteriouszoro|Reflect
|upkeep
|turn|11
|
|t:|1685904672
|-terastallize|p2a: Magearna|Fairy
|move|p2a: Magearna|Fleur Cannon|p1a: Decidueye
|-damage|p1a: Decidueye|38/100
|-unboost|p2a: Magearna|spa|2
|move|p1a: Decidueye|Triple Arrows|p2a: Magearna
|-resisted|p2a: Magearna
|-damage|p2a: Magearna|49/100
|
|-heal|p1a: Decidueye|44/100|[from] item: Leftovers
|-fieldend|move: Trick Room
|upkeep
|turn|12
|
|t:|1685904684
|switch|p2a: Slowking|Slowking-Galar, F|100/100
|-damage|p2a: Slowking|88/100|[from] Spikes
|move|p1a: Decidueye|Roost|p1a: Decidueye
|-heal|p1a: Decidueye|94/100
|
|-heal|p1a: Decidueye|99/100|[from] item: Leftovers
|upkeep
|turn|13
|
|t:|1685904689
|move|p1a: Decidueye|Shadow Sneak|p2a: Slowking
|-supereffective|p2a: Slowking
|-damage|p2a: Slowking|0 fnt
|faint|p2a: Slowking
|
|-heal|p1a: Decidueye|100/100|[from] item: Leftovers
|upkeep
|
|t:|1685904695
|switch|p2a: Cresselia|Cresselia, F|87/100
|turn|14
|
|t:|1685904699
|move|p1a: Decidueye|Bulk Up|p1a: Decidueye
|-boost|p1a: Decidueye|atk|1
|-boost|p1a: Decidueye|def|1
|move|p2a: Cresselia|Trick Room|p2a: Cresselia
|-fieldstart|move: Trick Room|[of] p2a: Cresselia
|
|-heal|p2a: Cresselia|93/100|[from] item: Leftovers
|upkeep
|turn|15
|
|t:|1685904711
|move|p1a: Decidueye|Triple Arrows|p2a: Cresselia
|-resisted|p2a: Cresselia
|-damage|p2a: Cresselia|48/100
|-unboost|p2a: Cresselia|def|1
|cant|p2a: Cresselia|flinch
|
|-heal|p2a: Cresselia|54/100|[from] item: Leftovers
|upkeep
|turn|16
|
|t:|1685904720
|move|p1a: Decidueye|Triple Arrows|p2a: Cresselia
|-resisted|p2a: Cresselia
|-damage|p2a: Cresselia|0 fnt
|faint|p2a: Cresselia
|
|upkeep
|
|t:|1685904729
|switch|p2a: Magearna|Magearna, tera:Fairy|49/100
|-damage|p2a: Magearna|37/100|[from] Spikes
|turn|17
|
|t:|1685904732
|move|p1a: Decidueye|Shadow Sneak|p2a: Magearna
|-damage|p2a: Magearna|0 fnt
|faint|p2a: Magearna
|
|upkeep
|-message|TheblackGotenks forfeited.
|
|win|mysteriouszoro
|raw|mysteriouszoro's rating: 1417 → 1434(+17 for winning)
|raw|TheblackGotenks's rating: 1372 → 1355(-17 for losing)
|l|☆TheblackGotenks
