|j|☆BrosNGX
|j|☆mysteriouszoro
|t:|1685882870
|gametype|singles
|player|p1|BrosNGX|n|1373
|player|p2|mysteriouszoro|silver|1442
|teamsize|p1|6
|teamsize|p2|6
|gen|9
|tier|[Gen 9] OU
|rated|
|rule|Sleep Clause Mod: Limit one foe put to sleep
|rule|Species Clause: Limit one of each Pokémon
|rule|OHKO Clause: OHKO moves are banned
|rule|Evasion Items Clause: Evasion items are banned
|rule|Evasion Moves Clause: Evasion moves are banned
|rule|Endless Battle Clause: Forcing endless battles is banned
|rule|HP Percentage Mod: HP is shown in percentages
|clearpoke
|poke|p1|Glimmora, M|
|poke|p1|Dragonite, F|
|poke|p1|Iron Valiant|
|poke|p1|Volcarona, M|
|poke|p1|Hydreigon, F|
|poke|p1|Gholdengo|
|poke|p2|Arcanine-Hisui, M|
|poke|p2|Torkoal, F|
|poke|p2|Typhlosion-Hisui, M|
|poke|p2|Kleavor, F|
|poke|p2|Walking Wake|
|poke|p2|Great Tusk|
|teampreview
|inactive|Battle timer is ON: inactive players will automatically lose when time's up. (requested by BrosNGX)
|
|t:|1685882896
|start
|switch|p1a: Glimmora|Glimmora, M|100/100
|switch|p2a: Kleavor|Kleavor, F|100/100
|turn|1
|
|t:|1685882907
|move|p2a: Kleavor|Stone Axe|p1a: Glimmora
|-damage|p1a: Glimmora|39/100
|-sidestart|p1: BrosNGX|move: Stealth Rock
|-activate|p1a: Glimmora|ability: Toxic Debris
|-sidestart|p2: mysteriouszoro|move: Toxic Spikes
|move|p1a: Glimmora|Stealth Rock|p2a: Kleavor
|-sidestart|p2: mysteriouszoro|move: Stealth Rock
|
|upkeep
|turn|2
|
|t:|1685882916
|move|p2a: Kleavor|Stone Axe|p1a: Glimmora
|-damage|p1a: Glimmora|0 fnt
|-activate|p1a: Glimmora|ability: Toxic Debris
|-sidestart|p2: mysteriouszoro|move: Toxic Spikes
|faint|p1a: Glimmora
|
|upkeep
|
|t:|1685882923
|switch|p1a: Dragonite|Dragonite, F|100/100
|turn|3
|
|t:|1685882926
|move|p2a: Kleavor|Stone Axe|p1a: Dragonite
|-supereffective|p1a: Dragonite
|-damage|p1a: Dragonite|50/100
|move|p1a: Dragonite|Dragon Dance|p1a: Dragonite
|-boost|p1a: Dragonite|atk|1
|-boost|p1a: Dragonite|spe|1
|
|upkeep
|turn|4
|
|t:|1685882934
|move|p2a: Kleavor|Stone Axe|p1a: Dragonite
|-supereffective|p1a: Dragonite
|-damage|p1a: Dragonite|0 fnt
|faint|p1a: Dragonite
|
|upkeep
|
|t:|1685882944
|switch|p1a: Gholdengo|Gholdengo|100/100
|-damage|p1a: Gholdengo|94/100|[from] Stealth Rock
|turn|5
|
|t:|1685882949
|switch|p2a: Arcanine|Arcanine-Hisui, M|100/100
|-status|p2a: Arcanine|tox
|-damage|p2a: Arcanine|76/100 tox|[from] Stealth Rock
|move|p1a: Gholdengo|Nasty Plot|p1a: Gholdengo
|-boost|p1a: Gholdengo|spa|2
|
|-damage|p2a: Arcanine|70/100 tox|[from] psn
|upkeep
|turn|6
|
|t:|1685882959
|move|p2a: Arcanine|Flare Blitz|p1a: Gholdengo
|-supereffective|p1a: Gholdengo
|-damage|p1a: Gholdengo|0 fnt
|faint|p1a: Gholdengo
|
|-damage|p2a: Arcanine|58/100 tox|[from] psn
|upkeep
|
|t:|1685882966
|switch|p1a: Volcarona|Volcarona, M|100/100
|turn|7
|
|t:|1685882970
|move|p2a: Arcanine|Flare Blitz|p1a: Volcarona
|-damage|p1a: Volcarona|3/100
|move|p1a: Volcarona|Quiver Dance|p1a: Volcarona
|-boost|p1a: Volcarona|spa|1
|-boost|p1a: Volcarona|spd|1
|-boost|p1a: Volcarona|spe|1
|
|-damage|p2a: Arcanine|39/100 tox|[from] psn
|upkeep
|turn|8
|
|t:|1685882980
|move|p1a: Volcarona|Giga Drain|p2a: Arcanine
|-damage|p2a: Arcanine|0 fnt
|-heal|p1a: Volcarona|20/100|[from] drain|[of] p2a: Arcanine
|faint|p2a: Arcanine
|
|upkeep
|
|t:|1685882983
|switch|p2a: Kleavor|Kleavor, F|100/100
|-status|p2a: Kleavor|tox
|-damage|p2a: Kleavor|76/100 tox|[from] Stealth Rock
|turn|9
|
|t:|1685882994
|move|p1a: Volcarona|Giga Drain|p2a: Kleavor
|-damage|p2a: Kleavor|25/100 tox
|-heal|p1a: Volcarona|39/100|[from] drain|[of] p2a: Kleavor
|move|p2a: Kleavor|Defog|p1a: Volcarona
|-unboost|p1a: Volcarona|evasion|1
|-sideend|p1: BrosNGX|Stealth Rock|[from] move: Defog|[of] p2a: Kleavor
|-sideend|p2: mysteriouszoro|Toxic Spikes|[from] move: Defog|[of] p2a: Kleavor
|-sideend|p2: mysteriouszoro|Stealth Rock|[from] move: Defog|[of] p2a: Kleavor
|
|-damage|p2a: Kleavor|19/100 tox|[from] psn
|upkeep
|turn|10
|
|t:|1685883011
|switch|p2a: Torkoal|Torkoal, F|100/100
|-weather|SunnyDay|[from] ability: Drought|[of] p2a: Torkoal
|move|p1a: Volcarona|Fiery Dance|p2a: Torkoal
|-resisted|p2a: Torkoal
|-damage|p2a: Torkoal|55/100
|-boost|p1a: Volcarona|spa|1
|
|-weather|SunnyDay|[upkeep]
|upkeep
|turn|11
|
|t:|1685883022
|move|p1a: Volcarona|Quiver Dance|p1a: Volcarona
|-boost|p1a: Volcarona|spa|1
|-boost|p1a: Volcarona|spd|1
|-boost|p1a: Volcarona|spe|1
|move|p2a: Torkoal|Yawn|p1a: Volcarona
|-start|p1a: Volcarona|move: Yawn|[of] p2a: Torkoal
|
|-weather|SunnyDay|[upkeep]
|upkeep
|turn|12
|
|t:|1685883031
|move|p1a: Volcarona|Fiery Dance|p2a: Torkoal
|-resisted|p2a: Torkoal
|-damage|p2a: Torkoal|0 fnt
|-boost|p1a: Volcarona|spa|1
|faint|p2a: Torkoal
|
|-weather|SunnyDay|[upkeep]
|-end|p1a: Volcarona|move: Yawn|[silent]
|-status|p1a: Volcarona|slp
|upkeep
|
|t:|1685883037
|switch|p2a: Typhlosion|Typhlosion-Hisui, M|100/100
|-item|p1a: Volcarona|Heavy-Duty Boots|[from] ability: Frisk|[of] p2a: Typhlosion|[identify]
|turn|13
|
|t:|1685883046
|-terastallize|p2a: Typhlosion|Fire
|cant|p1a: Volcarona|slp
|move|p2a: Typhlosion|Eruption|p1a: Volcarona
|-damage|p1a: Volcarona|0 fnt
|faint|p1a: Volcarona
|
|-weather|SunnyDay|[upkeep]
|upkeep
|
|t:|1685883056
|switch|p1a: Iron Valiant|Iron Valiant|100/100
|-enditem|p1a: Iron Valiant|Booster Energy
|-activate|p1a: Iron Valiant|ability: Quark Drive|[fromitem]
|-start|p1a: Iron Valiant|quarkdrivespe
|turn|14
|
|t:|1685883073
|switch|p2a: Kleavor|Kleavor, F|19/100 tox
|move|p1a: Iron Valiant|Close Combat|p2a: Kleavor
|-damage|p2a: Kleavor|0 fnt
|-unboost|p1a: Iron Valiant|def|1
|-unboost|p1a: Iron Valiant|spd|1
|faint|p2a: Kleavor
|
|-weather|SunnyDay|[upkeep]
|upkeep
|
|t:|1685883078
|switch|p2a: Typhlosion|Typhlosion-Hisui, M, tera:Fire|100/100
|turn|15
|
|t:|1685883086
|move|p1a: Iron Valiant|Close Combat|p2a: Typhlosion
|-damage|p2a: Typhlosion|3/100
|-unboost|p1a: Iron Valiant|def|1
|-unboost|p1a: Iron Valiant|spd|1
|move|p2a: Typhlosion|Flamethrower|p1a: Iron Valiant
|-damage|p1a: Iron Valiant|0 fnt
|faint|p1a: Iron Valiant
|-end|p1a: Iron Valiant|Quark Drive|[silent]
|
|-weather|SunnyDay|[upkeep]
|upkeep
|
|t:|1685883096
|switch|p1a: Hydreigon|Hydreigon, F|100/100
|turn|16
|
|t:|1685883100
|move|p2a: Typhlosion|Flamethrower|p1a: Hydreigon
|-resisted|p1a: Hydreigon
|-damage|p1a: Hydreigon|51/100
|move|p1a: Hydreigon|Dark Pulse|p2a: Typhlosion
|-damage|p2a: Typhlosion|0 fnt
|faint|p2a: Typhlosion
|
|-weather|SunnyDay|[upkeep]
|-heal|p1a: Hydreigon|57/100|[from] item: Leftovers
|upkeep
|
|t:|1685883112
|switch|p2a: Walking Wake|Walking Wake|100/100
|-activate|p2a: Walking Wake|ability: Protosynthesis
|-start|p2a: Walking Wake|protosynthesisspe
|turn|17
|
|t:|1685883121
|-terastallize|p1a: Hydreigon|Steel
|move|p2a: Walking Wake|Hydro Steam|p1a: Hydreigon
|-crit|p1a: Hydreigon
|-damage|p1a: Hydreigon|0 fnt
|faint|p1a: Hydreigon
|
|win|mysteriouszoro
|raw|BrosNGX's rating: 1373 → 1357(-16 for losing)
|raw|mysteriouszoro's rating: 1442 → 1458(+16 for winning)
|l|☆BrosNGX
