|j|☆ProteinMan11
|j|☆brubobn
|t:|1685842061
|gametype|singles
|player|p1|ProteinMan11|hiker-gen4|1042
|player|p2|brubobn|bruno|1101
|teamsize|p1|6
|teamsize|p2|6
|gen|9
|tier|[Gen 9] OU
|rated|
|rule|Sleep Clause Mod: Limit one foe put to sleep
|rule|Species Clause: Limit one of each Pokémon
|rule|OHKO Clause: OHKO moves are banned
|rule|Evasion Items Clause: Evasion items are banned
|rule|Evasion Moves Clause: Evasion moves are banned
|rule|Endless Battle Clause: Forcing endless battles is banned
|rule|HP Percentage Mod: HP is shown in percentages
|clearpoke
|poke|p1|Maushold-Four|
|poke|p1|Dragapult, M|
|poke|p1|Dondozo, M|
|poke|p1|Magearna|
|poke|p1|Espeon, M|
|poke|p1|Chien-Pao|
|poke|p2|Baxcalibur, M|
|poke|p2|Garganacl, F|
|poke|p2|Kingambit, M|
|poke|p2|Breloom, M|
|poke|p2|Grimmsnarl, M|
|poke|p2|Kleavor, F|
|teampreview
|inactive|Battle timer is ON: inactive players will automatically lose when time's up. (requested by brubobn)
|inactive|ProteinMan11 also wants the timer to be on.
|
|t:|1685842069
|start
|switch|p1a: Ricky|Dondozo, M|100/100
|switch|p2a: Grimmsnarl|Grimmsnarl, M|100/100
|turn|1
|
|t:|1685842075
|move|p2a: Grimmsnarl|Taunt|p1a: Ricky
|-start|p1a: Ricky|move: Taunt
|cant|p1a: Ricky|move: Taunt|Curse
|
|upkeep
|turn|2
|
|t:|1685842079
|move|p2a: Grimmsnarl|Reflect|p2a: Grimmsnarl
|-sidestart|p2: brubobn|Reflect
|move|p1a: Ricky|Wave Crash|p2a: Grimmsnarl
|-damage|p2a: Grimmsnarl|75/100
|-damage|p1a: Ricky|94/100|[from] Recoil
|
|upkeep
|turn|3
|
|t:|1685842086
|move|p2a: Grimmsnarl|Parting Shot|p1a: Ricky
|-unboost|p1a: Ricky|atk|1
|-unboost|p1a: Ricky|spa|1
|
|t:|1685842090
|switch|p2a: Breloom|Breloom, M|100/100|[from] Parting Shot
|move|p1a: Ricky|Wave Crash|p2a: Breloom
|-resisted|p2a: Breloom
|-damage|p2a: Breloom|87/100
|-damage|p1a: Ricky|92/100|[from] Recoil
|
|-end|p1a: Ricky|move: Taunt
|upkeep
|turn|4
|
|t:|1685842100
|move|p2a: Breloom|Bullet Seed|p1a: Ricky
|-supereffective|p1a: Ricky
|-damage|p1a: Ricky|67/100
|-supereffective|p1a: Ricky
|-damage|p1a: Ricky|45/100
|-supereffective|p1a: Ricky
|-damage|p1a: Ricky|21/100
|-supereffective|p1a: Ricky
|-damage|p1a: Ricky|0 fnt
|faint|p1a: Ricky
|-hitcount|p1: Ricky|4
|
|upkeep
|
|t:|1685842113
|switch|p1a: Tara Bailey|Magearna|100/100
|turn|5
|
|t:|1685842128
|switch|p2a: Garganacl|Garganacl, F|100/100
|move|p1a: Tara Bailey|Shift Gear|p1a: Tara Bailey
|-boost|p1a: Tara Bailey|spe|2
|-boost|p1a: Tara Bailey|atk|1
|
|upkeep
|turn|6
|
|t:|1685842135
|move|p1a: Tara Bailey|Zap Cannon|p2a: Garganacl
|-damage|p2a: Garganacl|73/100
|move|p2a: Garganacl|Salt Cure|p1a: Tara Bailey
|-resisted|p1a: Tara Bailey
|-damage|p1a: Tara Bailey|94/100
|-start|p1a: Tara Bailey|Salt Cure
|
|-heal|p2a: Garganacl|79/100|[from] item: Leftovers
|-damage|p1a: Tara Bailey|69/100|[from] Salt Cure
|upkeep
|turn|7
|
|t:|1685842149
|move|p1a: Tara Bailey|Draining Kiss|p2a: Garganacl
|-damage|p2a: Garganacl|61/100
|-heal|p1a: Tara Bailey|84/100|[from] drain|[of] p2a: Garganacl
|move|p2a: Garganacl|Iron Defense|p2a: Garganacl
|-boost|p2a: Garganacl|def|2
|
|-heal|p2a: Garganacl|67/100|[from] item: Leftovers
|-damage|p1a: Tara Bailey|59/100|[from] Salt Cure
|upkeep
|turn|8
|
|t:|1685842158
|move|p1a: Tara Bailey|Shift Gear|p1a: Tara Bailey
|-boost|p1a: Tara Bailey|spe|2
|-boost|p1a: Tara Bailey|atk|1
|move|p2a: Garganacl|Body Press|p1a: Tara Bailey
|-crit|p1a: Tara Bailey
|-damage|p1a: Tara Bailey|2/100
|
|-heal|p2a: Garganacl|73/100|[from] item: Leftovers
|-damage|p1a: Tara Bailey|0 fnt|[from] Salt Cure
|faint|p1a: Tara Bailey
|upkeep
|
|t:|1685842174
|switch|p1a: The Splurgy|Espeon, M|100/100
|turn|9
|
|t:|1685842178
|move|p1a: The Splurgy|Calm Mind|p1a: The Splurgy
|-boost|p1a: The Splurgy|spa|1
|-boost|p1a: The Splurgy|spd|1
|move|p2a: Garganacl|Salt Cure|p1a: The Splurgy
|-damage|p1a: The Splurgy|74/100
|-start|p1a: The Splurgy|Salt Cure
|
|-heal|p2a: Garganacl|79/100|[from] item: Leftovers
|-damage|p1a: The Splurgy|62/100|[from] Salt Cure
|-sideend|p2: brubobn|Reflect
|upkeep
|turn|10
|
|t:|1685842188
|move|p1a: The Splurgy|Psychic|p2a: Garganacl
|-damage|p2a: Garganacl|32/100
|move|p2a: Garganacl|Body Press|p1a: The Splurgy
|-resisted|p1a: The Splurgy
|-damage|p1a: The Splurgy|20/100
|
|-heal|p2a: Garganacl|38/100|[from] item: Leftovers
|-damage|p1a: The Splurgy|7/100|[from] Salt Cure
|upkeep
|turn|11
|
|t:|1685842198
|move|p1a: The Splurgy|Psychic|p2a: Garganacl
|-damage|p2a: Garganacl|0 fnt
|faint|p2a: Garganacl
|
|-damage|p1a: The Splurgy|0 fnt|[from] Salt Cure
|faint|p1a: The Splurgy
|upkeep
|
|t:|1685842206
|switch|p1a: Germany|Maushold-Four|100/100
|switch|p2a: Grimmsnarl|Grimmsnarl, M|75/100
|turn|12
|
|t:|1685842212
|move|p2a: Grimmsnarl|Taunt|p1a: Germany
|-start|p1a: Germany|move: Taunt
|cant|p1a: Germany|move: Taunt|Tidy Up
|
|upkeep
|turn|13
|
|t:|1685842217
|move|p2a: Grimmsnarl|Reflect|p2a: Grimmsnarl
|-sidestart|p2: brubobn|Reflect
|move|p1a: Germany|Population Bomb|p2a: Grimmsnarl
|-damage|p2a: Grimmsnarl|71/100
|-damage|p2a: Grimmsnarl|66/100
|-damage|p2a: Grimmsnarl|62/100
|-damage|p2a: Grimmsnarl|58/100
|-damage|p2a: Grimmsnarl|54/100
|-damage|p2a: Grimmsnarl|49/100
|-damage|p2a: Grimmsnarl|45/100
|-damage|p2a: Grimmsnarl|41/100
|-damage|p2a: Grimmsnarl|36/100
|-damage|p2a: Grimmsnarl|31/100
|-hitcount|p2a: Grimmsnarl|10
|
|upkeep
|turn|14
|
|t:|1685842232
|move|p2a: Grimmsnarl|Parting Shot|p1a: Germany
|-unboost|p1a: Germany|atk|1
|-unboost|p1a: Germany|spa|1
|
|t:|1685842241
|switch|p2a: Kingambit|Kingambit, M|100/100|[from] Parting Shot
|move|p1a: Germany|Population Bomb|p2a: Kingambit
|-resisted|p2a: Kingambit
|-damage|p2a: Kingambit|99/100
|-resisted|p2a: Kingambit
|-damage|p2a: Kingambit|98/100
|-resisted|p2a: Kingambit
|-damage|p2a: Kingambit|97/100
|-resisted|p2a: Kingambit
|-crit|p2a: Kingambit
|-damage|p2a: Kingambit|90/100
|-resisted|p2a: Kingambit
|-damage|p2a: Kingambit|89/100
|-resisted|p2a: Kingambit
|-damage|p2a: Kingambit|88/100
|-resisted|p2a: Kingambit
|-damage|p2a: Kingambit|86/100
|-resisted|p2a: Kingambit
|-damage|p2a: Kingambit|85/100
|-resisted|p2a: Kingambit
|-damage|p2a: Kingambit|83/100
|-resisted|p2a: Kingambit
|-damage|p2a: Kingambit|82/100
|-hitcount|p2a: Kingambit|10
|
|-end|p1a: Germany|move: Taunt
|upkeep
|turn|15
|
|t:|1685842265
|move|p1a: Germany|Tidy Up|p1a: Germany
|-boost|p1a: Germany|atk|1
|-boost|p1a: Germany|spe|1
|move|p2a: Kingambit|Brick Break|p1a: Germany
|-supereffective|p1a: Germany
|-damage|p1a: Germany|4/100
|
|upkeep
|turn|16
|
|t:|1685842273
|move|p2a: Kingambit|Sucker Punch|p1a: Germany
|-damage|p1a: Germany|0 fnt
|faint|p1a: Germany
|
|upkeep
|
|t:|1685842280
|switch|p1a: Chow-Mein|Chien-Pao|100/100
|-ability|p1a: Chow-Mein|Sword of Ruin
|turn|17
|
|t:|1685842288
|move|p1a: Chow-Mein|Swords Dance|p1a: Chow-Mein
|-boost|p1a: Chow-Mein|atk|2
|move|p2a: Kingambit|Brick Break|p1a: Chow-Mein
|-supereffective|p1a: Chow-Mein
|-enditem|p1a: Chow-Mein|Focus Sash
|-damage|p1a: Chow-Mein|1/100
|
|upkeep
|turn|18
|
|t:|1685842296
|move|p1a: Chow-Mein|Sacred Sword|p2a: Kingambit
|-supereffective|p2a: Kingambit
|-damage|p2a: Kingambit|0 fnt
|faint|p2a: Kingambit
|
|upkeep
|
|t:|1685842302
|switch|p2a: Baxcalibur|Baxcalibur, M|100/100
|turn|19
|
|t:|1685842309
|move|p2a: Baxcalibur|Ice Shard|p1a: Chow-Mein
|-resisted|p1a: Chow-Mein
|-damage|p1a: Chow-Mein|0 fnt
|faint|p1a: Chow-Mein
|
|upkeep
|
|t:|1685842314
|switch|p1a: Weezer|Dragapult, M|100/100
|turn|20
|
|t:|1685842321
|-terastallize|p2a: Baxcalibur|Steel
|move|p1a: Weezer|Dragon Darts|p2a: Baxcalibur
|-resisted|p2a: Baxcalibur
|-damage|p2a: Baxcalibur|89/100
|-anim|p1a: Weezer|Dragon Darts|p2a: Baxcalibur
|-resisted|p2a: Baxcalibur
|-damage|p2a: Baxcalibur|78/100
|move|p2a: Baxcalibur|Glaive Rush|p1a: Weezer
|-supereffective|p1a: Weezer
|-enditem|p1a: Weezer|Focus Sash
|-damage|p1a: Weezer|1/100
|-singlemove|p2a: Baxcalibur|Glaive Rush|[silent]
|
|-sideend|p2: brubobn|Reflect
|upkeep
|turn|21
|
|t:|1685842333
|move|p2a: Baxcalibur|Ice Shard|p1a: Weezer
|-supereffective|p1a: Weezer
|-damage|p1a: Weezer|0 fnt
|faint|p1a: Weezer
|
|win|brubobn
|raw|ProteinMan11's rating: 1042 → 1028(-14 for losing)
|raw|brubobn's rating: 1101 → 1122(+21 for winning)
|l|☆ProteinMan11
