|j|☆newteamtrials1
|j|☆snorfucks
|t:|1685851126
|gametype|singles
|player|p1|newteamtrials1|102|1000
|player|p2|snorfucks|1|1078
|teamsize|p1|6
|teamsize|p2|6
|gen|9
|tier|[Gen 9] OU
|rated|
|rule|Sleep Clause Mod: Limit one foe put to sleep
|rule|Species Clause: Limit one of each Pokémon
|rule|OHKO Clause: OHKO moves are banned
|rule|Evasion Items Clause: Evasion items are banned
|rule|Evasion Moves Clause: Evasion moves are banned
|rule|Endless Battle Clause: Forcing endless battles is banned
|rule|HP Percentage Mod: HP is shown in percentages
|clearpoke
|poke|p1|Greninja, M|
|poke|p1|Urshifu-*, M|
|poke|p1|Pelipper, F|
|poke|p1|Basculegion, M|
|poke|p1|Goodra-Hisui, F|
|poke|p1|Zapdos|
|poke|p2|Kleavor, M|
|poke|p2|Roaring Moon|
|poke|p2|Iron Treads|
|poke|p2|Moltres|
|poke|p2|Ditto|
|poke|p2|Gholdengo|
|teampreview
|
|t:|1685851135
|start
|switch|p1a: Urshifu|Urshifu-Rapid-Strike, M|100/100
|switch|p2a: Moltres|Moltres|100/100
|turn|1
|
|t:|1685851151
|move|p1a: Urshifu|U-turn|p2a: Moltres
|-resisted|p2a: Moltres
|-damage|p2a: Moltres|94/100
|
|t:|1685851154
|switch|p1a: Pelipper|Pelipper, F, shiny|100/100|[from] U-turn
|-weather|RainDance|[from] ability: Drizzle|[of] p1a: Pelipper
|move|p2a: Moltres|Will-O-Wisp|p1a: Pelipper
|-status|p1a: Pelipper|brn
|
|-weather|RainDance|[upkeep]
|-damage|p1a: Pelipper|94/100 brn|[from] brn
|upkeep
|turn|2
|
|t:|1685851171
|move|p2a: Moltres|U-turn|p1a: Pelipper
|-resisted|p1a: Pelipper
|-damage|p1a: Pelipper|88/100 brn
|
|t:|1685851196
|switch|p2a: Roaring Moon|Roaring Moon|100/100|[from] U-turn
|-enditem|p2a: Roaring Moon|Booster Energy
|-activate|p2a: Roaring Moon|ability: Protosynthesis|[fromitem]
|-start|p2a: Roaring Moon|protosynthesisatk
|move|p1a: Pelipper|U-turn|p2a: Roaring Moon
|-supereffective|p2a: Roaring Moon
|-damage|p2a: Roaring Moon|89/100
|
|t:|1685851212
|switch|p1a: Urshifu|Urshifu-Rapid-Strike, M|100/100|[from] U-turn
|
|-weather|RainDance|[upkeep]
|upkeep
|turn|3
|
|t:|1685851230
|move|p1a: Urshifu|Surging Strikes|p2a: Roaring Moon
|-resisted|p2a: Roaring Moon
|-crit|p2a: Roaring Moon
|-damage|p2a: Roaring Moon|69/100
|-resisted|p2a: Roaring Moon
|-crit|p2a: Roaring Moon
|-damage|p2a: Roaring Moon|51/100
|-resisted|p2a: Roaring Moon
|-crit|p2a: Roaring Moon
|-damage|p2a: Roaring Moon|32/100
|-hitcount|p2a: Roaring Moon|3
|move|p2a: Roaring Moon|Acrobatics|p1a: Urshifu
|-supereffective|p1a: Urshifu
|-damage|p1a: Urshifu|0 fnt
|faint|p1a: Urshifu
|
|-weather|RainDance|[upkeep]
|upkeep
|
|t:|1685851237
|switch|p1a: Greninja|Greninja, M|100/100
|turn|4
|
|t:|1685851245
|-end|p2a: Roaring Moon|Protosynthesis|[silent]
|switch|p2a: Moltres|Moltres|94/100
|move|p1a: Greninja|Ice Beam|p2a: Moltres
|-damage|p2a: Moltres|75/100
|
|-weather|RainDance|[upkeep]
|upkeep
|turn|5
|
|t:|1685851254
|move|p1a: Greninja|Surf|p2a: Moltres
|-supereffective|p2a: Moltres
|-damage|p2a: Moltres|0 fnt
|faint|p2a: Moltres
|
|-weather|RainDance|[upkeep]
|upkeep
|
|t:|1685851262
|switch|p2a: Gholdengo|Gholdengo|100/100
|turn|6
|
|t:|1685851268
|move|p1a: Greninja|Spikes|p2a: Gholdengo
|-sidestart|p2: snorfucks|Spikes
|move|p2a: Gholdengo|Thunderbolt|p1a: Greninja
|-supereffective|p1a: Greninja
|-enditem|p1a: Greninja|Focus Sash
|-damage|p1a: Greninja|1/100
|
|-weather|RainDance|[upkeep]
|upkeep
|turn|7
|
|t:|1685851278
|move|p1a: Greninja|Surf|p2a: Gholdengo
|-damage|p2a: Gholdengo|0 fnt
|faint|p2a: Gholdengo
|
|-weather|RainDance|[upkeep]
|upkeep
|
|t:|1685851292
|switch|p2a: Kleavor|Kleavor, M|100/100
|-damage|p2a: Kleavor|88/100|[from] Spikes
|turn|8
|
|t:|1685851296
|move|p2a: Kleavor|Quick Attack|p1a: Greninja
|-damage|p1a: Greninja|0 fnt
|faint|p1a: Greninja
|-damage|p2a: Kleavor|78/100|[from] item: Life Orb
|
|-weather|none
|upkeep
|
|t:|1685851302
|switch|p1a: Pelipper|Pelipper, F, shiny|88/100 brn
|-weather|RainDance|[from] ability: Drizzle|[of] p1a: Pelipper
|turn|9
|
|t:|1685851316
|move|p2a: Kleavor|Stone Axe|p1a: Pelipper
|-supereffective|p1a: Pelipper
|-damage|p1a: Pelipper|0 fnt
|-sidestart|p1: newteamtrials1|move: Stealth Rock
|faint|p1a: Pelipper
|-damage|p2a: Kleavor|68/100|[from] item: Life Orb
|
|-weather|RainDance|[upkeep]
|upkeep
|
|t:|1685851326
|switch|p1a: Basculegion|Basculegion, M|100/100
|-damage|p1a: Basculegion|88/100|[from] Stealth Rock
|turn|10
|
|t:|1685851340
|move|p1a: Basculegion|Aqua Jet|p2a: Kleavor
|-supereffective|p2a: Kleavor
|-damage|p2a: Kleavor|0 fnt
|faint|p2a: Kleavor
|
|-weather|RainDance|[upkeep]
|upkeep
|
|t:|1685851347
|switch|p2a: Ditto|Ditto|100/100
|-damage|p2a: Ditto|88/100|[from] Spikes
|-transform|p2a: Ditto|p1a: Basculegion|[from] ability: Imposter
|turn|11
|
|t:|1685851357
|move|p2a: Ditto|Phantom Force||[still]
|-prepare|p2a: Ditto|Phantom Force
|move|p1a: Basculegion|Phantom Force||[still]
|-prepare|p1a: Basculegion|Phantom Force
|
|-weather|RainDance|[upkeep]
|upkeep
|turn|12
|
|t:|1685851363
|move|p2a: Ditto|Phantom Force|p1a: Basculegion|[from]lockedmove|[miss]
|-miss|p2a: Ditto|p1a: Basculegion
|move|p1a: Basculegion|Phantom Force|p2a: Ditto|[from]lockedmove
|-supereffective|p2a: Ditto
|-damage|p2a: Ditto|0 fnt
|faint|p2a: Ditto
|
|-weather|RainDance|[upkeep]
|upkeep
|c|☆snorfucks|hope u die in ur sleep
|n|‽snorfucks|snorfucks
|c|&|/log snorfucks was locked from talking by Artemis for a week. (☆snorfucks: hope u die in ur sleep)
|c|&|/raw This action was done automatically. Want to learn more about the AI? Visit the information thread.
|-message|snorfucks forfeited.
|
|win|newteamtrials1
|raw|newteamtrials1's rating: 1000 → 1049(+49 for winning)
|raw|snorfucks's rating: 1078 → 1052(-26 for losing)
|l|‽snorfucks
