|j|☆moen rat
|j|☆hippopotomi
|t:|1685848688
|gametype|singles
|player|p1|moen rat|169|1314
|player|p2|hippopotomi|cynthia-anime2|1391
|teamsize|p1|6
|teamsize|p2|6
|gen|9
|tier|[Gen 9] OU
|rated|
|rule|Sleep Clause Mod: Limit one foe put to sleep
|rule|Species Clause: Limit one of each Pokémon
|rule|OHKO Clause: OHKO moves are banned
|rule|Evasion Items Clause: Evasion items are banned
|rule|Evasion Moves Clause: Evasion moves are banned
|rule|Endless Battle Clause: Forcing endless battles is banned
|rule|HP Percentage Mod: HP is shown in percentages
|clearpoke
|poke|p1|Zamazenta-*|
|poke|p1|Staraptor, M|
|poke|p1|Landorus-Therian, M|
|poke|p1|Urshifu-*, M|
|poke|p1|Glimmora, F|
|poke|p1|Samurott-Hisui, F|
|poke|p2|Chien-Pao|
|poke|p2|Tauros-Paldea-Aqua, M|
|poke|p2|Heatran, M|
|poke|p2|Landorus-Therian, M|
|poke|p2|Volcanion|
|poke|p2|Iron Treads|
|teampreview
|inactive|Battle timer is ON: inactive players will automatically lose when time's up. (requested by moen rat)
|inactive|hippopotomi has 120 seconds left.
|
|t:|1685848756
|start
|switch|p1a: Zamazenta|Zamazenta|100/100
|switch|p2a: Meat pt. 2|Tauros-Paldea-Aqua, M|100/100
|-ability|p1a: Zamazenta|Dauntless Shield|boost
|-boost|p1a: Zamazenta|def|1
|-ability|p2a: Meat pt. 2|Intimidate|boost
|-unboost|p1a: Zamazenta|atk|1
|turn|1
|
|t:|1685848766
|switch|p1a: Staraptor|Staraptor, M|100/100
|-ability|p1a: Staraptor|Intimidate|boost
|-unboost|p2a: Meat pt. 2|atk|1
|move|p2a: Meat pt. 2|Body Press|p1a: Staraptor
|-damage|p1a: Staraptor|51/100
|
|upkeep
|turn|2
|
|t:|1685848776
|switch|p2a: Landy Manny|Landorus-Therian, M|100/100
|-ability|p2a: Landy Manny|Intimidate|boost
|-unboost|p1a: Staraptor|atk|1
|move|p1a: Staraptor|U-turn|p2a: Landy Manny
|-resisted|p2a: Landy Manny
|-damage|p2a: Landy Manny|93/100
|
|t:|1685848780
|switch|p1a: Urshifu|Urshifu-Rapid-Strike, M|100/100|[from] U-turn
|
|-heal|p2a: Landy Manny|99/100|[from] item: Leftovers
|upkeep
|turn|3
|
|t:|1685848789
|switch|p2a: Smoker|Volcanion|100/100
|move|p1a: Urshifu|Close Combat|p2a: Smoker
|-damage|p2a: Smoker|52/100
|-unboost|p1a: Urshifu|def|1
|-unboost|p1a: Urshifu|spd|1
|
|upkeep
|turn|4
|
|t:|1685848803
|switch|p1a: Samurott|Samurott-Hisui, F|100/100
|move|p2a: Smoker|Steam Eruption|p1a: Samurott
|-resisted|p1a: Samurott
|-damage|p1a: Samurott|33/100
|-status|p1a: Samurott|brn
|
|-damage|p1a: Samurott|27/100 brn|[from] brn
|upkeep
|turn|5
|
|t:|1685848824
|switch|p2a: Meat pt. 2|Tauros-Paldea-Aqua, M|100/100
|-ability|p2a: Meat pt. 2|Intimidate|boost
|-unboost|p1a: Samurott|atk|1
|move|p1a: Samurott|Ceaseless Edge|p2a: Meat pt. 2
|-resisted|p2a: Meat pt. 2
|-damage|p2a: Meat pt. 2|96/100
|-sidestart|p2: hippopotomi|Spikes
|-damage|p1a: Samurott|10/100 brn|[from] item: Rocky Helmet|[of] p2a: Meat pt. 2
|
|-damage|p1a: Samurott|4/100 brn|[from] brn
|upkeep
|turn|6
|
|t:|1685848835
|move|p1a: Samurott|Ceaseless Edge|p2a: Meat pt. 2
|-resisted|p2a: Meat pt. 2
|-damage|p2a: Meat pt. 2|91/100
|-sidestart|p2: hippopotomi|Spikes
|-damage|p1a: Samurott|0 fnt|[from] item: Rocky Helmet|[of] p2a: Meat pt. 2
|faint|p1a: Samurott
|move|p2a: Meat pt. 2|Body Press|p1: Samurott|[notarget]
|-fail|p2a: Meat pt. 2
|
|upkeep
|
|t:|1685848855
|switch|p1a: Staraptor|Staraptor, M|51/100
|-ability|p1a: Staraptor|Intimidate|boost
|-unboost|p2a: Meat pt. 2|atk|1
|turn|7
|
|t:|1685848874
|switch|p2a: Landy Manny|Landorus-Therian, M|99/100
|-ability|p2a: Landy Manny|Intimidate|boost
|-unboost|p1a: Staraptor|atk|1
|move|p1a: Staraptor|Brave Bird|p2a: Landy Manny
|-damage|p2a: Landy Manny|65/100
|-damage|p1a: Staraptor|39/100|[from] Recoil
|
|-heal|p2a: Landy Manny|71/100|[from] item: Leftovers
|upkeep
|turn|8
|
|t:|1685848890
|switch|p1a: Landorus|Landorus-Therian, M|100/100
|-ability|p1a: Landorus|Intimidate|boost
|-unboost|p2a: Landy Manny|atk|1
|move|p2a: Landy Manny|Sandsear Storm|p1a: Landorus
|-immune|p1a: Landorus
|
|-heal|p2a: Landy Manny|77/100|[from] item: Leftovers
|upkeep
|turn|9
|
|t:|1685848900
|move|p1a: Landorus|Stealth Rock|p2a: Landy Manny
|-sidestart|p2: hippopotomi|move: Stealth Rock
|move|p2a: Landy Manny|Calm Mind|p2a: Landy Manny
|-boost|p2a: Landy Manny|spa|1
|-boost|p2a: Landy Manny|spd|1
|
|-heal|p2a: Landy Manny|83/100|[from] item: Leftovers
|upkeep
|turn|10
|
|t:|1685848910
|move|p1a: Landorus|U-turn|p2a: Landy Manny
|-resisted|p2a: Landy Manny
|-damage|p2a: Landy Manny|73/100
|
|t:|1685848912
|switch|p1a: Urshifu|Urshifu-Rapid-Strike, M|100/100|[from] U-turn
|move|p2a: Landy Manny|Grass Knot|p1a: Urshifu
|-supereffective|p1a: Urshifu
|-damage|p1a: Urshifu|0 fnt
|faint|p1a: Urshifu
|
|-heal|p2a: Landy Manny|80/100|[from] item: Leftovers
|upkeep
|
|t:|1685848917
|switch|p1a: Zamazenta|Zamazenta|100/100
|turn|11
|
|t:|1685848922
|move|p1a: Zamazenta|Ice Fang|p2a: Landy Manny
|-supereffective|p2a: Landy Manny
|-damage|p2a: Landy Manny|0 fnt
|faint|p2a: Landy Manny
|
|upkeep
|
|t:|1685848927
|switch|p2a: Meat pt. 2|Tauros-Paldea-Aqua, M|91/100
|-damage|p2a: Meat pt. 2|75/100|[from] Spikes
|-damage|p2a: Meat pt. 2|69/100|[from] Stealth Rock
|-ability|p2a: Meat pt. 2|Intimidate|boost
|-unboost|p1a: Zamazenta|atk|1
|turn|12
|
|t:|1685848937
|switch|p1a: Glimmora|Glimmora, F, shiny|100/100
|move|p2a: Meat pt. 2|Wave Crash|p1a: Glimmora
|-supereffective|p1a: Glimmora
|-damage|p1a: Glimmora|11/100
|-activate|p1a: Glimmora|ability: Toxic Debris
|-sidestart|p2: hippopotomi|move: Toxic Spikes
|-damage|p2a: Meat pt. 2|38/100|[from] Recoil
|
|upkeep
|turn|13
|
|t:|1685848950
|move|p2a: Meat pt. 2|Rest|p2a: Meat pt. 2
|-status|p2a: Meat pt. 2|slp|[from] move: Rest
|-heal|p2a: Meat pt. 2|100/100 slp|[silent]
|move|p1a: Glimmora|Memento|p2a: Meat pt. 2
|-unboost|p2a: Meat pt. 2|atk|2
|-unboost|p2a: Meat pt. 2|spa|2
|faint|p1a: Glimmora
|
|upkeep
|
|t:|1685848960
|switch|p1a: Landorus|Landorus-Therian, M|100/100
|-ability|p1a: Landorus|Intimidate|boost
|-unboost|p2a: Meat pt. 2|atk|1
|turn|14
|
|t:|1685848974
|switch|p2a: Smoker|Volcanion|52/100
|-damage|p2a: Smoker|35/100|[from] Spikes
|-damage|p2a: Smoker|10/100|[from] Stealth Rock
|-status|p2a: Smoker|psn
|move|p1a: Landorus|Earthquake|p2a: Smoker
|-supereffective|p2a: Smoker
|-damage|p2a: Smoker|0 fnt
|faint|p2a: Smoker
|
|upkeep
|
|t:|1685848978
|switch|p2a: ocky|Iron Treads|100/100
|-damage|p2a: ocky|84/100|[from] Spikes
|-damage|p2a: ocky|81/100|[from] Stealth Rock
|-enditem|p2a: ocky|Booster Energy
|-activate|p2a: ocky|ability: Quark Drive|[fromitem]
|-start|p2a: ocky|quarkdrivespe
|turn|15
|
|t:|1685848982
|move|p2a: ocky|Rapid Spin|p1a: Landorus
|-damage|p1a: Landorus|89/100
|-boost|p2a: ocky|spe|1
|-sideend|p2: hippopotomi|Spikes|[from] move: Rapid Spin|[of] p2a: ocky
|-sideend|p2: hippopotomi|Toxic Spikes|[from] move: Rapid Spin|[of] p2a: ocky
|-sideend|p2: hippopotomi|Stealth Rock|[from] move: Rapid Spin|[of] p2a: ocky
|move|p1a: Landorus|Earthquake|p2a: ocky
|-supereffective|p2a: ocky
|-damage|p2a: ocky|0 fnt
|faint|p2a: ocky
|-end|p2a: ocky|Quark Drive|[silent]
|
|-heal|p1a: Landorus|95/100|[from] item: Leftovers
|upkeep
|
|t:|1685848986
|switch|p2a: Chien Peasy|Chien-Pao|100/100
|-ability|p2a: Chien Peasy|Sword of Ruin
|turn|16
|
|t:|1685849002
|switch|p1a: Staraptor|Staraptor, M|39/100
|-ability|p1a: Staraptor|Intimidate|boost
|-unboost|p2a: Chien Peasy|atk|1
|-terastallize|p2a: Chien Peasy|Ice
|move|p2a: Chien Peasy|Ice Spinner|p1a: Staraptor
|-supereffective|p1a: Staraptor
|-damage|p1a: Staraptor|0 fnt
|faint|p1a: Staraptor
|
|upkeep
|
|t:|1685849005
|switch|p1a: Zamazenta|Zamazenta|100/100
|turn|17
|
|t:|1685849009
|switch|p2a: Meat pt. 2|Tauros-Paldea-Aqua, M|100/100 slp
|-ability|p2a: Meat pt. 2|Intimidate|boost
|-unboost|p1a: Zamazenta|atk|1
|move|p1a: Zamazenta|Close Combat|p2a: Meat pt. 2
|-damage|p2a: Meat pt. 2|59/100 slp
|-unboost|p1a: Zamazenta|def|1
|-unboost|p1a: Zamazenta|spd|1
|-damage|p1a: Zamazenta|84/100|[from] item: Rocky Helmet|[of] p2a: Meat pt. 2
|
|upkeep
|turn|18
|
|t:|1685849017
|-terastallize|p1a: Zamazenta|Fighting
|move|p1a: Zamazenta|Close Combat|p2a: Meat pt. 2
|-damage|p2a: Meat pt. 2|8/100 slp
|-unboost|p1a: Zamazenta|def|1
|-unboost|p1a: Zamazenta|spd|1
|-damage|p1a: Zamazenta|67/100|[from] item: Rocky Helmet|[of] p2a: Meat pt. 2
|cant|p2a: Meat pt. 2|slp
|
|upkeep
|turn|19
|
|t:|1685849021
|move|p1a: Zamazenta|Close Combat|p2a: Meat pt. 2
|-damage|p2a: Meat pt. 2|0 fnt
|-unboost|p1a: Zamazenta|def|1
|-unboost|p1a: Zamazenta|spd|1
|-damage|p1a: Zamazenta|51/100|[from] item: Rocky Helmet|[of] p2a: Meat pt. 2
|faint|p2a: Meat pt. 2
|
|upkeep
|
|t:|1685849023
|switch|p2a: Chien Peasy|Chien-Pao, tera:Ice|100/100
|-ability|p2a: Chien Peasy|Sword of Ruin
|turn|20
|
|t:|1685849025
|switch|p1a: Landorus|Landorus-Therian, M|95/100
|-ability|p1a: Landorus|Intimidate|boost
|-unboost|p2a: Chien Peasy|atk|1
|move|p2a: Chien Peasy|Ice Shard|p1a: Landorus
|-supereffective|p1a: Landorus
|-damage|p1a: Landorus|0 fnt
|faint|p1a: Landorus
|
|upkeep
|
|t:|1685849028
|switch|p1a: Zamazenta|Zamazenta, tera:Fighting|51/100
|turn|21
|
|t:|1685849031
|switch|p2a: Buckwild|Heatran, M, shiny|100/100
|move|p1a: Zamazenta|Close Combat|p2a: Buckwild
|-supereffective|p2a: Buckwild
|-damage|p2a: Buckwild|0 fnt
|-unboost|p1a: Zamazenta|def|1
|-unboost|p1a: Zamazenta|spd|1
|faint|p2a: Buckwild
|
|upkeep
|
|t:|1685849035
|switch|p2a: Chien Peasy|Chien-Pao, tera:Ice|100/100
|-ability|p2a: Chien Peasy|Sword of Ruin
|turn|22
|
|t:|1685849037
|move|p2a: Chien Peasy|Ice Shard|p1a: Zamazenta
|-damage|p1a: Zamazenta|0 fnt
|faint|p1a: Zamazenta
|
|win|hippopotomi
|raw|moen rat's rating: 1314 → 1298(-16 for losing)
|raw|hippopotomi's rating: 1391 → 1407(+16 for winning)
|l|☆moen rat
