|j|☆TomoTaco69
|j|☆Jewish Reuniclus
|t:|1685901498
|gametype|singles
|player|p1|TomoTaco69|266|1572
|player|p2|Jewish Reuniclus|265|1667
|teamsize|p1|6
|teamsize|p2|6
|gen|9
|tier|[Gen 9] OU
|rated|
|rule|Sleep Clause Mod: Limit one foe put to sleep
|rule|Species Clause: Limit one of each Pokémon
|rule|OHKO Clause: OHKO moves are banned
|rule|Evasion Items Clause: Evasion items are banned
|rule|Evasion Moves Clause: Evasion moves are banned
|rule|Endless Battle Clause: Forcing endless battles is banned
|rule|HP Percentage Mod: HP is shown in percentages
|clearpoke
|poke|p1|Great Tusk|
|poke|p1|Urshifu-*, M|
|poke|p1|Chien-Pao|
|poke|p1|Magearna|
|poke|p1|Sneasler, F|
|poke|p1|Landorus-Therian, M|
|poke|p2|Chien-Pao|
|poke|p2|Moltres|
|poke|p2|Zamazenta-*|
|poke|p2|Hoopa-Unbound|
|poke|p2|Slowking-Galar, M|
|poke|p2|Decidueye-Hisui, F|
|teampreview
|inactive|Battle timer is ON: inactive players will automatically lose when time's up. (requested by Jewish Reuniclus)
|
|t:|1685901512
|start
|switch|p1a: OU Mascot|Landorus-Therian, M|100/100
|switch|p2a: Hoopa|Hoopa-Unbound|100/100
|-ability|p1a: OU Mascot|Intimidate|boost
|-unboost|p2a: Hoopa|atk|1
|turn|1
|
|t:|1685901527
|switch|p2a: Moltres|Moltres|100/100
|move|p1a: OU Mascot|U-turn|p2a: Moltres
|-resisted|p2a: Moltres
|-damage|p2a: Moltres|97/100
|
|t:|1685901534
|switch|p1a: Iron Maiden|Magearna|100/100|[from] U-turn
|
|upkeep
|turn|2
|
|t:|1685901547
|-terastallize|p1a: Iron Maiden|Water
|move|p2a: Moltres|Flamethrower|p1a: Iron Maiden
|-resisted|p1a: Iron Maiden
|-damage|p1a: Iron Maiden|86/100
|move|p1a: Iron Maiden|Shift Gear|p1a: Iron Maiden
|-boost|p1a: Iron Maiden|spe|2
|-boost|p1a: Iron Maiden|atk|1
|
|-heal|p1a: Iron Maiden|92/100|[from] item: Leftovers
|upkeep
|turn|3
|
|t:|1685901553
|switch|p2a: Slowking|Slowking-Galar, M|100/100
|move|p1a: Iron Maiden|Calm Mind|p1a: Iron Maiden
|-boost|p1a: Iron Maiden|spa|1
|-boost|p1a: Iron Maiden|spd|1
|
|-heal|p1a: Iron Maiden|98/100|[from] item: Leftovers
|upkeep
|turn|4
|
|t:|1685901561
|move|p1a: Iron Maiden|Stored Power|p2a: Slowking
|-damage|p2a: Slowking|68/100
|move|p2a: Slowking|Thunder Wave|p1a: Iron Maiden
|-status|p1a: Iron Maiden|par
|
|-heal|p1a: Iron Maiden|100/100 par|[from] item: Leftovers
|upkeep
|turn|5
|
|t:|1685901567
|cant|p1a: Iron Maiden|par
|move|p2a: Slowking|Chilly Reception|p2a: Slowking
|-weather|Snow
|
|t:|1685901594
|switch|p2a: Decidueye|Decidueye-Hisui, F, shiny|100/100|[from] Chilly Reception
|
|-weather|Snow|[upkeep]
|upkeep
|turn|6
|
|t:|1685901604
|move|p1a: Iron Maiden|Shift Gear|p1a: Iron Maiden
|-boost|p1a: Iron Maiden|spe|2
|-boost|p1a: Iron Maiden|atk|1
|move|p2a: Decidueye|Triple Arrows|p1a: Iron Maiden
|-damage|p1a: Iron Maiden|78/100 par
|-unboost|p1a: Iron Maiden|def|1
|
|-weather|Snow|[upkeep]
|-heal|p1a: Iron Maiden|84/100 par|[from] item: Leftovers
|upkeep
|turn|7
|
|t:|1685901607
|cant|p1a: Iron Maiden|par
|move|p2a: Decidueye|Triple Arrows|p1a: Iron Maiden
|-damage|p1a: Iron Maiden|51/100 par
|-unboost|p1a: Iron Maiden|def|1
|
|-weather|Snow|[upkeep]
|-heal|p1a: Iron Maiden|58/100 par|[from] item: Leftovers
|upkeep
|turn|8
|
|t:|1685901611
|move|p1a: Iron Maiden|Draining Kiss|p2a: Decidueye
|-supereffective|p2a: Decidueye
|-damage|p2a: Decidueye|43/100
|-heal|p1a: Iron Maiden|100/100 par|[from] drain|[of] p2a: Decidueye
|move|p2a: Decidueye|Triple Arrows|p1a: Iron Maiden
|-damage|p1a: Iron Maiden|59/100 par
|-unboost|p1a: Iron Maiden|def|1
|
|-weather|Snow|[upkeep]
|-heal|p1a: Iron Maiden|65/100 par|[from] item: Leftovers
|upkeep
|turn|9
|
|t:|1685901622
|move|p1a: Iron Maiden|Draining Kiss|p2a: Decidueye
|-supereffective|p2a: Decidueye
|-damage|p2a: Decidueye|0 fnt
|-heal|p1a: Iron Maiden|99/100 par|[from] drain|[of] p2a: Decidueye
|faint|p2a: Decidueye
|-ability|p1a: Iron Maiden|Soul-Heart|boost
|-boost|p1a: Iron Maiden|spa|1
|
|-weather|none
|-heal|p1a: Iron Maiden|100/100 par|[from] item: Leftovers
|upkeep
|
|t:|1685901625
|switch|p2a: Chien-Pao|Chien-Pao|100/100
|-ability|p2a: Chien-Pao|Sword of Ruin
|turn|10
|
|t:|1685901651
|move|p2a: Chien-Pao|Crunch|p1a: Iron Maiden
|-damage|p1a: Iron Maiden|0 fnt
|faint|p1a: Iron Maiden
|
|upkeep
|
|t:|1685901655
|switch|p1a: Un-BEAR-able|Urshifu-Rapid-Strike, M|100/100
|turn|11
|
|t:|1685901664
|switch|p2a: Slowking|Slowking-Galar, M|100/100
|move|p1a: Un-BEAR-able|Surging Strikes|p2a: Slowking
|-crit|p2a: Slowking
|-damage|p2a: Slowking|77/100
|-crit|p2a: Slowking
|-damage|p2a: Slowking|54/100
|-crit|p2a: Slowking
|-damage|p2a: Slowking|31/100
|-hitcount|p2a: Slowking|3
|
|upkeep
|turn|12
|
|t:|1685901672
|move|p1a: Un-BEAR-able|Surging Strikes|p2a: Slowking
|-crit|p2a: Slowking
|-damage|p2a: Slowking|9/100
|-crit|p2a: Slowking
|-damage|p2a: Slowking|0 fnt
|faint|p2a: Slowking
|-hitcount|p2: Slowking|2
|
|upkeep
|
|t:|1685901676
|switch|p2a: Hoopa|Hoopa-Unbound|100/100
|turn|13
|
|t:|1685901681
|move|p1a: Un-BEAR-able|Surging Strikes|p2a: Hoopa
|-crit|p2a: Hoopa
|-damage|p2a: Hoopa|59/100
|-crit|p2a: Hoopa
|-damage|p2a: Hoopa|15/100
|-crit|p2a: Hoopa
|-damage|p2a: Hoopa|0 fnt
|faint|p2a: Hoopa
|-hitcount|p2: Hoopa|3
|
|upkeep
|c|☆Jewish Reuniclus|Wow
|c|☆Jewish Reuniclus|You run scarf in zapdos statik meta
|c|☆Jewish Reuniclus|Idk, this elo
|
|t:|1685901709
|switch|p2a: Moltres|Moltres|97/100
|turn|14
|
|t:|1685901712
|move|p1a: Un-BEAR-able|Surging Strikes|p2a: Moltres
|-supereffective|p2a: Moltres
|-crit|p2a: Moltres
|-damage|p2a: Moltres|68/100
|-supereffective|p2a: Moltres
|-crit|p2a: Moltres
|-damage|p2a: Moltres|35/100
|-supereffective|p2a: Moltres
|-crit|p2a: Moltres
|-damage|p2a: Moltres|5/100
|-hitcount|p2a: Moltres|3
|move|p2a: Moltres|Flamethrower|p1a: Un-BEAR-able
|-resisted|p1a: Un-BEAR-able
|-damage|p1a: Un-BEAR-able|71/100
|
|upkeep
|turn|15
|
|t:|1685901719
|move|p1a: Un-BEAR-able|Surging Strikes|p2a: Moltres
|-supereffective|p2a: Moltres
|-crit|p2a: Moltres
|-damage|p2a: Moltres|0 fnt
|faint|p2a: Moltres
|-hitcount|p2: Moltres|1
|
|upkeep
|c|☆Jewish Reuniclus|And you dont get flame body activated
|
|t:|1685901739
|switch|p2a: Zamazenta|Zamazenta-Crowned|100/100
|-ability|p2a: Zamazenta|Dauntless Shield|boost
|-boost|p2a: Zamazenta|def|1
|turn|16
|inactive|Jewish Reuniclus has 120 seconds left.
|
|t:|1685901757
|move|p1a: Un-BEAR-able|Surging Strikes|p2a: Zamazenta
|-crit|p2a: Zamazenta
|-damage|p2a: Zamazenta|86/100
|-crit|p2a: Zamazenta
|-damage|p2a: Zamazenta|71/100
|-crit|p2a: Zamazenta
|-damage|p2a: Zamazenta|58/100
|-hitcount|p2a: Zamazenta|3
|move|p2a: Zamazenta|Iron Defense|p2a: Zamazenta
|-boost|p2a: Zamazenta|def|2
|
|upkeep
|turn|17
|
|t:|1685901761
|move|p1a: Un-BEAR-able|Surging Strikes|p2a: Zamazenta
|-crit|p2a: Zamazenta
|-damage|p2a: Zamazenta|44/100
|-crit|p2a: Zamazenta
|-damage|p2a: Zamazenta|31/100
|-crit|p2a: Zamazenta
|-damage|p2a: Zamazenta|16/100
|-hitcount|p2a: Zamazenta|3
|move|p2a: Zamazenta|Body Press|p1a: Un-BEAR-able
|-damage|p1a: Un-BEAR-able|0 fnt
|faint|p1a: Un-BEAR-able
|
|upkeep
|
|t:|1685901769
|switch|p1a: Golden Girl|Sneasler, F, shiny|100/100
|turn|18
|
|t:|1685901774
|move|p2a: Zamazenta|Body Press|p1a: Golden Girl
|-resisted|p1a: Golden Girl
|-damage|p1a: Golden Girl|10/100
|move|p1a: Golden Girl|Close Combat|p2a: Zamazenta
|-supereffective|p2a: Zamazenta
|-damage|p2a: Zamazenta|0 fnt
|-unboost|p1a: Golden Girl|def|1
|-unboost|p1a: Golden Girl|spd|1
|faint|p2a: Zamazenta
|
|upkeep
|
|t:|1685901780
|switch|p2a: Chien-Pao|Chien-Pao|100/100
|-ability|p2a: Chien-Pao|Sword of Ruin
|turn|19
|
|t:|1685901785
|switch|p1a: OU Mascot|Landorus-Therian, M|100/100
|-ability|p1a: OU Mascot|Intimidate|boost
|-unboost|p2a: Chien-Pao|atk|1
|move|p2a: Chien-Pao|Icicle Crash|p1a: OU Mascot
|-supereffective|p1a: OU Mascot
|-damage|p1a: OU Mascot|0 fnt
|faint|p1a: OU Mascot
|
|upkeep
|
|t:|1685901791
|switch|p1a: Discount Tusk|Great Tusk|100/100
|turn|20
|
|t:|1685901793
|move|p2a: Chien-Pao|Icicle Crash|p1a: Discount Tusk
|-supereffective|p1a: Discount Tusk
|-crit|p1a: Discount Tusk
|-damage|p1a: Discount Tusk|0 fnt
|faint|p1a: Discount Tusk
|-end|p1a: Discount Tusk|Protosynthesis|[silent]
|
|upkeep
|
|t:|1685901795
|switch|p1a: Frostfang Barioth|Chien-Pao|100/100
|-ability|p1a: Frostfang Barioth|Sword of Ruin
|turn|21
|
|t:|1685901797
|move|p2a: Chien-Pao|Icicle Crash|p1a: Frostfang Barioth
|-resisted|p1a: Frostfang Barioth
|-damage|p1a: Frostfang Barioth|70/100
|cant|p1a: Frostfang Barioth|flinch
|
|upkeep
|turn|22
|
|t:|1685901801
|move|p1a: Frostfang Barioth|Sacred Sword|p2a: Chien-Pao
|-supereffective|p2a: Chien-Pao
|-damage|p2a: Chien-Pao|0 fnt
|faint|p2a: Chien-Pao
|
|win|TomoTaco69
|raw|TomoTaco69's rating: 1572 → 1597(+25 for winning)
|raw|Jewish Reuniclus's rating: 1667 → 1642(-25 for losing)
|c|☆TomoTaco69|gg
|c|☆Jewish Reuniclus|gg
