|j|☆Diamond1996
|j|☆YoungEsq
|t:|1685922786
|gametype|singles
|player|p1|Diamond1996|fisherman|1043
|player|p2|YoungEsq|102|1084
|teamsize|p1|6
|teamsize|p2|6
|gen|9
|tier|[Gen 9] OU
|rated|
|rule|Sleep Clause Mod: Limit one foe put to sleep
|rule|Species Clause: Limit one of each Pokémon
|rule|OHKO Clause: OHKO moves are banned
|rule|Evasion Items Clause: Evasion items are banned
|rule|Evasion Moves Clause: Evasion moves are banned
|rule|Endless Battle Clause: Forcing endless battles is banned
|rule|HP Percentage Mod: HP is shown in percentages
|clearpoke
|poke|p1|Braviary-Hisui, M|
|poke|p1|Meowscarada, M|
|poke|p1|Garchomp, M|
|poke|p1|Goodra-Hisui, M|
|poke|p1|Rotom-Wash|
|poke|p1|Garganacl, M|
|poke|p2|Cinderace, M|
|poke|p2|Torkoal, M|
|poke|p2|Iron Moth|
|poke|p2|Rotom-Heat|
|poke|p2|Skeledirge, M|
|poke|p2|Scovillain, M|
|teampreview
|
|t:|1685922796
|start
|switch|p1a: Braviary|Braviary-Hisui, M|100/100
|switch|p2a: Torkoal|Torkoal, M, shiny|100/100
|-weather|SunnyDay|[from] ability: Drought|[of] p2a: Torkoal
|turn|1
|
|t:|1685922802
|move|p1a: Braviary|Calm Mind|p1a: Braviary
|-boost|p1a: Braviary|spa|1
|-boost|p1a: Braviary|spd|1
|move|p2a: Torkoal|Yawn|p1a: Braviary
|-start|p1a: Braviary|move: Yawn|[of] p2a: Torkoal
|
|-weather|SunnyDay|[upkeep]
|upkeep
|turn|2
|inactive|Battle timer is ON: inactive players will automatically lose when time's up. (requested by YoungEsq)
|
|t:|1685922818
|switch|p1a: Meowscarada|Meowscarada, M|100/100
|switch|p2a: Rotom|Rotom-Heat, shiny|100/100
|
|-weather|SunnyDay|[upkeep]
|upkeep
|turn|3
|
|t:|1685922827
|switch|p1a: Garchomp|Garchomp, M|100/100
|move|p2a: Rotom|Trick|p1a: Garchomp
|-activate|p2a: Rotom|move: Trick|[of] p1a: Garchomp
|-item|p1a: Garchomp|Choice Scarf|[from] move: Trick
|-item|p2a: Rotom|Rocky Helmet|[from] move: Trick
|
|-weather|SunnyDay|[upkeep]
|upkeep
|turn|4
|
|t:|1685922840
|switch|p2a: Torkoal|Torkoal, M, shiny|100/100
|move|p1a: Garchomp|Spikes|p2a: Torkoal
|-sidestart|p2: YoungEsq|Spikes
|
|-weather|SunnyDay|[upkeep]
|upkeep
|turn|5
|
|t:|1685922847
|move|p1a: Garchomp|Spikes|p2a: Torkoal
|-sidestart|p2: YoungEsq|Spikes
|move|p2a: Torkoal|Stealth Rock|p1a: Garchomp
|-sidestart|p1: Diamond1996|move: Stealth Rock
|
|-weather|SunnyDay|[upkeep]
|upkeep
|turn|6
|
|t:|1685922857
|switch|p2a: Scovillain|Scovillain, M, shiny|100/100
|-damage|p2a: Scovillain|84/100|[from] Spikes
|move|p1a: Garchomp|Spikes|p2a: Scovillain
|-sidestart|p2: YoungEsq|Spikes
|
|-weather|SunnyDay|[upkeep]
|upkeep
|turn|7
|
|t:|1685922864
|switch|p1a: Rotom|Rotom-Wash|100/100
|-damage|p1a: Rotom|88/100|[from] Stealth Rock
|move|p2a: Scovillain|Growth|p2a: Scovillain
|-boost|p2a: Scovillain|atk|2
|-boost|p2a: Scovillain|spa|2
|
|-weather|SunnyDay|[upkeep]
|upkeep
|turn|8
|
|t:|1685922873
|move|p2a: Scovillain|Solar Beam||[still]
|-prepare|p2a: Scovillain|Solar Beam
|-anim|p2a: Scovillain|Solar Beam|p1a: Rotom
|-supereffective|p1a: Rotom
|-damage|p1a: Rotom|0 fnt
|faint|p1a: Rotom
|-damage|p2a: Scovillain|74/100|[from] item: Life Orb
|
|-weather|none
|upkeep
|
|t:|1685922892
|switch|p1a: Braviary|Braviary-Hisui, M|100/100
|-damage|p1a: Braviary|76/100|[from] Stealth Rock
|turn|9
|
|t:|1685922898
|switch|p2a: Torkoal|Torkoal, M, shiny|100/100
|-damage|p2a: Torkoal|76/100|[from] Spikes
|-weather|SunnyDay|[from] ability: Drought|[of] p2a: Torkoal
|move|p1a: Braviary|Esper Wing|p2a: Torkoal
|-damage|p2a: Torkoal|21/100
|-boost|p1a: Braviary|spe|1
|
|-weather|SunnyDay|[upkeep]
|upkeep
|turn|10
|
|t:|1685922909
|move|p1a: Braviary|Esper Wing|p2a: Torkoal
|-damage|p2a: Torkoal|0 fnt
|-boost|p1a: Braviary|spe|1
|faint|p2a: Torkoal
|
|-weather|SunnyDay|[upkeep]
|upkeep
|
|t:|1685922912
|switch|p2a: Scovillain|Scovillain, M, shiny|74/100
|-damage|p2a: Scovillain|49/100|[from] Spikes
|turn|11
|
|t:|1685922923
|move|p2a: Scovillain|Flamethrower|p1a: Braviary
|-damage|p1a: Braviary|0 fnt
|faint|p1a: Braviary
|-damage|p2a: Scovillain|39/100|[from] item: Life Orb
|
|-weather|SunnyDay|[upkeep]
|upkeep
|
|t:|1685922933
|switch|p1a: Garchomp|Garchomp, M|100/100
|-damage|p1a: Garchomp|94/100|[from] Stealth Rock
|turn|12
|
|t:|1685922939
|move|p2a: Scovillain|Solar Beam||[still]
|-prepare|p2a: Scovillain|Solar Beam
|-anim|p2a: Scovillain|Solar Beam|p1a: Garchomp
|-damage|p1a: Garchomp|24/100
|-damage|p2a: Scovillain|30/100|[from] item: Life Orb
|move|p1a: Garchomp|Dragon Tail|p2a: Scovillain
|-damage|p2a: Scovillain|0 fnt
|faint|p2a: Scovillain
|
|-weather|SunnyDay|[upkeep]
|upkeep
|
|t:|1685922960
|switch|p2a: Skeledirge|Skeledirge, M, shiny|100/100
|-damage|p2a: Skeledirge|76/100|[from] Spikes
|turn|13
|
|t:|1685922967
|-terastallize|p2a: Skeledirge|Fairy
|move|p2a: Skeledirge|Torch Song|p1a: Garchomp
|-resisted|p1a: Garchomp
|-damage|p1a: Garchomp|4/100
|-boost|p2a: Skeledirge|spa|1
|move|p1a: Garchomp|Dragon Tail|p2a: Skeledirge
|-immune|p2a: Skeledirge
|
|-weather|SunnyDay|[upkeep]
|-heal|p2a: Skeledirge|82/100|[from] item: Leftovers
|upkeep
|turn|14
|
|t:|1685922982
|switch|p1a: Garganacl|Garganacl, M|100/100
|-damage|p1a: Garganacl|88/100|[from] Stealth Rock
|move|p2a: Skeledirge|Torch Song|p1a: Garganacl
|-resisted|p1a: Garganacl
|-damage|p1a: Garganacl|66/100
|-boost|p2a: Skeledirge|spa|1
|
|-weather|SunnyDay|[upkeep]
|-heal|p2a: Skeledirge|88/100|[from] item: Leftovers
|-heal|p1a: Garganacl|72/100|[from] item: Leftovers
|upkeep
|turn|15
|
|t:|1685922993
|move|p2a: Skeledirge|Will-O-Wisp|p1a: Garganacl|[miss]
|-miss|p2a: Skeledirge|p1a: Garganacl
|move|p1a: Garganacl|Salt Cure|p2a: Skeledirge
|-damage|p2a: Skeledirge|75/100
|-start|p2a: Skeledirge|Salt Cure
|
|-weather|SunnyDay|[upkeep]
|-heal|p2a: Skeledirge|81/100|[from] item: Leftovers
|-heal|p1a: Garganacl|78/100|[from] item: Leftovers
|-damage|p2a: Skeledirge|69/100|[from] Salt Cure
|upkeep
|turn|16
|
|t:|1685923004
|switch|p2a: Cinderace|Cinderace, M, shiny|100/100
|move|p1a: Garganacl|Recover|p1a: Garganacl
|-heal|p1a: Garganacl|100/100
|
|-weather|none
|upkeep
|turn|17
|
|t:|1685923011
|move|p2a: Cinderace|High Jump Kick|p1a: Garganacl
|-start|p2a: Cinderace|typechange|Fighting|[from] ability: Libero
|-supereffective|p1a: Garganacl
|-damage|p1a: Garganacl|11/100
|move|p1a: Garganacl|Salt Cure|p2a: Cinderace
|-resisted|p2a: Cinderace
|-damage|p2a: Cinderace|91/100
|-start|p2a: Cinderace|Salt Cure
|
|-heal|p1a: Garganacl|18/100|[from] item: Leftovers
|-damage|p2a: Cinderace|79/100|[from] Salt Cure
|upkeep
|turn|18
|
|t:|1685923023
|switch|p1a: Garchomp|Garchomp, M|4/100
|-damage|p1a: Garchomp|0 fnt|[from] Stealth Rock
|faint|p1a: Garchomp
|move|p2a: Cinderace|High Jump Kick|p1: Garchomp|[notarget]
|-fail|p2a: Cinderace
|
|-damage|p2a: Cinderace|66/100|[from] Salt Cure
|upkeep
|
|t:|1685923031
|switch|p1a: Goodra|Goodra-Hisui, M|100/100
|-damage|p1a: Goodra|94/100|[from] Stealth Rock
|turn|19
|
|t:|1685923046
|move|p2a: Cinderace|High Jump Kick|p1a: Goodra
|-supereffective|p1a: Goodra
|-damage|p1a: Goodra|8/100
|move|p1a: Goodra|Acid Armor|p1a: Goodra
|-boost|p1a: Goodra|def|2
|
|-damage|p2a: Cinderace|54/100|[from] Salt Cure
|upkeep
|turn|20
|
|t:|1685923059
|move|p2a: Cinderace|U-turn|p1a: Goodra
|-resisted|p1a: Goodra
|-damage|p1a: Goodra|5/100
|
|t:|1685923068
|switch|p2a: Rotom|Rotom-Heat, shiny|100/100|[from] U-turn
|move|p1a: Goodra|Draco Meteor|p2a: Rotom
|-damage|p2a: Rotom|53/100
|-unboost|p1a: Goodra|spa|2
|
|upkeep
|turn|21
|
|t:|1685923076
|move|p2a: Rotom|Volt Switch|p1a: Goodra
|-resisted|p1a: Goodra
|-damage|p1a: Goodra|0 fnt
|faint|p1a: Goodra
|
|t:|1685923082
|switch|p2a: Cinderace|Cinderace, M, shiny|54/100|[from] Volt Switch
|
|upkeep
|
|t:|1685923087
|switch|p1a: Meowscarada|Meowscarada, M|100/100
|-damage|p1a: Meowscarada|88/100|[from] Stealth Rock
|turn|22
|
|t:|1685923096
|move|p1a: Meowscarada|U-turn|p2a: Cinderace
|-start|p1a: Meowscarada|typechange|Bug|[from] ability: Protean
|-resisted|p2a: Cinderace
|-damage|p2a: Cinderace|31/100
|
|t:|1685923100
|switch|p1a: Garganacl|Garganacl, M|18/100|[from] U-turn
|-damage|p1a: Garganacl|5/100|[from] Stealth Rock
|move|p2a: Cinderace|High Jump Kick|p1a: Garganacl
|-start|p2a: Cinderace|typechange|Fighting|[from] ability: Libero
|-supereffective|p1a: Garganacl
|-damage|p1a: Garganacl|0 fnt
|faint|p1a: Garganacl
|
|upkeep
|
|t:|1685923103
|switch|p1a: Meowscarada|Meowscarada, M|88/100
|-damage|p1a: Meowscarada|76/100|[from] Stealth Rock
|turn|23
|
|t:|1685923112
|move|p1a: Meowscarada|Flower Trick|p2a: Cinderace
|-start|p1a: Meowscarada|typechange|Grass|[from] ability: Protean
|-crit|p2a: Cinderace
|-damage|p2a: Cinderace|0 fnt
|faint|p2a: Cinderace
|
|upkeep
|inactive|YoungEsq has 120 seconds left.
|inactive|YoungEsq has 90 seconds left.
|
|t:|1685923172
|switch|p2a: Iron Moth|Iron Moth, shiny|100/100
|-damage|p2a: Iron Moth|76/100|[from] Spikes
|-enditem|p2a: Iron Moth|Booster Energy
|-activate|p2a: Iron Moth|ability: Quark Drive|[fromitem]
|-start|p2a: Iron Moth|quarkdrivespa
|turn|24
|inactive|YoungEsq has 90 seconds left.
|
|t:|1685923195
|move|p1a: Meowscarada|Flower Trick|p2a: Iron Moth
|-resisted|p2a: Iron Moth
|-crit|p2a: Iron Moth
|-damage|p2a: Iron Moth|54/100
|move|p2a: Iron Moth|Sludge Wave|p1a: Meowscarada
|-supereffective|p1a: Meowscarada
|-damage|p1a: Meowscarada|0 fnt
|faint|p1a: Meowscarada
|
|win|YoungEsq
|raw|Diamond1996's rating: 1043 → 1028(-15 for losing)
|raw|YoungEsq's rating: 1084 → 1108(+24 for winning)
|l|☆Diamond1996
