|j|☆JustKamui
|j|☆Wolverine2
|t:|1685830789
|gametype|singles
|player|p1|JustKamui|caitlin|1227
|player|p2|Wolverine2|argenta|1138
|teamsize|p1|6
|teamsize|p2|6
|gen|9
|tier|[Gen 9] OU
|rated|
|rule|Sleep Clause Mod: Limit one foe put to sleep
|rule|Species Clause: Limit one of each Pokémon
|rule|OHKO Clause: OHKO moves are banned
|rule|Evasion Items Clause: Evasion items are banned
|rule|Evasion Moves Clause: Evasion moves are banned
|rule|Endless Battle Clause: Forcing endless battles is banned
|rule|HP Percentage Mod: HP is shown in percentages
|clearpoke
|poke|p1|Thundurus, M|
|poke|p1|Heatran, F|
|poke|p1|Samurott-Hisui, M|
|poke|p1|Lilligant-Hisui, F|
|poke|p1|Great Tusk|
|poke|p1|Magearna|
|poke|p2|Chien-Pao|
|poke|p2|Typhlosion-Hisui, M|
|poke|p2|Kleavor, M|
|poke|p2|Thundurus-Therian, M|
|poke|p2|Magearna|
|poke|p2|Zoroark-Hisui, F|
|teampreview
|inactive|Battle timer is ON: inactive players will automatically lose when time's up. (requested by JustKamui)
|
|t:|1685830810
|start
|switch|p1a: Tuskuthy★|Great Tusk|100/100
|switch|p2a: Kleavor|Kleavor, M|100/100
|turn|1
|
|t:|1685830827
|move|p2a: Kleavor|Hyper Beam|p1a: Tuskuthy★
|-damage|p1a: Tuskuthy★|0 fnt
|-mustrecharge|p2a: Kleavor
|faint|p1a: Tuskuthy★
|-end|p1a: Tuskuthy★|Protosynthesis|[silent]
|
|upkeep
|c|☆JustKamui|oh
|c|☆JustKamui|honestly fair enough
|
|t:|1685830842
|switch|p1a: Daiko★|Samurott-Hisui, M, shiny|100/100
|turn|2
|
|t:|1685830845
|move|p1a: Daiko★|Aqua Cutter|p2a: Kleavor
|-damage|p2a: Kleavor|0 fnt
|replace|p2a: Zoroark|Zoroark-Hisui, F
|-end|p2a: Zoroark|Illusion
|faint|p2a: Zoroark
|
|upkeep
|
|t:|1685830854
|switch|p2a: Kleavor|Kleavor, M|100/100
|turn|3
|
|t:|1685830861
|move|p1a: Daiko★|Aqua Cutter|p2a: Kleavor
|-supereffective|p2a: Kleavor
|-crit|p2a: Kleavor
|-damage|p2a: Kleavor|0 fnt
|faint|p2a: Kleavor
|
|upkeep
|
|t:|1685830869
|switch|p2a: Thundurus|Thundurus-Therian, M|100/100
|turn|4
|
|t:|1685830879
|switch|p1a: Iron Maiden★|Magearna|100/100
|move|p2a: Thundurus|Volt Switch|p1a: Iron Maiden★
|-damage|p1a: Iron Maiden★|77/100
|
|t:|1685830888
|switch|p2a: Typhlosion|Typhlosion-Hisui, M|100/100|[from] Volt Switch
|-item|p1a: Iron Maiden★|Assault Vest|[from] ability: Frisk|[of] p2a: Typhlosion|[identify]
|
|upkeep
|turn|5
|
|t:|1685830894
|switch|p1a: Iguanidae★|Heatran, F|100/100
|move|p2a: Typhlosion|Shadow Ball|p1a: Iguanidae★
|-damage|p1a: Iguanidae★|75/100
|
|-heal|p1a: Iguanidae★|82/100|[from] item: Leftovers
|upkeep
|turn|6
|
|t:|1685830904
|move|p2a: Typhlosion|Shadow Ball|p1a: Iguanidae★
|-damage|p1a: Iguanidae★|56/100
|move|p1a: Iguanidae★|Earth Power|p2a: Typhlosion
|-supereffective|p2a: Typhlosion
|-damage|p2a: Typhlosion|35/100
|
|-heal|p1a: Iguanidae★|62/100|[from] item: Leftovers
|upkeep
|turn|7
|
|t:|1685830911
|switch|p2a: Thundurus|Thundurus-Therian, M|100/100
|move|p1a: Iguanidae★|Magma Storm|p2a: Thundurus
|-crit|p2a: Thundurus
|-damage|p2a: Thundurus|12/100
|-activate|p2a: Thundurus|move: Magma Storm|[of] p1a: Iguanidae★
|
|-heal|p1a: Iguanidae★|68/100|[from] item: Leftovers
|-damage|p2a: Thundurus|0 fnt|[from] move: Magma Storm|[partiallytrapped]
|faint|p2a: Thundurus
|upkeep
|
|t:|1685830918
|switch|p2a: Chien-Pao|Chien-Pao|100/100
|-ability|p2a: Chien-Pao|Sword of Ruin
|turn|8
|
|t:|1685830925
|switch|p1a: Iron Maiden★|Magearna|77/100
|move|p2a: Chien-Pao|Sacred Sword|p1a: Iron Maiden★
|-damage|p1a: Iron Maiden★|37/100
|
|upkeep
|turn|9
|
|t:|1685830930
|switch|p1a: Raiden-sama★|Thundurus, M, shiny|100/100
|move|p2a: Chien-Pao|Sacred Sword|p1a: Raiden-sama★
|-resisted|p1a: Raiden-sama★
|-damage|p1a: Raiden-sama★|53/100
|
|upkeep
|turn|10
|
|t:|1685830936
|switch|p2a: Typhlosion|Typhlosion-Hisui, M|35/100
|-item|p1a: Raiden-sama★|Heavy-Duty Boots|[from] ability: Frisk|[of] p2a: Typhlosion|[identify]
|move|p1a: Raiden-sama★|Thunderbolt|p2a: Typhlosion
|-damage|p2a: Typhlosion|0 fnt
|faint|p2a: Typhlosion
|
|upkeep
|
|t:|1685830944
|switch|p2a: Magearna|Magearna|100/100
|turn|11
|
|t:|1685830952
|move|p1a: Raiden-sama★|Taunt|p2a: Magearna
|-start|p2a: Magearna|move: Taunt
|cant|p2a: Magearna|move: Taunt|Shift Gear
|
|upkeep
|turn|12
|
|t:|1685830955
|move|p1a: Raiden-sama★|Thunder Wave|p2a: Magearna
|-status|p2a: Magearna|par
|move|p2a: Magearna|Flash Cannon|p1a: Raiden-sama★
|-resisted|p1a: Raiden-sama★
|-damage|p1a: Raiden-sama★|25/100
|
|upkeep
|turn|13
|
|t:|1685830958
|move|p1a: Raiden-sama★|Thunderbolt|p2a: Magearna
|-damage|p2a: Magearna|63/100 par
|move|p2a: Magearna|Flash Cannon|p1a: Raiden-sama★
|-resisted|p1a: Raiden-sama★
|-damage|p1a: Raiden-sama★|0 fnt
|faint|p1a: Raiden-sama★
|-ability|p2a: Magearna|Soul-Heart|boost
|-boost|p2a: Magearna|spa|1
|
|-heal|p2a: Magearna|69/100 par|[from] item: Leftovers
|-end|p2a: Magearna|move: Taunt
|upkeep
|
|t:|1685830962
|switch|p1a: Iguanidae★|Heatran, F|68/100
|turn|14
|
|t:|1685830965
|move|p1a: Iguanidae★|Magma Storm|p2a: Magearna|[miss]
|-miss|p1a: Iguanidae★|p2a: Magearna
|move|p2a: Magearna|Flash Cannon|p1a: Iguanidae★
|-resisted|p1a: Iguanidae★
|-damage|p1a: Iguanidae★|60/100
|
|-heal|p1a: Iguanidae★|66/100|[from] item: Leftovers
|-heal|p2a: Magearna|75/100 par|[from] item: Leftovers
|upkeep
|turn|15
|
|t:|1685830972
|move|p1a: Iguanidae★|Earth Power|p2a: Magearna
|-supereffective|p2a: Magearna
|-damage|p2a: Magearna|29/100 par
|move|p2a: Magearna|Calm Mind|p2a: Magearna
|-boost|p2a: Magearna|spa|1
|-boost|p2a: Magearna|spd|1
|
|-heal|p1a: Iguanidae★|72/100|[from] item: Leftovers
|-heal|p2a: Magearna|35/100 par|[from] item: Leftovers
|upkeep
|turn|16
|
|t:|1685830980
|move|p1a: Iguanidae★|Magma Storm|p2a: Magearna
|-supereffective|p2a: Magearna
|-damage|p2a: Magearna|0 fnt
|faint|p2a: Magearna
|
|-heal|p1a: Iguanidae★|78/100|[from] item: Leftovers
|upkeep
|
|t:|1685830984
|switch|p2a: Chien-Pao|Chien-Pao|100/100
|-ability|p2a: Chien-Pao|Sword of Ruin
|turn|17
|
|t:|1685830991
|-terastallize|p1a: Iguanidae★|Grass
|move|p2a: Chien-Pao|Sacred Sword|p1a: Iguanidae★
|-damage|p1a: Iguanidae★|33/100
|move|p1a: Iguanidae★|Magma Storm|p2a: Chien-Pao
|-supereffective|p2a: Chien-Pao
|-damage|p2a: Chien-Pao|0 fnt
|faint|p2a: Chien-Pao
|
|win|JustKamui
|raw|JustKamui's rating: 1227 → 1246(+19 for winning)
|raw|Wolverine2's rating: 1138 → 1119(-19 for losing)
|c|☆JustKamui|gg
|l|☆Wolverine2
|l|☆JustKamui
|j|☆JustKamui
|player|p1|JustKamui|caitlin
