|j|☆Mauoomba
|j|☆ripped pencil
|t:|1685837315
|gametype|singles
|player|p1|Mauoomba|benga|1151
|player|p2|ripped pencil|dancer|1069
|teamsize|p1|6
|teamsize|p2|6
|gen|9
|tier|[Gen 9] OU
|rated|
|rule|Sleep Clause Mod: Limit one foe put to sleep
|rule|Species Clause: Limit one of each Pokémon
|rule|OHKO Clause: OHKO moves are banned
|rule|Evasion Items Clause: Evasion items are banned
|rule|Evasion Moves Clause: Evasion moves are banned
|rule|Endless Battle Clause: Forcing endless battles is banned
|rule|HP Percentage Mod: HP is shown in percentages
|clearpoke
|poke|p1|Pelipper, F|
|poke|p1|Urshifu-*, F|
|poke|p1|Basculegion, M|
|poke|p1|Magearna|
|poke|p1|Garchomp, F|
|poke|p1|Zapdos|
|poke|p2|Articuno-Galar|
|poke|p2|Basculegion, M|
|poke|p2|Arcanine-Hisui, F|
|poke|p2|Electrode-Hisui|
|poke|p2|Zoroark-Hisui, F|
|poke|p2|Sneasler, F|
|teampreview
|
|t:|1685837358
|start
|switch|p1a: Pelipper|Pelipper, F|100/100
|switch|p2a: Basculegion|Basculegion, M|100/100
|-weather|RainDance|[from] ability: Drizzle|[of] p1a: Pelipper
|turn|1
|
|t:|1685837371
|move|p2a: Basculegion|Phantom Force||[still]
|-prepare|p2a: Basculegion|Phantom Force
|move|p1a: Pelipper|Hurricane|p2a: Basculegion|[miss]
|-miss|p1a: Pelipper|p2a: Basculegion
|
|-weather|RainDance|[upkeep]
|upkeep
|turn|2
|
|t:|1685837387
|move|p2a: Basculegion|Phantom Force|p1a: Pelipper|[from]lockedmove
|-damage|p1a: Pelipper|70/100
|move|p1a: Pelipper|Hurricane|p2a: Basculegion
|-damage|p2a: Basculegion|60/100
|-start|p2a: Basculegion|confusion
|
|-weather|RainDance|[upkeep]
|upkeep
|turn|3
|
|t:|1685837393
|switch|p2a: Electrode|Electrode-Hisui|100/100
|move|p1a: Pelipper|Hurricane|p2a: Electrode
|-damage|p2a: Electrode|48/100
|
|-weather|RainDance|[upkeep]
|upkeep
|turn|4
|
|t:|1685837399
|switch|p1a: Garchomp|Garchomp, F|100/100
|move|p2a: Electrode|Electro Ball|p1a: Garchomp
|-immune|p1a: Garchomp
|
|-weather|RainDance|[upkeep]
|upkeep
|turn|5
|
|t:|1685837426
|switch|p2a: Basculegion|Basculegion, M|60/100
|move|p1a: Garchomp|Stealth Rock|p2a: Basculegion
|-sidestart|p2: ripped pencil|move: Stealth Rock
|
|-weather|RainDance|[upkeep]
|upkeep
|turn|6
|
|t:|1685837432
|move|p2a: Basculegion|Wave Crash|p1a: Garchomp
|-damage|p1a: Garchomp|32/100
|-damage|p2a: Basculegion|47/100|[from] ability: Rough Skin|[of] p1a: Garchomp
|-damage|p2a: Basculegion|22/100|[from] Recoil
|move|p1a: Garchomp|Earthquake|p2a: Basculegion
|-damage|p2a: Basculegion|0 fnt
|faint|p2a: Basculegion
|
|-weather|RainDance|[upkeep]
|-heal|p1a: Garchomp|38/100|[from] item: Leftovers
|upkeep
|
|t:|1685837436
|switch|p2a: Articuno|Articuno-Galar|100/100
|-damage|p2a: Articuno|76/100|[from] Stealth Rock
|turn|7
|
|t:|1685837443
|move|p1a: Garchomp|Dragon Claw|p2a: Articuno
|-damage|p2a: Articuno|33/100
|move|p2a: Articuno|Freezing Glare|p1a: Garchomp
|-damage|p1a: Garchomp|0 fnt
|faint|p1a: Garchomp
|
|-weather|RainDance|[upkeep]
|upkeep
|
|t:|1685837450
|switch|p1a: Zapdos|Zapdos|100/100
|turn|8
|
|t:|1685837465
|move|p1a: Zapdos|Thunder|p2a: Articuno
|-supereffective|p2a: Articuno
|-damage|p2a: Articuno|0 fnt
|faint|p2a: Articuno
|
|-weather|none
|upkeep
|inactive|Battle timer is ON: inactive players will automatically lose when time's up. (requested by Mauoomba)
|
|t:|1685837473
|switch|p2a: Arcanine|Arcanine-Hisui, F|100/100
|-damage|p2a: Arcanine|76/100|[from] Stealth Rock
|turn|9
|
|t:|1685837480
|move|p1a: Zapdos|Thunder|p2a: Arcanine
|-damage|p2a: Arcanine|10/100
|move|p2a: Arcanine|Head Smash|p1a: Zapdos|[miss]
|-miss|p2a: Arcanine|p1a: Zapdos
|
|upkeep
|turn|10
|
|t:|1685837488
|move|p1a: Zapdos|Thunder|p2a: Arcanine|[miss]
|-miss|p1a: Zapdos|p2a: Arcanine
|move|p2a: Arcanine|Head Smash|p1a: Zapdos
|-supereffective|p1a: Zapdos
|-damage|p1a: Zapdos|0 fnt
|faint|p1a: Zapdos
|
|upkeep
|
|t:|1685837492
|switch|p1a: Urshifu|Urshifu-Rapid-Strike, F|100/100
|turn|11
|
|t:|1685837498
|switch|p2a: Electrode|Electrode-Hisui|48/100
|-damage|p2a: Electrode|35/100|[from] Stealth Rock
|move|p1a: Urshifu|Trailblaze|p2a: Electrode
|-resisted|p2a: Electrode
|-damage|p2a: Electrode|21/100
|-boost|p1a: Urshifu|spe|1
|
|upkeep
|turn|12
|
|t:|1685837505
|-terastallize|p1a: Urshifu|Grass
|move|p1a: Urshifu|Swords Dance|p1a: Urshifu
|-boost|p1a: Urshifu|atk|2
|move|p2a: Electrode|Electro Ball|p1a: Urshifu
|-resisted|p1a: Urshifu
|-damage|p1a: Urshifu|86/100
|-damage|p2a: Electrode|11/100|[from] item: Life Orb
|
|upkeep
|turn|13
|
|t:|1685837515
|switch|p2a: Sneasler|Sneasler, F|100/100
|-damage|p2a: Sneasler|95/100|[from] Stealth Rock
|move|p1a: Urshifu|Trailblaze|p2a: Sneasler
|-resisted|p2a: Sneasler
|-damage|p2a: Sneasler|43/100
|-boost|p1a: Urshifu|spe|1
|
|-heal|p2a: Sneasler|49/100|[from] item: Black Sludge
|upkeep
|turn|14
|
|t:|1685837521
|move|p1a: Urshifu|Surging Strikes|p2a: Sneasler
|-crit|p2a: Sneasler
|-damage|p2a: Sneasler|0 fnt
|faint|p2a: Sneasler
|-hitcount|p2: Sneasler|1
|
|upkeep
|
|t:|1685837528
|switch|p2a: Arcanine|Arcanine-Hisui, F|10/100
|-damage|p2a: Arcanine|0 fnt|[from] Stealth Rock
|faint|p2a: Arcanine
|
|t:|1685837533
|switch|p2a: Electrode|Electrode-Hisui|100/100
|-damage|p2a: Electrode|88/100|[from] Stealth Rock
|turn|15
|
|t:|1685837539
|move|p1a: Urshifu|Surging Strikes|p2a: Electrode
|-crit|p2a: Electrode
|-damage|p2a: Electrode|0 fnt
|replace|p2a: Zoroark|Zoroark-Hisui, F
|-end|p2a: Zoroark|Illusion
|faint|p2a: Zoroark
|-hitcount|p2: Zoroark|1
|
|upkeep
|
|t:|1685837541
|switch|p2a: Electrode|Electrode-Hisui|11/100
|-damage|p2a: Electrode|0 fnt|[from] Stealth Rock
|faint|p2a: Electrode
|
|win|Mauoomba
|raw|Mauoomba's rating: 1151 → 1170(+19 for winning)
|raw|ripped pencil's rating: 1069 → 1053(-16 for losing)
|l|☆ripped pencil
