|j|☆Jop mash jab 24/7
|j|☆RoseBabyJax
|t:|1685825416
|gametype|singles
|player|p1|Jop mash jab 24/7|lillie|1040
|player|p2|RoseBabyJax|iris-gen5bw2|1000
|teamsize|p1|6
|teamsize|p2|6
|gen|9
|tier|[Gen 9] OU
|rated|
|rule|Sleep Clause Mod: Limit one foe put to sleep
|rule|Species Clause: Limit one of each Pokémon
|rule|OHKO Clause: OHKO moves are banned
|rule|Evasion Items Clause: Evasion items are banned
|rule|Evasion Moves Clause: Evasion moves are banned
|rule|Endless Battle Clause: Forcing endless battles is banned
|rule|HP Percentage Mod: HP is shown in percentages
|clearpoke
|poke|p1|Arcanine-Hisui, M|
|poke|p1|Urshifu-*, F|
|poke|p1|Kingambit, M|
|poke|p1|Great Tusk|
|poke|p1|Garchomp, F|
|poke|p1|Zapdos|
|poke|p2|Baxcalibur, M|
|poke|p2|Amoonguss, F|
|poke|p2|Ceruledge, M|
|poke|p2|Iron Leaves|
|poke|p2|Chien-Pao|
|poke|p2|Raichu-Alola, M|
|teampreview
|
|t:|1685825433
|start
|switch|p1a: Arcanine|Arcanine-Hisui, M|100/100
|switch|p2a: Amoonguss|Amoonguss, F|100/100
|turn|1
|inactive|Battle timer is ON: inactive players will automatically lose when time's up. (requested by RoseBabyJax)
|
|t:|1685825444
|move|p1a: Arcanine|Head Smash|p2a: Amoonguss
|-damage|p2a: Amoonguss|0 fnt
|faint|p2a: Amoonguss
|
|upkeep
|
|t:|1685825469
|switch|p2a: Iron Leaves|Iron Leaves|100/100
|turn|2
|
|t:|1685825486
|switch|p1a: Zapdos|Zapdos|100/100
|move|p2a: Iron Leaves|Electric Terrain|p2a: Iron Leaves
|-fieldstart|move: Electric Terrain
|-activate|p2a: Iron Leaves|ability: Quark Drive
|-start|p2a: Iron Leaves|quarkdriveatk
|
|upkeep
|turn|3
|
|t:|1685825503
|move|p2a: Iron Leaves|Psyblade|p1a: Zapdos
|-damage|p1a: Zapdos|37/100
|move|p1a: Zapdos|Hurricane|p2a: Iron Leaves
|-supereffective|p2a: Iron Leaves
|-damage|p2a: Iron Leaves|12/100
|-enditem|p2a: Iron Leaves|Eject Button
|
|t:|1685825519
|-end|p2a: Iron Leaves|Quark Drive|[silent]
|switch|p2a: Raichu|Raichu-Alola, M|100/100
|
|upkeep
|turn|4
|
|t:|1685825534
|move|p2a: Raichu|Psychic|p1a: Zapdos
|-damage|p1a: Zapdos|0 fnt
|faint|p1a: Zapdos
|
|upkeep
|
|t:|1685825545
|switch|p1a: Kingambit|Kingambit, M|100/100
|-activate|p1a: Kingambit|ability: Supreme Overlord
|-start|p1a: Kingambit|fallen1|[silent]
|turn|5
|
|t:|1685825553
|move|p2a: Raichu|Focus Blast|p1a: Kingambit
|-supereffective|p1a: Kingambit
|-damage|p1a: Kingambit|0 fnt
|faint|p1a: Kingambit
|-end|p1a: Kingambit|fallen1|[silent]
|
|upkeep
|
|t:|1685825561
|switch|p1a: Garchomp|Garchomp, F|100/100
|turn|6
|
|t:|1685825566
|move|p2a: Raichu|Encore||[still]
|-fail|p2a: Raichu
|move|p1a: Garchomp|Earthquake|p2a: Raichu
|-supereffective|p2a: Raichu
|-enditem|p2a: Raichu|Focus Sash
|-damage|p2a: Raichu|1/100
|-damage|p1a: Garchomp|91/100|[from] item: Life Orb
|
|-fieldend|move: Electric Terrain
|upkeep
|turn|7
|
|t:|1685825586
|move|p1a: Garchomp|Spikes|p2a: Raichu
|-sidestart|p2: RoseBabyJax|Spikes
|move|p2a: Raichu|Psychic|p1a: Garchomp
|-damage|p1a: Garchomp|44/100
|
|upkeep
|turn|8
|
|t:|1685825592
|move|p1a: Garchomp|Earthquake|p2a: Raichu
|-supereffective|p2a: Raichu
|-damage|p2a: Raichu|0 fnt
|faint|p2a: Raichu
|-damage|p1a: Garchomp|34/100|[from] item: Life Orb
|
|upkeep
|
|t:|1685825609
|switch|p2a: Chien-Pao|Chien-Pao|100/100
|-damage|p2a: Chien-Pao|88/100|[from] Spikes
|-ability|p2a: Chien-Pao|Sword of Ruin
|turn|9
|inactive|RoseBabyJax has 120 seconds left.
|
|t:|1685825629
|-terastallize|p2a: Chien-Pao|Dark
|move|p2a: Chien-Pao|Crunch|p1a: Garchomp
|-damage|p1a: Garchomp|0 fnt
|-damage|p2a: Chien-Pao|76/100|[from] ability: Rough Skin|[of] p1a: Garchomp
|faint|p1a: Garchomp
|
|upkeep
|
|t:|1685825641
|switch|p1a: Urshifu|Urshifu-Rapid-Strike, F|100/100
|turn|10
|inactive|RoseBabyJax has 120 seconds left.
|
|t:|1685825660
|move|p2a: Chien-Pao|Crunch|p1a: Urshifu
|-resisted|p1a: Urshifu
|-damage|p1a: Urshifu|42/100
|move|p1a: Urshifu|Surging Strikes|p2a: Chien-Pao
|-crit|p2a: Chien-Pao
|-damage|p2a: Chien-Pao|43/100
|-crit|p2a: Chien-Pao
|-damage|p2a: Chien-Pao|11/100
|-crit|p2a: Chien-Pao
|-damage|p2a: Chien-Pao|0 fnt
|faint|p2a: Chien-Pao
|-hitcount|p2: Chien-Pao|3
|
|upkeep
|inactive|RoseBabyJax has 120 seconds left.
|
|t:|1685825684
|switch|p2a: Iron Leaves|Iron Leaves|12/100
|-damage|p2a: Iron Leaves|0 fnt|[from] Spikes
|faint|p2a: Iron Leaves
|-end|p2a: Iron Leaves|Quark Drive|[silent]
|
|t:|1685825699
|switch|p2a: Baxcalibur|Baxcalibur, M|100/100
|-damage|p2a: Baxcalibur|88/100|[from] Spikes
|turn|11
|
|t:|1685825710
|move|p1a: Urshifu|Close Combat|p2a: Baxcalibur
|-supereffective|p2a: Baxcalibur
|-damage|p2a: Baxcalibur|0 fnt
|-unboost|p1a: Urshifu|def|1
|-unboost|p1a: Urshifu|spd|1
|faint|p2a: Baxcalibur
|
|upkeep
|inactive|RoseBabyJax has 90 seconds left.
|
|t:|1685825731
|switch|p2a: Ceruledge|Ceruledge, M|100/100
|-damage|p2a: Ceruledge|88/100|[from] Spikes
|turn|12
|
|t:|1685825739
|move|p1a: Urshifu|Aqua Jet|p2a: Ceruledge
|-supereffective|p2a: Ceruledge
|-damage|p2a: Ceruledge|32/100
|move|p2a: Ceruledge|Shadow Claw|p1a: Urshifu
|-damage|p1a: Urshifu|0 fnt
|faint|p1a: Urshifu
|-damage|p2a: Ceruledge|22/100|[from] item: Life Orb
|
|upkeep
|
|t:|1685825745
|switch|p1a: Arcanine|Arcanine-Hisui, M|100/100
|turn|13
|
|t:|1685825749
|move|p2a: Ceruledge|Shadow Claw|p1a: Arcanine
|-damage|p1a: Arcanine|41/100
|-damage|p2a: Ceruledge|12/100|[from] item: Life Orb
|move|p1a: Arcanine|Head Smash|p2a: Ceruledge|[miss]
|-miss|p1a: Arcanine|p2a: Ceruledge
|
|upkeep
|turn|14
|
|t:|1685825756
|move|p2a: Ceruledge|Shadow Claw|p1a: Arcanine
|-damage|p1a: Arcanine|0 fnt
|faint|p1a: Arcanine
|-damage|p2a: Ceruledge|2/100|[from] item: Life Orb
|
|upkeep
|
|t:|1685825759
|switch|p1a: Great Tusk|Great Tusk, shiny|100/100
|turn|15
|
|t:|1685825765
|-terastallize|p1a: Great Tusk|Water
|move|p2a: Ceruledge|Flare Blitz|p1a: Great Tusk
|-resisted|p1a: Great Tusk
|-damage|p1a: Great Tusk|82/100
|-damage|p2a: Ceruledge|0 fnt|[from] Recoil
|faint|p2a: Ceruledge
|
|win|Jop mash jab 24/7
|raw|Jop mash jab 24/7's rating: 1040 → 1075(+35 for winning)
|raw|RoseBabyJax's rating: 1048 → 1030(-18 for losing)
|l|☆RoseBabyJax
