|j|☆ooo01w
|j|☆puissance du feu
|t:|1685864228
|gametype|singles
|player|p1|ooo01w|101|1413
|player|p2|puissance du feu|blackbelt|1474
|teamsize|p1|6
|teamsize|p2|6
|gen|9
|tier|[Gen 9] OU
|rated|
|rule|Sleep Clause Mod: Limit one foe put to sleep
|rule|Species Clause: Limit one of each Pokémon
|rule|OHKO Clause: OHKO moves are banned
|rule|Evasion Items Clause: Evasion items are banned
|rule|Evasion Moves Clause: Evasion moves are banned
|rule|Endless Battle Clause: Forcing endless battles is banned
|rule|HP Percentage Mod: HP is shown in percentages
|clearpoke
|poke|p1|Sylveon, F|
|poke|p1|Gholdengo|
|poke|p1|Great Tusk|
|poke|p1|Walking Wake|
|poke|p1|Torkoal, F|
|poke|p1|Clodsire, F|
|poke|p2|Sneasler, M|
|poke|p2|Indeedee, M|
|poke|p2|Skeledirge, M|
|poke|p2|Breloom, F|
|poke|p2|Magearna|
|poke|p2|Azelf|
|teampreview
|inactive|Battle timer is ON: inactive players will automatically lose when time's up. (requested by puissance du feu)
|inactive|puissance du feu has 120 seconds left.
|
|t:|1685864277
|start
|switch|p1a: Gholdengo|Gholdengo|100/100
|switch|p2a: Magearna|Magearna|100/100
|turn|1
|
|t:|1685864283
|move|p1a: Gholdengo|Nasty Plot|p1a: Gholdengo
|-boost|p1a: Gholdengo|spa|2
|move|p2a: Magearna|Light Screen|p2a: Magearna
|-sidestart|p2: puissance du feu|move: Light Screen
|
|upkeep
|turn|2
|
|t:|1685864289
|move|p1a: Gholdengo|Make It Rain|p2a: Magearna
|-damage|p2a: Magearna|59/100
|-unboost|p1a: Gholdengo|spa|1
|move|p2a: Magearna|Reflect|p2a: Magearna
|-sidestart|p2: puissance du feu|Reflect
|
|upkeep
|turn|3
|
|t:|1685864310
|switch|p2a: No..|Indeedee, M|100/100
|-fieldstart|move: Psychic Terrain|[from] ability: Psychic Surge|[of] p2a: No..
|move|p1a: Gholdengo|Nasty Plot|p1a: Gholdengo
|-boost|p1a: Gholdengo|spa|2
|
|upkeep
|turn|4
|
|t:|1685864323
|move|p2a: No..|Encore|p1a: Gholdengo
|-immune|p1a: Gholdengo|[from] ability: Good as Gold
|move|p1a: Gholdengo|Shadow Ball|p2a: No..
|-immune|p2a: No..
|
|upkeep
|turn|5
|
|t:|1685864330
|move|p2a: No..|Shadow Ball|p1a: Gholdengo
|-supereffective|p1a: Gholdengo
|-damage|p1a: Gholdengo|66/100
|move|p1a: Gholdengo|Nasty Plot|p1a: Gholdengo
|-boost|p1a: Gholdengo|spa|2
|
|upkeep
|turn|6
|
|t:|1685864339
|move|p2a: No..|Shadow Ball|p1a: Gholdengo
|-supereffective|p1a: Gholdengo
|-damage|p1a: Gholdengo|27/100
|move|p1a: Gholdengo|Nasty Plot|p1a: Gholdengo
|-boost|p1a: Gholdengo|spa|1
|
|upkeep
|turn|7
|
|t:|1685864348
|-terastallize|p1a: Gholdengo|Normal
|move|p2a: No..|Shadow Ball|p1a: Gholdengo
|-immune|p1a: Gholdengo
|move|p1a: Gholdengo|Recover|p1a: Gholdengo
|-heal|p1a: Gholdengo|77/100
|
|upkeep
|turn|8
|
|t:|1685864358
|move|p2a: No..|Psychic|p1a: Gholdengo
|-damage|p1a: Gholdengo|35/100
|move|p1a: Gholdengo|Make It Rain|p2a: No..
|-damage|p2a: No..|0 fnt
|-unboost|p1a: Gholdengo|spa|1
|faint|p2a: No..
|
|-sideend|p2: puissance du feu|move: Light Screen
|upkeep
|
|t:|1685864366
|switch|p2a: Ok|Sneasler, M|100/100
|-enditem|p2a: Ok|Psychic Seed
|-boost|p2a: Ok|spd|1|[from] item: Psychic Seed
|turn|9
|
|t:|1685864384
|switch|p1a: Torkoal|Torkoal, F|100/100
|-weather|SunnyDay|[from] ability: Drought|[of] p1a: Torkoal
|move|p2a: Ok|Close Combat|p1a: Torkoal
|-damage|p1a: Torkoal|64/100
|-unboost|p2a: Ok|def|1
|-unboost|p2a: Ok|spd|1
|
|-weather|SunnyDay|[upkeep]
|-sideend|p2: puissance du feu|Reflect
|upkeep
|turn|10
|
|t:|1685864394
|move|p2a: Ok|Swords Dance|p2a: Ok
|-boost|p2a: Ok|atk|2
|move|p1a: Torkoal|Stealth Rock|p2a: Ok
|-sidestart|p2: puissance du feu|move: Stealth Rock
|
|-weather|SunnyDay|[upkeep]
|-fieldend|move: Psychic Terrain
|upkeep
|turn|11
|
|t:|1685864404
|move|p2a: Ok|Close Combat|p1a: Torkoal
|-crit|p1a: Torkoal
|-damage|p1a: Torkoal|0 fnt
|-unboost|p2a: Ok|def|1
|-unboost|p2a: Ok|spd|1
|faint|p1a: Torkoal
|
|-weather|SunnyDay|[upkeep]
|upkeep
|
|t:|1685864413
|switch|p1a: Great Tusk|Great Tusk|100/100
|-activate|p1a: Great Tusk|ability: Protosynthesis
|-start|p1a: Great Tusk|protosynthesisdef
|turn|12
|
|t:|1685864428
|move|p2a: Ok|Dire Claw|p1a: Great Tusk
|-resisted|p1a: Great Tusk
|-damage|p1a: Great Tusk|81/100
|-status|p1a: Great Tusk|slp
|cant|p1a: Great Tusk|slp
|
|-weather|SunnyDay|[upkeep]
|-heal|p1a: Great Tusk|87/100 slp|[from] item: Leftovers
|upkeep
|turn|13
|
|t:|1685864437
|move|p2a: Ok|Swords Dance|p2a: Ok
|-boost|p2a: Ok|atk|2
|cant|p1a: Great Tusk|slp
|
|-weather|none
|-end|p1a: Great Tusk|Protosynthesis
|-heal|p1a: Great Tusk|94/100 slp|[from] item: Leftovers
|upkeep
|turn|14
|
|t:|1685864447
|move|p2a: Ok|Close Combat|p1a: Great Tusk
|-damage|p1a: Great Tusk|0 fnt
|-unboost|p2a: Ok|def|1
|-unboost|p2a: Ok|spd|1
|faint|p1a: Great Tusk
|-end|p1a: Great Tusk|Protosynthesis|[silent]
|
|upkeep
|-message|ooo01w forfeited.
|
|win|puissance du feu
|raw|ooo01w's rating: 1413 → 1396(-17 for losing)
|raw|puissance du feu's rating: 1474 → 1491(+17 for winning)
|l|☆ooo01w
