|j|☆keirimm
|j|☆Dumber luck
|t:|1685913525
|gametype|singles
|player|p1|keirimm|benga|1592
|player|p2|Dumber luck|101|1580
|teamsize|p1|6
|teamsize|p2|6
|gen|9
|tier|[Gen 9] OU
|rated|
|rule|Sleep Clause Mod: Limit one foe put to sleep
|rule|Species Clause: Limit one of each Pokémon
|rule|OHKO Clause: OHKO moves are banned
|rule|Evasion Items Clause: Evasion items are banned
|rule|Evasion Moves Clause: Evasion moves are banned
|rule|Endless Battle Clause: Forcing endless battles is banned
|rule|HP Percentage Mod: HP is shown in percentages
|clearpoke
|poke|p1|Samurott-Hisui, M|
|poke|p1|Dragapult, F|
|poke|p1|Sneasler, F|
|poke|p1|Magearna|
|poke|p1|Volcarona, F|
|poke|p1|Zamazenta-*|
|poke|p2|Dragapult, F|
|poke|p2|Gholdengo|
|poke|p2|Masquerain, M|
|poke|p2|Cinderace, M|
|poke|p2|Great Tusk|
|poke|p2|Enamorus, F|
|teampreview
|inactive|Battle timer is ON: inactive players will automatically lose when time's up. (requested by keirimm)
|
|t:|1685913545
|start
|switch|p1a: Samurott|Samurott-Hisui, M|100/100
|switch|p2a: Randy|Masquerain, M|100/100
|-ability|p2a: Randy|Intimidate|boost
|-unboost|p1a: Samurott|atk|1
|turn|1
|
|t:|1685913553
|move|p1a: Samurott|Taunt|p2a: Randy
|-start|p2a: Randy|move: Taunt
|cant|p2a: Randy|move: Taunt|Sticky Web
|
|upkeep
|turn|2
|
|t:|1685913563
|move|p1a: Samurott|Ceaseless Edge|p2a: Randy
|-damage|p2a: Randy|60/100
|-sidestart|p2: Dumber luck|Spikes
|move|p2a: Randy|U-turn|p1a: Samurott
|-supereffective|p1a: Samurott
|-damage|p1a: Samurott|66/100
|
|t:|1685913569
|switch|p2a: Long Distance|Enamorus, F|100/100|[from] U-turn
|
|upkeep
|turn|3
|
|t:|1685913581
|switch|p1a: Sneasler|Sneasler, F|100/100
|-item|p1a: Sneasler|Air Balloon
|-terastallize|p2a: Long Distance|Fairy
|move|p2a: Long Distance|Moonblast|p1a: Sneasler
|-damage|p1a: Sneasler|0 fnt
|-enditem|p1a: Sneasler|Air Balloon
|faint|p1a: Sneasler
|
|upkeep
|
|t:|1685913594
|switch|p1a: Magearna|Magearna|100/100
|turn|4
|
|t:|1685913597
|switch|p2a: Kyle|Gholdengo|100/100
|-damage|p2a: Kyle|88/100|[from] Spikes
|move|p1a: Magearna|Iron Defense|p1a: Magearna
|-boost|p1a: Magearna|def|2
|
|upkeep
|turn|5
|
|t:|1685913606
|-terastallize|p1a: Magearna|Water
|move|p1a: Magearna|Calm Mind|p1a: Magearna
|-boost|p1a: Magearna|spa|1
|-boost|p1a: Magearna|spd|1
|move|p2a: Kyle|Nasty Plot|p2a: Kyle
|-boost|p2a: Kyle|spa|2
|
|upkeep
|turn|6
|
|t:|1685913610
|move|p1a: Magearna|Calm Mind|p1a: Magearna
|-boost|p1a: Magearna|spa|1
|-boost|p1a: Magearna|spd|1
|move|p2a: Kyle|Nasty Plot|p2a: Kyle
|-boost|p2a: Kyle|spa|2
|
|upkeep
|turn|7
|
|t:|1685913613
|move|p1a: Magearna|Calm Mind|p1a: Magearna
|-boost|p1a: Magearna|spa|1
|-boost|p1a: Magearna|spd|1
|move|p2a: Kyle|Nasty Plot|p2a: Kyle
|-boost|p2a: Kyle|spa|2
|
|upkeep
|turn|8
|
|t:|1685913626
|move|p1a: Magearna|Calm Mind|p1a: Magearna
|-boost|p1a: Magearna|spa|1
|-boost|p1a: Magearna|spd|1
|move|p2a: Kyle|Shadow Ball|p1a: Magearna
|-damage|p1a: Magearna|64/100
|
|-heal|p1a: Magearna|70/100|[from] item: Leftovers
|upkeep
|turn|9
|
|t:|1685913634
|move|p1a: Magearna|Stored Power|p2a: Kyle
|-resisted|p2a: Kyle
|-damage|p2a: Kyle|3/100
|move|p2a: Kyle|Shadow Ball|p1a: Magearna
|-damage|p1a: Magearna|33/100
|
|-heal|p1a: Magearna|39/100|[from] item: Leftovers
|upkeep
|turn|10
|
|t:|1685913639
|move|p1a: Magearna|Draining Kiss|p2a: Kyle
|-resisted|p2a: Kyle
|-damage|p2a: Kyle|0 fnt
|-heal|p1a: Magearna|42/100|[from] drain|[of] p2a: Kyle
|-damage|p1a: Magearna|25/100|[from] item: Rocky Helmet|[of] p2a: Kyle
|faint|p2a: Kyle
|-ability|p1a: Magearna|Soul-Heart|boost
|-boost|p1a: Magearna|spa|1
|
|-heal|p1a: Magearna|31/100|[from] item: Leftovers
|upkeep
|
|t:|1685913641
|switch|p2a: Ectoplasm|Dragapult, F|100/100
|-damage|p2a: Ectoplasm|88/100|[from] Spikes
|turn|11
|
|t:|1685913649
|move|p2a: Ectoplasm|Dragon Darts|p1a: Magearna
|-damage|p1a: Magearna|18/100
|-anim|p2a: Ectoplasm|Dragon Darts|p1a: Magearna
|-damage|p1a: Magearna|3/100
|move|p1a: Magearna|Draining Kiss|p2a: Ectoplasm
|-supereffective|p2a: Ectoplasm
|-damage|p2a: Ectoplasm|0 fnt
|-heal|p1a: Magearna|61/100|[from] drain|[of] p2a: Ectoplasm
|faint|p2a: Ectoplasm
|-ability|p1a: Magearna|Soul-Heart|boost
|-boost|p1a: Magearna|spa|1
|
|-heal|p1a: Magearna|67/100|[from] item: Leftovers
|upkeep
|c|☆Dumber luck|Bruh isn’t this shit banned already? The fuck smogon!!!
|inactive|Dumber luck has 120 seconds left.
|
|t:|1685913689
|switch|p2a: Long Distance|Enamorus, F, tera:Fairy|100/100
|-damage|p2a: Long Distance|88/100|[from] Spikes
|turn|12
|c|☆keirimm|they announce it before they ban it
|
|t:|1685913707
|move|p2a: Long Distance|Moonblast|p1a: Magearna
|-damage|p1a: Magearna|35/100
|move|p1a: Magearna|Draining Kiss|p2a: Long Distance
|-damage|p2a: Long Distance|0 fnt
|-heal|p1a: Magearna|88/100|[from] drain|[of] p2a: Long Distance
|faint|p2a: Long Distance
|
|-heal|p1a: Magearna|94/100|[from] item: Leftovers
|upkeep
|inactive|Dumber luck has 120 seconds left.
|-message|Dumber luck forfeited.
|
|win|keirimm
|raw|keirimm's rating: 1592 → 1611(+19 for winning)
|raw|Dumber luck's rating: 1580 → 1561(-19 for losing)
|l|☆Dumber luck
