|j|☆head_Snapss
|j|☆Nunjakid
|t:|1685856675
|gametype|singles
|player|p1|head_Snapss|yellow|1076
|player|p2|Nunjakid|169|1086
|teamsize|p1|6
|teamsize|p2|6
|gen|9
|tier|[Gen 9] OU
|rated|
|rule|Sleep Clause Mod: Limit one foe put to sleep
|rule|Species Clause: Limit one of each Pokémon
|rule|OHKO Clause: OHKO moves are banned
|rule|Evasion Items Clause: Evasion items are banned
|rule|Evasion Moves Clause: Evasion moves are banned
|rule|Endless Battle Clause: Forcing endless battles is banned
|rule|HP Percentage Mod: HP is shown in percentages
|clearpoke
|poke|p1|Torkoal, F|
|poke|p1|Kleavor, M|
|poke|p1|Ursaluna, F|
|poke|p1|Lilligant-Hisui, F|
|poke|p1|Magearna|
|poke|p1|Samurott-Hisui, M|
|poke|p2|Ursaluna, F|
|poke|p2|Uxie|
|poke|p2|Rillaboom, F|
|poke|p2|Garganacl, M|
|poke|p2|Clodsire, M|
|poke|p2|Dragonite, F|
|teampreview
|inactive|Battle timer is ON: inactive players will automatically lose when time's up. (requested by Nunjakid)
|j| MythosKojin
|j| GymLeader Avery
|
|t:|1685856687
|start
|switch|p1a: FOOLISH SAMURAI|Samurott-Hisui, M|100/100
|switch|p2a: Uxie|Uxie|100/100
|turn|1
|
|t:|1685856707
|move|p1a: FOOLISH SAMURAI|Ceaseless Edge|p2a: Uxie
|-supereffective|p2a: Uxie
|-damage|p2a: Uxie|37/100
|-sidestart|p2: Nunjakid|Spikes
|move|p2a: Uxie|Reflect|p2a: Uxie
|-sidestart|p2: Nunjakid|Reflect
|
|upkeep
|turn|2
|
|t:|1685856729
|switch|p2a: Garganacl|Garganacl, M|100/100
|-damage|p2a: Garganacl|88/100|[from] Spikes
|move|p1a: FOOLISH SAMURAI|Ceaseless Edge|p2a: Garganacl
|-damage|p2a: Garganacl|73/100
|-sidestart|p2: Nunjakid|Spikes
|
|-heal|p2a: Garganacl|79/100|[from] item: Leftovers
|upkeep
|turn|3
|
|t:|1685856735
|switch|p1a: Toy Doll|Magearna|100/100
|-terastallize|p2a: Garganacl|Water
|move|p2a: Garganacl|Salt Cure|p1a: Toy Doll
|-resisted|p1a: Toy Doll
|-damage|p1a: Toy Doll|94/100
|
|-heal|p2a: Garganacl|85/100|[from] item: Leftovers
|upkeep
|turn|4
|
|t:|1685856760
|move|p1a: Toy Doll|Calm Mind|p1a: Toy Doll
|-boost|p1a: Toy Doll|spa|1
|-boost|p1a: Toy Doll|spd|1
|move|p2a: Garganacl|Salt Cure|p1a: Toy Doll
|-resisted|p1a: Toy Doll
|-damage|p1a: Toy Doll|87/100
|
|-heal|p2a: Garganacl|92/100|[from] item: Leftovers
|upkeep
|turn|5
|c|☆head_Snapss|no salt.
|inactive|Nunjakid has 120 seconds left.
|c| GymLeader Avery|he doesnt knwo about the cloak
|inactive|Nunjakid has 90 seconds left.
|c| GymLeader Avery|wallahi, he's finished
|
|t:|1685856814
|move|p1a: Toy Doll|Calm Mind|p1a: Toy Doll
|-boost|p1a: Toy Doll|spa|1
|-boost|p1a: Toy Doll|spd|1
|move|p2a: Garganacl|Body Press|p1a: Toy Doll
|-damage|p1a: Toy Doll|66/100
|
|-heal|p2a: Garganacl|98/100|[from] item: Leftovers
|upkeep
|turn|6
|inactive|Nunjakid has 90 seconds left.
|
|t:|1685856820
|move|p1a: Toy Doll|Shift Gear|p1a: Toy Doll
|-boost|p1a: Toy Doll|spe|2
|-boost|p1a: Toy Doll|atk|1
|move|p2a: Garganacl|Iron Defense|p2a: Garganacl
|-boost|p2a: Garganacl|def|2
|
|-heal|p2a: Garganacl|100/100|[from] item: Leftovers
|upkeep
|turn|7
|
|t:|1685856823
|move|p1a: Toy Doll|Shift Gear|p1a: Toy Doll
|-boost|p1a: Toy Doll|spe|2
|-boost|p1a: Toy Doll|atk|1
|move|p2a: Garganacl|Body Press|p1a: Toy Doll
|-damage|p1a: Toy Doll|26/100
|
|upkeep
|turn|8
|
|t:|1685856826
|move|p1a: Toy Doll|Draining Kiss|p2a: Garganacl
|-damage|p2a: Garganacl|63/100
|-heal|p1a: Toy Doll|61/100|[from] drain|[of] p2a: Garganacl
|move|p2a: Garganacl|Body Press|p1a: Toy Doll
|-damage|p1a: Toy Doll|17/100
|
|-heal|p2a: Garganacl|69/100|[from] item: Leftovers
|-sideend|p2: Nunjakid|Reflect
|upkeep
|turn|9
|
|t:|1685856831
|move|p1a: Toy Doll|Stored Power|p2a: Garganacl
|-damage|p2a: Garganacl|0 fnt
|faint|p2a: Garganacl
|-ability|p1a: Toy Doll|Soul-Heart|boost
|-boost|p1a: Toy Doll|spa|1
|
|upkeep
|
|t:|1685856850
|switch|p2a: Clodsire|Clodsire, M|100/100
|-damage|p2a: Clodsire|84/100|[from] Spikes
|turn|10
|
|t:|1685856854
|move|p1a: Toy Doll|Stored Power|p2a: Clodsire
|-supereffective|p2a: Clodsire
|-damage|p2a: Clodsire|0 fnt
|faint|p2a: Clodsire
|-ability|p1a: Toy Doll|Soul-Heart|boost
|-boost|p1a: Toy Doll|spa|1
|
|upkeep
|-message|Nunjakid forfeited.
|
|win|head_Snapss
|raw|head_Snapss's rating: 1076 → 1105(+29 for winning)
|raw|Nunjakid's rating: 1086 → 1062(-24 for losing)
|l|☆Nunjakid
