|j|☆ritzrock
|j|☆JokkyPokky
|t:|1685839311
|gametype|singles
|player|p1|ritzrock|2|1516
|player|p2|JokkyPokky|169|1406
|teamsize|p1|6
|teamsize|p2|6
|gen|9
|tier|[Gen 9] OU
|rated|
|rule|Sleep Clause Mod: Limit one foe put to sleep
|rule|Species Clause: Limit one of each Pokémon
|rule|OHKO Clause: OHKO moves are banned
|rule|Evasion Items Clause: Evasion items are banned
|rule|Evasion Moves Clause: Evasion moves are banned
|rule|Endless Battle Clause: Forcing endless battles is banned
|rule|HP Percentage Mod: HP is shown in percentages
|clearpoke
|poke|p1|Volcanion|
|poke|p1|Heatran, M|
|poke|p1|Umbreon, M|
|poke|p1|Dondozo, F|
|poke|p1|Cresselia, F|
|poke|p1|Great Tusk|
|poke|p2|Typhlosion-Hisui, F|
|poke|p2|Clodsire, F|
|poke|p2|Corviknight, M|
|poke|p2|Hydreigon, M|
|poke|p2|Azumarill, F|
|poke|p2|Rillaboom, M|
|teampreview
|
|t:|1685839390
|start
|switch|p1a: Heatran|Heatran, M|100/100
|switch|p2a: Hydreigon|Hydreigon, M|100/100
|turn|1
|
|t:|1685839451
|switch|p1a: Umbreon|Umbreon, M|100/100
|move|p2a: Hydreigon|Substitute|p2a: Hydreigon
|-start|p2a: Hydreigon|Substitute
|-damage|p2a: Hydreigon|75/100
|
|-heal|p2a: Hydreigon|82/100|[from] item: Leftovers
|upkeep
|turn|2
|
|t:|1685839460
|move|p2a: Hydreigon|Nasty Plot|p2a: Hydreigon
|-boost|p2a: Hydreigon|spa|2
|move|p1a: Umbreon|Foul Play|p2a: Hydreigon
|-resisted|p2a: Hydreigon
|-activate|p2a: Hydreigon|move: Substitute|[damage]
|
|-heal|p2a: Hydreigon|88/100|[from] item: Leftovers
|upkeep
|turn|3
|
|t:|1685839474
|move|p2a: Hydreigon|Nasty Plot|p2a: Hydreigon
|-boost|p2a: Hydreigon|spa|2
|move|p1a: Umbreon|Foul Play|p2a: Hydreigon
|-resisted|p2a: Hydreigon
|-end|p2a: Hydreigon|Substitute
|
|-heal|p2a: Hydreigon|94/100|[from] item: Leftovers
|upkeep
|turn|4
|
|t:|1685839482
|move|p2a: Hydreigon|Draco Meteor|p1a: Umbreon
|-damage|p1a: Umbreon|6/100
|-unboost|p2a: Hydreigon|spa|2
|move|p1a: Umbreon|Thunder Wave|p2a: Hydreigon
|-status|p2a: Hydreigon|par
|
|-heal|p1a: Umbreon|12/100|[from] item: Leftovers
|-heal|p2a: Hydreigon|99/100 par|[from] item: Leftovers
|upkeep
|turn|5
|
|t:|1685839491
|move|p1a: Umbreon|Wish|p1a: Umbreon
|move|p2a: Hydreigon|Dark Pulse|p1a: Umbreon
|-resisted|p1a: Umbreon
|-damage|p1a: Umbreon|0 fnt
|faint|p1a: Umbreon
|
|-heal|p2a: Hydreigon|100/100 par|[from] item: Leftovers
|upkeep
|
|t:|1685839502
|switch|p1a: Cresselia|Cresselia, F|100/100
|turn|6
|
|t:|1685839511
|-terastallize|p1a: Cresselia|Fairy
|move|p1a: Cresselia|Moonblast|p2a: Hydreigon
|-supereffective|p2a: Hydreigon
|-damage|p2a: Hydreigon|0 fnt
|faint|p2a: Hydreigon
|
|upkeep
|
|t:|1685839533
|switch|p2a: Clodsire|Clodsire, F|100/100
|turn|7
|
|t:|1685839544
|switch|p1a: Heatran|Heatran, M|100/100
|move|p2a: Clodsire|Toxic|p1a: Heatran
|-immune|p1a: Heatran
|
|upkeep
|turn|8
|
|t:|1685839558
|move|p1a: Heatran|Magma Storm|p2a: Clodsire
|-damage|p2a: Clodsire|69/100
|-activate|p2a: Clodsire|move: Magma Storm|[of] p1a: Heatran
|move|p2a: Clodsire|Stealth Rock|p1a: Heatran
|-sidestart|p1: ritzrock|move: Stealth Rock
|
|-heal|p2a: Clodsire|75/100|[from] item: Leftovers
|-damage|p2a: Clodsire|62/100|[from] move: Magma Storm|[partiallytrapped]
|upkeep
|turn|9
|
|t:|1685839570
|move|p1a: Heatran|Earth Power|p2a: Clodsire
|-supereffective|p2a: Clodsire
|-damage|p2a: Clodsire|26/100
|-unboost|p2a: Clodsire|spd|1
|move|p2a: Clodsire|Recover|p2a: Clodsire
|-heal|p2a: Clodsire|76/100
|
|-heal|p2a: Clodsire|82/100|[from] item: Leftovers
|-damage|p2a: Clodsire|70/100|[from] move: Magma Storm|[partiallytrapped]
|upkeep
|turn|10
|
|t:|1685839583
|-terastallize|p2a: Clodsire|Water
|move|p1a: Heatran|Earth Power|p2a: Clodsire
|-damage|p2a: Clodsire|40/100
|move|p2a: Clodsire|Recover|p2a: Clodsire
|-heal|p2a: Clodsire|90/100
|
|-heal|p2a: Clodsire|96/100|[from] item: Leftovers
|-damage|p2a: Clodsire|84/100|[from] move: Magma Storm|[partiallytrapped]
|upkeep
|turn|11
|
|t:|1685839629
|move|p1a: Heatran|Earth Power|p2a: Clodsire
|-damage|p2a: Clodsire|59/100
|move|p2a: Clodsire|Earthquake|p1a: Heatran
|-supereffective|p1a: Heatran
|-damage|p1a: Heatran|16/100
|
|-heal|p2a: Clodsire|65/100|[from] item: Leftovers
|-damage|p2a: Clodsire|52/100|[from] move: Magma Storm|[partiallytrapped]
|upkeep
|turn|12
|
|t:|1685839646
|move|p1a: Heatran|Earth Power|p2a: Clodsire
|-damage|p2a: Clodsire|24/100
|move|p2a: Clodsire|Recover|p2a: Clodsire
|-heal|p2a: Clodsire|75/100
|
|-heal|p2a: Clodsire|81/100|[from] item: Leftovers
|-damage|p2a: Clodsire|68/100|[from] move: Magma Storm|[partiallytrapped]
|upkeep
|turn|13
|
|t:|1685839652
|move|p1a: Heatran|Earth Power|p2a: Clodsire
|-damage|p2a: Clodsire|41/100
|move|p2a: Clodsire|Recover|p2a: Clodsire
|-heal|p2a: Clodsire|91/100
|
|-heal|p2a: Clodsire|97/100|[from] item: Leftovers
|-end|p2a: Clodsire|Magma Storm|[partiallytrapped]
|upkeep
|turn|14
|
|t:|1685839666
|switch|p1a: Great Tusk|Great Tusk|100/100
|-damage|p1a: Great Tusk|98/100|[from] Stealth Rock
|move|p2a: Clodsire|Earthquake|p1a: Great Tusk
|-damage|p1a: Great Tusk|81/100
|
|-heal|p1a: Great Tusk|87/100|[from] item: Leftovers
|-heal|p2a: Clodsire|100/100|[from] item: Leftovers
|upkeep
|turn|15
|
|t:|1685839685
|switch|p2a: Corviknight|Corviknight, M|100/100
|-ability|p2a: Corviknight|Pressure
|move|p1a: Great Tusk|Stealth Rock|p2a: Corviknight
|-sidestart|p2: JokkyPokky|move: Stealth Rock
|
|-heal|p1a: Great Tusk|93/100|[from] item: Leftovers
|upkeep
|turn|16
|
|t:|1685839694
|move|p1a: Great Tusk|Rapid Spin|p2a: Corviknight
|-resisted|p2a: Corviknight
|-damage|p2a: Corviknight|94/100
|-boost|p1a: Great Tusk|spe|1
|-sideend|p1: ritzrock|Stealth Rock|[from] move: Rapid Spin|[of] p1a: Great Tusk
|move|p2a: Corviknight|Defog|p1a: Great Tusk
|-unboost|p1a: Great Tusk|evasion|1
|-sideend|p2: JokkyPokky|Stealth Rock|[from] move: Defog|[of] p2a: Corviknight
|
|-heal|p1a: Great Tusk|99/100|[from] item: Leftovers
|-heal|p2a: Corviknight|99/100|[from] item: Leftovers
|upkeep
|turn|17
|
|t:|1685839701
|move|p1a: Great Tusk|Stealth Rock|p2a: Corviknight
|-sidestart|p2: JokkyPokky|move: Stealth Rock
|move|p2a: Corviknight|Brave Bird|p1a: Great Tusk
|-supereffective|p1a: Great Tusk
|-damage|p1a: Great Tusk|54/100
|-damage|p2a: Corviknight|84/100|[from] Recoil
|
|-heal|p1a: Great Tusk|60/100|[from] item: Leftovers
|-heal|p2a: Corviknight|90/100|[from] item: Leftovers
|upkeep
|turn|18
|
|t:|1685839713
|move|p1a: Great Tusk|Close Combat|p2a: Corviknight
|-damage|p2a: Corviknight|46/100
|-unboost|p1a: Great Tusk|def|1
|-unboost|p1a: Great Tusk|spd|1
|move|p2a: Corviknight|Defog|p1a: Great Tusk
|-unboost|p1a: Great Tusk|evasion|1
|-sideend|p2: JokkyPokky|Stealth Rock|[from] move: Defog|[of] p2a: Corviknight
|
|-heal|p1a: Great Tusk|66/100|[from] item: Leftovers
|-heal|p2a: Corviknight|52/100|[from] item: Leftovers
|upkeep
|turn|19
|
|t:|1685839720
|move|p1a: Great Tusk|Stealth Rock|p2a: Corviknight
|-sidestart|p2: JokkyPokky|move: Stealth Rock
|move|p2a: Corviknight|Roost|p2a: Corviknight
|-heal|p2a: Corviknight|100/100
|-singleturn|p2a: Corviknight|move: Roost
|
|-heal|p1a: Great Tusk|73/100|[from] item: Leftovers
|upkeep
|turn|20
|
|t:|1685839726
|-end|p1a: Great Tusk|Protosynthesis|[silent]
|switch|p1a: Volcanion|Volcanion|100/100
|move|p2a: Corviknight|Defog|p1a: Volcanion
|-unboost|p1a: Volcanion|evasion|1
|-sideend|p2: JokkyPokky|Stealth Rock|[from] move: Defog|[of] p2a: Corviknight
|
|upkeep
|turn|21
|
|t:|1685839756
|switch|p2a: Clodsire|Clodsire, F, tera:Water|100/100
|move|p1a: Volcanion|Flamethrower|p2a: Clodsire
|-resisted|p2a: Clodsire
|-damage|p2a: Clodsire|88/100
|-status|p2a: Clodsire|brn
|
|-heal|p2a: Clodsire|94/100 brn|[from] item: Leftovers
|-damage|p2a: Clodsire|88/100 brn|[from] brn
|upkeep
|turn|22
|
|t:|1685839766
|move|p1a: Volcanion|Substitute|p1a: Volcanion
|-start|p1a: Volcanion|Substitute
|-damage|p1a: Volcanion|76/100
|move|p2a: Clodsire|Toxic||[still]
|-fail|p2a: Clodsire
|
|-heal|p2a: Clodsire|94/100 brn|[from] item: Leftovers
|-damage|p2a: Clodsire|88/100 brn|[from] brn
|upkeep
|turn|23
|
|t:|1685839774
|move|p1a: Volcanion|Earth Power|p2a: Clodsire
|-damage|p2a: Clodsire|70/100 brn
|move|p2a: Clodsire|Earthquake|p1a: Volcanion
|-supereffective|p1a: Volcanion
|-activate|p1a: Volcanion|move: Substitute|[damage]
|
|-heal|p2a: Clodsire|76/100 brn|[from] item: Leftovers
|-damage|p2a: Clodsire|70/100 brn|[from] brn
|upkeep
|turn|24
|
|t:|1685839778
|move|p1a: Volcanion|Earth Power|p2a: Clodsire
|-damage|p2a: Clodsire|52/100 brn
|-unboost|p2a: Clodsire|spd|1
|move|p2a: Clodsire|Recover|p2a: Clodsire
|-heal|p2a: Clodsire|100/100 brn
|
|-damage|p2a: Clodsire|94/100 brn|[from] brn
|upkeep
|turn|25
|
|t:|1685839782
|move|p1a: Volcanion|Earth Power|p2a: Clodsire
|-crit|p2a: Clodsire
|-damage|p2a: Clodsire|56/100 brn
|move|p2a: Clodsire|Earthquake|p1a: Volcanion
|-supereffective|p1a: Volcanion
|-end|p1a: Volcanion|Substitute
|
|-heal|p2a: Clodsire|62/100 brn|[from] item: Leftovers
|-damage|p2a: Clodsire|56/100 brn|[from] brn
|upkeep
|turn|26
|
|t:|1685839794
|switch|p2a: Rillaboom|Rillaboom, M|100/100
|-fieldstart|move: Grassy Terrain|[from] ability: Grassy Surge|[of] p2a: Rillaboom
|move|p1a: Volcanion|Substitute|p1a: Volcanion
|-start|p1a: Volcanion|Substitute
|-damage|p1a: Volcanion|51/100
|
|-heal|p1a: Volcanion|57/100|[from] Grassy Terrain
|upkeep
|turn|27
|
|t:|1685839803
|move|p2a: Rillaboom|Wood Hammer|p1a: Volcanion
|-end|p1a: Volcanion|Substitute
|-damage|p2a: Rillaboom|93/100|[from] Recoil|[of] p1a: Volcanion
|move|p1a: Volcanion|Flamethrower|p2a: Rillaboom
|-supereffective|p2a: Rillaboom
|-damage|p2a: Rillaboom|10/100
|
|-heal|p2a: Rillaboom|16/100|[from] Grassy Terrain
|-heal|p1a: Volcanion|63/100|[from] Grassy Terrain
|upkeep
|turn|28
|
|t:|1685839816
|switch|p1a: Heatran|Heatran, M|16/100
|move|p2a: Rillaboom|Wood Hammer|p1a: Heatran
|-resisted|p1a: Heatran
|-damage|p1a: Heatran|0 fnt
|faint|p1a: Heatran
|-damage|p2a: Rillaboom|11/100|[from] Recoil
|
|-heal|p2a: Rillaboom|18/100|[from] Grassy Terrain
|upkeep
|
|t:|1685839825
|switch|p1a: Cresselia|Cresselia, F, tera:Fairy|100/100
|turn|29
|
|t:|1685839837
|move|p2a: Rillaboom|Wood Hammer|p1a: Cresselia
|-damage|p1a: Cresselia|52/100
|-damage|p2a: Rillaboom|0 fnt|[from] Recoil
|faint|p2a: Rillaboom
|move|p1a: Cresselia|Psyshock|p2: Rillaboom|[notarget]
|-fail|p1a: Cresselia
|
|-heal|p1a: Cresselia|58/100|[from] item: Leftovers
|upkeep
|
|t:|1685839854
|switch|p2a: Clodsire|Clodsire, F, tera:Water|56/100 brn
|turn|30
|
|t:|1685839863
|switch|p1a: Great Tusk|Great Tusk|73/100
|move|p2a: Clodsire|Recover|p2a: Clodsire
|-heal|p2a: Clodsire|100/100 brn
|
|-heal|p1a: Great Tusk|79/100|[from] Grassy Terrain
|-heal|p1a: Great Tusk|85/100|[from] item: Leftovers
|-damage|p2a: Clodsire|94/100 brn|[from] brn
|-fieldend|move: Grassy Terrain
|upkeep
|turn|31
|
|t:|1685839870
|switch|p2a: Corviknight|Corviknight, M|100/100
|-ability|p2a: Corviknight|Pressure
|move|p1a: Great Tusk|Stealth Rock|p2a: Corviknight
|-sidestart|p2: JokkyPokky|move: Stealth Rock
|
|-heal|p1a: Great Tusk|91/100|[from] item: Leftovers
|upkeep
|turn|32
|
|t:|1685839876
|-end|p1a: Great Tusk|Protosynthesis|[silent]
|switch|p1a: Volcanion|Volcanion|63/100
|move|p2a: Corviknight|Defog|p1a: Volcanion
|-unboost|p1a: Volcanion|evasion|1
|-sideend|p2: JokkyPokky|Stealth Rock|[from] move: Defog|[of] p2a: Corviknight
|
|upkeep
|turn|33
|
|t:|1685839898
|switch|p2a: Clodsire|Clodsire, F, tera:Water|94/100 brn
|move|p1a: Volcanion|Flamethrower|p2a: Clodsire
|-resisted|p2a: Clodsire
|-damage|p2a: Clodsire|82/100 brn
|
|-heal|p2a: Clodsire|88/100 brn|[from] item: Leftovers
|-damage|p2a: Clodsire|82/100 brn|[from] brn
|upkeep
|turn|34
|
|t:|1685839906
|move|p1a: Volcanion|Substitute|p1a: Volcanion
|-start|p1a: Volcanion|Substitute
|-damage|p1a: Volcanion|38/100
|move|p2a: Clodsire|Earthquake|p1a: Volcanion
|-supereffective|p1a: Volcanion
|-activate|p1a: Volcanion|move: Substitute|[damage]
|
|-heal|p2a: Clodsire|88/100 brn|[from] item: Leftovers
|-damage|p2a: Clodsire|82/100 brn|[from] brn
|upkeep
|turn|35
|
|t:|1685839911
|move|p1a: Volcanion|Earth Power|p2a: Clodsire
|-damage|p2a: Clodsire|64/100 brn
|move|p2a: Clodsire|Earthquake|p1a: Volcanion
|-supereffective|p1a: Volcanion
|-end|p1a: Volcanion|Substitute
|
|-heal|p2a: Clodsire|70/100 brn|[from] item: Leftovers
|-damage|p2a: Clodsire|64/100 brn|[from] brn
|upkeep
|turn|36
|
|t:|1685839921
|move|p1a: Volcanion|Substitute|p1a: Volcanion
|-start|p1a: Volcanion|Substitute
|-damage|p1a: Volcanion|13/100
|move|p2a: Clodsire|Earthquake|p1a: Volcanion
|-supereffective|p1a: Volcanion
|-activate|p1a: Volcanion|move: Substitute|[damage]
|
|-heal|p2a: Clodsire|70/100 brn|[from] item: Leftovers
|-damage|p2a: Clodsire|64/100 brn|[from] brn
|upkeep
|turn|37
|
|t:|1685839926
|move|p1a: Volcanion|Earth Power|p2a: Clodsire
|-damage|p2a: Clodsire|45/100 brn
|move|p2a: Clodsire|Earthquake|p1a: Volcanion
|-supereffective|p1a: Volcanion
|-end|p1a: Volcanion|Substitute
|
|-heal|p2a: Clodsire|51/100 brn|[from] item: Leftovers
|-damage|p2a: Clodsire|45/100 brn|[from] brn
|upkeep
|turn|38
|
|t:|1685839933
|move|p1a: Volcanion|Earth Power|p2a: Clodsire
|-damage|p2a: Clodsire|29/100 brn
|move|p2a: Clodsire|Recover|p2a: Clodsire
|-heal|p2a: Clodsire|79/100 brn
|
|-heal|p2a: Clodsire|85/100 brn|[from] item: Leftovers
|-damage|p2a: Clodsire|79/100 brn|[from] brn
|upkeep
|turn|39
|
|t:|1685839958
|move|p1a: Volcanion|Earth Power|p2a: Clodsire
|-damage|p2a: Clodsire|59/100 brn
|move|p2a: Clodsire|Earthquake|p1a: Volcanion
|-supereffective|p1a: Volcanion
|-damage|p1a: Volcanion|0 fnt
|faint|p1a: Volcanion
|
|-heal|p2a: Clodsire|65/100 brn|[from] item: Leftovers
|-damage|p2a: Clodsire|59/100 brn|[from] brn
|upkeep
|
|t:|1685839963
|switch|p1a: Great Tusk|Great Tusk|91/100
|turn|40
|
|t:|1685839977
|switch|p2a: Typhlosion|Typhlosion-Hisui, F|100/100
|-item|p1a: Great Tusk|Leftovers|[from] ability: Frisk|[of] p2a: Typhlosion|[identify]
|move|p1a: Great Tusk|Stealth Rock|p2a: Typhlosion
|-sidestart|p2: JokkyPokky|move: Stealth Rock
|
|-heal|p1a: Great Tusk|98/100|[from] item: Leftovers
|upkeep
|turn|41
|
|t:|1685839983
|move|p2a: Typhlosion|Eruption|p1a: Great Tusk
|-damage|p1a: Great Tusk|0 fnt
|faint|p1a: Great Tusk
|-end|p1a: Great Tusk|Protosynthesis|[silent]
|
|upkeep
|
|t:|1685839986
|switch|p1a: Dondozo|Dondozo, F|100/100
|turn|42
|
|t:|1685839991
|move|p2a: Typhlosion|Eruption|p1a: Dondozo
|-resisted|p1a: Dondozo
|-damage|p1a: Dondozo|64/100
|move|p1a: Dondozo|Wave Crash|p2a: Typhlosion
|-supereffective|p2a: Typhlosion
|-damage|p2a: Typhlosion|0 fnt
|faint|p2a: Typhlosion
|-damage|p1a: Dondozo|45/100|[from] Recoil
|
|-heal|p1a: Dondozo|51/100|[from] item: Leftovers
|upkeep
|
|t:|1685840003
|switch|p2a: Azumarill|Azumarill, F|100/100
|-damage|p2a: Azumarill|88/100|[from] Stealth Rock
|turn|43
|
|t:|1685840007
|move|p2a: Azumarill|Play Rough|p1a: Dondozo|[miss]
|-miss|p2a: Azumarill|p1a: Dondozo
|move|p1a: Dondozo|Yawn|p2a: Azumarill
|-start|p2a: Azumarill|move: Yawn|[of] p1a: Dondozo
|
|-heal|p1a: Dondozo|58/100|[from] item: Leftovers
|upkeep
|turn|44
|
|t:|1685840015
|switch|p2a: Corviknight|Corviknight, M|100/100
|-damage|p2a: Corviknight|88/100|[from] Stealth Rock
|-ability|p2a: Corviknight|Pressure
|move|p1a: Dondozo|Body Press|p2a: Corviknight
|-damage|p2a: Corviknight|71/100
|
|-heal|p2a: Corviknight|77/100|[from] item: Leftovers
|-heal|p1a: Dondozo|64/100|[from] item: Leftovers
|upkeep
|turn|45
|
|t:|1685840022
|move|p1a: Dondozo|Protect|p1a: Dondozo
|-singleturn|p1a: Dondozo|Protect
|move|p2a: Corviknight|Brave Bird|p1a: Dondozo
|-activate|p1a: Dondozo|move: Protect
|
|-heal|p2a: Corviknight|83/100|[from] item: Leftovers
|-heal|p1a: Dondozo|70/100|[from] item: Leftovers
|upkeep
|turn|46
|
|t:|1685840027
|move|p2a: Corviknight|Brave Bird|p1a: Dondozo
|-damage|p1a: Dondozo|53/100
|-damage|p2a: Corviknight|76/100|[from] Recoil
|move|p1a: Dondozo|Yawn|p2a: Corviknight
|-start|p2a: Corviknight|move: Yawn|[of] p1a: Dondozo
|
|-heal|p2a: Corviknight|82/100|[from] item: Leftovers
|-heal|p1a: Dondozo|59/100|[from] item: Leftovers
|upkeep
|turn|47
|
|t:|1685840037
|switch|p2a: Azumarill|Azumarill, F|88/100
|-damage|p2a: Azumarill|76/100|[from] Stealth Rock
|move|p1a: Dondozo|Wave Crash|p2a: Azumarill
|-resisted|p2a: Azumarill
|-damage|p2a: Azumarill|54/100
|-damage|p1a: Dondozo|54/100|[from] Recoil
|
|-heal|p1a: Dondozo|60/100|[from] item: Leftovers
|upkeep
|turn|48
|
|t:|1685840041
|move|p1a: Dondozo|Protect|p1a: Dondozo
|-singleturn|p1a: Dondozo|Protect
|move|p2a: Azumarill|Play Rough|p1a: Dondozo
|-activate|p1a: Dondozo|move: Protect
|
|-heal|p1a: Dondozo|66/100|[from] item: Leftovers
|upkeep
|turn|49
|
|t:|1685840047
|move|p2a: Azumarill|Play Rough|p1a: Dondozo
|-damage|p1a: Dondozo|30/100
|move|p1a: Dondozo|Yawn|p2a: Azumarill
|-start|p2a: Azumarill|move: Yawn|[of] p1a: Dondozo
|
|-heal|p1a: Dondozo|36/100|[from] item: Leftovers
|upkeep
|turn|50
|
|t:|1685840061
|move|p2a: Azumarill|Play Rough|p1a: Dondozo
|-damage|p1a: Dondozo|0 fnt
|faint|p1a: Dondozo
|
|-end|p2a: Azumarill|move: Yawn|[silent]
|-status|p2a: Azumarill|slp
|upkeep
|
|t:|1685840074
|switch|p1a: Cresselia|Cresselia, F, tera:Fairy|58/100
|turn|51
|
|t:|1685840077
|move|p1a: Cresselia|Calm Mind|p1a: Cresselia
|-boost|p1a: Cresselia|spa|1
|-boost|p1a: Cresselia|spd|1
|cant|p2a: Azumarill|slp
|
|-heal|p1a: Cresselia|64/100|[from] item: Leftovers
|upkeep
|turn|52
|
|t:|1685840104
|move|p1a: Cresselia|Moonlight|p1a: Cresselia
|-heal|p1a: Cresselia|100/100
|cant|p2a: Azumarill|slp
|
|upkeep
|turn|53
|
|t:|1685840113
|move|p1a: Cresselia|Psyshock|p2a: Azumarill
|-damage|p2a: Azumarill|14/100 slp
|-curestatus|p2a: Azumarill|slp|[msg]
|move|p2a: Azumarill|Play Rough|p1a: Cresselia
|-damage|p1a: Cresselia|52/100
|-unboost|p1a: Cresselia|atk|1
|
|-heal|p1a: Cresselia|58/100|[from] item: Leftovers
|upkeep
|turn|54
|
|t:|1685840119
|move|p1a: Cresselia|Psyshock|p2a: Azumarill
|-crit|p2a: Azumarill
|-damage|p2a: Azumarill|0 fnt
|faint|p2a: Azumarill
|
|-heal|p1a: Cresselia|64/100|[from] item: Leftovers
|upkeep
|
|t:|1685840122
|switch|p2a: Clodsire|Clodsire, F, tera:Water|59/100 brn
|-damage|p2a: Clodsire|47/100 brn|[from] Stealth Rock
|turn|55
|
|t:|1685840128
|move|p1a: Cresselia|Psyshock|p2a: Clodsire
|-damage|p2a: Clodsire|21/100 brn
|move|p2a: Clodsire|Toxic|p1a: Cresselia
|-status|p1a: Cresselia|tox
|
|-heal|p1a: Cresselia|70/100 tox|[from] item: Leftovers
|-heal|p2a: Clodsire|27/100 brn|[from] item: Leftovers
|-damage|p1a: Cresselia|64/100 tox|[from] psn
|-damage|p2a: Clodsire|21/100 brn|[from] brn
|upkeep
|turn|56
|
|t:|1685840138
|move|p1a: Cresselia|Psyshock|p2a: Clodsire
|-damage|p2a: Clodsire|0 fnt
|faint|p2a: Clodsire
|
|-heal|p1a: Cresselia|70/100 tox|[from] item: Leftovers
|-damage|p1a: Cresselia|58/100 tox|[from] psn
|upkeep
|
|t:|1685840141
|switch|p2a: Corviknight|Corviknight, M|82/100
|-damage|p2a: Corviknight|70/100|[from] Stealth Rock
|-ability|p2a: Corviknight|Pressure
|turn|57
|
|t:|1685840147
|move|p1a: Cresselia|Calm Mind|p1a: Cresselia
|-boost|p1a: Cresselia|spa|1
|-boost|p1a: Cresselia|spd|1
|move|p2a: Corviknight|Roost|p2a: Corviknight
|-heal|p2a: Corviknight|100/100
|-singleturn|p2a: Corviknight|move: Roost
|
|-heal|p1a: Cresselia|64/100 tox|[from] item: Leftovers
|-damage|p1a: Cresselia|46/100 tox|[from] psn
|upkeep
|turn|58
|
|t:|1685840150
|move|p1a: Cresselia|Calm Mind|p1a: Cresselia
|-boost|p1a: Cresselia|spa|1
|-boost|p1a: Cresselia|spd|1
|move|p2a: Corviknight|Brave Bird|p1a: Cresselia
|-damage|p1a: Cresselia|27/100 tox
|-damage|p2a: Corviknight|94/100|[from] Recoil
|
|-heal|p1a: Cresselia|33/100 tox|[from] item: Leftovers
|-heal|p2a: Corviknight|99/100|[from] item: Leftovers
|-damage|p1a: Cresselia|9/100 tox|[from] psn
|upkeep
|turn|59
|
|t:|1685840158
|move|p1a: Cresselia|Moonblast|p2a: Corviknight
|-resisted|p2a: Corviknight
|-crit|p2a: Corviknight
|-damage|p2a: Corviknight|49/100
|-unboost|p2a: Corviknight|spa|1
|move|p2a: Corviknight|Brave Bird|p1a: Cresselia
|-damage|p1a: Cresselia|0 fnt
|faint|p1a: Cresselia
|-damage|p2a: Corviknight|46/100|[from] Recoil
|
|win|JokkyPokky
|raw|ritzrock's rating: 1516 → 1490(-26 for losing)
|raw|JokkyPokky's rating: 1406 → 1432(+26 for winning)
|c|☆JokkyPokky|gg
|c|☆ritzrock|gg
|l|☆ritzrock
