|j|☆gloriousplay
|j|☆feltsies
|t:|1685909317
|gametype|singles
|player|p1|gloriousplay|1|1180
|player|p2|feltsies|cynthia-gen4|1243
|teamsize|p1|6
|teamsize|p2|6
|gen|9
|tier|[Gen 9] OU
|rated|
|rule|Sleep Clause Mod: Limit one foe put to sleep
|rule|Species Clause: Limit one of each Pokémon
|rule|OHKO Clause: OHKO moves are banned
|rule|Evasion Items Clause: Evasion items are banned
|rule|Evasion Moves Clause: Evasion moves are banned
|rule|Endless Battle Clause: Forcing endless battles is banned
|rule|HP Percentage Mod: HP is shown in percentages
|clearpoke
|poke|p1|Chien-Pao|
|poke|p1|Enamorus-Therian, F|
|poke|p1|Landorus-Therian, M|
|poke|p1|Glastrier|
|poke|p1|Lilligant-Hisui, F|
|poke|p1|Samurott-Hisui, F|
|poke|p2|Dragapult, F|
|poke|p2|Typhlosion-Hisui, F|
|poke|p2|Sneasler, M|
|poke|p2|Corviknight, F|
|poke|p2|Garganacl, F|
|poke|p2|Landorus-Therian, M|
|teampreview
|
|t:|1685909327
|start
|switch|p1a: emiou-ground|Landorus-Therian, M, shiny|100/100
|switch|p2a: Tomb|Garganacl, F|100/100
|-ability|p1a: emiou-ground|Intimidate|boost
|-unboost|p2a: Tomb|atk|1
|turn|1
|
|t:|1685909334
|move|p1a: emiou-ground|Nasty Plot|p1a: emiou-ground
|-boost|p1a: emiou-ground|spa|2
|move|p2a: Tomb|Salt Cure|p1a: emiou-ground
|-damage|p1a: emiou-ground|89/100
|-start|p1a: emiou-ground|Salt Cure
|
|-damage|p1a: emiou-ground|77/100|[from] Salt Cure
|upkeep
|turn|2
|
|t:|1685909346
|switch|p2a: Anti|Corviknight, F|100/100
|-ability|p2a: Anti|Pressure
|move|p1a: emiou-ground|Sandsear Storm|p2a: Anti
|-immune|p2a: Anti
|
|-damage|p1a: emiou-ground|65/100|[from] Salt Cure
|upkeep
|turn|3
|
|t:|1685909362
|switch|p2a: Lei|Landorus-Therian, M|100/100
|-ability|p2a: Lei|Intimidate|boost
|-unboost|p1a: emiou-ground|atk|1
|move|p1a: emiou-ground|Nasty Plot|p1a: emiou-ground
|-boost|p1a: emiou-ground|spa|2
|
|-damage|p1a: emiou-ground|53/100|[from] Salt Cure
|upkeep
|turn|4
|
|t:|1685909383
|switch|p2a: Anti|Corviknight, F|100/100
|-ability|p2a: Anti|Pressure
|move|p1a: emiou-ground|Grass Knot|p2a: Anti
|-resisted|p2a: Anti
|-damage|p2a: Anti|84/100
|-damage|p1a: emiou-ground|43/100|[from] item: Life Orb
|
|-heal|p2a: Anti|90/100|[from] item: Leftovers
|-damage|p1a: emiou-ground|31/100|[from] Salt Cure
|upkeep
|turn|5
|
|t:|1685909397
|move|p1a: emiou-ground|Grass Knot|p2a: Anti
|-resisted|p2a: Anti
|-damage|p2a: Anti|74/100
|-damage|p1a: emiou-ground|21/100|[from] item: Life Orb
|move|p2a: Anti|U-turn|p1a: emiou-ground
|-resisted|p1a: emiou-ground
|-damage|p1a: emiou-ground|13/100
|
|t:|1685909416
|switch|p2a: Driven|Dragapult, F|100/100|[from] U-turn
|
|-damage|p1a: emiou-ground|1/100|[from] Salt Cure
|upkeep
|turn|6
|
|t:|1685909444
|move|p2a: Driven|Dragon Darts|p1a: emiou-ground
|-damage|p1a: emiou-ground|0 fnt
|faint|p1a: emiou-ground
|
|upkeep
|
|t:|1685909450
|switch|p1a: Lilligant|Lilligant-Hisui, F, shiny|100/100
|turn|7
|
|t:|1685909460
|move|p2a: Driven|Flamethrower|p1a: Lilligant
|-supereffective|p1a: Lilligant
|-damage|p1a: Lilligant|13/100
|move|p1a: Lilligant|Victory Dance|p1a: Lilligant
|-boost|p1a: Lilligant|atk|1
|-boost|p1a: Lilligant|def|1
|-boost|p1a: Lilligant|spe|1
|
|upkeep
|turn|8
|
|t:|1685909472
|switch|p2a: Lei|Landorus-Therian, M|100/100
|-ability|p2a: Lei|Intimidate|boost
|-unboost|p1a: Lilligant|atk|1
|-terastallize|p1a: Lilligant|Ghost
|move|p1a: Lilligant|Tera Blast|p2a: Lei|[miss]
|-miss|p1a: Lilligant|p2a: Lei
|
|upkeep
|turn|9
|
|t:|1685909490
|move|p1a: Lilligant|Leaf Blade|p2a: Lei
|-damage|p2a: Lei|46/100
|move|p2a: Lei|U-turn|p1a: Lilligant
|-resisted|p1a: Lilligant
|-damage|p1a: Lilligant|1/100
|
|t:|1685909496
|switch|p2a: Anti|Corviknight, F|74/100|[from] U-turn
|-ability|p2a: Anti|Pressure
|
|-heal|p2a: Anti|80/100|[from] item: Leftovers
|upkeep
|turn|10
|
|t:|1685909510
|switch|p2a: Lei|Landorus-Therian, M|46/100
|-ability|p2a: Lei|Intimidate|boost
|-unboost|p1a: Lilligant|atk|1
|move|p1a: Lilligant|Axe Kick|p2a: Lei
|-resisted|p2a: Lei
|-damage|p2a: Lei|20/100
|
|-heal|p2a: Lei|27/100|[from] item: Leftovers
|upkeep
|turn|11
|
|t:|1685909524
|move|p1a: Lilligant|Tera Blast|p2a: Lei
|-damage|p2a: Lei|0 fnt
|faint|p2a: Lei
|
|upkeep
|
|t:|1685909542
|switch|p2a: Driven|Dragapult, F|100/100
|turn|12
|
|t:|1685909548
|move|p1a: Lilligant|Tera Blast|p2a: Driven
|-supereffective|p2a: Driven
|-damage|p2a: Driven|0 fnt
|faint|p2a: Driven
|
|upkeep
|
|t:|1685909558
|switch|p2a: Anti|Corviknight, F|80/100
|-ability|p2a: Anti|Pressure
|turn|13
|
|t:|1685909567
|move|p1a: Lilligant|Axe Kick|p2a: Anti
|-damage|p2a: Anti|34/100
|move|p2a: Anti|U-turn|p1a: Lilligant
|-resisted|p1a: Lilligant
|-damage|p1a: Lilligant|0 fnt
|faint|p1a: Lilligant
|
|t:|1685909575
|switch|p2a: Fang|Sneasler, M|100/100|[from] U-turn
|
|upkeep
|
|t:|1685909587
|switch|p1a: Glastrier|Glastrier|100/100
|turn|14
|
|t:|1685909598
|move|p2a: Fang|Close Combat|p1a: Glastrier
|-supereffective|p1a: Glastrier
|-damage|p1a: Glastrier|4/100
|-unboost|p2a: Fang|def|1
|-unboost|p2a: Fang|spd|1
|move|p1a: Glastrier|Stomping Tantrum|p2a: Fang
|-supereffective|p2a: Fang
|-damage|p2a: Fang|0 fnt
|faint|p2a: Fang
|-ability|p1a: Glastrier|Chilling Neigh|boost
|-boost|p1a: Glastrier|atk|1
|
|upkeep
|
|t:|1685909613
|switch|p2a: Crackle|Typhlosion-Hisui, F, shiny|100/100
|turn|15
|
|t:|1685909627
|move|p2a: Crackle|Flamethrower|p1a: Glastrier
|-supereffective|p1a: Glastrier
|-damage|p1a: Glastrier|0 fnt
|faint|p1a: Glastrier
|
|upkeep
|
|t:|1685909632
|switch|p1a: Samurott|Samurott-Hisui, F|100/100
|turn|16
|
|t:|1685909649
|move|p2a: Crackle|Infernal Parade|p1a: Samurott
|-resisted|p1a: Samurott
|-damage|p1a: Samurott|78/100
|move|p1a: Samurott|Swords Dance|p1a: Samurott
|-boost|p1a: Samurott|atk|2
|
|upkeep
|turn|17
|
|t:|1685909657
|move|p1a: Samurott|Aqua Jet|p2a: Crackle
|-supereffective|p2a: Crackle
|-damage|p2a: Crackle|0 fnt
|faint|p2a: Crackle
|-damage|p1a: Samurott|68/100|[from] item: Life Orb
|
|upkeep
|
|t:|1685909664
|switch|p2a: Tomb|Garganacl, F|100/100
|turn|18
|
|t:|1685909670
|-terastallize|p2a: Tomb|Water
|move|p1a: Samurott|Razor Shell|p2a: Tomb
|-resisted|p2a: Tomb
|-damage|p2a: Tomb|55/100
|-damage|p1a: Samurott|58/100|[from] item: Life Orb
|move|p2a: Tomb|Iron Defense|p2a: Tomb
|-boost|p2a: Tomb|def|2
|
|-heal|p2a: Tomb|62/100|[from] item: Leftovers
|upkeep
|turn|19
|
|t:|1685909682
|move|p1a: Samurott|Ceaseless Edge|p2a: Tomb
|-damage|p2a: Tomb|20/100
|-sidestart|p2: feltsies|Spikes
|-damage|p1a: Samurott|48/100|[from] item: Life Orb
|move|p2a: Tomb|Salt Cure|p1a: Samurott
|-damage|p1a: Samurott|32/100
|-start|p1a: Samurott|Salt Cure
|
|-heal|p2a: Tomb|26/100|[from] item: Leftovers
|-damage|p1a: Samurott|7/100|[from] Salt Cure
|upkeep
|turn|20
|
|t:|1685909692
|move|p2a: Tomb|Protect|p2a: Tomb
|-singleturn|p2a: Tomb|Protect
|move|p1a: Samurott|Ceaseless Edge|p2a: Tomb
|-activate|p2a: Tomb|move: Protect
|
|-heal|p2a: Tomb|32/100|[from] item: Leftovers
|-damage|p1a: Samurott|0 fnt|[from] Salt Cure
|faint|p1a: Samurott
|upkeep
|
|t:|1685909699
|switch|p1a: beats skelegride|Enamorus-Therian, F, shiny|100/100
|turn|21
|
|t:|1685909719
|move|p2a: Tomb|Protect||[still]
|-fail|p2a: Tomb
|move|p1a: beats skelegride|Grass Knot|p2a: Tomb
|-supereffective|p2a: Tomb
|-damage|p2a: Tomb|0 fnt
|faint|p2a: Tomb
|-damage|p1a: beats skelegride|91/100|[from] item: Life Orb
|
|upkeep
|
|t:|1685909726
|switch|p2a: Anti|Corviknight, F|34/100
|-ability|p2a: Anti|Pressure
|turn|22
|
|t:|1685909734
|move|p2a: Anti|Iron Head|p1a: beats skelegride
|-supereffective|p1a: beats skelegride
|-damage|p1a: beats skelegride|46/100
|move|p1a: beats skelegride|Moonblast|p2a: Anti
|-resisted|p2a: Anti
|-damage|p2a: Anti|8/100
|-unboost|p2a: Anti|spa|1
|-damage|p1a: beats skelegride|36/100|[from] item: Life Orb
|
|-heal|p2a: Anti|14/100|[from] item: Leftovers
|upkeep
|turn|23
|
|t:|1685909746
|move|p2a: Anti|Roost|p2a: Anti
|-heal|p2a: Anti|64/100
|-singleturn|p2a: Anti|move: Roost
|move|p1a: beats skelegride|Earth Power|p2a: Anti
|-supereffective|p2a: Anti
|-damage|p2a: Anti|0 fnt
|faint|p2a: Anti
|-damage|p1a: beats skelegride|26/100|[from] item: Life Orb
|
|win|gloriousplay
|raw|gloriousplay's rating: 1180 → 1209(+29 for winning)
|raw|feltsies's rating: 1243 → 1214(-29 for losing)
|c|☆gloriousplay|gg
