|j|☆0.7Flower
|j|☆Noah Aloha
|t:|1685912016
|gametype|singles
|player|p1|0.7Flower|lillie-masters|1827
|player|p2|Noah Aloha|backersf|1971
|teamsize|p1|6
|teamsize|p2|6
|gen|9
|tier|[Gen 9] OU
|rated|
|rule|Sleep Clause Mod: Limit one foe put to sleep
|rule|Species Clause: Limit one of each Pokémon
|rule|OHKO Clause: OHKO moves are banned
|rule|Evasion Items Clause: Evasion items are banned
|rule|Evasion Moves Clause: Evasion moves are banned
|rule|Endless Battle Clause: Forcing endless battles is banned
|rule|HP Percentage Mod: HP is shown in percentages
|clearpoke
|poke|p1|Iron Treads|
|poke|p1|Volcarona, M|
|poke|p1|Iron Valiant|
|poke|p1|Kingambit, M|
|poke|p1|Rotom-Wash|
|poke|p1|Baxcalibur, M|
|poke|p2|Lilligant-Hisui, F|
|poke|p2|Magearna|
|poke|p2|Ursaluna, M|
|poke|p2|Baxcalibur, M|
|poke|p2|Skeledirge, M|
|poke|p2|Tornadus-Therian, M|
|teampreview
|j| pichilon
|
|t:|1685912027
|start
|switch|p1a: Iron Treads|Iron Treads|100/100
|switch|p2a: Lilligant|Lilligant-Hisui, F|100/100
|-enditem|p1a: Iron Treads|Booster Energy
|-activate|p1a: Iron Treads|ability: Quark Drive|[fromitem]
|-start|p1a: Iron Treads|quarkdrivespe
|turn|1
|
|t:|1685912029
|move|p1a: Iron Treads|Stealth Rock|p2a: Lilligant
|-sidestart|p2: Noah Aloha|move: Stealth Rock
|move|p2a: Lilligant|Victory Dance|p2a: Lilligant
|-boost|p2a: Lilligant|atk|1
|-boost|p2a: Lilligant|def|1
|-boost|p2a: Lilligant|spe|1
|
|upkeep
|turn|2
|j| dontknowhatamdoing
|
|t:|1685912039
|move|p2a: Lilligant|Victory Dance|p2a: Lilligant
|-boost|p2a: Lilligant|atk|1
|-boost|p2a: Lilligant|def|1
|-boost|p2a: Lilligant|spe|1
|move|p1a: Iron Treads|Steel Beam|p2a: Lilligant
|-damage|p2a: Lilligant|14/100
|-damage|p1a: Iron Treads|50/100|[from] steelbeam
|
|-heal|p2a: Lilligant|20/100|[from] item: Leftovers
|upkeep
|turn|3
|
|t:|1685912046
|move|p2a: Lilligant|Close Combat|p1a: Iron Treads
|-supereffective|p1a: Iron Treads
|-damage|p1a: Iron Treads|0 fnt
|-unboost|p2a: Lilligant|def|1
|-unboost|p2a: Lilligant|spd|1
|faint|p1a: Iron Treads
|-end|p1a: Iron Treads|Quark Drive|[silent]
|
|-heal|p2a: Lilligant|26/100|[from] item: Leftovers
|upkeep
|
|t:|1685912049
|switch|p1a: Baxcalibur|Baxcalibur, M|100/100
|turn|4
|j| QiYu5
|j| Kyurem
|
|t:|1685912056
|switch|p2a: Magearna|Magearna|100/100
|-damage|p2a: Magearna|94/100|[from] Stealth Rock
|move|p1a: Baxcalibur|Ice Shard|p2a: Magearna
|-resisted|p2a: Magearna
|-damage|p2a: Magearna|84/100
|
|upkeep
|turn|5
|
|t:|1685912063
|switch|p1a: Volcarona|Volcarona, M|100/100
|move|p2a: Magearna|Trick Room|p2a: Magearna
|-fieldstart|move: Trick Room|[of] p2a: Magearna
|
|upkeep
|turn|6
|
|t:|1685912066
|move|p2a: Magearna|Volt Switch|p1a: Volcarona
|-damage|p1a: Volcarona|73/100
|
|t:|1685912068
|switch|p2a: Ursaluna|Ursaluna, M|100/100|[from] Volt Switch
|-damage|p2a: Ursaluna|94/100|[from] Stealth Rock
|move|p1a: Volcarona|Flamethrower|p2a: Ursaluna
|-damage|p2a: Ursaluna|49/100
|
|-status|p2a: Ursaluna|brn|[from] item: Flame Orb
|upkeep
|turn|7
|j| the eminence
|j| AxCypher
|j| tapu moxo
|
|t:|1685912082
|switch|p1a: Rotom|Rotom-Wash|100/100
|move|p2a: Ursaluna|Headlong Rush|p1a: Rotom
|-immune|p1a: Rotom|[from] ability: Levitate
|
|-damage|p2a: Ursaluna|43/100 brn|[from] brn
|upkeep
|turn|8
|
|t:|1685912088
|move|p2a: Ursaluna|Facade|p1a: Rotom
|-damage|p1a: Rotom|0 fnt
|faint|p1a: Rotom
|
|-damage|p2a: Ursaluna|37/100 brn|[from] brn
|upkeep
|
|t:|1685912091
|switch|p1a: Kingambit|Kingambit, M|100/100
|-activate|p1a: Kingambit|ability: Supreme Overlord
|-start|p1a: Kingambit|fallen2|[silent]
|turn|9
|
|t:|1685912094
|move|p1a: Kingambit|Sucker Punch|p2a: Ursaluna
|-damage|p2a: Ursaluna|0 fnt
|faint|p2a: Ursaluna
|
|-fieldend|move: Trick Room
|upkeep
|
|t:|1685912099
|switch|p2a: Lilligant|Lilligant-Hisui, F|26/100
|-damage|p2a: Lilligant|20/100|[from] Stealth Rock
|turn|10
|l| the eminence
|
|t:|1685912115
|-end|p1a: Kingambit|fallen2|[silent]
|switch|p1a: Iron Valiant|Iron Valiant|100/100
|-enditem|p1a: Iron Valiant|Booster Energy
|-activate|p1a: Iron Valiant|ability: Quark Drive|[fromitem]
|-start|p1a: Iron Valiant|quarkdrivespe
|move|p2a: Lilligant|Sleep Powder|p1a: Iron Valiant|[miss]
|-miss|p2a: Lilligant|p1a: Iron Valiant
|
|-heal|p2a: Lilligant|26/100|[from] item: Leftovers
|upkeep
|turn|11
|
|t:|1685912124
|move|p1a: Iron Valiant|Close Combat|p2a: Lilligant
|-damage|p2a: Lilligant|0 fnt
|-unboost|p1a: Iron Valiant|def|1
|-unboost|p1a: Iron Valiant|spd|1
|faint|p2a: Lilligant
|
|upkeep
|j| SOCIETY ESCAPE
|j| vhes
|j| SoulDewRegice
|
|t:|1685912134
|switch|p2a: Magearna|Magearna|84/100
|-damage|p2a: Magearna|78/100|[from] Stealth Rock
|turn|12
|
|t:|1685912139
|-end|p1a: Iron Valiant|Quark Drive|[silent]
|switch|p1a: Volcarona|Volcarona, M|73/100
|move|p2a: Magearna|Fleur Cannon|p1a: Volcarona
|-resisted|p1a: Volcarona
|-damage|p1a: Volcarona|36/100
|-unboost|p2a: Magearna|spa|2
|-enditem|p2a: Magearna|Eject Pack
|l| vhes
|
|t:|1685912144
|switch|p2a: Tornadus|Tornadus-Therian, M|100/100
|
|upkeep
|turn|13
|j| the eminence
|
|t:|1685912147
|move|p2a: Tornadus|Bleakwind Storm|p1a: Volcarona
|-supereffective|p1a: Volcarona
|-damage|p1a: Volcarona|0 fnt
|faint|p1a: Volcarona
|
|upkeep
|l| the eminence
|
|t:|1685912162
|switch|p1a: Kingambit|Kingambit, M|100/100
|-activate|p1a: Kingambit|ability: Supreme Overlord
|-start|p1a: Kingambit|fallen3|[silent]
|turn|14
|
|t:|1685912174
|move|p2a: Tornadus|Heat Wave|p1a: Kingambit
|-supereffective|p1a: Kingambit
|-damage|p1a: Kingambit|30/100
|move|p1a: Kingambit|Swords Dance|p1a: Kingambit
|-boost|p1a: Kingambit|atk|2
|
|upkeep
|turn|15
|
|t:|1685912179
|move|p1a: Kingambit|Sucker Punch||[still]
|-fail|p1a: Kingambit
|move|p2a: Tornadus|Nasty Plot|p2a: Tornadus
|-boost|p2a: Tornadus|spa|2
|
|upkeep
|turn|16
|
|t:|1685912182
|move|p1a: Kingambit|Sucker Punch|p2a: Tornadus
|-damage|p2a: Tornadus|0 fnt
|faint|p2a: Tornadus
|
|upkeep
|
|t:|1685912184
|switch|p2a: Magearna|Magearna|78/100
|-damage|p2a: Magearna|72/100|[from] Stealth Rock
|turn|17
|
|t:|1685912192
|move|p1a: Kingambit|Low Kick|p2a: Magearna
|-damage|p2a: Magearna|10/100
|move|p2a: Magearna|Fleur Cannon|p1a: Kingambit
|-damage|p1a: Kingambit|0 fnt
|-unboost|p2a: Magearna|spa|2
|faint|p1a: Kingambit
|-ability|p2a: Magearna|Soul-Heart|boost
|-boost|p2a: Magearna|spa|1
|-end|p1a: Kingambit|fallen3|[silent]
|
|upkeep
|
|t:|1685912206
|switch|p1a: Baxcalibur|Baxcalibur, M|100/100
|turn|18
|
|t:|1685912209
|move|p1a: Baxcalibur|Earthquake|p2a: Magearna
|-supereffective|p2a: Magearna
|-damage|p2a: Magearna|0 fnt
|faint|p2a: Magearna
|
|upkeep
|
|t:|1685912218
|switch|p2a: Baxcalibur|Baxcalibur, M|100/100
|-damage|p2a: Baxcalibur|76/100|[from] Stealth Rock
|turn|19
|
|t:|1685912227
|-terastallize|p2a: Baxcalibur|Fairy
|-terastallize|p1a: Baxcalibur|Steel
|move|p2a: Baxcalibur|Dragon Dance|p2a: Baxcalibur
|-boost|p2a: Baxcalibur|atk|1
|-boost|p2a: Baxcalibur|spe|1
|move|p1a: Baxcalibur|Icicle Spear|p2a: Baxcalibur
|-damage|p2a: Baxcalibur|60/100
|-damage|p2a: Baxcalibur|44/100
|-damage|p2a: Baxcalibur|30/100
|-damage|p2a: Baxcalibur|16/100
|-damage|p2a: Baxcalibur|1/100
|-hitcount|p2a: Baxcalibur|5
|
|upkeep
|turn|20
|
|t:|1685912236
|move|p1a: Baxcalibur|Ice Shard|p2a: Baxcalibur
|-damage|p2a: Baxcalibur|0 fnt
|faint|p2a: Baxcalibur
|
|upkeep
|
|t:|1685912238
|switch|p2a: Skeledirge|Skeledirge, M|100/100
|turn|21
|
|t:|1685912241
|move|p1a: Baxcalibur|Earthquake|p2a: Skeledirge
|-supereffective|p2a: Skeledirge
|-damage|p2a: Skeledirge|31/100
|move|p2a: Skeledirge|Torch Song|p1a: Baxcalibur
|-supereffective|p1a: Baxcalibur
|-damage|p1a: Baxcalibur|46/100
|-boost|p2a: Skeledirge|spa|1
|-ability|p1a: Baxcalibur|Thermal Exchange|boost
|-boost|p1a: Baxcalibur|atk|1
|
|upkeep
|turn|22
|
|t:|1685912243
|move|p1a: Baxcalibur|Earthquake|p2a: Skeledirge
|-supereffective|p2a: Skeledirge
|-damage|p2a: Skeledirge|0 fnt
|faint|p2a: Skeledirge
|
|win|0.7Flower
|raw|0.7Flower's rating: 1827 → 1855(+28 for winning)
|raw|Noah Aloha's rating: 1971 → 1943(-28 for losing)
|l|☆Noah Aloha
|l|☆0.7Flower
|l| pichilon
|l| dontknowhatamdoing
|l| SoulDewRegice
|j|☆0.7Flower
|player|p1|0.7Flower|lillie-masters
