|j|☆Adastran
|j|☆ianlazerbeem
|t:|1685841199
|gametype|singles
|player|p1|Adastran|boarder|1286
|player|p2|ianlazerbeem|266|1348
|teamsize|p1|6
|teamsize|p2|6
|gen|9
|tier|[Gen 9] OU
|rated|
|rule|Sleep Clause Mod: Limit one foe put to sleep
|rule|Species Clause: Limit one of each Pokémon
|rule|OHKO Clause: OHKO moves are banned
|rule|Evasion Items Clause: Evasion items are banned
|rule|Evasion Moves Clause: Evasion moves are banned
|rule|Endless Battle Clause: Forcing endless battles is banned
|rule|HP Percentage Mod: HP is shown in percentages
|clearpoke
|poke|p1|Ursaluna, M|
|poke|p1|Clodsire, F|
|poke|p1|Sneasler, F|
|poke|p1|Meowscarada, M|
|poke|p1|Zoroark-Hisui, F|
|poke|p1|Avalugg-Hisui, F|
|poke|p2|Magearna|
|poke|p2|Gholdengo|
|poke|p2|Garganacl, F|
|poke|p2|Urshifu-*, M|
|poke|p2|Volcarona, M|
|poke|p2|Landorus-Therian, M|
|teampreview
|
|t:|1685841235
|start
|switch|p1a: X-23|Sneasler, F|100/100
|switch|p2a: Volcarona|Volcarona, M|100/100
|turn|1
|
|t:|1685841245
|move|p1a: X-23|Dire Claw|p2a: Volcarona
|-damage|p2a: Volcarona|47/100
|move|p2a: Volcarona|Will-O-Wisp|p1a: X-23
|-status|p1a: X-23|brn
|
|-damage|p1a: X-23|95/100 brn|[from] brn
|upkeep
|turn|2
|
|t:|1685841255
|move|p1a: X-23|Dire Claw|p2a: Volcarona
|-damage|p2a: Volcarona|21/100
|-status|p2a: Volcarona|par
|move|p2a: Volcarona|Morning Sun|p2a: Volcarona
|-heal|p2a: Volcarona|71/100 par
|
|-damage|p1a: X-23|89/100 brn|[from] brn
|upkeep
|turn|3
|
|t:|1685841268
|switch|p1a: Kodiak|Ursaluna, M|100/100
|switch|p2a: Garganacl|Garganacl, F|100/100
|
|-status|p1a: Kodiak|brn|[from] item: Flame Orb
|upkeep
|turn|4
|
|t:|1685841284
|-terastallize|p2a: Garganacl|Water
|move|p1a: Kodiak|Headlong Rush|p2a: Garganacl
|-damage|p2a: Garganacl|41/100
|-unboost|p1a: Kodiak|def|1
|-unboost|p1a: Kodiak|spd|1
|move|p2a: Garganacl|Salt Cure|p1a: Kodiak
|-resisted|p1a: Kodiak
|-damage|p1a: Kodiak|93/100 brn
|-start|p1a: Kodiak|Salt Cure
|
|-heal|p2a: Garganacl|47/100|[from] item: Leftovers
|-damage|p1a: Kodiak|87/100 brn|[from] brn
|-damage|p1a: Kodiak|75/100 brn|[from] Salt Cure
|upkeep
|turn|5
|
|t:|1685841300
|switch|p2a: Gholdengo|Gholdengo|100/100
|-item|p2a: Gholdengo|Air Balloon
|move|p1a: Kodiak|Facade|p2a: Gholdengo
|-immune|p2a: Gholdengo
|
|-damage|p1a: Kodiak|69/100 brn|[from] brn
|-damage|p1a: Kodiak|56/100 brn|[from] Salt Cure
|upkeep
|turn|6
|
|t:|1685841316
|switch|p2a: Landorus|Landorus-Therian, M|100/100
|-ability|p2a: Landorus|Intimidate|boost
|-unboost|p1a: Kodiak|atk|1
|switch|p1a: Mudbud|Clodsire, F|100/100
|
|upkeep
|turn|7
|
|t:|1685841324
|switch|p1a: Berga|Avalugg-Hisui, F, shiny|100/100
|move|p2a: Landorus|Stealth Rock|p1a: Berga
|-sidestart|p1: Adastran|move: Stealth Rock
|
|upkeep
|turn|8
|
|t:|1685841333
|-terastallize|p1a: Berga|Flying
|move|p2a: Landorus|U-turn|p1a: Berga
|-resisted|p1a: Berga
|-damage|p1a: Berga|96/100
|-damage|p2a: Landorus|84/100|[from] item: Rocky Helmet|[of] p1a: Berga
|
|t:|1685841344
|switch|p2a: Garganacl|Garganacl, F, tera:Water|47/100|[from] U-turn
|move|p1a: Berga|Stealth Rock|p2a: Garganacl
|-sidestart|p2: ianlazerbeem|move: Stealth Rock
|
|-heal|p2a: Garganacl|53/100|[from] item: Leftovers
|upkeep
|turn|9
|
|t:|1685841358
|move|p1a: Berga|Rapid Spin|p2a: Garganacl
|-damage|p2a: Garganacl|46/100
|-boost|p1a: Berga|spe|1
|-sideend|p1: Adastran|Stealth Rock|[from] move: Rapid Spin|[of] p1a: Berga
|move|p2a: Garganacl|Recover|p2a: Garganacl
|-heal|p2a: Garganacl|96/100
|
|-heal|p2a: Garganacl|100/100|[from] item: Leftovers
|upkeep
|turn|10
|
|t:|1685841376
|switch|p1a: Kodiak|Ursaluna, M|56/100 brn
|move|p2a: Garganacl|Salt Cure|p1a: Kodiak
|-resisted|p1a: Kodiak
|-damage|p1a: Kodiak|51/100 brn
|-start|p1a: Kodiak|Salt Cure
|
|-damage|p1a: Kodiak|45/100 brn|[from] brn
|-damage|p1a: Kodiak|33/100 brn|[from] Salt Cure
|upkeep
|turn|11
|
|t:|1685841393
|switch|p2a: Gholdengo|Gholdengo|100/100
|-damage|p2a: Gholdengo|94/100|[from] Stealth Rock
|-item|p2a: Gholdengo|Air Balloon
|move|p1a: Kodiak|Drain Punch|p2a: Gholdengo
|-immune|p2a: Gholdengo
|
|-damage|p1a: Kodiak|27/100 brn|[from] brn
|-damage|p1a: Kodiak|14/100 brn|[from] Salt Cure
|upkeep
|turn|12
|
|t:|1685841407
|move|p2a: Gholdengo|Nasty Plot|p2a: Gholdengo
|-boost|p2a: Gholdengo|spa|2
|move|p1a: Kodiak|Drain Punch|p2a: Gholdengo
|-immune|p2a: Gholdengo
|
|-damage|p1a: Kodiak|8/100 brn|[from] brn
|-damage|p1a: Kodiak|0 fnt|[from] Salt Cure
|faint|p1a: Kodiak
|upkeep
|
|t:|1685841409
|switch|p1a: Mudbud|Clodsire, F|100/100
|turn|13
|
|t:|1685841427
|switch|p1a: X-23|Sneasler, F|89/100 brn
|move|p2a: Gholdengo|Hex|p1a: X-23
|-damage|p1a: X-23|0 fnt
|faint|p1a: X-23
|
|upkeep
|
|t:|1685841429
|switch|p1a: Mudbud|Clodsire, F|100/100
|turn|14
|
|t:|1685841437
|move|p1a: Mudbud|Shadow Ball|p2a: Gholdengo
|-supereffective|p2a: Gholdengo
|-damage|p2a: Gholdengo|0 fnt
|-enditem|p2a: Gholdengo|Air Balloon
|faint|p2a: Gholdengo
|-damage|p1a: Mudbud|91/100|[from] item: Life Orb
|
|upkeep
|
|t:|1685841458
|switch|p2a: Magearna|Magearna|100/100
|-damage|p2a: Magearna|94/100|[from] Stealth Rock
|turn|15
|
|t:|1685841462
|switch|p1a: Mudbud|Clodsire, F|100/100
|move|p2a: Magearna|Spikes|p1a: Mudbud
|-sidestart|p1: Adastran|Spikes
|
|-heal|p2a: Magearna|100/100|[from] item: Leftovers
|upkeep
|turn|16
|
|t:|1685841472
|switch|p2a: Garganacl|Garganacl, F, tera:Water|100/100
|-damage|p2a: Garganacl|88/100|[from] Stealth Rock
|move|p1a: Mudbud|Earthquake|p2a: Garganacl
|-damage|p2a: Garganacl|73/100
|
|-heal|p2a: Garganacl|79/100|[from] item: Leftovers
|upkeep
|turn|17
|
|t:|1685841488
|switch|p1a: Hisoka|Meowscarada, M|100/100
|-damage|p1a: Hisoka|88/100|[from] Spikes
|move|p2a: Garganacl|Salt Cure|p1a: Hisoka
|-damage|p1a: Hisoka|65/100
|-start|p1a: Hisoka|Salt Cure
|
|-heal|p2a: Garganacl|86/100|[from] item: Leftovers
|-damage|p1a: Hisoka|52/100|[from] Salt Cure
|upkeep
|turn|18
|
|t:|1685841500
|switch|p2a: Volcarona|Volcarona, M|71/100 par
|move|p1a: Hisoka|U-turn|p2a: Volcarona
|-start|p1a: Hisoka|typechange|Bug|[from] ability: Protean
|-resisted|p2a: Volcarona
|-damage|p2a: Volcarona|43/100 par
|
|t:|1685841513
|switch|p1a: Hisoka|Meowscarada, M|91/100|[from] U-turn
|-damage|p1a: Hisoka|78/100|[from] Spikes
|
|upkeep
|turn|19
|
|t:|1685841529
|switch|p2a: Magearna|Magearna|100/100
|-damage|p2a: Magearna|94/100|[from] Stealth Rock
|move|p1a: Hisoka|Shadow Ball|p2a: Magearna
|-damage|p2a: Magearna|51/100
|-unboost|p2a: Magearna|spd|1
|-damage|p1a: Hisoka|68/100|[from] item: Life Orb
|
|-heal|p2a: Magearna|57/100|[from] item: Leftovers
|upkeep
|turn|20
|
|t:|1685841543
|move|p1a: Hisoka|Shadow Ball|p2a: Magearna
|-damage|p2a: Magearna|0 fnt
|faint|p2a: Magearna
|-damage|p1a: Hisoka|58/100|[from] item: Life Orb
|
|upkeep
|
|t:|1685841552
|switch|p2a: Landorus|Landorus-Therian, M|84/100
|-damage|p2a: Landorus|72/100|[from] Stealth Rock
|-ability|p2a: Landorus|Intimidate|boost
|-unboost|p1a: Hisoka|atk|1
|turn|21
|
|t:|1685841558
|switch|p1a: Berga|Avalugg-Hisui, F, shiny, tera:Flying|96/100
|move|p2a: Landorus|Earthquake|p1a: Berga
|-immune|p1a: Berga
|
|upkeep
|turn|22
|
|t:|1685841571
|move|p2a: Landorus|U-turn|p1a: Berga
|-resisted|p1a: Berga
|-damage|p1a: Berga|91/100
|-damage|p2a: Landorus|55/100|[from] item: Rocky Helmet|[of] p1a: Berga
|
|t:|1685841575
|switch|p2a: Garganacl|Garganacl, F, tera:Water|86/100|[from] U-turn
|-damage|p2a: Garganacl|73/100|[from] Stealth Rock
|move|p1a: Berga|Rapid Spin|p2a: Garganacl
|-damage|p2a: Garganacl|66/100
|-boost|p1a: Berga|spe|1
|-sideend|p1: Adastran|Spikes|[from] move: Rapid Spin|[of] p1a: Berga
|
|-heal|p2a: Garganacl|72/100|[from] item: Leftovers
|upkeep
|turn|23
|
|t:|1685841604
|move|p1a: Berga|Ice Fang|p2a: Garganacl
|-resisted|p2a: Garganacl
|-damage|p2a: Garganacl|60/100
|move|p2a: Garganacl|Salt Cure|p1a: Berga
|-supereffective|p1a: Berga
|-damage|p1a: Berga|80/100
|-start|p1a: Berga|Salt Cure
|
|-heal|p2a: Garganacl|67/100|[from] item: Leftovers
|-damage|p1a: Berga|68/100|[from] Salt Cure
|upkeep
|turn|24
|
|t:|1685841620
|switch|p1a: Hisoka|Meowscarada, M|52/100
|move|p2a: Garganacl|Salt Cure|p1a: Hisoka
|-damage|p1a: Hisoka|31/100
|-start|p1a: Hisoka|Salt Cure
|
|-heal|p2a: Garganacl|73/100|[from] item: Leftovers
|-damage|p1a: Hisoka|18/100|[from] Salt Cure
|upkeep
|turn|25
|
|t:|1685841636
|switch|p2a: Volcarona|Volcarona, M|43/100 par
|move|p1a: Hisoka|Flower Trick|p2a: Volcarona
|-start|p1a: Hisoka|typechange|Grass|[from] ability: Protean
|-resisted|p2a: Volcarona
|-crit|p2a: Volcarona
|-damage|p2a: Volcarona|21/100 par
|
|-damage|p1a: Hisoka|6/100|[from] Salt Cure
|upkeep
|turn|26
|
|t:|1685841648
|switch|p1a: Mudbud|Clodsire, F|100/100
|move|p2a: Volcarona|Morning Sun|p2a: Volcarona
|-heal|p2a: Volcarona|71/100 par
|
|upkeep
|turn|27
|
|t:|1685841657
|move|p2a: Volcarona|Will-O-Wisp|p1a: Mudbud
|-status|p1a: Mudbud|brn
|move|p1a: Mudbud|Earthquake|p2a: Volcarona
|-damage|p2a: Volcarona|57/100 par
|
|-damage|p1a: Mudbud|94/100 brn|[from] brn
|upkeep
|turn|28
|
|t:|1685841674
|move|p2a: Volcarona|Morning Sun|p2a: Volcarona
|-heal|p2a: Volcarona|100/100 par
|move|p1a: Mudbud|Earthquake|p2a: Volcarona
|-damage|p2a: Volcarona|86/100 par
|
|-heal|p1a: Mudbud|100/100 brn|[from] item: Black Sludge
|-damage|p1a: Mudbud|94/100 brn|[from] brn
|upkeep
|turn|29
|
|t:|1685841687
|switch|p2a: Landorus|Landorus-Therian, M|55/100
|-damage|p2a: Landorus|43/100|[from] Stealth Rock
|-ability|p2a: Landorus|Intimidate|boost
|-unboost|p1a: Mudbud|atk|1
|move|p1a: Mudbud|Earthquake|p2a: Landorus
|-immune|p2a: Landorus
|
|-heal|p1a: Mudbud|100/100 brn|[from] item: Black Sludge
|-damage|p1a: Mudbud|94/100 brn|[from] brn
|upkeep
|turn|30
|
|t:|1685841699
|move|p2a: Landorus|U-turn|p1a: Mudbud
|-resisted|p1a: Mudbud
|-damage|p1a: Mudbud|83/100 brn
|
|t:|1685841707
|switch|p2a: Garganacl|Garganacl, F, tera:Water|73/100|[from] U-turn
|-damage|p2a: Garganacl|60/100|[from] Stealth Rock
|move|p1a: Mudbud|Toxic|p2a: Garganacl
|-immune|p2a: Garganacl|[from] ability: Purifying Salt
|
|-heal|p2a: Garganacl|67/100|[from] item: Leftovers
|-heal|p1a: Mudbud|89/100 brn|[from] item: Black Sludge
|-damage|p1a: Mudbud|83/100 brn|[from] brn
|upkeep
|turn|31
|
|t:|1685841729
|move|p2a: Garganacl|Salt Cure|p1a: Mudbud
|-resisted|p1a: Mudbud
|-damage|p1a: Mudbud|75/100 brn
|-start|p1a: Mudbud|Salt Cure
|move|p1a: Mudbud|Earthquake|p2a: Garganacl
|-damage|p2a: Garganacl|61/100
|
|-heal|p2a: Garganacl|68/100|[from] item: Leftovers
|-heal|p1a: Mudbud|81/100 brn|[from] item: Black Sludge
|-damage|p1a: Mudbud|75/100 brn|[from] brn
|-damage|p1a: Mudbud|63/100 brn|[from] Salt Cure
|upkeep
|turn|32
|
|t:|1685841745
|move|p1a: Mudbud|Protect|p1a: Mudbud
|-singleturn|p1a: Mudbud|Protect
|move|p2a: Garganacl|Earthquake|p1a: Mudbud
|-activate|p1a: Mudbud|move: Protect
|
|-heal|p2a: Garganacl|74/100|[from] item: Leftovers
|-heal|p1a: Mudbud|69/100 brn|[from] item: Black Sludge
|-damage|p1a: Mudbud|63/100 brn|[from] brn
|-damage|p1a: Mudbud|50/100 brn|[from] Salt Cure
|upkeep
|turn|33
|
|t:|1685841759
|switch|p2a: Urshifu|Urshifu-Rapid-Strike, M|100/100
|-damage|p2a: Urshifu|94/100|[from] Stealth Rock
|move|p1a: Mudbud|Recover|p1a: Mudbud
|-heal|p1a: Mudbud|100/100 brn
|
|-damage|p1a: Mudbud|94/100 brn|[from] brn
|-damage|p1a: Mudbud|82/100 brn|[from] Salt Cure
|upkeep
|turn|34
|
|t:|1685841770
|switch|p1a: Berga|Avalugg-Hisui, F, shiny, tera:Flying|68/100
|move|p2a: Urshifu|Surging Strikes|p1a: Berga
|-crit|p1a: Berga
|-damage|p1a: Berga|57/100
|-damage|p2a: Urshifu|78/100|[from] item: Rocky Helmet|[of] p1a: Berga
|-crit|p1a: Berga
|-damage|p1a: Berga|43/100
|-damage|p2a: Urshifu|61/100|[from] item: Rocky Helmet|[of] p1a: Berga
|-crit|p1a: Berga
|-damage|p1a: Berga|30/100
|-damage|p2a: Urshifu|45/100|[from] item: Rocky Helmet|[of] p1a: Berga
|-hitcount|p1a: Berga|3
|
|upkeep
|turn|35
|
|t:|1685841790
|switch|p2a: Landorus|Landorus-Therian, M|43/100
|-damage|p2a: Landorus|31/100|[from] Stealth Rock
|-ability|p2a: Landorus|Intimidate|boost
|-unboost|p1a: Berga|atk|1
|move|p1a: Berga|Recover|p1a: Berga
|-heal|p1a: Berga|80/100
|
|upkeep
|turn|36
|
|t:|1685841800
|move|p2a: Landorus|Taunt|p1a: Berga
|-start|p1a: Berga|move: Taunt
|move|p1a: Berga|Ice Fang|p2a: Landorus
|-supereffective|p2a: Landorus
|-damage|p2a: Landorus|0 fnt
|-damage|p1a: Berga|63/100|[from] item: Rocky Helmet|[of] p2a: Landorus
|faint|p2a: Landorus
|
|upkeep
|
|t:|1685841811
|switch|p2a: Volcarona|Volcarona, M|86/100 par
|turn|37
|
|t:|1685841815
|switch|p1a: Mudbud|Clodsire, F|82/100 brn
|cant|p2a: Volcarona|par
|
|-heal|p1a: Mudbud|88/100 brn|[from] item: Black Sludge
|-damage|p1a: Mudbud|82/100 brn|[from] brn
|upkeep
|turn|38
|
|t:|1685841827
|switch|p2a: Garganacl|Garganacl, F, tera:Water|74/100
|-damage|p2a: Garganacl|61/100|[from] Stealth Rock
|move|p1a: Mudbud|Earthquake|p2a: Garganacl
|-damage|p2a: Garganacl|54/100
|
|-heal|p2a: Garganacl|60/100|[from] item: Leftovers
|-heal|p1a: Mudbud|88/100 brn|[from] item: Black Sludge
|-damage|p1a: Mudbud|82/100 brn|[from] brn
|upkeep
|turn|39
|
|t:|1685841839
|move|p2a: Garganacl|Salt Cure|p1a: Mudbud
|-resisted|p1a: Mudbud
|-damage|p1a: Mudbud|75/100 brn
|-start|p1a: Mudbud|Salt Cure
|move|p1a: Mudbud|Earthquake|p2a: Garganacl
|-damage|p2a: Garganacl|52/100
|
|-heal|p2a: Garganacl|59/100|[from] item: Leftovers
|-heal|p1a: Mudbud|81/100 brn|[from] item: Black Sludge
|-damage|p1a: Mudbud|75/100 brn|[from] brn
|-damage|p1a: Mudbud|63/100 brn|[from] Salt Cure
|upkeep
|turn|40
|
|t:|1685841852
|move|p1a: Mudbud|Protect|p1a: Mudbud
|-singleturn|p1a: Mudbud|Protect
|move|p2a: Garganacl|Recover|p2a: Garganacl
|-heal|p2a: Garganacl|100/100
|
|-heal|p1a: Mudbud|69/100 brn|[from] item: Black Sludge
|-damage|p1a: Mudbud|63/100 brn|[from] brn
|-damage|p1a: Mudbud|50/100 brn|[from] Salt Cure
|upkeep
|turn|41
|
|t:|1685841863
|switch|p1a: Berga|Avalugg-Hisui, F, shiny, tera:Flying|63/100
|move|p2a: Garganacl|Earthquake|p1a: Berga
|-immune|p1a: Berga
|
|upkeep
|turn|42
|
|t:|1685841879
|move|p1a: Berga|Ice Fang|p2a: Garganacl
|-resisted|p2a: Garganacl
|-damage|p2a: Garganacl|89/100
|move|p2a: Garganacl|Salt Cure|p1a: Berga
|-supereffective|p1a: Berga
|-damage|p1a: Berga|51/100
|-start|p1a: Berga|Salt Cure
|
|-heal|p2a: Garganacl|96/100|[from] item: Leftovers
|-damage|p1a: Berga|39/100|[from] Salt Cure
|upkeep
|turn|43
|
|t:|1685841891
|move|p1a: Berga|Recover|p1a: Berga
|-heal|p1a: Berga|89/100
|move|p2a: Garganacl|Curse|p2a: Garganacl
|-unboost|p2a: Garganacl|spe|1
|-boost|p2a: Garganacl|atk|1
|-boost|p2a: Garganacl|def|1
|
|-heal|p2a: Garganacl|100/100|[from] item: Leftovers
|-damage|p1a: Berga|76/100|[from] Salt Cure
|upkeep
|turn|44
|
|t:|1685841904
|switch|p1a: Mudbud|Clodsire, F|50/100 brn
|move|p2a: Garganacl|Salt Cure|p1a: Mudbud
|-resisted|p1a: Mudbud
|-damage|p1a: Mudbud|42/100 brn
|-start|p1a: Mudbud|Salt Cure
|
|-heal|p1a: Mudbud|48/100 brn|[from] item: Black Sludge
|-damage|p1a: Mudbud|42/100 brn|[from] brn
|-damage|p1a: Mudbud|30/100 brn|[from] Salt Cure
|upkeep
|turn|45
|
|t:|1685841918
|move|p1a: Mudbud|Recover|p1a: Mudbud
|-heal|p1a: Mudbud|80/100 brn
|move|p2a: Garganacl|Earthquake|p1a: Mudbud
|-supereffective|p1a: Mudbud
|-damage|p1a: Mudbud|32/100 brn
|
|-heal|p1a: Mudbud|38/100 brn|[from] item: Black Sludge
|-damage|p1a: Mudbud|32/100 brn|[from] brn
|-damage|p1a: Mudbud|19/100 brn|[from] Salt Cure
|upkeep
|turn|46
|
|t:|1685841933
|move|p1a: Mudbud|Protect|p1a: Mudbud
|-singleturn|p1a: Mudbud|Protect
|move|p2a: Garganacl|Curse|p2a: Garganacl
|-unboost|p2a: Garganacl|spe|1
|-boost|p2a: Garganacl|atk|1
|-boost|p2a: Garganacl|def|1
|
|-heal|p1a: Mudbud|25/100 brn|[from] item: Black Sludge
|-damage|p1a: Mudbud|19/100 brn|[from] brn
|-damage|p1a: Mudbud|7/100 brn|[from] Salt Cure
|upkeep
|turn|47
|
|t:|1685841944
|move|p1a: Mudbud|Recover|p1a: Mudbud
|-heal|p1a: Mudbud|57/100 brn
|move|p2a: Garganacl|Earthquake|p1a: Mudbud
|-supereffective|p1a: Mudbud
|-damage|p1a: Mudbud|3/100 brn
|
|-heal|p1a: Mudbud|9/100 brn|[from] item: Black Sludge
|-damage|p1a: Mudbud|3/100 brn|[from] brn
|-damage|p1a: Mudbud|0 fnt|[from] Salt Cure
|faint|p1a: Mudbud
|upkeep
|
|t:|1685841949
|switch|p1a: Hisoka|Meowscarada, M|6/100
|turn|48
|
|t:|1685841972
|switch|p2a: Volcarona|Volcarona, M|86/100 par
|move|p1a: Hisoka|Flower Trick|p2a: Volcarona
|-start|p1a: Hisoka|typechange|Grass|[from] ability: Protean
|-resisted|p2a: Volcarona
|-crit|p2a: Volcarona
|-damage|p2a: Volcarona|67/100 par
|
|upkeep
|turn|49
|
|t:|1685841983
|switch|p1a: Berga|Avalugg-Hisui, F, shiny, tera:Flying|76/100
|move|p2a: Volcarona|Quiver Dance|p2a: Volcarona
|-boost|p2a: Volcarona|spa|1
|-boost|p2a: Volcarona|spd|1
|-boost|p2a: Volcarona|spe|1
|
|upkeep
|turn|50
|
|t:|1685841995
|move|p2a: Volcarona|Will-O-Wisp|p1a: Berga
|-status|p1a: Berga|brn
|move|p1a: Berga|Ice Fang|p2a: Volcarona
|-resisted|p2a: Volcarona
|-damage|p2a: Volcarona|55/100 par
|
|-damage|p1a: Berga|70/100 brn|[from] brn
|upkeep
|turn|51
|
|t:|1685842005
|move|p2a: Volcarona|Morning Sun|p2a: Volcarona
|-heal|p2a: Volcarona|100/100 par
|move|p1a: Berga|Ice Fang|p2a: Volcarona
|-resisted|p2a: Volcarona
|-damage|p2a: Volcarona|89/100 par
|
|-damage|p1a: Berga|64/100 brn|[from] brn
|upkeep
|turn|52
|
|t:|1685842016
|move|p2a: Volcarona|Quiver Dance|p2a: Volcarona
|-boost|p2a: Volcarona|spa|1
|-boost|p2a: Volcarona|spd|1
|-boost|p2a: Volcarona|spe|1
|move|p1a: Berga|Ice Fang|p2a: Volcarona
|-resisted|p2a: Volcarona
|-damage|p2a: Volcarona|77/100 par
|
|-damage|p1a: Berga|58/100 brn|[from] brn
|upkeep
|turn|53
|
|t:|1685842027
|cant|p2a: Volcarona|par
|move|p1a: Berga|Ice Fang|p2a: Volcarona
|-resisted|p2a: Volcarona
|-damage|p2a: Volcarona|66/100 par
|
|-damage|p1a: Berga|52/100 brn|[from] brn
|upkeep
|turn|54
|
|t:|1685842035
|move|p2a: Volcarona|Quiver Dance|p2a: Volcarona
|-boost|p2a: Volcarona|spa|1
|-boost|p2a: Volcarona|spd|1
|-boost|p2a: Volcarona|spe|1
|move|p1a: Berga|Ice Fang|p2a: Volcarona
|-resisted|p2a: Volcarona
|-damage|p2a: Volcarona|54/100 par
|
|-damage|p1a: Berga|46/100 brn|[from] brn
|upkeep
|turn|55
|
|t:|1685842045
|switch|p1a: Hisoka|Meowscarada, M|6/100
|move|p2a: Volcarona|Morning Sun|p2a: Volcarona
|-heal|p2a: Volcarona|100/100 par
|
|upkeep
|turn|56
|
|t:|1685842052
|move|p1a: Hisoka|Knock Off|p2a: Volcarona
|-start|p1a: Hisoka|typechange|Dark|[from] ability: Protean
|-damage|p2a: Volcarona|22/100 par
|-enditem|p2a: Volcarona|Heavy-Duty Boots|[from] move: Knock Off|[of] p1a: Hisoka
|move|p2a: Volcarona|Fiery Dance|p1a: Hisoka
|-damage|p1a: Hisoka|0 fnt
|faint|p1a: Hisoka
|
|upkeep
|
|t:|1685842059
|switch|p1a: Berga|Avalugg-Hisui, F, shiny|58/100
|-start|p1a: Berga|typechange|Flying|[silent]
|turn|57
|
|t:|1685842065
|move|p2a: Volcarona|Morning Sun|p2a: Volcarona
|-heal|p2a: Volcarona|72/100 par
|move|p1a: Berga|Hyper Voice|p2a: Volcarona
|-damage|p2a: Volcarona|52/100 par
|-damage|p1a: Berga|48/100|[from] item: Life Orb
|
|upkeep
|turn|58
|
|t:|1685842079
|move|p2a: Volcarona|Morning Sun|p2a: Volcarona
|-heal|p2a: Volcarona|100/100 par
|move|p1a: Berga|Hyper Voice|p2a: Volcarona
|-damage|p2a: Volcarona|81/100 par
|-damage|p1a: Berga|38/100|[from] item: Life Orb
|
|upkeep
|turn|59
|-message|Adastran forfeited.
|
|win|ianlazerbeem
|raw|Adastran's rating: 1286 → 1265(-21 for losing)
|raw|ianlazerbeem's rating: 1348 → 1364(+16 for winning)
|l|☆Adastran
