|j|☆Ketchup2000
|j|☆jxa8898
|t:|1685845176
|gametype|singles
|player|p1|Ketchup2000|byron|1263
|player|p2|jxa8898|2|1259
|teamsize|p1|6
|teamsize|p2|6
|gen|9
|tier|[Gen 9] OU
|rated|
|rule|Sleep Clause Mod: Limit one foe put to sleep
|rule|Species Clause: Limit one of each Pokémon
|rule|OHKO Clause: OHKO moves are banned
|rule|Evasion Items Clause: Evasion items are banned
|rule|Evasion Moves Clause: Evasion moves are banned
|rule|Endless Battle Clause: Forcing endless battles is banned
|rule|HP Percentage Mod: HP is shown in percentages
|clearpoke
|poke|p1|Sneasler, F|
|poke|p1|Landorus-Therian, M|
|poke|p1|Corviknight, F|
|poke|p1|Great Tusk|
|poke|p1|Braviary-Hisui, M|
|poke|p1|Typhlosion-Hisui, F|
|poke|p2|Samurott-Hisui, M|
|poke|p2|Dragapult, F|
|poke|p2|Sneasler, F|
|poke|p2|Magearna|
|poke|p2|Volcarona, M|
|poke|p2|Zamazenta-*|
|teampreview
|
|t:|1685845186
|start
|switch|p1a: Landorus|Landorus-Therian, M|100/100
|switch|p2a: Sneasler|Sneasler, F|100/100
|-item|p2a: Sneasler|Air Balloon
|-ability|p1a: Landorus|Intimidate|boost
|-unboost|p2a: Sneasler|atk|1
|turn|1
|
|t:|1685845194
|-terastallize|p2a: Sneasler|Flying
|move|p2a: Sneasler|Dire Claw|p1a: Landorus
|-resisted|p1a: Landorus
|-damage|p1a: Landorus|87/100
|-status|p1a: Landorus|psn
|-damage|p2a: Sneasler|84/100|[from] item: Rocky Helmet|[of] p1a: Landorus
|move|p1a: Landorus|Stealth Rock|p2a: Sneasler
|-sidestart|p2: jxa8898|move: Stealth Rock
|
|-damage|p1a: Landorus|75/100 psn|[from] psn
|upkeep
|turn|2
|
|t:|1685845206
|move|p2a: Sneasler|Swords Dance|p2a: Sneasler
|-boost|p2a: Sneasler|atk|2
|move|p1a: Landorus|Tera Blast|p2a: Sneasler
|-damage|p2a: Sneasler|62/100
|-enditem|p2a: Sneasler|Air Balloon
|
|-damage|p1a: Landorus|63/100 psn|[from] psn
|upkeep
|turn|3
|
|t:|1685845216
|move|p2a: Sneasler|Close Combat|p1a: Landorus
|-resisted|p1a: Landorus
|-damage|p1a: Landorus|19/100 psn
|-unboost|p2a: Sneasler|def|1
|-unboost|p2a: Sneasler|spd|1
|-damage|p2a: Sneasler|46/100|[from] item: Rocky Helmet|[of] p1a: Landorus
|move|p1a: Landorus|U-turn|p2a: Sneasler
|-resisted|p2a: Sneasler
|-damage|p2a: Sneasler|17/100
|
|t:|1685845227
|switch|p1a: Corviknight|Corviknight, F|100/100|[from] U-turn
|-ability|p1a: Corviknight|Pressure
|
|upkeep
|turn|4
|
|t:|1685845239
|move|p2a: Sneasler|Acrobatics|p1a: Corviknight
|-resisted|p1a: Corviknight
|-damage|p1a: Corviknight|65/100
|move|p1a: Corviknight|Bulk Up|p1a: Corviknight
|-boost|p1a: Corviknight|atk|1
|-boost|p1a: Corviknight|def|1
|
|upkeep
|turn|5
|
|t:|1685845243
|move|p2a: Sneasler|Acrobatics|p1a: Corviknight
|-resisted|p1a: Corviknight
|-damage|p1a: Corviknight|37/100
|move|p1a: Corviknight|Roost|p1a: Corviknight
|-heal|p1a: Corviknight|87/100
|-singleturn|p1a: Corviknight|move: Roost
|
|upkeep
|turn|6
|
|t:|1685845250
|move|p2a: Sneasler|Swords Dance|p2a: Sneasler
|-boost|p2a: Sneasler|atk|2
|move|p1a: Corviknight|Bulk Up|p1a: Corviknight
|-boost|p1a: Corviknight|atk|1
|-boost|p1a: Corviknight|def|1
|
|upkeep
|turn|7
|
|t:|1685845259
|move|p2a: Sneasler|Acrobatics|p1a: Corviknight
|-resisted|p1a: Corviknight
|-damage|p1a: Corviknight|57/100
|move|p1a: Corviknight|Roost|p1a: Corviknight
|-heal|p1a: Corviknight|100/100
|-singleturn|p1a: Corviknight|move: Roost
|
|upkeep
|turn|8
|
|t:|1685845267
|switch|p2a: Volcarona|Volcarona, M|100/100
|move|p1a: Corviknight|Bulk Up|p1a: Corviknight
|-boost|p1a: Corviknight|atk|1
|-boost|p1a: Corviknight|def|1
|
|upkeep
|turn|9
|
|t:|1685845281
|-terastallize|p1a: Corviknight|Flying
|move|p2a: Volcarona|Fiery Dance|p1a: Corviknight
|-damage|p1a: Corviknight|71/100
|-boost|p2a: Volcarona|spa|1
|move|p1a: Corviknight|Power Trip|p2a: Volcarona
|-damage|p2a: Volcarona|0 fnt
|faint|p2a: Volcarona
|
|upkeep
|
|t:|1685845307
|switch|p2a: Dragapult|Dragapult, F|100/100
|-damage|p2a: Dragapult|88/100|[from] Stealth Rock
|turn|10
|
|t:|1685845314
|move|p2a: Dragapult|Reflect|p2a: Dragapult
|-sidestart|p2: jxa8898|Reflect
|move|p1a: Corviknight|Roost|p1a: Corviknight
|-heal|p1a: Corviknight|100/100
|-hint|If a Flying Terastallized Pokemon uses Roost, it remains Flying-type.
|
|upkeep
|turn|11
|
|t:|1685845322
|move|p2a: Dragapult|Curse|p1a: Corviknight
|-start|p1a: Corviknight|Curse|[of] p2a: Dragapult
|-damage|p2a: Dragapult|38/100
|move|p1a: Corviknight|Agility|p1a: Corviknight
|-boost|p1a: Corviknight|spe|2
|
|-damage|p1a: Corviknight|76/100|[from] Curse
|upkeep
|turn|12
|
|t:|1685845333
|move|p2a: Dragapult|Light Screen|p2a: Dragapult
|-sidestart|p2: jxa8898|move: Light Screen
|move|p1a: Corviknight|Power Trip|p2a: Dragapult
|-supereffective|p2a: Dragapult
|-damage|p2a: Dragapult|0 fnt
|-start|p1a: Corviknight|Disable|Power Trip|[from] ability: Cursed Body|[of] p2a: Dragapult
|faint|p2a: Dragapult
|
|-damage|p1a: Corviknight|51/100|[from] Curse
|upkeep
|
|t:|1685845345
|switch|p2a: Samurott|Samurott-Hisui, M|100/100
|-damage|p2a: Samurott|88/100|[from] Stealth Rock
|turn|13
|
|t:|1685845356
|move|p1a: Corviknight|Roost|p1a: Corviknight
|-heal|p1a: Corviknight|100/100
|-hint|If a Flying Terastallized Pokemon uses Roost, it remains Flying-type.
|move|p2a: Samurott|Razor Shell|p1a: Corviknight
|-damage|p1a: Corviknight|81/100
|-unboost|p1a: Corviknight|def|1
|
|-damage|p1a: Corviknight|56/100|[from] Curse
|upkeep
|turn|14
|
|t:|1685845364
|move|p1a: Corviknight|Bulk Up|p1a: Corviknight
|-boost|p1a: Corviknight|atk|1
|-boost|p1a: Corviknight|def|1
|move|p2a: Samurott|Ceaseless Edge|p1a: Corviknight
|-damage|p1a: Corviknight|41/100
|-sidestart|p1: Ketchup2000|Spikes
|
|-damage|p1a: Corviknight|16/100|[from] Curse
|upkeep
|turn|15
|
|t:|1685845374
|move|p1a: Corviknight|Roost|p1a: Corviknight
|-heal|p1a: Corviknight|66/100
|-hint|If a Flying Terastallized Pokemon uses Roost, it remains Flying-type.
|move|p2a: Samurott|Ceaseless Edge|p1a: Corviknight
|-damage|p1a: Corviknight|50/100
|-sidestart|p1: Ketchup2000|Spikes
|
|-damage|p1a: Corviknight|26/100|[from] Curse
|-end|p1a: Corviknight|Disable
|upkeep
|turn|16
|
|t:|1685845378
|move|p1a: Corviknight|Roost|p1a: Corviknight
|-heal|p1a: Corviknight|76/100
|-hint|If a Flying Terastallized Pokemon uses Roost, it remains Flying-type.
|move|p2a: Samurott|Ceaseless Edge|p1a: Corviknight
|-damage|p1a: Corviknight|59/100
|-sidestart|p1: Ketchup2000|Spikes
|
|-damage|p1a: Corviknight|34/100|[from] Curse
|upkeep
|turn|17
|
|t:|1685845389
|move|p1a: Corviknight|Roost|p1a: Corviknight
|-heal|p1a: Corviknight|84/100
|-hint|If a Flying Terastallized Pokemon uses Roost, it remains Flying-type.
|move|p2a: Samurott|Taunt|p1a: Corviknight
|-start|p1a: Corviknight|move: Taunt
|
|-damage|p1a: Corviknight|59/100|[from] Curse
|-sideend|p2: jxa8898|Reflect
|upkeep
|turn|18
|
|t:|1685845400
|move|p1a: Corviknight|Power Trip|p2a: Samurott
|-resisted|p2a: Samurott
|-damage|p2a: Samurott|10/100
|move|p2a: Samurott|Razor Shell|p1a: Corviknight
|-damage|p1a: Corviknight|40/100
|-unboost|p1a: Corviknight|def|1
|
|-damage|p1a: Corviknight|16/100|[from] Curse
|upkeep
|turn|19
|
|t:|1685845410
|move|p1a: Corviknight|Power Trip|p2a: Samurott
|-resisted|p2a: Samurott
|-damage|p2a: Samurott|0 fnt
|faint|p2a: Samurott
|
|-damage|p1a: Corviknight|0 fnt|[from] Curse
|faint|p1a: Corviknight
|-sideend|p2: jxa8898|move: Light Screen
|upkeep
|
|t:|1685845432
|switch|p2a: Magearna|Magearna|100/100
|switch|p1a: Braviary|Braviary-Hisui, M|100/100
|-damage|p2a: Magearna|94/100|[from] Stealth Rock
|turn|20
|
|t:|1685845451
|move|p2a: Magearna|Calm Mind|p2a: Magearna
|-boost|p2a: Magearna|spa|1
|-boost|p2a: Magearna|spd|1
|move|p1a: Braviary|Esper Wing|p2a: Magearna
|-resisted|p2a: Magearna
|-damage|p2a: Magearna|74/100
|-boost|p1a: Braviary|spe|1
|
|-heal|p2a: Magearna|80/100|[from] item: Leftovers
|upkeep
|turn|21
|
|t:|1685845472
|move|p1a: Braviary|Calm Mind|p1a: Braviary
|-boost|p1a: Braviary|spa|1
|-boost|p1a: Braviary|spd|1
|move|p2a: Magearna|Calm Mind|p2a: Magearna
|-boost|p2a: Magearna|spa|1
|-boost|p2a: Magearna|spd|1
|
|-heal|p2a: Magearna|86/100|[from] item: Leftovers
|upkeep
|turn|22
|
|t:|1685845481
|move|p1a: Braviary|Calm Mind|p1a: Braviary
|-boost|p1a: Braviary|spa|1
|-boost|p1a: Braviary|spd|1
|move|p2a: Magearna|Calm Mind|p2a: Magearna
|-boost|p2a: Magearna|spa|1
|-boost|p2a: Magearna|spd|1
|
|-heal|p2a: Magearna|92/100|[from] item: Leftovers
|upkeep
|turn|23
|
|t:|1685845486
|move|p1a: Braviary|Esper Wing|p2a: Magearna
|-resisted|p2a: Magearna
|-damage|p2a: Magearna|69/100
|-boost|p1a: Braviary|spe|1
|move|p2a: Magearna|Calm Mind|p2a: Magearna
|-boost|p2a: Magearna|spa|1
|-boost|p2a: Magearna|spd|1
|
|-heal|p2a: Magearna|75/100|[from] item: Leftovers
|upkeep
|turn|24
|
|t:|1685845495
|move|p1a: Braviary|Esper Wing|p2a: Magearna
|-resisted|p2a: Magearna
|-damage|p2a: Magearna|57/100
|-boost|p1a: Braviary|spe|1
|move|p2a: Magearna|Stored Power|p1a: Braviary
|-resisted|p1a: Braviary
|-damage|p1a: Braviary|53/100
|
|-heal|p2a: Magearna|63/100|[from] item: Leftovers
|upkeep
|turn|25
|
|t:|1685845504
|move|p1a: Braviary|Roost|p1a: Braviary
|-heal|p1a: Braviary|100/100
|-singleturn|p1a: Braviary|move: Roost
|move|p2a: Magearna|Calm Mind|p2a: Magearna
|-boost|p2a: Magearna|spa|1
|-boost|p2a: Magearna|spd|1
|
|-heal|p2a: Magearna|69/100|[from] item: Leftovers
|upkeep
|turn|26
|
|t:|1685845507
|move|p1a: Braviary|Calm Mind|p1a: Braviary
|-boost|p1a: Braviary|spa|1
|-boost|p1a: Braviary|spd|1
|move|p2a: Magearna|Calm Mind|p2a: Magearna
|-boost|p2a: Magearna|spa|1
|-boost|p2a: Magearna|spd|1
|
|-heal|p2a: Magearna|75/100|[from] item: Leftovers
|upkeep
|turn|27
|
|t:|1685845510
|move|p1a: Braviary|Calm Mind|p1a: Braviary
|-boost|p1a: Braviary|spa|1
|-boost|p1a: Braviary|spd|1
|move|p2a: Magearna|Stored Power|p1a: Braviary
|-resisted|p1a: Braviary
|-damage|p1a: Braviary|46/100
|
|-heal|p2a: Magearna|81/100|[from] item: Leftovers
|upkeep
|turn|28
|
|t:|1685845516
|move|p1a: Braviary|Roost|p1a: Braviary
|-heal|p1a: Braviary|96/100
|-singleturn|p1a: Braviary|move: Roost
|move|p2a: Magearna|Stored Power|p1a: Braviary
|-resisted|p1a: Braviary
|-damage|p1a: Braviary|41/100
|
|-heal|p2a: Magearna|87/100|[from] item: Leftovers
|upkeep
|turn|29
|
|t:|1685845528
|move|p1a: Braviary|Roost|p1a: Braviary
|-heal|p1a: Braviary|91/100
|-singleturn|p1a: Braviary|move: Roost
|move|p2a: Magearna|Iron Defense|p2a: Magearna
|-boost|p2a: Magearna|def|2
|
|-heal|p2a: Magearna|93/100|[from] item: Leftovers
|upkeep
|turn|30
|
|t:|1685845534
|move|p1a: Braviary|Calm Mind|p1a: Braviary
|-boost|p1a: Braviary|spa|1
|-boost|p1a: Braviary|spd|1
|move|p2a: Magearna|Stored Power|p1a: Braviary
|-resisted|p1a: Braviary
|-damage|p1a: Braviary|35/100
|
|-heal|p2a: Magearna|99/100|[from] item: Leftovers
|upkeep
|turn|31
|
|t:|1685845537
|move|p1a: Braviary|Esper Wing|p2a: Magearna
|-resisted|p2a: Magearna
|-damage|p2a: Magearna|75/100
|-boost|p1a: Braviary|spe|1
|move|p2a: Magearna|Stored Power|p1a: Braviary
|-resisted|p1a: Braviary
|-damage|p1a: Braviary|0 fnt
|faint|p1a: Braviary
|
|-heal|p2a: Magearna|81/100|[from] item: Leftovers
|upkeep
|
|t:|1685845552
|switch|p1a: Great Tusk|Great Tusk|100/100
|-damage|p1a: Great Tusk|75/100|[from] Spikes
|-enditem|p1a: Great Tusk|Booster Energy
|-activate|p1a: Great Tusk|ability: Protosynthesis|[fromitem]
|-start|p1a: Great Tusk|protosynthesisatk
|turn|32
|
|t:|1685845559
|move|p1a: Great Tusk|Headlong Rush|p2a: Magearna
|-supereffective|p2a: Magearna
|-damage|p2a: Magearna|20/100
|-unboost|p1a: Great Tusk|def|1
|-unboost|p1a: Great Tusk|spd|1
|move|p2a: Magearna|Stored Power|p1a: Great Tusk
|-supereffective|p1a: Great Tusk
|-crit|p1a: Great Tusk
|-damage|p1a: Great Tusk|0 fnt
|faint|p1a: Great Tusk
|-end|p1a: Great Tusk|Protosynthesis|[silent]
|
|-heal|p2a: Magearna|26/100|[from] item: Leftovers
|upkeep
|
|t:|1685845563
|switch|p1a: Landorus|Landorus-Therian, M|19/100 psn
|-ability|p1a: Landorus|Intimidate|boost
|-unboost|p2a: Magearna|atk|1
|turn|33
|
|t:|1685845570
|move|p1a: Landorus|Earthquake|p2a: Magearna
|-supereffective|p2a: Magearna
|-damage|p2a: Magearna|0 fnt
|faint|p2a: Magearna
|
|-damage|p1a: Landorus|6/100 psn|[from] psn
|upkeep
|
|t:|1685845574
|switch|p2a: Zamazenta|Zamazenta-Crowned|100/100
|-damage|p2a: Zamazenta|97/100|[from] Stealth Rock
|-ability|p2a: Zamazenta|Dauntless Shield|boost
|-boost|p2a: Zamazenta|def|1
|turn|34
|
|t:|1685845590
|switch|p2a: Sneasler|Sneasler, F, tera:Flying|17/100
|-damage|p2a: Sneasler|0 fnt|[from] Stealth Rock
|faint|p2a: Sneasler
|move|p1a: Landorus|Earthquake|p2: Sneasler|[notarget]
|-fail|p1a: Landorus
|
|-damage|p1a: Landorus|0 fnt|[from] psn
|faint|p1a: Landorus
|upkeep
|
|t:|1685845605
|switch|p2a: Zamazenta|Zamazenta-Crowned|97/100
|switch|p1a: Sneasler|Sneasler, F|100/100
|-damage|p2a: Zamazenta|94/100|[from] Stealth Rock
|-item|p1a: Sneasler|Air Balloon
|turn|35
|
|t:|1685845613
|move|p2a: Zamazenta|Iron Defense|p2a: Zamazenta
|-boost|p2a: Zamazenta|def|2
|move|p1a: Sneasler|Close Combat|p2a: Zamazenta
|-supereffective|p2a: Zamazenta
|-damage|p2a: Zamazenta|52/100
|-unboost|p1a: Sneasler|def|1
|-unboost|p1a: Sneasler|spd|1
|
|upkeep
|turn|36
|
|t:|1685845621
|switch|p1a: Typhlosion|Typhlosion-Hisui, F|100/100
|-damage|p1a: Typhlosion|76/100|[from] Spikes
|move|p2a: Zamazenta|Body Press|p1a: Typhlosion
|-immune|p1a: Typhlosion
|
|upkeep
|turn|37
|
|t:|1685845645
|move|p2a: Zamazenta|Crunch|p1a: Typhlosion
|-supereffective|p1a: Typhlosion
|-damage|p1a: Typhlosion|9/100
|move|p1a: Typhlosion|Flamethrower|p2a: Zamazenta
|-supereffective|p2a: Zamazenta
|-damage|p2a: Zamazenta|0 fnt
|faint|p2a: Zamazenta
|
|win|Ketchup2000
|raw|Ketchup2000's rating: 1263 → 1288(+25 for winning)
|raw|jxa8898's rating: 1259 → 1234(-25 for losing)
|l|☆jxa8898
|c|☆Ketchup2000|gg
