|j|☆SpidopsNerd
|j|☆emperorvolcan
|t:|1685881990
|gametype|singles
|player|p1|SpidopsNerd|volo|1000
|player|p2|emperorvolcan|169|1086
|teamsize|p1|6
|teamsize|p2|6
|gen|9
|tier|[Gen 9] OU
|rated|
|rule|Sleep Clause Mod: Limit one foe put to sleep
|rule|Species Clause: Limit one of each Pokémon
|rule|OHKO Clause: OHKO moves are banned
|rule|Evasion Items Clause: Evasion items are banned
|rule|Evasion Moves Clause: Evasion moves are banned
|rule|Endless Battle Clause: Forcing endless battles is banned
|rule|HP Percentage Mod: HP is shown in percentages
|clearpoke
|poke|p1|Pelipper, M|
|poke|p1|Basculegion, M|
|poke|p1|Walking Wake|
|poke|p1|Spidops, F|
|poke|p1|Overqwil, F|
|poke|p1|Magearna|
|poke|p2|Landorus-Therian, M|
|poke|p2|Volcarona, F|
|poke|p2|Great Tusk|
|poke|p2|Basculegion, M|
|poke|p2|Magnezone|
|poke|p2|Pelipper, M|
|teampreview
|
|t:|1685881997
|start
|switch|p1a: Spidops|Spidops, F|100/100
|switch|p2a: Landorus|Landorus-Therian, M, shiny|100/100
|-ability|p2a: Landorus|Intimidate|boost
|-unboost|p1a: Spidops|atk|1
|turn|1
|
|t:|1685882003
|move|p2a: Landorus|Nasty Plot|p2a: Landorus
|-boost|p2a: Landorus|spa|2
|move|p1a: Spidops|Sticky Web|p2a: Landorus
|-sidestart|p2: emperorvolcan|move: Sticky Web
|
|upkeep
|turn|2
|
|t:|1685882013
|move|p2a: Landorus|Sandsear Storm|p1a: Spidops
|-resisted|p1a: Spidops
|-damage|p1a: Spidops|35/100
|-damage|p2a: Landorus|91/100|[from] item: Life Orb
|move|p1a: Spidops|Memento|p2a: Landorus
|-unboost|p2a: Landorus|atk|2
|-unboost|p2a: Landorus|spa|2
|faint|p1a: Spidops
|
|upkeep
|
|t:|1685882027
|switch|p1a: Pelipper|Pelipper, M, shiny|100/100
|-weather|RainDance|[from] ability: Drizzle|[of] p1a: Pelipper
|turn|3
|
|t:|1685882032
|move|p2a: Landorus|Nasty Plot|p2a: Landorus
|-boost|p2a: Landorus|spa|2
|move|p1a: Pelipper|U-turn|p2a: Landorus
|-resisted|p2a: Landorus
|-damage|p2a: Landorus|85/100
|
|t:|1685882050
|switch|p1a: Basculegion|Basculegion, M, shiny|100/100|[from] U-turn
|
|-weather|RainDance|[upkeep]
|upkeep
|turn|4
|
|t:|1685882056
|switch|p2a: Magnezone|Magnezone|100/100
|-activate|p2a: Magnezone|move: Sticky Web
|-unboost|p2a: Magnezone|spe|1
|move|p1a: Basculegion|Wave Crash|p2a: Magnezone
|-crit|p2a: Magnezone
|-damage|p2a: Magnezone|0 fnt
|faint|p2a: Magnezone
|-damage|p1a: Basculegion|76/100|[from] Recoil
|
|-weather|RainDance|[upkeep]
|upkeep
|
|t:|1685882066
|switch|p2a: Basculegion|Basculegion, M|100/100
|-activate|p2a: Basculegion|move: Sticky Web
|-unboost|p2a: Basculegion|spe|1
|turn|5
|
|t:|1685882072
|move|p1a: Basculegion|Wave Crash|p2a: Basculegion
|-resisted|p2a: Basculegion
|-damage|p2a: Basculegion|13/100
|-damage|p1a: Basculegion|47/100|[from] Recoil
|move|p2a: Basculegion|Crunch|p1a: Basculegion
|-supereffective|p1a: Basculegion
|-damage|p1a: Basculegion|0 fnt
|faint|p1a: Basculegion
|
|-weather|RainDance|[upkeep]
|upkeep
|
|t:|1685882081
|switch|p1a: Overqwil|Overqwil, F|100/100
|turn|6
|
|t:|1685882093
|switch|p2a: Great Tusk|Great Tusk|100/100
|-activate|p2a: Great Tusk|move: Sticky Web
|-unboost|p2a: Great Tusk|spe|1
|-terastallize|p1a: Overqwil|Water
|move|p1a: Overqwil|Swords Dance|p1a: Overqwil
|-boost|p1a: Overqwil|atk|2
|
|-weather|RainDance|[upkeep]
|upkeep
|turn|7
|
|t:|1685882102
|move|p1a: Overqwil|Liquidation|p2a: Great Tusk
|-supereffective|p2a: Great Tusk
|-damage|p2a: Great Tusk|0 fnt
|faint|p2a: Great Tusk
|-end|p2a: Great Tusk|Protosynthesis|[silent]
|-damage|p1a: Overqwil|91/100|[from] item: Life Orb
|
|-weather|RainDance|[upkeep]
|upkeep
|
|t:|1685882109
|switch|p2a: Basculegion|Basculegion, M|13/100
|-activate|p2a: Basculegion|move: Sticky Web
|-unboost|p2a: Basculegion|spe|1
|turn|8
|
|t:|1685882116
|move|p2a: Basculegion|Aqua Jet|p1a: Overqwil
|-resisted|p1a: Overqwil
|-crit|p1a: Overqwil
|-damage|p1a: Overqwil|48/100
|move|p1a: Overqwil|Liquidation|p2a: Basculegion
|-resisted|p2a: Basculegion
|-damage|p2a: Basculegion|0 fnt
|faint|p2a: Basculegion
|-damage|p1a: Overqwil|38/100|[from] item: Life Orb
|
|-weather|RainDance|[upkeep]
|upkeep
|
|t:|1685882127
|switch|p2a: Pelipper|Pelipper, M|100/100
|turn|9
|
|t:|1685882134
|move|p1a: Overqwil|Crunch|p2a: Pelipper
|-damage|p2a: Pelipper|0 fnt
|faint|p2a: Pelipper
|-damage|p1a: Overqwil|28/100|[from] item: Life Orb
|
|-weather|RainDance|[upkeep]
|upkeep
|
|t:|1685882140
|switch|p2a: Landorus|Landorus-Therian, M, shiny|85/100
|-ability|p2a: Landorus|Intimidate|boost
|-unboost|p1a: Overqwil|atk|1
|turn|10
|
|t:|1685882147
|move|p1a: Overqwil|Liquidation|p2a: Landorus
|-supereffective|p2a: Landorus
|-damage|p2a: Landorus|0 fnt
|faint|p2a: Landorus
|-damage|p1a: Overqwil|18/100|[from] item: Life Orb
|
|-weather|none
|upkeep
|
|t:|1685882153
|switch|p2a: Volcarona|Volcarona, F|100/100
|turn|11
|
|t:|1685882157
|move|p1a: Overqwil|Liquidation|p2a: Volcarona
|-supereffective|p2a: Volcarona
|-damage|p2a: Volcarona|0 fnt
|-status|p1a: Overqwil|brn|[from] ability: Flame Body|[of] p2a: Volcarona
|faint|p2a: Volcarona
|-damage|p1a: Overqwil|8/100 brn|[from] item: Life Orb
|
|win|SpidopsNerd
|raw|SpidopsNerd's rating: 1000 → 1050(+50 for winning)
|raw|emperorvolcan's rating: 1086 → 1058(-28 for losing)
|c|☆SpidopsNerd|gg
|c|☆emperorvolcan|gg
