|j|☆Catgoyeetyou
|j|☆Sz Kuru
|t:|1685835703
|gametype|singles
|player|p1|Catgoyeetyou|harlequin|1202
|player|p2|Sz Kuru|102|1235
|teamsize|p1|6
|teamsize|p2|6
|gen|9
|tier|[Gen 9] OU
|rated|
|rule|Sleep Clause Mod: Limit one foe put to sleep
|rule|Species Clause: Limit one of each Pokémon
|rule|OHKO Clause: OHKO moves are banned
|rule|Evasion Items Clause: Evasion items are banned
|rule|Evasion Moves Clause: Evasion moves are banned
|rule|Endless Battle Clause: Forcing endless battles is banned
|rule|HP Percentage Mod: HP is shown in percentages
|clearpoke
|poke|p1|Lilligant-Hisui, F|
|poke|p1|Ursaluna, F|
|poke|p1|Tornadus-Therian, M|
|poke|p1|Azelf|
|poke|p1|Magearna|
|poke|p1|Volcanion|
|poke|p2|Enamorus, F|
|poke|p2|Hoopa-Unbound|
|poke|p2|Tornadus-Therian, M|
|poke|p2|Chien-Pao|
|poke|p2|Thundurus-Therian, M|
|poke|p2|Iron Moth|
|teampreview
|inactive|Battle timer is ON: inactive players will automatically lose when time's up. (requested by Catgoyeetyou)
|j| Juneheat
|j| Dinotea
|j| Dengo Mango
|
|t:|1685835720
|start
|switch|p1a: Azelf|Azelf|100/100
|switch|p2a: Tornadus|Tornadus-Therian, M|100/100
|turn|1
|j| Offbrand Octillery
|j| drop a burn
|
|t:|1685835730
|move|p1a: Azelf|Trick|p2a: Tornadus
|-activate|p1a: Azelf|move: Trick|[of] p2a: Tornadus
|-item|p2a: Tornadus|Choice Scarf|[from] move: Trick
|-item|p1a: Azelf|Heavy-Duty Boots|[from] move: Trick
|move|p2a: Tornadus|U-turn|p1a: Azelf
|-supereffective|p1a: Azelf
|-damage|p1a: Azelf|57/100
|
|t:|1685835746
|switch|p2a: Chien-Pao|Chien-Pao|100/100|[from] U-turn
|-ability|p2a: Chien-Pao|Sword of Ruin
|
|upkeep
|turn|2
|
|t:|1685835755
|move|p2a: Chien-Pao|Ice Spinner|p1a: Azelf
|-damage|p1a: Azelf|0 fnt
|faint|p1a: Azelf
|
|upkeep
|
|t:|1685835761
|switch|p1a: Magearna|Magearna|100/100
|turn|3
|
|t:|1685835769
|switch|p2a: Iron Moth|Iron Moth|100/100
|move|p1a: Magearna|Draining Kiss|p2a: Iron Moth
|-resisted|p2a: Iron Moth
|-damage|p2a: Iron Moth|96/100
|
|upkeep
|turn|4
|
|t:|1685835778
|switch|p1a: Volcanion|Volcanion|100/100
|move|p2a: Iron Moth|Fiery Dance|p1a: Volcanion
|-resisted|p1a: Volcanion
|-damage|p1a: Volcanion|90/100
|
|-heal|p1a: Volcanion|96/100|[from] item: Leftovers
|upkeep
|turn|5
|
|t:|1685835789
|-terastallize|p2a: Iron Moth|Flying
|move|p2a: Iron Moth|Discharge|p1a: Volcanion
|-supereffective|p1a: Volcanion
|-damage|p1a: Volcanion|40/100
|-status|p1a: Volcanion|par
|move|p1a: Volcanion|Steam Eruption|p2a: Iron Moth
|-damage|p2a: Iron Moth|48/100
|-status|p2a: Iron Moth|brn
|
|-heal|p1a: Volcanion|46/100 par|[from] item: Leftovers
|-damage|p2a: Iron Moth|42/100 brn|[from] brn
|upkeep
|turn|6
|
|t:|1685835806
|move|p2a: Iron Moth|Discharge|p1a: Volcanion
|-supereffective|p1a: Volcanion
|-damage|p1a: Volcanion|0 fnt
|faint|p1a: Volcanion
|
|-damage|p2a: Iron Moth|36/100 brn|[from] brn
|upkeep
|
|t:|1685835821
|switch|p1a: Lilligant|Lilligant-Hisui, F|100/100
|turn|7
|l| Dinotea
|
|t:|1685835829
|move|p2a: Iron Moth|Sludge Wave|p1a: Lilligant
|-supereffective|p1a: Lilligant
|-enditem|p1a: Lilligant|Focus Sash
|-damage|p1a: Lilligant|1/100
|-status|p1a: Lilligant|psn
|move|p1a: Lilligant|Victory Dance|p1a: Lilligant
|-boost|p1a: Lilligant|atk|1
|-boost|p1a: Lilligant|def|1
|-boost|p1a: Lilligant|spe|1
|
|-damage|p1a: Lilligant|0 fnt|[from] psn
|faint|p1a: Lilligant
|-damage|p2a: Iron Moth|30/100 brn|[from] brn
|upkeep
|
|t:|1685835836
|switch|p1a: Tornadus|Tornadus-Therian, M|100/100
|turn|8
|
|t:|1685835847
|-end|p2a: Iron Moth|Quark Drive|[silent]
|switch|p2a: Thundurus|Thundurus-Therian, M|100/100
|move|p1a: Tornadus|Bleakwind Storm|p2a: Thundurus
|-resisted|p2a: Thundurus
|-damage|p2a: Thundurus|66/100
|
|upkeep
|turn|9
|l| Dengo Mango
|
|t:|1685835854
|switch|p1a: Ursaluna|Ursaluna, F|100/100
|move|p2a: Thundurus|Agility|p2a: Thundurus
|-boost|p2a: Thundurus|spe|2
|
|-status|p1a: Ursaluna|brn|[from] item: Flame Orb
|upkeep
|turn|10
|
|t:|1685835862
|-terastallize|p1a: Ursaluna|Normal
|move|p2a: Thundurus|Sludge Bomb|p1a: Ursaluna
|-damage|p1a: Ursaluna|67/100 brn
|move|p1a: Ursaluna|Facade|p2a: Thundurus
|-damage|p2a: Thundurus|0 fnt
|faint|p2a: Thundurus
|
|-damage|p1a: Ursaluna|61/100 brn|[from] brn
|upkeep
|
|t:|1685835872
|switch|p2a: Chien-Pao|Chien-Pao|100/100
|-ability|p2a: Chien-Pao|Sword of Ruin
|turn|11
|
|t:|1685835877
|move|p2a: Chien-Pao|Sacred Sword|p1a: Ursaluna
|-supereffective|p1a: Ursaluna
|-crit|p1a: Ursaluna
|-damage|p1a: Ursaluna|0 fnt
|faint|p1a: Ursaluna
|
|upkeep
|
|t:|1685835881
|switch|p1a: Tornadus|Tornadus-Therian, M|100/100
|turn|12
|
|t:|1685835884
|move|p2a: Chien-Pao|Ice Spinner|p1a: Tornadus
|-supereffective|p1a: Tornadus
|-crit|p1a: Tornadus
|-damage|p1a: Tornadus|0 fnt
|faint|p1a: Tornadus
|
|upkeep
|
|t:|1685835886
|switch|p1a: Magearna|Magearna|100/100
|turn|13
|
|t:|1685835906
|move|p2a: Chien-Pao|Crunch|p1a: Magearna
|-resisted|p1a: Magearna
|-damage|p1a: Magearna|77/100
|move|p1a: Magearna|Draining Kiss|p2a: Chien-Pao
|-supereffective|p2a: Chien-Pao
|-damage|p2a: Chien-Pao|8/100
|-heal|p1a: Magearna|100/100|[from] drain|[of] p2a: Chien-Pao
|
|upkeep
|turn|14
|
|t:|1685835914
|move|p2a: Chien-Pao|Crunch|p1a: Magearna
|-resisted|p1a: Magearna
|-damage|p1a: Magearna|77/100
|move|p1a: Magearna|Draining Kiss|p2a: Chien-Pao
|-supereffective|p2a: Chien-Pao
|-damage|p2a: Chien-Pao|0 fnt
|-heal|p1a: Magearna|82/100|[from] drain|[of] p2a: Chien-Pao
|faint|p2a: Chien-Pao
|-ability|p1a: Magearna|Soul-Heart|boost
|-boost|p1a: Magearna|spa|1
|
|-heal|p1a: Magearna|88/100|[from] item: Leftovers
|upkeep
|
|t:|1685835924
|switch|p2a: Iron Moth|Iron Moth, tera:Flying|30/100 brn
|turn|15
|
|t:|1685835931
|move|p2a: Iron Moth|Fiery Dance|p1a: Magearna
|-supereffective|p1a: Magearna
|-damage|p1a: Magearna|15/100
|-boost|p2a: Iron Moth|spa|1
|move|p1a: Magearna|Draining Kiss|p2a: Iron Moth
|-damage|p2a: Iron Moth|2/100 brn
|-heal|p1a: Magearna|33/100|[from] drain|[of] p2a: Iron Moth
|
|-heal|p1a: Magearna|39/100|[from] item: Leftovers
|-damage|p2a: Iron Moth|0 fnt|[from] brn
|faint|p2a: Iron Moth
|-ability|p1a: Magearna|Soul-Heart|boost
|-boost|p1a: Magearna|spa|1
|-end|p2a: Iron Moth|Quark Drive|[silent]
|upkeep
|
|t:|1685835952
|switch|p2a: Enamorus|Enamorus, F, shiny|100/100
|turn|16
|
|t:|1685835960
|move|p2a: Enamorus|Superpower|p1a: Magearna
|-damage|p1a: Magearna|6/100
|-boost|p2a: Enamorus|atk|1
|-boost|p2a: Enamorus|def|1
|move|p1a: Magearna|Draining Kiss|p2a: Enamorus
|-damage|p2a: Enamorus|47/100
|-heal|p1a: Magearna|38/100|[from] drain|[of] p2a: Enamorus
|
|-heal|p1a: Magearna|44/100|[from] item: Leftovers
|upkeep
|turn|17
|
|t:|1685835970
|move|p2a: Enamorus|Superpower|p1a: Magearna
|-damage|p1a: Magearna|0 fnt
|-boost|p2a: Enamorus|atk|1
|-boost|p2a: Enamorus|def|1
|faint|p1a: Magearna
|
|win|Sz Kuru
|raw|Catgoyeetyou's rating: 1202 → 1179(-23 for losing)
|raw|Sz Kuru's rating: 1235 → 1258(+23 for winning)
|l|☆Catgoyeetyou
