|j|☆d18l
|j|‽Winterchillz
|t:|1685846229
|gametype|singles
|player|p1|d18l|backpacker|1610
|player|p2|Winterchillz|grimsley|1674
|teamsize|p1|6
|teamsize|p2|6
|gen|9
|tier|[Gen 9] OU
|rated|
|rule|Sleep Clause Mod: Limit one foe put to sleep
|rule|Species Clause: Limit one of each Pokémon
|rule|OHKO Clause: OHKO moves are banned
|rule|Evasion Items Clause: Evasion items are banned
|rule|Evasion Moves Clause: Evasion moves are banned
|rule|Endless Battle Clause: Forcing endless battles is banned
|rule|HP Percentage Mod: HP is shown in percentages
|clearpoke
|poke|p1|Samurott-Hisui, M|
|poke|p1|Dragapult, F|
|poke|p1|Magearna|
|poke|p1|Volcarona, M|
|poke|p1|Zamazenta-*|
|poke|p1|Urshifu-*, M|
|poke|p2|Dragapult, M|
|poke|p2|Magearna|
|poke|p2|Lilligant-Hisui, F|
|poke|p2|Kingambit, F|
|poke|p2|Zamazenta-*|
|poke|p2|Volcarona, M|
|teampreview
|
|t:|1685846245
|start
|switch|p1a: Samurott|Samurott-Hisui, M|100/100
|switch|p2a: Dragapult|Dragapult, M, shiny|100/100
|turn|1
|
|t:|1685846252
|move|p2a: Dragapult|Reflect|p2a: Dragapult
|-sidestart|p2: Winterchillz|Reflect
|move|p1a: Samurott|Ceaseless Edge|p2a: Dragapult
|-supereffective|p2a: Dragapult
|-damage|p2a: Dragapult|44/100
|-sidestart|p2: Winterchillz|Spikes
|
|upkeep
|turn|2
|
|t:|1685846256
|move|p2a: Dragapult|Light Screen|p2a: Dragapult
|-sidestart|p2: Winterchillz|move: Light Screen
|move|p1a: Samurott|Ceaseless Edge|p2a: Dragapult
|-supereffective|p2a: Dragapult
|-damage|p2a: Dragapult|0 fnt
|-sidestart|p2: Winterchillz|Spikes
|faint|p2a: Dragapult
|
|upkeep
|
|t:|1685846266
|switch|p2a: Magearna|Magearna|100/100
|-damage|p2a: Magearna|84/100|[from] Spikes
|turn|3
|
|t:|1685846269
|move|p1a: Samurott|Taunt|p2a: Magearna
|-start|p2a: Magearna|move: Taunt
|cant|p2a: Magearna|move: Taunt|Shift Gear
|
|upkeep
|turn|4
|
|t:|1685846281
|switch|p2a: Lilligant|Lilligant-Hisui, F|100/100
|-damage|p2a: Lilligant|84/100|[from] Spikes
|move|p1a: Samurott|Ceaseless Edge|p2a: Lilligant
|-resisted|p2a: Lilligant
|-damage|p2a: Lilligant|66/100
|-sidestart|p2: Winterchillz|Spikes
|
|upkeep
|turn|5
|
|t:|1685846299
|move|p2a: Lilligant|Victory Dance|p2a: Lilligant
|-boost|p2a: Lilligant|atk|1
|-boost|p2a: Lilligant|def|1
|-boost|p2a: Lilligant|spe|1
|move|p1a: Samurott|Taunt|p2a: Lilligant
|-start|p2a: Lilligant|move: Taunt
|
|upkeep
|turn|6
|
|t:|1685846333
|move|p2a: Lilligant|Leaf Blade|p1a: Samurott
|-supereffective|p1a: Samurott
|-enditem|p1a: Samurott|Focus Sash
|-damage|p1a: Samurott|1/100
|move|p1a: Samurott|Aqua Cutter|p2a: Lilligant
|-resisted|p2a: Lilligant
|-crit|p2a: Lilligant
|-damage|p2a: Lilligant|9/100
|
|upkeep
|turn|7
|
|t:|1685846341
|move|p1a: Samurott|Aqua Jet|p2a: Lilligant
|-resisted|p2a: Lilligant
|-damage|p2a: Lilligant|3/100
|move|p2a: Lilligant|Leaf Blade|p1a: Samurott
|-supereffective|p1a: Samurott
|-damage|p1a: Samurott|0 fnt
|faint|p1a: Samurott
|
|upkeep
|
|t:|1685846350
|switch|p1a: Urshifu|Urshifu-Rapid-Strike, M|100/100
|turn|8
|
|t:|1685846353
|move|p1a: Urshifu|Aqua Jet|p2a: Lilligant
|-resisted|p2a: Lilligant
|-damage|p2a: Lilligant|0 fnt
|faint|p2a: Lilligant
|
|-sideend|p2: Winterchillz|Reflect
|upkeep
|
|t:|1685846356
|switch|p2a: Zamazenta|Zamazenta-Crowned|100/100
|-damage|p2a: Zamazenta|76/100|[from] Spikes
|-ability|p2a: Zamazenta|Dauntless Shield|boost
|-boost|p2a: Zamazenta|def|1
|turn|9
|
|t:|1685846364
|switch|p1a: Volcarona|Volcarona, M|100/100
|move|p2a: Zamazenta|Iron Defense|p2a: Zamazenta
|-boost|p2a: Zamazenta|def|2
|
|-sideend|p2: Winterchillz|move: Light Screen
|upkeep
|turn|10
|
|t:|1685846372
|-terastallize|p2a: Zamazenta|Fairy
|move|p2a: Zamazenta|Body Press|p1a: Volcarona
|-resisted|p1a: Volcarona
|-damage|p1a: Volcarona|18/100
|move|p1a: Volcarona|Fiery Dance|p2a: Zamazenta
|-damage|p2a: Zamazenta|44/100
|-boost|p1a: Volcarona|spa|1
|
|upkeep
|turn|11
|
|t:|1685846382
|move|p2a: Zamazenta|Body Press|p1a: Volcarona
|-resisted|p1a: Volcarona
|-damage|p1a: Volcarona|0 fnt
|faint|p1a: Volcarona
|
|upkeep
|
|t:|1685846386
|switch|p1a: Dragapult|Dragapult, F|100/100
|turn|12
|
|t:|1685846389
|move|p1a: Dragapult|Light Screen|p1a: Dragapult
|-sidestart|p1: d18l|move: Light Screen
|move|p2a: Zamazenta|Crunch|p1a: Dragapult
|-supereffective|p1a: Dragapult
|-damage|p1a: Dragapult|55/100
|
|upkeep
|turn|13
|
|t:|1685846395
|move|p1a: Dragapult|Reflect|p1a: Dragapult
|-sidestart|p1: d18l|Reflect
|move|p2a: Zamazenta|Heavy Slam|p1a: Dragapult
|-damage|p1a: Dragapult|30/100
|-start|p2a: Zamazenta|Disable|Heavy Slam|[from] ability: Cursed Body|[of] p1a: Dragapult
|
|upkeep
|turn|14
|
|t:|1685846399
|move|p1a: Dragapult|Curse|p2a: Zamazenta
|-start|p2a: Zamazenta|Curse|[of] p1a: Dragapult
|-damage|p1a: Dragapult|0 fnt
|faint|p1a: Dragapult
|move|p2a: Zamazenta|Crunch|p1: Dragapult|[notarget]
|-fail|p2a: Zamazenta
|
|-damage|p2a: Zamazenta|19/100|[from] Curse
|upkeep
|inactive|Battle timer is ON: inactive players will automatically lose when time's up. (requested by Winterchillz)
|
|t:|1685846484
|switch|p1a: Urshifu|Urshifu-Rapid-Strike, M|100/100
|turn|15
|
|t:|1685846496
|move|p2a: Zamazenta|Body Press|p1a: Urshifu
|-damage|p1a: Urshifu|46/100
|move|p1a: Urshifu|Swords Dance|p1a: Urshifu
|-boost|p1a: Urshifu|atk|2
|
|-damage|p2a: Zamazenta|0 fnt|[from] Curse
|faint|p2a: Zamazenta
|upkeep
|inactive|Winterchillz has 120 seconds left.
|
|t:|1685846525
|switch|p2a: Magearna|Magearna|84/100
|-damage|p2a: Magearna|59/100|[from] Spikes
|turn|16
|
|t:|1685846531
|move|p1a: Urshifu|Surging Strikes|p2a: Magearna
|-crit|p2a: Magearna
|-damage|p2a: Magearna|22/100
|-crit|p2a: Magearna
|-damage|p2a: Magearna|0 fnt
|faint|p2a: Magearna
|-hitcount|p2: Magearna|2
|
|upkeep
|
|t:|1685846535
|switch|p2a: Volcarona|Volcarona, M|100/100
|turn|17
|
|t:|1685846539
|-terastallize|p1a: Urshifu|Water
|move|p1a: Urshifu|Aqua Jet|p2a: Volcarona
|-supereffective|p2a: Volcarona
|-damage|p2a: Volcarona|0 fnt
|faint|p2a: Volcarona
|
|upkeep
|
|t:|1685846543
|switch|p2a: Kingambit|Kingambit, F|100/100
|-damage|p2a: Kingambit|75/100|[from] Spikes
|-activate|p2a: Kingambit|ability: Supreme Overlord
|-start|p2a: Kingambit|fallen5|[silent]
|turn|18
|
|t:|1685846548
|move|p1a: Urshifu|Close Combat|p2a: Kingambit
|-supereffective|p2a: Kingambit
|-damage|p2a: Kingambit|0 fnt
|-unboost|p1a: Urshifu|def|1
|-unboost|p1a: Urshifu|spd|1
|faint|p2a: Kingambit
|-end|p2a: Kingambit|fallen5|[silent]
|
|win|d18l
|raw|d18l's rating: 1610 → 1634(+24 for winning)
|raw|Winterchillz's rating: 1674 → 1650(-24 for losing)
|l|‽Winterchillz
