|j|☆JoblessWorker
|j|☆CendolRGB
|t:|1685895522
|gametype|singles
|player|p1|JoblessWorker|blackbelt-gen4|1126
|player|p2|CendolRGB|hilbert-wonderlauncher|1094
|teamsize|p1|6
|teamsize|p2|6
|gen|9
|tier|[Gen 9] OU
|rated|
|rule|Sleep Clause Mod: Limit one foe put to sleep
|rule|Species Clause: Limit one of each Pokémon
|rule|OHKO Clause: OHKO moves are banned
|rule|Evasion Items Clause: Evasion items are banned
|rule|Evasion Moves Clause: Evasion moves are banned
|rule|Endless Battle Clause: Forcing endless battles is banned
|rule|HP Percentage Mod: HP is shown in percentages
|clearpoke
|poke|p1|Typhlosion, M|
|poke|p1|Sunflora, M|
|poke|p1|Torkoal, F|
|poke|p1|Leafeon, F|
|poke|p1|Walking Wake|
|poke|p1|Roaring Moon|
|poke|p2|Glaceon, F|
|poke|p2|Pawmot, M|
|poke|p2|Ceruledge, F|
|poke|p2|Decidueye-Hisui, M|
|poke|p2|Overqwil, M|
|poke|p2|Sylveon, F|
|teampreview
|inactive|Battle timer is ON: inactive players will automatically lose when time's up. (requested by JoblessWorker)
|
|t:|1685895537
|start
|switch|p1a: Mikoal Kane|Torkoal, F|100/100
|switch|p2a: Ceruledge|Ceruledge, F|100/100
|-weather|SunnyDay|[from] ability: Drought|[of] p1a: Mikoal Kane
|turn|1
|
|t:|1685895551
|move|p2a: Ceruledge|Close Combat|p1a: Mikoal Kane
|-damage|p1a: Mikoal Kane|73/100
|-unboost|p2a: Ceruledge|def|1
|-unboost|p2a: Ceruledge|spd|1
|move|p1a: Mikoal Kane|Yawn|p2a: Ceruledge
|-start|p2a: Ceruledge|move: Yawn|[of] p1a: Mikoal Kane
|
|-weather|SunnyDay|[upkeep]
|upkeep
|turn|2
|
|t:|1685895563
|switch|p2a: Glaceon|Glaceon, F|100/100
|switch|p1a: Typhlosion|Typhlosion, M|100/100
|
|-weather|SunnyDay|[upkeep]
|upkeep
|turn|3
|
|t:|1685895571
|move|p1a: Typhlosion|Eruption|p2a: Glaceon
|-supereffective|p2a: Glaceon
|-enditem|p2a: Glaceon|Focus Sash
|-damage|p2a: Glaceon|1/100
|move|p2a: Glaceon|Mirror Coat|p1a: Typhlosion
|-damage|p1a: Typhlosion|0 fnt
|faint|p1a: Typhlosion
|
|-weather|SunnyDay|[upkeep]
|upkeep
|
|t:|1685895588
|switch|p1a: Fefeon|Leafeon, F|100/100
|turn|4
|
|t:|1685895592
|move|p2a: Glaceon|Ice Shard|p1a: Fefeon
|-supereffective|p1a: Fefeon
|-damage|p1a: Fefeon|83/100
|move|p1a: Fefeon|Swords Dance|p1a: Fefeon
|-boost|p1a: Fefeon|atk|2
|
|-weather|SunnyDay|[upkeep]
|upkeep
|turn|5
|
|t:|1685895600
|move|p2a: Glaceon|Ice Shard|p1a: Fefeon
|-supereffective|p1a: Fefeon
|-damage|p1a: Fefeon|63/100
|move|p1a: Fefeon|Swords Dance|p1a: Fefeon
|-boost|p1a: Fefeon|atk|2
|
|-weather|SunnyDay|[upkeep]
|upkeep
|turn|6
|
|t:|1685895609
|move|p1a: Fefeon|Leaf Blade|p2a: Glaceon
|-damage|p2a: Glaceon|0 fnt
|faint|p2a: Glaceon
|
|-weather|SunnyDay|[upkeep]
|upkeep
|
|t:|1685895619
|switch|p2a: Ceruledge|Ceruledge, F|100/100
|turn|7
|
|t:|1685895627
|move|p1a: Fefeon|Leaf Blade|p2a: Ceruledge
|-resisted|p2a: Ceruledge
|-enditem|p2a: Ceruledge|Focus Sash
|-damage|p2a: Ceruledge|1/100
|-ability|p2a: Ceruledge|Weak Armor|boost
|-unboost|p2a: Ceruledge|def|1
|-boost|p2a: Ceruledge|spe|2
|move|p2a: Ceruledge|Bitter Blade|p1a: Fefeon
|-supereffective|p1a: Fefeon
|-damage|p1a: Fefeon|0 fnt
|-heal|p2a: Ceruledge|30/100|[from] drain|[of] p1a: Fefeon
|faint|p1a: Fefeon
|
|-weather|SunnyDay|[upkeep]
|upkeep
|n|!JoblessWorker|joblessworker
|
|t:|1685895651
|switch|p1a: Mikoal Kane|Torkoal, F|73/100
|turn|8
|
|t:|1685895669
|move|p2a: Ceruledge|Bitter Blade|p1a: Mikoal Kane
|-resisted|p1a: Mikoal Kane
|-damage|p1a: Mikoal Kane|49/100
|-heal|p2a: Ceruledge|44/100|[from] drain|[of] p1a: Mikoal Kane
|move|p1a: Mikoal Kane|Yawn|p2a: Ceruledge
|-start|p2a: Ceruledge|move: Yawn|[of] p1a: Mikoal Kane
|
|-weather|none
|upkeep
|turn|9
|
|t:|1685895680
|switch|p2a: Overqwil|Overqwil, M|100/100
|-ability|p2a: Overqwil|Intimidate|boost
|-unboost|p1a: Mikoal Kane|atk|1
|move|p1a: Mikoal Kane|Stealth Rock|p2a: Overqwil
|-sidestart|p2: CendolRGB|move: Stealth Rock
|
|upkeep
|turn|10
|
|t:|1685895690
|switch|p1a: Sunflora|Sunflora, M|100/100
|move|p2a: Overqwil|Liquidation|p1a: Sunflora
|-resisted|p1a: Sunflora
|-damage|p1a: Sunflora|73/100
|
|upkeep
|turn|11
|
|t:|1685895698
|move|p2a: Overqwil|Gunk Shot|p1a: Sunflora
|-supereffective|p1a: Sunflora
|-damage|p1a: Sunflora|0 fnt
|faint|p1a: Sunflora
|
|upkeep
|
|t:|1685895700
|switch|p1a: Mikoal Kane|Torkoal, F|49/100
|-weather|SunnyDay|[from] ability: Drought|[of] p1a: Mikoal Kane
|turn|12
|
|t:|1685895708
|move|p2a: Overqwil|Gunk Shot|p1a: Mikoal Kane
|-damage|p1a: Mikoal Kane|12/100
|move|p1a: Mikoal Kane|Flamethrower|p2a: Overqwil
|-crit|p2a: Overqwil
|-damage|p2a: Overqwil|2/100
|
|-weather|SunnyDay|[upkeep]
|upkeep
|turn|13
|
|t:|1685895717
|move|p2a: Overqwil|Liquidation|p1a: Mikoal Kane
|-supereffective|p1a: Mikoal Kane
|-damage|p1a: Mikoal Kane|0 fnt
|faint|p1a: Mikoal Kane
|
|-weather|SunnyDay|[upkeep]
|upkeep
|
|t:|1685895719
|switch|p1a: Roaring Goon|Roaring Moon|100/100
|-activate|p1a: Roaring Goon|ability: Protosynthesis
|-start|p1a: Roaring Goon|protosynthesisatk
|turn|14
|
|t:|1685895728
|move|p1a: Roaring Goon|Iron Head|p2a: Overqwil
|-damage|p2a: Overqwil|0 fnt
|-damage|p1a: Roaring Goon|84/100|[from] item: Rocky Helmet|[of] p2a: Overqwil
|faint|p2a: Overqwil
|
|-weather|SunnyDay|[upkeep]
|upkeep
|
|t:|1685895743
|switch|p2a: Decidueye|Decidueye-Hisui, M|100/100
|-damage|p2a: Decidueye|95/100|[from] Stealth Rock
|turn|15
|
|t:|1685895752
|-terastallize|p1a: Roaring Goon|Steel
|-terastallize|p2a: Decidueye|Steel
|move|p1a: Roaring Goon|Iron Head|p2a: Decidueye
|-resisted|p2a: Decidueye
|-damage|p2a: Decidueye|65/100
|move|p2a: Decidueye|Triple Arrows|p1a: Roaring Goon
|-supereffective|p1a: Roaring Goon
|-damage|p1a: Roaring Goon|0 fnt
|faint|p1a: Roaring Goon
|-end|p1a: Roaring Goon|Protosynthesis|[silent]
|
|-weather|SunnyDay|[upkeep]
|-heal|p2a: Decidueye|71/100|[from] item: Leftovers
|upkeep
|
|t:|1685895757
|switch|p1a: Walking Woke|Walking Wake|100/100
|-activate|p1a: Walking Woke|ability: Protosynthesis
|-start|p1a: Walking Woke|protosynthesisspa
|turn|16
|
|t:|1685895773
|move|p2a: Decidueye|Shadow Sneak|p1a: Walking Woke
|-damage|p1a: Walking Woke|88/100
|move|p1a: Walking Woke|Hydro Steam|p2a: Decidueye
|-damage|p2a: Decidueye|0 fnt
|faint|p2a: Decidueye
|
|-weather|SunnyDay|[upkeep]
|upkeep
|
|t:|1685895782
|switch|p2a: Ceruledge|Ceruledge, F|44/100
|-damage|p2a: Ceruledge|19/100|[from] Stealth Rock
|turn|17
|
|t:|1685895787
|move|p2a: Ceruledge|Shadow Sneak|p1a: Walking Woke
|-damage|p1a: Walking Woke|65/100
|move|p1a: Walking Woke|Hydro Steam|p2a: Ceruledge
|-supereffective|p2a: Ceruledge
|-damage|p2a: Ceruledge|0 fnt
|faint|p2a: Ceruledge
|
|-weather|SunnyDay|[upkeep]
|upkeep
|
|t:|1685895796
|switch|p2a: Sylveon|Sylveon, F|100/100
|-damage|p2a: Sylveon|88/100|[from] Stealth Rock
|turn|18
|
|t:|1685895803
|move|p1a: Walking Woke|Hydro Steam|p2a: Sylveon
|-damage|p2a: Sylveon|12/100
|move|p2a: Sylveon|Draining Kiss|p1a: Walking Woke
|-supereffective|p1a: Walking Woke
|-damage|p1a: Walking Woke|0 fnt
|-heal|p2a: Sylveon|61/100|[from] drain|[of] p1a: Walking Woke
|faint|p1a: Walking Woke
|-end|p1a: Walking Woke|Protosynthesis|[silent]
|-damage|p2a: Sylveon|51/100|[from] item: Life Orb
|
|win|CendolRGB
|raw|JoblessWorker's rating: 1126 → 1099(-27 for losing)
|raw|CendolRGB's rating: 1094 → 1122(+28 for winning)
