|j|☆Pa7riCK
|j|☆NaN9
|t:|1685856916
|gametype|singles
|player|p1|Pa7riCK|volkner|1359
|player|p2|NaN9|mars|1342
|teamsize|p1|6
|teamsize|p2|6
|gen|9
|tier|[Gen 9] OU
|rated|
|rule|Sleep Clause Mod: Limit one foe put to sleep
|rule|Species Clause: Limit one of each Pokémon
|rule|OHKO Clause: OHKO moves are banned
|rule|Evasion Items Clause: Evasion items are banned
|rule|Evasion Moves Clause: Evasion moves are banned
|rule|Endless Battle Clause: Forcing endless battles is banned
|rule|HP Percentage Mod: HP is shown in percentages
|clearpoke
|poke|p1|Landorus-Therian, M|
|poke|p1|Volcanion|
|poke|p1|Iron Valiant|
|poke|p1|Dragapult, M|
|poke|p1|Corviknight, F|
|poke|p1|Ursaluna, F|
|poke|p2|Meowscarada, F|
|poke|p2|Magearna|
|poke|p2|Chien-Pao|
|poke|p2|Hatterene, F|
|poke|p2|Ursaluna, M|
|poke|p2|Urshifu-*, M|
|teampreview
|inactive|Battle timer is ON: inactive players will automatically lose when time's up. (requested by NaN9)
|
|t:|1685856923
|start
|switch|p1a: Nacht|Dragapult, M, shiny|100/100
|switch|p2a: Meowscarada|Meowscarada, F|100/100
|turn|1
|
|t:|1685856934
|move|p2a: Meowscarada|Knock Off|p1a: Nacht
|-start|p2a: Meowscarada|typechange|Dark|[from] ability: Protean
|-supereffective|p1a: Nacht
|-damage|p1a: Nacht|0 fnt
|-enditem|p1a: Nacht|Choice Band|[from] move: Knock Off|[of] p2a: Meowscarada
|faint|p1a: Nacht
|
|upkeep
|
|t:|1685856941
|switch|p1a: Volcanion|Volcanion|100/100
|turn|2
|
|t:|1685856956
|move|p2a: Meowscarada|Knock Off|p1a: Volcanion
|-damage|p1a: Volcanion|54/100
|-enditem|p1a: Volcanion|Heavy-Duty Boots|[from] move: Knock Off|[of] p2a: Meowscarada
|move|p1a: Volcanion|Flamethrower|p2a: Meowscarada
|-damage|p2a: Meowscarada|32/100
|
|upkeep
|turn|3
|
|t:|1685856971
|switch|p2a: Urshifu|Urshifu-Rapid-Strike, M|100/100
|move|p1a: Volcanion|Steam Eruption|p2a: Urshifu
|-resisted|p2a: Urshifu
|-damage|p2a: Urshifu|60/100
|-status|p2a: Urshifu|brn
|
|-damage|p2a: Urshifu|54/100 brn|[from] brn
|upkeep
|turn|4
|
|t:|1685856987
|move|p2a: Urshifu|Trailblaze|p1a: Volcanion
|-damage|p1a: Volcanion|42/100
|-boost|p2a: Urshifu|spe|1
|-damage|p2a: Urshifu|44/100 brn|[from] item: Life Orb
|move|p1a: Volcanion|Earth Power|p2a: Urshifu
|-damage|p2a: Urshifu|0 fnt
|faint|p2a: Urshifu
|
|upkeep
|inactive|NaN9 has 120 seconds left.
|
|t:|1685857016
|switch|p2a: Chien-Pao|Chien-Pao|100/100
|-ability|p2a: Chien-Pao|Sword of Ruin
|turn|5
|
|t:|1685857028
|switch|p1a: Corviknight|Corviknight, F|100/100
|-ability|p1a: Corviknight|Pressure
|move|p2a: Chien-Pao|Crunch|p1a: Corviknight
|-damage|p1a: Corviknight|56/100
|
|-heal|p1a: Corviknight|62/100|[from] item: Leftovers
|upkeep
|turn|6
|
|t:|1685857046
|switch|p2a: Magearna|Magearna|100/100
|move|p1a: Corviknight|U-turn|p2a: Magearna
|-resisted|p2a: Magearna
|-damage|p2a: Magearna|97/100
|
|t:|1685857051
|switch|p1a: Ursaluna|Ursaluna, F, shiny|100/100|[from] U-turn
|
|-heal|p2a: Magearna|100/100|[from] item: Leftovers
|-status|p1a: Ursaluna|brn|[from] item: Flame Orb
|upkeep
|turn|7
|
|t:|1685857063
|move|p2a: Magearna|Fleur Cannon|p1a: Ursaluna
|-damage|p1a: Ursaluna|35/100 brn
|-unboost|p2a: Magearna|spa|2
|move|p1a: Ursaluna|Earthquake|p2a: Magearna
|-supereffective|p2a: Magearna
|-damage|p2a: Magearna|0 fnt
|faint|p2a: Magearna
|
|-damage|p1a: Ursaluna|29/100 brn|[from] brn
|upkeep
|inactive|NaN9 has 90 seconds left.
|
|t:|1685857085
|switch|p2a: Meowscarada|Meowscarada, F|32/100
|turn|8
|inactive|NaN9 has 90 seconds left.
|
|t:|1685857108
|switch|p1a: Corviknight|Corviknight, F|62/100
|-ability|p1a: Corviknight|Pressure
|move|p2a: Meowscarada|Spikes|p1a: Corviknight
|-start|p2a: Meowscarada|typechange|Ground|[from] ability: Protean
|-sidestart|p1: Pa7riCK|Spikes
|
|-heal|p1a: Corviknight|68/100|[from] item: Leftovers
|upkeep
|turn|9
|
|t:|1685857118
|move|p2a: Meowscarada|Spikes|p1a: Corviknight
|-sidestart|p1: Pa7riCK|Spikes
|move|p1a: Corviknight|Defog|p2a: Meowscarada
|-unboost|p2a: Meowscarada|evasion|1
|-sideend|p1: Pa7riCK|Spikes|[from] move: Defog|[of] p1a: Corviknight
|
|-heal|p1a: Corviknight|74/100|[from] item: Leftovers
|upkeep
|turn|10
|
|t:|1685857122
|move|p2a: Meowscarada|Spikes|p1a: Corviknight
|-sidestart|p1: Pa7riCK|Spikes
|move|p1a: Corviknight|Brave Bird|p2a: Meowscarada
|-damage|p2a: Meowscarada|0 fnt
|faint|p2a: Meowscarada
|-damage|p1a: Corviknight|66/100|[from] Recoil
|
|-heal|p1a: Corviknight|72/100|[from] item: Leftovers
|upkeep
|inactive|NaN9 has 90 seconds left.
|
|t:|1685857132
|switch|p2a: Hatterene|Hatterene, F|100/100
|turn|11
|
|t:|1685857138
|move|p1a: Corviknight|Defog|p2a: Hatterene
|move|p2a: Hatterene|Defog|p1a: Corviknight|[from]ability: Magic Bounce
|-unboost|p1a: Corviknight|evasion|1
|-sideend|p1: Pa7riCK|Spikes|[from] move: Defog|[of] p2a: Hatterene
|move|p2a: Hatterene|Trick Room|p2a: Hatterene
|-fieldstart|move: Trick Room|[of] p2a: Hatterene
|
|-heal|p1a: Corviknight|78/100|[from] item: Leftovers
|upkeep
|turn|12
|
|t:|1685857148
|switch|p2a: Ursaluna|Ursaluna, M|100/100
|move|p1a: Corviknight|Brave Bird|p2a: Ursaluna
|-damage|p2a: Ursaluna|75/100
|-damage|p1a: Corviknight|68/100|[from] Recoil
|
|-heal|p1a: Corviknight|74/100|[from] item: Leftovers
|-status|p2a: Ursaluna|brn|[from] item: Flame Orb
|upkeep
|turn|13
|
|t:|1685857156
|move|p2a: Ursaluna|Fire Punch|p1a: Corviknight
|-supereffective|p1a: Corviknight
|-damage|p1a: Corviknight|21/100
|move|p1a: Corviknight|U-turn|p2a: Ursaluna
|-damage|p2a: Ursaluna|65/100 brn
|
|t:|1685857159
|switch|p1a: Landorus|Landorus-Therian, M|100/100|[from] U-turn
|-ability|p1a: Landorus|Intimidate|boost
|-unboost|p2a: Ursaluna|atk|1
|
|-damage|p2a: Ursaluna|59/100 brn|[from] brn
|upkeep
|turn|14
|
|t:|1685857169
|switch|p1a: Corviknight|Corviknight, F|21/100
|-ability|p1a: Corviknight|Pressure
|move|p2a: Ursaluna|Swords Dance|p2a: Ursaluna
|-boost|p2a: Ursaluna|atk|2
|
|-heal|p1a: Corviknight|27/100|[from] item: Leftovers
|-damage|p2a: Ursaluna|53/100 brn|[from] brn
|upkeep
|turn|15
|
|t:|1685857175
|move|p2a: Ursaluna|Facade|p1a: Corviknight
|-resisted|p1a: Corviknight
|-damage|p1a: Corviknight|0 fnt
|faint|p1a: Corviknight
|
|-damage|p2a: Ursaluna|47/100 brn|[from] brn
|-fieldend|move: Trick Room
|upkeep
|
|t:|1685857180
|switch|p1a: Saber|Iron Valiant, shiny|100/100
|turn|16
|
|t:|1685857186
|move|p1a: Saber|Moonblast|p2a: Ursaluna
|-damage|p2a: Ursaluna|4/100 brn
|move|p2a: Ursaluna|Facade|p1a: Saber
|-damage|p1a: Saber|0 fnt
|faint|p1a: Saber
|-end|p1a: Saber|Quark Drive|[silent]
|
|-damage|p2a: Ursaluna|0 fnt|[from] brn
|faint|p2a: Ursaluna
|upkeep
|
|t:|1685857196
|switch|p1a: Volcanion|Volcanion|42/100
|switch|p2a: Chien-Pao|Chien-Pao|100/100
|-ability|p2a: Chien-Pao|Sword of Ruin
|turn|17
|
|t:|1685857204
|-terastallize|p2a: Chien-Pao|Dark
|move|p2a: Chien-Pao|Crunch|p1a: Volcanion
|-damage|p1a: Volcanion|0 fnt
|faint|p1a: Volcanion
|
|upkeep
|
|t:|1685857208
|switch|p1a: Landorus|Landorus-Therian, M|100/100
|-ability|p1a: Landorus|Intimidate|boost
|-unboost|p2a: Chien-Pao|atk|1
|turn|18
|
|t:|1685857218
|switch|p2a: Hatterene|Hatterene, F|100/100
|-terastallize|p1a: Landorus|Water
|move|p1a: Landorus|U-turn|p2a: Hatterene
|-damage|p2a: Hatterene|76/100
|
|t:|1685857221
|switch|p1a: Ursaluna|Ursaluna, F, shiny|29/100 brn|[from] U-turn
|
|-heal|p2a: Hatterene|82/100|[from] item: Leftovers
|-damage|p1a: Ursaluna|23/100 brn|[from] brn
|upkeep
|turn|19
|
|t:|1685857230
|move|p1a: Ursaluna|Facade|p2a: Hatterene
|-damage|p2a: Hatterene|0 fnt
|faint|p2a: Hatterene
|
|-damage|p1a: Ursaluna|17/100 brn|[from] brn
|upkeep
|
|t:|1685857234
|switch|p2a: Chien-Pao|Chien-Pao, tera:Dark|100/100
|-ability|p2a: Chien-Pao|Sword of Ruin
|turn|20
|
|t:|1685857241
|move|p2a: Chien-Pao|Crunch|p1a: Ursaluna
|-damage|p1a: Ursaluna|0 fnt
|faint|p1a: Ursaluna
|
|upkeep
|
|t:|1685857244
|switch|p1a: Landorus|Landorus-Therian, M, tera:Water|100/100
|-ability|p1a: Landorus|Intimidate|boost
|-unboost|p2a: Chien-Pao|atk|1
|turn|21
|
|t:|1685857250
|move|p2a: Chien-Pao|Crunch|p1a: Landorus
|-damage|p1a: Landorus|31/100
|move|p1a: Landorus|U-turn|p2a: Chien-Pao
|-supereffective|p2a: Chien-Pao
|-damage|p2a: Chien-Pao|42/100
|
|-heal|p1a: Landorus|37/100|[from] item: Leftovers
|upkeep
|turn|22
|
|t:|1685857257
|move|p2a: Chien-Pao|Crunch|p1a: Landorus
|-damage|p1a: Landorus|0 fnt
|faint|p1a: Landorus
|
|win|NaN9
|raw|Pa7riCK's rating: 1359 → 1338(-21 for losing)
|raw|NaN9's rating: 1342 → 1363(+21 for winning)
|c|☆NaN9|gg
|l|☆Pa7riCK
