|j|☆emre1905
|j|☆Thraxxedout!
|t:|1685874374
|gametype|singles
|player|p1|emre1905|mars|1219
|player|p2|Thraxxedout!|janine|1213
|teamsize|p1|6
|teamsize|p2|6
|gen|9
|tier|[Gen 9] OU
|rated|
|rule|Sleep Clause Mod: Limit one foe put to sleep
|rule|Species Clause: Limit one of each Pokémon
|rule|OHKO Clause: OHKO moves are banned
|rule|Evasion Items Clause: Evasion items are banned
|rule|Evasion Moves Clause: Evasion moves are banned
|rule|Endless Battle Clause: Forcing endless battles is banned
|rule|HP Percentage Mod: HP is shown in percentages
|clearpoke
|poke|p1|Avalugg-Hisui, M|
|poke|p1|Cresselia, F|
|poke|p1|Armarouge, F|
|poke|p1|Ursaluna, F|
|poke|p1|Azumarill, M|
|poke|p1|Lilligant-Hisui, F|
|poke|p2|Zapdos|
|poke|p2|Urshifu-*, M|
|poke|p2|Walking Wake|
|poke|p2|Pelipper, M|
|poke|p2|Amoonguss, M|
|poke|p2|Goodra-Hisui, M|
|teampreview
|c|☆emre1905|gl hf
|
|t:|1685874389
|start
|switch|p1a: Azumarill|Azumarill, M|100/100
|switch|p2a: Amoonguss|Amoonguss, M|100/100
|turn|1
|
|t:|1685874400
|switch|p1a: Avalugg|Avalugg-Hisui, M|100/100
|move|p2a: Amoonguss|Sludge Bomb|p1a: Avalugg
|-resisted|p1a: Avalugg
|-damage|p1a: Avalugg|76/100
|
|upkeep
|turn|2
|
|t:|1685874408
|move|p2a: Amoonguss|Spore|p1a: Avalugg
|-status|p1a: Avalugg|slp|[from] move: Spore
|cant|p1a: Avalugg|slp
|
|upkeep
|turn|3
|
|t:|1685874414
|move|p2a: Amoonguss|Foul Play|p1a: Avalugg
|-damage|p1a: Avalugg|57/100 slp
|cant|p1a: Avalugg|slp
|
|upkeep
|turn|4
|
|t:|1685874423
|switch|p2a: Urshifu|Urshifu-Rapid-Strike, M|100/100
|-curestatus|p1a: Avalugg|slp|[msg]
|move|p1a: Avalugg|Mountain Gale|p2a: Urshifu
|-resisted|p2a: Urshifu
|-damage|p2a: Urshifu|72/100
|
|upkeep
|turn|5
|
|t:|1685874432
|switch|p1a: Azumarill|Azumarill, M|100/100
|move|p2a: Urshifu|Surging Strikes|p1a: Azumarill
|-resisted|p1a: Azumarill
|-crit|p1a: Azumarill
|-damage|p1a: Azumarill|84/100
|-resisted|p1a: Azumarill
|-crit|p1a: Azumarill
|-damage|p1a: Azumarill|71/100
|-resisted|p1a: Azumarill
|-crit|p1a: Azumarill
|-damage|p1a: Azumarill|56/100
|-hitcount|p1a: Azumarill|3
|
|upkeep
|turn|6
|
|t:|1685874450
|move|p2a: Urshifu|Surging Strikes|p1a: Azumarill
|-resisted|p1a: Azumarill
|-crit|p1a: Azumarill
|-damage|p1a: Azumarill|40/100
|-resisted|p1a: Azumarill
|-crit|p1a: Azumarill
|-damage|p1a: Azumarill|26/100
|-resisted|p1a: Azumarill
|-crit|p1a: Azumarill
|-damage|p1a: Azumarill|12/100
|-enditem|p1a: Azumarill|Aguav Berry|[eat]
|-heal|p1a: Azumarill|45/100|[from] item: Aguav Berry
|-hitcount|p1a: Azumarill|3
|move|p1a: Azumarill|Play Rough|p2a: Urshifu
|-supereffective|p2a: Urshifu
|-damage|p2a: Urshifu|0 fnt
|faint|p2a: Urshifu
|
|upkeep
|
|t:|1685874470
|switch|p2a: Pelipper|Pelipper, M|100/100
|-weather|RainDance|[from] ability: Drizzle|[of] p2a: Pelipper
|turn|7
|
|t:|1685874479
|move|p2a: Pelipper|Hurricane|p1a: Azumarill
|-damage|p1a: Azumarill|9/100
|move|p1a: Azumarill|Play Rough|p2a: Pelipper|[miss]
|-miss|p1a: Azumarill|p2a: Pelipper
|
|-weather|RainDance|[upkeep]
|upkeep
|turn|8
|
|t:|1685874489
|switch|p1a: Cresselia|Cresselia, F|100/100
|move|p2a: Pelipper|U-turn|p1a: Cresselia
|-supereffective|p1a: Cresselia
|-damage|p1a: Cresselia|87/100
|
|t:|1685874501
|switch|p2a: Amoonguss|Amoonguss, M|100/100|[from] U-turn
|
|-weather|RainDance|[upkeep]
|-heal|p1a: Cresselia|93/100|[from] item: Leftovers
|upkeep
|turn|9
|
|t:|1685874514
|move|p1a: Cresselia|Psychic|p2a: Amoonguss
|-supereffective|p2a: Amoonguss
|-damage|p2a: Amoonguss|59/100
|move|p2a: Amoonguss|Spore|p1a: Cresselia
|-status|p1a: Cresselia|slp|[from] move: Spore
|
|-weather|RainDance|[upkeep]
|-heal|p1a: Cresselia|99/100 slp|[from] item: Leftovers
|upkeep
|turn|10
|
|t:|1685874535
|switch|p1a: Ursaluna|Ursaluna, F|100/100
|move|p2a: Amoonguss|Sludge Bomb|p1a: Ursaluna
|-resisted|p1a: Ursaluna
|-damage|p1a: Ursaluna|88/100
|-status|p1a: Ursaluna|psn
|
|-weather|RainDance|[upkeep]
|-damage|p1a: Ursaluna|75/100 psn|[from] psn
|upkeep
|turn|11
|
|t:|1685874549
|move|p1a: Ursaluna|Facade|p2a: Amoonguss
|-damage|p2a: Amoonguss|0 fnt
|-damage|p1a: Ursaluna|59/100 psn|[from] item: Rocky Helmet|[of] p2a: Amoonguss
|faint|p2a: Amoonguss
|
|-weather|RainDance|[upkeep]
|-damage|p1a: Ursaluna|46/100 psn|[from] psn
|upkeep
|
|t:|1685874555
|switch|p2a: Walking Wake|Walking Wake|100/100
|turn|12
|
|t:|1685874575
|switch|p1a: Cresselia|Cresselia, F|99/100 slp
|move|p2a: Walking Wake|Hydro Steam|p1a: Cresselia
|-damage|p1a: Cresselia|62/100 slp
|-damage|p2a: Walking Wake|91/100|[from] item: Life Orb
|
|-weather|RainDance|[upkeep]
|-heal|p1a: Cresselia|68/100 slp|[from] item: Leftovers
|upkeep
|turn|13
|
|t:|1685874584
|cant|p1a: Cresselia|slp
|move|p2a: Walking Wake|Roar|p1a: Cresselia
|drag|p1a: Armarouge|Armarouge, F|100/100
|
|-weather|RainDance|[upkeep]
|upkeep
|turn|14
|
|t:|1685874614
|-terastallize|p1a: Armarouge|Grass
|move|p2a: Walking Wake|Roar|p1a: Armarouge
|drag|p1a: Lilligant|Lilligant-Hisui, F|100/100
|
|-weather|none
|upkeep
|turn|15
|
|t:|1685874638
|switch|p1a: Azumarill|Azumarill, M|9/100
|move|p2a: Walking Wake|Hurricane|p1a: Azumarill
|-damage|p1a: Azumarill|0 fnt
|faint|p1a: Azumarill
|-damage|p2a: Walking Wake|81/100|[from] item: Life Orb
|
|upkeep
|
|t:|1685874645
|switch|p1a: Cresselia|Cresselia, F|68/100 slp
|turn|16
|
|t:|1685874659
|-curestatus|p1a: Cresselia|slp|[msg]
|move|p1a: Cresselia|Moonlight|p1a: Cresselia
|-heal|p1a: Cresselia|100/100
|move|p2a: Walking Wake|Roar|p1a: Cresselia
|drag|p1a: Lilligant|Lilligant-Hisui, F|100/100
|
|upkeep
|turn|17
|
|t:|1685874683
|-end|p2a: Walking Wake|Protosynthesis|[silent]
|switch|p2a: Pelipper|Pelipper, M|100/100
|-weather|RainDance|[from] ability: Drizzle|[of] p2a: Pelipper
|switch|p1a: Cresselia|Cresselia, F|100/100
|
|-weather|RainDance|[upkeep]
|upkeep
|turn|18
|
|t:|1685874692
|move|p2a: Pelipper|Hurricane|p1a: Cresselia
|-damage|p1a: Cresselia|81/100
|-start|p1a: Cresselia|confusion
|-activate|p1a: Cresselia|confusion
|move|p1a: Cresselia|Trick Room|p1a: Cresselia
|-fieldstart|move: Trick Room|[of] p1a: Cresselia
|
|-weather|RainDance|[upkeep]
|-heal|p1a: Cresselia|87/100|[from] item: Leftovers
|upkeep
|turn|19
|
|t:|1685874710
|move|p2a: Pelipper|Surf|p1a: Cresselia
|-damage|p1a: Cresselia|64/100
|-activate|p1a: Cresselia|confusion
|move|p1a: Cresselia|Moonlight|p1a: Cresselia
|-heal|p1a: Cresselia|89/100
|
|-weather|RainDance|[upkeep]
|-heal|p1a: Cresselia|96/100|[from] item: Leftovers
|upkeep
|turn|20
|
|t:|1685874729
|move|p2a: Pelipper|Hurricane|p1a: Cresselia
|-damage|p1a: Cresselia|76/100
|-activate|p1a: Cresselia|confusion
|move|p1a: Cresselia|Psychic|p2a: Pelipper
|-damage|p2a: Pelipper|68/100
|
|-weather|RainDance|[upkeep]
|-heal|p1a: Cresselia|82/100|[from] item: Leftovers
|upkeep
|turn|21
|
|t:|1685874737
|move|p2a: Pelipper|Hurricane|p1a: Cresselia
|-damage|p1a: Cresselia|62/100
|-end|p1a: Cresselia|confusion
|move|p1a: Cresselia|Psychic|p2a: Pelipper
|-damage|p2a: Pelipper|34/100
|
|-weather|RainDance|[upkeep]
|-heal|p1a: Cresselia|69/100|[from] item: Leftovers
|upkeep
|turn|22
|
|t:|1685874745
|move|p2a: Pelipper|Roost|p2a: Pelipper
|-heal|p2a: Pelipper|84/100
|-singleturn|p2a: Pelipper|move: Roost
|move|p1a: Cresselia|Moonlight|p1a: Cresselia
|-heal|p1a: Cresselia|94/100
|
|-weather|RainDance|[upkeep]
|-heal|p1a: Cresselia|99/100|[from] item: Leftovers
|-fieldend|move: Trick Room
|upkeep
|turn|23
|
|t:|1685874760
|move|p2a: Pelipper|Hurricane|p1a: Cresselia
|-damage|p1a: Cresselia|82/100
|move|p1a: Cresselia|Trick Room|p1a: Cresselia
|-fieldstart|move: Trick Room|[of] p1a: Cresselia
|
|-weather|RainDance|[upkeep]
|-heal|p1a: Cresselia|89/100|[from] item: Leftovers
|upkeep
|turn|24
|
|t:|1685874776
|move|p2a: Pelipper|Hurricane|p1a: Cresselia
|-damage|p1a: Cresselia|71/100
|move|p1a: Cresselia|Lunar Dance|p1a: Cresselia
|faint|p1a: Cresselia
|
|-weather|none
|upkeep
|
|t:|1685874781
|switch|p1a: Ursaluna|Ursaluna, F|46/100 psn
|-heal|p1a: Ursaluna|100/100|[from] move: Lunar Dance
|turn|25
|
|t:|1685874798
|move|p1a: Ursaluna|Facade|p2a: Pelipper
|-damage|p2a: Pelipper|53/100
|move|p2a: Pelipper|Surf|p1a: Ursaluna
|-supereffective|p1a: Ursaluna
|-damage|p1a: Ursaluna|50/100
|
|-status|p1a: Ursaluna|brn|[from] item: Flame Orb
|upkeep
|turn|26
|
|t:|1685874809
|switch|p2a: Goodra|Goodra-Hisui, M|100/100
|move|p1a: Ursaluna|Facade|p2a: Goodra
|-resisted|p2a: Goodra
|-damage|p2a: Goodra|36/100
|
|-heal|p2a: Goodra|42/100|[from] item: Leftovers
|-damage|p1a: Ursaluna|44/100 brn|[from] brn
|upkeep
|turn|27
|
|t:|1685874818
|switch|p2a: Pelipper|Pelipper, M|53/100
|-weather|RainDance|[from] ability: Drizzle|[of] p2a: Pelipper
|move|p1a: Ursaluna|Facade|p2a: Pelipper
|-damage|p2a: Pelipper|0 fnt
|faint|p2a: Pelipper
|
|-weather|RainDance|[upkeep]
|-damage|p1a: Ursaluna|38/100 brn|[from] brn
|-fieldend|move: Trick Room
|upkeep
|
|t:|1685874831
|switch|p2a: Walking Wake|Walking Wake|81/100
|turn|28
|
|t:|1685874839
|switch|p1a: Lilligant|Lilligant-Hisui, F|100/100
|move|p2a: Walking Wake|Hydro Steam|p1a: Lilligant
|-resisted|p1a: Lilligant
|-damage|p1a: Lilligant|38/100
|-damage|p2a: Walking Wake|71/100|[from] item: Life Orb
|
|-weather|RainDance|[upkeep]
|upkeep
|turn|29
|
|t:|1685874853
|move|p2a: Walking Wake|Hurricane|p1a: Lilligant
|-supereffective|p1a: Lilligant
|-damage|p1a: Lilligant|0 fnt
|faint|p1a: Lilligant
|-damage|p2a: Walking Wake|62/100|[from] item: Life Orb
|
|-weather|RainDance|[upkeep]
|upkeep
|
|t:|1685874869
|switch|p1a: Armarouge|Armarouge, F, tera:Grass|100/100
|turn|30
|
|t:|1685874874
|move|p2a: Walking Wake|Hurricane|p1a: Armarouge
|-supereffective|p1a: Armarouge
|-damage|p1a: Armarouge|0 fnt
|faint|p1a: Armarouge
|-damage|p2a: Walking Wake|52/100|[from] item: Life Orb
|
|-weather|RainDance|[upkeep]
|upkeep
|
|t:|1685874881
|switch|p1a: Avalugg|Avalugg-Hisui, M|57/100
|turn|31
|
|t:|1685874887
|move|p2a: Walking Wake|Draco Meteor|p1a: Avalugg
|-damage|p1a: Avalugg|0 fnt
|-unboost|p2a: Walking Wake|spa|2
|faint|p1a: Avalugg
|-damage|p2a: Walking Wake|42/100|[from] item: Life Orb
|
|-weather|RainDance|[upkeep]
|upkeep
|
|t:|1685874894
|switch|p1a: Ursaluna|Ursaluna, F|38/100 brn
|turn|32
|c|☆emre1905|gg
|
|t:|1685874900
|move|p2a: Walking Wake|Hydro Steam|p1a: Ursaluna
|-supereffective|p1a: Ursaluna
|-damage|p1a: Ursaluna|0 fnt
|faint|p1a: Ursaluna
|-damage|p2a: Walking Wake|32/100|[from] item: Life Orb
|
|win|Thraxxedout!
|raw|emre1905's rating: 1219 → 1194(-25 for losing)
|raw|Thraxxedout!'s rating: 1213 → 1238(+25 for winning)
|l|☆emre1905
