|j|☆JulZChota
|j|☆mc rapper 3
|t:|1685909941
|gametype|singles
|player|p1|JulZChota|101|1120
|player|p2|mc rapper 3|clemont|1225
|teamsize|p1|6
|teamsize|p2|6
|gen|9
|tier|[Gen 9] OU
|rated|
|rule|Sleep Clause Mod: Limit one foe put to sleep
|rule|Species Clause: Limit one of each Pokémon
|rule|OHKO Clause: OHKO moves are banned
|rule|Evasion Items Clause: Evasion items are banned
|rule|Evasion Moves Clause: Evasion moves are banned
|rule|Endless Battle Clause: Forcing endless battles is banned
|rule|HP Percentage Mod: HP is shown in percentages
|clearpoke
|poke|p1|Kingambit, M|
|poke|p1|Landorus-Therian, M|
|poke|p1|Rotom-Wash|
|poke|p1|Electrode-Hisui|
|poke|p1|Torkoal, M|
|poke|p1|Lilligant-Hisui, F|
|poke|p2|Ursaluna, M|
|poke|p2|Glastrier|
|poke|p2|Hatterene, F|
|poke|p2|Kingambit, M|
|poke|p2|Cresselia, F|
|poke|p2|Magearna|
|teampreview
|
|t:|1685909948
|start
|switch|p1a: Electrode|Electrode-Hisui|100/100
|switch|p2a: Zé colmeia|Ursaluna, M|100/100
|turn|1
|
|t:|1685909955
|-terastallize|p2a: Zé colmeia|Normal
|move|p1a: Electrode|Chloroblast|p2a: Zé colmeia
|-damage|p2a: Zé colmeia|20/100
|-damage|p1a: Electrode|50/100|[from] chloroblast
|move|p2a: Zé colmeia|Swords Dance|p2a: Zé colmeia
|-boost|p2a: Zé colmeia|atk|2
|
|-status|p2a: Zé colmeia|brn|[from] item: Flame Orb
|upkeep
|turn|2
|
|t:|1685909964
|move|p1a: Electrode|Chloroblast|p2a: Zé colmeia
|-damage|p2a: Zé colmeia|0 fnt
|-damage|p1a: Electrode|0 fnt|[from] chloroblast
|faint|p1a: Electrode
|faint|p2a: Zé colmeia
|
|upkeep
|
|t:|1685909970
|switch|p1a: Torkoal|Torkoal, M|100/100
|switch|p2a: Animan studios|Cresselia, F, shiny|100/100
|-weather|SunnyDay|[from] ability: Drought|[of] p1a: Torkoal
|turn|3
|
|t:|1685909974
|move|p1a: Torkoal|Yawn|p2a: Animan studios
|-start|p2a: Animan studios|move: Yawn|[of] p1a: Torkoal
|move|p2a: Animan studios|Trick Room|p2a: Animan studios
|-fieldstart|move: Trick Room|[of] p2a: Animan studios
|
|-weather|SunnyDay|[upkeep]
|upkeep
|turn|4
|
|t:|1685909981
|switch|p2a: Glastrier|Glastrier|100/100
|move|p1a: Torkoal|Eruption|p2a: Glastrier
|-supereffective|p2a: Glastrier
|-damage|p2a: Glastrier|0 fnt
|faint|p2a: Glastrier
|
|-weather|SunnyDay|[upkeep]
|upkeep
|
|t:|1685909987
|switch|p2a: Meia nove|Magearna|100/100
|turn|5
|
|t:|1685909991
|move|p1a: Torkoal|Eruption|p2a: Meia nove
|-supereffective|p2a: Meia nove
|-damage|p2a: Meia nove|0 fnt
|faint|p2a: Meia nove
|
|-weather|SunnyDay|[upkeep]
|upkeep
|
|t:|1685909995
|switch|p2a: Miraculus|Hatterene, F|100/100
|turn|6
|
|t:|1685909999
|move|p1a: Torkoal|Eruption|p2a: Miraculus
|-enditem|p2a: Miraculus|Focus Sash
|-damage|p2a: Miraculus|1/100
|move|p2a: Miraculus|Psychic|p1a: Torkoal
|-damage|p1a: Torkoal|32/100
|
|-weather|SunnyDay|[upkeep]
|upkeep
|turn|7
|
|t:|1685910007
|move|p1a: Torkoal|Rapid Spin|p2a: Miraculus
|-damage|p2a: Miraculus|0 fnt
|-boost|p1a: Torkoal|spe|1
|faint|p2a: Miraculus
|
|-weather|SunnyDay|[upkeep]
|-fieldend|move: Trick Room
|upkeep
|
|t:|1685910011
|switch|p2a: Animan studios|Cresselia, F, shiny|100/100
|turn|8
|
|t:|1685910014
|move|p1a: Torkoal|Eruption|p2a: Animan studios
|-crit|p2a: Animan studios
|-damage|p2a: Animan studios|69/100
|move|p2a: Animan studios|Trick Room|p2a: Animan studios
|-fieldstart|move: Trick Room|[of] p2a: Animan studios
|
|-weather|SunnyDay|[upkeep]
|upkeep
|turn|9
|inactive|Battle timer is ON: inactive players will automatically lose when time's up. (requested by JulZChota)
|
|t:|1685910088
|move|p1a: Torkoal|Yawn|p2a: Animan studios
|-start|p2a: Animan studios|move: Yawn|[of] p1a: Torkoal
|move|p2a: Animan studios|Tera Blast|p1a: Torkoal
|-damage|p1a: Torkoal|6/100
|
|-weather|SunnyDay|[upkeep]
|upkeep
|turn|10
|
|t:|1685910102
|switch|p1a: Rotom|Rotom-Wash|100/100
|move|p2a: Animan studios|Tera Blast|p1a: Rotom
|-damage|p1a: Rotom|72/100
|
|-weather|none
|-end|p2a: Animan studios|move: Yawn|[silent]
|-status|p2a: Animan studios|slp
|upkeep
|turn|11
|
|t:|1685910109
|switch|p2a: Samurai Jack|Kingambit, M|100/100
|-activate|p2a: Samurai Jack|ability: Supreme Overlord
|-start|p2a: Samurai Jack|fallen4|[silent]
|move|p1a: Rotom|Hydro Pump|p2a: Samurai Jack
|-damage|p2a: Samurai Jack|57/100
|
|-heal|p2a: Samurai Jack|63/100|[from] item: Leftovers
|upkeep
|turn|12
|
|t:|1685910117
|switch|p1a: Landorus|Landorus-Therian, M|100/100
|-ability|p1a: Landorus|Intimidate|boost
|-unboost|p2a: Samurai Jack|atk|1
|move|p2a: Samurai Jack|Kowtow Cleave|p1a: Landorus
|-damage|p1a: Landorus|45/100
|
|-heal|p2a: Samurai Jack|69/100|[from] item: Leftovers
|-fieldend|move: Trick Room
|upkeep
|turn|13
|
|t:|1685910125
|-end|p2a: Samurai Jack|fallen4|[silent]
|switch|p2a: Animan studios|Cresselia, F, shiny|69/100 slp
|move|p1a: Landorus|Taunt|p2a: Animan studios
|-start|p2a: Animan studios|move: Taunt
|
|upkeep
|turn|14
|
|t:|1685910130
|move|p1a: Landorus|Earthquake|p2a: Animan studios
|-immune|p2a: Animan studios|[from] ability: Levitate
|cant|p2a: Animan studios|slp
|
|upkeep
|turn|15
|
|t:|1685910136
|move|p1a: Landorus|Rock Slide|p2a: Animan studios
|-damage|p2a: Animan studios|41/100 slp
|-damage|p1a: Landorus|35/100|[from] item: Life Orb
|-curestatus|p2a: Animan studios|slp|[msg]
|cant|p2a: Animan studios|flinch
|
|-end|p2a: Animan studios|move: Taunt
|upkeep
|turn|16
|
|t:|1685910144
|move|p1a: Landorus|Taunt|p2a: Animan studios
|-start|p2a: Animan studios|move: Taunt
|move|p2a: Animan studios|Ice Beam|p1a: Landorus
|-supereffective|p1a: Landorus
|-damage|p1a: Landorus|0 fnt
|faint|p1a: Landorus
|
|upkeep
|
|t:|1685910151
|switch|p1a: Lilligant|Lilligant-Hisui, F|100/100
|turn|17
|
|t:|1685910159
|switch|p1a: Torkoal|Torkoal, M|6/100
|-weather|SunnyDay|[from] ability: Drought|[of] p1a: Torkoal
|move|p2a: Animan studios|Ice Beam|p1a: Torkoal
|-resisted|p1a: Torkoal
|-damage|p1a: Torkoal|0 fnt
|faint|p1a: Torkoal
|
|-weather|SunnyDay|[upkeep]
|upkeep
|
|t:|1685910165
|switch|p1a: Lilligant|Lilligant-Hisui, F|100/100
|turn|18
|
|t:|1685910168
|move|p1a: Lilligant|Solar Blade||[still]
|-prepare|p1a: Lilligant|Solar Blade
|-anim|p1a: Lilligant|Solar Blade|p2a: Animan studios
|-damage|p2a: Animan studios|0 fnt
|faint|p2a: Animan studios
|
|-weather|SunnyDay|[upkeep]
|upkeep
|
|t:|1685910173
|switch|p2a: Samurai Jack|Kingambit, M|69/100
|-activate|p2a: Samurai Jack|ability: Supreme Overlord
|-start|p2a: Samurai Jack|fallen5|[silent]
|turn|19
|
|t:|1685910177
|move|p2a: Samurai Jack|Sucker Punch|p1a: Lilligant
|-resisted|p1a: Lilligant
|-damage|p1a: Lilligant|56/100
|move|p1a: Lilligant|Axe Kick|p2a: Samurai Jack
|-supereffective|p2a: Samurai Jack
|-damage|p2a: Samurai Jack|0 fnt
|faint|p2a: Samurai Jack
|-end|p2a: Samurai Jack|fallen5|[silent]
|
|win|JulZChota
|raw|JulZChota's rating: 1120 → 1152(+32 for winning)
|raw|mc rapper 3's rating: 1225 → 1193(-32 for losing)
|l|☆mc rapper 3
