|html|[Gen 9] OU is currently suspecting Walking Wake! For information on how to participate check out the suspect thread.
|j|☆KKirby
|j|☆blimaxdoesntpostLs
|t:|1678237432
|gametype|singles
|player|p1|KKirby|266|1968
|player|p2|blimaxdoesntpostLs|170|2026
|teamsize|p1|6
|teamsize|p2|6
|gen|9
|tier|[Gen 9] OU
|rated|
|rule|Sleep Clause Mod: Limit one foe put to sleep
|rule|Species Clause: Limit one of each Pokémon
|rule|OHKO Clause: OHKO moves are banned
|rule|Evasion Items Clause: Evasion items are banned
|rule|Evasion Moves Clause: Evasion moves are banned
|rule|Endless Battle Clause: Forcing endless battles is banned
|rule|HP Percentage Mod: HP is shown in percentages
|clearpoke
|poke|p1|Dragonite, F|
|poke|p1|Azumarill, F|
|poke|p1|Great Tusk|
|poke|p1|Breloom, F|
|poke|p1|Roaring Moon|
|poke|p1|Zoroark-Hisui, M|
|poke|p2|Clodsire, F|
|poke|p2|Dondozo, F|
|poke|p2|Alomomola, M|
|poke|p2|Talonflame, M|
|poke|p2|Toxapex, M|
|poke|p2|Blissey, F|
|teampreview
|j| Javitxukrut
|j| tapu moxo
|inactive|Battle timer is ON: inactive players will automatically lose when time's up. (requested by KKirby)
|
|t:|1678237516
|start
|switch|p1a: Great Tusk|Great Tusk|100/100
|switch|p2a: Toxapex|Toxapex, M|100/100
|turn|1
|
|t:|1678237524
|move|p1a: Great Tusk|Stealth Rock|p2a: Toxapex
|-sidestart|p2: blimaxdoesntpostLs|move: Stealth Rock
|move|p2a: Toxapex|Toxic|p1a: Great Tusk
|-status|p1a: Great Tusk|tox
|
|-damage|p1a: Great Tusk|94/100 tox|[from] psn
|upkeep
|turn|2
|
|t:|1678237527
|switch|p2a: Alomomola|Alomomola, M|100/100
|move|p1a: Great Tusk|Knock Off|p2a: Alomomola
|-damage|p2a: Alomomola|80/100
|-enditem|p2a: Alomomola|Heavy-Duty Boots|[from] move: Knock Off|[of] p1a: Great Tusk
|
|-damage|p1a: Great Tusk|82/100 tox|[from] psn
|upkeep
|turn|3
|j| KentoJujutsuKaisen
|
|t:|1678237539
|move|p1a: Great Tusk|Headlong Rush|p2a: Alomomola
|-damage|p2a: Alomomola|42/100
|-unboost|p1a: Great Tusk|def|1
|-unboost|p1a: Great Tusk|spd|1
|move|p2a: Alomomola|Whirlpool|p1a: Great Tusk
|-supereffective|p1a: Great Tusk
|-damage|p1a: Great Tusk|54/100 tox
|-activate|p1a: Great Tusk|move: Whirlpool|[of] p2a: Alomomola
|
|-damage|p1a: Great Tusk|36/100 tox|[from] psn
|-damage|p1a: Great Tusk|23/100 tox|[from] move: Whirlpool|[partiallytrapped]
|upkeep
|turn|4
|
|t:|1678237544
|move|p2a: Alomomola|Protect|p2a: Alomomola
|-singleturn|p2a: Alomomola|Protect
|move|p1a: Great Tusk|Headlong Rush|p2a: Alomomola
|-activate|p2a: Alomomola|move: Protect
|
|-damage|p1a: Great Tusk|0 fnt|[from] psn
|faint|p1a: Great Tusk
|-end|p1a: Great Tusk|Protosynthesis|[silent]
|upkeep
|
|t:|1678237554
|switch|p1a: Azumarill|Azumarill, F|100/100
|turn|5
|
|t:|1678237562
|switch|p1a: Breloom|Breloom, F|100/100
|switch|p2a: Toxapex|Toxapex, M|100/100
|
|upkeep
|turn|6
|
|t:|1678237569
|switch|p2a: Dondozo|Dondozo, F|100/100
|move|p1a: Breloom|Spore|p2a: Dondozo
|-status|p2a: Dondozo|slp|[from] move: Spore
|
|upkeep
|turn|7
|
|t:|1678237584
|switch|p1a: Azumarill|Azumarill, F|100/100
|switch|p2a: Talonflame|Talonflame, M|100/100
|
|upkeep
|turn|8
|
|t:|1678237597
|switch|p2a: Toxapex|Toxapex, M|100/100
|move|p1a: Azumarill|Trick|p2a: Toxapex
|-activate|p1a: Azumarill|move: Trick|[of] p2a: Toxapex
|-item|p2a: Toxapex|Choice Specs|[from] move: Trick
|-item|p1a: Azumarill|Heavy-Duty Boots|[from] move: Trick
|
|upkeep
|turn|9
|inactive|KKirby has 120 seconds left.
|
|t:|1678237631
|move|p1a: Azumarill|Hyper Voice|p2a: Toxapex
|-damage|p2a: Toxapex|63/100
|move|p2a: Toxapex|Toxic|p1a: Azumarill
|-status|p1a: Azumarill|tox
|
|-damage|p1a: Azumarill|95/100 tox|[from] psn
|upkeep
|turn|10
|
|t:|1678237639
|switch|p2a: Blissey|Blissey, F|100/100
|move|p1a: Azumarill|Hyper Voice|p2a: Blissey
|-damage|p2a: Blissey|88/100
|
|-damage|p1a: Azumarill|83/100 tox|[from] psn
|upkeep
|turn|11
|
|t:|1678237649
|switch|p1a: Breloom|Breloom, F|100/100
|switch|p2a: Toxapex|Toxapex, M|96/100
|-damage|p2a: Toxapex|83/100|[from] Stealth Rock
|
|upkeep
|turn|12
|
|t:|1678237660
|switch|p1a: Azumarill|Azumarill, F|83/100 tox
|move|p2a: Toxapex|Toxic|p1a: Azumarill
|-fail|p1a: Azumarill|tox
|
|-damage|p1a: Azumarill|77/100 tox|[from] psn
|upkeep
|turn|13
|
|t:|1678237666
|switch|p1a: Breloom|Breloom, F|100/100
|switch|p2a: Clodsire|Clodsire, F|100/100
|
|upkeep
|turn|14
|c| tapu moxo|zoroark does 0 sadly
|c|☆KKirby|yes it has 0 role besides tricking specs
|inactive|KKirby has 120 seconds left.
|
|t:|1678237702
|switch|p2a: Talonflame|Talonflame, M|100/100
|move|p1a: Breloom|Bullet Seed|p2a: Talonflame
|-resisted|p2a: Talonflame
|-damage|p2a: Talonflame|95/100
|-resisted|p2a: Talonflame
|-damage|p2a: Talonflame|90/100
|-resisted|p2a: Talonflame
|-damage|p2a: Talonflame|84/100
|-resisted|p2a: Talonflame
|-damage|p2a: Talonflame|79/100
|-resisted|p2a: Talonflame
|-damage|p2a: Talonflame|74/100
|-hitcount|p2a: Talonflame|5
|
|upkeep
|turn|15
|c| tapu moxo|:(
|c|☆KKirby|it was a good role
|c|☆KKirby|that is a useful thing for it to do
|
|t:|1678237723
|switch|p1a: Azumarill|Azumarill, F|77/100 tox
|move|p2a: Talonflame|Will-O-Wisp||[still]
|-fail|p2a: Talonflame
|
|-damage|p1a: Azumarill|71/100 tox|[from] psn
|upkeep
|turn|16
|
|t:|1678237732
|switch|p2a: Toxapex|Toxapex, M|100/100
|-damage|p2a: Toxapex|88/100|[from] Stealth Rock
|move|p1a: Azumarill|Hyper Voice|p2a: Toxapex
|-damage|p2a: Toxapex|50/100
|
|-damage|p1a: Azumarill|59/100 tox|[from] psn
|upkeep
|turn|17
|
|t:|1678237735
|switch|p2a: Blissey|Blissey, F|88/100
|move|p1a: Azumarill|Hyper Voice|p2a: Blissey
|-damage|p2a: Blissey|75/100
|
|-damage|p1a: Azumarill|41/100 tox|[from] psn
|upkeep
|turn|18
|inactive|KKirby has 120 seconds left.
|
|t:|1678237745
|move|p1a: Azumarill|Hyper Voice|p2a: Blissey
|-damage|p2a: Blissey|62/100
|move|p2a: Blissey|Stealth Rock|p1a: Azumarill
|-sidestart|p1: KKirby|move: Stealth Rock
|
|-damage|p1a: Azumarill|17/100 tox|[from] psn
|upkeep
|turn|19
|j| oufrazzled
|
|t:|1678237751
|move|p1a: Azumarill|Hyper Voice|p2a: Blissey
|-damage|p2a: Blissey|49/100
|move|p2a: Blissey|Soft-Boiled|p2a: Blissey
|-heal|p2a: Blissey|99/100
|
|-damage|p1a: Azumarill|0 fnt|[from] psn
|faint|p1a: Azumarill
|upkeep
|l| oufrazzled
|
|t:|1678237765
|switch|p1a: Azumarill|Azumarill, F|100/100
|-damage|p1a: Azumarill|88/100|[from] Stealth Rock
|turn|20
|
|t:|1678237774
|switch|p2a: Toxapex|Toxapex, M|83/100
|-damage|p2a: Toxapex|70/100|[from] Stealth Rock
|move|p1a: Azumarill|Belly Drum|p1a: Azumarill
|-damage|p1a: Azumarill|38/100
|-setboost|p1a: Azumarill|atk|6|[from] move: Belly Drum
|-enditem|p1a: Azumarill|Sitrus Berry|[eat]
|-heal|p1a: Azumarill|63/100|[from] item: Sitrus Berry
|
|upkeep
|turn|21
|
|t:|1678237787
|switch|p2a: Dondozo|Dondozo, F|100/100 slp
|move|p1a: Azumarill|Play Rough|p2a: Dondozo
|-damage|p2a: Dondozo|77/100 slp
|
|upkeep
|turn|22
|inactive|blimaxdoesntpostLs has 120 seconds left.
|
|t:|1678237821
|move|p1a: Azumarill|Play Rough|p2a: Dondozo
|-damage|p2a: Dondozo|51/100 slp
|cant|p2a: Dondozo|slp
|
|upkeep
|turn|23
|j| phonk walk
|inactive|blimaxdoesntpostLs has 120 seconds left.
|
|t:|1678237833
|switch|p2a: Blissey|Blissey, F|99/100
|move|p1a: Azumarill|Play Rough|p2a: Blissey
|-damage|p2a: Blissey|0 fnt
|faint|p2a: Blissey
|
|upkeep
|
|t:|1678237835
|switch|p2a: Clodsire|Clodsire, F|100/100
|turn|24
|inactive|blimaxdoesntpostLs has 120 seconds left.
|j| BWTY
|c|☆KKirby|this interaction is a lot cooler in walking wake meta bc now i have to gues whether ur water absorb or unaware
|inactive|KKirby has 120 seconds left.
|c|☆KKirby|ive exclusively seen water absorb in the past week but i feel like unaware fits this team more
|c|☆KKirby|so im not super sure
|
|t:|1678237893
|-terastallize|p2a: Clodsire|Psychic
|move|p1a: Azumarill|Play Rough|p2a: Clodsire
|-damage|p2a: Clodsire|42/100
|move|p2a: Clodsire|Toxic|p1a: Azumarill
|-status|p1a: Azumarill|tox
|
|-damage|p1a: Azumarill|57/100 tox|[from] psn
|upkeep
|turn|25
|c|☆KKirby|it is unaware
|c|☆KKirby|neat
|inactive|KKirby has 90 seconds left.
|c| tapu moxo|pex and mola tanks walking
|inactive|blimaxdoesntpostLs has 90 seconds left.
|
|t:|1678237915
|move|p1a: Azumarill|Play Rough|p2a: Clodsire|[miss]
|-miss|p1a: Azumarill|p2a: Clodsire
|move|p2a: Clodsire|Recover|p2a: Clodsire
|-heal|p2a: Clodsire|92/100
|
|-damage|p1a: Azumarill|45/100 tox|[from] psn
|upkeep
|turn|26
|c|☆blimaxdoesntpostLs|mb
|c|☆blimaxdoesntpostLs|that sucked
|c|☆KKirby|that was less neat
|c|☆KKirby|its ok
|inactive|KKirby has 90 seconds left.
|
|t:|1678237931
|move|p1a: Azumarill|Play Rough|p2a: Clodsire
|-damage|p2a: Clodsire|33/100
|move|p2a: Clodsire|Recover|p2a: Clodsire
|-heal|p2a: Clodsire|83/100
|
|-damage|p1a: Azumarill|26/100 tox|[from] psn
|upkeep
|turn|27
|
|t:|1678237934
|move|p1a: Azumarill|Play Rough|p2a: Clodsire
|-damage|p2a: Clodsire|18/100
|move|p2a: Clodsire|Recover|p2a: Clodsire
|-heal|p2a: Clodsire|68/100
|
|-damage|p1a: Azumarill|1/100 tox|[from] psn
|upkeep
|turn|28
|
|t:|1678237938
|move|p1a: Azumarill|Play Rough|p2a: Clodsire
|-damage|p2a: Clodsire|7/100
|-unboost|p2a: Clodsire|atk|1
|move|p2a: Clodsire|Recover|p2a: Clodsire
|-heal|p2a: Clodsire|57/100
|
|-damage|p1a: Azumarill|0 fnt|[from] psn
|faint|p1a: Azumarill
|upkeep
|
|t:|1678237953
|switch|p1a: Roaring Moon|Roaring Moon|100/100
|-damage|p1a: Roaring Moon|88/100|[from] Stealth Rock
|-enditem|p1a: Roaring Moon|Booster Energy
|-activate|p1a: Roaring Moon|ability: Protosynthesis|[fromitem]
|-start|p1a: Roaring Moon|protosynthesisatk
|turn|29
|
|t:|1678237958
|move|p1a: Roaring Moon|Crunch|p2a: Clodsire
|-supereffective|p2a: Clodsire
|-damage|p2a: Clodsire|0 fnt
|faint|p2a: Clodsire
|
|upkeep
|
|t:|1678237965
|switch|p2a: Toxapex|Toxapex, M|100/100
|-damage|p2a: Toxapex|88/100|[from] Stealth Rock
|turn|30
|c|☆KKirby|i should have pressed liquidation
|c|☆KKirby|anyways
|
|t:|1678237981
|move|p1a: Roaring Moon|Dragon Dance|p1a: Roaring Moon
|-boost|p1a: Roaring Moon|atk|1
|-boost|p1a: Roaring Moon|spe|1
|move|p2a: Toxapex|Toxic|p1a: Roaring Moon
|-status|p1a: Roaring Moon|tox
|
|-damage|p1a: Roaring Moon|82/100 tox|[from] psn
|upkeep
|turn|31
|
|t:|1678237985
|switch|p2a: Talonflame|Talonflame, M|74/100
|move|p1a: Roaring Moon|Earthquake|p2a: Talonflame
|-immune|p2a: Talonflame
|
|-damage|p1a: Roaring Moon|70/100 tox|[from] psn
|upkeep
|turn|32
|
|t:|1678237988
|switch|p2a: Toxapex|Toxapex, M|100/100
|-damage|p2a: Toxapex|88/100|[from] Stealth Rock
|move|p1a: Roaring Moon|Crunch|p2a: Toxapex
|-damage|p2a: Toxapex|33/100
|
|-damage|p1a: Roaring Moon|52/100 tox|[from] psn
|upkeep
|turn|33
|
|t:|1678237997
|switch|p2a: Talonflame|Talonflame, M|74/100
|move|p1a: Roaring Moon|Crunch|p2a: Talonflame
|-damage|p2a: Talonflame|0 fnt
|faint|p2a: Talonflame
|
|-damage|p1a: Roaring Moon|28/100 tox|[from] psn
|upkeep
|
|t:|1678237999
|switch|p2a: Alomomola|Alomomola, M|75/100
|-damage|p2a: Alomomola|62/100|[from] Stealth Rock
|turn|34
|
|t:|1678238009
|move|p2a: Alomomola|Protect|p2a: Alomomola
|-singleturn|p2a: Alomomola|Protect
|move|p1a: Roaring Moon|Crunch|p2a: Alomomola
|-activate|p2a: Alomomola|move: Protect
|
|-damage|p1a: Roaring Moon|0 fnt|[from] psn
|faint|p1a: Roaring Moon
|-end|p1a: Roaring Moon|Protosynthesis|[silent]
|upkeep
|
|t:|1678238016
|switch|p1a: Breloom|Breloom, F|100/100
|-damage|p1a: Breloom|94/100|[from] Stealth Rock
|turn|35
|
|t:|1678238023
|move|p1a: Breloom|Bullet Seed|p2a: Alomomola
|-supereffective|p2a: Alomomola
|-damage|p2a: Alomomola|37/100
|-supereffective|p2a: Alomomola
|-damage|p2a: Alomomola|15/100
|-hitcount|p2a: Alomomola|2
|move|p2a: Alomomola|Wish|p2a: Alomomola
|
|upkeep
|turn|36
|
|t:|1678238030
|switch|p2a: Toxapex|Toxapex, M|67/100
|-damage|p2a: Toxapex|54/100|[from] Stealth Rock
|move|p1a: Breloom|Swords Dance|p1a: Breloom
|-boost|p1a: Breloom|atk|2
|
|-heal|p2a: Toxapex|100/100|[from] move: Wish|[wisher] Alomomola
|upkeep
|turn|37
|
|t:|1678238033
|move|p1a: Breloom|Bullet Seed|p2a: Toxapex
|-damage|p2a: Toxapex|74/100
|-damage|p2a: Toxapex|50/100
|-damage|p2a: Toxapex|23/100
|-damage|p2a: Toxapex|0 fnt
|faint|p2a: Toxapex
|-hitcount|p2: Toxapex|4
|
|upkeep
|c|☆blimaxdoesntpostLs|gg
|c|☆KKirby|gg
|-message|blimaxdoesntpostLs forfeited.
|
|win|KKirby
|raw|KKirby's rating: 1968 → 1991(+23 for winning)
|raw|blimaxdoesntpostLs's rating: 2026 → 2003(-23 for losing)
|c| tapu moxo|lol
|l|☆KKirby
||Ladder isn't responding, score probably updated but might not have (Request timeout).
|j|☆KKirby
|player|p1|KKirby|266
